市场代码,合约代码,时间,最新,持仓,增仓,成交额,成交量,开仓,平仓,成交类型,方向,买一价,买二价,买三价,买四价,买五价,卖一价,卖二价,卖三价,卖四价,卖五价,买一量,买二量,买三量,买四量,买五量,卖一量,卖二量,卖三量,卖四量,卖五量
SF,IF2006,2019-11-21 09:29:00.100,3887.0000,3484,0,0.000,0.000,-,-,-,-,3870.2000,3870.0000,3866.6000,3864.4000,3860.6000,3875.6000,3876.2000,3878.2000,3878.6000,3879.2000,1,3,1,1,1,1,1,1,1,1
SF,IF2006,2019-11-21 09:30:00.100,3887.0000,3484,0,0.000,0,-,-,-,-,3870.2000,3870.0000,3867.2000,3866.6000,3860.6000,3875.6000,3876.2000,3883.4000,3885.0000,3886.0000,1,3,1,1,1,1,1,3,1,1
SF,IF2006,2019-11-21 09:30:00.600,3887.0000,3484,0,0.000,0,-,-,-,-,3870.2000,3870.0000,3867.2000,3858.8000,3855.4000,3872.2000,3874.2000,3874.4000,3874.6000,3875.4000,1,3,1,2,2,1,3,1,1,2
SF,IF2006,2019-11-21 09:30:01.100,3872.2000,3483,-1,1161660.000,1,0,1,双平,S,3870.4000,3870.2000,3870.0000,3867.2000,3858.8000,3875.6000,3875.8000,3885.0000,3887.0000,3893.8000,1,1,3,1,2,2,2,1,2,1
SF,IF2006,2019-11-21 09:30:01.600,3870.2000,3484,1,2322720.000,1,1,0,双开,S,3870.0000,3867.2000,3864.0000,3858.8000,3855.4000,3874.4000,3875.6000,3875.8000,3876.6000,3885.0000,3,1,5,2,2,4,2,2,5,1
SF,IF2006,2019-11-21 09:30:02.100,3870.2000,3483,-1,3483780.000,1,0,1,双平,S,3870.0000,3867.2000,3864.0000,3858.8000,3855.4000,3874.4000,3875.6000,3875.8000,3876.6000,3887.0000,3,1,5,2,2,4,2,2,5,2
SF,IF2006,2019-11-21 09:30:02.600,3870.2000,3483,0,3483780.000,0,-,-,-,-,3872.2000,3870.0000,3867.2000,3864.0000,3858.8000,3874.4000,3875.6000,3875.8000,3876.6000,3887.0000,1,3,1,5,2,4,2,2,5,2
SF,IF2006,2019-11-21 09:30:03.100,3870.2000,3483,0,4644840.000,1,0,1,多换,S,3870.2000,3870.0000,3867.2000,3864.0000,3858.8000,3874.4000,3875.6000,3875.8000,3876.6000,3887.0000,1,3,1,5,2,4,2,2,5,2
SF,IF2006,2019-11-21 09:30:03.600,3870.2000,3483,0,4644840.000,0,-,-,-,-,3870.4000,3870.2000,3870.0000,3867.2000,3864.0000,3872.2000,3874.2000,3874.4000,3875.6000,3875.8000,1,1,3,1,5,1,2,1,2,2
SF,IF2006,2019-11-21 09:30:04.100,3870.2000,3483,0,4644840.000,0,-,-,-,-,3870.4000,3870.2000,3870.0000,3867.2000,3864.0000,3872.2000,3874.4000,3875.6000,3875.8000,3876.6000,1,1,3,1,5,1,1,2,2,5
SF,IF2006,2019-11-21 09:30:04.600,3872.2000,3483,0,5806500.000,1,0,1,多换,S,3870.6000,3870.4000,3870.2000,3870.0000,3867.2000,3874.4000,3875.8000,3876.6000,3887.0000,3893.8000,1,1,1,3,1,1,2,5,2,1
SF,IF2006,2019-11-21 09:30:05.100,3872.2000,3483,0,5806500.000,0,-,-,-,-,3870.8000,3870.6000,3870.2000,3870.0000,3867.2000,3874.2000,3875.8000,3876.6000,3887.0000,3893.8000,1,1,1,3,1,1,2,5,2,1
SF,IF2006,2019-11-21 09:30:05.600,3872.2000,3483,0,5806500.000,0,-,-,-,-,3871.0000,3870.6000,3870.2000,3870.0000,3867.2000,3874.2000,3875.8000,3876.6000,3886.4000,3887.0000,3,1,1,3,1,1,2,5,3,2
SF,IF2006,2019-11-21 09:30:06.100,3872.2000,3483,0,5806500.000,0,-,-,-,-,3871.0000,3870.6000,3870.2000,3870.0000,3867.2000,3874.2000,3876.6000,3886.4000,3887.0000,3893.8000,3,1,1,3,1,1,5,3,2,1
SF,IF2006,2019-11-21 09:30:06.600,3872.2000,3483,0,5806500.000,0,-,-,-,-,3871.2000,3871.0000,3870.6000,3870.2000,3870.0000,3874.2000,3876.6000,3886.4000,3887.0000,3893.8000,1,3,1,1,3,1,5,3,2,1
SF,IF2006,2019-11-21 09:30:07.100,3872.2000,3483,0,5806500.000,0,-,-,-,-,3871.4000,3871.2000,3871.0000,3870.6000,3870.2000,3874.2000,3876.6000,3886.4000,3893.8000,3909.0000,2,1,3,1,1,1,5,3,1,3
SF,IF2006,2019-11-21 09:30:07.600,3872.2000,3483,0,5806500.000,0,-,-,-,-,3871.0000,3870.6000,3870.2000,3870.0000,3867.2000,3874.2000,3876.6000,3886.4000,3893.8000,3909.0000,3,1,1,3,1,1,5,3,1,3
SF,IF2006,2019-11-21 09:30:08.100,3872.2000,3483,0,5806500.000,0,-,-,-,-,3870.2000,3870.0000,3867.2000,3864.0000,3860.0000,3874.2000,3876.6000,3886.4000,3893.8000,3909.0000,1,3,1,5,1,1,5,3,1,3
SF,IF2006,2019-11-21 09:30:08.600,3872.2000,3483,0,5806500.000,0,-,-,-,-,3870.4000,3870.2000,3870.0000,3867.2000,3864.0000,3874.2000,3876.6000,3886.4000,3893.8000,3909.0000,4,1,3,1,5,1,5,3,1,3
SF,IF2006,2019-11-21 09:30:09.100,3872.2000,3483,0,5806500.000,0,-,-,-,-,3870.4000,3870.2000,3870.0000,3867.2000,3864.0000,3874.2000,3876.6000,3886.4000,3893.8000,3909.0000,1,1,3,1,5,1,5,3,1,3
SF,IF2006,2019-11-21 09:30:11.100,3872.2000,3483,0,5806500.000,0,-,-,-,-,3870.6000,3870.4000,3870.2000,3870.0000,3867.2000,3874.2000,3876.6000,3886.4000,3893.8000,3909.0000,2,1,1,3,1,1,5,3,1,3
SF,IF2006,2019-11-21 09:30:11.600,3872.2000,3483,0,5806500.000,0,-,-,-,-,3870.2000,3870.0000,3867.2000,3864.0000,3860.0000,3874.2000,3876.6000,3886.4000,3893.8000,3909.0000,1,3,1,5,1,1,5,3,1,3
SF,IF2006,2019-11-21 09:30:12.100,3872.2000,3483,0,5806500.000,0,-,-,-,-,3870.0000,3867.2000,3864.0000,3860.0000,3858.0000,3874.2000,3876.6000,3886.4000,3893.8000,3909.0000,3,1,5,1,1,1,5,3,1,3
SF,IF2006,2019-11-21 09:30:12.600,3872.2000,3483,0,5806500.000,0,-,-,-,-,3870.0000,3867.2000,3864.0000,3860.0000,3858.0000,3873.8000,3874.2000,3876.6000,3886.4000,3893.8000,3,1,5,1,1,1,1,5,3,1
SF,IF2006,2019-11-21 09:30:13.100,3872.2000,3483,0,5806500.000,0,-,-,-,-,3870.2000,3870.0000,3867.2000,3864.0000,3860.0000,3873.6000,3876.6000,3886.4000,3893.8000,3909.0000,4,3,1,5,1,1,5,3,1,3
SF,IF2006,2019-11-21 09:30:13.600,3872.2000,3483,0,5806500.000,0,-,-,-,-,3870.0000,3867.2000,3864.0000,3860.0000,3858.0000,3873.6000,3876.6000,3886.4000,3893.8000,3909.0000,3,1,5,1,1,1,5,3,1,3
SF,IF2006,2019-11-21 09:30:14.100,3872.2000,3483,0,5806500.000,0,-,-,-,-,3870.0000,3867.2000,3864.0000,3860.0000,3858.0000,3873.4000,3873.6000,3876.6000,3886.4000,3893.8000,3,1,5,1,1,1,1,5,3,1
SF,IF2006,2019-11-21 09:30:14.600,3872.2000,3483,0,5806500.000,0,-,-,-,-,3870.0000,3867.2000,3864.0000,3860.0000,3858.0000,3873.2000,3876.6000,3886.4000,3893.8000,3909.0000,3,1,5,1,1,2,5,3,1,3
SF,IF2006,2019-11-21 09:30:16.100,3872.2000,3483,0,5806500.000,0,-,-,-,-,3870.0000,3867.2000,3864.0000,3860.0000,3858.0000,3872.2000,3873.2000,3876.6000,3886.4000,3893.8000,3,1,5,1,1,1,2,5,3,1
SF,IF2006,2019-11-21 09:30:16.600,3872.2000,3483,0,5806500.000,0,-,-,-,-,3870.0000,3867.2000,3864.0000,3860.0000,3858.0000,3872.0000,3872.2000,3876.6000,3886.4000,3893.8000,3,1,5,1,1,1,1,5,3,1
SF,IF2006,2019-11-21 09:30:17.100,3870.0000,3483,0,9289500.000,3,1,2,多换,S,3867.2000,3864.0000,3860.0000,3858.0000,3853.0000,3869.8000,3872.0000,3872.2000,3876.6000,3886.4000,1,5,1,1,3,1,1,1,5,3
SF,IF2006,2019-11-21 09:30:17.600,3870.0000,3482,-1,10450500.000,1,0,1,双平,S,3867.4000,3867.2000,3864.0000,3860.0000,3858.0000,3876.6000,3886.4000,3893.8000,3909.0000,3913.6000,6,1,5,1,1,5,3,1,3,1
SF,IF2006,2019-11-21 09:30:18.100,3870.0000,3482,0,10450500.000,0,-,-,-,-,3867.4000,3867.2000,3864.0000,3860.0000,3858.0000,3872.8000,3873.6000,3874.4000,3876.0000,3876.4000,6,1,5,1,1,1,3,1,3,2
SF,IF2006,2019-11-21 09:30:18.600,3870.0000,3482,0,10450500.000,0,-,-,-,-,3867.4000,3867.2000,3864.0000,3860.0000,3858.0000,3870.0000,3872.2000,3872.6000,3872.8000,3874.4000,6,1,5,1,1,1,1,2,1,1
SF,IF2006,2019-11-21 09:30:19.100,3870.0000,3482,0,11611500.000,1,0,1,多换,S,3867.4000,3867.2000,3860.0000,3859.8000,3858.0000,3872.2000,3872.8000,3874.4000,3876.4000,3876.6000,6,1,1,5,1,1,1,1,1,9
SF,IF2006,2019-11-21 09:30:19.600,3870.0000,3482,0,11611500.000,0,-,-,-,-,3867.8000,3867.4000,3867.2000,3860.0000,3859.8000,3872.0000,3872.8000,3874.4000,3876.4000,3876.6000,2,6,1,1,5,1,1,1,1,9
SF,IF2006,2019-11-21 09:30:20.100,3870.0000,3482,0,11611500.000,0,-,-,-,-,3868.0000,3867.8000,3867.4000,3867.2000,3860.0000,3872.0000,3874.4000,3876.4000,3876.6000,3886.4000,6,2,4,1,1,1,1,1,9,3
SF,IF2006,2019-11-21 09:30:22.600,3872.0000,3482,0,12773100.000,1,0,1,多换,S,3872.0000,3868.0000,3867.8000,3867.4000,3867.2000,3874.4000,3876.4000,3876.6000,3886.4000,3893.8000,1,6,2,4,1,2,1,9,3,1
SF,IF2006,2019-11-21 09:30:23.100,3872.0000,3482,0,13934700.000,1,0,1,多换,S,3868.0000,3867.8000,3867.4000,3867.2000,3860.0000,3872.0000,3873.6000,3874.2000,3874.4000,3876.4000,4,2,4,1,1,1,1,1,2,1
SF,IF2006,2019-11-21 09:30:23.600,3872.0000,3482,0,13934700.000,0,-,-,-,-,3868.4000,3868.0000,3867.8000,3867.4000,3867.2000,3873.6000,3874.4000,3876.4000,3876.6000,3886.4000,3,4,2,4,1,1,1,1,9,3
SF,IF2006,2019-11-21 09:30:24.100,3872.0000,3482,0,13934700.000,0,-,-,-,-,3868.6000,3868.4000,3868.0000,3867.8000,3867.4000,3873.4000,3873.6000,3874.4000,3876.4000,3876.6000,1,3,4,2,4,1,1,1,1,9
SF,IF2006,2019-11-21 09:30:24.600,3872.0000,3482,0,13934700.000,0,-,-,-,-,3868.8000,3868.6000,3868.0000,3867.4000,3867.2000,3873.4000,3873.6000,3874.4000,3876.4000,3876.6000,3,1,4,4,1,1,1,1,1,9
SF,IF2006,2019-11-21 09:30:25.100,3872.0000,3482,0,13934700.000,0,-,-,-,-,3869.0000,3868.8000,3868.6000,3868.0000,3867.4000,3872.8000,3873.2000,3873.4000,3873.6000,3874.4000,2,3,1,4,4,1,1,1,1,1
SF,IF2006,2019-11-21 09:30:25.600,3872.0000,3482,0,13934700.000,0,-,-,-,-,3869.2000,3869.0000,3868.8000,3868.6000,3868.0000,3872.8000,3873.2000,3873.6000,3874.4000,3876.4000,2,2,1,1,4,1,2,1,1,1
SF,IF2006,2019-11-21 09:30:26.100,3872.0000,3482,0,13934700.000,0,-,-,-,-,3869.2000,3869.0000,3868.8000,3868.6000,3868.0000,3872.4000,3872.8000,3873.2000,3874.4000,3876.4000,2,2,1,1,4,2,1,1,1,1
SF,IF2006,2019-11-21 09:30:26.600,3872.0000,3482,0,13934700.000,0,-,-,-,-,3869.2000,3869.0000,3868.8000,3868.6000,3868.0000,3872.4000,3872.8000,3874.4000,3876.4000,3876.6000,2,2,1,1,4,2,1,1,1,9
SF,IF2006,2019-11-21 09:30:27.100,3872.0000,3482,0,13934700.000,0,-,-,-,-,3869.4000,3869.2000,3869.0000,3868.8000,3868.6000,3872.2000,3872.4000,3872.8000,3874.4000,3876.4000,1,2,2,1,1,1,2,1,1,1
SF,IF2006,2019-11-21 09:30:27.600,3869.6000,3482,0,15095580.000,1,0,1,多换,S,3869.0000,3868.8000,3868.6000,3868.0000,3867.4000,3872.2000,3872.4000,3873.0000,3874.4000,3876.4000,2,1,2,4,4,1,2,1,1,1
SF,IF2006,2019-11-21 09:30:28.100,3869.6000,3482,0,15095580.000,0,-,-,-,-,3869.2000,3869.0000,3868.8000,3868.6000,3868.0000,3872.0000,3872.2000,3872.4000,3874.4000,3876.4000,3,2,1,1,4,1,1,1,1,1
SF,IF2006,2019-11-21 09:30:28.600,3869.6000,3482,0,15095580.000,0,-,-,-,-,3869.2000,3869.0000,3868.8000,3868.6000,3868.0000,3872.0000,3872.2000,3874.4000,3876.4000,3876.6000,1,2,1,1,4,1,1,1,1,9
SF,IF2006,2019-11-21 09:30:29.100,3869.6000,3482,0,15095580.000,0,-,-,-,-,3869.6000,3869.4000,3869.2000,3869.0000,3868.6000,3871.8000,3872.4000,3874.4000,3876.4000,3876.6000,1,2,1,2,1,1,1,1,1,9
SF,IF2006,2019-11-21 09:30:29.600,3869.6000,3482,0,15095580.000,0,-,-,-,-,3869.8000,3869.6000,3869.4000,3869.0000,3868.6000,3871.8000,3872.4000,3874.4000,3876.4000,3876.6000,1,1,2,2,1,1,1,1,1,9
SF,IF2006,2019-11-21 09:30:30.100,3869.6000,3482,0,15095580.000,0,-,-,-,-,3869.8000,3869.6000,3869.4000,3869.0000,3868.6000,3872.4000,3874.4000,3876.4000,3876.6000,3893.8000,1,1,2,2,1,1,1,1,9,1
SF,IF2006,2019-11-21 09:30:30.600,3869.6000,3482,0,15095580.000,0,-,-,-,-,3869.8000,3869.6000,3869.4000,3869.0000,3868.6000,3872.4000,3874.4000,3876.4000,3876.6000,3893.8000,1,2,2,2,1,1,1,1,9,1
SF,IF2006,2019-11-21 09:30:31.100,3869.6000,3482,0,15095580.000,0,-,-,-,-,3870.0000,3869.8000,3869.6000,3869.0000,3868.6000,3872.2000,3872.4000,3874.4000,3876.4000,3876.6000,1,1,2,2,1,1,1,1,1,9
SF,IF2006,2019-11-21 09:30:31.600,3869.6000,3482,0,15095580.000,0,-,-,-,-,3870.0000,3869.6000,3869.0000,3868.6000,3868.0000,3872.2000,3872.4000,3874.4000,3876.4000,3876.6000,1,1,2,1,4,1,1,1,1,9
SF,IF2006,2019-11-21 09:30:32.100,3869.6000,3480,-2,18578220.000,3,0,3,多平,S,3869.0000,3868.6000,3868.0000,3867.4000,3867.2000,3872.4000,3872.6000,3874.4000,3876.4000,3876.6000,3,1,4,6,1,1,1,1,1,9
SF,IF2006,2019-11-21 09:30:32.600,3869.6000,3480,0,18578220.000,0,-,-,-,-,3869.2000,3869.0000,3868.6000,3868.0000,3867.4000,3869.8000,3872.2000,3872.4000,3874.4000,3876.4000,3,3,1,4,6,1,1,1,1,1
SF,IF2006,2019-11-21 09:30:33.100,3869.8000,3480,0,19739160.000,1,0,1,多换,S,3869.8000,3869.4000,3869.2000,3869.0000,3868.6000,3876.4000,3876.6000,3893.8000,3913.6000,3964.0000,2,4,3,2,1,1,9,1,1,1
SF,IF2006,2019-11-21 09:30:33.600,3869.8000,3480,0,19739160.000,0,-,-,-,-,3870.0000,3869.8000,3869.6000,3869.4000,3869.2000,3874.0000,3876.0000,3876.2000,3876.4000,3876.6000,2,2,1,3,3,4,1,1,1,9
SF,IF2006,2019-11-21 09:30:34.100,3869.8000,3480,0,19739160.000,0,-,-,-,-,3870.0000,3869.8000,3869.6000,3869.4000,3869.2000,3873.8000,3874.0000,3876.0000,3876.4000,3876.6000,2,2,1,3,3,1,3,1,1,9
SF,IF2006,2019-11-21 09:30:34.600,3869.8000,3480,0,19739160.000,0,-,-,-,-,3870.2000,3870.0000,3869.8000,3869.6000,3869.4000,3873.4000,3873.6000,3873.8000,3876.0000,3876.4000,1,1,2,1,3,1,4,1,1,1
SF,IF2006,2019-11-21 09:30:35.100,3869.8000,3480,0,19739160.000,0,-,-,-,-,3870.2000,3869.8000,3869.6000,3869.4000,3869.2000,3873.2000,3873.4000,3873.6000,3873.8000,3876.0000,2,2,1,3,3,2,2,1,1,1
SF,IF2006,2019-11-21 09:30:35.600,3869.8000,3480,0,19739160.000,0,-,-,-,-,3870.4000,3870.2000,3869.8000,3869.6000,3869.4000,3873.2000,3873.4000,3873.6000,3873.8000,3876.0000,1,1,2,1,3,2,2,1,1,1
SF,IF2006,2019-11-21 09:30:36.100,3869.8000,3480,0,19739160.000,0,-,-,-,-,3870.4000,3870.2000,3869.8000,3869.6000,3869.4000,3873.0000,3873.2000,3873.4000,3873.6000,3873.8000,3,1,2,1,3,2,2,1,1,1
SF,IF2006,2019-11-21 09:30:36.600,3872.8000,3479,-1,20901000.000,1,0,1,双平,S,3870.6000,3870.4000,3869.8000,3869.6000,3869.4000,3873.0000,3873.8000,3874.2000,3876.0000,3876.4000,1,3,2,1,3,3,1,1,1,1
SF,IF2006,2019-11-21 09:30:37.100,3872.8000,3479,0,20901000.000,0,-,-,-,-,3870.8000,3870.6000,3870.4000,3869.8000,3869.6000,3873.0000,3873.8000,3876.0000,3876.4000,3876.6000,1,1,2,2,1,3,1,1,1,9
SF,IF2006,2019-11-21 09:30:37.600,3871.2000,3479,0,22062360.000,1,0,1,多换,S,3870.8000,3870.4000,3869.8000,3869.6000,3869.4000,3873.0000,3873.8000,3876.0000,3876.4000,3876.6000,1,2,2,1,3,1,1,1,1,9
SF,IF2006,2019-11-21 09:30:38.100,3871.2000,3479,0,22062360.000,0,-,-,-,-,3870.8000,3870.4000,3869.8000,3869.6000,3869.4000,3873.8000,3876.0000,3876.4000,3876.6000,3893.8000,1,2,2,1,3,1,1,1,9,1
SF,IF2006,2019-11-21 09:30:38.600,3871.2000,3479,0,22062360.000,0,-,-,-,-,3870.8000,3870.4000,3869.8000,3869.6000,3869.4000,3873.6000,3873.8000,3876.0000,3876.4000,3876.6000,1,2,2,1,3,1,1,1,1,9
SF,IF2006,2019-11-21 09:30:39.100,3871.2000,3479,0,22062360.000,0,-,-,-,-,3870.8000,3870.4000,3869.8000,3869.6000,3869.4000,3873.2000,3873.6000,3873.8000,3876.0000,3876.4000,1,2,2,1,3,1,1,1,1,1
SF,IF2006,2019-11-21 09:30:39.600,3871.2000,3479,0,22062360.000,0,-,-,-,-,3870.8000,3870.4000,3869.8000,3869.6000,3869.4000,3873.2000,3873.4000,3873.8000,3876.0000,3876.4000,1,2,2,1,3,1,3,1,1,1
SF,IF2006,2019-11-21 09:30:40.100,3870.8000,3479,0,23223600.000,1,0,1,多换,S,3870.4000,3869.8000,3869.6000,3869.4000,3869.2000,3873.2000,3873.4000,3876.0000,3876.4000,3876.6000,2,2,4,3,3,1,2,1,1,9
SF,IF2006,2019-11-21 09:30:40.600,3870.8000,3479,0,23223600.000,0,-,-,-,-,3870.6000,3870.4000,3869.8000,3869.6000,3869.4000,3873.0000,3873.2000,3873.4000,3876.0000,3876.4000,1,2,2,3,3,1,1,1,1,1
SF,IF2006,2019-11-21 09:30:41.600,3870.8000,3479,0,23223600.000,0,-,-,-,-,3870.8000,3870.6000,3870.4000,3869.8000,3869.6000,3873.0000,3873.2000,3873.4000,3876.0000,3876.4000,1,1,2,2,2,1,1,1,1,1
SF,IF2006,2019-11-21 09:30:42.100,3870.8000,3479,0,23223600.000,0,-,-,-,-,3870.8000,3870.4000,3869.8000,3869.6000,3869.4000,3873.0000,3873.2000,3873.4000,3876.0000,3876.4000,1,2,2,2,3,1,1,1,1,1
SF,IF2006,2019-11-21 09:30:43.600,3870.8000,3479,0,23223600.000,0,-,-,-,-,3870.8000,3870.4000,3869.8000,3869.6000,3869.4000,3873.0000,3873.2000,3876.0000,3876.4000,3876.6000,1,2,2,2,3,1,1,1,1,9
SF,IF2006,2019-11-21 09:30:44.600,3870.8000,3479,0,24384840.000,1,0,1,多换,S,3870.4000,3869.8000,3869.6000,3869.4000,3869.2000,3873.0000,3873.2000,3876.0000,3876.4000,3876.6000,2,2,2,3,3,1,1,1,1,9
SF,IF2006,2019-11-21 09:30:45.100,3870.8000,3479,0,24384840.000,0,-,-,-,-,3870.6000,3870.4000,3869.8000,3869.6000,3869.4000,3873.0000,3873.2000,3876.0000,3876.4000,3876.6000,1,2,2,2,3,1,1,1,1,9
SF,IF2006,2019-11-21 09:30:45.600,3870.8000,3479,0,24384840.000,0,-,-,-,-,3870.6000,3870.4000,3869.8000,3869.6000,3869.4000,3872.8000,3873.0000,3873.2000,3876.0000,3876.4000,1,2,2,2,3,2,1,1,1,1
SF,IF2006,2019-11-21 09:30:46.100,3870.8000,3479,0,24384840.000,0,-,-,-,-,3870.6000,3870.4000,3869.8000,3869.6000,3869.4000,3872.6000,3872.8000,3873.2000,3876.0000,3876.4000,1,2,2,2,3,1,2,1,1,1
SF,IF2006,2019-11-21 09:30:46.600,3870.8000,3479,0,24384840.000,0,-,-,-,-,3870.8000,3870.4000,3869.8000,3869.6000,3869.4000,3872.6000,3872.8000,3873.2000,3876.0000,3876.4000,1,2,2,2,3,1,2,1,1,1
SF,IF2006,2019-11-21 09:30:47.100,3870.8000,3479,0,24384840.000,0,-,-,-,-,3870.8000,3870.4000,3869.8000,3869.6000,3869.4000,3872.6000,3872.8000,3873.2000,3876.0000,3876.4000,2,2,2,3,3,1,2,1,1,1
SF,IF2006,2019-11-21 09:30:47.600,3870.8000,3479,0,24384840.000,0,-,-,-,-,3870.8000,3870.4000,3869.8000,3869.6000,3869.4000,3872.6000,3873.2000,3876.0000,3876.4000,3876.6000,2,2,2,3,3,1,1,1,1,9
SF,IF2006,2019-11-21 09:30:48.100,3870.8000,3479,0,24384840.000,0,-,-,-,-,3870.8000,3870.4000,3869.8000,3869.6000,3869.4000,3873.2000,3876.0000,3876.4000,3876.6000,3893.8000,2,2,2,3,3,1,1,1,9,1
SF,IF2006,2019-11-21 09:30:48.600,3870.8000,3479,0,24384840.000,0,-,-,-,-,3871.0000,3870.8000,3870.4000,3869.8000,3869.6000,3873.2000,3876.0000,3876.4000,3876.6000,3893.8000,4,1,2,2,1,1,1,1,9,1
SF,IF2006,2019-11-21 09:30:49.100,3870.8000,3479,0,24384840.000,0,-,-,-,-,3871.2000,3871.0000,3870.8000,3870.4000,3869.8000,3873.0000,3876.0000,3876.4000,3876.6000,3893.8000,1,4,1,2,2,1,1,1,9,1
SF,IF2006,2019-11-21 09:30:49.600,3870.8000,3479,0,24384840.000,0,-,-,-,-,3871.2000,3871.0000,3870.8000,3870.4000,3869.8000,3873.0000,3876.0000,3876.4000,3876.6000,3893.8000,1,3,1,2,2,1,1,1,9,1
SF,IF2006,2019-11-21 09:30:50.100,3870.8000,3479,0,24384840.000,0,-,-,-,-,3871.4000,3871.2000,3871.0000,3870.8000,3870.4000,3876.0000,3876.4000,3876.6000,3893.8000,3913.6000,1,1,3,1,2,1,1,9,1,1
SF,IF2006,2019-11-21 09:30:50.600,3870.8000,3479,0,24384840.000,0,-,-,-,-,3871.6000,3871.4000,3871.2000,3871.0000,3870.8000,3875.4000,3875.6000,3875.8000,3876.0000,3876.4000,3,1,1,3,1,3,1,1,1,1
SF,IF2006,2019-11-21 09:30:51.100,3870.8000,3479,0,24384840.000,0,-,-,-,-,3871.8000,3871.6000,3871.2000,3871.0000,3870.8000,3874.2000,3875.2000,3875.4000,3876.0000,3876.4000,1,3,1,2,1,1,1,3,1,1
SF,IF2006,2019-11-21 09:30:51.600,3870.8000,3479,0,24384840.000,0,-,-,-,-,3872.0000,3871.8000,3871.6000,3871.2000,3871.0000,3874.0000,3874.2000,3874.8000,3875.2000,3876.0000,2,1,3,1,1,1,1,2,1,1
SF,IF2006,2019-11-21 09:30:52.100,3870.8000,3479,0,24384840.000,0,-,-,-,-,3871.8000,3871.6000,3871.2000,3871.0000,3870.8000,3874.0000,3874.2000,3874.8000,3875.2000,3876.0000,1,3,1,1,1,1,1,1,1,1
SF,IF2006,2019-11-21 09:30:52.600,3870.8000,3479,0,24384840.000,0,-,-,-,-,3872.2000,3872.0000,3871.8000,3871.6000,3871.2000,3873.8000,3874.0000,3874.2000,3875.2000,3876.0000,3,3,1,3,1,1,1,1,1,1
SF,IF2006,2019-11-21 09:30:53.100,3870.8000,3479,0,24384840.000,0,-,-,-,-,3872.0000,3871.8000,3871.6000,3871.2000,3871.0000,3873.6000,3875.2000,3876.0000,3876.4000,3876.6000,3,1,3,1,1,1,1,1,1,9
SF,IF2006,2019-11-21 09:30:53.600,3870.8000,3479,0,24384840.000,0,-,-,-,-,3871.8000,3871.6000,3871.2000,3870.8000,3870.4000,3873.6000,3875.2000,3876.0000,3876.4000,3876.6000,1,3,1,2,2,1,1,1,1,9
SF,IF2006,2019-11-21 09:30:54.100,3870.8000,3479,0,24384840.000,0,-,-,-,-,3871.6000,3871.2000,3870.8000,3870.4000,3870.0000,3873.6000,3875.2000,3876.0000,3876.4000,3876.6000,3,1,2,2,2,1,1,1,1,9
SF,IF2006,2019-11-21 09:30:55.600,3870.8000,3479,0,24384840.000,0,-,-,-,-,3871.8000,3871.6000,3871.2000,3870.8000,3870.4000,3873.6000,3875.2000,3876.0000,3876.4000,3876.6000,1,3,1,2,2,1,1,1,1,9
SF,IF2006,2019-11-21 09:30:56.600,3870.8000,3479,0,24384840.000,0,-,-,-,-,3871.6000,3871.2000,3870.8000,3870.4000,3870.0000,3873.6000,3875.2000,3876.0000,3876.4000,3876.6000,3,1,2,2,2,1,1,1,1,9
SF,IF2006,2019-11-21 09:30:57.100,3870.8000,3479,0,24384840.000,0,-,-,-,-,3872.0000,3871.8000,3871.6000,3871.2000,3870.8000,3873.6000,3875.2000,3876.0000,3876.4000,3876.6000,2,2,3,1,2,1,1,1,1,9
SF,IF2006,2019-11-21 09:30:57.600,3870.8000,3479,0,24384840.000,0,-,-,-,-,3871.6000,3871.2000,3870.8000,3870.4000,3870.0000,3873.6000,3875.2000,3876.0000,3876.4000,3876.6000,3,1,2,2,3,1,1,1,1,9
SF,IF2006,2019-11-21 09:30:58.100,3870.8000,3479,0,24384840.000,0,-,-,-,-,3871.2000,3870.8000,3870.4000,3870.0000,3869.8000,3873.6000,3875.2000,3876.0000,3876.4000,3876.6000,1,2,2,3,2,1,1,1,1,9
SF,IF2006,2019-11-21 09:30:58.600,3870.8000,3479,0,24384840.000,0,-,-,-,-,3871.4000,3871.2000,3870.8000,3870.4000,3870.0000,3873.6000,3875.2000,3876.0000,3876.4000,3876.6000,1,1,2,2,3,1,1,1,1,9
SF,IF2006,2019-11-21 09:30:59.100,3870.8000,3479,0,24384840.000,0,-,-,-,-,3871.6000,3871.4000,3871.2000,3870.8000,3870.4000,3873.6000,3875.2000,3876.0000,3876.4000,3876.6000,1,2,1,2,2,1,1,1,1,9
SF,IF2006,2019-11-21 09:30:59.600,3870.8000,3479,0,24384840.000,0,-,-,-,-,3871.8000,3871.6000,3871.4000,3871.2000,3870.8000,3875.2000,3876.0000,3876.4000,3876.6000,3893.8000,3,1,2,1,2,1,1,1,9,1
SF,IF2006,2019-11-21 09:31:00.100,3870.8000,3479,0,24384840.000,0,-,-,-,-,3871.4000,3871.2000,3870.8000,3870.4000,3870.0000,3875.0000,3875.2000,3876.0000,3876.4000,3876.6000,1,1,2,2,1,2,1,1,1,9
SF,IF2006,2019-11-21 09:31:00.600,3870.8000,3479,0,24384840.000,0,-,-,-,-,3871.6000,3871.4000,3871.2000,3870.8000,3870.4000,3875.0000,3875.2000,3876.0000,3876.4000,3876.6000,1,1,1,2,2,2,1,1,1,9
SF,IF2006,2019-11-21 09:31:01.100,3870.8000,3479,0,24384840.000,0,-,-,-,-,3873.6000,3871.4000,3871.2000,3870.8000,3870.4000,3875.0000,3875.2000,3876.0000,3876.4000,3876.6000,1,1,1,2,2,2,1,1,1,9
SF,IF2006,2019-11-21 09:31:01.600,3873.6000,3479,0,25546920.000,1,0,1,多换,S,3870.8000,3870.4000,3870.0000,3869.8000,3869.6000,3874.6000,3874.8000,3875.0000,3875.2000,3876.0000,2,2,1,2,1,1,1,2,1,1
SF,IF2006,2019-11-21 09:31:02.100,3873.6000,3479,0,25546920.000,0,-,-,-,-,3871.0000,3870.8000,3870.4000,3870.0000,3869.8000,3874.4000,3874.6000,3874.8000,3875.2000,3876.0000,3,2,2,1,2,2,1,2,1,1
SF,IF2006,2019-11-21 09:31:02.600,3873.6000,3479,0,25546920.000,0,-,-,-,-,3871.0000,3870.8000,3870.4000,3870.0000,3869.8000,3874.2000,3874.4000,3874.8000,3875.2000,3876.0000,5,2,2,1,2,2,2,1,1,1
SF,IF2006,2019-11-21 09:31:03.100,3873.6000,3479,0,25546920.000,0,-,-,-,-,3871.0000,3870.8000,3870.4000,3870.0000,3869.8000,3874.0000,3874.2000,3874.8000,3875.2000,3876.0000,5,2,2,1,2,3,4,1,1,1
SF,IF2006,2019-11-21 09:31:03.600,3873.6000,3479,0,25546920.000,0,-,-,-,-,3871.0000,3870.8000,3870.4000,3870.0000,3869.8000,3873.6000,3874.0000,3874.2000,3874.8000,3875.2000,5,2,2,1,2,1,3,3,1,1
SF,IF2006,2019-11-21 09:31:04.100,3873.6000,3479,0,25546920.000,0,-,-,-,-,3871.2000,3871.0000,3870.8000,3870.4000,3870.0000,3873.4000,3873.6000,3873.8000,3874.0000,3874.8000,1,3,2,2,1,2,2,2,1,1
SF,IF2006,2019-11-21 09:31:04.600,3873.6000,3479,0,25546920.000,0,-,-,-,-,3871.2000,3870.8000,3870.4000,3870.0000,3869.8000,3873.4000,3873.6000,3873.8000,3874.0000,3874.8000,1,2,2,1,2,2,2,1,1,1
SF,IF2006,2019-11-21 09:31:05.100,3873.6000,3479,0,25546920.000,0,-,-,-,-,3870.8000,3870.4000,3870.0000,3869.8000,3869.6000,3873.4000,3873.6000,3874.0000,3874.8000,3875.2000,2,2,1,2,1,2,2,1,1,1
SF,IF2006,2019-11-21 09:31:05.600,3873.6000,3479,0,25546920.000,0,-,-,-,-,3871.0000,3870.8000,3870.4000,3870.0000,3869.8000,3873.2000,3873.6000,3874.8000,3875.2000,3876.0000,1,2,2,1,4,1,2,1,1,1
SF,IF2006,2019-11-21 09:31:06.100,3873.6000,3479,0,25546920.000,0,-,-,-,-,3870.8000,3870.4000,3870.0000,3869.8000,3869.6000,3873.2000,3873.6000,3874.8000,3875.2000,3876.0000,2,2,1,4,1,1,2,1,1,1
SF,IF2006,2019-11-21 09:31:06.600,3873.6000,3479,0,25546920.000,0,-,-,-,-,3871.0000,3870.8000,3870.4000,3870.0000,3869.8000,3873.2000,3873.6000,3874.8000,3875.2000,3876.0000,1,2,2,1,4,1,2,1,1,1
SF,IF2006,2019-11-21 09:31:07.100,3873.6000,3479,0,25546920.000,0,-,-,-,-,3871.0000,3870.8000,3870.4000,3870.0000,3869.8000,3873.2000,3873.6000,3874.8000,3875.2000,3876.0000,1,2,2,1,4,1,2,1,1,1
SF,IF2006,2019-11-21 09:31:07.600,3873.6000,3479,0,25546920.000,0,-,-,-,-,3870.8000,3870.4000,3870.0000,3869.8000,3869.6000,3873.2000,3873.6000,3874.8000,3875.2000,3876.0000,2,2,1,4,1,1,2,1,1,1
SF,IF2006,2019-11-21 09:31:08.100,3873.6000,3479,0,25546920.000,0,-,-,-,-,3871.0000,3870.8000,3870.4000,3870.0000,3869.8000,3873.2000,3873.6000,3874.8000,3875.2000,3876.0000,1,2,2,1,4,1,2,1,1,1
SF,IF2006,2019-11-21 09:31:08.600,3873.6000,3479,0,25546920.000,0,-,-,-,-,3871.8000,3870.4000,3870.0000,3869.8000,3869.6000,3873.2000,3873.6000,3874.8000,3875.2000,3876.0000,1,2,1,4,1,1,2,1,1,1
SF,IF2006,2019-11-21 09:31:09.100,3873.6000,3479,0,25546920.000,0,-,-,-,-,3871.8000,3870.4000,3870.0000,3869.8000,3869.6000,3872.8000,3873.2000,3873.6000,3874.8000,3875.2000,1,2,1,4,1,1,1,2,1,1
SF,IF2006,2019-11-21 09:31:09.600,3873.6000,3479,0,25546920.000,0,-,-,-,-,3871.8000,3870.4000,3870.0000,3869.8000,3869.6000,3872.6000,3873.6000,3874.8000,3875.2000,3876.0000,1,2,1,4,1,1,2,1,1,1
SF,IF2006,2019-11-21 09:31:10.100,3872.6000,3478,-1,26708700.000,1,0,1,双平,S,3872.6000,3871.8000,3870.6000,3870.4000,3870.0000,3873.6000,3874.4000,3874.8000,3875.2000,3876.0000,1,1,1,2,1,2,1,1,1,1
SF,IF2006,2019-11-21 09:31:10.600,3872.6000,3478,0,26708700.000,0,-,-,-,-,3872.6000,3871.8000,3870.4000,3870.0000,3869.8000,3873.6000,3874.8000,3875.2000,3876.0000,3876.4000,1,1,2,1,4,2,1,1,1,1
SF,IF2006,2019-11-21 09:31:11.100,3872.6000,3478,0,26708700.000,0,-,-,-,-,3871.8000,3870.4000,3870.0000,3869.8000,3869.6000,3873.4000,3873.6000,3874.8000,3875.2000,3876.0000,1,2,1,4,1,1,2,1,1,1
SF,IF2006,2019-11-21 09:31:11.600,3872.6000,3478,0,26708700.000,0,-,-,-,-,3871.8000,3870.4000,3870.0000,3869.8000,3869.6000,3873.4000,3873.6000,3874.8000,3875.2000,3876.0000,1,2,1,4,1,1,1,1,1,1
SF,IF2006,2019-11-21 09:31:12.600,3872.6000,3478,0,26708700.000,0,-,-,-,-,3871.8000,3870.4000,3870.0000,3869.8000,3869.6000,3873.2000,3873.4000,3873.6000,3874.8000,3875.2000,1,2,1,4,1,1,1,1,1,1
SF,IF2006,2019-11-21 09:31:13.100,3872.6000,3478,0,26708700.000,0,-,-,-,-,3871.8000,3870.4000,3870.0000,3869.8000,3869.6000,3873.2000,3873.6000,3874.8000,3875.2000,3876.0000,1,2,1,4,1,1,1,1,1,1
SF,IF2006,2019-11-21 09:31:13.600,3872.6000,3478,0,26708700.000,0,-,-,-,-,3871.8000,3870.4000,3870.0000,3869.8000,3869.6000,3873.2000,3873.6000,3874.8000,3875.2000,3876.0000,1,2,1,4,1,1,1,1,1,1
SF,IF2006,2019-11-21 09:31:14.100,3872.6000,3478,0,26708700.000,0,-,-,-,-,3871.8000,3870.4000,3870.0000,3869.8000,3869.6000,3873.2000,3873.6000,3874.8000,3875.2000,3876.0000,1,2,1,4,1,1,1,1,1,1
SF,IF2006,2019-11-21 09:31:14.600,3872.6000,3478,0,26708700.000,0,-,-,-,-,3871.8000,3870.4000,3870.0000,3869.8000,3869.6000,3873.0000,3873.2000,3873.6000,3874.8000,3875.2000,1,2,1,4,1,1,1,1,1,1
SF,IF2006,2019-11-21 09:31:15.600,3872.6000,3478,0,26708700.000,0,-,-,-,-,3871.8000,3870.4000,3870.0000,3869.8000,3869.6000,3873.0000,3873.2000,3873.6000,3874.8000,3875.2000,1,2,1,4,1,1,1,1,1,1
SF,IF2006,2019-11-21 09:31:16.100,3871.8000,3477,-1,27870240.000,1,0,1,双平,S,3870.4000,3870.0000,3869.8000,3869.6000,3869.4000,3873.0000,3873.6000,3874.8000,3875.2000,3876.0000,2,1,4,1,3,1,1,1,1,1
SF,IF2006,2019-11-21 09:31:16.600,3871.8000,3477,0,27870240.000,0,-,-,-,-,3870.6000,3870.4000,3870.0000,3869.8000,3869.6000,3873.0000,3873.6000,3874.8000,3875.2000,3876.0000,1,2,1,4,1,1,1,1,1,1
SF,IF2006,2019-11-21 09:31:17.100,3871.8000,3477,0,27870240.000,0,-,-,-,-,3870.0000,3869.8000,3869.6000,3869.4000,3869.2000,3873.0000,3873.6000,3874.8000,3875.2000,3876.0000,1,4,1,3,3,1,1,1,1,1
SF,IF2006,2019-11-21 09:31:17.600,3871.8000,3477,0,27870240.000,0,-,-,-,-,3870.2000,3870.0000,3869.8000,3869.6000,3869.4000,3873.0000,3873.6000,3874.8000,3875.2000,3876.0000,1,1,4,1,3,1,1,1,1,1
SF,IF2006,2019-11-21 09:31:18.100,3871.8000,3477,0,27870240.000,0,-,-,-,-,3870.2000,3870.0000,3869.8000,3869.6000,3869.4000,3872.6000,3873.0000,3873.6000,3874.8000,3875.2000,1,1,4,1,3,1,1,1,1,1
SF,IF2006,2019-11-21 09:31:18.600,3871.8000,3477,0,27870240.000,0,-,-,-,-,3870.2000,3870.0000,3869.8000,3869.6000,3869.4000,3872.4000,3872.6000,3873.6000,3874.8000,3875.2000,1,1,4,1,3,1,1,1,1,1
SF,IF2006,2019-11-21 09:31:19.100,3871.8000,3477,0,27870240.000,0,-,-,-,-,3870.2000,3870.0000,3869.8000,3869.6000,3869.4000,3872.6000,3873.6000,3874.8000,3875.2000,3876.0000,1,1,4,1,3,1,1,1,1,1
SF,IF2006,2019-11-21 09:31:19.600,3871.8000,3477,0,27870240.000,0,-,-,-,-,3870.4000,3870.2000,3870.0000,3869.8000,3869.6000,3872.6000,3873.6000,3874.8000,3875.2000,3876.0000,3,1,1,4,1,1,1,1,1,1
SF,IF2006,2019-11-21 09:31:20.100,3871.8000,3477,0,27870240.000,0,-,-,-,-,3870.6000,3870.0000,3869.8000,3869.6000,3869.4000,3873.6000,3874.8000,3875.2000,3876.0000,3876.4000,1,1,4,1,3,1,1,1,1,1
SF,IF2006,2019-11-21 09:31:20.600,3871.8000,3477,0,27870240.000,0,-,-,-,-,3870.6000,3870.0000,3869.8000,3869.6000,3869.4000,3873.4000,3873.6000,3874.8000,3875.2000,3876.0000,2,1,4,1,3,1,1,1,1,1
SF,IF2006,2019-11-21 09:31:21.100,3871.8000,3477,0,27870240.000,0,-,-,-,-,3870.6000,3870.0000,3869.8000,3869.6000,3869.4000,3873.2000,3873.4000,3873.6000,3874.8000,3875.2000,1,1,2,1,3,1,1,1,1,1
SF,IF2006,2019-11-21 09:31:21.600,3871.8000,3477,0,27870240.000,0,-,-,-,-,3870.8000,3870.6000,3870.0000,3869.8000,3869.6000,3873.0000,3873.2000,3873.6000,3874.8000,3875.2000,2,1,1,2,1,1,1,1,1,1
SF,IF2006,2019-11-21 09:31:22.100,3871.8000,3477,0,27870240.000,0,-,-,-,-,3870.6000,3870.0000,3869.8000,3869.6000,3869.4000,3873.0000,3873.2000,3873.6000,3874.8000,3875.2000,1,1,2,1,3,1,1,1,1,1
SF,IF2006,2019-11-21 09:31:22.600,3871.8000,3477,0,27870240.000,0,-,-,-,-,3870.6000,3870.0000,3869.8000,3869.6000,3869.4000,3872.8000,3873.0000,3873.6000,3874.8000,3875.2000,1,1,2,1,3,1,1,1,1,1
SF,IF2006,2019-11-21 09:31:23.100,3871.8000,3477,0,27870240.000,0,-,-,-,-,3870.6000,3870.0000,3869.8000,3869.6000,3869.4000,3872.6000,3872.8000,3873.6000,3874.8000,3875.2000,1,1,2,1,3,1,1,1,1,1
SF,IF2006,2019-11-21 09:31:24.100,3871.8000,3477,0,27870240.000,0,-,-,-,-,3870.0000,3869.8000,3869.6000,3869.4000,3869.2000,3872.6000,3872.8000,3873.6000,3874.8000,3875.2000,1,2,1,3,3,1,1,1,1,1
SF,IF2006,2019-11-21 09:31:24.600,3871.8000,3477,0,27870240.000,0,-,-,-,-,3870.0000,3869.8000,3869.6000,3869.4000,3869.2000,3872.4000,3872.6000,3873.6000,3874.8000,3875.2000,1,2,1,3,3,1,1,1,1,1
SF,IF2006,2019-11-21 09:31:25.100,3871.8000,3477,0,27870240.000,0,-,-,-,-,3870.2000,3870.0000,3869.8000,3869.6000,3869.4000,3872.4000,3873.6000,3874.8000,3875.2000,3876.0000,1,1,2,1,3,1,1,1,1,1
SF,IF2006,2019-11-21 09:31:25.600,3871.8000,3477,0,27870240.000,0,-,-,-,-,3870.2000,3870.0000,3869.8000,3869.6000,3869.4000,3872.2000,3872.4000,3873.6000,3874.8000,3875.2000,1,1,1,1,3,1,1,1,1,1
SF,IF2006,2019-11-21 09:31:27.100,3871.8000,3477,0,27870240.000,0,-,-,-,-,3870.2000,3870.0000,3869.6000,3869.4000,3869.2000,3872.2000,3872.4000,3873.6000,3874.8000,3875.2000,1,1,1,3,3,1,1,1,1,1
SF,IF2006,2019-11-21 09:31:27.600,3871.8000,3477,0,27870240.000,0,-,-,-,-,3870.0000,3869.6000,3869.4000,3869.2000,3869.0000,3872.2000,3872.4000,3873.6000,3874.8000,3875.2000,1,1,3,3,2,1,1,1,1,1
SF,IF2006,2019-11-21 09:31:28.100,3871.8000,3477,0,27870240.000,0,-,-,-,-,3870.0000,3869.6000,3869.2000,3869.0000,3868.6000,3872.2000,3872.4000,3873.6000,3874.8000,3875.2000,1,1,3,2,1,1,1,1,1,1
SF,IF2006,2019-11-21 09:31:28.600,3871.8000,3477,0,27870240.000,0,-,-,-,-,3870.0000,3869.6000,3868.6000,3868.0000,3867.4000,3872.2000,3872.4000,3873.6000,3874.8000,3875.2000,1,1,1,3,3,1,1,1,1,1
SF,IF2006,2019-11-21 09:31:30.100,3871.8000,3477,0,27870240.000,0,-,-,-,-,3870.0000,3869.6000,3868.6000,3868.0000,3867.4000,3872.0000,3872.2000,3873.6000,3874.8000,3875.2000,1,1,1,3,3,1,1,1,1,1
SF,IF2006,2019-11-21 09:31:30.600,3871.8000,3477,0,27870240.000,0,-,-,-,-,3870.0000,3869.6000,3868.6000,3868.0000,3867.4000,3872.0000,3873.6000,3874.8000,3875.2000,3876.0000,1,1,1,3,3,1,1,1,1,1
SF,IF2006,2019-11-21 09:31:31.100,3871.8000,3477,0,27870240.000,0,-,-,-,-,3870.2000,3870.0000,3869.6000,3868.6000,3868.0000,3872.0000,3873.6000,3874.8000,3875.2000,3876.0000,1,1,1,1,3,1,1,1,1,1
SF,IF2006,2019-11-21 09:31:31.600,3871.8000,3477,0,27870240.000,0,-,-,-,-,3870.0000,3869.6000,3868.6000,3868.0000,3867.4000,3872.0000,3873.6000,3874.8000,3875.2000,3876.0000,1,1,1,3,3,1,1,1,1,1
SF,IF2006,2019-11-21 09:31:32.100,3872.0000,3477,0,29031840.000,1,0,1,多换,S,3870.2000,3870.0000,3869.6000,3868.6000,3868.0000,3873.6000,3874.8000,3875.2000,3876.0000,3876.4000,1,1,1,1,3,1,1,1,1,1
SF,IF2006,2019-11-21 09:31:32.600,3872.0000,3477,0,29031840.000,0,-,-,-,-,3870.2000,3870.0000,3869.6000,3868.6000,3868.0000,3873.4000,3873.6000,3874.8000,3875.2000,3876.0000,1,1,1,1,3,2,1,1,1,1
SF,IF2006,2019-11-21 09:31:33.100,3872.0000,3477,0,29031840.000,0,-,-,-,-,3872.0000,3870.4000,3870.2000,3870.0000,3869.6000,3873.4000,3873.6000,3874.8000,3875.2000,3876.0000,1,2,1,1,1,2,1,1,1,1
SF,IF2006,2019-11-21 09:31:33.600,3872.0000,3477,0,29031840.000,0,-,-,-,-,3872.0000,3870.4000,3870.0000,3869.6000,3868.6000,3873.2000,3873.6000,3874.8000,3875.2000,3876.0000,1,2,1,1,1,1,1,1,1,1
SF,IF2006,2019-11-21 09:31:34.100,3872.0000,3478,1,30193440.000,1,1,0,双开,S,3870.0000,3869.6000,3868.6000,3868.0000,3867.4000,3873.2000,3873.6000,3874.8000,3875.2000,3876.0000,1,1,1,3,3,1,1,1,1,1
SF,IF2006,2019-11-21 09:31:34.600,3872.0000,3478,0,30193440.000,0,-,-,-,-,3870.2000,3870.0000,3869.6000,3868.6000,3868.0000,3873.2000,3873.6000,3874.8000,3875.2000,3876.0000,1,1,1,1,3,1,1,1,1,1
SF,IF2006,2019-11-21 09:31:35.100,3872.0000,3478,0,30193440.000,0,-,-,-,-,3870.2000,3870.0000,3869.6000,3868.6000,3868.0000,3873.0000,3873.2000,3873.6000,3874.8000,3875.2000,1,1,1,1,3,2,1,1,1,1
SF,IF2006,2019-11-21 09:31:35.600,3872.0000,3478,0,30193440.000,0,-,-,-,-,3870.2000,3870.0000,3869.6000,3868.6000,3868.0000,3872.8000,3873.0000,3873.6000,3874.8000,3875.2000,1,1,1,1,3,1,2,1,1,1
SF,IF2006,2019-11-21 09:31:36.100,3872.0000,3478,0,30193440.000,0,-,-,-,-,3870.2000,3870.0000,3869.6000,3868.6000,3868.0000,3872.8000,3873.0000,3873.6000,3874.8000,3875.2000,1,1,1,1,3,1,2,1,1,1
SF,IF2006,2019-11-21 09:31:36.600,3872.0000,3478,0,30193440.000,0,-,-,-,-,3870.2000,3870.0000,3869.6000,3868.6000,3868.0000,3872.8000,3873.0000,3873.6000,3874.8000,3875.2000,1,1,1,1,3,1,1,1,1,1
SF,IF2006,2019-11-21 09:31:37.100,3872.0000,3478,0,30193440.000,0,-,-,-,-,3870.4000,3870.2000,3870.0000,3869.6000,3868.6000,3872.8000,3873.6000,3874.8000,3875.2000,3876.0000,1,1,1,1,1,1,1,1,1,1
SF,IF2006,2019-11-21 09:31:37.600,3872.0000,3478,0,30193440.000,0,-,-,-,-,3870.0000,3869.6000,3868.6000,3868.0000,3867.4000,3872.8000,3873.6000,3874.8000,3875.2000,3876.0000,1,1,1,3,3,1,1,1,1,1
SF,IF2006,2019-11-21 09:31:38.100,3872.0000,3478,0,30193440.000,0,-,-,-,-,3870.2000,3870.0000,3869.6000,3868.6000,3868.0000,3872.6000,3872.8000,3873.6000,3874.8000,3875.2000,1,1,1,1,3,1,1,1,1,1
SF,IF2006,2019-11-21 09:31:38.600,3872.0000,3478,0,30193440.000,0,-,-,-,-,3870.2000,3870.0000,3869.6000,3868.6000,3868.0000,3872.6000,3873.6000,3874.8000,3875.2000,3876.0000,4,1,1,1,3,1,1,1,1,1
SF,IF2006,2019-11-21 09:31:39.100,3872.0000,3478,0,30193440.000,0,-,-,-,-,3870.2000,3870.0000,3869.6000,3868.6000,3868.0000,3872.4000,3872.6000,3873.6000,3874.8000,3875.2000,1,1,1,1,3,1,1,1,1,1
SF,IF2006,2019-11-21 09:31:39.600,3872.0000,3478,0,30193440.000,0,-,-,-,-,3870.4000,3870.2000,3870.0000,3869.6000,3868.6000,3872.4000,3872.6000,3873.6000,3874.8000,3875.2000,1,1,2,1,1,1,1,1,1,1
SF,IF2006,2019-11-21 09:31:40.100,3872.0000,3478,0,30193440.000,0,-,-,-,-,3870.6000,3870.0000,3869.6000,3868.6000,3868.0000,3872.4000,3872.6000,3873.6000,3874.8000,3875.2000,1,2,1,1,3,1,1,1,1,1
SF,IF2006,2019-11-21 09:31:40.600,3872.0000,3478,0,30193440.000,0,-,-,-,-,3870.0000,3869.6000,3868.6000,3868.0000,3867.4000,3872.4000,3872.6000,3873.6000,3874.8000,3875.2000,2,1,1,3,3,1,1,1,1,1
SF,IF2006,2019-11-21 09:31:41.100,3872.0000,3478,0,30193440.000,0,-,-,-,-,3870.2000,3870.0000,3869.6000,3868.6000,3868.0000,3872.4000,3872.6000,3873.6000,3874.8000,3875.2000,1,2,1,1,3,1,1,1,1,1
SF,IF2006,2019-11-21 09:31:42.600,3872.0000,3478,0,30193440.000,0,-,-,-,-,3870.2000,3870.0000,3869.6000,3868.6000,3868.0000,3872.2000,3872.4000,3872.6000,3873.6000,3874.8000,1,2,1,1,3,1,1,1,1,1
SF,IF2006,2019-11-21 09:31:43.100,3872.0000,3478,0,30193440.000,0,-,-,-,-,3870.2000,3870.0000,3869.6000,3868.6000,3868.0000,3872.0000,3872.2000,3872.6000,3873.6000,3874.8000,1,2,1,1,3,1,1,1,1,1
SF,IF2006,2019-11-21 09:31:44.100,3872.0000,3478,0,30193440.000,0,-,-,-,-,3870.2000,3870.0000,3869.6000,3868.6000,3868.0000,3872.0000,3873.6000,3874.8000,3875.2000,3876.0000,1,2,1,1,3,1,1,1,1,1
SF,IF2006,2019-11-21 09:31:44.600,3872.0000,3478,0,30193440.000,0,-,-,-,-,3870.2000,3870.0000,3869.6000,3868.6000,3868.0000,3871.8000,3872.0000,3873.6000,3874.8000,3875.2000,1,2,1,1,3,1,1,1,1,1
SF,IF2006,2019-11-21 09:31:45.100,3872.0000,3478,0,30193440.000,0,-,-,-,-,3870.2000,3870.0000,3869.6000,3868.6000,3868.0000,3871.8000,3873.6000,3874.8000,3875.2000,3876.0000,1,2,1,1,3,1,1,1,1,1
SF,IF2006,2019-11-21 09:31:46.100,3872.0000,3478,0,30193440.000,0,-,-,-,-,3870.2000,3870.0000,3869.6000,3868.6000,3868.0000,3873.6000,3874.8000,3875.2000,3876.0000,3876.4000,1,2,1,1,3,1,1,1,1,1
SF,IF2006,2019-11-21 09:31:46.600,3872.0000,3478,0,30193440.000,0,-,-,-,-,3870.2000,3870.0000,3869.6000,3868.6000,3868.0000,3873.2000,3873.4000,3873.6000,3874.8000,3875.2000,1,2,1,1,3,3,1,1,1,1
SF,IF2006,2019-11-21 09:31:47.100,3872.0000,3478,0,30193440.000,0,-,-,-,-,3870.2000,3870.0000,3869.6000,3868.6000,3868.0000,3873.0000,3873.2000,3873.4000,3873.6000,3874.8000,1,2,1,1,3,1,3,1,1,1
SF,IF2006,2019-11-21 09:31:47.600,3872.0000,3478,0,30193440.000,0,-,-,-,-,3870.2000,3870.0000,3869.6000,3868.6000,3868.0000,3872.8000,3873.0000,3873.4000,3873.6000,3874.8000,1,2,1,1,3,3,1,1,1,1
SF,IF2006,2019-11-21 09:31:48.600,3872.0000,3478,0,30193440.000,0,-,-,-,-,3870.2000,3870.0000,3869.6000,3868.6000,3868.0000,3872.6000,3872.8000,3873.0000,3873.4000,3873.6000,1,2,1,1,3,1,3,1,1,1
SF,IF2006,2019-11-21 09:31:49.100,3872.0000,3478,0,30193440.000,0,-,-,-,-,3870.2000,3870.0000,3869.6000,3868.6000,3868.0000,3872.4000,3872.6000,3872.8000,3873.0000,3873.4000,1,2,1,1,3,2,1,1,1,1
SF,IF2006,2019-11-21 09:31:49.600,3872.0000,3478,0,30193440.000,0,-,-,-,-,3870.2000,3870.0000,3869.6000,3868.6000,3868.0000,3872.2000,3872.6000,3872.8000,3873.0000,3873.4000,1,2,1,1,3,1,1,1,1,1
SF,IF2006,2019-11-21 09:31:50.100,3872.0000,3478,0,30193440.000,0,-,-,-,-,3870.2000,3870.0000,3869.6000,3868.6000,3868.0000,3872.2000,3872.8000,3873.0000,3873.4000,3873.6000,1,2,1,1,3,1,1,1,1,1
SF,IF2006,2019-11-21 09:31:50.600,3872.0000,3478,0,30193440.000,0,-,-,-,-,3870.2000,3870.0000,3869.6000,3868.6000,3868.0000,3872.2000,3873.0000,3873.4000,3873.6000,3874.8000,1,2,1,1,3,1,1,1,1,1
SF,IF2006,2019-11-21 09:31:58.100,3872.0000,3478,0,30193440.000,0,-,-,-,-,3870.2000,3870.0000,3869.6000,3868.6000,3868.0000,3872.2000,3873.6000,3874.8000,3875.2000,3876.0000,1,2,1,1,3,1,1,1,1,1
SF,IF2006,2019-11-21 09:31:58.600,3872.0000,3478,0,30193440.000,0,-,-,-,-,3870.2000,3870.0000,3869.6000,3868.6000,3868.0000,3872.2000,3873.6000,3874.8000,3875.2000,3876.0000,1,2,1,1,3,1,1,1,1,1
SF,IF2006,2019-11-21 09:32:02.100,3872.0000,3478,0,30193440.000,0,-,-,-,-,3870.2000,3870.0000,3869.6000,3868.6000,3868.0000,3872.0000,3872.2000,3873.6000,3874.8000,3875.2000,1,2,1,1,3,1,2,1,1,1
SF,IF2006,2019-11-21 09:32:02.600,3870.2000,3477,-1,31354500.000,1,0,1,双平,S,3870.0000,3869.6000,3868.6000,3868.0000,3867.4000,3871.2000,3872.0000,3872.2000,3873.6000,3874.8000,2,1,1,3,3,3,2,1,1,1
SF,IF2006,2019-11-21 09:32:03.100,3870.0000,3477,0,33676500.000,2,1,1,多换,S,3869.6000,3868.0000,3867.4000,3861.0000,3860.2000,3871.2000,3871.8000,3872.0000,3872.2000,3873.6000,1,3,3,1,1,3,1,1,1,1
SF,IF2006,2019-11-21 09:32:03.600,3870.0000,3477,0,33676500.000,0,-,-,-,-,3869.6000,3868.0000,3867.4000,3861.0000,3860.2000,3871.2000,3871.8000,3872.0000,3872.2000,3873.6000,1,3,3,1,1,3,1,1,1,1
SF,IF2006,2019-11-21 09:32:04.100,3870.0000,3477,0,33676500.000,0,-,-,-,-,3869.6000,3868.0000,3867.4000,3861.0000,3860.2000,3871.2000,3872.2000,3873.6000,3874.8000,3875.2000,1,3,3,1,1,3,1,1,1,1
SF,IF2006,2019-11-21 09:32:04.600,3869.6000,3477,0,34837380.000,1,0,1,多换,S,3867.4000,3861.0000,3860.2000,3860.0000,3859.8000,3871.0000,3873.6000,3874.8000,3875.2000,3876.6000,3,1,1,1,5,3,1,1,1,9
SF,IF2006,2019-11-21 09:32:05.100,3869.6000,3477,0,34837380.000,0,-,-,-,-,3867.6000,3867.4000,3861.0000,3860.2000,3860.0000,3871.0000,3873.6000,3874.8000,3875.2000,3876.6000,5,3,1,1,1,3,1,1,1,9
SF,IF2006,2019-11-21 09:32:05.600,3869.6000,3477,0,34837380.000,0,-,-,-,-,3867.6000,3867.4000,3861.0000,3860.2000,3860.0000,3869.6000,3871.0000,3873.6000,3874.8000,3875.2000,6,3,1,1,1,1,3,1,1,1
SF,IF2006,2019-11-21 09:32:06.100,3869.6000,3477,0,35998260.000,1,0,1,多换,S,3867.6000,3867.4000,3861.0000,3860.2000,3860.0000,3873.6000,3874.8000,3875.2000,3876.6000,3893.8000,6,3,1,1,1,1,1,1,9,1
SF,IF2006,2019-11-21 09:32:06.600,3869.6000,3477,0,35998260.000,0,-,-,-,-,3869.6000,3868.0000,3867.6000,3867.4000,3861.0000,3871.4000,3872.6000,3873.6000,3874.8000,3875.2000,1,1,6,3,1,3,1,1,1,1
SF,IF2006,2019-11-21 09:32:07.100,3869.6000,3477,0,35998260.000,0,-,-,-,-,3868.0000,3867.6000,3867.4000,3861.0000,3860.2000,3871.4000,3872.2000,3873.6000,3874.8000,3875.2000,1,4,3,1,1,3,1,1,1,1
SF,IF2006,2019-11-21 09:32:07.600,3869.6000,3477,0,35998260.000,0,-,-,-,-,3868.2000,3868.0000,3867.6000,3867.4000,3861.0000,3871.4000,3872.2000,3873.6000,3874.8000,3875.2000,1,1,3,3,1,3,1,1,1,1
SF,IF2006,2019-11-21 09:32:08.100,3869.6000,3477,0,35998260.000,0,-,-,-,-,3868.2000,3868.0000,3867.6000,3867.4000,3861.0000,3871.4000,3873.6000,3874.8000,3875.2000,3876.6000,2,1,3,3,1,3,1,1,1,9
SF,IF2006,2019-11-21 09:32:08.600,3869.6000,3477,0,35998260.000,0,-,-,-,-,3868.2000,3868.0000,3867.6000,3867.4000,3863.0000,3871.2000,3871.4000,3873.6000,3874.8000,3875.2000,2,1,3,3,1,1,3,1,1,1
SF,IF2006,2019-11-21 09:32:09.100,3869.6000,3477,0,35998260.000,0,-,-,-,-,3868.2000,3868.0000,3867.6000,3867.4000,3863.0000,3871.0000,3871.2000,3873.6000,3874.8000,3875.2000,2,1,3,3,1,1,1,1,1,1
SF,IF2006,2019-11-21 09:32:09.600,3869.6000,3477,0,35998260.000,0,-,-,-,-,3868.8000,3868.2000,3867.6000,3867.4000,3863.0000,3871.0000,3871.2000,3873.6000,3874.8000,3875.2000,1,2,3,3,1,1,1,1,1,1
SF,IF2006,2019-11-21 09:32:10.100,3869.6000,3477,0,35998260.000,0,-,-,-,-,3869.0000,3868.8000,3868.4000,3868.2000,3867.6000,3871.0000,3873.6000,3874.8000,3875.2000,3876.6000,2,1,1,1,3,1,1,1,1,9
SF,IF2006,2019-11-21 09:32:10.600,3869.6000,3477,0,35998260.000,0,-,-,-,-,3869.0000,3868.8000,3868.2000,3867.6000,3867.4000,3871.0000,3873.6000,3874.8000,3875.2000,3876.6000,1,1,1,3,3,1,1,1,1,9
SF,IF2006,2019-11-21 09:32:11.100,3869.6000,3477,0,35998260.000,0,-,-,-,-,3869.0000,3868.8000,3868.2000,3867.6000,3867.4000,3871.0000,3873.6000,3874.8000,3875.2000,3876.6000,1,1,1,3,3,1,1,1,1,9
SF,IF2006,2019-11-21 09:32:12.100,3871.0000,3476,-1,37159560.000,1,0,1,双平,S,3869.0000,3868.8000,3868.2000,3867.6000,3867.4000,3872.0000,3873.6000,3874.8000,3875.2000,3876.6000,1,1,1,3,3,1,1,1,1,9
SF,IF2006,2019-11-21 09:32:12.600,3871.0000,3476,0,37159560.000,0,-,-,-,-,3869.2000,3869.0000,3868.2000,3867.6000,3867.4000,3872.0000,3873.6000,3874.8000,3875.2000,3876.6000,3,1,1,3,3,1,1,1,1,9
SF,IF2006,2019-11-21 09:32:13.100,3871.0000,3476,0,37159560.000,0,-,-,-,-,3869.4000,3869.2000,3868.2000,3867.6000,3867.4000,3872.0000,3873.6000,3874.8000,3875.2000,3876.6000,1,3,1,3,3,1,1,1,1,9
SF,IF2006,2019-11-21 09:32:13.600,3872.0000,3475,-1,38321160.000,1,0,1,双平,S,3872.0000,3869.8000,3869.4000,3868.2000,3867.6000,3873.0000,3873.6000,3874.8000,3875.2000,3876.6000,1,2,1,1,3,1,1,1,1,9
SF,IF2006,2019-11-21 09:32:14.100,3872.0000,3474,-1,39482760.000,1,0,1,双平,S,3869.8000,3868.2000,3867.6000,3867.4000,3863.0000,3873.0000,3873.6000,3874.8000,3875.2000,3876.6000,2,1,3,3,1,1,1,1,1,9
SF,IF2006,2019-11-21 09:32:14.600,3872.0000,3474,0,39482760.000,0,-,-,-,-,3870.0000,3869.8000,3868.2000,3867.6000,3867.4000,3873.0000,3873.6000,3874.8000,3875.2000,3876.6000,2,2,1,3,3,1,1,1,1,9
SF,IF2006,2019-11-21 09:32:15.100,3873.0000,3473,-1,40644660.000,1,0,1,双平,S,3870.0000,3869.8000,3868.2000,3867.6000,3867.4000,3873.6000,3874.2000,3874.8000,3875.2000,3876.6000,3,2,1,3,3,1,1,1,1,9
SF,IF2006,2019-11-21 09:32:15.600,3873.0000,3473,0,40644660.000,0,-,-,-,-,3870.4000,3870.0000,3868.2000,3867.6000,3867.4000,3872.0000,3873.4000,3873.6000,3874.8000,3875.2000,2,3,1,3,3,1,1,1,1,1
SF,IF2006,2019-11-21 09:32:16.100,3872.0000,3473,0,41806260.000,1,0,1,多换,S,3870.6000,3870.4000,3870.2000,3868.2000,3867.6000,3873.6000,3874.8000,3875.2000,3876.6000,3893.8000,3,2,1,1,3,1,1,1,9,1
SF,IF2006,2019-11-21 09:32:16.600,3872.0000,3473,0,41806260.000,0,-,-,-,-,3871.2000,3870.6000,3868.2000,3867.6000,3867.4000,3873.6000,3874.8000,3875.2000,3876.6000,3893.8000,2,3,1,3,3,1,1,1,9,1
SF,IF2006,2019-11-21 09:32:17.100,3872.0000,3473,0,41806260.000,0,-,-,-,-,3871.4000,3868.2000,3867.6000,3867.4000,3863.0000,3873.4000,3873.6000,3874.0000,3874.8000,3875.2000,2,1,3,3,1,1,1,1,1,1
SF,IF2006,2019-11-21 09:32:18.600,3872.0000,3473,0,41806260.000,0,-,-,-,-,3871.4000,3868.2000,3867.6000,3867.4000,3863.0000,3873.6000,3874.0000,3874.8000,3875.2000,3876.6000,2,1,3,3,1,1,1,1,1,9
SF,IF2006,2019-11-21 09:32:19.600,3872.0000,3473,0,41806260.000,0,-,-,-,-,3871.4000,3868.2000,3867.6000,3867.4000,3863.0000,3873.6000,3874.0000,3874.8000,3875.2000,3876.6000,2,1,3,3,1,1,1,1,1,9
SF,IF2006,2019-11-21 09:32:20.600,3872.0000,3473,0,41806260.000,0,-,-,-,-,3871.4000,3868.2000,3867.6000,3867.4000,3863.0000,3873.6000,3874.8000,3875.2000,3876.6000,3893.8000,2,1,3,3,1,1,1,1,9,1
SF,IF2006,2019-11-21 09:32:22.100,3872.0000,3473,0,41806260.000,0,-,-,-,-,3871.8000,3871.4000,3868.2000,3867.6000,3867.4000,3873.6000,3874.8000,3875.2000,3876.6000,3893.8000,2,2,1,3,3,1,1,1,9,1
SF,IF2006,2019-11-21 09:32:22.600,3873.6000,3473,0,42968340.000,1,0,1,多换,S,3872.2000,3871.8000,3868.2000,3867.6000,3867.4000,3874.8000,3875.2000,3876.6000,3893.8000,3908.0000,3,2,1,3,3,1,1,9,1,2
SF,IF2006,2019-11-21 09:32:23.100,3873.6000,3473,0,42968340.000,0,-,-,-,-,3872.4000,3871.8000,3868.2000,3867.6000,3867.4000,3874.6000,3874.8000,3875.2000,3876.6000,3893.8000,1,2,1,3,3,1,1,1,9,1
SF,IF2006,2019-11-21 09:32:24.100,3873.6000,3473,0,42968340.000,0,-,-,-,-,3872.4000,3871.8000,3868.2000,3867.6000,3867.4000,3874.6000,3874.8000,3875.2000,3876.6000,3887.0000,1,2,1,3,3,1,1,1,9,1
SF,IF2006,2019-11-21 09:32:25.100,3873.6000,3473,0,42968340.000,0,-,-,-,-,3872.4000,3871.8000,3868.2000,3867.6000,3867.4000,3874.4000,3874.6000,3874.8000,3875.2000,3876.6000,1,2,1,3,3,1,1,1,1,9
SF,IF2006,2019-11-21 09:32:25.600,3873.6000,3473,0,42968340.000,0,-,-,-,-,3872.4000,3871.8000,3868.2000,3867.6000,3867.4000,3874.2000,3874.4000,3874.8000,3875.2000,3876.6000,1,2,1,3,3,1,3,1,1,9
SF,IF2006,2019-11-21 09:32:26.100,3872.4000,3472,-1,44130060.000,1,0,1,双平,S,3870.4000,3868.2000,3867.6000,3867.4000,3863.0000,3874.2000,3874.4000,3874.8000,3875.2000,3876.6000,1,1,3,3,1,1,3,1,1,9
SF,IF2006,2019-11-21 09:32:26.600,3872.4000,3472,0,44130060.000,0,-,-,-,-,3870.4000,3868.2000,3867.6000,3867.4000,3863.0000,3874.0000,3874.2000,3874.4000,3874.8000,3875.2000,1,1,3,3,1,1,1,2,1,1
SF,IF2006,2019-11-21 09:32:27.100,3872.4000,3472,0,44130060.000,0,-,-,-,-,3870.6000,3870.4000,3868.2000,3867.6000,3867.4000,3873.8000,3874.0000,3874.2000,3874.8000,3875.2000,2,1,1,3,3,4,2,1,1,1
SF,IF2006,2019-11-21 09:32:27.600,3872.4000,3472,0,44130060.000,0,-,-,-,-,3870.8000,3870.6000,3868.2000,3867.6000,3867.4000,3873.8000,3874.0000,3874.2000,3874.8000,3875.2000,4,1,1,3,3,5,2,1,1,1
SF,IF2006,2019-11-21 09:32:28.100,3872.4000,3472,0,44130060.000,0,-,-,-,-,3870.8000,3870.6000,3868.2000,3867.6000,3867.4000,3873.4000,3873.6000,3873.8000,3874.2000,3874.8000,4,1,1,3,3,1,1,5,1,1
SF,IF2006,2019-11-21 09:32:28.600,3872.4000,3472,0,44130060.000,0,-,-,-,-,3870.8000,3870.6000,3868.2000,3867.6000,3867.4000,3873.6000,3873.8000,3874.2000,3874.8000,3875.2000,4,1,1,3,3,1,2,1,1,1
SF,IF2006,2019-11-21 09:32:29.100,3872.4000,3472,0,44130060.000,0,-,-,-,-,3870.8000,3870.6000,3868.2000,3867.6000,3867.4000,3873.4000,3873.8000,3874.2000,3874.8000,3875.2000,4,1,1,3,3,1,1,1,1,1
SF,IF2006,2019-11-21 09:32:29.600,3872.4000,3472,0,44130060.000,0,-,-,-,-,3870.8000,3870.6000,3868.2000,3867.6000,3867.4000,3873.4000,3873.8000,3874.8000,3875.2000,3876.6000,4,1,1,3,3,1,1,1,1,9
SF,IF2006,2019-11-21 09:32:30.100,3872.4000,3472,0,44130060.000,0,-,-,-,-,3870.8000,3868.2000,3867.6000,3867.4000,3863.0000,3873.4000,3873.8000,3874.8000,3875.2000,3876.6000,4,1,3,3,1,1,1,1,1,9
SF,IF2006,2019-11-21 09:32:31.100,3872.4000,3472,0,44130060.000,0,-,-,-,-,3870.8000,3868.2000,3867.6000,3867.4000,3863.0000,3873.4000,3874.8000,3875.2000,3876.6000,3887.0000,4,1,3,3,1,1,1,1,9,1
SF,IF2006,2019-11-21 09:32:32.600,3872.4000,3472,0,44130060.000,0,-,-,-,-,3870.8000,3868.2000,3867.6000,3867.4000,3863.0000,3873.2000,3873.4000,3874.8000,3875.2000,3876.6000,4,1,3,3,1,1,1,1,1,9
SF,IF2006,2019-11-21 09:32:33.100,3872.4000,3472,0,44130060.000,0,-,-,-,-,3871.0000,3870.8000,3868.2000,3867.6000,3867.4000,3873.2000,3874.8000,3875.2000,3876.6000,3887.0000,1,4,1,3,3,1,1,1,9,1
SF,IF2006,2019-11-21 09:32:33.600,3872.4000,3472,0,44130060.000,0,-,-,-,-,3871.2000,3871.0000,3870.8000,3868.2000,3867.6000,3873.2000,3874.8000,3875.2000,3876.6000,3887.0000,1,1,2,1,3,1,1,1,9,1
SF,IF2006,2019-11-21 09:32:34.100,3872.4000,3472,0,44130060.000,0,-,-,-,-,3871.2000,3870.8000,3868.2000,3867.6000,3867.4000,3873.2000,3874.8000,3875.2000,3876.6000,3887.0000,1,2,1,3,3,1,1,1,9,1
SF,IF2006,2019-11-21 09:32:34.600,3872.4000,3472,0,44130060.000,0,-,-,-,-,3871.2000,3870.8000,3868.2000,3867.6000,3867.4000,3873.0000,3873.2000,3874.8000,3875.2000,3876.6000,1,2,1,3,3,1,1,1,1,9
SF,IF2006,2019-11-21 09:32:36.100,3872.4000,3472,0,44130060.000,0,-,-,-,-,3871.2000,3870.8000,3868.2000,3867.6000,3867.4000,3872.8000,3873.0000,3873.2000,3874.8000,3875.2000,1,2,1,3,3,1,1,1,1,1
SF,IF2006,2019-11-21 09:32:36.600,3871.2000,3472,0,45291420.000,1,0,1,多换,S,3870.0000,3868.2000,3867.6000,3867.4000,3863.0000,3872.8000,3873.0000,3873.2000,3874.8000,3875.2000,1,1,3,3,1,1,1,1,1,1
SF,IF2006,2019-11-21 09:32:37.100,3871.2000,3472,0,45291420.000,0,-,-,-,-,3870.2000,3870.0000,3869.8000,3868.2000,3867.6000,3872.6000,3872.8000,3873.2000,3874.8000,3875.2000,1,1,2,1,3,1,1,1,1,1
SF,IF2006,2019-11-21 09:32:37.600,3871.2000,3472,0,45291420.000,0,-,-,-,-,3870.4000,3870.2000,3869.8000,3868.2000,3867.6000,3872.6000,3872.8000,3873.2000,3874.8000,3875.2000,1,1,2,1,3,1,1,1,1,1
SF,IF2006,2019-11-21 09:32:38.100,3871.2000,3472,0,45291420.000,0,-,-,-,-,3870.4000,3869.8000,3868.2000,3867.6000,3867.4000,3872.6000,3872.8000,3874.8000,3875.2000,3876.6000,1,2,1,3,3,1,1,1,1,9
SF,IF2006,2019-11-21 09:32:38.600,3871.2000,3472,0,45291420.000,0,-,-,-,-,3870.6000,3870.4000,3869.8000,3868.2000,3867.6000,3872.6000,3874.8000,3875.2000,3876.6000,3887.0000,2,1,2,1,3,1,1,1,9,1
SF,IF2006,2019-11-21 09:32:39.100,3871.2000,3472,0,45291420.000,0,-,-,-,-,3869.8000,3868.2000,3867.6000,3867.4000,3863.0000,3872.6000,3874.8000,3875.2000,3876.6000,3887.0000,2,1,3,3,1,1,1,1,9,1
SF,IF2006,2019-11-21 09:32:39.600,3871.2000,3472,0,45291420.000,0,-,-,-,-,3871.0000,3870.0000,3868.2000,3867.6000,3867.4000,3872.6000,3874.8000,3875.2000,3876.6000,3887.0000,2,3,1,3,3,1,1,1,9,1
SF,IF2006,2019-11-21 09:32:40.100,3871.2000,3472,0,45291420.000,0,-,-,-,-,3871.0000,3870.0000,3868.2000,3867.6000,3867.4000,3872.6000,3874.8000,3875.2000,3876.6000,3887.0000,2,1,1,3,3,1,1,1,9,1
SF,IF2006,2019-11-21 09:32:41.100,3871.2000,3472,0,45291420.000,0,-,-,-,-,3870.0000,3868.2000,3867.6000,3867.4000,3863.0000,3872.6000,3874.8000,3875.2000,3876.6000,3887.0000,1,1,3,3,1,1,1,1,9,1
SF,IF2006,2019-11-21 09:32:41.600,3871.2000,3472,0,45291420.000,0,-,-,-,-,3870.2000,3870.0000,3869.8000,3868.2000,3867.6000,3872.6000,3874.8000,3875.2000,3876.6000,3887.0000,1,3,1,1,3,1,1,1,9,1
SF,IF2006,2019-11-21 09:32:42.100,3871.2000,3472,0,45291420.000,0,-,-,-,-,3870.2000,3870.0000,3869.8000,3868.2000,3867.6000,3872.6000,3874.8000,3875.2000,3876.6000,3887.0000,1,2,1,1,3,1,1,1,9,1
SF,IF2006,2019-11-21 09:32:42.600,3871.2000,3472,0,45291420.000,0,-,-,-,-,3870.4000,3870.2000,3869.8000,3868.2000,3867.6000,3872.6000,3874.8000,3875.2000,3876.6000,3887.0000,2,1,1,1,3,1,1,1,9,1
SF,IF2006,2019-11-21 09:32:43.100,3871.2000,3472,0,45291420.000,0,-,-,-,-,3870.4000,3869.8000,3868.2000,3867.6000,3867.4000,3872.6000,3874.8000,3875.2000,3876.6000,3887.0000,2,1,1,3,3,1,1,1,9,1
SF,IF2006,2019-11-21 09:32:43.600,3870.4000,3473,1,47613660.000,2,1,1,空开,S,3869.8000,3868.2000,3867.6000,3867.4000,3863.0000,3872.4000,3872.6000,3874.8000,3875.2000,3876.6000,1,1,3,3,1,1,1,1,1,9
SF,IF2006,2019-11-21 09:32:44.100,3870.4000,3473,0,47613660.000,0,-,-,-,-,3868.2000,3867.6000,3867.4000,3863.0000,3861.0000,3872.2000,3872.4000,3874.8000,3875.2000,3876.6000,1,3,3,1,2,2,1,1,1,9
SF,IF2006,2019-11-21 09:32:44.600,3870.4000,3473,0,47613660.000,0,-,-,-,-,3868.4000,3868.2000,3867.6000,3867.4000,3863.0000,3872.2000,3872.4000,3874.8000,3875.2000,3876.6000,4,1,3,3,1,2,1,1,1,9
SF,IF2006,2019-11-21 09:32:45.100,3870.4000,3473,0,47613660.000,0,-,-,-,-,3868.6000,3868.4000,3868.2000,3867.6000,3867.4000,3870.4000,3872.2000,3872.4000,3874.8000,3875.2000,1,4,1,3,3,1,2,1,1,1
SF,IF2006,2019-11-21 09:32:45.600,3870.4000,3473,0,48774780.000,1,0,1,多换,S,3869.0000,3868.8000,3868.6000,3868.4000,3868.2000,3874.8000,3875.2000,3876.6000,3887.0000,3893.8000,3,4,1,1,1,1,1,9,1,1
SF,IF2006,2019-11-21 09:32:46.100,3870.4000,3473,0,48774780.000,0,-,-,-,-,3869.0000,3868.8000,3868.6000,3868.4000,3868.2000,3873.0000,3873.6000,3874.4000,3874.8000,3875.2000,3,5,1,1,1,3,1,1,1,1
SF,IF2006,2019-11-21 09:32:46.600,3870.4000,3473,0,48774780.000,0,-,-,-,-,3869.4000,3869.2000,3868.8000,3868.6000,3868.4000,3872.8000,3873.0000,3873.6000,3874.8000,3875.2000,2,4,5,1,1,1,3,1,1,1
SF,IF2006,2019-11-21 09:32:47.100,3870.4000,3473,0,48774780.000,0,-,-,-,-,3869.6000,3869.4000,3869.2000,3868.8000,3868.6000,3872.6000,3872.8000,3873.6000,3874.8000,3875.2000,1,2,2,3,1,3,1,1,1,1
SF,IF2006,2019-11-21 09:32:47.600,3870.4000,3473,0,48774780.000,0,-,-,-,-,3869.6000,3869.4000,3869.2000,3868.8000,3868.6000,3872.4000,3872.6000,3872.8000,3873.6000,3874.8000,2,2,2,3,1,1,3,1,1,1
SF,IF2006,2019-11-21 09:32:48.100,3870.4000,3473,0,48774780.000,0,-,-,-,-,3869.8000,3869.6000,3869.2000,3868.8000,3868.6000,3872.0000,3872.2000,3872.4000,3872.8000,3873.6000,2,2,2,3,1,1,2,1,1,1
SF,IF2006,2019-11-21 09:32:48.600,3870.4000,3473,0,48774780.000,0,-,-,-,-,3869.8000,3869.2000,3868.8000,3868.6000,3868.4000,3871.8000,3872.0000,3872.4000,3872.8000,3873.6000,2,2,3,1,1,1,1,1,1,1
SF,IF2006,2019-11-21 09:32:49.100,3870.4000,3473,0,48774780.000,0,-,-,-,-,3869.8000,3868.8000,3868.6000,3868.4000,3868.2000,3871.8000,3872.0000,3872.4000,3872.8000,3873.6000,2,3,1,1,1,1,1,1,1,1
SF,IF2006,2019-11-21 09:32:49.600,3870.4000,3473,0,48774780.000,0,-,-,-,-,3868.8000,3868.6000,3868.4000,3868.2000,3867.6000,3871.8000,3872.0000,3872.8000,3873.6000,3874.8000,3,1,1,1,3,1,1,1,1,1
SF,IF2006,2019-11-21 09:32:50.100,3870.4000,3473,0,48774780.000,0,-,-,-,-,3869.0000,3868.8000,3868.6000,3868.4000,3868.2000,3871.8000,3872.0000,3872.8000,3873.6000,3874.8000,4,3,1,1,1,1,1,1,1,1
SF,IF2006,2019-11-21 09:32:51.100,3870.4000,3473,0,48774780.000,0,-,-,-,-,3869.2000,3869.0000,3868.8000,3868.6000,3868.4000,3871.6000,3871.8000,3872.0000,3872.8000,3873.6000,2,4,3,1,1,1,1,1,1,1
SF,IF2006,2019-11-21 09:32:51.600,3870.4000,3473,0,48774780.000,0,-,-,-,-,3869.2000,3868.8000,3868.6000,3868.4000,3868.2000,3871.4000,3871.6000,3872.8000,3873.6000,3874.8000,2,3,1,1,1,1,1,1,1,1
SF,IF2006,2019-11-21 09:32:52.100,3870.4000,3473,0,48774780.000,0,-,-,-,-,3869.6000,3869.2000,3868.8000,3868.6000,3868.4000,3871.4000,3871.6000,3872.8000,3873.6000,3874.8000,1,2,3,1,1,1,1,1,1,1
SF,IF2006,2019-11-21 09:32:52.600,3870.4000,3473,0,48774780.000,0,-,-,-,-,3869.6000,3868.8000,3868.6000,3868.4000,3868.2000,3871.4000,3871.6000,3872.8000,3873.6000,3874.8000,1,3,1,1,1,1,1,1,1,1
SF,IF2006,2019-11-21 09:32:53.100,3870.4000,3473,0,48774780.000,0,-,-,-,-,3868.8000,3868.6000,3868.4000,3868.2000,3867.6000,3871.4000,3871.6000,3872.8000,3873.6000,3874.8000,3,1,1,1,3,1,1,1,1,1
SF,IF2006,2019-11-21 09:32:53.600,3870.4000,3473,0,48774780.000,0,-,-,-,-,3869.0000,3868.8000,3868.6000,3868.4000,3868.2000,3871.4000,3871.6000,3872.8000,3873.6000,3874.8000,1,3,1,1,1,1,1,1,1,1
SF,IF2006,2019-11-21 09:32:54.100,3870.4000,3473,0,48774780.000,0,-,-,-,-,3869.0000,3868.8000,3868.6000,3868.4000,3868.2000,3871.4000,3871.6000,3872.8000,3873.6000,3874.8000,1,3,1,1,1,2,1,1,1,1
SF,IF2006,2019-11-21 09:32:54.600,3870.4000,3473,0,48774780.000,0,-,-,-,-,3869.0000,3868.6000,3868.4000,3868.2000,3867.6000,3871.4000,3871.6000,3872.8000,3873.6000,3874.8000,1,1,1,1,3,2,1,1,1,1
SF,IF2006,2019-11-21 09:32:55.100,3870.4000,3473,0,48774780.000,0,-,-,-,-,3869.0000,3868.6000,3868.4000,3868.2000,3867.6000,3871.4000,3871.6000,3872.8000,3874.8000,3875.2000,1,1,1,1,3,2,1,1,1,1
SF,IF2006,2019-11-21 09:32:56.100,3870.4000,3473,0,48774780.000,0,-,-,-,-,3869.2000,3869.0000,3868.6000,3868.4000,3868.2000,3871.4000,3871.6000,3872.8000,3874.8000,3875.2000,2,1,1,1,1,2,1,1,1,1
SF,IF2006,2019-11-21 09:32:56.600,3871.4000,3473,0,51097620.000,2,1,1,多换,S,3869.4000,3868.6000,3868.4000,3868.2000,3867.6000,3872.4000,3872.8000,3874.8000,3875.2000,3876.6000,3,1,1,1,3,1,1,1,1,9
SF,IF2006,2019-11-21 09:32:57.100,3871.4000,3473,0,51097620.000,0,-,-,-,-,3869.6000,3869.4000,3868.6000,3868.4000,3868.2000,3872.4000,3874.8000,3875.2000,3876.6000,3887.0000,1,4,1,1,1,1,1,1,9,1
SF,IF2006,2019-11-21 09:32:57.600,3871.4000,3473,0,51097620.000,0,-,-,-,-,3870.0000,3869.8000,3869.6000,3869.4000,3868.6000,3872.4000,3874.8000,3875.2000,3876.6000,3887.0000,2,2,1,1,1,1,1,1,9,1
SF,IF2006,2019-11-21 09:32:58.100,3871.4000,3473,0,51097620.000,0,-,-,-,-,3870.2000,3870.0000,3869.6000,3869.4000,3868.6000,3872.4000,3874.8000,3875.2000,3876.6000,3887.0000,1,2,1,1,1,1,1,1,9,1
SF,IF2006,2019-11-21 09:32:59.100,3871.4000,3473,0,51097620.000,0,-,-,-,-,3870.2000,3870.0000,3869.4000,3868.6000,3868.4000,3872.4000,3874.8000,3875.2000,3876.6000,3887.0000,1,2,1,1,1,1,1,1,9,1
SF,IF2006,2019-11-21 09:33:00.100,3871.4000,3473,0,51097620.000,0,-,-,-,-,3870.4000,3870.2000,3868.6000,3868.4000,3868.2000,3872.2000,3872.4000,3874.8000,3875.2000,3876.6000,2,1,1,1,1,1,1,1,1,9
SF,IF2006,2019-11-21 09:33:00.600,3871.4000,3473,0,51097620.000,0,-,-,-,-,3868.6000,3868.4000,3868.2000,3867.6000,3867.4000,3872.0000,3872.2000,3874.8000,3875.2000,3876.6000,1,1,1,3,3,2,1,1,1,9
SF,IF2006,2019-11-21 09:33:01.100,3871.4000,3473,0,51097620.000,0,-,-,-,-,3868.8000,3868.6000,3868.4000,3868.2000,3867.6000,3871.8000,3872.0000,3874.8000,3875.2000,3876.6000,4,1,1,1,3,1,1,1,1,9
SF,IF2006,2019-11-21 09:33:01.600,3871.4000,3473,0,51097620.000,0,-,-,-,-,3869.2000,3869.0000,3868.8000,3868.6000,3868.4000,3871.8000,3874.8000,3875.2000,3876.6000,3887.0000,2,2,1,1,1,1,1,1,9,1
SF,IF2006,2019-11-21 09:33:02.100,3871.4000,3473,0,51097620.000,0,-,-,-,-,3869.4000,3869.2000,3868.8000,3868.6000,3868.4000,3870.4000,3871.6000,3871.8000,3874.8000,3875.2000,1,2,1,1,1,1,1,1,1,1
SF,IF2006,2019-11-21 09:33:02.600,3870.6000,3473,0,52258800.000,1,0,1,多换,S,3869.4000,3869.2000,3868.8000,3868.6000,3868.4000,3871.6000,3874.8000,3875.2000,3876.6000,3887.0000,1,2,1,1,1,2,1,1,9,1
SF,IF2006,2019-11-21 09:33:03.100,3870.6000,3473,0,52258800.000,0,-,-,-,-,3869.6000,3869.4000,3868.8000,3868.6000,3868.4000,3871.6000,3874.8000,3875.2000,3876.6000,3887.0000,2,1,1,1,1,2,1,1,9,1
SF,IF2006,2019-11-21 09:33:03.600,3870.6000,3473,0,52258800.000,0,-,-,-,-,3869.8000,3869.6000,3868.8000,3868.6000,3868.4000,3871.6000,3874.8000,3875.2000,3876.6000,3887.0000,1,2,1,1,1,2,1,1,9,1
SF,IF2006,2019-11-21 09:33:04.100,3870.6000,3473,0,52258800.000,0,-,-,-,-,3869.8000,3869.6000,3868.8000,3868.6000,3868.4000,3871.4000,3871.6000,3874.8000,3875.2000,3876.6000,1,2,1,1,1,1,2,1,1,9
SF,IF2006,2019-11-21 09:33:04.600,3870.6000,3473,0,52258800.000,0,-,-,-,-,3869.8000,3869.6000,3868.6000,3868.4000,3868.2000,3871.4000,3871.6000,3874.8000,3875.2000,3876.6000,1,2,1,1,1,1,1,1,1,9
SF,IF2006,2019-11-21 09:33:05.600,3870.6000,3473,0,52258800.000,0,-,-,-,-,3869.8000,3868.6000,3868.4000,3868.2000,3867.6000,3871.4000,3871.6000,3874.8000,3875.2000,3876.6000,1,1,1,1,3,1,1,1,1,9
SF,IF2006,2019-11-21 09:33:08.100,3870.6000,3473,0,52258800.000,0,-,-,-,-,3869.8000,3868.4000,3868.2000,3867.6000,3867.4000,3871.4000,3871.6000,3874.8000,3875.2000,3876.6000,1,1,1,3,3,1,1,1,1,9
SF,IF2006,2019-11-21 09:33:08.600,3870.6000,3473,0,52258800.000,0,-,-,-,-,3868.4000,3868.2000,3867.6000,3867.4000,3863.0000,3871.4000,3871.6000,3874.8000,3875.2000,3876.6000,1,1,3,3,1,1,1,1,1,9
SF,IF2006,2019-11-21 09:33:09.100,3870.6000,3473,0,52258800.000,0,-,-,-,-,3868.6000,3867.6000,3867.4000,3863.0000,3861.0000,3871.4000,3871.6000,3874.8000,3875.2000,3876.6000,1,3,3,1,2,1,1,1,1,9
SF,IF2006,2019-11-21 09:33:10.100,3870.6000,3473,0,52258800.000,0,-,-,-,-,3868.8000,3868.6000,3867.6000,3867.4000,3863.0000,3869.8000,3871.4000,3871.6000,3874.8000,3875.2000,1,1,3,3,1,1,1,1,1,1
SF,IF2006,2019-11-21 09:33:10.600,3870.6000,3473,0,52258800.000,0,-,-,-,-,3868.8000,3867.6000,3867.4000,3863.0000,3861.0000,3869.8000,3871.6000,3874.8000,3875.2000,3876.6000,1,3,3,1,2,1,1,1,1,9
SF,IF2006,2019-11-21 09:33:11.100,3870.6000,3473,0,52258800.000,0,-,-,-,-,3867.6000,3867.4000,3863.0000,3861.0000,3860.2000,3869.8000,3871.6000,3874.8000,3875.2000,3876.6000,3,3,1,2,1,1,1,1,1,9
SF,IF2006,2019-11-21 09:33:11.600,3870.6000,3473,0,52258800.000,0,-,-,-,-,3867.8000,3867.6000,3867.4000,3863.0000,3861.0000,3869.8000,3871.6000,3874.8000,3875.2000,3876.6000,4,3,3,1,2,1,1,1,1,9
SF,IF2006,2019-11-21 09:33:12.600,3870.6000,3473,0,52258800.000,0,-,-,-,-,3868.0000,3867.8000,3867.6000,3867.4000,3863.0000,3869.8000,3874.8000,3875.2000,3876.6000,3887.0000,1,4,3,3,1,1,1,1,9,1
SF,IF2006,2019-11-21 09:33:13.100,3870.6000,3473,0,52258800.000,0,-,-,-,-,3868.2000,3868.0000,3867.8000,3867.6000,3867.4000,3869.8000,3874.8000,3875.2000,3876.6000,3887.0000,2,1,2,3,3,1,1,1,9,1
SF,IF2006,2019-11-21 09:33:13.600,3870.6000,3473,0,52258800.000,0,-,-,-,-,3868.2000,3867.6000,3867.4000,3863.0000,3861.0000,3869.8000,3874.8000,3875.2000,3876.6000,3887.0000,2,3,3,1,2,1,1,1,9,1
SF,IF2006,2019-11-21 09:33:14.600,3869.8000,3473,0,53419740.000,1,0,1,多换,S,3868.2000,3868.0000,3867.6000,3867.4000,3863.0000,3874.8000,3875.2000,3876.6000,3887.0000,3893.8000,2,1,3,3,1,1,1,9,1,1
SF,IF2006,2019-11-21 09:33:15.100,3869.8000,3473,0,53419740.000,0,-,-,-,-,3868.4000,3868.2000,3868.0000,3867.6000,3867.4000,3871.8000,3872.2000,3872.8000,3874.4000,3874.8000,4,2,1,3,3,3,1,1,1,1
SF,IF2006,2019-11-21 09:33:15.600,3869.8000,3473,0,53419740.000,0,-,-,-,-,3868.6000,3868.4000,3868.0000,3867.6000,3867.4000,3871.6000,3872.2000,3874.4000,3874.8000,3875.2000,2,5,1,3,3,2,1,1,1,1
SF,IF2006,2019-11-21 09:33:16.100,3869.8000,3473,0,53419740.000,0,-,-,-,-,3869.2000,3868.8000,3868.6000,3868.4000,3868.0000,3871.6000,3872.2000,3874.4000,3874.8000,3875.2000,2,1,2,3,1,2,1,1,1,1
SF,IF2006,2019-11-21 09:33:16.600,3869.8000,3473,0,53419740.000,0,-,-,-,-,3869.4000,3869.2000,3869.0000,3868.8000,3868.4000,3871.6000,3872.2000,3874.4000,3874.8000,3875.2000,1,2,1,1,2,2,1,1,1,1
SF,IF2006,2019-11-21 09:33:17.100,3869.8000,3473,0,53419740.000,0,-,-,-,-,3869.4000,3869.2000,3868.8000,3868.4000,3868.0000,3871.6000,3872.2000,3874.4000,3874.8000,3875.2000,1,2,1,2,1,2,1,1,1,1
SF,IF2006,2019-11-21 09:33:17.600,3869.8000,3473,0,53419740.000,0,-,-,-,-,3869.2000,3868.8000,3868.4000,3868.0000,3867.6000,3871.6000,3872.2000,3874.4000,3874.8000,3875.2000,2,1,2,1,3,2,1,1,1,1
SF,IF2006,2019-11-21 09:33:18.600,3869.8000,3473,0,53419740.000,0,-,-,-,-,3869.2000,3868.8000,3868.0000,3867.6000,3867.4000,3871.6000,3872.2000,3874.4000,3874.8000,3875.2000,2,1,1,3,3,2,1,1,1,1
SF,IF2006,2019-11-21 09:33:20.600,3869.8000,3473,0,53419740.000,0,-,-,-,-,3868.0000,3867.6000,3867.4000,3863.0000,3861.0000,3871.6000,3872.2000,3874.4000,3874.8000,3875.2000,1,3,3,1,2,2,1,1,1,1
SF,IF2006,2019-11-21 09:33:21.100,3869.8000,3473,0,53419740.000,0,-,-,-,-,3868.2000,3868.0000,3867.6000,3867.4000,3863.0000,3871.6000,3872.2000,3874.4000,3874.8000,3875.2000,2,1,3,3,1,2,1,1,1,1
SF,IF2006,2019-11-21 09:33:21.600,3869.8000,3473,0,53419740.000,0,-,-,-,-,3868.6000,3868.4000,3868.2000,3868.0000,3867.6000,3871.2000,3871.6000,3872.2000,3874.4000,3874.8000,2,1,3,1,3,1,2,1,1,1
SF,IF2006,2019-11-21 09:33:22.100,3869.8000,3473,0,53419740.000,0,-,-,-,-,3868.6000,3868.4000,3868.0000,3867.6000,3867.4000,3871.0000,3871.2000,3872.2000,3874.4000,3874.8000,2,1,1,3,3,2,1,1,1,1
SF,IF2006,2019-11-21 09:33:23.600,3869.8000,3473,0,53419740.000,0,-,-,-,-,3868.6000,3868.4000,3868.0000,3867.6000,3867.4000,3871.0000,3872.2000,3874.4000,3874.8000,3875.2000,2,1,1,3,3,2,1,1,1,1
SF,IF2006,2019-11-21 09:33:24.100,3869.8000,3473,0,53419740.000,0,-,-,-,-,3868.8000,3868.6000,3868.4000,3868.0000,3867.6000,3871.0000,3872.2000,3874.4000,3874.8000,3875.2000,1,2,1,1,3,2,1,1,1,1
SF,IF2006,2019-11-21 09:33:24.600,3869.8000,3473,0,53419740.000,0,-,-,-,-,3868.8000,3868.6000,3868.4000,3868.0000,3867.6000,3870.8000,3871.0000,3872.2000,3874.4000,3874.8000,1,2,1,1,3,1,2,1,1,1
SF,IF2006,2019-11-21 09:33:25.100,3869.8000,3473,0,53419740.000,0,-,-,-,-,3868.8000,3868.6000,3868.0000,3867.6000,3867.4000,3870.6000,3870.8000,3872.2000,3874.4000,3874.8000,1,2,1,3,3,1,1,1,1,1
SF,IF2006,2019-11-21 09:33:25.600,3869.8000,3473,0,53419740.000,0,-,-,-,-,3868.8000,3868.0000,3867.6000,3867.4000,3863.0000,3870.6000,3870.8000,3872.2000,3874.4000,3874.8000,1,1,3,3,1,1,1,1,1,1
SF,IF2006,2019-11-21 09:33:26.100,3869.8000,3473,0,53419740.000,0,-,-,-,-,3868.8000,3868.0000,3867.6000,3867.4000,3863.0000,3870.6000,3870.8000,3872.2000,3874.4000,3874.8000,1,1,5,3,1,1,1,1,1,1
SF,IF2006,2019-11-21 09:33:27.600,3869.8000,3473,0,53419740.000,0,-,-,-,-,3869.2000,3868.8000,3868.0000,3867.6000,3867.4000,3870.6000,3872.2000,3874.4000,3874.8000,3875.2000,2,1,1,3,3,1,1,1,1,1
SF,IF2006,2019-11-21 09:33:28.100,3869.8000,3473,0,53419740.000,0,-,-,-,-,3869.2000,3868.0000,3867.6000,3867.4000,3863.0000,3870.6000,3872.2000,3874.4000,3874.8000,3875.2000,2,1,3,3,1,1,1,1,1,1
SF,IF2006,2019-11-21 09:33:30.600,3869.8000,3473,0,53419740.000,0,-,-,-,-,3868.0000,3867.6000,3867.4000,3863.0000,3861.0000,3870.6000,3872.2000,3874.4000,3874.8000,3875.2000,1,3,3,1,2,1,1,1,1,1
SF,IF2006,2019-11-21 09:33:31.100,3869.8000,3473,0,53419740.000,0,-,-,-,-,3868.2000,3868.0000,3867.6000,3867.4000,3863.0000,3872.2000,3874.4000,3874.8000,3875.2000,3876.6000,4,1,3,3,1,1,1,1,1,9
SF,IF2006,2019-11-21 09:33:31.600,3869.8000,3473,0,53419740.000,0,-,-,-,-,3868.8000,3868.2000,3868.0000,3867.6000,3867.4000,3872.0000,3872.2000,3874.4000,3874.8000,3875.2000,2,4,1,3,3,3,1,1,1,1
SF,IF2006,2019-11-21 09:33:32.100,3869.8000,3473,0,53419740.000,0,-,-,-,-,3868.8000,3868.0000,3867.6000,3867.4000,3863.0000,3872.0000,3872.2000,3874.4000,3874.8000,3875.2000,2,1,3,3,1,4,1,1,1,1
SF,IF2006,2019-11-21 09:33:32.600,3869.8000,3473,0,53419740.000,0,-,-,-,-,3869.0000,3868.8000,3868.0000,3867.6000,3867.4000,3872.0000,3872.2000,3874.4000,3874.8000,3875.2000,1,2,1,3,3,3,1,1,1,1
SF,IF2006,2019-11-21 09:33:33.100,3869.8000,3473,0,53419740.000,0,-,-,-,-,3868.8000,3868.0000,3867.6000,3867.4000,3863.0000,3871.6000,3871.8000,3872.0000,3872.2000,3874.4000,2,1,3,3,1,1,2,4,1,1
SF,IF2006,2019-11-21 09:33:33.600,3869.8000,3473,0,53419740.000,0,-,-,-,-,3868.8000,3868.0000,3867.6000,3867.4000,3863.0000,3871.4000,3871.6000,3871.8000,3872.0000,3872.2000,2,1,3,3,1,3,2,2,1,1
SF,IF2006,2019-11-21 09:33:34.100,3869.8000,3473,0,53419740.000,0,-,-,-,-,3868.8000,3868.0000,3867.4000,3863.0000,3861.0000,3871.4000,3871.6000,3871.8000,3872.0000,3872.2000,2,1,3,1,2,3,2,2,1,1
SF,IF2006,2019-11-21 09:33:34.600,3869.8000,3473,0,53419740.000,0,-,-,-,-,3868.0000,3867.4000,3863.0000,3861.0000,3860.2000,3871.0000,3871.4000,3871.6000,3871.8000,3872.0000,1,3,1,2,1,1,3,2,1,1
SF,IF2006,2019-11-21 09:33:35.100,3869.8000,3473,0,53419740.000,0,-,-,-,-,3868.2000,3868.0000,3867.4000,3863.0000,3861.0000,3870.8000,3871.0000,3871.6000,3871.8000,3872.0000,1,1,3,1,2,2,1,2,1,1
SF,IF2006,2019-11-21 09:33:35.600,3869.8000,3473,0,53419740.000,0,-,-,-,-,3868.2000,3868.0000,3863.0000,3861.0000,3860.2000,3870.8000,3871.0000,3871.6000,3871.8000,3872.0000,1,1,1,2,1,2,1,1,1,1
SF,IF2006,2019-11-21 09:33:36.100,3869.8000,3473,0,53419740.000,0,-,-,-,-,3868.4000,3868.0000,3863.0000,3861.0000,3860.2000,3870.8000,3871.0000,3871.6000,3871.8000,3872.0000,1,1,1,2,1,2,1,1,1,1
SF,IF2006,2019-11-21 09:33:36.600,3869.8000,3473,0,53419740.000,0,-,-,-,-,3868.0000,3863.0000,3861.0000,3860.2000,3860.0000,3870.8000,3871.6000,3871.8000,3872.0000,3872.2000,1,1,2,1,1,2,1,1,1,1
SF,IF2006,2019-11-21 09:33:37.100,3869.8000,3473,0,53419740.000,0,-,-,-,-,3868.2000,3868.0000,3863.0000,3861.0000,3860.2000,3870.8000,3871.6000,3871.8000,3872.0000,3872.2000,1,1,1,2,1,2,1,1,1,1
SF,IF2006,2019-11-21 09:33:37.600,3869.8000,3473,0,53419740.000,0,-,-,-,-,3868.4000,3868.2000,3868.0000,3863.0000,3861.0000,3870.8000,3871.6000,3871.8000,3872.0000,3872.2000,2,1,1,1,2,2,1,1,1,1
SF,IF2006,2019-11-21 09:33:38.100,3869.8000,3473,0,53419740.000,0,-,-,-,-,3868.4000,3868.0000,3863.0000,3861.0000,3860.2000,3870.8000,3871.6000,3871.8000,3872.0000,3872.2000,2,1,1,2,1,2,1,1,1,1
SF,IF2006,2019-11-21 09:33:41.100,3869.8000,3473,0,53419740.000,0,-,-,-,-,3868.4000,3868.0000,3863.0000,3861.0000,3860.2000,3870.8000,3871.6000,3871.8000,3872.2000,3874.4000,2,1,1,2,1,2,1,1,1,1
SF,IF2006,2019-11-21 09:33:41.600,3869.8000,3473,0,53419740.000,0,-,-,-,-,3868.6000,3868.0000,3863.0000,3861.0000,3860.2000,3871.6000,3871.8000,3872.2000,3874.4000,3874.8000,1,1,1,2,1,1,1,1,1,1
SF,IF2006,2019-11-21 09:33:42.100,3869.8000,3473,0,53419740.000,0,-,-,-,-,3869.0000,3868.6000,3868.0000,3863.0000,3861.0000,3871.4000,3872.2000,3874.4000,3874.8000,3875.2000,2,1,1,1,2,1,1,1,1,1
SF,IF2006,2019-11-21 09:33:42.600,3869.8000,3473,0,53419740.000,0,-,-,-,-,3869.0000,3868.0000,3863.0000,3861.0000,3860.2000,3871.4000,3872.2000,3874.4000,3874.8000,3875.2000,2,1,1,2,1,1,1,1,1,1
SF,IF2006,2019-11-21 09:33:43.100,3869.8000,3473,0,53419740.000,0,-,-,-,-,3869.6000,3869.0000,3868.0000,3863.0000,3861.0000,3871.4000,3872.2000,3874.4000,3874.8000,3875.2000,1,2,1,1,2,1,1,1,1,1
SF,IF2006,2019-11-21 09:33:45.600,3869.8000,3473,0,53419740.000,0,-,-,-,-,3869.8000,3869.6000,3868.0000,3863.0000,3861.0000,3871.2000,3871.4000,3872.2000,3874.4000,3874.8000,2,1,1,1,2,1,1,1,1,1
SF,IF2006,2019-11-21 09:33:46.100,3869.8000,3473,0,53419740.000,0,-,-,-,-,3869.8000,3869.6000,3868.0000,3863.0000,3861.0000,3871.0000,3871.2000,3872.2000,3874.4000,3874.8000,2,1,1,1,2,1,1,1,1,1
SF,IF2006,2019-11-21 09:33:47.100,3869.8000,3473,0,53419740.000,0,-,-,-,-,3869.6000,3868.0000,3863.0000,3861.0000,3860.2000,3869.8000,3871.0000,3871.2000,3872.2000,3874.4000,1,1,1,2,1,1,1,1,1,1
SF,IF2006,2019-11-21 09:33:47.600,3869.8000,3472,-1,54580680.000,1,0,1,双平,S,3869.6000,3868.6000,3868.0000,3863.0000,3861.0000,3869.8000,3871.2000,3872.2000,3874.4000,3874.8000,1,2,1,1,2,1,1,1,1,1
SF,IF2006,2019-11-21 09:33:48.100,3869.8000,3472,0,55741620.000,1,0,1,多换,S,3869.6000,3868.6000,3868.0000,3863.0000,3861.0000,3871.2000,3872.2000,3874.4000,3874.8000,3875.2000,1,2,1,1,2,1,1,1,1,1
SF,IF2006,2019-11-21 09:33:48.600,3869.8000,3472,0,55741620.000,0,-,-,-,-,3869.6000,3868.6000,3868.0000,3863.0000,3861.0000,3871.0000,3871.2000,3872.2000,3874.4000,3874.8000,1,2,1,1,2,2,1,1,1,1
SF,IF2006,2019-11-21 09:33:49.100,3869.6000,3472,0,56902500.000,1,0,1,多换,S,3868.6000,3868.0000,3863.0000,3861.0000,3860.2000,3871.0000,3871.2000,3872.2000,3874.4000,3874.8000,2,1,1,2,1,2,1,1,1,1
SF,IF2006,2019-11-21 09:33:49.600,3869.6000,3472,0,56902500.000,0,-,-,-,-,3868.8000,3868.6000,3868.0000,3863.0000,3861.0000,3871.0000,3871.2000,3872.2000,3874.4000,3874.8000,1,2,1,1,2,2,1,1,1,1
SF,IF2006,2019-11-21 09:33:50.100,3869.6000,3472,0,56902500.000,0,-,-,-,-,3868.8000,3868.6000,3868.0000,3863.0000,3861.0000,3870.8000,3871.2000,3872.2000,3874.4000,3874.8000,1,2,1,1,2,1,1,1,1,1
SF,IF2006,2019-11-21 09:33:50.600,3869.6000,3472,0,56902500.000,0,-,-,-,-,3869.2000,3868.8000,3868.0000,3863.0000,3861.0000,3870.8000,3871.2000,3872.2000,3874.4000,3874.8000,2,1,1,1,2,1,1,1,1,1
SF,IF2006,2019-11-21 09:33:51.100,3869.6000,3472,0,56902500.000,0,-,-,-,-,3869.2000,3868.0000,3863.0000,3861.0000,3860.2000,3870.8000,3871.2000,3872.2000,3874.4000,3874.8000,2,1,1,2,1,1,1,1,1,1
SF,IF2006,2019-11-21 09:33:54.600,3869.2000,3473,1,58063260.000,1,1,0,双开,S,3868.2000,3868.0000,3863.0000,3861.0000,3860.2000,3869.2000,3870.8000,3871.2000,3872.2000,3874.4000,1,1,1,2,1,1,1,1,1,1
SF,IF2006,2019-11-21 09:33:55.100,3869.2000,3473,0,59224020.000,1,0,1,多换,S,3868.4000,3868.0000,3863.0000,3861.0000,3860.2000,3871.2000,3872.2000,3874.4000,3874.8000,3875.2000,1,1,1,2,1,1,1,1,1,1
SF,IF2006,2019-11-21 09:33:55.600,3869.2000,3473,0,59224020.000,0,-,-,-,-,3868.4000,3868.0000,3863.0000,3861.0000,3860.2000,3871.0000,3871.2000,3872.2000,3874.4000,3874.8000,1,1,1,2,1,1,1,1,1,1
SF,IF2006,2019-11-21 09:33:58.100,3869.2000,3473,0,59224020.000,0,-,-,-,-,3868.6000,3868.4000,3868.0000,3863.0000,3861.0000,3870.8000,3871.0000,3871.2000,3872.2000,3874.4000,1,1,1,1,2,1,1,1,1,1
SF,IF2006,2019-11-21 09:33:58.600,3869.2000,3473,0,59224020.000,0,-,-,-,-,3868.8000,3868.6000,3868.0000,3863.0000,3861.0000,3870.8000,3871.2000,3872.2000,3874.4000,3874.8000,1,1,1,1,2,1,1,1,1,1
SF,IF2006,2019-11-21 09:33:59.100,3869.2000,3473,0,59224020.000,0,-,-,-,-,3868.8000,3868.6000,3868.0000,3863.0000,3861.0000,3871.2000,3872.2000,3874.4000,3874.8000,3875.2000,1,1,1,1,2,1,1,1,1,1
SF,IF2006,2019-11-21 09:33:59.600,3869.2000,3473,0,59224020.000,0,-,-,-,-,3868.8000,3868.6000,3868.0000,3863.0000,3861.0000,3871.0000,3871.2000,3872.2000,3874.4000,3874.8000,1,1,1,1,2,1,1,1,1,1
SF,IF2006,2019-11-21 09:34:00.100,3869.2000,3473,0,59224020.000,0,-,-,-,-,3868.8000,3868.6000,3868.0000,3863.0000,3861.0000,3871.0000,3871.2000,3872.2000,3874.4000,3874.8000,1,1,1,1,2,2,1,1,1,1
SF,IF2006,2019-11-21 09:34:00.600,3869.2000,3473,0,59224020.000,0,-,-,-,-,3869.0000,3868.8000,3868.0000,3863.0000,3861.0000,3871.0000,3871.2000,3872.2000,3874.4000,3874.8000,1,1,1,1,2,2,1,1,1,1
SF,IF2006,2019-11-21 09:34:01.100,3869.2000,3473,0,59224020.000,0,-,-,-,-,3869.0000,3868.0000,3863.0000,3861.0000,3860.2000,3871.0000,3871.2000,3872.2000,3874.4000,3874.8000,1,1,1,2,1,2,1,1,1,1
SF,IF2006,2019-11-21 09:34:01.600,3869.2000,3473,0,59224020.000,0,-,-,-,-,3868.0000,3863.0000,3861.0000,3860.2000,3860.0000,3871.0000,3871.2000,3872.2000,3874.4000,3874.8000,1,1,2,1,1,2,1,1,1,1
SF,IF2006,2019-11-21 09:34:02.100,3869.2000,3473,0,59224020.000,0,-,-,-,-,3868.2000,3868.0000,3863.0000,3861.0000,3860.2000,3870.8000,3871.0000,3871.2000,3872.2000,3874.4000,1,1,1,2,1,1,2,1,1,1
SF,IF2006,2019-11-21 09:34:02.600,3869.2000,3473,0,59224020.000,0,-,-,-,-,3868.2000,3868.0000,3863.0000,3861.0000,3860.2000,3870.6000,3870.8000,3871.2000,3872.2000,3874.4000,1,1,1,2,1,3,1,1,1,1
SF,IF2006,2019-11-21 09:34:03.100,3869.2000,3473,0,59224020.000,0,-,-,-,-,3868.0000,3863.0000,3861.0000,3860.2000,3860.0000,3870.6000,3870.8000,3871.2000,3872.2000,3874.4000,1,1,2,1,1,3,1,1,1,1
SF,IF2006,2019-11-21 09:34:04.100,3869.2000,3473,0,59224020.000,0,-,-,-,-,3868.0000,3863.0000,3861.0000,3860.2000,3860.0000,3870.4000,3870.6000,3870.8000,3871.2000,3872.2000,1,1,2,1,1,1,2,1,1,1
SF,IF2006,2019-11-21 09:34:04.600,3869.2000,3473,0,59224020.000,0,-,-,-,-,3868.2000,3868.0000,3863.0000,3861.0000,3860.2000,3870.2000,3870.4000,3870.6000,3871.2000,3872.2000,1,1,1,2,1,1,1,1,1,1
SF,IF2006,2019-11-21 09:34:05.100,3869.2000,3473,0,59224020.000,0,-,-,-,-,3868.2000,3868.0000,3863.0000,3861.0000,3860.2000,3870.2000,3870.4000,3871.2000,3872.2000,3874.4000,1,1,1,2,1,1,1,1,1,1
SF,IF2006,2019-11-21 09:34:05.600,3869.2000,3473,0,59224020.000,0,-,-,-,-,3868.2000,3868.0000,3863.0000,3861.0000,3860.2000,3870.2000,3871.2000,3872.2000,3874.4000,3874.8000,1,1,1,2,1,1,1,1,1,1
SF,IF2006,2019-11-21 09:34:07.600,3870.2000,3472,-1,60385080.000,1,0,1,双平,S,3868.6000,3868.2000,3868.0000,3863.0000,3861.0000,3871.2000,3872.2000,3874.4000,3874.8000,3875.2000,2,1,1,1,2,1,2,1,1,1
SF,IF2006,2019-11-21 09:34:08.100,3870.2000,3472,0,60385080.000,0,-,-,-,-,3868.8000,3868.6000,3868.0000,3863.0000,3861.0000,3872.2000,3874.4000,3874.8000,3875.2000,3876.6000,2,2,1,1,2,1,1,1,1,9
SF,IF2006,2019-11-21 09:34:08.600,3870.2000,3472,0,60385080.000,0,-,-,-,-,3868.8000,3868.6000,3868.0000,3863.0000,3861.0000,3872.0000,3872.2000,3874.4000,3874.8000,3875.2000,2,2,1,1,2,3,1,1,1,1
SF,IF2006,2019-11-21 09:34:09.100,3870.2000,3472,0,60385080.000,0,-,-,-,-,3868.8000,3868.6000,3868.0000,3863.0000,3861.0000,3872.0000,3872.2000,3874.4000,3874.8000,3875.2000,2,1,1,1,2,3,1,1,1,1
SF,IF2006,2019-11-21 09:34:09.600,3870.2000,3472,0,60385080.000,0,-,-,-,-,3869.0000,3868.8000,3868.6000,3868.0000,3863.0000,3872.0000,3872.2000,3874.4000,3874.8000,3875.2000,1,2,1,1,1,3,1,1,1,1
SF,IF2006,2019-11-21 09:34:10.100,3870.2000,3472,0,60385080.000,0,-,-,-,-,3869.2000,3869.0000,3868.0000,3863.0000,3861.0000,3871.6000,3872.0000,3872.2000,3874.4000,3874.8000,1,1,1,1,2,1,3,1,1,1
SF,IF2006,2019-11-21 09:34:10.600,3870.2000,3472,0,60385080.000,0,-,-,-,-,3869.2000,3868.0000,3863.0000,3861.0000,3860.2000,3871.4000,3871.6000,3872.0000,3872.2000,3874.4000,1,1,1,2,1,1,1,1,1,1
SF,IF2006,2019-11-21 09:34:12.600,3870.2000,3472,0,60385080.000,0,-,-,-,-,3869.2000,3868.0000,3863.0000,3861.0000,3860.2000,3871.4000,3871.6000,3872.2000,3874.4000,3874.8000,1,1,1,2,1,1,1,1,1,1
SF,IF2006,2019-11-21 09:34:13.100,3870.2000,3472,0,60385080.000,0,-,-,-,-,3869.2000,3868.0000,3863.0000,3861.0000,3860.2000,3872.2000,3874.4000,3874.8000,3875.2000,3876.6000,1,1,1,2,1,1,1,1,1,9
SF,IF2006,2019-11-21 09:34:13.600,3870.2000,3472,0,60385080.000,0,-,-,-,-,3871.4000,3869.2000,3868.0000,3863.0000,3861.0000,3874.4000,3874.8000,3875.2000,3876.6000,3879.0000,1,1,1,1,2,1,1,1,9,1
SF,IF2006,2019-11-21 09:34:14.100,3871.4000,3473,1,61546500.000,1,1,0,双开,S,3869.4000,3868.0000,3863.0000,3861.0000,3860.2000,3871.4000,3873.6000,3873.8000,3874.2000,3874.4000,1,1,1,2,1,1,1,3,1,1
SF,IF2006,2019-11-21 09:34:14.600,3871.4000,3473,0,61546500.000,0,-,-,-,-,3869.8000,3868.0000,3863.0000,3861.0000,3860.2000,3871.4000,3874.2000,3874.4000,3874.8000,3875.2000,3,1,1,2,1,1,1,1,1,1
SF,IF2006,2019-11-21 09:34:15.100,3871.4000,3473,0,62707920.000,1,0,1,多换,S,3869.8000,3868.0000,3863.0000,3861.0000,3860.2000,3874.2000,3874.4000,3874.8000,3875.2000,3876.6000,3,1,1,2,1,1,1,1,1,9
SF,IF2006,2019-11-21 09:34:15.600,3871.4000,3473,0,62707920.000,0,-,-,-,-,3869.8000,3868.0000,3863.0000,3861.0000,3860.2000,3873.2000,3874.0000,3874.2000,3874.8000,3875.2000,3,1,1,2,1,1,4,1,1,1
SF,IF2006,2019-11-21 09:34:16.100,3871.4000,3473,0,62707920.000,0,-,-,-,-,3869.8000,3868.0000,3863.0000,3861.0000,3860.2000,3872.6000,3873.0000,3873.2000,3873.8000,3874.2000,3,1,1,2,1,1,1,1,1,1
SF,IF2006,2019-11-21 09:34:16.600,3871.4000,3473,0,62707920.000,0,-,-,-,-,3870.2000,3869.8000,3868.0000,3863.0000,3861.0000,3872.6000,3872.8000,3873.2000,3873.8000,3874.2000,1,3,1,1,2,1,1,1,1,1
SF,IF2006,2019-11-21 09:34:17.100,3871.4000,3473,0,62707920.000,0,-,-,-,-,3870.6000,3870.2000,3868.0000,3863.0000,3861.0000,3872.6000,3872.8000,3873.2000,3873.8000,3874.2000,3,1,1,1,2,1,1,1,1,1
SF,IF2006,2019-11-21 09:34:17.600,3871.4000,3473,0,62707920.000,0,-,-,-,-,3870.6000,3870.2000,3868.0000,3863.0000,3861.0000,3873.2000,3874.2000,3874.8000,3875.2000,3876.6000,3,1,1,1,2,1,1,1,1,9
SF,IF2006,2019-11-21 09:34:18.100,3871.4000,3473,0,62707920.000,0,-,-,-,-,3872.6000,3870.6000,3870.2000,3869.6000,3868.0000,3873.2000,3874.4000,3874.8000,3875.2000,3876.6000,1,3,1,2,1,1,1,1,1,9
SF,IF2006,2019-11-21 09:34:18.600,3872.2000,3473,0,63869580.000,1,0,1,多换,S,3871.0000,3869.6000,3868.0000,3863.0000,3861.0000,3872.6000,3873.0000,3874.4000,3874.8000,3875.2000,1,2,1,1,2,2,1,1,1,1
SF,IF2006,2019-11-21 09:34:19.100,3872.2000,3473,0,63869580.000,0,-,-,-,-,3871.2000,3871.0000,3869.6000,3868.0000,3863.0000,3872.6000,3873.0000,3874.4000,3874.8000,3875.2000,1,1,2,1,1,2,1,1,1,1
SF,IF2006,2019-11-21 09:34:20.100,3872.2000,3473,0,63869580.000,0,-,-,-,-,3871.2000,3871.0000,3869.6000,3868.0000,3863.0000,3872.6000,3873.0000,3874.4000,3874.8000,3875.2000,1,1,2,1,1,1,1,1,1,1
SF,IF2006,2019-11-21 09:34:20.600,3871.2000,3472,-1,65030940.000,1,0,1,双平,S,3870.2000,3869.6000,3868.0000,3863.0000,3861.0000,3872.6000,3873.0000,3873.2000,3874.4000,3874.8000,1,2,1,1,2,1,1,1,1,1
SF,IF2006,2019-11-21 09:34:21.100,3871.2000,3472,0,65030940.000,0,-,-,-,-,3870.2000,3869.6000,3868.0000,3863.0000,3861.0000,3872.4000,3872.6000,3873.0000,3874.4000,3874.8000,1,2,1,1,2,1,1,1,1,1
SF,IF2006,2019-11-21 09:34:21.600,3871.2000,3472,0,65030940.000,0,-,-,-,-,3870.4000,3870.2000,3868.0000,3863.0000,3861.0000,3872.4000,3872.6000,3873.0000,3874.4000,3874.8000,1,1,1,1,2,1,1,1,1,1
SF,IF2006,2019-11-21 09:34:22.100,3871.2000,3472,0,65030940.000,0,-,-,-,-,3870.4000,3868.0000,3863.0000,3861.0000,3860.2000,3872.0000,3872.4000,3872.6000,3874.4000,3874.8000,1,1,1,2,1,1,1,1,1,1
SF,IF2006,2019-11-21 09:34:22.600,3870.4000,3471,-1,66192060.000,1,0,1,双平,S,3868.2000,3868.0000,3863.0000,3861.0000,3860.2000,3871.8000,3872.0000,3872.2000,3872.6000,3874.4000,1,1,1,2,1,1,1,2,1,1
SF,IF2006,2019-11-21 09:34:23.100,3870.4000,3471,0,66192060.000,0,-,-,-,-,3868.8000,3868.4000,3868.0000,3863.0000,3861.0000,3871.8000,3872.0000,3872.2000,3872.6000,3874.4000,3,2,1,1,2,1,1,1,1,1
SF,IF2006,2019-11-21 09:34:23.600,3870.4000,3471,0,66192060.000,0,-,-,-,-,3868.8000,3868.4000,3868.0000,3863.0000,3861.0000,3871.8000,3872.0000,3872.2000,3872.6000,3874.8000,3,3,1,1,2,1,1,1,1,1
SF,IF2006,2019-11-21 09:34:24.100,3870.4000,3471,0,66192060.000,0,-,-,-,-,3868.8000,3868.4000,3868.0000,3863.0000,3861.0000,3871.8000,3872.2000,3872.6000,3874.8000,3875.2000,3,3,1,1,2,1,1,1,1,1
SF,IF2006,2019-11-21 09:34:25.100,3870.4000,3471,0,66192060.000,0,-,-,-,-,3869.0000,3868.8000,3868.4000,3868.0000,3863.0000,3871.8000,3872.2000,3872.6000,3874.8000,3875.2000,1,3,3,1,1,1,1,1,1,1
SF,IF2006,2019-11-21 09:34:25.600,3870.4000,3471,0,66192060.000,0,-,-,-,-,3869.2000,3869.0000,3868.4000,3868.0000,3863.0000,3872.2000,3872.6000,3874.8000,3875.2000,3876.6000,4,1,3,1,1,1,1,1,1,9
SF,IF2006,2019-11-21 09:34:26.100,3870.4000,3471,0,66192060.000,0,-,-,-,-,3869.4000,3869.2000,3869.0000,3868.4000,3868.0000,3872.6000,3874.8000,3875.2000,3876.6000,3887.0000,1,4,1,3,1,1,1,1,9,1
SF,IF2006,2019-11-21 09:34:26.600,3870.4000,3471,0,66192060.000,0,-,-,-,-,3869.6000,3869.4000,3869.2000,3869.0000,3868.4000,3872.4000,3874.8000,3875.2000,3876.6000,3887.0000,2,3,1,1,3,1,1,1,9,1
SF,IF2006,2019-11-21 09:34:27.100,3870.4000,3471,0,66192060.000,0,-,-,-,-,3869.8000,3869.6000,3869.4000,3869.0000,3868.4000,3872.4000,3874.8000,3875.2000,3876.6000,3887.0000,1,2,3,1,3,1,1,1,9,1
SF,IF2006,2019-11-21 09:34:27.600,3870.4000,3471,0,66192060.000,0,-,-,-,-,3870.0000,3869.8000,3869.4000,3869.0000,3868.4000,3872.4000,3874.8000,3875.2000,3876.6000,3887.0000,1,1,3,1,3,1,1,1,9,1
SF,IF2006,2019-11-21 09:34:28.100,3870.4000,3471,0,66192060.000,0,-,-,-,-,3870.0000,3869.8000,3869.4000,3869.0000,3868.4000,3872.4000,3874.8000,3875.2000,3876.6000,3887.0000,1,1,1,1,3,1,1,1,9,1
SF,IF2006,2019-11-21 09:34:28.600,3870.4000,3471,0,66192060.000,0,-,-,-,-,3870.0000,3869.8000,3869.4000,3868.4000,3868.0000,3872.4000,3874.8000,3875.2000,3876.6000,3887.0000,1,1,1,3,1,1,1,1,9,1
SF,IF2006,2019-11-21 09:34:29.600,3870.4000,3471,0,66192060.000,0,-,-,-,-,3870.2000,3870.0000,3869.8000,3869.4000,3868.4000,3872.4000,3874.8000,3875.2000,3876.6000,3887.0000,1,1,1,1,3,1,1,1,9,1
SF,IF2006,2019-11-21 09:34:30.100,3870.4000,3471,0,66192060.000,0,-,-,-,-,3870.4000,3870.2000,3869.8000,3869.4000,3868.4000,3874.8000,3875.2000,3876.6000,3887.0000,3893.8000,2,1,1,1,3,1,1,9,1,1
SF,IF2006,2019-11-21 09:34:30.600,3870.4000,3471,0,66192060.000,0,-,-,-,-,3870.4000,3870.2000,3869.4000,3868.4000,3868.0000,3874.4000,3874.6000,3874.8000,3875.2000,3876.6000,3,1,1,3,1,3,1,1,1,9
SF,IF2006,2019-11-21 09:34:31.100,3870.4000,3471,0,66192060.000,0,-,-,-,-,3870.4000,3870.2000,3869.4000,3868.4000,3868.0000,3874.2000,3874.4000,3874.6000,3874.8000,3875.2000,4,1,1,3,1,1,3,1,1,1
SF,IF2006,2019-11-21 09:34:31.600,3870.4000,3471,0,66192060.000,0,-,-,-,-,3870.8000,3870.6000,3870.4000,3869.4000,3868.4000,3874.0000,3874.2000,3874.6000,3874.8000,3875.2000,1,1,3,1,3,1,1,1,1,1
SF,IF2006,2019-11-21 09:34:32.100,3870.4000,3471,0,66192060.000,0,-,-,-,-,3871.0000,3870.8000,3870.6000,3869.4000,3868.4000,3873.8000,3874.0000,3874.2000,3874.8000,3875.2000,2,1,1,1,3,1,1,1,1,1
SF,IF2006,2019-11-21 09:34:32.600,3870.4000,3471,0,66192060.000,0,-,-,-,-,3871.0000,3870.8000,3869.4000,3868.4000,3868.0000,3873.6000,3873.8000,3874.2000,3874.8000,3875.2000,3,1,1,3,1,1,1,1,1,1
SF,IF2006,2019-11-21 09:34:33.100,3870.4000,3471,0,66192060.000,0,-,-,-,-,3871.2000,3871.0000,3869.4000,3868.4000,3868.0000,3873.6000,3873.8000,3874.2000,3874.8000,3875.2000,2,2,1,3,1,1,1,1,1,1
SF,IF2006,2019-11-21 09:34:33.600,3870.4000,3471,0,66192060.000,0,-,-,-,-,3871.4000,3871.2000,3869.4000,3868.4000,3868.0000,3873.6000,3873.8000,3874.2000,3874.8000,3875.2000,1,2,1,3,1,1,1,1,1,1
SF,IF2006,2019-11-21 09:34:34.600,3873.6000,3471,0,67354140.000,1,0,1,多换,S,3871.6000,3871.4000,3869.4000,3868.4000,3868.0000,3874.6000,3874.8000,3875.2000,3876.6000,3887.0000,1,1,1,3,1,1,1,1,9,1
SF,IF2006,2019-11-21 09:34:35.100,3873.6000,3471,0,67354140.000,0,-,-,-,-,3871.8000,3871.6000,3869.4000,3868.4000,3868.0000,3874.6000,3874.8000,3875.2000,3876.6000,3887.0000,1,1,1,3,1,1,1,1,9,1
SF,IF2006,2019-11-21 09:34:35.600,3873.6000,3471,0,67354140.000,0,-,-,-,-,3871.8000,3871.6000,3868.4000,3868.0000,3863.0000,3874.4000,3874.6000,3874.8000,3875.2000,3876.6000,1,1,3,1,1,1,1,1,1,9
SF,IF2006,2019-11-21 09:34:36.100,3873.6000,3471,0,67354140.000,0,-,-,-,-,3872.0000,3871.8000,3868.4000,3868.0000,3863.0000,3874.0000,3874.2000,3874.4000,3874.8000,3875.2000,1,1,3,1,1,2,1,1,1,1
SF,IF2006,2019-11-21 09:34:36.600,3873.6000,3471,0,67354140.000,0,-,-,-,-,3872.2000,3868.4000,3868.0000,3863.0000,3861.0000,3874.0000,3874.4000,3874.8000,3875.2000,3876.6000,1,3,1,1,2,2,1,1,1,9
SF,IF2006,2019-11-21 09:34:37.100,3872.2000,3470,-1,68515800.000,1,0,1,双平,S,3870.8000,3868.4000,3868.0000,3863.0000,3861.0000,3873.8000,3874.0000,3874.4000,3874.8000,3875.2000,1,3,1,1,2,1,2,1,1,1
SF,IF2006,2019-11-21 09:34:37.600,3872.2000,3470,0,68515800.000,0,-,-,-,-,3870.8000,3868.4000,3868.0000,3863.0000,3861.0000,3872.2000,3873.4000,3873.8000,3874.0000,3874.4000,1,3,1,1,2,1,1,1,1,1
SF,IF2006,2019-11-21 09:34:38.100,3872.2000,3470,0,68515800.000,0,-,-,-,-,3871.2000,3870.8000,3868.4000,3868.0000,3863.0000,3872.2000,3873.4000,3873.6000,3874.4000,3874.8000,1,1,3,1,1,2,1,1,1,1
SF,IF2006,2019-11-21 09:34:38.600,3872.2000,3471,1,69677460.000,1,1,0,双开,S,3871.4000,3871.2000,3868.4000,3868.0000,3863.0000,3873.4000,3873.6000,3874.4000,3874.8000,3875.2000,1,1,3,1,1,1,1,1,1,1
SF,IF2006,2019-11-21 09:34:39.100,3872.2000,3471,0,69677460.000,0,-,-,-,-,3871.4000,3868.4000,3868.0000,3863.0000,3861.0000,3873.2000,3873.4000,3873.6000,3874.4000,3874.8000,1,3,1,1,2,1,1,1,1,1
SF,IF2006,2019-11-21 09:34:40.100,3872.2000,3471,0,69677460.000,0,-,-,-,-,3871.6000,3871.4000,3868.4000,3868.0000,3863.0000,3873.2000,3873.4000,3873.6000,3874.4000,3874.8000,1,1,3,1,1,1,1,1,1,1
SF,IF2006,2019-11-21 09:34:40.600,3873.2000,3471,0,70839420.000,1,0,1,多换,S,3871.6000,3871.2000,3868.4000,3868.0000,3863.0000,3873.4000,3874.2000,3874.4000,3874.8000,3875.2000,1,1,3,1,1,1,1,1,1,1
SF,IF2006,2019-11-21 09:34:41.100,3871.6000,3470,-1,72000900.000,1,0,1,双平,S,3868.4000,3868.0000,3863.0000,3861.0000,3860.2000,3873.4000,3874.4000,3874.8000,3875.2000,3876.6000,3,1,1,2,1,1,1,1,1,9
SF,IF2006,2019-11-21 09:34:41.600,3871.6000,3470,0,72000900.000,0,-,-,-,-,3870.2000,3868.6000,3868.4000,3868.0000,3863.0000,3871.6000,3873.0000,3873.2000,3873.4000,3874.4000,3,4,3,1,1,1,1,2,1,1
SF,IF2006,2019-11-21 09:34:42.100,3871.6000,3469,-1,73162380.000,1,0,1,双平,S,3870.2000,3868.6000,3868.4000,3868.0000,3863.0000,3873.0000,3873.2000,3873.4000,3874.4000,3874.8000,3,4,4,1,1,1,2,1,1,1
SF,IF2006,2019-11-21 09:34:42.600,3871.6000,3469,0,73162380.000,0,-,-,-,-,3870.4000,3868.6000,3868.4000,3868.0000,3863.0000,3872.8000,3873.0000,3873.2000,3874.4000,3874.8000,1,4,3,1,1,1,1,2,1,1
SF,IF2006,2019-11-21 09:34:43.100,3871.6000,3469,0,73162380.000,0,-,-,-,-,3870.4000,3868.6000,3868.4000,3868.0000,3863.0000,3872.8000,3873.0000,3874.4000,3874.8000,3875.2000,1,4,3,1,1,2,1,1,1,1
SF,IF2006,2019-11-21 09:34:43.600,3871.6000,3469,0,73162380.000,0,-,-,-,-,3870.4000,3869.4000,3868.6000,3868.4000,3868.0000,3872.6000,3872.8000,3874.4000,3874.8000,3875.2000,1,1,4,3,1,1,2,1,1,1
SF,IF2006,2019-11-21 09:34:44.100,3871.6000,3469,0,73162380.000,0,-,-,-,-,3870.4000,3869.4000,3868.6000,3868.4000,3868.0000,3872.4000,3872.6000,3872.8000,3874.4000,3874.8000,1,1,4,3,1,1,1,1,1,1
SF,IF2006,2019-11-21 09:34:44.600,3871.6000,3469,0,73162380.000,0,-,-,-,-,3870.4000,3868.6000,3868.4000,3868.0000,3863.0000,3872.2000,3872.4000,3872.6000,3872.8000,3874.4000,1,4,3,1,1,1,1,1,1,1
SF,IF2006,2019-11-21 09:34:45.100,3871.6000,3469,0,73162380.000,0,-,-,-,-,3870.4000,3868.6000,3868.4000,3868.0000,3863.0000,3872.2000,3872.6000,3874.4000,3874.8000,3875.2000,1,4,3,1,1,2,1,1,1,1
SF,IF2006,2019-11-21 09:34:46.100,3871.6000,3469,0,73162380.000,0,-,-,-,-,3870.4000,3868.6000,3868.4000,3868.0000,3863.0000,3872.0000,3872.2000,3874.4000,3874.8000,3875.2000,1,4,3,1,1,1,2,1,1,1
SF,IF2006,2019-11-21 09:34:46.600,3871.6000,3469,0,73162380.000,0,-,-,-,-,3870.4000,3868.6000,3868.4000,3868.0000,3863.0000,3872.0000,3872.2000,3874.4000,3874.8000,3875.2000,1,4,3,1,1,1,1,1,1,1
SF,IF2006,2019-11-21 09:34:47.600,3871.6000,3469,0,73162380.000,0,-,-,-,-,3870.4000,3868.6000,3868.4000,3868.0000,3863.0000,3872.0000,3872.2000,3872.6000,3874.4000,3874.8000,1,4,3,1,1,1,1,1,1,1
SF,IF2006,2019-11-21 09:34:48.600,3871.6000,3469,0,73162380.000,0,-,-,-,-,3870.4000,3868.6000,3868.4000,3868.0000,3863.0000,3872.2000,3872.6000,3874.4000,3874.8000,3875.2000,1,4,3,1,1,1,1,1,1,1
SF,IF2006,2019-11-21 09:34:49.100,3871.6000,3469,0,73162380.000,0,-,-,-,-,3870.4000,3868.6000,3868.4000,3868.0000,3863.0000,3872.2000,3874.4000,3874.8000,3875.2000,3876.6000,1,4,3,1,1,1,1,1,1,9
SF,IF2006,2019-11-21 09:34:50.100,3871.6000,3469,0,73162380.000,0,-,-,-,-,3870.4000,3868.6000,3868.4000,3868.0000,3863.0000,3874.4000,3874.8000,3875.2000,3876.6000,3887.0000,1,4,3,1,1,1,1,1,9,1
SF,IF2006,2019-11-21 09:34:50.600,3871.6000,3469,0,73162380.000,0,-,-,-,-,3870.4000,3868.6000,3868.4000,3868.0000,3863.0000,3874.0000,3874.4000,3874.8000,3875.2000,3876.6000,1,6,3,1,1,3,1,1,1,9
SF,IF2006,2019-11-21 09:34:51.100,3871.6000,3469,0,73162380.000,0,-,-,-,-,3870.6000,3870.4000,3868.6000,3868.4000,3868.0000,3873.2000,3874.0000,3874.4000,3874.8000,3875.2000,1,1,6,3,1,1,3,1,1,1
SF,IF2006,2019-11-21 09:34:51.600,3871.6000,3469,0,73162380.000,0,-,-,-,-,3870.8000,3870.6000,3868.6000,3868.4000,3868.0000,3873.0000,3873.2000,3874.4000,3874.8000,3875.2000,1,1,6,3,1,1,2,1,1,1
SF,IF2006,2019-11-21 09:34:53.100,3871.6000,3469,0,73162380.000,0,-,-,-,-,3871.0000,3870.8000,3868.6000,3868.4000,3868.0000,3873.0000,3873.2000,3874.4000,3874.8000,3875.2000,1,1,6,3,1,1,2,1,1,1
SF,IF2006,2019-11-21 09:34:53.600,3871.6000,3469,0,73162380.000,0,-,-,-,-,3871.2000,3871.0000,3868.6000,3868.4000,3868.0000,3873.0000,3873.2000,3874.4000,3874.8000,3875.2000,1,1,6,3,1,1,2,1,1,1
SF,IF2006,2019-11-21 09:34:54.100,3871.6000,3469,0,73162380.000,0,-,-,-,-,3871.2000,3868.6000,3868.4000,3868.0000,3863.0000,3873.0000,3873.2000,3874.4000,3874.8000,3875.2000,1,6,3,1,1,1,2,1,1,1
SF,IF2006,2019-11-21 09:34:55.100,3871.6000,3469,0,73162380.000,0,-,-,-,-,3871.2000,3868.6000,3868.4000,3868.0000,3863.0000,3873.0000,3873.2000,3874.4000,3874.8000,3875.2000,1,6,3,1,1,1,1,1,1,1
SF,IF2006,2019-11-21 09:34:57.600,3871.6000,3469,0,73162380.000,0,-,-,-,-,3871.2000,3868.6000,3868.4000,3868.0000,3863.0000,3873.0000,3874.4000,3874.8000,3875.2000,3876.6000,1,6,3,1,1,1,1,1,1,9
SF,IF2006,2019-11-21 09:34:58.100,3871.6000,3469,0,73162380.000,0,-,-,-,-,3871.2000,3868.6000,3868.4000,3868.0000,3863.0000,3874.4000,3874.8000,3875.2000,3876.6000,3887.0000,1,6,3,1,1,1,1,1,9,1
SF,IF2006,2019-11-21 09:34:58.600,3871.6000,3469,0,73162380.000,0,-,-,-,-,3871.2000,3868.6000,3868.4000,3868.0000,3863.0000,3874.2000,3874.4000,3874.8000,3875.2000,3876.6000,1,6,3,1,1,2,1,1,1,9
SF,IF2006,2019-11-21 09:34:59.100,3871.6000,3469,0,73162380.000,0,-,-,-,-,3871.2000,3868.6000,3868.4000,3868.0000,3863.0000,3874.0000,3874.4000,3874.8000,3875.2000,3876.6000,1,6,3,1,1,1,1,1,1,9
SF,IF2006,2019-11-21 09:34:59.600,3871.6000,3469,0,73162380.000,0,-,-,-,-,3871.2000,3868.6000,3868.4000,3863.0000,3861.0000,3874.0000,3874.4000,3874.8000,3875.2000,3876.6000,1,6,3,1,2,1,1,1,1,9
SF,IF2006,2019-11-21 09:35:02.100,3871.6000,3469,0,73162380.000,0,-,-,-,-,3871.2000,3868.6000,3868.4000,3863.0000,3861.0000,3873.8000,3874.0000,3874.4000,3874.8000,3875.2000,1,6,3,1,2,1,1,1,1,1
SF,IF2006,2019-11-21 09:35:02.600,3871.6000,3469,0,73162380.000,0,-,-,-,-,3868.6000,3868.4000,3863.0000,3861.0000,3860.2000,3873.6000,3873.8000,3874.4000,3874.8000,3875.2000,6,3,1,2,1,2,1,1,1,1
SF,IF2006,2019-11-21 09:35:03.100,3871.6000,3469,0,73162380.000,0,-,-,-,-,3869.6000,3868.6000,3868.4000,3863.0000,3861.0000,3873.2000,3873.4000,3873.6000,3873.8000,3874.4000,3,6,4,1,2,1,1,3,1,1
SF,IF2006,2019-11-21 09:35:03.600,3871.6000,3469,0,73162380.000,0,-,-,-,-,3869.6000,3868.6000,3868.4000,3863.0000,3861.0000,3873.0000,3873.2000,3873.4000,3873.6000,3873.8000,3,6,4,1,2,1,1,1,1,1
SF,IF2006,2019-11-21 09:35:04.100,3871.6000,3469,0,73162380.000,0,-,-,-,-,3869.8000,3869.6000,3868.6000,3868.4000,3863.0000,3872.8000,3873.0000,3873.2000,3873.6000,3873.8000,4,3,6,4,1,1,1,1,1,1
SF,IF2006,2019-11-21 09:35:04.600,3871.6000,3469,0,73162380.000,0,-,-,-,-,3870.6000,3870.0000,3869.8000,3868.6000,3868.4000,3872.8000,3873.2000,3873.6000,3874.4000,3874.8000,3,1,4,6,4,1,1,1,1,1
SF,IF2006,2019-11-21 09:35:05.100,3871.6000,3469,0,73162380.000,0,-,-,-,-,3870.6000,3870.0000,3869.8000,3868.6000,3868.4000,3873.2000,3873.6000,3874.4000,3874.8000,3875.2000,3,2,4,6,4,1,1,1,1,1
SF,IF2006,2019-11-21 09:35:05.600,3871.6000,3469,0,73162380.000,0,-,-,-,-,3870.6000,3870.0000,3869.8000,3868.6000,3868.4000,3873.2000,3873.6000,3874.4000,3874.8000,3875.2000,3,1,4,6,4,1,1,1,1,1
SF,IF2006,2019-11-21 09:35:06.100,3871.6000,3469,0,73162380.000,0,-,-,-,-,3870.8000,3870.0000,3869.8000,3868.6000,3868.4000,3873.2000,3874.4000,3874.8000,3875.2000,3876.6000,2,1,4,6,4,1,1,1,1,9
SF,IF2006,2019-11-21 09:35:10.100,3871.6000,3469,0,73162380.000,0,-,-,-,-,3870.8000,3870.0000,3869.8000,3868.6000,3868.4000,3873.0000,3873.2000,3874.4000,3874.8000,3875.2000,2,1,4,6,4,1,1,1,1,1
SF,IF2006,2019-11-21 09:35:12.100,3871.6000,3469,0,73162380.000,0,-,-,-,-,3870.8000,3870.0000,3869.8000,3868.6000,3868.4000,3873.2000,3874.4000,3874.8000,3875.2000,3876.6000,2,1,4,6,4,1,1,1,1,9
SF,IF2006,2019-11-21 09:35:13.100,3871.6000,3469,0,73162380.000,0,-,-,-,-,3870.8000,3869.8000,3868.6000,3868.4000,3863.0000,3873.2000,3874.4000,3874.8000,3875.2000,3876.6000,2,4,6,4,1,1,1,1,1,9
SF,IF2006,2019-11-21 09:35:13.600,3871.6000,3469,0,73162380.000,0,-,-,-,-,3870.8000,3869.8000,3868.6000,3868.4000,3863.0000,3873.0000,3873.2000,3874.4000,3874.8000,3875.2000,2,4,6,4,1,1,1,1,1,1
SF,IF2006,2019-11-21 09:35:14.600,3871.6000,3469,0,73162380.000,0,-,-,-,-,3870.8000,3869.8000,3868.6000,3868.4000,3863.0000,3872.8000,3873.0000,3873.2000,3874.4000,3874.8000,2,4,6,4,1,1,1,1,1,1
SF,IF2006,2019-11-21 09:35:15.100,3871.6000,3469,0,73162380.000,0,-,-,-,-,3871.0000,3868.6000,3868.4000,3863.0000,3861.0000,3872.8000,3873.2000,3874.4000,3874.8000,3875.2000,1,6,4,1,2,1,1,1,1,1
SF,IF2006,2019-11-21 09:35:16.100,3871.6000,3469,0,73162380.000,0,-,-,-,-,3871.0000,3868.6000,3868.4000,3863.0000,3861.0000,3873.2000,3874.4000,3874.8000,3875.2000,3876.6000,1,6,4,1,2,1,1,1,1,9
SF,IF2006,2019-11-21 09:35:16.600,3871.6000,3469,0,73162380.000,0,-,-,-,-,3871.4000,3871.0000,3868.6000,3868.4000,3863.0000,3873.2000,3874.4000,3874.8000,3875.2000,3876.6000,1,1,6,4,1,1,1,1,1,9
SF,IF2006,2019-11-21 09:35:17.100,3871.6000,3469,0,73162380.000,0,-,-,-,-,3871.6000,3871.4000,3868.6000,3868.4000,3863.0000,3873.2000,3874.4000,3874.8000,3875.2000,3876.6000,1,1,6,4,1,1,1,1,1,9
SF,IF2006,2019-11-21 09:35:18.600,3871.6000,3469,0,73162380.000,0,-,-,-,-,3871.6000,3871.4000,3868.6000,3868.4000,3863.0000,3874.4000,3874.8000,3875.2000,3876.6000,3887.0000,1,1,6,4,1,1,1,1,9,1
SF,IF2006,2019-11-21 09:35:19.100,3871.6000,3469,0,73162380.000,0,-,-,-,-,3871.6000,3871.4000,3868.6000,3868.4000,3863.0000,3873.8000,3874.2000,3874.4000,3874.8000,3875.2000,1,1,6,4,1,1,2,1,1,1
SF,IF2006,2019-11-21 09:35:19.600,3871.6000,3469,0,73162380.000,0,-,-,-,-,3871.6000,3871.4000,3868.6000,3868.4000,3863.0000,3873.6000,3874.4000,3874.8000,3875.2000,3876.6000,1,1,6,4,1,1,1,1,1,9
SF,IF2006,2019-11-21 09:35:20.100,3871.6000,3469,0,73162380.000,0,-,-,-,-,3871.6000,3871.4000,3868.6000,3868.4000,3863.0000,3873.4000,3873.6000,3874.4000,3874.8000,3875.2000,1,1,6,4,1,1,1,1,1,1
SF,IF2006,2019-11-21 09:35:20.600,3871.6000,3469,0,73162380.000,0,-,-,-,-,3871.6000,3871.4000,3868.6000,3868.4000,3863.0000,3874.4000,3874.8000,3875.2000,3876.6000,3887.0000,1,1,6,4,1,1,1,1,9,1
SF,IF2006,2019-11-21 09:35:21.100,3871.6000,3469,0,73162380.000,0,-,-,-,-,3871.6000,3871.4000,3868.6000,3868.4000,3863.0000,3874.0000,3874.2000,3874.4000,3874.8000,3875.2000,1,1,6,4,1,1,1,1,1,1
SF,IF2006,2019-11-21 09:35:21.600,3871.6000,3469,0,73162380.000,0,-,-,-,-,3871.6000,3871.4000,3868.6000,3868.4000,3863.0000,3874.4000,3874.8000,3875.2000,3876.6000,3887.0000,1,1,6,4,1,1,1,1,9,1
SF,IF2006,2019-11-21 09:35:22.100,3871.6000,3469,0,74323860.000,1,0,1,多换,S,3871.4000,3871.2000,3868.6000,3868.4000,3863.0000,3874.2000,3876.6000,3887.0000,3893.8000,3899.0000,1,1,6,4,1,2,9,1,1,1
SF,IF2006,2019-11-21 09:35:22.600,3871.6000,3469,0,74323860.000,0,-,-,-,-,3871.6000,3871.4000,3868.6000,3868.4000,3863.0000,3874.2000,3876.6000,3880.8000,3887.0000,3893.8000,1,1,6,4,1,1,4,5,1,1
SF,IF2006,2019-11-21 09:35:25.100,3871.6000,3469,0,74323860.000,0,-,-,-,-,3871.8000,3871.6000,3871.4000,3868.6000,3868.4000,3874.2000,3876.6000,3880.8000,3887.0000,3893.8000,1,1,1,6,4,1,4,5,1,1
SF,IF2006,2019-11-21 09:35:25.600,3871.6000,3469,0,74323860.000,0,-,-,-,-,3872.2000,3868.6000,3868.4000,3863.0000,3861.0000,3874.2000,3876.6000,3880.8000,3887.0000,3893.8000,1,6,4,1,2,1,4,5,1,1
SF,IF2006,2019-11-21 09:35:26.100,3871.6000,3469,0,74323860.000,0,-,-,-,-,3872.4000,3868.6000,3868.4000,3863.0000,3861.0000,3874.2000,3876.6000,3880.8000,3887.0000,3893.8000,1,6,4,1,2,1,4,5,1,1
SF,IF2006,2019-11-21 09:35:34.100,3871.6000,3469,0,74323860.000,0,-,-,-,-,3872.4000,3871.8000,3868.6000,3868.4000,3863.0000,3874.2000,3876.6000,3880.8000,3887.0000,3893.8000,1,1,6,4,1,1,4,5,1,1
SF,IF2006,2019-11-21 09:35:34.600,3871.6000,3469,0,74323860.000,0,-,-,-,-,3872.6000,3872.4000,3871.8000,3868.6000,3868.4000,3874.2000,3876.6000,3880.8000,3887.0000,3893.8000,1,1,1,6,4,1,4,5,1,1
SF,IF2006,2019-11-21 09:35:40.600,3871.6000,3469,0,74323860.000,0,-,-,-,-,3872.6000,3872.4000,3868.6000,3868.4000,3863.0000,3874.2000,3876.6000,3880.8000,3887.0000,3893.8000,1,1,6,4,1,1,4,5,1,1
SF,IF2006,2019-11-21 09:35:41.100,3871.6000,3469,0,74323860.000,0,-,-,-,-,3868.6000,3868.4000,3863.0000,3861.0000,3860.2000,3874.0000,3874.2000,3876.6000,3880.8000,3887.0000,6,4,1,2,1,1,1,4,5,1
SF,IF2006,2019-11-21 09:35:41.600,3871.6000,3469,0,74323860.000,0,-,-,-,-,3870.4000,3868.8000,3868.6000,3868.4000,3863.0000,3873.8000,3874.0000,3876.6000,3880.8000,3887.0000,3,6,7,4,1,1,1,4,5,1
SF,IF2006,2019-11-21 09:35:42.100,3871.6000,3469,0,74323860.000,0,-,-,-,-,3870.6000,3870.4000,3868.8000,3868.6000,3868.4000,3873.8000,3874.0000,3876.6000,3880.8000,3887.0000,3,3,6,6,4,1,1,4,5,1
SF,IF2006,2019-11-21 09:35:42.600,3871.6000,3469,0,74323860.000,0,-,-,-,-,3870.8000,3870.6000,3868.8000,3868.6000,3868.4000,3873.8000,3874.0000,3876.6000,3880.8000,3887.0000,2,3,6,6,4,1,1,4,5,1
SF,IF2006,2019-11-21 09:35:43.100,3871.6000,3469,0,74323860.000,0,-,-,-,-,3871.6000,3871.0000,3870.8000,3870.6000,3868.8000,3873.4000,3873.8000,3874.0000,3876.6000,3880.8000,2,2,2,3,6,1,1,1,4,5
SF,IF2006,2019-11-21 09:35:43.600,3871.6000,3469,0,74323860.000,0,-,-,-,-,3871.0000,3870.6000,3868.8000,3868.6000,3868.4000,3873.2000,3873.4000,3874.0000,3876.6000,3880.8000,2,3,6,5,4,1,1,1,4,5
SF,IF2006,2019-11-21 09:35:44.100,3871.6000,3469,0,74323860.000,0,-,-,-,-,3871.2000,3870.6000,3868.8000,3868.6000,3868.4000,3873.2000,3873.4000,3874.0000,3876.6000,3880.8000,1,3,6,5,4,1,1,1,4,5
SF,IF2006,2019-11-21 09:35:44.600,3871.6000,3469,0,74323860.000,0,-,-,-,-,3871.2000,3869.8000,3868.8000,3868.6000,3868.4000,3873.2000,3873.4000,3874.0000,3876.6000,3880.8000,1,2,5,5,4,1,1,1,4,5
