市场代码,合约代码,时间,最新,持仓,增仓,成交额,成交量,开仓,平仓,成交类型,方向,买一价,买二价,买三价,买四价,买五价,卖一价,卖二价,卖三价,卖四价,卖五价,买一量,买二量,买三量,买四量,买五量,卖一量,卖二量,卖三量,卖四量,卖五量
SF,IF2005,2020-05-15 09:29:00.200,3941.0000,21827,0,338137800.000,286.000,-,-,-,-,3940.0000,3939.8000,3939.6000,3939.2000,3939.0000,3941.0000,3941.4000,3942.8000,3943.0000,3943.6000,3,2,4,4,2,2,1,1,2,6
SF,IF2005,2020-05-15 09:30:00.200,3943.6000,21817,-10,355878360.000,15,2,13,多平,S,3941.4000,3941.2000,3941.0000,3940.2000,3940.0000,3943.6000,3943.8000,3944.0000,3944.6000,3944.8000,9,3,7,14,5,3,1,5,2,1
SF,IF2005,2020-05-15 09:30:00.700,3943.6000,21708,-109,489561600.000,113,2,111,多平,S,3942.4000,3941.6000,3941.4000,3941.2000,3941.0000,3947.6000,3948.0000,3948.6000,3948.8000,3949.0000,3,14,8,2,22,6,3,3,1,3
SF,IF2005,2020-05-15 09:30:01.200,3943.6000,21680,-28,535719000.000,39,5,34,多平,S,3942.6000,3942.4000,3942.2000,3942.0000,3941.6000,3945.4000,3945.8000,3947.4000,3947.6000,3948.0000,4,5,1,1,3,2,1,8,6,3
SF,IF2005,2020-05-15 09:30:01.700,3946.4000,21670,-10,557022360.000,18,4,14,多平,S,3945.6000,3945.4000,3944.4000,3944.0000,3943.4000,3946.8000,3947.4000,3947.6000,3948.0000,3948.6000,1,13,1,1,1,2,7,6,4,3
SF,IF2005,2020-05-15 09:30:02.200,3945.6000,21647,-23,602003700.000,38,7,31,多平,S,3945.6000,3945.4000,3943.2000,3942.8000,3942.6000,3946.0000,3946.4000,3946.6000,3946.8000,3947.0000,2,2,2,1,5,1,1,11,4,3
SF,IF2005,2020-05-15 09:30:02.700,3945.8000,21635,-12,625679640.000,20,4,16,多平,S,3946.0000,3945.4000,3945.0000,3943.2000,3943.0000,3946.8000,3947.0000,3947.2000,3947.4000,3947.6000,1,3,1,2,2,2,3,5,5,6
SF,IF2005,2020-05-15 09:30:03.200,3946.0000,21627,-8,637518180.000,10,1,9,多平,S,3945.4000,3945.0000,3943.6000,3943.0000,3942.6000,3945.6000,3946.2000,3946.6000,3946.8000,3947.0000,4,1,4,1,3,1,1,3,3,2
SF,IF2005,2020-05-15 09:30:03.700,3945.6000,21622,-5,648171840.000,9,2,7,多平,S,3945.6000,3945.4000,3945.0000,3943.6000,3943.0000,3945.8000,3946.6000,3946.8000,3947.0000,3947.2000,1,7,1,4,1,17,3,2,2,6
SF,IF2005,2020-05-15 09:30:04.200,3945.8000,21602,-20,674214840.000,22,1,21,多平,S,3945.6000,3945.4000,3945.0000,3943.6000,3943.0000,3946.6000,3946.8000,3947.0000,3947.2000,3947.4000,8,3,1,4,1,2,2,2,5,4
SF,IF2005,2020-05-15 09:30:04.700,3946.0000,21588,-14,693157080.000,16,1,15,多平,S,3946.8000,3946.6000,3946.2000,3945.8000,3945.6000,3947.2000,3947.4000,3947.6000,3948.0000,3948.6000,1,1,1,4,11,5,4,6,4,3
SF,IF2005,2020-05-15 09:30:05.200,3946.8000,21571,-17,719203680.000,22,2,20,多平,S,3946.8000,3946.6000,3946.0000,3945.8000,3945.6000,3947.2000,3947.6000,3948.0000,3948.6000,3948.8000,4,3,2,1,3,1,6,4,3,1
SF,IF2005,2020-05-15 09:30:05.700,3946.8000,21565,-6,726308280.000,6,0,6,双平,S,3946.8000,3946.6000,3945.6000,3945.4000,3945.0000,3947.6000,3948.0000,3948.6000,3948.8000,3949.0000,1,3,3,3,1,6,4,3,1,2
SF,IF2005,2020-05-15 09:30:06.200,3946.6000,21560,-5,735781140.000,8,1,7,多平,S,3945.6000,3945.4000,3945.0000,3943.6000,3943.0000,3947.6000,3948.0000,3948.6000,3948.8000,3949.0000,3,3,1,5,1,3,4,3,1,2
SF,IF2005,2020-05-15 09:30:06.700,3945.4000,21549,-11,749984760.000,12,0,12,多平,S,3945.0000,3943.6000,3943.0000,3942.6000,3942.0000,3945.4000,3946.8000,3947.0000,3947.4000,3947.6000,1,5,2,3,3,8,2,1,11,3
SF,IF2005,2020-05-15 09:30:07.200,3945.4000,21542,-7,760637100.000,9,1,8,多平,S,3945.2000,3943.8000,3943.6000,3943.0000,3942.6000,3945.4000,3946.6000,3946.8000,3947.0000,3947.2000,1,4,5,2,1,6,1,5,1,1
SF,IF2005,2020-05-15 09:30:07.700,3945.2000,21534,-8,770105940.000,8,0,8,双平,S,3945.4000,3945.2000,3943.8000,3943.6000,3943.2000,3946.0000,3946.6000,3946.8000,3947.2000,3947.4000,1,4,4,5,1,1,1,6,1,5
SF,IF2005,2020-05-15 09:30:08.200,3945.4000,21529,-5,776024220.000,5,0,5,双平,S,3943.8000,3943.6000,3943.2000,3943.0000,3942.6000,3945.2000,3945.4000,3946.0000,3946.6000,3946.8000,4,1,1,2,1,1,7,1,1,3
SF,IF2005,2020-05-15 09:30:08.700,3945.0000,21521,-8,785491980.000,8,0,8,双平,S,3944.0000,3943.8000,3943.6000,3943.2000,3943.0000,3945.0000,3945.2000,3945.4000,3946.0000,3946.6000,5,1,1,1,2,2,6,9,1,1
SF,IF2005,2020-05-15 09:30:09.200,3945.2000,21516,-5,791409600.000,5,0,5,双平,S,3945.0000,3944.6000,3944.0000,3943.8000,3943.6000,3945.2000,3945.4000,3946.0000,3946.6000,3946.8000,5,1,5,1,1,5,9,2,1,3
SF,IF2005,2020-05-15 09:30:09.700,3945.2000,21508,-8,800878080.000,8,0,8,双平,S,3945.2000,3945.0000,3944.0000,3943.8000,3943.6000,3945.4000,3946.0000,3946.8000,3947.2000,3947.4000,2,1,2,1,1,8,3,3,1,3
SF,IF2005,2020-05-15 09:30:10.200,3945.2000,21499,-9,813897720.000,11,1,10,多平,S,3945.2000,3945.0000,3944.0000,3943.8000,3943.6000,3945.6000,3946.0000,3946.8000,3947.2000,3947.4000,1,1,2,1,1,5,8,3,1,3
SF,IF2005,2020-05-15 09:30:10.700,3945.4000,21495,-4,819816000.000,5,0,5,多平,S,3945.4000,3945.2000,3945.0000,3943.8000,3943.6000,3945.6000,3946.0000,3946.6000,3946.8000,3947.2000,7,5,2,1,1,2,8,1,2,1
SF,IF2005,2020-05-15 09:30:11.200,3945.4000,21486,-9,830468880.000,9,0,9,双平,S,3945.4000,3945.2000,3945.0000,3943.8000,3943.6000,3946.0000,3946.6000,3946.8000,3947.2000,3947.4000,5,3,2,1,1,7,1,2,1,3
SF,IF2005,2020-05-15 09:30:11.700,3945.4000,21485,-1,831652500.000,1,0,1,双平,S,3945.6000,3945.4000,3945.2000,3945.0000,3943.8000,3946.0000,3946.6000,3946.8000,3947.2000,3947.4000,1,7,3,2,1,7,1,2,1,3
SF,IF2005,2020-05-15 09:30:12.200,3945.6000,21472,-13,848223900.000,14,0,14,多平,S,3945.6000,3945.4000,3945.2000,3945.0000,3943.8000,3946.0000,3946.6000,3946.8000,3947.2000,3947.4000,2,2,3,2,1,7,1,2,1,3
SF,IF2005,2020-05-15 09:30:12.700,3945.8000,21459,-13,865978260.000,15,1,14,多平,S,3943.8000,3943.6000,3943.2000,3942.0000,3941.8000,3945.8000,3946.0000,3946.6000,3946.8000,3947.2000,1,1,1,3,16,2,7,1,2,1
SF,IF2005,2020-05-15 09:30:13.200,3945.8000,21458,-1,867162000.000,1,0,1,双平,S,3944.4000,3944.0000,3943.8000,3943.6000,3943.4000,3945.4000,3945.6000,3945.8000,3946.0000,3946.6000,2,5,1,1,1,1,12,2,8,1
SF,IF2005,2020-05-15 09:30:13.700,3945.4000,21451,-7,875446740.000,7,0,7,双平,S,3944.0000,3943.8000,3943.6000,3943.2000,3942.0000,3945.4000,3945.6000,3945.8000,3946.0000,3946.6000,3,1,1,1,3,1,5,2,13,1
SF,IF2005,2020-05-15 09:30:14.200,3944.0000,21443,-8,884913720.000,8,0,8,双平,S,3943.8000,3943.6000,3943.2000,3942.0000,3941.8000,3944.8000,3945.2000,3945.4000,3945.6000,3945.8000,1,1,1,3,16,1,2,1,7,2
SF,IF2005,2020-05-15 09:30:14.700,3943.2000,21438,-5,892013040.000,6,0,6,多平,S,3942.0000,3941.8000,3941.6000,3941.4000,3941.2000,3944.6000,3945.4000,3945.6000,3945.8000,3946.0000,2,16,3,1,1,2,2,5,3,12
SF,IF2005,2020-05-15 09:30:15.200,3944.4000,21436,-2,894379500.000,2,0,2,双平,S,3942.6000,3942.2000,3942.0000,3941.8000,3941.6000,3944.4000,3945.0000,3945.2000,3945.4000,3945.6000,2,5,2,16,3,3,1,8,1,5
SF,IF2005,2020-05-15 09:30:15.700,3945.4000,21422,-14,910947900.000,14,0,14,双平,S,3945.4000,3942.8000,3942.6000,3942.2000,3942.0000,3945.6000,3945.8000,3946.0000,3946.2000,3946.4000,9,7,2,1,2,5,3,12,3,1
SF,IF2005,2020-05-15 09:30:16.200,3945.4000,21408,-14,927518580.000,14,0,14,双平,S,3943.2000,3943.0000,3942.8000,3942.6000,3942.0000,3945.6000,3945.8000,3946.0000,3946.2000,3946.4000,2,1,4,2,5,7,3,12,3,1
SF,IF2005,2020-05-15 09:30:16.700,3945.4000,21404,-4,932253060.000,4,0,4,双平,S,3943.4000,3943.2000,3943.0000,3942.8000,3942.6000,3945.4000,3945.6000,3945.8000,3946.0000,3946.2000,6,2,1,2,2,1,8,3,12,3
SF,IF2005,2020-05-15 09:30:17.200,3943.6000,21399,-5,939353700.000,6,0,6,多平,S,3943.6000,3943.4000,3942.8000,3942.6000,3942.0000,3945.4000,3945.6000,3945.8000,3946.0000,3946.2000,3,5,1,2,1,1,5,3,12,3
SF,IF2005,2020-05-15 09:30:17.700,3943.8000,21397,-2,947637840.000,7,2,5,多平,S,3943.8000,3943.6000,3943.4000,3942.8000,3942.6000,3945.6000,3945.8000,3946.0000,3946.2000,3946.4000,3,6,1,1,2,8,3,12,3,1
SF,IF2005,2020-05-15 09:30:18.200,3945.6000,21387,-10,961840260.000,12,1,11,多平,S,3945.6000,3944.0000,3943.8000,3943.6000,3942.8000,3945.8000,3946.0000,3946.2000,3946.4000,3946.6000,3,1,3,6,1,3,12,3,1,1
SF,IF2005,2020-05-15 09:30:18.700,3944.6000,21380,-7,972492900.000,9,1,8,多平,S,3944.6000,3944.0000,3943.8000,3943.6000,3943.2000,3945.4000,3945.6000,3946.0000,3946.2000,3946.4000,1,4,1,6,1,6,2,12,3,1
SF,IF2005,2020-05-15 09:30:19.200,3945.4000,21380,0,973676520.000,1,0,1,多换,S,3944.6000,3944.4000,3944.2000,3944.0000,3943.6000,3945.4000,3945.6000,3946.0000,3946.2000,3946.4000,2,1,1,4,6,5,2,12,3,1
SF,IF2005,2020-05-15 09:30:19.700,3944.8000,21369,-11,986695740.000,11,0,11,双平,S,3944.8000,3944.6000,3944.4000,3944.0000,3943.6000,3946.0000,3946.2000,3946.4000,3946.6000,3946.8000,3,1,1,4,4,12,3,1,1,2
SF,IF2005,2020-05-15 09:30:20.200,3945.6000,21366,-3,990246840.000,3,0,3,双平,S,3945.6000,3945.4000,3945.0000,3944.8000,3944.6000,3946.0000,3946.2000,3946.4000,3946.6000,3946.8000,4,2,1,3,1,12,3,2,1,2
SF,IF2005,2020-05-15 09:30:20.700,3945.6000,21360,-6,997349280.000,6,0,6,双平,S,3945.8000,3945.6000,3945.4000,3945.0000,3944.8000,3946.0000,3946.2000,3946.4000,3946.6000,3946.8000,2,2,2,1,2,10,3,2,1,2
SF,IF2005,2020-05-15 09:30:21.200,3945.8000,21355,-5,1003267920.000,5,0,5,双平,S,3945.6000,3945.4000,3944.8000,3944.6000,3944.0000,3945.8000,3946.0000,3946.2000,3946.4000,3946.6000,1,3,2,1,5,2,14,3,2,1
SF,IF2005,2020-05-15 09:30:21.700,3945.4000,21352,-3,1012737720.000,8,2,6,多平,S,3945.4000,3944.8000,3944.6000,3944.0000,3943.6000,3945.8000,3946.0000,3946.2000,3946.4000,3946.6000,2,2,1,2,1,1,33,3,2,1
SF,IF2005,2020-05-15 09:30:22.200,3945.4000,21351,-1,1013921340.000,1,0,1,双平,S,3945.6000,3945.4000,3945.0000,3944.8000,3944.0000,3945.8000,3946.0000,3946.2000,3946.4000,3946.6000,1,2,1,1,2,1,33,3,2,1
SF,IF2005,2020-05-15 09:30:22.700,3945.4000,21343,-8,1023390900.000,8,0,8,双平,S,3945.0000,3944.8000,3944.0000,3943.6000,3943.2000,3945.4000,3945.6000,3946.0000,3946.4000,3946.6000,1,3,2,1,1,13,2,32,2,1
SF,IF2005,2020-05-15 09:30:23.200,3945.0000,21343,0,1025758020.000,2,1,1,多换,S,3944.8000,3944.0000,3943.6000,3943.2000,3943.0000,3945.0000,3945.4000,3945.6000,3946.0000,3946.4000,3,2,1,1,2,2,13,2,32,2
SF,IF2005,2020-05-15 09:30:23.700,3945.4000,21332,-11,1038777600.000,11,0,11,双平,S,3945.2000,3945.0000,3944.8000,3944.0000,3943.6000,3945.4000,3945.6000,3946.0000,3946.4000,3946.6000,3,1,4,1,1,4,2,12,2,2
SF,IF2005,2020-05-15 09:30:24.200,3945.4000,21328,-4,1044695700.000,5,0,5,多平,S,3945.2000,3945.0000,3944.8000,3944.0000,3943.6000,3945.6000,3946.0000,3946.4000,3946.6000,3946.8000,3,1,4,1,1,2,12,2,2,2
SF,IF2005,2020-05-15 09:30:24.700,3945.6000,21327,-1,1045879380.000,1,0,1,双平,S,3945.4000,3945.2000,3945.0000,3944.8000,3944.0000,3945.6000,3946.0000,3946.4000,3946.6000,3946.8000,1,3,2,4,1,1,12,2,2,3
SF,IF2005,2020-05-15 09:30:25.200,3945.4000,21325,-2,1048246680.000,2,0,2,双平,S,3945.0000,3944.8000,3944.6000,3944.0000,3943.6000,3945.6000,3946.0000,3946.4000,3946.6000,3946.8000,2,4,1,1,1,1,12,2,2,3
SF,IF2005,2020-05-15 09:30:25.700,3945.4000,21320,-5,1054164780.000,5,0,5,双平,S,3945.6000,3945.0000,3944.8000,3944.6000,3944.0000,3946.0000,3946.4000,3946.6000,3946.8000,3947.0000,5,3,4,1,1,12,2,2,3,1
SF,IF2005,2020-05-15 09:30:26.200,3945.6000,21308,-12,1068370080.000,12,0,12,双平,S,3945.6000,3945.0000,3944.8000,3944.6000,3944.0000,3946.0000,3946.4000,3946.6000,3946.8000,3947.0000,3,3,4,1,1,7,2,2,3,1
SF,IF2005,2020-05-15 09:30:26.700,3945.6000,21304,-4,1073104800.000,4,0,4,双平,S,3945.0000,3944.8000,3944.6000,3944.0000,3943.8000,3945.2000,3945.4000,3945.6000,3945.8000,3946.0000,4,4,1,1,1,1,9,3,4,7
SF,IF2005,2020-05-15 09:30:27.200,3945.2000,21300,-4,1079022360.000,5,0,5,多平,S,3945.2000,3944.8000,3944.6000,3944.0000,3943.8000,3945.4000,3945.6000,3945.8000,3946.0000,3946.4000,3,4,1,1,1,9,4,3,4,3
SF,IF2005,2020-05-15 09:30:27.700,3945.4000,21297,-3,1083756840.000,4,0,4,多平,S,3945.2000,3944.8000,3944.6000,3944.0000,3943.8000,3945.4000,3945.6000,3945.8000,3946.0000,3946.4000,3,4,1,1,1,5,4,3,4,3
SF,IF2005,2020-05-15 09:30:28.200,3945.4000,21290,-7,1092042180.000,7,0,7,双平,S,3945.2000,3944.8000,3944.6000,3944.0000,3943.8000,3945.6000,3945.8000,3946.0000,3946.4000,3946.6000,3,4,1,1,1,5,3,4,3,3
SF,IF2005,2020-05-15 09:30:28.700,3945.6000,21288,-2,1094409480.000,2,0,2,双平,S,3945.2000,3945.0000,3944.8000,3944.6000,3944.0000,3945.6000,3945.8000,3946.0000,3946.4000,3946.6000,4,1,4,1,2,4,4,4,3,3
SF,IF2005,2020-05-15 09:30:29.200,3945.4000,21286,-2,1096776720.000,2,0,2,双平,S,3945.4000,3945.2000,3945.0000,3944.8000,3944.6000,3945.6000,3945.8000,3946.0000,3946.4000,3946.6000,1,4,1,4,1,7,4,4,3,3
SF,IF2005,2020-05-15 09:30:29.700,3945.4000,21278,-8,1107429720.000,9,0,9,多平,S,3945.2000,3945.0000,3944.8000,3944.6000,3944.0000,3945.6000,3945.8000,3946.0000,3946.4000,3946.6000,4,1,4,1,2,1,5,4,3,3
SF,IF2005,2020-05-15 09:30:30.200,3945.4000,21276,-2,1113347880.000,5,1,4,多平,S,3945.4000,3945.2000,3945.0000,3944.8000,3944.6000,3945.8000,3946.0000,3946.4000,3946.6000,3946.8000,2,4,1,4,1,5,4,3,3,3
SF,IF2005,2020-05-15 09:30:30.700,3946.0000,21269,-7,1121634180.000,7,0,7,双平,S,3945.8000,3945.4000,3945.2000,3945.0000,3944.8000,3946.0000,3946.4000,3946.6000,3946.8000,3947.0000,2,2,4,1,4,2,3,3,3,3
SF,IF2005,2020-05-15 09:30:31.200,3945.8000,21267,-2,1127553360.000,5,1,4,多平,S,3945.8000,3945.6000,3945.4000,3945.2000,3945.0000,3946.4000,3946.6000,3946.8000,3947.0000,3947.2000,1,2,2,4,1,1,3,3,3,1
SF,IF2005,2020-05-15 09:30:31.700,3946.4000,21267,0,1128737280.000,1,0,1,多换,S,3946.0000,3945.8000,3945.6000,3945.4000,3945.2000,3946.6000,3946.8000,3947.0000,3947.2000,3947.4000,2,2,2,3,4,3,3,3,1,1
SF,IF2005,2020-05-15 09:30:32.200,3946.6000,21263,-4,1133473020.000,4,0,4,双平,S,3946.6000,3946.0000,3945.8000,3945.6000,3945.4000,3946.8000,3947.0000,3947.2000,3947.4000,3947.6000,2,2,2,2,3,3,3,1,1,4
SF,IF2005,2020-05-15 09:30:32.700,3946.8000,21262,-1,1134657060.000,1,0,1,双平,S,3946.6000,3946.4000,3945.8000,3945.6000,3945.4000,3946.8000,3947.0000,3947.2000,3947.4000,3947.6000,2,2,2,2,3,2,3,1,1,4
SF,IF2005,2020-05-15 09:30:33.200,3947.0000,21259,-3,1139393340.000,4,0,4,多平,S,3946.6000,3946.4000,3945.8000,3945.6000,3945.4000,3947.0000,3947.2000,3947.4000,3947.6000,3947.8000,2,2,2,2,3,1,1,1,4,1
SF,IF2005,2020-05-15 09:30:33.700,3946.6000,21257,-2,1141761300.000,2,0,2,双平,S,3946.4000,3945.8000,3945.6000,3945.4000,3945.2000,3947.0000,3947.2000,3947.4000,3947.6000,3947.8000,2,2,2,3,4,1,1,1,4,1
SF,IF2005,2020-05-15 09:30:34.200,3946.6000,21256,-1,1142945280.000,1,0,1,双平,S,3946.4000,3945.8000,3945.6000,3945.4000,3945.2000,3946.8000,3947.0000,3947.2000,3947.4000,3947.6000,3,2,2,3,5,1,2,1,1,4
SF,IF2005,2020-05-15 09:30:34.700,3946.4000,21255,-1,1144129200.000,1,0,1,双平,S,3946.4000,3946.0000,3945.8000,3945.6000,3945.4000,3946.8000,3947.0000,3947.2000,3947.4000,3947.6000,2,1,2,2,3,2,2,1,1,4
SF,IF2005,2020-05-15 09:30:35.200,3946.8000,21255,0,1145313240.000,1,0,1,多换,S,3946.4000,3946.0000,3945.8000,3945.6000,3945.4000,3946.8000,3947.0000,3947.2000,3947.4000,3947.6000,2,1,2,2,3,1,2,1,1,4
SF,IF2005,2020-05-15 09:30:35.700,3946.4000,21253,-2,1148865000.000,3,0,3,多平,S,3946.0000,3945.8000,3945.6000,3945.4000,3945.2000,3946.6000,3946.8000,3947.0000,3947.2000,3947.4000,1,2,2,3,2,4,1,2,2,1
SF,IF2005,2020-05-15 09:30:36.200,3946.6000,21250,-3,1152416940.000,3,0,3,双平,S,3946.6000,3946.0000,3945.8000,3945.6000,3945.4000,3946.8000,3947.0000,3947.2000,3947.4000,3947.6000,4,1,1,2,3,1,2,2,1,4
SF,IF2005,2020-05-15 09:30:36.700,3946.6000,21247,-3,1155968880.000,3,0,3,双平,S,3946.0000,3945.8000,3945.6000,3945.4000,3945.2000,3946.6000,3946.8000,3947.0000,3947.2000,3947.4000,1,1,2,3,2,2,1,2,2,1
SF,IF2005,2020-05-15 09:30:37.200,3946.6000,21245,-2,1158336840.000,2,0,2,双平,S,3946.6000,3946.0000,3945.8000,3945.6000,3945.4000,3946.8000,3947.0000,3947.2000,3947.4000,3947.6000,3,1,1,2,3,1,2,2,1,4
SF,IF2005,2020-05-15 09:30:37.700,3946.6000,21241,-4,1163072880.000,4,0,4,双平,S,3946.6000,3946.0000,3945.8000,3945.4000,3945.2000,3947.0000,3947.2000,3947.4000,3947.6000,3947.8000,1,2,1,2,2,2,2,1,4,1
SF,IF2005,2020-05-15 09:30:38.200,3946.0000,21236,-5,1170176400.000,6,0,6,多平,S,3945.8000,3945.4000,3945.2000,3945.0000,3944.8000,3946.6000,3946.8000,3947.0000,3947.2000,3947.4000,1,2,2,9,2,1,1,3,2,1
SF,IF2005,2020-05-15 09:30:38.700,3946.6000,21234,-2,1172544300.000,2,0,2,双平,S,3946.6000,3945.8000,3945.4000,3945.2000,3945.0000,3946.8000,3947.0000,3947.2000,3947.4000,3947.6000,2,1,2,2,9,1,3,2,1,4
SF,IF2005,2020-05-15 09:30:39.200,3945.4000,21229,-5,1179647280.000,6,0,6,多平,S,3945.2000,3945.0000,3944.8000,3944.6000,3944.0000,3947.0000,3947.2000,3947.4000,3947.6000,3947.8000,2,9,2,1,2,3,2,1,4,1
SF,IF2005,2020-05-15 09:30:39.700,3946.8000,21227,-2,1182015360.000,2,0,2,双平,S,3945.6000,3945.4000,3945.2000,3945.0000,3944.8000,3946.8000,3947.0000,3947.2000,3947.4000,3947.6000,2,3,2,9,2,3,3,2,1,4
SF,IF2005,2020-05-15 09:30:40.200,3946.8000,21222,-5,1187935080.000,5,0,5,双平,S,3946.8000,3945.8000,3945.6000,3945.4000,3945.2000,3947.0000,3947.2000,3947.4000,3947.6000,3947.8000,2,3,1,2,2,3,2,1,4,1
SF,IF2005,2020-05-15 09:30:40.700,3947.0000,21216,-6,1195039440.000,6,0,6,双平,S,3945.8000,3945.6000,3945.4000,3945.2000,3945.0000,3947.0000,3947.2000,3947.4000,3947.6000,3947.8000,3,1,2,2,9,1,2,1,4,1
SF,IF2005,2020-05-15 09:30:41.200,3945.8000,21213,-3,1198590840.000,3,0,3,双平,S,3945.8000,3945.6000,3945.4000,3945.2000,3945.0000,3946.4000,3947.0000,3947.2000,3947.4000,3947.6000,1,1,2,2,9,1,1,2,1,4
SF,IF2005,2020-05-15 09:30:41.700,3947.0000,21212,-1,1202142720.000,3,1,2,多平,S,3946.4000,3946.0000,3945.8000,3945.6000,3945.4000,3947.2000,3947.4000,3947.6000,3947.8000,3948.0000,4,1,1,1,2,2,1,4,1,5
SF,IF2005,2020-05-15 09:30:42.200,3946.8000,21206,-6,1210430400.000,7,0,7,多平,S,3946.0000,3945.8000,3945.4000,3945.2000,3945.0000,3946.8000,3947.0000,3947.2000,3947.4000,3947.6000,1,2,2,3,9,1,3,2,1,4
SF,IF2005,2020-05-15 09:30:42.700,3946.8000,21205,-1,1211614440.000,1,0,1,双平,S,3945.8000,3945.4000,3945.2000,3945.0000,3944.8000,3946.6000,3947.0000,3947.2000,3947.4000,3947.6000,2,2,3,9,2,1,6,2,1,4
SF,IF2005,2020-05-15 09:30:43.200,3946.4000,21203,-2,1213982160.000,2,0,2,双平,S,3946.0000,3945.8000,3945.4000,3945.2000,3945.0000,3946.4000,3946.6000,3947.0000,3947.2000,3947.4000,1,2,2,3,9,5,2,4,2,1
SF,IF2005,2020-05-15 09:30:43.700,3947.0000,21187,-16,1232926440.000,16,0,16,双平,S,3947.0000,3946.6000,3945.8000,3945.2000,3945.0000,3947.2000,3947.4000,3947.6000,3947.8000,3948.0000,6,1,1,3,9,2,1,5,1,5
SF,IF2005,2020-05-15 09:30:44.200,3946.4000,21179,-8,1242398940.000,8,0,8,双平,S,3946.2000,3945.8000,3945.2000,3945.0000,3944.8000,3946.8000,3947.0000,3947.2000,3947.4000,3947.6000,2,1,3,9,2,3,4,5,1,5
SF,IF2005,2020-05-15 09:30:44.700,3946.4000,21175,-4,1249502160.000,6,1,5,多平,S,3946.4000,3945.2000,3945.0000,3944.8000,3944.6000,3946.8000,3947.0000,3947.2000,3947.4000,3947.6000,2,3,9,2,1,7,5,5,3,5
SF,IF2005,2020-05-15 09:30:45.200,3946.4000,21171,-4,1254237840.000,4,0,4,双平,S,3945.2000,3945.0000,3944.8000,3944.6000,3944.0000,3946.4000,3946.6000,3946.8000,3947.0000,3947.2000,3,9,2,1,2,1,3,7,5,2
SF,IF2005,2020-05-15 09:30:45.700,3946.4000,21169,-2,1256605680.000,2,0,2,双平,S,3945.4000,3945.2000,3945.0000,3944.8000,3944.6000,3946.4000,3946.6000,3946.8000,3947.0000,3947.2000,5,3,9,2,1,5,1,8,6,2
SF,IF2005,2020-05-15 09:30:46.200,3946.4000,21165,-4,1261341360.000,4,0,4,双平,S,3945.4000,3945.2000,3945.0000,3944.8000,3944.6000,3946.2000,3946.4000,3946.6000,3946.8000,3947.0000,5,3,9,2,1,2,3,1,8,6
SF,IF2005,2020-05-15 09:30:46.700,3946.6000,21160,-5,1269627780.000,7,1,6,多平,S,3945.2000,3945.0000,3944.8000,3944.6000,3944.0000,3946.8000,3947.0000,3947.2000,3947.4000,3947.6000,3,9,2,1,2,8,6,3,2,5
SF,IF2005,2020-05-15 09:30:47.200,3945.6000,21159,-1,1270811460.000,1,0,1,双平,S,3945.6000,3945.4000,3945.2000,3945.0000,3944.8000,3946.2000,3946.6000,3946.8000,3947.0000,3947.2000,2,1,3,9,2,4,4,10,4,3
SF,IF2005,2020-05-15 09:30:47.700,3945.2000,21157,-2,1275545940.000,4,1,3,多平,S,3946.2000,3945.6000,3945.2000,3945.0000,3944.8000,3946.6000,3946.8000,3947.0000,3947.2000,3947.4000,3,1,1,9,2,2,10,4,3,2
SF,IF2005,2020-05-15 09:30:48.200,3946.0000,21156,-1,1276729740.000,1,0,1,双平,S,3946.2000,3945.6000,3945.2000,3945.0000,3944.8000,3946.4000,3946.8000,3947.0000,3947.2000,3947.4000,3,1,1,9,2,1,10,4,4,2
SF,IF2005,2020-05-15 09:30:48.700,3946.2000,21151,-5,1282648860.000,5,0,5,双平,S,3945.6000,3945.2000,3945.0000,3944.8000,3944.6000,3946.4000,3946.6000,3946.8000,3947.0000,3947.2000,1,1,9,2,1,1,1,10,3,4
SF,IF2005,2020-05-15 09:30:49.200,3945.6000,21150,-1,1283832540.000,1,0,1,双平,S,3945.2000,3945.0000,3944.8000,3944.6000,3944.0000,3946.4000,3946.6000,3946.8000,3947.0000,3947.2000,1,9,2,1,2,1,1,10,3,4
SF,IF2005,2020-05-15 09:30:49.700,3945.6000,21150,0,1283832540.000,0,-,-,-,-,3945.2000,3945.0000,3944.8000,3944.6000,3944.4000,3946.2000,3946.4000,3946.6000,3946.8000,3947.0000,1,9,2,1,1,2,5,1,8,3
SF,IF2005,2020-05-15 09:30:50.200,3946.0000,21147,-3,1287383760.000,3,0,3,双平,S,3946.0000,3945.4000,3945.2000,3945.0000,3944.8000,3946.2000,3946.4000,3946.6000,3946.8000,3947.0000,1,1,1,10,2,4,3,1,8,3
SF,IF2005,2020-05-15 09:30:50.700,3946.4000,21145,-2,1290935100.000,3,0,3,多平,S,3945.2000,3945.0000,3944.8000,3944.6000,3944.4000,3946.4000,3946.6000,3946.8000,3947.0000,3947.2000,1,10,2,1,1,2,1,8,3,4
SF,IF2005,2020-05-15 09:30:51.200,3946.4000,21145,0,1292119020.000,1,0,1,多换,S,3945.8000,3945.4000,3945.2000,3945.0000,3944.8000,3946.4000,3946.6000,3946.8000,3947.0000,3947.2000,1,1,1,10,2,2,1,8,3,5
SF,IF2005,2020-05-15 09:30:51.700,3946.4000,21144,-1,1293302940.000,1,0,1,双平,S,3945.8000,3945.4000,3945.2000,3945.0000,3944.8000,3946.4000,3946.6000,3946.8000,3947.0000,3947.2000,1,1,1,10,2,1,1,8,3,5
SF,IF2005,2020-05-15 09:30:52.200,3945.8000,21143,-1,1294486680.000,1,0,1,双平,S,3946.2000,3945.6000,3945.4000,3945.2000,3945.0000,3946.4000,3946.6000,3946.8000,3947.0000,3947.2000,1,2,1,1,10,2,1,8,3,5
SF,IF2005,2020-05-15 09:30:52.700,3945.6000,21141,-2,1296854220.000,2,0,2,双平,S,3945.6000,3945.4000,3945.2000,3945.0000,3944.8000,3946.0000,3946.2000,3946.4000,3946.6000,3946.8000,1,1,1,10,2,1,1,3,1,8
SF,IF2005,2020-05-15 09:30:53.200,3946.4000,21138,-3,1305141000.000,7,2,5,多平,S,3946.4000,3945.8000,3945.2000,3945.0000,3944.8000,3946.6000,3946.8000,3947.0000,3947.2000,3947.4000,7,1,1,10,2,1,8,3,5,2
SF,IF2005,2020-05-15 09:30:53.700,3946.4000,21138,0,1309876680.000,4,2,2,多换,S,3946.4000,3945.8000,3945.2000,3945.0000,3944.8000,3946.6000,3946.8000,3947.0000,3947.2000,3947.4000,3,1,1,10,2,2,8,3,5,2
SF,IF2005,2020-05-15 09:30:54.200,3946.6000,21138,0,1314612420.000,4,2,2,多换,S,3945.2000,3945.0000,3944.8000,3944.6000,3944.0000,3945.6000,3946.2000,3946.4000,3946.6000,3946.8000,1,10,2,1,2,1,1,2,5,9
SF,IF2005,2020-05-15 09:30:54.700,3945.6000,21136,-2,1316979780.000,2,0,2,双平,S,3945.8000,3945.6000,3945.2000,3945.0000,3944.8000,3946.2000,3946.4000,3946.6000,3946.8000,3947.0000,2,2,1,10,2,1,3,5,9,3
SF,IF2005,2020-05-15 09:30:55.200,3946.0000,21129,-7,1325266140.000,7,0,7,双平,S,3945.4000,3945.2000,3945.0000,3944.8000,3944.6000,3946.4000,3946.6000,3946.8000,3947.0000,3947.2000,1,2,10,2,1,4,5,9,3,5
SF,IF2005,2020-05-15 09:30:55.700,3945.4000,21123,-6,1332367920.000,6,0,6,双平,S,3945.0000,3944.8000,3944.6000,3944.0000,3943.8000,3945.4000,3946.4000,3946.6000,3946.8000,3947.0000,10,2,2,2,1,3,4,5,9,3
SF,IF2005,2020-05-15 09:30:56.200,3945.4000,21123,0,1332367920.000,0,-,-,-,-,3945.0000,3944.8000,3944.6000,3944.0000,3943.8000,3945.4000,3945.8000,3946.2000,3946.4000,3946.6000,10,2,2,2,1,4,2,2,5,6
SF,IF2005,2020-05-15 09:30:56.700,3945.0000,21121,-2,1334734980.000,2,0,2,双平,S,3945.0000,3944.8000,3944.6000,3944.0000,3943.8000,3945.4000,3946.2000,3946.4000,3946.6000,3946.8000,9,2,2,2,1,4,2,5,6,9
SF,IF2005,2020-05-15 09:30:57.200,3945.0000,21115,-6,1341836100.000,6,0,6,双平,S,3945.0000,3944.8000,3944.6000,3944.0000,3943.8000,3945.4000,3946.0000,3946.2000,3946.4000,3946.6000,4,2,2,2,1,3,1,2,5,6
SF,IF2005,2020-05-15 09:30:57.700,3945.0000,21109,-6,1348937460.000,6,0,6,双平,S,3945.0000,3944.8000,3944.6000,3944.0000,3943.8000,3945.2000,3946.0000,3946.2000,3946.4000,3946.6000,1,2,2,2,1,1,1,1,6,7
SF,IF2005,2020-05-15 09:30:58.200,3945.2000,21107,-2,1352488140.000,3,0,3,多平,S,3945.0000,3944.8000,3944.6000,3944.0000,3943.8000,3945.2000,3946.0000,3946.2000,3946.4000,3946.6000,1,2,2,2,1,1,1,1,6,7
SF,IF2005,2020-05-15 09:30:58.700,3945.2000,21105,-2,1354855260.000,2,0,2,双平,S,3945.4000,3945.2000,3945.0000,3944.8000,3944.6000,3945.8000,3946.0000,3946.2000,3946.4000,3946.6000,1,1,1,2,2,1,2,1,6,7
SF,IF2005,2020-05-15 09:30:59.200,3945.2000,21102,-3,1358406180.000,3,0,3,双平,S,3945.0000,3944.8000,3944.6000,3944.0000,3943.8000,3945.6000,3946.0000,3946.2000,3946.4000,3946.6000,1,3,2,2,1,1,1,1,6,7
SF,IF2005,2020-05-15 09:30:59.700,3946.0000,21102,0,1360773660.000,2,1,1,多换,S,3945.0000,3944.8000,3944.6000,3944.0000,3943.8000,3946.2000,3946.4000,3946.6000,3946.8000,3947.0000,1,3,2,2,1,1,6,7,9,1
SF,IF2005,2020-05-15 09:31:00.200,3945.2000,21101,-1,1361957220.000,1,0,1,双平,S,3945.0000,3944.8000,3944.6000,3944.4000,3944.0000,3946.0000,3946.2000,3946.4000,3946.6000,3946.8000,3,3,2,1,2,1,1,6,7,9
SF,IF2005,2020-05-15 09:31:00.700,3945.2000,21101,0,1361957220.000,0,-,-,-,-,3945.0000,3944.8000,3944.6000,3944.4000,3944.0000,3945.4000,3945.8000,3946.0000,3946.2000,3946.4000,3,3,2,1,2,1,1,4,1,6
SF,IF2005,2020-05-15 09:31:01.200,3945.8000,21099,-2,1364324580.000,2,0,2,双平,S,3945.0000,3944.8000,3944.6000,3944.4000,3944.0000,3946.0000,3946.2000,3946.4000,3946.6000,3946.8000,3,3,2,1,2,4,1,5,7,9
SF,IF2005,2020-05-15 09:31:01.700,3945.0000,21096,-3,1369059180.000,4,0,4,多平,S,3945.4000,3945.2000,3945.0000,3944.8000,3944.6000,3945.8000,3946.0000,3946.2000,3946.4000,3946.6000,1,1,3,3,2,1,3,1,5,7
SF,IF2005,2020-05-15 09:31:02.200,3945.2000,21095,-1,1370242740.000,1,0,1,双平,S,3945.4000,3945.2000,3945.0000,3944.8000,3944.6000,3946.0000,3946.2000,3946.4000,3946.6000,3946.8000,2,1,2,3,2,3,1,5,7,9
SF,IF2005,2020-05-15 09:31:02.700,3945.4000,21092,-3,1373793540.000,3,0,3,双平,S,3945.2000,3945.0000,3944.8000,3944.6000,3944.4000,3945.8000,3946.0000,3946.2000,3946.4000,3946.6000,2,7,3,2,1,2,3,1,5,3
SF,IF2005,2020-05-15 09:31:03.200,3945.4000,21088,-4,1378528080.000,4,0,4,双平,S,3945.6000,3945.4000,3945.2000,3945.0000,3944.8000,3946.0000,3946.2000,3946.4000,3946.6000,3946.8000,1,1,2,7,3,3,1,5,3,8
SF,IF2005,2020-05-15 09:31:03.700,3946.0000,21085,-3,1383263160.000,4,0,4,多平,S,3945.8000,3945.6000,3945.4000,3945.2000,3945.0000,3946.2000,3946.4000,3946.6000,3946.8000,3947.2000,1,1,4,2,7,1,9,3,8,5
SF,IF2005,2020-05-15 09:31:04.200,3945.6000,21079,-6,1390365780.000,6,0,6,双平,S,3945.4000,3945.2000,3945.0000,3944.8000,3944.6000,3946.2000,3946.4000,3946.6000,3946.8000,3947.2000,4,2,7,5,2,2,9,3,12,5
SF,IF2005,2020-05-15 09:31:04.700,3945.2000,21072,-7,1401018840.000,9,1,8,多平,S,3945.2000,3945.0000,3944.8000,3944.6000,3944.4000,3946.4000,3946.6000,3946.8000,3947.2000,3947.4000,1,7,5,2,1,9,3,12,5,2
SF,IF2005,2020-05-15 09:31:05.200,3945.4000,21072,0,1402202460.000,1,0,1,多换,S,3945.4000,3945.2000,3945.0000,3944.8000,3944.6000,3945.6000,3946.0000,3946.2000,3946.4000,3946.6000,1,3,7,5,2,1,5,3,9,3
SF,IF2005,2020-05-15 09:31:05.700,3945.4000,21070,-2,1404569700.000,2,0,2,双平,S,3945.2000,3945.0000,3944.8000,3944.6000,3944.4000,3945.6000,3945.8000,3946.0000,3946.2000,3946.4000,3,7,5,2,1,1,1,6,6,9
SF,IF2005,2020-05-15 09:31:06.200,3946.0000,21067,-3,1408120920.000,3,0,3,双平,S,3945.2000,3945.0000,3944.8000,3944.6000,3944.4000,3946.0000,3946.2000,3946.4000,3946.6000,3946.8000,3,7,5,2,1,1,6,9,3,12
SF,IF2005,2020-05-15 09:31:06.700,3946.0000,21067,0,1408120920.000,0,-,-,-,-,3945.4000,3945.2000,3945.0000,3944.8000,3944.6000,3946.0000,3946.2000,3946.4000,3946.6000,3946.8000,1,3,7,5,2,3,4,9,3,13
SF,IF2005,2020-05-15 09:31:07.200,3945.4000,21065,-2,1410488160.000,2,0,2,双平,S,3945.2000,3945.0000,3944.8000,3944.6000,3944.4000,3945.4000,3945.8000,3946.0000,3946.2000,3946.4000,3,7,5,2,1,13,3,3,4,10
SF,IF2005,2020-05-15 09:31:07.700,3945.4000,21060,-5,1417589700.000,6,0,6,多平,S,3945.0000,3944.8000,3944.6000,3944.4000,3944.0000,3945.2000,3945.4000,3945.8000,3946.0000,3946.2000,7,5,2,1,3,1,12,3,3,4
SF,IF2005,2020-05-15 09:31:08.200,3945.2000,21057,-3,1421140380.000,3,0,3,双平,S,3945.0000,3944.8000,3944.6000,3944.4000,3944.0000,3945.2000,3945.4000,3945.8000,3946.0000,3946.2000,7,5,2,1,3,1,11,3,3,4
SF,IF2005,2020-05-15 09:31:08.700,3945.2000,21056,-1,1422323940.000,1,0,1,双平,S,3945.0000,3944.8000,3944.6000,3944.4000,3944.0000,3945.4000,3945.8000,3946.0000,3946.2000,3946.4000,8,5,2,1,3,11,3,4,4,11
SF,IF2005,2020-05-15 09:31:09.200,3945.2000,21056,0,1422323940.000,0,-,-,-,-,3945.0000,3944.8000,3944.6000,3944.4000,3944.0000,3945.4000,3945.8000,3946.0000,3946.2000,3946.4000,8,5,2,1,3,11,4,5,4,11
SF,IF2005,2020-05-15 09:31:09.700,3945.0000,21054,-2,1425874440.000,3,0,3,多平,S,3945.2000,3945.0000,3944.8000,3944.6000,3944.4000,3945.4000,3945.6000,3945.8000,3946.0000,3946.2000,1,5,5,2,1,11,1,4,5,4
SF,IF2005,2020-05-15 09:31:10.200,3945.0000,21051,-3,1429424940.000,3,0,3,双平,S,3945.0000,3944.8000,3944.6000,3944.4000,3944.0000,3945.4000,3945.6000,3945.8000,3946.0000,3946.2000,5,5,2,1,3,11,1,4,4,2
SF,IF2005,2020-05-15 09:31:10.700,3945.4000,21048,-3,1434159420.000,4,0,4,多平,S,3945.0000,3944.8000,3944.6000,3944.0000,3943.8000,3945.4000,3945.6000,3945.8000,3946.0000,3946.2000,5,5,2,3,1,9,1,3,4,2
SF,IF2005,2020-05-15 09:31:11.200,3945.0000,21047,-1,1436526420.000,2,0,2,多平,S,3945.0000,3944.8000,3944.6000,3944.0000,3943.8000,3945.2000,3945.4000,3945.6000,3945.8000,3946.0000,3,5,2,3,1,3,9,1,3,4
SF,IF2005,2020-05-15 09:31:11.700,3945.2000,21045,-2,1438893540.000,2,0,2,双平,S,3945.0000,3944.8000,3944.6000,3944.0000,3943.8000,3945.4000,3945.6000,3945.8000,3946.0000,3946.2000,4,5,2,3,1,9,1,3,4,2
SF,IF2005,2020-05-15 09:31:12.200,3945.2000,21043,-2,1441260600.000,2,0,2,双平,S,3945.0000,3944.8000,3944.6000,3944.0000,3943.8000,3945.2000,3945.4000,3945.6000,3945.8000,3946.0000,3,5,2,3,1,4,11,1,3,4
SF,IF2005,2020-05-15 09:31:12.700,3945.0000,21040,-3,1444811100.000,3,0,3,双平,S,3944.8000,3944.6000,3944.0000,3943.8000,3943.6000,3945.0000,3945.2000,3945.4000,3945.6000,3945.8000,5,2,3,1,21,3,2,11,1,3
SF,IF2005,2020-05-15 09:31:13.200,3944.8000,21038,-2,1447178040.000,2,0,2,双平,S,3944.8000,3944.6000,3944.0000,3943.8000,3943.6000,3945.0000,3945.2000,3945.4000,3945.6000,3945.8000,4,2,3,1,21,3,3,15,1,3
SF,IF2005,2020-05-15 09:31:13.700,3944.8000,21036,-2,1450728420.000,3,0,3,多平,S,3944.8000,3944.6000,3944.0000,3943.8000,3943.6000,3945.0000,3945.2000,3945.4000,3945.6000,3945.8000,2,2,3,1,21,4,3,15,1,3
SF,IF2005,2020-05-15 09:31:14.200,3944.8000,21034,-2,1453095360.000,2,0,2,双平,S,3944.8000,3944.6000,3944.0000,3943.8000,3943.6000,3945.0000,3945.2000,3945.4000,3945.6000,3945.8000,1,2,3,1,21,2,2,15,1,3
SF,IF2005,2020-05-15 09:31:14.700,3945.0000,21031,-3,1456645680.000,3,0,3,双平,S,3944.6000,3944.0000,3943.8000,3943.6000,3943.2000,3945.0000,3945.2000,3945.4000,3945.6000,3945.8000,1,3,1,21,1,1,2,15,1,3
SF,IF2005,2020-05-15 09:31:15.700,3945.0000,21031,0,1456645680.000,0,-,-,-,-,3944.6000,3944.2000,3944.0000,3943.8000,3943.6000,3944.8000,3945.0000,3945.2000,3945.4000,3945.6000,1,1,3,1,21,1,2,2,15,1
SF,IF2005,2020-05-15 09:31:16.200,3944.6000,21029,-2,1459012440.000,2,0,2,双平,S,3944.2000,3944.0000,3943.8000,3943.6000,3943.2000,3944.4000,3944.6000,3944.8000,3945.0000,3945.2000,1,3,1,21,1,3,1,3,2,2
SF,IF2005,2020-05-15 09:31:16.700,3944.2000,21029,0,1460195700.000,1,0,1,多换,S,3944.0000,3943.8000,3943.6000,3943.2000,3943.0000,3944.4000,3944.6000,3944.8000,3945.0000,3945.2000,3,1,21,1,8,7,1,3,2,2
SF,IF2005,2020-05-15 09:31:17.200,3944.0000,21026,-3,1464928860.000,4,0,4,多平,S,3944.0000,3943.8000,3943.6000,3943.2000,3943.0000,3944.2000,3944.4000,3944.6000,3944.8000,3945.0000,2,2,21,1,8,1,8,1,4,2
SF,IF2005,2020-05-15 09:31:17.700,3944.6000,21017,-9,1479128460.000,12,1,11,多平,S,3943.8000,3943.6000,3943.2000,3943.0000,3942.6000,3944.6000,3944.8000,3945.0000,3945.2000,3945.4000,2,21,1,8,2,1,3,3,2,15
SF,IF2005,2020-05-15 09:31:18.200,3944.2000,21015,-2,1481494980.000,2,0,2,双平,S,3943.8000,3943.6000,3943.2000,3943.0000,3942.6000,3944.6000,3944.8000,3945.0000,3945.2000,3945.4000,2,21,1,8,2,1,4,3,2,15
SF,IF2005,2020-05-15 09:31:18.700,3944.6000,21013,-2,1485045000.000,3,0,3,多平,S,3944.2000,3943.8000,3943.6000,3943.2000,3943.0000,3944.8000,3945.0000,3945.2000,3945.4000,3945.6000,1,2,21,1,8,4,3,2,15,1
SF,IF2005,2020-05-15 09:31:19.200,3943.8000,21009,-4,1489778220.000,4,0,4,双平,S,3943.6000,3943.2000,3943.0000,3942.6000,3942.2000,3944.8000,3945.0000,3945.2000,3945.4000,3945.6000,21,1,8,2,2,3,3,2,15,1
SF,IF2005,2020-05-15 09:31:19.700,3944.6000,21006,-3,1493328120.000,3,0,3,双平,S,3943.8000,3943.6000,3943.2000,3943.0000,3942.6000,3944.8000,3945.0000,3945.2000,3945.4000,3945.6000,1,21,1,8,2,3,3,2,15,1
SF,IF2005,2020-05-15 09:31:20.200,3944.0000,21005,-1,1494511320.000,1,0,1,双平,S,3943.8000,3943.6000,3943.2000,3943.0000,3942.6000,3944.6000,3944.8000,3945.0000,3945.2000,3945.4000,2,21,1,8,2,1,4,3,2,15
SF,IF2005,2020-05-15 09:31:20.700,3944.8000,21003,-2,1499244540.000,4,1,3,多平,S,3944.2000,3943.8000,3943.6000,3943.2000,3943.0000,3944.8000,3945.0000,3945.2000,3945.4000,3945.6000,1,1,21,1,8,4,3,2,15,1
SF,IF2005,2020-05-15 09:31:21.200,3943.8000,21000,-3,1502794140.000,3,0,3,双平,S,3943.6000,3943.2000,3943.0000,3942.6000,3942.2000,3944.2000,3944.8000,3945.0000,3945.2000,3945.4000,21,1,8,2,2,1,4,5,2,15
SF,IF2005,2020-05-15 09:31:21.700,3943.8000,20996,-4,1508710620.000,5,0,5,多平,S,3943.6000,3943.2000,3943.0000,3942.6000,3942.2000,3943.8000,3944.8000,3945.0000,3945.2000,3945.4000,21,1,9,1,2,2,4,6,2,15
SF,IF2005,2020-05-15 09:31:22.200,3943.8000,20989,-7,1518175800.000,8,0,8,多平,S,3943.8000,3943.6000,3943.2000,3943.0000,3942.6000,3944.2000,3944.8000,3945.0000,3945.2000,3945.4000,6,21,1,9,1,1,4,6,2,15
SF,IF2005,2020-05-15 09:31:22.700,3944.0000,20985,-4,1522908660.000,4,0,4,双平,S,3944.0000,3943.8000,3943.6000,3943.2000,3943.0000,3944.2000,3944.8000,3945.0000,3945.2000,3945.4000,1,3,21,1,9,6,4,6,2,15
SF,IF2005,2020-05-15 09:31:23.200,3944.0000,20981,-4,1527641460.000,4,0,4,双平,S,3943.8000,3943.6000,3943.2000,3943.0000,3942.6000,3944.8000,3945.0000,3945.2000,3945.4000,3945.6000,1,21,1,9,1,4,6,3,15,5
SF,IF2005,2020-05-15 09:31:23.700,3943.8000,20979,-2,1530007800.000,2,0,2,双平,S,3943.6000,3943.2000,3943.0000,3942.6000,3942.2000,3943.8000,3944.4000,3944.8000,3945.0000,3945.2000,21,1,9,1,2,13,8,4,7,4
SF,IF2005,2020-05-15 09:31:24.200,3943.8000,20974,-5,1537106520.000,6,0,6,多平,S,3943.6000,3943.2000,3943.0000,3942.6000,3942.2000,3943.8000,3944.4000,3944.6000,3944.8000,3945.0000,19,1,9,1,2,11,8,1,4,7
SF,IF2005,2020-05-15 09:31:24.700,3943.8000,20968,-6,1544205360.000,6,0,6,双平,S,3943.6000,3943.2000,3943.0000,3942.6000,3942.2000,3943.8000,3944.4000,3944.6000,3944.8000,3945.0000,19,1,9,1,2,5,8,1,4,7
SF,IF2005,2020-05-15 09:31:25.200,3943.6000,20965,-3,1547754660.000,3,0,3,双平,S,3943.6000,3943.2000,3943.0000,3942.6000,3942.2000,3943.8000,3944.4000,3944.6000,3944.8000,3945.0000,17,1,9,1,2,4,8,1,4,7
SF,IF2005,2020-05-15 09:31:25.700,3943.6000,20957,-8,1558402440.000,9,0,9,多平,S,3943.6000,3943.2000,3943.0000,3942.6000,3942.2000,3943.8000,3944.4000,3944.6000,3944.8000,3945.0000,9,1,9,1,2,3,8,1,2,7
SF,IF2005,2020-05-15 09:31:26.200,3943.6000,20953,-4,1563134940.000,4,0,4,双平,S,3943.6000,3943.2000,3943.0000,3942.6000,3942.2000,3943.8000,3944.4000,3944.6000,3944.8000,3945.0000,8,1,9,1,2,1,8,1,2,7
SF,IF2005,2020-05-15 09:31:26.700,3943.8000,20952,-1,1564318080.000,1,0,1,双平,S,3943.8000,3943.6000,3943.2000,3943.0000,3942.6000,3944.4000,3944.6000,3944.8000,3945.0000,3945.2000,2,8,1,9,1,8,1,2,8,4
SF,IF2005,2020-05-15 09:31:27.200,3943.8000,20949,-3,1567867860.000,3,0,3,双平,S,3943.6000,3943.2000,3943.0000,3942.6000,3942.2000,3944.0000,3944.6000,3944.8000,3945.0000,3945.2000,8,1,9,1,2,3,1,2,8,4
SF,IF2005,2020-05-15 09:31:27.700,3943.6000,20943,-6,1574966520.000,6,0,6,双平,S,3943.6000,3943.2000,3943.0000,3942.6000,3942.2000,3943.8000,3944.0000,3944.6000,3944.8000,3945.0000,5,1,9,1,2,4,5,1,4,8
SF,IF2005,2020-05-15 09:31:28.200,3943.6000,20941,-2,1577332680.000,2,0,2,双平,S,3943.6000,3943.2000,3943.0000,3942.6000,3942.2000,3943.8000,3944.0000,3944.6000,3944.8000,3945.0000,3,1,9,1,2,8,6,1,4,8
SF,IF2005,2020-05-15 09:31:28.700,3943.6000,20936,-5,1584431460.000,6,0,6,多平,S,3943.6000,3943.2000,3943.0000,3942.6000,3942.2000,3943.8000,3944.0000,3944.6000,3944.8000,3945.0000,2,1,10,1,2,3,6,1,4,8
SF,IF2005,2020-05-15 09:31:29.200,3943.6000,20934,-2,1586797620.000,2,0,2,双平,S,3943.6000,3943.4000,3943.2000,3943.0000,3942.6000,3943.8000,3944.0000,3944.6000,3944.8000,3945.0000,1,1,1,10,1,3,6,1,4,8
SF,IF2005,2020-05-15 09:31:29.700,3943.4000,20929,-5,1592713140.000,5,0,5,双平,S,3943.2000,3943.0000,3942.6000,3942.2000,3942.0000,3943.6000,3944.0000,3944.6000,3944.8000,3945.0000,1,10,1,2,1,1,6,1,4,8
SF,IF2005,2020-05-15 09:31:30.200,3943.6000,20928,-1,1593896220.000,1,0,1,双平,S,3943.2000,3943.0000,3942.6000,3942.2000,3942.0000,3943.6000,3943.8000,3944.0000,3944.6000,3944.8000,1,10,1,2,1,21,2,6,1,4
SF,IF2005,2020-05-15 09:31:30.700,3943.6000,20927,-1,1606909980.000,11,5,6,多平,S,3943.0000,3942.6000,3942.2000,3942.0000,3941.6000,3943.6000,3943.8000,3944.0000,3944.2000,3944.6000,10,1,2,1,3,13,2,6,5,1
SF,IF2005,2020-05-15 09:31:31.200,3943.6000,20931,4,1629388860.000,19,11,8,空开,S,3943.2000,3943.0000,3942.6000,3942.2000,3942.0000,3944.0000,3944.2000,3944.6000,3944.8000,3945.0000,4,10,1,2,1,5,5,1,5,8
SF,IF2005,2020-05-15 09:31:31.700,3943.6000,20929,-2,1632938340.000,3,0,3,多平,S,3943.2000,3943.0000,3942.6000,3942.2000,3942.0000,3944.0000,3944.2000,3944.6000,3944.8000,3945.0000,7,10,1,2,1,3,5,1,5,8
SF,IF2005,2020-05-15 09:31:32.200,3943.6000,20927,-2,1635304440.000,2,0,2,双平,S,3943.2000,3943.0000,3942.6000,3942.2000,3942.0000,3944.0000,3944.2000,3944.6000,3944.8000,3945.0000,7,10,1,2,1,3,5,1,5,8
SF,IF2005,2020-05-15 09:31:32.700,3943.4000,20925,-2,1638853860.000,3,0,3,多平,S,3943.4000,3943.2000,3943.0000,3942.6000,3942.2000,3944.0000,3944.2000,3944.6000,3944.8000,3945.0000,2,5,14,1,2,3,5,1,5,8
SF,IF2005,2020-05-15 09:31:33.200,3944.0000,20921,-4,1643586660.000,4,0,4,双平,S,3943.4000,3943.2000,3943.0000,3942.6000,3942.2000,3943.8000,3944.2000,3944.6000,3944.8000,3945.0000,2,4,14,1,2,1,5,1,5,8
SF,IF2005,2020-05-15 09:31:33.700,3944.2000,20919,-2,1645953060.000,2,0,2,双平,S,3943.8000,3943.6000,3943.4000,3943.2000,3943.0000,3944.2000,3944.6000,3944.8000,3945.0000,3945.2000,1,2,2,2,15,5,1,5,8,3
SF,IF2005,2020-05-15 09:31:34.200,3943.6000,20914,-5,1651869060.000,5,0,5,双平,S,3944.0000,3943.6000,3943.4000,3943.2000,3943.0000,3944.2000,3944.6000,3944.8000,3945.0000,3945.2000,1,1,2,2,15,2,2,5,8,2
SF,IF2005,2020-05-15 09:31:34.700,3944.0000,20912,-2,1654235520.000,2,0,2,双平,S,3944.0000,3943.8000,3943.6000,3943.4000,3943.2000,3944.2000,3944.6000,3944.8000,3945.0000,3945.2000,2,1,1,2,2,1,2,5,8,2
SF,IF2005,2020-05-15 09:31:35.200,3944.0000,20910,-2,1658968260.000,4,1,3,多平,S,3943.6000,3943.4000,3943.2000,3943.0000,3942.6000,3944.0000,3944.2000,3944.6000,3944.8000,3945.0000,1,2,2,15,1,1,1,2,5,8
SF,IF2005,2020-05-15 09:31:35.700,3943.4000,20908,-2,1661334360.000,2,0,2,双平,S,3943.4000,3943.2000,3943.0000,3942.8000,3942.6000,3944.0000,3944.2000,3944.6000,3944.8000,3945.0000,1,3,15,1,1,1,1,2,5,8
SF,IF2005,2020-05-15 09:31:36.200,3943.8000,20907,-1,1662517500.000,1,0,1,双平,S,3943.4000,3943.2000,3943.0000,3942.8000,3942.6000,3944.2000,3944.6000,3944.8000,3945.0000,3945.2000,1,3,15,1,1,2,2,5,8,2
SF,IF2005,2020-05-15 09:31:36.700,3944.2000,20906,-1,1663700760.000,1,0,1,双平,S,3943.6000,3943.4000,3943.2000,3943.0000,3942.8000,3944.2000,3944.6000,3944.8000,3945.0000,3945.2000,2,2,3,15,1,1,2,5,7,2
SF,IF2005,2020-05-15 09:31:37.200,3944.2000,20904,-2,1666067280.000,2,0,2,双平,S,3944.0000,3943.6000,3943.4000,3943.2000,3943.0000,3944.6000,3944.8000,3945.0000,3945.2000,3945.4000,1,2,2,3,15,2,5,6,2,14
SF,IF2005,2020-05-15 09:31:37.700,3944.0000,20903,-1,1668433680.000,2,0,2,多平,S,3943.8000,3943.6000,3943.4000,3943.2000,3943.0000,3944.2000,3944.4000,3944.6000,3944.8000,3945.0000,1,2,1,3,15,1,2,2,5,6
SF,IF2005,2020-05-15 09:31:38.200,3944.0000,20903,0,1668433680.000,0,-,-,-,-,3943.8000,3943.6000,3943.4000,3943.2000,3943.0000,3944.2000,3944.4000,3944.6000,3944.8000,3945.0000,1,2,1,3,15,1,2,3,5,6
SF,IF2005,2020-05-15 09:31:38.700,3944.0000,20899,-4,1673166540.000,4,0,4,双平,S,3944.2000,3943.8000,3943.6000,3943.4000,3943.2000,3944.4000,3944.6000,3944.8000,3945.0000,3945.2000,1,1,2,1,4,2,3,5,5,2
SF,IF2005,2020-05-15 09:31:39.200,3944.4000,20898,-1,1674349860.000,1,0,1,双平,S,3944.2000,3944.0000,3943.8000,3943.6000,3943.4000,3944.4000,3944.6000,3944.8000,3945.0000,3945.2000,1,1,1,2,1,1,3,5,5,2
SF,IF2005,2020-05-15 09:31:39.700,3944.6000,20894,-4,1679083200.000,4,0,4,双平,S,3944.0000,3943.8000,3943.6000,3943.4000,3943.2000,3944.6000,3944.8000,3945.0000,3945.2000,3945.4000,1,1,4,1,4,1,5,5,2,14
SF,IF2005,2020-05-15 09:31:40.200,3944.0000,20893,-1,1681449720.000,2,0,2,多平,S,3944.0000,3943.8000,3943.6000,3943.4000,3943.2000,3944.2000,3944.6000,3944.8000,3945.0000,3945.2000,1,1,4,1,4,1,1,5,5,2
SF,IF2005,2020-05-15 09:31:40.700,3943.8000,20889,-4,1686182400.000,4,0,4,双平,S,3943.6000,3943.4000,3943.2000,3943.0000,3942.8000,3944.6000,3944.8000,3945.0000,3945.2000,3945.4000,4,1,4,15,1,2,5,5,2,14
SF,IF2005,2020-05-15 09:31:41.200,3944.8000,20887,-2,1689732600.000,3,0,3,多平,S,3943.6000,3943.4000,3943.2000,3943.0000,3942.8000,3944.8000,3945.0000,3945.2000,3945.4000,3945.6000,4,1,4,15,1,4,5,2,14,5
SF,IF2005,2020-05-15 09:31:41.700,3944.2000,20887,0,1690915860.000,1,0,1,多换,S,3943.8000,3943.6000,3943.4000,3943.2000,3943.0000,3944.8000,3945.0000,3945.2000,3945.4000,3945.6000,4,4,1,4,16,4,5,2,14,5
SF,IF2005,2020-05-15 09:31:42.200,3944.2000,20887,0,1690915860.000,0,-,-,-,-,3943.8000,3943.6000,3943.4000,3943.2000,3943.0000,3944.6000,3944.8000,3945.0000,3945.2000,3945.4000,3,4,1,4,17,1,4,6,2,14
SF,IF2005,2020-05-15 09:31:42.700,3943.6000,20883,-4,1695648420.000,4,0,4,双平,S,3943.6000,3943.4000,3943.2000,3943.0000,3942.8000,3944.6000,3944.8000,3945.0000,3945.2000,3945.4000,2,1,4,17,1,2,4,6,2,14
SF,IF2005,2020-05-15 09:31:43.200,3943.6000,20883,0,1695648420.000,0,-,-,-,-,3944.0000,3943.6000,3943.4000,3943.2000,3943.0000,3944.4000,3944.6000,3944.8000,3945.0000,3945.2000,1,1,1,4,17,2,11,4,6,1
SF,IF2005,2020-05-15 09:31:43.700,3943.8000,20881,-2,1698014760.000,2,0,2,双平,S,3943.8000,3943.6000,3943.4000,3943.2000,3943.0000,3944.0000,3944.4000,3944.6000,3944.8000,3945.0000,1,1,1,4,17,1,5,2,4,6
SF,IF2005,2020-05-15 09:31:44.200,3944.0000,20880,-1,1699197960.000,1,0,1,双平,S,3943.8000,3943.6000,3943.4000,3943.2000,3943.0000,3944.4000,3944.6000,3944.8000,3945.0000,3945.2000,1,1,1,4,17,5,2,4,6,1
SF,IF2005,2020-05-15 09:31:44.700,3944.2000,20877,-3,1702747680.000,3,0,3,双平,S,3944.0000,3943.8000,3943.6000,3943.4000,3943.2000,3944.4000,3944.6000,3944.8000,3945.0000,3945.2000,1,2,1,1,4,5,1,4,5,1
SF,IF2005,2020-05-15 09:31:45.200,3944.4000,20874,-3,1706297580.000,3,0,3,双平,S,3944.0000,3943.8000,3943.6000,3943.4000,3943.2000,3944.4000,3944.6000,3944.8000,3945.0000,3945.2000,1,3,1,1,4,2,1,4,5,1
SF,IF2005,2020-05-15 09:31:45.700,3943.8000,20870,-4,1711030560.000,4,0,4,双平,S,3943.8000,3943.6000,3943.4000,3943.2000,3943.0000,3944.0000,3944.8000,3945.0000,3945.2000,3945.4000,2,1,1,4,17,1,4,5,2,14
SF,IF2005,2020-05-15 09:31:46.200,3944.0000,20867,-3,1714580160.000,3,0,3,双平,S,3944.0000,3943.8000,3943.6000,3943.4000,3943.2000,3944.8000,3945.0000,3945.2000,3945.4000,3945.6000,1,1,1,1,4,4,5,2,14,4
SF,IF2005,2020-05-15 09:31:46.700,3944.4000,20862,-5,1720497120.000,5,0,5,双平,S,3944.0000,3943.8000,3943.6000,3943.4000,3943.2000,3944.2000,3944.8000,3945.0000,3945.2000,3945.4000,8,1,1,1,4,1,2,6,2,14
SF,IF2005,2020-05-15 09:31:47.200,3944.2000,20860,-2,1722863640.000,2,0,2,双平,S,3944.0000,3943.8000,3943.6000,3943.2000,3943.0000,3944.8000,3945.0000,3945.2000,3945.4000,3945.6000,8,1,1,4,17,2,5,2,14,5
SF,IF2005,2020-05-15 09:31:47.700,3944.2000,20860,0,1722863640.000,0,-,-,-,-,3944.2000,3944.0000,3943.8000,3943.6000,3943.2000,3944.6000,3944.8000,3945.0000,3945.2000,3945.4000,1,8,1,1,4,1,2,5,2,14
SF,IF2005,2020-05-15 09:31:48.200,3944.2000,20856,-4,1727596800.000,4,0,4,双平,S,3944.0000,3943.8000,3943.6000,3943.2000,3943.0000,3944.2000,3944.8000,3945.0000,3945.2000,3945.4000,8,1,1,5,17,2,2,5,1,14
SF,IF2005,2020-05-15 09:31:48.700,3944.2000,20853,-3,1731146580.000,3,0,3,双平,S,3944.0000,3943.8000,3943.6000,3943.2000,3943.0000,3944.8000,3945.0000,3945.2000,3945.4000,3945.6000,8,1,1,5,17,2,5,1,14,5
SF,IF2005,2020-05-15 09:31:49.200,3944.0000,20851,-2,1734696240.000,3,0,3,多平,S,3944.0000,3943.8000,3943.6000,3943.2000,3943.0000,3944.2000,3944.8000,3945.0000,3945.2000,3945.4000,6,1,1,5,17,2,2,5,1,14
SF,IF2005,2020-05-15 09:31:49.700,3944.2000,20850,-1,1737062700.000,2,0,2,多平,S,3944.0000,3943.8000,3943.6000,3943.2000,3943.0000,3944.2000,3944.8000,3945.0000,3945.2000,3945.4000,5,1,1,5,16,1,2,5,1,14
SF,IF2005,2020-05-15 09:31:50.200,3944.2000,20849,-1,1738245960.000,1,0,1,双平,S,3944.2000,3944.0000,3943.8000,3943.6000,3943.2000,3944.8000,3945.0000,3945.2000,3945.4000,3945.6000,3,5,1,1,5,2,5,1,14,5
SF,IF2005,2020-05-15 09:31:50.700,3944.2000,20845,-4,1742979360.000,4,0,4,双平,S,3944.8000,3944.2000,3944.0000,3943.8000,3943.6000,3945.0000,3945.2000,3945.4000,3945.6000,3945.8000,2,5,5,1,1,5,1,14,5,4
SF,IF2005,2020-05-15 09:31:51.200,3944.2000,20842,-3,1746529500.000,3,0,3,双平,S,3944.2000,3944.0000,3943.8000,3943.6000,3943.2000,3944.6000,3944.8000,3945.0000,3945.2000,3945.4000,4,5,1,1,5,1,9,17,1,14
SF,IF2005,2020-05-15 09:31:51.700,3944.8000,20841,-1,1747712940.000,1,0,1,双平,S,3944.2000,3944.0000,3943.8000,3943.6000,3943.2000,3944.8000,3945.0000,3945.2000,3945.4000,3945.6000,4,5,1,1,5,8,5,1,14,5
SF,IF2005,2020-05-15 09:31:52.200,3944.2000,20840,-1,1748896200.000,1,0,1,双平,S,3944.2000,3944.0000,3943.8000,3943.6000,3943.2000,3944.6000,3944.8000,3945.0000,3945.2000,3945.4000,3,5,1,2,5,1,7,5,1,14
SF,IF2005,2020-05-15 09:31:52.700,3944.2000,20837,-3,1752445980.000,3,0,3,双平,S,3944.0000,3943.8000,3943.6000,3943.2000,3943.0000,3944.2000,3944.6000,3944.8000,3945.0000,3945.2000,5,1,2,5,16,1,1,5,5,1
SF,IF2005,2020-05-15 09:31:53.200,3944.2000,20833,-4,1758362400.000,5,0,5,多平,S,3944.2000,3944.0000,3943.8000,3943.6000,3943.4000,3944.8000,3945.0000,3945.2000,3945.4000,3945.6000,2,4,1,2,1,3,5,1,14,5
SF,IF2005,2020-05-15 09:31:53.700,3944.2000,20833,0,1758362400.000,0,-,-,-,-,3944.0000,3943.8000,3943.6000,3943.4000,3943.2000,3944.2000,3944.6000,3944.8000,3945.0000,3945.2000,4,1,2,1,5,1,1,3,5,1
SF,IF2005,2020-05-15 09:31:54.200,3944.2000,20831,-2,1760728920.000,2,0,2,双平,S,3944.2000,3944.0000,3943.8000,3943.6000,3943.4000,3944.6000,3944.8000,3945.0000,3945.2000,3945.4000,2,4,1,2,1,1,3,5,1,14
SF,IF2005,2020-05-15 09:31:54.700,3944.2000,20831,0,1760728920.000,0,-,-,-,-,3944.6000,3944.0000,3943.8000,3943.6000,3943.4000,3944.8000,3945.0000,3945.2000,3945.4000,3945.6000,1,4,1,2,1,3,5,1,14,5
SF,IF2005,2020-05-15 09:31:55.200,3944.6000,20829,-2,1763095680.000,2,0,2,双平,S,3944.0000,3943.8000,3943.6000,3943.4000,3943.2000,3944.8000,3945.0000,3945.2000,3945.4000,3945.6000,4,1,2,1,5,3,5,1,14,5
SF,IF2005,2020-05-15 09:31:55.700,3944.8000,20826,-3,1766646000.000,3,0,3,双平,S,3944.0000,3943.8000,3943.6000,3943.4000,3943.2000,3945.0000,3945.2000,3945.4000,3945.6000,3945.8000,4,1,2,1,5,5,1,14,5,10
SF,IF2005,2020-05-15 09:31:56.200,3944.2000,20824,-2,1769012520.000,2,0,2,双平,S,3944.0000,3943.8000,3943.6000,3943.4000,3943.2000,3944.2000,3945.0000,3945.2000,3945.4000,3945.6000,4,1,2,1,5,9,5,1,14,5
SF,IF2005,2020-05-15 09:31:56.700,3944.2000,20823,-1,1772562180.000,3,1,2,多平,S,3944.0000,3943.8000,3943.6000,3943.4000,3943.2000,3944.2000,3944.6000,3945.0000,3945.2000,3945.4000,2,1,2,1,5,8,1,6,1,17
SF,IF2005,2020-05-15 09:31:57.200,3944.0000,20819,-4,1777295160.000,4,0,4,双平,S,3944.0000,3943.8000,3943.6000,3943.4000,3943.2000,3944.2000,3944.6000,3944.8000,3945.0000,3945.2000,1,1,2,1,5,5,1,1,5,1
SF,IF2005,2020-05-15 09:31:57.700,3944.2000,20818,-1,1778478420.000,1,0,1,双平,S,3944.0000,3943.8000,3943.6000,3943.4000,3943.2000,3944.2000,3944.6000,3944.8000,3945.0000,3945.2000,1,1,2,1,5,4,1,1,5,1
SF,IF2005,2020-05-15 09:31:58.200,3944.0000,20817,-1,1779661620.000,1,0,1,双平,S,3943.8000,3943.6000,3943.4000,3943.2000,3943.0000,3944.0000,3944.2000,3944.6000,3944.8000,3945.0000,1,2,1,5,21,1,4,1,1,5
SF,IF2005,2020-05-15 09:31:58.700,3944.2000,20815,-2,1782028080.000,2,0,2,双平,S,3944.0000,3943.8000,3943.6000,3943.4000,3943.2000,3944.2000,3944.6000,3944.8000,3945.0000,3945.2000,1,2,2,1,5,3,1,1,5,1
SF,IF2005,2020-05-15 09:31:59.200,3944.2000,20815,0,1782028080.000,0,-,-,-,-,3944.0000,3943.8000,3943.6000,3943.4000,3943.2000,3944.2000,3944.6000,3944.8000,3945.0000,3945.2000,2,2,2,1,5,3,1,1,5,1
SF,IF2005,2020-05-15 09:31:59.700,3944.2000,20814,-1,1783211340.000,1,0,1,双平,S,3944.0000,3943.8000,3943.6000,3943.4000,3943.2000,3944.2000,3944.6000,3944.8000,3945.0000,3945.2000,3,2,2,1,5,2,1,1,6,1
SF,IF2005,2020-05-15 09:32:00.200,3944.6000,20812,-2,1786761240.000,3,0,3,多平,S,3944.2000,3944.0000,3943.8000,3943.6000,3943.4000,3944.8000,3945.0000,3945.2000,3945.4000,3945.6000,1,3,2,2,1,1,6,1,17,5
SF,IF2005,2020-05-15 09:32:00.700,3944.2000,20806,-6,1793861100.000,6,0,6,双平,S,3944.0000,3943.8000,3943.6000,3943.4000,3943.2000,3944.2000,3944.8000,3945.0000,3945.2000,3945.4000,3,2,2,1,5,14,24,6,1,17
SF,IF2005,2020-05-15 09:32:01.200,3944.2000,20801,-5,1799777280.000,5,0,5,双平,S,3944.0000,3943.8000,3943.6000,3943.4000,3943.2000,3944.2000,3944.8000,3945.0000,3945.2000,3945.4000,1,1,2,1,5,11,24,6,1,17
SF,IF2005,2020-05-15 09:32:01.700,3944.0000,20796,-5,1805693400.000,5,0,5,双平,S,3943.8000,3943.6000,3943.4000,3943.2000,3943.0000,3944.0000,3944.2000,3944.8000,3945.0000,3945.2000,1,2,1,5,20,1,9,24,7,1
SF,IF2005,2020-05-15 09:32:02.200,3943.8000,20794,-2,1808059740.000,2,0,2,双平,S,3943.6000,3943.4000,3943.2000,3943.0000,3942.6000,3943.8000,3944.0000,3944.2000,3944.8000,3945.0000,2,1,5,20,3,1,2,9,29,7
SF,IF2005,2020-05-15 09:32:02.700,3943.8000,20792,-2,1810426020.000,2,0,2,双平,S,3943.6000,3943.4000,3943.2000,3943.0000,3942.6000,3943.8000,3944.0000,3944.2000,3944.8000,3945.0000,5,1,6,20,3,5,1,9,30,7
SF,IF2005,2020-05-15 09:32:03.200,3943.6000,20790,-2,1812792240.000,2,0,2,双平,S,3943.6000,3943.4000,3943.2000,3943.0000,3942.6000,3943.8000,3944.2000,3944.8000,3945.0000,3945.2000,1,1,6,20,3,4,9,30,7,1
SF,IF2005,2020-05-15 09:32:03.700,3943.8000,20789,-1,1813975380.000,1,0,1,双平,S,3943.6000,3943.4000,3943.2000,3943.0000,3942.6000,3943.8000,3944.2000,3944.8000,3945.0000,3945.2000,13,1,6,20,3,3,9,30,7,1
SF,IF2005,2020-05-15 09:32:04.200,3943.8000,20784,-5,1819891080.000,5,0,5,双平,S,3943.8000,3943.6000,3943.4000,3943.2000,3943.0000,3944.2000,3944.8000,3945.0000,3945.2000,3945.4000,1,11,1,6,20,9,30,7,1,18
SF,IF2005,2020-05-15 09:32:04.700,3944.2000,20781,-3,1824624120.000,4,0,4,多平,S,3943.8000,3943.6000,3943.4000,3943.2000,3943.0000,3944.2000,3944.8000,3945.0000,3945.2000,3945.4000,1,11,1,6,20,6,30,7,1,18
SF,IF2005,2020-05-15 09:32:05.200,3944.2000,20780,-1,1825807380.000,1,0,1,双平,S,3943.8000,3943.6000,3943.4000,3943.2000,3943.0000,3944.2000,3944.8000,3945.0000,3945.2000,3945.4000,2,13,1,6,20,5,30,7,1,18
SF,IF2005,2020-05-15 09:32:05.700,3943.8000,20777,-3,1830540180.000,4,0,4,多平,S,3943.6000,3943.4000,3943.2000,3943.0000,3942.6000,3944.2000,3944.8000,3945.0000,3945.2000,3945.4000,13,1,6,20,1,3,30,7,1,18
SF,IF2005,2020-05-15 09:32:06.200,3943.8000,20775,-2,1832906520.000,2,0,2,双平,S,3943.8000,3943.6000,3943.4000,3943.2000,3943.0000,3944.2000,3944.8000,3945.0000,3945.2000,3945.4000,2,13,2,6,20,3,30,7,1,18
SF,IF2005,2020-05-15 09:32:06.700,3943.8000,20773,-2,1835272920.000,2,0,2,双平,S,3943.8000,3943.6000,3943.4000,3943.2000,3943.0000,3944.0000,3944.2000,3944.8000,3945.0000,3945.2000,1,21,2,6,18,1,2,30,7,1
SF,IF2005,2020-05-15 09:32:07.200,3944.0000,20772,-1,1836456120.000,1,0,1,双平,S,3943.8000,3943.6000,3943.4000,3943.2000,3943.0000,3944.2000,3944.6000,3944.8000,3945.0000,3945.2000,2,13,2,8,18,2,1,30,7,1
SF,IF2005,2020-05-15 09:32:07.700,3944.2000,20770,-2,1838822640.000,2,0,2,双平,S,3943.8000,3943.6000,3943.4000,3943.2000,3943.0000,3944.0000,3944.6000,3944.8000,3945.0000,3945.2000,2,13,1,8,18,1,1,30,7,1
SF,IF2005,2020-05-15 09:32:08.200,3944.0000,20769,-1,1840005840.000,1,0,1,双平,S,3944.0000,3943.8000,3943.6000,3943.4000,3943.2000,3944.6000,3944.8000,3945.0000,3945.2000,3945.4000,1,2,14,1,8,1,30,7,1,18
SF,IF2005,2020-05-15 09:32:08.700,3944.0000,20767,-2,1842372420.000,2,0,2,双平,S,3943.8000,3943.6000,3943.2000,3943.0000,3942.6000,3944.8000,3945.0000,3945.2000,3945.4000,3945.6000,2,14,8,14,1,30,7,1,18,5
SF,IF2005,2020-05-15 09:32:09.200,3944.6000,20766,-1,1843555800.000,1,0,1,双平,S,3944.2000,3944.0000,3943.8000,3943.6000,3943.2000,3944.6000,3944.8000,3945.0000,3945.2000,3945.4000,5,1,2,14,8,1,30,7,1,18
SF,IF2005,2020-05-15 09:32:09.700,3944.6000,20763,-3,1847105820.000,3,0,3,双平,S,3944.2000,3944.0000,3943.8000,3943.6000,3943.2000,3944.8000,3945.0000,3945.4000,3945.6000,3945.8000,4,1,2,14,8,30,7,18,5,10
SF,IF2005,2020-05-15 09:32:10.200,3944.8000,20763,0,1848289260.000,1,0,1,多换,S,3944.2000,3944.0000,3943.8000,3943.6000,3943.2000,3944.8000,3945.0000,3945.4000,3945.6000,3945.8000,5,1,2,14,8,31,7,18,5,10
SF,IF2005,2020-05-15 09:32:10.700,3944.2000,20761,-2,1850655960.000,2,0,2,双平,S,3944.2000,3944.0000,3943.8000,3943.6000,3943.2000,3944.8000,3945.0000,3945.4000,3945.6000,3945.8000,4,1,2,14,8,30,7,18,5,10
SF,IF2005,2020-05-15 09:32:11.200,3944.2000,20758,-3,1854205920.000,3,0,3,双平,S,3944.2000,3944.0000,3943.8000,3943.6000,3943.4000,3944.8000,3945.0000,3945.4000,3945.6000,3945.8000,2,1,3,14,1,29,7,18,5,10
SF,IF2005,2020-05-15 09:32:11.700,3944.6000,20755,-3,1857756120.000,3,0,3,双平,S,3944.2000,3944.0000,3943.8000,3943.6000,3943.4000,3944.8000,3945.0000,3945.4000,3945.6000,3945.8000,2,1,3,14,1,28,7,17,5,10
SF,IF2005,2020-05-15 09:32:12.200,3944.2000,20751,-4,1862489520.000,4,0,4,双平,S,3944.0000,3943.8000,3943.6000,3943.4000,3943.2000,3944.2000,3944.8000,3945.0000,3945.4000,3945.6000,1,3,14,1,7,4,26,7,17,5
SF,IF2005,2020-05-15 09:32:12.700,3944.2000,20746,-5,1870772700.000,7,1,6,多平,S,3944.2000,3944.0000,3943.8000,3943.6000,3943.4000,3944.8000,3945.0000,3945.4000,3945.6000,3945.8000,1,1,3,14,1,24,7,17,5,10
SF,IF2005,2020-05-15 09:32:13.200,3944.8000,20745,-1,1871956140.000,1,0,1,双平,S,3944.2000,3944.0000,3943.8000,3943.6000,3943.4000,3944.4000,3944.6000,3944.8000,3945.0000,3945.4000,2,1,3,14,1,1,1,23,7,17
SF,IF2005,2020-05-15 09:32:13.700,3944.4000,20744,-1,1873139460.000,1,0,1,双平,S,3944.4000,3944.2000,3944.0000,3943.8000,3943.6000,3944.6000,3944.8000,3945.0000,3945.4000,3945.6000,1,1,1,4,14,1,23,7,17,5
SF,IF2005,2020-05-15 09:32:14.200,3944.6000,20743,-1,1875506160.000,2,0,2,多平,S,3944.6000,3944.2000,3944.0000,3943.8000,3943.6000,3944.8000,3945.0000,3945.4000,3945.6000,3945.8000,2,3,1,4,14,23,7,17,5,10
SF,IF2005,2020-05-15 09:32:14.700,3944.8000,20739,-4,1882606320.000,6,1,5,多平,S,3944.2000,3944.0000,3943.8000,3943.6000,3943.4000,3944.8000,3945.0000,3945.4000,3945.6000,3945.8000,3,1,4,14,1,22,7,17,5,10
SF,IF2005,2020-05-15 09:32:15.200,3944.8000,20737,-2,1886156640.000,3,0,3,多平,S,3944.2000,3944.0000,3943.8000,3943.6000,3943.4000,3944.6000,3944.8000,3945.0000,3945.4000,3945.6000,3,1,5,14,1,3,21,7,17,5
SF,IF2005,2020-05-15 09:32:15.700,3944.6000,20729,-8,1895623620.000,8,0,8,双平,S,3944.2000,3944.0000,3943.8000,3943.6000,3943.4000,3944.4000,3944.8000,3945.0000,3945.4000,3945.6000,3,1,5,14,1,10,21,7,17,5
SF,IF2005,2020-05-15 09:32:16.200,3944.2000,20719,-10,1907456700.000,10,0,10,双平,S,3944.2000,3944.0000,3943.8000,3943.6000,3943.4000,3944.4000,3944.6000,3944.8000,3945.0000,3945.4000,1,1,5,14,1,2,1,21,7,17
SF,IF2005,2020-05-15 09:32:16.700,3944.4000,20709,-10,1919289660.000,10,0,10,双平,S,3944.0000,3943.8000,3943.6000,3943.4000,3943.2000,3944.6000,3944.8000,3945.0000,3945.4000,3945.6000,1,5,14,1,7,1,21,7,17,5
SF,IF2005,2020-05-15 09:32:17.200,3944.6000,20708,-1,1920473040.000,1,0,1,双平,S,3944.0000,3943.8000,3943.6000,3943.4000,3943.2000,3944.8000,3945.0000,3945.4000,3945.6000,3945.8000,1,5,15,1,7,21,7,17,5,10
SF,IF2005,2020-05-15 09:32:17.700,3944.4000,20707,-1,1922839800.000,2,0,2,多平,S,3944.0000,3943.8000,3943.6000,3943.4000,3943.2000,3944.6000,3944.8000,3945.0000,3945.4000,3945.6000,7,5,15,1,7,1,20,7,17,5
SF,IF2005,2020-05-15 09:32:18.200,3944.6000,20705,-2,1925206560.000,2,0,2,双平,S,3944.2000,3944.0000,3943.8000,3943.6000,3943.4000,3944.8000,3945.0000,3945.4000,3945.6000,3945.8000,3,6,5,15,1,20,7,17,5,10
SF,IF2005,2020-05-15 09:32:18.700,3944.8000,20703,-2,1927573440.000,2,0,2,双平,S,3944.2000,3944.0000,3943.8000,3943.6000,3943.4000,3944.6000,3944.8000,3945.0000,3945.4000,3945.6000,3,6,5,15,1,1,19,7,17,5
SF,IF2005,2020-05-15 09:32:19.200,3944.2000,20700,-3,1931123220.000,3,0,3,双平,S,3944.0000,3943.8000,3943.6000,3943.4000,3943.2000,3944.2000,3944.6000,3944.8000,3945.0000,3945.4000,6,5,19,1,7,1,1,19,7,17
SF,IF2005,2020-05-15 09:32:19.700,3944.8000,20689,-11,1944140640.000,11,0,11,双平,S,3944.2000,3944.0000,3943.8000,3943.6000,3943.4000,3944.8000,3945.0000,3945.4000,3945.6000,3945.8000,4,6,5,19,1,11,7,17,5,10
SF,IF2005,2020-05-15 09:32:20.200,3944.2000,20684,-5,1950057000.000,5,0,5,双平,S,3944.4000,3944.0000,3943.8000,3943.6000,3943.4000,3944.8000,3945.0000,3945.4000,3945.6000,3945.8000,1,6,5,19,1,11,7,17,5,10
SF,IF2005,2020-05-15 09:32:20.700,3944.8000,20680,-4,1954790460.000,4,0,4,双平,S,3944.4000,3944.0000,3943.8000,3943.6000,3943.4000,3944.8000,3945.0000,3945.4000,3945.6000,3945.8000,1,6,5,19,1,10,7,17,5,10
SF,IF2005,2020-05-15 09:32:21.200,3944.6000,20677,-3,1958340540.000,3,0,3,双平,S,3944.2000,3944.0000,3943.8000,3943.6000,3943.4000,3944.8000,3945.0000,3945.4000,3945.6000,3945.8000,2,6,5,19,1,10,7,17,5,10
SF,IF2005,2020-05-15 09:32:21.700,3944.6000,20675,-2,1960707300.000,2,0,2,双平,S,3944.2000,3944.0000,3943.8000,3943.6000,3943.4000,3944.8000,3945.0000,3945.4000,3945.6000,3945.8000,2,6,5,19,1,10,7,17,5,10
SF,IF2005,2020-05-15 09:32:22.200,3944.8000,20674,-1,1961890740.000,1,0,1,双平,S,3944.2000,3944.0000,3943.8000,3943.6000,3943.4000,3944.8000,3945.0000,3945.4000,3945.6000,3945.8000,3,6,5,19,1,9,7,17,5,10
SF,IF2005,2020-05-15 09:32:22.700,3944.8000,20669,-5,1967807400.000,5,0,5,双平,S,3944.2000,3944.0000,3943.8000,3943.6000,3943.4000,3944.8000,3945.0000,3945.4000,3945.6000,3945.8000,2,6,5,19,1,9,7,17,5,10
SF,IF2005,2020-05-15 09:32:23.200,3944.8000,20659,-10,1980825120.000,11,0,11,多平,S,3944.6000,3944.2000,3944.0000,3943.8000,3943.6000,3944.8000,3945.0000,3945.4000,3945.6000,3945.8000,1,3,6,5,19,1,7,17,5,10
SF,IF2005,2020-05-15 09:32:23.700,3944.6000,20658,-1,1982008500.000,1,0,1,双平,S,3944.8000,3944.2000,3944.0000,3943.8000,3943.6000,3945.0000,3945.4000,3945.6000,3945.8000,3946.0000,1,3,6,5,19,7,17,5,10,5
SF,IF2005,2020-05-15 09:32:24.200,3944.6000,20656,-2,1985558640.000,3,0,3,多平,S,3944.4000,3944.2000,3944.0000,3943.8000,3943.6000,3944.6000,3945.0000,3945.4000,3945.6000,3945.8000,1,1,6,4,19,1,9,17,5,10
SF,IF2005,2020-05-15 09:32:24.700,3945.0000,20653,-3,1990292340.000,4,0,4,多平,S,3944.8000,3944.6000,3944.4000,3944.2000,3944.0000,3945.0000,3945.4000,3945.6000,3945.8000,3946.0000,1,1,11,1,6,7,17,5,10,5
SF,IF2005,2020-05-15 09:32:25.200,3945.0000,20650,-3,1993842720.000,3,0,3,双平,S,3944.8000,3944.6000,3944.2000,3944.0000,3943.8000,3945.0000,3945.4000,3945.6000,3945.8000,3946.0000,1,1,1,6,4,7,17,5,10,5
SF,IF2005,2020-05-15 09:32:25.700,3945.0000,20647,-3,1998576600.000,4,0,4,多平,S,3944.2000,3944.0000,3943.8000,3943.6000,3943.4000,3945.0000,3945.4000,3945.6000,3945.8000,3946.0000,1,6,4,21,1,4,17,5,10,6
SF,IF2005,2020-05-15 09:32:26.200,3944.4000,20642,-5,2005677300.000,6,0,6,多平,S,3944.4000,3944.2000,3944.0000,3943.8000,3943.6000,3945.4000,3945.6000,3945.8000,3946.0000,3946.2000,1,12,6,4,21,17,5,10,6,2
SF,IF2005,2020-05-15 09:32:26.700,3944.6000,20639,-3,2009227620.000,3,0,3,双平,S,3944.4000,3944.2000,3944.0000,3943.8000,3943.6000,3945.4000,3945.6000,3945.8000,3946.0000,3946.2000,1,12,6,4,11,17,5,10,6,2
SF,IF2005,2020-05-15 09:32:27.200,3945.4000,20637,-2,2011594860.000,2,0,2,双平,S,3944.6000,3944.4000,3944.2000,3944.0000,3943.8000,3945.4000,3945.6000,3945.8000,3946.0000,3946.2000,1,1,12,6,4,15,5,10,6,2
SF,IF2005,2020-05-15 09:32:27.700,3945.4000,20635,-2,2015145180.000,3,0,3,多平,S,3944.2000,3944.0000,3943.8000,3943.6000,3943.4000,3945.4000,3945.6000,3945.8000,3946.0000,3946.2000,5,6,4,11,1,17,9,10,6,2
SF,IF2005,2020-05-15 09:32:28.200,3944.4000,20632,-3,2018695740.000,3,0,3,双平,S,3944.4000,3944.2000,3944.0000,3943.8000,3943.6000,3945.4000,3945.6000,3945.8000,3946.0000,3946.2000,1,9,6,4,11,17,9,10,6,2
SF,IF2005,2020-05-15 09:32:28.700,3944.6000,20628,-4,2023429620.000,4,0,4,双平,S,3944.6000,3944.4000,3944.2000,3944.0000,3943.8000,3945.2000,3945.4000,3945.6000,3945.8000,3946.0000,1,9,3,6,4,1,17,9,10,6
SF,IF2005,2020-05-15 09:32:29.200,3944.8000,20625,-3,2028163800.000,4,0,4,多平,S,3944.6000,3944.2000,3944.0000,3943.8000,3943.6000,3945.2000,3945.4000,3945.6000,3945.8000,3946.0000,2,3,6,4,11,1,16,9,10,6
SF,IF2005,2020-05-15 09:32:29.700,3945.2000,20623,-2,2030530800.000,2,0,2,双平,S,3945.2000,3944.6000,3944.2000,3944.0000,3943.8000,3945.4000,3945.6000,3945.8000,3946.0000,3946.2000,1,2,3,6,4,16,9,10,6,2
SF,IF2005,2020-05-15 09:32:30.200,3945.4000,20620,-3,2035265160.000,4,0,4,多平,S,3944.2000,3944.0000,3943.8000,3943.6000,3943.4000,3945.4000,3945.6000,3945.8000,3946.0000,3946.2000,3,6,4,11,1,15,9,11,6,2
SF,IF2005,2020-05-15 09:32:30.700,3944.4000,20617,-3,2038815660.000,3,0,3,双平,S,3944.4000,3944.2000,3944.0000,3943.8000,3943.6000,3945.2000,3945.4000,3945.6000,3945.8000,3946.0000,2,13,6,4,11,10,16,9,11,6
SF,IF2005,2020-05-15 09:32:31.200,3945.2000,20613,-4,2043549900.000,4,0,4,双平,S,3944.6000,3944.4000,3944.2000,3944.0000,3943.8000,3945.2000,3945.4000,3945.6000,3945.8000,3946.0000,1,1,13,6,4,6,16,9,11,6
SF,IF2005,2020-05-15 09:32:31.700,3945.2000,20611,-2,2045916840.000,2,0,2,双平,S,3944.6000,3944.2000,3944.0000,3943.8000,3943.6000,3945.2000,3945.4000,3945.6000,3945.8000,3946.0000,2,13,6,4,11,5,16,9,12,6
SF,IF2005,2020-05-15 09:32:32.200,3945.2000,20611,0,2045916840.000,0,-,-,-,-,3944.8000,3944.6000,3944.2000,3944.0000,3943.8000,3945.2000,3945.4000,3945.6000,3945.8000,3946.0000,2,14,3,6,4,5,16,9,12,6
SF,IF2005,2020-05-15 09:32:32.700,3944.8000,20608,-3,2049467400.000,3,0,3,双平,S,3944.8000,3944.6000,3944.2000,3944.0000,3943.8000,3945.2000,3945.4000,3945.6000,3945.8000,3946.0000,1,4,3,6,4,13,16,9,12,6
SF,IF2005,2020-05-15 09:32:33.200,3944.8000,20599,-9,2060118780.000,9,0,9,双平,S,3944.6000,3944.2000,3944.0000,3943.8000,3943.6000,3945.2000,3945.4000,3945.6000,3945.8000,3946.0000,4,3,6,4,12,10,16,9,12,6
SF,IF2005,2020-05-15 09:32:33.700,3945.2000,20597,-2,2062485900.000,2,0,2,双平,S,3945.0000,3944.8000,3944.6000,3944.2000,3944.0000,3945.2000,3945.4000,3945.6000,3945.8000,3946.0000,1,1,4,3,6,9,16,9,12,6
SF,IF2005,2020-05-15 09:32:34.200,3945.2000,20592,-5,2068403700.000,5,0,5,双平,S,3945.0000,3944.8000,3944.6000,3944.2000,3944.0000,3945.2000,3945.4000,3945.6000,3945.8000,3946.0000,8,1,4,3,6,4,16,9,12,6
SF,IF2005,2020-05-15 09:32:34.700,3944.6000,20586,-6,2075504820.000,6,0,6,双平,S,3944.6000,3944.2000,3944.0000,3943.8000,3943.6000,3945.0000,3945.4000,3945.6000,3945.8000,3946.0000,3,2,6,4,12,2,16,9,12,6
SF,IF2005,2020-05-15 09:32:35.200,3945.0000,20583,-3,2079055320.000,3,0,3,双平,S,3945.0000,3944.8000,3944.6000,3944.2000,3944.0000,3945.2000,3945.4000,3945.6000,3945.8000,3946.0000,4,18,5,6,6,11,14,9,12,6
SF,IF2005,2020-05-15 09:32:35.700,3945.2000,20579,-4,2083789500.000,4,0,4,双平,S,3945.0000,3944.8000,3944.6000,3944.2000,3944.0000,3945.2000,3945.4000,3945.6000,3945.8000,3946.0000,5,17,13,6,6,8,14,9,12,6
SF,IF2005,2020-05-15 09:32:36.200,3945.2000,20571,-8,2093257980.000,8,0,8,双平,S,3945.0000,3944.8000,3944.6000,3944.2000,3944.0000,3945.4000,3945.6000,3945.8000,3946.0000,3946.2000,5,15,13,6,6,14,9,12,6,2
SF,IF2005,2020-05-15 09:32:36.700,3945.2000,20567,-4,2097992280.000,4,0,4,双平,S,3945.2000,3945.0000,3944.8000,3944.6000,3944.2000,3945.4000,3945.6000,3945.8000,3946.0000,3946.2000,1,5,1,13,5,13,9,12,6,2
SF,IF2005,2020-05-15 09:32:37.200,3945.2000,20563,-4,2102726460.000,4,0,4,双平,S,3945.0000,3944.8000,3944.6000,3944.2000,3944.0000,3945.2000,3945.4000,3945.6000,3945.8000,3946.0000,3,1,13,5,6,1,13,9,12,6
SF,IF2005,2020-05-15 09:32:37.700,3945.2000,20557,-6,2109827520.000,6,0,6,双平,S,3944.6000,3944.4000,3944.2000,3944.0000,3943.8000,3945.2000,3945.4000,3945.6000,3945.8000,3946.0000,13,1,5,6,4,9,13,9,12,6
SF,IF2005,2020-05-15 09:32:38.200,3945.2000,20556,-1,2111011080.000,1,0,1,双平,S,3944.6000,3944.4000,3944.2000,3944.0000,3943.8000,3945.0000,3945.2000,3945.4000,3945.6000,3945.8000,13,1,5,6,4,1,9,13,9,12
SF,IF2005,2020-05-15 09:32:38.700,3945.0000,20555,-1,2112194580.000,1,0,1,双平,S,3945.0000,3944.6000,3944.4000,3944.2000,3944.0000,3945.2000,3945.4000,3945.6000,3945.8000,3946.0000,2,13,1,5,6,9,13,9,12,6
SF,IF2005,2020-05-15 09:32:39.200,3945.0000,20553,-2,2114561640.000,2,0,2,双平,S,3945.0000,3944.6000,3944.4000,3944.2000,3944.0000,3945.2000,3945.4000,3945.6000,3945.8000,3946.0000,1,13,1,5,6,18,13,9,12,6
SF,IF2005,2020-05-15 09:32:39.700,3945.0000,20550,-3,2118112260.000,3,0,3,双平,S,3944.6000,3944.4000,3944.2000,3944.0000,3943.8000,3945.2000,3945.4000,3945.6000,3945.8000,3946.0000,13,1,5,6,4,16,13,9,12,6
SF,IF2005,2020-05-15 09:32:40.200,3944.8000,20548,-2,2120479140.000,2,0,2,双平,S,3944.8000,3944.6000,3944.4000,3944.2000,3944.0000,3945.2000,3945.4000,3945.6000,3945.8000,3946.0000,8,16,1,5,6,16,13,9,12,6
SF,IF2005,2020-05-15 09:32:40.700,3944.8000,20545,-3,2124029580.000,3,0,3,双平,S,3944.8000,3944.6000,3944.4000,3944.2000,3944.0000,3945.2000,3945.4000,3945.6000,3945.8000,3946.0000,1,13,1,5,6,16,13,9,12,6
SF,IF2005,2020-05-15 09:32:41.200,3945.2000,20544,-1,2125213140.000,1,0,1,双平,S,3945.0000,3944.8000,3944.6000,3944.4000,3944.2000,3945.2000,3945.4000,3945.6000,3945.8000,3946.0000,1,1,13,1,5,25,13,9,12,6
SF,IF2005,2020-05-15 09:32:41.700,3945.2000,20539,-5,2131130880.000,5,0,5,双平,S,3944.8000,3944.6000,3944.4000,3944.2000,3944.0000,3945.2000,3945.4000,3945.6000,3945.8000,3946.0000,1,13,1,5,8,21,13,9,12,6
SF,IF2005,2020-05-15 09:32:42.200,3945.2000,20538,-1,2132314440.000,1,0,1,双平,S,3944.8000,3944.6000,3944.4000,3944.2000,3944.0000,3945.2000,3945.4000,3945.6000,3945.8000,3946.0000,1,13,1,6,3,20,12,9,12,6
SF,IF2005,2020-05-15 09:32:42.700,3945.2000,20536,-2,2134681560.000,2,0,2,双平,S,3944.6000,3944.4000,3944.2000,3944.0000,3943.8000,3945.2000,3945.4000,3945.6000,3945.8000,3946.0000,13,6,6,3,4,19,12,9,12,6
SF,IF2005,2020-05-15 09:32:43.200,3944.6000,20532,-4,2139415620.000,4,0,4,双平,S,3944.6000,3944.4000,3944.2000,3944.0000,3943.8000,3945.2000,3945.4000,3945.6000,3945.8000,3946.0000,12,6,6,3,4,16,12,9,12,6
SF,IF2005,2020-05-15 09:32:43.700,3944.6000,20525,-7,2147699520.000,7,0,7,双平,S,3944.8000,3944.6000,3944.4000,3944.2000,3944.0000,3945.0000,3945.2000,3945.4000,3945.6000,3945.8000,1,7,6,6,3,1,15,12,9,12
SF,IF2005,2020-05-15 09:32:44.200,3945.0000,20524,-1,2148883020.000,1,0,1,双平,S,3944.8000,3944.6000,3944.4000,3944.2000,3944.0000,3945.2000,3945.4000,3945.6000,3945.8000,3946.0000,3,7,6,6,3,15,12,9,12,6
SF,IF2005,2020-05-15 09:32:44.700,3944.8000,20515,-9,2159534700.000,9,0,9,双平,S,3944.6000,3944.4000,3944.2000,3944.0000,3943.8000,3945.2000,3945.4000,3945.6000,3945.8000,3946.0000,7,6,6,3,4,19,12,9,12,6
SF,IF2005,2020-05-15 09:32:45.200,3944.6000,20513,-2,2161901580.000,2,0,2,双平,S,3944.6000,3944.4000,3944.2000,3944.0000,3943.8000,3944.8000,3945.2000,3945.4000,3945.6000,3945.8000,18,6,6,3,4,3,19,12,9,12
SF,IF2005,2020-05-15 09:32:45.700,3944.6000,20510,-3,2165451840.000,3,0,3,双平,S,3944.6000,3944.4000,3944.2000,3944.0000,3943.8000,3944.8000,3945.0000,3945.2000,3945.4000,3945.6000,19,6,6,3,4,1,2,19,12,9
SF,IF2005,2020-05-15 09:32:46.200,3944.8000,20509,-1,2166635280.000,1,0,1,双平,S,3944.8000,3944.6000,3944.4000,3944.2000,3944.0000,3945.0000,3945.2000,3945.4000,3945.6000,3945.8000,6,19,6,6,3,2,19,12,9,12
SF,IF2005,2020-05-15 09:32:46.700,3944.8000,20509,0,2166635280.000,0,-,-,-,-,3944.8000,3944.6000,3944.4000,3944.2000,3944.0000,3945.0000,3945.2000,3945.4000,3945.6000,3945.8000,6,19,6,6,3,2,19,12,9,12
SF,IF2005,2020-05-15 09:32:47.200,3945.0000,20506,-3,2170185660.000,3,0,3,双平,S,3944.8000,3944.6000,3944.4000,3944.2000,3944.0000,3945.0000,3945.2000,3945.4000,3945.6000,3945.8000,4,5,6,6,3,1,19,12,9,12
SF,IF2005,2020-05-15 09:32:47.700,3944.6000,20501,-5,2176102800.000,5,0,5,双平,S,3944.6000,3944.4000,3944.2000,3944.0000,3943.8000,3944.8000,3945.0000,3945.2000,3945.4000,3945.6000,4,6,6,3,4,4,1,19,11,9
SF,IF2005,2020-05-15 09:32:48.200,3945.0000,20496,-5,2182019820.000,5,0,5,双平,S,3944.4000,3944.2000,3944.0000,3943.8000,3943.6000,3944.6000,3945.0000,3945.2000,3945.4000,3945.6000,6,6,3,4,12,5,1,19,11,9
SF,IF2005,2020-05-15 09:32:48.700,3944.4000,20493,-3,2185569900.000,3,0,3,双平,S,3944.4000,3944.2000,3944.0000,3943.8000,3943.6000,3944.6000,3945.0000,3945.2000,3945.4000,3945.6000,5,6,3,4,12,1,1,29,11,9
SF,IF2005,2020-05-15 09:32:49.200,3944.6000,20492,-1,2186753280.000,1,0,1,双平,S,3944.6000,3944.4000,3944.2000,3944.0000,3943.8000,3945.0000,3945.2000,3945.4000,3945.6000,3945.8000,5,5,6,3,4,1,29,11,9,11
SF,IF2005,2020-05-15 09:32:49.700,3944.6000,20492,0,2186753280.000,0,-,-,-,-,3944.6000,3944.4000,3944.2000,3944.0000,3943.8000,3944.8000,3945.0000,3945.2000,3945.4000,3945.6000,5,5,6,3,4,1,1,29,11,9
SF,IF2005,2020-05-15 09:32:50.200,3944.8000,20492,0,2187936720.000,1,0,1,多换,S,3944.6000,3944.4000,3944.2000,3944.0000,3943.8000,3944.8000,3945.0000,3945.2000,3945.4000,3945.6000,5,5,6,3,6,2,1,29,11,9
SF,IF2005,2020-05-15 09:32:50.700,3944.8000,20492,0,2190303600.000,2,1,1,多换,S,3944.6000,3944.4000,3944.2000,3944.0000,3943.8000,3945.0000,3945.2000,3945.4000,3945.6000,3945.8000,5,5,6,3,6,1,29,11,9,11
SF,IF2005,2020-05-15 09:32:51.200,3945.0000,20492,0,2191487100.000,1,0,1,多换,S,3945.0000,3944.6000,3944.4000,3944.2000,3944.0000,3945.2000,3945.4000,3945.6000,3945.8000,3946.0000,2,5,5,6,3,29,11,9,11,6
SF,IF2005,2020-05-15 09:32:51.700,3945.0000,20489,-3,2195037600.000,3,0,3,双平,S,3944.6000,3944.4000,3944.2000,3944.0000,3943.8000,3945.0000,3945.2000,3945.4000,3945.6000,3945.8000,5,5,9,3,5,3,29,11,9,11
SF,IF2005,2020-05-15 09:32:52.200,3944.6000,20487,-2,2197404480.000,2,0,2,双平,S,3944.6000,3944.4000,3944.2000,3944.0000,3943.8000,3945.2000,3945.4000,3945.6000,3945.8000,3946.0000,5,5,9,3,5,29,11,9,11,6
SF,IF2005,2020-05-15 09:32:52.700,3945.0000,20481,-6,2210421480.000,11,2,9,多平,S,3944.8000,3944.2000,3944.0000,3943.8000,3943.6000,3945.0000,3945.2000,3945.4000,3945.6000,3945.8000,4,9,3,5,10,1,29,11,9,11
SF,IF2005,2020-05-15 09:32:53.200,3945.0000,20479,-2,2212788480.000,2,0,2,双平,S,3945.0000,3944.8000,3944.2000,3944.0000,3943.8000,3945.2000,3945.4000,3945.6000,3945.8000,3946.0000,2,4,9,3,5,30,10,9,11,6
SF,IF2005,2020-05-15 09:32:53.700,3945.0000,20478,-1,2213971980.000,1,0,1,双平,S,3945.0000,3944.8000,3944.2000,3944.0000,3943.8000,3945.2000,3945.4000,3945.6000,3945.8000,3946.0000,1,4,9,3,5,30,10,9,11,6
SF,IF2005,2020-05-15 09:32:54.700,3945.0000,20475,-3,2217522420.000,3,0,3,双平,S,3944.8000,3944.2000,3944.0000,3943.8000,3943.6000,3945.0000,3945.2000,3945.4000,3945.6000,3945.8000,3,9,3,5,10,2,30,10,9,11
SF,IF2005,2020-05-15 09:32:55.200,3945.0000,20474,-1,2218705920.000,1,0,1,双平,S,3944.8000,3944.2000,3944.0000,3943.8000,3943.6000,3945.0000,3945.2000,3945.4000,3945.6000,3945.8000,3,8,3,5,10,1,30,10,9,10
SF,IF2005,2020-05-15 09:32:55.700,3945.0000,20472,-2,2222256480.000,3,0,3,多平,S,3945.0000,3944.8000,3944.2000,3944.0000,3943.8000,3945.2000,3945.4000,3945.6000,3945.8000,3946.0000,1,3,8,3,5,29,10,9,10,6
SF,IF2005,2020-05-15 09:32:56.200,3945.0000,20472,0,2222256480.000,0,-,-,-,-,3945.0000,3944.8000,3944.6000,3944.2000,3944.0000,3945.2000,3945.4000,3945.6000,3945.8000,3946.0000,2,3,1,8,3,29,10,9,10,6
SF,IF2005,2020-05-15 09:32:56.700,3945.0000,20471,-1,2223439980.000,1,0,1,双平,S,3944.8000,3944.6000,3944.2000,3944.0000,3943.8000,3945.0000,3945.2000,3945.4000,3945.6000,3945.8000,3,1,8,3,5,1,29,10,9,10
SF,IF2005,2020-05-15 09:32:57.200,3945.2000,20467,-4,2228174160.000,4,0,4,双平,S,3945.0000,3944.8000,3944.6000,3944.2000,3944.0000,3945.2000,3945.4000,3945.6000,3945.8000,3946.0000,1,3,1,8,3,26,10,9,11,6
SF,IF2005,2020-05-15 09:32:57.700,3945.2000,20465,-2,2230541220.000,2,0,2,双平,S,3944.8000,3944.6000,3944.2000,3944.0000,3943.8000,3945.0000,3945.2000,3945.4000,3945.6000,3945.8000,3,1,9,3,5,1,25,10,9,11
SF,IF2005,2020-05-15 09:32:58.200,3945.0000,20463,-2,2234091780.000,3,0,3,多平,S,3945.0000,3944.8000,3944.6000,3944.2000,3944.0000,3945.2000,3945.4000,3945.6000,3945.8000,3946.0000,1,14,1,9,3,24,10,9,11,6
SF,IF2005,2020-05-15 09:32:58.700,3945.2000,20461,-2,2237642460.000,3,0,3,多平,S,3945.0000,3944.8000,3944.6000,3944.2000,3944.0000,3945.2000,3945.4000,3945.6000,3945.8000,3946.0000,1,14,1,9,3,21,10,9,11,6
SF,IF2005,2020-05-15 09:32:59.200,3945.2000,20456,-5,2243560200.000,5,0,5,双平,S,3944.8000,3944.6000,3944.2000,3944.0000,3943.8000,3945.2000,3945.4000,3945.6000,3945.8000,3946.0000,3,1,9,3,5,17,10,9,11,6
SF,IF2005,2020-05-15 09:32:59.700,3945.2000,20455,-1,2245927200.000,2,0,2,多平,S,3944.8000,3944.6000,3944.2000,3944.0000,3943.8000,3945.2000,3945.4000,3945.6000,3945.8000,3946.0000,2,1,9,3,5,17,10,9,11,6
SF,IF2005,2020-05-15 09:33:00.200,3945.0000,20451,-4,2250661260.000,4,0,4,双平,S,3944.8000,3944.6000,3944.2000,3944.0000,3943.8000,3945.2000,3945.4000,3945.6000,3945.8000,3946.0000,2,1,9,3,5,16,10,9,11,6
SF,IF2005,2020-05-15 09:33:00.700,3945.2000,20434,-17,2270780340.000,17,0,17,双平,S,3945.0000,3944.6000,3944.2000,3944.0000,3943.8000,3945.2000,3945.4000,3945.6000,3945.8000,3946.0000,2,1,9,3,4,13,10,9,10,6
SF,IF2005,2020-05-15 09:33:01.200,3945.2000,20429,-5,2276698080.000,5,0,5,双平,S,3944.6000,3944.2000,3944.0000,3943.8000,3943.6000,3945.2000,3945.4000,3945.6000,3945.8000,3946.0000,1,9,3,4,10,9,10,9,10,6
SF,IF2005,2020-05-15 09:33:01.700,3944.8000,20427,-2,2279065080.000,2,0,2,双平,S,3944.8000,3944.6000,3944.2000,3944.0000,3943.8000,3945.0000,3945.2000,3945.4000,3945.6000,3945.8000,5,5,9,3,4,2,8,10,9,10
SF,IF2005,2020-05-15 09:33:02.200,3944.8000,20417,-10,2290900320.000,10,0,10,双平,S,3944.8000,3944.6000,3944.2000,3944.0000,3943.8000,3945.0000,3945.2000,3945.4000,3945.6000,3945.8000,7,1,9,3,4,4,2,10,9,10
SF,IF2005,2020-05-15 09:33:02.700,3945.2000,20408,-9,2301551940.000,9,0,9,双平,S,3945.2000,3945.0000,3944.8000,3944.6000,3944.2000,3945.4000,3945.6000,3945.8000,3946.0000,3946.2000,1,19,4,2,9,10,9,10,6,2
SF,IF2005,2020-05-15 09:33:03.200,3945.2000,20398,-10,2314570680.000,11,0,11,多平,S,3945.0000,3944.8000,3944.6000,3944.2000,3944.0000,3945.4000,3945.6000,3945.8000,3946.0000,3946.2000,11,1,2,9,5,9,9,10,5,2
SF,IF2005,2020-05-15 09:33:03.700,3945.2000,20391,-7,2322855240.000,7,0,7,双平,S,3945.0000,3944.8000,3944.6000,3944.2000,3944.0000,3945.4000,3945.6000,3945.8000,3946.0000,3946.2000,1,1,2,9,5,9,9,10,5,2
SF,IF2005,2020-05-15 09:33:04.200,3945.2000,20389,-2,2325222360.000,2,0,2,双平,S,3945.0000,3944.8000,3944.6000,3944.2000,3944.0000,3945.2000,3945.4000,3945.6000,3945.8000,3946.0000,1,1,2,9,5,2,10,9,10,5
SF,IF2005,2020-05-15 09:33:04.700,3945.2000,20385,-4,2329956480.000,4,0,4,双平,S,3944.6000,3944.2000,3944.0000,3943.8000,3943.6000,3945.4000,3945.6000,3945.8000,3946.0000,3946.2000,2,9,5,4,10,10,9,10,5,2
SF,IF2005,2020-05-15 09:33:05.200,3945.2000,20385,0,2329956480.000,0,-,-,-,-,3944.6000,3944.4000,3944.2000,3944.0000,3943.8000,3945.0000,3945.4000,3945.6000,3945.8000,3946.0000,2,1,9,5,4,2,10,9,10,5
SF,IF2005,2020-05-15 09:33:05.700,3945.0000,20379,-6,2337057180.000,6,0,6,双平,S,3944.6000,3944.4000,3944.2000,3944.0000,3943.8000,3945.0000,3945.4000,3945.6000,3945.8000,3946.0000,2,1,9,5,4,2,10,9,10,5
SF,IF2005,2020-05-15 09:33:06.200,3945.0000,20375,-4,2341791180.000,4,0,4,双平,S,3944.6000,3944.4000,3944.2000,3944.0000,3943.8000,3945.4000,3945.6000,3945.8000,3946.0000,3946.2000,3,1,9,5,4,10,9,10,5,2
SF,IF2005,2020-05-15 09:33:06.700,3945.0000,20374,-1,2342974680.000,1,0,1,双平,S,3944.6000,3944.4000,3944.2000,3944.0000,3943.8000,3945.4000,3945.6000,3945.8000,3946.0000,3946.2000,3,1,9,5,3,10,9,10,5,2
SF,IF2005,2020-05-15 09:33:07.200,3945.2000,20372,-2,2345341860.000,2,0,2,双平,S,3944.6000,3944.4000,3944.2000,3944.0000,3943.8000,3945.4000,3945.6000,3945.8000,3946.0000,3946.2000,3,1,9,5,3,9,9,10,5,2
SF,IF2005,2020-05-15 09:33:07.700,3945.4000,20371,-1,2346525480.000,1,0,1,双平,S,3944.6000,3944.4000,3944.2000,3944.0000,3943.8000,3945.4000,3945.6000,3945.8000,3946.0000,3946.2000,5,1,9,5,3,8,9,10,5,2
SF,IF2005,2020-05-15 09:33:08.200,3944.8000,20369,-2,2348892360.000,2,0,2,双平,S,3944.6000,3944.4000,3944.2000,3944.0000,3943.8000,3945.4000,3945.6000,3945.8000,3946.0000,3946.2000,11,1,9,5,3,8,9,10,5,2
SF,IF2005,2020-05-15 09:33:08.700,3944.8000,20369,0,2348892360.000,0,-,-,-,-,3944.8000,3944.6000,3944.4000,3944.2000,3944.0000,3945.2000,3945.4000,3945.6000,3945.8000,3946.0000,5,8,1,9,5,1,8,9,10,5
SF,IF2005,2020-05-15 09:33:09.200,3944.8000,20369,0,2348892360.000,0,-,-,-,-,3945.0000,3944.8000,3944.6000,3944.4000,3944.2000,3945.2000,3945.4000,3945.6000,3945.8000,3946.0000,1,7,5,1,9,1,8,10,10,5
SF,IF2005,2020-05-15 09:33:09.700,3945.0000,20368,-1,2350075860.000,1,0,1,双平,S,3945.0000,3944.8000,3944.6000,3944.4000,3944.2000,3945.2000,3945.4000,3945.6000,3945.8000,3946.0000,5,5,5,1,9,2,8,10,10,5
SF,IF2005,2020-05-15 09:33:10.200,3945.0000,20361,-7,2358360360.000,7,0,7,双平,S,3945.0000,3944.8000,3944.6000,3944.4000,3944.2000,3945.2000,3945.4000,3945.6000,3945.8000,3946.0000,1,5,5,1,8,2,8,10,10,5
SF,IF2005,2020-05-15 09:33:10.700,3945.2000,20357,-4,2363094480.000,4,0,4,双平,S,3945.0000,3944.8000,3944.6000,3944.4000,3944.2000,3945.4000,3945.6000,3945.8000,3946.0000,3946.2000,4,3,5,1,8,8,10,10,5,1
SF,IF2005,2020-05-15 09:33:11.200,3945.0000,20354,-3,2366644980.000,3,0,3,双平,S,3944.8000,3944.6000,3944.4000,3944.2000,3944.0000,3945.4000,3945.6000,3945.8000,3946.0000,3946.2000,3,5,1,8,5,8,10,10,5,1
SF,IF2005,2020-05-15 09:33:11.700,3945.0000,20354,0,2366644980.000,0,-,-,-,-,3944.8000,3944.6000,3944.4000,3944.2000,3944.0000,3945.0000,3945.4000,3945.6000,3945.8000,3946.0000,8,5,1,8,5,1,8,10,10,5
SF,IF2005,2020-05-15 09:33:12.200,3945.0000,20353,-1,2367828480.000,1,0,1,双平,S,3944.8000,3944.6000,3944.4000,3944.2000,3944.0000,3945.2000,3945.4000,3945.6000,3945.8000,3946.0000,3,4,1,8,5,1,8,10,10,5
SF,IF2005,2020-05-15 09:33:12.700,3945.0000,20345,-8,2377296300.000,8,0,8,双平,S,3944.6000,3944.4000,3944.2000,3944.0000,3943.8000,3945.0000,3945.2000,3945.4000,3945.6000,3945.8000,4,1,8,5,3,3,1,8,10,10
SF,IF2005,2020-05-15 09:33:13.200,3945.0000,20342,-3,2380846800.000,3,0,3,双平,S,3944.6000,3944.4000,3944.2000,3944.0000,3943.8000,3945.2000,3945.4000,3945.6000,3945.8000,3946.0000,4,1,8,5,3,2,8,10,10,5
SF,IF2005,2020-05-15 09:33:13.700,3945.0000,20342,0,2380846800.000,0,-,-,-,-,3944.6000,3944.4000,3944.2000,3944.0000,3943.8000,3945.0000,3945.2000,3945.4000,3945.6000,3945.8000,5,1,8,5,3,1,2,8,10,10
SF,IF2005,2020-05-15 09:33:14.200,3945.0000,20342,0,2380846800.000,0,-,-,-,-,3944.6000,3944.4000,3944.2000,3944.0000,3943.8000,3945.0000,3945.2000,3945.4000,3945.6000,3945.8000,4,1,8,5,3,1,3,8,10,10
SF,IF2005,2020-05-15 09:33:14.700,3945.0000,20341,-1,2382030300.000,1,0,1,双平,S,3944.6000,3944.4000,3944.2000,3944.0000,3943.8000,3945.2000,3945.4000,3945.6000,3945.8000,3946.0000,4,1,8,5,3,3,8,10,10,5
SF,IF2005,2020-05-15 09:33:15.200,3945.0000,20341,0,2382030300.000,0,-,-,-,-,3944.6000,3944.4000,3944.2000,3944.0000,3943.8000,3944.8000,3945.2000,3945.4000,3945.6000,3945.8000,6,1,8,5,3,1,3,8,10,10
SF,IF2005,2020-05-15 09:33:15.700,3944.6000,20337,-4,2386764060.000,4,0,4,双平,S,3944.6000,3944.4000,3944.2000,3944.0000,3943.8000,3945.2000,3945.4000,3945.6000,3945.8000,3946.0000,4,1,8,5,3,2,8,10,10,6
SF,IF2005,2020-05-15 09:33:16.200,3945.2000,20336,-1,2387947620.000,1,0,1,双平,S,3944.6000,3944.4000,3944.2000,3944.0000,3943.8000,3945.2000,3945.4000,3945.6000,3945.8000,3946.0000,4,1,8,5,3,1,8,10,10,6
SF,IF2005,2020-05-15 09:33:16.700,3945.0000,20333,-3,2391498060.000,3,0,3,双平,S,3944.6000,3944.4000,3944.2000,3944.0000,3943.8000,3945.4000,3945.6000,3945.8000,3946.0000,3946.2000,3,1,8,7,1,8,10,10,6,1
SF,IF2005,2020-05-15 09:33:17.200,3945.4000,20332,-1,2392681680.000,1,0,1,双平,S,3944.6000,3944.4000,3944.2000,3944.0000,3943.8000,3945.4000,3945.6000,3945.8000,3946.0000,3946.2000,3,1,8,7,1,7,10,10,6,1
SF,IF2005,2020-05-15 09:33:17.700,3945.4000,20331,-1,2393865300.000,1,0,1,双平,S,3944.6000,3944.4000,3944.2000,3944.0000,3943.8000,3945.0000,3945.4000,3945.6000,3945.8000,3946.0000,3,1,8,7,1,1,6,10,10,6
SF,IF2005,2020-05-15 09:33:18.200,3944.8000,20328,-3,2398599120.000,4,0,4,多平,S,3944.6000,3944.4000,3944.2000,3944.0000,3943.8000,3945.2000,3945.4000,3945.6000,3945.8000,3946.0000,3,1,8,7,1,1,7,10,10,6
SF,IF2005,2020-05-15 09:33:18.700,3945.2000,20327,-1,2399782680.000,1,0,1,双平,S,3945.2000,3944.6000,3944.4000,3944.2000,3944.0000,3945.4000,3945.6000,3945.8000,3946.0000,3946.2000,1,3,1,8,7,7,11,10,6,1
SF,IF2005,2020-05-15 09:33:19.200,3945.4000,20324,-3,2403333540.000,3,0,3,双平,S,3944.8000,3944.6000,3944.4000,3944.2000,3944.0000,3945.4000,3945.6000,3945.8000,3946.0000,3946.2000,1,3,1,8,7,4,11,10,6,1
SF,IF2005,2020-05-15 09:33:19.700,3945.4000,20321,-3,2406884280.000,3,0,3,双平,S,3945.0000,3944.8000,3944.6000,3944.4000,3944.2000,3945.4000,3945.6000,3945.8000,3946.0000,3946.2000,6,2,3,1,8,2,11,10,6,1
SF,IF2005,2020-05-15 09:33:20.200,3945.4000,20319,-2,2410435140.000,3,0,3,多平,S,3945.4000,3945.2000,3945.0000,3944.8000,3944.6000,3945.6000,3945.8000,3946.0000,3946.2000,3946.4000,1,1,6,1,3,11,10,6,1,1
SF,IF2005,2020-05-15 09:33:20.700,3945.2000,20317,-2,2412802380.000,2,0,2,双平,S,3945.2000,3945.0000,3944.8000,3944.6000,3944.4000,3945.4000,3945.6000,3945.8000,3946.0000,3946.2000,1,5,1,3,2,1,10,10,6,1
SF,IF2005,2020-05-15 09:33:21.200,3945.4000,20314,-3,2417536680.000,4,0,4,多平,S,3945.0000,3944.8000,3944.6000,3944.4000,3944.2000,3945.6000,3945.8000,3946.0000,3946.2000,3946.4000,4,1,3,2,8,10,9,6,1,1
SF,IF2005,2020-05-15 09:33:21.700,3945.4000,20311,-3,2421087540.000,3,0,3,双平,S,3945.4000,3945.0000,3944.8000,3944.6000,3944.4000,3945.6000,3945.8000,3946.0000,3946.2000,3946.4000,1,5,1,3,2,10,9,6,1,1
SF,IF2005,2020-05-15 09:33:22.200,3945.4000,20310,-1,2422271160.000,1,0,1,双平,S,3945.2000,3945.0000,3944.8000,3944.6000,3944.4000,3945.6000,3945.8000,3946.0000,3946.2000,3946.4000,1,5,1,3,2,11,9,6,1,1
SF,IF2005,2020-05-15 09:33:22.700,3945.4000,20309,-1,2423454780.000,1,0,1,双平,S,3945.2000,3945.0000,3944.8000,3944.6000,3944.4000,3945.6000,3945.8000,3946.0000,3946.2000,3946.4000,1,5,1,3,2,11,9,6,1,1
SF,IF2005,2020-05-15 09:33:23.200,3945.6000,20306,-3,2427005760.000,3,0,3,双平,S,3945.2000,3945.0000,3944.8000,3944.6000,3944.4000,3945.6000,3945.8000,3946.0000,3946.2000,3946.4000,1,5,1,3,2,9,9,6,1,1
SF,IF2005,2020-05-15 09:33:23.700,3945.6000,20303,-3,2430556680.000,3,0,3,双平,S,3945.0000,3944.8000,3944.6000,3944.4000,3944.2000,3945.6000,3945.8000,3946.0000,3946.2000,3946.4000,5,1,3,2,8,7,9,8,1,1
SF,IF2005,2020-05-15 09:33:24.200,3945.4000,20292,-11,2443575900.000,11,0,11,双平,S,3944.8000,3944.6000,3944.4000,3944.2000,3944.0000,3945.2000,3945.6000,3945.8000,3946.0000,3946.2000,1,3,2,8,7,1,7,9,8,1
SF,IF2005,2020-05-15 09:33:24.700,3945.6000,20290,-2,2445943140.000,2,0,2,双平,S,3945.0000,3944.8000,3944.6000,3944.4000,3944.2000,3945.6000,3945.8000,3946.0000,3946.2000,3946.4000,1,1,3,2,8,6,9,8,1,1
SF,IF2005,2020-05-15 09:33:25.200,3945.6000,20289,-1,2447126820.000,1,0,1,双平,S,3945.0000,3944.8000,3944.6000,3944.4000,3944.2000,3945.6000,3945.8000,3946.0000,3946.2000,3946.4000,3,1,4,2,8,6,9,8,1,1
SF,IF2005,2020-05-15 09:33:25.700,3945.6000,20288,-1,2448310500.000,1,0,1,双平,S,3945.0000,3944.8000,3944.6000,3944.4000,3944.2000,3945.6000,3945.8000,3946.0000,3946.2000,3946.4000,4,1,4,2,8,6,9,8,1,1
SF,IF2005,2020-05-15 09:33:26.200,3945.0000,20285,-3,2451861180.000,3,0,3,双平,S,3945.0000,3944.8000,3944.6000,3944.4000,3944.2000,3945.6000,3945.8000,3946.0000,3946.2000,3946.4000,2,1,4,2,8,6,9,8,1,1
SF,IF2005,2020-05-15 09:33:26.700,3945.6000,20281,-4,2456595660.000,4,0,4,双平,S,3945.0000,3944.8000,3944.6000,3944.4000,3944.2000,3945.6000,3945.8000,3946.0000,3946.2000,3946.4000,1,1,4,2,8,5,9,8,1,1
SF,IF2005,2020-05-15 09:33:27.200,3945.6000,20280,-1,2458963020.000,2,0,2,多平,S,3945.0000,3944.8000,3944.6000,3944.4000,3944.2000,3945.4000,3945.6000,3945.8000,3946.0000,3946.2000,1,1,4,2,8,1,4,9,9,1
SF,IF2005,2020-05-15 09:33:27.700,3945.6000,20280,0,2458963020.000,0,-,-,-,-,3945.0000,3944.8000,3944.6000,3944.4000,3944.2000,3945.4000,3945.6000,3945.8000,3946.0000,3946.2000,1,1,4,2,8,1,5,9,9,1
SF,IF2005,2020-05-15 09:33:28.200,3945.4000,20279,-1,2460146640.000,1,0,1,双平,S,3945.0000,3944.8000,3944.6000,3944.4000,3944.2000,3945.4000,3945.6000,3945.8000,3946.0000,3946.2000,1,1,4,2,8,1,5,9,9,1
SF,IF2005,2020-05-15 09:33:28.700,3945.2000,20276,-3,2463697380.000,3,0,3,双平,S,3945.0000,3944.8000,3944.6000,3944.4000,3944.2000,3945.6000,3945.8000,3946.0000,3946.2000,3946.4000,2,1,5,2,8,5,9,9,1,1
SF,IF2005,2020-05-15 09:33:29.200,3945.6000,20275,-1,2467248420.000,3,1,2,多平,S,3945.0000,3944.8000,3944.6000,3944.4000,3944.2000,3945.6000,3945.8000,3946.0000,3946.2000,3946.4000,3,1,5,2,8,2,9,9,1,1
SF,IF2005,2020-05-15 09:33:29.700,3945.0000,20273,-2,2469615600.000,2,0,2,双平,S,3945.4000,3945.0000,3944.8000,3944.6000,3944.4000,3945.6000,3945.8000,3946.0000,3946.2000,3946.4000,5,3,1,5,2,1,9,9,1,1
SF,IF2005,2020-05-15 09:33:30.200,3945.6000,20272,-1,2470799280.000,1,0,1,双平,S,3945.6000,3945.4000,3945.0000,3944.8000,3944.6000,3945.8000,3946.0000,3946.2000,3946.4000,3946.6000,2,15,2,1,5,9,9,1,1,5
SF,IF2005,2020-05-15 09:33:30.700,3945.8000,20270,-2,2473166760.000,2,0,2,双平,S,3945.6000,3945.4000,3945.0000,3944.8000,3944.6000,3945.8000,3946.0000,3946.2000,3946.4000,3946.6000,1,15,2,1,5,7,9,1,1,5
SF,IF2005,2020-05-15 09:33:31.200,3945.8000,20267,-3,2477901660.000,4,0,4,多平,S,3945.4000,3945.2000,3945.0000,3944.8000,3944.6000,3945.8000,3946.0000,3946.2000,3946.4000,3946.6000,15,1,2,1,5,4,9,1,1,5
SF,IF2005,2020-05-15 09:33:31.700,3945.8000,20263,-4,2482636440.000,4,0,4,双平,S,3945.4000,3945.2000,3945.0000,3944.8000,3944.6000,3945.8000,3946.0000,3946.2000,3946.4000,3946.6000,15,1,2,1,5,2,9,1,1,5
SF,IF2005,2020-05-15 09:33:32.200,3945.4000,20262,-1,2483820060.000,1,0,1,双平,S,3945.4000,3945.2000,3945.0000,3944.8000,3944.6000,3945.8000,3946.0000,3946.2000,3946.4000,3946.6000,4,2,2,1,5,4,9,1,1,5
SF,IF2005,2020-05-15 09:33:32.700,3945.8000,20257,-5,2489738760.000,5,0,5,双平,S,3945.8000,3945.4000,3945.2000,3945.0000,3944.8000,3946.0000,3946.2000,3946.4000,3946.6000,3946.8000,16,4,2,2,1,9,1,1,5,16
SF,IF2005,2020-05-15 09:33:33.200,3946.0000,20251,-6,2496841320.000,6,0,6,双平,S,3945.8000,3945.4000,3945.2000,3945.0000,3944.8000,3946.0000,3946.2000,3946.4000,3946.6000,3946.8000,13,3,2,2,1,7,1,1,5,16
SF,IF2005,2020-05-15 09:33:33.700,3945.8000,20242,-9,2509862640.000,11,1,10,多平,S,3945.8000,3945.4000,3945.2000,3945.0000,3944.8000,3946.0000,3946.2000,3946.4000,3946.6000,3946.8000,6,3,2,2,1,5,1,1,5,16
SF,IF2005,2020-05-15 09:33:34.200,3945.8000,20238,-4,2514597780.000,4,0,4,双平,S,3945.8000,3945.4000,3945.2000,3945.0000,3944.8000,3946.0000,3946.2000,3946.4000,3946.6000,3946.8000,5,3,2,1,1,2,1,1,5,16
SF,IF2005,2020-05-15 09:33:34.700,3946.0000,20236,-2,2516965380.000,2,0,2,双平,S,3945.8000,3945.4000,3945.2000,3945.0000,3944.8000,3946.0000,3946.2000,3946.4000,3946.6000,3946.8000,7,3,2,1,1,1,1,1,5,16
SF,IF2005,2020-05-15 09:33:35.200,3946.0000,20233,-3,2520516780.000,3,0,3,双平,S,3946.0000,3945.8000,3945.4000,3945.2000,3945.0000,3946.2000,3946.4000,3946.6000,3946.8000,3947.0000,6,12,3,2,1,1,1,5,16,3
SF,IF2005,2020-05-15 09:33:35.700,3946.0000,20233,0,2520516780.000,0,-,-,-,-,3946.0000,3945.8000,3945.4000,3945.2000,3945.0000,3946.4000,3946.6000,3946.8000,3947.0000,3947.2000,6,12,4,2,1,1,5,17,3,3
SF,IF2005,2020-05-15 09:33:36.200,3946.4000,20233,0,2521700700.000,1,0,1,多换,S,3946.2000,3946.0000,3945.8000,3945.4000,3945.2000,3946.4000,3946.6000,3946.8000,3947.0000,3947.2000,1,19,12,4,2,12,5,17,3,3
SF,IF2005,2020-05-15 09:33:36.700,3946.2000,20230,-3,2525252220.000,3,0,3,双平,S,3946.0000,3945.8000,3945.6000,3945.4000,3945.2000,3946.2000,3946.4000,3946.6000,3946.8000,3947.0000,18,12,2,4,3,2,1,5,17,3
SF,IF2005,2020-05-15 09:33:37.200,3946.2000,20227,-3,2529987540.000,4,0,4,多平,S,3946.2000,3946.0000,3945.8000,3945.6000,3945.4000,3946.4000,3946.6000,3946.8000,3947.0000,3947.2000,3,16,12,2,4,2,5,17,3,3
SF,IF2005,2020-05-15 09:33:37.700,3946.2000,20222,-5,2539458420.000,8,1,7,多平,S,3946.4000,3946.0000,3945.8000,3945.6000,3945.4000,3946.6000,3946.8000,3947.0000,3947.2000,3947.4000,1,14,12,2,4,5,17,3,3,1
SF,IF2005,2020-05-15 09:33:38.200,3946.4000,20216,-6,2548929480.000,8,1,7,多平,S,3946.4000,3946.0000,3945.8000,3945.6000,3945.4000,3946.6000,3946.8000,3947.0000,3947.2000,3947.4000,9,12,12,2,5,15,17,3,3,1
SF,IF2005,2020-05-15 09:33:38.700,3946.6000,20207,-9,2561953020.000,11,1,10,多平,S,3946.4000,3946.0000,3945.8000,3945.6000,3945.4000,3946.6000,3946.8000,3947.0000,3947.2000,3947.4000,5,12,12,2,5,11,17,3,3,1
SF,IF2005,2020-05-15 09:33:39.200,3946.6000,20206,-1,2563137000.000,1,0,1,双平,S,3946.6000,3946.4000,3946.0000,3945.8000,3945.6000,3946.8000,3947.0000,3947.2000,3947.4000,3947.6000,3,5,2,12,2,17,3,3,1,3
SF,IF2005,2020-05-15 09:33:39.700,3946.6000,20205,-1,2574976500.000,10,4,6,多平,S,3946.0000,3945.8000,3945.6000,3945.4000,3945.2000,3946.6000,3946.8000,3947.0000,3947.2000,3947.4000,2,12,2,5,3,6,17,3,3,1
SF,IF2005,2020-05-15 09:33:40.200,3946.2000,20203,-2,2577344160.000,2,0,2,双平,S,3946.0000,3945.8000,3945.6000,3945.4000,3945.2000,3946.6000,3946.8000,3947.0000,3947.2000,3947.4000,1,12,2,5,3,6,18,2,3,1
SF,IF2005,2020-05-15 09:33:40.700,3946.0000,20200,-3,2580895920.000,3,0,3,双平,S,3945.8000,3945.6000,3945.4000,3945.2000,3945.0000,3946.6000,3946.8000,3947.0000,3947.2000,3947.4000,12,2,5,3,1,4,18,2,3,1
SF,IF2005,2020-05-15 09:33:41.200,3946.4000,20198,-2,2583263640.000,2,0,2,双平,S,3945.8000,3945.6000,3945.4000,3945.2000,3945.0000,3946.6000,3946.8000,3947.0000,3947.2000,3947.4000,12,2,5,3,1,4,18,2,3,1
SF,IF2005,2020-05-15 09:33:41.700,3946.6000,20190,-8,2596285980.000,11,1,10,多平,S,3946.6000,3945.8000,3945.6000,3945.4000,3945.2000,3946.8000,3947.0000,3947.2000,3947.4000,3947.6000,18,6,2,5,3,18,2,3,1,3
SF,IF2005,2020-05-15 09:33:42.200,3946.6000,20190,0,2612861700.000,14,7,7,多换,S,3946.6000,3945.8000,3945.6000,3945.4000,3945.2000,3946.8000,3947.0000,3947.2000,3947.4000,3947.6000,4,7,2,5,3,21,2,3,1,3
SF,IF2005,2020-05-15 09:33:42.700,3946.6000,20187,-3,2621149260.000,7,2,5,多平,S,3945.8000,3945.6000,3945.4000,3945.2000,3945.0000,3946.6000,3946.8000,3947.0000,3947.2000,3947.4000,6,2,5,3,1,3,23,2,3,1
SF,IF2005,2020-05-15 09:33:43.200,3946.6000,20184,-3,2624701200.000,3,0,3,双平,S,3946.0000,3945.8000,3945.6000,3945.4000,3945.2000,3946.4000,3946.6000,3946.8000,3947.0000,3947.2000,1,7,2,5,3,3,2,18,2,3
SF,IF2005,2020-05-15 09:33:43.700,3946.6000,20183,-1,2625885180.000,1,0,1,双平,S,3946.4000,3945.8000,3945.6000,3945.4000,3945.2000,3946.6000,3946.8000,3947.0000,3947.2000,3947.4000,1,11,2,5,3,1,18,2,3,1
SF,IF2005,2020-05-15 09:33:44.200,3946.6000,20183,0,2625885180.000,0,-,-,-,-,3946.0000,3945.8000,3945.6000,3945.4000,3945.2000,3946.6000,3946.8000,3947.0000,3947.2000,3947.4000,1,10,2,5,3,7,18,2,3,1
SF,IF2005,2020-05-15 09:33:44.700,3946.6000,20180,-3,2629437120.000,3,0,3,双平,S,3945.8000,3945.6000,3945.4000,3945.2000,3945.0000,3946.6000,3946.8000,3947.0000,3947.2000,3947.4000,10,2,5,3,1,1,18,2,3,1
SF,IF2005,2020-05-15 09:33:45.200,3946.6000,20179,-1,2630621100.000,1,0,1,双平,S,3946.6000,3946.0000,3945.8000,3945.6000,3945.4000,3946.8000,3947.0000,3947.2000,3947.4000,3947.6000,5,2,10,2,5,16,2,3,2,3
SF,IF2005,2020-05-15 09:33:45.700,3946.6000,20170,-9,2641276920.000,9,0,9,双平,S,3946.6000,3946.0000,3945.8000,3945.6000,3945.4000,3946.8000,3947.0000,3947.2000,3947.4000,3947.6000,4,2,10,2,5,17,2,3,2,3
SF,IF2005,2020-05-15 09:33:46.200,3946.6000,20165,-5,2648380920.000,6,0,6,多平,S,3946.0000,3945.8000,3945.6000,3945.4000,3945.2000,3946.4000,3946.8000,3947.0000,3947.2000,3947.4000,2,10,2,5,3,3,20,2,3,2
SF,IF2005,2020-05-15 09:33:46.700,3946.4000,20162,-3,2651932680.000,3,0,3,双平,S,3946.6000,3946.4000,3946.0000,3945.8000,3945.6000,3946.8000,3947.0000,3947.2000,3947.4000,3947.6000,1,1,1,10,2,20,2,3,2,3
SF,IF2005,2020-05-15 09:33:47.200,3946.8000,20161,-1,2653116720.000,1,0,1,双平,S,3946.6000,3946.4000,3946.0000,3945.8000,3945.6000,3946.8000,3947.0000,3947.2000,3947.4000,3947.6000,1,1,1,10,2,21,2,3,2,3
SF,IF2005,2020-05-15 09:33:47.700,3946.8000,20158,-3,2657852880.000,4,0,4,多平,S,3946.6000,3946.0000,3945.8000,3945.6000,3945.4000,3946.8000,3947.0000,3947.2000,3947.4000,3947.6000,7,1,10,2,4,19,2,6,1,3
SF,IF2005,2020-05-15 09:33:48.200,3946.8000,20155,-3,2661405000.000,3,0,3,双平,S,3946.6000,3946.0000,3945.8000,3945.6000,3945.4000,3946.8000,3947.0000,3947.2000,3947.4000,3947.6000,7,1,10,2,4,16,2,6,1,3
SF,IF2005,2020-05-15 09:33:48.700,3946.8000,20154,-1,2662589040.000,1,0,1,双平,S,3946.6000,3946.0000,3945.8000,3945.6000,3945.4000,3946.8000,3947.0000,3947.2000,3947.4000,3947.6000,8,1,10,2,4,15,2,6,1,3
SF,IF2005,2020-05-15 09:33:49.200,3946.8000,20142,-12,2676797520.000,12,0,12,双平,S,3946.6000,3946.0000,3945.8000,3945.6000,3945.4000,3946.8000,3947.0000,3947.2000,3947.4000,3947.6000,8,1,6,2,4,7,2,6,1,3
SF,IF2005,2020-05-15 09:33:49.700,3946.8000,20135,-7,2685085800.000,7,0,7,双平,S,3946.6000,3946.0000,3945.8000,3945.6000,3945.4000,3946.8000,3947.0000,3947.2000,3947.4000,3947.6000,9,1,6,3,4,11,2,6,2,3
SF,IF2005,2020-05-15 09:33:50.200,3946.8000,20127,-8,2694558120.000,8,0,8,双平,S,3946.8000,3946.6000,3946.0000,3945.8000,3945.6000,3947.0000,3947.2000,3947.4000,3947.6000,3947.8000,2,9,1,6,3,2,6,2,3,1
SF,IF2005,2020-05-15 09:33:50.700,3947.0000,20121,-6,2701662720.000,6,0,6,双平,S,3946.8000,3946.6000,3946.0000,3945.8000,3945.6000,3947.2000,3947.4000,3947.6000,3947.8000,3948.0000,4,9,1,6,3,6,2,3,1,11
SF,IF2005,2020-05-15 09:33:51.200,3947.2000,20117,-4,2707583520.000,5,0,5,多平,S,3947.0000,3946.8000,3946.6000,3946.0000,3945.8000,3947.2000,3947.4000,3947.6000,3947.8000,3948.0000,1,4,9,1,6,1,2,3,1,11
SF,IF2005,2020-05-15 09:33:51.700,3947.4000,20109,-8,2718240840.000,9,0,9,多平,S,3946.8000,3946.6000,3946.0000,3945.8000,3945.6000,3947.4000,3947.6000,3947.8000,3948.0000,3948.4000,3,9,1,6,3,1,3,1,11,1
SF,IF2005,2020-05-15 09:33:52.200,3947.2000,20106,-3,2721793380.000,3,0,3,双平,S,3946.8000,3946.6000,3946.4000,3946.0000,3945.8000,3947.2000,3947.4000,3947.6000,3947.8000,3948.0000,2,9,1,1,6,1,1,3,1,11
SF,IF2005,2020-05-15 09:33:52.700,3947.2000,20105,-1,2724161700.000,2,0,2,多平,S,3946.8000,3946.6000,3946.4000,3946.2000,3946.0000,3947.0000,3947.4000,3947.6000,3947.8000,3948.0000,2,9,1,1,1,4,1,3,1,11
SF,IF2005,2020-05-15 09:33:53.200,3946.8000,20104,-1,2730081780.000,5,2,3,多平,S,3946.6000,3946.4000,3946.2000,3946.0000,3945.8000,3946.8000,3947.0000,3947.4000,3947.6000,3947.8000,7,1,1,1,6,1,1,1,3,1
SF,IF2005,2020-05-15 09:33:53.700,3946.8000,20100,-4,2734817880.000,4,0,4,双平,S,3946.6000,3946.4000,3946.2000,3946.0000,3945.8000,3946.8000,3947.0000,3947.4000,3947.6000,3947.8000,6,1,1,1,6,1,2,1,3,1
SF,IF2005,2020-05-15 09:33:54.200,3946.8000,20096,-4,2739554100.000,4,0,4,双平,S,3946.8000,3946.6000,3946.4000,3946.2000,3946.0000,3947.0000,3947.4000,3947.6000,3947.8000,3948.0000,2,6,1,1,1,1,1,3,1,12
SF,IF2005,2020-05-15 09:33:54.700,3947.0000,20094,-2,2741922300.000,2,0,2,双平,S,3946.8000,3946.6000,3946.4000,3946.2000,3946.0000,3947.4000,3947.6000,3947.8000,3948.0000,3948.4000,4,6,1,1,1,1,3,1,12,1
SF,IF2005,2020-05-15 09:33:55.200,3947.0000,20094,0,2741922300.000,0,-,-,-,-,3946.8000,3946.6000,3946.4000,3946.2000,3946.0000,3947.4000,3947.6000,3947.8000,3948.0000,3948.4000,4,6,1,1,1,6,3,1,12,1
SF,IF2005,2020-05-15 09:33:55.700,3947.0000,20094,0,2741922300.000,0,-,-,-,-,3946.8000,3946.6000,3946.4000,3946.2000,3946.0000,3947.4000,3947.6000,3947.8000,3948.0000,3948.4000,3,6,1,1,1,1,3,1,12,1
SF,IF2005,2020-05-15 09:33:56.200,3947.4000,20088,-6,2750211360.000,7,0,7,多平,S,3947.4000,3946.8000,3946.6000,3946.4000,3946.2000,3947.6000,3947.8000,3948.0000,3948.4000,3948.6000,1,2,6,1,1,3,1,12,1,1
SF,IF2005,2020-05-15 09:33:56.700,3946.6000,20083,-5,2756131740.000,5,0,5,双平,S,3946.6000,3946.4000,3946.2000,3946.0000,3945.8000,3946.8000,3947.2000,3947.4000,3947.6000,3947.8000,5,1,1,2,6,3,2,3,6,1
SF,IF2005,2020-05-15 09:33:57.200,3946.8000,20083,0,2757315780.000,1,0,1,多换,S,3946.6000,3946.4000,3946.2000,3946.0000,3945.8000,3946.8000,3947.2000,3947.6000,3947.8000,3948.0000,5,1,1,2,7,2,1,5,2,12
SF,IF2005,2020-05-15 09:33:57.700,3946.6000,20079,-4,2763235680.000,5,0,5,多平,S,3946.4000,3946.2000,3946.0000,3945.8000,3945.6000,3946.8000,3947.4000,3947.6000,3947.8000,3948.0000,1,1,2,7,3,2,3,5,2,12
SF,IF2005,2020-05-15 09:33:58.200,3946.6000,20079,0,2763235680.000,0,-,-,-,-,3946.4000,3946.2000,3946.0000,3945.8000,3945.6000,3946.6000,3946.8000,3947.4000,3947.6000,3947.8000,1,1,2,7,3,1,2,3,5,2
SF,IF2005,2020-05-15 09:33:58.700,3946.6000,20078,-1,2765603640.000,2,0,2,多平,S,3946.4000,3946.2000,3946.0000,3945.8000,3945.6000,3946.8000,3947.4000,3947.6000,3947.8000,3948.0000,1,1,2,7,3,2,3,5,2,10
SF,IF2005,2020-05-15 09:33:59.200,3946.8000,20077,-1,2767971720.000,2,0,2,多平,S,3946.4000,3946.2000,3946.0000,3945.8000,3945.6000,3946.8000,3947.4000,3947.6000,3947.8000,3948.0000,2,1,2,7,3,3,3,6,2,10
SF,IF2005,2020-05-15 09:33:59.700,3946.8000,20074,-3,2771523840.000,3,0,3,双平,S,3946.8000,3946.4000,3946.2000,3946.0000,3945.8000,3947.4000,3947.6000,3947.8000,3948.0000,3948.4000,8,2,1,2,7,3,5,2,10,1
SF,IF2005,2020-05-15 09:34:00.200,3946.8000,20074,0,2771523840.000,0,-,-,-,-,3946.8000,3946.4000,3946.2000,3946.0000,3945.8000,3947.4000,3947.6000,3947.8000,3948.0000,3948.4000,8,2,1,2,7,1,5,2,10,1
SF,IF2005,2020-05-15 09:34:00.700,3946.8000,20073,-1,2773891920.000,2,0,2,多平,S,3946.8000,3946.4000,3946.2000,3946.0000,3945.8000,3947.2000,3947.4000,3947.6000,3947.8000,3948.0000,7,2,1,3,7,2,2,5,2,10
SF,IF2005,2020-05-15 09:34:01.200,3946.8000,20070,-3,2777444040.000,3,0,3,双平,S,3946.8000,3946.4000,3946.2000,3946.0000,3945.8000,3947.0000,3947.4000,3947.6000,3947.8000,3948.0000,8,2,1,3,7,1,2,5,2,10
SF,IF2005,2020-05-15 09:34:01.700,3946.4000,20059,-11,2790468360.000,11,0,11,双平,S,3946.4000,3946.2000,3946.0000,3945.8000,3945.6000,3946.6000,3946.8000,3947.0000,3947.4000,3947.6000,1,1,3,7,3,1,14,1,2,5
SF,IF2005,2020-05-15 09:34:02.200,3946.4000,20057,-2,2794020060.000,3,0,3,多平,S,3946.0000,3945.8000,3945.6000,3945.4000,3945.2000,3946.4000,3946.8000,3947.0000,3947.4000,3947.6000,3,7,3,4,7,2,15,1,2,5
SF,IF2005,2020-05-15 09:34:02.700,3946.4000,20056,-1,2795203980.000,1,0,1,双平,S,3946.4000,3946.0000,3945.8000,3945.6000,3945.4000,3946.8000,3947.0000,3947.4000,3947.6000,3947.8000,9,3,7,3,4,14,1,2,5,2
SF,IF2005,2020-05-15 09:34:03.200,3946.4000,20046,-10,2807043180.000,10,0,10,双平,S,3946.0000,3945.8000,3945.6000,3945.4000,3945.2000,3946.4000,3946.8000,3947.4000,3947.6000,3947.8000,3,7,3,4,7,2,15,2,5,2
SF,IF2005,2020-05-15 09:34:03.700,3946.4000,20045,-1,2808227100.000,1,0,1,双平,S,3946.0000,3945.8000,3945.6000,3945.4000,3945.2000,3946.8000,3947.4000,3947.6000,3947.8000,3948.0000,3,7,3,4,7,15,2,5,2,10
SF,IF2005,2020-05-15 09:34:04.200,3946.8000,20035,-10,2820067500.000,10,0,10,双平,S,3946.2000,3946.0000,3945.8000,3945.6000,3945.4000,3946.8000,3947.2000,3947.4000,3947.6000,3947.8000,2,3,7,3,4,5,1,2,5,3
SF,IF2005,2020-05-15 09:34:04.700,3945.8000,20033,-2,2829538020.000,8,3,5,多平,S,3945.8000,3945.6000,3945.4000,3945.2000,3945.0000,3946.4000,3946.6000,3946.8000,3947.2000,3947.4000,6,3,4,7,1,1,4,5,1,2
SF,IF2005,2020-05-15 09:34:05.200,3945.8000,20033,0,2829538020.000,0,-,-,-,-,3945.8000,3945.6000,3945.4000,3945.2000,3945.0000,3946.4000,3946.6000,3946.8000,3947.2000,3947.4000,6,3,4,7,1,1,4,7,1,1
SF,IF2005,2020-05-15 09:34:05.700,3945.8000,20032,-1,2830721760.000,1,0,1,双平,S,3946.0000,3945.8000,3945.6000,3945.4000,3945.2000,3946.4000,3946.6000,3946.8000,3947.0000,3947.2000,1,6,3,4,7,1,4,4,1,1
SF,IF2005,2020-05-15 09:34:06.200,3946.0000,20031,-1,2831905560.000,1,0,1,双平,S,3945.8000,3945.6000,3945.4000,3945.2000,3945.0000,3946.6000,3946.8000,3947.0000,3947.2000,3947.4000,6,3,4,7,1,4,2,1,1,1
SF,IF2005,2020-05-15 09:34:06.700,3946.4000,20025,-6,2839009080.000,6,0,6,双平,S,3945.8000,3945.6000,3945.4000,3945.2000,3945.0000,3946.4000,3946.6000,3946.8000,3947.0000,3947.2000,6,3,4,7,1,4,4,3,1,1
SF,IF2005,2020-05-15 09:34:07.200,3946.4000,20025,0,2839009080.000,0,-,-,-,-,3945.8000,3945.6000,3945.4000,3945.2000,3945.0000,3946.2000,3946.6000,3946.8000,3947.0000,3947.2000,6,4,4,7,1,4,4,2,1,1
SF,IF2005,2020-05-15 09:34:07.700,3945.8000,20019,-6,2846111760.000,6,0,6,双平,S,3945.8000,3945.6000,3945.4000,3945.2000,3945.0000,3946.0000,3946.6000,3946.8000,3947.0000,3947.2000,2,4,4,7,1,2,4,2,1,1
