市场代码,合约代码,时间,最新,持仓,增仓,成交额,成交量,开仓,平仓,成交类型,方向,买一价,买二价,买三价,买四价,买五价,卖一价,卖二价,卖三价,卖四价,卖五价,买一量,买二量,买三量,买四量,买五量,卖一量,卖二量,卖三量,卖四量,卖五量
SF,IF2008,2020-07-03 09:29:00.100,4324.4000,7387,0,5189280.000,4.000,-,-,-,-,4320.0000,4317.2000,4315.0000,4313.6000,4313.0000,4326.0000,4333.2000,4334.4000,4336.0000,4337.0000,1,1,3,2,2,1,3,1,1,3
SF,IF2008,2020-07-03 09:30:00.100,4320.0000,7385,-2,7781280.000,2,0,2,双平,S,4317.2000,4315.0000,4313.0000,4312.8000,4312.4000,4319.8000,4321.0000,4325.6000,4326.0000,4333.2000,1,3,2,1,1,6,1,1,1,3
SF,IF2008,2020-07-03 09:30:00.600,4325.6000,7385,0,12966960.000,4,2,2,多换,S,4320.0000,4317.4000,4317.2000,4315.0000,4313.0000,4326.0000,4334.4000,4335.8000,4336.0000,4338.0000,5,5,2,3,2,1,1,1,1,9
SF,IF2008,2020-07-03 09:30:01.100,4320.0000,7384,-1,16854960.000,3,1,2,多平,S,4320.2000,4320.0000,4317.2000,4313.0000,4310.0000,4323.0000,4323.2000,4324.0000,4324.8000,4325.0000,3,4,1,2,3,1,1,3,1,1
SF,IF2008,2020-07-03 09:30:01.600,4320.4000,7383,-1,20744100.000,3,1,2,多平,S,4320.4000,4320.2000,4320.0000,4317.2000,4313.0000,4321.8000,4323.2000,4324.0000,4324.8000,4325.8000,1,3,4,1,2,1,1,3,1,3
SF,IF2008,2020-07-03 09:30:02.100,4321.8000,7382,-1,22040640.000,1,0,1,双平,S,4323.0000,4320.6000,4320.2000,4320.0000,4317.2000,4324.0000,4324.8000,4325.8000,4326.0000,4334.4000,1,3,1,4,1,3,1,1,1,1
SF,IF2008,2020-07-03 09:30:02.600,4323.0000,7381,-1,25931340.000,3,1,2,多平,S,4323.2000,4320.0000,4317.2000,4313.0000,4310.0000,4323.8000,4324.8000,4325.8000,4326.0000,4334.4000,1,4,1,2,8,1,1,1,1,1
SF,IF2008,2020-07-03 09:30:03.100,4323.2000,7381,0,27228300.000,1,0,1,多换,S,4320.0000,4317.2000,4313.0000,4310.0000,4301.6000,4325.8000,4326.0000,4335.8000,4347.0000,4348.2000,4,1,2,8,1,1,1,1,1,1
SF,IF2008,2020-07-03 09:30:03.600,4326.0000,7382,1,32418840.000,4,2,2,空开,S,4321.8000,4320.2000,4320.0000,4317.2000,4313.0000,4335.8000,4347.0000,4348.4000,4349.0000,4350.0000,1,2,4,1,2,1,1,1,1,23
SF,IF2008,2020-07-03 09:30:04.100,4326.0000,7382,0,32418840.000,0,-,-,-,-,4323.0000,4322.0000,4321.8000,4320.0000,4317.2000,4328.2000,4329.0000,4329.6000,4330.0000,4332.6000,1,1,2,4,1,1,3,2,1,3
SF,IF2008,2020-07-03 09:30:04.600,4323.2000,7382,0,33715800.000,1,0,1,多换,S,4323.2000,4323.0000,4321.8000,4320.0000,4317.2000,4329.0000,4329.6000,4330.0000,4332.6000,4334.4000,2,1,2,4,1,3,2,1,3,1
SF,IF2008,2020-07-03 09:30:05.100,4323.2000,7382,0,33715800.000,0,-,-,-,-,4323.4000,4323.2000,4323.0000,4321.8000,4320.0000,4327.2000,4328.8000,4329.0000,4329.6000,4330.0000,1,2,1,1,4,2,1,3,2,1
SF,IF2008,2020-07-03 09:30:05.600,4323.2000,7382,0,33715800.000,0,-,-,-,-,4326.0000,4323.0000,4321.8000,4320.0000,4317.2000,4327.0000,4327.2000,4328.8000,4329.0000,4329.6000,1,1,1,4,1,1,2,1,3,2
SF,IF2008,2020-07-03 09:30:06.100,4325.8000,7382,0,35013540.000,1,0,1,多换,S,4326.0000,4323.0000,4321.8000,4320.0000,4317.2000,4328.8000,4329.0000,4329.6000,4332.6000,4334.4000,2,1,1,4,1,1,3,2,3,1
SF,IF2008,2020-07-03 09:30:06.600,4325.8000,7382,0,35013540.000,0,-,-,-,-,4326.2000,4326.0000,4323.0000,4321.8000,4320.0000,4328.6000,4328.8000,4329.6000,4334.4000,4335.6000,1,2,1,1,4,2,1,2,1,2
SF,IF2008,2020-07-03 09:30:07.100,4325.8000,7382,0,35013540.000,0,-,-,-,-,4326.2000,4326.0000,4323.0000,4321.8000,4320.0000,4328.6000,4329.6000,4334.4000,4335.6000,4335.8000,2,1,1,1,4,2,2,1,2,1
SF,IF2008,2020-07-03 09:30:07.600,4325.8000,7382,0,35013540.000,0,-,-,-,-,4326.2000,4326.0000,4323.0000,4321.8000,4320.0000,4328.4000,4328.6000,4329.6000,4334.4000,4335.6000,2,1,1,1,4,1,2,2,1,2
SF,IF2008,2020-07-03 09:30:08.100,4325.8000,7382,0,35013540.000,0,-,-,-,-,4328.2000,4326.2000,4326.0000,4323.0000,4320.0000,4328.6000,4329.6000,4334.4000,4335.6000,4335.8000,1,2,2,1,4,2,2,1,2,1
SF,IF2008,2020-07-03 09:30:08.600,4328.4000,7379,-3,38908980.000,3,0,3,双平,S,4326.2000,4326.0000,4323.0000,4320.0000,4317.2000,4329.6000,4334.4000,4335.6000,4335.8000,4347.0000,1,2,1,4,1,2,1,2,1,1
SF,IF2008,2020-07-03 09:30:09.100,4328.4000,7379,0,38908980.000,0,-,-,-,-,4326.2000,4326.0000,4323.0000,4320.0000,4317.2000,4329.0000,4334.4000,4335.6000,4335.8000,4347.0000,1,2,1,9,1,1,1,1,1,1
SF,IF2008,2020-07-03 09:30:09.600,4329.0000,7379,0,40207680.000,1,0,1,多换,S,4326.2000,4326.0000,4323.0000,4320.0000,4317.2000,4334.4000,4335.6000,4335.8000,4347.0000,4348.4000,1,2,1,9,1,1,1,1,1,1
SF,IF2008,2020-07-03 09:30:10.100,4329.0000,7379,0,40207680.000,0,-,-,-,-,4326.2000,4326.0000,4323.0000,4320.0000,4317.2000,4329.2000,4329.4000,4329.6000,4330.6000,4334.0000,1,1,1,9,1,1,2,5,1,3
SF,IF2008,2020-07-03 09:30:10.600,4329.0000,7378,-1,41506380.000,1,0,1,双平,S,4326.2000,4326.0000,4323.0000,4320.0000,4317.2000,4329.0000,4329.2000,4329.4000,4329.6000,4334.0000,1,1,1,9,1,1,1,2,1,3
SF,IF2008,2020-07-03 09:30:11.100,4329.0000,7376,-2,44102940.000,2,0,2,双平,S,4326.0000,4323.0000,4320.0000,4317.2000,4310.0000,4328.8000,4329.0000,4329.2000,4329.4000,4329.6000,1,1,9,1,3,1,1,1,2,1
SF,IF2008,2020-07-03 09:30:11.600,4329.0000,7376,0,44102940.000,0,-,-,-,-,4326.0000,4323.0000,4320.0000,4317.2000,4310.0000,4328.4000,4328.6000,4328.8000,4329.0000,4329.6000,1,1,9,1,3,1,3,1,1,1
SF,IF2008,2020-07-03 09:30:12.100,4329.0000,7376,0,49297740.000,4,2,2,多换,S,4326.2000,4326.0000,4323.0000,4320.0000,4317.2000,4328.4000,4328.6000,4329.0000,4329.6000,4334.0000,1,1,1,9,1,1,2,1,1,3
SF,IF2008,2020-07-03 09:30:12.600,4326.2000,7375,-1,50595600.000,1,0,1,双平,S,4326.0000,4323.0000,4320.0000,4315.0000,4310.0000,4328.2000,4328.4000,4328.6000,4329.0000,4329.6000,1,1,4,5,3,2,1,2,1,1
SF,IF2008,2020-07-03 09:30:13.100,4328.0000,7370,-5,58385400.000,6,0,6,多平,S,4323.0000,4320.0000,4315.0000,4310.0000,4301.6000,4327.4000,4327.6000,4328.0000,4328.2000,4329.0000,1,4,5,3,1,1,2,1,2,1
SF,IF2008,2020-07-03 09:30:13.600,4327.4000,7368,-2,62280060.000,3,0,3,多平,S,4323.0000,4320.0000,4315.0000,4310.0000,4301.6000,4327.0000,4327.4000,4328.0000,4329.0000,4329.6000,1,5,5,3,1,1,1,1,1,1
SF,IF2008,2020-07-03 09:30:14.100,4327.0000,7368,0,63578160.000,1,0,1,多换,S,4323.2000,4323.0000,4320.0000,4315.0000,4310.0000,4326.6000,4326.8000,4327.2000,4328.0000,4329.0000,2,1,5,5,3,1,1,1,1,1
SF,IF2008,2020-07-03 09:30:14.600,4326.6000,7367,-1,64876140.000,1,0,1,双平,S,4327.0000,4323.4000,4323.2000,4323.0000,4320.0000,4329.0000,4329.6000,4334.0000,4335.8000,4347.0000,1,1,2,1,5,1,1,3,1,1
SF,IF2008,2020-07-03 09:30:15.100,4326.6000,7367,0,66174120.000,1,0,1,多换,S,4328.4000,4324.0000,4323.2000,4323.0000,4320.0000,4328.8000,4329.0000,4329.6000,4334.0000,4335.8000,1,1,2,1,5,1,1,1,3,1
SF,IF2008,2020-07-03 09:30:15.600,4328.2000,7366,-1,68771040.000,2,0,2,多平,S,4324.0000,4323.2000,4323.0000,4320.0000,4315.0000,4328.4000,4329.0000,4329.6000,4334.0000,4335.8000,1,1,1,5,5,2,1,1,3,1
SF,IF2008,2020-07-03 09:30:16.100,4328.2000,7365,-1,70069500.000,1,0,1,双平,S,4324.2000,4324.0000,4323.0000,4320.0000,4315.0000,4328.4000,4329.0000,4329.6000,4334.0000,4335.8000,1,1,1,5,5,1,1,1,3,1
SF,IF2008,2020-07-03 09:30:16.600,4328.2000,7365,0,70069500.000,0,-,-,-,-,4327.6000,4324.2000,4324.0000,4323.0000,4320.0000,4328.4000,4329.0000,4329.6000,4334.0000,4335.8000,2,2,1,1,5,1,1,1,3,1
SF,IF2008,2020-07-03 09:30:17.100,4327.6000,7365,0,72666060.000,2,1,1,多换,S,4324.2000,4324.0000,4323.0000,4320.0000,4315.0000,4328.4000,4329.0000,4329.6000,4334.0000,4335.8000,2,1,1,5,5,1,1,1,3,1
SF,IF2008,2020-07-03 09:30:17.600,4328.4000,7365,0,73964580.000,1,0,1,多换,S,4328.4000,4324.6000,4324.4000,4324.2000,4324.0000,4329.0000,4329.6000,4334.0000,4335.8000,4347.0000,1,1,1,2,1,1,1,3,1,1
SF,IF2008,2020-07-03 09:30:18.100,4329.0000,7360,-5,81756420.000,6,0,6,多平,S,4324.6000,4324.4000,4324.2000,4324.0000,4323.0000,4335.8000,4347.0000,4348.4000,4349.0000,4350.0000,1,1,1,1,1,1,1,1,1,20
SF,IF2008,2020-07-03 09:30:18.600,4329.0000,7360,0,81756420.000,0,-,-,-,-,4326.0000,4325.8000,4324.8000,4324.6000,4324.4000,4331.6000,4331.8000,4332.8000,4334.4000,4335.0000,1,1,1,1,1,1,3,1,2,3
SF,IF2008,2020-07-03 09:30:19.100,4329.0000,7360,0,81756420.000,0,-,-,-,-,4329.0000,4326.2000,4326.0000,4324.6000,4324.0000,4331.4000,4331.6000,4331.8000,4332.8000,4334.4000,3,1,1,1,1,1,1,3,1,2
SF,IF2008,2020-07-03 09:30:19.600,4329.0000,7360,0,81756420.000,0,-,-,-,-,4329.2000,4329.0000,4326.0000,4324.6000,4324.0000,4331.4000,4331.6000,4332.8000,4334.4000,4335.6000,1,3,1,1,1,1,1,1,2,1
SF,IF2008,2020-07-03 09:30:20.100,4329.0000,7360,0,81756420.000,0,-,-,-,-,4329.2000,4329.0000,4326.0000,4324.0000,4323.0000,4331.4000,4332.8000,4334.4000,4335.6000,4335.8000,1,3,1,1,1,1,1,2,1,1
SF,IF2008,2020-07-03 09:30:20.600,4329.0000,7360,0,81756420.000,0,-,-,-,-,4329.4000,4329.2000,4329.0000,4326.0000,4324.0000,4332.8000,4334.4000,4335.6000,4335.8000,4347.0000,1,2,3,1,1,1,2,1,1,1
SF,IF2008,2020-07-03 09:30:21.100,4329.0000,7360,0,81756420.000,0,-,-,-,-,4329.6000,4329.4000,4329.2000,4329.0000,4326.0000,4332.8000,4334.4000,4335.6000,4335.8000,4347.0000,1,1,1,3,1,1,2,1,1,1
SF,IF2008,2020-07-03 09:30:21.600,4332.8000,7360,0,83056260.000,1,0,1,多换,S,4329.6000,4329.4000,4329.0000,4326.0000,4324.0000,4334.4000,4335.6000,4335.8000,4347.0000,4348.4000,4,1,3,1,1,2,1,1,1,1
SF,IF2008,2020-07-03 09:30:22.100,4332.8000,7360,0,83056260.000,0,-,-,-,-,4330.2000,4330.0000,4329.8000,4329.6000,4329.0000,4334.2000,4335.8000,4347.0000,4348.4000,4349.0000,1,1,1,4,3,2,1,1,1,1
SF,IF2008,2020-07-03 09:30:22.600,4332.8000,7360,0,83056260.000,0,-,-,-,-,4330.4000,4330.2000,4329.6000,4329.0000,4324.0000,4334.2000,4334.4000,4335.8000,4347.0000,4348.4000,1,1,2,3,1,2,2,1,1,1
SF,IF2008,2020-07-03 09:30:23.100,4332.8000,7360,0,83056260.000,0,-,-,-,-,4330.4000,4330.2000,4329.6000,4329.0000,4325.0000,4334.2000,4334.4000,4335.8000,4347.0000,4348.4000,2,1,2,3,5,2,1,1,1,1
SF,IF2008,2020-07-03 09:30:23.600,4332.8000,7360,0,83056260.000,0,-,-,-,-,4332.8000,4330.4000,4330.2000,4329.6000,4329.0000,4334.2000,4335.8000,4347.0000,4348.4000,4349.0000,1,2,1,1,3,2,1,1,1,1
SF,IF2008,2020-07-03 09:30:24.100,4332.8000,7358,-2,85655940.000,2,0,2,双平,S,4333.0000,4332.8000,4330.4000,4330.2000,4329.6000,4335.8000,4347.0000,4348.4000,4349.0000,4350.0000,1,1,2,1,1,1,1,1,1,20
SF,IF2008,2020-07-03 09:30:24.600,4332.8000,7358,0,85655940.000,0,-,-,-,-,4333.2000,4333.0000,4332.8000,4330.2000,4329.6000,4335.8000,4347.0000,4348.4000,4349.0000,4350.0000,1,2,1,1,1,1,1,1,1,20
SF,IF2008,2020-07-03 09:30:25.100,4332.8000,7358,0,85655940.000,0,-,-,-,-,4334.2000,4333.2000,4333.0000,4332.8000,4330.2000,4335.8000,4347.0000,4348.4000,4349.0000,4350.0000,2,2,1,1,1,1,1,1,1,20
SF,IF2008,2020-07-03 09:30:25.600,4332.8000,7358,0,85655940.000,0,-,-,-,-,4334.4000,4334.2000,4333.2000,4332.8000,4330.2000,4335.6000,4335.8000,4347.0000,4348.4000,4349.0000,1,2,1,1,1,1,1,1,1,1
SF,IF2008,2020-07-03 09:30:26.100,4335.8000,7357,-1,88257360.000,2,0,2,多平,S,4334.4000,4334.2000,4333.2000,4332.8000,4330.2000,4347.0000,4348.4000,4349.0000,4350.0000,4360.4000,1,2,1,1,1,1,1,1,20,10
SF,IF2008,2020-07-03 09:30:26.600,4335.8000,7357,0,88257360.000,0,-,-,-,-,4334.6000,4334.2000,4332.8000,4330.2000,4329.6000,4338.4000,4338.6000,4339.2000,4341.6000,4346.8000,1,2,1,1,1,2,2,1,1,2
SF,IF2008,2020-07-03 09:30:27.100,4335.8000,7357,0,88257360.000,0,-,-,-,-,4334.8000,4334.6000,4334.2000,4332.8000,4330.2000,4338.4000,4338.6000,4339.2000,4341.6000,4346.8000,1,2,2,1,1,1,2,1,1,2
SF,IF2008,2020-07-03 09:30:27.600,4335.8000,7357,0,88257360.000,0,-,-,-,-,4335.0000,4334.8000,4334.2000,4333.2000,4332.8000,4338.4000,4339.2000,4341.6000,4346.8000,4347.0000,1,2,2,1,1,1,1,1,2,2
SF,IF2008,2020-07-03 09:30:28.100,4335.8000,7357,0,88257360.000,0,-,-,-,-,4335.8000,4335.2000,4335.0000,4334.8000,4334.2000,4337.6000,4339.2000,4341.6000,4346.8000,4347.0000,15,1,1,2,2,3,1,1,2,2
SF,IF2008,2020-07-03 09:30:28.600,4335.8000,7355,-2,92159580.000,3,0,3,多平,S,4338.4000,4335.8000,4335.2000,4335.0000,4334.8000,4339.2000,4341.6000,4346.8000,4347.0000,4348.4000,1,14,1,1,1,1,1,2,2,1
SF,IF2008,2020-07-03 09:30:29.100,4338.4000,7355,0,93461100.000,1,0,1,多换,S,4335.8000,4335.2000,4335.0000,4333.2000,4332.8000,4338.2000,4339.2000,4341.6000,4346.8000,4347.0000,14,1,1,1,1,1,1,1,2,2
SF,IF2008,2020-07-03 09:30:29.600,4338.4000,7355,0,93461100.000,0,-,-,-,-,4336.0000,4335.8000,4333.2000,4332.8000,4329.6000,4339.2000,4341.6000,4346.8000,4347.0000,4348.4000,2,15,1,1,1,1,1,2,2,1
SF,IF2008,2020-07-03 09:30:30.100,4338.8000,7355,0,94762740.000,1,0,1,多换,S,4336.0000,4335.8000,4333.2000,4332.8000,4329.6000,4338.8000,4339.2000,4341.6000,4346.8000,4347.0000,2,14,1,1,1,2,1,1,2,2
SF,IF2008,2020-07-03 09:30:30.600,4338.8000,7355,0,94762740.000,0,-,-,-,-,4336.0000,4335.8000,4333.2000,4332.8000,4329.6000,4339.2000,4341.6000,4346.8000,4347.0000,4348.4000,2,14,1,1,1,1,1,2,2,1
SF,IF2008,2020-07-03 09:30:31.100,4338.8000,7355,0,94762740.000,0,-,-,-,-,4338.2000,4336.2000,4336.0000,4335.8000,4333.2000,4339.0000,4339.2000,4341.6000,4346.8000,4347.0000,3,1,1,14,1,1,1,1,2,2
SF,IF2008,2020-07-03 09:30:31.600,4338.2000,7353,-2,98667660.000,3,0,3,多平,S,4338.2000,4336.2000,4336.0000,4335.8000,4335.0000,4341.6000,4346.8000,4347.0000,4348.4000,4349.0000,2,1,1,14,1,1,2,2,1,1
SF,IF2008,2020-07-03 09:30:32.100,4338.2000,7353,0,101270580.000,2,1,1,多换,S,4338.4000,4338.0000,4335.8000,4335.0000,4333.2000,4340.8000,4341.4000,4341.6000,4341.8000,4346.8000,1,1,14,1,1,2,1,1,1,2
SF,IF2008,2020-07-03 09:30:32.600,4338.2000,7353,0,101270580.000,0,-,-,-,-,4338.4000,4338.0000,4335.8000,4335.0000,4333.2000,4341.4000,4341.6000,4341.8000,4346.8000,4347.0000,1,1,14,1,1,1,1,1,2,1
SF,IF2008,2020-07-03 09:30:33.100,4338.2000,7353,0,101270580.000,0,-,-,-,-,4338.4000,4338.0000,4335.8000,4335.0000,4333.2000,4341.0000,4341.4000,4341.6000,4341.8000,4346.8000,1,1,14,1,1,2,1,1,1,2
SF,IF2008,2020-07-03 09:30:33.600,4338.2000,7353,0,101270580.000,0,-,-,-,-,4338.6000,4338.4000,4338.0000,4335.8000,4335.0000,4341.6000,4341.8000,4346.8000,4347.0000,4348.4000,1,1,1,14,1,1,1,2,1,1
SF,IF2008,2020-07-03 09:30:34.100,4338.2000,7353,0,101270580.000,0,-,-,-,-,4338.8000,4338.6000,4338.0000,4335.8000,4335.0000,4341.6000,4346.8000,4347.0000,4348.4000,4349.0000,1,1,1,14,1,1,2,1,1,1
SF,IF2008,2020-07-03 09:30:34.600,4338.2000,7353,0,101270580.000,0,-,-,-,-,4338.8000,4338.6000,4338.0000,4335.8000,4335.4000,4341.4000,4341.6000,4346.8000,4347.0000,4348.4000,1,1,1,14,1,2,2,2,1,1
SF,IF2008,2020-07-03 09:30:35.100,4338.2000,7353,0,101270580.000,0,-,-,-,-,4338.8000,4338.6000,4338.0000,4335.8000,4335.4000,4341.2000,4341.6000,4346.8000,4347.0000,4348.4000,1,1,1,14,1,1,1,2,1,1
SF,IF2008,2020-07-03 09:30:35.600,4341.2000,7352,-1,102572940.000,1,0,1,双平,S,4338.8000,4338.0000,4335.8000,4335.4000,4335.0000,4341.6000,4346.8000,4347.0000,4348.4000,4349.0000,1,1,14,1,1,1,1,1,1,1
SF,IF2008,2020-07-03 09:30:36.100,4339.0000,7352,0,103874640.000,1,0,1,多换,S,4339.0000,4338.8000,4338.0000,4335.8000,4335.4000,4341.2000,4341.6000,4346.8000,4347.0000,4348.4000,1,1,1,14,1,2,1,1,1,1
SF,IF2008,2020-07-03 09:30:36.600,4339.0000,7352,0,103874640.000,0,-,-,-,-,4339.2000,4339.0000,4338.0000,4335.8000,4335.4000,4341.6000,4346.8000,4347.0000,4348.4000,4349.0000,1,2,1,14,1,1,1,1,1,1
SF,IF2008,2020-07-03 09:30:37.100,4339.0000,7352,0,103874640.000,0,-,-,-,-,4339.2000,4339.0000,4338.0000,4335.8000,4335.4000,4346.8000,4347.0000,4348.4000,4349.0000,4350.0000,2,1,1,14,1,1,1,1,1,20
SF,IF2008,2020-07-03 09:30:37.600,4339.0000,7352,0,103874640.000,0,-,-,-,-,4339.2000,4338.0000,4335.8000,4335.4000,4335.0000,4341.6000,4343.0000,4345.0000,4345.2000,4346.8000,1,1,14,1,1,1,2,1,1,1
SF,IF2008,2020-07-03 09:30:38.100,4339.0000,7352,0,103874640.000,0,-,-,-,-,4339.4000,4339.2000,4338.0000,4335.8000,4335.4000,4343.0000,4345.0000,4346.8000,4348.4000,4349.0000,1,2,1,14,1,2,1,1,1,1
SF,IF2008,2020-07-03 09:30:38.600,4339.0000,7352,0,103874640.000,0,-,-,-,-,4339.6000,4339.4000,4338.0000,4335.8000,4335.4000,4345.0000,4346.8000,4348.4000,4349.0000,4350.0000,1,2,1,14,1,1,1,1,1,20
SF,IF2008,2020-07-03 09:30:39.100,4342.8000,7353,1,106480320.000,2,1,1,空开,S,4343.0000,4339.6000,4339.4000,4338.0000,4335.8000,4343.4000,4348.4000,4349.0000,4350.0000,4360.4000,1,1,1,1,14,2,1,1,20,10
SF,IF2008,2020-07-03 09:30:39.600,4339.6000,7353,0,109085040.000,2,1,1,多换,S,4338.0000,4335.8000,4335.0000,4326.6000,4325.0000,4341.6000,4342.8000,4343.4000,4348.4000,4349.0000,1,14,1,3,5,1,6,2,1,1
SF,IF2008,2020-07-03 09:30:40.100,4341.4000,7352,-1,110387460.000,1,0,1,双平,S,4338.6000,4338.2000,4338.0000,4335.8000,4335.0000,4343.4000,4348.4000,4349.0000,4350.0000,4360.4000,1,2,2,14,1,2,1,1,20,10
SF,IF2008,2020-07-03 09:30:40.600,4343.4000,7352,0,112992960.000,2,1,1,多换,S,4338.8000,4338.6000,4338.2000,4338.0000,4335.8000,4343.4000,4348.4000,4349.0000,4350.0000,4360.4000,2,1,1,2,14,1,1,1,20,10
SF,IF2008,2020-07-03 09:30:41.100,4343.4000,7352,0,112992960.000,0,-,-,-,-,4339.6000,4339.2000,4339.0000,4338.8000,4338.6000,4343.4000,4346.0000,4348.4000,4349.0000,4350.0000,3,1,1,1,1,1,1,1,1,20
SF,IF2008,2020-07-03 09:30:41.600,4343.4000,7352,0,112992960.000,0,-,-,-,-,4340.6000,4339.8000,4339.6000,4339.0000,4338.6000,4343.4000,4346.0000,4348.4000,4349.0000,4350.0000,1,1,1,1,1,1,1,1,1,20
SF,IF2008,2020-07-03 09:30:42.100,4343.4000,7352,0,112992960.000,0,-,-,-,-,4340.8000,4340.6000,4339.6000,4339.0000,4338.0000,4343.4000,4346.0000,4348.4000,4349.0000,4350.0000,1,1,1,1,1,1,1,1,1,20
SF,IF2008,2020-07-03 09:30:42.600,4343.4000,7352,0,112992960.000,0,-,-,-,-,4340.8000,4340.6000,4339.6000,4338.0000,4337.8000,4343.4000,4346.0000,4348.4000,4349.0000,4350.0000,1,1,1,1,1,1,1,1,1,20
SF,IF2008,2020-07-03 09:30:43.100,4343.4000,7352,0,112992960.000,0,-,-,-,-,4341.6000,4341.2000,4340.8000,4338.0000,4337.8000,4346.0000,4348.4000,4349.0000,4350.0000,4360.4000,1,1,2,1,1,1,1,1,20,10
SF,IF2008,2020-07-03 09:30:43.600,4343.4000,7352,0,112992960.000,0,-,-,-,-,4341.8000,4341.6000,4341.2000,4338.0000,4337.8000,4343.4000,4345.4000,4345.8000,4346.0000,4348.4000,1,1,1,1,1,1,2,1,1,1
SF,IF2008,2020-07-03 09:30:44.100,4342.0000,7351,-1,114295560.000,1,0,1,双平,S,4341.2000,4338.0000,4337.8000,4335.0000,4326.6000,4345.4000,4345.8000,4346.0000,4348.4000,4349.0000,1,1,1,1,3,2,1,1,1,1
SF,IF2008,2020-07-03 09:30:44.600,4345.2000,7351,0,116902320.000,2,1,1,多换,S,4341.4000,4341.2000,4338.0000,4337.8000,4335.0000,4345.8000,4346.0000,4348.4000,4349.0000,4350.0000,1,1,1,1,1,1,1,1,1,20
SF,IF2008,2020-07-03 09:30:45.100,4345.2000,7351,0,116902320.000,0,-,-,-,-,4341.4000,4338.0000,4337.8000,4335.0000,4326.6000,4341.8000,4345.6000,4345.8000,4346.0000,4348.4000,1,1,1,1,3,1,2,1,1,1
SF,IF2008,2020-07-03 09:30:45.600,4341.6000,7350,-1,124717380.000,6,2,4,多平,S,4341.8000,4338.0000,4337.8000,4335.0000,4326.6000,4345.6000,4345.8000,4346.0000,4348.4000,4349.0000,2,1,1,1,3,2,1,1,1,1
SF,IF2008,2020-07-03 09:30:46.100,4345.4000,7347,-3,129929580.000,4,0,4,多平,S,4338.0000,4337.8000,4335.0000,4326.6000,4325.0000,4345.4000,4345.6000,4346.0000,4348.4000,4349.0000,1,1,1,3,5,1,2,1,1,1
SF,IF2008,2020-07-03 09:30:46.600,4345.4000,7347,0,129929580.000,0,-,-,-,-,4338.0000,4337.8000,4326.6000,4325.0000,4324.0000,4345.2000,4345.4000,4345.6000,4346.0000,4348.4000,1,1,3,5,1,1,1,2,1,1
SF,IF2008,2020-07-03 09:30:47.100,4345.4000,7347,0,129929580.000,0,-,-,-,-,4338.0000,4337.8000,4326.6000,4325.0000,4324.0000,4344.8000,4345.0000,4345.2000,4345.6000,4346.0000,1,1,3,5,1,3,1,2,2,1
SF,IF2008,2020-07-03 09:30:47.600,4345.2000,7347,0,133840260.000,3,1,2,多换,S,4338.0000,4326.6000,4325.0000,4324.0000,4320.0000,4344.2000,4344.6000,4344.8000,4345.6000,4346.0000,1,3,5,1,5,1,3,3,1,1
SF,IF2008,2020-07-03 09:30:48.100,4338.0000,7348,1,135141660.000,1,1,0,双开,S,4326.6000,4325.0000,4324.0000,4320.0000,4310.0000,4344.0000,4344.2000,4344.6000,4344.8000,4346.0000,3,5,1,5,3,3,1,2,3,1
SF,IF2008,2020-07-03 09:30:48.600,4338.0000,7348,0,135141660.000,0,-,-,-,-,4336.6000,4336.2000,4336.0000,4335.4000,4334.4000,4344.0000,4344.2000,4344.6000,4344.8000,4346.0000,1,1,1,3,3,3,1,2,3,1
SF,IF2008,2020-07-03 09:30:49.100,4338.0000,7348,0,135141660.000,0,-,-,-,-,4336.8000,4336.6000,4336.2000,4336.0000,4335.4000,4343.8000,4344.0000,4344.2000,4344.8000,4345.2000,2,1,1,1,3,1,2,1,1,5
SF,IF2008,2020-07-03 09:30:49.600,4343.4000,7349,1,137747700.000,2,1,1,空开,S,4336.8000,4336.6000,4336.2000,4336.0000,4335.4000,4342.6000,4343.4000,4343.6000,4343.8000,4344.0000,2,1,1,1,3,1,1,1,1,1
SF,IF2008,2020-07-03 09:30:50.100,4342.6000,7349,0,139050480.000,1,0,1,多换,S,4337.0000,4336.8000,4336.2000,4336.0000,4334.4000,4342.4000,4342.6000,4343.8000,4344.8000,4345.2000,1,2,1,1,3,1,1,1,1,5
SF,IF2008,2020-07-03 09:30:50.600,4342.4000,7348,-1,140353200.000,1,0,1,双平,S,4338.0000,4337.2000,4337.0000,4336.8000,4336.2000,4341.4000,4343.8000,4345.2000,4346.0000,4348.4000,1,1,1,2,1,1,1,5,1,1
SF,IF2008,2020-07-03 09:30:51.100,4341.4000,7349,1,142958040.000,2,1,1,空开,S,4341.4000,4338.4000,4338.2000,4337.2000,4337.0000,4343.8000,4345.2000,4346.0000,4348.4000,4349.0000,1,2,1,1,1,1,5,1,1,1
SF,IF2008,2020-07-03 09:30:51.600,4341.4000,7349,0,145562880.000,2,1,1,多换,S,4338.4000,4337.2000,4337.0000,4336.2000,4336.0000,4343.0000,4343.6000,4343.8000,4345.2000,4346.0000,2,1,1,1,1,1,1,1,5,1
SF,IF2008,2020-07-03 09:30:52.100,4338.6000,7349,0,146864460.000,1,0,1,多换,S,4338.4000,4337.0000,4336.2000,4336.0000,4334.4000,4342.8000,4343.0000,4345.2000,4346.0000,4348.4000,2,1,1,1,3,2,2,5,1,1
SF,IF2008,2020-07-03 09:30:52.600,4338.6000,7349,0,146864460.000,0,-,-,-,-,4342.4000,4339.2000,4337.0000,4336.2000,4336.0000,4342.8000,4343.0000,4345.2000,4346.0000,4348.4000,1,2,1,1,1,2,1,5,1,1
SF,IF2008,2020-07-03 09:30:53.100,4342.2000,7350,1,150772440.000,3,2,1,空开,S,4337.0000,4336.2000,4336.0000,4334.4000,4334.2000,4342.2000,4342.4000,4342.8000,4343.0000,4345.2000,1,1,1,3,1,1,1,1,1,5
SF,IF2008,2020-07-03 09:30:53.600,4342.2000,7350,0,150772440.000,0,-,-,-,-,4338.2000,4337.0000,4336.2000,4336.0000,4334.4000,4342.0000,4342.8000,4345.2000,4346.0000,4348.4000,1,1,1,1,3,2,1,5,1,1
SF,IF2008,2020-07-03 09:30:54.100,4342.2000,7350,0,150772440.000,0,-,-,-,-,4338.2000,4337.0000,4336.2000,4336.0000,4334.4000,4341.4000,4341.8000,4342.0000,4342.8000,4345.2000,1,1,1,1,3,1,1,2,1,5
SF,IF2008,2020-07-03 09:30:54.600,4342.2000,7350,0,154680420.000,3,1,2,多换,S,4338.4000,4338.2000,4337.0000,4336.2000,4336.0000,4342.0000,4342.8000,4345.2000,4346.0000,4348.4000,2,1,1,1,1,1,1,5,1,1
SF,IF2008,2020-07-03 09:30:55.100,4342.2000,7350,0,154680420.000,0,-,-,-,-,4339.8000,4338.4000,4338.2000,4337.0000,4336.2000,4342.0000,4342.8000,4346.0000,4348.4000,4349.0000,1,2,1,1,1,1,1,1,1,1
SF,IF2008,2020-07-03 09:30:55.600,4339.8000,7349,-1,157284360.000,2,0,2,多平,S,4339.6000,4338.4000,4338.2000,4337.0000,4336.2000,4341.8000,4342.0000,4342.8000,4346.0000,4348.4000,1,1,1,1,1,1,2,1,1,1
SF,IF2008,2020-07-03 09:30:56.100,4341.6000,7348,-1,161191200.000,3,1,2,多平,S,4338.4000,4338.2000,4337.0000,4336.2000,4336.0000,4341.8000,4342.0000,4342.8000,4346.0000,4348.4000,1,1,1,1,1,1,1,1,1,1
SF,IF2008,2020-07-03 09:30:56.600,4341.6000,7348,0,161191200.000,0,-,-,-,-,4338.6000,4338.4000,4338.2000,4337.0000,4336.2000,4341.8000,4342.0000,4342.8000,4346.0000,4348.4000,1,2,1,1,1,1,1,1,1,1
SF,IF2008,2020-07-03 09:30:57.100,4338.6000,7347,-1,162492780.000,1,0,1,双平,S,4338.4000,4338.2000,4337.0000,4336.2000,4336.0000,4341.8000,4342.8000,4346.0000,4348.4000,4349.0000,2,1,1,1,1,2,1,1,1,1
SF,IF2008,2020-07-03 09:30:58.100,4338.6000,7347,0,162492780.000,0,-,-,-,-,4338.4000,4338.2000,4337.0000,4336.2000,4336.0000,4341.8000,4342.8000,4346.0000,4348.4000,4349.0000,2,1,1,1,1,1,1,1,1,1
SF,IF2008,2020-07-03 09:30:58.600,4341.8000,7347,0,163795320.000,1,0,1,多换,S,4338.6000,4338.4000,4338.2000,4337.0000,4336.2000,4341.8000,4342.8000,4346.0000,4348.4000,4349.0000,2,2,1,1,1,1,1,1,1,1
SF,IF2008,2020-07-03 09:30:59.100,4341.8000,7347,0,163795320.000,0,-,-,-,-,4340.0000,4338.6000,4338.4000,4338.2000,4337.0000,4341.6000,4341.8000,4342.8000,4346.0000,4348.4000,2,2,2,1,1,1,1,1,1,1
SF,IF2008,2020-07-03 09:30:59.600,4341.6000,7345,-2,170306100.000,5,1,4,多平,S,4338.6000,4338.4000,4338.2000,4337.0000,4336.2000,4341.6000,4342.8000,4346.0000,4348.4000,4349.0000,1,1,1,1,1,1,1,1,1,1
SF,IF2008,2020-07-03 09:31:00.100,4338.6000,7344,-1,171607680.000,1,0,1,双平,S,4339.2000,4338.4000,4338.2000,4337.0000,4336.2000,4341.4000,4341.6000,4342.8000,4346.0000,4348.4000,2,1,1,1,1,1,1,1,1,1
SF,IF2008,2020-07-03 09:31:00.600,4339.2000,7342,-2,174211200.000,2,0,2,双平,S,4338.4000,4338.2000,4336.2000,4336.0000,4335.0000,4338.6000,4339.0000,4341.4000,4342.8000,4346.0000,1,1,1,1,1,1,1,1,1,1
SF,IF2008,2020-07-03 09:31:01.100,4338.6000,7343,1,179417700.000,4,2,2,空开,S,4338.6000,4338.4000,4338.2000,4336.2000,4336.0000,4341.4000,4342.8000,4346.0000,4348.4000,4349.0000,2,1,1,1,1,1,1,1,1,1
SF,IF2008,2020-07-03 09:31:01.600,4341.4000,7342,-1,183324480.000,3,1,2,多平,S,4338.8000,4338.4000,4338.2000,4336.2000,4336.0000,4342.8000,4346.0000,4348.4000,4349.0000,4349.2000,1,1,1,1,1,1,1,1,1,1
SF,IF2008,2020-07-03 09:31:02.100,4341.4000,7342,0,183324480.000,0,-,-,-,-,4338.8000,4338.4000,4338.2000,4336.2000,4336.0000,4342.6000,4342.8000,4346.0000,4348.4000,4349.0000,2,1,1,1,1,2,1,1,1,1
SF,IF2008,2020-07-03 09:31:02.600,4340.8000,7341,-1,184626720.000,1,0,1,双平,S,4341.4000,4338.8000,4338.4000,4338.2000,4336.2000,4342.0000,4342.6000,4342.8000,4346.0000,4348.4000,2,1,1,1,1,1,2,1,1,1
SF,IF2008,2020-07-03 09:31:03.100,4341.4000,7342,1,187231560.000,2,1,1,空开,S,4338.8000,4338.4000,4338.2000,4336.2000,4336.0000,4341.2000,4341.4000,4342.0000,4342.6000,4342.8000,1,1,1,1,1,1,1,1,1,1
SF,IF2008,2020-07-03 09:31:03.600,4341.0000,7342,0,189835500.000,2,1,1,多换,S,4339.0000,4338.4000,4338.2000,4336.2000,4336.0000,4342.0000,4342.6000,4342.8000,4346.0000,4348.4000,1,1,1,1,1,1,3,1,1,1
SF,IF2008,2020-07-03 09:31:04.100,4339.0000,7341,-1,191137200.000,1,0,1,双平,S,4338.4000,4338.2000,4336.2000,4336.0000,4335.0000,4341.8000,4342.0000,4342.6000,4342.8000,4346.0000,1,1,1,1,1,3,1,1,1,1
SF,IF2008,2020-07-03 09:31:05.100,4339.0000,7341,0,191137200.000,0,-,-,-,-,4338.8000,4338.4000,4335.0000,4334.4000,4326.8000,4341.6000,4341.8000,4342.0000,4342.6000,4346.0000,2,1,1,4,2,1,3,1,1,1
SF,IF2008,2020-07-03 09:31:05.600,4338.8000,7341,0,193740540.000,2,1,1,多换,S,4338.4000,4335.0000,4334.4000,4326.8000,4326.6000,4341.4000,4341.6000,4341.8000,4342.0000,4346.0000,1,1,4,2,4,1,1,1,1,1
SF,IF2008,2020-07-03 09:31:06.100,4338.8000,7341,0,193740540.000,0,-,-,-,-,4338.4000,4335.0000,4334.4000,4326.8000,4326.6000,4340.2000,4341.2000,4341.4000,4341.6000,4341.8000,1,1,4,2,4,1,1,1,1,1
SF,IF2008,2020-07-03 09:31:06.600,4338.8000,7341,0,193740540.000,0,-,-,-,-,4338.4000,4335.0000,4334.4000,4326.8000,4326.6000,4340.2000,4341.4000,4342.0000,4346.0000,4348.4000,1,1,4,2,4,1,1,1,1,1
SF,IF2008,2020-07-03 09:31:07.100,4338.8000,7341,0,193740540.000,0,-,-,-,-,4338.6000,4338.4000,4335.0000,4334.4000,4326.8000,4340.2000,4341.4000,4342.0000,4346.0000,4348.4000,1,1,1,4,2,1,1,1,1,1
SF,IF2008,2020-07-03 09:31:08.100,4340.2000,7342,1,195042600.000,1,1,0,双开,S,4339.4000,4338.6000,4338.4000,4335.0000,4334.4000,4340.2000,4341.4000,4342.0000,4346.0000,4348.4000,1,1,1,1,4,1,1,1,1,1
SF,IF2008,2020-07-03 09:31:08.600,4339.4000,7341,-1,196344420.000,1,0,1,双平,S,4338.4000,4335.0000,4334.4000,4326.8000,4326.6000,4340.2000,4341.4000,4342.0000,4346.0000,4348.4000,1,1,4,2,4,1,1,1,1,1
SF,IF2008,2020-07-03 09:31:09.100,4338.4000,7340,-1,197645940.000,1,0,1,双平,S,4340.2000,4336.8000,4335.0000,4334.4000,4326.8000,4341.4000,4342.0000,4346.0000,4348.4000,4349.0000,1,1,1,4,2,1,1,1,1,1
SF,IF2008,2020-07-03 09:31:09.600,4340.0000,7340,0,198947940.000,1,0,1,多换,S,4336.8000,4335.0000,4334.4000,4326.8000,4326.6000,4340.0000,4341.2000,4342.0000,4346.0000,4348.4000,1,1,4,2,4,1,2,1,1,1
SF,IF2008,2020-07-03 09:31:10.100,4340.0000,7340,0,198947940.000,0,-,-,-,-,4336.8000,4335.0000,4334.4000,4326.8000,4326.6000,4339.8000,4341.2000,4342.0000,4346.0000,4348.4000,1,1,3,2,4,1,2,1,1,1
SF,IF2008,2020-07-03 09:31:10.600,4340.0000,7339,-1,200249940.000,1,0,1,双平,S,4338.2000,4337.0000,4336.8000,4335.0000,4334.4000,4341.0000,4341.2000,4342.0000,4346.0000,4348.4000,1,2,2,1,3,1,1,1,1,1
SF,IF2008,2020-07-03 09:31:11.100,4340.0000,7339,0,200249940.000,0,-,-,-,-,4338.4000,4338.2000,4337.0000,4336.8000,4335.0000,4341.0000,4341.2000,4342.0000,4346.0000,4348.4000,1,1,1,1,1,1,1,1,1,1
SF,IF2008,2020-07-03 09:31:11.600,4340.0000,7339,0,200249940.000,0,-,-,-,-,4338.4000,4338.2000,4337.0000,4336.8000,4335.0000,4341.0000,4342.0000,4346.0000,4348.4000,4349.0000,1,1,1,1,1,2,1,1,1,1
SF,IF2008,2020-07-03 09:31:12.100,4340.0000,7339,0,200249940.000,0,-,-,-,-,4339.2000,4338.4000,4337.0000,4336.8000,4335.0000,4341.0000,4342.0000,4346.0000,4348.4000,4349.0000,1,1,1,1,1,2,1,1,1,1
SF,IF2008,2020-07-03 09:31:12.600,4338.4000,7338,-1,202853220.000,2,0,2,多平,S,4337.0000,4336.8000,4335.0000,4326.8000,4326.6000,4339.2000,4340.4000,4340.8000,4341.0000,4342.0000,1,1,1,2,4,2,1,1,2,1
SF,IF2008,2020-07-03 09:31:13.100,4337.0000,7338,0,204154320.000,1,0,1,多换,S,4336.8000,4335.0000,4326.8000,4326.6000,4325.0000,4339.0000,4340.4000,4340.8000,4341.0000,4342.0000,1,1,2,4,5,1,1,1,1,1
SF,IF2008,2020-07-03 09:31:13.600,4339.0000,7338,0,205456020.000,1,0,1,多换,S,4338.0000,4337.0000,4336.8000,4335.0000,4326.8000,4340.4000,4340.8000,4341.0000,4342.0000,4346.0000,1,1,1,1,2,1,1,1,1,1
SF,IF2008,2020-07-03 09:31:14.100,4338.2000,7337,-1,206757480.000,1,0,1,双平,S,4336.8000,4335.0000,4326.8000,4326.6000,4325.0000,4340.2000,4340.4000,4341.0000,4346.0000,4348.4000,1,1,2,4,5,1,1,1,1,1
SF,IF2008,2020-07-03 09:31:14.600,4338.2000,7337,0,206757480.000,0,-,-,-,-,4335.0000,4326.8000,4326.6000,4325.0000,4324.0000,4340.2000,4340.4000,4341.0000,4346.0000,4348.4000,1,2,4,5,1,1,1,1,1,1
SF,IF2008,2020-07-03 09:31:15.100,4338.2000,7337,0,206757480.000,0,-,-,-,-,4335.0000,4326.8000,4326.6000,4325.0000,4324.0000,4340.0000,4340.2000,4340.4000,4341.0000,4346.0000,1,2,4,5,1,1,1,1,1,1
SF,IF2008,2020-07-03 09:31:15.600,4337.0000,7338,1,208058580.000,1,1,0,双开,S,4336.0000,4335.0000,4326.8000,4326.6000,4325.0000,4339.8000,4340.0000,4340.4000,4340.6000,4341.0000,1,1,2,4,5,1,1,1,1,1
SF,IF2008,2020-07-03 09:31:16.600,4336.0000,7337,-1,209359380.000,1,0,1,双平,S,4335.0000,4326.8000,4326.6000,4325.0000,4324.0000,4339.8000,4340.4000,4340.6000,4341.0000,4346.0000,1,2,4,5,1,1,1,1,1,1
SF,IF2008,2020-07-03 09:31:17.100,4336.0000,7337,0,209359380.000,0,-,-,-,-,4335.0000,4326.8000,4326.6000,4325.0000,4324.0000,4339.8000,4340.4000,4340.6000,4341.0000,4346.0000,2,2,4,5,1,1,1,1,1,1
SF,IF2008,2020-07-03 09:31:17.600,4336.0000,7337,0,209359380.000,0,-,-,-,-,4336.2000,4335.0000,4326.8000,4326.6000,4325.0000,4339.6000,4339.8000,4340.4000,4340.6000,4341.0000,1,1,2,4,5,1,1,1,1,1
SF,IF2008,2020-07-03 09:31:18.100,4336.2000,7337,0,210660240.000,1,0,1,多换,S,4335.0000,4326.8000,4326.6000,4325.0000,4324.0000,4339.4000,4339.6000,4340.6000,4341.0000,4346.0000,1,2,4,5,1,1,1,1,1,1
SF,IF2008,2020-07-03 09:31:18.600,4339.2000,7337,0,213263760.000,2,1,1,多换,S,4335.0000,4326.8000,4326.6000,4325.0000,4324.0000,4339.4000,4340.6000,4341.0000,4346.0000,4349.0000,2,2,4,5,1,1,1,1,1,1
SF,IF2008,2020-07-03 09:31:19.100,4339.2000,7337,0,213263760.000,0,-,-,-,-,4337.2000,4335.0000,4326.8000,4326.6000,4325.0000,4339.4000,4340.6000,4341.0000,4346.0000,4349.0000,1,2,2,4,5,1,1,1,1,1
SF,IF2008,2020-07-03 09:31:19.600,4339.2000,7336,-1,214565520.000,1,0,1,双平,S,4335.0000,4326.8000,4326.6000,4325.0000,4324.0000,4339.0000,4339.4000,4340.6000,4341.0000,4346.0000,1,2,4,5,1,1,1,1,1,1
SF,IF2008,2020-07-03 09:31:20.100,4339.2000,7336,0,214565520.000,0,-,-,-,-,4335.0000,4326.8000,4326.6000,4325.0000,4324.0000,4338.8000,4339.0000,4340.6000,4341.0000,4346.0000,1,2,4,5,1,1,1,1,1,1
SF,IF2008,2020-07-03 09:31:20.600,4339.2000,7336,0,214565520.000,0,-,-,-,-,4335.2000,4335.0000,4326.8000,4326.6000,4325.0000,4338.8000,4339.0000,4340.6000,4346.0000,4349.0000,1,1,2,4,5,1,1,1,1,1
SF,IF2008,2020-07-03 09:31:21.100,4339.2000,7336,0,214565520.000,0,-,-,-,-,4335.2000,4335.0000,4326.8000,4326.6000,4325.0000,4338.8000,4339.0000,4340.6000,4346.0000,4349.0000,1,1,2,4,5,1,1,1,1,1
SF,IF2008,2020-07-03 09:31:21.600,4339.2000,7336,0,214565520.000,0,-,-,-,-,4335.2000,4335.0000,4326.8000,4326.6000,4325.0000,4338.8000,4339.0000,4340.6000,4346.0000,4349.0000,1,1,2,4,5,1,1,1,1,1
SF,IF2008,2020-07-03 09:31:22.100,4335.2000,7336,0,215866080.000,1,0,1,多换,S,4335.0000,4326.8000,4326.6000,4325.0000,4324.0000,4338.8000,4339.0000,4340.6000,4349.0000,4349.2000,1,2,4,5,1,1,1,1,1,1
SF,IF2008,2020-07-03 09:31:22.600,4335.2000,7336,0,215866080.000,0,-,-,-,-,4335.0000,4326.8000,4326.6000,4325.0000,4324.0000,4338.6000,4338.8000,4339.0000,4340.6000,4349.0000,1,2,4,5,1,1,1,1,1,1
SF,IF2008,2020-07-03 09:31:23.100,4335.2000,7336,0,215866080.000,0,-,-,-,-,4335.2000,4335.0000,4326.8000,4326.6000,4325.0000,4338.4000,4338.6000,4339.0000,4340.6000,4349.0000,1,1,2,4,5,1,1,1,1,1
SF,IF2008,2020-07-03 09:31:23.600,4335.2000,7335,-1,217166640.000,1,0,1,双平,S,4335.0000,4326.8000,4326.6000,4325.0000,4324.0000,4338.2000,4338.4000,4338.6000,4339.0000,4340.6000,1,2,4,5,1,1,2,1,1,1
SF,IF2008,2020-07-03 09:31:24.100,4335.0000,7335,0,218467140.000,1,0,1,多换,S,4326.8000,4326.6000,4325.0000,4324.0000,4321.6000,4338.0000,4338.2000,4338.6000,4339.0000,4340.6000,2,4,5,1,5,1,2,1,1,1
SF,IF2008,2020-07-03 09:31:24.600,4335.0000,7335,0,218467140.000,0,-,-,-,-,4332.4000,4330.2000,4329.6000,4329.4000,4329.0000,4338.0000,4338.2000,4338.6000,4340.6000,4349.0000,1,1,3,1,2,2,1,1,1,1
SF,IF2008,2020-07-03 09:31:25.100,4335.0000,7335,0,218467140.000,0,-,-,-,-,4330.2000,4329.6000,4329.4000,4329.0000,4328.8000,4338.0000,4338.2000,4340.0000,4340.6000,4349.0000,1,3,1,2,1,2,1,1,1,1
SF,IF2008,2020-07-03 09:31:25.600,4335.0000,7335,0,218467140.000,0,-,-,-,-,4330.4000,4330.2000,4329.6000,4329.4000,4329.0000,4338.0000,4338.6000,4340.0000,4340.6000,4349.0000,1,1,3,1,2,1,1,1,1,1
SF,IF2008,2020-07-03 09:31:26.100,4335.0000,7335,0,218467140.000,0,-,-,-,-,4331.2000,4330.6000,4330.4000,4330.2000,4329.6000,4338.0000,4338.6000,4340.0000,4340.6000,4349.0000,1,1,1,1,3,1,1,1,1,1
SF,IF2008,2020-07-03 09:31:26.600,4331.4000,7337,2,221065980.000,2,2,0,双开,S,4331.4000,4331.2000,4330.2000,4329.6000,4329.0000,4338.0000,4338.6000,4340.0000,4340.6000,4349.0000,1,1,1,3,2,1,1,1,1,1
SF,IF2008,2020-07-03 09:31:27.100,4331.4000,7337,0,221065980.000,0,-,-,-,-,4331.6000,4331.4000,4331.2000,4330.2000,4329.6000,4337.8000,4338.0000,4338.6000,4340.0000,4340.6000,2,1,1,1,3,1,1,1,1,1
SF,IF2008,2020-07-03 09:31:27.600,4337.8000,7337,0,222367320.000,1,0,1,多换,S,4333.6000,4331.8000,4331.6000,4331.2000,4330.2000,4338.0000,4338.6000,4340.0000,4340.6000,4349.0000,1,2,2,1,1,1,1,1,1,1
SF,IF2008,2020-07-03 09:31:28.100,4337.8000,7337,0,222367320.000,0,-,-,-,-,4333.8000,4333.6000,4331.6000,4331.2000,4330.2000,4338.0000,4338.6000,4340.0000,4340.6000,4349.0000,1,1,2,1,1,1,1,1,1,1
SF,IF2008,2020-07-03 09:31:29.100,4338.0000,7337,0,223668720.000,1,0,1,多换,S,4333.8000,4333.6000,4331.6000,4331.2000,4330.2000,4338.6000,4340.0000,4340.6000,4349.0000,4349.2000,1,1,2,1,1,1,1,1,1,1
SF,IF2008,2020-07-03 09:31:29.600,4338.0000,7337,0,223668720.000,0,-,-,-,-,4335.0000,4333.8000,4331.6000,4331.2000,4330.2000,4338.6000,4340.0000,4340.6000,4349.0000,4349.2000,1,1,2,1,1,1,1,1,1,1
SF,IF2008,2020-07-03 09:31:30.100,4338.0000,7337,0,223668720.000,0,-,-,-,-,4336.8000,4335.2000,4335.0000,4331.2000,4330.2000,4338.6000,4340.0000,4340.6000,4349.0000,4349.2000,1,1,1,1,1,1,1,1,1,1
SF,IF2008,2020-07-03 09:31:30.600,4336.8000,7336,-1,224969760.000,1,0,1,双平,S,4335.2000,4335.0000,4331.2000,4330.2000,4329.6000,4338.2000,4338.6000,4340.0000,4340.6000,4349.0000,1,1,1,1,2,1,1,1,1,1
SF,IF2008,2020-07-03 09:31:31.600,4335.2000,7336,0,226270320.000,1,0,1,多换,S,4335.0000,4331.2000,4330.2000,4329.6000,4329.0000,4338.0000,4338.2000,4338.6000,4340.0000,4340.6000,1,2,1,2,2,1,1,1,1,1
SF,IF2008,2020-07-03 09:31:32.100,4336.8000,7336,0,227571360.000,1,0,1,多换,S,4335.0000,4331.2000,4330.2000,4329.6000,4329.0000,4336.8000,4338.0000,4338.2000,4338.6000,4340.0000,2,2,1,2,2,2,1,1,1,1
SF,IF2008,2020-07-03 09:31:32.600,4336.8000,7334,-2,230173440.000,2,0,2,双平,S,4335.0000,4331.2000,4330.2000,4329.6000,4329.0000,4338.0000,4338.6000,4340.0000,4340.6000,4349.0000,1,2,1,2,2,2,1,1,1,1
SF,IF2008,2020-07-03 09:31:33.100,4336.8000,7334,0,230173440.000,0,-,-,-,-,4335.6000,4335.0000,4331.2000,4330.2000,4329.6000,4338.0000,4338.6000,4340.0000,4340.6000,4349.0000,1,1,1,1,2,2,1,1,1,1
SF,IF2008,2020-07-03 09:31:33.600,4338.0000,7334,0,231474840.000,1,0,1,多换,S,4335.8000,4335.6000,4331.2000,4330.2000,4329.6000,4338.0000,4338.6000,4340.0000,4340.6000,4349.0000,1,1,1,1,2,1,1,1,1,1
SF,IF2008,2020-07-03 09:31:34.100,4338.0000,7334,0,231474840.000,0,-,-,-,-,4335.8000,4335.6000,4334.2000,4331.2000,4329.6000,4338.0000,4338.6000,4340.0000,4340.6000,4349.0000,2,1,1,1,1,1,1,1,1,1
SF,IF2008,2020-07-03 09:31:34.600,4338.0000,7334,0,232776240.000,1,0,1,多换,S,4335.8000,4335.6000,4334.2000,4331.2000,4329.6000,4338.6000,4340.0000,4340.6000,4349.0000,4349.2000,2,1,1,1,1,1,1,1,1,1
SF,IF2008,2020-07-03 09:31:35.100,4335.8000,7334,0,234076980.000,1,0,1,多换,S,4336.2000,4334.2000,4331.2000,4329.6000,4329.0000,4338.4000,4338.6000,4340.0000,4340.6000,4349.0000,1,1,1,1,2,1,1,1,1,1
SF,IF2008,2020-07-03 09:31:35.600,4335.8000,7334,0,234076980.000,0,-,-,-,-,4336.2000,4334.2000,4331.2000,4329.6000,4329.0000,4338.4000,4338.6000,4340.6000,4349.0000,4349.2000,2,1,1,1,2,1,1,1,1,1
SF,IF2008,2020-07-03 09:31:36.100,4335.8000,7334,0,234076980.000,0,-,-,-,-,4336.2000,4334.2000,4331.2000,4329.6000,4329.0000,4338.2000,4338.4000,4338.6000,4340.6000,4349.0000,1,1,1,1,2,1,1,1,1,1
SF,IF2008,2020-07-03 09:31:36.600,4335.8000,7334,0,234076980.000,0,-,-,-,-,4336.2000,4331.2000,4329.6000,4329.0000,4328.8000,4338.2000,4338.4000,4338.6000,4340.6000,4349.0000,1,1,1,2,1,2,1,1,1,1
SF,IF2008,2020-07-03 09:31:38.100,4335.8000,7334,0,234076980.000,0,-,-,-,-,4331.2000,4329.6000,4329.0000,4328.8000,4328.2000,4338.2000,4338.4000,4338.6000,4340.6000,4349.0000,1,1,2,1,3,2,1,1,1,1
SF,IF2008,2020-07-03 09:31:38.600,4335.8000,7334,0,234076980.000,0,-,-,-,-,4334.4000,4333.0000,4332.8000,4331.8000,4331.6000,4338.0000,4338.6000,4340.6000,4349.0000,4349.2000,3,1,1,2,1,1,1,1,1,1
SF,IF2008,2020-07-03 09:31:39.100,4335.8000,7334,0,234076980.000,0,-,-,-,-,4332.8000,4331.4000,4331.2000,4329.6000,4326.8000,4338.0000,4338.6000,4340.6000,4349.0000,4349.2000,1,1,1,1,2,1,1,1,1,1
SF,IF2008,2020-07-03 09:31:39.600,4335.8000,7334,0,234076980.000,0,-,-,-,-,4335.6000,4334.4000,4332.8000,4331.2000,4329.6000,4338.0000,4338.6000,4340.6000,4349.0000,4349.2000,1,1,2,1,1,1,1,1,1,1
SF,IF2008,2020-07-03 09:31:40.100,4338.0000,7334,0,235378380.000,1,0,1,多换,S,4335.8000,4335.6000,4334.4000,4333.6000,4332.8000,4338.0000,4338.6000,4340.6000,4349.0000,4349.2000,1,1,1,1,2,1,1,1,1,1
SF,IF2008,2020-07-03 09:31:40.600,4338.0000,7334,0,236679780.000,1,0,1,多换,S,4338.0000,4335.8000,4335.6000,4334.4000,4333.6000,4338.6000,4340.6000,4349.0000,4349.2000,4350.0000,1,1,1,1,1,1,1,1,1,22
SF,IF2008,2020-07-03 09:31:41.100,4338.0000,7333,-1,240584100.000,3,1,2,多平,S,4336.2000,4335.8000,4334.4000,4333.6000,4332.8000,4338.4000,4338.6000,4340.6000,4349.0000,4349.2000,1,1,1,1,1,1,1,1,1,1
SF,IF2008,2020-07-03 09:31:41.600,4338.4000,7332,-1,241885620.000,1,0,1,双平,S,4336.4000,4336.2000,4334.4000,4333.6000,4332.8000,4338.6000,4340.6000,4349.0000,4349.2000,4350.0000,1,2,1,1,1,1,1,1,1,22
SF,IF2008,2020-07-03 09:31:42.100,4338.4000,7332,0,241885620.000,0,-,-,-,-,4336.4000,4336.2000,4334.4000,4333.6000,4332.8000,4338.6000,4340.6000,4349.0000,4349.2000,4350.0000,1,2,1,1,1,1,1,1,1,22
SF,IF2008,2020-07-03 09:31:42.600,4338.4000,7332,0,241885620.000,0,-,-,-,-,4338.4000,4336.6000,4336.4000,4336.2000,4334.4000,4338.6000,4340.6000,4349.0000,4349.2000,4350.0000,1,1,1,1,1,1,1,1,1,22
SF,IF2008,2020-07-03 09:31:43.100,4338.6000,7332,0,244488720.000,2,1,1,多换,S,4336.6000,4336.4000,4334.4000,4333.6000,4332.8000,4340.6000,4349.0000,4349.2000,4350.0000,4358.6000,1,1,1,1,1,1,1,1,22,1
SF,IF2008,2020-07-03 09:31:43.600,4338.6000,7332,0,244488720.000,0,-,-,-,-,4336.8000,4336.6000,4334.4000,4333.6000,4332.8000,4340.6000,4349.0000,4349.2000,4350.0000,4358.6000,1,1,1,1,1,2,1,1,22,1
SF,IF2008,2020-07-03 09:31:44.100,4338.6000,7332,0,244488720.000,0,-,-,-,-,4337.0000,4336.8000,4336.6000,4334.4000,4333.6000,4340.4000,4340.6000,4349.0000,4349.2000,4350.0000,2,1,1,1,1,1,2,1,1,22
SF,IF2008,2020-07-03 09:31:44.600,4338.6000,7332,0,244488720.000,0,-,-,-,-,4338.0000,4337.2000,4337.0000,4336.6000,4334.4000,4340.4000,4340.6000,4349.0000,4349.2000,4350.0000,5,2,2,1,1,2,1,1,1,22
SF,IF2008,2020-07-03 09:31:45.100,4338.0000,7331,-1,247091580.000,2,0,2,多平,S,4338.0000,4337.2000,4337.0000,4336.6000,4334.4000,4340.2000,4340.4000,4340.6000,4349.0000,4349.2000,4,1,2,1,1,1,2,1,1,1
SF,IF2008,2020-07-03 09:31:45.600,4338.0000,7331,0,248392980.000,1,0,1,多换,S,4338.0000,4337.2000,4337.0000,4336.6000,4334.4000,4340.2000,4340.4000,4340.6000,4349.0000,4349.2000,3,1,2,1,1,2,1,1,1,1
SF,IF2008,2020-07-03 09:31:46.100,4338.0000,7332,1,249694380.000,1,1,0,双开,S,4338.0000,4337.2000,4337.0000,4336.6000,4334.4000,4340.2000,4340.4000,4340.6000,4349.0000,4349.2000,2,1,2,1,1,2,1,1,1,1
SF,IF2008,2020-07-03 09:31:46.600,4338.0000,7332,0,250995780.000,1,0,1,多换,S,4339.2000,4338.0000,4337.2000,4337.0000,4336.6000,4340.2000,4340.4000,4340.6000,4349.0000,4349.2000,1,1,1,2,1,2,1,1,1,1
SF,IF2008,2020-07-03 09:31:47.100,4338.6000,7331,-1,252297360.000,1,0,1,双平,S,4338.0000,4337.0000,4336.6000,4332.8000,4329.6000,4339.0000,4340.4000,4340.6000,4340.8000,4349.0000,1,2,1,1,1,1,1,1,1,1
SF,IF2008,2020-07-03 09:31:47.600,4338.6000,7331,0,252297360.000,0,-,-,-,-,4338.0000,4337.0000,4336.6000,4332.8000,4329.6000,4340.4000,4340.6000,4340.8000,4349.0000,4349.2000,1,2,1,1,1,1,1,1,1,1
SF,IF2008,2020-07-03 09:31:48.100,4338.6000,7331,0,252297360.000,0,-,-,-,-,4338.0000,4337.0000,4336.6000,4334.4000,4332.8000,4340.2000,4340.4000,4340.6000,4340.8000,4349.0000,1,2,1,1,1,1,2,1,1,1
SF,IF2008,2020-07-03 09:31:48.600,4338.0000,7331,0,253598760.000,1,0,1,多换,S,4337.0000,4336.6000,4334.4000,4332.8000,4332.0000,4340.2000,4340.6000,4340.8000,4349.0000,4349.2000,2,1,1,1,1,2,1,1,1,1
SF,IF2008,2020-07-03 09:31:49.100,4337.0000,7332,1,254899860.000,1,1,0,双开,S,4337.0000,4336.6000,4334.4000,4332.8000,4332.0000,4339.4000,4340.2000,4340.6000,4340.8000,4349.0000,1,1,1,1,1,1,2,1,1,1
SF,IF2008,2020-07-03 09:31:49.600,4337.0000,7332,0,254899860.000,0,-,-,-,-,4337.0000,4336.6000,4334.4000,4332.8000,4329.6000,4339.2000,4339.4000,4340.6000,4340.8000,4349.0000,1,1,1,1,1,1,2,1,1,1
SF,IF2008,2020-07-03 09:31:50.100,4337.0000,7332,0,256200960.000,1,0,1,多换,S,4336.6000,4334.4000,4332.8000,4329.6000,4326.8000,4339.2000,4339.4000,4340.6000,4340.8000,4349.0000,1,1,1,1,1,2,1,1,1,1
SF,IF2008,2020-07-03 09:31:51.600,4336.6000,7332,0,257501940.000,1,0,1,多换,S,4334.4000,4329.6000,4326.8000,4326.6000,4325.0000,4336.6000,4339.2000,4339.4000,4340.6000,4340.8000,1,1,1,3,5,5,2,1,1,1
SF,IF2008,2020-07-03 09:31:52.100,4336.6000,7332,0,257501940.000,0,-,-,-,-,4335.6000,4329.6000,4326.8000,4326.6000,4325.0000,4336.4000,4336.6000,4339.4000,4340.6000,4340.8000,1,1,1,3,5,2,5,1,1,1
SF,IF2008,2020-07-03 09:31:52.600,4335.6000,7331,-1,258802620.000,1,0,1,双平,S,4329.6000,4326.8000,4326.6000,4325.0000,4324.0000,4336.4000,4336.6000,4339.4000,4340.6000,4340.8000,1,1,3,5,1,1,5,1,1,1
SF,IF2008,2020-07-03 09:31:53.100,4336.2000,7331,0,260103480.000,1,0,1,多换,S,4330.2000,4329.8000,4329.6000,4326.8000,4326.6000,4336.4000,4336.6000,4339.4000,4340.6000,4340.8000,1,1,3,1,3,1,5,1,1,1
SF,IF2008,2020-07-03 09:31:53.600,4336.2000,7331,0,260103480.000,0,-,-,-,-,4330.2000,4329.8000,4329.6000,4326.8000,4326.6000,4336.2000,4336.6000,4339.4000,4340.6000,4340.8000,1,1,3,1,3,1,5,1,1,1
SF,IF2008,2020-07-03 09:31:54.100,4336.2000,7331,0,260103480.000,0,-,-,-,-,4331.2000,4330.4000,4330.2000,4329.8000,4329.6000,4336.2000,4336.6000,4339.4000,4340.6000,4340.8000,3,1,1,1,3,1,5,1,1,1
SF,IF2008,2020-07-03 09:31:54.600,4336.2000,7331,0,261404340.000,1,0,1,多换,S,4331.4000,4331.2000,4330.4000,4330.2000,4329.8000,4336.6000,4339.4000,4340.6000,4340.8000,4349.0000,2,3,1,1,1,5,1,1,1,1
SF,IF2008,2020-07-03 09:31:55.100,4336.2000,7331,0,261404340.000,0,-,-,-,-,4331.6000,4331.4000,4331.2000,4330.2000,4329.8000,4336.6000,4339.4000,4340.6000,4340.8000,4349.0000,1,2,3,1,1,5,1,1,1,1
SF,IF2008,2020-07-03 09:31:55.600,4336.2000,7331,0,261404340.000,0,-,-,-,-,4332.2000,4331.8000,4331.6000,4331.2000,4330.2000,4336.6000,4339.4000,4340.6000,4340.8000,4349.0000,2,1,2,1,1,5,1,1,1,1
SF,IF2008,2020-07-03 09:31:56.100,4336.2000,7331,0,261404340.000,0,-,-,-,-,4332.4000,4332.2000,4331.2000,4330.2000,4329.8000,4336.4000,4336.6000,4339.4000,4340.6000,4340.8000,2,2,1,1,1,1,5,1,1,1
SF,IF2008,2020-07-03 09:31:56.600,4336.2000,7331,0,261404340.000,0,-,-,-,-,4332.6000,4332.4000,4332.2000,4331.2000,4330.2000,4336.4000,4336.6000,4339.4000,4340.6000,4340.8000,1,3,2,1,1,1,5,1,1,1
SF,IF2008,2020-07-03 09:31:57.100,4336.2000,7331,0,261404340.000,0,-,-,-,-,4332.8000,4332.6000,4332.4000,4331.2000,4330.2000,4336.6000,4339.4000,4340.6000,4340.8000,4349.0000,1,1,2,1,1,5,1,1,1,1
SF,IF2008,2020-07-03 09:31:57.600,4336.2000,7331,0,261404340.000,0,-,-,-,-,4334.8000,4333.4000,4332.8000,4332.6000,4332.4000,4336.4000,4336.6000,4339.4000,4340.6000,4340.8000,1,1,1,1,1,1,5,1,1,1
SF,IF2008,2020-07-03 09:31:58.100,4334.8000,7331,0,262704780.000,1,0,1,多换,S,4333.4000,4332.8000,4332.6000,4330.2000,4329.6000,4334.8000,4336.4000,4336.6000,4339.4000,4340.6000,1,1,1,1,3,1,2,5,1,1
SF,IF2008,2020-07-03 09:31:58.600,4334.8000,7331,0,264005220.000,1,0,1,多换,S,4333.4000,4332.8000,4332.6000,4330.2000,4329.6000,4336.6000,4339.4000,4340.6000,4340.8000,4349.0000,1,1,1,1,3,5,1,1,1,1
SF,IF2008,2020-07-03 09:31:59.100,4334.8000,7331,0,264005220.000,0,-,-,-,-,4333.6000,4333.4000,4332.6000,4330.2000,4329.6000,4336.4000,4336.6000,4339.4000,4340.6000,4340.8000,1,2,1,1,3,1,5,1,1,1
SF,IF2008,2020-07-03 09:31:59.600,4334.8000,7331,0,264005220.000,0,-,-,-,-,4333.6000,4333.4000,4332.6000,4331.4000,4330.2000,4336.4000,4336.6000,4339.4000,4340.6000,4340.8000,1,2,1,1,1,1,5,1,1,1
SF,IF2008,2020-07-03 09:32:00.100,4334.8000,7331,0,264005220.000,0,-,-,-,-,4333.6000,4333.4000,4332.6000,4331.4000,4330.2000,4336.4000,4336.6000,4339.4000,4340.6000,4340.8000,2,1,1,1,1,1,5,1,1,1
SF,IF2008,2020-07-03 09:32:00.600,4333.6000,7330,-1,265305300.000,1,0,1,双平,S,4333.6000,4333.4000,4332.6000,4331.4000,4330.2000,4336.2000,4336.6000,4339.4000,4340.6000,4340.8000,1,1,1,1,1,1,5,1,1,1
SF,IF2008,2020-07-03 09:32:02.100,4333.6000,7330,0,266605380.000,1,0,1,多换,S,4333.4000,4332.6000,4331.4000,4330.2000,4329.6000,4336.2000,4336.6000,4339.4000,4340.6000,4340.8000,1,1,1,1,3,1,5,1,1,1
SF,IF2008,2020-07-03 09:32:02.600,4333.6000,7330,0,266605380.000,0,-,-,-,-,4334.0000,4333.6000,4332.6000,4331.4000,4330.2000,4336.0000,4336.6000,4339.4000,4340.6000,4340.8000,1,2,1,1,1,1,5,1,1,1
SF,IF2008,2020-07-03 09:32:03.100,4333.6000,7330,0,266605380.000,0,-,-,-,-,4335.0000,4334.0000,4333.6000,4332.6000,4331.4000,4336.0000,4336.6000,4339.4000,4340.6000,4340.8000,1,1,2,1,1,2,5,1,1,1
SF,IF2008,2020-07-03 09:32:03.600,4335.0000,7329,-1,267905880.000,1,0,1,双平,S,4333.6000,4332.6000,4331.4000,4330.2000,4329.6000,4334.8000,4335.0000,4336.0000,4336.6000,4339.4000,1,1,1,1,3,1,1,2,5,1
SF,IF2008,2020-07-03 09:32:04.100,4333.6000,7328,-1,269205960.000,1,0,1,双平,S,4332.6000,4331.4000,4329.6000,4326.6000,4324.0000,4334.8000,4336.6000,4339.4000,4340.6000,4340.8000,1,1,3,3,1,1,5,1,1,1
SF,IF2008,2020-07-03 09:32:04.600,4332.6000,7329,1,270505740.000,1,1,0,双开,S,4331.4000,4329.6000,4326.6000,4324.0000,4321.6000,4334.6000,4334.8000,4336.6000,4339.4000,4340.6000,1,3,3,1,5,1,1,5,1,1
SF,IF2008,2020-07-03 09:32:05.100,4332.6000,7329,0,270505740.000,0,-,-,-,-,4331.6000,4331.4000,4329.6000,4326.6000,4324.0000,4334.6000,4336.6000,4339.4000,4340.6000,4340.8000,1,1,3,3,1,2,5,1,1,1
SF,IF2008,2020-07-03 09:32:05.600,4331.6000,7328,-1,271805220.000,1,0,1,双平,S,4331.4000,4329.6000,4326.6000,4324.0000,4320.0000,4334.4000,4334.6000,4336.6000,4339.4000,4340.6000,1,1,3,1,10,1,2,5,1,1
SF,IF2008,2020-07-03 09:32:06.100,4331.4000,7326,-2,274404120.000,2,0,2,双平,S,4326.6000,4324.0000,4320.0000,4310.0000,4300.0000,4334.2000,4334.4000,4336.6000,4339.4000,4340.6000,3,1,10,3,11,2,2,5,1,1
SF,IF2008,2020-07-03 09:32:06.600,4331.4000,7326,0,274404120.000,0,-,-,-,-,4327.2000,4326.6000,4326.4000,4324.0000,4320.0000,4334.0000,4334.2000,4336.6000,4339.4000,4340.6000,1,3,1,1,10,2,2,5,1,1
SF,IF2008,2020-07-03 09:32:07.100,4327.4000,7326,0,275702340.000,1,0,1,多换,S,4327.2000,4326.6000,4326.4000,4324.0000,4320.0000,4333.8000,4334.0000,4336.6000,4339.4000,4340.6000,1,3,1,1,10,1,2,5,1,1
SF,IF2008,2020-07-03 09:32:07.600,4327.4000,7326,0,275702340.000,0,-,-,-,-,4328.2000,4327.4000,4327.2000,4326.6000,4326.4000,4333.6000,4333.8000,4334.0000,4336.6000,4339.4000,2,1,1,3,1,1,1,1,5,1
SF,IF2008,2020-07-03 09:32:08.100,4327.4000,7326,0,275702340.000,0,-,-,-,-,4329.6000,4327.4000,4327.2000,4326.6000,4324.0000,4333.4000,4336.6000,4339.4000,4340.6000,4340.8000,2,1,1,3,1,1,5,1,1,1
SF,IF2008,2020-07-03 09:32:08.600,4327.4000,7326,0,275702340.000,0,-,-,-,-,4331.6000,4327.4000,4327.2000,4326.6000,4324.0000,4333.4000,4336.6000,4339.4000,4340.6000,4340.8000,1,1,1,3,1,2,5,1,1,1
SF,IF2008,2020-07-03 09:32:09.100,4327.4000,7326,0,275702340.000,0,-,-,-,-,4329.6000,4327.6000,4327.4000,4327.2000,4326.6000,4333.4000,4336.6000,4339.4000,4340.6000,4340.8000,1,2,1,1,3,1,5,1,1,1
SF,IF2008,2020-07-03 09:32:09.600,4329.8000,7325,-1,278301300.000,2,0,2,多平,S,4329.8000,4329.6000,4328.6000,4327.6000,4327.4000,4336.6000,4339.4000,4340.6000,4340.8000,4349.0000,1,3,1,2,1,5,1,1,1,1
SF,IF2008,2020-07-03 09:32:10.100,4329.8000,7325,0,278301300.000,0,-,-,-,-,4330.2000,4329.8000,4329.6000,4328.6000,4327.6000,4336.4000,4336.6000,4340.6000,4340.8000,4349.0000,1,1,3,1,2,1,5,1,1,1
SF,IF2008,2020-07-03 09:32:10.600,4329.8000,7325,0,278301300.000,0,-,-,-,-,4330.4000,4330.2000,4329.6000,4328.6000,4327.4000,4335.8000,4336.4000,4336.6000,4340.6000,4340.8000,1,1,3,1,1,2,1,5,1,1
SF,IF2008,2020-07-03 09:32:11.100,4329.8000,7325,0,278301300.000,0,-,-,-,-,4330.4000,4330.2000,4329.6000,4328.6000,4327.2000,4335.8000,4336.2000,4336.6000,4340.6000,4340.8000,1,1,3,1,1,2,1,5,1,1
SF,IF2008,2020-07-03 09:32:12.100,4329.8000,7325,0,278301300.000,0,-,-,-,-,4330.6000,4330.4000,4330.2000,4329.6000,4328.6000,4336.2000,4336.6000,4340.6000,4340.8000,4349.0000,1,1,1,3,1,1,5,1,1,1
SF,IF2008,2020-07-03 09:32:12.600,4329.8000,7325,0,278301300.000,0,-,-,-,-,4331.4000,4330.8000,4330.6000,4330.2000,4329.6000,4336.0000,4336.6000,4340.6000,4340.8000,4349.0000,1,2,1,1,3,2,5,1,1,1
SF,IF2008,2020-07-03 09:32:13.100,4331.6000,7325,0,282201240.000,3,1,2,多换,S,4331.4000,4330.8000,4330.6000,4330.2000,4329.6000,4335.8000,4336.0000,4336.6000,4340.6000,4340.8000,1,1,1,1,3,1,2,5,1,1
SF,IF2008,2020-07-03 09:32:13.600,4335.6000,7325,0,283501920.000,1,0,1,多换,S,4331.8000,4331.4000,4330.6000,4330.2000,4329.6000,4335.8000,4336.0000,4336.6000,4340.6000,4340.8000,1,1,1,1,3,1,1,5,1,1
SF,IF2008,2020-07-03 09:32:14.100,4335.6000,7325,0,283501920.000,0,-,-,-,-,4333.8000,4332.0000,4331.8000,4330.6000,4330.2000,4335.8000,4336.0000,4336.6000,4340.6000,4340.8000,1,1,1,1,1,1,1,5,1,1
SF,IF2008,2020-07-03 09:32:14.600,4335.6000,7325,0,283501920.000,0,-,-,-,-,4332.0000,4331.8000,4330.6000,4330.2000,4329.6000,4335.8000,4336.0000,4336.6000,4340.6000,4340.8000,1,1,1,1,3,1,1,5,1,1
SF,IF2008,2020-07-03 09:32:15.100,4335.6000,7325,0,283501920.000,0,-,-,-,-,4332.0000,4331.8000,4330.6000,4330.2000,4329.6000,4335.8000,4336.6000,4340.6000,4340.8000,4349.0000,1,1,1,1,3,1,5,1,1,1
SF,IF2008,2020-07-03 09:32:15.600,4335.6000,7325,0,283501920.000,0,-,-,-,-,4332.0000,4331.8000,4330.6000,4330.2000,4329.6000,4335.8000,4336.6000,4340.6000,4340.8000,4349.0000,1,1,1,1,3,2,5,1,1,1
SF,IF2008,2020-07-03 09:32:16.100,4335.6000,7325,0,283501920.000,0,-,-,-,-,4332.0000,4331.8000,4330.2000,4329.6000,4328.6000,4335.8000,4336.6000,4340.6000,4340.8000,4349.0000,1,1,1,3,1,2,5,1,1,1
SF,IF2008,2020-07-03 09:32:16.600,4335.6000,7325,0,283501920.000,0,-,-,-,-,4332.0000,4331.8000,4330.2000,4329.6000,4328.6000,4335.6000,4335.8000,4336.6000,4340.6000,4340.8000,1,1,1,3,1,1,2,5,1,1
SF,IF2008,2020-07-03 09:32:17.100,4335.6000,7325,0,283501920.000,0,-,-,-,-,4332.0000,4331.8000,4329.6000,4327.2000,4326.6000,4335.4000,4335.6000,4336.6000,4340.6000,4340.8000,1,1,3,1,3,1,1,5,1,1
SF,IF2008,2020-07-03 09:32:17.600,4335.6000,7325,0,283501920.000,0,-,-,-,-,4332.0000,4329.6000,4327.2000,4326.6000,4324.0000,4335.2000,4335.4000,4336.6000,4340.6000,4340.8000,1,3,1,3,1,1,2,5,1,1
SF,IF2008,2020-07-03 09:32:18.100,4335.6000,7325,0,283501920.000,0,-,-,-,-,4332.0000,4329.6000,4327.2000,4326.6000,4324.0000,4335.0000,4335.2000,4336.6000,4340.6000,4340.8000,1,3,1,3,1,1,1,5,1,1
SF,IF2008,2020-07-03 09:32:18.600,4335.6000,7325,0,283501920.000,0,-,-,-,-,4332.0000,4330.0000,4329.6000,4327.2000,4326.6000,4335.0000,4336.6000,4340.6000,4340.8000,4349.0000,1,1,3,1,3,1,5,1,1,1
SF,IF2008,2020-07-03 09:32:19.100,4335.6000,7325,0,283501920.000,0,-,-,-,-,4332.0000,4330.0000,4329.6000,4327.2000,4326.6000,4335.0000,4336.0000,4336.6000,4340.6000,4340.8000,1,1,3,1,3,1,1,5,1,1
SF,IF2008,2020-07-03 09:32:19.600,4335.0000,7324,-1,286102080.000,2,0,2,多平,S,4333.6000,4332.2000,4332.0000,4330.0000,4329.6000,4336.0000,4336.6000,4340.6000,4340.8000,4349.0000,1,1,1,1,3,1,5,1,1,1
SF,IF2008,2020-07-03 09:32:20.100,4333.8000,7324,0,287402220.000,1,0,1,多换,S,4333.8000,4332.0000,4330.0000,4329.6000,4327.2000,4336.0000,4336.6000,4340.6000,4340.8000,4349.0000,2,1,1,3,1,2,5,1,1,1
SF,IF2008,2020-07-03 09:32:20.600,4333.8000,7324,0,288702360.000,1,0,1,多换,S,4332.0000,4330.0000,4329.6000,4327.2000,4326.6000,4335.8000,4336.0000,4336.6000,4340.6000,4340.8000,1,1,3,1,3,1,2,5,1,1
SF,IF2008,2020-07-03 09:32:21.100,4333.8000,7324,0,288702360.000,0,-,-,-,-,4332.2000,4332.0000,4330.0000,4329.6000,4327.2000,4335.8000,4336.0000,4336.6000,4340.6000,4340.8000,1,1,1,3,1,1,2,5,1,1
SF,IF2008,2020-07-03 09:32:21.600,4333.8000,7324,0,288702360.000,0,-,-,-,-,4332.8000,4332.2000,4330.0000,4329.6000,4327.2000,4335.8000,4336.0000,4336.6000,4340.6000,4340.8000,1,1,1,3,1,1,1,5,1,1
SF,IF2008,2020-07-03 09:32:22.100,4333.8000,7324,0,288702360.000,0,-,-,-,-,4333.0000,4332.8000,4330.0000,4329.6000,4327.2000,4335.8000,4336.0000,4336.6000,4340.6000,4340.8000,1,1,1,3,1,2,1,5,1,1
SF,IF2008,2020-07-03 09:32:22.600,4333.0000,7324,0,290002260.000,1,0,1,多换,S,4332.8000,4330.0000,4329.6000,4327.2000,4326.6000,4335.8000,4336.0000,4336.6000,4340.6000,4340.8000,1,1,3,1,3,2,1,5,1,1
SF,IF2008,2020-07-03 09:32:23.100,4333.0000,7324,0,290002260.000,0,-,-,-,-,4332.8000,4330.0000,4329.6000,4327.2000,4326.6000,4335.8000,4336.0000,4336.6000,4340.6000,4340.8000,1,1,3,1,3,1,1,5,1,1
SF,IF2008,2020-07-03 09:32:23.600,4333.0000,7324,0,290002260.000,0,-,-,-,-,4333.0000,4332.8000,4330.0000,4329.6000,4327.2000,4335.8000,4336.0000,4336.6000,4340.6000,4340.8000,1,1,1,3,1,1,1,5,1,1
SF,IF2008,2020-07-03 09:32:24.100,4335.8000,7323,-1,291303000.000,1,0,1,双平,S,4333.2000,4333.0000,4332.8000,4330.0000,4329.6000,4336.0000,4336.6000,4340.6000,4340.8000,4349.0000,1,1,2,1,2,1,5,1,1,1
SF,IF2008,2020-07-03 09:32:24.600,4336.0000,7322,-1,292603800.000,1,0,1,双平,S,4333.2000,4333.0000,4332.8000,4330.0000,4329.6000,4336.6000,4340.6000,4340.8000,4349.0000,4349.2000,1,1,2,1,2,5,1,1,1,1
SF,IF2008,2020-07-03 09:32:25.100,4336.6000,7318,-4,297807720.000,4,0,4,双平,S,4336.0000,4334.4000,4333.2000,4332.8000,4330.0000,4336.6000,4340.6000,4340.8000,4349.0000,4349.2000,1,1,2,2,1,1,1,1,1,1
SF,IF2008,2020-07-03 09:32:25.600,4336.2000,7317,-1,301710420.000,3,1,2,多平,S,4336.0000,4333.4000,4333.2000,4332.8000,4329.6000,4340.6000,4340.8000,4349.0000,4349.2000,4350.0000,1,1,1,2,2,1,1,1,1,22
SF,IF2008,2020-07-03 09:32:26.100,4336.0000,7317,0,303011220.000,1,0,1,多换,S,4336.2000,4333.4000,4332.8000,4329.6000,4326.6000,4338.8000,4340.4000,4340.6000,4340.8000,4349.0000,1,1,2,2,3,1,1,2,1,1
SF,IF2008,2020-07-03 09:32:26.600,4336.2000,7316,-1,304312080.000,1,0,1,双平,S,4333.4000,4332.8000,4329.6000,4326.6000,4324.0000,4338.6000,4340.6000,4340.8000,4349.0000,4349.2000,1,2,2,3,1,2,2,1,1,1
SF,IF2008,2020-07-03 09:32:27.100,4336.2000,7316,0,304312080.000,0,-,-,-,-,4333.4000,4332.8000,4329.6000,4326.6000,4324.0000,4338.6000,4340.6000,4340.8000,4349.0000,4349.2000,1,2,2,3,1,1,1,1,1,1
SF,IF2008,2020-07-03 09:32:27.600,4336.2000,7316,0,304312080.000,0,-,-,-,-,4332.8000,4329.6000,4326.6000,4324.0000,4320.0000,4338.6000,4340.6000,4340.8000,4349.0000,4349.2000,2,2,3,1,10,1,1,1,1,1
SF,IF2008,2020-07-03 09:32:28.100,4336.2000,7316,0,304312080.000,0,-,-,-,-,4333.6000,4332.8000,4329.6000,4326.6000,4324.0000,4338.6000,4340.6000,4340.8000,4349.0000,4349.2000,1,2,2,3,1,1,1,1,1,1
SF,IF2008,2020-07-03 09:32:28.600,4333.8000,7317,1,306912540.000,2,1,1,空开,S,4333.6000,4333.2000,4332.8000,4329.6000,4326.6000,4338.6000,4340.6000,4340.8000,4349.0000,4349.2000,1,1,2,2,3,1,1,1,1,1
SF,IF2008,2020-07-03 09:32:29.100,4338.6000,7317,0,308214120.000,1,0,1,多换,S,4334.4000,4333.8000,4333.6000,4333.2000,4332.8000,4340.6000,4340.8000,4349.0000,4349.2000,4350.0000,2,1,1,1,2,1,1,1,1,22
SF,IF2008,2020-07-03 09:32:29.600,4338.6000,7317,0,308214120.000,0,-,-,-,-,4334.6000,4334.4000,4333.6000,4333.2000,4332.8000,4340.4000,4340.6000,4340.8000,4349.0000,4349.2000,1,2,1,1,2,1,1,1,1,1
SF,IF2008,2020-07-03 09:32:30.100,4338.6000,7317,0,308214120.000,0,-,-,-,-,4336.2000,4334.6000,4334.4000,4333.6000,4333.2000,4340.4000,4340.6000,4340.8000,4349.0000,4349.2000,1,1,2,1,1,1,1,1,1,1
SF,IF2008,2020-07-03 09:32:30.600,4336.4000,7317,0,309515040.000,1,0,1,多换,S,4336.2000,4334.4000,4333.2000,4332.8000,4326.6000,4340.2000,4340.4000,4340.6000,4340.8000,4349.0000,1,2,1,2,3,1,1,1,1,1
SF,IF2008,2020-07-03 09:32:31.100,4336.4000,7317,0,309515040.000,0,-,-,-,-,4336.4000,4336.2000,4334.4000,4333.2000,4332.8000,4340.2000,4340.6000,4340.8000,4349.0000,4349.2000,1,2,2,1,2,1,1,1,1,1
SF,IF2008,2020-07-03 09:32:31.600,4336.4000,7317,0,309515040.000,0,-,-,-,-,4336.4000,4336.2000,4334.4000,4333.2000,4332.8000,4340.2000,4340.6000,4340.8000,4349.0000,4349.2000,1,2,2,1,1,1,1,1,1,1
SF,IF2008,2020-07-03 09:32:32.100,4336.4000,7317,0,309515040.000,0,-,-,-,-,4336.4000,4336.2000,4334.4000,4334.2000,4333.2000,4340.2000,4340.6000,4340.8000,4349.0000,4349.2000,1,2,2,1,1,1,1,1,1,1
SF,IF2008,2020-07-03 09:32:32.600,4336.4000,7317,0,309515040.000,0,-,-,-,-,4336.4000,4336.2000,4334.4000,4334.2000,4332.8000,4340.2000,4340.6000,4340.8000,4349.0000,4349.2000,1,2,2,1,1,1,1,1,1,1
SF,IF2008,2020-07-03 09:32:33.100,4336.4000,7317,0,309515040.000,0,-,-,-,-,4336.4000,4336.2000,4334.4000,4334.2000,4326.6000,4340.2000,4340.6000,4340.8000,4349.0000,4349.2000,1,2,2,1,3,1,1,1,1,1
SF,IF2008,2020-07-03 09:32:33.600,4336.4000,7317,0,309515040.000,0,-,-,-,-,4337.2000,4336.4000,4336.2000,4334.4000,4334.2000,4340.2000,4340.6000,4340.8000,4349.0000,4349.2000,1,1,2,2,1,2,1,1,1,1
SF,IF2008,2020-07-03 09:32:34.100,4340.2000,7315,-2,312119160.000,2,0,2,双平,S,4337.4000,4337.2000,4336.4000,4336.2000,4334.4000,4340.6000,4340.8000,4349.0000,4349.2000,4350.0000,1,1,1,1,2,1,1,1,1,22
SF,IF2008,2020-07-03 09:32:34.600,4340.2000,7315,0,312119160.000,0,-,-,-,-,4337.4000,4337.2000,4336.4000,4336.2000,4334.4000,4340.6000,4340.8000,4349.0000,4349.2000,4350.0000,1,1,1,1,2,1,1,1,1,22
SF,IF2008,2020-07-03 09:32:35.100,4340.6000,7315,0,313421340.000,1,0,1,多换,S,4338.4000,4337.4000,4336.6000,4336.4000,4336.2000,4340.8000,4349.0000,4349.2000,4350.0000,4355.8000,1,1,1,1,1,1,1,1,22,5
SF,IF2008,2020-07-03 09:32:35.600,4340.6000,7315,0,313421340.000,0,-,-,-,-,4338.6000,4338.4000,4336.6000,4336.4000,4336.2000,4340.8000,4349.0000,4349.2000,4350.0000,4355.8000,1,1,1,1,1,1,1,1,22,5
SF,IF2008,2020-07-03 09:32:36.100,4340.8000,7314,-1,314723580.000,1,0,1,双平,S,4338.6000,4338.4000,4336.6000,4336.4000,4336.2000,4349.0000,4349.2000,4350.0000,4355.8000,4358.6000,2,1,1,1,1,1,1,22,5,1
SF,IF2008,2020-07-03 09:32:36.600,4340.8000,7314,0,314723580.000,0,-,-,-,-,4338.6000,4336.6000,4336.2000,4334.4000,4334.2000,4343.4000,4344.4000,4345.2000,4348.8000,4349.0000,2,1,1,2,1,1,1,1,3,3
SF,IF2008,2020-07-03 09:32:37.100,4340.8000,7314,0,314723580.000,0,-,-,-,-,4338.8000,4338.6000,4336.6000,4336.2000,4334.4000,4343.2000,4343.4000,4344.4000,4345.2000,4348.8000,1,2,1,1,2,1,1,1,1,2
SF,IF2008,2020-07-03 09:32:37.600,4340.8000,7314,0,314723580.000,0,-,-,-,-,4339.0000,4338.8000,4338.6000,4336.6000,4336.2000,4343.2000,4343.4000,4344.4000,4348.8000,4349.0000,1,1,1,1,1,1,1,1,2,2
SF,IF2008,2020-07-03 09:32:38.100,4340.8000,7314,0,314723580.000,0,-,-,-,-,4339.0000,4338.8000,4338.6000,4336.6000,4336.2000,4348.8000,4349.0000,4349.2000,4350.0000,4355.8000,1,1,1,1,1,2,2,1,22,5
SF,IF2008,2020-07-03 09:32:38.600,4340.8000,7314,0,314723580.000,0,-,-,-,-,4339.2000,4339.0000,4338.6000,4336.6000,4336.2000,4344.8000,4345.4000,4348.6000,4348.8000,4349.0000,2,1,1,1,1,1,1,2,2,1
SF,IF2008,2020-07-03 09:32:39.100,4340.8000,7314,0,314723580.000,0,-,-,-,-,4339.4000,4339.2000,4336.6000,4336.2000,4334.2000,4344.6000,4345.4000,4348.6000,4348.8000,4349.0000,1,3,1,1,1,1,1,1,2,1
SF,IF2008,2020-07-03 09:32:39.600,4340.8000,7314,0,314723580.000,0,-,-,-,-,4339.4000,4339.2000,4336.6000,4336.2000,4334.2000,4345.4000,4348.6000,4348.8000,4349.0000,4349.2000,1,3,1,1,1,1,1,1,1,1
SF,IF2008,2020-07-03 09:32:40.100,4340.8000,7314,0,314723580.000,0,-,-,-,-,4339.4000,4339.2000,4336.2000,4334.2000,4330.0000,4345.2000,4348.6000,4348.8000,4349.0000,4349.2000,1,3,1,1,1,1,1,1,1,1
SF,IF2008,2020-07-03 09:32:40.600,4348.6000,7314,0,316028160.000,1,0,1,多换,S,4339.4000,4339.2000,4336.2000,4334.2000,4330.0000,4348.8000,4349.0000,4349.2000,4350.0000,4355.8000,1,3,1,1,1,1,1,1,22,5
SF,IF2008,2020-07-03 09:32:41.100,4348.6000,7314,0,316028160.000,0,-,-,-,-,4339.4000,4339.2000,4336.2000,4335.0000,4334.2000,4347.6000,4348.0000,4348.6000,4348.8000,4349.0000,3,3,1,5,1,1,1,1,1,1
SF,IF2008,2020-07-03 09:32:41.600,4348.6000,7314,0,316028160.000,0,-,-,-,-,4341.8000,4339.4000,4339.2000,4336.2000,4334.2000,4347.4000,4347.6000,4348.0000,4348.8000,4349.0000,1,2,2,1,1,1,2,1,1,1
SF,IF2008,2020-07-03 09:32:42.100,4348.6000,7314,0,316028160.000,0,-,-,-,-,4341.8000,4339.6000,4339.2000,4336.2000,4334.2000,4347.4000,4347.6000,4348.0000,4348.8000,4349.0000,1,1,2,1,1,2,1,1,1,1
SF,IF2008,2020-07-03 09:32:42.600,4348.6000,7314,0,316028160.000,0,-,-,-,-,4341.8000,4339.6000,4339.2000,4336.2000,4334.2000,4347.4000,4347.6000,4348.0000,4348.8000,4349.0000,1,1,2,1,1,2,1,1,1,1
SF,IF2008,2020-07-03 09:32:43.100,4348.6000,7314,0,316028160.000,0,-,-,-,-,4341.8000,4339.6000,4339.2000,4336.2000,4334.2000,4347.4000,4348.8000,4349.0000,4349.2000,4350.0000,1,1,2,1,1,2,1,1,1,22
SF,IF2008,2020-07-03 09:32:43.600,4348.6000,7314,0,316028160.000,0,-,-,-,-,4342.8000,4342.0000,4341.8000,4339.2000,4334.2000,4347.4000,4348.8000,4349.0000,4349.2000,4350.0000,1,1,1,2,1,1,1,1,1,22
SF,IF2008,2020-07-03 09:32:44.100,4348.6000,7314,0,316028160.000,0,-,-,-,-,4343.0000,4341.8000,4339.2000,4334.2000,4330.0000,4347.0000,4347.2000,4347.4000,4348.8000,4349.0000,1,1,2,1,6,1,1,2,1,1
SF,IF2008,2020-07-03 09:32:44.600,4348.6000,7314,0,316028160.000,0,-,-,-,-,4343.0000,4341.8000,4339.2000,4334.2000,4330.0000,4346.8000,4347.0000,4347.2000,4348.8000,4349.0000,1,1,2,1,6,1,2,1,1,1
SF,IF2008,2020-07-03 09:32:45.100,4348.6000,7314,0,316028160.000,0,-,-,-,-,4343.0000,4341.8000,4339.2000,4334.2000,4330.0000,4346.8000,4347.0000,4347.2000,4348.8000,4349.0000,1,1,2,1,6,2,1,1,1,1
SF,IF2008,2020-07-03 09:32:45.600,4348.6000,7314,0,316028160.000,0,-,-,-,-,4343.0000,4342.8000,4341.8000,4339.2000,4334.2000,4346.8000,4347.2000,4348.8000,4349.0000,4349.2000,1,1,1,2,1,2,1,1,1,1
SF,IF2008,2020-07-03 09:32:46.100,4348.6000,7314,0,316028160.000,0,-,-,-,-,4343.0000,4342.8000,4341.8000,4339.2000,4334.2000,4346.8000,4347.2000,4347.6000,4348.8000,4349.0000,1,1,1,2,1,1,1,2,1,1
SF,IF2008,2020-07-03 09:32:46.600,4348.6000,7314,0,316028160.000,0,-,-,-,-,4345.2000,4343.0000,4342.8000,4339.2000,4334.2000,4347.2000,4347.6000,4348.8000,4349.0000,4349.2000,1,1,1,2,1,1,2,1,1,1
SF,IF2008,2020-07-03 09:32:47.100,4348.6000,7314,0,316028160.000,0,-,-,-,-,4346.8000,4345.2000,4343.0000,4342.8000,4339.2000,4347.0000,4347.2000,4347.6000,4348.8000,4349.0000,1,1,1,1,1,1,2,2,1,1
SF,IF2008,2020-07-03 09:32:47.600,4347.0000,7313,-1,318636300.000,2,0,2,多平,S,4342.8000,4339.2000,4334.2000,4330.0000,4326.6000,4347.2000,4347.6000,4348.8000,4349.0000,4349.2000,1,1,1,6,3,1,2,1,1,1
SF,IF2008,2020-07-03 09:32:48.100,4347.0000,7313,0,318636300.000,0,-,-,-,-,4343.0000,4342.8000,4339.2000,4334.2000,4330.0000,4347.2000,4347.6000,4348.8000,4349.0000,4349.2000,1,1,1,1,6,1,2,1,1,1
SF,IF2008,2020-07-03 09:32:48.600,4347.0000,7313,0,318636300.000,0,-,-,-,-,4343.0000,4342.8000,4339.2000,4334.2000,4330.0000,4347.6000,4348.8000,4349.0000,4349.2000,4350.0000,1,2,1,1,6,2,1,1,1,22
SF,IF2008,2020-07-03 09:32:49.100,4347.0000,7313,0,318636300.000,0,-,-,-,-,4343.0000,4342.8000,4339.2000,4334.2000,4330.0000,4347.6000,4348.8000,4349.0000,4349.2000,4350.0000,1,1,1,1,6,2,1,1,1,22
SF,IF2008,2020-07-03 09:32:49.600,4347.0000,7313,0,318636300.000,0,-,-,-,-,4345.2000,4343.0000,4342.8000,4339.2000,4334.2000,4347.4000,4347.6000,4348.8000,4349.0000,4349.2000,1,1,1,1,1,2,2,1,1,1
SF,IF2008,2020-07-03 09:32:50.100,4347.0000,7313,0,318636300.000,0,-,-,-,-,4345.4000,4345.2000,4342.8000,4339.2000,4334.2000,4346.8000,4347.4000,4347.6000,4348.8000,4349.0000,1,1,1,1,1,1,1,2,1,1
SF,IF2008,2020-07-03 09:32:50.600,4347.0000,7313,0,318636300.000,0,-,-,-,-,4345.4000,4345.2000,4342.8000,4339.2000,4334.2000,4346.8000,4347.4000,4347.6000,4348.8000,4349.0000,1,1,1,1,1,2,1,2,1,1
SF,IF2008,2020-07-03 09:32:51.100,4347.0000,7313,0,318636300.000,0,-,-,-,-,4345.4000,4345.2000,4342.8000,4339.2000,4334.2000,4346.6000,4346.8000,4347.0000,4347.4000,4347.6000,1,1,1,1,1,1,2,1,1,2
SF,IF2008,2020-07-03 09:32:51.600,4347.0000,7313,0,318636300.000,0,-,-,-,-,4345.2000,4342.8000,4339.2000,4334.2000,4330.0000,4346.6000,4346.8000,4347.0000,4347.4000,4347.6000,1,1,1,1,6,2,1,1,1,2
SF,IF2008,2020-07-03 09:32:52.100,4346.6000,7313,0,319940280.000,1,0,1,多换,S,4342.8000,4339.2000,4334.2000,4330.0000,4326.6000,4346.6000,4346.8000,4347.0000,4347.4000,4347.6000,1,1,1,6,3,1,1,1,1,2
SF,IF2008,2020-07-03 09:32:52.600,4346.6000,7313,0,319940280.000,0,-,-,-,-,4343.0000,4342.8000,4339.2000,4334.2000,4330.0000,4346.4000,4346.6000,4346.8000,4347.0000,4347.6000,1,1,1,1,6,1,1,1,2,2
SF,IF2008,2020-07-03 09:32:53.100,4346.6000,7313,0,319940280.000,0,-,-,-,-,4343.0000,4342.8000,4339.2000,4334.2000,4330.0000,4346.4000,4346.8000,4347.0000,4347.6000,4348.8000,1,21,1,1,6,2,1,2,2,1
SF,IF2008,2020-07-03 09:32:53.600,4346.6000,7313,0,319940280.000,0,-,-,-,-,4343.0000,4342.8000,4339.2000,4334.2000,4330.0000,4346.2000,4346.4000,4346.8000,4347.0000,4347.6000,1,21,1,1,6,1,2,1,2,2
SF,IF2008,2020-07-03 09:32:54.100,4346.6000,7313,0,319940280.000,0,-,-,-,-,4343.0000,4342.8000,4339.2000,4334.2000,4330.0000,4346.2000,4346.4000,4346.8000,4347.0000,4347.6000,1,21,1,1,6,4,1,1,2,2
SF,IF2008,2020-07-03 09:32:54.600,4346.6000,7313,0,319940280.000,0,-,-,-,-,4343.2000,4343.0000,4342.8000,4339.2000,4334.2000,4346.2000,4346.4000,4346.8000,4347.0000,4347.6000,1,1,21,1,1,4,1,1,2,2
SF,IF2008,2020-07-03 09:32:55.100,4346.4000,7311,-2,322548120.000,2,0,2,双平,S,4343.4000,4343.2000,4342.8000,4339.2000,4334.2000,4346.0000,4346.2000,4346.8000,4347.0000,4347.6000,1,1,22,1,1,1,1,1,2,2
SF,IF2008,2020-07-03 09:32:55.600,4346.4000,7310,-1,323852040.000,1,0,1,双平,S,4345.2000,4343.6000,4343.4000,4343.2000,4342.8000,4346.0000,4346.2000,4346.8000,4347.0000,4347.6000,1,1,1,1,21,1,1,1,2,2
SF,IF2008,2020-07-03 09:32:56.100,4345.2000,7309,-1,325155600.000,1,0,1,双平,S,4343.6000,4343.4000,4342.8000,4339.2000,4334.2000,4346.0000,4346.2000,4346.8000,4347.0000,4347.6000,1,1,20,1,1,1,1,1,2,2
SF,IF2008,2020-07-03 09:32:56.600,4345.2000,7309,0,325155600.000,0,-,-,-,-,4343.8000,4343.6000,4342.8000,4339.2000,4334.2000,4346.0000,4346.2000,4346.8000,4347.0000,4347.6000,1,1,20,1,1,1,1,1,2,2
SF,IF2008,2020-07-03 09:32:57.100,4345.2000,7309,0,325155600.000,0,-,-,-,-,4343.8000,4342.8000,4339.2000,4334.2000,4330.0000,4346.2000,4346.8000,4347.0000,4347.6000,4348.8000,1,20,1,1,6,1,1,2,2,1
SF,IF2008,2020-07-03 09:32:57.600,4345.2000,7309,0,325155600.000,0,-,-,-,-,4343.8000,4342.8000,4339.2000,4334.2000,4330.0000,4346.2000,4346.8000,4347.0000,4347.6000,4348.8000,1,20,1,1,6,2,1,2,2,1
SF,IF2008,2020-07-03 09:32:58.100,4345.2000,7309,0,325155600.000,0,-,-,-,-,4343.8000,4342.8000,4339.2000,4334.2000,4330.0000,4346.2000,4346.8000,4347.0000,4347.6000,4348.8000,2,20,1,1,6,2,1,2,2,1
SF,IF2008,2020-07-03 09:32:58.600,4345.2000,7309,0,325155600.000,0,-,-,-,-,4343.8000,4342.8000,4339.2000,4334.2000,4330.0000,4346.2000,4346.8000,4347.0000,4347.6000,4348.8000,2,20,1,1,6,2,1,2,2,1
SF,IF2008,2020-07-03 09:32:59.100,4345.2000,7309,0,325155600.000,0,-,-,-,-,4343.8000,4342.8000,4339.2000,4334.2000,4330.0000,4346.0000,4346.2000,4346.8000,4347.0000,4347.6000,2,20,1,1,6,1,1,1,2,2
SF,IF2008,2020-07-03 09:32:59.600,4346.0000,7309,0,326459400.000,1,0,1,多换,S,4343.8000,4342.8000,4339.2000,4334.2000,4330.0000,4346.2000,4346.8000,4347.0000,4347.6000,4348.8000,2,20,1,1,6,1,1,2,2,1
SF,IF2008,2020-07-03 09:33:00.100,4346.2000,7308,-1,327763260.000,1,0,1,双平,S,4346.2000,4344.0000,4343.8000,4342.8000,4339.2000,4346.8000,4347.0000,4347.6000,4348.8000,4349.0000,6,1,1,20,1,1,2,2,1,1
SF,IF2008,2020-07-03 09:33:00.600,4346.8000,7307,-1,330371160.000,2,0,2,多平,S,4346.2000,4344.0000,4343.8000,4342.8000,4339.2000,4347.0000,4347.6000,4348.8000,4349.0000,4349.2000,5,1,1,20,1,2,2,1,1,1
SF,IF2008,2020-07-03 09:33:01.100,4347.0000,7306,-1,332979360.000,2,0,2,多平,S,4346.2000,4344.0000,4343.8000,4342.8000,4339.2000,4347.6000,4348.8000,4349.0000,4349.2000,4350.0000,5,1,1,20,1,2,1,1,1,22
SF,IF2008,2020-07-03 09:33:01.600,4347.0000,7306,0,332979360.000,0,-,-,-,-,4346.2000,4343.8000,4342.8000,4340.0000,4339.2000,4347.6000,4348.8000,4349.0000,4349.2000,4350.0000,5,1,20,5,1,2,1,1,1,22
SF,IF2008,2020-07-03 09:33:02.100,4346.2000,7303,-3,338196000.000,4,0,4,多平,S,4346.2000,4343.8000,4342.8000,4340.0000,4339.2000,4348.8000,4349.0000,4349.2000,4350.0000,4352.8000,4,1,20,5,1,1,1,1,22,1
SF,IF2008,2020-07-03 09:33:02.600,4346.2000,7303,0,338196000.000,0,-,-,-,-,4346.2000,4343.8000,4342.8000,4340.0000,4339.2000,4349.0000,4349.2000,4350.0000,4352.8000,4358.6000,4,1,20,5,1,1,1,22,1,1
SF,IF2008,2020-07-03 09:33:03.100,4346.2000,7303,0,338196000.000,0,-,-,-,-,4346.2000,4343.8000,4342.8000,4340.0000,4334.2000,4348.8000,4349.0000,4349.2000,4350.0000,4352.8000,4,1,20,5,1,1,2,1,22,1
SF,IF2008,2020-07-03 09:33:03.600,4346.2000,7303,0,338196000.000,0,-,-,-,-,4346.2000,4343.8000,4342.8000,4340.0000,4334.2000,4349.0000,4349.2000,4350.0000,4352.8000,4358.6000,5,1,20,5,1,2,1,22,1,1
SF,IF2008,2020-07-03 09:33:04.100,4346.2000,7303,0,338196000.000,0,-,-,-,-,4346.2000,4343.8000,4342.8000,4340.0000,4334.2000,4348.6000,4348.8000,4349.0000,4349.2000,4350.0000,5,1,20,5,1,1,1,2,1,22
SF,IF2008,2020-07-03 09:33:04.600,4346.2000,7303,0,338196000.000,0,-,-,-,-,4346.2000,4343.8000,4342.8000,4340.0000,4334.2000,4348.8000,4349.0000,4349.2000,4350.0000,4352.8000,5,1,20,5,1,1,1,1,22,1
SF,IF2008,2020-07-03 09:33:05.100,4346.2000,7303,0,339499860.000,1,0,1,多换,S,4346.2000,4343.8000,4342.8000,4340.0000,4334.2000,4349.0000,4349.2000,4350.0000,4352.8000,4358.6000,4,1,20,5,1,1,1,22,1,1
SF,IF2008,2020-07-03 09:33:05.600,4346.2000,7303,0,339499860.000,0,-,-,-,-,4347.8000,4346.4000,4346.2000,4343.8000,4342.8000,4349.0000,4349.2000,4350.0000,4352.8000,4358.6000,1,1,1,1,20,1,1,22,1,1
SF,IF2008,2020-07-03 09:33:06.100,4346.2000,7303,0,339499860.000,0,-,-,-,-,4347.8000,4346.4000,4343.8000,4342.8000,4340.0000,4348.8000,4349.0000,4349.2000,4350.0000,4352.8000,1,1,1,20,5,1,1,1,22,1
SF,IF2008,2020-07-03 09:33:06.600,4346.2000,7303,0,339499860.000,0,-,-,-,-,4347.8000,4346.4000,4343.8000,4342.8000,4340.0000,4348.8000,4349.0000,4349.2000,4350.0000,4352.8000,1,1,1,20,5,1,1,1,22,1
SF,IF2008,2020-07-03 09:33:07.100,4348.8000,7302,-1,342108840.000,2,0,2,多平,S,4348.8000,4346.4000,4343.8000,4342.8000,4340.0000,4349.0000,4349.2000,4350.0000,4352.8000,4358.6000,1,1,1,20,5,1,1,22,1,1
SF,IF2008,2020-07-03 09:33:07.600,4348.8000,7301,-1,343413480.000,1,0,1,双平,S,4346.4000,4343.8000,4342.8000,4340.0000,4334.2000,4349.0000,4349.2000,4350.0000,4352.8000,4358.6000,1,1,20,5,1,1,1,22,1,1
SF,IF2008,2020-07-03 09:33:08.100,4348.8000,7301,0,343413480.000,0,-,-,-,-,4346.4000,4343.8000,4342.8000,4340.0000,4334.2000,4349.0000,4349.2000,4350.0000,4352.8000,4358.6000,1,1,20,5,1,1,1,22,1,1
SF,IF2008,2020-07-03 09:33:08.600,4348.8000,7301,0,343413480.000,0,-,-,-,-,4346.4000,4343.8000,4342.8000,4340.0000,4334.2000,4349.0000,4349.2000,4350.0000,4352.8000,4358.6000,1,1,20,5,1,1,1,22,1,1
SF,IF2008,2020-07-03 09:33:09.100,4348.8000,7301,0,343413480.000,0,-,-,-,-,4346.4000,4343.8000,4342.8000,4340.0000,4334.2000,4349.0000,4349.2000,4350.0000,4352.8000,4358.6000,3,1,20,5,1,1,1,22,1,1
SF,IF2008,2020-07-03 09:33:09.600,4349.0000,7301,0,344718180.000,1,0,1,多换,S,4347.0000,4346.6000,4346.4000,4343.8000,4342.8000,4349.2000,4350.0000,4352.8000,4358.6000,4360.4000,2,1,3,1,20,1,22,1,1,10
SF,IF2008,2020-07-03 09:33:10.100,4349.2000,7300,-1,346022940.000,1,0,1,双平,S,4347.0000,4346.6000,4346.4000,4343.8000,4342.8000,4350.0000,4352.8000,4358.6000,4360.4000,4364.8000,2,1,1,1,20,22,1,1,10,2
SF,IF2008,2020-07-03 09:33:10.600,4349.2000,7300,0,346022940.000,0,-,-,-,-,4347.2000,4347.0000,4346.6000,4343.8000,4342.8000,4350.0000,4352.8000,4358.6000,4360.4000,4364.8000,1,2,1,1,20,22,1,1,10,2
SF,IF2008,2020-07-03 09:33:11.600,4349.2000,7300,0,346022940.000,0,-,-,-,-,4347.2000,4347.0000,4346.6000,4343.8000,4342.8000,4349.8000,4350.0000,4352.8000,4358.6000,4360.4000,1,2,1,1,20,1,22,1,1,10
SF,IF2008,2020-07-03 09:33:12.100,4349.2000,7300,0,346022940.000,0,-,-,-,-,4347.4000,4347.2000,4347.0000,4343.8000,4342.8000,4350.0000,4352.8000,4358.6000,4360.4000,4364.8000,1,1,2,1,20,22,1,1,10,2
SF,IF2008,2020-07-03 09:33:12.600,4349.2000,7300,0,346022940.000,0,-,-,-,-,4349.8000,4347.4000,4347.2000,4347.0000,4343.8000,4350.0000,4358.6000,4359.8000,4360.4000,4364.8000,1,1,1,2,1,22,1,2,10,2
SF,IF2008,2020-07-03 09:33:13.100,4349.8000,7300,0,347327880.000,1,0,1,多换,S,4347.4000,4347.2000,4347.0000,4346.8000,4343.8000,4349.6000,4350.0000,4358.6000,4359.8000,4360.4000,1,1,2,1,1,1,22,1,2,10
SF,IF2008,2020-07-03 09:33:13.600,4349.8000,7300,0,347327880.000,0,-,-,-,-,4347.4000,4347.2000,4347.0000,4346.8000,4343.8000,4350.0000,4358.6000,4359.8000,4360.4000,4364.8000,1,1,2,1,1,22,1,2,10,2
SF,IF2008,2020-07-03 09:33:14.100,4349.8000,7300,0,347327880.000,0,-,-,-,-,4347.4000,4347.2000,4347.0000,4346.8000,4343.8000,4350.0000,4358.6000,4359.8000,4360.4000,4364.8000,2,1,2,1,1,22,1,2,10,2
SF,IF2008,2020-07-03 09:33:14.600,4349.8000,7300,0,347327880.000,0,-,-,-,-,4347.4000,4347.2000,4347.0000,4346.8000,4343.8000,4349.8000,4350.0000,4358.6000,4359.8000,4360.4000,3,1,2,1,1,2,22,1,2,10
SF,IF2008,2020-07-03 09:33:15.100,4349.8000,7300,0,347327880.000,0,-,-,-,-,4347.4000,4347.2000,4347.0000,4346.8000,4343.8000,4349.2000,4349.8000,4350.0000,4358.6000,4359.8000,1,1,2,1,1,1,2,22,1,2
SF,IF2008,2020-07-03 09:33:15.600,4349.8000,7299,-1,348632820.000,1,0,1,双平,S,4347.6000,4347.4000,4347.2000,4347.0000,4346.8000,4349.8000,4350.0000,4358.6000,4359.8000,4360.4000,1,2,1,2,1,1,22,1,2,10
SF,IF2008,2020-07-03 09:33:16.100,4349.8000,7298,-1,349937760.000,1,0,1,双平,S,4347.6000,4347.4000,4347.2000,4347.0000,4346.8000,4350.0000,4358.6000,4359.8000,4360.4000,4364.8000,1,2,1,2,1,22,1,2,10,2
SF,IF2008,2020-07-03 09:33:16.600,4349.8000,7298,0,349937760.000,0,-,-,-,-,4347.8000,4347.6000,4347.4000,4347.0000,4346.8000,4349.8000,4350.0000,4358.6000,4359.8000,4360.4000,3,1,1,2,1,1,22,1,2,10
SF,IF2008,2020-07-03 09:33:17.100,4347.8000,7296,-2,352546440.000,2,0,2,双平,S,4347.8000,4347.6000,4347.4000,4347.0000,4346.8000,4349.8000,4350.0000,4351.0000,4358.6000,4359.8000,2,1,1,2,1,1,22,1,1,2
SF,IF2008,2020-07-03 09:33:17.600,4347.4000,7292,-4,357763620.000,4,0,4,双平,S,4346.8000,4343.8000,4342.8000,4340.0000,4334.2000,4349.8000,4350.0000,4351.0000,4358.6000,4359.8000,1,1,20,5,1,2,22,1,1,2
SF,IF2008,2020-07-03 09:33:18.100,4346.8000,7292,0,359067660.000,1,0,1,多换,S,4343.8000,4342.8000,4340.0000,4334.2000,4330.0000,4349.8000,4350.0000,4351.0000,4358.6000,4359.8000,1,20,5,1,1,2,22,1,1,2
SF,IF2008,2020-07-03 09:33:19.600,4346.8000,7292,0,359067660.000,0,-,-,-,-,4343.8000,4342.8000,4340.0000,4334.2000,4330.0000,4349.8000,4350.0000,4351.0000,4358.6000,4359.8000,1,20,5,1,1,4,22,1,1,2
SF,IF2008,2020-07-03 09:33:20.100,4343.8000,7291,-1,361673940.000,2,0,2,多平,S,4342.8000,4340.0000,4334.2000,4330.0000,4326.6000,4349.8000,4350.0000,4351.0000,4358.6000,4359.8000,20,5,1,1,3,3,22,1,1,2
SF,IF2008,2020-07-03 09:33:20.600,4349.8000,7292,1,366893640.000,4,2,2,空开,S,4349.8000,4342.8000,4335.0000,4334.2000,4330.0000,4350.0000,4351.0000,4358.6000,4359.8000,4360.4000,6,20,5,1,1,22,1,1,2,10
SF,IF2008,2020-07-03 09:33:21.100,4349.8000,7292,0,374723280.000,6,3,3,多换,S,4342.8000,4335.0000,4334.2000,4330.0000,4326.6000,4349.2000,4349.4000,4349.6000,4349.8000,4350.0000,20,5,1,1,3,1,1,1,1,23
SF,IF2008,2020-07-03 09:33:21.600,4349.8000,7292,0,374723280.000,0,-,-,-,-,4342.8000,4335.0000,4334.2000,4330.0000,4326.6000,4349.0000,4349.2000,4349.4000,4349.8000,4350.0000,20,5,1,1,3,1,1,1,1,23
SF,IF2008,2020-07-03 09:33:22.100,4349.8000,7292,0,374723280.000,0,-,-,-,-,4343.0000,4342.8000,4335.0000,4334.2000,4330.0000,4349.0000,4349.2000,4349.4000,4350.0000,4351.0000,1,20,5,1,1,1,1,1,23,1
SF,IF2008,2020-07-03 09:33:22.600,4349.8000,7292,0,374723280.000,0,-,-,-,-,4343.0000,4342.8000,4335.0000,4334.2000,4326.6000,4349.0000,4349.2000,4349.4000,4350.0000,4351.0000,1,20,5,1,3,1,1,1,23,1
SF,IF2008,2020-07-03 09:33:23.100,4349.8000,7292,0,374723280.000,0,-,-,-,-,4343.2000,4343.0000,4342.8000,4335.0000,4334.2000,4349.2000,4349.6000,4350.0000,4351.0000,4353.0000,2,1,20,5,1,1,1,23,1,1
SF,IF2008,2020-07-03 09:33:24.100,4349.8000,7292,0,374723280.000,0,-,-,-,-,4343.2000,4343.0000,4342.8000,4335.0000,4334.2000,4349.2000,4349.6000,4350.0000,4351.0000,4353.0000,2,1,20,5,1,1,1,23,1,1
SF,IF2008,2020-07-03 09:33:24.600,4349.8000,7292,0,374723280.000,0,-,-,-,-,4343.2000,4343.0000,4342.8000,4335.0000,4334.2000,4348.0000,4349.2000,4349.6000,4350.0000,4351.0000,2,1,20,5,1,1,1,1,23,1
SF,IF2008,2020-07-03 09:33:25.100,4349.8000,7292,0,374723280.000,0,-,-,-,-,4343.4000,4342.8000,4335.0000,4334.2000,4326.6000,4348.0000,4349.2000,4349.6000,4350.0000,4351.0000,2,20,5,1,3,1,1,1,23,1
SF,IF2008,2020-07-03 09:33:25.600,4349.2000,7291,-1,376028040.000,1,0,1,双平,S,4345.8000,4343.4000,4342.8000,4335.0000,4334.2000,4349.2000,4349.6000,4350.0000,4351.0000,4353.0000,1,2,20,5,1,1,1,23,1,1
SF,IF2008,2020-07-03 09:33:26.100,4349.2000,7291,0,376028040.000,0,-,-,-,-,4343.4000,4342.8000,4335.0000,4334.2000,4326.6000,4349.2000,4349.6000,4350.0000,4351.0000,4353.0000,2,20,5,1,3,1,1,23,1,1
SF,IF2008,2020-07-03 09:33:26.600,4349.2000,7291,0,376028040.000,0,-,-,-,-,4342.8000,4335.0000,4334.2000,4326.6000,4324.0000,4349.2000,4349.6000,4350.0000,4351.0000,4352.0000,20,5,1,3,1,1,1,23,1,1
SF,IF2008,2020-07-03 09:33:27.100,4349.2000,7291,0,376028040.000,0,-,-,-,-,4343.0000,4342.8000,4335.0000,4334.2000,4326.6000,4349.2000,4349.6000,4350.0000,4351.0000,4352.0000,1,20,5,1,3,1,1,23,1,1
SF,IF2008,2020-07-03 09:33:27.600,4349.2000,7291,0,376028040.000,0,-,-,-,-,4343.0000,4342.8000,4335.0000,4334.2000,4326.6000,4349.0000,4349.2000,4350.0000,4351.0000,4352.0000,1,20,5,1,3,1,1,23,1,1
SF,IF2008,2020-07-03 09:33:29.100,4349.2000,7291,0,376028040.000,0,-,-,-,-,4343.0000,4342.8000,4335.0000,4334.2000,4326.6000,4349.0000,4349.2000,4350.0000,4351.0000,4352.0000,2,20,5,1,3,1,1,23,1,1
SF,IF2008,2020-07-03 09:33:29.600,4349.2000,7291,0,376028040.000,0,-,-,-,-,4343.0000,4342.8000,4335.0000,4334.2000,4326.6000,4348.8000,4349.0000,4349.2000,4350.0000,4351.0000,2,20,5,1,3,1,1,1,23,1
SF,IF2008,2020-07-03 09:33:30.100,4349.2000,7291,0,376028040.000,0,-,-,-,-,4343.2000,4343.0000,4342.8000,4335.0000,4334.2000,4348.8000,4349.0000,4349.2000,4350.0000,4351.0000,1,2,20,5,1,1,1,1,23,1
SF,IF2008,2020-07-03 09:33:30.600,4348.8000,7292,1,377332680.000,1,1,0,双开,S,4343.4000,4343.2000,4343.0000,4342.8000,4335.0000,4349.0000,4349.2000,4350.0000,4351.0000,4352.0000,1,1,1,20,5,1,1,23,1,1
SF,IF2008,2020-07-03 09:33:31.100,4348.8000,7292,0,377332680.000,0,-,-,-,-,4346.2000,4343.6000,4343.4000,4343.0000,4342.8000,4349.0000,4349.2000,4350.0000,4351.0000,4352.0000,1,1,2,1,20,1,1,23,1,1
SF,IF2008,2020-07-03 09:33:31.600,4346.2000,7291,-1,379940460.000,2,0,2,多平,S,4343.6000,4343.0000,4342.8000,4340.4000,4335.0000,4345.6000,4349.0000,4350.0000,4351.0000,4352.0000,1,1,20,1,5,1,1,23,1,1
SF,IF2008,2020-07-03 09:33:32.100,4349.0000,7291,0,382548840.000,2,1,1,多换,S,4345.8000,4343.6000,4342.8000,4340.4000,4335.0000,4350.0000,4351.0000,4352.0000,4353.0000,4358.6000,1,1,20,1,5,23,1,1,1,1
SF,IF2008,2020-07-03 09:33:32.600,4345.8000,7291,0,383852580.000,1,0,1,多换,S,4346.6000,4342.8000,4340.4000,4335.0000,4334.2000,4349.8000,4350.0000,4351.0000,4352.0000,4353.0000,1,20,1,5,1,1,23,1,1,1
SF,IF2008,2020-07-03 09:33:33.100,4345.8000,7291,0,383852580.000,0,-,-,-,-,4346.6000,4342.8000,4335.0000,4334.2000,4326.6000,4349.8000,4350.0000,4351.0000,4352.0000,4353.0000,1,20,5,1,3,1,23,1,1,1
SF,IF2008,2020-07-03 09:33:33.600,4345.8000,7291,0,383852580.000,0,-,-,-,-,4346.6000,4342.8000,4335.0000,4334.2000,4326.6000,4349.8000,4350.0000,4351.0000,4353.0000,4358.6000,1,20,5,1,3,1,24,1,1,1
SF,IF2008,2020-07-03 09:33:35.100,4345.8000,7291,0,383852580.000,0,-,-,-,-,4346.6000,4342.8000,4335.0000,4334.2000,4326.6000,4349.8000,4350.0000,4351.0000,4353.0000,4358.6000,1,20,5,1,3,2,24,1,1,1
SF,IF2008,2020-07-03 09:33:35.600,4349.8000,7289,-2,386461500.000,2,0,2,双平,S,4346.8000,4345.8000,4342.8000,4335.0000,4334.2000,4349.8000,4350.0000,4351.0000,4353.0000,4358.6000,1,1,20,5,1,1,24,1,1,1
SF,IF2008,2020-07-03 09:33:36.100,4349.8000,7288,-1,387766440.000,1,0,1,双平,S,4346.8000,4345.8000,4342.8000,4335.0000,4334.2000,4350.0000,4351.0000,4353.0000,4358.6000,4360.4000,1,1,20,5,1,24,1,1,1,10
SF,IF2008,2020-07-03 09:33:36.600,4349.8000,7288,0,387766440.000,0,-,-,-,-,4346.8000,4345.8000,4344.2000,4342.8000,4335.0000,4350.0000,4351.0000,4351.4000,4353.0000,4358.6000,2,1,10,20,5,24,1,1,1,1
SF,IF2008,2020-07-03 09:33:37.100,4349.8000,7288,0,387766440.000,0,-,-,-,-,4346.8000,4345.8000,4344.2000,4342.8000,4335.0000,4350.0000,4351.0000,4351.4000,4353.0000,4358.6000,1,1,10,20,5,24,1,1,1,1
SF,IF2008,2020-07-03 09:33:37.600,4349.8000,7288,0,387766440.000,0,-,-,-,-,4345.8000,4344.2000,4342.8000,4335.0000,4334.2000,4350.0000,4351.0000,4351.4000,4353.0000,4358.6000,1,10,20,5,1,24,1,1,1,1
SF,IF2008,2020-07-03 09:33:38.100,4349.8000,7288,0,387766440.000,0,-,-,-,-,4346.0000,4345.8000,4344.2000,4342.8000,4335.0000,4350.0000,4351.0000,4353.0000,4358.6000,4360.4000,1,2,10,20,5,24,1,1,1,10
SF,IF2008,2020-07-03 09:33:38.600,4349.8000,7288,0,387766440.000,0,-,-,-,-,4346.0000,4345.8000,4344.2000,4342.8000,4335.0000,4350.0000,4351.0000,4353.0000,4358.6000,4360.4000,2,1,10,20,5,24,1,1,1,10
SF,IF2008,2020-07-03 09:33:39.100,4349.8000,7288,0,387766440.000,0,-,-,-,-,4346.0000,4345.8000,4344.2000,4342.8000,4335.0000,4349.8000,4350.0000,4351.0000,4353.0000,4358.6000,2,1,10,20,5,1,24,1,1,1
SF,IF2008,2020-07-03 09:33:39.600,4349.8000,7287,-1,389071380.000,1,0,1,双平,S,4346.0000,4345.8000,4344.2000,4342.8000,4335.0000,4350.0000,4351.0000,4353.0000,4358.6000,4360.0000,2,1,10,20,5,24,1,1,1,2
SF,IF2008,2020-07-03 09:33:40.100,4349.8000,7287,0,389071380.000,0,-,-,-,-,4346.0000,4345.8000,4344.2000,4342.8000,4335.0000,4350.0000,4351.0000,4353.0000,4358.6000,4360.0000,1,1,10,20,5,24,1,1,1,2
SF,IF2008,2020-07-03 09:33:40.600,4349.8000,7287,0,389071380.000,0,-,-,-,-,4346.2000,4346.0000,4345.8000,4344.2000,4342.8000,4350.0000,4351.0000,4353.0000,4358.6000,4360.0000,1,2,1,10,20,24,1,1,1,2
SF,IF2008,2020-07-03 09:33:41.100,4349.8000,7287,0,389071380.000,0,-,-,-,-,4346.2000,4345.8000,4344.2000,4342.8000,4335.0000,4350.0000,4351.0000,4353.0000,4358.6000,4360.0000,2,1,10,20,5,24,1,1,1,2
SF,IF2008,2020-07-03 09:33:41.600,4349.8000,7287,0,389071380.000,0,-,-,-,-,4346.2000,4345.8000,4344.2000,4342.8000,4335.0000,4350.0000,4350.2000,4351.0000,4353.0000,4358.6000,2,1,10,20,5,24,1,1,1,1
SF,IF2008,2020-07-03 09:33:42.100,4349.8000,7287,0,389071380.000,0,-,-,-,-,4348.2000,4346.4000,4346.2000,4345.8000,4344.2000,4350.0000,4350.2000,4351.0000,4353.0000,4358.6000,1,1,1,1,10,24,1,1,1,1
SF,IF2008,2020-07-03 09:33:42.600,4349.8000,7286,-1,391680780.000,2,0,2,多平,S,4346.4000,4346.2000,4345.8000,4344.2000,4342.8000,4350.0000,4350.2000,4351.0000,4353.0000,4358.6000,1,1,1,10,20,24,1,1,1,1
SF,IF2008,2020-07-03 09:33:43.100,4349.8000,7286,0,391680780.000,0,-,-,-,-,4346.4000,4346.2000,4345.8000,4344.2000,4342.8000,4349.8000,4350.0000,4350.2000,4351.0000,4353.0000,1,1,1,10,20,1,24,1,1,1
SF,IF2008,2020-07-03 09:33:44.100,4346.4000,7285,-1,392984700.000,1,0,1,双平,S,4346.2000,4345.8000,4344.2000,4342.8000,4335.0000,4349.8000,4350.0000,4350.2000,4351.0000,4353.0000,1,1,10,20,5,1,24,1,1,1
SF,IF2008,2020-07-03 09:33:44.600,4346.4000,7285,0,392984700.000,0,-,-,-,-,4345.8000,4344.2000,4342.8000,4335.0000,4334.2000,4349.8000,4350.0000,4350.2000,4351.0000,4353.0000,1,10,20,5,1,1,24,1,1,1
SF,IF2008,2020-07-03 09:33:45.100,4346.4000,7285,0,392984700.000,0,-,-,-,-,4346.0000,4345.8000,4344.2000,4342.8000,4335.0000,4349.2000,4349.6000,4350.0000,4350.2000,4351.0000,1,1,10,20,5,1,1,24,1,1
SF,IF2008,2020-07-03 09:33:45.600,4349.2000,7285,0,394289460.000,1,0,1,多换,S,4346.0000,4345.8000,4344.2000,4342.8000,4335.0000,4349.2000,4349.6000,4350.0000,4350.2000,4351.0000,1,1,10,20,5,1,1,24,1,1
SF,IF2008,2020-07-03 09:33:46.600,4349.2000,7285,0,395594220.000,1,0,1,多换,S,4346.0000,4345.8000,4344.2000,4342.8000,4335.0000,4349.6000,4350.0000,4350.2000,4351.0000,4353.0000,1,1,10,20,5,1,24,1,1,1
SF,IF2008,2020-07-03 09:33:47.100,4349.2000,7285,0,395594220.000,0,-,-,-,-,4346.0000,4345.8000,4344.2000,4342.8000,4342.0000,4349.6000,4350.0000,4350.2000,4351.0000,4353.0000,2,1,10,20,1,1,24,1,1,1
SF,IF2008,2020-07-03 09:33:47.600,4349.2000,7285,0,395594220.000,0,-,-,-,-,4347.8000,4346.0000,4345.8000,4344.2000,4342.8000,4349.6000,4350.0000,4350.2000,4351.0000,4353.0000,1,1,1,10,20,1,24,1,1,1
SF,IF2008,2020-07-03 09:33:48.100,4349.2000,7285,0,395594220.000,0,-,-,-,-,4345.8000,4344.2000,4342.8000,4342.0000,4335.0000,4349.6000,4350.0000,4350.2000,4351.0000,4353.0000,1,10,20,1,5,1,24,1,1,1
SF,IF2008,2020-07-03 09:33:48.600,4345.8000,7284,-1,396897960.000,1,0,1,双平,S,4344.2000,4342.8000,4342.0000,4335.0000,4334.2000,4349.6000,4350.0000,4350.2000,4351.0000,4353.0000,10,20,1,5,1,1,24,1,1,1
SF,IF2008,2020-07-03 09:33:49.100,4345.8000,7284,0,396897960.000,0,-,-,-,-,4344.4000,4344.2000,4342.8000,4342.0000,4335.0000,4349.6000,4350.0000,4350.2000,4351.0000,4353.0000,1,10,20,1,5,1,24,1,1,1
SF,IF2008,2020-07-03 09:33:51.600,4345.8000,7284,0,396897960.000,0,-,-,-,-,4345.0000,4344.4000,4344.2000,4342.8000,4342.0000,4349.6000,4350.0000,4350.2000,4351.0000,4353.0000,1,1,10,20,1,2,24,1,1,1
SF,IF2008,2020-07-03 09:33:52.100,4345.8000,7284,0,396897960.000,0,-,-,-,-,4345.0000,4344.2000,4342.8000,4342.0000,4335.0000,4349.6000,4350.0000,4350.2000,4351.0000,4353.0000,1,10,20,1,5,2,24,1,1,1
SF,IF2008,2020-07-03 09:33:52.600,4345.8000,7284,0,396897960.000,0,-,-,-,-,4345.0000,4344.2000,4342.8000,4342.0000,4335.0000,4349.4000,4349.6000,4350.0000,4350.2000,4351.0000,2,10,20,1,5,1,2,24,1,1
SF,IF2008,2020-07-03 09:33:53.100,4345.8000,7284,0,396897960.000,0,-,-,-,-,4347.2000,4345.2000,4345.0000,4344.2000,4342.8000,4349.4000,4349.6000,4350.0000,4350.2000,4351.0000,1,1,1,10,20,1,2,24,1,1
SF,IF2008,2020-07-03 09:33:53.600,4345.8000,7284,0,396897960.000,0,-,-,-,-,4345.0000,4344.2000,4342.8000,4342.0000,4335.0000,4349.2000,4349.4000,4349.6000,4350.0000,4350.2000,1,10,20,1,5,1,1,1,24,1
SF,IF2008,2020-07-03 09:33:54.100,4349.2000,7284,0,398202720.000,1,0,1,多换,S,4345.0000,4344.2000,4342.8000,4342.0000,4335.0000,4349.4000,4349.6000,4350.0000,4350.2000,4351.0000,2,10,20,1,5,1,1,24,1,1
SF,IF2008,2020-07-03 09:33:54.600,4349.2000,7284,0,398202720.000,0,-,-,-,-,4345.2000,4345.0000,4344.2000,4342.8000,4342.0000,4349.4000,4349.6000,4350.0000,4350.2000,4351.0000,1,2,10,20,1,1,1,24,1,1
SF,IF2008,2020-07-03 09:33:55.100,4349.2000,7284,0,398202720.000,0,-,-,-,-,4345.2000,4345.0000,4344.2000,4342.8000,4342.0000,4349.4000,4349.6000,4350.0000,4350.2000,4351.0000,2,1,10,20,1,1,1,24,1,1
SF,IF2008,2020-07-03 09:33:55.600,4349.2000,7284,0,398202720.000,0,-,-,-,-,4345.2000,4345.0000,4344.2000,4342.8000,4342.0000,4349.2000,4349.4000,4349.6000,4350.0000,4350.2000,2,1,10,20,1,1,1,1,24,1
SF,IF2008,2020-07-03 09:33:56.100,4349.2000,7284,0,398202720.000,0,-,-,-,-,4345.4000,4345.2000,4345.0000,4344.2000,4342.8000,4349.2000,4349.4000,4349.6000,4350.0000,4350.2000,1,2,1,10,20,1,1,1,24,1
SF,IF2008,2020-07-03 09:33:56.600,4349.2000,7284,0,398202720.000,0,-,-,-,-,4345.4000,4345.0000,4344.2000,4342.8000,4342.0000,4349.2000,4349.4000,4349.6000,4350.0000,4350.2000,1,1,10,20,1,1,1,1,24,1
SF,IF2008,2020-07-03 09:33:57.600,4349.2000,7284,0,398202720.000,0,-,-,-,-,4345.6000,4345.4000,4345.0000,4344.2000,4342.8000,4349.2000,4349.4000,4349.6000,4350.0000,4350.2000,1,1,1,10,20,1,1,1,24,1
SF,IF2008,2020-07-03 09:33:58.100,4349.2000,7284,0,398202720.000,0,-,-,-,-,4345.4000,4345.0000,4344.2000,4342.8000,4342.0000,4349.2000,4349.4000,4349.6000,4350.0000,4350.2000,1,1,10,20,1,1,1,1,24,1
SF,IF2008,2020-07-03 09:33:58.600,4349.2000,7284,0,398202720.000,0,-,-,-,-,4347.4000,4345.6000,4345.4000,4345.0000,4344.2000,4349.0000,4349.2000,4349.4000,4349.6000,4350.0000,1,1,2,1,10,1,1,1,1,24
SF,IF2008,2020-07-03 09:33:59.100,4347.4000,7283,-1,399506940.000,1,0,1,双平,S,4345.6000,4345.4000,4345.0000,4344.2000,4342.8000,4349.0000,4349.2000,4349.4000,4349.6000,4350.0000,1,1,1,10,20,1,1,1,1,24
SF,IF2008,2020-07-03 09:33:59.600,4347.4000,7283,0,399506940.000,0,-,-,-,-,4346.0000,4345.8000,4345.6000,4345.4000,4345.0000,4349.0000,4349.2000,4349.4000,4349.6000,4350.0000,1,1,1,1,1,1,1,1,1,24
SF,IF2008,2020-07-03 09:34:00.100,4347.4000,7283,0,399506940.000,0,-,-,-,-,4346.2000,4346.0000,4345.0000,4344.2000,4342.8000,4349.0000,4349.2000,4349.4000,4349.6000,4350.0000,3,2,1,10,20,1,1,1,1,24
SF,IF2008,2020-07-03 09:34:00.600,4347.4000,7283,0,399506940.000,0,-,-,-,-,4346.4000,4346.2000,4346.0000,4345.0000,4344.2000,4349.0000,4349.2000,4349.4000,4349.6000,4350.0000,1,2,1,1,10,1,1,1,1,24
SF,IF2008,2020-07-03 09:34:01.100,4347.4000,7283,0,399506940.000,0,-,-,-,-,4346.6000,4346.4000,4346.2000,4346.0000,4345.0000,4349.0000,4349.2000,4349.4000,4349.6000,4350.0000,2,1,2,1,1,1,1,1,1,24
SF,IF2008,2020-07-03 09:34:01.600,4349.0000,7283,0,400811640.000,1,0,1,多换,S,4346.8000,4346.2000,4346.0000,4345.0000,4344.2000,4349.2000,4349.4000,4349.6000,4350.0000,4351.0000,2,1,1,1,10,1,1,1,24,1
SF,IF2008,2020-07-03 09:34:02.100,4349.0000,7283,0,402116340.000,1,0,1,多换,S,4349.0000,4346.8000,4346.2000,4346.0000,4345.0000,4349.2000,4349.4000,4349.6000,4350.0000,4351.0000,1,1,1,1,1,1,1,1,24,1
SF,IF2008,2020-07-03 09:34:02.600,4349.0000,7283,0,403421040.000,1,0,1,多换,S,4346.8000,4346.2000,4346.0000,4345.0000,4344.2000,4348.8000,4349.2000,4349.4000,4349.6000,4350.0000,1,1,1,1,10,1,1,1,1,24
SF,IF2008,2020-07-03 09:34:03.100,4347.0000,7282,-1,404725140.000,1,0,1,双平,S,4347.0000,4346.4000,4346.2000,4346.0000,4345.0000,4349.2000,4349.4000,4349.6000,4350.0000,4351.0000,2,1,1,1,1,1,1,1,24,1
SF,IF2008,2020-07-03 09:34:03.600,4347.0000,7282,0,404725140.000,0,-,-,-,-,4347.0000,4346.4000,4346.2000,4346.0000,4345.0000,4349.0000,4349.2000,4349.4000,4349.6000,4350.0000,2,1,1,1,1,1,1,1,1,24
SF,IF2008,2020-07-03 09:34:04.100,4349.2000,7281,-1,406029900.000,1,0,1,双平,S,4348.0000,4347.2000,4347.0000,4346.4000,4346.2000,4349.4000,4349.6000,4350.0000,4351.0000,4353.0000,1,1,2,1,1,1,1,24,1,1
SF,IF2008,2020-07-03 09:34:04.600,4348.0000,7280,-1,407334300.000,1,0,1,双平,S,4347.0000,4346.4000,4346.2000,4346.0000,4345.0000,4349.2000,4349.4000,4349.6000,4350.0000,4351.0000,1,1,1,1,1,1,1,1,24,1
SF,IF2008,2020-07-03 09:34:05.100,4347.0000,7279,-1,408638400.000,1,0,1,双平,S,4346.4000,4346.2000,4346.0000,4345.0000,4344.2000,4349.2000,4349.4000,4349.6000,4350.0000,4351.0000,1,1,1,1,10,1,1,1,24,1
SF,IF2008,2020-07-03 09:34:05.600,4347.0000,7279,0,408638400.000,0,-,-,-,-,4346.6000,4346.4000,4346.2000,4346.0000,4345.0000,4349.2000,4349.4000,4349.6000,4350.0000,4351.0000,2,1,1,1,1,1,1,1,24,1
SF,IF2008,2020-07-03 09:34:06.600,4349.2000,7278,-1,409943160.000,1,0,1,双平,S,4346.6000,4346.4000,4346.2000,4346.0000,4345.0000,4349.4000,4349.6000,4350.0000,4351.0000,4353.0000,1,1,1,1,1,1,1,24,1,1
SF,IF2008,2020-07-03 09:34:07.100,4349.2000,7278,0,409943160.000,0,-,-,-,-,4346.6000,4346.4000,4346.2000,4346.0000,4345.0000,4349.2000,4349.4000,4349.6000,4350.0000,4351.0000,1,1,1,1,1,1,1,1,24,1
SF,IF2008,2020-07-03 09:34:07.600,4349.2000,7278,0,409943160.000,0,-,-,-,-,4346.6000,4346.4000,4346.2000,4346.0000,4345.0000,4349.2000,4349.4000,4349.6000,4350.0000,4351.0000,2,1,1,1,1,1,1,1,24,1
SF,IF2008,2020-07-03 09:34:08.100,4349.2000,7278,0,409943160.000,0,-,-,-,-,4346.6000,4346.4000,4346.2000,4346.0000,4345.0000,4349.4000,4349.6000,4349.8000,4350.0000,4351.0000,2,1,1,1,1,1,1,1,24,1
SF,IF2008,2020-07-03 09:34:08.600,4349.2000,7278,0,409943160.000,0,-,-,-,-,4346.8000,4346.6000,4346.4000,4346.0000,4345.0000,4349.4000,4349.6000,4349.8000,4350.0000,4351.0000,1,2,1,1,1,1,1,1,24,1
SF,IF2008,2020-07-03 09:34:09.100,4349.2000,7278,0,409943160.000,0,-,-,-,-,4347.0000,4346.8000,4346.0000,4345.0000,4344.2000,4349.4000,4349.6000,4349.8000,4350.0000,4351.0000,1,1,1,1,10,1,1,1,24,1
SF,IF2008,2020-07-03 09:34:09.600,4349.2000,7278,0,409943160.000,0,-,-,-,-,4348.2000,4347.0000,4346.8000,4346.0000,4345.0000,4349.4000,4349.6000,4349.8000,4350.0000,4351.0000,1,2,1,1,1,1,1,1,24,1
SF,IF2008,2020-07-03 09:34:10.100,4349.2000,7278,0,409943160.000,0,-,-,-,-,4348.4000,4347.0000,4346.8000,4346.0000,4345.0000,4349.4000,4349.6000,4349.8000,4350.0000,4351.0000,1,1,1,1,1,1,1,1,24,1
SF,IF2008,2020-07-03 09:34:10.600,4349.2000,7278,0,409943160.000,0,-,-,-,-,4348.4000,4346.8000,4346.0000,4345.0000,4344.2000,4349.4000,4349.6000,4349.8000,4350.0000,4351.0000,2,1,1,1,10,1,1,1,24,1
SF,IF2008,2020-07-03 09:34:11.100,4349.4000,7278,0,415162620.000,4,2,2,多换,S,4348.4000,4346.0000,4345.0000,4344.2000,4342.8000,4350.0000,4351.0000,4353.0000,4356.0000,4358.6000,2,1,1,10,20,24,1,1,1,1
SF,IF2008,2020-07-03 09:34:11.600,4350.0000,7278,0,416467620.000,1,0,1,多换,S,4348.4000,4346.0000,4345.0000,4344.2000,4342.8000,4350.0000,4351.0000,4353.0000,4356.0000,4358.6000,2,1,1,10,20,23,1,1,1,1
SF,IF2008,2020-07-03 09:34:12.100,4350.0000,7278,0,424297200.000,6,3,3,多换,S,4348.4000,4346.0000,4345.0000,4344.2000,4342.8000,4350.0000,4351.0000,4353.0000,4356.0000,4358.6000,1,1,1,10,20,18,1,1,1,1
SF,IF2008,2020-07-03 09:34:12.600,4350.0000,7279,1,425602200.000,1,1,0,双开,S,4348.6000,4348.4000,4346.0000,4345.0000,4344.2000,4350.0000,4351.0000,4353.0000,4356.0000,4358.6000,1,2,1,1,10,17,1,1,1,1
SF,IF2008,2020-07-03 09:34:13.100,4350.0000,7277,-2,432127200.000,5,1,4,多平,S,4348.8000,4348.6000,4346.0000,4345.0000,4344.2000,4350.0000,4351.0000,4353.0000,4356.0000,4358.6000,1,1,1,1,10,12,1,1,1,1
SF,IF2008,2020-07-03 09:34:13.600,4350.0000,7269,-8,442567200.000,8,0,8,双平,S,4348.8000,4346.0000,4345.0000,4344.2000,4342.8000,4350.0000,4351.0000,4353.0000,4356.0000,4358.6000,2,1,1,10,20,4,1,1,1,1
SF,IF2008,2020-07-03 09:34:14.100,4350.0000,7269,0,442567200.000,0,-,-,-,-,4349.0000,4348.8000,4346.0000,4345.0000,4344.2000,4350.0000,4351.0000,4353.0000,4356.0000,4358.6000,1,2,1,1,10,4,1,1,1,1
SF,IF2008,2020-07-03 09:34:14.600,4350.0000,7269,0,446482200.000,3,1,2,多换,S,4349.0000,4348.8000,4345.0000,4344.2000,4342.8000,4350.0000,4351.0000,4353.0000,4356.0000,4358.6000,2,1,1,10,20,1,1,1,1,1
SF,IF2008,2020-07-03 09:34:15.100,4350.0000,7269,0,446482200.000,0,-,-,-,-,4349.0000,4348.8000,4345.0000,4344.2000,4342.8000,4350.0000,4351.0000,4353.0000,4358.6000,4360.0000,3,1,1,10,20,1,1,1,1,2
SF,IF2008,2020-07-03 09:34:15.600,4350.0000,7269,0,446482200.000,0,-,-,-,-,4349.2000,4349.0000,4348.8000,4345.0000,4344.2000,4350.0000,4351.0000,4353.0000,4358.6000,4360.0000,2,2,1,1,10,1,1,1,1,2
SF,IF2008,2020-07-03 09:34:16.100,4349.4000,7269,0,450396660.000,3,1,2,多换,S,4349.2000,4349.0000,4348.8000,4345.0000,4344.2000,4350.0000,4351.0000,4353.0000,4358.6000,4360.0000,2,1,1,1,10,1,1,1,1,2
SF,IF2008,2020-07-03 09:34:16.600,4349.2000,7266,-3,454311060.000,3,0,3,双平,S,4349.2000,4349.0000,4348.8000,4345.0000,4344.2000,4350.0000,4351.0000,4353.0000,4358.6000,4360.0000,1,1,1,1,10,1,1,1,1,2
SF,IF2008,2020-07-03 09:34:17.100,4350.0000,7265,-1,456920820.000,2,0,2,多平,S,4350.0000,4349.4000,4349.0000,4345.0000,4344.2000,4351.0000,4353.0000,4358.6000,4360.0000,4360.4000,1,1,1,1,10,1,1,1,2,10
SF,IF2008,2020-07-03 09:34:17.600,4349.4000,7265,0,459530640.000,2,1,1,多换,S,4345.0000,4344.2000,4342.8000,4342.0000,4340.8000,4350.8000,4351.0000,4353.0000,4358.6000,4360.0000,1,10,20,1,2,1,1,1,1,2
SF,IF2008,2020-07-03 09:34:18.100,4349.4000,7265,0,459530640.000,0,-,-,-,-,4345.2000,4345.0000,4344.2000,4342.8000,4342.0000,4350.8000,4351.0000,4353.0000,4358.6000,4360.0000,1,2,10,20,1,1,1,1,1,2
SF,IF2008,2020-07-03 09:34:18.600,4349.4000,7265,0,459530640.000,0,-,-,-,-,4345.2000,4345.0000,4344.2000,4342.8000,4342.0000,4350.8000,4351.0000,4353.0000,4358.6000,4360.0000,2,1,10,20,1,1,1,1,1,2
SF,IF2008,2020-07-03 09:34:19.100,4349.4000,7265,0,459530640.000,0,-,-,-,-,4349.4000,4345.2000,4345.0000,4344.2000,4342.8000,4350.8000,4351.0000,4353.0000,4358.6000,4360.0000,1,1,1,10,20,1,1,1,1,2
SF,IF2008,2020-07-03 09:34:19.600,4349.4000,7266,1,460835460.000,1,1,0,双开,S,4345.2000,4345.0000,4344.2000,4342.8000,4342.0000,4351.0000,4353.0000,4358.6000,4360.0000,4360.4000,1,1,10,20,1,1,1,1,2,10
SF,IF2008,2020-07-03 09:34:20.100,4349.4000,7266,0,460835460.000,0,-,-,-,-,4345.2000,4345.0000,4344.2000,4342.8000,4342.0000,4350.8000,4351.0000,4353.0000,4358.6000,4360.0000,1,1,10,20,1,1,1,1,1,2
SF,IF2008,2020-07-03 09:34:20.600,4349.4000,7266,0,460835460.000,0,-,-,-,-,4348.0000,4345.2000,4345.0000,4344.2000,4342.8000,4349.0000,4350.8000,4351.0000,4353.0000,4360.0000,1,2,1,10,20,1,1,1,1,2
SF,IF2008,2020-07-03 09:34:21.100,4349.4000,7266,0,460835460.000,0,-,-,-,-,4345.2000,4345.0000,4344.2000,4342.8000,4342.0000,4349.0000,4350.8000,4351.0000,4353.0000,4360.0000,1,1,10,20,1,1,1,1,1,2
SF,IF2008,2020-07-03 09:34:21.600,4349.0000,7265,-1,462140160.000,1,0,1,双平,S,4345.2000,4345.0000,4344.2000,4342.8000,4342.0000,4348.8000,4351.0000,4353.0000,4360.0000,4360.4000,2,1,10,20,1,1,1,1,2,10
SF,IF2008,2020-07-03 09:34:22.100,4349.0000,7265,0,462140160.000,0,-,-,-,-,4345.2000,4345.0000,4344.2000,4342.8000,4342.0000,4349.0000,4351.0000,4353.0000,4360.0000,4360.4000,2,1,10,20,1,1,1,1,2,10
SF,IF2008,2020-07-03 09:34:22.600,4349.0000,7265,0,462140160.000,0,-,-,-,-,4345.2000,4345.0000,4344.2000,4342.8000,4342.0000,4348.8000,4349.0000,4351.0000,4353.0000,4360.0000,1,1,10,20,1,1,1,1,1,2
SF,IF2008,2020-07-03 09:34:23.100,4349.0000,7265,0,462140160.000,0,-,-,-,-,4345.2000,4345.0000,4344.2000,4342.8000,4342.0000,4348.8000,4349.0000,4351.0000,4353.0000,4360.0000,1,1,10,20,1,2,1,1,1,2
SF,IF2008,2020-07-03 09:34:23.600,4345.2000,7264,-1,463443720.000,1,0,1,双平,S,4345.0000,4344.2000,4342.8000,4342.0000,4340.8000,4348.8000,4349.0000,4351.0000,4353.0000,4360.0000,1,10,20,1,2,2,1,1,1,2
SF,IF2008,2020-07-03 09:34:24.100,4345.2000,7264,0,463443720.000,0,-,-,-,-,4345.2000,4345.0000,4344.2000,4342.8000,4342.0000,4348.8000,4349.0000,4351.0000,4353.0000,4360.0000,1,1,10,20,1,1,1,1,1,2
SF,IF2008,2020-07-03 09:34:24.600,4345.2000,7264,0,464747280.000,1,0,1,多换,S,4345.4000,4345.2000,4345.0000,4344.2000,4342.8000,4348.8000,4349.0000,4351.0000,4353.0000,4360.0000,1,1,1,10,20,1,1,1,1,2
SF,IF2008,2020-07-03 09:34:25.100,4345.2000,7264,0,464747280.000,0,-,-,-,-,4345.6000,4345.4000,4345.0000,4344.2000,4342.8000,4348.8000,4349.0000,4351.0000,4353.0000,4360.0000,1,2,1,10,20,1,1,1,1,2
SF,IF2008,2020-07-03 09:34:25.600,4345.2000,7264,0,464747280.000,0,-,-,-,-,4345.6000,4345.4000,4345.0000,4344.2000,4342.8000,4348.8000,4349.0000,4351.0000,4353.0000,4360.0000,1,2,1,10,20,1,1,1,1,2
SF,IF2008,2020-07-03 09:34:26.100,4345.2000,7264,0,464747280.000,0,-,-,-,-,4345.8000,4345.6000,4345.0000,4344.2000,4342.8000,4349.0000,4351.0000,4353.0000,4360.0000,4360.4000,2,3,1,10,20,1,1,1,2,10
SF,IF2008,2020-07-03 09:34:26.600,4345.8000,7263,-1,466051020.000,1,0,1,双平,S,4346.0000,4345.8000,4345.6000,4345.0000,4344.2000,4348.8000,4349.0000,4351.0000,4353.0000,4360.0000,2,2,1,1,10,1,1,1,1,2
