市场代码,合约代码,时间,最新,持仓,增仓,成交额,成交量,开仓,平仓,成交类型,方向,买一价,买二价,买三价,买四价,买五价,卖一价,卖二价,卖三价,卖四价,卖五价,买一量,买二量,买三量,买四量,买五量,卖一量,卖二量,卖三量,卖四量,卖五量
SF,IF2011,2020-10-13 09:29:00.000,4792.0000,13426,0,28752000.000,20.000,-,-,-,-,4789.4000,4786.0000,4784.2000,4780.0000,4779.4000,4792.0000,4793.0000,4793.2000,4793.6000,4795.0000,2,1,2,1,2,2,4,1,1,4
SF,IF2011,2020-10-13 09:30:00.500,4780.4000,13431,5,37366080.000,6,5,1,空开,S,4780.0000,4779.4000,4778.2000,4774.0000,4772.2000,4781.0000,4782.4000,4782.6000,4783.2000,4783.4000,1,2,5,1,1,1,3,3,2,10
SF,IF2011,2020-10-13 09:30:01.000,4779.4000,13430,-1,43101540.000,4,1,3,多平,S,4778.2000,4772.0000,4771.2000,4771.0000,4770.0000,4779.0000,4780.0000,4780.6000,4780.8000,4782.4000,5,8,2,4,1,1,8,2,2,3
SF,IF2011,2020-10-13 09:30:01.500,4778.2000,13425,-5,53136300.000,7,1,6,多平,S,4778.2000,4772.0000,4771.0000,4770.0000,4769.6000,4780.0000,4780.6000,4780.8000,4782.4000,4782.6000,3,8,4,1,1,7,2,2,3,3
SF,IF2011,2020-10-13 09:30:02.000,4778.2000,13420,-5,68905140.000,11,3,8,多平,S,4778.2000,4772.0000,4771.0000,4770.0000,4769.6000,4779.6000,4779.8000,4780.0000,4780.8000,4783.4000,1,8,4,1,1,2,2,8,1,6
SF,IF2011,2020-10-13 09:30:02.500,4772.0000,13419,-1,77504400.000,6,2,4,多平,S,4772.0000,4771.0000,4770.0000,4769.6000,4769.4000,4779.0000,4779.4000,4779.6000,4779.8000,4780.0000,7,4,1,1,3,1,1,2,2,7
SF,IF2011,2020-10-13 09:30:03.000,4777.8000,13417,-2,81800940.000,3,0,3,多平,S,4773.6000,4773.4000,4772.6000,4772.4000,4772.2000,4777.0000,4778.6000,4778.8000,4779.6000,4779.8000,1,1,1,5,4,1,1,2,1,2
SF,IF2011,2020-10-13 09:30:03.500,4777.8000,13417,0,83234280.000,1,0,1,多换,S,4774.0000,4773.8000,4773.6000,4773.4000,4772.8000,4777.0000,4778.6000,4778.8000,4779.6000,4779.8000,2,2,1,1,2,1,1,1,1,2
SF,IF2011,2020-10-13 09:30:04.000,4777.0000,13416,-1,84667380.000,1,0,1,双平,S,4774.6000,4774.2000,4774.0000,4773.4000,4772.8000,4778.6000,4778.8000,4779.6000,4779.8000,4780.0000,1,4,1,1,6,1,1,1,2,7
SF,IF2011,2020-10-13 09:30:04.500,4777.0000,13416,0,84667380.000,0,-,-,-,-,4774.8000,4773.4000,4772.8000,4772.2000,4772.0000,4778.2000,4778.4000,4778.6000,4779.8000,4780.0000,5,1,6,3,8,1,3,1,2,7
SF,IF2011,2020-10-13 09:30:05.000,4774.8000,13415,-1,96130380.000,8,3,5,多平,S,4774.8000,4773.4000,4772.8000,4772.2000,4772.0000,4778.0000,4778.2000,4778.4000,4779.8000,4780.0000,1,1,6,8,8,1,1,1,2,7
SF,IF2011,2020-10-13 09:30:05.500,4774.8000,13415,0,96130380.000,0,-,-,-,-,4774.8000,4773.6000,4773.4000,4772.8000,4772.2000,4776.6000,4778.0000,4778.2000,4778.4000,4779.8000,1,1,1,6,3,1,1,1,1,2
SF,IF2011,2020-10-13 09:30:06.000,4776.6000,13416,1,100428720.000,3,2,1,空开,S,4773.6000,4773.4000,4772.8000,4772.2000,4772.0000,4774.8000,4778.2000,4778.4000,4780.0000,4785.0000,1,1,6,3,7,1,1,1,7,6
SF,IF2011,2020-10-13 09:30:06.500,4773.6000,13415,-1,103293300.000,2,0,2,多平,S,4772.8000,4772.2000,4772.0000,4771.0000,4770.0000,4780.0000,4785.0000,4788.0000,4788.8000,4789.4000,3,2,7,4,1,7,6,2,2,16
SF,IF2011,2020-10-13 09:30:07.000,4773.6000,13415,0,103293300.000,0,-,-,-,-,4774.8000,4773.0000,4772.8000,4772.0000,4771.0000,4775.6000,4776.4000,4776.8000,4777.0000,4777.2000,1,2,2,7,4,1,1,3,1,5
SF,IF2011,2020-10-13 09:30:07.500,4774.8000,13414,-1,107590620.000,3,1,2,多平,S,4772.8000,4772.0000,4771.0000,4770.0000,4769.4000,4774.4000,4776.8000,4777.2000,4778.2000,4778.6000,2,7,4,1,3,2,3,4,20,1
SF,IF2011,2020-10-13 09:30:08.000,4772.8000,13413,-1,111886680.000,3,1,2,多平,S,4772.8000,4772.0000,4771.0000,4770.0000,4769.4000,4774.4000,4778.2000,4778.6000,4779.8000,4780.0000,1,7,4,1,3,1,20,1,1,7
SF,IF2011,2020-10-13 09:30:08.500,4774.4000,13412,-1,113319000.000,1,0,1,双平,S,4772.0000,4771.0000,4770.0000,4769.4000,4769.0000,4778.2000,4778.6000,4779.8000,4780.0000,4785.0000,7,4,1,3,2,20,1,1,7,6
SF,IF2011,2020-10-13 09:30:09.000,4775.4000,13410,-2,117616740.000,3,0,3,多平,S,4774.4000,4772.6000,4772.0000,4771.0000,4770.0000,4774.8000,4775.4000,4776.0000,4777.2000,4778.2000,2,1,7,4,1,1,3,2,1,20
SF,IF2011,2020-10-13 09:30:09.500,4774.8000,13407,-3,123346260.000,4,0,4,多平,S,4772.6000,4772.0000,4771.0000,4770.0000,4769.4000,4772.8000,4774.0000,4775.4000,4776.0000,4777.2000,1,7,4,1,2,1,2,1,2,1
SF,IF2011,2020-10-13 09:30:10.000,4773.0000,13404,-3,127643040.000,3,0,3,双平,S,4772.8000,4772.6000,4772.0000,4771.0000,4770.0000,4777.2000,4778.2000,4780.0000,4785.0000,4788.0000,2,2,7,4,1,1,20,7,5,2
SF,IF2011,2020-10-13 09:30:10.500,4777.0000,13405,1,130509180.000,2,1,1,空开,S,4774.0000,4773.0000,4772.8000,4772.6000,4772.0000,4775.6000,4776.8000,4777.2000,4778.2000,4780.0000,1,1,2,1,7,1,1,4,20,7
SF,IF2011,2020-10-13 09:30:11.000,4774.0000,13404,-1,131941380.000,1,0,1,双平,S,4773.2000,4772.8000,4772.6000,4772.4000,4772.0000,4775.6000,4777.2000,4778.2000,4780.0000,4785.0000,1,2,1,1,7,1,4,20,7,5
SF,IF2011,2020-10-13 09:30:11.500,4772.8000,13403,-1,141965940.000,7,3,4,多平,S,4772.4000,4772.0000,4771.0000,4770.0000,4769.4000,4772.6000,4778.2000,4780.0000,4785.0000,4788.0000,1,7,4,1,2,6,20,7,5,2
SF,IF2011,2020-10-13 09:30:12.000,4772.6000,13403,0,150556620.000,6,3,3,多换,S,4777.2000,4772.8000,4772.6000,4772.4000,4772.0000,4778.2000,4780.0000,4785.0000,4788.0000,4788.8000,1,2,4,5,7,20,7,5,2,1
SF,IF2011,2020-10-13 09:30:12.500,4777.2000,13403,0,151989780.000,1,0,1,多换,S,4772.8000,4772.4000,4772.0000,4771.0000,4770.0000,4774.2000,4775.8000,4776.6000,4776.8000,4777.2000,1,3,7,4,1,1,1,4,2,7
SF,IF2011,2020-10-13 09:30:13.000,4772.4000,13399,-4,159149700.000,5,0,5,多平,S,4772.8000,4772.4000,4772.0000,4771.0000,4770.0000,4775.8000,4776.8000,4777.2000,4778.0000,4778.2000,1,2,7,4,1,1,2,4,1,21
SF,IF2011,2020-10-13 09:30:13.500,4775.8000,13400,1,162015060.000,2,1,1,空开,S,4772.8000,4772.6000,4772.4000,4772.0000,4771.0000,4778.0000,4778.2000,4780.0000,4783.0000,4785.0000,3,1,2,7,4,1,21,7,5,5
SF,IF2011,2020-10-13 09:30:14.000,4775.8000,13400,0,162015060.000,0,-,-,-,-,4773.2000,4773.0000,4772.8000,4772.6000,4772.4000,4777.0000,4777.4000,4777.6000,4778.0000,4778.2000,1,3,3,1,2,2,1,1,1,22
SF,IF2011,2020-10-13 09:30:14.500,4775.8000,13400,0,162015060.000,0,-,-,-,-,4774.2000,4773.4000,4773.2000,4773.0000,4772.8000,4777.0000,4777.2000,4777.4000,4777.6000,4778.0000,1,1,1,3,3,2,1,1,1,1
SF,IF2011,2020-10-13 09:30:15.000,4777.0000,13400,0,164880480.000,2,1,1,多换,S,4774.4000,4774.2000,4773.6000,4773.4000,4773.2000,4777.2000,4777.6000,4778.0000,4778.2000,4779.0000,1,1,1,1,2,1,1,1,22,1
SF,IF2011,2020-10-13 09:30:15.500,4777.0000,13400,0,164880480.000,0,-,-,-,-,4774.4000,4774.2000,4773.6000,4773.4000,4773.2000,4777.0000,4777.2000,4777.6000,4778.0000,4778.2000,2,1,2,2,2,1,1,1,1,21
SF,IF2011,2020-10-13 09:30:16.000,4777.0000,13400,0,166313580.000,1,0,1,多换,S,4775.0000,4774.4000,4774.2000,4773.6000,4773.4000,4777.6000,4778.2000,4779.0000,4780.0000,4782.0000,1,2,1,2,2,1,21,1,7,1
SF,IF2011,2020-10-13 09:30:16.500,4777.0000,13399,-1,170613120.000,3,1,2,多平,S,4775.2000,4775.0000,4774.4000,4774.2000,4773.6000,4777.4000,4778.2000,4778.8000,4780.0000,4782.0000,2,1,1,1,2,1,21,1,7,1
SF,IF2011,2020-10-13 09:30:17.000,4777.0000,13399,0,170613120.000,0,-,-,-,-,4775.2000,4775.0000,4774.4000,4774.2000,4773.6000,4777.4000,4777.8000,4778.2000,4780.0000,4781.0000,2,1,1,1,2,1,1,21,8,1
SF,IF2011,2020-10-13 09:30:17.500,4777.4000,13399,0,173478900.000,2,1,1,多换,S,4775.2000,4774.2000,4773.6000,4773.4000,4773.2000,4777.8000,4778.2000,4780.0000,4781.0000,4782.0000,1,1,1,2,2,1,21,8,1,1
SF,IF2011,2020-10-13 09:30:18.000,4777.4000,13399,0,173478900.000,0,-,-,-,-,4775.2000,4774.2000,4773.6000,4773.4000,4773.2000,4777.6000,4777.8000,4778.2000,4780.0000,4781.0000,1,1,1,1,2,1,1,21,8,1
SF,IF2011,2020-10-13 09:30:18.500,4775.2000,13398,-1,174911460.000,1,0,1,双平,S,4774.2000,4773.4000,4773.2000,4773.0000,4772.8000,4777.6000,4777.8000,4778.2000,4780.0000,4781.0000,1,1,2,3,3,1,1,21,8,1
SF,IF2011,2020-10-13 09:30:19.000,4777.2000,13398,0,176344620.000,1,0,1,多换,S,4775.6000,4774.2000,4773.4000,4773.2000,4773.0000,4777.2000,4777.6000,4777.8000,4778.2000,4780.0000,1,1,1,2,3,1,1,1,21,8
SF,IF2011,2020-10-13 09:30:19.500,4774.4000,13399,1,183509100.000,5,3,2,空开,S,4774.8000,4774.2000,4773.2000,4773.0000,4772.8000,4777.2000,4777.6000,4777.8000,4778.2000,4780.0000,1,1,2,2,1,1,1,1,21,8
SF,IF2011,2020-10-13 09:30:20.000,4774.4000,13399,0,184941420.000,1,0,1,多换,S,4774.2000,4773.2000,4773.0000,4772.8000,4772.6000,4775.6000,4777.2000,4777.8000,4778.2000,4780.0000,1,2,2,1,1,2,1,1,21,8
SF,IF2011,2020-10-13 09:30:20.500,4774.4000,13399,0,184941420.000,0,-,-,-,-,4774.4000,4774.2000,4773.2000,4773.0000,4772.8000,4775.2000,4775.6000,4776.0000,4777.2000,4777.8000,1,1,1,2,1,1,2,1,1,1
SF,IF2011,2020-10-13 09:30:21.000,4774.4000,13399,0,187806000.000,2,1,1,多换,S,4773.0000,4772.8000,4772.6000,4772.4000,4772.0000,4775.2000,4775.6000,4776.0000,4777.2000,4777.8000,2,1,1,2,13,3,2,1,1,1
SF,IF2011,2020-10-13 09:30:21.500,4774.4000,13399,0,187806000.000,0,-,-,-,-,4773.2000,4773.0000,4772.8000,4772.6000,4772.4000,4775.2000,4775.6000,4776.0000,4777.2000,4777.8000,4,2,1,1,2,3,2,1,1,1
SF,IF2011,2020-10-13 09:30:22.000,4775.2000,13400,1,189238560.000,1,1,0,双开,S,4773.4000,4773.0000,4772.8000,4772.6000,4772.4000,4775.2000,4775.6000,4776.0000,4777.2000,4777.8000,1,1,1,1,2,2,2,1,1,2
SF,IF2011,2020-10-13 09:30:22.500,4775.2000,13400,0,189238560.000,0,-,-,-,-,4773.2000,4772.8000,4772.6000,4772.4000,4772.2000,4775.2000,4775.6000,4776.0000,4777.2000,4777.8000,1,1,1,2,1,2,2,1,1,2
SF,IF2011,2020-10-13 09:30:23.000,4775.2000,13399,-1,190671120.000,1,0,1,双平,S,4773.2000,4772.8000,4772.6000,4772.4000,4772.2000,4775.2000,4775.4000,4775.6000,4776.0000,4777.2000,1,1,1,2,1,2,1,2,1,1
SF,IF2011,2020-10-13 09:30:23.500,4773.2000,13399,0,192103080.000,1,0,1,多换,S,4772.6000,4772.4000,4772.2000,4772.0000,4771.0000,4775.0000,4775.2000,4775.4000,4775.6000,4776.0000,1,2,1,13,4,1,2,1,2,1
SF,IF2011,2020-10-13 09:30:24.000,4773.2000,13399,0,192103080.000,0,-,-,-,-,4772.6000,4772.4000,4772.2000,4772.0000,4771.0000,4773.2000,4775.2000,4775.4000,4776.0000,4777.2000,1,2,1,13,4,1,2,1,1,1
SF,IF2011,2020-10-13 09:30:24.500,4772.6000,13398,-1,193534860.000,1,0,1,双平,S,4772.4000,4772.0000,4771.0000,4770.0000,4769.4000,4773.2000,4775.2000,4775.4000,4776.0000,4777.2000,2,13,4,1,2,1,2,1,1,1
SF,IF2011,2020-10-13 09:30:25.000,4772.4000,13398,0,194966580.000,1,0,1,多换,S,4772.4000,4772.0000,4771.0000,4770.0000,4769.4000,4773.2000,4774.6000,4775.2000,4775.4000,4776.0000,1,13,4,1,2,1,1,2,1,1
SF,IF2011,2020-10-13 09:30:25.500,4772.4000,13398,0,196398300.000,1,0,1,多换,S,4772.0000,4771.0000,4770.0000,4769.4000,4769.2000,4773.0000,4773.2000,4774.6000,4775.2000,4775.4000,13,4,1,2,3,1,1,1,2,1
SF,IF2011,2020-10-13 09:30:26.000,4772.8000,13398,0,197830140.000,1,0,1,多换,S,4772.0000,4771.0000,4770.0000,4769.4000,4769.2000,4773.2000,4774.6000,4775.2000,4775.4000,4776.0000,13,4,1,2,1,1,1,2,1,1
SF,IF2011,2020-10-13 09:30:26.500,4772.0000,13397,-1,199261740.000,1,0,1,双平,S,4772.0000,4771.0000,4770.0000,4769.4000,4768.0000,4773.2000,4774.6000,4775.0000,4775.2000,4775.4000,12,4,1,2,1,1,1,5,2,1
SF,IF2011,2020-10-13 09:30:27.000,4772.0000,13396,-1,200693340.000,1,0,1,双平,S,4772.0000,4771.0000,4770.0000,4769.4000,4768.0000,4773.0000,4773.2000,4774.6000,4775.0000,4775.2000,11,4,1,2,1,1,1,1,6,2
SF,IF2011,2020-10-13 09:30:27.500,4772.0000,13395,-1,202124940.000,1,0,1,双平,S,4772.0000,4771.0000,4770.0000,4769.4000,4768.0000,4772.8000,4773.2000,4774.6000,4775.0000,4775.2000,10,4,1,2,1,1,1,1,6,2
SF,IF2011,2020-10-13 09:30:28.000,4773.2000,13395,0,203556900.000,1,0,1,多换,S,4772.0000,4771.0000,4770.0000,4769.4000,4768.0000,4774.6000,4775.0000,4775.2000,4775.4000,4777.2000,10,4,1,2,1,1,6,2,1,1
SF,IF2011,2020-10-13 09:30:28.500,4772.0000,13394,-1,204988500.000,1,0,1,双平,S,4772.2000,4772.0000,4771.0000,4770.0000,4769.4000,4773.6000,4774.0000,4774.4000,4774.6000,4775.0000,1,9,4,1,2,4,3,1,1,6
SF,IF2011,2020-10-13 09:30:29.000,4773.4000,13393,-1,207852540.000,2,0,2,多平,S,4772.8000,4772.0000,4771.0000,4770.0000,4769.4000,4773.4000,4773.6000,4774.0000,4774.4000,4774.6000,1,9,4,1,2,1,4,3,1,1
SF,IF2011,2020-10-13 09:30:29.500,4772.8000,13392,-1,209284380.000,1,0,1,双平,S,4772.0000,4771.0000,4770.0000,4769.4000,4768.0000,4772.8000,4773.2000,4774.0000,4774.6000,4775.0000,9,4,1,2,3,1,1,3,1,1
SF,IF2011,2020-10-13 09:30:30.000,4772.8000,13391,-1,212148060.000,2,0,2,多平,S,4772.0000,4771.0000,4770.0000,4769.4000,4768.0000,4772.6000,4774.0000,4775.0000,4775.2000,4775.4000,9,4,1,2,3,1,1,1,2,1
SF,IF2011,2020-10-13 09:30:30.500,4772.4000,13391,0,216443100.000,3,1,2,多换,S,4772.2000,4772.0000,4771.0000,4770.0000,4769.4000,4774.0000,4775.0000,4775.2000,4775.4000,4777.2000,2,9,4,1,2,1,1,2,1,1
SF,IF2011,2020-10-13 09:30:31.000,4772.4000,13391,0,216443100.000,0,-,-,-,-,4772.2000,4772.0000,4771.0000,4770.0000,4769.4000,4773.8000,4774.0000,4774.4000,4775.0000,4775.2000,2,9,4,1,2,1,3,1,1,2
SF,IF2011,2020-10-13 09:30:31.500,4772.4000,13391,0,216443100.000,0,-,-,-,-,4772.0000,4771.0000,4770.0000,4769.4000,4768.0000,4773.6000,4774.0000,4774.4000,4775.0000,4775.2000,9,4,1,2,3,4,3,1,1,2
SF,IF2011,2020-10-13 09:30:32.000,4773.2000,13388,-3,223601880.000,5,1,4,多平,S,4772.0000,4771.0000,4770.0000,4769.4000,4768.0000,4773.6000,4774.0000,4774.4000,4775.0000,4775.2000,6,4,1,2,3,7,3,1,1,2
SF,IF2011,2020-10-13 09:30:32.500,4772.0000,13388,0,225033480.000,1,0,1,多换,S,4772.0000,4771.0000,4770.0000,4769.4000,4768.0000,4773.6000,4774.0000,4774.4000,4775.0000,4775.2000,5,4,1,2,3,7,3,1,1,2
SF,IF2011,2020-10-13 09:30:33.000,4772.0000,13388,0,227896680.000,2,1,1,多换,S,4772.0000,4771.0000,4770.0000,4769.4000,4768.6000,4773.6000,4774.0000,4774.4000,4775.0000,4775.2000,3,4,1,2,1,7,3,1,1,2
SF,IF2011,2020-10-13 09:30:33.500,4772.0000,13388,0,230759880.000,2,1,1,多换,S,4772.0000,4771.0000,4770.0000,4769.4000,4768.6000,4773.6000,4774.0000,4774.4000,4775.0000,4775.2000,1,4,1,2,1,4,3,1,1,2
SF,IF2011,2020-10-13 09:30:34.000,4772.0000,13388,0,230759880.000,0,-,-,-,-,4772.0000,4771.0000,4770.0000,4769.4000,4768.6000,4773.4000,4773.6000,4773.8000,4774.0000,4774.4000,1,4,1,2,1,2,4,1,3,1
SF,IF2011,2020-10-13 09:30:34.500,4772.0000,13388,0,230759880.000,0,-,-,-,-,4772.0000,4771.0000,4770.0000,4769.4000,4768.6000,4773.2000,4773.4000,4773.6000,4773.8000,4774.0000,1,4,1,2,1,1,2,3,1,3
SF,IF2011,2020-10-13 09:30:35.000,4772.0000,13388,0,232191480.000,1,0,1,多换,S,4771.0000,4770.0000,4769.4000,4768.6000,4768.4000,4772.6000,4772.8000,4773.0000,4773.4000,4773.6000,4,1,2,1,1,1,1,1,2,3
SF,IF2011,2020-10-13 09:30:35.500,4772.0000,13388,0,232191480.000,0,-,-,-,-,4771.0000,4770.0000,4769.4000,4768.6000,4768.4000,4772.4000,4772.6000,4772.8000,4773.4000,4773.6000,4,1,2,1,1,1,1,1,2,3
SF,IF2011,2020-10-13 09:30:36.000,4772.0000,13388,0,232191480.000,0,-,-,-,-,4771.0000,4770.0000,4769.4000,4768.6000,4768.0000,4772.8000,4773.4000,4773.6000,4773.8000,4774.0000,4,1,2,1,3,1,2,3,1,2
SF,IF2011,2020-10-13 09:30:36.500,4772.0000,13388,0,232191480.000,0,-,-,-,-,4771.0000,4770.0000,4769.4000,4768.6000,4768.0000,4772.8000,4773.4000,4773.6000,4773.8000,4774.0000,4,1,2,1,3,1,2,3,1,2
SF,IF2011,2020-10-13 09:30:37.000,4772.0000,13388,0,232191480.000,0,-,-,-,-,4771.0000,4770.0000,4769.4000,4768.6000,4768.0000,4772.8000,4773.4000,4773.6000,4774.0000,4775.0000,4,1,2,1,3,1,2,3,2,1
SF,IF2011,2020-10-13 09:30:37.500,4772.0000,13388,0,232191480.000,0,-,-,-,-,4771.0000,4770.0000,4769.4000,4768.6000,4768.0000,4772.8000,4773.4000,4773.6000,4774.0000,4775.0000,4,1,2,1,3,2,2,3,2,1
SF,IF2011,2020-10-13 09:30:38.000,4772.8000,13387,-1,235055160.000,2,0,2,多平,S,4771.2000,4771.0000,4770.0000,4769.4000,4768.6000,4773.6000,4774.0000,4775.0000,4775.2000,4777.8000,4,4,1,2,1,2,2,1,2,1
SF,IF2011,2020-10-13 09:30:38.500,4772.8000,13387,0,235055160.000,0,-,-,-,-,4771.4000,4771.2000,4771.0000,4770.0000,4769.4000,4774.0000,4775.0000,4775.2000,4777.8000,4778.2000,1,3,4,1,2,1,1,2,1,20
SF,IF2011,2020-10-13 09:30:39.000,4772.8000,13387,0,235055160.000,0,-,-,-,-,4771.6000,4771.4000,4771.2000,4771.0000,4770.0000,4773.8000,4774.0000,4775.0000,4775.2000,4777.8000,1,1,3,4,1,1,1,1,2,1
SF,IF2011,2020-10-13 09:30:39.500,4772.8000,13387,0,235055160.000,0,-,-,-,-,4773.6000,4771.8000,4771.6000,4771.2000,4771.0000,4773.8000,4774.0000,4775.0000,4775.2000,4777.8000,1,1,1,3,4,1,1,1,2,1
SF,IF2011,2020-10-13 09:30:40.000,4774.0000,13384,-3,239351580.000,3,0,3,双平,S,4773.8000,4772.0000,4771.8000,4771.0000,4770.0000,4775.0000,4775.2000,4777.8000,4778.2000,4780.0000,1,1,1,4,1,1,2,1,20,13
SF,IF2011,2020-10-13 09:30:40.500,4773.8000,13383,-1,242215860.000,2,0,2,多平,S,4773.0000,4772.0000,4771.0000,4770.0000,4769.4000,4773.8000,4775.0000,4775.2000,4777.8000,4778.2000,1,1,4,1,2,1,1,2,1,20
SF,IF2011,2020-10-13 09:30:41.000,4773.8000,13382,-1,243648000.000,1,0,1,双平,S,4773.0000,4772.0000,4771.0000,4770.0000,4769.4000,4773.8000,4775.0000,4775.2000,4777.8000,4778.2000,1,1,4,1,2,1,1,3,1,20
SF,IF2011,2020-10-13 09:30:41.500,4773.2000,13382,0,245079960.000,1,0,1,多换,S,4773.0000,4772.6000,4771.0000,4770.0000,4769.4000,4773.8000,4775.0000,4775.2000,4777.8000,4778.2000,1,1,4,1,2,1,1,3,1,20
SF,IF2011,2020-10-13 09:30:42.000,4773.0000,13382,0,246511860.000,1,0,1,多换,S,4772.6000,4771.0000,4770.0000,4769.4000,4768.6000,4773.8000,4775.0000,4775.2000,4777.8000,4778.2000,1,4,1,2,1,1,1,3,1,20
SF,IF2011,2020-10-13 09:30:42.500,4773.8000,13381,-1,249375840.000,2,0,2,多平,S,4772.6000,4771.0000,4770.0000,4769.4000,4768.6000,4775.0000,4775.2000,4777.8000,4778.2000,4780.0000,1,4,1,2,1,1,3,1,20,13
SF,IF2011,2020-10-13 09:30:43.000,4773.8000,13381,0,249375840.000,0,-,-,-,-,4772.8000,4772.6000,4771.0000,4770.0000,4769.4000,4775.0000,4775.2000,4777.8000,4778.2000,4780.0000,1,1,4,1,2,1,5,1,20,14
SF,IF2011,2020-10-13 09:30:43.500,4773.8000,13381,0,249375840.000,0,-,-,-,-,4772.8000,4772.6000,4771.0000,4770.0000,4769.4000,4775.0000,4775.2000,4777.8000,4778.2000,4780.0000,1,1,4,1,2,1,5,1,20,13
SF,IF2011,2020-10-13 09:30:44.000,4773.8000,13381,0,249375840.000,0,-,-,-,-,4772.8000,4772.6000,4771.0000,4770.0000,4769.4000,4775.0000,4775.2000,4777.8000,4778.2000,4780.0000,1,1,4,1,2,1,4,1,20,13
SF,IF2011,2020-10-13 09:30:44.500,4773.8000,13381,0,249375840.000,0,-,-,-,-,4772.8000,4772.6000,4771.0000,4770.0000,4769.4000,4775.0000,4775.2000,4777.8000,4778.2000,4780.0000,1,1,4,1,2,1,4,1,20,13
SF,IF2011,2020-10-13 09:30:45.000,4773.0000,13380,-1,250807740.000,1,0,1,双平,S,4772.8000,4772.6000,4771.0000,4770.0000,4769.4000,4775.0000,4775.2000,4777.8000,4778.2000,4780.0000,1,1,4,2,2,1,3,1,20,13
SF,IF2011,2020-10-13 09:30:45.500,4773.0000,13380,0,250807740.000,0,-,-,-,-,4772.8000,4772.6000,4771.0000,4770.0000,4769.4000,4775.0000,4775.2000,4777.8000,4778.2000,4780.0000,1,2,4,2,2,1,3,1,20,13
SF,IF2011,2020-10-13 09:30:46.000,4773.0000,13380,0,250807740.000,0,-,-,-,-,4772.8000,4772.6000,4771.0000,4770.0000,4769.4000,4775.0000,4775.2000,4777.8000,4778.2000,4780.0000,1,2,4,2,2,1,3,1,20,13
SF,IF2011,2020-10-13 09:30:46.500,4773.0000,13380,0,250807740.000,0,-,-,-,-,4772.8000,4772.6000,4771.0000,4770.0000,4769.4000,4775.0000,4775.2000,4777.8000,4778.2000,4780.0000,1,2,4,2,2,1,3,1,20,13
SF,IF2011,2020-10-13 09:30:48.500,4775.0000,13379,-1,252240240.000,1,0,1,双平,S,4772.8000,4772.6000,4771.0000,4770.0000,4769.4000,4775.2000,4777.8000,4778.2000,4780.0000,4782.0000,1,2,4,2,2,3,1,20,13,1
SF,IF2011,2020-10-13 09:30:49.000,4775.0000,13379,0,252240240.000,0,-,-,-,-,4772.8000,4772.6000,4771.0000,4770.0000,4769.4000,4775.2000,4777.8000,4778.2000,4780.0000,4782.0000,1,2,4,2,2,3,1,20,13,1
SF,IF2011,2020-10-13 09:30:51.000,4775.0000,13379,0,252240240.000,0,-,-,-,-,4772.8000,4772.6000,4771.0000,4770.0000,4769.4000,4775.0000,4775.2000,4777.8000,4778.2000,4780.0000,1,2,4,2,2,1,3,1,20,13
SF,IF2011,2020-10-13 09:30:51.500,4775.0000,13379,0,253672740.000,1,0,1,多换,S,4772.8000,4772.6000,4771.0000,4770.0000,4769.4000,4775.2000,4777.8000,4778.2000,4780.0000,4782.0000,1,2,4,2,2,3,1,20,13,1
SF,IF2011,2020-10-13 09:30:52.000,4775.0000,13379,0,253672740.000,0,-,-,-,-,4773.0000,4772.8000,4772.6000,4771.0000,4770.6000,4775.2000,4777.8000,4778.2000,4780.0000,4782.0000,2,1,2,4,1,3,1,20,13,1
SF,IF2011,2020-10-13 09:30:52.500,4775.0000,13379,0,253672740.000,0,-,-,-,-,4773.2000,4773.0000,4772.6000,4771.0000,4770.6000,4775.2000,4777.8000,4778.2000,4780.0000,4782.0000,2,2,1,4,1,3,1,20,13,1
SF,IF2011,2020-10-13 09:30:53.000,4775.0000,13379,0,253672740.000,0,-,-,-,-,4773.2000,4773.0000,4772.6000,4772.4000,4771.0000,4775.2000,4776.4000,4777.8000,4778.2000,4780.0000,2,2,1,1,4,3,1,1,20,13
SF,IF2011,2020-10-13 09:30:53.500,4775.2000,13378,-1,255105300.000,1,0,1,双平,S,4773.4000,4773.2000,4773.0000,4772.6000,4772.4000,4775.2000,4776.4000,4777.8000,4778.2000,4780.0000,3,2,2,1,1,2,1,1,20,13
SF,IF2011,2020-10-13 09:30:54.000,4775.2000,13378,0,255105300.000,0,-,-,-,-,4773.4000,4773.2000,4772.6000,4772.4000,4771.0000,4775.2000,4776.4000,4777.8000,4778.2000,4780.0000,2,2,1,1,4,1,1,1,20,13
SF,IF2011,2020-10-13 09:30:54.500,4775.2000,13378,0,255105300.000,0,-,-,-,-,4773.6000,4773.2000,4772.6000,4772.4000,4772.0000,4775.2000,4776.4000,4777.8000,4778.2000,4780.0000,1,2,1,1,1,1,1,1,20,13
SF,IF2011,2020-10-13 09:30:55.000,4773.8000,13378,0,256537440.000,1,0,1,多换,S,4773.2000,4772.6000,4772.4000,4772.0000,4771.0000,4773.4000,4775.2000,4776.4000,4777.8000,4778.2000,1,1,1,1,4,2,1,1,1,20
SF,IF2011,2020-10-13 09:30:55.500,4773.4000,13377,-1,259401480.000,2,0,2,多平,S,4773.4000,4772.6000,4772.4000,4772.0000,4771.0000,4775.2000,4776.4000,4777.8000,4778.2000,4780.0000,2,1,1,1,4,1,1,1,20,13
SF,IF2011,2020-10-13 09:30:56.500,4773.4000,13377,0,259401480.000,0,-,-,-,-,4773.4000,4772.6000,4772.4000,4772.0000,4771.0000,4775.2000,4776.4000,4777.8000,4778.2000,4780.0000,2,1,1,1,4,1,1,1,20,13
SF,IF2011,2020-10-13 09:30:57.000,4773.4000,13377,0,259401480.000,0,-,-,-,-,4773.4000,4772.6000,4772.4000,4772.0000,4771.0000,4775.2000,4776.4000,4777.8000,4778.2000,4780.0000,1,1,1,1,4,1,1,1,20,13
SF,IF2011,2020-10-13 09:30:57.500,4773.4000,13377,0,259401480.000,0,-,-,-,-,4773.6000,4773.4000,4772.6000,4772.4000,4772.0000,4775.2000,4776.4000,4777.8000,4778.2000,4780.0000,1,1,1,1,1,1,1,1,20,13
SF,IF2011,2020-10-13 09:30:58.000,4775.2000,13377,0,260834040.000,1,0,1,多换,S,4773.8000,4773.4000,4772.6000,4772.4000,4772.0000,4776.4000,4777.8000,4778.2000,4780.0000,4782.0000,2,1,1,1,1,1,1,20,13,1
SF,IF2011,2020-10-13 09:30:58.500,4775.2000,13377,0,260834040.000,0,-,-,-,-,4774.0000,4773.8000,4773.4000,4772.6000,4772.4000,4776.2000,4776.4000,4777.8000,4778.2000,4780.0000,2,1,1,1,1,1,1,1,20,8
SF,IF2011,2020-10-13 09:30:59.000,4774.2000,13376,-1,262266300.000,1,0,1,双平,S,4774.0000,4773.4000,4772.6000,4772.4000,4772.0000,4776.2000,4776.4000,4777.8000,4778.2000,4780.0000,2,1,1,1,1,1,1,1,20,8
SF,IF2011,2020-10-13 09:31:00.500,4774.2000,13376,0,262266300.000,0,-,-,-,-,4774.0000,4773.4000,4772.6000,4772.4000,4772.0000,4776.2000,4776.4000,4777.8000,4778.2000,4780.0000,2,1,1,1,1,1,1,1,20,9
SF,IF2011,2020-10-13 09:31:01.000,4774.2000,13376,0,262266300.000,0,-,-,-,-,4774.0000,4773.4000,4772.6000,4772.4000,4772.0000,4776.2000,4776.4000,4777.8000,4778.2000,4780.0000,2,1,1,1,1,1,1,1,20,9
SF,IF2011,2020-10-13 09:31:01.500,4774.0000,13375,-1,263698500.000,1,0,1,双平,S,4774.0000,4773.4000,4772.6000,4772.4000,4772.0000,4776.0000,4776.2000,4776.4000,4777.8000,4778.2000,1,1,1,1,1,3,1,1,1,20
SF,IF2011,2020-10-13 09:31:02.000,4775.8000,13375,0,265131240.000,1,0,1,多换,S,4774.2000,4774.0000,4773.4000,4772.6000,4772.4000,4775.8000,4776.0000,4776.2000,4776.4000,4777.8000,1,1,1,1,1,1,6,1,1,1
SF,IF2011,2020-10-13 09:31:02.500,4775.8000,13375,0,265131240.000,0,-,-,-,-,4774.2000,4772.6000,4772.4000,4772.0000,4771.0000,4775.6000,4776.0000,4776.2000,4776.4000,4777.8000,1,1,1,1,4,1,2,1,1,1
SF,IF2011,2020-10-13 09:31:03.000,4775.8000,13375,0,265131240.000,0,-,-,-,-,4775.6000,4774.2000,4772.6000,4772.4000,4772.0000,4776.0000,4776.2000,4776.4000,4777.8000,4778.2000,1,1,1,1,1,2,1,1,1,20
SF,IF2011,2020-10-13 09:31:03.500,4775.6000,13374,-1,266563920.000,1,0,1,双平,S,4774.2000,4772.6000,4772.4000,4771.0000,4770.6000,4775.6000,4776.4000,4777.8000,4778.2000,4780.0000,1,2,1,4,1,2,1,1,20,9
SF,IF2011,2020-10-13 09:31:04.000,4775.6000,13374,0,266563920.000,0,-,-,-,-,4774.2000,4772.6000,4772.4000,4771.0000,4770.6000,4775.6000,4776.4000,4777.8000,4778.2000,4780.0000,1,2,1,4,1,1,1,1,20,9
SF,IF2011,2020-10-13 09:31:04.500,4775.6000,13374,0,266563920.000,0,-,-,-,-,4774.2000,4772.6000,4772.4000,4771.0000,4770.6000,4775.6000,4776.4000,4777.8000,4778.0000,4778.2000,1,2,1,4,1,1,1,1,1,20
SF,IF2011,2020-10-13 09:31:05.000,4775.6000,13374,0,266563920.000,0,-,-,-,-,4774.2000,4772.6000,4772.4000,4771.0000,4770.6000,4776.4000,4777.8000,4778.0000,4778.2000,4780.0000,1,2,1,4,1,1,1,1,20,9
SF,IF2011,2020-10-13 09:31:05.500,4775.6000,13374,0,266563920.000,0,-,-,-,-,4775.6000,4774.2000,4772.6000,4772.4000,4771.0000,4776.2000,4776.4000,4777.8000,4778.0000,4778.2000,1,1,2,1,4,2,1,1,1,20
SF,IF2011,2020-10-13 09:31:06.000,4775.6000,13373,-1,269429280.000,2,0,2,多平,S,4774.2000,4772.6000,4772.4000,4771.0000,4770.6000,4775.6000,4776.0000,4776.2000,4776.4000,4777.8000,1,2,1,4,1,2,1,1,1,1
SF,IF2011,2020-10-13 09:31:06.500,4775.6000,13373,0,269429280.000,0,-,-,-,-,4774.4000,4774.2000,4772.6000,4772.4000,4771.0000,4775.6000,4776.0000,4776.4000,4777.8000,4778.0000,1,1,2,1,4,1,1,1,1,1
SF,IF2011,2020-10-13 09:31:07.000,4774.6000,13372,-1,270861660.000,1,0,1,双平,S,4772.6000,4772.4000,4771.0000,4770.6000,4770.0000,4775.6000,4776.0000,4776.4000,4777.8000,4778.0000,2,1,4,1,4,1,1,1,1,1
SF,IF2011,2020-10-13 09:31:07.500,4774.6000,13372,0,270861660.000,0,-,-,-,-,4775.0000,4773.0000,4772.8000,4772.6000,4772.4000,4775.4000,4776.0000,4776.4000,4777.8000,4778.0000,1,1,3,2,1,3,1,1,1,1
SF,IF2011,2020-10-13 09:31:08.000,4775.0000,13372,0,272294160.000,1,0,1,多换,S,4773.0000,4772.8000,4772.6000,4772.4000,4771.0000,4775.0000,4775.4000,4776.0000,4776.4000,4777.8000,1,3,2,1,4,1,1,1,1,1
SF,IF2011,2020-10-13 09:31:08.500,4775.0000,13372,0,273726660.000,1,0,1,多换,S,4773.2000,4773.0000,4772.8000,4772.6000,4772.4000,4775.0000,4775.4000,4776.0000,4776.4000,4777.8000,2,1,1,2,1,1,1,1,1,1
SF,IF2011,2020-10-13 09:31:09.500,4775.0000,13372,0,273726660.000,0,-,-,-,-,4773.2000,4773.0000,4772.6000,4772.4000,4771.0000,4775.4000,4776.0000,4776.4000,4777.8000,4778.0000,2,1,2,1,4,1,1,1,1,1
SF,IF2011,2020-10-13 09:31:10.000,4775.0000,13372,0,273726660.000,0,-,-,-,-,4773.2000,4773.0000,4772.6000,4772.4000,4771.0000,4775.4000,4776.0000,4776.4000,4777.8000,4778.0000,1,1,2,1,4,1,1,1,1,1
SF,IF2011,2020-10-13 09:31:11.500,4775.4000,13372,0,275159280.000,1,0,1,多换,S,4773.2000,4773.0000,4772.6000,4772.4000,4771.0000,4776.0000,4776.4000,4777.8000,4778.0000,4778.2000,1,1,2,1,4,1,1,1,1,20
SF,IF2011,2020-10-13 09:31:12.000,4775.4000,13372,0,275159280.000,0,-,-,-,-,4775.4000,4773.2000,4773.0000,4772.6000,4772.4000,4775.8000,4776.0000,4776.4000,4777.8000,4778.0000,11,1,1,2,1,1,1,1,1,1
SF,IF2011,2020-10-13 09:31:12.500,4775.4000,13361,-11,290918100.000,11,0,11,双平,S,4775.0000,4773.2000,4773.0000,4772.6000,4772.4000,4775.4000,4775.6000,4775.8000,4776.0000,4776.4000,1,1,1,2,1,2,1,1,1,1
SF,IF2011,2020-10-13 09:31:13.000,4775.0000,13360,-1,293783100.000,2,0,2,多平,S,4773.2000,4773.0000,4772.6000,4772.4000,4771.0000,4775.4000,4776.0000,4776.4000,4777.8000,4778.0000,1,1,2,1,4,1,1,1,1,1
SF,IF2011,2020-10-13 09:31:13.500,4775.0000,13360,0,293783100.000,0,-,-,-,-,4773.4000,4773.2000,4773.0000,4772.6000,4772.4000,4775.2000,4775.4000,4776.0000,4776.4000,4777.8000,3,1,1,2,1,3,1,1,1,1
SF,IF2011,2020-10-13 09:31:14.000,4775.0000,13360,0,293783100.000,0,-,-,-,-,4773.6000,4773.4000,4773.0000,4772.6000,4772.4000,4775.0000,4775.2000,4776.0000,4776.4000,4777.8000,1,3,1,2,1,1,2,1,1,1
SF,IF2011,2020-10-13 09:31:14.500,4775.0000,13360,0,293783100.000,0,-,-,-,-,4773.8000,4773.6000,4773.4000,4773.0000,4772.6000,4774.8000,4775.2000,4776.0000,4776.4000,4777.8000,2,1,1,1,2,1,2,1,1,1
SF,IF2011,2020-10-13 09:31:15.000,4775.0000,13360,0,293783100.000,0,-,-,-,-,4774.0000,4773.8000,4772.6000,4772.4000,4771.0000,4775.2000,4776.0000,4776.4000,4777.8000,4778.0000,1,2,2,1,4,2,1,1,1,1
SF,IF2011,2020-10-13 09:31:15.500,4775.0000,13360,0,293783100.000,0,-,-,-,-,4774.0000,4773.8000,4772.6000,4772.4000,4771.0000,4775.0000,4775.2000,4776.0000,4776.4000,4777.8000,1,2,2,1,4,1,2,1,1,1
SF,IF2011,2020-10-13 09:31:16.000,4775.0000,13360,0,293783100.000,0,-,-,-,-,4774.0000,4773.8000,4772.6000,4772.4000,4771.0000,4775.2000,4776.0000,4776.4000,4777.8000,4778.0000,1,2,2,1,4,2,1,1,1,1
SF,IF2011,2020-10-13 09:31:16.500,4774.0000,13359,-1,295215300.000,1,0,1,双平,S,4773.8000,4772.6000,4772.4000,4771.0000,4770.6000,4774.0000,4775.0000,4775.2000,4776.0000,4776.4000,2,2,1,4,1,1,1,2,1,1
SF,IF2011,2020-10-13 09:31:17.000,4774.0000,13358,-1,296647500.000,1,0,1,双平,S,4774.2000,4773.8000,4772.6000,4772.4000,4771.0000,4775.2000,4775.8000,4776.0000,4776.4000,4777.8000,1,2,2,1,4,2,1,1,1,1
SF,IF2011,2020-10-13 09:31:17.500,4773.8000,13357,-1,299511900.000,2,0,2,多平,S,4773.8000,4772.6000,4772.4000,4771.0000,4770.6000,4774.2000,4775.0000,4775.2000,4775.8000,4776.0000,1,2,1,4,1,1,2,2,1,1
SF,IF2011,2020-10-13 09:31:18.000,4773.8000,13355,-2,302376300.000,2,0,2,双平,S,4772.6000,4772.4000,4771.0000,4770.6000,4770.0000,4775.0000,4775.2000,4775.8000,4776.0000,4776.4000,2,1,4,1,4,1,2,1,1,1
SF,IF2011,2020-10-13 09:31:18.500,4773.8000,13355,0,302376300.000,0,-,-,-,-,4772.8000,4772.6000,4772.4000,4771.0000,4770.6000,4775.0000,4775.2000,4775.8000,4776.0000,4776.4000,2,2,1,4,1,1,2,1,1,1
SF,IF2011,2020-10-13 09:31:19.500,4772.8000,13355,0,303808140.000,1,0,1,多换,S,4772.8000,4772.6000,4772.4000,4771.0000,4770.6000,4775.0000,4775.2000,4775.8000,4776.0000,4776.4000,1,2,1,4,1,1,2,1,1,1
SF,IF2011,2020-10-13 09:31:20.500,4772.8000,13354,-1,305239980.000,1,0,1,双平,S,4773.0000,4772.8000,4772.6000,4772.4000,4771.0000,4774.0000,4775.0000,4775.2000,4775.8000,4776.0000,5,1,2,1,4,20,1,2,1,1
SF,IF2011,2020-10-13 09:31:21.000,4772.8000,13354,0,305239980.000,0,-,-,-,-,4773.0000,4772.8000,4772.6000,4772.4000,4771.0000,4774.0000,4775.0000,4775.2000,4775.8000,4776.0000,5,1,3,1,4,20,1,2,1,1
SF,IF2011,2020-10-13 09:31:22.500,4772.8000,13354,0,305239980.000,0,-,-,-,-,4773.0000,4772.8000,4772.6000,4772.4000,4771.0000,4774.0000,4775.0000,4775.2000,4775.8000,4776.0000,5,1,3,1,4,20,1,2,1,2
SF,IF2011,2020-10-13 09:31:23.000,4773.0000,13352,-2,308103780.000,2,0,2,双平,S,4773.0000,4772.8000,4772.6000,4772.4000,4771.0000,4774.0000,4775.0000,4775.2000,4775.8000,4776.0000,3,1,3,1,4,20,1,2,1,2
SF,IF2011,2020-10-13 09:31:23.500,4773.0000,13351,-1,310967580.000,2,0,2,多平,S,4773.0000,4772.6000,4772.4000,4771.0000,4770.6000,4773.8000,4774.0000,4775.2000,4775.8000,4776.0000,1,3,1,4,1,1,20,2,1,2
SF,IF2011,2020-10-13 09:31:24.000,4773.0000,13350,-1,312399480.000,1,0,1,双平,S,4772.6000,4772.4000,4771.0000,4770.6000,4770.0000,4773.8000,4774.0000,4775.2000,4775.8000,4776.0000,3,1,4,1,4,1,20,2,1,2
SF,IF2011,2020-10-13 09:31:24.500,4772.6000,13350,0,313831260.000,1,0,1,多换,S,4772.6000,4772.4000,4771.0000,4770.6000,4770.0000,4773.6000,4773.8000,4774.0000,4775.0000,4775.2000,2,1,4,1,4,1,1,20,1,2
SF,IF2011,2020-10-13 09:31:25.000,4772.6000,13350,0,313831260.000,0,-,-,-,-,4772.6000,4772.4000,4771.0000,4770.6000,4770.0000,4773.2000,4773.4000,4774.0000,4775.0000,4775.2000,2,1,4,1,4,1,1,20,1,1
SF,IF2011,2020-10-13 09:31:25.500,4772.6000,13350,0,313831260.000,0,-,-,-,-,4772.6000,4772.4000,4771.0000,4770.6000,4770.0000,4773.2000,4773.4000,4774.0000,4775.0000,4775.2000,2,1,4,1,4,1,1,20,1,1
SF,IF2011,2020-10-13 09:31:27.000,4772.6000,13350,0,315263040.000,1,0,1,多换,S,4772.6000,4772.4000,4771.0000,4770.6000,4770.0000,4773.2000,4773.4000,4774.0000,4775.0000,4775.2000,1,1,4,1,4,1,1,20,1,1
SF,IF2011,2020-10-13 09:31:27.500,4772.6000,13350,0,316694820.000,1,0,1,多换,S,4772.4000,4771.0000,4770.6000,4770.0000,4769.4000,4773.0000,4773.2000,4774.0000,4775.0000,4775.2000,1,4,1,4,2,1,1,20,1,1
SF,IF2011,2020-10-13 09:31:28.500,4772.6000,13350,0,316694820.000,0,-,-,-,-,4772.4000,4771.0000,4770.6000,4770.0000,4769.4000,4773.0000,4773.2000,4774.0000,4775.0000,4775.2000,1,4,1,4,2,1,1,20,1,1
SF,IF2011,2020-10-13 09:31:29.000,4773.0000,13350,0,319558500.000,2,1,1,多换,S,4773.0000,4772.4000,4771.0000,4770.6000,4770.0000,4773.2000,4774.0000,4775.0000,4775.2000,4775.8000,1,1,4,1,4,1,20,1,1,1
SF,IF2011,2020-10-13 09:31:29.500,4772.4000,13350,0,322422120.000,2,1,1,多换,S,4771.0000,4770.6000,4770.0000,4769.4000,4769.0000,4772.6000,4775.0000,4775.2000,4775.8000,4776.0000,4,1,4,2,2,1,1,1,1,1
SF,IF2011,2020-10-13 09:31:30.000,4772.6000,13349,-1,323853900.000,1,0,1,双平,S,4771.2000,4771.0000,4770.6000,4770.0000,4769.4000,4775.0000,4775.2000,4775.8000,4776.0000,4776.4000,2,4,1,4,2,1,1,1,1,1
SF,IF2011,2020-10-13 09:31:30.500,4772.6000,13349,0,323853900.000,0,-,-,-,-,4771.4000,4771.2000,4771.0000,4770.6000,4770.0000,4774.0000,4774.8000,4775.0000,4775.2000,4775.8000,2,1,4,1,4,2,5,1,1,1
SF,IF2011,2020-10-13 09:31:31.000,4772.6000,13349,0,323853900.000,0,-,-,-,-,4771.6000,4771.4000,4771.0000,4770.6000,4770.0000,4773.8000,4774.0000,4774.8000,4775.0000,4775.2000,2,1,4,1,4,2,2,3,1,1
SF,IF2011,2020-10-13 09:31:31.500,4773.8000,13350,1,326718180.000,2,1,1,空开,S,4771.6000,4771.4000,4771.0000,4770.6000,4770.0000,4774.0000,4774.8000,4775.0000,4775.2000,4775.8000,2,1,4,1,4,2,3,1,1,1
SF,IF2011,2020-10-13 09:31:32.000,4773.8000,13350,0,326718180.000,0,-,-,-,-,4771.6000,4771.4000,4771.0000,4770.6000,4770.0000,4773.8000,4774.0000,4774.8000,4775.0000,4775.2000,2,1,4,1,4,1,4,2,1,1
SF,IF2011,2020-10-13 09:31:32.500,4773.8000,13350,0,326718180.000,0,-,-,-,-,4772.4000,4771.6000,4771.4000,4771.0000,4770.6000,4773.6000,4773.8000,4774.0000,4774.8000,4775.0000,1,2,1,4,1,1,1,4,2,1
SF,IF2011,2020-10-13 09:31:33.000,4773.8000,13350,0,326718180.000,0,-,-,-,-,4772.4000,4771.6000,4771.4000,4771.0000,4770.6000,4773.4000,4773.6000,4773.8000,4774.0000,4774.8000,1,2,1,4,1,1,2,1,3,1
SF,IF2011,2020-10-13 09:31:33.500,4773.8000,13350,0,326718180.000,0,-,-,-,-,4772.4000,4771.6000,4771.4000,4771.0000,4770.6000,4773.2000,4773.6000,4773.8000,4774.0000,4774.8000,1,2,1,4,1,1,2,1,3,1
SF,IF2011,2020-10-13 09:31:34.000,4772.4000,13350,0,328149900.000,1,0,1,多换,S,4771.6000,4771.4000,4771.0000,4770.6000,4770.0000,4773.6000,4773.8000,4774.0000,4774.8000,4775.0000,2,1,4,1,4,2,1,3,1,1
SF,IF2011,2020-10-13 09:31:34.500,4773.4000,13349,-1,329581920.000,1,0,1,双平,S,4772.2000,4771.6000,4771.4000,4771.0000,4770.6000,4773.4000,4773.6000,4774.0000,4774.8000,4775.2000,1,2,1,4,1,1,3,3,1,1
SF,IF2011,2020-10-13 09:31:35.000,4773.2000,13349,0,332445600.000,2,1,1,多换,S,4772.2000,4771.6000,4771.4000,4771.0000,4770.6000,4773.6000,4774.0000,4774.8000,4775.2000,4775.8000,2,1,1,4,1,2,3,1,1,1
SF,IF2011,2020-10-13 09:31:35.500,4773.2000,13349,0,332445600.000,0,-,-,-,-,4772.4000,4772.2000,4771.6000,4771.4000,4771.0000,4773.6000,4774.0000,4774.8000,4775.2000,4775.8000,1,2,1,1,4,1,4,1,1,1
SF,IF2011,2020-10-13 09:31:36.000,4773.2000,13349,0,332445600.000,0,-,-,-,-,4772.4000,4772.2000,4771.6000,4771.4000,4771.0000,4773.6000,4773.8000,4774.0000,4774.8000,4775.2000,1,2,1,1,4,1,1,4,1,1
SF,IF2011,2020-10-13 09:31:36.500,4773.2000,13349,0,332445600.000,0,-,-,-,-,4772.6000,4772.4000,4772.2000,4771.6000,4771.4000,4773.6000,4773.8000,4774.0000,4774.8000,4775.2000,1,1,2,1,1,1,1,4,1,1
SF,IF2011,2020-10-13 09:31:37.000,4773.6000,13348,-1,333877680.000,1,0,1,双平,S,4772.8000,4772.6000,4772.2000,4771.4000,4771.0000,4773.8000,4774.0000,4774.8000,4775.2000,4775.8000,2,1,2,1,4,1,1,1,1,1
SF,IF2011,2020-10-13 09:31:37.500,4774.0000,13346,-2,336742020.000,2,0,2,双平,S,4773.0000,4772.8000,4772.6000,4772.2000,4771.4000,4775.2000,4775.8000,4776.0000,4776.4000,4777.8000,1,2,1,2,1,1,1,1,1,1
SF,IF2011,2020-10-13 09:31:38.000,4774.0000,13346,0,336742020.000,0,-,-,-,-,4773.2000,4773.0000,4772.6000,4772.2000,4771.4000,4774.8000,4775.0000,4775.8000,4776.0000,4776.4000,2,1,1,2,1,1,2,1,1,1
SF,IF2011,2020-10-13 09:31:38.500,4774.0000,13346,0,336742020.000,0,-,-,-,-,4773.2000,4773.0000,4772.2000,4771.4000,4771.0000,4774.6000,4775.8000,4776.0000,4776.4000,4777.8000,2,1,2,1,4,2,1,1,1,1
SF,IF2011,2020-10-13 09:31:39.000,4774.0000,13346,0,336742020.000,0,-,-,-,-,4773.2000,4773.0000,4772.2000,4771.4000,4771.0000,4774.6000,4775.8000,4776.0000,4776.4000,4777.8000,2,1,2,1,4,2,1,1,1,1
SF,IF2011,2020-10-13 09:31:39.500,4774.0000,13346,0,336742020.000,0,-,-,-,-,4773.2000,4773.0000,4772.2000,4771.4000,4771.0000,4774.6000,4775.8000,4776.0000,4776.4000,4777.8000,2,1,2,1,4,2,1,1,1,1
SF,IF2011,2020-10-13 09:31:40.000,4773.2000,13344,-2,339605940.000,2,0,2,双平,S,4772.2000,4771.4000,4771.0000,4770.6000,4770.0000,4774.6000,4774.8000,4775.8000,4776.0000,4776.4000,2,1,4,1,4,2,1,1,1,1
SF,IF2011,2020-10-13 09:31:40.500,4772.4000,13344,0,341037660.000,1,0,1,多换,S,4772.2000,4772.0000,4771.4000,4771.0000,4770.6000,4772.4000,4773.2000,4774.4000,4774.6000,4775.8000,2,1,1,4,1,19,1,1,1,1
SF,IF2011,2020-10-13 09:31:41.000,4772.4000,13344,0,368240340.000,19,9,10,多换,S,4772.4000,4772.2000,4772.0000,4771.0000,4770.6000,4773.2000,4774.4000,4774.6000,4775.8000,4776.0000,1,2,1,4,1,1,1,1,1,1
SF,IF2011,2020-10-13 09:31:41.500,4772.4000,13344,0,368240340.000,0,-,-,-,-,4772.8000,4772.2000,4772.0000,4771.0000,4770.6000,4773.2000,4774.4000,4774.6000,4775.8000,4776.0000,1,2,1,4,1,1,1,1,1,1
SF,IF2011,2020-10-13 09:31:42.500,4773.2000,13343,-1,369672300.000,1,0,1,双平,S,4772.8000,4772.2000,4772.0000,4771.0000,4770.6000,4774.4000,4774.6000,4775.8000,4776.0000,4776.4000,1,2,1,4,1,1,1,1,1,1
SF,IF2011,2020-10-13 09:31:43.000,4773.2000,13343,0,369672300.000,0,-,-,-,-,4773.0000,4772.8000,4772.2000,4772.0000,4771.0000,4774.4000,4774.6000,4775.8000,4776.0000,4776.4000,1,1,2,1,4,1,1,1,1,1
SF,IF2011,2020-10-13 09:31:43.500,4773.2000,13343,0,369672300.000,0,-,-,-,-,4773.2000,4773.0000,4772.8000,4772.2000,4772.0000,4774.6000,4775.8000,4776.0000,4776.4000,4777.8000,2,1,1,2,1,1,1,1,1,1
SF,IF2011,2020-10-13 09:31:44.500,4773.2000,13344,1,372536220.000,2,1,1,空开,S,4773.0000,4772.8000,4772.2000,4772.0000,4771.0000,4774.6000,4775.8000,4776.0000,4776.4000,4777.8000,1,1,2,2,4,1,1,1,1,1
SF,IF2011,2020-10-13 09:31:45.000,4773.2000,13344,0,372536220.000,0,-,-,-,-,4773.0000,4772.8000,4772.2000,4772.0000,4771.0000,4774.4000,4774.6000,4775.8000,4776.0000,4776.4000,1,1,2,2,4,1,1,1,1,1
SF,IF2011,2020-10-13 09:31:46.000,4773.2000,13344,0,372536220.000,0,-,-,-,-,4773.0000,4772.8000,4772.2000,4772.0000,4771.0000,4773.2000,4774.4000,4774.6000,4775.8000,4776.0000,1,1,2,2,4,1,1,1,1,1
SF,IF2011,2020-10-13 09:31:46.500,4773.2000,13343,-1,373968180.000,1,0,1,双平,S,4773.0000,4772.8000,4772.2000,4772.0000,4771.0000,4774.4000,4774.6000,4775.8000,4776.0000,4776.4000,1,1,2,2,4,1,1,1,1,1
SF,IF2011,2020-10-13 09:31:47.500,4773.2000,13343,0,373968180.000,0,-,-,-,-,4773.0000,4772.8000,4772.2000,4772.0000,4771.0000,4774.4000,4775.0000,4775.8000,4776.0000,4776.4000,1,1,2,2,4,1,1,1,1,1
SF,IF2011,2020-10-13 09:31:48.000,4773.2000,13343,0,373968180.000,0,-,-,-,-,4773.4000,4773.0000,4772.8000,4772.2000,4772.0000,4774.4000,4775.8000,4776.0000,4776.4000,4777.8000,2,1,1,2,2,1,1,1,1,1
SF,IF2011,2020-10-13 09:31:48.500,4773.2000,13343,0,373968180.000,0,-,-,-,-,4773.4000,4773.0000,4772.8000,4772.2000,4772.0000,4774.4000,4775.8000,4776.4000,4777.8000,4778.0000,2,1,1,2,2,1,1,1,1,1
SF,IF2011,2020-10-13 09:31:49.500,4773.4000,13341,-2,376832220.000,2,0,2,双平,S,4773.0000,4772.8000,4772.2000,4772.0000,4771.0000,4774.4000,4775.8000,4776.4000,4777.8000,4778.0000,1,1,2,2,4,1,1,1,1,1
SF,IF2011,2020-10-13 09:31:50.000,4773.4000,13341,0,376832220.000,0,-,-,-,-,4773.0000,4772.8000,4772.2000,4772.0000,4771.0000,4774.0000,4774.4000,4775.8000,4776.4000,4777.8000,1,1,2,2,4,1,1,1,1,1
SF,IF2011,2020-10-13 09:31:50.500,4773.4000,13341,0,376832220.000,0,-,-,-,-,4773.0000,4772.8000,4772.2000,4772.0000,4771.0000,4773.4000,4773.8000,4774.0000,4775.8000,4776.4000,1,1,3,2,4,1,1,1,1,1
SF,IF2011,2020-10-13 09:31:51.000,4773.4000,13341,0,376832220.000,0,-,-,-,-,4773.0000,4772.8000,4772.2000,4772.0000,4771.0000,4773.2000,4773.4000,4773.8000,4774.0000,4775.0000,1,1,3,2,4,1,1,1,1,1
SF,IF2011,2020-10-13 09:31:51.500,4773.0000,13341,0,378264120.000,1,0,1,多换,S,4772.8000,4772.2000,4772.0000,4771.0000,4770.6000,4773.2000,4773.4000,4773.8000,4774.0000,4775.0000,1,3,2,4,1,1,1,1,1,1
SF,IF2011,2020-10-13 09:31:52.000,4773.4000,13339,-2,382559940.000,3,0,3,多平,S,4772.2000,4772.0000,4771.0000,4770.6000,4770.0000,4773.8000,4774.0000,4775.0000,4775.8000,4776.4000,3,2,4,1,4,1,1,1,1,1
SF,IF2011,2020-10-13 09:31:52.500,4773.4000,13339,0,382559940.000,0,-,-,-,-,4772.4000,4772.2000,4772.0000,4771.0000,4770.6000,4772.8000,4773.8000,4775.0000,4775.8000,4776.4000,4,3,2,4,1,1,1,1,1,1
SF,IF2011,2020-10-13 09:31:53.000,4773.0000,13338,-1,383991840.000,1,0,1,双平,S,4772.8000,4772.4000,4772.2000,4772.0000,4771.0000,4773.8000,4775.0000,4775.8000,4776.4000,4777.8000,1,3,3,2,4,1,1,1,1,1
SF,IF2011,2020-10-13 09:31:53.500,4773.0000,13338,0,383991840.000,0,-,-,-,-,4773.2000,4772.8000,4772.2000,4772.0000,4771.0000,4773.8000,4775.0000,4775.8000,4776.4000,4777.8000,1,1,3,2,4,1,1,1,1,1
SF,IF2011,2020-10-13 09:31:54.000,4773.6000,13338,0,385423920.000,1,0,1,多换,S,4773.2000,4772.8000,4772.2000,4772.0000,4771.0000,4773.8000,4775.0000,4775.8000,4776.4000,4777.8000,1,1,3,2,4,1,1,1,1,1
SF,IF2011,2020-10-13 09:31:54.500,4773.8000,13337,-1,386856060.000,1,0,1,双平,S,4773.2000,4772.8000,4772.2000,4772.0000,4771.0000,4775.0000,4775.8000,4776.4000,4777.8000,4778.0000,1,1,3,2,4,1,1,1,1,1
SF,IF2011,2020-10-13 09:31:55.000,4773.8000,13337,0,386856060.000,0,-,-,-,-,4773.4000,4773.2000,4772.8000,4772.2000,4772.0000,4774.8000,4775.0000,4775.8000,4776.4000,4777.8000,1,1,1,3,2,3,1,1,1,1
SF,IF2011,2020-10-13 09:31:55.500,4773.2000,13336,-1,389720040.000,2,0,2,多平,S,4772.8000,4772.2000,4772.0000,4771.0000,4770.6000,4773.4000,4774.0000,4774.8000,4775.0000,4775.8000,1,3,2,4,1,1,1,5,1,1
SF,IF2011,2020-10-13 09:31:56.000,4773.2000,13336,0,389720040.000,0,-,-,-,-,4772.8000,4772.2000,4772.0000,4771.0000,4770.6000,4774.8000,4775.0000,4775.8000,4776.4000,4777.8000,1,3,2,4,1,2,1,1,1,1
SF,IF2011,2020-10-13 09:31:56.500,4773.2000,13336,0,389720040.000,0,-,-,-,-,4772.8000,4772.2000,4772.0000,4771.0000,4770.6000,4774.6000,4774.8000,4775.0000,4775.8000,4776.4000,1,3,2,4,1,1,2,1,1,1
SF,IF2011,2020-10-13 09:31:57.000,4773.2000,13336,0,389720040.000,0,-,-,-,-,4772.8000,4772.2000,4772.0000,4771.0000,4770.6000,4774.4000,4774.8000,4775.0000,4775.8000,4776.4000,1,3,2,4,1,2,1,1,1,1
SF,IF2011,2020-10-13 09:31:57.500,4773.2000,13336,0,389720040.000,0,-,-,-,-,4772.8000,4772.2000,4772.0000,4771.0000,4770.6000,4774.4000,4774.8000,4775.0000,4775.8000,4776.4000,1,3,2,4,1,2,1,1,1,1
SF,IF2011,2020-10-13 09:31:58.000,4773.2000,13336,0,389720040.000,0,-,-,-,-,4773.0000,4772.8000,4772.2000,4772.0000,4771.0000,4774.4000,4774.8000,4775.0000,4775.8000,4776.4000,1,1,3,2,4,2,1,1,1,1
SF,IF2011,2020-10-13 09:31:59.000,4774.4000,13335,-1,391152360.000,1,0,1,双平,S,4773.0000,4772.8000,4772.2000,4772.0000,4771.0000,4774.4000,4774.8000,4775.0000,4775.8000,4776.4000,1,1,3,3,4,1,1,1,1,1
SF,IF2011,2020-10-13 09:31:59.500,4774.4000,13335,0,391152360.000,0,-,-,-,-,4773.0000,4772.8000,4772.2000,4772.0000,4771.0000,4774.2000,4774.8000,4775.0000,4775.8000,4776.4000,1,1,3,3,4,2,1,1,1,1
SF,IF2011,2020-10-13 09:32:00.000,4774.4000,13335,0,391152360.000,0,-,-,-,-,4773.2000,4773.0000,4772.8000,4772.2000,4772.0000,4775.0000,4775.8000,4776.4000,4777.8000,4778.0000,1,1,1,3,3,1,1,1,1,1
SF,IF2011,2020-10-13 09:32:00.500,4774.4000,13335,0,391152360.000,0,-,-,-,-,4773.4000,4773.2000,4772.8000,4772.2000,4772.0000,4775.0000,4775.2000,4775.8000,4776.4000,4777.8000,1,1,1,3,3,1,1,1,1,1
SF,IF2011,2020-10-13 09:32:01.000,4773.6000,13334,-1,392584440.000,1,0,1,双平,S,4774.2000,4773.6000,4773.4000,4773.2000,4772.8000,4774.8000,4775.0000,4775.2000,4775.8000,4776.4000,1,1,1,1,1,3,1,1,1,1
SF,IF2011,2020-10-13 09:32:01.500,4773.6000,13333,-1,395448780.000,2,0,2,多平,S,4773.2000,4772.8000,4772.2000,4772.0000,4771.0000,4774.2000,4774.4000,4774.8000,4775.0000,4775.8000,1,1,3,3,4,3,1,2,1,1
SF,IF2011,2020-10-13 09:32:02.000,4773.6000,13333,0,395448780.000,0,-,-,-,-,4773.2000,4772.8000,4772.2000,4772.0000,4771.0000,4774.0000,4774.2000,4775.0000,4775.8000,4776.4000,1,1,3,3,4,1,1,1,1,1
SF,IF2011,2020-10-13 09:32:02.500,4773.6000,13333,0,395448780.000,0,-,-,-,-,4773.2000,4772.8000,4772.2000,4772.0000,4771.0000,4774.0000,4774.2000,4774.6000,4775.0000,4775.8000,1,1,3,3,4,1,1,1,1,1
SF,IF2011,2020-10-13 09:32:03.000,4773.6000,13333,0,395448780.000,0,-,-,-,-,4773.2000,4772.8000,4772.2000,4772.0000,4771.0000,4774.2000,4774.6000,4775.0000,4775.6000,4775.8000,1,1,3,3,4,1,1,1,1,1
SF,IF2011,2020-10-13 09:32:03.500,4773.6000,13333,0,395448780.000,0,-,-,-,-,4773.4000,4773.2000,4772.8000,4772.2000,4772.0000,4774.2000,4774.6000,4775.0000,4775.6000,4775.8000,1,1,1,3,3,1,1,1,1,1
SF,IF2011,2020-10-13 09:32:04.000,4773.4000,13332,-1,396880800.000,1,0,1,双平,S,4773.2000,4772.8000,4772.2000,4772.0000,4771.0000,4774.2000,4774.6000,4775.0000,4775.6000,4775.8000,1,1,3,3,4,1,1,1,1,1
SF,IF2011,2020-10-13 09:32:04.500,4773.2000,13331,-1,398312760.000,1,0,1,双平,S,4772.8000,4772.2000,4772.0000,4771.0000,4770.6000,4774.2000,4774.6000,4775.0000,4775.6000,4775.8000,1,3,3,4,1,1,1,1,1,1
SF,IF2011,2020-10-13 09:32:05.000,4773.2000,13331,0,398312760.000,0,-,-,-,-,4772.8000,4772.2000,4772.0000,4771.0000,4770.6000,4774.0000,4774.2000,4774.6000,4775.0000,4775.6000,1,3,3,4,1,1,1,1,1,1
SF,IF2011,2020-10-13 09:32:05.500,4773.2000,13331,0,398312760.000,0,-,-,-,-,4772.8000,4772.2000,4772.0000,4771.0000,4770.6000,4774.0000,4774.2000,4774.6000,4775.0000,4775.6000,1,3,3,4,1,1,1,1,1,1
SF,IF2011,2020-10-13 09:32:06.000,4773.2000,13331,0,398312760.000,0,-,-,-,-,4772.8000,4772.2000,4772.0000,4771.0000,4770.6000,4774.0000,4774.2000,4774.6000,4775.0000,4775.6000,1,3,3,4,1,1,1,1,1,1
SF,IF2011,2020-10-13 09:32:06.500,4773.2000,13331,0,398312760.000,0,-,-,-,-,4772.8000,4772.2000,4772.0000,4771.0000,4770.6000,4773.8000,4774.0000,4774.2000,4774.6000,4775.0000,1,3,3,4,1,1,1,1,1,1
SF,IF2011,2020-10-13 09:32:07.000,4773.2000,13331,0,398312760.000,0,-,-,-,-,4772.8000,4772.2000,4772.0000,4771.0000,4770.6000,4773.8000,4774.0000,4774.2000,4774.6000,4775.0000,1,2,3,4,1,1,1,1,1,1
SF,IF2011,2020-10-13 09:32:07.500,4773.2000,13331,0,398312760.000,0,-,-,-,-,4772.8000,4772.2000,4772.0000,4771.0000,4770.6000,4773.6000,4773.8000,4774.2000,4774.6000,4775.0000,1,2,3,4,1,2,1,1,1,1
SF,IF2011,2020-10-13 09:32:08.000,4773.2000,13331,0,398312760.000,0,-,-,-,-,4772.8000,4772.2000,4772.0000,4771.0000,4770.6000,4773.4000,4773.6000,4774.2000,4774.6000,4775.0000,1,2,3,4,1,1,2,1,1,1
SF,IF2011,2020-10-13 09:32:08.500,4772.8000,13331,0,399744600.000,1,0,1,多换,S,4772.2000,4772.0000,4771.0000,4770.6000,4770.0000,4772.4000,4773.4000,4773.6000,4774.2000,4774.6000,2,3,4,1,5,1,1,1,1,1
SF,IF2011,2020-10-13 09:32:09.000,4772.2000,13330,-1,402607980.000,2,0,2,多平,S,4772.2000,4772.0000,4771.0000,4770.6000,4770.0000,4773.4000,4773.6000,4774.2000,4774.6000,4775.0000,1,3,4,1,5,1,1,1,1,1
SF,IF2011,2020-10-13 09:32:09.500,4772.0000,13330,0,405471240.000,2,1,1,多换,S,4772.0000,4771.0000,4770.6000,4770.0000,4769.4000,4773.2000,4773.4000,4774.2000,4774.6000,4775.0000,2,4,1,5,2,4,1,1,1,1
SF,IF2011,2020-10-13 09:32:10.000,4772.0000,13329,-1,408334440.000,2,0,2,多平,S,4771.0000,4770.6000,4770.0000,4769.4000,4768.8000,4772.0000,4772.2000,4772.6000,4773.0000,4773.2000,5,1,5,2,1,2,1,3,2,4
SF,IF2011,2020-10-13 09:32:10.500,4771.0000,13329,0,409765740.000,1,0,1,多换,S,4771.0000,4770.6000,4770.0000,4769.4000,4768.8000,4771.8000,4772.6000,4773.0000,4773.2000,4774.2000,4,1,5,2,1,2,3,2,2,1
SF,IF2011,2020-10-13 09:32:11.000,4771.0000,13329,0,411197040.000,1,0,1,多换,S,4771.0000,4770.6000,4770.0000,4769.4000,4768.8000,4771.8000,4773.0000,4773.2000,4774.2000,4774.6000,3,1,5,2,1,1,2,3,1,1
SF,IF2011,2020-10-13 09:32:11.500,4771.8000,13329,0,412628580.000,1,0,1,多换,S,4771.2000,4771.0000,4770.6000,4770.0000,4769.4000,4773.0000,4773.2000,4774.2000,4774.6000,4775.0000,1,3,1,5,2,1,3,1,1,1
SF,IF2011,2020-10-13 09:32:12.000,4771.2000,13329,0,414059940.000,1,0,1,多换,S,4771.0000,4770.6000,4770.0000,4769.4000,4768.0000,4771.4000,4771.8000,4772.4000,4772.6000,4772.8000,3,1,5,2,6,1,1,2,4,4
SF,IF2011,2020-10-13 09:32:12.500,4771.2000,13329,0,414059940.000,0,-,-,-,-,4771.0000,4770.6000,4770.0000,4769.4000,4768.0000,4772.4000,4772.6000,4772.8000,4773.0000,4773.2000,3,1,5,2,6,2,3,3,1,2
SF,IF2011,2020-10-13 09:32:13.000,4771.2000,13329,0,414059940.000,0,-,-,-,-,4771.2000,4771.0000,4770.6000,4770.0000,4769.4000,4772.0000,4772.2000,4772.6000,4772.8000,4773.2000,1,3,1,5,2,1,2,1,2,2
SF,IF2011,2020-10-13 09:32:13.500,4771.2000,13329,0,414059940.000,0,-,-,-,-,4771.2000,4771.0000,4770.6000,4770.0000,4769.4000,4772.2000,4772.6000,4772.8000,4773.2000,4774.2000,3,3,1,5,2,2,1,2,1,1
SF,IF2011,2020-10-13 09:32:14.000,4771.2000,13328,-1,418354020.000,3,1,2,多平,S,4771.0000,4770.6000,4770.0000,4769.4000,4768.0000,4771.2000,4771.4000,4771.8000,4772.0000,4772.2000,3,1,5,2,6,1,1,1,1,2
SF,IF2011,2020-10-13 09:32:14.500,4771.2000,13325,-3,424079400.000,4,0,4,多平,S,4771.0000,4770.6000,4770.0000,4769.4000,4768.0000,4771.4000,4772.2000,4772.4000,4772.6000,4772.8000,2,1,5,2,6,1,2,1,1,1
SF,IF2011,2020-10-13 09:32:15.000,4771.0000,13324,-1,426942120.000,2,0,2,多平,S,4771.0000,4770.6000,4770.0000,4769.4000,4768.0000,4772.2000,4772.4000,4772.6000,4772.8000,4773.2000,1,1,5,2,6,1,1,1,1,1
SF,IF2011,2020-10-13 09:32:15.500,4771.0000,13324,0,428373420.000,1,0,1,多换,S,4770.6000,4770.0000,4769.4000,4768.0000,4766.4000,4772.0000,4772.2000,4772.4000,4772.8000,4773.2000,1,5,2,6,2,1,1,1,1,1
SF,IF2011,2020-10-13 09:32:16.000,4771.0000,13324,0,428373420.000,0,-,-,-,-,4770.6000,4770.0000,4769.4000,4768.0000,4766.4000,4771.8000,4772.0000,4772.4000,4772.8000,4773.2000,1,5,2,6,2,1,1,1,1,1
SF,IF2011,2020-10-13 09:32:16.500,4770.6000,13322,-2,431235840.000,2,0,2,双平,S,4771.4000,4770.0000,4769.4000,4768.0000,4766.4000,4771.8000,4772.0000,4772.4000,4773.2000,4774.2000,2,5,2,6,2,1,1,1,1,1
SF,IF2011,2020-10-13 09:32:17.000,4771.4000,13322,0,434098680.000,2,1,1,多换,S,4770.0000,4769.4000,4768.0000,4766.4000,4766.0000,4771.8000,4772.0000,4772.4000,4773.2000,4774.2000,5,2,6,2,3,3,1,1,1,1
SF,IF2011,2020-10-13 09:32:17.500,4771.4000,13322,0,434098680.000,0,-,-,-,-,4770.4000,4770.2000,4770.0000,4769.4000,4768.0000,4771.0000,4771.4000,4771.6000,4771.8000,4772.4000,1,1,6,2,6,1,2,1,3,1
SF,IF2011,2020-10-13 09:32:18.000,4771.0000,13321,-1,435529980.000,1,0,1,双平,S,4770.2000,4770.0000,4769.4000,4768.0000,4766.4000,4771.4000,4771.6000,4771.8000,4772.4000,4773.2000,1,6,2,6,2,2,1,3,1,1
SF,IF2011,2020-10-13 09:32:18.500,4771.4000,13321,0,438392820.000,2,1,1,多换,S,4771.0000,4770.2000,4770.0000,4769.4000,4768.0000,4771.6000,4771.8000,4772.4000,4773.2000,4774.2000,1,1,5,2,6,1,3,1,1,1
SF,IF2011,2020-10-13 09:32:19.000,4771.0000,13320,-1,439824120.000,1,0,1,双平,S,4770.6000,4770.2000,4770.0000,4769.4000,4768.0000,4771.6000,4771.8000,4772.4000,4773.2000,4774.2000,1,1,8,2,6,1,3,1,1,1
SF,IF2011,2020-10-13 09:32:19.500,4771.0000,13320,0,439824120.000,0,-,-,-,-,4770.6000,4770.2000,4770.0000,4769.4000,4768.0000,4771.6000,4771.8000,4772.4000,4773.2000,4774.2000,2,1,8,2,6,1,3,1,1,1
SF,IF2011,2020-10-13 09:32:20.000,4771.8000,13319,-1,442687140.000,2,0,2,多平,S,4770.6000,4770.0000,4769.4000,4768.0000,4766.4000,4771.8000,4772.4000,4773.2000,4774.2000,4774.6000,2,8,2,6,2,2,1,1,1,1
SF,IF2011,2020-10-13 09:32:20.500,4771.8000,13319,0,442687140.000,0,-,-,-,-,4770.8000,4770.6000,4770.0000,4769.4000,4768.0000,4771.8000,4772.4000,4773.2000,4774.2000,4774.6000,1,2,8,2,6,2,1,1,1,1
SF,IF2011,2020-10-13 09:32:21.000,4771.8000,13317,-2,445550220.000,2,0,2,双平,S,4770.8000,4770.6000,4770.0000,4769.4000,4768.0000,4771.8000,4772.4000,4773.2000,4774.2000,4774.6000,1,2,8,2,6,2,1,1,1,1
SF,IF2011,2020-10-13 09:32:21.500,4771.8000,13315,-2,448413300.000,2,0,2,双平,S,4772.0000,4770.8000,4770.6000,4770.0000,4769.4000,4773.2000,4774.2000,4774.6000,4775.0000,4775.6000,1,1,2,8,2,1,1,1,1,1
SF,IF2011,2020-10-13 09:32:22.000,4771.8000,13315,0,448413300.000,0,-,-,-,-,4772.0000,4771.2000,4770.8000,4770.6000,4770.0000,4772.6000,4773.0000,4774.2000,4774.6000,4775.0000,1,1,1,2,8,1,2,1,1,1
SF,IF2011,2020-10-13 09:32:22.500,4771.8000,13315,0,448413300.000,0,-,-,-,-,4772.0000,4771.2000,4770.8000,4770.6000,4770.0000,4772.6000,4773.0000,4774.2000,4774.6000,4775.0000,1,1,1,2,8,1,1,1,1,1
SF,IF2011,2020-10-13 09:32:23.000,4771.8000,13315,0,448413300.000,0,-,-,-,-,4772.0000,4771.2000,4770.8000,4770.6000,4770.0000,4773.0000,4774.2000,4774.6000,4775.0000,4775.6000,1,1,1,2,8,1,1,1,1,1
SF,IF2011,2020-10-13 09:32:23.500,4772.0000,13315,0,449844900.000,1,0,1,多换,S,4771.2000,4770.8000,4770.6000,4770.0000,4769.4000,4772.0000,4772.6000,4772.8000,4773.0000,4773.2000,1,1,2,8,2,1,2,1,1,1
SF,IF2011,2020-10-13 09:32:24.000,4772.0000,13315,0,449844900.000,0,-,-,-,-,4771.2000,4771.0000,4770.6000,4770.0000,4769.4000,4772.0000,4772.6000,4773.0000,4773.2000,4774.2000,1,1,2,8,2,1,1,1,1,1
SF,IF2011,2020-10-13 09:32:24.500,4771.2000,13315,0,451276260.000,1,0,1,多换,S,4771.0000,4770.6000,4770.0000,4769.4000,4768.0000,4771.4000,4771.8000,4772.0000,4772.6000,4773.2000,1,2,8,2,6,1,1,2,2,1
SF,IF2011,2020-10-13 09:32:25.000,4771.0000,13315,0,452707560.000,1,0,1,多换,S,4770.6000,4770.0000,4769.4000,4768.0000,4766.4000,4771.4000,4771.8000,4772.0000,4772.6000,4773.2000,2,8,2,6,2,1,2,2,2,1
SF,IF2011,2020-10-13 09:32:25.500,4771.0000,13315,0,452707560.000,0,-,-,-,-,4770.6000,4770.0000,4769.4000,4768.0000,4766.4000,4771.8000,4772.0000,4772.6000,4773.2000,4774.2000,2,8,2,6,2,2,2,2,1,1
SF,IF2011,2020-10-13 09:32:26.500,4771.0000,13315,0,452707560.000,0,-,-,-,-,4771.4000,4770.6000,4770.0000,4769.4000,4768.0000,4771.6000,4771.8000,4772.0000,4772.6000,4773.2000,1,2,8,2,6,1,5,2,2,1
SF,IF2011,2020-10-13 09:32:27.000,4770.0000,13313,-2,458432340.000,4,1,3,多平,S,4770.0000,4769.4000,4768.0000,4766.4000,4766.2000,4770.6000,4770.8000,4771.0000,4771.2000,4771.4000,7,2,6,2,2,1,1,1,4,8
SF,IF2011,2020-10-13 09:32:27.500,4769.4000,13308,-5,469880160.000,8,1,7,多平,S,4769.4000,4768.0000,4766.4000,4766.2000,4766.0000,4769.6000,4770.0000,4770.4000,4771.0000,4771.2000,1,7,2,2,3,1,4,1,1,3
SF,IF2011,2020-10-13 09:32:28.000,4769.4000,13308,0,471310980.000,1,0,1,多换,S,4768.0000,4766.2000,4766.0000,4765.4000,4763.0000,4770.0000,4771.0000,4771.2000,4771.4000,4771.8000,7,2,3,2,1,4,1,3,2,4
SF,IF2011,2020-10-13 09:32:28.500,4768.0000,13305,-3,475602300.000,3,0,3,双平,S,4768.0000,4766.2000,4766.0000,4765.4000,4763.0000,4769.0000,4769.8000,4770.0000,4771.2000,4771.4000,6,2,3,2,2,1,3,1,2,1
SF,IF2011,2020-10-13 09:32:29.000,4769.8000,13305,0,477033240.000,1,0,1,多换,S,4768.2000,4768.0000,4766.2000,4766.0000,4765.4000,4770.0000,4770.6000,4771.2000,4771.4000,4771.8000,1,6,2,3,2,1,1,2,1,4
SF,IF2011,2020-10-13 09:32:29.500,4770.0000,13304,-1,478464240.000,1,0,1,双平,S,4768.2000,4768.0000,4766.2000,4766.0000,4765.4000,4770.0000,4770.6000,4771.2000,4771.8000,4772.0000,1,6,1,3,2,3,1,1,3,2
SF,IF2011,2020-10-13 09:32:30.000,4770.0000,13304,0,478464240.000,0,-,-,-,-,4768.4000,4768.2000,4768.0000,4766.2000,4766.0000,4770.6000,4771.8000,4772.0000,4774.6000,4775.0000,1,1,6,1,3,1,3,2,1,1
SF,IF2011,2020-10-13 09:32:30.500,4770.0000,13304,0,478464240.000,0,-,-,-,-,4768.6000,4768.0000,4766.2000,4766.0000,4765.4000,4770.4000,4770.6000,4771.8000,4772.0000,4774.6000,2,6,1,3,2,1,1,3,2,1
SF,IF2011,2020-10-13 09:32:31.000,4770.0000,13304,0,478464240.000,0,-,-,-,-,4770.0000,4768.6000,4768.0000,4766.2000,4766.0000,4770.4000,4770.6000,4771.8000,4772.0000,4774.6000,1,2,6,1,3,1,1,3,2,1
SF,IF2011,2020-10-13 09:32:31.500,4770.0000,13303,-1,481326240.000,2,0,2,多平,S,4768.6000,4768.0000,4766.2000,4766.0000,4765.4000,4770.4000,4770.6000,4771.8000,4772.0000,4774.6000,1,6,1,3,2,2,1,3,1,1
SF,IF2011,2020-10-13 09:32:32.000,4770.0000,13303,0,481326240.000,0,-,-,-,-,4768.8000,4768.6000,4768.0000,4766.2000,4766.0000,4770.4000,4770.6000,4771.8000,4772.0000,4774.6000,2,1,6,1,3,2,1,3,1,1
SF,IF2011,2020-10-13 09:32:32.500,4770.4000,13303,0,482757360.000,1,0,1,多换,S,4768.8000,4768.6000,4768.0000,4766.2000,4766.0000,4770.4000,4770.6000,4771.8000,4772.0000,4774.6000,1,1,6,1,3,1,1,3,1,1
SF,IF2011,2020-10-13 09:32:33.000,4770.4000,13303,0,484188480.000,1,0,1,多换,S,4768.8000,4768.6000,4768.0000,4766.2000,4766.0000,4770.4000,4770.6000,4771.8000,4772.0000,4774.6000,1,1,6,1,3,1,1,3,1,1
SF,IF2011,2020-10-13 09:32:33.500,4770.4000,13303,0,484188480.000,0,-,-,-,-,4768.8000,4768.6000,4768.0000,4766.2000,4766.0000,4770.0000,4770.2000,4770.4000,4770.6000,4771.8000,1,1,6,1,3,1,1,1,1,3
SF,IF2011,2020-10-13 09:32:34.000,4769.0000,13303,0,487050180.000,2,1,1,多换,S,4768.8000,4768.6000,4768.0000,4766.2000,4766.0000,4770.4000,4770.6000,4771.8000,4772.0000,4774.6000,1,1,6,1,3,1,1,3,1,1
SF,IF2011,2020-10-13 09:32:34.500,4770.2000,13304,1,489911880.000,2,1,1,空开,S,4768.6000,4768.0000,4766.2000,4766.0000,4765.4000,4770.4000,4770.6000,4771.8000,4772.0000,4774.6000,1,6,1,3,2,1,1,3,1,1
SF,IF2011,2020-10-13 09:32:35.000,4770.6000,13303,-1,492774180.000,2,0,2,多平,S,4769.6000,4768.8000,4768.6000,4768.0000,4766.2000,4771.8000,4772.0000,4774.6000,4775.0000,4775.6000,1,2,1,6,1,3,1,1,1,1
SF,IF2011,2020-10-13 09:32:35.500,4770.6000,13303,0,492774180.000,0,-,-,-,-,4770.0000,4768.6000,4768.0000,4766.2000,4766.0000,4771.4000,4771.8000,4772.0000,4774.6000,4775.0000,1,1,6,1,3,1,4,1,1,1
SF,IF2011,2020-10-13 09:32:36.000,4770.0000,13304,1,494205180.000,1,1,0,双开,S,4768.0000,4766.2000,4766.0000,4765.4000,4763.0000,4771.8000,4772.0000,4774.6000,4775.0000,4775.6000,6,1,3,2,2,3,1,1,1,1
SF,IF2011,2020-10-13 09:32:36.500,4770.0000,13304,0,494205180.000,0,-,-,-,-,4769.8000,4769.0000,4768.2000,4768.0000,4766.2000,4771.6000,4771.8000,4774.6000,4775.0000,4775.6000,1,1,5,7,1,2,3,1,1,1
SF,IF2011,2020-10-13 09:32:37.000,4770.0000,13304,0,494205180.000,0,-,-,-,-,4769.0000,4768.2000,4768.0000,4766.2000,4766.0000,4771.6000,4771.8000,4774.6000,4775.0000,4775.6000,1,6,7,1,3,1,2,1,1,1
SF,IF2011,2020-10-13 09:32:37.500,4770.0000,13304,0,494205180.000,0,-,-,-,-,4769.0000,4768.2000,4768.0000,4766.2000,4766.0000,4770.2000,4771.6000,4771.8000,4774.6000,4775.0000,1,5,7,1,3,1,1,2,1,1
SF,IF2011,2020-10-13 09:32:38.000,4770.2000,13304,0,495636240.000,1,0,1,多换,S,4769.2000,4768.4000,4768.2000,4768.0000,4766.2000,4771.6000,4771.8000,4774.6000,4775.0000,4775.6000,1,1,4,7,1,1,2,1,1,1
SF,IF2011,2020-10-13 09:32:38.500,4770.2000,13304,0,495636240.000,0,-,-,-,-,4768.4000,4768.0000,4766.2000,4766.0000,4765.4000,4769.0000,4769.2000,4771.4000,4771.6000,4771.8000,1,7,1,3,2,1,1,1,1,2
SF,IF2011,2020-10-13 09:32:39.000,4769.2000,13303,-1,499928520.000,3,1,2,多平,S,4769.0000,4768.6000,4768.4000,4768.0000,4766.2000,4771.4000,4771.6000,4771.8000,4774.6000,4775.0000,2,1,1,7,1,1,1,2,1,1
SF,IF2011,2020-10-13 09:32:39.500,4769.2000,13303,0,499928520.000,0,-,-,-,-,4769.2000,4769.0000,4768.6000,4768.4000,4768.0000,4771.4000,4771.6000,4771.8000,4774.6000,4775.0000,2,2,1,1,7,1,1,2,1,1
SF,IF2011,2020-10-13 09:32:40.000,4769.2000,13303,0,501359280.000,1,0,1,多换,S,4771.4000,4769.2000,4768.6000,4768.4000,4768.0000,4771.6000,4771.8000,4774.6000,4775.0000,4775.6000,1,2,1,1,7,1,2,1,1,1
SF,IF2011,2020-10-13 09:32:40.500,4771.4000,13302,-1,504222120.000,2,0,2,多平,S,4769.4000,4769.2000,4768.6000,4768.4000,4768.0000,4771.4000,4771.8000,4774.6000,4775.0000,4775.6000,1,2,1,1,7,2,2,1,1,1
SF,IF2011,2020-10-13 09:32:41.000,4771.4000,13302,0,504222120.000,0,-,-,-,-,4769.6000,4769.4000,4769.2000,4768.6000,4768.4000,4771.0000,4771.2000,4771.4000,4771.8000,4774.6000,4,1,1,1,1,1,1,2,2,1
SF,IF2011,2020-10-13 09:32:41.500,4771.4000,13302,0,505653540.000,1,0,1,多换,S,4769.6000,4769.4000,4769.2000,4768.6000,4768.4000,4771.2000,4771.4000,4771.8000,4774.6000,4775.0000,4,1,1,1,1,1,2,2,1,1
SF,IF2011,2020-10-13 09:32:42.000,4771.4000,13302,0,505653540.000,0,-,-,-,-,4769.6000,4769.4000,4768.6000,4768.4000,4768.0000,4771.2000,4771.4000,4771.8000,4774.6000,4775.0000,2,1,1,1,7,1,1,2,1,1
SF,IF2011,2020-10-13 09:32:42.500,4771.4000,13300,-2,509947800.000,3,0,3,多平,S,4769.8000,4769.6000,4769.4000,4768.6000,4768.4000,4771.0000,4771.8000,4774.6000,4775.0000,4775.6000,1,1,1,1,1,2,2,1,1,1
SF,IF2011,2020-10-13 09:32:43.000,4770.0000,13300,0,511378800.000,1,0,1,多换,S,4769.8000,4769.4000,4768.6000,4768.4000,4768.0000,4771.8000,4774.6000,4775.0000,4775.6000,4775.8000,5,1,1,1,7,2,1,1,1,1
SF,IF2011,2020-10-13 09:32:43.500,4770.0000,13300,0,511378800.000,0,-,-,-,-,4770.0000,4769.8000,4769.4000,4768.6000,4768.4000,4771.6000,4771.8000,4774.6000,4775.0000,4775.6000,3,5,1,1,1,3,2,1,1,1
SF,IF2011,2020-10-13 09:32:44.000,4770.0000,13300,0,511378800.000,0,-,-,-,-,4770.2000,4770.0000,4769.8000,4768.6000,4768.4000,4771.4000,4771.8000,4774.6000,4775.0000,4775.6000,1,4,4,1,1,2,2,1,1,1
SF,IF2011,2020-10-13 09:32:44.500,4770.4000,13298,-2,515672880.000,3,0,3,多平,S,4770.4000,4770.2000,4770.0000,4769.8000,4768.6000,4771.8000,4774.6000,4775.0000,4775.6000,4775.8000,1,1,4,4,1,1,1,1,1,1
SF,IF2011,2020-10-13 09:32:45.000,4771.8000,13297,-1,517104420.000,1,0,1,双平,S,4770.8000,4770.6000,4770.4000,4770.0000,4769.8000,4772.2000,4774.6000,4775.0000,4775.6000,4775.8000,1,2,1,4,4,1,1,1,1,1
SF,IF2011,2020-10-13 09:32:45.500,4771.8000,13297,0,517104420.000,0,-,-,-,-,4771.0000,4770.8000,4770.6000,4770.4000,4770.0000,4772.2000,4774.6000,4775.0000,4775.6000,4775.8000,2,1,1,1,3,1,1,1,1,1
SF,IF2011,2020-10-13 09:32:46.000,4771.8000,13297,0,517104420.000,0,-,-,-,-,4771.0000,4770.6000,4770.4000,4770.0000,4769.8000,4772.2000,4774.6000,4775.0000,4775.6000,4775.8000,2,1,1,3,4,1,1,1,1,1
SF,IF2011,2020-10-13 09:32:46.500,4771.8000,13297,0,517104420.000,0,-,-,-,-,4771.0000,4770.6000,4770.4000,4770.0000,4769.8000,4772.2000,4774.4000,4774.6000,4775.0000,4775.6000,2,1,1,3,4,1,1,1,1,1
SF,IF2011,2020-10-13 09:32:47.500,4771.8000,13297,0,517104420.000,0,-,-,-,-,4771.0000,4770.6000,4770.4000,4770.0000,4769.8000,4772.2000,4774.4000,4774.6000,4775.0000,4775.8000,2,1,1,3,4,1,1,1,1,1
SF,IF2011,2020-10-13 09:32:48.000,4771.0000,13297,0,518535720.000,1,0,1,多换,S,4770.4000,4770.0000,4769.8000,4768.6000,4768.4000,4772.0000,4772.2000,4774.4000,4774.6000,4775.0000,2,3,4,1,1,1,1,1,1,1
SF,IF2011,2020-10-13 09:32:48.500,4770.6000,13297,0,519966900.000,1,0,1,多换,S,4770.6000,4770.4000,4770.0000,4769.8000,4768.6000,4772.2000,4774.4000,4774.6000,4775.0000,4775.8000,1,2,3,4,1,1,1,1,1,1
SF,IF2011,2020-10-13 09:32:49.000,4770.6000,13297,0,519966900.000,0,-,-,-,-,4770.6000,4770.4000,4770.0000,4769.8000,4768.6000,4772.2000,4774.4000,4774.6000,4775.0000,4775.8000,1,2,3,4,1,2,1,1,1,1
SF,IF2011,2020-10-13 09:32:49.500,4770.6000,13297,0,519966900.000,0,-,-,-,-,4770.6000,4770.4000,4770.0000,4769.8000,4768.6000,4772.0000,4772.2000,4774.4000,4774.6000,4775.0000,1,2,3,4,1,2,4,1,1,1
SF,IF2011,2020-10-13 09:32:50.000,4770.6000,13297,0,519966900.000,0,-,-,-,-,4771.2000,4770.6000,4770.4000,4770.0000,4769.8000,4772.0000,4772.2000,4774.4000,4774.6000,4775.0000,1,1,2,3,4,2,4,1,1,1
SF,IF2011,2020-10-13 09:32:50.500,4771.8000,13297,0,521398440.000,1,0,1,多换,S,4771.2000,4770.6000,4770.4000,4770.0000,4769.8000,4772.0000,4772.2000,4774.4000,4774.6000,4775.0000,1,1,2,3,4,2,4,1,1,1
SF,IF2011,2020-10-13 09:32:51.000,4771.8000,13297,0,521398440.000,0,-,-,-,-,4771.2000,4770.4000,4770.0000,4769.8000,4768.6000,4772.0000,4772.2000,4774.4000,4774.6000,4775.0000,1,2,3,4,1,2,4,1,1,1
SF,IF2011,2020-10-13 09:32:51.500,4771.8000,13297,0,521398440.000,0,-,-,-,-,4771.2000,4770.4000,4770.0000,4769.8000,4768.6000,4772.0000,4772.2000,4774.4000,4774.6000,4775.0000,1,2,3,4,1,2,4,1,1,1
SF,IF2011,2020-10-13 09:32:52.000,4771.2000,13296,-1,522829800.000,1,0,1,双平,S,4770.4000,4770.0000,4769.8000,4768.6000,4768.4000,4772.0000,4772.2000,4774.4000,4774.6000,4775.0000,2,3,4,1,1,2,4,1,1,1
SF,IF2011,2020-10-13 09:32:52.500,4771.2000,13296,0,522829800.000,0,-,-,-,-,4770.6000,4770.4000,4769.8000,4768.6000,4768.4000,4772.0000,4772.2000,4774.4000,4774.6000,4775.0000,1,2,4,1,1,2,4,1,1,1
SF,IF2011,2020-10-13 09:32:53.000,4771.2000,13296,0,522829800.000,0,-,-,-,-,4770.6000,4770.4000,4769.8000,4768.6000,4768.4000,4772.0000,4772.2000,4774.4000,4774.6000,4775.0000,1,2,4,1,1,2,4,1,1,1
SF,IF2011,2020-10-13 09:32:53.500,4771.2000,13296,0,522829800.000,0,-,-,-,-,4770.6000,4770.4000,4769.8000,4768.6000,4768.4000,4771.6000,4772.0000,4772.2000,4774.4000,4774.6000,1,2,4,1,1,1,2,4,1,1
SF,IF2011,2020-10-13 09:32:54.000,4771.2000,13296,0,522829800.000,0,-,-,-,-,4770.4000,4769.8000,4768.6000,4768.4000,4768.2000,4771.6000,4772.0000,4772.2000,4774.4000,4774.6000,2,4,1,1,1,1,2,4,1,1
SF,IF2011,2020-10-13 09:32:54.500,4771.2000,13296,0,522829800.000,0,-,-,-,-,4770.4000,4769.8000,4768.6000,4768.4000,4768.2000,4772.0000,4772.2000,4774.4000,4774.6000,4775.0000,2,4,1,1,1,2,4,1,1,1
SF,IF2011,2020-10-13 09:32:55.000,4771.2000,13296,0,522829800.000,0,-,-,-,-,4770.6000,4770.4000,4769.8000,4768.6000,4768.4000,4772.0000,4772.2000,4774.4000,4774.6000,4775.0000,1,2,4,1,1,2,4,1,1,1
SF,IF2011,2020-10-13 09:32:56.000,4771.2000,13296,0,522829800.000,0,-,-,-,-,4771.4000,4770.6000,4770.4000,4769.8000,4768.6000,4772.0000,4772.2000,4774.4000,4774.6000,4775.0000,1,1,2,4,1,2,4,1,1,1
SF,IF2011,2020-10-13 09:32:56.500,4771.2000,13296,0,522829800.000,0,-,-,-,-,4771.4000,4770.6000,4770.4000,4769.8000,4768.6000,4772.0000,4772.2000,4774.4000,4774.6000,4775.0000,1,1,1,4,1,2,4,1,1,1
SF,IF2011,2020-10-13 09:32:57.000,4771.2000,13296,0,522829800.000,0,-,-,-,-,4771.4000,4770.6000,4770.4000,4769.8000,4768.6000,4772.0000,4772.2000,4774.4000,4774.6000,4775.0000,1,1,1,4,1,2,4,1,1,1
SF,IF2011,2020-10-13 09:32:57.500,4771.4000,13296,0,524261220.000,1,0,1,多换,S,4770.6000,4770.4000,4769.8000,4768.6000,4768.4000,4772.0000,4772.2000,4774.4000,4774.6000,4775.0000,1,1,4,1,1,3,4,1,1,1
SF,IF2011,2020-10-13 09:32:58.000,4772.0000,13295,-1,525692820.000,1,0,1,双平,S,4770.6000,4770.4000,4769.8000,4768.6000,4768.4000,4771.0000,4772.0000,4772.2000,4774.4000,4774.6000,1,1,4,1,1,1,2,4,1,1
SF,IF2011,2020-10-13 09:32:58.500,4771.2000,13295,0,527124180.000,1,0,1,多换,S,4770.6000,4770.4000,4769.8000,4768.6000,4768.4000,4771.6000,4772.0000,4772.2000,4774.4000,4774.6000,1,1,4,1,1,1,2,4,1,1
SF,IF2011,2020-10-13 09:32:59.000,4771.2000,13295,0,527124180.000,0,-,-,-,-,4770.6000,4770.4000,4769.8000,4768.6000,4768.4000,4772.0000,4772.2000,4774.4000,4774.6000,4775.0000,1,1,4,1,1,2,4,1,1,1
SF,IF2011,2020-10-13 09:32:59.500,4771.2000,13295,0,527124180.000,0,-,-,-,-,4770.6000,4770.4000,4769.8000,4768.6000,4768.4000,4771.6000,4772.0000,4772.2000,4774.4000,4774.6000,1,1,4,1,1,1,2,4,1,1
SF,IF2011,2020-10-13 09:33:00.000,4771.2000,13295,0,527124180.000,0,-,-,-,-,4771.0000,4770.8000,4770.6000,4770.4000,4769.8000,4771.6000,4772.0000,4772.2000,4774.4000,4774.6000,1,1,1,1,4,1,2,4,1,1
SF,IF2011,2020-10-13 09:33:00.500,4771.2000,13295,0,527124180.000,0,-,-,-,-,4771.4000,4771.0000,4770.6000,4770.4000,4769.8000,4771.6000,4772.0000,4772.2000,4774.4000,4774.6000,1,1,1,1,4,1,2,4,1,1
SF,IF2011,2020-10-13 09:33:01.000,4771.0000,13296,1,529986900.000,2,1,1,空开,S,4770.6000,4770.4000,4769.8000,4768.6000,4768.4000,4771.4000,4772.0000,4772.2000,4774.4000,4774.6000,1,1,4,1,1,1,2,4,1,1
SF,IF2011,2020-10-13 09:33:01.500,4771.0000,13296,0,529986900.000,0,-,-,-,-,4770.8000,4770.6000,4770.4000,4769.8000,4768.6000,4771.4000,4772.0000,4772.2000,4774.4000,4774.6000,1,1,1,4,1,1,6,4,1,1
SF,IF2011,2020-10-13 09:33:02.000,4771.0000,13296,0,529986900.000,0,-,-,-,-,4770.8000,4770.6000,4770.4000,4769.8000,4768.6000,4771.4000,4772.0000,4772.2000,4774.4000,4774.6000,1,1,1,4,1,1,6,4,1,1
SF,IF2011,2020-10-13 09:33:02.500,4771.0000,13296,0,529986900.000,0,-,-,-,-,4770.8000,4770.6000,4770.4000,4769.8000,4768.6000,4772.0000,4772.2000,4774.4000,4774.6000,4775.0000,1,1,1,4,1,6,4,1,1,1
SF,IF2011,2020-10-13 09:33:03.000,4771.0000,13296,0,529986900.000,0,-,-,-,-,4771.4000,4770.8000,4770.6000,4769.8000,4768.6000,4772.0000,4772.2000,4774.4000,4774.6000,4775.0000,2,1,1,4,1,6,4,1,1,1
SF,IF2011,2020-10-13 09:33:03.500,4771.4000,13294,-2,534281100.000,3,0,3,多平,S,4771.4000,4770.8000,4770.6000,4770.2000,4769.8000,4772.0000,4772.2000,4774.4000,4774.6000,4775.0000,2,1,1,1,4,6,4,1,1,1
SF,IF2011,2020-10-13 09:33:04.000,4771.4000,13292,-2,537143940.000,2,0,2,双平,S,4770.6000,4770.2000,4769.8000,4768.6000,4768.4000,4771.4000,4772.0000,4772.2000,4774.4000,4774.6000,1,1,4,1,1,1,6,4,1,1
SF,IF2011,2020-10-13 09:33:04.500,4771.4000,13292,0,537143940.000,0,-,-,-,-,4770.2000,4769.8000,4768.6000,4768.4000,4768.2000,4771.8000,4772.0000,4772.2000,4774.4000,4774.6000,1,4,1,1,1,1,6,4,1,1
SF,IF2011,2020-10-13 09:33:05.000,4771.4000,13292,0,537143940.000,0,-,-,-,-,4770.2000,4769.8000,4768.6000,4768.4000,4768.2000,4771.6000,4771.8000,4772.0000,4772.2000,4774.4000,1,4,1,1,1,4,1,6,4,1
SF,IF2011,2020-10-13 09:33:05.500,4770.2000,13292,0,538575000.000,1,0,1,多换,S,4769.8000,4768.6000,4768.4000,4768.2000,4768.0000,4771.2000,4771.6000,4771.8000,4772.0000,4772.2000,4,1,1,1,9,2,2,2,6,4
SF,IF2011,2020-10-13 09:33:06.000,4770.2000,13292,0,538575000.000,0,-,-,-,-,4770.6000,4769.8000,4768.6000,4768.4000,4768.2000,4771.0000,4771.2000,4771.4000,4771.8000,4772.0000,1,4,1,1,1,1,2,1,2,6
SF,IF2011,2020-10-13 09:33:06.500,4770.6000,13291,-1,540006180.000,1,0,1,双平,S,4769.8000,4768.6000,4768.2000,4768.0000,4767.0000,4770.8000,4771.0000,4771.4000,4771.8000,4772.0000,4,1,1,8,2,4,1,1,2,6
SF,IF2011,2020-10-13 09:33:07.000,4770.6000,13291,0,540006180.000,0,-,-,-,-,4770.0000,4769.8000,4768.6000,4768.2000,4768.0000,4770.8000,4771.8000,4772.0000,4772.2000,4774.4000,1,4,1,1,8,1,2,6,4,1
SF,IF2011,2020-10-13 09:33:07.500,4770.6000,13291,0,540006180.000,0,-,-,-,-,4770.0000,4769.8000,4768.6000,4768.2000,4768.0000,4771.8000,4772.0000,4772.2000,4774.4000,4774.6000,1,4,1,1,8,1,6,4,1,1
SF,IF2011,2020-10-13 09:33:08.000,4770.6000,13291,0,540006180.000,0,-,-,-,-,4770.0000,4769.8000,4768.6000,4768.2000,4768.0000,4770.6000,4771.4000,4771.6000,4771.8000,4772.0000,1,4,1,1,8,1,1,2,1,6
SF,IF2011,2020-10-13 09:33:08.500,4770.0000,13290,-1,541437180.000,1,0,1,双平,S,4769.8000,4768.6000,4768.2000,4768.0000,4767.0000,4770.6000,4771.6000,4771.8000,4772.0000,4772.2000,4,1,1,8,2,1,1,1,6,4
SF,IF2011,2020-10-13 09:33:09.000,4770.0000,13290,0,541437180.000,0,-,-,-,-,4769.8000,4769.2000,4768.6000,4768.2000,4768.0000,4770.6000,4771.6000,4771.8000,4772.0000,4772.2000,4,1,1,1,8,1,1,1,6,4
SF,IF2011,2020-10-13 09:33:11.000,4770.0000,13290,0,541437180.000,0,-,-,-,-,4769.8000,4769.2000,4768.6000,4768.2000,4768.0000,4770.6000,4771.6000,4771.8000,4772.0000,4772.2000,4,1,1,1,8,1,2,1,5,4
SF,IF2011,2020-10-13 09:33:11.500,4770.0000,13290,0,541437180.000,0,-,-,-,-,4769.8000,4769.2000,4768.6000,4768.2000,4768.0000,4770.0000,4770.4000,4770.6000,4771.6000,4771.8000,4,1,1,1,8,1,1,1,1,1
SF,IF2011,2020-10-13 09:33:12.000,4770.0000,13290,0,541437180.000,0,-,-,-,-,4769.8000,4769.2000,4768.6000,4768.2000,4768.0000,4770.0000,4770.4000,4770.6000,4771.4000,4771.6000,4,1,1,1,8,1,2,1,1,1
SF,IF2011,2020-10-13 09:33:12.500,4769.8000,13286,-4,547160940.000,4,0,4,双平,S,4769.2000,4768.6000,4768.2000,4768.0000,4767.0000,4769.6000,4769.8000,4770.0000,4770.4000,4770.6000,1,1,1,8,2,3,4,4,1,1
SF,IF2011,2020-10-13 09:33:13.000,4768.6000,13286,0,550022280.000,2,1,1,多换,S,4768.2000,4768.0000,4767.0000,4766.2000,4766.0000,4769.0000,4769.2000,4769.6000,4769.8000,4770.0000,1,8,2,1,3,1,1,1,1,1
SF,IF2011,2020-10-13 09:33:13.500,4768.2000,13285,-1,555744000.000,4,1,3,多平,S,4768.0000,4767.0000,4766.2000,4766.0000,4765.4000,4768.2000,4768.4000,4768.8000,4769.0000,4769.6000,6,2,1,3,2,4,3,5,1,1
SF,IF2011,2020-10-13 09:33:14.000,4768.2000,13275,-10,581492280.000,18,4,14,多平,S,4767.0000,4766.2000,4766.0000,4765.4000,4765.2000,4768.2000,4768.6000,4768.8000,4769.2000,4769.6000,2,1,4,2,1,1,1,1,1,1
SF,IF2011,2020-10-13 09:33:14.500,4768.2000,13274,-1,582922740.000,1,0,1,双平,S,4767.2000,4767.0000,4766.8000,4766.2000,4766.0000,4768.6000,4768.8000,4769.2000,4769.8000,4770.0000,3,3,2,1,4,1,1,1,1,1
SF,IF2011,2020-10-13 09:33:15.000,4768.2000,13274,0,582922740.000,0,-,-,-,-,4767.4000,4767.2000,4767.0000,4766.2000,4766.0000,4768.2000,4768.6000,4769.2000,4769.8000,4770.0000,3,3,3,1,4,1,1,1,1,1
SF,IF2011,2020-10-13 09:33:15.500,4768.2000,13274,0,582922740.000,0,-,-,-,-,4767.6000,4767.4000,4767.2000,4767.0000,4766.2000,4768.6000,4769.2000,4769.8000,4770.0000,4770.6000,5,1,2,3,1,1,1,1,1,1
SF,IF2011,2020-10-13 09:33:16.000,4768.0000,13274,0,585783720.000,2,1,1,多换,S,4767.6000,4767.2000,4767.0000,4766.2000,4766.0000,4769.2000,4769.8000,4770.0000,4770.6000,4771.4000,5,2,3,1,4,1,1,1,1,1
SF,IF2011,2020-10-13 09:33:16.500,4768.0000,13274,0,587214120.000,1,0,1,多换,S,4768.2000,4767.6000,4767.2000,4767.0000,4766.2000,4769.0000,4769.2000,4769.8000,4770.0000,4770.6000,1,5,1,3,1,3,1,1,1,1
SF,IF2011,2020-10-13 09:33:17.000,4768.0000,13274,0,587214120.000,0,-,-,-,-,4768.4000,4768.2000,4767.2000,4767.0000,4766.2000,4768.8000,4769.0000,4769.2000,4770.0000,4770.6000,2,1,1,3,1,2,1,1,1,1
SF,IF2011,2020-10-13 09:33:17.500,4768.4000,13272,-2,590075160.000,2,0,2,双平,S,4768.2000,4767.0000,4766.2000,4766.0000,4765.4000,4768.6000,4768.8000,4769.2000,4770.0000,4770.6000,1,3,1,4,2,1,2,1,1,1
SF,IF2011,2020-10-13 09:33:18.000,4768.4000,13272,0,590075160.000,0,-,-,-,-,4768.2000,4767.0000,4766.2000,4766.0000,4765.4000,4768.6000,4768.8000,4769.2000,4770.0000,4770.6000,1,3,1,4,2,1,2,1,1,1
SF,IF2011,2020-10-13 09:33:18.500,4768.2000,13271,-1,591505620.000,1,0,1,双平,S,4767.0000,4766.2000,4766.0000,4765.4000,4765.2000,4768.2000,4768.8000,4769.2000,4770.0000,4770.6000,3,1,4,2,1,1,2,1,1,1
SF,IF2011,2020-10-13 09:33:19.000,4768.2000,13270,-1,592936080.000,1,0,1,双平,S,4768.6000,4767.2000,4767.0000,4766.2000,4766.0000,4769.2000,4770.0000,4770.6000,4771.4000,4771.6000,2,2,5,1,4,1,1,1,1,1
SF,IF2011,2020-10-13 09:33:19.500,4768.2000,13270,0,592936080.000,0,-,-,-,-,4768.6000,4767.2000,4767.0000,4766.2000,4766.0000,4769.2000,4770.0000,4770.6000,4771.4000,4771.6000,2,1,5,1,4,1,1,1,1,1
SF,IF2011,2020-10-13 09:33:20.000,4769.2000,13270,0,594366840.000,1,0,1,多换,S,4768.6000,4767.2000,4767.0000,4766.2000,4766.0000,4770.0000,4770.6000,4771.4000,4771.6000,4772.0000,2,1,5,1,4,1,1,1,1,5
SF,IF2011,2020-10-13 09:33:20.500,4768.8000,13266,-4,600090000.000,4,0,4,双平,S,4768.8000,4768.6000,4767.0000,4766.2000,4766.0000,4770.6000,4771.4000,4771.6000,4772.0000,4772.2000,4,2,5,1,4,1,1,1,5,1
SF,IF2011,2020-10-13 09:33:21.000,4768.8000,13266,0,600090000.000,0,-,-,-,-,4769.0000,4768.8000,4768.6000,4768.2000,4767.0000,4770.6000,4771.4000,4771.6000,4772.0000,4772.2000,2,4,2,1,2,1,1,1,5,1
SF,IF2011,2020-10-13 09:33:21.500,4768.8000,13266,0,600090000.000,0,-,-,-,-,4769.4000,4769.2000,4769.0000,4768.8000,4768.6000,4770.4000,4770.6000,4771.4000,4771.6000,4772.0000,1,2,1,2,2,1,1,1,1,5
SF,IF2011,2020-10-13 09:33:22.000,4768.8000,13266,0,600090000.000,0,-,-,-,-,4769.4000,4769.2000,4769.0000,4768.8000,4768.6000,4770.4000,4770.6000,4771.4000,4771.6000,4772.0000,1,1,1,2,2,1,1,1,1,5
SF,IF2011,2020-10-13 09:33:22.500,4769.4000,13265,-1,602951640.000,2,0,2,多平,S,4769.4000,4769.0000,4768.6000,4768.2000,4767.0000,4770.2000,4770.6000,4771.4000,4771.6000,4772.0000,1,1,2,1,2,1,2,1,1,5
SF,IF2011,2020-10-13 09:33:23.000,4770.2000,13264,-1,604382700.000,1,0,1,双平,S,4769.4000,4769.0000,4768.6000,4768.2000,4767.0000,4770.6000,4771.4000,4771.6000,4772.0000,4772.2000,1,1,2,1,2,1,1,1,5,1
SF,IF2011,2020-10-13 09:33:24.000,4770.6000,13265,1,605813880.000,1,1,0,双开,S,4769.4000,4769.0000,4768.6000,4768.4000,4768.2000,4770.8000,4771.4000,4771.6000,4772.0000,4772.2000,1,1,2,3,1,1,1,1,5,1
SF,IF2011,2020-10-13 09:33:24.500,4770.6000,13265,0,605813880.000,0,-,-,-,-,4769.8000,4769.6000,4769.4000,4769.0000,4768.6000,4770.8000,4771.4000,4771.6000,4772.0000,4772.2000,1,2,1,1,2,1,1,1,5,1
SF,IF2011,2020-10-13 09:33:25.000,4770.4000,13266,1,607245000.000,1,1,0,双开,S,4769.0000,4768.6000,4768.4000,4768.2000,4767.0000,4770.6000,4770.8000,4771.4000,4771.6000,4772.0000,1,2,3,1,2,1,1,1,1,5
SF,IF2011,2020-10-13 09:33:25.500,4770.4000,13266,0,607245000.000,0,-,-,-,-,4769.8000,4769.2000,4769.0000,4768.6000,4768.4000,4770.8000,4771.4000,4771.6000,4772.0000,4772.2000,1,4,1,2,3,1,1,1,5,1
SF,IF2011,2020-10-13 09:33:26.000,4770.8000,13266,0,608676240.000,1,0,1,多换,S,4770.0000,4769.8000,4769.2000,4769.0000,4768.6000,4771.4000,4771.6000,4772.0000,4772.2000,4774.4000,1,1,2,1,2,1,1,5,2,1
SF,IF2011,2020-10-13 09:33:26.500,4770.8000,13266,0,608676240.000,0,-,-,-,-,4770.0000,4769.8000,4769.2000,4769.0000,4768.6000,4771.2000,4771.4000,4771.6000,4772.0000,4772.2000,1,1,1,1,2,1,1,1,5,2
SF,IF2011,2020-10-13 09:33:27.500,4770.8000,13266,0,608676240.000,0,-,-,-,-,4770.0000,4769.8000,4769.2000,4769.0000,4768.6000,4771.2000,4771.4000,4771.6000,4772.0000,4772.2000,1,1,1,1,2,1,1,1,5,2
SF,IF2011,2020-10-13 09:33:28.000,4770.8000,13266,0,608676240.000,0,-,-,-,-,4770.0000,4769.8000,4769.2000,4769.0000,4768.6000,4771.2000,4771.4000,4771.6000,4772.0000,4772.2000,1,1,1,1,2,1,1,1,5,2
SF,IF2011,2020-10-13 09:33:28.500,4770.8000,13266,0,608676240.000,0,-,-,-,-,4770.0000,4769.8000,4769.2000,4769.0000,4768.6000,4771.2000,4771.4000,4771.6000,4772.0000,4772.2000,2,1,1,1,2,1,1,1,5,2
SF,IF2011,2020-10-13 09:33:29.000,4770.8000,13266,0,608676240.000,0,-,-,-,-,4770.0000,4769.8000,4769.2000,4769.0000,4768.6000,4771.2000,4771.4000,4771.6000,4772.0000,4772.2000,1,1,1,1,2,1,1,1,5,2
SF,IF2011,2020-10-13 09:33:29.500,4771.2000,13273,7,624414720.000,11,9,2,空开,S,4768.2000,4767.0000,4766.2000,4766.0000,4765.4000,4771.4000,4771.6000,4772.0000,4772.2000,4774.4000,1,3,2,3,2,1,1,5,2,1
SF,IF2011,2020-10-13 09:33:30.000,4771.2000,13273,0,624414720.000,0,-,-,-,-,4768.6000,4768.4000,4768.2000,4767.0000,4766.2000,4771.2000,4771.4000,4771.6000,4772.0000,4772.2000,2,2,1,3,2,3,1,1,5,2
SF,IF2011,2020-10-13 09:33:30.500,4771.2000,13273,0,624414720.000,0,-,-,-,-,4769.0000,4768.8000,4768.6000,4768.4000,4768.2000,4771.2000,4771.4000,4771.6000,4772.0000,4772.2000,1,1,1,1,1,3,1,1,5,1
SF,IF2011,2020-10-13 09:33:31.000,4771.2000,13273,0,624414720.000,0,-,-,-,-,4769.8000,4769.2000,4769.0000,4768.6000,4768.2000,4771.0000,4771.2000,4771.4000,4771.6000,4772.0000,1,1,1,1,1,1,2,1,1,5
SF,IF2011,2020-10-13 09:33:31.500,4771.0000,13273,0,625846020.000,1,0,1,多换,S,4770.0000,4769.8000,4769.0000,4768.6000,4768.2000,4771.2000,4771.4000,4771.6000,4772.0000,4772.2000,1,1,1,1,1,1,1,1,5,1
SF,IF2011,2020-10-13 09:33:32.000,4771.0000,13273,0,625846020.000,0,-,-,-,-,4770.0000,4769.8000,4769.0000,4768.6000,4768.2000,4770.6000,4771.2000,4771.4000,4771.6000,4772.0000,1,1,1,1,1,1,1,1,1,5
SF,IF2011,2020-10-13 09:33:32.500,4771.0000,13273,0,627277320.000,1,0,1,多换,S,4770.0000,4769.8000,4769.0000,4768.6000,4768.2000,4771.2000,4771.4000,4771.6000,4772.0000,4772.2000,1,1,1,1,1,1,1,1,5,1
SF,IF2011,2020-10-13 09:33:33.000,4771.0000,13273,0,627277320.000,0,-,-,-,-,4770.0000,4769.8000,4769.0000,4768.6000,4768.2000,4771.4000,4771.6000,4772.0000,4772.2000,4774.4000,1,1,1,1,1,1,1,5,1,1
SF,IF2011,2020-10-13 09:33:34.000,4771.0000,13273,0,627277320.000,0,-,-,-,-,4770.2000,4770.0000,4769.8000,4769.0000,4768.6000,4771.4000,4771.6000,4772.0000,4772.2000,4774.4000,1,1,1,1,1,1,1,5,1,1
SF,IF2011,2020-10-13 09:33:34.500,4771.4000,13274,1,628708740.000,1,1,0,双开,S,4770.0000,4769.8000,4769.0000,4768.6000,4768.2000,4771.6000,4772.0000,4772.2000,4774.4000,4775.0000,1,1,1,1,1,1,5,1,1,1
SF,IF2011,2020-10-13 09:33:35.000,4771.4000,13274,0,628708740.000,0,-,-,-,-,4770.0000,4769.8000,4769.0000,4768.6000,4768.2000,4771.4000,4771.6000,4772.0000,4772.2000,4774.4000,1,1,1,1,1,1,1,5,1,1
SF,IF2011,2020-10-13 09:33:35.500,4771.4000,13274,0,628708740.000,0,-,-,-,-,4770.0000,4769.8000,4769.0000,4768.6000,4768.2000,4771.4000,4771.6000,4772.0000,4772.2000,4774.4000,5,1,1,1,1,1,1,5,1,1
SF,IF2011,2020-10-13 09:33:37.000,4771.4000,13273,-1,630140160.000,1,0,1,双平,S,4771.4000,4770.0000,4769.8000,4769.0000,4768.6000,4771.6000,4772.0000,4772.2000,4774.4000,4775.0000,1,5,1,1,1,1,5,1,1,1
SF,IF2011,2020-10-13 09:33:37.500,4771.4000,13271,-2,633003060.000,2,0,2,双平,S,4770.0000,4769.8000,4769.0000,4768.6000,4768.2000,4771.4000,4772.0000,4772.2000,4774.4000,4775.0000,5,1,1,1,1,1,5,1,1,1
SF,IF2011,2020-10-13 09:33:38.000,4771.4000,13271,0,633003060.000,0,-,-,-,-,4770.2000,4770.0000,4769.8000,4769.0000,4768.6000,4772.0000,4772.2000,4774.4000,4775.0000,4775.8000,1,5,1,1,1,5,1,1,1,1
SF,IF2011,2020-10-13 09:33:38.500,4771.4000,13271,0,633003060.000,0,-,-,-,-,4770.2000,4770.0000,4769.8000,4769.0000,4768.6000,4771.6000,4771.8000,4772.0000,4772.2000,4774.4000,1,5,1,1,1,1,2,5,2,1
SF,IF2011,2020-10-13 09:33:39.000,4771.4000,13271,0,633003060.000,0,-,-,-,-,4770.0000,4769.8000,4769.0000,4768.6000,4768.2000,4771.4000,4771.6000,4771.8000,4772.0000,4772.2000,5,1,1,1,1,1,1,1,5,2
SF,IF2011,2020-10-13 09:33:39.500,4771.4000,13271,0,633003060.000,0,-,-,-,-,4770.2000,4770.0000,4769.8000,4769.0000,4768.6000,4771.8000,4772.0000,4772.2000,4774.4000,4775.0000,1,5,1,1,1,1,5,2,1,2
SF,IF2011,2020-10-13 09:33:40.000,4771.4000,13271,0,633003060.000,0,-,-,-,-,4770.2000,4770.0000,4769.8000,4769.0000,4768.6000,4771.6000,4771.8000,4772.0000,4772.2000,4774.4000,1,5,1,1,1,1,1,5,2,1
SF,IF2011,2020-10-13 09:33:40.500,4771.4000,13271,0,633003060.000,0,-,-,-,-,4771.2000,4770.6000,4770.4000,4770.2000,4770.0000,4772.0000,4772.2000,4774.4000,4775.0000,4775.8000,1,1,3,1,5,5,2,1,2,1
SF,IF2011,2020-10-13 09:33:41.000,4771.4000,13270,-1,634434480.000,1,0,1,双平,S,4771.4000,4771.2000,4770.6000,4770.4000,4770.0000,4772.0000,4772.2000,4774.4000,4775.0000,4775.8000,1,1,1,1,5,5,2,1,2,1
SF,IF2011,2020-10-13 09:33:41.500,4771.4000,13270,0,634434480.000,0,-,-,-,-,4771.4000,4771.2000,4770.6000,4770.4000,4770.0000,4772.0000,4772.2000,4774.4000,4775.0000,4775.8000,1,1,1,1,5,5,1,1,2,1
SF,IF2011,2020-10-13 09:33:42.000,4772.0000,13267,-3,638729280.000,3,0,3,双平,S,4771.4000,4771.2000,4770.6000,4770.4000,4770.0000,4772.0000,4772.2000,4774.4000,4775.0000,4775.8000,1,1,1,1,5,2,1,1,2,1
SF,IF2011,2020-10-13 09:33:42.500,4772.0000,13265,-2,641592480.000,2,0,2,双平,S,4771.4000,4771.2000,4770.6000,4770.4000,4770.0000,4772.0000,4772.2000,4774.4000,4775.0000,4775.8000,1,1,1,1,5,1,1,1,2,1
SF,IF2011,2020-10-13 09:33:43.000,4772.0000,13264,-1,645887280.000,3,1,2,多平,S,4772.0000,4771.4000,4771.2000,4770.6000,4770.4000,4772.2000,4774.4000,4775.0000,4775.8000,4777.8000,1,1,1,1,1,1,1,2,1,1
SF,IF2011,2020-10-13 09:33:43.500,4772.2000,13263,-1,647318940.000,1,0,1,双平,S,4772.0000,4771.4000,4771.2000,4770.6000,4770.4000,4774.4000,4775.0000,4775.8000,4777.8000,4778.0000,1,1,1,1,1,1,2,1,1,2
SF,IF2011,2020-10-13 09:33:44.000,4772.2000,13263,0,647318940.000,0,-,-,-,-,4772.2000,4772.0000,4771.2000,4770.6000,4770.0000,4774.0000,4774.2000,4774.4000,4775.0000,4775.8000,1,2,1,1,5,1,5,1,2,1
SF,IF2011,2020-10-13 09:33:44.500,4772.2000,13262,-1,648750600.000,1,0,1,双平,S,4772.0000,4771.2000,4770.6000,4770.0000,4769.8000,4773.6000,4773.8000,4774.2000,4774.4000,4775.0000,2,1,1,5,1,1,5,1,1,2
SF,IF2011,2020-10-13 09:33:45.000,4772.2000,13262,0,648750600.000,0,-,-,-,-,4772.0000,4771.2000,4770.6000,4770.0000,4769.8000,4773.4000,4773.8000,4774.2000,4774.4000,4775.0000,2,1,1,5,1,3,3,1,1,2
SF,IF2011,2020-10-13 09:33:45.500,4772.2000,13262,0,648750600.000,0,-,-,-,-,4772.0000,4771.2000,4770.6000,4770.0000,4769.8000,4773.4000,4773.6000,4773.8000,4774.2000,4774.4000,2,1,1,5,1,3,2,3,1,1
SF,IF2011,2020-10-13 09:33:46.000,4773.4000,13261,-1,650182620.000,1,0,1,双平,S,4772.2000,4772.0000,4771.2000,4770.6000,4770.0000,4773.4000,4773.6000,4773.8000,4774.2000,4774.4000,1,2,1,1,5,1,2,3,1,1
SF,IF2011,2020-10-13 09:33:46.500,4773.4000,13261,0,650182620.000,0,-,-,-,-,4772.2000,4772.0000,4771.2000,4770.6000,4770.0000,4773.2000,4773.6000,4773.8000,4774.2000,4774.4000,1,2,1,1,5,2,2,1,1,1
SF,IF2011,2020-10-13 09:33:47.000,4773.4000,13261,0,650182620.000,0,-,-,-,-,4772.2000,4772.0000,4771.2000,4770.6000,4770.0000,4773.2000,4773.6000,4773.8000,4774.2000,4774.4000,1,2,1,1,5,1,2,1,1,1
SF,IF2011,2020-10-13 09:33:47.500,4773.4000,13261,0,650182620.000,0,-,-,-,-,4772.6000,4772.4000,4772.2000,4772.0000,4770.6000,4773.6000,4773.8000,4774.2000,4774.4000,4775.0000,1,1,1,2,1,2,1,1,1,2
SF,IF2011,2020-10-13 09:33:48.000,4773.6000,13260,-1,651614700.000,1,0,1,双平,S,4772.8000,4772.6000,4772.2000,4772.0000,4770.6000,4773.6000,4773.8000,4774.2000,4774.4000,4775.0000,1,1,1,1,1,1,1,1,1,3
SF,IF2011,2020-10-13 09:33:48.500,4770.0000,13266,6,667359840.000,11,8,3,空开,S,4771.6000,4769.8000,4768.2000,4767.0000,4766.2000,4773.8000,4774.2000,4774.4000,4775.0000,4775.8000,1,1,2,3,1,1,1,1,3,1
SF,IF2011,2020-10-13 09:33:49.000,4770.0000,13266,0,667359840.000,0,-,-,-,-,4771.8000,4771.6000,4769.8000,4768.2000,4767.0000,4773.8000,4774.2000,4774.4000,4775.0000,4775.8000,2,1,1,2,3,1,1,1,3,1
SF,IF2011,2020-10-13 09:33:49.500,4770.0000,13266,0,667359840.000,0,-,-,-,-,4772.2000,4772.0000,4771.8000,4769.8000,4768.2000,4773.8000,4774.2000,4774.4000,4775.0000,4775.8000,1,2,2,1,2,1,1,1,3,1
SF,IF2011,2020-10-13 09:33:50.000,4770.0000,13266,0,667359840.000,0,-,-,-,-,4772.4000,4772.2000,4771.8000,4771.0000,4770.8000,4772.8000,4774.4000,4775.0000,4775.8000,4777.8000,3,1,1,2,1,1,1,3,1,1
SF,IF2011,2020-10-13 09:33:50.500,4772.8000,13266,0,668791680.000,1,0,1,多换,S,4772.8000,4772.4000,4771.8000,4771.4000,4771.0000,4773.8000,4774.0000,4774.4000,4775.0000,4775.8000,1,3,1,1,2,1,1,1,3,1
SF,IF2011,2020-10-13 09:33:51.000,4773.8000,13266,0,670223820.000,1,0,1,多换,S,4773.2000,4773.0000,4772.4000,4771.8000,4771.4000,4774.0000,4774.4000,4775.0000,4775.8000,4777.8000,1,1,2,2,1,1,1,3,1,1
SF,IF2011,2020-10-13 09:33:51.500,4773.2000,13264,-2,673087740.000,2,0,2,双平,S,4772.4000,4771.8000,4771.4000,4771.0000,4770.8000,4773.2000,4774.0000,4775.0000,4775.8000,4777.8000,1,1,1,3,1,1,1,3,1,1
SF,IF2011,2020-10-13 09:33:52.000,4773.2000,13263,-1,674519700.000,1,0,1,双平,S,4772.6000,4772.4000,4771.8000,4771.0000,4770.8000,4774.0000,4775.0000,4775.8000,4777.8000,4778.0000,1,1,1,3,1,1,3,1,1,2
SF,IF2011,2020-10-13 09:33:52.500,4773.2000,13263,0,674519700.000,0,-,-,-,-,4772.8000,4772.4000,4771.8000,4771.0000,4770.8000,4774.0000,4775.0000,4775.8000,4777.8000,4778.0000,2,1,1,3,1,1,3,1,1,2
SF,IF2011,2020-10-13 09:33:53.000,4773.2000,13263,0,674519700.000,0,-,-,-,-,4772.8000,4771.8000,4771.4000,4771.2000,4771.0000,4774.0000,4775.0000,4775.8000,4777.8000,4778.0000,1,1,2,1,3,1,3,1,1,2
SF,IF2011,2020-10-13 09:33:53.500,4773.2000,13263,0,674519700.000,0,-,-,-,-,4771.8000,4771.4000,4771.2000,4771.0000,4770.8000,4773.8000,4774.0000,4775.0000,4775.8000,4777.8000,1,2,1,3,2,1,1,3,1,1
SF,IF2011,2020-10-13 09:33:54.000,4773.2000,13263,0,674519700.000,0,-,-,-,-,4772.0000,4771.8000,4771.4000,4771.2000,4771.0000,4773.8000,4774.0000,4775.0000,4775.8000,4777.8000,4,1,2,1,3,1,1,3,1,1
SF,IF2011,2020-10-13 09:33:54.500,4773.2000,13263,0,674519700.000,0,-,-,-,-,4773.0000,4772.0000,4771.8000,4771.4000,4771.2000,4773.8000,4774.0000,4775.0000,4775.8000,4777.8000,5,4,1,2,1,1,1,3,1,1
SF,IF2011,2020-10-13 09:33:55.000,4773.2000,13263,0,674519700.000,0,-,-,-,-,4773.0000,4772.0000,4771.8000,4771.4000,4771.2000,4773.8000,4774.0000,4775.0000,4775.8000,4777.8000,5,2,1,2,1,1,1,3,1,1
SF,IF2011,2020-10-13 09:33:55.500,4773.2000,13263,0,674519700.000,0,-,-,-,-,4773.0000,4772.0000,4771.8000,4771.4000,4771.2000,4773.8000,4774.0000,4775.0000,4775.8000,4777.8000,5,2,1,2,1,1,1,3,1,1
SF,IF2011,2020-10-13 09:33:56.000,4773.2000,13263,0,674519700.000,0,-,-,-,-,4773.0000,4772.0000,4771.8000,4771.4000,4771.2000,4773.8000,4774.0000,4775.0000,4775.8000,4777.8000,5,2,1,2,1,1,1,3,1,1
SF,IF2011,2020-10-13 09:33:56.500,4773.2000,13263,0,674519700.000,0,-,-,-,-,4773.0000,4772.0000,4771.8000,4771.4000,4771.2000,4773.8000,4774.0000,4775.0000,4775.8000,4777.8000,5,2,1,2,1,1,1,3,1,1
SF,IF2011,2020-10-13 09:33:57.000,4773.2000,13263,0,674519700.000,0,-,-,-,-,4773.0000,4772.0000,4771.8000,4771.4000,4771.2000,4773.8000,4774.0000,4775.0000,4775.8000,4777.8000,5,2,1,2,1,1,1,3,1,1
SF,IF2011,2020-10-13 09:33:58.000,4773.8000,13262,-1,675951840.000,1,0,1,双平,S,4773.0000,4772.0000,4771.8000,4771.4000,4771.2000,4774.0000,4775.0000,4777.8000,4778.0000,4780.0000,5,2,1,2,1,1,3,1,2,13
SF,IF2011,2020-10-13 09:33:58.500,4773.8000,13262,0,675951840.000,0,-,-,-,-,4773.2000,4773.0000,4772.0000,4771.8000,4771.4000,4774.0000,4775.0000,4777.8000,4778.0000,4780.0000,1,5,1,1,2,1,3,1,2,13
SF,IF2011,2020-10-13 09:33:59.000,4773.8000,13262,0,675951840.000,0,-,-,-,-,4773.0000,4772.0000,4771.8000,4771.4000,4771.2000,4774.0000,4775.0000,4777.8000,4778.0000,4780.0000,5,1,1,2,1,1,3,1,2,13
SF,IF2011,2020-10-13 09:33:59.500,4773.0000,13262,0,677383740.000,1,0,1,多换,S,4773.0000,4771.8000,4771.4000,4771.2000,4771.0000,4773.8000,4774.0000,4774.4000,4775.0000,4777.8000,4,1,2,1,3,1,1,1,3,1
SF,IF2011,2020-10-13 09:34:00.000,4773.0000,13262,0,677383740.000,0,-,-,-,-,4773.0000,4772.0000,4771.8000,4771.4000,4771.2000,4773.8000,4774.0000,4774.4000,4775.0000,4777.8000,4,1,1,2,1,1,1,1,3,1
SF,IF2011,2020-10-13 09:34:00.500,4773.0000,13262,0,677383740.000,0,-,-,-,-,4773.2000,4773.0000,4772.0000,4771.8000,4771.4000,4773.8000,4774.0000,4774.4000,4775.0000,4777.8000,2,4,1,1,2,1,1,1,3,1
SF,IF2011,2020-10-13 09:34:01.000,4773.8000,13260,-2,680247780.000,2,0,2,双平,S,4773.2000,4773.0000,4772.0000,4771.8000,4771.4000,4774.0000,4774.4000,4775.0000,4777.8000,4778.0000,2,4,1,1,2,1,1,3,1,2
SF,IF2011,2020-10-13 09:34:02.500,4774.0000,13259,-1,681679980.000,1,0,1,双平,S,4773.2000,4773.0000,4772.0000,4771.8000,4771.4000,4774.4000,4775.0000,4777.8000,4778.0000,4778.8000,2,4,1,1,2,1,3,1,2,2
SF,IF2011,2020-10-13 09:34:03.000,4774.0000,13259,0,681679980.000,0,-,-,-,-,4774.0000,4773.4000,4773.2000,4773.0000,4772.0000,4774.4000,4775.0000,4777.8000,4778.0000,4778.8000,5,1,2,4,1,1,3,1,2,2
SF,IF2011,2020-10-13 09:34:03.500,4774.0000,13259,0,681679980.000,0,-,-,-,-,4774.0000,4773.4000,4773.2000,4773.0000,4772.0000,4774.2000,4774.4000,4775.0000,4777.8000,4778.0000,5,1,2,4,1,1,1,2,1,2
SF,IF2011,2020-10-13 09:34:04.000,4774.0000,13257,-2,684544380.000,2,0,2,双平,S,4774.0000,4773.4000,4773.2000,4773.0000,4772.0000,4774.2000,4774.4000,4775.0000,4777.8000,4778.0000,3,1,2,4,1,1,1,2,1,1
SF,IF2011,2020-10-13 09:34:04.500,4774.0000,13257,0,684544380.000,0,-,-,-,-,4774.0000,4773.4000,4773.2000,4773.0000,4772.0000,4774.2000,4774.4000,4775.0000,4777.8000,4778.0000,3,1,2,4,1,1,1,2,2,1
SF,IF2011,2020-10-13 09:34:05.000,4774.2000,13258,1,685976640.000,1,1,0,双开,S,4774.0000,4773.4000,4773.2000,4773.0000,4772.0000,4774.4000,4775.0000,4777.8000,4778.0000,4778.8000,3,1,2,4,3,1,2,2,1,2
SF,IF2011,2020-10-13 09:34:05.500,4774.2000,13258,0,685976640.000,0,-,-,-,-,4774.2000,4774.0000,4773.4000,4773.2000,4773.0000,4774.4000,4775.0000,4777.8000,4778.0000,4778.8000,3,3,1,2,4,1,2,2,1,2
SF,IF2011,2020-10-13 09:34:06.000,4774.2000,13258,0,685976640.000,0,-,-,-,-,4774.2000,4774.0000,4773.4000,4773.2000,4773.0000,4774.4000,4775.0000,4777.8000,4778.0000,4778.8000,3,3,1,2,4,1,2,2,1,2
SF,IF2011,2020-10-13 09:34:07.000,4774.2000,13258,0,687408900.000,1,0,1,多换,S,4774.2000,4774.0000,4773.4000,4773.2000,4773.0000,4774.4000,4775.0000,4777.8000,4778.0000,4778.8000,2,3,1,2,4,1,2,2,1,2
SF,IF2011,2020-10-13 09:34:07.500,4774.2000,13259,1,688841160.000,1,1,0,双开,S,4774.2000,4774.0000,4773.4000,4773.2000,4773.0000,4774.4000,4775.0000,4777.8000,4778.0000,4778.8000,1,3,1,2,4,1,2,2,1,2
SF,IF2011,2020-10-13 09:34:08.000,4774.2000,13259,0,691705680.000,2,1,1,多换,S,4774.0000,4773.4000,4773.2000,4773.0000,4772.0000,4774.4000,4775.0000,4777.8000,4778.0000,4778.8000,3,1,2,4,3,1,2,2,1,2
SF,IF2011,2020-10-13 09:34:08.500,4774.4000,13258,-1,696002460.000,3,1,2,多平,S,4774.0000,4773.4000,4773.2000,4773.0000,4772.0000,4774.4000,4775.0000,4777.8000,4778.0000,4778.8000,2,1,2,4,3,2,2,2,1,2
SF,IF2011,2020-10-13 09:34:09.000,4774.4000,13258,0,696002460.000,0,-,-,-,-,4774.0000,4773.4000,4773.2000,4773.0000,4772.0000,4774.4000,4775.0000,4777.8000,4778.0000,4778.8000,2,1,2,4,3,2,2,2,1,2
SF,IF2011,2020-10-13 09:34:09.500,4774.0000,13256,-2,698866860.000,2,0,2,双平,S,4773.4000,4773.2000,4773.0000,4772.0000,4771.8000,4774.4000,4775.0000,4777.8000,4778.0000,4778.8000,1,2,4,3,1,2,2,2,1,2
SF,IF2011,2020-10-13 09:34:10.000,4774.0000,13256,0,698866860.000,0,-,-,-,-,4773.6000,4773.4000,4773.2000,4773.0000,4772.0000,4774.0000,4774.4000,4775.0000,4777.8000,4778.0000,2,1,2,4,3,2,2,2,2,1
SF,IF2011,2020-10-13 09:34:10.500,4774.0000,13256,0,700299060.000,1,0,1,多换,S,4773.6000,4773.4000,4773.2000,4773.0000,4772.0000,4774.0000,4774.4000,4775.0000,4777.8000,4778.0000,2,1,2,4,3,1,2,2,2,1
SF,IF2011,2020-10-13 09:34:11.000,4774.0000,13256,0,701731260.000,1,0,1,多换,S,4774.0000,4773.4000,4773.2000,4773.0000,4772.0000,4774.4000,4775.0000,4777.8000,4778.0000,4778.8000,1,1,2,4,3,2,2,2,1,2
SF,IF2011,2020-10-13 09:34:11.500,4774.2000,13256,0,703163520.000,1,0,1,多换,S,4774.0000,4773.4000,4773.2000,4773.0000,4772.0000,4774.4000,4775.0000,4775.8000,4777.8000,4778.0000,1,1,1,4,3,2,2,1,2,1
SF,IF2011,2020-10-13 09:34:12.500,4774.0000,13255,-1,704595720.000,1,0,1,双平,S,4773.4000,4773.2000,4773.0000,4772.0000,4771.8000,4774.0000,4774.2000,4774.4000,4775.0000,4775.8000,1,1,4,3,1,2,1,2,2,1
SF,IF2011,2020-10-13 09:34:13.000,4774.0000,13255,0,704595720.000,0,-,-,-,-,4773.6000,4773.4000,4773.2000,4773.0000,4772.0000,4774.0000,4774.2000,4774.4000,4775.0000,4775.8000,1,1,1,4,3,2,2,2,2,1
SF,IF2011,2020-10-13 09:34:13.500,4774.0000,13255,0,704595720.000,0,-,-,-,-,4773.6000,4773.2000,4773.0000,4772.0000,4771.8000,4774.0000,4774.2000,4774.4000,4775.0000,4775.8000,1,1,4,3,1,4,1,2,2,1
SF,IF2011,2020-10-13 09:34:14.000,4774.0000,13256,1,706027920.000,1,1,0,双开,S,4773.6000,4773.2000,4773.0000,4772.0000,4771.8000,4774.0000,4774.2000,4774.4000,4775.0000,4775.8000,1,1,4,3,1,3,1,2,2,1
SF,IF2011,2020-10-13 09:34:14.500,4774.0000,13256,0,706027920.000,0,-,-,-,-,4773.8000,4773.6000,4773.2000,4773.0000,4772.0000,4774.0000,4774.2000,4774.4000,4775.0000,4775.8000,2,1,1,4,3,3,1,2,2,1
SF,IF2011,2020-10-13 09:34:15.000,4774.0000,13253,-3,710324520.000,3,0,3,双平,S,4773.8000,4773.6000,4773.2000,4773.0000,4772.0000,4774.2000,4774.4000,4775.0000,4775.8000,4777.8000,2,1,1,4,3,1,2,2,1,2
SF,IF2011,2020-10-13 09:34:15.500,4774.0000,13253,0,710324520.000,0,-,-,-,-,4773.8000,4773.6000,4773.2000,4773.0000,4772.0000,4774.2000,4774.4000,4775.0000,4775.8000,4777.8000,2,1,1,4,3,1,2,2,1,2
SF,IF2011,2020-10-13 09:34:16.000,4774.0000,13253,0,710324520.000,0,-,-,-,-,4773.8000,4773.6000,4773.2000,4773.0000,4772.0000,4774.4000,4775.0000,4775.8000,4777.8000,4778.0000,2,1,1,4,3,2,2,1,2,1
SF,IF2011,2020-10-13 09:34:16.500,4774.0000,13253,0,710324520.000,0,-,-,-,-,4773.6000,4773.2000,4773.0000,4772.0000,4771.8000,4774.2000,4774.4000,4775.0000,4775.8000,4777.8000,1,1,4,3,1,1,3,2,1,2
SF,IF2011,2020-10-13 09:34:17.000,4774.0000,13253,0,710324520.000,0,-,-,-,-,4773.6000,4773.2000,4773.0000,4772.0000,4771.8000,4774.2000,4774.4000,4774.6000,4775.0000,4775.8000,1,1,4,3,1,1,2,2,2,1
SF,IF2011,2020-10-13 09:34:17.500,4774.0000,13253,0,710324520.000,0,-,-,-,-,4773.6000,4773.2000,4773.0000,4772.0000,4771.8000,4774.2000,4774.4000,4774.6000,4775.0000,4775.8000,1,1,4,3,1,2,2,2,2,1
SF,IF2011,2020-10-13 09:34:18.000,4774.0000,13253,0,710324520.000,0,-,-,-,-,4773.8000,4773.6000,4773.2000,4773.0000,4772.0000,4774.2000,4774.4000,4774.6000,4775.0000,4775.8000,2,1,1,4,3,1,2,2,2,1
SF,IF2011,2020-10-13 09:34:19.500,4774.2000,13253,0,711756780.000,1,0,1,多换,S,4773.8000,4773.6000,4773.2000,4773.0000,4772.0000,4774.4000,4774.6000,4775.0000,4775.8000,4777.8000,2,1,1,4,3,2,2,2,1,2
SF,IF2011,2020-10-13 09:34:20.000,4774.0000,13253,0,713188980.000,1,0,1,多换,S,4773.8000,4773.6000,4773.2000,4773.0000,4772.0000,4774.4000,4774.6000,4775.0000,4775.8000,4777.8000,2,1,1,4,3,2,2,2,1,2
SF,IF2011,2020-10-13 09:34:20.500,4774.4000,13252,-1,714621300.000,1,0,1,双平,S,4774.0000,4773.8000,4773.6000,4773.2000,4773.0000,4774.4000,4774.6000,4775.0000,4775.8000,4777.8000,1,2,1,1,4,1,2,2,1,2
SF,IF2011,2020-10-13 09:34:21.000,4774.4000,13252,0,714621300.000,0,-,-,-,-,4774.0000,4773.8000,4773.6000,4773.2000,4773.0000,4774.4000,4774.6000,4775.0000,4775.8000,4777.8000,1,2,1,1,4,1,2,2,1,1
SF,IF2011,2020-10-13 09:34:21.500,4774.4000,13252,0,714621300.000,0,-,-,-,-,4774.0000,4773.8000,4773.6000,4773.2000,4773.0000,4774.2000,4774.4000,4774.6000,4775.0000,4775.8000,1,2,1,1,4,1,1,2,2,1
SF,IF2011,2020-10-13 09:34:22.000,4774.0000,13252,0,716053500.000,1,0,1,多换,S,4773.8000,4773.6000,4773.2000,4773.0000,4772.0000,4774.2000,4774.4000,4774.6000,4775.0000,4775.8000,2,1,1,4,3,1,1,2,2,1
SF,IF2011,2020-10-13 09:34:22.500,4774.0000,13252,0,716053500.000,0,-,-,-,-,4773.8000,4773.6000,4773.2000,4773.0000,4772.0000,4774.0000,4774.2000,4774.4000,4774.6000,4775.0000,2,1,1,4,3,1,1,1,2,2
SF,IF2011,2020-10-13 09:34:23.000,4774.0000,13251,-1,717485700.000,1,0,1,双平,S,4773.6000,4773.2000,4773.0000,4772.0000,4771.8000,4773.8000,4774.2000,4774.4000,4774.6000,4775.0000,2,1,4,3,1,1,1,1,4,2
SF,IF2011,2020-10-13 09:34:23.500,4773.8000,13251,0,718917840.000,1,0,1,多换,S,4773.6000,4773.2000,4773.0000,4772.0000,4771.8000,4774.2000,4774.4000,4774.6000,4775.0000,4775.8000,3,1,4,3,1,1,1,4,2,1
SF,IF2011,2020-10-13 09:34:24.500,4773.6000,13249,-2,723214080.000,3,0,3,多平,S,4773.2000,4773.0000,4772.0000,4771.8000,4771.4000,4774.2000,4774.4000,4774.6000,4775.0000,4775.8000,1,4,3,1,2,2,1,4,2,1
SF,IF2011,2020-10-13 09:34:25.000,4773.6000,13249,0,723214080.000,0,-,-,-,-,4773.2000,4773.0000,4772.0000,4771.8000,4771.4000,4774.2000,4774.4000,4774.6000,4775.0000,4775.8000,1,4,3,1,2,2,1,4,2,1
SF,IF2011,2020-10-13 09:34:26.500,4771.4000,13258,9,737531400.000,10,9,1,空开,S,4771.4000,4770.2000,4770.0000,4769.8000,4769.0000,4774.2000,4774.4000,4774.6000,4775.0000,4775.8000,1,1,3,1,5,2,1,4,2,1
SF,IF2011,2020-10-13 09:34:27.000,4771.4000,13258,0,737531400.000,0,-,-,-,-,4771.8000,4771.6000,4771.4000,4770.2000,4770.0000,4774.0000,4774.2000,4774.4000,4774.6000,4775.0000,1,3,2,1,3,3,2,1,4,2
SF,IF2011,2020-10-13 09:34:27.500,4774.0000,13258,0,738963600.000,1,0,1,多换,S,4772.0000,4771.8000,4771.6000,4771.4000,4770.2000,4774.0000,4774.2000,4774.4000,4774.6000,4775.0000,3,1,2,1,1,2,2,1,4,2
SF,IF2011,2020-10-13 09:34:28.000,4774.0000,13258,0,738963600.000,0,-,-,-,-,4772.2000,4772.0000,4771.8000,4771.6000,4771.4000,4774.0000,4774.2000,4774.4000,4774.6000,4775.0000,2,2,1,2,2,2,2,1,4,2
SF,IF2011,2020-10-13 09:34:28.500,4774.0000,13258,0,738963600.000,0,-,-,-,-,4772.4000,4772.2000,4772.0000,4771.8000,4771.6000,4774.0000,4774.2000,4774.4000,4774.6000,4775.0000,1,4,1,1,2,1,2,1,9,2
SF,IF2011,2020-10-13 09:34:29.000,4774.0000,13258,0,740395800.000,1,0,1,多换,S,4772.6000,4772.4000,4772.2000,4772.0000,4771.8000,4774.2000,4774.4000,4774.6000,4775.0000,4775.8000,1,2,3,1,1,2,1,9,2,1
SF,IF2011,2020-10-13 09:34:29.500,4774.0000,13258,0,740395800.000,0,-,-,-,-,4772.8000,4772.4000,4772.2000,4772.0000,4771.8000,4774.2000,4774.4000,4774.6000,4775.0000,4775.8000,1,1,2,1,1,3,1,9,2,1
SF,IF2011,2020-10-13 09:34:30.000,4774.2000,13257,-1,741828060.000,1,0,1,双平,S,4772.8000,4772.4000,4772.2000,4772.0000,4771.8000,4774.2000,4774.4000,4774.6000,4775.0000,4775.8000,2,1,2,1,1,1,1,9,2,1
SF,IF2011,2020-10-13 09:34:31.000,4774.2000,13257,0,741828060.000,0,-,-,-,-,4773.0000,4772.8000,4772.4000,4772.2000,4772.0000,4774.2000,4774.4000,4774.6000,4775.0000,4775.8000,1,2,1,2,1,1,1,9,2,1
SF,IF2011,2020-10-13 09:34:31.500,4774.2000,13257,0,741828060.000,0,-,-,-,-,4773.2000,4773.0000,4772.4000,4772.2000,4772.0000,4774.2000,4774.4000,4774.6000,4775.0000,4775.8000,1,1,1,2,1,1,1,9,2,1
SF,IF2011,2020-10-13 09:34:32.000,4774.2000,13257,0,741828060.000,0,-,-,-,-,4773.2000,4772.4000,4772.2000,4772.0000,4771.8000,4774.0000,4774.2000,4774.4000,4774.6000,4775.0000,1,1,2,1,1,1,2,1,9,2
SF,IF2011,2020-10-13 09:34:32.500,4774.2000,13257,0,741828060.000,0,-,-,-,-,4773.2000,4772.4000,4772.2000,4772.0000,4771.8000,4774.0000,4774.2000,4774.4000,4774.6000,4775.0000,1,1,2,1,1,1,1,1,9,2
SF,IF2011,2020-10-13 09:34:33.000,4774.2000,13257,0,741828060.000,0,-,-,-,-,4773.2000,4772.2000,4772.0000,4771.8000,4771.6000,4774.0000,4774.2000,4774.4000,4774.6000,4775.0000,1,2,1,1,1,1,1,1,9,2
SF,IF2011,2020-10-13 09:34:33.500,4774.2000,13258,1,743260320.000,1,1,0,双开,S,4773.2000,4772.2000,4772.0000,4771.8000,4771.6000,4774.2000,4774.4000,4774.6000,4775.0000,4775.8000,1,2,1,1,1,1,1,9,2,1
SF,IF2011,2020-10-13 09:34:34.500,4773.2000,13257,-1,744692280.000,1,0,1,双平,S,4773.6000,4772.2000,4772.0000,4771.8000,4771.6000,4774.0000,4774.2000,4774.4000,4774.6000,4775.0000,1,2,1,1,1,1,3,1,9,2
SF,IF2011,2020-10-13 09:34:35.000,4773.2000,13256,-1,746124240.000,1,0,1,双平,S,4772.2000,4772.0000,4771.8000,4771.6000,4771.4000,4773.4000,4773.6000,4774.0000,4774.2000,4774.4000,2,1,1,1,5,1,1,1,2,1
SF,IF2011,2020-10-13 09:34:35.500,4773.2000,13256,0,746124240.000,0,-,-,-,-,4772.4000,4772.0000,4771.4000,4771.2000,4770.0000,4773.4000,4774.0000,4774.2000,4774.4000,4774.6000,1,1,4,1,3,1,1,2,1,9
