市场代码,合约代码,时间,最新,持仓,增仓,成交额,成交量,开仓,平仓,成交类型,方向,买一价,买二价,买三价,买四价,买五价,卖一价,卖二价,卖三价,卖四价,卖五价,买一量,买二量,买三量,买四量,买五量,卖一量,卖二量,卖三量,卖四量,卖五量
SF,IF2006,2020-01-16 09:29:00.100,4190.4000,17808,0,2514240.000,2.000,-,-,-,-,4190.2000,4185.0000,4184.2000,4182.8000,4182.6000,4191.0000,4192.4000,4192.6000,4194.0000,4195.8000,1,1,1,1,3,2,1,1,1,1
SF,IF2006,2020-01-16 09:30:00.100,4190.2000,17809,1,6285420.000,3,2,1,空开,S,4185.0000,4182.8000,4182.6000,4182.2000,4181.2000,4188.0000,4188.8000,4189.6000,4190.0000,4190.2000,1,1,3,3,1,1,4,1,1,3
SF,IF2006,2020-01-16 09:30:00.600,4185.6000,17807,-2,8796600.000,2,0,2,双平,S,4182.8000,4182.2000,4181.2000,4180.4000,4178.0000,4184.4000,4185.6000,4186.6000,4187.6000,4187.8000,1,2,1,1,1,1,1,1,5,4
SF,IF2006,2020-01-16 09:30:01.100,4187.8000,17805,-2,11308260.000,2,0,2,双平,S,4183.0000,4182.8000,4182.2000,4180.4000,4178.0000,4187.8000,4188.8000,4189.8000,4190.0000,4190.2000,5,2,2,1,1,3,3,1,1,3
SF,IF2006,2020-01-16 09:30:01.600,4187.8000,17806,1,13820940.000,2,1,1,空开,S,4183.8000,4183.2000,4183.0000,4182.8000,4182.2000,4187.6000,4187.8000,4188.8000,4189.8000,4190.0000,1,1,5,2,2,1,4,3,1,6
SF,IF2006,2020-01-16 09:30:02.100,4187.8000,17806,0,13820940.000,0,-,-,-,-,4184.0000,4183.8000,4183.2000,4183.0000,4182.8000,4187.4000,4187.6000,4187.8000,4188.8000,4189.8000,5,1,1,1,2,4,1,2,3,1
SF,IF2006,2020-01-16 09:30:02.600,4187.8000,17806,0,15077280.000,1,0,1,多换,S,4184.4000,4184.2000,4184.0000,4183.8000,4183.2000,4187.4000,4187.8000,4188.8000,4189.8000,4190.0000,1,1,4,1,1,1,1,3,1,1
SF,IF2006,2020-01-16 09:30:03.100,4187.8000,17806,0,15077280.000,0,-,-,-,-,4184.6000,4184.4000,4183.8000,4183.2000,4183.0000,4187.2000,4187.4000,4187.8000,4188.8000,4189.8000,5,1,1,1,1,2,2,1,1,1
SF,IF2006,2020-01-16 09:30:03.600,4187.8000,17806,0,15077280.000,0,-,-,-,-,4184.6000,4184.4000,4183.8000,4183.2000,4183.0000,4187.0000,4187.8000,4189.8000,4190.0000,4190.2000,5,1,1,1,1,1,1,1,1,2
SF,IF2006,2020-01-16 09:30:04.100,4187.8000,17806,0,15077280.000,0,-,-,-,-,4184.6000,4183.8000,4183.2000,4183.0000,4182.8000,4187.0000,4188.8000,4189.8000,4190.0000,4190.2000,5,1,1,1,2,1,2,1,1,2
SF,IF2006,2020-01-16 09:30:04.600,4184.6000,17801,-5,21354300.000,5,0,5,双平,S,4184.8000,4184.6000,4184.4000,4183.8000,4183.2000,4186.8000,4188.8000,4189.8000,4190.0000,4190.2000,2,2,1,1,1,2,1,1,1,2
SF,IF2006,2020-01-16 09:30:05.100,4184.6000,17801,0,21354300.000,0,-,-,-,-,4185.0000,4184.8000,4184.4000,4183.8000,4183.2000,4186.8000,4188.8000,4189.8000,4190.0000,4190.2000,3,2,1,1,1,2,1,1,1,2
SF,IF2006,2020-01-16 09:30:05.600,4184.6000,17801,0,21354300.000,0,-,-,-,-,4185.0000,4184.8000,4184.4000,4183.8000,4183.2000,4186.6000,4186.8000,4188.8000,4189.8000,4190.0000,3,1,1,1,1,1,2,1,1,1
SF,IF2006,2020-01-16 09:30:06.100,4185.0000,17800,-1,25120800.000,3,1,2,多平,S,4184.6000,4184.4000,4183.8000,4183.2000,4182.8000,4185.0000,4186.4000,4186.6000,4188.2000,4188.8000,1,1,1,1,1,1,3,1,1,1
SF,IF2006,2020-01-16 09:30:06.600,4184.6000,17798,-2,27631680.000,2,0,2,双平,S,4184.6000,4184.4000,4183.8000,4183.2000,4182.8000,4186.4000,4186.6000,4188.2000,4188.8000,4189.8000,1,1,1,1,1,2,1,1,1,1
SF,IF2006,2020-01-16 09:30:07.100,4186.2000,17799,1,28887540.000,1,1,0,双开,S,4184.8000,4184.4000,4183.8000,4183.2000,4182.8000,4186.4000,4188.2000,4188.8000,4189.0000,4189.8000,1,1,1,1,1,3,1,1,1,1
SF,IF2006,2020-01-16 09:30:07.600,4186.2000,17799,0,28887540.000,0,-,-,-,-,4184.8000,4184.4000,4183.8000,4183.2000,4182.8000,4186.4000,4188.2000,4188.8000,4189.0000,4189.8000,1,1,1,1,1,3,1,1,1,1
SF,IF2006,2020-01-16 09:30:08.100,4186.4000,17799,0,30143460.000,1,0,1,多换,S,4185.0000,4184.8000,4184.4000,4183.8000,4183.2000,4186.2000,4186.4000,4188.2000,4188.8000,4189.0000,2,1,1,1,1,1,1,1,1,1
SF,IF2006,2020-01-16 09:30:08.600,4186.4000,17799,0,30143460.000,0,-,-,-,-,4185.2000,4185.0000,4184.4000,4183.8000,4183.2000,4186.0000,4186.2000,4188.2000,4188.8000,4189.0000,1,2,1,1,1,1,1,1,1,1
SF,IF2006,2020-01-16 09:30:09.100,4186.4000,17799,0,30143460.000,0,-,-,-,-,4185.6000,4185.2000,4185.0000,4184.4000,4183.8000,4186.0000,4186.2000,4188.2000,4188.8000,4189.0000,2,1,2,1,1,1,1,1,1,1
SF,IF2006,2020-01-16 09:30:09.600,4185.2000,17793,-6,37677600.000,6,0,6,双平,S,4184.4000,4183.8000,4183.2000,4182.8000,4182.2000,4186.0000,4186.2000,4188.2000,4189.0000,4190.2000,1,1,1,1,2,1,1,1,1,2
SF,IF2006,2020-01-16 09:30:10.100,4185.2000,17793,0,37677600.000,0,-,-,-,-,4184.6000,4184.4000,4183.8000,4183.2000,4182.8000,4185.8000,4186.0000,4188.2000,4189.0000,4191.0000,2,1,1,1,1,1,2,1,1,3
SF,IF2006,2020-01-16 09:30:10.600,4185.6000,17793,0,38933280.000,1,0,1,多换,S,4184.6000,4184.4000,4183.8000,4183.2000,4182.8000,4185.6000,4185.8000,4188.2000,4189.0000,4191.0000,2,1,1,1,1,1,1,1,1,3
SF,IF2006,2020-01-16 09:30:11.100,4184.6000,17792,-1,40188660.000,1,0,1,双平,S,4184.6000,4184.4000,4183.8000,4183.2000,4182.8000,4185.6000,4185.8000,4188.2000,4189.0000,4191.0000,1,1,1,1,1,1,1,1,1,3
SF,IF2006,2020-01-16 09:30:13.100,4184.6000,17792,0,40188660.000,0,-,-,-,-,4184.4000,4183.8000,4183.2000,4182.8000,4182.2000,4185.6000,4185.8000,4188.2000,4189.0000,4191.0000,1,1,1,1,2,1,1,1,1,3
SF,IF2006,2020-01-16 09:30:13.600,4184.6000,17792,0,40188660.000,0,-,-,-,-,4184.6000,4184.4000,4183.8000,4183.2000,4182.8000,4185.6000,4185.8000,4189.0000,4191.0000,4191.8000,2,1,1,1,1,1,1,1,3,1
SF,IF2006,2020-01-16 09:30:14.100,4184.6000,17792,0,40188660.000,0,-,-,-,-,4184.4000,4183.8000,4183.2000,4182.8000,4182.2000,4185.6000,4185.8000,4189.0000,4191.0000,4191.8000,1,1,1,1,2,1,1,1,3,1
SF,IF2006,2020-01-16 09:30:14.600,4184.6000,17792,0,40188660.000,0,-,-,-,-,4184.4000,4183.8000,4183.2000,4182.8000,4182.2000,4184.6000,4185.4000,4185.6000,4189.0000,4191.0000,1,1,1,1,2,2,2,1,1,3
SF,IF2006,2020-01-16 09:30:15.100,4184.4000,17791,-1,41443980.000,1,0,1,双平,S,4183.8000,4183.2000,4182.8000,4182.2000,4178.0000,4184.2000,4184.6000,4185.4000,4189.0000,4191.0000,1,1,1,2,1,1,2,3,1,3
SF,IF2006,2020-01-16 09:30:15.600,4184.2000,17790,-1,42699240.000,1,0,1,双平,S,4184.0000,4183.8000,4183.2000,4182.8000,4182.2000,4184.6000,4185.4000,4189.0000,4191.0000,4191.8000,3,1,1,1,2,2,2,1,3,1
SF,IF2006,2020-01-16 09:30:16.100,4184.0000,17788,-2,46464840.000,3,0,3,多平,S,4183.8000,4183.2000,4182.2000,4178.0000,4175.8000,4184.6000,4185.4000,4189.0000,4191.0000,4191.8000,1,1,2,1,1,2,1,1,3,1
SF,IF2006,2020-01-16 09:30:16.600,4184.0000,17788,0,46464840.000,0,-,-,-,-,4184.2000,4183.8000,4183.2000,4182.2000,4178.0000,4184.6000,4185.4000,4189.0000,4191.0000,4191.8000,1,1,1,2,1,2,1,1,3,1
SF,IF2006,2020-01-16 09:30:17.100,4184.6000,17787,-1,47720220.000,1,0,1,双平,S,4184.2000,4183.8000,4183.2000,4182.2000,4178.0000,4184.6000,4185.4000,4185.6000,4189.0000,4191.0000,1,1,1,2,1,1,1,1,1,3
SF,IF2006,2020-01-16 09:30:18.100,4184.6000,17786,-1,48975600.000,1,0,1,双平,S,4184.2000,4183.8000,4183.2000,4182.2000,4178.0000,4185.4000,4185.6000,4189.0000,4191.0000,4191.8000,1,1,1,2,1,1,1,1,3,1
SF,IF2006,2020-01-16 09:30:18.600,4184.6000,17786,0,48975600.000,0,-,-,-,-,4184.2000,4183.8000,4183.2000,4182.2000,4178.0000,4185.2000,4185.6000,4189.0000,4191.0000,4191.8000,1,1,1,2,1,1,1,1,3,1
SF,IF2006,2020-01-16 09:30:19.100,4184.6000,17786,0,48975600.000,0,-,-,-,-,4184.4000,4184.2000,4183.8000,4183.2000,4182.2000,4185.6000,4189.0000,4191.0000,4191.8000,4192.4000,1,1,1,1,2,1,1,3,1,1
SF,IF2006,2020-01-16 09:30:19.600,4184.4000,17785,-1,50230920.000,1,0,1,双平,S,4184.2000,4183.8000,4183.2000,4182.2000,4175.8000,4185.6000,4189.0000,4191.0000,4191.8000,4192.4000,1,1,1,2,1,1,1,3,1,1
SF,IF2006,2020-01-16 09:30:20.100,4184.4000,17785,0,50230920.000,0,-,-,-,-,4184.2000,4183.8000,4183.2000,4182.2000,4175.8000,4185.4000,4185.6000,4189.0000,4191.0000,4191.8000,1,1,1,2,1,1,1,1,3,1
SF,IF2006,2020-01-16 09:30:20.600,4184.4000,17785,0,51486240.000,1,0,1,多换,S,4184.2000,4183.8000,4183.2000,4182.2000,4175.8000,4185.4000,4185.6000,4189.0000,4191.0000,4191.8000,1,1,1,2,1,1,1,1,3,1
SF,IF2006,2020-01-16 09:30:21.100,4184.2000,17785,0,52741500.000,1,0,1,多换,S,4183.8000,4183.2000,4182.2000,4175.8000,4175.0000,4184.2000,4185.4000,4185.6000,4189.0000,4191.0000,1,1,2,1,5,2,2,1,1,3
SF,IF2006,2020-01-16 09:30:21.600,4184.2000,17783,-2,55252020.000,2,0,2,双平,S,4184.2000,4183.8000,4183.2000,4182.2000,4175.8000,4185.4000,4185.6000,4189.0000,4191.0000,4191.8000,1,1,1,2,1,1,1,1,3,1
SF,IF2006,2020-01-16 09:30:22.100,4184.2000,17783,0,55252020.000,0,-,-,-,-,4184.2000,4183.8000,4183.2000,4182.2000,4175.8000,4185.4000,4185.6000,4189.0000,4191.0000,4191.8000,1,1,1,2,1,1,1,1,3,1
SF,IF2006,2020-01-16 09:30:22.600,4184.2000,17783,0,55252020.000,0,-,-,-,-,4184.6000,4183.8000,4183.2000,4182.2000,4175.8000,4185.4000,4185.6000,4189.0000,4191.0000,4191.8000,1,1,1,2,1,1,1,1,3,1
SF,IF2006,2020-01-16 09:30:23.100,4184.2000,17783,0,56507280.000,1,0,1,多换,S,4183.8000,4183.2000,4182.2000,4175.8000,4175.0000,4185.4000,4185.6000,4189.0000,4191.0000,4191.8000,1,1,2,1,5,1,1,1,3,1
SF,IF2006,2020-01-16 09:30:23.600,4184.2000,17783,0,56507280.000,0,-,-,-,-,4184.0000,4183.8000,4183.2000,4182.2000,4175.8000,4185.4000,4185.6000,4189.0000,4191.0000,4191.8000,1,1,1,2,1,1,1,1,3,1
SF,IF2006,2020-01-16 09:30:24.100,4184.2000,17783,0,56507280.000,0,-,-,-,-,4184.0000,4183.8000,4183.2000,4182.2000,4175.8000,4185.2000,4185.4000,4185.6000,4191.0000,4191.8000,1,1,1,2,1,1,1,1,3,1
SF,IF2006,2020-01-16 09:30:24.600,4184.2000,17782,-1,57762540.000,1,0,1,双平,S,4183.8000,4183.2000,4182.2000,4175.8000,4175.0000,4184.0000,4185.2000,4185.4000,4185.6000,4191.0000,1,1,2,1,1,4,1,1,1,3
SF,IF2006,2020-01-16 09:30:25.100,4184.2000,17780,-2,60273060.000,2,0,2,双平,S,4183.8000,4183.2000,4182.2000,4175.8000,4175.0000,4184.0000,4185.2000,4185.4000,4185.6000,4191.0000,1,1,3,1,1,2,1,1,1,3
SF,IF2006,2020-01-16 09:30:25.600,4183.8000,17779,-1,61528200.000,1,0,1,双平,S,4183.2000,4182.2000,4175.8000,4175.0000,4173.2000,4184.0000,4185.0000,4185.2000,4185.4000,4185.6000,1,3,1,1,1,2,1,1,1,1
SF,IF2006,2020-01-16 09:30:26.100,4184.0000,17779,0,62783400.000,1,0,1,多换,S,4183.2000,4182.2000,4175.8000,4175.0000,4173.2000,4184.0000,4185.0000,4185.2000,4185.4000,4185.6000,2,3,1,1,1,1,1,1,1,1
SF,IF2006,2020-01-16 09:30:26.600,4184.0000,17779,0,64038600.000,1,0,1,多换,S,4183.4000,4183.2000,4182.2000,4175.8000,4175.0000,4185.0000,4185.2000,4185.4000,4185.6000,4191.0000,2,2,3,1,1,1,1,1,1,3
SF,IF2006,2020-01-16 09:30:27.100,4184.0000,17779,0,64038600.000,0,-,-,-,-,4183.4000,4183.2000,4182.2000,4175.8000,4175.0000,4184.8000,4185.4000,4185.6000,4191.0000,4191.8000,2,2,3,1,1,1,1,1,3,1
SF,IF2006,2020-01-16 09:30:27.600,4184.0000,17779,0,64038600.000,0,-,-,-,-,4183.4000,4183.2000,4182.2000,4175.8000,4175.0000,4184.6000,4184.8000,4185.4000,4185.6000,4191.0000,2,2,3,1,1,1,1,1,1,3
SF,IF2006,2020-01-16 09:30:28.100,4184.0000,17779,0,64038600.000,0,-,-,-,-,4183.4000,4183.2000,4182.2000,4175.8000,4175.0000,4184.4000,4184.6000,4185.4000,4185.6000,4191.0000,2,2,3,1,1,1,1,1,1,3
SF,IF2006,2020-01-16 09:30:28.600,4184.0000,17779,0,64038600.000,0,-,-,-,-,4183.4000,4183.2000,4182.2000,4175.8000,4175.0000,4184.4000,4184.6000,4185.4000,4185.6000,4191.0000,2,4,3,1,1,1,1,1,1,3
SF,IF2006,2020-01-16 09:30:29.100,4184.0000,17779,0,64038600.000,0,-,-,-,-,4183.4000,4183.2000,4182.2000,4180.0000,4175.8000,4184.4000,4184.6000,4185.4000,4185.6000,4191.0000,2,4,3,1,1,1,1,1,1,3
SF,IF2006,2020-01-16 09:30:29.600,4184.0000,17779,0,64038600.000,0,-,-,-,-,4183.4000,4183.2000,4182.2000,4180.0000,4175.8000,4184.2000,4184.4000,4185.4000,4185.6000,4191.0000,2,4,3,1,1,1,1,1,1,3
SF,IF2006,2020-01-16 09:30:30.100,4184.0000,17779,0,64038600.000,0,-,-,-,-,4183.2000,4182.2000,4180.0000,4175.8000,4175.0000,4184.2000,4184.4000,4185.4000,4185.6000,4191.0000,3,3,1,1,1,1,1,1,1,3
SF,IF2006,2020-01-16 09:30:30.600,4184.0000,17779,0,64038600.000,0,-,-,-,-,4183.2000,4182.2000,4180.0000,4175.8000,4175.0000,4184.2000,4184.4000,4185.4000,4185.6000,4191.0000,1,3,1,1,1,1,1,1,1,3
SF,IF2006,2020-01-16 09:30:31.600,4184.2000,17778,-1,65293860.000,1,0,1,双平,S,4184.2000,4183.2000,4182.2000,4180.0000,4175.8000,4184.4000,4185.4000,4185.6000,4191.0000,4191.8000,1,1,3,1,1,1,1,1,3,1
SF,IF2006,2020-01-16 09:30:32.100,4184.2000,17778,0,66549120.000,1,0,1,多换,S,4183.2000,4182.2000,4180.0000,4175.8000,4175.0000,4184.4000,4185.4000,4185.6000,4191.0000,4191.8000,1,3,1,1,1,1,1,1,3,1
SF,IF2006,2020-01-16 09:30:32.600,4184.2000,17778,0,66549120.000,0,-,-,-,-,4183.2000,4182.2000,4180.0000,4175.8000,4175.0000,4185.4000,4185.6000,4191.0000,4191.8000,4192.4000,1,3,1,1,1,1,1,3,1,1
SF,IF2006,2020-01-16 09:30:33.100,4184.2000,17778,0,66549120.000,0,-,-,-,-,4183.4000,4183.2000,4182.2000,4180.0000,4175.8000,4185.2000,4185.4000,4185.6000,4191.0000,4191.8000,1,1,3,1,1,1,1,1,3,1
SF,IF2006,2020-01-16 09:30:33.600,4184.2000,17778,0,66549120.000,0,-,-,-,-,4183.8000,4183.4000,4183.2000,4182.2000,4180.0000,4185.2000,4185.4000,4185.6000,4191.0000,4191.8000,1,1,1,3,1,1,1,1,3,1
SF,IF2006,2020-01-16 09:30:34.100,4184.2000,17778,0,66549120.000,0,-,-,-,-,4183.8000,4183.4000,4183.2000,4182.2000,4180.0000,4185.2000,4185.4000,4185.6000,4191.0000,4191.8000,1,1,1,3,1,1,1,1,3,1
SF,IF2006,2020-01-16 09:30:34.600,4184.2000,17778,0,66549120.000,0,-,-,-,-,4183.8000,4183.4000,4183.2000,4182.2000,4180.0000,4185.2000,4185.4000,4185.6000,4191.0000,4191.8000,1,1,1,3,1,1,1,1,3,1
SF,IF2006,2020-01-16 09:30:36.100,4183.8000,17779,1,67804260.000,1,1,0,双开,S,4183.4000,4183.2000,4182.2000,4180.0000,4175.8000,4185.2000,4185.4000,4185.6000,4191.0000,4191.8000,1,1,3,1,1,1,1,1,3,1
SF,IF2006,2020-01-16 09:30:36.600,4183.8000,17779,0,67804260.000,0,-,-,-,-,4183.6000,4183.2000,4182.2000,4180.0000,4175.8000,4185.2000,4185.4000,4185.6000,4191.0000,4191.8000,2,3,3,1,1,1,1,1,3,1
SF,IF2006,2020-01-16 09:30:37.100,4185.2000,17779,0,69059820.000,1,0,1,多换,S,4184.2000,4183.6000,4183.2000,4182.2000,4180.0000,4185.4000,4185.6000,4191.0000,4191.8000,4192.4000,1,2,1,3,1,1,1,3,1,1
SF,IF2006,2020-01-16 09:30:37.600,4185.2000,17779,0,69059820.000,0,-,-,-,-,4184.2000,4183.2000,4182.2000,4180.0000,4175.8000,4185.4000,4185.6000,4191.0000,4191.8000,4192.4000,1,1,3,1,1,1,1,3,1,1
SF,IF2006,2020-01-16 09:30:38.100,4185.2000,17779,0,69059820.000,0,-,-,-,-,4184.4000,4184.2000,4183.2000,4182.2000,4180.0000,4185.4000,4185.6000,4191.0000,4191.8000,4192.4000,1,1,1,3,1,1,1,3,1,1
SF,IF2006,2020-01-16 09:30:38.600,4184.4000,17778,-1,70315140.000,1,0,1,双平,S,4183.2000,4182.2000,4180.0000,4175.8000,4175.0000,4185.4000,4185.6000,4191.0000,4191.8000,4192.4000,1,3,1,1,1,1,1,3,1,1
SF,IF2006,2020-01-16 09:30:39.100,4184.4000,17778,0,70315140.000,0,-,-,-,-,4183.4000,4183.2000,4182.2000,4180.0000,4175.8000,4185.2000,4185.4000,4185.6000,4191.0000,4191.8000,1,2,3,1,1,1,1,1,3,1
SF,IF2006,2020-01-16 09:30:40.600,4184.4000,17777,-1,71570460.000,1,0,1,双平,S,4183.4000,4183.2000,4182.2000,4180.0000,4175.8000,4185.2000,4185.4000,4185.6000,4191.0000,4191.8000,1,4,3,1,1,1,1,1,3,1
SF,IF2006,2020-01-16 09:30:41.100,4184.4000,17777,0,71570460.000,0,-,-,-,-,4183.4000,4183.2000,4182.2000,4180.0000,4175.8000,4185.2000,4185.4000,4185.6000,4191.0000,4191.8000,1,2,3,1,1,1,1,1,3,1
SF,IF2006,2020-01-16 09:30:41.600,4184.4000,17777,0,71570460.000,0,-,-,-,-,4183.6000,4183.4000,4183.2000,4182.2000,4180.0000,4185.4000,4185.6000,4191.0000,4191.8000,4192.4000,1,1,2,3,1,1,1,3,1,1
SF,IF2006,2020-01-16 09:30:42.100,4185.2000,17777,0,72826020.000,1,0,1,多换,S,4183.8000,4183.6000,4183.2000,4182.2000,4180.0000,4185.4000,4185.6000,4191.0000,4191.8000,4192.4000,1,1,2,3,1,1,1,3,1,1
SF,IF2006,2020-01-16 09:30:43.100,4185.2000,17777,0,72826020.000,0,-,-,-,-,4183.8000,4183.6000,4183.2000,4182.2000,4180.0000,4185.2000,4185.4000,4185.6000,4191.0000,4191.8000,1,1,2,3,1,1,1,1,3,1
SF,IF2006,2020-01-16 09:30:43.600,4185.2000,17777,0,72826020.000,0,-,-,-,-,4183.8000,4183.6000,4183.2000,4182.2000,4180.0000,4185.2000,4185.4000,4185.6000,4191.0000,4191.8000,1,1,2,3,1,1,1,1,3,1
SF,IF2006,2020-01-16 09:30:44.100,4185.2000,17777,0,72826020.000,0,-,-,-,-,4184.2000,4183.8000,4183.6000,4183.2000,4182.2000,4185.2000,4185.4000,4185.6000,4191.0000,4191.8000,1,1,1,2,3,1,1,1,3,1
SF,IF2006,2020-01-16 09:30:44.600,4184.2000,17777,0,74081280.000,1,0,1,多换,S,4183.8000,4183.6000,4183.2000,4182.2000,4180.0000,4185.0000,4185.2000,4185.4000,4185.6000,4191.0000,1,1,2,3,1,1,1,1,1,3
SF,IF2006,2020-01-16 09:30:45.100,4184.2000,17777,0,74081280.000,0,-,-,-,-,4183.8000,4183.6000,4183.2000,4182.2000,4180.0000,4185.0000,4185.2000,4185.4000,4185.6000,4191.0000,1,1,1,3,1,1,1,1,1,3
SF,IF2006,2020-01-16 09:30:45.600,4184.2000,17777,0,74081280.000,0,-,-,-,-,4183.8000,4183.6000,4183.2000,4182.2000,4180.0000,4185.0000,4185.2000,4185.4000,4185.6000,4191.0000,1,1,1,3,1,1,1,1,1,3
SF,IF2006,2020-01-16 09:30:46.100,4183.8000,17776,-1,75336420.000,1,0,1,双平,S,4183.6000,4183.2000,4182.2000,4180.0000,4175.8000,4183.8000,4185.0000,4185.2000,4185.4000,4185.6000,1,1,3,1,1,1,1,1,1,1
SF,IF2006,2020-01-16 09:30:46.600,4183.8000,17776,0,75336420.000,0,-,-,-,-,4183.6000,4183.2000,4182.2000,4180.0000,4175.8000,4183.8000,4184.8000,4185.0000,4185.2000,4185.4000,1,1,3,1,1,2,1,1,1,1
SF,IF2006,2020-01-16 09:30:47.100,4183.8000,17775,-1,77846640.000,2,0,2,多平,S,4183.2000,4182.2000,4180.0000,4175.8000,4175.0000,4183.8000,4184.8000,4185.0000,4185.2000,4185.4000,1,3,1,1,1,1,1,1,1,1
SF,IF2006,2020-01-16 09:30:47.600,4183.2000,17775,0,79101600.000,1,0,1,多换,S,4182.2000,4180.0000,4175.8000,4175.0000,4173.2000,4183.8000,4184.8000,4185.0000,4185.2000,4185.4000,3,1,1,1,1,1,1,1,1,2
SF,IF2006,2020-01-16 09:30:48.100,4183.2000,17775,0,79101600.000,0,-,-,-,-,4182.4000,4182.2000,4180.0000,4175.8000,4175.0000,4183.8000,4185.0000,4185.2000,4185.4000,4185.6000,1,4,1,1,1,1,1,1,2,1
SF,IF2006,2020-01-16 09:30:49.100,4183.2000,17775,0,79101600.000,0,-,-,-,-,4182.4000,4182.2000,4180.0000,4175.8000,4175.0000,4183.8000,4185.0000,4185.2000,4185.4000,4185.6000,1,4,1,1,1,2,1,1,2,1
SF,IF2006,2020-01-16 09:30:49.600,4183.2000,17775,0,79101600.000,0,-,-,-,-,4182.2000,4180.0000,4175.8000,4175.0000,4173.2000,4183.6000,4183.8000,4185.0000,4185.2000,4185.4000,4,1,1,1,1,1,2,1,1,2
SF,IF2006,2020-01-16 09:30:50.100,4183.2000,17775,0,79101600.000,0,-,-,-,-,4182.2000,4180.0000,4175.8000,4175.0000,4173.2000,4183.6000,4183.8000,4185.0000,4185.2000,4185.4000,4,1,1,1,1,1,2,1,1,2
SF,IF2006,2020-01-16 09:30:50.600,4183.2000,17775,0,79101600.000,0,-,-,-,-,4182.2000,4180.0000,4175.8000,4175.0000,4173.2000,4183.6000,4183.8000,4185.0000,4185.2000,4185.4000,3,1,1,1,1,1,2,1,1,2
SF,IF2006,2020-01-16 09:30:51.100,4183.2000,17775,0,79101600.000,0,-,-,-,-,4182.4000,4182.2000,4180.0000,4175.8000,4175.0000,4183.6000,4183.8000,4185.0000,4185.2000,4185.4000,2,3,1,1,1,1,2,1,1,2
SF,IF2006,2020-01-16 09:30:52.100,4183.2000,17775,0,79101600.000,0,-,-,-,-,4182.4000,4182.2000,4180.0000,4175.8000,4175.0000,4183.6000,4183.8000,4185.0000,4185.2000,4185.4000,2,3,1,1,1,1,1,1,1,2
SF,IF2006,2020-01-16 09:30:52.600,4183.2000,17775,0,79101600.000,0,-,-,-,-,4183.6000,4182.6000,4182.4000,4182.2000,4180.0000,4183.8000,4185.0000,4185.2000,4185.4000,4185.6000,1,1,2,3,1,1,1,1,2,1
SF,IF2006,2020-01-16 09:30:53.100,4183.6000,17775,0,81611820.000,2,1,1,多换,S,4182.6000,4182.2000,4180.0000,4175.8000,4175.0000,4183.6000,4185.0000,4185.2000,4185.4000,4185.6000,1,3,1,1,1,6,1,1,2,1
SF,IF2006,2020-01-16 09:30:55.100,4183.6000,17775,0,81611820.000,0,-,-,-,-,4182.6000,4182.2000,4180.0000,4175.8000,4175.0000,4183.6000,4185.0000,4185.2000,4185.4000,4185.6000,1,3,1,1,1,6,1,1,2,1
SF,IF2006,2020-01-16 09:30:55.600,4183.6000,17774,-1,82866900.000,1,0,1,双平,S,4182.6000,4182.2000,4180.0000,4175.8000,4175.0000,4183.6000,4185.0000,4185.2000,4185.4000,4185.6000,1,3,1,1,1,5,1,1,2,1
SF,IF2006,2020-01-16 09:30:58.100,4183.6000,17774,0,84121980.000,1,0,1,多换,S,4182.6000,4182.2000,4180.0000,4175.8000,4175.0000,4183.6000,4185.0000,4185.2000,4185.4000,4185.6000,1,3,1,1,1,4,1,1,2,1
SF,IF2006,2020-01-16 09:30:59.100,4183.6000,17774,0,84121980.000,0,-,-,-,-,4182.6000,4182.2000,4180.0000,4175.8000,4175.0000,4183.6000,4185.0000,4185.2000,4185.4000,4185.6000,1,3,1,1,1,5,1,1,2,1
SF,IF2006,2020-01-16 09:31:00.100,4183.6000,17769,-5,90397380.000,5,0,5,双平,S,4182.6000,4182.2000,4180.0000,4175.8000,4175.0000,4185.0000,4185.2000,4185.4000,4185.6000,4190.2000,1,3,1,1,1,1,1,2,1,1
SF,IF2006,2020-01-16 09:31:00.600,4183.6000,17769,0,90397380.000,0,-,-,-,-,4182.6000,4182.2000,4180.0000,4175.8000,4175.0000,4184.4000,4184.8000,4185.0000,4185.2000,4185.4000,1,3,1,1,1,1,1,1,1,2
SF,IF2006,2020-01-16 09:31:01.100,4183.6000,17769,0,90397380.000,0,-,-,-,-,4182.6000,4182.2000,4180.0000,4175.8000,4175.0000,4184.4000,4185.0000,4185.2000,4185.4000,4185.6000,2,3,1,1,1,1,1,1,2,1
SF,IF2006,2020-01-16 09:31:01.600,4183.6000,17769,0,90397380.000,0,-,-,-,-,4182.8000,4182.6000,4182.2000,4180.0000,4175.8000,4184.0000,4185.0000,4185.2000,4185.4000,4185.6000,2,2,3,1,1,1,1,1,2,1
SF,IF2006,2020-01-16 09:31:02.100,4183.6000,17769,0,90397380.000,0,-,-,-,-,4183.0000,4182.8000,4182.6000,4182.2000,4180.0000,4184.0000,4185.0000,4185.2000,4185.4000,4185.6000,1,2,1,3,1,1,1,1,2,1
SF,IF2006,2020-01-16 09:31:02.600,4183.6000,17769,0,90397380.000,0,-,-,-,-,4183.0000,4182.8000,4182.6000,4182.2000,4180.0000,4184.0000,4185.0000,4185.2000,4185.4000,4185.6000,1,2,1,3,1,1,1,1,2,1
SF,IF2006,2020-01-16 09:31:03.100,4183.6000,17769,0,90397380.000,0,-,-,-,-,4182.8000,4182.6000,4182.2000,4180.0000,4175.8000,4184.0000,4185.0000,4185.2000,4185.4000,4185.6000,2,1,3,1,1,1,1,1,2,1
SF,IF2006,2020-01-16 09:31:03.600,4184.0000,17769,0,91652580.000,1,0,1,多换,S,4182.8000,4182.6000,4182.2000,4180.0000,4175.8000,4185.0000,4185.2000,4185.4000,4185.6000,4190.2000,2,1,3,1,1,1,1,2,1,1
SF,IF2006,2020-01-16 09:31:04.100,4184.0000,17769,0,91652580.000,0,-,-,-,-,4183.0000,4182.8000,4182.6000,4182.2000,4180.0000,4184.4000,4184.8000,4185.0000,4185.2000,4185.4000,1,2,1,3,1,1,1,1,1,2
SF,IF2006,2020-01-16 09:31:04.600,4183.0000,17768,-1,92907480.000,1,0,1,双平,S,4182.8000,4182.6000,4182.2000,4180.0000,4175.8000,4183.0000,4184.4000,4184.8000,4185.0000,4185.2000,2,1,3,1,1,3,1,1,1,1
SF,IF2006,2020-01-16 09:31:05.100,4183.0000,17765,-3,96672180.000,3,0,3,双平,S,4183.0000,4182.8000,4182.6000,4182.2000,4180.0000,4184.4000,4184.8000,4185.0000,4185.2000,4185.4000,1,2,1,3,1,1,1,1,1,2
SF,IF2006,2020-01-16 09:31:05.600,4183.0000,17765,0,96672180.000,0,-,-,-,-,4183.0000,4182.8000,4182.6000,4182.2000,4180.0000,4183.8000,4184.2000,4184.4000,4185.0000,4185.2000,1,2,1,3,1,1,1,1,1,1
SF,IF2006,2020-01-16 09:31:06.100,4183.0000,17765,0,96672180.000,0,-,-,-,-,4183.0000,4182.8000,4182.6000,4182.2000,4180.0000,4183.6000,4184.2000,4184.4000,4185.0000,4185.2000,1,2,1,3,1,1,1,1,1,1
SF,IF2006,2020-01-16 09:31:06.600,4183.0000,17765,0,96672180.000,0,-,-,-,-,4183.0000,4182.8000,4182.6000,4182.2000,4180.0000,4183.6000,4184.2000,4184.4000,4185.0000,4185.2000,1,2,1,3,1,1,1,1,1,1
SF,IF2006,2020-01-16 09:31:07.100,4183.6000,17765,0,97927260.000,1,0,1,多换,S,4183.0000,4182.8000,4182.6000,4182.2000,4180.0000,4184.2000,4184.4000,4185.0000,4185.2000,4185.4000,1,2,1,3,1,1,1,1,1,2
SF,IF2006,2020-01-16 09:31:08.100,4183.0000,17765,0,99182160.000,1,0,1,多换,S,4182.8000,4182.6000,4182.2000,4180.0000,4175.8000,4184.2000,4184.4000,4185.0000,4185.2000,4185.4000,2,1,3,1,1,1,1,1,1,2
SF,IF2006,2020-01-16 09:31:08.600,4182.8000,17764,-1,100437000.000,1,0,1,双平,S,4182.8000,4182.6000,4182.2000,4180.0000,4175.8000,4183.8000,4184.4000,4185.0000,4185.2000,4185.4000,1,1,3,1,1,1,1,2,1,1
SF,IF2006,2020-01-16 09:31:09.100,4182.8000,17764,0,100437000.000,0,-,-,-,-,4182.8000,4182.2000,4180.0000,4175.8000,4175.0000,4183.6000,4184.4000,4185.0000,4185.2000,4185.4000,1,3,1,1,2,1,1,2,1,1
SF,IF2006,2020-01-16 09:31:09.600,4183.6000,17763,-1,101692080.000,1,0,1,双平,S,4183.6000,4182.8000,4182.2000,4180.0000,4175.8000,4184.4000,4185.0000,4185.2000,4185.4000,4185.6000,1,1,3,1,1,1,2,1,1,1
SF,IF2006,2020-01-16 09:31:10.100,4183.6000,17763,0,101692080.000,0,-,-,-,-,4183.6000,4182.8000,4182.2000,4180.0000,4175.8000,4185.0000,4185.2000,4185.4000,4185.6000,4190.0000,1,1,3,1,1,2,1,1,1,1
SF,IF2006,2020-01-16 09:31:10.600,4184.0000,17764,1,102947280.000,1,1,0,双开,S,4182.8000,4182.2000,4180.0000,4175.8000,4175.0000,4185.0000,4185.2000,4185.4000,4185.6000,4190.0000,1,3,1,1,2,2,1,1,1,1
SF,IF2006,2020-01-16 09:31:11.100,4184.0000,17764,0,102947280.000,0,-,-,-,-,4183.0000,4182.8000,4182.2000,4180.0000,4175.8000,4184.4000,4185.0000,4185.2000,4185.4000,4185.6000,1,2,3,1,1,1,2,1,1,1
SF,IF2006,2020-01-16 09:31:12.100,4184.0000,17764,0,102947280.000,0,-,-,-,-,4183.2000,4183.0000,4182.8000,4182.2000,4180.0000,4185.0000,4185.2000,4185.4000,4185.6000,4190.0000,1,1,2,3,1,2,1,1,1,1
SF,IF2006,2020-01-16 09:31:12.600,4184.0000,17764,0,102947280.000,0,-,-,-,-,4183.4000,4183.2000,4182.8000,4182.2000,4180.0000,4185.0000,4185.2000,4185.4000,4185.6000,4190.0000,1,1,2,3,1,2,1,1,1,1
SF,IF2006,2020-01-16 09:31:13.100,4184.0000,17764,0,102947280.000,0,-,-,-,-,4183.4000,4182.8000,4182.2000,4180.0000,4175.8000,4185.0000,4185.2000,4185.4000,4185.6000,4190.0000,1,2,3,1,1,2,1,1,1,1
SF,IF2006,2020-01-16 09:31:13.600,4184.0000,17764,0,102947280.000,0,-,-,-,-,4182.8000,4182.2000,4180.0000,4175.8000,4175.0000,4184.8000,4185.0000,4185.2000,4185.4000,4185.6000,2,3,1,1,2,1,2,1,1,1
SF,IF2006,2020-01-16 09:31:14.100,4184.0000,17764,0,102947280.000,0,-,-,-,-,4182.8000,4182.2000,4180.0000,4175.8000,4175.0000,4184.8000,4185.0000,4185.2000,4185.4000,4185.6000,2,3,1,1,2,1,2,1,1,1
SF,IF2006,2020-01-16 09:31:14.600,4184.0000,17764,0,102947280.000,0,-,-,-,-,4183.0000,4182.8000,4182.2000,4180.0000,4175.8000,4184.4000,4184.6000,4184.8000,4185.0000,4185.2000,1,1,3,1,1,1,2,1,2,1
SF,IF2006,2020-01-16 09:31:15.100,4184.0000,17764,0,102947280.000,0,-,-,-,-,4183.0000,4182.2000,4180.0000,4175.8000,4175.0000,4184.4000,4184.8000,4185.0000,4185.2000,4185.4000,1,3,1,1,2,1,1,2,1,1
SF,IF2006,2020-01-16 09:31:15.600,4184.0000,17764,0,102947280.000,0,-,-,-,-,4183.0000,4182.2000,4180.0000,4175.8000,4175.0000,4185.0000,4185.2000,4185.4000,4185.6000,4190.0000,1,3,1,1,2,2,1,1,1,1
SF,IF2006,2020-01-16 09:31:17.100,4184.0000,17764,0,104202480.000,1,0,1,多换,S,4183.0000,4182.2000,4180.0000,4175.8000,4175.0000,4184.8000,4185.0000,4185.2000,4185.4000,4185.6000,1,3,1,1,2,3,2,1,1,1
SF,IF2006,2020-01-16 09:31:17.600,4184.0000,17764,0,104202480.000,0,-,-,-,-,4183.0000,4182.2000,4180.0000,4175.8000,4175.0000,4184.4000,4184.6000,4184.8000,4185.0000,4185.2000,1,3,1,1,2,1,1,3,2,1
SF,IF2006,2020-01-16 09:31:18.100,4184.0000,17764,0,104202480.000,0,-,-,-,-,4183.0000,4182.2000,4180.0000,4175.8000,4175.0000,4184.6000,4184.8000,4185.0000,4185.2000,4185.4000,1,3,1,1,2,1,3,2,1,1
SF,IF2006,2020-01-16 09:31:18.600,4184.0000,17764,0,104202480.000,0,-,-,-,-,4183.0000,4182.2000,4180.0000,4175.8000,4175.0000,4184.8000,4185.0000,4185.4000,4185.6000,4190.0000,1,3,1,1,2,3,2,1,1,1
SF,IF2006,2020-01-16 09:31:19.100,4184.0000,17764,0,104202480.000,0,-,-,-,-,4183.0000,4182.2000,4180.0000,4175.8000,4175.0000,4184.4000,4185.0000,4185.4000,4185.6000,4190.0000,1,3,1,1,2,1,2,1,1,1
SF,IF2006,2020-01-16 09:31:20.600,4184.0000,17764,0,104202480.000,0,-,-,-,-,4183.0000,4182.2000,4180.0000,4175.8000,4175.0000,4185.0000,4185.4000,4185.6000,4190.0000,4190.2000,2,3,1,1,2,2,1,1,1,1
SF,IF2006,2020-01-16 09:31:21.100,4184.0000,17764,0,104202480.000,0,-,-,-,-,4183.0000,4182.2000,4180.0000,4175.8000,4175.0000,4185.0000,4185.4000,4185.6000,4190.0000,4190.2000,1,3,1,1,2,2,1,1,1,1
SF,IF2006,2020-01-16 09:31:21.600,4184.0000,17764,0,104202480.000,0,-,-,-,-,4183.0000,4182.2000,4180.0000,4175.8000,4175.0000,4185.0000,4185.4000,4185.6000,4188.0000,4190.0000,1,3,1,1,2,2,1,1,1,1
SF,IF2006,2020-01-16 09:31:22.100,4184.0000,17764,0,104202480.000,0,-,-,-,-,4184.4000,4183.0000,4182.2000,4180.0000,4175.8000,4185.0000,4185.4000,4185.6000,4188.0000,4190.0000,3,1,3,1,1,2,1,1,1,1
SF,IF2006,2020-01-16 09:31:22.600,4184.4000,17763,-1,105457800.000,1,0,1,双平,S,4184.4000,4183.0000,4182.2000,4180.0000,4175.8000,4185.0000,4185.4000,4185.6000,4188.0000,4190.0000,2,1,3,1,1,2,1,1,1,1
SF,IF2006,2020-01-16 09:31:23.600,4184.4000,17762,-1,107968440.000,2,0,2,多平,S,4183.0000,4182.2000,4180.0000,4175.8000,4175.0000,4184.8000,4185.0000,4185.4000,4185.6000,4188.0000,1,3,1,1,2,3,2,1,1,1
SF,IF2006,2020-01-16 09:31:24.100,4184.4000,17762,0,107968440.000,0,-,-,-,-,4183.0000,4182.2000,4180.0000,4175.8000,4175.0000,4185.0000,4185.4000,4185.6000,4188.0000,4190.0000,1,3,1,1,2,2,1,1,1,1
SF,IF2006,2020-01-16 09:31:24.600,4184.4000,17762,0,107968440.000,0,-,-,-,-,4184.0000,4183.0000,4182.2000,4180.0000,4175.8000,4184.4000,4184.8000,4185.0000,4185.4000,4185.6000,1,1,3,1,1,2,1,2,1,1
SF,IF2006,2020-01-16 09:31:25.100,4184.2000,17761,-1,110478900.000,2,0,2,多平,S,4183.0000,4182.2000,4180.0000,4175.8000,4175.0000,4184.4000,4184.8000,4185.0000,4185.4000,4185.6000,1,3,1,1,2,2,1,2,1,1
SF,IF2006,2020-01-16 09:31:26.100,4184.2000,17761,0,110478900.000,0,-,-,-,-,4183.0000,4182.2000,4180.0000,4175.8000,4175.0000,4184.4000,4185.0000,4185.4000,4185.6000,4188.0000,1,3,1,1,2,2,2,1,1,1
SF,IF2006,2020-01-16 09:31:26.600,4184.2000,17761,0,110478900.000,0,-,-,-,-,4183.0000,4182.2000,4180.0000,4175.8000,4175.0000,4184.4000,4185.0000,4185.4000,4185.6000,4188.0000,1,3,1,1,2,1,2,1,1,1
SF,IF2006,2020-01-16 09:31:27.100,4184.4000,17761,0,111734220.000,1,0,1,多换,S,4183.0000,4182.2000,4180.0000,4175.8000,4175.0000,4185.0000,4185.4000,4185.6000,4188.0000,4190.0000,1,3,1,1,2,2,1,1,1,1
SF,IF2006,2020-01-16 09:31:27.600,4184.4000,17761,0,111734220.000,0,-,-,-,-,4183.0000,4182.2000,4180.0000,4175.8000,4175.0000,4184.8000,4185.0000,4185.4000,4185.6000,4188.0000,1,3,1,1,2,4,2,1,1,1
SF,IF2006,2020-01-16 09:31:28.100,4184.4000,17761,0,111734220.000,0,-,-,-,-,4183.0000,4182.2000,4180.0000,4175.8000,4175.0000,4184.8000,4185.0000,4185.4000,4185.6000,4188.0000,1,3,1,1,2,4,2,1,1,1
SF,IF2006,2020-01-16 09:31:28.600,4184.4000,17761,0,111734220.000,0,-,-,-,-,4183.0000,4182.2000,4180.0000,4175.8000,4175.0000,4184.4000,4184.8000,4185.0000,4185.4000,4185.6000,1,3,1,1,2,1,3,2,1,1
SF,IF2006,2020-01-16 09:31:29.600,4184.4000,17761,0,111734220.000,0,-,-,-,-,4183.0000,4182.2000,4180.0000,4175.8000,4175.0000,4184.8000,4185.0000,4185.4000,4185.6000,4188.0000,1,3,1,1,2,3,2,1,1,1
SF,IF2006,2020-01-16 09:31:30.100,4184.4000,17761,0,111734220.000,0,-,-,-,-,4183.0000,4182.2000,4180.0000,4175.8000,4175.0000,4184.8000,4185.0000,4185.4000,4185.6000,4188.0000,1,3,1,1,2,3,2,1,1,1
SF,IF2006,2020-01-16 09:31:30.600,4184.4000,17761,0,111734220.000,0,-,-,-,-,4183.0000,4182.2000,4180.0000,4175.8000,4175.0000,4184.6000,4184.8000,4185.0000,4185.4000,4185.6000,1,3,1,1,2,1,3,2,1,1
SF,IF2006,2020-01-16 09:31:31.100,4184.4000,17761,0,111734220.000,0,-,-,-,-,4183.0000,4182.2000,4180.0000,4175.8000,4175.0000,4184.4000,4184.6000,4185.0000,4185.4000,4185.6000,1,3,1,1,2,3,1,2,1,1
SF,IF2006,2020-01-16 09:31:31.600,4184.4000,17761,0,111734220.000,0,-,-,-,-,4183.0000,4182.2000,4180.0000,4175.8000,4175.0000,4184.4000,4184.6000,4185.0000,4185.4000,4185.6000,1,3,1,1,2,4,1,2,1,1
SF,IF2006,2020-01-16 09:31:32.100,4184.4000,17761,0,111734220.000,0,-,-,-,-,4183.0000,4182.2000,4180.0000,4175.8000,4175.0000,4184.4000,4184.6000,4185.0000,4185.4000,4185.6000,1,3,1,1,2,4,1,2,1,1
SF,IF2006,2020-01-16 09:31:32.600,4184.4000,17761,0,111734220.000,0,-,-,-,-,4183.0000,4182.2000,4180.0000,4175.8000,4175.0000,4184.4000,4184.6000,4185.0000,4185.4000,4185.6000,1,3,1,1,2,4,1,2,1,1
SF,IF2006,2020-01-16 09:31:33.100,4184.4000,17761,0,111734220.000,0,-,-,-,-,4183.0000,4182.2000,4180.0000,4175.8000,4175.0000,4184.4000,4184.6000,4185.0000,4185.4000,4185.6000,1,3,1,1,2,4,1,2,1,1
SF,IF2006,2020-01-16 09:31:33.600,4184.4000,17761,0,111734220.000,0,-,-,-,-,4183.0000,4182.2000,4180.0000,4175.8000,4175.0000,4184.4000,4184.6000,4185.0000,4185.4000,4185.6000,1,3,1,1,2,4,1,2,1,1
SF,IF2006,2020-01-16 09:31:34.100,4184.4000,17761,0,114244860.000,2,1,1,多换,S,4183.0000,4182.2000,4180.0000,4175.8000,4175.0000,4184.4000,4184.6000,4185.0000,4185.4000,4185.6000,1,3,1,1,2,4,1,2,1,1
SF,IF2006,2020-01-16 09:31:35.600,4184.4000,17761,0,114244860.000,0,-,-,-,-,4183.0000,4182.2000,4180.0000,4175.8000,4175.0000,4184.4000,4184.6000,4185.0000,4185.4000,4185.6000,1,3,1,1,2,4,1,2,1,1
SF,IF2006,2020-01-16 09:31:37.100,4183.0000,17760,-1,115499760.000,1,0,1,双平,S,4182.2000,4180.0000,4175.8000,4175.0000,4173.2000,4183.0000,4184.2000,4184.4000,4184.6000,4185.0000,3,1,1,2,1,2,1,4,1,2
SF,IF2006,2020-01-16 09:31:37.600,4183.0000,17760,0,115499760.000,0,-,-,-,-,4182.2000,4180.0000,4175.8000,4175.0000,4173.2000,4183.0000,4184.4000,4184.6000,4185.0000,4185.4000,3,1,1,2,1,2,4,1,2,1
SF,IF2006,2020-01-16 09:31:39.100,4183.0000,17759,-1,118009560.000,2,0,2,多平,S,4183.0000,4182.2000,4180.0000,4175.8000,4175.0000,4184.4000,4184.6000,4185.0000,4185.4000,4185.6000,1,3,1,1,2,1,1,2,1,1
SF,IF2006,2020-01-16 09:31:39.600,4183.0000,17759,0,118009560.000,0,-,-,-,-,4183.0000,4182.2000,4180.0000,4175.8000,4175.0000,4184.4000,4184.6000,4185.0000,4185.4000,4185.6000,1,3,1,1,2,1,1,2,1,1
SF,IF2006,2020-01-16 09:31:40.100,4183.0000,17759,0,118009560.000,0,-,-,-,-,4183.4000,4183.2000,4183.0000,4182.2000,4180.0000,4184.4000,4184.6000,4185.0000,4185.4000,4185.6000,1,1,1,3,1,1,1,2,1,1
SF,IF2006,2020-01-16 09:31:41.100,4183.0000,17759,0,118009560.000,0,-,-,-,-,4183.2000,4183.0000,4182.2000,4180.0000,4175.8000,4184.4000,4184.6000,4185.0000,4185.4000,4185.6000,1,1,3,1,1,1,1,2,1,1
SF,IF2006,2020-01-16 09:31:41.600,4183.0000,17759,0,118009560.000,0,-,-,-,-,4183.8000,4183.0000,4182.2000,4180.0000,4175.8000,4184.2000,4184.4000,4184.6000,4185.0000,4185.4000,1,1,3,1,1,2,1,1,2,1
SF,IF2006,2020-01-16 09:31:42.100,4183.8000,17759,0,119264700.000,1,0,1,多换,S,4183.0000,4182.2000,4180.0000,4175.8000,4175.0000,4184.2000,4184.4000,4184.6000,4185.0000,4185.4000,1,3,1,1,2,2,1,1,2,1
SF,IF2006,2020-01-16 09:31:42.600,4183.8000,17759,0,119264700.000,0,-,-,-,-,4183.0000,4182.2000,4180.0000,4175.8000,4175.0000,4184.0000,4184.2000,4184.4000,4185.0000,4185.4000,1,3,1,1,2,1,2,1,2,1
SF,IF2006,2020-01-16 09:31:44.600,4183.8000,17759,0,119264700.000,0,-,-,-,-,4183.0000,4182.2000,4180.0000,4175.8000,4175.0000,4184.0000,4184.2000,4184.4000,4185.0000,4185.4000,2,3,1,1,2,1,2,1,2,1
SF,IF2006,2020-01-16 09:31:45.100,4183.8000,17759,0,119264700.000,0,-,-,-,-,4184.0000,4183.0000,4182.2000,4180.0000,4175.8000,4184.4000,4185.0000,4185.4000,4185.6000,4188.0000,1,2,3,1,1,1,2,1,1,1
SF,IF2006,2020-01-16 09:31:45.600,4184.0000,17759,0,120519900.000,1,0,1,多换,S,4183.0000,4182.2000,4180.0000,4175.8000,4175.0000,4184.4000,4185.0000,4185.4000,4185.6000,4188.0000,2,3,1,1,2,1,2,1,1,1
SF,IF2006,2020-01-16 09:31:46.100,4184.0000,17759,0,120519900.000,0,-,-,-,-,4183.0000,4182.2000,4180.0000,4175.8000,4175.0000,4184.2000,4184.4000,4185.0000,4185.4000,4185.6000,2,3,1,1,2,1,1,2,1,1
SF,IF2006,2020-01-16 09:31:48.600,4184.0000,17759,0,120519900.000,0,-,-,-,-,4183.0000,4182.2000,4180.0000,4175.8000,4175.0000,4184.0000,4184.2000,4184.4000,4185.0000,4185.4000,2,3,1,1,2,3,1,1,2,1
SF,IF2006,2020-01-16 09:31:49.100,4183.0000,17759,0,123029700.000,2,1,1,多换,S,4182.2000,4180.0000,4175.8000,4175.0000,4173.2000,4183.8000,4184.0000,4184.4000,4185.0000,4185.4000,3,1,1,2,1,8,3,1,2,1
SF,IF2006,2020-01-16 09:31:49.600,4183.0000,17759,0,123029700.000,0,-,-,-,-,4182.2000,4180.0000,4175.8000,4175.0000,4173.2000,4183.8000,4184.0000,4184.4000,4185.0000,4185.4000,3,1,1,2,1,1,3,1,2,1
SF,IF2006,2020-01-16 09:31:50.100,4183.0000,17759,0,123029700.000,0,-,-,-,-,4182.2000,4180.0000,4175.8000,4175.0000,4173.2000,4183.6000,4183.8000,4184.0000,4184.4000,4185.0000,3,1,1,2,1,2,1,3,1,2
SF,IF2006,2020-01-16 09:31:50.600,4183.0000,17759,0,123029700.000,0,-,-,-,-,4182.2000,4180.0000,4175.8000,4175.0000,4173.2000,4183.4000,4183.6000,4184.0000,4184.4000,4185.0000,3,1,1,2,1,1,2,3,1,2
SF,IF2006,2020-01-16 09:31:53.100,4183.0000,17759,0,123029700.000,0,-,-,-,-,4182.2000,4180.0000,4175.8000,4175.0000,4173.2000,4183.4000,4183.6000,4184.0000,4184.4000,4185.0000,3,1,1,2,1,1,2,1,1,2
SF,IF2006,2020-01-16 09:31:53.600,4183.0000,17759,0,123029700.000,0,-,-,-,-,4182.2000,4180.0000,4175.8000,4175.0000,4173.2000,4183.4000,4184.0000,4184.4000,4185.0000,4185.4000,3,1,1,2,1,1,1,1,2,1
SF,IF2006,2020-01-16 09:31:55.100,4182.2000,17759,0,126793680.000,3,1,2,多换,S,4180.0000,4175.8000,4175.0000,4173.2000,4172.0000,4182.2000,4183.4000,4184.0000,4184.4000,4185.0000,1,1,2,1,1,1,1,1,1,2
SF,IF2006,2020-01-16 09:31:55.600,4182.2000,17758,-1,128048340.000,1,0,1,双平,S,4182.2000,4180.2000,4180.0000,4175.8000,4175.0000,4184.0000,4184.4000,4185.0000,4185.4000,4185.6000,1,1,5,1,2,1,1,2,1,1
SF,IF2006,2020-01-16 09:31:56.100,4182.2000,17758,0,128048340.000,0,-,-,-,-,4182.2000,4180.2000,4180.0000,4175.8000,4175.0000,4183.8000,4184.0000,4184.4000,4185.0000,4185.4000,1,1,4,1,2,1,1,1,2,1
SF,IF2006,2020-01-16 09:31:56.600,4182.2000,17758,0,128048340.000,0,-,-,-,-,4182.6000,4180.2000,4180.0000,4175.8000,4175.0000,4183.8000,4184.0000,4184.4000,4185.0000,4185.4000,1,1,4,1,2,1,1,1,2,1
SF,IF2006,2020-01-16 09:31:57.100,4182.2000,17759,1,129303000.000,1,1,0,双开,S,4180.2000,4180.0000,4175.8000,4175.0000,4173.2000,4183.8000,4184.0000,4184.4000,4185.0000,4185.4000,1,4,1,2,1,1,1,1,2,1
SF,IF2006,2020-01-16 09:31:57.600,4182.2000,17759,0,129303000.000,0,-,-,-,-,4180.4000,4180.2000,4180.0000,4175.8000,4175.0000,4183.6000,4183.8000,4184.4000,4185.0000,4185.4000,1,1,4,1,2,3,1,1,2,1
SF,IF2006,2020-01-16 09:31:58.100,4182.2000,17759,0,129303000.000,0,-,-,-,-,4180.6000,4180.4000,4180.0000,4175.8000,4175.0000,4183.4000,4183.6000,4184.0000,4184.4000,4185.0000,1,1,4,1,2,1,3,1,1,2
SF,IF2006,2020-01-16 09:31:58.600,4182.2000,17759,0,129303000.000,0,-,-,-,-,4180.6000,4180.4000,4180.0000,4175.8000,4175.0000,4182.2000,4183.2000,4183.4000,4184.0000,4185.0000,3,1,3,1,2,1,2,1,1,2
SF,IF2006,2020-01-16 09:31:59.100,4182.2000,17759,0,129303000.000,0,-,-,-,-,4181.0000,4180.6000,4180.4000,4180.0000,4175.8000,4182.2000,4183.2000,4183.4000,4184.0000,4185.0000,1,2,1,3,1,1,2,1,1,2
SF,IF2006,2020-01-16 09:31:59.600,4182.2000,17759,0,129303000.000,0,-,-,-,-,4180.6000,4180.4000,4180.0000,4175.8000,4175.0000,4182.2000,4183.2000,4183.4000,4184.0000,4185.0000,2,1,3,1,2,1,2,1,1,2
SF,IF2006,2020-01-16 09:32:00.100,4182.2000,17759,0,129303000.000,0,-,-,-,-,4180.6000,4180.4000,4180.0000,4175.8000,4175.0000,4182.2000,4183.2000,4183.4000,4184.0000,4185.0000,1,1,3,1,2,1,2,1,1,2
SF,IF2006,2020-01-16 09:32:00.600,4182.2000,17759,0,129303000.000,0,-,-,-,-,4180.6000,4180.4000,4180.0000,4175.8000,4175.0000,4182.0000,4182.2000,4183.2000,4184.0000,4185.0000,2,1,3,1,2,1,1,2,1,2
SF,IF2006,2020-01-16 09:32:01.100,4182.0000,17759,0,130557600.000,1,0,1,多换,S,4180.6000,4180.4000,4180.0000,4175.8000,4175.0000,4182.2000,4183.2000,4184.0000,4185.0000,4185.4000,1,1,3,1,2,1,2,1,2,1
SF,IF2006,2020-01-16 09:32:01.600,4182.0000,17759,0,130557600.000,0,-,-,-,-,4180.6000,4180.0000,4175.8000,4175.0000,4173.2000,4182.2000,4183.2000,4184.0000,4185.0000,4185.4000,1,1,1,2,1,1,2,1,2,1
SF,IF2006,2020-01-16 09:32:02.100,4182.0000,17759,0,130557600.000,0,-,-,-,-,4180.6000,4180.0000,4175.8000,4175.0000,4173.2000,4182.2000,4183.2000,4184.0000,4185.0000,4185.4000,1,1,1,2,1,1,2,1,2,1
SF,IF2006,2020-01-16 09:32:02.600,4182.0000,17759,0,130557600.000,0,-,-,-,-,4180.6000,4180.0000,4175.8000,4175.0000,4173.2000,4182.2000,4183.2000,4184.0000,4185.0000,4185.4000,1,1,1,2,1,1,2,1,2,1
SF,IF2006,2020-01-16 09:32:03.100,4182.0000,17759,0,130557600.000,0,-,-,-,-,4180.6000,4180.0000,4175.8000,4175.0000,4173.2000,4182.0000,4182.2000,4183.2000,4184.0000,4185.0000,1,1,1,2,1,1,1,2,1,2
SF,IF2006,2020-01-16 09:32:03.600,4182.0000,17759,0,130557600.000,0,-,-,-,-,4180.0000,4175.8000,4175.0000,4173.2000,4172.8000,4182.0000,4182.2000,4183.2000,4184.0000,4185.0000,1,1,2,1,1,1,1,2,1,2
SF,IF2006,2020-01-16 09:32:04.100,4182.0000,17759,0,130557600.000,0,-,-,-,-,4180.2000,4180.0000,4175.8000,4175.0000,4173.2000,4182.0000,4182.2000,4183.2000,4184.0000,4185.0000,1,1,1,2,1,1,1,2,1,2
SF,IF2006,2020-01-16 09:32:04.600,4182.0000,17759,0,130557600.000,0,-,-,-,-,4180.2000,4180.0000,4175.8000,4175.0000,4173.2000,4181.8000,4182.0000,4182.2000,4184.0000,4185.0000,1,1,1,2,1,2,1,1,1,2
SF,IF2006,2020-01-16 09:32:05.100,4182.0000,17759,0,130557600.000,0,-,-,-,-,4180.2000,4180.0000,4175.8000,4175.0000,4173.2000,4181.8000,4182.0000,4182.2000,4184.0000,4185.0000,1,1,1,2,1,2,1,1,1,2
SF,IF2006,2020-01-16 09:32:06.600,4182.0000,17759,0,130557600.000,0,-,-,-,-,4180.2000,4180.0000,4175.8000,4175.0000,4173.2000,4181.8000,4182.0000,4182.2000,4184.0000,4185.0000,1,1,1,2,1,2,1,1,1,2
SF,IF2006,2020-01-16 09:32:07.100,4182.0000,17759,0,130557600.000,0,-,-,-,-,4180.2000,4180.0000,4175.8000,4175.0000,4173.2000,4181.8000,4182.0000,4182.2000,4184.0000,4185.0000,1,1,1,2,1,2,1,1,1,2
SF,IF2006,2020-01-16 09:32:07.600,4182.0000,17759,0,130557600.000,0,-,-,-,-,4180.2000,4180.0000,4175.8000,4175.0000,4173.2000,4181.8000,4182.0000,4182.2000,4184.0000,4185.0000,1,1,1,2,1,2,1,1,1,2
SF,IF2006,2020-01-16 09:32:09.100,4182.0000,17759,0,130557600.000,0,-,-,-,-,4180.2000,4180.0000,4175.8000,4175.0000,4173.2000,4181.8000,4182.0000,4182.2000,4184.0000,4185.0000,1,1,1,2,1,2,1,1,1,2
SF,IF2006,2020-01-16 09:32:09.600,4182.0000,17759,0,130557600.000,0,-,-,-,-,4180.2000,4180.0000,4175.8000,4175.0000,4173.2000,4181.6000,4181.8000,4182.0000,4182.2000,4184.0000,1,1,1,2,1,2,2,1,1,1
SF,IF2006,2020-01-16 09:32:10.100,4182.0000,17759,0,130557600.000,0,-,-,-,-,4180.2000,4180.0000,4175.8000,4175.0000,4173.2000,4181.6000,4181.8000,4182.0000,4182.2000,4184.0000,1,1,1,2,1,2,2,1,1,1
SF,IF2006,2020-01-16 09:32:10.600,4180.0000,17759,0,131811600.000,1,0,1,多换,S,4175.8000,4175.0000,4173.2000,4172.8000,4172.0000,4181.4000,4181.6000,4181.8000,4182.2000,4184.0000,1,2,1,1,1,1,2,2,1,1
SF,IF2006,2020-01-16 09:32:11.100,4180.0000,17759,0,131811600.000,0,-,-,-,-,4176.6000,4176.2000,4176.0000,4175.8000,4175.6000,4181.2000,4181.4000,4181.6000,4182.2000,4184.0000,1,7,6,2,1,3,1,2,1,1
SF,IF2006,2020-01-16 09:32:11.600,4180.0000,17759,0,131811600.000,0,-,-,-,-,4176.8000,4176.6000,4176.2000,4176.0000,4175.8000,4181.0000,4181.2000,4181.6000,4182.2000,4184.0000,2,2,1,4,2,2,2,2,1,1
SF,IF2006,2020-01-16 09:32:12.100,4180.0000,17759,0,131811600.000,0,-,-,-,-,4177.0000,4176.8000,4176.6000,4176.2000,4176.0000,4180.8000,4181.0000,4181.6000,4182.2000,4184.0000,1,2,2,1,4,2,2,2,1,1
SF,IF2006,2020-01-16 09:32:12.600,4180.0000,17759,0,131811600.000,0,-,-,-,-,4177.8000,4177.2000,4177.0000,4176.8000,4176.6000,4181.6000,4182.2000,4184.0000,4185.0000,4185.6000,1,7,1,1,2,2,1,1,2,1
SF,IF2006,2020-01-16 09:32:13.100,4180.0000,17759,0,131811600.000,0,-,-,-,-,4178.4000,4178.0000,4177.8000,4177.2000,4177.0000,4181.4000,4181.6000,4182.2000,4184.0000,4185.0000,2,2,2,7,1,5,2,1,1,2
SF,IF2006,2020-01-16 09:32:13.600,4180.0000,17759,0,131811600.000,0,-,-,-,-,4178.6000,4178.4000,4178.0000,4177.8000,4177.2000,4181.4000,4181.6000,4182.2000,4184.0000,4185.0000,1,2,1,2,6,5,2,1,1,2
SF,IF2006,2020-01-16 09:32:14.100,4180.0000,17759,0,131811600.000,0,-,-,-,-,4178.8000,4178.6000,4178.0000,4177.2000,4177.0000,4181.4000,4181.6000,4182.2000,4184.0000,4185.0000,1,1,1,6,1,3,2,1,1,2
SF,IF2006,2020-01-16 09:32:14.600,4180.0000,17759,0,131811600.000,0,-,-,-,-,4179.0000,4178.8000,4178.0000,4177.2000,4177.0000,4181.4000,4181.6000,4182.2000,4184.0000,4185.0000,1,1,1,6,1,2,2,1,1,2
SF,IF2006,2020-01-16 09:32:15.100,4180.0000,17759,0,131811600.000,0,-,-,-,-,4179.0000,4178.8000,4178.0000,4177.2000,4177.0000,4181.6000,4182.2000,4184.0000,4185.0000,4185.6000,1,1,1,6,1,2,1,1,2,1
SF,IF2006,2020-01-16 09:32:15.600,4179.0000,17758,-1,133065300.000,1,0,1,双平,S,4178.8000,4178.0000,4177.2000,4177.0000,4176.6000,4181.4000,4181.6000,4182.2000,4184.0000,4185.0000,1,1,6,1,2,3,2,1,1,2
SF,IF2006,2020-01-16 09:32:16.100,4179.0000,17758,0,133065300.000,0,-,-,-,-,4179.2000,4179.0000,4178.0000,4177.2000,4176.6000,4181.4000,4181.6000,4182.2000,4184.0000,4185.0000,1,1,1,6,2,3,2,1,1,2
SF,IF2006,2020-01-16 09:32:16.600,4179.0000,17758,0,133065300.000,0,-,-,-,-,4179.4000,4179.2000,4179.0000,4177.2000,4176.6000,4181.4000,4181.6000,4182.2000,4184.0000,4185.0000,1,1,1,6,2,1,2,1,1,2
SF,IF2006,2020-01-16 09:32:17.100,4179.0000,17758,0,133065300.000,0,-,-,-,-,4179.4000,4179.0000,4177.2000,4176.6000,4176.2000,4181.4000,4181.6000,4182.2000,4184.0000,4185.0000,1,1,6,2,1,1,2,1,1,2
SF,IF2006,2020-01-16 09:32:17.600,4179.0000,17758,0,133065300.000,0,-,-,-,-,4179.6000,4179.4000,4179.0000,4177.2000,4176.6000,4181.4000,4181.6000,4182.2000,4184.0000,4185.0000,1,1,1,6,1,1,2,1,1,2
SF,IF2006,2020-01-16 09:32:18.100,4179.0000,17758,0,133065300.000,0,-,-,-,-,4179.6000,4179.0000,4177.2000,4176.6000,4176.2000,4181.2000,4181.4000,4181.6000,4182.2000,4184.0000,1,1,6,1,1,2,1,2,1,1
SF,IF2006,2020-01-16 09:32:18.600,4179.0000,17758,0,133065300.000,0,-,-,-,-,4177.2000,4176.6000,4176.2000,4176.0000,4175.8000,4180.2000,4181.0000,4181.2000,4181.6000,4182.2000,6,1,1,1,2,1,1,2,2,1
SF,IF2006,2020-01-16 09:32:19.100,4180.2000,17758,0,134319360.000,1,0,1,多换,S,4177.4000,4177.2000,4176.6000,4176.2000,4176.0000,4181.0000,4181.2000,4182.2000,4184.0000,4185.0000,2,7,1,1,1,1,2,1,1,2
SF,IF2006,2020-01-16 09:32:19.600,4181.2000,17758,0,136828020.000,2,1,1,多换,S,4181.2000,4177.6000,4177.4000,4177.2000,4176.6000,4182.2000,4184.0000,4185.0000,4185.6000,4188.0000,1,6,2,1,1,1,1,2,1,1
SF,IF2006,2020-01-16 09:32:20.100,4181.2000,17758,0,138082380.000,1,0,1,多换,S,4177.8000,4177.6000,4177.4000,4177.2000,4176.6000,4180.0000,4181.2000,4182.0000,4184.0000,4185.0000,1,6,2,1,1,1,1,4,1,2
SF,IF2006,2020-01-16 09:32:20.600,4180.2000,17757,-1,139336440.000,1,0,1,双平,S,4178.4000,4178.2000,4177.8000,4177.2000,4176.2000,4181.2000,4182.0000,4184.0000,4185.0000,4185.6000,2,6,3,1,1,1,4,1,2,1
SF,IF2006,2020-01-16 09:32:21.100,4180.2000,17757,0,139336440.000,0,-,-,-,-,4178.6000,4178.4000,4177.8000,4176.2000,4175.8000,4181.0000,4181.2000,4182.0000,4184.0000,4185.0000,1,3,4,1,1,1,1,3,1,2
SF,IF2006,2020-01-16 09:32:21.600,4180.2000,17757,0,139336440.000,0,-,-,-,-,4178.6000,4178.4000,4177.8000,4176.2000,4175.8000,4181.0000,4182.0000,4184.0000,4185.0000,4185.6000,2,3,3,1,1,1,4,1,2,1
SF,IF2006,2020-01-16 09:32:22.100,4180.2000,17757,0,139336440.000,0,-,-,-,-,4178.8000,4178.6000,4178.4000,4177.8000,4176.2000,4180.2000,4182.0000,4184.0000,4185.0000,4185.6000,2,2,1,3,1,1,4,1,2,1
SF,IF2006,2020-01-16 09:32:22.600,4179.0000,17757,0,141844200.000,2,1,1,多换,S,4178.8000,4178.4000,4177.8000,4176.2000,4175.8000,4182.0000,4184.0000,4185.0000,4185.6000,4188.0000,2,1,3,1,1,4,1,2,1,1
SF,IF2006,2020-01-16 09:32:23.100,4179.0000,17757,0,141844200.000,0,-,-,-,-,4179.0000,4178.8000,4178.4000,4177.8000,4176.2000,4181.8000,4182.0000,4184.0000,4185.0000,4185.6000,2,1,1,3,1,2,4,1,2,1
SF,IF2006,2020-01-16 09:32:23.600,4179.0000,17757,0,141844200.000,0,-,-,-,-,4179.0000,4178.8000,4178.4000,4177.8000,4176.2000,4181.6000,4181.8000,4182.0000,4184.0000,4185.0000,2,1,1,1,1,1,2,4,1,2
SF,IF2006,2020-01-16 09:32:24.100,4179.0000,17757,0,141844200.000,0,-,-,-,-,4179.0000,4177.8000,4176.2000,4175.8000,4175.6000,4181.4000,4181.8000,4182.0000,4183.4000,4184.0000,2,1,1,1,1,1,1,4,1,1
SF,IF2006,2020-01-16 09:32:24.600,4179.0000,17757,0,141844200.000,0,-,-,-,-,4179.2000,4179.0000,4177.8000,4176.2000,4175.8000,4181.2000,4181.4000,4181.8000,4182.0000,4183.4000,1,2,1,1,1,1,1,1,3,1
SF,IF2006,2020-01-16 09:32:25.100,4179.0000,17757,0,141844200.000,0,-,-,-,-,4179.2000,4179.0000,4177.8000,4176.2000,4175.8000,4180.2000,4181.0000,4181.2000,4182.0000,4183.4000,1,2,1,1,1,1,1,1,3,1
SF,IF2006,2020-01-16 09:32:25.600,4180.2000,17757,0,143098260.000,1,0,1,多换,S,4179.0000,4177.8000,4176.2000,4175.8000,4175.6000,4181.0000,4181.2000,4182.0000,4183.4000,4184.0000,2,1,1,1,1,1,1,2,1,1
SF,IF2006,2020-01-16 09:32:26.100,4180.2000,17757,0,143098260.000,0,-,-,-,-,4179.0000,4177.8000,4176.2000,4175.8000,4175.6000,4181.0000,4182.0000,4183.4000,4184.0000,4185.0000,2,1,1,1,1,1,2,1,1,2
SF,IF2006,2020-01-16 09:32:27.100,4179.0000,17757,0,145605660.000,2,1,1,多换,S,4177.8000,4176.2000,4175.8000,4175.6000,4175.0000,4181.0000,4182.0000,4183.4000,4184.0000,4185.0000,1,1,1,1,2,1,2,1,1,2
SF,IF2006,2020-01-16 09:32:27.600,4179.0000,17757,0,145605660.000,0,-,-,-,-,4178.2000,4178.0000,4177.8000,4176.2000,4175.8000,4180.8000,4181.0000,4182.0000,4183.4000,4184.0000,6,2,1,1,1,1,1,2,1,1
SF,IF2006,2020-01-16 09:32:28.100,4179.0000,17757,0,145605660.000,0,-,-,-,-,4178.4000,4178.0000,4177.8000,4176.2000,4175.8000,4180.6000,4180.8000,4182.0000,4183.4000,4184.0000,2,1,1,1,1,1,1,2,1,1
SF,IF2006,2020-01-16 09:32:28.600,4179.0000,17757,0,145605660.000,0,-,-,-,-,4178.4000,4177.8000,4176.2000,4175.8000,4175.6000,4180.6000,4180.8000,4182.0000,4183.4000,4184.0000,2,1,1,1,1,1,1,2,1,1
SF,IF2006,2020-01-16 09:32:29.100,4179.0000,17757,0,145605660.000,0,-,-,-,-,4178.6000,4178.4000,4177.8000,4176.2000,4175.8000,4180.6000,4180.8000,4182.0000,4183.4000,4184.0000,1,2,1,1,1,1,1,2,1,1
SF,IF2006,2020-01-16 09:32:29.600,4179.0000,17757,0,145605660.000,0,-,-,-,-,4178.6000,4178.4000,4177.8000,4176.2000,4175.8000,4180.6000,4180.8000,4182.0000,4183.4000,4184.0000,1,1,1,1,1,1,1,2,1,1
SF,IF2006,2020-01-16 09:32:30.100,4179.0000,17757,0,145605660.000,0,-,-,-,-,4177.8000,4176.2000,4175.8000,4175.6000,4175.0000,4180.6000,4180.8000,4182.0000,4183.4000,4184.0000,1,1,1,1,2,1,1,2,1,1
SF,IF2006,2020-01-16 09:32:30.600,4179.0000,17757,0,145605660.000,0,-,-,-,-,4178.0000,4177.8000,4176.2000,4175.8000,4175.6000,4180.6000,4180.8000,4182.0000,4183.4000,4184.0000,1,1,1,1,1,1,1,2,1,1
SF,IF2006,2020-01-16 09:32:31.100,4179.0000,17757,0,145605660.000,0,-,-,-,-,4178.2000,4178.0000,4177.8000,4176.2000,4175.8000,4180.6000,4182.0000,4183.4000,4184.0000,4185.0000,1,1,1,1,1,1,2,1,1,2
SF,IF2006,2020-01-16 09:32:31.600,4180.6000,17757,0,146859840.000,1,0,1,多换,S,4180.6000,4178.4000,4178.2000,4177.8000,4176.2000,4182.0000,4183.4000,4184.0000,4185.0000,4185.6000,1,1,1,1,1,2,1,1,2,1
SF,IF2006,2020-01-16 09:32:32.100,4180.6000,17757,0,148114020.000,1,0,1,多换,S,4178.4000,4177.8000,4176.2000,4175.8000,4175.6000,4181.8000,4182.0000,4182.2000,4183.4000,4184.0000,2,1,1,1,1,2,2,1,1,1
SF,IF2006,2020-01-16 09:32:32.600,4180.6000,17757,0,148114020.000,0,-,-,-,-,4178.6000,4178.4000,4177.8000,4176.2000,4175.8000,4181.6000,4181.8000,4182.0000,4182.2000,4183.4000,1,3,1,1,1,2,2,1,1,1
SF,IF2006,2020-01-16 09:32:33.100,4180.6000,17757,0,148114020.000,0,-,-,-,-,4178.8000,4178.6000,4178.4000,4177.8000,4176.2000,4181.6000,4181.8000,4182.0000,4182.2000,4183.4000,1,1,2,1,1,2,1,1,1,1
SF,IF2006,2020-01-16 09:32:33.600,4180.6000,17757,0,148114020.000,0,-,-,-,-,4178.8000,4178.4000,4177.8000,4176.2000,4175.8000,4181.4000,4181.6000,4181.8000,4182.0000,4182.2000,1,1,1,1,1,3,2,1,1,1
SF,IF2006,2020-01-16 09:32:34.100,4180.6000,17757,0,148114020.000,0,-,-,-,-,4178.8000,4178.4000,4177.8000,4176.2000,4175.8000,4181.2000,4181.4000,4181.8000,4182.0000,4182.2000,1,1,1,1,1,4,3,1,1,1
SF,IF2006,2020-01-16 09:32:34.600,4180.6000,17757,0,148114020.000,0,-,-,-,-,4178.8000,4178.4000,4177.8000,4176.2000,4175.8000,4181.0000,4181.2000,4181.4000,4181.8000,4182.0000,1,1,1,1,1,1,4,2,1,1
SF,IF2006,2020-01-16 09:32:35.100,4180.6000,17757,0,148114020.000,0,-,-,-,-,4178.8000,4178.4000,4177.8000,4176.2000,4175.8000,4180.8000,4181.0000,4181.2000,4181.4000,4181.8000,1,1,1,1,1,1,1,1,2,1
SF,IF2006,2020-01-16 09:32:35.600,4180.6000,17757,0,148114020.000,0,-,-,-,-,4178.8000,4177.8000,4176.2000,4175.8000,4175.6000,4180.8000,4181.0000,4181.2000,4181.4000,4181.8000,1,1,1,1,1,2,1,1,2,1
SF,IF2006,2020-01-16 09:32:36.100,4180.6000,17757,0,148114020.000,0,-,-,-,-,4177.8000,4176.2000,4175.8000,4175.6000,4175.0000,4180.6000,4180.8000,4181.4000,4181.8000,4182.0000,1,1,1,1,2,1,2,2,1,1
SF,IF2006,2020-01-16 09:32:36.600,4180.6000,17757,0,148114020.000,0,-,-,-,-,4178.0000,4177.8000,4176.2000,4175.8000,4175.6000,4180.4000,4180.6000,4180.8000,4181.4000,4181.8000,1,1,1,1,1,1,1,1,2,1
SF,IF2006,2020-01-16 09:32:37.100,4180.6000,17757,0,148114020.000,0,-,-,-,-,4178.0000,4177.8000,4176.2000,4175.8000,4175.6000,4180.4000,4180.6000,4181.4000,4181.8000,4182.0000,1,1,1,1,1,1,1,2,1,1
SF,IF2006,2020-01-16 09:32:37.600,4180.6000,17757,0,148114020.000,0,-,-,-,-,4178.0000,4177.8000,4176.2000,4175.8000,4175.6000,4180.4000,4180.6000,4181.4000,4181.8000,4182.0000,1,1,1,1,1,1,1,2,1,1
SF,IF2006,2020-01-16 09:32:38.100,4180.6000,17757,0,148114020.000,0,-,-,-,-,4178.0000,4177.8000,4176.2000,4175.8000,4175.6000,4180.2000,4180.4000,4181.4000,4181.8000,4182.0000,1,1,1,1,1,2,1,2,1,1
SF,IF2006,2020-01-16 09:32:38.600,4180.6000,17757,0,148114020.000,0,-,-,-,-,4178.0000,4177.8000,4176.2000,4175.8000,4175.6000,4180.0000,4180.2000,4181.4000,4181.8000,4182.0000,1,1,1,1,1,1,2,2,1,1
SF,IF2006,2020-01-16 09:32:39.100,4180.6000,17757,0,148114020.000,0,-,-,-,-,4178.0000,4177.8000,4176.2000,4175.8000,4175.6000,4180.0000,4180.2000,4181.4000,4181.8000,4182.0000,1,1,1,1,1,1,2,2,1,2
SF,IF2006,2020-01-16 09:32:39.600,4178.0000,17757,0,149367420.000,1,0,1,多换,S,4177.8000,4176.2000,4175.8000,4175.6000,4175.0000,4180.0000,4180.2000,4181.4000,4181.8000,4182.0000,1,1,1,1,2,1,1,2,1,2
SF,IF2006,2020-01-16 09:32:40.100,4178.0000,17757,0,149367420.000,0,-,-,-,-,4176.2000,4175.6000,4175.0000,4173.2000,4172.8000,4180.0000,4181.4000,4181.8000,4182.0000,4183.4000,1,1,2,1,1,1,2,1,2,1
SF,IF2006,2020-01-16 09:32:40.600,4178.0000,17757,0,149367420.000,0,-,-,-,-,4176.4000,4176.2000,4176.0000,4175.6000,4175.0000,4179.8000,4180.0000,4181.4000,4181.8000,4182.0000,2,2,2,1,2,2,1,2,1,2
SF,IF2006,2020-01-16 09:32:41.100,4178.0000,17757,0,149367420.000,0,-,-,-,-,4176.4000,4176.2000,4176.0000,4175.6000,4175.0000,4179.6000,4179.8000,4181.4000,4181.8000,4182.0000,2,2,2,1,2,1,2,2,1,2
SF,IF2006,2020-01-16 09:32:41.600,4178.0000,17757,0,149367420.000,0,-,-,-,-,4176.4000,4176.2000,4176.0000,4175.6000,4175.0000,4179.2000,4179.6000,4181.4000,4181.8000,4182.0000,2,2,2,1,2,1,1,2,1,2
SF,IF2006,2020-01-16 09:32:42.100,4179.0000,17757,0,150621120.000,1,0,1,多换,S,4176.4000,4176.2000,4176.0000,4175.6000,4175.0000,4179.2000,4181.4000,4181.8000,4182.0000,4183.4000,1,2,2,1,2,1,2,1,2,1
SF,IF2006,2020-01-16 09:32:42.600,4176.8000,17757,0,151874160.000,1,0,1,多换,S,4176.8000,4176.4000,4176.2000,4176.0000,4175.6000,4179.2000,4181.4000,4181.8000,4182.0000,4183.4000,5,1,2,2,1,1,2,1,2,1
SF,IF2006,2020-01-16 09:32:43.100,4176.8000,17757,0,151874160.000,0,-,-,-,-,4177.0000,4176.8000,4176.2000,4176.0000,4175.6000,4179.2000,4181.4000,4181.8000,4182.0000,4183.4000,1,6,2,2,1,1,2,1,2,1
SF,IF2006,2020-01-16 09:32:43.600,4176.8000,17754,-3,156886320.000,4,0,4,多平,S,4177.2000,4177.0000,4176.8000,4176.2000,4176.0000,4181.4000,4181.8000,4182.0000,4183.4000,4185.0000,4,1,1,2,2,2,1,2,1,7
SF,IF2006,2020-01-16 09:32:44.100,4176.8000,17754,0,156886320.000,0,-,-,-,-,4177.4000,4176.8000,4176.2000,4176.0000,4175.6000,4180.8000,4181.2000,4181.4000,4181.8000,4182.0000,1,1,2,2,1,2,5,2,1,2
SF,IF2006,2020-01-16 09:32:44.600,4176.8000,17754,0,156886320.000,0,-,-,-,-,4177.4000,4176.8000,4176.2000,4176.0000,4175.6000,4180.6000,4181.2000,4181.4000,4181.8000,4182.0000,4,1,2,2,1,3,4,1,1,2
SF,IF2006,2020-01-16 09:32:45.100,4176.8000,17754,0,156886320.000,0,-,-,-,-,4177.6000,4177.4000,4176.8000,4176.2000,4176.0000,4180.4000,4180.6000,4180.8000,4181.2000,4181.4000,1,4,1,2,2,1,2,1,4,1
SF,IF2006,2020-01-16 09:32:45.600,4176.8000,17754,0,156886320.000,0,-,-,-,-,4177.8000,4177.6000,4177.4000,4176.8000,4176.2000,4180.2000,4180.4000,4180.6000,4181.2000,4181.4000,1,1,2,1,2,2,1,1,4,1
SF,IF2006,2020-01-16 09:32:46.100,4176.8000,17754,0,156886320.000,0,-,-,-,-,4177.8000,4177.6000,4176.8000,4176.2000,4176.0000,4180.2000,4180.4000,4181.2000,4181.4000,4181.8000,1,1,1,2,2,3,1,3,1,1
SF,IF2006,2020-01-16 09:32:46.600,4176.8000,17754,0,156886320.000,0,-,-,-,-,4177.8000,4176.8000,4176.2000,4176.0000,4175.6000,4180.2000,4181.2000,4181.4000,4181.8000,4182.0000,1,1,2,2,1,3,3,1,1,2
SF,IF2006,2020-01-16 09:32:47.100,4176.8000,17754,0,156886320.000,0,-,-,-,-,4177.8000,4177.0000,4176.8000,4176.2000,4176.0000,4180.0000,4180.2000,4181.2000,4181.4000,4181.8000,1,1,2,2,2,1,3,3,1,1
SF,IF2006,2020-01-16 09:32:47.600,4176.8000,17754,0,156886320.000,0,-,-,-,-,4178.0000,4177.8000,4177.0000,4176.8000,4176.2000,4179.2000,4179.8000,4180.0000,4180.2000,4181.2000,1,1,1,2,2,1,1,2,1,3
SF,IF2006,2020-01-16 09:32:48.100,4179.2000,17754,0,158140080.000,1,0,1,多换,S,4177.8000,4177.0000,4176.8000,4176.2000,4176.0000,4179.8000,4180.0000,4181.2000,4181.4000,4181.8000,1,1,2,2,2,2,1,3,1,1
SF,IF2006,2020-01-16 09:32:48.600,4179.2000,17754,0,158140080.000,0,-,-,-,-,4177.8000,4177.0000,4176.8000,4176.2000,4176.0000,4179.8000,4180.0000,4181.2000,4181.4000,4181.8000,1,1,2,2,2,2,1,3,1,1
SF,IF2006,2020-01-16 09:32:49.600,4179.2000,17754,0,158140080.000,0,-,-,-,-,4177.8000,4177.0000,4176.8000,4176.2000,4176.0000,4179.8000,4180.0000,4181.2000,4181.4000,4181.8000,1,1,1,2,2,2,1,3,1,1
SF,IF2006,2020-01-16 09:32:50.100,4179.2000,17754,0,158140080.000,0,-,-,-,-,4177.8000,4177.0000,4176.8000,4176.2000,4176.0000,4179.8000,4180.0000,4181.2000,4181.4000,4181.8000,1,2,1,2,2,2,1,3,1,1
SF,IF2006,2020-01-16 09:32:52.100,4179.2000,17754,0,158140080.000,0,-,-,-,-,4177.8000,4177.0000,4176.8000,4176.2000,4176.0000,4179.6000,4179.8000,4180.0000,4181.2000,4181.4000,1,2,1,2,2,1,2,1,3,1
SF,IF2006,2020-01-16 09:32:52.600,4179.2000,17754,0,158140080.000,0,-,-,-,-,4177.8000,4177.0000,4176.8000,4176.2000,4176.0000,4179.4000,4179.6000,4179.8000,4180.0000,4181.2000,1,2,1,2,2,1,1,1,1,3
SF,IF2006,2020-01-16 09:32:53.100,4179.2000,17754,0,158140080.000,0,-,-,-,-,4177.8000,4177.0000,4176.8000,4176.2000,4176.0000,4179.2000,4179.4000,4180.0000,4181.2000,4181.4000,1,2,1,2,2,1,1,1,3,1
SF,IF2006,2020-01-16 09:32:53.600,4179.2000,17754,0,159393840.000,1,0,1,多换,S,4177.8000,4177.0000,4176.8000,4176.2000,4176.0000,4179.4000,4180.0000,4181.2000,4181.4000,4181.8000,1,2,1,2,2,1,1,3,1,1
SF,IF2006,2020-01-16 09:32:55.600,4179.2000,17754,0,159393840.000,0,-,-,-,-,4177.8000,4177.0000,4176.8000,4176.2000,4176.0000,4179.4000,4180.0000,4181.2000,4181.4000,4181.8000,1,2,1,2,2,1,1,1,1,1
SF,IF2006,2020-01-16 09:32:56.100,4179.2000,17754,0,159393840.000,0,-,-,-,-,4177.8000,4177.0000,4176.8000,4176.2000,4176.0000,4180.0000,4181.2000,4181.4000,4181.8000,4182.0000,1,2,1,2,2,1,1,1,1,2
SF,IF2006,2020-01-16 09:32:56.600,4179.2000,17754,0,159393840.000,0,-,-,-,-,4177.8000,4177.0000,4176.8000,4176.2000,4176.0000,4179.8000,4180.0000,4181.2000,4181.4000,4181.8000,2,2,1,1,2,1,1,1,1,1
SF,IF2006,2020-01-16 09:32:57.100,4179.2000,17754,0,159393840.000,0,-,-,-,-,4177.8000,4177.0000,4176.8000,4176.2000,4176.0000,4179.8000,4180.0000,4181.2000,4181.4000,4181.8000,1,2,1,1,2,1,1,1,1,1
SF,IF2006,2020-01-16 09:32:58.100,4179.2000,17754,0,159393840.000,0,-,-,-,-,4177.8000,4177.0000,4176.8000,4176.2000,4176.0000,4179.6000,4179.8000,4180.0000,4181.2000,4181.4000,1,2,1,1,2,1,1,1,1,1
SF,IF2006,2020-01-16 09:32:58.600,4179.2000,17754,0,159393840.000,0,-,-,-,-,4177.8000,4177.0000,4176.8000,4176.2000,4176.0000,4179.4000,4179.6000,4180.0000,4181.2000,4181.4000,1,2,1,1,2,1,1,1,1,1
SF,IF2006,2020-01-16 09:32:59.100,4179.4000,17754,0,160647660.000,1,0,1,多换,S,4177.8000,4177.0000,4176.8000,4176.2000,4176.0000,4179.6000,4180.0000,4181.2000,4181.4000,4181.8000,1,1,1,1,2,1,1,1,1,1
SF,IF2006,2020-01-16 09:32:59.600,4179.4000,17754,0,160647660.000,0,-,-,-,-,4177.8000,4177.0000,4176.8000,4176.2000,4176.0000,4180.0000,4181.2000,4181.4000,4181.8000,4182.0000,1,1,1,1,2,1,1,1,1,2
SF,IF2006,2020-01-16 09:33:00.100,4179.4000,17754,0,160647660.000,0,-,-,-,-,4177.8000,4177.0000,4176.8000,4176.2000,4176.0000,4179.8000,4180.0000,4181.2000,4181.4000,4181.8000,1,1,1,1,2,1,1,1,1,1
SF,IF2006,2020-01-16 09:33:01.100,4179.4000,17754,0,160647660.000,0,-,-,-,-,4177.8000,4177.0000,4176.8000,4176.2000,4176.0000,4179.6000,4179.8000,4180.0000,4181.2000,4181.4000,1,1,1,1,2,1,1,1,1,1
SF,IF2006,2020-01-16 09:33:01.600,4179.4000,17754,0,160647660.000,0,-,-,-,-,4177.8000,4177.0000,4176.2000,4176.0000,4175.6000,4179.6000,4179.8000,4180.0000,4181.2000,4181.4000,1,1,1,2,1,1,1,1,1,1
SF,IF2006,2020-01-16 09:33:02.100,4179.4000,17754,0,160647660.000,0,-,-,-,-,4177.8000,4177.0000,4176.2000,4175.6000,4175.0000,4179.4000,4179.6000,4180.0000,4181.2000,4181.4000,1,1,1,1,2,2,1,1,1,1
SF,IF2006,2020-01-16 09:33:02.600,4179.4000,17754,0,160647660.000,0,-,-,-,-,4177.8000,4177.0000,4176.2000,4175.6000,4175.0000,4179.4000,4179.6000,4180.0000,4181.2000,4181.4000,1,1,1,1,2,3,1,1,1,1
SF,IF2006,2020-01-16 09:33:03.100,4179.4000,17754,0,160647660.000,0,-,-,-,-,4177.8000,4177.0000,4176.2000,4175.6000,4175.0000,4179.4000,4179.6000,4180.0000,4181.2000,4181.4000,1,1,1,1,2,1,1,1,1,1
SF,IF2006,2020-01-16 09:33:03.600,4179.4000,17754,0,160647660.000,0,-,-,-,-,4177.8000,4177.0000,4176.2000,4175.6000,4175.0000,4179.2000,4180.0000,4181.2000,4181.4000,4181.8000,1,1,1,1,2,2,1,1,1,1
SF,IF2006,2020-01-16 09:33:05.600,4179.2000,17754,0,161901420.000,1,0,1,多换,S,4177.8000,4177.0000,4176.2000,4175.6000,4175.0000,4180.0000,4181.2000,4181.4000,4181.8000,4182.0000,1,1,1,1,2,1,1,1,1,2
SF,IF2006,2020-01-16 09:33:06.100,4179.2000,17754,0,161901420.000,0,-,-,-,-,4177.8000,4177.0000,4176.2000,4175.6000,4175.0000,4179.8000,4180.0000,4181.2000,4181.4000,4181.8000,1,1,1,1,2,3,1,1,1,1
SF,IF2006,2020-01-16 09:33:06.600,4179.2000,17754,0,161901420.000,0,-,-,-,-,4177.8000,4177.0000,4176.2000,4175.6000,4175.0000,4179.6000,4179.8000,4180.0000,4181.2000,4181.4000,1,1,1,1,2,1,4,1,1,1
SF,IF2006,2020-01-16 09:33:07.100,4179.2000,17754,0,161901420.000,0,-,-,-,-,4177.8000,4177.0000,4176.2000,4175.6000,4175.0000,4179.6000,4179.8000,4180.0000,4181.2000,4181.4000,1,1,1,1,2,1,2,1,1,1
SF,IF2006,2020-01-16 09:33:08.100,4179.6000,17754,0,163155300.000,1,0,1,多换,S,4178.2000,4177.8000,4177.0000,4176.2000,4175.6000,4179.8000,4180.0000,4181.4000,4181.8000,4182.0000,5,1,1,1,1,2,1,1,1,2
SF,IF2006,2020-01-16 09:33:08.600,4179.6000,17754,0,163155300.000,0,-,-,-,-,4178.4000,4178.0000,4177.0000,4176.2000,4175.6000,4179.8000,4180.0000,4181.4000,4181.8000,4182.0000,1,1,1,1,1,2,1,1,1,2
SF,IF2006,2020-01-16 09:33:09.100,4179.6000,17754,0,163155300.000,0,-,-,-,-,4178.4000,4177.0000,4176.2000,4175.6000,4175.0000,4179.8000,4180.0000,4181.4000,4181.8000,4182.0000,1,1,1,1,2,2,1,1,1,2
SF,IF2006,2020-01-16 09:33:09.600,4179.6000,17754,0,163155300.000,0,-,-,-,-,4178.4000,4177.0000,4176.2000,4175.6000,4175.0000,4179.8000,4180.0000,4181.4000,4181.8000,4182.0000,1,1,1,1,2,2,1,1,1,2
SF,IF2006,2020-01-16 09:33:10.100,4179.6000,17754,0,163155300.000,0,-,-,-,-,4178.4000,4177.0000,4176.2000,4175.6000,4175.0000,4179.8000,4180.0000,4181.4000,4181.8000,4182.0000,1,1,1,1,2,2,1,1,1,2
SF,IF2006,2020-01-16 09:33:10.600,4179.6000,17754,0,163155300.000,0,-,-,-,-,4178.4000,4177.0000,4176.2000,4175.6000,4175.0000,4179.6000,4179.8000,4180.0000,4181.4000,4181.8000,1,1,1,1,2,1,2,1,1,1
SF,IF2006,2020-01-16 09:33:11.100,4178.4000,17753,-1,164408820.000,1,0,1,双平,S,4177.0000,4176.2000,4175.6000,4175.0000,4173.2000,4179.4000,4179.6000,4179.8000,4180.0000,4181.4000,1,1,1,2,1,1,1,2,1,1
SF,IF2006,2020-01-16 09:33:11.600,4179.2000,17752,-1,165662580.000,1,0,1,双平,S,4177.2000,4177.0000,4176.2000,4175.6000,4175.0000,4179.6000,4179.8000,4180.0000,4181.4000,4181.8000,1,1,1,1,2,1,1,1,1,1
SF,IF2006,2020-01-16 09:33:12.100,4179.2000,17752,0,165662580.000,0,-,-,-,-,4177.2000,4177.0000,4176.2000,4175.6000,4175.0000,4179.4000,4179.6000,4179.8000,4180.0000,4181.4000,1,1,1,1,2,2,1,1,1,1
SF,IF2006,2020-01-16 09:33:12.600,4179.2000,17752,0,165662580.000,0,-,-,-,-,4177.2000,4177.0000,4176.2000,4175.6000,4175.0000,4179.6000,4179.8000,4180.0000,4181.4000,4181.8000,1,1,1,1,2,1,1,1,1,1
SF,IF2006,2020-01-16 09:33:13.100,4179.2000,17752,0,165662580.000,0,-,-,-,-,4177.2000,4177.0000,4176.2000,4175.6000,4175.0000,4179.4000,4179.6000,4179.8000,4180.0000,4181.4000,1,1,1,1,2,2,1,1,1,1
SF,IF2006,2020-01-16 09:33:13.600,4179.2000,17752,0,165662580.000,0,-,-,-,-,4177.4000,4177.2000,4177.0000,4176.2000,4175.6000,4179.2000,4179.4000,4179.8000,4180.0000,4181.4000,1,1,1,1,1,2,2,1,1,1
SF,IF2006,2020-01-16 09:33:14.100,4179.2000,17752,0,165662580.000,0,-,-,-,-,4177.6000,4177.4000,4177.0000,4176.2000,4175.6000,4179.0000,4179.2000,4179.4000,4179.8000,4180.0000,1,1,1,1,1,1,2,2,1,1
SF,IF2006,2020-01-16 09:33:14.600,4179.2000,17752,0,165662580.000,0,-,-,-,-,4177.6000,4177.4000,4177.0000,4176.2000,4175.6000,4179.0000,4179.2000,4179.4000,4179.8000,4180.0000,1,1,1,1,1,1,2,2,1,1
SF,IF2006,2020-01-16 09:33:15.100,4179.2000,17752,0,165662580.000,0,-,-,-,-,4177.0000,4175.0000,4173.2000,4172.8000,4172.0000,4178.8000,4179.0000,4179.2000,4179.4000,4179.8000,1,2,1,1,1,1,1,2,1,1
SF,IF2006,2020-01-16 09:33:15.600,4179.2000,17752,0,165662580.000,0,-,-,-,-,4177.0000,4175.0000,4173.2000,4172.8000,4172.0000,4178.6000,4178.8000,4179.0000,4179.2000,4179.4000,1,2,1,1,1,2,1,1,1,1
SF,IF2006,2020-01-16 09:33:16.100,4179.2000,17752,0,165662580.000,0,-,-,-,-,4177.6000,4177.2000,4177.0000,4175.0000,4173.2000,4178.6000,4178.8000,4179.0000,4179.4000,4179.8000,2,1,1,2,1,2,1,1,1,1
SF,IF2006,2020-01-16 09:33:16.600,4177.6000,17751,-1,168169140.000,2,0,2,多平,S,4177.2000,4177.0000,4175.0000,4173.2000,4172.8000,4178.6000,4178.8000,4179.0000,4179.4000,4179.8000,1,1,2,1,1,1,1,1,1,1
SF,IF2006,2020-01-16 09:33:17.100,4177.6000,17751,0,168169140.000,0,-,-,-,-,4177.2000,4177.0000,4175.0000,4173.2000,4172.8000,4178.6000,4178.8000,4179.0000,4179.4000,4179.8000,1,1,2,1,1,1,1,1,1,1
SF,IF2006,2020-01-16 09:33:17.600,4177.2000,17751,0,169422300.000,1,0,1,多换,S,4177.0000,4175.0000,4173.2000,4172.8000,4172.0000,4179.0000,4179.4000,4179.8000,4180.0000,4181.4000,1,2,1,1,1,1,1,1,1,1
SF,IF2006,2020-01-16 09:33:18.100,4177.2000,17751,0,169422300.000,0,-,-,-,-,4177.0000,4175.0000,4173.2000,4172.8000,4172.0000,4178.8000,4179.0000,4179.4000,4179.8000,4180.0000,1,2,1,1,1,2,1,1,1,1
SF,IF2006,2020-01-16 09:33:18.600,4178.8000,17751,0,170675940.000,1,0,1,多换,S,4177.2000,4177.0000,4175.0000,4173.2000,4172.8000,4179.0000,4179.4000,4179.8000,4180.0000,4181.4000,1,1,2,1,1,1,1,1,1,1
SF,IF2006,2020-01-16 09:33:19.100,4178.8000,17751,0,170675940.000,0,-,-,-,-,4177.2000,4177.0000,4175.0000,4173.2000,4172.8000,4179.0000,4179.4000,4179.8000,4180.0000,4181.4000,1,1,2,1,1,1,1,1,1,1
SF,IF2006,2020-01-16 09:33:20.100,4178.8000,17751,0,170675940.000,0,-,-,-,-,4177.2000,4177.0000,4175.0000,4173.2000,4172.8000,4178.8000,4179.0000,4179.4000,4179.8000,4180.0000,1,1,2,1,1,1,1,1,1,1
SF,IF2006,2020-01-16 09:33:20.600,4178.8000,17751,0,170675940.000,0,-,-,-,-,4177.2000,4177.0000,4175.0000,4173.2000,4172.8000,4179.8000,4180.0000,4181.4000,4181.8000,4182.0000,1,1,2,1,1,1,1,1,1,2
SF,IF2006,2020-01-16 09:33:21.100,4178.8000,17751,0,170675940.000,0,-,-,-,-,4177.2000,4177.0000,4175.0000,4173.2000,4172.8000,4179.6000,4179.8000,4180.0000,4181.4000,4181.8000,1,1,2,1,1,5,1,2,1,1
SF,IF2006,2020-01-16 09:33:21.600,4178.8000,17751,0,173182740.000,2,1,1,多换,S,4177.0000,4175.0000,4173.2000,4172.8000,4172.0000,4179.6000,4179.8000,4180.0000,4181.4000,4181.8000,1,2,1,1,1,3,1,2,1,1
SF,IF2006,2020-01-16 09:33:22.100,4178.8000,17751,0,173182740.000,0,-,-,-,-,4177.2000,4177.0000,4175.0000,4173.2000,4172.8000,4179.4000,4179.6000,4179.8000,4180.0000,4181.4000,1,1,2,1,1,3,3,1,2,1
SF,IF2006,2020-01-16 09:33:22.600,4178.8000,17751,0,173182740.000,0,-,-,-,-,4177.2000,4177.0000,4175.0000,4173.2000,4172.8000,4179.4000,4179.6000,4179.8000,4180.0000,4181.4000,1,1,2,1,1,3,1,1,1,1
SF,IF2006,2020-01-16 09:33:23.100,4178.8000,17751,0,173182740.000,0,-,-,-,-,4177.2000,4177.0000,4175.0000,4173.2000,4172.8000,4179.4000,4179.8000,4180.0000,4181.4000,4181.8000,1,1,2,1,1,1,1,1,1,1
SF,IF2006,2020-01-16 09:33:23.600,4178.8000,17751,0,173182740.000,0,-,-,-,-,4177.2000,4177.0000,4175.0000,4173.2000,4172.8000,4179.4000,4179.8000,4180.0000,4181.4000,4181.8000,1,1,2,1,1,1,1,1,1,1
SF,IF2006,2020-01-16 09:33:24.100,4178.8000,17751,0,173182740.000,0,-,-,-,-,4177.2000,4177.0000,4175.0000,4173.2000,4172.8000,4179.4000,4179.8000,4180.0000,4181.4000,4181.8000,1,1,2,1,1,1,1,1,1,1
SF,IF2006,2020-01-16 09:33:24.600,4178.8000,17751,0,173182740.000,0,-,-,-,-,4177.2000,4177.0000,4175.0000,4173.2000,4172.8000,4179.4000,4179.8000,4180.0000,4181.4000,4181.8000,1,1,2,1,1,1,1,1,1,1
SF,IF2006,2020-01-16 09:33:25.100,4178.8000,17751,0,173182740.000,0,-,-,-,-,4177.2000,4177.0000,4175.0000,4173.2000,4172.8000,4179.2000,4179.4000,4179.8000,4180.0000,4181.4000,1,1,2,1,1,1,1,1,1,1
SF,IF2006,2020-01-16 09:33:25.600,4178.8000,17751,0,173182740.000,0,-,-,-,-,4177.2000,4177.0000,4175.0000,4173.2000,4172.8000,4179.0000,4179.2000,4179.8000,4180.0000,4181.4000,1,1,2,1,1,1,1,1,1,1
SF,IF2006,2020-01-16 09:33:26.100,4178.8000,17751,0,173182740.000,0,-,-,-,-,4177.4000,4177.2000,4177.0000,4175.0000,4173.2000,4179.0000,4179.2000,4179.8000,4180.0000,4181.4000,1,1,1,2,1,1,1,1,1,1
SF,IF2006,2020-01-16 09:33:26.600,4178.8000,17751,0,173182740.000,0,-,-,-,-,4177.4000,4177.0000,4175.0000,4173.2000,4172.8000,4179.0000,4179.8000,4180.0000,4181.4000,4181.8000,1,1,2,1,1,1,1,1,1,1
SF,IF2006,2020-01-16 09:33:27.600,4179.0000,17750,-1,174436440.000,1,0,1,双平,S,4177.6000,4177.4000,4177.0000,4175.0000,4173.2000,4179.8000,4180.0000,4181.4000,4181.8000,4182.0000,1,1,1,2,1,1,1,1,1,2
SF,IF2006,2020-01-16 09:33:28.100,4179.0000,17750,0,174436440.000,0,-,-,-,-,4177.8000,4177.6000,4177.0000,4175.0000,4173.2000,4179.6000,4179.8000,4180.0000,4181.4000,4181.8000,1,1,1,2,1,2,1,2,1,1
SF,IF2006,2020-01-16 09:33:28.600,4179.0000,17750,0,174436440.000,0,-,-,-,-,4177.8000,4177.6000,4177.0000,4175.0000,4173.2000,4179.4000,4179.6000,4179.8000,4180.0000,4181.4000,1,1,1,2,1,1,2,1,2,1
SF,IF2006,2020-01-16 09:33:30.100,4179.0000,17750,0,174436440.000,0,-,-,-,-,4177.8000,4177.0000,4175.0000,4173.2000,4172.8000,4179.2000,4179.4000,4179.6000,4179.8000,4180.0000,1,1,2,1,1,3,1,1,1,2
SF,IF2006,2020-01-16 09:33:30.600,4177.8000,17749,-1,175689780.000,1,0,1,双平,S,4177.0000,4175.0000,4173.2000,4172.8000,4172.0000,4179.2000,4179.4000,4179.6000,4179.8000,4180.0000,1,2,1,1,1,3,1,1,1,2
SF,IF2006,2020-01-16 09:33:31.100,4177.8000,17749,0,175689780.000,0,-,-,-,-,4177.0000,4175.0000,4173.2000,4172.8000,4172.0000,4179.0000,4179.2000,4179.4000,4179.6000,4179.8000,1,2,1,1,1,1,3,1,1,1
SF,IF2006,2020-01-16 09:33:31.600,4177.8000,17749,0,175689780.000,0,-,-,-,-,4177.2000,4177.0000,4175.0000,4173.2000,4172.8000,4179.0000,4179.2000,4179.4000,4179.6000,4179.8000,1,1,2,1,1,1,3,1,1,1
SF,IF2006,2020-01-16 09:33:32.100,4177.8000,17749,0,175689780.000,0,-,-,-,-,4177.0000,4175.0000,4173.2000,4172.8000,4172.0000,4179.0000,4179.2000,4179.4000,4179.6000,4179.8000,1,2,1,1,1,1,3,1,1,1
SF,IF2006,2020-01-16 09:33:32.600,4177.8000,17749,0,175689780.000,0,-,-,-,-,4177.0000,4175.0000,4173.2000,4172.8000,4172.0000,4179.0000,4179.2000,4179.4000,4179.6000,4179.8000,1,2,1,1,1,1,3,1,1,1
SF,IF2006,2020-01-16 09:33:33.100,4177.8000,17749,0,175689780.000,0,-,-,-,-,4177.2000,4177.0000,4175.0000,4173.2000,4172.8000,4178.6000,4179.0000,4179.2000,4179.4000,4179.6000,1,1,2,1,1,1,1,3,1,1
SF,IF2006,2020-01-16 09:33:33.600,4177.2000,17748,-1,176942940.000,1,0,1,双平,S,4177.0000,4175.0000,4173.2000,4172.8000,4172.0000,4178.4000,4178.6000,4179.2000,4179.4000,4179.6000,1,2,1,1,1,2,1,2,1,1
SF,IF2006,2020-01-16 09:33:34.100,4177.2000,17748,0,176942940.000,0,-,-,-,-,4177.0000,4175.0000,4173.2000,4172.8000,4172.0000,4177.2000,4178.4000,4178.6000,4178.8000,4179.2000,1,2,1,1,1,1,2,1,1,2
SF,IF2006,2020-01-16 09:33:34.600,4177.2000,17749,1,178196100.000,1,1,0,双开,S,4177.0000,4175.0000,4173.2000,4172.8000,4172.0000,4178.4000,4178.6000,4178.8000,4179.2000,4179.4000,1,2,1,1,1,2,1,1,2,1
SF,IF2006,2020-01-16 09:33:36.100,4177.2000,17749,0,178196100.000,0,-,-,-,-,4177.0000,4175.0000,4173.2000,4172.8000,4172.0000,4178.4000,4178.8000,4179.2000,4179.4000,4179.6000,1,2,1,1,1,1,1,2,1,1
SF,IF2006,2020-01-16 09:33:36.600,4177.2000,17749,0,178196100.000,0,-,-,-,-,4177.2000,4177.0000,4175.0000,4173.2000,4172.8000,4178.8000,4179.2000,4179.4000,4179.6000,4179.8000,1,1,2,1,1,1,2,1,1,1
SF,IF2006,2020-01-16 09:33:38.100,4177.2000,17749,0,178196100.000,0,-,-,-,-,4177.2000,4177.0000,4175.0000,4173.2000,4172.8000,4178.8000,4179.0000,4179.2000,4179.4000,4179.6000,1,1,2,1,1,1,1,2,1,1
SF,IF2006,2020-01-16 09:33:38.600,4177.2000,17749,0,178196100.000,0,-,-,-,-,4177.2000,4177.0000,4175.0000,4173.2000,4172.8000,4178.6000,4178.8000,4179.0000,4179.2000,4179.4000,1,1,2,1,1,1,1,1,2,1
SF,IF2006,2020-01-16 09:33:39.100,4177.2000,17749,0,178196100.000,0,-,-,-,-,4177.2000,4177.0000,4175.0000,4173.2000,4172.8000,4178.6000,4178.8000,4179.0000,4179.2000,4179.4000,1,1,2,1,1,1,1,1,2,1
SF,IF2006,2020-01-16 09:33:40.100,4177.2000,17749,0,179449260.000,1,0,1,多换,S,4177.0000,4175.0000,4173.2000,4172.8000,4172.0000,4178.6000,4178.8000,4179.0000,4179.2000,4179.4000,1,2,1,1,1,1,1,1,2,1
SF,IF2006,2020-01-16 09:33:40.600,4177.2000,17749,0,179449260.000,0,-,-,-,-,4177.0000,4175.0000,4173.2000,4172.8000,4172.0000,4178.4000,4178.6000,4178.8000,4179.0000,4179.2000,1,2,1,1,1,2,1,1,1,2
SF,IF2006,2020-01-16 09:33:41.100,4178.2000,17749,0,180702720.000,1,0,1,多换,S,4177.0000,4175.0000,4173.2000,4172.8000,4172.0000,4178.4000,4178.8000,4179.0000,4179.2000,4179.4000,1,2,1,1,1,2,1,1,2,1
SF,IF2006,2020-01-16 09:33:41.600,4178.2000,17749,0,180702720.000,0,-,-,-,-,4177.0000,4175.0000,4173.2000,4172.8000,4172.0000,4178.4000,4178.8000,4179.0000,4179.2000,4179.4000,1,2,1,1,1,2,1,1,2,1
SF,IF2006,2020-01-16 09:33:44.600,4177.0000,17750,1,181955820.000,1,1,0,双开,S,4175.0000,4173.2000,4172.8000,4172.0000,4170.6000,4178.4000,4178.8000,4179.0000,4179.2000,4179.4000,2,1,1,1,1,2,1,1,2,1
SF,IF2006,2020-01-16 09:33:45.100,4177.0000,17750,0,181955820.000,0,-,-,-,-,4175.2000,4175.0000,4173.2000,4172.8000,4172.0000,4178.2000,4178.8000,4179.0000,4179.2000,4179.4000,3,3,1,1,1,1,1,1,2,1
SF,IF2006,2020-01-16 09:33:45.600,4177.0000,17750,0,181955820.000,0,-,-,-,-,4176.2000,4175.6000,4175.2000,4175.0000,4173.2000,4178.8000,4179.0000,4179.2000,4179.4000,4179.6000,1,1,3,3,1,1,1,2,1,1
SF,IF2006,2020-01-16 09:33:46.100,4177.0000,17750,0,181955820.000,0,-,-,-,-,4176.4000,4176.2000,4175.6000,4175.2000,4175.0000,4178.6000,4178.8000,4179.0000,4179.2000,4179.4000,1,1,1,1,3,1,1,1,2,1
SF,IF2006,2020-01-16 09:33:46.600,4178.6000,17750,0,183209400.000,1,0,1,多换,S,4176.4000,4176.2000,4175.6000,4175.2000,4175.0000,4178.8000,4179.0000,4179.2000,4179.4000,4179.6000,1,1,1,1,3,1,1,2,1,1
SF,IF2006,2020-01-16 09:33:47.100,4178.6000,17750,0,183209400.000,0,-,-,-,-,4176.4000,4175.2000,4175.0000,4173.2000,4172.8000,4178.6000,4178.8000,4179.0000,4179.2000,4179.4000,1,1,3,1,1,1,1,1,2,1
SF,IF2006,2020-01-16 09:33:47.600,4178.6000,17750,0,183209400.000,0,-,-,-,-,4176.4000,4175.2000,4175.0000,4173.2000,4172.8000,4178.8000,4179.0000,4179.2000,4179.4000,4179.6000,1,1,3,1,1,1,1,2,1,1
SF,IF2006,2020-01-16 09:33:48.100,4178.6000,17750,0,183209400.000,0,-,-,-,-,4176.4000,4175.2000,4175.0000,4173.2000,4172.8000,4178.6000,4178.8000,4179.0000,4179.2000,4179.4000,1,1,3,1,1,1,1,1,2,1
SF,IF2006,2020-01-16 09:33:48.600,4178.6000,17750,0,183209400.000,0,-,-,-,-,4176.4000,4175.2000,4175.0000,4173.2000,4172.8000,4178.8000,4179.0000,4179.2000,4179.4000,4179.6000,1,1,3,1,1,1,1,2,1,1
SF,IF2006,2020-01-16 09:33:49.100,4178.6000,17750,0,183209400.000,0,-,-,-,-,4176.4000,4176.2000,4175.2000,4175.0000,4173.2000,4178.8000,4179.0000,4179.2000,4179.4000,4179.6000,1,1,1,3,1,1,1,2,1,1
SF,IF2006,2020-01-16 09:33:49.600,4178.6000,17750,0,183209400.000,0,-,-,-,-,4176.4000,4176.2000,4175.2000,4175.0000,4173.2000,4178.8000,4179.0000,4179.2000,4179.4000,4179.6000,1,1,1,4,1,1,1,2,1,1
SF,IF2006,2020-01-16 09:33:50.100,4178.6000,17750,0,183209400.000,0,-,-,-,-,4176.4000,4176.2000,4175.2000,4175.0000,4173.2000,4178.6000,4178.8000,4179.0000,4179.2000,4179.4000,1,1,1,4,1,1,1,1,2,1
SF,IF2006,2020-01-16 09:33:50.600,4178.6000,17750,0,183209400.000,0,-,-,-,-,4176.4000,4175.2000,4175.0000,4173.2000,4172.8000,4178.8000,4179.0000,4179.2000,4179.4000,4179.6000,1,1,4,1,1,1,1,2,1,1
SF,IF2006,2020-01-16 09:33:51.100,4178.6000,17750,0,183209400.000,0,-,-,-,-,4176.4000,4176.2000,4175.2000,4175.0000,4173.2000,4178.8000,4179.0000,4179.2000,4179.4000,4179.6000,1,1,1,4,1,1,1,2,1,1
SF,IF2006,2020-01-16 09:33:52.100,4178.6000,17750,0,183209400.000,0,-,-,-,-,4176.4000,4175.0000,4173.2000,4172.8000,4172.0000,4178.8000,4179.0000,4179.2000,4179.4000,4179.6000,1,4,1,1,1,1,1,2,1,1
SF,IF2006,2020-01-16 09:33:52.600,4178.6000,17750,0,183209400.000,0,-,-,-,-,4176.4000,4175.0000,4173.2000,4172.8000,4172.0000,4178.6000,4178.8000,4179.0000,4179.2000,4179.4000,1,4,1,1,1,3,1,1,2,1
SF,IF2006,2020-01-16 09:33:54.600,4178.6000,17750,0,183209400.000,0,-,-,-,-,4176.4000,4175.0000,4173.2000,4172.8000,4172.0000,4178.4000,4178.6000,4178.8000,4179.0000,4179.2000,1,4,1,1,1,1,3,1,1,2
SF,IF2006,2020-01-16 09:33:55.100,4178.6000,17750,0,183209400.000,0,-,-,-,-,4176.4000,4175.0000,4173.2000,4172.8000,4172.0000,4178.4000,4178.6000,4178.8000,4179.0000,4179.2000,1,3,1,1,1,1,2,1,1,2
SF,IF2006,2020-01-16 09:33:55.600,4178.6000,17750,0,183209400.000,0,-,-,-,-,4176.4000,4175.0000,4173.2000,4172.8000,4172.0000,4178.2000,4178.4000,4178.6000,4178.8000,4179.0000,1,3,1,1,1,1,1,2,1,1
SF,IF2006,2020-01-16 09:33:56.100,4178.6000,17750,0,183209400.000,0,-,-,-,-,4176.4000,4175.0000,4173.2000,4172.8000,4172.0000,4178.0000,4178.2000,4178.4000,4178.6000,4178.8000,1,3,1,1,1,1,1,1,2,1
SF,IF2006,2020-01-16 09:33:56.600,4178.6000,17750,0,183209400.000,0,-,-,-,-,4176.4000,4175.0000,4173.2000,4172.8000,4172.0000,4178.0000,4178.2000,4178.4000,4178.6000,4178.8000,1,3,1,1,1,1,1,1,2,1
SF,IF2006,2020-01-16 09:33:57.100,4178.0000,17750,0,184462800.000,1,0,1,多换,S,4176.4000,4175.0000,4173.2000,4172.8000,4172.0000,4178.2000,4178.4000,4178.6000,4178.8000,4179.0000,1,3,1,1,1,1,1,2,1,1
SF,IF2006,2020-01-16 09:33:58.100,4176.4000,17750,0,185715720.000,1,0,1,多换,S,4176.6000,4175.0000,4173.2000,4172.8000,4172.0000,4178.2000,4178.4000,4178.6000,4178.8000,4179.0000,1,3,1,1,1,1,1,2,1,1
SF,IF2006,2020-01-16 09:33:58.600,4176.4000,17750,0,185715720.000,0,-,-,-,-,4176.6000,4175.0000,4173.2000,4172.8000,4172.0000,4178.0000,4178.2000,4178.4000,4178.6000,4178.8000,1,3,1,1,1,1,1,1,2,1
SF,IF2006,2020-01-16 09:34:00.100,4176.6000,17750,0,186968700.000,1,0,1,多换,S,4175.0000,4173.2000,4172.8000,4172.0000,4170.6000,4176.6000,4178.0000,4178.2000,4178.4000,4178.6000,3,1,1,1,1,1,1,1,1,2
SF,IF2006,2020-01-16 09:34:00.600,4176.6000,17749,-1,188221680.000,1,0,1,双平,S,4175.2000,4175.0000,4173.2000,4172.8000,4172.0000,4178.0000,4178.4000,4178.8000,4179.0000,4179.2000,1,3,1,1,1,1,1,1,1,2
SF,IF2006,2020-01-16 09:34:01.100,4176.6000,17749,0,188221680.000,0,-,-,-,-,4175.2000,4175.0000,4173.2000,4172.8000,4172.0000,4178.0000,4178.4000,4178.8000,4179.0000,4179.2000,2,3,1,1,1,1,1,1,1,2
SF,IF2006,2020-01-16 09:34:01.600,4176.6000,17749,0,188221680.000,0,-,-,-,-,4175.2000,4175.0000,4173.2000,4172.8000,4172.0000,4177.8000,4178.0000,4178.4000,4178.8000,4179.0000,2,3,1,1,1,2,1,1,1,1
SF,IF2006,2020-01-16 09:34:02.100,4176.6000,17749,0,188221680.000,0,-,-,-,-,4175.2000,4175.0000,4173.2000,4172.8000,4172.0000,4177.6000,4177.8000,4178.4000,4178.8000,4179.0000,1,3,1,1,1,1,2,1,1,1
SF,IF2006,2020-01-16 09:34:02.600,4177.6000,17749,0,189474960.000,1,0,1,多换,S,4175.2000,4175.0000,4173.2000,4172.8000,4172.0000,4177.8000,4178.4000,4178.8000,4179.0000,4179.2000,1,3,1,1,1,2,1,1,1,2
SF,IF2006,2020-01-16 09:34:03.100,4177.6000,17749,0,189474960.000,0,-,-,-,-,4175.2000,4175.0000,4173.2000,4172.0000,4170.6000,4177.8000,4178.4000,4178.8000,4179.0000,4179.2000,1,3,1,1,1,2,1,1,1,2
SF,IF2006,2020-01-16 09:34:04.100,4177.8000,17748,-1,193234500.000,3,1,2,多平,S,4175.6000,4175.2000,4175.0000,4173.2000,4172.0000,4178.4000,4178.8000,4179.0000,4179.2000,4179.4000,1,2,3,1,1,1,1,1,1,1
SF,IF2006,2020-01-16 09:34:04.600,4177.8000,17748,0,193234500.000,0,-,-,-,-,4175.8000,4175.6000,4175.2000,4175.0000,4173.2000,4178.8000,4179.0000,4179.2000,4179.4000,4179.6000,1,1,1,3,1,1,1,1,1,1
SF,IF2006,2020-01-16 09:34:05.100,4177.8000,17748,0,193234500.000,0,-,-,-,-,4176.0000,4175.8000,4175.6000,4175.2000,4175.0000,4178.8000,4179.0000,4179.2000,4179.8000,4180.0000,5,2,1,1,3,1,1,1,1,2
SF,IF2006,2020-01-16 09:34:05.600,4177.8000,17748,0,193234500.000,0,-,-,-,-,4176.2000,4176.0000,4175.6000,4175.2000,4175.0000,4178.8000,4179.0000,4179.2000,4179.8000,4180.0000,1,5,1,1,3,1,1,1,1,2
SF,IF2006,2020-01-16 09:34:06.100,4177.8000,17748,0,193234500.000,0,-,-,-,-,4177.8000,4176.2000,4175.6000,4175.2000,4175.0000,4178.8000,4179.0000,4179.2000,4179.8000,4180.0000,1,2,1,1,3,1,1,1,1,2
SF,IF2006,2020-01-16 09:34:06.600,4177.8000,17748,0,193234500.000,0,-,-,-,-,4177.8000,4176.2000,4175.6000,4175.2000,4175.0000,4178.8000,4179.0000,4179.2000,4179.8000,4180.0000,1,2,1,1,3,1,1,1,1,2
SF,IF2006,2020-01-16 09:34:07.100,4177.8000,17748,0,193234500.000,0,-,-,-,-,4177.8000,4176.2000,4175.6000,4175.2000,4175.0000,4178.8000,4179.0000,4179.2000,4179.8000,4180.0000,1,2,1,1,3,1,1,1,1,2
SF,IF2006,2020-01-16 09:34:07.600,4178.8000,17748,0,194488140.000,1,0,1,多换,S,4177.8000,4176.2000,4175.6000,4175.2000,4175.0000,4179.0000,4179.2000,4179.8000,4180.0000,4181.4000,1,2,1,1,3,1,1,1,2,1
SF,IF2006,2020-01-16 09:34:09.600,4179.0000,17749,1,195741840.000,1,1,0,双开,S,4177.8000,4176.2000,4175.6000,4175.2000,4175.0000,4179.2000,4179.8000,4180.0000,4181.4000,4181.8000,1,2,1,1,3,1,1,2,1,1
SF,IF2006,2020-01-16 09:34:10.100,4179.0000,17749,0,195741840.000,0,-,-,-,-,4178.0000,4177.8000,4176.2000,4175.6000,4175.2000,4179.2000,4179.8000,4180.0000,4181.4000,4181.8000,1,1,1,1,1,1,1,2,1,1
SF,IF2006,2020-01-16 09:34:10.600,4178.0000,17748,-1,196995240.000,1,0,1,双平,S,4177.8000,4175.6000,4175.2000,4175.0000,4173.2000,4179.2000,4179.8000,4180.0000,4181.4000,4181.8000,1,1,1,3,1,1,1,2,1,1
SF,IF2006,2020-01-16 09:34:11.100,4178.0000,17748,0,196995240.000,0,-,-,-,-,4177.8000,4175.6000,4175.2000,4175.0000,4173.2000,4179.0000,4179.2000,4179.8000,4180.0000,4181.4000,1,1,1,3,1,1,1,1,2,1
SF,IF2006,2020-01-16 09:34:14.100,4177.8000,17748,0,198248580.000,1,0,1,多换,S,4175.6000,4175.2000,4175.0000,4173.2000,4172.0000,4179.0000,4179.2000,4179.8000,4180.0000,4181.4000,1,1,3,1,1,1,1,1,2,1
SF,IF2006,2020-01-16 09:34:14.600,4178.8000,17748,0,199502220.000,1,0,1,多换,S,4175.8000,4175.6000,4175.2000,4175.0000,4173.2000,4179.0000,4179.2000,4179.8000,4180.0000,4181.4000,7,1,1,3,1,1,1,1,2,1
SF,IF2006,2020-01-16 09:34:15.100,4179.0000,17747,-1,200755920.000,1,0,1,双平,S,4176.0000,4175.8000,4175.6000,4175.2000,4175.0000,4179.2000,4179.8000,4180.0000,4181.4000,4181.8000,1,8,1,1,3,1,1,2,1,1
SF,IF2006,2020-01-16 09:34:15.600,4179.0000,17747,0,200755920.000,0,-,-,-,-,4176.4000,4176.2000,4176.0000,4175.8000,4175.6000,4179.2000,4179.8000,4180.0000,4181.4000,4181.8000,5,1,1,2,1,1,1,2,1,1
SF,IF2006,2020-01-16 09:34:16.100,4179.0000,17747,0,200755920.000,0,-,-,-,-,4176.6000,4176.4000,4176.0000,4175.8000,4175.6000,4179.2000,4179.8000,4180.0000,4181.4000,4181.8000,2,5,1,1,1,1,1,2,1,1
SF,IF2006,2020-01-16 09:34:16.600,4179.0000,17747,0,200755920.000,0,-,-,-,-,4177.0000,4176.6000,4176.0000,4175.8000,4175.6000,4179.2000,4179.8000,4180.0000,4181.4000,4181.8000,1,2,1,1,1,1,1,2,1,1
SF,IF2006,2020-01-16 09:34:17.100,4179.0000,17746,-1,203263320.000,2,0,2,多平,S,4177.2000,4177.0000,4176.6000,4176.0000,4175.8000,4179.2000,4179.8000,4180.0000,4181.4000,4181.8000,1,1,1,1,1,1,1,2,1,1
SF,IF2006,2020-01-16 09:34:18.100,4179.0000,17746,0,203263320.000,0,-,-,-,-,4177.2000,4177.0000,4175.8000,4175.6000,4175.2000,4179.2000,4179.8000,4180.0000,4181.4000,4181.8000,1,1,1,1,1,1,1,2,1,1
SF,IF2006,2020-01-16 09:34:20.100,4179.0000,17746,0,203263320.000,0,-,-,-,-,4177.2000,4177.0000,4175.8000,4175.6000,4175.2000,4179.0000,4179.2000,4179.8000,4180.0000,4181.4000,1,1,1,1,1,2,1,1,2,1
SF,IF2006,2020-01-16 09:34:21.100,4179.0000,17746,0,203263320.000,0,-,-,-,-,4177.2000,4177.0000,4175.2000,4175.0000,4173.2000,4179.0000,4179.2000,4179.8000,4180.0000,4181.4000,1,1,1,3,1,2,1,1,2,1
SF,IF2006,2020-01-16 09:34:21.600,4179.0000,17746,0,203263320.000,0,-,-,-,-,4177.2000,4177.0000,4175.2000,4175.0000,4173.2000,4179.0000,4179.2000,4179.8000,4180.0000,4181.4000,1,1,1,3,1,2,1,1,2,1
SF,IF2006,2020-01-16 09:34:22.600,4179.0000,17746,0,203263320.000,0,-,-,-,-,4177.2000,4177.0000,4175.2000,4175.0000,4173.2000,4179.0000,4179.2000,4179.8000,4180.0000,4181.4000,1,1,1,3,1,1,1,1,2,1
SF,IF2006,2020-01-16 09:34:23.600,4179.0000,17746,0,203263320.000,0,-,-,-,-,4177.2000,4177.0000,4175.0000,4173.2000,4172.0000,4178.8000,4179.0000,4179.2000,4179.8000,4180.0000,1,1,3,1,1,2,1,1,1,2
SF,IF2006,2020-01-16 09:34:24.100,4179.0000,17746,0,203263320.000,0,-,-,-,-,4177.2000,4177.0000,4175.0000,4173.2000,4172.0000,4179.0000,4179.2000,4179.8000,4180.0000,4181.4000,1,1,3,1,1,1,1,1,2,1
SF,IF2006,2020-01-16 09:34:28.600,4177.2000,17746,0,204516480.000,1,0,1,多换,S,4177.0000,4175.0000,4173.2000,4172.0000,4170.6000,4179.0000,4179.2000,4179.8000,4180.0000,4181.4000,1,3,1,1,1,1,1,1,2,1
SF,IF2006,2020-01-16 09:34:29.100,4177.2000,17746,0,204516480.000,0,-,-,-,-,4177.2000,4177.0000,4175.0000,4173.2000,4172.0000,4178.8000,4179.0000,4179.2000,4179.8000,4180.0000,1,1,3,1,1,1,1,1,1,2
SF,IF2006,2020-01-16 09:34:29.600,4177.2000,17746,0,204516480.000,0,-,-,-,-,4177.2000,4177.0000,4175.0000,4173.2000,4172.0000,4179.0000,4179.2000,4179.8000,4180.0000,4181.4000,1,1,3,1,1,1,1,1,2,1
SF,IF2006,2020-01-16 09:34:31.100,4177.2000,17746,0,204516480.000,0,-,-,-,-,4177.2000,4177.0000,4175.0000,4173.2000,4172.0000,4179.2000,4179.8000,4180.0000,4181.4000,4181.8000,1,1,3,1,1,1,1,2,1,1
SF,IF2006,2020-01-16 09:34:31.600,4177.2000,17746,0,204516480.000,0,-,-,-,-,4177.6000,4177.2000,4177.0000,4175.0000,4173.2000,4179.2000,4179.8000,4180.0000,4181.4000,4181.8000,1,1,1,3,1,1,1,2,1,1
SF,IF2006,2020-01-16 09:34:32.100,4177.2000,17746,0,204516480.000,0,-,-,-,-,4177.8000,4177.6000,4177.0000,4175.0000,4173.2000,4179.2000,4179.8000,4180.0000,4181.4000,4181.8000,1,1,1,3,1,1,1,2,1,1
SF,IF2006,2020-01-16 09:34:32.600,4177.2000,17746,0,204516480.000,0,-,-,-,-,4177.8000,4177.6000,4177.0000,4175.0000,4173.2000,4179.2000,4179.8000,4180.0000,4181.4000,4181.8000,1,1,1,3,1,1,1,2,1,1
SF,IF2006,2020-01-16 09:34:33.100,4177.8000,17745,-1,205769820.000,1,0,1,双平,S,4177.6000,4177.0000,4175.0000,4173.2000,4172.0000,4178.8000,4179.0000,4179.2000,4179.8000,4180.0000,1,1,3,1,1,1,1,1,1,2
SF,IF2006,2020-01-16 09:34:33.600,4177.8000,17745,0,205769820.000,0,-,-,-,-,4177.6000,4177.0000,4175.0000,4173.2000,4172.0000,4178.6000,4178.8000,4179.0000,4179.2000,4179.8000,1,1,3,1,1,1,1,1,1,1
SF,IF2006,2020-01-16 09:34:34.100,4177.6000,17745,0,207023100.000,1,0,1,多换,S,4177.0000,4175.0000,4173.2000,4172.0000,4170.6000,4177.8000,4178.4000,4178.6000,4178.8000,4179.0000,1,3,1,1,1,1,1,1,1,1
SF,IF2006,2020-01-16 09:34:34.600,4177.8000,17746,1,208276440.000,1,1,0,双开,S,4177.0000,4175.0000,4173.2000,4172.0000,4170.6000,4178.6000,4178.8000,4179.0000,4179.2000,4179.8000,1,3,1,1,1,1,1,1,1,1
SF,IF2006,2020-01-16 09:34:35.100,4177.8000,17746,0,208276440.000,0,-,-,-,-,4177.2000,4177.0000,4175.0000,4173.2000,4172.0000,4178.4000,4178.6000,4178.8000,4179.0000,4179.2000,1,1,3,1,1,1,1,1,1,1
SF,IF2006,2020-01-16 09:34:35.600,4177.8000,17746,0,208276440.000,0,-,-,-,-,4177.2000,4177.0000,4175.0000,4173.2000,4172.0000,4178.2000,4178.6000,4178.8000,4179.0000,4179.2000,1,1,3,1,1,1,1,1,1,1
SF,IF2006,2020-01-16 09:34:36.100,4177.8000,17746,0,208276440.000,0,-,-,-,-,4177.2000,4177.0000,4175.0000,4173.2000,4172.0000,4178.4000,4178.6000,4178.8000,4179.0000,4179.2000,1,1,3,1,1,1,1,1,1,1
SF,IF2006,2020-01-16 09:34:41.600,4177.8000,17746,0,208276440.000,0,-,-,-,-,4177.2000,4177.0000,4175.0000,4173.2000,4172.0000,4178.4000,4178.6000,4178.8000,4179.0000,4179.2000,1,1,3,1,1,1,1,1,1,1
SF,IF2006,2020-01-16 09:34:45.100,4178.4000,17746,0,210783480.000,2,1,1,多换,S,4178.4000,4177.2000,4177.0000,4175.0000,4173.2000,4178.6000,4178.8000,4179.0000,4179.2000,4179.8000,4,1,1,3,1,1,1,1,1,1
SF,IF2006,2020-01-16 09:34:45.600,4178.4000,17742,-4,215797560.000,4,0,4,双平,S,4177.2000,4177.0000,4175.0000,4173.2000,4172.0000,4178.4000,4178.8000,4179.2000,4179.8000,4180.0000,1,1,3,1,1,2,1,1,1,2
SF,IF2006,2020-01-16 09:34:46.100,4178.4000,17742,0,215797560.000,0,-,-,-,-,4177.2000,4177.0000,4175.0000,4173.2000,4172.0000,4178.2000,4178.4000,4178.8000,4179.2000,4179.8000,1,1,3,1,1,1,1,1,1,1
SF,IF2006,2020-01-16 09:34:48.100,4178.4000,17742,0,215797560.000,0,-,-,-,-,4177.2000,4177.0000,4175.0000,4173.2000,4172.0000,4178.0000,4178.2000,4178.8000,4179.2000,4179.8000,1,1,3,1,1,1,1,1,1,1
SF,IF2006,2020-01-16 09:34:48.600,4177.2000,17741,-1,217050720.000,1,0,1,双平,S,4177.0000,4175.0000,4173.2000,4172.0000,4170.6000,4177.6000,4177.8000,4178.0000,4178.8000,4179.2000,1,3,1,1,1,2,1,1,1,1
SF,IF2006,2020-01-16 09:34:49.100,4177.0000,17741,0,218303820.000,1,0,1,多换,S,4175.0000,4173.2000,4172.0000,4170.6000,4170.2000,4177.0000,4177.4000,4177.6000,4178.8000,4179.2000,3,1,1,1,1,1,2,2,1,1
SF,IF2006,2020-01-16 09:34:49.600,4177.0000,17741,0,218303820.000,0,-,-,-,-,4175.2000,4175.0000,4173.2000,4172.0000,4170.6000,4177.6000,4178.8000,4179.2000,4179.8000,4180.0000,1,3,1,1,1,2,1,1,1,2
SF,IF2006,2020-01-16 09:34:50.100,4177.0000,17741,0,218303820.000,0,-,-,-,-,4175.2000,4175.0000,4173.2000,4172.0000,4170.6000,4177.4000,4177.6000,4178.8000,4179.2000,4179.8000,1,3,1,1,1,1,2,1,1,1
SF,IF2006,2020-01-16 09:34:50.600,4177.0000,17741,0,218303820.000,0,-,-,-,-,4175.2000,4175.0000,4173.2000,4172.0000,4170.6000,4177.4000,4177.6000,4178.8000,4179.2000,4179.6000,1,3,1,1,1,1,2,1,1,1
SF,IF2006,2020-01-16 09:34:51.100,4177.0000,17741,0,218303820.000,0,-,-,-,-,4175.2000,4175.0000,4173.2000,4172.0000,4170.6000,4177.2000,4177.4000,4177.6000,4178.8000,4179.2000,1,3,1,1,1,3,1,2,1,1
SF,IF2006,2020-01-16 09:34:51.600,4177.0000,17741,0,218303820.000,0,-,-,-,-,4175.2000,4175.0000,4173.2000,4172.0000,4170.6000,4177.0000,4177.2000,4177.6000,4178.8000,4179.2000,1,3,1,1,1,1,2,2,1,1
SF,IF2006,2020-01-16 09:34:52.100,4177.0000,17741,0,218303820.000,0,-,-,-,-,4175.2000,4175.0000,4173.2000,4172.0000,4170.6000,4177.0000,4177.6000,4178.8000,4179.2000,4179.6000,1,3,1,1,1,1,2,1,1,1
SF,IF2006,2020-01-16 09:34:53.600,4177.0000,17741,0,218303820.000,0,-,-,-,-,4175.2000,4175.0000,4173.2000,4172.0000,4170.6000,4177.0000,4177.6000,4178.8000,4179.2000,4179.6000,1,3,1,1,1,1,2,1,1,1
SF,IF2006,2020-01-16 09:34:55.100,4177.0000,17741,0,218303820.000,0,-,-,-,-,4175.2000,4175.0000,4173.2000,4172.0000,4170.6000,4177.0000,4177.6000,4178.8000,4179.2000,4179.6000,1,3,1,1,1,1,2,1,1,1
SF,IF2006,2020-01-16 09:34:56.600,4177.0000,17741,0,218303820.000,0,-,-,-,-,4175.2000,4175.0000,4173.2000,4172.0000,4170.6000,4176.2000,4176.6000,4176.8000,4177.0000,4178.8000,1,3,1,1,1,1,2,4,1,1
SF,IF2006,2020-01-16 09:34:57.100,4177.0000,17741,0,218303820.000,0,-,-,-,-,4175.0000,4173.2000,4172.0000,4170.6000,4170.2000,4176.2000,4176.6000,4176.8000,4177.0000,4178.8000,3,1,1,1,1,1,2,2,1,1
SF,IF2006,2020-01-16 09:34:59.100,4177.0000,17741,0,218303820.000,0,-,-,-,-,4175.0000,4173.2000,4172.0000,4170.6000,4170.2000,4176.2000,4176.8000,4177.0000,4178.8000,4179.2000,3,1,1,1,1,1,2,1,1,1
SF,IF2006,2020-01-16 09:35:03.100,4177.0000,17741,0,218303820.000,0,-,-,-,-,4175.2000,4175.0000,4173.2000,4172.0000,4170.6000,4176.2000,4176.8000,4177.0000,4178.8000,4179.2000,1,3,1,1,1,1,2,1,1,1
SF,IF2006,2020-01-16 09:35:03.600,4177.0000,17741,0,218303820.000,0,-,-,-,-,4175.2000,4175.0000,4173.2000,4172.0000,4170.6000,4176.2000,4176.8000,4177.0000,4178.8000,4179.2000,1,3,1,1,1,1,2,1,1,1
SF,IF2006,2020-01-16 09:35:04.100,4177.0000,17741,0,218303820.000,0,-,-,-,-,4175.2000,4175.0000,4173.2000,4172.0000,4170.6000,4176.2000,4176.8000,4177.0000,4178.8000,4179.2000,1,3,1,1,1,1,2,1,1,1
SF,IF2006,2020-01-16 09:35:04.600,4176.2000,17741,0,219556680.000,1,0,1,多换,S,4175.2000,4175.0000,4173.2000,4172.0000,4170.6000,4176.8000,4177.0000,4178.8000,4179.2000,4179.6000,1,3,1,1,1,2,1,1,1,1
SF,IF2006,2020-01-16 09:35:05.100,4176.8000,17740,-1,222062760.000,2,0,2,多平,S,4175.4000,4175.2000,4175.0000,4173.2000,4172.0000,4177.0000,4178.8000,4179.2000,4179.6000,4179.8000,2,1,3,1,1,1,1,1,1,1
SF,IF2006,2020-01-16 09:35:05.600,4176.8000,17740,0,222062760.000,0,-,-,-,-,4175.4000,4175.2000,4175.0000,4173.2000,4172.0000,4177.0000,4178.8000,4179.2000,4179.6000,4179.8000,2,1,3,1,1,1,1,1,1,1
SF,IF2006,2020-01-16 09:35:06.100,4176.8000,17740,0,222062760.000,0,-,-,-,-,4175.4000,4175.2000,4175.0000,4173.2000,4172.0000,4177.0000,4178.8000,4179.2000,4179.6000,4179.8000,2,1,3,1,1,1,1,1,1,1
SF,IF2006,2020-01-16 09:35:06.600,4176.8000,17740,0,222062760.000,0,-,-,-,-,4175.4000,4175.2000,4175.0000,4173.2000,4172.0000,4177.0000,4178.8000,4179.2000,4179.6000,4179.8000,2,1,3,1,1,1,1,1,1,1
SF,IF2006,2020-01-16 09:35:07.100,4176.8000,17740,0,222062760.000,0,-,-,-,-,4175.4000,4175.2000,4175.0000,4173.2000,4172.0000,4177.0000,4178.8000,4179.2000,4179.6000,4179.8000,2,1,3,1,1,1,1,1,1,1
SF,IF2006,2020-01-16 09:35:07.600,4176.8000,17740,0,222062760.000,0,-,-,-,-,4175.4000,4175.2000,4175.0000,4173.2000,4172.0000,4177.0000,4178.8000,4179.2000,4179.6000,4179.8000,2,1,4,1,1,1,1,1,1,1
SF,IF2006,2020-01-16 09:35:13.100,4176.8000,17740,0,222062760.000,0,-,-,-,-,4175.4000,4175.2000,4175.0000,4173.2000,4172.2000,4177.0000,4178.8000,4179.2000,4179.6000,4179.8000,2,1,4,1,1,1,1,1,1,1
SF,IF2006,2020-01-16 09:35:13.600,4176.8000,17740,0,222062760.000,0,-,-,-,-,4175.4000,4175.2000,4175.0000,4173.2000,4172.2000,4177.0000,4178.8000,4179.2000,4179.6000,4179.8000,2,1,4,1,1,2,1,1,1,1
SF,IF2006,2020-01-16 09:35:14.100,4176.8000,17740,0,222062760.000,0,-,-,-,-,4175.4000,4175.2000,4175.0000,4173.2000,4172.2000,4177.0000,4178.8000,4179.2000,4179.6000,4179.8000,1,1,4,1,1,2,1,1,1,1
SF,IF2006,2020-01-16 09:35:14.600,4176.8000,17740,0,222062760.000,0,-,-,-,-,4175.2000,4175.0000,4173.2000,4172.2000,4172.0000,4176.8000,4177.0000,4178.8000,4179.2000,4179.6000,1,4,1,1,1,1,2,1,1,1
SF,IF2006,2020-01-16 09:35:15.100,4176.8000,17740,0,222062760.000,0,-,-,-,-,4175.4000,4175.2000,4175.0000,4173.2000,4172.2000,4176.8000,4177.0000,4178.8000,4179.2000,4179.6000,2,1,4,1,1,1,2,1,1,1
SF,IF2006,2020-01-16 09:35:15.600,4176.8000,17740,0,222062760.000,0,-,-,-,-,4175.4000,4175.2000,4175.0000,4173.2000,4172.2000,4176.6000,4176.8000,4177.0000,4178.8000,4179.2000,1,1,4,1,1,1,1,1,1,1
SF,IF2006,2020-01-16 09:35:16.100,4176.8000,17740,0,223315800.000,1,0,1,多换,S,4175.4000,4175.2000,4175.0000,4173.2000,4172.2000,4177.0000,4178.8000,4179.2000,4179.6000,4179.8000,1,1,4,1,1,1,1,1,1,1
SF,IF2006,2020-01-16 09:35:16.600,4176.8000,17740,0,223315800.000,0,-,-,-,-,4175.6000,4175.4000,4175.2000,4175.0000,4173.2000,4177.0000,4178.8000,4179.2000,4179.6000,4179.8000,1,1,1,4,1,1,1,1,1,1
SF,IF2006,2020-01-16 09:35:17.100,4176.8000,17740,0,223315800.000,0,-,-,-,-,4175.8000,4175.6000,4175.2000,4175.0000,4173.2000,4177.0000,4178.8000,4179.2000,4179.6000,4179.8000,1,1,1,4,1,1,1,1,1,1
SF,IF2006,2020-01-16 09:35:17.600,4176.8000,17740,0,223315800.000,0,-,-,-,-,4176.0000,4175.8000,4175.2000,4175.0000,4173.2000,4177.0000,4178.8000,4179.2000,4179.6000,4179.8000,1,1,1,4,1,1,1,1,1,1
SF,IF2006,2020-01-16 09:35:19.600,4176.8000,17740,0,223315800.000,0,-,-,-,-,4176.2000,4176.0000,4175.2000,4175.0000,4173.2000,4177.0000,4178.8000,4179.2000,4179.6000,4179.8000,1,1,1,4,1,1,1,1,1,1
SF,IF2006,2020-01-16 09:35:20.100,4177.0000,17739,-1,224568900.000,1,0,1,双平,S,4176.4000,4176.2000,4175.2000,4175.0000,4173.2000,4178.8000,4179.2000,4179.6000,4179.8000,4180.0000,1,1,1,4,1,1,1,1,1,1
SF,IF2006,2020-01-16 09:35:20.600,4177.0000,17739,0,224568900.000,0,-,-,-,-,4176.4000,4176.2000,4175.2000,4175.0000,4173.2000,4178.4000,4178.6000,4178.8000,4179.2000,4179.6000,1,1,1,4,1,2,5,1,1,1
SF,IF2006,2020-01-16 09:35:21.100,4176.4000,17739,0,225821820.000,1,0,1,多换,S,4176.2000,4175.2000,4175.0000,4173.2000,4172.2000,4178.2000,4178.4000,4178.6000,4178.8000,4179.2000,1,1,4,1,1,1,2,2,1,1
SF,IF2006,2020-01-16 09:35:21.600,4176.4000,17739,0,225821820.000,0,-,-,-,-,4176.4000,4176.2000,4175.2000,4175.0000,4173.2000,4177.8000,4178.0000,4178.2000,4178.6000,4178.8000,1,1,1,4,1,2,1,1,1,1
SF,IF2006,2020-01-16 09:35:23.100,4176.4000,17739,0,225821820.000,0,-,-,-,-,4176.6000,4176.4000,4175.2000,4175.0000,4173.2000,4178.0000,4178.2000,4178.8000,4179.2000,4179.6000,1,1,1,4,1,1,1,1,1,1
SF,IF2006,2020-01-16 09:35:23.600,4176.4000,17739,0,225821820.000,0,-,-,-,-,4176.6000,4175.2000,4175.0000,4173.2000,4172.2000,4177.6000,4178.0000,4178.2000,4178.8000,4179.2000,1,1,4,1,1,2,1,1,1,1
SF,IF2006,2020-01-16 09:35:24.600,4176.4000,17739,0,225821820.000,0,-,-,-,-,4175.2000,4175.0000,4173.2000,4172.2000,4172.0000,4177.6000,4178.0000,4178.2000,4178.8000,4179.2000,1,4,1,1,1,2,1,1,1,1
SF,IF2006,2020-01-16 09:35:25.100,4176.4000,17739,0,225821820.000,0,-,-,-,-,4175.4000,4175.2000,4175.0000,4173.2000,4172.2000,4177.4000,4177.6000,4178.2000,4178.8000,4179.2000,2,1,4,1,1,1,2,1,1,1
SF,IF2006,2020-01-16 09:35:25.600,4176.4000,17739,0,225821820.000,0,-,-,-,-,4175.4000,4175.2000,4175.0000,4173.2000,4172.2000,4177.4000,4177.6000,4178.2000,4178.8000,4179.2000,2,1,4,1,1,1,2,1,1,1
SF,IF2006,2020-01-16 09:35:26.600,4176.4000,17739,0,225821820.000,0,-,-,-,-,4175.6000,4175.4000,4175.2000,4175.0000,4173.2000,4177.4000,4177.6000,4178.2000,4178.8000,4179.2000,1,2,1,4,1,1,2,1,1,1
SF,IF2006,2020-01-16 09:35:27.100,4176.4000,17739,0,225821820.000,0,-,-,-,-,4175.8000,4175.6000,4175.2000,4175.0000,4173.2000,4177.2000,4177.4000,4177.6000,4178.2000,4178.8000,2,1,1,4,1,1,1,2,1,1
SF,IF2006,2020-01-16 09:35:27.600,4176.4000,17739,0,225821820.000,0,-,-,-,-,4175.8000,4175.2000,4175.0000,4173.2000,4172.2000,4177.2000,4177.4000,4177.6000,4178.2000,4178.8000,2,1,4,1,1,1,1,2,1,1
SF,IF2006,2020-01-16 09:35:30.100,4176.4000,17739,0,225821820.000,0,-,-,-,-,4175.8000,4175.2000,4175.0000,4173.2000,4172.2000,4177.4000,4177.6000,4178.2000,4178.8000,4179.2000,2,1,4,1,1,1,2,1,1,1
SF,IF2006,2020-01-16 09:35:30.600,4176.4000,17739,0,225821820.000,0,-,-,-,-,4175.8000,4175.2000,4175.0000,4173.2000,4172.2000,4177.4000,4177.6000,4178.2000,4178.8000,4179.2000,2,1,4,1,1,1,2,1,1,1
SF,IF2006,2020-01-16 09:35:31.600,4176.4000,17739,0,225821820.000,0,-,-,-,-,4176.0000,4175.8000,4175.2000,4175.0000,4173.2000,4177.4000,4177.6000,4178.2000,4178.8000,4179.2000,1,2,1,4,1,1,2,1,1,1
SF,IF2006,2020-01-16 09:35:32.100,4176.4000,17739,0,225821820.000,0,-,-,-,-,4176.2000,4176.0000,4175.8000,4175.2000,4175.0000,4177.4000,4177.6000,4178.2000,4178.8000,4179.2000,1,1,1,1,4,1,2,1,1,1
SF,IF2006,2020-01-16 09:35:32.600,4176.4000,17739,0,225821820.000,0,-,-,-,-,4176.0000,4175.8000,4175.2000,4175.0000,4173.2000,4177.4000,4177.6000,4178.2000,4178.8000,4179.2000,1,1,1,4,1,1,2,1,1,1
SF,IF2006,2020-01-16 09:35:33.100,4176.4000,17739,0,225821820.000,0,-,-,-,-,4176.0000,4175.8000,4175.2000,4175.0000,4173.2000,4177.0000,4177.4000,4177.6000,4178.2000,4178.8000,1,1,1,4,1,1,1,2,1,1
SF,IF2006,2020-01-16 09:35:33.600,4176.0000,17739,0,227074620.000,1,0,1,多换,S,4175.8000,4175.2000,4175.0000,4173.2000,4172.2000,4177.0000,4177.4000,4177.6000,4178.2000,4178.8000,1,1,4,1,1,1,1,2,1,1
SF,IF2006,2020-01-16 09:35:34.100,4176.0000,17739,0,228327420.000,1,0,1,多换,S,4175.8000,4175.2000,4175.0000,4173.2000,4172.2000,4177.0000,4177.4000,4177.6000,4178.8000,4179.2000,1,1,4,1,1,1,1,2,1,1
SF,IF2006,2020-01-16 09:35:34.600,4176.0000,17739,0,228327420.000,0,-,-,-,-,4176.6000,4175.8000,4175.2000,4175.0000,4173.2000,4177.0000,4177.4000,4177.6000,4178.8000,4179.2000,1,1,1,4,1,1,1,2,1,1
SF,IF2006,2020-01-16 09:35:35.100,4176.4000,17739,0,229580340.000,1,0,1,多换,S,4175.2000,4175.0000,4173.2000,4172.2000,4172.0000,4176.6000,4177.0000,4177.4000,4177.6000,4178.8000,1,4,1,1,1,1,1,1,2,1
SF,IF2006,2020-01-16 09:35:35.600,4176.4000,17739,0,229580340.000,0,-,-,-,-,4176.6000,4175.4000,4175.2000,4175.0000,4173.2000,4177.0000,4177.4000,4177.6000,4178.8000,4179.2000,1,1,1,4,1,1,1,2,1,1
SF,IF2006,2020-01-16 09:35:36.100,4176.6000,17739,0,230833320.000,1,0,1,多换,S,4175.4000,4175.2000,4175.0000,4173.2000,4172.2000,4177.0000,4177.4000,4177.6000,4178.8000,4179.2000,1,1,4,1,1,1,1,2,1,1
SF,IF2006,2020-01-16 09:35:36.600,4176.6000,17739,0,230833320.000,0,-,-,-,-,4175.4000,4175.2000,4175.0000,4173.2000,4172.2000,4176.8000,4177.0000,4178.8000,4179.2000,4179.6000,1,1,4,1,1,1,1,1,1,1
SF,IF2006,2020-01-16 09:35:37.100,4177.0000,17738,-1,233339460.000,2,0,2,多平,S,4175.4000,4175.2000,4175.0000,4173.2000,4172.2000,4178.8000,4179.2000,4179.6000,4179.8000,4180.0000,1,1,4,1,1,1,1,1,1,1
SF,IF2006,2020-01-16 09:35:37.600,4177.0000,17738,0,233339460.000,0,-,-,-,-,4175.8000,4175.6000,4175.4000,4175.2000,4175.0000,4178.6000,4178.8000,4179.2000,4179.6000,4179.8000,1,2,1,1,4,2,1,1,1,1
SF,IF2006,2020-01-16 09:35:38.100,4177.0000,17738,0,233339460.000,0,-,-,-,-,4176.0000,4175.8000,4175.6000,4175.2000,4175.0000,4178.6000,4178.8000,4179.2000,4179.6000,4179.8000,1,1,1,1,4,2,1,1,1,1
