市场代码,合约代码,时间,最新,持仓,增仓,成交额,成交量,开仓,平仓,成交类型,方向,买一价,买二价,买三价,买四价,买五价,卖一价,卖二价,卖三价,卖四价,卖五价,买一量,买二量,买三量,买四量,买五量,卖一量,卖二量,卖三量,卖四量,卖五量
SF,IF2002,2020-01-06 09:29:00.000,4149.4000,2912,0,2489640.000,2.000,-,-,-,-,4148.8000,4140.0000,4139.0000,4136.6000,4136.2000,4149.4000,4150.0000,4152.6000,4155.2000,4157.4000,20,2,1,1,1,2,2,6,1,1
SF,IF2002,2020-01-06 09:30:00.500,4148.4000,2910,-2,31113360.000,23,10,13,多平,S,4140.6000,4140.0000,4139.0000,4136.2000,4135.6000,4147.6000,4148.0000,4148.2000,4148.4000,4148.6000,1,1,1,1,3,2,1,2,3,4
SF,IF2002,2020-01-06 09:30:01.000,4142.0000,2913,3,38578560.000,6,4,2,空开,S,4144.0000,4142.0000,4141.8000,4141.0000,4140.8000,4148.2000,4148.4000,4148.6000,4148.8000,4155.2000,1,1,1,4,3,2,2,4,4,1
SF,IF2002,2020-01-06 09:30:01.500,4144.0000,2912,-1,39821760.000,1,0,1,双平,S,4141.8000,4140.8000,4140.6000,4140.0000,4139.0000,4147.2000,4148.0000,4148.2000,4148.6000,4148.8000,1,2,1,1,1,1,2,1,3,4
SF,IF2002,2020-01-06 09:30:02.000,4144.0000,2912,0,39821760.000,0,-,-,-,-,4140.8000,4140.6000,4140.0000,4139.0000,4136.2000,4146.8000,4147.0000,4147.2000,4148.0000,4148.2000,2,1,1,1,1,4,2,1,1,1
SF,IF2002,2020-01-06 09:30:02.500,4144.0000,2912,0,39821760.000,0,-,-,-,-,4141.2000,4141.0000,4140.8000,4140.6000,4140.0000,4146.6000,4146.8000,4147.0000,4147.2000,4148.0000,3,1,2,1,1,2,4,1,1,1
SF,IF2002,2020-01-06 09:30:03.000,4144.0000,2912,0,39821760.000,0,-,-,-,-,4141.4000,4140.8000,4140.6000,4140.0000,4139.0000,4146.2000,4146.4000,4146.6000,4146.8000,4147.0000,3,2,1,1,1,3,2,2,1,1
SF,IF2002,2020-01-06 09:30:03.500,4144.6000,2912,0,41065140.000,1,0,1,多换,S,4141.6000,4141.4000,4140.8000,4140.6000,4140.0000,4145.0000,4146.0000,4146.2000,4146.4000,4146.6000,7,1,2,1,1,1,3,3,1,1
SF,IF2002,2020-01-06 09:30:04.000,4144.6000,2912,0,41065140.000,0,-,-,-,-,4141.8000,4141.6000,4141.4000,4140.8000,4140.6000,4144.0000,4144.8000,4145.0000,4146.0000,4146.2000,3,7,1,1,1,1,2,1,2,3
SF,IF2002,2020-01-06 09:30:04.500,4144.0000,2911,-1,42308340.000,1,0,1,双平,S,4142.0000,4141.8000,4141.4000,4140.8000,4140.6000,4144.8000,4145.0000,4146.0000,4146.2000,4146.6000,7,3,1,1,1,2,1,2,3,1
SF,IF2002,2020-01-06 09:30:05.000,4144.6000,2910,-1,43551720.000,1,0,1,双平,S,4142.2000,4142.0000,4141.4000,4140.8000,4140.6000,4144.6000,4145.0000,4146.0000,4146.2000,4146.6000,4,7,1,1,1,1,1,2,3,1
SF,IF2002,2020-01-06 09:30:05.500,4142.2000,2910,0,52250340.000,7,3,4,多换,S,4142.4000,4142.0000,4141.4000,4140.8000,4140.6000,4144.0000,4144.4000,4144.6000,4145.0000,4146.0000,2,1,1,1,1,1,2,3,1,2
SF,IF2002,2020-01-06 09:30:06.000,4142.4000,2909,-1,60949380.000,7,3,4,多平,S,4142.6000,4142.0000,4141.4000,4140.8000,4140.6000,4144.4000,4144.6000,4145.0000,4146.0000,4146.2000,1,1,1,1,1,1,3,1,2,3
SF,IF2002,2020-01-06 09:30:06.500,4142.4000,2909,0,62192100.000,1,0,1,多换,S,4142.0000,4141.8000,4141.4000,4140.8000,4140.6000,4142.4000,4142.6000,4144.4000,4144.6000,4145.0000,1,1,1,1,1,2,2,1,2,1
SF,IF2002,2020-01-06 09:30:07.000,4142.4000,2908,-1,63434820.000,1,0,1,双平,S,4142.2000,4142.0000,4141.8000,4141.4000,4140.8000,4142.4000,4142.6000,4144.6000,4146.0000,4146.6000,1,1,1,1,1,2,2,2,2,1
SF,IF2002,2020-01-06 09:30:07.500,4142.4000,2907,-1,65920260.000,2,0,2,多平,S,4142.2000,4142.0000,4141.8000,4141.4000,4140.8000,4142.6000,4144.6000,4146.0000,4146.6000,4147.0000,1,1,1,1,1,2,2,2,1,1
SF,IF2002,2020-01-06 09:30:08.000,4142.2000,2907,0,67162920.000,1,0,1,多换,S,4142.0000,4141.8000,4141.4000,4140.8000,4140.6000,4142.2000,4142.6000,4144.6000,4146.0000,4146.6000,1,1,1,1,1,6,2,2,2,1
SF,IF2002,2020-01-06 09:30:08.500,4142.0000,2907,0,68405520.000,1,0,1,多换,S,4141.4000,4140.8000,4140.6000,4140.0000,4139.0000,4142.0000,4142.2000,4142.6000,4146.0000,4146.6000,1,1,1,3,1,1,7,2,2,1
SF,IF2002,2020-01-06 09:30:09.000,4142.0000,2908,1,69648120.000,1,1,0,双开,S,4140.8000,4140.6000,4140.0000,4139.0000,4136.2000,4142.2000,4142.6000,4146.0000,4146.6000,4147.0000,1,1,1,1,1,7,2,2,1,2
SF,IF2002,2020-01-06 09:30:09.500,4142.6000,2903,-5,80831940.000,9,2,7,多平,S,4141.2000,4140.8000,4140.6000,4140.0000,4139.0000,4142.6000,4146.0000,4146.6000,4147.0000,4147.2000,4,1,1,1,1,1,2,1,2,1
SF,IF2002,2020-01-06 09:30:10.000,4141.4000,2903,0,82074360.000,1,0,1,多换,S,4141.4000,4141.2000,4140.8000,4140.6000,4140.0000,4142.6000,4146.0000,4146.6000,4147.0000,4147.2000,1,3,1,1,1,1,2,1,2,1
SF,IF2002,2020-01-06 09:30:10.500,4141.4000,2903,0,82074360.000,0,-,-,-,-,4141.8000,4141.4000,4140.8000,4140.6000,4140.0000,4142.0000,4142.6000,4146.0000,4146.6000,4147.0000,3,1,1,1,1,1,1,2,1,2
SF,IF2002,2020-01-06 09:30:11.000,4142.6000,2902,-1,84559740.000,2,0,2,多平,S,4142.2000,4142.0000,4141.8000,4141.4000,4140.8000,4146.0000,4146.6000,4147.0000,4148.0000,4148.6000,1,2,3,1,1,2,1,2,1,2
SF,IF2002,2020-01-06 09:30:11.500,4142.4000,2901,-1,85802460.000,1,0,1,双平,S,4142.2000,4141.4000,4140.8000,4140.6000,4140.0000,4145.8000,4146.0000,4146.6000,4147.0000,4148.0000,1,1,1,1,1,3,2,1,2,1
SF,IF2002,2020-01-06 09:30:12.000,4142.2000,2900,-1,87045120.000,1,0,1,双平,S,4141.4000,4140.8000,4140.6000,4140.0000,4139.0000,4145.2000,4145.6000,4145.8000,4146.0000,4146.6000,1,1,1,1,1,1,2,3,2,1
SF,IF2002,2020-01-06 09:30:12.500,4141.6000,2901,1,88287600.000,1,1,0,双开,S,4141.6000,4141.4000,4140.8000,4140.6000,4140.0000,4141.8000,4145.0000,4145.2000,4145.6000,4145.8000,3,1,1,1,1,1,1,1,2,3
SF,IF2002,2020-01-06 09:30:13.000,4141.8000,2902,1,93257760.000,4,2,2,空开,S,4141.8000,4141.6000,4140.8000,4140.6000,4140.0000,4145.2000,4145.8000,4146.0000,4146.6000,4147.0000,1,2,1,1,1,1,3,2,1,1
SF,IF2002,2020-01-06 09:30:13.500,4141.8000,2903,1,94500300.000,1,1,0,双开,S,4141.8000,4140.8000,4140.6000,4140.0000,4139.0000,4145.0000,4145.8000,4146.0000,4146.6000,4147.0000,2,1,1,1,1,3,3,2,1,1
SF,IF2002,2020-01-06 09:30:14.000,4141.8000,2903,0,95742840.000,1,0,1,多换,S,4141.8000,4140.8000,4140.6000,4140.0000,4139.0000,4145.0000,4145.8000,4146.0000,4146.6000,4147.0000,1,1,1,1,1,3,3,2,1,1
SF,IF2002,2020-01-06 09:30:14.500,4141.8000,2903,0,95742840.000,0,-,-,-,-,4142.2000,4141.4000,4140.8000,4140.6000,4140.0000,4145.0000,4145.8000,4146.0000,4146.6000,4147.0000,2,1,1,1,1,2,3,2,1,1
SF,IF2002,2020-01-06 09:30:15.000,4141.8000,2903,0,95742840.000,0,-,-,-,-,4142.2000,4141.4000,4140.8000,4140.6000,4140.0000,4144.8000,4145.0000,4145.8000,4146.0000,4146.6000,2,1,1,1,1,1,2,3,2,1
SF,IF2002,2020-01-06 09:30:16.000,4141.8000,2903,0,95742840.000,0,-,-,-,-,4141.4000,4140.8000,4140.6000,4140.0000,4139.0000,4144.8000,4145.0000,4145.8000,4146.0000,4146.6000,1,1,1,1,1,1,2,3,2,1
SF,IF2002,2020-01-06 09:30:16.500,4141.8000,2903,0,95742840.000,0,-,-,-,-,4144.0000,4141.8000,4141.4000,4140.8000,4140.6000,4144.8000,4145.0000,4145.8000,4146.0000,4146.6000,2,2,1,1,1,1,2,3,2,1
SF,IF2002,2020-01-06 09:30:17.000,4143.6000,2903,0,98229000.000,2,1,1,多换,S,4141.4000,4140.8000,4140.6000,4140.0000,4139.0000,4143.8000,4144.0000,4144.8000,4145.0000,4145.8000,1,1,1,1,1,1,2,1,1,3
SF,IF2002,2020-01-06 09:30:17.500,4144.0000,2902,-1,100715340.000,2,0,2,多平,S,4141.8000,4141.4000,4140.8000,4140.6000,4140.0000,4144.0000,4144.8000,4145.0000,4145.8000,4146.0000,2,1,1,1,1,1,1,1,3,2
SF,IF2002,2020-01-06 09:30:18.000,4144.0000,2902,0,100715340.000,0,-,-,-,-,4142.0000,4141.8000,4141.6000,4141.4000,4140.8000,4144.0000,4145.0000,4145.8000,4146.0000,4146.6000,1,2,3,1,1,1,1,3,2,1
SF,IF2002,2020-01-06 09:30:18.500,4144.0000,2903,1,101958540.000,1,1,0,双开,S,4144.8000,4142.0000,4141.6000,4141.4000,4140.8000,4145.0000,4145.8000,4146.0000,4146.6000,4147.0000,3,1,2,1,1,1,3,2,1,1
SF,IF2002,2020-01-06 09:30:19.000,4144.8000,2906,3,105688860.000,3,3,0,双开,S,4142.2000,4141.6000,4141.4000,4140.8000,4140.6000,4144.2000,4144.8000,4145.0000,4145.8000,4146.0000,1,2,1,1,1,2,13,1,3,2
SF,IF2002,2020-01-06 09:30:19.500,4144.8000,2906,0,105688860.000,0,-,-,-,-,4142.2000,4142.0000,4141.6000,4141.4000,4140.8000,4144.2000,4144.8000,4145.8000,4146.0000,4146.6000,1,1,2,1,1,1,12,3,2,1
SF,IF2002,2020-01-06 09:30:20.000,4144.8000,2906,0,105688860.000,0,-,-,-,-,4142.6000,4142.0000,4141.4000,4140.8000,4140.6000,4144.2000,4145.8000,4146.0000,4146.6000,4147.0000,2,1,1,1,1,1,3,2,1,1
SF,IF2002,2020-01-06 09:30:20.500,4144.8000,2906,0,105688860.000,0,-,-,-,-,4144.0000,4142.6000,4142.4000,4142.0000,4141.4000,4144.2000,4145.8000,4146.0000,4146.6000,4147.0000,4,2,1,1,1,1,3,2,1,1
SF,IF2002,2020-01-06 09:30:21.000,4144.2000,2905,-1,111904920.000,5,2,3,多平,S,4142.6000,4142.4000,4142.0000,4141.4000,4140.8000,4144.0000,4145.8000,4146.0000,4146.6000,4147.0000,2,1,1,1,1,4,3,2,1,1
SF,IF2002,2020-01-06 09:30:21.500,4144.2000,2905,0,111904920.000,0,-,-,-,-,4142.6000,4142.4000,4142.0000,4141.4000,4140.8000,4144.0000,4145.8000,4146.0000,4146.6000,4147.0000,2,1,1,1,1,4,3,2,1,1
SF,IF2002,2020-01-06 09:30:22.000,4144.2000,2905,0,111904920.000,0,-,-,-,-,4142.6000,4142.4000,4142.0000,4141.4000,4140.8000,4145.8000,4146.0000,4146.6000,4147.0000,4148.0000,2,1,1,1,1,3,2,1,1,1
SF,IF2002,2020-01-06 09:30:22.500,4144.2000,2905,0,111904920.000,0,-,-,-,-,4142.8000,4142.4000,4142.0000,4141.4000,4140.8000,4144.8000,4145.4000,4145.6000,4145.8000,4146.0000,1,1,1,1,1,1,1,3,3,2
SF,IF2002,2020-01-06 09:30:23.000,4144.2000,2905,0,111904920.000,0,-,-,-,-,4144.0000,4142.8000,4142.4000,4142.0000,4141.4000,4144.8000,4145.4000,4145.6000,4145.8000,4146.0000,1,1,1,1,1,1,1,3,3,2
SF,IF2002,2020-01-06 09:30:23.500,4144.0000,2904,-1,113148120.000,1,0,1,双平,S,4142.8000,4142.4000,4142.0000,4140.8000,4140.6000,4144.0000,4144.6000,4145.6000,4145.8000,4146.0000,1,1,1,1,1,6,1,3,3,2
SF,IF2002,2020-01-06 09:30:24.000,4144.0000,2904,0,113148120.000,0,-,-,-,-,4142.8000,4142.4000,4142.0000,4140.8000,4140.6000,4144.0000,4144.6000,4145.6000,4145.8000,4146.0000,1,1,1,1,1,2,1,2,3,2
SF,IF2002,2020-01-06 09:30:24.500,4144.0000,2904,0,113148120.000,0,-,-,-,-,4142.8000,4142.4000,4142.0000,4140.8000,4140.6000,4144.0000,4144.6000,4145.6000,4145.8000,4146.0000,1,1,1,1,1,2,1,2,3,2
SF,IF2002,2020-01-06 09:30:25.000,4144.0000,2904,0,113148120.000,0,-,-,-,-,4142.8000,4142.4000,4142.0000,4140.8000,4140.6000,4144.0000,4144.6000,4145.6000,4145.8000,4146.0000,1,1,1,1,1,2,1,2,3,2
SF,IF2002,2020-01-06 09:30:27.000,4144.0000,2904,0,113148120.000,0,-,-,-,-,4142.8000,4142.0000,4140.8000,4140.6000,4140.0000,4144.0000,4144.6000,4145.6000,4145.8000,4146.0000,1,1,1,1,1,2,1,2,3,2
SF,IF2002,2020-01-06 09:30:27.500,4142.8000,2904,0,114390960.000,1,0,1,多换,S,4142.0000,4140.8000,4140.6000,4140.0000,4139.0000,4144.0000,4144.6000,4145.6000,4145.8000,4146.0000,1,1,1,1,1,2,1,2,3,2
SF,IF2002,2020-01-06 09:30:28.000,4142.8000,2904,0,114390960.000,0,-,-,-,-,4142.0000,4140.8000,4140.6000,4140.0000,4139.0000,4144.0000,4145.6000,4145.8000,4146.0000,4146.6000,1,1,1,1,1,2,2,3,2,1
SF,IF2002,2020-01-06 09:30:29.000,4142.0000,2905,1,115633560.000,1,1,0,双开,S,4140.8000,4140.6000,4140.0000,4139.0000,4136.2000,4142.0000,4145.6000,4145.8000,4146.0000,4146.6000,1,1,1,1,1,1,2,3,2,1
SF,IF2002,2020-01-06 09:30:29.500,4142.0000,2905,0,116876160.000,1,0,1,多换,S,4142.0000,4141.2000,4140.8000,4140.0000,4139.0000,4145.6000,4145.8000,4146.0000,4146.6000,4147.0000,1,2,1,1,1,2,3,2,1,1
SF,IF2002,2020-01-06 09:30:30.000,4142.0000,2905,0,116876160.000,0,-,-,-,-,4142.2000,4142.0000,4141.2000,4140.8000,4140.0000,4145.2000,4145.6000,4145.8000,4146.0000,4146.6000,1,1,2,1,1,1,2,2,2,1
SF,IF2002,2020-01-06 09:30:30.500,4142.0000,2905,0,116876160.000,0,-,-,-,-,4142.2000,4142.0000,4141.2000,4140.8000,4140.0000,4144.6000,4145.0000,4145.2000,4145.4000,4145.6000,1,1,2,1,1,1,1,3,1,2
SF,IF2002,2020-01-06 09:30:31.000,4142.0000,2905,0,116876160.000,0,-,-,-,-,4142.0000,4141.2000,4140.8000,4140.0000,4139.0000,4144.2000,4144.4000,4144.6000,4145.0000,4145.2000,1,2,1,1,1,1,3,1,1,2
SF,IF2002,2020-01-06 09:30:31.500,4144.6000,2903,-2,120606180.000,3,0,3,多平,S,4142.0000,4141.2000,4140.8000,4140.0000,4139.0000,4145.0000,4145.2000,4145.4000,4145.6000,4145.8000,1,2,1,1,1,1,2,1,2,2
SF,IF2002,2020-01-06 09:30:32.000,4144.6000,2903,0,120606180.000,0,-,-,-,-,4142.2000,4142.0000,4141.2000,4140.8000,4140.0000,4144.8000,4145.0000,4145.2000,4145.4000,4145.6000,2,1,2,1,1,2,1,2,1,2
SF,IF2002,2020-01-06 09:30:33.000,4144.6000,2903,0,120606180.000,0,-,-,-,-,4142.2000,4142.0000,4141.2000,4140.8000,4140.0000,4145.2000,4145.4000,4145.6000,4145.8000,4146.0000,2,1,2,1,1,2,1,2,2,2
SF,IF2002,2020-01-06 09:30:33.500,4142.2000,2903,0,121848840.000,1,0,1,多换,S,4142.2000,4142.0000,4141.2000,4140.8000,4140.0000,4145.2000,4145.4000,4145.6000,4145.8000,4146.0000,1,1,2,1,1,2,1,2,2,2
SF,IF2002,2020-01-06 09:30:34.000,4142.2000,2903,0,121848840.000,0,-,-,-,-,4142.6000,4142.4000,4142.2000,4142.0000,4140.8000,4144.6000,4145.2000,4145.4000,4145.8000,4146.0000,2,1,1,1,1,2,2,1,2,2
SF,IF2002,2020-01-06 09:30:34.500,4142.2000,2903,0,121848840.000,0,-,-,-,-,4142.6000,4142.4000,4142.2000,4142.0000,4140.8000,4144.6000,4145.2000,4145.4000,4146.0000,4146.6000,3,1,1,1,1,1,2,1,2,1
SF,IF2002,2020-01-06 09:30:35.000,4144.6000,2902,-1,123092220.000,1,0,1,双平,S,4143.0000,4142.8000,4142.6000,4142.4000,4142.2000,4145.2000,4145.4000,4146.6000,4147.0000,4148.0000,1,1,3,1,1,2,1,1,1,1
SF,IF2002,2020-01-06 09:30:35.500,4144.6000,2902,0,123092220.000,0,-,-,-,-,4143.2000,4143.0000,4142.8000,4142.6000,4142.4000,4145.4000,4146.6000,4147.0000,4148.0000,4148.8000,2,1,2,1,1,1,1,1,1,1
SF,IF2002,2020-01-06 09:30:36.000,4144.6000,2902,0,123092220.000,0,-,-,-,-,4143.4000,4143.2000,4143.0000,4142.8000,4142.6000,4145.4000,4146.6000,4147.0000,4148.0000,4148.8000,1,2,1,1,1,1,1,1,1,1
SF,IF2002,2020-01-06 09:30:36.500,4144.6000,2902,0,123092220.000,0,-,-,-,-,4143.4000,4143.2000,4143.0000,4142.8000,4142.6000,4145.4000,4147.0000,4148.0000,4148.8000,4150.0000,2,2,1,1,1,1,1,1,1,5
SF,IF2002,2020-01-06 09:30:37.000,4144.6000,2902,0,123092220.000,0,-,-,-,-,4143.4000,4143.0000,4142.8000,4142.6000,4142.0000,4145.4000,4147.0000,4148.0000,4148.8000,4150.0000,2,1,1,1,1,1,1,1,1,5
SF,IF2002,2020-01-06 09:30:37.500,4144.6000,2902,0,123092220.000,0,-,-,-,-,4143.4000,4143.0000,4142.0000,4140.8000,4140.0000,4145.4000,4147.0000,4148.0000,4148.8000,4150.0000,2,1,1,1,1,1,1,1,1,5
SF,IF2002,2020-01-06 09:30:38.000,4144.6000,2902,0,123092220.000,0,-,-,-,-,4143.6000,4143.4000,4143.0000,4142.0000,4140.8000,4145.4000,4147.0000,4148.0000,4148.8000,4150.0000,2,2,1,1,1,1,1,1,1,5
SF,IF2002,2020-01-06 09:30:38.500,4144.6000,2902,0,123092220.000,0,-,-,-,-,4143.4000,4143.0000,4142.0000,4140.8000,4140.0000,4145.4000,4148.0000,4148.8000,4150.0000,4158.0000,2,1,1,1,1,1,1,1,5,1
SF,IF2002,2020-01-06 09:30:39.000,4144.6000,2902,0,123092220.000,0,-,-,-,-,4143.4000,4143.0000,4142.2000,4142.0000,4140.8000,4145.4000,4148.0000,4148.8000,4150.0000,4158.0000,2,1,1,1,1,1,1,1,5,1
SF,IF2002,2020-01-06 09:30:39.500,4144.6000,2902,0,123092220.000,0,-,-,-,-,4143.8000,4143.6000,4143.4000,4142.2000,4142.0000,4144.8000,4145.4000,4148.0000,4148.8000,4150.0000,1,1,1,1,1,5,1,1,1,5
SF,IF2002,2020-01-06 09:30:40.000,4144.8000,2901,-1,126822540.000,3,1,2,多平,S,4143.6000,4143.4000,4142.2000,4142.0000,4140.8000,4144.8000,4145.4000,4148.0000,4148.8000,4150.0000,2,1,1,1,1,2,1,1,1,5
SF,IF2002,2020-01-06 09:30:40.500,4144.0000,2898,-3,131795820.000,4,0,4,多平,S,4144.0000,4143.6000,4143.4000,4142.2000,4142.0000,4145.4000,4148.0000,4148.8000,4150.0000,4158.0000,1,2,1,1,1,1,1,1,5,1
SF,IF2002,2020-01-06 09:30:41.000,4145.4000,2899,1,133039440.000,1,1,0,双开,S,4144.4000,4144.2000,4144.0000,4143.8000,4143.6000,4148.0000,4148.8000,4150.0000,4158.0000,4165.0000,1,1,1,1,2,1,1,5,1,1
SF,IF2002,2020-01-06 09:30:41.500,4145.4000,2899,0,133039440.000,0,-,-,-,-,4144.4000,4144.2000,4144.0000,4143.6000,4142.0000,4147.6000,4147.8000,4148.0000,4148.8000,4150.0000,1,1,1,2,1,3,3,1,1,5
SF,IF2002,2020-01-06 09:30:42.000,4145.4000,2899,0,133039440.000,0,-,-,-,-,4144.6000,4144.4000,4144.0000,4143.6000,4142.0000,4147.8000,4148.8000,4155.0000,4158.0000,4165.0000,1,2,1,1,1,1,1,5,1,1
SF,IF2002,2020-01-06 09:30:42.500,4144.8000,2899,0,134282880.000,1,0,1,多换,S,4145.2000,4145.0000,4144.8000,4144.6000,4144.4000,4147.0000,4148.8000,4155.0000,4158.0000,4165.0000,1,1,1,2,1,1,1,5,1,1
SF,IF2002,2020-01-06 09:30:43.000,4147.0000,2898,-1,135526980.000,1,0,1,双平,S,4145.0000,4144.8000,4144.6000,4144.4000,4144.0000,4148.8000,4155.0000,4158.0000,4165.0000,4178.8000,1,1,2,1,1,1,5,1,1,1
SF,IF2002,2020-01-06 09:30:43.500,4147.0000,2898,0,135526980.000,0,-,-,-,-,4145.2000,4145.0000,4144.8000,4144.6000,4144.0000,4148.4000,4148.6000,4148.8000,4155.0000,4158.0000,1,1,1,2,1,3,1,1,5,1
SF,IF2002,2020-01-06 09:30:44.000,4148.4000,2899,1,138015960.000,2,1,1,空开,S,4145.2000,4145.0000,4144.8000,4144.0000,4142.0000,4148.4000,4148.6000,4148.8000,4155.0000,4158.0000,2,1,1,1,1,2,1,1,5,1
SF,IF2002,2020-01-06 09:30:44.500,4148.4000,2899,0,138015960.000,0,-,-,-,-,4145.4000,4145.2000,4145.0000,4144.0000,4143.6000,4148.4000,4148.8000,4155.0000,4158.0000,4165.0000,1,1,1,1,2,2,1,5,1,1
SF,IF2002,2020-01-06 09:30:45.000,4148.4000,2899,0,138015960.000,0,-,-,-,-,4145.6000,4145.4000,4145.2000,4145.0000,4144.0000,4148.2000,4148.4000,4148.8000,4155.0000,4158.0000,1,1,2,1,1,1,2,1,5,1
SF,IF2002,2020-01-06 09:30:45.500,4148.4000,2899,0,138015960.000,0,-,-,-,-,4145.6000,4145.4000,4145.2000,4145.0000,4144.0000,4147.8000,4148.0000,4148.2000,4148.8000,4155.0000,1,1,2,1,1,2,1,1,1,5
SF,IF2002,2020-01-06 09:30:46.000,4148.4000,2899,0,138015960.000,0,-,-,-,-,4145.6000,4145.4000,4145.2000,4145.0000,4144.0000,4147.6000,4147.8000,4148.8000,4155.0000,4158.0000,1,1,1,1,1,1,2,1,5,1
SF,IF2002,2020-01-06 09:30:46.500,4148.4000,2899,0,141749520.000,3,1,2,多换,S,4145.6000,4145.4000,4145.2000,4145.0000,4144.0000,4148.8000,4155.0000,4158.0000,4165.0000,4178.8000,1,1,1,1,1,1,5,1,1,1
SF,IF2002,2020-01-06 09:30:47.000,4148.4000,2899,0,141749520.000,0,-,-,-,-,4145.6000,4145.4000,4145.2000,4145.0000,4144.0000,4148.6000,4148.8000,4155.0000,4158.0000,4165.0000,1,1,1,1,1,1,1,5,1,1
SF,IF2002,2020-01-06 09:30:47.500,4148.4000,2899,0,141749520.000,0,-,-,-,-,4145.6000,4145.4000,4145.2000,4145.0000,4142.0000,4148.2000,4148.6000,4148.8000,4155.0000,4158.0000,1,1,1,1,1,1,1,1,5,1
SF,IF2002,2020-01-06 09:30:48.000,4148.4000,2899,0,141749520.000,0,-,-,-,-,4145.6000,4145.4000,4145.2000,4145.0000,4142.0000,4148.0000,4148.2000,4148.6000,4148.8000,4155.0000,1,1,1,1,1,1,1,1,1,5
SF,IF2002,2020-01-06 09:30:48.500,4148.4000,2899,0,141749520.000,0,-,-,-,-,4145.4000,4145.2000,4145.0000,4142.0000,4140.0000,4147.8000,4148.0000,4148.2000,4148.6000,4148.8000,1,1,1,1,1,2,1,1,1,1
SF,IF2002,2020-01-06 09:30:49.000,4148.4000,2899,0,141749520.000,0,-,-,-,-,4145.8000,4145.6000,4145.4000,4145.2000,4145.0000,4148.0000,4148.2000,4148.6000,4148.8000,4155.0000,1,1,1,1,1,1,1,1,1,5
SF,IF2002,2020-01-06 09:30:50.000,4148.4000,2899,0,141749520.000,0,-,-,-,-,4145.8000,4145.6000,4145.4000,4145.2000,4145.0000,4147.6000,4147.8000,4148.0000,4148.2000,4148.6000,1,1,1,1,1,1,1,1,1,1
SF,IF2002,2020-01-06 09:30:50.500,4148.4000,2899,0,141749520.000,0,-,-,-,-,4145.8000,4145.4000,4145.2000,4145.0000,4142.0000,4147.6000,4148.0000,4148.2000,4148.6000,4148.8000,1,1,1,1,1,6,1,1,1,1
SF,IF2002,2020-01-06 09:30:51.000,4147.6000,2899,0,142993800.000,1,0,1,多换,S,4146.0000,4145.8000,4145.4000,4145.0000,4142.0000,4147.6000,4148.0000,4148.6000,4148.8000,4155.0000,1,1,1,1,1,5,1,1,1,5
SF,IF2002,2020-01-06 09:30:51.500,4147.6000,2899,0,144238080.000,1,0,1,多换,S,4146.0000,4145.8000,4145.4000,4145.0000,4142.0000,4147.6000,4148.0000,4148.6000,4148.8000,4155.0000,1,1,1,1,1,4,1,2,1,5
SF,IF2002,2020-01-06 09:30:52.000,4147.6000,2899,0,144238080.000,0,-,-,-,-,4146.2000,4146.0000,4145.4000,4145.0000,4142.0000,4147.6000,4148.6000,4148.8000,4155.0000,4158.0000,1,1,1,1,1,4,2,1,5,1
SF,IF2002,2020-01-06 09:30:52.500,4147.6000,2898,-1,145482360.000,1,0,1,双平,S,4146.2000,4145.4000,4145.0000,4142.0000,4140.0000,4147.6000,4148.6000,4148.8000,4155.0000,4158.0000,1,1,1,1,1,3,1,1,5,1
SF,IF2002,2020-01-06 09:30:53.000,4147.6000,2898,0,145482360.000,0,-,-,-,-,4146.2000,4145.0000,4142.0000,4140.0000,4139.0000,4147.6000,4148.8000,4155.0000,4158.0000,4165.0000,2,1,1,1,1,3,1,5,1,1
SF,IF2002,2020-01-06 09:30:53.500,4147.6000,2898,0,145482360.000,0,-,-,-,-,4146.4000,4146.2000,4145.0000,4142.0000,4140.0000,4147.6000,4148.8000,4155.0000,4158.0000,4165.0000,1,2,1,1,1,3,1,5,1,1
SF,IF2002,2020-01-06 09:30:54.000,4146.6000,2897,-1,146726340.000,1,0,1,双平,S,4146.4000,4146.2000,4146.0000,4145.0000,4142.0000,4147.6000,4148.8000,4155.0000,4158.0000,4165.0000,1,2,1,1,1,3,1,5,1,1
SF,IF2002,2020-01-06 09:30:54.500,4146.6000,2897,0,146726340.000,0,-,-,-,-,4146.4000,4146.2000,4146.0000,4145.0000,4142.0000,4147.6000,4148.8000,4155.0000,4158.0000,4165.0000,1,2,1,1,1,3,1,5,1,1
SF,IF2002,2020-01-06 09:30:55.000,4146.6000,2897,0,146726340.000,0,-,-,-,-,4146.8000,4146.4000,4146.2000,4146.0000,4145.0000,4147.6000,4148.8000,4155.0000,4158.0000,4165.0000,2,1,1,1,1,3,1,5,1,1
SF,IF2002,2020-01-06 09:30:55.500,4146.6000,2897,0,146726340.000,0,-,-,-,-,4147.0000,4146.8000,4146.4000,4146.0000,4145.0000,4147.6000,4148.8000,4155.0000,4158.0000,4165.0000,1,1,1,1,1,3,1,5,1,1
SF,IF2002,2020-01-06 09:30:56.000,4146.8000,2896,-1,149214480.000,2,0,2,多平,S,4146.4000,4146.0000,4145.0000,4142.0000,4140.0000,4147.6000,4148.8000,4155.0000,4158.0000,4165.0000,1,1,1,1,1,3,1,5,1,1
SF,IF2002,2020-01-06 09:30:56.500,4146.4000,2896,0,150458400.000,1,0,1,多换,S,4146.0000,4145.0000,4142.0000,4140.0000,4139.0000,4147.6000,4148.8000,4155.0000,4158.0000,4165.0000,1,1,1,1,1,3,1,5,1,1
SF,IF2002,2020-01-06 09:30:57.000,4146.4000,2896,0,150458400.000,0,-,-,-,-,4146.0000,4145.0000,4142.0000,4140.0000,4139.0000,4147.2000,4147.6000,4148.8000,4155.0000,4158.0000,1,1,1,1,1,1,3,1,5,1
SF,IF2002,2020-01-06 09:30:57.500,4147.0000,2896,0,151702500.000,1,0,1,多换,S,4146.0000,4145.0000,4142.0000,4140.0000,4139.0000,4147.2000,4147.6000,4148.8000,4155.0000,4158.0000,1,1,1,1,1,1,3,1,5,1
SF,IF2002,2020-01-06 09:30:58.000,4147.0000,2896,0,152946600.000,1,0,1,多换,S,4146.0000,4145.0000,4142.0000,4140.0000,4139.0000,4147.2000,4147.6000,4148.8000,4155.0000,4158.0000,1,1,1,1,1,1,3,1,5,1
SF,IF2002,2020-01-06 09:30:58.500,4147.0000,2895,-1,154190700.000,1,0,1,双平,S,4146.0000,4145.0000,4142.0000,4140.0000,4139.0000,4147.6000,4148.8000,4155.0000,4158.0000,4165.0000,1,1,1,1,1,3,1,5,1,1
SF,IF2002,2020-01-06 09:30:59.000,4147.6000,2894,-1,155434980.000,1,0,1,双平,S,4146.0000,4145.0000,4142.0000,4140.0000,4139.0000,4147.6000,4148.8000,4155.0000,4158.0000,4165.0000,1,1,1,1,1,2,1,5,1,1
SF,IF2002,2020-01-06 09:30:59.500,4146.2000,2893,-1,156678840.000,1,0,1,双平,S,4146.0000,4145.0000,4142.0000,4140.0000,4139.0000,4147.6000,4148.8000,4155.0000,4158.0000,4165.0000,1,1,1,1,1,2,1,5,1,1
SF,IF2002,2020-01-06 09:31:00.000,4147.6000,2892,-1,157923120.000,1,0,1,双平,S,4146.0000,4142.0000,4140.0000,4139.0000,4138.0000,4147.6000,4148.8000,4155.0000,4158.0000,4165.0000,1,1,1,1,2,1,1,5,1,1
SF,IF2002,2020-01-06 09:31:00.500,4147.6000,2892,0,157923120.000,0,-,-,-,-,4146.0000,4142.0000,4140.0000,4139.0000,4138.0000,4147.6000,4148.8000,4155.0000,4158.0000,4165.0000,1,1,1,1,2,3,1,5,1,1
SF,IF2002,2020-01-06 09:31:01.000,4147.6000,2892,0,160411680.000,2,1,1,多换,S,4146.0000,4142.0000,4140.0000,4139.0000,4138.0000,4147.6000,4148.8000,4155.0000,4158.0000,4165.0000,1,1,1,1,2,3,1,5,1,1
SF,IF2002,2020-01-06 09:31:02.500,4146.0000,2891,-1,161655480.000,1,0,1,双平,S,4142.0000,4140.0000,4139.0000,4138.0000,4136.2000,4147.6000,4148.8000,4155.0000,4158.0000,4165.0000,1,1,1,2,1,3,1,5,1,1
SF,IF2002,2020-01-06 09:31:03.000,4146.0000,2891,0,161655480.000,0,-,-,-,-,4145.0000,4144.0000,4142.4000,4142.2000,4142.0000,4147.6000,4148.8000,4155.0000,4158.0000,4165.0000,1,2,4,2,1,3,1,5,1,1
SF,IF2002,2020-01-06 09:31:03.500,4146.0000,2891,0,161655480.000,0,-,-,-,-,4145.4000,4145.0000,4144.0000,4142.4000,4142.2000,4146.0000,4147.6000,4148.8000,4155.0000,4158.0000,3,1,2,1,2,1,3,1,5,1
SF,IF2002,2020-01-06 09:31:04.000,4146.0000,2890,-1,162899280.000,1,0,1,双平,S,4145.6000,4144.0000,4142.4000,4142.2000,4142.0000,4147.6000,4148.8000,4155.0000,4158.0000,4165.0000,2,1,1,2,1,1,1,5,1,1
SF,IF2002,2020-01-06 09:31:04.500,4146.0000,2890,0,162899280.000,0,-,-,-,-,4145.6000,4144.0000,4142.4000,4142.2000,4142.0000,4147.6000,4148.8000,4155.0000,4158.0000,4165.0000,2,1,1,1,1,1,1,5,1,1
SF,IF2002,2020-01-06 09:31:05.000,4146.0000,2890,0,162899280.000,0,-,-,-,-,4146.0000,4145.8000,4145.6000,4144.0000,4142.4000,4147.6000,4148.8000,4155.0000,4158.0000,4165.0000,1,1,2,1,1,1,1,5,1,1
SF,IF2002,2020-01-06 09:31:05.500,4146.0000,2890,0,162899280.000,0,-,-,-,-,4146.0000,4145.8000,4145.6000,4144.0000,4142.4000,4147.6000,4148.8000,4155.0000,4158.0000,4165.0000,2,1,2,1,1,1,1,5,1,1
SF,IF2002,2020-01-06 09:31:06.000,4146.0000,2890,0,162899280.000,0,-,-,-,-,4146.0000,4145.6000,4144.0000,4142.4000,4142.2000,4147.6000,4148.8000,4155.0000,4158.0000,4165.0000,2,2,1,1,1,6,1,5,1,1
SF,IF2002,2020-01-06 09:31:06.500,4146.0000,2890,0,162899280.000,0,-,-,-,-,4146.2000,4146.0000,4145.6000,4144.0000,4142.4000,4147.6000,4148.8000,4155.0000,4158.0000,4165.0000,1,1,1,1,1,6,1,5,1,1
SF,IF2002,2020-01-06 09:31:07.000,4146.0000,2890,0,162899280.000,0,-,-,-,-,4147.0000,4146.2000,4146.0000,4145.6000,4144.0000,4147.6000,4148.8000,4155.0000,4158.0000,4165.0000,1,1,1,1,1,6,1,5,1,1
SF,IF2002,2020-01-06 09:31:08.000,4147.6000,2889,-1,164143560.000,1,0,1,双平,S,4147.0000,4146.2000,4146.0000,4145.6000,4144.0000,4147.6000,4148.8000,4155.0000,4158.0000,4165.0000,1,1,1,1,1,5,1,5,1,1
SF,IF2002,2020-01-06 09:31:08.500,4147.6000,2887,-2,166632120.000,2,0,2,双平,S,4147.0000,4146.2000,4146.0000,4145.6000,4144.0000,4147.6000,4148.8000,4155.0000,4158.0000,4165.0000,1,1,1,1,1,3,1,5,1,1
SF,IF2002,2020-01-06 09:31:09.000,4147.6000,2887,0,167876400.000,1,0,1,多换,S,4147.2000,4147.0000,4146.0000,4144.0000,4142.4000,4147.6000,4148.8000,4155.0000,4158.0000,4165.0000,1,1,1,1,1,2,1,5,1,1
SF,IF2002,2020-01-06 09:31:09.500,4147.6000,2886,-1,170364960.000,2,0,2,多平,S,4147.2000,4147.0000,4146.0000,4144.0000,4142.4000,4148.8000,4155.0000,4158.0000,4165.0000,4178.8000,1,1,1,1,1,1,5,1,1,1
SF,IF2002,2020-01-06 09:31:10.000,4147.6000,2886,0,170364960.000,0,-,-,-,-,4147.2000,4147.0000,4146.0000,4144.0000,4142.4000,4148.8000,4155.0000,4158.0000,4165.0000,4178.8000,1,1,1,1,1,1,5,1,1,1
SF,IF2002,2020-01-06 09:31:10.500,4147.6000,2886,0,170364960.000,0,-,-,-,-,4147.2000,4147.0000,4146.0000,4144.0000,4142.4000,4148.8000,4155.0000,4158.0000,4165.0000,4178.8000,1,1,1,1,1,1,5,1,1,1
SF,IF2002,2020-01-06 09:31:11.500,4147.6000,2886,0,170364960.000,0,-,-,-,-,4147.2000,4147.0000,4146.0000,4144.0000,4142.4000,4148.8000,4155.0000,4158.0000,4165.0000,4178.8000,1,1,1,1,1,1,5,1,1,1
SF,IF2002,2020-01-06 09:31:12.000,4147.6000,2886,0,170364960.000,0,-,-,-,-,4147.2000,4147.0000,4146.0000,4144.0000,4142.4000,4148.8000,4155.0000,4158.0000,4165.0000,4178.8000,1,1,1,1,1,1,5,1,1,1
SF,IF2002,2020-01-06 09:31:12.500,4147.6000,2886,0,170364960.000,0,-,-,-,-,4147.4000,4147.2000,4147.0000,4146.0000,4144.0000,4148.8000,4155.0000,4158.0000,4165.0000,4178.8000,1,1,1,1,1,1,5,1,1,1
SF,IF2002,2020-01-06 09:31:13.000,4147.6000,2886,0,170364960.000,0,-,-,-,-,4147.2000,4147.0000,4146.0000,4144.0000,4142.4000,4148.8000,4155.0000,4158.0000,4165.0000,4178.8000,1,1,1,1,1,1,5,1,1,1
SF,IF2002,2020-01-06 09:31:15.000,4147.6000,2886,0,170364960.000,0,-,-,-,-,4147.2000,4147.0000,4146.0000,4144.0000,4142.4000,4148.2000,4148.8000,4155.0000,4158.0000,4165.0000,1,1,1,1,1,5,1,5,1,1
SF,IF2002,2020-01-06 09:31:15.500,4147.6000,2886,0,170364960.000,0,-,-,-,-,4147.0000,4146.0000,4144.0000,4142.4000,4142.2000,4148.2000,4148.8000,4155.0000,4158.0000,4165.0000,1,1,1,1,1,5,1,5,1,1
SF,IF2002,2020-01-06 09:31:16.000,4147.6000,2886,0,170364960.000,0,-,-,-,-,4147.0000,4146.0000,4144.0000,4142.4000,4142.2000,4148.2000,4148.8000,4155.0000,4158.0000,4165.0000,1,1,1,1,1,5,1,5,1,1
SF,IF2002,2020-01-06 09:31:20.500,4147.6000,2886,0,170364960.000,0,-,-,-,-,4147.2000,4147.0000,4146.0000,4144.0000,4142.4000,4148.2000,4148.8000,4155.0000,4158.0000,4165.0000,1,1,1,1,1,5,1,5,1,1
SF,IF2002,2020-01-06 09:31:21.500,4148.2000,2886,0,176587260.000,5,2,3,多换,S,4147.2000,4147.0000,4146.0000,4144.0000,4142.4000,4148.8000,4155.0000,4158.0000,4165.0000,4178.8000,2,1,1,1,1,1,5,1,1,1
SF,IF2002,2020-01-06 09:31:22.000,4148.2000,2886,0,176587260.000,0,-,-,-,-,4147.4000,4147.2000,4147.0000,4146.0000,4144.0000,4148.8000,4155.0000,4158.0000,4165.0000,4178.8000,1,2,1,1,1,1,5,1,1,1
SF,IF2002,2020-01-06 09:31:22.500,4148.2000,2886,0,176587260.000,0,-,-,-,-,4147.4000,4147.2000,4147.0000,4146.0000,4144.0000,4148.8000,4155.0000,4158.0000,4165.0000,4178.8000,1,2,1,1,1,1,5,1,1,1
SF,IF2002,2020-01-06 09:31:23.000,4148.2000,2886,0,176587260.000,0,-,-,-,-,4147.6000,4147.4000,4147.2000,4147.0000,4146.0000,4148.8000,4155.0000,4158.0000,4165.0000,4178.8000,1,1,2,1,1,1,5,1,1,1
SF,IF2002,2020-01-06 09:31:24.000,4148.2000,2886,0,176587260.000,0,-,-,-,-,4147.6000,4147.4000,4147.2000,4147.0000,4146.0000,4148.8000,4155.0000,4158.0000,4165.0000,4178.8000,1,1,1,2,1,1,5,1,1,1
SF,IF2002,2020-01-06 09:31:24.500,4147.8000,2886,0,179076240.000,2,1,1,多换,S,4147.8000,4147.6000,4147.2000,4147.0000,4146.0000,4155.0000,4158.0000,4165.0000,4178.8000,4179.6000,1,1,1,2,1,5,1,1,1,1
SF,IF2002,2020-01-06 09:31:25.000,4147.8000,2886,0,179076240.000,0,-,-,-,-,4148.0000,4147.8000,4147.6000,4147.2000,4147.0000,4151.2000,4151.6000,4151.8000,4152.2000,4152.4000,1,2,1,1,2,1,1,1,1,1
SF,IF2002,2020-01-06 09:31:25.500,4147.8000,2886,0,179076240.000,0,-,-,-,-,4148.0000,4147.8000,4147.6000,4147.2000,4147.0000,4151.0000,4151.2000,4151.6000,4151.8000,4152.2000,1,1,1,1,2,2,1,1,1,1
SF,IF2002,2020-01-06 09:31:26.000,4147.8000,2886,0,179076240.000,0,-,-,-,-,4148.2000,4148.0000,4147.8000,4147.6000,4147.2000,4148.4000,4151.0000,4151.2000,4151.6000,4151.8000,1,1,1,1,1,5,2,1,1,1
SF,IF2002,2020-01-06 09:31:26.500,4148.4000,2883,-3,182809800.000,3,0,3,双平,S,4148.2000,4148.0000,4147.8000,4147.6000,4147.2000,4148.4000,4151.0000,4151.2000,4151.8000,4152.2000,1,1,2,1,1,2,2,1,1,1
SF,IF2002,2020-01-06 09:31:27.000,4148.4000,2881,-2,185298840.000,2,0,2,双平,S,4148.2000,4148.0000,4147.8000,4147.6000,4147.2000,4151.0000,4151.2000,4151.8000,4152.2000,4152.4000,1,1,2,1,1,2,1,1,1,1
SF,IF2002,2020-01-06 09:31:27.500,4148.4000,2881,0,185298840.000,0,-,-,-,-,4149.0000,4148.4000,4148.0000,4147.8000,4147.6000,4151.0000,4151.2000,4151.8000,4152.2000,4152.4000,1,1,1,2,1,2,1,1,1,1
SF,IF2002,2020-01-06 09:31:28.000,4150.8000,2882,1,186544080.000,1,1,0,双开,S,4149.0000,4148.4000,4147.8000,4147.6000,4147.2000,4151.0000,4152.2000,4152.4000,4153.6000,4154.6000,1,1,2,1,2,2,1,1,1,4
SF,IF2002,2020-01-06 09:31:28.500,4150.8000,2882,0,186544080.000,0,-,-,-,-,4149.0000,4148.4000,4147.8000,4147.6000,4147.2000,4152.4000,4153.6000,4154.6000,4154.8000,4155.0000,1,1,2,1,2,1,1,4,2,5
SF,IF2002,2020-01-06 09:31:29.000,4150.8000,2882,0,186544080.000,0,-,-,-,-,4149.2000,4149.0000,4148.4000,4147.8000,4147.6000,4151.0000,4151.4000,4151.8000,4152.0000,4152.2000,1,1,1,2,1,1,1,1,1,2
SF,IF2002,2020-01-06 09:31:30.500,4150.8000,2882,0,186544080.000,0,-,-,-,-,4149.2000,4149.0000,4148.4000,4147.8000,4147.6000,4151.0000,4151.4000,4152.0000,4152.2000,4152.4000,1,1,1,2,1,2,1,1,2,1
SF,IF2002,2020-01-06 09:31:31.000,4150.8000,2882,0,186544080.000,0,-,-,-,-,4149.2000,4149.0000,4148.8000,4148.4000,4147.8000,4151.0000,4152.2000,4152.4000,4153.6000,4154.6000,1,1,1,1,2,2,2,1,1,1
SF,IF2002,2020-01-06 09:31:32.000,4149.2000,2882,0,187788840.000,1,0,1,多换,S,4149.0000,4148.8000,4148.4000,4147.8000,4147.6000,4150.6000,4151.0000,4152.2000,4152.4000,4153.6000,1,1,1,2,1,1,2,2,1,1
SF,IF2002,2020-01-06 09:31:32.500,4149.2000,2882,0,187788840.000,0,-,-,-,-,4149.0000,4148.8000,4148.4000,4147.8000,4147.6000,4153.6000,4154.6000,4154.8000,4155.0000,4158.0000,1,1,1,2,1,1,1,2,5,1
SF,IF2002,2020-01-06 09:31:33.000,4149.2000,2882,0,187788840.000,0,-,-,-,-,4149.0000,4148.8000,4148.4000,4147.8000,4147.6000,4150.0000,4152.2000,4152.4000,4152.8000,4153.0000,1,1,1,2,1,5,1,1,1,1
SF,IF2002,2020-01-06 09:31:33.500,4149.2000,2882,0,187788840.000,0,-,-,-,-,4149.6000,4149.2000,4149.0000,4148.8000,4148.4000,4150.0000,4151.8000,4152.2000,4152.8000,4153.4000,1,1,1,1,1,5,1,1,1,2
SF,IF2002,2020-01-06 09:31:34.000,4149.2000,2882,0,187788840.000,0,-,-,-,-,4149.6000,4149.2000,4149.0000,4148.8000,4148.4000,4150.0000,4151.8000,4153.4000,4153.6000,4154.6000,1,1,1,1,1,5,1,2,1,1
SF,IF2002,2020-01-06 09:31:34.500,4149.2000,2882,0,187788840.000,0,-,-,-,-,4149.6000,4149.2000,4149.0000,4148.8000,4148.4000,4150.0000,4151.8000,4153.4000,4153.6000,4154.6000,1,1,1,1,1,5,1,2,1,1
SF,IF2002,2020-01-06 09:31:35.000,4150.0000,2881,-1,189033840.000,1,0,1,双平,S,4149.6000,4149.2000,4149.0000,4148.8000,4148.4000,4150.0000,4151.8000,4153.4000,4153.6000,4154.6000,1,1,1,1,1,4,1,2,1,1
SF,IF2002,2020-01-06 09:31:35.500,4150.0000,2880,-1,191523840.000,2,0,2,多平,S,4149.8000,4149.2000,4148.4000,4147.8000,4147.6000,4150.0000,4151.8000,4153.4000,4153.6000,4154.8000,1,1,1,2,1,2,1,2,1,2
SF,IF2002,2020-01-06 09:31:36.000,4150.0000,2878,-2,194013840.000,2,0,2,双平,S,4149.8000,4149.2000,4148.4000,4147.8000,4147.6000,4153.4000,4153.6000,4154.8000,4155.0000,4158.0000,1,1,1,2,1,2,1,2,5,1
SF,IF2002,2020-01-06 09:31:36.500,4150.0000,2878,0,194013840.000,0,-,-,-,-,4149.8000,4149.2000,4148.4000,4147.8000,4147.6000,4151.8000,4152.4000,4153.0000,4153.2000,4153.4000,1,1,1,2,1,1,1,1,1,2
SF,IF2002,2020-01-06 09:31:37.000,4150.0000,2878,0,194013840.000,0,-,-,-,-,4149.8000,4149.2000,4148.4000,4147.8000,4147.6000,4151.8000,4153.0000,4153.2000,4153.4000,4153.6000,1,1,1,2,1,1,1,1,2,1
SF,IF2002,2020-01-06 09:31:37.500,4150.0000,2878,0,194013840.000,0,-,-,-,-,4149.8000,4147.8000,4147.6000,4147.4000,4147.2000,4151.6000,4151.8000,4153.0000,4153.2000,4153.4000,1,2,1,1,1,1,1,1,1,2
SF,IF2002,2020-01-06 09:31:38.000,4150.0000,2878,0,194013840.000,0,-,-,-,-,4147.8000,4147.6000,4147.4000,4147.2000,4147.0000,4151.6000,4151.8000,4153.0000,4153.4000,4153.6000,2,1,1,1,1,1,1,1,2,1
SF,IF2002,2020-01-06 09:31:38.500,4150.0000,2878,0,194013840.000,0,-,-,-,-,4148.4000,4148.2000,4147.8000,4147.6000,4147.4000,4151.6000,4153.0000,4153.4000,4153.6000,4154.8000,1,3,1,1,1,1,1,2,1,2
SF,IF2002,2020-01-06 09:31:39.000,4150.0000,2878,0,194013840.000,0,-,-,-,-,4148.6000,4148.4000,4147.8000,4147.6000,4147.4000,4153.4000,4153.6000,4154.8000,4155.0000,4158.0000,5,1,1,1,1,2,1,2,5,1
SF,IF2002,2020-01-06 09:31:39.500,4150.0000,2878,0,194013840.000,0,-,-,-,-,4148.6000,4147.8000,4147.6000,4147.4000,4147.2000,4152.0000,4152.4000,4152.6000,4153.2000,4153.4000,5,1,1,1,1,1,1,1,2,2
SF,IF2002,2020-01-06 09:31:40.000,4150.0000,2878,0,194013840.000,0,-,-,-,-,4148.6000,4147.8000,4147.6000,4147.2000,4147.0000,4151.6000,4152.4000,4153.2000,4153.4000,4153.6000,5,1,1,1,1,1,1,2,2,1
SF,IF2002,2020-01-06 09:31:40.500,4150.0000,2878,0,194013840.000,0,-,-,-,-,4148.6000,4147.8000,4147.6000,4147.2000,4147.0000,4151.4000,4151.6000,4152.4000,4153.2000,4153.4000,5,1,1,1,1,5,1,1,2,2
SF,IF2002,2020-01-06 09:31:41.000,4150.0000,2878,0,194013840.000,0,-,-,-,-,4150.0000,4148.6000,4147.8000,4147.6000,4147.2000,4151.4000,4151.6000,4152.4000,4153.2000,4153.4000,1,2,1,1,1,5,1,1,1,2
SF,IF2002,2020-01-06 09:31:41.500,4150.0000,2878,0,194013840.000,0,-,-,-,-,4150.0000,4148.6000,4147.8000,4147.6000,4147.2000,4151.4000,4152.4000,4153.4000,4153.6000,4154.8000,1,2,1,1,1,5,1,2,1,2
SF,IF2002,2020-01-06 09:31:42.000,4151.2000,2878,0,195259200.000,1,0,1,多换,S,4150.0000,4148.6000,4147.8000,4147.6000,4147.2000,4151.4000,4152.4000,4153.4000,4153.6000,4154.8000,1,2,1,1,1,5,1,2,1,2
SF,IF2002,2020-01-06 09:31:42.500,4151.2000,2878,0,195259200.000,0,-,-,-,-,4150.0000,4148.6000,4147.8000,4147.6000,4147.2000,4151.4000,4152.4000,4153.4000,4153.6000,4154.8000,1,2,1,1,1,5,1,2,1,2
SF,IF2002,2020-01-06 09:31:43.000,4150.0000,2879,1,196504200.000,1,1,0,双开,S,4148.6000,4147.8000,4147.6000,4147.2000,4147.0000,4151.4000,4152.4000,4153.4000,4153.6000,4154.8000,2,1,1,1,1,5,1,2,1,2
SF,IF2002,2020-01-06 09:31:44.000,4151.4000,2878,-1,197749620.000,1,0,1,双平,S,4148.6000,4147.8000,4147.6000,4147.2000,4147.0000,4151.4000,4153.4000,4153.6000,4154.8000,4155.0000,2,1,1,1,1,4,2,1,2,5
SF,IF2002,2020-01-06 09:31:44.500,4151.4000,2878,0,197749620.000,0,-,-,-,-,4149.2000,4148.8000,4148.6000,4147.8000,4147.6000,4151.4000,4153.4000,4153.6000,4154.8000,4155.0000,1,3,1,1,1,4,2,1,2,5
SF,IF2002,2020-01-06 09:31:45.000,4151.4000,2878,0,197749620.000,0,-,-,-,-,4149.4000,4149.2000,4148.8000,4148.6000,4147.8000,4151.4000,4153.4000,4153.6000,4154.8000,4155.0000,1,1,4,1,1,4,2,1,2,5
SF,IF2002,2020-01-06 09:31:45.500,4151.4000,2878,0,197749620.000,0,-,-,-,-,4149.6000,4149.4000,4149.2000,4148.8000,4148.6000,4151.4000,4153.4000,4153.6000,4154.8000,4155.0000,1,2,1,4,1,4,2,1,2,5
SF,IF2002,2020-01-06 09:31:46.000,4151.4000,2878,0,197749620.000,0,-,-,-,-,4149.8000,4149.6000,4149.4000,4149.2000,4148.8000,4151.4000,4153.4000,4153.6000,4154.8000,4155.0000,1,2,2,1,4,4,2,1,2,5
SF,IF2002,2020-01-06 09:31:46.500,4151.4000,2878,0,197749620.000,0,-,-,-,-,4149.8000,4149.6000,4149.4000,4149.2000,4148.8000,4151.4000,4153.4000,4153.6000,4154.8000,4158.0000,1,2,2,1,3,4,2,1,2,1
SF,IF2002,2020-01-06 09:31:47.000,4151.4000,2878,0,197749620.000,0,-,-,-,-,4150.2000,4149.8000,4149.6000,4149.4000,4149.2000,4151.4000,4153.4000,4153.6000,4154.8000,4158.0000,1,1,2,2,1,4,2,1,2,1
SF,IF2002,2020-01-06 09:31:47.500,4151.4000,2878,0,197749620.000,0,-,-,-,-,4150.2000,4149.8000,4149.6000,4149.4000,4149.2000,4151.4000,4154.8000,4158.0000,4160.0000,4165.0000,1,1,2,2,1,4,2,1,5,1
SF,IF2002,2020-01-06 09:31:48.500,4151.4000,2878,0,197749620.000,0,-,-,-,-,4150.4000,4150.2000,4149.8000,4149.6000,4149.4000,4151.4000,4154.8000,4158.0000,4160.0000,4165.0000,4,1,1,2,2,4,2,1,5,1
SF,IF2002,2020-01-06 09:31:49.000,4151.4000,2876,-2,200240460.000,2,0,2,双平,S,4150.4000,4150.2000,4149.8000,4149.6000,4149.4000,4151.4000,4154.8000,4158.0000,4160.0000,4165.0000,1,1,1,2,2,2,2,1,5,1
SF,IF2002,2020-01-06 09:31:51.500,4151.4000,2876,0,200240460.000,0,-,-,-,-,4150.4000,4150.2000,4149.8000,4149.6000,4149.4000,4151.4000,4154.8000,4158.0000,4160.0000,4165.0000,1,1,1,1,2,2,2,1,5,1
SF,IF2002,2020-01-06 09:31:52.000,4150.4000,2876,0,201485580.000,1,0,1,多换,S,4150.2000,4149.8000,4149.4000,4149.2000,4148.6000,4151.4000,4154.8000,4158.0000,4160.0000,4165.0000,1,1,2,2,1,2,2,1,5,1
SF,IF2002,2020-01-06 09:31:54.000,4151.4000,2874,-2,203976420.000,2,0,2,双平,S,4150.2000,4149.8000,4149.4000,4149.2000,4148.6000,4154.8000,4158.0000,4160.0000,4165.0000,4178.8000,1,1,1,2,1,2,1,5,1,1
SF,IF2002,2020-01-06 09:31:54.500,4151.4000,2874,0,203976420.000,0,-,-,-,-,4150.2000,4149.8000,4149.4000,4149.2000,4148.6000,4153.0000,4153.6000,4154.0000,4154.2000,4154.4000,1,1,1,1,1,1,1,1,1,3
SF,IF2002,2020-01-06 09:31:55.000,4151.4000,2874,0,203976420.000,0,-,-,-,-,4150.2000,4149.8000,4149.4000,4149.2000,4148.6000,4152.8000,4153.0000,4153.6000,4154.0000,4154.2000,1,1,1,1,1,1,1,1,1,1
SF,IF2002,2020-01-06 09:31:55.500,4151.4000,2874,0,203976420.000,0,-,-,-,-,4150.2000,4149.8000,4149.4000,4149.2000,4148.6000,4152.6000,4153.0000,4153.6000,4154.2000,4154.6000,1,1,1,1,1,1,1,1,1,2
SF,IF2002,2020-01-06 09:31:56.000,4150.2000,2874,0,205221480.000,1,0,1,多换,S,4149.8000,4149.4000,4149.2000,4148.6000,4147.8000,4152.0000,4152.4000,4152.6000,4153.6000,4154.2000,1,1,1,1,1,1,4,1,1,1
SF,IF2002,2020-01-06 09:31:57.000,4150.2000,2874,0,205221480.000,0,-,-,-,-,4149.4000,4149.2000,4148.6000,4147.8000,4147.2000,4151.8000,4152.0000,4152.4000,4152.6000,4153.6000,1,1,1,1,1,1,1,4,1,1
SF,IF2002,2020-01-06 09:31:57.500,4150.2000,2874,0,205221480.000,0,-,-,-,-,4149.2000,4148.6000,4147.8000,4147.2000,4147.0000,4151.4000,4151.8000,4152.0000,4152.4000,4152.6000,1,1,1,1,1,1,1,1,4,1
SF,IF2002,2020-01-06 09:31:58.000,4150.2000,2874,0,205221480.000,0,-,-,-,-,4149.2000,4148.6000,4147.8000,4147.2000,4147.0000,4151.4000,4151.8000,4152.0000,4152.4000,4152.6000,1,1,1,1,1,1,1,1,4,1
SF,IF2002,2020-01-06 09:31:58.500,4150.2000,2874,0,205221480.000,0,-,-,-,-,4149.2000,4148.6000,4147.8000,4147.2000,4147.0000,4151.2000,4151.4000,4151.8000,4152.0000,4152.4000,1,1,1,1,1,1,1,1,1,4
SF,IF2002,2020-01-06 09:31:59.000,4150.2000,2874,0,205221480.000,0,-,-,-,-,4149.2000,4148.6000,4147.8000,4147.2000,4147.0000,4151.2000,4151.4000,4151.6000,4152.0000,4152.4000,1,1,1,1,1,1,1,4,1,4
SF,IF2002,2020-01-06 09:31:59.500,4150.2000,2874,0,205221480.000,0,-,-,-,-,4149.2000,4148.6000,4147.8000,4147.2000,4147.0000,4151.0000,4151.4000,4151.6000,4152.0000,4152.4000,1,1,1,1,1,1,1,4,1,4
SF,IF2002,2020-01-06 09:32:00.500,4150.2000,2874,0,205221480.000,0,-,-,-,-,4149.2000,4148.6000,4147.8000,4147.2000,4147.0000,4151.0000,4151.6000,4152.0000,4152.4000,4153.6000,1,1,1,1,1,3,4,1,4,1
SF,IF2002,2020-01-06 09:32:01.000,4150.2000,2874,0,205221480.000,0,-,-,-,-,4149.2000,4148.6000,4147.8000,4147.2000,4147.0000,4151.0000,4151.6000,4152.0000,4152.4000,4153.6000,1,1,1,1,1,2,4,1,4,1
SF,IF2002,2020-01-06 09:32:01.500,4150.2000,2874,0,205221480.000,0,-,-,-,-,4149.2000,4148.6000,4147.8000,4147.2000,4147.0000,4150.8000,4151.0000,4151.6000,4152.0000,4152.4000,1,1,1,1,1,1,2,4,1,4
SF,IF2002,2020-01-06 09:32:02.500,4149.2000,2874,0,206466240.000,1,0,1,多换,S,4148.6000,4147.8000,4147.2000,4147.0000,4142.4000,4150.8000,4151.0000,4151.6000,4152.0000,4152.4000,1,1,1,1,1,1,2,4,1,4
SF,IF2002,2020-01-06 09:32:03.000,4149.2000,2874,0,206466240.000,0,-,-,-,-,4147.8000,4147.2000,4147.0000,4142.4000,4140.0000,4150.8000,4151.0000,4151.6000,4152.0000,4152.4000,1,1,1,1,7,1,2,4,1,4
SF,IF2002,2020-01-06 09:32:03.500,4149.2000,2874,0,206466240.000,0,-,-,-,-,4147.8000,4147.2000,4147.0000,4142.4000,4140.0000,4150.4000,4150.8000,4151.0000,4151.6000,4152.4000,1,1,1,1,7,1,1,2,4,4
SF,IF2002,2020-01-06 09:32:04.000,4149.2000,2874,0,206466240.000,0,-,-,-,-,4147.8000,4147.2000,4147.0000,4142.4000,4140.0000,4150.2000,4150.4000,4150.8000,4151.0000,4151.6000,1,1,1,1,7,1,1,1,2,4
SF,IF2002,2020-01-06 09:32:05.000,4149.2000,2874,0,206466240.000,0,-,-,-,-,4148.2000,4147.2000,4147.0000,4142.4000,4140.0000,4150.0000,4150.2000,4150.4000,4150.8000,4151.0000,1,1,1,1,7,1,1,1,1,2
SF,IF2002,2020-01-06 09:32:05.500,4149.2000,2874,0,206466240.000,0,-,-,-,-,4148.2000,4147.2000,4147.0000,4142.4000,4140.0000,4149.8000,4150.0000,4150.2000,4150.4000,4150.8000,1,1,1,1,7,1,1,1,1,1
SF,IF2002,2020-01-06 09:32:06.000,4148.2000,2873,-1,207710700.000,1,0,1,双平,S,4147.2000,4147.0000,4142.4000,4140.0000,4139.0000,4149.8000,4150.2000,4150.4000,4150.8000,4151.0000,1,1,1,7,1,1,1,1,1,2
SF,IF2002,2020-01-06 09:32:06.500,4148.2000,2873,0,207710700.000,0,-,-,-,-,4147.2000,4147.0000,4142.4000,4140.0000,4139.0000,4149.8000,4150.2000,4150.4000,4150.8000,4151.0000,1,1,1,7,1,1,1,1,1,2
SF,IF2002,2020-01-06 09:32:08.000,4148.2000,2873,0,207710700.000,0,-,-,-,-,4147.6000,4147.2000,4147.0000,4142.4000,4140.0000,4149.8000,4150.2000,4150.4000,4150.8000,4151.0000,1,1,1,1,7,1,1,1,1,2
SF,IF2002,2020-01-06 09:32:08.500,4148.2000,2873,0,207710700.000,0,-,-,-,-,4147.2000,4147.0000,4142.4000,4140.0000,4139.0000,4149.6000,4149.8000,4150.2000,4150.4000,4150.8000,1,1,1,7,1,3,1,1,1,1
SF,IF2002,2020-01-06 09:32:09.000,4148.2000,2873,0,207710700.000,0,-,-,-,-,4147.2000,4147.0000,4142.4000,4140.0000,4139.0000,4149.0000,4149.4000,4149.6000,4149.8000,4150.2000,1,1,1,7,1,1,1,3,1,1
SF,IF2002,2020-01-06 09:32:09.500,4148.2000,2873,0,207710700.000,0,-,-,-,-,4147.2000,4147.0000,4142.4000,4140.0000,4139.0000,4149.0000,4149.4000,4149.6000,4149.8000,4150.2000,1,1,1,7,1,1,1,3,1,1
SF,IF2002,2020-01-06 09:32:10.000,4148.2000,2873,0,207710700.000,0,-,-,-,-,4147.2000,4147.0000,4142.4000,4140.0000,4139.0000,4149.0000,4149.4000,4149.8000,4151.0000,4151.6000,1,1,1,7,1,1,1,1,2,4
SF,IF2002,2020-01-06 09:32:10.500,4148.2000,2873,0,207710700.000,0,-,-,-,-,4147.4000,4147.2000,4147.0000,4142.4000,4140.0000,4149.0000,4149.4000,4151.0000,4151.6000,4152.4000,1,1,1,1,7,1,1,2,4,2
SF,IF2002,2020-01-06 09:32:11.000,4148.2000,2873,0,207710700.000,0,-,-,-,-,4147.4000,4147.2000,4147.0000,4142.4000,4140.0000,4149.0000,4149.4000,4151.0000,4151.6000,4152.4000,1,1,1,1,7,1,1,2,4,2
SF,IF2002,2020-01-06 09:32:11.500,4148.2000,2873,0,207710700.000,0,-,-,-,-,4147.4000,4147.2000,4147.0000,4142.4000,4140.0000,4149.0000,4151.0000,4151.6000,4152.4000,4153.6000,1,1,1,1,7,1,2,4,2,1
SF,IF2002,2020-01-06 09:32:12.000,4147.4000,2873,0,208954920.000,1,0,1,多换,S,4147.2000,4147.0000,4142.4000,4140.0000,4139.0000,4149.0000,4151.0000,4151.6000,4152.4000,4153.6000,1,1,1,7,1,1,2,4,2,1
SF,IF2002,2020-01-06 09:32:12.500,4147.4000,2873,0,208954920.000,0,-,-,-,-,4147.2000,4147.0000,4142.4000,4140.0000,4139.0000,4148.6000,4148.8000,4151.0000,4151.6000,4152.4000,1,1,1,7,1,1,3,2,4,2
SF,IF2002,2020-01-06 09:32:13.000,4147.4000,2873,0,208954920.000,0,-,-,-,-,4147.2000,4147.0000,4142.4000,4140.0000,4139.0000,4148.8000,4151.0000,4151.6000,4152.4000,4153.6000,1,1,1,7,1,2,2,4,2,1
SF,IF2002,2020-01-06 09:32:13.500,4147.4000,2873,0,208954920.000,0,-,-,-,-,4147.2000,4147.0000,4142.4000,4140.0000,4139.0000,4148.8000,4151.0000,4151.6000,4152.4000,4153.6000,1,1,1,7,1,1,2,4,2,1
SF,IF2002,2020-01-06 09:32:14.000,4147.4000,2873,0,208954920.000,0,-,-,-,-,4147.2000,4147.0000,4142.4000,4140.0000,4139.0000,4148.8000,4151.0000,4151.6000,4152.4000,4153.6000,1,1,1,7,1,1,2,4,2,1
SF,IF2002,2020-01-06 09:32:16.000,4147.2000,2874,1,210199080.000,1,1,0,双开,S,4147.0000,4142.4000,4140.0000,4139.0000,4138.0000,4148.8000,4151.0000,4151.6000,4152.4000,4153.6000,1,1,7,1,2,1,2,4,2,1
SF,IF2002,2020-01-06 09:32:16.500,4147.2000,2874,0,210199080.000,0,-,-,-,-,4147.2000,4147.0000,4142.4000,4140.0000,4139.0000,4151.0000,4151.6000,4152.4000,4153.6000,4154.2000,1,1,1,7,1,2,4,2,1,1
SF,IF2002,2020-01-06 09:32:17.000,4147.2000,2874,0,210199080.000,0,-,-,-,-,4147.0000,4142.4000,4140.0000,4139.0000,4138.0000,4150.0000,4150.8000,4151.0000,4151.6000,4152.4000,1,1,7,1,2,1,4,2,4,2
SF,IF2002,2020-01-06 09:32:17.500,4147.2000,2874,0,210199080.000,0,-,-,-,-,4147.2000,4147.0000,4142.4000,4140.0000,4139.0000,4150.0000,4150.8000,4151.0000,4151.6000,4152.4000,4,1,1,7,1,1,4,2,4,2
SF,IF2002,2020-01-06 09:32:18.000,4147.2000,2874,0,210199080.000,0,-,-,-,-,4147.2000,4147.0000,4142.4000,4140.0000,4139.0000,4149.6000,4149.8000,4150.8000,4151.0000,4151.6000,1,1,1,7,1,1,1,4,2,4
SF,IF2002,2020-01-06 09:32:18.500,4147.2000,2874,0,210199080.000,0,-,-,-,-,4147.4000,4147.2000,4147.0000,4142.4000,4140.0000,4149.4000,4149.6000,4149.8000,4150.8000,4151.0000,3,1,1,1,7,1,1,1,3,2
SF,IF2002,2020-01-06 09:32:19.000,4147.2000,2874,0,210199080.000,0,-,-,-,-,4147.6000,4147.4000,4147.0000,4142.4000,4140.0000,4149.4000,4151.0000,4151.6000,4152.4000,4153.6000,1,3,1,1,7,1,2,4,2,1
SF,IF2002,2020-01-06 09:32:19.500,4147.2000,2874,0,210199080.000,0,-,-,-,-,4147.0000,4142.4000,4140.0000,4139.0000,4138.0000,4151.0000,4151.6000,4152.4000,4153.6000,4154.2000,1,1,7,1,2,2,4,2,1,1
SF,IF2002,2020-01-06 09:32:20.000,4147.2000,2874,0,210199080.000,0,-,-,-,-,4148.8000,4147.8000,4147.0000,4142.4000,4140.0000,4150.0000,4150.8000,4151.0000,4151.6000,4152.4000,1,1,1,1,7,1,4,2,4,2
SF,IF2002,2020-01-06 09:32:20.500,4148.6000,2874,0,211443660.000,1,0,1,多换,S,4147.0000,4142.4000,4140.0000,4139.0000,4138.0000,4150.8000,4151.0000,4151.6000,4152.4000,4153.6000,1,1,7,1,2,3,2,4,2,1
SF,IF2002,2020-01-06 09:32:21.000,4148.6000,2874,0,211443660.000,0,-,-,-,-,4147.0000,4142.4000,4140.0000,4139.0000,4138.0000,4148.8000,4149.6000,4150.6000,4150.8000,4151.0000,1,1,7,1,2,2,1,1,3,2
SF,IF2002,2020-01-06 09:32:21.500,4148.6000,2874,0,211443660.000,0,-,-,-,-,4147.2000,4147.0000,4142.4000,4140.0000,4139.0000,4148.8000,4149.6000,4150.8000,4151.0000,4151.6000,1,1,1,7,1,2,1,2,2,4
SF,IF2002,2020-01-06 09:32:23.000,4148.6000,2874,0,211443660.000,0,-,-,-,-,4147.4000,4147.2000,4147.0000,4142.4000,4140.0000,4148.8000,4150.8000,4151.0000,4151.6000,4152.4000,3,1,1,1,7,2,2,2,4,2
SF,IF2002,2020-01-06 09:32:23.500,4148.8000,2874,0,213932940.000,2,1,1,多换,S,4147.4000,4147.2000,4147.0000,4142.4000,4140.0000,4151.0000,4151.6000,4152.4000,4153.6000,4154.2000,3,1,1,1,7,2,4,2,1,1
SF,IF2002,2020-01-06 09:32:24.000,4148.8000,2874,0,213932940.000,0,-,-,-,-,4147.4000,4147.2000,4147.0000,4142.4000,4140.0000,4150.8000,4151.0000,4151.6000,4152.4000,4153.6000,3,1,1,1,7,1,2,4,2,1
SF,IF2002,2020-01-06 09:32:24.500,4148.8000,2874,0,213932940.000,0,-,-,-,-,4147.8000,4147.4000,4147.2000,4147.0000,4142.4000,4150.8000,4151.0000,4151.6000,4152.4000,4153.6000,1,3,1,1,1,1,2,4,2,1
SF,IF2002,2020-01-06 09:32:25.500,4148.8000,2874,0,213932940.000,0,-,-,-,-,4147.8000,4147.4000,4147.2000,4147.0000,4142.4000,4150.6000,4150.8000,4151.0000,4151.6000,4152.4000,1,3,1,1,1,1,1,2,4,2
SF,IF2002,2020-01-06 09:32:26.500,4150.6000,2874,0,215178120.000,1,0,1,多换,S,4147.8000,4147.4000,4147.2000,4147.0000,4142.4000,4150.8000,4151.0000,4151.6000,4152.4000,4153.6000,1,3,1,1,1,1,2,4,2,1
SF,IF2002,2020-01-06 09:32:27.000,4150.6000,2874,0,215178120.000,0,-,-,-,-,4148.0000,4147.8000,4147.2000,4147.0000,4142.4000,4150.6000,4151.0000,4151.6000,4152.4000,4153.6000,4,1,1,1,1,1,2,4,2,1
SF,IF2002,2020-01-06 09:32:27.500,4150.6000,2874,0,215178120.000,0,-,-,-,-,4147.8000,4147.2000,4147.0000,4142.4000,4140.0000,4150.6000,4151.0000,4151.6000,4152.4000,4153.6000,1,1,1,1,7,1,2,4,2,1
SF,IF2002,2020-01-06 09:32:28.000,4150.6000,2874,0,215178120.000,0,-,-,-,-,4148.0000,4147.2000,4147.0000,4142.4000,4140.0000,4150.6000,4151.0000,4151.6000,4152.4000,4153.6000,3,1,1,1,7,1,2,4,2,1
SF,IF2002,2020-01-06 09:32:28.500,4150.6000,2874,0,215178120.000,0,-,-,-,-,4148.2000,4147.2000,4147.0000,4142.4000,4140.0000,4150.4000,4150.6000,4151.0000,4151.6000,4152.4000,1,1,1,1,7,1,1,2,4,2
SF,IF2002,2020-01-06 09:32:29.000,4150.6000,2874,0,215178120.000,0,-,-,-,-,4148.2000,4147.2000,4147.0000,4142.4000,4140.0000,4150.4000,4151.0000,4151.6000,4152.4000,4153.6000,2,1,1,1,7,1,2,4,2,1
SF,IF2002,2020-01-06 09:32:30.500,4150.6000,2874,0,215178120.000,0,-,-,-,-,4148.2000,4147.2000,4147.0000,4142.4000,4140.0000,4150.4000,4151.6000,4152.4000,4153.6000,4154.2000,1,1,1,1,7,1,4,2,1,1
SF,IF2002,2020-01-06 09:32:31.000,4150.6000,2874,0,215178120.000,0,-,-,-,-,4148.2000,4147.2000,4147.0000,4142.4000,4140.0000,4150.2000,4150.4000,4151.6000,4152.4000,4153.6000,1,1,1,1,7,1,3,4,2,1
SF,IF2002,2020-01-06 09:32:31.500,4150.6000,2874,0,215178120.000,0,-,-,-,-,4147.2000,4147.0000,4142.4000,4140.0000,4139.0000,4150.0000,4150.2000,4150.4000,4151.6000,4152.4000,1,1,1,7,1,1,1,2,4,2
SF,IF2002,2020-01-06 09:32:32.000,4150.6000,2874,0,215178120.000,0,-,-,-,-,4147.0000,4142.4000,4140.0000,4139.0000,4138.0000,4149.8000,4150.0000,4150.2000,4150.4000,4151.6000,1,1,7,1,2,1,1,1,2,4
SF,IF2002,2020-01-06 09:32:32.500,4150.6000,2874,0,215178120.000,0,-,-,-,-,4147.0000,4142.4000,4140.0000,4139.0000,4138.0000,4149.6000,4149.8000,4150.2000,4150.4000,4151.6000,1,1,7,1,2,1,1,1,2,4
SF,IF2002,2020-01-06 09:32:33.000,4150.6000,2874,0,215178120.000,0,-,-,-,-,4147.0000,4142.4000,4140.0000,4139.0000,4138.0000,4149.4000,4149.6000,4149.8000,4150.2000,4150.4000,1,1,7,1,2,2,1,1,1,2
SF,IF2002,2020-01-06 09:32:33.500,4150.6000,2874,0,215178120.000,0,-,-,-,-,4147.0000,4142.4000,4140.0000,4139.0000,4138.0000,4149.2000,4149.4000,4149.8000,4150.4000,4151.6000,1,1,7,1,2,1,2,1,2,4
SF,IF2002,2020-01-06 09:32:34.000,4150.6000,2874,0,215178120.000,0,-,-,-,-,4147.0000,4142.4000,4140.0000,4139.0000,4138.0000,4149.0000,4149.2000,4149.4000,4149.8000,4150.4000,1,1,7,1,2,2,1,1,1,2
SF,IF2002,2020-01-06 09:32:34.500,4150.6000,2874,0,215178120.000,0,-,-,-,-,4147.0000,4142.4000,4140.0000,4139.0000,4138.0000,4149.0000,4149.2000,4149.4000,4150.4000,4151.6000,1,1,7,1,2,2,1,1,2,4
SF,IF2002,2020-01-06 09:32:35.000,4150.6000,2874,0,215178120.000,0,-,-,-,-,4147.0000,4142.4000,4140.0000,4139.0000,4138.0000,4149.0000,4149.2000,4150.4000,4151.6000,4152.4000,1,1,7,1,2,1,1,2,4,2
SF,IF2002,2020-01-06 09:32:35.500,4150.0000,2874,0,216423120.000,1,0,1,多换,S,4147.0000,4142.4000,4140.0000,4139.0000,4138.0000,4149.2000,4150.4000,4151.6000,4152.4000,4153.6000,1,1,7,1,2,1,2,4,2,1
SF,IF2002,2020-01-06 09:32:36.000,4150.0000,2874,0,216423120.000,0,-,-,-,-,4147.2000,4147.0000,4142.4000,4140.0000,4139.0000,4149.2000,4150.4000,4151.6000,4152.4000,4153.6000,1,1,1,7,1,1,2,4,2,1
SF,IF2002,2020-01-06 09:32:39.500,4149.2000,2873,-1,217667880.000,1,0,1,双平,S,4147.2000,4147.0000,4142.4000,4140.0000,4139.0000,4150.4000,4151.6000,4152.4000,4153.6000,4154.2000,1,1,1,7,1,2,4,2,1,1
SF,IF2002,2020-01-06 09:32:40.000,4149.2000,2873,0,217667880.000,0,-,-,-,-,4147.2000,4147.0000,4142.4000,4140.0000,4139.0000,4149.8000,4150.2000,4150.4000,4151.6000,4152.4000,1,1,1,7,1,1,3,2,4,2
SF,IF2002,2020-01-06 09:32:40.500,4149.2000,2873,0,217667880.000,0,-,-,-,-,4147.2000,4147.0000,4142.4000,4140.0000,4139.0000,4149.8000,4150.2000,4150.4000,4151.6000,4152.4000,1,1,1,7,1,1,2,2,4,2
SF,IF2002,2020-01-06 09:32:41.000,4149.2000,2873,0,217667880.000,0,-,-,-,-,4147.4000,4147.2000,4147.0000,4142.4000,4140.0000,4149.6000,4149.8000,4150.2000,4150.4000,4151.6000,1,1,1,1,7,1,1,2,2,4
SF,IF2002,2020-01-06 09:32:41.500,4149.2000,2873,0,217667880.000,0,-,-,-,-,4147.6000,4147.2000,4147.0000,4142.4000,4140.0000,4149.6000,4149.8000,4150.4000,4151.6000,4152.2000,1,1,1,1,7,1,1,2,4,1
SF,IF2002,2020-01-06 09:32:42.000,4149.2000,2873,0,217667880.000,0,-,-,-,-,4147.6000,4147.2000,4147.0000,4142.4000,4140.0000,4149.6000,4150.4000,4151.6000,4152.2000,4152.4000,1,1,1,1,7,1,2,4,1,2
SF,IF2002,2020-01-06 09:32:42.500,4149.2000,2873,0,217667880.000,0,-,-,-,-,4147.6000,4147.2000,4147.0000,4142.4000,4140.0000,4149.6000,4150.4000,4151.6000,4152.2000,4152.4000,1,2,1,1,7,1,2,4,1,2
SF,IF2002,2020-01-06 09:32:43.000,4149.2000,2873,0,217667880.000,0,-,-,-,-,4147.6000,4147.2000,4147.0000,4142.4000,4140.0000,4149.6000,4150.4000,4151.6000,4152.2000,4152.4000,1,2,1,1,8,1,2,4,1,2
SF,IF2002,2020-01-06 09:32:43.500,4149.2000,2873,0,217667880.000,0,-,-,-,-,4147.6000,4147.2000,4147.0000,4142.4000,4140.0000,4149.6000,4150.4000,4151.6000,4152.2000,4152.4000,1,1,1,1,8,1,2,4,1,2
SF,IF2002,2020-01-06 09:32:44.000,4149.2000,2873,0,217667880.000,0,-,-,-,-,4147.6000,4147.2000,4147.0000,4142.4000,4140.0000,4150.4000,4151.6000,4152.2000,4152.4000,4153.6000,1,1,1,1,8,2,4,1,2,1
SF,IF2002,2020-01-06 09:32:44.500,4149.2000,2873,0,217667880.000,0,-,-,-,-,4147.6000,4147.2000,4147.0000,4142.4000,4140.0000,4149.8000,4150.2000,4150.4000,4151.6000,4152.2000,1,1,1,1,8,1,3,2,4,1
SF,IF2002,2020-01-06 09:32:45.000,4149.6000,2874,1,218912760.000,1,1,0,双开,S,4147.6000,4147.0000,4142.4000,4140.0000,4139.0000,4149.6000,4149.8000,4150.2000,4150.4000,4151.6000,1,1,1,8,1,1,1,2,2,4
SF,IF2002,2020-01-06 09:32:45.500,4149.6000,2874,0,218912760.000,0,-,-,-,-,4147.0000,4142.4000,4140.0000,4139.0000,4138.0000,4149.6000,4149.8000,4150.2000,4150.4000,4151.6000,1,1,8,1,2,1,1,2,2,4
SF,IF2002,2020-01-06 09:32:46.000,4149.6000,2874,0,218912760.000,0,-,-,-,-,4147.0000,4142.4000,4140.0000,4139.0000,4138.0000,4149.4000,4149.6000,4149.8000,4150.2000,4150.4000,1,1,8,1,2,1,1,1,2,2
SF,IF2002,2020-01-06 09:32:46.500,4149.6000,2874,0,218912760.000,0,-,-,-,-,4147.0000,4142.4000,4140.0000,4139.0000,4138.0000,4149.2000,4149.4000,4149.8000,4150.2000,4150.4000,1,1,8,1,2,1,1,1,2,2
SF,IF2002,2020-01-06 09:32:47.000,4149.6000,2874,0,218912760.000,0,-,-,-,-,4147.0000,4142.4000,4140.0000,4139.0000,4138.0000,4149.0000,4149.2000,4149.4000,4149.8000,4150.2000,1,1,8,1,2,1,1,1,1,2
SF,IF2002,2020-01-06 09:32:47.500,4149.6000,2874,0,218912760.000,0,-,-,-,-,4147.0000,4142.4000,4140.0000,4139.0000,4138.0000,4149.0000,4149.2000,4149.4000,4149.8000,4150.2000,1,1,8,1,2,1,1,1,1,2
SF,IF2002,2020-01-06 09:32:48.000,4149.6000,2874,0,218912760.000,0,-,-,-,-,4147.0000,4142.4000,4140.0000,4139.0000,4138.0000,4149.0000,4149.2000,4149.4000,4149.8000,4150.2000,1,1,8,1,2,1,1,1,1,2
SF,IF2002,2020-01-06 09:32:48.500,4149.6000,2874,0,218912760.000,0,-,-,-,-,4147.0000,4142.4000,4140.0000,4139.0000,4138.0000,4149.0000,4149.4000,4149.8000,4150.2000,4150.4000,1,1,8,1,2,1,1,1,1,2
SF,IF2002,2020-01-06 09:32:49.000,4149.6000,2874,0,218912760.000,0,-,-,-,-,4147.2000,4147.0000,4142.4000,4140.0000,4139.0000,4149.0000,4149.8000,4150.2000,4150.4000,4151.6000,1,1,1,8,1,1,1,1,2,4
SF,IF2002,2020-01-06 09:32:49.500,4149.6000,2874,0,218912760.000,0,-,-,-,-,4147.2000,4147.0000,4142.4000,4140.0000,4139.0000,4149.8000,4150.2000,4150.4000,4151.6000,4152.2000,1,1,1,8,1,1,1,2,4,1
SF,IF2002,2020-01-06 09:32:50.000,4149.6000,2874,0,218912760.000,0,-,-,-,-,4147.4000,4147.0000,4142.4000,4140.0000,4139.0000,4149.8000,4150.2000,4150.4000,4151.6000,4152.2000,2,1,1,8,1,1,1,2,4,1
SF,IF2002,2020-01-06 09:32:50.500,4149.6000,2874,0,218912760.000,0,-,-,-,-,4147.4000,4147.0000,4142.4000,4140.0000,4139.0000,4149.6000,4149.8000,4150.2000,4150.4000,4151.6000,2,1,1,8,1,1,1,1,2,4
SF,IF2002,2020-01-06 09:32:51.000,4149.6000,2874,0,218912760.000,0,-,-,-,-,4147.4000,4147.0000,4142.4000,4140.0000,4139.0000,4149.4000,4149.6000,4149.8000,4150.2000,4150.4000,1,1,1,8,1,1,2,1,1,2
SF,IF2002,2020-01-06 09:32:51.500,4149.6000,2874,0,218912760.000,0,-,-,-,-,4147.6000,4147.0000,4142.4000,4140.0000,4139.0000,4149.4000,4149.6000,4149.8000,4150.2000,4150.4000,1,1,1,8,1,1,2,1,1,2
SF,IF2002,2020-01-06 09:32:52.000,4149.6000,2874,0,218912760.000,0,-,-,-,-,4147.0000,4142.4000,4140.0000,4139.0000,4138.0000,4149.4000,4149.6000,4149.8000,4150.2000,4150.4000,1,1,8,1,2,1,2,1,1,2
SF,IF2002,2020-01-06 09:32:52.500,4149.6000,2874,0,218912760.000,0,-,-,-,-,4147.2000,4147.0000,4142.4000,4140.0000,4139.0000,4149.6000,4149.8000,4150.2000,4150.4000,4151.6000,1,1,1,8,1,1,1,1,2,4
SF,IF2002,2020-01-06 09:32:53.000,4149.6000,2874,0,218912760.000,0,-,-,-,-,4147.2000,4147.0000,4142.4000,4140.0000,4139.0000,4149.4000,4149.6000,4149.8000,4150.2000,4150.4000,1,1,1,8,1,1,1,1,1,2
SF,IF2002,2020-01-06 09:32:53.500,4149.6000,2874,0,218912760.000,0,-,-,-,-,4147.2000,4147.0000,4142.4000,4140.0000,4139.0000,4149.2000,4149.6000,4149.8000,4150.2000,4150.4000,1,1,1,8,1,1,1,1,1,2
SF,IF2002,2020-01-06 09:32:54.500,4149.6000,2874,0,218912760.000,0,-,-,-,-,4147.2000,4147.0000,4142.4000,4140.0000,4139.0000,4149.6000,4149.8000,4150.2000,4150.4000,4151.6000,1,1,1,8,1,1,1,1,2,4
SF,IF2002,2020-01-06 09:32:55.000,4149.6000,2874,0,218912760.000,0,-,-,-,-,4147.0000,4142.4000,4140.0000,4139.0000,4138.0000,4149.4000,4149.6000,4149.8000,4150.2000,4150.4000,1,1,8,1,2,1,1,1,1,2
SF,IF2002,2020-01-06 09:32:56.000,4149.6000,2874,0,218912760.000,0,-,-,-,-,4147.2000,4147.0000,4142.4000,4140.0000,4139.0000,4149.6000,4149.8000,4150.2000,4150.4000,4151.6000,1,1,1,8,1,1,1,1,2,4
SF,IF2002,2020-01-06 09:32:57.000,4149.6000,2874,0,218912760.000,0,-,-,-,-,4147.6000,4147.2000,4147.0000,4142.4000,4140.0000,4149.6000,4149.8000,4150.4000,4151.6000,4152.2000,1,1,1,1,8,1,1,2,4,1
SF,IF2002,2020-01-06 09:32:57.500,4149.6000,2874,0,218912760.000,0,-,-,-,-,4147.8000,4147.6000,4147.2000,4147.0000,4142.4000,4149.8000,4150.4000,4151.6000,4152.2000,4152.4000,1,1,1,1,1,1,2,4,1,2
SF,IF2002,2020-01-06 09:32:58.500,4147.8000,2874,0,220157100.000,1,0,1,多换,S,4147.6000,4147.2000,4147.0000,4142.4000,4140.0000,4149.8000,4150.4000,4151.6000,4152.2000,4152.4000,1,1,1,1,7,1,2,4,1,2
SF,IF2002,2020-01-06 09:32:59.000,4147.8000,2874,0,220157100.000,0,-,-,-,-,4147.8000,4147.6000,4147.2000,4147.0000,4142.4000,4150.4000,4151.6000,4152.2000,4152.4000,4153.6000,2,1,1,1,1,2,4,1,2,1
SF,IF2002,2020-01-06 09:33:00.000,4147.8000,2874,0,220157100.000,0,-,-,-,-,4148.0000,4147.8000,4147.6000,4147.2000,4147.0000,4150.4000,4151.6000,4152.2000,4152.4000,4153.6000,1,1,1,1,1,2,4,1,2,1
SF,IF2002,2020-01-06 09:33:00.500,4147.8000,2874,0,220157100.000,0,-,-,-,-,4148.2000,4148.0000,4147.8000,4147.6000,4147.2000,4150.4000,4151.6000,4152.2000,4152.4000,4153.6000,1,1,1,1,1,2,4,1,2,1
SF,IF2002,2020-01-06 09:33:01.000,4147.8000,2874,0,220157100.000,0,-,-,-,-,4148.2000,4147.8000,4147.6000,4147.2000,4147.0000,4150.2000,4150.4000,4151.6000,4152.2000,4152.4000,1,1,1,1,1,1,2,4,1,2
SF,IF2002,2020-01-06 09:33:01.500,4148.2000,2874,0,221401560.000,1,0,1,多换,S,4148.4000,4147.8000,4147.6000,4147.0000,4142.4000,4150.2000,4150.4000,4151.6000,4152.2000,4152.4000,1,1,1,1,1,1,2,4,1,2
SF,IF2002,2020-01-06 09:33:02.000,4148.2000,2874,0,221401560.000,0,-,-,-,-,4148.4000,4147.6000,4147.0000,4142.4000,4140.0000,4150.0000,4150.2000,4150.4000,4151.6000,4152.2000,1,1,1,1,7,1,1,2,4,1
SF,IF2002,2020-01-06 09:33:02.500,4148.2000,2874,0,221401560.000,0,-,-,-,-,4147.6000,4147.0000,4142.4000,4140.0000,4139.0000,4149.8000,4150.0000,4150.4000,4151.6000,4152.2000,1,1,1,7,1,1,1,2,4,1
SF,IF2002,2020-01-06 09:33:03.000,4148.2000,2874,0,221401560.000,0,-,-,-,-,4147.8000,4147.6000,4147.0000,4142.4000,4140.0000,4150.4000,4151.6000,4152.2000,4152.4000,4153.6000,1,1,1,1,7,2,4,1,2,1
SF,IF2002,2020-01-06 09:33:03.500,4148.2000,2874,0,221401560.000,0,-,-,-,-,4148.0000,4147.8000,4147.6000,4147.0000,4142.4000,4150.4000,4151.6000,4152.2000,4152.4000,4153.6000,1,2,1,1,1,2,4,1,2,1
SF,IF2002,2020-01-06 09:33:04.000,4148.2000,2874,0,221401560.000,0,-,-,-,-,4148.0000,4147.8000,4147.6000,4147.0000,4142.4000,4150.4000,4151.6000,4152.2000,4152.4000,4153.6000,1,2,1,1,1,2,4,1,2,1
SF,IF2002,2020-01-06 09:33:04.500,4150.4000,2877,3,225136860.000,3,3,0,双开,S,4150.4000,4148.6000,4148.2000,4148.0000,4147.8000,4151.6000,4152.2000,4152.4000,4153.6000,4154.2000,2,1,1,1,1,4,1,2,1,1
SF,IF2002,2020-01-06 09:33:05.000,4150.4000,2877,0,227627100.000,2,1,1,多换,S,4148.6000,4148.2000,4147.8000,4147.6000,4147.0000,4149.6000,4150.0000,4150.4000,4151.4000,4151.6000,1,1,1,1,1,1,1,4,1,6
SF,IF2002,2020-01-06 09:33:05.500,4148.2000,2876,-1,230116140.000,2,0,2,多平,S,4147.8000,4147.6000,4147.0000,4142.4000,4140.0000,4149.4000,4150.4000,4151.4000,4151.6000,4152.2000,1,1,1,1,7,1,3,1,6,1
SF,IF2002,2020-01-06 09:33:06.000,4149.4000,2876,0,231360960.000,1,0,1,多换,S,4149.0000,4148.0000,4147.6000,4147.0000,4142.4000,4150.4000,4151.4000,4151.6000,4152.2000,4152.4000,1,1,1,1,1,3,1,6,1,2
SF,IF2002,2020-01-06 09:33:06.500,4149.4000,2876,0,231360960.000,0,-,-,-,-,4147.6000,4147.0000,4142.4000,4140.0000,4139.0000,4150.4000,4151.4000,4151.6000,4152.2000,4152.4000,1,1,1,7,1,3,1,6,1,2
SF,IF2002,2020-01-06 09:33:07.000,4149.4000,2876,0,231360960.000,0,-,-,-,-,4148.4000,4147.8000,4147.6000,4147.0000,4142.4000,4150.4000,4151.4000,4151.6000,4152.2000,4152.4000,1,2,1,1,1,3,1,6,1,2
SF,IF2002,2020-01-06 09:33:07.500,4149.4000,2876,0,231360960.000,0,-,-,-,-,4148.4000,4147.8000,4147.6000,4147.0000,4142.4000,4150.4000,4151.4000,4151.6000,4152.2000,4152.4000,1,1,1,1,1,3,1,6,1,2
SF,IF2002,2020-01-06 09:33:08.000,4149.4000,2876,0,231360960.000,0,-,-,-,-,4148.4000,4147.6000,4147.0000,4142.4000,4140.0000,4150.2000,4150.4000,4151.4000,4151.6000,4152.2000,1,1,1,1,7,2,3,1,6,1
SF,IF2002,2020-01-06 09:33:08.500,4149.4000,2876,0,231360960.000,0,-,-,-,-,4148.4000,4148.0000,4147.6000,4147.0000,4142.4000,4150.2000,4150.4000,4151.4000,4151.6000,4152.2000,1,1,1,1,1,2,3,1,6,1
SF,IF2002,2020-01-06 09:33:09.000,4149.4000,2876,0,231360960.000,0,-,-,-,-,4147.6000,4147.0000,4142.4000,4140.0000,4139.0000,4150.2000,4150.4000,4151.4000,4151.6000,4152.2000,1,1,1,7,1,2,3,1,6,1
SF,IF2002,2020-01-06 09:33:09.500,4149.4000,2876,0,231360960.000,0,-,-,-,-,4148.0000,4147.6000,4147.0000,4142.4000,4140.0000,4150.2000,4150.4000,4151.4000,4151.6000,4152.2000,1,1,1,1,7,2,1,1,6,1
SF,IF2002,2020-01-06 09:33:10.000,4148.0000,2876,0,232605360.000,1,0,1,多换,S,4147.6000,4147.0000,4142.4000,4140.0000,4139.0000,4148.0000,4150.2000,4150.4000,4151.4000,4151.6000,1,1,1,7,1,1,1,1,1,6
SF,IF2002,2020-01-06 09:33:10.500,4148.0000,2876,0,233849760.000,1,0,1,多换,S,4148.0000,4147.8000,4147.6000,4147.0000,4142.4000,4150.2000,4150.4000,4151.4000,4151.6000,4152.4000,1,1,1,1,1,1,1,1,6,2
SF,IF2002,2020-01-06 09:33:11.000,4148.0000,2875,-1,235094160.000,1,0,1,双平,S,4147.6000,4147.4000,4147.0000,4142.4000,4140.0000,4150.0000,4150.2000,4150.4000,4151.4000,4151.6000,1,1,1,1,7,3,1,1,1,6
SF,IF2002,2020-01-06 09:33:11.500,4148.0000,2875,0,235094160.000,0,-,-,-,-,4147.6000,4147.0000,4142.4000,4140.0000,4139.0000,4149.8000,4150.0000,4150.2000,4150.4000,4151.4000,1,1,1,7,1,1,3,1,1,1
SF,IF2002,2020-01-06 09:33:12.000,4148.0000,2875,0,235094160.000,0,-,-,-,-,4147.6000,4147.0000,4142.4000,4140.0000,4139.0000,4149.4000,4149.6000,4149.8000,4150.0000,4150.4000,1,1,1,7,1,1,3,1,2,1
SF,IF2002,2020-01-06 09:33:12.500,4148.0000,2875,0,235094160.000,0,-,-,-,-,4147.6000,4147.0000,4142.4000,4140.0000,4139.0000,4149.2000,4149.4000,4149.6000,4149.8000,4150.0000,1,1,1,7,1,1,1,2,1,2
SF,IF2002,2020-01-06 09:33:13.000,4147.6000,2875,0,236338440.000,1,0,1,多换,S,4147.0000,4142.4000,4140.0000,4139.0000,4138.0000,4149.2000,4149.4000,4149.6000,4150.0000,4150.4000,1,1,7,1,2,1,1,2,2,1
SF,IF2002,2020-01-06 09:33:13.500,4147.6000,2875,0,236338440.000,0,-,-,-,-,4147.0000,4142.4000,4140.0000,4139.0000,4138.0000,4149.0000,4149.2000,4149.4000,4149.6000,4150.0000,1,1,7,1,2,1,1,1,2,2
SF,IF2002,2020-01-06 09:33:14.000,4147.6000,2875,0,236338440.000,0,-,-,-,-,4147.0000,4142.4000,4140.0000,4139.0000,4138.0000,4149.0000,4149.2000,4149.4000,4149.6000,4150.0000,1,1,7,1,2,1,1,1,2,2
SF,IF2002,2020-01-06 09:33:14.500,4147.6000,2875,0,236338440.000,0,-,-,-,-,4147.0000,4145.0000,4142.4000,4140.0000,4139.0000,4149.0000,4149.4000,4149.6000,4150.0000,4150.4000,1,2,1,7,1,1,1,2,2,1
SF,IF2002,2020-01-06 09:33:15.500,4149.0000,2875,0,237583140.000,1,0,1,多换,S,4147.0000,4145.0000,4142.4000,4140.0000,4139.0000,4149.4000,4149.6000,4150.0000,4150.4000,4151.4000,1,2,1,7,1,1,2,2,1,1
SF,IF2002,2020-01-06 09:33:16.000,4149.0000,2875,0,237583140.000,0,-,-,-,-,4147.0000,4145.0000,4142.4000,4140.0000,4139.0000,4149.2000,4149.4000,4149.6000,4150.0000,4150.4000,1,2,1,7,1,3,1,2,2,1
SF,IF2002,2020-01-06 09:33:16.500,4149.0000,2875,0,237583140.000,0,-,-,-,-,4147.0000,4145.0000,4142.4000,4140.0000,4139.0000,4148.6000,4149.2000,4149.4000,4149.6000,4150.0000,1,2,1,7,1,1,3,1,2,2
SF,IF2002,2020-01-06 09:33:17.000,4147.0000,2875,0,238827240.000,1,0,1,多换,S,4145.0000,4142.4000,4140.0000,4139.0000,4138.0000,4148.6000,4149.6000,4150.0000,4150.4000,4151.4000,2,1,7,1,2,1,2,1,1,1
SF,IF2002,2020-01-06 09:33:17.500,4147.0000,2875,0,238827240.000,0,-,-,-,-,4145.4000,4145.2000,4145.0000,4142.4000,4140.0000,4148.6000,4149.6000,4150.0000,4150.4000,4151.4000,4,4,2,1,7,1,2,1,1,1
SF,IF2002,2020-01-06 09:33:18.000,4147.0000,2875,0,238827240.000,0,-,-,-,-,4145.6000,4145.4000,4145.2000,4145.0000,4142.4000,4148.6000,4149.6000,4150.0000,4150.4000,4151.4000,4,1,3,2,1,1,2,1,1,1
SF,IF2002,2020-01-06 09:33:18.500,4147.0000,2875,0,238827240.000,0,-,-,-,-,4145.8000,4145.6000,4145.4000,4145.2000,4145.0000,4147.0000,4148.6000,4149.6000,4150.0000,4150.4000,1,1,1,2,2,2,1,2,1,1
SF,IF2002,2020-01-06 09:33:19.000,4147.0000,2874,-1,241315440.000,2,0,2,多平,S,4147.0000,4146.2000,4146.0000,4145.8000,4145.0000,4148.6000,4149.6000,4150.0000,4150.4000,4151.4000,1,1,1,1,2,1,1,1,1,1
SF,IF2002,2020-01-06 09:33:19.500,4147.0000,2874,0,241315440.000,0,-,-,-,-,4146.2000,4146.0000,4145.8000,4145.0000,4142.4000,4147.0000,4148.6000,4149.6000,4150.0000,4150.4000,1,1,1,2,1,2,1,1,1,1
SF,IF2002,2020-01-06 09:33:20.000,4147.0000,2874,0,243803640.000,2,1,1,多换,S,4147.0000,4146.2000,4146.0000,4145.8000,4145.0000,4148.6000,4150.0000,4150.4000,4151.4000,4151.6000,1,1,1,1,2,1,1,1,1,6
SF,IF2002,2020-01-06 09:33:21.000,4147.0000,2874,0,243803640.000,0,-,-,-,-,4146.2000,4145.8000,4145.0000,4142.4000,4140.0000,4148.6000,4150.0000,4150.4000,4151.4000,4151.6000,1,1,2,1,7,1,1,1,1,6
SF,IF2002,2020-01-06 09:33:21.500,4147.0000,2874,0,243803640.000,0,-,-,-,-,4146.4000,4146.2000,4145.8000,4145.0000,4142.4000,4148.6000,4150.0000,4150.4000,4151.4000,4151.6000,2,1,1,2,1,1,1,1,1,6
SF,IF2002,2020-01-06 09:33:22.500,4148.6000,2874,0,245048220.000,1,0,1,多换,S,4146.4000,4146.2000,4145.8000,4145.0000,4142.4000,4150.0000,4150.4000,4151.4000,4151.6000,4152.4000,1,1,1,2,1,1,1,1,6,2
SF,IF2002,2020-01-06 09:33:23.000,4148.6000,2874,0,245048220.000,0,-,-,-,-,4146.6000,4146.4000,4145.8000,4145.0000,4142.4000,4150.0000,4150.4000,4151.4000,4151.6000,4152.4000,1,1,1,2,1,1,1,1,6,2
SF,IF2002,2020-01-06 09:33:23.500,4148.6000,2874,0,245048220.000,0,-,-,-,-,4147.0000,4146.8000,4146.6000,4145.8000,4145.0000,4150.0000,4150.4000,4151.4000,4151.6000,4152.4000,1,1,1,1,2,1,1,1,6,2
SF,IF2002,2020-01-06 09:33:24.000,4148.6000,2874,0,245048220.000,0,-,-,-,-,4147.2000,4147.0000,4146.6000,4145.8000,4145.0000,4150.4000,4151.4000,4151.6000,4152.4000,4153.6000,2,2,3,1,2,1,1,6,2,1
SF,IF2002,2020-01-06 09:33:24.500,4148.6000,2874,0,245048220.000,0,-,-,-,-,4147.2000,4147.0000,4145.8000,4145.0000,4142.4000,4150.4000,4151.4000,4151.6000,4152.4000,4153.6000,3,2,1,2,1,1,1,6,2,1
SF,IF2002,2020-01-06 09:33:25.000,4148.6000,2874,0,245048220.000,0,-,-,-,-,4147.6000,4147.2000,4147.0000,4145.0000,4142.4000,4150.2000,4150.4000,4151.4000,4151.6000,4152.4000,1,1,2,2,1,3,1,1,6,2
SF,IF2002,2020-01-06 09:33:25.500,4148.6000,2874,0,245048220.000,0,-,-,-,-,4147.0000,4145.0000,4142.4000,4140.0000,4139.0000,4150.2000,4151.4000,4151.6000,4152.4000,4153.6000,1,2,1,7,1,3,1,6,2,1
SF,IF2002,2020-01-06 09:33:26.000,4148.6000,2874,0,245048220.000,0,-,-,-,-,4145.0000,4142.4000,4140.0000,4139.0000,4138.0000,4147.0000,4149.4000,4150.2000,4151.4000,4151.6000,2,1,7,1,2,2,1,3,1,6
SF,IF2002,2020-01-06 09:33:26.500,4147.0000,2874,0,247536420.000,2,1,1,多换,S,4147.0000,4145.4000,4145.2000,4145.0000,4140.0000,4149.4000,4150.2000,4151.4000,4151.6000,4152.4000,1,4,1,2,7,1,2,1,6,2
SF,IF2002,2020-01-06 09:33:27.000,4147.0000,2874,0,247536420.000,0,-,-,-,-,4147.0000,4145.4000,4145.2000,4145.0000,4140.0000,4149.2000,4150.2000,4151.4000,4151.6000,4152.4000,1,3,1,2,7,1,2,1,6,2
SF,IF2002,2020-01-06 09:33:27.500,4147.0000,2874,0,247536420.000,0,-,-,-,-,4147.2000,4145.4000,4145.2000,4145.0000,4140.0000,4149.2000,4151.4000,4151.6000,4152.4000,4153.6000,1,3,1,2,7,1,1,6,2,1
SF,IF2002,2020-01-06 09:33:28.000,4147.0000,2874,0,247536420.000,0,-,-,-,-,4147.2000,4147.0000,4145.4000,4145.2000,4145.0000,4149.2000,4151.4000,4151.6000,4152.4000,4153.6000,1,1,3,1,2,1,1,6,2,1
SF,IF2002,2020-01-06 09:33:28.500,4147.0000,2874,0,247536420.000,0,-,-,-,-,4147.2000,4147.0000,4145.4000,4145.2000,4145.0000,4149.2000,4151.4000,4151.6000,4152.4000,4153.6000,1,1,3,1,2,1,1,6,2,1
SF,IF2002,2020-01-06 09:33:29.000,4147.0000,2874,0,247536420.000,0,-,-,-,-,4147.0000,4145.4000,4145.2000,4145.0000,4140.0000,4149.2000,4151.4000,4151.6000,4152.4000,4153.6000,1,3,1,2,7,1,1,6,2,1
SF,IF2002,2020-01-06 09:33:29.500,4147.0000,2874,0,247536420.000,0,-,-,-,-,4147.0000,4145.4000,4145.2000,4145.0000,4140.0000,4149.2000,4151.4000,4151.6000,4152.4000,4153.6000,1,3,1,2,7,1,1,6,2,1
SF,IF2002,2020-01-06 09:33:30.000,4147.0000,2874,0,247536420.000,0,-,-,-,-,4147.0000,4145.4000,4145.2000,4145.0000,4140.0000,4149.2000,4151.4000,4151.6000,4152.4000,4153.6000,1,3,1,2,7,1,1,6,2,1
SF,IF2002,2020-01-06 09:33:31.000,4147.0000,2874,0,247536420.000,0,-,-,-,-,4145.2000,4145.0000,4140.0000,4139.0000,4138.0000,4149.2000,4151.4000,4151.6000,4152.4000,4153.6000,1,2,7,1,2,1,1,6,2,1
SF,IF2002,2020-01-06 09:33:31.500,4147.0000,2874,0,247536420.000,0,-,-,-,-,4145.2000,4145.0000,4140.0000,4139.0000,4138.0000,4148.6000,4149.0000,4149.2000,4151.4000,4151.6000,1,2,7,1,2,1,1,1,1,6
SF,IF2002,2020-01-06 09:33:32.000,4147.0000,2874,0,247536420.000,0,-,-,-,-,4145.4000,4145.0000,4140.0000,4139.0000,4138.0000,4148.4000,4148.6000,4149.0000,4151.4000,4151.6000,1,2,7,1,2,1,1,1,1,6
SF,IF2002,2020-01-06 09:33:33.500,4147.0000,2874,0,247536420.000,0,-,-,-,-,4145.6000,4145.4000,4145.0000,4140.0000,4139.0000,4148.4000,4148.6000,4149.0000,4151.4000,4151.6000,1,1,2,7,1,1,1,1,1,6
SF,IF2002,2020-01-06 09:33:34.000,4147.0000,2874,0,247536420.000,0,-,-,-,-,4145.6000,4145.4000,4145.0000,4140.0000,4139.0000,4148.6000,4149.0000,4151.4000,4151.6000,4152.4000,1,1,2,7,1,1,1,1,6,2
SF,IF2002,2020-01-06 09:33:34.500,4147.0000,2874,0,247536420.000,0,-,-,-,-,4145.6000,4145.4000,4145.0000,4140.0000,4139.0000,4151.4000,4151.6000,4152.4000,4153.6000,4154.2000,1,1,2,7,1,1,6,2,1,1
SF,IF2002,2020-01-06 09:33:35.000,4147.0000,2874,0,247536420.000,0,-,-,-,-,4145.8000,4145.4000,4145.0000,4140.0000,4139.0000,4149.2000,4150.4000,4151.0000,4151.2000,4151.4000,2,1,2,7,1,1,2,3,4,1
SF,IF2002,2020-01-06 09:33:35.500,4147.0000,2874,0,247536420.000,0,-,-,-,-,4145.8000,4145.4000,4145.0000,4140.0000,4139.0000,4149.0000,4149.2000,4150.4000,4151.0000,4151.2000,2,1,2,7,1,1,3,1,3,3
SF,IF2002,2020-01-06 09:33:36.000,4147.0000,2874,0,247536420.000,0,-,-,-,-,4146.2000,4145.0000,4140.0000,4139.0000,4138.0000,4148.8000,4149.0000,4149.2000,4150.4000,4151.0000,2,2,7,1,2,1,1,3,1,3
SF,IF2002,2020-01-06 09:33:36.500,4146.2000,2874,0,250024140.000,2,1,1,多换,S,4145.0000,4140.0000,4139.0000,4138.0000,4136.8000,4148.6000,4148.8000,4149.2000,4150.0000,4150.4000,2,7,1,2,1,1,1,3,5,1
SF,IF2002,2020-01-06 09:33:37.000,4146.2000,2874,0,250024140.000,0,-,-,-,-,4145.2000,4145.0000,4140.0000,4139.0000,4138.0000,4147.6000,4148.4000,4148.6000,4148.8000,4149.2000,1,2,7,1,2,1,1,1,1,2
SF,IF2002,2020-01-06 09:33:37.500,4146.2000,2874,0,250024140.000,0,-,-,-,-,4145.4000,4145.2000,4145.0000,4140.0000,4139.0000,4148.8000,4149.2000,4150.4000,4151.0000,4151.2000,2,1,2,7,1,1,2,1,3,3
SF,IF2002,2020-01-06 09:33:38.000,4146.2000,2874,0,250024140.000,0,-,-,-,-,4145.4000,4145.0000,4140.0000,4139.0000,4138.0000,4148.4000,4148.6000,4148.8000,4149.2000,4150.4000,2,2,7,1,2,3,3,1,2,1
SF,IF2002,2020-01-06 09:33:38.500,4146.2000,2874,0,250024140.000,0,-,-,-,-,4145.0000,4140.0000,4139.0000,4138.0000,4136.8000,4148.0000,4148.2000,4148.6000,4149.2000,4150.4000,2,7,1,2,1,1,2,2,2,1
SF,IF2002,2020-01-06 09:33:39.000,4146.2000,2874,0,250024140.000,0,-,-,-,-,4145.2000,4145.0000,4140.0000,4139.0000,4138.0000,4147.4000,4147.8000,4148.2000,4148.6000,4149.2000,1,2,7,1,2,1,2,1,2,2
SF,IF2002,2020-01-06 09:33:39.500,4147.4000,2874,0,251268360.000,1,0,1,多换,S,4145.2000,4145.0000,4140.0000,4139.0000,4138.0000,4148.2000,4148.6000,4149.2000,4150.4000,4151.2000,1,2,7,1,2,1,2,2,1,3
SF,IF2002,2020-01-06 09:33:40.000,4147.4000,2874,0,251268360.000,0,-,-,-,-,4145.4000,4145.2000,4145.0000,4140.0000,4139.0000,4148.2000,4148.6000,4149.2000,4150.4000,4151.2000,1,1,2,7,1,1,2,2,1,3
SF,IF2002,2020-01-06 09:33:40.500,4147.4000,2874,0,251268360.000,0,-,-,-,-,4145.6000,4145.4000,4145.2000,4145.0000,4140.0000,4148.6000,4149.2000,4150.4000,4151.2000,4151.4000,1,1,1,2,7,2,2,1,3,1
SF,IF2002,2020-01-06 09:33:41.000,4147.4000,2874,0,251268360.000,0,-,-,-,-,4145.6000,4145.4000,4145.0000,4140.0000,4139.0000,4148.4000,4148.6000,4149.2000,4150.4000,4151.2000,1,1,2,7,1,1,2,2,1,3
SF,IF2002,2020-01-06 09:33:41.500,4147.4000,2874,0,251268360.000,0,-,-,-,-,4145.8000,4145.6000,4145.0000,4140.0000,4139.0000,4148.4000,4148.6000,4149.2000,4150.4000,4151.2000,1,1,2,7,1,1,2,2,1,3
SF,IF2002,2020-01-06 09:33:42.000,4147.4000,2874,0,251268360.000,0,-,-,-,-,4146.0000,4145.0000,4144.0000,4140.0000,4139.0000,4148.2000,4148.4000,4148.6000,4149.2000,4150.4000,1,2,1,7,1,1,1,2,2,1
SF,IF2002,2020-01-06 09:33:42.500,4147.4000,2874,0,251268360.000,0,-,-,-,-,4146.0000,4145.0000,4144.0000,4140.0000,4139.0000,4148.2000,4148.4000,4148.6000,4149.2000,4150.4000,1,2,1,7,1,1,1,2,2,1
SF,IF2002,2020-01-06 09:33:43.000,4147.4000,2874,0,251268360.000,0,-,-,-,-,4145.0000,4144.0000,4140.0000,4139.0000,4138.0000,4148.2000,4148.4000,4148.6000,4149.2000,4150.4000,2,1,7,1,1,1,1,2,2,1
SF,IF2002,2020-01-06 09:33:43.500,4147.4000,2874,0,251268360.000,0,-,-,-,-,4145.0000,4144.0000,4140.0000,4139.0000,4138.0000,4148.0000,4148.2000,4148.4000,4148.6000,4149.2000,2,1,7,1,1,1,1,1,2,2
SF,IF2002,2020-01-06 09:33:44.000,4147.4000,2874,0,251268360.000,0,-,-,-,-,4145.2000,4145.0000,4144.0000,4140.0000,4139.0000,4148.4000,4148.6000,4149.2000,4150.4000,4151.2000,1,2,1,7,1,1,2,2,1,3
SF,IF2002,2020-01-06 09:33:44.500,4147.4000,2874,0,251268360.000,0,-,-,-,-,4145.0000,4144.0000,4140.0000,4139.0000,4138.0000,4148.2000,4148.4000,4148.6000,4149.2000,4150.4000,2,1,7,1,1,2,1,2,2,1
SF,IF2002,2020-01-06 09:33:45.000,4147.4000,2874,0,251268360.000,0,-,-,-,-,4145.0000,4144.0000,4140.0000,4139.0000,4138.0000,4148.0000,4148.2000,4148.4000,4148.6000,4149.2000,2,1,7,1,1,2,2,1,2,2
SF,IF2002,2020-01-06 09:33:45.500,4147.4000,2874,0,251268360.000,0,-,-,-,-,4145.0000,4144.0000,4140.0000,4139.0000,4138.0000,4147.8000,4148.0000,4148.2000,4148.4000,4148.6000,2,1,7,1,1,2,2,2,1,2
SF,IF2002,2020-01-06 09:33:46.000,4147.4000,2874,0,251268360.000,0,-,-,-,-,4147.0000,4145.0000,4144.0000,4140.0000,4139.0000,4147.4000,4147.6000,4147.8000,4148.2000,4148.4000,1,2,1,7,1,2,1,2,1,1
SF,IF2002,2020-01-06 09:33:46.500,4147.0000,2873,-1,252512460.000,1,0,1,双平,S,4145.0000,4144.0000,4140.0000,4139.0000,4138.0000,4147.0000,4147.4000,4147.6000,4148.2000,4148.4000,2,1,7,1,1,2,2,1,1,1
SF,IF2002,2020-01-06 09:33:47.000,4147.0000,2873,0,252512460.000,0,-,-,-,-,4145.2000,4145.0000,4144.0000,4140.0000,4139.0000,4147.0000,4148.2000,4148.4000,4148.6000,4149.2000,2,2,1,7,1,2,1,1,2,2
SF,IF2002,2020-01-06 09:33:47.500,4147.0000,2873,0,252512460.000,0,-,-,-,-,4145.2000,4145.0000,4144.0000,4140.0000,4139.0000,4147.0000,4148.2000,4148.4000,4148.6000,4149.2000,2,2,1,7,1,2,1,1,2,2
SF,IF2002,2020-01-06 09:33:48.000,4147.0000,2873,0,252512460.000,0,-,-,-,-,4145.2000,4145.0000,4144.0000,4140.0000,4139.0000,4147.0000,4148.2000,4148.4000,4148.6000,4149.2000,1,2,1,7,1,2,1,1,2,2
SF,IF2002,2020-01-06 09:33:49.000,4147.0000,2873,0,252512460.000,0,-,-,-,-,4145.2000,4145.0000,4144.0000,4140.0000,4139.0000,4147.0000,4148.2000,4148.4000,4148.6000,4149.2000,1,3,1,7,1,2,1,1,2,2
SF,IF2002,2020-01-06 09:33:50.500,4145.2000,2872,-1,253756020.000,1,0,1,双平,S,4145.0000,4144.0000,4140.0000,4139.0000,4138.0000,4145.2000,4147.0000,4149.2000,4150.4000,4151.2000,3,1,7,1,1,1,2,2,1,3
SF,IF2002,2020-01-06 09:33:51.000,4145.2000,2871,-1,254999580.000,1,0,1,双平,S,4145.2000,4145.0000,4144.0000,4140.0000,4139.0000,4147.0000,4149.2000,4150.4000,4151.2000,4151.4000,1,3,1,7,1,2,2,1,3,1
SF,IF2002,2020-01-06 09:33:51.500,4145.2000,2871,0,254999580.000,0,-,-,-,-,4145.2000,4145.0000,4144.0000,4140.0000,4139.0000,4146.8000,4147.0000,4149.2000,4150.4000,4151.2000,1,3,1,7,1,1,2,2,1,1
SF,IF2002,2020-01-06 09:33:52.000,4146.8000,2871,0,256243620.000,1,0,1,多换,S,4145.0000,4144.0000,4140.0000,4139.0000,4138.0000,4149.2000,4150.4000,4151.2000,4151.6000,4153.6000,3,1,7,1,1,2,1,1,4,1
SF,IF2002,2020-01-06 09:33:52.500,4146.8000,2871,0,256243620.000,0,-,-,-,-,4145.0000,4144.0000,4140.0000,4139.0000,4138.0000,4148.2000,4148.6000,4148.8000,4149.0000,4149.2000,3,1,7,1,1,1,1,1,3,2
SF,IF2002,2020-01-06 09:33:53.000,4145.0000,2871,0,258730620.000,2,1,1,多换,S,4145.0000,4144.0000,4140.0000,4139.0000,4138.0000,4148.0000,4148.2000,4148.6000,4148.8000,4149.0000,1,1,7,1,1,3,1,1,1,2
SF,IF2002,2020-01-06 09:33:53.500,4145.0000,2871,0,258730620.000,0,-,-,-,-,4145.0000,4144.0000,4140.0000,4139.0000,4138.0000,4148.0000,4148.2000,4148.6000,4148.8000,4149.0000,1,1,7,1,1,3,1,1,1,2
SF,IF2002,2020-01-06 09:33:54.000,4145.0000,2871,0,258730620.000,0,-,-,-,-,4145.2000,4145.0000,4144.0000,4140.0000,4139.0000,4149.2000,4151.2000,4151.6000,4153.6000,4155.0000,5,1,1,7,1,2,1,4,1,5
SF,IF2002,2020-01-06 09:33:54.500,4145.0000,2871,0,258730620.000,0,-,-,-,-,4145.4000,4145.2000,4145.0000,4144.0000,4140.0000,4149.0000,4149.2000,4151.2000,4151.6000,4153.6000,1,2,1,1,7,2,2,1,4,1
SF,IF2002,2020-01-06 09:33:55.000,4145.0000,2871,0,258730620.000,0,-,-,-,-,4145.6000,4145.4000,4145.2000,4145.0000,4144.0000,4149.0000,4149.2000,4151.2000,4151.6000,4153.6000,1,1,2,1,1,2,2,1,4,1
SF,IF2002,2020-01-06 09:33:55.500,4145.0000,2871,0,258730620.000,0,-,-,-,-,4145.8000,4145.6000,4145.4000,4145.2000,4145.0000,4149.0000,4149.2000,4151.2000,4151.6000,4153.6000,1,1,1,1,1,2,2,1,4,1
SF,IF2002,2020-01-06 09:33:56.000,4145.0000,2871,0,258730620.000,0,-,-,-,-,4145.8000,4145.6000,4145.4000,4145.2000,4145.0000,4148.6000,4149.0000,4149.2000,4151.2000,4151.6000,1,1,1,1,1,1,2,2,1,4
SF,IF2002,2020-01-06 09:33:56.500,4145.0000,2871,0,258730620.000,0,-,-,-,-,4146.0000,4145.8000,4145.6000,4145.4000,4145.2000,4148.6000,4149.0000,4149.2000,4151.2000,4151.6000,3,1,1,1,1,1,2,2,1,4
SF,IF2002,2020-01-06 09:33:57.000,4145.0000,2871,0,258730620.000,0,-,-,-,-,4146.0000,4145.8000,4145.4000,4145.0000,4144.0000,4148.6000,4149.0000,4149.2000,4151.2000,4151.6000,3,1,1,1,1,1,2,2,1,4
SF,IF2002,2020-01-06 09:33:57.500,4145.0000,2871,0,258730620.000,0,-,-,-,-,4145.8000,4145.4000,4145.0000,4144.0000,4140.0000,4148.6000,4149.0000,4149.2000,4151.2000,4151.6000,1,1,1,1,7,1,2,2,1,4
SF,IF2002,2020-01-06 09:33:58.000,4145.0000,2871,0,258730620.000,0,-,-,-,-,4145.8000,4145.4000,4145.0000,4144.0000,4140.0000,4148.6000,4149.0000,4149.2000,4151.2000,4151.6000,3,1,1,1,7,1,2,2,1,4
SF,IF2002,2020-01-06 09:33:58.500,4145.0000,2871,0,258730620.000,0,-,-,-,-,4145.8000,4145.4000,4145.0000,4144.0000,4140.0000,4148.6000,4149.0000,4149.2000,4151.2000,4151.6000,1,1,1,1,7,1,2,2,1,4
SF,IF2002,2020-01-06 09:33:59.000,4148.6000,2870,-1,259975200.000,1,0,1,双平,S,4145.8000,4145.0000,4144.0000,4140.0000,4139.0000,4149.2000,4151.2000,4151.6000,4153.6000,4155.0000,1,1,1,7,1,2,1,4,1,5
SF,IF2002,2020-01-06 09:33:59.500,4148.6000,2870,0,259975200.000,0,-,-,-,-,4145.8000,4145.0000,4144.0000,4140.0000,4139.0000,4149.0000,4149.2000,4151.2000,4151.6000,4153.6000,2,1,1,7,1,3,2,1,4,1
SF,IF2002,2020-01-06 09:34:00.000,4148.6000,2870,0,259975200.000,0,-,-,-,-,4146.2000,4146.0000,4145.8000,4145.0000,4144.0000,4149.2000,4151.2000,4151.6000,4153.6000,4155.0000,1,2,1,1,1,2,1,4,1,5
SF,IF2002,2020-01-06 09:34:00.500,4148.6000,2870,0,259975200.000,0,-,-,-,-,4146.2000,4146.0000,4145.8000,4145.0000,4144.0000,4149.0000,4149.2000,4151.2000,4151.6000,4153.6000,1,2,1,1,1,1,2,1,4,1
SF,IF2002,2020-01-06 09:34:01.000,4148.6000,2870,0,259975200.000,0,-,-,-,-,4146.4000,4145.0000,4144.0000,4140.0000,4139.0000,4148.8000,4149.0000,4149.2000,4151.2000,4151.6000,1,1,1,7,1,1,1,2,1,4
SF,IF2002,2020-01-06 09:34:01.500,4148.6000,2870,0,259975200.000,0,-,-,-,-,4145.2000,4145.0000,4144.0000,4140.0000,4139.0000,4148.6000,4148.8000,4149.0000,4149.2000,4151.2000,1,1,1,7,1,1,1,1,2,1
SF,IF2002,2020-01-06 09:34:02.000,4148.6000,2870,0,259975200.000,0,-,-,-,-,4145.4000,4145.2000,4145.0000,4144.0000,4140.0000,4148.4000,4148.6000,4148.8000,4149.0000,4149.2000,2,1,1,1,7,1,1,1,1,2
SF,IF2002,2020-01-06 09:34:02.500,4148.6000,2870,0,259975200.000,0,-,-,-,-,4145.4000,4145.2000,4145.0000,4144.0000,4140.0000,4148.2000,4148.4000,4148.6000,4149.0000,4149.2000,1,1,1,1,7,2,1,1,1,2
SF,IF2002,2020-01-06 09:34:03.000,4148.6000,2870,0,259975200.000,0,-,-,-,-,4145.4000,4145.2000,4145.0000,4144.4000,4144.0000,4148.2000,4148.4000,4148.6000,4149.0000,4149.2000,1,1,1,2,1,2,1,1,1,2
SF,IF2002,2020-01-06 09:34:03.500,4148.6000,2870,0,259975200.000,0,-,-,-,-,4145.2000,4145.0000,4144.4000,4144.0000,4140.0000,4148.0000,4148.2000,4148.6000,4149.0000,4149.2000,1,1,2,1,7,1,2,1,1,2
SF,IF2002,2020-01-06 09:34:04.000,4148.6000,2870,0,259975200.000,0,-,-,-,-,4145.2000,4145.0000,4144.4000,4144.0000,4140.0000,4147.8000,4148.0000,4148.2000,4148.6000,4149.0000,1,1,2,1,7,2,1,1,1,1
SF,IF2002,2020-01-06 09:34:04.500,4148.6000,2870,0,259975200.000,0,-,-,-,-,4145.2000,4145.0000,4144.4000,4144.0000,4140.0000,4147.4000,4147.8000,4148.2000,4148.6000,4149.0000,1,1,2,1,7,2,2,1,1,1
SF,IF2002,2020-01-06 09:34:05.500,4148.6000,2870,0,259975200.000,0,-,-,-,-,4145.2000,4145.0000,4144.4000,4144.0000,4140.0000,4147.4000,4147.8000,4148.2000,4148.6000,4149.0000,1,1,2,1,7,2,2,1,1,1
SF,IF2002,2020-01-06 09:34:06.000,4148.6000,2870,0,259975200.000,0,-,-,-,-,4145.2000,4145.0000,4144.4000,4144.0000,4140.0000,4147.4000,4147.8000,4148.2000,4148.6000,4149.0000,1,1,2,1,7,4,1,1,1,1
SF,IF2002,2020-01-06 09:34:06.500,4148.6000,2870,0,259975200.000,0,-,-,-,-,4145.4000,4145.2000,4145.0000,4144.4000,4144.0000,4147.4000,4147.8000,4148.2000,4148.6000,4149.0000,1,1,1,2,1,4,1,1,1,1
SF,IF2002,2020-01-06 09:34:08.500,4145.4000,2871,1,261218820.000,1,1,0,双开,S,4145.2000,4145.0000,4144.4000,4144.0000,4140.0000,4147.4000,4147.8000,4148.2000,4148.6000,4149.0000,1,1,2,1,7,2,1,1,1,1
SF,IF2002,2020-01-06 09:34:09.000,4145.4000,2871,0,261218820.000,0,-,-,-,-,4145.2000,4145.0000,4144.4000,4144.0000,4140.0000,4147.2000,4147.4000,4147.8000,4148.2000,4148.6000,1,1,2,1,7,1,2,1,1,1
SF,IF2002,2020-01-06 09:34:09.500,4145.4000,2871,0,261218820.000,0,-,-,-,-,4145.2000,4145.0000,4144.4000,4144.0000,4140.0000,4147.2000,4147.4000,4147.8000,4148.2000,4148.6000,1,1,2,1,7,1,2,1,1,1
SF,IF2002,2020-01-06 09:34:11.500,4145.4000,2871,0,261218820.000,0,-,-,-,-,4145.2000,4145.0000,4144.4000,4144.0000,4140.0000,4147.0000,4147.2000,4147.4000,4147.8000,4148.2000,1,1,2,1,7,1,2,2,1,1
SF,IF2002,2020-01-06 09:34:12.000,4145.4000,2871,0,261218820.000,0,-,-,-,-,4145.2000,4145.0000,4144.4000,4144.0000,4140.0000,4147.4000,4147.8000,4148.2000,4148.6000,4149.0000,1,1,2,1,7,2,1,1,1,1
SF,IF2002,2020-01-06 09:34:12.500,4146.8000,2871,0,262462860.000,1,0,1,多换,S,4145.4000,4145.2000,4145.0000,4144.4000,4144.0000,4147.2000,4147.4000,4147.8000,4148.2000,4148.6000,1,1,1,2,1,3,2,1,1,1
SF,IF2002,2020-01-06 09:34:13.000,4145.2000,2872,1,264950040.000,2,1,1,空开,S,4145.0000,4144.4000,4144.0000,4140.0000,4139.0000,4147.2000,4147.4000,4147.8000,4148.2000,4148.6000,1,2,1,2,1,3,2,1,1,1
SF,IF2002,2020-01-06 09:34:13.500,4145.2000,2872,0,264950040.000,0,-,-,-,-,4145.2000,4145.0000,4144.4000,4144.0000,4140.0000,4147.0000,4147.4000,4147.8000,4148.2000,4148.6000,1,1,2,1,2,1,2,1,1,1
SF,IF2002,2020-01-06 09:34:14.000,4145.2000,2872,0,264950040.000,0,-,-,-,-,4145.2000,4145.0000,4144.4000,4144.0000,4140.0000,4147.0000,4147.4000,4147.8000,4148.2000,4148.6000,1,1,2,1,2,2,2,1,1,1
SF,IF2002,2020-01-06 09:34:14.500,4145.2000,2872,0,264950040.000,0,-,-,-,-,4145.2000,4145.0000,4144.4000,4144.0000,4140.0000,4147.4000,4147.8000,4148.2000,4148.6000,4149.0000,2,1,2,1,2,2,1,1,1,1
SF,IF2002,2020-01-06 09:34:15.000,4145.2000,2872,0,264950040.000,0,-,-,-,-,4145.2000,4145.0000,4144.4000,4144.0000,4140.0000,4147.4000,4147.8000,4148.2000,4148.6000,4149.0000,2,1,2,1,2,2,1,1,1,1
SF,IF2002,2020-01-06 09:34:15.500,4145.2000,2872,0,264950040.000,0,-,-,-,-,4145.2000,4145.0000,4144.4000,4144.0000,4140.0000,4147.0000,4147.4000,4147.8000,4148.2000,4148.6000,1,1,2,1,2,1,2,1,1,1
SF,IF2002,2020-01-06 09:34:16.000,4145.2000,2872,0,264950040.000,0,-,-,-,-,4145.2000,4145.0000,4144.4000,4144.0000,4140.0000,4146.8000,4147.0000,4147.4000,4147.8000,4148.2000,1,1,2,1,2,1,1,2,1,1
SF,IF2002,2020-01-06 09:34:16.500,4145.2000,2872,0,264950040.000,0,-,-,-,-,4145.6000,4145.2000,4145.0000,4144.4000,4144.0000,4146.6000,4146.8000,4147.4000,4147.8000,4148.2000,1,1,1,2,1,1,1,2,1,1
SF,IF2002,2020-01-06 09:34:17.000,4145.2000,2872,0,264950040.000,0,-,-,-,-,4145.0000,4144.4000,4144.0000,4140.0000,4139.0000,4147.4000,4147.8000,4148.2000,4148.6000,4149.0000,1,2,1,2,1,2,1,1,1,1
SF,IF2002,2020-01-06 09:34:17.500,4145.2000,2872,0,264950040.000,0,-,-,-,-,4145.2000,4145.0000,4144.4000,4144.0000,4140.0000,4147.4000,4148.2000,4148.6000,4149.0000,4151.2000,1,1,2,1,2,2,1,1,1,1
SF,IF2002,2020-01-06 09:34:18.500,4145.2000,2872,0,264950040.000,0,-,-,-,-,4146.8000,4145.2000,4145.0000,4144.4000,4144.0000,4148.6000,4149.0000,4151.2000,4151.6000,4155.0000,1,1,1,2,1,1,1,1,4,5
SF,IF2002,2020-01-06 09:34:19.000,4145.2000,2872,0,264950040.000,0,-,-,-,-,4145.0000,4144.4000,4144.0000,4140.0000,4139.0000,4148.4000,4148.6000,4149.0000,4151.2000,4151.6000,1,2,1,2,1,3,1,1,1,4
SF,IF2002,2020-01-06 09:34:19.500,4145.2000,2872,0,264950040.000,0,-,-,-,-,4146.8000,4145.2000,4145.0000,4144.4000,4144.0000,4148.4000,4149.0000,4151.2000,4151.6000,4155.0000,1,4,1,2,1,1,1,1,4,5
SF,IF2002,2020-01-06 09:34:20.000,4145.2000,2872,0,264950040.000,0,-,-,-,-,4146.8000,4145.2000,4145.0000,4144.4000,4144.0000,4149.0000,4151.2000,4151.6000,4155.0000,4156.2000,1,4,1,2,1,1,1,4,5,1
SF,IF2002,2020-01-06 09:34:21.000,4145.2000,2872,0,264950040.000,0,-,-,-,-,4146.8000,4145.2000,4145.0000,4144.4000,4144.0000,4151.2000,4151.6000,4155.0000,4156.2000,4158.2000,1,4,1,2,1,1,4,5,1,1
SF,IF2002,2020-01-06 09:34:21.500,4145.2000,2872,0,264950040.000,0,-,-,-,-,4146.8000,4145.2000,4145.0000,4144.4000,4144.0000,4149.8000,4150.2000,4150.8000,4151.0000,4151.2000,1,4,1,2,1,1,1,3,4,1
SF,IF2002,2020-01-06 09:34:22.000,4145.2000,2872,0,264950040.000,0,-,-,-,-,4146.8000,4145.2000,4145.0000,4144.4000,4144.0000,4149.6000,4149.8000,4150.2000,4150.8000,4151.0000,1,4,1,2,1,2,1,1,3,4
SF,IF2002,2020-01-06 09:34:22.500,4145.2000,2872,0,264950040.000,0,-,-,-,-,4146.8000,4145.2000,4145.0000,4144.4000,4144.0000,4149.4000,4149.6000,4149.8000,4150.8000,4151.0000,1,4,1,2,1,2,2,1,3,2
SF,IF2002,2020-01-06 09:34:23.500,4145.2000,2872,0,264950040.000,0,-,-,-,-,4146.8000,4145.2000,4145.0000,4144.4000,4144.0000,4149.2000,4149.4000,4149.6000,4149.8000,4150.8000,1,4,1,2,1,1,1,2,1,3
SF,IF2002,2020-01-06 09:34:24.000,4146.8000,2872,0,266194080.000,1,0,1,多换,S,4145.0000,4144.4000,4144.0000,4140.0000,4139.0000,4149.0000,4149.2000,4149.6000,4149.8000,4150.8000,1,2,1,2,1,2,1,2,1,3
SF,IF2002,2020-01-06 09:34:24.500,4146.8000,2872,0,266194080.000,0,-,-,-,-,4145.2000,4145.0000,4144.4000,4144.0000,4140.0000,4149.0000,4149.2000,4149.6000,4149.8000,4150.8000,4,1,2,1,2,1,1,2,1,3
SF,IF2002,2020-01-06 09:34:25.000,4146.8000,2872,0,266194080.000,0,-,-,-,-,4145.8000,4145.2000,4145.0000,4144.4000,4144.0000,4149.0000,4149.2000,4149.6000,4150.8000,4151.0000,1,1,1,2,1,1,1,2,3,2
SF,IF2002,2020-01-06 09:34:25.500,4146.8000,2872,0,266194080.000,0,-,-,-,-,4145.8000,4145.2000,4145.0000,4144.4000,4144.0000,4148.8000,4149.0000,4149.2000,4149.6000,4150.8000,1,1,1,2,1,1,1,1,2,3
SF,IF2002,2020-01-06 09:34:26.000,4146.8000,2872,0,266194080.000,0,-,-,-,-,4145.0000,4144.4000,4144.0000,4140.0000,4139.0000,4148.6000,4148.8000,4149.0000,4149.2000,4149.6000,1,2,1,2,1,1,1,1,1,2
SF,IF2002,2020-01-06 09:34:26.500,4146.8000,2872,0,266194080.000,0,-,-,-,-,4146.2000,4145.2000,4145.0000,4144.4000,4144.0000,4148.6000,4149.0000,4149.2000,4149.6000,4150.8000,1,1,1,2,1,1,1,1,2,3
SF,IF2002,2020-01-06 09:34:27.000,4146.8000,2872,0,266194080.000,0,-,-,-,-,4146.2000,4145.2000,4145.0000,4144.4000,4144.0000,4148.6000,4149.0000,4149.2000,4149.6000,4150.8000,1,1,1,2,1,1,1,1,2,3
SF,IF2002,2020-01-06 09:34:32.000,4146.8000,2872,0,266194080.000,0,-,-,-,-,4146.2000,4145.2000,4145.0000,4144.4000,4144.0000,4148.6000,4149.0000,4149.6000,4150.8000,4151.0000,1,1,1,2,1,1,1,2,3,2
SF,IF2002,2020-01-06 09:34:32.500,4146.8000,2872,0,266194080.000,0,-,-,-,-,4146.4000,4146.2000,4145.0000,4144.4000,4144.0000,4148.6000,4149.6000,4150.8000,4151.0000,4151.6000,1,1,1,2,1,1,2,3,2,4
SF,IF2002,2020-01-06 09:34:33.000,4146.8000,2872,0,266194080.000,0,-,-,-,-,4146.4000,4146.2000,4145.0000,4144.4000,4144.0000,4149.6000,4150.8000,4151.0000,4151.6000,4155.0000,1,1,1,2,1,2,3,2,4,5
SF,IF2002,2020-01-06 09:34:33.500,4146.8000,2872,0,266194080.000,0,-,-,-,-,4146.4000,4145.0000,4144.4000,4144.0000,4140.0000,4149.4000,4149.6000,4150.8000,4151.0000,4151.6000,1,1,2,1,2,3,2,3,2,4
SF,IF2002,2020-01-06 09:34:34.000,4146.8000,2872,0,266194080.000,0,-,-,-,-,4146.6000,4145.0000,4144.4000,4144.0000,4140.0000,4149.4000,4149.6000,4150.8000,4151.0000,4151.6000,1,1,2,1,2,3,2,3,2,4
SF,IF2002,2020-01-06 09:34:34.500,4146.8000,2872,0,266194080.000,0,-,-,-,-,4146.6000,4145.0000,4144.4000,4144.0000,4140.0000,4149.4000,4149.6000,4150.8000,4151.0000,4151.6000,1,1,2,1,2,1,2,3,2,4
SF,IF2002,2020-01-06 09:34:35.500,4146.8000,2872,0,266194080.000,0,-,-,-,-,4146.6000,4145.0000,4144.4000,4144.0000,4140.0000,4149.4000,4151.0000,4151.6000,4155.0000,4156.2000,1,1,2,1,2,3,2,4,5,1
SF,IF2002,2020-01-06 09:34:36.000,4146.8000,2872,0,266194080.000,0,-,-,-,-,4147.0000,4146.8000,4146.6000,4145.0000,4144.4000,4149.4000,4151.0000,4151.6000,4155.0000,4156.2000,1,2,1,1,2,2,2,4,5,1
SF,IF2002,2020-01-06 09:34:36.500,4146.8000,2872,0,266194080.000,0,-,-,-,-,4147.2000,4147.0000,4146.8000,4146.6000,4145.0000,4151.0000,4151.6000,4155.0000,4156.2000,4158.2000,1,1,1,1,1,2,4,5,1,1
SF,IF2002,2020-01-06 09:34:37.000,4146.8000,2872,0,266194080.000,0,-,-,-,-,4147.6000,4147.2000,4147.0000,4146.8000,4145.0000,4150.8000,4151.0000,4151.6000,4155.0000,4156.2000,1,2,1,1,1,4,2,4,5,1
SF,IF2002,2020-01-06 09:34:37.500,4146.8000,2872,0,266194080.000,0,-,-,-,-,4147.6000,4147.2000,4147.0000,4146.8000,4145.0000,4150.8000,4151.0000,4151.6000,4155.0000,4156.2000,1,2,1,1,1,2,2,4,5,1
SF,IF2002,2020-01-06 09:34:38.000,4146.8000,2872,0,266194080.000,0,-,-,-,-,4147.6000,4147.2000,4147.0000,4146.8000,4145.0000,4150.8000,4151.0000,4151.6000,4155.0000,4156.2000,1,2,1,1,1,1,2,4,5,1
SF,IF2002,2020-01-06 09:34:38.500,4146.8000,2872,0,266194080.000,0,-,-,-,-,4147.8000,4147.6000,4147.2000,4147.0000,4146.8000,4150.6000,4151.0000,4151.6000,4155.0000,4156.2000,1,1,1,1,1,1,2,4,5,1
SF,IF2002,2020-01-06 09:34:39.000,4146.8000,2872,0,266194080.000,0,-,-,-,-,4147.8000,4147.6000,4147.2000,4147.0000,4146.8000,4150.6000,4151.6000,4155.0000,4156.2000,4158.2000,1,1,1,1,1,1,4,5,1,1
SF,IF2002,2020-01-06 09:34:39.500,4146.8000,2872,0,266194080.000,0,-,-,-,-,4147.8000,4147.6000,4147.2000,4147.0000,4146.8000,4151.6000,4155.0000,4156.2000,4158.2000,4165.0000,1,1,1,1,1,4,5,1,1,1
SF,IF2002,2020-01-06 09:34:40.000,4146.8000,2872,0,266194080.000,0,-,-,-,-,4147.6000,4147.2000,4147.0000,4146.8000,4145.0000,4151.4000,4151.6000,4155.0000,4156.2000,4158.2000,1,1,1,1,1,4,4,5,1,1
SF,IF2002,2020-01-06 09:34:40.500,4146.8000,2872,0,266194080.000,0,-,-,-,-,4147.8000,4147.6000,4147.2000,4147.0000,4146.8000,4151.4000,4151.6000,4155.0000,4156.2000,4158.2000,1,1,1,1,1,4,4,5,1,1
SF,IF2002,2020-01-06 09:34:41.000,4146.8000,2872,0,266194080.000,0,-,-,-,-,4147.8000,4147.6000,4147.2000,4147.0000,4146.8000,4151.4000,4151.6000,4155.0000,4156.2000,4158.2000,1,1,1,1,1,3,4,5,1,1
SF,IF2002,2020-01-06 09:34:41.500,4146.8000,2872,0,266194080.000,0,-,-,-,-,4148.2000,4147.8000,4147.6000,4147.2000,4146.8000,4151.6000,4155.0000,4156.2000,4158.2000,4165.0000,4,1,1,1,1,4,5,1,1,1
SF,IF2002,2020-01-06 09:34:42.000,4146.8000,2872,0,266194080.000,0,-,-,-,-,4148.6000,4148.4000,4148.2000,4147.2000,4146.8000,4151.6000,4155.0000,4156.2000,4158.2000,4165.0000,1,1,4,1,1,4,5,1,1,1
SF,IF2002,2020-01-06 09:34:42.500,4146.8000,2872,0,266194080.000,0,-,-,-,-,4148.8000,4148.6000,4148.2000,4147.2000,4146.8000,4151.6000,4155.0000,4156.2000,4158.2000,4165.0000,1,1,4,1,1,4,5,1,1,1
SF,IF2002,2020-01-06 09:34:43.000,4146.8000,2872,0,266194080.000,0,-,-,-,-,4148.8000,4148.6000,4148.2000,4147.2000,4146.8000,4151.6000,4153.0000,4155.0000,4156.2000,4158.2000,1,1,4,1,1,4,1,5,1,1
SF,IF2002,2020-01-06 09:34:43.500,4146.8000,2872,0,266194080.000,0,-,-,-,-,4148.6000,4148.2000,4147.2000,4146.8000,4145.0000,4151.4000,4151.6000,4153.0000,4155.0000,4156.2000,1,4,1,1,6,1,4,1,5,1
SF,IF2002,2020-01-06 09:34:44.000,4146.8000,2872,0,266194080.000,0,-,-,-,-,4148.6000,4148.2000,4147.2000,4146.8000,4146.6000,4151.4000,4151.6000,4153.0000,4155.0000,4156.2000,1,4,1,1,1,1,4,1,5,1
SF,IF2002,2020-01-06 09:34:44.500,4146.8000,2872,0,266194080.000,0,-,-,-,-,4148.6000,4148.2000,4147.2000,4146.8000,4146.6000,4151.6000,4153.0000,4155.0000,4156.2000,4158.2000,1,4,1,1,1,4,1,5,1,1
SF,IF2002,2020-01-06 09:34:45.000,4146.8000,2872,0,266194080.000,0,-,-,-,-,4148.6000,4148.2000,4147.2000,4146.8000,4146.6000,4151.4000,4151.6000,4153.0000,4155.0000,4156.2000,1,4,1,1,1,2,4,1,5,1
SF,IF2002,2020-01-06 09:34:45.500,4146.8000,2872,0,266194080.000,0,-,-,-,-,4148.2000,4147.2000,4146.8000,4146.6000,4145.0000,4151.4000,4151.6000,4153.0000,4155.0000,4156.2000,4,1,1,1,6,2,4,1,5,1
SF,IF2002,2020-01-06 09:34:46.000,4146.8000,2872,0,266194080.000,0,-,-,-,-,4148.2000,4147.2000,4146.8000,4146.6000,4145.0000,4151.2000,4151.4000,4151.6000,4153.0000,4155.0000,1,1,1,1,1,2,2,4,1,5
SF,IF2002,2020-01-06 09:34:46.500,4146.8000,2872,0,266194080.000,0,-,-,-,-,4148.2000,4147.2000,4146.8000,4146.6000,4145.0000,4151.0000,4151.2000,4151.4000,4151.6000,4153.0000,1,1,1,1,1,2,2,1,4,1
SF,IF2002,2020-01-06 09:34:47.000,4146.8000,2872,0,266194080.000,0,-,-,-,-,4148.2000,4147.2000,4146.8000,4146.6000,4145.0000,4150.8000,4151.0000,4151.6000,4153.0000,4155.0000,1,1,1,1,1,2,2,4,1,5
SF,IF2002,2020-01-06 09:34:47.500,4146.8000,2872,0,266194080.000,0,-,-,-,-,4148.2000,4147.2000,4146.8000,4146.6000,4145.0000,4150.6000,4150.8000,4151.0000,4151.6000,4153.0000,1,1,1,1,1,2,2,1,4,1
SF,IF2002,2020-01-06 09:34:48.000,4148.2000,2873,1,267438540.000,1,1,0,双开,S,4147.2000,4146.8000,4146.6000,4145.0000,4144.4000,4150.4000,4150.6000,4151.0000,4151.6000,4153.0000,1,1,1,1,2,2,2,1,4,1
SF,IF2002,2020-01-06 09:34:48.500,4148.2000,2873,0,267438540.000,0,-,-,-,-,4147.6000,4147.4000,4147.2000,4146.8000,4146.6000,4150.2000,4150.4000,4150.6000,4151.0000,4151.6000,4,1,1,1,1,1,2,1,1,4
SF,IF2002,2020-01-06 09:34:49.000,4148.2000,2873,0,267438540.000,0,-,-,-,-,4147.6000,4147.4000,4147.2000,4146.8000,4146.6000,4150.2000,4151.0000,4151.6000,4153.0000,4155.0000,4,1,1,1,1,3,1,4,1,5
SF,IF2002,2020-01-06 09:34:49.500,4148.2000,2873,0,267438540.000,0,-,-,-,-,4147.6000,4147.4000,4147.2000,4146.8000,4146.6000,4150.2000,4151.0000,4151.6000,4153.0000,4155.0000,4,1,1,1,1,1,1,4,1,5
SF,IF2002,2020-01-06 09:34:50.000,4148.2000,2873,0,267438540.000,0,-,-,-,-,4147.6000,4147.4000,4147.2000,4146.8000,4146.6000,4150.0000,4150.2000,4151.0000,4151.6000,4153.0000,4,1,1,1,1,1,1,1,4,1
SF,IF2002,2020-01-06 09:34:50.500,4148.2000,2873,0,267438540.000,0,-,-,-,-,4147.8000,4147.6000,4147.2000,4146.8000,4146.6000,4149.8000,4150.2000,4151.0000,4151.6000,4153.0000,1,4,1,1,1,1,1,1,4,1
SF,IF2002,2020-01-06 09:34:51.000,4148.2000,2873,0,267438540.000,0,-,-,-,-,4147.8000,4147.6000,4147.2000,4146.8000,4146.6000,4149.8000,4150.2000,4151.6000,4153.0000,4155.0000,1,4,1,1,1,1,1,4,1,5
SF,IF2002,2020-01-06 09:34:51.500,4148.2000,2873,0,267438540.000,0,-,-,-,-,4148.2000,4147.8000,4147.6000,4147.2000,4146.8000,4150.2000,4151.6000,4153.0000,4155.0000,4156.2000,3,1,1,1,1,1,4,1,5,1
SF,IF2002,2020-01-06 09:34:52.000,4148.2000,2873,0,267438540.000,0,-,-,-,-,4147.8000,4147.6000,4147.2000,4146.8000,4146.6000,4150.2000,4151.6000,4153.0000,4155.0000,4156.2000,1,1,1,1,1,1,4,1,5,1
SF,IF2002,2020-01-06 09:34:52.500,4148.2000,2873,0,267438540.000,0,-,-,-,-,4147.8000,4147.6000,4147.2000,4146.8000,4146.6000,4151.6000,4153.0000,4155.0000,4158.2000,4178.8000,1,1,1,1,1,5,1,5,1,1
SF,IF2002,2020-01-06 09:34:53.000,4148.2000,2873,0,267438540.000,0,-,-,-,-,4147.2000,4146.8000,4146.6000,4145.0000,4144.4000,4151.2000,4151.4000,4151.6000,4153.0000,4155.0000,1,1,1,1,2,1,2,5,1,5
SF,IF2002,2020-01-06 09:34:53.500,4148.2000,2873,0,267438540.000,0,-,-,-,-,4150.2000,4147.8000,4147.6000,4147.4000,4147.2000,4150.8000,4151.0000,4151.4000,4151.6000,4153.0000,1,1,3,1,1,1,1,1,5,1
SF,IF2002,2020-01-06 09:34:54.000,4150.0000,2873,0,268683540.000,1,0,1,多换,S,4147.8000,4147.6000,4147.2000,4146.8000,4146.6000,4150.2000,4151.4000,4151.6000,4153.0000,4155.0000,1,3,1,1,1,2,1,5,1,5
SF,IF2002,2020-01-06 09:34:54.500,4150.0000,2873,0,268683540.000,0,-,-,-,-,4148.2000,4148.0000,4147.8000,4147.2000,4146.8000,4150.2000,4151.6000,4153.0000,4155.0000,4158.2000,3,1,1,1,1,2,5,1,5,1
SF,IF2002,2020-01-06 09:34:55.000,4150.0000,2873,0,268683540.000,0,-,-,-,-,4148.4000,4148.2000,4147.8000,4147.2000,4146.8000,4150.2000,4151.6000,4153.0000,4155.0000,4158.2000,1,3,1,1,1,2,5,1,5,1
SF,IF2002,2020-01-06 09:34:55.500,4150.0000,2873,0,268683540.000,0,-,-,-,-,4148.4000,4148.2000,4147.8000,4147.2000,4146.8000,4150.0000,4150.2000,4151.6000,4153.0000,4155.0000,1,3,1,1,1,1,2,5,1,5
SF,IF2002,2020-01-06 09:34:56.500,4150.0000,2873,0,268683540.000,0,-,-,-,-,4148.6000,4148.4000,4147.2000,4146.8000,4146.6000,4150.0000,4150.2000,4151.6000,4153.0000,4155.0000,1,1,1,1,1,1,2,5,1,5
SF,IF2002,2020-01-06 09:34:57.000,4150.0000,2873,0,268683540.000,0,-,-,-,-,4148.6000,4147.2000,4146.8000,4146.6000,4145.0000,4150.0000,4150.2000,4151.6000,4153.0000,4155.0000,1,1,1,1,1,1,2,5,1,5
SF,IF2002,2020-01-06 09:34:57.500,4150.0000,2873,0,268683540.000,0,-,-,-,-,4148.6000,4147.2000,4146.8000,4146.6000,4145.0000,4150.2000,4151.6000,4153.0000,4155.0000,4166.0000,1,1,1,1,1,2,5,1,5,1
SF,IF2002,2020-01-06 09:34:58.000,4150.2000,2873,0,271173660.000,2,1,1,多换,S,4148.8000,4147.2000,4146.8000,4146.6000,4145.0000,4151.6000,4153.0000,4155.0000,4166.0000,4178.8000,1,1,1,1,1,5,1,5,1,1
SF,IF2002,2020-01-06 09:34:59.500,4150.2000,2873,0,271173660.000,0,-,-,-,-,4150.0000,4148.8000,4147.2000,4146.8000,4146.6000,4151.4000,4151.6000,4153.0000,4155.0000,4166.0000,1,1,1,1,1,1,5,1,5,1
SF,IF2002,2020-01-06 09:35:00.000,4150.2000,2873,0,271173660.000,0,-,-,-,-,4150.0000,4147.2000,4146.8000,4146.6000,4145.0000,4151.2000,4151.4000,4151.6000,4153.0000,4155.0000,1,1,1,1,1,1,1,5,1,5
SF,IF2002,2020-01-06 09:35:00.500,4150.0000,2872,-1,272418660.000,1,0,1,双平,S,4147.2000,4146.8000,4146.6000,4145.0000,4144.4000,4151.4000,4151.6000,4153.0000,4155.0000,4166.0000,1,1,1,1,2,1,5,1,5,1
