市场代码,合约代码,时间,最新,持仓,增仓,成交额,成交量,开仓,平仓,成交类型,方向,买一价,买二价,买三价,买四价,买五价,卖一价,卖二价,卖三价,卖四价,卖五价,买一量,买二量,买三量,买四量,买五量,卖一量,卖二量,卖三量,卖四量,卖五量
SF,IF2007,2020-06-05 09:29:00.100,3902.0000,14435,0,3511800.000,3.000,-,-,-,-,3902.0000,3901.8000,3901.6000,3901.0000,3900.2000,3906.0000,3909.0000,3915.0000,3916.0000,3918.0000,1,2,2,1,1,2,1,1,4,1
SF,IF2007,2020-06-05 09:30:00.100,3906.8000,14435,0,9374640.000,5,2,3,多换,S,3906.6000,3906.4000,3906.2000,3906.0000,3905.2000,3914.0000,3916.0000,3916.8000,3917.0000,3917.6000,3,23,2,5,1,1,4,2,2,2
SF,IF2007,2020-06-05 09:30:00.600,3906.8000,14435,0,9374640.000,0,-,-,-,-,3908.6000,3908.0000,3907.6000,3907.4000,3907.2000,3910.0000,3913.0000,3913.6000,3913.8000,3914.0000,1,1,3,2,3,1,2,2,14,1
SF,IF2007,2020-06-05 09:30:01.100,3909.8000,14432,-3,14066400.000,4,0,4,多平,S,3908.6000,3908.0000,3907.6000,3907.4000,3907.2000,3909.8000,3910.0000,3913.0000,3913.6000,3913.8000,1,1,3,4,3,5,1,3,2,3
SF,IF2007,2020-06-05 09:30:01.600,3909.8000,14432,0,14066400.000,0,-,-,-,-,3908.8000,3908.6000,3908.0000,3907.6000,3907.4000,3909.8000,3910.0000,3913.0000,3913.2000,3913.6000,1,1,1,3,4,5,1,3,1,2
SF,IF2007,2020-06-05 09:30:02.100,3908.6000,14430,-2,16411620.000,2,0,2,双平,S,3908.0000,3907.6000,3907.4000,3907.2000,3907.0000,3909.6000,3909.8000,3910.0000,3913.0000,3913.6000,1,3,4,3,1,1,5,1,3,2
SF,IF2007,2020-06-05 09:30:02.600,3908.0000,14429,-1,17584020.000,1,0,1,双平,S,3907.6000,3907.4000,3907.2000,3906.8000,3906.4000,3909.4000,3909.6000,3909.8000,3910.0000,3913.0000,3,4,3,1,23,6,1,1,1,3
SF,IF2007,2020-06-05 09:30:03.100,3908.0000,14429,0,17584020.000,0,-,-,-,-,3908.4000,3907.4000,3906.8000,3906.4000,3906.0000,3909.2000,3909.4000,3910.0000,3913.0000,3913.6000,1,2,1,23,1,1,6,1,3,2
SF,IF2007,2020-06-05 09:30:03.600,3908.4000,14428,-1,18756540.000,1,0,1,双平,S,3906.8000,3906.4000,3906.0000,3905.0000,3904.2000,3909.0000,3909.2000,3910.0000,3911.4000,3912.8000,1,23,1,5,1,6,1,1,1,2
SF,IF2007,2020-06-05 09:30:04.100,3909.0000,14425,-3,23447280.000,4,0,4,多平,S,3907.0000,3906.4000,3906.0000,3905.0000,3904.2000,3909.0000,3910.0000,3911.4000,3912.8000,3913.0000,2,23,1,5,1,3,1,1,2,3
SF,IF2007,2020-06-05 09:30:04.600,3909.0000,14426,1,26965380.000,3,2,1,空开,S,3907.2000,3907.0000,3906.4000,3906.0000,3904.2000,3908.8000,3910.0000,3911.4000,3912.8000,3913.0000,1,2,23,1,1,1,1,1,2,1
SF,IF2007,2020-06-05 09:30:05.100,3909.0000,14426,0,26965380.000,0,-,-,-,-,3907.2000,3907.0000,3906.4000,3906.0000,3904.2000,3908.6000,3908.8000,3910.0000,3911.4000,3912.8000,1,3,23,1,1,1,1,1,1,2
SF,IF2007,2020-06-05 09:30:05.600,3907.0000,14424,-2,31654260.000,4,1,3,多平,S,3907.0000,3906.4000,3906.0000,3904.2000,3903.4000,3908.6000,3910.0000,3911.4000,3912.8000,3913.0000,1,23,1,1,2,1,1,1,2,2
SF,IF2007,2020-06-05 09:30:06.100,3907.0000,14424,0,31654260.000,0,-,-,-,-,3906.4000,3906.0000,3903.4000,3903.0000,3902.2000,3908.6000,3910.0000,3911.4000,3913.0000,3913.6000,23,1,2,1,2,1,1,1,2,1
SF,IF2007,2020-06-05 09:30:06.600,3907.0000,14424,0,31654260.000,0,-,-,-,-,3906.6000,3906.4000,3906.0000,3905.2000,3903.0000,3908.4000,3908.6000,3910.0000,3910.4000,3911.4000,1,23,1,1,1,1,1,1,2,1
SF,IF2007,2020-06-05 09:30:07.100,3906.6000,14423,-1,32826240.000,1,0,1,双平,S,3906.6000,3906.4000,3906.0000,3902.2000,3902.0000,3908.2000,3908.4000,3910.0000,3910.4000,3911.2000,1,23,1,2,2,1,2,1,2,1
SF,IF2007,2020-06-05 09:30:07.600,3906.6000,14422,-1,33998220.000,1,0,1,双平,S,3906.4000,3906.0000,3902.2000,3902.0000,3901.8000,3908.0000,3908.2000,3908.4000,3910.0000,3910.4000,23,1,2,2,1,2,1,1,1,2
SF,IF2007,2020-06-05 09:30:08.100,3906.6000,14422,0,33998220.000,0,-,-,-,-,3906.4000,3906.0000,3902.2000,3902.0000,3901.8000,3907.8000,3908.0000,3908.4000,3910.0000,3910.4000,23,1,2,2,1,1,2,1,1,2
SF,IF2007,2020-06-05 09:30:08.600,3907.6000,14421,-1,35170500.000,1,0,1,双平,S,3906.4000,3906.0000,3902.2000,3902.0000,3901.8000,3907.8000,3908.0000,3908.4000,3910.0000,3910.4000,23,1,2,2,1,1,2,1,1,2
SF,IF2007,2020-06-05 09:30:09.100,3906.4000,14421,0,42202020.000,6,3,3,多换,S,3906.4000,3906.0000,3902.2000,3902.0000,3901.8000,3906.8000,3907.2000,3907.6000,3907.8000,3908.0000,16,1,2,2,1,1,1,5,1,2
SF,IF2007,2020-06-05 09:30:09.600,3906.0000,14425,4,62124540.000,17,10,7,空开,S,3902.2000,3902.0000,3901.8000,3900.0000,3895.0000,3906.2000,3907.6000,3908.0000,3908.4000,3910.4000,2,2,1,5,1,2,5,2,1,2
SF,IF2007,2020-06-05 09:30:10.100,3906.0000,14425,0,62124540.000,0,-,-,-,-,3904.2000,3903.4000,3903.2000,3903.0000,3902.8000,3906.0000,3906.2000,3907.6000,3908.0000,3908.4000,1,3,2,1,3,1,1,5,2,1
SF,IF2007,2020-06-05 09:30:10.600,3904.4000,14424,-1,63295860.000,1,0,1,双平,S,3903.4000,3903.2000,3903.0000,3902.8000,3902.6000,3906.0000,3906.2000,3907.0000,3907.6000,3908.0000,3,3,1,3,2,1,1,1,3,2
SF,IF2007,2020-06-05 09:30:11.100,3904.4000,14424,0,63295860.000,0,-,-,-,-,3903.6000,3903.2000,3903.0000,3902.8000,3902.6000,3905.6000,3905.8000,3906.0000,3906.2000,3906.6000,1,1,1,3,1,1,1,1,1,1
SF,IF2007,2020-06-05 09:30:11.600,3904.4000,14424,0,63295860.000,0,-,-,-,-,3903.6000,3903.2000,3902.8000,3902.6000,3902.0000,3905.4000,3905.6000,3905.8000,3906.2000,3906.6000,1,1,1,1,2,1,1,1,1,1
SF,IF2007,2020-06-05 09:30:12.100,3904.4000,14424,0,63295860.000,0,-,-,-,-,3903.6000,3902.8000,3902.6000,3902.0000,3901.8000,3905.4000,3905.6000,3905.8000,3906.6000,3908.0000,1,1,1,2,1,1,1,1,1,2
SF,IF2007,2020-06-05 09:30:12.600,3905.4000,14423,-1,64467480.000,1,0,1,双平,S,3903.6000,3903.0000,3902.8000,3902.6000,3902.0000,3905.2000,3905.6000,3906.6000,3908.0000,3908.4000,1,1,1,1,2,1,1,1,2,1
SF,IF2007,2020-06-05 09:30:13.100,3905.4000,14423,0,64467480.000,0,-,-,-,-,3903.8000,3903.6000,3903.0000,3902.8000,3902.6000,3905.0000,3905.2000,3906.6000,3908.0000,3910.4000,1,1,1,1,1,1,1,1,2,2
SF,IF2007,2020-06-05 09:30:14.100,3905.4000,14423,0,64467480.000,0,-,-,-,-,3903.8000,3903.6000,3903.0000,3902.8000,3902.6000,3905.0000,3906.6000,3908.0000,3910.4000,3911.2000,1,1,1,1,1,1,1,2,2,1
SF,IF2007,2020-06-05 09:30:14.600,3905.4000,14422,-1,65639100.000,1,0,1,双平,S,3905.4000,3903.8000,3903.6000,3903.0000,3902.8000,3906.6000,3908.0000,3910.4000,3911.2000,3913.0000,1,1,1,1,1,1,2,2,1,2
SF,IF2007,2020-06-05 09:30:15.100,3905.4000,14422,0,66810720.000,1,0,1,多换,S,3903.6000,3903.0000,3902.8000,3902.6000,3902.0000,3905.0000,3905.2000,3906.0000,3906.2000,3906.4000,1,1,1,1,2,1,1,1,4,3
SF,IF2007,2020-06-05 09:30:15.600,3905.0000,14421,-1,67982220.000,1,0,1,双平,S,3903.8000,3903.6000,3903.0000,3902.8000,3902.6000,3906.2000,3906.4000,3906.6000,3908.0000,3908.4000,1,1,1,1,1,4,3,1,2,1
SF,IF2007,2020-06-05 09:30:16.100,3905.0000,14421,0,67982220.000,0,-,-,-,-,3904.0000,3903.8000,3903.6000,3903.0000,3902.8000,3906.0000,3906.2000,3906.6000,3908.0000,3908.4000,2,1,1,1,1,1,1,1,2,1
SF,IF2007,2020-06-05 09:30:16.600,3905.0000,14421,0,67982220.000,0,-,-,-,-,3904.4000,3904.2000,3904.0000,3903.6000,3903.0000,3906.0000,3906.2000,3906.6000,3908.0000,3908.4000,1,1,2,1,1,1,1,1,2,1
SF,IF2007,2020-06-05 09:30:17.100,3905.0000,14421,0,67982220.000,0,-,-,-,-,3904.6000,3904.4000,3904.0000,3903.6000,3903.0000,3905.8000,3906.2000,3906.6000,3908.0000,3908.4000,1,1,2,1,1,1,1,1,2,1
SF,IF2007,2020-06-05 09:30:17.600,3905.0000,14421,0,67982220.000,0,-,-,-,-,3904.8000,3904.6000,3904.4000,3904.0000,3903.6000,3905.8000,3906.2000,3906.6000,3908.0000,3908.4000,1,1,1,2,1,1,1,1,2,1
SF,IF2007,2020-06-05 09:30:18.100,3905.0000,14421,0,67982220.000,0,-,-,-,-,3904.8000,3904.6000,3904.4000,3904.0000,3903.6000,3905.8000,3906.2000,3906.6000,3908.0000,3908.2000,1,1,1,2,1,1,1,1,2,2
SF,IF2007,2020-06-05 09:30:18.600,3905.0000,14421,0,67982220.000,0,-,-,-,-,3904.8000,3904.6000,3904.4000,3904.0000,3903.6000,3906.2000,3906.6000,3908.0000,3908.2000,3908.4000,1,1,1,2,1,1,1,2,2,1
SF,IF2007,2020-06-05 09:30:19.100,3905.0000,14421,0,67982220.000,0,-,-,-,-,3905.0000,3904.8000,3904.4000,3903.6000,3903.0000,3906.2000,3906.6000,3908.0000,3908.2000,3908.4000,1,1,1,1,1,1,1,2,2,1
SF,IF2007,2020-06-05 09:30:19.600,3905.0000,14421,0,67982220.000,0,-,-,-,-,3905.0000,3904.4000,3903.6000,3903.0000,3902.8000,3906.2000,3906.6000,3908.0000,3908.2000,3908.4000,1,1,1,1,1,1,1,2,2,1
SF,IF2007,2020-06-05 09:30:20.100,3905.0000,14421,0,67982220.000,0,-,-,-,-,3905.0000,3904.4000,3903.0000,3902.8000,3902.6000,3906.2000,3906.6000,3908.0000,3908.4000,3911.2000,1,1,1,1,1,1,1,2,1,1
SF,IF2007,2020-06-05 09:30:20.600,3905.0000,14421,0,67982220.000,0,-,-,-,-,3905.0000,3904.4000,3903.0000,3902.8000,3902.6000,3906.2000,3906.6000,3908.0000,3908.4000,3910.0000,2,1,1,1,1,1,1,2,1,2
SF,IF2007,2020-06-05 09:30:21.100,3905.0000,14421,0,67982220.000,0,-,-,-,-,3905.0000,3904.4000,3903.0000,3902.8000,3902.6000,3906.2000,3906.6000,3908.0000,3908.4000,3910.0000,2,1,1,1,1,1,1,2,1,2
SF,IF2007,2020-06-05 09:30:21.600,3905.0000,14421,0,67982220.000,0,-,-,-,-,3905.0000,3904.4000,3903.0000,3902.8000,3902.6000,3906.0000,3906.2000,3906.6000,3908.0000,3908.4000,1,1,1,1,1,1,1,1,2,1
SF,IF2007,2020-06-05 09:30:22.100,3905.0000,14421,0,67982220.000,0,-,-,-,-,3904.4000,3903.0000,3902.8000,3902.6000,3902.0000,3905.8000,3906.0000,3906.2000,3906.6000,3908.0000,1,1,1,1,2,1,1,1,1,2
SF,IF2007,2020-06-05 09:30:22.600,3905.0000,14421,0,67982220.000,0,-,-,-,-,3904.6000,3904.4000,3903.0000,3902.8000,3902.6000,3905.2000,3905.8000,3906.0000,3906.2000,3906.6000,1,1,1,1,1,1,1,1,1,1
SF,IF2007,2020-06-05 09:30:23.100,3905.2000,14421,0,69153780.000,1,0,1,多换,S,3904.6000,3904.4000,3903.0000,3902.8000,3902.6000,3905.0000,3905.8000,3906.0000,3906.2000,3906.6000,1,1,1,1,1,1,1,1,1,1
SF,IF2007,2020-06-05 09:30:23.600,3904.8000,14420,-1,71496720.000,2,0,2,多平,S,3905.0000,3904.8000,3904.6000,3904.4000,3903.0000,3905.8000,3906.0000,3906.2000,3906.6000,3908.0000,2,1,1,1,1,1,1,1,1,2
SF,IF2007,2020-06-05 09:30:24.100,3905.0000,14420,0,72668220.000,1,0,1,多换,S,3905.0000,3903.0000,3902.8000,3902.6000,3902.0000,3905.6000,3905.8000,3906.2000,3906.6000,3908.0000,1,1,1,1,2,1,1,1,1,2
SF,IF2007,2020-06-05 09:30:24.600,3905.0000,14420,0,72668220.000,0,-,-,-,-,3905.0000,3903.0000,3902.8000,3902.6000,3902.0000,3905.6000,3905.8000,3906.2000,3906.6000,3908.0000,1,1,1,1,2,1,1,1,1,2
SF,IF2007,2020-06-05 09:30:25.600,3905.0000,14420,0,72668220.000,0,-,-,-,-,3905.0000,3903.0000,3902.8000,3902.6000,3902.0000,3905.6000,3905.8000,3906.2000,3906.6000,3908.0000,1,1,1,1,2,1,2,1,1,2
SF,IF2007,2020-06-05 09:30:26.100,3905.6000,14420,0,73839900.000,1,0,1,多换,S,3905.6000,3905.0000,3903.0000,3902.8000,3902.6000,3905.8000,3906.2000,3906.6000,3908.0000,3908.4000,1,1,1,1,1,2,1,1,2,1
SF,IF2007,2020-06-05 09:30:26.600,3905.6000,14420,0,75011580.000,1,0,1,多换,S,3905.0000,3903.0000,3902.8000,3902.6000,3902.0000,3905.4000,3905.8000,3906.2000,3906.6000,3908.0000,1,1,1,1,2,2,1,1,1,2
SF,IF2007,2020-06-05 09:30:27.600,3905.0000,14420,0,76183080.000,1,0,1,多换,S,3903.0000,3902.8000,3902.6000,3902.0000,3901.8000,3905.4000,3905.8000,3906.2000,3906.6000,3908.0000,1,1,1,2,1,2,1,1,1,2
SF,IF2007,2020-06-05 09:30:28.100,3905.2000,14419,-1,77354640.000,1,0,1,双平,S,3903.2000,3903.0000,3902.8000,3902.6000,3902.0000,3905.4000,3905.8000,3906.2000,3906.6000,3908.0000,3,1,1,1,2,2,1,1,1,2
SF,IF2007,2020-06-05 09:30:28.600,3905.2000,14419,0,77354640.000,0,-,-,-,-,3903.6000,3903.2000,3903.0000,3902.8000,3902.6000,3905.4000,3905.8000,3906.2000,3906.6000,3908.0000,1,3,1,1,1,2,1,1,1,2
SF,IF2007,2020-06-05 09:30:29.100,3905.4000,14420,1,78526260.000,1,1,0,双开,S,3903.8000,3903.6000,3903.2000,3903.0000,3902.8000,3905.4000,3905.8000,3906.2000,3906.6000,3908.0000,1,1,2,1,1,1,1,1,1,2
SF,IF2007,2020-06-05 09:30:29.600,3903.8000,14419,-1,79697400.000,1,0,1,双平,S,3903.6000,3903.2000,3903.0000,3902.8000,3902.6000,3905.4000,3905.8000,3906.2000,3906.6000,3908.0000,1,2,1,1,1,1,1,1,1,2
SF,IF2007,2020-06-05 09:30:30.100,3903.8000,14419,0,79697400.000,0,-,-,-,-,3903.8000,3903.6000,3903.2000,3903.0000,3902.8000,3905.2000,3905.4000,3905.8000,3906.2000,3906.6000,1,1,1,1,1,1,1,1,1,1
SF,IF2007,2020-06-05 09:30:30.600,3903.8000,14419,0,79697400.000,0,-,-,-,-,3903.8000,3903.6000,3903.2000,3903.0000,3902.8000,3905.2000,3905.8000,3906.2000,3906.6000,3908.0000,1,1,1,1,1,1,1,1,1,2
SF,IF2007,2020-06-05 09:30:31.100,3903.8000,14419,0,79697400.000,0,-,-,-,-,3904.0000,3903.8000,3903.2000,3903.0000,3902.8000,3905.8000,3906.2000,3906.6000,3908.0000,3908.4000,3,1,1,1,1,1,1,1,2,1
SF,IF2007,2020-06-05 09:30:31.600,3903.8000,14419,0,79697400.000,0,-,-,-,-,3904.2000,3904.0000,3903.2000,3903.0000,3902.8000,3905.8000,3906.2000,3906.6000,3908.0000,3908.4000,1,3,1,1,1,1,1,1,2,1
SF,IF2007,2020-06-05 09:30:32.100,3903.8000,14419,0,79697400.000,0,-,-,-,-,3904.2000,3904.0000,3903.2000,3903.0000,3902.8000,3905.8000,3906.2000,3906.6000,3908.0000,3908.4000,1,3,2,1,1,1,1,1,2,1
SF,IF2007,2020-06-05 09:30:32.600,3903.8000,14419,0,79697400.000,0,-,-,-,-,3904.2000,3904.0000,3903.2000,3903.0000,3902.8000,3905.6000,3905.8000,3906.2000,3906.6000,3908.0000,1,3,2,1,1,1,1,1,1,2
SF,IF2007,2020-06-05 09:30:34.100,3903.8000,14419,0,79697400.000,0,-,-,-,-,3904.2000,3904.0000,3903.2000,3903.0000,3902.8000,3905.6000,3905.8000,3906.2000,3906.6000,3908.0000,1,2,2,1,1,1,1,1,1,2
SF,IF2007,2020-06-05 09:30:36.100,3903.8000,14419,0,79697400.000,0,-,-,-,-,3904.2000,3904.0000,3903.2000,3903.0000,3902.8000,3905.6000,3905.8000,3906.2000,3906.6000,3908.0000,1,2,2,1,1,1,1,1,1,2
SF,IF2007,2020-06-05 09:30:36.600,3903.8000,14419,0,79697400.000,0,-,-,-,-,3904.2000,3904.0000,3903.2000,3903.0000,3902.8000,3905.4000,3905.6000,3905.8000,3906.2000,3906.6000,1,2,2,1,1,1,1,1,1,1
SF,IF2007,2020-06-05 09:30:37.100,3903.8000,14419,0,79697400.000,0,-,-,-,-,3904.2000,3904.0000,3903.2000,3903.0000,3902.8000,3905.2000,3905.4000,3905.6000,3905.8000,3906.2000,1,2,2,1,1,2,1,1,1,1
SF,IF2007,2020-06-05 09:30:37.600,3903.8000,14419,0,79697400.000,0,-,-,-,-,3904.2000,3904.0000,3903.2000,3903.0000,3902.8000,3905.2000,3905.4000,3905.6000,3905.8000,3906.2000,1,1,2,1,1,2,1,1,1,1
SF,IF2007,2020-06-05 09:30:38.100,3903.8000,14419,0,79697400.000,0,-,-,-,-,3904.2000,3904.0000,3903.2000,3903.0000,3902.0000,3905.2000,3905.4000,3905.6000,3905.8000,3906.2000,1,1,1,1,2,1,1,1,1,1
SF,IF2007,2020-06-05 09:30:39.100,3903.8000,14419,0,79697400.000,0,-,-,-,-,3904.2000,3904.0000,3903.2000,3903.0000,3902.0000,3905.2000,3905.4000,3905.6000,3905.8000,3906.2000,1,1,1,1,2,1,1,1,1,1
SF,IF2007,2020-06-05 09:30:39.600,3903.8000,14419,0,79697400.000,0,-,-,-,-,3904.2000,3903.2000,3903.0000,3902.0000,3901.8000,3905.2000,3905.4000,3905.6000,3905.8000,3906.2000,1,1,1,2,1,1,1,1,1,1
SF,IF2007,2020-06-05 09:30:40.100,3903.8000,14419,0,79697400.000,0,-,-,-,-,3903.2000,3903.0000,3902.0000,3901.8000,3900.0000,3905.2000,3905.4000,3905.6000,3905.8000,3906.2000,1,1,2,1,5,1,1,1,1,1
SF,IF2007,2020-06-05 09:30:40.600,3903.8000,14419,0,79697400.000,0,-,-,-,-,3903.4000,3903.2000,3903.0000,3902.0000,3901.8000,3905.0000,3905.2000,3905.6000,3905.8000,3906.2000,1,1,1,2,1,2,1,1,1,1
SF,IF2007,2020-06-05 09:30:41.600,3905.0000,14419,0,80868900.000,1,0,1,多换,S,3903.4000,3903.2000,3903.0000,3902.0000,3901.8000,3904.8000,3905.0000,3905.2000,3905.6000,3905.8000,1,1,1,1,1,1,1,1,1,1
SF,IF2007,2020-06-05 09:30:42.100,3905.0000,14419,0,80868900.000,0,-,-,-,-,3903.4000,3903.2000,3903.0000,3902.0000,3901.8000,3905.0000,3905.2000,3905.6000,3905.8000,3906.6000,1,1,1,1,1,1,1,1,1,1
SF,IF2007,2020-06-05 09:30:42.600,3905.0000,14419,0,80868900.000,0,-,-,-,-,3903.4000,3903.2000,3903.0000,3902.0000,3901.8000,3904.8000,3905.0000,3905.2000,3905.8000,3906.6000,1,1,1,1,1,1,1,1,1,1
SF,IF2007,2020-06-05 09:30:43.100,3904.8000,14418,-1,82040340.000,1,0,1,双平,S,3903.4000,3903.2000,3903.0000,3902.0000,3901.8000,3905.2000,3905.8000,3906.6000,3907.6000,3908.4000,1,1,1,1,1,1,1,1,1,1
SF,IF2007,2020-06-05 09:30:43.600,3904.8000,14418,0,82040340.000,0,-,-,-,-,3903.8000,3903.6000,3903.4000,3903.2000,3903.0000,3905.8000,3906.6000,3907.6000,3908.4000,3910.0000,1,3,1,1,1,1,1,1,1,2
SF,IF2007,2020-06-05 09:30:44.100,3904.8000,14418,0,82040340.000,0,-,-,-,-,3905.0000,3904.0000,3903.8000,3903.6000,3903.2000,3905.8000,3906.6000,3907.6000,3908.4000,3910.0000,1,2,1,3,1,1,1,1,1,2
SF,IF2007,2020-06-05 09:30:44.600,3904.8000,14418,0,83211780.000,1,0,1,多换,S,3904.0000,3903.8000,3903.6000,3903.2000,3903.0000,3905.8000,3906.6000,3907.6000,3908.4000,3910.0000,2,1,2,1,1,3,1,1,1,2
SF,IF2007,2020-06-05 09:30:46.100,3904.8000,14418,0,83211780.000,0,-,-,-,-,3904.0000,3903.8000,3903.6000,3903.2000,3903.0000,3905.4000,3905.8000,3906.6000,3907.6000,3908.4000,2,1,2,1,1,1,3,1,1,1
SF,IF2007,2020-06-05 09:30:47.100,3904.8000,14418,0,83211780.000,0,-,-,-,-,3904.0000,3903.8000,3903.6000,3903.2000,3903.0000,3905.4000,3905.8000,3906.6000,3908.4000,3910.0000,2,1,2,1,1,1,3,1,1,2
SF,IF2007,2020-06-05 09:30:48.100,3904.8000,14418,0,83211780.000,0,-,-,-,-,3904.2000,3904.0000,3903.8000,3903.6000,3903.2000,3905.4000,3905.8000,3906.6000,3908.4000,3910.0000,1,2,1,2,1,1,3,1,1,2
SF,IF2007,2020-06-05 09:30:48.600,3904.8000,14418,0,83211780.000,0,-,-,-,-,3904.4000,3904.2000,3904.0000,3903.8000,3903.6000,3905.4000,3905.8000,3906.6000,3908.4000,3910.0000,2,1,1,1,2,1,2,1,1,2
SF,IF2007,2020-06-05 09:30:49.100,3905.4000,14417,-1,84383400.000,1,0,1,双平,S,3904.6000,3904.4000,3904.2000,3904.0000,3903.8000,3905.8000,3906.6000,3908.4000,3910.0000,3910.6000,1,2,1,1,1,2,1,1,2,1
SF,IF2007,2020-06-05 09:30:49.600,3905.8000,14415,-2,86726880.000,2,0,2,双平,S,3904.8000,3904.6000,3904.4000,3904.2000,3904.0000,3906.6000,3908.4000,3910.0000,3910.6000,3913.0000,1,2,1,1,1,1,1,2,1,1
SF,IF2007,2020-06-05 09:30:50.100,3906.4000,14413,-2,89070540.000,2,0,2,双平,S,3905.4000,3904.8000,3904.6000,3904.4000,3904.2000,3906.6000,3908.4000,3910.0000,3910.6000,3913.0000,1,1,2,1,1,1,1,2,1,1
SF,IF2007,2020-06-05 09:30:50.600,3906.6000,14413,0,90242520.000,1,0,1,多换,S,3905.6000,3905.4000,3905.0000,3904.6000,3904.4000,3908.4000,3910.0000,3910.6000,3913.0000,3913.4000,1,1,1,1,1,1,2,1,1,1
SF,IF2007,2020-06-05 09:30:51.100,3906.6000,14413,0,90242520.000,0,-,-,-,-,3906.2000,3905.6000,3905.4000,3905.0000,3904.6000,3907.2000,3907.4000,3907.6000,3907.8000,3908.2000,1,1,1,1,1,3,3,2,2,1
SF,IF2007,2020-06-05 09:30:51.600,3906.4000,14412,-1,96102360.000,5,2,3,多平,S,3906.2000,3905.6000,3905.4000,3905.0000,3904.6000,3907.2000,3907.4000,3907.6000,3907.8000,3908.2000,1,1,1,1,1,2,3,2,1,1
SF,IF2007,2020-06-05 09:30:52.100,3906.4000,14412,0,96102360.000,0,-,-,-,-,3906.2000,3905.6000,3905.4000,3905.0000,3904.6000,3907.2000,3907.8000,3908.2000,3908.4000,3910.0000,1,1,1,1,1,2,1,1,1,2
SF,IF2007,2020-06-05 09:30:52.600,3906.4000,14412,0,96102360.000,0,-,-,-,-,3906.2000,3905.6000,3905.4000,3905.0000,3904.6000,3907.2000,3907.8000,3908.2000,3908.4000,3910.0000,1,1,1,1,1,2,1,1,1,2
SF,IF2007,2020-06-05 09:30:54.600,3907.2000,14411,-1,97274520.000,1,0,1,双平,S,3906.2000,3905.6000,3905.4000,3905.0000,3904.6000,3907.2000,3907.8000,3908.2000,3908.4000,3910.0000,1,1,1,1,1,1,1,1,1,2
SF,IF2007,2020-06-05 09:30:55.100,3907.2000,14410,-1,98446680.000,1,0,1,双平,S,3906.4000,3906.2000,3905.4000,3905.0000,3904.6000,3908.2000,3908.4000,3910.0000,3910.6000,3913.0000,1,1,1,1,1,1,1,2,1,1
SF,IF2007,2020-06-05 09:30:55.600,3907.2000,14410,0,98446680.000,0,-,-,-,-,3906.8000,3906.4000,3906.2000,3905.4000,3905.0000,3908.0000,3908.2000,3908.4000,3910.0000,3910.6000,1,1,1,1,1,2,1,1,2,1
SF,IF2007,2020-06-05 09:30:56.100,3907.2000,14410,0,98446680.000,0,-,-,-,-,3906.8000,3906.4000,3906.2000,3905.4000,3905.0000,3908.4000,3910.0000,3910.6000,3913.0000,3913.4000,1,1,1,1,1,1,2,1,1,6
SF,IF2007,2020-06-05 09:30:56.600,3907.2000,14410,0,98446680.000,0,-,-,-,-,3907.0000,3906.8000,3906.2000,3905.4000,3905.0000,3907.6000,3907.8000,3908.0000,3908.2000,3908.4000,1,1,1,1,1,2,4,2,1,1
SF,IF2007,2020-06-05 09:30:57.100,3907.0000,14409,-1,99618780.000,1,0,1,双平,S,3906.2000,3905.4000,3904.6000,3904.2000,3903.6000,3908.4000,3910.6000,3913.0000,3913.4000,3913.8000,1,1,1,1,2,1,1,1,6,1
SF,IF2007,2020-06-05 09:30:57.600,3907.0000,14409,0,99618780.000,0,-,-,-,-,3906.4000,3906.2000,3905.4000,3904.6000,3904.2000,3907.8000,3908.0000,3908.2000,3908.4000,3910.6000,1,1,1,1,1,2,4,2,1,1
SF,IF2007,2020-06-05 09:30:58.600,3907.0000,14409,0,99618780.000,0,-,-,-,-,3906.4000,3906.2000,3905.4000,3904.6000,3904.2000,3907.8000,3908.0000,3908.4000,3910.6000,3913.0000,1,1,1,1,1,2,1,1,1,1
SF,IF2007,2020-06-05 09:30:59.100,3907.8000,14408,-1,100791120.000,1,0,1,双平,S,3906.8000,3906.4000,3906.2000,3905.4000,3904.6000,3907.8000,3908.0000,3908.4000,3910.6000,3913.0000,1,1,1,1,1,1,7,1,1,1
SF,IF2007,2020-06-05 09:30:59.600,3907.8000,14407,-1,101963460.000,1,0,1,双平,S,3907.0000,3906.8000,3906.2000,3905.4000,3904.2000,3908.0000,3908.4000,3910.6000,3913.0000,3913.4000,3,1,1,1,1,7,1,1,1,6
SF,IF2007,2020-06-05 09:31:00.100,3908.0000,14407,0,110170260.000,7,3,4,多换,S,3907.2000,3907.0000,3906.8000,3906.2000,3905.4000,3908.4000,3910.6000,3913.0000,3913.4000,3913.8000,2,3,1,1,1,1,1,1,6,1
SF,IF2007,2020-06-05 09:31:00.600,3908.4000,14406,-1,111342780.000,1,0,1,双平,S,3907.4000,3907.2000,3907.0000,3906.8000,3906.2000,3910.6000,3913.0000,3913.4000,3913.8000,3914.2000,2,2,2,1,1,1,1,6,1,1
SF,IF2007,2020-06-05 09:31:01.100,3908.4000,14406,0,111342780.000,0,-,-,-,-,3907.4000,3907.0000,3906.8000,3906.2000,3904.2000,3908.8000,3909.0000,3909.2000,3909.4000,3909.6000,2,2,1,1,1,2,5,2,2,1
SF,IF2007,2020-06-05 09:31:01.600,3908.4000,14406,0,111342780.000,0,-,-,-,-,3907.4000,3907.0000,3906.8000,3906.2000,3904.2000,3908.8000,3909.0000,3909.2000,3909.4000,3909.6000,2,2,1,1,1,2,3,2,2,1
SF,IF2007,2020-06-05 09:31:02.100,3908.4000,14406,0,111342780.000,0,-,-,-,-,3907.4000,3907.0000,3906.8000,3906.2000,3904.2000,3908.8000,3909.4000,3909.6000,3910.0000,3910.4000,2,2,1,1,1,2,2,1,1,7
SF,IF2007,2020-06-05 09:31:02.600,3908.4000,14406,0,111342780.000,0,-,-,-,-,3907.8000,3907.6000,3907.4000,3907.0000,3906.8000,3910.4000,3910.6000,3913.0000,3913.4000,3913.8000,1,2,2,2,1,6,1,1,6,1
SF,IF2007,2020-06-05 09:31:03.100,3908.4000,14406,0,111342780.000,0,-,-,-,-,3908.2000,3908.0000,3907.8000,3907.6000,3907.4000,3909.4000,3909.6000,3909.8000,3910.0000,3910.2000,1,1,1,2,1,2,3,2,1,1
SF,IF2007,2020-06-05 09:31:03.600,3908.4000,14406,0,111342780.000,0,-,-,-,-,3908.4000,3908.2000,3907.8000,3907.6000,3907.4000,3909.4000,3909.6000,3909.8000,3910.0000,3910.2000,1,1,1,2,1,2,3,2,1,1
SF,IF2007,2020-06-05 09:31:04.100,3908.8000,14405,-1,112515420.000,1,0,1,双平,S,3908.4000,3908.2000,3907.8000,3907.6000,3907.4000,3909.4000,3909.6000,3909.8000,3910.0000,3910.2000,1,1,1,2,1,2,3,2,1,2
SF,IF2007,2020-06-05 09:31:04.600,3907.8000,14405,0,118377900.000,5,2,3,多换,S,3907.6000,3907.4000,3907.0000,3904.2000,3903.6000,3909.4000,3909.6000,3909.8000,3910.0000,3910.2000,2,1,2,1,2,2,3,2,1,2
SF,IF2007,2020-06-05 09:31:05.100,3907.8000,14405,0,118377900.000,0,-,-,-,-,3907.8000,3907.6000,3907.0000,3904.2000,3903.6000,3909.2000,3909.4000,3909.6000,3909.8000,3910.0000,1,2,1,1,2,3,1,3,2,1
SF,IF2007,2020-06-05 09:31:05.600,3907.8000,14405,0,118377900.000,0,-,-,-,-,3908.8000,3907.8000,3907.6000,3907.0000,3904.2000,3909.0000,3909.2000,3910.0000,3910.2000,3910.4000,1,1,2,1,1,3,1,1,2,3
SF,IF2007,2020-06-05 09:31:06.100,3909.0000,14405,0,121896000.000,3,1,2,多换,S,3908.8000,3907.8000,3907.0000,3904.2000,3903.6000,3910.2000,3910.4000,3910.6000,3913.0000,3913.4000,1,1,1,1,1,1,3,1,1,6
SF,IF2007,2020-06-05 09:31:06.600,3909.0000,14405,0,121896000.000,0,-,-,-,-,3908.8000,3908.2000,3908.0000,3907.8000,3907.0000,3909.8000,3910.0000,3910.2000,3910.6000,3913.0000,1,1,1,1,1,1,1,1,1,1
SF,IF2007,2020-06-05 09:31:07.100,3909.0000,14405,0,121896000.000,0,-,-,-,-,3908.8000,3908.2000,3908.0000,3907.8000,3907.0000,3909.2000,3910.2000,3910.4000,3910.6000,3913.0000,1,1,1,1,1,1,1,1,1,1
SF,IF2007,2020-06-05 09:31:07.600,3908.8000,14404,-1,123068640.000,1,0,1,双平,S,3908.2000,3908.0000,3907.8000,3907.0000,3904.2000,3908.8000,3909.2000,3909.4000,3910.2000,3910.4000,1,1,1,1,1,1,1,1,1,1
SF,IF2007,2020-06-05 09:31:08.100,3908.2000,14403,-1,124241100.000,1,0,1,双平,S,3907.8000,3907.0000,3904.2000,3903.6000,3903.2000,3909.2000,3909.4000,3910.2000,3910.4000,3910.6000,1,1,1,1,1,1,1,1,1,1
SF,IF2007,2020-06-05 09:31:08.600,3909.0000,14402,-1,125413800.000,1,0,1,双平,S,3907.8000,3907.0000,3904.2000,3903.6000,3903.2000,3909.0000,3909.2000,3909.4000,3910.2000,3910.4000,1,1,1,1,1,3,1,1,1,1
SF,IF2007,2020-06-05 09:31:09.600,3907.8000,14401,-1,126586140.000,1,0,1,双平,S,3907.0000,3904.2000,3903.6000,3903.2000,3903.0000,3909.0000,3909.2000,3910.2000,3910.4000,3910.6000,1,1,1,1,1,4,1,1,1,1
SF,IF2007,2020-06-05 09:31:10.100,3907.8000,14401,0,126586140.000,0,-,-,-,-,3907.0000,3904.2000,3903.6000,3903.2000,3903.0000,3908.8000,3909.0000,3909.2000,3910.4000,3910.6000,1,1,1,1,1,2,4,1,1,1
SF,IF2007,2020-06-05 09:31:10.600,3908.2000,14400,-1,127758600.000,1,0,1,双平,S,3907.0000,3904.2000,3903.6000,3903.2000,3903.0000,3908.8000,3909.0000,3909.2000,3910.4000,3910.6000,1,1,1,1,1,2,3,1,1,1
SF,IF2007,2020-06-05 09:31:11.100,3908.2000,14400,0,127758600.000,0,-,-,-,-,3907.0000,3904.2000,3903.6000,3903.2000,3903.0000,3908.2000,3908.6000,3908.8000,3909.0000,3909.2000,1,1,1,1,1,1,1,2,3,1
SF,IF2007,2020-06-05 09:31:11.600,3907.0000,14399,-1,128930700.000,1,0,1,双平,S,3904.2000,3903.6000,3903.2000,3902.6000,3902.0000,3908.0000,3908.2000,3908.6000,3908.8000,3909.0000,1,1,1,3,1,1,1,1,2,2
SF,IF2007,2020-06-05 09:31:12.100,3907.0000,14399,0,128930700.000,0,-,-,-,-,3906.6000,3905.4000,3905.2000,3905.0000,3904.8000,3908.0000,3908.2000,3908.8000,3909.0000,3909.2000,1,1,6,3,1,1,1,1,2,1
SF,IF2007,2020-06-05 09:31:12.600,3907.0000,14399,0,128930700.000,0,-,-,-,-,3905.4000,3905.2000,3905.0000,3904.8000,3904.4000,3907.8000,3908.0000,3908.2000,3908.8000,3909.0000,1,5,3,1,1,1,1,1,1,2
SF,IF2007,2020-06-05 09:31:13.100,3907.0000,14399,0,128930700.000,0,-,-,-,-,3906.2000,3905.6000,3905.4000,3905.2000,3905.0000,3907.8000,3908.0000,3908.2000,3908.8000,3909.0000,1,1,1,5,3,1,1,1,1,1
SF,IF2007,2020-06-05 09:31:14.100,3907.8000,14399,0,130103040.000,1,0,1,多换,S,3906.2000,3905.6000,3905.4000,3905.2000,3905.0000,3907.8000,3908.0000,3908.2000,3908.8000,3909.0000,1,1,1,5,3,2,1,1,1,1
SF,IF2007,2020-06-05 09:31:14.600,3907.8000,14399,0,130103040.000,0,-,-,-,-,3906.4000,3906.2000,3905.6000,3905.4000,3905.2000,3907.8000,3908.0000,3908.2000,3908.8000,3909.0000,1,1,1,1,5,2,1,1,1,1
SF,IF2007,2020-06-05 09:31:15.100,3907.8000,14397,-2,132447720.000,2,0,2,双平,S,3906.6000,3906.4000,3906.2000,3905.6000,3905.4000,3908.2000,3909.0000,3909.2000,3910.4000,3910.6000,2,1,1,1,1,1,1,1,1,1
SF,IF2007,2020-06-05 09:31:15.600,3907.8000,14397,0,132447720.000,0,-,-,-,-,3906.6000,3906.4000,3906.2000,3905.6000,3905.4000,3908.2000,3909.0000,3909.2000,3910.4000,3910.6000,2,1,1,1,1,6,1,1,1,1
SF,IF2007,2020-06-05 09:31:16.100,3907.8000,14397,0,132447720.000,0,-,-,-,-,3906.6000,3906.2000,3905.6000,3905.4000,3905.2000,3908.2000,3909.0000,3909.2000,3910.4000,3910.6000,2,1,1,1,5,6,1,1,1,1
SF,IF2007,2020-06-05 09:31:16.600,3907.8000,14397,0,132447720.000,0,-,-,-,-,3906.8000,3906.6000,3906.2000,3905.6000,3905.4000,3908.2000,3909.0000,3909.2000,3910.4000,3910.6000,1,2,1,1,1,6,1,1,1,1
SF,IF2007,2020-06-05 09:31:17.100,3908.2000,14397,0,133620180.000,1,0,1,多换,S,3906.8000,3906.6000,3906.2000,3905.6000,3905.4000,3908.2000,3909.0000,3909.2000,3910.4000,3910.6000,1,2,1,1,1,5,1,1,1,1
SF,IF2007,2020-06-05 09:31:17.600,3908.2000,14397,0,133620180.000,0,-,-,-,-,3906.8000,3906.6000,3906.2000,3905.6000,3905.4000,3908.2000,3909.0000,3909.2000,3910.4000,3910.6000,1,1,1,1,1,5,1,1,1,1
SF,IF2007,2020-06-05 09:31:18.100,3908.2000,14397,0,133620180.000,0,-,-,-,-,3906.8000,3906.6000,3906.2000,3905.6000,3905.4000,3908.2000,3909.0000,3910.4000,3910.6000,3911.0000,1,1,1,1,1,5,1,1,1,1
SF,IF2007,2020-06-05 09:31:19.100,3908.2000,14398,1,134792640.000,1,1,0,双开,S,3906.8000,3906.6000,3906.2000,3905.2000,3905.0000,3908.2000,3909.0000,3910.4000,3910.6000,3911.0000,1,1,1,3,2,4,1,1,1,1
SF,IF2007,2020-06-05 09:31:19.600,3908.2000,14398,0,134792640.000,0,-,-,-,-,3906.6000,3906.2000,3905.2000,3905.0000,3904.4000,3908.0000,3908.2000,3909.0000,3910.4000,3910.6000,1,1,3,2,1,1,4,1,1,1
SF,IF2007,2020-06-05 09:31:20.100,3908.2000,14398,0,134792640.000,0,-,-,-,-,3906.6000,3906.2000,3905.2000,3905.0000,3904.2000,3907.8000,3908.0000,3908.2000,3909.0000,3910.4000,1,1,3,2,2,1,1,4,1,1
SF,IF2007,2020-06-05 09:31:20.600,3908.2000,14398,0,134792640.000,0,-,-,-,-,3906.2000,3905.2000,3905.0000,3904.2000,3904.0000,3907.8000,3908.0000,3908.2000,3909.0000,3910.4000,1,3,2,2,2,1,1,4,1,1
SF,IF2007,2020-06-05 09:31:21.100,3908.2000,14398,0,134792640.000,0,-,-,-,-,3906.2000,3905.0000,3904.2000,3904.0000,3903.6000,3907.8000,3908.0000,3908.2000,3909.0000,3910.4000,1,2,2,2,1,1,1,4,1,1
SF,IF2007,2020-06-05 09:31:22.100,3908.2000,14398,0,134792640.000,0,-,-,-,-,3906.2000,3905.0000,3904.2000,3904.0000,3903.6000,3907.0000,3907.6000,3907.8000,3908.0000,3908.2000,1,2,2,2,1,1,1,1,1,4
SF,IF2007,2020-06-05 09:31:22.600,3908.2000,14398,0,134792640.000,0,-,-,-,-,3905.0000,3904.2000,3904.0000,3903.6000,3903.2000,3907.0000,3907.6000,3907.8000,3908.0000,3908.2000,2,2,2,1,1,1,1,1,1,4
SF,IF2007,2020-06-05 09:31:23.100,3908.2000,14398,0,134792640.000,0,-,-,-,-,3905.2000,3904.2000,3904.0000,3903.6000,3903.2000,3907.6000,3907.8000,3908.0000,3908.2000,3909.0000,3,2,2,1,1,1,1,1,4,1
SF,IF2007,2020-06-05 09:31:23.600,3908.2000,14398,0,134792640.000,0,-,-,-,-,3905.4000,3905.2000,3905.0000,3904.2000,3904.0000,3907.6000,3908.0000,3908.2000,3909.0000,3910.4000,1,7,1,2,2,1,1,4,1,1
SF,IF2007,2020-06-05 09:31:24.100,3908.2000,14398,0,134792640.000,0,-,-,-,-,3906.2000,3905.4000,3905.2000,3904.2000,3903.6000,3907.4000,3907.6000,3908.0000,3908.2000,3909.0000,1,1,1,2,1,2,2,1,4,1
SF,IF2007,2020-06-05 09:31:24.600,3908.2000,14398,0,134792640.000,0,-,-,-,-,3905.2000,3904.2000,3903.6000,3903.2000,3902.0000,3907.2000,3907.4000,3907.6000,3908.0000,3908.2000,1,2,1,1,1,1,2,2,1,4
SF,IF2007,2020-06-05 09:31:25.100,3908.2000,14398,0,134792640.000,0,-,-,-,-,3905.2000,3905.0000,3904.2000,3903.6000,3903.2000,3907.2000,3907.4000,3907.6000,3908.0000,3908.2000,1,1,2,1,1,1,1,2,1,4
SF,IF2007,2020-06-05 09:31:25.600,3908.2000,14398,0,134792640.000,0,-,-,-,-,3905.2000,3904.2000,3903.6000,3903.2000,3902.0000,3906.2000,3907.0000,3907.2000,3907.4000,3907.6000,1,2,1,1,1,2,1,1,1,2
SF,IF2007,2020-06-05 09:31:26.100,3906.2000,14396,-2,137136420.000,2,0,2,双平,S,3906.0000,3905.4000,3905.2000,3905.0000,3904.2000,3907.0000,3907.2000,3907.4000,3907.6000,3908.2000,1,1,1,1,2,1,1,1,2,4
SF,IF2007,2020-06-05 09:31:26.600,3907.0000,14396,0,138308520.000,1,0,1,多换,S,3907.0000,3905.2000,3904.2000,3903.6000,3903.2000,3907.2000,3907.4000,3907.6000,3908.2000,3909.0000,1,1,2,1,1,1,1,2,4,1
SF,IF2007,2020-06-05 09:31:27.100,3907.0000,14396,0,139480620.000,1,0,1,多换,S,3905.2000,3904.2000,3903.6000,3903.2000,3902.0000,3906.6000,3907.2000,3907.4000,3907.6000,3908.2000,1,2,1,1,1,1,1,1,2,4
SF,IF2007,2020-06-05 09:31:27.600,3907.0000,14396,0,139480620.000,0,-,-,-,-,3906.6000,3905.2000,3904.2000,3903.6000,3903.2000,3907.2000,3907.4000,3907.6000,3908.2000,3909.0000,2,1,2,1,1,1,1,1,4,1
SF,IF2007,2020-06-05 09:31:28.100,3907.0000,14396,0,144168660.000,4,2,2,多换,S,3905.2000,3904.2000,3903.6000,3903.2000,3902.0000,3907.0000,3907.2000,3907.4000,3907.6000,3908.2000,1,2,1,1,1,1,1,1,1,4
SF,IF2007,2020-06-05 09:31:28.600,3907.0000,14396,0,145340760.000,1,0,1,多换,S,3907.0000,3905.2000,3904.2000,3903.6000,3903.2000,3907.4000,3907.6000,3908.2000,3909.0000,3910.4000,1,1,2,1,1,1,1,4,1,1
SF,IF2007,2020-06-05 09:31:29.100,3907.0000,14396,0,146512860.000,1,0,1,多换,S,3905.2000,3904.2000,3903.6000,3903.2000,3902.0000,3906.8000,3907.4000,3907.6000,3908.2000,3909.0000,1,2,1,1,1,8,1,1,4,1
SF,IF2007,2020-06-05 09:31:29.600,3906.8000,14396,0,147684900.000,1,0,1,多换,S,3906.8000,3905.2000,3904.2000,3903.6000,3903.2000,3907.4000,3907.6000,3908.2000,3909.0000,3910.4000,1,1,2,1,1,1,1,4,1,1
SF,IF2007,2020-06-05 09:31:30.100,3906.8000,14396,0,148856940.000,1,0,1,多换,S,3905.2000,3904.2000,3903.6000,3902.0000,3901.8000,3907.4000,3907.6000,3908.2000,3909.0000,3910.4000,1,2,1,1,1,1,1,4,1,1
SF,IF2007,2020-06-05 09:31:30.600,3906.8000,14396,0,148856940.000,0,-,-,-,-,3905.2000,3904.2000,3903.6000,3902.6000,3902.0000,3907.0000,3907.4000,3908.2000,3909.0000,3910.4000,1,1,1,1,1,1,1,4,1,1
SF,IF2007,2020-06-05 09:31:31.100,3906.8000,14396,0,148856940.000,0,-,-,-,-,3905.4000,3905.2000,3904.2000,3903.6000,3902.6000,3907.4000,3908.2000,3909.0000,3910.4000,3910.6000,1,1,1,1,1,1,4,1,1,1
SF,IF2007,2020-06-05 09:31:31.600,3906.8000,14396,0,148856940.000,0,-,-,-,-,3905.8000,3905.6000,3905.4000,3905.2000,3904.2000,3907.4000,3908.2000,3909.0000,3910.4000,3910.6000,1,1,1,1,1,1,4,1,1,1
SF,IF2007,2020-06-05 09:31:32.100,3907.4000,14396,0,151201320.000,2,1,1,多换,S,3906.0000,3905.8000,3905.6000,3905.2000,3904.2000,3908.2000,3909.0000,3910.4000,3910.6000,3911.0000,1,1,1,1,1,4,1,1,1,1
SF,IF2007,2020-06-05 09:31:32.600,3906.0000,14395,-1,152373120.000,1,0,1,双平,S,3905.8000,3905.6000,3905.2000,3904.2000,3903.6000,3907.8000,3908.2000,3909.0000,3910.4000,3910.6000,1,1,1,1,1,2,4,1,1,1
SF,IF2007,2020-06-05 09:31:33.100,3906.0000,14395,0,152373120.000,0,-,-,-,-,3905.8000,3905.6000,3905.2000,3904.2000,3903.6000,3907.4000,3907.6000,3907.8000,3908.2000,3909.0000,1,1,1,1,1,3,2,3,4,1
SF,IF2007,2020-06-05 09:31:33.600,3905.8000,14395,0,153544860.000,1,0,1,多换,S,3905.2000,3904.2000,3903.6000,3902.6000,3902.0000,3906.8000,3907.2000,3907.4000,3907.6000,3907.8000,1,1,1,1,1,2,5,4,2,2
SF,IF2007,2020-06-05 09:31:34.100,3905.8000,14395,0,153544860.000,0,-,-,-,-,3904.2000,3903.6000,3902.6000,3902.0000,3901.8000,3906.4000,3907.2000,3907.4000,3907.6000,3907.8000,1,1,1,1,1,2,5,4,2,2
SF,IF2007,2020-06-05 09:31:34.600,3905.8000,14395,0,153544860.000,0,-,-,-,-,3904.2000,3903.6000,3902.6000,3902.0000,3901.8000,3906.4000,3907.2000,3907.4000,3907.6000,3907.8000,1,1,1,1,1,3,5,3,2,2
SF,IF2007,2020-06-05 09:31:35.100,3905.8000,14395,0,153544860.000,0,-,-,-,-,3904.2000,3903.6000,3902.6000,3902.0000,3901.8000,3906.2000,3906.4000,3907.2000,3907.4000,3907.6000,1,1,1,1,1,2,1,5,3,2
SF,IF2007,2020-06-05 09:31:35.600,3905.8000,14395,0,153544860.000,0,-,-,-,-,3904.2000,3903.6000,3902.6000,3902.0000,3901.8000,3906.2000,3906.4000,3907.2000,3907.4000,3907.6000,1,1,1,1,1,2,2,5,3,2
SF,IF2007,2020-06-05 09:31:36.100,3905.8000,14395,0,153544860.000,0,-,-,-,-,3904.2000,3903.6000,3902.6000,3902.0000,3901.8000,3906.2000,3906.4000,3907.2000,3907.4000,3907.6000,1,1,1,1,1,2,2,3,3,2
SF,IF2007,2020-06-05 09:31:36.600,3905.8000,14395,0,153544860.000,0,-,-,-,-,3904.2000,3903.6000,3902.6000,3902.0000,3901.8000,3906.0000,3906.4000,3907.2000,3907.4000,3907.6000,1,1,1,1,1,2,2,3,3,2
SF,IF2007,2020-06-05 09:31:37.100,3905.8000,14395,0,153544860.000,0,-,-,-,-,3904.2000,3903.6000,3902.6000,3902.0000,3901.8000,3905.8000,3906.0000,3906.4000,3907.2000,3907.4000,1,1,1,1,1,1,2,1,2,3
SF,IF2007,2020-06-05 09:31:40.100,3905.8000,14395,0,153544860.000,0,-,-,-,-,3904.2000,3903.6000,3902.6000,3902.0000,3901.8000,3906.0000,3906.4000,3907.2000,3907.4000,3907.6000,2,1,1,1,1,2,1,2,3,2
SF,IF2007,2020-06-05 09:31:40.600,3905.8000,14395,0,153544860.000,0,-,-,-,-,3904.2000,3903.6000,3902.6000,3902.0000,3901.8000,3905.6000,3906.0000,3906.4000,3907.2000,3907.4000,2,1,1,1,1,1,2,1,2,3
SF,IF2007,2020-06-05 09:31:41.600,3905.8000,14395,0,153544860.000,0,-,-,-,-,3904.2000,3903.6000,3902.6000,3902.0000,3901.8000,3905.6000,3906.0000,3906.4000,3907.2000,3907.4000,1,1,1,1,1,1,2,1,2,3
SF,IF2007,2020-06-05 09:31:42.100,3905.8000,14395,0,153544860.000,0,-,-,-,-,3904.2000,3903.6000,3902.0000,3901.8000,3900.2000,3905.4000,3905.6000,3906.0000,3906.4000,3907.2000,1,1,1,1,1,1,1,2,1,2
SF,IF2007,2020-06-05 09:31:43.600,3904.2000,14394,-1,154716120.000,1,0,1,双平,S,3903.6000,3902.0000,3901.8000,3900.2000,3900.0000,3905.4000,3905.6000,3906.0000,3906.4000,3907.2000,1,1,1,1,5,1,1,2,1,2
SF,IF2007,2020-06-05 09:31:45.100,3904.2000,14394,0,154716120.000,0,-,-,-,-,3903.6000,3902.0000,3901.8000,3900.2000,3900.0000,3905.2000,3905.4000,3905.6000,3906.0000,3906.4000,1,1,1,1,5,1,1,1,2,1
SF,IF2007,2020-06-05 09:31:45.600,3904.2000,14394,0,154716120.000,0,-,-,-,-,3902.0000,3901.8000,3900.2000,3900.0000,3898.0000,3905.2000,3905.4000,3905.6000,3906.0000,3906.4000,1,1,1,5,2,1,1,1,2,1
SF,IF2007,2020-06-05 09:31:46.100,3904.2000,14394,0,154716120.000,0,-,-,-,-,3902.0000,3901.8000,3900.2000,3900.0000,3898.0000,3905.0000,3905.6000,3906.0000,3906.4000,3907.2000,1,1,1,5,2,1,1,2,1,2
SF,IF2007,2020-06-05 09:31:46.600,3904.2000,14394,0,154716120.000,0,-,-,-,-,3903.4000,3902.6000,3902.2000,3902.0000,3901.8000,3904.8000,3905.0000,3905.6000,3906.4000,3907.2000,1,1,2,1,1,2,1,1,1,2
SF,IF2007,2020-06-05 09:31:47.100,3904.2000,14394,0,154716120.000,0,-,-,-,-,3903.4000,3902.6000,3902.2000,3902.0000,3901.8000,3905.0000,3905.6000,3906.4000,3907.2000,3907.4000,1,1,3,1,1,1,1,1,2,3
SF,IF2007,2020-06-05 09:31:47.600,3904.2000,14394,0,154716120.000,0,-,-,-,-,3902.6000,3902.2000,3902.0000,3901.8000,3900.2000,3904.8000,3905.0000,3905.6000,3906.4000,3907.2000,1,3,1,1,1,2,1,1,1,2
SF,IF2007,2020-06-05 09:31:48.100,3904.2000,14394,0,154716120.000,0,-,-,-,-,3902.6000,3902.2000,3902.0000,3901.8000,3900.2000,3904.6000,3904.8000,3905.0000,3905.6000,3906.4000,1,2,1,1,1,2,1,2,1,1
SF,IF2007,2020-06-05 09:31:48.600,3904.2000,14394,0,154716120.000,0,-,-,-,-,3902.6000,3902.2000,3902.0000,3901.8000,3900.2000,3904.4000,3904.8000,3905.0000,3905.6000,3906.4000,1,2,1,1,1,2,1,2,1,1
SF,IF2007,2020-06-05 09:31:49.100,3904.2000,14394,0,154716120.000,0,-,-,-,-,3902.6000,3902.2000,3902.0000,3901.8000,3900.2000,3904.4000,3904.8000,3905.0000,3905.6000,3906.4000,1,2,1,1,1,3,1,1,1,1
SF,IF2007,2020-06-05 09:31:49.600,3904.2000,14394,0,154716120.000,0,-,-,-,-,3902.6000,3902.2000,3902.0000,3901.8000,3900.2000,3904.2000,3904.4000,3905.0000,3906.4000,3907.2000,1,2,1,1,1,1,3,2,1,1
SF,IF2007,2020-06-05 09:31:50.100,3904.2000,14394,0,154716120.000,0,-,-,-,-,3902.2000,3902.0000,3901.8000,3900.2000,3899.4000,3904.2000,3904.4000,3905.0000,3906.4000,3907.2000,1,1,1,1,1,1,3,2,1,1
SF,IF2007,2020-06-05 09:31:50.600,3904.2000,14394,0,154716120.000,0,-,-,-,-,3902.0000,3901.8000,3900.2000,3899.4000,3898.0000,3904.0000,3904.2000,3905.0000,3905.2000,3906.4000,1,1,1,1,2,3,2,2,1,1
SF,IF2007,2020-06-05 09:31:52.600,3904.2000,14394,0,154716120.000,0,-,-,-,-,3902.0000,3901.8000,3900.2000,3899.4000,3898.0000,3903.8000,3904.0000,3904.2000,3905.0000,3905.2000,1,1,1,1,2,2,4,1,2,1
SF,IF2007,2020-06-05 09:31:53.100,3904.2000,14394,0,154716120.000,0,-,-,-,-,3901.8000,3900.2000,3899.4000,3898.0000,3895.0000,3903.4000,3903.6000,3903.8000,3904.0000,3904.2000,1,1,1,2,5,2,3,2,2,1
SF,IF2007,2020-06-05 09:31:53.600,3904.2000,14394,0,154716120.000,0,-,-,-,-,3901.8000,3900.2000,3898.0000,3897.6000,3895.0000,3903.4000,3903.6000,3903.8000,3904.0000,3904.2000,1,1,2,1,5,2,3,2,2,1
SF,IF2007,2020-06-05 09:31:54.100,3904.2000,14394,0,154716120.000,0,-,-,-,-,3901.8000,3900.2000,3898.0000,3897.6000,3895.0000,3903.0000,3903.4000,3903.6000,3903.8000,3904.0000,1,1,2,1,5,1,2,3,1,2
SF,IF2007,2020-06-05 09:31:55.100,3904.2000,14394,0,154716120.000,0,-,-,-,-,3902.8000,3901.8000,3900.2000,3898.0000,3897.6000,3903.4000,3903.6000,3903.8000,3904.0000,3905.0000,1,1,1,2,1,2,3,1,1,2
SF,IF2007,2020-06-05 09:31:55.600,3902.8000,14392,-2,157057980.000,2,0,2,双平,S,3901.8000,3900.2000,3898.0000,3897.6000,3895.0000,3905.0000,3905.2000,3906.4000,3908.0000,3908.2000,1,1,2,1,5,2,1,1,2,6
SF,IF2007,2020-06-05 09:31:56.100,3902.8000,14392,0,157057980.000,0,-,-,-,-,3903.0000,3902.0000,3901.8000,3900.2000,3898.0000,3904.6000,3904.8000,3905.0000,3905.2000,3906.4000,1,1,1,1,2,2,3,2,1,1
SF,IF2007,2020-06-05 09:31:56.600,3903.0000,14391,-1,158228880.000,1,0,1,双平,S,3902.0000,3901.8000,3900.2000,3898.0000,3897.6000,3904.8000,3905.0000,3905.2000,3906.4000,3908.0000,1,1,1,2,1,3,2,1,1,2
SF,IF2007,2020-06-05 09:31:57.100,3903.0000,14391,0,158228880.000,0,-,-,-,-,3902.2000,3902.0000,3901.8000,3900.2000,3898.0000,3904.6000,3904.8000,3905.0000,3905.2000,3906.4000,2,1,1,1,2,2,3,2,1,1
SF,IF2007,2020-06-05 09:31:57.600,3903.0000,14391,0,158228880.000,0,-,-,-,-,3902.2000,3902.0000,3901.8000,3900.2000,3898.0000,3904.4000,3904.6000,3904.8000,3905.0000,3905.2000,2,1,1,1,2,1,3,3,2,1
SF,IF2007,2020-06-05 09:31:58.100,3903.0000,14391,0,158228880.000,0,-,-,-,-,3902.4000,3902.2000,3902.0000,3901.8000,3900.2000,3904.4000,3904.6000,3904.8000,3905.0000,3905.2000,1,2,1,1,1,1,3,3,2,1
SF,IF2007,2020-06-05 09:31:59.100,3903.0000,14391,0,158228880.000,0,-,-,-,-,3902.4000,3902.2000,3902.0000,3901.8000,3900.2000,3904.2000,3904.4000,3904.6000,3904.8000,3905.0000,1,2,1,1,1,1,1,3,3,2
SF,IF2007,2020-06-05 09:31:59.600,3903.0000,14391,0,158228880.000,0,-,-,-,-,3902.0000,3901.8000,3900.2000,3898.0000,3897.6000,3904.2000,3904.4000,3904.6000,3904.8000,3905.0000,1,1,1,2,1,1,1,3,3,2
SF,IF2007,2020-06-05 09:32:00.100,3903.0000,14391,0,158228880.000,0,-,-,-,-,3902.0000,3901.8000,3900.2000,3898.0000,3897.6000,3903.8000,3904.0000,3904.2000,3904.4000,3904.8000,1,1,1,2,1,2,1,1,1,3
SF,IF2007,2020-06-05 09:32:01.100,3903.0000,14391,0,158228880.000,0,-,-,-,-,3902.0000,3901.8000,3900.2000,3898.0000,3897.6000,3903.6000,3903.8000,3904.0000,3904.4000,3904.8000,1,1,1,2,1,1,2,2,1,3
SF,IF2007,2020-06-05 09:32:01.600,3903.0000,14391,0,158228880.000,0,-,-,-,-,3901.8000,3900.2000,3898.0000,3897.6000,3895.0000,3903.4000,3903.6000,3903.8000,3904.0000,3904.4000,1,1,2,1,5,1,2,2,2,1
SF,IF2007,2020-06-05 09:32:02.100,3903.0000,14391,0,158228880.000,0,-,-,-,-,3902.0000,3901.8000,3900.2000,3898.0000,3897.6000,3903.6000,3903.8000,3904.0000,3904.4000,3904.8000,1,1,1,2,1,2,2,2,1,3
SF,IF2007,2020-06-05 09:32:02.600,3903.0000,14391,0,158228880.000,0,-,-,-,-,3901.8000,3900.2000,3898.0000,3897.6000,3895.0000,3903.2000,3903.4000,3903.6000,3904.0000,3904.4000,1,1,2,1,5,2,1,2,2,1
SF,IF2007,2020-06-05 09:32:03.100,3903.0000,14391,0,158228880.000,0,-,-,-,-,3901.8000,3900.2000,3898.0000,3897.6000,3895.0000,3903.2000,3903.4000,3903.6000,3904.0000,3904.4000,1,1,2,1,5,2,1,1,2,1
SF,IF2007,2020-06-05 09:32:03.600,3903.0000,14391,0,158228880.000,0,-,-,-,-,3901.8000,3900.2000,3898.0000,3897.6000,3895.0000,3903.2000,3903.4000,3903.6000,3904.0000,3904.4000,1,1,2,1,5,2,1,2,2,1
SF,IF2007,2020-06-05 09:32:04.100,3903.0000,14391,0,158228880.000,0,-,-,-,-,3901.8000,3900.2000,3898.0000,3897.6000,3895.0000,3903.0000,3903.2000,3903.4000,3903.6000,3904.0000,1,1,2,1,5,1,2,1,2,1
SF,IF2007,2020-06-05 09:32:04.600,3903.0000,14390,-1,159399780.000,1,0,1,双平,S,3901.8000,3900.2000,3898.0000,3897.6000,3895.0000,3903.2000,3903.6000,3904.4000,3905.0000,3905.2000,1,1,2,1,5,2,1,1,2,1
SF,IF2007,2020-06-05 09:32:05.100,3903.0000,14390,0,159399780.000,0,-,-,-,-,3901.8000,3900.2000,3898.0000,3897.6000,3895.0000,3903.0000,3903.2000,3903.6000,3904.4000,3905.0000,1,1,2,1,5,1,2,1,1,2
SF,IF2007,2020-06-05 09:32:05.600,3903.2000,14389,-1,160570740.000,1,0,1,双平,S,3901.8000,3900.2000,3898.0000,3897.6000,3895.0000,3903.2000,3903.6000,3904.4000,3905.0000,3905.2000,1,1,2,1,5,1,1,1,2,1
SF,IF2007,2020-06-05 09:32:06.600,3903.2000,14389,0,160570740.000,0,-,-,-,-,3902.0000,3901.8000,3900.2000,3898.0000,3897.6000,3903.2000,3903.6000,3904.4000,3905.0000,3905.2000,1,1,1,2,1,1,1,1,2,1
SF,IF2007,2020-06-05 09:32:07.100,3903.2000,14388,-1,161741700.000,1,0,1,双平,S,3902.0000,3901.8000,3900.2000,3898.0000,3897.6000,3903.6000,3904.4000,3905.0000,3905.2000,3906.4000,1,1,1,2,1,1,1,2,1,1
SF,IF2007,2020-06-05 09:32:07.600,3903.2000,14388,0,161741700.000,0,-,-,-,-,3902.2000,3902.0000,3901.8000,3900.2000,3898.0000,3903.6000,3904.4000,3905.0000,3905.2000,3906.4000,1,1,1,1,2,1,1,2,1,1
SF,IF2007,2020-06-05 09:32:08.100,3903.2000,14388,0,161741700.000,0,-,-,-,-,3902.6000,3902.4000,3902.2000,3902.0000,3901.8000,3903.6000,3904.4000,3905.0000,3905.2000,3906.4000,1,2,1,1,1,1,1,2,1,1
SF,IF2007,2020-06-05 09:32:08.600,3903.2000,14388,0,161741700.000,0,-,-,-,-,3902.6000,3902.4000,3902.2000,3902.0000,3901.8000,3903.6000,3904.4000,3905.0000,3905.2000,3906.4000,2,2,1,1,1,1,1,2,1,1
SF,IF2007,2020-06-05 09:32:09.100,3903.2000,14388,0,161741700.000,0,-,-,-,-,3902.8000,3902.6000,3902.4000,3902.2000,3902.0000,3903.6000,3904.4000,3905.0000,3905.2000,3906.4000,1,1,2,1,1,1,1,2,1,1
SF,IF2007,2020-06-05 09:32:09.600,3903.6000,14388,0,162912780.000,1,0,1,多换,S,3902.8000,3902.6000,3902.4000,3902.2000,3902.0000,3904.4000,3905.0000,3905.2000,3906.4000,3908.0000,1,1,2,1,1,1,2,1,1,2
SF,IF2007,2020-06-05 09:32:10.600,3903.6000,14388,0,162912780.000,0,-,-,-,-,3903.0000,3902.8000,3902.6000,3902.4000,3902.2000,3904.2000,3904.4000,3905.0000,3905.2000,3906.4000,1,1,1,2,1,1,1,2,1,1
SF,IF2007,2020-06-05 09:32:11.100,3902.4000,14384,-4,167596080.000,4,0,4,双平,S,3902.4000,3902.0000,3901.8000,3900.2000,3898.0000,3904.2000,3904.4000,3905.0000,3906.4000,3908.0000,1,1,1,1,2,1,1,1,1,2
SF,IF2007,2020-06-05 09:32:11.600,3902.4000,14384,0,167596080.000,0,-,-,-,-,3902.8000,3902.6000,3902.4000,3902.0000,3901.8000,3904.2000,3904.4000,3905.0000,3906.4000,3908.0000,1,1,1,1,1,1,1,1,1,2
SF,IF2007,2020-06-05 09:32:12.100,3902.4000,14384,0,167596080.000,0,-,-,-,-,3903.0000,3902.8000,3902.6000,3902.4000,3902.0000,3904.2000,3905.0000,3906.4000,3908.0000,3908.2000,1,1,1,1,1,1,1,1,2,4
SF,IF2007,2020-06-05 09:32:12.600,3902.4000,14384,0,167596080.000,0,-,-,-,-,3903.0000,3902.6000,3902.4000,3902.0000,3901.8000,3904.2000,3905.0000,3906.4000,3908.0000,3908.2000,1,3,2,1,1,1,1,1,2,4
SF,IF2007,2020-06-05 09:32:13.100,3902.4000,14384,0,167596080.000,0,-,-,-,-,3903.2000,3903.0000,3902.6000,3902.4000,3902.0000,3904.2000,3905.0000,3906.4000,3908.0000,3908.2000,1,1,3,2,1,1,1,1,2,4
SF,IF2007,2020-06-05 09:32:13.600,3902.4000,14384,0,167596080.000,0,-,-,-,-,3903.2000,3903.0000,3902.6000,3902.4000,3902.0000,3905.0000,3906.4000,3908.0000,3908.2000,3909.0000,1,1,3,2,1,1,1,2,4,1
SF,IF2007,2020-06-05 09:32:14.100,3902.4000,14384,0,167596080.000,0,-,-,-,-,3903.4000,3903.2000,3903.0000,3902.6000,3902.4000,3905.0000,3906.4000,3908.0000,3908.2000,3909.0000,1,1,1,3,1,1,1,2,4,1
SF,IF2007,2020-06-05 09:32:14.600,3902.4000,14384,0,167596080.000,0,-,-,-,-,3903.6000,3903.4000,3903.2000,3903.0000,3902.6000,3904.8000,3905.0000,3906.4000,3908.0000,3908.2000,1,1,2,1,3,1,1,1,2,4
SF,IF2007,2020-06-05 09:32:15.100,3902.4000,14384,0,167596080.000,0,-,-,-,-,3903.4000,3903.2000,3903.0000,3902.8000,3902.6000,3904.8000,3905.0000,3906.0000,3906.4000,3908.0000,1,1,3,2,3,1,1,1,1,2
SF,IF2007,2020-06-05 09:32:15.600,3902.4000,14384,0,167596080.000,0,-,-,-,-,3903.6000,3903.4000,3903.2000,3903.0000,3902.8000,3904.8000,3905.0000,3906.0000,3906.4000,3908.0000,1,1,1,3,2,1,1,1,1,2
SF,IF2007,2020-06-05 09:32:16.100,3902.4000,14384,0,167596080.000,0,-,-,-,-,3903.6000,3903.4000,3903.2000,3903.0000,3902.8000,3905.0000,3906.0000,3906.4000,3908.0000,3908.2000,1,1,1,3,2,1,1,1,2,4
SF,IF2007,2020-06-05 09:32:16.600,3902.4000,14384,0,167596080.000,0,-,-,-,-,3903.6000,3903.4000,3903.2000,3903.0000,3902.8000,3905.0000,3906.0000,3906.4000,3908.0000,3908.2000,1,1,1,3,2,1,1,1,2,4
SF,IF2007,2020-06-05 09:32:18.100,3902.4000,14384,0,167596080.000,0,-,-,-,-,3903.6000,3903.4000,3903.2000,3903.0000,3902.8000,3904.6000,3905.0000,3906.0000,3906.4000,3908.0000,1,1,1,2,3,1,1,1,1,2
SF,IF2007,2020-06-05 09:32:18.600,3902.4000,14384,0,167596080.000,0,-,-,-,-,3903.4000,3903.2000,3903.0000,3902.8000,3902.6000,3904.6000,3905.0000,3906.0000,3906.4000,3908.0000,1,1,2,2,4,1,1,1,1,2
SF,IF2007,2020-06-05 09:32:19.100,3902.4000,14384,0,167596080.000,0,-,-,-,-,3903.2000,3903.0000,3902.8000,3902.6000,3902.4000,3904.6000,3905.0000,3906.0000,3906.4000,3908.0000,1,1,2,4,2,1,2,1,1,2
SF,IF2007,2020-06-05 09:32:20.100,3902.4000,14384,0,167596080.000,0,-,-,-,-,3903.2000,3903.0000,3902.6000,3902.4000,3901.8000,3904.6000,3905.0000,3906.0000,3906.4000,3908.0000,1,1,4,2,1,1,2,1,1,2
SF,IF2007,2020-06-05 09:32:20.600,3902.4000,14384,0,167596080.000,0,-,-,-,-,3903.2000,3902.6000,3902.4000,3901.8000,3901.0000,3904.6000,3905.0000,3906.0000,3906.4000,3908.0000,1,4,2,1,1,1,2,1,1,2
SF,IF2007,2020-06-05 09:32:21.100,3902.4000,14384,0,167596080.000,0,-,-,-,-,3903.2000,3902.6000,3902.4000,3901.8000,3901.0000,3904.6000,3905.0000,3906.0000,3906.4000,3908.0000,1,3,1,1,1,1,2,1,1,2
SF,IF2007,2020-06-05 09:32:21.600,3902.4000,14384,0,167596080.000,0,-,-,-,-,3903.2000,3902.6000,3902.4000,3901.8000,3901.0000,3904.6000,3905.0000,3906.0000,3906.4000,3908.0000,1,1,1,1,1,1,2,1,1,2
SF,IF2007,2020-06-05 09:32:22.100,3903.2000,14383,-1,168767040.000,1,0,1,双平,S,3902.6000,3901.8000,3901.0000,3898.0000,3895.0000,3904.2000,3904.6000,3905.0000,3906.0000,3906.4000,1,1,1,2,5,1,1,2,1,1
SF,IF2007,2020-06-05 09:32:22.600,3903.2000,14383,0,168767040.000,0,-,-,-,-,3902.8000,3901.8000,3901.0000,3898.0000,3895.0000,3904.6000,3905.0000,3906.0000,3906.4000,3908.0000,1,1,1,2,5,1,2,1,1,2
SF,IF2007,2020-06-05 09:32:23.100,3903.2000,14383,0,168767040.000,0,-,-,-,-,3901.8000,3901.0000,3898.0000,3895.0000,3893.8000,3904.4000,3904.6000,3905.0000,3906.0000,3906.4000,1,1,2,5,1,1,1,2,1,1
SF,IF2007,2020-06-05 09:32:23.600,3903.2000,14383,0,168767040.000,0,-,-,-,-,3902.0000,3901.8000,3901.0000,3898.0000,3895.0000,3904.6000,3905.0000,3906.0000,3906.4000,3908.0000,1,1,1,2,5,1,2,1,1,2
SF,IF2007,2020-06-05 09:32:24.100,3903.2000,14383,0,168767040.000,0,-,-,-,-,3902.2000,3902.0000,3901.8000,3901.0000,3898.0000,3904.6000,3905.0000,3906.0000,3906.4000,3908.0000,1,2,1,1,2,1,2,1,1,2
SF,IF2007,2020-06-05 09:32:24.600,3903.2000,14383,0,168767040.000,0,-,-,-,-,3902.6000,3902.4000,3902.2000,3902.0000,3901.8000,3904.6000,3905.0000,3906.0000,3906.4000,3908.0000,1,1,1,2,1,1,2,1,1,2
SF,IF2007,2020-06-05 09:32:25.100,3903.2000,14383,0,168767040.000,0,-,-,-,-,3902.8000,3902.6000,3902.4000,3902.2000,3902.0000,3904.4000,3904.6000,3905.0000,3906.0000,3906.4000,1,1,1,1,2,1,1,2,1,1
SF,IF2007,2020-06-05 09:32:25.600,3903.2000,14383,0,168767040.000,0,-,-,-,-,3903.0000,3902.6000,3902.4000,3902.2000,3902.0000,3904.6000,3905.0000,3906.0000,3906.4000,3908.0000,1,1,1,1,2,1,2,1,1,2
SF,IF2007,2020-06-05 09:32:26.100,3903.2000,14383,0,168767040.000,0,-,-,-,-,3902.4000,3902.2000,3902.0000,3901.8000,3901.0000,3904.4000,3904.6000,3905.0000,3906.0000,3906.4000,1,1,2,1,1,2,1,2,1,1
SF,IF2007,2020-06-05 09:32:26.600,3903.2000,14383,0,168767040.000,0,-,-,-,-,3902.6000,3902.4000,3902.2000,3902.0000,3901.8000,3904.4000,3904.6000,3905.0000,3906.0000,3906.4000,3,1,1,2,1,1,1,2,1,1
SF,IF2007,2020-06-05 09:32:27.100,3903.2000,14383,0,168767040.000,0,-,-,-,-,3902.6000,3902.4000,3902.0000,3901.8000,3901.0000,3904.2000,3904.6000,3905.0000,3906.0000,3906.4000,3,1,2,1,1,2,1,2,1,1
SF,IF2007,2020-06-05 09:32:27.600,3903.2000,14383,0,168767040.000,0,-,-,-,-,3902.6000,3902.0000,3901.8000,3901.0000,3898.0000,3904.2000,3904.4000,3904.6000,3905.0000,3906.0000,2,2,1,1,2,2,1,1,2,1
SF,IF2007,2020-06-05 09:32:28.100,3903.2000,14383,0,168767040.000,0,-,-,-,-,3902.0000,3901.8000,3901.0000,3898.0000,3895.0000,3904.0000,3904.2000,3904.4000,3904.6000,3905.0000,2,1,1,2,5,1,2,1,1,2
SF,IF2007,2020-06-05 09:32:28.600,3903.2000,14383,0,168767040.000,0,-,-,-,-,3902.2000,3902.0000,3901.8000,3901.0000,3898.0000,3903.8000,3904.2000,3904.4000,3904.6000,3905.0000,2,2,1,1,2,1,1,1,1,2
SF,IF2007,2020-06-05 09:32:29.100,3903.2000,14383,0,168767040.000,0,-,-,-,-,3902.2000,3901.8000,3901.0000,3898.0000,3895.0000,3903.6000,3904.4000,3904.6000,3905.0000,3906.0000,1,1,1,2,5,1,1,1,2,1
SF,IF2007,2020-06-05 09:32:29.600,3903.2000,14383,0,168767040.000,0,-,-,-,-,3901.8000,3901.0000,3898.0000,3895.0000,3893.8000,3902.6000,3903.4000,3904.4000,3904.6000,3905.0000,1,1,2,5,1,1,1,1,1,2
SF,IF2007,2020-06-05 09:32:30.100,3903.2000,14382,-1,169938000.000,1,0,1,双平,S,3902.0000,3901.8000,3901.0000,3898.0000,3895.0000,3904.4000,3904.6000,3905.0000,3906.0000,3906.4000,1,1,1,2,5,1,1,2,1,1
SF,IF2007,2020-06-05 09:32:30.600,3903.2000,14382,0,169938000.000,0,-,-,-,-,3901.8000,3901.0000,3898.6000,3898.0000,3895.0000,3904.0000,3904.2000,3904.4000,3904.6000,3905.0000,1,1,1,2,5,1,2,1,1,2
SF,IF2007,2020-06-05 09:32:31.100,3903.2000,14382,0,169938000.000,0,-,-,-,-,3901.8000,3901.0000,3898.6000,3898.0000,3895.0000,3903.8000,3904.4000,3904.6000,3905.0000,3906.0000,1,1,1,2,5,3,1,1,2,1
SF,IF2007,2020-06-05 09:32:31.600,3903.2000,14382,0,169938000.000,0,-,-,-,-,3901.8000,3901.0000,3898.6000,3898.0000,3895.0000,3903.4000,3903.6000,3903.8000,3904.0000,3904.4000,1,1,1,2,5,2,5,1,2,1
SF,IF2007,2020-06-05 09:32:32.100,3903.2000,14382,0,169938000.000,0,-,-,-,-,3901.8000,3901.0000,3898.6000,3898.0000,3895.0000,3902.6000,3903.2000,3903.4000,3903.6000,3904.0000,1,1,1,2,5,1,2,3,3,2
SF,IF2007,2020-06-05 09:32:32.600,3903.2000,14382,0,169938000.000,0,-,-,-,-,3901.8000,3901.0000,3898.6000,3898.0000,3895.0000,3902.6000,3903.4000,3903.6000,3904.4000,3904.6000,1,1,1,2,5,1,3,3,1,1
SF,IF2007,2020-06-05 09:32:33.100,3903.2000,14382,0,169938000.000,0,-,-,-,-,3901.8000,3901.0000,3898.6000,3898.0000,3895.0000,3902.6000,3903.4000,3903.6000,3904.4000,3904.6000,1,1,1,2,5,1,3,3,1,1
SF,IF2007,2020-06-05 09:32:34.600,3903.2000,14382,0,169938000.000,0,-,-,-,-,3901.8000,3901.0000,3898.6000,3898.0000,3895.0000,3902.6000,3903.4000,3903.6000,3904.4000,3904.6000,2,1,1,2,5,1,3,3,1,1
SF,IF2007,2020-06-05 09:32:35.600,3903.2000,14382,0,169938000.000,0,-,-,-,-,3901.8000,3901.0000,3898.6000,3898.0000,3895.0000,3902.6000,3903.4000,3903.6000,3904.4000,3904.6000,2,1,1,2,5,1,2,3,1,1
SF,IF2007,2020-06-05 09:32:36.100,3903.2000,14382,0,169938000.000,0,-,-,-,-,3901.8000,3901.0000,3898.6000,3898.0000,3895.0000,3902.4000,3902.6000,3903.4000,3903.6000,3904.4000,2,1,1,2,5,1,1,2,3,1
SF,IF2007,2020-06-05 09:32:36.600,3903.2000,14382,0,169938000.000,0,-,-,-,-,3901.8000,3901.0000,3898.6000,3898.0000,3895.0000,3902.6000,3903.4000,3903.6000,3904.4000,3904.6000,2,1,1,2,5,1,2,3,1,1
SF,IF2007,2020-06-05 09:32:38.100,3902.6000,14383,1,171108780.000,1,1,0,双开,S,3901.8000,3901.0000,3898.6000,3898.0000,3895.0000,3902.6000,3903.4000,3903.6000,3904.4000,3904.6000,2,1,1,2,5,1,2,3,1,1
SF,IF2007,2020-06-05 09:32:38.600,3901.8000,14383,0,172279320.000,1,0,1,多换,S,3901.8000,3901.0000,3898.6000,3898.0000,3895.0000,3902.6000,3903.4000,3903.6000,3904.4000,3904.6000,1,1,1,2,5,1,2,3,1,1
SF,IF2007,2020-06-05 09:32:39.100,3901.8000,14382,-1,173449860.000,1,0,1,双平,S,3901.0000,3898.6000,3898.0000,3895.0000,3893.8000,3902.6000,3903.4000,3903.6000,3904.4000,3904.6000,1,1,2,5,1,1,2,3,1,1
SF,IF2007,2020-06-05 09:32:39.600,3901.8000,14382,0,173449860.000,0,-,-,-,-,3901.0000,3898.6000,3898.0000,3895.0000,3893.8000,3902.4000,3902.6000,3903.4000,3903.6000,3904.4000,1,1,2,5,1,1,1,2,3,1
SF,IF2007,2020-06-05 09:32:40.100,3901.8000,14382,0,173449860.000,0,-,-,-,-,3901.2000,3901.0000,3898.6000,3898.0000,3895.0000,3902.6000,3903.4000,3903.6000,3904.4000,3904.6000,1,1,1,2,5,1,2,3,1,1
SF,IF2007,2020-06-05 09:32:40.600,3901.8000,14382,0,173449860.000,0,-,-,-,-,3901.0000,3898.6000,3898.0000,3895.0000,3893.8000,3902.2000,3902.6000,3903.4000,3903.6000,3904.4000,1,1,2,5,1,1,1,2,3,1
SF,IF2007,2020-06-05 09:32:41.100,3901.8000,14382,0,173449860.000,0,-,-,-,-,3901.2000,3901.0000,3898.6000,3898.0000,3895.0000,3902.6000,3903.4000,3903.6000,3904.4000,3904.6000,1,1,1,2,5,1,2,3,1,1
SF,IF2007,2020-06-05 09:32:41.600,3901.8000,14382,0,173449860.000,0,-,-,-,-,3901.0000,3898.0000,3895.0000,3893.8000,3888.8000,3902.6000,3903.4000,3903.6000,3904.4000,3904.6000,1,2,5,1,1,1,2,3,1,1
SF,IF2007,2020-06-05 09:32:42.100,3901.8000,14382,0,173449860.000,0,-,-,-,-,3901.0000,3898.0000,3895.4000,3895.0000,3893.8000,3902.4000,3902.6000,3902.8000,3903.6000,3904.4000,1,2,1,5,1,3,1,1,3,1
SF,IF2007,2020-06-05 09:32:42.600,3901.8000,14382,0,173449860.000,0,-,-,-,-,3901.2000,3901.0000,3898.0000,3895.4000,3895.0000,3902.4000,3902.6000,3903.6000,3904.4000,3904.6000,1,1,2,1,5,4,1,3,1,1
SF,IF2007,2020-06-05 09:32:43.100,3901.8000,14382,0,173449860.000,0,-,-,-,-,3901.0000,3898.0000,3895.4000,3895.0000,3893.8000,3902.4000,3902.6000,3903.6000,3904.4000,3904.6000,1,2,1,5,1,2,1,3,1,1
SF,IF2007,2020-06-05 09:32:43.600,3901.8000,14382,0,173449860.000,0,-,-,-,-,3901.2000,3901.0000,3898.0000,3895.4000,3895.0000,3902.4000,3902.6000,3903.6000,3904.4000,3904.6000,1,1,2,1,5,2,1,3,1,1
SF,IF2007,2020-06-05 09:32:44.100,3901.4000,14382,0,174620280.000,1,0,1,多换,S,3901.0000,3898.0000,3895.4000,3895.0000,3893.8000,3902.4000,3902.6000,3903.6000,3904.4000,3904.6000,2,2,1,5,1,2,1,3,1,1
SF,IF2007,2020-06-05 09:32:44.600,3901.0000,14380,-2,176960880.000,2,0,2,双平,S,3898.0000,3895.4000,3895.0000,3893.8000,3888.8000,3902.2000,3902.4000,3902.6000,3903.6000,3904.4000,2,1,5,1,1,1,2,1,3,1
SF,IF2007,2020-06-05 09:32:45.100,3901.0000,14380,0,176960880.000,0,-,-,-,-,3900.4000,3899.4000,3899.2000,3899.0000,3898.4000,3902.4000,3902.6000,3903.6000,3904.4000,3904.6000,1,1,2,2,1,2,1,3,1,1
SF,IF2007,2020-06-05 09:32:45.600,3901.0000,14380,0,176960880.000,0,-,-,-,-,3900.6000,3899.4000,3899.2000,3899.0000,3898.4000,3902.2000,3902.6000,3903.6000,3904.4000,3904.6000,2,1,2,2,1,2,1,3,1,1
SF,IF2007,2020-06-05 09:32:46.100,3901.0000,14380,0,176960880.000,0,-,-,-,-,3900.8000,3900.6000,3899.4000,3899.2000,3899.0000,3902.6000,3903.6000,3904.4000,3904.6000,3905.0000,1,2,1,2,2,1,3,1,1,1
SF,IF2007,2020-06-05 09:32:46.600,3901.0000,14380,0,176960880.000,0,-,-,-,-,3901.0000,3900.6000,3899.4000,3899.2000,3899.0000,3902.4000,3902.6000,3903.6000,3904.4000,3904.6000,2,1,1,2,2,1,1,3,1,1
SF,IF2007,2020-06-05 09:32:47.100,3901.0000,14380,0,176960880.000,0,-,-,-,-,3901.0000,3900.6000,3900.2000,3899.4000,3899.2000,3902.4000,3902.6000,3903.6000,3904.4000,3904.6000,2,1,1,1,2,1,1,3,1,1
SF,IF2007,2020-06-05 09:32:47.600,3901.0000,14380,0,176960880.000,0,-,-,-,-,3901.2000,3901.0000,3900.6000,3900.2000,3899.4000,3902.4000,3902.6000,3903.6000,3904.4000,3904.6000,1,2,1,1,1,1,1,3,1,1
SF,IF2007,2020-06-05 09:32:48.100,3901.0000,14380,0,176960880.000,0,-,-,-,-,3901.0000,3900.6000,3900.2000,3899.4000,3899.2000,3902.2000,3902.4000,3902.6000,3903.6000,3904.4000,1,1,1,1,2,1,3,1,3,1
SF,IF2007,2020-06-05 09:32:48.600,3901.0000,14380,0,176960880.000,0,-,-,-,-,3901.0000,3900.6000,3900.2000,3899.4000,3899.2000,3902.4000,3902.6000,3903.6000,3904.4000,3904.6000,1,1,1,1,2,2,1,3,1,1
SF,IF2007,2020-06-05 09:32:49.100,3901.0000,14380,0,176960880.000,0,-,-,-,-,3901.2000,3901.0000,3900.6000,3900.2000,3899.4000,3902.4000,3902.6000,3903.6000,3904.4000,3904.6000,1,1,1,1,1,2,1,3,1,1
SF,IF2007,2020-06-05 09:32:49.600,3901.0000,14380,0,176960880.000,0,-,-,-,-,3901.0000,3900.6000,3900.2000,3899.4000,3899.2000,3902.2000,3902.4000,3902.6000,3903.6000,3904.4000,1,1,1,1,2,1,2,1,3,1
SF,IF2007,2020-06-05 09:32:50.100,3901.0000,14380,0,176960880.000,0,-,-,-,-,3901.2000,3901.0000,3900.6000,3900.2000,3899.4000,3902.4000,3902.6000,3903.6000,3904.4000,3904.6000,1,1,1,1,1,2,1,3,1,1
SF,IF2007,2020-06-05 09:32:50.600,3901.0000,14380,0,176960880.000,0,-,-,-,-,3901.0000,3900.6000,3900.2000,3899.4000,3899.2000,3902.4000,3902.6000,3903.6000,3904.4000,3904.6000,1,1,1,1,2,2,1,3,1,1
SF,IF2007,2020-06-05 09:32:51.100,3901.0000,14380,0,176960880.000,0,-,-,-,-,3901.2000,3901.0000,3900.6000,3900.2000,3899.4000,3902.4000,3902.6000,3903.6000,3904.4000,3904.6000,1,1,1,1,1,2,1,3,1,1
SF,IF2007,2020-06-05 09:32:51.600,3901.0000,14380,0,176960880.000,0,-,-,-,-,3901.0000,3900.6000,3900.2000,3899.4000,3899.2000,3902.2000,3902.4000,3902.6000,3903.6000,3904.4000,1,1,1,1,2,1,2,1,3,1
SF,IF2007,2020-06-05 09:32:52.100,3901.0000,14380,0,176960880.000,0,-,-,-,-,3900.6000,3900.2000,3899.4000,3899.2000,3899.0000,3902.6000,3903.6000,3904.2000,3904.4000,3904.6000,1,1,1,2,2,1,3,2,1,1
SF,IF2007,2020-06-05 09:32:52.600,3901.0000,14380,0,176960880.000,0,-,-,-,-,3900.8000,3900.6000,3900.2000,3900.0000,3899.4000,3902.6000,3903.6000,3904.2000,3904.4000,3904.6000,3,2,1,1,1,1,3,2,1,1
SF,IF2007,2020-06-05 09:32:53.100,3901.0000,14380,0,176960880.000,0,-,-,-,-,3901.4000,3901.2000,3900.8000,3900.6000,3900.2000,3903.6000,3904.2000,3904.4000,3904.6000,3905.0000,1,1,2,1,1,3,2,1,1,1
SF,IF2007,2020-06-05 09:32:53.600,3901.0000,14380,0,176960880.000,0,-,-,-,-,3901.4000,3900.8000,3900.6000,3900.2000,3899.4000,3903.6000,3904.2000,3904.4000,3904.6000,3905.0000,1,1,1,1,1,3,2,1,1,1
SF,IF2007,2020-06-05 09:32:54.100,3901.0000,14380,0,176960880.000,0,-,-,-,-,3901.4000,3900.8000,3900.6000,3900.2000,3899.4000,3903.0000,3903.4000,3903.6000,3904.2000,3904.4000,1,1,1,1,1,1,4,3,2,1
SF,IF2007,2020-06-05 09:32:54.600,3901.0000,14380,0,176960880.000,0,-,-,-,-,3901.6000,3901.4000,3900.6000,3900.2000,3900.0000,3903.0000,3903.4000,3904.2000,3904.4000,3904.6000,2,1,1,1,1,1,2,2,1,1
SF,IF2007,2020-06-05 09:32:55.100,3901.0000,14380,0,176960880.000,0,-,-,-,-,3902.0000,3901.6000,3901.4000,3900.6000,3900.2000,3903.0000,3903.4000,3904.2000,3904.4000,3904.6000,1,1,1,1,1,1,2,2,1,1
SF,IF2007,2020-06-05 09:32:55.600,3903.0000,14380,0,178131780.000,1,0,1,多换,S,3902.2000,3901.4000,3900.6000,3900.2000,3900.0000,3904.2000,3904.4000,3904.6000,3905.0000,3906.0000,1,1,1,1,1,2,1,1,1,1
SF,IF2007,2020-06-05 09:32:56.100,3903.0000,14380,0,178131780.000,0,-,-,-,-,3902.4000,3901.4000,3900.6000,3900.2000,3900.0000,3904.0000,3904.2000,3904.4000,3904.6000,3905.0000,1,1,1,1,1,3,2,1,1,1
SF,IF2007,2020-06-05 09:32:56.600,3903.0000,14380,0,178131780.000,0,-,-,-,-,3901.6000,3901.4000,3900.6000,3900.2000,3900.0000,3903.8000,3904.0000,3904.4000,3904.6000,3905.0000,2,1,1,1,1,1,2,1,1,1
SF,IF2007,2020-06-05 09:32:57.100,3903.0000,14380,0,178131780.000,0,-,-,-,-,3901.6000,3901.4000,3900.6000,3900.2000,3900.0000,3904.0000,3904.4000,3904.6000,3905.0000,3906.0000,2,1,1,1,1,1,1,1,1,3
SF,IF2007,2020-06-05 09:32:57.600,3903.0000,14380,0,178131780.000,0,-,-,-,-,3902.0000,3901.6000,3901.4000,3900.6000,3900.2000,3904.0000,3904.4000,3904.6000,3905.0000,3906.0000,1,2,1,1,1,1,1,1,1,3
SF,IF2007,2020-06-05 09:32:58.100,3903.0000,14380,0,178131780.000,0,-,-,-,-,3902.2000,3901.6000,3901.4000,3900.6000,3900.2000,3903.8000,3904.0000,3904.4000,3904.6000,3905.0000,2,2,1,1,1,1,1,1,1,1
SF,IF2007,2020-06-05 09:32:58.600,3903.0000,14380,0,178131780.000,0,-,-,-,-,3902.2000,3901.6000,3901.4000,3900.6000,3900.2000,3903.6000,3904.0000,3904.4000,3904.6000,3905.0000,1,1,1,1,1,2,1,1,1,1
SF,IF2007,2020-06-05 09:32:59.100,3903.0000,14380,0,178131780.000,0,-,-,-,-,3901.6000,3901.4000,3900.6000,3900.2000,3900.0000,3903.6000,3904.0000,3904.4000,3904.6000,3905.0000,1,1,1,1,1,2,1,1,1,1
SF,IF2007,2020-06-05 09:32:59.600,3903.0000,14380,0,178131780.000,0,-,-,-,-,3901.8000,3901.6000,3901.4000,3900.6000,3900.2000,3903.4000,3903.6000,3904.4000,3904.6000,3905.0000,1,1,1,1,1,1,2,1,1,1
SF,IF2007,2020-06-05 09:33:00.100,3903.2000,14380,0,179302740.000,1,0,1,多换,S,3902.2000,3902.0000,3901.6000,3901.4000,3900.6000,3903.6000,3904.4000,3904.6000,3905.0000,3906.0000,1,1,1,1,1,1,1,1,1,3
SF,IF2007,2020-06-05 09:33:00.600,3903.2000,14380,0,179302740.000,0,-,-,-,-,3902.2000,3901.6000,3901.4000,3900.6000,3900.2000,3903.4000,3903.6000,3904.4000,3904.6000,3905.0000,1,1,1,1,1,1,1,1,1,1
SF,IF2007,2020-06-05 09:33:01.100,3903.2000,14380,0,179302740.000,0,-,-,-,-,3902.2000,3901.6000,3901.4000,3900.6000,3900.2000,3903.6000,3904.4000,3904.6000,3905.0000,3906.0000,1,1,1,1,1,1,1,1,1,3
SF,IF2007,2020-06-05 09:33:01.600,3903.2000,14380,0,179302740.000,0,-,-,-,-,3902.2000,3901.6000,3901.4000,3900.6000,3900.2000,3903.6000,3904.4000,3904.6000,3905.0000,3906.0000,1,1,1,1,1,1,1,1,1,3
SF,IF2007,2020-06-05 09:33:02.100,3902.2000,14379,-1,180473400.000,1,0,1,双平,S,3901.6000,3901.4000,3900.6000,3900.2000,3899.4000,3903.4000,3903.6000,3904.4000,3904.6000,3905.0000,1,1,1,1,1,1,1,1,1,1
SF,IF2007,2020-06-05 09:33:02.600,3902.2000,14379,0,180473400.000,0,-,-,-,-,3901.4000,3900.6000,3900.2000,3899.4000,3899.2000,3902.8000,3903.2000,3903.6000,3904.4000,3904.6000,1,1,1,1,2,1,1,1,1,1
SF,IF2007,2020-06-05 09:33:03.100,3902.2000,14379,0,180473400.000,0,-,-,-,-,3901.8000,3901.6000,3901.4000,3900.6000,3900.2000,3902.8000,3903.0000,3904.4000,3904.6000,3905.0000,1,1,1,1,1,1,1,1,1,1
SF,IF2007,2020-06-05 09:33:03.600,3902.2000,14379,0,180473400.000,0,-,-,-,-,3901.4000,3900.6000,3900.2000,3899.4000,3899.2000,3902.6000,3902.8000,3903.0000,3904.4000,3904.6000,1,1,1,1,2,1,1,1,1,1
SF,IF2007,2020-06-05 09:33:04.100,3902.2000,14379,0,180473400.000,0,-,-,-,-,3901.4000,3900.6000,3900.2000,3899.4000,3899.2000,3902.8000,3903.0000,3904.4000,3904.6000,3905.0000,1,1,1,1,2,1,1,1,1,1
SF,IF2007,2020-06-05 09:33:05.100,3902.2000,14379,0,180473400.000,0,-,-,-,-,3901.8000,3901.6000,3901.4000,3900.6000,3900.2000,3903.0000,3904.4000,3904.6000,3905.0000,3906.0000,1,1,1,1,1,1,1,1,1,3
SF,IF2007,2020-06-05 09:33:05.600,3902.2000,14379,0,180473400.000,0,-,-,-,-,3901.8000,3901.4000,3900.6000,3900.2000,3899.4000,3903.0000,3904.4000,3904.6000,3905.0000,3906.0000,1,1,1,1,1,1,1,1,1,3
SF,IF2007,2020-06-05 09:33:06.100,3902.2000,14379,0,180473400.000,0,-,-,-,-,3901.8000,3901.4000,3900.6000,3900.2000,3899.4000,3904.4000,3904.6000,3905.0000,3906.0000,3907.0000,1,1,1,1,1,1,1,1,3,4
SF,IF2007,2020-06-05 09:33:06.600,3902.2000,14379,0,180473400.000,0,-,-,-,-,3901.8000,3901.4000,3900.6000,3900.2000,3899.4000,3904.0000,3904.2000,3904.4000,3904.6000,3905.0000,1,1,1,1,1,2,3,1,1,1
SF,IF2007,2020-06-05 09:33:07.100,3902.2000,14379,0,180473400.000,0,-,-,-,-,3901.8000,3901.4000,3900.6000,3900.2000,3899.4000,3903.8000,3904.0000,3904.2000,3904.4000,3904.6000,1,1,1,1,1,1,4,3,1,1
SF,IF2007,2020-06-05 09:33:07.600,3902.2000,14379,0,180473400.000,0,-,-,-,-,3901.8000,3901.4000,3900.6000,3900.2000,3899.4000,3903.2000,3903.6000,3903.8000,3904.0000,3904.2000,1,1,1,1,1,2,2,1,2,3
SF,IF2007,2020-06-05 09:33:08.100,3902.2000,14379,0,180473400.000,0,-,-,-,-,3901.4000,3900.6000,3900.2000,3899.4000,3899.2000,3902.6000,3903.8000,3904.2000,3904.4000,3904.6000,1,1,1,1,2,1,1,3,1,1
SF,IF2007,2020-06-05 09:33:08.600,3902.6000,14377,-2,182814660.000,2,0,2,双平,S,3901.6000,3901.4000,3900.6000,3900.2000,3899.4000,3904.2000,3904.4000,3904.6000,3905.0000,3906.0000,1,1,1,1,1,3,1,1,1,3
SF,IF2007,2020-06-05 09:33:09.100,3903.4000,14377,0,185156700.000,2,1,1,多换,S,3901.4000,3900.6000,3900.2000,3899.2000,3899.0000,3904.0000,3904.2000,3904.4000,3904.6000,3905.0000,1,1,1,2,2,5,3,1,1,1
SF,IF2007,2020-06-05 09:33:09.600,3903.4000,14377,0,185156700.000,0,-,-,-,-,3901.4000,3900.6000,3900.2000,3899.2000,3899.0000,3903.0000,3903.6000,3903.8000,3904.0000,3904.2000,1,1,1,1,2,2,1,2,4,3
SF,IF2007,2020-06-05 09:33:10.100,3903.4000,14377,0,185156700.000,0,-,-,-,-,3901.6000,3901.4000,3900.6000,3900.2000,3899.0000,3903.8000,3904.2000,3904.4000,3904.6000,3905.0000,4,1,1,1,2,1,3,1,1,1
SF,IF2007,2020-06-05 09:33:10.600,3903.4000,14377,0,185156700.000,0,-,-,-,-,3902.0000,3901.6000,3901.4000,3900.6000,3900.2000,3903.8000,3904.0000,3904.2000,3904.4000,3904.6000,1,3,1,1,1,1,2,3,1,1
SF,IF2007,2020-06-05 09:33:11.100,3903.8000,14379,2,187498920.000,2,2,0,双开,S,3902.2000,3902.0000,3901.4000,3900.6000,3900.2000,3903.4000,3903.6000,3904.2000,3904.4000,3904.6000,1,1,1,1,1,2,1,3,1,1
SF,IF2007,2020-06-05 09:33:11.600,3903.8000,14379,0,187498920.000,0,-,-,-,-,3902.4000,3902.0000,3901.4000,3900.6000,3900.2000,3903.4000,3904.2000,3904.4000,3904.6000,3905.0000,1,1,1,1,1,2,3,1,1,1
SF,IF2007,2020-06-05 09:33:12.100,3903.8000,14379,0,187498920.000,0,-,-,-,-,3902.0000,3901.4000,3900.6000,3900.2000,3899.0000,3904.2000,3904.4000,3904.6000,3905.0000,3906.0000,1,1,1,1,2,3,1,1,1,3
SF,IF2007,2020-06-05 09:33:12.600,3903.8000,14379,0,187498920.000,0,-,-,-,-,3902.0000,3901.4000,3900.6000,3900.2000,3899.0000,3903.6000,3903.8000,3904.0000,3904.2000,3904.4000,1,1,1,1,2,1,2,2,3,1
SF,IF2007,2020-06-05 09:33:13.100,3903.8000,14379,0,187498920.000,0,-,-,-,-,3902.2000,3902.0000,3901.4000,3900.6000,3900.2000,3903.6000,3903.8000,3904.0000,3904.2000,3904.4000,3,1,1,1,1,1,3,2,3,1
SF,IF2007,2020-06-05 09:33:13.600,3903.8000,14379,0,187498920.000,0,-,-,-,-,3902.2000,3902.0000,3901.4000,3900.6000,3900.2000,3903.4000,3903.6000,3903.8000,3904.0000,3904.2000,3,1,1,1,1,2,1,1,2,3
SF,IF2007,2020-06-05 09:33:14.100,3903.8000,14379,0,187498920.000,0,-,-,-,-,3902.0000,3901.4000,3900.6000,3900.2000,3899.0000,3903.2000,3903.6000,3904.0000,3904.2000,3904.4000,1,1,1,1,2,2,1,2,3,1
SF,IF2007,2020-06-05 09:33:14.600,3903.8000,14379,0,187498920.000,0,-,-,-,-,3902.0000,3901.4000,3900.6000,3900.2000,3899.0000,3903.2000,3904.0000,3904.2000,3904.4000,3904.6000,1,1,1,1,2,4,2,3,1,1
SF,IF2007,2020-06-05 09:33:15.100,3903.8000,14379,0,187498920.000,0,-,-,-,-,3902.0000,3901.4000,3900.6000,3900.2000,3899.0000,3903.2000,3904.2000,3904.4000,3904.6000,3905.0000,1,1,1,1,2,4,3,1,1,1
SF,IF2007,2020-06-05 09:33:15.600,3903.8000,14379,0,187498920.000,0,-,-,-,-,3902.2000,3902.0000,3901.4000,3900.6000,3900.2000,3903.2000,3904.2000,3904.4000,3904.6000,3905.0000,1,1,1,1,1,4,3,1,1,1
SF,IF2007,2020-06-05 09:33:16.100,3903.8000,14379,0,187498920.000,0,-,-,-,-,3902.0000,3901.4000,3900.6000,3900.2000,3899.0000,3903.2000,3904.2000,3904.4000,3904.6000,3905.0000,1,1,1,1,2,4,3,1,1,1
SF,IF2007,2020-06-05 09:33:16.600,3903.8000,14379,0,187498920.000,0,-,-,-,-,3902.0000,3901.4000,3900.6000,3900.2000,3899.0000,3903.2000,3904.2000,3904.4000,3904.6000,3905.0000,1,1,1,1,2,4,3,1,1,1
SF,IF2007,2020-06-05 09:33:17.100,3903.8000,14379,0,187498920.000,0,-,-,-,-,3902.2000,3902.0000,3901.4000,3900.6000,3900.2000,3903.2000,3904.2000,3904.4000,3904.6000,3905.0000,1,1,1,1,1,4,3,1,1,1
SF,IF2007,2020-06-05 09:33:17.600,3903.8000,14379,0,187498920.000,0,-,-,-,-,3902.0000,3901.4000,3900.6000,3900.2000,3899.0000,3903.2000,3904.2000,3904.4000,3904.6000,3905.0000,1,1,1,1,2,3,3,1,1,1
SF,IF2007,2020-06-05 09:33:18.100,3903.8000,14379,0,187498920.000,0,-,-,-,-,3902.2000,3902.0000,3901.4000,3900.6000,3900.2000,3903.2000,3904.2000,3904.4000,3904.6000,3905.0000,1,1,1,1,1,3,3,1,1,1
SF,IF2007,2020-06-05 09:33:18.600,3903.8000,14379,0,187498920.000,0,-,-,-,-,3902.4000,3902.0000,3901.4000,3900.6000,3900.2000,3903.2000,3904.2000,3904.4000,3904.6000,3905.0000,1,1,1,1,1,3,3,1,1,1
SF,IF2007,2020-06-05 09:33:19.100,3903.8000,14379,0,187498920.000,0,-,-,-,-,3902.0000,3901.4000,3900.6000,3900.2000,3899.0000,3903.2000,3904.2000,3904.4000,3904.6000,3905.0000,1,1,1,1,2,3,3,1,1,1
SF,IF2007,2020-06-05 09:33:19.600,3903.8000,14379,0,187498920.000,0,-,-,-,-,3902.0000,3901.4000,3900.6000,3900.2000,3899.0000,3903.0000,3903.2000,3904.2000,3904.4000,3904.6000,1,1,1,1,2,3,1,3,1,1
SF,IF2007,2020-06-05 09:33:20.100,3903.8000,14379,0,187498920.000,0,-,-,-,-,3902.2000,3902.0000,3901.4000,3900.6000,3900.2000,3903.2000,3904.2000,3904.4000,3904.6000,3905.0000,1,1,1,1,1,1,3,1,1,1
SF,IF2007,2020-06-05 09:33:20.600,3903.8000,14379,0,187498920.000,0,-,-,-,-,3902.4000,3902.0000,3901.4000,3900.6000,3900.2000,3903.2000,3904.2000,3904.4000,3904.6000,3905.0000,1,1,1,1,1,1,3,1,1,1
SF,IF2007,2020-06-05 09:33:21.100,3903.8000,14379,0,187498920.000,0,-,-,-,-,3902.4000,3902.0000,3901.4000,3900.6000,3900.2000,3903.2000,3904.2000,3904.4000,3904.6000,3905.0000,1,1,1,1,1,1,3,1,1,1
SF,IF2007,2020-06-05 09:33:21.600,3903.8000,14379,0,187498920.000,0,-,-,-,-,3902.4000,3902.0000,3901.4000,3900.6000,3900.2000,3904.2000,3904.4000,3904.6000,3905.0000,3905.2000,1,1,1,1,1,3,1,1,1,2
SF,IF2007,2020-06-05 09:33:22.100,3903.8000,14379,0,187498920.000,0,-,-,-,-,3902.6000,3902.4000,3902.0000,3901.4000,3900.6000,3903.8000,3904.0000,3904.2000,3904.4000,3904.6000,1,1,1,1,1,2,2,3,1,1
SF,IF2007,2020-06-05 09:33:22.600,3903.8000,14379,0,187498920.000,0,-,-,-,-,3902.4000,3902.0000,3901.4000,3900.6000,3900.2000,3903.8000,3904.0000,3904.2000,3904.4000,3904.6000,1,1,1,1,1,3,3,3,1,1
SF,IF2007,2020-06-05 09:33:23.100,3903.8000,14379,0,187498920.000,0,-,-,-,-,3902.4000,3902.0000,3901.4000,3900.6000,3900.2000,3903.6000,3903.8000,3904.0000,3904.2000,3904.4000,1,1,1,1,1,2,1,1,3,1
SF,IF2007,2020-06-05 09:33:23.600,3903.8000,14379,0,187498920.000,0,-,-,-,-,3902.4000,3902.0000,3901.4000,3900.6000,3900.2000,3903.4000,3903.6000,3903.8000,3904.0000,3904.2000,1,1,1,1,1,2,1,1,1,3
SF,IF2007,2020-06-05 09:33:24.100,3903.8000,14379,0,187498920.000,0,-,-,-,-,3902.6000,3902.4000,3902.0000,3901.4000,3900.6000,3903.4000,3903.6000,3903.8000,3904.2000,3904.4000,1,1,1,1,1,2,2,1,3,1
SF,IF2007,2020-06-05 09:33:24.600,3903.8000,14379,0,187498920.000,0,-,-,-,-,3902.4000,3902.0000,3901.4000,3900.6000,3900.2000,3903.6000,3903.8000,3904.2000,3904.4000,3904.6000,1,1,1,1,1,1,1,3,1,1
SF,IF2007,2020-06-05 09:33:25.100,3903.8000,14379,0,187498920.000,0,-,-,-,-,3902.6000,3902.4000,3902.0000,3901.4000,3900.6000,3903.6000,3903.8000,3904.2000,3904.4000,3904.6000,1,1,1,1,1,1,1,3,1,1
SF,IF2007,2020-06-05 09:33:25.600,3903.8000,14379,0,187498920.000,0,-,-,-,-,3902.4000,3902.0000,3901.4000,3900.6000,3900.2000,3903.6000,3903.8000,3904.2000,3904.4000,3904.6000,1,1,1,1,1,1,1,3,1,1
SF,IF2007,2020-06-05 09:33:26.100,3903.8000,14379,0,187498920.000,0,-,-,-,-,3902.6000,3902.4000,3902.0000,3901.4000,3900.6000,3903.4000,3903.6000,3904.2000,3904.4000,3904.6000,1,1,1,1,1,1,1,3,1,1
SF,IF2007,2020-06-05 09:33:26.600,3903.8000,14379,0,187498920.000,0,-,-,-,-,3902.4000,3902.0000,3901.4000,3900.6000,3900.2000,3903.4000,3904.2000,3904.4000,3904.6000,3905.0000,1,1,1,1,1,1,3,1,1,1
SF,IF2007,2020-06-05 09:33:27.100,3903.8000,14379,0,187498920.000,0,-,-,-,-,3902.6000,3902.4000,3902.0000,3901.4000,3900.6000,3904.2000,3904.4000,3904.6000,3905.0000,3905.2000,1,1,1,1,1,3,1,1,1,2
SF,IF2007,2020-06-05 09:33:27.600,3903.8000,14379,0,187498920.000,0,-,-,-,-,3902.8000,3902.4000,3902.0000,3901.4000,3900.6000,3903.8000,3904.2000,3904.4000,3904.6000,3905.0000,1,1,1,1,1,2,3,1,1,1
SF,IF2007,2020-06-05 09:33:28.100,3903.8000,14379,0,187498920.000,0,-,-,-,-,3902.4000,3902.0000,3901.4000,3900.6000,3900.2000,3903.8000,3904.2000,3904.4000,3904.6000,3905.0000,1,1,1,1,1,3,3,1,1,1
SF,IF2007,2020-06-05 09:33:28.600,3903.8000,14379,0,187498920.000,0,-,-,-,-,3902.6000,3902.4000,3902.0000,3901.4000,3900.6000,3903.6000,3903.8000,3904.2000,3904.4000,3904.6000,1,1,1,1,1,1,3,3,1,1
SF,IF2007,2020-06-05 09:33:29.100,3903.8000,14379,0,187498920.000,0,-,-,-,-,3902.8000,3902.4000,3902.0000,3901.4000,3900.6000,3903.6000,3903.8000,3904.2000,3904.4000,3904.6000,1,1,1,1,1,1,3,3,1,1
SF,IF2007,2020-06-05 09:33:29.600,3903.8000,14379,0,187498920.000,0,-,-,-,-,3902.4000,3902.0000,3901.4000,3900.6000,3900.2000,3903.6000,3903.8000,3904.2000,3904.4000,3904.6000,1,1,1,1,1,1,3,3,1,1
SF,IF2007,2020-06-05 09:33:30.100,3903.8000,14379,0,187498920.000,0,-,-,-,-,3902.6000,3902.4000,3902.0000,3901.4000,3900.6000,3903.6000,3903.8000,3904.2000,3904.4000,3904.6000,1,1,1,1,1,1,3,3,1,1
SF,IF2007,2020-06-05 09:33:30.600,3903.8000,14379,0,187498920.000,0,-,-,-,-,3902.6000,3902.4000,3902.0000,3901.4000,3900.6000,3903.4000,3903.6000,3903.8000,3904.2000,3904.4000,1,1,1,1,1,1,1,2,3,1
SF,IF2007,2020-06-05 09:33:31.100,3903.8000,14379,0,187498920.000,0,-,-,-,-,3902.8000,3902.6000,3902.4000,3902.0000,3901.4000,3903.4000,3903.6000,3903.8000,3904.2000,3904.4000,1,1,1,1,1,1,1,2,3,1
SF,IF2007,2020-06-05 09:33:31.600,3903.8000,14379,0,187498920.000,0,-,-,-,-,3902.6000,3902.4000,3902.0000,3901.4000,3900.6000,3903.4000,3903.6000,3903.8000,3904.2000,3904.4000,1,1,1,1,1,1,1,2,3,1
SF,IF2007,2020-06-05 09:33:32.100,3903.8000,14379,0,187498920.000,0,-,-,-,-,3902.8000,3902.6000,3902.4000,3902.0000,3901.4000,3903.4000,3903.6000,3903.8000,3904.2000,3904.4000,1,1,1,1,1,1,1,2,3,1
SF,IF2007,2020-06-05 09:33:32.600,3903.8000,14379,0,187498920.000,0,-,-,-,-,3902.6000,3902.4000,3902.0000,3901.4000,3900.6000,3903.4000,3903.6000,3903.8000,3904.2000,3904.4000,1,1,1,1,1,1,1,2,3,1
SF,IF2007,2020-06-05 09:33:33.100,3903.8000,14379,0,187498920.000,0,-,-,-,-,3902.8000,3902.6000,3902.4000,3902.0000,3901.4000,3903.4000,3903.8000,3904.2000,3904.4000,3904.6000,1,1,1,1,1,1,2,3,1,2
SF,IF2007,2020-06-05 09:33:33.600,3903.8000,14379,0,187498920.000,0,-,-,-,-,3902.6000,3902.4000,3902.0000,3901.4000,3900.6000,3903.8000,3904.2000,3904.4000,3904.6000,3905.0000,1,1,1,1,1,2,3,1,2,1
SF,IF2007,2020-06-05 09:33:34.100,3903.8000,14379,0,187498920.000,0,-,-,-,-,3902.8000,3902.6000,3902.4000,3902.0000,3901.4000,3904.4000,3904.6000,3905.0000,3905.2000,3906.0000,1,1,1,1,1,1,2,1,2,1
SF,IF2007,2020-06-05 09:33:34.600,3903.8000,14379,0,187498920.000,0,-,-,-,-,3903.0000,3902.6000,3902.4000,3902.0000,3901.4000,3904.4000,3904.6000,3905.0000,3905.2000,3906.0000,1,1,1,1,1,1,2,1,2,1
SF,IF2007,2020-06-05 09:33:35.100,3903.8000,14379,0,187498920.000,0,-,-,-,-,3903.2000,3902.6000,3902.4000,3902.0000,3901.4000,3904.0000,3904.4000,3904.6000,3905.0000,3905.2000,1,1,1,1,1,1,1,2,1,2
SF,IF2007,2020-06-05 09:33:35.600,3903.8000,14379,0,187498920.000,0,-,-,-,-,3902.6000,3902.4000,3902.0000,3901.4000,3900.6000,3904.0000,3904.4000,3904.6000,3905.0000,3905.2000,1,1,1,1,1,2,1,2,1,2
SF,IF2007,2020-06-05 09:33:36.100,3903.8000,14379,0,187498920.000,0,-,-,-,-,3903.0000,3902.8000,3902.6000,3902.4000,3902.0000,3904.0000,3904.4000,3904.6000,3905.0000,3905.2000,1,1,1,1,1,2,1,2,1,2
SF,IF2007,2020-06-05 09:33:36.600,3903.8000,14379,0,187498920.000,0,-,-,-,-,3903.2000,3902.6000,3902.4000,3902.0000,3901.4000,3904.0000,3904.4000,3904.6000,3905.0000,3905.2000,1,1,1,1,1,2,1,2,1,2
SF,IF2007,2020-06-05 09:33:37.100,3904.0000,14379,0,188670120.000,1,0,1,多换,S,3904.0000,3902.6000,3902.4000,3902.0000,3901.4000,3904.4000,3904.6000,3905.0000,3905.2000,3906.0000,2,1,1,1,1,1,2,1,2,1
SF,IF2007,2020-06-05 09:33:37.600,3904.0000,14379,0,191012520.000,2,1,1,多换,S,3902.6000,3902.4000,3902.0000,3901.4000,3900.6000,3903.6000,3904.2000,3904.4000,3904.6000,3905.0000,1,1,1,1,1,1,2,1,2,1
SF,IF2007,2020-06-05 09:33:38.100,3903.6000,14379,0,192183600.000,1,0,1,多换,S,3903.8000,3902.8000,3902.6000,3902.4000,3902.0000,3904.4000,3904.6000,3905.0000,3905.2000,3906.0000,1,2,1,1,1,1,2,1,2,1
SF,IF2007,2020-06-05 09:33:38.600,3904.0000,14378,-1,194526120.000,2,0,2,多平,S,3902.8000,3902.6000,3902.4000,3902.0000,3901.4000,3904.0000,3904.6000,3905.0000,3905.2000,3906.0000,1,1,1,1,1,1,2,1,2,1
SF,IF2007,2020-06-05 09:33:39.100,3904.0000,14378,0,194526120.000,0,-,-,-,-,3903.0000,3902.8000,3902.6000,3902.4000,3902.0000,3904.6000,3905.0000,3905.2000,3906.0000,3908.0000,1,1,1,1,1,1,1,2,1,2
SF,IF2007,2020-06-05 09:33:39.600,3904.0000,14378,0,194526120.000,0,-,-,-,-,3903.8000,3903.2000,3903.0000,3902.8000,3902.6000,3904.6000,3905.0000,3905.2000,3906.0000,3908.0000,1,3,1,1,1,1,1,2,1,2
SF,IF2007,2020-06-05 09:33:40.100,3904.0000,14378,0,194526120.000,0,-,-,-,-,3903.8000,3903.6000,3903.2000,3902.8000,3902.6000,3904.6000,3905.0000,3905.2000,3906.0000,3908.0000,1,1,1,1,1,1,1,2,1,2
SF,IF2007,2020-06-05 09:33:40.600,3904.0000,14378,0,194526120.000,0,-,-,-,-,3904.0000,3903.8000,3903.6000,3903.2000,3902.8000,3904.6000,3905.0000,3905.2000,3906.0000,3908.0000,1,1,1,1,1,1,1,2,1,2
SF,IF2007,2020-06-05 09:33:41.100,3904.0000,14378,0,194526120.000,0,-,-,-,-,3903.8000,3903.6000,3903.2000,3902.6000,3902.4000,3904.6000,3905.0000,3905.2000,3906.0000,3908.0000,1,1,1,1,1,1,1,2,1,2
SF,IF2007,2020-06-05 09:33:42.100,3904.6000,14378,0,195697500.000,1,0,1,多换,S,3904.0000,3903.8000,3903.6000,3903.2000,3902.6000,3905.0000,3905.2000,3906.0000,3908.0000,3908.2000,1,1,1,1,1,1,2,1,2,4
SF,IF2007,2020-06-05 09:33:42.600,3904.6000,14378,0,195697500.000,0,-,-,-,-,3904.2000,3904.0000,3903.8000,3903.6000,3903.2000,3905.0000,3905.2000,3906.0000,3908.0000,3908.2000,1,1,1,1,1,1,2,1,2,4
SF,IF2007,2020-06-05 09:33:43.100,3904.6000,14378,0,195697500.000,0,-,-,-,-,3904.0000,3903.8000,3903.6000,3903.2000,3902.6000,3905.0000,3905.2000,3906.0000,3908.0000,3908.2000,1,1,1,1,1,1,2,1,2,4
SF,IF2007,2020-06-05 09:33:46.100,3904.6000,14378,0,195697500.000,0,-,-,-,-,3904.0000,3903.6000,3903.2000,3902.6000,3902.4000,3904.8000,3905.0000,3905.2000,3906.0000,3908.0000,1,1,1,1,1,3,1,2,1,2
SF,IF2007,2020-06-05 09:33:46.600,3903.6000,14378,0,198039780.000,2,1,1,多换,S,3903.2000,3902.6000,3902.4000,3902.0000,3901.4000,3904.8000,3905.0000,3905.2000,3906.0000,3908.0000,1,1,1,1,2,3,1,2,1,2
SF,IF2007,2020-06-05 09:33:47.100,3903.6000,14378,0,198039780.000,0,-,-,-,-,3903.2000,3902.6000,3902.4000,3902.0000,3901.4000,3904.6000,3904.8000,3905.0000,3905.2000,3906.0000,1,1,1,1,2,2,3,2,2,1
SF,IF2007,2020-06-05 09:33:47.600,3903.6000,14378,0,198039780.000,0,-,-,-,-,3902.6000,3902.4000,3902.0000,3901.4000,3900.6000,3904.4000,3904.6000,3904.8000,3905.0000,3905.2000,1,1,1,1,1,3,1,2,2,2
SF,IF2007,2020-06-05 09:33:48.100,3903.6000,14378,0,198039780.000,0,-,-,-,-,3902.8000,3902.6000,3902.4000,3902.0000,3901.4000,3904.0000,3904.2000,3904.4000,3904.6000,3904.8000,1,1,1,1,1,2,5,1,1,2
SF,IF2007,2020-06-05 09:33:48.600,3903.6000,14378,0,198039780.000,0,-,-,-,-,3902.8000,3902.6000,3902.4000,3902.0000,3901.4000,3904.2000,3904.6000,3904.8000,3905.0000,3905.2000,1,1,1,1,1,5,1,2,2,2
SF,IF2007,2020-06-05 09:33:49.100,3903.6000,14378,0,198039780.000,0,-,-,-,-,3902.8000,3902.6000,3902.4000,3902.0000,3901.4000,3904.0000,3904.2000,3904.6000,3904.8000,3905.0000,1,1,1,1,1,1,5,1,2,2
SF,IF2007,2020-06-05 09:33:49.600,3903.6000,14378,0,198039780.000,0,-,-,-,-,3903.0000,3902.8000,3902.6000,3902.4000,3902.0000,3904.2000,3904.6000,3904.8000,3905.0000,3905.2000,1,1,1,1,1,2,1,2,1,2
SF,IF2007,2020-06-05 09:33:50.100,3903.6000,14378,0,198039780.000,0,-,-,-,-,3902.8000,3902.6000,3902.4000,3902.0000,3901.4000,3904.2000,3904.6000,3904.8000,3905.0000,3905.2000,1,1,1,1,1,2,1,2,1,2
SF,IF2007,2020-06-05 09:33:50.600,3903.6000,14378,0,198039780.000,0,-,-,-,-,3903.2000,3903.0000,3902.8000,3902.6000,3902.4000,3904.2000,3904.6000,3904.8000,3905.0000,3905.2000,2,1,1,1,1,1,1,2,1,2
SF,IF2007,2020-06-05 09:33:51.100,3903.6000,14378,0,198039780.000,0,-,-,-,-,3903.2000,3902.6000,3902.4000,3902.0000,3901.4000,3904.6000,3904.8000,3905.0000,3905.2000,3906.0000,2,1,1,1,1,1,2,1,2,1
SF,IF2007,2020-06-05 09:33:51.600,3903.6000,14378,0,198039780.000,0,-,-,-,-,3903.2000,3902.6000,3902.4000,3902.0000,3901.4000,3904.4000,3904.6000,3904.8000,3905.0000,3905.2000,2,1,1,1,1,1,1,2,1,2
SF,IF2007,2020-06-05 09:33:52.100,3903.6000,14378,0,198039780.000,0,-,-,-,-,3902.6000,3902.4000,3902.0000,3901.4000,3900.6000,3904.8000,3905.2000,3906.0000,3908.0000,3908.2000,1,1,1,1,1,2,2,2,2,4
SF,IF2007,2020-06-05 09:33:52.600,3903.6000,14378,0,198039780.000,0,-,-,-,-,3903.0000,3902.6000,3902.4000,3902.0000,3901.4000,3904.8000,3905.2000,3906.0000,3908.0000,3908.2000,1,1,1,1,1,2,2,2,2,4
SF,IF2007,2020-06-05 09:33:53.100,3903.6000,14378,0,198039780.000,0,-,-,-,-,3903.0000,3902.8000,3902.6000,3902.4000,3902.0000,3904.4000,3904.6000,3904.8000,3905.2000,3906.0000,1,1,1,1,1,1,1,2,2,2
SF,IF2007,2020-06-05 09:33:53.600,3903.6000,14378,0,198039780.000,0,-,-,-,-,3903.2000,3903.0000,3902.6000,3902.4000,3902.0000,3904.4000,3904.8000,3905.2000,3906.0000,3908.0000,2,1,1,1,1,1,2,2,2,2
SF,IF2007,2020-06-05 09:33:54.100,3903.6000,14378,0,198039780.000,0,-,-,-,-,3903.2000,3902.6000,3902.4000,3902.0000,3901.4000,3904.4000,3904.8000,3905.2000,3906.0000,3908.0000,2,1,1,1,1,1,2,2,2,2
SF,IF2007,2020-06-05 09:33:54.600,3903.6000,14378,0,198039780.000,0,-,-,-,-,3903.2000,3902.6000,3902.4000,3902.0000,3901.4000,3904.4000,3904.8000,3905.2000,3906.0000,3908.0000,1,1,1,1,1,1,2,2,2,2
SF,IF2007,2020-06-05 09:33:55.100,3903.6000,14378,0,198039780.000,0,-,-,-,-,3903.2000,3902.6000,3902.4000,3902.0000,3901.4000,3904.2000,3904.4000,3904.8000,3905.2000,3906.0000,1,1,1,1,1,1,1,2,2,2
SF,IF2007,2020-06-05 09:33:55.600,3903.6000,14378,0,198039780.000,0,-,-,-,-,3903.2000,3902.6000,3902.4000,3902.0000,3901.4000,3904.4000,3904.8000,3905.2000,3906.0000,3908.0000,1,1,1,1,1,1,2,2,2,2
SF,IF2007,2020-06-05 09:33:56.600,3903.2000,14377,-1,199210740.000,1,0,1,双平,S,3902.6000,3902.4000,3902.0000,3901.4000,3900.6000,3904.4000,3904.8000,3905.2000,3906.0000,3908.0000,1,1,1,1,1,1,2,2,2,2
SF,IF2007,2020-06-05 09:33:57.100,3903.2000,14377,0,199210740.000,0,-,-,-,-,3903.0000,3902.6000,3902.4000,3902.0000,3901.4000,3904.2000,3904.4000,3904.8000,3905.2000,3906.0000,1,1,1,1,1,2,1,2,2,2
SF,IF2007,2020-06-05 09:33:57.600,3903.2000,14377,0,199210740.000,0,-,-,-,-,3902.6000,3902.4000,3902.0000,3901.4000,3900.6000,3904.2000,3904.4000,3904.8000,3905.2000,3906.0000,1,1,1,1,1,2,1,2,2,2
SF,IF2007,2020-06-05 09:33:58.100,3904.2000,14374,-3,202724280.000,3,0,3,双平,S,3903.2000,3902.6000,3902.4000,3902.0000,3901.4000,3904.0000,3904.2000,3904.4000,3904.8000,3905.2000,1,1,1,1,1,1,1,1,2,2
SF,IF2007,2020-06-05 09:33:58.600,3903.2000,14373,-1,203895240.000,1,0,1,双平,S,3902.6000,3902.4000,3902.0000,3901.4000,3900.6000,3903.8000,3904.0000,3904.4000,3904.8000,3905.2000,1,1,1,1,1,1,1,1,2,2
SF,IF2007,2020-06-05 09:33:59.100,3903.2000,14373,0,203895240.000,0,-,-,-,-,3902.6000,3902.4000,3902.0000,3901.4000,3900.6000,3904.0000,3904.4000,3904.8000,3905.2000,3906.0000,1,1,1,1,1,1,1,2,2,2
SF,IF2007,2020-06-05 09:33:59.600,3903.2000,14373,0,203895240.000,0,-,-,-,-,3902.4000,3902.0000,3901.4000,3900.6000,3900.2000,3903.8000,3904.0000,3904.4000,3904.8000,3905.2000,1,1,1,1,1,1,1,1,2,2
SF,IF2007,2020-06-05 09:34:00.100,3903.2000,14373,0,203895240.000,0,-,-,-,-,3902.8000,3902.4000,3902.0000,3901.4000,3900.6000,3903.6000,3904.0000,3904.4000,3904.8000,3905.2000,1,1,1,1,1,1,1,1,2,2
SF,IF2007,2020-06-05 09:34:00.600,3903.2000,14373,0,203895240.000,0,-,-,-,-,3902.4000,3902.0000,3901.4000,3900.6000,3900.2000,3903.8000,3904.0000,3904.4000,3904.8000,3905.2000,1,1,1,1,1,1,2,1,2,2
SF,IF2007,2020-06-05 09:34:01.100,3903.2000,14373,0,203895240.000,0,-,-,-,-,3902.8000,3902.4000,3902.0000,3901.4000,3900.6000,3903.8000,3904.0000,3904.4000,3904.8000,3905.2000,1,1,1,1,1,1,2,1,2,2
SF,IF2007,2020-06-05 09:34:01.600,3903.2000,14373,0,203895240.000,0,-,-,-,-,3902.8000,3902.4000,3902.0000,3900.2000,3899.0000,3903.8000,3904.0000,3904.4000,3904.8000,3905.2000,1,1,1,1,2,1,2,1,2,2
SF,IF2007,2020-06-05 09:34:02.100,3903.2000,14373,0,203895240.000,0,-,-,-,-,3902.4000,3902.0000,3900.2000,3899.0000,3898.2000,3903.6000,3903.8000,3904.0000,3904.4000,3904.8000,1,1,1,2,4,2,1,2,1,2
SF,IF2007,2020-06-05 09:34:02.600,3903.2000,14373,0,203895240.000,0,-,-,-,-,3902.4000,3902.0000,3900.2000,3899.0000,3898.2000,3903.6000,3903.8000,3904.0000,3904.4000,3904.8000,1,1,1,2,4,2,1,2,1,2
SF,IF2007,2020-06-05 09:34:03.100,3903.2000,14373,0,203895240.000,0,-,-,-,-,3902.4000,3902.0000,3900.2000,3899.0000,3898.2000,3903.4000,3903.6000,3904.0000,3904.4000,3904.8000,1,1,1,2,4,1,1,2,1,2
SF,IF2007,2020-06-05 09:34:03.600,3903.2000,14373,0,203895240.000,0,-,-,-,-,3902.4000,3902.0000,3900.2000,3899.0000,3898.2000,3903.4000,3904.0000,3904.4000,3904.8000,3905.2000,1,1,1,2,4,1,2,1,2,2
SF,IF2007,2020-06-05 09:34:04.100,3902.4000,14373,0,205065960.000,1,0,1,多换,S,3902.0000,3900.2000,3899.0000,3898.2000,3898.0000,3903.4000,3904.0000,3904.4000,3904.8000,3905.2000,1,1,2,4,1,1,2,1,2,2
SF,IF2007,2020-06-05 09:34:04.600,3902.4000,14373,0,205065960.000,0,-,-,-,-,3902.4000,3902.0000,3900.2000,3899.0000,3898.2000,3903.8000,3904.0000,3904.4000,3904.8000,3905.2000,1,1,1,2,4,1,2,1,2,2
SF,IF2007,2020-06-05 09:34:05.100,3903.6000,14374,1,210921240.000,5,3,2,空开,S,3902.0000,3900.2000,3899.0000,3898.2000,3898.0000,3903.6000,3903.8000,3904.0000,3904.4000,3904.8000,1,1,2,4,1,1,1,2,1,2
SF,IF2007,2020-06-05 09:34:05.600,3903.6000,14374,0,210921240.000,0,-,-,-,-,3902.2000,3902.0000,3900.2000,3899.0000,3898.2000,3903.4000,3903.8000,3904.0000,3904.8000,3905.2000,3,1,1,2,4,1,1,1,2,2
SF,IF2007,2020-06-05 09:34:06.100,3903.6000,14374,0,210921240.000,0,-,-,-,-,3902.2000,3902.0000,3900.2000,3899.0000,3898.2000,3903.4000,3903.8000,3904.0000,3904.8000,3905.2000,1,1,1,2,4,1,1,1,2,2
SF,IF2007,2020-06-05 09:34:06.600,3903.6000,14374,0,210921240.000,0,-,-,-,-,3902.0000,3900.2000,3899.0000,3898.2000,3898.0000,3903.4000,3903.8000,3904.0000,3904.8000,3905.2000,1,1,2,4,1,1,1,1,2,2
SF,IF2007,2020-06-05 09:34:07.100,3903.6000,14374,0,210921240.000,0,-,-,-,-,3902.0000,3900.2000,3899.0000,3898.2000,3898.0000,3903.2000,3903.4000,3903.8000,3904.0000,3904.8000,1,1,2,4,1,2,1,1,1,2
SF,IF2007,2020-06-05 09:34:07.600,3903.6000,14374,0,210921240.000,0,-,-,-,-,3902.0000,3900.2000,3899.0000,3898.2000,3898.0000,3903.2000,3903.4000,3903.8000,3904.0000,3904.8000,1,1,2,4,1,3,1,1,1,2
SF,IF2007,2020-06-05 09:34:08.100,3903.6000,14374,0,210921240.000,0,-,-,-,-,3900.2000,3899.0000,3898.2000,3898.0000,3895.8000,3903.0000,3903.2000,3904.0000,3904.8000,3905.2000,1,2,4,1,1,1,3,1,2,2
SF,IF2007,2020-06-05 09:34:08.600,3903.6000,14374,0,210921240.000,0,-,-,-,-,3900.4000,3900.2000,3899.0000,3898.2000,3898.0000,3902.8000,3903.0000,3903.2000,3904.0000,3904.8000,1,3,2,4,1,2,1,3,1,2
SF,IF2007,2020-06-05 09:34:09.100,3903.6000,14374,0,210921240.000,0,-,-,-,-,3900.8000,3900.4000,3900.2000,3899.0000,3898.2000,3902.8000,3903.0000,3903.2000,3904.0000,3904.8000,2,1,3,2,4,2,1,3,1,2
SF,IF2007,2020-06-05 09:34:09.600,3903.6000,14374,0,210921240.000,0,-,-,-,-,3901.0000,3900.2000,3899.0000,3898.2000,3898.0000,3902.6000,3902.8000,3903.0000,3903.2000,3904.0000,1,1,2,4,1,1,3,1,3,1
SF,IF2007,2020-06-05 09:34:10.100,3903.6000,14374,0,210921240.000,0,-,-,-,-,3900.2000,3899.0000,3898.2000,3898.0000,3895.8000,3902.4000,3902.6000,3902.8000,3903.0000,3903.2000,1,2,4,1,1,3,2,3,1,3
SF,IF2007,2020-06-05 09:34:10.600,3903.6000,14374,0,210921240.000,0,-,-,-,-,3900.2000,3899.0000,3898.2000,3898.0000,3895.8000,3901.8000,3902.4000,3902.6000,3902.8000,3903.0000,1,2,4,1,1,2,3,2,4,1
SF,IF2007,2020-06-05 09:34:11.100,3903.6000,14374,0,210921240.000,0,-,-,-,-,3900.4000,3900.2000,3899.0000,3898.2000,3898.0000,3902.4000,3902.8000,3903.0000,3903.2000,3904.0000,3,1,2,4,1,1,3,1,1,1
SF,IF2007,2020-06-05 09:34:11.600,3903.6000,14374,0,210921240.000,0,-,-,-,-,3900.6000,3900.4000,3900.2000,3899.0000,3898.2000,3902.4000,3902.8000,3903.0000,3903.2000,3904.0000,2,1,1,2,4,1,3,1,1,1
SF,IF2007,2020-06-05 09:34:12.100,3903.6000,14374,0,210921240.000,0,-,-,-,-,3900.8000,3900.6000,3900.2000,3899.0000,3898.2000,3902.2000,3902.4000,3902.8000,3903.0000,3903.2000,1,2,1,2,4,2,1,3,1,1
SF,IF2007,2020-06-05 09:34:12.600,3903.6000,14374,0,210921240.000,0,-,-,-,-,3901.0000,3900.6000,3900.2000,3899.0000,3898.2000,3902.2000,3902.4000,3902.8000,3903.0000,3903.2000,1,1,1,2,4,2,1,3,1,1
SF,IF2007,2020-06-05 09:34:13.100,3903.6000,14374,0,210921240.000,0,-,-,-,-,3901.2000,3900.2000,3899.0000,3898.2000,3898.0000,3902.0000,3902.2000,3902.4000,3902.8000,3903.0000,1,1,2,4,1,1,2,1,3,1
SF,IF2007,2020-06-05 09:34:13.600,3903.6000,14374,0,210921240.000,0,-,-,-,-,3900.2000,3899.0000,3898.2000,3898.0000,3895.8000,3902.0000,3902.2000,3902.4000,3902.8000,3903.0000,1,2,4,1,1,1,2,1,3,1
SF,IF2007,2020-06-05 09:34:14.100,3903.6000,14374,0,210921240.000,0,-,-,-,-,3900.6000,3900.4000,3900.2000,3899.0000,3898.2000,3902.0000,3902.2000,3902.4000,3902.8000,3903.0000,1,1,1,2,4,1,2,1,3,1
SF,IF2007,2020-06-05 09:34:14.600,3903.6000,14374,0,210921240.000,0,-,-,-,-,3900.8000,3900.2000,3899.0000,3898.2000,3898.0000,3902.0000,3902.2000,3902.4000,3902.8000,3903.0000,1,1,2,4,1,1,2,1,3,4
SF,IF2007,2020-06-05 09:34:15.100,3903.6000,14374,0,210921240.000,0,-,-,-,-,3901.0000,3900.2000,3899.0000,3898.2000,3898.0000,3902.0000,3902.2000,3902.4000,3902.8000,3903.0000,1,1,2,4,1,1,2,1,3,4
SF,IF2007,2020-06-05 09:34:15.600,3903.6000,14374,0,210921240.000,0,-,-,-,-,3900.2000,3899.0000,3898.2000,3898.0000,3895.8000,3901.8000,3902.0000,3902.4000,3902.8000,3903.0000,1,2,4,1,1,2,1,1,3,1
SF,IF2007,2020-06-05 09:34:16.100,3903.6000,14374,0,210921240.000,0,-,-,-,-,3900.4000,3900.2000,3899.0000,3898.2000,3898.0000,3901.6000,3901.8000,3902.4000,3902.8000,3903.0000,2,1,2,4,1,1,2,1,2,1
SF,IF2007,2020-06-05 09:34:16.600,3903.6000,14374,0,210921240.000,0,-,-,-,-,3900.4000,3900.2000,3899.0000,3898.2000,3898.0000,3901.6000,3901.8000,3902.2000,3902.4000,3902.6000,1,1,2,4,1,1,2,2,1,1
SF,IF2007,2020-06-05 09:34:17.100,3903.6000,14374,0,210921240.000,0,-,-,-,-,3900.2000,3899.0000,3898.2000,3898.0000,3895.8000,3901.4000,3901.6000,3902.2000,3902.4000,3902.6000,1,2,4,1,1,2,1,2,1,1
SF,IF2007,2020-06-05 09:34:17.600,3903.6000,14374,0,210921240.000,0,-,-,-,-,3900.4000,3900.2000,3899.0000,3898.2000,3898.0000,3901.2000,3901.6000,3902.2000,3902.4000,3902.6000,1,1,2,4,1,2,1,2,1,1
SF,IF2007,2020-06-05 09:34:18.100,3903.6000,14374,0,210921240.000,0,-,-,-,-,3900.6000,3900.2000,3899.0000,3898.2000,3898.0000,3901.6000,3902.4000,3902.8000,3903.0000,3903.2000,1,1,2,4,1,1,1,7,1,5
SF,IF2007,2020-06-05 09:34:18.600,3903.6000,14374,0,210921240.000,0,-,-,-,-,3900.8000,3900.2000,3899.0000,3898.2000,3898.0000,3901.6000,3902.8000,3903.0000,3903.2000,3903.4000,1,1,2,4,1,1,7,1,5,3
SF,IF2007,2020-06-05 09:34:19.100,3903.6000,14374,0,210921240.000,0,-,-,-,-,3900.2000,3899.0000,3898.2000,3898.0000,3895.8000,3901.4000,3901.6000,3902.8000,3903.0000,3903.2000,1,2,4,1,1,1,1,2,1,2
SF,IF2007,2020-06-05 09:34:19.600,3903.6000,14374,0,210921240.000,0,-,-,-,-,3900.4000,3900.2000,3899.0000,3898.2000,3898.0000,3901.0000,3901.4000,3901.6000,3902.6000,3902.8000,1,1,2,4,1,1,1,1,1,5
SF,IF2007,2020-06-05 09:34:20.100,3903.6000,14374,0,210921240.000,0,-,-,-,-,3900.2000,3899.0000,3898.8000,3898.2000,3898.0000,3901.0000,3901.4000,3901.6000,3902.6000,3902.8000,1,2,1,4,1,1,1,1,1,5
SF,IF2007,2020-06-05 09:34:20.600,3903.6000,14374,0,210921240.000,0,-,-,-,-,3900.2000,3899.0000,3898.8000,3898.2000,3898.0000,3901.0000,3901.4000,3901.6000,3902.6000,3902.8000,1,2,1,4,1,1,1,1,1,5
SF,IF2007,2020-06-05 09:34:21.600,3903.6000,14374,0,210921240.000,0,-,-,-,-,3900.4000,3900.2000,3899.0000,3898.8000,3898.2000,3901.0000,3901.6000,3902.6000,3902.8000,3903.0000,1,1,2,1,4,1,1,1,5,1
SF,IF2007,2020-06-05 09:34:22.100,3903.6000,14374,0,210921240.000,0,-,-,-,-,3900.2000,3899.0000,3898.8000,3898.2000,3898.0000,3901.0000,3901.6000,3902.6000,3902.8000,3903.0000,1,2,1,4,1,1,1,1,5,1
SF,IF2007,2020-06-05 09:34:22.600,3900.2000,14373,-1,212091300.000,1,0,1,双平,S,3899.0000,3898.8000,3898.2000,3898.0000,3895.8000,3900.8000,3901.0000,3901.6000,3902.6000,3902.8000,2,1,4,1,1,1,1,1,2,5
SF,IF2007,2020-06-05 09:34:23.100,3900.2000,14373,0,212091300.000,0,-,-,-,-,3899.4000,3899.2000,3898.8000,3898.2000,3898.0000,3901.0000,3901.6000,3902.6000,3902.8000,3903.0000,3,2,1,4,1,1,1,1,5,1
SF,IF2007,2020-06-05 09:34:23.600,3900.2000,14373,0,212091300.000,0,-,-,-,-,3899.6000,3899.4000,3899.2000,3898.8000,3898.2000,3901.0000,3901.6000,3902.6000,3902.8000,3903.0000,3,1,1,1,4,1,1,1,5,1
SF,IF2007,2020-06-05 09:34:24.100,3901.0000,14372,-1,213261600.000,1,0,1,双平,S,3899.6000,3899.4000,3898.8000,3898.2000,3898.0000,3901.6000,3902.8000,3903.0000,3903.2000,3903.4000,3,1,1,4,1,2,5,1,6,1
SF,IF2007,2020-06-05 09:34:24.600,3901.0000,14372,0,213261600.000,0,-,-,-,-,3899.6000,3899.4000,3898.8000,3898.2000,3898.0000,3901.0000,3901.2000,3901.4000,3901.6000,3902.8000,1,1,1,4,1,1,1,1,2,5
SF,IF2007,2020-06-05 09:34:25.100,3901.0000,14372,0,213261600.000,0,-,-,-,-,3899.8000,3899.4000,3898.8000,3898.2000,3898.0000,3900.6000,3900.8000,3901.0000,3901.4000,3901.6000,1,1,1,4,1,1,1,2,1,2
SF,IF2007,2020-06-05 09:34:25.600,3901.0000,14372,0,213261600.000,0,-,-,-,-,3899.4000,3898.8000,3898.2000,3898.0000,3895.8000,3900.4000,3901.0000,3901.2000,3901.4000,3901.6000,1,1,4,1,1,3,2,1,1,2
SF,IF2007,2020-06-05 09:34:26.100,3901.0000,14372,0,213261600.000,0,-,-,-,-,3899.6000,3899.4000,3898.8000,3898.2000,3898.0000,3900.4000,3901.0000,3901.2000,3901.4000,3901.6000,1,1,1,4,1,3,2,1,1,2
SF,IF2007,2020-06-05 09:34:26.600,3901.0000,14372,0,213261600.000,0,-,-,-,-,3899.8000,3899.4000,3898.8000,3898.2000,3898.0000,3900.4000,3901.0000,3901.2000,3901.4000,3901.6000,1,1,1,4,1,3,2,1,1,2
SF,IF2007,2020-06-05 09:34:27.100,3899.4000,14371,-1,214431420.000,1,0,1,双平,S,3898.8000,3898.2000,3898.0000,3895.8000,3895.4000,3900.4000,3901.0000,3901.2000,3901.4000,3901.6000,1,4,1,1,1,3,2,1,1,2
SF,IF2007,2020-06-05 09:34:27.600,3899.4000,14371,0,214431420.000,0,-,-,-,-,3899.2000,3899.0000,3898.8000,3898.2000,3898.0000,3900.4000,3901.0000,3901.2000,3901.4000,3901.6000,1,3,1,4,1,3,2,1,1,2
SF,IF2007,2020-06-05 09:34:28.100,3899.4000,14371,0,214431420.000,0,-,-,-,-,3899.4000,3899.2000,3898.8000,3898.2000,3898.0000,3900.4000,3901.0000,3901.2000,3901.4000,3901.6000,1,1,1,4,1,3,2,1,1,2
SF,IF2007,2020-06-05 09:34:28.600,3899.4000,14371,0,214431420.000,0,-,-,-,-,3899.6000,3899.2000,3898.8000,3898.2000,3898.0000,3900.4000,3901.0000,3901.2000,3901.4000,3901.6000,1,1,1,4,1,3,2,1,1,2
SF,IF2007,2020-06-05 09:34:29.100,3900.4000,14371,0,217941780.000,3,1,2,多换,S,3899.8000,3899.2000,3898.8000,3898.2000,3898.0000,3901.0000,3901.2000,3901.4000,3901.6000,3901.8000,1,1,1,4,1,2,1,1,2,1
SF,IF2007,2020-06-05 09:34:29.600,3901.0000,14370,-1,219112080.000,1,0,1,双平,S,3900.4000,3900.0000,3899.6000,3899.2000,3898.8000,3901.0000,3901.6000,3901.8000,3902.8000,3903.0000,1,1,1,1,1,1,2,1,1,1
SF,IF2007,2020-06-05 09:34:30.100,3901.0000,14370,0,219112080.000,0,-,-,-,-,3900.4000,3899.6000,3899.2000,3898.8000,3898.2000,3901.0000,3901.6000,3902.8000,3903.0000,3904.0000,1,1,1,1,4,1,2,1,1,1
SF,IF2007,2020-06-05 09:34:30.600,3901.0000,14369,-1,220282380.000,1,0,1,双平,S,3900.4000,3899.6000,3899.2000,3898.8000,3898.2000,3901.6000,3903.0000,3904.0000,3904.6000,3904.8000,1,1,1,1,4,2,1,1,1,2
SF,IF2007,2020-06-05 09:34:31.100,3901.0000,14369,0,220282380.000,0,-,-,-,-,3900.6000,3900.4000,3899.6000,3899.2000,3898.8000,3901.6000,3903.0000,3904.0000,3904.6000,3904.8000,1,1,1,1,1,2,1,1,1,2
SF,IF2007,2020-06-05 09:34:31.600,3901.6000,14368,-1,222623340.000,2,0,2,多平,S,3900.8000,3900.4000,3899.6000,3899.2000,3898.8000,3903.0000,3904.0000,3904.6000,3904.8000,3906.0000,1,1,1,1,1,1,1,1,2,2
SF,IF2007,2020-06-05 09:34:32.100,3902.4000,14368,0,223794060.000,1,0,1,多换,S,3900.4000,3899.6000,3899.2000,3898.8000,3898.2000,3902.6000,3902.8000,3903.0000,3904.0000,3904.6000,1,1,1,1,4,1,1,1,1,1
SF,IF2007,2020-06-05 09:34:32.600,3902.4000,14368,0,223794060.000,0,-,-,-,-,3902.6000,3901.6000,3900.8000,3900.6000,3900.4000,3903.0000,3904.0000,3904.6000,3904.8000,3906.0000,1,1,2,1,1,1,1,1,2,2
SF,IF2007,2020-06-05 09:34:33.100,3902.4000,14368,0,223794060.000,0,-,-,-,-,3902.6000,3901.6000,3900.6000,3900.4000,3899.6000,3903.0000,3904.0000,3904.6000,3904.8000,3906.0000,1,1,1,1,1,1,1,1,2,2
SF,IF2007,2020-06-05 09:34:33.600,3902.4000,14368,0,223794060.000,0,-,-,-,-,3902.6000,3901.6000,3900.6000,3900.4000,3899.6000,3903.0000,3904.0000,3904.6000,3904.8000,3905.0000,1,1,1,1,1,1,1,1,2,2
SF,IF2007,2020-06-05 09:34:34.100,3902.4000,14368,0,224964780.000,1,0,1,多换,S,3901.6000,3900.8000,3900.4000,3899.2000,3898.8000,3903.0000,3904.0000,3904.6000,3904.8000,3905.0000,1,1,1,1,1,1,1,1,2,2
SF,IF2007,2020-06-05 09:34:34.600,3902.4000,14368,0,224964780.000,0,-,-,-,-,3902.0000,3901.8000,3900.8000,3900.4000,3899.2000,3902.8000,3903.0000,3904.0000,3904.6000,3904.8000,1,1,1,1,1,1,1,1,1,2
SF,IF2007,2020-06-05 09:34:35.100,3902.4000,14368,0,224964780.000,0,-,-,-,-,3900.8000,3900.4000,3899.2000,3898.8000,3898.2000,3902.6000,3903.0000,3904.0000,3904.6000,3904.8000,1,1,1,1,4,1,1,1,1,2
SF,IF2007,2020-06-05 09:34:35.600,3902.4000,14368,0,224964780.000,0,-,-,-,-,3901.4000,3901.2000,3901.0000,3900.4000,3899.2000,3902.4000,3902.6000,3903.0000,3904.0000,3904.6000,1,1,1,1,1,1,1,1,1,1
SF,IF2007,2020-06-05 09:34:36.100,3902.4000,14368,0,224964780.000,0,-,-,-,-,3901.6000,3901.4000,3901.2000,3900.4000,3899.2000,3902.6000,3903.0000,3904.0000,3904.6000,3904.8000,1,1,1,1,1,1,1,1,1,2
SF,IF2007,2020-06-05 09:34:36.600,3902.4000,14368,0,224964780.000,0,-,-,-,-,3901.4000,3900.4000,3899.2000,3898.8000,3898.2000,3902.4000,3902.6000,3903.0000,3904.0000,3904.6000,1,1,1,1,4,1,1,1,1,1
SF,IF2007,2020-06-05 09:34:37.100,3902.4000,14368,0,224964780.000,0,-,-,-,-,3901.6000,3901.4000,3900.4000,3899.2000,3898.8000,3902.6000,3903.0000,3904.0000,3904.6000,3904.8000,1,1,1,1,1,1,1,1,1,2
SF,IF2007,2020-06-05 09:34:37.600,3902.4000,14368,0,224964780.000,0,-,-,-,-,3901.8000,3901.4000,3900.4000,3899.2000,3898.8000,3902.6000,3903.0000,3904.0000,3904.6000,3904.8000,1,1,1,1,1,1,1,1,1,2
SF,IF2007,2020-06-05 09:34:38.100,3902.4000,14368,0,224964780.000,0,-,-,-,-,3901.4000,3900.4000,3899.2000,3898.8000,3898.2000,3902.6000,3903.0000,3904.0000,3904.6000,3904.8000,1,1,1,1,4,1,1,1,1,2
SF,IF2007,2020-06-05 09:34:38.600,3902.4000,14368,0,224964780.000,0,-,-,-,-,3901.6000,3901.4000,3900.4000,3899.2000,3898.8000,3902.6000,3903.0000,3904.0000,3904.6000,3904.8000,1,1,1,1,1,1,1,1,1,2
SF,IF2007,2020-06-05 09:34:39.100,3902.4000,14368,0,224964780.000,0,-,-,-,-,3901.8000,3901.4000,3900.4000,3899.2000,3898.8000,3902.6000,3903.0000,3904.0000,3904.6000,3904.8000,1,1,1,1,1,1,1,1,1,2
SF,IF2007,2020-06-05 09:34:39.600,3902.4000,14368,0,224964780.000,0,-,-,-,-,3901.4000,3900.4000,3899.2000,3898.8000,3898.2000,3902.4000,3902.6000,3903.0000,3904.0000,3904.6000,1,1,1,1,4,1,1,1,1,1
SF,IF2007,2020-06-05 09:34:40.100,3902.4000,14368,0,224964780.000,0,-,-,-,-,3901.6000,3901.4000,3900.4000,3899.2000,3898.8000,3902.4000,3902.6000,3903.0000,3904.0000,3904.6000,1,1,1,1,1,1,1,1,1,1
SF,IF2007,2020-06-05 09:34:40.600,3902.4000,14368,0,224964780.000,0,-,-,-,-,3901.8000,3901.4000,3900.4000,3899.2000,3898.2000,3902.4000,3902.6000,3903.0000,3904.0000,3904.6000,1,1,1,1,4,1,1,1,1,1
