市场代码,合约代码,时间,最新,持仓,增仓,成交额,成交量,开仓,平仓,成交类型,方向,买一价,买二价,买三价,买四价,买五价,卖一价,卖二价,卖三价,卖四价,卖五价,买一量,买二量,买三量,买四量,买五量,卖一量,卖二量,卖三量,卖四量,卖五量
SF,IF2006,2019-12-31 09:29:00.300,4103.4000,13300,0,1231020.000,1.000,-,-,-,-,4103.0000,4100.0000,4099.4000,4093.4000,4092.4000,4103.6000,4104.0000,4104.2000,4105.0000,4108.8000,1,3,1,1,1,1,1,2,4,1
SF,IF2006,2019-12-31 09:30:00.300,4103.6000,13299,-1,2462100.000,1,0,1,双平,S,4103.0000,4100.0000,4099.4000,4098.0000,4097.4000,4104.0000,4104.2000,4105.0000,4108.2000,4108.8000,1,3,1,1,1,1,1,4,1,1
SF,IF2006,2019-12-31 09:30:00.800,4104.0000,13299,0,8617680.000,5,2,3,多换,S,4100.0000,4099.4000,4098.0000,4097.4000,4095.0000,4104.2000,4105.0000,4108.2000,4108.8000,4110.0000,3,1,1,1,4,1,4,1,1,2
SF,IF2006,2019-12-31 09:30:01.300,4104.0000,13299,0,8617680.000,0,-,-,-,-,4101.6000,4100.2000,4100.0000,4099.4000,4098.0000,4104.0000,4104.2000,4105.0000,4108.2000,4110.0000,1,2,3,1,1,1,1,4,1,2
SF,IF2006,2019-12-31 09:30:01.800,4104.0000,13299,0,8617680.000,0,-,-,-,-,4100.2000,4100.0000,4099.4000,4098.0000,4097.4000,4104.0000,4105.0000,4108.2000,4109.6000,4110.0000,1,3,1,1,1,1,4,1,1,2
SF,IF2006,2019-12-31 09:30:02.300,4100.4000,13298,-1,9847800.000,1,0,1,双平,S,4100.2000,4100.0000,4099.4000,4098.0000,4097.4000,4103.8000,4104.0000,4105.0000,4108.2000,4109.6000,1,3,1,1,1,1,1,4,1,1
SF,IF2006,2019-12-31 09:30:02.800,4100.4000,13298,0,9847800.000,0,-,-,-,-,4100.2000,4100.0000,4099.4000,4098.0000,4097.4000,4103.6000,4103.8000,4105.0000,4108.2000,4109.6000,2,3,1,1,1,2,1,4,1,1
SF,IF2006,2019-12-31 09:30:03.300,4100.4000,13298,0,9847800.000,0,-,-,-,-,4100.6000,4100.2000,4100.0000,4099.4000,4098.0000,4103.6000,4103.8000,4105.0000,4108.2000,4109.6000,1,1,3,1,1,2,1,4,1,1
SF,IF2006,2019-12-31 09:30:03.800,4100.4000,13298,0,9847800.000,0,-,-,-,-,4100.8000,4100.6000,4100.0000,4099.4000,4098.0000,4102.8000,4103.4000,4103.6000,4103.8000,4105.0000,1,1,3,1,1,1,1,2,1,4
SF,IF2006,2019-12-31 09:30:04.300,4100.4000,13298,0,9847800.000,0,-,-,-,-,4100.8000,4100.0000,4099.4000,4098.0000,4095.0000,4102.6000,4102.8000,4103.4000,4103.6000,4103.8000,1,3,1,1,7,1,1,1,1,1
SF,IF2006,2019-12-31 09:30:04.800,4100.4000,13298,0,9847800.000,0,-,-,-,-,4100.8000,4100.0000,4098.0000,4095.0000,4094.8000,4102.4000,4102.6000,4102.8000,4103.4000,4103.8000,1,3,1,7,7,1,1,1,1,1
SF,IF2006,2019-12-31 09:30:05.300,4100.4000,13298,0,9847800.000,0,-,-,-,-,4100.8000,4100.0000,4098.0000,4095.0000,4094.8000,4102.2000,4102.4000,4102.8000,4103.4000,4103.8000,1,3,1,7,7,1,1,1,1,1
SF,IF2006,2019-12-31 09:30:05.800,4102.8000,13297,-1,14770260.000,4,1,3,多平,S,4103.6000,4100.0000,4098.0000,4095.0000,4094.8000,4103.8000,4105.0000,4108.2000,4109.6000,4110.0000,7,3,1,7,7,1,4,1,1,2
SF,IF2006,2019-12-31 09:30:06.300,4103.6000,13296,-1,24618960.000,8,3,5,多平,S,4100.0000,4098.0000,4095.0000,4094.8000,4091.0000,4105.0000,4108.2000,4109.0000,4109.6000,4110.0000,3,1,7,7,2,4,1,1,1,2
SF,IF2006,2019-12-31 09:30:06.800,4103.6000,13296,0,24618960.000,0,-,-,-,-,4100.2000,4100.0000,4098.0000,4095.0000,4094.8000,4104.8000,4105.0000,4105.2000,4108.2000,4109.0000,1,3,1,7,7,1,4,1,1,1
SF,IF2006,2019-12-31 09:30:07.300,4103.6000,13296,0,24618960.000,0,-,-,-,-,4100.2000,4100.0000,4098.0000,4095.0000,4094.8000,4104.8000,4105.0000,4105.2000,4108.2000,4109.0000,2,3,1,7,7,1,4,1,1,1
SF,IF2006,2019-12-31 09:30:07.800,4103.6000,13296,0,24618960.000,0,-,-,-,-,4100.2000,4100.0000,4098.0000,4095.0000,4094.8000,4104.8000,4105.0000,4105.2000,4108.2000,4109.0000,2,3,1,7,7,1,4,1,1,1
SF,IF2006,2019-12-31 09:30:08.300,4103.6000,13296,0,24618960.000,0,-,-,-,-,4100.4000,4100.2000,4100.0000,4098.0000,4095.0000,4104.8000,4105.0000,4105.2000,4108.2000,4109.0000,1,1,3,1,7,1,4,1,1,1
SF,IF2006,2019-12-31 09:30:08.800,4100.8000,13296,0,25849200.000,1,0,1,多换,S,4101.0000,4100.8000,4100.6000,4100.4000,4100.0000,4104.0000,4104.8000,4105.0000,4105.2000,4108.2000,1,1,2,1,3,1,1,4,1,1
SF,IF2006,2019-12-31 09:30:09.300,4100.8000,13296,0,25849200.000,0,-,-,-,-,4101.2000,4101.0000,4100.8000,4100.6000,4100.4000,4103.8000,4104.0000,4105.0000,4105.2000,4108.2000,2,1,1,1,1,1,1,4,1,1
SF,IF2006,2019-12-31 09:30:09.800,4100.8000,13296,0,25849200.000,0,-,-,-,-,4101.2000,4101.0000,4100.0000,4098.0000,4095.0000,4103.6000,4103.8000,4104.0000,4105.0000,4105.2000,2,1,3,1,7,1,1,1,4,1
SF,IF2006,2019-12-31 09:30:10.300,4103.0000,13294,-2,30771000.000,4,1,3,多平,S,4100.0000,4098.0000,4095.0000,4094.8000,4091.0000,4103.4000,4103.6000,4105.0000,4105.2000,4108.2000,3,1,7,7,2,4,1,4,1,1
SF,IF2006,2019-12-31 09:30:10.800,4103.0000,13294,0,30771000.000,0,-,-,-,-,4100.2000,4100.0000,4098.0000,4095.0000,4094.8000,4103.2000,4103.4000,4103.6000,4105.0000,4105.2000,1,3,1,7,7,1,4,1,4,1
SF,IF2006,2019-12-31 09:30:11.300,4103.0000,13294,0,30771000.000,0,-,-,-,-,4100.6000,4100.2000,4100.0000,4098.0000,4095.0000,4103.0000,4103.2000,4103.4000,4105.0000,4105.2000,1,1,3,1,7,2,1,1,4,1
SF,IF2006,2019-12-31 09:30:11.800,4103.0000,13294,0,30771000.000,0,-,-,-,-,4100.8000,4100.6000,4100.0000,4098.0000,4095.0000,4103.0000,4103.2000,4105.0000,4105.2000,4108.2000,3,1,3,1,7,3,2,4,1,1
SF,IF2006,2019-12-31 09:30:12.300,4103.0000,13294,0,30771000.000,0,-,-,-,-,4101.0000,4100.8000,4100.6000,4100.0000,4098.0000,4103.0000,4103.2000,4105.0000,4105.2000,4108.2000,1,1,1,3,1,2,2,4,1,1
SF,IF2006,2019-12-31 09:30:12.800,4103.0000,13294,0,30771000.000,0,-,-,-,-,4101.2000,4101.0000,4100.0000,4098.0000,4095.0000,4103.0000,4103.2000,4105.0000,4105.2000,4108.2000,1,2,3,1,7,2,2,4,1,1
SF,IF2006,2019-12-31 09:30:13.300,4103.0000,13294,0,30771000.000,0,-,-,-,-,4101.4000,4101.2000,4101.0000,4100.0000,4098.0000,4103.0000,4103.2000,4105.0000,4105.2000,4108.2000,1,1,2,3,1,1,2,4,1,1
SF,IF2006,2019-12-31 09:30:13.800,4103.0000,13294,0,30771000.000,0,-,-,-,-,4101.6000,4101.4000,4101.0000,4100.0000,4098.0000,4103.0000,4103.2000,4105.0000,4105.2000,4108.2000,1,1,1,3,1,1,2,4,1,1
SF,IF2006,2019-12-31 09:30:14.800,4103.0000,13294,0,30771000.000,0,-,-,-,-,4101.6000,4101.4000,4101.0000,4100.0000,4098.0000,4103.0000,4103.2000,4105.0000,4105.2000,4108.2000,1,1,1,3,1,1,1,4,1,1
SF,IF2006,2019-12-31 09:30:15.300,4103.0000,13294,0,30771000.000,0,-,-,-,-,4101.6000,4101.0000,4100.0000,4098.0000,4095.0000,4103.0000,4103.2000,4105.0000,4105.2000,4108.2000,1,1,3,1,7,1,1,4,1,1
SF,IF2006,2019-12-31 09:30:15.800,4103.2000,13292,-2,33232860.000,2,0,2,双平,S,4101.6000,4101.0000,4100.0000,4098.0000,4095.0000,4105.0000,4105.2000,4108.2000,4109.0000,4109.6000,1,1,3,1,7,4,1,1,1,1
SF,IF2006,2019-12-31 09:30:16.300,4101.6000,13291,-1,34463340.000,1,0,1,双平,S,4101.0000,4100.0000,4098.0000,4095.0000,4094.8000,4104.8000,4105.0000,4105.2000,4108.2000,4109.0000,1,3,1,7,7,3,4,1,1,1
SF,IF2006,2019-12-31 09:30:16.800,4101.6000,13291,0,34463340.000,0,-,-,-,-,4101.8000,4101.2000,4100.0000,4098.0000,4095.0000,4103.0000,4104.8000,4105.0000,4105.2000,4108.2000,1,1,3,1,7,1,3,4,1,1
SF,IF2006,2019-12-31 09:30:17.300,4103.0000,13290,-1,35694240.000,1,0,1,双平,S,4102.0000,4101.8000,4101.2000,4100.0000,4098.0000,4104.8000,4105.0000,4105.2000,4108.2000,4109.0000,1,1,1,3,1,2,4,1,1,1
SF,IF2006,2019-12-31 09:30:17.800,4103.0000,13290,0,35694240.000,0,-,-,-,-,4102.2000,4102.0000,4101.8000,4101.2000,4100.0000,4104.6000,4104.8000,4105.0000,4105.2000,4108.2000,1,2,1,1,3,1,1,4,1,1
SF,IF2006,2019-12-31 09:30:18.300,4103.0000,13290,0,35694240.000,0,-,-,-,-,4102.4000,4102.2000,4102.0000,4100.0000,4098.0000,4104.4000,4104.6000,4105.0000,4105.2000,4108.2000,1,2,1,3,1,2,1,4,1,1
SF,IF2006,2019-12-31 09:30:18.800,4103.0000,13290,0,35694240.000,0,-,-,-,-,4102.6000,4102.4000,4102.0000,4100.0000,4098.0000,4104.4000,4105.0000,4105.2000,4108.2000,4109.0000,1,2,1,3,1,2,4,1,1,1
SF,IF2006,2019-12-31 09:30:19.300,4103.0000,13290,0,35694240.000,0,-,-,-,-,4102.8000,4102.6000,4102.4000,4102.0000,4100.0000,4104.4000,4105.0000,4105.2000,4108.2000,4109.0000,1,1,1,1,3,2,4,1,1,1
SF,IF2006,2019-12-31 09:30:19.800,4103.0000,13290,0,35694240.000,0,-,-,-,-,4102.8000,4102.6000,4102.4000,4102.0000,4100.0000,4104.4000,4105.0000,4105.2000,4108.2000,4109.0000,1,1,1,1,3,1,4,1,1,1
SF,IF2006,2019-12-31 09:30:20.300,4103.0000,13290,0,35694240.000,0,-,-,-,-,4102.8000,4102.4000,4102.0000,4100.0000,4098.0000,4104.4000,4105.0000,4105.2000,4108.2000,4109.0000,1,1,1,3,1,1,4,1,1,1
SF,IF2006,2019-12-31 09:30:21.300,4102.8000,13289,-1,36925080.000,1,0,1,双平,S,4103.0000,4102.0000,4100.4000,4100.0000,4098.0000,4104.4000,4105.0000,4105.2000,4108.2000,4109.0000,1,1,1,3,1,1,4,1,1,1
SF,IF2006,2019-12-31 09:30:21.800,4102.8000,13289,0,36925080.000,0,-,-,-,-,4103.0000,4102.0000,4100.4000,4100.0000,4098.0000,4104.2000,4104.4000,4105.0000,4105.2000,4108.2000,1,1,1,3,1,1,1,4,1,1
SF,IF2006,2019-12-31 09:30:22.300,4102.8000,13289,0,36925080.000,0,-,-,-,-,4103.0000,4102.0000,4100.4000,4100.0000,4098.0000,4104.2000,4104.4000,4105.0000,4105.2000,4108.2000,2,1,1,3,1,1,1,4,1,1
SF,IF2006,2019-12-31 09:30:22.800,4102.8000,13289,0,36925080.000,0,-,-,-,-,4103.0000,4102.0000,4100.4000,4100.0000,4098.0000,4104.2000,4104.4000,4105.0000,4108.2000,4109.0000,4,1,1,3,1,1,1,4,1,1
SF,IF2006,2019-12-31 09:30:23.300,4102.8000,13289,0,36925080.000,0,-,-,-,-,4103.0000,4102.0000,4100.4000,4100.0000,4098.0000,4104.2000,4104.4000,4105.0000,4108.2000,4109.0000,2,1,1,3,1,1,1,4,1,1
SF,IF2006,2019-12-31 09:30:23.800,4102.8000,13289,0,36925080.000,0,-,-,-,-,4103.2000,4103.0000,4102.0000,4100.4000,4100.0000,4104.2000,4104.4000,4105.0000,4108.2000,4109.0000,1,1,1,1,3,1,1,4,1,1
SF,IF2006,2019-12-31 09:30:24.300,4102.8000,13289,0,36925080.000,0,-,-,-,-,4103.2000,4103.0000,4100.4000,4100.0000,4098.0000,4104.2000,4104.4000,4105.0000,4108.2000,4109.0000,2,2,1,3,1,1,1,4,1,1
SF,IF2006,2019-12-31 09:30:24.800,4103.0000,13289,0,38155980.000,1,0,1,多换,S,4103.2000,4100.4000,4100.0000,4098.0000,4095.0000,4105.0000,4108.2000,4109.0000,4109.6000,4110.0000,2,1,3,1,7,4,1,1,1,2
SF,IF2006,2019-12-31 09:30:25.300,4104.8000,13288,-1,39387420.000,1,0,1,双平,S,4104.0000,4103.4000,4103.2000,4100.4000,4100.0000,4105.0000,4108.2000,4109.0000,4109.6000,4110.0000,1,2,2,1,3,4,1,1,1,2
SF,IF2006,2019-12-31 09:30:25.800,4104.8000,13288,0,39387420.000,0,-,-,-,-,4104.0000,4103.6000,4103.4000,4103.0000,4100.4000,4105.0000,4108.2000,4109.0000,4109.6000,4110.0000,1,1,3,1,1,4,1,1,1,2
SF,IF2006,2019-12-31 09:30:26.300,4104.8000,13288,0,39387420.000,0,-,-,-,-,4104.0000,4103.4000,4103.0000,4100.0000,4098.0000,4104.8000,4105.0000,4105.2000,4108.2000,4109.0000,1,2,1,3,1,1,4,1,1,1
SF,IF2006,2019-12-31 09:30:26.800,4104.8000,13288,0,39387420.000,0,-,-,-,-,4104.0000,4103.4000,4103.0000,4100.0000,4098.0000,4105.0000,4108.2000,4109.0000,4109.6000,4110.0000,1,1,1,3,1,4,1,1,1,2
SF,IF2006,2019-12-31 09:30:28.800,4104.0000,13287,-1,40618620.000,1,0,1,双平,S,4103.4000,4103.0000,4100.0000,4098.0000,4095.0000,4105.0000,4105.2000,4108.2000,4109.0000,4109.6000,1,1,3,1,7,4,1,1,1,1
SF,IF2006,2019-12-31 09:30:29.300,4104.0000,13287,0,40618620.000,0,-,-,-,-,4103.4000,4103.0000,4100.0000,4098.0000,4095.0000,4104.8000,4105.0000,4108.2000,4109.0000,4109.6000,1,1,3,1,7,2,4,1,1,1
SF,IF2006,2019-12-31 09:30:29.800,4104.0000,13287,0,40618620.000,0,-,-,-,-,4103.8000,4103.4000,4103.0000,4100.0000,4098.0000,4104.8000,4105.0000,4108.2000,4109.0000,4109.6000,1,1,1,3,1,2,4,1,1,1
SF,IF2006,2019-12-31 09:30:30.300,4104.0000,13287,0,40618620.000,0,-,-,-,-,4103.8000,4103.4000,4103.0000,4100.0000,4098.0000,4104.8000,4105.0000,4108.2000,4109.0000,4109.6000,1,1,1,3,1,2,4,1,1,1
SF,IF2006,2019-12-31 09:30:31.300,4104.8000,13287,0,41850060.000,1,0,1,多换,S,4103.8000,4103.4000,4103.0000,4100.0000,4098.0000,4104.8000,4105.0000,4108.2000,4109.0000,4109.6000,1,1,1,3,1,1,4,1,1,1
SF,IF2006,2019-12-31 09:30:31.800,4105.0000,13290,3,48007440.000,5,4,1,空开,S,4103.8000,4103.4000,4103.0000,4100.0000,4098.0000,4105.0000,4108.2000,4109.0000,4109.6000,4110.0000,1,1,1,3,1,1,1,1,1,2
SF,IF2006,2019-12-31 09:30:32.300,4105.0000,13291,1,49238940.000,1,1,0,双开,S,4104.0000,4103.8000,4103.0000,4100.0000,4098.0000,4108.2000,4109.0000,4109.6000,4110.0000,4111.8000,2,1,1,3,1,1,1,1,2,5
SF,IF2006,2019-12-31 09:30:32.800,4105.0000,13291,0,49238940.000,0,-,-,-,-,4104.8000,4104.0000,4103.8000,4103.0000,4100.0000,4107.2000,4108.0000,4108.2000,4109.0000,4109.6000,1,2,1,1,3,1,1,1,1,1
SF,IF2006,2019-12-31 09:30:33.300,4106.0000,13291,0,50470740.000,1,0,1,多换,S,4105.0000,4104.8000,4103.8000,4103.0000,4100.0000,4107.0000,4107.2000,4108.2000,4109.0000,4109.6000,1,1,1,1,3,3,1,1,1,1
SF,IF2006,2019-12-31 09:30:33.800,4106.8000,13289,-2,52934280.000,2,0,2,双平,S,4104.8000,4103.8000,4103.0000,4100.0000,4098.0000,4106.8000,4107.0000,4107.2000,4108.0000,4108.2000,1,1,1,3,1,1,3,1,1,1
SF,IF2006,2019-12-31 09:30:34.300,4106.8000,13289,0,52934280.000,0,-,-,-,-,4104.8000,4103.8000,4103.0000,4100.0000,4098.0000,4106.6000,4107.0000,4107.2000,4108.0000,4108.2000,1,1,1,3,1,3,2,1,1,1
SF,IF2006,2019-12-31 09:30:34.800,4106.8000,13289,0,54166320.000,1,0,1,多换,S,4104.8000,4103.8000,4103.0000,4100.0000,4098.0000,4106.6000,4107.0000,4107.2000,4108.0000,4108.2000,1,1,1,3,1,3,1,1,1,1
SF,IF2006,2019-12-31 09:30:35.300,4106.8000,13289,0,54166320.000,0,-,-,-,-,4104.8000,4103.8000,4103.0000,4100.0000,4098.0000,4105.2000,4106.4000,4106.6000,4107.0000,4107.2000,1,2,1,3,1,1,1,3,1,1
SF,IF2006,2019-12-31 09:30:35.800,4105.2000,13289,0,55397880.000,1,0,1,多换,S,4104.8000,4103.8000,4100.0000,4098.0000,4095.0000,4106.4000,4106.6000,4107.0000,4107.2000,4108.2000,1,2,3,1,7,1,3,1,1,1
SF,IF2006,2019-12-31 09:30:36.300,4105.2000,13289,0,55397880.000,0,-,-,-,-,4104.8000,4103.8000,4100.0000,4098.0000,4095.0000,4106.2000,4106.4000,4106.6000,4107.0000,4107.2000,1,2,3,1,7,3,1,2,1,1
SF,IF2006,2019-12-31 09:30:36.800,4105.2000,13289,0,55397880.000,0,-,-,-,-,4104.8000,4103.8000,4100.0000,4098.0000,4095.0000,4106.2000,4106.4000,4106.6000,4106.8000,4107.0000,1,2,3,1,7,3,1,2,1,1
SF,IF2006,2019-12-31 09:30:37.300,4106.2000,13289,0,56629740.000,1,0,1,多换,S,4104.8000,4103.8000,4100.0000,4098.0000,4095.0000,4106.2000,4106.4000,4106.6000,4106.8000,4107.0000,1,2,3,1,7,2,1,2,1,1
SF,IF2006,2019-12-31 09:30:38.300,4106.2000,13289,0,57861600.000,1,0,1,多换,S,4104.8000,4103.8000,4100.0000,4098.0000,4095.0000,4106.2000,4106.4000,4106.6000,4107.0000,4107.2000,1,2,3,1,7,2,1,3,1,1
SF,IF2006,2019-12-31 09:30:39.300,4106.2000,13289,0,57861600.000,0,-,-,-,-,4105.2000,4104.8000,4103.8000,4100.0000,4098.0000,4105.8000,4106.2000,4106.4000,4106.6000,4107.0000,3,1,2,3,1,1,2,1,3,1
SF,IF2006,2019-12-31 09:30:39.800,4106.2000,13290,1,59093460.000,1,1,0,双开,S,4105.2000,4104.8000,4103.8000,4100.0000,4098.0000,4105.8000,4106.2000,4106.4000,4106.6000,4107.0000,3,1,2,3,1,1,2,1,3,1
SF,IF2006,2019-12-31 09:30:40.300,4106.2000,13289,-1,61557060.000,2,0,2,多平,S,4105.2000,4104.8000,4103.8000,4100.0000,4098.0000,4106.2000,4106.4000,4106.6000,4107.0000,4107.2000,3,1,2,3,1,1,1,3,1,1
SF,IF2006,2019-12-31 09:30:40.800,4106.2000,13289,0,61557060.000,0,-,-,-,-,4105.4000,4105.2000,4104.8000,4103.8000,4100.0000,4106.2000,4106.4000,4106.6000,4107.0000,4107.2000,3,3,1,2,3,1,1,3,1,1
SF,IF2006,2019-12-31 09:30:41.300,4106.2000,13289,0,61557060.000,0,-,-,-,-,4105.6000,4105.4000,4105.2000,4104.8000,4103.8000,4106.2000,4106.4000,4106.6000,4107.0000,4107.2000,1,3,3,1,2,1,1,2,1,1
SF,IF2006,2019-12-31 09:30:41.800,4106.2000,13288,-1,62788920.000,1,0,1,双平,S,4105.6000,4105.4000,4105.2000,4104.8000,4103.8000,4106.4000,4106.6000,4107.0000,4107.2000,4108.2000,1,1,3,1,2,1,2,1,1,1
SF,IF2006,2019-12-31 09:30:42.300,4106.2000,13288,0,62788920.000,0,-,-,-,-,4105.8000,4105.6000,4105.2000,4105.0000,4104.8000,4106.6000,4107.2000,4108.2000,4109.0000,4109.6000,1,1,3,1,1,1,1,1,1,1
SF,IF2006,2019-12-31 09:30:42.800,4106.6000,13288,0,64020900.000,1,0,1,多换,S,4105.8000,4105.2000,4105.0000,4104.8000,4103.8000,4107.2000,4108.2000,4108.6000,4109.0000,4109.6000,1,3,1,1,2,1,1,1,1,1
SF,IF2006,2019-12-31 09:30:43.300,4106.6000,13288,0,64020900.000,0,-,-,-,-,4106.4000,4106.0000,4105.8000,4105.2000,4105.0000,4107.0000,4107.2000,4108.0000,4108.2000,4108.6000,1,1,1,3,1,1,1,1,1,1
SF,IF2006,2019-12-31 09:30:43.800,4106.6000,13288,0,64020900.000,0,-,-,-,-,4106.0000,4105.8000,4105.2000,4105.0000,4104.8000,4107.0000,4107.2000,4108.0000,4108.2000,4108.6000,1,1,3,1,1,1,1,1,1,1
SF,IF2006,2019-12-31 09:30:44.300,4107.0000,13289,1,65253000.000,1,1,0,双开,S,4106.2000,4106.0000,4105.2000,4105.0000,4104.8000,4106.8000,4107.2000,4108.0000,4108.2000,4108.6000,1,1,3,1,1,1,1,1,1,1
SF,IF2006,2019-12-31 09:30:44.800,4107.0000,13289,0,65253000.000,0,-,-,-,-,4106.2000,4106.0000,4105.2000,4105.0000,4104.8000,4106.6000,4107.2000,4108.0000,4108.2000,4108.6000,1,1,3,1,1,1,1,1,1,1
SF,IF2006,2019-12-31 09:30:45.300,4106.8000,13289,0,66485040.000,1,0,1,多换,S,4106.2000,4106.0000,4105.2000,4105.0000,4104.8000,4107.2000,4108.0000,4108.2000,4108.6000,4109.0000,1,1,3,1,1,1,1,1,1,1
SF,IF2006,2019-12-31 09:30:45.800,4106.8000,13289,0,66485040.000,0,-,-,-,-,4106.2000,4105.2000,4105.0000,4104.8000,4103.8000,4107.0000,4107.2000,4107.6000,4108.0000,4108.2000,1,3,1,1,2,1,1,1,1,1
SF,IF2006,2019-12-31 09:30:46.300,4106.8000,13289,0,66485040.000,0,-,-,-,-,4106.2000,4105.2000,4105.0000,4104.8000,4103.8000,4107.0000,4107.2000,4107.6000,4108.0000,4108.2000,1,3,1,1,2,1,1,1,1,1
SF,IF2006,2019-12-31 09:30:46.800,4106.8000,13289,0,66485040.000,0,-,-,-,-,4106.2000,4105.2000,4105.0000,4104.8000,4103.8000,4107.0000,4107.2000,4107.6000,4108.0000,4108.2000,1,3,1,1,2,1,1,1,1,1
SF,IF2006,2019-12-31 09:30:47.300,4107.0000,13288,-1,67717140.000,1,0,1,双平,S,4106.2000,4105.2000,4105.0000,4104.8000,4103.8000,4107.2000,4108.2000,4108.6000,4109.0000,4109.6000,1,3,1,1,2,1,1,1,1,1
SF,IF2006,2019-12-31 09:30:47.800,4107.0000,13288,0,67717140.000,0,-,-,-,-,4106.8000,4106.2000,4105.2000,4105.0000,4104.8000,4107.0000,4107.2000,4108.2000,4108.6000,4109.0000,1,1,3,1,1,1,1,1,1,1
SF,IF2006,2019-12-31 09:30:48.300,4107.0000,13288,0,68949240.000,1,0,1,多换,S,4106.8000,4105.2000,4105.0000,4104.8000,4103.8000,4107.2000,4108.2000,4108.6000,4109.0000,4109.6000,1,3,1,1,2,1,1,1,1,1
SF,IF2006,2019-12-31 09:30:49.300,4107.0000,13288,0,68949240.000,0,-,-,-,-,4106.8000,4105.2000,4105.0000,4104.8000,4103.8000,4107.2000,4108.2000,4108.6000,4109.0000,4109.6000,1,3,1,1,2,1,1,1,1,1
SF,IF2006,2019-12-31 09:30:49.800,4107.0000,13288,0,68949240.000,0,-,-,-,-,4106.8000,4105.2000,4105.0000,4104.8000,4103.8000,4107.2000,4108.2000,4108.6000,4109.0000,4109.6000,1,3,1,1,2,1,1,1,1,1
SF,IF2006,2019-12-31 09:30:50.800,4107.2000,13287,-1,70181400.000,1,0,1,双平,S,4107.0000,4106.8000,4105.2000,4105.0000,4104.8000,4108.2000,4108.6000,4109.0000,4109.6000,4110.0000,2,1,3,1,1,1,1,1,1,2
SF,IF2006,2019-12-31 09:30:51.300,4107.2000,13287,0,70181400.000,0,-,-,-,-,4107.0000,4106.8000,4105.2000,4105.0000,4104.8000,4108.2000,4108.6000,4109.0000,4109.6000,4110.0000,2,1,3,1,1,1,1,1,1,2
SF,IF2006,2019-12-31 09:30:51.800,4108.2000,13286,-1,71413860.000,1,0,1,双平,S,4107.2000,4107.0000,4106.8000,4105.2000,4105.0000,4108.6000,4109.0000,4109.6000,4110.0000,4111.8000,2,2,1,3,1,1,1,1,2,5
SF,IF2006,2019-12-31 09:30:52.300,4107.4000,13285,-1,72646080.000,1,0,1,双平,S,4107.2000,4107.0000,4106.8000,4105.2000,4105.0000,4108.4000,4108.6000,4109.0000,4109.6000,4110.0000,2,2,1,3,1,1,1,1,1,2
SF,IF2006,2019-12-31 09:30:52.800,4108.4000,13284,-1,73878600.000,1,0,1,双平,S,4107.2000,4107.0000,4106.8000,4105.2000,4105.0000,4109.0000,4109.6000,4110.0000,4111.8000,4113.0000,1,5,1,3,1,1,1,2,5,2
SF,IF2006,2019-12-31 09:30:53.300,4108.4000,13284,0,73878600.000,0,-,-,-,-,4107.2000,4107.0000,4106.8000,4105.2000,4105.0000,4108.8000,4109.0000,4109.6000,4110.0000,4111.8000,1,5,1,3,1,2,1,1,2,5
SF,IF2006,2019-12-31 09:30:53.800,4107.2000,13283,-1,75110760.000,1,0,1,双平,S,4107.0000,4106.8000,4105.2000,4105.0000,4104.8000,4108.8000,4109.0000,4109.6000,4110.0000,4111.8000,5,1,3,1,1,2,1,1,2,5
SF,IF2006,2019-12-31 09:30:54.300,4107.2000,13283,0,75110760.000,0,-,-,-,-,4107.2000,4107.0000,4106.8000,4105.2000,4105.0000,4108.6000,4108.8000,4109.0000,4109.6000,4110.0000,2,5,1,3,1,1,2,3,1,2
SF,IF2006,2019-12-31 09:30:54.800,4107.2000,13283,0,75110760.000,0,-,-,-,-,4107.2000,4107.0000,4106.8000,4105.2000,4105.0000,4108.4000,4108.8000,4109.0000,4109.6000,4110.0000,1,5,1,3,1,1,1,3,1,2
SF,IF2006,2019-12-31 09:30:55.300,4107.2000,13283,0,75110760.000,0,-,-,-,-,4107.0000,4106.8000,4105.2000,4105.0000,4104.8000,4108.4000,4109.0000,4109.6000,4110.0000,4111.8000,5,1,3,1,1,1,3,1,2,5
SF,IF2006,2019-12-31 09:30:56.300,4107.2000,13283,0,75110760.000,0,-,-,-,-,4107.2000,4107.0000,4106.8000,4105.2000,4104.8000,4108.4000,4109.0000,4109.6000,4110.0000,4111.8000,1,5,1,3,1,1,3,1,2,5
SF,IF2006,2019-12-31 09:30:56.800,4107.2000,13283,0,75110760.000,0,-,-,-,-,4107.2000,4107.0000,4106.8000,4105.2000,4104.8000,4108.4000,4109.0000,4109.6000,4110.0000,4111.8000,1,5,1,3,1,1,3,1,2,5
SF,IF2006,2019-12-31 09:30:57.300,4107.2000,13282,-1,76342920.000,1,0,1,双平,S,4107.0000,4106.8000,4105.2000,4104.8000,4103.8000,4108.4000,4109.0000,4109.6000,4110.0000,4111.8000,5,1,3,1,2,1,3,1,2,5
SF,IF2006,2019-12-31 09:30:57.800,4108.4000,13282,0,77575440.000,1,0,1,多换,S,4107.2000,4107.0000,4106.8000,4105.2000,4104.8000,4109.0000,4109.6000,4110.0000,4111.8000,4112.0000,1,5,1,3,1,3,1,2,5,2
SF,IF2006,2019-12-31 09:30:58.300,4108.4000,13282,0,77575440.000,0,-,-,-,-,4107.4000,4107.2000,4107.0000,4106.8000,4105.2000,4108.8000,4109.0000,4109.6000,4110.0000,4111.8000,1,1,5,1,3,2,3,1,2,5
SF,IF2006,2019-12-31 09:30:58.800,4108.4000,13282,0,77575440.000,0,-,-,-,-,4108.4000,4107.4000,4107.2000,4107.0000,4106.8000,4108.8000,4109.0000,4109.6000,4110.0000,4111.8000,1,1,1,5,1,3,1,1,2,5
SF,IF2006,2019-12-31 09:30:59.300,4108.4000,13282,0,77575440.000,0,-,-,-,-,4108.4000,4107.4000,4107.2000,4107.0000,4106.8000,4108.8000,4109.0000,4109.6000,4110.0000,4111.8000,1,1,1,5,1,5,1,1,2,5
SF,IF2006,2019-12-31 09:30:59.800,4108.4000,13282,0,77575440.000,0,-,-,-,-,4108.4000,4107.2000,4107.0000,4106.8000,4105.2000,4108.8000,4109.0000,4109.6000,4110.0000,4111.8000,1,1,5,1,3,2,1,1,2,5
SF,IF2006,2019-12-31 09:31:00.300,4108.4000,13282,0,77575440.000,0,-,-,-,-,4108.4000,4107.6000,4107.2000,4107.0000,4106.8000,4108.8000,4109.0000,4109.6000,4110.0000,4111.8000,1,1,1,5,1,2,1,1,2,5
SF,IF2006,2019-12-31 09:31:00.800,4108.4000,13282,0,77575440.000,0,-,-,-,-,4108.4000,4107.6000,4107.2000,4107.0000,4106.8000,4108.8000,4109.0000,4109.6000,4110.0000,4111.8000,4,1,1,5,1,2,1,1,2,5
SF,IF2006,2019-12-31 09:31:01.300,4108.8000,13282,0,80040720.000,2,1,1,多换,S,4108.4000,4107.6000,4107.2000,4107.0000,4106.8000,4109.0000,4109.6000,4110.0000,4111.8000,4112.6000,4,1,1,5,1,1,1,2,5,1
SF,IF2006,2019-12-31 09:31:02.300,4108.4000,13282,0,84970800.000,4,2,2,多换,S,4107.6000,4107.2000,4107.0000,4106.8000,4105.2000,4108.8000,4109.0000,4109.6000,4110.0000,4111.8000,1,1,5,1,3,1,1,1,2,5
SF,IF2006,2019-12-31 09:31:02.800,4108.4000,13282,0,84970800.000,0,-,-,-,-,4107.6000,4107.2000,4107.0000,4106.8000,4105.2000,4108.6000,4108.8000,4109.0000,4109.6000,4110.0000,1,1,5,1,3,2,1,1,1,2
SF,IF2006,2019-12-31 09:31:03.300,4108.4000,13282,0,84970800.000,0,-,-,-,-,4108.4000,4107.6000,4107.2000,4107.0000,4106.8000,4108.6000,4108.8000,4109.0000,4109.6000,4110.0000,2,1,1,5,1,2,1,1,1,2
SF,IF2006,2019-12-31 09:31:03.800,4108.4000,13282,0,87435840.000,2,1,1,多换,S,4108.0000,4107.6000,4107.2000,4107.0000,4106.8000,4108.4000,4108.6000,4108.8000,4109.0000,4109.6000,1,1,1,5,1,2,2,1,1,1
SF,IF2006,2019-12-31 09:31:04.300,4108.0000,13281,-1,88668240.000,1,0,1,双平,S,4107.6000,4107.2000,4107.0000,4106.8000,4105.2000,4108.0000,4108.4000,4108.6000,4108.8000,4109.0000,1,1,5,1,3,1,2,2,1,1
SF,IF2006,2019-12-31 09:31:04.800,4108.0000,13281,0,88668240.000,0,-,-,-,-,4107.6000,4107.2000,4107.0000,4106.8000,4104.8000,4108.0000,4108.2000,4108.4000,4108.6000,4109.0000,1,1,5,1,1,1,1,2,1,1
SF,IF2006,2019-12-31 09:31:05.300,4107.6000,13281,0,89900520.000,1,0,1,多换,S,4107.2000,4107.0000,4106.8000,4104.8000,4103.8000,4108.0000,4108.2000,4108.4000,4108.6000,4109.0000,1,5,1,1,3,1,1,2,1,1
SF,IF2006,2019-12-31 09:31:05.800,4107.6000,13281,0,89900520.000,0,-,-,-,-,4107.0000,4106.8000,4104.8000,4103.8000,4101.0000,4107.8000,4108.0000,4108.2000,4108.4000,4109.0000,5,1,1,3,2,1,1,1,2,1
SF,IF2006,2019-12-31 09:31:08.300,4107.8000,13280,-1,91132860.000,1,0,1,双平,S,4107.0000,4106.8000,4104.8000,4103.8000,4101.0000,4108.0000,4108.2000,4108.4000,4109.0000,4109.6000,5,1,1,3,2,1,1,2,1,1
SF,IF2006,2019-12-31 09:31:08.800,4107.8000,13280,0,91132860.000,0,-,-,-,-,4107.2000,4107.0000,4106.8000,4103.8000,4101.0000,4107.6000,4108.0000,4108.4000,4109.0000,4109.6000,1,5,1,3,2,2,1,2,1,1
SF,IF2006,2019-12-31 09:31:09.800,4107.8000,13280,0,93597540.000,2,1,1,多换,S,4107.8000,4107.2000,4107.0000,4106.8000,4103.8000,4108.0000,4108.4000,4109.0000,4109.6000,4110.0000,1,1,5,1,3,1,2,1,1,2
SF,IF2006,2019-12-31 09:31:10.300,4107.8000,13280,0,94829880.000,1,0,1,多换,S,4107.2000,4107.0000,4106.8000,4103.8000,4101.0000,4108.0000,4108.4000,4109.0000,4109.6000,4110.0000,1,5,1,3,2,1,2,1,1,2
SF,IF2006,2019-12-31 09:31:10.800,4108.0000,13280,0,96062280.000,1,0,1,多换,S,4107.2000,4107.0000,4106.8000,4103.8000,4101.0000,4108.4000,4109.0000,4109.6000,4110.0000,4111.2000,1,5,1,3,2,2,1,1,2,2
SF,IF2006,2019-12-31 09:31:11.300,4108.0000,13280,0,96062280.000,0,-,-,-,-,4107.8000,4107.2000,4107.0000,4106.8000,4103.8000,4108.4000,4109.0000,4109.6000,4110.0000,4111.2000,3,1,5,1,3,2,1,1,2,2
SF,IF2006,2019-12-31 09:31:11.800,4108.0000,13280,0,96062280.000,0,-,-,-,-,4108.0000,4107.8000,4107.2000,4107.0000,4106.8000,4108.2000,4108.4000,4109.0000,4109.6000,4110.0000,1,3,1,5,1,1,2,1,1,2
SF,IF2006,2019-12-31 09:31:12.300,4108.2000,13280,0,97294740.000,1,0,1,多换,S,4108.0000,4107.8000,4107.0000,4106.8000,4103.8000,4108.4000,4109.0000,4109.6000,4110.0000,4111.2000,1,3,5,1,3,2,1,1,2,2
SF,IF2006,2019-12-31 09:31:12.800,4108.2000,13280,0,97294740.000,0,-,-,-,-,4108.2000,4108.0000,4107.8000,4107.0000,4106.8000,4108.4000,4109.0000,4109.6000,4110.0000,4111.2000,1,1,3,5,1,2,1,1,2,2
SF,IF2006,2019-12-31 09:31:13.300,4108.4000,13278,-2,99759780.000,2,0,2,双平,S,4108.0000,4107.8000,4107.0000,4106.8000,4103.8000,4109.0000,4109.6000,4110.0000,4111.2000,4111.8000,1,3,5,1,3,1,1,2,2,5
SF,IF2006,2019-12-31 09:31:13.800,4108.4000,13278,0,99759780.000,0,-,-,-,-,4108.2000,4108.0000,4107.8000,4107.0000,4106.8000,4108.8000,4109.0000,4109.6000,4110.0000,4111.2000,1,1,3,5,1,1,1,1,2,2
SF,IF2006,2019-12-31 09:31:14.300,4108.8000,13278,0,100992420.000,1,0,1,多换,S,4108.2000,4108.0000,4107.8000,4107.0000,4106.8000,4109.0000,4109.6000,4110.0000,4111.2000,4111.8000,1,1,3,5,1,1,1,2,2,5
SF,IF2006,2019-12-31 09:31:15.300,4108.2000,13277,-1,103457580.000,2,0,2,多平,S,4108.0000,4107.8000,4107.0000,4106.8000,4106.6000,4109.6000,4110.0000,4111.2000,4111.8000,4113.0000,1,3,5,1,1,1,2,2,5,2
SF,IF2006,2019-12-31 09:31:15.800,4109.6000,13277,0,104690460.000,1,0,1,多换,S,4108.2000,4108.0000,4107.8000,4107.0000,4106.8000,4110.0000,4111.2000,4111.8000,4113.0000,4114.4000,2,1,3,5,1,2,2,5,2,7
SF,IF2006,2019-12-31 09:31:16.300,4109.6000,13277,0,104690460.000,0,-,-,-,-,4108.2000,4108.0000,4107.8000,4107.0000,4106.8000,4110.0000,4111.2000,4111.8000,4113.0000,4114.4000,2,1,3,5,1,1,2,5,2,7
SF,IF2006,2019-12-31 09:31:16.800,4109.6000,13277,0,104690460.000,0,-,-,-,-,4108.4000,4108.2000,4108.0000,4107.8000,4107.0000,4110.0000,4111.2000,4113.0000,4114.4000,4114.8000,1,2,1,3,5,1,2,2,7,1
SF,IF2006,2019-12-31 09:31:17.300,4109.6000,13277,0,104690460.000,0,-,-,-,-,4108.6000,4108.4000,4108.2000,4108.0000,4107.8000,4110.0000,4113.0000,4114.4000,4114.8000,4115.0000,2,1,1,1,3,1,2,7,1,1
SF,IF2006,2019-12-31 09:31:17.800,4109.6000,13277,0,104690460.000,0,-,-,-,-,4108.6000,4108.2000,4108.0000,4107.8000,4107.0000,4110.0000,4113.0000,4114.4000,4114.8000,4115.0000,2,1,1,3,5,1,2,7,1,1
SF,IF2006,2019-12-31 09:31:18.300,4109.6000,13277,0,104690460.000,0,-,-,-,-,4109.6000,4108.6000,4108.2000,4108.0000,4107.8000,4110.0000,4113.0000,4114.4000,4114.8000,4115.0000,2,2,1,1,3,1,2,7,1,1
SF,IF2006,2019-12-31 09:31:18.800,4110.0000,13276,-1,108389220.000,3,1,2,多平,S,4109.0000,4108.6000,4108.0000,4107.8000,4107.0000,4113.0000,4114.4000,4114.8000,4115.0000,4115.4000,3,2,1,3,5,2,7,1,1,2
SF,IF2006,2019-12-31 09:31:19.300,4110.0000,13276,0,108389220.000,0,-,-,-,-,4109.2000,4109.0000,4108.0000,4107.8000,4107.0000,4112.8000,4114.4000,4114.6000,4114.8000,4115.0000,1,3,1,3,5,2,7,2,1,1
SF,IF2006,2019-12-31 09:31:19.800,4110.0000,13276,0,108389220.000,0,-,-,-,-,4109.2000,4109.0000,4108.0000,4107.8000,4107.0000,4112.6000,4112.8000,4114.4000,4114.6000,4114.8000,1,3,1,3,5,1,2,7,4,1
SF,IF2006,2019-12-31 09:31:20.300,4110.0000,13276,0,108389220.000,0,-,-,-,-,4109.4000,4109.2000,4109.0000,4108.0000,4107.8000,4112.2000,4112.4000,4112.6000,4114.4000,4114.8000,1,1,3,1,3,1,2,1,7,1
SF,IF2006,2019-12-31 09:31:20.800,4110.0000,13276,0,108389220.000,0,-,-,-,-,4109.6000,4109.4000,4109.0000,4108.0000,4107.8000,4112.0000,4112.2000,4112.4000,4112.6000,4114.8000,1,1,3,1,3,2,2,1,1,1
SF,IF2006,2019-12-31 09:31:21.300,4110.0000,13276,0,108389220.000,0,-,-,-,-,4109.8000,4109.6000,4109.4000,4109.0000,4108.0000,4111.8000,4112.0000,4112.2000,4112.6000,4114.8000,1,1,1,3,1,1,2,2,1,1
SF,IF2006,2019-12-31 09:31:21.800,4110.0000,13276,0,108389220.000,0,-,-,-,-,4110.0000,4109.8000,4109.4000,4109.0000,4108.0000,4111.6000,4111.8000,4112.0000,4112.2000,4112.6000,1,1,1,3,1,2,1,1,1,1
SF,IF2006,2019-12-31 09:31:22.300,4110.0000,13276,0,108389220.000,0,-,-,-,-,4110.2000,4110.0000,4109.8000,4109.4000,4109.0000,4111.6000,4111.8000,4112.0000,4112.2000,4112.6000,1,1,1,1,3,1,1,1,1,1
SF,IF2006,2019-12-31 09:31:22.800,4111.6000,13277,1,109622700.000,1,1,0,双开,S,4110.4000,4110.2000,4109.8000,4109.4000,4109.0000,4111.8000,4112.0000,4112.2000,4112.6000,4114.8000,1,1,1,1,3,1,1,1,1,1
SF,IF2006,2019-12-31 09:31:23.300,4111.6000,13277,0,109622700.000,0,-,-,-,-,4110.4000,4110.2000,4110.0000,4109.8000,4109.4000,4111.6000,4112.0000,4112.2000,4112.6000,4114.6000,1,1,2,1,1,1,1,1,1,2
SF,IF2006,2019-12-31 09:31:23.800,4111.6000,13277,0,110856180.000,1,0,1,多换,S,4111.6000,4110.4000,4110.2000,4110.0000,4109.8000,4112.0000,4112.2000,4112.6000,4114.6000,4114.8000,1,1,1,2,1,1,1,1,2,1
SF,IF2006,2019-12-31 09:31:24.300,4111.6000,13277,0,112089660.000,1,0,1,多换,S,4110.4000,4110.2000,4110.0000,4109.8000,4109.0000,4111.8000,4112.0000,4112.6000,4114.6000,4114.8000,1,1,2,1,3,1,1,1,2,1
SF,IF2006,2019-12-31 09:31:24.800,4111.8000,13277,0,113323200.000,1,0,1,多换,S,4111.8000,4111.6000,4110.4000,4110.2000,4110.0000,4114.6000,4114.8000,4115.0000,4115.4000,4115.6000,2,2,1,1,2,2,1,1,2,1
SF,IF2006,2019-12-31 09:31:25.300,4114.4000,13278,1,115791060.000,2,1,1,空开,S,4111.8000,4111.6000,4110.2000,4110.0000,4109.0000,4114.4000,4114.6000,4114.8000,4115.0000,4115.4000,1,2,1,2,3,3,2,1,1,2
SF,IF2006,2019-12-31 09:31:25.800,4114.4000,13278,0,115791060.000,0,-,-,-,-,4112.0000,4111.8000,4111.6000,4110.2000,4110.0000,4114.2000,4114.4000,4114.6000,4114.8000,4115.0000,1,1,2,1,2,1,3,2,1,1
SF,IF2006,2019-12-31 09:31:26.300,4114.2000,13278,0,117025320.000,1,0,1,多换,S,4111.8000,4111.6000,4110.0000,4109.0000,4108.0000,4113.8000,4114.0000,4114.2000,4114.4000,4114.8000,1,2,2,3,1,1,5,1,2,1
SF,IF2006,2019-12-31 09:31:26.800,4114.2000,13278,0,117025320.000,0,-,-,-,-,4112.0000,4111.8000,4111.6000,4110.0000,4109.0000,4113.6000,4113.8000,4114.0000,4114.2000,4114.4000,1,1,2,2,3,2,3,4,2,1
SF,IF2006,2019-12-31 09:31:27.300,4111.8000,13279,1,118258860.000,1,1,0,双开,S,4111.6000,4110.0000,4109.0000,4108.0000,4107.8000,4113.2000,4113.4000,4113.6000,4113.8000,4114.0000,2,2,3,1,3,1,1,3,1,4
SF,IF2006,2019-12-31 09:31:27.800,4111.6000,13280,1,120726240.000,2,1,1,空开,S,4111.6000,4110.0000,4109.0000,4108.0000,4107.8000,4113.0000,4113.2000,4113.4000,4113.6000,4114.0000,1,2,3,1,3,1,1,1,2,4
SF,IF2006,2019-12-31 09:31:28.300,4111.6000,13280,0,120726240.000,0,-,-,-,-,4111.8000,4111.6000,4110.0000,4109.0000,4108.0000,4113.0000,4113.2000,4113.6000,4114.0000,4114.2000,3,1,2,3,1,1,1,2,5,2
SF,IF2006,2019-12-31 09:31:28.800,4113.0000,13281,1,123193980.000,2,1,1,空开,S,4111.8000,4111.6000,4110.0000,4109.0000,4108.0000,4113.6000,4114.0000,4114.2000,4114.4000,4114.8000,3,1,2,3,1,2,6,1,2,1
SF,IF2006,2019-12-31 09:31:29.300,4113.0000,13281,0,123193980.000,0,-,-,-,-,4112.0000,4111.8000,4111.6000,4110.0000,4109.0000,4113.4000,4113.6000,4114.0000,4114.2000,4114.4000,1,3,1,2,3,1,1,5,1,2
SF,IF2006,2019-12-31 09:31:29.800,4113.0000,13281,0,123193980.000,0,-,-,-,-,4113.0000,4112.2000,4112.0000,4111.8000,4111.6000,4113.2000,4113.4000,4113.6000,4114.0000,4114.2000,1,1,1,2,1,1,1,1,5,1
SF,IF2006,2019-12-31 09:31:30.300,4113.0000,13281,0,124427880.000,1,0,1,多换,S,4112.2000,4111.8000,4111.6000,4110.0000,4109.0000,4113.2000,4113.4000,4113.6000,4114.0000,4114.2000,1,2,1,2,3,2,1,1,4,1
SF,IF2006,2019-12-31 09:31:30.800,4112.2000,13280,-1,125661540.000,1,0,1,双平,S,4111.8000,4111.6000,4110.0000,4109.0000,4108.0000,4113.2000,4113.4000,4113.6000,4114.0000,4114.2000,2,1,2,3,1,2,1,1,4,1
SF,IF2006,2019-12-31 09:31:31.300,4113.0000,13280,0,126895440.000,1,0,1,多换,S,4111.8000,4111.6000,4110.0000,4109.0000,4108.0000,4113.2000,4113.4000,4113.6000,4114.0000,4114.2000,2,1,2,3,1,1,1,1,4,1
SF,IF2006,2019-12-31 09:31:31.800,4113.0000,13280,0,126895440.000,0,-,-,-,-,4112.0000,4111.8000,4111.6000,4110.0000,4109.0000,4113.0000,4113.2000,4113.4000,4113.6000,4114.0000,2,2,1,2,3,1,1,1,1,3
SF,IF2006,2019-12-31 09:31:32.300,4113.0000,13281,1,128129340.000,1,1,0,双开,S,4112.0000,4111.8000,4111.6000,4110.0000,4109.0000,4113.0000,4113.2000,4113.6000,4114.0000,4114.2000,1,2,1,2,3,1,1,1,3,1
SF,IF2006,2019-12-31 09:31:32.800,4113.0000,13281,0,128129340.000,0,-,-,-,-,4111.8000,4111.6000,4110.0000,4109.0000,4108.0000,4113.0000,4113.2000,4113.6000,4114.0000,4114.2000,2,1,2,3,1,1,1,1,3,1
SF,IF2006,2019-12-31 09:31:33.300,4113.2000,13283,2,131831100.000,3,2,1,空开,S,4112.0000,4111.8000,4111.6000,4110.0000,4109.0000,4113.6000,4114.0000,4114.2000,4114.4000,4114.8000,1,2,1,2,3,1,3,1,2,1
SF,IF2006,2019-12-31 09:31:33.800,4113.2000,13283,0,131831100.000,0,-,-,-,-,4112.2000,4112.0000,4111.8000,4111.6000,4110.0000,4113.6000,4114.0000,4114.2000,4114.4000,4114.8000,1,1,2,1,2,1,3,1,2,1
SF,IF2006,2019-12-31 09:31:34.300,4112.2000,13283,0,133064760.000,1,0,1,多换,S,4112.0000,4111.8000,4111.6000,4110.0000,4109.0000,4113.4000,4113.6000,4114.0000,4114.2000,4114.4000,1,2,1,2,3,1,1,3,1,2
SF,IF2006,2019-12-31 09:31:34.800,4113.2000,13284,1,134298720.000,1,1,0,双开,S,4113.2000,4113.0000,4112.0000,4111.8000,4111.6000,4113.4000,4113.6000,4114.0000,4114.2000,4114.4000,1,4,1,2,1,2,1,3,1,2
SF,IF2006,2019-12-31 09:31:35.300,4113.0000,13280,-4,140468280.000,5,0,5,多平,S,4112.0000,4111.8000,4111.6000,4110.0000,4109.0000,4113.4000,4113.6000,4114.0000,4114.2000,4114.4000,1,2,1,2,3,2,1,3,1,2
SF,IF2006,2019-12-31 09:31:35.800,4113.2000,13281,1,141702240.000,1,1,0,双开,S,4112.0000,4111.8000,4111.6000,4110.0000,4109.0000,4113.4000,4113.6000,4114.0000,4114.2000,4114.4000,1,2,1,2,3,2,1,3,1,2
SF,IF2006,2019-12-31 09:31:36.300,4112.0000,13280,-1,142935840.000,1,0,1,双平,S,4111.8000,4111.6000,4110.0000,4109.0000,4108.0000,4113.2000,4113.4000,4113.6000,4114.0000,4114.2000,2,1,2,3,1,1,1,1,3,1
SF,IF2006,2019-12-31 09:31:36.800,4112.0000,13280,0,142935840.000,0,-,-,-,-,4111.8000,4111.6000,4110.0000,4109.0000,4108.0000,4112.0000,4113.0000,4113.2000,4113.4000,4113.6000,2,1,2,3,1,1,2,2,1,1
SF,IF2006,2019-12-31 09:31:37.300,4112.0000,13279,-1,144169440.000,1,0,1,双平,S,4112.0000,4111.8000,4111.6000,4110.0000,4109.0000,4113.0000,4113.2000,4113.4000,4113.6000,4114.0000,2,2,1,2,3,2,1,1,1,3
SF,IF2006,2019-12-31 09:31:37.800,4112.0000,13279,0,144169440.000,0,-,-,-,-,4112.0000,4111.8000,4111.6000,4110.0000,4109.0000,4113.0000,4113.2000,4113.4000,4113.6000,4114.0000,2,2,1,2,3,2,1,1,1,4
SF,IF2006,2019-12-31 09:31:38.300,4112.0000,13279,0,144169440.000,0,-,-,-,-,4112.0000,4111.8000,4111.6000,4110.0000,4109.0000,4113.0000,4113.2000,4113.4000,4113.6000,4114.0000,4,2,1,2,3,3,1,1,1,3
SF,IF2006,2019-12-31 09:31:38.800,4113.0000,13279,0,147870540.000,3,1,2,多换,S,4112.0000,4111.8000,4111.6000,4110.0000,4109.0000,4113.0000,4113.2000,4113.4000,4113.6000,4114.0000,3,2,1,2,3,2,1,1,1,3
SF,IF2006,2019-12-31 09:31:39.300,4113.0000,13279,0,147870540.000,0,-,-,-,-,4112.0000,4111.8000,4111.6000,4110.0000,4109.0000,4112.8000,4113.0000,4113.2000,4113.4000,4113.6000,3,2,1,2,3,2,2,1,1,1
SF,IF2006,2019-12-31 09:31:39.800,4113.0000,13279,0,147870540.000,0,-,-,-,-,4112.0000,4111.8000,4111.6000,4110.0000,4109.0000,4112.8000,4113.0000,4113.2000,4113.6000,4114.0000,3,2,1,2,3,3,2,1,1,3
SF,IF2006,2019-12-31 09:31:40.800,4113.0000,13280,1,150338340.000,2,1,1,空开,S,4112.0000,4111.8000,4111.6000,4110.0000,4109.0000,4113.0000,4113.2000,4113.6000,4114.0000,4114.2000,3,2,1,2,3,1,1,1,3,1
SF,IF2006,2019-12-31 09:31:41.300,4113.0000,13280,0,150338340.000,0,-,-,-,-,4112.8000,4112.2000,4112.0000,4111.8000,4111.6000,4113.0000,4113.2000,4113.6000,4114.0000,4114.2000,1,1,3,2,1,1,1,1,3,1
SF,IF2006,2019-12-31 09:31:41.800,4112.8000,13281,1,151572180.000,1,1,0,双开,S,4112.8000,4112.2000,4112.0000,4111.8000,4111.6000,4113.0000,4113.2000,4113.6000,4114.0000,4114.2000,1,1,3,2,1,1,1,1,3,1
SF,IF2006,2019-12-31 09:31:42.300,4112.8000,13281,0,151572180.000,0,-,-,-,-,4112.8000,4112.2000,4112.0000,4111.8000,4111.6000,4113.0000,4113.6000,4114.0000,4114.4000,4114.8000,1,1,3,2,1,1,1,3,3,1
SF,IF2006,2019-12-31 09:31:42.800,4112.8000,13281,0,151572180.000,0,-,-,-,-,4112.8000,4112.2000,4112.0000,4111.8000,4111.6000,4113.0000,4113.6000,4114.0000,4114.4000,4114.8000,3,1,3,2,1,1,1,3,2,1
SF,IF2006,2019-12-31 09:31:43.300,4113.0000,13283,2,155273760.000,3,2,1,空开,S,4112.8000,4112.2000,4112.0000,4111.8000,4111.6000,4113.6000,4114.0000,4114.4000,4114.8000,4115.0000,1,1,3,2,1,1,3,2,1,1
SF,IF2006,2019-12-31 09:31:43.800,4113.0000,13283,0,155273760.000,0,-,-,-,-,4112.8000,4112.2000,4112.0000,4111.8000,4111.6000,4113.6000,4114.0000,4114.4000,4114.8000,4115.0000,1,1,3,2,1,1,3,2,1,1
SF,IF2006,2019-12-31 09:31:44.800,4113.0000,13283,0,155273760.000,0,-,-,-,-,4112.8000,4112.2000,4112.0000,4111.8000,4111.6000,4113.4000,4113.6000,4114.0000,4114.4000,4114.8000,1,1,3,2,1,1,1,1,1,1
SF,IF2006,2019-12-31 09:31:45.800,4113.0000,13283,0,155273760.000,0,-,-,-,-,4112.8000,4112.2000,4112.0000,4111.8000,4111.6000,4113.6000,4114.0000,4114.4000,4114.8000,4115.0000,1,1,3,2,1,1,1,1,1,1
SF,IF2006,2019-12-31 09:31:46.300,4113.0000,13283,0,155273760.000,0,-,-,-,-,4112.8000,4112.2000,4112.0000,4111.8000,4111.6000,4113.6000,4114.0000,4114.4000,4114.8000,4115.0000,1,1,3,2,1,1,1,1,1,1
SF,IF2006,2019-12-31 09:31:46.800,4113.0000,13282,-1,156507660.000,1,0,1,双平,S,4112.8000,4112.0000,4111.8000,4111.6000,4110.0000,4113.6000,4114.0000,4114.4000,4114.8000,4115.0000,1,3,2,1,2,1,1,1,1,1
SF,IF2006,2019-12-31 09:31:47.300,4113.0000,13282,0,156507660.000,0,-,-,-,-,4113.4000,4112.8000,4112.0000,4111.8000,4111.6000,4113.6000,4114.0000,4114.4000,4114.8000,4115.0000,3,2,3,2,1,1,1,1,1,1
SF,IF2006,2019-12-31 09:31:47.800,4113.6000,13285,3,161443800.000,4,3,1,空开,S,4112.8000,4112.0000,4111.8000,4111.6000,4110.0000,4114.0000,4114.4000,4114.8000,4115.0000,4115.4000,2,3,2,1,2,1,1,1,1,2
SF,IF2006,2019-12-31 09:31:48.300,4112.8000,13285,0,162677640.000,1,0,1,多换,S,4112.8000,4112.0000,4111.8000,4111.6000,4110.0000,4114.0000,4114.4000,4114.8000,4115.0000,4115.4000,1,3,2,1,2,1,1,1,1,2
SF,IF2006,2019-12-31 09:31:48.800,4112.8000,13285,0,162677640.000,0,-,-,-,-,4112.8000,4112.0000,4111.8000,4111.6000,4110.0000,4113.8000,4114.0000,4114.4000,4114.8000,4115.0000,1,2,2,1,2,1,1,1,1,1
SF,IF2006,2019-12-31 09:31:49.300,4113.6000,13286,1,163911720.000,1,1,0,双开,S,4112.8000,4112.0000,4111.8000,4111.6000,4110.0000,4113.8000,4114.0000,4114.4000,4114.8000,4115.0000,1,2,2,1,2,1,1,1,1,1
SF,IF2006,2019-12-31 09:31:50.300,4113.6000,13286,0,163911720.000,0,-,-,-,-,4113.6000,4112.8000,4112.0000,4111.8000,4111.6000,4113.8000,4114.0000,4114.4000,4114.8000,4115.0000,1,1,2,2,1,1,1,1,1,1
SF,IF2006,2019-12-31 09:31:50.800,4113.6000,13286,0,165145800.000,1,0,1,多换,S,4112.8000,4112.0000,4111.8000,4111.6000,4110.0000,4113.8000,4114.0000,4114.4000,4114.8000,4115.0000,1,2,2,1,2,1,1,1,1,1
SF,IF2006,2019-12-31 09:31:51.300,4113.6000,13286,0,165145800.000,0,-,-,-,-,4112.8000,4112.0000,4111.8000,4111.6000,4110.0000,4113.6000,4113.8000,4114.0000,4114.4000,4114.8000,1,2,2,1,2,1,1,1,1,1
SF,IF2006,2019-12-31 09:31:51.800,4113.6000,13286,0,166379880.000,1,0,1,多换,S,4112.8000,4112.0000,4111.8000,4111.6000,4110.0000,4113.6000,4114.0000,4114.4000,4114.8000,4115.0000,1,2,2,1,2,1,1,1,1,1
SF,IF2006,2019-12-31 09:31:52.300,4113.6000,13285,-1,167613960.000,1,0,1,双平,S,4113.8000,4113.0000,4112.8000,4112.0000,4111.8000,4114.0000,4114.4000,4114.8000,4115.0000,4115.2000,5,1,1,2,2,1,1,1,1,1
SF,IF2006,2019-12-31 09:31:52.800,4114.0000,13283,-2,170082360.000,2,0,2,双平,S,4113.8000,4113.0000,4112.8000,4112.0000,4111.8000,4114.4000,4114.8000,4115.0000,4115.2000,4115.4000,5,1,1,2,2,1,1,1,1,2
SF,IF2006,2019-12-31 09:31:53.300,4114.0000,13283,0,170082360.000,0,-,-,-,-,4113.8000,4113.0000,4112.8000,4112.0000,4111.8000,4114.4000,4114.8000,4115.0000,4115.2000,4115.4000,5,1,1,2,2,1,1,1,1,2
SF,IF2006,2019-12-31 09:31:53.800,4114.4000,13283,0,171316680.000,1,0,1,多换,S,4113.8000,4113.0000,4112.8000,4112.0000,4111.8000,4114.8000,4115.0000,4115.2000,4115.4000,4115.6000,5,1,1,2,2,1,1,1,2,1
SF,IF2006,2019-12-31 09:31:54.300,4114.4000,13283,0,171316680.000,0,-,-,-,-,4113.8000,4113.0000,4112.8000,4112.0000,4111.8000,4114.6000,4114.8000,4115.0000,4115.2000,4115.4000,5,1,1,2,2,1,1,1,1,2
SF,IF2006,2019-12-31 09:31:54.800,4114.4000,13283,0,171316680.000,0,-,-,-,-,4114.0000,4113.8000,4112.8000,4112.0000,4111.8000,4114.6000,4114.8000,4115.0000,4115.2000,4115.4000,1,5,1,2,2,1,1,1,1,2
SF,IF2006,2019-12-31 09:31:55.300,4114.4000,13283,0,171316680.000,0,-,-,-,-,4114.0000,4113.8000,4112.8000,4112.0000,4111.8000,4114.6000,4114.8000,4115.0000,4115.4000,4115.6000,1,5,1,2,2,1,1,1,2,1
SF,IF2006,2019-12-31 09:31:55.800,4114.4000,13283,0,171316680.000,0,-,-,-,-,4114.0000,4113.8000,4112.8000,4112.0000,4111.8000,4114.6000,4114.8000,4115.0000,4115.4000,4115.6000,1,5,1,2,2,1,1,1,2,1
SF,IF2006,2019-12-31 09:31:57.300,4114.0000,13283,0,172550880.000,1,0,1,多换,S,4113.8000,4112.8000,4112.0000,4111.8000,4111.6000,4114.6000,4114.8000,4115.0000,4115.4000,4115.6000,5,1,2,2,1,1,1,1,2,1
SF,IF2006,2019-12-31 09:31:57.800,4114.0000,13283,0,172550880.000,0,-,-,-,-,4113.8000,4112.8000,4112.0000,4111.8000,4111.6000,4114.4000,4114.6000,4114.8000,4115.0000,4115.4000,5,1,2,2,1,1,1,1,1,2
SF,IF2006,2019-12-31 09:31:58.300,4114.4000,13282,-1,173785200.000,1,0,1,双平,S,4113.8000,4112.8000,4112.0000,4111.8000,4111.6000,4114.2000,4114.6000,4114.8000,4115.0000,4115.4000,5,1,2,2,1,1,1,1,1,2
SF,IF2006,2019-12-31 09:31:58.800,4114.4000,13282,0,175019520.000,1,0,1,多换,S,4113.8000,4112.8000,4112.0000,4111.8000,4111.6000,4114.6000,4114.8000,4115.0000,4115.4000,4115.6000,5,1,2,2,1,1,1,1,2,1
SF,IF2006,2019-12-31 09:31:59.300,4114.6000,13283,1,176253900.000,1,1,0,双开,S,4114.6000,4114.0000,4113.8000,4112.8000,4112.0000,4114.8000,4115.0000,4115.4000,4115.6000,4116.0000,2,1,5,1,2,1,1,2,1,2
SF,IF2006,2019-12-31 09:31:59.800,4114.0000,13283,0,179956860.000,3,1,2,多换,S,4113.8000,4112.8000,4112.0000,4111.8000,4111.6000,4114.4000,4114.6000,4114.8000,4115.0000,4115.4000,5,1,2,2,1,1,2,1,1,2
SF,IF2006,2019-12-31 09:32:00.300,4114.0000,13283,0,179956860.000,0,-,-,-,-,4113.8000,4112.8000,4112.0000,4111.8000,4111.6000,4114.2000,4114.4000,4114.6000,4114.8000,4115.0000,5,1,2,2,1,1,1,1,1,1
SF,IF2006,2019-12-31 09:32:02.300,4113.8000,13283,0,183659280.000,3,1,2,多换,S,4113.8000,4112.8000,4112.0000,4111.8000,4111.6000,4114.2000,4114.4000,4114.6000,4114.8000,4115.0000,2,1,2,2,1,1,1,1,1,1
SF,IF2006,2019-12-31 09:32:02.800,4113.8000,13283,0,186127560.000,2,1,1,多换,S,4112.8000,4112.0000,4111.8000,4111.6000,4110.0000,4113.6000,4113.8000,4114.0000,4114.2000,4114.4000,1,2,2,1,2,1,1,1,2,1
SF,IF2006,2019-12-31 09:32:03.300,4113.8000,13283,0,186127560.000,0,-,-,-,-,4112.8000,4112.0000,4111.8000,4111.6000,4110.0000,4113.4000,4113.6000,4114.0000,4114.2000,4114.6000,1,2,2,1,2,1,1,1,2,1
SF,IF2006,2019-12-31 09:32:03.800,4113.8000,13283,0,186127560.000,0,-,-,-,-,4112.8000,4112.0000,4111.8000,4111.6000,4110.0000,4113.4000,4113.6000,4114.0000,4114.2000,4114.4000,1,2,2,1,2,1,1,1,2,1
SF,IF2006,2019-12-31 09:32:04.300,4113.8000,13283,0,186127560.000,0,-,-,-,-,4112.8000,4112.0000,4111.8000,4111.6000,4110.0000,4113.4000,4113.6000,4114.0000,4114.2000,4114.4000,1,2,2,1,2,1,1,1,2,1
SF,IF2006,2019-12-31 09:32:04.800,4112.8000,13283,0,187361400.000,1,0,1,多换,S,4112.0000,4111.8000,4111.6000,4110.0000,4109.0000,4112.8000,4113.4000,4113.6000,4114.0000,4114.2000,2,2,1,2,3,2,1,1,1,3
SF,IF2006,2019-12-31 09:32:05.300,4112.8000,13283,0,187361400.000,0,-,-,-,-,4112.0000,4111.8000,4111.6000,4110.0000,4109.0000,4112.8000,4113.4000,4113.6000,4114.0000,4114.2000,2,2,1,2,3,2,1,1,1,2
SF,IF2006,2019-12-31 09:32:07.300,4112.8000,13283,0,187361400.000,0,-,-,-,-,4112.0000,4111.8000,4111.6000,4110.0000,4109.0000,4112.8000,4113.4000,4113.6000,4114.0000,4114.2000,2,2,1,2,3,2,1,1,1,3
SF,IF2006,2019-12-31 09:32:08.300,4112.8000,13283,0,187361400.000,0,-,-,-,-,4112.0000,4111.8000,4111.6000,4110.0000,4109.0000,4112.8000,4113.4000,4114.0000,4114.2000,4114.6000,2,2,1,2,3,2,1,1,3,1
SF,IF2006,2019-12-31 09:32:08.800,4112.8000,13283,0,187361400.000,0,-,-,-,-,4112.0000,4111.8000,4111.6000,4110.0000,4109.0000,4112.8000,4113.4000,4113.6000,4114.0000,4114.2000,2,2,1,2,3,2,1,1,3,3
SF,IF2006,2019-12-31 09:32:09.800,4112.8000,13283,0,187361400.000,0,-,-,-,-,4112.0000,4111.8000,4111.6000,4110.0000,4109.0000,4112.8000,4113.4000,4113.6000,4114.0000,4114.2000,2,2,1,2,3,2,1,1,3,2
SF,IF2006,2019-12-31 09:32:10.300,4112.8000,13283,0,187361400.000,0,-,-,-,-,4112.0000,4111.8000,4111.6000,4110.0000,4109.0000,4112.8000,4113.2000,4113.4000,4113.6000,4114.0000,2,2,1,2,3,2,1,1,1,3
SF,IF2006,2019-12-31 09:32:10.800,4112.8000,13282,-1,188595240.000,1,0,1,双平,S,4112.0000,4111.8000,4111.6000,4110.0000,4109.0000,4112.8000,4113.2000,4113.4000,4113.6000,4114.0000,2,2,1,2,3,1,1,1,1,3
SF,IF2006,2019-12-31 09:32:11.300,4112.8000,13282,0,188595240.000,0,-,-,-,-,4112.0000,4111.8000,4111.6000,4110.0000,4109.0000,4112.6000,4112.8000,4113.4000,4113.6000,4114.0000,2,2,1,2,3,1,1,1,1,3
SF,IF2006,2019-12-31 09:32:12.300,4112.8000,13282,0,188595240.000,0,-,-,-,-,4112.0000,4111.8000,4111.6000,4110.0000,4109.0000,4112.6000,4112.8000,4113.4000,4113.6000,4114.0000,2,2,1,2,3,1,1,1,1,3
SF,IF2006,2019-12-31 09:32:13.300,4112.8000,13282,0,188595240.000,0,-,-,-,-,4112.0000,4111.8000,4111.6000,4110.0000,4109.0000,4112.6000,4112.8000,4113.4000,4113.6000,4114.0000,2,2,1,2,3,1,1,1,1,3
SF,IF2006,2019-12-31 09:32:13.800,4112.0000,13282,0,191062440.000,2,1,1,多换,S,4111.8000,4111.6000,4110.0000,4109.0000,4108.0000,4112.0000,4112.6000,4112.8000,4113.4000,4113.6000,2,1,2,3,1,2,1,1,1,1
SF,IF2006,2019-12-31 09:32:14.300,4112.0000,13280,-2,193529640.000,2,0,2,双平,S,4111.8000,4111.6000,4110.0000,4109.0000,4108.0000,4112.6000,4112.8000,4113.4000,4113.6000,4114.0000,3,1,2,3,1,1,1,1,1,3
SF,IF2006,2019-12-31 09:32:14.800,4112.0000,13280,0,193529640.000,0,-,-,-,-,4111.8000,4111.6000,4110.0000,4109.0000,4108.0000,4112.6000,4112.8000,4113.0000,4113.4000,4113.6000,3,1,2,3,1,1,1,1,1,1
SF,IF2006,2019-12-31 09:32:16.300,4112.0000,13280,0,193529640.000,0,-,-,-,-,4111.8000,4111.6000,4110.0000,4109.0000,4108.0000,4112.0000,4112.6000,4112.8000,4113.0000,4113.4000,3,3,2,3,1,1,1,1,1,1
SF,IF2006,2019-12-31 09:32:16.800,4112.0000,13279,-1,194763240.000,1,0,1,双平,S,4112.0000,4111.8000,4111.6000,4110.0000,4109.0000,4112.6000,4112.8000,4113.0000,4113.4000,4113.6000,1,3,3,2,3,1,1,1,1,1
SF,IF2006,2019-12-31 09:32:17.300,4112.0000,13278,-1,195996840.000,1,0,1,双平,S,4111.8000,4111.6000,4110.0000,4109.0000,4108.0000,4112.6000,4112.8000,4113.0000,4113.4000,4113.6000,3,3,2,3,1,1,1,1,1,1
SF,IF2006,2019-12-31 09:32:17.800,4112.0000,13278,0,195996840.000,0,-,-,-,-,4111.8000,4111.6000,4110.0000,4109.0000,4108.0000,4112.0000,4112.6000,4112.8000,4113.0000,4113.4000,3,3,2,3,1,1,1,1,1,1
SF,IF2006,2019-12-31 09:32:18.300,4112.0000,13277,-1,197230440.000,1,0,1,双平,S,4111.8000,4111.6000,4110.0000,4109.0000,4108.0000,4112.6000,4112.8000,4113.0000,4113.4000,4113.6000,3,3,2,3,1,1,1,1,1,1
SF,IF2006,2019-12-31 09:32:19.800,4111.8000,13277,0,198463980.000,1,0,1,多换,S,4111.8000,4111.6000,4110.0000,4109.0000,4108.0000,4112.6000,4112.8000,4113.0000,4113.4000,4113.6000,2,3,2,3,1,1,1,1,1,1
SF,IF2006,2019-12-31 09:32:20.300,4111.8000,13277,0,199697520.000,1,0,1,多换,S,4111.8000,4111.6000,4110.0000,4109.0000,4108.0000,4112.6000,4112.8000,4113.0000,4113.4000,4113.6000,1,3,2,3,1,1,1,1,1,1
SF,IF2006,2019-12-31 09:32:20.800,4111.8000,13277,0,200931060.000,1,0,1,多换,S,4111.6000,4110.0000,4109.0000,4108.0000,4107.8000,4111.8000,4112.6000,4112.8000,4113.0000,4113.4000,3,2,3,1,3,2,1,1,1,1
SF,IF2006,2019-12-31 09:32:21.300,4111.8000,13275,-2,203398140.000,2,0,2,双平,S,4111.8000,4111.6000,4110.0000,4109.0000,4108.0000,4112.6000,4112.8000,4113.0000,4113.4000,4113.6000,1,3,2,3,1,1,1,1,1,1
SF,IF2006,2019-12-31 09:32:21.800,4111.8000,13275,0,203398140.000,0,-,-,-,-,4111.8000,4111.6000,4110.0000,4109.0000,4108.0000,4112.6000,4112.8000,4113.0000,4113.4000,4114.0000,1,3,2,3,1,1,1,1,1,1
SF,IF2006,2019-12-31 09:32:22.300,4111.8000,13275,0,203398140.000,0,-,-,-,-,4111.8000,4111.6000,4110.0000,4109.0000,4108.0000,4112.4000,4112.6000,4112.8000,4113.0000,4113.4000,1,3,2,3,1,2,1,1,1,1
SF,IF2006,2019-12-31 09:32:22.800,4111.8000,13275,0,203398140.000,0,-,-,-,-,4111.8000,4111.6000,4110.0000,4109.0000,4108.0000,4112.2000,4112.4000,4112.6000,4112.8000,4113.0000,1,3,2,3,1,1,2,1,1,1
SF,IF2006,2019-12-31 09:32:23.300,4112.4000,13275,0,205865520.000,2,1,1,多换,S,4111.8000,4111.6000,4110.0000,4109.0000,4108.0000,4112.4000,4112.6000,4112.8000,4113.0000,4113.2000,1,3,2,3,1,2,1,1,1,1
SF,IF2006,2019-12-31 09:32:24.300,4111.8000,13274,-1,207099060.000,1,0,1,双平,S,4111.6000,4110.0000,4109.0000,4108.0000,4107.8000,4112.4000,4112.6000,4112.8000,4113.0000,4113.2000,3,2,3,1,3,2,1,1,1,1
SF,IF2006,2019-12-31 09:32:25.300,4111.8000,13274,0,207099060.000,0,-,-,-,-,4111.6000,4110.0000,4109.0000,4108.0000,4107.8000,4112.4000,4112.6000,4112.8000,4113.0000,4113.2000,3,2,3,1,3,2,1,1,1,1
SF,IF2006,2019-12-31 09:32:26.800,4111.8000,13274,0,207099060.000,0,-,-,-,-,4111.6000,4110.0000,4109.0000,4108.0000,4107.8000,4111.8000,4112.4000,4112.6000,4112.8000,4113.0000,3,2,3,1,3,1,2,1,1,1
SF,IF2006,2019-12-31 09:32:27.300,4111.8000,13274,0,208332600.000,1,0,1,多换,S,4111.8000,4111.6000,4110.0000,4109.0000,4108.0000,4112.4000,4112.6000,4112.8000,4113.0000,4113.2000,1,3,2,3,1,2,1,1,1,1
SF,IF2006,2019-12-31 09:32:28.300,4111.8000,13274,0,208332600.000,0,-,-,-,-,4111.8000,4111.6000,4110.0000,4109.0000,4108.0000,4112.4000,4112.6000,4112.8000,4113.0000,4113.2000,1,3,2,3,1,1,1,1,1,2
SF,IF2006,2019-12-31 09:32:28.800,4112.4000,13273,-1,209566320.000,1,0,1,双平,S,4111.8000,4111.6000,4110.0000,4109.0000,4108.0000,4112.6000,4112.8000,4113.0000,4113.2000,4113.4000,1,3,2,3,1,1,1,1,1,1
SF,IF2006,2019-12-31 09:32:29.800,4112.4000,13273,0,209566320.000,0,-,-,-,-,4111.8000,4111.6000,4110.0000,4109.0000,4108.0000,4112.8000,4113.0000,4113.2000,4113.4000,4113.6000,1,3,2,3,1,1,1,1,1,1
SF,IF2006,2019-12-31 09:32:31.800,4112.4000,13273,0,209566320.000,0,-,-,-,-,4111.8000,4111.6000,4110.0000,4109.0000,4108.0000,4112.8000,4113.0000,4113.4000,4113.6000,4114.0000,1,3,2,3,1,2,1,1,1,2
SF,IF2006,2019-12-31 09:32:32.300,4111.8000,13273,0,210799860.000,1,0,1,多换,S,4111.6000,4110.0000,4109.0000,4108.0000,4107.8000,4111.8000,4112.8000,4113.0000,4113.4000,4113.6000,3,2,3,1,3,1,2,1,1,1
SF,IF2006,2019-12-31 09:32:32.800,4111.8000,13272,-1,212033400.000,1,0,1,双平,S,4111.8000,4111.6000,4110.0000,4109.0000,4108.0000,4112.8000,4113.0000,4113.4000,4113.6000,4114.0000,1,3,2,3,1,2,1,1,1,2
SF,IF2006,2019-12-31 09:32:33.300,4111.8000,13272,0,212033400.000,0,-,-,-,-,4111.8000,4111.6000,4110.0000,4109.0000,4108.0000,4112.8000,4113.0000,4113.4000,4113.6000,4114.0000,1,3,2,3,1,2,1,1,1,2
SF,IF2006,2019-12-31 09:32:33.800,4111.8000,13272,0,212033400.000,0,-,-,-,-,4112.4000,4111.8000,4111.6000,4110.0000,4109.0000,4112.8000,4113.0000,4113.4000,4113.6000,4114.0000,2,1,3,2,3,2,1,1,1,2
SF,IF2006,2019-12-31 09:32:34.300,4112.4000,13272,0,214500840.000,2,1,1,多换,S,4111.8000,4111.6000,4110.0000,4109.0000,4108.0000,4112.6000,4112.8000,4113.0000,4113.4000,4113.6000,1,3,2,3,1,1,2,1,1,1
SF,IF2006,2019-12-31 09:32:35.800,4112.4000,13272,0,214500840.000,0,-,-,-,-,4111.8000,4111.6000,4110.0000,4109.0000,4108.0000,4112.6000,4112.8000,4113.0000,4113.4000,4113.6000,1,3,2,3,1,1,2,1,1,1
SF,IF2006,2019-12-31 09:32:37.800,4112.4000,13272,0,214500840.000,0,-,-,-,-,4111.8000,4111.6000,4110.0000,4109.0000,4108.0000,4112.6000,4112.8000,4113.0000,4113.4000,4113.6000,1,3,2,3,1,1,3,1,1,1
SF,IF2006,2019-12-31 09:32:38.300,4112.6000,13272,0,215734620.000,1,0,1,多换,S,4111.8000,4111.6000,4110.0000,4109.0000,4108.0000,4112.8000,4113.0000,4113.4000,4113.6000,4114.0000,1,3,2,3,1,3,1,1,1,2
SF,IF2006,2019-12-31 09:32:38.800,4112.6000,13272,0,215734620.000,0,-,-,-,-,4111.8000,4111.6000,4110.0000,4109.0000,4108.0000,4112.4000,4112.8000,4113.0000,4113.4000,4113.6000,1,3,2,3,1,1,3,1,1,1
SF,IF2006,2019-12-31 09:32:39.800,4112.6000,13272,0,215734620.000,0,-,-,-,-,4111.8000,4111.6000,4110.0000,4109.0000,4108.0000,4112.8000,4113.0000,4113.4000,4113.6000,4114.0000,1,3,2,3,1,3,1,1,1,2
SF,IF2006,2019-12-31 09:32:40.300,4111.8000,13272,0,216968160.000,1,0,1,多换,S,4111.6000,4110.0000,4109.0000,4108.0000,4107.8000,4112.8000,4113.0000,4113.4000,4113.6000,4114.0000,3,2,3,1,3,3,1,1,1,2
SF,IF2006,2019-12-31 09:32:40.800,4111.8000,13272,0,216968160.000,0,-,-,-,-,4111.8000,4111.6000,4110.0000,4109.0000,4108.0000,4112.6000,4112.8000,4113.0000,4113.4000,4114.0000,1,3,2,3,1,1,3,1,1,2
SF,IF2006,2019-12-31 09:32:41.300,4111.8000,13271,-1,218201700.000,1,0,1,双平,S,4111.6000,4110.0000,4109.0000,4108.0000,4107.8000,4112.6000,4112.8000,4113.0000,4113.4000,4114.0000,3,2,3,1,3,1,3,1,1,2
SF,IF2006,2019-12-31 09:32:41.800,4111.8000,13270,-1,219435240.000,1,0,1,双平,S,4111.6000,4110.0000,4109.0000,4108.0000,4107.8000,4112.4000,4112.6000,4112.8000,4113.0000,4113.4000,3,2,3,1,3,1,1,3,1,1
SF,IF2006,2019-12-31 09:32:42.300,4112.4000,13269,-1,220668960.000,1,0,1,双平,S,4111.6000,4110.0000,4109.0000,4108.0000,4107.8000,4112.6000,4112.8000,4113.0000,4113.4000,4114.0000,3,2,3,1,3,1,3,1,1,2
SF,IF2006,2019-12-31 09:32:45.300,4111.6000,13269,0,221902440.000,1,0,1,多换,S,4111.6000,4110.0000,4109.0000,4108.0000,4107.8000,4112.6000,4112.8000,4113.0000,4113.4000,4114.0000,2,2,3,1,3,1,3,1,1,2
SF,IF2006,2019-12-31 09:32:45.800,4112.8000,13267,-2,225603900.000,3,0,3,多平,S,4111.8000,4111.6000,4110.0000,4109.0000,4108.0000,4112.8000,4113.0000,4113.4000,4114.0000,4114.2000,1,2,2,3,1,1,1,1,2,2
SF,IF2006,2019-12-31 09:32:46.300,4113.0000,13266,-1,228071640.000,2,0,2,多平,S,4111.6000,4110.0000,4109.0000,4108.0000,4107.8000,4113.4000,4114.0000,4114.2000,4114.6000,4114.8000,2,2,3,1,3,1,2,2,1,1
SF,IF2006,2019-12-31 09:32:46.800,4113.0000,13266,0,228071640.000,0,-,-,-,-,4111.8000,4111.6000,4110.0000,4109.0000,4108.0000,4113.4000,4114.0000,4114.2000,4114.6000,4114.8000,2,2,2,3,1,1,2,2,1,1
SF,IF2006,2019-12-31 09:32:47.300,4113.0000,13266,0,228071640.000,0,-,-,-,-,4111.8000,4111.6000,4110.0000,4109.0000,4108.0000,4113.4000,4114.0000,4114.2000,4114.6000,4114.8000,2,2,2,3,1,1,2,2,1,1
SF,IF2006,2019-12-31 09:32:47.800,4113.0000,13266,0,228071640.000,0,-,-,-,-,4111.8000,4111.6000,4110.0000,4109.0000,4108.0000,4113.4000,4114.0000,4114.2000,4114.6000,4114.8000,2,2,2,3,1,1,2,2,1,1
SF,IF2006,2019-12-31 09:32:48.300,4113.0000,13266,0,228071640.000,0,-,-,-,-,4112.0000,4111.8000,4111.6000,4110.0000,4109.0000,4113.2000,4113.4000,4114.0000,4114.2000,4114.6000,1,1,2,2,3,2,1,2,2,1
SF,IF2006,2019-12-31 09:32:49.300,4113.0000,13266,0,228071640.000,0,-,-,-,-,4112.0000,4111.8000,4111.6000,4110.0000,4109.0000,4113.2000,4113.4000,4114.0000,4114.2000,4114.6000,1,1,2,2,3,1,1,2,2,1
SF,IF2006,2019-12-31 09:32:50.300,4112.0000,13265,-1,229305240.000,1,0,1,双平,S,4111.8000,4111.6000,4110.0000,4109.0000,4108.0000,4113.2000,4113.4000,4114.0000,4114.2000,4114.6000,1,2,2,3,1,1,1,2,2,1
SF,IF2006,2019-12-31 09:32:51.300,4112.0000,13265,0,229305240.000,0,-,-,-,-,4111.8000,4111.6000,4110.0000,4109.0000,4108.0000,4113.0000,4113.2000,4113.4000,4114.0000,4114.2000,1,2,2,3,1,1,1,1,2,2
SF,IF2006,2019-12-31 09:32:52.300,4113.0000,13265,0,230539140.000,1,0,1,多换,S,4111.8000,4111.6000,4110.0000,4109.0000,4108.0000,4113.2000,4113.4000,4114.0000,4114.2000,4114.6000,1,2,2,3,1,1,1,2,2,1
SF,IF2006,2019-12-31 09:32:52.800,4113.0000,13265,0,230539140.000,0,-,-,-,-,4111.8000,4111.6000,4110.0000,4109.0000,4108.0000,4113.4000,4114.0000,4114.2000,4114.6000,4114.8000,1,2,2,3,1,1,2,2,1,1
SF,IF2006,2019-12-31 09:32:53.300,4112.0000,13265,0,231772740.000,1,0,1,多换,S,4112.0000,4111.8000,4111.6000,4110.0000,4109.0000,4113.4000,4114.0000,4114.2000,4114.6000,4114.8000,1,1,2,2,3,1,2,2,1,1
SF,IF2006,2019-12-31 09:32:53.800,4112.0000,13265,0,231772740.000,0,-,-,-,-,4112.2000,4112.0000,4111.6000,4110.0000,4109.0000,4113.4000,4114.0000,4114.2000,4114.6000,4114.8000,1,2,2,2,3,1,2,2,1,1
SF,IF2006,2019-12-31 09:32:54.300,4112.0000,13265,0,231772740.000,0,-,-,-,-,4112.2000,4112.0000,4111.6000,4110.0000,4109.0000,4113.4000,4114.0000,4114.2000,4114.6000,4114.8000,1,1,2,2,3,1,2,2,1,1
SF,IF2006,2019-12-31 09:32:54.800,4112.0000,13265,0,231772740.000,0,-,-,-,-,4112.4000,4112.2000,4111.6000,4110.0000,4109.0000,4113.4000,4114.0000,4114.2000,4114.6000,4114.8000,1,1,2,2,3,1,2,2,1,2
SF,IF2006,2019-12-31 09:32:55.300,4112.0000,13265,0,231772740.000,0,-,-,-,-,4112.4000,4112.2000,4111.6000,4110.0000,4109.0000,4113.4000,4114.0000,4114.2000,4114.6000,4114.8000,1,1,2,2,3,1,2,1,1,2
SF,IF2006,2019-12-31 09:32:55.800,4112.0000,13265,0,231772740.000,0,-,-,-,-,4112.6000,4112.4000,4111.6000,4110.0000,4109.0000,4113.4000,4114.0000,4114.2000,4114.6000,4114.8000,1,1,2,2,3,1,2,1,1,2
SF,IF2006,2019-12-31 09:32:56.300,4112.0000,13265,0,231772740.000,0,-,-,-,-,4112.6000,4112.4000,4111.6000,4110.0000,4109.0000,4112.8000,4113.4000,4114.0000,4114.2000,4114.6000,1,1,2,2,3,1,1,2,1,1
SF,IF2006,2019-12-31 09:32:56.800,4112.8000,13265,0,233006580.000,1,0,1,多换,S,4112.6000,4112.4000,4111.6000,4110.0000,4109.0000,4113.4000,4114.0000,4114.2000,4114.6000,4114.8000,1,1,2,2,3,1,2,1,1,2
SF,IF2006,2019-12-31 09:32:57.300,4112.8000,13265,0,233006580.000,0,-,-,-,-,4112.4000,4111.8000,4111.6000,4110.0000,4109.0000,4113.4000,4114.0000,4114.2000,4114.6000,4114.8000,1,1,2,2,3,1,2,1,1,2
SF,IF2006,2019-12-31 09:32:57.800,4112.8000,13265,0,233006580.000,0,-,-,-,-,4112.4000,4111.8000,4111.6000,4110.0000,4109.0000,4113.4000,4114.0000,4114.2000,4114.6000,4114.8000,1,1,2,2,3,1,1,1,1,2
SF,IF2006,2019-12-31 09:32:58.300,4112.8000,13265,0,233006580.000,0,-,-,-,-,4112.4000,4111.8000,4111.6000,4110.0000,4109.0000,4113.4000,4114.0000,4114.2000,4114.6000,4114.8000,1,1,2,2,3,2,1,1,1,2
SF,IF2006,2019-12-31 09:32:59.300,4112.8000,13265,0,233006580.000,0,-,-,-,-,4112.2000,4111.8000,4111.6000,4110.0000,4109.0000,4113.4000,4114.0000,4114.2000,4114.6000,4114.8000,1,1,2,2,3,2,1,1,1,2
SF,IF2006,2019-12-31 09:33:00.300,4112.8000,13265,0,233006580.000,0,-,-,-,-,4112.2000,4111.8000,4111.6000,4111.2000,4110.0000,4113.4000,4114.0000,4114.2000,4114.6000,4114.8000,1,1,2,1,2,2,1,1,1,2
SF,IF2006,2019-12-31 09:33:00.800,4112.8000,13265,0,233006580.000,0,-,-,-,-,4112.2000,4111.8000,4111.6000,4110.0000,4109.0000,4113.4000,4114.0000,4114.2000,4114.6000,4114.8000,1,1,2,2,3,2,1,1,1,2
SF,IF2006,2019-12-31 09:33:01.800,4112.8000,13265,0,233006580.000,0,-,-,-,-,4112.2000,4111.8000,4111.6000,4110.0000,4109.0000,4113.2000,4113.4000,4114.0000,4114.2000,4114.6000,1,1,2,2,3,1,2,1,1,1
SF,IF2006,2019-12-31 09:33:02.300,4112.8000,13265,0,233006580.000,0,-,-,-,-,4112.2000,4111.8000,4111.6000,4110.0000,4109.0000,4113.4000,4114.0000,4114.2000,4114.6000,4114.8000,1,1,2,2,3,2,1,1,1,1
SF,IF2006,2019-12-31 09:33:06.300,4112.2000,13266,1,234240240.000,1,1,0,双开,S,4111.8000,4111.6000,4110.0000,4109.0000,4108.0000,4113.4000,4114.0000,4114.2000,4114.6000,4114.8000,1,2,2,3,1,2,1,1,1,1
SF,IF2006,2019-12-31 09:33:06.800,4112.2000,13266,0,234240240.000,0,-,-,-,-,4112.0000,4111.8000,4111.6000,4110.0000,4109.0000,4113.2000,4113.4000,4114.0000,4114.2000,4114.6000,1,1,2,2,3,1,2,1,1,1
SF,IF2006,2019-12-31 09:33:07.300,4112.2000,13266,0,234240240.000,0,-,-,-,-,4112.0000,4111.8000,4111.6000,4110.0000,4109.0000,4113.2000,4113.4000,4114.0000,4114.2000,4114.6000,1,1,2,2,3,1,2,1,1,1
SF,IF2006,2019-12-31 09:33:07.800,4112.2000,13266,0,234240240.000,0,-,-,-,-,4112.2000,4112.0000,4111.8000,4111.6000,4110.0000,4113.4000,4114.0000,4114.2000,4114.6000,4114.8000,1,1,1,2,2,2,1,1,1,1
SF,IF2006,2019-12-31 09:33:08.300,4112.2000,13266,0,234240240.000,0,-,-,-,-,4112.4000,4112.2000,4111.6000,4110.0000,4109.0000,4113.4000,4114.0000,4114.2000,4114.6000,4114.8000,1,1,2,2,3,2,1,1,1,1
SF,IF2006,2019-12-31 09:33:08.800,4112.2000,13266,0,234240240.000,0,-,-,-,-,4112.4000,4112.2000,4111.6000,4110.0000,4109.0000,4113.4000,4114.0000,4114.2000,4114.6000,4114.8000,1,1,2,2,3,1,1,1,1,1
SF,IF2006,2019-12-31 09:33:11.300,4112.2000,13265,-1,235473900.000,1,0,1,双平,S,4112.2000,4111.6000,4110.0000,4109.0000,4108.0000,4113.4000,4114.0000,4114.2000,4114.6000,4114.8000,1,2,2,3,1,1,1,1,1,1
SF,IF2006,2019-12-31 09:33:12.300,4112.2000,13265,0,235473900.000,0,-,-,-,-,4112.4000,4112.2000,4111.6000,4110.0000,4109.0000,4113.4000,4114.0000,4114.2000,4114.6000,4114.8000,2,1,2,2,3,1,1,1,1,1
SF,IF2006,2019-12-31 09:33:12.800,4112.2000,13265,0,235473900.000,0,-,-,-,-,4112.4000,4112.2000,4111.6000,4110.0000,4109.0000,4113.4000,4114.0000,4114.6000,4114.8000,4115.0000,2,1,2,2,3,1,1,1,1,1
SF,IF2006,2019-12-31 09:33:13.300,4112.2000,13265,0,235473900.000,0,-,-,-,-,4112.4000,4111.6000,4110.0000,4109.0000,4108.0000,4113.4000,4114.0000,4114.6000,4114.8000,4115.0000,2,2,2,3,1,1,1,1,1,1
SF,IF2006,2019-12-31 09:33:13.800,4112.2000,13265,0,235473900.000,0,-,-,-,-,4112.6000,4112.4000,4111.6000,4110.0000,4109.0000,4113.2000,4113.4000,4114.0000,4114.6000,4114.8000,2,1,2,2,3,1,1,1,1,1
SF,IF2006,2019-12-31 09:33:14.300,4112.2000,13265,0,235473900.000,0,-,-,-,-,4112.6000,4112.4000,4111.6000,4110.0000,4109.0000,4113.2000,4113.4000,4114.0000,4114.6000,4114.8000,2,1,2,2,3,2,1,1,1,1
SF,IF2006,2019-12-31 09:33:14.800,4112.2000,13265,0,235473900.000,0,-,-,-,-,4112.4000,4111.6000,4110.0000,4109.0000,4108.0000,4113.2000,4113.4000,4114.0000,4114.6000,4114.8000,1,2,2,3,1,2,1,1,1,1
SF,IF2006,2019-12-31 09:33:15.300,4112.2000,13265,0,235473900.000,0,-,-,-,-,4112.2000,4111.6000,4110.0000,4109.0000,4108.0000,4113.2000,4113.4000,4114.0000,4114.6000,4114.8000,2,2,2,3,1,2,1,1,1,1
SF,IF2006,2019-12-31 09:33:15.800,4112.2000,13265,0,235473900.000,0,-,-,-,-,4112.2000,4111.6000,4111.4000,4110.0000,4109.0000,4113.2000,4113.4000,4114.0000,4114.6000,4114.8000,2,2,1,2,3,2,1,1,1,1
SF,IF2006,2019-12-31 09:33:16.300,4112.2000,13265,0,235473900.000,0,-,-,-,-,4112.4000,4112.2000,4111.6000,4111.4000,4110.0000,4113.2000,4113.4000,4114.0000,4114.6000,4114.8000,1,2,2,1,2,2,1,1,1,1
SF,IF2006,2019-12-31 09:33:17.300,4112.2000,13265,0,235473900.000,0,-,-,-,-,4112.4000,4112.2000,4111.6000,4111.4000,4110.0000,4113.2000,4113.4000,4114.0000,4114.6000,4114.8000,1,4,2,1,2,2,1,1,1,1
SF,IF2006,2019-12-31 09:33:17.800,4112.2000,13265,0,235473900.000,0,-,-,-,-,4112.4000,4112.2000,4111.8000,4111.6000,4111.4000,4113.2000,4113.4000,4114.0000,4114.6000,4114.8000,1,4,1,2,1,2,1,1,1,1
SF,IF2006,2019-12-31 09:33:18.300,4112.2000,13265,0,235473900.000,0,-,-,-,-,4112.6000,4112.4000,4112.2000,4111.8000,4111.6000,4113.2000,4113.4000,4114.0000,4114.6000,4114.8000,1,1,4,1,2,2,1,1,1,1
SF,IF2006,2019-12-31 09:33:19.800,4112.2000,13265,0,235473900.000,0,-,-,-,-,4112.6000,4112.4000,4112.2000,4111.8000,4111.6000,4113.2000,4113.4000,4114.0000,4114.6000,4114.8000,1,1,6,1,2,2,1,1,1,1
SF,IF2006,2019-12-31 09:33:20.300,4112.2000,13265,0,235473900.000,0,-,-,-,-,4112.6000,4112.2000,4111.8000,4111.6000,4111.4000,4113.2000,4113.4000,4114.0000,4114.6000,4114.8000,1,6,1,2,1,2,1,1,1,1
SF,IF2006,2019-12-31 09:33:20.800,4112.2000,13265,0,235473900.000,0,-,-,-,-,4113.0000,4112.6000,4112.2000,4111.8000,4111.6000,4113.2000,4113.4000,4114.0000,4114.6000,4114.8000,1,1,6,1,2,2,1,1,1,1
SF,IF2006,2019-12-31 09:33:21.300,4113.0000,13265,0,236707800.000,1,0,1,多换,S,4112.6000,4112.2000,4111.8000,4111.6000,4111.4000,4113.2000,4113.4000,4114.0000,4114.6000,4114.8000,1,6,1,2,1,2,1,1,1,1
SF,IF2006,2019-12-31 09:33:22.800,4113.0000,13265,0,236707800.000,0,-,-,-,-,4112.6000,4112.2000,4111.8000,4111.6000,4111.4000,4113.2000,4114.0000,4114.6000,4114.8000,4115.0000,1,6,1,2,1,2,1,1,1,1
SF,IF2006,2019-12-31 09:33:23.300,4112.6000,13265,0,237941580.000,1,0,1,多换,S,4112.2000,4111.8000,4111.6000,4111.4000,4111.2000,4113.2000,4114.0000,4114.6000,4114.8000,4115.0000,6,1,2,1,1,2,1,1,1,1
SF,IF2006,2019-12-31 09:33:23.800,4112.6000,13265,0,237941580.000,0,-,-,-,-,4112.2000,4111.8000,4111.6000,4111.4000,4111.2000,4113.2000,4114.0000,4114.6000,4114.8000,4115.0000,6,1,2,1,1,2,1,1,1,1
SF,IF2006,2019-12-31 09:33:24.300,4112.6000,13265,0,237941580.000,0,-,-,-,-,4112.2000,4111.8000,4111.6000,4111.4000,4111.2000,4113.2000,4114.0000,4114.6000,4114.8000,4115.0000,6,1,2,1,1,2,2,1,1,1
SF,IF2006,2019-12-31 09:33:25.300,4112.6000,13265,0,237941580.000,0,-,-,-,-,4112.4000,4112.2000,4111.8000,4111.6000,4111.2000,4113.2000,4114.0000,4114.6000,4114.8000,4115.0000,1,6,1,2,1,2,2,1,1,1
SF,IF2006,2019-12-31 09:33:25.800,4113.2000,13266,1,240409500.000,2,1,1,空开,S,4113.2000,4112.4000,4112.2000,4111.8000,4111.6000,4114.0000,4114.6000,4114.8000,4115.0000,4115.4000,5,1,6,1,2,2,1,1,1,2
SF,IF2006,2019-12-31 09:33:26.300,4113.2000,13266,0,241643460.000,1,0,1,多换,S,4113.2000,4112.4000,4112.2000,4112.0000,4111.8000,4114.0000,4114.6000,4114.8000,4115.0000,4115.4000,4,1,6,4,1,2,1,1,1,2
SF,IF2006,2019-12-31 09:33:28.800,4113.2000,13266,0,241643460.000,0,-,-,-,-,4113.2000,4112.2000,4112.0000,4111.8000,4111.6000,4114.0000,4114.6000,4114.8000,4115.0000,4115.4000,4,6,4,1,2,2,1,1,1,2
SF,IF2006,2019-12-31 09:33:29.300,4114.0000,13266,0,244111860.000,2,1,1,多换,S,4113.2000,4112.2000,4112.0000,4111.8000,4111.6000,4114.6000,4114.8000,4115.0000,4115.4000,4115.6000,4,6,4,1,2,1,1,1,2,1
SF,IF2006,2019-12-31 09:33:29.800,4114.0000,13266,0,244111860.000,0,-,-,-,-,4113.4000,4113.2000,4112.2000,4112.0000,4111.8000,4114.4000,4114.6000,4114.8000,4115.0000,4115.4000,1,4,6,4,1,2,1,1,1,2
SF,IF2006,2019-12-31 09:33:30.300,4114.0000,13266,0,244111860.000,0,-,-,-,-,4113.4000,4113.2000,4112.2000,4112.0000,4111.8000,4114.4000,4114.6000,4114.8000,4115.0000,4115.4000,1,4,6,4,1,1,1,1,1,2
SF,IF2006,2019-12-31 09:33:30.800,4114.6000,13265,-1,246580560.000,2,0,2,多平,S,4113.6000,4113.4000,4113.2000,4112.2000,4112.0000,4114.8000,4115.0000,4115.4000,4115.6000,4116.0000,1,1,4,6,4,1,1,2,1,2
SF,IF2006,2019-12-31 09:33:31.300,4114.6000,13265,0,246580560.000,0,-,-,-,-,4113.6000,4113.4000,4113.2000,4112.2000,4112.0000,4114.8000,4115.0000,4115.4000,4115.6000,4116.0000,1,1,4,6,4,1,1,2,1,2
SF,IF2006,2019-12-31 09:33:31.800,4114.6000,13265,0,246580560.000,0,-,-,-,-,4113.6000,4113.4000,4113.2000,4112.2000,4112.0000,4114.8000,4115.0000,4115.4000,4115.6000,4116.0000,1,1,4,6,4,1,1,2,1,2
SF,IF2006,2019-12-31 09:33:32.300,4114.6000,13265,0,246580560.000,0,-,-,-,-,4113.4000,4113.2000,4112.2000,4112.0000,4111.8000,4114.6000,4114.8000,4115.0000,4115.4000,4115.6000,1,4,6,4,1,1,1,1,2,1
SF,IF2006,2019-12-31 09:33:34.300,4114.6000,13265,0,246580560.000,0,-,-,-,-,4113.4000,4113.2000,4112.2000,4112.0000,4111.8000,4114.6000,4114.8000,4115.0000,4115.4000,4115.6000,1,4,6,4,1,1,1,1,2,1
SF,IF2006,2019-12-31 09:33:34.800,4114.6000,13265,0,246580560.000,0,-,-,-,-,4113.6000,4113.4000,4113.2000,4112.2000,4112.0000,4114.8000,4115.0000,4115.4000,4115.6000,4116.0000,2,1,4,6,4,1,1,2,1,2
SF,IF2006,2019-12-31 09:33:36.300,4114.6000,13265,0,246580560.000,0,-,-,-,-,4113.6000,4113.4000,4113.2000,4112.2000,4112.0000,4114.8000,4115.0000,4115.4000,4115.6000,4116.0000,1,1,4,6,4,1,1,2,1,2
SF,IF2006,2019-12-31 09:33:36.800,4114.6000,13265,0,246580560.000,0,-,-,-,-,4113.6000,4113.4000,4113.2000,4112.2000,4112.0000,4114.8000,4115.0000,4115.4000,4115.6000,4116.0000,1,1,4,6,4,1,1,2,1,2
SF,IF2006,2019-12-31 09:33:37.300,4114.8000,13264,-1,247815000.000,1,0,1,双平,S,4113.6000,4113.4000,4113.2000,4112.2000,4112.0000,4115.0000,4115.4000,4115.6000,4116.0000,4116.8000,1,1,4,6,4,1,2,1,2,1
SF,IF2006,2019-12-31 09:33:37.800,4114.8000,13264,0,247815000.000,0,-,-,-,-,4113.6000,4113.4000,4113.2000,4112.2000,4112.0000,4115.0000,4115.4000,4115.6000,4116.0000,4116.8000,1,1,4,6,4,1,2,1,2,1
SF,IF2006,2019-12-31 09:33:39.800,4115.0000,13264,0,249049500.000,1,0,1,多换,S,4113.8000,4113.6000,4113.4000,4113.2000,4112.2000,4115.4000,4115.6000,4116.0000,4116.8000,4119.0000,1,1,1,4,6,2,1,2,1,1
SF,IF2006,2019-12-31 09:33:40.300,4115.0000,13264,0,249049500.000,0,-,-,-,-,4114.0000,4113.6000,4113.4000,4113.2000,4112.2000,4115.2000,4115.4000,4115.6000,4116.0000,4116.8000,1,1,1,4,6,1,2,1,2,1
SF,IF2006,2019-12-31 09:33:40.800,4115.0000,13264,0,249049500.000,0,-,-,-,-,4114.0000,4113.6000,4113.2000,4112.2000,4111.6000,4115.2000,4115.4000,4115.6000,4116.0000,4116.8000,1,1,4,6,2,1,2,1,2,1
SF,IF2006,2019-12-31 09:33:41.300,4115.0000,13264,0,249049500.000,0,-,-,-,-,4115.0000,4114.0000,4113.6000,4113.2000,4112.2000,4115.2000,4115.4000,4115.6000,4116.0000,4119.0000,1,1,1,4,6,1,2,1,2,1
SF,IF2006,2019-12-31 09:33:41.800,4115.0000,13264,0,251518500.000,2,1,1,多换,S,4114.0000,4113.6000,4113.2000,4112.2000,4111.6000,4115.0000,4115.2000,4115.4000,4115.6000,4116.0000,1,1,4,6,2,1,1,2,1,2
SF,IF2006,2019-12-31 09:33:42.300,4115.0000,13264,0,251518500.000,0,-,-,-,-,4114.0000,4113.6000,4113.2000,4112.2000,4111.6000,4115.0000,4115.2000,4115.4000,4115.6000,4116.0000,1,1,4,6,2,1,1,2,1,2
SF,IF2006,2019-12-31 09:33:44.800,4115.0000,13264,0,252753000.000,1,0,1,多换,S,4114.0000,4113.6000,4113.2000,4112.2000,4111.6000,4115.2000,4115.4000,4115.6000,4116.0000,4119.0000,1,1,4,6,2,1,2,1,2,1
SF,IF2006,2019-12-31 09:33:45.300,4115.0000,13264,0,252753000.000,0,-,-,-,-,4113.2000,4112.2000,4111.6000,4111.2000,4110.0000,4115.2000,4115.4000,4115.6000,4116.0000,4119.0000,4,6,2,1,2,1,2,1,2,1
SF,IF2006,2019-12-31 09:33:45.800,4115.0000,13264,0,252753000.000,0,-,-,-,-,4113.4000,4113.2000,4112.2000,4111.6000,4111.2000,4115.0000,4115.2000,4115.4000,4115.6000,4116.0000,1,4,6,2,1,1,1,2,1,2
SF,IF2006,2019-12-31 09:33:46.300,4115.0000,13264,0,252753000.000,0,-,-,-,-,4113.4000,4113.2000,4112.2000,4111.6000,4111.2000,4114.8000,4115.0000,4115.4000,4115.6000,4116.0000,1,4,6,2,1,2,1,2,1,2
SF,IF2006,2019-12-31 09:33:46.800,4115.0000,13264,0,252753000.000,0,-,-,-,-,4113.2000,4112.2000,4111.6000,4111.2000,4110.0000,4114.8000,4115.4000,4115.6000,4116.0000,4119.0000,4,6,2,1,2,2,2,1,2,1
SF,IF2006,2019-12-31 09:33:47.300,4115.0000,13264,0,252753000.000,0,-,-,-,-,4113.4000,4113.2000,4112.2000,4112.0000,4111.6000,4114.6000,4114.8000,4115.4000,4115.6000,4116.0000,2,4,6,2,2,1,2,2,1,1
SF,IF2006,2019-12-31 09:33:47.800,4115.0000,13264,0,252753000.000,0,-,-,-,-,4113.4000,4113.2000,4112.2000,4112.0000,4111.6000,4114.6000,4114.8000,4115.4000,4115.6000,4116.0000,2,4,6,2,2,1,1,2,1,1
SF,IF2006,2019-12-31 09:33:48.300,4115.0000,13264,0,252753000.000,0,-,-,-,-,4113.2000,4112.2000,4112.0000,4111.6000,4111.2000,4114.4000,4114.6000,4115.4000,4115.6000,4116.0000,4,6,2,2,1,1,1,2,1,1
SF,IF2006,2019-12-31 09:33:48.800,4115.0000,13264,0,252753000.000,0,-,-,-,-,4113.2000,4112.2000,4112.0000,4111.6000,4111.2000,4114.4000,4114.6000,4115.4000,4115.6000,4116.0000,4,6,2,2,1,2,1,2,1,1
SF,IF2006,2019-12-31 09:33:50.300,4115.0000,13264,0,252753000.000,0,-,-,-,-,4113.2000,4112.2000,4112.0000,4111.6000,4111.2000,4114.4000,4114.6000,4115.0000,4115.4000,4115.6000,4,6,2,2,1,1,1,2,2,1
SF,IF2006,2019-12-31 09:33:51.800,4115.0000,13264,0,252753000.000,0,-,-,-,-,4113.2000,4112.2000,4112.0000,4111.6000,4111.2000,4114.4000,4114.6000,4115.0000,4115.4000,4115.6000,4,6,2,2,1,1,1,2,2,1
SF,IF2006,2019-12-31 09:33:52.800,4115.0000,13264,0,252753000.000,0,-,-,-,-,4113.6000,4113.2000,4112.2000,4112.0000,4111.6000,4113.8000,4114.4000,4115.0000,4115.4000,4115.6000,1,4,6,2,2,1,1,1,2,1
SF,IF2006,2019-12-31 09:33:53.300,4113.8000,13263,-1,253987140.000,1,0,1,双平,S,4113.8000,4113.6000,4113.2000,4112.2000,4112.0000,4114.4000,4115.0000,4115.4000,4115.6000,4116.0000,1,1,4,6,2,1,1,2,1,1
SF,IF2006,2019-12-31 09:33:53.800,4113.8000,13263,0,255221280.000,1,0,1,多换,S,4113.6000,4113.2000,4112.2000,4112.0000,4111.6000,4114.4000,4115.0000,4115.4000,4115.6000,4116.0000,1,4,6,2,2,1,1,2,1,1
SF,IF2006,2019-12-31 09:33:57.800,4113.8000,13263,0,255221280.000,0,-,-,-,-,4113.6000,4113.2000,4112.2000,4112.0000,4111.6000,4114.4000,4115.0000,4115.4000,4115.6000,4119.0000,1,4,6,2,2,1,1,2,1,1
SF,IF2006,2019-12-31 09:33:58.300,4114.4000,13263,0,256455600.000,1,0,1,多换,S,4113.6000,4113.2000,4112.2000,4112.0000,4111.6000,4115.0000,4115.4000,4115.6000,4119.0000,4119.2000,1,4,6,2,2,1,2,1,1,1
SF,IF2006,2019-12-31 09:33:58.800,4114.4000,13263,0,256455600.000,0,-,-,-,-,4114.4000,4113.8000,4113.6000,4113.2000,4112.2000,4115.0000,4115.4000,4115.6000,4119.0000,4119.2000,2,1,1,4,6,1,2,1,1,1
SF,IF2006,2019-12-31 09:33:59.300,4114.4000,13263,0,260158560.000,3,1,2,多换,S,4114.4000,4113.8000,4113.6000,4113.2000,4112.2000,4115.0000,4115.4000,4115.6000,4119.0000,4119.2000,2,1,1,4,6,1,2,1,1,1
SF,IF2006,2019-12-31 09:33:59.800,4115.0000,13263,0,263861700.000,3,1,2,多换,S,4113.8000,4113.6000,4113.2000,4112.2000,4112.0000,4114.8000,4115.4000,4115.6000,4119.0000,4119.2000,1,1,4,6,2,1,2,1,1,1
SF,IF2006,2019-12-31 09:34:00.800,4113.8000,13262,-1,265095840.000,1,0,1,双平,S,4113.6000,4113.2000,4112.2000,4112.0000,4111.6000,4114.6000,4115.0000,4115.4000,4115.6000,4119.0000,1,4,6,2,2,1,1,2,1,1
SF,IF2006,2019-12-31 09:34:01.300,4113.8000,13262,0,265095840.000,0,-,-,-,-,4113.8000,4113.6000,4113.2000,4112.2000,4112.0000,4114.4000,4114.6000,4115.0000,4115.4000,4115.6000,1,2,4,6,2,1,1,1,2,1
SF,IF2006,2019-12-31 09:34:01.800,4113.8000,13261,-1,266329980.000,1,0,1,双平,S,4113.6000,4113.2000,4112.2000,4112.0000,4111.6000,4114.4000,4114.6000,4114.8000,4115.0000,4115.4000,2,4,6,2,2,1,1,1,1,2
SF,IF2006,2019-12-31 09:34:02.300,4113.6000,13261,0,267564060.000,1,0,1,多换,S,4113.6000,4113.2000,4112.2000,4112.0000,4111.6000,4114.2000,4114.4000,4114.6000,4114.8000,4115.0000,1,4,6,2,2,1,1,1,1,1
SF,IF2006,2019-12-31 09:34:02.800,4114.2000,13262,1,268798320.000,1,1,0,双开,S,4113.6000,4113.2000,4112.2000,4112.0000,4111.6000,4114.4000,4114.6000,4114.8000,4115.4000,4115.6000,1,4,6,2,2,2,1,1,2,1
SF,IF2006,2019-12-31 09:34:03.300,4114.2000,13262,0,268798320.000,0,-,-,-,-,4113.6000,4113.2000,4112.2000,4112.0000,4111.6000,4114.2000,4114.4000,4114.6000,4114.8000,4115.4000,1,4,6,2,2,1,2,1,2,2
SF,IF2006,2019-12-31 09:34:03.800,4114.2000,13262,0,268798320.000,0,-,-,-,-,4113.6000,4113.2000,4112.2000,4112.0000,4111.6000,4114.4000,4114.6000,4114.8000,4115.4000,4115.6000,1,4,6,2,2,2,1,2,2,1
SF,IF2006,2019-12-31 09:34:04.300,4114.4000,13262,0,270032640.000,1,0,1,多换,S,4113.6000,4113.2000,4112.2000,4112.0000,4111.6000,4114.4000,4114.6000,4114.8000,4115.4000,4115.6000,1,4,6,2,2,1,1,2,2,1
SF,IF2006,2019-12-31 09:34:05.300,4114.4000,13262,0,270032640.000,0,-,-,-,-,4113.6000,4113.2000,4112.2000,4112.0000,4111.6000,4114.2000,4114.4000,4114.8000,4115.4000,4115.6000,1,4,6,2,2,1,1,1,2,1
SF,IF2006,2019-12-31 09:34:05.800,4114.4000,13262,0,270032640.000,0,-,-,-,-,4113.6000,4113.2000,4112.2000,4112.0000,4111.6000,4114.2000,4114.4000,4114.8000,4115.4000,4115.6000,1,4,6,2,2,1,1,1,2,1
SF,IF2006,2019-12-31 09:34:06.300,4114.4000,13262,0,270032640.000,0,-,-,-,-,4113.6000,4113.2000,4112.2000,4112.0000,4111.6000,4114.8000,4115.4000,4115.6000,4117.8000,4119.0000,1,4,6,2,2,1,2,1,1,1
SF,IF2006,2019-12-31 09:34:07.300,4113.6000,13262,0,271266720.000,1,0,1,多换,S,4113.2000,4112.2000,4112.0000,4111.6000,4111.2000,4114.6000,4114.8000,4115.4000,4115.6000,4117.8000,4,6,2,2,1,1,2,2,1,1
SF,IF2006,2019-12-31 09:34:07.800,4113.6000,13262,0,271266720.000,0,-,-,-,-,4113.2000,4112.2000,4112.0000,4111.6000,4111.2000,4114.4000,4114.6000,4115.4000,4115.6000,4117.8000,4,6,2,2,1,2,4,2,1,1
SF,IF2006,2019-12-31 09:34:08.300,4113.2000,13262,0,272500680.000,1,0,1,多换,S,4113.2000,4112.2000,4112.0000,4111.6000,4111.2000,4114.2000,4114.4000,4114.6000,4115.4000,4115.6000,3,6,2,2,1,1,3,3,2,1
SF,IF2006,2019-12-31 09:34:08.800,4113.2000,13262,0,274968600.000,2,1,1,多换,S,4113.4000,4113.2000,4112.2000,4112.0000,4111.6000,4114.0000,4114.2000,4114.4000,4114.6000,4115.4000,1,1,6,2,2,1,2,2,2,2
SF,IF2006,2019-12-31 09:34:09.300,4114.0000,13263,1,276202800.000,1,1,0,双开,S,4113.2000,4112.2000,4112.0000,4111.6000,4111.2000,4114.0000,4114.4000,4114.6000,4115.4000,4115.6000,1,6,2,2,1,2,2,1,2,1
SF,IF2006,2019-12-31 09:34:09.800,4114.0000,13263,0,276202800.000,0,-,-,-,-,4113.2000,4112.2000,4112.0000,4111.6000,4111.2000,4114.0000,4114.4000,4114.6000,4115.0000,4115.4000,1,6,2,2,1,1,2,2,1,2
SF,IF2006,2019-12-31 09:34:10.800,4114.0000,13263,0,276202800.000,0,-,-,-,-,4113.2000,4112.2000,4112.0000,4111.6000,4111.2000,4114.4000,4114.6000,4115.0000,4115.4000,4115.6000,1,6,2,2,1,2,2,1,2,1
SF,IF2006,2019-12-31 09:34:11.300,4114.0000,13263,0,276202800.000,0,-,-,-,-,4113.2000,4112.2000,4112.0000,4111.6000,4111.2000,4114.2000,4114.4000,4115.0000,4115.4000,4115.6000,1,6,2,2,1,1,2,1,2,1
SF,IF2006,2019-12-31 09:34:11.800,4114.0000,13263,0,276202800.000,0,-,-,-,-,4113.4000,4113.2000,4112.2000,4112.0000,4111.6000,4114.2000,4114.4000,4115.0000,4115.4000,4115.6000,1,1,6,2,2,2,2,1,2,1
SF,IF2006,2019-12-31 09:34:14.300,4114.0000,13263,0,276202800.000,0,-,-,-,-,4113.4000,4113.2000,4112.2000,4112.0000,4111.6000,4114.2000,4114.4000,4115.0000,4115.4000,4115.6000,1,1,6,2,2,1,2,1,2,1
SF,IF2006,2019-12-31 09:34:14.800,4114.2000,13263,0,277437060.000,1,0,1,多换,S,4113.4000,4113.2000,4112.2000,4112.0000,4111.6000,4114.4000,4115.0000,4115.4000,4115.6000,4117.8000,1,1,6,3,2,2,1,2,1,1
SF,IF2006,2019-12-31 09:34:15.300,4114.2000,13263,0,277437060.000,0,-,-,-,-,4113.4000,4113.2000,4112.2000,4112.0000,4111.6000,4114.0000,4114.4000,4115.0000,4115.4000,4115.6000,1,1,6,3,2,1,1,1,2,1
SF,IF2006,2019-12-31 09:34:15.800,4114.2000,13263,0,277437060.000,0,-,-,-,-,4113.4000,4113.2000,4112.2000,4112.0000,4111.6000,4114.4000,4115.0000,4115.4000,4115.6000,4117.8000,1,1,6,3,2,1,1,2,1,1
SF,IF2006,2019-12-31 09:34:16.800,4114.2000,13263,0,277437060.000,0,-,-,-,-,4114.0000,4113.4000,4113.2000,4112.2000,4112.0000,4114.2000,4114.4000,4115.0000,4115.4000,4115.6000,1,1,1,6,3,1,1,1,2,1
SF,IF2006,2019-12-31 09:34:17.300,4114.2000,13263,0,277437060.000,0,-,-,-,-,4114.0000,4113.4000,4113.2000,4112.2000,4112.0000,4115.0000,4115.4000,4115.6000,4117.8000,4119.0000,1,1,1,6,3,1,2,1,1,1
SF,IF2006,2019-12-31 09:34:17.800,4114.0000,13263,0,278671260.000,1,0,1,多换,S,4113.4000,4113.2000,4112.2000,4112.0000,4111.6000,4115.0000,4115.4000,4115.6000,4117.8000,4119.0000,1,1,6,3,2,1,2,1,1,1
SF,IF2006,2019-12-31 09:34:18.300,4114.0000,13263,0,278671260.000,0,-,-,-,-,4113.6000,4113.4000,4113.2000,4112.2000,4112.0000,4114.8000,4115.0000,4115.4000,4115.6000,4117.8000,1,1,1,6,3,1,1,2,1,1
SF,IF2006,2019-12-31 09:34:18.800,4114.0000,13263,0,278671260.000,0,-,-,-,-,4113.8000,4113.6000,4113.2000,4112.2000,4112.0000,4114.8000,4115.0000,4115.4000,4115.6000,4117.8000,1,1,1,6,3,2,1,2,1,1
SF,IF2006,2019-12-31 09:34:19.300,4114.0000,13263,0,278671260.000,0,-,-,-,-,4113.8000,4113.2000,4112.2000,4112.0000,4111.6000,4114.8000,4115.0000,4115.4000,4115.6000,4117.8000,1,1,6,3,2,2,1,2,1,1
SF,IF2006,2019-12-31 09:34:19.800,4114.0000,13263,0,278671260.000,0,-,-,-,-,4113.8000,4113.2000,4112.2000,4112.0000,4111.6000,4114.8000,4115.0000,4115.4000,4115.6000,4117.8000,1,1,6,3,2,1,1,2,1,1
SF,IF2006,2019-12-31 09:34:20.300,4114.0000,13263,0,278671260.000,0,-,-,-,-,4113.8000,4113.2000,4112.2000,4112.0000,4111.6000,4114.6000,4114.8000,4115.0000,4115.4000,4115.6000,1,1,6,3,2,1,1,1,2,1
SF,IF2006,2019-12-31 09:34:22.800,4113.8000,13262,-1,279905400.000,1,0,1,双平,S,4113.2000,4112.2000,4112.0000,4111.6000,4111.2000,4114.6000,4114.8000,4115.0000,4115.4000,4115.6000,1,6,3,2,1,1,1,1,2,1
SF,IF2006,2019-12-31 09:34:23.300,4113.8000,13262,0,279905400.000,0,-,-,-,-,4113.2000,4112.2000,4112.0000,4111.6000,4111.2000,4114.4000,4114.6000,4114.8000,4115.0000,4115.4000,1,6,3,2,1,1,1,1,1,2
SF,IF2006,2019-12-31 09:34:23.800,4113.8000,13262,0,279905400.000,0,-,-,-,-,4113.4000,4113.2000,4112.2000,4112.0000,4111.6000,4114.6000,4114.8000,4115.0000,4115.4000,4115.6000,1,1,6,3,2,1,1,1,2,1
SF,IF2006,2019-12-31 09:34:24.300,4113.8000,13262,0,279905400.000,0,-,-,-,-,4113.2000,4112.2000,4112.0000,4111.6000,4111.2000,4114.4000,4114.6000,4114.8000,4115.0000,4115.4000,1,6,3,2,1,1,1,2,1,2
SF,IF2006,2019-12-31 09:34:24.800,4113.8000,13262,0,279905400.000,0,-,-,-,-,4113.4000,4113.2000,4112.2000,4112.0000,4111.6000,4114.6000,4114.8000,4115.0000,4115.4000,4115.6000,1,1,6,3,2,1,2,1,2,1
SF,IF2006,2019-12-31 09:34:25.300,4113.8000,13262,0,279905400.000,0,-,-,-,-,4113.4000,4113.2000,4112.2000,4112.0000,4111.6000,4114.4000,4114.6000,4114.8000,4115.0000,4115.4000,1,1,6,3,2,1,1,2,1,2
SF,IF2006,2019-12-31 09:34:26.300,4113.8000,13262,0,279905400.000,0,-,-,-,-,4113.4000,4113.2000,4112.2000,4112.0000,4111.6000,4114.4000,4114.6000,4114.8000,4115.0000,4115.4000,1,1,6,3,2,1,1,2,1,2
SF,IF2006,2019-12-31 09:34:27.300,4113.8000,13262,0,279905400.000,0,-,-,-,-,4113.4000,4113.2000,4112.2000,4112.0000,4111.6000,4115.0000,4115.4000,4115.6000,4117.8000,4119.0000,1,1,6,3,2,1,2,1,1,1
SF,IF2006,2019-12-31 09:34:27.800,4113.8000,13262,0,279905400.000,0,-,-,-,-,4113.4000,4113.2000,4112.2000,4112.0000,4111.6000,4114.8000,4115.0000,4115.4000,4115.6000,4117.8000,1,1,6,3,2,2,1,2,1,1
SF,IF2006,2019-12-31 09:34:28.300,4113.8000,13262,0,279905400.000,0,-,-,-,-,4113.4000,4113.2000,4112.2000,4112.0000,4111.6000,4114.8000,4115.0000,4115.4000,4115.6000,4117.8000,1,1,6,3,2,2,1,2,1,1
SF,IF2006,2019-12-31 09:34:28.800,4113.8000,13262,0,279905400.000,0,-,-,-,-,4113.4000,4113.2000,4112.2000,4112.0000,4111.6000,4114.8000,4115.0000,4115.4000,4115.6000,4117.8000,1,1,6,3,2,1,1,2,1,1
SF,IF2006,2019-12-31 09:34:29.300,4113.4000,13261,-1,281139420.000,1,0,1,双平,S,4113.2000,4112.2000,4112.0000,4111.6000,4111.2000,4114.8000,4115.0000,4115.4000,4115.6000,4117.8000,1,6,3,2,1,1,1,2,1,1
SF,IF2006,2019-12-31 09:34:29.800,4113.4000,13261,0,281139420.000,0,-,-,-,-,4113.4000,4113.2000,4112.2000,4112.0000,4111.6000,4114.8000,4115.0000,4115.4000,4115.6000,4117.8000,1,1,6,3,2,1,1,2,1,1
SF,IF2006,2019-12-31 09:34:30.300,4113.4000,13261,0,281139420.000,0,-,-,-,-,4113.4000,4113.2000,4112.2000,4112.0000,4111.6000,4114.6000,4114.8000,4115.0000,4115.4000,4115.6000,1,1,6,3,2,1,1,1,2,1
SF,IF2006,2019-12-31 09:34:30.800,4113.4000,13261,0,281139420.000,0,-,-,-,-,4113.4000,4113.2000,4112.2000,4112.0000,4111.6000,4114.4000,4114.6000,4115.0000,4115.4000,4115.6000,1,1,6,3,2,1,1,1,2,1
SF,IF2006,2019-12-31 09:34:33.300,4113.4000,13260,-1,282373440.000,1,0,1,双平,S,4113.2000,4112.2000,4112.0000,4111.6000,4111.2000,4114.4000,4114.6000,4115.0000,4115.4000,4115.6000,1,6,3,2,1,1,1,1,2,1
SF,IF2006,2019-12-31 09:34:33.800,4113.4000,13260,0,282373440.000,0,-,-,-,-,4113.2000,4112.2000,4112.0000,4111.6000,4111.2000,4114.2000,4114.4000,4114.6000,4115.0000,4115.4000,1,6,3,2,1,1,2,1,1,2
SF,IF2006,2019-12-31 09:34:34.300,4114.2000,13259,-1,283607700.000,1,0,1,双平,S,4113.2000,4112.2000,4112.0000,4111.6000,4111.2000,4114.4000,4114.6000,4115.0000,4115.4000,4115.6000,1,6,3,2,1,2,1,1,2,1
SF,IF2006,2019-12-31 09:34:34.800,4114.2000,13259,0,283607700.000,0,-,-,-,-,4113.2000,4112.2000,4112.0000,4111.6000,4111.2000,4114.4000,4114.6000,4115.0000,4115.4000,4115.6000,1,6,3,2,1,1,1,1,2,1
SF,IF2006,2019-12-31 09:34:37.300,4114.2000,13259,0,283607700.000,0,-,-,-,-,4113.6000,4113.2000,4112.2000,4112.0000,4111.6000,4114.4000,4114.6000,4115.0000,4115.4000,4115.6000,3,1,6,3,2,1,1,1,2,1
SF,IF2006,2019-12-31 09:34:39.300,4114.2000,13259,0,283607700.000,0,-,-,-,-,4113.6000,4113.2000,4112.2000,4112.0000,4111.6000,4114.2000,4114.4000,4114.6000,4115.0000,4115.4000,3,1,6,3,2,1,1,1,1,2
SF,IF2006,2019-12-31 09:34:39.800,4114.2000,13259,0,283607700.000,0,-,-,-,-,4113.6000,4113.2000,4112.2000,4112.0000,4111.6000,4114.0000,4114.6000,4115.0000,4115.4000,4115.6000,3,1,6,3,2,1,1,1,2,1
SF,IF2006,2019-12-31 09:34:40.300,4114.2000,13259,0,283607700.000,0,-,-,-,-,4113.6000,4113.2000,4112.2000,4112.0000,4111.6000,4114.0000,4114.6000,4115.0000,4115.4000,4115.6000,3,1,6,3,2,1,1,1,2,1
SF,IF2006,2019-12-31 09:34:41.800,4114.0000,13259,0,284841900.000,1,0,1,多换,S,4113.6000,4113.2000,4112.2000,4112.0000,4111.6000,4114.6000,4115.0000,4115.4000,4115.6000,4117.8000,3,1,6,3,2,1,1,2,1,1
SF,IF2006,2019-12-31 09:34:42.300,4114.0000,13259,0,284841900.000,0,-,-,-,-,4114.0000,4113.6000,4113.2000,4112.2000,4112.0000,4114.6000,4115.0000,4115.4000,4115.6000,4117.8000,1,3,1,6,3,1,1,2,1,1
SF,IF2006,2019-12-31 09:34:42.800,4114.0000,13258,-1,286076100.000,1,0,1,双平,S,4113.6000,4113.4000,4113.2000,4112.2000,4112.0000,4114.4000,4114.6000,4115.0000,4115.4000,4115.6000,3,1,1,6,3,1,1,1,2,1
SF,IF2006,2019-12-31 09:34:43.300,4113.4000,13258,0,291012360.000,4,2,2,多换,S,4113.2000,4112.2000,4112.0000,4111.6000,4111.2000,4114.2000,4114.6000,4115.0000,4115.4000,4115.6000,1,6,3,2,1,1,1,1,2,1
SF,IF2006,2019-12-31 09:34:43.800,4113.4000,13258,0,291012360.000,0,-,-,-,-,4113.2000,4112.2000,4112.0000,4111.6000,4111.2000,4114.2000,4114.6000,4115.0000,4115.4000,4115.6000,1,6,3,2,1,2,1,1,2,1
SF,IF2006,2019-12-31 09:34:44.300,4113.2000,13258,0,292246320.000,1,0,1,多换,S,4112.2000,4112.0000,4111.6000,4110.0000,4109.0000,4114.2000,4114.6000,4115.0000,4115.4000,4115.6000,6,3,2,2,3,2,1,1,2,1
SF,IF2006,2019-12-31 09:34:44.800,4113.2000,13258,0,292246320.000,0,-,-,-,-,4112.4000,4112.2000,4112.0000,4111.6000,4110.0000,4114.0000,4114.2000,4114.6000,4115.0000,4115.4000,1,6,3,2,2,1,2,1,1,2
SF,IF2006,2019-12-31 09:34:45.300,4113.2000,13258,0,292246320.000,0,-,-,-,-,4112.4000,4112.2000,4112.0000,4111.6000,4110.0000,4114.0000,4114.2000,4114.6000,4115.0000,4115.4000,1,6,3,2,2,1,1,1,1,2
SF,IF2006,2019-12-31 09:34:45.800,4113.2000,13258,0,292246320.000,0,-,-,-,-,4112.6000,4112.4000,4112.2000,4112.0000,4111.6000,4113.8000,4114.2000,4114.6000,4115.0000,4115.4000,1,1,6,3,2,2,1,1,1,2
SF,IF2006,2019-12-31 09:34:46.300,4113.6000,13259,1,293480400.000,1,1,0,双开,S,4112.8000,4112.6000,4112.2000,4112.0000,4111.6000,4113.8000,4114.2000,4114.6000,4115.0000,4115.4000,1,1,6,3,2,2,1,1,1,2
SF,IF2006,2019-12-31 09:34:46.800,4113.6000,13259,0,293480400.000,0,-,-,-,-,4112.8000,4112.6000,4112.2000,4112.0000,4111.6000,4113.8000,4114.2000,4114.6000,4115.0000,4115.4000,1,1,6,3,2,1,1,1,1,2
SF,IF2006,2019-12-31 09:34:48.300,4113.6000,13259,0,293480400.000,0,-,-,-,-,4112.8000,4112.6000,4112.2000,4112.0000,4111.6000,4113.8000,4114.2000,4114.6000,4115.0000,4115.4000,2,1,6,3,2,1,1,1,1,2
SF,IF2006,2019-12-31 09:34:49.300,4113.6000,13259,0,293480400.000,0,-,-,-,-,4112.8000,4112.6000,4112.2000,4112.0000,4111.6000,4113.8000,4114.0000,4114.2000,4114.6000,4115.0000,2,1,6,3,2,1,1,1,1,1
SF,IF2006,2019-12-31 09:34:50.300,4113.8000,13259,0,294714540.000,1,0,1,多换,S,4112.8000,4112.6000,4112.2000,4112.0000,4111.6000,4114.0000,4114.2000,4114.6000,4115.0000,4115.4000,2,1,6,3,2,1,1,1,1,2
SF,IF2006,2019-12-31 09:34:50.800,4113.8000,13259,0,294714540.000,0,-,-,-,-,4112.8000,4112.6000,4112.2000,4112.0000,4111.6000,4114.2000,4115.0000,4115.4000,4115.6000,4117.8000,2,1,6,3,2,1,1,2,1,1
SF,IF2006,2019-12-31 09:34:51.300,4113.8000,13259,0,294714540.000,0,-,-,-,-,4113.8000,4113.0000,4112.8000,4112.2000,4112.0000,4114.2000,4115.0000,4115.4000,4115.6000,4117.8000,1,1,2,6,3,1,1,2,1,1
SF,IF2006,2019-12-31 09:34:51.800,4113.8000,13259,0,295948680.000,1,0,1,多换,S,4113.0000,4112.8000,4112.2000,4112.0000,4111.6000,4114.2000,4115.0000,4115.4000,4115.6000,4117.8000,1,2,6,3,2,1,1,2,1,1
SF,IF2006,2019-12-31 09:34:52.300,4113.8000,13259,0,295948680.000,0,-,-,-,-,4113.2000,4113.0000,4112.8000,4112.2000,4112.0000,4115.0000,4115.4000,4115.6000,4117.8000,4119.0000,1,1,1,6,3,1,2,1,1,1
SF,IF2006,2019-12-31 09:34:52.800,4113.8000,13259,0,295948680.000,0,-,-,-,-,4113.4000,4113.0000,4112.8000,4112.2000,4112.0000,4114.0000,4114.8000,4115.0000,4115.4000,4115.6000,1,1,1,6,3,1,2,1,2,1
SF,IF2006,2019-12-31 09:34:53.300,4113.4000,13258,-1,297182700.000,1,0,1,双平,S,4113.0000,4112.8000,4112.2000,4112.0000,4111.6000,4113.8000,4114.0000,4114.8000,4115.0000,4115.4000,1,1,6,3,2,1,1,2,1,2
SF,IF2006,2019-12-31 09:34:53.800,4113.0000,13257,-1,298416600.000,1,0,1,双平,S,4112.8000,4112.2000,4112.0000,4111.6000,4110.0000,4113.8000,4114.0000,4114.8000,4115.0000,4115.4000,1,6,3,2,2,1,1,2,1,2
SF,IF2006,2019-12-31 09:34:54.300,4113.0000,13257,0,298416600.000,0,-,-,-,-,4112.8000,4112.2000,4112.0000,4111.6000,4110.0000,4113.6000,4113.8000,4114.0000,4114.8000,4115.0000,1,6,3,2,2,2,1,1,2,1
SF,IF2006,2019-12-31 09:34:55.300,4113.0000,13257,0,298416600.000,0,-,-,-,-,4112.8000,4112.2000,4112.0000,4111.6000,4110.0000,4113.6000,4113.8000,4114.8000,4115.0000,4115.4000,1,6,3,2,2,3,1,2,1,2
SF,IF2006,2019-12-31 09:34:56.800,4113.0000,13257,0,298416600.000,0,-,-,-,-,4112.8000,4112.2000,4112.0000,4111.6000,4110.0000,4113.6000,4113.8000,4114.8000,4115.0000,4115.4000,1,6,3,2,2,2,1,2,1,2
SF,IF2006,2019-12-31 09:34:57.300,4113.0000,13257,0,298416600.000,0,-,-,-,-,4112.8000,4112.2000,4112.0000,4111.6000,4110.0000,4113.4000,4113.6000,4113.8000,4114.8000,4115.0000,1,6,3,2,2,1,2,1,2,1
SF,IF2006,2019-12-31 09:34:57.800,4113.0000,13257,0,298416600.000,0,-,-,-,-,4112.8000,4112.2000,4112.0000,4111.6000,4110.0000,4113.4000,4113.6000,4113.8000,4114.8000,4115.0000,1,6,3,2,2,1,2,1,2,1
SF,IF2006,2019-12-31 09:34:59.300,4112.8000,13257,0,299650440.000,1,0,1,多换,S,4112.2000,4112.0000,4111.6000,4110.0000,4109.0000,4113.4000,4113.6000,4113.8000,4114.8000,4115.0000,6,3,2,2,3,1,2,1,2,1
SF,IF2006,2019-12-31 09:34:59.800,4112.8000,13257,0,299650440.000,0,-,-,-,-,4112.2000,4112.0000,4111.6000,4110.0000,4109.0000,4113.2000,4113.4000,4113.6000,4113.8000,4114.8000,6,3,2,2,3,1,1,2,1,1
SF,IF2006,2019-12-31 09:35:00.300,4112.8000,13257,0,299650440.000,0,-,-,-,-,4112.8000,4112.2000,4112.0000,4111.6000,4110.0000,4113.2000,4113.4000,4113.6000,4113.8000,4114.8000,1,6,3,2,2,1,1,2,1,1
SF,IF2006,2019-12-31 09:35:01.300,4112.8000,13257,0,299650440.000,0,-,-,-,-,4112.8000,4112.2000,4112.0000,4111.6000,4110.0000,4113.2000,4113.6000,4113.8000,4114.8000,4115.0000,1,6,3,2,2,1,2,1,1,1
SF,IF2006,2019-12-31 09:35:01.800,4112.8000,13257,0,299650440.000,0,-,-,-,-,4112.8000,4112.2000,4112.0000,4111.6000,4110.0000,4113.0000,4113.2000,4113.6000,4113.8000,4114.8000,1,6,3,2,2,1,1,2,1,1
SF,IF2006,2019-12-31 09:35:02.300,4112.8000,13256,-1,304586160.000,4,1,3,多平,S,4112.2000,4112.0000,4111.6000,4110.0000,4109.0000,4113.6000,4113.8000,4114.8000,4115.0000,4115.4000,6,3,2,2,3,1,1,1,1,2
SF,IF2006,2019-12-31 09:35:02.800,4112.8000,13256,0,304586160.000,0,-,-,-,-,4112.4000,4112.2000,4112.0000,4111.6000,4110.8000,4113.4000,4113.6000,4113.8000,4114.8000,4115.0000,1,6,3,2,1,2,1,1,1,1
SF,IF2006,2019-12-31 09:35:03.300,4112.4000,13256,0,307053780.000,2,1,1,多换,S,4112.2000,4112.0000,4111.6000,4110.8000,4110.0000,4113.4000,4113.6000,4113.8000,4114.8000,4115.0000,6,3,2,1,2,2,1,1,1,1
SF,IF2006,2019-12-31 09:35:03.800,4113.2000,13256,0,308287740.000,1,0,1,多换,S,4112.2000,4112.0000,4111.6000,4110.8000,4110.0000,4113.4000,4113.6000,4113.8000,4114.8000,4115.0000,6,3,2,1,2,2,1,1,1,1
SF,IF2006,2019-12-31 09:35:04.300,4112.4000,13256,0,310755540.000,2,1,1,多换,S,4112.4000,4112.2000,4112.0000,4111.6000,4110.8000,4113.0000,4114.8000,4115.0000,4115.4000,4115.6000,1,6,3,2,1,1,1,1,2,1
SF,IF2006,2019-12-31 09:35:04.800,4113.0000,13255,-1,311989440.000,1,0,1,双平,S,4112.2000,4112.0000,4111.6000,4110.8000,4110.0000,4114.8000,4115.0000,4115.4000,4115.6000,4117.8000,6,3,2,1,2,1,1,2,1,1
SF,IF2006,2019-12-31 09:35:05.300,4112.4000,13255,0,313223160.000,1,0,1,多换,S,4112.4000,4112.2000,4112.0000,4111.6000,4110.8000,4114.6000,4114.8000,4115.0000,4115.4000,4115.6000,1,6,3,2,1,1,1,1,2,1
SF,IF2006,2019-12-31 09:35:05.800,4112.4000,13255,0,313223160.000,0,-,-,-,-,4112.4000,4112.2000,4112.0000,4111.6000,4110.0000,4113.8000,4114.4000,4114.6000,4115.0000,4115.4000,2,6,3,2,2,2,1,1,1,2
SF,IF2006,2019-12-31 09:35:06.300,4112.6000,13254,-1,316925220.000,3,1,2,多平,S,4112.4000,4112.2000,4112.0000,4111.6000,4110.0000,4114.4000,4114.6000,4115.0000,4115.4000,4115.6000,2,6,3,2,2,1,1,1,2,1
SF,IF2006,2019-12-31 09:35:06.800,4112.6000,13254,0,316925220.000,0,-,-,-,-,4112.6000,4112.4000,4112.2000,4112.0000,4111.6000,4113.6000,4114.2000,4114.4000,4115.0000,4115.4000,1,2,6,3,2,2,1,1,1,2
SF,IF2006,2019-12-31 09:35:07.300,4112.6000,13254,0,318159000.000,1,0,1,多换,S,4112.6000,4112.4000,4112.2000,4112.0000,4111.6000,4113.6000,4114.0000,4114.2000,4115.0000,4115.4000,1,1,6,3,2,2,1,1,1,2
SF,IF2006,2019-12-31 09:35:07.800,4112.6000,13254,0,318159000.000,0,-,-,-,-,4112.6000,4112.4000,4112.2000,4112.0000,4111.6000,4113.4000,4113.6000,4115.0000,4115.4000,4115.6000,1,1,6,3,2,1,2,1,2,1
SF,IF2006,2019-12-31 09:35:08.300,4112.8000,13253,-1,320626860.000,2,0,2,多平,S,4112.6000,4112.4000,4112.2000,4112.0000,4111.6000,4113.6000,4115.0000,4115.4000,4115.6000,4117.8000,1,1,6,3,2,2,1,2,1,1
SF,IF2006,2019-12-31 09:35:08.800,4113.6000,13252,-1,323095020.000,2,0,2,多平,S,4112.6000,4112.4000,4112.2000,4112.0000,4111.6000,4115.0000,4115.4000,4115.6000,4117.8000,4119.0000,1,1,6,3,2,1,2,1,1,1
SF,IF2006,2019-12-31 09:35:09.300,4113.6000,13252,0,323095020.000,0,-,-,-,-,4112.8000,4112.6000,4112.4000,4112.2000,4112.0000,4114.2000,4114.8000,4115.0000,4115.4000,4115.6000,1,1,1,6,3,2,2,1,2,1
SF,IF2006,2019-12-31 09:35:09.800,4113.0000,13253,1,324328920.000,1,1,0,双开,S,4112.6000,4112.4000,4112.2000,4112.0000,4111.6000,4114.0000,4114.2000,4114.8000,4115.0000,4115.4000,1,1,6,3,2,1,2,1,1,2
SF,IF2006,2019-12-31 09:35:10.300,4113.0000,13253,0,324328920.000,0,-,-,-,-,4112.6000,4112.4000,4112.2000,4112.0000,4111.6000,4113.8000,4114.0000,4114.2000,4115.0000,4115.4000,1,1,6,4,2,1,1,2,1,2
SF,IF2006,2019-12-31 09:35:10.800,4112.8000,13253,0,325562760.000,1,0,1,多换,S,4112.6000,4112.2000,4112.0000,4111.6000,4110.0000,4113.6000,4113.8000,4114.2000,4115.0000,4115.4000,1,6,4,2,2,1,1,2,1,2
SF,IF2006,2019-12-31 09:35:11.800,4112.6000,13253,0,326796540.000,1,0,1,多换,S,4112.2000,4112.0000,4111.6000,4110.0000,4109.2000,4113.6000,4113.8000,4114.2000,4115.0000,4115.4000,6,4,2,2,1,1,1,2,1,2
SF,IF2006,2019-12-31 09:35:12.300,4112.6000,13253,0,326796540.000,0,-,-,-,-,4112.2000,4112.0000,4111.6000,4110.0000,4109.2000,4113.4000,4113.6000,4113.8000,4114.2000,4115.0000,6,4,2,2,1,2,1,1,2,1
SF,IF2006,2019-12-31 09:35:12.800,4113.4000,13252,-1,329264580.000,2,0,2,多平,S,4112.2000,4112.0000,4111.6000,4110.0000,4109.2000,4113.4000,4113.8000,4114.2000,4115.0000,4115.4000,6,4,2,2,1,1,1,2,1,2
SF,IF2006,2019-12-31 09:35:13.300,4113.4000,13252,0,330498600.000,1,0,1,多换,S,4112.4000,4112.2000,4112.0000,4111.6000,4110.0000,4113.8000,4114.2000,4115.0000,4115.4000,4115.6000,1,6,4,2,2,1,2,1,2,1
SF,IF2006,2019-12-31 09:35:13.800,4113.4000,13252,0,330498600.000,0,-,-,-,-,4113.4000,4112.4000,4112.2000,4112.0000,4111.6000,4114.2000,4115.0000,4115.4000,4115.6000,4117.8000,1,1,6,4,2,2,1,2,1,1
SF,IF2006,2019-12-31 09:35:15.800,4113.4000,13252,0,330498600.000,0,-,-,-,-,4113.4000,4113.0000,4112.4000,4112.2000,4112.0000,4114.2000,4115.0000,4115.4000,4115.6000,4117.8000,1,1,1,6,4,2,1,2,1,1
SF,IF2006,2019-12-31 09:35:18.300,4114.2000,13252,0,332967120.000,2,1,1,多换,S,4113.4000,4113.0000,4112.4000,4112.2000,4112.0000,4115.0000,4115.4000,4115.6000,4117.8000,4119.0000,1,1,1,6,4,1,2,1,1,1
SF,IF2006,2019-12-31 09:35:18.800,4114.2000,13252,0,332967120.000,0,-,-,-,-,4113.6000,4113.4000,4113.0000,4112.2000,4112.0000,4114.8000,4115.0000,4115.4000,4115.6000,4117.8000,1,1,1,6,4,2,1,2,1,1
SF,IF2006,2019-12-31 09:35:23.300,4113.6000,13252,0,334201200.000,1,0,1,多换,S,4113.4000,4113.0000,4112.2000,4112.0000,4111.6000,4114.8000,4115.0000,4115.4000,4115.6000,4117.8000,1,1,6,4,2,2,1,2,1,1
SF,IF2006,2019-12-31 09:35:23.800,4113.6000,13252,0,334201200.000,0,-,-,-,-,4113.6000,4113.4000,4113.0000,4112.2000,4112.0000,4114.8000,4115.0000,4115.4000,4115.6000,4117.8000,1,1,1,6,4,2,1,2,1,1
SF,IF2006,2019-12-31 09:35:24.300,4113.6000,13252,0,334201200.000,0,-,-,-,-,4113.4000,4113.0000,4112.2000,4112.0000,4111.6000,4114.8000,4115.0000,4115.4000,4115.6000,4117.8000,1,1,6,4,2,2,1,2,1,1
SF,IF2006,2019-12-31 09:35:24.800,4113.6000,13252,0,334201200.000,0,-,-,-,-,4113.4000,4113.0000,4112.2000,4112.0000,4111.6000,4114.8000,4115.0000,4115.4000,4115.6000,4117.8000,1,1,6,4,2,2,1,2,1,1
SF,IF2006,2019-12-31 09:35:25.300,4113.6000,13252,0,334201200.000,0,-,-,-,-,4113.4000,4113.0000,4112.2000,4112.0000,4111.6000,4114.6000,4114.8000,4115.0000,4115.4000,4115.6000,1,1,6,4,2,1,2,1,2,1
SF,IF2006,2019-12-31 09:35:25.800,4113.6000,13252,0,334201200.000,0,-,-,-,-,4113.4000,4113.0000,4112.2000,4112.0000,4111.6000,4114.4000,4114.6000,4115.0000,4115.4000,4115.6000,1,1,6,4,2,1,1,1,2,1
SF,IF2006,2019-12-31 09:35:26.300,4113.6000,13252,0,334201200.000,0,-,-,-,-,4113.4000,4113.0000,4112.2000,4112.0000,4111.6000,4114.4000,4115.0000,4115.4000,4115.6000,4117.8000,1,1,6,4,2,1,1,2,1,1
SF,IF2006,2019-12-31 09:35:28.300,4114.4000,13251,-1,335435520.000,1,0,1,双平,S,4113.4000,4113.0000,4112.2000,4112.0000,4111.6000,4115.0000,4115.4000,4115.6000,4117.8000,4119.0000,1,1,6,4,2,1,2,1,1,1
SF,IF2006,2019-12-31 09:35:28.800,4114.4000,13251,0,335435520.000,0,-,-,-,-,4113.6000,4113.4000,4113.0000,4112.2000,4112.0000,4114.8000,4115.0000,4115.4000,4115.6000,4117.8000,1,1,1,6,4,1,1,2,1,1
SF,IF2006,2019-12-31 09:35:30.800,4114.4000,13251,0,335435520.000,0,-,-,-,-,4113.6000,4113.4000,4113.0000,4112.2000,4112.0000,4114.8000,4115.0000,4115.4000,4115.6000,4117.8000,1,1,1,6,4,1,1,2,1,1
SF,IF2006,2019-12-31 09:35:31.300,4114.6000,13252,1,337903920.000,2,1,1,空开,S,4113.0000,4112.2000,4112.0000,4111.6000,4110.0000,4114.6000,4114.8000,4115.0000,4115.4000,4115.6000,1,6,4,2,2,1,1,1,2,1
SF,IF2006,2019-12-31 09:35:31.800,4114.6000,13252,0,337903920.000,0,-,-,-,-,4113.2000,4113.0000,4112.2000,4112.0000,4111.6000,4114.4000,4114.6000,4114.8000,4115.0000,4115.4000,1,1,6,3,2,1,1,1,1,2
SF,IF2006,2019-12-31 09:35:32.300,4114.6000,13252,0,337903920.000,0,-,-,-,-,4113.2000,4113.0000,4112.2000,4112.0000,4111.6000,4114.4000,4114.6000,4114.8000,4115.0000,4115.4000,1,1,6,3,2,1,1,1,1,2
SF,IF2006,2019-12-31 09:35:32.800,4114.4000,13252,0,340372560.000,2,1,1,多换,S,4113.2000,4113.0000,4112.2000,4112.0000,4111.6000,4114.4000,4114.6000,4114.8000,4115.0000,4115.4000,1,1,6,3,2,1,1,1,1,2
SF,IF2006,2019-12-31 09:35:33.300,4113.0000,13252,0,342840420.000,2,1,1,多换,S,4112.2000,4112.0000,4111.6000,4110.0000,4109.2000,4114.4000,4114.6000,4114.8000,4115.0000,4115.4000,6,3,2,2,1,1,1,1,1,2
SF,IF2006,2019-12-31 09:35:33.800,4113.0000,13252,0,342840420.000,0,-,-,-,-,4112.4000,4112.2000,4112.0000,4111.6000,4110.0000,4114.2000,4114.4000,4114.6000,4114.8000,4115.0000,1,6,3,2,2,1,1,1,1,1
SF,IF2006,2019-12-31 09:35:34.300,4114.0000,13252,0,344074620.000,1,0,1,多换,S,4112.4000,4112.2000,4112.0000,4111.6000,4110.0000,4114.0000,4114.2000,4114.4000,4114.6000,4114.8000,1,6,3,2,2,1,1,1,1,1
SF,IF2006,2019-12-31 09:35:34.800,4114.0000,13252,0,344074620.000,0,-,-,-,-,4112.4000,4112.2000,4112.0000,4111.6000,4110.0000,4113.8000,4114.0000,4114.4000,4114.6000,4114.8000,1,6,3,2,2,1,1,1,1,1
SF,IF2006,2019-12-31 09:35:35.300,4114.0000,13252,0,344074620.000,0,-,-,-,-,4112.2000,4112.0000,4111.6000,4110.0000,4109.2000,4113.8000,4114.0000,4114.4000,4114.6000,4114.8000,6,3,2,2,1,1,1,1,1,1
SF,IF2006,2019-12-31 09:35:35.800,4113.8000,13252,0,345308760.000,1,0,1,多换,S,4112.4000,4112.2000,4112.0000,4111.6000,4110.0000,4113.8000,4114.0000,4114.4000,4114.6000,4114.8000,1,6,3,2,2,1,1,1,1,1
SF,IF2006,2019-12-31 09:35:36.300,4112.2000,13253,1,346542420.000,1,1,0,双开,S,4112.2000,4112.0000,4111.6000,4110.0000,4109.2000,4113.6000,4113.8000,4114.0000,4114.4000,4114.6000,5,3,2,2,1,1,1,2,1,1
SF,IF2006,2019-12-31 09:35:36.800,4112.2000,13253,0,346542420.000,0,-,-,-,-,4112.2000,4112.0000,4111.6000,4110.0000,4109.2000,4113.4000,4113.6000,4113.8000,4114.0000,4114.4000,5,3,2,2,1,1,1,1,2,1
SF,IF2006,2019-12-31 09:35:37.300,4112.2000,13254,1,347776080.000,1,1,0,双开,S,4112.2000,4112.0000,4111.6000,4110.0000,4109.2000,4113.4000,4113.6000,4113.8000,4114.0000,4114.4000,4,3,2,2,1,1,1,1,2,1
SF,IF2006,2019-12-31 09:35:38.300,4112.2000,13254,0,347776080.000,0,-,-,-,-,4112.2000,4112.0000,4111.6000,4110.0000,4109.2000,4113.4000,4113.8000,4114.0000,4114.4000,4114.6000,4,3,2,2,1,1,1,2,1,1
