市场代码,合约代码,时间,最新,持仓,增仓,成交额,成交量,开仓,平仓,成交类型,方向,买一价,买二价,买三价,买四价,买五价,卖一价,卖二价,卖三价,卖四价,卖五价,买一量,买二量,买三量,买四量,买五量,卖一量,卖二量,卖三量,卖四量,卖五量
SF,IF2009,2020-04-16 09:29:00.300,3651.8000,18758,0,15337560.000,14.000,-,-,-,-,3651.0000,3650.2000,3650.0000,3647.0000,3646.0000,3652.0000,3653.4000,3654.6000,3657.8000,3658.4000,2,1,11,1,1,1,1,1,1,2
SF,IF2009,2020-04-16 09:30:00.300,3654.6000,18758,0,17529540.000,2,1,1,多换,S,3656.0000,3651.6000,3651.2000,3651.0000,3650.8000,3658.4000,3659.6000,3660.0000,3663.0000,3664.2000,1,1,11,2,1,2,1,1,5,1
SF,IF2009,2020-04-16 09:30:00.800,3656.0000,18756,-2,20819220.000,3,0,3,多平,S,3651.8000,3651.6000,3651.2000,3651.0000,3650.8000,3658.2000,3658.4000,3659.6000,3660.0000,3663.0000,2,1,1,2,1,2,2,1,1,4
SF,IF2009,2020-04-16 09:30:01.300,3656.0000,18756,0,20819220.000,0,-,-,-,-,3652.0000,3651.8000,3651.6000,3651.0000,3650.8000,3654.0000,3655.6000,3657.4000,3658.2000,3658.4000,2,2,1,2,1,1,1,3,3,3
SF,IF2009,2020-04-16 09:30:01.800,3654.0000,18755,-1,21915420.000,1,0,1,双平,S,3652.0000,3651.8000,3651.6000,3651.4000,3651.0000,3658.2000,3658.4000,3659.6000,3660.0000,3664.2000,3,2,1,1,2,3,3,1,1,1
SF,IF2009,2020-04-16 09:30:02.300,3654.0000,18755,0,21915420.000,0,-,-,-,-,3654.0000,3652.8000,3652.0000,3651.6000,3651.4000,3655.8000,3656.4000,3658.2000,3658.4000,3659.6000,1,2,2,1,1,1,1,3,3,1
SF,IF2009,2020-04-16 09:30:02.800,3654.0000,18754,-1,23011620.000,1,0,1,双平,S,3652.8000,3652.0000,3651.8000,3651.6000,3651.4000,3655.8000,3658.2000,3658.4000,3659.6000,3660.0000,2,2,2,1,1,1,1,2,1,1
SF,IF2009,2020-04-16 09:30:03.300,3653.0000,18747,-7,30683760.000,7,0,7,双平,S,3652.8000,3652.0000,3651.8000,3651.6000,3651.4000,3658.4000,3659.6000,3660.0000,3664.2000,3666.0000,2,1,2,1,1,2,1,1,1,1
SF,IF2009,2020-04-16 09:30:03.800,3653.0000,18747,0,30683760.000,0,-,-,-,-,3655.8000,3654.0000,3652.0000,3651.8000,3651.6000,3658.2000,3658.4000,3659.6000,3660.0000,3664.2000,2,2,1,2,1,2,2,1,1,1
SF,IF2009,2020-04-16 09:30:04.300,3653.0000,18747,0,30683760.000,0,-,-,-,-,3655.8000,3654.0000,3652.0000,3651.8000,3651.6000,3658.2000,3658.4000,3659.6000,3660.0000,3664.2000,2,2,1,2,1,2,2,1,1,1
SF,IF2009,2020-04-16 09:30:04.800,3653.0000,18747,0,30683760.000,0,-,-,-,-,3655.8000,3654.0000,3652.0000,3651.8000,3651.6000,3658.2000,3658.4000,3659.6000,3660.0000,3664.2000,2,2,1,2,1,4,2,1,1,1
SF,IF2009,2020-04-16 09:30:05.300,3653.0000,18746,-1,31779660.000,1,0,1,双平,S,3655.8000,3654.0000,3652.0000,3651.8000,3651.6000,3657.8000,3658.2000,3658.4000,3659.6000,3660.0000,1,2,1,2,1,1,3,2,1,1
SF,IF2009,2020-04-16 09:30:05.800,3653.0000,18746,0,31779660.000,0,-,-,-,-,3655.8000,3654.0000,3652.0000,3651.8000,3651.6000,3657.4000,3657.6000,3658.4000,3659.6000,3660.0000,1,2,1,2,1,1,1,2,1,1
SF,IF2009,2020-04-16 09:30:06.300,3653.0000,18746,0,31779660.000,0,-,-,-,-,3656.2000,3655.8000,3653.4000,3652.8000,3652.0000,3657.4000,3657.6000,3658.4000,3659.6000,3660.0000,2,1,1,1,1,1,1,2,1,1
SF,IF2009,2020-04-16 09:30:06.800,3653.0000,18746,0,31779660.000,0,-,-,-,-,3656.2000,3655.8000,3653.4000,3652.8000,3652.0000,3657.2000,3657.4000,3658.0000,3658.4000,3659.6000,2,1,1,1,1,1,1,2,2,1
SF,IF2009,2020-04-16 09:30:07.300,3653.0000,18746,0,31779660.000,0,-,-,-,-,3655.8000,3653.4000,3652.8000,3652.0000,3651.8000,3657.0000,3657.2000,3658.0000,3658.4000,3659.6000,1,1,1,1,2,1,1,2,2,1
SF,IF2009,2020-04-16 09:30:07.800,3655.8000,18746,0,32876400.000,1,0,1,多换,S,3652.8000,3652.0000,3651.8000,3651.6000,3651.4000,3655.8000,3656.8000,3657.0000,3658.0000,3658.4000,1,1,2,1,1,1,1,1,2,2
SF,IF2009,2020-04-16 09:30:08.300,3655.8000,18746,0,33973140.000,1,0,1,多换,S,3654.2000,3654.0000,3652.8000,3652.0000,3651.8000,3656.8000,3657.0000,3658.0000,3658.4000,3659.6000,2,1,1,1,2,1,1,2,2,1
SF,IF2009,2020-04-16 09:30:08.800,3655.8000,18746,0,33973140.000,0,-,-,-,-,3654.2000,3652.8000,3652.2000,3652.0000,3651.8000,3655.6000,3656.2000,3656.8000,3658.0000,3658.4000,2,1,1,1,2,1,5,1,2,2
SF,IF2009,2020-04-16 09:30:09.300,3655.8000,18746,0,33973140.000,0,-,-,-,-,3654.2000,3652.8000,3652.2000,3652.0000,3651.8000,3655.6000,3656.2000,3656.8000,3658.0000,3658.4000,2,1,1,1,2,1,5,1,2,2
SF,IF2009,2020-04-16 09:30:09.800,3655.6000,18745,-1,35069820.000,1,0,1,双平,S,3654.2000,3652.8000,3652.0000,3651.8000,3651.6000,3656.2000,3656.8000,3658.0000,3658.4000,3659.6000,2,1,1,2,1,5,1,2,2,1
SF,IF2009,2020-04-16 09:30:10.300,3656.2000,18744,-1,36166680.000,1,0,1,双平,S,3654.2000,3652.8000,3652.0000,3651.8000,3651.6000,3656.2000,3656.8000,3658.0000,3658.4000,3659.6000,2,1,1,2,1,4,1,2,2,1
SF,IF2009,2020-04-16 09:30:10.800,3656.2000,18744,0,36166680.000,0,-,-,-,-,3654.8000,3654.4000,3652.8000,3652.0000,3651.8000,3656.2000,3656.8000,3658.0000,3658.4000,3659.6000,2,1,1,1,2,4,1,2,2,1
SF,IF2009,2020-04-16 09:30:11.300,3656.2000,18740,-4,40554120.000,4,0,4,双平,S,3654.8000,3654.4000,3652.8000,3652.6000,3652.0000,3656.8000,3658.0000,3658.4000,3659.6000,3660.0000,2,1,1,1,1,1,2,2,1,1
SF,IF2009,2020-04-16 09:30:11.800,3656.2000,18740,0,40554120.000,0,-,-,-,-,3656.2000,3655.0000,3654.8000,3654.4000,3652.8000,3658.0000,3658.4000,3659.6000,3660.0000,3664.2000,1,1,2,1,1,2,2,1,1,1
SF,IF2009,2020-04-16 09:30:12.300,3656.2000,18740,0,41650980.000,1,0,1,多换,S,3655.0000,3654.8000,3654.4000,3652.8000,3652.6000,3657.8000,3658.0000,3658.4000,3659.6000,3660.0000,1,2,1,1,1,1,2,2,1,1
SF,IF2009,2020-04-16 09:30:12.800,3656.2000,18740,0,41650980.000,0,-,-,-,-,3656.4000,3655.0000,3652.8000,3652.6000,3652.0000,3657.8000,3658.0000,3658.4000,3659.6000,3660.0000,2,1,1,1,9,1,2,2,1,1
SF,IF2009,2020-04-16 09:30:13.300,3656.2000,18740,0,41650980.000,0,-,-,-,-,3656.8000,3656.4000,3652.8000,3652.6000,3652.0000,3657.8000,3658.0000,3658.4000,3659.6000,3660.0000,3,2,1,1,9,1,2,2,1,1
SF,IF2009,2020-04-16 09:30:13.800,3656.8000,18737,-3,44942100.000,3,0,3,双平,S,3656.4000,3652.8000,3652.6000,3652.0000,3651.8000,3657.8000,3658.0000,3658.4000,3659.6000,3660.0000,2,1,1,9,2,1,2,2,1,1
SF,IF2009,2020-04-16 09:30:14.300,3657.6000,18737,0,47136660.000,2,1,1,多换,S,3656.4000,3652.8000,3652.6000,3652.0000,3651.8000,3657.8000,3658.0000,3658.4000,3659.6000,3660.0000,2,1,1,9,2,1,2,2,1,1
SF,IF2009,2020-04-16 09:30:14.800,3656.4000,18737,0,48233580.000,1,0,1,多换,S,3656.4000,3652.8000,3652.6000,3652.0000,3651.8000,3657.8000,3658.0000,3658.4000,3659.6000,3660.0000,1,2,1,9,2,1,2,2,1,1
SF,IF2009,2020-04-16 09:30:15.300,3656.4000,18737,0,48233580.000,0,-,-,-,-,3656.4000,3652.8000,3652.6000,3652.0000,3651.8000,3657.8000,3658.0000,3659.6000,3660.0000,3664.2000,1,1,1,9,2,1,2,1,1,1
SF,IF2009,2020-04-16 09:30:15.800,3656.4000,18737,0,48233580.000,0,-,-,-,-,3656.4000,3652.8000,3652.6000,3652.0000,3651.8000,3657.8000,3658.0000,3659.6000,3660.0000,3664.2000,1,1,1,9,2,1,2,1,1,1
SF,IF2009,2020-04-16 09:30:16.300,3656.4000,18737,0,49330500.000,1,0,1,多换,S,3652.8000,3652.6000,3652.0000,3651.8000,3651.6000,3657.8000,3658.0000,3659.6000,3660.0000,3664.2000,1,1,9,2,1,2,2,1,1,1
SF,IF2009,2020-04-16 09:30:16.800,3656.4000,18737,0,49330500.000,0,-,-,-,-,3654.0000,3653.0000,3652.8000,3652.0000,3651.8000,3657.6000,3657.8000,3658.0000,3659.6000,3660.0000,1,2,1,9,2,1,2,2,1,1
SF,IF2009,2020-04-16 09:30:17.300,3656.4000,18737,0,49330500.000,0,-,-,-,-,3653.0000,3652.8000,3652.0000,3651.8000,3651.6000,3657.4000,3657.6000,3658.0000,3659.6000,3660.0000,2,1,9,2,1,1,3,2,1,1
SF,IF2009,2020-04-16 09:30:17.800,3653.0000,18737,0,50426400.000,1,0,1,多换,S,3653.0000,3652.8000,3652.0000,3651.8000,3651.6000,3657.2000,3657.4000,3658.0000,3659.6000,3660.0000,1,1,9,2,1,1,3,2,1,1
SF,IF2009,2020-04-16 09:30:18.300,3653.0000,18737,0,50426400.000,0,-,-,-,-,3653.0000,3652.8000,3652.0000,3651.8000,3651.6000,3657.0000,3657.2000,3658.0000,3659.6000,3660.0000,1,1,10,2,1,1,3,2,1,1
SF,IF2009,2020-04-16 09:30:18.800,3653.0000,18737,0,50426400.000,0,-,-,-,-,3653.2000,3653.0000,3652.8000,3652.0000,3651.8000,3657.0000,3657.2000,3658.0000,3659.6000,3660.0000,1,1,1,10,2,3,1,2,1,1
SF,IF2009,2020-04-16 09:30:19.300,3653.0000,18737,0,50426400.000,0,-,-,-,-,3653.4000,3653.2000,3652.8000,3652.0000,3651.8000,3656.6000,3657.0000,3657.2000,3658.0000,3659.6000,1,11,1,10,2,1,3,1,2,1
SF,IF2009,2020-04-16 09:30:19.800,3653.0000,18736,-1,51522300.000,1,0,1,双平,S,3653.6000,3653.4000,3653.2000,3652.8000,3652.0000,3656.6000,3657.0000,3658.0000,3659.6000,3660.0000,1,1,11,1,10,2,1,2,1,1
SF,IF2009,2020-04-16 09:30:20.300,3653.0000,18736,0,51522300.000,0,-,-,-,-,3653.8000,3653.6000,3653.2000,3652.8000,3652.0000,3656.6000,3658.0000,3659.6000,3660.0000,3664.2000,1,1,1,1,10,2,2,1,1,1
SF,IF2009,2020-04-16 09:30:21.800,3653.0000,18736,0,51522300.000,0,-,-,-,-,3653.8000,3653.6000,3653.2000,3652.8000,3652.0000,3656.6000,3658.0000,3659.6000,3660.0000,3664.2000,1,1,1,1,10,2,2,1,1,1
SF,IF2009,2020-04-16 09:30:22.800,3653.0000,18736,0,51522300.000,0,-,-,-,-,3656.0000,3654.2000,3653.8000,3653.2000,3652.8000,3656.6000,3658.0000,3659.6000,3660.0000,3666.0000,3,1,1,1,1,1,2,1,1,1
SF,IF2009,2020-04-16 09:30:23.300,3656.0000,18733,-3,54812700.000,3,0,3,双平,S,3654.2000,3653.8000,3652.8000,3652.0000,3651.8000,3656.6000,3658.0000,3659.6000,3660.0000,3666.0000,1,1,1,10,2,1,2,1,1,1
SF,IF2009,2020-04-16 09:30:23.800,3656.6000,18732,-1,55909680.000,1,0,1,双平,S,3654.4000,3654.2000,3652.8000,3652.0000,3651.8000,3658.0000,3659.6000,3660.0000,3666.0000,3668.8000,2,1,1,10,2,2,1,1,1,1
SF,IF2009,2020-04-16 09:30:24.300,3658.0000,18730,-2,58104480.000,2,0,2,双平,S,3654.4000,3654.2000,3652.8000,3652.0000,3651.8000,3657.8000,3658.2000,3659.6000,3660.0000,3666.0000,2,1,1,10,2,1,1,1,1,1
SF,IF2009,2020-04-16 09:30:24.800,3658.2000,18728,-2,60299340.000,2,0,2,双平,S,3654.4000,3654.2000,3654.0000,3652.8000,3652.4000,3659.6000,3660.0000,3666.0000,3668.8000,3673.2000,2,1,1,1,1,1,1,1,1,1
SF,IF2009,2020-04-16 09:30:25.300,3658.2000,18728,0,60299340.000,0,-,-,-,-,3654.6000,3654.4000,3654.2000,3654.0000,3652.8000,3658.2000,3659.4000,3659.6000,3660.0000,3666.0000,1,2,1,1,1,1,5,1,1,1
SF,IF2009,2020-04-16 09:30:25.800,3658.2000,18728,0,60299340.000,0,-,-,-,-,3654.8000,3654.6000,3654.4000,3654.2000,3654.0000,3658.0000,3659.4000,3659.6000,3660.0000,3666.0000,2,1,1,1,1,1,4,1,1,1
SF,IF2009,2020-04-16 09:30:26.300,3658.2000,18728,0,60299340.000,0,-,-,-,-,3655.0000,3654.8000,3654.4000,3654.2000,3654.0000,3659.4000,3659.6000,3660.0000,3666.0000,3668.8000,1,2,1,1,1,4,1,1,1,1
SF,IF2009,2020-04-16 09:30:26.800,3655.2000,18729,1,61395900.000,1,1,0,双开,S,3654.8000,3654.4000,3654.2000,3654.0000,3652.8000,3657.8000,3659.2000,3659.4000,3659.6000,3660.0000,1,1,1,1,1,1,1,5,1,1
SF,IF2009,2020-04-16 09:30:27.300,3655.2000,18729,0,61395900.000,0,-,-,-,-,3654.8000,3654.4000,3654.2000,3654.0000,3652.8000,3657.8000,3659.0000,3659.2000,3659.4000,3659.6000,1,1,1,1,1,1,1,1,3,1
SF,IF2009,2020-04-16 09:30:27.800,3655.2000,18729,0,61395900.000,0,-,-,-,-,3654.8000,3654.4000,3654.0000,3652.8000,3652.4000,3657.8000,3659.0000,3659.2000,3659.4000,3659.6000,1,1,1,1,1,1,1,1,3,1
SF,IF2009,2020-04-16 09:30:28.300,3655.2000,18729,0,61395900.000,0,-,-,-,-,3655.2000,3654.8000,3654.4000,3654.0000,3652.8000,3657.6000,3657.8000,3659.0000,3659.4000,3659.6000,3,1,1,1,1,1,1,1,3,1
SF,IF2009,2020-04-16 09:30:28.800,3655.2000,18729,0,61395900.000,0,-,-,-,-,3656.0000,3655.2000,3655.0000,3654.8000,3654.0000,3657.6000,3657.8000,3659.0000,3659.4000,3659.6000,1,1,1,1,1,1,1,1,3,1
SF,IF2009,2020-04-16 09:30:29.300,3655.2000,18729,0,61395900.000,0,-,-,-,-,3656.0000,3655.2000,3655.0000,3654.8000,3654.0000,3657.4000,3657.6000,3657.8000,3659.0000,3659.4000,1,1,1,1,1,1,1,1,1,3
SF,IF2009,2020-04-16 09:30:29.800,3657.6000,18728,-1,63590400.000,2,0,2,多平,S,3656.0000,3655.0000,3654.8000,3654.0000,3652.8000,3657.8000,3659.0000,3659.4000,3659.6000,3660.0000,1,1,1,1,1,1,1,3,1,1
SF,IF2009,2020-04-16 09:30:30.300,3657.6000,18728,0,63590400.000,0,-,-,-,-,3656.2000,3656.0000,3655.0000,3654.8000,3654.0000,3657.8000,3659.0000,3659.4000,3659.6000,3660.0000,1,1,1,1,1,1,1,3,1,1
SF,IF2009,2020-04-16 09:30:30.800,3657.6000,18728,0,63590400.000,0,-,-,-,-,3656.4000,3656.0000,3655.0000,3654.8000,3654.0000,3657.8000,3659.4000,3659.6000,3660.0000,3666.0000,1,1,1,1,1,1,3,1,1,1
SF,IF2009,2020-04-16 09:30:31.300,3657.6000,18728,0,63590400.000,0,-,-,-,-,3656.0000,3655.0000,3654.8000,3654.0000,3652.8000,3657.8000,3659.4000,3659.6000,3660.0000,3666.0000,1,1,2,1,1,1,3,1,1,1
SF,IF2009,2020-04-16 09:30:31.800,3657.6000,18728,0,63590400.000,0,-,-,-,-,3656.2000,3656.0000,3655.0000,3654.8000,3654.0000,3657.8000,3659.4000,3659.6000,3660.0000,3666.0000,1,1,1,2,1,1,3,1,1,1
SF,IF2009,2020-04-16 09:30:32.300,3657.6000,18728,0,63590400.000,0,-,-,-,-,3656.4000,3656.0000,3655.0000,3654.8000,3654.0000,3657.8000,3659.4000,3659.6000,3660.0000,3666.0000,1,1,1,2,2,1,3,1,1,1
SF,IF2009,2020-04-16 09:30:32.800,3656.6000,18726,-2,65784720.000,2,0,2,双平,S,3656.4000,3656.0000,3655.0000,3654.8000,3654.0000,3659.4000,3659.6000,3660.0000,3666.0000,3668.8000,1,1,2,2,2,3,1,1,1,1
SF,IF2009,2020-04-16 09:30:33.300,3656.6000,18726,0,65784720.000,0,-,-,-,-,3656.4000,3656.0000,3655.0000,3654.8000,3654.0000,3658.2000,3659.2000,3659.6000,3660.0000,3666.0000,1,1,2,2,2,1,1,1,1,1
SF,IF2009,2020-04-16 09:30:33.800,3656.6000,18726,0,65784720.000,0,-,-,-,-,3656.6000,3656.4000,3656.0000,3655.0000,3654.8000,3659.6000,3660.0000,3666.0000,3668.8000,3673.2000,1,1,1,2,2,1,1,1,1,1
SF,IF2009,2020-04-16 09:30:34.300,3656.6000,18726,0,65784720.000,0,-,-,-,-,3656.4000,3656.0000,3655.0000,3654.8000,3654.0000,3659.6000,3660.0000,3666.0000,3668.8000,3673.2000,1,1,2,1,2,1,1,1,1,1
SF,IF2009,2020-04-16 09:30:34.800,3656.6000,18726,0,65784720.000,0,-,-,-,-,3659.4000,3657.0000,3656.6000,3656.0000,3655.0000,3659.6000,3660.0000,3666.0000,3668.8000,3673.2000,1,1,1,1,2,1,1,1,1,1
SF,IF2009,2020-04-16 09:30:35.300,3659.2000,18726,0,66882480.000,1,0,1,多换,S,3657.0000,3656.6000,3656.0000,3655.0000,3654.8000,3659.6000,3660.0000,3666.0000,3668.8000,3673.2000,1,2,1,2,1,1,1,1,1,1
SF,IF2009,2020-04-16 09:30:35.800,3659.2000,18726,0,66882480.000,0,-,-,-,-,3657.2000,3657.0000,3656.6000,3656.0000,3655.0000,3659.6000,3660.0000,3666.0000,3668.8000,3673.2000,1,1,2,1,2,1,1,1,1,1
SF,IF2009,2020-04-16 09:30:36.800,3659.2000,18726,0,66882480.000,0,-,-,-,-,3657.6000,3657.2000,3656.6000,3656.0000,3655.0000,3659.6000,3660.0000,3666.0000,3668.8000,3673.2000,1,1,2,1,2,1,1,1,1,1
SF,IF2009,2020-04-16 09:30:37.300,3659.2000,18726,0,66882480.000,0,-,-,-,-,3658.2000,3657.8000,3657.6000,3656.6000,3656.0000,3659.6000,3660.0000,3666.0000,3668.8000,3673.2000,1,1,1,2,1,1,1,1,1,1
SF,IF2009,2020-04-16 09:30:37.800,3659.2000,18726,0,66882480.000,0,-,-,-,-,3657.6000,3656.6000,3656.0000,3655.0000,3654.8000,3659.6000,3660.0000,3666.0000,3668.8000,3673.2000,1,2,1,2,1,1,1,1,1,1
SF,IF2009,2020-04-16 09:30:38.300,3659.2000,18726,0,66882480.000,0,-,-,-,-,3656.6000,3656.0000,3655.0000,3654.8000,3654.0000,3659.6000,3660.0000,3666.0000,3668.8000,3673.2000,2,1,2,1,2,1,1,1,1,1
SF,IF2009,2020-04-16 09:30:38.800,3659.2000,18726,0,66882480.000,0,-,-,-,-,3657.4000,3656.0000,3655.0000,3654.8000,3654.0000,3659.2000,3659.6000,3660.0000,3666.0000,3668.8000,1,1,1,1,2,1,1,1,1,1
SF,IF2009,2020-04-16 09:30:39.800,3657.4000,18726,0,69076980.000,2,1,1,多换,S,3656.2000,3656.0000,3655.0000,3654.8000,3654.0000,3659.0000,3659.2000,3659.6000,3660.0000,3666.0000,1,1,1,2,2,1,1,1,1,1
SF,IF2009,2020-04-16 09:30:40.300,3657.4000,18726,0,69076980.000,0,-,-,-,-,3656.8000,3656.4000,3656.2000,3656.0000,3654.8000,3658.8000,3659.2000,3659.6000,3660.0000,3666.0000,1,1,1,1,2,2,1,1,1,1
SF,IF2009,2020-04-16 09:30:40.800,3658.6000,18725,-1,70174560.000,1,0,1,双平,S,3657.0000,3656.8000,3656.2000,3656.0000,3654.8000,3658.8000,3659.2000,3659.6000,3660.0000,3666.0000,1,1,1,1,2,1,1,1,1,1
SF,IF2009,2020-04-16 09:30:41.300,3658.8000,18724,-1,71272200.000,1,0,1,双平,S,3657.2000,3656.8000,3656.2000,3656.0000,3654.8000,3659.2000,3659.6000,3660.0000,3666.0000,3668.8000,1,1,1,1,2,1,1,1,1,1
SF,IF2009,2020-04-16 09:30:41.800,3658.8000,18724,0,71272200.000,0,-,-,-,-,3657.4000,3656.8000,3656.2000,3656.0000,3654.8000,3659.2000,3659.6000,3660.0000,3666.0000,3668.8000,1,1,1,1,2,1,1,1,1,1
SF,IF2009,2020-04-16 09:30:42.300,3658.8000,18724,0,71272200.000,0,-,-,-,-,3657.6000,3656.8000,3656.2000,3656.0000,3654.8000,3659.2000,3659.6000,3660.0000,3666.0000,3668.8000,2,1,1,1,2,1,1,1,1,1
SF,IF2009,2020-04-16 09:30:42.800,3658.8000,18724,0,71272200.000,0,-,-,-,-,3657.6000,3656.8000,3656.2000,3656.0000,3654.8000,3659.2000,3659.6000,3660.0000,3666.0000,3668.8000,3,1,1,1,2,1,1,1,1,1
SF,IF2009,2020-04-16 09:30:43.800,3658.8000,18724,0,71272200.000,0,-,-,-,-,3657.8000,3657.6000,3656.8000,3656.2000,3656.0000,3659.2000,3659.6000,3660.0000,3666.0000,3668.8000,1,2,1,1,1,1,1,1,1,1
SF,IF2009,2020-04-16 09:30:44.300,3659.2000,18723,-1,72369960.000,1,0,1,双平,S,3657.8000,3657.6000,3656.8000,3656.6000,3656.2000,3659.6000,3660.0000,3666.0000,3668.8000,3673.2000,1,1,1,1,1,1,1,1,1,1
SF,IF2009,2020-04-16 09:30:44.800,3659.2000,18723,0,72369960.000,0,-,-,-,-,3657.8000,3657.6000,3657.2000,3656.8000,3656.6000,3659.2000,3659.6000,3660.0000,3666.0000,3668.8000,1,1,2,1,1,1,1,1,1,1
SF,IF2009,2020-04-16 09:30:45.300,3659.2000,18723,0,72369960.000,0,-,-,-,-,3657.8000,3657.6000,3657.2000,3656.8000,3656.6000,3659.2000,3659.6000,3660.0000,3666.0000,3668.8000,1,1,2,1,1,2,1,3,1,1
SF,IF2009,2020-04-16 09:30:46.300,3657.6000,18719,-4,76760100.000,4,0,4,双平,S,3657.2000,3656.8000,3656.6000,3656.2000,3656.0000,3659.6000,3660.0000,3666.0000,3668.8000,3673.2000,2,1,1,1,1,1,3,1,1,1
SF,IF2009,2020-04-16 09:30:46.800,3657.6000,18719,0,76760100.000,0,-,-,-,-,3657.4000,3657.2000,3656.8000,3656.6000,3656.2000,3659.6000,3660.0000,3666.0000,3668.8000,3673.2000,1,2,1,1,1,1,3,1,1,1
SF,IF2009,2020-04-16 09:30:47.300,3657.6000,18719,0,76760100.000,0,-,-,-,-,3657.8000,3657.4000,3656.8000,3656.6000,3656.2000,3659.6000,3660.0000,3666.0000,3668.8000,3673.2000,2,1,1,1,1,1,3,1,1,1
SF,IF2009,2020-04-16 09:30:47.800,3657.6000,18719,0,76760100.000,0,-,-,-,-,3658.0000,3657.8000,3657.4000,3656.8000,3656.6000,3659.6000,3660.0000,3666.0000,3668.8000,3673.2000,1,2,1,1,1,1,3,1,1,1
SF,IF2009,2020-04-16 09:30:48.300,3657.6000,18719,0,76760100.000,0,-,-,-,-,3658.2000,3658.0000,3657.8000,3657.4000,3656.8000,3659.2000,3659.6000,3660.0000,3666.0000,3668.8000,1,2,2,1,1,1,1,3,1,1
SF,IF2009,2020-04-16 09:30:48.800,3659.6000,18718,-1,78955740.000,2,0,2,多平,S,3658.0000,3657.8000,3657.4000,3656.8000,3656.6000,3658.2000,3660.0000,3666.0000,3668.8000,3673.2000,2,2,1,1,1,1,3,1,1,1
SF,IF2009,2020-04-16 09:30:49.300,3658.2000,18718,0,80053200.000,1,0,1,多换,S,3658.2000,3657.8000,3657.4000,3656.8000,3656.6000,3660.0000,3666.0000,3668.8000,3673.2000,3673.8000,2,2,1,1,1,3,1,1,1,1
SF,IF2009,2020-04-16 09:30:50.300,3658.2000,18718,0,80053200.000,0,-,-,-,-,3658.4000,3658.2000,3657.4000,3656.8000,3656.6000,3660.0000,3666.0000,3668.8000,3673.2000,3673.8000,2,2,1,1,1,3,1,1,1,1
SF,IF2009,2020-04-16 09:30:50.800,3658.2000,18718,0,80053200.000,0,-,-,-,-,3658.4000,3658.2000,3657.4000,3656.8000,3656.6000,3660.0000,3666.0000,3668.8000,3673.2000,3673.8000,2,1,1,1,1,3,1,1,1,1
SF,IF2009,2020-04-16 09:30:51.300,3660.0000,18718,0,81151200.000,1,0,1,多换,S,3658.4000,3658.2000,3657.4000,3656.8000,3656.6000,3660.0000,3666.0000,3668.8000,3673.2000,3673.8000,2,1,1,1,1,2,1,1,1,1
SF,IF2009,2020-04-16 09:30:51.800,3660.0000,18718,0,81151200.000,0,-,-,-,-,3658.6000,3658.2000,3657.4000,3656.8000,3656.6000,3660.0000,3666.0000,3666.6000,3668.8000,3673.2000,1,1,1,1,1,2,1,1,1,1
SF,IF2009,2020-04-16 09:30:52.300,3660.0000,18718,0,81151200.000,0,-,-,-,-,3658.2000,3657.4000,3656.8000,3656.6000,3656.2000,3660.0000,3666.0000,3666.6000,3668.8000,3673.2000,1,1,1,1,1,2,1,1,1,1
SF,IF2009,2020-04-16 09:30:52.800,3660.0000,18718,0,81151200.000,0,-,-,-,-,3659.6000,3658.6000,3658.4000,3658.2000,3657.4000,3660.0000,3666.0000,3666.6000,3668.8000,3673.2000,1,2,1,1,1,2,1,1,1,1
SF,IF2009,2020-04-16 09:30:53.300,3659.6000,18718,0,82249080.000,1,0,1,多换,S,3658.6000,3658.2000,3657.4000,3657.0000,3656.8000,3660.0000,3666.0000,3666.6000,3668.8000,3673.2000,2,1,1,1,1,2,1,1,1,1
SF,IF2009,2020-04-16 09:30:53.800,3659.6000,18718,0,82249080.000,0,-,-,-,-,3658.8000,3658.6000,3658.2000,3657.8000,3657.4000,3660.0000,3666.0000,3666.6000,3668.8000,3673.2000,1,2,6,1,1,2,1,1,1,1
SF,IF2009,2020-04-16 09:30:54.300,3659.6000,18718,0,82249080.000,0,-,-,-,-,3658.6000,3658.2000,3657.8000,3657.4000,3657.0000,3660.0000,3666.0000,3666.6000,3668.8000,3673.2000,2,6,1,1,1,2,1,1,1,1
SF,IF2009,2020-04-16 09:30:54.800,3658.8000,18718,0,83346720.000,1,0,1,多换,S,3658.2000,3657.8000,3657.4000,3657.0000,3656.6000,3660.0000,3666.0000,3666.6000,3668.8000,3673.2000,6,1,1,1,1,2,1,1,1,1
SF,IF2009,2020-04-16 09:30:55.300,3660.0000,18717,-1,84444720.000,1,0,1,双平,S,3658.4000,3658.2000,3657.8000,3657.4000,3657.0000,3660.0000,3666.0000,3666.6000,3668.8000,3673.2000,1,6,1,1,1,2,1,1,1,1
SF,IF2009,2020-04-16 09:30:55.800,3660.0000,18717,0,84444720.000,0,-,-,-,-,3658.6000,3658.2000,3657.8000,3657.4000,3657.0000,3660.0000,3666.0000,3666.6000,3668.8000,3673.2000,1,6,1,1,1,2,1,1,1,1
SF,IF2009,2020-04-16 09:30:56.300,3660.0000,18717,0,84444720.000,0,-,-,-,-,3658.2000,3657.8000,3657.4000,3657.0000,3656.6000,3660.0000,3666.0000,3666.6000,3668.8000,3673.2000,6,1,1,1,1,2,1,1,1,1
SF,IF2009,2020-04-16 09:30:56.800,3660.0000,18717,0,84444720.000,0,-,-,-,-,3658.4000,3658.2000,3657.8000,3657.4000,3657.0000,3659.8000,3660.0000,3666.0000,3666.6000,3668.8000,1,6,1,1,1,2,2,1,1,1
SF,IF2009,2020-04-16 09:30:57.300,3660.0000,18717,0,84444720.000,0,-,-,-,-,3658.2000,3657.8000,3657.4000,3657.0000,3656.6000,3659.8000,3660.0000,3666.0000,3666.6000,3668.8000,6,1,1,1,1,2,1,1,1,1
SF,IF2009,2020-04-16 09:30:57.800,3660.0000,18717,0,84444720.000,0,-,-,-,-,3658.6000,3658.4000,3658.2000,3657.8000,3657.4000,3659.8000,3660.0000,3666.0000,3666.6000,3668.8000,2,1,6,1,2,2,1,1,1,1
SF,IF2009,2020-04-16 09:30:58.300,3660.0000,18717,0,84444720.000,0,-,-,-,-,3658.2000,3657.8000,3657.4000,3657.0000,3656.6000,3659.8000,3660.0000,3666.0000,3666.6000,3668.8000,6,1,2,1,1,3,1,1,1,1
SF,IF2009,2020-04-16 09:30:58.800,3660.0000,18717,0,84444720.000,0,-,-,-,-,3658.2000,3657.8000,3657.4000,3657.0000,3656.6000,3659.8000,3660.0000,3666.0000,3666.6000,3668.8000,6,1,4,1,1,3,1,1,1,1
SF,IF2009,2020-04-16 09:30:59.300,3660.0000,18717,0,84444720.000,0,-,-,-,-,3658.2000,3657.8000,3657.4000,3657.0000,3656.6000,3659.8000,3660.0000,3666.0000,3666.6000,3668.8000,6,1,4,1,1,3,1,1,1,1
SF,IF2009,2020-04-16 09:30:59.800,3660.0000,18717,0,84444720.000,0,-,-,-,-,3658.2000,3657.8000,3657.4000,3657.0000,3656.6000,3659.8000,3660.0000,3666.0000,3666.6000,3668.8000,6,1,4,1,1,2,1,1,1,1
SF,IF2009,2020-04-16 09:31:00.300,3660.0000,18717,0,84444720.000,0,-,-,-,-,3658.4000,3658.2000,3657.8000,3657.4000,3657.0000,3659.6000,3659.8000,3660.0000,3666.0000,3666.6000,1,6,1,2,1,2,2,1,1,1
SF,IF2009,2020-04-16 09:31:00.800,3660.0000,18717,0,84444720.000,0,-,-,-,-,3658.4000,3658.2000,3657.8000,3657.4000,3657.0000,3659.6000,3659.8000,3660.0000,3666.0000,3666.6000,1,6,1,2,1,2,1,1,1,1
SF,IF2009,2020-04-16 09:31:01.300,3660.0000,18717,0,84444720.000,0,-,-,-,-,3658.2000,3657.8000,3657.4000,3657.0000,3656.6000,3659.4000,3659.6000,3659.8000,3660.0000,3666.0000,6,1,2,1,1,1,2,1,1,1
SF,IF2009,2020-04-16 09:31:01.800,3660.0000,18717,0,84444720.000,0,-,-,-,-,3658.2000,3657.8000,3657.4000,3657.0000,3656.6000,3659.2000,3659.8000,3660.0000,3666.0000,3666.6000,5,1,2,1,1,2,1,1,1,1
SF,IF2009,2020-04-16 09:31:02.300,3660.0000,18717,0,84444720.000,0,-,-,-,-,3658.2000,3658.0000,3657.4000,3657.0000,3656.6000,3659.2000,3659.8000,3660.0000,3666.0000,3666.6000,5,1,2,1,1,3,1,1,1,1
SF,IF2009,2020-04-16 09:31:04.300,3658.2000,18717,0,85542180.000,1,0,1,多换,S,3658.2000,3658.0000,3657.4000,3657.0000,3656.6000,3659.2000,3659.8000,3660.0000,3666.0000,3666.6000,4,1,2,1,1,3,1,1,1,1
SF,IF2009,2020-04-16 09:31:04.800,3658.0000,18716,-1,91029420.000,5,2,3,多平,S,3657.4000,3657.0000,3656.6000,3656.2000,3654.8000,3659.2000,3659.4000,3659.8000,3660.0000,3666.0000,2,1,1,1,2,3,2,1,1,1
SF,IF2009,2020-04-16 09:31:05.300,3658.0000,18716,0,91029420.000,0,-,-,-,-,3657.4000,3657.0000,3656.6000,3656.2000,3654.8000,3659.0000,3659.2000,3659.4000,3659.8000,3660.0000,2,1,1,1,2,2,3,2,1,1
SF,IF2009,2020-04-16 09:31:05.800,3658.8000,18716,0,93224700.000,2,1,1,多换,S,3658.8000,3657.4000,3657.0000,3656.6000,3656.2000,3659.0000,3659.4000,3659.8000,3660.0000,3666.0000,3,2,1,1,1,2,2,1,1,1
SF,IF2009,2020-04-16 09:31:06.300,3658.8000,18716,0,96517620.000,3,1,2,多换,S,3657.4000,3657.0000,3656.6000,3656.2000,3654.8000,3659.4000,3659.8000,3660.0000,3666.0000,3666.6000,2,1,1,1,2,2,1,1,1,1
SF,IF2009,2020-04-16 09:31:06.800,3658.8000,18716,0,96517620.000,0,-,-,-,-,3657.6000,3657.4000,3657.0000,3656.6000,3656.2000,3659.2000,3659.4000,3659.8000,3660.0000,3666.0000,1,2,1,1,1,2,2,1,1,1
SF,IF2009,2020-04-16 09:31:07.300,3659.2000,18716,0,97615380.000,1,0,1,多换,S,3657.6000,3657.4000,3657.2000,3657.0000,3656.6000,3659.2000,3659.4000,3659.8000,3660.0000,3666.0000,1,2,2,1,1,1,2,1,1,1
SF,IF2009,2020-04-16 09:31:07.800,3659.2000,18716,0,97615380.000,0,-,-,-,-,3657.6000,3657.4000,3657.2000,3657.0000,3656.6000,3659.0000,3659.2000,3659.4000,3659.8000,3660.0000,1,2,2,1,1,1,1,2,1,1
SF,IF2009,2020-04-16 09:31:08.800,3659.2000,18716,0,97615380.000,0,-,-,-,-,3657.6000,3657.4000,3657.2000,3657.0000,3656.6000,3658.8000,3659.0000,3659.4000,3659.8000,3660.0000,1,2,2,1,1,1,1,2,1,1
SF,IF2009,2020-04-16 09:31:09.300,3659.2000,18716,0,98713140.000,1,0,1,多换,S,3657.4000,3657.2000,3657.0000,3656.6000,3656.2000,3658.6000,3658.8000,3659.4000,3659.8000,3660.0000,1,2,1,1,1,1,1,2,1,1
SF,IF2009,2020-04-16 09:31:09.800,3659.2000,18716,0,98713140.000,0,-,-,-,-,3657.4000,3657.0000,3656.6000,3656.2000,3654.8000,3658.6000,3658.8000,3659.4000,3659.8000,3660.0000,1,1,1,1,2,1,1,2,1,1
SF,IF2009,2020-04-16 09:31:10.300,3659.2000,18716,0,98713140.000,0,-,-,-,-,3657.4000,3657.0000,3656.6000,3656.2000,3654.8000,3658.4000,3658.6000,3659.4000,3659.8000,3660.0000,1,1,1,3,2,1,1,2,1,1
SF,IF2009,2020-04-16 09:31:10.800,3659.2000,18716,0,98713140.000,0,-,-,-,-,3657.4000,3657.0000,3656.6000,3656.2000,3654.8000,3658.2000,3658.4000,3659.4000,3659.8000,3660.0000,1,1,1,3,2,1,1,2,1,1
SF,IF2009,2020-04-16 09:31:12.300,3659.2000,18716,0,98713140.000,0,-,-,-,-,3657.0000,3656.6000,3656.2000,3654.8000,3654.0000,3658.2000,3658.4000,3659.4000,3659.8000,3660.0000,1,1,3,2,2,1,1,2,1,1
SF,IF2009,2020-04-16 09:31:12.800,3659.2000,18716,0,98713140.000,0,-,-,-,-,3657.0000,3656.6000,3656.2000,3655.6000,3654.8000,3658.2000,3658.4000,3659.4000,3659.8000,3660.0000,1,1,3,1,2,1,1,2,1,1
SF,IF2009,2020-04-16 09:31:13.800,3659.2000,18716,0,98713140.000,0,-,-,-,-,3657.2000,3657.0000,3656.6000,3656.2000,3655.6000,3658.2000,3658.4000,3659.4000,3659.8000,3660.0000,1,1,1,3,1,1,1,2,1,1
SF,IF2009,2020-04-16 09:31:14.300,3658.2000,18715,-1,99810600.000,1,0,1,双平,S,3657.4000,3657.0000,3656.6000,3656.2000,3655.6000,3659.4000,3659.8000,3660.0000,3666.0000,3666.6000,2,1,1,3,1,2,1,1,1,1
SF,IF2009,2020-04-16 09:31:14.800,3657.6000,18714,-1,100907880.000,1,0,1,双平,S,3657.4000,3657.2000,3657.0000,3656.6000,3656.2000,3659.2000,3659.8000,3660.0000,3666.0000,3666.6000,2,2,1,1,1,2,1,1,1,1
SF,IF2009,2020-04-16 09:31:15.300,3657.6000,18715,1,102005160.000,1,1,0,双开,S,3658.2000,3657.8000,3657.4000,3657.0000,3656.6000,3659.2000,3659.8000,3660.0000,3661.0000,3666.0000,1,1,2,1,1,1,1,1,1,1
SF,IF2009,2020-04-16 09:31:15.800,3657.6000,18715,0,102005160.000,0,-,-,-,-,3658.2000,3657.8000,3657.4000,3657.0000,3656.6000,3659.2000,3659.4000,3659.8000,3660.0000,3661.0000,1,1,1,1,1,1,2,1,1,1
SF,IF2009,2020-04-16 09:31:16.300,3657.6000,18715,0,102005160.000,0,-,-,-,-,3658.2000,3657.8000,3657.4000,3657.0000,3656.6000,3659.2000,3659.8000,3660.0000,3661.0000,3666.0000,1,1,1,1,2,1,1,1,1,1
SF,IF2009,2020-04-16 09:31:16.800,3657.6000,18715,0,102005160.000,0,-,-,-,-,3658.2000,3657.8000,3657.4000,3657.0000,3656.6000,3659.2000,3659.4000,3659.8000,3660.0000,3661.0000,1,1,1,1,2,1,2,1,1,1
SF,IF2009,2020-04-16 09:31:17.300,3657.6000,18716,1,103102440.000,1,1,0,双开,S,3657.4000,3657.0000,3656.6000,3656.2000,3655.6000,3659.0000,3659.2000,3659.4000,3659.8000,3660.0000,1,1,2,1,1,1,1,2,1,1
SF,IF2009,2020-04-16 09:31:17.800,3657.6000,18716,0,103102440.000,0,-,-,-,-,3657.6000,3657.4000,3657.0000,3656.6000,3656.2000,3658.8000,3659.8000,3660.0000,3661.0000,3666.0000,1,1,2,2,1,2,1,1,1,1
SF,IF2009,2020-04-16 09:31:18.300,3657.6000,18716,0,103102440.000,0,-,-,-,-,3657.4000,3657.0000,3656.6000,3656.2000,3655.6000,3658.8000,3659.8000,3660.0000,3661.0000,3666.0000,1,2,2,1,1,1,1,1,1,1
SF,IF2009,2020-04-16 09:31:18.800,3657.6000,18716,0,104199720.000,1,0,1,多换,S,3657.4000,3657.0000,3656.6000,3656.2000,3655.6000,3658.6000,3658.8000,3659.8000,3660.0000,3661.0000,1,2,2,1,1,1,1,1,1,1
SF,IF2009,2020-04-16 09:31:19.300,3657.6000,18716,0,104199720.000,0,-,-,-,-,3657.4000,3657.0000,3656.6000,3656.2000,3655.6000,3658.4000,3659.8000,3660.0000,3661.0000,3666.0000,1,2,2,1,1,1,1,1,1,1
SF,IF2009,2020-04-16 09:31:20.300,3657.6000,18716,0,104199720.000,0,-,-,-,-,3657.4000,3657.0000,3656.6000,3656.2000,3655.6000,3658.2000,3658.4000,3659.8000,3660.0000,3661.0000,1,2,2,1,1,1,1,1,1,1
SF,IF2009,2020-04-16 09:31:20.800,3658.2000,18715,-1,105297180.000,1,0,1,双平,S,3657.6000,3657.4000,3657.0000,3656.6000,3656.2000,3658.4000,3659.8000,3660.0000,3661.0000,3666.0000,1,1,2,2,1,1,1,1,1,1
SF,IF2009,2020-04-16 09:31:21.300,3658.2000,18715,0,105297180.000,0,-,-,-,-,3657.4000,3657.0000,3656.6000,3656.2000,3655.6000,3658.4000,3659.8000,3660.0000,3661.0000,3666.0000,1,2,2,1,1,1,1,1,1,1
SF,IF2009,2020-04-16 09:31:22.300,3658.4000,18715,0,106394700.000,1,0,1,多换,S,3657.4000,3657.0000,3656.6000,3656.2000,3655.6000,3659.8000,3660.0000,3661.0000,3666.0000,3666.6000,1,2,2,1,1,1,1,1,1,1
SF,IF2009,2020-04-16 09:31:22.800,3658.4000,18715,0,106394700.000,0,-,-,-,-,3657.4000,3657.0000,3656.6000,3656.2000,3655.6000,3659.0000,3659.4000,3659.6000,3659.8000,3660.0000,1,2,2,1,1,1,2,3,1,1
SF,IF2009,2020-04-16 09:31:23.300,3658.4000,18715,0,106394700.000,0,-,-,-,-,3657.4000,3657.0000,3656.6000,3656.2000,3655.6000,3658.8000,3659.0000,3659.4000,3659.8000,3660.0000,1,2,2,1,1,3,1,3,2,1
SF,IF2009,2020-04-16 09:31:23.800,3658.4000,18715,0,106394700.000,0,-,-,-,-,3657.4000,3657.0000,3656.6000,3656.2000,3655.6000,3658.8000,3659.0000,3659.4000,3659.8000,3660.0000,1,2,2,1,1,3,1,2,1,1
SF,IF2009,2020-04-16 09:31:24.300,3657.4000,18714,-1,107491920.000,1,0,1,双平,S,3657.0000,3656.6000,3656.2000,3655.6000,3654.8000,3658.8000,3659.0000,3659.4000,3659.8000,3660.0000,2,2,1,1,2,3,1,2,1,1
SF,IF2009,2020-04-16 09:31:24.800,3657.4000,18714,0,107491920.000,0,-,-,-,-,3657.2000,3657.0000,3656.6000,3656.2000,3655.6000,3658.8000,3659.0000,3659.4000,3659.8000,3660.0000,1,2,2,1,1,3,1,2,1,1
SF,IF2009,2020-04-16 09:31:25.300,3657.4000,18714,0,107491920.000,0,-,-,-,-,3657.2000,3657.0000,3656.6000,3656.2000,3655.6000,3658.8000,3659.0000,3659.4000,3659.8000,3660.0000,1,2,2,1,1,3,1,2,1,1
SF,IF2009,2020-04-16 09:31:25.800,3657.4000,18714,0,107491920.000,0,-,-,-,-,3658.6000,3657.2000,3657.0000,3656.6000,3656.2000,3658.8000,3659.0000,3659.4000,3659.8000,3660.0000,7,1,2,2,1,3,1,2,1,1
SF,IF2009,2020-04-16 09:31:26.300,3658.6000,18717,3,115174980.000,7,5,2,空开,S,3657.2000,3657.0000,3656.6000,3656.2000,3655.6000,3658.8000,3659.0000,3659.4000,3659.8000,3660.0000,1,2,2,1,1,1,1,2,1,1
SF,IF2009,2020-04-16 09:31:26.800,3658.6000,18717,0,115174980.000,0,-,-,-,-,3657.4000,3657.2000,3657.0000,3656.6000,3656.2000,3658.6000,3658.8000,3659.0000,3659.4000,3659.8000,1,1,2,2,1,1,1,1,2,1
SF,IF2009,2020-04-16 09:31:27.300,3658.6000,18717,0,115174980.000,0,-,-,-,-,3657.2000,3657.0000,3656.6000,3656.2000,3655.6000,3658.6000,3658.8000,3659.0000,3659.4000,3659.8000,1,2,2,1,1,1,1,1,2,1
SF,IF2009,2020-04-16 09:31:27.800,3658.6000,18717,0,115174980.000,0,-,-,-,-,3657.4000,3657.2000,3657.0000,3656.6000,3656.2000,3658.4000,3658.6000,3659.0000,3659.4000,3659.8000,1,1,2,2,1,1,1,1,2,1
SF,IF2009,2020-04-16 09:31:28.300,3658.6000,18717,0,115174980.000,0,-,-,-,-,3657.6000,3657.0000,3656.6000,3656.2000,3655.6000,3658.6000,3659.0000,3659.4000,3659.8000,3660.0000,2,2,2,1,1,1,1,2,1,1
SF,IF2009,2020-04-16 09:31:29.300,3658.6000,18717,0,115174980.000,0,-,-,-,-,3657.6000,3657.0000,3656.6000,3656.2000,3655.6000,3658.6000,3659.0000,3659.4000,3659.8000,3660.0000,2,2,2,1,1,1,1,2,1,1
SF,IF2009,2020-04-16 09:31:29.800,3658.6000,18717,0,115174980.000,0,-,-,-,-,3657.6000,3657.0000,3656.6000,3656.2000,3655.6000,3659.0000,3659.4000,3659.8000,3660.0000,3661.0000,2,2,2,1,1,1,2,1,1,1
SF,IF2009,2020-04-16 09:31:30.300,3658.6000,18717,0,115174980.000,0,-,-,-,-,3657.6000,3657.0000,3656.6000,3656.2000,3655.6000,3658.4000,3658.8000,3659.0000,3659.4000,3659.8000,2,2,2,1,1,1,2,1,2,1
SF,IF2009,2020-04-16 09:31:30.800,3658.6000,18717,0,115174980.000,0,-,-,-,-,3657.0000,3656.6000,3656.2000,3655.6000,3654.8000,3658.8000,3659.0000,3659.4000,3659.8000,3660.0000,2,2,1,1,2,2,1,2,1,1
SF,IF2009,2020-04-16 09:31:31.300,3658.6000,18718,1,116272560.000,1,1,0,双开,S,3658.6000,3658.4000,3657.2000,3657.0000,3656.6000,3658.8000,3659.0000,3659.4000,3659.8000,3660.0000,6,2,2,2,2,2,1,2,1,1
SF,IF2009,2020-04-16 09:31:31.800,3658.6000,18718,0,118467720.000,2,1,1,多换,S,3658.6000,3658.4000,3657.2000,3657.0000,3656.6000,3659.0000,3659.4000,3659.8000,3660.0000,3661.0000,4,2,1,2,2,1,2,1,1,1
SF,IF2009,2020-04-16 09:31:34.800,3658.6000,18718,0,119565300.000,1,0,1,多换,S,3658.6000,3658.4000,3657.2000,3657.0000,3656.6000,3659.0000,3659.4000,3659.8000,3660.0000,3661.0000,3,2,1,2,2,1,2,1,1,1
SF,IF2009,2020-04-16 09:31:36.300,3658.6000,18718,0,119565300.000,0,-,-,-,-,3658.6000,3658.4000,3657.2000,3657.0000,3656.6000,3659.0000,3659.2000,3659.4000,3659.8000,3660.0000,3,2,1,2,2,1,1,2,1,1
SF,IF2009,2020-04-16 09:31:37.300,3658.6000,18718,0,120662880.000,1,0,1,多换,S,3658.6000,3658.4000,3657.2000,3657.0000,3656.6000,3659.0000,3659.2000,3659.4000,3659.8000,3660.0000,2,2,1,2,2,1,1,2,1,1
SF,IF2009,2020-04-16 09:31:37.800,3658.6000,18718,0,121760460.000,1,0,1,多换,S,3658.6000,3658.4000,3657.2000,3657.0000,3656.6000,3659.0000,3659.2000,3659.4000,3659.8000,3660.0000,1,2,1,2,2,1,1,2,1,2
SF,IF2009,2020-04-16 09:31:38.300,3658.6000,18718,0,122858040.000,1,0,1,多换,S,3658.4000,3657.2000,3657.0000,3656.6000,3656.2000,3659.0000,3659.2000,3659.4000,3659.8000,3660.0000,2,1,2,2,1,1,1,2,1,2
SF,IF2009,2020-04-16 09:31:38.800,3658.6000,18718,0,122858040.000,0,-,-,-,-,3658.4000,3657.2000,3657.0000,3656.6000,3656.2000,3658.8000,3659.0000,3659.2000,3659.4000,3659.8000,2,1,2,2,1,1,1,1,2,1
SF,IF2009,2020-04-16 09:31:39.300,3658.6000,18717,-1,123955620.000,1,0,1,双平,S,3658.6000,3658.4000,3657.2000,3657.0000,3656.6000,3659.0000,3659.2000,3659.8000,3660.0000,3661.0000,1,2,1,2,2,1,1,1,2,1
SF,IF2009,2020-04-16 09:31:39.800,3658.6000,18717,0,123955620.000,0,-,-,-,-,3658.4000,3657.2000,3657.0000,3656.6000,3656.2000,3659.0000,3659.2000,3659.8000,3660.0000,3661.0000,2,1,2,2,1,1,1,1,2,1
SF,IF2009,2020-04-16 09:31:40.800,3658.6000,18717,0,123955620.000,0,-,-,-,-,3658.4000,3657.2000,3657.0000,3656.6000,3656.2000,3658.8000,3659.0000,3659.2000,3659.8000,3660.0000,2,1,2,2,1,1,1,1,1,2
SF,IF2009,2020-04-16 09:31:41.300,3658.6000,18717,0,123955620.000,0,-,-,-,-,3658.4000,3657.2000,3657.0000,3656.6000,3656.2000,3658.8000,3659.0000,3659.2000,3659.8000,3660.0000,2,1,2,2,1,1,1,1,1,2
SF,IF2009,2020-04-16 09:31:42.300,3658.4000,18717,0,125053140.000,1,0,1,多换,S,3658.4000,3657.2000,3657.0000,3656.6000,3656.2000,3658.8000,3659.0000,3659.2000,3659.8000,3660.0000,1,1,2,2,1,1,1,1,2,2
SF,IF2009,2020-04-16 09:31:42.800,3658.4000,18717,0,126150660.000,1,0,1,多换,S,3657.2000,3657.0000,3656.6000,3656.2000,3655.6000,3658.6000,3658.8000,3659.0000,3659.2000,3659.8000,1,2,2,1,1,1,1,1,1,2
SF,IF2009,2020-04-16 09:31:43.300,3658.4000,18717,0,126150660.000,0,-,-,-,-,3657.4000,3657.2000,3657.0000,3656.6000,3655.6000,3658.4000,3658.6000,3659.0000,3659.2000,3659.8000,1,2,2,2,1,1,1,1,1,2
SF,IF2009,2020-04-16 09:31:43.800,3658.4000,18717,0,126150660.000,0,-,-,-,-,3658.0000,3657.6000,3657.2000,3657.0000,3656.6000,3658.4000,3658.6000,3659.0000,3659.2000,3659.8000,1,1,1,2,2,1,1,1,1,2
SF,IF2009,2020-04-16 09:31:44.300,3658.4000,18717,0,126150660.000,0,-,-,-,-,3658.0000,3657.2000,3657.0000,3656.6000,3655.6000,3658.4000,3658.6000,3659.0000,3659.2000,3659.8000,1,1,2,2,1,1,1,1,1,2
SF,IF2009,2020-04-16 09:31:47.800,3658.6000,18717,0,128345760.000,2,1,1,多换,S,3658.6000,3658.0000,3657.2000,3657.0000,3656.6000,3659.0000,3659.2000,3659.8000,3660.0000,3661.0000,5,1,2,2,2,1,1,2,2,1
SF,IF2009,2020-04-16 09:31:50.300,3659.0000,18716,-1,129443460.000,1,0,1,双平,S,3658.6000,3658.0000,3657.2000,3657.0000,3656.6000,3659.2000,3659.8000,3660.0000,3661.0000,3661.6000,5,1,2,2,2,1,2,2,1,1
SF,IF2009,2020-04-16 09:31:50.800,3659.0000,18716,0,129443460.000,0,-,-,-,-,3658.6000,3658.0000,3657.2000,3657.0000,3656.6000,3659.2000,3659.4000,3659.8000,3660.0000,3661.0000,5,1,2,2,2,1,3,2,2,1
SF,IF2009,2020-04-16 09:31:51.300,3658.6000,18716,0,130541040.000,1,0,1,多换,S,3658.6000,3658.0000,3657.2000,3657.0000,3656.6000,3658.8000,3659.2000,3659.4000,3659.8000,3660.0000,4,1,2,2,2,1,1,3,2,2
SF,IF2009,2020-04-16 09:31:51.800,3658.8000,18715,-1,131638680.000,1,0,1,双平,S,3659.0000,3658.6000,3658.0000,3657.2000,3657.0000,3659.2000,3659.4000,3659.8000,3660.0000,3661.0000,1,4,1,2,2,1,3,2,2,1
SF,IF2009,2020-04-16 09:31:53.300,3658.8000,18715,0,131638680.000,0,-,-,-,-,3659.0000,3658.6000,3658.0000,3657.2000,3657.0000,3659.2000,3659.4000,3659.8000,3660.0000,3661.0000,1,4,1,2,2,1,2,2,2,1
SF,IF2009,2020-04-16 09:31:53.800,3659.0000,18715,0,132736380.000,1,0,1,多换,S,3658.6000,3658.0000,3657.2000,3657.0000,3656.6000,3659.2000,3659.4000,3659.8000,3660.0000,3661.0000,4,1,2,2,2,1,3,2,2,1
SF,IF2009,2020-04-16 09:31:54.300,3659.0000,18715,0,132736380.000,0,-,-,-,-,3658.6000,3658.0000,3657.2000,3657.0000,3656.6000,3659.2000,3659.4000,3659.8000,3660.0000,3661.0000,4,1,2,2,2,1,3,2,2,1
SF,IF2009,2020-04-16 09:31:54.800,3658.6000,18716,1,134931540.000,2,1,1,空开,S,3658.6000,3658.0000,3657.2000,3657.0000,3656.6000,3659.2000,3659.4000,3659.8000,3660.0000,3661.0000,2,1,2,2,2,1,3,2,2,1
SF,IF2009,2020-04-16 09:31:55.300,3658.6000,18716,0,134931540.000,0,-,-,-,-,3658.6000,3658.0000,3657.2000,3657.0000,3656.6000,3659.2000,3659.4000,3659.8000,3660.0000,3661.0000,2,1,2,2,2,1,2,2,2,1
SF,IF2009,2020-04-16 09:31:55.800,3658.6000,18716,0,134931540.000,0,-,-,-,-,3658.6000,3658.0000,3657.2000,3657.0000,3656.6000,3659.2000,3659.4000,3659.8000,3660.0000,3661.0000,2,1,2,2,2,1,3,2,2,1
SF,IF2009,2020-04-16 09:31:56.300,3659.2000,18715,-1,136029300.000,1,0,1,双平,S,3658.6000,3658.0000,3657.2000,3657.0000,3656.6000,3659.4000,3659.8000,3660.0000,3661.0000,3661.6000,2,1,2,2,2,3,2,2,1,1
SF,IF2009,2020-04-16 09:31:56.800,3659.2000,18715,0,136029300.000,0,-,-,-,-,3658.6000,3658.0000,3657.2000,3657.0000,3656.6000,3659.2000,3659.4000,3659.8000,3660.0000,3661.0000,2,1,2,1,2,1,4,2,2,1
SF,IF2009,2020-04-16 09:31:58.300,3659.2000,18715,0,136029300.000,0,-,-,-,-,3658.6000,3658.0000,3657.2000,3657.0000,3656.6000,3659.0000,3659.2000,3659.4000,3659.8000,3660.0000,2,1,2,1,2,1,1,4,2,2
SF,IF2009,2020-04-16 09:31:59.300,3658.6000,18715,0,137126880.000,1,0,1,多换,S,3658.8000,3658.6000,3658.0000,3657.2000,3657.0000,3659.0000,3659.2000,3659.4000,3659.8000,3660.0000,1,1,1,2,1,1,1,4,2,2
SF,IF2009,2020-04-16 09:31:59.800,3658.6000,18715,0,138224460.000,1,0,1,多换,S,3658.6000,3658.0000,3657.2000,3657.0000,3656.6000,3659.0000,3659.2000,3659.4000,3659.8000,3660.0000,1,1,2,1,2,1,1,4,2,2
SF,IF2009,2020-04-16 09:32:00.300,3659.0000,18714,-1,139322160.000,1,0,1,双平,S,3658.6000,3658.0000,3657.2000,3657.0000,3656.6000,3659.2000,3659.4000,3659.8000,3660.0000,3661.0000,1,1,2,1,2,1,4,2,2,1
SF,IF2009,2020-04-16 09:32:00.800,3658.6000,18714,0,140419740.000,1,0,1,多换,S,3658.0000,3657.2000,3657.0000,3656.6000,3655.6000,3658.6000,3659.2000,3659.4000,3659.8000,3660.0000,1,2,1,2,1,1,1,5,2,2
SF,IF2009,2020-04-16 09:32:01.300,3658.6000,18714,0,140419740.000,0,-,-,-,-,3658.2000,3658.0000,3657.2000,3657.0000,3656.6000,3658.6000,3659.2000,3659.4000,3659.8000,3660.0000,1,1,2,1,2,1,1,5,2,2
SF,IF2009,2020-04-16 09:32:01.800,3658.6000,18714,0,140419740.000,0,-,-,-,-,3658.0000,3657.2000,3657.0000,3656.6000,3655.6000,3658.4000,3659.2000,3659.4000,3659.8000,3660.0000,1,2,1,2,1,1,1,5,2,2
SF,IF2009,2020-04-16 09:32:02.800,3658.6000,18714,0,140419740.000,0,-,-,-,-,3658.0000,3657.2000,3657.0000,3656.6000,3655.6000,3659.2000,3659.4000,3659.8000,3660.0000,3661.0000,1,2,1,2,1,1,5,2,2,1
SF,IF2009,2020-04-16 09:32:03.300,3658.6000,18714,0,140419740.000,0,-,-,-,-,3658.0000,3657.2000,3657.0000,3656.6000,3655.6000,3658.4000,3659.0000,3659.2000,3659.4000,3659.8000,1,2,1,2,1,1,1,1,5,2
SF,IF2009,2020-04-16 09:32:04.800,3658.6000,18713,-1,141517320.000,1,0,1,双平,S,3658.0000,3657.2000,3657.0000,3656.6000,3655.6000,3658.4000,3658.8000,3659.0000,3659.2000,3659.4000,1,2,1,2,1,2,1,1,1,5
SF,IF2009,2020-04-16 09:32:05.300,3658.0000,18712,-1,142614720.000,1,0,1,双平,S,3657.2000,3657.0000,3656.6000,3655.6000,3654.8000,3657.8000,3658.4000,3658.8000,3659.2000,3659.4000,1,2,2,1,2,1,2,1,1,5
SF,IF2009,2020-04-16 09:32:05.800,3658.0000,18712,0,142614720.000,0,-,-,-,-,3657.2000,3657.0000,3656.6000,3655.6000,3654.8000,3657.8000,3658.4000,3658.8000,3659.2000,3659.4000,1,2,2,1,2,1,2,1,1,5
SF,IF2009,2020-04-16 09:32:06.300,3658.0000,18712,0,142614720.000,0,-,-,-,-,3657.2000,3657.0000,3656.6000,3655.6000,3654.8000,3658.4000,3658.8000,3659.2000,3659.4000,3659.8000,1,2,2,1,2,2,1,1,5,2
SF,IF2009,2020-04-16 09:32:08.800,3657.2000,18712,0,143711880.000,1,0,1,多换,S,3657.0000,3656.6000,3655.6000,3654.8000,3654.0000,3658.2000,3658.4000,3658.8000,3659.2000,3659.4000,2,2,1,2,2,1,2,1,1,5
SF,IF2009,2020-04-16 09:32:09.300,3657.2000,18712,0,143711880.000,0,-,-,-,-,3657.0000,3656.6000,3655.6000,3654.8000,3654.0000,3658.0000,3658.2000,3658.8000,3659.2000,3659.4000,2,2,1,2,2,10,1,1,1,5
SF,IF2009,2020-04-16 09:32:09.800,3658.2000,18711,-1,144809340.000,1,0,1,双平,S,3657.0000,3656.6000,3655.6000,3654.8000,3654.0000,3658.8000,3659.2000,3659.4000,3659.8000,3660.0000,2,2,1,2,2,1,1,5,2,2
SF,IF2009,2020-04-16 09:32:10.300,3658.2000,18711,0,144809340.000,0,-,-,-,-,3657.2000,3657.0000,3656.6000,3655.6000,3654.8000,3658.4000,3658.6000,3658.8000,3659.2000,3659.4000,1,2,2,1,2,10,3,1,1,5
SF,IF2009,2020-04-16 09:32:10.800,3657.2000,18710,-1,145906500.000,1,0,1,双平,S,3657.0000,3656.6000,3655.6000,3654.8000,3654.0000,3658.2000,3658.4000,3658.6000,3658.8000,3659.2000,2,2,1,2,1,1,10,3,1,1
SF,IF2009,2020-04-16 09:32:11.800,3657.0000,18711,1,148100700.000,2,1,1,空开,S,3656.6000,3655.6000,3654.8000,3654.0000,3653.8000,3658.0000,3658.4000,3658.6000,3658.8000,3659.2000,2,1,2,1,1,1,10,3,1,1
SF,IF2009,2020-04-16 09:32:12.300,3657.0000,18711,0,148100700.000,0,-,-,-,-,3656.8000,3656.6000,3656.0000,3655.6000,3654.8000,3657.8000,3658.0000,3658.6000,3658.8000,3659.2000,2,2,1,1,2,1,1,3,1,1
SF,IF2009,2020-04-16 09:32:12.800,3657.8000,18710,-1,149198040.000,1,0,1,双平,S,3656.8000,3656.6000,3656.0000,3655.6000,3654.8000,3658.0000,3658.6000,3658.8000,3659.2000,3659.4000,2,2,1,1,2,1,3,1,1,3
SF,IF2009,2020-04-16 09:32:13.300,3656.8000,18709,-1,150295080.000,1,0,1,双平,S,3656.8000,3656.6000,3656.0000,3655.6000,3654.8000,3657.8000,3658.6000,3658.8000,3659.2000,3659.4000,1,2,1,1,2,1,2,1,1,3
SF,IF2009,2020-04-16 09:32:13.800,3656.8000,18709,0,150295080.000,0,-,-,-,-,3656.6000,3656.0000,3655.6000,3654.8000,3654.0000,3656.8000,3657.8000,3658.6000,3658.8000,3659.2000,2,1,1,2,1,1,1,1,1,1
SF,IF2009,2020-04-16 09:32:14.300,3656.8000,18708,-1,151392120.000,1,0,1,双平,S,3656.8000,3656.6000,3656.0000,3655.6000,3654.8000,3657.8000,3658.6000,3658.8000,3659.2000,3659.4000,1,2,1,1,2,1,1,1,1,3
SF,IF2009,2020-04-16 09:32:14.800,3656.8000,18708,0,151392120.000,0,-,-,-,-,3656.6000,3656.0000,3655.6000,3654.8000,3654.0000,3657.6000,3657.8000,3658.6000,3658.8000,3659.2000,2,1,1,2,1,1,1,1,1,1
SF,IF2009,2020-04-16 09:32:15.300,3656.8000,18708,0,151392120.000,0,-,-,-,-,3656.8000,3656.6000,3656.0000,3655.6000,3654.8000,3657.6000,3657.8000,3658.6000,3658.8000,3659.2000,1,2,1,1,2,1,1,1,1,1
SF,IF2009,2020-04-16 09:32:15.800,3656.8000,18708,0,151392120.000,0,-,-,-,-,3656.6000,3656.0000,3655.6000,3654.8000,3654.0000,3656.8000,3657.6000,3657.8000,3658.6000,3658.8000,2,1,1,2,1,1,1,1,1,1
SF,IF2009,2020-04-16 09:32:16.300,3657.6000,18707,-1,153586440.000,2,0,2,多平,S,3656.6000,3656.0000,3655.6000,3654.8000,3654.0000,3657.8000,3658.6000,3658.8000,3659.2000,3659.4000,2,1,1,2,1,1,1,1,1,3
SF,IF2009,2020-04-16 09:32:16.800,3657.6000,18707,0,153586440.000,0,-,-,-,-,3656.8000,3656.6000,3656.0000,3655.6000,3654.8000,3657.8000,3658.6000,3658.8000,3659.2000,3659.4000,1,2,1,1,2,1,1,1,1,3
SF,IF2009,2020-04-16 09:32:17.300,3657.6000,18707,0,153586440.000,0,-,-,-,-,3656.6000,3656.0000,3655.6000,3654.8000,3654.0000,3657.8000,3658.6000,3658.8000,3659.2000,3659.4000,2,1,1,2,1,1,1,1,1,3
SF,IF2009,2020-04-16 09:32:17.800,3657.6000,18707,0,153586440.000,0,-,-,-,-,3656.8000,3656.6000,3656.0000,3655.6000,3654.8000,3657.6000,3657.8000,3658.6000,3658.8000,3659.2000,1,2,1,1,2,1,1,1,1,1
SF,IF2009,2020-04-16 09:32:18.300,3657.6000,18707,0,153586440.000,0,-,-,-,-,3656.6000,3656.0000,3655.6000,3654.8000,3654.0000,3657.6000,3657.8000,3658.6000,3658.8000,3659.2000,2,1,1,2,1,1,1,1,1,1
SF,IF2009,2020-04-16 09:32:18.800,3657.6000,18707,0,153586440.000,0,-,-,-,-,3656.8000,3656.6000,3656.0000,3655.6000,3654.8000,3657.6000,3657.8000,3658.6000,3658.8000,3659.2000,1,2,1,1,2,1,1,1,1,1
SF,IF2009,2020-04-16 09:32:19.300,3657.6000,18707,0,153586440.000,0,-,-,-,-,3656.6000,3656.0000,3655.6000,3654.8000,3654.0000,3657.6000,3657.8000,3658.6000,3658.8000,3659.2000,2,1,1,2,1,2,1,1,1,1
SF,IF2009,2020-04-16 09:32:19.800,3656.6000,18707,0,154683420.000,1,0,1,多换,S,3656.6000,3656.0000,3655.6000,3654.8000,3654.0000,3657.6000,3657.8000,3658.6000,3658.8000,3659.2000,1,1,1,2,1,2,1,1,1,1
SF,IF2009,2020-04-16 09:32:20.800,3656.6000,18707,0,154683420.000,0,-,-,-,-,3656.8000,3656.6000,3656.0000,3655.6000,3654.8000,3657.6000,3657.8000,3658.6000,3658.8000,3659.2000,1,1,1,1,2,2,1,1,1,1
SF,IF2009,2020-04-16 09:32:21.300,3656.6000,18707,0,154683420.000,0,-,-,-,-,3656.6000,3656.0000,3655.6000,3654.8000,3654.0000,3657.6000,3657.8000,3658.6000,3658.8000,3659.2000,1,1,1,2,1,2,1,1,1,1
SF,IF2009,2020-04-16 09:32:21.800,3656.6000,18707,0,154683420.000,0,-,-,-,-,3656.8000,3656.6000,3656.0000,3655.6000,3654.8000,3657.6000,3657.8000,3658.6000,3658.8000,3659.2000,2,1,1,1,2,2,1,1,1,1
SF,IF2009,2020-04-16 09:32:22.300,3656.6000,18707,0,154683420.000,0,-,-,-,-,3656.8000,3656.6000,3656.0000,3655.6000,3654.8000,3657.6000,3658.6000,3658.8000,3659.2000,3659.4000,1,1,1,1,2,2,1,1,1,2
SF,IF2009,2020-04-16 09:32:22.800,3657.6000,18706,-1,155780700.000,1,0,1,双平,S,3656.8000,3656.6000,3656.0000,3655.6000,3654.8000,3657.6000,3658.2000,3658.6000,3658.8000,3659.2000,1,1,1,1,2,1,1,1,1,1
SF,IF2009,2020-04-16 09:32:23.300,3657.6000,18706,0,155780700.000,0,-,-,-,-,3656.8000,3656.6000,3656.0000,3655.6000,3654.8000,3657.4000,3657.6000,3658.2000,3658.6000,3658.8000,1,1,1,1,2,1,1,1,1,1
SF,IF2009,2020-04-16 09:32:23.800,3657.6000,18706,0,155780700.000,0,-,-,-,-,3656.8000,3656.6000,3656.0000,3655.6000,3654.8000,3657.2000,3657.4000,3658.2000,3658.8000,3659.2000,1,1,1,1,2,1,1,1,1,1
SF,IF2009,2020-04-16 09:32:25.300,3656.8000,18706,0,156877740.000,1,0,1,多换,S,3656.6000,3656.0000,3655.6000,3654.8000,3654.0000,3656.8000,3657.2000,3657.4000,3658.2000,3658.8000,1,1,1,2,1,1,1,1,1,1
SF,IF2009,2020-04-16 09:32:25.800,3656.6000,18705,-1,157974720.000,1,0,1,双平,S,3656.0000,3655.6000,3654.8000,3654.0000,3653.8000,3656.6000,3656.8000,3657.0000,3657.2000,3657.4000,1,1,2,1,1,1,1,1,1,1
SF,IF2009,2020-04-16 09:32:26.300,3656.0000,18704,-1,159071520.000,1,0,1,双平,S,3655.6000,3654.8000,3654.0000,3653.8000,3653.0000,3656.6000,3656.8000,3657.0000,3657.2000,3658.2000,1,2,1,1,1,1,1,1,1,1
SF,IF2009,2020-04-16 09:32:26.800,3656.0000,18704,0,159071520.000,0,-,-,-,-,3655.8000,3655.6000,3654.8000,3654.0000,3653.8000,3656.6000,3656.8000,3657.0000,3657.2000,3658.2000,1,1,2,1,1,1,1,1,1,1
SF,IF2009,2020-04-16 09:32:27.300,3656.0000,18704,0,159071520.000,0,-,-,-,-,3656.0000,3655.6000,3654.8000,3654.0000,3653.8000,3656.6000,3656.8000,3657.0000,3657.2000,3658.2000,1,1,2,1,1,1,1,1,1,1
SF,IF2009,2020-04-16 09:32:27.800,3656.0000,18704,0,159071520.000,0,-,-,-,-,3655.6000,3654.8000,3654.0000,3653.8000,3653.0000,3656.6000,3656.8000,3657.0000,3658.2000,3658.8000,1,2,1,1,1,1,1,1,1,1
SF,IF2009,2020-04-16 09:32:28.300,3656.0000,18704,0,159071520.000,0,-,-,-,-,3655.8000,3655.6000,3654.8000,3654.0000,3653.8000,3656.6000,3656.8000,3657.0000,3658.0000,3658.2000,1,1,2,1,1,1,1,1,1,1
SF,IF2009,2020-04-16 09:32:28.800,3656.0000,18704,0,159071520.000,0,-,-,-,-,3655.6000,3654.8000,3654.0000,3653.8000,3653.0000,3656.6000,3656.8000,3657.0000,3658.0000,3658.2000,1,2,1,1,1,1,1,1,1,1
SF,IF2009,2020-04-16 09:32:29.300,3656.0000,18704,0,159071520.000,0,-,-,-,-,3655.8000,3655.6000,3654.8000,3654.0000,3653.8000,3656.6000,3656.8000,3657.0000,3658.0000,3658.2000,1,1,2,1,1,1,1,1,1,1
SF,IF2009,2020-04-16 09:32:29.800,3656.0000,18704,0,159071520.000,0,-,-,-,-,3656.0000,3655.6000,3654.8000,3654.2000,3654.0000,3656.6000,3656.8000,3657.0000,3658.0000,3658.2000,1,1,2,1,1,1,1,1,1,1
SF,IF2009,2020-04-16 09:32:30.300,3656.0000,18704,0,159071520.000,0,-,-,-,-,3655.6000,3654.8000,3654.2000,3654.0000,3653.8000,3656.6000,3656.8000,3657.0000,3658.0000,3658.2000,1,2,1,1,1,1,1,1,1,1
SF,IF2009,2020-04-16 09:32:30.800,3656.0000,18704,0,159071520.000,0,-,-,-,-,3655.8000,3655.6000,3654.8000,3654.2000,3654.0000,3656.6000,3656.8000,3657.0000,3658.0000,3658.2000,1,1,2,1,1,1,1,1,1,1
SF,IF2009,2020-04-16 09:32:31.300,3656.8000,18703,-1,161265540.000,2,0,2,多平,S,3656.0000,3655.6000,3654.8000,3654.2000,3654.0000,3656.8000,3657.0000,3658.0000,3658.2000,3658.8000,1,1,2,1,1,2,1,1,1,1
SF,IF2009,2020-04-16 09:32:31.800,3655.6000,18703,0,162362220.000,1,0,1,多换,S,3654.8000,3654.2000,3654.0000,3653.8000,3653.0000,3655.6000,3656.6000,3656.8000,3657.0000,3658.0000,2,1,1,1,1,1,1,2,1,1
SF,IF2009,2020-04-16 09:32:32.300,3655.6000,18702,-1,163458900.000,1,0,1,双平,S,3655.6000,3655.0000,3654.8000,3654.2000,3654.0000,3656.6000,3656.8000,3657.0000,3658.0000,3658.2000,1,2,2,1,1,1,2,1,1,1
SF,IF2009,2020-04-16 09:32:32.800,3655.6000,18702,0,163458900.000,0,-,-,-,-,3655.8000,3655.0000,3654.8000,3654.2000,3654.0000,3656.6000,3656.8000,3657.0000,3658.0000,3658.2000,1,1,2,1,1,1,2,1,1,1
SF,IF2009,2020-04-16 09:32:33.300,3655.6000,18702,0,163458900.000,0,-,-,-,-,3656.0000,3655.0000,3654.8000,3654.2000,3654.0000,3656.6000,3656.8000,3657.0000,3657.4000,3658.0000,1,1,2,1,1,1,2,1,1,1
SF,IF2009,2020-04-16 09:32:33.800,3655.6000,18702,0,163458900.000,0,-,-,-,-,3656.2000,3655.0000,3654.8000,3654.2000,3654.0000,3656.6000,3656.8000,3657.0000,3657.4000,3658.0000,1,1,2,1,1,1,2,1,1,1
SF,IF2009,2020-04-16 09:32:34.300,3655.6000,18702,0,163458900.000,0,-,-,-,-,3655.0000,3654.8000,3654.2000,3654.0000,3653.8000,3656.6000,3656.8000,3657.0000,3657.4000,3658.0000,1,2,1,1,1,1,2,1,1,1
SF,IF2009,2020-04-16 09:32:34.800,3656.6000,18701,-1,164555880.000,1,0,1,双平,S,3656.6000,3655.2000,3655.0000,3654.8000,3654.2000,3656.8000,3657.0000,3657.4000,3658.0000,3658.2000,1,1,1,2,1,2,1,1,1,1
SF,IF2009,2020-04-16 09:32:35.300,3656.6000,18700,-1,165652860.000,1,0,1,双平,S,3655.0000,3654.8000,3654.2000,3654.0000,3653.8000,3656.2000,3656.8000,3657.0000,3657.4000,3658.0000,1,2,1,1,1,1,2,1,1,1
SF,IF2009,2020-04-16 09:32:35.800,3656.2000,18699,-1,166749720.000,1,0,1,双平,S,3655.2000,3655.0000,3654.8000,3654.2000,3654.0000,3656.8000,3657.0000,3657.4000,3658.0000,3658.2000,1,1,2,1,1,2,1,1,1,1
SF,IF2009,2020-04-16 09:32:36.300,3656.2000,18699,0,166749720.000,0,-,-,-,-,3655.4000,3654.8000,3654.2000,3654.0000,3653.8000,3656.8000,3657.0000,3657.4000,3658.0000,3658.2000,2,2,1,1,1,2,1,1,1,1
SF,IF2009,2020-04-16 09:32:37.800,3656.2000,18699,0,166749720.000,0,-,-,-,-,3656.0000,3655.4000,3654.8000,3654.2000,3654.0000,3656.4000,3656.8000,3657.0000,3657.4000,3658.0000,2,2,2,1,1,1,2,1,1,1
SF,IF2009,2020-04-16 09:32:38.300,3656.2000,18699,0,166749720.000,0,-,-,-,-,3655.4000,3654.8000,3654.2000,3654.0000,3653.8000,3656.4000,3656.8000,3657.0000,3657.4000,3658.0000,1,2,1,1,1,1,2,1,1,1
SF,IF2009,2020-04-16 09:32:38.800,3656.2000,18699,0,166749720.000,0,-,-,-,-,3656.0000,3655.8000,3655.6000,3655.4000,3654.8000,3656.4000,3656.8000,3657.0000,3657.4000,3658.0000,2,1,1,1,2,1,2,1,1,1
SF,IF2009,2020-04-16 09:32:39.300,3656.2000,18699,0,166749720.000,0,-,-,-,-,3655.8000,3655.4000,3654.8000,3654.2000,3654.0000,3656.4000,3656.8000,3657.0000,3657.4000,3658.0000,1,1,2,1,1,1,2,1,1,1
SF,IF2009,2020-04-16 09:32:39.800,3656.2000,18699,0,166749720.000,0,-,-,-,-,3656.0000,3655.8000,3655.4000,3654.8000,3654.2000,3656.8000,3657.0000,3657.4000,3658.0000,3658.2000,2,1,1,2,1,2,1,1,1,1
SF,IF2009,2020-04-16 09:32:40.300,3656.2000,18699,0,166749720.000,0,-,-,-,-,3655.8000,3655.4000,3654.8000,3654.2000,3654.0000,3656.8000,3657.0000,3657.4000,3658.0000,3658.2000,1,1,2,1,1,2,1,1,1,1
SF,IF2009,2020-04-16 09:32:40.800,3656.2000,18699,0,166749720.000,0,-,-,-,-,3656.0000,3655.8000,3655.4000,3654.8000,3654.2000,3656.8000,3657.0000,3657.4000,3658.0000,3658.2000,3,1,1,2,1,2,1,1,1,1
SF,IF2009,2020-04-16 09:32:41.300,3656.2000,18699,0,166749720.000,0,-,-,-,-,3655.8000,3655.4000,3654.8000,3654.2000,3654.0000,3656.8000,3657.0000,3657.4000,3658.0000,3658.2000,1,1,2,1,1,2,1,1,1,1
SF,IF2009,2020-04-16 09:32:41.800,3656.2000,18699,0,166749720.000,0,-,-,-,-,3656.2000,3656.0000,3655.8000,3655.4000,3654.8000,3656.8000,3657.4000,3658.0000,3658.2000,3658.8000,2,1,1,1,2,2,1,1,1,1
SF,IF2009,2020-04-16 09:32:42.300,3656.2000,18699,0,166749720.000,0,-,-,-,-,3656.4000,3656.2000,3655.8000,3655.4000,3654.8000,3656.8000,3657.4000,3658.0000,3658.2000,3658.8000,1,2,1,1,2,2,1,1,1,1
SF,IF2009,2020-04-16 09:32:42.800,3656.2000,18699,0,166749720.000,0,-,-,-,-,3655.8000,3655.4000,3654.8000,3654.2000,3654.0000,3656.8000,3657.4000,3658.0000,3658.2000,3658.8000,1,1,2,1,1,2,1,1,1,1
SF,IF2009,2020-04-16 09:32:43.300,3656.2000,18699,0,166749720.000,0,-,-,-,-,3656.2000,3656.0000,3655.8000,3655.4000,3654.8000,3656.8000,3657.4000,3658.2000,3658.8000,3659.2000,2,1,1,1,2,2,1,1,1,1
SF,IF2009,2020-04-16 09:32:43.800,3656.2000,18699,0,166749720.000,0,-,-,-,-,3656.2000,3655.8000,3655.4000,3654.8000,3654.2000,3656.8000,3657.4000,3658.2000,3658.8000,3659.2000,2,1,1,2,1,2,1,1,1,1
SF,IF2009,2020-04-16 09:32:44.300,3656.8000,18699,0,168943800.000,2,1,1,多换,S,3655.8000,3655.4000,3654.8000,3654.2000,3654.0000,3657.4000,3658.2000,3658.8000,3659.2000,3659.8000,1,1,2,1,1,1,1,1,1,2
SF,IF2009,2020-04-16 09:32:44.800,3656.8000,18699,0,168943800.000,0,-,-,-,-,3656.0000,3655.8000,3654.8000,3654.2000,3654.0000,3657.4000,3658.2000,3658.8000,3659.2000,3659.8000,2,1,2,1,1,1,1,1,1,2
SF,IF2009,2020-04-16 09:32:45.300,3656.8000,18699,0,168943800.000,0,-,-,-,-,3656.0000,3655.8000,3654.8000,3654.2000,3654.0000,3657.4000,3658.2000,3658.8000,3659.2000,3659.8000,2,1,2,1,1,1,1,1,1,2
SF,IF2009,2020-04-16 09:32:45.800,3656.8000,18699,0,168943800.000,0,-,-,-,-,3656.0000,3655.8000,3654.8000,3654.2000,3654.0000,3657.4000,3658.2000,3658.8000,3659.2000,3659.8000,2,1,2,1,1,1,1,1,1,2
SF,IF2009,2020-04-16 09:32:47.300,3656.0000,18698,-1,170040600.000,1,0,1,双平,S,3656.0000,3655.8000,3654.8000,3654.2000,3654.0000,3657.4000,3658.2000,3658.8000,3659.2000,3659.8000,1,1,2,1,1,1,1,1,1,2
SF,IF2009,2020-04-16 09:32:47.800,3656.0000,18698,0,171137400.000,1,0,1,多换,S,3656.2000,3655.8000,3654.8000,3654.2000,3654.0000,3657.4000,3658.2000,3658.8000,3659.2000,3659.8000,1,1,2,1,1,1,1,1,1,2
SF,IF2009,2020-04-16 09:32:48.300,3656.0000,18698,0,171137400.000,0,-,-,-,-,3656.4000,3655.8000,3654.8000,3654.2000,3654.0000,3657.2000,3657.4000,3658.2000,3658.8000,3659.2000,1,1,2,1,1,1,1,1,1,1
SF,IF2009,2020-04-16 09:32:48.800,3657.2000,18697,-1,172234560.000,1,0,1,双平,S,3656.6000,3655.8000,3654.8000,3654.2000,3654.0000,3657.4000,3658.2000,3658.8000,3659.2000,3659.8000,1,1,2,1,1,1,1,1,1,2
SF,IF2009,2020-04-16 09:32:49.300,3657.2000,18697,0,172234560.000,0,-,-,-,-,3655.8000,3654.8000,3654.2000,3654.0000,3653.8000,3657.4000,3658.2000,3658.8000,3659.2000,3659.8000,1,2,1,1,1,1,1,1,1,2
SF,IF2009,2020-04-16 09:32:49.800,3657.2000,18697,0,172234560.000,0,-,-,-,-,3656.0000,3655.8000,3654.8000,3654.2000,3654.0000,3657.4000,3658.2000,3658.8000,3659.2000,3659.8000,2,1,2,1,1,1,1,1,1,2
SF,IF2009,2020-04-16 09:32:50.300,3657.2000,18697,0,172234560.000,0,-,-,-,-,3656.0000,3655.8000,3654.8000,3654.2000,3654.0000,3657.4000,3658.2000,3658.8000,3659.2000,3659.8000,2,1,2,1,1,1,1,1,1,2
SF,IF2009,2020-04-16 09:32:50.800,3657.4000,18696,-1,173331780.000,1,0,1,双平,S,3656.0000,3655.8000,3654.8000,3654.2000,3654.0000,3658.2000,3658.8000,3659.2000,3659.8000,3660.0000,2,1,2,1,1,1,1,1,2,2
SF,IF2009,2020-04-16 09:32:51.300,3657.4000,18696,0,173331780.000,0,-,-,-,-,3656.0000,3655.8000,3654.8000,3654.2000,3654.0000,3657.8000,3658.0000,3658.2000,3658.8000,3659.2000,1,1,2,1,1,10,1,1,1,1
SF,IF2009,2020-04-16 09:32:51.800,3657.4000,18696,0,173331780.000,0,-,-,-,-,3656.2000,3656.0000,3655.8000,3654.8000,3654.2000,3657.6000,3657.8000,3658.2000,3658.8000,3659.2000,1,1,1,2,1,1,10,1,1,1
SF,IF2009,2020-04-16 09:32:52.300,3657.4000,18696,0,173331780.000,0,-,-,-,-,3656.4000,3655.8000,3654.8000,3654.2000,3654.0000,3657.6000,3658.2000,3658.8000,3659.2000,3659.8000,2,1,2,1,1,1,1,1,1,2
SF,IF2009,2020-04-16 09:32:53.300,3657.4000,18696,0,173331780.000,0,-,-,-,-,3656.4000,3655.8000,3654.8000,3654.2000,3654.0000,3657.6000,3658.0000,3658.2000,3658.8000,3659.2000,2,1,2,1,1,1,1,1,1,1
SF,IF2009,2020-04-16 09:32:54.300,3656.4000,18694,-2,175525620.000,2,0,2,双平,S,3655.8000,3654.8000,3654.2000,3654.0000,3653.8000,3657.6000,3658.0000,3658.2000,3658.8000,3659.2000,1,2,1,1,1,1,1,1,1,1
SF,IF2009,2020-04-16 09:32:54.800,3657.4000,18694,0,176622840.000,1,0,1,多换,S,3656.0000,3655.8000,3654.8000,3654.2000,3654.0000,3657.6000,3658.0000,3658.2000,3658.8000,3659.2000,2,1,2,1,1,1,1,1,1,1
SF,IF2009,2020-04-16 09:32:55.300,3657.4000,18694,0,176622840.000,0,-,-,-,-,3656.0000,3655.8000,3654.8000,3654.2000,3654.0000,3657.6000,3658.0000,3658.2000,3658.8000,3659.2000,2,1,2,1,1,1,1,1,1,1
SF,IF2009,2020-04-16 09:32:58.300,3657.4000,18694,0,176622840.000,0,-,-,-,-,3656.0000,3655.8000,3654.8000,3654.2000,3654.0000,3657.6000,3658.0000,3658.2000,3658.8000,3659.2000,2,1,2,1,1,1,1,1,1,1
SF,IF2009,2020-04-16 09:33:00.300,3657.4000,18694,0,176622840.000,0,-,-,-,-,3656.2000,3656.0000,3655.8000,3654.8000,3654.2000,3657.6000,3658.0000,3658.2000,3658.8000,3659.2000,1,7,1,2,1,1,1,1,1,1
SF,IF2009,2020-04-16 09:33:00.800,3657.6000,18695,1,178817520.000,2,1,1,空开,S,3656.4000,3656.2000,3656.0000,3655.8000,3654.8000,3658.2000,3658.8000,3659.2000,3659.8000,3660.0000,3,1,5,1,2,1,1,1,2,2
SF,IF2009,2020-04-16 09:33:01.300,3656.6000,18695,0,179914500.000,1,0,1,多换,S,3656.4000,3656.2000,3656.0000,3655.8000,3654.8000,3658.2000,3658.8000,3659.2000,3659.8000,3660.0000,3,1,5,1,2,1,1,1,2,2
SF,IF2009,2020-04-16 09:33:01.800,3656.6000,18695,0,179914500.000,0,-,-,-,-,3656.4000,3656.2000,3656.0000,3655.8000,3655.6000,3658.0000,3658.2000,3658.8000,3659.2000,3659.8000,3,1,5,1,1,1,1,1,1,2
SF,IF2009,2020-04-16 09:33:02.300,3658.0000,18694,-1,181011900.000,1,0,1,双平,S,3656.4000,3656.2000,3656.0000,3655.8000,3655.6000,3658.2000,3658.8000,3659.2000,3659.8000,3660.0000,3,1,5,1,1,1,1,1,2,2
SF,IF2009,2020-04-16 09:33:02.800,3658.0000,18694,0,181011900.000,0,-,-,-,-,3656.4000,3656.2000,3656.0000,3655.8000,3655.6000,3658.0000,3658.2000,3658.8000,3659.2000,3659.8000,3,1,5,1,1,1,1,1,1,2
SF,IF2009,2020-04-16 09:33:03.300,3658.0000,18694,0,181011900.000,0,-,-,-,-,3656.4000,3656.2000,3656.0000,3655.8000,3655.6000,3658.0000,3658.2000,3658.8000,3659.2000,3659.8000,3,1,5,1,1,1,1,1,1,2
SF,IF2009,2020-04-16 09:33:04.300,3658.0000,18694,0,181011900.000,0,-,-,-,-,3656.4000,3656.2000,3656.0000,3655.8000,3655.6000,3657.8000,3658.0000,3658.2000,3658.8000,3659.2000,3,1,5,1,1,1,1,1,1,1
SF,IF2009,2020-04-16 09:33:04.800,3658.0000,18693,-1,183206700.000,2,0,2,多平,S,3656.4000,3656.2000,3656.0000,3655.8000,3655.6000,3658.2000,3658.8000,3659.2000,3659.8000,3660.0000,3,1,5,1,1,1,1,1,2,2
SF,IF2009,2020-04-16 09:33:05.300,3658.0000,18693,0,183206700.000,0,-,-,-,-,3656.6000,3656.4000,3656.2000,3656.0000,3655.8000,3658.2000,3658.8000,3659.2000,3659.8000,3660.0000,1,3,1,5,1,1,1,1,2,2
SF,IF2009,2020-04-16 09:33:05.800,3658.0000,18693,0,183206700.000,0,-,-,-,-,3656.8000,3656.6000,3656.4000,3656.2000,3656.0000,3658.2000,3658.8000,3659.2000,3659.8000,3660.0000,2,1,1,1,5,1,1,1,2,2
SF,IF2009,2020-04-16 09:33:06.800,3658.0000,18693,0,183206700.000,0,-,-,-,-,3656.8000,3656.4000,3656.2000,3656.0000,3655.8000,3658.2000,3658.8000,3659.2000,3659.8000,3660.0000,2,1,1,5,1,1,1,1,2,2
SF,IF2009,2020-04-16 09:33:07.300,3658.0000,18693,0,183206700.000,0,-,-,-,-,3657.0000,3656.8000,3656.4000,3656.2000,3656.0000,3658.2000,3658.8000,3659.2000,3659.8000,3660.0000,1,2,1,1,5,1,1,1,2,2
SF,IF2009,2020-04-16 09:33:07.800,3658.0000,18693,0,183206700.000,0,-,-,-,-,3657.2000,3657.0000,3656.4000,3656.2000,3656.0000,3658.2000,3658.8000,3659.2000,3659.8000,3660.0000,2,1,1,1,5,1,1,1,2,2
SF,IF2009,2020-04-16 09:33:09.300,3658.0000,18693,0,183206700.000,0,-,-,-,-,3657.2000,3657.0000,3656.2000,3656.0000,3655.8000,3658.2000,3658.8000,3659.2000,3659.8000,3660.0000,2,1,1,5,1,1,1,1,2,2
SF,IF2009,2020-04-16 09:33:09.800,3658.0000,18693,0,183206700.000,0,-,-,-,-,3657.0000,3656.2000,3656.0000,3655.8000,3655.6000,3658.2000,3658.8000,3659.2000,3659.8000,3660.0000,1,1,5,1,1,1,1,1,2,2
SF,IF2009,2020-04-16 09:33:10.300,3658.0000,18693,0,183206700.000,0,-,-,-,-,3657.0000,3656.2000,3656.0000,3655.8000,3655.6000,3658.2000,3658.8000,3659.2000,3659.8000,3660.0000,1,1,6,1,1,1,1,1,2,2
SF,IF2009,2020-04-16 09:33:10.800,3658.0000,18693,0,183206700.000,0,-,-,-,-,3657.2000,3657.0000,3656.2000,3656.0000,3655.8000,3658.2000,3658.8000,3659.2000,3659.8000,3660.0000,2,1,1,6,1,1,1,1,2,2
SF,IF2009,2020-04-16 09:33:11.300,3657.2000,18691,-2,185401020.000,2,0,2,双平,S,3656.2000,3656.0000,3655.8000,3655.6000,3654.8000,3658.0000,3658.2000,3658.8000,3659.2000,3659.8000,1,6,1,1,2,1,1,1,1,2
SF,IF2009,2020-04-16 09:33:11.800,3657.2000,18691,0,185401020.000,0,-,-,-,-,3656.4000,3656.2000,3656.0000,3655.8000,3655.6000,3657.8000,3658.2000,3658.8000,3659.2000,3659.8000,2,1,6,1,1,2,1,1,1,2
SF,IF2009,2020-04-16 09:33:12.300,3657.2000,18691,0,185401020.000,0,-,-,-,-,3656.6000,3656.4000,3656.2000,3656.0000,3655.8000,3657.8000,3658.2000,3658.4000,3658.8000,3659.2000,1,2,1,6,1,1,1,1,1,1
SF,IF2009,2020-04-16 09:33:12.800,3657.2000,18691,0,185401020.000,0,-,-,-,-,3656.8000,3656.6000,3656.4000,3656.2000,3656.0000,3657.6000,3657.8000,3658.2000,3658.4000,3658.8000,1,1,1,1,6,1,1,1,1,1
SF,IF2009,2020-04-16 09:33:13.300,3657.2000,18691,0,185401020.000,0,-,-,-,-,3656.8000,3656.6000,3656.4000,3656.2000,3656.0000,3657.6000,3657.8000,3658.2000,3658.4000,3658.8000,1,1,1,1,6,1,1,1,1,1
SF,IF2009,2020-04-16 09:33:13.800,3656.8000,18691,0,186498060.000,1,0,1,多换,S,3656.6000,3656.4000,3656.2000,3656.0000,3655.8000,3657.6000,3657.8000,3658.2000,3658.4000,3658.8000,1,1,1,6,1,1,1,1,1,1
SF,IF2009,2020-04-16 09:33:14.300,3656.8000,18691,0,186498060.000,0,-,-,-,-,3656.4000,3656.2000,3656.0000,3655.8000,3655.6000,3657.6000,3657.8000,3658.2000,3658.4000,3658.8000,1,1,6,1,1,1,1,1,1,1
SF,IF2009,2020-04-16 09:33:15.300,3657.6000,18691,0,187595340.000,1,0,1,多换,S,3656.4000,3656.2000,3656.0000,3655.8000,3655.6000,3657.8000,3658.2000,3658.4000,3658.8000,3659.2000,1,1,6,1,1,1,1,1,1,1
SF,IF2009,2020-04-16 09:33:15.800,3657.6000,18691,0,187595340.000,0,-,-,-,-,3656.6000,3656.4000,3656.2000,3656.0000,3655.8000,3657.6000,3657.8000,3658.2000,3658.4000,3658.8000,1,1,1,6,1,1,1,1,1,1
SF,IF2009,2020-04-16 09:33:16.300,3657.8000,18691,0,188692680.000,1,0,1,多换,S,3656.6000,3656.4000,3656.2000,3656.0000,3655.8000,3658.2000,3658.4000,3658.8000,3659.2000,3659.8000,1,1,1,6,1,1,1,1,1,2
SF,IF2009,2020-04-16 09:33:16.800,3657.8000,18691,0,188692680.000,0,-,-,-,-,3656.6000,3656.4000,3656.2000,3656.0000,3655.8000,3658.0000,3658.2000,3658.4000,3658.8000,3659.2000,1,1,1,6,1,1,1,1,1,1
SF,IF2009,2020-04-16 09:33:17.300,3657.8000,18691,0,188692680.000,0,-,-,-,-,3656.8000,3656.6000,3656.2000,3656.0000,3655.8000,3657.8000,3658.2000,3658.4000,3658.8000,3659.2000,1,1,1,6,1,1,1,1,1,1
SF,IF2009,2020-04-16 09:33:17.800,3657.8000,18691,0,188692680.000,0,-,-,-,-,3656.8000,3656.6000,3656.2000,3656.0000,3655.8000,3658.2000,3658.4000,3658.8000,3659.2000,3659.8000,1,1,1,6,1,1,1,1,1,2
SF,IF2009,2020-04-16 09:33:18.300,3657.8000,18691,0,188692680.000,0,-,-,-,-,3657.0000,3656.8000,3656.2000,3656.0000,3655.8000,3658.0000,3658.2000,3658.4000,3658.8000,3659.2000,1,1,1,6,1,1,1,1,1,1
SF,IF2009,2020-04-16 09:33:18.800,3657.8000,18691,0,188692680.000,0,-,-,-,-,3657.0000,3656.8000,3656.2000,3656.0000,3655.8000,3658.2000,3658.4000,3658.8000,3659.2000,3659.8000,1,1,1,6,1,1,1,1,1,2
SF,IF2009,2020-04-16 09:33:19.300,3657.8000,18691,0,188692680.000,0,-,-,-,-,3657.8000,3657.0000,3656.8000,3656.2000,3656.0000,3658.0000,3658.2000,3658.4000,3658.8000,3659.2000,1,1,1,1,6,1,1,1,1,1
SF,IF2009,2020-04-16 09:33:19.800,3657.8000,18691,0,189790020.000,1,0,1,多换,S,3657.0000,3656.8000,3656.6000,3656.2000,3656.0000,3658.2000,3658.4000,3658.8000,3659.2000,3659.8000,1,1,1,1,6,1,1,1,1,2
SF,IF2009,2020-04-16 09:33:20.800,3657.8000,18691,0,189790020.000,0,-,-,-,-,3657.0000,3656.8000,3656.6000,3656.2000,3656.0000,3658.0000,3658.2000,3658.4000,3658.8000,3659.2000,1,1,1,1,6,1,1,1,1,1
SF,IF2009,2020-04-16 09:33:21.300,3657.8000,18691,0,189790020.000,0,-,-,-,-,3657.0000,3656.8000,3656.6000,3656.2000,3656.0000,3658.2000,3658.4000,3658.8000,3659.2000,3659.8000,1,1,1,1,6,1,1,1,1,2
SF,IF2009,2020-04-16 09:33:21.800,3658.0000,18690,-1,190887420.000,1,0,1,双平,S,3657.0000,3656.8000,3656.6000,3656.2000,3656.0000,3658.2000,3658.4000,3658.8000,3659.2000,3659.8000,1,1,1,1,6,1,1,1,1,2
SF,IF2009,2020-04-16 09:33:22.300,3658.0000,18690,0,190887420.000,0,-,-,-,-,3657.2000,3656.6000,3656.2000,3656.0000,3655.6000,3658.2000,3658.4000,3658.8000,3659.2000,3659.8000,2,1,1,6,1,1,1,1,1,2
SF,IF2009,2020-04-16 09:33:22.800,3658.2000,18690,0,191984880.000,1,0,1,多换,S,3657.2000,3656.6000,3656.2000,3656.0000,3655.6000,3658.4000,3658.8000,3659.2000,3659.8000,3660.0000,2,1,1,6,1,1,1,1,2,2
SF,IF2009,2020-04-16 09:33:23.300,3658.2000,18690,0,191984880.000,0,-,-,-,-,3657.2000,3656.6000,3656.2000,3656.0000,3655.6000,3658.4000,3658.8000,3659.2000,3659.8000,3660.0000,2,1,1,6,1,1,1,1,2,2
SF,IF2009,2020-04-16 09:33:23.800,3658.2000,18690,0,191984880.000,0,-,-,-,-,3657.2000,3656.6000,3656.2000,3656.0000,3655.6000,3658.4000,3658.8000,3659.2000,3659.8000,3660.0000,2,1,1,6,1,1,1,1,2,2
SF,IF2009,2020-04-16 09:33:24.300,3658.4000,18689,-1,193082400.000,1,0,1,双平,S,3657.2000,3656.6000,3656.2000,3656.0000,3655.6000,3658.8000,3659.2000,3659.8000,3660.0000,3661.0000,2,1,1,6,1,1,1,2,2,1
SF,IF2009,2020-04-16 09:33:24.800,3658.4000,18689,0,193082400.000,0,-,-,-,-,3657.4000,3657.2000,3656.6000,3656.2000,3656.0000,3658.8000,3659.2000,3659.8000,3660.0000,3661.0000,1,2,1,1,6,1,1,2,2,1
SF,IF2009,2020-04-16 09:33:25.300,3658.4000,18689,0,193082400.000,0,-,-,-,-,3657.6000,3657.4000,3656.6000,3656.2000,3656.0000,3658.8000,3659.2000,3659.8000,3660.0000,3661.0000,2,1,1,1,6,1,1,2,2,1
SF,IF2009,2020-04-16 09:33:25.800,3658.4000,18689,0,193082400.000,0,-,-,-,-,3657.6000,3657.4000,3656.6000,3656.2000,3656.0000,3658.8000,3659.2000,3659.8000,3660.0000,3661.0000,2,1,1,1,6,1,1,2,2,1
SF,IF2009,2020-04-16 09:33:26.300,3658.4000,18689,0,193082400.000,0,-,-,-,-,3657.6000,3657.4000,3656.6000,3656.2000,3656.0000,3658.8000,3659.2000,3659.8000,3660.0000,3661.0000,2,1,1,1,6,1,1,2,2,1
SF,IF2009,2020-04-16 09:33:26.800,3658.4000,18689,0,193082400.000,0,-,-,-,-,3657.6000,3657.4000,3656.6000,3656.2000,3656.0000,3658.8000,3659.2000,3659.8000,3660.0000,3661.0000,2,1,1,1,6,1,1,2,2,1
SF,IF2009,2020-04-16 09:33:28.300,3658.4000,18689,0,193082400.000,0,-,-,-,-,3657.6000,3657.4000,3656.6000,3656.2000,3656.0000,3658.8000,3659.2000,3659.8000,3660.0000,3661.0000,2,1,1,2,6,1,1,2,2,1
SF,IF2009,2020-04-16 09:33:29.300,3658.8000,18688,-1,194180040.000,1,0,1,双平,S,3657.6000,3657.4000,3656.6000,3656.2000,3656.0000,3659.2000,3659.8000,3660.0000,3661.0000,3661.6000,2,1,1,2,6,1,2,2,1,1
SF,IF2009,2020-04-16 09:33:29.800,3658.8000,18688,0,194180040.000,0,-,-,-,-,3657.6000,3657.4000,3656.6000,3656.2000,3656.0000,3659.2000,3659.8000,3660.0000,3661.0000,3661.6000,2,1,1,2,6,1,2,2,1,1
SF,IF2009,2020-04-16 09:33:30.300,3658.8000,18688,0,194180040.000,0,-,-,-,-,3657.6000,3656.6000,3656.2000,3656.0000,3655.6000,3659.2000,3659.8000,3660.0000,3661.0000,3661.6000,2,1,2,6,1,1,2,2,1,1
SF,IF2009,2020-04-16 09:33:31.800,3658.8000,18688,0,194180040.000,0,-,-,-,-,3657.6000,3656.6000,3656.2000,3656.0000,3655.6000,3659.2000,3659.8000,3660.0000,3661.0000,3661.6000,2,1,2,6,1,1,2,2,1,1
SF,IF2009,2020-04-16 09:33:33.800,3658.8000,18688,0,194180040.000,0,-,-,-,-,3657.8000,3657.6000,3656.6000,3656.2000,3656.0000,3659.2000,3659.8000,3660.0000,3661.0000,3661.6000,1,2,1,2,6,1,2,2,1,1
SF,IF2009,2020-04-16 09:33:34.300,3659.2000,18687,-1,195277800.000,1,0,1,双平,S,3658.0000,3657.8000,3656.6000,3656.2000,3656.0000,3659.8000,3660.0000,3661.0000,3661.6000,3665.0000,2,1,1,2,6,2,2,1,1,1
SF,IF2009,2020-04-16 09:33:34.800,3659.2000,18687,0,195277800.000,0,-,-,-,-,3658.0000,3657.8000,3656.6000,3656.2000,3656.0000,3659.8000,3660.0000,3661.0000,3661.6000,3665.0000,2,1,1,2,6,3,2,1,1,1
SF,IF2009,2020-04-16 09:33:35.300,3659.2000,18687,0,195277800.000,0,-,-,-,-,3659.2000,3658.0000,3657.8000,3656.6000,3656.2000,3659.8000,3660.0000,3661.0000,3661.6000,3665.0000,1,2,1,1,2,3,2,1,1,1
SF,IF2009,2020-04-16 09:33:35.800,3659.2000,18686,-1,196375560.000,1,0,1,双平,S,3658.0000,3657.8000,3656.6000,3656.2000,3656.0000,3659.8000,3660.0000,3661.0000,3661.6000,3665.0000,1,1,1,2,6,3,2,1,1,1
SF,IF2009,2020-04-16 09:33:36.300,3659.2000,18686,0,196375560.000,0,-,-,-,-,3658.2000,3658.0000,3657.8000,3656.6000,3656.2000,3659.8000,3660.0000,3661.0000,3661.6000,3665.0000,3,1,1,1,2,3,2,1,1,1
SF,IF2009,2020-04-16 09:33:36.800,3659.2000,18686,0,196375560.000,0,-,-,-,-,3658.4000,3658.2000,3657.8000,3656.6000,3656.2000,3659.8000,3660.0000,3661.0000,3661.6000,3665.0000,1,3,1,1,2,3,2,1,1,1
SF,IF2009,2020-04-16 09:33:37.300,3659.2000,18686,0,196375560.000,0,-,-,-,-,3658.6000,3658.4000,3658.2000,3657.8000,3656.6000,3659.8000,3660.0000,3661.0000,3661.6000,3665.0000,1,1,2,1,1,3,2,1,1,1
SF,IF2009,2020-04-16 09:33:37.800,3659.2000,18686,0,196375560.000,0,-,-,-,-,3658.4000,3658.2000,3657.8000,3656.6000,3656.2000,3659.8000,3660.0000,3661.0000,3661.6000,3665.0000,1,2,1,1,2,3,2,1,1,1
SF,IF2009,2020-04-16 09:33:38.300,3659.2000,18686,0,196375560.000,0,-,-,-,-,3658.6000,3658.4000,3658.2000,3656.6000,3656.2000,3659.8000,3660.0000,3661.0000,3661.6000,3665.0000,1,1,2,1,2,3,2,1,1,1
SF,IF2009,2020-04-16 09:33:38.800,3659.2000,18686,0,196375560.000,0,-,-,-,-,3659.2000,3658.8000,3658.4000,3658.2000,3656.6000,3659.8000,3660.0000,3661.0000,3661.6000,3665.0000,1,1,1,2,1,3,2,1,1,1
SF,IF2009,2020-04-16 09:33:39.300,3659.2000,18686,0,196375560.000,0,-,-,-,-,3659.2000,3658.4000,3656.6000,3656.2000,3656.0000,3659.8000,3660.0000,3661.0000,3661.6000,3665.0000,1,1,1,2,6,3,2,1,1,1
SF,IF2009,2020-04-16 09:33:42.300,3659.2000,18685,-1,197473320.000,1,0,1,双平,S,3658.4000,3656.6000,3656.2000,3656.0000,3655.6000,3659.8000,3660.0000,3661.0000,3661.6000,3665.0000,1,1,2,6,1,3,2,1,1,1
SF,IF2009,2020-04-16 09:33:42.800,3659.2000,18685,0,197473320.000,0,-,-,-,-,3658.6000,3658.4000,3656.6000,3656.2000,3656.0000,3659.2000,3659.8000,3660.0000,3661.0000,3661.6000,1,1,1,2,6,1,3,2,1,1
SF,IF2009,2020-04-16 09:33:43.300,3659.2000,18685,0,197473320.000,0,-,-,-,-,3658.8000,3658.4000,3656.6000,3656.2000,3656.0000,3659.2000,3659.8000,3660.0000,3661.0000,3661.6000,1,1,1,2,6,1,3,2,1,1
SF,IF2009,2020-04-16 09:33:43.800,3659.2000,18685,0,197473320.000,0,-,-,-,-,3658.4000,3656.6000,3656.2000,3656.0000,3655.6000,3659.2000,3659.8000,3660.0000,3661.0000,3661.6000,1,1,2,6,1,1,3,2,1,1
SF,IF2009,2020-04-16 09:33:44.300,3659.2000,18684,-1,198571080.000,1,0,1,双平,S,3658.6000,3658.4000,3656.6000,3656.2000,3656.0000,3659.8000,3660.0000,3661.0000,3661.6000,3662.0000,1,1,1,2,6,3,2,1,1,1
SF,IF2009,2020-04-16 09:33:44.800,3659.2000,18684,0,198571080.000,0,-,-,-,-,3658.8000,3656.6000,3656.2000,3656.0000,3655.6000,3659.8000,3660.0000,3661.0000,3661.6000,3662.0000,2,1,2,6,1,3,2,1,1,1
SF,IF2009,2020-04-16 09:33:45.800,3659.2000,18684,0,198571080.000,0,-,-,-,-,3658.8000,3656.6000,3656.2000,3656.0000,3655.6000,3659.8000,3660.0000,3661.0000,3661.6000,3662.0000,2,1,2,6,1,3,2,1,1,1
SF,IF2009,2020-04-16 09:33:46.300,3659.2000,18684,0,198571080.000,0,-,-,-,-,3658.8000,3656.6000,3656.2000,3656.0000,3655.6000,3659.8000,3660.0000,3661.0000,3661.6000,3662.0000,2,1,2,6,1,3,2,1,1,1
SF,IF2009,2020-04-16 09:33:48.300,3659.2000,18684,0,198571080.000,0,-,-,-,-,3658.8000,3656.6000,3656.2000,3656.0000,3655.6000,3659.8000,3660.0000,3661.0000,3661.6000,3662.0000,1,1,2,6,1,3,2,1,1,1
SF,IF2009,2020-04-16 09:33:48.800,3659.8000,18684,0,199669020.000,1,0,1,多换,S,3658.0000,3656.6000,3656.2000,3656.0000,3655.6000,3659.8000,3660.0000,3661.0000,3661.6000,3662.0000,5,1,2,6,1,2,2,1,1,1
SF,IF2009,2020-04-16 09:33:49.300,3659.8000,18684,0,199669020.000,0,-,-,-,-,3658.2000,3658.0000,3656.6000,3656.2000,3656.0000,3659.8000,3660.0000,3661.0000,3661.6000,3662.0000,2,5,1,2,6,2,2,1,1,1
SF,IF2009,2020-04-16 09:33:49.800,3659.8000,18684,0,199669020.000,0,-,-,-,-,3658.2000,3658.0000,3656.6000,3656.2000,3656.0000,3659.4000,3659.8000,3660.0000,3661.0000,3661.6000,1,5,1,2,6,10,3,2,1,1
SF,IF2009,2020-04-16 09:33:50.300,3659.8000,18684,0,199669020.000,0,-,-,-,-,3658.0000,3656.6000,3656.2000,3656.0000,3655.6000,3659.8000,3660.0000,3661.0000,3661.6000,3662.0000,5,1,2,1,1,3,2,1,1,1
SF,IF2009,2020-04-16 09:33:50.800,3659.8000,18684,0,199669020.000,0,-,-,-,-,3658.2000,3658.0000,3656.6000,3656.2000,3656.0000,3659.8000,3660.0000,3661.0000,3661.6000,3662.0000,2,5,1,2,1,3,2,1,1,1
SF,IF2009,2020-04-16 09:33:51.300,3659.8000,18684,0,199669020.000,0,-,-,-,-,3658.2000,3658.0000,3656.6000,3656.2000,3656.0000,3659.4000,3659.8000,3660.0000,3661.0000,3661.6000,2,5,1,2,1,10,3,2,1,1
SF,IF2009,2020-04-16 09:33:51.800,3659.8000,18684,0,199669020.000,0,-,-,-,-,3658.2000,3658.0000,3656.6000,3656.2000,3656.0000,3659.8000,3660.0000,3661.0000,3661.6000,3662.0000,2,5,1,2,1,3,2,1,1,1
SF,IF2009,2020-04-16 09:33:52.300,3659.8000,18684,0,199669020.000,0,-,-,-,-,3658.2000,3658.0000,3656.6000,3656.2000,3656.0000,3659.4000,3659.8000,3660.0000,3661.0000,3661.6000,1,7,1,2,1,10,3,2,1,1
SF,IF2009,2020-04-16 09:33:52.800,3659.8000,18684,0,199669020.000,0,-,-,-,-,3658.2000,3658.0000,3656.6000,3656.2000,3656.0000,3659.4000,3659.8000,3660.0000,3661.0000,3661.6000,1,8,1,2,1,1,3,2,1,1
SF,IF2009,2020-04-16 09:33:53.300,3659.8000,18684,0,199669020.000,0,-,-,-,-,3658.4000,3658.2000,3658.0000,3656.6000,3656.2000,3659.4000,3659.8000,3660.0000,3661.0000,3661.6000,1,1,8,1,2,1,3,2,1,1
SF,IF2009,2020-04-16 09:33:53.800,3659.8000,18684,0,199669020.000,0,-,-,-,-,3658.6000,3658.2000,3658.0000,3656.6000,3656.2000,3659.8000,3660.0000,3661.0000,3661.6000,3662.0000,1,1,8,1,2,3,2,1,1,1
SF,IF2009,2020-04-16 09:33:54.300,3659.8000,18684,0,199669020.000,0,-,-,-,-,3658.2000,3658.0000,3656.6000,3656.2000,3656.0000,3659.8000,3660.0000,3661.0000,3661.6000,3662.0000,1,8,1,2,1,3,2,1,1,1
SF,IF2009,2020-04-16 09:33:54.800,3659.8000,18684,0,199669020.000,0,-,-,-,-,3658.4000,3658.2000,3658.0000,3656.6000,3656.2000,3659.6000,3659.8000,3660.0000,3661.0000,3661.6000,1,1,8,1,2,1,3,2,1,1
SF,IF2009,2020-04-16 09:33:55.300,3659.8000,18684,0,199669020.000,0,-,-,-,-,3659.0000,3658.6000,3658.0000,3656.6000,3656.2000,3659.6000,3659.8000,3660.0000,3661.0000,3661.6000,1,2,8,1,2,1,3,2,1,1
SF,IF2009,2020-04-16 09:33:55.800,3659.0000,18684,0,200766720.000,1,0,1,多换,S,3658.6000,3658.0000,3656.6000,3656.2000,3656.0000,3659.6000,3659.8000,3660.0000,3661.0000,3661.6000,1,8,1,2,1,1,3,2,1,1
SF,IF2009,2020-04-16 09:33:56.300,3659.8000,18685,1,205158420.000,4,2,2,空开,S,3659.8000,3658.6000,3658.0000,3656.6000,3656.2000,3660.0000,3661.0000,3661.6000,3662.0000,3665.0000,6,1,8,1,2,2,1,1,1,1
SF,IF2009,2020-04-16 09:33:56.800,3659.8000,18685,0,211746060.000,6,3,3,多换,S,3658.6000,3658.0000,3656.6000,3656.2000,3656.0000,3659.8000,3660.0000,3661.0000,3661.6000,3662.0000,1,8,1,2,1,2,2,1,1,2
SF,IF2009,2020-04-16 09:33:57.300,3659.8000,18685,0,211746060.000,0,-,-,-,-,3658.8000,3658.6000,3658.0000,3656.6000,3656.2000,3660.0000,3661.0000,3661.6000,3662.0000,3665.0000,1,1,8,1,2,2,1,1,2,1
SF,IF2009,2020-04-16 09:33:57.800,3659.8000,18685,0,211746060.000,0,-,-,-,-,3658.6000,3658.0000,3656.6000,3656.2000,3656.0000,3660.0000,3661.0000,3661.6000,3662.0000,3665.0000,1,8,1,2,1,2,1,1,2,1
SF,IF2009,2020-04-16 09:33:58.300,3659.8000,18685,0,211746060.000,0,-,-,-,-,3658.6000,3658.0000,3656.6000,3656.2000,3656.0000,3660.0000,3661.6000,3662.0000,3665.0000,3666.0000,1,8,1,2,1,2,1,2,1,1
SF,IF2009,2020-04-16 09:33:58.800,3659.8000,18685,0,211746060.000,0,-,-,-,-,3658.6000,3658.0000,3656.6000,3656.2000,3656.0000,3660.0000,3661.6000,3662.0000,3665.0000,3666.0000,1,8,1,2,1,2,1,2,1,1
SF,IF2009,2020-04-16 09:33:59.800,3658.6000,18685,0,212843640.000,1,0,1,多换,S,3658.0000,3656.6000,3656.2000,3656.0000,3655.6000,3660.0000,3661.6000,3662.0000,3665.0000,3666.0000,8,1,2,1,1,2,1,2,1,1
SF,IF2009,2020-04-16 09:34:00.300,3658.6000,18685,0,212843640.000,0,-,-,-,-,3658.2000,3658.0000,3656.6000,3656.2000,3656.0000,3659.8000,3660.0000,3661.6000,3662.0000,3665.0000,3,8,1,2,1,1,2,1,2,1
SF,IF2009,2020-04-16 09:34:00.800,3658.6000,18685,0,212843640.000,0,-,-,-,-,3658.2000,3658.0000,3656.6000,3656.2000,3656.0000,3659.8000,3660.0000,3661.6000,3662.0000,3665.0000,3,8,1,2,1,1,2,1,2,1
SF,IF2009,2020-04-16 09:34:01.800,3658.6000,18685,0,212843640.000,0,-,-,-,-,3658.2000,3658.0000,3656.6000,3656.2000,3656.0000,3659.6000,3659.8000,3660.0000,3661.6000,3662.0000,3,8,1,2,1,10,1,2,1,2
SF,IF2009,2020-04-16 09:34:02.300,3658.6000,18685,0,212843640.000,0,-,-,-,-,3658.2000,3658.0000,3656.6000,3656.2000,3656.0000,3659.4000,3659.6000,3660.0000,3661.6000,3662.0000,1,8,1,2,1,1,10,2,1,2
SF,IF2009,2020-04-16 09:34:02.800,3658.6000,18685,0,212843640.000,0,-,-,-,-,3658.2000,3658.0000,3656.6000,3656.2000,3656.0000,3659.4000,3659.6000,3660.0000,3661.6000,3662.0000,1,8,1,2,1,1,10,2,1,2
SF,IF2009,2020-04-16 09:34:03.300,3658.6000,18685,0,212843640.000,0,-,-,-,-,3658.2000,3658.0000,3656.6000,3656.2000,3656.0000,3659.2000,3659.4000,3660.0000,3661.6000,3662.0000,1,8,1,2,1,10,1,2,1,2
SF,IF2009,2020-04-16 09:34:03.800,3658.6000,18685,0,212843640.000,0,-,-,-,-,3658.2000,3658.0000,3656.6000,3656.2000,3656.0000,3659.0000,3659.2000,3660.0000,3661.6000,3662.0000,1,8,1,2,1,1,10,2,1,2
SF,IF2009,2020-04-16 09:34:04.800,3659.0000,18685,0,213941340.000,1,0,1,多换,S,3658.2000,3658.0000,3656.6000,3656.2000,3656.0000,3659.2000,3660.0000,3661.6000,3662.0000,3665.0000,1,8,1,2,1,10,2,1,2,6
SF,IF2009,2020-04-16 09:34:06.800,3658.2000,18685,0,215038800.000,1,0,1,多换,S,3658.0000,3656.6000,3656.2000,3656.0000,3655.6000,3659.2000,3660.0000,3661.6000,3662.0000,3665.0000,8,1,2,1,1,10,2,1,2,6
SF,IF2009,2020-04-16 09:34:07.300,3658.2000,18685,0,215038800.000,0,-,-,-,-,3658.2000,3658.0000,3656.6000,3656.2000,3656.0000,3660.0000,3661.6000,3662.0000,3665.0000,3666.0000,2,8,1,2,1,2,1,2,6,1
SF,IF2009,2020-04-16 09:34:07.800,3658.2000,18685,0,215038800.000,0,-,-,-,-,3658.2000,3658.0000,3656.6000,3656.2000,3656.0000,3659.6000,3659.8000,3660.0000,3661.6000,3662.0000,1,8,1,2,1,10,1,2,1,2
SF,IF2009,2020-04-16 09:34:08.300,3658.2000,18685,0,215038800.000,0,-,-,-,-,3658.2000,3658.0000,3656.6000,3656.2000,3656.0000,3659.4000,3659.6000,3660.0000,3661.6000,3662.0000,1,8,1,2,1,1,10,2,1,2
SF,IF2009,2020-04-16 09:34:09.800,3658.2000,18685,0,215038800.000,0,-,-,-,-,3658.4000,3658.2000,3658.0000,3656.6000,3656.2000,3659.4000,3659.6000,3660.0000,3661.6000,3662.0000,1,1,8,1,2,1,10,2,1,2
SF,IF2009,2020-04-16 09:34:10.300,3658.2000,18685,0,215038800.000,0,-,-,-,-,3658.0000,3656.6000,3656.2000,3656.0000,3655.6000,3659.4000,3659.6000,3660.0000,3661.6000,3662.0000,8,1,2,1,1,1,10,2,1,2
SF,IF2009,2020-04-16 09:34:10.800,3658.2000,18685,0,215038800.000,0,-,-,-,-,3658.2000,3658.0000,3656.6000,3656.2000,3656.0000,3659.4000,3659.6000,3660.0000,3661.6000,3662.0000,2,8,1,2,1,1,10,2,1,2
SF,IF2009,2020-04-16 09:34:12.300,3659.0000,18683,-2,218331420.000,3,0,3,多平,S,3658.0000,3656.6000,3656.2000,3656.0000,3655.6000,3659.0000,3659.2000,3659.4000,3660.0000,3661.6000,8,1,2,1,1,9,1,1,2,1
SF,IF2009,2020-04-16 09:34:12.800,3658.0000,18683,0,219428820.000,1,0,1,多换,S,3658.0000,3656.6000,3656.2000,3656.0000,3655.6000,3658.8000,3659.0000,3659.4000,3660.0000,3661.6000,7,1,2,1,1,2,9,1,2,1
SF,IF2009,2020-04-16 09:34:13.300,3658.0000,18683,0,224915820.000,5,2,3,多换,S,3658.0000,3656.6000,3656.2000,3656.0000,3655.6000,3658.8000,3659.0000,3659.4000,3660.0000,3661.6000,2,1,2,1,1,2,9,1,2,1
SF,IF2009,2020-04-16 09:34:13.800,3658.0000,18683,0,227110620.000,2,1,1,多换,S,3656.6000,3656.2000,3656.0000,3655.6000,3654.8000,3658.6000,3658.8000,3660.0000,3661.6000,3662.0000,1,2,1,1,2,9,2,2,1,2
SF,IF2009,2020-04-16 09:34:14.300,3658.0000,18683,0,227110620.000,0,-,-,-,-,3656.8000,3656.6000,3656.2000,3656.0000,3655.6000,3658.4000,3658.6000,3660.0000,3661.6000,3662.0000,1,1,2,1,1,3,9,2,1,2
SF,IF2009,2020-04-16 09:34:14.800,3658.0000,18683,0,227110620.000,0,-,-,-,-,3656.8000,3656.6000,3656.2000,3656.0000,3655.6000,3658.4000,3658.6000,3660.0000,3661.6000,3662.0000,1,1,2,1,1,3,9,2,1,2
SF,IF2009,2020-04-16 09:34:15.300,3658.0000,18683,0,227110620.000,0,-,-,-,-,3657.0000,3656.8000,3656.6000,3656.2000,3656.0000,3658.4000,3660.0000,3661.6000,3662.0000,3663.6000,1,1,1,2,1,3,2,1,2,5
SF,IF2009,2020-04-16 09:34:15.800,3658.0000,18683,0,227110620.000,0,-,-,-,-,3657.2000,3656.6000,3656.2000,3656.0000,3655.6000,3658.4000,3660.0000,3661.6000,3662.0000,3663.6000,1,1,2,1,1,2,2,1,2,5
SF,IF2009,2020-04-16 09:34:16.300,3658.0000,18683,0,227110620.000,0,-,-,-,-,3657.2000,3656.2000,3656.0000,3655.6000,3654.8000,3658.4000,3660.0000,3661.6000,3662.0000,3663.6000,1,2,1,1,2,2,2,1,2,5
SF,IF2009,2020-04-16 09:34:16.800,3658.0000,18683,0,227110620.000,0,-,-,-,-,3657.2000,3656.2000,3656.0000,3655.6000,3654.8000,3658.4000,3660.0000,3661.6000,3662.0000,3663.6000,1,2,1,1,2,1,2,1,2,5
SF,IF2009,2020-04-16 09:34:17.300,3658.0000,18683,0,227110620.000,0,-,-,-,-,3657.4000,3657.2000,3656.2000,3656.0000,3655.6000,3660.0000,3661.6000,3662.0000,3665.0000,3666.0000,1,1,2,1,1,2,1,2,1,1
SF,IF2009,2020-04-16 09:34:17.800,3658.0000,18683,0,227110620.000,0,-,-,-,-,3657.6000,3656.2000,3656.0000,3655.6000,3654.8000,3659.6000,3659.8000,3660.0000,3661.6000,3662.0000,1,2,1,1,2,9,1,2,1,2
SF,IF2009,2020-04-16 09:34:18.300,3658.0000,18683,0,227110620.000,0,-,-,-,-,3657.6000,3656.2000,3656.0000,3655.6000,3654.8000,3659.4000,3660.0000,3661.6000,3662.0000,3664.8000,1,2,1,1,2,2,2,1,2,5
SF,IF2009,2020-04-16 09:34:18.800,3658.0000,18683,0,227110620.000,0,-,-,-,-,3657.8000,3657.6000,3656.2000,3656.0000,3655.6000,3659.4000,3660.0000,3661.6000,3662.0000,3664.8000,1,1,2,1,1,2,2,1,2,5
SF,IF2009,2020-04-16 09:34:19.300,3658.0000,18683,0,227110620.000,0,-,-,-,-,3658.0000,3656.2000,3656.0000,3655.6000,3654.8000,3659.4000,3660.0000,3661.6000,3662.0000,3664.8000,1,2,1,1,2,2,2,1,2,5
SF,IF2009,2020-04-16 09:34:19.800,3658.0000,18683,0,227110620.000,0,-,-,-,-,3656.2000,3656.0000,3655.6000,3654.8000,3654.0000,3659.0000,3659.4000,3660.0000,3661.6000,3662.0000,2,1,1,2,1,9,2,2,1,2
SF,IF2009,2020-04-16 09:34:20.300,3658.0000,18683,0,227110620.000,0,-,-,-,-,3656.4000,3656.2000,3656.0000,3655.6000,3654.8000,3658.8000,3659.0000,3660.0000,3661.6000,3662.0000,1,2,1,1,2,1,9,2,1,2
SF,IF2009,2020-04-16 09:34:20.800,3658.0000,18683,0,227110620.000,0,-,-,-,-,3656.4000,3656.2000,3656.0000,3655.6000,3654.8000,3658.4000,3658.8000,3660.0000,3661.6000,3662.0000,1,2,1,1,2,9,1,2,1,2
SF,IF2009,2020-04-16 09:34:21.300,3658.0000,18683,0,227110620.000,0,-,-,-,-,3656.6000,3656.4000,3656.2000,3656.0000,3655.6000,3658.2000,3660.0000,3661.6000,3662.0000,3663.6000,1,1,2,1,1,2,2,1,2,5
SF,IF2009,2020-04-16 09:34:21.800,3658.0000,18683,0,227110620.000,0,-,-,-,-,3656.8000,3656.2000,3656.0000,3655.6000,3654.8000,3658.0000,3658.2000,3660.0000,3661.6000,3662.0000,1,2,1,1,2,1,2,2,1,2
SF,IF2009,2020-04-16 09:34:22.300,3658.0000,18683,0,227110620.000,0,-,-,-,-,3657.0000,3656.8000,3656.6000,3656.2000,3656.0000,3658.0000,3658.2000,3659.0000,3660.0000,3661.6000,1,1,1,2,1,1,1,2,2,1
SF,IF2009,2020-04-16 09:34:22.800,3658.0000,18683,0,227110620.000,0,-,-,-,-,3657.2000,3656.6000,3656.2000,3656.0000,3655.6000,3658.0000,3658.2000,3659.0000,3660.0000,3661.6000,1,2,2,1,1,1,1,2,2,1
SF,IF2009,2020-04-16 09:34:23.300,3657.4000,18682,-1,228207840.000,1,0,1,双平,S,3657.2000,3656.6000,3656.2000,3656.0000,3655.6000,3658.0000,3659.0000,3660.0000,3661.6000,3662.0000,1,2,2,1,1,1,2,2,1,2
SF,IF2009,2020-04-16 09:34:23.800,3657.4000,18682,0,229305060.000,1,0,1,多换,S,3657.2000,3656.6000,3656.2000,3656.0000,3655.6000,3658.0000,3659.0000,3660.0000,3661.6000,3662.0000,1,2,2,1,1,1,2,2,1,2
SF,IF2009,2020-04-16 09:34:26.300,3657.4000,18682,0,229305060.000,0,-,-,-,-,3657.2000,3656.6000,3656.2000,3656.0000,3655.6000,3658.0000,3659.0000,3660.0000,3661.6000,3662.0000,1,2,2,1,1,1,2,2,1,4
SF,IF2009,2020-04-16 09:34:27.300,3657.4000,18682,0,229305060.000,0,-,-,-,-,3657.2000,3656.6000,3656.2000,3656.0000,3655.6000,3658.0000,3659.0000,3660.0000,3661.6000,3662.0000,2,2,2,1,1,1,2,2,1,4
SF,IF2009,2020-04-16 09:34:27.800,3657.2000,18681,-1,230402220.000,1,0,1,双平,S,3657.2000,3656.6000,3656.2000,3656.0000,3655.6000,3658.0000,3659.0000,3660.0000,3661.6000,3662.0000,1,2,2,1,1,1,2,2,1,4
SF,IF2009,2020-04-16 09:34:28.800,3657.2000,18681,0,230402220.000,0,-,-,-,-,3657.2000,3656.6000,3656.2000,3656.0000,3655.6000,3658.0000,3659.0000,3660.0000,3661.6000,3662.0000,1,2,2,1,1,1,3,2,1,4
SF,IF2009,2020-04-16 09:34:30.300,3657.2000,18681,0,230402220.000,0,-,-,-,-,3657.2000,3656.6000,3656.2000,3656.0000,3655.6000,3658.0000,3659.0000,3660.0000,3661.6000,3662.0000,1,2,2,1,1,3,3,2,1,4
SF,IF2009,2020-04-16 09:34:31.300,3658.0000,18682,1,232596780.000,2,1,1,空开,S,3656.6000,3656.2000,3656.0000,3655.6000,3654.8000,3657.8000,3658.0000,3659.0000,3660.0000,3661.6000,2,2,1,1,2,1,2,3,2,1
SF,IF2009,2020-04-16 09:34:31.800,3658.0000,18682,0,232596780.000,0,-,-,-,-,3656.8000,3656.6000,3656.2000,3656.0000,3655.6000,3658.0000,3659.0000,3660.0000,3661.6000,3662.0000,1,2,2,1,1,2,3,2,1,4
SF,IF2009,2020-04-16 09:34:33.300,3658.0000,18682,0,232596780.000,0,-,-,-,-,3656.8000,3656.6000,3656.2000,3656.0000,3655.6000,3658.0000,3659.0000,3660.0000,3661.6000,3662.0000,1,2,2,1,1,2,3,2,1,4
SF,IF2009,2020-04-16 09:34:33.800,3658.0000,18680,-2,234791580.000,2,0,2,双平,S,3657.0000,3656.8000,3656.6000,3656.2000,3656.0000,3659.0000,3660.0000,3661.6000,3662.0000,3663.6000,1,1,2,2,1,3,2,1,4,5
SF,IF2009,2020-04-16 09:34:34.300,3658.0000,18680,0,234791580.000,0,-,-,-,-,3657.2000,3656.6000,3656.2000,3656.0000,3655.6000,3658.8000,3659.0000,3660.0000,3661.6000,3662.0000,1,2,2,1,1,2,3,2,1,4
SF,IF2009,2020-04-16 09:34:35.800,3657.2000,18679,-1,235888740.000,1,0,1,双平,S,3656.6000,3656.2000,3656.0000,3655.6000,3654.8000,3658.8000,3659.0000,3660.0000,3661.6000,3662.0000,2,2,1,1,2,2,3,2,1,4
SF,IF2009,2020-04-16 09:34:36.300,3657.2000,18679,0,235888740.000,0,-,-,-,-,3656.8000,3656.6000,3656.2000,3656.0000,3655.6000,3658.0000,3658.8000,3659.0000,3660.0000,3661.6000,1,3,2,1,1,2,1,3,2,1
SF,IF2009,2020-04-16 09:34:36.800,3657.2000,18679,0,235888740.000,0,-,-,-,-,3657.0000,3656.8000,3656.6000,3656.2000,3656.0000,3658.0000,3658.8000,3659.0000,3660.0000,3661.6000,1,1,2,2,1,2,1,3,2,1
SF,IF2009,2020-04-16 09:34:37.300,3657.2000,18679,0,235888740.000,0,-,-,-,-,3657.2000,3656.8000,3656.6000,3656.2000,3656.0000,3658.0000,3658.8000,3659.0000,3660.0000,3661.6000,1,2,2,2,1,2,1,3,2,1
SF,IF2009,2020-04-16 09:34:37.800,3657.2000,18679,0,235888740.000,0,-,-,-,-,3656.8000,3656.6000,3656.2000,3656.0000,3655.6000,3658.0000,3658.8000,3659.0000,3660.0000,3661.6000,1,2,2,1,1,2,1,3,2,1
SF,IF2009,2020-04-16 09:34:38.300,3657.2000,18679,0,235888740.000,0,-,-,-,-,3657.0000,3656.8000,3656.6000,3656.2000,3656.0000,3658.0000,3658.8000,3659.0000,3660.0000,3661.6000,1,1,2,2,1,2,1,3,2,1
SF,IF2009,2020-04-16 09:34:38.800,3657.2000,18679,0,235888740.000,0,-,-,-,-,3656.8000,3656.6000,3656.2000,3656.0000,3655.6000,3658.0000,3658.8000,3659.0000,3660.0000,3661.6000,1,2,2,1,1,2,1,3,3,1
SF,IF2009,2020-04-16 09:34:40.800,3657.2000,18679,0,235888740.000,0,-,-,-,-,3656.8000,3656.6000,3656.2000,3656.0000,3655.6000,3658.0000,3658.8000,3659.0000,3660.0000,3661.6000,1,2,2,1,1,2,1,3,3,1
SF,IF2009,2020-04-16 09:34:41.300,3656.8000,18679,0,236985780.000,1,0,1,多换,S,3656.6000,3656.2000,3656.0000,3655.6000,3654.8000,3658.0000,3658.8000,3659.0000,3660.0000,3661.6000,2,2,1,1,2,2,1,3,3,1
SF,IF2009,2020-04-16 09:34:41.800,3656.8000,18679,0,236985780.000,0,-,-,-,-,3656.8000,3656.6000,3656.2000,3656.0000,3655.6000,3658.0000,3658.8000,3659.0000,3660.0000,3661.6000,2,2,2,1,1,2,1,3,3,1
SF,IF2009,2020-04-16 09:34:42.300,3656.8000,18679,0,236985780.000,0,-,-,-,-,3656.8000,3656.6000,3656.2000,3656.0000,3655.6000,3658.0000,3658.8000,3659.0000,3660.0000,3661.6000,3,2,2,1,1,2,1,3,3,1
SF,IF2009,2020-04-16 09:34:42.800,3658.0000,18677,-2,239180580.000,2,0,2,双平,S,3656.8000,3656.6000,3656.2000,3656.0000,3655.6000,3658.8000,3659.0000,3660.0000,3661.6000,3662.0000,3,2,2,1,1,1,3,3,1,4
SF,IF2009,2020-04-16 09:34:43.300,3658.0000,18677,0,239180580.000,0,-,-,-,-,3656.8000,3656.6000,3656.2000,3656.0000,3655.6000,3658.8000,3659.0000,3660.0000,3661.6000,3662.0000,4,2,2,1,1,1,3,3,1,4
SF,IF2009,2020-04-16 09:34:43.800,3658.0000,18677,0,239180580.000,0,-,-,-,-,3658.0000,3656.8000,3656.6000,3656.2000,3656.0000,3658.8000,3659.0000,3660.0000,3661.6000,3662.0000,1,4,2,2,1,1,3,3,1,4
SF,IF2009,2020-04-16 09:34:44.300,3658.0000,18677,0,239180580.000,0,-,-,-,-,3658.0000,3656.8000,3656.6000,3656.2000,3656.0000,3658.8000,3659.0000,3660.0000,3661.6000,3662.0000,1,2,2,2,1,1,3,3,1,4
SF,IF2009,2020-04-16 09:34:44.800,3658.0000,18677,0,239180580.000,0,-,-,-,-,3658.0000,3656.8000,3656.6000,3656.2000,3656.0000,3658.8000,3659.0000,3660.0000,3661.6000,3662.0000,1,2,2,2,1,1,3,3,1,4
SF,IF2009,2020-04-16 09:34:45.300,3658.0000,18677,0,239180580.000,0,-,-,-,-,3658.0000,3656.8000,3656.6000,3656.2000,3656.0000,3658.8000,3659.0000,3660.0000,3661.6000,3662.0000,2,2,2,2,1,1,4,3,1,4
SF,IF2009,2020-04-16 09:34:47.300,3658.0000,18677,0,240277980.000,1,0,1,多换,S,3658.0000,3656.8000,3656.6000,3656.2000,3656.0000,3658.8000,3659.0000,3660.0000,3661.6000,3662.0000,2,2,2,2,1,1,4,3,1,4
SF,IF2009,2020-04-16 09:34:47.800,3658.0000,18677,0,240277980.000,0,-,-,-,-,3658.0000,3656.8000,3656.6000,3656.2000,3656.0000,3658.6000,3658.8000,3659.0000,3660.0000,3661.6000,2,2,2,2,1,1,1,4,3,1
SF,IF2009,2020-04-16 09:34:48.300,3658.0000,18677,0,240277980.000,0,-,-,-,-,3658.0000,3656.8000,3656.6000,3656.2000,3656.0000,3658.8000,3659.0000,3660.0000,3661.6000,3662.0000,2,2,2,2,1,1,4,3,1,4
SF,IF2009,2020-04-16 09:34:49.800,3658.0000,18677,0,241375380.000,1,0,1,多换,S,3658.0000,3656.8000,3656.6000,3656.2000,3656.0000,3658.6000,3658.8000,3659.0000,3660.0000,3661.6000,1,2,2,2,1,1,1,4,3,1
SF,IF2009,2020-04-16 09:34:50.300,3658.0000,18677,0,242472780.000,1,0,1,多换,S,3656.8000,3656.6000,3656.2000,3656.0000,3655.6000,3658.8000,3659.0000,3660.0000,3661.6000,3662.0000,2,2,2,1,1,1,4,3,1,4
SF,IF2009,2020-04-16 09:34:50.800,3658.0000,18677,0,242472780.000,0,-,-,-,-,3657.0000,3656.8000,3656.6000,3656.2000,3656.0000,3658.6000,3658.8000,3659.0000,3660.0000,3661.6000,1,2,2,2,1,1,1,4,3,1
SF,IF2009,2020-04-16 09:34:51.300,3658.0000,18677,0,242472780.000,0,-,-,-,-,3657.2000,3657.0000,3656.8000,3656.6000,3656.2000,3658.4000,3658.6000,3659.0000,3660.0000,3661.6000,1,2,1,2,2,2,1,4,3,1
SF,IF2009,2020-04-16 09:34:51.800,3658.4000,18677,0,243570300.000,1,0,1,多换,S,3657.2000,3657.0000,3656.8000,3656.6000,3656.2000,3658.4000,3658.6000,3659.0000,3660.0000,3661.6000,1,1,1,2,2,1,1,4,3,1
SF,IF2009,2020-04-16 09:34:52.300,3658.4000,18677,0,243570300.000,0,-,-,-,-,3657.2000,3657.0000,3656.8000,3656.6000,3656.2000,3658.6000,3659.0000,3660.0000,3661.6000,3662.0000,1,1,1,2,2,1,4,3,1,4
SF,IF2009,2020-04-16 09:34:52.800,3658.4000,18677,0,243570300.000,0,-,-,-,-,3657.2000,3657.0000,3656.6000,3656.2000,3656.0000,3658.6000,3659.0000,3660.0000,3661.6000,3662.0000,1,1,2,2,1,1,4,3,1,4
SF,IF2009,2020-04-16 09:34:53.300,3658.4000,18677,0,243570300.000,0,-,-,-,-,3657.4000,3657.2000,3657.0000,3656.6000,3656.2000,3658.6000,3659.0000,3660.0000,3661.6000,3662.0000,2,1,1,2,2,1,4,3,1,4
SF,IF2009,2020-04-16 09:34:53.800,3658.4000,18677,0,243570300.000,0,-,-,-,-,3657.6000,3657.4000,3657.0000,3656.6000,3656.2000,3658.6000,3659.0000,3660.0000,3661.6000,3662.0000,1,2,1,2,2,1,4,3,1,4
SF,IF2009,2020-04-16 09:34:54.300,3658.6000,18677,0,244667880.000,1,0,1,多换,S,3657.6000,3657.4000,3657.0000,3656.6000,3656.2000,3659.0000,3660.0000,3661.6000,3662.0000,3664.6000,1,1,1,2,2,4,3,1,4,5
SF,IF2009,2020-04-16 09:34:54.800,3657.8000,18676,-1,245765220.000,1,0,1,双平,S,3657.8000,3657.6000,3657.4000,3657.0000,3656.6000,3659.0000,3660.0000,3661.6000,3662.0000,3664.6000,1,2,1,1,2,4,3,1,4,5
SF,IF2009,2020-04-16 09:34:55.300,3658.8000,18677,1,246862860.000,1,1,0,双开,S,3658.6000,3657.8000,3657.6000,3657.4000,3657.0000,3658.8000,3659.0000,3660.0000,3661.6000,3662.0000,1,1,1,1,1,2,4,3,1,4
SF,IF2009,2020-04-16 09:34:55.800,3659.0000,18673,-4,253448940.000,6,1,5,多平,S,3658.6000,3657.8000,3657.6000,3657.4000,3656.6000,3660.0000,3661.6000,3662.0000,3664.6000,3665.0000,1,1,1,1,3,3,1,4,5,1
SF,IF2009,2020-04-16 09:34:56.300,3659.0000,18673,0,253448940.000,0,-,-,-,-,3658.8000,3658.6000,3657.8000,3656.6000,3656.2000,3660.0000,3661.6000,3662.0000,3665.0000,3666.0000,1,1,1,3,2,3,1,4,1,1
SF,IF2009,2020-04-16 09:34:56.800,3659.0000,18673,0,253448940.000,0,-,-,-,-,3659.0000,3658.8000,3658.6000,3657.8000,3656.6000,3660.0000,3661.6000,3662.0000,3665.0000,3666.0000,1,1,1,1,3,3,1,4,1,1
SF,IF2009,2020-04-16 09:34:57.300,3659.0000,18673,0,253448940.000,0,-,-,-,-,3659.2000,3658.6000,3657.8000,3656.6000,3656.2000,3660.0000,3661.6000,3662.0000,3665.0000,3666.0000,2,1,1,3,2,3,1,4,1,1
SF,IF2009,2020-04-16 09:34:57.800,3660.0000,18672,-1,254546940.000,1,0,1,双平,S,3659.2000,3658.6000,3657.8000,3656.6000,3656.2000,3660.0000,3661.6000,3662.0000,3665.0000,3666.0000,2,1,1,3,2,2,1,4,1,1
SF,IF2009,2020-04-16 09:34:58.800,3660.0000,18671,-1,255644940.000,1,0,1,双平,S,3659.2000,3658.6000,3657.8000,3656.6000,3656.2000,3660.0000,3661.6000,3662.0000,3665.0000,3666.0000,2,1,1,3,2,1,1,4,1,1
SF,IF2009,2020-04-16 09:34:59.800,3660.0000,18671,0,255644940.000,0,-,-,-,-,3659.2000,3658.6000,3657.8000,3656.6000,3656.2000,3660.0000,3661.6000,3662.0000,3665.0000,3666.0000,2,1,1,3,2,1,1,4,1,1
SF,IF2009,2020-04-16 09:35:00.300,3660.0000,18671,0,255644940.000,0,-,-,-,-,3659.2000,3658.6000,3657.8000,3657.6000,3656.6000,3660.0000,3661.6000,3662.0000,3665.0000,3666.0000,2,1,1,1,3,1,1,4,1,1
SF,IF2009,2020-04-16 09:35:00.800,3660.0000,18671,0,256742940.000,1,0,1,多换,S,3659.2000,3658.6000,3657.8000,3657.6000,3656.6000,3661.6000,3662.0000,3665.0000,3666.0000,3666.2000,2,1,1,1,3,1,4,1,1,5
SF,IF2009,2020-04-16 09:35:01.300,3659.2000,18670,-1,257840700.000,1,0,1,双平,S,3658.6000,3657.6000,3656.6000,3656.2000,3656.0000,3661.2000,3661.4000,3661.6000,3662.0000,3665.0000,1,1,3,2,1,9,2,1,4,1
SF,IF2009,2020-04-16 09:35:01.800,3659.2000,18670,0,257840700.000,0,-,-,-,-,3659.2000,3658.8000,3658.6000,3657.6000,3656.6000,3661.0000,3661.6000,3662.0000,3665.0000,3666.0000,1,2,1,1,3,2,1,4,1,1
SF,IF2009,2020-04-16 09:35:02.300,3659.2000,18670,0,257840700.000,0,-,-,-,-,3659.4000,3659.2000,3658.8000,3658.6000,3657.6000,3661.0000,3661.6000,3662.0000,3665.0000,3666.0000,2,1,1,1,1,2,1,4,1,1
SF,IF2009,2020-04-16 09:35:02.800,3659.2000,18670,0,257840700.000,0,-,-,-,-,3659.4000,3659.2000,3658.8000,3658.6000,3657.6000,3661.0000,3661.6000,3662.0000,3665.0000,3666.0000,2,1,1,1,1,1,1,4,1,1
SF,IF2009,2020-04-16 09:35:04.300,3659.2000,18670,0,257840700.000,0,-,-,-,-,3660.0000,3659.4000,3658.8000,3658.6000,3657.6000,3661.0000,3661.6000,3662.0000,3665.0000,3666.0000,1,2,1,1,1,1,1,4,1,1
SF,IF2009,2020-04-16 09:35:04.800,3659.2000,18670,0,257840700.000,0,-,-,-,-,3660.0000,3659.4000,3658.6000,3657.6000,3656.6000,3661.0000,3661.6000,3662.0000,3665.0000,3666.0000,1,1,1,1,3,1,1,4,1,1
SF,IF2009,2020-04-16 09:35:06.800,3659.2000,18670,0,257840700.000,0,-,-,-,-,3660.2000,3660.0000,3659.4000,3657.6000,3656.6000,3661.0000,3661.6000,3662.0000,3665.0000,3666.0000,1,1,1,1,3,1,1,4,1,1
SF,IF2009,2020-04-16 09:35:07.300,3659.2000,18670,0,257840700.000,0,-,-,-,-,3660.0000,3659.4000,3657.6000,3656.6000,3656.2000,3661.0000,3661.6000,3662.0000,3665.0000,3666.0000,1,1,1,3,2,1,1,4,1,1
SF,IF2009,2020-04-16 09:35:07.800,3661.0000,18669,-1,258939000.000,1,0,1,双平,S,3660.2000,3660.0000,3659.4000,3657.6000,3656.6000,3661.6000,3662.0000,3665.0000,3666.0000,3666.2000,1,1,1,1,3,1,4,1,1,5
SF,IF2009,2020-04-16 09:35:08.300,3661.0000,18669,0,258939000.000,0,-,-,-,-,3660.4000,3660.0000,3659.4000,3657.6000,3656.6000,3661.4000,3661.6000,3662.0000,3665.0000,3666.0000,1,1,1,1,3,1,1,4,1,1
SF,IF2009,2020-04-16 09:35:08.800,3660.0000,18669,0,260037000.000,1,0,1,多换,S,3659.4000,3657.6000,3656.6000,3656.2000,3656.0000,3661.4000,3661.6000,3662.0000,3665.0000,3666.0000,1,1,3,2,1,1,1,4,1,1
SF,IF2009,2020-04-16 09:35:09.300,3660.0000,18669,0,260037000.000,0,-,-,-,-,3659.6000,3659.4000,3657.6000,3656.6000,3656.2000,3661.4000,3661.6000,3662.0000,3665.0000,3666.0000,1,1,1,3,2,1,1,4,1,1
SF,IF2009,2020-04-16 09:35:09.800,3660.0000,18669,0,260037000.000,0,-,-,-,-,3659.8000,3657.6000,3656.6000,3656.2000,3656.0000,3661.4000,3661.6000,3662.0000,3665.0000,3666.0000,2,1,3,2,1,1,1,4,1,1
SF,IF2009,2020-04-16 09:35:11.800,3661.4000,18669,0,261135420.000,1,0,1,多换,S,3659.8000,3657.6000,3656.6000,3656.2000,3656.0000,3661.6000,3662.0000,3665.0000,3666.0000,3666.2000,2,1,3,2,1,1,4,1,1,5
SF,IF2009,2020-04-16 09:35:12.300,3661.4000,18669,0,261135420.000,0,-,-,-,-,3659.8000,3657.6000,3656.6000,3656.2000,3656.0000,3661.4000,3661.6000,3662.0000,3665.0000,3666.0000,2,1,3,2,1,1,1,4,1,1
SF,IF2009,2020-04-16 09:35:12.800,3661.4000,18669,0,261135420.000,0,-,-,-,-,3659.8000,3657.6000,3656.6000,3656.2000,3656.0000,3661.4000,3661.6000,3662.0000,3665.0000,3666.0000,3,1,3,2,1,1,1,4,1,1
SF,IF2009,2020-04-16 09:35:13.300,3661.4000,18669,0,261135420.000,0,-,-,-,-,3661.4000,3659.8000,3657.6000,3656.6000,3656.2000,3661.6000,3662.0000,3665.0000,3666.0000,3666.8000,1,3,1,3,2,1,4,1,1,1
SF,IF2009,2020-04-16 09:35:13.800,3661.4000,18668,-1,263332320.000,2,0,2,多平,S,3659.8000,3657.6000,3656.6000,3656.2000,3656.0000,3661.4000,3662.0000,3665.0000,3666.0000,3666.8000,2,1,3,2,1,2,4,1,1,1
SF,IF2009,2020-04-16 09:35:14.300,3661.4000,18668,0,263332320.000,0,-,-,-,-,3660.0000,3659.8000,3657.6000,3656.6000,3656.2000,3662.0000,3665.0000,3666.0000,3666.8000,3667.6000,1,2,1,3,2,4,1,1,1,5
SF,IF2009,2020-04-16 09:35:14.800,3661.4000,18668,0,263332320.000,0,-,-,-,-,3660.2000,3657.6000,3656.6000,3656.2000,3656.0000,3661.8000,3662.0000,3665.0000,3666.0000,3666.8000,2,1,3,2,1,2,4,1,1,1
SF,IF2009,2020-04-16 09:35:15.800,3661.4000,18668,0,263332320.000,0,-,-,-,-,3660.4000,3660.2000,3657.6000,3656.6000,3656.2000,3661.8000,3662.0000,3665.0000,3666.0000,3666.8000,1,2,1,3,2,2,4,1,1,1
SF,IF2009,2020-04-16 09:35:16.300,3661.4000,18668,0,263332320.000,0,-,-,-,-,3660.6000,3660.4000,3657.6000,3656.6000,3656.2000,3661.8000,3662.0000,3665.0000,3666.0000,3666.8000,2,1,1,3,2,2,4,1,1,1
SF,IF2009,2020-04-16 09:35:16.800,3661.4000,18668,0,263332320.000,0,-,-,-,-,3660.6000,3660.4000,3658.8000,3657.6000,3656.6000,3661.8000,3662.0000,3665.0000,3666.0000,3666.8000,2,1,1,1,3,2,4,1,1,1
SF,IF2009,2020-04-16 09:35:17.300,3661.4000,18668,0,263332320.000,0,-,-,-,-,3660.6000,3660.4000,3658.8000,3657.6000,3656.6000,3661.8000,3662.0000,3665.0000,3666.0000,3666.8000,2,1,1,1,3,2,4,1,1,1
SF,IF2009,2020-04-16 09:35:17.800,3660.6000,18668,0,264430500.000,1,0,1,多换,S,3660.6000,3660.4000,3658.8000,3657.6000,3656.6000,3661.8000,3662.0000,3665.0000,3666.0000,3666.8000,1,1,1,1,3,2,4,1,1,1
SF,IF2009,2020-04-16 09:35:18.800,3660.6000,18668,0,264430500.000,0,-,-,-,-,3660.8000,3660.6000,3660.4000,3658.8000,3657.6000,3661.8000,3662.0000,3665.0000,3666.0000,3666.8000,1,1,1,1,1,2,4,1,1,1
SF,IF2009,2020-04-16 09:35:19.300,3660.6000,18668,0,264430500.000,0,-,-,-,-,3660.6000,3660.4000,3658.8000,3657.6000,3656.6000,3661.8000,3662.0000,3665.0000,3666.0000,3666.8000,1,1,1,1,2,2,4,1,1,1
