市场代码,合约代码,时间,最新,持仓,增仓,成交额,成交量,开仓,平仓,成交类型,方向,买一价,买二价,买三价,买四价,买五价,卖一价,卖二价,卖三价,卖四价,卖五价,买一量,买二量,买三量,买四量,买五量,卖一量,卖二量,卖三量,卖四量,卖五量
SF,IF2001,2019-11-29 09:29:00.100,3857.4000,3049,0,2314440.000,2.000,-,-,-,-,3854.4000,3851.2000,3850.0000,3847.0000,3846.6000,3859.6000,3860.0000,3862.0000,3862.4000,3862.6000,1,2,1,1,3,2,1,1,3,1
SF,IF2001,2019-11-29 09:30:00.100,3859.6000,3049,0,3472320.000,1,0,1,多换,S,3856.4000,3855.6000,3855.4000,3854.8000,3854.6000,3859.6000,3860.0000,3862.4000,3863.6000,3864.4000,1,1,1,1,2,1,1,3,1,3
SF,IF2001,2019-11-29 09:30:00.600,3859.6000,3049,0,3472320.000,0,-,-,-,-,3857.6000,3857.2000,3856.6000,3856.4000,3855.6000,3859.4000,3860.0000,3864.8000,3865.6000,3879.4000,1,2,2,1,1,1,2,2,1,1
SF,IF2001,2019-11-29 09:30:01.100,3859.6000,3049,0,3472320.000,0,-,-,-,-,3857.6000,3857.2000,3856.6000,3856.4000,3855.6000,3859.4000,3860.0000,3864.8000,3865.0000,3865.6000,2,2,2,1,1,1,2,2,5,1
SF,IF2001,2019-11-29 09:30:01.600,3859.6000,3049,0,3472320.000,0,-,-,-,-,3857.8000,3857.6000,3857.2000,3856.6000,3856.4000,3859.4000,3860.0000,3864.8000,3865.0000,3865.6000,1,2,2,2,1,1,2,2,5,1
SF,IF2001,2019-11-29 09:30:02.100,3859.6000,3049,0,3472320.000,0,-,-,-,-,3857.6000,3857.2000,3856.6000,3856.4000,3855.6000,3859.4000,3860.0000,3864.8000,3865.0000,3865.6000,2,2,2,1,1,1,1,2,5,1
SF,IF2001,2019-11-29 09:30:02.600,3859.6000,3049,0,3472320.000,0,-,-,-,-,3857.6000,3857.2000,3856.6000,3856.4000,3855.6000,3859.4000,3860.0000,3865.0000,3865.6000,3879.4000,2,2,2,1,1,1,1,5,1,1
SF,IF2001,2019-11-29 09:30:03.100,3859.6000,3049,0,3472320.000,0,-,-,-,-,3857.6000,3857.2000,3856.6000,3856.4000,3855.6000,3859.4000,3860.0000,3865.0000,3879.4000,3887.0000,2,2,2,1,1,1,1,5,1,1
SF,IF2001,2019-11-29 09:30:03.600,3859.6000,3049,0,3472320.000,0,-,-,-,-,3857.6000,3857.2000,3856.6000,3856.4000,3855.6000,3859.4000,3860.0000,3865.0000,3879.4000,3887.0000,2,2,2,1,1,1,1,5,1,1
SF,IF2001,2019-11-29 09:30:05.100,3859.6000,3049,0,3472320.000,0,-,-,-,-,3857.6000,3856.6000,3856.4000,3855.6000,3855.4000,3859.4000,3860.0000,3865.0000,3879.4000,3887.0000,2,2,1,1,1,1,1,5,1,1
SF,IF2001,2019-11-29 09:30:07.600,3859.6000,3049,0,3472320.000,0,-,-,-,-,3858.0000,3857.6000,3856.6000,3856.4000,3855.6000,3859.4000,3860.0000,3865.0000,3879.4000,3887.0000,1,2,2,1,1,1,1,5,1,1
SF,IF2001,2019-11-29 09:30:09.600,3858.0000,3048,-1,4629720.000,1,0,1,双平,S,3857.6000,3856.6000,3856.4000,3855.6000,3855.4000,3859.4000,3860.0000,3865.0000,3879.4000,3887.0000,2,2,1,1,1,1,1,5,1,1
SF,IF2001,2019-11-29 09:30:10.100,3857.8000,3047,-1,5787060.000,1,0,1,双平,S,3857.8000,3857.6000,3856.6000,3856.4000,3855.6000,3860.0000,3865.0000,3879.4000,3887.0000,3892.0000,3,2,2,1,1,1,5,1,1,1
SF,IF2001,2019-11-29 09:30:10.600,3857.6000,3045,-2,11573640.000,5,1,4,多平,S,3856.4000,3855.6000,3855.4000,3854.8000,3854.6000,3859.8000,3860.0000,3865.0000,3879.4000,3887.0000,1,1,1,1,2,2,1,5,1,1
SF,IF2001,2019-11-29 09:30:11.100,3857.6000,3045,0,11573640.000,0,-,-,-,-,3857.4000,3857.2000,3856.6000,3856.4000,3855.6000,3859.8000,3860.0000,3865.0000,3879.4000,3887.0000,1,3,1,1,1,2,1,5,1,1
SF,IF2001,2019-11-29 09:30:11.600,3857.6000,3045,0,11573640.000,0,-,-,-,-,3857.6000,3857.4000,3857.2000,3856.8000,3856.6000,3859.8000,3860.0000,3865.0000,3879.4000,3887.0000,1,1,4,1,1,1,1,5,1,1
SF,IF2001,2019-11-29 09:30:12.100,3857.6000,3045,0,11573640.000,0,-,-,-,-,3858.0000,3857.6000,3857.4000,3857.2000,3856.8000,3859.8000,3860.0000,3865.0000,3879.4000,3887.0000,1,1,1,4,1,1,1,5,1,1
SF,IF2001,2019-11-29 09:30:12.600,3857.6000,3045,0,11573640.000,0,-,-,-,-,3858.0000,3857.6000,3857.4000,3857.2000,3856.8000,3859.6000,3859.8000,3860.0000,3865.0000,3879.4000,1,1,1,4,1,1,1,1,5,1
SF,IF2001,2019-11-29 09:30:13.100,3857.6000,3045,0,11573640.000,0,-,-,-,-,3858.2000,3858.0000,3857.6000,3857.4000,3857.2000,3859.8000,3860.0000,3865.0000,3879.4000,3887.0000,1,2,1,1,4,1,1,5,1,1
SF,IF2001,2019-11-29 09:30:13.600,3858.2000,3045,0,12731100.000,1,0,1,多换,S,3858.0000,3857.6000,3857.4000,3857.2000,3856.8000,3859.6000,3859.8000,3860.0000,3865.0000,3879.4000,1,1,1,4,1,1,1,1,5,1
SF,IF2001,2019-11-29 09:30:14.100,3858.2000,3045,0,12731100.000,0,-,-,-,-,3858.2000,3858.0000,3857.6000,3857.4000,3857.2000,3859.6000,3859.8000,3860.0000,3865.0000,3879.4000,1,1,1,1,4,1,1,1,5,1
SF,IF2001,2019-11-29 09:30:14.600,3858.2000,3045,0,12731100.000,0,-,-,-,-,3858.2000,3858.0000,3857.6000,3857.4000,3857.2000,3859.6000,3859.8000,3860.0000,3865.0000,3879.4000,1,1,1,1,4,1,1,1,5,1
SF,IF2001,2019-11-29 09:30:15.100,3859.8000,3044,-1,15046920.000,2,0,2,多平,S,3858.2000,3858.0000,3857.6000,3857.4000,3857.2000,3860.0000,3865.0000,3879.4000,3887.0000,3892.0000,1,1,1,1,4,1,5,1,1,1
SF,IF2001,2019-11-29 09:30:15.600,3858.4000,3046,2,17361960.000,2,2,0,双开,S,3858.2000,3858.0000,3857.6000,3857.4000,3857.2000,3861.2000,3870.0000,3879.4000,3887.0000,3892.0000,1,1,1,1,4,1,5,1,1,1
SF,IF2001,2019-11-29 09:30:16.100,3858.4000,3046,0,17361960.000,0,-,-,-,-,3858.4000,3858.2000,3858.0000,3857.6000,3857.2000,3861.0000,3861.2000,3870.0000,3879.4000,3887.0000,2,1,1,1,4,2,1,5,1,1
SF,IF2001,2019-11-29 09:30:16.600,3858.4000,3046,0,19677000.000,2,1,1,多换,S,3859.0000,3858.6000,3858.4000,3858.2000,3858.0000,3861.0000,3861.2000,3870.0000,3879.4000,3887.0000,2,2,2,2,1,2,1,5,1,1
SF,IF2001,2019-11-29 09:30:17.100,3858.4000,3046,0,19677000.000,0,-,-,-,-,3859.0000,3858.8000,3858.6000,3858.4000,3858.2000,3861.0000,3861.2000,3870.0000,3879.4000,3887.0000,3,1,2,1,1,1,1,5,1,1
SF,IF2001,2019-11-29 09:30:17.600,3858.4000,3046,0,19677000.000,0,-,-,-,-,3859.2000,3859.0000,3858.6000,3858.4000,3858.2000,3861.0000,3861.2000,3870.0000,3879.4000,3887.0000,1,3,2,1,1,1,1,5,1,1
SF,IF2001,2019-11-29 09:30:18.100,3858.4000,3046,0,19677000.000,0,-,-,-,-,3859.2000,3859.0000,3858.6000,3858.4000,3858.0000,3861.0000,3861.2000,3870.0000,3879.4000,3887.0000,1,3,2,2,1,1,1,5,1,1
SF,IF2001,2019-11-29 09:30:18.600,3859.4000,3045,-1,23150940.000,3,1,2,多平,S,3859.2000,3859.0000,3858.6000,3858.4000,3858.0000,3861.2000,3870.0000,3879.4000,3887.0000,3892.0000,1,3,2,2,1,1,5,1,1,1
SF,IF2001,2019-11-29 09:30:19.100,3859.4000,3045,0,23150940.000,0,-,-,-,-,3859.2000,3859.0000,3858.6000,3858.4000,3858.0000,3861.0000,3861.2000,3870.0000,3879.4000,3887.0000,1,3,2,3,1,2,1,5,1,1
SF,IF2001,2019-11-29 09:30:19.600,3859.4000,3045,0,23150940.000,0,-,-,-,-,3859.4000,3859.0000,3858.6000,3858.4000,3858.0000,3861.0000,3861.2000,3870.0000,3879.4000,3887.0000,1,3,2,3,1,2,1,5,1,1
SF,IF2001,2019-11-29 09:30:20.100,3859.4000,3045,0,23150940.000,0,-,-,-,-,3859.0000,3858.6000,3858.4000,3858.0000,3857.2000,3861.0000,3861.2000,3870.0000,3879.4000,3887.0000,3,2,1,1,3,2,1,5,1,1
SF,IF2001,2019-11-29 09:30:21.100,3859.4000,3045,0,23150940.000,0,-,-,-,-,3859.0000,3858.6000,3858.4000,3858.0000,3857.2000,3861.0000,3861.2000,3870.0000,3879.4000,3887.0000,2,2,1,1,3,2,1,5,1,1
SF,IF2001,2019-11-29 09:30:21.600,3859.0000,3046,1,24308640.000,1,1,0,双开,S,3859.0000,3858.6000,3858.4000,3858.0000,3857.2000,3861.0000,3861.2000,3870.0000,3879.4000,3887.0000,1,2,1,1,3,2,1,5,1,1
SF,IF2001,2019-11-29 09:30:22.100,3859.0000,3046,0,24308640.000,0,-,-,-,-,3859.0000,3858.6000,3858.4000,3858.0000,3857.2000,3860.6000,3861.0000,3861.2000,3870.0000,3879.4000,1,2,1,1,3,1,2,1,5,1
SF,IF2001,2019-11-29 09:30:22.600,3859.0000,3046,0,24308640.000,0,-,-,-,-,3859.0000,3858.6000,3858.4000,3858.0000,3857.2000,3860.4000,3860.6000,3861.0000,3861.2000,3870.0000,1,1,1,1,3,1,1,1,1,5
SF,IF2001,2019-11-29 09:30:23.100,3860.4000,3045,-1,25466760.000,1,0,1,双平,S,3859.0000,3858.6000,3858.4000,3858.0000,3857.2000,3860.6000,3861.0000,3861.2000,3870.0000,3879.4000,1,1,1,1,3,1,1,1,5,1
SF,IF2001,2019-11-29 09:30:23.600,3860.4000,3045,0,25466760.000,0,-,-,-,-,3859.2000,3859.0000,3858.6000,3858.4000,3858.0000,3860.4000,3860.6000,3861.0000,3861.2000,3870.0000,1,1,1,1,1,1,1,1,1,5
SF,IF2001,2019-11-29 09:30:24.600,3860.4000,3045,0,25466760.000,0,-,-,-,-,3859.0000,3858.6000,3858.4000,3858.0000,3857.2000,3860.4000,3860.6000,3861.0000,3861.2000,3870.0000,1,1,1,1,3,1,1,1,1,5
SF,IF2001,2019-11-29 09:30:25.100,3860.4000,3045,0,25466760.000,0,-,-,-,-,3859.2000,3859.0000,3858.6000,3858.4000,3858.0000,3860.6000,3861.0000,3861.2000,3870.0000,3879.4000,1,1,1,1,1,1,1,1,5,1
SF,IF2001,2019-11-29 09:30:25.600,3860.4000,3045,0,25466760.000,0,-,-,-,-,3859.0000,3858.6000,3858.4000,3858.0000,3857.2000,3860.4000,3860.6000,3861.0000,3861.2000,3870.0000,1,1,1,1,3,1,1,1,1,5
SF,IF2001,2019-11-29 09:30:26.100,3860.4000,3045,0,25466760.000,0,-,-,-,-,3860.4000,3859.2000,3859.0000,3858.6000,3858.4000,3860.6000,3861.2000,3870.0000,3879.4000,3887.0000,1,2,1,1,1,1,1,5,1,1
SF,IF2001,2019-11-29 09:30:26.600,3860.6000,3044,-1,27783060.000,2,0,2,多平,S,3859.2000,3859.0000,3858.6000,3858.4000,3858.0000,3861.2000,3870.0000,3879.4000,3887.0000,3892.0000,1,1,1,1,2,1,5,1,1,1
SF,IF2001,2019-11-29 09:30:27.100,3860.6000,3044,0,27783060.000,0,-,-,-,-,3859.2000,3859.0000,3858.6000,3858.4000,3858.0000,3861.0000,3861.2000,3870.0000,3879.4000,3887.0000,1,1,1,1,2,1,1,5,1,1
SF,IF2001,2019-11-29 09:30:27.600,3860.6000,3044,0,27783060.000,0,-,-,-,-,3859.0000,3858.6000,3858.4000,3858.0000,3857.2000,3861.0000,3861.2000,3870.0000,3879.4000,3887.0000,1,1,1,2,3,2,1,5,1,1
SF,IF2001,2019-11-29 09:30:28.100,3860.6000,3044,0,27783060.000,0,-,-,-,-,3859.2000,3859.0000,3858.6000,3858.4000,3858.0000,3860.6000,3861.0000,3861.2000,3870.0000,3879.4000,1,1,1,1,2,1,2,1,5,1
SF,IF2001,2019-11-29 09:30:28.600,3860.6000,3044,0,27783060.000,0,-,-,-,-,3859.2000,3859.0000,3858.6000,3858.4000,3858.0000,3860.6000,3861.0000,3861.2000,3870.0000,3879.4000,1,1,1,1,2,1,1,1,5,1
SF,IF2001,2019-11-29 09:30:29.100,3860.6000,3044,0,27783060.000,0,-,-,-,-,3859.2000,3859.0000,3858.6000,3858.4000,3858.0000,3861.0000,3861.2000,3870.0000,3879.4000,3887.0000,1,1,1,1,2,1,1,5,1,1
SF,IF2001,2019-11-29 09:30:29.600,3860.6000,3044,0,27783060.000,0,-,-,-,-,3859.4000,3859.2000,3859.0000,3858.6000,3858.4000,3861.2000,3870.0000,3879.4000,3887.0000,3892.0000,1,2,2,1,1,1,5,1,1,1
SF,IF2001,2019-11-29 09:30:30.100,3860.6000,3044,0,27783060.000,0,-,-,-,-,3859.6000,3859.4000,3859.2000,3859.0000,3858.6000,3861.2000,3870.0000,3879.4000,3887.0000,3892.0000,1,1,1,2,1,1,5,1,1,1
SF,IF2001,2019-11-29 09:30:30.600,3860.6000,3044,0,27783060.000,0,-,-,-,-,3859.6000,3859.4000,3859.2000,3859.0000,3858.6000,3861.0000,3861.2000,3870.0000,3879.4000,3887.0000,1,1,1,2,1,1,1,5,1,1
SF,IF2001,2019-11-29 09:30:31.100,3860.6000,3044,0,27783060.000,0,-,-,-,-,3859.2000,3859.0000,3858.6000,3858.4000,3858.0000,3860.8000,3861.2000,3870.0000,3879.4000,3887.0000,1,1,1,1,2,1,1,5,1,1
SF,IF2001,2019-11-29 09:30:32.100,3860.6000,3044,0,27783060.000,0,-,-,-,-,3859.2000,3859.0000,3858.6000,3858.4000,3858.0000,3860.8000,3861.2000,3870.0000,3879.4000,3887.0000,1,1,1,1,2,1,1,5,1,1
SF,IF2001,2019-11-29 09:30:32.600,3860.6000,3044,0,27783060.000,0,-,-,-,-,3859.4000,3859.2000,3859.0000,3858.6000,3858.4000,3861.2000,3870.0000,3879.4000,3887.0000,3892.0000,1,1,1,1,1,1,5,1,1,1
SF,IF2001,2019-11-29 09:30:34.600,3860.6000,3044,0,27783060.000,0,-,-,-,-,3859.4000,3859.2000,3859.0000,3858.6000,3858.4000,3861.2000,3870.0000,3879.4000,3887.0000,3892.0000,1,1,1,1,1,1,5,1,1,1
SF,IF2001,2019-11-29 09:30:35.100,3860.6000,3044,0,27783060.000,0,-,-,-,-,3859.4000,3859.2000,3859.0000,3858.6000,3858.4000,3861.0000,3861.2000,3870.0000,3879.4000,3887.0000,1,1,1,1,1,1,1,5,1,1
SF,IF2001,2019-11-29 09:30:35.600,3860.6000,3044,0,27783060.000,0,-,-,-,-,3859.0000,3858.6000,3858.4000,3858.0000,3857.2000,3861.0000,3861.2000,3870.0000,3879.4000,3887.0000,1,1,1,3,3,2,1,5,1,1
SF,IF2001,2019-11-29 09:30:36.100,3860.6000,3044,0,27783060.000,0,-,-,-,-,3859.2000,3859.0000,3858.8000,3858.6000,3858.4000,3861.0000,3861.2000,3870.0000,3879.4000,3887.0000,1,1,1,1,1,2,1,5,1,1
SF,IF2001,2019-11-29 09:30:37.100,3860.6000,3044,0,27783060.000,0,-,-,-,-,3859.2000,3859.0000,3858.8000,3858.6000,3858.4000,3860.8000,3861.0000,3861.2000,3870.0000,3879.4000,1,1,1,1,1,1,2,1,5,1
SF,IF2001,2019-11-29 09:30:37.600,3860.6000,3044,0,27783060.000,0,-,-,-,-,3859.2000,3859.0000,3858.8000,3858.6000,3858.4000,3860.8000,3861.2000,3870.0000,3879.4000,3887.0000,1,1,1,1,1,1,1,5,1,1
SF,IF2001,2019-11-29 09:30:38.100,3860.6000,3044,0,27783060.000,0,-,-,-,-,3859.2000,3859.0000,3858.8000,3858.6000,3858.4000,3860.8000,3861.2000,3870.0000,3879.4000,3887.0000,1,1,1,1,1,1,1,5,1,1
SF,IF2001,2019-11-29 09:30:39.100,3860.6000,3044,0,27783060.000,0,-,-,-,-,3859.4000,3859.2000,3859.0000,3858.8000,3858.6000,3860.8000,3861.2000,3870.0000,3879.4000,3887.0000,1,1,1,1,1,1,1,5,1,1
SF,IF2001,2019-11-29 09:30:39.600,3860.6000,3044,0,27783060.000,0,-,-,-,-,3859.6000,3859.4000,3859.0000,3858.8000,3858.6000,3860.8000,3861.2000,3870.0000,3879.4000,3887.0000,1,1,1,1,1,1,1,5,1,1
SF,IF2001,2019-11-29 09:30:40.100,3860.6000,3044,0,27783060.000,0,-,-,-,-,3859.6000,3859.4000,3859.0000,3858.8000,3858.6000,3861.2000,3870.0000,3879.4000,3887.0000,3892.0000,1,1,1,1,1,1,5,1,1,1
SF,IF2001,2019-11-29 09:30:40.600,3860.6000,3044,0,27783060.000,0,-,-,-,-,3859.4000,3859.0000,3858.8000,3858.6000,3858.4000,3861.0000,3861.2000,3870.0000,3879.4000,3887.0000,1,1,1,1,1,1,1,5,1,1
SF,IF2001,2019-11-29 09:30:41.100,3860.6000,3044,0,27783060.000,0,-,-,-,-,3859.6000,3859.4000,3859.0000,3858.8000,3858.6000,3861.2000,3870.0000,3879.4000,3887.0000,3892.0000,1,1,1,1,1,1,5,1,1,1
SF,IF2001,2019-11-29 09:30:41.600,3860.6000,3044,0,27783060.000,0,-,-,-,-,3859.8000,3859.6000,3859.4000,3859.0000,3858.8000,3861.0000,3861.2000,3870.0000,3879.4000,3887.0000,2,1,1,1,1,1,1,5,1,1
SF,IF2001,2019-11-29 09:30:43.100,3860.6000,3044,0,27783060.000,0,-,-,-,-,3859.8000,3859.6000,3859.4000,3859.0000,3858.8000,3861.0000,3861.2000,3870.0000,3887.0000,3892.0000,2,1,1,1,1,1,1,5,1,1
SF,IF2001,2019-11-29 09:30:43.600,3860.6000,3044,0,27783060.000,0,-,-,-,-,3859.8000,3859.4000,3859.0000,3858.8000,3858.6000,3860.8000,3861.0000,3861.2000,3870.0000,3887.0000,2,1,1,1,1,1,1,1,5,1
SF,IF2001,2019-11-29 09:30:44.100,3859.8000,3044,0,30098940.000,2,1,1,多换,S,3859.4000,3859.0000,3858.8000,3858.6000,3858.4000,3860.6000,3860.8000,3861.2000,3870.0000,3887.0000,1,1,1,1,1,1,2,1,5,1
SF,IF2001,2019-11-29 09:30:44.600,3859.4000,3043,-1,31256760.000,1,0,1,双平,S,3859.0000,3858.8000,3858.6000,3858.4000,3858.0000,3860.6000,3860.8000,3861.2000,3870.0000,3887.0000,1,1,1,1,3,1,2,1,5,1
SF,IF2001,2019-11-29 09:30:45.600,3859.4000,3043,0,31256760.000,0,-,-,-,-,3859.0000,3858.8000,3858.6000,3858.4000,3858.0000,3860.6000,3860.8000,3861.2000,3870.0000,3887.0000,1,1,1,1,4,1,1,1,5,1
SF,IF2001,2019-11-29 09:30:46.100,3859.4000,3043,0,31256760.000,0,-,-,-,-,3859.0000,3858.8000,3858.6000,3858.4000,3858.0000,3860.2000,3860.6000,3860.8000,3861.2000,3870.0000,1,1,1,1,4,1,1,1,1,5
SF,IF2001,2019-11-29 09:30:47.100,3859.0000,3044,1,32414460.000,1,1,0,双开,S,3858.6000,3858.0000,3857.2000,3857.0000,3856.4000,3860.2000,3860.4000,3860.6000,3860.8000,3861.2000,1,4,3,1,1,1,1,1,1,1
SF,IF2001,2019-11-29 09:30:47.600,3859.0000,3044,0,32414460.000,0,-,-,-,-,3858.0000,3857.2000,3857.0000,3856.4000,3855.6000,3860.0000,3860.2000,3860.4000,3860.8000,3861.2000,4,3,1,1,1,1,1,1,1,1
SF,IF2001,2019-11-29 09:30:48.100,3859.0000,3044,0,32414460.000,0,-,-,-,-,3858.2000,3858.0000,3857.2000,3857.0000,3856.4000,3860.0000,3860.2000,3860.4000,3860.8000,3861.2000,1,3,3,1,1,1,1,1,1,1
SF,IF2001,2019-11-29 09:30:48.600,3859.0000,3044,0,32414460.000,0,-,-,-,-,3858.2000,3858.0000,3857.2000,3857.0000,3856.4000,3859.6000,3860.0000,3860.4000,3860.8000,3861.2000,1,3,3,1,1,1,1,1,1,1
SF,IF2001,2019-11-29 09:30:50.600,3858.2000,3044,0,33571920.000,1,0,1,多换,S,3858.0000,3857.2000,3857.0000,3856.4000,3855.6000,3859.6000,3860.0000,3860.4000,3860.8000,3861.2000,2,3,1,1,1,2,1,1,1,1
SF,IF2001,2019-11-29 09:30:51.100,3858.2000,3044,0,33571920.000,0,-,-,-,-,3858.0000,3857.2000,3857.0000,3856.4000,3855.6000,3858.2000,3859.4000,3859.6000,3860.0000,3860.4000,2,3,1,1,1,1,1,2,1,1
SF,IF2001,2019-11-29 09:30:51.600,3858.2000,3044,0,37044180.000,3,1,2,多换,S,3858.2000,3857.2000,3857.0000,3856.4000,3855.6000,3859.4000,3859.6000,3860.0000,3860.4000,3861.2000,1,1,1,1,1,2,2,1,1,1
SF,IF2001,2019-11-29 09:30:52.100,3858.2000,3043,-1,38201640.000,1,0,1,双平,S,3857.0000,3856.4000,3855.6000,3855.4000,3854.6000,3859.4000,3859.6000,3860.0000,3860.4000,3861.2000,1,2,1,1,1,2,2,1,1,1
SF,IF2001,2019-11-29 09:30:52.600,3858.2000,3043,0,38201640.000,0,-,-,-,-,3857.0000,3856.4000,3855.6000,3855.4000,3854.6000,3859.4000,3859.6000,3860.0000,3860.4000,3861.2000,1,2,1,1,1,2,2,1,1,1
SF,IF2001,2019-11-29 09:30:53.100,3858.2000,3043,0,38201640.000,0,-,-,-,-,3857.2000,3857.0000,3856.4000,3855.6000,3855.4000,3859.4000,3859.6000,3860.0000,3860.4000,3861.2000,1,1,2,1,1,2,2,1,1,1
SF,IF2001,2019-11-29 09:30:54.600,3858.2000,3043,0,38201640.000,0,-,-,-,-,3857.2000,3857.0000,3856.4000,3855.6000,3855.4000,3858.8000,3859.0000,3859.2000,3859.4000,3859.6000,1,1,2,1,1,1,2,1,2,2
SF,IF2001,2019-11-29 09:30:55.100,3858.2000,3043,0,38201640.000,0,-,-,-,-,3857.2000,3857.0000,3856.4000,3855.6000,3855.4000,3858.8000,3859.0000,3859.4000,3859.6000,3860.0000,1,1,2,1,1,1,2,2,2,1
SF,IF2001,2019-11-29 09:30:56.600,3858.2000,3043,0,38201640.000,0,-,-,-,-,3857.2000,3857.0000,3856.4000,3855.6000,3855.4000,3859.0000,3859.4000,3859.6000,3860.0000,3860.4000,1,1,2,1,1,2,2,2,1,1
SF,IF2001,2019-11-29 09:30:57.100,3858.2000,3043,0,38201640.000,0,-,-,-,-,3857.4000,3857.2000,3857.0000,3856.4000,3855.6000,3859.6000,3860.0000,3860.4000,3861.2000,3870.0000,2,2,1,2,1,2,1,1,1,5
SF,IF2001,2019-11-29 09:30:57.600,3858.2000,3043,0,38201640.000,0,-,-,-,-,3857.6000,3857.4000,3857.0000,3856.4000,3855.6000,3859.4000,3859.6000,3860.0000,3860.4000,3861.2000,1,2,1,2,1,1,1,1,1,1
SF,IF2001,2019-11-29 09:30:58.600,3858.2000,3043,0,38201640.000,0,-,-,-,-,3857.6000,3857.4000,3857.0000,3856.4000,3855.6000,3859.4000,3859.6000,3860.0000,3860.4000,3861.2000,1,1,1,2,1,1,1,1,1,1
SF,IF2001,2019-11-29 09:30:59.100,3858.2000,3043,0,38201640.000,0,-,-,-,-,3857.0000,3856.4000,3855.6000,3855.4000,3854.6000,3859.4000,3859.6000,3860.0000,3860.4000,3861.2000,1,2,1,1,1,2,1,1,1,1
SF,IF2001,2019-11-29 09:30:59.600,3858.2000,3043,0,38201640.000,0,-,-,-,-,3857.2000,3857.0000,3856.4000,3855.6000,3855.4000,3859.4000,3859.6000,3860.0000,3860.4000,3861.2000,4,1,2,1,1,1,1,1,1,1
SF,IF2001,2019-11-29 09:31:00.100,3858.2000,3043,0,38201640.000,0,-,-,-,-,3857.4000,3857.2000,3857.0000,3856.4000,3856.0000,3859.4000,3859.6000,3860.0000,3860.4000,3861.2000,1,4,2,2,1,1,1,1,1,1
SF,IF2001,2019-11-29 09:31:00.600,3858.2000,3043,0,38201640.000,0,-,-,-,-,3857.6000,3857.4000,3857.2000,3857.0000,3856.4000,3859.6000,3860.0000,3860.4000,3861.2000,3870.0000,2,1,3,2,2,1,1,1,1,5
SF,IF2001,2019-11-29 09:31:01.100,3858.2000,3043,0,38201640.000,0,-,-,-,-,3857.6000,3857.4000,3857.2000,3857.0000,3856.4000,3859.4000,3859.6000,3860.0000,3860.4000,3861.2000,1,1,3,2,2,1,2,1,1,1
SF,IF2001,2019-11-29 09:31:01.600,3858.2000,3043,0,38201640.000,0,-,-,-,-,3857.8000,3857.6000,3857.4000,3857.2000,3857.0000,3859.4000,3859.6000,3860.0000,3860.4000,3861.2000,1,1,1,3,2,1,2,1,1,1
SF,IF2001,2019-11-29 09:31:02.100,3858.2000,3043,0,38201640.000,0,-,-,-,-,3857.8000,3857.4000,3857.2000,3857.0000,3856.4000,3859.4000,3859.6000,3860.0000,3860.4000,3861.2000,1,1,3,2,2,1,2,1,1,1
SF,IF2001,2019-11-29 09:31:02.600,3858.2000,3043,0,38201640.000,0,-,-,-,-,3858.0000,3857.8000,3857.4000,3857.2000,3857.0000,3859.4000,3859.6000,3860.0000,3860.4000,3861.2000,1,1,1,3,2,1,2,1,1,1
SF,IF2001,2019-11-29 09:31:03.100,3858.0000,3042,-1,39359040.000,1,0,1,双平,S,3857.6000,3857.4000,3857.2000,3857.0000,3856.4000,3859.2000,3859.4000,3859.6000,3860.0000,3860.4000,1,1,1,2,2,1,1,2,1,1
SF,IF2001,2019-11-29 09:31:03.600,3858.0000,3042,0,39359040.000,0,-,-,-,-,3857.6000,3857.2000,3857.0000,3856.4000,3856.0000,3859.0000,3859.2000,3859.6000,3860.0000,3860.4000,1,1,2,2,1,1,1,2,1,1
SF,IF2001,2019-11-29 09:31:04.100,3858.0000,3042,0,39359040.000,0,-,-,-,-,3857.6000,3857.2000,3857.0000,3856.4000,3856.0000,3859.0000,3859.2000,3859.6000,3860.0000,3860.4000,1,1,2,2,1,1,1,2,1,1
SF,IF2001,2019-11-29 09:31:04.600,3859.6000,3037,-5,55566660.000,14,4,10,多平,S,3859.6000,3857.6000,3857.0000,3856.4000,3856.0000,3860.4000,3861.2000,3870.0000,3885.0000,3887.0000,6,1,2,2,1,1,1,5,1,1
SF,IF2001,2019-11-29 09:31:05.100,3859.6000,3031,-6,62513940.000,6,0,6,双平,S,3857.6000,3857.4000,3857.0000,3856.4000,3856.0000,3858.8000,3859.0000,3859.6000,3860.0000,3860.2000,1,3,2,2,1,1,1,7,1,1
SF,IF2001,2019-11-29 09:31:05.600,3859.2000,3030,-1,63671700.000,1,0,1,双平,S,3857.8000,3857.6000,3857.4000,3857.0000,3856.4000,3858.6000,3859.6000,3860.4000,3861.2000,3870.0000,1,1,3,1,2,2,4,1,1,5
SF,IF2001,2019-11-29 09:31:06.100,3858.6000,3028,-2,65986860.000,2,0,2,双平,S,3857.6000,3857.4000,3857.0000,3856.4000,3856.0000,3859.2000,3859.6000,3859.8000,3860.4000,3861.2000,1,3,1,2,1,1,4,2,1,1
SF,IF2001,2019-11-29 09:31:06.600,3858.6000,3028,0,65986860.000,0,-,-,-,-,3857.8000,3857.6000,3857.4000,3857.0000,3856.4000,3859.2000,3859.4000,3859.6000,3859.8000,3860.4000,1,1,3,1,2,1,1,4,2,1
SF,IF2001,2019-11-29 09:31:07.100,3858.6000,3028,0,65986860.000,0,-,-,-,-,3857.6000,3857.4000,3857.0000,3856.4000,3856.0000,3859.0000,3859.2000,3859.4000,3859.6000,3859.8000,1,3,1,2,1,1,1,1,1,2
SF,IF2001,2019-11-29 09:31:07.600,3858.6000,3028,0,65986860.000,0,-,-,-,-,3858.0000,3857.8000,3857.6000,3857.4000,3857.0000,3859.2000,3859.4000,3860.4000,3861.2000,3870.0000,1,1,1,3,1,1,1,2,1,5
SF,IF2001,2019-11-29 09:31:08.100,3858.6000,3028,0,65986860.000,0,-,-,-,-,3858.0000,3857.6000,3857.4000,3857.0000,3856.4000,3859.0000,3859.2000,3859.4000,3860.4000,3861.2000,1,1,3,1,2,1,1,1,2,1
SF,IF2001,2019-11-29 09:31:08.600,3858.6000,3028,0,65986860.000,0,-,-,-,-,3857.6000,3857.4000,3857.0000,3856.4000,3856.0000,3858.8000,3859.0000,3859.2000,3859.4000,3860.4000,1,3,1,2,1,1,1,1,1,2
SF,IF2001,2019-11-29 09:31:09.100,3858.6000,3028,0,65986860.000,0,-,-,-,-,3857.8000,3857.6000,3857.4000,3857.0000,3856.4000,3858.8000,3859.2000,3859.4000,3860.4000,3861.2000,2,1,3,1,2,1,1,1,2,1
SF,IF2001,2019-11-29 09:31:09.600,3858.6000,3028,0,65986860.000,0,-,-,-,-,3857.6000,3857.4000,3857.0000,3856.4000,3856.0000,3858.8000,3859.2000,3859.4000,3860.4000,3860.6000,1,3,1,2,1,1,1,1,2,2
SF,IF2001,2019-11-29 09:31:10.100,3858.8000,3028,0,67144500.000,1,0,1,多换,S,3857.6000,3857.4000,3857.0000,3856.4000,3856.0000,3859.2000,3859.4000,3860.4000,3860.6000,3861.2000,1,3,1,2,1,1,1,2,2,1
SF,IF2001,2019-11-29 09:31:10.600,3858.8000,3028,0,67144500.000,0,-,-,-,-,3857.6000,3857.4000,3857.0000,3856.4000,3856.0000,3859.0000,3859.2000,3859.4000,3860.4000,3860.6000,1,3,1,2,1,1,1,1,2,2
SF,IF2001,2019-11-29 09:31:11.100,3858.8000,3028,0,67144500.000,0,-,-,-,-,3859.0000,3857.8000,3857.6000,3857.4000,3857.0000,3859.2000,3860.4000,3861.2000,3870.0000,3885.0000,2,1,1,3,1,1,2,1,5,1
SF,IF2001,2019-11-29 09:31:11.600,3859.0000,3026,-2,69459900.000,2,0,2,双平,S,3857.6000,3857.4000,3857.0000,3856.4000,3856.0000,3859.2000,3860.4000,3861.2000,3870.0000,3885.0000,1,3,1,2,1,1,2,1,5,1
SF,IF2001,2019-11-29 09:31:12.100,3859.0000,3026,0,69459900.000,0,-,-,-,-,3858.2000,3857.8000,3857.6000,3857.4000,3857.0000,3860.4000,3861.2000,3870.0000,3885.0000,3887.0000,1,2,1,3,1,2,1,5,1,1
SF,IF2001,2019-11-29 09:31:12.600,3859.0000,3026,0,69459900.000,0,-,-,-,-,3858.2000,3857.8000,3857.6000,3857.4000,3857.0000,3860.2000,3860.4000,3861.2000,3870.0000,3885.0000,1,1,1,3,1,1,2,1,5,1
SF,IF2001,2019-11-29 09:31:13.100,3859.0000,3026,0,69459900.000,0,-,-,-,-,3858.2000,3857.8000,3857.6000,3857.4000,3857.0000,3860.2000,3860.4000,3861.2000,3870.0000,3885.0000,1,1,1,3,1,3,1,1,5,1
SF,IF2001,2019-11-29 09:31:13.600,3859.0000,3026,0,69459900.000,0,-,-,-,-,3858.4000,3858.2000,3857.8000,3857.6000,3857.4000,3859.8000,3860.2000,3860.4000,3861.2000,3870.0000,1,1,1,1,3,1,1,2,1,5
SF,IF2001,2019-11-29 09:31:14.100,3859.0000,3026,0,69459900.000,0,-,-,-,-,3858.4000,3858.2000,3857.8000,3857.6000,3857.4000,3859.6000,3859.8000,3860.4000,3861.2000,3870.0000,1,1,1,1,3,1,1,2,1,5
SF,IF2001,2019-11-29 09:31:14.600,3860.4000,3026,0,74091960.000,4,2,2,多换,S,3858.4000,3858.2000,3857.8000,3857.6000,3857.4000,3861.2000,3870.0000,3885.0000,3887.0000,3890.0000,1,1,1,1,3,1,5,1,1,1
SF,IF2001,2019-11-29 09:31:15.100,3860.4000,3026,0,74091960.000,0,-,-,-,-,3858.4000,3858.2000,3857.8000,3857.6000,3857.4000,3860.6000,3860.8000,3861.0000,3861.2000,3870.0000,1,1,1,1,3,3,1,2,1,5
SF,IF2001,2019-11-29 09:31:15.600,3860.4000,3026,0,74091960.000,0,-,-,-,-,3859.0000,3858.6000,3858.4000,3858.2000,3857.8000,3860.4000,3860.6000,3860.8000,3861.0000,3861.2000,1,1,1,1,1,1,3,1,1,2
SF,IF2001,2019-11-29 09:31:16.100,3860.4000,3026,0,74091960.000,0,-,-,-,-,3859.0000,3858.4000,3858.2000,3857.8000,3857.6000,3860.2000,3860.4000,3860.6000,3861.0000,3861.2000,1,1,1,1,1,2,1,3,1,2
SF,IF2001,2019-11-29 09:31:16.600,3860.4000,3026,0,74091960.000,0,-,-,-,-,3859.0000,3858.4000,3858.2000,3857.8000,3857.6000,3860.0000,3860.2000,3860.6000,3861.0000,3861.2000,1,1,1,1,1,1,2,3,1,2
SF,IF2001,2019-11-29 09:31:17.100,3860.4000,3026,0,74091960.000,0,-,-,-,-,3859.2000,3859.0000,3858.4000,3858.2000,3857.8000,3860.2000,3860.6000,3861.0000,3861.2000,3870.0000,1,1,1,1,1,2,1,1,2,5
SF,IF2001,2019-11-29 09:31:17.600,3860.4000,3026,0,74091960.000,0,-,-,-,-,3859.2000,3859.0000,3858.4000,3858.2000,3857.8000,3860.6000,3861.0000,3861.2000,3870.0000,3885.0000,1,1,1,1,1,1,1,3,5,1
SF,IF2001,2019-11-29 09:31:18.100,3860.4000,3026,0,74091960.000,0,-,-,-,-,3859.2000,3859.0000,3858.4000,3858.2000,3857.8000,3860.6000,3861.2000,3870.0000,3885.0000,3887.0000,1,1,1,1,1,1,3,5,1,1
SF,IF2001,2019-11-29 09:31:18.600,3860.4000,3026,0,74091960.000,0,-,-,-,-,3859.4000,3859.2000,3859.0000,3858.4000,3858.2000,3860.4000,3860.6000,3861.2000,3861.6000,3862.0000,1,1,1,1,1,1,1,2,1,1
SF,IF2001,2019-11-29 09:31:19.100,3860.6000,3025,-1,76408260.000,2,0,2,多平,S,3859.6000,3859.4000,3859.0000,3858.4000,3858.2000,3861.2000,3861.6000,3862.0000,3870.0000,3885.0000,1,1,1,1,1,2,1,1,5,1
SF,IF2001,2019-11-29 09:31:19.600,3860.6000,3025,0,76408260.000,0,-,-,-,-,3859.4000,3859.0000,3858.4000,3858.2000,3857.6000,3861.0000,3861.2000,3861.6000,3862.0000,3870.0000,1,1,1,1,1,1,1,1,1,5
SF,IF2001,2019-11-29 09:31:20.100,3860.6000,3025,0,76408260.000,0,-,-,-,-,3859.6000,3859.4000,3859.0000,3858.4000,3858.2000,3860.8000,3861.2000,3862.0000,3870.0000,3885.0000,1,1,1,1,1,1,1,1,5,1
SF,IF2001,2019-11-29 09:31:20.600,3860.8000,3024,-1,77566500.000,1,0,1,双平,S,3859.6000,3859.4000,3859.0000,3858.4000,3858.2000,3862.0000,3870.0000,3885.0000,3887.0000,3890.0000,1,1,1,1,1,1,5,1,1,1
SF,IF2001,2019-11-29 09:31:21.100,3860.8000,3024,0,77566500.000,0,-,-,-,-,3859.6000,3859.4000,3859.0000,3858.4000,3858.2000,3861.8000,3862.0000,3870.0000,3885.0000,3887.0000,1,1,1,1,1,4,1,5,1,1
SF,IF2001,2019-11-29 09:31:21.600,3860.8000,3024,0,77566500.000,0,-,-,-,-,3859.8000,3859.6000,3859.4000,3859.0000,3858.2000,3861.8000,3862.0000,3870.0000,3885.0000,3887.0000,2,1,1,1,1,4,1,5,1,1
SF,IF2001,2019-11-29 09:31:22.100,3862.0000,3023,-1,81042180.000,3,1,2,多平,S,3860.0000,3859.8000,3859.4000,3859.0000,3858.2000,3861.2000,3870.0000,3885.0000,3887.0000,3890.0000,1,2,1,1,1,1,5,1,1,1
SF,IF2001,2019-11-29 09:31:22.600,3861.2000,3022,-1,82200540.000,1,0,1,双平,S,3860.0000,3859.8000,3859.4000,3859.0000,3858.2000,3862.8000,3870.0000,3885.0000,3887.0000,3890.0000,1,2,1,1,1,1,5,1,1,1
SF,IF2001,2019-11-29 09:31:23.100,3861.2000,3022,0,82200540.000,0,-,-,-,-,3859.8000,3859.4000,3859.0000,3858.8000,3858.2000,3862.0000,3862.2000,3862.4000,3862.6000,3862.8000,2,1,1,2,1,1,1,1,3,1
SF,IF2001,2019-11-29 09:31:23.600,3861.8000,3021,-1,83359080.000,1,0,1,双平,S,3860.0000,3859.8000,3859.4000,3859.0000,3858.8000,3862.0000,3862.2000,3862.4000,3862.6000,3862.8000,1,2,1,1,2,1,1,1,2,2
SF,IF2001,2019-11-29 09:31:24.600,3861.8000,3021,0,83359080.000,0,-,-,-,-,3860.0000,3859.8000,3859.4000,3859.0000,3858.8000,3861.8000,3862.0000,3862.2000,3862.4000,3862.6000,1,2,1,1,2,1,1,1,1,2
SF,IF2001,2019-11-29 09:31:25.100,3861.8000,3021,0,83359080.000,0,-,-,-,-,3860.8000,3860.2000,3860.0000,3859.8000,3859.0000,3862.0000,3862.2000,3862.4000,3862.6000,3862.8000,1,2,1,2,1,1,1,1,2,2
SF,IF2001,2019-11-29 09:31:25.600,3860.8000,3020,-1,84517320.000,1,0,1,双平,S,3859.8000,3859.0000,3858.8000,3858.2000,3857.6000,3861.6000,3861.8000,3862.4000,3862.6000,3862.8000,2,1,2,1,1,1,2,1,1,2
SF,IF2001,2019-11-29 09:31:26.100,3860.8000,3020,0,84517320.000,0,-,-,-,-,3860.0000,3859.8000,3859.0000,3858.8000,3858.2000,3861.6000,3861.8000,3862.0000,3862.4000,3862.6000,2,2,1,2,1,1,1,2,1,1
SF,IF2001,2019-11-29 09:31:26.600,3860.8000,3020,0,84517320.000,0,-,-,-,-,3860.0000,3859.8000,3859.0000,3858.8000,3858.2000,3861.6000,3861.8000,3862.0000,3862.4000,3862.6000,1,2,1,2,1,1,1,2,1,1
SF,IF2001,2019-11-29 09:31:27.100,3860.8000,3020,0,84517320.000,0,-,-,-,-,3860.0000,3859.8000,3859.0000,3858.8000,3858.2000,3861.6000,3861.8000,3862.0000,3862.4000,3862.6000,1,2,1,2,1,1,1,3,1,1
SF,IF2001,2019-11-29 09:31:27.600,3860.8000,3020,0,84517320.000,0,-,-,-,-,3860.0000,3859.8000,3859.4000,3859.0000,3858.2000,3861.8000,3862.0000,3862.4000,3862.6000,3862.8000,1,2,2,1,1,1,3,1,1,2
SF,IF2001,2019-11-29 09:31:28.100,3860.8000,3020,0,84517320.000,0,-,-,-,-,3860.0000,3859.8000,3859.4000,3859.0000,3858.2000,3861.6000,3861.8000,3862.0000,3862.4000,3862.6000,1,2,2,1,1,1,1,3,1,1
SF,IF2001,2019-11-29 09:31:28.600,3860.8000,3020,0,84517320.000,0,-,-,-,-,3860.0000,3859.8000,3859.4000,3859.0000,3858.2000,3861.4000,3861.8000,3862.0000,3862.4000,3862.6000,1,2,2,1,1,1,1,2,1,1
SF,IF2001,2019-11-29 09:31:29.100,3860.8000,3020,0,84517320.000,0,-,-,-,-,3860.0000,3859.8000,3859.4000,3859.0000,3858.2000,3861.4000,3861.8000,3862.4000,3862.6000,3862.8000,1,2,2,1,1,1,2,1,1,2
SF,IF2001,2019-11-29 09:31:29.600,3860.0000,3020,0,85675320.000,1,0,1,多换,S,3859.8000,3859.4000,3859.0000,3858.2000,3857.6000,3861.4000,3861.8000,3862.0000,3862.4000,3862.6000,1,2,1,1,1,1,2,1,1,1
SF,IF2001,2019-11-29 09:31:30.100,3860.0000,3020,0,85675320.000,0,-,-,-,-,3859.8000,3859.4000,3859.0000,3858.2000,3857.6000,3861.2000,3861.4000,3861.8000,3862.0000,3862.4000,1,2,1,1,1,2,1,2,1,1
SF,IF2001,2019-11-29 09:31:30.600,3860.0000,3020,0,85675320.000,0,-,-,-,-,3860.0000,3859.4000,3859.0000,3858.2000,3857.6000,3861.2000,3861.4000,3861.8000,3862.0000,3862.4000,1,2,1,1,1,1,1,1,1,1
SF,IF2001,2019-11-29 09:31:32.100,3860.0000,3020,0,85675320.000,0,-,-,-,-,3860.0000,3859.4000,3859.0000,3858.2000,3857.6000,3861.2000,3861.4000,3861.8000,3862.0000,3862.4000,1,2,1,1,1,1,1,1,1,1
SF,IF2001,2019-11-29 09:31:32.600,3860.0000,3020,0,85675320.000,0,-,-,-,-,3860.0000,3859.4000,3859.0000,3858.2000,3857.6000,3861.0000,3861.8000,3862.0000,3862.4000,3862.6000,1,2,1,1,1,1,1,1,1,1
SF,IF2001,2019-11-29 09:31:33.100,3860.0000,3020,0,85675320.000,0,-,-,-,-,3860.0000,3859.4000,3859.0000,3858.2000,3857.6000,3861.8000,3862.0000,3862.4000,3862.6000,3862.8000,1,2,1,1,1,1,1,1,1,2
SF,IF2001,2019-11-29 09:31:33.600,3860.0000,3020,0,85675320.000,0,-,-,-,-,3860.0000,3859.4000,3859.0000,3858.2000,3857.6000,3861.6000,3861.8000,3862.0000,3862.4000,3862.6000,1,2,1,1,1,2,2,1,1,1
SF,IF2001,2019-11-29 09:31:34.100,3860.0000,3020,0,85675320.000,0,-,-,-,-,3860.0000,3859.8000,3859.4000,3859.0000,3858.2000,3861.6000,3861.8000,3862.0000,3862.4000,3862.6000,1,1,2,1,1,1,2,1,1,1
SF,IF2001,2019-11-29 09:31:34.600,3860.0000,3020,0,85675320.000,0,-,-,-,-,3860.2000,3860.0000,3859.8000,3859.4000,3859.0000,3861.6000,3861.8000,3862.0000,3862.4000,3862.6000,1,1,1,2,1,1,2,1,1,1
SF,IF2001,2019-11-29 09:31:35.100,3860.0000,3020,0,85675320.000,0,-,-,-,-,3861.6000,3860.4000,3860.2000,3859.8000,3859.4000,3861.8000,3862.0000,3862.4000,3862.6000,3862.8000,1,1,1,1,2,1,1,1,1,2
SF,IF2001,2019-11-29 09:31:35.600,3861.6000,3019,-1,86833800.000,1,0,1,双平,S,3860.2000,3859.8000,3859.4000,3859.0000,3858.2000,3861.6000,3862.0000,3862.4000,3862.6000,3862.8000,1,1,2,1,1,3,1,1,1,2
SF,IF2001,2019-11-29 09:31:36.100,3861.6000,3019,0,86833800.000,0,-,-,-,-,3860.4000,3860.2000,3859.8000,3859.4000,3859.0000,3861.6000,3862.4000,3862.6000,3862.8000,3863.2000,1,1,1,2,1,3,1,1,2,1
SF,IF2001,2019-11-29 09:31:36.600,3861.6000,3019,0,86833800.000,0,-,-,-,-,3860.4000,3860.2000,3859.8000,3859.4000,3859.0000,3861.6000,3862.4000,3862.6000,3862.8000,3863.2000,1,1,1,2,1,3,1,1,2,1
SF,IF2001,2019-11-29 09:31:37.600,3861.6000,3019,0,86833800.000,0,-,-,-,-,3860.4000,3860.2000,3859.8000,3859.4000,3859.0000,3861.6000,3862.6000,3862.8000,3863.2000,3863.6000,1,1,1,2,1,1,1,2,1,1
SF,IF2001,2019-11-29 09:31:38.100,3861.6000,3019,0,86833800.000,0,-,-,-,-,3860.8000,3860.6000,3860.4000,3860.2000,3859.8000,3862.8000,3863.2000,3863.6000,3870.0000,3885.0000,1,2,1,1,1,2,1,1,5,1
SF,IF2001,2019-11-29 09:31:38.600,3861.6000,3019,0,86833800.000,0,-,-,-,-,3861.0000,3860.8000,3860.6000,3859.8000,3859.4000,3862.8000,3863.2000,3870.0000,3885.0000,3887.0000,2,1,2,1,2,2,1,5,1,1
SF,IF2001,2019-11-29 09:31:39.100,3861.6000,3019,0,86833800.000,0,-,-,-,-,3861.0000,3860.8000,3860.6000,3859.8000,3859.4000,3862.8000,3863.2000,3865.0000,3870.0000,3885.0000,2,1,2,1,2,2,1,1,5,1
SF,IF2001,2019-11-29 09:31:40.600,3861.6000,3019,0,86833800.000,0,-,-,-,-,3861.0000,3860.8000,3860.6000,3859.8000,3859.4000,3863.2000,3864.0000,3865.0000,3870.0000,3885.0000,2,1,2,1,2,1,1,1,5,1
SF,IF2001,2019-11-29 09:31:43.100,3861.6000,3019,0,86833800.000,0,-,-,-,-,3861.0000,3860.8000,3860.6000,3859.8000,3859.4000,3863.0000,3863.2000,3864.0000,3865.0000,3870.0000,2,1,2,1,2,1,1,1,1,5
SF,IF2001,2019-11-29 09:31:43.600,3861.6000,3019,0,86833800.000,0,-,-,-,-,3861.2000,3861.0000,3860.8000,3860.6000,3859.8000,3863.0000,3863.2000,3864.0000,3865.0000,3870.0000,1,2,1,2,1,1,1,1,1,5
SF,IF2001,2019-11-29 09:31:44.100,3863.0000,3019,0,87992700.000,1,0,1,多换,S,3862.0000,3861.4000,3861.2000,3861.0000,3860.8000,3864.0000,3865.0000,3870.0000,3885.0000,3887.0000,1,2,1,1,1,1,1,5,1,1
SF,IF2001,2019-11-29 09:31:44.600,3863.0000,3019,0,87992700.000,0,-,-,-,-,3862.2000,3862.0000,3861.4000,3861.2000,3860.8000,3864.0000,3865.0000,3870.0000,3885.0000,3887.0000,2,1,1,2,1,1,1,5,1,1
SF,IF2001,2019-11-29 09:31:45.100,3863.0000,3019,0,87992700.000,0,-,-,-,-,3862.2000,3862.0000,3861.4000,3861.2000,3860.8000,3863.8000,3864.0000,3865.0000,3870.0000,3885.0000,1,1,1,2,1,1,1,1,5,1
SF,IF2001,2019-11-29 09:31:45.600,3863.0000,3019,0,87992700.000,0,-,-,-,-,3861.4000,3861.2000,3860.8000,3859.8000,3859.4000,3863.4000,3863.8000,3864.0000,3865.0000,3865.4000,1,1,1,1,2,1,3,1,1,1
SF,IF2001,2019-11-29 09:31:46.100,3863.0000,3019,0,87992700.000,0,-,-,-,-,3861.6000,3861.4000,3861.2000,3860.8000,3859.8000,3863.2000,3863.8000,3864.0000,3865.0000,3865.4000,1,1,1,1,1,1,2,4,1,1
SF,IF2001,2019-11-29 09:31:47.100,3863.0000,3019,0,87992700.000,0,-,-,-,-,3861.6000,3861.2000,3860.8000,3859.8000,3859.4000,3863.0000,3863.2000,3863.8000,3864.0000,3865.0000,1,1,1,1,2,2,1,2,4,1
SF,IF2001,2019-11-29 09:31:47.600,3863.0000,3019,0,87992700.000,0,-,-,-,-,3861.6000,3860.8000,3859.8000,3859.4000,3859.0000,3863.0000,3863.2000,3863.8000,3864.0000,3865.0000,1,1,1,4,1,2,1,2,4,1
SF,IF2001,2019-11-29 09:31:48.100,3863.0000,3019,0,87992700.000,0,-,-,-,-,3860.8000,3859.8000,3859.4000,3859.0000,3857.6000,3862.8000,3863.0000,3863.2000,3863.8000,3864.0000,1,1,4,1,1,4,2,1,2,4
SF,IF2001,2019-11-29 09:31:48.600,3863.0000,3019,0,87992700.000,0,-,-,-,-,3861.0000,3860.8000,3859.8000,3859.4000,3859.0000,3862.8000,3863.0000,3863.2000,3863.8000,3864.0000,2,1,1,4,1,3,2,1,2,4
SF,IF2001,2019-11-29 09:31:49.100,3863.0000,3019,0,87992700.000,0,-,-,-,-,3861.0000,3860.8000,3859.8000,3859.4000,3859.0000,3862.2000,3862.8000,3863.0000,3863.2000,3863.8000,1,1,1,4,1,1,3,2,1,2
SF,IF2001,2019-11-29 09:31:52.100,3863.0000,3019,0,87992700.000,0,-,-,-,-,3861.0000,3860.8000,3860.4000,3859.8000,3859.0000,3862.2000,3862.8000,3863.0000,3863.2000,3863.8000,1,1,4,1,1,1,3,2,1,2
SF,IF2001,2019-11-29 09:31:52.600,3863.0000,3019,0,87992700.000,0,-,-,-,-,3861.0000,3860.8000,3860.4000,3860.0000,3859.8000,3862.2000,3862.8000,3863.0000,3863.2000,3863.8000,1,1,4,1,1,1,3,2,1,2
SF,IF2001,2019-11-29 09:31:54.600,3863.0000,3019,0,87992700.000,0,-,-,-,-,3861.0000,3860.4000,3860.0000,3859.8000,3859.0000,3862.0000,3862.2000,3862.8000,3863.0000,3863.2000,1,4,1,1,1,1,1,2,2,1
SF,IF2001,2019-11-29 09:31:55.600,3861.0000,3018,-1,89151000.000,1,0,1,双平,S,3860.4000,3860.0000,3859.8000,3859.0000,3857.6000,3862.0000,3862.2000,3862.4000,3862.8000,3863.0000,4,1,1,1,1,1,1,1,2,2
SF,IF2001,2019-11-29 09:31:56.100,3861.0000,3018,0,89151000.000,0,-,-,-,-,3860.4000,3860.0000,3859.8000,3859.0000,3857.6000,3861.8000,3862.0000,3862.2000,3862.4000,3862.8000,4,1,1,1,1,2,1,1,1,1
SF,IF2001,2019-11-29 09:31:56.600,3861.0000,3018,0,89151000.000,0,-,-,-,-,3860.6000,3860.4000,3860.0000,3859.8000,3859.0000,3861.6000,3861.8000,3862.0000,3862.2000,3862.4000,1,4,1,1,1,1,1,1,1,1
SF,IF2001,2019-11-29 09:31:57.600,3860.6000,3018,0,90309180.000,1,0,1,多换,S,3860.4000,3860.0000,3859.8000,3859.0000,3857.6000,3861.6000,3861.8000,3862.0000,3862.2000,3862.4000,4,1,1,1,1,1,1,1,1,1
SF,IF2001,2019-11-29 09:31:58.100,3860.6000,3018,0,90309180.000,0,-,-,-,-,3860.6000,3860.4000,3860.0000,3859.8000,3859.0000,3861.6000,3862.0000,3862.2000,3862.4000,3862.8000,1,4,1,1,1,1,1,1,1,1
SF,IF2001,2019-11-29 09:31:59.600,3860.6000,3018,0,90309180.000,0,-,-,-,-,3860.6000,3860.4000,3860.0000,3859.8000,3859.0000,3861.6000,3862.0000,3862.2000,3862.4000,3862.8000,1,4,2,1,1,1,1,1,1,1
SF,IF2001,2019-11-29 09:32:01.600,3861.6000,3018,0,91467660.000,1,0,1,多换,S,3860.6000,3860.4000,3860.0000,3859.8000,3859.0000,3862.0000,3862.2000,3862.4000,3862.8000,3863.0000,1,4,2,1,1,1,1,1,1,2
SF,IF2001,2019-11-29 09:32:02.100,3861.6000,3018,0,91467660.000,0,-,-,-,-,3860.4000,3860.0000,3859.8000,3859.0000,3857.6000,3861.8000,3862.0000,3862.2000,3862.4000,3862.8000,4,2,1,1,1,2,1,1,1,1
SF,IF2001,2019-11-29 09:32:02.600,3861.6000,3018,0,91467660.000,0,-,-,-,-,3860.4000,3860.0000,3859.8000,3859.0000,3857.6000,3861.4000,3861.6000,3861.8000,3862.0000,3862.2000,4,2,1,1,1,1,1,2,2,1
SF,IF2001,2019-11-29 09:32:03.100,3861.6000,3018,0,91467660.000,0,-,-,-,-,3860.6000,3860.4000,3860.0000,3859.8000,3859.0000,3861.4000,3861.8000,3862.0000,3862.2000,3862.4000,1,4,2,1,1,1,1,2,1,1
SF,IF2001,2019-11-29 09:32:03.600,3861.6000,3018,0,91467660.000,0,-,-,-,-,3860.6000,3860.4000,3860.0000,3859.8000,3859.0000,3861.8000,3862.0000,3862.4000,3863.0000,3863.2000,1,4,2,1,1,1,2,1,2,1
SF,IF2001,2019-11-29 09:32:04.100,3862.0000,3019,1,93784860.000,2,1,1,空开,S,3860.6000,3860.4000,3860.0000,3859.8000,3859.0000,3862.4000,3863.0000,3863.2000,3863.8000,3864.0000,1,4,2,1,1,1,2,1,2,4
SF,IF2001,2019-11-29 09:32:04.600,3862.0000,3019,0,93784860.000,0,-,-,-,-,3860.6000,3860.4000,3860.0000,3859.8000,3859.0000,3862.2000,3862.4000,3863.0000,3863.2000,3863.8000,1,4,2,1,1,1,1,2,1,2
SF,IF2001,2019-11-29 09:32:05.100,3862.0000,3019,0,93784860.000,0,-,-,-,-,3860.6000,3860.4000,3860.0000,3859.8000,3859.0000,3862.2000,3862.4000,3863.0000,3863.2000,3863.8000,1,4,2,1,1,1,1,1,1,2
SF,IF2001,2019-11-29 09:32:05.600,3862.0000,3019,0,93784860.000,0,-,-,-,-,3860.6000,3860.4000,3860.0000,3859.8000,3859.0000,3862.0000,3862.2000,3862.4000,3863.0000,3863.2000,1,4,2,1,1,1,1,1,1,1
SF,IF2001,2019-11-29 09:32:06.100,3862.0000,3019,0,93784860.000,0,-,-,-,-,3860.6000,3860.4000,3860.0000,3859.8000,3859.0000,3862.0000,3862.4000,3863.0000,3863.2000,3863.8000,1,4,2,1,1,2,1,1,1,2
SF,IF2001,2019-11-29 09:32:07.100,3862.0000,3019,0,93784860.000,0,-,-,-,-,3860.8000,3860.6000,3860.0000,3859.8000,3859.0000,3862.0000,3863.0000,3863.2000,3863.8000,3864.0000,1,1,2,1,1,1,1,1,2,4
SF,IF2001,2019-11-29 09:32:07.600,3862.0000,3019,0,93784860.000,0,-,-,-,-,3861.0000,3860.8000,3860.6000,3860.0000,3859.8000,3863.0000,3863.2000,3863.8000,3864.0000,3870.0000,1,5,1,2,1,1,1,2,4,5
SF,IF2001,2019-11-29 09:32:08.100,3862.0000,3019,0,93784860.000,0,-,-,-,-,3860.8000,3860.6000,3860.0000,3859.8000,3859.0000,3862.8000,3863.0000,3863.2000,3863.8000,3864.0000,5,1,2,1,1,3,1,1,2,4
SF,IF2001,2019-11-29 09:32:08.600,3862.0000,3019,0,93784860.000,0,-,-,-,-,3861.0000,3860.8000,3860.6000,3860.0000,3859.8000,3862.8000,3863.0000,3863.2000,3863.8000,3864.0000,2,5,1,2,1,4,1,1,2,4
SF,IF2001,2019-11-29 09:32:09.100,3862.0000,3019,0,93784860.000,0,-,-,-,-,3861.0000,3860.8000,3860.6000,3860.0000,3859.8000,3862.8000,3863.0000,3863.2000,3863.8000,3864.0000,2,5,1,2,1,1,1,1,2,4
SF,IF2001,2019-11-29 09:32:09.600,3862.0000,3019,0,93784860.000,0,-,-,-,-,3861.0000,3860.8000,3860.6000,3860.0000,3859.8000,3862.6000,3862.8000,3863.0000,3863.2000,3863.8000,2,5,1,2,1,1,1,1,1,2
SF,IF2001,2019-11-29 09:32:10.100,3862.0000,3019,0,93784860.000,0,-,-,-,-,3861.2000,3861.0000,3860.8000,3860.6000,3860.0000,3862.6000,3862.8000,3863.2000,3863.8000,3864.0000,1,2,5,1,2,1,1,1,2,4
SF,IF2001,2019-11-29 09:32:10.600,3862.0000,3019,0,93784860.000,0,-,-,-,-,3861.4000,3861.0000,3860.8000,3860.6000,3860.0000,3862.6000,3863.2000,3863.8000,3864.0000,3870.0000,1,1,5,1,2,1,1,2,4,5
SF,IF2001,2019-11-29 09:32:11.600,3862.0000,3019,0,93784860.000,0,-,-,-,-,3861.4000,3861.2000,3861.0000,3860.8000,3860.6000,3862.6000,3863.2000,3863.8000,3864.0000,3870.0000,1,1,1,5,1,1,1,2,4,5
SF,IF2001,2019-11-29 09:32:12.100,3862.0000,3019,0,93784860.000,0,-,-,-,-,3861.4000,3861.0000,3860.8000,3860.6000,3860.0000,3862.6000,3863.2000,3863.8000,3864.0000,3870.0000,2,1,5,1,2,1,1,2,4,5
SF,IF2001,2019-11-29 09:32:12.600,3862.6000,3019,0,94943640.000,1,0,1,多换,S,3861.4000,3860.8000,3860.6000,3860.0000,3859.8000,3863.2000,3863.8000,3864.0000,3870.0000,3885.0000,2,5,1,2,1,1,2,4,5,1
SF,IF2001,2019-11-29 09:32:13.100,3862.6000,3019,0,94943640.000,0,-,-,-,-,3861.8000,3861.6000,3861.4000,3860.8000,3860.6000,3863.2000,3863.8000,3864.0000,3870.0000,3885.0000,1,1,1,5,1,1,2,4,5,1
SF,IF2001,2019-11-29 09:32:13.600,3862.6000,3019,0,94943640.000,0,-,-,-,-,3861.6000,3861.4000,3860.8000,3860.6000,3860.0000,3863.0000,3863.2000,3863.8000,3864.0000,3870.0000,2,1,5,1,2,1,1,2,4,5
SF,IF2001,2019-11-29 09:32:14.100,3862.6000,3019,0,94943640.000,0,-,-,-,-,3861.8000,3861.6000,3860.8000,3860.6000,3860.0000,3863.2000,3863.8000,3864.0000,3870.0000,3885.0000,1,1,5,1,2,1,2,4,5,1
SF,IF2001,2019-11-29 09:32:15.100,3862.6000,3019,0,94943640.000,0,-,-,-,-,3862.0000,3861.8000,3861.4000,3860.8000,3860.6000,3863.0000,3863.8000,3864.0000,3870.0000,3885.0000,1,1,1,5,1,1,2,4,5,1
SF,IF2001,2019-11-29 09:32:15.600,3862.6000,3019,0,94943640.000,0,-,-,-,-,3862.2000,3861.8000,3861.4000,3860.8000,3860.6000,3863.0000,3863.8000,3864.0000,3870.0000,3885.0000,1,1,1,5,1,1,2,4,5,1
SF,IF2001,2019-11-29 09:32:16.100,3862.6000,3019,0,94943640.000,0,-,-,-,-,3862.2000,3862.0000,3861.4000,3860.8000,3860.6000,3863.0000,3863.8000,3864.0000,3870.0000,3885.0000,1,1,1,5,1,1,2,4,5,1
SF,IF2001,2019-11-29 09:32:16.600,3863.0000,3018,-1,96102540.000,1,0,1,双平,S,3862.2000,3862.0000,3861.4000,3860.8000,3860.6000,3863.8000,3864.0000,3870.0000,3885.0000,3887.0000,1,1,1,5,1,2,4,5,1,1
SF,IF2001,2019-11-29 09:32:17.100,3863.0000,3018,0,96102540.000,0,-,-,-,-,3862.2000,3861.4000,3860.8000,3860.6000,3860.0000,3863.8000,3864.0000,3870.0000,3885.0000,3887.0000,2,1,5,1,2,2,4,5,1,1
SF,IF2001,2019-11-29 09:32:17.600,3863.0000,3018,0,96102540.000,0,-,-,-,-,3862.4000,3862.2000,3861.4000,3860.8000,3860.6000,3863.8000,3864.0000,3870.0000,3885.0000,3887.0000,1,1,1,5,1,2,4,5,1,1
SF,IF2001,2019-11-29 09:32:18.100,3863.6000,3017,-1,97261620.000,1,0,1,双平,S,3862.2000,3862.0000,3861.4000,3860.8000,3860.6000,3863.6000,3864.0000,3870.0000,3885.0000,3887.0000,1,1,1,5,1,2,4,5,1,1
SF,IF2001,2019-11-29 09:32:18.600,3863.6000,3017,0,97261620.000,0,-,-,-,-,3862.2000,3861.4000,3860.8000,3860.6000,3860.0000,3863.6000,3864.0000,3870.0000,3885.0000,3887.0000,2,1,5,1,2,1,4,5,1,1
SF,IF2001,2019-11-29 09:32:19.100,3863.6000,3017,0,97261620.000,0,-,-,-,-,3862.2000,3861.4000,3860.8000,3860.6000,3860.0000,3864.0000,3870.0000,3885.0000,3887.0000,3890.0000,2,1,5,1,2,4,5,1,1,1
SF,IF2001,2019-11-29 09:32:19.600,3863.6000,3017,0,97261620.000,0,-,-,-,-,3862.4000,3862.2000,3861.4000,3860.8000,3860.6000,3864.0000,3870.0000,3885.0000,3887.0000,3890.0000,1,1,1,5,1,4,5,1,1,1
SF,IF2001,2019-11-29 09:32:20.100,3863.6000,3017,0,97261620.000,0,-,-,-,-,3862.2000,3861.4000,3860.8000,3860.6000,3860.0000,3863.8000,3864.0000,3870.0000,3885.0000,3887.0000,1,1,5,1,2,4,4,5,1,1
SF,IF2001,2019-11-29 09:32:20.600,3863.6000,3017,0,97261620.000,0,-,-,-,-,3862.2000,3861.4000,3860.8000,3860.6000,3860.0000,3863.6000,3863.8000,3864.0000,3870.0000,3885.0000,1,1,5,1,2,1,4,4,5,1
SF,IF2001,2019-11-29 09:32:21.100,3863.6000,3017,0,97261620.000,0,-,-,-,-,3862.4000,3862.0000,3861.4000,3860.8000,3860.6000,3863.4000,3863.8000,3864.0000,3870.0000,3885.0000,1,1,1,5,1,1,3,4,5,1
SF,IF2001,2019-11-29 09:32:21.600,3863.6000,3017,0,97261620.000,0,-,-,-,-,3862.4000,3861.4000,3860.8000,3860.6000,3860.0000,3863.8000,3864.0000,3870.0000,3885.0000,3887.0000,2,1,5,1,2,1,4,5,1,1
SF,IF2001,2019-11-29 09:32:22.100,3863.6000,3017,0,97261620.000,0,-,-,-,-,3862.6000,3862.4000,3861.8000,3861.4000,3860.8000,3864.0000,3870.0000,3885.0000,3887.0000,3890.0000,1,1,4,1,1,4,5,1,1,1
SF,IF2001,2019-11-29 09:32:22.600,3863.6000,3017,0,97261620.000,0,-,-,-,-,3862.2000,3861.8000,3861.4000,3860.8000,3860.6000,3863.8000,3864.0000,3870.0000,3885.0000,3887.0000,1,4,1,1,1,1,4,5,1,1
SF,IF2001,2019-11-29 09:32:23.100,3863.6000,3017,0,97261620.000,0,-,-,-,-,3862.4000,3862.0000,3861.8000,3861.4000,3860.8000,3863.6000,3863.8000,3864.0000,3870.0000,3885.0000,1,1,4,1,1,1,2,4,5,1
SF,IF2001,2019-11-29 09:32:23.600,3863.6000,3017,0,97261620.000,0,-,-,-,-,3862.4000,3862.2000,3861.8000,3861.4000,3860.8000,3863.6000,3864.0000,3870.0000,3885.0000,3887.0000,1,1,4,1,1,1,4,5,1,1
SF,IF2001,2019-11-29 09:32:24.100,3863.6000,3017,0,97261620.000,0,-,-,-,-,3862.6000,3862.4000,3861.8000,3861.4000,3860.8000,3864.0000,3870.0000,3885.0000,3887.0000,3890.0000,1,1,4,1,1,4,5,1,1,1
SF,IF2001,2019-11-29 09:32:24.600,3863.6000,3017,0,97261620.000,0,-,-,-,-,3862.8000,3862.6000,3861.8000,3861.4000,3860.8000,3864.0000,3870.0000,3885.0000,3887.0000,3890.0000,1,1,4,1,1,4,5,1,1,1
SF,IF2001,2019-11-29 09:32:25.100,3863.6000,3017,0,97261620.000,0,-,-,-,-,3862.8000,3862.6000,3861.8000,3861.4000,3860.8000,3864.0000,3870.0000,3885.0000,3887.0000,3890.0000,1,1,4,1,1,6,5,1,1,1
SF,IF2001,2019-11-29 09:32:25.600,3863.6000,3017,0,97261620.000,0,-,-,-,-,3862.2000,3861.8000,3861.4000,3860.8000,3860.6000,3863.8000,3864.0000,3870.0000,3885.0000,3887.0000,1,4,1,1,1,1,6,5,1,1
SF,IF2001,2019-11-29 09:32:26.100,3863.6000,3017,0,97261620.000,0,-,-,-,-,3862.4000,3862.0000,3861.8000,3861.4000,3860.8000,3863.6000,3863.8000,3864.0000,3870.0000,3885.0000,1,1,4,1,1,1,2,7,5,1
SF,IF2001,2019-11-29 09:32:26.600,3863.6000,3017,0,98420700.000,1,0,1,多换,S,3862.4000,3862.0000,3861.8000,3861.4000,3860.8000,3863.8000,3864.0000,3870.0000,3885.0000,3887.0000,1,1,4,1,1,2,7,5,1,1
SF,IF2001,2019-11-29 09:32:27.100,3863.6000,3016,-1,99579780.000,1,0,1,双平,S,3862.4000,3861.8000,3861.4000,3860.8000,3860.6000,3864.0000,3870.0000,3885.0000,3887.0000,3890.0000,2,4,1,1,1,9,5,1,1,1
SF,IF2001,2019-11-29 09:32:27.600,3863.6000,3016,0,99579780.000,0,-,-,-,-,3862.4000,3862.0000,3861.8000,3861.4000,3860.8000,3863.4000,3863.6000,3863.8000,3864.0000,3870.0000,1,1,4,1,1,1,2,1,9,5
SF,IF2001,2019-11-29 09:32:28.100,3863.6000,3016,0,99579780.000,0,-,-,-,-,3862.4000,3862.2000,3861.8000,3861.4000,3860.8000,3863.4000,3863.8000,3864.0000,3870.0000,3885.0000,1,1,4,1,1,1,1,9,5,1
SF,IF2001,2019-11-29 09:32:28.600,3862.4000,3015,-1,100738500.000,1,0,1,双平,S,3862.0000,3861.8000,3861.4000,3860.8000,3860.6000,3863.4000,3863.8000,3864.0000,3870.0000,3885.0000,1,4,1,1,1,1,1,9,5,1
SF,IF2001,2019-11-29 09:32:29.100,3862.4000,3015,0,100738500.000,0,-,-,-,-,3862.2000,3861.8000,3861.4000,3860.8000,3860.6000,3863.4000,3863.8000,3864.0000,3870.0000,3885.0000,1,5,1,1,1,1,1,7,5,1
SF,IF2001,2019-11-29 09:32:29.600,3862.4000,3015,0,100738500.000,0,-,-,-,-,3862.2000,3861.8000,3861.4000,3860.8000,3860.6000,3863.4000,3863.8000,3864.0000,3870.0000,3885.0000,2,4,1,1,1,1,1,7,5,1
SF,IF2001,2019-11-29 09:32:30.100,3862.4000,3015,0,100738500.000,0,-,-,-,-,3861.8000,3861.4000,3860.8000,3860.6000,3860.0000,3863.2000,3863.4000,3863.8000,3864.0000,3870.0000,5,1,1,1,2,1,1,1,7,5
SF,IF2001,2019-11-29 09:32:30.600,3862.4000,3015,0,100738500.000,0,-,-,-,-,3862.0000,3861.8000,3861.4000,3860.8000,3860.6000,3863.4000,3863.8000,3864.0000,3870.0000,3885.0000,2,4,1,1,1,1,1,7,5,1
SF,IF2001,2019-11-29 09:32:31.100,3862.4000,3015,0,100738500.000,0,-,-,-,-,3862.0000,3861.8000,3861.4000,3860.8000,3860.6000,3863.4000,3863.8000,3864.0000,3870.0000,3885.0000,1,5,1,1,1,1,1,7,5,1
SF,IF2001,2019-11-29 09:32:31.600,3862.4000,3015,0,100738500.000,0,-,-,-,-,3862.0000,3861.8000,3861.4000,3860.8000,3860.6000,3863.2000,3863.4000,3863.8000,3864.0000,3870.0000,1,5,1,1,1,1,1,1,5,5
SF,IF2001,2019-11-29 09:32:32.100,3862.4000,3015,0,100738500.000,0,-,-,-,-,3862.0000,3861.8000,3861.6000,3861.4000,3860.8000,3863.2000,3863.4000,3863.8000,3864.0000,3870.0000,1,4,1,1,1,4,2,1,4,5
SF,IF2001,2019-11-29 09:32:32.600,3862.4000,3015,0,100738500.000,0,-,-,-,-,3862.0000,3861.8000,3861.4000,3860.8000,3860.6000,3863.2000,3863.4000,3863.6000,3863.8000,3864.0000,2,4,1,1,1,3,2,1,1,4
SF,IF2001,2019-11-29 09:32:33.100,3862.4000,3015,0,100738500.000,0,-,-,-,-,3862.0000,3861.8000,3861.4000,3860.8000,3860.6000,3863.2000,3863.4000,3863.6000,3863.8000,3864.0000,1,5,1,1,1,3,2,1,1,4
SF,IF2001,2019-11-29 09:32:33.600,3862.4000,3015,0,100738500.000,0,-,-,-,-,3862.0000,3861.8000,3861.4000,3860.8000,3860.6000,3862.8000,3863.2000,3863.4000,3863.6000,3863.8000,1,5,1,1,1,1,3,3,1,1
SF,IF2001,2019-11-29 09:32:34.100,3862.4000,3015,0,100738500.000,0,-,-,-,-,3862.0000,3861.8000,3861.4000,3860.8000,3860.6000,3862.8000,3863.0000,3863.2000,3863.4000,3863.6000,1,4,1,1,1,1,1,3,3,1
SF,IF2001,2019-11-29 09:32:34.600,3862.2000,3016,1,101897160.000,1,1,0,双开,S,3862.0000,3861.8000,3861.6000,3860.8000,3860.6000,3862.8000,3863.2000,3863.4000,3863.6000,3863.8000,1,4,1,1,1,1,3,3,1,1
SF,IF2001,2019-11-29 09:32:35.100,3862.8000,3015,-1,103056000.000,1,0,1,双平,S,3862.0000,3861.8000,3860.8000,3860.6000,3860.0000,3863.2000,3863.4000,3863.6000,3863.8000,3864.0000,2,4,1,1,2,2,2,1,1,4
SF,IF2001,2019-11-29 09:32:35.600,3862.2000,3014,-1,104214660.000,1,0,1,双平,S,3862.0000,3861.8000,3860.8000,3860.6000,3860.0000,3863.2000,3863.4000,3863.6000,3863.8000,3864.0000,1,4,1,1,2,1,2,1,1,4
SF,IF2001,2019-11-29 09:32:36.600,3862.2000,3014,0,104214660.000,0,-,-,-,-,3862.0000,3861.8000,3860.8000,3860.6000,3860.0000,3863.4000,3863.6000,3863.8000,3864.0000,3870.0000,1,4,1,1,2,2,1,1,4,5
SF,IF2001,2019-11-29 09:32:37.600,3862.2000,3014,0,104214660.000,0,-,-,-,-,3862.0000,3861.8000,3860.8000,3860.6000,3860.0000,3863.4000,3863.6000,3863.8000,3864.0000,3870.0000,1,4,1,1,2,2,1,1,4,5
SF,IF2001,2019-11-29 09:32:38.600,3862.2000,3014,0,104214660.000,0,-,-,-,-,3862.0000,3861.8000,3860.8000,3860.6000,3860.0000,3863.4000,3863.6000,3863.8000,3864.0000,3870.0000,1,4,1,1,2,2,1,1,1,5
SF,IF2001,2019-11-29 09:32:39.100,3862.2000,3014,0,104214660.000,0,-,-,-,-,3862.0000,3861.8000,3861.4000,3860.8000,3860.6000,3863.4000,3863.6000,3863.8000,3864.0000,3870.0000,1,4,1,1,1,2,1,1,1,5
SF,IF2001,2019-11-29 09:32:42.100,3862.2000,3014,0,104214660.000,0,-,-,-,-,3862.0000,3861.8000,3861.4000,3860.8000,3860.6000,3863.4000,3863.6000,3863.8000,3864.0000,3870.0000,1,4,1,1,1,2,1,1,1,5
SF,IF2001,2019-11-29 09:32:42.600,3862.2000,3014,0,104214660.000,0,-,-,-,-,3861.8000,3860.8000,3860.6000,3860.0000,3859.8000,3863.2000,3863.4000,3863.6000,3863.8000,3864.0000,4,1,1,2,1,1,2,1,1,1
SF,IF2001,2019-11-29 09:32:43.100,3862.2000,3014,0,104214660.000,0,-,-,-,-,3861.8000,3860.8000,3860.6000,3860.0000,3859.8000,3863.2000,3863.4000,3863.6000,3863.8000,3864.0000,4,1,1,2,1,4,2,1,1,1
SF,IF2001,2019-11-29 09:32:44.600,3862.2000,3014,0,104214660.000,0,-,-,-,-,3861.8000,3860.8000,3860.6000,3860.0000,3859.8000,3863.2000,3863.4000,3863.6000,3863.8000,3864.0000,4,1,1,2,1,5,2,1,1,1
SF,IF2001,2019-11-29 09:32:45.600,3862.2000,3014,0,104214660.000,0,-,-,-,-,3861.8000,3860.8000,3860.6000,3860.0000,3859.8000,3862.8000,3863.0000,3863.2000,3863.4000,3863.6000,4,1,1,2,1,1,1,4,2,1
SF,IF2001,2019-11-29 09:32:46.600,3861.8000,3010,-4,108848820.000,4,0,4,双平,S,3860.6000,3860.0000,3859.8000,3859.0000,3857.6000,3861.8000,3862.6000,3862.8000,3863.0000,3863.2000,1,2,1,1,1,2,1,1,1,4
SF,IF2001,2019-11-29 09:32:47.100,3861.8000,3010,0,108848820.000,0,-,-,-,-,3860.8000,3860.6000,3860.0000,3859.8000,3859.0000,3861.8000,3862.6000,3862.8000,3863.2000,3863.4000,2,1,2,1,1,2,1,1,3,1
SF,IF2001,2019-11-29 09:32:47.600,3861.8000,3010,0,108848820.000,0,-,-,-,-,3860.8000,3860.6000,3860.0000,3859.8000,3859.0000,3861.8000,3862.6000,3862.8000,3863.2000,3863.4000,2,1,2,1,1,1,1,1,3,1
SF,IF2001,2019-11-29 09:32:48.100,3861.8000,3010,0,108848820.000,0,-,-,-,-,3860.8000,3860.6000,3860.0000,3859.8000,3859.0000,3861.8000,3862.6000,3862.8000,3863.2000,3863.4000,1,1,2,1,1,1,1,1,3,1
SF,IF2001,2019-11-29 09:32:48.600,3861.8000,3010,0,108848820.000,0,-,-,-,-,3860.8000,3860.6000,3860.0000,3859.8000,3859.0000,3862.6000,3862.8000,3863.2000,3863.4000,3863.6000,1,1,2,1,1,1,1,3,1,1
SF,IF2001,2019-11-29 09:32:49.100,3860.8000,3009,-1,110007060.000,1,0,1,双平,S,3860.6000,3860.0000,3859.8000,3859.0000,3857.6000,3860.8000,3862.4000,3862.6000,3862.8000,3863.2000,1,2,1,1,1,1,4,1,1,3
SF,IF2001,2019-11-29 09:32:49.600,3860.6000,3008,-1,113481720.000,3,1,2,多平,S,3860.0000,3859.8000,3859.0000,3857.6000,3857.0000,3862.4000,3862.6000,3862.8000,3863.2000,3863.4000,2,1,1,1,2,3,1,1,3,1
SF,IF2001,2019-11-29 09:32:50.100,3860.6000,3008,0,113481720.000,0,-,-,-,-,3860.2000,3860.0000,3859.8000,3859.0000,3857.6000,3862.2000,3862.4000,3862.6000,3862.8000,3863.2000,1,2,1,1,1,4,2,1,1,3
SF,IF2001,2019-11-29 09:32:50.600,3860.6000,3008,0,113481720.000,0,-,-,-,-,3860.0000,3859.8000,3859.0000,3857.6000,3857.0000,3862.2000,3862.4000,3862.6000,3862.8000,3863.2000,2,1,1,1,2,4,2,1,1,3
SF,IF2001,2019-11-29 09:32:51.100,3860.6000,3008,0,113481720.000,0,-,-,-,-,3860.0000,3859.8000,3859.0000,3857.6000,3857.0000,3861.6000,3862.2000,3862.4000,3862.6000,3863.2000,2,1,1,1,2,1,4,2,1,3
SF,IF2001,2019-11-29 09:32:51.600,3860.6000,3008,0,113481720.000,0,-,-,-,-,3860.0000,3859.8000,3859.0000,3857.6000,3857.0000,3861.4000,3861.6000,3862.2000,3862.4000,3862.6000,2,1,1,1,2,1,1,3,2,1
SF,IF2001,2019-11-29 09:32:52.100,3860.6000,3008,0,113481720.000,0,-,-,-,-,3860.2000,3860.0000,3859.8000,3859.0000,3857.6000,3861.6000,3862.2000,3862.4000,3862.6000,3863.2000,1,2,1,1,1,1,3,2,1,3
SF,IF2001,2019-11-29 09:32:52.600,3860.6000,3008,0,113481720.000,0,-,-,-,-,3860.2000,3860.0000,3859.8000,3859.0000,3857.6000,3861.6000,3862.2000,3862.4000,3862.6000,3863.2000,2,2,1,1,1,1,3,2,1,3
SF,IF2001,2019-11-29 09:32:53.100,3860.6000,3008,0,113481720.000,0,-,-,-,-,3860.2000,3860.0000,3859.8000,3859.0000,3857.6000,3862.2000,3862.4000,3862.6000,3863.2000,3863.4000,2,2,1,1,1,3,2,1,3,1
SF,IF2001,2019-11-29 09:32:53.600,3860.6000,3008,0,113481720.000,0,-,-,-,-,3860.0000,3859.8000,3859.0000,3857.6000,3857.0000,3862.0000,3862.2000,3862.4000,3862.6000,3863.2000,2,1,1,1,2,1,3,2,1,3
SF,IF2001,2019-11-29 09:32:55.100,3860.6000,3008,0,113481720.000,0,-,-,-,-,3860.2000,3860.0000,3859.8000,3859.0000,3858.0000,3861.8000,3862.0000,3862.2000,3862.4000,3862.6000,1,2,1,1,1,1,1,3,2,1
SF,IF2001,2019-11-29 09:32:55.600,3860.6000,3008,0,113481720.000,0,-,-,-,-,3860.2000,3860.0000,3859.8000,3859.0000,3858.0000,3861.6000,3862.2000,3862.4000,3862.6000,3863.2000,1,2,1,1,1,1,3,2,1,3
SF,IF2001,2019-11-29 09:32:56.600,3860.6000,3008,0,113481720.000,0,-,-,-,-,3860.0000,3859.8000,3859.0000,3858.0000,3857.6000,3861.6000,3862.2000,3862.4000,3862.6000,3863.2000,2,1,1,1,1,1,3,2,1,3
SF,IF2001,2019-11-29 09:32:57.100,3860.6000,3008,0,113481720.000,0,-,-,-,-,3860.0000,3859.8000,3859.0000,3858.0000,3857.6000,3861.4000,3861.6000,3862.2000,3862.4000,3862.6000,2,1,1,1,1,1,2,3,2,1
SF,IF2001,2019-11-29 09:32:57.600,3860.6000,3008,0,113481720.000,0,-,-,-,-,3860.0000,3859.8000,3859.0000,3858.0000,3857.6000,3861.2000,3861.6000,3862.2000,3862.4000,3862.6000,2,1,1,1,1,1,1,3,2,1
SF,IF2001,2019-11-29 09:32:58.100,3860.6000,3008,0,113481720.000,0,-,-,-,-,3860.2000,3860.0000,3859.8000,3859.0000,3858.0000,3861.6000,3862.2000,3862.4000,3862.6000,3863.2000,1,2,1,1,1,1,3,2,1,3
SF,IF2001,2019-11-29 09:32:58.600,3860.6000,3008,0,113481720.000,0,-,-,-,-,3860.4000,3860.2000,3860.0000,3859.8000,3859.0000,3862.2000,3862.4000,3862.6000,3863.2000,3863.4000,2,2,2,1,1,3,2,1,3,1
SF,IF2001,2019-11-29 09:32:59.100,3860.6000,3008,0,113481720.000,0,-,-,-,-,3860.4000,3860.2000,3860.0000,3859.8000,3859.0000,3862.0000,3862.2000,3862.4000,3862.6000,3863.2000,2,1,2,1,1,1,3,2,1,3
SF,IF2001,2019-11-29 09:33:00.100,3860.6000,3008,0,113481720.000,0,-,-,-,-,3860.4000,3860.2000,3860.0000,3859.8000,3859.0000,3862.0000,3862.2000,3862.4000,3862.6000,3863.2000,2,1,2,1,1,1,1,1,1,3
SF,IF2001,2019-11-29 09:33:00.600,3862.2000,3007,-1,114640380.000,1,0,1,双平,S,3860.6000,3860.4000,3860.2000,3860.0000,3859.8000,3862.4000,3862.6000,3863.2000,3863.4000,3863.6000,2,2,1,2,1,1,1,3,1,1
SF,IF2001,2019-11-29 09:33:01.100,3862.2000,3007,0,114640380.000,0,-,-,-,-,3860.4000,3860.2000,3860.0000,3859.8000,3859.0000,3862.2000,3862.4000,3862.6000,3863.2000,3863.4000,2,1,2,1,1,1,1,1,3,1
SF,IF2001,2019-11-29 09:33:01.600,3862.2000,3007,0,114640380.000,0,-,-,-,-,3860.8000,3860.6000,3860.4000,3860.2000,3860.0000,3863.2000,3863.4000,3863.6000,3864.0000,3870.0000,1,1,2,1,2,3,1,1,1,5
SF,IF2001,2019-11-29 09:33:02.100,3862.2000,3007,0,114640380.000,0,-,-,-,-,3860.8000,3860.4000,3860.2000,3860.0000,3859.8000,3863.0000,3863.2000,3863.4000,3863.6000,3864.0000,2,1,1,2,1,3,3,1,1,1
SF,IF2001,2019-11-29 09:33:02.600,3862.2000,3007,0,114640380.000,0,-,-,-,-,3861.2000,3860.8000,3860.4000,3860.2000,3860.0000,3863.0000,3863.2000,3863.4000,3863.6000,3864.0000,1,3,1,1,2,3,3,1,1,1
SF,IF2001,2019-11-29 09:33:03.100,3862.2000,3007,0,114640380.000,0,-,-,-,-,3861.2000,3860.8000,3860.4000,3860.2000,3860.0000,3863.0000,3863.2000,3863.4000,3863.6000,3864.0000,1,3,1,1,2,3,3,1,1,1
SF,IF2001,2019-11-29 09:33:03.600,3862.2000,3007,0,114640380.000,0,-,-,-,-,3861.4000,3861.2000,3860.8000,3860.2000,3860.0000,3863.0000,3863.2000,3863.4000,3863.6000,3864.0000,1,1,3,1,2,3,3,1,1,1
SF,IF2001,2019-11-29 09:33:04.100,3862.2000,3007,0,114640380.000,0,-,-,-,-,3861.2000,3860.8000,3860.2000,3860.0000,3859.8000,3863.0000,3863.2000,3863.4000,3863.6000,3864.0000,1,3,1,2,1,3,3,1,1,1
SF,IF2001,2019-11-29 09:33:04.600,3862.2000,3007,0,114640380.000,0,-,-,-,-,3861.2000,3860.8000,3860.2000,3860.0000,3859.8000,3863.0000,3863.2000,3863.4000,3863.6000,3864.0000,1,3,1,2,1,3,3,1,1,1
SF,IF2001,2019-11-29 09:33:05.100,3862.2000,3007,0,114640380.000,0,-,-,-,-,3861.4000,3861.2000,3860.8000,3860.2000,3860.0000,3863.0000,3863.2000,3863.4000,3863.6000,3864.0000,1,1,1,1,2,3,3,1,1,1
SF,IF2001,2019-11-29 09:33:06.100,3862.2000,3007,0,114640380.000,0,-,-,-,-,3861.4000,3861.2000,3860.8000,3860.2000,3860.0000,3862.8000,3863.0000,3863.2000,3863.4000,3863.6000,1,1,1,1,2,1,4,3,1,1
SF,IF2001,2019-11-29 09:33:06.600,3862.2000,3007,0,114640380.000,0,-,-,-,-,3861.2000,3860.8000,3860.2000,3860.0000,3859.8000,3862.6000,3862.8000,3863.0000,3863.2000,3863.4000,1,1,1,2,1,1,1,3,3,1
SF,IF2001,2019-11-29 09:33:07.100,3862.2000,3007,0,114640380.000,0,-,-,-,-,3861.4000,3861.2000,3860.8000,3860.2000,3860.0000,3862.6000,3863.0000,3863.2000,3863.4000,3863.6000,1,1,1,1,2,1,3,3,1,1
SF,IF2001,2019-11-29 09:33:08.600,3862.2000,3007,0,114640380.000,0,-,-,-,-,3861.4000,3861.2000,3860.8000,3860.2000,3860.0000,3862.6000,3863.0000,3863.2000,3863.4000,3863.6000,1,1,1,1,2,1,1,3,1,1
SF,IF2001,2019-11-29 09:33:11.100,3862.2000,3007,0,114640380.000,0,-,-,-,-,3861.4000,3861.2000,3860.8000,3860.2000,3860.0000,3862.6000,3863.0000,3863.2000,3863.4000,3863.6000,1,1,1,1,2,1,1,1,1,1
SF,IF2001,2019-11-29 09:33:12.100,3862.2000,3007,0,114640380.000,0,-,-,-,-,3861.4000,3861.2000,3860.2000,3860.0000,3859.8000,3862.6000,3863.0000,3863.2000,3863.4000,3863.6000,1,1,1,2,1,1,1,1,1,1
SF,IF2001,2019-11-29 09:33:12.600,3861.4000,3006,-1,115798800.000,1,0,1,双平,S,3861.2000,3860.2000,3860.0000,3859.8000,3859.0000,3862.6000,3863.0000,3863.2000,3863.4000,3863.6000,1,1,2,1,1,1,1,1,1,1
SF,IF2001,2019-11-29 09:33:13.100,3861.4000,3006,0,115798800.000,0,-,-,-,-,3860.2000,3860.0000,3859.8000,3859.0000,3858.0000,3862.6000,3863.0000,3863.2000,3863.4000,3863.6000,1,2,1,1,1,1,1,1,1,1
SF,IF2001,2019-11-29 09:33:13.600,3861.4000,3006,0,115798800.000,0,-,-,-,-,3860.6000,3860.4000,3860.2000,3860.0000,3859.8000,3863.0000,3863.2000,3863.4000,3863.6000,3864.0000,1,2,1,2,1,1,1,1,1,1
SF,IF2001,2019-11-29 09:33:14.100,3861.4000,3006,0,115798800.000,0,-,-,-,-,3860.6000,3860.2000,3860.0000,3859.8000,3859.0000,3862.8000,3863.0000,3863.2000,3863.4000,3863.6000,1,1,2,1,1,3,1,1,1,1
SF,IF2001,2019-11-29 09:33:15.100,3861.4000,3006,0,115798800.000,0,-,-,-,-,3860.6000,3860.2000,3860.0000,3859.8000,3859.0000,3862.8000,3863.0000,3863.2000,3863.6000,3864.0000,1,1,2,1,1,1,1,1,1,1
SF,IF2001,2019-11-29 09:33:15.600,3861.4000,3006,0,115798800.000,0,-,-,-,-,3860.6000,3860.2000,3860.0000,3859.8000,3859.0000,3862.4000,3862.6000,3862.8000,3863.0000,3863.2000,1,1,2,1,1,2,2,1,1,1
SF,IF2001,2019-11-29 09:33:16.100,3861.4000,3006,0,115798800.000,0,-,-,-,-,3860.6000,3860.2000,3860.0000,3859.8000,3859.0000,3862.2000,3862.4000,3862.6000,3863.0000,3863.2000,1,1,2,1,1,1,1,2,1,1
SF,IF2001,2019-11-29 09:33:16.600,3861.4000,3006,0,115798800.000,0,-,-,-,-,3860.2000,3860.0000,3859.8000,3859.0000,3858.0000,3862.2000,3862.4000,3862.6000,3863.0000,3863.2000,1,2,1,1,1,3,2,2,1,1
SF,IF2001,2019-11-29 09:33:17.100,3861.4000,3006,0,115798800.000,0,-,-,-,-,3860.4000,3860.0000,3859.8000,3859.0000,3858.0000,3862.2000,3862.4000,3862.6000,3863.0000,3863.2000,1,2,1,1,1,3,2,2,1,1
SF,IF2001,2019-11-29 09:33:17.600,3861.4000,3006,0,115798800.000,0,-,-,-,-,3860.0000,3859.8000,3859.0000,3858.0000,3857.6000,3862.2000,3862.4000,3862.6000,3863.0000,3863.2000,2,1,1,1,1,3,2,2,1,1
SF,IF2001,2019-11-29 09:33:19.100,3861.4000,3006,0,115798800.000,0,-,-,-,-,3860.0000,3859.8000,3859.0000,3858.0000,3857.6000,3862.0000,3862.2000,3862.4000,3862.6000,3863.2000,2,1,1,1,1,1,3,2,2,1
SF,IF2001,2019-11-29 09:33:19.600,3861.4000,3006,0,115798800.000,0,-,-,-,-,3860.0000,3859.8000,3859.0000,3858.0000,3857.6000,3861.6000,3861.8000,3862.0000,3862.2000,3862.4000,2,1,1,1,1,1,3,2,2,2
SF,IF2001,2019-11-29 09:33:20.100,3861.4000,3006,0,115798800.000,0,-,-,-,-,3860.0000,3859.8000,3859.0000,3858.0000,3857.6000,3861.4000,3861.6000,3861.8000,3862.0000,3862.2000,2,1,1,1,1,1,1,2,2,2
SF,IF2001,2019-11-29 09:33:24.100,3861.4000,3006,0,115798800.000,0,-,-,-,-,3860.0000,3859.8000,3859.0000,3858.0000,3857.6000,3861.4000,3861.6000,3861.8000,3862.0000,3862.2000,2,1,1,3,1,1,1,2,2,2
SF,IF2001,2019-11-29 09:33:24.600,3861.4000,3006,0,115798800.000,0,-,-,-,-,3860.2000,3860.0000,3859.8000,3859.0000,3858.0000,3861.4000,3861.6000,3861.8000,3862.0000,3862.2000,1,2,1,1,3,1,1,2,2,2
SF,IF2001,2019-11-29 09:33:25.100,3861.4000,3006,0,115798800.000,0,-,-,-,-,3860.0000,3859.8000,3859.0000,3858.0000,3857.6000,3861.4000,3861.6000,3861.8000,3862.0000,3862.2000,2,1,1,3,1,1,1,2,2,2
SF,IF2001,2019-11-29 09:33:27.600,3861.4000,3006,0,115798800.000,0,-,-,-,-,3860.0000,3859.8000,3859.0000,3858.0000,3857.6000,3861.4000,3861.6000,3861.8000,3862.0000,3862.2000,2,1,1,3,1,1,1,2,1,2
SF,IF2001,2019-11-29 09:33:28.100,3861.4000,3006,0,115798800.000,0,-,-,-,-,3860.2000,3860.0000,3859.8000,3859.0000,3858.0000,3861.6000,3862.0000,3862.2000,3862.4000,3862.6000,2,2,1,1,1,1,1,2,2,1
SF,IF2001,2019-11-29 09:33:28.600,3861.4000,3006,0,115798800.000,0,-,-,-,-,3860.2000,3860.0000,3859.8000,3859.0000,3858.0000,3861.6000,3862.2000,3862.4000,3862.6000,3863.2000,2,2,1,1,1,1,2,2,1,1
SF,IF2001,2019-11-29 09:33:29.600,3861.4000,3006,0,115798800.000,0,-,-,-,-,3860.4000,3860.2000,3860.0000,3859.8000,3859.0000,3862.4000,3862.6000,3863.2000,3863.6000,3864.0000,1,2,2,1,1,1,1,1,1,1
SF,IF2001,2019-11-29 09:33:30.100,3861.4000,3006,0,115798800.000,0,-,-,-,-,3860.6000,3860.4000,3860.2000,3860.0000,3859.8000,3862.2000,3862.4000,3862.6000,3863.2000,3863.6000,2,1,1,2,1,1,1,1,1,1
SF,IF2001,2019-11-29 09:33:30.600,3861.4000,3006,0,115798800.000,0,-,-,-,-,3860.6000,3860.4000,3860.2000,3860.0000,3859.8000,3862.2000,3862.4000,3862.6000,3863.2000,3863.6000,1,1,1,2,1,1,1,1,1,1
SF,IF2001,2019-11-29 09:33:31.600,3861.4000,3006,0,115798800.000,0,-,-,-,-,3860.4000,3860.2000,3860.0000,3859.8000,3859.0000,3862.2000,3862.4000,3862.6000,3863.2000,3863.6000,1,1,2,1,1,1,1,1,1,1
SF,IF2001,2019-11-29 09:33:34.600,3861.4000,3006,0,115798800.000,0,-,-,-,-,3860.4000,3860.2000,3860.0000,3859.8000,3859.0000,3862.2000,3862.4000,3862.6000,3863.2000,3863.6000,1,1,2,1,1,1,3,1,1,1
SF,IF2001,2019-11-29 09:33:35.100,3861.4000,3006,0,115798800.000,0,-,-,-,-,3860.4000,3860.2000,3860.0000,3859.8000,3859.0000,3862.2000,3862.4000,3862.6000,3863.2000,3863.6000,1,1,2,1,1,1,2,1,1,1
SF,IF2001,2019-11-29 09:33:35.600,3861.4000,3006,0,115798800.000,0,-,-,-,-,3860.4000,3860.2000,3860.0000,3859.8000,3859.0000,3862.2000,3862.4000,3862.6000,3863.2000,3863.6000,1,1,2,1,1,1,3,1,1,1
SF,IF2001,2019-11-29 09:33:36.600,3861.4000,3006,0,115798800.000,0,-,-,-,-,3860.4000,3860.2000,3860.0000,3859.8000,3859.0000,3862.0000,3862.2000,3862.4000,3862.6000,3863.2000,1,1,2,1,1,1,1,3,1,1
SF,IF2001,2019-11-29 09:33:37.100,3861.4000,3006,0,115798800.000,0,-,-,-,-,3860.4000,3860.2000,3860.0000,3859.8000,3859.0000,3861.8000,3862.0000,3862.4000,3862.6000,3863.2000,1,1,4,1,1,1,1,3,1,1
SF,IF2001,2019-11-29 09:33:38.100,3861.4000,3006,0,115798800.000,0,-,-,-,-,3860.4000,3860.2000,3860.0000,3859.8000,3859.0000,3861.8000,3862.0000,3862.4000,3862.6000,3863.2000,1,1,4,1,1,1,1,2,1,1
SF,IF2001,2019-11-29 09:33:38.600,3861.4000,3006,0,115798800.000,0,-,-,-,-,3860.4000,3860.2000,3860.0000,3859.8000,3859.0000,3861.8000,3862.4000,3862.6000,3863.2000,3863.6000,1,1,4,1,1,1,2,1,1,1
SF,IF2001,2019-11-29 09:33:40.100,3861.4000,3006,0,115798800.000,0,-,-,-,-,3860.2000,3860.0000,3859.8000,3859.0000,3858.0000,3861.8000,3862.4000,3862.6000,3863.2000,3863.6000,1,4,1,1,1,1,2,1,1,1
SF,IF2001,2019-11-29 09:33:41.100,3860.2000,3005,-1,116956860.000,1,0,1,双平,S,3860.0000,3859.8000,3859.0000,3858.0000,3857.6000,3861.6000,3861.8000,3862.4000,3862.6000,3863.2000,4,1,1,1,1,2,1,2,1,1
SF,IF2001,2019-11-29 09:33:41.600,3860.2000,3005,0,116956860.000,0,-,-,-,-,3860.0000,3859.0000,3858.0000,3857.6000,3857.0000,3861.4000,3861.6000,3862.4000,3863.2000,3863.6000,4,1,1,1,2,2,3,2,1,1
SF,IF2001,2019-11-29 09:33:44.100,3860.2000,3005,0,116956860.000,0,-,-,-,-,3860.0000,3859.0000,3858.0000,3857.6000,3857.0000,3861.4000,3861.6000,3862.4000,3863.2000,3863.6000,4,1,1,1,2,2,1,2,1,1
SF,IF2001,2019-11-29 09:33:46.100,3860.2000,3005,0,116956860.000,0,-,-,-,-,3860.0000,3859.0000,3858.0000,3857.6000,3857.0000,3861.2000,3861.4000,3861.6000,3862.4000,3863.2000,4,1,1,1,2,2,2,1,2,1
SF,IF2001,2019-11-29 09:33:46.600,3860.2000,3005,0,116956860.000,0,-,-,-,-,3860.0000,3859.0000,3858.0000,3857.6000,3857.0000,3861.0000,3861.2000,3861.4000,3861.6000,3862.4000,4,1,1,1,2,1,1,1,1,2
SF,IF2001,2019-11-29 09:33:47.100,3860.2000,3005,0,116956860.000,0,-,-,-,-,3860.0000,3859.0000,3858.0000,3857.6000,3857.0000,3861.0000,3861.2000,3861.6000,3862.4000,3863.2000,4,1,1,1,2,1,1,1,2,1
SF,IF2001,2019-11-29 09:33:47.600,3860.2000,3005,0,116956860.000,0,-,-,-,-,3860.0000,3859.0000,3858.0000,3857.6000,3857.0000,3861.0000,3861.6000,3862.4000,3863.2000,3863.6000,4,1,1,1,2,1,1,2,1,1
SF,IF2001,2019-11-29 09:33:52.600,3860.0000,3005,0,121588860.000,4,2,2,多换,S,3859.0000,3858.0000,3857.6000,3857.0000,3856.4000,3860.0000,3860.8000,3861.0000,3861.6000,3862.4000,1,1,1,2,1,4,3,1,1,2
SF,IF2001,2019-11-29 09:33:53.100,3860.0000,3001,-4,126220860.000,4,0,4,双平,S,3859.2000,3859.0000,3858.0000,3857.6000,3857.0000,3861.6000,3862.4000,3863.2000,3863.6000,3868.6000,2,1,1,1,2,1,1,1,1,2
SF,IF2001,2019-11-29 09:33:53.600,3860.0000,3001,0,126220860.000,0,-,-,-,-,3859.2000,3859.0000,3858.0000,3857.6000,3857.0000,3861.2000,3861.4000,3861.6000,3862.4000,3863.2000,1,1,1,1,2,1,4,1,1,1
SF,IF2001,2019-11-29 09:33:54.100,3860.0000,3001,0,126220860.000,0,-,-,-,-,3859.2000,3859.0000,3858.0000,3857.6000,3857.0000,3861.0000,3861.2000,3861.4000,3861.6000,3862.4000,1,1,1,1,2,1,1,3,1,1
SF,IF2001,2019-11-29 09:33:54.600,3860.0000,3001,0,126220860.000,0,-,-,-,-,3859.4000,3859.2000,3859.0000,3858.0000,3857.6000,3861.6000,3862.4000,3863.2000,3863.6000,3868.6000,1,1,1,1,1,1,1,1,1,2
SF,IF2001,2019-11-29 09:33:55.100,3860.0000,3001,0,126220860.000,0,-,-,-,-,3859.2000,3859.0000,3858.0000,3857.6000,3857.0000,3861.4000,3861.6000,3862.4000,3863.2000,3863.6000,1,1,1,1,2,5,1,1,1,1
SF,IF2001,2019-11-29 09:33:56.100,3860.0000,3001,0,126220860.000,0,-,-,-,-,3859.2000,3859.0000,3858.0000,3857.6000,3857.0000,3861.4000,3861.6000,3862.4000,3863.2000,3863.6000,1,1,1,1,2,5,1,1,1,1
SF,IF2001,2019-11-29 09:33:58.100,3860.0000,3001,0,126220860.000,0,-,-,-,-,3859.2000,3859.0000,3858.0000,3857.6000,3857.0000,3861.2000,3861.4000,3861.6000,3862.4000,3863.2000,1,1,1,1,2,1,5,1,1,1
SF,IF2001,2019-11-29 09:33:58.600,3860.0000,3001,0,126220860.000,0,-,-,-,-,3859.2000,3859.0000,3858.0000,3857.6000,3857.0000,3861.0000,3861.2000,3861.4000,3861.6000,3862.4000,1,1,1,1,2,2,1,4,1,1
SF,IF2001,2019-11-29 09:33:59.100,3860.0000,3001,0,126220860.000,0,-,-,-,-,3859.2000,3859.0000,3858.0000,3857.6000,3857.0000,3861.0000,3861.2000,3861.4000,3861.6000,3862.4000,1,1,1,1,2,1,1,2,1,1
SF,IF2001,2019-11-29 09:34:00.100,3860.0000,3001,0,126220860.000,0,-,-,-,-,3859.2000,3859.0000,3858.0000,3857.6000,3857.0000,3861.0000,3861.4000,3861.6000,3862.4000,3863.2000,1,1,1,1,2,1,2,1,1,1
SF,IF2001,2019-11-29 09:34:00.600,3860.0000,3001,0,126220860.000,0,-,-,-,-,3859.4000,3859.2000,3859.0000,3858.0000,3857.6000,3861.0000,3861.4000,3861.6000,3862.4000,3863.2000,1,2,1,1,1,1,1,1,1,1
SF,IF2001,2019-11-29 09:34:01.100,3860.0000,3001,0,126220860.000,0,-,-,-,-,3859.6000,3859.2000,3859.0000,3858.0000,3857.6000,3861.0000,3861.4000,3861.6000,3862.4000,3863.2000,1,1,1,1,1,1,1,1,1,1
SF,IF2001,2019-11-29 09:34:01.600,3860.0000,3001,0,126220860.000,0,-,-,-,-,3859.6000,3859.2000,3859.0000,3858.0000,3857.6000,3861.0000,3861.6000,3862.2000,3862.4000,3863.2000,1,1,1,1,1,1,1,2,1,1
SF,IF2001,2019-11-29 09:34:02.100,3860.0000,3001,0,126220860.000,0,-,-,-,-,3859.8000,3859.6000,3859.2000,3859.0000,3858.0000,3861.0000,3861.6000,3862.2000,3862.4000,3863.2000,3,1,1,1,1,1,1,2,1,1
SF,IF2001,2019-11-29 09:34:02.600,3861.0000,3000,-1,127379160.000,1,0,1,双平,S,3860.0000,3859.8000,3859.6000,3859.0000,3858.0000,3861.6000,3862.2000,3862.4000,3863.2000,3863.6000,1,3,1,1,1,1,2,1,1,1
SF,IF2001,2019-11-29 09:34:03.100,3861.0000,3000,0,127379160.000,0,-,-,-,-,3860.0000,3859.8000,3859.6000,3859.0000,3858.0000,3861.4000,3862.2000,3862.4000,3863.2000,3863.6000,1,3,1,1,1,1,2,1,1,1
SF,IF2001,2019-11-29 09:34:03.600,3861.0000,3000,0,127379160.000,0,-,-,-,-,3860.2000,3860.0000,3859.8000,3859.6000,3859.0000,3862.2000,3862.4000,3863.2000,3863.6000,3868.6000,1,1,3,1,1,2,1,1,1,2
SF,IF2001,2019-11-29 09:34:04.100,3861.0000,3000,0,127379160.000,0,-,-,-,-,3860.0000,3859.8000,3859.6000,3859.0000,3858.0000,3862.0000,3862.2000,3862.4000,3863.2000,3863.6000,1,2,1,1,1,1,2,2,1,1
SF,IF2001,2019-11-29 09:34:04.600,3861.0000,3000,0,127379160.000,0,-,-,-,-,3860.2000,3860.0000,3859.8000,3859.6000,3859.0000,3862.0000,3862.2000,3862.4000,3863.2000,3863.6000,1,1,2,1,1,3,2,2,1,1
SF,IF2001,2019-11-29 09:34:05.100,3861.0000,3000,0,127379160.000,0,-,-,-,-,3860.4000,3860.2000,3860.0000,3859.8000,3859.0000,3862.0000,3862.2000,3862.4000,3863.2000,3863.6000,1,1,1,2,1,1,2,1,1,1
SF,IF2001,2019-11-29 09:34:05.600,3861.0000,3000,0,127379160.000,0,-,-,-,-,3859.0000,3858.0000,3857.6000,3857.0000,3856.4000,3861.4000,3861.8000,3862.0000,3862.2000,3862.4000,1,1,1,2,1,1,4,1,2,1
SF,IF2001,2019-11-29 09:34:06.100,3861.0000,3000,0,127379160.000,0,-,-,-,-,3859.2000,3859.0000,3858.0000,3857.6000,3857.0000,3861.8000,3862.0000,3862.2000,3862.4000,3863.2000,4,1,1,1,2,1,1,2,1,1
SF,IF2001,2019-11-29 09:34:06.600,3861.0000,3000,0,127379160.000,0,-,-,-,-,3859.8000,3859.6000,3859.2000,3859.0000,3858.0000,3861.6000,3862.2000,3862.4000,3863.2000,3863.6000,1,1,4,2,1,1,2,1,1,1
SF,IF2001,2019-11-29 09:34:07.100,3861.0000,3000,0,127379160.000,0,-,-,-,-,3860.0000,3859.8000,3859.6000,3859.2000,3859.0000,3861.6000,3862.2000,3862.4000,3863.2000,3863.6000,3,1,1,3,2,1,2,1,1,1
SF,IF2001,2019-11-29 09:34:07.600,3861.0000,3000,0,127379160.000,0,-,-,-,-,3860.0000,3859.8000,3859.2000,3859.0000,3858.0000,3861.6000,3862.2000,3862.4000,3863.2000,3863.6000,3,1,3,2,1,1,2,1,1,1
SF,IF2001,2019-11-29 09:34:08.100,3861.0000,3000,0,127379160.000,0,-,-,-,-,3860.0000,3859.8000,3859.2000,3859.0000,3858.0000,3861.6000,3862.2000,3862.4000,3863.2000,3863.6000,2,1,3,2,1,1,2,1,1,1
SF,IF2001,2019-11-29 09:34:09.100,3861.0000,3000,0,127379160.000,0,-,-,-,-,3860.0000,3859.8000,3859.2000,3859.0000,3858.0000,3861.6000,3862.2000,3862.4000,3863.2000,3863.6000,1,1,2,2,1,1,2,1,1,1
SF,IF2001,2019-11-29 09:34:10.600,3861.0000,3000,0,127379160.000,0,-,-,-,-,3860.0000,3859.2000,3859.0000,3858.0000,3857.6000,3861.4000,3861.6000,3862.2000,3862.4000,3863.2000,1,2,2,1,1,1,1,2,1,1
SF,IF2001,2019-11-29 09:34:13.100,3861.0000,3000,0,127379160.000,0,-,-,-,-,3860.0000,3859.2000,3859.0000,3858.0000,3857.6000,3861.2000,3861.6000,3862.2000,3862.4000,3863.2000,1,2,2,1,1,1,1,2,1,1
SF,IF2001,2019-11-29 09:34:13.600,3861.0000,3000,0,127379160.000,0,-,-,-,-,3859.2000,3859.0000,3858.0000,3857.6000,3857.0000,3861.0000,3861.2000,3862.2000,3862.4000,3863.2000,1,2,1,1,2,1,1,2,1,1
SF,IF2001,2019-11-29 09:34:14.100,3861.0000,3000,0,127379160.000,0,-,-,-,-,3859.4000,3859.2000,3859.0000,3858.0000,3857.6000,3861.2000,3862.2000,3862.4000,3863.2000,3863.6000,1,1,2,1,1,1,2,1,1,1
SF,IF2001,2019-11-29 09:34:14.600,3861.0000,3000,0,127379160.000,0,-,-,-,-,3859.6000,3859.4000,3859.2000,3859.0000,3858.0000,3861.2000,3861.6000,3862.2000,3862.4000,3863.2000,1,1,1,2,1,1,1,2,1,1
SF,IF2001,2019-11-29 09:34:15.100,3861.0000,3000,0,127379160.000,0,-,-,-,-,3859.4000,3859.2000,3859.0000,3858.0000,3857.6000,3861.0000,3861.2000,3861.6000,3862.2000,3862.4000,1,1,2,1,1,1,1,1,2,1
SF,IF2001,2019-11-29 09:34:15.600,3861.0000,3000,0,127379160.000,0,-,-,-,-,3859.8000,3859.4000,3859.2000,3859.0000,3858.0000,3861.6000,3862.2000,3862.4000,3863.2000,3863.6000,1,1,1,2,1,1,2,1,1,1
SF,IF2001,2019-11-29 09:34:16.100,3861.0000,3000,0,127379160.000,0,-,-,-,-,3859.8000,3859.4000,3859.2000,3859.0000,3858.0000,3861.4000,3861.6000,3862.2000,3862.4000,3863.2000,1,1,1,2,1,1,1,2,1,1
SF,IF2001,2019-11-29 09:34:16.600,3861.0000,3000,0,127379160.000,0,-,-,-,-,3860.0000,3859.8000,3859.2000,3859.0000,3858.0000,3861.6000,3862.2000,3862.4000,3863.2000,3863.6000,1,1,1,2,1,1,2,1,1,1
SF,IF2001,2019-11-29 09:34:17.100,3861.0000,3000,0,127379160.000,0,-,-,-,-,3860.0000,3859.8000,3859.2000,3859.0000,3858.0000,3861.4000,3861.6000,3862.2000,3862.4000,3863.2000,1,1,1,2,1,2,1,2,1,1
SF,IF2001,2019-11-29 09:34:17.600,3861.0000,3000,0,127379160.000,0,-,-,-,-,3860.0000,3859.8000,3859.2000,3859.0000,3858.0000,3861.4000,3861.6000,3862.2000,3862.4000,3863.2000,1,1,1,2,1,1,1,2,1,1
SF,IF2001,2019-11-29 09:34:19.100,3861.0000,3000,0,127379160.000,0,-,-,-,-,3860.2000,3860.0000,3859.8000,3859.0000,3858.0000,3862.2000,3862.4000,3863.2000,3863.6000,3868.6000,1,2,1,2,1,2,1,1,1,2
SF,IF2001,2019-11-29 09:34:19.600,3861.0000,3000,0,127379160.000,0,-,-,-,-,3860.2000,3860.0000,3859.8000,3859.0000,3858.0000,3862.0000,3862.2000,3862.4000,3863.2000,3863.6000,1,1,1,2,1,1,2,1,1,1
SF,IF2001,2019-11-29 09:34:23.600,3861.0000,3000,0,127379160.000,0,-,-,-,-,3860.2000,3860.0000,3859.8000,3859.0000,3858.0000,3862.0000,3862.2000,3862.4000,3863.2000,3863.6000,1,1,1,2,1,1,2,1,1,1
SF,IF2001,2019-11-29 09:34:24.100,3861.0000,3000,0,127379160.000,0,-,-,-,-,3860.2000,3860.0000,3859.8000,3859.0000,3858.0000,3861.8000,3862.0000,3862.2000,3862.4000,3863.2000,1,1,1,2,1,1,1,2,1,1
SF,IF2001,2019-11-29 09:34:24.600,3861.0000,3000,0,127379160.000,0,-,-,-,-,3860.0000,3859.8000,3859.0000,3858.0000,3857.6000,3861.6000,3861.8000,3862.2000,3862.4000,3863.2000,1,1,2,1,1,1,2,2,1,1
SF,IF2001,2019-11-29 09:34:25.100,3861.0000,3000,0,127379160.000,0,-,-,-,-,3859.0000,3858.0000,3857.6000,3857.0000,3856.8000,3861.6000,3861.8000,3862.2000,3862.4000,3863.2000,2,1,1,2,1,4,2,2,1,1
SF,IF2001,2019-11-29 09:34:25.600,3861.0000,3000,0,127379160.000,0,-,-,-,-,3859.2000,3859.0000,3858.0000,3857.6000,3857.0000,3861.6000,3861.8000,3862.2000,3862.4000,3863.2000,3,2,1,1,2,1,2,2,1,1
SF,IF2001,2019-11-29 09:34:26.600,3861.0000,3000,0,127379160.000,0,-,-,-,-,3859.2000,3859.0000,3858.0000,3857.6000,3857.0000,3861.6000,3861.8000,3862.2000,3862.4000,3863.2000,3,2,1,1,2,2,1,2,1,1
SF,IF2001,2019-11-29 09:34:27.100,3861.0000,3000,0,127379160.000,0,-,-,-,-,3859.2000,3859.0000,3858.0000,3857.6000,3857.0000,3861.0000,3861.6000,3861.8000,3862.2000,3862.4000,3,2,1,1,2,1,2,1,2,1
SF,IF2001,2019-11-29 09:34:27.600,3861.0000,3000,0,127379160.000,0,-,-,-,-,3859.2000,3859.0000,3858.0000,3857.6000,3857.0000,3861.0000,3861.6000,3861.8000,3862.2000,3862.4000,3,2,1,1,2,1,2,1,2,1
SF,IF2001,2019-11-29 09:34:28.100,3861.0000,3000,0,127379160.000,0,-,-,-,-,3859.4000,3859.2000,3859.0000,3858.0000,3857.6000,3861.0000,3861.6000,3861.8000,3862.2000,3862.4000,1,3,2,1,1,1,2,1,2,1
SF,IF2001,2019-11-29 09:34:28.600,3861.0000,3000,0,127379160.000,0,-,-,-,-,3859.6000,3859.4000,3859.2000,3859.0000,3858.0000,3861.0000,3861.6000,3861.8000,3862.2000,3862.4000,2,1,1,2,1,1,2,1,2,1
SF,IF2001,2019-11-29 09:34:29.100,3861.0000,3000,0,127379160.000,0,-,-,-,-,3859.6000,3859.4000,3859.2000,3859.0000,3858.0000,3861.0000,3861.6000,3861.8000,3862.2000,3862.4000,2,1,1,2,1,1,1,1,2,1
SF,IF2001,2019-11-29 09:34:30.100,3861.0000,3000,0,127379160.000,0,-,-,-,-,3859.6000,3859.2000,3859.0000,3858.0000,3857.6000,3861.6000,3861.8000,3862.2000,3862.4000,3863.2000,2,1,2,1,1,1,1,2,1,1
SF,IF2001,2019-11-29 09:34:30.600,3861.0000,3000,0,127379160.000,0,-,-,-,-,3859.6000,3859.2000,3859.0000,3858.0000,3857.6000,3860.6000,3861.4000,3861.6000,3861.8000,3862.2000,1,1,2,1,1,1,1,1,1,2
SF,IF2001,2019-11-29 09:34:31.100,3861.0000,3000,0,127379160.000,0,-,-,-,-,3859.8000,3859.6000,3859.2000,3859.0000,3858.0000,3860.6000,3861.8000,3862.2000,3862.4000,3863.2000,1,1,1,2,1,1,1,2,1,1
SF,IF2001,2019-11-29 09:34:31.600,3860.6000,2999,-1,128537340.000,1,0,1,双平,S,3860.0000,3859.8000,3859.6000,3859.0000,3858.0000,3861.8000,3862.2000,3862.4000,3863.2000,3863.6000,1,1,1,2,1,1,2,1,1,1
SF,IF2001,2019-11-29 09:34:32.100,3860.6000,2999,0,128537340.000,0,-,-,-,-,3859.6000,3859.0000,3858.0000,3857.6000,3857.0000,3861.6000,3861.8000,3862.2000,3862.4000,3863.2000,1,2,1,1,2,3,1,2,1,1
SF,IF2001,2019-11-29 09:34:32.600,3860.6000,2999,0,128537340.000,0,-,-,-,-,3859.6000,3859.0000,3858.0000,3857.6000,3857.0000,3861.4000,3861.6000,3862.2000,3862.4000,3863.2000,1,2,1,1,2,1,2,2,1,1
SF,IF2001,2019-11-29 09:34:33.100,3860.6000,2999,0,128537340.000,0,-,-,-,-,3859.6000,3859.0000,3858.0000,3857.6000,3857.0000,3861.2000,3861.4000,3861.6000,3862.2000,3862.4000,1,2,1,1,2,1,1,1,2,1
SF,IF2001,2019-11-29 09:34:33.600,3860.6000,2999,0,128537340.000,0,-,-,-,-,3859.6000,3859.0000,3858.0000,3857.6000,3857.0000,3860.8000,3861.2000,3861.4000,3861.6000,3862.2000,1,2,1,1,2,1,1,1,1,2
SF,IF2001,2019-11-29 09:34:34.100,3860.6000,2999,0,128537340.000,0,-,-,-,-,3859.6000,3859.0000,3858.0000,3857.6000,3857.0000,3860.8000,3861.2000,3861.4000,3862.2000,3862.4000,1,2,1,1,2,1,1,1,2,1
SF,IF2001,2019-11-29 09:34:34.600,3860.6000,2999,0,128537340.000,0,-,-,-,-,3859.8000,3859.6000,3859.0000,3858.0000,3857.6000,3860.8000,3862.2000,3862.4000,3863.2000,3863.6000,2,1,2,1,1,1,2,1,1,1
SF,IF2001,2019-11-29 09:34:35.100,3860.6000,2999,0,128537340.000,0,-,-,-,-,3860.0000,3859.8000,3859.6000,3859.0000,3858.0000,3860.8000,3862.2000,3862.4000,3863.2000,3863.6000,1,2,1,2,1,1,2,1,1,1
SF,IF2001,2019-11-29 09:34:36.100,3860.6000,2999,0,128537340.000,0,-,-,-,-,3859.8000,3859.6000,3859.0000,3858.0000,3857.6000,3860.8000,3862.2000,3862.4000,3863.2000,3863.6000,2,1,2,1,1,1,2,1,1,1
SF,IF2001,2019-11-29 09:34:38.600,3860.6000,2999,0,128537340.000,0,-,-,-,-,3860.0000,3859.8000,3859.6000,3859.0000,3858.0000,3860.8000,3862.2000,3862.4000,3863.2000,3863.6000,1,2,1,2,1,1,2,1,1,1
SF,IF2001,2019-11-29 09:34:39.600,3860.6000,2999,0,128537340.000,0,-,-,-,-,3860.0000,3859.8000,3859.6000,3859.0000,3858.0000,3862.2000,3862.4000,3863.2000,3863.6000,3868.6000,1,2,1,2,1,2,1,1,1,2
SF,IF2001,2019-11-29 09:34:40.100,3860.6000,2999,0,128537340.000,0,-,-,-,-,3860.0000,3859.8000,3859.6000,3859.0000,3858.0000,3862.0000,3862.2000,3862.4000,3863.2000,3863.6000,1,1,1,2,1,4,3,2,1,1
SF,IF2001,2019-11-29 09:34:40.600,3860.6000,2999,0,128537340.000,0,-,-,-,-,3859.6000,3859.0000,3858.0000,3857.6000,3857.0000,3861.6000,3862.0000,3862.2000,3862.4000,3863.2000,1,2,1,1,2,1,3,3,2,1
SF,IF2001,2019-11-29 09:34:41.100,3860.6000,2999,0,128537340.000,0,-,-,-,-,3859.6000,3859.0000,3858.0000,3857.6000,3857.0000,3861.4000,3861.6000,3862.0000,3862.2000,3862.4000,1,2,1,1,2,1,1,2,3,2
SF,IF2001,2019-11-29 09:34:43.600,3860.6000,2999,0,128537340.000,0,-,-,-,-,3859.6000,3859.0000,3858.0000,3857.6000,3857.0000,3861.2000,3861.4000,3862.0000,3862.2000,3862.4000,2,2,1,1,2,1,1,2,3,2
SF,IF2001,2019-11-29 09:34:44.100,3860.6000,2999,0,128537340.000,0,-,-,-,-,3859.8000,3859.6000,3859.0000,3858.0000,3857.6000,3861.0000,3861.2000,3862.0000,3862.2000,3862.4000,1,2,2,1,1,2,1,2,3,2
SF,IF2001,2019-11-29 09:34:44.600,3860.6000,2999,0,128537340.000,0,-,-,-,-,3859.8000,3859.6000,3859.0000,3858.0000,3857.6000,3861.0000,3861.2000,3862.0000,3862.2000,3862.4000,1,1,2,1,1,2,1,2,3,2
SF,IF2001,2019-11-29 09:34:45.100,3860.6000,2999,0,128537340.000,0,-,-,-,-,3860.0000,3859.8000,3859.6000,3859.0000,3858.0000,3861.0000,3861.2000,3862.0000,3862.2000,3862.4000,1,1,1,2,1,2,1,2,3,2
SF,IF2001,2019-11-29 09:34:46.100,3860.6000,2999,0,128537340.000,0,-,-,-,-,3860.0000,3859.8000,3859.6000,3859.0000,3858.0000,3861.0000,3861.2000,3862.0000,3862.2000,3862.4000,1,1,1,2,1,2,1,1,3,1
SF,IF2001,2019-11-29 09:34:47.100,3860.6000,2999,0,128537340.000,0,-,-,-,-,3860.0000,3859.8000,3859.6000,3859.0000,3858.0000,3861.0000,3861.2000,3862.0000,3862.2000,3862.4000,2,1,1,2,1,2,1,1,3,1
SF,IF2001,2019-11-29 09:34:47.600,3860.6000,2999,0,128537340.000,0,-,-,-,-,3860.2000,3860.0000,3859.8000,3859.6000,3859.0000,3861.0000,3861.2000,3862.2000,3862.4000,3863.2000,1,2,1,1,2,1,1,3,1,1
SF,IF2001,2019-11-29 09:34:48.100,3861.0000,2998,-1,129695640.000,1,0,1,双平,S,3860.4000,3860.2000,3860.0000,3859.8000,3859.0000,3861.2000,3862.2000,3862.4000,3863.2000,3863.6000,1,1,2,1,2,1,3,1,1,1
SF,IF2001,2019-11-29 09:34:48.600,3861.2000,2997,-1,130854000.000,1,0,1,双平,S,3860.4000,3860.2000,3860.0000,3859.8000,3859.0000,3862.2000,3862.4000,3863.2000,3863.6000,3868.6000,1,1,2,1,2,3,2,1,1,2
SF,IF2001,2019-11-29 09:34:49.100,3861.2000,2997,0,130854000.000,0,-,-,-,-,3860.4000,3860.0000,3859.8000,3859.0000,3858.0000,3862.0000,3862.2000,3862.4000,3863.2000,3863.6000,1,2,1,2,1,1,3,2,1,1
SF,IF2001,2019-11-29 09:34:49.600,3861.2000,2997,0,130854000.000,0,-,-,-,-,3860.4000,3860.0000,3859.8000,3859.0000,3858.0000,3862.0000,3862.2000,3862.4000,3863.2000,3863.6000,1,2,1,2,1,1,3,1,1,1
SF,IF2001,2019-11-29 09:34:50.100,3861.2000,2997,0,130854000.000,0,-,-,-,-,3860.4000,3860.0000,3859.0000,3858.0000,3857.6000,3862.0000,3862.2000,3862.4000,3863.2000,3863.6000,1,2,2,1,1,1,3,1,1,1
SF,IF2001,2019-11-29 09:34:55.600,3861.2000,2997,0,130854000.000,0,-,-,-,-,3860.4000,3860.0000,3859.0000,3858.0000,3857.6000,3862.0000,3862.2000,3863.2000,3863.6000,3868.6000,1,2,2,1,1,1,3,1,1,2
SF,IF2001,2019-11-29 09:34:56.100,3861.2000,2997,0,130854000.000,0,-,-,-,-,3860.6000,3860.4000,3860.0000,3859.0000,3858.0000,3862.2000,3863.2000,3863.6000,3868.6000,3869.6000,3,1,2,2,1,3,1,1,2,1
SF,IF2001,2019-11-29 09:34:56.600,3861.2000,2997,0,130854000.000,0,-,-,-,-,3860.8000,3860.6000,3860.4000,3860.0000,3859.0000,3862.0000,3862.2000,3863.2000,3863.6000,3868.6000,1,3,1,1,2,1,3,1,1,2
SF,IF2001,2019-11-29 09:34:58.600,3861.2000,2997,0,130854000.000,0,-,-,-,-,3861.0000,3860.8000,3860.6000,3860.4000,3860.0000,3862.0000,3862.2000,3863.2000,3863.6000,3868.6000,1,1,3,1,1,1,3,1,1,2
SF,IF2001,2019-11-29 09:34:59.100,3861.2000,2997,0,130854000.000,0,-,-,-,-,3861.2000,3861.0000,3860.8000,3860.6000,3860.0000,3862.0000,3862.2000,3863.2000,3863.6000,3868.6000,1,1,1,3,1,1,3,1,1,2
SF,IF2001,2019-11-29 09:34:59.600,3861.2000,2997,0,130854000.000,0,-,-,-,-,3861.2000,3861.0000,3860.8000,3860.6000,3860.0000,3862.2000,3863.2000,3863.6000,3868.6000,3869.6000,1,1,1,3,1,3,1,1,2,1
SF,IF2001,2019-11-29 09:35:00.100,3861.2000,2997,0,130854000.000,0,-,-,-,-,3861.4000,3861.2000,3861.0000,3860.8000,3860.6000,3862.2000,3863.2000,3863.6000,3868.6000,3869.6000,1,1,1,1,1,3,1,1,2,1
SF,IF2001,2019-11-29 09:35:00.600,3862.2000,2996,-1,134329980.000,3,1,2,多平,S,3861.6000,3861.4000,3861.2000,3861.0000,3860.6000,3863.2000,3863.6000,3868.6000,3869.6000,3870.0000,1,1,1,1,1,1,1,2,1,5
SF,IF2001,2019-11-29 09:35:01.100,3862.2000,2996,0,134329980.000,0,-,-,-,-,3861.6000,3861.4000,3861.2000,3861.0000,3860.6000,3863.0000,3863.6000,3864.0000,3868.6000,3869.6000,1,1,1,1,1,1,1,1,2,1
SF,IF2001,2019-11-29 09:35:01.600,3862.2000,2996,0,134329980.000,0,-,-,-,-,3861.6000,3861.2000,3861.0000,3860.6000,3860.0000,3863.0000,3863.6000,3864.0000,3868.6000,3869.6000,1,1,1,1,1,1,1,1,2,1
SF,IF2001,2019-11-29 09:35:02.100,3862.2000,2996,0,134329980.000,0,-,-,-,-,3861.8000,3861.6000,3861.2000,3861.0000,3860.6000,3863.0000,3863.6000,3864.0000,3868.6000,3869.6000,1,1,1,1,1,1,1,1,2,1
SF,IF2001,2019-11-29 09:35:02.600,3862.2000,2996,0,134329980.000,0,-,-,-,-,3862.0000,3861.8000,3861.6000,3861.0000,3860.6000,3863.0000,3863.6000,3864.0000,3868.6000,3869.6000,1,2,1,1,1,1,1,1,2,1
SF,IF2001,2019-11-29 09:35:03.100,3862.2000,2996,0,134329980.000,0,-,-,-,-,3861.8000,3861.6000,3861.0000,3860.6000,3860.0000,3863.0000,3863.6000,3864.0000,3868.6000,3869.6000,2,1,1,1,1,1,1,1,2,1
SF,IF2001,2019-11-29 09:35:03.600,3862.2000,2996,0,134329980.000,0,-,-,-,-,3861.0000,3860.6000,3860.0000,3859.0000,3858.0000,3863.0000,3863.6000,3864.0000,3868.6000,3869.6000,1,1,1,2,1,1,1,1,2,1
SF,IF2001,2019-11-29 09:35:04.100,3862.2000,2996,0,134329980.000,0,-,-,-,-,3861.2000,3861.0000,3860.6000,3860.0000,3859.0000,3863.0000,3863.6000,3864.0000,3868.6000,3869.6000,3,1,1,1,2,1,1,1,2,1
SF,IF2001,2019-11-29 09:35:04.600,3862.2000,2996,0,134329980.000,0,-,-,-,-,3861.2000,3861.0000,3860.6000,3860.0000,3859.0000,3863.0000,3863.6000,3864.0000,3868.6000,3869.6000,3,1,1,1,2,1,1,1,2,1
SF,IF2001,2019-11-29 09:35:05.100,3862.2000,2996,0,134329980.000,0,-,-,-,-,3861.2000,3861.0000,3860.6000,3860.0000,3859.0000,3863.0000,3863.6000,3864.0000,3868.6000,3869.6000,2,1,1,1,2,1,1,1,2,1
SF,IF2001,2019-11-29 09:35:05.600,3862.2000,2996,0,134329980.000,0,-,-,-,-,3861.2000,3861.0000,3860.6000,3860.0000,3859.0000,3863.0000,3863.6000,3864.0000,3868.6000,3869.6000,1,1,1,1,2,1,1,1,2,1
SF,IF2001,2019-11-29 09:35:06.100,3862.2000,2996,0,134329980.000,0,-,-,-,-,3861.2000,3861.0000,3860.6000,3860.0000,3859.0000,3862.8000,3863.0000,3863.2000,3863.6000,3864.0000,1,1,1,1,2,1,1,1,1,1
SF,IF2001,2019-11-29 09:35:06.600,3862.2000,2996,0,134329980.000,0,-,-,-,-,3860.0000,3859.0000,3858.0000,3857.6000,3857.0000,3862.6000,3862.8000,3863.2000,3863.6000,3864.0000,1,2,1,1,2,1,2,1,1,1
SF,IF2001,2019-11-29 09:35:07.100,3862.2000,2996,0,134329980.000,0,-,-,-,-,3860.2000,3860.0000,3859.0000,3858.0000,3857.6000,3862.8000,3863.2000,3863.6000,3864.0000,3868.6000,3,1,2,1,1,2,1,1,1,2
SF,IF2001,2019-11-29 09:35:07.600,3862.2000,2996,0,134329980.000,0,-,-,-,-,3860.2000,3860.0000,3859.0000,3858.0000,3857.6000,3862.6000,3862.8000,3863.2000,3863.6000,3864.0000,2,1,2,1,1,1,1,1,1,1
SF,IF2001,2019-11-29 09:35:08.100,3862.2000,2996,0,134329980.000,0,-,-,-,-,3860.2000,3860.0000,3859.0000,3858.0000,3857.6000,3862.8000,3863.2000,3863.6000,3864.0000,3868.6000,3,1,2,1,1,1,1,1,1,2
SF,IF2001,2019-11-29 09:35:08.600,3862.2000,2996,0,134329980.000,0,-,-,-,-,3860.2000,3860.0000,3859.0000,3858.0000,3857.6000,3862.6000,3862.8000,3863.2000,3863.6000,3864.0000,2,1,2,1,1,2,1,1,1,1
SF,IF2001,2019-11-29 09:35:09.100,3862.2000,2996,0,134329980.000,0,-,-,-,-,3860.4000,3860.2000,3860.0000,3859.0000,3858.0000,3862.4000,3862.6000,3863.2000,3863.6000,3864.0000,1,2,1,2,1,1,2,1,1,1
SF,IF2001,2019-11-29 09:35:09.600,3862.2000,2996,0,134329980.000,0,-,-,-,-,3860.6000,3860.4000,3860.2000,3860.0000,3859.0000,3862.2000,3862.6000,3863.2000,3863.6000,3864.0000,2,1,1,1,2,1,1,1,1,1
SF,IF2001,2019-11-29 09:35:10.100,3862.2000,2996,0,134329980.000,0,-,-,-,-,3860.6000,3860.2000,3860.0000,3859.0000,3858.0000,3862.2000,3862.6000,3863.2000,3863.6000,3864.0000,2,1,1,2,1,1,1,1,1,1
SF,IF2001,2019-11-29 09:35:10.600,3862.2000,2996,0,134329980.000,0,-,-,-,-,3860.8000,3860.6000,3860.2000,3860.0000,3859.0000,3862.2000,3863.2000,3863.6000,3864.0000,3868.6000,1,2,1,1,2,1,1,1,1,2
SF,IF2001,2019-11-29 09:35:11.100,3862.2000,2996,0,134329980.000,0,-,-,-,-,3861.0000,3860.8000,3860.6000,3860.2000,3860.0000,3862.2000,3863.2000,3863.6000,3864.0000,3868.6000,1,1,1,1,1,1,1,1,1,2
SF,IF2001,2019-11-29 09:35:13.100,3862.2000,2996,0,134329980.000,0,-,-,-,-,3861.0000,3860.6000,3860.2000,3860.0000,3859.0000,3862.2000,3863.2000,3863.6000,3864.0000,3868.6000,1,1,1,1,2,1,1,1,1,2
SF,IF2001,2019-11-29 09:35:13.600,3861.0000,2995,-1,135488280.000,1,0,1,双平,S,3860.6000,3860.2000,3860.0000,3859.0000,3858.0000,3862.0000,3862.2000,3863.2000,3863.6000,3864.0000,1,1,1,2,1,2,1,1,1,1
SF,IF2001,2019-11-29 09:35:14.100,3861.0000,2995,0,135488280.000,0,-,-,-,-,3860.6000,3860.2000,3860.0000,3859.0000,3858.0000,3862.0000,3863.2000,3863.6000,3864.0000,3868.6000,1,1,1,2,1,1,1,1,1,2
SF,IF2001,2019-11-29 09:35:15.100,3860.6000,2995,0,136646460.000,1,0,1,多换,S,3860.2000,3860.0000,3859.0000,3858.0000,3857.6000,3862.0000,3863.2000,3863.6000,3864.0000,3868.6000,1,1,2,1,1,1,1,1,1,2
SF,IF2001,2019-11-29 09:35:16.100,3860.6000,2995,0,136646460.000,0,-,-,-,-,3860.2000,3860.0000,3859.0000,3858.0000,3857.6000,3862.0000,3862.2000,3863.2000,3863.6000,3864.0000,1,1,2,1,1,1,1,1,1,1
SF,IF2001,2019-11-29 09:35:16.600,3860.6000,2995,0,136646460.000,0,-,-,-,-,3860.4000,3860.2000,3860.0000,3859.0000,3858.0000,3862.0000,3862.2000,3863.2000,3863.6000,3864.0000,1,1,1,2,1,1,1,1,1,1
SF,IF2001,2019-11-29 09:35:17.100,3860.6000,2995,0,136646460.000,0,-,-,-,-,3860.6000,3860.4000,3860.2000,3860.0000,3859.0000,3862.0000,3863.2000,3863.6000,3864.0000,3868.6000,1,1,1,1,2,1,1,1,1,2
SF,IF2001,2019-11-29 09:35:18.600,3860.6000,2995,0,136646460.000,0,-,-,-,-,3860.4000,3860.0000,3859.0000,3858.0000,3857.6000,3860.6000,3861.8000,3862.0000,3863.2000,3863.6000,1,1,2,1,1,1,2,1,1,1
SF,IF2001,2019-11-29 09:35:19.100,3860.0000,2994,-1,138962580.000,2,0,2,多平,S,3859.0000,3858.0000,3857.6000,3857.0000,3856.8000,3860.4000,3860.6000,3861.8000,3863.2000,3863.6000,2,1,1,2,1,1,1,2,1,1
SF,IF2001,2019-11-29 09:35:19.600,3860.0000,2994,0,138962580.000,0,-,-,-,-,3859.2000,3859.0000,3858.0000,3857.6000,3857.0000,3861.8000,3863.2000,3863.6000,3864.0000,3868.6000,3,2,1,1,2,2,1,1,1,2
SF,IF2001,2019-11-29 09:35:20.100,3860.0000,2994,0,138962580.000,0,-,-,-,-,3860.0000,3859.2000,3859.0000,3858.0000,3857.6000,3861.6000,3861.8000,3863.2000,3863.6000,3864.0000,1,2,2,1,1,3,2,1,1,1
SF,IF2001,2019-11-29 09:35:20.600,3860.0000,2994,0,138962580.000,0,-,-,-,-,3860.0000,3859.4000,3859.2000,3859.0000,3858.0000,3861.4000,3861.6000,3861.8000,3863.2000,3863.6000,1,1,1,2,1,1,2,2,1,1
SF,IF2001,2019-11-29 09:35:21.100,3860.0000,2994,0,138962580.000,0,-,-,-,-,3860.0000,3859.4000,3859.2000,3859.0000,3858.0000,3861.2000,3861.6000,3861.8000,3863.2000,3863.6000,1,1,1,2,1,2,1,2,1,1
SF,IF2001,2019-11-29 09:35:22.100,3860.0000,2994,0,138962580.000,0,-,-,-,-,3860.0000,3859.4000,3859.2000,3859.0000,3858.0000,3861.0000,3861.2000,3861.6000,3861.8000,3863.2000,1,1,1,2,1,1,2,1,2,1
SF,IF2001,2019-11-29 09:35:22.600,3860.0000,2994,0,138962580.000,0,-,-,-,-,3860.0000,3859.2000,3859.0000,3858.0000,3857.6000,3860.8000,3861.0000,3861.2000,3861.6000,3861.8000,1,1,2,1,1,1,1,1,1,2
SF,IF2001,2019-11-29 09:35:23.100,3860.8000,2993,-1,140120820.000,1,0,1,双平,S,3860.0000,3859.2000,3859.0000,3858.0000,3857.6000,3861.0000,3861.6000,3861.8000,3863.2000,3863.6000,1,1,2,1,1,1,1,2,1,1
SF,IF2001,2019-11-29 09:35:23.600,3860.8000,2993,0,140120820.000,0,-,-,-,-,3860.0000,3859.2000,3859.0000,3858.0000,3857.6000,3860.8000,3861.0000,3861.6000,3861.8000,3863.2000,1,1,2,1,1,1,1,1,2,1
SF,IF2001,2019-11-29 09:35:24.100,3860.8000,2993,0,140120820.000,0,-,-,-,-,3860.0000,3859.2000,3859.0000,3858.0000,3857.6000,3860.8000,3861.8000,3863.2000,3863.6000,3864.0000,1,1,2,1,1,1,1,1,1,1
SF,IF2001,2019-11-29 09:35:25.100,3860.8000,2992,-1,141279060.000,1,0,1,双平,S,3860.0000,3859.2000,3859.0000,3858.0000,3857.6000,3861.8000,3863.2000,3863.6000,3864.0000,3868.6000,1,1,2,1,1,1,1,1,1,2
SF,IF2001,2019-11-29 09:35:25.600,3860.8000,2992,0,141279060.000,0,-,-,-,-,3860.0000,3859.2000,3859.0000,3858.0000,3857.6000,3861.6000,3861.8000,3863.2000,3863.6000,3864.0000,1,1,2,1,1,1,1,1,1,1
SF,IF2001,2019-11-29 09:35:26.100,3860.8000,2992,0,141279060.000,0,-,-,-,-,3860.2000,3860.0000,3859.2000,3859.0000,3858.0000,3861.6000,3861.8000,3863.2000,3863.6000,3864.0000,1,1,1,2,1,1,1,1,1,1
SF,IF2001,2019-11-29 09:35:27.100,3860.8000,2992,0,141279060.000,0,-,-,-,-,3860.2000,3860.0000,3859.8000,3859.2000,3859.0000,3861.6000,3861.8000,3863.2000,3863.6000,3864.0000,1,1,1,1,2,1,1,1,1,1
SF,IF2001,2019-11-29 09:35:30.100,3860.8000,2992,0,141279060.000,0,-,-,-,-,3860.4000,3860.2000,3860.0000,3859.8000,3859.2000,3861.6000,3861.8000,3863.2000,3863.6000,3864.0000,1,1,1,1,1,1,1,1,1,1
SF,IF2001,2019-11-29 09:35:31.600,3860.8000,2992,0,141279060.000,0,-,-,-,-,3860.6000,3860.4000,3860.2000,3860.0000,3859.8000,3861.6000,3861.8000,3863.2000,3863.6000,3864.0000,1,1,1,1,1,1,1,1,1,1
SF,IF2001,2019-11-29 09:35:34.100,3860.8000,2992,0,141279060.000,0,-,-,-,-,3860.6000,3860.2000,3860.0000,3859.8000,3859.0000,3861.6000,3861.8000,3863.2000,3863.6000,3864.0000,1,1,1,1,2,1,1,1,1,1
SF,IF2001,2019-11-29 09:35:34.600,3860.8000,2992,0,141279060.000,0,-,-,-,-,3860.2000,3860.0000,3859.8000,3859.0000,3858.0000,3861.6000,3861.8000,3863.2000,3863.6000,3864.0000,1,1,1,2,1,1,1,1,1,1
SF,IF2001,2019-11-29 09:35:39.100,3860.8000,2992,0,141279060.000,0,-,-,-,-,3860.0000,3859.8000,3859.0000,3858.0000,3857.6000,3861.6000,3861.8000,3863.2000,3863.6000,3864.0000,1,1,2,1,1,1,1,1,1,1
SF,IF2001,2019-11-29 09:35:40.100,3860.8000,2992,0,141279060.000,0,-,-,-,-,3860.0000,3859.8000,3859.0000,3858.0000,3857.6000,3861.4000,3861.6000,3861.8000,3863.2000,3863.6000,1,1,2,1,1,1,1,1,1,1
SF,IF2001,2019-11-29 09:35:40.600,3860.8000,2992,0,141279060.000,0,-,-,-,-,3860.0000,3859.8000,3859.0000,3858.0000,3857.6000,3861.2000,3861.4000,3861.8000,3863.2000,3863.6000,1,1,2,1,1,2,1,1,1,1
SF,IF2001,2019-11-29 09:35:42.100,3860.8000,2992,0,141279060.000,0,-,-,-,-,3860.0000,3859.0000,3858.0000,3857.6000,3857.0000,3861.2000,3861.8000,3863.2000,3863.6000,3864.0000,1,2,1,1,2,2,1,1,1,1
SF,IF2001,2019-11-29 09:35:44.600,3860.8000,2992,0,141279060.000,0,-,-,-,-,3860.0000,3859.0000,3858.0000,3857.6000,3857.0000,3861.0000,3861.2000,3861.8000,3863.2000,3863.6000,1,2,1,1,2,1,2,1,1,1
SF,IF2001,2019-11-29 09:35:45.100,3860.8000,2992,0,141279060.000,0,-,-,-,-,3860.2000,3860.0000,3859.0000,3858.0000,3857.6000,3861.2000,3861.8000,3863.2000,3863.6000,3864.0000,1,1,2,1,1,2,1,1,1,1
SF,IF2001,2019-11-29 09:35:45.600,3860.8000,2992,0,141279060.000,0,-,-,-,-,3860.0000,3859.0000,3858.0000,3857.6000,3857.0000,3861.2000,3861.8000,3863.2000,3863.6000,3864.0000,1,2,1,1,2,2,1,1,1,1
SF,IF2001,2019-11-29 09:35:48.600,3860.8000,2992,0,141279060.000,0,-,-,-,-,3860.0000,3859.0000,3858.0000,3857.6000,3857.0000,3861.0000,3861.2000,3861.8000,3863.2000,3863.6000,1,2,1,1,2,1,2,1,1,1
SF,IF2001,2019-11-29 09:35:49.100,3860.8000,2992,0,141279060.000,0,-,-,-,-,3860.0000,3859.0000,3858.0000,3857.6000,3857.0000,3860.8000,3861.0000,3861.2000,3861.8000,3863.2000,1,2,1,1,2,1,1,1,1,1
SF,IF2001,2019-11-29 09:35:50.600,3860.8000,2992,0,141279060.000,0,-,-,-,-,3860.0000,3859.0000,3858.0000,3857.6000,3857.0000,3860.8000,3861.2000,3861.8000,3863.2000,3863.6000,1,2,1,1,2,1,1,1,1,1
SF,IF2001,2019-11-29 09:35:51.100,3860.8000,2992,0,141279060.000,0,-,-,-,-,3860.0000,3859.0000,3858.0000,3857.6000,3857.0000,3860.8000,3861.0000,3861.2000,3861.8000,3863.2000,1,2,1,1,2,1,1,1,1,1
SF,IF2001,2019-11-29 09:35:52.600,3860.0000,2992,0,142437060.000,1,0,1,多换,S,3859.0000,3858.0000,3857.6000,3857.0000,3856.8000,3860.8000,3861.0000,3861.2000,3861.8000,3863.2000,2,1,1,2,1,1,1,1,1,1
SF,IF2001,2019-11-29 09:35:53.100,3860.0000,2992,0,142437060.000,0,-,-,-,-,3859.2000,3859.0000,3858.0000,3857.6000,3857.0000,3861.0000,3861.2000,3861.8000,3863.2000,3863.6000,4,2,1,1,2,1,1,1,1,1
SF,IF2001,2019-11-29 09:35:53.600,3860.0000,2992,0,142437060.000,0,-,-,-,-,3859.2000,3859.0000,3858.0000,3857.6000,3857.0000,3861.0000,3861.8000,3863.2000,3863.6000,3864.0000,4,2,1,1,2,1,1,1,1,1
SF,IF2001,2019-11-29 09:35:54.100,3860.0000,2992,0,142437060.000,0,-,-,-,-,3859.2000,3859.0000,3858.0000,3857.6000,3857.0000,3861.0000,3861.8000,3863.2000,3863.6000,3864.0000,4,2,1,1,2,1,1,1,1,1
SF,IF2001,2019-11-29 09:35:54.600,3860.0000,2992,0,142437060.000,0,-,-,-,-,3859.6000,3859.4000,3859.2000,3859.0000,3858.0000,3861.8000,3863.2000,3863.6000,3864.0000,3864.2000,1,1,4,3,1,1,1,1,1,1
SF,IF2001,2019-11-29 09:35:55.100,3860.0000,2992,0,142437060.000,0,-,-,-,-,3859.8000,3859.4000,3859.2000,3859.0000,3858.0000,3861.6000,3861.8000,3863.2000,3863.6000,3864.0000,1,1,4,2,1,2,1,1,1,1
SF,IF2001,2019-11-29 09:35:55.600,3860.0000,2992,0,142437060.000,0,-,-,-,-,3859.8000,3859.4000,3859.2000,3859.0000,3858.0000,3861.6000,3861.8000,3863.2000,3863.6000,3864.0000,1,1,3,2,1,3,1,1,1,1
SF,IF2001,2019-11-29 09:35:56.100,3860.0000,2992,0,142437060.000,0,-,-,-,-,3859.8000,3859.2000,3859.0000,3858.0000,3857.6000,3861.6000,3861.8000,3863.2000,3863.6000,3864.0000,1,3,2,1,1,1,1,1,1,1
SF,IF2001,2019-11-29 09:35:57.100,3860.0000,2992,0,142437060.000,0,-,-,-,-,3859.8000,3859.2000,3859.0000,3858.0000,3857.6000,3861.4000,3861.6000,3861.8000,3863.2000,3863.6000,1,3,2,1,1,2,1,1,1,1
SF,IF2001,2019-11-29 09:35:57.600,3860.0000,2992,0,142437060.000,0,-,-,-,-,3859.8000,3859.2000,3859.0000,3858.0000,3857.6000,3861.2000,3861.4000,3861.8000,3863.2000,3863.6000,1,3,2,1,1,1,2,1,1,1
SF,IF2001,2019-11-29 09:35:58.100,3860.0000,2992,0,142437060.000,0,-,-,-,-,3859.8000,3859.2000,3859.0000,3858.0000,3857.6000,3861.2000,3861.8000,3863.2000,3863.6000,3864.0000,1,3,2,1,1,1,1,1,1,1
SF,IF2001,2019-11-29 09:36:00.600,3860.0000,2992,0,142437060.000,0,-,-,-,-,3859.8000,3859.2000,3859.0000,3858.0000,3857.6000,3861.2000,3861.8000,3863.2000,3863.6000,3864.0000,1,3,2,1,1,1,1,1,1,1
SF,IF2001,2019-11-29 09:36:02.100,3860.0000,2992,0,142437060.000,0,-,-,-,-,3859.2000,3859.0000,3858.0000,3857.6000,3857.0000,3861.0000,3861.2000,3861.8000,3863.2000,3863.6000,3,2,1,1,2,1,1,1,1,1
SF,IF2001,2019-11-29 09:36:02.600,3860.0000,2992,0,142437060.000,0,-,-,-,-,3859.2000,3859.0000,3858.0000,3857.6000,3857.0000,3860.8000,3861.0000,3861.8000,3863.2000,3863.6000,1,2,1,1,2,1,2,1,1,1
SF,IF2001,2019-11-29 09:36:03.600,3860.0000,2992,0,142437060.000,0,-,-,-,-,3859.2000,3859.0000,3858.0000,3857.6000,3857.0000,3860.8000,3861.0000,3861.8000,3863.2000,3863.6000,2,2,1,1,2,1,1,1,1,1
SF,IF2001,2019-11-29 09:36:04.100,3860.0000,2992,0,142437060.000,0,-,-,-,-,3859.2000,3859.0000,3858.0000,3857.6000,3857.0000,3860.8000,3861.0000,3861.8000,3863.2000,3863.6000,1,2,1,1,2,1,1,1,1,1
SF,IF2001,2019-11-29 09:36:04.600,3860.0000,2992,0,142437060.000,0,-,-,-,-,3859.4000,3859.2000,3859.0000,3858.0000,3857.6000,3861.0000,3861.8000,3863.2000,3863.6000,3864.0000,1,1,2,1,1,1,1,1,1,1
SF,IF2001,2019-11-29 09:36:05.100,3860.0000,2992,0,142437060.000,0,-,-,-,-,3859.6000,3859.2000,3859.0000,3858.0000,3857.6000,3860.8000,3861.0000,3861.8000,3863.2000,3863.6000,1,1,2,1,1,1,1,1,1,1
SF,IF2001,2019-11-29 09:36:07.100,3860.0000,2992,0,142437060.000,0,-,-,-,-,3859.2000,3859.0000,3858.0000,3857.6000,3857.0000,3860.8000,3861.0000,3861.8000,3863.2000,3863.6000,1,2,1,1,2,1,1,1,1,1
SF,IF2001,2019-11-29 09:36:07.600,3860.0000,2992,0,142437060.000,0,-,-,-,-,3859.2000,3859.0000,3858.0000,3857.6000,3857.0000,3860.8000,3861.0000,3861.8000,3863.2000,3863.6000,1,2,1,1,2,1,1,1,1,1
SF,IF2001,2019-11-29 09:36:10.100,3860.0000,2992,0,142437060.000,0,-,-,-,-,3859.2000,3859.0000,3858.0000,3857.6000,3857.0000,3860.8000,3861.0000,3861.8000,3863.2000,3863.6000,1,1,1,1,2,1,1,1,1,1
