市场代码,合约代码,时间,最新,持仓,增仓,成交额,成交量,开仓,平仓,成交类型,方向,买一价,买二价,买三价,买四价,买五价,卖一价,卖二价,卖三价,卖四价,卖五价,买一量,买二量,买三量,买四量,买五量,卖一量,卖二量,卖三量,卖四量,卖五量
SF,IF2006,2019-11-28 09:29:00.300,3857.4000,3564,0,0.000,0.000,-,-,-,-,3850.0000,3849.4000,3849.0000,3848.0000,3847.8000,3864.0000,3868.0000,3871.0000,3872.4000,3872.8000,1,2,1,1,1,3,1,1,2,1
SF,IF2006,2019-11-28 09:30:00.300,3857.4000,3564,0,0.000,0,-,-,-,-,3850.0000,3849.0000,3848.0000,3847.8000,3847.0000,3857.0000,3858.8000,3861.0000,3861.6000,3862.4000,1,1,1,1,1,2,1,3,3,2
SF,IF2006,2019-11-28 09:30:00.800,3857.4000,3564,0,0.000,0,-,-,-,-,3850.2000,3850.0000,3849.0000,3848.0000,3847.8000,3856.8000,3857.0000,3858.8000,3860.8000,3861.0000,6,2,1,1,1,1,1,1,1,3
SF,IF2006,2019-11-28 09:30:01.300,3857.4000,3564,0,0.000,0,-,-,-,-,3851.8000,3850.2000,3850.0000,3849.0000,3848.0000,3856.8000,3857.0000,3858.8000,3859.8000,3861.0000,2,6,2,1,1,1,1,1,5,3
SF,IF2006,2019-11-28 09:30:01.800,3857.4000,3564,0,0.000,0,-,-,-,-,3852.0000,3851.8000,3850.2000,3850.0000,3849.0000,3856.8000,3857.0000,3858.8000,3859.8000,3861.0000,1,2,3,2,1,1,1,1,5,3
SF,IF2006,2019-11-28 09:30:02.300,3857.4000,3564,0,0.000,0,-,-,-,-,3852.0000,3851.8000,3850.2000,3850.0000,3849.0000,3856.6000,3856.8000,3857.0000,3858.8000,3859.8000,1,2,3,2,1,2,1,1,1,5
SF,IF2006,2019-11-28 09:30:02.800,3857.4000,3564,0,0.000,0,-,-,-,-,3852.0000,3851.8000,3850.2000,3850.0000,3849.0000,3856.4000,3856.6000,3857.0000,3858.8000,3859.8000,1,2,3,2,1,1,2,1,1,5
SF,IF2006,2019-11-28 09:30:03.800,3857.4000,3564,0,0.000,0,-,-,-,-,3852.0000,3851.8000,3850.2000,3850.0000,3849.0000,3856.2000,3856.4000,3856.6000,3857.0000,3858.8000,1,2,3,2,1,1,1,2,1,1
SF,IF2006,2019-11-28 09:30:04.300,3857.4000,3564,0,0.000,0,-,-,-,-,3852.8000,3851.8000,3850.2000,3850.0000,3849.0000,3856.0000,3856.2000,3856.6000,3857.0000,3858.8000,1,2,3,2,1,2,1,2,1,1
SF,IF2006,2019-11-28 09:30:04.800,3857.4000,3564,0,0.000,0,-,-,-,-,3851.8000,3850.2000,3850.0000,3849.0000,3848.0000,3855.8000,3856.0000,3856.2000,3856.6000,3857.0000,2,3,1,1,1,1,2,1,2,1
SF,IF2006,2019-11-28 09:30:05.300,3857.4000,3564,0,0.000,0,-,-,-,-,3851.8000,3850.2000,3850.0000,3849.0000,3848.0000,3855.6000,3855.8000,3856.2000,3856.6000,3857.0000,2,3,1,1,1,1,1,1,2,1
SF,IF2006,2019-11-28 09:30:05.800,3857.4000,3564,0,0.000,0,-,-,-,-,3851.8000,3850.2000,3850.0000,3849.0000,3848.0000,3855.4000,3855.6000,3855.8000,3856.2000,3856.6000,2,3,1,1,1,1,1,1,1,2
SF,IF2006,2019-11-28 09:30:06.300,3857.4000,3564,0,0.000,0,-,-,-,-,3852.0000,3851.8000,3850.2000,3850.0000,3849.0000,3855.4000,3856.2000,3856.6000,3857.0000,3858.8000,1,2,3,1,1,1,1,2,1,1
SF,IF2006,2019-11-28 09:30:06.800,3857.4000,3564,0,0.000,0,-,-,-,-,3851.8000,3850.2000,3850.0000,3849.0000,3848.0000,3855.2000,3856.2000,3856.6000,3857.0000,3858.8000,2,3,1,1,1,1,1,2,1,1
SF,IF2006,2019-11-28 09:30:08.300,3857.4000,3564,0,0.000,0,-,-,-,-,3851.8000,3850.2000,3850.0000,3849.0000,3848.0000,3855.2000,3856.6000,3857.0000,3858.8000,3859.8000,2,3,1,1,1,1,2,1,1,5
SF,IF2006,2019-11-28 09:30:08.800,3857.4000,3564,0,0.000,0,-,-,-,-,3852.0000,3851.8000,3850.2000,3850.0000,3849.0000,3856.6000,3857.0000,3858.8000,3859.8000,3861.0000,3,2,3,1,1,2,1,1,5,3
SF,IF2006,2019-11-28 09:30:09.300,3857.4000,3564,0,0.000,0,-,-,-,-,3852.0000,3851.8000,3850.2000,3850.0000,3849.0000,3856.4000,3856.6000,3857.0000,3858.8000,3859.8000,1,2,3,1,1,1,2,1,1,5
SF,IF2006,2019-11-28 09:30:09.800,3857.4000,3564,0,0.000,0,-,-,-,-,3852.4000,3852.0000,3851.8000,3850.2000,3850.0000,3856.4000,3856.6000,3857.0000,3858.8000,3859.8000,1,1,2,3,1,1,2,1,1,5
SF,IF2006,2019-11-28 09:30:10.300,3857.4000,3564,0,0.000,0,-,-,-,-,3852.4000,3851.8000,3850.2000,3850.0000,3849.0000,3856.4000,3856.6000,3857.0000,3858.8000,3859.8000,1,2,3,1,1,1,2,1,1,5
SF,IF2006,2019-11-28 09:30:10.800,3857.4000,3564,0,0.000,0,-,-,-,-,3852.6000,3852.4000,3851.8000,3850.2000,3850.0000,3856.4000,3856.6000,3857.0000,3858.8000,3859.8000,1,1,2,3,1,1,2,1,1,5
SF,IF2006,2019-11-28 09:30:12.300,3857.4000,3564,0,0.000,0,-,-,-,-,3852.6000,3852.4000,3851.8000,3850.2000,3850.0000,3856.2000,3856.4000,3856.6000,3857.0000,3858.8000,1,1,2,3,1,1,1,2,1,1
SF,IF2006,2019-11-28 09:30:12.800,3857.4000,3564,0,0.000,0,-,-,-,-,3852.6000,3852.4000,3851.8000,3850.2000,3850.0000,3856.0000,3856.2000,3856.6000,3857.0000,3858.8000,1,1,2,3,1,1,1,1,1,1
SF,IF2006,2019-11-28 09:30:13.800,3857.4000,3564,0,0.000,0,-,-,-,-,3852.6000,3852.4000,3851.8000,3850.2000,3850.0000,3856.0000,3856.6000,3857.0000,3858.8000,3859.8000,1,1,2,3,1,1,1,1,1,5
SF,IF2006,2019-11-28 09:30:14.300,3857.4000,3564,0,0.000,0,-,-,-,-,3852.6000,3852.4000,3851.8000,3850.2000,3850.0000,3855.8000,3856.0000,3856.6000,3857.0000,3858.8000,1,1,2,3,1,1,1,1,1,1
SF,IF2006,2019-11-28 09:30:14.800,3857.4000,3564,0,0.000,0,-,-,-,-,3852.6000,3852.4000,3851.8000,3850.2000,3850.0000,3855.8000,3856.6000,3857.0000,3858.8000,3859.8000,1,1,2,3,1,1,1,1,1,5
SF,IF2006,2019-11-28 09:30:15.800,3857.4000,3564,0,0.000,0,-,-,-,-,3852.6000,3851.8000,3850.2000,3850.0000,3849.0000,3855.8000,3856.6000,3857.0000,3858.8000,3859.8000,1,2,3,1,1,1,1,1,1,5
SF,IF2006,2019-11-28 09:30:16.300,3857.4000,3564,0,0.000,0,-,-,-,-,3852.6000,3851.8000,3850.2000,3850.0000,3849.0000,3855.6000,3855.8000,3856.6000,3857.0000,3858.8000,1,2,3,1,1,1,1,1,1,1
SF,IF2006,2019-11-28 09:30:16.800,3857.4000,3564,0,0.000,0,-,-,-,-,3852.6000,3851.8000,3850.2000,3850.0000,3849.0000,3855.6000,3855.8000,3856.6000,3857.0000,3858.8000,1,2,3,1,1,1,1,1,1,1
SF,IF2006,2019-11-28 09:30:19.300,3857.4000,3564,0,0.000,0,-,-,-,-,3852.6000,3851.8000,3850.2000,3850.0000,3849.0000,3855.4000,3855.6000,3856.6000,3857.0000,3858.8000,1,2,3,1,1,1,1,1,1,1
SF,IF2006,2019-11-28 09:30:19.800,3857.4000,3564,0,0.000,0,-,-,-,-,3851.8000,3850.2000,3850.0000,3849.0000,3848.0000,3855.2000,3855.4000,3855.6000,3856.6000,3857.0000,2,3,1,1,1,2,1,1,1,1
SF,IF2006,2019-11-28 09:30:20.300,3857.4000,3564,0,0.000,0,-,-,-,-,3851.8000,3850.2000,3850.0000,3849.0000,3848.0000,3855.2000,3855.4000,3856.6000,3857.0000,3858.8000,2,3,1,1,1,2,1,1,1,1
SF,IF2006,2019-11-28 09:30:20.800,3857.4000,3564,0,0.000,0,-,-,-,-,3851.8000,3850.2000,3850.0000,3849.0000,3848.0000,3855.0000,3855.2000,3856.6000,3857.0000,3858.8000,2,3,1,1,1,1,2,1,1,1
SF,IF2006,2019-11-28 09:30:21.300,3857.4000,3564,0,0.000,0,-,-,-,-,3852.0000,3851.8000,3850.2000,3850.0000,3849.0000,3854.8000,3855.0000,3856.6000,3857.0000,3858.8000,1,2,3,1,1,2,1,1,1,1
SF,IF2006,2019-11-28 09:30:21.800,3857.4000,3564,0,0.000,0,-,-,-,-,3852.0000,3851.8000,3850.2000,3850.0000,3849.0000,3854.8000,3855.0000,3856.6000,3857.0000,3858.8000,1,2,3,1,1,1,1,1,1,1
SF,IF2006,2019-11-28 09:30:23.800,3857.4000,3564,0,0.000,0,-,-,-,-,3852.0000,3851.8000,3850.2000,3850.0000,3849.0000,3854.6000,3854.8000,3855.0000,3856.6000,3857.0000,1,2,3,1,1,1,1,1,1,1
SF,IF2006,2019-11-28 09:30:24.300,3857.4000,3564,0,0.000,0,-,-,-,-,3851.8000,3850.2000,3850.0000,3849.0000,3848.0000,3854.4000,3854.6000,3855.0000,3856.6000,3857.0000,2,3,1,1,1,1,1,1,1,1
SF,IF2006,2019-11-28 09:30:24.800,3857.4000,3564,0,0.000,0,-,-,-,-,3850.0000,3849.0000,3848.0000,3847.6000,3847.0000,3854.4000,3854.6000,3855.0000,3856.6000,3857.0000,1,1,1,3,1,1,1,1,1,1
SF,IF2006,2019-11-28 09:30:25.300,3857.4000,3564,0,0.000,0,-,-,-,-,3850.6000,3850.2000,3850.0000,3849.0000,3848.0000,3854.4000,3855.0000,3856.6000,3857.0000,3858.8000,2,2,1,1,1,1,1,1,1,1
SF,IF2006,2019-11-28 09:30:25.800,3857.4000,3564,0,0.000,0,-,-,-,-,3850.8000,3850.6000,3850.0000,3849.0000,3848.0000,3854.2000,3854.4000,3855.0000,3856.6000,3857.0000,1,2,1,1,1,1,1,1,1,1
SF,IF2006,2019-11-28 09:30:26.300,3857.4000,3564,0,0.000,0,-,-,-,-,3850.8000,3850.6000,3850.0000,3849.0000,3848.0000,3854.0000,3854.2000,3856.6000,3857.0000,3858.8000,1,2,1,1,1,1,1,1,1,1
SF,IF2006,2019-11-28 09:30:27.300,3857.4000,3564,0,0.000,0,-,-,-,-,3850.8000,3850.6000,3850.0000,3849.0000,3848.0000,3854.0000,3856.6000,3857.0000,3858.8000,3859.8000,1,2,1,1,1,1,1,1,1,5
SF,IF2006,2019-11-28 09:30:30.300,3857.4000,3564,0,0.000,0,-,-,-,-,3850.8000,3850.6000,3850.0000,3849.0000,3848.0000,3854.0000,3856.6000,3857.0000,3859.8000,3861.0000,1,2,1,1,1,1,1,1,5,3
SF,IF2006,2019-11-28 09:30:30.800,3857.4000,3564,0,0.000,0,-,-,-,-,3850.8000,3850.6000,3850.0000,3849.0000,3848.0000,3853.8000,3854.0000,3856.6000,3857.0000,3859.8000,1,2,1,1,1,1,1,1,1,5
SF,IF2006,2019-11-28 09:30:31.300,3857.4000,3564,0,0.000,0,-,-,-,-,3850.8000,3850.6000,3850.0000,3849.4000,3849.0000,3853.6000,3853.8000,3856.6000,3857.0000,3859.8000,1,2,1,1,1,1,1,1,1,5
SF,IF2006,2019-11-28 09:30:31.800,3857.4000,3564,0,0.000,0,-,-,-,-,3850.8000,3850.6000,3850.0000,3849.4000,3849.0000,3853.6000,3853.8000,3856.6000,3857.0000,3859.8000,1,2,1,1,1,1,1,1,1,5
SF,IF2006,2019-11-28 09:30:32.800,3857.4000,3564,0,0.000,0,-,-,-,-,3850.8000,3850.6000,3850.0000,3849.4000,3849.0000,3853.6000,3856.6000,3857.0000,3859.8000,3861.0000,1,2,1,1,1,1,1,1,5,3
SF,IF2006,2019-11-28 09:30:33.800,3857.4000,3564,0,0.000,0,-,-,-,-,3850.8000,3850.6000,3850.0000,3849.4000,3849.0000,3853.2000,3853.6000,3856.6000,3857.0000,3859.8000,1,2,1,1,1,1,1,1,1,5
SF,IF2006,2019-11-28 09:30:34.300,3857.4000,3564,0,0.000,0,-,-,-,-,3850.8000,3850.6000,3850.0000,3849.4000,3849.0000,3853.0000,3853.2000,3853.4000,3856.6000,3859.8000,1,2,1,1,1,1,4,1,1,5
SF,IF2006,2019-11-28 09:30:34.800,3857.4000,3564,0,0.000,0,-,-,-,-,3850.6000,3850.0000,3849.4000,3849.0000,3848.0000,3852.4000,3853.0000,3853.2000,3853.4000,3856.6000,2,1,1,1,1,1,1,4,1,1
SF,IF2006,2019-11-28 09:30:35.300,3857.4000,3564,0,0.000,0,-,-,-,-,3850.6000,3850.0000,3849.4000,3849.0000,3848.0000,3852.4000,3853.2000,3853.4000,3856.6000,3859.8000,2,1,1,1,1,1,4,1,1,5
SF,IF2006,2019-11-28 09:30:35.800,3850.6000,3563,-1,1155180.000,1,0,1,双平,S,3850.6000,3850.0000,3849.4000,3849.0000,3848.0000,3853.2000,3853.4000,3856.6000,3859.8000,3861.6000,1,1,1,1,1,4,1,1,5,3
SF,IF2006,2019-11-28 09:30:36.300,3850.6000,3563,0,1155180.000,0,-,-,-,-,3850.6000,3850.0000,3849.0000,3848.0000,3847.6000,3853.0000,3853.2000,3853.4000,3856.6000,3859.8000,1,1,1,1,3,1,4,1,1,5
SF,IF2006,2019-11-28 09:30:37.800,3850.6000,3563,0,1155180.000,0,-,-,-,-,3850.0000,3849.0000,3848.0000,3847.6000,3847.0000,3852.8000,3853.0000,3853.2000,3856.6000,3859.8000,1,1,1,3,1,1,1,4,1,5
SF,IF2006,2019-11-28 09:30:38.300,3850.6000,3563,0,1155180.000,0,-,-,-,-,3850.0000,3849.0000,3848.0000,3847.6000,3847.0000,3852.6000,3852.8000,3853.2000,3856.6000,3859.8000,1,1,1,3,1,1,1,4,1,5
SF,IF2006,2019-11-28 09:30:38.800,3850.6000,3563,0,1155180.000,0,-,-,-,-,3850.0000,3849.0000,3848.0000,3847.6000,3847.0000,3852.4000,3852.6000,3853.2000,3856.6000,3859.8000,1,1,1,3,1,1,1,4,1,5
SF,IF2006,2019-11-28 09:30:39.300,3850.6000,3563,0,1155180.000,0,-,-,-,-,3850.0000,3849.0000,3848.0000,3847.0000,3846.0000,3852.2000,3852.4000,3853.2000,3856.6000,3859.8000,1,1,1,1,1,1,1,4,1,5
SF,IF2006,2019-11-28 09:30:41.300,3850.0000,3562,-1,2310180.000,1,0,1,双平,S,3849.0000,3848.0000,3847.0000,3846.0000,3845.0000,3852.2000,3852.4000,3853.2000,3856.6000,3859.8000,1,1,1,1,1,1,1,4,1,5
SF,IF2006,2019-11-28 09:30:41.800,3850.0000,3562,0,2310180.000,0,-,-,-,-,3849.2000,3849.0000,3848.0000,3847.0000,3846.0000,3852.2000,3852.4000,3853.2000,3856.6000,3859.8000,1,1,1,1,1,1,1,4,1,5
SF,IF2006,2019-11-28 09:30:42.300,3850.0000,3562,0,2310180.000,0,-,-,-,-,3849.2000,3849.0000,3848.0000,3847.0000,3846.0000,3851.4000,3852.2000,3852.4000,3853.2000,3856.6000,1,1,1,1,1,1,1,1,4,1
SF,IF2006,2019-11-28 09:30:42.800,3850.0000,3562,0,2310180.000,0,-,-,-,-,3849.2000,3849.0000,3848.0000,3847.0000,3846.0000,3852.4000,3853.2000,3856.6000,3859.8000,3861.6000,1,1,1,1,1,1,4,1,5,3
SF,IF2006,2019-11-28 09:30:43.300,3850.0000,3562,0,2310180.000,0,-,-,-,-,3849.2000,3849.0000,3848.0000,3847.0000,3846.0000,3852.2000,3852.4000,3853.2000,3856.6000,3859.8000,1,1,1,1,1,1,1,4,1,5
SF,IF2006,2019-11-28 09:30:44.800,3850.0000,3562,0,2310180.000,0,-,-,-,-,3849.2000,3849.0000,3848.0000,3847.0000,3846.0000,3851.6000,3852.2000,3852.4000,3853.2000,3856.6000,1,1,1,1,1,1,1,1,4,1
SF,IF2006,2019-11-28 09:30:45.300,3850.0000,3562,0,2310180.000,0,-,-,-,-,3849.2000,3849.0000,3848.0000,3847.0000,3846.0000,3851.6000,3852.4000,3853.2000,3856.6000,3859.8000,1,1,1,1,1,1,1,4,1,5
SF,IF2006,2019-11-28 09:30:46.800,3850.0000,3562,0,2310180.000,0,-,-,-,-,3849.4000,3849.2000,3849.0000,3848.0000,3847.0000,3851.6000,3853.2000,3856.6000,3859.8000,3861.6000,1,1,1,1,1,1,4,1,5,3
SF,IF2006,2019-11-28 09:30:47.300,3850.0000,3562,0,2310180.000,0,-,-,-,-,3849.6000,3849.4000,3849.0000,3848.0000,3847.0000,3853.2000,3859.8000,3861.6000,3862.4000,3868.0000,1,1,1,1,1,4,5,3,1,1
SF,IF2006,2019-11-28 09:30:47.800,3850.0000,3562,0,2310180.000,0,-,-,-,-,3850.0000,3849.6000,3849.4000,3849.0000,3848.0000,3853.0000,3853.2000,3859.8000,3861.6000,3862.4000,1,1,1,1,1,2,4,5,3,1
SF,IF2006,2019-11-28 09:30:48.300,3850.0000,3562,0,2310180.000,0,-,-,-,-,3850.2000,3850.0000,3849.4000,3849.0000,3848.0000,3853.0000,3853.2000,3859.8000,3861.6000,3862.4000,1,1,1,1,1,1,1,5,3,1
SF,IF2006,2019-11-28 09:30:48.800,3850.0000,3562,0,2310180.000,0,-,-,-,-,3850.2000,3850.0000,3849.4000,3849.0000,3848.0000,3852.8000,3853.0000,3853.2000,3859.8000,3861.6000,1,1,1,1,1,1,1,1,5,3
SF,IF2006,2019-11-28 09:30:49.300,3850.0000,3562,0,2310180.000,0,-,-,-,-,3850.2000,3850.0000,3849.4000,3849.0000,3848.0000,3852.8000,3853.2000,3859.8000,3861.6000,3862.4000,1,1,1,1,1,1,1,5,3,1
SF,IF2006,2019-11-28 09:30:50.300,3850.0000,3562,0,2310180.000,0,-,-,-,-,3850.2000,3850.0000,3849.4000,3849.0000,3848.0000,3852.8000,3859.8000,3861.6000,3862.4000,3868.0000,1,1,1,1,1,1,5,3,1,1
SF,IF2006,2019-11-28 09:30:51.300,3850.0000,3562,0,2310180.000,0,-,-,-,-,3850.4000,3850.2000,3850.0000,3849.0000,3848.0000,3852.8000,3859.8000,3861.6000,3862.4000,3868.0000,1,1,1,1,1,1,5,3,1,1
SF,IF2006,2019-11-28 09:30:51.800,3850.0000,3562,0,2310180.000,0,-,-,-,-,3850.6000,3850.4000,3850.0000,3849.0000,3848.0000,3852.8000,3859.8000,3861.6000,3862.4000,3868.0000,1,1,1,1,1,1,5,3,1,1
SF,IF2006,2019-11-28 09:30:54.800,3850.0000,3562,0,2310180.000,0,-,-,-,-,3850.8000,3850.6000,3850.0000,3849.0000,3848.0000,3852.8000,3859.8000,3861.6000,3862.4000,3868.0000,1,1,1,1,1,1,5,3,1,1
SF,IF2006,2019-11-28 09:30:55.300,3850.0000,3562,0,2310180.000,0,-,-,-,-,3851.0000,3850.8000,3850.0000,3849.0000,3848.0000,3859.8000,3861.6000,3862.4000,3868.0000,3880.4000,1,1,1,1,1,5,3,1,1,1
SF,IF2006,2019-11-28 09:30:55.800,3850.0000,3562,0,2310180.000,0,-,-,-,-,3851.0000,3850.8000,3850.0000,3849.0000,3848.0000,3854.4000,3855.4000,3855.6000,3857.0000,3858.8000,1,1,1,1,1,1,3,1,2,1
SF,IF2006,2019-11-28 09:30:56.300,3850.0000,3562,0,2310180.000,0,-,-,-,-,3851.0000,3850.0000,3849.0000,3848.0000,3847.0000,3854.2000,3855.6000,3857.0000,3858.8000,3859.8000,1,1,1,1,1,1,1,2,1,5
SF,IF2006,2019-11-28 09:30:56.800,3850.0000,3562,0,2310180.000,0,-,-,-,-,3851.0000,3850.0000,3849.0000,3848.0000,3847.0000,3853.8000,3854.0000,3854.2000,3854.4000,3855.6000,1,1,1,1,1,1,2,1,1,1
SF,IF2006,2019-11-28 09:30:57.300,3850.0000,3562,0,2310180.000,0,-,-,-,-,3851.0000,3850.0000,3849.0000,3848.0000,3847.0000,3853.6000,3853.8000,3854.0000,3855.6000,3857.0000,1,1,1,1,1,1,1,2,1,2
SF,IF2006,2019-11-28 09:30:57.800,3850.0000,3562,0,2310180.000,0,-,-,-,-,3851.0000,3850.0000,3849.0000,3848.0000,3847.0000,3853.6000,3854.0000,3855.6000,3857.0000,3859.8000,1,1,1,1,1,1,2,1,2,5
SF,IF2006,2019-11-28 09:30:58.300,3850.0000,3562,0,2310180.000,0,-,-,-,-,3851.0000,3850.0000,3849.0000,3848.0000,3847.0000,3853.2000,3853.4000,3853.6000,3854.0000,3855.6000,1,1,1,1,1,1,1,1,2,1
SF,IF2006,2019-11-28 09:30:58.800,3850.0000,3562,0,2310180.000,0,-,-,-,-,3851.0000,3850.0000,3849.0000,3848.0000,3847.0000,3853.4000,3855.6000,3857.0000,3859.8000,3861.6000,1,1,1,1,1,1,1,2,5,3
SF,IF2006,2019-11-28 09:31:00.300,3850.0000,3562,0,2310180.000,0,-,-,-,-,3851.0000,3850.0000,3849.0000,3848.0000,3847.0000,3853.2000,3853.4000,3855.6000,3857.0000,3859.8000,1,1,1,1,1,4,1,1,1,5
SF,IF2006,2019-11-28 09:31:00.800,3850.0000,3562,0,2310180.000,0,-,-,-,-,3850.0000,3849.0000,3848.0000,3847.0000,3846.0000,3853.0000,3853.2000,3853.4000,3855.6000,3857.0000,1,1,1,1,1,1,4,1,1,1
SF,IF2006,2019-11-28 09:31:05.300,3850.0000,3562,0,2310180.000,0,-,-,-,-,3850.0000,3849.0000,3848.0000,3847.0000,3846.0000,3852.8000,3853.0000,3853.2000,3853.4000,3855.6000,1,1,1,1,1,1,1,4,1,1
SF,IF2006,2019-11-28 09:31:05.800,3850.0000,3562,0,2310180.000,0,-,-,-,-,3850.0000,3849.0000,3848.0000,3847.0000,3846.0000,3852.6000,3852.8000,3853.2000,3853.4000,3855.6000,1,1,1,1,1,1,1,4,1,1
SF,IF2006,2019-11-28 09:31:06.300,3850.0000,3562,0,2310180.000,0,-,-,-,-,3850.0000,3849.0000,3848.0000,3847.0000,3846.0000,3852.6000,3852.8000,3853.0000,3853.2000,3853.4000,1,1,1,1,1,1,1,1,4,1
SF,IF2006,2019-11-28 09:31:09.800,3850.0000,3562,0,2310180.000,0,-,-,-,-,3850.0000,3849.0000,3848.0000,3847.0000,3846.0000,3852.6000,3853.0000,3853.2000,3853.4000,3855.6000,1,1,1,1,1,1,1,4,1,1
SF,IF2006,2019-11-28 09:31:11.300,3850.0000,3562,0,2310180.000,0,-,-,-,-,3850.0000,3849.0000,3848.0000,3847.0000,3846.0000,3852.6000,3853.0000,3853.2000,3853.4000,3855.6000,1,1,1,1,1,1,1,4,1,1
SF,IF2006,2019-11-28 09:31:11.800,3850.0000,3562,0,2310180.000,0,-,-,-,-,3850.2000,3850.0000,3849.0000,3848.0000,3847.0000,3853.0000,3853.2000,3853.4000,3855.6000,3857.0000,1,1,1,1,1,1,1,1,1,1
SF,IF2006,2019-11-28 09:31:12.300,3850.0000,3562,0,2310180.000,0,-,-,-,-,3850.2000,3850.0000,3849.0000,3848.0000,3847.0000,3853.0000,3853.4000,3855.6000,3857.0000,3859.8000,1,1,1,1,1,1,1,1,1,5
SF,IF2006,2019-11-28 09:31:13.300,3850.0000,3562,0,2310180.000,0,-,-,-,-,3850.2000,3850.0000,3849.0000,3848.0000,3847.0000,3853.0000,3853.2000,3853.4000,3855.6000,3857.0000,1,1,1,1,1,1,1,1,1,1
SF,IF2006,2019-11-28 09:31:15.300,3850.0000,3562,0,2310180.000,0,-,-,-,-,3850.2000,3850.0000,3849.0000,3848.0000,3847.0000,3853.0000,3853.4000,3855.6000,3857.0000,3859.8000,1,1,1,1,1,1,1,1,1,5
SF,IF2006,2019-11-28 09:31:15.800,3850.0000,3562,0,2310180.000,0,-,-,-,-,3850.2000,3850.0000,3849.0000,3848.0000,3847.0000,3853.0000,3853.2000,3853.4000,3855.6000,3857.0000,1,1,1,1,1,1,1,1,1,1
SF,IF2006,2019-11-28 09:31:16.300,3850.0000,3562,0,2310180.000,0,-,-,-,-,3850.2000,3850.0000,3849.0000,3848.0000,3847.0000,3853.0000,3853.4000,3855.6000,3857.0000,3859.8000,1,1,1,1,1,1,1,1,1,5
SF,IF2006,2019-11-28 09:31:19.300,3850.0000,3562,0,2310180.000,0,-,-,-,-,3850.2000,3850.0000,3849.0000,3848.0000,3847.0000,3853.0000,3853.2000,3853.4000,3855.6000,3857.0000,1,1,1,1,1,1,1,1,1,1
SF,IF2006,2019-11-28 09:31:20.800,3850.0000,3562,0,2310180.000,0,-,-,-,-,3850.2000,3850.0000,3849.0000,3848.0000,3847.0000,3853.0000,3853.4000,3855.6000,3857.0000,3859.8000,1,1,1,1,1,1,1,1,1,5
SF,IF2006,2019-11-28 09:31:22.300,3850.0000,3562,0,2310180.000,0,-,-,-,-,3850.2000,3850.0000,3849.0000,3848.0000,3847.0000,3852.6000,3853.0000,3853.4000,3855.6000,3857.0000,1,1,1,1,1,1,1,1,1,1
SF,IF2006,2019-11-28 09:31:22.800,3850.0000,3562,0,2310180.000,0,-,-,-,-,3850.2000,3850.0000,3849.0000,3848.0000,3847.0000,3853.0000,3853.4000,3855.6000,3857.0000,3859.8000,1,1,1,1,1,1,1,1,1,5
SF,IF2006,2019-11-28 09:31:25.300,3850.0000,3562,0,2310180.000,0,-,-,-,-,3850.4000,3850.2000,3850.0000,3849.0000,3848.0000,3853.0000,3853.4000,3855.6000,3857.0000,3859.8000,1,1,1,1,1,1,1,1,1,5
SF,IF2006,2019-11-28 09:31:25.800,3850.0000,3562,0,2310180.000,0,-,-,-,-,3850.6000,3850.4000,3850.0000,3849.0000,3848.0000,3853.0000,3853.4000,3855.6000,3857.0000,3859.8000,1,1,1,1,1,1,1,1,1,5
SF,IF2006,2019-11-28 09:31:26.300,3850.0000,3562,0,2310180.000,0,-,-,-,-,3850.8000,3850.6000,3850.0000,3849.0000,3848.0000,3853.0000,3853.4000,3855.6000,3857.0000,3859.8000,1,1,1,1,1,1,1,1,1,5
SF,IF2006,2019-11-28 09:31:26.800,3850.0000,3562,0,2310180.000,0,-,-,-,-,3850.8000,3850.0000,3849.0000,3848.0000,3847.0000,3853.0000,3853.4000,3855.6000,3857.0000,3859.8000,1,1,1,1,1,1,1,1,1,5
SF,IF2006,2019-11-28 09:31:28.300,3850.0000,3562,0,2310180.000,0,-,-,-,-,3850.8000,3850.0000,3849.0000,3848.0000,3847.0000,3853.0000,3853.2000,3853.4000,3855.6000,3857.0000,1,1,1,1,1,1,1,1,1,1
SF,IF2006,2019-11-28 09:31:28.800,3850.0000,3562,0,2310180.000,0,-,-,-,-,3850.0000,3849.0000,3848.0000,3847.0000,3846.0000,3853.0000,3853.4000,3855.6000,3857.0000,3859.8000,1,1,1,1,1,1,1,1,1,5
SF,IF2006,2019-11-28 09:31:29.300,3850.0000,3562,0,2310180.000,0,-,-,-,-,3850.2000,3850.0000,3849.0000,3848.0000,3847.0000,3853.0000,3853.4000,3855.6000,3857.0000,3859.8000,1,1,1,1,1,1,1,1,1,5
SF,IF2006,2019-11-28 09:31:31.800,3853.0000,3561,-1,3466080.000,1,0,1,双平,S,3850.2000,3850.0000,3849.0000,3848.0000,3847.0000,3853.2000,3853.4000,3855.6000,3857.0000,3859.8000,1,1,1,1,1,2,1,1,1,5
SF,IF2006,2019-11-28 09:31:32.300,3853.0000,3561,0,3466080.000,0,-,-,-,-,3850.8000,3850.2000,3850.0000,3849.0000,3848.0000,3853.4000,3855.6000,3857.0000,3859.8000,3861.6000,1,1,1,1,1,1,1,1,5,3
SF,IF2006,2019-11-28 09:31:32.800,3853.0000,3561,0,3466080.000,0,-,-,-,-,3850.8000,3850.4000,3850.0000,3849.0000,3848.0000,3853.2000,3853.4000,3855.6000,3857.0000,3859.8000,1,1,1,1,1,1,1,1,1,5
SF,IF2006,2019-11-28 09:31:33.300,3853.0000,3561,0,3466080.000,0,-,-,-,-,3851.0000,3850.8000,3850.4000,3850.0000,3849.0000,3853.4000,3855.6000,3857.0000,3859.8000,3861.6000,1,1,1,1,1,1,1,1,5,3
SF,IF2006,2019-11-28 09:31:34.800,3853.0000,3561,0,3466080.000,0,-,-,-,-,3851.0000,3850.8000,3850.4000,3850.0000,3849.0000,3853.2000,3853.4000,3855.6000,3857.0000,3859.8000,1,1,1,1,1,1,1,1,1,5
SF,IF2006,2019-11-28 09:31:35.300,3853.0000,3561,0,3466080.000,0,-,-,-,-,3851.0000,3850.8000,3850.4000,3850.0000,3849.0000,3853.2000,3853.4000,3855.6000,3857.0000,3859.8000,1,1,1,1,1,2,1,1,1,5
SF,IF2006,2019-11-28 09:31:37.300,3853.0000,3561,0,3466080.000,0,-,-,-,-,3851.0000,3850.8000,3850.4000,3850.0000,3849.0000,3853.2000,3853.4000,3855.6000,3857.0000,3859.8000,1,1,1,1,1,2,1,1,1,5
SF,IF2006,2019-11-28 09:31:37.800,3853.0000,3561,0,3466080.000,0,-,-,-,-,3851.0000,3850.8000,3850.4000,3850.0000,3849.0000,3853.2000,3853.4000,3855.6000,3857.0000,3859.8000,1,1,1,1,1,2,1,1,1,5
SF,IF2006,2019-11-28 09:31:38.300,3853.0000,3561,0,3466080.000,0,-,-,-,-,3851.0000,3850.8000,3850.4000,3850.0000,3849.0000,3852.8000,3853.0000,3853.2000,3853.4000,3855.6000,1,1,1,1,1,1,1,1,1,1
SF,IF2006,2019-11-28 09:31:38.800,3853.0000,3561,0,3466080.000,0,-,-,-,-,3850.8000,3850.4000,3850.0000,3849.0000,3848.0000,3852.8000,3853.0000,3853.2000,3853.4000,3855.6000,1,1,1,1,1,1,2,1,1,1
SF,IF2006,2019-11-28 09:31:39.300,3853.0000,3561,0,3466080.000,0,-,-,-,-,3850.4000,3850.0000,3849.0000,3848.0000,3847.0000,3852.6000,3852.8000,3853.0000,3853.4000,3855.6000,1,1,1,1,1,2,1,2,1,1
SF,IF2006,2019-11-28 09:31:39.800,3853.0000,3561,0,3466080.000,0,-,-,-,-,3850.4000,3850.0000,3849.0000,3848.0000,3847.0000,3852.2000,3852.6000,3852.8000,3853.0000,3853.4000,1,1,1,1,1,1,2,1,2,1
SF,IF2006,2019-11-28 09:31:40.800,3853.0000,3561,0,3466080.000,0,-,-,-,-,3850.4000,3850.0000,3849.0000,3848.0000,3847.0000,3852.2000,3852.6000,3852.8000,3853.0000,3853.4000,1,1,1,1,1,1,2,1,1,1
SF,IF2006,2019-11-28 09:31:41.300,3853.0000,3561,0,3466080.000,0,-,-,-,-,3851.8000,3850.6000,3850.4000,3850.0000,3849.0000,3852.6000,3852.8000,3853.0000,3857.0000,3859.8000,1,1,1,1,1,1,1,1,1,5
SF,IF2006,2019-11-28 09:31:41.800,3853.0000,3561,0,3466080.000,0,-,-,-,-,3851.8000,3850.4000,3850.0000,3849.0000,3848.0000,3852.8000,3853.0000,3857.0000,3859.8000,3861.6000,1,1,1,1,1,1,1,1,5,3
SF,IF2006,2019-11-28 09:31:44.300,3852.8000,3560,-1,4621920.000,1,0,1,双平,S,3853.0000,3852.8000,3851.8000,3850.4000,3850.0000,3857.0000,3859.8000,3861.6000,3862.4000,3868.0000,1,1,1,1,1,1,5,3,1,1
SF,IF2006,2019-11-28 09:31:44.800,3852.8000,3560,0,4621920.000,0,-,-,-,-,3851.8000,3850.4000,3850.0000,3849.0000,3848.0000,3853.0000,3854.8000,3855.0000,3855.8000,3856.8000,1,1,1,1,1,3,1,1,3,2
SF,IF2006,2019-11-28 09:31:45.300,3852.8000,3560,0,4621920.000,0,-,-,-,-,3851.8000,3850.4000,3850.0000,3849.0000,3848.0000,3853.0000,3854.8000,3856.8000,3857.0000,3859.8000,1,1,1,1,1,1,1,2,2,5
SF,IF2006,2019-11-28 09:31:45.800,3853.0000,3559,-1,5777820.000,1,0,1,双平,S,3851.8000,3850.4000,3850.0000,3849.0000,3848.0000,3854.8000,3856.8000,3857.0000,3859.8000,3861.6000,1,1,1,1,1,1,2,2,5,3
SF,IF2006,2019-11-28 09:31:46.300,3853.0000,3559,0,5777820.000,0,-,-,-,-,3851.8000,3850.4000,3850.0000,3849.0000,3848.0000,3854.6000,3854.8000,3856.4000,3856.8000,3857.0000,1,1,1,1,1,2,1,1,2,2
SF,IF2006,2019-11-28 09:31:48.800,3854.6000,3558,-1,6934200.000,1,0,1,双平,S,3851.8000,3850.4000,3850.0000,3849.0000,3848.0000,3854.6000,3854.8000,3855.8000,3856.4000,3856.8000,2,1,1,1,1,1,1,1,1,2
SF,IF2006,2019-11-28 09:31:49.300,3854.6000,3558,0,6934200.000,0,-,-,-,-,3851.8000,3850.4000,3850.0000,3849.0000,3848.0000,3854.4000,3854.6000,3854.8000,3856.4000,3856.8000,2,1,1,1,2,1,1,1,1,2
SF,IF2006,2019-11-28 09:31:49.800,3854.6000,3558,0,6934200.000,0,-,-,-,-,3851.8000,3850.4000,3850.0000,3849.0000,3848.0000,3854.2000,3854.4000,3854.6000,3854.8000,3856.4000,2,1,1,1,2,1,1,1,1,1
SF,IF2006,2019-11-28 09:31:50.300,3854.6000,3558,0,6934200.000,0,-,-,-,-,3851.8000,3850.4000,3850.0000,3849.0000,3848.0000,3854.2000,3854.4000,3854.6000,3854.8000,3856.4000,2,1,1,1,2,2,1,1,1,1
SF,IF2006,2019-11-28 09:31:50.800,3854.6000,3558,0,6934200.000,0,-,-,-,-,3851.8000,3850.4000,3850.0000,3849.0000,3848.0000,3854.0000,3854.2000,3854.4000,3854.6000,3854.8000,2,1,1,1,2,1,1,1,1,1
SF,IF2006,2019-11-28 09:31:51.300,3854.6000,3558,0,6934200.000,0,-,-,-,-,3851.8000,3850.4000,3850.0000,3849.0000,3848.0000,3854.0000,3854.2000,3854.4000,3854.6000,3854.8000,2,1,1,1,2,2,1,1,1,1
SF,IF2006,2019-11-28 09:31:54.300,3854.6000,3558,0,6934200.000,0,-,-,-,-,3851.8000,3850.4000,3850.0000,3849.0000,3848.0000,3854.0000,3854.2000,3854.4000,3854.6000,3854.8000,2,1,1,1,2,1,1,1,1,1
SF,IF2006,2019-11-28 09:31:55.300,3854.6000,3558,0,6934200.000,0,-,-,-,-,3851.8000,3850.4000,3850.0000,3849.0000,3848.0000,3853.8000,3854.0000,3854.2000,3854.4000,3854.6000,2,1,1,1,2,1,1,1,1,1
SF,IF2006,2019-11-28 09:31:55.800,3854.6000,3558,0,6934200.000,0,-,-,-,-,3851.8000,3850.4000,3850.0000,3849.0000,3848.0000,3853.8000,3854.0000,3854.2000,3854.4000,3854.6000,2,1,1,1,2,1,1,1,1,1
SF,IF2006,2019-11-28 09:31:56.300,3854.6000,3558,0,6934200.000,0,-,-,-,-,3852.0000,3851.8000,3850.4000,3850.0000,3849.0000,3853.8000,3854.0000,3854.2000,3854.4000,3854.6000,1,2,1,1,1,1,2,1,1,1
SF,IF2006,2019-11-28 09:31:56.800,3854.6000,3558,0,6934200.000,0,-,-,-,-,3852.2000,3852.0000,3851.8000,3850.4000,3850.0000,3853.8000,3854.0000,3854.2000,3854.4000,3854.6000,1,1,1,1,1,1,2,1,1,1
SF,IF2006,2019-11-28 09:31:57.300,3854.6000,3558,0,6934200.000,0,-,-,-,-,3852.2000,3852.0000,3851.8000,3850.4000,3850.0000,3853.8000,3854.0000,3854.2000,3854.4000,3854.6000,1,1,1,1,1,1,1,1,1,1
SF,IF2006,2019-11-28 09:31:58.300,3854.6000,3558,0,6934200.000,0,-,-,-,-,3852.2000,3852.0000,3851.8000,3850.4000,3850.0000,3853.8000,3854.0000,3854.2000,3854.4000,3854.6000,1,1,1,1,1,1,1,2,1,1
SF,IF2006,2019-11-28 09:31:58.800,3854.6000,3558,0,6934200.000,0,-,-,-,-,3852.2000,3851.8000,3850.4000,3850.0000,3849.0000,3853.8000,3854.0000,3854.2000,3854.4000,3854.6000,1,1,1,1,1,1,1,2,1,1
SF,IF2006,2019-11-28 09:31:59.300,3854.6000,3558,0,6934200.000,0,-,-,-,-,3852.2000,3851.8000,3850.4000,3850.0000,3849.0000,3853.6000,3853.8000,3854.0000,3854.2000,3854.4000,1,1,1,1,1,1,1,1,2,1
SF,IF2006,2019-11-28 09:32:00.300,3854.6000,3558,0,6934200.000,0,-,-,-,-,3852.2000,3851.8000,3850.4000,3850.0000,3849.0000,3853.4000,3853.6000,3853.8000,3854.0000,3854.2000,1,1,1,1,1,1,2,1,1,2
SF,IF2006,2019-11-28 09:32:00.800,3854.6000,3558,0,6934200.000,0,-,-,-,-,3851.8000,3850.4000,3850.0000,3849.0000,3848.0000,3852.2000,3853.4000,3853.6000,3853.8000,3854.0000,1,1,1,1,2,2,1,2,1,1
SF,IF2006,2019-11-28 09:32:01.300,3851.8000,3558,0,8089740.000,1,0,1,多换,S,3850.4000,3850.0000,3849.0000,3848.0000,3847.0000,3852.2000,3853.4000,3853.6000,3853.8000,3854.0000,1,1,1,2,1,2,1,2,1,1
SF,IF2006,2019-11-28 09:32:01.800,3851.8000,3558,0,8089740.000,0,-,-,-,-,3850.6000,3850.4000,3850.0000,3849.0000,3848.0000,3852.2000,3853.4000,3853.6000,3853.8000,3854.0000,1,1,1,1,2,2,1,2,1,1
SF,IF2006,2019-11-28 09:32:02.300,3851.8000,3558,0,8089740.000,0,-,-,-,-,3850.6000,3850.4000,3850.0000,3849.0000,3848.0000,3852.2000,3853.4000,3853.6000,3853.8000,3854.0000,1,1,1,1,2,2,1,2,1,1
SF,IF2006,2019-11-28 09:32:02.800,3851.8000,3558,0,8089740.000,0,-,-,-,-,3850.6000,3850.4000,3850.0000,3849.0000,3848.0000,3852.0000,3853.4000,3853.6000,3853.8000,3854.0000,1,1,1,1,2,1,1,2,1,1
SF,IF2006,2019-11-28 09:32:03.300,3851.8000,3558,0,8089740.000,0,-,-,-,-,3850.6000,3850.4000,3850.0000,3849.0000,3848.0000,3851.8000,3853.4000,3853.6000,3853.8000,3854.0000,1,1,1,1,2,1,1,2,1,1
SF,IF2006,2019-11-28 09:32:04.300,3851.8000,3558,0,8089740.000,0,-,-,-,-,3850.6000,3850.0000,3849.0000,3848.0000,3847.0000,3851.2000,3853.4000,3853.6000,3853.8000,3854.0000,1,1,1,2,1,1,1,2,1,1
SF,IF2006,2019-11-28 09:32:05.300,3851.8000,3558,0,8089740.000,0,-,-,-,-,3850.6000,3850.0000,3849.0000,3848.0000,3847.0000,3851.2000,3853.4000,3853.6000,3853.8000,3854.2000,1,1,1,2,1,1,1,2,1,2
SF,IF2006,2019-11-28 09:32:05.800,3851.8000,3558,0,8089740.000,0,-,-,-,-,3850.6000,3850.0000,3849.0000,3848.0000,3847.0000,3851.0000,3853.4000,3853.6000,3853.8000,3854.2000,1,1,1,2,1,1,1,2,1,2
SF,IF2006,2019-11-28 09:32:06.800,3850.6000,3558,0,9244920.000,1,0,1,多换,S,3850.0000,3849.0000,3848.8000,3848.0000,3847.0000,3852.8000,3853.4000,3853.6000,3853.8000,3854.2000,1,1,1,2,1,1,1,2,1,2
SF,IF2006,2019-11-28 09:32:07.300,3850.6000,3558,0,9244920.000,0,-,-,-,-,3850.0000,3849.0000,3848.0000,3847.0000,3846.0000,3852.6000,3852.8000,3853.4000,3853.6000,3853.8000,1,1,2,1,1,1,1,1,1,1
SF,IF2006,2019-11-28 09:32:07.800,3850.6000,3558,0,9244920.000,0,-,-,-,-,3850.0000,3849.0000,3848.0000,3847.0000,3846.0000,3852.4000,3852.6000,3853.4000,3853.6000,3853.8000,1,1,2,1,1,2,1,1,1,1
SF,IF2006,2019-11-28 09:32:08.300,3850.6000,3558,0,9244920.000,0,-,-,-,-,3850.2000,3850.0000,3849.0000,3848.0000,3847.0000,3852.4000,3852.6000,3853.4000,3853.6000,3853.8000,2,1,1,2,1,1,1,1,1,1
SF,IF2006,2019-11-28 09:32:08.800,3852.4000,3557,-1,10400640.000,1,0,1,双平,S,3850.2000,3850.0000,3849.0000,3848.0000,3847.0000,3852.6000,3853.4000,3853.6000,3853.8000,3854.2000,3,1,1,2,1,1,1,1,1,2
SF,IF2006,2019-11-28 09:32:09.300,3852.4000,3557,0,10400640.000,0,-,-,-,-,3851.0000,3850.6000,3850.2000,3850.0000,3849.0000,3853.4000,3853.6000,3853.8000,3854.2000,3854.6000,1,1,1,1,1,1,1,1,2,1
SF,IF2006,2019-11-28 09:32:09.800,3852.4000,3557,0,10400640.000,0,-,-,-,-,3851.0000,3850.8000,3850.6000,3850.0000,3849.0000,3853.8000,3854.2000,3854.6000,3856.4000,3856.8000,1,1,1,1,1,1,2,1,1,1
SF,IF2006,2019-11-28 09:32:10.300,3852.4000,3557,0,10400640.000,0,-,-,-,-,3851.0000,3850.8000,3850.6000,3850.0000,3849.0000,3853.6000,3853.8000,3854.2000,3854.6000,3856.4000,1,1,1,1,1,1,1,2,1,1
SF,IF2006,2019-11-28 09:32:10.800,3852.4000,3557,0,10400640.000,0,-,-,-,-,3851.4000,3851.0000,3850.6000,3850.0000,3849.0000,3853.6000,3853.8000,3854.2000,3854.6000,3856.4000,1,1,1,1,1,1,1,2,1,1
SF,IF2006,2019-11-28 09:32:11.300,3852.4000,3557,0,10400640.000,0,-,-,-,-,3851.4000,3851.0000,3850.6000,3850.0000,3849.0000,3853.4000,3853.6000,3853.8000,3854.2000,3854.6000,1,1,1,1,1,1,1,1,2,1
SF,IF2006,2019-11-28 09:32:11.800,3852.4000,3557,0,10400640.000,0,-,-,-,-,3851.0000,3850.6000,3850.0000,3849.0000,3848.0000,3853.4000,3853.8000,3854.2000,3854.6000,3856.4000,1,1,1,1,2,2,1,2,1,1
SF,IF2006,2019-11-28 09:32:13.800,3852.4000,3557,0,10400640.000,0,-,-,-,-,3851.2000,3851.0000,3850.0000,3849.0000,3848.0000,3853.4000,3853.8000,3854.2000,3854.6000,3856.4000,1,1,1,1,2,2,1,2,1,1
SF,IF2006,2019-11-28 09:32:15.300,3852.4000,3557,0,10400640.000,0,-,-,-,-,3851.2000,3851.0000,3850.0000,3849.0000,3848.0000,3853.0000,3853.4000,3853.8000,3854.2000,3854.6000,1,1,1,1,2,1,2,1,2,1
SF,IF2006,2019-11-28 09:32:17.300,3852.4000,3557,0,10400640.000,0,-,-,-,-,3851.2000,3851.0000,3850.0000,3849.0000,3848.0000,3853.4000,3853.8000,3854.2000,3854.6000,3856.4000,1,1,1,1,2,1,1,2,1,1
SF,IF2006,2019-11-28 09:32:17.800,3852.4000,3557,0,10400640.000,0,-,-,-,-,3851.4000,3851.2000,3851.0000,3850.0000,3849.0000,3853.4000,3853.8000,3854.2000,3854.6000,3856.4000,1,1,1,1,1,1,1,1,1,1
SF,IF2006,2019-11-28 09:32:18.300,3852.4000,3557,0,10400640.000,0,-,-,-,-,3851.6000,3851.4000,3850.0000,3849.0000,3848.0000,3853.8000,3854.2000,3854.6000,3856.4000,3856.8000,1,1,1,1,2,1,1,1,1,1
SF,IF2006,2019-11-28 09:32:18.800,3852.4000,3557,0,10400640.000,0,-,-,-,-,3852.2000,3851.6000,3850.0000,3849.0000,3848.0000,3853.8000,3854.2000,3854.6000,3856.4000,3856.8000,1,1,1,1,2,1,1,1,1,1
SF,IF2006,2019-11-28 09:32:20.300,3852.4000,3557,0,10400640.000,0,-,-,-,-,3852.2000,3851.6000,3850.0000,3849.0000,3848.0000,3853.8000,3854.2000,3854.6000,3856.8000,3857.0000,1,1,1,1,2,1,1,1,1,1
SF,IF2006,2019-11-28 09:32:24.300,3852.2000,3556,-1,11556300.000,1,0,1,双平,S,3851.6000,3850.0000,3849.0000,3848.0000,3847.0000,3853.8000,3854.2000,3854.6000,3856.8000,3857.0000,1,1,1,2,1,1,1,1,1,1
SF,IF2006,2019-11-28 09:32:24.800,3852.2000,3556,0,11556300.000,0,-,-,-,-,3851.6000,3850.0000,3849.0000,3848.0000,3847.0000,3853.6000,3853.8000,3854.2000,3854.6000,3856.8000,1,1,1,2,1,2,1,1,1,1
SF,IF2006,2019-11-28 09:32:25.300,3852.2000,3556,0,11556300.000,0,-,-,-,-,3850.0000,3849.0000,3848.0000,3847.0000,3846.0000,3853.6000,3853.8000,3854.2000,3854.6000,3856.8000,1,1,2,1,1,2,1,1,1,1
SF,IF2006,2019-11-28 09:32:25.800,3852.2000,3556,0,11556300.000,0,-,-,-,-,3850.2000,3850.0000,3849.0000,3848.0000,3847.0000,3853.6000,3853.8000,3854.2000,3854.6000,3856.8000,2,1,1,2,1,2,1,1,1,1
SF,IF2006,2019-11-28 09:32:26.300,3852.2000,3556,0,11556300.000,0,-,-,-,-,3850.6000,3850.2000,3850.0000,3849.0000,3848.0000,3853.6000,3853.8000,3854.2000,3854.6000,3856.8000,1,4,1,1,2,2,1,1,1,1
SF,IF2006,2019-11-28 09:32:26.800,3852.2000,3556,0,11556300.000,0,-,-,-,-,3850.8000,3850.6000,3850.2000,3850.0000,3849.0000,3853.6000,3853.8000,3854.2000,3854.6000,3856.8000,1,1,2,1,1,2,1,1,1,1
SF,IF2006,2019-11-28 09:32:27.300,3852.2000,3556,0,11556300.000,0,-,-,-,-,3850.8000,3850.6000,3850.2000,3850.0000,3849.0000,3853.6000,3853.8000,3854.2000,3854.6000,3856.8000,2,1,2,1,1,2,1,1,1,1
SF,IF2006,2019-11-28 09:32:27.800,3852.2000,3556,0,11556300.000,0,-,-,-,-,3851.0000,3850.8000,3850.2000,3850.0000,3849.0000,3853.6000,3853.8000,3854.2000,3854.6000,3856.8000,2,2,2,1,1,2,1,1,1,1
SF,IF2006,2019-11-28 09:32:28.300,3852.2000,3556,0,11556300.000,0,-,-,-,-,3851.2000,3851.0000,3850.8000,3850.2000,3850.0000,3853.6000,3853.8000,3854.2000,3854.6000,3856.8000,1,2,1,2,1,2,1,1,1,1
SF,IF2006,2019-11-28 09:32:28.800,3852.2000,3556,0,11556300.000,0,-,-,-,-,3851.4000,3851.2000,3851.0000,3850.8000,3850.0000,3853.6000,3853.8000,3854.2000,3854.6000,3856.8000,1,1,1,1,1,2,1,1,1,1
SF,IF2006,2019-11-28 09:32:29.300,3852.2000,3556,0,11556300.000,0,-,-,-,-,3851.4000,3850.8000,3850.0000,3849.0000,3848.0000,3853.6000,3853.8000,3854.2000,3854.6000,3856.8000,1,1,1,1,2,2,1,1,1,1
SF,IF2006,2019-11-28 09:32:37.300,3852.2000,3556,0,11556300.000,0,-,-,-,-,3850.8000,3850.0000,3849.0000,3848.0000,3847.0000,3853.4000,3853.6000,3853.8000,3854.2000,3854.6000,1,1,1,2,1,1,2,1,1,1
SF,IF2006,2019-11-28 09:32:37.800,3852.2000,3556,0,11556300.000,0,-,-,-,-,3851.0000,3850.8000,3850.0000,3849.0000,3848.0000,3853.4000,3853.6000,3853.8000,3854.2000,3854.6000,1,1,1,1,2,1,2,1,1,1
SF,IF2006,2019-11-28 09:32:42.800,3852.2000,3556,0,11556300.000,0,-,-,-,-,3851.0000,3850.8000,3850.0000,3849.0000,3848.0000,3853.6000,3853.8000,3854.2000,3854.6000,3856.8000,1,1,1,1,2,2,1,1,1,1
SF,IF2006,2019-11-28 09:32:43.300,3852.2000,3556,0,11556300.000,0,-,-,-,-,3851.2000,3851.0000,3850.8000,3850.0000,3849.0000,3853.6000,3853.8000,3854.2000,3854.6000,3856.8000,1,1,1,1,1,2,1,1,1,1
SF,IF2006,2019-11-28 09:32:43.800,3852.2000,3556,0,11556300.000,0,-,-,-,-,3851.4000,3851.2000,3850.8000,3850.0000,3849.0000,3853.6000,3853.8000,3854.2000,3854.6000,3856.8000,1,1,1,1,1,2,1,1,1,1
SF,IF2006,2019-11-28 09:32:48.300,3852.2000,3556,0,11556300.000,0,-,-,-,-,3851.4000,3850.8000,3850.0000,3849.0000,3848.0000,3853.6000,3853.8000,3854.2000,3854.6000,3856.8000,1,1,1,1,2,1,1,1,1,1
SF,IF2006,2019-11-28 09:32:48.800,3852.2000,3556,0,11556300.000,0,-,-,-,-,3852.2000,3851.4000,3850.8000,3850.0000,3849.0000,3853.4000,3853.6000,3853.8000,3854.2000,3854.6000,1,1,1,1,1,1,1,1,1,1
SF,IF2006,2019-11-28 09:32:49.300,3852.2000,3556,0,11556300.000,0,-,-,-,-,3852.2000,3850.8000,3850.0000,3849.0000,3848.0000,3853.4000,3853.6000,3853.8000,3854.2000,3854.6000,1,1,1,1,2,1,1,1,1,1
SF,IF2006,2019-11-28 09:32:57.300,3852.2000,3556,0,11556300.000,0,-,-,-,-,3850.8000,3850.0000,3849.0000,3848.0000,3847.0000,3853.4000,3853.6000,3853.8000,3854.2000,3854.6000,1,1,1,2,1,1,1,1,1,1
SF,IF2006,2019-11-28 09:32:57.800,3852.2000,3556,0,11556300.000,0,-,-,-,-,3851.0000,3850.8000,3850.0000,3849.0000,3848.0000,3853.4000,3853.6000,3853.8000,3854.2000,3854.6000,1,1,1,1,2,1,1,1,1,1
SF,IF2006,2019-11-28 09:32:59.800,3853.4000,3556,0,12712320.000,1,0,1,多换,S,3851.0000,3850.8000,3850.0000,3849.0000,3848.0000,3853.6000,3853.8000,3854.2000,3854.6000,3856.8000,1,1,1,1,2,1,1,1,1,1
SF,IF2006,2019-11-28 09:33:00.300,3853.4000,3556,0,12712320.000,0,-,-,-,-,3851.0000,3850.8000,3850.0000,3849.0000,3848.0000,3853.8000,3854.2000,3854.6000,3856.8000,3857.0000,1,1,1,1,2,1,1,1,1,1
SF,IF2006,2019-11-28 09:33:00.800,3853.4000,3556,0,12712320.000,0,-,-,-,-,3851.8000,3851.2000,3851.0000,3850.8000,3850.0000,3853.8000,3854.2000,3854.6000,3856.8000,3857.0000,1,1,1,1,1,1,1,1,1,1
SF,IF2006,2019-11-28 09:33:01.300,3853.4000,3556,0,12712320.000,0,-,-,-,-,3851.8000,3851.2000,3850.8000,3850.0000,3849.0000,3853.8000,3854.2000,3854.6000,3856.8000,3857.0000,1,1,1,1,1,1,1,1,1,1
SF,IF2006,2019-11-28 09:33:05.800,3853.8000,3556,0,13868460.000,1,0,1,多换,S,3851.8000,3851.2000,3850.8000,3850.0000,3849.0000,3854.2000,3854.6000,3856.8000,3857.0000,3859.8000,1,1,1,1,1,1,1,1,1,5
SF,IF2006,2019-11-28 09:33:07.300,3853.8000,3556,0,13868460.000,0,-,-,-,-,3852.0000,3851.8000,3851.2000,3850.8000,3850.0000,3854.2000,3854.6000,3856.8000,3857.0000,3859.8000,1,1,1,1,1,1,1,1,1,5
SF,IF2006,2019-11-28 09:33:08.300,3853.8000,3556,0,13868460.000,0,-,-,-,-,3851.8000,3851.2000,3850.8000,3850.0000,3849.0000,3854.2000,3854.6000,3856.8000,3857.0000,3859.8000,1,1,1,1,1,1,1,1,1,5
SF,IF2006,2019-11-28 09:33:08.800,3853.8000,3556,0,13868460.000,0,-,-,-,-,3851.8000,3851.2000,3850.8000,3850.0000,3849.0000,3854.0000,3854.2000,3854.6000,3856.8000,3857.0000,1,1,1,1,1,1,1,1,1,1
SF,IF2006,2019-11-28 09:33:09.300,3853.8000,3556,0,13868460.000,0,-,-,-,-,3852.2000,3851.8000,3851.2000,3850.8000,3850.0000,3854.2000,3854.6000,3856.8000,3857.0000,3859.8000,1,1,1,1,1,1,1,1,1,5
SF,IF2006,2019-11-28 09:33:09.800,3853.8000,3556,0,13868460.000,0,-,-,-,-,3852.2000,3851.8000,3851.2000,3850.8000,3850.0000,3854.0000,3854.2000,3854.6000,3856.8000,3857.0000,1,1,1,1,1,1,1,1,1,1
SF,IF2006,2019-11-28 09:33:10.300,3853.8000,3556,0,13868460.000,0,-,-,-,-,3852.2000,3851.8000,3851.2000,3850.8000,3850.0000,3854.2000,3854.6000,3856.8000,3857.0000,3859.8000,1,1,1,1,1,1,1,1,1,5
SF,IF2006,2019-11-28 09:33:13.800,3853.8000,3556,0,13868460.000,0,-,-,-,-,3852.2000,3851.8000,3851.2000,3850.8000,3850.0000,3854.0000,3854.2000,3854.6000,3856.8000,3857.0000,1,1,1,1,1,1,1,1,1,1
SF,IF2006,2019-11-28 09:33:14.300,3853.8000,3556,0,13868460.000,0,-,-,-,-,3852.2000,3851.2000,3850.8000,3850.0000,3849.0000,3853.8000,3854.0000,3854.2000,3854.6000,3856.8000,1,1,1,1,1,2,1,1,1,1
SF,IF2006,2019-11-28 09:33:14.800,3853.8000,3556,0,13868460.000,0,-,-,-,-,3852.2000,3851.2000,3850.8000,3850.0000,3849.0000,3853.8000,3854.0000,3854.2000,3854.6000,3856.8000,1,1,1,1,1,3,1,1,1,1
SF,IF2006,2019-11-28 09:33:21.800,3852.2000,3556,0,15024120.000,1,0,1,多换,S,3851.2000,3850.8000,3850.0000,3849.0000,3848.0000,3853.8000,3854.0000,3854.2000,3854.6000,3856.8000,1,1,1,1,2,3,1,1,1,1
SF,IF2006,2019-11-28 09:33:22.300,3852.2000,3556,0,15024120.000,0,-,-,-,-,3851.2000,3850.8000,3850.0000,3849.0000,3848.0000,3853.6000,3853.8000,3854.0000,3854.2000,3854.6000,1,1,1,1,2,1,3,1,1,1
SF,IF2006,2019-11-28 09:33:22.800,3852.2000,3556,0,15024120.000,0,-,-,-,-,3850.8000,3850.0000,3849.0000,3848.0000,3847.0000,3853.4000,3853.6000,3853.8000,3854.2000,3854.6000,1,1,1,2,1,2,1,2,1,1
SF,IF2006,2019-11-28 09:33:23.300,3852.2000,3556,0,15024120.000,0,-,-,-,-,3850.8000,3850.0000,3849.0000,3848.0000,3847.0000,3853.0000,3853.4000,3853.8000,3854.2000,3854.6000,1,1,1,2,1,1,3,1,1,1
SF,IF2006,2019-11-28 09:33:23.800,3852.2000,3556,0,15024120.000,0,-,-,-,-,3850.8000,3850.0000,3849.0000,3848.0000,3847.0000,3852.8000,3853.0000,3853.2000,3853.4000,3853.8000,1,1,1,2,1,1,1,1,2,1
SF,IF2006,2019-11-28 09:33:25.800,3852.2000,3556,0,15024120.000,0,-,-,-,-,3850.8000,3850.0000,3849.0000,3848.0000,3847.0000,3852.6000,3852.8000,3853.0000,3853.2000,3853.4000,1,1,1,2,1,1,1,1,1,2
SF,IF2006,2019-11-28 09:33:27.300,3852.2000,3556,0,15024120.000,0,-,-,-,-,3850.8000,3850.0000,3849.0000,3848.0000,3847.0000,3852.6000,3852.8000,3853.0000,3853.4000,3853.8000,1,1,1,2,1,1,1,1,2,1
SF,IF2006,2019-11-28 09:33:30.300,3852.2000,3556,0,15024120.000,0,-,-,-,-,3850.8000,3850.0000,3849.0000,3848.0000,3847.0000,3852.8000,3853.0000,3853.4000,3853.8000,3854.2000,1,1,1,2,1,1,1,1,1,1
SF,IF2006,2019-11-28 09:33:30.800,3852.2000,3556,0,15024120.000,0,-,-,-,-,3851.0000,3850.8000,3850.0000,3849.0000,3848.0000,3853.0000,3853.4000,3853.8000,3854.2000,3854.6000,2,1,1,1,2,1,1,1,1,1
SF,IF2006,2019-11-28 09:33:31.300,3852.2000,3556,0,15024120.000,0,-,-,-,-,3851.4000,3851.0000,3850.8000,3850.0000,3849.0000,3853.0000,3853.4000,3853.8000,3854.2000,3854.6000,1,2,1,1,1,1,1,1,1,1
SF,IF2006,2019-11-28 09:33:31.800,3852.2000,3556,0,15024120.000,0,-,-,-,-,3851.4000,3851.0000,3850.8000,3850.0000,3849.0000,3853.4000,3853.8000,3854.2000,3854.6000,3856.8000,1,1,1,1,1,1,1,1,1,1
SF,IF2006,2019-11-28 09:33:32.300,3852.2000,3556,0,15024120.000,0,-,-,-,-,3851.4000,3851.0000,3850.8000,3850.0000,3849.0000,3853.8000,3854.2000,3854.6000,3856.8000,3857.0000,1,1,1,1,1,1,1,1,1,1
SF,IF2006,2019-11-28 09:33:32.800,3852.2000,3556,0,15024120.000,0,-,-,-,-,3851.8000,3851.4000,3851.0000,3850.8000,3850.0000,3853.8000,3854.2000,3854.6000,3856.8000,3857.0000,1,1,1,1,1,1,1,1,1,1
SF,IF2006,2019-11-28 09:33:36.800,3852.2000,3556,0,15024120.000,0,-,-,-,-,3851.4000,3851.0000,3850.8000,3850.0000,3849.0000,3853.8000,3854.2000,3854.6000,3856.8000,3857.0000,1,1,1,1,1,1,1,1,1,1
SF,IF2006,2019-11-28 09:33:37.300,3852.2000,3556,0,15024120.000,0,-,-,-,-,3850.8000,3850.0000,3849.0000,3848.0000,3847.0000,3853.4000,3853.6000,3853.8000,3854.2000,3854.6000,1,1,1,2,1,1,1,1,1,1
SF,IF2006,2019-11-28 09:33:37.800,3852.2000,3556,0,15024120.000,0,-,-,-,-,3851.0000,3850.8000,3850.0000,3849.0000,3848.0000,3853.4000,3853.8000,3854.2000,3854.6000,3856.8000,1,1,1,1,2,1,1,1,1,1
SF,IF2006,2019-11-28 09:33:38.300,3852.2000,3556,0,15024120.000,0,-,-,-,-,3851.0000,3850.8000,3850.0000,3849.0000,3848.0000,3853.2000,3853.4000,3853.8000,3854.2000,3854.6000,1,1,1,1,2,1,1,1,1,1
SF,IF2006,2019-11-28 09:33:39.300,3852.2000,3556,0,15024120.000,0,-,-,-,-,3851.0000,3850.8000,3850.0000,3849.0000,3848.0000,3853.0000,3853.4000,3853.8000,3854.2000,3854.6000,1,1,1,1,2,1,1,1,1,1
SF,IF2006,2019-11-28 09:33:40.300,3852.2000,3556,0,15024120.000,0,-,-,-,-,3851.0000,3850.8000,3850.0000,3849.0000,3848.0000,3853.4000,3853.8000,3854.2000,3854.6000,3856.8000,1,1,1,1,2,1,1,1,1,1
SF,IF2006,2019-11-28 09:33:40.800,3852.2000,3556,0,15024120.000,0,-,-,-,-,3851.4000,3851.0000,3850.8000,3850.0000,3849.0000,3853.4000,3853.8000,3854.2000,3854.6000,3856.8000,1,1,1,1,1,1,1,1,1,1
SF,IF2006,2019-11-28 09:33:41.300,3852.2000,3556,0,15024120.000,0,-,-,-,-,3851.4000,3850.8000,3850.0000,3849.0000,3848.0000,3853.4000,3853.8000,3854.2000,3854.6000,3856.8000,1,1,1,1,2,1,1,1,1,1
SF,IF2006,2019-11-28 09:33:51.800,3852.2000,3556,0,15024120.000,0,-,-,-,-,3851.4000,3850.8000,3850.0000,3849.0000,3848.0000,3853.2000,3853.4000,3853.8000,3854.2000,3854.6000,1,1,1,1,2,1,1,1,1,1
SF,IF2006,2019-11-28 09:33:52.800,3852.2000,3556,0,15024120.000,0,-,-,-,-,3850.8000,3850.0000,3849.0000,3848.0000,3847.0000,3853.2000,3853.4000,3853.8000,3854.2000,3854.6000,1,1,1,2,1,1,1,1,1,1
SF,IF2006,2019-11-28 09:33:53.300,3852.2000,3556,0,15024120.000,0,-,-,-,-,3850.8000,3850.0000,3849.0000,3848.0000,3847.0000,3853.0000,3853.2000,3853.4000,3853.8000,3854.2000,1,1,1,2,1,1,1,1,1,1
SF,IF2006,2019-11-28 09:33:53.800,3852.2000,3556,0,15024120.000,0,-,-,-,-,3850.8000,3850.0000,3849.0000,3848.0000,3847.0000,3851.4000,3853.0000,3853.2000,3853.4000,3853.8000,1,1,1,2,1,3,1,1,1,1
SF,IF2006,2019-11-28 09:33:54.300,3851.4000,3557,1,18490380.000,3,2,1,空开,S,3850.8000,3850.0000,3849.0000,3848.0000,3847.0000,3853.0000,3853.2000,3853.4000,3853.8000,3854.2000,1,1,1,2,1,1,1,1,1,1
SF,IF2006,2019-11-28 09:33:54.800,3851.4000,3557,0,18490380.000,0,-,-,-,-,3850.8000,3850.0000,3849.0000,3848.0000,3847.0000,3853.0000,3853.2000,3853.8000,3854.2000,3854.6000,1,1,1,2,1,1,1,1,1,1
SF,IF2006,2019-11-28 09:33:55.300,3851.4000,3557,0,18490380.000,0,-,-,-,-,3851.0000,3850.8000,3850.0000,3849.0000,3848.0000,3852.8000,3853.0000,3853.2000,3853.8000,3854.2000,1,1,1,1,2,1,1,1,1,1
SF,IF2006,2019-11-28 09:33:55.800,3851.4000,3557,0,18490380.000,0,-,-,-,-,3851.0000,3850.8000,3850.0000,3849.0000,3848.0000,3852.8000,3853.0000,3853.2000,3853.8000,3854.2000,1,1,1,1,2,2,1,1,1,1
SF,IF2006,2019-11-28 09:33:56.300,3851.4000,3557,0,18490380.000,0,-,-,-,-,3851.0000,3850.8000,3850.0000,3849.0000,3848.0000,3852.8000,3853.0000,3853.2000,3853.8000,3854.2000,1,1,1,1,2,1,1,1,1,1
SF,IF2006,2019-11-28 09:33:56.800,3851.4000,3557,0,18490380.000,0,-,-,-,-,3851.2000,3850.8000,3850.0000,3849.0000,3848.0000,3853.0000,3853.2000,3853.8000,3854.2000,3854.6000,1,1,1,1,2,1,1,1,1,1
SF,IF2006,2019-11-28 09:33:57.800,3851.4000,3557,0,18490380.000,0,-,-,-,-,3851.2000,3850.8000,3850.0000,3849.0000,3848.0000,3852.8000,3853.0000,3853.2000,3853.8000,3854.2000,1,1,1,1,2,1,1,4,1,1
SF,IF2006,2019-11-28 09:33:58.300,3851.4000,3557,0,18490380.000,0,-,-,-,-,3850.8000,3850.0000,3849.0000,3848.0000,3847.0000,3852.6000,3852.8000,3853.0000,3853.2000,3853.8000,1,1,1,2,1,1,1,1,1,1
SF,IF2006,2019-11-28 09:33:58.800,3851.4000,3557,0,18490380.000,0,-,-,-,-,3850.8000,3850.0000,3849.0000,3848.0000,3847.0000,3852.4000,3852.6000,3852.8000,3853.0000,3853.2000,1,1,1,2,1,1,1,1,1,1
SF,IF2006,2019-11-28 09:34:07.300,3851.4000,3557,0,18490380.000,0,-,-,-,-,3851.0000,3850.8000,3850.0000,3849.0000,3848.0000,3852.4000,3852.6000,3852.8000,3853.0000,3853.2000,1,1,1,1,2,1,1,1,1,1
SF,IF2006,2019-11-28 09:34:07.800,3851.4000,3557,0,18490380.000,0,-,-,-,-,3850.8000,3850.0000,3849.0000,3848.0000,3847.0000,3852.4000,3852.6000,3852.8000,3853.0000,3853.2000,1,1,1,2,1,1,1,1,1,1
SF,IF2006,2019-11-28 09:34:08.300,3851.4000,3557,0,18490380.000,0,-,-,-,-,3850.8000,3850.0000,3849.0000,3848.0000,3847.0000,3852.2000,3852.4000,3852.6000,3852.8000,3853.0000,1,1,1,2,1,1,1,1,1,1
SF,IF2006,2019-11-28 09:34:09.300,3850.8000,3557,0,19645620.000,1,0,1,多换,S,3850.0000,3849.0000,3848.0000,3847.0000,3846.0000,3852.2000,3852.4000,3852.6000,3852.8000,3853.0000,1,1,2,1,1,1,1,1,1,1
SF,IF2006,2019-11-28 09:34:09.800,3850.8000,3557,0,19645620.000,0,-,-,-,-,3850.0000,3849.0000,3848.0000,3847.0000,3846.0000,3852.0000,3852.2000,3852.4000,3852.8000,3853.0000,1,1,2,1,1,2,1,1,1,1
SF,IF2006,2019-11-28 09:34:10.300,3850.8000,3557,0,19645620.000,0,-,-,-,-,3850.0000,3849.0000,3848.0000,3847.0000,3846.0000,3851.8000,3852.0000,3852.2000,3852.4000,3852.8000,1,1,2,1,1,1,2,1,1,1
SF,IF2006,2019-11-28 09:34:10.800,3850.8000,3557,0,19645620.000,0,-,-,-,-,3850.0000,3849.0000,3848.0000,3847.0000,3846.0000,3851.8000,3852.0000,3852.2000,3852.4000,3852.8000,1,1,2,1,1,1,1,1,1,1
SF,IF2006,2019-11-28 09:34:11.300,3850.8000,3557,0,19645620.000,0,-,-,-,-,3850.0000,3849.0000,3848.0000,3847.0000,3846.0000,3852.0000,3852.2000,3852.4000,3852.8000,3853.0000,1,1,2,1,1,1,1,1,1,1
SF,IF2006,2019-11-28 09:34:11.800,3850.8000,3557,0,19645620.000,0,-,-,-,-,3850.2000,3850.0000,3849.0000,3848.0000,3847.0000,3852.0000,3852.2000,3852.4000,3852.8000,3853.0000,1,1,1,2,1,1,1,1,1,1
SF,IF2006,2019-11-28 09:34:12.300,3850.8000,3557,0,19645620.000,0,-,-,-,-,3850.2000,3850.0000,3849.0000,3848.0000,3847.0000,3852.0000,3852.2000,3852.4000,3852.8000,3853.0000,1,2,1,2,1,1,1,1,1,1
SF,IF2006,2019-11-28 09:34:12.800,3850.8000,3557,0,19645620.000,0,-,-,-,-,3850.2000,3850.0000,3849.0000,3848.0000,3847.0000,3852.0000,3852.4000,3852.8000,3853.0000,3853.2000,1,2,1,2,1,1,1,1,1,1
SF,IF2006,2019-11-28 09:34:14.300,3850.8000,3557,0,19645620.000,0,-,-,-,-,3850.4000,3850.2000,3850.0000,3849.0000,3848.0000,3852.0000,3852.4000,3852.8000,3853.0000,3853.2000,1,1,2,1,2,1,1,1,1,1
SF,IF2006,2019-11-28 09:34:17.800,3850.8000,3557,0,19645620.000,0,-,-,-,-,3850.4000,3850.2000,3850.0000,3849.0000,3848.0000,3852.4000,3852.8000,3853.0000,3853.2000,3853.8000,1,1,2,1,2,1,1,1,1,1
SF,IF2006,2019-11-28 09:34:18.300,3850.8000,3557,0,19645620.000,0,-,-,-,-,3850.4000,3850.2000,3850.0000,3849.0000,3848.0000,3852.4000,3852.8000,3853.2000,3853.8000,3856.8000,1,1,2,1,2,1,1,1,1,1
SF,IF2006,2019-11-28 09:34:22.800,3850.8000,3557,0,19645620.000,0,-,-,-,-,3850.2000,3850.0000,3849.0000,3848.0000,3847.0000,3852.4000,3852.8000,3853.2000,3853.8000,3856.8000,1,2,1,2,1,1,1,1,1,1
SF,IF2006,2019-11-28 09:34:23.300,3850.8000,3557,0,19645620.000,0,-,-,-,-,3850.2000,3850.0000,3849.0000,3848.0000,3847.0000,3852.2000,3852.4000,3852.8000,3853.2000,3853.8000,1,2,1,2,1,2,1,1,1,1
SF,IF2006,2019-11-28 09:34:23.800,3850.8000,3557,0,19645620.000,0,-,-,-,-,3850.2000,3850.0000,3849.0000,3848.0000,3847.0000,3852.0000,3852.2000,3852.4000,3852.8000,3853.2000,1,2,1,2,1,2,1,1,1,1
SF,IF2006,2019-11-28 09:34:24.300,3850.8000,3557,0,19645620.000,0,-,-,-,-,3850.0000,3849.0000,3848.0000,3847.0000,3846.0000,3852.0000,3852.4000,3852.8000,3853.2000,3853.8000,1,1,2,1,1,2,1,1,1,1
SF,IF2006,2019-11-28 09:34:24.800,3850.8000,3557,0,19645620.000,0,-,-,-,-,3850.0000,3849.0000,3848.0000,3847.0000,3846.0000,3851.8000,3852.0000,3852.4000,3852.8000,3853.2000,1,1,2,1,1,1,2,1,1,1
SF,IF2006,2019-11-28 09:34:25.300,3850.8000,3557,0,19645620.000,0,-,-,-,-,3850.0000,3849.0000,3848.0000,3847.0000,3846.0000,3852.0000,3852.4000,3852.8000,3853.2000,3853.8000,1,1,2,1,1,2,1,1,1,1
SF,IF2006,2019-11-28 09:34:25.800,3850.8000,3557,0,19645620.000,0,-,-,-,-,3850.0000,3849.0000,3848.0000,3847.0000,3846.0000,3852.0000,3852.4000,3852.8000,3853.2000,3853.8000,1,1,2,1,1,2,1,1,1,1
SF,IF2006,2019-11-28 09:34:26.300,3850.8000,3557,0,19645620.000,0,-,-,-,-,3850.0000,3849.0000,3848.0000,3847.0000,3846.0000,3851.8000,3852.0000,3852.4000,3852.8000,3853.2000,1,1,2,1,1,1,2,1,1,1
SF,IF2006,2019-11-28 09:34:28.300,3850.8000,3557,0,19645620.000,0,-,-,-,-,3850.0000,3849.0000,3848.0000,3847.0000,3846.0000,3851.6000,3851.8000,3852.0000,3852.4000,3852.8000,1,1,2,1,1,1,1,2,1,1
SF,IF2006,2019-11-28 09:34:29.800,3850.8000,3557,0,19645620.000,0,-,-,-,-,3849.0000,3848.0000,3847.0000,3846.0000,3845.0000,3851.6000,3851.8000,3852.0000,3852.4000,3852.8000,1,2,1,1,1,1,1,2,1,1
SF,IF2006,2019-11-28 09:34:30.300,3850.8000,3557,0,19645620.000,0,-,-,-,-,3849.4000,3849.2000,3849.0000,3848.0000,3847.0000,3851.6000,3851.8000,3852.0000,3852.4000,3852.8000,1,1,1,2,1,1,1,2,1,1
SF,IF2006,2019-11-28 09:34:30.800,3850.8000,3557,0,19645620.000,0,-,-,-,-,3849.6000,3849.4000,3849.0000,3848.0000,3847.0000,3852.0000,3852.4000,3852.8000,3853.2000,3856.8000,2,1,1,2,1,2,1,1,1,1
SF,IF2006,2019-11-28 09:34:31.300,3850.8000,3557,0,19645620.000,0,-,-,-,-,3850.2000,3849.6000,3849.4000,3849.0000,3848.0000,3852.0000,3852.4000,3852.8000,3853.2000,3856.8000,1,2,1,1,2,2,1,1,1,1
SF,IF2006,2019-11-28 09:34:31.800,3850.8000,3557,0,19645620.000,0,-,-,-,-,3850.2000,3849.6000,3849.4000,3849.0000,3848.0000,3852.0000,3852.4000,3852.8000,3853.2000,3856.8000,1,1,1,1,2,2,1,1,1,1
SF,IF2006,2019-11-28 09:34:32.300,3850.8000,3557,0,19645620.000,0,-,-,-,-,3849.6000,3849.4000,3849.0000,3848.0000,3847.0000,3851.8000,3852.0000,3852.4000,3852.8000,3853.2000,1,1,1,2,1,1,2,1,1,1
SF,IF2006,2019-11-28 09:34:32.800,3850.8000,3557,0,19645620.000,0,-,-,-,-,3850.0000,3849.6000,3849.4000,3849.0000,3848.0000,3851.8000,3852.0000,3852.4000,3852.8000,3853.2000,1,1,1,1,2,1,2,1,1,1
SF,IF2006,2019-11-28 09:34:40.300,3850.8000,3557,0,19645620.000,0,-,-,-,-,3850.2000,3850.0000,3849.6000,3849.4000,3849.0000,3851.8000,3852.0000,3852.4000,3852.8000,3853.2000,1,1,1,1,1,1,1,1,1,1
SF,IF2006,2019-11-28 09:34:40.800,3850.8000,3557,0,19645620.000,0,-,-,-,-,3850.2000,3850.0000,3849.6000,3849.4000,3849.0000,3852.4000,3852.8000,3853.2000,3856.8000,3857.0000,1,1,1,1,1,1,1,1,1,1
SF,IF2006,2019-11-28 09:34:41.300,3850.8000,3557,0,19645620.000,0,-,-,-,-,3850.4000,3850.2000,3850.0000,3849.6000,3849.4000,3852.4000,3852.8000,3853.2000,3856.8000,3857.0000,1,1,1,1,1,1,1,1,1,1
SF,IF2006,2019-11-28 09:34:41.800,3850.8000,3557,0,19645620.000,0,-,-,-,-,3850.4000,3850.2000,3849.6000,3849.4000,3849.0000,3852.4000,3852.8000,3853.2000,3856.8000,3857.0000,1,1,1,1,1,1,1,1,1,1
SF,IF2006,2019-11-28 09:34:42.300,3850.8000,3557,0,19645620.000,0,-,-,-,-,3850.6000,3850.4000,3850.2000,3849.6000,3849.4000,3852.4000,3852.8000,3853.2000,3856.8000,3857.0000,1,1,1,1,1,1,1,1,1,1
SF,IF2006,2019-11-28 09:34:43.300,3850.6000,3556,-1,20800800.000,1,0,1,双平,S,3850.4000,3850.2000,3849.6000,3849.4000,3849.0000,3852.4000,3852.8000,3853.2000,3856.8000,3857.0000,1,1,1,1,1,1,1,1,1,1
SF,IF2006,2019-11-28 09:34:44.300,3850.6000,3556,0,20800800.000,0,-,-,-,-,3850.6000,3850.4000,3850.2000,3849.6000,3849.4000,3852.4000,3852.8000,3853.2000,3856.8000,3857.0000,1,1,1,1,1,1,1,1,1,1
SF,IF2006,2019-11-28 09:34:44.800,3850.6000,3556,0,20800800.000,0,-,-,-,-,3850.8000,3850.6000,3850.4000,3850.2000,3849.6000,3852.8000,3853.2000,3856.8000,3857.0000,3858.0000,1,1,1,1,1,1,1,1,1,1
SF,IF2006,2019-11-28 09:34:45.800,3850.6000,3556,0,20800800.000,0,-,-,-,-,3851.0000,3850.8000,3850.6000,3850.2000,3849.6000,3852.8000,3853.2000,3856.8000,3857.0000,3858.0000,1,1,1,1,1,1,1,1,1,1
SF,IF2006,2019-11-28 09:34:46.300,3850.6000,3556,0,20800800.000,0,-,-,-,-,3851.0000,3850.6000,3850.2000,3849.6000,3849.4000,3852.8000,3853.2000,3856.8000,3857.0000,3858.0000,1,1,1,1,1,1,1,1,1,1
SF,IF2006,2019-11-28 09:34:49.800,3850.6000,3556,0,20800800.000,0,-,-,-,-,3850.6000,3850.2000,3849.6000,3849.4000,3849.0000,3852.8000,3853.2000,3856.8000,3857.0000,3858.0000,1,1,1,1,1,1,1,1,1,1
SF,IF2006,2019-11-28 09:34:52.300,3850.6000,3556,0,20800800.000,0,-,-,-,-,3850.2000,3849.6000,3849.4000,3849.0000,3848.0000,3852.8000,3853.2000,3856.8000,3857.0000,3858.0000,1,1,1,1,2,1,1,1,1,1
SF,IF2006,2019-11-28 09:34:52.800,3850.6000,3556,0,20800800.000,0,-,-,-,-,3850.2000,3849.6000,3849.4000,3849.0000,3848.0000,3852.4000,3852.6000,3852.8000,3853.2000,3856.8000,1,1,1,1,2,1,1,1,1,1
SF,IF2006,2019-11-28 09:34:53.300,3850.6000,3556,0,20800800.000,0,-,-,-,-,3850.2000,3849.6000,3849.4000,3849.0000,3848.0000,3852.4000,3852.8000,3853.2000,3856.8000,3857.0000,1,1,1,1,2,1,1,1,1,1
SF,IF2006,2019-11-28 09:34:53.800,3850.6000,3556,0,20800800.000,0,-,-,-,-,3850.4000,3850.2000,3849.6000,3849.4000,3849.0000,3852.4000,3852.8000,3853.2000,3856.8000,3857.0000,1,1,1,1,1,1,1,1,1,1
SF,IF2006,2019-11-28 09:34:57.300,3850.6000,3556,0,20800800.000,0,-,-,-,-,3850.6000,3850.4000,3850.2000,3849.6000,3849.4000,3852.4000,3852.8000,3853.2000,3856.8000,3857.0000,1,1,1,1,1,1,1,1,1,1
SF,IF2006,2019-11-28 09:34:57.800,3850.6000,3556,0,20800800.000,0,-,-,-,-,3850.6000,3850.4000,3850.2000,3849.6000,3849.4000,3852.4000,3852.8000,3853.2000,3856.8000,3857.0000,2,1,1,1,1,1,1,1,1,1
SF,IF2006,2019-11-28 09:34:58.300,3850.6000,3556,0,20800800.000,0,-,-,-,-,3850.8000,3850.6000,3850.4000,3850.2000,3849.6000,3852.4000,3852.8000,3853.2000,3856.8000,3857.0000,1,1,1,1,1,1,1,1,1,1
SF,IF2006,2019-11-28 09:34:58.800,3850.6000,3556,0,20800800.000,0,-,-,-,-,3850.8000,3850.4000,3850.2000,3849.6000,3849.4000,3852.4000,3852.8000,3853.2000,3856.8000,3857.0000,1,1,1,1,1,1,1,1,1,1
SF,IF2006,2019-11-28 09:35:01.800,3850.6000,3556,0,20800800.000,0,-,-,-,-,3850.2000,3849.6000,3849.4000,3849.0000,3848.0000,3852.4000,3852.8000,3853.2000,3856.8000,3857.0000,1,1,1,1,2,1,1,1,1,1
SF,IF2006,2019-11-28 09:35:02.300,3850.6000,3556,0,20800800.000,0,-,-,-,-,3850.2000,3849.6000,3849.4000,3849.0000,3848.0000,3852.2000,3852.4000,3852.8000,3853.2000,3856.8000,1,1,1,1,2,1,1,1,1,1
SF,IF2006,2019-11-28 09:35:02.800,3850.6000,3556,0,20800800.000,0,-,-,-,-,3849.6000,3849.4000,3849.0000,3848.0000,3847.0000,3852.2000,3852.4000,3852.8000,3853.2000,3856.8000,1,1,1,2,1,2,1,1,1,1
SF,IF2006,2019-11-28 09:35:03.300,3850.6000,3556,0,20800800.000,0,-,-,-,-,3849.6000,3849.4000,3849.0000,3848.0000,3847.0000,3852.0000,3852.2000,3852.8000,3853.2000,3856.8000,1,1,1,2,1,1,2,1,1,1
SF,IF2006,2019-11-28 09:35:03.800,3850.6000,3556,0,20800800.000,0,-,-,-,-,3849.8000,3849.6000,3849.4000,3849.0000,3848.0000,3851.8000,3852.0000,3852.2000,3852.8000,3853.2000,1,1,1,1,2,1,1,1,1,1
SF,IF2006,2019-11-28 09:35:04.300,3850.6000,3556,0,20800800.000,0,-,-,-,-,3850.0000,3849.8000,3849.6000,3849.4000,3849.0000,3852.0000,3852.2000,3852.8000,3853.2000,3856.8000,1,2,1,1,1,1,1,1,1,1
SF,IF2006,2019-11-28 09:35:04.800,3850.6000,3556,0,20800800.000,0,-,-,-,-,3850.2000,3850.0000,3849.8000,3849.6000,3849.4000,3852.0000,3852.2000,3852.8000,3853.2000,3856.8000,1,1,1,1,1,1,1,1,1,1
SF,IF2006,2019-11-28 09:35:05.300,3850.6000,3556,0,20800800.000,0,-,-,-,-,3850.6000,3850.4000,3850.2000,3850.0000,3849.8000,3852.0000,3852.8000,3853.2000,3856.8000,3857.0000,1,1,1,1,1,1,1,1,1,1
SF,IF2006,2019-11-28 09:35:05.800,3850.6000,3556,0,20800800.000,0,-,-,-,-,3850.6000,3850.4000,3850.0000,3849.8000,3849.6000,3852.8000,3853.2000,3856.8000,3857.0000,3858.0000,1,1,1,1,1,1,1,1,1,1
SF,IF2006,2019-11-28 09:35:06.300,3850.6000,3556,0,20800800.000,0,-,-,-,-,3852.0000,3850.8000,3850.6000,3850.4000,3850.0000,3852.6000,3852.8000,3853.2000,3856.8000,3857.0000,1,1,1,1,1,1,1,1,1,1
SF,IF2006,2019-11-28 09:35:06.800,3852.0000,3555,-1,21956400.000,1,0,1,双平,S,3851.0000,3850.8000,3850.4000,3850.0000,3849.8000,3852.6000,3852.8000,3853.2000,3856.8000,3857.0000,1,1,1,1,1,1,1,1,1,1
SF,IF2006,2019-11-28 09:35:07.300,3852.0000,3555,0,21956400.000,0,-,-,-,-,3851.0000,3850.8000,3850.4000,3850.0000,3849.8000,3852.8000,3853.2000,3856.8000,3857.0000,3858.0000,1,1,1,1,1,1,1,1,1,1
SF,IF2006,2019-11-28 09:35:14.300,3852.0000,3555,0,21956400.000,0,-,-,-,-,3851.2000,3851.0000,3850.8000,3850.4000,3850.0000,3852.8000,3853.2000,3856.8000,3857.0000,3858.0000,1,1,1,1,1,1,1,1,1,1
SF,IF2006,2019-11-28 09:35:14.800,3852.0000,3555,0,21956400.000,0,-,-,-,-,3851.2000,3851.0000,3850.8000,3850.4000,3849.4000,3853.2000,3856.8000,3857.0000,3858.0000,3859.8000,2,1,1,1,1,1,1,1,1,5
SF,IF2006,2019-11-28 09:35:17.300,3852.0000,3555,0,21956400.000,0,-,-,-,-,3851.6000,3851.2000,3850.8000,3850.4000,3849.4000,3856.8000,3857.0000,3858.0000,3859.8000,3861.6000,1,2,1,1,1,1,1,1,5,3
SF,IF2006,2019-11-28 09:35:17.800,3852.0000,3555,0,21956400.000,0,-,-,-,-,3851.6000,3851.2000,3850.8000,3850.4000,3849.4000,3854.6000,3854.8000,3855.2000,3856.6000,3856.8000,1,2,1,1,1,1,1,3,1,1
SF,IF2006,2019-11-28 09:35:18.300,3852.0000,3555,0,21956400.000,0,-,-,-,-,3851.6000,3851.2000,3850.8000,3850.4000,3849.4000,3854.4000,3854.6000,3854.8000,3856.6000,3856.8000,1,2,1,1,1,2,1,1,1,1
SF,IF2006,2019-11-28 09:35:18.800,3852.0000,3555,0,21956400.000,0,-,-,-,-,3851.6000,3851.2000,3850.8000,3850.4000,3849.4000,3854.4000,3854.8000,3856.6000,3856.8000,3857.0000,1,2,1,1,1,2,1,1,1,2
SF,IF2006,2019-11-28 09:35:19.300,3852.0000,3555,0,21956400.000,0,-,-,-,-,3851.8000,3851.6000,3851.2000,3850.8000,3849.4000,3854.0000,3854.4000,3854.8000,3856.6000,3856.8000,2,1,2,1,1,1,2,1,1,1
SF,IF2006,2019-11-28 09:35:19.800,3852.0000,3555,0,21956400.000,0,-,-,-,-,3851.8000,3851.6000,3851.2000,3850.8000,3849.4000,3854.0000,3854.4000,3856.6000,3856.8000,3857.0000,2,1,2,1,1,1,1,1,1,2
SF,IF2006,2019-11-28 09:35:20.300,3852.0000,3555,0,21956400.000,0,-,-,-,-,3852.0000,3851.8000,3851.6000,3851.2000,3850.8000,3854.0000,3854.4000,3856.6000,3856.8000,3857.0000,1,2,1,1,1,1,1,1,1,2
SF,IF2006,2019-11-28 09:35:20.800,3852.0000,3555,0,21956400.000,0,-,-,-,-,3852.2000,3852.0000,3851.8000,3851.6000,3851.2000,3854.4000,3856.6000,3856.8000,3857.0000,3858.0000,1,1,1,1,1,1,1,1,2,1
SF,IF2006,2019-11-28 09:35:21.300,3852.0000,3555,0,21956400.000,0,-,-,-,-,3852.2000,3852.0000,3851.8000,3851.2000,3849.4000,3854.2000,3854.4000,3856.6000,3856.8000,3857.0000,2,1,1,1,1,1,1,1,1,2
SF,IF2006,2019-11-28 09:35:22.800,3852.0000,3555,0,21956400.000,0,-,-,-,-,3852.2000,3852.0000,3851.8000,3851.2000,3849.4000,3854.2000,3854.4000,3856.6000,3856.8000,3857.0000,1,1,1,1,1,1,1,1,1,2
SF,IF2006,2019-11-28 09:35:23.300,3852.0000,3555,0,21956400.000,0,-,-,-,-,3852.0000,3851.8000,3851.2000,3849.4000,3849.0000,3854.2000,3854.4000,3856.6000,3856.8000,3857.0000,1,1,1,1,1,1,1,1,1,2
SF,IF2006,2019-11-28 09:35:23.800,3852.0000,3555,0,21956400.000,0,-,-,-,-,3852.2000,3852.0000,3851.8000,3851.2000,3849.4000,3854.2000,3854.4000,3856.6000,3856.8000,3857.0000,1,1,1,1,1,1,1,1,1,2
SF,IF2006,2019-11-28 09:35:24.300,3852.0000,3555,0,21956400.000,0,-,-,-,-,3852.0000,3851.8000,3851.2000,3849.4000,3849.0000,3854.0000,3854.2000,3854.4000,3856.6000,3856.8000,1,1,1,1,1,1,1,1,1,1
SF,IF2006,2019-11-28 09:35:24.800,3852.0000,3555,0,21956400.000,0,-,-,-,-,3851.8000,3851.2000,3849.4000,3849.0000,3848.0000,3854.0000,3854.2000,3854.4000,3856.6000,3856.8000,1,1,1,1,2,1,1,1,1,1
SF,IF2006,2019-11-28 09:35:27.800,3852.0000,3555,0,21956400.000,0,-,-,-,-,3852.0000,3851.8000,3851.2000,3849.4000,3849.0000,3854.0000,3854.2000,3854.4000,3856.6000,3856.8000,1,1,1,1,1,1,1,1,1,1
SF,IF2006,2019-11-28 09:35:28.800,3854.0000,3554,-1,23112600.000,1,0,1,双平,S,3851.6000,3851.2000,3849.4000,3849.0000,3848.0000,3854.2000,3854.4000,3855.8000,3856.6000,3856.8000,1,1,1,1,2,1,1,1,1,1
SF,IF2006,2019-11-28 09:35:29.300,3854.0000,3554,0,23112600.000,0,-,-,-,-,3852.2000,3851.6000,3851.2000,3849.4000,3849.0000,3854.0000,3854.2000,3854.4000,3856.6000,3856.8000,1,1,1,1,1,1,1,1,1,1
SF,IF2006,2019-11-28 09:35:29.800,3854.0000,3554,0,23112600.000,0,-,-,-,-,3852.4000,3852.2000,3851.2000,3849.4000,3849.0000,3854.0000,3854.2000,3854.4000,3856.6000,3856.8000,2,1,1,1,1,1,1,1,1,1
SF,IF2006,2019-11-28 09:35:30.300,3854.0000,3554,0,23112600.000,0,-,-,-,-,3852.4000,3852.2000,3851.2000,3849.4000,3849.0000,3854.2000,3854.4000,3856.6000,3856.8000,3857.0000,2,1,1,1,1,1,1,1,1,2
SF,IF2006,2019-11-28 09:35:30.800,3854.0000,3554,0,23112600.000,0,-,-,-,-,3852.6000,3852.4000,3852.2000,3851.2000,3849.4000,3854.4000,3856.6000,3856.8000,3857.0000,3858.0000,1,2,1,1,1,1,1,1,1,1
SF,IF2006,2019-11-28 09:35:31.300,3854.0000,3554,0,23112600.000,0,-,-,-,-,3852.8000,3852.6000,3852.2000,3851.2000,3849.4000,3854.4000,3856.6000,3856.8000,3857.0000,3858.0000,1,1,1,1,1,1,1,1,1,1
SF,IF2006,2019-11-28 09:35:32.800,3854.0000,3554,0,23112600.000,0,-,-,-,-,3852.8000,3852.2000,3851.2000,3849.4000,3849.0000,3854.4000,3856.6000,3856.8000,3857.0000,3858.0000,1,1,1,1,1,1,1,1,1,1
SF,IF2006,2019-11-28 09:35:33.300,3854.0000,3554,0,23112600.000,0,-,-,-,-,3851.2000,3849.4000,3849.0000,3848.0000,3847.0000,3854.0000,3854.4000,3856.6000,3856.8000,3857.0000,1,1,1,2,1,1,1,1,1,1
SF,IF2006,2019-11-28 09:35:33.800,3854.0000,3554,0,23112600.000,0,-,-,-,-,3851.4000,3851.2000,3849.4000,3849.0000,3848.0000,3854.0000,3854.4000,3856.6000,3856.8000,3857.0000,2,1,1,1,2,1,1,1,1,1
SF,IF2006,2019-11-28 09:35:35.800,3854.0000,3554,0,23112600.000,0,-,-,-,-,3851.4000,3851.2000,3849.4000,3849.0000,3848.0000,3854.0000,3854.4000,3856.6000,3856.8000,3857.0000,2,1,1,1,2,2,1,1,1,1
SF,IF2006,2019-11-28 09:35:36.300,3854.0000,3554,0,23112600.000,0,-,-,-,-,3851.6000,3851.4000,3851.2000,3849.4000,3849.0000,3854.0000,3854.4000,3856.6000,3856.8000,3857.0000,1,2,1,1,1,2,1,1,1,1
SF,IF2006,2019-11-28 09:35:36.800,3854.0000,3554,0,23112600.000,0,-,-,-,-,3851.8000,3851.6000,3851.2000,3849.4000,3849.0000,3854.0000,3854.4000,3856.6000,3856.8000,3857.0000,1,1,1,1,1,2,1,1,1,1
SF,IF2006,2019-11-28 09:35:40.800,3854.0000,3554,0,23112600.000,0,-,-,-,-,3852.0000,3851.8000,3851.6000,3851.2000,3849.4000,3854.0000,3854.4000,3856.6000,3856.8000,3857.0000,1,1,1,1,1,2,1,1,1,1
SF,IF2006,2019-11-28 09:35:41.300,3854.0000,3554,0,23112600.000,0,-,-,-,-,3852.2000,3851.6000,3851.2000,3849.4000,3849.0000,3853.8000,3854.0000,3854.4000,3856.6000,3856.8000,1,1,1,1,1,1,2,1,1,1
SF,IF2006,2019-11-28 09:35:50.300,3854.0000,3554,0,23112600.000,0,-,-,-,-,3852.2000,3851.2000,3849.4000,3849.0000,3848.0000,3853.8000,3854.0000,3854.4000,3856.6000,3856.8000,1,1,1,1,2,1,2,1,1,1
SF,IF2006,2019-11-28 09:36:02.800,3854.0000,3554,0,23112600.000,0,-,-,-,-,3852.2000,3851.2000,3849.4000,3849.0000,3848.0000,3853.8000,3854.0000,3854.4000,3856.6000,3856.8000,1,1,1,1,2,1,1,1,1,1
SF,IF2006,2019-11-28 09:36:04.300,3853.8000,3552,-2,25424400.000,2,0,2,双平,S,3851.2000,3849.4000,3849.0000,3848.0000,3847.0000,3854.0000,3854.4000,3855.2000,3856.6000,3856.8000,2,1,1,2,1,1,1,1,1,1
SF,IF2006,2019-11-28 09:36:04.800,3853.8000,3552,0,25424400.000,0,-,-,-,-,3851.4000,3851.2000,3849.4000,3849.0000,3848.0000,3854.0000,3854.4000,3856.6000,3856.8000,3857.0000,1,1,1,1,2,1,1,1,1,1
SF,IF2006,2019-11-28 09:36:05.300,3853.8000,3552,0,25424400.000,0,-,-,-,-,3851.6000,3851.4000,3851.2000,3849.4000,3849.0000,3854.0000,3854.4000,3856.6000,3856.8000,3857.0000,1,1,1,1,1,1,1,1,1,1
SF,IF2006,2019-11-28 09:36:05.800,3853.8000,3552,0,25424400.000,0,-,-,-,-,3851.8000,3851.6000,3851.2000,3849.4000,3849.0000,3854.0000,3854.4000,3856.6000,3856.8000,3857.0000,1,1,1,1,1,1,1,1,1,1
SF,IF2006,2019-11-28 09:36:06.300,3853.8000,3552,0,25424400.000,0,-,-,-,-,3852.2000,3852.0000,3851.8000,3851.6000,3851.2000,3854.0000,3854.4000,3856.6000,3856.8000,3857.0000,1,1,1,1,1,1,1,1,1,1
SF,IF2006,2019-11-28 09:36:06.800,3853.8000,3552,0,25424400.000,0,-,-,-,-,3852.2000,3852.0000,3851.6000,3851.2000,3849.4000,3854.0000,3854.4000,3856.6000,3856.8000,3857.0000,1,1,1,1,1,1,1,1,1,1
SF,IF2006,2019-11-28 09:36:07.800,3853.8000,3552,0,25424400.000,0,-,-,-,-,3852.2000,3851.6000,3851.2000,3849.4000,3849.0000,3854.0000,3854.4000,3856.6000,3856.8000,3857.0000,1,1,1,1,1,1,1,1,1,1
SF,IF2006,2019-11-28 09:36:10.800,3854.0000,3552,0,26580600.000,1,0,1,多换,S,3852.2000,3851.6000,3851.2000,3849.4000,3849.0000,3854.4000,3856.6000,3856.8000,3857.0000,3858.0000,1,1,1,1,1,1,1,1,1,1
SF,IF2006,2019-11-28 09:36:11.300,3854.0000,3552,0,26580600.000,0,-,-,-,-,3852.2000,3851.6000,3851.2000,3849.4000,3849.0000,3854.0000,3854.4000,3856.6000,3856.8000,3857.0000,1,1,1,1,1,1,1,1,1,1
SF,IF2006,2019-11-28 09:36:11.800,3854.0000,3552,0,26580600.000,0,-,-,-,-,3853.8000,3852.2000,3851.6000,3851.2000,3849.4000,3854.0000,3854.4000,3856.6000,3856.8000,3857.0000,1,1,1,1,1,1,1,1,1,1
SF,IF2006,2019-11-28 09:36:12.300,3853.8000,3551,-1,27736740.000,1,0,1,双平,S,3852.2000,3851.6000,3851.2000,3849.4000,3849.0000,3853.8000,3854.0000,3854.4000,3856.6000,3856.8000,1,1,1,1,1,3,1,1,1,1
SF,IF2006,2019-11-28 09:36:12.800,3853.8000,3551,0,27736740.000,0,-,-,-,-,3852.2000,3851.6000,3851.2000,3849.4000,3849.0000,3853.8000,3854.4000,3856.6000,3856.8000,3857.0000,1,1,1,1,1,3,1,1,1,1
SF,IF2006,2019-11-28 09:36:13.300,3853.8000,3551,0,27736740.000,0,-,-,-,-,3852.2000,3851.6000,3851.2000,3849.4000,3849.0000,3853.6000,3853.8000,3854.4000,3856.6000,3856.8000,1,1,1,1,1,1,2,1,1,1
SF,IF2006,2019-11-28 09:36:13.800,3853.8000,3551,0,27736740.000,0,-,-,-,-,3852.2000,3851.2000,3849.4000,3849.0000,3848.0000,3853.6000,3853.8000,3854.4000,3856.6000,3856.8000,1,1,1,1,2,2,2,1,1,1
SF,IF2006,2019-11-28 09:36:14.300,3853.8000,3551,0,27736740.000,0,-,-,-,-,3852.2000,3851.2000,3849.4000,3849.0000,3848.0000,3853.6000,3853.8000,3854.4000,3856.6000,3856.8000,1,1,1,1,2,2,1,1,1,1
SF,IF2006,2019-11-28 09:36:14.800,3853.8000,3551,0,27736740.000,0,-,-,-,-,3851.2000,3849.4000,3849.0000,3848.0000,3847.0000,3853.2000,3853.6000,3853.8000,3854.4000,3856.6000,1,1,1,2,1,1,2,1,1,1
SF,IF2006,2019-11-28 09:36:15.300,3853.8000,3551,0,27736740.000,0,-,-,-,-,3851.4000,3851.2000,3849.4000,3849.0000,3848.0000,3853.6000,3853.8000,3854.4000,3856.6000,3856.8000,1,1,1,1,2,2,1,1,1,1
SF,IF2006,2019-11-28 09:36:16.300,3853.8000,3551,0,27736740.000,0,-,-,-,-,3851.4000,3849.4000,3849.0000,3848.0000,3847.0000,3853.6000,3853.8000,3854.4000,3856.6000,3856.8000,1,1,1,2,1,2,1,1,1,1
SF,IF2006,2019-11-28 09:36:21.800,3853.8000,3551,0,27736740.000,0,-,-,-,-,3851.4000,3849.4000,3849.0000,3848.0000,3847.0000,3853.4000,3853.6000,3853.8000,3854.4000,3856.6000,1,1,1,2,1,1,2,1,1,1
SF,IF2006,2019-11-28 09:36:22.300,3853.8000,3551,0,27736740.000,0,-,-,-,-,3849.4000,3849.0000,3848.0000,3847.0000,3846.0000,3853.0000,3853.2000,3853.4000,3853.6000,3854.4000,1,1,2,1,1,1,1,1,2,1
SF,IF2006,2019-11-28 09:36:22.800,3853.8000,3551,0,27736740.000,0,-,-,-,-,3849.6000,3849.4000,3849.0000,3848.0000,3847.0000,3853.0000,3853.2000,3853.4000,3853.6000,3854.4000,4,1,1,2,1,1,1,1,2,1
SF,IF2006,2019-11-28 09:36:23.300,3853.8000,3551,0,27736740.000,0,-,-,-,-,3850.6000,3849.8000,3849.6000,3849.4000,3849.0000,3853.0000,3853.2000,3853.4000,3853.6000,3854.4000,1,1,4,1,1,1,1,1,2,1
SF,IF2006,2019-11-28 09:36:23.800,3853.8000,3551,0,27736740.000,0,-,-,-,-,3850.8000,3850.6000,3849.8000,3849.6000,3849.4000,3853.0000,3853.2000,3853.4000,3853.6000,3854.4000,2,1,1,2,1,1,1,1,2,1
SF,IF2006,2019-11-28 09:36:24.300,3853.8000,3551,0,27736740.000,0,-,-,-,-,3850.8000,3850.6000,3849.8000,3849.4000,3849.0000,3853.0000,3853.2000,3853.4000,3853.6000,3854.4000,2,1,1,1,1,1,1,1,2,1
SF,IF2006,2019-11-28 09:36:24.800,3853.8000,3551,0,27736740.000,0,-,-,-,-,3850.8000,3849.8000,3849.4000,3849.0000,3848.0000,3853.0000,3853.2000,3853.4000,3853.6000,3854.4000,2,1,1,1,2,1,1,1,1,1
SF,IF2006,2019-11-28 09:36:25.300,3853.8000,3551,0,27736740.000,0,-,-,-,-,3851.0000,3850.8000,3849.8000,3849.4000,3849.0000,3852.8000,3853.0000,3853.2000,3853.4000,3853.6000,1,2,1,1,1,1,1,1,1,1
SF,IF2006,2019-11-28 09:36:25.800,3853.8000,3551,0,27736740.000,0,-,-,-,-,3851.0000,3849.8000,3849.4000,3849.0000,3848.0000,3852.8000,3853.0000,3853.2000,3853.4000,3853.6000,1,1,1,1,2,1,1,1,1,1
SF,IF2006,2019-11-28 09:36:26.300,3853.8000,3551,0,27736740.000,0,-,-,-,-,3849.8000,3849.4000,3849.0000,3848.0000,3847.0000,3852.8000,3853.0000,3853.2000,3853.4000,3853.6000,1,1,1,2,1,1,1,1,2,1
SF,IF2006,2019-11-28 09:36:26.800,3853.8000,3551,0,27736740.000,0,-,-,-,-,3850.0000,3849.8000,3849.4000,3849.0000,3848.0000,3852.8000,3853.0000,3853.2000,3853.4000,3853.6000,1,1,1,1,2,1,1,1,2,1
SF,IF2006,2019-11-28 09:36:27.300,3853.8000,3551,0,27736740.000,0,-,-,-,-,3850.2000,3850.0000,3849.8000,3849.4000,3849.0000,3852.8000,3853.0000,3853.2000,3853.4000,3853.6000,1,1,1,1,1,1,1,1,2,1
SF,IF2006,2019-11-28 09:36:27.800,3853.8000,3551,0,27736740.000,0,-,-,-,-,3850.4000,3850.2000,3849.8000,3849.4000,3849.0000,3852.8000,3853.0000,3853.2000,3853.4000,3853.6000,1,1,1,1,1,1,1,1,2,1
SF,IF2006,2019-11-28 09:36:28.300,3853.8000,3551,0,27736740.000,0,-,-,-,-,3850.4000,3850.2000,3849.8000,3849.4000,3849.0000,3852.8000,3853.0000,3853.2000,3853.4000,3853.6000,2,1,1,1,1,1,1,1,2,1
SF,IF2006,2019-11-28 09:36:30.300,3853.8000,3551,0,27736740.000,0,-,-,-,-,3850.4000,3850.2000,3849.8000,3849.4000,3849.0000,3852.8000,3853.0000,3853.2000,3853.4000,3853.6000,2,1,1,1,1,1,1,1,2,1
SF,IF2006,2019-11-28 09:36:32.800,3853.8000,3551,0,27736740.000,0,-,-,-,-,3850.6000,3850.4000,3850.2000,3849.8000,3849.4000,3852.8000,3853.0000,3853.2000,3853.4000,3853.6000,1,2,1,1,1,1,1,1,2,1
SF,IF2006,2019-11-28 09:36:33.300,3853.8000,3551,0,27736740.000,0,-,-,-,-,3850.4000,3850.2000,3849.8000,3849.4000,3849.0000,3852.8000,3853.0000,3853.2000,3853.4000,3853.6000,1,1,1,1,1,1,1,1,2,1
SF,IF2006,2019-11-28 09:36:33.800,3853.8000,3551,0,27736740.000,0,-,-,-,-,3850.4000,3850.2000,3849.8000,3849.4000,3849.0000,3852.6000,3852.8000,3853.0000,3853.2000,3853.4000,1,1,1,1,1,1,1,1,1,2
SF,IF2006,2019-11-28 09:36:37.300,3853.8000,3551,0,27736740.000,0,-,-,-,-,3850.6000,3850.4000,3850.2000,3849.8000,3849.4000,3852.6000,3852.8000,3853.0000,3853.2000,3853.4000,1,1,1,1,1,1,1,1,1,2
SF,IF2006,2019-11-28 09:36:40.800,3853.8000,3551,0,27736740.000,0,-,-,-,-,3850.6000,3850.2000,3849.8000,3849.4000,3849.0000,3852.6000,3852.8000,3853.0000,3853.2000,3853.4000,1,1,1,1,1,1,1,1,1,2
SF,IF2006,2019-11-28 09:36:41.300,3853.8000,3551,0,27736740.000,0,-,-,-,-,3850.8000,3850.6000,3850.2000,3849.8000,3849.4000,3852.8000,3853.0000,3853.2000,3853.4000,3853.6000,1,1,1,1,1,1,1,1,2,1
SF,IF2006,2019-11-28 09:36:42.800,3853.8000,3551,0,27736740.000,0,-,-,-,-,3851.0000,3850.8000,3850.6000,3850.2000,3849.4000,3852.8000,3853.0000,3853.2000,3853.4000,3853.6000,1,1,1,1,1,1,1,1,2,1
SF,IF2006,2019-11-28 09:36:43.300,3853.8000,3551,0,27736740.000,0,-,-,-,-,3850.8000,3850.6000,3850.2000,3849.4000,3849.0000,3852.8000,3853.0000,3853.2000,3853.4000,3853.6000,1,1,1,1,1,1,1,1,2,1
SF,IF2006,2019-11-28 09:36:44.800,3853.8000,3551,0,27736740.000,0,-,-,-,-,3850.8000,3850.2000,3849.4000,3849.0000,3848.0000,3852.8000,3853.0000,3853.2000,3853.4000,3853.6000,1,1,1,1,2,1,1,1,2,1
SF,IF2006,2019-11-28 09:36:51.300,3853.8000,3551,0,27736740.000,0,-,-,-,-,3851.0000,3850.8000,3850.2000,3849.4000,3849.0000,3852.8000,3853.0000,3853.2000,3853.4000,3853.6000,1,1,1,1,1,1,1,1,2,1
SF,IF2006,2019-11-28 09:36:51.800,3853.8000,3551,0,27736740.000,0,-,-,-,-,3850.8000,3850.2000,3849.4000,3849.0000,3848.0000,3852.8000,3853.0000,3853.2000,3853.4000,3853.6000,1,1,1,1,2,1,1,1,2,1
SF,IF2006,2019-11-28 09:36:54.300,3853.8000,3551,0,27736740.000,0,-,-,-,-,3851.0000,3850.8000,3850.2000,3849.4000,3849.0000,3852.8000,3853.0000,3853.2000,3853.4000,3853.6000,1,1,1,1,1,1,1,1,2,1
SF,IF2006,2019-11-28 09:36:54.800,3853.8000,3551,0,27736740.000,0,-,-,-,-,3851.0000,3850.8000,3850.2000,3849.4000,3849.0000,3853.0000,3853.2000,3853.4000,3853.6000,3854.4000,1,1,1,1,1,1,1,2,1,1
SF,IF2006,2019-11-28 09:36:55.300,3853.8000,3551,0,27736740.000,0,-,-,-,-,3851.2000,3851.0000,3850.8000,3850.2000,3849.4000,3853.0000,3853.2000,3853.4000,3853.6000,3854.4000,1,1,1,1,1,1,1,1,1,1
SF,IF2006,2019-11-28 09:36:55.800,3853.8000,3551,0,27736740.000,0,-,-,-,-,3851.2000,3850.8000,3850.2000,3849.4000,3849.0000,3853.0000,3853.2000,3853.4000,3853.6000,3854.4000,1,1,1,1,1,1,1,1,1,1
SF,IF2006,2019-11-28 09:36:56.300,3853.8000,3551,0,27736740.000,0,-,-,-,-,3851.2000,3850.8000,3850.2000,3849.4000,3849.0000,3853.0000,3853.2000,3853.4000,3853.6000,3854.4000,1,1,1,1,1,1,1,1,1,1
SF,IF2006,2019-11-28 09:36:56.800,3853.8000,3551,0,27736740.000,0,-,-,-,-,3850.8000,3850.2000,3849.4000,3849.0000,3848.0000,3852.8000,3853.0000,3853.2000,3853.4000,3853.6000,1,1,1,1,2,1,1,1,1,1
SF,IF2006,2019-11-28 09:36:57.300,3853.8000,3551,0,27736740.000,0,-,-,-,-,3850.8000,3850.2000,3850.0000,3849.4000,3849.0000,3852.8000,3853.0000,3853.2000,3853.4000,3853.6000,1,1,1,1,1,1,1,1,1,1
SF,IF2006,2019-11-28 09:36:58.800,3853.8000,3551,0,27736740.000,0,-,-,-,-,3851.0000,3850.8000,3850.2000,3850.0000,3849.4000,3852.8000,3853.0000,3853.2000,3853.4000,3853.6000,1,1,1,1,1,1,1,1,1,1
SF,IF2006,2019-11-28 09:36:59.300,3853.8000,3551,0,27736740.000,0,-,-,-,-,3851.0000,3850.8000,3850.2000,3850.0000,3849.4000,3853.0000,3853.2000,3853.4000,3853.6000,3854.4000,1,1,1,1,1,1,1,1,1,1
SF,IF2006,2019-11-28 09:37:01.300,3853.8000,3551,0,27736740.000,0,-,-,-,-,3850.8000,3850.2000,3850.0000,3849.4000,3849.0000,3853.0000,3853.2000,3853.4000,3853.6000,3854.4000,1,1,1,1,1,1,1,1,1,1
SF,IF2006,2019-11-28 09:37:01.800,3853.8000,3551,0,27736740.000,0,-,-,-,-,3851.0000,3850.8000,3850.2000,3850.0000,3849.4000,3853.0000,3853.2000,3853.4000,3853.6000,3854.4000,1,1,1,1,1,1,1,1,1,1
SF,IF2006,2019-11-28 09:37:02.300,3853.8000,3551,0,27736740.000,0,-,-,-,-,3851.0000,3850.8000,3850.2000,3850.0000,3849.4000,3852.8000,3853.0000,3853.2000,3853.4000,3853.6000,1,1,1,1,1,1,1,1,1,1
SF,IF2006,2019-11-28 09:37:02.800,3853.8000,3551,0,27736740.000,0,-,-,-,-,3851.0000,3850.8000,3850.2000,3850.0000,3849.4000,3853.0000,3853.2000,3853.4000,3853.6000,3854.4000,1,1,1,1,1,1,1,1,1,1
SF,IF2006,2019-11-28 09:37:03.300,3853.8000,3551,0,27736740.000,0,-,-,-,-,3851.0000,3850.8000,3850.2000,3850.0000,3849.4000,3852.8000,3853.0000,3853.2000,3853.4000,3853.6000,1,1,1,1,1,1,1,1,1,1
SF,IF2006,2019-11-28 09:37:03.800,3853.8000,3551,0,27736740.000,0,-,-,-,-,3851.0000,3850.8000,3850.2000,3850.0000,3849.4000,3853.0000,3853.2000,3853.4000,3853.6000,3854.4000,1,1,1,1,1,1,1,1,1,1
SF,IF2006,2019-11-28 09:37:04.300,3853.8000,3551,0,27736740.000,0,-,-,-,-,3851.0000,3850.8000,3850.2000,3850.0000,3849.4000,3853.0000,3853.2000,3853.6000,3854.4000,3856.8000,1,1,1,1,1,1,1,1,1,1
SF,IF2006,2019-11-28 09:37:04.800,3853.8000,3551,0,27736740.000,0,-,-,-,-,3851.2000,3851.0000,3850.8000,3850.2000,3850.0000,3853.0000,3853.2000,3853.6000,3854.4000,3856.8000,1,1,1,1,1,1,1,1,1,1
SF,IF2006,2019-11-28 09:37:06.800,3853.8000,3551,0,27736740.000,0,-,-,-,-,3851.2000,3851.0000,3850.8000,3850.2000,3850.0000,3853.0000,3853.2000,3853.6000,3854.4000,3856.8000,1,1,1,1,1,1,1,1,1,1
SF,IF2006,2019-11-28 09:37:13.300,3853.8000,3551,0,27736740.000,0,-,-,-,-,3851.4000,3851.2000,3851.0000,3850.8000,3850.2000,3853.0000,3853.2000,3853.6000,3854.4000,3856.8000,1,1,1,1,1,1,1,1,1,1
SF,IF2006,2019-11-28 09:37:13.800,3853.8000,3551,0,27736740.000,0,-,-,-,-,3851.6000,3851.4000,3851.2000,3850.8000,3850.2000,3853.6000,3854.4000,3856.8000,3857.0000,3858.0000,1,1,1,1,1,1,1,1,1,1
SF,IF2006,2019-11-28 09:37:14.300,3853.8000,3551,0,27736740.000,0,-,-,-,-,3851.8000,3851.6000,3851.4000,3851.2000,3850.8000,3853.6000,3854.4000,3856.8000,3857.0000,3858.0000,2,1,1,1,1,1,1,1,1,1
SF,IF2006,2019-11-28 09:37:14.800,3853.8000,3551,0,27736740.000,0,-,-,-,-,3851.8000,3851.4000,3851.2000,3850.8000,3850.2000,3853.6000,3854.4000,3856.8000,3857.0000,3858.0000,2,1,1,1,1,1,1,1,1,1
SF,IF2006,2019-11-28 09:37:15.300,3853.8000,3551,0,27736740.000,0,-,-,-,-,3851.8000,3851.4000,3851.2000,3850.8000,3850.2000,3853.6000,3854.4000,3856.8000,3857.0000,3858.0000,1,1,1,1,1,1,1,1,1,1
SF,IF2006,2019-11-28 09:37:15.800,3851.8000,3551,0,28892280.000,1,0,1,多换,S,3851.4000,3851.2000,3850.8000,3850.2000,3850.0000,3853.6000,3854.4000,3856.8000,3857.0000,3858.0000,1,1,1,1,1,1,1,1,1,1
SF,IF2006,2019-11-28 09:37:16.800,3851.8000,3551,0,28892280.000,0,-,-,-,-,3851.6000,3851.4000,3850.8000,3850.2000,3850.0000,3853.6000,3854.4000,3856.8000,3857.0000,3858.0000,1,1,1,1,1,1,1,1,1,1
SF,IF2006,2019-11-28 09:37:17.300,3851.8000,3551,0,28892280.000,0,-,-,-,-,3851.6000,3851.4000,3850.2000,3850.0000,3849.4000,3853.4000,3853.6000,3854.4000,3856.8000,3857.0000,2,1,1,1,1,1,1,1,1,1
SF,IF2006,2019-11-28 09:37:18.300,3851.8000,3551,0,28892280.000,0,-,-,-,-,3851.8000,3851.6000,3851.4000,3850.2000,3850.0000,3853.4000,3853.6000,3854.4000,3856.8000,3857.0000,1,1,1,1,1,1,1,1,1,1
SF,IF2006,2019-11-28 09:37:19.800,3851.8000,3551,0,28892280.000,0,-,-,-,-,3852.0000,3851.8000,3851.6000,3851.4000,3850.2000,3853.4000,3854.4000,3856.8000,3857.0000,3858.0000,1,1,1,1,1,1,1,1,1,1
SF,IF2006,2019-11-28 09:37:20.300,3851.8000,3551,0,28892280.000,0,-,-,-,-,3852.0000,3851.8000,3851.6000,3851.4000,3850.2000,3854.4000,3856.8000,3857.0000,3858.0000,3858.2000,1,1,1,1,1,1,1,1,1,1
SF,IF2006,2019-11-28 09:37:20.800,3851.8000,3551,0,28892280.000,0,-,-,-,-,3852.2000,3852.0000,3851.8000,3851.4000,3850.2000,3854.2000,3854.4000,3856.8000,3857.0000,3858.0000,2,1,1,1,1,1,1,1,1,1
SF,IF2006,2019-11-28 09:37:21.300,3851.8000,3551,0,28892280.000,0,-,-,-,-,3852.2000,3852.0000,3851.8000,3851.4000,3850.2000,3854.4000,3856.8000,3857.0000,3858.0000,3858.2000,2,1,1,1,1,1,1,1,1,1
SF,IF2006,2019-11-28 09:37:21.800,3851.8000,3551,0,28892280.000,0,-,-,-,-,3852.2000,3852.0000,3851.8000,3851.4000,3850.2000,3854.2000,3854.4000,3856.8000,3857.0000,3858.0000,2,1,1,1,1,1,1,1,1,1
SF,IF2006,2019-11-28 09:37:22.300,3851.8000,3551,0,28892280.000,0,-,-,-,-,3852.4000,3852.2000,3852.0000,3851.8000,3851.4000,3854.2000,3854.4000,3856.8000,3857.0000,3858.0000,1,2,1,1,1,1,1,1,1,1
SF,IF2006,2019-11-28 09:37:22.800,3851.8000,3551,0,28892280.000,0,-,-,-,-,3852.4000,3852.2000,3852.0000,3851.8000,3851.4000,3854.2000,3854.4000,3856.8000,3857.0000,3858.0000,1,1,1,1,1,1,1,1,1,1
SF,IF2006,2019-11-28 09:37:23.300,3851.8000,3551,0,28892280.000,0,-,-,-,-,3852.4000,3852.2000,3852.0000,3851.8000,3851.4000,3854.4000,3856.8000,3857.0000,3858.0000,3858.2000,1,1,1,1,1,1,1,1,1,1
SF,IF2006,2019-11-28 09:37:23.800,3851.8000,3551,0,28892280.000,0,-,-,-,-,3852.6000,3852.4000,3852.2000,3852.0000,3851.8000,3854.4000,3856.8000,3857.0000,3858.0000,3858.2000,1,1,1,1,1,1,1,1,1,1
SF,IF2006,2019-11-28 09:37:24.300,3851.8000,3551,0,28892280.000,0,-,-,-,-,3852.6000,3852.4000,3852.0000,3851.8000,3851.4000,3854.4000,3856.8000,3857.0000,3858.0000,3858.2000,2,1,1,1,1,1,1,1,1,1
SF,IF2006,2019-11-28 09:37:27.300,3851.8000,3551,0,28892280.000,0,-,-,-,-,3852.6000,3852.0000,3851.8000,3851.4000,3850.0000,3854.4000,3856.8000,3857.0000,3858.0000,3858.2000,2,1,1,1,1,1,1,1,1,1
SF,IF2006,2019-11-28 09:37:27.800,3851.8000,3551,0,28892280.000,0,-,-,-,-,3852.6000,3852.0000,3851.8000,3851.4000,3850.0000,3854.2000,3854.4000,3856.8000,3857.0000,3858.0000,2,1,1,1,1,1,1,1,1,1
SF,IF2006,2019-11-28 09:37:28.300,3851.8000,3551,0,28892280.000,0,-,-,-,-,3852.6000,3852.0000,3851.8000,3851.4000,3850.0000,3854.2000,3854.4000,3856.8000,3857.0000,3858.0000,1,1,1,1,1,1,1,1,1,1
SF,IF2006,2019-11-28 09:37:30.300,3851.8000,3551,0,28892280.000,0,-,-,-,-,3852.0000,3851.8000,3851.4000,3850.0000,3849.4000,3854.2000,3854.4000,3856.8000,3857.0000,3858.0000,1,1,1,1,1,1,1,1,1,1
SF,IF2006,2019-11-28 09:37:30.800,3851.8000,3551,0,28892280.000,0,-,-,-,-,3852.2000,3852.0000,3851.8000,3851.4000,3850.0000,3854.2000,3854.4000,3856.8000,3857.0000,3858.0000,1,1,1,1,1,1,1,1,1,1
SF,IF2006,2019-11-28 09:37:31.300,3851.8000,3551,0,28892280.000,0,-,-,-,-,3852.2000,3852.0000,3851.8000,3851.4000,3850.0000,3854.2000,3856.8000,3857.0000,3858.0000,3858.2000,2,1,1,1,1,1,1,1,1,1
SF,IF2006,2019-11-28 09:37:31.800,3851.8000,3551,0,28892280.000,0,-,-,-,-,3852.4000,3852.2000,3852.0000,3851.4000,3850.0000,3854.2000,3856.8000,3857.0000,3858.0000,3858.2000,3,2,1,1,1,1,1,1,1,1
SF,IF2006,2019-11-28 09:37:32.300,3851.8000,3551,0,28892280.000,0,-,-,-,-,3852.6000,3852.4000,3852.0000,3851.4000,3850.0000,3856.8000,3857.0000,3858.0000,3858.2000,3859.8000,2,3,1,1,1,1,1,1,1,5
SF,IF2006,2019-11-28 09:37:32.800,3851.8000,3551,0,28892280.000,0,-,-,-,-,3852.6000,3852.4000,3852.0000,3851.4000,3850.0000,3855.2000,3856.2000,3856.6000,3856.8000,3857.0000,2,3,1,1,1,1,1,2,1,1
SF,IF2006,2019-11-28 09:37:33.300,3851.8000,3551,0,28892280.000,0,-,-,-,-,3852.8000,3852.6000,3852.4000,3852.0000,3850.0000,3855.0000,3855.2000,3856.2000,3856.8000,3857.0000,1,2,3,1,1,1,1,1,1,1
SF,IF2006,2019-11-28 09:37:33.800,3851.8000,3551,0,28892280.000,0,-,-,-,-,3852.8000,3852.6000,3852.4000,3852.0000,3850.0000,3855.0000,3855.2000,3856.2000,3856.8000,3857.0000,1,1,2,1,1,1,1,1,1,1
SF,IF2006,2019-11-28 09:37:34.300,3851.8000,3551,0,28892280.000,0,-,-,-,-,3853.0000,3852.4000,3852.0000,3850.0000,3849.4000,3855.0000,3855.2000,3856.2000,3856.8000,3857.0000,1,2,2,1,1,1,1,1,1,1
SF,IF2006,2019-11-28 09:37:37.800,3851.8000,3551,0,28892280.000,0,-,-,-,-,3853.2000,3853.0000,3852.4000,3852.0000,3850.0000,3855.0000,3855.2000,3856.2000,3856.8000,3857.0000,2,1,1,2,1,1,1,1,1,1
SF,IF2006,2019-11-28 09:37:38.300,3851.8000,3551,0,28892280.000,0,-,-,-,-,3853.2000,3853.0000,3852.4000,3852.0000,3850.0000,3855.0000,3855.2000,3856.8000,3857.0000,3858.0000,2,1,1,2,1,1,1,1,1,1
SF,IF2006,2019-11-28 09:37:38.800,3851.8000,3551,0,28892280.000,0,-,-,-,-,3853.6000,3853.2000,3852.4000,3852.0000,3850.0000,3855.0000,3855.2000,3856.8000,3857.0000,3858.0000,1,2,1,2,1,1,1,1,1,1
SF,IF2006,2019-11-28 09:37:40.300,3851.8000,3551,0,28892280.000,0,-,-,-,-,3853.2000,3852.4000,3852.0000,3850.0000,3849.4000,3855.0000,3855.2000,3856.8000,3857.0000,3858.0000,2,1,2,1,1,1,1,1,1,1
SF,IF2006,2019-11-28 09:37:40.800,3851.8000,3551,0,28892280.000,0,-,-,-,-,3853.2000,3852.4000,3852.0000,3850.0000,3849.4000,3855.0000,3855.2000,3856.8000,3857.0000,3858.0000,2,1,2,1,1,1,1,1,1,1
SF,IF2006,2019-11-28 09:37:43.300,3851.8000,3551,0,28892280.000,0,-,-,-,-,3853.2000,3852.4000,3852.0000,3850.0000,3849.4000,3855.0000,3855.2000,3856.8000,3857.0000,3858.0000,1,1,2,1,1,1,1,1,1,1
SF,IF2006,2019-11-28 09:37:45.800,3851.8000,3551,0,28892280.000,0,-,-,-,-,3853.4000,3853.2000,3852.4000,3852.0000,3850.0000,3855.2000,3856.8000,3857.0000,3858.0000,3858.2000,1,1,1,2,1,1,1,1,1,1
SF,IF2006,2019-11-28 09:37:47.800,3851.8000,3551,0,28892280.000,0,-,-,-,-,3853.6000,3853.4000,3852.4000,3852.0000,3850.0000,3855.2000,3856.8000,3857.0000,3858.0000,3858.2000,1,1,1,2,1,1,1,1,1,1
SF,IF2006,2019-11-28 09:37:48.300,3851.8000,3551,0,28892280.000,0,-,-,-,-,3853.6000,3853.4000,3852.4000,3852.0000,3850.0000,3855.2000,3856.8000,3857.0000,3858.0000,3858.2000,1,1,1,2,1,1,1,1,1,1
SF,IF2006,2019-11-28 09:37:48.800,3851.8000,3551,0,28892280.000,0,-,-,-,-,3853.6000,3853.4000,3852.4000,3852.0000,3850.0000,3856.8000,3858.0000,3858.2000,3859.8000,3861.6000,1,1,1,2,1,1,1,1,5,3
SF,IF2006,2019-11-28 09:37:49.300,3851.8000,3551,0,28892280.000,0,-,-,-,-,3853.8000,3853.6000,3853.4000,3852.4000,3852.0000,3855.8000,3856.6000,3858.0000,3858.2000,3859.8000,2,1,1,1,1,1,1,1,1,5
SF,IF2006,2019-11-28 09:37:49.800,3851.8000,3551,0,28892280.000,0,-,-,-,-,3853.8000,3853.6000,3853.4000,3852.4000,3852.0000,3855.8000,3858.0000,3858.2000,3859.8000,3861.6000,2,1,1,1,1,1,1,1,5,3
SF,IF2006,2019-11-28 09:37:51.800,3851.8000,3551,0,28892280.000,0,-,-,-,-,3854.0000,3853.8000,3853.4000,3852.4000,3852.0000,3855.8000,3858.0000,3858.2000,3859.8000,3861.6000,1,2,1,1,1,1,1,1,5,3
SF,IF2006,2019-11-28 09:37:52.300,3851.8000,3551,0,28892280.000,0,-,-,-,-,3854.2000,3854.0000,3853.8000,3853.4000,3852.0000,3858.0000,3858.2000,3859.8000,3861.6000,3862.4000,2,1,1,1,1,1,1,5,3,1
SF,IF2006,2019-11-28 09:37:52.800,3851.8000,3551,0,28892280.000,0,-,-,-,-,3854.2000,3854.0000,3853.8000,3853.4000,3852.0000,3856.8000,3857.8000,3858.0000,3858.2000,3859.8000,2,1,1,1,1,1,2,1,1,5
SF,IF2006,2019-11-28 09:37:53.300,3851.8000,3551,0,28892280.000,0,-,-,-,-,3854.2000,3854.0000,3853.8000,3853.4000,3852.0000,3856.6000,3856.8000,3858.0000,3858.2000,3859.8000,2,1,1,1,1,1,1,1,1,5
SF,IF2006,2019-11-28 09:37:54.300,3851.8000,3551,0,28892280.000,0,-,-,-,-,3854.2000,3854.0000,3853.8000,3853.4000,3852.0000,3856.6000,3856.8000,3858.0000,3859.8000,3861.6000,2,1,1,1,1,1,1,1,5,3
SF,IF2006,2019-11-28 09:37:54.800,3851.8000,3551,0,28892280.000,0,-,-,-,-,3854.4000,3854.2000,3853.8000,3853.4000,3852.0000,3856.6000,3856.8000,3858.0000,3859.8000,3861.6000,1,2,1,1,1,1,1,1,5,3
SF,IF2006,2019-11-28 09:37:55.300,3851.8000,3551,0,28892280.000,0,-,-,-,-,3854.4000,3854.2000,3853.8000,3853.4000,3852.0000,3856.6000,3856.8000,3858.0000,3859.8000,3861.6000,1,1,1,1,1,1,1,1,5,3
SF,IF2006,2019-11-28 09:37:56.800,3851.8000,3551,0,28892280.000,0,-,-,-,-,3854.2000,3853.8000,3853.4000,3852.0000,3850.0000,3856.6000,3856.8000,3858.0000,3859.8000,3861.6000,1,1,1,1,1,1,1,1,5,3
SF,IF2006,2019-11-28 09:37:57.800,3851.8000,3551,0,28892280.000,0,-,-,-,-,3854.2000,3853.8000,3853.4000,3852.0000,3850.0000,3856.6000,3856.8000,3858.0000,3859.8000,3861.6000,1,1,1,1,1,1,1,1,5,3
SF,IF2006,2019-11-28 09:38:00.300,3851.8000,3551,0,28892280.000,0,-,-,-,-,3854.4000,3854.2000,3853.8000,3853.4000,3852.0000,3856.6000,3856.8000,3858.0000,3859.8000,3861.6000,1,1,1,1,1,1,1,1,5,3
SF,IF2006,2019-11-28 09:38:02.300,3851.8000,3551,0,28892280.000,0,-,-,-,-,3854.2000,3853.8000,3853.4000,3852.0000,3850.0000,3856.6000,3856.8000,3858.0000,3859.8000,3861.6000,1,1,1,1,1,1,1,1,5,3
SF,IF2006,2019-11-28 09:38:03.300,3851.8000,3551,0,28892280.000,0,-,-,-,-,3853.8000,3853.4000,3852.0000,3850.0000,3849.4000,3856.6000,3856.8000,3858.0000,3859.8000,3861.6000,1,1,1,1,1,1,1,1,5,3
SF,IF2006,2019-11-28 09:38:03.800,3851.8000,3551,0,28892280.000,0,-,-,-,-,3853.8000,3853.4000,3852.0000,3850.0000,3849.4000,3856.4000,3856.6000,3856.8000,3858.0000,3859.8000,1,1,1,1,1,1,1,1,1,5
SF,IF2006,2019-11-28 09:38:04.300,3851.8000,3551,0,28892280.000,0,-,-,-,-,3853.8000,3853.4000,3852.0000,3850.0000,3849.4000,3856.2000,3856.4000,3856.6000,3858.0000,3859.8000,1,1,1,1,1,1,1,1,1,5
SF,IF2006,2019-11-28 09:38:04.800,3851.8000,3551,0,28892280.000,0,-,-,-,-,3853.8000,3853.4000,3852.0000,3850.0000,3849.4000,3855.4000,3856.2000,3856.6000,3858.0000,3859.8000,1,1,1,1,1,1,1,1,1,5
SF,IF2006,2019-11-28 09:38:05.300,3851.8000,3551,0,28892280.000,0,-,-,-,-,3853.4000,3852.0000,3850.0000,3849.4000,3849.0000,3855.4000,3856.2000,3856.6000,3858.0000,3859.8000,1,1,1,1,1,1,1,1,1,5
SF,IF2006,2019-11-28 09:38:05.800,3851.8000,3551,0,28892280.000,0,-,-,-,-,3853.6000,3853.4000,3852.0000,3850.0000,3849.4000,3855.4000,3856.2000,3856.6000,3858.0000,3859.8000,1,1,1,1,1,1,1,1,1,5
SF,IF2006,2019-11-28 09:38:06.800,3851.8000,3551,0,28892280.000,0,-,-,-,-,3853.8000,3853.6000,3853.4000,3852.0000,3850.0000,3855.4000,3856.2000,3856.6000,3858.0000,3859.8000,1,1,1,1,1,1,1,1,1,5
SF,IF2006,2019-11-28 09:38:07.300,3851.8000,3551,0,28892280.000,0,-,-,-,-,3854.0000,3853.8000,3853.4000,3852.0000,3850.0000,3856.2000,3856.6000,3858.0000,3859.8000,3861.6000,1,1,1,1,1,1,1,1,5,3
SF,IF2006,2019-11-28 09:38:07.800,3851.8000,3551,0,28892280.000,0,-,-,-,-,3854.0000,3853.8000,3853.4000,3852.0000,3850.0000,3855.8000,3856.2000,3856.6000,3858.0000,3859.8000,1,1,1,1,1,1,1,1,1,5
SF,IF2006,2019-11-28 09:38:08.300,3851.8000,3551,0,28892280.000,0,-,-,-,-,3854.2000,3854.0000,3853.8000,3853.4000,3852.0000,3855.8000,3856.2000,3856.6000,3858.0000,3859.8000,1,1,1,1,1,1,1,1,1,5
SF,IF2006,2019-11-28 09:38:08.800,3851.8000,3551,0,28892280.000,0,-,-,-,-,3854.2000,3853.8000,3853.4000,3852.0000,3850.0000,3855.8000,3856.2000,3856.6000,3858.0000,3859.8000,1,1,1,1,1,1,1,1,1,5
SF,IF2006,2019-11-28 09:38:09.300,3851.8000,3551,0,28892280.000,0,-,-,-,-,3853.4000,3852.0000,3850.0000,3849.4000,3849.0000,3855.8000,3856.2000,3856.6000,3858.0000,3859.8000,1,1,1,1,1,1,1,1,1,5
SF,IF2006,2019-11-28 09:38:09.800,3851.8000,3551,0,28892280.000,0,-,-,-,-,3853.6000,3853.4000,3852.0000,3850.0000,3849.4000,3855.8000,3856.2000,3856.6000,3858.0000,3859.8000,1,1,1,1,1,1,1,1,1,5
SF,IF2006,2019-11-28 09:38:10.300,3851.8000,3551,0,28892280.000,0,-,-,-,-,3853.8000,3853.6000,3853.4000,3852.0000,3850.0000,3855.8000,3856.2000,3856.6000,3858.0000,3859.8000,1,1,1,1,1,1,1,1,1,5
SF,IF2006,2019-11-28 09:38:10.800,3851.8000,3551,0,28892280.000,0,-,-,-,-,3853.8000,3853.4000,3852.0000,3850.0000,3849.4000,3855.8000,3856.2000,3856.6000,3858.0000,3859.8000,1,1,1,1,1,1,1,1,1,5
SF,IF2006,2019-11-28 09:38:14.300,3851.8000,3551,0,28892280.000,0,-,-,-,-,3853.4000,3852.0000,3850.0000,3849.4000,3849.0000,3855.8000,3856.2000,3856.6000,3858.0000,3859.8000,1,1,1,1,1,1,1,1,1,5
SF,IF2006,2019-11-28 09:38:14.800,3851.8000,3551,0,28892280.000,0,-,-,-,-,3853.6000,3853.4000,3852.0000,3850.0000,3849.4000,3855.8000,3856.2000,3856.6000,3858.0000,3859.8000,1,1,1,1,1,1,1,1,1,5
SF,IF2006,2019-11-28 09:38:15.300,3851.8000,3551,0,28892280.000,0,-,-,-,-,3853.8000,3853.6000,3853.4000,3852.0000,3850.0000,3855.8000,3856.2000,3856.6000,3858.0000,3859.8000,1,1,1,1,1,1,1,1,1,5
SF,IF2006,2019-11-28 09:38:15.800,3851.8000,3551,0,28892280.000,0,-,-,-,-,3853.8000,3853.4000,3852.0000,3850.0000,3849.4000,3855.8000,3856.2000,3856.6000,3858.0000,3859.8000,2,1,1,1,1,1,1,1,1,5
SF,IF2006,2019-11-28 09:38:18.300,3851.8000,3551,0,28892280.000,0,-,-,-,-,3854.0000,3853.8000,3853.4000,3852.0000,3850.0000,3855.8000,3856.2000,3856.6000,3858.0000,3859.8000,2,1,1,1,1,1,1,1,1,5
SF,IF2006,2019-11-28 09:38:18.800,3851.8000,3551,0,28892280.000,0,-,-,-,-,3854.0000,3853.8000,3853.6000,3853.4000,3852.0000,3855.8000,3856.2000,3856.6000,3858.0000,3859.8000,2,1,1,1,1,1,1,1,1,5
SF,IF2006,2019-11-28 09:38:19.300,3851.8000,3551,0,28892280.000,0,-,-,-,-,3854.0000,3853.6000,3853.4000,3852.0000,3850.0000,3855.8000,3856.2000,3856.6000,3858.0000,3859.8000,2,1,1,1,1,1,1,1,1,5
SF,IF2006,2019-11-28 09:38:19.800,3851.8000,3551,0,28892280.000,0,-,-,-,-,3854.0000,3853.6000,3853.4000,3852.0000,3850.0000,3855.8000,3856.2000,3856.6000,3858.0000,3859.8000,1,1,1,1,1,1,1,1,1,5
SF,IF2006,2019-11-28 09:38:21.800,3851.8000,3551,0,28892280.000,0,-,-,-,-,3853.6000,3853.4000,3852.0000,3850.0000,3849.4000,3855.8000,3856.2000,3856.6000,3858.0000,3859.8000,1,1,1,1,1,1,1,1,1,5
SF,IF2006,2019-11-28 09:38:22.300,3851.8000,3551,0,28892280.000,0,-,-,-,-,3853.6000,3853.4000,3852.0000,3850.0000,3849.4000,3855.6000,3855.8000,3856.2000,3856.6000,3858.0000,1,1,1,1,1,1,1,1,1,1
SF,IF2006,2019-11-28 09:38:23.800,3851.8000,3551,0,28892280.000,0,-,-,-,-,3853.8000,3853.6000,3853.4000,3852.0000,3850.0000,3855.6000,3855.8000,3856.2000,3856.6000,3858.0000,2,1,1,1,1,1,1,1,1,1
SF,IF2006,2019-11-28 09:38:24.800,3851.8000,3551,0,28892280.000,0,-,-,-,-,3854.0000,3853.8000,3853.6000,3853.4000,3852.0000,3855.6000,3855.8000,3856.2000,3856.6000,3858.0000,1,2,1,1,1,1,1,1,1,1
SF,IF2006,2019-11-28 09:38:25.800,3851.8000,3551,0,28892280.000,0,-,-,-,-,3854.0000,3853.8000,3853.6000,3853.4000,3852.0000,3855.8000,3856.2000,3856.6000,3858.0000,3859.8000,1,2,1,1,1,1,1,1,1,5
SF,IF2006,2019-11-28 09:38:26.300,3851.8000,3551,0,28892280.000,0,-,-,-,-,3854.2000,3854.0000,3853.8000,3853.6000,3853.4000,3856.2000,3856.6000,3858.0000,3859.8000,3861.6000,2,1,1,1,1,1,1,1,5,3
SF,IF2006,2019-11-28 09:38:26.800,3851.8000,3551,0,28892280.000,0,-,-,-,-,3854.2000,3854.0000,3853.8000,3853.6000,3853.4000,3856.6000,3858.0000,3859.8000,3861.6000,3862.4000,2,1,1,1,1,1,1,5,3,1
SF,IF2006,2019-11-28 09:38:27.300,3851.8000,3551,0,28892280.000,0,-,-,-,-,3854.2000,3854.0000,3853.8000,3853.6000,3853.4000,3858.0000,3859.8000,3861.6000,3862.4000,3864.8000,2,1,1,1,1,1,5,3,1,1
SF,IF2006,2019-11-28 09:38:27.800,3851.8000,3551,0,28892280.000,0,-,-,-,-,3854.6000,3854.2000,3853.8000,3853.6000,3853.4000,3857.4000,3858.0000,3859.8000,3861.6000,3862.4000,1,2,1,1,1,1,1,5,3,1
SF,IF2006,2019-11-28 09:38:28.300,3851.8000,3551,0,28892280.000,0,-,-,-,-,3854.8000,3854.6000,3854.2000,3853.8000,3853.6000,3857.4000,3858.0000,3859.8000,3861.6000,3862.4000,2,1,1,1,1,1,1,5,3,1
SF,IF2006,2019-11-28 09:38:28.800,3851.8000,3551,0,28892280.000,0,-,-,-,-,3855.0000,3854.8000,3854.6000,3854.2000,3853.8000,3858.0000,3859.8000,3861.6000,3862.4000,3864.8000,1,2,1,1,1,1,5,3,1,1
SF,IF2006,2019-11-28 09:38:29.300,3851.8000,3551,0,28892280.000,0,-,-,-,-,3855.2000,3855.0000,3854.8000,3854.6000,3854.2000,3857.8000,3858.0000,3859.8000,3861.6000,3862.4000,2,1,1,1,1,2,1,5,3,1
SF,IF2006,2019-11-28 09:38:29.800,3851.8000,3551,0,28892280.000,0,-,-,-,-,3855.4000,3855.2000,3855.0000,3854.8000,3854.2000,3857.8000,3858.0000,3859.8000,3861.6000,3862.4000,1,2,1,1,1,3,1,5,3,1
SF,IF2006,2019-11-28 09:38:30.300,3851.8000,3551,0,28892280.000,0,-,-,-,-,3855.4000,3854.8000,3854.2000,3853.6000,3852.0000,3857.8000,3858.0000,3859.8000,3861.6000,3862.4000,1,1,1,1,1,3,1,5,3,1
SF,IF2006,2019-11-28 09:38:30.800,3851.8000,3551,0,28892280.000,0,-,-,-,-,3854.8000,3854.2000,3853.6000,3852.0000,3850.0000,3857.8000,3858.0000,3859.8000,3861.6000,3862.4000,1,1,1,1,1,3,1,5,3,1
SF,IF2006,2019-11-28 09:38:31.300,3851.8000,3551,0,28892280.000,0,-,-,-,-,3855.0000,3854.8000,3854.2000,3853.6000,3852.0000,3857.8000,3858.0000,3859.8000,3861.6000,3862.4000,1,1,1,1,1,3,1,5,3,1
SF,IF2006,2019-11-28 09:38:31.800,3851.8000,3551,0,28892280.000,0,-,-,-,-,3855.2000,3855.0000,3854.8000,3854.2000,3853.6000,3857.8000,3858.0000,3859.8000,3861.6000,3862.4000,1,1,1,1,1,3,1,5,3,1
SF,IF2006,2019-11-28 09:38:32.300,3851.8000,3551,0,28892280.000,0,-,-,-,-,3855.4000,3855.2000,3854.8000,3854.2000,3853.6000,3857.8000,3858.0000,3859.8000,3862.4000,3864.8000,1,1,1,1,1,3,1,5,1,1
SF,IF2006,2019-11-28 09:38:33.300,3851.8000,3551,0,28892280.000,0,-,-,-,-,3855.6000,3855.4000,3855.2000,3854.8000,3854.2000,3857.8000,3858.0000,3859.8000,3862.4000,3864.8000,1,1,1,1,1,3,1,5,1,1
SF,IF2006,2019-11-28 09:38:33.800,3851.8000,3551,0,28892280.000,0,-,-,-,-,3855.6000,3855.2000,3854.8000,3853.6000,3852.0000,3857.8000,3858.0000,3859.8000,3862.4000,3864.8000,2,1,1,1,1,3,1,5,1,1
SF,IF2006,2019-11-28 09:38:36.300,3851.8000,3551,0,28892280.000,0,-,-,-,-,3855.6000,3855.2000,3854.8000,3853.6000,3852.0000,3857.8000,3858.0000,3859.8000,3862.4000,3864.8000,1,1,1,1,1,3,1,5,1,1
SF,IF2006,2019-11-28 09:38:36.800,3857.8000,3551,0,30049620.000,1,0,1,多换,S,3854.8000,3853.6000,3852.0000,3850.0000,3849.4000,3857.8000,3858.0000,3858.8000,3859.8000,3862.4000,2,1,1,1,1,2,1,1,5,1
SF,IF2006,2019-11-28 09:38:37.300,3857.8000,3551,0,30049620.000,0,-,-,-,-,3855.0000,3854.8000,3853.6000,3852.0000,3850.0000,3857.8000,3858.0000,3859.8000,3862.4000,3864.8000,1,1,1,1,1,2,1,5,1,1
SF,IF2006,2019-11-28 09:38:37.800,3857.8000,3551,0,30049620.000,0,-,-,-,-,3855.0000,3854.8000,3852.0000,3850.0000,3849.4000,3857.8000,3858.0000,3859.8000,3862.4000,3864.8000,1,1,1,1,1,2,1,5,1,1
SF,IF2006,2019-11-28 09:38:38.800,3857.8000,3551,0,30049620.000,0,-,-,-,-,3855.0000,3854.8000,3850.0000,3849.4000,3849.0000,3857.8000,3858.0000,3859.8000,3862.4000,3864.8000,1,1,1,1,1,2,1,5,1,1
SF,IF2006,2019-11-28 09:38:39.800,3857.8000,3551,0,30049620.000,0,-,-,-,-,3855.0000,3854.8000,3850.0000,3849.4000,3849.0000,3857.6000,3857.8000,3858.0000,3859.8000,3862.4000,1,1,1,1,1,3,2,1,5,1
SF,IF2006,2019-11-28 09:38:40.300,3857.8000,3551,0,30049620.000,0,-,-,-,-,3855.0000,3854.8000,3850.0000,3849.4000,3849.0000,3857.4000,3857.6000,3857.8000,3858.0000,3859.8000,1,1,1,1,1,1,3,1,1,5
SF,IF2006,2019-11-28 09:38:40.800,3857.8000,3551,0,30049620.000,0,-,-,-,-,3855.0000,3854.8000,3850.0000,3849.4000,3849.0000,3856.4000,3857.4000,3857.6000,3857.8000,3858.0000,1,1,1,1,1,1,1,3,1,1
SF,IF2006,2019-11-28 09:38:41.300,3857.8000,3551,0,30049620.000,0,-,-,-,-,3855.0000,3854.8000,3850.0000,3849.4000,3849.0000,3856.4000,3857.2000,3857.4000,3857.6000,3857.8000,1,1,1,1,1,1,1,1,1,1
SF,IF2006,2019-11-28 09:38:41.800,3857.8000,3551,0,30049620.000,0,-,-,-,-,3855.0000,3854.8000,3850.0000,3849.4000,3849.0000,3857.2000,3857.4000,3857.6000,3857.8000,3858.0000,1,1,1,1,1,1,1,1,1,1
SF,IF2006,2019-11-28 09:38:42.300,3857.8000,3551,0,30049620.000,0,-,-,-,-,3855.2000,3855.0000,3854.8000,3850.0000,3849.4000,3856.8000,3857.4000,3857.6000,3857.8000,3858.0000,1,1,1,1,1,1,1,1,1,1
SF,IF2006,2019-11-28 09:38:42.800,3857.8000,3551,0,30049620.000,0,-,-,-,-,3855.4000,3855.2000,3854.8000,3850.0000,3849.4000,3856.8000,3857.4000,3857.6000,3857.8000,3858.0000,1,1,1,1,1,1,1,1,1,1
SF,IF2006,2019-11-28 09:38:43.300,3857.8000,3551,0,30049620.000,0,-,-,-,-,3855.6000,3855.4000,3855.2000,3854.8000,3850.0000,3857.4000,3857.6000,3857.8000,3858.0000,3859.8000,1,1,1,1,1,1,1,1,1,5
SF,IF2006,2019-11-28 09:38:43.800,3857.8000,3551,0,30049620.000,0,-,-,-,-,3855.8000,3855.6000,3855.2000,3854.8000,3850.0000,3857.2000,3857.4000,3857.6000,3857.8000,3858.0000,1,1,1,1,1,1,1,1,1,1
SF,IF2006,2019-11-28 09:38:45.800,3857.8000,3551,0,30049620.000,0,-,-,-,-,3855.8000,3855.6000,3855.2000,3854.8000,3850.0000,3857.2000,3857.4000,3857.8000,3858.0000,3859.8000,1,1,1,1,1,1,1,1,1,5
SF,IF2006,2019-11-28 09:38:47.300,3857.8000,3551,0,30049620.000,0,-,-,-,-,3855.8000,3855.6000,3855.2000,3854.8000,3850.0000,3857.2000,3857.8000,3858.0000,3859.8000,3862.4000,1,1,1,1,1,1,1,1,5,1
SF,IF2006,2019-11-28 09:38:47.800,3857.8000,3551,0,30049620.000,0,-,-,-,-,3855.8000,3855.6000,3855.2000,3854.8000,3850.0000,3857.8000,3858.0000,3859.8000,3862.4000,3864.8000,1,1,1,1,1,1,1,5,1,1
SF,IF2006,2019-11-28 09:38:48.300,3857.8000,3551,0,30049620.000,0,-,-,-,-,3856.0000,3855.8000,3855.6000,3855.2000,3850.0000,3857.8000,3858.0000,3859.8000,3862.4000,3864.8000,1,1,1,1,1,1,1,5,1,1
SF,IF2006,2019-11-28 09:38:48.800,3857.8000,3551,0,30049620.000,0,-,-,-,-,3856.2000,3856.0000,3855.6000,3855.2000,3850.0000,3858.0000,3859.8000,3862.4000,3864.8000,3868.0000,1,1,1,1,1,1,5,1,1,2
SF,IF2006,2019-11-28 09:38:49.300,3857.8000,3551,0,30049620.000,0,-,-,-,-,3856.2000,3856.0000,3855.6000,3855.2000,3850.0000,3858.0000,3862.4000,3864.0000,3864.8000,3868.0000,1,1,1,1,1,1,1,5,1,2
SF,IF2006,2019-11-28 09:38:49.800,3857.8000,3551,0,30049620.000,0,-,-,-,-,3856.4000,3856.2000,3856.0000,3855.6000,3850.0000,3858.0000,3862.4000,3864.0000,3864.8000,3868.0000,1,1,1,1,1,1,1,5,1,2
SF,IF2006,2019-11-28 09:38:50.300,3857.8000,3551,0,30049620.000,0,-,-,-,-,3856.6000,3856.4000,3856.0000,3855.6000,3850.0000,3858.0000,3862.4000,3864.0000,3864.8000,3868.0000,1,1,1,1,1,1,1,5,1,2
SF,IF2006,2019-11-28 09:38:50.800,3857.8000,3551,0,30049620.000,0,-,-,-,-,3856.8000,3856.6000,3856.4000,3856.0000,3850.0000,3858.0000,3862.4000,3864.0000,3864.8000,3868.0000,1,1,1,1,1,1,1,5,1,2
SF,IF2006,2019-11-28 09:38:51.300,3857.8000,3551,0,30049620.000,0,-,-,-,-,3857.0000,3856.8000,3856.4000,3856.0000,3850.0000,3858.0000,3862.4000,3864.0000,3864.8000,3868.0000,1,1,1,1,1,1,1,5,1,2
