市场代码,合约代码,时间,最新,持仓,增仓,成交额,成交量,开仓,平仓,成交类型,方向,买一价,买二价,买三价,买四价,买五价,卖一价,卖二价,卖三价,卖四价,卖五价,买一量,买二量,买三量,买四量,买五量,卖一量,卖二量,卖三量,卖四量,卖五量
SF,IF2003,2020-01-17 09:29:00.300,4188.0000,44729,0,7538400.000,6.000,-,-,-,-,4188.0000,4187.4000,4186.0000,4185.2000,4183.0000,4188.8000,4189.0000,4189.6000,4189.8000,4190.8000,4,2,1,2,2,12,1,3,1,4
SF,IF2003,2020-01-17 09:30:00.300,4188.0000,44727,-2,26384700.000,15,6,9,多平,S,4187.4000,4186.0000,4185.2000,4183.4000,4183.0000,4188.0000,4188.4000,4188.6000,4188.8000,4189.0000,1,1,2,1,2,3,5,2,14,1
SF,IF2003,2020-01-17 09:30:00.800,4187.6000,44726,-1,33921000.000,6,2,4,多平,S,4185.2000,4183.4000,4183.0000,4182.2000,4181.2000,4187.6000,4187.8000,4188.0000,4188.4000,4188.6000,1,1,2,1,1,3,6,8,1,3
SF,IF2003,2020-01-17 09:30:01.300,4185.6000,44720,-6,46482900.000,10,2,8,多平,S,4185.6000,4185.4000,4185.2000,4185.0000,4183.4000,4188.0000,4188.4000,4188.6000,4188.8000,4189.0000,4,2,2,1,1,5,1,3,13,1
SF,IF2003,2020-01-17 09:30:01.800,4188.0000,44718,-2,50251980.000,3,0,3,多平,S,4185.8000,4185.6000,4185.2000,4185.0000,4183.4000,4188.0000,4188.4000,4188.6000,4188.8000,4189.0000,2,9,2,1,1,4,1,3,12,1
SF,IF2003,2020-01-17 09:30:02.300,4188.2000,44717,-1,59046840.000,7,3,4,多平,S,4186.0000,4185.8000,4185.2000,4185.0000,4183.4000,4188.4000,4188.6000,4188.8000,4189.0000,4189.6000,7,4,2,1,1,1,2,12,1,3
SF,IF2003,2020-01-17 09:30:02.800,4188.2000,44717,0,62816220.000,3,1,2,多换,S,4186.2000,4186.0000,4185.8000,4185.2000,4185.0000,4188.0000,4188.2000,4188.4000,4188.6000,4188.8000,1,9,1,2,1,4,2,1,2,12
SF,IF2003,2020-01-17 09:30:03.300,4186.6000,44716,-1,64072200.000,1,0,1,双平,S,4186.4000,4186.2000,4186.0000,4185.8000,4185.2000,4188.0000,4188.4000,4188.6000,4188.8000,4189.0000,1,7,3,1,1,2,1,1,12,1
SF,IF2003,2020-01-17 09:30:03.800,4186.4000,44714,-2,66584040.000,2,0,2,双平,S,4186.6000,4186.4000,4186.2000,4186.0000,4185.8000,4188.0000,4188.4000,4188.6000,4188.8000,4189.0000,2,5,1,3,1,2,1,1,12,1
SF,IF2003,2020-01-17 09:30:04.300,4188.0000,44713,-1,70352820.000,3,1,2,多平,S,4186.6000,4186.4000,4186.2000,4186.0000,4185.8000,4188.4000,4188.6000,4188.8000,4189.0000,4189.6000,2,5,1,3,1,1,1,12,1,3
SF,IF2003,2020-01-17 09:30:04.800,4186.8000,44712,-1,71608860.000,1,0,1,双平,S,4186.6000,4186.2000,4186.0000,4185.8000,4185.2000,4188.2000,4188.4000,4188.6000,4188.8000,4189.0000,7,1,3,1,1,8,1,1,12,1
SF,IF2003,2020-01-17 09:30:05.300,4186.6000,44710,-2,75376800.000,3,0,3,多平,S,4186.6000,4186.2000,4186.0000,4185.8000,4185.2000,4188.0000,4188.2000,4188.4000,4188.6000,4188.8000,5,1,3,1,1,1,4,1,1,12
SF,IF2003,2020-01-17 09:30:05.800,4186.6000,44710,0,81656700.000,5,2,3,多换,S,4186.6000,4186.2000,4186.0000,4185.8000,4185.2000,4187.8000,4188.0000,4188.2000,4188.4000,4188.6000,1,1,3,1,1,2,1,3,1,1
SF,IF2003,2020-01-17 09:30:06.300,4187.2000,44708,-2,90448800.000,7,2,5,多平,S,4186.0000,4185.8000,4185.2000,4185.0000,4183.4000,4187.2000,4187.6000,4187.8000,4188.0000,4188.2000,3,1,1,1,1,3,5,3,1,3
SF,IF2003,2020-01-17 09:30:06.800,4187.2000,44708,0,90448800.000,0,-,-,-,-,4186.0000,4185.8000,4185.2000,4185.0000,4183.4000,4186.6000,4187.0000,4187.8000,4188.2000,4188.4000,2,3,1,1,1,10,1,1,2,1
SF,IF2003,2020-01-17 09:30:07.300,4186.6000,44705,-3,96728700.000,5,1,4,多平,S,4186.2000,4186.0000,4185.8000,4185.2000,4185.0000,4186.6000,4187.0000,4187.8000,4188.2000,4188.4000,1,1,3,1,1,6,1,1,2,1
SF,IF2003,2020-01-17 09:30:07.800,4186.2000,44705,0,97984560.000,1,0,1,多换,S,4186.0000,4185.8000,4185.2000,4185.0000,4183.4000,4186.6000,4187.0000,4187.8000,4188.2000,4188.4000,1,3,1,1,1,7,1,1,2,1
SF,IF2003,2020-01-17 09:30:08.300,4186.6000,44700,-5,106776420.000,7,1,6,多平,S,4186.0000,4185.8000,4185.2000,4185.0000,4183.4000,4187.0000,4187.2000,4187.8000,4188.2000,4188.4000,1,4,1,1,1,1,1,1,2,1
SF,IF2003,2020-01-17 09:30:08.800,4187.8000,44698,-2,110545020.000,3,0,3,多平,S,4188.0000,4187.8000,4186.4000,4186.0000,4185.8000,4188.2000,4188.4000,4188.6000,4188.8000,4189.0000,19,1,5,2,5,2,1,1,12,3
SF,IF2003,2020-01-17 09:30:09.300,4187.8000,44698,0,136929300.000,21,10,11,多换,S,4186.0000,4185.8000,4185.2000,4185.0000,4183.4000,4186.2000,4187.8000,4188.0000,4188.2000,4188.4000,2,5,1,1,1,6,2,1,2,1
SF,IF2003,2020-01-17 09:30:09.800,4188.2000,44679,-19,163306020.000,21,1,20,多平,S,4186.0000,4185.8000,4185.2000,4185.0000,4183.4000,4188.4000,4188.6000,4188.8000,4189.0000,4189.6000,1,6,1,1,1,1,1,12,3,3
SF,IF2003,2020-01-17 09:30:10.300,4185.8000,44679,0,167073300.000,3,1,2,多换,S,4185.8000,4185.2000,4185.0000,4183.4000,4183.0000,4186.0000,4187.4000,4188.0000,4188.2000,4188.4000,5,1,1,1,2,1,2,1,5,2
SF,IF2003,2020-01-17 09:30:10.800,4186.0000,44675,-4,175863600.000,7,1,6,多平,S,4185.8000,4185.2000,4185.0000,4183.4000,4183.0000,4188.0000,4188.2000,4188.4000,4188.6000,4188.8000,1,1,1,1,2,1,3,2,1,12
SF,IF2003,2020-01-17 09:30:11.300,4185.8000,44673,-2,178375080.000,2,0,2,双平,S,4186.0000,4185.2000,4185.0000,4183.4000,4183.0000,4187.4000,4187.8000,4188.0000,4188.2000,4188.4000,1,1,1,1,2,5,7,2,2,2
SF,IF2003,2020-01-17 09:30:11.800,4186.8000,44668,-5,187167060.000,7,1,6,多平,S,4185.6000,4185.2000,4185.0000,4183.4000,4183.0000,4186.8000,4187.2000,4187.4000,4187.6000,4187.8000,1,1,1,1,2,1,2,5,5,6
SF,IF2003,2020-01-17 09:30:12.300,4186.8000,44668,0,187167060.000,0,-,-,-,-,4185.8000,4185.6000,4185.2000,4185.0000,4183.4000,4186.6000,4186.8000,4187.2000,4187.4000,4187.8000,1,1,1,1,1,1,1,1,1,4
SF,IF2003,2020-01-17 09:30:12.800,4186.0000,44668,0,188422860.000,1,0,1,多换,S,4185.8000,4185.2000,4185.0000,4183.4000,4183.0000,4186.4000,4186.6000,4187.0000,4187.2000,4187.8000,1,2,1,1,2,1,1,1,1,4
SF,IF2003,2020-01-17 09:30:13.300,4186.4000,44667,-1,192190380.000,3,1,2,多平,S,4186.0000,4185.2000,4185.0000,4183.4000,4183.0000,4186.6000,4187.0000,4187.2000,4187.4000,4187.8000,1,2,1,1,2,1,1,1,1,4
SF,IF2003,2020-01-17 09:30:13.800,4186.4000,44667,0,192190380.000,0,-,-,-,-,4186.0000,4185.2000,4185.0000,4183.4000,4183.0000,4186.4000,4186.6000,4187.2000,4187.4000,4187.8000,1,2,1,1,2,1,1,1,1,4
SF,IF2003,2020-01-17 09:30:14.300,4186.4000,44667,0,193446300.000,1,0,1,多换,S,4186.0000,4185.8000,4185.2000,4185.0000,4183.4000,4186.6000,4187.2000,4187.4000,4187.8000,4188.0000,1,1,2,1,1,1,1,1,4,1
SF,IF2003,2020-01-17 09:30:14.800,4186.4000,44667,0,193446300.000,0,-,-,-,-,4186.0000,4185.8000,4185.2000,4185.0000,4183.4000,4186.4000,4186.6000,4187.2000,4187.4000,4187.8000,1,1,2,1,1,1,1,1,1,4
SF,IF2003,2020-01-17 09:30:15.300,4186.2000,44667,0,195957960.000,2,1,1,多换,S,4185.8000,4185.6000,4185.2000,4185.0000,4183.4000,4186.4000,4186.6000,4187.2000,4187.4000,4187.8000,1,1,2,1,1,1,1,1,1,4
SF,IF2003,2020-01-17 09:30:15.800,4186.2000,44667,0,195957960.000,0,-,-,-,-,4185.8000,4185.6000,4185.2000,4185.0000,4183.4000,4186.0000,4186.4000,4186.6000,4187.2000,4187.4000,1,1,2,1,1,1,1,1,1,1
SF,IF2003,2020-01-17 09:30:16.300,4186.0000,44665,-2,199725300.000,3,0,3,多平,S,4185.2000,4185.0000,4183.4000,4183.0000,4182.0000,4186.4000,4186.6000,4187.4000,4187.8000,4188.0000,2,1,1,2,1,1,1,1,4,2
SF,IF2003,2020-01-17 09:30:16.800,4186.4000,44664,-1,202237020.000,2,0,2,多平,S,4185.2000,4185.0000,4183.4000,4183.0000,4182.0000,4186.6000,4187.4000,4187.8000,4188.0000,4188.2000,2,1,1,2,1,1,1,4,2,1
SF,IF2003,2020-01-17 09:30:17.300,4186.4000,44664,0,203492940.000,1,0,1,多换,S,4185.4000,4185.2000,4185.0000,4183.4000,4183.0000,4186.4000,4186.6000,4187.4000,4187.8000,4188.0000,1,2,2,1,2,5,2,1,4,2
SF,IF2003,2020-01-17 09:30:17.800,4186.4000,44664,0,203492940.000,0,-,-,-,-,4185.6000,4185.4000,4185.2000,4185.0000,4183.4000,4185.8000,4186.2000,4186.4000,4186.6000,4187.4000,1,1,2,2,1,1,5,7,1,1
SF,IF2003,2020-01-17 09:30:18.300,4185.8000,44664,0,204748680.000,1,0,1,多换,S,4185.2000,4185.0000,4183.4000,4183.0000,4182.2000,4186.4000,4186.6000,4187.4000,4187.8000,4188.0000,2,2,1,2,2,2,1,1,4,2
SF,IF2003,2020-01-17 09:30:18.800,4185.2000,44663,-1,207259860.000,2,0,2,多平,S,4185.2000,4185.0000,4183.4000,4183.0000,4182.2000,4186.2000,4186.4000,4186.6000,4187.4000,4187.8000,1,2,1,2,2,1,2,6,1,4
SF,IF2003,2020-01-17 09:30:19.300,4185.2000,44664,1,209770980.000,2,1,1,空开,S,4185.0000,4183.4000,4183.0000,4182.2000,4182.0000,4186.2000,4186.4000,4186.6000,4187.4000,4187.8000,2,1,2,2,1,1,2,6,1,4
SF,IF2003,2020-01-17 09:30:19.800,4186.2000,44664,0,217305720.000,6,3,3,多换,S,4186.2000,4185.0000,4183.4000,4183.0000,4182.2000,4186.4000,4186.6000,4187.4000,4187.8000,4188.0000,1,1,1,2,2,1,5,1,4,3
SF,IF2003,2020-01-17 09:30:20.300,4185.8000,44664,0,219817320.000,2,1,1,多换,S,4185.0000,4183.4000,4183.0000,4182.2000,4182.0000,4185.6000,4186.0000,4186.4000,4186.6000,4187.4000,1,1,2,2,1,1,2,1,5,1
SF,IF2003,2020-01-17 09:30:20.800,4185.8000,44664,0,219817320.000,0,-,-,-,-,4185.2000,4185.0000,4183.4000,4183.0000,4182.2000,4186.0000,4186.2000,4186.4000,4186.6000,4187.4000,1,1,1,2,2,1,2,1,5,1
SF,IF2003,2020-01-17 09:30:21.300,4185.8000,44664,0,221073060.000,1,0,1,多换,S,4185.8000,4185.2000,4185.0000,4183.4000,4183.0000,4186.2000,4186.4000,4186.6000,4187.4000,4187.8000,1,1,1,1,2,2,1,5,1,4
SF,IF2003,2020-01-17 09:30:21.800,4185.8000,44662,-2,223584540.000,2,0,2,双平,S,4185.2000,4185.0000,4183.4000,4183.0000,4182.2000,4186.2000,4186.4000,4186.6000,4187.4000,4187.8000,1,1,1,2,2,2,1,5,1,4
SF,IF2003,2020-01-17 09:30:22.300,4185.2000,44662,0,224840100.000,1,0,1,多换,S,4185.0000,4183.4000,4183.0000,4182.2000,4182.0000,4185.6000,4185.8000,4186.0000,4186.2000,4186.4000,1,1,2,2,1,1,5,1,2,1
SF,IF2003,2020-01-17 09:30:22.800,4185.6000,44662,0,226095780.000,1,0,1,多换,S,4185.0000,4183.4000,4183.0000,4182.2000,4182.0000,4186.0000,4186.4000,4186.6000,4186.8000,4187.4000,1,1,2,2,1,1,1,5,1,1
SF,IF2003,2020-01-17 09:30:23.300,4185.0000,44661,-1,228607020.000,2,0,2,多平,S,4183.4000,4183.0000,4182.2000,4182.0000,4181.2000,4186.0000,4186.4000,4186.6000,4186.8000,4187.4000,1,2,2,1,1,1,1,5,1,1
SF,IF2003,2020-01-17 09:30:23.800,4186.4000,44662,1,241164360.000,10,5,5,空开,S,4186.4000,4183.8000,4183.6000,4183.4000,4183.0000,4186.6000,4186.8000,4187.4000,4187.8000,4188.0000,11,5,4,1,2,5,1,1,3,3
SF,IF2003,2020-01-17 09:30:24.300,4186.4000,44663,1,256235460.000,12,6,6,空开,S,4185.4000,4183.8000,4183.6000,4183.4000,4183.0000,4185.6000,4185.8000,4186.4000,4186.6000,4186.8000,1,4,4,1,2,1,1,1,4,1
SF,IF2003,2020-01-17 09:30:24.800,4185.6000,44661,-2,258746820.000,2,0,2,双平,S,4185.6000,4185.4000,4183.6000,4183.4000,4183.0000,4185.8000,4186.2000,4186.4000,4186.6000,4186.8000,1,1,2,1,2,1,5,1,4,1
SF,IF2003,2020-01-17 09:30:25.300,4185.6000,44660,-1,261258240.000,2,0,2,多平,S,4185.4000,4183.8000,4183.6000,4183.4000,4183.0000,4186.2000,4186.4000,4186.6000,4186.8000,4187.4000,1,1,2,1,2,5,1,4,1,1
SF,IF2003,2020-01-17 09:30:25.800,4185.4000,44659,-1,262513860.000,1,0,1,双平,S,4183.8000,4183.6000,4183.4000,4183.0000,4182.2000,4186.0000,4186.2000,4186.4000,4186.6000,4186.8000,1,2,1,2,2,5,5,1,4,1
SF,IF2003,2020-01-17 09:30:26.300,4185.4000,44659,0,262513860.000,0,-,-,-,-,4184.6000,4184.0000,4183.8000,4183.6000,4183.4000,4185.4000,4185.8000,4186.4000,4186.6000,4186.8000,5,3,3,1,1,1,1,2,4,1
SF,IF2003,2020-01-17 09:30:26.800,4185.4000,44657,-2,265025100.000,2,0,2,双平,S,4184.8000,4184.0000,4183.8000,4183.4000,4183.0000,4186.4000,4186.6000,4186.8000,4187.4000,4187.8000,1,1,3,1,2,2,4,1,2,3
SF,IF2003,2020-01-17 09:30:27.300,4185.4000,44657,0,265025100.000,0,-,-,-,-,4185.0000,4184.8000,4184.0000,4183.8000,4183.4000,4186.2000,4186.4000,4186.6000,4186.8000,4187.4000,1,1,1,1,1,4,2,4,1,2
SF,IF2003,2020-01-17 09:30:27.800,4185.4000,44657,0,265025100.000,0,-,-,-,-,4186.2000,4185.2000,4185.0000,4183.4000,4183.0000,4186.4000,4186.6000,4186.8000,4187.4000,4187.8000,1,1,1,1,2,2,4,1,2,3
SF,IF2003,2020-01-17 09:30:28.300,4185.2000,44658,1,267536520.000,2,1,1,空开,S,4183.4000,4183.0000,4182.2000,4182.0000,4181.2000,4186.0000,4186.2000,4186.4000,4186.6000,4186.8000,1,2,2,1,1,5,3,2,4,1
SF,IF2003,2020-01-17 09:30:28.800,4185.2000,44658,0,267536520.000,0,-,-,-,-,4185.4000,4184.0000,4183.6000,4183.4000,4183.0000,4185.8000,4186.2000,4186.4000,4186.6000,4186.8000,1,6,6,4,2,1,3,2,4,1
SF,IF2003,2020-01-17 09:30:29.300,4185.2000,44658,0,268792080.000,1,0,1,多换,S,4185.0000,4184.2000,4184.0000,4183.6000,4183.4000,4186.2000,4186.4000,4186.6000,4186.8000,4187.4000,5,1,1,8,4,3,2,4,1,2
SF,IF2003,2020-01-17 09:30:29.800,4185.2000,44658,0,268792080.000,0,-,-,-,-,4185.8000,4185.2000,4185.0000,4184.2000,4184.0000,4186.0000,4186.2000,4186.4000,4186.6000,4186.8000,1,1,5,1,2,1,3,2,4,1
SF,IF2003,2020-01-17 09:30:30.300,4185.8000,44657,-1,270047820.000,1,0,1,双平,S,4185.0000,4184.2000,4184.0000,4183.6000,4183.4000,4185.6000,4185.8000,4186.0000,4186.4000,4186.6000,5,1,2,1,2,2,3,2,2,4
SF,IF2003,2020-01-17 09:30:30.800,4185.8000,44657,0,270047820.000,0,-,-,-,-,4185.2000,4185.0000,4184.8000,4184.2000,4184.0000,4186.0000,4186.4000,4186.6000,4186.8000,4187.4000,1,5,2,1,2,2,2,4,1,2
SF,IF2003,2020-01-17 09:30:31.300,4185.8000,44657,0,270047820.000,0,-,-,-,-,4185.0000,4184.8000,4184.2000,4184.0000,4183.6000,4186.0000,4186.4000,4186.6000,4186.8000,4187.4000,5,2,1,2,1,2,2,4,1,2
SF,IF2003,2020-01-17 09:30:31.800,4185.8000,44657,0,270047820.000,0,-,-,-,-,4185.2000,4185.0000,4184.8000,4184.2000,4184.0000,4186.0000,4186.4000,4186.6000,4186.8000,4187.4000,1,5,2,1,2,3,2,4,1,2
SF,IF2003,2020-01-17 09:30:32.300,4186.0000,44656,-1,271303620.000,1,0,1,双平,S,4185.2000,4185.0000,4184.8000,4184.2000,4184.0000,4185.8000,4186.0000,4186.4000,4186.6000,4186.8000,1,5,2,1,2,5,2,2,4,1
SF,IF2003,2020-01-17 09:30:32.800,4185.4000,44656,0,273815040.000,2,1,1,多换,S,4185.2000,4185.0000,4184.8000,4184.2000,4184.0000,4186.0000,4186.4000,4186.6000,4186.8000,4187.4000,1,6,2,1,2,1,2,4,1,2
SF,IF2003,2020-01-17 09:30:33.300,4185.4000,44656,0,273815040.000,0,-,-,-,-,4185.4000,4185.2000,4185.0000,4184.8000,4184.2000,4186.0000,4186.4000,4186.6000,4186.8000,4187.4000,1,1,7,2,1,1,2,4,1,2
SF,IF2003,2020-01-17 09:30:33.800,4186.0000,44655,-1,275070840.000,1,0,1,双平,S,4185.4000,4185.2000,4185.0000,4184.8000,4184.2000,4186.0000,4186.2000,4186.4000,4186.6000,4186.8000,2,1,7,2,1,3,3,2,4,1
SF,IF2003,2020-01-17 09:30:34.300,4185.4000,44654,-1,277582260.000,2,0,2,多平,S,4185.2000,4185.0000,4184.8000,4184.2000,4184.0000,4186.0000,4186.2000,4186.4000,4186.6000,4186.8000,2,7,2,1,2,2,3,2,4,1
SF,IF2003,2020-01-17 09:30:34.800,4185.4000,44654,0,277582260.000,0,-,-,-,-,4185.4000,4185.2000,4185.0000,4184.8000,4184.2000,4186.0000,4186.2000,4186.4000,4186.6000,4186.8000,1,2,7,2,1,2,3,5,4,1
SF,IF2003,2020-01-17 09:30:35.300,4186.0000,44653,-1,278838060.000,1,0,1,双平,S,4185.4000,4185.2000,4185.0000,4184.8000,4184.2000,4186.0000,4186.2000,4186.4000,4186.6000,4186.8000,1,2,7,2,1,1,3,5,4,1
SF,IF2003,2020-01-17 09:30:35.800,4186.2000,44649,-4,283861440.000,4,0,4,双平,S,4186.2000,4185.4000,4185.2000,4185.0000,4184.8000,4186.4000,4186.6000,4186.8000,4187.4000,4187.8000,2,1,2,7,2,5,4,1,2,1
SF,IF2003,2020-01-17 09:30:36.300,4185.4000,44647,-2,287628780.000,3,0,3,多平,S,4185.2000,4185.0000,4184.8000,4184.2000,4184.0000,4186.4000,4186.6000,4186.8000,4187.4000,4187.8000,2,7,2,1,1,5,4,1,2,2
SF,IF2003,2020-01-17 09:30:36.800,4186.4000,44646,-1,295164000.000,6,2,4,多平,S,4185.4000,4185.2000,4185.0000,4184.8000,4184.2000,4186.6000,4186.8000,4187.4000,4187.8000,4188.0000,3,2,7,2,1,4,1,2,2,3
SF,IF2003,2020-01-17 09:30:37.300,4186.4000,44646,0,295164000.000,0,-,-,-,-,4186.0000,4185.4000,4185.2000,4185.0000,4184.8000,4186.4000,4186.6000,4186.8000,4187.0000,4187.4000,1,2,2,7,2,5,4,1,1,2
SF,IF2003,2020-01-17 09:30:37.800,4186.4000,44646,0,295164000.000,0,-,-,-,-,4186.4000,4186.0000,4185.4000,4185.2000,4185.0000,4186.6000,4186.8000,4187.0000,4187.4000,4187.8000,3,1,2,2,7,4,1,1,2,2
SF,IF2003,2020-01-17 09:30:38.300,4186.0000,44646,0,301443360.000,5,2,3,多换,S,4186.0000,4185.4000,4185.2000,4185.0000,4184.8000,4186.6000,4186.8000,4187.0000,4187.4000,4187.8000,10,2,2,7,2,4,1,1,2,2
SF,IF2003,2020-01-17 09:30:38.800,4186.0000,44644,-2,303954960.000,2,0,2,双平,S,4186.0000,4185.4000,4185.2000,4185.0000,4184.8000,4186.6000,4186.8000,4187.0000,4187.4000,4187.8000,8,1,2,7,2,4,1,1,2,2
SF,IF2003,2020-01-17 09:30:39.300,4186.0000,44644,0,303954960.000,0,-,-,-,-,4186.0000,4185.4000,4185.2000,4185.0000,4184.8000,4186.6000,4186.8000,4187.0000,4187.4000,4187.8000,8,2,2,7,2,4,1,1,2,2
SF,IF2003,2020-01-17 09:30:39.800,4186.0000,44644,0,303954960.000,0,-,-,-,-,4186.0000,4185.4000,4185.2000,4185.0000,4184.8000,4186.6000,4186.8000,4187.0000,4187.4000,4187.8000,8,2,2,8,2,4,1,1,2,2
SF,IF2003,2020-01-17 09:30:40.300,4186.0000,44644,0,303954960.000,0,-,-,-,-,4186.0000,4185.4000,4185.2000,4185.0000,4184.8000,4186.4000,4186.6000,4186.8000,4187.0000,4187.4000,8,2,2,8,2,1,4,1,1,1
SF,IF2003,2020-01-17 09:30:40.800,4186.4000,44643,-1,305210880.000,1,0,1,双平,S,4186.0000,4185.4000,4185.2000,4185.0000,4184.8000,4186.6000,4186.8000,4187.0000,4187.4000,4187.8000,8,2,2,8,2,4,1,1,1,2
SF,IF2003,2020-01-17 09:30:41.300,4186.4000,44643,0,305210880.000,0,-,-,-,-,4186.4000,4186.2000,4186.0000,4185.4000,4185.2000,4186.6000,4186.8000,4187.0000,4187.4000,4187.8000,1,5,8,2,2,4,1,1,1,2
SF,IF2003,2020-01-17 09:30:41.800,4186.4000,44643,0,305210880.000,0,-,-,-,-,4186.2000,4186.0000,4185.4000,4185.2000,4185.0000,4186.4000,4186.6000,4186.8000,4187.0000,4187.4000,5,8,2,2,8,1,4,1,1,1
SF,IF2003,2020-01-17 09:30:42.300,4186.6000,44642,-1,308978760.000,3,1,2,多平,S,4186.2000,4186.0000,4185.4000,4185.2000,4185.0000,4186.6000,4186.8000,4187.0000,4187.4000,4187.8000,5,8,2,2,8,2,1,1,1,2
SF,IF2003,2020-01-17 09:30:42.800,4186.4000,44642,0,312746640.000,3,1,2,多换,S,4186.4000,4186.2000,4186.0000,4185.4000,4185.2000,4186.8000,4187.0000,4187.4000,4187.8000,4188.0000,4,5,8,2,2,1,1,1,2,3
SF,IF2003,2020-01-17 09:30:43.300,4186.4000,44642,0,312746640.000,0,-,-,-,-,4186.4000,4186.2000,4186.0000,4185.4000,4185.2000,4186.8000,4187.0000,4187.4000,4187.8000,4188.0000,4,5,8,2,2,1,1,1,2,3
SF,IF2003,2020-01-17 09:30:43.800,4186.6000,44643,1,315258660.000,2,1,1,空开,S,4186.6000,4186.4000,4186.2000,4186.0000,4185.4000,4187.0000,4187.4000,4187.8000,4188.0000,4188.2000,9,4,5,8,1,1,1,2,3,1
SF,IF2003,2020-01-17 09:30:44.300,4186.8000,44639,-4,321539160.000,5,0,5,多平,S,4186.8000,4186.6000,4186.4000,4186.2000,4186.0000,4187.8000,4188.0000,4188.2000,4188.4000,4188.6000,1,9,4,5,8,2,3,1,3,1
SF,IF2003,2020-01-17 09:30:44.800,4186.8000,44639,0,321539160.000,0,-,-,-,-,4187.0000,4186.8000,4186.6000,4186.4000,4186.2000,4187.2000,4187.8000,4188.0000,4188.2000,4188.4000,7,3,10,4,5,2,2,3,1,3
SF,IF2003,2020-01-17 09:30:45.300,4187.2000,44636,-3,325307640.000,3,0,3,双平,S,4187.0000,4186.8000,4186.6000,4186.4000,4186.2000,4187.6000,4187.8000,4188.0000,4188.2000,4188.4000,5,3,10,4,5,3,2,3,1,3
SF,IF2003,2020-01-17 09:30:45.800,4187.2000,44635,-1,326563800.000,1,0,1,双平,S,4187.2000,4187.0000,4186.8000,4186.6000,4186.4000,4187.6000,4187.8000,4188.0000,4188.2000,4188.4000,1,5,3,10,4,1,2,3,1,3
SF,IF2003,2020-01-17 09:30:46.300,4187.6000,44633,-2,329076240.000,2,0,2,双平,S,4187.0000,4186.8000,4186.6000,4186.4000,4186.2000,4187.8000,4188.0000,4188.2000,4188.4000,4188.6000,6,3,10,4,5,2,3,1,3,1
SF,IF2003,2020-01-17 09:30:46.800,4187.6000,44633,0,329076240.000,0,-,-,-,-,4187.0000,4186.8000,4186.6000,4186.4000,4186.2000,4187.4000,4187.8000,4188.0000,4188.2000,4188.4000,7,5,10,4,5,5,2,3,1,3
SF,IF2003,2020-01-17 09:30:47.300,4187.0000,44633,0,330332340.000,1,0,1,多换,S,4187.0000,4186.8000,4186.6000,4186.4000,4186.2000,4187.4000,4187.8000,4188.0000,4188.2000,4188.4000,6,5,10,4,5,5,2,3,1,3
SF,IF2003,2020-01-17 09:30:47.800,4187.4000,44633,0,331588560.000,1,0,1,多换,S,4187.0000,4186.8000,4186.6000,4186.4000,4186.2000,4187.4000,4187.8000,4188.0000,4188.2000,4188.4000,6,5,10,4,5,4,2,3,1,3
SF,IF2003,2020-01-17 09:30:48.300,4187.4000,44633,0,331588560.000,0,-,-,-,-,4187.0000,4186.8000,4186.6000,4186.4000,4186.2000,4187.4000,4187.8000,4188.0000,4188.2000,4188.4000,6,5,10,4,5,4,2,3,1,3
SF,IF2003,2020-01-17 09:30:48.800,4187.4000,44633,0,331588560.000,0,-,-,-,-,4187.0000,4186.8000,4186.6000,4186.4000,4186.2000,4187.8000,4188.0000,4188.2000,4188.4000,4188.6000,6,5,10,4,5,2,3,1,3,1
SF,IF2003,2020-01-17 09:30:49.300,4187.2000,44632,-1,334100880.000,2,0,2,多平,S,4187.2000,4187.0000,4186.8000,4186.6000,4186.4000,4187.6000,4187.8000,4188.0000,4188.2000,4188.4000,1,6,5,10,4,5,2,3,1,3
SF,IF2003,2020-01-17 09:30:49.800,4187.2000,44632,0,334100880.000,0,-,-,-,-,4187.2000,4187.0000,4186.8000,4186.6000,4186.4000,4187.6000,4187.8000,4188.0000,4188.2000,4188.4000,1,7,5,10,4,5,2,3,1,3
SF,IF2003,2020-01-17 09:30:50.300,4187.8000,44631,-1,336613380.000,2,0,2,多平,S,4187.4000,4187.0000,4186.8000,4186.6000,4186.2000,4188.0000,4188.2000,4188.4000,4188.6000,4188.8000,10,7,5,10,5,3,1,3,1,12
SF,IF2003,2020-01-17 09:30:50.800,4187.4000,44632,1,337869600.000,1,1,0,双开,S,4187.4000,4187.0000,4186.8000,4186.6000,4186.2000,4187.6000,4188.0000,4188.2000,4188.4000,4188.6000,9,7,5,10,5,2,3,1,3,1
SF,IF2003,2020-01-17 09:30:51.300,4187.4000,44633,1,345406920.000,6,3,3,空开,S,4187.4000,4187.0000,4186.8000,4186.6000,4186.2000,4187.6000,4187.8000,4188.0000,4188.2000,4188.4000,3,7,3,10,5,2,4,3,1,3
SF,IF2003,2020-01-17 09:30:51.800,4187.4000,44633,0,345406920.000,0,-,-,-,-,4187.4000,4187.0000,4186.8000,4186.6000,4186.2000,4188.0000,4188.2000,4188.4000,4188.6000,4188.8000,3,8,3,10,5,3,1,3,1,12
SF,IF2003,2020-01-17 09:30:52.300,4187.8000,44628,-5,351688620.000,5,0,5,双平,S,4187.4000,4187.0000,4186.8000,4186.6000,4186.2000,4188.0000,4188.2000,4188.4000,4188.6000,4188.8000,3,8,3,9,5,3,1,3,1,12
SF,IF2003,2020-01-17 09:30:52.800,4187.6000,44623,-5,359227200.000,6,0,6,多平,S,4188.0000,4187.4000,4187.0000,4186.8000,4186.6000,4188.8000,4189.0000,4189.6000,4189.8000,4190.0000,1,3,8,3,9,12,6,3,4,3
SF,IF2003,2020-01-17 09:30:53.300,4188.0000,44622,-1,373046820.000,11,5,6,多平,S,4188.0000,4187.4000,4187.0000,4186.8000,4186.6000,4188.4000,4188.6000,4188.8000,4189.0000,4189.6000,1,2,8,3,9,7,2,15,6,3
SF,IF2003,2020-01-17 09:30:53.800,4188.0000,44616,-6,381841620.000,7,0,7,多平,S,4187.4000,4187.0000,4186.8000,4186.6000,4186.2000,4188.2000,4188.4000,4188.6000,4188.8000,4189.0000,2,8,3,9,5,1,2,1,16,6
SF,IF2003,2020-01-17 09:30:54.300,4188.0000,44615,-1,383098020.000,1,0,1,双平,S,4187.4000,4187.0000,4186.8000,4186.6000,4186.2000,4187.6000,4188.4000,4188.6000,4188.8000,4189.0000,2,8,3,9,5,4,2,1,16,6
SF,IF2003,2020-01-17 09:30:54.800,4187.6000,44606,-9,395662560.000,10,0,10,多平,S,4187.6000,4187.4000,4187.2000,4187.0000,4186.8000,4188.8000,4189.0000,4189.6000,4189.8000,4190.0000,4,2,3,8,3,12,6,3,4,3
SF,IF2003,2020-01-17 09:30:55.300,4188.0000,44600,-6,403200960.000,6,0,6,双平,S,4187.6000,4187.4000,4187.2000,4187.0000,4186.8000,4188.4000,4188.6000,4188.8000,4189.0000,4189.6000,3,2,3,8,3,1,2,13,6,3
SF,IF2003,2020-01-17 09:30:55.800,4187.8000,44599,-1,404457300.000,1,0,1,双平,S,4187.6000,4187.4000,4187.2000,4187.0000,4186.8000,4188.0000,4188.4000,4188.6000,4188.8000,4189.0000,3,2,3,8,3,1,5,2,11,6
SF,IF2003,2020-01-17 09:30:56.300,4188.8000,44593,-6,411996840.000,6,0,6,双平,S,4188.0000,4187.8000,4187.4000,4187.2000,4187.0000,4188.8000,4189.0000,4189.6000,4189.8000,4190.0000,7,2,2,3,8,5,6,3,4,3
SF,IF2003,2020-01-17 09:30:56.800,4188.4000,44592,-1,418279080.000,5,2,3,多平,S,4188.0000,4187.8000,4187.4000,4187.2000,4187.0000,4188.4000,4188.6000,4188.8000,4189.0000,4189.6000,2,1,2,3,8,8,3,5,6,3
SF,IF2003,2020-01-17 09:30:57.300,4188.8000,44587,-5,425818740.000,6,0,6,多平,S,4188.2000,4188.0000,4187.8000,4187.4000,4187.2000,4188.8000,4189.0000,4189.6000,4189.8000,4190.0000,1,2,2,2,3,2,6,3,4,3
SF,IF2003,2020-01-17 09:30:57.800,4188.6000,44581,-6,437127000.000,9,1,8,多平,S,4188.0000,4187.8000,4187.4000,4187.2000,4187.0000,4188.8000,4189.0000,4189.6000,4189.8000,4190.0000,7,1,2,3,8,2,6,3,4,3
SF,IF2003,2020-01-17 09:30:58.300,4188.6000,44581,0,437127000.000,0,-,-,-,-,4188.4000,4188.2000,4188.0000,4187.8000,4187.4000,4188.8000,4189.0000,4189.6000,4189.8000,4190.0000,3,1,7,2,2,2,6,3,4,3
SF,IF2003,2020-01-17 09:30:58.800,4188.8000,44579,-2,443409840.000,5,1,4,多平,S,4188.8000,4188.2000,4188.0000,4187.8000,4187.4000,4189.0000,4189.6000,4189.8000,4190.0000,4190.8000,4,1,7,2,2,6,3,4,3,4
SF,IF2003,2020-01-17 09:30:59.300,4189.0000,44574,-5,450949800.000,6,0,6,多平,S,4188.4000,4188.2000,4188.0000,4187.8000,4187.4000,4189.0000,4189.6000,4189.8000,4190.0000,4190.8000,2,1,7,2,2,4,3,4,3,4
SF,IF2003,2020-01-17 09:30:59.800,4188.6000,44573,-1,452206380.000,1,0,1,双平,S,4188.4000,4188.2000,4188.0000,4187.8000,4187.4000,4189.0000,4189.6000,4189.8000,4190.0000,4190.8000,2,1,7,2,2,6,3,4,3,4
SF,IF2003,2020-01-17 09:31:00.300,4188.4000,44573,0,453462900.000,1,0,1,多换,S,4188.4000,4188.2000,4188.0000,4187.8000,4187.4000,4189.0000,4189.6000,4189.8000,4190.0000,4190.8000,1,1,7,2,2,6,3,4,3,4
SF,IF2003,2020-01-17 09:31:00.800,4188.8000,44570,-3,458489400.000,4,0,4,多平,S,4188.6000,4188.4000,4188.2000,4188.0000,4187.8000,4188.8000,4189.0000,4189.6000,4189.8000,4190.0000,1,1,1,7,2,1,6,3,4,3
SF,IF2003,2020-01-17 09:31:01.300,4189.0000,44571,1,462259320.000,3,2,1,空开,S,4188.4000,4188.2000,4188.0000,4187.8000,4187.4000,4189.0000,4189.6000,4189.8000,4190.0000,4190.8000,1,1,7,2,2,4,3,4,3,4
SF,IF2003,2020-01-17 09:31:01.800,4189.0000,44568,-3,469799220.000,6,1,5,多平,S,4188.6000,4188.4000,4188.2000,4188.0000,4187.8000,4189.0000,4189.6000,4189.8000,4190.0000,4190.8000,1,1,1,7,2,1,3,4,3,4
SF,IF2003,2020-01-17 09:31:02.300,4189.0000,44568,0,471055920.000,1,0,1,多换,S,4189.4000,4188.8000,4188.6000,4188.2000,4188.0000,4189.6000,4189.8000,4190.0000,4190.8000,4191.0000,1,5,2,1,7,3,4,3,4,1
SF,IF2003,2020-01-17 09:31:02.800,4189.4000,44566,-2,474826380.000,3,0,3,多平,S,4189.0000,4188.8000,4188.2000,4188.0000,4187.8000,4189.4000,4189.6000,4189.8000,4190.0000,4190.8000,4,5,1,7,2,2,3,4,3,4
SF,IF2003,2020-01-17 09:31:03.300,4189.6000,44563,-3,479853780.000,4,0,4,多平,S,4189.4000,4189.2000,4189.0000,4188.8000,4188.0000,4189.6000,4189.8000,4190.0000,4190.8000,4191.0000,3,1,2,5,7,1,4,3,4,1
SF,IF2003,2020-01-17 09:31:03.800,4189.0000,44561,-2,483624120.000,3,0,3,多平,S,4189.0000,4188.8000,4188.0000,4187.8000,4187.6000,4189.2000,4189.4000,4189.8000,4190.0000,4190.8000,1,5,7,2,1,4,1,4,3,4
SF,IF2003,2020-01-17 09:31:04.300,4189.0000,44557,-4,489907860.000,5,0,5,多平,S,4188.8000,4188.0000,4187.8000,4187.6000,4187.4000,4189.0000,4189.4000,4189.8000,4190.0000,4190.8000,6,7,2,1,2,4,1,4,3,4
SF,IF2003,2020-01-17 09:31:04.800,4189.4000,44553,-4,496191480.000,5,0,5,多平,S,4189.4000,4189.2000,4189.0000,4188.8000,4188.0000,4189.8000,4190.0000,4190.8000,4191.0000,4191.2000,7,1,1,6,7,4,3,4,1,1
SF,IF2003,2020-01-17 09:31:05.300,4189.4000,44553,0,497448300.000,1,0,1,多换,S,4189.4000,4189.0000,4188.8000,4188.0000,4187.8000,4189.8000,4190.0000,4190.8000,4191.0000,4191.2000,6,3,6,7,2,4,3,4,1,1
SF,IF2003,2020-01-17 09:31:05.800,4189.4000,44553,0,504989220.000,6,3,3,多换,S,4189.0000,4188.8000,4188.0000,4187.8000,4187.6000,4189.4000,4189.8000,4190.0000,4190.8000,4191.0000,3,6,7,2,1,3,5,3,4,1
SF,IF2003,2020-01-17 09:31:06.300,4189.4000,44553,0,504989220.000,0,-,-,-,-,4189.2000,4189.0000,4188.8000,4188.0000,4187.8000,4189.6000,4189.8000,4190.0000,4190.8000,4191.0000,1,3,6,7,2,2,5,3,4,1
SF,IF2003,2020-01-17 09:31:06.800,4189.2000,44551,-2,508759740.000,3,0,3,多平,S,4189.0000,4188.8000,4188.0000,4187.8000,4187.6000,4189.8000,4190.0000,4190.8000,4191.0000,4191.2000,2,6,7,2,1,5,3,4,1,1
SF,IF2003,2020-01-17 09:31:07.300,4189.2000,44551,0,508759740.000,0,-,-,-,-,4189.0000,4188.8000,4188.0000,4187.8000,4187.6000,4189.4000,4189.6000,4189.8000,4190.0000,4190.8000,2,1,7,2,1,5,1,5,3,4
SF,IF2003,2020-01-17 09:31:07.800,4189.0000,44550,-1,511273260.000,2,0,2,多平,S,4189.0000,4188.8000,4188.0000,4187.8000,4187.6000,4189.4000,4189.8000,4190.0000,4190.8000,4191.0000,1,1,7,2,1,4,5,3,4,1
SF,IF2003,2020-01-17 09:31:08.300,4189.0000,44549,-1,512529960.000,1,0,1,双平,S,4188.8000,4188.0000,4187.8000,4187.6000,4187.4000,4189.0000,4189.8000,4190.0000,4190.8000,4191.0000,1,7,2,1,2,1,5,3,4,1
SF,IF2003,2020-01-17 09:31:08.800,4189.8000,44548,-1,517557120.000,4,1,3,多平,S,4188.0000,4187.8000,4187.6000,4187.4000,4187.2000,4189.8000,4190.0000,4190.8000,4191.0000,4191.2000,7,2,1,2,3,4,3,4,1,1
SF,IF2003,2020-01-17 09:31:09.300,4189.8000,44548,0,517557120.000,0,-,-,-,-,4188.2000,4188.0000,4187.8000,4187.6000,4187.4000,4189.0000,4189.6000,4189.8000,4190.0000,4190.8000,1,7,2,1,2,1,7,4,3,4
SF,IF2003,2020-01-17 09:31:09.800,4189.0000,44547,-1,518813820.000,1,0,1,双平,S,4188.4000,4188.2000,4188.0000,4187.8000,4187.6000,4189.6000,4189.8000,4190.0000,4190.8000,4191.0000,1,1,7,2,1,8,4,3,4,1
SF,IF2003,2020-01-17 09:31:10.300,4189.0000,44547,0,518813820.000,0,-,-,-,-,4188.4000,4188.2000,4188.0000,4187.8000,4187.6000,4189.4000,4189.6000,4189.8000,4190.0000,4190.8000,1,1,7,2,1,1,3,4,3,4
SF,IF2003,2020-01-17 09:31:10.800,4189.0000,44547,0,518813820.000,0,-,-,-,-,4188.4000,4188.2000,4188.0000,4187.8000,4187.6000,4189.2000,4189.6000,4189.8000,4190.0000,4190.8000,1,1,7,2,1,1,3,4,3,4
SF,IF2003,2020-01-17 09:31:11.300,4189.0000,44547,0,518813820.000,0,-,-,-,-,4189.0000,4188.4000,4188.2000,4188.0000,4187.8000,4189.6000,4189.8000,4190.0000,4190.8000,4191.0000,2,2,1,1,2,3,4,3,4,1
SF,IF2003,2020-01-17 09:31:11.800,4189.4000,44547,0,523840920.000,4,2,2,多换,S,4188.4000,4188.2000,4188.0000,4187.8000,4187.6000,4189.6000,4189.8000,4190.0000,4190.8000,4191.0000,2,1,2,2,1,2,4,3,4,1
SF,IF2003,2020-01-17 09:31:12.300,4188.4000,44545,-2,526354020.000,2,0,2,双平,S,4188.4000,4188.2000,4188.0000,4187.8000,4187.6000,4189.2000,4189.4000,4189.6000,4189.8000,4190.0000,1,1,2,2,1,4,1,2,4,3
SF,IF2003,2020-01-17 09:31:12.800,4188.4000,44544,-1,528867240.000,2,0,2,多平,S,4188.2000,4188.0000,4187.8000,4187.6000,4187.4000,4189.6000,4189.8000,4190.0000,4190.8000,4191.0000,1,2,2,1,3,2,4,3,4,1
SF,IF2003,2020-01-17 09:31:13.300,4188.4000,44544,0,528867240.000,0,-,-,-,-,4188.0000,4187.8000,4187.6000,4187.4000,4187.2000,4189.4000,4189.6000,4189.8000,4190.0000,4190.8000,2,2,1,3,3,3,2,4,3,4
SF,IF2003,2020-01-17 09:31:13.800,4188.0000,44542,-2,532636500.000,3,0,3,多平,S,4188.0000,4187.8000,4187.6000,4187.4000,4187.2000,4189.4000,4189.6000,4189.8000,4190.0000,4190.8000,1,2,1,3,3,3,1,4,3,4
SF,IF2003,2020-01-17 09:31:14.300,4187.6000,44540,-2,537661860.000,4,1,3,多平,S,4187.4000,4187.2000,4187.0000,4186.6000,4186.2000,4189.4000,4189.6000,4189.8000,4190.0000,4190.8000,3,3,6,11,5,4,1,5,3,4
SF,IF2003,2020-01-17 09:31:14.800,4187.6000,44535,-5,543943260.000,5,0,5,双平,S,4188.0000,4187.8000,4187.6000,4187.4000,4187.2000,4188.2000,4189.2000,4189.4000,4189.6000,4189.8000,1,5,3,3,3,2,1,3,1,5
SF,IF2003,2020-01-17 09:31:15.300,4188.2000,44533,-2,546456180.000,2,0,2,双平,S,4188.8000,4188.2000,4188.0000,4187.4000,4187.2000,4189.4000,4189.6000,4189.8000,4190.0000,4190.8000,1,2,2,3,3,2,1,5,3,4
SF,IF2003,2020-01-17 09:31:15.800,4188.8000,44532,-1,547712820.000,1,0,1,双平,S,4188.4000,4188.2000,4188.0000,4187.4000,4187.2000,4189.4000,4189.6000,4189.8000,4190.0000,4190.8000,2,1,3,3,3,1,1,5,3,4
SF,IF2003,2020-01-17 09:31:16.300,4188.8000,44532,0,547712820.000,0,-,-,-,-,4188.6000,4188.4000,4188.2000,4188.0000,4187.4000,4189.4000,4189.6000,4189.8000,4190.0000,4190.8000,1,2,1,3,3,1,1,4,3,4
SF,IF2003,2020-01-17 09:31:16.800,4189.4000,44531,-1,548969640.000,1,0,1,双平,S,4188.2000,4188.0000,4187.4000,4187.2000,4187.0000,4188.8000,4189.6000,4189.8000,4190.0000,4190.8000,1,4,3,3,6,2,1,4,3,4
SF,IF2003,2020-01-17 09:31:17.300,4189.2000,44529,-2,552739680.000,3,0,3,多平,S,4189.4000,4188.2000,4188.0000,4187.4000,4187.2000,4189.6000,4189.8000,4190.0000,4190.8000,4191.0000,1,1,4,3,3,1,4,3,4,1
SF,IF2003,2020-01-17 09:31:17.800,4188.8000,44529,0,557766840.000,4,2,2,多换,S,4188.8000,4188.2000,4188.0000,4187.4000,4187.2000,4189.4000,4189.8000,4190.0000,4190.8000,4191.0000,2,1,3,3,3,4,4,3,4,1
SF,IF2003,2020-01-17 09:31:18.300,4189.0000,44529,0,559023540.000,1,0,1,多换,S,4188.8000,4188.2000,4188.0000,4187.4000,4187.2000,4189.4000,4189.6000,4189.8000,4190.0000,4190.8000,2,1,3,3,3,4,1,4,3,4
SF,IF2003,2020-01-17 09:31:18.800,4189.4000,44529,0,564050820.000,4,2,2,多换,S,4189.4000,4189.0000,4188.8000,4188.6000,4188.2000,4189.6000,4189.8000,4190.0000,4190.8000,4191.0000,1,1,2,2,1,1,4,3,4,1
SF,IF2003,2020-01-17 09:31:19.300,4189.4000,44529,0,564050820.000,0,-,-,-,-,4189.4000,4188.8000,4188.6000,4188.2000,4188.0000,4189.6000,4189.8000,4190.0000,4190.8000,4191.0000,1,2,2,1,3,2,4,3,4,1
SF,IF2003,2020-01-17 09:31:19.800,4189.4000,44529,0,565307640.000,1,0,1,多换,S,4188.6000,4188.2000,4188.0000,4187.4000,4187.2000,4189.4000,4189.6000,4189.8000,4190.0000,4190.8000,2,1,3,3,3,2,2,4,3,4
SF,IF2003,2020-01-17 09:31:20.300,4188.6000,44528,-1,566564220.000,1,0,1,双平,S,4188.6000,4188.2000,4188.0000,4187.4000,4187.2000,4189.2000,4189.4000,4189.6000,4189.8000,4190.0000,1,2,2,3,3,1,4,2,4,4
SF,IF2003,2020-01-17 09:31:20.800,4188.6000,44528,0,566564220.000,0,-,-,-,-,4189.2000,4188.6000,4188.4000,4188.2000,4188.0000,4189.4000,4189.6000,4189.8000,4190.0000,4190.8000,5,2,1,2,2,1,3,4,4,4
SF,IF2003,2020-01-17 09:31:21.300,4188.6000,44521,-7,575361180.000,7,0,7,双平,S,4189.0000,4188.4000,4188.2000,4188.0000,4187.4000,4189.2000,4189.4000,4189.6000,4189.8000,4190.0000,1,1,2,3,3,7,1,3,4,4
SF,IF2003,2020-01-17 09:31:21.800,4189.2000,44515,-6,586671600.000,9,1,8,多平,S,4189.2000,4188.4000,4188.2000,4188.0000,4187.4000,4189.4000,4189.6000,4189.8000,4190.0000,4190.8000,3,1,2,3,3,1,3,5,4,4
SF,IF2003,2020-01-17 09:31:22.300,4189.2000,44514,-1,591698640.000,4,1,3,多平,S,4189.0000,4188.4000,4188.2000,4188.0000,4187.4000,4189.4000,4189.6000,4189.8000,4190.0000,4190.8000,1,1,3,3,3,1,3,5,4,4
SF,IF2003,2020-01-17 09:31:22.800,4189.2000,44514,0,591698640.000,0,-,-,-,-,4189.0000,4188.4000,4188.2000,4188.0000,4187.4000,4189.4000,4189.6000,4189.8000,4190.0000,4190.8000,1,1,3,3,3,2,3,5,4,4
SF,IF2003,2020-01-17 09:31:23.300,4189.4000,44514,0,595468980.000,3,1,2,多换,S,4188.4000,4188.2000,4188.0000,4187.4000,4187.2000,4189.6000,4189.8000,4190.0000,4190.8000,4191.0000,1,3,3,3,3,3,5,4,4,1
SF,IF2003,2020-01-17 09:31:23.800,4189.4000,44514,0,595468980.000,0,-,-,-,-,4188.4000,4188.2000,4188.0000,4187.4000,4187.2000,4189.4000,4189.6000,4189.8000,4190.0000,4190.8000,1,3,3,3,3,7,3,5,4,4
SF,IF2003,2020-01-17 09:31:24.300,4188.8000,44509,-5,603009720.000,6,0,6,多平,S,4188.4000,4188.2000,4188.0000,4187.4000,4187.2000,4189.2000,4189.4000,4189.6000,4189.8000,4190.0000,1,2,3,3,3,1,3,3,5,4
SF,IF2003,2020-01-17 09:31:24.800,4189.2000,44507,-2,606779760.000,3,0,3,多平,S,4189.2000,4188.2000,4188.0000,4187.4000,4187.2000,4189.4000,4189.6000,4189.8000,4190.0000,4190.8000,3,2,3,3,3,3,3,5,4,4
SF,IF2003,2020-01-17 09:31:25.300,4189.2000,44504,-3,610550040.000,3,0,3,双平,S,4188.2000,4188.0000,4187.4000,4187.2000,4187.0000,4189.2000,4189.4000,4189.6000,4189.8000,4190.0000,1,3,3,3,5,4,3,8,5,4
SF,IF2003,2020-01-17 09:31:25.800,4189.2000,44504,0,610550040.000,0,-,-,-,-,4188.2000,4188.0000,4187.4000,4187.2000,4187.0000,4189.2000,4189.4000,4189.6000,4189.8000,4190.0000,1,3,1,3,5,3,3,8,5,4
SF,IF2003,2020-01-17 09:31:26.300,4188.2000,44503,-1,614320020.000,3,1,2,多平,S,4188.0000,4187.4000,4187.2000,4187.0000,4186.8000,4189.2000,4189.4000,4189.6000,4189.8000,4190.0000,3,1,3,5,1,1,3,8,5,4
SF,IF2003,2020-01-17 09:31:26.800,4188.2000,44503,0,614320020.000,0,-,-,-,-,4188.2000,4188.0000,4187.4000,4187.2000,4187.0000,4189.0000,4189.6000,4189.8000,4190.0000,4190.8000,1,3,1,3,5,1,8,5,4,4
SF,IF2003,2020-01-17 09:31:27.300,4189.0000,44500,-3,618090120.000,3,0,3,双平,S,4188.0000,4187.4000,4187.2000,4187.0000,4186.8000,4189.0000,4189.4000,4189.6000,4189.8000,4190.0000,3,1,3,5,1,2,1,8,5,4
SF,IF2003,2020-01-17 09:31:27.800,4188.0000,44500,0,619346520.000,1,0,1,多换,S,4188.0000,4187.4000,4187.2000,4187.0000,4186.8000,4188.2000,4189.4000,4189.6000,4189.8000,4190.0000,2,1,3,5,1,1,1,8,5,5
SF,IF2003,2020-01-17 09:31:28.300,4188.2000,44497,-3,623115900.000,3,0,3,双平,S,4188.2000,4188.0000,4187.4000,4187.2000,4187.0000,4189.4000,4189.6000,4189.8000,4190.0000,4190.8000,4,2,1,3,5,1,9,5,5,4
SF,IF2003,2020-01-17 09:31:28.800,4189.2000,44495,-2,625629120.000,2,0,2,双平,S,4188.2000,4188.0000,4187.4000,4187.2000,4187.0000,4189.2000,4189.4000,4189.6000,4189.8000,4190.0000,8,2,1,3,5,1,1,9,5,5
SF,IF2003,2020-01-17 09:31:29.300,4189.2000,44495,0,625629120.000,0,-,-,-,-,4188.2000,4188.0000,4187.4000,4187.2000,4187.0000,4189.2000,4189.4000,4189.6000,4189.8000,4190.0000,8,2,1,3,5,1,1,9,5,5
SF,IF2003,2020-01-17 09:31:29.800,4188.4000,44494,-1,626885640.000,1,0,1,双平,S,4188.2000,4188.0000,4187.4000,4187.2000,4187.0000,4189.0000,4189.4000,4189.6000,4189.8000,4190.0000,8,2,1,3,5,1,1,9,5,5
SF,IF2003,2020-01-17 09:31:30.300,4188.4000,44494,0,626885640.000,0,-,-,-,-,4188.4000,4188.2000,4188.0000,4187.4000,4187.2000,4189.0000,4189.4000,4189.6000,4189.8000,4190.0000,1,8,3,1,3,1,1,9,5,5
SF,IF2003,2020-01-17 09:31:30.800,4189.0000,44494,0,628142340.000,1,0,1,多换,S,4189.0000,4188.4000,4188.2000,4188.0000,4187.4000,4189.4000,4189.6000,4189.8000,4190.0000,4190.8000,4,1,8,3,1,1,9,5,5,4
SF,IF2003,2020-01-17 09:31:31.300,4189.0000,44494,0,636939240.000,7,3,4,多换,S,4189.0000,4188.6000,4188.4000,4188.2000,4188.0000,4189.4000,4189.6000,4189.8000,4190.0000,4190.8000,2,5,1,7,3,1,9,15,5,4
SF,IF2003,2020-01-17 09:31:31.800,4189.0000,44494,0,639452640.000,2,1,1,多换,S,4188.6000,4188.4000,4188.2000,4188.0000,4187.4000,4189.2000,4189.4000,4189.6000,4189.8000,4190.0000,5,1,7,3,1,1,1,9,15,5
SF,IF2003,2020-01-17 09:31:32.300,4188.6000,44492,-2,641965800.000,2,0,2,双平,S,4188.6000,4188.4000,4188.2000,4188.0000,4187.4000,4189.0000,4189.2000,4189.4000,4189.6000,4189.8000,3,1,13,3,1,1,1,1,9,15
SF,IF2003,2020-01-17 09:31:32.800,4188.6000,44492,0,641965800.000,0,-,-,-,-,4188.6000,4188.4000,4188.2000,4188.0000,4187.4000,4189.0000,4189.2000,4189.4000,4189.6000,4189.8000,3,1,13,3,1,7,1,2,9,15
SF,IF2003,2020-01-17 09:31:33.300,4188.8000,44490,-2,644479020.000,2,0,2,双平,S,4188.6000,4188.4000,4188.2000,4188.0000,4187.4000,4189.0000,4189.4000,4189.6000,4189.8000,4190.0000,2,1,11,3,1,7,2,9,15,5
SF,IF2003,2020-01-17 09:31:33.800,4188.6000,44488,-2,646992180.000,2,0,2,双平,S,4188.4000,4188.2000,4188.0000,4187.4000,4187.2000,4188.8000,4189.0000,4189.4000,4189.6000,4189.8000,1,11,3,1,3,7,7,2,9,15
SF,IF2003,2020-01-17 09:31:34.300,4188.6000,44488,0,646992180.000,0,-,-,-,-,4188.6000,4188.4000,4188.2000,4188.0000,4187.4000,4188.8000,4189.0000,4189.4000,4189.6000,4189.8000,1,1,11,3,1,7,7,2,9,15
SF,IF2003,2020-01-17 09:31:34.800,4188.6000,44487,-1,648248760.000,1,0,1,双平,S,4188.4000,4188.2000,4188.0000,4187.4000,4187.2000,4188.8000,4189.0000,4189.4000,4189.6000,4189.8000,1,11,3,1,3,7,7,3,9,17
SF,IF2003,2020-01-17 09:31:35.300,4188.4000,44486,-1,649505280.000,1,0,1,双平,S,4188.2000,4188.0000,4187.4000,4187.2000,4187.0000,4188.6000,4188.8000,4189.0000,4189.4000,4189.6000,11,3,1,3,5,2,7,7,3,9
SF,IF2003,2020-01-17 09:31:35.800,4188.4000,44486,0,652018260.000,2,1,1,多换,S,4188.2000,4188.0000,4187.4000,4187.2000,4187.0000,4188.6000,4188.8000,4189.0000,4189.4000,4189.6000,10,4,1,3,5,2,5,7,3,9
SF,IF2003,2020-01-17 09:31:36.300,4188.6000,44485,-1,655787820.000,3,1,2,多平,S,4188.2000,4188.0000,4187.4000,4187.2000,4187.0000,4188.4000,4188.6000,4188.8000,4189.0000,4189.4000,9,4,1,3,5,2,1,4,7,3
SF,IF2003,2020-01-17 09:31:36.800,4188.4000,44485,0,658300800.000,2,1,1,多换,S,4188.2000,4188.0000,4187.4000,4187.2000,4187.0000,4188.4000,4188.6000,4188.8000,4189.0000,4189.4000,9,4,1,3,5,1,1,4,6,3
SF,IF2003,2020-01-17 09:31:37.300,4188.2000,44484,-1,660813780.000,2,0,2,多平,S,4188.2000,4188.0000,4187.4000,4187.2000,4187.0000,4188.8000,4189.0000,4189.4000,4189.6000,4189.8000,8,4,1,3,5,4,6,3,9,18
SF,IF2003,2020-01-17 09:31:37.800,4188.2000,44483,-1,663326700.000,2,0,2,多平,S,4188.2000,4188.0000,4187.4000,4187.2000,4187.0000,4188.8000,4189.0000,4189.4000,4189.6000,4189.8000,6,4,1,3,5,4,6,3,9,18
SF,IF2003,2020-01-17 09:31:38.300,4188.2000,44478,-5,672121920.000,7,1,6,多平,S,4188.0000,4187.4000,4187.2000,4187.0000,4186.8000,4188.2000,4188.6000,4188.8000,4189.0000,4189.4000,4,1,3,5,1,1,6,4,6,3
SF,IF2003,2020-01-17 09:31:38.800,4188.2000,44478,0,672121920.000,0,-,-,-,-,4188.0000,4187.4000,4187.2000,4187.0000,4186.8000,4188.2000,4188.4000,4188.6000,4188.8000,4189.0000,4,1,3,5,1,1,1,4,4,6
SF,IF2003,2020-01-17 09:31:39.300,4188.0000,44474,-4,679660440.000,6,1,5,多平,S,4187.4000,4187.2000,4187.0000,4186.8000,4186.6000,4188.0000,4188.6000,4188.8000,4189.0000,4189.4000,1,3,5,1,1,5,1,4,6,3
SF,IF2003,2020-01-17 09:31:39.800,4187.4000,44470,-4,685942260.000,5,0,5,多平,S,4187.2000,4187.0000,4186.8000,4186.6000,4186.0000,4188.0000,4188.6000,4188.8000,4189.0000,4189.4000,3,5,1,1,7,2,1,4,6,3
SF,IF2003,2020-01-17 09:31:40.300,4187.2000,44470,0,687198420.000,1,0,1,多换,S,4187.2000,4187.0000,4186.8000,4186.6000,4186.0000,4188.0000,4188.6000,4188.8000,4189.0000,4189.4000,2,5,1,1,7,2,2,4,6,3
SF,IF2003,2020-01-17 09:31:40.800,4187.2000,44468,-2,689710740.000,2,0,2,双平,S,4187.0000,4186.8000,4186.6000,4186.0000,4185.8000,4187.2000,4187.8000,4188.0000,4188.6000,4188.8000,5,1,1,7,1,1,1,2,2,4
SF,IF2003,2020-01-17 09:31:41.300,4187.2000,44467,-1,690966900.000,1,0,1,双平,S,4187.2000,4187.0000,4186.8000,4186.6000,4186.0000,4187.8000,4188.0000,4188.6000,4189.0000,4189.4000,1,5,1,1,7,1,2,2,1,3
SF,IF2003,2020-01-17 09:31:41.800,4187.2000,44467,0,690966900.000,0,-,-,-,-,4187.0000,4186.8000,4186.6000,4186.0000,4185.8000,4187.2000,4187.4000,4187.8000,4188.0000,4188.6000,5,1,1,7,1,1,1,1,2,2
SF,IF2003,2020-01-17 09:31:42.300,4187.4000,44466,-1,693479280.000,2,0,2,多平,S,4187.6000,4187.4000,4187.2000,4187.0000,4186.8000,4188.0000,4188.6000,4189.4000,4189.6000,4189.8000,1,1,4,5,1,2,2,3,8,18
SF,IF2003,2020-01-17 09:31:42.800,4187.4000,44466,0,693479280.000,0,-,-,-,-,4187.4000,4187.2000,4187.0000,4186.8000,4186.6000,4187.6000,4187.8000,4188.0000,4188.6000,4189.4000,3,3,5,1,1,2,1,2,2,3
SF,IF2003,2020-01-17 09:31:43.300,4187.2000,44463,-3,697247880.000,3,0,3,双平,S,4187.2000,4187.0000,4186.8000,4186.6000,4186.0000,4187.6000,4187.8000,4188.0000,4188.6000,4189.4000,2,5,1,1,7,2,1,1,2,3
SF,IF2003,2020-01-17 09:31:43.800,4187.2000,44463,0,697247880.000,0,-,-,-,-,4187.2000,4187.0000,4186.8000,4186.6000,4186.0000,4187.6000,4187.8000,4188.0000,4188.6000,4189.4000,2,5,1,1,7,1,1,1,2,3
SF,IF2003,2020-01-17 09:31:44.300,4187.2000,44463,0,697247880.000,0,-,-,-,-,4187.2000,4187.0000,4186.8000,4186.6000,4186.0000,4187.6000,4187.8000,4188.4000,4188.6000,4189.4000,2,5,1,1,7,1,1,4,2,3
SF,IF2003,2020-01-17 09:31:44.800,4187.2000,44462,-1,698504040.000,1,0,1,双平,S,4187.2000,4187.0000,4186.8000,4186.6000,4186.0000,4187.6000,4187.8000,4188.6000,4189.4000,4189.6000,1,6,1,1,7,1,1,1,3,8
SF,IF2003,2020-01-17 09:31:45.300,4187.2000,44462,0,698504040.000,0,-,-,-,-,4187.2000,4187.0000,4186.8000,4186.6000,4186.0000,4187.6000,4188.0000,4188.6000,4189.4000,4189.6000,1,6,1,1,7,1,1,1,3,8
SF,IF2003,2020-01-17 09:31:45.800,4187.4000,44462,0,704784960.000,5,2,3,多换,S,4187.0000,4186.8000,4186.6000,4186.0000,4185.8000,4187.6000,4188.0000,4188.6000,4189.4000,4189.6000,6,1,1,7,1,1,1,1,3,8
SF,IF2003,2020-01-17 09:31:46.300,4187.0000,44462,0,706041060.000,1,0,1,多换,S,4187.0000,4186.8000,4186.6000,4186.0000,4185.8000,4187.4000,4187.6000,4188.0000,4188.6000,4189.4000,5,2,1,7,1,1,1,1,1,2
SF,IF2003,2020-01-17 09:31:46.800,4187.0000,44462,0,706041060.000,0,-,-,-,-,4187.0000,4186.8000,4186.6000,4186.0000,4185.8000,4187.4000,4187.6000,4188.0000,4188.6000,4189.4000,5,2,1,7,1,1,1,1,1,2
SF,IF2003,2020-01-17 09:31:47.300,4187.0000,44462,0,707297160.000,1,0,1,多换,S,4187.0000,4186.8000,4186.6000,4186.0000,4185.8000,4187.4000,4187.6000,4188.0000,4188.6000,4189.4000,4,2,1,7,1,1,1,1,1,2
SF,IF2003,2020-01-17 09:31:47.800,4187.0000,44461,-1,712321560.000,4,1,3,多平,S,4186.8000,4186.6000,4186.0000,4185.8000,4185.4000,4187.0000,4187.4000,4187.6000,4188.0000,4188.6000,2,1,7,1,1,2,1,1,1,1
SF,IF2003,2020-01-17 09:31:48.300,4186.8000,44460,-1,714833640.000,2,0,2,多平,S,4186.6000,4186.0000,4185.8000,4185.4000,4185.2000,4187.0000,4187.2000,4187.4000,4188.0000,4188.6000,1,7,1,1,3,4,1,1,1,1
SF,IF2003,2020-01-17 09:31:48.800,4186.8000,44460,0,714833640.000,0,-,-,-,-,4186.6000,4186.0000,4185.8000,4185.4000,4185.2000,4187.0000,4187.2000,4187.4000,4188.0000,4188.6000,1,7,1,1,3,4,1,1,1,1
SF,IF2003,2020-01-17 09:31:49.300,4186.8000,44460,0,714833640.000,0,-,-,-,-,4186.6000,4186.0000,4185.8000,4185.4000,4185.2000,4187.0000,4187.2000,4187.4000,4188.0000,4188.6000,1,7,1,1,3,4,1,1,1,1
SF,IF2003,2020-01-17 09:31:49.800,4186.6000,44460,0,716089620.000,1,0,1,多换,S,4186.0000,4185.8000,4185.4000,4185.2000,4185.0000,4186.8000,4187.0000,4187.2000,4187.4000,4188.0000,7,1,1,3,11,4,4,1,1,1
SF,IF2003,2020-01-17 09:31:50.300,4186.0000,44459,-1,717345420.000,1,0,1,双平,S,4186.0000,4185.8000,4185.4000,4185.2000,4185.0000,4186.6000,4186.8000,4187.0000,4187.2000,4187.4000,6,1,1,3,11,5,5,2,1,1
SF,IF2003,2020-01-17 09:31:50.800,4186.0000,44458,-1,718601220.000,1,0,1,双平,S,4186.6000,4186.0000,4185.8000,4185.4000,4185.2000,4186.8000,4187.0000,4187.2000,4187.4000,4188.0000,1,5,1,1,3,2,1,1,1,1
SF,IF2003,2020-01-17 09:31:51.300,4186.6000,44457,-1,719857200.000,1,0,1,双平,S,4186.0000,4185.8000,4185.4000,4185.2000,4185.0000,4186.6000,4186.8000,4187.0000,4187.2000,4187.4000,5,1,1,3,11,1,1,1,1,1
SF,IF2003,2020-01-17 09:31:51.800,4186.6000,44457,0,721113180.000,1,0,1,多换,S,4186.0000,4185.8000,4185.4000,4185.2000,4185.0000,4186.8000,4187.0000,4187.2000,4187.4000,4188.0000,5,1,1,3,11,1,1,1,1,1
SF,IF2003,2020-01-17 09:31:52.300,4186.0000,44455,-2,723625020.000,2,0,2,双平,S,4186.0000,4185.8000,4185.4000,4185.2000,4185.0000,4187.0000,4187.2000,4187.4000,4188.0000,4188.6000,4,1,1,3,11,2,1,1,1,1
SF,IF2003,2020-01-17 09:31:52.800,4186.0000,44455,0,723625020.000,0,-,-,-,-,4186.0000,4185.8000,4185.4000,4185.2000,4185.0000,4186.6000,4187.0000,4187.2000,4187.4000,4187.8000,4,1,1,3,11,4,2,1,1,4
SF,IF2003,2020-01-17 09:31:53.300,4186.0000,44455,0,723625020.000,0,-,-,-,-,4186.0000,4185.8000,4185.4000,4185.2000,4185.0000,4186.2000,4186.6000,4187.0000,4187.2000,4187.4000,4,1,1,3,11,5,7,3,1,1
SF,IF2003,2020-01-17 09:31:53.800,4186.0000,44452,-3,727392480.000,3,0,3,双平,S,4186.0000,4185.8000,4185.4000,4185.2000,4185.0000,4186.6000,4187.0000,4187.2000,4187.4000,4188.0000,2,1,1,3,6,4,3,1,1,1
SF,IF2003,2020-01-17 09:31:54.300,4186.0000,44452,0,727392480.000,0,-,-,-,-,4186.2000,4186.0000,4185.8000,4185.4000,4185.2000,4187.0000,4187.2000,4187.4000,4188.0000,4188.6000,2,2,1,1,3,2,1,1,1,1
SF,IF2003,2020-01-17 09:31:54.800,4186.0000,44454,2,733671480.000,5,3,2,空开,S,4185.8000,4185.4000,4185.2000,4185.0000,4184.8000,4187.0000,4187.2000,4187.4000,4188.0000,4188.6000,1,1,3,6,2,2,1,1,1,1
SF,IF2003,2020-01-17 09:31:55.300,4186.0000,44454,0,733671480.000,0,-,-,-,-,4186.0000,4185.8000,4185.4000,4185.2000,4185.0000,4186.2000,4186.8000,4187.0000,4187.2000,4187.4000,2,1,1,3,6,1,1,2,1,1
SF,IF2003,2020-01-17 09:31:55.800,4186.2000,44453,-1,734927340.000,1,0,1,双平,S,4185.8000,4185.4000,4185.2000,4185.0000,4184.8000,4186.0000,4186.8000,4187.0000,4187.2000,4187.4000,1,1,3,6,2,10,1,2,1,1
SF,IF2003,2020-01-17 09:31:56.300,4185.8000,44453,0,736183080.000,1,0,1,多换,S,4185.4000,4185.2000,4185.0000,4184.8000,4184.2000,4186.0000,4186.8000,4187.0000,4187.2000,4188.0000,1,3,6,2,2,10,1,2,1,1
SF,IF2003,2020-01-17 09:31:56.800,4185.8000,44453,0,736183080.000,0,-,-,-,-,4185.4000,4185.2000,4185.0000,4184.8000,4184.2000,4186.0000,4186.2000,4186.8000,4187.0000,4187.2000,1,3,6,2,2,11,2,1,2,1
SF,IF2003,2020-01-17 09:31:57.300,4186.0000,44452,-1,737438880.000,1,0,1,双平,S,4185.4000,4185.2000,4185.0000,4184.8000,4184.2000,4185.8000,4186.0000,4186.2000,4186.8000,4187.0000,1,3,6,2,2,1,11,2,1,2
SF,IF2003,2020-01-17 09:31:57.800,4186.0000,44447,-5,743717820.000,5,0,5,双平,S,4185.8000,4185.4000,4185.2000,4185.0000,4184.8000,4186.0000,4186.2000,4186.8000,4187.0000,4187.2000,4,1,3,6,2,7,2,1,2,1
SF,IF2003,2020-01-17 09:31:58.300,4186.2000,44439,-8,753764280.000,8,0,8,双平,S,4186.0000,4185.8000,4185.6000,4185.4000,4185.2000,4186.2000,4186.8000,4187.0000,4187.2000,4188.0000,2,2,4,1,3,1,1,2,1,1
SF,IF2003,2020-01-17 09:31:58.800,4186.2000,44437,-2,756275940.000,2,0,2,双平,S,4185.8000,4185.4000,4185.2000,4185.0000,4184.8000,4186.8000,4187.0000,4187.2000,4188.0000,4189.0000,2,1,3,6,2,1,2,1,1,1
SF,IF2003,2020-01-17 09:31:59.300,4185.8000,44436,-1,758787420.000,2,0,2,多平,S,4185.4000,4185.2000,4185.0000,4184.8000,4184.2000,4186.6000,4186.8000,4187.0000,4187.2000,4188.0000,1,3,6,2,2,1,1,2,1,1
SF,IF2003,2020-01-17 09:31:59.800,4185.8000,44435,-1,760043160.000,1,0,1,双平,S,4185.4000,4185.2000,4185.0000,4184.8000,4184.2000,4186.4000,4186.6000,4186.8000,4187.0000,4187.2000,1,3,6,2,2,1,1,1,2,1
SF,IF2003,2020-01-17 09:32:00.300,4185.8000,44435,0,760043160.000,0,-,-,-,-,4185.6000,4185.4000,4185.2000,4185.0000,4184.8000,4185.8000,4186.4000,4186.6000,4186.8000,4187.0000,2,2,3,6,2,5,2,1,1,2
SF,IF2003,2020-01-17 09:32:00.800,4185.8000,44429,-6,773856300.000,11,2,9,多平,S,4185.8000,4185.6000,4185.4000,4185.2000,4185.0000,4186.8000,4187.0000,4187.2000,4188.0000,4189.0000,6,1,2,3,6,1,2,1,1,1
SF,IF2003,2020-01-17 09:32:01.300,4185.8000,44429,0,773856300.000,0,-,-,-,-,4186.0000,4185.4000,4185.2000,4185.0000,4184.8000,4186.6000,4186.8000,4187.0000,4187.2000,4188.0000,1,1,3,6,2,4,1,2,1,1
SF,IF2003,2020-01-17 09:32:01.800,4186.0000,44427,-2,776367900.000,2,0,2,双平,S,4185.8000,4185.4000,4185.2000,4185.0000,4184.8000,4186.4000,4186.6000,4186.8000,4187.0000,4187.2000,2,1,3,6,2,4,4,1,2,1
SF,IF2003,2020-01-17 09:32:02.300,4186.0000,44426,-1,778879620.000,2,0,2,多平,S,4186.0000,4185.8000,4185.4000,4185.2000,4185.0000,4186.8000,4187.0000,4187.2000,4188.0000,4189.0000,4,2,1,3,6,1,2,1,1,1
SF,IF2003,2020-01-17 09:32:02.800,4186.0000,44426,0,778879620.000,0,-,-,-,-,4185.8000,4185.4000,4185.2000,4185.0000,4184.8000,4186.0000,4186.8000,4187.0000,4187.2000,4188.0000,2,1,3,6,2,1,1,2,1,1
SF,IF2003,2020-01-17 09:32:03.300,4186.0000,44424,-2,781391220.000,2,0,2,双平,S,4186.0000,4185.8000,4185.4000,4185.2000,4185.0000,4186.8000,4187.0000,4187.2000,4188.0000,4189.0000,2,2,1,3,6,1,2,1,1,1
SF,IF2003,2020-01-17 09:32:03.800,4186.0000,44424,0,781391220.000,0,-,-,-,-,4186.2000,4186.0000,4185.8000,4185.4000,4185.2000,4186.6000,4186.8000,4187.0000,4187.2000,4188.0000,1,1,2,1,3,1,1,1,1,1
SF,IF2003,2020-01-17 09:32:04.300,4186.0000,44424,0,782647020.000,1,0,1,多换,S,4186.6000,4186.2000,4185.8000,4185.4000,4185.2000,4187.0000,4187.2000,4188.0000,4189.0000,4189.4000,1,1,2,1,3,2,1,1,1,1
SF,IF2003,2020-01-17 09:32:04.800,4186.2000,44422,-2,785158920.000,2,0,2,双平,S,4185.8000,4185.4000,4185.2000,4185.0000,4184.8000,4186.6000,4187.0000,4187.2000,4188.0000,4189.0000,2,1,3,6,2,1,2,1,1,1
SF,IF2003,2020-01-17 09:32:05.300,4186.6000,44421,-1,786414900.000,1,0,1,双平,S,4186.0000,4185.8000,4185.4000,4185.2000,4185.0000,4186.4000,4187.0000,4187.2000,4188.0000,4189.0000,1,2,1,3,6,1,2,1,1,1
SF,IF2003,2020-01-17 09:32:05.800,4186.4000,44421,0,788926800.000,2,1,1,多换,S,4186.0000,4185.8000,4185.4000,4185.2000,4185.0000,4187.0000,4187.2000,4188.0000,4189.0000,4189.4000,6,2,1,3,6,2,1,1,1,1
SF,IF2003,2020-01-17 09:32:06.300,4187.0000,44420,-1,791439000.000,2,0,2,多平,S,4186.6000,4186.2000,4186.0000,4185.8000,4185.4000,4187.2000,4187.8000,4188.0000,4189.0000,4189.4000,1,1,11,2,1,1,1,1,1,1
SF,IF2003,2020-01-17 09:32:06.800,4187.0000,44420,0,791439000.000,0,-,-,-,-,4186.6000,4186.4000,4186.2000,4186.0000,4185.8000,4187.2000,4187.8000,4188.0000,4189.0000,4189.4000,1,2,1,10,2,1,1,1,1,1
SF,IF2003,2020-01-17 09:32:07.300,4186.6000,44419,-1,792694980.000,1,0,1,双平,S,4186.4000,4186.2000,4186.0000,4185.8000,4185.4000,4187.2000,4187.8000,4188.0000,4189.0000,4189.4000,2,1,10,2,1,1,1,1,1,1
SF,IF2003,2020-01-17 09:32:07.800,4186.6000,44419,0,792694980.000,0,-,-,-,-,4186.4000,4186.2000,4186.0000,4185.8000,4185.4000,4187.0000,4187.2000,4187.8000,4189.0000,4189.4000,2,1,5,2,1,1,1,1,1,1
SF,IF2003,2020-01-17 09:32:08.300,4186.4000,44418,-1,795207000.000,2,0,2,多平,S,4186.4000,4186.2000,4186.0000,4185.8000,4185.4000,4187.2000,4187.8000,4189.0000,4189.4000,4189.6000,1,1,5,2,1,1,1,1,1,8
SF,IF2003,2020-01-17 09:32:08.800,4186.4000,44418,0,795207000.000,0,-,-,-,-,4186.4000,4186.2000,4186.0000,4185.8000,4185.4000,4187.2000,4187.8000,4188.0000,4189.0000,4189.4000,1,2,5,2,1,1,1,1,1,1
SF,IF2003,2020-01-17 09:32:09.300,4187.2000,44417,-1,796463160.000,1,0,1,双平,S,4186.6000,4186.4000,4186.2000,4186.0000,4185.8000,4187.8000,4188.0000,4189.0000,4189.4000,4189.6000,1,1,2,5,2,1,1,1,1,8
SF,IF2003,2020-01-17 09:32:09.800,4187.0000,44416,-1,797719260.000,1,0,1,双平,S,4187.0000,4186.4000,4186.2000,4186.0000,4185.8000,4187.6000,4187.8000,4188.0000,4189.0000,4189.4000,1,1,2,5,2,1,1,1,1,1
SF,IF2003,2020-01-17 09:32:10.300,4187.0000,44415,-1,798975360.000,1,0,1,双平,S,4186.8000,4186.4000,4186.2000,4186.0000,4185.8000,4187.6000,4187.8000,4188.0000,4189.0000,4189.4000,1,1,2,5,2,2,1,1,1,1
SF,IF2003,2020-01-17 09:32:10.800,4186.8000,44414,-1,800231400.000,1,0,1,双平,S,4186.4000,4186.2000,4186.0000,4185.8000,4185.4000,4187.6000,4187.8000,4188.0000,4189.0000,4189.4000,1,2,5,2,1,2,1,1,1,1
SF,IF2003,2020-01-17 09:32:11.300,4186.8000,44414,0,800231400.000,0,-,-,-,-,4186.4000,4186.2000,4186.0000,4185.8000,4185.6000,4187.4000,4187.6000,4187.8000,4188.0000,4189.0000,2,2,5,2,1,1,2,1,1,1
SF,IF2003,2020-01-17 09:32:11.800,4186.8000,44414,0,800231400.000,0,-,-,-,-,4186.6000,4186.4000,4186.2000,4186.0000,4185.8000,4187.0000,4187.8000,4188.0000,4189.0000,4189.4000,3,2,2,5,3,1,1,1,1,1
SF,IF2003,2020-01-17 09:32:12.300,4186.8000,44412,-2,802743540.000,2,0,2,双平,S,4186.6000,4186.4000,4186.2000,4186.0000,4185.8000,4187.0000,4187.8000,4188.0000,4189.0000,4189.4000,2,2,2,5,3,2,1,1,1,1
SF,IF2003,2020-01-17 09:32:12.800,4187.0000,44412,0,805255740.000,2,1,1,多换,S,4187.2000,4187.0000,4186.8000,4186.6000,4186.4000,4187.8000,4188.0000,4189.0000,4189.4000,4189.6000,1,2,1,2,2,1,1,1,1,8
SF,IF2003,2020-01-17 09:32:13.300,4187.0000,44411,-1,806511840.000,1,0,1,双平,S,4187.0000,4186.4000,4186.2000,4186.0000,4185.8000,4187.8000,4188.0000,4189.0000,4189.4000,4189.6000,2,1,3,5,3,1,1,1,1,8
SF,IF2003,2020-01-17 09:32:13.800,4187.0000,44411,0,807767940.000,1,0,1,多换,S,4187.0000,4186.4000,4186.2000,4186.0000,4185.8000,4187.8000,4188.0000,4189.0000,4189.4000,4189.6000,2,1,3,6,3,1,1,1,1,8
SF,IF2003,2020-01-17 09:32:14.300,4187.0000,44409,-2,810280140.000,2,0,2,双平,S,4187.0000,4186.4000,4186.2000,4186.0000,4185.8000,4187.8000,4188.0000,4189.0000,4189.4000,4189.6000,4,1,3,6,3,1,1,1,1,8
SF,IF2003,2020-01-17 09:32:14.800,4187.0000,44409,0,811536240.000,1,0,1,多换,S,4187.0000,4186.4000,4186.2000,4186.0000,4185.8000,4187.6000,4187.8000,4188.0000,4189.0000,4189.4000,3,1,3,6,3,1,1,1,1,1
SF,IF2003,2020-01-17 09:32:15.300,4187.0000,44409,0,812792340.000,1,0,1,多换,S,4187.0000,4186.4000,4186.2000,4186.0000,4185.8000,4187.6000,4187.8000,4188.0000,4189.0000,4189.4000,2,1,3,6,3,1,1,1,1,1
SF,IF2003,2020-01-17 09:32:15.800,4187.0000,44409,0,812792340.000,0,-,-,-,-,4187.0000,4186.4000,4186.2000,4186.0000,4185.8000,4187.6000,4187.8000,4188.0000,4189.0000,4189.4000,2,1,3,6,3,1,2,1,1,1
SF,IF2003,2020-01-17 09:32:16.300,4187.0000,44409,0,814048440.000,1,0,1,多换,S,4187.0000,4186.4000,4186.2000,4186.0000,4185.8000,4187.6000,4187.8000,4188.0000,4189.0000,4189.4000,1,1,3,6,3,1,2,1,1,1
SF,IF2003,2020-01-17 09:32:16.800,4187.0000,44409,0,814048440.000,0,-,-,-,-,4187.0000,4186.4000,4186.2000,4186.0000,4185.8000,4187.4000,4187.6000,4187.8000,4188.0000,4189.0000,1,1,3,6,3,1,1,2,1,1
SF,IF2003,2020-01-17 09:32:17.300,4187.0000,44409,0,817817100.000,3,1,2,多换,S,4186.4000,4186.2000,4186.0000,4185.8000,4185.6000,4187.6000,4187.8000,4188.0000,4189.0000,4189.4000,1,3,6,3,1,2,2,1,1,1
SF,IF2003,2020-01-17 09:32:17.800,4187.0000,44409,0,817817100.000,0,-,-,-,-,4186.6000,4186.4000,4186.2000,4186.0000,4185.8000,4187.0000,4187.6000,4187.8000,4188.0000,4189.0000,5,2,3,6,3,1,2,2,2,1
SF,IF2003,2020-01-17 09:32:18.300,4187.0000,44408,-1,820329300.000,2,0,2,多平,S,4187.0000,4186.6000,4186.4000,4186.2000,4186.0000,4187.6000,4187.8000,4188.0000,4189.0000,4189.4000,1,2,2,3,6,2,2,2,1,1
SF,IF2003,2020-01-17 09:32:18.800,4186.6000,44404,-4,825353940.000,4,0,4,双平,S,4186.6000,4186.4000,4186.2000,4186.0000,4185.8000,4187.8000,4188.0000,4189.0000,4189.4000,4189.6000,1,2,3,6,3,2,2,1,1,8
SF,IF2003,2020-01-17 09:32:19.300,4186.6000,44403,-1,826609920.000,1,0,1,双平,S,4186.6000,4186.4000,4186.2000,4186.0000,4185.8000,4187.6000,4187.8000,4188.0000,4189.0000,4189.4000,2,1,3,6,3,1,2,2,1,1
SF,IF2003,2020-01-17 09:32:19.800,4186.6000,44403,0,826609920.000,0,-,-,-,-,4186.6000,4186.4000,4186.2000,4186.0000,4185.8000,4187.4000,4187.6000,4187.8000,4188.0000,4189.0000,1,1,4,6,3,2,4,2,2,1
SF,IF2003,2020-01-17 09:32:20.300,4186.6000,44402,-1,827865900.000,1,0,1,双平,S,4186.6000,4186.4000,4186.2000,4186.0000,4185.8000,4187.6000,4187.8000,4188.0000,4189.0000,4189.4000,2,1,4,6,3,1,2,2,1,1
SF,IF2003,2020-01-17 09:32:20.800,4186.4000,44401,-1,831633780.000,3,1,2,多平,S,4186.2000,4186.0000,4185.8000,4185.6000,4185.4000,4187.6000,4187.8000,4188.0000,4189.0000,4189.4000,4,6,3,1,1,2,2,2,1,1
SF,IF2003,2020-01-17 09:32:21.300,4186.4000,44401,0,831633780.000,0,-,-,-,-,4186.6000,4186.4000,4186.2000,4186.0000,4185.8000,4187.4000,4187.6000,4187.8000,4188.0000,4189.0000,1,1,4,6,3,1,2,2,2,1
SF,IF2003,2020-01-17 09:32:21.800,4186.6000,44401,0,832889760.000,1,0,1,多换,S,4186.4000,4186.2000,4186.0000,4185.8000,4185.6000,4187.4000,4187.6000,4187.8000,4188.0000,4189.0000,1,4,6,3,1,4,1,2,2,1
SF,IF2003,2020-01-17 09:32:22.300,4186.6000,44401,0,832889760.000,0,-,-,-,-,4186.4000,4186.2000,4186.0000,4185.8000,4185.6000,4186.6000,4187.4000,4187.6000,4187.8000,4188.0000,1,4,6,3,1,1,3,1,2,2
SF,IF2003,2020-01-17 09:32:22.800,4186.6000,44401,0,832889760.000,0,-,-,-,-,4186.2000,4186.0000,4185.8000,4185.6000,4185.4000,4186.6000,4187.0000,4187.4000,4187.8000,4188.0000,4,6,3,1,1,1,3,2,2,2
SF,IF2003,2020-01-17 09:32:23.300,4186.2000,44399,-2,835401480.000,2,0,2,双平,S,4186.2000,4186.0000,4185.8000,4185.6000,4185.4000,4186.4000,4186.6000,4187.0000,4187.4000,4187.8000,2,6,3,1,1,1,1,3,2,2
SF,IF2003,2020-01-17 09:32:23.800,4186.2000,44398,-1,836657340.000,1,0,1,双平,S,4186.2000,4186.0000,4185.8000,4185.6000,4185.4000,4186.4000,4186.6000,4187.0000,4187.4000,4187.8000,1,6,3,1,1,1,1,1,1,2
SF,IF2003,2020-01-17 09:32:24.300,4186.2000,44395,-3,840425040.000,3,0,3,双平,S,4186.0000,4185.8000,4185.6000,4185.4000,4185.2000,4186.2000,4186.6000,4187.0000,4187.8000,4188.0000,6,3,1,1,3,2,1,1,2,2
SF,IF2003,2020-01-17 09:32:25.300,4186.2000,44393,-2,842936760.000,2,0,2,双平,S,4186.0000,4185.8000,4185.6000,4185.4000,4185.2000,4186.6000,4187.0000,4187.8000,4188.0000,4189.0000,6,3,1,1,3,1,1,2,2,1
SF,IF2003,2020-01-17 09:32:25.800,4186.2000,44392,-1,844192620.000,1,0,1,双平,S,4186.0000,4185.8000,4185.6000,4185.4000,4185.2000,4186.6000,4186.8000,4187.0000,4187.8000,4188.0000,6,3,1,1,3,1,1,1,2,2
SF,IF2003,2020-01-17 09:32:26.800,4186.0000,44391,-1,846704400.000,2,0,2,多平,S,4186.0000,4185.8000,4185.6000,4185.4000,4185.2000,4186.8000,4187.0000,4187.8000,4188.0000,4189.0000,6,3,1,1,3,1,1,2,2,1
SF,IF2003,2020-01-17 09:32:27.300,4186.2000,44390,-1,849216300.000,2,0,2,多平,S,4186.0000,4185.8000,4185.6000,4185.4000,4185.2000,4187.0000,4187.8000,4188.0000,4189.0000,4189.4000,6,3,1,1,3,1,2,2,1,1
SF,IF2003,2020-01-17 09:32:28.300,4187.0000,44390,0,850472400.000,1,0,1,多换,S,4186.6000,4186.4000,4186.2000,4186.0000,4185.8000,4187.8000,4188.0000,4189.0000,4189.4000,4189.6000,1,6,2,6,3,2,2,1,1,8
SF,IF2003,2020-01-17 09:32:28.800,4186.8000,44390,0,851728440.000,1,0,1,多换,S,4186.8000,4186.4000,4186.2000,4186.0000,4185.8000,4187.6000,4187.8000,4188.0000,4189.0000,4189.4000,3,1,2,6,3,5,2,1,1,1
SF,IF2003,2020-01-17 09:32:29.300,4186.8000,44390,0,851728440.000,0,-,-,-,-,4186.8000,4186.4000,4186.2000,4186.0000,4185.8000,4187.4000,4187.6000,4187.8000,4188.0000,4189.0000,3,1,2,6,3,2,5,2,1,1
SF,IF2003,2020-01-17 09:32:29.800,4186.8000,44390,0,854240520.000,2,1,1,多换,S,4186.8000,4186.2000,4186.0000,4185.8000,4185.6000,4187.4000,4187.6000,4187.8000,4188.0000,4189.0000,2,2,6,3,1,2,4,2,1,1
SF,IF2003,2020-01-17 09:32:30.300,4186.8000,44389,-1,856752600.000,2,0,2,多平,S,4187.0000,4186.2000,4186.0000,4185.8000,4185.6000,4187.4000,4187.6000,4187.8000,4188.0000,4189.0000,1,2,6,3,1,2,4,2,1,1
SF,IF2003,2020-01-17 09:32:30.800,4187.0000,44390,1,858008700.000,1,1,0,双开,S,4186.8000,4186.2000,4186.0000,4185.8000,4185.6000,4187.0000,4187.4000,4187.6000,4187.8000,4188.0000,2,2,6,3,1,2,2,1,2,1
SF,IF2003,2020-01-17 09:32:31.300,4187.0000,44390,0,858008700.000,0,-,-,-,-,4186.8000,4186.2000,4186.0000,4185.8000,4185.6000,4187.4000,4187.6000,4187.8000,4188.0000,4189.0000,2,2,6,3,1,1,1,2,1,1
SF,IF2003,2020-01-17 09:32:31.800,4186.8000,44390,0,859264740.000,1,0,1,多换,S,4186.8000,4186.2000,4186.0000,4185.8000,4185.6000,4187.2000,4187.4000,4187.6000,4187.8000,4188.0000,1,2,6,3,1,1,1,1,2,1
SF,IF2003,2020-01-17 09:32:32.300,4186.8000,44390,0,859264740.000,0,-,-,-,-,4186.8000,4186.2000,4186.0000,4185.8000,4185.6000,4187.2000,4187.4000,4187.6000,4187.8000,4188.0000,1,2,6,3,1,1,1,1,2,1
SF,IF2003,2020-01-17 09:32:32.800,4187.0000,44389,-1,860520840.000,1,0,1,双平,S,4186.8000,4186.6000,4186.2000,4186.0000,4185.8000,4187.2000,4187.4000,4187.6000,4187.8000,4188.0000,1,1,2,6,3,1,1,1,2,1
SF,IF2003,2020-01-17 09:32:33.300,4186.8000,44388,-1,861776880.000,1,0,1,双平,S,4186.6000,4186.2000,4186.0000,4185.8000,4185.6000,4187.4000,4187.6000,4187.8000,4188.0000,4189.0000,1,2,6,3,1,1,1,3,1,1
SF,IF2003,2020-01-17 09:32:33.800,4186.8000,44388,0,861776880.000,0,-,-,-,-,4186.6000,4186.2000,4186.0000,4185.8000,4185.6000,4187.2000,4187.4000,4187.6000,4187.8000,4188.0000,1,2,6,3,1,1,2,1,3,1
SF,IF2003,2020-01-17 09:32:34.300,4187.2000,44388,0,863033040.000,1,0,1,多换,S,4187.2000,4186.6000,4186.4000,4186.2000,4186.0000,4187.4000,4187.6000,4187.8000,4188.0000,4189.0000,1,1,1,2,6,2,1,3,1,1
SF,IF2003,2020-01-17 09:32:34.800,4187.2000,44387,-1,864289200.000,1,0,1,双平,S,4186.6000,4186.4000,4186.2000,4186.0000,4185.8000,4187.0000,4187.2000,4187.4000,4187.6000,4187.8000,1,1,2,6,3,1,1,2,1,3
SF,IF2003,2020-01-17 09:32:35.300,4187.0000,44387,0,865545300.000,1,0,1,多换,S,4186.6000,4186.4000,4186.2000,4186.0000,4185.8000,4187.0000,4187.2000,4187.4000,4187.6000,4187.8000,1,1,2,6,3,1,1,2,1,3
SF,IF2003,2020-01-17 09:32:35.800,4186.6000,44387,0,866801280.000,1,0,1,多换,S,4186.4000,4186.2000,4186.0000,4185.8000,4185.6000,4187.0000,4187.2000,4187.4000,4187.6000,4187.8000,1,2,6,3,1,1,1,1,1,3
SF,IF2003,2020-01-17 09:32:36.300,4186.4000,44385,-2,870569460.000,3,0,3,多平,S,4186.2000,4186.0000,4185.8000,4185.6000,4185.4000,4186.8000,4187.4000,4187.6000,4187.8000,4188.0000,2,6,3,1,1,1,1,1,3,1
SF,IF2003,2020-01-17 09:32:37.800,4186.4000,44385,0,870569460.000,0,-,-,-,-,4186.2000,4186.0000,4185.8000,4185.6000,4185.4000,4186.8000,4187.4000,4187.6000,4187.8000,4188.0000,2,6,3,1,1,1,1,1,3,1
SF,IF2003,2020-01-17 09:32:38.300,4186.2000,44384,-1,871825320.000,1,0,1,双平,S,4186.2000,4186.0000,4185.8000,4185.6000,4185.4000,4186.8000,4187.4000,4187.6000,4187.8000,4188.0000,1,6,3,1,1,1,1,1,3,1
SF,IF2003,2020-01-17 09:32:38.800,4186.8000,44384,0,873081360.000,1,0,1,多换,S,4186.2000,4186.0000,4185.8000,4185.6000,4185.4000,4187.4000,4187.6000,4187.8000,4188.0000,4189.0000,1,6,3,1,1,1,1,3,1,1
SF,IF2003,2020-01-17 09:32:39.300,4186.8000,44384,0,873081360.000,0,-,-,-,-,4186.4000,4186.2000,4186.0000,4185.8000,4185.6000,4187.2000,4187.4000,4187.6000,4187.8000,4188.0000,1,1,6,3,1,3,1,1,3,2
SF,IF2003,2020-01-17 09:32:39.800,4186.4000,44383,-1,874337280.000,1,0,1,双平,S,4186.2000,4186.0000,4185.8000,4185.6000,4185.4000,4186.8000,4187.2000,4187.4000,4187.6000,4187.8000,2,6,3,1,1,4,4,1,1,3
SF,IF2003,2020-01-17 09:32:40.300,4186.8000,44381,-2,878105400.000,3,0,3,多平,S,4186.8000,4186.2000,4186.0000,4185.8000,4185.6000,4187.4000,4187.6000,4187.8000,4188.0000,4189.0000,1,2,6,3,1,1,1,3,2,1
SF,IF2003,2020-01-17 09:32:40.800,4186.8000,44380,-1,879361440.000,1,0,1,双平,S,4186.2000,4186.0000,4185.8000,4185.6000,4185.4000,4187.4000,4187.6000,4187.8000,4188.0000,4189.0000,2,6,3,1,1,1,1,3,2,1
SF,IF2003,2020-01-17 09:32:41.300,4186.8000,44380,0,879361440.000,0,-,-,-,-,4186.4000,4186.2000,4186.0000,4185.8000,4185.6000,4187.4000,4187.6000,4187.8000,4188.0000,4189.0000,1,2,6,3,1,1,1,3,2,1
SF,IF2003,2020-01-17 09:32:41.800,4186.8000,44380,0,879361440.000,0,-,-,-,-,4186.8000,4186.6000,4186.4000,4186.2000,4186.0000,4187.4000,4187.6000,4187.8000,4188.0000,4189.0000,1,1,1,2,6,1,1,3,2,1
SF,IF2003,2020-01-17 09:32:42.300,4186.8000,44380,0,880617480.000,1,0,1,多换,S,4186.6000,4186.2000,4186.0000,4185.8000,4185.6000,4187.4000,4187.6000,4187.8000,4188.0000,4189.0000,1,2,6,3,1,1,1,3,2,1
SF,IF2003,2020-01-17 09:32:42.800,4187.2000,44381,1,881873640.000,1,1,0,双开,S,4186.6000,4186.2000,4186.0000,4185.8000,4185.6000,4187.2000,4187.4000,4187.6000,4187.8000,4188.0000,2,2,6,3,1,1,1,1,3,2
SF,IF2003,2020-01-17 09:32:43.300,4186.6000,44380,-1,883129620.000,1,0,1,双平,S,4186.6000,4186.2000,4186.0000,4185.8000,4185.6000,4187.2000,4187.4000,4187.8000,4188.0000,4189.0000,1,2,6,3,1,1,1,4,2,1
SF,IF2003,2020-01-17 09:32:43.800,4186.6000,44380,0,883129620.000,0,-,-,-,-,4186.6000,4186.2000,4186.0000,4185.8000,4185.6000,4187.0000,4187.2000,4187.4000,4187.8000,4188.0000,1,2,6,3,1,1,1,1,4,2
SF,IF2003,2020-01-17 09:32:44.300,4186.6000,44379,-1,884385600.000,1,0,1,双平,S,4186.8000,4186.6000,4186.2000,4186.0000,4185.8000,4187.0000,4187.2000,4187.8000,4188.0000,4189.0000,1,1,2,6,3,2,1,4,2,1
SF,IF2003,2020-01-17 09:32:44.800,4186.8000,44378,-1,885641640.000,1,0,1,双平,S,4186.6000,4186.2000,4186.0000,4185.8000,4185.6000,4186.8000,4187.0000,4187.2000,4187.8000,4188.0000,1,2,6,3,1,3,2,1,4,2
SF,IF2003,2020-01-17 09:32:45.300,4186.6000,44377,-1,886897620.000,1,0,1,双平,S,4186.2000,4186.0000,4185.8000,4185.6000,4185.4000,4187.0000,4187.2000,4187.8000,4188.0000,4189.0000,2,6,3,1,1,1,1,4,2,1
SF,IF2003,2020-01-17 09:32:45.800,4187.0000,44375,-2,890665740.000,3,0,3,多平,S,4186.2000,4186.0000,4185.8000,4185.6000,4185.4000,4187.2000,4187.8000,4188.0000,4189.0000,4189.4000,2,6,3,1,1,2,4,2,1,1
SF,IF2003,2020-01-17 09:32:46.300,4187.0000,44374,-1,891921840.000,1,0,1,双平,S,4186.2000,4186.0000,4185.8000,4185.6000,4185.4000,4187.2000,4187.8000,4188.0000,4189.0000,4189.4000,2,6,3,1,1,2,4,2,1,1
SF,IF2003,2020-01-17 09:32:46.800,4187.2000,44374,0,893178000.000,1,0,1,多换,S,4186.2000,4186.0000,4185.8000,4185.6000,4185.4000,4187.2000,4187.8000,4188.0000,4189.0000,4189.4000,2,6,3,1,1,1,4,2,1,1
SF,IF2003,2020-01-17 09:32:47.300,4186.2000,44373,-1,894433860.000,1,0,1,双平,S,4186.2000,4186.0000,4185.8000,4185.6000,4185.4000,4186.4000,4187.0000,4187.2000,4187.8000,4188.0000,1,6,3,1,1,1,1,1,4,2
SF,IF2003,2020-01-17 09:32:47.800,4186.4000,44372,-1,895689780.000,1,0,1,双平,S,4186.6000,4186.4000,4186.2000,4186.0000,4185.8000,4187.0000,4187.2000,4187.8000,4188.0000,4189.0000,1,4,1,6,3,3,1,4,2,1
SF,IF2003,2020-01-17 09:32:48.300,4186.4000,44372,0,895689780.000,0,-,-,-,-,4186.4000,4186.2000,4186.0000,4185.8000,4185.6000,4187.0000,4187.2000,4187.8000,4188.0000,4189.0000,1,1,6,3,1,3,1,4,2,1
SF,IF2003,2020-01-17 09:32:48.800,4186.4000,44372,0,895689780.000,0,-,-,-,-,4186.4000,4186.2000,4186.0000,4185.8000,4185.6000,4187.0000,4187.2000,4187.8000,4188.0000,4189.0000,1,1,6,3,1,4,1,4,2,1
SF,IF2003,2020-01-17 09:32:49.300,4186.4000,44371,-1,896945700.000,1,0,1,双平,S,4186.2000,4186.0000,4185.8000,4185.6000,4185.4000,4187.0000,4187.2000,4187.8000,4188.0000,4189.0000,1,6,3,1,1,3,1,4,2,1
SF,IF2003,2020-01-17 09:32:49.800,4186.4000,44371,0,896945700.000,0,-,-,-,-,4186.6000,4186.2000,4186.0000,4185.8000,4185.6000,4187.0000,4187.2000,4187.8000,4188.0000,4189.0000,2,1,7,3,1,3,1,4,2,1
SF,IF2003,2020-01-17 09:32:51.300,4186.6000,44370,-1,898201680.000,1,0,1,双平,S,4186.6000,4186.2000,4186.0000,4185.8000,4185.6000,4187.0000,4187.2000,4187.8000,4188.0000,4189.0000,1,1,7,3,1,3,1,4,2,1
SF,IF2003,2020-01-17 09:32:52.300,4186.6000,44370,0,898201680.000,0,-,-,-,-,4186.6000,4186.2000,4186.0000,4185.8000,4185.6000,4187.0000,4187.2000,4187.8000,4188.0000,4189.0000,1,1,7,3,1,2,1,4,2,1
SF,IF2003,2020-01-17 09:32:52.800,4186.6000,44369,-1,899457660.000,1,0,1,双平,S,4186.6000,4186.2000,4186.0000,4185.8000,4185.6000,4187.0000,4187.2000,4187.8000,4188.0000,4189.0000,1,1,7,3,1,2,1,4,2,1
SF,IF2003,2020-01-17 09:32:53.300,4186.6000,44369,0,899457660.000,0,-,-,-,-,4186.6000,4186.2000,4186.0000,4185.8000,4185.6000,4187.0000,4187.2000,4187.8000,4188.0000,4189.0000,2,1,7,3,1,5,1,4,2,1
SF,IF2003,2020-01-17 09:32:53.800,4187.0000,44371,2,903225720.000,3,2,1,空开,S,4186.2000,4186.0000,4185.8000,4185.6000,4185.4000,4187.0000,4187.2000,4187.8000,4188.0000,4189.0000,1,7,3,1,1,4,1,4,2,1
SF,IF2003,2020-01-17 09:32:55.800,4186.2000,44369,-2,905737680.000,2,0,2,双平,S,4186.0000,4185.8000,4185.6000,4185.4000,4185.2000,4186.2000,4187.0000,4187.2000,4187.8000,4188.0000,7,3,1,1,3,1,3,1,4,2
SF,IF2003,2020-01-17 09:32:56.300,4186.2000,44368,-1,906993540.000,1,0,1,双平,S,4186.4000,4186.2000,4186.0000,4185.8000,4185.6000,4187.0000,4187.2000,4187.8000,4188.0000,4189.0000,1,4,7,5,1,3,1,4,2,1
SF,IF2003,2020-01-17 09:32:56.800,4187.0000,44368,0,908249640.000,1,0,1,多换,S,4186.2000,4186.0000,4185.8000,4185.6000,4185.4000,4186.8000,4187.0000,4187.2000,4187.8000,4188.0000,4,7,5,1,1,1,2,1,4,2
SF,IF2003,2020-01-17 09:32:57.300,4187.0000,44368,0,909505740.000,1,0,1,多换,S,4186.2000,4186.0000,4185.8000,4185.6000,4185.4000,4187.0000,4187.2000,4187.8000,4188.0000,4189.0000,4,7,5,1,1,2,1,4,2,1
SF,IF2003,2020-01-17 09:32:57.800,4187.2000,44366,-2,913274100.000,3,0,3,多平,S,4187.0000,4186.8000,4186.6000,4186.2000,4186.0000,4187.8000,4188.0000,4189.0000,4189.4000,4189.6000,3,5,1,2,7,4,2,1,1,9
SF,IF2003,2020-01-17 09:32:58.300,4187.2000,44366,0,913274100.000,0,-,-,-,-,4186.8000,4186.6000,4186.2000,4186.0000,4185.8000,4187.6000,4187.8000,4188.0000,4189.0000,4189.4000,3,1,2,7,5,1,4,2,1,1
SF,IF2003,2020-01-17 09:32:58.800,4187.2000,44366,0,913274100.000,0,-,-,-,-,4186.8000,4186.6000,4186.2000,4186.0000,4185.8000,4187.4000,4187.6000,4187.8000,4188.0000,4189.0000,3,1,2,7,5,3,1,4,2,1
SF,IF2003,2020-01-17 09:32:59.300,4187.2000,44366,0,913274100.000,0,-,-,-,-,4186.8000,4186.6000,4186.2000,4186.0000,4185.8000,4187.6000,4187.8000,4188.0000,4189.0000,4189.4000,3,1,3,7,5,1,4,2,1,1
SF,IF2003,2020-01-17 09:32:59.800,4187.2000,44366,0,913274100.000,0,-,-,-,-,4186.8000,4186.6000,4186.4000,4186.2000,4186.0000,4187.4000,4187.6000,4187.8000,4188.0000,4189.0000,3,1,1,3,7,1,1,4,2,1
SF,IF2003,2020-01-17 09:33:00.300,4186.8000,44365,-1,914530140.000,1,0,1,双平,S,4186.8000,4186.6000,4186.4000,4186.2000,4186.0000,4187.4000,4187.8000,4188.0000,4189.0000,4189.4000,2,1,1,3,7,1,4,2,1,1
SF,IF2003,2020-01-17 09:33:00.800,4186.8000,44364,-1,915786180.000,1,0,1,双平,S,4186.8000,4186.6000,4186.4000,4186.2000,4186.0000,4187.8000,4188.0000,4189.0000,4189.4000,4189.6000,2,1,1,3,7,4,2,1,1,9
SF,IF2003,2020-01-17 09:33:01.300,4186.8000,44364,0,915786180.000,0,-,-,-,-,4186.8000,4186.6000,4186.4000,4186.2000,4186.0000,4187.6000,4187.8000,4188.0000,4189.0000,4189.4000,2,1,1,3,7,1,4,2,1,1
SF,IF2003,2020-01-17 09:33:01.800,4186.8000,44364,0,915786180.000,0,-,-,-,-,4186.8000,4186.6000,4186.4000,4186.2000,4186.0000,4187.6000,4187.8000,4188.0000,4189.0000,4189.4000,2,1,1,3,7,2,4,2,1,1
SF,IF2003,2020-01-17 09:33:02.300,4186.8000,44364,0,915786180.000,0,-,-,-,-,4186.8000,4186.6000,4186.4000,4186.2000,4186.0000,4187.4000,4187.6000,4187.8000,4188.0000,4189.0000,5,1,1,3,7,3,1,4,2,1
SF,IF2003,2020-01-17 09:33:03.300,4186.8000,44364,0,915786180.000,0,-,-,-,-,4186.8000,4186.6000,4186.4000,4186.2000,4186.0000,4187.2000,4187.4000,4187.6000,4187.8000,4188.0000,5,1,1,3,7,1,3,1,4,2
SF,IF2003,2020-01-17 09:33:03.800,4186.8000,44363,-1,917042220.000,1,0,1,双平,S,4186.8000,4186.6000,4186.4000,4186.2000,4186.0000,4187.2000,4187.4000,4187.6000,4187.8000,4188.0000,4,1,1,3,7,1,3,1,4,2
SF,IF2003,2020-01-17 09:33:04.300,4186.8000,44362,-1,918298260.000,1,0,1,双平,S,4187.0000,4186.8000,4186.6000,4186.4000,4186.2000,4187.2000,4187.4000,4187.8000,4188.0000,4189.0000,1,3,1,1,3,1,3,4,2,1
SF,IF2003,2020-01-17 09:33:04.800,4186.8000,44362,0,919554300.000,1,0,1,多换,S,4186.8000,4186.6000,4186.4000,4186.2000,4186.0000,4187.4000,4187.8000,4188.0000,4189.0000,4189.4000,3,1,1,3,7,3,4,2,1,1
SF,IF2003,2020-01-17 09:33:05.300,4186.8000,44362,0,919554300.000,0,-,-,-,-,4187.2000,4186.8000,4186.6000,4186.4000,4186.2000,4187.4000,4187.8000,4188.0000,4189.0000,4189.4000,1,3,1,1,3,3,4,2,1,1
SF,IF2003,2020-01-17 09:33:05.800,4187.2000,44361,-1,920810460.000,1,0,1,双平,S,4187.2000,4186.8000,4186.6000,4186.4000,4186.2000,4187.4000,4187.8000,4188.0000,4189.0000,4189.4000,1,3,1,1,3,3,4,2,1,1
SF,IF2003,2020-01-17 09:33:06.300,4187.2000,44361,0,922066620.000,1,0,1,多换,S,4186.8000,4186.6000,4186.4000,4186.2000,4186.0000,4187.0000,4187.2000,4187.4000,4187.8000,4188.0000,3,1,1,3,7,1,7,3,4,2
SF,IF2003,2020-01-17 09:33:06.800,4186.8000,44357,-4,928346760.000,5,0,5,多平,S,4186.4000,4186.2000,4186.0000,4185.8000,4185.6000,4186.8000,4187.2000,4187.4000,4187.8000,4188.0000,1,3,7,5,2,2,6,3,4,2
SF,IF2003,2020-01-17 09:33:07.300,4186.8000,44357,0,928346760.000,0,-,-,-,-,4186.4000,4186.2000,4186.0000,4185.8000,4185.6000,4186.8000,4187.2000,4187.4000,4187.8000,4188.0000,1,3,7,5,2,1,4,3,4,2
SF,IF2003,2020-01-17 09:33:07.800,4186.4000,44357,0,929602680.000,1,0,1,多换,S,4186.2000,4186.0000,4185.8000,4185.6000,4185.4000,4186.6000,4186.8000,4187.2000,4187.4000,4187.8000,3,7,5,2,2,1,1,4,3,4
SF,IF2003,2020-01-17 09:33:08.300,4186.4000,44355,-2,932114460.000,2,0,2,双平,S,4186.2000,4186.0000,4185.8000,4185.6000,4185.4000,4186.6000,4186.8000,4187.2000,4187.4000,4187.8000,2,7,5,2,2,1,1,4,3,4
SF,IF2003,2020-01-17 09:33:08.800,4186.2000,44354,-1,934626180.000,2,0,2,多平,S,4186.0000,4185.8000,4185.6000,4185.4000,4185.2000,4186.6000,4186.8000,4187.2000,4187.4000,4187.8000,7,5,2,2,3,1,1,4,2,4
SF,IF2003,2020-01-17 09:33:09.300,4186.2000,44354,0,934626180.000,0,-,-,-,-,4186.0000,4185.8000,4185.6000,4185.4000,4185.2000,4186.4000,4186.6000,4186.8000,4187.2000,4187.4000,7,5,2,2,3,1,1,1,4,2
SF,IF2003,2020-01-17 09:33:09.800,4186.0000,44353,-1,935881980.000,1,0,1,双平,S,4186.0000,4185.8000,4185.6000,4185.4000,4185.2000,4186.2000,4186.4000,4186.6000,4186.8000,4187.2000,6,5,2,2,3,1,1,1,1,4
SF,IF2003,2020-01-17 09:33:10.300,4186.0000,44353,0,935881980.000,0,-,-,-,-,4186.0000,4185.8000,4185.6000,4185.4000,4185.2000,4186.2000,4186.4000,4186.8000,4187.2000,4187.4000,6,5,2,2,3,1,1,1,4,2
SF,IF2003,2020-01-17 09:33:10.800,4186.0000,44350,-3,940905240.000,4,0,4,多平,S,4186.0000,4185.8000,4185.6000,4185.4000,4185.2000,4186.4000,4187.2000,4187.4000,4187.6000,4187.8000,3,5,2,2,3,1,4,2,1,4
SF,IF2003,2020-01-17 09:33:11.300,4186.2000,44349,-1,944672700.000,3,1,2,多平,S,4186.0000,4185.8000,4185.6000,4185.4000,4185.2000,4186.2000,4186.4000,4187.2000,4187.4000,4187.6000,1,5,2,2,3,1,1,2,2,1
SF,IF2003,2020-01-17 09:33:11.800,4186.2000,44349,0,944672700.000,0,-,-,-,-,4186.0000,4185.8000,4185.6000,4185.4000,4185.2000,4186.2000,4186.4000,4187.2000,4187.4000,4187.6000,1,5,2,2,3,1,1,2,2,1
SF,IF2003,2020-01-17 09:33:12.800,4186.2000,44349,0,944672700.000,0,-,-,-,-,4186.0000,4185.8000,4185.6000,4185.4000,4185.2000,4186.2000,4186.4000,4187.2000,4187.4000,4187.6000,1,5,2,2,3,1,1,2,2,1
SF,IF2003,2020-01-17 09:33:13.300,4186.0000,44349,0,945928500.000,1,0,1,多换,S,4186.0000,4185.8000,4185.6000,4185.4000,4185.2000,4186.2000,4186.4000,4187.2000,4187.4000,4187.6000,1,5,2,2,3,1,1,2,2,1
SF,IF2003,2020-01-17 09:33:13.800,4186.0000,44349,0,945928500.000,0,-,-,-,-,4186.0000,4185.8000,4185.6000,4185.4000,4185.2000,4186.2000,4187.2000,4187.4000,4187.6000,4187.8000,1,5,2,2,3,1,2,2,1,4
SF,IF2003,2020-01-17 09:33:14.300,4186.2000,44349,0,947184360.000,1,0,1,多换,S,4186.0000,4185.8000,4185.6000,4185.4000,4185.2000,4187.2000,4187.4000,4187.6000,4187.8000,4188.0000,1,5,2,2,3,2,2,1,4,4
SF,IF2003,2020-01-17 09:33:14.800,4186.0000,44348,-1,948440160.000,1,0,1,双平,S,4185.8000,4185.6000,4185.4000,4185.2000,4185.0000,4186.0000,4186.8000,4187.0000,4187.2000,4187.4000,5,2,2,3,5,1,1,4,2,2
SF,IF2003,2020-01-17 09:33:15.300,4185.8000,44348,0,952207440.000,3,1,2,多换,S,4186.4000,4185.8000,4185.6000,4185.4000,4185.2000,4186.8000,4187.0000,4187.2000,4187.4000,4187.6000,3,3,2,2,3,1,1,2,2,1
SF,IF2003,2020-01-17 09:33:15.800,4186.4000,44346,-2,955975020.000,3,0,3,多平,S,4185.8000,4185.6000,4185.4000,4185.2000,4185.0000,4186.0000,4186.2000,4186.4000,4186.6000,4187.0000,3,2,2,3,5,1,3,7,1,1
SF,IF2003,2020-01-17 09:33:16.300,4185.8000,44343,-3,962253660.000,5,1,4,多平,S,4185.6000,4185.4000,4185.2000,4185.0000,4184.8000,4185.8000,4186.0000,4186.2000,4186.4000,4186.6000,1,2,3,5,3,3,1,3,2,1
SF,IF2003,2020-01-17 09:33:16.800,4185.4000,44342,-1,964764960.000,2,0,2,多平,S,4185.4000,4185.2000,4185.0000,4184.8000,4184.2000,4185.6000,4185.8000,4186.6000,4187.2000,4187.4000,1,3,5,3,2,2,2,1,1,2
SF,IF2003,2020-01-17 09:33:17.300,4185.4000,44342,0,966020580.000,1,0,1,多换,S,4185.2000,4185.0000,4184.8000,4184.2000,4183.2000,4185.4000,4185.8000,4187.2000,4187.4000,4187.6000,3,5,3,2,2,1,1,1,2,1
SF,IF2003,2020-01-17 09:33:17.800,4185.2000,44339,-3,971042940.000,4,0,4,多平,S,4185.2000,4185.0000,4184.8000,4184.2000,4183.2000,4185.8000,4187.2000,4187.6000,4187.8000,4188.0000,1,5,3,2,2,1,1,1,4,4
SF,IF2003,2020-01-17 09:33:18.800,4185.2000,44338,-1,972298500.000,1,0,1,双平,S,4185.0000,4184.8000,4184.2000,4183.2000,4183.0000,4185.8000,4187.2000,4187.6000,4187.8000,4188.0000,5,3,2,2,2,1,1,1,4,4
SF,IF2003,2020-01-17 09:33:19.300,4185.2000,44337,-1,973554060.000,1,0,1,双平,S,4185.0000,4184.8000,4184.2000,4183.2000,4183.0000,4185.6000,4185.8000,4187.2000,4187.6000,4187.8000,5,3,2,2,2,1,1,1,1,4
SF,IF2003,2020-01-17 09:33:19.800,4185.2000,44337,0,973554060.000,0,-,-,-,-,4185.0000,4184.8000,4184.2000,4183.2000,4183.0000,4185.6000,4185.8000,4187.2000,4187.6000,4187.8000,5,3,2,2,2,1,1,1,1,4
SF,IF2003,2020-01-17 09:33:20.300,4185.0000,44337,0,974809560.000,1,0,1,多换,S,4185.0000,4184.8000,4184.2000,4183.2000,4183.0000,4185.6000,4185.8000,4186.0000,4187.2000,4187.6000,4,4,2,2,2,1,1,1,1,1
SF,IF2003,2020-01-17 09:33:20.800,4185.0000,44337,0,974809560.000,0,-,-,-,-,4185.0000,4184.8000,4184.2000,4183.2000,4183.0000,4185.6000,4185.8000,4186.0000,4187.2000,4187.6000,4,5,2,2,2,1,1,1,1,1
SF,IF2003,2020-01-17 09:33:21.300,4185.0000,44336,-1,976065060.000,1,0,1,双平,S,4185.0000,4184.8000,4184.2000,4183.2000,4183.0000,4185.2000,4185.4000,4185.8000,4186.0000,4187.2000,4,5,2,2,2,1,5,1,1,1
SF,IF2003,2020-01-17 09:33:21.800,4185.4000,44330,-6,984853980.000,7,0,7,多平,S,4185.0000,4184.8000,4184.2000,4183.2000,4183.0000,4185.4000,4186.0000,4187.2000,4187.6000,4187.8000,1,5,2,2,2,2,1,1,1,3
SF,IF2003,2020-01-17 09:33:22.300,4185.4000,44328,-2,987365220.000,2,0,2,双平,S,4185.0000,4184.8000,4184.2000,4183.2000,4183.0000,4186.0000,4187.2000,4187.6000,4187.8000,4188.0000,1,6,2,2,2,1,1,1,3,12
SF,IF2003,2020-01-17 09:33:22.800,4185.4000,44328,0,987365220.000,0,-,-,-,-,4185.0000,4184.8000,4184.2000,4183.2000,4183.0000,4186.0000,4187.2000,4187.6000,4187.8000,4188.0000,2,5,2,2,2,1,1,1,3,12
SF,IF2003,2020-01-17 09:33:23.300,4185.4000,44328,0,987365220.000,0,-,-,-,-,4185.0000,4184.8000,4184.2000,4183.2000,4183.0000,4185.8000,4186.0000,4187.2000,4187.6000,4187.8000,2,5,2,2,2,1,1,1,1,3
SF,IF2003,2020-01-17 09:33:23.800,4185.0000,44327,-1,989876220.000,2,0,2,多平,S,4184.8000,4184.2000,4183.2000,4183.0000,4182.8000,4185.0000,4185.2000,4185.6000,4185.8000,4186.0000,5,2,2,2,1,1,1,2,1,1
SF,IF2003,2020-01-17 09:33:24.300,4184.8000,44323,-4,994897980.000,4,0,4,双平,S,4184.8000,4184.2000,4183.2000,4183.0000,4182.8000,4185.0000,4185.6000,4185.8000,4186.0000,4187.2000,1,2,2,2,1,3,2,1,1,1
SF,IF2003,2020-01-17 09:33:24.800,4184.8000,44323,0,996153420.000,1,0,1,多换,S,4184.2000,4183.2000,4183.0000,4182.8000,4182.6000,4184.6000,4185.0000,4185.6000,4185.8000,4186.0000,2,2,2,1,1,1,3,2,1,1
SF,IF2003,2020-01-17 09:33:25.300,4184.8000,44323,0,996153420.000,0,-,-,-,-,4184.2000,4183.2000,4183.0000,4182.8000,4182.6000,4184.6000,4185.0000,4185.6000,4186.0000,4187.2000,2,2,2,1,1,1,2,2,1,1
SF,IF2003,2020-01-17 09:33:25.800,4184.4000,44323,0,997408740.000,1,0,1,多换,S,4184.4000,4184.2000,4183.2000,4183.0000,4182.8000,4185.0000,4186.0000,4187.2000,4187.6000,4187.8000,1,2,2,2,1,2,1,1,1,3
SF,IF2003,2020-01-17 09:33:26.800,4184.4000,44323,0,998664060.000,1,0,1,多换,S,4184.2000,4183.2000,4183.0000,4182.8000,4182.6000,4184.4000,4185.0000,4186.0000,4187.6000,4187.8000,2,2,2,1,1,1,2,1,1,3
SF,IF2003,2020-01-17 09:33:27.300,4184.4000,44322,-1,999919380.000,1,0,1,双平,S,4184.4000,4184.2000,4183.2000,4183.0000,4182.8000,4185.0000,4186.0000,4187.6000,4187.8000,4188.0000,2,2,2,2,1,2,1,1,3,12
SF,IF2003,2020-01-17 09:33:27.800,4184.4000,44321,-1,1001174700.000,1,0,1,双平,S,4184.2000,4183.2000,4183.0000,4182.8000,4182.6000,4184.4000,4185.0000,4186.0000,4187.6000,4187.8000,3,2,2,1,1,1,2,1,1,3
SF,IF2003,2020-01-17 09:33:28.300,4184.4000,44320,-1,1002430020.000,1,0,1,双平,S,4184.4000,4184.2000,4183.2000,4183.0000,4182.8000,4185.0000,4186.0000,4187.6000,4187.8000,4188.0000,2,3,2,2,1,2,1,1,3,12
SF,IF2003,2020-01-17 09:33:28.800,4184.4000,44319,-1,1003685340.000,1,0,1,双平,S,4184.2000,4183.2000,4183.0000,4182.8000,4182.6000,4185.0000,4186.0000,4187.6000,4187.8000,4188.0000,3,2,2,1,1,2,1,1,3,12
SF,IF2003,2020-01-17 09:33:29.300,4184.8000,44318,-1,1004940780.000,1,0,1,双平,S,4184.8000,4184.2000,4183.2000,4183.0000,4182.8000,4185.0000,4186.0000,4187.6000,4187.8000,4188.0000,1,3,2,2,1,2,1,1,3,12
SF,IF2003,2020-01-17 09:33:29.800,4184.8000,44317,-1,1006196220.000,1,0,1,双平,S,4184.2000,4183.2000,4183.0000,4182.8000,4182.6000,4184.8000,4185.0000,4186.0000,4187.0000,4187.6000,3,2,2,1,1,5,2,1,1,1
SF,IF2003,2020-01-17 09:33:30.300,4184.4000,44317,0,1007451540.000,1,0,1,多换,S,4184.2000,4183.2000,4183.0000,4182.8000,4182.6000,4184.6000,4184.8000,4185.0000,4186.0000,4187.0000,3,2,2,1,1,1,3,2,1,1
SF,IF2003,2020-01-17 09:33:30.800,4184.4000,44317,0,1007451540.000,0,-,-,-,-,4184.2000,4183.2000,4183.0000,4182.8000,4182.6000,4184.8000,4185.0000,4186.0000,4187.0000,4187.6000,3,2,2,1,1,3,2,1,1,1
SF,IF2003,2020-01-17 09:33:31.300,4184.4000,44317,0,1007451540.000,0,-,-,-,-,4184.2000,4183.2000,4183.0000,4182.8000,4182.6000,4184.8000,4185.0000,4186.0000,4187.0000,4187.6000,3,2,2,1,1,3,2,1,1,1
SF,IF2003,2020-01-17 09:33:32.300,4184.4000,44317,0,1007451540.000,0,-,-,-,-,4184.2000,4183.2000,4183.0000,4182.8000,4182.6000,4184.8000,4185.0000,4186.0000,4187.0000,4187.6000,3,2,2,1,1,3,3,1,1,1
SF,IF2003,2020-01-17 09:33:32.800,4184.4000,44317,0,1007451540.000,0,-,-,-,-,4184.2000,4183.2000,4183.0000,4182.8000,4182.6000,4184.6000,4184.8000,4185.0000,4186.0000,4187.0000,6,2,2,1,1,1,3,3,1,1
SF,IF2003,2020-01-17 09:33:33.300,4184.4000,44317,0,1007451540.000,0,-,-,-,-,4184.2000,4183.2000,4183.0000,4182.8000,4182.6000,4184.8000,4185.0000,4186.0000,4187.0000,4187.6000,6,2,2,1,1,3,3,1,1,1
SF,IF2003,2020-01-17 09:33:33.800,4184.2000,44318,1,1009962060.000,2,1,1,空开,S,4184.2000,4183.8000,4183.2000,4183.0000,4182.8000,4184.6000,4184.8000,4185.0000,4186.0000,4187.0000,4,5,2,2,1,1,3,3,1,1
SF,IF2003,2020-01-17 09:33:34.300,4184.2000,44314,-4,1014983100.000,4,0,4,双平,S,4183.8000,4183.2000,4183.0000,4182.8000,4182.6000,4184.6000,4184.8000,4185.0000,4186.0000,4187.0000,5,2,2,1,1,3,3,3,1,1
SF,IF2003,2020-01-17 09:33:34.800,4184.2000,44314,0,1014983100.000,0,-,-,-,-,4183.8000,4183.2000,4183.0000,4182.8000,4182.6000,4184.4000,4184.8000,4185.0000,4186.0000,4187.0000,5,2,2,1,1,1,3,3,1,1
SF,IF2003,2020-01-17 09:33:35.300,4184.2000,44314,0,1014983100.000,0,-,-,-,-,4183.8000,4183.2000,4183.0000,4182.8000,4182.6000,4184.4000,4184.8000,4185.0000,4186.0000,4187.0000,5,2,2,1,1,1,3,3,1,1
SF,IF2003,2020-01-17 09:33:35.800,4183.8000,44314,0,1016238240.000,1,0,1,多换,S,4183.8000,4183.2000,4183.0000,4182.8000,4182.6000,4184.4000,4184.6000,4184.8000,4185.0000,4186.0000,4,2,2,1,1,1,1,4,3,1
SF,IF2003,2020-01-17 09:33:36.300,4183.8000,44314,0,1017493380.000,1,0,1,多换,S,4183.8000,4183.2000,4183.0000,4182.8000,4182.6000,4184.0000,4184.2000,4184.6000,4184.8000,4185.0000,3,2,2,1,1,2,1,1,4,3
SF,IF2003,2020-01-17 09:33:36.800,4183.8000,44314,0,1018748520.000,1,0,1,多换,S,4183.8000,4183.2000,4183.0000,4182.8000,4182.6000,4184.2000,4184.6000,4184.8000,4185.0000,4186.0000,2,2,2,1,1,1,1,4,3,1
SF,IF2003,2020-01-17 09:33:37.300,4183.8000,44314,0,1022513940.000,3,1,2,多换,S,4183.2000,4183.0000,4182.8000,4182.6000,4182.0000,4183.8000,4184.2000,4184.6000,4184.8000,4185.0000,2,2,1,1,3,1,1,1,4,3
SF,IF2003,2020-01-17 09:33:37.800,4183.8000,44314,0,1022513940.000,0,-,-,-,-,4183.2000,4183.0000,4182.8000,4182.6000,4182.0000,4184.2000,4184.6000,4184.8000,4185.0000,4186.0000,2,2,1,1,3,1,1,4,3,1
SF,IF2003,2020-01-17 09:33:38.300,4183.8000,44314,0,1022513940.000,0,-,-,-,-,4183.2000,4183.0000,4182.8000,4182.6000,4182.0000,4183.6000,4184.0000,4184.2000,4184.6000,4184.8000,2,2,1,1,3,1,3,1,1,4
SF,IF2003,2020-01-17 09:33:38.800,4183.8000,44314,0,1022513940.000,0,-,-,-,-,4183.2000,4183.0000,4182.8000,4182.6000,4182.0000,4183.6000,4184.0000,4184.2000,4184.6000,4184.8000,2,2,1,1,3,1,2,1,1,3
SF,IF2003,2020-01-17 09:33:39.300,4183.2000,44311,-3,1026278820.000,3,0,3,双平,S,4183.0000,4182.8000,4182.6000,4182.0000,4181.8000,4183.6000,4184.0000,4184.2000,4184.6000,4184.8000,2,1,1,3,2,1,2,1,1,3
SF,IF2003,2020-01-17 09:33:39.800,4183.2000,44311,0,1026278820.000,0,-,-,-,-,4183.2000,4183.0000,4182.8000,4182.6000,4182.0000,4184.0000,4184.2000,4184.6000,4184.8000,4185.0000,1,2,1,1,3,2,1,1,3,3
SF,IF2003,2020-01-17 09:33:40.300,4183.0000,44311,0,1027533720.000,1,0,1,多换,S,4183.0000,4182.8000,4182.6000,4182.0000,4181.8000,4183.8000,4184.0000,4184.2000,4184.6000,4184.8000,1,1,1,3,2,4,2,1,1,3
SF,IF2003,2020-01-17 09:33:40.800,4183.0000,44311,0,1027533720.000,0,-,-,-,-,4183.0000,4182.8000,4182.6000,4182.0000,4181.8000,4183.2000,4183.6000,4183.8000,4184.0000,4184.2000,1,1,1,3,2,2,1,6,1,1
SF,IF2003,2020-01-17 09:33:41.300,4183.2000,44309,-2,1030043640.000,2,0,2,双平,S,4183.2000,4183.0000,4182.8000,4182.6000,4182.0000,4183.6000,4184.0000,4184.2000,4184.6000,4184.8000,4,1,1,1,3,1,1,1,1,3
SF,IF2003,2020-01-17 09:33:41.800,4183.0000,44310,1,1032553440.000,2,1,1,空开,S,4182.8000,4182.6000,4182.0000,4181.8000,4181.2000,4183.0000,4183.2000,4183.6000,4184.2000,4184.6000,1,1,3,2,3,1,7,1,1,1
SF,IF2003,2020-01-17 09:33:42.300,4183.2000,44309,-1,1037573220.000,4,1,3,多平,S,4183.0000,4182.8000,4182.6000,4182.0000,4181.8000,4183.2000,4183.6000,4184.6000,4184.8000,4185.0000,8,1,1,3,2,5,1,1,3,3
SF,IF2003,2020-01-17 09:33:42.800,4183.2000,44309,0,1043848020.000,5,2,3,多换,S,4183.0000,4182.8000,4182.6000,4182.0000,4181.8000,4184.6000,4184.8000,4185.0000,4186.0000,4187.0000,1,1,1,3,2,1,3,3,1,1
SF,IF2003,2020-01-17 09:33:43.300,4183.2000,44309,0,1043848020.000,0,-,-,-,-,4183.0000,4182.8000,4182.6000,4182.0000,4181.8000,4184.0000,4184.4000,4184.6000,4184.8000,4185.0000,1,1,1,3,2,1,10,2,3,3
SF,IF2003,2020-01-17 09:33:43.800,4183.2000,44309,0,1043848020.000,0,-,-,-,-,4183.0000,4182.8000,4182.6000,4182.0000,4181.8000,4183.2000,4183.8000,4184.0000,4184.4000,4184.6000,1,1,1,3,2,1,2,1,10,1
SF,IF2003,2020-01-17 09:33:44.300,4183.2000,44308,-1,1045102980.000,1,0,1,双平,S,4183.2000,4183.0000,4182.8000,4182.6000,4182.0000,4183.8000,4184.0000,4184.4000,4184.6000,4184.8000,1,1,1,1,3,2,1,4,1,3
SF,IF2003,2020-01-17 09:33:44.800,4183.2000,44308,0,1045102980.000,0,-,-,-,-,4183.2000,4183.0000,4182.8000,4182.6000,4182.0000,4183.8000,4184.0000,4184.4000,4184.6000,4184.8000,1,1,1,1,3,2,1,4,1,3
SF,IF2003,2020-01-17 09:33:45.300,4183.2000,44307,-1,1046357940.000,1,0,1,双平,S,4183.0000,4182.8000,4182.6000,4182.0000,4181.8000,4183.8000,4184.0000,4184.4000,4184.6000,4184.8000,1,1,1,3,2,2,1,4,1,3
SF,IF2003,2020-01-17 09:33:45.800,4183.8000,44303,-4,1051378380.000,4,0,4,双平,S,4183.0000,4182.8000,4182.6000,4182.4000,4182.2000,4184.4000,4184.6000,4184.8000,4185.0000,4186.0000,1,1,1,1,2,4,1,3,3,1
SF,IF2003,2020-01-17 09:33:46.300,4183.8000,44303,0,1051378380.000,0,-,-,-,-,4183.2000,4183.0000,4182.8000,4182.6000,4182.4000,4184.4000,4184.6000,4184.8000,4185.0000,4186.0000,2,1,1,1,1,4,1,3,3,1
SF,IF2003,2020-01-17 09:33:46.800,4183.2000,44304,1,1052633340.000,1,1,0,双开,S,4183.0000,4182.8000,4182.6000,4182.4000,4182.2000,4184.2000,4184.4000,4184.6000,4184.8000,4185.0000,1,1,1,1,2,4,4,1,3,3
SF,IF2003,2020-01-17 09:33:47.300,4183.2000,44304,0,1052633340.000,0,-,-,-,-,4183.2000,4182.8000,4182.6000,4182.4000,4182.2000,4184.4000,4184.6000,4184.8000,4185.0000,4185.8000,3,1,1,1,2,2,1,3,3,1
SF,IF2003,2020-01-17 09:33:47.800,4183.2000,44304,0,1052633340.000,0,-,-,-,-,4183.2000,4182.8000,4182.6000,4182.4000,4182.2000,4184.0000,4184.2000,4184.4000,4184.6000,4184.8000,3,1,1,1,2,1,1,2,1,3
SF,IF2003,2020-01-17 09:33:48.300,4183.2000,44304,0,1052633340.000,0,-,-,-,-,4183.2000,4182.8000,4182.6000,4182.4000,4182.2000,4184.2000,4184.4000,4184.6000,4184.8000,4185.0000,3,1,1,1,2,1,1,1,3,3
SF,IF2003,2020-01-17 09:33:48.800,4183.2000,44304,0,1052633340.000,0,-,-,-,-,4183.4000,4183.2000,4182.8000,4182.6000,4182.4000,4184.4000,4184.6000,4184.8000,4185.0000,4185.8000,1,3,1,1,1,1,1,3,3,1
SF,IF2003,2020-01-17 09:33:49.300,4183.2000,44303,-1,1053888300.000,1,0,1,双平,S,4183.2000,4182.8000,4182.6000,4182.4000,4182.2000,4184.4000,4184.6000,4184.8000,4185.0000,4185.8000,3,1,1,1,2,1,1,3,3,1
SF,IF2003,2020-01-17 09:33:49.800,4183.2000,44303,0,1053888300.000,0,-,-,-,-,4183.4000,4183.2000,4183.0000,4182.8000,4182.6000,4184.2000,4184.4000,4184.6000,4184.8000,4185.0000,2,2,1,1,1,1,1,1,3,3
SF,IF2003,2020-01-17 09:33:50.300,4183.2000,44303,0,1053888300.000,0,-,-,-,-,4183.4000,4183.2000,4183.0000,4182.8000,4182.6000,4184.2000,4184.4000,4184.6000,4184.8000,4185.0000,2,2,1,1,1,1,1,1,3,3
SF,IF2003,2020-01-17 09:33:50.800,4183.2000,44303,0,1053888300.000,0,-,-,-,-,4183.4000,4183.2000,4183.0000,4182.8000,4182.6000,4184.2000,4184.4000,4184.6000,4184.8000,4185.0000,1,2,2,1,1,1,1,1,3,3
SF,IF2003,2020-01-17 09:33:51.300,4183.2000,44303,0,1053888300.000,0,-,-,-,-,4183.6000,4183.4000,4183.2000,4183.0000,4182.8000,4184.4000,4184.6000,4184.8000,4185.0000,4185.8000,1,1,2,2,1,1,1,3,3,1
SF,IF2003,2020-01-17 09:33:51.800,4183.2000,44303,0,1053888300.000,0,-,-,-,-,4183.4000,4183.2000,4183.0000,4182.8000,4182.6000,4184.4000,4184.6000,4184.8000,4185.0000,4185.8000,1,2,2,1,1,1,1,3,3,1
SF,IF2003,2020-01-17 09:33:52.300,4183.2000,44303,0,1053888300.000,0,-,-,-,-,4183.6000,4183.4000,4183.0000,4182.8000,4182.6000,4184.2000,4184.4000,4184.6000,4184.8000,4185.0000,2,1,2,1,1,2,1,1,3,3
SF,IF2003,2020-01-17 09:33:52.800,4184.0000,44302,-1,1056398580.000,2,0,2,多平,S,4183.4000,4183.0000,4182.8000,4182.6000,4182.4000,4184.2000,4184.4000,4184.6000,4184.8000,4185.0000,2,2,1,1,1,2,1,1,3,3
SF,IF2003,2020-01-17 09:33:53.300,4184.0000,44302,0,1056398580.000,0,-,-,-,-,4183.4000,4183.0000,4182.8000,4182.6000,4182.4000,4184.0000,4184.2000,4184.4000,4184.6000,4184.8000,2,2,1,1,1,1,2,1,1,3
SF,IF2003,2020-01-17 09:33:53.800,4184.0000,44302,0,1056398580.000,0,-,-,-,-,4183.4000,4183.0000,4182.8000,4182.6000,4182.4000,4184.0000,4184.2000,4184.4000,4184.6000,4184.8000,3,2,1,1,1,1,2,1,1,3
SF,IF2003,2020-01-17 09:33:54.800,4183.4000,44301,-1,1057653600.000,1,0,1,双平,S,4183.4000,4183.0000,4182.8000,4182.6000,4182.4000,4184.0000,4184.2000,4184.4000,4184.6000,4184.8000,2,2,1,1,1,1,2,1,1,3
SF,IF2003,2020-01-17 09:33:55.300,4183.4000,44301,0,1057653600.000,0,-,-,-,-,4183.4000,4183.0000,4182.8000,4182.6000,4182.4000,4184.0000,4184.2000,4184.4000,4184.6000,4184.8000,2,2,1,1,1,1,2,1,1,3
SF,IF2003,2020-01-17 09:33:55.800,4183.4000,44301,0,1057653600.000,0,-,-,-,-,4183.4000,4183.0000,4182.8000,4182.6000,4182.4000,4183.8000,4184.0000,4184.2000,4184.4000,4184.6000,2,2,1,1,1,3,1,2,1,1
SF,IF2003,2020-01-17 09:33:56.300,4183.4000,44301,0,1057653600.000,0,-,-,-,-,4183.4000,4183.0000,4182.8000,4182.6000,4182.4000,4184.0000,4184.2000,4184.4000,4184.6000,4184.8000,2,2,1,1,1,1,2,1,1,3
SF,IF2003,2020-01-17 09:33:56.800,4183.4000,44301,0,1060163640.000,2,1,1,多换,S,4183.0000,4182.8000,4182.6000,4182.4000,4182.2000,4183.8000,4184.0000,4184.2000,4184.4000,4184.6000,2,1,1,1,2,1,1,2,1,1
SF,IF2003,2020-01-17 09:33:57.300,4183.4000,44301,0,1060163640.000,0,-,-,-,-,4183.0000,4182.8000,4182.6000,4182.4000,4182.2000,4183.4000,4183.8000,4184.0000,4184.2000,4184.4000,2,1,1,1,2,2,1,1,2,1
SF,IF2003,2020-01-17 09:33:57.800,4183.4000,44301,0,1061418660.000,1,0,1,多换,S,4183.0000,4182.8000,4182.6000,4182.4000,4182.2000,4183.4000,4184.0000,4184.2000,4184.4000,4184.6000,2,1,1,1,2,1,1,2,1,1
SF,IF2003,2020-01-17 09:33:58.300,4183.4000,44301,0,1062673680.000,1,0,1,多换,S,4183.2000,4183.0000,4182.8000,4182.6000,4182.4000,4184.0000,4184.6000,4184.8000,4185.0000,4185.8000,2,2,1,1,1,1,1,3,3,1
SF,IF2003,2020-01-17 09:33:59.300,4183.4000,44301,0,1062673680.000,0,-,-,-,-,4183.2000,4183.0000,4182.8000,4182.6000,4182.4000,4184.6000,4184.8000,4185.0000,4185.8000,4186.0000,2,2,1,1,1,1,3,3,1,1
SF,IF2003,2020-01-17 09:33:59.800,4183.4000,44301,0,1062673680.000,0,-,-,-,-,4183.2000,4183.0000,4182.8000,4182.6000,4182.4000,4184.2000,4184.4000,4184.6000,4184.8000,4185.0000,2,2,1,1,1,1,4,1,3,3
SF,IF2003,2020-01-17 09:34:00.300,4183.4000,44300,-1,1063928700.000,1,0,1,双平,S,4183.2000,4183.0000,4182.8000,4182.6000,4182.4000,4184.0000,4184.2000,4184.4000,4184.6000,4184.8000,2,2,1,1,1,1,1,3,1,3
SF,IF2003,2020-01-17 09:34:00.800,4183.4000,44300,0,1063928700.000,0,-,-,-,-,4183.2000,4183.0000,4182.8000,4182.6000,4182.4000,4184.0000,4184.4000,4184.6000,4184.8000,4185.0000,2,2,1,1,1,1,2,1,3,3
SF,IF2003,2020-01-17 09:34:01.300,4183.4000,44299,-1,1065183720.000,1,0,1,双平,S,4183.2000,4183.0000,4182.8000,4182.6000,4182.4000,4184.2000,4184.4000,4184.6000,4184.8000,4185.0000,3,2,1,1,1,1,2,1,3,3
SF,IF2003,2020-01-17 09:34:01.800,4183.4000,44299,0,1065183720.000,0,-,-,-,-,4183.4000,4183.2000,4183.0000,4182.8000,4182.6000,4184.2000,4184.4000,4184.6000,4184.8000,4185.0000,1,3,2,1,1,1,2,1,3,3
SF,IF2003,2020-01-17 09:34:02.300,4183.4000,44299,0,1065183720.000,0,-,-,-,-,4183.2000,4183.0000,4182.8000,4182.6000,4182.4000,4184.0000,4184.2000,4184.4000,4184.6000,4184.8000,1,2,1,1,1,2,1,2,1,3
SF,IF2003,2020-01-17 09:34:02.800,4183.2000,44299,0,1066438680.000,1,0,1,多换,S,4183.0000,4182.8000,4182.6000,4182.4000,4182.2000,4183.2000,4184.0000,4184.2000,4184.4000,4184.6000,2,1,1,1,2,1,2,1,2,1
SF,IF2003,2020-01-17 09:34:03.300,4183.0000,44298,-1,1068948480.000,2,0,2,多平,S,4182.8000,4182.6000,4182.4000,4182.2000,4182.0000,4183.2000,4183.8000,4184.0000,4184.4000,4184.6000,1,1,1,2,3,1,1,2,1,1
SF,IF2003,2020-01-17 09:34:03.800,4183.0000,44298,0,1071458220.000,2,1,1,多换,S,4182.6000,4182.4000,4182.2000,4182.0000,4181.8000,4183.8000,4184.0000,4184.4000,4184.6000,4184.8000,1,1,2,3,4,1,2,1,1,3
SF,IF2003,2020-01-17 09:34:04.300,4183.0000,44298,0,1071458220.000,0,-,-,-,-,4182.6000,4182.4000,4182.2000,4182.0000,4181.8000,4182.8000,4183.6000,4183.8000,4184.0000,4184.6000,1,1,2,3,4,2,10,1,2,1
SF,IF2003,2020-01-17 09:34:04.800,4182.4000,44298,0,1073967720.000,2,1,1,多换,S,4182.2000,4182.0000,4181.8000,4181.6000,4181.4000,4182.4000,4182.6000,4183.2000,4183.6000,4183.8000,2,3,4,2,2,1,1,1,9,1
SF,IF2003,2020-01-17 09:34:05.300,4182.6000,44296,-2,1078986480.000,4,1,3,多平,S,4182.4000,4182.0000,4181.8000,4181.6000,4181.4000,4183.2000,4183.6000,4183.8000,4184.0000,4184.6000,1,3,4,2,2,2,5,1,2,1
SF,IF2003,2020-01-17 09:34:05.800,4182.6000,44296,0,1078986480.000,0,-,-,-,-,4182.0000,4181.8000,4181.6000,4181.4000,4181.2000,4182.8000,4183.0000,4183.2000,4183.6000,4183.8000,3,4,2,2,5,1,1,2,4,1
SF,IF2003,2020-01-17 09:34:06.300,4182.6000,44296,0,1078986480.000,0,-,-,-,-,4182.2000,4182.0000,4181.8000,4181.6000,4181.4000,4183.2000,4183.6000,4183.8000,4184.0000,4184.6000,1,3,4,2,2,2,4,1,2,1
SF,IF2003,2020-01-17 09:34:06.800,4182.6000,44296,0,1078986480.000,0,-,-,-,-,4182.0000,4181.8000,4181.6000,4181.4000,4181.2000,4183.0000,4183.2000,4183.6000,4184.0000,4184.6000,3,4,2,2,5,1,2,4,2,1
SF,IF2003,2020-01-17 09:34:07.300,4182.6000,44296,0,1078986480.000,0,-,-,-,-,4182.2000,4182.0000,4181.8000,4181.6000,4181.4000,4183.0000,4183.2000,4183.6000,4184.0000,4184.6000,1,3,4,2,2,1,2,4,2,1
SF,IF2003,2020-01-17 09:34:07.800,4182.0000,44295,-1,1084004940.000,4,1,3,多平,S,4181.8000,4181.6000,4181.4000,4181.2000,4181.0000,4182.0000,4183.2000,4183.6000,4184.0000,4184.6000,4,2,2,5,1,9,2,4,2,1
SF,IF2003,2020-01-17 09:34:08.300,4182.0000,44287,-8,1095296340.000,9,0,9,多平,S,4182.2000,4182.0000,4181.8000,4181.6000,4181.4000,4183.2000,4183.6000,4184.6000,4184.8000,4185.0000,1,10,4,2,2,1,4,1,3,3
SF,IF2003,2020-01-17 09:34:08.800,4182.0000,44287,0,1095296340.000,0,-,-,-,-,4182.2000,4182.0000,4181.8000,4181.6000,4181.4000,4183.0000,4183.2000,4183.6000,4184.6000,4184.8000,1,13,4,2,2,3,1,4,1,3
SF,IF2003,2020-01-17 09:34:09.300,4183.2000,44284,-3,1100316000.000,4,0,4,多平,S,4183.0000,4182.6000,4182.4000,4182.2000,4182.0000,4183.6000,4184.6000,4184.8000,4185.0000,4185.8000,2,3,7,1,12,1,1,3,3,1
SF,IF2003,2020-01-17 09:34:09.800,4183.6000,44283,-1,1101571080.000,1,0,1,双平,S,4183.6000,4183.0000,4182.8000,4182.6000,4182.4000,4184.6000,4184.8000,4185.0000,4185.8000,4186.0000,1,2,5,3,7,1,3,3,1,1
SF,IF2003,2020-01-17 09:34:10.300,4183.6000,44283,0,1101571080.000,0,-,-,-,-,4183.0000,4182.6000,4182.4000,4182.2000,4182.0000,4183.6000,4184.4000,4184.6000,4184.8000,4185.0000,1,3,2,1,3,1,4,1,3,3
SF,IF2003,2020-01-17 09:34:10.800,4183.6000,44282,-1,1102826160.000,1,0,1,双平,S,4183.2000,4182.6000,4182.4000,4182.2000,4182.0000,4184.4000,4184.6000,4184.8000,4185.0000,4185.8000,2,3,2,1,3,1,1,3,3,1
SF,IF2003,2020-01-17 09:34:11.300,4183.6000,44282,0,1102826160.000,0,-,-,-,-,4183.4000,4182.6000,4182.0000,4181.8000,4181.6000,4184.2000,4184.4000,4184.6000,4184.8000,4185.0000,1,4,3,4,2,8,1,1,3,3
SF,IF2003,2020-01-17 09:34:11.800,4183.6000,44282,0,1102826160.000,0,-,-,-,-,4183.6000,4183.4000,4183.2000,4183.0000,4182.0000,4184.0000,4184.2000,4184.6000,4184.8000,4185.0000,1,2,1,1,3,5,10,1,3,3
SF,IF2003,2020-01-17 09:34:12.300,4183.2000,44279,-3,1106591220.000,3,0,3,双平,S,4183.0000,4182.0000,4181.8000,4181.6000,4181.4000,4183.8000,4184.0000,4184.2000,4184.6000,4184.8000,1,3,4,2,2,4,1,10,1,2
SF,IF2003,2020-01-17 09:34:12.800,4183.2000,44279,0,1106591220.000,0,-,-,-,-,4183.2000,4183.0000,4182.4000,4182.0000,4181.8000,4183.8000,4184.0000,4184.2000,4184.6000,4184.8000,2,1,1,3,4,5,1,4,1,2
SF,IF2003,2020-01-17 09:34:13.300,4183.2000,44279,0,1106591220.000,0,-,-,-,-,4183.2000,4183.0000,4182.4000,4182.0000,4181.8000,4183.8000,4184.0000,4184.2000,4184.6000,4184.8000,2,1,1,2,4,1,1,1,1,2
SF,IF2003,2020-01-17 09:34:14.300,4183.8000,44279,0,1107846360.000,1,0,1,多换,S,4183.2000,4183.0000,4182.4000,4182.0000,4181.8000,4184.0000,4184.2000,4184.6000,4184.8000,4185.0000,2,1,1,2,4,1,1,1,2,3
SF,IF2003,2020-01-17 09:34:14.800,4183.8000,44279,0,1107846360.000,0,-,-,-,-,4183.4000,4183.2000,4183.0000,4182.4000,4182.0000,4184.0000,4184.2000,4184.6000,4184.8000,4185.0000,1,2,1,1,2,1,1,1,2,3
SF,IF2003,2020-01-17 09:34:15.300,4183.8000,44279,0,1107846360.000,0,-,-,-,-,4183.2000,4183.0000,4182.4000,4182.0000,4181.8000,4183.8000,4184.0000,4184.2000,4184.6000,4184.8000,2,1,1,2,4,4,1,1,1,2
SF,IF2003,2020-01-17 09:34:15.800,4183.8000,44279,0,1107846360.000,0,-,-,-,-,4183.2000,4183.0000,4182.4000,4182.0000,4181.8000,4183.8000,4184.0000,4184.6000,4184.8000,4185.0000,2,1,1,2,4,4,1,1,2,3
SF,IF2003,2020-01-17 09:34:16.300,4183.2000,44277,-2,1110356280.000,2,0,2,双平,S,4183.0000,4182.4000,4182.0000,4181.8000,4181.6000,4183.6000,4184.0000,4184.6000,4184.8000,4185.0000,1,1,2,4,2,4,1,1,2,3
SF,IF2003,2020-01-17 09:34:16.800,4183.2000,44277,0,1110356280.000,0,-,-,-,-,4183.0000,4182.4000,4182.0000,4181.8000,4181.6000,4184.0000,4184.6000,4184.8000,4185.0000,4185.8000,1,1,2,4,2,1,1,2,3,1
SF,IF2003,2020-01-17 09:34:17.300,4183.2000,44277,0,1110356280.000,0,-,-,-,-,4183.0000,4182.4000,4182.0000,4181.8000,4181.6000,4183.8000,4184.0000,4184.6000,4184.8000,4185.0000,1,1,2,4,2,1,1,1,2,3
SF,IF2003,2020-01-17 09:34:17.800,4183.2000,44277,0,1110356280.000,0,-,-,-,-,4183.0000,4182.4000,4182.0000,4181.8000,4181.6000,4183.8000,4184.0000,4184.6000,4184.8000,4185.0000,1,1,2,4,2,1,1,1,2,3
SF,IF2003,2020-01-17 09:34:18.300,4183.2000,44277,0,1110356280.000,0,-,-,-,-,4183.0000,4182.4000,4182.0000,4181.8000,4181.6000,4184.0000,4184.6000,4184.8000,4185.0000,4185.8000,1,1,2,4,2,1,1,2,3,1
SF,IF2003,2020-01-17 09:34:18.800,4183.2000,44277,0,1110356280.000,0,-,-,-,-,4183.8000,4183.0000,4182.4000,4182.0000,4181.8000,4184.6000,4184.8000,4185.0000,4185.8000,4186.0000,1,11,1,2,4,1,2,3,1,1
SF,IF2003,2020-01-17 09:34:19.300,4183.8000,44276,-1,1112866560.000,2,0,2,多平,S,4183.0000,4182.4000,4182.0000,4181.8000,4181.6000,4184.4000,4184.6000,4184.8000,4185.0000,4185.8000,12,1,2,4,2,5,1,2,3,1
SF,IF2003,2020-01-17 09:34:19.800,4184.4000,44275,-1,1115377200.000,2,0,2,多平,S,4183.2000,4183.0000,4182.4000,4182.0000,4181.8000,4183.8000,4184.6000,4184.8000,4185.0000,4185.8000,3,12,1,2,4,1,1,2,3,1
SF,IF2003,2020-01-17 09:34:20.300,4184.6000,44273,-2,1117887900.000,2,0,2,双平,S,4184.0000,4183.8000,4183.6000,4183.4000,4183.2000,4184.8000,4185.0000,4185.8000,4186.0000,4187.0000,2,4,2,5,10,2,3,1,1,2
