市场代码,合约代码,时间,最新,持仓,增仓,成交额,成交量,开仓,平仓,成交类型,方向,买一价,买二价,买三价,买四价,买五价,卖一价,卖二价,卖三价,卖四价,卖五价,买一量,买二量,买三量,买四量,买五量,卖一量,卖二量,卖三量,卖四量,卖五量
SF,IF2010,2020-08-24 09:29:00.300,4676.8000,0,0,0.000,0.000,-,-,-,-,4687.2000,4686.6000,4624.0000,4566.6000,4506.6000,4719.6000,4721.4000,4747.4000,4844.0000,4864.0000,1,1,1,1,3,6,1,3,3,1
SF,IF2010,2020-08-24 09:30:00.300,4717.4000,1,1,1415220.000,1,1,0,双开,S,4687.6000,4687.2000,4686.6000,4624.0000,4566.6000,4717.4000,4719.6000,4721.4000,4747.4000,4844.0000,1,1,1,1,1,2,6,1,3,3
SF,IF2010,2020-08-24 09:30:00.800,4717.4000,1,0,1415220.000,0,-,-,-,-,4687.6000,4687.4000,4686.6000,4624.0000,4566.6000,4717.4000,4718.8000,4719.4000,4719.6000,4721.4000,2,2,1,1,1,2,1,1,6,1
SF,IF2010,2020-08-24 09:30:01.300,4717.4000,1,0,1415220.000,0,-,-,-,-,4691.6000,4687.6000,4687.4000,4686.6000,4624.0000,4717.2000,4717.4000,4718.8000,4719.4000,4719.6000,1,3,1,1,1,4,2,1,1,6
SF,IF2010,2020-08-24 09:30:01.800,4717.4000,1,0,1415220.000,0,-,-,-,-,4691.8000,4691.6000,4687.6000,4686.6000,4624.0000,4717.0000,4717.2000,4717.4000,4719.6000,4747.4000,1,1,2,1,1,1,4,2,6,3
SF,IF2010,2020-08-24 09:30:02.300,4717.4000,1,0,1415220.000,0,-,-,-,-,4691.8000,4691.6000,4687.6000,4686.6000,4624.0000,4717.0000,4717.2000,4717.4000,4719.6000,4747.4000,1,1,1,1,1,1,4,2,6,3
SF,IF2010,2020-08-24 09:30:02.800,4717.4000,1,0,1415220.000,0,-,-,-,-,4691.6000,4687.6000,4686.6000,4624.0000,4566.6000,4716.8000,4717.0000,4717.2000,4719.6000,4844.0000,1,1,1,1,1,1,1,3,6,3
SF,IF2010,2020-08-24 09:30:03.300,4717.4000,1,0,1415220.000,0,-,-,-,-,4697.0000,4695.0000,4691.8000,4691.6000,4687.6000,4716.6000,4716.8000,4717.0000,4717.2000,4719.6000,1,4,1,1,1,3,1,1,3,6
SF,IF2010,2020-08-24 09:30:03.800,4717.4000,1,0,1415220.000,0,-,-,-,-,4697.0000,4695.0000,4691.8000,4687.6000,4686.6000,4716.4000,4716.6000,4716.8000,4717.0000,4717.2000,1,4,1,1,1,1,4,1,1,2
SF,IF2010,2020-08-24 09:30:04.300,4717.4000,1,0,1415220.000,0,-,-,-,-,4697.0000,4687.6000,4686.6000,4624.0000,4566.6000,4711.4000,4716.2000,4716.4000,4716.6000,4719.6000,1,1,1,1,1,1,1,2,4,6
SF,IF2010,2020-08-24 09:30:04.800,4717.4000,1,0,1415220.000,0,-,-,-,-,4697.0000,4687.6000,4686.6000,4624.0000,4566.6000,4711.2000,4711.4000,4716.2000,4716.4000,4716.6000,1,1,1,1,1,2,1,1,1,1
SF,IF2010,2020-08-24 09:30:05.300,4717.4000,1,0,1415220.000,0,-,-,-,-,4697.0000,4687.6000,4686.6000,4624.0000,4566.6000,4711.2000,4711.4000,4712.4000,4716.2000,4716.4000,1,1,1,1,1,2,2,1,1,1
SF,IF2010,2020-08-24 09:30:05.800,4717.4000,1,0,1415220.000,0,-,-,-,-,4697.0000,4687.6000,4686.6000,4624.0000,4566.6000,4711.0000,4711.2000,4711.4000,4712.4000,4716.2000,1,1,1,1,1,1,2,1,1,1
SF,IF2010,2020-08-24 09:30:06.300,4717.4000,1,0,1415220.000,0,-,-,-,-,4697.0000,4687.6000,4686.6000,4624.0000,4566.6000,4710.8000,4711.0000,4711.2000,4711.4000,4715.0000,1,1,1,1,1,1,1,2,1,1
SF,IF2010,2020-08-24 09:30:06.800,4717.4000,1,0,1415220.000,0,-,-,-,-,4697.0000,4687.6000,4686.6000,4624.0000,4566.6000,4709.6000,4710.6000,4710.8000,4711.0000,4711.2000,1,1,1,1,1,1,3,2,1,2
SF,IF2010,2020-08-24 09:30:07.300,4717.4000,1,0,1415220.000,0,-,-,-,-,4697.0000,4687.6000,4686.6000,4624.0000,4566.6000,4709.4000,4709.6000,4710.6000,4710.8000,4715.0000,1,1,1,1,1,3,1,1,3,1
SF,IF2010,2020-08-24 09:30:07.800,4717.4000,1,0,1415220.000,0,-,-,-,-,4697.0000,4687.6000,4686.6000,4624.0000,4566.6000,4707.6000,4708.6000,4709.4000,4709.6000,4710.6000,1,1,1,1,1,1,1,2,2,1
SF,IF2010,2020-08-24 09:30:08.300,4717.4000,1,0,1415220.000,0,-,-,-,-,4697.0000,4687.6000,4686.6000,4624.0000,4566.6000,4707.2000,4707.4000,4707.6000,4708.6000,4709.2000,1,1,1,1,1,1,2,1,1,1
SF,IF2010,2020-08-24 09:30:08.800,4717.4000,1,0,1415220.000,0,-,-,-,-,4687.6000,4686.6000,4624.0000,4566.6000,4537.2000,4706.6000,4707.0000,4707.2000,4707.4000,4707.6000,1,1,1,1,1,1,1,1,2,2
SF,IF2010,2020-08-24 09:30:09.300,4717.4000,1,0,1415220.000,0,-,-,-,-,4687.6000,4686.6000,4624.0000,4566.6000,4537.2000,4706.4000,4706.6000,4707.0000,4707.2000,4707.4000,1,1,1,1,1,1,1,2,2,1
SF,IF2010,2020-08-24 09:30:09.800,4717.4000,1,0,1415220.000,0,-,-,-,-,4688.6000,4687.6000,4686.6000,4624.0000,4566.6000,4704.8000,4706.4000,4707.0000,4707.2000,4707.4000,1,1,1,1,1,1,2,2,1,1
SF,IF2010,2020-08-24 09:30:10.300,4717.4000,1,0,1415220.000,0,-,-,-,-,4688.6000,4687.6000,4686.6000,4624.0000,4566.6000,4704.6000,4704.8000,4706.4000,4707.0000,4707.2000,1,1,1,1,1,1,1,2,2,1
SF,IF2010,2020-08-24 09:30:10.800,4717.4000,1,0,1415220.000,0,-,-,-,-,4690.8000,4688.6000,4687.6000,4686.6000,4624.0000,4704.4000,4704.6000,4704.8000,4706.4000,4707.0000,1,1,1,1,1,1,1,2,1,2
SF,IF2010,2020-08-24 09:30:11.300,4704.8000,2,1,2826660.000,1,1,0,双开,S,4690.8000,4688.6000,4686.6000,4624.0000,4566.6000,4704.2000,4704.4000,4704.6000,4706.4000,4707.0000,1,1,1,1,1,1,1,2,1,1
SF,IF2010,2020-08-24 09:30:11.800,4704.8000,2,0,2826660.000,0,-,-,-,-,4691.6000,4690.8000,4624.0000,4566.6000,4537.2000,4702.8000,4704.0000,4704.2000,4704.4000,4704.6000,1,1,1,1,1,1,1,1,2,1
SF,IF2010,2020-08-24 09:30:12.300,4704.8000,2,0,2826660.000,0,-,-,-,-,4692.8000,4691.6000,4690.8000,4624.0000,4566.6000,4702.6000,4702.8000,4704.2000,4704.4000,4710.8000,1,1,1,1,1,1,1,2,1,1
SF,IF2010,2020-08-24 09:30:12.800,4704.8000,2,0,2826660.000,0,-,-,-,-,4692.8000,4691.6000,4690.8000,4624.0000,4566.6000,4701.4000,4702.6000,4704.2000,4704.4000,4710.8000,1,1,1,1,1,1,1,1,2,1
SF,IF2010,2020-08-24 09:30:13.300,4704.8000,2,0,2826660.000,0,-,-,-,-,4693.6000,4692.8000,4690.8000,4624.0000,4566.6000,4701.4000,4702.6000,4704.2000,4704.4000,4710.8000,1,2,1,1,1,1,1,1,2,1
SF,IF2010,2020-08-24 09:30:13.800,4704.8000,2,0,2826660.000,0,-,-,-,-,4693.6000,4692.8000,4624.0000,4566.6000,4537.2000,4701.4000,4702.6000,4704.4000,4710.8000,4714.8000,1,1,1,1,1,1,1,2,1,1
SF,IF2010,2020-08-24 09:30:14.300,4704.8000,2,0,2826660.000,0,-,-,-,-,4694.0000,4693.6000,4624.0000,4566.6000,4537.2000,4701.2000,4701.4000,4702.6000,4704.4000,4710.8000,1,1,1,1,1,1,2,1,1,1
SF,IF2010,2020-08-24 09:30:14.800,4704.8000,2,0,2826660.000,0,-,-,-,-,4693.6000,4624.0000,4566.6000,4537.2000,4506.6000,4701.2000,4701.4000,4702.6000,4704.4000,4710.8000,1,1,1,1,3,1,1,1,1,1
SF,IF2010,2020-08-24 09:30:15.300,4704.8000,2,0,2826660.000,0,-,-,-,-,4693.6000,4624.0000,4566.6000,4537.2000,4506.6000,4700.0000,4701.2000,4701.4000,4702.6000,4704.4000,1,1,1,1,3,1,1,1,1,1
SF,IF2010,2020-08-24 09:30:15.800,4704.8000,2,0,2826660.000,0,-,-,-,-,4693.6000,4624.0000,4566.6000,4537.2000,4506.6000,4700.0000,4701.2000,4702.6000,4710.8000,4715.0000,2,1,1,1,3,1,1,1,1,1
SF,IF2010,2020-08-24 09:30:16.300,4704.8000,2,0,2826660.000,0,-,-,-,-,4693.6000,4624.0000,4566.6000,4537.2000,4506.6000,4702.6000,4710.8000,4715.0000,4719.6000,4844.0000,1,1,1,1,3,1,1,1,6,3
SF,IF2010,2020-08-24 09:30:16.800,4704.8000,2,0,2826660.000,0,-,-,-,-,4693.6000,4624.0000,4566.6000,4537.2000,4506.6000,4702.6000,4710.8000,4715.0000,4719.6000,4748.8000,1,1,1,1,3,1,1,1,6,1
SF,IF2010,2020-08-24 09:30:17.300,4704.8000,2,0,2826660.000,0,-,-,-,-,4693.6000,4624.0000,4566.6000,4537.2000,4506.6000,4702.4000,4702.6000,4705.2000,4710.8000,4715.0000,2,1,1,1,3,1,1,1,1,1
SF,IF2010,2020-08-24 09:30:17.800,4704.8000,2,0,2826660.000,0,-,-,-,-,4693.6000,4624.0000,4566.6000,4537.2000,4506.6000,4702.4000,4702.6000,4705.2000,4710.8000,4715.0000,2,1,1,1,3,1,1,1,1,1
SF,IF2010,2020-08-24 09:30:18.300,4704.8000,2,0,2826660.000,0,-,-,-,-,4693.6000,4624.0000,4566.6000,4537.2000,4506.6000,4702.4000,4702.6000,4710.8000,4715.0000,4719.6000,2,1,1,1,3,1,1,1,1,6
SF,IF2010,2020-08-24 09:30:18.800,4704.8000,2,0,2826660.000,0,-,-,-,-,4693.6000,4624.0000,4566.6000,4537.2000,4506.6000,4702.4000,4702.6000,4710.8000,4715.0000,4719.6000,1,1,1,1,3,1,1,1,1,6
SF,IF2010,2020-08-24 09:30:21.300,4704.8000,2,0,2826660.000,0,-,-,-,-,4693.6000,4624.0000,4566.6000,4537.2000,4506.6000,4702.4000,4702.6000,4710.8000,4715.0000,4719.6000,1,1,1,1,3,2,1,1,1,6
SF,IF2010,2020-08-24 09:30:21.800,4704.8000,2,0,2826660.000,0,-,-,-,-,4693.6000,4624.0000,4566.6000,4537.2000,4506.6000,4702.4000,4702.6000,4710.8000,4715.0000,4719.6000,1,1,1,1,3,1,1,1,1,6
SF,IF2010,2020-08-24 09:30:22.300,4704.8000,2,0,2826660.000,0,-,-,-,-,4624.0000,4566.6000,4537.2000,4506.6000,4462.0000,4701.8000,4702.4000,4702.6000,4710.8000,4715.0000,1,1,1,3,1,1,1,1,1,1
SF,IF2010,2020-08-24 09:30:22.800,4704.8000,2,0,2826660.000,0,-,-,-,-,4686.2000,4624.2000,4624.0000,4566.6000,4537.2000,4701.8000,4702.4000,4702.6000,4710.8000,4715.0000,3,2,1,1,1,1,1,1,1,1
SF,IF2010,2020-08-24 09:30:23.300,4704.8000,2,0,2826660.000,0,-,-,-,-,4687.0000,4686.4000,4624.2000,4624.0000,4566.6000,4701.8000,4719.6000,4748.8000,4844.0000,4864.0000,3,1,1,2,1,1,6,1,3,1
SF,IF2010,2020-08-24 09:30:23.800,4704.8000,2,0,2826660.000,0,-,-,-,-,4688.4000,4687.2000,4687.0000,4686.4000,4624.2000,4719.6000,4748.8000,4844.0000,4864.0000,4869.6000,1,1,3,2,1,6,1,3,1,1
SF,IF2010,2020-08-24 09:30:24.300,4704.8000,2,0,2826660.000,0,-,-,-,-,4688.4000,4687.2000,4687.0000,4686.4000,4624.2000,4719.4000,4719.6000,4748.8000,4844.0000,4864.0000,1,2,3,2,1,4,6,1,3,1
SF,IF2010,2020-08-24 09:30:24.800,4704.8000,2,0,2826660.000,0,-,-,-,-,4690.4000,4689.2000,4688.6000,4688.4000,4624.2000,4704.0000,4719.4000,4719.6000,4748.8000,4844.0000,1,1,1,2,1,1,5,6,1,3
SF,IF2010,2020-08-24 09:30:25.300,4704.8000,2,0,2826660.000,0,-,-,-,-,4690.4000,4689.2000,4688.6000,4688.4000,4624.2000,4704.0000,4714.8000,4719.4000,4719.6000,4748.8000,1,1,1,2,1,1,1,2,6,1
SF,IF2010,2020-08-24 09:30:25.800,4704.8000,2,0,2826660.000,0,-,-,-,-,4691.6000,4690.4000,4689.2000,4688.6000,4687.8000,4704.0000,4714.8000,4715.0000,4719.4000,4719.6000,1,2,1,1,3,1,1,1,2,6
SF,IF2010,2020-08-24 09:30:26.300,4704.8000,2,0,2826660.000,0,-,-,-,-,4692.2000,4691.6000,4690.4000,4689.2000,4688.6000,4714.8000,4715.0000,4715.2000,4719.4000,4719.6000,1,1,1,1,1,1,1,2,2,6
SF,IF2010,2020-08-24 09:30:26.800,4704.8000,2,0,2826660.000,0,-,-,-,-,4692.2000,4691.6000,4687.0000,4624.2000,4624.0000,4711.8000,4714.6000,4714.8000,4715.0000,4715.2000,1,2,3,1,1,1,3,1,1,2
SF,IF2010,2020-08-24 09:30:27.300,4704.8000,2,0,2826660.000,0,-,-,-,-,4692.2000,4691.6000,4688.8000,4624.2000,4624.0000,4709.0000,4709.6000,4711.6000,4711.8000,4714.6000,2,1,1,1,1,1,3,2,1,2
SF,IF2010,2020-08-24 09:30:27.800,4704.8000,2,0,2826660.000,0,-,-,-,-,4694.4000,4693.0000,4692.2000,4691.6000,4688.8000,4708.8000,4711.6000,4711.8000,4714.6000,4714.8000,1,1,2,1,1,1,1,1,2,1
SF,IF2010,2020-08-24 09:30:28.300,4704.8000,2,0,2826660.000,0,-,-,-,-,4694.4000,4693.0000,4692.4000,4692.2000,4691.6000,4708.8000,4711.0000,4711.6000,4714.6000,4714.8000,1,1,1,2,1,1,1,1,2,1
SF,IF2010,2020-08-24 09:30:28.800,4704.8000,2,0,2826660.000,0,-,-,-,-,4694.4000,4693.0000,4692.4000,4692.2000,4691.6000,4708.8000,4709.8000,4711.0000,4714.6000,4714.8000,2,1,1,1,1,1,3,1,1,1
SF,IF2010,2020-08-24 09:30:29.300,4704.8000,2,0,2826660.000,0,-,-,-,-,4695.8000,4694.4000,4692.4000,4624.2000,4624.0000,4708.8000,4709.8000,4711.0000,4714.8000,4715.0000,2,1,1,1,1,1,3,1,1,1
SF,IF2010,2020-08-24 09:30:29.800,4704.8000,2,0,2826660.000,0,-,-,-,-,4695.8000,4694.4000,4624.2000,4624.0000,4566.6000,4708.8000,4711.0000,4714.8000,4715.0000,4719.6000,2,1,1,1,1,1,1,1,1,6
SF,IF2010,2020-08-24 09:30:30.300,4704.8000,2,0,2826660.000,0,-,-,-,-,4696.4000,4696.0000,4695.8000,4624.2000,4624.0000,4708.8000,4711.0000,4719.6000,4748.8000,4844.0000,1,1,2,1,1,1,1,7,1,3
SF,IF2010,2020-08-24 09:30:30.800,4704.8000,2,0,2826660.000,0,-,-,-,-,4697.2000,4696.0000,4695.8000,4624.2000,4624.0000,4708.8000,4711.0000,4719.6000,4748.8000,4844.0000,1,1,2,1,1,1,1,7,1,3
SF,IF2010,2020-08-24 09:30:31.300,4704.8000,2,0,2826660.000,0,-,-,-,-,4696.4000,4695.8000,4624.2000,4624.0000,4566.6000,4708.8000,4711.0000,4719.6000,4748.8000,4844.0000,1,2,1,1,1,1,1,7,1,3
SF,IF2010,2020-08-24 09:30:31.800,4704.8000,2,0,2826660.000,0,-,-,-,-,4698.4000,4697.8000,4697.2000,4695.8000,4624.2000,4708.8000,4711.0000,4719.6000,4748.8000,4844.0000,1,1,1,1,1,1,1,7,1,3
SF,IF2010,2020-08-24 09:30:32.300,4704.8000,2,0,2826660.000,0,-,-,-,-,4698.4000,4697.8000,4697.4000,4697.2000,4624.2000,4711.0000,4719.6000,4748.8000,4844.0000,4869.6000,1,1,1,1,1,1,7,1,3,1
SF,IF2010,2020-08-24 09:30:32.800,4704.8000,2,0,2826660.000,0,-,-,-,-,4699.2000,4698.4000,4697.4000,4624.2000,4624.0000,4711.0000,4719.6000,4748.8000,4844.0000,4869.6000,2,1,1,1,1,1,7,1,3,1
SF,IF2010,2020-08-24 09:30:33.300,4704.8000,2,0,2826660.000,0,-,-,-,-,4699.2000,4697.4000,4624.2000,4624.0000,4566.6000,4710.8000,4711.0000,4713.8000,4719.6000,4748.8000,2,1,1,1,1,1,1,1,7,1
SF,IF2010,2020-08-24 09:30:33.800,4704.8000,2,0,2826660.000,0,-,-,-,-,4699.8000,4699.2000,4624.2000,4624.0000,4566.6000,4710.8000,4711.0000,4713.8000,4719.6000,4748.8000,1,1,1,1,1,1,2,1,7,1
SF,IF2010,2020-08-24 09:30:34.300,4704.8000,2,0,2826660.000,0,-,-,-,-,4699.8000,4699.2000,4624.2000,4624.0000,4566.6000,4710.8000,4711.0000,4713.8000,4719.6000,4748.8000,1,1,1,1,1,2,1,1,7,1
SF,IF2010,2020-08-24 09:30:34.800,4704.8000,2,0,2826660.000,0,-,-,-,-,4700.4000,4699.2000,4624.2000,4624.0000,4566.6000,4710.8000,4711.0000,4713.8000,4719.6000,4748.8000,1,1,1,1,1,2,1,1,7,1
SF,IF2010,2020-08-24 09:30:35.300,4704.8000,2,0,2826660.000,0,-,-,-,-,4700.4000,4699.2000,4674.8000,4624.2000,4624.0000,4710.8000,4711.0000,4713.8000,4719.6000,4748.8000,1,1,1,1,1,2,1,1,7,1
SF,IF2010,2020-08-24 09:30:35.800,4704.8000,2,0,2826660.000,0,-,-,-,-,4700.4000,4699.2000,4674.8000,4624.2000,4624.0000,4710.0000,4710.8000,4711.0000,4713.8000,4719.6000,1,1,1,1,1,1,2,1,1,7
SF,IF2010,2020-08-24 09:30:36.300,4704.8000,2,0,2826660.000,0,-,-,-,-,4700.4000,4699.2000,4674.8000,4624.2000,4624.0000,4709.8000,4710.0000,4710.2000,4711.0000,4713.8000,1,1,1,1,1,1,1,1,1,1
SF,IF2010,2020-08-24 09:30:36.800,4704.8000,2,0,2826660.000,0,-,-,-,-,4700.4000,4699.2000,4674.8000,4624.2000,4624.0000,4709.8000,4710.0000,4711.0000,4713.8000,4719.6000,1,1,1,1,1,1,2,1,1,7
SF,IF2010,2020-08-24 09:30:37.300,4704.8000,2,0,2826660.000,0,-,-,-,-,4700.4000,4699.2000,4624.2000,4624.0000,4566.6000,4709.8000,4710.0000,4711.0000,4713.8000,4719.6000,1,1,1,1,1,2,1,1,1,7
SF,IF2010,2020-08-24 09:30:37.800,4704.8000,2,0,2826660.000,0,-,-,-,-,4700.4000,4699.2000,4624.2000,4624.0000,4566.6000,4709.8000,4710.0000,4711.0000,4713.8000,4719.6000,1,1,1,1,1,2,1,1,1,7
SF,IF2010,2020-08-24 09:30:38.300,4704.8000,2,0,2826660.000,0,-,-,-,-,4700.4000,4699.2000,4624.2000,4624.0000,4566.6000,4709.8000,4710.0000,4711.0000,4713.8000,4719.6000,1,1,1,1,1,1,1,1,1,7
SF,IF2010,2020-08-24 09:30:38.800,4709.6000,3,1,4239540.000,1,1,0,双开,S,4700.4000,4624.2000,4624.0000,4566.6000,4537.2000,4709.8000,4710.0000,4711.0000,4713.8000,4719.6000,1,1,1,1,1,1,1,1,1,7
SF,IF2010,2020-08-24 09:30:39.300,4709.6000,3,0,4239540.000,0,-,-,-,-,4700.4000,4624.2000,4624.0000,4566.6000,4537.2000,4709.6000,4709.8000,4710.0000,4713.8000,4719.6000,1,1,1,1,1,1,1,1,1,7
SF,IF2010,2020-08-24 09:30:39.800,4709.6000,3,0,4239540.000,0,-,-,-,-,4701.0000,4700.8000,4700.4000,4624.2000,4624.0000,4709.0000,4709.6000,4709.8000,4713.8000,4719.6000,1,1,2,1,1,1,1,1,1,7
SF,IF2010,2020-08-24 09:30:40.300,4709.6000,3,0,4239540.000,0,-,-,-,-,4701.0000,4700.8000,4700.4000,4624.2000,4624.0000,4708.8000,4709.0000,4709.6000,4713.8000,4719.6000,1,1,2,1,1,1,1,1,1,7
SF,IF2010,2020-08-24 09:30:40.800,4709.6000,3,0,4239540.000,0,-,-,-,-,4701.0000,4700.8000,4700.4000,4624.2000,4624.0000,4709.0000,4709.6000,4713.8000,4719.6000,4748.8000,2,1,1,1,1,1,1,1,7,1
SF,IF2010,2020-08-24 09:30:41.300,4709.6000,3,0,4239540.000,0,-,-,-,-,4701.4000,4701.0000,4624.2000,4624.0000,4566.6000,4709.0000,4709.6000,4713.8000,4719.6000,4748.8000,1,2,1,1,1,1,1,1,7,1
SF,IF2010,2020-08-24 09:30:41.800,4709.6000,3,0,4239540.000,0,-,-,-,-,4701.4000,4701.0000,4624.2000,4624.0000,4566.6000,4709.0000,4709.6000,4713.8000,4719.6000,4748.8000,1,2,1,1,1,1,1,1,7,1
SF,IF2010,2020-08-24 09:30:42.300,4709.6000,3,0,4239540.000,0,-,-,-,-,4702.0000,4701.4000,4701.0000,4624.2000,4624.0000,4709.0000,4709.6000,4713.8000,4719.6000,4748.8000,1,1,1,1,1,1,1,1,7,1
SF,IF2010,2020-08-24 09:30:42.800,4709.6000,3,0,4239540.000,0,-,-,-,-,4702.4000,4702.0000,4701.4000,4701.0000,4624.2000,4709.0000,4709.6000,4713.8000,4719.6000,4748.8000,1,1,1,1,1,1,1,1,7,1
SF,IF2010,2020-08-24 09:30:43.300,4709.6000,3,0,4239540.000,0,-,-,-,-,4702.4000,4702.0000,4701.0000,4624.2000,4624.0000,4709.0000,4713.8000,4719.6000,4748.8000,4844.0000,1,1,1,1,1,1,1,7,1,3
SF,IF2010,2020-08-24 09:30:43.800,4709.6000,3,0,4239540.000,0,-,-,-,-,4703.0000,4702.4000,4701.0000,4624.2000,4624.0000,4713.8000,4719.6000,4748.8000,4844.0000,4869.6000,1,2,1,1,1,1,7,1,3,1
SF,IF2010,2020-08-24 09:30:44.300,4709.6000,3,0,4239540.000,0,-,-,-,-,4703.6000,4703.0000,4702.4000,4701.0000,4624.2000,4713.6000,4719.6000,4748.8000,4844.0000,4869.6000,1,1,1,1,1,1,7,1,3,1
SF,IF2010,2020-08-24 09:30:44.800,4709.6000,3,0,4239540.000,0,-,-,-,-,4705.0000,4703.0000,4701.0000,4624.2000,4624.0000,4713.6000,4719.6000,4748.8000,4844.0000,4869.6000,1,1,1,1,1,1,7,1,3,1
SF,IF2010,2020-08-24 09:30:45.300,4709.6000,3,0,4239540.000,0,-,-,-,-,4705.0000,4703.0000,4701.0000,4624.2000,4624.0000,4713.6000,4717.0000,4719.6000,4748.8000,4844.0000,1,1,1,1,1,1,1,7,1,3
SF,IF2010,2020-08-24 09:30:45.800,4709.6000,3,0,4239540.000,0,-,-,-,-,4705.0000,4703.0000,4624.2000,4624.0000,4566.6000,4713.6000,4717.0000,4719.6000,4748.8000,4844.0000,1,1,1,1,1,1,1,7,1,3
SF,IF2010,2020-08-24 09:30:46.300,4709.6000,3,0,4239540.000,0,-,-,-,-,4705.0000,4624.2000,4624.0000,4566.6000,4537.2000,4713.6000,4717.0000,4719.6000,4748.8000,4844.0000,1,1,1,1,1,1,1,7,1,3
SF,IF2010,2020-08-24 09:30:46.800,4709.6000,3,0,4239540.000,0,-,-,-,-,4705.0000,4624.2000,4624.0000,4566.6000,4537.2000,4713.6000,4717.0000,4719.6000,4725.6000,4748.8000,1,1,1,1,1,1,1,6,1,1
SF,IF2010,2020-08-24 09:30:47.300,4709.6000,3,0,4239540.000,0,-,-,-,-,4705.0000,4624.2000,4624.0000,4612.2000,4566.6000,4713.6000,4717.0000,4719.6000,4725.6000,4748.8000,1,1,1,1,1,1,1,6,1,1
SF,IF2010,2020-08-24 09:30:47.800,4709.6000,3,0,4239540.000,0,-,-,-,-,4705.0000,4624.2000,4624.0000,4612.2000,4566.6000,4713.0000,4713.6000,4717.0000,4719.6000,4725.6000,1,1,1,1,1,1,1,1,6,1
SF,IF2010,2020-08-24 09:30:48.300,4709.6000,3,0,4239540.000,0,-,-,-,-,4705.0000,4624.2000,4624.0000,4612.2000,4566.6000,4712.8000,4713.0000,4713.6000,4716.0000,4717.0000,1,1,1,1,1,1,1,1,1,1
SF,IF2010,2020-08-24 09:30:48.800,4705.0000,4,1,5651040.000,1,1,0,双开,S,4705.2000,4624.2000,4624.0000,4612.2000,4566.6000,4712.8000,4713.0000,4716.0000,4717.0000,4719.6000,1,1,1,1,1,1,1,1,1,6
SF,IF2010,2020-08-24 09:30:49.300,4705.0000,4,0,5651040.000,0,-,-,-,-,4705.2000,4624.2000,4624.0000,4612.2000,4566.6000,4712.8000,4713.0000,4716.0000,4717.0000,4719.6000,1,1,1,1,1,1,1,1,1,6
SF,IF2010,2020-08-24 09:30:49.800,4705.0000,4,0,5651040.000,0,-,-,-,-,4705.2000,4624.2000,4624.0000,4612.2000,4566.6000,4712.8000,4713.0000,4716.0000,4717.0000,4719.6000,1,1,1,1,1,1,1,1,1,6
SF,IF2010,2020-08-24 09:30:50.300,4705.0000,4,0,5651040.000,0,-,-,-,-,4705.2000,4624.2000,4624.0000,4612.2000,4566.6000,4712.8000,4713.0000,4716.0000,4717.0000,4719.6000,1,1,1,1,1,1,1,1,1,6
SF,IF2010,2020-08-24 09:30:50.800,4705.0000,4,0,5651040.000,0,-,-,-,-,4705.2000,4624.2000,4624.0000,4612.2000,4566.6000,4712.8000,4713.0000,4716.0000,4717.0000,4719.6000,1,1,1,1,1,1,1,1,1,6
SF,IF2010,2020-08-24 09:30:51.300,4705.0000,4,0,5651040.000,0,-,-,-,-,4705.2000,4624.2000,4624.0000,4612.2000,4566.6000,4712.8000,4713.0000,4716.0000,4717.0000,4719.6000,1,1,1,1,1,1,1,1,1,6
SF,IF2010,2020-08-24 09:30:51.800,4705.0000,4,0,5651040.000,0,-,-,-,-,4705.2000,4624.2000,4624.0000,4612.2000,4566.6000,4712.6000,4712.8000,4713.0000,4716.0000,4717.0000,1,1,1,1,1,1,1,1,1,1
SF,IF2010,2020-08-24 09:30:52.800,4705.0000,4,0,5651040.000,0,-,-,-,-,4624.2000,4624.0000,4612.2000,4566.6000,4537.2000,4712.4000,4712.6000,4712.8000,4713.0000,4716.0000,1,1,1,1,1,2,1,1,1,1
SF,IF2010,2020-08-24 09:30:53.300,4705.0000,4,0,5651040.000,0,-,-,-,-,4692.4000,4627.0000,4624.4000,4624.2000,4624.0000,4711.2000,4712.2000,4712.4000,4712.8000,4716.0000,3,2,2,1,1,1,2,2,1,1
SF,IF2010,2020-08-24 09:30:53.800,4705.0000,4,0,5651040.000,0,-,-,-,-,4696.4000,4692.6000,4627.0000,4624.4000,4624.2000,4711.0000,4711.2000,4712.4000,4716.0000,4717.0000,1,2,2,2,2,2,1,2,1,1
SF,IF2010,2020-08-24 09:30:54.300,4705.0000,4,0,5651040.000,0,-,-,-,-,4696.6000,4696.4000,4627.0000,4624.4000,4624.2000,4711.0000,4711.2000,4712.4000,4716.0000,4717.0000,1,1,2,2,1,2,1,2,1,1
SF,IF2010,2020-08-24 09:30:54.800,4705.0000,4,0,5651040.000,0,-,-,-,-,4696.6000,4696.4000,4627.0000,4624.4000,4624.2000,4711.0000,4711.2000,4712.4000,4716.0000,4717.0000,1,1,2,2,1,2,1,2,1,1
SF,IF2010,2020-08-24 09:30:55.300,4705.0000,4,0,5651040.000,0,-,-,-,-,4698.2000,4697.0000,4696.6000,4627.0000,4624.4000,4710.8000,4711.0000,4711.2000,4716.0000,4717.0000,1,1,1,2,2,1,2,1,1,1
SF,IF2010,2020-08-24 09:30:55.800,4705.0000,4,0,5651040.000,0,-,-,-,-,4698.2000,4697.0000,4627.0000,4624.4000,4624.2000,4705.4000,4710.6000,4710.8000,4711.0000,4711.2000,1,1,2,2,1,1,1,1,1,1
SF,IF2010,2020-08-24 09:30:56.300,4705.0000,4,0,5651040.000,0,-,-,-,-,4698.2000,4697.0000,4627.0000,4624.4000,4624.2000,4705.2000,4705.4000,4711.2000,4716.0000,4717.0000,1,1,2,2,1,1,1,1,1,1
SF,IF2010,2020-08-24 09:30:56.800,4705.0000,4,0,5651040.000,0,-,-,-,-,4698.2000,4627.0000,4624.4000,4624.2000,4624.0000,4705.0000,4705.2000,4705.4000,4711.2000,4716.0000,1,2,2,1,1,1,2,1,1,1
SF,IF2010,2020-08-24 09:30:57.300,4705.0000,4,0,5651040.000,0,-,-,-,-,4627.0000,4624.4000,4624.2000,4624.0000,4612.2000,4704.8000,4705.0000,4705.2000,4705.4000,4711.2000,2,2,1,1,1,1,1,1,1,1
SF,IF2010,2020-08-24 09:30:57.800,4705.0000,4,0,5651040.000,0,-,-,-,-,4698.2000,4670.6000,4628.2000,4627.2000,4624.4000,4704.8000,4705.0000,4705.2000,4705.4000,4711.2000,1,3,2,2,2,1,1,1,1,1
SF,IF2010,2020-08-24 09:30:58.300,4705.0000,4,0,5651040.000,0,-,-,-,-,4698.4000,4698.2000,4670.6000,4628.2000,4624.4000,4704.8000,4705.0000,4705.2000,4705.4000,4711.2000,1,1,3,2,1,1,1,1,1,1
SF,IF2010,2020-08-24 09:30:58.800,4705.0000,4,0,5651040.000,0,-,-,-,-,4670.6000,4628.2000,4624.4000,4624.2000,4624.0000,4704.6000,4705.0000,4705.2000,4705.4000,4711.2000,3,2,1,1,1,1,1,1,1,1
SF,IF2010,2020-08-24 09:30:59.300,4705.0000,4,0,5651040.000,0,-,-,-,-,4698.4000,4671.0000,4670.8000,4624.4000,4624.2000,4704.4000,4705.0000,4705.2000,4705.4000,4711.2000,1,1,6,1,1,1,1,1,1,1
SF,IF2010,2020-08-24 09:30:59.800,4705.0000,4,0,5651040.000,0,-,-,-,-,4698.4000,4671.0000,4670.8000,4624.2000,4624.0000,4704.2000,4704.4000,4705.4000,4711.2000,4716.0000,1,1,6,1,1,2,1,1,1,1
SF,IF2010,2020-08-24 09:31:00.300,4698.4000,5,1,7060560.000,1,1,0,双开,S,4671.0000,4670.8000,4624.2000,4624.0000,4612.2000,4703.8000,4704.2000,4711.2000,4716.0000,4719.6000,1,6,1,1,1,1,2,1,1,6
SF,IF2010,2020-08-24 09:31:00.800,4698.4000,5,0,7060560.000,0,-,-,-,-,4698.4000,4689.4000,4683.2000,4674.4000,4671.2000,4703.6000,4703.8000,4704.2000,4716.0000,4719.6000,1,1,3,6,2,1,1,2,1,6
SF,IF2010,2020-08-24 09:31:01.300,4698.4000,5,0,7060560.000,0,-,-,-,-,4698.4000,4689.4000,4683.2000,4674.4000,4671.4000,4703.4000,4703.6000,4703.8000,4704.2000,4716.0000,1,1,3,6,1,1,1,1,2,1
SF,IF2010,2020-08-24 09:31:01.800,4698.4000,5,0,7060560.000,0,-,-,-,-,4689.4000,4674.4000,4671.4000,4671.2000,4624.2000,4703.4000,4704.2000,4719.6000,4725.6000,4748.8000,1,6,1,2,1,1,1,6,1,1
SF,IF2010,2020-08-24 09:31:02.300,4698.4000,5,0,7060560.000,0,-,-,-,-,4689.6000,4689.4000,4686.8000,4674.4000,4671.4000,4703.2000,4703.4000,4719.6000,4725.6000,4748.8000,1,1,1,6,1,1,2,6,1,1
SF,IF2010,2020-08-24 09:31:02.800,4698.4000,5,0,7060560.000,0,-,-,-,-,4689.6000,4689.4000,4686.8000,4674.4000,4671.4000,4698.4000,4703.2000,4703.4000,4719.6000,4725.6000,1,1,1,6,1,1,2,1,6,1
SF,IF2010,2020-08-24 09:31:03.300,4698.4000,6,1,8470080.000,1,1,0,双开,S,4692.0000,4690.4000,4689.6000,4686.8000,4674.4000,4703.2000,4719.6000,4725.6000,4748.8000,4807.4000,1,1,1,1,6,1,6,1,1,1
SF,IF2010,2020-08-24 09:31:03.800,4698.4000,6,0,8470080.000,0,-,-,-,-,4692.2000,4692.0000,4690.4000,4686.8000,4674.4000,4703.0000,4703.2000,4719.6000,4725.6000,4748.8000,1,1,1,1,6,2,1,6,1,1
SF,IF2010,2020-08-24 09:31:04.300,4698.4000,6,0,8470080.000,0,-,-,-,-,4692.2000,4692.0000,4690.4000,4686.8000,4674.4000,4703.0000,4703.2000,4719.6000,4725.6000,4748.8000,1,1,1,1,6,2,1,6,1,1
SF,IF2010,2020-08-24 09:31:04.800,4698.4000,6,0,8470080.000,0,-,-,-,-,4692.2000,4692.0000,4690.4000,4674.4000,4671.4000,4702.8000,4703.0000,4703.2000,4719.6000,4725.6000,1,1,1,6,1,1,2,1,6,1
SF,IF2010,2020-08-24 09:31:05.300,4698.4000,6,0,8470080.000,0,-,-,-,-,4692.2000,4692.0000,4674.4000,4671.4000,4671.2000,4702.6000,4702.8000,4703.0000,4719.6000,4725.6000,1,1,6,1,1,2,1,1,6,1
SF,IF2010,2020-08-24 09:31:05.800,4698.4000,6,0,8470080.000,0,-,-,-,-,4692.0000,4674.4000,4671.4000,4671.2000,4624.2000,4702.4000,4702.6000,4702.8000,4703.0000,4719.6000,1,6,1,1,1,1,2,1,1,6
SF,IF2010,2020-08-24 09:31:06.300,4698.4000,6,0,8470080.000,0,-,-,-,-,4692.4000,4671.4000,4671.2000,4624.2000,4624.0000,4702.2000,4702.4000,4702.6000,4703.0000,4719.6000,1,1,1,1,1,1,1,1,1,6
SF,IF2010,2020-08-24 09:31:06.800,4698.4000,6,0,8470080.000,0,-,-,-,-,4692.4000,4671.4000,4671.2000,4624.2000,4624.0000,4701.8000,4702.2000,4702.4000,4719.6000,4725.6000,1,1,1,1,1,1,1,2,6,1
SF,IF2010,2020-08-24 09:31:07.300,4698.4000,6,0,8470080.000,0,-,-,-,-,4671.4000,4671.2000,4624.2000,4624.0000,4612.2000,4701.6000,4701.8000,4702.2000,4702.4000,4719.6000,1,1,1,1,1,2,1,1,1,6
SF,IF2010,2020-08-24 09:31:07.800,4698.4000,6,0,8470080.000,0,-,-,-,-,4683.2000,4672.2000,4671.8000,4671.6000,4671.2000,4701.6000,4701.8000,4719.6000,4725.6000,4748.8000,3,2,1,2,1,2,2,6,1,1
SF,IF2010,2020-08-24 09:31:08.300,4698.4000,6,0,8470080.000,0,-,-,-,-,4693.0000,4688.6000,4683.4000,4683.2000,4672.2000,4701.4000,4701.6000,4701.8000,4719.6000,4725.6000,1,1,2,4,2,2,2,1,6,1
SF,IF2010,2020-08-24 09:31:08.800,4698.4000,6,0,8470080.000,0,-,-,-,-,4693.0000,4688.6000,4683.6000,4683.4000,4683.2000,4700.0000,4701.2000,4701.4000,4701.6000,4719.6000,1,1,1,1,3,1,1,2,1,6
SF,IF2010,2020-08-24 09:31:09.300,4698.4000,6,0,8470080.000,0,-,-,-,-,4693.0000,4688.6000,4683.4000,4683.2000,4672.2000,4699.8000,4700.0000,4701.2000,4701.4000,4719.6000,1,1,1,3,2,2,1,1,1,6
SF,IF2010,2020-08-24 09:31:09.800,4698.4000,6,0,8470080.000,0,-,-,-,-,4693.0000,4688.6000,4683.8000,4683.4000,4672.2000,4699.8000,4700.0000,4701.4000,4719.6000,4725.6000,1,1,2,1,2,2,2,1,6,1
SF,IF2010,2020-08-24 09:31:10.300,4698.4000,6,0,8470080.000,0,-,-,-,-,4693.0000,4688.6000,4683.8000,4683.4000,4672.2000,4699.6000,4699.8000,4701.4000,4719.6000,4725.6000,1,1,2,1,2,1,2,1,6,1
SF,IF2010,2020-08-24 09:31:10.800,4693.0000,7,1,9877980.000,1,1,0,双开,S,4683.8000,4683.4000,4672.2000,4671.6000,4624.2000,4693.0000,4699.4000,4699.6000,4699.8000,4719.6000,2,1,2,1,1,1,2,1,1,6
SF,IF2010,2020-08-24 09:31:11.300,4693.0000,8,1,11285880.000,1,1,0,双开,S,4684.0000,4683.8000,4672.2000,4671.6000,4624.2000,4699.4000,4699.6000,4719.6000,4725.6000,4748.8000,1,2,2,1,1,1,1,6,1,1
SF,IF2010,2020-08-24 09:31:11.800,4693.0000,8,0,11285880.000,0,-,-,-,-,4684.2000,4684.0000,4683.8000,4672.2000,4671.6000,4699.2000,4699.4000,4719.6000,4725.6000,4748.8000,1,1,2,2,1,2,1,6,1,1
SF,IF2010,2020-08-24 09:31:12.300,4693.0000,8,0,11285880.000,0,-,-,-,-,4685.6000,4685.0000,4684.2000,4684.0000,4672.2000,4699.2000,4699.4000,4719.6000,4725.6000,4748.8000,1,1,1,1,2,2,1,6,1,1
SF,IF2010,2020-08-24 09:31:12.800,4693.0000,8,0,11285880.000,0,-,-,-,-,4685.8000,4685.6000,4685.0000,4684.2000,4672.2000,4699.2000,4699.4000,4719.6000,4725.6000,4748.8000,1,1,1,1,2,2,1,6,1,1
SF,IF2010,2020-08-24 09:31:13.300,4693.0000,8,0,11285880.000,0,-,-,-,-,4685.8000,4685.6000,4685.0000,4672.2000,4671.6000,4699.2000,4719.6000,4725.6000,4748.8000,4807.4000,1,1,1,2,1,2,6,1,1,1
SF,IF2010,2020-08-24 09:31:13.800,4693.0000,8,0,11285880.000,0,-,-,-,-,4686.8000,4685.8000,4685.0000,4672.2000,4671.6000,4699.0000,4699.2000,4719.6000,4725.6000,4748.8000,1,1,1,2,1,1,2,6,1,1
SF,IF2010,2020-08-24 09:31:14.300,4693.0000,8,0,11285880.000,0,-,-,-,-,4687.0000,4686.8000,4686.4000,4672.2000,4671.6000,4698.8000,4699.2000,4719.6000,4725.6000,4748.8000,1,1,1,2,1,1,1,6,1,1
SF,IF2010,2020-08-24 09:31:14.800,4693.0000,8,0,11285880.000,0,-,-,-,-,4687.6000,4687.0000,4686.8000,4672.2000,4671.6000,4698.6000,4698.8000,4699.0000,4699.2000,4719.6000,1,1,1,2,1,1,2,1,1,6
SF,IF2010,2020-08-24 09:31:15.300,4693.0000,8,0,11285880.000,0,-,-,-,-,4688.0000,4687.8000,4687.6000,4672.2000,4671.6000,4698.4000,4698.6000,4698.8000,4699.2000,4719.6000,1,1,1,2,1,1,1,1,1,6
SF,IF2010,2020-08-24 09:31:15.800,4693.0000,8,0,11285880.000,0,-,-,-,-,4688.2000,4688.0000,4687.6000,4672.2000,4671.6000,4698.4000,4698.6000,4698.8000,4719.6000,4725.6000,1,1,1,2,1,1,1,1,6,1
SF,IF2010,2020-08-24 09:31:16.300,4693.0000,8,0,11285880.000,0,-,-,-,-,4688.2000,4688.0000,4687.6000,4672.2000,4671.6000,4698.2000,4698.4000,4698.6000,4698.8000,4719.6000,1,1,1,2,1,1,1,1,1,6
SF,IF2010,2020-08-24 09:31:16.800,4693.0000,8,0,11285880.000,0,-,-,-,-,4688.2000,4688.0000,4687.6000,4672.2000,4671.6000,4698.0000,4698.2000,4698.4000,4698.6000,4719.6000,1,1,1,2,1,2,1,1,1,6
SF,IF2010,2020-08-24 09:31:17.300,4693.0000,8,0,11285880.000,0,-,-,-,-,4688.2000,4688.0000,4687.6000,4672.2000,4671.6000,4698.0000,4698.6000,4719.6000,4725.6000,4748.8000,1,1,1,2,1,2,1,6,1,1
SF,IF2010,2020-08-24 09:31:17.800,4693.0000,8,0,11285880.000,0,-,-,-,-,4688.2000,4688.0000,4687.6000,4672.2000,4671.6000,4697.8000,4698.0000,4698.6000,4719.6000,4725.6000,2,1,1,2,1,1,2,1,6,1
SF,IF2010,2020-08-24 09:31:18.300,4693.0000,8,0,11285880.000,0,-,-,-,-,4688.2000,4688.0000,4687.6000,4672.2000,4671.6000,4697.6000,4697.8000,4698.0000,4719.6000,4725.6000,1,1,1,2,1,1,1,1,6,1
SF,IF2010,2020-08-24 09:31:18.800,4693.0000,8,0,11285880.000,0,-,-,-,-,4688.2000,4688.0000,4687.6000,4672.2000,4671.6000,4697.4000,4697.6000,4697.8000,4698.0000,4719.6000,1,1,1,2,1,2,1,1,1,6
SF,IF2010,2020-08-24 09:31:19.300,4693.0000,8,0,11285880.000,0,-,-,-,-,4688.4000,4688.2000,4687.6000,4672.2000,4671.6000,4697.2000,4697.4000,4697.8000,4698.0000,4719.6000,1,1,1,2,1,2,1,1,1,6
SF,IF2010,2020-08-24 09:31:19.800,4693.0000,8,0,11285880.000,0,-,-,-,-,4688.6000,4688.4000,4687.6000,4672.2000,4671.6000,4697.2000,4697.4000,4719.6000,4725.6000,4748.8000,1,1,1,2,1,2,1,6,1,1
SF,IF2010,2020-08-24 09:31:20.300,4693.0000,8,0,11285880.000,0,-,-,-,-,4688.6000,4688.4000,4687.6000,4672.2000,4671.6000,4697.2000,4697.4000,4719.6000,4725.6000,4748.8000,1,2,1,2,1,2,1,6,1,1
SF,IF2010,2020-08-24 09:31:20.800,4693.0000,8,0,11285880.000,0,-,-,-,-,4688.6000,4687.6000,4672.2000,4671.6000,4624.2000,4697.2000,4697.4000,4719.6000,4725.6000,4748.8000,2,1,2,1,1,2,1,6,1,1
SF,IF2010,2020-08-24 09:31:21.300,4693.0000,8,0,11285880.000,0,-,-,-,-,4689.0000,4688.6000,4687.6000,4672.2000,4671.6000,4697.2000,4697.4000,4719.6000,4725.6000,4748.8000,1,2,1,2,1,2,1,6,1,1
SF,IF2010,2020-08-24 09:31:21.800,4693.0000,8,0,11285880.000,0,-,-,-,-,4689.2000,4689.0000,4687.6000,4672.2000,4671.6000,4697.2000,4697.4000,4719.6000,4725.6000,4748.8000,1,1,1,2,1,2,1,6,1,1
SF,IF2010,2020-08-24 09:31:22.300,4693.0000,8,0,11285880.000,0,-,-,-,-,4689.2000,4689.0000,4687.6000,4682.0000,4672.2000,4697.2000,4697.4000,4719.6000,4725.6000,4748.8000,1,1,1,5,2,2,1,6,1,1
SF,IF2010,2020-08-24 09:31:22.800,4693.0000,8,0,11285880.000,0,-,-,-,-,4689.4000,4689.2000,4687.6000,4682.0000,4672.2000,4697.0000,4697.2000,4697.4000,4719.6000,4725.6000,1,1,1,5,2,1,2,1,6,1
SF,IF2010,2020-08-24 09:31:23.300,4693.0000,8,0,11285880.000,0,-,-,-,-,4687.6000,4682.0000,4672.2000,4671.6000,4624.2000,4696.8000,4697.0000,4697.4000,4719.6000,4725.6000,1,5,2,1,1,2,1,1,6,1
SF,IF2010,2020-08-24 09:31:23.800,4693.0000,8,0,11285880.000,0,-,-,-,-,4687.6000,4682.0000,4672.2000,4671.6000,4624.2000,4696.0000,4696.8000,4697.0000,4697.4000,4719.6000,1,5,2,1,1,1,3,1,1,6
SF,IF2010,2020-08-24 09:31:24.300,4687.6000,8,0,12692160.000,1,0,1,多换,S,4682.0000,4672.2000,4624.2000,4624.0000,4612.2000,4695.8000,4696.0000,4696.6000,4719.6000,4725.6000,5,2,1,1,1,2,1,1,6,1
SF,IF2010,2020-08-24 09:31:24.800,4687.6000,8,0,12692160.000,0,-,-,-,-,4688.2000,4682.2000,4682.0000,4672.2000,4624.2000,4695.4000,4695.8000,4696.0000,4719.6000,4725.6000,1,1,6,2,1,1,3,2,6,1
SF,IF2010,2020-08-24 09:31:25.300,4687.6000,8,0,12692160.000,0,-,-,-,-,4682.2000,4682.0000,4672.2000,4624.2000,4624.0000,4695.0000,4695.2000,4695.4000,4695.6000,4695.8000,1,6,2,1,1,1,2,1,1,1
SF,IF2010,2020-08-24 09:31:25.800,4694.8000,9,1,14100600.000,1,1,0,双开,S,4682.2000,4682.0000,4672.2000,4624.2000,4624.0000,4695.0000,4695.2000,4695.4000,4719.6000,4725.6000,1,6,2,1,1,1,1,2,6,1
SF,IF2010,2020-08-24 09:31:26.300,4694.8000,9,0,14100600.000,0,-,-,-,-,4685.2000,4682.2000,4682.0000,4672.2000,4624.2000,4694.8000,4695.0000,4695.2000,4695.4000,4719.6000,1,1,6,2,1,4,1,1,1,6
SF,IF2010,2020-08-24 09:31:26.800,4694.8000,9,0,14100600.000,0,-,-,-,-,4685.4000,4685.2000,4682.0000,4672.2000,4624.2000,4693.8000,4694.0000,4694.6000,4694.8000,4695.2000,1,1,6,2,1,2,1,1,4,1
SF,IF2010,2020-08-24 09:31:27.300,4694.8000,9,0,14100600.000,0,-,-,-,-,4685.4000,4685.2000,4682.0000,4672.2000,4624.2000,4693.6000,4693.8000,4694.0000,4694.4000,4694.8000,1,2,6,2,1,2,2,1,1,2
SF,IF2010,2020-08-24 09:31:27.800,4694.8000,9,0,14100600.000,0,-,-,-,-,4691.6000,4685.8000,4685.6000,4685.4000,4682.0000,4693.0000,4693.6000,4693.8000,4694.4000,4694.8000,5,1,1,1,6,1,3,1,1,2
SF,IF2010,2020-08-24 09:31:28.300,4691.6000,11,2,16915560.000,2,2,0,双开,S,4691.6000,4685.8000,4685.6000,4685.4000,4682.0000,4692.8000,4693.0000,4693.6000,4694.4000,4694.8000,3,1,1,1,6,1,1,1,1,2
SF,IF2010,2020-08-24 09:31:28.800,4691.6000,15,4,22545480.000,4,4,0,双开,S,4685.8000,4685.6000,4682.0000,4672.2000,4624.2000,4687.8000,4692.8000,4693.6000,4694.4000,4694.8000,1,1,6,2,1,2,1,1,1,1
SF,IF2010,2020-08-24 09:31:29.300,4687.8000,16,1,23951820.000,1,1,0,双开,S,4687.2000,4682.0000,4677.8000,4672.2000,4624.2000,4687.8000,4691.4000,4694.4000,4704.6000,4719.6000,1,6,1,2,1,1,1,1,3,6
SF,IF2010,2020-08-24 09:31:29.800,4687.8000,17,1,25358160.000,1,1,0,双开,S,4687.8000,4687.2000,4682.0000,4677.8000,4672.2000,4694.4000,4704.6000,4719.6000,4725.6000,4748.8000,1,1,6,1,2,1,3,6,1,1
SF,IF2010,2020-08-24 09:31:30.300,4687.8000,17,0,25358160.000,0,-,-,-,-,4688.0000,4687.8000,4687.2000,4682.0000,4677.8000,4704.6000,4719.6000,4725.6000,4748.8000,4807.4000,1,2,1,6,1,3,6,1,1,1
SF,IF2010,2020-08-24 09:31:30.800,4687.8000,17,0,25358160.000,0,-,-,-,-,4688.2000,4688.0000,4687.8000,4682.0000,4677.8000,4700.2000,4704.4000,4704.6000,4719.6000,4725.6000,1,1,2,6,1,4,4,3,6,1
SF,IF2010,2020-08-24 09:31:31.300,4687.8000,17,0,25358160.000,0,-,-,-,-,4688.2000,4687.8000,4682.0000,4677.8000,4672.2000,4697.4000,4700.0000,4700.2000,4704.4000,4704.6000,2,2,6,1,2,1,3,4,2,3
SF,IF2010,2020-08-24 09:31:31.800,4697.2000,18,1,26767320.000,1,1,0,双开,S,4688.4000,4688.2000,4687.8000,4682.0000,4677.8000,4697.2000,4697.4000,4698.4000,4698.6000,4699.2000,1,2,1,6,1,1,1,2,1,1
SF,IF2010,2020-08-24 09:31:32.300,4697.2000,18,0,28176480.000,1,0,1,多换,S,4688.6000,4687.8000,4682.0000,4677.8000,4672.2000,4696.0000,4696.4000,4697.0000,4697.2000,4697.4000,1,1,6,1,2,1,1,3,2,1
SF,IF2010,2020-08-24 09:31:32.800,4688.6000,19,1,29583060.000,1,1,0,双开,S,4689.2000,4687.8000,4687.0000,4682.0000,4677.8000,4695.8000,4696.0000,4696.4000,4696.6000,4697.0000,1,1,1,6,1,2,4,1,1,2
SF,IF2010,2020-08-24 09:31:33.300,4689.2000,20,1,30989820.000,1,1,0,双开,S,4687.8000,4687.0000,4682.0000,4677.8000,4672.2000,4693.4000,4694.4000,4694.8000,4695.2000,4695.4000,1,1,6,1,2,1,1,1,1,1
SF,IF2010,2020-08-24 09:31:33.800,4689.2000,20,0,30989820.000,0,-,-,-,-,4688.0000,4687.8000,4687.0000,4682.0000,4672.2000,4694.0000,4694.4000,4694.8000,4695.2000,4695.4000,1,1,1,6,2,1,1,2,6,2
SF,IF2010,2020-08-24 09:31:34.300,4688.2000,21,1,32396280.000,1,1,0,双开,S,4688.0000,4687.8000,4687.0000,4682.0000,4672.2000,4693.2000,4693.4000,4693.8000,4694.0000,4694.4000,1,1,1,6,2,2,1,1,1,1
SF,IF2010,2020-08-24 09:31:34.800,4688.2000,21,0,32396280.000,0,-,-,-,-,4688.0000,4687.8000,4687.0000,4682.0000,4672.2000,4693.2000,4694.0000,4694.4000,4694.8000,4695.2000,1,1,1,6,2,3,1,1,1,5
SF,IF2010,2020-08-24 09:31:35.300,4688.2000,21,0,32396280.000,0,-,-,-,-,4688.0000,4687.8000,4687.0000,4686.8000,4682.0000,4693.2000,4694.0000,4694.4000,4694.8000,4695.2000,1,1,1,1,6,3,1,1,1,4
SF,IF2010,2020-08-24 09:31:35.800,4688.2000,21,0,32396280.000,0,-,-,-,-,4688.0000,4687.8000,4687.0000,4686.8000,4682.0000,4693.2000,4694.4000,4694.8000,4695.2000,4695.4000,1,1,1,1,6,3,1,1,3,2
SF,IF2010,2020-08-24 09:31:36.300,4688.2000,21,0,32396280.000,0,-,-,-,-,4688.0000,4687.8000,4687.0000,4686.8000,4682.0000,4693.0000,4693.2000,4694.4000,4694.8000,4695.2000,1,1,1,1,6,1,3,1,1,3
SF,IF2010,2020-08-24 09:31:36.800,4688.2000,21,0,32396280.000,0,-,-,-,-,4688.0000,4687.8000,4687.0000,4686.8000,4682.0000,4692.8000,4693.0000,4693.2000,4694.4000,4694.8000,1,1,1,1,6,2,2,2,1,1
SF,IF2010,2020-08-24 09:31:37.300,4688.2000,21,0,32396280.000,0,-,-,-,-,4688.0000,4687.8000,4687.0000,4686.8000,4682.0000,4692.6000,4692.8000,4693.0000,4694.4000,4694.8000,1,1,1,1,6,1,2,2,1,1
SF,IF2010,2020-08-24 09:31:37.800,4688.2000,21,0,32396280.000,0,-,-,-,-,4688.0000,4687.8000,4687.0000,4686.8000,4682.0000,4692.6000,4692.8000,4694.4000,4694.8000,4695.2000,1,1,1,1,6,2,2,1,1,1
SF,IF2010,2020-08-24 09:31:38.300,4692.6000,22,1,33804060.000,1,1,0,双开,S,4689.0000,4688.0000,4687.8000,4687.0000,4686.8000,4692.6000,4692.8000,4694.4000,4694.8000,4695.2000,5,1,1,1,1,1,2,1,1,1
SF,IF2010,2020-08-24 09:31:38.800,4692.6000,22,0,33804060.000,0,-,-,-,-,4689.2000,4689.0000,4687.8000,4687.0000,4686.8000,4692.8000,4694.4000,4694.8000,4695.2000,4695.4000,1,5,1,1,1,2,1,1,1,1
SF,IF2010,2020-08-24 09:31:39.300,4689.2000,23,1,35210820.000,1,1,0,双开,S,4689.4000,4689.0000,4687.8000,4687.0000,4686.8000,4692.8000,4694.4000,4694.8000,4695.2000,4695.4000,1,5,1,1,1,2,1,1,1,1
SF,IF2010,2020-08-24 09:31:39.800,4689.4000,24,1,36617640.000,1,1,0,双开,S,4689.4000,4689.0000,4687.8000,4687.0000,4686.8000,4692.6000,4694.4000,4694.8000,4695.2000,4695.4000,1,5,1,1,1,1,1,1,1,1
SF,IF2010,2020-08-24 09:31:40.800,4689.4000,24,0,36617640.000,0,-,-,-,-,4689.0000,4687.8000,4687.0000,4686.8000,4682.0000,4692.6000,4694.8000,4695.2000,4695.4000,4695.6000,5,1,1,1,6,1,1,1,1,1
SF,IF2010,2020-08-24 09:31:41.300,4689.4000,24,0,36617640.000,0,-,-,-,-,4689.6000,4689.2000,4689.0000,4687.8000,4687.0000,4694.8000,4695.2000,4695.4000,4701.0000,4701.6000,1,1,5,1,1,1,1,1,1,2
SF,IF2010,2020-08-24 09:31:41.800,4689.4000,24,0,36617640.000,0,-,-,-,-,4689.6000,4689.2000,4689.0000,4687.8000,4687.0000,4692.6000,4694.6000,4694.8000,4695.2000,4695.4000,1,1,5,1,1,1,2,1,1,1
SF,IF2010,2020-08-24 09:31:42.300,4689.4000,24,0,36617640.000,0,-,-,-,-,4690.0000,4689.6000,4689.2000,4689.0000,4687.8000,4692.6000,4694.0000,4694.6000,4694.8000,4695.2000,1,1,1,5,1,1,1,2,1,1
SF,IF2010,2020-08-24 09:31:42.800,4689.4000,24,0,36617640.000,0,-,-,-,-,4690.4000,4690.0000,4689.2000,4689.0000,4687.8000,4694.6000,4694.8000,4695.2000,4695.4000,4701.0000,1,1,1,5,1,2,1,1,1,1
SF,IF2010,2020-08-24 09:31:43.300,4690.4000,25,1,38024760.000,1,1,0,双开,S,4690.0000,4689.2000,4689.0000,4687.8000,4687.0000,4694.0000,4694.6000,4694.8000,4695.2000,4695.4000,1,1,5,1,1,2,2,1,1,1
SF,IF2010,2020-08-24 09:31:43.800,4690.4000,25,0,38024760.000,0,-,-,-,-,4690.2000,4690.0000,4689.0000,4687.8000,4687.0000,4694.0000,4694.6000,4694.8000,4695.2000,4701.0000,1,1,5,1,1,2,2,1,1,1
SF,IF2010,2020-08-24 09:31:44.300,4690.4000,25,0,38024760.000,0,-,-,-,-,4690.6000,4690.2000,4689.0000,4687.8000,4687.6000,4694.0000,4695.2000,4702.8000,4704.6000,4719.6000,1,1,5,1,5,2,1,1,3,6
SF,IF2010,2020-08-24 09:31:44.800,4690.4000,25,0,38024760.000,0,-,-,-,-,4690.8000,4690.6000,4689.0000,4687.8000,4687.6000,4696.0000,4698.6000,4702.8000,4704.6000,4719.6000,1,2,5,1,5,2,1,1,3,6
SF,IF2010,2020-08-24 09:31:45.300,4690.4000,25,0,38024760.000,0,-,-,-,-,4690.8000,4690.6000,4689.0000,4687.8000,4687.6000,4693.8000,4695.8000,4696.0000,4698.6000,4702.8000,1,2,5,1,5,1,2,2,2,1
SF,IF2010,2020-08-24 09:31:45.800,4690.8000,27,2,40839240.000,2,2,0,双开,S,4690.6000,4689.0000,4687.8000,4687.6000,4687.0000,4693.8000,4695.8000,4696.0000,4698.6000,4702.8000,1,5,1,5,1,1,2,2,2,1
SF,IF2010,2020-08-24 09:31:46.300,4690.8000,27,0,40839240.000,0,-,-,-,-,4689.0000,4687.8000,4687.6000,4687.0000,4682.0000,4693.8000,4695.2000,4695.8000,4698.6000,4702.8000,5,1,5,1,6,1,1,2,1,1
SF,IF2010,2020-08-24 09:31:46.800,4690.8000,27,0,40839240.000,0,-,-,-,-,4689.2000,4689.0000,4687.8000,4687.6000,4687.0000,4695.2000,4695.8000,4698.6000,4702.8000,4704.6000,1,5,1,5,1,1,1,1,1,3
SF,IF2010,2020-08-24 09:31:47.300,4690.8000,27,0,40839240.000,0,-,-,-,-,4689.4000,4689.2000,4689.0000,4687.8000,4687.6000,4693.8000,4695.0000,4695.2000,4695.8000,4698.6000,1,1,5,1,5,1,2,1,1,1
SF,IF2010,2020-08-24 09:31:47.800,4690.8000,27,0,40839240.000,0,-,-,-,-,4689.8000,4689.6000,4689.4000,4689.0000,4687.8000,4693.8000,4695.0000,4695.2000,4695.8000,4698.6000,1,1,1,5,1,1,2,1,1,1
SF,IF2010,2020-08-24 09:31:48.300,4690.8000,27,0,40839240.000,0,-,-,-,-,4690.2000,4690.0000,4689.0000,4687.8000,4687.6000,4693.2000,4693.6000,4693.8000,4695.0000,4695.2000,1,1,5,1,5,1,1,1,1,1
SF,IF2010,2020-08-24 09:31:48.800,4690.2000,28,1,42246300.000,1,1,0,双开,S,4689.0000,4687.8000,4687.6000,4687.0000,4682.0000,4693.0000,4693.2000,4695.0000,4695.2000,4695.8000,5,1,5,1,6,1,1,1,1,1
SF,IF2010,2020-08-24 09:31:49.300,4690.2000,28,0,42246300.000,0,-,-,-,-,4689.0000,4687.8000,4687.6000,4687.0000,4682.0000,4692.2000,4693.0000,4693.2000,4695.0000,4695.8000,5,1,5,1,6,1,1,2,1,1
SF,IF2010,2020-08-24 09:31:49.800,4690.2000,28,0,42246300.000,0,-,-,-,-,4689.2000,4689.0000,4687.8000,4687.6000,4687.0000,4692.6000,4693.0000,4695.0000,4696.4000,4698.6000,1,5,1,5,1,1,2,1,1,1
SF,IF2010,2020-08-24 09:31:50.300,4690.2000,28,0,42246300.000,0,-,-,-,-,4690.8000,4689.0000,4687.8000,4687.6000,4687.0000,4692.2000,4692.6000,4693.0000,4695.0000,4696.4000,1,5,1,5,1,1,1,1,1,1
SF,IF2010,2020-08-24 09:31:50.800,4690.8000,29,1,43653540.000,1,1,0,双开,S,4689.0000,4687.8000,4687.6000,4687.0000,4682.0000,4692.2000,4692.6000,4693.0000,4695.0000,4696.4000,5,1,5,1,6,1,1,1,1,1
SF,IF2010,2020-08-24 09:31:51.300,4690.8000,29,0,43653540.000,0,-,-,-,-,4689.0000,4687.8000,4687.6000,4687.0000,4682.0000,4692.2000,4693.0000,4695.0000,4696.4000,4698.6000,5,1,5,1,6,1,1,1,1,1
SF,IF2010,2020-08-24 09:31:52.800,4690.8000,29,0,43653540.000,0,-,-,-,-,4689.0000,4687.8000,4687.6000,4687.0000,4682.0000,4692.0000,4692.2000,4693.0000,4695.0000,4696.4000,5,1,5,1,6,1,1,1,1,1
SF,IF2010,2020-08-24 09:31:53.300,4690.8000,29,0,43653540.000,0,-,-,-,-,4689.0000,4687.8000,4687.6000,4687.0000,4682.0000,4693.0000,4695.0000,4696.4000,4698.6000,4702.8000,5,1,5,1,6,1,1,1,1,1
SF,IF2010,2020-08-24 09:31:53.800,4690.8000,29,0,43653540.000,0,-,-,-,-,4689.2000,4689.0000,4687.8000,4687.6000,4687.0000,4695.0000,4696.4000,4698.6000,4702.8000,4704.6000,2,5,1,5,1,1,1,1,1,3
SF,IF2010,2020-08-24 09:31:54.300,4690.8000,29,0,43653540.000,0,-,-,-,-,4689.2000,4689.0000,4687.8000,4687.6000,4687.0000,4693.0000,4694.8000,4695.0000,4696.4000,4698.6000,2,5,1,5,1,1,1,1,1,1
SF,IF2010,2020-08-24 09:31:54.800,4690.8000,29,0,43653540.000,0,-,-,-,-,4689.2000,4689.0000,4687.8000,4687.6000,4687.0000,4693.0000,4695.0000,4696.4000,4698.6000,4702.8000,2,5,1,5,1,1,1,1,1,1
SF,IF2010,2020-08-24 09:31:55.300,4690.8000,29,0,43653540.000,0,-,-,-,-,4689.2000,4689.0000,4687.8000,4687.6000,4687.0000,4693.0000,4695.0000,4696.4000,4698.6000,4702.8000,2,5,1,5,1,1,1,1,1,1
SF,IF2010,2020-08-24 09:31:55.800,4690.8000,29,0,43653540.000,0,-,-,-,-,4689.2000,4689.0000,4687.8000,4687.6000,4687.0000,4692.8000,4695.0000,4696.4000,4698.6000,4702.8000,2,5,1,5,1,1,1,1,1,1
SF,IF2010,2020-08-24 09:31:56.300,4690.8000,29,0,43653540.000,0,-,-,-,-,4689.2000,4689.0000,4687.8000,4687.6000,4687.0000,4692.6000,4692.8000,4693.0000,4695.0000,4696.4000,1,5,1,5,1,2,1,1,1,1
SF,IF2010,2020-08-24 09:31:56.800,4690.8000,29,0,43653540.000,0,-,-,-,-,4690.0000,4689.4000,4689.2000,4689.0000,4687.8000,4692.6000,4692.8000,4695.0000,4696.4000,4698.6000,1,1,1,5,1,1,1,1,1,1
SF,IF2010,2020-08-24 09:31:57.300,4690.8000,29,0,43653540.000,0,-,-,-,-,4690.0000,4689.2000,4689.0000,4687.8000,4687.6000,4692.2000,4692.6000,4695.0000,4696.4000,4698.6000,1,1,5,1,5,1,1,1,1,1
SF,IF2010,2020-08-24 09:31:57.800,4690.8000,29,0,43653540.000,0,-,-,-,-,4690.0000,4689.2000,4689.0000,4687.8000,4687.6000,4692.6000,4695.0000,4696.4000,4702.8000,4704.6000,1,1,5,1,5,1,1,1,1,3
SF,IF2010,2020-08-24 09:31:58.800,4690.8000,29,0,43653540.000,0,-,-,-,-,4690.0000,4689.2000,4689.0000,4687.8000,4687.6000,4692.6000,4695.0000,4696.4000,4702.8000,4704.6000,1,1,5,1,5,2,1,1,1,3
SF,IF2010,2020-08-24 09:31:59.300,4690.8000,29,0,43653540.000,0,-,-,-,-,4690.2000,4690.0000,4689.2000,4689.0000,4687.8000,4692.6000,4695.0000,4696.4000,4702.8000,4704.6000,1,1,1,5,1,1,1,1,1,3
SF,IF2010,2020-08-24 09:31:59.800,4690.8000,29,0,43653540.000,0,-,-,-,-,4690.0000,4689.2000,4689.0000,4687.8000,4687.6000,4692.4000,4695.0000,4696.4000,4702.8000,4704.6000,1,1,5,1,5,2,1,1,1,3
SF,IF2010,2020-08-24 09:32:00.300,4690.0000,30,1,45060540.000,1,1,0,双开,S,4689.0000,4687.8000,4687.6000,4687.0000,4682.0000,4692.4000,4695.0000,4696.4000,4702.8000,4704.6000,5,1,5,1,6,2,1,1,1,3
SF,IF2010,2020-08-24 09:32:00.800,4690.0000,30,0,45060540.000,0,-,-,-,-,4689.0000,4687.8000,4687.6000,4687.0000,4682.0000,4691.8000,4692.2000,4692.4000,4695.0000,4696.4000,5,1,5,1,6,1,1,1,1,1
SF,IF2010,2020-08-24 09:32:01.300,4689.0000,32,2,47873940.000,2,2,0,双开,S,4689.0000,4687.8000,4687.6000,4687.0000,4682.0000,4691.6000,4691.8000,4692.2000,4696.4000,4702.8000,3,1,5,1,6,1,1,1,1,1
SF,IF2010,2020-08-24 09:32:01.800,4689.0000,33,1,49280640.000,1,1,0,双开,S,4689.0000,4687.8000,4687.6000,4687.0000,4682.0000,4691.0000,4691.6000,4691.8000,4696.4000,4702.8000,2,1,5,1,6,1,2,1,1,1
SF,IF2010,2020-08-24 09:32:02.300,4689.0000,34,1,50687340.000,1,1,0,双开,S,4689.0000,4687.8000,4687.6000,4687.0000,4682.0000,4690.8000,4691.0000,4691.4000,4691.6000,4696.4000,1,1,5,1,6,1,1,1,4,1
SF,IF2010,2020-08-24 09:32:02.800,4689.0000,35,1,52094040.000,1,1,0,双开,S,4687.8000,4687.6000,4687.0000,4682.0000,4676.0000,4690.8000,4691.0000,4691.4000,4691.6000,4696.4000,1,5,1,6,1,1,2,1,3,1
SF,IF2010,2020-08-24 09:32:03.300,4687.8000,36,1,53500380.000,1,1,0,双开,S,4687.6000,4687.0000,4682.0000,4676.0000,4672.2000,4690.6000,4690.8000,4691.4000,4696.4000,4702.8000,5,1,6,1,2,1,2,1,1,1
SF,IF2010,2020-08-24 09:32:03.800,4687.6000,37,1,54906660.000,1,1,0,双开,S,4687.6000,4687.0000,4682.0000,4676.0000,4672.2000,4690.4000,4690.6000,4690.8000,4691.4000,4696.4000,4,1,6,1,2,3,1,1,1,1
SF,IF2010,2020-08-24 09:32:04.300,4690.0000,39,2,57719940.000,2,2,0,双开,S,4687.6000,4687.0000,4682.0000,4676.0000,4672.2000,4690.4000,4690.6000,4691.4000,4696.4000,4702.8000,3,1,6,1,2,3,1,1,1,1
SF,IF2010,2020-08-24 09:32:04.800,4687.6000,40,1,59126220.000,1,1,0,双开,S,4687.6000,4687.0000,4682.0000,4676.0000,4672.2000,4690.2000,4690.4000,4691.4000,4696.4000,4702.8000,2,1,6,1,2,1,3,1,1,1
SF,IF2010,2020-08-24 09:32:05.300,4687.6000,41,1,60532500.000,1,1,0,双开,S,4687.6000,4687.0000,4682.0000,4676.0000,4672.2000,4690.0000,4690.2000,4690.4000,4691.4000,4696.4000,1,1,6,1,2,1,2,1,1,1
SF,IF2010,2020-08-24 09:32:05.800,4687.6000,42,1,61938780.000,1,1,0,双开,S,4687.0000,4682.0000,4676.0000,4672.2000,4642.4000,4689.6000,4690.0000,4690.2000,4691.4000,4696.4000,1,6,1,2,5,1,1,2,1,1
SF,IF2010,2020-08-24 09:32:06.300,4687.0000,43,1,63344880.000,1,1,0,双开,S,4682.0000,4676.0000,4672.2000,4642.4000,4624.2000,4689.4000,4689.6000,4690.0000,4690.2000,4691.4000,6,1,2,5,1,1,1,1,1,1
SF,IF2010,2020-08-24 09:32:06.800,4687.0000,43,0,63344880.000,0,-,-,-,-,4682.2000,4682.0000,4676.0000,4672.2000,4642.4000,4689.4000,4689.6000,4690.2000,4691.4000,4696.4000,1,6,1,2,5,1,2,1,1,1
SF,IF2010,2020-08-24 09:32:07.300,4687.0000,43,0,63344880.000,0,-,-,-,-,4682.2000,4682.0000,4676.0000,4672.2000,4642.4000,4689.0000,4689.2000,4689.4000,4696.4000,4702.8000,1,6,1,2,5,1,2,2,1,1
SF,IF2010,2020-08-24 09:32:07.800,4687.0000,43,0,63344880.000,0,-,-,-,-,4682.6000,4682.0000,4676.0000,4672.2000,4642.4000,4688.8000,4689.0000,4689.2000,4689.4000,4696.4000,1,6,1,2,5,1,1,2,1,1
SF,IF2010,2020-08-24 09:32:08.300,4687.0000,43,0,63344880.000,0,-,-,-,-,4682.6000,4682.0000,4676.0000,4642.4000,4624.2000,4687.8000,4688.6000,4688.8000,4689.0000,4689.2000,1,6,1,5,1,1,1,1,2,2
SF,IF2010,2020-08-24 09:32:08.800,4687.0000,43,0,63344880.000,0,-,-,-,-,4682.6000,4682.0000,4676.0000,4642.4000,4624.2000,4687.6000,4688.0000,4688.6000,4688.8000,4689.0000,1,6,1,5,1,2,1,1,1,1
SF,IF2010,2020-08-24 09:32:09.300,4687.0000,43,0,63344880.000,0,-,-,-,-,4682.0000,4676.0000,4642.4000,4624.2000,4624.0000,4686.8000,4687.6000,4687.8000,4688.0000,4688.6000,6,1,5,1,1,1,2,1,1,1
SF,IF2010,2020-08-24 09:32:09.800,4687.0000,43,0,63344880.000,0,-,-,-,-,4682.0000,4676.0000,4642.4000,4624.2000,4624.0000,4686.6000,4686.8000,4687.0000,4687.4000,4687.6000,6,1,5,1,1,1,1,1,1,1
SF,IF2010,2020-08-24 09:32:10.300,4687.0000,43,0,63344880.000,0,-,-,-,-,4682.0000,4676.0000,4642.4000,4624.2000,4624.0000,4686.4000,4686.6000,4686.8000,4688.6000,4696.4000,6,1,5,1,1,1,1,2,1,1
SF,IF2010,2020-08-24 09:32:10.800,4687.0000,43,0,63344880.000,0,-,-,-,-,4682.0000,4676.0000,4642.4000,4624.2000,4624.0000,4686.2000,4686.4000,4686.6000,4686.8000,4696.4000,6,1,5,1,1,1,1,1,1,1
SF,IF2010,2020-08-24 09:32:11.300,4682.0000,45,2,66154080.000,2,2,0,双开,S,4682.0000,4676.0000,4642.4000,4624.2000,4624.0000,4685.8000,4686.0000,4686.2000,4686.4000,4696.4000,4,1,5,1,1,1,1,2,1,1
SF,IF2010,2020-08-24 09:32:11.800,4682.0000,46,1,67558680.000,1,1,0,双开,S,4682.0000,4676.0000,4642.4000,4624.2000,4624.0000,4686.0000,4686.2000,4696.4000,4702.8000,4704.6000,3,1,5,1,1,1,1,1,1,3
SF,IF2010,2020-08-24 09:32:12.300,4682.0000,46,0,67558680.000,0,-,-,-,-,4682.0000,4676.0000,4642.4000,4624.2000,4624.0000,4685.8000,4686.0000,4696.4000,4702.8000,4704.6000,3,1,5,1,1,2,1,1,1,3
SF,IF2010,2020-08-24 09:32:12.800,4682.0000,48,2,70367880.000,2,2,0,双开,S,4682.0000,4676.0000,4642.4000,4624.2000,4624.0000,4685.6000,4685.8000,4686.0000,4696.4000,4702.8000,1,1,5,1,1,1,3,1,1,1
SF,IF2010,2020-08-24 09:32:13.300,4682.0000,49,1,71772480.000,1,1,0,双开,S,4676.0000,4642.4000,4624.2000,4624.0000,4612.2000,4682.0000,4685.6000,4685.8000,4686.0000,4696.4000,1,5,1,1,1,1,1,2,1,1
SF,IF2010,2020-08-24 09:32:13.800,4682.0000,49,0,71772480.000,0,-,-,-,-,4676.2000,4676.0000,4642.4000,4624.2000,4624.0000,4685.6000,4696.4000,4702.8000,4704.6000,4719.6000,1,1,5,1,1,2,1,1,3,6
SF,IF2010,2020-08-24 09:32:14.300,4682.0000,49,0,71772480.000,0,-,-,-,-,4676.2000,4676.0000,4642.4000,4624.2000,4624.0000,4682.0000,4685.4000,4685.6000,4686.0000,4696.4000,1,1,5,1,1,1,2,1,1,1
SF,IF2010,2020-08-24 09:32:14.800,4682.0000,50,1,73177080.000,1,1,0,双开,S,4676.2000,4676.0000,4642.4000,4624.2000,4624.0000,4682.0000,4684.4000,4685.4000,4696.4000,4702.8000,1,1,5,1,1,1,1,1,1,1
SF,IF2010,2020-08-24 09:32:15.300,4682.0000,51,1,74581680.000,1,1,0,双开,S,4676.2000,4676.0000,4642.4000,4624.2000,4624.0000,4681.6000,4682.0000,4684.4000,4685.2000,4696.4000,1,1,5,1,1,1,1,1,1,1
SF,IF2010,2020-08-24 09:32:15.800,4682.0000,52,1,75986280.000,1,1,0,双开,S,4682.0000,4676.2000,4676.0000,4642.4000,4624.2000,4684.4000,4685.2000,4696.4000,4702.8000,4704.6000,1,1,1,5,1,1,1,1,1,3
SF,IF2010,2020-08-24 09:32:16.300,4684.2000,54,2,78796140.000,2,2,0,双开,S,4676.0000,4642.4000,4624.2000,4624.0000,4612.2000,4680.4000,4681.0000,4682.0000,4684.2000,4684.4000,1,5,1,1,1,1,1,1,2,1
SF,IF2010,2020-08-24 09:32:16.800,4682.0000,55,1,80200740.000,1,1,0,双开,S,4676.0000,4672.2000,4642.4000,4624.2000,4624.0000,4681.0000,4684.2000,4684.4000,4685.2000,4702.8000,1,2,5,1,1,1,1,1,1,1
SF,IF2010,2020-08-24 09:32:17.300,4682.0000,55,0,80200740.000,0,-,-,-,-,4676.4000,4676.2000,4676.0000,4672.2000,4642.4000,4682.6000,4682.8000,4683.2000,4684.2000,4684.4000,1,1,1,2,5,1,1,1,1,1
SF,IF2010,2020-08-24 09:32:17.800,4682.0000,55,0,80200740.000,0,-,-,-,-,4676.6000,4676.4000,4676.0000,4672.2000,4642.4000,4682.6000,4682.8000,4683.2000,4683.6000,4684.0000,1,1,1,2,5,1,1,1,1,1
SF,IF2010,2020-08-24 09:32:18.300,4682.0000,55,0,80200740.000,0,-,-,-,-,4677.0000,4676.6000,4676.0000,4672.2000,4642.4000,4683.6000,4684.0000,4684.2000,4684.4000,4686.0000,1,1,1,2,5,1,1,1,1,1
SF,IF2010,2020-08-24 09:32:18.800,4682.0000,55,0,80200740.000,0,-,-,-,-,4677.6000,4677.2000,4676.0000,4672.2000,4642.4000,4682.6000,4683.6000,4685.4000,4686.0000,4690.8000,1,1,1,2,5,1,1,1,1,2
SF,IF2010,2020-08-24 09:32:19.300,4682.0000,55,0,80200740.000,0,-,-,-,-,4677.8000,4677.6000,4676.0000,4672.2000,4642.4000,4682.0000,4683.4000,4683.6000,4685.4000,4686.0000,1,1,1,2,5,1,1,1,1,1
SF,IF2010,2020-08-24 09:32:19.800,4682.0000,55,0,80200740.000,0,-,-,-,-,4678.6000,4677.8000,4676.0000,4672.2000,4642.4000,4683.0000,4683.6000,4686.0000,4686.4000,4690.8000,1,1,1,2,5,1,1,1,1,2
SF,IF2010,2020-08-24 09:32:20.300,4682.0000,55,0,80200740.000,0,-,-,-,-,4678.8000,4678.6000,4676.0000,4672.2000,4642.4000,4683.6000,4686.0000,4686.4000,4690.8000,4702.8000,1,1,1,2,5,1,1,2,2,1
SF,IF2010,2020-08-24 09:32:21.800,4682.0000,55,0,80200740.000,0,-,-,-,-,4678.8000,4678.6000,4676.0000,4672.2000,4642.4000,4686.0000,4686.4000,4690.8000,4702.8000,4704.6000,1,1,1,3,5,1,3,2,1,3
SF,IF2010,2020-08-24 09:32:22.300,4682.0000,55,0,80200740.000,0,-,-,-,-,4678.8000,4678.6000,4676.0000,4672.2000,4642.4000,4685.4000,4685.8000,4686.4000,4690.8000,4702.8000,1,1,1,3,5,1,2,3,2,1
SF,IF2010,2020-08-24 09:32:22.800,4682.0000,55,0,80200740.000,0,-,-,-,-,4678.8000,4678.6000,4676.0000,4672.2000,4642.4000,4685.2000,4685.4000,4685.8000,4686.4000,4690.8000,1,1,1,3,5,3,1,1,3,2
SF,IF2010,2020-08-24 09:32:23.300,4682.0000,55,0,80200740.000,0,-,-,-,-,4678.8000,4678.6000,4676.0000,4672.2000,4642.4000,4684.4000,4684.8000,4685.0000,4685.2000,4685.8000,1,1,1,3,5,1,2,1,3,1
SF,IF2010,2020-08-24 09:32:23.800,4682.0000,55,0,80200740.000,0,-,-,-,-,4678.8000,4678.6000,4676.0000,4672.2000,4642.4000,4684.4000,4684.6000,4684.8000,4685.0000,4685.2000,1,1,1,2,5,1,1,1,1,2
SF,IF2010,2020-08-24 09:32:24.300,4682.0000,55,0,80200740.000,0,-,-,-,-,4678.8000,4678.6000,4676.0000,4672.2000,4642.4000,4684.2000,4684.4000,4684.6000,4684.8000,4685.0000,1,1,1,2,5,1,1,1,1,1
SF,IF2010,2020-08-24 09:32:24.800,4682.0000,55,0,80200740.000,0,-,-,-,-,4679.0000,4678.8000,4678.6000,4676.0000,4672.2000,4684.2000,4684.4000,4684.6000,4684.8000,4685.0000,1,1,1,1,2,1,1,1,1,1
SF,IF2010,2020-08-24 09:32:25.300,4682.0000,55,0,80200740.000,0,-,-,-,-,4679.2000,4679.0000,4678.6000,4676.0000,4672.2000,4684.0000,4684.2000,4684.8000,4685.0000,4685.2000,1,1,1,1,2,1,2,1,1,1
SF,IF2010,2020-08-24 09:32:25.800,4682.0000,55,0,80200740.000,0,-,-,-,-,4679.4000,4679.2000,4678.6000,4676.0000,4672.2000,4683.8000,4684.0000,4684.2000,4684.8000,4685.0000,1,1,1,1,2,1,1,2,1,1
SF,IF2010,2020-08-24 09:32:26.300,4682.0000,55,0,80200740.000,0,-,-,-,-,4679.6000,4679.4000,4678.6000,4676.0000,4672.2000,4683.8000,4684.0000,4684.2000,4684.8000,4685.0000,1,1,1,1,2,1,2,1,1,1
SF,IF2010,2020-08-24 09:32:26.800,4682.0000,55,0,80200740.000,0,-,-,-,-,4679.6000,4678.6000,4676.0000,4672.2000,4642.4000,4683.8000,4684.0000,4684.2000,4684.8000,4685.0000,1,1,1,2,5,2,1,1,1,1
SF,IF2010,2020-08-24 09:32:27.300,4682.0000,55,0,80200740.000,0,-,-,-,-,4679.6000,4678.6000,4676.0000,4672.2000,4642.4000,4683.8000,4684.0000,4684.8000,4685.0000,4685.2000,1,1,1,2,5,2,1,1,1,1
SF,IF2010,2020-08-24 09:32:27.800,4682.0000,55,0,80200740.000,0,-,-,-,-,4679.6000,4678.6000,4676.0000,4672.2000,4642.4000,4684.0000,4685.0000,4685.2000,4685.8000,4686.4000,1,1,1,2,5,1,1,1,1,2
SF,IF2010,2020-08-24 09:32:28.300,4682.0000,55,0,80200740.000,0,-,-,-,-,4679.6000,4678.6000,4676.0000,4672.2000,4642.4000,4685.8000,4686.4000,4688.4000,4702.8000,4704.6000,1,1,1,2,5,1,1,1,1,3
SF,IF2010,2020-08-24 09:32:28.800,4682.0000,55,0,80200740.000,0,-,-,-,-,4679.8000,4679.6000,4678.6000,4676.0000,4672.2000,4688.4000,4702.8000,4704.6000,4719.6000,4738.4000,1,1,1,1,2,1,1,3,6,5
SF,IF2010,2020-08-24 09:32:29.300,4682.0000,55,0,80200740.000,0,-,-,-,-,4680.0000,4679.8000,4678.6000,4676.0000,4672.2000,4688.2000,4688.4000,4702.8000,4704.6000,4719.6000,1,1,1,1,2,2,1,1,3,6
SF,IF2010,2020-08-24 09:32:29.800,4682.0000,55,0,80200740.000,0,-,-,-,-,4681.0000,4680.0000,4678.6000,4676.0000,4672.2000,4687.2000,4688.0000,4688.4000,4689.6000,4702.8000,1,1,1,1,2,1,1,1,1,1
SF,IF2010,2020-08-24 09:32:30.300,4682.0000,55,0,80200740.000,0,-,-,-,-,4681.2000,4681.0000,4678.6000,4676.0000,4672.2000,4688.0000,4688.4000,4689.6000,4702.8000,4704.6000,1,1,1,1,2,1,1,1,1,3
SF,IF2010,2020-08-24 09:32:30.800,4682.0000,55,0,80200740.000,0,-,-,-,-,4682.0000,4681.2000,4678.6000,4676.0000,4672.2000,4687.2000,4688.0000,4688.8000,4689.6000,4690.8000,1,1,1,1,2,1,1,1,1,1
SF,IF2010,2020-08-24 09:32:31.300,4682.0000,55,0,80200740.000,0,-,-,-,-,4682.2000,4682.0000,4678.6000,4676.0000,4672.2000,4687.2000,4688.0000,4688.8000,4689.6000,4690.8000,1,1,1,1,2,1,1,1,1,1
SF,IF2010,2020-08-24 09:32:31.800,4682.0000,55,0,80200740.000,0,-,-,-,-,4682.0000,4678.6000,4676.0000,4642.4000,4624.2000,4687.0000,4687.2000,4688.8000,4689.6000,4690.8000,1,1,1,5,1,1,1,1,1,1
SF,IF2010,2020-08-24 09:32:32.300,4682.0000,55,0,80200740.000,0,-,-,-,-,4678.6000,4676.0000,4642.4000,4624.2000,4624.0000,4687.0000,4688.8000,4689.6000,4702.8000,4704.6000,1,1,5,1,1,2,1,1,1,3
SF,IF2010,2020-08-24 09:32:32.800,4682.0000,55,0,80200740.000,0,-,-,-,-,4678.8000,4678.6000,4676.0000,4642.4000,4624.2000,4686.4000,4687.0000,4688.8000,4689.6000,4702.8000,1,1,1,5,1,2,3,1,1,1
SF,IF2010,2020-08-24 09:32:33.300,4682.0000,55,0,80200740.000,0,-,-,-,-,4680.8000,4678.8000,4678.6000,4676.0000,4642.4000,4686.4000,4687.0000,4688.8000,4689.6000,4702.8000,1,1,1,1,5,2,2,1,1,1
SF,IF2010,2020-08-24 09:32:33.800,4682.0000,55,0,80200740.000,0,-,-,-,-,4681.0000,4680.8000,4678.6000,4676.0000,4642.4000,4685.8000,4686.4000,4687.0000,4688.8000,4689.6000,1,1,1,1,5,1,1,2,1,1
SF,IF2010,2020-08-24 09:32:34.300,4682.0000,55,0,80200740.000,0,-,-,-,-,4681.0000,4680.8000,4678.6000,4676.0000,4642.4000,4685.8000,4686.4000,4687.0000,4688.8000,4689.6000,1,1,1,1,5,1,1,1,1,1
SF,IF2010,2020-08-24 09:32:34.800,4682.0000,55,0,80200740.000,0,-,-,-,-,4681.4000,4681.0000,4678.6000,4676.0000,4642.4000,4686.4000,4688.8000,4689.6000,4702.8000,4704.6000,1,1,1,1,5,1,1,1,1,3
SF,IF2010,2020-08-24 09:32:35.300,4682.0000,55,0,80200740.000,0,-,-,-,-,4681.6000,4681.4000,4678.6000,4676.0000,4642.4000,4685.8000,4688.8000,4689.6000,4702.8000,4704.6000,1,1,1,1,5,1,1,1,1,3
SF,IF2010,2020-08-24 09:32:35.800,4682.0000,55,0,80200740.000,0,-,-,-,-,4682.2000,4681.6000,4678.6000,4676.0000,4642.4000,4688.8000,4689.6000,4702.8000,4704.6000,4719.6000,1,1,1,1,5,1,1,1,3,6
SF,IF2010,2020-08-24 09:32:36.300,4682.0000,55,0,80200740.000,0,-,-,-,-,4682.4000,4682.2000,4678.6000,4676.0000,4642.4000,4688.6000,4688.8000,4689.6000,4702.8000,4704.6000,1,1,1,1,5,1,1,1,1,3
SF,IF2010,2020-08-24 09:32:36.800,4682.0000,55,0,80200740.000,0,-,-,-,-,4682.4000,4682.2000,4678.6000,4676.0000,4642.4000,4687.6000,4688.6000,4689.6000,4702.8000,4704.6000,1,1,1,1,5,1,1,1,1,3
SF,IF2010,2020-08-24 09:32:37.300,4682.0000,55,0,80200740.000,0,-,-,-,-,4682.8000,4682.4000,4678.6000,4676.0000,4642.4000,4687.4000,4687.6000,4688.6000,4689.6000,4702.8000,1,1,1,1,5,2,1,1,1,1
SF,IF2010,2020-08-24 09:32:37.800,4682.0000,55,0,80200740.000,0,-,-,-,-,4678.6000,4676.0000,4642.4000,4624.2000,4624.0000,4687.2000,4687.4000,4687.6000,4689.6000,4702.8000,1,1,5,1,1,1,2,2,1,1
SF,IF2010,2020-08-24 09:32:38.300,4682.0000,55,0,80200740.000,0,-,-,-,-,4678.8000,4678.6000,4676.0000,4642.4000,4624.2000,4686.6000,4687.0000,4687.2000,4687.4000,4689.6000,1,1,1,5,1,1,1,2,1,1
SF,IF2010,2020-08-24 09:32:38.800,4682.0000,55,0,80200740.000,0,-,-,-,-,4678.8000,4678.6000,4676.0000,4642.4000,4624.2000,4686.6000,4687.2000,4689.6000,4702.8000,4704.6000,1,1,1,5,1,2,2,1,1,3
SF,IF2010,2020-08-24 09:32:39.300,4682.0000,55,0,80200740.000,0,-,-,-,-,4678.8000,4678.6000,4676.0000,4642.4000,4624.2000,4686.6000,4687.2000,4689.6000,4702.8000,4704.6000,1,1,1,5,1,2,1,1,1,3
SF,IF2010,2020-08-24 09:32:39.800,4682.0000,55,0,80200740.000,0,-,-,-,-,4680.2000,4678.8000,4678.6000,4676.0000,4642.4000,4686.2000,4686.4000,4687.2000,4689.6000,4702.8000,1,1,1,1,5,1,1,1,1,1
SF,IF2010,2020-08-24 09:32:40.300,4682.0000,55,0,80200740.000,0,-,-,-,-,4680.4000,4680.2000,4678.6000,4676.0000,4642.4000,4686.2000,4686.4000,4687.2000,4689.6000,4702.8000,1,1,1,1,5,1,1,1,1,1
SF,IF2010,2020-08-24 09:32:40.800,4682.0000,55,0,80200740.000,0,-,-,-,-,4681.2000,4680.4000,4680.2000,4678.6000,4676.0000,4686.2000,4686.4000,4687.2000,4689.6000,4702.8000,1,1,1,1,1,1,1,1,1,1
SF,IF2010,2020-08-24 09:32:41.300,4682.0000,55,0,80200740.000,0,-,-,-,-,4681.8000,4681.4000,4681.2000,4678.6000,4676.0000,4686.2000,4689.6000,4702.8000,4704.6000,4719.6000,1,1,1,1,1,1,1,1,3,6
SF,IF2010,2020-08-24 09:32:41.800,4686.2000,56,1,81606600.000,1,1,0,双开,S,4681.8000,4681.2000,4678.6000,4676.0000,4642.4000,4689.6000,4702.8000,4704.6000,4719.6000,4738.4000,1,1,1,1,5,1,1,3,6,5
SF,IF2010,2020-08-24 09:32:42.300,4686.2000,56,0,81606600.000,0,-,-,-,-,4682.0000,4681.8000,4681.2000,4678.6000,4676.0000,4689.4000,4689.6000,4702.8000,4704.6000,4719.6000,1,1,1,1,1,1,1,1,3,6
SF,IF2010,2020-08-24 09:32:42.800,4686.2000,56,0,81606600.000,0,-,-,-,-,4683.2000,4682.2000,4682.0000,4678.6000,4676.0000,4689.6000,4702.8000,4704.6000,4719.6000,4738.4000,1,1,1,1,1,1,1,3,6,5
SF,IF2010,2020-08-24 09:32:43.300,4686.2000,56,0,81606600.000,0,-,-,-,-,4683.4000,4683.2000,4682.2000,4678.6000,4676.0000,4689.4000,4702.8000,4704.6000,4719.6000,4738.4000,1,2,1,1,1,2,1,3,6,5
SF,IF2010,2020-08-24 09:32:43.800,4686.2000,56,0,81606600.000,0,-,-,-,-,4683.4000,4683.2000,4682.2000,4678.6000,4676.0000,4689.4000,4702.8000,4704.6000,4719.6000,4738.4000,1,2,1,1,1,1,1,3,6,5
SF,IF2010,2020-08-24 09:32:44.300,4686.2000,56,0,81606600.000,0,-,-,-,-,4683.4000,4678.6000,4676.0000,4675.4000,4642.4000,4688.8000,4690.6000,4702.8000,4704.6000,4719.6000,1,1,1,1,5,1,1,1,3,6
SF,IF2010,2020-08-24 09:32:44.800,4686.2000,56,0,81606600.000,0,-,-,-,-,4683.4000,4678.6000,4676.0000,4675.4000,4642.4000,4688.8000,4690.6000,4702.8000,4704.6000,4719.6000,1,1,1,1,5,1,1,1,3,6
SF,IF2010,2020-08-24 09:32:45.300,4688.8000,57,1,83013240.000,1,1,0,双开,S,4683.4000,4678.6000,4676.0000,4675.4000,4642.4000,4690.6000,4702.8000,4704.6000,4719.6000,4738.4000,1,1,1,1,5,1,1,3,6,5
SF,IF2010,2020-08-24 09:32:45.800,4688.8000,57,0,83013240.000,0,-,-,-,-,4684.0000,4683.4000,4678.6000,4676.0000,4642.4000,4690.6000,4702.8000,4704.6000,4719.6000,4738.4000,1,1,1,1,5,1,1,3,6,5
SF,IF2010,2020-08-24 09:32:46.300,4688.8000,57,0,83013240.000,0,-,-,-,-,4684.2000,4684.0000,4678.6000,4676.0000,4642.4000,4690.6000,4702.8000,4704.6000,4719.6000,4738.4000,1,1,1,1,5,1,1,3,6,5
SF,IF2010,2020-08-24 09:32:46.800,4688.8000,57,0,83013240.000,0,-,-,-,-,4684.2000,4684.0000,4678.6000,4676.0000,4642.4000,4689.8000,4690.4000,4702.8000,4704.6000,4719.6000,1,1,1,1,5,1,1,1,3,6
SF,IF2010,2020-08-24 09:32:47.300,4688.8000,57,0,83013240.000,0,-,-,-,-,4684.2000,4678.6000,4676.0000,4642.4000,4624.2000,4689.8000,4693.0000,4702.8000,4704.6000,4719.6000,1,1,1,5,1,1,1,1,3,6
SF,IF2010,2020-08-24 09:32:47.800,4688.8000,57,0,83013240.000,0,-,-,-,-,4684.2000,4678.6000,4676.0000,4642.4000,4624.2000,4689.4000,4693.0000,4702.8000,4704.6000,4719.6000,1,1,1,5,1,1,1,1,3,6
SF,IF2010,2020-08-24 09:32:48.800,4688.8000,57,0,83013240.000,0,-,-,-,-,4685.2000,4684.8000,4684.2000,4678.6000,4676.0000,4693.0000,4702.8000,4704.6000,4719.6000,4738.4000,1,1,1,1,1,1,1,3,6,5
SF,IF2010,2020-08-24 09:32:49.300,4688.8000,57,0,83013240.000,0,-,-,-,-,4685.4000,4685.2000,4684.8000,4678.6000,4676.0000,4689.4000,4692.8000,4693.0000,4702.8000,4704.6000,1,1,1,1,1,1,1,1,1,3
SF,IF2010,2020-08-24 09:32:50.300,4688.8000,57,0,83013240.000,0,-,-,-,-,4685.8000,4685.4000,4684.8000,4678.6000,4676.0000,4689.4000,4692.8000,4693.0000,4702.8000,4704.6000,1,1,1,1,1,1,1,1,1,3
SF,IF2010,2020-08-24 09:32:51.300,4688.8000,57,0,83013240.000,0,-,-,-,-,4685.4000,4684.8000,4678.6000,4676.0000,4642.4000,4689.4000,4692.8000,4693.0000,4698.0000,4702.8000,1,1,1,1,5,1,1,1,1,1
SF,IF2010,2020-08-24 09:32:51.800,4688.8000,57,0,83013240.000,0,-,-,-,-,4685.4000,4678.6000,4676.0000,4642.4000,4624.2000,4692.8000,4693.0000,4698.0000,4702.8000,4704.6000,1,1,1,5,1,1,1,1,1,3
SF,IF2010,2020-08-24 09:32:52.300,4688.8000,57,0,83013240.000,0,-,-,-,-,4678.6000,4676.0000,4642.4000,4624.2000,4624.0000,4689.2000,4689.4000,4692.8000,4693.0000,4698.0000,1,1,5,1,1,1,1,1,1,1
SF,IF2010,2020-08-24 09:32:52.800,4688.8000,57,0,83013240.000,0,-,-,-,-,4679.2000,4679.0000,4678.8000,4678.6000,4676.0000,4689.4000,4693.0000,4698.0000,4702.8000,4704.6000,1,3,1,1,1,1,1,1,1,3
SF,IF2010,2020-08-24 09:32:53.300,4688.8000,57,0,83013240.000,0,-,-,-,-,4683.2000,4679.4000,4679.2000,4679.0000,4678.6000,4688.8000,4693.0000,4698.0000,4702.8000,4704.6000,1,1,1,3,1,1,1,1,1,3
SF,IF2010,2020-08-24 09:32:53.800,4688.8000,57,0,83013240.000,0,-,-,-,-,4686.8000,4683.4000,4683.2000,4682.6000,4679.2000,4693.0000,4698.0000,4702.8000,4704.6000,4719.6000,1,1,1,1,1,1,1,1,3,6
SF,IF2010,2020-08-24 09:32:54.300,4688.8000,57,0,83013240.000,0,-,-,-,-,4686.8000,4683.2000,4682.6000,4679.2000,4676.0000,4688.8000,4692.8000,4693.0000,4698.0000,4702.8000,1,1,1,1,1,1,1,1,1,1
SF,IF2010,2020-08-24 09:32:54.800,4686.8000,58,1,84419280.000,1,1,0,双开,S,4683.2000,4682.6000,4679.2000,4676.0000,4642.4000,4686.8000,4688.6000,4688.8000,4690.0000,4691.2000,1,1,1,1,5,1,1,1,1,1
SF,IF2010,2020-08-24 09:32:55.300,4686.8000,58,0,84419280.000,0,-,-,-,-,4683.4000,4683.2000,4679.2000,4676.0000,4642.4000,4688.8000,4690.0000,4691.2000,4693.0000,4698.0000,1,1,1,1,5,1,1,1,1,1
SF,IF2010,2020-08-24 09:32:55.800,4686.8000,58,0,84419280.000,0,-,-,-,-,4683.4000,4683.2000,4679.2000,4676.0000,4642.4000,4686.8000,4690.0000,4691.2000,4693.0000,4698.0000,1,1,1,1,5,1,1,1,1,1
SF,IF2010,2020-08-24 09:32:56.800,4686.8000,58,0,84419280.000,0,-,-,-,-,4683.8000,4683.4000,4679.2000,4676.0000,4642.4000,4686.8000,4690.0000,4691.2000,4693.0000,4698.0000,1,1,1,1,5,1,1,1,1,1
SF,IF2010,2020-08-24 09:32:58.300,4686.8000,58,0,84419280.000,0,-,-,-,-,4683.8000,4683.4000,4679.2000,4676.0000,4642.4000,4686.8000,4690.0000,4693.0000,4698.0000,4702.8000,1,1,1,1,5,1,1,1,1,1
SF,IF2010,2020-08-24 09:32:58.800,4686.8000,58,0,84419280.000,0,-,-,-,-,4684.0000,4683.8000,4679.2000,4676.0000,4642.4000,4686.8000,4690.0000,4693.0000,4698.0000,4702.8000,1,1,1,1,5,1,1,1,1,1
SF,IF2010,2020-08-24 09:32:59.300,4686.8000,58,0,84419280.000,0,-,-,-,-,4684.0000,4679.2000,4676.0000,4642.4000,4624.2000,4690.0000,4693.0000,4698.0000,4702.8000,4704.6000,1,1,1,5,1,1,1,1,1,3
SF,IF2010,2020-08-24 09:32:59.800,4686.8000,58,0,84419280.000,0,-,-,-,-,4679.2000,4676.0000,4657.4000,4642.4000,4624.2000,4689.8000,4690.0000,4693.0000,4698.0000,4702.8000,1,1,1,5,1,1,1,1,1,1
SF,IF2010,2020-08-24 09:33:00.300,4686.8000,58,0,84419280.000,0,-,-,-,-,4679.4000,4679.2000,4676.0000,4642.4000,4624.2000,4688.2000,4689.8000,4690.0000,4693.0000,4698.0000,1,1,1,5,1,1,1,2,1,1
SF,IF2010,2020-08-24 09:33:00.800,4686.8000,58,0,84419280.000,0,-,-,-,-,4682.6000,4680.0000,4679.4000,4676.0000,4642.4000,4688.2000,4689.2000,4689.8000,4690.0000,4693.0000,1,1,1,1,5,1,1,2,1,1
SF,IF2010,2020-08-24 09:33:01.300,4686.8000,58,0,84419280.000,0,-,-,-,-,4682.6000,4680.0000,4679.4000,4676.0000,4642.4000,4688.0000,4688.2000,4689.8000,4690.0000,4693.0000,1,1,1,1,5,1,1,1,1,1
SF,IF2010,2020-08-24 09:33:01.800,4686.8000,58,0,84419280.000,0,-,-,-,-,4682.8000,4682.6000,4680.0000,4676.0000,4664.6000,4688.0000,4688.2000,4690.0000,4698.0000,4704.6000,1,1,1,1,1,1,1,1,1,3
SF,IF2010,2020-08-24 09:33:02.300,4686.8000,58,0,84419280.000,0,-,-,-,-,4683.0000,4682.8000,4682.6000,4680.0000,4676.0000,4687.6000,4688.0000,4690.0000,4698.0000,4704.6000,1,1,1,1,1,1,1,1,1,3
SF,IF2010,2020-08-24 09:33:02.800,4686.8000,58,0,84419280.000,0,-,-,-,-,4683.4000,4683.0000,4682.8000,4682.6000,4680.0000,4687.4000,4687.6000,4688.0000,4690.0000,4698.0000,1,1,1,1,1,1,1,1,1,1
SF,IF2010,2020-08-24 09:33:03.300,4686.8000,58,0,84419280.000,0,-,-,-,-,4683.4000,4683.0000,4680.0000,4676.0000,4642.4000,4687.4000,4687.6000,4698.0000,4704.6000,4719.6000,1,1,1,1,5,1,2,1,3,6
SF,IF2010,2020-08-24 09:33:03.800,4686.8000,58,0,84419280.000,0,-,-,-,-,4676.0000,4642.4000,4624.2000,4624.0000,4612.2000,4686.6000,4687.4000,4698.0000,4704.6000,4719.6000,1,5,1,1,1,1,2,1,3,6
SF,IF2010,2020-08-24 09:33:04.300,4686.8000,58,0,84419280.000,0,-,-,-,-,4677.6000,4676.6000,4676.2000,4676.0000,4642.4000,4686.4000,4686.6000,4687.4000,4698.0000,4704.6000,3,1,1,1,5,1,1,1,1,3
SF,IF2010,2020-08-24 09:33:04.800,4686.8000,58,0,84419280.000,0,-,-,-,-,4679.4000,4677.8000,4676.6000,4676.0000,4642.4000,4685.4000,4686.0000,4686.4000,4686.6000,4698.0000,1,1,1,1,5,1,1,1,1,1
SF,IF2010,2020-08-24 09:33:05.300,4686.8000,58,0,84419280.000,0,-,-,-,-,4679.6000,4679.4000,4676.6000,4676.0000,4642.4000,4685.2000,4685.4000,4686.0000,4686.4000,4698.0000,1,1,1,1,5,1,1,1,1,1
SF,IF2010,2020-08-24 09:33:05.800,4686.8000,58,0,84419280.000,0,-,-,-,-,4679.4000,4676.0000,4642.4000,4624.2000,4624.0000,4684.8000,4685.2000,4685.4000,4698.0000,4704.6000,1,1,5,1,1,1,1,2,1,3
SF,IF2010,2020-08-24 09:33:06.300,4686.8000,58,0,84419280.000,0,-,-,-,-,4680.2000,4676.0000,4642.4000,4624.2000,4624.0000,4684.6000,4684.8000,4685.2000,4685.4000,4698.0000,1,1,5,1,1,1,2,1,1,1
SF,IF2010,2020-08-24 09:33:06.800,4686.8000,58,0,84419280.000,0,-,-,-,-,4676.0000,4642.4000,4624.2000,4624.0000,4612.2000,4684.0000,4684.6000,4684.8000,4685.4000,4698.0000,1,5,1,1,1,1,1,1,1,1
SF,IF2010,2020-08-24 09:33:07.300,4684.0000,59,1,85824480.000,1,1,0,双开,S,4676.6000,4676.0000,4642.4000,4624.2000,4624.0000,4685.4000,4698.0000,4704.6000,4719.6000,4738.4000,1,1,5,1,1,1,1,3,6,5
SF,IF2010,2020-08-24 09:33:07.800,4684.0000,59,0,85824480.000,0,-,-,-,-,4678.4000,4676.8000,4676.6000,4676.0000,4642.4000,4685.2000,4698.0000,4704.6000,4719.6000,4738.4000,1,1,1,1,5,1,1,3,6,5
SF,IF2010,2020-08-24 09:33:08.300,4684.0000,59,0,85824480.000,0,-,-,-,-,4679.2000,4679.0000,4678.6000,4678.4000,4676.0000,4698.0000,4704.6000,4719.6000,4738.4000,4748.8000,1,1,1,1,1,1,3,6,5,1
SF,IF2010,2020-08-24 09:33:08.800,4684.0000,59,0,85824480.000,0,-,-,-,-,4679.4000,4679.2000,4679.0000,4678.4000,4676.0000,4695.2000,4697.6000,4697.8000,4698.0000,4704.6000,1,1,1,1,1,3,1,1,2,3
SF,IF2010,2020-08-24 09:33:09.300,4684.0000,59,0,85824480.000,0,-,-,-,-,4681.0000,4680.4000,4679.4000,4676.0000,4642.4000,4695.0000,4697.6000,4697.8000,4698.0000,4704.6000,1,1,1,1,5,1,1,1,2,3
SF,IF2010,2020-08-24 09:33:09.800,4684.0000,59,0,85824480.000,0,-,-,-,-,4681.0000,4680.4000,4676.0000,4642.4000,4624.2000,4688.4000,4689.8000,4691.4000,4691.8000,4695.0000,1,1,1,5,1,1,1,1,1,1
SF,IF2010,2020-08-24 09:33:10.300,4688.2000,60,1,87230940.000,1,1,0,双开,S,4681.2000,4681.0000,4680.4000,4676.0000,4642.4000,4688.4000,4689.8000,4691.4000,4691.8000,4692.2000,1,1,1,1,5,1,1,1,1,1
SF,IF2010,2020-08-24 09:33:10.800,4688.2000,60,0,87230940.000,0,-,-,-,-,4681.8000,4681.2000,4676.0000,4642.4000,4624.2000,4688.4000,4689.8000,4691.4000,4692.2000,4692.4000,1,1,1,5,1,1,1,1,1,1
SF,IF2010,2020-08-24 09:33:11.300,4688.2000,60,0,87230940.000,0,-,-,-,-,4682.0000,4681.8000,4676.0000,4642.4000,4624.2000,4688.4000,4689.8000,4691.4000,4692.2000,4692.4000,1,2,1,5,1,2,1,1,1,1
SF,IF2010,2020-08-24 09:33:11.800,4688.2000,60,0,87230940.000,0,-,-,-,-,4682.8000,4682.6000,4682.0000,4681.8000,4676.0000,4688.2000,4688.4000,4689.8000,4692.2000,4692.4000,1,1,1,1,1,2,2,1,1,1
SF,IF2010,2020-08-24 09:33:12.300,4688.2000,60,0,87230940.000,0,-,-,-,-,4683.0000,4682.8000,4682.6000,4681.8000,4676.0000,4689.8000,4692.2000,4692.4000,4693.6000,4697.8000,1,1,1,1,1,1,1,1,2,1
SF,IF2010,2020-08-24 09:33:12.800,4688.2000,60,0,87230940.000,0,-,-,-,-,4683.4000,4683.0000,4682.6000,4676.0000,4642.4000,4688.0000,4689.6000,4689.8000,4692.2000,4692.4000,2,1,1,1,5,1,1,1,1,1
SF,IF2010,2020-08-24 09:33:13.300,4688.2000,60,0,87230940.000,0,-,-,-,-,4683.6000,4683.4000,4682.6000,4676.0000,4642.4000,4688.0000,4689.6000,4689.8000,4692.2000,4692.4000,1,2,1,1,5,1,1,1,1,1
SF,IF2010,2020-08-24 09:33:13.800,4688.2000,60,0,87230940.000,0,-,-,-,-,4683.6000,4683.4000,4676.0000,4642.4000,4624.2000,4687.8000,4688.0000,4689.2000,4689.8000,4692.2000,1,2,1,5,1,2,1,1,1,1
SF,IF2010,2020-08-24 09:33:14.300,4688.2000,60,0,87230940.000,0,-,-,-,-,4684.0000,4683.6000,4676.0000,4642.4000,4624.2000,4687.8000,4689.2000,4689.8000,4692.2000,4692.4000,1,1,1,5,1,2,1,1,1,1
SF,IF2010,2020-08-24 09:33:14.800,4688.2000,60,0,87230940.000,0,-,-,-,-,4684.2000,4684.0000,4676.0000,4642.4000,4624.2000,4687.4000,4687.8000,4689.2000,4689.8000,4692.2000,1,1,1,5,1,2,1,1,1,1
SF,IF2010,2020-08-24 09:33:15.300,4688.2000,60,0,87230940.000,0,-,-,-,-,4684.2000,4684.0000,4676.0000,4642.4000,4624.2000,4687.4000,4689.2000,4689.8000,4692.2000,4692.4000,1,1,1,5,1,2,1,1,1,1
SF,IF2010,2020-08-24 09:33:15.800,4688.2000,60,0,87230940.000,0,-,-,-,-,4676.0000,4642.4000,4624.2000,4624.0000,4612.2000,4687.2000,4689.2000,4689.8000,4692.2000,4692.4000,1,5,1,1,1,1,1,1,1,1
SF,IF2010,2020-08-24 09:33:16.300,4688.2000,60,0,87230940.000,0,-,-,-,-,4676.6000,4676.2000,4676.0000,4642.4000,4624.2000,4689.2000,4689.8000,4692.2000,4692.4000,4697.8000,1,1,4,5,1,1,1,1,1,1
SF,IF2010,2020-08-24 09:33:16.800,4688.2000,60,0,87230940.000,0,-,-,-,-,4682.4000,4676.8000,4676.6000,4676.0000,4642.4000,4687.0000,4689.0000,4689.2000,4689.8000,4692.2000,1,1,1,4,5,1,1,1,1,1
SF,IF2010,2020-08-24 09:33:17.300,4688.2000,60,0,87230940.000,0,-,-,-,-,4682.6000,4682.4000,4676.6000,4676.0000,4642.4000,4687.0000,4689.0000,4689.2000,4692.2000,4692.4000,1,1,1,4,5,1,1,2,1,1
SF,IF2010,2020-08-24 09:33:17.800,4688.2000,60,0,87230940.000,0,-,-,-,-,4683.2000,4682.6000,4676.6000,4676.0000,4642.4000,4687.0000,4689.0000,4689.2000,4692.2000,4692.4000,1,1,1,4,5,2,1,1,1,1
SF,IF2010,2020-08-24 09:33:18.300,4688.2000,60,0,87230940.000,0,-,-,-,-,4683.2000,4676.6000,4676.0000,4642.4000,4624.2000,4686.8000,4687.0000,4689.2000,4692.2000,4692.4000,1,1,4,5,1,1,2,1,1,1
SF,IF2010,2020-08-24 09:33:18.800,4688.2000,60,0,87230940.000,0,-,-,-,-,4676.6000,4676.0000,4642.4000,4624.2000,4624.0000,4686.8000,4687.0000,4689.2000,4692.2000,4692.4000,1,4,5,1,1,1,2,1,1,1
SF,IF2010,2020-08-24 09:33:19.300,4688.2000,60,0,87230940.000,0,-,-,-,-,4677.2000,4676.8000,4676.6000,4676.0000,4642.4000,4687.0000,4689.2000,4692.2000,4692.4000,4697.8000,3,1,1,1,5,1,1,1,1,1
SF,IF2010,2020-08-24 09:33:19.800,4688.2000,60,0,87230940.000,0,-,-,-,-,4679.2000,4677.8000,4677.4000,4677.2000,4676.0000,4687.0000,4689.2000,4692.2000,4692.4000,4697.8000,1,1,1,3,1,1,1,1,1,1
SF,IF2010,2020-08-24 09:33:20.300,4688.2000,60,0,87230940.000,0,-,-,-,-,4679.4000,4679.2000,4677.8000,4677.2000,4676.0000,4686.6000,4686.8000,4687.0000,4689.2000,4692.2000,1,1,1,3,1,1,2,1,1,1
SF,IF2010,2020-08-24 09:33:20.800,4688.2000,60,0,87230940.000,0,-,-,-,-,4679.4000,4679.2000,4677.8000,4677.2000,4676.0000,4686.6000,4686.8000,4687.0000,4689.2000,4692.2000,1,1,1,3,1,1,2,1,1,1
SF,IF2010,2020-08-24 09:33:21.300,4688.2000,60,0,87230940.000,0,-,-,-,-,4680.6000,4679.4000,4679.2000,4677.8000,4677.2000,4686.6000,4686.8000,4687.0000,4689.2000,4692.2000,1,1,1,1,3,1,2,1,1,1
SF,IF2010,2020-08-24 09:33:21.800,4688.2000,60,0,87230940.000,0,-,-,-,-,4680.8000,4680.6000,4679.2000,4677.8000,4677.2000,4686.4000,4686.6000,4687.0000,4689.2000,4692.2000,1,1,1,1,3,1,1,1,1,1
SF,IF2010,2020-08-24 09:33:22.300,4688.2000,60,0,87230940.000,0,-,-,-,-,4680.8000,4680.6000,4677.8000,4677.2000,4676.0000,4686.6000,4687.0000,4689.2000,4692.2000,4697.8000,2,1,1,3,1,2,1,1,1,1
SF,IF2010,2020-08-24 09:33:22.800,4688.2000,60,0,87230940.000,0,-,-,-,-,4680.8000,4680.6000,4677.8000,4677.2000,4676.0000,4686.6000,4689.2000,4692.2000,4697.8000,4698.0000,2,1,1,3,1,2,1,1,1,1
SF,IF2010,2020-08-24 09:33:23.300,4688.2000,60,0,87230940.000,0,-,-,-,-,4681.6000,4680.8000,4677.8000,4677.2000,4676.0000,4686.6000,4689.2000,4692.2000,4697.8000,4698.0000,1,2,1,3,1,1,1,1,1,1
SF,IF2010,2020-08-24 09:33:23.800,4688.2000,60,0,87230940.000,0,-,-,-,-,4681.8000,4681.6000,4680.8000,4677.8000,4677.2000,4689.2000,4692.2000,4697.8000,4698.0000,4704.6000,1,1,1,1,3,1,1,1,1,3
SF,IF2010,2020-08-24 09:33:24.300,4688.2000,60,0,87230940.000,0,-,-,-,-,4682.4000,4682.0000,4681.6000,4677.8000,4677.2000,4689.0000,4689.2000,4692.2000,4697.8000,4698.0000,1,1,1,1,3,2,1,1,1,1
SF,IF2010,2020-08-24 09:33:24.800,4688.2000,60,0,87230940.000,0,-,-,-,-,4682.4000,4682.0000,4677.8000,4676.0000,4642.4000,4689.0000,4689.2000,4692.2000,4697.8000,4698.0000,1,1,1,1,5,2,2,1,1,1
SF,IF2010,2020-08-24 09:33:25.300,4688.2000,60,0,87230940.000,0,-,-,-,-,4682.6000,4682.4000,4682.0000,4677.8000,4676.0000,4687.6000,4688.0000,4688.8000,4689.0000,4692.2000,1,1,1,1,1,1,1,1,2,1
SF,IF2010,2020-08-24 09:33:25.800,4688.2000,60,0,87230940.000,0,-,-,-,-,4682.6000,4682.4000,4682.0000,4677.8000,4676.0000,4687.6000,4688.0000,4688.4000,4689.0000,4692.2000,1,1,1,1,1,1,1,1,2,1
SF,IF2010,2020-08-24 09:33:26.300,4688.2000,60,0,87230940.000,0,-,-,-,-,4682.6000,4682.4000,4682.0000,4677.8000,4676.0000,4688.4000,4689.0000,4692.2000,4697.8000,4698.0000,1,1,1,1,1,1,2,1,1,1
SF,IF2010,2020-08-24 09:33:26.800,4688.2000,60,0,87230940.000,0,-,-,-,-,4682.6000,4682.4000,4682.0000,4677.8000,4676.0000,4687.6000,4688.4000,4689.0000,4692.2000,4697.8000,1,1,1,1,1,1,1,2,1,1
SF,IF2010,2020-08-24 09:33:27.300,4688.2000,60,0,87230940.000,0,-,-,-,-,4683.0000,4682.6000,4682.0000,4677.8000,4676.0000,4687.6000,4688.0000,4688.4000,4689.0000,4692.2000,1,1,1,1,1,1,1,1,2,1
SF,IF2010,2020-08-24 09:33:27.800,4688.2000,60,0,87230940.000,0,-,-,-,-,4683.2000,4683.0000,4682.0000,4677.8000,4676.0000,4687.6000,4688.4000,4689.0000,4692.2000,4694.6000,1,1,1,1,1,1,1,2,1,1
SF,IF2010,2020-08-24 09:33:28.300,4688.2000,60,0,87230940.000,0,-,-,-,-,4683.2000,4683.0000,4682.0000,4677.8000,4676.0000,4687.4000,4688.4000,4689.0000,4692.2000,4694.6000,1,1,1,1,1,2,1,1,1,1
SF,IF2010,2020-08-24 09:33:28.800,4688.2000,60,0,87230940.000,0,-,-,-,-,4683.2000,4683.0000,4682.0000,4679.0000,4677.8000,4687.4000,4688.4000,4689.0000,4692.2000,4694.6000,1,1,1,1,1,1,1,1,1,1
SF,IF2010,2020-08-24 09:33:29.300,4688.2000,60,0,87230940.000,0,-,-,-,-,4683.2000,4683.0000,4682.0000,4679.0000,4677.8000,4688.4000,4689.0000,4692.2000,4694.6000,4697.8000,1,1,1,1,1,1,1,1,1,1
SF,IF2010,2020-08-24 09:33:29.800,4688.2000,60,0,87230940.000,0,-,-,-,-,4683.2000,4683.0000,4682.0000,4679.0000,4677.8000,4687.4000,4688.2000,4688.4000,4689.0000,4692.2000,1,1,1,1,1,1,1,1,1,1
SF,IF2010,2020-08-24 09:33:30.300,4688.2000,60,0,87230940.000,0,-,-,-,-,4683.2000,4683.0000,4682.0000,4679.0000,4677.8000,4687.4000,4688.2000,4688.4000,4692.2000,4694.6000,1,1,1,1,1,1,1,1,1,1
SF,IF2010,2020-08-24 09:33:30.800,4688.2000,60,0,87230940.000,0,-,-,-,-,4683.2000,4682.0000,4679.0000,4677.8000,4676.0000,4687.2000,4687.4000,4688.4000,4692.2000,4694.6000,1,1,1,1,1,1,1,1,1,1
SF,IF2010,2020-08-24 09:33:31.300,4688.2000,60,0,87230940.000,0,-,-,-,-,4682.0000,4679.0000,4677.8000,4676.0000,4642.4000,4687.2000,4688.4000,4692.2000,4694.6000,4697.8000,1,1,1,1,5,1,1,1,1,1
SF,IF2010,2020-08-24 09:33:31.800,4688.2000,60,0,87230940.000,0,-,-,-,-,4682.2000,4682.0000,4679.0000,4677.8000,4676.0000,4687.2000,4692.2000,4694.6000,4697.8000,4698.0000,1,1,1,1,1,2,1,1,1,1
SF,IF2010,2020-08-24 09:33:32.800,4688.2000,60,0,87230940.000,0,-,-,-,-,4682.4000,4682.2000,4682.0000,4679.0000,4677.8000,4687.2000,4692.2000,4694.6000,4697.8000,4698.0000,1,1,1,1,1,2,1,1,1,1
SF,IF2010,2020-08-24 09:33:33.300,4688.2000,60,0,87230940.000,0,-,-,-,-,4682.6000,4682.4000,4682.0000,4679.0000,4677.8000,4687.2000,4692.2000,4694.6000,4697.8000,4698.0000,1,1,1,1,1,1,1,1,1,1
SF,IF2010,2020-08-24 09:33:33.800,4688.2000,60,0,87230940.000,0,-,-,-,-,4682.6000,4682.0000,4679.0000,4677.8000,4676.0000,4692.2000,4694.6000,4697.8000,4698.0000,4704.6000,1,1,1,1,1,1,1,1,1,3
SF,IF2010,2020-08-24 09:33:34.300,4688.2000,60,0,87230940.000,0,-,-,-,-,4682.0000,4679.0000,4677.8000,4676.0000,4642.4000,4687.2000,4692.0000,4692.2000,4694.6000,4697.8000,1,1,1,1,5,1,2,1,1,1
SF,IF2010,2020-08-24 09:33:34.800,4688.2000,60,0,87230940.000,0,-,-,-,-,4682.0000,4679.0000,4677.8000,4676.0000,4642.4000,4687.0000,4687.2000,4688.4000,4692.0000,4692.2000,1,1,1,1,5,1,1,1,1,1
SF,IF2010,2020-08-24 09:33:35.300,4688.2000,60,0,87230940.000,0,-,-,-,-,4682.0000,4679.0000,4677.8000,4676.0000,4642.4000,4687.0000,4687.2000,4688.4000,4692.0000,4692.2000,1,1,1,1,5,1,1,1,1,1
SF,IF2010,2020-08-24 09:33:35.800,4688.2000,60,0,87230940.000,0,-,-,-,-,4682.0000,4679.0000,4676.0000,4642.4000,4624.2000,4686.8000,4687.0000,4688.4000,4692.0000,4692.2000,1,1,1,5,1,1,2,1,1,1
SF,IF2010,2020-08-24 09:33:36.300,4688.2000,60,0,87230940.000,0,-,-,-,-,4682.0000,4679.0000,4676.0000,4642.4000,4624.2000,4686.2000,4686.6000,4686.8000,4687.0000,4688.4000,1,1,1,5,1,1,1,1,1,1
SF,IF2010,2020-08-24 09:33:36.800,4682.0000,61,1,88635540.000,1,1,0,双开,S,4679.0000,4676.0000,4642.4000,4624.2000,4624.0000,4682.0000,4686.0000,4686.2000,4686.4000,4686.8000,1,1,5,1,1,1,2,1,1,2
SF,IF2010,2020-08-24 09:33:37.300,4682.0000,62,1,90040140.000,1,1,0,双开,S,4679.0000,4676.0000,4642.4000,4624.2000,4624.0000,4685.8000,4686.0000,4686.2000,4686.4000,4688.4000,1,1,5,1,1,1,1,2,1,1
SF,IF2010,2020-08-24 09:33:37.800,4682.0000,62,0,90040140.000,0,-,-,-,-,4679.0000,4676.0000,4642.4000,4624.2000,4624.0000,4682.0000,4685.6000,4685.8000,4686.0000,4686.2000,1,1,5,1,1,1,1,1,1,1
SF,IF2010,2020-08-24 09:33:38.300,4682.0000,62,0,90040140.000,0,-,-,-,-,4679.2000,4679.0000,4676.0000,4642.4000,4624.2000,4682.0000,4685.6000,4685.8000,4686.0000,4686.2000,1,1,1,5,1,1,1,1,1,1
SF,IF2010,2020-08-24 09:33:38.800,4682.0000,62,0,90040140.000,0,-,-,-,-,4679.2000,4679.0000,4676.0000,4642.4000,4624.2000,4682.0000,4685.6000,4685.8000,4686.0000,4686.2000,1,1,1,5,1,1,1,1,1,1
SF,IF2010,2020-08-24 09:33:39.300,4682.0000,62,0,90040140.000,0,-,-,-,-,4679.0000,4676.0000,4642.4000,4624.2000,4624.0000,4681.8000,4682.0000,4685.8000,4686.2000,4687.6000,1,1,5,1,1,1,1,1,1,1
SF,IF2010,2020-08-24 09:33:39.800,4682.0000,63,1,91444740.000,1,1,0,双开,S,4679.0000,4676.0000,4642.4000,4624.2000,4624.0000,4681.8000,4685.8000,4686.2000,4687.6000,4688.4000,1,1,5,1,1,1,1,1,1,1
SF,IF2010,2020-08-24 09:33:40.300,4682.0000,63,0,91444740.000,0,-,-,-,-,4679.0000,4676.0000,4642.4000,4624.2000,4624.0000,4681.8000,4685.8000,4686.2000,4687.6000,4688.4000,1,1,5,1,1,2,1,1,1,1
SF,IF2010,2020-08-24 09:33:40.800,4682.0000,63,0,91444740.000,0,-,-,-,-,4679.0000,4676.0000,4642.4000,4624.2000,4624.0000,4681.8000,4685.8000,4686.2000,4687.6000,4692.2000,1,1,5,1,1,2,1,1,1,1
SF,IF2010,2020-08-24 09:33:41.800,4682.0000,63,0,91444740.000,0,-,-,-,-,4679.0000,4676.0000,4642.4000,4624.2000,4624.0000,4681.8000,4685.8000,4686.2000,4687.6000,4692.2000,1,1,5,1,1,1,1,1,1,1
SF,IF2010,2020-08-24 09:33:42.300,4682.0000,63,0,91444740.000,0,-,-,-,-,4679.0000,4676.0000,4642.4000,4624.2000,4624.0000,4685.8000,4686.2000,4687.6000,4692.2000,4694.6000,1,1,5,1,1,1,1,1,1,1
SF,IF2010,2020-08-24 09:33:42.800,4682.0000,63,0,91444740.000,0,-,-,-,-,4679.0000,4676.0000,4642.4000,4624.2000,4624.0000,4685.6000,4685.8000,4686.2000,4687.6000,4692.2000,1,1,5,1,1,1,1,1,1,1
SF,IF2010,2020-08-24 09:33:43.300,4682.0000,63,0,91444740.000,0,-,-,-,-,4679.6000,4679.0000,4676.0000,4642.4000,4624.0000,4685.6000,4685.8000,4686.2000,4692.2000,4694.6000,1,1,1,5,1,1,1,1,1,1
SF,IF2010,2020-08-24 09:33:43.800,4682.0000,63,0,91444740.000,0,-,-,-,-,4679.8000,4679.6000,4679.0000,4676.0000,4642.4000,4685.6000,4685.8000,4686.2000,4692.2000,4694.6000,1,1,1,1,5,1,1,1,1,1
SF,IF2010,2020-08-24 09:33:44.300,4682.0000,63,0,91444740.000,0,-,-,-,-,4679.8000,4679.6000,4679.0000,4676.0000,4642.4000,4686.2000,4694.6000,4697.8000,4698.0000,4704.6000,1,1,1,1,5,1,1,1,1,3
SF,IF2010,2020-08-24 09:33:44.800,4682.0000,63,0,91444740.000,0,-,-,-,-,4680.0000,4679.8000,4679.0000,4676.0000,4642.4000,4686.0000,4686.2000,4694.6000,4697.8000,4698.0000,1,1,1,1,5,1,1,1,1,1
SF,IF2010,2020-08-24 09:33:45.300,4682.0000,63,0,91444740.000,0,-,-,-,-,4680.4000,4680.2000,4680.0000,4679.0000,4676.0000,4686.0000,4686.2000,4694.6000,4697.8000,4698.0000,1,1,1,1,1,1,1,1,1,1
SF,IF2010,2020-08-24 09:33:45.800,4682.0000,63,0,91444740.000,0,-,-,-,-,4680.4000,4680.2000,4680.0000,4679.0000,4676.0000,4685.6000,4686.0000,4694.6000,4697.8000,4698.0000,1,1,1,1,1,1,2,1,1,1
SF,IF2010,2020-08-24 09:33:46.300,4682.0000,63,0,91444740.000,0,-,-,-,-,4680.6000,4680.4000,4679.0000,4676.0000,4642.4000,4685.4000,4685.6000,4686.0000,4694.6000,4697.8000,1,1,1,1,5,1,1,1,1,1
SF,IF2010,2020-08-24 09:33:46.800,4682.0000,63,0,91444740.000,0,-,-,-,-,4680.4000,4679.0000,4676.0000,4642.4000,4624.0000,4685.4000,4685.6000,4694.6000,4697.8000,4698.0000,1,1,1,5,1,1,2,1,1,1
SF,IF2010,2020-08-24 09:33:47.300,4682.0000,63,0,91444740.000,0,-,-,-,-,4680.4000,4679.0000,4676.0000,4642.4000,4624.0000,4684.8000,4685.0000,4685.4000,4694.6000,4697.8000,1,1,1,5,1,1,1,2,1,1
SF,IF2010,2020-08-24 09:33:47.800,4680.4000,64,1,92848860.000,1,1,0,双开,S,4679.0000,4676.0000,4642.4000,4624.0000,4612.2000,4680.4000,4684.6000,4684.8000,4685.0000,4685.4000,1,1,5,1,1,1,2,1,1,1
SF,IF2010,2020-08-24 09:33:48.300,4684.6000,66,2,95658360.000,2,2,0,双开,S,4679.0000,4676.0000,4642.4000,4624.0000,4612.2000,4684.8000,4685.0000,4694.6000,4697.8000,4698.0000,1,1,5,1,1,2,1,1,1,1
SF,IF2010,2020-08-24 09:33:48.800,4684.6000,66,0,95658360.000,0,-,-,-,-,4679.2000,4679.0000,4676.0000,4642.4000,4624.0000,4684.8000,4685.0000,4694.6000,4697.8000,4698.0000,1,1,1,5,1,1,1,1,1,1
SF,IF2010,2020-08-24 09:33:49.300,4684.6000,66,0,95658360.000,0,-,-,-,-,4679.6000,4679.2000,4679.0000,4676.0000,4642.4000,4684.8000,4694.6000,4697.8000,4698.0000,4704.6000,1,1,1,1,5,1,1,1,1,3
SF,IF2010,2020-08-24 09:33:49.800,4684.8000,67,1,97063800.000,1,1,0,双开,S,4680.2000,4679.6000,4679.0000,4676.0000,4642.4000,4694.6000,4697.8000,4698.0000,4704.6000,4719.6000,1,1,1,1,5,1,1,1,3,6
SF,IF2010,2020-08-24 09:33:50.300,4684.8000,67,0,97063800.000,0,-,-,-,-,4680.4000,4680.2000,4679.6000,4679.0000,4676.0000,4694.4000,4694.6000,4697.8000,4698.0000,4704.6000,1,1,1,1,1,1,1,1,1,3
SF,IF2010,2020-08-24 09:33:50.800,4684.8000,67,0,97063800.000,0,-,-,-,-,4681.0000,4680.4000,4680.2000,4679.6000,4679.0000,4691.2000,4691.8000,4694.4000,4694.6000,4697.8000,1,1,1,1,1,1,1,2,2,1
SF,IF2010,2020-08-24 09:33:51.300,4684.8000,67,0,97063800.000,0,-,-,-,-,4681.0000,4680.4000,4679.6000,4679.0000,4676.0000,4689.4000,4690.6000,4691.0000,4691.2000,4691.8000,1,1,1,1,1,1,1,1,1,1
SF,IF2010,2020-08-24 09:33:51.800,4684.8000,67,0,97063800.000,0,-,-,-,-,4681.0000,4680.4000,4679.0000,4676.0000,4642.4000,4689.0000,4689.2000,4689.4000,4689.6000,4690.6000,1,1,1,1,5,1,1,4,1,1
SF,IF2010,2020-08-24 09:33:52.300,4684.8000,67,0,97063800.000,0,-,-,-,-,4681.0000,4680.4000,4679.0000,4676.0000,4642.4000,4688.0000,4688.6000,4688.8000,4689.0000,4689.4000,1,1,1,1,5,1,1,1,1,5
SF,IF2010,2020-08-24 09:33:52.800,4684.8000,67,0,97063800.000,0,-,-,-,-,4681.0000,4680.4000,4679.0000,4676.0000,4642.4000,4686.8000,4687.2000,4687.8000,4688.0000,4688.6000,1,1,1,1,5,1,1,1,4,1
SF,IF2010,2020-08-24 09:33:53.300,4684.8000,67,0,97063800.000,0,-,-,-,-,4681.0000,4680.4000,4679.0000,4676.0000,4642.4000,4686.6000,4686.8000,4687.2000,4688.0000,4689.0000,1,1,1,1,5,1,2,1,5,1
SF,IF2010,2020-08-24 09:33:53.800,4684.8000,67,0,97063800.000,0,-,-,-,-,4681.2000,4681.0000,4680.4000,4679.0000,4676.0000,4686.6000,4686.8000,4687.2000,4688.0000,4689.0000,1,1,1,1,1,1,2,1,3,1
SF,IF2010,2020-08-24 09:33:54.300,4684.8000,67,0,97063800.000,0,-,-,-,-,4681.2000,4681.0000,4680.4000,4679.0000,4676.0000,4686.0000,4687.2000,4688.0000,4689.0000,4689.4000,1,1,1,1,1,1,1,2,1,3
SF,IF2010,2020-08-24 09:33:54.800,4684.8000,67,0,97063800.000,0,-,-,-,-,4681.4000,4681.2000,4681.0000,4680.4000,4679.0000,4686.0000,4688.0000,4694.6000,4698.0000,4704.6000,1,1,1,1,1,1,1,1,1,3
SF,IF2010,2020-08-24 09:33:55.300,4684.8000,67,0,97063800.000,0,-,-,-,-,4681.6000,4681.4000,4681.0000,4680.4000,4679.0000,4688.0000,4694.6000,4698.0000,4704.6000,4719.6000,1,1,1,1,1,1,1,1,3,6
SF,IF2010,2020-08-24 09:33:55.800,4684.8000,67,0,97063800.000,0,-,-,-,-,4681.6000,4681.4000,4681.0000,4680.4000,4679.0000,4686.0000,4687.8000,4688.0000,4694.6000,4698.0000,1,1,1,1,1,1,1,1,1,1
SF,IF2010,2020-08-24 09:33:56.300,4684.8000,67,0,97063800.000,0,-,-,-,-,4681.6000,4681.4000,4681.0000,4680.4000,4679.0000,4687.8000,4694.6000,4698.0000,4704.6000,4719.6000,1,1,1,1,1,1,1,1,3,6
SF,IF2010,2020-08-24 09:33:56.800,4684.8000,67,0,97063800.000,0,-,-,-,-,4681.0000,4680.4000,4679.0000,4642.4000,4624.0000,4687.8000,4694.6000,4698.0000,4704.6000,4719.6000,1,1,1,5,1,1,1,1,3,6
SF,IF2010,2020-08-24 09:33:57.300,4684.8000,67,0,97063800.000,0,-,-,-,-,4681.2000,4679.0000,4642.4000,4624.0000,4612.2000,4687.8000,4694.6000,4698.0000,4704.6000,4719.6000,1,1,5,1,1,1,1,1,3,6
SF,IF2010,2020-08-24 09:33:57.800,4684.8000,67,0,97063800.000,0,-,-,-,-,4681.4000,4679.0000,4642.4000,4624.0000,4612.2000,4687.8000,4694.6000,4698.0000,4704.6000,4719.6000,1,1,5,1,1,1,1,1,3,6
SF,IF2010,2020-08-24 09:33:58.300,4684.8000,67,0,97063800.000,0,-,-,-,-,4681.8000,4681.4000,4679.0000,4642.4000,4624.0000,4687.8000,4694.6000,4698.0000,4704.6000,4719.6000,1,1,1,5,1,2,1,1,3,6
SF,IF2010,2020-08-24 09:33:58.800,4684.8000,67,0,97063800.000,0,-,-,-,-,4681.4000,4679.0000,4642.4000,4624.0000,4612.2000,4687.6000,4687.8000,4694.6000,4698.0000,4704.6000,1,1,5,1,1,1,2,1,1,3
SF,IF2010,2020-08-24 09:33:59.300,4684.8000,67,0,97063800.000,0,-,-,-,-,4679.0000,4642.4000,4624.0000,4612.2000,4537.2000,4687.2000,4687.4000,4687.6000,4687.8000,4694.6000,1,5,1,1,1,1,1,1,1,1
SF,IF2010,2020-08-24 09:33:59.800,4684.8000,67,0,97063800.000,0,-,-,-,-,4681.6000,4679.2000,4679.0000,4642.4000,4624.0000,4687.0000,4687.2000,4687.6000,4694.6000,4698.0000,1,1,1,5,1,1,1,2,1,1
SF,IF2010,2020-08-24 09:34:00.300,4684.8000,67,0,97063800.000,0,-,-,-,-,4681.6000,4681.2000,4679.2000,4679.0000,4642.4000,4687.0000,4687.2000,4687.6000,4694.6000,4698.0000,1,1,1,1,5,1,1,1,1,1
SF,IF2010,2020-08-24 09:34:00.800,4684.8000,67,0,97063800.000,0,-,-,-,-,4681.8000,4681.6000,4679.0000,4642.4000,4624.0000,4686.8000,4687.2000,4687.6000,4694.6000,4698.0000,2,1,1,5,1,1,1,1,1,1
SF,IF2010,2020-08-24 09:34:01.300,4684.8000,67,0,97063800.000,0,-,-,-,-,4681.8000,4681.6000,4679.0000,4642.4000,4624.0000,4686.8000,4694.6000,4698.0000,4704.6000,4719.6000,2,1,1,5,1,1,1,1,3,6
SF,IF2010,2020-08-24 09:34:01.800,4684.8000,67,0,97063800.000,0,-,-,-,-,4681.8000,4679.0000,4642.4000,4624.0000,4612.2000,4686.8000,4694.6000,4698.0000,4704.6000,4719.6000,2,1,5,1,1,1,1,1,3,6
SF,IF2010,2020-08-24 09:34:02.300,4684.8000,67,0,97063800.000,0,-,-,-,-,4682.4000,4681.8000,4679.0000,4642.4000,4624.0000,4694.6000,4698.0000,4704.6000,4719.6000,4738.4000,1,1,1,5,1,1,1,3,6,5
SF,IF2010,2020-08-24 09:34:02.800,4684.8000,67,0,97063800.000,0,-,-,-,-,4683.0000,4682.6000,4682.4000,4679.0000,4642.4000,4694.4000,4694.6000,4698.0000,4704.6000,4719.6000,1,1,1,1,5,1,1,1,3,6
SF,IF2010,2020-08-24 09:34:03.800,4684.8000,67,0,97063800.000,0,-,-,-,-,4683.8000,4683.0000,4682.4000,4679.0000,4642.4000,4694.4000,4694.6000,4698.0000,4704.6000,4719.6000,1,1,1,1,5,2,1,1,3,6
SF,IF2010,2020-08-24 09:34:04.300,4684.8000,67,0,97063800.000,0,-,-,-,-,4683.8000,4683.0000,4682.4000,4679.0000,4642.4000,4692.2000,4694.4000,4694.6000,4698.0000,4704.6000,1,1,1,1,5,1,2,1,1,3
SF,IF2010,2020-08-24 09:34:04.800,4684.8000,67,0,97063800.000,0,-,-,-,-,4683.8000,4683.0000,4682.4000,4679.0000,4642.4000,4692.0000,4692.2000,4693.0000,4694.4000,4694.6000,1,1,1,1,5,1,1,1,1,1
SF,IF2010,2020-08-24 09:34:05.300,4684.8000,67,0,97063800.000,0,-,-,-,-,4684.8000,4683.8000,4683.0000,4679.0000,4642.4000,4692.0000,4692.2000,4693.0000,4694.6000,4698.0000,1,1,1,1,5,1,2,1,1,1
SF,IF2010,2020-08-24 09:34:05.800,4684.8000,67,0,97063800.000,0,-,-,-,-,4684.8000,4683.8000,4683.0000,4679.0000,4642.4000,4691.0000,4692.0000,4692.2000,4694.6000,4698.0000,1,1,1,1,5,1,2,1,1,1
SF,IF2010,2020-08-24 09:34:06.300,4684.8000,67,0,97063800.000,0,-,-,-,-,4683.8000,4683.0000,4679.0000,4642.4000,4624.0000,4690.8000,4691.0000,4692.0000,4692.2000,4694.6000,1,1,1,5,1,2,1,1,1,1
SF,IF2010,2020-08-24 09:34:06.800,4684.8000,67,0,97063800.000,0,-,-,-,-,4683.0000,4679.0000,4642.4000,4624.0000,4612.2000,4690.2000,4690.8000,4691.0000,4692.2000,4694.6000,1,1,5,1,1,1,2,2,1,1
SF,IF2010,2020-08-24 09:34:07.300,4684.8000,67,0,97063800.000,0,-,-,-,-,4684.2000,4683.0000,4679.0000,4642.4000,4624.0000,4690.0000,4690.2000,4690.8000,4691.0000,4692.2000,1,1,1,5,1,1,1,1,1,1
SF,IF2010,2020-08-24 09:34:08.300,4684.8000,67,0,97063800.000,0,-,-,-,-,4684.2000,4683.0000,4679.0000,4642.4000,4624.0000,4690.0000,4690.8000,4692.2000,4694.6000,4698.0000,1,1,1,5,1,1,1,1,1,1
SF,IF2010,2020-08-24 09:34:08.800,4684.8000,67,0,97063800.000,0,-,-,-,-,4684.4000,4684.2000,4683.0000,4679.0000,4642.4000,4689.8000,4690.0000,4692.2000,4694.6000,4698.0000,1,1,1,1,5,1,1,1,1,1
SF,IF2010,2020-08-24 09:34:09.300,4689.8000,68,1,98470740.000,1,1,0,双开,S,4685.4000,4684.4000,4683.0000,4679.0000,4642.4000,4690.0000,4692.2000,4694.6000,4698.0000,4704.6000,1,1,1,1,5,1,1,1,1,3
SF,IF2010,2020-08-24 09:34:09.800,4689.8000,68,0,98470740.000,0,-,-,-,-,4685.6000,4685.4000,4683.0000,4679.0000,4642.4000,4692.2000,4694.6000,4698.0000,4704.6000,4719.6000,1,1,1,1,5,1,1,1,3,6
SF,IF2010,2020-08-24 09:34:10.300,4689.8000,68,0,98470740.000,0,-,-,-,-,4685.4000,4683.0000,4679.0000,4642.4000,4624.0000,4690.0000,4692.0000,4694.6000,4698.0000,4704.6000,1,1,1,5,1,1,1,1,1,3
SF,IF2010,2020-08-24 09:34:10.800,4689.8000,68,0,98470740.000,0,-,-,-,-,4686.0000,4683.0000,4679.0000,4642.4000,4624.0000,4689.8000,4690.0000,4694.6000,4698.0000,4704.6000,1,1,1,5,1,1,1,1,1,3
SF,IF2010,2020-08-24 09:34:11.300,4689.8000,68,0,98470740.000,0,-,-,-,-,4686.0000,4679.0000,4642.4000,4624.0000,4612.2000,4689.8000,4690.0000,4694.6000,4698.0000,4704.6000,1,1,5,1,1,1,1,1,1,3
SF,IF2010,2020-08-24 09:34:11.800,4689.8000,68,0,98470740.000,0,-,-,-,-,4686.0000,4679.0000,4642.4000,4624.0000,4612.2000,4689.8000,4694.6000,4698.0000,4704.6000,4719.6000,1,1,5,1,1,2,1,1,3,6
SF,IF2010,2020-08-24 09:34:12.800,4689.8000,69,1,99877680.000,1,1,0,双开,S,4686.0000,4679.0000,4642.4000,4624.0000,4612.2000,4689.8000,4694.6000,4698.0000,4704.6000,4719.6000,1,1,5,1,1,1,1,1,3,6
SF,IF2010,2020-08-24 09:34:13.300,4689.8000,69,0,99877680.000,0,-,-,-,-,4686.2000,4686.0000,4679.0000,4642.4000,4624.0000,4689.8000,4694.6000,4698.0000,4704.6000,4719.6000,1,1,1,5,1,1,1,1,3,6
SF,IF2010,2020-08-24 09:34:13.800,4689.8000,69,0,99877680.000,0,-,-,-,-,4686.2000,4686.0000,4679.0000,4660.0000,4642.4000,4689.8000,4694.6000,4698.0000,4704.6000,4719.6000,1,1,1,1,5,1,1,1,3,6
SF,IF2010,2020-08-24 09:34:14.300,4689.8000,69,0,99877680.000,0,-,-,-,-,4686.0000,4679.0000,4660.0000,4642.4000,4624.0000,4689.6000,4694.6000,4698.0000,4704.6000,4719.6000,1,1,1,5,1,1,1,1,3,6
SF,IF2010,2020-08-24 09:34:14.800,4689.8000,69,0,99877680.000,0,-,-,-,-,4679.0000,4660.0000,4642.4000,4624.0000,4612.2000,4689.6000,4689.8000,4694.6000,4698.0000,4704.6000,1,1,5,1,1,1,1,1,1,3
SF,IF2010,2020-08-24 09:34:15.300,4689.8000,70,1,101284620.000,1,1,0,双开,S,4679.2000,4679.0000,4660.0000,4642.4000,4624.0000,4689.4000,4689.6000,4694.6000,4698.0000,4704.6000,1,1,1,5,1,1,1,1,1,3
SF,IF2010,2020-08-24 09:34:15.800,4689.8000,70,0,101284620.000,0,-,-,-,-,4683.4000,4679.2000,4679.0000,4660.0000,4642.4000,4689.4000,4689.6000,4694.6000,4698.0000,4704.6000,1,1,1,1,5,1,1,1,1,3
SF,IF2010,2020-08-24 09:34:16.300,4689.8000,70,0,101284620.000,0,-,-,-,-,4683.6000,4683.4000,4679.0000,4660.0000,4642.4000,4688.2000,4689.0000,4689.2000,4694.6000,4698.0000,1,1,1,1,5,1,1,1,1,1
SF,IF2010,2020-08-24 09:34:16.800,4689.8000,70,0,101284620.000,0,-,-,-,-,4683.6000,4683.4000,4679.0000,4660.0000,4642.4000,4688.2000,4689.0000,4694.6000,4698.0000,4704.6000,1,1,1,1,5,1,1,1,1,3
SF,IF2010,2020-08-24 09:34:17.300,4689.8000,70,0,101284620.000,0,-,-,-,-,4683.6000,4683.4000,4679.0000,4660.0000,4642.4000,4694.6000,4698.0000,4704.6000,4719.6000,4738.4000,1,1,1,1,5,1,1,3,6,5
SF,IF2010,2020-08-24 09:34:17.800,4689.8000,70,0,101284620.000,0,-,-,-,-,4684.0000,4683.8000,4679.0000,4660.0000,4642.4000,4694.4000,4694.6000,4698.0000,4704.6000,4719.6000,1,1,1,1,5,1,1,1,3,6
SF,IF2010,2020-08-24 09:34:18.300,4689.8000,70,0,101284620.000,0,-,-,-,-,4689.4000,4685.4000,4684.0000,4683.8000,4679.0000,4691.4000,4691.6000,4694.4000,4694.6000,4698.0000,1,1,1,1,1,1,1,1,2,1
SF,IF2010,2020-08-24 09:34:18.800,4689.4000,71,1,102691440.000,1,1,0,双开,S,4685.4000,4684.0000,4683.8000,4679.0000,4642.4000,4689.4000,4691.4000,4691.6000,4694.4000,4694.6000,1,1,1,1,5,1,1,1,1,1
SF,IF2010,2020-08-24 09:34:19.300,4689.4000,71,0,102691440.000,0,-,-,-,-,4685.6000,4685.4000,4684.0000,4683.8000,4679.0000,4691.4000,4691.6000,4694.6000,4698.0000,4704.6000,1,1,1,1,1,2,1,1,1,3
SF,IF2010,2020-08-24 09:34:19.800,4689.4000,71,0,102691440.000,0,-,-,-,-,4685.6000,4685.4000,4684.0000,4683.8000,4679.0000,4691.0000,4691.2000,4691.4000,4694.6000,4698.0000,1,1,1,1,1,1,1,2,1,1
SF,IF2010,2020-08-24 09:34:20.300,4689.4000,71,0,102691440.000,0,-,-,-,-,4686.6000,4685.8000,4685.6000,4683.8000,4679.0000,4691.0000,4691.2000,4691.4000,4694.6000,4698.0000,1,1,1,1,1,1,1,2,1,1
SF,IF2010,2020-08-24 09:34:20.800,4689.4000,71,0,102691440.000,0,-,-,-,-,4686.6000,4685.8000,4685.6000,4683.8000,4679.0000,4690.8000,4691.0000,4691.4000,4694.6000,4698.0000,1,1,1,1,1,1,1,1,1,1
SF,IF2010,2020-08-24 09:34:21.300,4689.4000,71,0,102691440.000,0,-,-,-,-,4686.6000,4685.6000,4683.8000,4679.0000,4642.4000,4690.8000,4691.0000,4694.6000,4698.0000,4704.6000,1,1,1,1,5,1,2,1,1,3
SF,IF2010,2020-08-24 09:34:21.800,4690.8000,72,1,104098680.000,1,1,0,双开,S,4686.6000,4685.6000,4683.8000,4679.0000,4658.6000,4690.8000,4691.0000,4694.6000,4698.0000,4704.6000,1,1,1,1,1,1,1,1,1,3
SF,IF2010,2020-08-24 09:34:22.300,4690.8000,72,0,104098680.000,0,-,-,-,-,4686.6000,4685.6000,4683.8000,4679.0000,4658.6000,4690.6000,4690.8000,4691.0000,4694.6000,4698.0000,1,1,1,1,1,1,1,1,1,1
SF,IF2010,2020-08-24 09:34:22.800,4690.8000,72,0,104098680.000,0,-,-,-,-,4686.8000,4685.6000,4679.0000,4658.6000,4642.4000,4690.6000,4690.8000,4694.6000,4698.0000,4704.6000,1,1,1,1,5,2,1,1,1,3
SF,IF2010,2020-08-24 09:34:23.300,4690.8000,72,0,104098680.000,0,-,-,-,-,4686.8000,4685.6000,4679.0000,4658.6000,4642.4000,4690.6000,4694.6000,4698.0000,4704.6000,4718.6000,1,1,1,1,5,3,1,1,3,1
SF,IF2010,2020-08-24 09:34:23.800,4690.8000,72,0,104098680.000,0,-,-,-,-,4687.0000,4686.8000,4679.0000,4658.6000,4642.4000,4690.0000,4694.6000,4698.0000,4704.6000,4718.6000,1,1,1,1,5,1,1,1,3,1
SF,IF2010,2020-08-24 09:34:24.300,4690.6000,73,1,105505860.000,1,1,0,双开,S,4687.0000,4686.8000,4679.0000,4658.6000,4642.4000,4694.6000,4698.0000,4704.6000,4718.6000,4719.6000,2,1,1,1,5,1,1,3,1,6
SF,IF2010,2020-08-24 09:34:24.800,4690.6000,73,0,105505860.000,0,-,-,-,-,4687.4000,4687.2000,4687.0000,4679.0000,4658.6000,4694.4000,4694.6000,4698.0000,4704.6000,4718.6000,1,1,1,1,1,1,1,1,3,1
SF,IF2010,2020-08-24 09:34:25.300,4690.6000,73,0,105505860.000,0,-,-,-,-,4687.6000,4687.4000,4687.2000,4679.0000,4658.6000,4692.8000,4694.4000,4694.6000,4698.0000,4704.6000,1,1,1,1,1,2,1,2,1,3
SF,IF2010,2020-08-24 09:34:25.800,4690.6000,73,0,105505860.000,0,-,-,-,-,4687.8000,4687.6000,4687.4000,4679.0000,4658.6000,4692.8000,4694.4000,4694.6000,4698.0000,4704.6000,1,1,1,1,1,2,2,1,1,3
SF,IF2010,2020-08-24 09:34:26.300,4690.6000,73,0,105505860.000,0,-,-,-,-,4688.0000,4687.8000,4679.0000,4658.6000,4642.4000,4694.4000,4694.6000,4698.0000,4704.6000,4718.6000,2,1,1,1,5,1,1,1,3,1
SF,IF2010,2020-08-24 09:34:26.800,4690.6000,73,0,105505860.000,0,-,-,-,-,4688.0000,4687.8000,4679.0000,4658.6000,4642.4000,4692.6000,4694.2000,4694.6000,4698.0000,4704.6000,2,1,1,1,5,1,1,1,1,3
SF,IF2010,2020-08-24 09:34:27.300,4690.6000,73,0,105505860.000,0,-,-,-,-,4688.6000,4688.0000,4679.0000,4658.6000,4642.4000,4693.6000,4694.4000,4694.6000,4698.0000,4704.6000,1,2,1,1,5,1,1,1,1,3
SF,IF2010,2020-08-24 09:34:27.800,4690.6000,73,0,105505860.000,0,-,-,-,-,4688.8000,4688.6000,4688.0000,4679.0000,4658.6000,4692.6000,4693.6000,4694.4000,4694.6000,4698.0000,1,1,1,1,1,1,1,1,1,1
SF,IF2010,2020-08-24 09:34:28.300,4690.6000,73,0,105505860.000,0,-,-,-,-,4688.8000,4688.6000,4679.0000,4658.6000,4642.4000,4692.6000,4694.6000,4698.0000,4704.6000,4718.6000,2,1,1,1,5,1,1,1,3,1
SF,IF2010,2020-08-24 09:34:28.800,4692.4000,74,1,106913580.000,1,1,0,双开,S,4688.6000,4679.0000,4658.6000,4642.4000,4624.0000,4692.6000,4694.6000,4698.0000,4704.6000,4718.6000,1,1,1,5,1,1,1,1,3,1
SF,IF2010,2020-08-24 09:34:29.300,4688.6000,75,1,108320160.000,1,1,0,双开,S,4679.0000,4658.6000,4642.4000,4624.0000,4612.2000,4692.4000,4694.6000,4698.0000,4704.6000,4718.6000,1,1,5,1,1,2,1,1,3,1
