市场代码,合约代码,时间,最新,持仓,增仓,成交额,成交量,开仓,平仓,成交类型,方向,买一价,买二价,买三价,买四价,买五价,卖一价,卖二价,卖三价,卖四价,卖五价,买一量,买二量,买三量,买四量,买五量,卖一量,卖二量,卖三量,卖四量,卖五量
SF,IF2012,2020-05-26 09:29:00.000,3695.2000,4901,0,1108560.000,1.000,-,-,-,-,3695.0000,3692.0000,3691.8000,3688.0000,3681.8000,3700.0000,3707.0000,3707.4000,3712.4000,3716.8000,1,2,1,1,1,1,1,1,1,1
SF,IF2012,2020-05-26 09:30:00.500,3700.0000,4901,0,6658320.000,5,2,3,多换,S,3700.0000,3695.2000,3695.0000,3688.0000,3685.6000,3707.0000,3707.4000,3708.6000,3712.4000,3716.8000,10,1,1,1,1,1,1,1,1,1
SF,IF2012,2020-05-26 09:30:01.000,3700.0000,4890,-11,21088320.000,13,1,12,多平,S,3695.0000,3688.0000,3685.6000,3681.2000,3678.2000,3699.8000,3700.0000,3702.6000,3705.0000,3706.6000,1,1,1,1,1,11,2,2,1,6
SF,IF2012,2020-05-26 09:30:01.500,3699.8000,4889,-1,22198260.000,1,0,1,双平,S,3695.4000,3695.2000,3695.0000,3685.6000,3681.2000,3705.0000,3706.6000,3706.8000,3707.0000,3707.4000,7,5,1,1,1,1,6,2,1,1
SF,IF2012,2020-05-26 09:30:02.000,3699.8000,4889,0,22198260.000,0,-,-,-,-,3695.6000,3695.4000,3695.2000,3695.0000,3690.0000,3700.2000,3701.4000,3704.6000,3704.8000,3705.0000,7,7,2,1,5,1,2,7,4,2
SF,IF2012,2020-05-26 09:30:02.500,3699.8000,4889,0,22198260.000,0,-,-,-,-,3700.0000,3696.0000,3695.6000,3695.2000,3695.0000,3701.4000,3704.8000,3705.0000,3707.0000,3707.4000,2,7,7,2,1,2,4,2,1,1
SF,IF2012,2020-05-26 09:30:03.000,3700.0000,4887,-2,24418260.000,2,0,2,双平,S,3696.0000,3695.6000,3695.2000,3695.0000,3692.8000,3700.2000,3701.2000,3703.0000,3703.4000,3704.8000,7,6,2,1,1,1,2,1,2,3
SF,IF2012,2020-05-26 09:30:03.500,3700.0000,4887,0,24418260.000,0,-,-,-,-,3696.2000,3696.0000,3695.6000,3695.2000,3692.8000,3700.0000,3701.2000,3703.0000,3703.4000,3704.8000,6,7,2,2,1,1,1,1,2,3
SF,IF2012,2020-05-26 09:30:04.000,3700.0000,4887,0,25528260.000,1,0,1,多换,S,3696.2000,3695.6000,3695.2000,3692.8000,3690.0000,3699.0000,3699.8000,3700.0000,3701.2000,3703.0000,4,2,2,1,5,1,1,1,1,1
SF,IF2012,2020-05-26 09:30:04.500,3700.0000,4887,0,25528260.000,0,-,-,-,-,3696.4000,3696.2000,3695.6000,3695.2000,3692.8000,3698.8000,3701.2000,3703.0000,3703.4000,3704.8000,1,3,2,2,1,1,1,1,2,3
SF,IF2012,2020-05-26 09:30:05.500,3700.0000,4887,0,25528260.000,0,-,-,-,-,3696.6000,3696.4000,3696.2000,3695.6000,3695.2000,3698.8000,3701.2000,3703.0000,3704.8000,3705.0000,1,1,2,2,2,1,1,1,3,2
SF,IF2012,2020-05-26 09:30:06.000,3700.0000,4887,0,25528260.000,0,-,-,-,-,3696.6000,3696.2000,3695.6000,3695.2000,3692.8000,3698.8000,3701.2000,3703.0000,3704.8000,3705.0000,1,1,2,2,1,1,1,1,3,2
SF,IF2012,2020-05-26 09:30:06.500,3700.0000,4887,0,25528260.000,0,-,-,-,-,3696.8000,3696.6000,3696.2000,3695.6000,3695.2000,3701.2000,3703.0000,3704.8000,3705.0000,3707.0000,1,1,1,2,2,1,1,3,2,1
SF,IF2012,2020-05-26 09:30:07.000,3700.0000,4887,0,25528260.000,0,-,-,-,-,3697.0000,3696.6000,3695.6000,3695.2000,3692.8000,3698.6000,3698.8000,3701.0000,3701.2000,3703.0000,1,1,2,2,1,1,1,4,1,1
SF,IF2012,2020-05-26 09:30:07.500,3700.0000,4887,0,25528260.000,0,-,-,-,-,3696.6000,3695.6000,3695.2000,3692.8000,3690.0000,3698.4000,3698.8000,3701.0000,3701.2000,3703.0000,1,2,2,1,5,1,1,3,1,1
SF,IF2012,2020-05-26 09:30:08.000,3700.0000,4887,0,25528260.000,0,-,-,-,-,3695.6000,3695.2000,3692.8000,3690.0000,3685.6000,3698.4000,3698.8000,3701.0000,3701.2000,3703.0000,2,2,1,5,1,1,1,3,1,1
SF,IF2012,2020-05-26 09:30:08.500,3700.0000,4887,0,25528260.000,0,-,-,-,-,3695.8000,3695.2000,3692.8000,3690.0000,3685.6000,3698.4000,3698.8000,3701.0000,3701.2000,3703.0000,1,2,1,5,1,1,1,3,1,3
SF,IF2012,2020-05-26 09:30:09.000,3700.0000,4887,0,25528260.000,0,-,-,-,-,3695.8000,3692.8000,3690.0000,3685.6000,3683.0000,3697.2000,3698.2000,3698.4000,3698.8000,3701.0000,1,1,5,1,1,1,1,1,1,3
SF,IF2012,2020-05-26 09:30:09.500,3700.0000,4887,0,25528260.000,0,-,-,-,-,3692.8000,3690.0000,3685.6000,3683.0000,3681.2000,3698.2000,3698.8000,3701.0000,3701.2000,3703.0000,1,5,1,1,1,1,1,3,1,1
SF,IF2012,2020-05-26 09:30:10.000,3700.0000,4887,0,25528260.000,0,-,-,-,-,3693.0000,3692.8000,3690.0000,3685.6000,3683.0000,3698.0000,3698.2000,3698.8000,3701.0000,3701.2000,12,1,5,1,1,2,1,1,3,1
SF,IF2012,2020-05-26 09:30:10.500,3700.0000,4887,0,25528260.000,0,-,-,-,-,3693.0000,3692.8000,3690.0000,3685.6000,3683.0000,3697.8000,3698.0000,3698.2000,3698.8000,3701.0000,5,1,5,1,1,4,2,1,1,2
SF,IF2012,2020-05-26 09:30:11.000,3700.0000,4887,0,25528260.000,0,-,-,-,-,3693.0000,3692.8000,3690.0000,3685.6000,3683.0000,3697.6000,3697.8000,3698.0000,3698.2000,3698.8000,4,1,5,1,1,2,4,1,1,1
SF,IF2012,2020-05-26 09:30:11.500,3700.0000,4887,0,25528260.000,0,-,-,-,-,3693.2000,3693.0000,3692.8000,3685.6000,3685.0000,3695.4000,3697.2000,3697.4000,3697.6000,3697.8000,1,1,1,1,5,1,2,4,2,2
SF,IF2012,2020-05-26 09:30:12.000,3699.6000,4887,0,26638140.000,1,0,1,多换,S,3693.4000,3693.2000,3692.8000,3685.6000,3685.0000,3697.0000,3697.4000,3697.6000,3697.8000,3698.2000,1,1,1,1,5,1,4,2,2,1
SF,IF2012,2020-05-26 09:30:12.500,3699.6000,4887,0,27748020.000,1,0,1,多换,S,3693.6000,3693.4000,3693.2000,3692.8000,3685.6000,3696.8000,3697.0000,3697.4000,3697.8000,3698.2000,2,1,1,1,1,3,1,3,2,1
SF,IF2012,2020-05-26 09:30:13.000,3699.6000,4887,0,27748020.000,0,-,-,-,-,3693.8000,3693.6000,3693.2000,3692.8000,3685.6000,3696.8000,3697.0000,3697.4000,3697.8000,3698.0000,1,2,1,1,1,3,1,3,2,1
SF,IF2012,2020-05-26 09:30:13.500,3699.6000,4887,0,27748020.000,0,-,-,-,-,3694.0000,3693.8000,3693.6000,3693.2000,3692.8000,3696.6000,3696.8000,3697.4000,3698.0000,3698.8000,4,1,1,1,1,1,2,1,1,1
SF,IF2012,2020-05-26 09:30:14.000,3699.6000,4887,0,27748020.000,0,-,-,-,-,3694.2000,3694.0000,3693.6000,3692.8000,3685.6000,3696.4000,3696.6000,3697.4000,3698.0000,3698.8000,1,4,1,1,1,1,2,1,1,1
SF,IF2012,2020-05-26 09:30:14.500,3699.6000,4887,0,27748020.000,0,-,-,-,-,3694.4000,3694.2000,3694.0000,3693.6000,3692.8000,3696.0000,3696.4000,3697.4000,3698.0000,3698.8000,2,1,3,1,1,1,1,1,1,1
SF,IF2012,2020-05-26 09:30:15.000,3694.6000,4887,0,28856400.000,1,0,1,多换,S,3694.4000,3694.2000,3694.0000,3693.6000,3692.8000,3696.0000,3696.4000,3697.4000,3698.0000,3698.8000,2,1,2,1,1,1,1,1,1,1
SF,IF2012,2020-05-26 09:30:15.500,3694.4000,4887,0,29964720.000,1,0,1,多换,S,3694.0000,3692.8000,3685.6000,3685.0000,3683.0000,3695.8000,3696.0000,3697.4000,3698.0000,3698.8000,1,1,1,5,1,1,1,1,1,1
SF,IF2012,2020-05-26 09:30:16.000,3694.4000,4887,0,29964720.000,0,-,-,-,-,3694.2000,3692.8000,3685.6000,3685.0000,3683.0000,3695.6000,3695.8000,3697.4000,3698.0000,3698.8000,2,1,1,5,1,1,1,1,1,1
SF,IF2012,2020-05-26 09:30:16.500,3695.8000,4887,0,32182140.000,2,1,1,多换,S,3695.8000,3694.4000,3694.2000,3692.8000,3685.6000,3697.4000,3698.0000,3698.8000,3699.2000,3699.6000,4,1,2,1,1,1,1,1,3,1
SF,IF2012,2020-05-26 09:30:17.000,3697.2000,4886,-1,33291300.000,1,0,1,双平,S,3695.8000,3694.4000,3694.2000,3692.8000,3685.6000,3698.0000,3698.8000,3699.0000,3699.2000,3699.6000,4,2,2,1,1,1,1,3,3,1
SF,IF2012,2020-05-26 09:30:17.500,3697.2000,4886,0,33291300.000,0,-,-,-,-,3695.8000,3694.4000,3694.2000,3692.8000,3685.6000,3697.8000,3698.0000,3698.8000,3699.0000,3699.2000,4,2,2,1,1,1,1,1,3,2
SF,IF2012,2020-05-26 09:30:18.500,3697.2000,4886,0,33291300.000,0,-,-,-,-,3695.8000,3694.4000,3694.2000,3694.0000,3692.8000,3697.8000,3698.0000,3698.8000,3699.0000,3699.2000,4,2,2,1,1,1,1,1,3,2
SF,IF2012,2020-05-26 09:30:19.000,3697.2000,4886,0,34400460.000,1,0,1,多换,S,3695.8000,3694.4000,3694.0000,3692.8000,3685.6000,3697.6000,3697.8000,3698.0000,3698.8000,3699.2000,4,2,1,1,1,2,1,1,1,2
SF,IF2012,2020-05-26 09:30:19.500,3697.2000,4886,0,34400460.000,0,-,-,-,-,3695.8000,3694.4000,3694.0000,3692.8000,3685.6000,3697.6000,3697.8000,3698.0000,3698.8000,3699.2000,4,2,1,1,1,1,1,1,1,2
SF,IF2012,2020-05-26 09:30:20.000,3695.8000,4883,-3,38835420.000,4,0,4,多平,S,3694.4000,3694.0000,3692.8000,3685.6000,3685.0000,3697.4000,3697.6000,3698.0000,3699.2000,3699.6000,1,1,1,1,5,3,1,1,2,1
SF,IF2012,2020-05-26 09:30:20.500,3695.8000,4883,0,38835420.000,0,-,-,-,-,3694.4000,3694.0000,3692.8000,3685.6000,3685.0000,3697.2000,3697.4000,3697.6000,3698.0000,3699.2000,1,1,1,1,5,1,3,1,1,2
SF,IF2012,2020-05-26 09:30:21.000,3695.8000,4883,0,38835420.000,0,-,-,-,-,3694.4000,3694.0000,3692.8000,3685.6000,3685.0000,3697.0000,3697.2000,3697.4000,3697.6000,3698.0000,1,1,1,1,5,3,1,2,1,1
SF,IF2012,2020-05-26 09:30:21.500,3695.8000,4883,0,38835420.000,0,-,-,-,-,3694.4000,3694.0000,3692.8000,3685.6000,3685.0000,3697.0000,3697.2000,3697.4000,3698.0000,3699.2000,1,1,1,1,5,4,1,2,1,2
SF,IF2012,2020-05-26 09:30:22.000,3695.8000,4883,0,38835420.000,0,-,-,-,-,3694.4000,3694.0000,3692.8000,3685.6000,3685.0000,3697.0000,3697.2000,3697.4000,3698.0000,3699.2000,1,1,1,1,5,3,1,2,1,2
SF,IF2012,2020-05-26 09:30:23.000,3695.8000,4883,0,38835420.000,0,-,-,-,-,3694.4000,3694.0000,3692.8000,3685.6000,3685.0000,3696.8000,3697.0000,3697.2000,3698.0000,3699.2000,1,1,1,1,5,1,1,1,1,2
SF,IF2012,2020-05-26 09:30:23.500,3695.8000,4883,0,38835420.000,0,-,-,-,-,3694.4000,3694.0000,3692.8000,3685.6000,3685.0000,3696.6000,3696.8000,3697.2000,3698.0000,3699.2000,1,1,1,1,5,1,1,1,1,2
SF,IF2012,2020-05-26 09:30:24.500,3695.8000,4883,0,38835420.000,0,-,-,-,-,3694.4000,3694.0000,3692.8000,3685.6000,3685.0000,3696.6000,3696.8000,3697.2000,3698.0000,3699.2000,1,1,1,1,5,1,1,1,1,3
SF,IF2012,2020-05-26 09:30:25.000,3695.8000,4883,0,38835420.000,0,-,-,-,-,3694.0000,3692.8000,3685.6000,3685.0000,3681.2000,3696.6000,3696.8000,3697.2000,3698.0000,3699.2000,1,1,1,5,1,1,1,1,1,2
SF,IF2012,2020-05-26 09:30:25.500,3695.8000,4883,0,38835420.000,0,-,-,-,-,3694.4000,3694.0000,3692.8000,3685.6000,3685.0000,3696.4000,3696.6000,3697.2000,3698.0000,3699.2000,1,1,1,1,5,3,1,1,1,2
SF,IF2012,2020-05-26 09:30:26.000,3695.8000,4883,0,38835420.000,0,-,-,-,-,3694.4000,3694.0000,3692.8000,3685.6000,3685.0000,3696.2000,3696.4000,3697.2000,3698.0000,3699.2000,1,1,1,1,5,1,1,1,1,2
SF,IF2012,2020-05-26 09:30:27.000,3695.8000,4883,0,38835420.000,0,-,-,-,-,3694.4000,3694.0000,3692.8000,3685.6000,3685.0000,3696.0000,3696.2000,3696.4000,3697.2000,3698.0000,1,1,1,1,5,2,1,1,1,1
SF,IF2012,2020-05-26 09:30:27.500,3695.8000,4883,0,38835420.000,0,-,-,-,-,3694.4000,3694.0000,3692.8000,3685.6000,3685.0000,3695.8000,3696.0000,3696.4000,3697.2000,3698.0000,1,1,1,1,5,1,2,1,1,1
SF,IF2012,2020-05-26 09:30:28.000,3695.8000,4883,0,38835420.000,0,-,-,-,-,3694.4000,3694.0000,3692.8000,3685.6000,3685.0000,3695.6000,3695.8000,3696.0000,3696.4000,3697.2000,1,1,1,1,5,1,1,2,1,1
SF,IF2012,2020-05-26 09:30:28.500,3695.8000,4883,0,38835420.000,0,-,-,-,-,3694.4000,3694.0000,3692.8000,3685.6000,3685.0000,3695.6000,3695.8000,3696.0000,3697.2000,3698.0000,1,1,1,1,5,2,1,2,1,1
SF,IF2012,2020-05-26 09:30:29.000,3695.8000,4883,0,38835420.000,0,-,-,-,-,3694.4000,3694.0000,3692.8000,3685.6000,3685.0000,3695.4000,3695.6000,3696.0000,3697.2000,3698.0000,1,1,1,1,5,1,2,2,1,1
SF,IF2012,2020-05-26 09:30:29.500,3694.4000,4883,0,39943740.000,1,0,1,多换,S,3694.0000,3692.8000,3685.6000,3685.0000,3681.2000,3695.4000,3695.6000,3696.0000,3697.2000,3698.0000,1,1,1,5,1,2,1,2,1,1
SF,IF2012,2020-05-26 09:30:30.000,3694.4000,4883,0,39943740.000,0,-,-,-,-,3694.0000,3692.8000,3685.6000,3685.0000,3681.2000,3695.4000,3696.0000,3697.2000,3698.0000,3699.2000,1,1,1,5,1,2,2,1,1,2
SF,IF2012,2020-05-26 09:30:31.500,3694.4000,4883,0,39943740.000,0,-,-,-,-,3694.0000,3692.8000,3685.6000,3685.0000,3681.2000,3695.4000,3696.0000,3697.2000,3698.0000,3699.2000,1,1,1,5,1,1,2,1,1,2
SF,IF2012,2020-05-26 09:30:32.000,3694.0000,4883,0,41051940.000,1,0,1,多换,S,3692.8000,3685.6000,3685.0000,3681.2000,3680.0000,3695.4000,3696.0000,3697.2000,3698.0000,3699.2000,1,1,5,1,1,1,2,1,1,2
SF,IF2012,2020-05-26 09:30:32.500,3694.0000,4883,0,41051940.000,0,-,-,-,-,3693.0000,3692.8000,3685.6000,3685.0000,3681.2000,3695.4000,3696.0000,3697.2000,3698.0000,3699.2000,1,1,1,5,1,1,2,1,1,2
SF,IF2012,2020-05-26 09:30:33.000,3694.0000,4883,0,41051940.000,0,-,-,-,-,3693.0000,3692.8000,3685.6000,3685.0000,3681.2000,3695.2000,3695.4000,3696.0000,3697.2000,3698.0000,1,1,1,5,1,1,1,2,1,1
SF,IF2012,2020-05-26 09:30:36.000,3694.0000,4883,0,41051940.000,0,-,-,-,-,3693.0000,3692.8000,3685.6000,3685.0000,3681.2000,3695.2000,3695.4000,3697.2000,3698.0000,3699.2000,1,1,1,5,1,1,1,1,1,2
SF,IF2012,2020-05-26 09:30:37.500,3694.0000,4883,0,41051940.000,0,-,-,-,-,3693.0000,3692.8000,3685.6000,3685.0000,3681.2000,3695.4000,3697.2000,3698.0000,3699.2000,3699.6000,1,1,1,5,1,1,1,1,2,1
SF,IF2012,2020-05-26 09:30:38.000,3694.0000,4883,0,41051940.000,0,-,-,-,-,3693.2000,3693.0000,3692.8000,3685.6000,3685.0000,3695.4000,3697.2000,3698.0000,3699.2000,3699.6000,1,1,1,1,5,1,1,1,2,1
SF,IF2012,2020-05-26 09:30:38.500,3695.4000,4882,-1,42160560.000,1,0,1,双平,S,3693.4000,3692.8000,3685.6000,3685.0000,3681.2000,3697.2000,3698.0000,3699.2000,3699.6000,3700.0000,1,1,1,5,1,1,1,2,1,5
SF,IF2012,2020-05-26 09:30:39.000,3697.0000,4881,-1,43269660.000,1,0,1,双平,S,3695.4000,3693.4000,3692.8000,3685.6000,3685.0000,3697.0000,3697.2000,3698.0000,3699.2000,3699.6000,1,1,1,1,5,2,2,1,2,1
SF,IF2012,2020-05-26 09:30:39.500,3697.0000,4881,0,43269660.000,0,-,-,-,-,3695.4000,3693.4000,3692.8000,3685.6000,3685.0000,3697.0000,3697.2000,3698.0000,3699.2000,3699.6000,1,1,1,1,5,2,1,1,2,1
SF,IF2012,2020-05-26 09:30:40.000,3697.0000,4881,0,43269660.000,0,-,-,-,-,3695.4000,3693.4000,3692.8000,3692.0000,3685.6000,3697.0000,3698.0000,3699.2000,3699.6000,3701.0000,1,1,1,1,1,2,1,2,1,2
SF,IF2012,2020-05-26 09:30:41.500,3697.0000,4881,0,43269660.000,0,-,-,-,-,3695.4000,3693.4000,3692.8000,3692.0000,3685.6000,3697.0000,3698.0000,3699.2000,3699.6000,3701.0000,1,1,1,1,1,1,1,2,1,2
SF,IF2012,2020-05-26 09:30:42.000,3697.0000,4880,-1,44378760.000,1,0,1,双平,S,3695.4000,3693.4000,3692.8000,3692.0000,3685.6000,3696.8000,3698.0000,3699.2000,3699.6000,3701.0000,1,1,1,1,1,1,1,2,1,2
SF,IF2012,2020-05-26 09:30:42.500,3697.0000,4880,0,44378760.000,0,-,-,-,-,3695.4000,3693.4000,3692.8000,3692.0000,3685.6000,3698.0000,3699.2000,3699.6000,3701.0000,3701.2000,1,1,1,1,1,1,2,1,2,1
SF,IF2012,2020-05-26 09:30:43.000,3697.0000,4880,0,44378760.000,0,-,-,-,-,3695.4000,3693.4000,3692.8000,3692.0000,3685.6000,3697.2000,3697.8000,3698.0000,3699.2000,3699.6000,1,1,1,1,1,1,2,1,2,1
SF,IF2012,2020-05-26 09:30:43.500,3697.0000,4880,0,44378760.000,0,-,-,-,-,3695.4000,3693.4000,3692.8000,3692.0000,3685.6000,3697.0000,3697.2000,3697.4000,3697.8000,3698.0000,1,1,1,1,1,1,1,2,2,1
SF,IF2012,2020-05-26 09:30:44.000,3697.0000,4880,0,44378760.000,0,-,-,-,-,3695.4000,3693.4000,3692.8000,3692.0000,3685.6000,3696.8000,3697.0000,3697.2000,3697.4000,3697.8000,1,1,1,1,1,1,1,1,1,1
SF,IF2012,2020-05-26 09:30:44.500,3697.0000,4880,0,44378760.000,0,-,-,-,-,3695.4000,3693.4000,3692.8000,3692.0000,3685.6000,3696.8000,3697.0000,3697.2000,3697.4000,3697.8000,1,1,1,1,1,2,1,1,1,1
SF,IF2012,2020-05-26 09:30:45.500,3695.4000,4880,0,45487380.000,1,0,1,多换,S,3693.4000,3692.8000,3692.0000,3685.6000,3685.0000,3696.6000,3696.8000,3697.0000,3697.2000,3697.4000,1,1,1,1,5,1,2,1,1,1
SF,IF2012,2020-05-26 09:30:46.000,3695.4000,4880,0,45487380.000,0,-,-,-,-,3693.6000,3693.4000,3692.8000,3692.0000,3685.6000,3696.6000,3696.8000,3697.0000,3697.4000,3697.8000,1,1,1,1,1,1,2,1,1,1
SF,IF2012,2020-05-26 09:30:46.500,3695.4000,4880,0,45487380.000,0,-,-,-,-,3693.8000,3693.6000,3692.8000,3692.0000,3685.6000,3696.2000,3696.6000,3696.8000,3697.0000,3697.4000,1,1,1,1,1,1,1,1,1,1
SF,IF2012,2020-05-26 09:30:47.000,3695.4000,4880,0,45487380.000,0,-,-,-,-,3693.8000,3693.6000,3692.8000,3692.0000,3685.6000,3696.6000,3696.8000,3697.0000,3697.4000,3697.8000,1,1,1,1,1,1,1,1,1,1
SF,IF2012,2020-05-26 09:30:47.500,3695.4000,4880,0,45487380.000,0,-,-,-,-,3694.0000,3693.8000,3692.8000,3692.0000,3685.6000,3696.6000,3696.8000,3697.0000,3697.4000,3697.8000,1,1,1,1,1,1,1,1,1,1
SF,IF2012,2020-05-26 09:30:48.000,3695.4000,4880,0,45487380.000,0,-,-,-,-,3694.2000,3694.0000,3692.8000,3692.0000,3685.6000,3696.6000,3696.8000,3697.0000,3697.4000,3697.8000,1,1,1,1,1,1,1,1,1,1
SF,IF2012,2020-05-26 09:30:48.500,3695.4000,4880,0,45487380.000,0,-,-,-,-,3694.2000,3694.0000,3692.8000,3692.0000,3685.6000,3696.6000,3696.8000,3697.4000,3697.8000,3698.0000,1,1,1,1,1,1,1,1,1,1
SF,IF2012,2020-05-26 09:30:50.500,3695.4000,4880,0,45487380.000,0,-,-,-,-,3694.2000,3694.0000,3692.8000,3692.0000,3685.6000,3696.4000,3696.6000,3696.8000,3697.4000,3697.8000,1,1,1,1,1,1,1,1,1,1
SF,IF2012,2020-05-26 09:30:52.500,3695.4000,4880,0,45487380.000,0,-,-,-,-,3694.2000,3694.0000,3692.8000,3692.0000,3685.6000,3696.2000,3696.4000,3696.6000,3697.4000,3697.8000,1,1,1,1,1,2,1,1,1,1
SF,IF2012,2020-05-26 09:30:53.000,3695.4000,4880,0,45487380.000,0,-,-,-,-,3694.2000,3692.8000,3692.0000,3685.6000,3685.0000,3696.2000,3696.4000,3696.6000,3697.4000,3697.8000,1,1,1,1,5,2,1,1,1,1
SF,IF2012,2020-05-26 09:30:53.500,3695.4000,4880,0,45487380.000,0,-,-,-,-,3694.2000,3692.8000,3692.0000,3685.6000,3685.0000,3696.0000,3696.2000,3696.4000,3696.6000,3697.4000,1,1,1,1,5,1,1,1,1,1
SF,IF2012,2020-05-26 09:30:54.000,3695.4000,4880,0,45487380.000,0,-,-,-,-,3694.2000,3692.8000,3692.0000,3685.6000,3685.0000,3696.0000,3696.4000,3696.6000,3697.4000,3697.8000,1,1,1,1,5,1,1,1,1,1
SF,IF2012,2020-05-26 09:30:55.000,3695.4000,4880,0,45487380.000,0,-,-,-,-,3694.2000,3692.8000,3692.0000,3685.6000,3685.0000,3695.8000,3696.0000,3696.4000,3696.6000,3697.4000,1,1,1,1,5,1,1,1,1,1
SF,IF2012,2020-05-26 09:30:56.500,3695.4000,4880,0,45487380.000,0,-,-,-,-,3694.2000,3692.8000,3692.0000,3685.6000,3685.0000,3695.6000,3695.8000,3696.0000,3696.4000,3697.4000,1,1,1,1,5,2,1,1,1,1
SF,IF2012,2020-05-26 09:30:57.000,3695.4000,4880,0,45487380.000,0,-,-,-,-,3692.8000,3692.0000,3685.6000,3685.0000,3681.2000,3695.4000,3695.6000,3695.8000,3696.4000,3697.4000,1,1,1,5,1,1,2,1,1,1
SF,IF2012,2020-05-26 09:30:57.500,3695.4000,4880,0,45487380.000,0,-,-,-,-,3693.0000,3692.8000,3692.0000,3685.6000,3685.0000,3695.4000,3695.6000,3695.8000,3696.4000,3697.4000,1,1,1,1,5,1,2,1,1,1
SF,IF2012,2020-05-26 09:30:58.000,3695.4000,4880,0,45487380.000,0,-,-,-,-,3693.0000,3692.8000,3692.0000,3685.6000,3685.0000,3694.2000,3695.0000,3695.2000,3695.4000,3695.8000,1,1,1,1,5,1,1,1,1,1
SF,IF2012,2020-05-26 09:31:01.500,3694.2000,4879,-1,46595640.000,1,0,1,双平,S,3693.0000,3692.8000,3692.0000,3685.6000,3685.0000,3695.0000,3695.2000,3695.4000,3695.8000,3696.4000,1,1,1,1,5,1,1,1,1,1
SF,IF2012,2020-05-26 09:31:02.000,3694.2000,4879,0,46595640.000,0,-,-,-,-,3693.2000,3693.0000,3692.8000,3692.0000,3685.6000,3695.0000,3695.2000,3695.4000,3695.8000,3696.4000,1,1,1,1,1,1,1,1,1,1
SF,IF2012,2020-05-26 09:31:02.500,3695.0000,4878,-1,47704140.000,1,0,1,双平,S,3693.4000,3693.2000,3692.8000,3692.0000,3685.6000,3696.4000,3697.4000,3697.8000,3698.0000,3698.4000,1,1,1,1,1,1,2,1,1,3
SF,IF2012,2020-05-26 09:31:03.000,3695.0000,4878,0,47704140.000,0,-,-,-,-,3693.6000,3693.4000,3693.2000,3692.8000,3692.0000,3696.4000,3697.4000,3697.8000,3698.0000,3698.4000,1,1,1,1,1,1,1,1,1,3
SF,IF2012,2020-05-26 09:31:03.500,3695.0000,4878,0,47704140.000,0,-,-,-,-,3693.8000,3693.6000,3693.2000,3692.8000,3692.0000,3696.2000,3696.4000,3697.4000,3697.8000,3698.0000,1,1,1,1,1,1,1,1,1,1
SF,IF2012,2020-05-26 09:31:04.000,3695.0000,4878,0,47704140.000,0,-,-,-,-,3693.8000,3693.6000,3693.2000,3692.8000,3692.0000,3696.4000,3697.4000,3697.8000,3698.0000,3698.4000,1,1,1,1,1,1,1,1,1,3
SF,IF2012,2020-05-26 09:31:04.500,3695.0000,4878,0,47704140.000,0,-,-,-,-,3693.8000,3693.6000,3693.2000,3692.8000,3692.0000,3697.4000,3697.8000,3698.0000,3698.4000,3699.2000,1,1,1,1,1,1,1,1,3,1
SF,IF2012,2020-05-26 09:31:05.000,3695.0000,4878,0,47704140.000,0,-,-,-,-,3694.0000,3693.8000,3693.2000,3692.8000,3692.0000,3697.2000,3697.4000,3697.8000,3698.0000,3698.4000,1,1,1,1,1,3,1,1,1,3
SF,IF2012,2020-05-26 09:31:05.500,3695.0000,4878,0,47704140.000,0,-,-,-,-,3694.2000,3694.0000,3693.2000,3692.8000,3692.0000,3697.0000,3697.2000,3697.4000,3697.8000,3698.0000,1,1,1,1,1,1,3,1,1,1
SF,IF2012,2020-05-26 09:31:06.000,3695.0000,4878,0,47704140.000,0,-,-,-,-,3694.4000,3694.2000,3692.8000,3692.0000,3685.6000,3696.8000,3697.0000,3697.2000,3697.4000,3697.8000,1,1,1,1,1,2,1,2,1,1
SF,IF2012,2020-05-26 09:31:06.500,3695.0000,4878,0,47704140.000,0,-,-,-,-,3694.6000,3694.4000,3692.8000,3692.0000,3685.6000,3696.6000,3696.8000,3697.0000,3697.2000,3697.4000,1,1,1,1,1,1,2,1,2,1
SF,IF2012,2020-05-26 09:31:07.000,3695.0000,4878,0,47704140.000,0,-,-,-,-,3694.6000,3692.8000,3692.0000,3685.6000,3685.0000,3696.4000,3696.6000,3696.8000,3697.0000,3697.2000,1,1,1,1,5,2,1,1,1,2
SF,IF2012,2020-05-26 09:31:07.500,3695.0000,4878,0,47704140.000,0,-,-,-,-,3694.6000,3692.8000,3692.0000,3685.6000,3685.0000,3696.4000,3696.8000,3697.0000,3697.2000,3697.4000,1,1,1,1,5,2,1,1,2,1
SF,IF2012,2020-05-26 09:31:09.000,3695.0000,4878,0,47704140.000,0,-,-,-,-,3694.8000,3694.6000,3692.8000,3692.0000,3685.6000,3696.4000,3696.8000,3697.0000,3697.2000,3697.4000,1,1,1,1,1,1,1,1,1,1
SF,IF2012,2020-05-26 09:31:10.500,3695.0000,4878,0,47704140.000,0,-,-,-,-,3694.8000,3694.6000,3692.8000,3692.0000,3685.6000,3696.2000,3696.4000,3696.8000,3697.0000,3697.2000,1,1,1,1,1,1,1,1,1,1
SF,IF2012,2020-05-26 09:31:11.000,3696.4000,4877,-1,49921920.000,2,0,2,多平,S,3695.0000,3694.8000,3692.8000,3692.0000,3685.6000,3697.0000,3697.2000,3697.4000,3697.8000,3698.0000,1,1,1,1,1,1,1,1,1,1
SF,IF2012,2020-05-26 09:31:11.500,3696.4000,4877,0,49921920.000,0,-,-,-,-,3695.0000,3694.8000,3692.8000,3692.0000,3685.6000,3697.4000,3697.8000,3698.0000,3698.4000,3698.8000,1,1,1,1,1,1,1,1,3,1
SF,IF2012,2020-05-26 09:31:12.000,3696.4000,4877,0,49921920.000,0,-,-,-,-,3695.0000,3694.8000,3692.8000,3692.0000,3685.6000,3697.4000,3697.8000,3698.0000,3698.4000,3698.8000,1,1,1,1,1,1,1,1,3,1
SF,IF2012,2020-05-26 09:31:14.500,3696.4000,4877,0,49921920.000,0,-,-,-,-,3695.0000,3694.8000,3692.8000,3692.0000,3685.6000,3697.4000,3698.0000,3698.4000,3698.8000,3699.6000,1,1,1,1,1,1,1,3,1,1
SF,IF2012,2020-05-26 09:31:18.000,3696.4000,4877,0,49921920.000,0,-,-,-,-,3695.0000,3694.8000,3692.8000,3692.0000,3685.6000,3697.0000,3697.4000,3698.0000,3698.4000,3698.8000,1,1,1,1,1,1,1,1,3,1
SF,IF2012,2020-05-26 09:31:21.500,3696.4000,4877,0,49921920.000,0,-,-,-,-,3695.2000,3695.0000,3694.8000,3692.8000,3692.0000,3697.0000,3697.4000,3698.0000,3698.4000,3698.8000,3,1,1,1,1,1,1,1,3,1
SF,IF2012,2020-05-26 09:31:22.000,3696.4000,4877,0,49921920.000,0,-,-,-,-,3695.4000,3695.2000,3692.8000,3692.0000,3685.6000,3697.0000,3697.4000,3698.0000,3698.4000,3698.8000,1,1,1,1,1,1,1,1,3,1
SF,IF2012,2020-05-26 09:31:23.500,3697.0000,4876,-1,51031020.000,1,0,1,双平,S,3695.6000,3695.4000,3695.2000,3692.8000,3692.0000,3697.4000,3698.0000,3698.4000,3698.8000,3699.6000,1,1,1,1,1,1,1,3,1,1
SF,IF2012,2020-05-26 09:31:24.000,3697.4000,4875,-1,52140240.000,1,0,1,双平,S,3695.8000,3695.6000,3692.8000,3692.0000,3685.6000,3698.0000,3698.4000,3699.6000,3699.8000,3701.0000,2,1,1,1,1,1,3,1,1,2
SF,IF2012,2020-05-26 09:31:25.000,3697.4000,4875,0,52140240.000,0,-,-,-,-,3697.2000,3695.8000,3695.6000,3692.8000,3692.0000,3698.0000,3698.4000,3699.6000,3699.8000,3701.0000,1,2,1,1,1,1,3,1,1,2
SF,IF2012,2020-05-26 09:31:25.500,3698.0000,4874,-1,53249640.000,1,0,1,双平,S,3697.2000,3695.8000,3695.6000,3692.8000,3692.0000,3698.4000,3699.8000,3701.0000,3701.2000,3704.0000,1,2,1,1,1,3,1,2,1,3
SF,IF2012,2020-05-26 09:31:26.000,3698.0000,4874,0,53249640.000,0,-,-,-,-,3697.4000,3697.2000,3695.8000,3695.6000,3692.8000,3698.4000,3699.8000,3701.0000,3701.2000,3704.0000,1,1,1,1,1,3,1,2,1,3
SF,IF2012,2020-05-26 09:31:26.500,3698.0000,4874,0,53249640.000,0,-,-,-,-,3697.4000,3697.2000,3695.8000,3695.6000,3692.8000,3698.4000,3701.0000,3701.2000,3704.0000,3704.8000,1,1,1,1,1,3,2,1,3,1
SF,IF2012,2020-05-26 09:31:27.000,3697.4000,4873,-1,54358860.000,1,0,1,双平,S,3697.2000,3697.0000,3695.8000,3695.6000,3692.8000,3698.4000,3701.0000,3701.2000,3704.0000,3704.8000,1,1,1,1,1,3,2,1,3,1
SF,IF2012,2020-05-26 09:31:29.000,3698.4000,4870,-3,57687420.000,3,0,3,双平,S,3697.2000,3697.0000,3695.8000,3695.6000,3692.8000,3701.0000,3701.2000,3704.0000,3704.8000,3705.0000,1,1,1,1,1,2,1,3,1,5
SF,IF2012,2020-05-26 09:31:29.500,3698.4000,4870,0,57687420.000,0,-,-,-,-,3697.4000,3697.2000,3697.0000,3695.8000,3695.6000,3700.8000,3701.0000,3701.2000,3704.0000,3704.8000,1,1,1,1,1,2,2,1,3,1
SF,IF2012,2020-05-26 09:31:30.000,3698.4000,4870,0,57687420.000,0,-,-,-,-,3697.4000,3697.2000,3697.0000,3695.8000,3692.8000,3700.6000,3700.8000,3701.0000,3701.2000,3704.0000,1,1,1,1,1,1,2,2,1,3
SF,IF2012,2020-05-26 09:31:30.500,3698.4000,4870,0,57687420.000,0,-,-,-,-,3697.4000,3697.2000,3697.0000,3695.8000,3692.8000,3700.4000,3700.6000,3700.8000,3701.0000,3701.2000,1,1,1,1,1,3,1,1,2,1
SF,IF2012,2020-05-26 09:31:31.000,3698.4000,4870,0,57687420.000,0,-,-,-,-,3697.2000,3697.0000,3695.8000,3692.8000,3692.0000,3700.2000,3700.4000,3700.8000,3701.0000,3701.2000,1,1,1,1,1,1,3,1,2,1
SF,IF2012,2020-05-26 09:31:31.500,3698.4000,4870,0,57687420.000,0,-,-,-,-,3697.4000,3697.2000,3697.0000,3695.8000,3692.8000,3700.0000,3700.2000,3700.4000,3700.8000,3701.0000,1,1,1,1,1,2,1,2,1,2
SF,IF2012,2020-05-26 09:31:32.000,3698.4000,4870,0,57687420.000,0,-,-,-,-,3697.4000,3697.0000,3695.8000,3692.8000,3692.0000,3699.8000,3700.0000,3700.4000,3700.8000,3701.0000,1,1,1,1,1,1,2,2,1,2
SF,IF2012,2020-05-26 09:31:32.500,3698.4000,4870,0,57687420.000,0,-,-,-,-,3697.4000,3697.0000,3695.8000,3692.8000,3692.0000,3699.6000,3699.8000,3700.0000,3700.4000,3700.8000,1,1,1,1,1,1,1,2,2,1
SF,IF2012,2020-05-26 09:31:33.000,3698.4000,4870,0,57687420.000,0,-,-,-,-,3697.4000,3697.2000,3697.0000,3695.8000,3692.8000,3699.6000,3699.8000,3700.0000,3700.4000,3700.8000,1,1,1,1,1,1,1,2,2,1
SF,IF2012,2020-05-26 09:31:34.000,3698.4000,4870,0,57687420.000,0,-,-,-,-,3697.4000,3697.0000,3695.8000,3692.8000,3692.0000,3699.4000,3699.6000,3700.0000,3700.4000,3700.8000,1,1,1,1,1,1,1,2,2,1
SF,IF2012,2020-05-26 09:31:34.500,3698.4000,4870,0,57687420.000,0,-,-,-,-,3697.4000,3697.0000,3695.8000,3692.8000,3692.0000,3699.2000,3699.4000,3699.6000,3700.0000,3700.4000,1,1,1,1,1,1,1,1,2,2
SF,IF2012,2020-05-26 09:31:36.000,3698.4000,4870,0,57687420.000,0,-,-,-,-,3697.4000,3697.0000,3695.8000,3692.8000,3692.0000,3699.0000,3699.2000,3699.6000,3700.0000,3700.4000,1,1,1,1,1,1,1,1,2,2
SF,IF2012,2020-05-26 09:31:36.500,3698.4000,4870,0,57687420.000,0,-,-,-,-,3697.4000,3697.0000,3695.8000,3692.8000,3692.0000,3698.8000,3699.0000,3699.2000,3699.6000,3700.0000,1,1,1,1,1,1,1,1,1,2
SF,IF2012,2020-05-26 09:31:37.000,3697.4000,4869,-1,58796640.000,1,0,1,双平,S,3697.0000,3695.8000,3692.8000,3692.0000,3685.6000,3698.8000,3699.0000,3699.2000,3699.6000,3700.0000,1,1,1,1,1,1,1,1,1,2
SF,IF2012,2020-05-26 09:31:37.500,3697.4000,4869,0,58796640.000,0,-,-,-,-,3697.0000,3695.8000,3692.8000,3692.0000,3685.6000,3698.6000,3698.8000,3699.2000,3699.6000,3700.0000,1,1,1,1,1,1,1,1,1,2
SF,IF2012,2020-05-26 09:31:38.000,3697.4000,4869,0,58796640.000,0,-,-,-,-,3697.0000,3695.8000,3692.8000,3692.0000,3685.6000,3698.4000,3698.6000,3698.8000,3699.2000,3699.6000,1,1,1,1,1,1,1,1,1,1
SF,IF2012,2020-05-26 09:31:38.500,3697.4000,4869,0,58796640.000,0,-,-,-,-,3697.0000,3695.8000,3692.8000,3692.0000,3685.6000,3698.4000,3698.6000,3698.8000,3699.2000,3699.6000,1,1,1,1,1,1,1,1,1,1
SF,IF2012,2020-05-26 09:31:39.000,3697.0000,4868,-1,59905740.000,1,0,1,双平,S,3695.8000,3692.8000,3692.0000,3685.6000,3685.0000,3698.4000,3698.6000,3698.8000,3699.2000,3699.6000,1,1,1,1,5,1,1,1,1,1
SF,IF2012,2020-05-26 09:31:39.500,3697.0000,4868,0,59905740.000,0,-,-,-,-,3692.8000,3692.0000,3685.6000,3685.0000,3681.2000,3698.4000,3698.8000,3699.2000,3699.6000,3699.8000,1,1,1,5,1,1,1,1,1,1
SF,IF2012,2020-05-26 09:31:40.000,3697.0000,4868,0,59905740.000,0,-,-,-,-,3693.0000,3692.8000,3692.0000,3685.6000,3685.0000,3698.2000,3698.4000,3698.8000,3699.2000,3699.6000,10,1,1,1,5,1,1,1,1,1
SF,IF2012,2020-05-26 09:31:40.500,3697.0000,4868,0,59905740.000,0,-,-,-,-,3693.0000,3692.8000,3692.0000,3685.6000,3685.0000,3698.0000,3698.2000,3698.4000,3698.8000,3699.2000,10,1,1,1,5,1,1,1,1,1
SF,IF2012,2020-05-26 09:31:41.000,3697.0000,4868,0,59905740.000,0,-,-,-,-,3694.0000,3693.0000,3692.8000,3692.0000,3685.6000,3697.8000,3698.0000,3698.4000,3698.8000,3699.2000,1,10,1,1,1,1,1,1,1,1
SF,IF2012,2020-05-26 09:31:41.500,3697.0000,4868,0,59905740.000,0,-,-,-,-,3694.2000,3694.0000,3693.0000,3692.8000,3692.0000,3697.6000,3697.8000,3698.0000,3698.4000,3698.8000,3,1,9,1,1,1,1,1,1,1
SF,IF2012,2020-05-26 09:31:42.000,3697.0000,4868,0,59905740.000,0,-,-,-,-,3694.2000,3694.0000,3693.0000,3692.8000,3692.0000,3697.4000,3697.6000,3698.0000,3698.4000,3698.8000,3,1,9,1,1,1,1,1,1,1
SF,IF2012,2020-05-26 09:31:42.500,3697.0000,4868,0,59905740.000,0,-,-,-,-,3694.6000,3694.2000,3693.0000,3692.8000,3692.0000,3697.4000,3697.6000,3698.0000,3698.4000,3698.8000,1,3,9,1,1,1,1,1,1,1
SF,IF2012,2020-05-26 09:31:43.000,3694.8000,4869,1,61014180.000,1,1,0,双开,S,3694.6000,3694.2000,3693.0000,3692.8000,3692.0000,3697.4000,3697.6000,3698.0000,3698.4000,3698.8000,1,2,9,1,1,1,1,1,1,1
SF,IF2012,2020-05-26 09:31:44.000,3694.8000,4869,0,61014180.000,0,-,-,-,-,3694.6000,3693.0000,3692.8000,3692.0000,3685.6000,3697.2000,3697.4000,3697.6000,3698.0000,3698.4000,1,2,1,1,1,1,1,1,1,1
SF,IF2012,2020-05-26 09:31:44.500,3694.8000,4869,0,61014180.000,0,-,-,-,-,3693.0000,3692.8000,3692.0000,3685.6000,3685.0000,3697.0000,3697.2000,3697.4000,3697.6000,3698.0000,2,1,1,1,5,1,1,1,1,1
SF,IF2012,2020-05-26 09:31:45.000,3694.8000,4869,0,61014180.000,0,-,-,-,-,3693.2000,3693.0000,3692.8000,3692.0000,3685.6000,3696.8000,3697.0000,3697.2000,3697.6000,3698.0000,3,2,1,1,1,1,2,1,1,1
SF,IF2012,2020-05-26 09:31:45.500,3694.8000,4869,0,61014180.000,0,-,-,-,-,3693.2000,3693.0000,3692.8000,3692.0000,3685.6000,3696.6000,3696.8000,3697.0000,3697.2000,3697.6000,3,1,1,1,1,2,1,1,1,1
SF,IF2012,2020-05-26 09:31:46.000,3694.8000,4869,0,61014180.000,0,-,-,-,-,3693.2000,3693.0000,3692.8000,3692.0000,3685.6000,3696.4000,3696.6000,3697.0000,3697.2000,3697.6000,1,1,1,1,1,1,2,1,1,1
SF,IF2012,2020-05-26 09:31:46.500,3694.8000,4869,0,61014180.000,0,-,-,-,-,3693.2000,3692.8000,3692.0000,3685.6000,3685.0000,3696.2000,3696.4000,3696.6000,3697.0000,3697.2000,1,1,1,1,5,2,1,1,1,1
SF,IF2012,2020-05-26 09:31:47.000,3694.8000,4869,0,61014180.000,0,-,-,-,-,3692.8000,3692.0000,3685.6000,3685.0000,3681.2000,3696.0000,3696.2000,3697.0000,3697.2000,3698.0000,1,1,1,5,1,2,1,1,1,1
SF,IF2012,2020-05-26 09:31:47.500,3694.8000,4869,0,61014180.000,0,-,-,-,-,3693.0000,3692.8000,3692.0000,3685.6000,3685.0000,3696.0000,3696.2000,3697.0000,3697.2000,3698.0000,1,1,1,1,5,2,1,1,1,1
SF,IF2012,2020-05-26 09:31:48.000,3694.8000,4869,0,61014180.000,0,-,-,-,-,3692.8000,3692.0000,3685.6000,3685.0000,3681.2000,3696.0000,3697.0000,3697.2000,3698.0000,3698.4000,1,1,1,5,1,2,1,1,1,1
SF,IF2012,2020-05-26 09:31:48.500,3694.8000,4869,0,61014180.000,0,-,-,-,-,3693.0000,3692.8000,3692.0000,3685.6000,3685.0000,3696.0000,3697.0000,3697.2000,3698.0000,3698.4000,1,1,1,1,5,2,1,1,1,1
SF,IF2012,2020-05-26 09:31:49.000,3694.8000,4869,0,61014180.000,0,-,-,-,-,3692.8000,3692.0000,3685.6000,3685.0000,3681.2000,3695.8000,3696.0000,3697.0000,3697.2000,3698.0000,1,1,1,5,1,1,2,1,1,1
SF,IF2012,2020-05-26 09:31:49.500,3694.8000,4869,0,61014180.000,0,-,-,-,-,3692.8000,3692.0000,3685.6000,3685.0000,3681.2000,3695.6000,3695.8000,3696.0000,3697.0000,3697.2000,1,1,1,5,1,1,1,1,1,1
SF,IF2012,2020-05-26 09:31:50.500,3694.8000,4869,0,61014180.000,0,-,-,-,-,3692.8000,3692.0000,3685.6000,3685.0000,3681.2000,3695.6000,3696.0000,3697.0000,3697.2000,3698.0000,1,1,1,5,1,1,1,1,1,1
SF,IF2012,2020-05-26 09:31:52.000,3694.8000,4869,0,61014180.000,0,-,-,-,-,3692.8000,3692.0000,3685.6000,3685.0000,3681.2000,3695.6000,3697.0000,3697.2000,3698.0000,3698.4000,1,1,1,5,1,1,1,1,1,1
SF,IF2012,2020-05-26 09:31:52.500,3694.8000,4869,0,61014180.000,0,-,-,-,-,3692.8000,3692.0000,3685.6000,3685.0000,3681.2000,3695.4000,3695.6000,3697.0000,3697.2000,3698.0000,1,1,1,5,1,1,1,1,1,1
SF,IF2012,2020-05-26 09:31:55.500,3694.8000,4869,0,61014180.000,0,-,-,-,-,3693.0000,3692.8000,3692.0000,3685.6000,3685.0000,3695.4000,3695.6000,3697.2000,3698.0000,3698.4000,2,1,1,1,5,1,1,1,1,1
SF,IF2012,2020-05-26 09:31:56.000,3694.8000,4869,0,61014180.000,0,-,-,-,-,3692.8000,3692.0000,3685.6000,3685.0000,3681.2000,3695.4000,3695.6000,3697.2000,3698.0000,3698.4000,1,1,1,5,1,1,1,1,1,1
SF,IF2012,2020-05-26 09:31:56.500,3694.8000,4869,0,61014180.000,0,-,-,-,-,3693.0000,3692.8000,3692.0000,3685.6000,3685.0000,3695.4000,3695.6000,3697.2000,3698.0000,3698.4000,1,1,1,1,5,1,1,1,1,1
SF,IF2012,2020-05-26 09:31:58.500,3694.8000,4869,0,61014180.000,0,-,-,-,-,3692.8000,3692.0000,3685.6000,3685.0000,3681.2000,3695.4000,3695.6000,3697.2000,3698.0000,3698.4000,1,1,1,5,1,1,1,1,1,1
SF,IF2012,2020-05-26 09:32:05.000,3694.8000,4869,0,61014180.000,0,-,-,-,-,3693.2000,3692.8000,3692.0000,3685.6000,3685.0000,3695.4000,3695.6000,3697.2000,3698.0000,3698.4000,1,1,1,1,5,1,1,1,1,1
SF,IF2012,2020-05-26 09:32:06.500,3694.8000,4869,0,61014180.000,0,-,-,-,-,3693.2000,3692.8000,3692.0000,3685.6000,3685.0000,3695.6000,3697.2000,3698.0000,3698.4000,3698.8000,1,1,1,1,5,1,1,1,1,1
SF,IF2012,2020-05-26 09:32:07.000,3694.8000,4869,0,61014180.000,0,-,-,-,-,3693.4000,3693.2000,3692.8000,3692.0000,3685.6000,3695.6000,3697.2000,3698.0000,3698.4000,3698.8000,3,1,1,1,1,1,1,1,1,1
SF,IF2012,2020-05-26 09:32:07.500,3694.8000,4869,0,61014180.000,0,-,-,-,-,3693.6000,3693.4000,3693.2000,3692.8000,3692.0000,3697.2000,3698.0000,3698.4000,3698.8000,3699.2000,2,3,1,1,1,1,1,1,1,1
SF,IF2012,2020-05-26 09:32:08.000,3694.8000,4869,0,61014180.000,0,-,-,-,-,3693.6000,3693.4000,3693.2000,3692.8000,3692.0000,3697.0000,3697.2000,3698.0000,3698.4000,3698.8000,2,2,1,1,1,2,2,1,1,1
SF,IF2012,2020-05-26 09:32:08.500,3693.6000,4869,0,62122260.000,1,0,1,多换,S,3694.0000,3692.8000,3692.0000,3685.6000,3685.0000,3696.8000,3697.0000,3697.2000,3698.0000,3698.4000,1,1,1,1,5,1,2,2,1,1
SF,IF2012,2020-05-26 09:32:09.000,3693.6000,4869,0,62122260.000,0,-,-,-,-,3692.8000,3692.0000,3685.6000,3685.0000,3681.2000,3696.6000,3696.8000,3697.0000,3697.2000,3698.0000,1,1,1,5,1,3,1,1,2,1
SF,IF2012,2020-05-26 09:32:09.500,3693.6000,4869,0,62122260.000,0,-,-,-,-,3692.8000,3692.0000,3685.6000,3685.0000,3681.2000,3696.4000,3696.6000,3697.0000,3697.2000,3698.0000,1,1,1,5,1,2,3,1,2,1
SF,IF2012,2020-05-26 09:32:10.000,3693.6000,4869,0,62122260.000,0,-,-,-,-,3693.0000,3692.8000,3692.0000,3685.6000,3685.0000,3696.2000,3696.4000,3696.6000,3697.0000,3697.2000,1,1,1,1,5,1,2,1,1,2
SF,IF2012,2020-05-26 09:32:10.500,3693.6000,4869,0,62122260.000,0,-,-,-,-,3693.0000,3692.8000,3692.0000,3685.6000,3685.0000,3695.8000,3696.0000,3696.2000,3696.4000,3696.6000,1,1,1,1,5,1,2,1,1,1
SF,IF2012,2020-05-26 09:32:11.000,3693.6000,4869,0,62122260.000,0,-,-,-,-,3693.0000,3692.8000,3692.0000,3685.6000,3685.0000,3694.8000,3695.6000,3695.8000,3696.4000,3696.6000,1,1,1,1,5,1,2,1,1,1
SF,IF2012,2020-05-26 09:32:11.500,3693.6000,4869,0,62122260.000,0,-,-,-,-,3693.2000,3693.0000,3692.8000,3692.0000,3685.6000,3694.8000,3695.6000,3696.4000,3696.6000,3697.0000,3,1,1,1,1,1,2,1,1,1
SF,IF2012,2020-05-26 09:32:12.000,3693.6000,4869,0,62122260.000,0,-,-,-,-,3693.4000,3693.0000,3692.8000,3692.0000,3685.6000,3694.8000,3695.6000,3696.4000,3696.6000,3697.0000,1,1,1,1,1,1,1,1,1,1
SF,IF2012,2020-05-26 09:32:12.500,3693.6000,4869,0,62122260.000,0,-,-,-,-,3693.4000,3693.0000,3692.8000,3692.0000,3685.6000,3694.8000,3695.6000,3696.6000,3697.0000,3697.2000,1,1,1,1,1,1,1,1,1,2
SF,IF2012,2020-05-26 09:32:13.500,3693.6000,4869,0,62122260.000,0,-,-,-,-,3693.4000,3693.0000,3692.8000,3692.0000,3685.6000,3694.8000,3695.6000,3697.0000,3697.2000,3698.0000,1,1,1,1,1,1,1,1,1,1
SF,IF2012,2020-05-26 09:32:14.000,3693.6000,4869,0,62122260.000,0,-,-,-,-,3693.6000,3693.4000,3693.0000,3692.8000,3692.0000,3694.8000,3695.6000,3697.0000,3697.2000,3698.0000,1,1,1,1,1,1,1,1,1,1
SF,IF2012,2020-05-26 09:32:14.500,3693.6000,4869,0,62122260.000,0,-,-,-,-,3693.6000,3693.0000,3692.8000,3692.0000,3685.6000,3694.8000,3695.6000,3697.0000,3697.2000,3698.0000,1,1,1,1,1,1,1,1,1,1
SF,IF2012,2020-05-26 09:32:15.000,3694.8000,4868,-1,63230700.000,1,0,1,双平,S,3693.8000,3693.6000,3693.0000,3692.8000,3692.0000,3695.6000,3697.0000,3697.2000,3698.0000,3698.4000,1,1,1,1,1,1,1,1,1,1
SF,IF2012,2020-05-26 09:32:15.500,3694.8000,4868,0,63230700.000,0,-,-,-,-,3693.8000,3693.6000,3693.0000,3692.8000,3692.0000,3697.0000,3697.2000,3698.0000,3698.4000,3698.8000,1,1,1,1,1,1,1,1,1,1
SF,IF2012,2020-05-26 09:32:16.000,3694.8000,4868,0,63230700.000,0,-,-,-,-,3694.0000,3693.8000,3693.0000,3692.8000,3692.0000,3696.6000,3696.8000,3697.0000,3697.2000,3698.0000,1,1,1,1,1,1,1,1,1,1
SF,IF2012,2020-05-26 09:32:16.500,3694.8000,4868,0,63230700.000,0,-,-,-,-,3694.0000,3693.0000,3692.8000,3692.0000,3685.6000,3696.4000,3696.6000,3697.0000,3697.2000,3698.0000,1,1,1,1,1,1,1,1,1,1
SF,IF2012,2020-05-26 09:32:17.000,3694.8000,4868,0,63230700.000,0,-,-,-,-,3694.0000,3693.0000,3692.8000,3692.0000,3685.6000,3696.2000,3696.4000,3697.0000,3697.2000,3698.0000,1,1,1,1,1,2,1,1,1,1
SF,IF2012,2020-05-26 09:32:17.500,3694.8000,4868,0,63230700.000,0,-,-,-,-,3693.0000,3692.8000,3692.0000,3685.6000,3685.0000,3696.2000,3696.4000,3697.0000,3697.2000,3698.0000,1,1,1,1,5,2,1,1,1,1
SF,IF2012,2020-05-26 09:32:18.000,3694.8000,4868,0,63230700.000,0,-,-,-,-,3693.4000,3693.0000,3692.8000,3692.0000,3685.6000,3696.0000,3697.0000,3697.2000,3698.0000,3698.4000,1,1,1,1,1,3,1,1,1,1
SF,IF2012,2020-05-26 09:32:18.500,3694.8000,4868,0,63230700.000,0,-,-,-,-,3693.6000,3693.0000,3692.8000,3692.0000,3685.6000,3696.0000,3697.0000,3697.2000,3698.0000,3698.4000,2,1,1,1,1,2,1,1,1,1
SF,IF2012,2020-05-26 09:32:19.000,3694.8000,4868,0,63230700.000,0,-,-,-,-,3693.0000,3692.8000,3692.0000,3685.6000,3685.0000,3695.8000,3696.0000,3697.0000,3697.2000,3698.0000,1,1,1,1,5,1,2,1,1,1
SF,IF2012,2020-05-26 09:32:19.500,3694.8000,4868,0,63230700.000,0,-,-,-,-,3693.2000,3693.0000,3692.8000,3692.0000,3685.6000,3695.6000,3697.0000,3697.2000,3698.0000,3698.4000,3,1,1,1,1,1,1,1,1,1
SF,IF2012,2020-05-26 09:32:20.000,3694.8000,4868,0,63230700.000,0,-,-,-,-,3693.0000,3692.8000,3692.0000,3685.6000,3685.0000,3695.6000,3697.0000,3697.2000,3698.0000,3698.4000,1,1,1,1,5,1,1,1,1,1
SF,IF2012,2020-05-26 09:32:20.500,3694.8000,4868,0,63230700.000,0,-,-,-,-,3693.2000,3693.0000,3692.8000,3692.0000,3685.6000,3695.6000,3697.0000,3697.2000,3698.0000,3698.4000,1,1,1,1,1,1,1,1,1,1
SF,IF2012,2020-05-26 09:32:21.000,3694.8000,4868,0,63230700.000,0,-,-,-,-,3693.4000,3693.2000,3693.0000,3692.8000,3692.0000,3695.6000,3697.0000,3697.2000,3698.0000,3698.4000,1,1,1,1,1,1,1,1,1,1
SF,IF2012,2020-05-26 09:32:21.500,3694.8000,4868,0,63230700.000,0,-,-,-,-,3693.6000,3693.4000,3693.2000,3693.0000,3692.8000,3697.0000,3697.2000,3698.0000,3698.4000,3698.8000,1,1,1,1,1,1,1,1,1,1
SF,IF2012,2020-05-26 09:32:22.000,3694.8000,4868,0,63230700.000,0,-,-,-,-,3693.8000,3693.6000,3693.0000,3692.8000,3692.0000,3696.8000,3697.0000,3697.2000,3698.0000,3698.4000,1,1,1,1,1,1,1,1,1,1
SF,IF2012,2020-05-26 09:32:23.000,3694.8000,4868,0,63230700.000,0,-,-,-,-,3694.0000,3693.8000,3693.0000,3692.8000,3692.0000,3696.6000,3696.8000,3697.0000,3697.2000,3698.0000,1,1,1,1,1,1,1,1,1,1
SF,IF2012,2020-05-26 09:32:23.500,3694.8000,4868,0,63230700.000,0,-,-,-,-,3694.0000,3693.8000,3693.0000,3692.8000,3692.0000,3696.4000,3696.6000,3697.0000,3697.2000,3698.0000,1,1,1,1,1,1,1,1,1,1
SF,IF2012,2020-05-26 09:32:24.000,3694.8000,4868,0,63230700.000,0,-,-,-,-,3694.2000,3694.0000,3693.0000,3692.8000,3692.0000,3696.4000,3696.6000,3697.0000,3697.2000,3698.0000,1,1,1,1,1,1,1,1,1,1
SF,IF2012,2020-05-26 09:32:24.500,3694.8000,4868,0,63230700.000,0,-,-,-,-,3694.2000,3693.0000,3692.8000,3692.0000,3685.6000,3696.4000,3696.6000,3697.0000,3697.2000,3698.0000,1,1,1,1,1,1,1,1,1,1
SF,IF2012,2020-05-26 09:32:25.500,3694.8000,4868,0,63230700.000,0,-,-,-,-,3693.0000,3692.8000,3692.0000,3685.6000,3685.0000,3696.4000,3696.6000,3697.0000,3697.2000,3698.0000,1,1,1,1,5,1,1,1,1,1
SF,IF2012,2020-05-26 09:32:26.000,3694.8000,4868,0,63230700.000,0,-,-,-,-,3693.2000,3693.0000,3692.8000,3692.0000,3685.6000,3696.2000,3696.4000,3697.0000,3697.2000,3698.0000,1,1,1,1,1,1,1,1,1,1
SF,IF2012,2020-05-26 09:32:26.500,3694.8000,4868,0,63230700.000,0,-,-,-,-,3693.2000,3693.0000,3692.8000,3692.0000,3685.6000,3696.0000,3696.2000,3697.0000,3697.2000,3698.0000,1,1,1,1,1,1,1,1,1,1
SF,IF2012,2020-05-26 09:32:27.000,3694.8000,4868,0,63230700.000,0,-,-,-,-,3693.4000,3693.2000,3693.0000,3692.8000,3692.0000,3695.8000,3696.0000,3697.0000,3697.2000,3698.0000,1,1,1,1,1,2,1,1,1,1
SF,IF2012,2020-05-26 09:32:27.500,3694.8000,4868,0,63230700.000,0,-,-,-,-,3693.6000,3693.2000,3693.0000,3692.8000,3692.0000,3695.8000,3696.0000,3697.0000,3697.2000,3698.0000,3,1,1,1,1,2,1,1,1,1
SF,IF2012,2020-05-26 09:32:28.000,3694.8000,4868,0,63230700.000,0,-,-,-,-,3693.6000,3693.2000,3693.0000,3692.8000,3692.0000,3695.8000,3696.0000,3697.0000,3697.2000,3698.0000,1,1,1,1,1,1,1,1,1,1
SF,IF2012,2020-05-26 09:32:28.500,3694.8000,4868,0,63230700.000,0,-,-,-,-,3693.8000,3693.6000,3693.2000,3693.0000,3692.8000,3696.0000,3697.0000,3697.2000,3698.0000,3698.4000,2,1,1,1,1,1,1,1,1,1
SF,IF2012,2020-05-26 09:32:29.000,3694.8000,4868,0,63230700.000,0,-,-,-,-,3693.8000,3693.6000,3693.2000,3693.0000,3692.8000,3697.0000,3697.2000,3698.0000,3698.4000,3698.8000,2,1,1,1,1,1,1,1,1,1
SF,IF2012,2020-05-26 09:32:29.500,3694.8000,4868,0,63230700.000,0,-,-,-,-,3694.0000,3693.2000,3693.0000,3692.8000,3692.0000,3696.6000,3696.8000,3697.0000,3697.2000,3698.0000,1,1,1,1,1,1,2,1,1,1
SF,IF2012,2020-05-26 09:32:30.000,3694.8000,4868,0,63230700.000,0,-,-,-,-,3695.8000,3694.0000,3693.2000,3693.0000,3692.8000,3696.4000,3696.6000,3696.8000,3697.0000,3697.2000,1,1,1,1,1,1,1,1,1,1
SF,IF2012,2020-05-26 09:32:30.500,3695.8000,4868,0,64339440.000,1,0,1,多换,S,3694.0000,3693.2000,3693.0000,3692.8000,3692.0000,3696.4000,3696.6000,3696.8000,3697.0000,3697.2000,1,1,1,1,1,1,1,1,1,1
SF,IF2012,2020-05-26 09:32:31.000,3695.8000,4868,0,64339440.000,0,-,-,-,-,3694.2000,3694.0000,3693.2000,3693.0000,3692.8000,3696.4000,3697.2000,3698.0000,3698.4000,3698.8000,1,1,1,1,1,1,1,1,1,1
SF,IF2012,2020-05-26 09:32:31.500,3695.8000,4868,0,64339440.000,0,-,-,-,-,3694.0000,3693.0000,3692.8000,3692.0000,3685.6000,3696.4000,3697.2000,3698.0000,3698.4000,3698.8000,1,1,1,1,1,1,1,1,1,1
SF,IF2012,2020-05-26 09:32:32.000,3695.8000,4868,0,64339440.000,0,-,-,-,-,3694.2000,3694.0000,3693.0000,3692.8000,3692.0000,3695.0000,3697.2000,3698.0000,3698.4000,3698.8000,2,1,1,1,1,1,1,1,1,1
SF,IF2012,2020-05-26 09:32:32.500,3695.0000,4867,-1,65447940.000,1,0,1,双平,S,3694.2000,3693.0000,3692.8000,3692.0000,3685.6000,3697.2000,3698.0000,3698.4000,3698.8000,3699.2000,2,1,1,1,1,1,1,1,1,1
SF,IF2012,2020-05-26 09:32:33.000,3695.0000,4867,0,65447940.000,0,-,-,-,-,3694.4000,3693.0000,3692.8000,3692.0000,3685.6000,3697.0000,3697.2000,3698.0000,3698.4000,3698.8000,1,1,1,1,1,1,1,1,1,1
SF,IF2012,2020-05-26 09:32:33.500,3695.0000,4867,0,65447940.000,0,-,-,-,-,3694.4000,3693.0000,3692.8000,3692.0000,3685.6000,3697.0000,3698.0000,3698.4000,3698.8000,3699.2000,1,1,1,1,1,1,1,1,1,1
SF,IF2012,2020-05-26 09:32:34.000,3695.0000,4867,0,65447940.000,0,-,-,-,-,3695.0000,3694.6000,3694.4000,3693.0000,3692.8000,3698.0000,3698.4000,3698.8000,3699.2000,3699.6000,1,1,1,1,1,1,1,1,1,1
SF,IF2012,2020-05-26 09:32:34.500,3695.0000,4867,0,65447940.000,0,-,-,-,-,3695.2000,3695.0000,3694.6000,3693.0000,3692.8000,3697.8000,3698.0000,3698.4000,3698.8000,3699.2000,1,1,1,1,1,1,1,1,1,1
SF,IF2012,2020-05-26 09:32:35.500,3695.0000,4867,0,65447940.000,0,-,-,-,-,3695.2000,3695.0000,3694.6000,3693.0000,3692.8000,3697.8000,3698.4000,3698.8000,3699.2000,3699.6000,1,1,1,1,1,1,1,1,1,1
SF,IF2012,2020-05-26 09:32:36.000,3695.0000,4867,0,65447940.000,0,-,-,-,-,3695.2000,3695.0000,3693.0000,3692.8000,3692.0000,3697.8000,3698.4000,3698.8000,3699.2000,3699.6000,1,1,1,1,1,1,1,1,1,1
SF,IF2012,2020-05-26 09:32:36.500,3695.0000,4867,0,65447940.000,0,-,-,-,-,3695.2000,3695.0000,3693.0000,3692.8000,3692.0000,3697.6000,3697.8000,3698.4000,3698.8000,3699.2000,1,1,1,1,1,1,1,1,1,1
SF,IF2012,2020-05-26 09:32:37.000,3695.0000,4867,0,65447940.000,0,-,-,-,-,3695.4000,3695.2000,3695.0000,3693.0000,3692.8000,3697.4000,3697.6000,3698.4000,3698.8000,3699.2000,1,1,1,1,1,3,1,1,1,1
SF,IF2012,2020-05-26 09:32:37.500,3695.0000,4867,0,65447940.000,0,-,-,-,-,3695.0000,3693.0000,3692.8000,3692.0000,3685.6000,3697.4000,3697.6000,3698.4000,3698.8000,3699.2000,1,1,1,1,1,3,1,1,1,1
SF,IF2012,2020-05-26 09:32:38.000,3695.0000,4867,0,65447940.000,0,-,-,-,-,3695.2000,3695.0000,3693.0000,3692.8000,3692.0000,3697.4000,3698.4000,3698.8000,3699.2000,3699.6000,1,1,1,1,1,2,1,1,1,1
SF,IF2012,2020-05-26 09:32:38.500,3697.4000,4867,0,66557160.000,1,0,1,多换,S,3697.4000,3695.2000,3695.0000,3693.0000,3692.8000,3698.4000,3698.8000,3699.2000,3699.6000,3699.8000,1,1,1,1,1,1,1,1,1,4
SF,IF2012,2020-05-26 09:32:39.000,3697.4000,4867,0,67666380.000,1,0,1,多换,S,3695.0000,3693.0000,3692.8000,3692.0000,3685.6000,3698.2000,3698.4000,3698.8000,3699.2000,3699.6000,1,1,1,1,1,2,1,1,1,1
SF,IF2012,2020-05-26 09:32:39.500,3697.4000,4867,0,67666380.000,0,-,-,-,-,3695.2000,3695.0000,3693.0000,3692.8000,3692.0000,3698.2000,3698.4000,3698.8000,3699.2000,3699.6000,1,1,1,1,1,2,1,1,1,1
SF,IF2012,2020-05-26 09:32:40.500,3697.4000,4867,0,67666380.000,0,-,-,-,-,3695.2000,3695.0000,3693.0000,3692.8000,3692.0000,3698.0000,3698.2000,3698.4000,3698.8000,3699.2000,1,1,1,1,1,1,2,1,1,1
SF,IF2012,2020-05-26 09:32:41.000,3697.4000,4867,0,67666380.000,0,-,-,-,-,3695.4000,3695.2000,3695.0000,3693.0000,3692.8000,3697.8000,3698.0000,3698.2000,3698.4000,3698.8000,2,1,1,1,1,2,1,1,1,1
SF,IF2012,2020-05-26 09:32:41.500,3697.4000,4867,0,67666380.000,0,-,-,-,-,3695.6000,3695.4000,3695.2000,3695.0000,3693.0000,3697.8000,3698.0000,3698.2000,3698.4000,3698.8000,1,2,1,1,1,1,1,1,1,2
SF,IF2012,2020-05-26 09:32:42.000,3697.4000,4867,0,67666380.000,0,-,-,-,-,3695.8000,3695.4000,3695.2000,3695.0000,3693.0000,3697.8000,3698.0000,3698.2000,3698.4000,3698.8000,1,2,1,1,1,1,1,1,1,2
SF,IF2012,2020-05-26 09:32:42.500,3696.0000,4866,-1,68775180.000,1,0,1,双平,S,3696.0000,3695.4000,3695.2000,3695.0000,3693.0000,3697.6000,3697.8000,3698.0000,3698.2000,3698.4000,1,1,1,1,1,1,1,1,1,1
SF,IF2012,2020-05-26 09:32:43.000,3696.0000,4866,0,68775180.000,0,-,-,-,-,3696.2000,3695.4000,3695.2000,3695.0000,3693.0000,3697.8000,3698.0000,3698.2000,3698.4000,3698.8000,2,1,1,1,1,1,1,1,1,2
SF,IF2012,2020-05-26 09:32:43.500,3696.0000,4866,0,68775180.000,0,-,-,-,-,3696.2000,3695.2000,3695.0000,3693.0000,3692.8000,3697.8000,3698.0000,3698.2000,3698.4000,3698.8000,1,1,1,1,1,1,1,1,1,2
SF,IF2012,2020-05-26 09:32:44.000,3696.0000,4866,0,68775180.000,0,-,-,-,-,3696.4000,3696.2000,3695.2000,3695.0000,3693.0000,3697.6000,3697.8000,3698.0000,3698.4000,3698.8000,1,1,1,1,1,1,1,1,1,2
SF,IF2012,2020-05-26 09:32:44.500,3696.0000,4866,0,68775180.000,0,-,-,-,-,3697.2000,3696.6000,3696.2000,3695.2000,3695.0000,3697.6000,3697.8000,3698.0000,3698.8000,3699.2000,1,1,1,1,1,1,1,1,2,1
SF,IF2012,2020-05-26 09:32:45.000,3696.0000,4866,0,68775180.000,0,-,-,-,-,3696.6000,3695.2000,3695.0000,3693.0000,3692.8000,3697.6000,3697.8000,3698.0000,3698.8000,3699.2000,1,1,1,1,1,1,1,1,2,1
SF,IF2012,2020-05-26 09:32:45.500,3696.0000,4866,0,68775180.000,0,-,-,-,-,3695.2000,3695.0000,3693.0000,3692.8000,3685.6000,3697.8000,3698.0000,3698.8000,3699.2000,3699.6000,1,1,1,1,1,1,1,2,1,1
SF,IF2012,2020-05-26 09:32:46.000,3696.0000,4866,0,68775180.000,0,-,-,-,-,3695.4000,3695.2000,3695.0000,3693.0000,3692.8000,3697.8000,3698.8000,3699.2000,3699.6000,3699.8000,1,1,1,1,1,1,2,1,1,4
SF,IF2012,2020-05-26 09:32:46.500,3696.0000,4866,0,68775180.000,0,-,-,-,-,3695.6000,3695.4000,3695.2000,3695.0000,3693.0000,3698.8000,3699.2000,3699.6000,3699.8000,3700.0000,1,1,1,1,1,2,1,1,4,1
SF,IF2012,2020-05-26 09:32:47.000,3696.0000,4866,0,68775180.000,0,-,-,-,-,3697.2000,3696.2000,3695.8000,3695.4000,3695.0000,3698.4000,3698.6000,3698.8000,3699.2000,3699.6000,1,1,1,1,1,1,2,2,1,1
SF,IF2012,2020-05-26 09:32:47.500,3697.2000,4866,0,69884340.000,1,0,1,多换,S,3696.2000,3695.8000,3695.0000,3693.0000,3692.8000,3698.2000,3698.6000,3698.8000,3699.2000,3699.6000,1,1,1,1,1,1,1,2,1,1
SF,IF2012,2020-05-26 09:32:48.000,3697.2000,4866,0,69884340.000,0,-,-,-,-,3696.2000,3695.8000,3695.0000,3693.0000,3692.8000,3698.0000,3698.2000,3698.8000,3699.2000,3699.6000,1,1,1,1,1,2,1,2,1,1
SF,IF2012,2020-05-26 09:32:48.500,3697.2000,4866,0,69884340.000,0,-,-,-,-,3696.2000,3695.0000,3693.0000,3692.8000,3685.6000,3698.0000,3698.2000,3698.8000,3699.2000,3699.6000,1,1,1,1,1,3,1,2,1,1
SF,IF2012,2020-05-26 09:32:49.000,3697.2000,4866,0,69884340.000,0,-,-,-,-,3696.2000,3695.0000,3693.0000,3692.8000,3685.6000,3698.0000,3698.2000,3698.8000,3699.2000,3699.6000,1,1,1,1,1,2,1,2,1,1
SF,IF2012,2020-05-26 09:32:50.000,3697.2000,4866,0,69884340.000,0,-,-,-,-,3696.2000,3695.0000,3693.0000,3692.8000,3685.6000,3698.0000,3698.2000,3698.8000,3699.2000,3699.6000,1,1,1,1,1,1,1,2,1,1
SF,IF2012,2020-05-26 09:32:54.500,3697.2000,4866,0,69884340.000,0,-,-,-,-,3696.2000,3695.0000,3693.0000,3692.8000,3685.6000,3698.2000,3698.8000,3699.2000,3699.6000,3699.8000,1,1,1,1,1,1,2,1,1,4
SF,IF2012,2020-05-26 09:32:55.000,3697.2000,4866,0,69884340.000,0,-,-,-,-,3696.2000,3695.0000,3693.0000,3692.8000,3685.6000,3698.0000,3698.2000,3698.8000,3699.2000,3699.6000,1,1,1,1,1,2,1,2,1,1
SF,IF2012,2020-05-26 09:32:55.500,3697.2000,4866,0,69884340.000,0,-,-,-,-,3695.0000,3693.0000,3692.8000,3685.6000,3685.0000,3697.8000,3698.0000,3698.8000,3699.2000,3699.6000,1,1,1,1,5,1,1,2,1,1
SF,IF2012,2020-05-26 09:32:56.000,3697.2000,4866,0,69884340.000,0,-,-,-,-,3695.2000,3695.0000,3693.0000,3692.8000,3685.6000,3697.6000,3697.8000,3698.8000,3699.2000,3699.6000,4,1,1,1,1,1,1,2,1,1
SF,IF2012,2020-05-26 09:32:56.500,3697.2000,4866,0,69884340.000,0,-,-,-,-,3695.4000,3695.2000,3695.0000,3693.0000,3692.8000,3697.6000,3697.8000,3698.8000,3699.2000,3699.6000,1,3,1,1,1,1,1,2,1,1
SF,IF2012,2020-05-26 09:32:57.000,3697.2000,4866,0,69884340.000,0,-,-,-,-,3695.6000,3695.4000,3695.2000,3695.0000,3693.0000,3697.8000,3698.8000,3699.2000,3699.6000,3699.8000,2,1,3,1,1,1,2,1,1,4
SF,IF2012,2020-05-26 09:32:57.500,3697.2000,4866,0,69884340.000,0,-,-,-,-,3695.6000,3695.4000,3695.2000,3695.0000,3693.0000,3698.8000,3699.2000,3699.6000,3699.8000,3700.0000,2,1,2,1,1,1,1,1,4,1
SF,IF2012,2020-05-26 09:32:58.000,3697.2000,4866,0,69884340.000,0,-,-,-,-,3696.0000,3695.8000,3695.6000,3695.2000,3695.0000,3698.6000,3698.8000,3699.6000,3699.8000,3700.0000,1,1,1,2,1,2,1,1,4,1
SF,IF2012,2020-05-26 09:32:59.000,3697.2000,4866,0,69884340.000,0,-,-,-,-,3695.8000,3695.2000,3695.0000,3693.0000,3692.8000,3698.4000,3698.6000,3698.8000,3699.6000,3699.8000,1,2,1,1,1,1,1,1,1,4
SF,IF2012,2020-05-26 09:32:59.500,3697.2000,4866,0,69884340.000,0,-,-,-,-,3695.2000,3695.0000,3693.0000,3692.8000,3685.6000,3698.2000,3698.4000,3698.6000,3698.8000,3699.6000,2,1,1,1,1,1,1,1,1,1
SF,IF2012,2020-05-26 09:33:00.000,3697.2000,4866,0,69884340.000,0,-,-,-,-,3695.2000,3695.0000,3693.0000,3692.8000,3685.6000,3698.0000,3698.2000,3698.8000,3699.6000,3699.8000,2,1,1,1,1,2,1,1,1,4
SF,IF2012,2020-05-26 09:33:00.500,3697.2000,4866,0,69884340.000,0,-,-,-,-,3695.4000,3695.2000,3695.0000,3693.0000,3692.8000,3698.0000,3698.2000,3698.8000,3699.6000,3699.8000,1,2,1,1,1,2,1,1,1,4
SF,IF2012,2020-05-26 09:33:01.000,3697.2000,4866,0,69884340.000,0,-,-,-,-,3695.6000,3695.4000,3695.2000,3695.0000,3693.0000,3698.0000,3698.8000,3699.6000,3699.8000,3700.0000,1,1,2,1,1,2,1,1,4,1
SF,IF2012,2020-05-26 09:33:01.500,3697.2000,4866,0,69884340.000,0,-,-,-,-,3695.8000,3695.6000,3695.2000,3695.0000,3693.0000,3698.0000,3698.8000,3699.6000,3699.8000,3700.0000,1,1,2,1,1,1,1,1,4,1
SF,IF2012,2020-05-26 09:33:02.000,3697.2000,4866,0,69884340.000,0,-,-,-,-,3696.0000,3695.8000,3695.6000,3695.2000,3695.0000,3698.8000,3699.6000,3699.8000,3700.0000,3700.4000,1,1,1,2,1,1,1,4,1,1
SF,IF2012,2020-05-26 09:33:02.500,3697.2000,4866,0,69884340.000,0,-,-,-,-,3696.0000,3695.6000,3695.2000,3695.0000,3693.0000,3698.6000,3698.8000,3699.6000,3699.8000,3700.0000,1,1,2,1,1,2,1,1,4,1
SF,IF2012,2020-05-26 09:33:03.000,3697.2000,4866,0,69884340.000,0,-,-,-,-,3696.0000,3695.6000,3695.2000,3695.0000,3693.0000,3698.6000,3698.8000,3699.6000,3699.8000,3700.0000,1,1,2,1,1,1,1,1,4,1
SF,IF2012,2020-05-26 09:33:03.500,3697.2000,4866,0,69884340.000,0,-,-,-,-,3696.0000,3695.2000,3695.0000,3693.0000,3692.8000,3698.4000,3698.6000,3698.8000,3699.6000,3699.8000,1,2,1,1,1,1,1,1,1,4
SF,IF2012,2020-05-26 09:33:04.000,3697.2000,4866,0,69884340.000,0,-,-,-,-,3695.2000,3695.0000,3693.0000,3692.8000,3685.6000,3698.2000,3698.4000,3698.6000,3698.8000,3699.6000,2,1,1,1,1,1,1,1,1,1
SF,IF2012,2020-05-26 09:33:04.500,3697.2000,4866,0,69884340.000,0,-,-,-,-,3695.2000,3695.0000,3693.0000,3692.8000,3685.6000,3698.0000,3698.8000,3699.6000,3699.8000,3700.0000,2,1,1,1,1,3,1,1,4,1
SF,IF2012,2020-05-26 09:33:05.000,3697.2000,4866,0,69884340.000,0,-,-,-,-,3695.4000,3695.2000,3695.0000,3693.0000,3692.8000,3698.0000,3698.8000,3699.6000,3699.8000,3700.0000,1,2,1,1,1,3,1,1,4,1
SF,IF2012,2020-05-26 09:33:05.500,3697.2000,4866,0,69884340.000,0,-,-,-,-,3695.6000,3695.4000,3695.2000,3695.0000,3693.0000,3698.0000,3698.8000,3699.6000,3699.8000,3700.0000,1,1,2,1,1,1,1,1,4,1
SF,IF2012,2020-05-26 09:33:06.000,3697.2000,4866,0,69884340.000,0,-,-,-,-,3695.8000,3695.6000,3695.2000,3695.0000,3693.0000,3698.0000,3698.8000,3699.6000,3699.8000,3700.0000,1,1,2,1,1,1,1,1,4,1
SF,IF2012,2020-05-26 09:33:06.500,3697.2000,4866,0,69884340.000,0,-,-,-,-,3695.8000,3695.6000,3695.0000,3693.0000,3692.8000,3698.8000,3699.6000,3699.8000,3700.0000,3700.4000,1,1,1,1,1,1,1,4,1,1
SF,IF2012,2020-05-26 09:33:07.000,3697.2000,4866,0,69884340.000,0,-,-,-,-,3695.0000,3693.0000,3692.8000,3685.6000,3685.0000,3698.6000,3698.8000,3699.6000,3699.8000,3700.0000,1,1,1,1,5,4,1,1,4,1
SF,IF2012,2020-05-26 09:33:07.500,3697.2000,4866,0,69884340.000,0,-,-,-,-,3695.2000,3695.0000,3693.0000,3692.8000,3685.6000,3698.6000,3698.8000,3699.6000,3699.8000,3700.0000,2,1,1,1,1,4,1,1,4,1
SF,IF2012,2020-05-26 09:33:08.000,3697.2000,4866,0,69884340.000,0,-,-,-,-,3695.4000,3695.2000,3695.0000,3693.0000,3692.8000,3698.6000,3698.8000,3699.6000,3699.8000,3700.0000,1,2,1,1,1,3,1,1,4,1
SF,IF2012,2020-05-26 09:33:08.500,3697.2000,4866,0,69884340.000,0,-,-,-,-,3695.8000,3695.4000,3695.0000,3693.0000,3692.8000,3698.6000,3698.8000,3699.6000,3699.8000,3700.0000,1,1,1,1,1,2,1,1,4,1
SF,IF2012,2020-05-26 09:33:09.000,3697.2000,4866,0,69884340.000,0,-,-,-,-,3696.0000,3695.0000,3693.0000,3692.8000,3685.6000,3698.4000,3698.6000,3698.8000,3699.6000,3699.8000,1,1,1,1,1,2,1,1,1,4
SF,IF2012,2020-05-26 09:33:09.500,3697.2000,4866,0,69884340.000,0,-,-,-,-,3696.0000,3695.0000,3693.0000,3692.8000,3685.6000,3698.2000,3698.4000,3698.8000,3699.6000,3699.8000,1,1,1,1,1,2,1,1,1,4
SF,IF2012,2020-05-26 09:33:10.000,3697.2000,4866,0,69884340.000,0,-,-,-,-,3695.0000,3693.0000,3692.8000,3685.6000,3685.0000,3698.2000,3698.8000,3699.6000,3699.8000,3700.0000,1,1,1,1,5,2,1,1,4,1
SF,IF2012,2020-05-26 09:33:10.500,3697.2000,4866,0,69884340.000,0,-,-,-,-,3695.0000,3693.0000,3692.8000,3685.6000,3685.0000,3698.0000,3698.2000,3698.8000,3699.6000,3699.8000,1,1,1,1,5,1,1,1,1,4
SF,IF2012,2020-05-26 09:33:11.000,3697.2000,4866,0,69884340.000,0,-,-,-,-,3695.2000,3695.0000,3693.0000,3692.8000,3685.6000,3697.8000,3698.0000,3698.8000,3699.6000,3699.8000,1,1,1,1,1,1,1,1,1,4
SF,IF2012,2020-05-26 09:33:12.500,3697.2000,4866,0,69884340.000,0,-,-,-,-,3695.0000,3693.0000,3692.8000,3685.6000,3685.0000,3697.6000,3697.8000,3698.0000,3698.8000,3699.6000,1,1,1,1,5,1,1,1,1,1
SF,IF2012,2020-05-26 09:33:13.000,3697.2000,4866,0,69884340.000,0,-,-,-,-,3695.0000,3693.0000,3692.8000,3685.6000,3685.0000,3697.4000,3697.6000,3698.0000,3698.8000,3699.6000,1,1,1,1,5,2,1,1,1,1
SF,IF2012,2020-05-26 09:33:13.500,3697.2000,4866,0,69884340.000,0,-,-,-,-,3695.0000,3693.0000,3692.8000,3685.6000,3685.0000,3697.2000,3697.4000,3698.0000,3698.8000,3699.6000,1,1,1,1,5,3,1,1,1,1
SF,IF2012,2020-05-26 09:33:14.000,3697.2000,4866,0,69884340.000,0,-,-,-,-,3695.0000,3693.0000,3692.8000,3685.6000,3685.0000,3697.0000,3697.2000,3698.0000,3698.8000,3699.6000,1,1,1,1,5,1,3,1,1,1
SF,IF2012,2020-05-26 09:33:14.500,3697.2000,4866,0,69884340.000,0,-,-,-,-,3695.0000,3693.0000,3692.8000,3685.6000,3685.0000,3697.0000,3697.2000,3698.0000,3698.8000,3699.6000,1,1,1,1,5,1,2,1,1,1
SF,IF2012,2020-05-26 09:33:15.000,3697.2000,4866,0,69884340.000,0,-,-,-,-,3695.0000,3693.0000,3692.8000,3685.6000,3685.0000,3696.8000,3697.0000,3697.2000,3698.0000,3698.8000,1,1,1,1,5,1,1,2,1,1
SF,IF2012,2020-05-26 09:33:15.500,3697.2000,4866,0,69884340.000,0,-,-,-,-,3695.0000,3693.0000,3692.8000,3685.6000,3685.0000,3696.6000,3696.8000,3697.2000,3698.0000,3698.8000,1,1,1,1,5,1,1,2,1,1
SF,IF2012,2020-05-26 09:33:16.000,3697.2000,4866,0,69884340.000,0,-,-,-,-,3695.0000,3693.0000,3692.8000,3685.6000,3685.0000,3696.4000,3696.6000,3697.2000,3698.0000,3698.8000,1,1,1,1,5,2,1,2,1,1
SF,IF2012,2020-05-26 09:33:16.500,3697.2000,4866,0,69884340.000,0,-,-,-,-,3695.0000,3693.0000,3692.8000,3685.6000,3685.0000,3696.4000,3696.6000,3697.2000,3698.0000,3698.8000,1,1,1,1,5,2,1,1,1,1
SF,IF2012,2020-05-26 09:33:17.500,3695.0000,4866,0,70992840.000,1,0,1,多换,S,3693.0000,3692.8000,3685.6000,3685.0000,3681.2000,3696.4000,3696.6000,3698.0000,3698.8000,3699.6000,1,1,1,5,1,2,1,1,1,1
SF,IF2012,2020-05-26 09:33:18.000,3695.0000,4866,0,70992840.000,0,-,-,-,-,3693.2000,3693.0000,3692.8000,3685.6000,3685.0000,3696.2000,3696.6000,3698.8000,3699.6000,3699.8000,3,1,1,1,5,1,1,1,1,4
SF,IF2012,2020-05-26 09:33:19.000,3695.0000,4866,0,70992840.000,0,-,-,-,-,3693.2000,3693.0000,3692.8000,3685.6000,3685.0000,3696.0000,3696.2000,3696.6000,3698.8000,3699.6000,2,1,1,1,5,1,1,1,1,1
SF,IF2012,2020-05-26 09:33:19.500,3695.0000,4866,0,70992840.000,0,-,-,-,-,3693.4000,3693.0000,3692.8000,3685.6000,3685.0000,3695.8000,3696.0000,3696.6000,3698.8000,3699.6000,1,1,1,1,5,1,1,1,1,1
SF,IF2012,2020-05-26 09:33:20.000,3695.0000,4866,0,70992840.000,0,-,-,-,-,3693.6000,3693.0000,3692.8000,3685.6000,3685.0000,3695.6000,3695.8000,3696.0000,3696.6000,3698.8000,1,1,1,1,5,1,1,1,1,1
SF,IF2012,2020-05-26 09:33:20.500,3695.0000,4866,0,70992840.000,0,-,-,-,-,3693.0000,3692.8000,3685.6000,3685.0000,3681.2000,3695.6000,3696.6000,3698.8000,3699.6000,3699.8000,1,1,1,5,1,1,1,1,1,4
SF,IF2012,2020-05-26 09:33:21.000,3695.0000,4866,0,70992840.000,0,-,-,-,-,3693.4000,3693.2000,3693.0000,3692.8000,3685.6000,3696.6000,3698.8000,3699.6000,3699.8000,3700.0000,1,2,1,1,1,1,1,1,4,1
SF,IF2012,2020-05-26 09:33:21.500,3695.0000,4866,0,70992840.000,0,-,-,-,-,3693.8000,3693.6000,3693.2000,3693.0000,3692.8000,3698.8000,3699.6000,3699.8000,3700.0000,3700.4000,1,3,2,1,1,1,1,4,1,1
SF,IF2012,2020-05-26 09:33:22.000,3695.0000,4866,0,70992840.000,0,-,-,-,-,3694.0000,3693.6000,3693.2000,3693.0000,3692.8000,3698.6000,3698.8000,3699.6000,3699.8000,3700.0000,1,1,1,1,1,4,1,1,4,1
SF,IF2012,2020-05-26 09:33:22.500,3695.0000,4866,0,70992840.000,0,-,-,-,-,3694.0000,3693.6000,3693.2000,3693.0000,3692.8000,3698.6000,3698.8000,3699.6000,3699.8000,3700.0000,1,1,1,1,1,4,2,1,4,1
SF,IF2012,2020-05-26 09:33:23.000,3695.0000,4866,0,70992840.000,0,-,-,-,-,3694.0000,3693.6000,3693.2000,3693.0000,3692.8000,3698.6000,3698.8000,3699.6000,3699.8000,3700.0000,1,1,1,1,1,3,2,1,4,1
SF,IF2012,2020-05-26 09:33:23.500,3695.0000,4866,0,70992840.000,0,-,-,-,-,3694.0000,3693.6000,3693.2000,3693.0000,3692.8000,3698.4000,3698.6000,3698.8000,3699.6000,3699.8000,1,1,1,1,1,1,3,2,1,4
SF,IF2012,2020-05-26 09:33:24.000,3695.0000,4866,0,70992840.000,0,-,-,-,-,3694.0000,3693.6000,3693.2000,3693.0000,3692.8000,3697.2000,3698.2000,3698.4000,3698.6000,3698.8000,1,1,1,1,1,2,4,1,1,2
SF,IF2012,2020-05-26 09:33:24.500,3695.0000,4866,0,70992840.000,0,-,-,-,-,3693.6000,3693.2000,3693.0000,3692.8000,3685.6000,3696.8000,3697.0000,3698.2000,3698.6000,3698.8000,1,1,1,1,1,1,4,3,1,2
SF,IF2012,2020-05-26 09:33:25.000,3695.0000,4866,0,70992840.000,0,-,-,-,-,3694.0000,3693.2000,3693.0000,3692.8000,3685.6000,3696.6000,3697.0000,3698.2000,3698.6000,3698.8000,1,1,1,1,1,3,2,3,1,2
SF,IF2012,2020-05-26 09:33:25.500,3695.0000,4866,0,70992840.000,0,-,-,-,-,3694.0000,3693.2000,3693.0000,3692.8000,3685.6000,3696.4000,3696.6000,3697.0000,3698.2000,3698.6000,1,1,1,1,1,1,3,1,3,1
SF,IF2012,2020-05-26 09:33:26.000,3695.0000,4866,0,70992840.000,0,-,-,-,-,3694.0000,3693.2000,3693.0000,3692.8000,3685.6000,3696.2000,3696.4000,3696.6000,3697.0000,3698.2000,1,1,1,1,1,1,1,1,1,3
SF,IF2012,2020-05-26 09:33:27.000,3695.0000,4866,0,70992840.000,0,-,-,-,-,3694.2000,3694.0000,3693.2000,3693.0000,3692.8000,3696.2000,3696.6000,3698.2000,3698.6000,3698.8000,1,1,1,1,1,1,1,2,1,2
SF,IF2012,2020-05-26 09:33:27.500,3695.0000,4866,0,70992840.000,0,-,-,-,-,3694.4000,3694.2000,3693.2000,3693.0000,3692.8000,3696.6000,3698.2000,3698.6000,3698.8000,3699.0000,1,1,1,1,1,1,2,1,2,1
SF,IF2012,2020-05-26 09:33:28.000,3695.0000,4866,0,70992840.000,0,-,-,-,-,3694.4000,3693.2000,3693.0000,3692.8000,3685.6000,3698.2000,3698.6000,3698.8000,3699.0000,3699.6000,1,1,1,1,1,2,1,2,1,1
SF,IF2012,2020-05-26 09:33:28.500,3695.0000,4866,0,70992840.000,0,-,-,-,-,3693.2000,3693.0000,3692.8000,3685.6000,3685.0000,3698.0000,3698.2000,3698.6000,3698.8000,3699.0000,1,1,1,1,5,4,2,1,2,1
SF,IF2012,2020-05-26 09:33:29.000,3695.0000,4866,0,70992840.000,0,-,-,-,-,3693.4000,3693.2000,3693.0000,3692.8000,3685.6000,3697.8000,3698.0000,3698.2000,3698.6000,3698.8000,1,1,1,1,1,1,4,1,1,2
SF,IF2012,2020-05-26 09:33:29.500,3695.0000,4866,0,70992840.000,0,-,-,-,-,3693.4000,3693.2000,3693.0000,3692.8000,3685.6000,3697.6000,3697.8000,3698.0000,3698.2000,3698.6000,1,1,1,1,1,4,1,2,1,1
SF,IF2012,2020-05-26 09:33:30.000,3695.0000,4866,0,70992840.000,0,-,-,-,-,3693.4000,3693.2000,3693.0000,3692.8000,3685.6000,3697.2000,3697.4000,3697.6000,3698.0000,3698.2000,1,1,1,1,1,2,1,4,1,1
SF,IF2012,2020-05-26 09:33:30.500,3695.0000,4866,0,70992840.000,0,-,-,-,-,3693.6000,3693.4000,3693.2000,3693.0000,3692.8000,3697.0000,3697.4000,3697.6000,3698.0000,3698.2000,1,1,1,1,1,3,1,2,1,1
SF,IF2012,2020-05-26 09:33:31.000,3695.0000,4866,0,70992840.000,0,-,-,-,-,3693.6000,3693.2000,3693.0000,3692.8000,3685.6000,3697.0000,3697.4000,3697.6000,3698.0000,3698.2000,1,1,1,1,1,3,1,2,1,1
SF,IF2012,2020-05-26 09:33:31.500,3695.0000,4866,0,70992840.000,0,-,-,-,-,3693.6000,3693.2000,3693.0000,3692.8000,3685.6000,3696.8000,3697.0000,3697.4000,3697.6000,3698.0000,1,1,1,1,1,1,3,1,2,1
SF,IF2012,2020-05-26 09:33:32.000,3695.0000,4866,0,70992840.000,0,-,-,-,-,3694.0000,3693.2000,3693.0000,3692.8000,3685.6000,3696.6000,3696.8000,3697.0000,3697.4000,3697.6000,1,1,1,1,1,2,1,1,1,2
SF,IF2012,2020-05-26 09:33:32.500,3695.0000,4866,0,70992840.000,0,-,-,-,-,3693.2000,3693.0000,3692.8000,3685.6000,3685.0000,3696.4000,3696.6000,3696.8000,3697.0000,3697.4000,1,1,1,1,5,1,2,1,1,1
SF,IF2012,2020-05-26 09:33:33.000,3695.0000,4866,0,70992840.000,0,-,-,-,-,3693.6000,3693.0000,3692.8000,3685.6000,3685.0000,3696.2000,3696.4000,3696.8000,3697.0000,3697.4000,1,1,1,1,5,3,1,1,1,1
SF,IF2012,2020-05-26 09:33:33.500,3695.0000,4866,0,70992840.000,0,-,-,-,-,3693.6000,3693.0000,3692.8000,3685.6000,3685.0000,3696.2000,3697.0000,3697.4000,3697.6000,3698.0000,1,1,1,1,5,2,1,1,2,1
SF,IF2012,2020-05-26 09:33:34.000,3695.0000,4866,0,70992840.000,0,-,-,-,-,3693.8000,3693.6000,3693.0000,3692.8000,3685.6000,3696.2000,3697.0000,3697.4000,3697.6000,3698.0000,1,1,1,1,1,2,1,1,2,1
SF,IF2012,2020-05-26 09:33:34.500,3695.0000,4866,0,70992840.000,0,-,-,-,-,3694.0000,3693.8000,3693.0000,3692.8000,3685.6000,3696.2000,3697.0000,3697.4000,3697.6000,3698.0000,1,1,1,1,1,1,1,1,2,1
SF,IF2012,2020-05-26 09:33:35.000,3695.0000,4866,0,70992840.000,0,-,-,-,-,3694.2000,3694.0000,3693.8000,3693.0000,3692.8000,3697.0000,3697.4000,3697.6000,3698.0000,3698.2000,1,1,1,1,1,1,1,1,1,1
SF,IF2012,2020-05-26 09:33:35.500,3695.0000,4866,0,70992840.000,0,-,-,-,-,3694.4000,3694.2000,3693.0000,3692.8000,3685.6000,3696.8000,3697.0000,3697.4000,3697.6000,3698.0000,2,1,1,1,1,1,1,1,1,1
SF,IF2012,2020-05-26 09:33:36.000,3695.0000,4866,0,70992840.000,0,-,-,-,-,3694.6000,3694.4000,3694.2000,3693.0000,3692.8000,3696.8000,3697.4000,3697.6000,3698.0000,3698.2000,1,1,1,1,1,1,1,1,1,1
SF,IF2012,2020-05-26 09:33:36.500,3695.0000,4866,0,70992840.000,0,-,-,-,-,3694.6000,3694.4000,3693.0000,3692.8000,3685.6000,3696.8000,3697.4000,3697.6000,3698.0000,3698.2000,1,1,1,1,1,1,1,1,1,1
SF,IF2012,2020-05-26 09:33:37.000,3696.6000,4866,0,72101820.000,1,0,1,多换,S,3694.6000,3694.4000,3693.0000,3692.8000,3685.6000,3696.8000,3697.4000,3697.6000,3698.0000,3698.2000,1,1,1,1,1,1,1,1,1,1
SF,IF2012,2020-05-26 09:33:38.000,3696.6000,4866,0,72101820.000,0,-,-,-,-,3694.6000,3694.4000,3693.0000,3692.8000,3685.6000,3696.6000,3696.8000,3697.4000,3697.6000,3698.0000,1,1,1,1,1,1,1,1,1,1
SF,IF2012,2020-05-26 09:33:38.500,3696.6000,4866,0,72101820.000,0,-,-,-,-,3694.8000,3693.0000,3692.8000,3685.6000,3685.0000,3696.6000,3696.8000,3697.4000,3697.6000,3698.0000,1,1,1,1,5,1,1,1,1,1
SF,IF2012,2020-05-26 09:33:39.500,3696.6000,4866,0,72101820.000,0,-,-,-,-,3694.8000,3693.0000,3692.8000,3685.6000,3685.0000,3696.8000,3697.4000,3697.6000,3698.0000,3698.2000,1,1,1,1,5,1,1,1,1,1
SF,IF2012,2020-05-26 09:33:40.000,3696.6000,4866,0,72101820.000,0,-,-,-,-,3693.0000,3692.8000,3685.6000,3685.0000,3681.2000,3696.8000,3697.4000,3697.6000,3698.0000,3698.2000,1,1,1,5,1,1,1,1,1,1
SF,IF2012,2020-05-26 09:33:40.500,3696.6000,4866,0,72101820.000,0,-,-,-,-,3693.2000,3693.0000,3692.8000,3685.6000,3685.0000,3696.8000,3697.4000,3697.6000,3698.0000,3698.2000,4,1,1,1,5,1,1,1,1,1
SF,IF2012,2020-05-26 09:33:41.500,3696.6000,4866,0,72101820.000,0,-,-,-,-,3693.6000,3693.4000,3693.2000,3693.0000,3692.8000,3696.8000,3697.4000,3697.6000,3698.0000,3698.2000,2,1,3,1,1,1,1,1,1,1
SF,IF2012,2020-05-26 09:33:42.000,3696.6000,4866,0,72101820.000,0,-,-,-,-,3694.0000,3693.8000,3693.6000,3693.2000,3693.0000,3696.8000,3697.4000,3697.6000,3698.0000,3698.2000,1,4,2,2,1,1,1,1,1,1
SF,IF2012,2020-05-26 09:33:42.500,3696.6000,4866,0,72101820.000,0,-,-,-,-,3694.2000,3693.8000,3693.6000,3693.2000,3693.0000,3696.8000,3697.4000,3697.6000,3698.0000,3698.2000,4,2,2,2,1,1,1,1,1,1
SF,IF2012,2020-05-26 09:33:43.000,3696.6000,4866,0,72101820.000,0,-,-,-,-,3694.2000,3693.8000,3693.2000,3693.0000,3692.8000,3696.8000,3697.4000,3697.6000,3698.0000,3698.2000,4,2,2,1,1,1,1,1,1,1
SF,IF2012,2020-05-26 09:33:43.500,3696.6000,4866,0,72101820.000,0,-,-,-,-,3694.4000,3694.2000,3693.8000,3693.2000,3692.8000,3696.8000,3697.4000,3698.0000,3698.2000,3698.6000,2,4,2,2,1,1,1,1,1,1
SF,IF2012,2020-05-26 09:33:44.000,3696.6000,4866,0,72101820.000,0,-,-,-,-,3694.6000,3694.4000,3694.2000,3693.8000,3693.2000,3697.4000,3698.0000,3698.2000,3698.6000,3698.8000,1,2,2,2,2,1,1,1,1,2
SF,IF2012,2020-05-26 09:33:44.500,3696.6000,4866,0,72101820.000,0,-,-,-,-,3694.8000,3694.4000,3694.2000,3693.8000,3693.2000,3697.2000,3698.0000,3698.2000,3698.6000,3698.8000,1,2,1,2,2,1,1,1,1,2
SF,IF2012,2020-05-26 09:33:45.000,3696.6000,4866,0,72101820.000,0,-,-,-,-,3694.8000,3694.4000,3694.2000,3693.8000,3693.2000,3698.0000,3698.2000,3698.6000,3698.8000,3699.0000,1,2,1,2,2,1,1,1,2,1
SF,IF2012,2020-05-26 09:33:45.500,3696.6000,4866,0,72101820.000,0,-,-,-,-,3694.8000,3694.4000,3694.2000,3693.8000,3693.2000,3697.6000,3697.8000,3698.0000,3698.2000,3698.6000,1,1,1,2,2,1,1,1,1,1
SF,IF2012,2020-05-26 09:33:46.000,3696.6000,4866,0,72101820.000,0,-,-,-,-,3694.8000,3694.4000,3694.2000,3693.8000,3693.2000,3697.4000,3698.0000,3698.2000,3698.6000,3698.8000,1,1,1,2,2,2,1,1,1,2
SF,IF2012,2020-05-26 09:33:47.000,3696.6000,4866,0,72101820.000,0,-,-,-,-,3694.8000,3694.2000,3693.8000,3693.2000,3692.8000,3697.4000,3698.0000,3698.2000,3698.6000,3698.8000,1,1,2,2,1,2,1,1,1,2
SF,IF2012,2020-05-26 09:33:47.500,3696.6000,4866,0,72101820.000,0,-,-,-,-,3694.8000,3694.2000,3693.8000,3693.2000,3692.8000,3697.2000,3697.4000,3698.0000,3698.2000,3698.6000,1,1,2,2,1,1,2,1,1,1
SF,IF2012,2020-05-26 09:33:48.000,3696.6000,4866,0,72101820.000,0,-,-,-,-,3694.8000,3694.2000,3693.8000,3693.2000,3692.8000,3697.0000,3697.2000,3698.0000,3698.2000,3698.6000,1,1,2,2,1,2,1,1,1,1
SF,IF2012,2020-05-26 09:33:48.500,3696.6000,4866,0,72101820.000,0,-,-,-,-,3695.4000,3694.2000,3693.8000,3693.2000,3692.8000,3697.0000,3698.0000,3698.2000,3698.6000,3698.8000,1,1,2,2,1,2,1,1,1,2
SF,IF2012,2020-05-26 09:33:49.000,3696.6000,4866,0,72101820.000,0,-,-,-,-,3694.2000,3693.8000,3693.2000,3692.8000,3685.6000,3696.8000,3697.0000,3698.0000,3698.2000,3698.6000,1,2,2,1,1,1,1,1,1,1
SF,IF2012,2020-05-26 09:33:49.500,3696.6000,4866,0,72101820.000,0,-,-,-,-,3694.4000,3693.8000,3693.2000,3692.8000,3685.6000,3697.0000,3698.0000,3698.2000,3698.6000,3698.8000,1,2,2,1,1,1,1,1,1,2
SF,IF2012,2020-05-26 09:33:50.000,3696.6000,4866,0,72101820.000,0,-,-,-,-,3694.4000,3693.8000,3693.2000,3692.8000,3685.6000,3698.0000,3698.2000,3698.6000,3698.8000,3699.0000,1,2,2,1,1,1,1,1,2,1
SF,IF2012,2020-05-26 09:33:50.500,3696.6000,4866,0,72101820.000,0,-,-,-,-,3694.8000,3694.6000,3693.8000,3693.2000,3692.8000,3697.8000,3698.0000,3698.2000,3698.6000,3698.8000,1,1,2,2,1,2,1,1,1,2
SF,IF2012,2020-05-26 09:33:51.000,3696.6000,4866,0,72101820.000,0,-,-,-,-,3695.0000,3694.8000,3693.8000,3693.2000,3692.8000,3697.8000,3698.0000,3698.2000,3698.6000,3698.8000,1,1,2,2,1,2,1,1,1,2
SF,IF2012,2020-05-26 09:33:51.500,3696.6000,4866,0,72101820.000,0,-,-,-,-,3695.0000,3694.8000,3693.8000,3693.2000,3692.8000,3697.6000,3697.8000,3698.0000,3698.2000,3698.6000,1,1,2,2,1,2,1,1,1,1
SF,IF2012,2020-05-26 09:33:52.000,3696.6000,4866,0,72101820.000,0,-,-,-,-,3695.0000,3694.8000,3693.8000,3693.2000,3692.8000,3697.4000,3697.6000,3698.0000,3698.2000,3698.6000,1,1,2,2,1,1,3,1,1,1
SF,IF2012,2020-05-26 09:33:52.500,3696.6000,4866,0,72101820.000,0,-,-,-,-,3695.2000,3695.0000,3694.8000,3693.8000,3693.2000,3697.4000,3697.6000,3698.0000,3698.2000,3698.6000,2,1,1,2,2,1,1,1,1,1
SF,IF2012,2020-05-26 09:33:53.500,3696.6000,4866,0,72101820.000,0,-,-,-,-,3695.4000,3695.2000,3695.0000,3693.8000,3693.2000,3697.2000,3697.4000,3698.0000,3698.2000,3698.6000,1,1,1,2,2,1,1,1,1,1
SF,IF2012,2020-05-26 09:33:54.000,3696.6000,4866,0,72101820.000,0,-,-,-,-,3695.4000,3695.2000,3693.8000,3693.2000,3692.8000,3697.2000,3697.4000,3698.0000,3698.2000,3698.6000,1,1,2,2,1,1,1,1,1,1
SF,IF2012,2020-05-26 09:33:54.500,3696.6000,4866,0,72101820.000,0,-,-,-,-,3695.4000,3695.2000,3693.8000,3693.2000,3692.8000,3697.0000,3697.2000,3697.4000,3698.0000,3698.2000,1,1,2,2,1,1,1,1,1,1
SF,IF2012,2020-05-26 09:33:55.000,3696.6000,4866,0,72101820.000,0,-,-,-,-,3695.4000,3693.8000,3693.2000,3692.8000,3685.6000,3697.0000,3697.2000,3697.4000,3698.0000,3698.2000,1,2,2,1,1,1,1,1,1,1
SF,IF2012,2020-05-26 09:33:56.500,3696.6000,4866,0,72101820.000,0,-,-,-,-,3695.4000,3693.8000,3693.2000,3692.8000,3685.6000,3696.8000,3697.0000,3697.2000,3697.4000,3698.0000,1,2,2,1,1,1,1,1,1,1
SF,IF2012,2020-05-26 09:33:57.000,3695.4000,4865,-1,73210440.000,1,0,1,双平,S,3693.8000,3693.2000,3692.8000,3685.6000,3685.0000,3697.2000,3697.4000,3698.0000,3698.2000,3698.6000,2,2,1,1,5,1,1,1,1,1
SF,IF2012,2020-05-26 09:33:57.500,3695.4000,4865,0,73210440.000,0,-,-,-,-,3694.0000,3693.8000,3693.2000,3692.8000,3685.6000,3697.2000,3697.4000,3698.0000,3698.2000,3698.6000,3,2,2,1,1,1,1,1,1,1
SF,IF2012,2020-05-26 09:33:58.000,3695.4000,4865,0,73210440.000,0,-,-,-,-,3694.0000,3693.8000,3693.2000,3692.8000,3685.6000,3696.8000,3697.0000,3697.2000,3698.0000,3698.2000,3,2,2,1,1,1,1,1,1,1
SF,IF2012,2020-05-26 09:33:58.500,3695.4000,4865,0,73210440.000,0,-,-,-,-,3694.0000,3693.8000,3693.2000,3692.8000,3685.6000,3697.0000,3697.2000,3698.0000,3698.2000,3698.6000,2,2,2,1,1,1,1,1,1,1
SF,IF2012,2020-05-26 09:33:59.000,3695.4000,4865,0,73210440.000,0,-,-,-,-,3694.2000,3694.0000,3693.8000,3693.2000,3692.8000,3697.0000,3697.2000,3698.0000,3698.2000,3698.6000,1,2,2,2,1,1,1,1,1,1
SF,IF2012,2020-05-26 09:33:59.500,3695.4000,4865,0,73210440.000,0,-,-,-,-,3694.4000,3694.2000,3694.0000,3693.8000,3693.2000,3696.8000,3697.0000,3697.2000,3698.0000,3698.2000,3,1,1,2,2,1,1,1,1,1
SF,IF2012,2020-05-26 09:34:00.000,3695.4000,4865,0,73210440.000,0,-,-,-,-,3694.4000,3694.2000,3694.0000,3693.8000,3693.2000,3696.6000,3696.8000,3697.0000,3697.2000,3698.0000,1,1,1,2,2,1,1,1,1,1
SF,IF2012,2020-05-26 09:34:00.500,3695.4000,4865,0,73210440.000,0,-,-,-,-,3694.2000,3694.0000,3693.8000,3693.2000,3692.8000,3697.0000,3697.2000,3698.0000,3698.2000,3698.6000,1,1,2,2,1,1,1,1,1,1
SF,IF2012,2020-05-26 09:34:01.000,3695.4000,4865,0,73210440.000,0,-,-,-,-,3694.4000,3694.2000,3694.0000,3693.8000,3693.2000,3696.8000,3697.0000,3698.0000,3698.2000,3698.6000,2,1,1,2,2,1,1,1,1,1
SF,IF2012,2020-05-26 09:34:01.500,3695.4000,4865,0,73210440.000,0,-,-,-,-,3694.6000,3694.4000,3694.2000,3694.0000,3693.8000,3696.8000,3697.0000,3698.0000,3698.2000,3698.6000,2,1,1,1,2,1,1,1,1,1
SF,IF2012,2020-05-26 09:34:02.000,3695.4000,4865,0,73210440.000,0,-,-,-,-,3694.8000,3694.6000,3694.4000,3694.2000,3694.0000,3695.4000,3697.0000,3698.0000,3698.2000,3698.6000,1,2,1,1,1,1,1,1,1,1
SF,IF2012,2020-05-26 09:34:02.500,3695.4000,4864,-1,74319060.000,1,0,1,双平,S,3695.6000,3694.8000,3694.6000,3694.4000,3694.2000,3697.0000,3698.0000,3698.2000,3698.6000,3698.8000,7,1,1,1,1,1,1,1,1,2
SF,IF2012,2020-05-26 09:34:03.000,3695.4000,4864,0,74319060.000,0,-,-,-,-,3695.6000,3694.8000,3694.6000,3694.2000,3694.0000,3698.6000,3698.8000,3699.0000,3699.6000,3699.8000,7,1,1,1,1,1,2,1,1,4
SF,IF2012,2020-05-26 09:34:03.500,3695.4000,4864,0,74319060.000,0,-,-,-,-,3695.8000,3695.6000,3694.6000,3694.2000,3694.0000,3698.4000,3698.6000,3698.8000,3699.0000,3699.6000,2,7,1,1,1,2,1,2,1,1
SF,IF2012,2020-05-26 09:34:04.000,3695.4000,4864,0,74319060.000,0,-,-,-,-,3695.8000,3695.6000,3694.6000,3694.2000,3694.0000,3698.4000,3698.6000,3698.8000,3699.0000,3699.6000,2,7,1,1,1,1,1,2,1,1
SF,IF2012,2020-05-26 09:34:04.500,3695.4000,4864,0,74319060.000,0,-,-,-,-,3695.8000,3695.6000,3694.6000,3694.2000,3694.0000,3698.2000,3698.4000,3698.6000,3698.8000,3699.0000,1,7,1,1,1,1,1,1,2,1
SF,IF2012,2020-05-26 09:34:05.000,3695.4000,4864,0,74319060.000,0,-,-,-,-,3695.8000,3695.6000,3694.6000,3694.2000,3694.0000,3698.0000,3698.2000,3698.6000,3698.8000,3699.0000,1,7,1,1,1,3,1,1,2,1
SF,IF2012,2020-05-26 09:34:05.500,3695.4000,4864,0,74319060.000,0,-,-,-,-,3695.6000,3694.6000,3694.2000,3694.0000,3693.8000,3698.0000,3698.6000,3698.8000,3699.0000,3699.6000,7,1,1,1,2,3,1,2,1,1
SF,IF2012,2020-05-26 09:34:06.000,3695.4000,4864,0,74319060.000,0,-,-,-,-,3695.6000,3694.6000,3694.2000,3694.0000,3693.8000,3697.8000,3698.0000,3698.6000,3698.8000,3699.0000,7,1,1,1,2,1,2,1,2,1
SF,IF2012,2020-05-26 09:34:06.500,3695.4000,4864,0,74319060.000,0,-,-,-,-,3695.6000,3694.6000,3694.2000,3694.0000,3693.8000,3697.6000,3697.8000,3698.0000,3698.6000,3698.8000,7,1,1,1,2,1,1,1,1,2
SF,IF2012,2020-05-26 09:34:07.000,3695.4000,4864,0,74319060.000,0,-,-,-,-,3695.8000,3695.6000,3694.6000,3694.2000,3694.0000,3697.4000,3697.6000,3698.0000,3698.6000,3698.8000,1,7,1,1,1,1,1,1,1,2
SF,IF2012,2020-05-26 09:34:07.500,3695.4000,4864,0,74319060.000,0,-,-,-,-,3695.8000,3695.6000,3694.2000,3694.0000,3693.8000,3697.2000,3697.6000,3698.0000,3698.6000,3698.8000,1,7,1,1,2,1,1,1,1,2
SF,IF2012,2020-05-26 09:34:08.000,3695.4000,4864,0,74319060.000,0,-,-,-,-,3695.8000,3695.6000,3694.2000,3694.0000,3693.8000,3697.2000,3697.6000,3698.6000,3698.8000,3699.0000,1,7,1,1,2,1,1,1,2,1
SF,IF2012,2020-05-26 09:34:08.500,3695.4000,4864,0,74319060.000,0,-,-,-,-,3695.8000,3695.6000,3694.2000,3694.0000,3693.8000,3697.2000,3697.6000,3698.6000,3698.8000,3699.0000,1,7,1,1,2,1,1,1,2,1
SF,IF2012,2020-05-26 09:34:09.500,3695.4000,4864,0,74319060.000,0,-,-,-,-,3695.8000,3695.6000,3694.2000,3694.0000,3693.8000,3697.6000,3698.6000,3698.8000,3699.0000,3699.6000,1,7,1,1,2,1,1,2,1,1
SF,IF2012,2020-05-26 09:34:10.000,3695.4000,4864,0,74319060.000,0,-,-,-,-,3695.8000,3695.6000,3694.2000,3694.0000,3693.8000,3698.6000,3698.8000,3699.0000,3699.6000,3699.8000,1,7,1,1,2,1,2,1,1,4
SF,IF2012,2020-05-26 09:34:10.500,3695.4000,4864,0,74319060.000,0,-,-,-,-,3696.0000,3695.8000,3695.6000,3694.2000,3694.0000,3698.4000,3698.6000,3698.8000,3699.0000,3699.6000,1,1,7,1,1,2,1,2,1,1
SF,IF2012,2020-05-26 09:34:11.000,3695.4000,4864,0,74319060.000,0,-,-,-,-,3696.2000,3696.0000,3695.8000,3695.6000,3694.2000,3698.2000,3698.4000,3698.6000,3698.8000,3699.0000,1,1,1,7,1,1,1,1,2,1
SF,IF2012,2020-05-26 09:34:11.500,3695.4000,4864,0,74319060.000,0,-,-,-,-,3696.4000,3696.2000,3695.8000,3695.6000,3694.2000,3698.4000,3698.8000,3699.0000,3699.6000,3699.8000,2,1,1,7,1,1,2,1,1,4
SF,IF2012,2020-05-26 09:34:12.000,3695.4000,4864,0,74319060.000,0,-,-,-,-,3696.4000,3695.6000,3694.2000,3694.0000,3693.8000,3698.2000,3698.4000,3698.8000,3699.0000,3699.6000,1,7,1,1,2,1,1,2,1,1
SF,IF2012,2020-05-26 09:34:12.500,3695.4000,4864,0,74319060.000,0,-,-,-,-,3696.6000,3695.8000,3695.6000,3694.2000,3694.0000,3698.0000,3698.2000,3698.8000,3699.0000,3699.6000,1,1,7,1,1,1,1,2,1,1
SF,IF2012,2020-05-26 09:34:15.000,3695.4000,4864,0,74319060.000,0,-,-,-,-,3696.6000,3695.8000,3695.6000,3694.2000,3694.0000,3697.6000,3698.0000,3698.2000,3698.8000,3699.0000,1,1,7,1,1,1,1,1,2,1
SF,IF2012,2020-05-26 09:34:15.500,3695.4000,4864,0,74319060.000,0,-,-,-,-,3696.8000,3696.6000,3695.6000,3694.0000,3693.8000,3697.6000,3698.0000,3698.8000,3699.0000,3699.6000,1,1,7,1,2,1,1,2,1,1
SF,IF2012,2020-05-26 09:34:16.500,3696.6000,4864,0,75428040.000,1,0,1,多换,S,3696.8000,3696.6000,3695.6000,3694.0000,3693.8000,3697.6000,3698.0000,3698.8000,3699.0000,3699.6000,1,1,7,1,2,1,1,2,1,1
SF,IF2012,2020-05-26 09:34:17.000,3696.6000,4864,0,75428040.000,0,-,-,-,-,3696.8000,3695.6000,3694.0000,3693.8000,3693.2000,3697.6000,3698.0000,3698.8000,3699.0000,3699.6000,1,7,1,2,2,1,1,2,1,1
SF,IF2012,2020-05-26 09:34:17.500,3696.6000,4864,0,75428040.000,0,-,-,-,-,3695.8000,3695.6000,3694.0000,3693.8000,3693.2000,3697.6000,3698.0000,3698.8000,3699.0000,3699.6000,1,7,1,2,2,1,1,2,1,1
SF,IF2012,2020-05-26 09:34:21.500,3697.6000,4865,1,76537320.000,1,1,0,双开,S,3695.8000,3695.6000,3694.0000,3693.8000,3693.2000,3698.0000,3698.8000,3699.0000,3699.6000,3699.8000,1,7,1,2,2,1,2,1,1,4
SF,IF2012,2020-05-26 09:34:22.000,3697.6000,4865,0,76537320.000,0,-,-,-,-,3695.8000,3695.6000,3694.0000,3693.8000,3693.2000,3698.8000,3699.0000,3699.6000,3699.8000,3700.0000,1,7,1,2,2,2,1,1,4,2
SF,IF2012,2020-05-26 09:34:22.500,3697.6000,4865,0,76537320.000,0,-,-,-,-,3696.0000,3695.8000,3695.6000,3694.0000,3693.8000,3698.6000,3698.8000,3699.0000,3699.6000,3699.8000,1,1,7,1,2,1,2,1,1,4
SF,IF2012,2020-05-26 09:34:24.500,3697.6000,4865,0,76537320.000,0,-,-,-,-,3696.0000,3695.8000,3695.6000,3694.0000,3693.8000,3698.4000,3698.6000,3698.8000,3699.0000,3699.6000,1,1,7,1,2,1,1,2,1,1
SF,IF2012,2020-05-26 09:34:25.000,3697.6000,4865,0,76537320.000,0,-,-,-,-,3696.0000,3695.8000,3695.6000,3694.0000,3693.8000,3698.2000,3698.8000,3699.0000,3699.6000,3699.8000,1,1,7,1,2,2,2,1,1,4
SF,IF2012,2020-05-26 09:34:25.500,3697.6000,4865,0,76537320.000,0,-,-,-,-,3695.8000,3695.6000,3694.0000,3693.8000,3693.2000,3698.2000,3698.8000,3699.0000,3699.6000,3699.8000,1,7,1,2,2,2,2,1,1,4
SF,IF2012,2020-05-26 09:34:26.000,3697.6000,4865,0,76537320.000,0,-,-,-,-,3695.8000,3695.6000,3694.0000,3693.8000,3693.2000,3698.0000,3698.2000,3698.8000,3699.0000,3699.6000,1,7,1,2,2,1,1,2,1,1
SF,IF2012,2020-05-26 09:34:26.500,3697.6000,4865,0,76537320.000,0,-,-,-,-,3695.8000,3695.6000,3694.0000,3693.8000,3693.2000,3698.0000,3698.8000,3699.0000,3699.6000,3699.8000,1,7,1,2,2,1,2,1,1,4
SF,IF2012,2020-05-26 09:34:34.000,3697.6000,4865,0,76537320.000,0,-,-,-,-,3695.8000,3695.6000,3694.0000,3693.8000,3693.2000,3697.8000,3698.0000,3698.8000,3699.0000,3699.6000,1,7,1,2,2,2,1,2,1,1
SF,IF2012,2020-05-26 09:34:34.500,3697.6000,4865,0,76537320.000,0,-,-,-,-,3696.0000,3695.6000,3694.0000,3693.8000,3693.2000,3697.8000,3698.8000,3699.0000,3699.6000,3699.8000,1,7,1,2,2,1,2,1,1,4
SF,IF2012,2020-05-26 09:34:35.000,3697.6000,4865,0,76537320.000,0,-,-,-,-,3695.6000,3694.0000,3693.8000,3693.2000,3692.8000,3698.8000,3699.0000,3699.6000,3699.8000,3700.0000,7,1,2,2,1,2,1,1,4,2
SF,IF2012,2020-05-26 09:34:35.500,3697.6000,4865,0,76537320.000,0,-,-,-,-,3695.6000,3694.0000,3693.8000,3693.2000,3692.8000,3698.4000,3698.6000,3698.8000,3699.0000,3699.6000,7,1,2,2,1,1,3,2,1,1
SF,IF2012,2020-05-26 09:34:36.000,3697.6000,4865,0,76537320.000,0,-,-,-,-,3695.6000,3694.0000,3693.8000,3693.2000,3692.8000,3698.2000,3698.6000,3698.8000,3699.0000,3699.6000,7,1,2,2,1,2,1,2,1,1
SF,IF2012,2020-05-26 09:34:36.500,3697.6000,4865,0,76537320.000,0,-,-,-,-,3695.6000,3694.0000,3693.8000,3693.2000,3692.8000,3698.0000,3698.2000,3698.6000,3698.8000,3699.0000,7,1,2,2,1,1,2,1,2,1
SF,IF2012,2020-05-26 09:34:37.000,3697.6000,4865,0,76537320.000,0,-,-,-,-,3695.6000,3694.0000,3693.8000,3693.2000,3692.8000,3697.8000,3698.2000,3698.6000,3698.8000,3699.0000,7,1,2,2,1,2,1,1,2,1
SF,IF2012,2020-05-26 09:34:37.500,3697.6000,4865,0,76537320.000,0,-,-,-,-,3695.6000,3694.0000,3693.8000,3693.2000,3692.8000,3697.8000,3698.2000,3698.6000,3698.8000,3699.0000,7,1,2,2,1,1,1,1,2,1
SF,IF2012,2020-05-26 09:34:38.000,3697.6000,4865,0,76537320.000,0,-,-,-,-,3695.6000,3694.0000,3693.8000,3693.2000,3692.8000,3697.8000,3698.6000,3698.8000,3699.0000,3699.6000,7,1,2,2,1,1,1,2,1,1
SF,IF2012,2020-05-26 09:34:50.000,3697.6000,4865,0,76537320.000,0,-,-,-,-,3695.6000,3694.0000,3693.8000,3693.2000,3692.8000,3697.8000,3698.8000,3699.0000,3699.6000,3699.8000,7,1,2,2,1,1,2,1,1,4
SF,IF2012,2020-05-26 09:34:51.000,3697.6000,4865,0,76537320.000,0,-,-,-,-,3695.6000,3694.0000,3693.8000,3693.2000,3692.8000,3698.8000,3699.0000,3699.6000,3699.8000,3700.0000,7,1,2,2,1,2,1,1,4,2
SF,IF2012,2020-05-26 09:34:51.500,3697.6000,4865,0,76537320.000,0,-,-,-,-,3695.6000,3694.0000,3693.8000,3693.2000,3692.8000,3698.4000,3698.6000,3698.8000,3699.0000,3699.6000,7,1,2,2,1,1,3,2,1,1
SF,IF2012,2020-05-26 09:34:52.000,3697.6000,4865,0,76537320.000,0,-,-,-,-,3695.6000,3694.0000,3693.8000,3693.2000,3692.8000,3698.2000,3698.4000,3698.8000,3699.0000,3699.6000,7,1,2,2,1,2,1,2,1,1
SF,IF2012,2020-05-26 09:34:52.500,3697.6000,4865,0,76537320.000,0,-,-,-,-,3695.6000,3694.0000,3693.8000,3693.2000,3692.8000,3698.0000,3698.2000,3698.4000,3698.8000,3699.0000,7,1,2,2,1,1,2,1,2,1
SF,IF2012,2020-05-26 09:34:53.000,3697.6000,4865,0,76537320.000,0,-,-,-,-,3695.6000,3694.0000,3693.8000,3693.2000,3692.8000,3697.8000,3698.2000,3698.8000,3699.0000,3699.6000,7,1,2,2,1,2,1,2,1,1
SF,IF2012,2020-05-26 09:34:53.500,3697.6000,4865,0,76537320.000,0,-,-,-,-,3695.6000,3694.0000,3693.8000,3693.2000,3692.8000,3697.8000,3698.2000,3698.8000,3699.0000,3699.6000,7,1,2,2,1,1,1,2,1,1
SF,IF2012,2020-05-26 09:34:55.000,3697.6000,4865,0,76537320.000,0,-,-,-,-,3695.8000,3695.6000,3694.0000,3693.8000,3693.2000,3698.2000,3698.8000,3699.0000,3699.6000,3699.8000,1,7,1,2,2,1,2,1,1,4
SF,IF2012,2020-05-26 09:34:55.500,3697.6000,4865,0,76537320.000,0,-,-,-,-,3696.0000,3695.8000,3695.6000,3694.0000,3693.8000,3698.8000,3699.0000,3699.6000,3699.8000,3700.0000,1,1,7,1,2,2,1,1,4,2
SF,IF2012,2020-05-26 09:34:56.000,3697.6000,4865,0,76537320.000,0,-,-,-,-,3696.2000,3695.6000,3694.0000,3693.8000,3693.2000,3698.6000,3698.8000,3699.0000,3699.6000,3699.8000,1,7,1,2,2,2,2,1,1,4
SF,IF2012,2020-05-26 09:34:56.500,3697.6000,4865,0,76537320.000,0,-,-,-,-,3696.2000,3695.6000,3694.0000,3693.8000,3693.2000,3698.4000,3698.6000,3698.8000,3699.0000,3699.6000,1,7,1,2,2,1,1,2,1,1
SF,IF2012,2020-05-26 09:34:57.000,3697.6000,4865,0,76537320.000,0,-,-,-,-,3695.6000,3694.0000,3693.8000,3693.2000,3692.8000,3698.2000,3698.4000,3698.8000,3699.0000,3699.6000,7,1,2,2,1,1,1,2,1,1
SF,IF2012,2020-05-26 09:34:57.500,3697.6000,4865,0,76537320.000,0,-,-,-,-,3695.6000,3694.0000,3693.8000,3693.2000,3692.8000,3698.2000,3698.8000,3699.0000,3699.6000,3699.8000,7,1,2,2,1,1,2,1,1,4
SF,IF2012,2020-05-26 09:35:00.500,3697.6000,4865,0,76537320.000,0,-,-,-,-,3695.6000,3694.0000,3693.8000,3693.2000,3692.8000,3698.2000,3698.8000,3699.0000,3699.6000,3699.8000,7,1,2,2,1,1,2,1,1,4
SF,IF2012,2020-05-26 09:35:01.000,3697.6000,4865,0,76537320.000,0,-,-,-,-,3695.6000,3694.0000,3693.8000,3693.2000,3692.8000,3698.0000,3698.2000,3698.8000,3699.0000,3699.6000,7,1,2,2,1,1,1,2,1,1
SF,IF2012,2020-05-26 09:35:01.500,3697.6000,4865,0,76537320.000,0,-,-,-,-,3695.6000,3694.0000,3693.8000,3693.2000,3692.8000,3697.8000,3698.8000,3699.0000,3699.6000,3699.8000,7,1,2,2,1,2,2,1,1,4
SF,IF2012,2020-05-26 09:35:02.000,3697.6000,4865,0,76537320.000,0,-,-,-,-,3695.6000,3694.0000,3693.8000,3693.2000,3692.8000,3697.8000,3698.8000,3699.0000,3699.6000,3699.8000,7,1,2,2,1,1,2,1,1,4
SF,IF2012,2020-05-26 09:35:02.500,3697.6000,4865,0,76537320.000,0,-,-,-,-,3695.6000,3694.0000,3693.8000,3693.2000,3692.8000,3698.8000,3699.0000,3699.6000,3699.8000,3700.0000,7,1,2,2,1,2,1,1,4,2
SF,IF2012,2020-05-26 09:35:03.000,3697.6000,4865,0,76537320.000,0,-,-,-,-,3695.8000,3695.6000,3694.0000,3693.8000,3693.2000,3698.4000,3698.6000,3698.8000,3699.0000,3699.6000,1,7,1,2,2,1,2,2,1,1
SF,IF2012,2020-05-26 09:35:03.500,3697.6000,4865,0,76537320.000,0,-,-,-,-,3695.8000,3695.6000,3694.0000,3693.8000,3693.2000,3698.2000,3698.8000,3699.0000,3699.6000,3699.8000,1,7,1,2,2,1,2,1,1,4
SF,IF2012,2020-05-26 09:35:04.000,3697.6000,4865,0,76537320.000,0,-,-,-,-,3696.0000,3695.8000,3695.6000,3694.0000,3693.8000,3698.2000,3698.8000,3699.0000,3699.6000,3699.8000,1,1,7,1,2,1,2,1,1,4
SF,IF2012,2020-05-26 09:35:07.000,3697.6000,4865,0,76537320.000,0,-,-,-,-,3696.0000,3695.8000,3695.6000,3694.0000,3693.8000,3698.8000,3699.0000,3699.6000,3699.8000,3700.0000,1,1,7,1,2,2,1,1,4,2
SF,IF2012,2020-05-26 09:35:07.500,3697.6000,4865,0,76537320.000,0,-,-,-,-,3696.2000,3695.6000,3694.0000,3693.8000,3693.2000,3698.8000,3699.0000,3699.6000,3699.8000,3700.0000,3,7,1,2,2,2,1,1,4,2
SF,IF2012,2020-05-26 09:35:10.500,3697.6000,4865,0,76537320.000,0,-,-,-,-,3696.2000,3695.6000,3694.0000,3693.8000,3693.2000,3698.8000,3699.0000,3699.8000,3700.0000,3700.4000,3,7,1,2,2,2,1,4,2,1
SF,IF2012,2020-05-26 09:35:11.500,3697.6000,4865,0,76537320.000,0,-,-,-,-,3696.6000,3696.2000,3695.6000,3694.0000,3693.8000,3698.8000,3699.0000,3699.8000,3700.0000,3700.8000,1,2,7,1,2,2,1,4,1,2
SF,IF2012,2020-05-26 09:35:12.000,3698.8000,4863,-2,78756600.000,2,0,2,双平,S,3697.2000,3697.0000,3696.8000,3696.2000,3695.6000,3699.0000,3699.8000,3700.0000,3700.8000,3701.0000,2,1,2,2,7,1,4,1,2,2
SF,IF2012,2020-05-26 09:35:12.500,3698.8000,4863,0,78756600.000,0,-,-,-,-,3697.4000,3697.2000,3697.0000,3696.8000,3696.2000,3699.0000,3699.8000,3700.0000,3700.8000,3701.0000,1,2,1,2,2,1,4,1,2,2
SF,IF2012,2020-05-26 09:35:13.000,3698.8000,4863,0,78756600.000,0,-,-,-,-,3697.6000,3696.8000,3696.2000,3695.6000,3694.0000,3699.0000,3699.8000,3700.0000,3700.8000,3701.0000,1,2,2,7,1,1,4,1,2,2
SF,IF2012,2020-05-26 09:35:14.500,3698.8000,4863,0,78756600.000,0,-,-,-,-,3697.8000,3697.6000,3696.8000,3696.2000,3695.6000,3699.0000,3699.8000,3700.0000,3700.8000,3701.0000,1,1,2,2,7,1,4,1,2,2
SF,IF2012,2020-05-26 09:35:15.000,3698.8000,4863,0,78756600.000,0,-,-,-,-,3697.8000,3696.8000,3696.2000,3695.6000,3694.0000,3699.0000,3699.8000,3700.0000,3700.8000,3701.0000,1,2,2,7,1,1,4,1,2,2
SF,IF2012,2020-05-26 09:35:15.500,3698.8000,4863,0,78756600.000,0,-,-,-,-,3696.8000,3696.2000,3695.6000,3694.0000,3693.8000,3699.0000,3699.8000,3700.0000,3700.8000,3701.0000,2,2,7,1,2,1,4,1,2,2
SF,IF2012,2020-05-26 09:35:16.000,3698.8000,4863,0,78756600.000,0,-,-,-,-,3697.2000,3697.0000,3696.8000,3696.2000,3695.6000,3699.0000,3699.8000,3700.0000,3700.8000,3701.0000,3,3,2,2,7,1,4,1,1,2
SF,IF2012,2020-05-26 09:35:16.500,3699.0000,4863,0,79866300.000,1,0,1,多换,S,3697.4000,3697.2000,3697.0000,3696.8000,3696.2000,3699.8000,3700.0000,3700.8000,3701.2000,3702.8000,4,3,2,2,2,4,1,1,1,3
SF,IF2012,2020-05-26 09:35:17.000,3699.0000,4863,0,79866300.000,0,-,-,-,-,3697.6000,3697.4000,3697.2000,3697.0000,3696.8000,3699.8000,3700.0000,3700.8000,3701.2000,3702.8000,1,4,2,2,2,4,1,1,1,3
SF,IF2012,2020-05-26 09:35:17.500,3699.0000,4863,0,79866300.000,0,-,-,-,-,3697.8000,3697.6000,3697.4000,3697.2000,3697.0000,3699.8000,3700.0000,3700.8000,3702.8000,3704.8000,3,1,2,2,2,4,1,1,3,1
SF,IF2012,2020-05-26 09:35:18.000,3699.0000,4863,0,79866300.000,0,-,-,-,-,3698.0000,3697.8000,3697.4000,3697.2000,3697.0000,3699.8000,3700.0000,3700.8000,3702.8000,3704.8000,1,3,2,2,2,4,1,1,3,1
SF,IF2012,2020-05-26 09:35:18.500,3699.0000,4863,0,79866300.000,0,-,-,-,-,3698.2000,3698.0000,3697.8000,3697.4000,3697.2000,3699.8000,3700.0000,3700.8000,3702.8000,3704.8000,3,1,2,2,2,4,1,1,3,1
SF,IF2012,2020-05-26 09:35:19.000,3699.0000,4863,0,79866300.000,0,-,-,-,-,3698.4000,3698.2000,3697.8000,3697.4000,3697.2000,3699.8000,3700.0000,3700.8000,3702.8000,3704.8000,1,3,2,2,2,4,1,1,3,1
SF,IF2012,2020-05-26 09:35:19.500,3700.0000,4860,-3,85416060.000,5,1,4,多平,S,3700.0000,3698.6000,3698.2000,3697.8000,3697.4000,3700.8000,3702.8000,3704.8000,3706.0000,3706.6000,2,4,2,2,2,1,3,1,2,1
SF,IF2012,2020-05-26 09:35:20.000,3700.0000,4859,-1,87636060.000,2,0,2,多平,S,3698.6000,3698.2000,3697.8000,3697.4000,3697.2000,3700.8000,3702.8000,3704.8000,3706.0000,3706.6000,3,2,2,2,2,1,3,1,2,1
SF,IF2012,2020-05-26 09:35:20.500,3700.0000,4859,0,87636060.000,0,-,-,-,-,3698.6000,3698.2000,3697.8000,3697.4000,3697.2000,3700.6000,3700.8000,3702.8000,3704.8000,3706.0000,1,2,2,2,2,1,1,3,1,2
SF,IF2012,2020-05-26 09:35:21.000,3700.0000,4859,0,87636060.000,0,-,-,-,-,3698.6000,3698.2000,3697.8000,3697.4000,3697.2000,3700.4000,3700.6000,3700.8000,3702.8000,3704.8000,1,2,2,2,2,1,1,1,3,1
SF,IF2012,2020-05-26 09:35:21.500,3700.0000,4859,0,87636060.000,0,-,-,-,-,3698.8000,3698.6000,3698.2000,3697.8000,3697.4000,3700.6000,3700.8000,3702.8000,3704.8000,3706.0000,2,1,2,2,2,1,1,3,1,2
SF,IF2012,2020-05-26 09:35:22.000,3700.0000,4859,0,87636060.000,0,-,-,-,-,3698.6000,3697.8000,3697.4000,3697.2000,3697.0000,3700.6000,3700.8000,3702.8000,3704.8000,3706.0000,1,2,2,2,2,1,1,3,1,2
SF,IF2012,2020-05-26 09:35:22.500,3700.0000,4859,0,87636060.000,0,-,-,-,-,3698.8000,3698.6000,3697.8000,3697.4000,3697.2000,3700.8000,3702.8000,3704.8000,3706.0000,3706.6000,2,1,2,2,2,1,3,1,2,1
SF,IF2012,2020-05-26 09:35:23.000,3700.0000,4859,0,87636060.000,0,-,-,-,-,3699.0000,3697.8000,3697.4000,3697.2000,3697.0000,3700.6000,3700.8000,3702.8000,3704.8000,3706.0000,2,2,2,2,2,1,1,3,1,2
SF,IF2012,2020-05-26 09:35:23.500,3700.0000,4859,0,87636060.000,0,-,-,-,-,3699.2000,3699.0000,3697.8000,3697.4000,3697.2000,3700.8000,3702.8000,3704.8000,3706.0000,3706.6000,2,1,2,2,2,1,3,1,2,1
SF,IF2012,2020-05-26 09:35:24.000,3700.0000,4859,0,87636060.000,0,-,-,-,-,3699.0000,3697.8000,3697.4000,3697.2000,3697.0000,3700.6000,3700.8000,3702.8000,3704.8000,3706.0000,1,2,2,2,2,1,1,3,1,2
SF,IF2012,2020-05-26 09:35:24.500,3700.0000,4859,0,87636060.000,0,-,-,-,-,3699.2000,3699.0000,3697.8000,3697.4000,3697.2000,3700.8000,3702.8000,3704.8000,3706.0000,3706.6000,2,1,2,2,2,1,3,1,2,1
SF,IF2012,2020-05-26 09:35:25.000,3700.0000,4859,0,87636060.000,0,-,-,-,-,3699.4000,3699.0000,3697.8000,3697.4000,3697.2000,3700.8000,3702.8000,3704.8000,3706.0000,3706.6000,2,1,2,2,2,1,3,1,2,1
SF,IF2012,2020-05-26 09:35:26.000,3700.0000,4859,0,87636060.000,0,-,-,-,-,3699.6000,3699.4000,3699.0000,3697.8000,3697.4000,3700.8000,3702.8000,3704.8000,3706.0000,3706.6000,1,1,1,2,2,1,3,1,2,1
SF,IF2012,2020-05-26 09:35:26.500,3700.0000,4859,0,87636060.000,0,-,-,-,-,3699.6000,3699.0000,3697.8000,3697.4000,3697.2000,3700.8000,3702.8000,3704.8000,3706.0000,3706.6000,1,1,2,2,2,1,3,1,2,1
SF,IF2012,2020-05-26 09:35:27.500,3700.8000,4859,0,88746300.000,1,0,1,多换,S,3699.6000,3699.0000,3697.8000,3697.4000,3697.2000,3702.8000,3704.8000,3706.0000,3706.6000,3707.0000,1,1,2,2,2,3,1,2,1,1
SF,IF2012,2020-05-26 09:35:28.000,3700.8000,4859,0,88746300.000,0,-,-,-,-,3699.8000,3697.8000,3697.4000,3697.2000,3697.0000,3702.4000,3702.6000,3702.8000,3704.8000,3706.0000,3,2,2,2,2,1,1,3,1,2
SF,IF2012,2020-05-26 09:35:28.500,3700.8000,4859,0,88746300.000,0,-,-,-,-,3700.0000,3699.8000,3697.8000,3697.4000,3697.2000,3702.2000,3702.4000,3702.8000,3704.8000,3706.0000,1,2,2,2,2,1,1,3,1,2
SF,IF2012,2020-05-26 09:35:29.000,3700.8000,4859,0,88746300.000,0,-,-,-,-,3699.8000,3697.8000,3697.4000,3697.2000,3697.0000,3702.0000,3702.2000,3702.4000,3702.8000,3704.8000,1,2,2,2,3,1,1,1,3,1
SF,IF2012,2020-05-26 09:35:29.500,3700.8000,4859,0,88746300.000,0,-,-,-,-,3697.8000,3697.4000,3697.2000,3697.0000,3696.8000,3701.8000,3702.0000,3702.4000,3702.8000,3704.8000,2,2,2,3,2,1,1,1,3,1
SF,IF2012,2020-05-26 09:35:30.000,3700.8000,4859,0,88746300.000,0,-,-,-,-,3698.0000,3697.8000,3697.4000,3697.2000,3697.0000,3701.8000,3702.8000,3704.8000,3706.0000,3706.6000,4,2,2,2,3,1,3,1,2,1
SF,IF2012,2020-05-26 09:35:30.500,3700.8000,4859,0,88746300.000,0,-,-,-,-,3698.2000,3698.0000,3697.8000,3697.4000,3697.2000,3701.8000,3702.8000,3704.8000,3706.0000,3706.6000,2,3,1,2,2,1,3,1,2,1
SF,IF2012,2020-05-26 09:35:31.000,3700.8000,4859,0,88746300.000,0,-,-,-,-,3698.4000,3698.2000,3698.0000,3697.8000,3697.4000,3701.8000,3702.8000,3704.8000,3706.0000,3706.6000,4,1,1,1,2,1,3,1,2,1
SF,IF2012,2020-05-26 09:35:31.500,3700.8000,4859,0,88746300.000,0,-,-,-,-,3698.6000,3698.4000,3698.0000,3697.8000,3697.4000,3701.8000,3702.8000,3704.8000,3706.0000,3706.6000,2,3,1,1,2,1,3,1,2,1
SF,IF2012,2020-05-26 09:35:32.000,3700.8000,4859,0,88746300.000,0,-,-,-,-,3699.0000,3698.8000,3698.6000,3698.4000,3698.0000,3701.8000,3702.8000,3704.8000,3706.0000,3706.6000,1,4,1,1,1,1,3,1,2,1
SF,IF2012,2020-05-26 09:35:32.500,3700.8000,4859,0,88746300.000,0,-,-,-,-,3699.2000,3698.8000,3698.4000,3698.0000,3697.8000,3701.6000,3701.8000,3702.8000,3704.8000,3706.0000,6,1,1,1,1,1,1,3,1,2
SF,IF2012,2020-05-26 09:35:33.000,3700.8000,4859,0,88746300.000,0,-,-,-,-,3699.4000,3699.2000,3698.8000,3698.4000,3698.0000,3701.4000,3701.6000,3702.8000,3704.8000,3706.0000,1,1,1,1,1,1,1,3,1,2
SF,IF2012,2020-05-26 09:35:33.500,3700.8000,4859,0,88746300.000,0,-,-,-,-,3699.4000,3699.2000,3698.8000,3698.4000,3698.0000,3701.2000,3701.4000,3702.8000,3704.8000,3706.0000,1,1,1,1,1,1,1,3,1,2
SF,IF2012,2020-05-26 09:35:34.000,3700.8000,4859,0,88746300.000,0,-,-,-,-,3699.6000,3699.2000,3698.8000,3698.4000,3698.0000,3701.4000,3702.8000,3704.8000,3706.0000,3706.6000,3,1,1,1,1,1,3,1,2,1
SF,IF2012,2020-05-26 09:35:34.500,3700.8000,4859,0,88746300.000,0,-,-,-,-,3699.2000,3698.8000,3698.4000,3698.0000,3697.8000,3701.4000,3702.8000,3704.8000,3706.0000,3706.6000,1,1,1,1,1,1,3,1,2,1
SF,IF2012,2020-05-26 09:35:35.000,3700.8000,4859,0,88746300.000,0,-,-,-,-,3699.4000,3699.2000,3698.8000,3698.4000,3698.0000,3701.4000,3702.8000,3704.8000,3706.0000,3706.6000,1,1,1,1,1,1,3,1,2,1
SF,IF2012,2020-05-26 09:35:35.500,3700.8000,4859,0,88746300.000,0,-,-,-,-,3699.6000,3699.2000,3698.8000,3698.4000,3698.0000,3701.2000,3701.4000,3702.8000,3704.8000,3706.0000,1,1,1,1,1,1,1,3,1,2
SF,IF2012,2020-05-26 09:35:36.000,3700.8000,4859,0,88746300.000,0,-,-,-,-,3699.6000,3699.2000,3698.8000,3698.4000,3698.0000,3701.4000,3702.8000,3704.8000,3706.0000,3706.6000,1,1,1,1,1,1,3,1,2,1
SF,IF2012,2020-05-26 09:35:37.500,3700.8000,4859,0,88746300.000,0,-,-,-,-,3699.8000,3699.2000,3698.8000,3698.4000,3698.0000,3701.4000,3702.8000,3704.8000,3706.0000,3706.6000,1,1,1,1,1,1,3,1,2,1
SF,IF2012,2020-05-26 09:35:38.000,3700.8000,4859,0,88746300.000,0,-,-,-,-,3699.2000,3698.4000,3698.0000,3697.8000,3697.4000,3701.2000,3701.4000,3702.8000,3704.8000,3706.0000,1,1,1,1,2,1,1,3,1,2
SF,IF2012,2020-05-26 09:35:38.500,3700.8000,4859,0,88746300.000,0,-,-,-,-,3699.4000,3699.2000,3698.4000,3698.0000,3697.8000,3701.4000,3702.8000,3704.8000,3706.0000,3706.6000,2,1,1,1,1,1,3,1,2,1
SF,IF2012,2020-05-26 09:35:39.000,3700.8000,4859,0,88746300.000,0,-,-,-,-,3699.6000,3699.2000,3698.4000,3698.0000,3697.8000,3701.2000,3701.4000,3702.8000,3704.8000,3706.0000,1,1,1,1,1,1,1,3,1,2
SF,IF2012,2020-05-26 09:35:39.500,3700.8000,4859,0,88746300.000,0,-,-,-,-,3699.8000,3699.2000,3698.4000,3698.0000,3697.8000,3701.4000,3702.8000,3704.8000,3706.0000,3706.6000,2,1,1,1,1,1,3,1,2,1
SF,IF2012,2020-05-26 09:35:40.000,3700.8000,4859,0,88746300.000,0,-,-,-,-,3700.8000,3700.0000,3699.8000,3699.2000,3698.4000,3701.4000,3702.8000,3704.8000,3706.0000,3706.6000,5,1,1,1,1,1,3,1,2,1
SF,IF2012,2020-05-26 09:35:40.500,3700.8000,4859,0,88746300.000,0,-,-,-,-,3700.8000,3700.0000,3699.8000,3699.2000,3698.4000,3702.8000,3704.8000,3706.0000,3706.6000,3707.0000,5,1,1,1,1,3,1,2,1,1
SF,IF2012,2020-05-26 09:35:41.000,3700.8000,4859,0,88746300.000,0,-,-,-,-,3700.8000,3700.0000,3699.8000,3699.2000,3698.4000,3702.6000,3702.8000,3704.8000,3706.0000,3706.6000,5,1,1,1,1,2,3,1,2,1
SF,IF2012,2020-05-26 09:35:43.500,3700.8000,4859,0,88746300.000,0,-,-,-,-,3701.0000,3700.8000,3700.0000,3699.2000,3698.4000,3702.6000,3702.8000,3704.8000,3706.0000,3706.6000,1,5,1,1,1,2,3,1,2,1
SF,IF2012,2020-05-26 09:35:44.000,3700.8000,4859,0,88746300.000,0,-,-,-,-,3701.2000,3700.8000,3700.0000,3699.2000,3698.4000,3702.6000,3702.8000,3704.8000,3706.0000,3706.6000,1,5,1,1,1,1,3,1,2,1
SF,IF2012,2020-05-26 09:35:46.000,3700.8000,4859,0,88746300.000,0,-,-,-,-,3700.8000,3700.0000,3699.2000,3698.4000,3698.0000,3702.6000,3702.8000,3704.8000,3706.0000,3706.6000,5,1,1,1,1,1,3,1,2,1
SF,IF2012,2020-05-26 09:35:46.500,3700.8000,4863,4,93187260.000,4,4,0,双开,S,3700.8000,3700.0000,3699.2000,3698.4000,3698.0000,3702.6000,3702.8000,3704.8000,3706.0000,3706.6000,1,1,1,1,1,1,3,1,2,1
SF,IF2012,2020-05-26 09:35:47.000,3700.8000,4863,0,94297500.000,1,0,1,多换,S,3700.0000,3699.2000,3698.4000,3698.0000,3697.8000,3702.4000,3702.6000,3702.8000,3704.8000,3706.0000,1,1,1,1,1,1,1,3,1,2
SF,IF2012,2020-05-26 09:35:47.500,3700.8000,4863,0,94297500.000,0,-,-,-,-,3700.2000,3700.0000,3699.2000,3698.4000,3698.0000,3702.2000,3702.8000,3704.8000,3706.0000,3706.6000,1,1,1,1,1,4,3,1,2,1
SF,IF2012,2020-05-26 09:35:48.000,3700.8000,4863,0,94297500.000,0,-,-,-,-,3700.4000,3700.0000,3699.2000,3698.4000,3698.0000,3702.2000,3702.8000,3704.8000,3706.0000,3706.6000,1,1,1,1,1,2,4,1,2,1
SF,IF2012,2020-05-26 09:35:51.000,3700.8000,4863,0,94297500.000,0,-,-,-,-,3700.4000,3700.0000,3699.2000,3698.4000,3698.0000,3702.2000,3702.8000,3704.8000,3706.0000,3706.6000,1,1,1,1,2,2,4,1,2,1
SF,IF2012,2020-05-26 09:35:52.000,3700.8000,4863,0,94297500.000,0,-,-,-,-,3700.6000,3700.0000,3699.2000,3698.4000,3698.0000,3702.2000,3702.8000,3704.8000,3706.0000,3706.6000,1,1,1,1,2,2,4,1,2,1
SF,IF2012,2020-05-26 09:35:52.500,3700.8000,4863,0,94297500.000,0,-,-,-,-,3700.6000,3700.0000,3699.2000,3698.4000,3698.0000,3702.0000,3702.2000,3702.8000,3704.8000,3706.0000,1,1,1,1,2,2,2,4,1,2
SF,IF2012,2020-05-26 09:35:53.000,3700.8000,4863,0,94297500.000,0,-,-,-,-,3700.6000,3700.0000,3699.2000,3698.4000,3698.0000,3701.8000,3702.0000,3702.2000,3702.8000,3704.8000,1,1,1,1,2,1,1,1,4,1
SF,IF2012,2020-05-26 09:35:53.500,3700.8000,4863,0,94297500.000,0,-,-,-,-,3700.0000,3699.2000,3698.4000,3698.0000,3697.8000,3701.6000,3701.8000,3702.2000,3702.8000,3704.8000,1,1,1,2,1,2,1,1,4,1
SF,IF2012,2020-05-26 09:35:54.000,3700.8000,4863,0,94297500.000,0,-,-,-,-,3700.2000,3700.0000,3699.8000,3699.2000,3698.4000,3701.4000,3701.6000,3701.8000,3702.8000,3704.8000,1,1,1,1,1,1,1,1,4,1
SF,IF2012,2020-05-26 09:35:54.500,3700.8000,4863,0,94297500.000,0,-,-,-,-,3700.4000,3700.0000,3699.8000,3699.2000,3698.4000,3701.6000,3701.8000,3702.8000,3704.8000,3706.0000,1,1,1,1,1,1,1,4,1,2
SF,IF2012,2020-05-26 09:35:55.000,3700.4000,4862,-1,95407620.000,1,0,1,双平,S,3700.0000,3699.8000,3699.2000,3698.4000,3698.0000,3701.4000,3702.8000,3704.8000,3706.0000,3706.6000,1,1,1,1,2,2,4,1,2,1
SF,IF2012,2020-05-26 09:35:55.500,3699.8000,4861,-1,97627560.000,2,0,2,多平,S,3698.0000,3697.8000,3697.4000,3697.2000,3697.0000,3701.2000,3701.4000,3702.8000,3704.8000,3706.0000,2,1,2,2,2,1,2,4,1,2
SF,IF2012,2020-05-26 09:35:56.000,3699.8000,4861,0,97627560.000,0,-,-,-,-,3698.4000,3698.2000,3698.0000,3697.4000,3697.0000,3700.8000,3701.0000,3701.2000,3701.4000,3702.8000,1,1,1,2,2,1,3,1,1,4
SF,IF2012,2020-05-26 09:35:56.500,3699.8000,4861,0,97627560.000,0,-,-,-,-,3698.6000,3698.0000,3697.0000,3696.8000,3696.2000,3700.6000,3700.8000,3701.0000,3701.2000,3701.4000,1,1,2,2,1,3,1,1,1,1
SF,IF2012,2020-05-26 09:35:57.000,3698.6000,4860,-1,98737140.000,1,0,1,双平,S,3698.0000,3697.0000,3696.8000,3696.2000,3694.0000,3700.4000,3700.6000,3701.0000,3701.2000,3701.4000,1,2,2,1,1,1,3,1,1,1
SF,IF2012,2020-05-26 09:35:57.500,3698.6000,4860,0,98737140.000,0,-,-,-,-,3698.0000,3696.8000,3696.2000,3694.0000,3693.8000,3700.2000,3700.6000,3701.0000,3701.2000,3701.4000,1,2,1,1,2,4,1,1,1,1
