市场代码,合约代码,时间,最新,持仓,增仓,成交额,成交量,开仓,平仓,成交类型,方向,买一价,买二价,买三价,买四价,买五价,卖一价,卖二价,卖三价,卖四价,卖五价,买一量,买二量,买三量,买四量,买五量,卖一量,卖二量,卖三量,卖四量,卖五量
SF,IF2009,2020-06-23 09:29:00.000,4005.8000,45669,0,43262640.000,36.000,-,-,-,-,4005.0000,4004.4000,4003.0000,4002.0000,4001.4000,4006.0000,4010.0000,4013.0000,4015.0000,4017.2000,1,1,1,1,2,1,10,1,5,1
SF,IF2009,2020-06-23 09:30:00.500,4001.0000,45677,8,62470020.000,16,12,4,空开,S,3998.0000,3995.2000,3995.0000,3992.2000,3990.6000,4001.0000,4002.0000,4002.2000,4002.4000,4002.6000,3,1,2,3,1,1,3,3,2,1
SF,IF2009,2020-06-23 09:30:01.000,4000.8000,45671,-6,84064680.000,18,6,12,多平,S,3995.0000,3990.6000,3990.2000,3990.0000,3988.0000,4001.0000,4001.8000,4002.0000,4002.2000,4002.6000,2,1,1,1,5,4,2,5,3,1
SF,IF2009,2020-06-23 09:30:01.500,3995.2000,45667,-4,96053400.000,10,3,7,多平,S,3995.2000,3995.0000,3990.6000,3990.2000,3990.0000,3995.8000,3996.6000,3997.2000,3998.4000,3999.6000,1,2,1,1,1,1,1,1,1,1
SF,IF2009,2020-06-23 09:30:02.000,3995.8000,45666,-1,104447280.000,7,3,4,多平,S,3995.8000,3995.2000,3995.0000,3990.6000,3990.2000,3999.8000,4000.4000,4000.8000,4002.0000,4002.8000,2,3,2,1,1,1,2,4,4,1
SF,IF2009,2020-06-23 09:30:02.500,3996.0000,45663,-3,108044160.000,3,0,3,双平,S,3996.0000,3995.8000,3995.2000,3995.0000,3990.6000,3997.6000,3999.0000,3999.6000,3999.8000,4000.0000,3,3,1,2,1,4,1,1,1,1
SF,IF2009,2020-06-23 09:30:03.000,3997.6000,45656,-7,117639060.000,8,0,8,多平,S,3997.6000,3997.0000,3996.2000,3996.0000,3995.0000,4000.2000,4000.8000,4002.0000,4002.8000,4003.0000,2,1,1,4,2,1,3,2,1,4
SF,IF2009,2020-06-23 09:30:03.500,3997.6000,45655,-1,122436180.000,4,1,3,多平,S,3997.8000,3997.6000,3996.4000,3996.2000,3995.0000,3999.6000,4000.0000,4000.2000,4000.8000,4002.0000,14,2,2,2,2,1,1,1,3,2
SF,IF2009,2020-06-23 09:30:04.000,3997.8000,45658,3,134430300.000,10,6,4,空开,S,3999.6000,3997.8000,3997.6000,3996.4000,3995.0000,4000.0000,4000.2000,4000.8000,4002.0000,4002.8000,1,9,1,2,2,1,1,3,1,1
SF,IF2009,2020-06-23 09:30:04.500,4000.0000,45657,-1,146428920.000,10,4,6,多平,S,3998.0000,3997.8000,3997.6000,3996.4000,3995.0000,4000.8000,4002.0000,4002.8000,4003.0000,4004.0000,1,2,1,2,2,3,1,1,4,1
SF,IF2009,2020-06-23 09:30:05.000,3999.6000,45660,3,160825200.000,12,7,5,空开,S,3997.8000,3997.6000,3995.0000,3990.6000,3990.2000,3999.6000,4000.0000,4000.6000,4002.8000,4003.0000,1,2,2,1,1,3,1,2,1,4
SF,IF2009,2020-06-23 09:30:05.500,4000.0000,45660,0,166824720.000,5,2,3,多换,S,3999.8000,3997.8000,3997.6000,3995.0000,3990.6000,4000.0000,4000.6000,4002.8000,4003.0000,4004.0000,1,1,2,2,1,5,1,1,4,1
SF,IF2009,2020-06-23 09:30:06.000,4000.0000,45656,-4,171624540.000,4,0,4,双平,S,3999.6000,3997.8000,3997.6000,3995.2000,3995.0000,4000.0000,4002.8000,4003.0000,4004.0000,4004.6000,2,1,2,1,2,1,1,4,1,3
SF,IF2009,2020-06-23 09:30:06.500,4000.0000,45655,-1,176424540.000,4,1,3,多平,S,4000.0000,3997.8000,3997.6000,3995.2000,3995.0000,4002.8000,4004.0000,4004.6000,4004.8000,4005.0000,3,1,2,1,2,1,1,3,1,15
SF,IF2009,2020-06-23 09:30:07.000,4000.0000,45654,-1,180024540.000,3,1,2,多平,S,3999.6000,3997.8000,3997.6000,3995.2000,3995.0000,3999.8000,4001.4000,4002.2000,4002.6000,4002.8000,1,1,2,1,2,3,3,1,1,2
SF,IF2009,2020-06-23 09:30:07.500,3999.8000,45648,-6,192025260.000,10,2,8,多平,S,3999.8000,3999.6000,3997.8000,3997.6000,3995.2000,4002.6000,4002.8000,4004.0000,4004.6000,4004.8000,2,1,1,2,1,1,2,1,2,1
SF,IF2009,2020-06-23 09:30:08.000,4002.8000,45644,-4,198029400.000,5,0,5,多平,S,4000.0000,3999.8000,3999.6000,3997.8000,3997.6000,4002.0000,4004.0000,4004.6000,4004.8000,4005.0000,2,8,1,1,2,1,1,2,1,11
SF,IF2009,2020-06-23 09:30:08.500,4002.0000,45644,0,200430600.000,2,1,1,多换,S,4000.0000,3999.8000,3999.6000,3997.8000,3997.6000,4004.0000,4004.6000,4004.8000,4005.0000,4006.0000,2,6,1,1,2,1,2,1,11,1
SF,IF2009,2020-06-23 09:30:09.000,4002.0000,45644,0,200430600.000,0,-,-,-,-,4000.8000,4000.4000,4000.2000,4000.0000,3999.8000,4002.8000,4003.6000,4003.8000,4004.6000,4004.8000,1,2,1,3,6,1,1,1,2,1
SF,IF2009,2020-06-23 09:30:09.500,3999.6000,45631,-13,218430960.000,15,1,14,多平,S,3997.8000,3997.6000,3995.2000,3995.0000,3990.2000,3999.0000,4002.6000,4003.6000,4004.6000,4004.8000,1,2,1,2,1,8,1,1,2,1
SF,IF2009,2020-06-23 09:30:10.000,4000.0000,45625,-6,235228560.000,14,4,10,多平,S,3999.6000,3999.0000,3998.4000,3998.2000,3998.0000,4002.6000,4004.6000,4004.8000,4005.0000,4005.4000,1,5,5,3,3,1,2,1,10,1
SF,IF2009,2020-06-23 09:30:10.500,4002.6000,45624,-1,237629940.000,2,0,2,多平,S,4001.0000,4000.8000,4000.2000,4000.0000,3999.8000,4004.6000,4004.8000,4005.0000,4005.4000,4006.0000,1,1,1,1,2,2,1,9,1,1
SF,IF2009,2020-06-23 09:30:11.000,4002.6000,45620,-4,248436540.000,9,2,7,多平,S,4001.6000,4001.0000,4000.8000,4000.4000,4000.2000,4004.4000,4004.6000,4004.8000,4005.0000,4005.4000,1,1,1,1,1,2,2,1,9,1
SF,IF2009,2020-06-23 09:30:11.500,4004.2000,45610,-10,262846680.000,12,1,11,多平,S,3999.2000,3998.4000,3998.2000,3998.0000,3997.8000,4004.2000,4004.4000,4004.6000,4004.8000,4005.0000,1,5,2,3,1,1,4,3,1,9
SF,IF2009,2020-06-23 09:30:12.000,4004.2000,45608,-2,266450460.000,3,0,3,多平,S,4004.2000,4000.0000,3999.6000,3999.4000,3999.2000,4004.4000,4004.6000,4004.8000,4005.0000,4005.4000,3,1,1,1,1,2,3,1,9,1
SF,IF2009,2020-06-23 09:30:12.500,4004.2000,45603,-5,274859280.000,7,1,6,多平,S,4000.4000,4000.0000,3999.6000,3999.4000,3999.2000,4001.6000,4003.8000,4004.2000,4004.4000,4004.6000,1,2,2,2,1,6,1,7,1,2
SF,IF2009,2020-06-23 09:30:13.000,4004.2000,45601,-2,297669240.000,19,8,11,多平,S,4004.2000,4000.4000,4000.0000,3999.6000,3999.4000,4004.6000,4004.8000,4005.0000,4006.0000,4007.4000,1,2,2,2,2,2,1,9,1,1
SF,IF2009,2020-06-23 09:30:13.500,4000.4000,45599,-2,302471580.000,4,1,3,多平,S,4000.4000,4000.0000,3999.6000,3999.4000,3999.2000,4003.8000,4004.2000,4004.4000,4004.6000,4004.8000,1,1,2,2,1,1,3,1,2,1
SF,IF2009,2020-06-23 09:30:14.000,4003.2000,45589,-10,319274100.000,14,2,12,多平,S,4001.0000,4000.0000,3999.8000,3999.6000,3999.4000,4003.6000,4003.8000,4004.2000,4004.4000,4004.6000,1,1,2,2,1,4,2,3,1,2
SF,IF2009,2020-06-23 09:30:14.500,4003.6000,45587,-2,324078420.000,4,1,3,多平,S,4001.2000,4001.0000,4000.8000,4000.6000,4000.4000,4003.8000,4004.2000,4004.4000,4004.6000,4004.8000,1,1,1,1,3,2,3,1,2,1
SF,IF2009,2020-06-23 09:30:15.000,4003.6000,45587,0,324078420.000,0,-,-,-,-,4001.8000,4001.6000,4001.2000,4001.0000,4000.6000,4003.0000,4003.4000,4003.8000,4004.2000,4004.4000,1,1,1,4,1,1,1,2,4,1
SF,IF2009,2020-06-23 09:30:15.500,4003.8000,45586,-1,326480460.000,2,0,2,多平,S,4003.0000,4002.4000,4001.8000,4001.2000,4001.0000,4003.8000,4004.2000,4004.4000,4004.6000,4004.8000,2,1,2,5,1,1,4,1,1,1
SF,IF2009,2020-06-23 09:30:16.000,4003.6000,45582,-4,332484780.000,5,0,5,多平,S,4003.6000,4001.8000,4001.2000,4001.0000,4000.8000,4003.8000,4004.0000,4004.2000,4004.4000,4004.6000,1,1,2,2,1,2,1,4,1,1
SF,IF2009,2020-06-23 09:30:16.500,4003.8000,45576,-6,340892400.000,7,0,7,多平,S,4001.8000,4001.2000,4001.0000,4000.8000,4000.6000,4003.8000,4004.0000,4004.2000,4004.4000,4004.6000,1,2,2,1,2,3,1,2,1,1
SF,IF2009,2020-06-23 09:30:17.000,4003.8000,45575,-1,342093540.000,1,0,1,双平,S,4002.4000,4002.0000,4001.8000,4001.2000,4001.0000,4003.6000,4003.8000,4004.0000,4004.2000,4004.4000,1,1,1,1,2,1,2,1,1,1
SF,IF2009,2020-06-23 09:30:17.500,4003.4000,45572,-3,345696300.000,3,0,3,双平,S,4002.6000,4002.0000,4001.8000,4001.2000,4001.0000,4003.6000,4003.8000,4004.0000,4004.2000,4004.4000,1,1,1,1,2,5,2,1,1,1
SF,IF2009,2020-06-23 09:30:18.000,4003.4000,45566,-6,352901280.000,6,0,6,双平,S,4003.0000,4001.0000,4000.6000,4000.0000,3999.6000,4003.4000,4003.6000,4003.8000,4004.0000,4004.2000,1,1,1,1,1,2,3,2,1,1
SF,IF2009,2020-06-23 09:30:18.500,4003.2000,45563,-3,357705060.000,4,0,4,多平,S,4001.0000,4000.6000,4000.0000,3999.6000,3999.4000,4003.4000,4003.6000,4003.8000,4004.0000,4004.2000,1,1,1,1,1,4,2,2,1,1
SF,IF2009,2020-06-23 09:30:19.000,4003.2000,45562,-1,358906020.000,1,0,1,双平,S,4001.2000,4001.0000,4000.0000,3999.6000,3999.4000,4003.2000,4003.4000,4003.6000,4003.8000,4004.0000,2,1,1,1,1,2,4,1,2,1
SF,IF2009,2020-06-23 09:30:19.500,4003.2000,45560,-2,361307940.000,2,0,2,双平,S,4001.4000,4001.0000,4000.0000,3999.6000,3999.4000,4003.2000,4003.4000,4003.6000,4003.8000,4004.0000,2,2,1,1,1,2,3,2,2,1
SF,IF2009,2020-06-23 09:30:20.000,4003.0000,45559,-1,364909680.000,3,1,2,多平,S,4001.6000,4001.0000,4000.6000,4000.0000,3999.6000,4003.0000,4003.2000,4003.4000,4003.6000,4003.8000,1,1,1,1,1,3,2,2,2,2
SF,IF2009,2020-06-23 09:30:20.500,4001.6000,45559,0,366110160.000,1,0,1,多换,S,4001.0000,4000.6000,4000.0000,3999.2000,3999.0000,4002.8000,4003.0000,4003.2000,4003.4000,4003.6000,1,1,1,1,2,2,2,2,2,2
SF,IF2009,2020-06-23 09:30:21.000,4002.6000,45556,-3,370912320.000,4,0,4,多平,S,4000.0000,3999.2000,3999.0000,3998.4000,3998.0000,4001.4000,4002.6000,4002.8000,4003.2000,4003.4000,1,1,2,6,2,1,1,4,2,2
SF,IF2009,2020-06-23 09:30:21.500,4002.6000,45556,0,373313880.000,2,1,1,多换,S,4000.0000,3999.2000,3999.0000,3998.4000,3998.0000,4001.2000,4001.4000,4001.8000,4002.8000,4003.0000,1,1,2,6,2,1,1,1,1,1
SF,IF2009,2020-06-23 09:30:22.000,4001.2000,45555,-1,375714300.000,2,0,2,多平,S,4000.0000,3999.2000,3999.0000,3998.4000,3998.0000,4001.4000,4001.8000,4002.4000,4002.8000,4003.0000,1,1,2,6,2,1,1,1,1,1
SF,IF2009,2020-06-23 09:30:22.500,4000.0000,45551,-4,380515380.000,4,0,4,双平,S,3999.2000,3999.0000,3998.4000,3998.0000,3997.8000,4001.4000,4002.4000,4003.0000,4003.4000,4003.6000,1,2,6,2,1,6,1,1,1,2
SF,IF2009,2020-06-23 09:30:23.000,4000.0000,45551,0,380515380.000,0,-,-,-,-,3999.4000,3999.2000,3999.0000,3998.4000,3998.0000,4000.0000,4001.2000,4001.4000,4002.0000,4002.4000,2,1,2,2,2,1,4,5,1,1
SF,IF2009,2020-06-23 09:30:23.500,4001.0000,45550,-1,382915680.000,2,0,2,多平,S,3999.2000,3999.0000,3998.4000,3998.0000,3997.8000,4001.2000,4001.4000,4002.0000,4002.4000,4003.0000,1,2,2,2,1,4,5,1,1,1
SF,IF2009,2020-06-23 09:30:24.000,4001.0000,45549,-1,384115980.000,1,0,1,双平,S,4000.0000,3999.6000,3999.4000,3999.2000,3999.0000,4001.0000,4001.2000,4001.4000,4002.0000,4002.4000,2,1,2,1,2,1,3,5,1,1
SF,IF2009,2020-06-23 09:30:24.500,3999.6000,45545,-4,388916100.000,4,0,4,双平,S,4000.2000,3999.4000,3999.0000,3998.4000,3998.0000,4001.0000,4001.4000,4002.0000,4002.4000,4003.0000,1,1,2,2,2,1,5,1,1,1
SF,IF2009,2020-06-23 09:30:25.000,3999.4000,45544,-1,392515980.000,3,1,2,多平,S,3999.0000,3998.4000,3998.0000,3996.8000,3995.2000,4000.0000,4001.4000,4002.0000,4002.4000,4003.0000,2,2,2,1,1,1,5,1,1,1
SF,IF2009,2020-06-23 09:30:25.500,4000.0000,45542,-2,396115980.000,3,0,3,多平,S,4000.0000,3999.2000,3999.0000,3998.4000,3998.0000,4001.0000,4001.4000,4002.0000,4002.4000,4003.0000,1,1,2,2,2,2,5,1,1,1
SF,IF2009,2020-06-23 09:30:26.000,4000.8000,45539,-3,399716220.000,3,0,3,双平,S,3999.0000,3998.4000,3998.0000,3996.8000,3995.2000,4000.0000,4001.0000,4001.4000,4002.0000,4002.4000,2,2,2,1,1,1,1,5,1,1
SF,IF2009,2020-06-23 09:30:26.500,4000.8000,45539,0,399716220.000,0,-,-,-,-,3999.2000,3999.0000,3998.4000,3998.0000,3996.8000,4000.0000,4001.0000,4001.4000,4002.0000,4002.4000,1,1,2,2,1,1,1,5,1,1
SF,IF2009,2020-06-23 09:30:27.000,4001.0000,45539,0,403316520.000,3,1,2,多换,S,4000.0000,3999.0000,3998.4000,3998.0000,3996.8000,4001.4000,4002.0000,4003.0000,4003.6000,4003.8000,2,1,2,2,1,5,1,1,2,12
SF,IF2009,2020-06-23 09:30:27.500,3999.0000,45535,-4,408115920.000,4,0,4,双平,S,3998.4000,3998.0000,3996.8000,3995.2000,3995.0000,3999.0000,3999.6000,3999.8000,4000.0000,4000.4000,1,1,1,1,3,1,1,1,1,1
SF,IF2009,2020-06-23 09:30:28.000,3999.0000,45535,0,409315620.000,1,0,1,多换,S,3998.4000,3998.0000,3996.8000,3995.2000,3995.0000,3999.6000,3999.8000,4000.4000,4001.4000,4002.0000,1,1,1,1,3,2,1,1,5,1
SF,IF2009,2020-06-23 09:30:28.500,3999.0000,45535,0,409315620.000,0,-,-,-,-,3999.0000,3998.4000,3998.0000,3996.8000,3995.2000,3999.6000,3999.8000,4000.0000,4000.4000,4001.4000,1,1,1,1,1,2,1,1,1,5
SF,IF2009,2020-06-23 09:30:29.000,3999.6000,45534,-1,411715200.000,2,0,2,多平,S,3998.4000,3998.0000,3995.2000,3995.0000,3991.0000,3999.6000,3999.8000,4000.0000,4000.4000,4001.4000,4,1,1,3,1,1,1,1,1,5
SF,IF2009,2020-06-23 09:30:29.500,3998.4000,45534,0,412914720.000,1,0,1,多换,S,3998.4000,3998.0000,3995.2000,3995.0000,3991.0000,3999.6000,3999.8000,4000.0000,4001.4000,4002.0000,2,1,1,3,1,1,1,1,5,1
SF,IF2009,2020-06-23 09:30:30.000,3998.4000,45534,0,412914720.000,0,-,-,-,-,3998.0000,3995.2000,3995.0000,3991.0000,3990.2000,3999.0000,3999.4000,3999.6000,3999.8000,4000.0000,1,1,3,1,1,2,1,1,1,1
SF,IF2009,2020-06-23 09:30:30.500,3998.4000,45534,0,412914720.000,0,-,-,-,-,3998.0000,3995.2000,3995.0000,3991.0000,3990.2000,3999.0000,3999.4000,4000.0000,4001.4000,4002.0000,1,1,3,1,1,4,1,1,5,1
SF,IF2009,2020-06-23 09:30:31.000,3998.8000,45533,-1,414114360.000,1,0,1,双平,S,3998.0000,3995.2000,3995.0000,3991.0000,3990.2000,3998.4000,3999.0000,4000.0000,4001.4000,4001.6000,1,1,3,1,1,5,8,1,5,1
SF,IF2009,2020-06-23 09:30:31.500,3998.0000,45533,0,420111720.000,5,2,3,多换,S,3998.0000,3995.2000,3995.0000,3991.0000,3990.2000,3998.4000,3999.0000,4000.0000,4001.4000,4001.6000,3,1,3,1,1,2,7,1,5,1
SF,IF2009,2020-06-23 09:30:32.000,3998.4000,45532,-1,424909680.000,4,1,3,多平,S,3998.0000,3995.2000,3995.0000,3991.0000,3990.2000,3999.0000,4000.0000,4001.4000,4001.6000,4002.0000,1,1,3,1,1,7,1,5,1,1
SF,IF2009,2020-06-23 09:30:32.500,3999.0000,45531,-1,426109380.000,1,0,1,双平,S,3998.0000,3995.2000,3995.0000,3991.0000,3990.2000,3999.0000,4000.0000,4001.4000,4001.6000,4002.0000,2,1,3,1,1,6,1,5,1,1
SF,IF2009,2020-06-23 09:30:33.000,3999.0000,45528,-3,430908180.000,4,0,4,多平,S,3998.4000,3998.0000,3995.2000,3995.0000,3991.0000,3999.0000,4000.0000,4001.4000,4002.0000,4003.6000,2,5,1,3,1,2,1,5,1,1
SF,IF2009,2020-06-23 09:30:33.500,3998.4000,45528,0,432107700.000,1,0,1,多换,S,3998.4000,3998.0000,3995.2000,3995.0000,3991.0000,3999.0000,4000.0000,4001.4000,4002.0000,4003.6000,2,3,1,3,1,2,1,5,1,1
SF,IF2009,2020-06-23 09:30:34.000,3999.0000,45527,-1,433307400.000,1,0,1,双平,S,3998.4000,3998.0000,3995.2000,3995.0000,3991.0000,3999.0000,4000.0000,4001.4000,4002.0000,4003.6000,2,2,1,3,1,1,1,5,1,1
SF,IF2009,2020-06-23 09:30:34.500,3999.0000,45527,0,438106200.000,4,2,2,多换,S,3998.4000,3998.0000,3995.2000,3995.0000,3991.0000,3999.0000,4000.0000,4001.4000,4002.0000,4003.6000,2,1,1,3,1,1,1,5,1,1
SF,IF2009,2020-06-23 09:30:35.000,3999.0000,45527,0,438106200.000,0,-,-,-,-,3998.4000,3998.0000,3995.2000,3995.0000,3991.0000,3999.0000,4000.0000,4001.4000,4002.0000,4003.6000,2,1,1,3,1,2,1,5,1,1
SF,IF2009,2020-06-23 09:30:35.500,3998.4000,45526,-1,440505240.000,2,0,2,多平,S,3998.0000,3995.2000,3995.0000,3991.0000,3990.2000,3998.4000,3999.0000,4000.0000,4001.4000,4002.0000,1,1,3,1,1,3,2,1,5,1
SF,IF2009,2020-06-23 09:30:36.000,3998.4000,45524,-2,444103800.000,3,0,3,多平,S,3998.0000,3995.2000,3995.0000,3991.0000,3990.2000,3999.0000,4000.0000,4001.4000,4002.0000,4003.6000,1,1,3,1,1,2,1,5,1,1
SF,IF2009,2020-06-23 09:30:36.500,3998.4000,45524,0,444103800.000,0,-,-,-,-,3998.0000,3995.2000,3995.0000,3991.0000,3990.2000,3999.0000,4000.0000,4001.4000,4002.0000,4003.6000,2,1,3,1,1,2,1,5,1,1
SF,IF2009,2020-06-23 09:30:37.000,3998.4000,45524,0,444103800.000,0,-,-,-,-,3998.0000,3995.2000,3995.0000,3991.0000,3990.2000,3999.0000,4000.0000,4001.4000,4002.0000,4003.6000,2,1,3,1,1,2,1,5,1,1
SF,IF2009,2020-06-23 09:30:37.500,3998.2000,45523,-1,450101340.000,5,2,3,多平,S,3998.0000,3997.8000,3995.2000,3995.0000,3991.0000,3999.0000,4000.0000,4002.0000,4003.6000,4003.8000,2,1,1,3,1,1,1,1,1,12
SF,IF2009,2020-06-23 09:30:38.000,3999.0000,45522,-1,451301040.000,1,0,1,双平,S,3998.6000,3998.2000,3998.0000,3997.8000,3997.4000,4000.0000,4002.0000,4003.6000,4003.8000,4004.0000,1,3,1,1,1,1,1,1,12,1
SF,IF2009,2020-06-23 09:30:38.500,3999.0000,45521,-1,453700440.000,2,0,2,多平,S,3998.6000,3998.2000,3998.0000,3997.8000,3997.4000,4000.0000,4002.0000,4003.6000,4003.8000,4004.0000,2,2,1,1,1,1,1,1,12,1
SF,IF2009,2020-06-23 09:30:39.000,3999.0000,45521,0,453700440.000,0,-,-,-,-,3999.0000,3998.6000,3998.2000,3998.0000,3997.8000,4000.0000,4002.0000,4003.6000,4003.8000,4004.0000,2,2,2,1,1,1,1,1,12,1
SF,IF2009,2020-06-23 09:30:39.500,4000.0000,45521,0,454900440.000,1,0,1,多换,S,4000.0000,3999.2000,3999.0000,3998.8000,3998.6000,4002.0000,4003.6000,4003.8000,4004.0000,4004.2000,1,1,3,3,1,1,1,12,1,1
SF,IF2009,2020-06-23 09:30:40.000,4001.8000,45519,-2,457300980.000,2,0,2,双平,S,4000.0000,3999.2000,3999.0000,3998.8000,3998.6000,4001.8000,4002.0000,4003.6000,4003.8000,4004.0000,1,2,3,2,1,3,1,1,12,1
SF,IF2009,2020-06-23 09:30:40.500,4000.0000,45513,-6,464503020.000,6,0,6,双平,S,3999.2000,3999.0000,3998.8000,3998.6000,3998.4000,4001.8000,4002.0000,4003.6000,4003.8000,4004.0000,2,3,1,1,1,2,1,1,12,1
SF,IF2009,2020-06-23 09:30:41.000,3999.4000,45503,-10,477703800.000,11,0,11,多平,S,4001.8000,3999.4000,3999.2000,3999.0000,3998.8000,4002.0000,4003.6000,4003.8000,4004.0000,4004.2000,3,3,1,3,1,1,1,12,1,1
SF,IF2009,2020-06-23 09:30:41.500,4001.8000,45497,-6,484906920.000,6,0,6,双平,S,3999.4000,3999.2000,3999.0000,3998.6000,3998.4000,4000.0000,4001.4000,4001.8000,4002.0000,4003.6000,3,1,3,1,1,5,1,7,1,1
SF,IF2009,2020-06-23 09:30:42.000,4001.4000,45492,-5,496907760.000,10,2,8,多平,S,3999.6000,3999.4000,3999.2000,3999.0000,3998.6000,4001.8000,4002.0000,4003.6000,4003.8000,4004.0000,1,2,1,3,1,1,1,1,12,1
SF,IF2009,2020-06-23 09:30:42.500,3999.8000,45491,-1,500507580.000,3,1,2,多平,S,3999.8000,3999.6000,3999.0000,3998.8000,3998.6000,4002.0000,4003.6000,4003.8000,4004.0000,4004.2000,2,2,3,1,1,2,1,12,1,1
SF,IF2009,2020-06-23 09:30:43.000,3999.8000,45491,0,500507580.000,0,-,-,-,-,4001.8000,4000.0000,3999.8000,3999.6000,3999.0000,4002.0000,4003.6000,4003.8000,4004.0000,4004.2000,2,1,2,3,3,2,1,12,1,1
SF,IF2009,2020-06-23 09:30:43.500,4001.8000,45487,-4,506509740.000,5,0,5,多平,S,4000.0000,3999.8000,3999.0000,3998.8000,3998.6000,4001.4000,4001.8000,4002.0000,4003.6000,4003.8000,3,2,3,1,1,1,4,2,1,2
SF,IF2009,2020-06-23 09:30:44.000,4001.8000,45485,-2,508910820.000,2,0,2,双平,S,4000.2000,4000.0000,3999.8000,3999.0000,3998.6000,4001.8000,4002.0000,4003.6000,4003.8000,4004.0000,1,2,2,3,1,1,2,1,2,1
SF,IF2009,2020-06-23 09:30:44.500,4001.8000,45485,0,508910820.000,0,-,-,-,-,4000.4000,4000.2000,4000.0000,3999.8000,3999.0000,4001.8000,4002.0000,4003.6000,4003.8000,4004.0000,1,1,1,1,3,1,2,1,2,1
SF,IF2009,2020-06-23 09:30:45.000,4000.4000,45484,-1,510110940.000,1,0,1,双平,S,4000.2000,3999.8000,3999.6000,3999.0000,3998.6000,4001.8000,4002.0000,4003.6000,4003.8000,4004.0000,1,2,1,3,1,1,2,1,2,1
SF,IF2009,2020-06-23 09:30:45.500,4000.4000,45484,0,510110940.000,0,-,-,-,-,4000.2000,3999.8000,3999.0000,3998.6000,3998.4000,4001.2000,4001.4000,4001.8000,4002.0000,4003.6000,1,2,3,1,2,1,1,2,2,1
SF,IF2009,2020-06-23 09:30:46.000,4000.2000,45483,-1,511311000.000,1,0,1,双平,S,3999.8000,3999.0000,3998.6000,3998.4000,3998.2000,4001.2000,4001.4000,4001.6000,4001.8000,4002.0000,1,3,1,2,1,2,1,1,1,2
SF,IF2009,2020-06-23 09:30:46.500,4000.2000,45483,0,511311000.000,0,-,-,-,-,3999.8000,3999.0000,3998.8000,3998.6000,3998.4000,4001.2000,4001.4000,4001.6000,4001.8000,4002.0000,1,3,1,1,2,4,1,2,1,2
SF,IF2009,2020-06-23 09:30:47.000,4000.2000,45482,-1,512511060.000,1,0,1,双平,S,3999.8000,3999.0000,3998.8000,3998.4000,3998.2000,4001.2000,4001.4000,4001.6000,4001.8000,4002.0000,2,3,1,2,1,1,1,1,1,2
SF,IF2009,2020-06-23 09:30:47.500,3999.8000,45481,-1,514910940.000,2,0,2,多平,S,3999.0000,3998.8000,3998.4000,3998.2000,3998.0000,4001.0000,4001.2000,4001.4000,4001.6000,4001.8000,4,1,2,1,6,2,2,1,1,1
SF,IF2009,2020-06-23 09:30:48.000,3999.8000,45481,0,514910940.000,0,-,-,-,-,3999.2000,3999.0000,3998.8000,3998.4000,3998.2000,3999.8000,4000.8000,4001.0000,4001.2000,4001.4000,1,4,1,2,1,1,3,3,1,1
SF,IF2009,2020-06-23 09:30:48.500,3999.8000,45480,-1,516110880.000,1,0,1,双平,S,3999.0000,3998.8000,3998.4000,3998.2000,3998.0000,3999.8000,4000.8000,4001.0000,4001.4000,4001.6000,3,1,2,1,6,1,3,2,1,1
SF,IF2009,2020-06-23 09:30:49.000,4000.8000,45477,-3,519711000.000,3,0,3,双平,S,3999.8000,3999.0000,3998.8000,3998.4000,3998.0000,4000.8000,4001.0000,4001.4000,4001.6000,4001.8000,1,3,1,2,6,1,1,1,1,1
SF,IF2009,2020-06-23 09:30:49.500,3999.0000,45475,-2,522110640.000,2,0,2,双平,S,3999.0000,3998.8000,3998.4000,3998.0000,3997.8000,3999.8000,4001.0000,4001.4000,4001.6000,4001.8000,2,1,2,6,1,2,1,1,1,1
SF,IF2009,2020-06-23 09:30:50.000,3999.0000,45474,-1,523310340.000,1,0,1,双平,S,3999.0000,3998.8000,3998.4000,3998.0000,3997.8000,3999.6000,3999.8000,4000.0000,4000.8000,4001.0000,1,1,2,6,1,1,1,1,2,1
SF,IF2009,2020-06-23 09:30:50.500,3999.0000,45474,0,523310340.000,0,-,-,-,-,3999.0000,3998.8000,3998.4000,3998.0000,3997.8000,3999.6000,3999.8000,4000.0000,4000.8000,4001.0000,1,1,2,6,1,1,1,1,1,1
SF,IF2009,2020-06-23 09:30:51.000,3999.0000,45474,0,524510040.000,1,0,1,多换,S,3998.8000,3998.4000,3998.0000,3997.8000,3997.4000,3999.0000,3999.6000,3999.8000,4000.0000,4000.8000,1,2,6,1,1,2,1,1,1,1
SF,IF2009,2020-06-23 09:30:51.500,3999.0000,45473,-1,528109080.000,3,1,2,多平,S,3998.4000,3998.0000,3997.8000,3997.4000,3996.8000,3999.8000,4000.0000,4001.0000,4001.4000,4001.6000,2,5,1,1,1,1,1,1,1,1
SF,IF2009,2020-06-23 09:30:52.000,3999.0000,45473,0,528109080.000,0,-,-,-,-,3999.0000,3998.4000,3998.0000,3997.8000,3997.4000,3999.8000,4000.0000,4001.0000,4001.4000,4001.6000,3,3,5,1,1,1,1,1,1,1
SF,IF2009,2020-06-23 09:30:52.500,3999.0000,45471,-2,531708180.000,3,0,3,多平,S,3998.4000,3998.0000,3997.8000,3997.4000,3996.8000,3999.6000,3999.8000,4000.0000,4001.0000,4001.6000,3,5,1,1,1,1,4,1,1,1
SF,IF2009,2020-06-23 09:30:53.000,3999.0000,45471,0,531708180.000,0,-,-,-,-,3998.4000,3998.0000,3997.8000,3997.4000,3996.8000,3998.8000,3999.0000,3999.6000,3999.8000,4000.0000,3,5,1,1,1,8,1,2,3,1
SF,IF2009,2020-06-23 09:30:53.500,3998.8000,45470,-1,534107340.000,2,0,2,多平,S,3998.4000,3998.0000,3997.8000,3997.4000,3996.8000,3998.6000,3998.8000,3999.0000,3999.2000,3999.6000,2,5,1,1,1,1,7,3,1,4
SF,IF2009,2020-06-23 09:30:54.000,3998.4000,45466,-4,544902420.000,9,2,7,多平,S,3997.8000,3997.4000,3996.8000,3996.6000,3996.0000,3998.4000,3998.6000,3998.8000,3999.0000,3999.2000,1,1,1,1,1,1,1,7,2,1
SF,IF2009,2020-06-23 09:30:54.500,3998.8000,45463,-3,550899960.000,5,1,4,多平,S,3997.4000,3996.8000,3996.6000,3996.0000,3995.6000,3998.8000,3999.0000,3999.2000,3999.6000,3999.8000,1,1,1,1,1,6,2,1,3,1
SF,IF2009,2020-06-23 09:30:55.000,3997.4000,45463,0,552099180.000,1,0,1,多换,S,3998.4000,3996.8000,3996.0000,3995.6000,3995.2000,3998.6000,3998.8000,3999.0000,3999.6000,3999.8000,1,1,1,1,1,1,6,2,2,1
SF,IF2009,2020-06-23 09:30:55.500,3998.4000,45462,-1,553298700.000,1,0,1,双平,S,3996.8000,3996.0000,3995.6000,3995.2000,3995.0000,3998.2000,3998.4000,3998.6000,3998.8000,3999.0000,1,1,1,1,2,1,3,1,6,2
SF,IF2009,2020-06-23 09:30:56.000,3998.2000,45460,-2,555697200.000,2,0,2,双平,S,3996.0000,3995.6000,3995.2000,3995.0000,3994.8000,3998.2000,3998.4000,3998.8000,3999.0000,3999.6000,1,1,1,2,1,1,3,6,2,1
SF,IF2009,2020-06-23 09:30:56.500,3998.2000,45460,0,555697200.000,0,-,-,-,-,3997.0000,3996.2000,3996.0000,3995.6000,3995.2000,3998.0000,3998.4000,3998.8000,3999.0000,3999.6000,1,3,1,1,1,1,3,6,2,1
SF,IF2009,2020-06-23 09:30:57.000,3997.4000,45461,1,564093420.000,7,4,3,空开,S,3997.0000,3996.4000,3996.2000,3996.0000,3995.6000,3998.8000,3999.0000,3999.6000,3999.8000,4001.0000,1,1,4,5,1,6,2,1,1,1
SF,IF2009,2020-06-23 09:30:57.500,3997.4000,45461,0,565292640.000,1,0,1,多换,S,3998.2000,3998.0000,3997.8000,3997.2000,3997.0000,3998.8000,3999.0000,3999.6000,3999.8000,4001.0000,1,9,1,1,3,6,1,1,1,1
SF,IF2009,2020-06-23 09:30:58.000,3997.4000,45461,0,565292640.000,0,-,-,-,-,3998.2000,3998.0000,3997.8000,3997.4000,3997.0000,3998.8000,3999.0000,3999.6000,3999.8000,4001.0000,1,9,1,1,3,6,1,1,1,1
SF,IF2009,2020-06-23 09:30:58.500,3997.8000,45463,2,567691320.000,2,2,0,双开,S,3998.0000,3997.8000,3997.4000,3997.0000,3996.4000,3998.8000,3999.0000,3999.6000,3999.8000,4001.6000,10,1,1,1,1,6,1,1,1,1
SF,IF2009,2020-06-23 09:30:59.000,3998.8000,45463,0,572489880.000,4,2,2,多换,S,3998.2000,3998.0000,3997.8000,3996.4000,3996.2000,3998.8000,3999.0000,3999.6000,3999.8000,4001.6000,1,10,1,1,4,2,1,1,1,1
SF,IF2009,2020-06-23 09:30:59.500,3998.2000,45459,-4,580886700.000,7,1,6,多平,S,3998.2000,3998.0000,3997.8000,3996.4000,3996.2000,3999.0000,3999.2000,3999.6000,3999.8000,4001.6000,3,10,1,1,4,1,3,1,1,1
SF,IF2009,2020-06-23 09:31:00.000,3998.4000,45457,-2,583285920.000,2,0,2,双平,S,3998.8000,3998.6000,3998.2000,3998.0000,3997.8000,3999.2000,3999.6000,3999.8000,4001.6000,4001.8000,13,1,2,10,1,3,1,1,1,1
SF,IF2009,2020-06-23 09:31:00.500,3998.8000,45458,1,589283640.000,5,3,2,空开,S,3998.8000,3998.6000,3998.0000,3997.8000,3996.4000,3999.2000,3999.6000,3999.8000,4001.6000,4001.8000,10,1,10,1,1,4,1,1,1,1
SF,IF2009,2020-06-23 09:31:01.000,3998.8000,45458,0,589283640.000,0,-,-,-,-,3998.8000,3998.6000,3998.0000,3997.8000,3996.4000,3999.2000,3999.6000,4001.6000,4001.8000,4002.0000,10,1,10,1,1,4,1,1,1,2
SF,IF2009,2020-06-23 09:31:01.500,3998.8000,45458,0,594082200.000,4,2,2,多换,S,3998.8000,3998.6000,3998.0000,3997.8000,3996.4000,3999.0000,3999.2000,3999.6000,4001.6000,4001.8000,6,1,10,1,1,2,4,1,1,1
SF,IF2009,2020-06-23 09:31:02.000,3998.8000,45453,-5,604878900.000,9,2,7,多平,S,3998.2000,3998.0000,3997.8000,3996.4000,3996.2000,3998.8000,3999.2000,3999.6000,4001.6000,4001.8000,1,10,1,1,3,1,4,1,1,1
SF,IF2009,2020-06-23 09:31:02.500,3998.8000,45452,-1,606078540.000,1,0,1,双平,S,3998.4000,3998.2000,3998.0000,3997.8000,3996.4000,3998.8000,3999.2000,3999.6000,4001.6000,4001.8000,1,1,10,1,1,4,4,1,1,1
SF,IF2009,2020-06-23 09:31:03.000,3998.8000,45448,-4,610877100.000,4,0,4,双平,S,3999.0000,3998.8000,3998.4000,3998.2000,3998.0000,3999.2000,3999.6000,3999.8000,4001.6000,4001.8000,2,1,1,1,10,4,1,1,1,1
SF,IF2009,2020-06-23 09:31:03.500,3999.2000,45446,-2,614476260.000,3,0,3,多平,S,3998.8000,3998.4000,3998.2000,3998.0000,3997.8000,3999.2000,3999.6000,3999.8000,4001.6000,4001.8000,1,1,1,10,1,3,1,1,1,1
SF,IF2009,2020-06-23 09:31:04.000,3999.2000,45443,-3,618075540.000,3,0,3,双平,S,3999.0000,3998.2000,3998.0000,3997.8000,3996.4000,3999.6000,3999.8000,4001.6000,4001.8000,4002.0000,2,1,10,1,1,1,1,1,1,2
SF,IF2009,2020-06-23 09:31:05.000,3999.0000,45441,-2,620474940.000,2,0,2,双平,S,3998.2000,3998.0000,3997.8000,3996.4000,3996.2000,3999.6000,3999.8000,4001.6000,4001.8000,4002.0000,1,10,1,1,3,1,1,1,1,2
SF,IF2009,2020-06-23 09:31:05.500,3999.6000,45440,-1,621674820.000,1,0,1,双平,S,3998.4000,3998.2000,3998.0000,3997.8000,3996.4000,3999.6000,3999.8000,4001.6000,4001.8000,4002.0000,1,1,10,1,1,1,1,1,1,2
SF,IF2009,2020-06-23 09:31:06.000,3998.6000,45439,-1,622874400.000,1,0,1,双平,S,3998.6000,3998.4000,3998.2000,3998.0000,3997.8000,3999.8000,4001.6000,4001.8000,4002.0000,4002.4000,1,2,4,10,1,1,1,1,2,1
SF,IF2009,2020-06-23 09:31:06.500,3998.6000,45439,0,624073980.000,1,0,1,多换,S,3998.8000,3998.6000,3998.4000,3998.2000,3998.0000,3999.0000,3999.8000,4001.6000,4001.8000,4002.0000,1,2,1,2,10,1,2,1,1,2
SF,IF2009,2020-06-23 09:31:07.000,3999.0000,45438,-1,625273680.000,1,0,1,双平,S,3999.2000,3999.0000,3998.8000,3998.6000,3998.4000,3999.8000,4001.0000,4001.6000,4001.8000,4002.0000,3,3,1,1,1,2,2,1,1,2
SF,IF2009,2020-06-23 09:31:07.500,3999.8000,45436,-2,627673560.000,2,0,2,双平,S,3999.2000,3999.0000,3998.8000,3998.6000,3998.4000,4001.0000,4001.6000,4001.8000,4002.0000,4002.4000,1,5,1,1,1,2,1,1,2,1
SF,IF2009,2020-06-23 09:31:08.000,3999.8000,45436,0,627673560.000,0,-,-,-,-,3999.8000,3999.6000,3999.4000,3999.2000,3999.0000,4000.6000,4000.8000,4001.0000,4001.6000,4001.8000,1,2,3,1,4,1,2,2,1,1
SF,IF2009,2020-06-23 09:31:08.500,3999.6000,45434,-2,632473200.000,4,1,3,多平,S,3999.4000,3999.2000,3999.0000,3998.6000,3998.0000,4000.8000,4001.0000,4001.6000,4001.8000,4002.0000,2,4,4,1,10,1,2,1,1,2
SF,IF2009,2020-06-23 09:31:09.000,3999.6000,45434,0,632473200.000,0,-,-,-,-,3999.8000,3999.6000,3999.4000,3999.2000,3999.0000,4000.8000,4001.0000,4001.6000,4001.8000,4002.0000,3,2,2,1,4,1,2,1,1,2
SF,IF2009,2020-06-23 09:31:09.500,3999.8000,45428,-6,639673860.000,6,0,6,双平,S,3999.6000,3999.4000,3999.2000,3999.0000,3998.6000,4001.6000,4001.8000,4002.0000,4002.4000,4003.6000,1,1,1,4,1,1,1,2,1,1
SF,IF2009,2020-06-23 09:31:10.000,4000.8000,45427,-1,640874100.000,1,0,1,双平,S,3999.8000,3999.6000,3999.4000,3999.2000,3999.0000,4001.4000,4001.6000,4001.8000,4002.0000,4002.4000,3,1,1,1,4,2,2,1,2,1
SF,IF2009,2020-06-23 09:31:10.500,4001.6000,45424,-3,644475420.000,3,0,3,双平,S,4001.4000,4000.8000,3999.8000,3999.6000,3999.4000,4001.8000,4002.0000,4002.4000,4003.6000,4003.8000,1,9,3,3,1,1,2,1,1,2
SF,IF2009,2020-06-23 09:31:11.000,4002.0000,45424,0,646876560.000,2,1,1,多换,S,4001.6000,4001.4000,4000.8000,4000.0000,3999.8000,4002.0000,4002.4000,4003.6000,4003.8000,4004.0000,1,1,9,2,1,1,1,1,2,1
SF,IF2009,2020-06-23 09:31:11.500,4002.0000,45423,-1,648077160.000,1,0,1,双平,S,4001.6000,4001.4000,4000.8000,4000.0000,3999.8000,4002.2000,4002.4000,4003.6000,4003.8000,4004.2000,1,4,9,1,1,1,1,1,2,1
SF,IF2009,2020-06-23 09:31:12.000,4002.0000,45422,-1,650478420.000,2,0,2,多平,S,4002.0000,4001.6000,4001.4000,4000.8000,3999.8000,4002.4000,4003.6000,4003.8000,4004.2000,4005.0000,9,1,4,9,1,1,1,1,1,9
SF,IF2009,2020-06-23 09:31:12.500,4002.4000,45421,-1,651679140.000,1,0,1,双平,S,4002.0000,4001.6000,4001.4000,4000.8000,3999.8000,4002.6000,4003.6000,4003.8000,4004.2000,4005.0000,9,1,5,9,1,2,1,1,1,9
SF,IF2009,2020-06-23 09:31:13.000,4002.6000,45419,-2,654080700.000,2,0,2,双平,S,4002.2000,4002.0000,4001.6000,4001.4000,4000.8000,4003.6000,4003.8000,4004.2000,4005.0000,4005.4000,1,9,1,5,9,1,1,1,9,1
SF,IF2009,2020-06-23 09:31:13.500,4002.4000,45417,-2,657682680.000,3,0,3,多平,S,4002.2000,4002.0000,4001.4000,4000.8000,3999.8000,4002.4000,4002.6000,4003.4000,4003.6000,4003.8000,13,8,5,9,1,1,2,1,2,1
SF,IF2009,2020-06-23 09:31:14.000,4002.2000,45415,-2,662485440.000,4,1,3,多平,S,4002.2000,4002.0000,4001.4000,4000.8000,3999.8000,4003.4000,4003.6000,4003.8000,4004.2000,4005.0000,11,10,5,9,1,1,2,1,1,9
SF,IF2009,2020-06-23 09:31:14.500,4002.2000,45424,9,674492040.000,10,9,1,空开,S,4002.2000,4002.0000,4001.4000,4000.8000,3999.8000,4003.2000,4003.4000,4003.6000,4003.8000,4004.2000,1,10,5,9,1,1,2,1,1,1
SF,IF2009,2020-06-23 09:31:15.000,4002.2000,45424,0,674492040.000,0,-,-,-,-,4002.2000,4002.0000,4001.4000,4000.8000,3999.8000,4003.0000,4003.2000,4003.6000,4003.8000,4004.2000,1,10,5,9,1,1,2,1,1,1
SF,IF2009,2020-06-23 09:31:15.500,4002.2000,45424,0,674492040.000,0,-,-,-,-,4002.2000,4002.0000,4001.4000,4000.8000,3999.8000,4003.0000,4003.2000,4003.6000,4003.8000,4004.2000,1,10,5,9,1,2,1,1,1,1
SF,IF2009,2020-06-23 09:31:16.000,4003.0000,45424,0,678094740.000,3,1,2,多换,S,4002.2000,4002.0000,4001.4000,4000.8000,3999.8000,4003.2000,4003.6000,4003.8000,4004.2000,4005.0000,1,10,5,9,1,1,1,1,1,9
SF,IF2009,2020-06-23 09:31:16.500,4003.2000,45423,-1,679295700.000,1,0,1,双平,S,4002.4000,4002.2000,4002.0000,4001.4000,4000.8000,4003.4000,4003.6000,4003.8000,4004.2000,4005.0000,1,4,10,5,9,1,1,1,1,9
SF,IF2009,2020-06-23 09:31:17.000,4003.4000,45422,-1,680496720.000,1,0,1,双平,S,4002.6000,4002.4000,4002.2000,4002.0000,4001.4000,4003.6000,4003.8000,4004.2000,4005.0000,4005.4000,1,3,4,10,5,3,1,1,9,1
SF,IF2009,2020-06-23 09:31:17.500,4003.4000,45422,0,680496720.000,0,-,-,-,-,4002.4000,4002.2000,4002.0000,4001.4000,4000.8000,4003.6000,4003.8000,4004.2000,4005.0000,4005.4000,2,2,10,5,9,3,3,1,9,1
SF,IF2009,2020-06-23 09:31:18.000,4003.0000,45419,-3,686501760.000,5,1,4,多平,S,4003.0000,4002.6000,4002.4000,4002.2000,4002.0000,4003.8000,4004.2000,4005.0000,4005.4000,4005.6000,2,3,2,1,10,4,1,9,1,2
SF,IF2009,2020-06-23 09:31:18.500,4003.0000,45418,-1,687702660.000,1,0,1,双平,S,4003.6000,4003.2000,4003.0000,4002.6000,4002.4000,4003.8000,4004.2000,4005.0000,4005.4000,4005.6000,1,1,2,2,1,4,1,9,1,2
SF,IF2009,2020-06-23 09:31:19.000,4003.8000,45415,-3,692507220.000,4,0,4,多平,S,4003.6000,4003.2000,4003.0000,4002.2000,4002.0000,4004.2000,4005.0000,4005.4000,4005.6000,4006.2000,1,3,2,2,10,1,9,1,2,2
SF,IF2009,2020-06-23 09:31:19.500,4003.8000,45415,0,692507220.000,0,-,-,-,-,4003.6000,4003.2000,4003.0000,4002.2000,4002.0000,4004.2000,4005.0000,4005.4000,4005.6000,4006.2000,1,3,2,2,10,1,9,1,2,2
SF,IF2009,2020-06-23 09:31:20.000,4003.8000,45415,0,692507220.000,0,-,-,-,-,4003.6000,4003.2000,4003.0000,4002.2000,4002.0000,4004.2000,4005.0000,4005.4000,4005.6000,4006.2000,1,1,2,2,11,1,9,1,2,2
SF,IF2009,2020-06-23 09:31:20.500,4003.8000,45414,-1,693708360.000,1,0,1,双平,S,4003.6000,4003.0000,4002.2000,4002.0000,4001.4000,4004.2000,4004.4000,4005.0000,4005.4000,4005.6000,1,2,2,11,4,1,1,9,1,2
SF,IF2009,2020-06-23 09:31:21.000,4003.6000,45414,0,694909440.000,1,0,1,多换,S,4003.6000,4003.0000,4002.2000,4002.0000,4001.4000,4004.2000,4004.4000,4005.0000,4005.4000,4005.6000,1,2,2,11,4,1,1,9,1,2
SF,IF2009,2020-06-23 09:31:21.500,4004.2000,45414,0,696110700.000,1,0,1,多换,S,4003.8000,4003.6000,4003.2000,4003.0000,4002.2000,4004.4000,4005.0000,4005.4000,4005.6000,4006.2000,2,2,2,2,2,1,9,1,2,2
SF,IF2009,2020-06-23 09:31:22.000,4004.4000,45413,-1,697312020.000,1,0,1,双平,S,4004.4000,4003.8000,4003.6000,4003.2000,4003.0000,4004.6000,4005.0000,4005.4000,4005.6000,4006.2000,3,2,2,2,2,2,9,1,2,2
SF,IF2009,2020-06-23 09:31:22.500,4004.6000,45411,-2,699714780.000,2,0,2,双平,S,4004.6000,4003.8000,4003.6000,4003.2000,4003.0000,4004.8000,4005.0000,4005.4000,4005.6000,4006.2000,1,2,2,2,2,2,9,1,2,2
SF,IF2009,2020-06-23 09:31:23.000,4004.8000,45408,-3,703319100.000,3,0,3,双平,S,4004.6000,4004.4000,4003.8000,4003.6000,4003.2000,4005.0000,4005.4000,4005.6000,4006.2000,4006.8000,1,1,2,2,2,10,1,2,2,2
SF,IF2009,2020-06-23 09:31:23.500,4004.6000,45407,-1,704520480.000,1,0,1,双平,S,4004.6000,4004.4000,4004.2000,4003.8000,4003.6000,4005.0000,4005.4000,4005.6000,4006.2000,4006.8000,2,1,5,2,2,10,1,2,2,2
SF,IF2009,2020-06-23 09:31:24.000,4004.6000,45404,-3,708124740.000,3,0,3,双平,S,4004.4000,4004.2000,4003.8000,4003.6000,4003.2000,4005.0000,4005.4000,4005.6000,4006.2000,4006.8000,1,5,2,2,2,9,1,2,2,2
SF,IF2009,2020-06-23 09:31:24.500,4005.0000,45403,-1,709326240.000,1,0,1,双平,S,4004.4000,4004.2000,4003.8000,4003.6000,4003.2000,4005.0000,4005.4000,4005.6000,4006.2000,4006.8000,1,5,2,2,2,8,1,2,2,2
SF,IF2009,2020-06-23 09:31:25.000,4005.0000,45402,-1,710527740.000,1,0,1,双平,S,4004.6000,4004.4000,4004.2000,4003.8000,4003.6000,4005.0000,4005.2000,4005.4000,4005.6000,4006.2000,1,1,5,2,2,7,1,1,2,2
SF,IF2009,2020-06-23 09:31:25.500,4004.4000,45398,-4,715333440.000,4,0,4,双平,S,4004.2000,4003.8000,4003.6000,4003.2000,4002.2000,4005.0000,4005.2000,4005.4000,4005.6000,4006.2000,5,2,2,2,2,5,2,1,2,2
SF,IF2009,2020-06-23 09:31:26.000,4005.0000,45397,-1,722542260.000,6,2,4,多平,S,4004.2000,4003.8000,4003.6000,4003.2000,4002.2000,4005.2000,4005.4000,4005.6000,4006.2000,4006.8000,5,2,2,2,2,2,1,2,2,2
SF,IF2009,2020-06-23 09:31:26.500,4005.0000,45397,0,723743760.000,1,0,1,多换,S,4004.4000,4004.2000,4003.8000,4003.6000,4003.2000,4005.2000,4005.4000,4005.6000,4005.8000,4006.2000,1,5,2,2,2,2,2,2,1,2
SF,IF2009,2020-06-23 09:31:27.000,4005.2000,45395,-2,726146880.000,2,0,2,双平,S,4004.2000,4003.8000,4003.6000,4003.2000,4002.2000,4005.4000,4005.6000,4005.8000,4006.2000,4006.8000,5,2,2,2,2,4,2,1,2,2
SF,IF2009,2020-06-23 09:31:27.500,4005.2000,45392,-3,729751680.000,3,0,3,双平,S,4004.4000,4004.2000,4003.8000,4003.6000,4003.2000,4004.8000,4005.4000,4005.6000,4005.8000,4006.2000,1,5,2,2,2,1,2,4,1,2
SF,IF2009,2020-06-23 09:31:28.000,4004.8000,45387,-5,735758880.000,5,0,5,双平,S,4004.8000,4004.4000,4004.2000,4003.8000,4003.6000,4005.0000,4005.4000,4005.6000,4005.8000,4006.2000,1,2,5,2,2,1,2,4,1,2
SF,IF2009,2020-06-23 09:31:28.500,4005.0000,45386,-1,736960380.000,1,0,1,双平,S,4005.2000,4005.0000,4004.8000,4004.4000,4004.2000,4005.4000,4005.6000,4005.8000,4006.2000,4006.8000,1,2,3,1,5,2,4,1,2,2
SF,IF2009,2020-06-23 09:31:29.000,4005.4000,45385,-1,738162000.000,1,0,1,双平,S,4005.2000,4005.0000,4004.8000,4004.2000,4003.8000,4005.4000,4005.6000,4005.8000,4006.2000,4006.8000,1,2,1,5,2,1,4,1,2,2
SF,IF2009,2020-06-23 09:31:29.500,4005.4000,45385,0,738162000.000,0,-,-,-,-,4005.2000,4005.0000,4004.2000,4003.8000,4003.6000,4005.4000,4005.6000,4005.8000,4006.2000,4006.8000,1,2,5,2,1,1,4,1,2,2
SF,IF2009,2020-06-23 09:31:30.000,4005.4000,45384,-1,739363620.000,1,0,1,双平,S,4005.2000,4005.0000,4004.2000,4003.8000,4003.6000,4005.6000,4005.8000,4006.2000,4006.8000,4007.4000,1,2,5,2,1,5,1,2,2,3
SF,IF2009,2020-06-23 09:31:30.500,4005.2000,45383,-1,741766740.000,2,0,2,多平,S,4005.0000,4004.2000,4003.8000,4003.6000,4002.2000,4005.6000,4005.8000,4006.2000,4006.8000,4007.4000,2,5,2,1,2,5,2,2,2,3
SF,IF2009,2020-06-23 09:31:31.000,4005.2000,45383,0,741766740.000,0,-,-,-,-,4005.4000,4005.0000,4004.2000,4003.8000,4003.6000,4005.6000,4005.8000,4006.2000,4006.8000,4007.4000,3,2,5,2,1,5,2,2,2,3
SF,IF2009,2020-06-23 09:31:31.500,4005.2000,45383,0,741766740.000,0,-,-,-,-,4005.4000,4005.0000,4004.2000,4003.8000,4002.2000,4005.6000,4005.8000,4006.2000,4006.8000,4007.4000,3,2,5,2,2,5,3,2,2,3
SF,IF2009,2020-06-23 09:31:32.000,4005.0000,45382,-1,747774600.000,5,2,3,多平,S,4005.2000,4004.2000,4003.8000,4002.2000,4002.0000,4005.6000,4005.8000,4006.2000,4006.8000,4007.4000,1,5,2,2,10,5,5,2,2,3
SF,IF2009,2020-06-23 09:31:32.500,4005.2000,45383,1,748976160.000,1,1,0,双开,S,4004.2000,4003.8000,4003.6000,4002.2000,4002.0000,4005.4000,4005.6000,4005.8000,4006.2000,4006.8000,5,2,1,2,10,1,5,7,2,2
SF,IF2009,2020-06-23 09:31:33.000,4005.4000,45382,-1,750177780.000,1,0,1,双平,S,4004.4000,4004.2000,4003.8000,4003.6000,4002.2000,4005.4000,4005.6000,4005.8000,4006.2000,4006.8000,1,5,2,1,2,1,6,7,2,2
SF,IF2009,2020-06-23 09:31:33.500,4005.6000,45381,-1,752581080.000,2,0,2,多平,S,4004.6000,4004.4000,4004.2000,4004.0000,4003.8000,4005.2000,4005.6000,4005.8000,4006.2000,4006.8000,1,1,6,1,2,2,5,7,2,2
SF,IF2009,2020-06-23 09:31:34.000,4005.6000,45377,-4,759790980.000,6,1,5,多平,S,4005.4000,4005.2000,4004.8000,4004.4000,4004.2000,4005.6000,4005.8000,4006.2000,4006.8000,4007.4000,2,1,3,4,5,1,8,2,2,3
SF,IF2009,2020-06-23 09:31:34.500,4005.6000,45377,0,760992660.000,1,0,1,多换,S,4005.6000,4005.4000,4005.2000,4004.8000,4004.4000,4005.8000,4006.2000,4006.8000,4007.4000,4007.8000,1,2,1,1,2,8,2,2,3,2
SF,IF2009,2020-06-23 09:31:35.000,4005.8000,45374,-3,765799620.000,4,0,4,多平,S,4005.6000,4005.4000,4005.2000,4004.8000,4004.4000,4005.8000,4006.2000,4006.8000,4007.4000,4008.0000,2,3,1,1,1,5,2,2,3,2
SF,IF2009,2020-06-23 09:31:35.500,4005.8000,45372,-2,768203100.000,2,0,2,双平,S,4005.6000,4005.4000,4005.2000,4004.8000,4004.2000,4005.8000,4006.2000,4006.8000,4007.4000,4008.0000,1,2,2,1,5,3,2,2,3,2
SF,IF2009,2020-06-23 09:31:36.000,4005.8000,45370,-2,771808320.000,3,0,3,多平,S,4005.4000,4005.2000,4005.0000,4004.8000,4004.4000,4006.2000,4006.8000,4007.4000,4008.0000,4008.6000,2,3,1,1,1,2,2,3,2,2
SF,IF2009,2020-06-23 09:31:36.500,4005.8000,45370,0,771808320.000,0,-,-,-,-,4005.8000,4005.6000,4005.4000,4005.2000,4005.0000,4006.2000,4006.4000,4006.8000,4007.4000,4008.0000,1,7,2,3,1,2,1,2,3,2
SF,IF2009,2020-06-23 09:31:37.000,4006.2000,45370,0,774212040.000,2,1,1,多换,S,4006.2000,4005.8000,4005.6000,4005.4000,4005.2000,4006.4000,4006.8000,4007.4000,4008.0000,4008.6000,2,1,9,2,3,3,2,3,2,2
SF,IF2009,2020-06-23 09:31:37.500,4006.2000,45370,0,774212040.000,0,-,-,-,-,4006.2000,4005.6000,4005.4000,4005.2000,4005.0000,4006.4000,4006.6000,4006.8000,4007.4000,4008.0000,2,9,2,3,2,3,2,2,3,2
SF,IF2009,2020-06-23 09:31:38.000,4006.2000,45367,-3,777817740.000,3,0,3,双平,S,4006.0000,4005.6000,4005.4000,4005.2000,4005.0000,4006.4000,4006.6000,4006.8000,4007.4000,4008.0000,1,9,2,3,1,1,3,2,3,2
SF,IF2009,2020-06-23 09:31:38.500,4006.4000,45366,-1,779019660.000,1,0,1,双平,S,4006.4000,4006.0000,4005.6000,4005.4000,4005.2000,4006.6000,4006.8000,4007.4000,4008.0000,4008.6000,1,1,8,2,3,3,2,3,2,2
SF,IF2009,2020-06-23 09:31:39.000,4006.4000,45366,0,779019660.000,0,-,-,-,-,4006.0000,4005.6000,4005.4000,4005.2000,4005.0000,4006.6000,4006.8000,4007.4000,4008.0000,4008.6000,1,8,2,3,1,3,2,3,2,2
SF,IF2009,2020-06-23 09:31:39.500,4006.6000,45364,-2,782625600.000,3,0,3,多平,S,4006.6000,4006.2000,4006.0000,4005.6000,4005.4000,4006.8000,4007.4000,4008.0000,4008.6000,4009.2000,2,1,1,8,2,2,3,2,2,2
SF,IF2009,2020-06-23 09:31:40.000,4006.8000,45364,0,783827640.000,1,0,1,多换,S,4006.0000,4005.6000,4005.4000,4005.2000,4005.0000,4006.8000,4007.4000,4008.0000,4008.6000,4009.2000,1,8,2,3,1,1,3,2,2,2
SF,IF2009,2020-06-23 09:31:40.500,4006.8000,45364,0,785029680.000,1,0,1,多换,S,4006.8000,4006.2000,4006.0000,4005.6000,4005.4000,4007.4000,4008.0000,4008.6000,4009.2000,4009.8000,1,1,1,8,2,3,2,2,2,2
SF,IF2009,2020-06-23 09:31:41.000,4006.8000,45364,0,785029680.000,0,-,-,-,-,4006.8000,4006.2000,4006.0000,4005.6000,4005.4000,4007.4000,4008.0000,4008.6000,4009.2000,4009.8000,1,2,2,8,2,3,2,2,2,2
SF,IF2009,2020-06-23 09:31:41.500,4007.4000,45363,-1,788636340.000,3,1,2,多平,S,4006.8000,4006.2000,4006.0000,4005.6000,4005.4000,4008.0000,4008.6000,4009.2000,4009.8000,4010.4000,1,2,2,8,2,2,2,2,2,2
SF,IF2009,2020-06-23 09:31:42.000,4007.4000,45363,0,788636340.000,0,-,-,-,-,4007.4000,4007.0000,4006.8000,4006.2000,4006.0000,4008.0000,4008.2000,4008.6000,4009.2000,4009.8000,1,2,1,2,1,2,2,2,2,2
SF,IF2009,2020-06-23 09:31:42.500,4007.4000,45360,-3,792242880.000,3,0,3,双平,S,4006.8000,4006.2000,4006.0000,4005.6000,4005.4000,4008.0000,4008.2000,4008.6000,4009.2000,4009.8000,1,1,1,8,2,2,2,2,2,2
SF,IF2009,2020-06-23 09:31:43.000,4008.0000,45361,1,793445280.000,1,1,0,双开,S,4007.4000,4007.0000,4006.8000,4006.2000,4006.0000,4008.0000,4008.2000,4008.6000,4009.2000,4009.8000,1,1,1,1,1,1,2,2,2,2
SF,IF2009,2020-06-23 09:31:43.500,4006.8000,45360,-1,797051640.000,3,1,2,多平,S,4006.8000,4006.2000,4006.0000,4005.6000,4005.4000,4007.4000,4007.8000,4008.0000,4008.2000,4008.6000,1,1,1,8,2,1,3,1,2,2
SF,IF2009,2020-06-23 09:31:44.000,4007.4000,45357,-3,800658180.000,3,0,3,双平,S,4006.8000,4006.2000,4006.0000,4005.6000,4005.4000,4007.8000,4008.0000,4008.2000,4008.6000,4009.2000,1,1,1,8,2,2,1,2,2,2
SF,IF2009,2020-06-23 09:31:44.500,4006.8000,45357,0,801860220.000,1,0,1,多换,S,4006.2000,4005.6000,4005.4000,4005.2000,4005.0000,4007.6000,4007.8000,4008.0000,4008.2000,4008.6000,1,8,2,3,2,1,1,5,2,2
SF,IF2009,2020-06-23 09:31:45.000,4006.8000,45357,0,801860220.000,0,-,-,-,-,4006.2000,4005.6000,4005.4000,4005.2000,4005.0000,4007.4000,4007.6000,4008.0000,4008.2000,4008.6000,1,8,2,3,2,1,4,5,2,2
SF,IF2009,2020-06-23 09:31:45.500,4006.8000,45357,0,801860220.000,0,-,-,-,-,4006.2000,4005.6000,4005.4000,4005.2000,4005.0000,4007.0000,4007.2000,4007.4000,4007.6000,4008.0000,1,8,2,3,2,1,4,1,4,4
SF,IF2009,2020-06-23 09:31:46.000,4007.2000,45356,-1,804264480.000,2,0,2,多平,S,4007.0000,4006.2000,4005.6000,4005.4000,4005.2000,4007.2000,4007.6000,4008.0000,4008.2000,4008.6000,1,2,8,2,3,2,2,4,2,2
SF,IF2009,2020-06-23 09:31:46.500,4007.2000,45354,-2,807870840.000,3,0,3,多平,S,4006.2000,4005.6000,4005.4000,4005.2000,4005.0000,4007.0000,4007.2000,4007.6000,4007.8000,4008.0000,1,8,2,2,2,1,1,2,1,4
SF,IF2009,2020-06-23 09:31:47.000,4007.2000,45354,0,807870840.000,0,-,-,-,-,4006.2000,4005.6000,4005.4000,4005.2000,4005.0000,4007.0000,4007.2000,4007.6000,4007.8000,4008.0000,1,8,2,2,2,1,1,2,1,4
SF,IF2009,2020-06-23 09:31:47.500,4007.2000,45354,0,807870840.000,0,-,-,-,-,4006.2000,4005.6000,4005.4000,4005.2000,4005.0000,4007.0000,4007.2000,4007.6000,4007.8000,4008.0000,4,8,2,2,2,4,1,2,1,4
SF,IF2009,2020-06-23 09:31:48.000,4006.4000,45350,-4,813881160.000,5,0,5,多平,S,4006.2000,4005.6000,4005.4000,4005.2000,4005.0000,4007.2000,4007.6000,4007.8000,4008.0000,4008.6000,3,8,2,2,2,1,2,1,4,2
SF,IF2009,2020-06-23 09:31:48.500,4006.4000,45350,0,813881160.000,0,-,-,-,-,4006.4000,4006.2000,4005.6000,4005.4000,4005.2000,4007.0000,4007.2000,4007.6000,4007.8000,4008.0000,1,2,7,2,2,1,1,2,1,4
SF,IF2009,2020-06-23 09:31:49.000,4007.0000,45351,1,815083260.000,1,1,0,双开,S,4006.4000,4006.2000,4005.6000,4005.4000,4005.2000,4007.2000,4007.6000,4007.8000,4008.0000,4008.6000,3,1,7,2,2,1,2,1,4,2
SF,IF2009,2020-06-23 09:31:49.500,4007.2000,45350,-1,816285420.000,1,0,1,双平,S,4007.2000,4007.0000,4006.4000,4006.2000,4005.6000,4007.6000,4007.8000,4008.0000,4008.6000,4009.2000,1,1,1,1,7,2,1,4,2,2
SF,IF2009,2020-06-23 09:31:50.000,4007.2000,45350,0,817487580.000,1,0,1,多换,S,4007.0000,4006.4000,4006.2000,4005.6000,4005.4000,4007.6000,4007.8000,4008.0000,4008.6000,4009.2000,1,1,2,7,4,1,1,4,2,2
SF,IF2009,2020-06-23 09:31:50.500,4007.2000,45350,0,817487580.000,0,-,-,-,-,4006.4000,4006.2000,4005.6000,4005.4000,4005.2000,4007.6000,4007.8000,4008.0000,4008.6000,4009.2000,1,2,7,4,2,1,1,4,2,2
SF,IF2009,2020-06-23 09:31:51.000,4007.2000,45350,0,817487580.000,0,-,-,-,-,4007.0000,4006.6000,4006.2000,4005.6000,4005.4000,4007.6000,4007.8000,4008.0000,4008.6000,4009.2000,2,1,2,7,4,1,1,4,2,2
SF,IF2009,2020-06-23 09:31:51.500,4007.6000,45350,0,818689860.000,1,0,1,多换,S,4007.6000,4007.0000,4006.6000,4006.4000,4006.2000,4007.8000,4008.0000,4008.6000,4009.2000,4009.8000,1,2,1,1,3,1,4,2,2,2
SF,IF2009,2020-06-23 09:31:52.000,4007.0000,45348,-2,821094240.000,2,0,2,双平,S,4006.2000,4005.6000,4005.4000,4005.2000,4005.0000,4007.8000,4008.0000,4008.6000,4009.2000,4009.8000,3,7,2,2,2,1,4,2,2,2
SF,IF2009,2020-06-23 09:31:52.500,4007.0000,45348,0,821094240.000,0,-,-,-,-,4007.6000,4006.4000,4006.2000,4005.6000,4005.4000,4007.8000,4008.0000,4008.6000,4009.2000,4009.8000,1,1,3,7,2,3,4,2,2,2
SF,IF2009,2020-06-23 09:31:53.000,4007.8000,45346,-2,823498920.000,2,0,2,双平,S,4007.6000,4007.2000,4006.4000,4006.2000,4005.6000,4007.8000,4008.0000,4008.6000,4009.2000,4009.8000,1,1,2,3,7,1,4,2,2,2
SF,IF2009,2020-06-23 09:31:53.500,4008.0000,45344,-2,827106060.000,3,0,3,多平,S,4007.8000,4007.6000,4007.2000,4006.4000,4006.2000,4008.0000,4008.6000,4009.2000,4009.8000,4010.4000,2,1,1,1,2,3,2,2,2,2
SF,IF2009,2020-06-23 09:31:54.000,4007.8000,45341,-3,833117940.000,5,1,4,多平,S,4007.6000,4006.8000,4006.2000,4005.8000,4005.6000,4008.6000,4009.2000,4009.8000,4010.4000,4011.0000,2,1,2,1,7,2,2,2,2,3
SF,IF2009,2020-06-23 09:31:54.500,4007.8000,45341,0,833117940.000,0,-,-,-,-,4008.0000,4007.8000,4007.6000,4006.8000,4006.6000,4008.6000,4009.2000,4009.8000,4010.4000,4011.0000,1,2,2,1,1,2,2,2,2,3
SF,IF2009,2020-06-23 09:31:55.000,4008.6000,45341,0,835523100.000,2,1,1,多换,S,4008.0000,4007.8000,4007.6000,4006.6000,4006.2000,4009.2000,4009.8000,4010.4000,4011.0000,4011.6000,3,6,2,1,2,2,2,2,3,2
SF,IF2009,2020-06-23 09:31:55.500,4009.2000,45341,0,837928620.000,2,1,1,多换,S,4008.6000,4008.0000,4007.8000,4007.6000,4006.6000,4009.8000,4010.4000,4011.0000,4011.6000,4012.2000,14,3,4,2,1,2,2,3,2,2
SF,IF2009,2020-06-23 09:31:56.000,4009.8000,45342,1,839131560.000,1,1,0,双开,S,4009.2000,4008.8000,4008.6000,4008.2000,4008.0000,4009.8000,4010.4000,4011.0000,4011.6000,4012.2000,1,1,15,4,2,1,2,3,2,2
SF,IF2009,2020-06-23 09:31:56.500,4010.4000,45342,0,842740740.000,3,1,2,多换,S,4009.8000,4009.4000,4009.2000,4008.8000,4008.6000,4011.0000,4011.6000,4012.2000,4012.8000,4013.4000,3,1,1,2,19,3,2,2,2,2
SF,IF2009,2020-06-23 09:31:57.000,4010.4000,45342,0,842740740.000,0,-,-,-,-,4010.4000,4009.8000,4009.2000,4008.6000,4008.2000,4010.8000,4011.0000,4011.6000,4012.2000,4012.8000,1,1,2,17,1,1,3,2,2,2
SF,IF2009,2020-06-23 09:31:57.500,4010.4000,45342,0,843943860.000,1,0,1,多换,S,4010.0000,4008.6000,4008.0000,4007.8000,4007.6000,4011.0000,4011.6000,4012.2000,4012.8000,4013.4000,3,17,2,3,1,3,2,2,2,2
SF,IF2009,2020-06-23 09:31:58.000,4011.0000,45342,0,845147160.000,1,0,1,多换,S,4010.8000,4010.2000,4010.0000,4008.6000,4008.0000,4011.0000,4011.6000,4012.2000,4012.8000,4013.4000,1,1,2,17,2,2,2,2,2,2
SF,IF2009,2020-06-23 09:31:58.500,4011.0000,45342,0,845147160.000,0,-,-,-,-,4010.8000,4010.2000,4010.0000,4008.6000,4008.0000,4011.0000,4011.6000,4012.0000,4012.2000,4012.8000,1,3,1,17,2,2,2,1,2,2
SF,IF2009,2020-06-23 09:31:59.000,4010.8000,45341,-1,846350400.000,1,0,1,双平,S,4010.2000,4008.6000,4008.0000,4007.8000,4007.6000,4011.0000,4011.6000,4012.0000,4012.2000,4012.8000,2,17,2,3,1,2,2,1,2,2
SF,IF2009,2020-06-23 09:31:59.500,4011.0000,45340,-1,848757000.000,2,0,2,多平,S,4011.0000,4010.6000,4010.2000,4008.6000,4008.0000,4011.6000,4012.0000,4012.2000,4012.8000,4013.4000,2,1,2,17,2,2,1,2,2,2
SF,IF2009,2020-06-23 09:32:00.000,4011.6000,45340,0,849960480.000,1,0,1,多换,S,4011.0000,4010.2000,4008.6000,4008.0000,4007.8000,4011.6000,4012.0000,4012.2000,4012.8000,4013.4000,3,1,17,2,3,1,1,2,2,2
SF,IF2009,2020-06-23 09:32:00.500,4011.6000,45339,-1,852367320.000,2,0,2,多平,S,4011.6000,4011.0000,4010.2000,4008.6000,4008.0000,4012.0000,4012.2000,4012.8000,4013.4000,4014.0000,1,2,1,17,2,1,2,2,2,2
SF,IF2009,2020-06-23 09:32:01.000,4011.6000,45338,-1,853570800.000,1,0,1,双平,S,4011.0000,4008.6000,4008.0000,4007.8000,4007.0000,4011.6000,4012.0000,4012.2000,4012.8000,4013.4000,2,17,2,3,1,3,1,2,2,2
SF,IF2009,2020-06-23 09:32:01.500,4011.6000,45337,-1,857180880.000,3,1,2,多平,S,4008.6000,4008.0000,4007.8000,4007.0000,4006.6000,4011.4000,4011.6000,4012.0000,4012.2000,4012.8000,16,2,3,1,1,1,3,1,2,2
SF,IF2009,2020-06-23 09:32:02.000,4009.2000,45336,-1,858383640.000,1,0,1,双平,S,4008.8000,4008.6000,4008.4000,4008.0000,4007.8000,4011.2000,4011.4000,4011.6000,4012.0000,4012.2000,2,19,1,3,3,2,3,1,1,2
SF,IF2009,2020-06-23 09:32:02.500,4009.2000,45336,0,859586400.000,1,0,1,多换,S,4009.0000,4008.8000,4008.6000,4008.4000,4008.0000,4011.0000,4011.2000,4011.4000,4011.6000,4012.0000,2,1,19,1,3,2,2,4,1,1
SF,IF2009,2020-06-23 09:32:03.000,4009.2000,45336,0,859586400.000,0,-,-,-,-,4009.2000,4009.0000,4008.6000,4008.4000,4008.0000,4010.6000,4010.8000,4011.0000,4011.2000,4011.4000,1,2,19,1,3,1,2,1,1,1
SF,IF2009,2020-06-23 09:32:03.500,4009.4000,45336,0,861992340.000,2,1,1,多换,S,4009.4000,4009.2000,4009.0000,4008.6000,4008.4000,4010.6000,4011.2000,4011.4000,4011.6000,4012.0000,2,2,1,19,1,1,1,1,1,1
SF,IF2009,2020-06-23 09:32:04.000,4010.6000,45333,-3,865601820.000,3,0,3,双平,S,4009.4000,4009.0000,4008.6000,4008.4000,4008.0000,4010.6000,4011.2000,4011.4000,4011.6000,4012.0000,2,1,16,1,3,1,1,1,1,1
SF,IF2009,2020-06-23 09:32:04.500,4010.6000,45334,1,866805000.000,1,1,0,双开,S,4009.6000,4009.4000,4009.0000,4008.6000,4008.4000,4011.0000,4011.2000,4011.4000,4011.6000,4012.0000,1,2,1,16,1,1,1,1,1,1
SF,IF2009,2020-06-23 09:32:05.000,4010.6000,45334,0,868008180.000,1,0,1,多换,S,4009.0000,4008.6000,4008.0000,4007.8000,4006.2000,4010.6000,4010.8000,4011.0000,4011.2000,4011.4000,1,15,3,3,1,1,1,2,1,1
SF,IF2009,2020-06-23 09:32:05.500,4010.6000,45333,-1,869211360.000,1,0,1,双平,S,4010.6000,4009.2000,4009.0000,4008.6000,4008.0000,4010.8000,4011.0000,4011.2000,4011.4000,4011.6000,2,1,1,15,3,1,2,1,1,1
SF,IF2009,2020-06-23 09:32:06.000,4011.2000,45329,-4,875227680.000,5,0,5,多平,S,4009.0000,4008.6000,4008.0000,4007.8000,4006.2000,4010.6000,4011.4000,4011.6000,4012.0000,4012.2000,3,15,3,3,1,2,1,1,1,2
SF,IF2009,2020-06-23 09:32:06.500,4010.6000,45327,-2,877634100.000,2,0,2,双平,S,4010.6000,4009.2000,4009.0000,4008.6000,4008.0000,4011.4000,4011.6000,4012.0000,4012.2000,4012.6000,1,3,2,15,2,1,1,1,2,1
SF,IF2009,2020-06-23 09:32:07.000,4010.6000,45327,0,877634100.000,0,-,-,-,-,4010.6000,4009.6000,4009.2000,4009.0000,4008.6000,4012.0000,4012.2000,4012.6000,4012.8000,4013.4000,3,1,4,2,15,1,2,1,2,2
SF,IF2009,2020-06-23 09:32:07.500,4010.6000,45326,-1,878837280.000,1,0,1,双平,S,4009.0000,4008.6000,4008.0000,4007.8000,4006.2000,4009.4000,4010.6000,4011.8000,4012.0000,4012.2000,2,15,2,3,1,5,1,2,1,2
SF,IF2009,2020-06-23 09:32:08.000,4010.6000,45324,-2,887258820.000,7,2,5,多平,S,4010.6000,4009.8000,4009.6000,4009.4000,4009.2000,4012.0000,4012.2000,4012.6000,4012.8000,4013.4000,2,5,1,10,2,1,2,1,3,2
SF,IF2009,2020-06-23 09:32:08.500,4010.6000,45324,0,889665180.000,2,1,1,多换,S,4010.8000,4010.6000,4009.8000,4009.6000,4009.4000,4011.8000,4012.0000,4012.2000,4012.6000,4012.8000,1,2,1,1,6,2,1,2,1,3
SF,IF2009,2020-06-23 09:32:09.000,4011.6000,45322,-2,893275140.000,3,0,3,多平,S,4010.6000,4009.8000,4009.0000,4008.6000,4008.0000,4010.8000,4011.6000,4011.8000,4012.0000,4012.2000,1,1,2,15,2,1,1,1,1,2
SF,IF2009,2020-06-23 09:32:09.500,4010.6000,45322,0,894478320.000,1,0,1,多换,S,4009.8000,4009.0000,4008.6000,4008.0000,4007.8000,4010.6000,4010.8000,4011.6000,4012.0000,4012.2000,1,2,15,2,3,1,1,3,3,2
SF,IF2009,2020-06-23 09:32:10.000,4010.6000,45322,0,894478320.000,0,-,-,-,-,4009.8000,4009.0000,4008.6000,4008.0000,4007.8000,4010.6000,4010.8000,4011.6000,4012.0000,4012.2000,1,1,15,2,3,2,1,2,3,2
SF,IF2009,2020-06-23 09:32:10.500,4010.6000,45320,-2,896884680.000,2,0,2,双平,S,4010.0000,4009.8000,4009.0000,4008.6000,4008.0000,4010.6000,4010.8000,4012.0000,4012.2000,4012.6000,2,2,1,15,2,1,1,3,2,1
SF,IF2009,2020-06-23 09:32:11.000,4010.4000,45318,-2,899290800.000,2,0,2,双平,S,4009.8000,4009.0000,4008.6000,4008.0000,4007.8000,4010.4000,4010.6000,4010.8000,4012.0000,4012.2000,2,1,15,2,3,1,1,1,3,2
SF,IF2009,2020-06-23 09:32:11.500,4010.4000,45318,0,899290800.000,0,-,-,-,-,4009.8000,4009.0000,4008.6000,4008.0000,4007.8000,4010.0000,4010.4000,4010.6000,4010.8000,4012.0000,2,1,15,2,3,1,1,1,1,3
SF,IF2009,2020-06-23 09:32:12.000,4010.6000,45319,1,902900100.000,3,2,1,空开,S,4010.6000,4010.0000,4009.8000,4009.0000,4008.8000,4010.8000,4012.0000,4012.2000,4012.6000,4012.8000,1,1,1,1,1,1,3,2,1,3
SF,IF2009,2020-06-23 09:32:12.500,4010.6000,45318,-1,904103280.000,1,0,1,双平,S,4009.8000,4009.0000,4008.8000,4008.6000,4008.0000,4010.0000,4010.4000,4010.6000,4010.8000,4012.0000,1,1,1,2,2,1,3,8,1,3
SF,IF2009,2020-06-23 09:32:13.000,4009.8000,45317,-1,905306220.000,1,0,1,双平,S,4009.0000,4008.8000,4008.6000,4008.0000,4007.8000,4009.8000,4010.0000,4010.6000,4010.8000,4012.0000,1,1,2,2,3,1,1,8,1,3
SF,IF2009,2020-06-23 09:32:13.500,4009.8000,45317,0,905306220.000,0,-,-,-,-,4009.2000,4009.0000,4008.8000,4008.6000,4008.0000,4010.0000,4010.6000,4010.8000,4012.0000,4012.2000,1,1,1,2,2,1,9,1,3,2
SF,IF2009,2020-06-23 09:32:14.000,4009.0000,45310,-7,914931000.000,8,0,8,多平,S,4008.8000,4008.6000,4008.0000,4007.8000,4006.2000,4010.6000,4010.8000,4012.0000,4012.2000,4012.6000,1,2,2,3,1,3,1,3,2,1
SF,IF2009,2020-06-23 09:32:14.500,4009.0000,45310,0,914931000.000,0,-,-,-,-,4010.0000,4009.2000,4009.0000,4008.8000,4008.6000,4010.6000,4010.8000,4012.0000,4012.2000,4012.6000,1,2,2,2,2,3,1,3,2,1
SF,IF2009,2020-06-23 09:32:15.000,4009.8000,45310,0,916133940.000,1,0,1,多换,S,4009.2000,4009.0000,4008.8000,4008.6000,4008.0000,4010.0000,4010.4000,4010.6000,4010.8000,4012.0000,1,1,2,2,2,1,2,4,1,3
SF,IF2009,2020-06-23 09:32:15.500,4010.4000,45308,-2,919743180.000,3,0,3,多平,S,4010.0000,4009.4000,4009.2000,4008.8000,4008.6000,4010.6000,4010.8000,4012.0000,4012.2000,4012.6000,1,1,1,1,2,4,1,3,2,1
SF,IF2009,2020-06-23 09:32:16.000,4009.2000,45307,-1,922148940.000,2,0,2,多平,S,4008.8000,4008.6000,4008.0000,4007.8000,4006.2000,4010.0000,4010.6000,4010.8000,4012.0000,4012.2000,1,2,2,3,1,1,5,1,3,2
SF,IF2009,2020-06-23 09:32:16.500,4010.0000,45306,-1,923351940.000,1,0,1,双平,S,4009.0000,4008.8000,4008.6000,4008.0000,4007.8000,4010.6000,4010.8000,4012.0000,4012.2000,4012.6000,2,1,3,2,3,5,1,3,2,1
SF,IF2009,2020-06-23 09:32:17.000,4009.0000,45306,0,924554640.000,1,0,1,多换,S,4009.0000,4008.8000,4008.6000,4008.0000,4007.8000,4010.0000,4010.4000,4010.6000,4010.8000,4012.0000,1,1,2,2,3,1,2,5,1,3
SF,IF2009,2020-06-23 09:32:17.500,4009.0000,45306,0,924554640.000,0,-,-,-,-,4009.2000,4009.0000,4008.8000,4008.6000,4008.0000,4010.6000,4010.8000,4011.4000,4012.0000,4012.2000,1,1,1,2,2,5,1,1,3,2
SF,IF2009,2020-06-23 09:32:18.000,4009.0000,45305,-1,925757340.000,1,0,1,双平,S,4008.8000,4008.6000,4008.0000,4007.8000,4007.6000,4009.8000,4010.4000,4010.6000,4010.8000,4011.4000,1,2,2,3,1,1,2,5,1,1
SF,IF2009,2020-06-23 09:32:18.500,4009.0000,45304,-1,928163160.000,2,0,2,多平,S,4008.8000,4008.6000,4008.0000,4007.8000,4007.6000,4010.6000,4010.8000,4011.4000,4011.8000,4012.0000,1,2,2,3,1,5,1,1,1,3
SF,IF2009,2020-06-23 09:32:19.000,4008.8000,45303,-1,929365800.000,1,0,1,双平,S,4008.6000,4008.0000,4007.8000,4007.6000,4006.2000,4008.8000,4009.6000,4010.4000,4010.6000,4010.8000,2,2,3,1,1,1,2,2,5,1
SF,IF2009,2020-06-23 09:32:19.500,4008.8000,45303,0,936580740.000,6,3,3,多换,S,4007.8000,4007.6000,4006.2000,4005.8000,4005.4000,4008.8000,4010.6000,4010.8000,4011.4000,4011.8000,2,1,1,2,1,2,5,1,1,1
SF,IF2009,2020-06-23 09:32:20.000,4008.8000,45303,0,937783380.000,1,0,1,多换,S,4008.2000,4007.8000,4007.6000,4006.2000,4005.8000,4008.8000,4010.6000,4010.8000,4011.4000,4011.8000,4,2,1,1,2,2,5,1,1,1
SF,IF2009,2020-06-23 09:32:20.500,4008.8000,45302,-1,952214040.000,12,5,7,多平,S,4008.8000,4007.8000,4007.6000,4006.2000,4005.8000,4010.6000,4010.8000,4011.4000,4011.8000,4012.0000,2,3,1,1,2,5,1,1,1,3
SF,IF2009,2020-06-23 09:32:21.000,4008.8000,45302,0,954619320.000,2,1,1,多换,S,4007.8000,4007.6000,4006.2000,4005.8000,4005.4000,4008.2000,4008.4000,4008.8000,4010.4000,4010.6000,3,1,1,2,1,2,1,2,2,5
SF,IF2009,2020-06-23 09:32:21.500,4008.0000,45299,-3,958226640.000,3,0,3,双平,S,4007.8000,4007.6000,4006.2000,4005.8000,4005.4000,4008.2000,4008.8000,4010.4000,4010.6000,4010.8000,3,1,1,2,1,1,1,1,5,1
SF,IF2009,2020-06-23 09:32:22.000,4008.2000,45298,-1,959429100.000,1,0,1,双平,S,4008.2000,4007.8000,4007.6000,4006.2000,4005.8000,4008.8000,4010.6000,4010.8000,4011.4000,4011.8000,4,3,1,1,2,1,5,1,1,1
SF,IF2009,2020-06-23 09:32:22.500,4008.2000,45298,0,959429100.000,0,-,-,-,-,4008.2000,4007.8000,4007.6000,4006.2000,4005.8000,4008.8000,4010.6000,4010.8000,4011.4000,4011.8000,1,3,1,1,2,1,4,1,1,1
SF,IF2009,2020-06-23 09:32:23.000,4007.8000,45295,-3,964239120.000,4,0,4,多平,S,4007.8000,4007.6000,4006.2000,4005.8000,4005.4000,4010.6000,4010.8000,4011.4000,4011.8000,4012.0000,2,1,1,2,1,4,1,1,1,3
SF,IF2009,2020-06-23 09:32:23.500,4007.8000,45295,0,964239120.000,0,-,-,-,-,4008.0000,4007.8000,4007.6000,4006.2000,4005.8000,4010.2000,4010.4000,4010.6000,4010.8000,4011.4000,4,2,1,1,2,1,4,4,1,1
SF,IF2009,2020-06-23 09:32:24.000,4007.8000,45295,0,964239120.000,0,-,-,-,-,4008.2000,4008.0000,4007.8000,4007.6000,4006.2000,4010.2000,4010.4000,4010.6000,4010.8000,4011.4000,1,7,2,1,1,1,3,4,1,1
SF,IF2009,2020-06-23 09:32:24.500,4007.8000,45295,0,964239120.000,0,-,-,-,-,4008.4000,4008.2000,4008.0000,4007.8000,4007.6000,4010.0000,4010.2000,4010.4000,4010.6000,4010.8000,5,4,3,1,1,1,1,3,4,1
SF,IF2009,2020-06-23 09:32:25.000,4007.8000,45295,0,964239120.000,0,-,-,-,-,4008.8000,4008.6000,4008.4000,4008.2000,4008.0000,4009.8000,4010.2000,4010.4000,4010.6000,4010.8000,1,3,7,3,3,1,1,2,4,1
SF,IF2009,2020-06-23 09:32:25.500,4007.8000,45295,0,965441460.000,1,0,1,多换,S,4009.0000,4008.8000,4008.6000,4008.4000,4008.2000,4010.4000,4010.6000,4010.8000,4011.4000,4011.8000,2,1,1,6,1,1,4,1,1,2
SF,IF2009,2020-06-23 09:32:26.000,4007.8000,45295,0,965441460.000,0,-,-,-,-,4009.2000,4008.8000,4008.6000,4008.4000,4008.2000,4010.2000,4010.4000,4010.6000,4010.8000,4011.4000,2,1,1,3,1,1,1,4,1,1
SF,IF2009,2020-06-23 09:32:26.500,4007.8000,45295,0,965441460.000,0,-,-,-,-,4008.8000,4008.4000,4008.0000,4007.8000,4007.6000,4010.0000,4010.4000,4010.6000,4010.8000,4011.4000,1,3,1,2,1,1,2,4,1,1
SF,IF2009,2020-06-23 09:32:27.000,4008.8000,45294,-1,966644100.000,1,0,1,双平,S,4008.4000,4008.0000,4007.8000,4007.6000,4006.2000,4009.8000,4010.4000,4010.6000,4010.8000,4011.4000,3,1,2,1,1,1,2,4,1,1
SF,IF2009,2020-06-23 09:32:27.500,4009.8000,45290,-4,975063960.000,7,1,6,多平,S,4010.2000,4008.6000,4008.4000,4008.0000,4007.8000,4010.4000,4010.6000,4011.4000,4011.8000,4012.0000,1,1,1,1,2,1,4,1,2,3
SF,IF2009,2020-06-23 09:32:28.000,4010.2000,45289,-1,976267020.000,1,0,1,双平,S,4008.6000,4008.4000,4008.0000,4007.8000,4007.6000,4009.0000,4010.0000,4010.2000,4010.4000,4010.6000,2,1,1,3,1,1,1,3,1,4
SF,IF2009,2020-06-23 09:32:28.500,4009.0000,45288,-1,977469720.000,1,0,1,双平,S,4009.0000,4008.4000,4007.8000,4007.6000,4006.2000,4010.0000,4010.2000,4010.6000,4011.4000,4011.8000,1,1,3,1,1,1,3,4,1,2
SF,IF2009,2020-06-23 09:32:29.000,4009.0000,45288,0,977469720.000,0,-,-,-,-,4009.0000,4008.4000,4007.8000,4007.6000,4006.2000,4010.0000,4010.2000,4010.6000,4011.4000,4011.8000,2,2,3,1,1,1,5,4,1,2
SF,IF2009,2020-06-23 09:32:29.500,4009.0000,45287,-1,978672420.000,1,0,1,双平,S,4009.0000,4008.4000,4007.8000,4007.6000,4006.2000,4010.0000,4010.2000,4010.6000,4011.4000,4011.8000,1,1,2,1,1,1,5,4,1,2
SF,IF2009,2020-06-23 09:32:30.000,4009.0000,45287,0,978672420.000,0,-,-,-,-,4009.0000,4008.4000,4007.8000,4007.6000,4006.2000,4010.0000,4010.2000,4010.6000,4011.2000,4011.4000,1,1,2,1,1,1,5,4,1,1
SF,IF2009,2020-06-23 09:32:30.500,4009.0000,45287,0,978672420.000,0,-,-,-,-,4008.4000,4007.8000,4007.6000,4006.2000,4005.8000,4010.0000,4010.2000,4010.6000,4011.2000,4011.4000,1,2,1,1,1,1,5,4,1,1
SF,IF2009,2020-06-23 09:32:31.000,4009.0000,45287,0,978672420.000,0,-,-,-,-,4009.2000,4008.6000,4008.4000,4007.8000,4007.6000,4010.2000,4010.6000,4011.2000,4011.4000,4011.8000,3,1,2,2,1,5,4,1,1,2
SF,IF2009,2020-06-23 09:32:31.500,4009.0000,45285,-2,982280520.000,3,0,3,多平,S,4008.4000,4007.8000,4007.6000,4006.2000,4005.8000,4009.0000,4010.0000,4010.2000,4010.6000,4011.2000,1,2,1,1,1,3,2,5,4,1
SF,IF2009,2020-06-23 09:32:32.000,4009.0000,45283,-2,985888620.000,3,0,3,多平,S,4009.0000,4008.4000,4007.8000,4007.6000,4006.2000,4010.0000,4010.2000,4010.6000,4011.2000,4011.4000,2,1,2,1,1,2,5,4,1,1
SF,IF2009,2020-06-23 09:32:32.500,4010.2000,45283,0,987091680.000,1,0,1,多换,S,4009.2000,4009.0000,4008.4000,4007.8000,4007.6000,4010.2000,4010.6000,4011.2000,4011.4000,4011.8000,1,1,1,2,1,4,4,1,1,1
SF,IF2009,2020-06-23 09:32:33.000,4010.2000,45283,0,987091680.000,0,-,-,-,-,4009.2000,4009.0000,4008.4000,4007.8000,4007.6000,4010.2000,4010.6000,4011.2000,4011.4000,4011.8000,8,1,1,2,1,4,4,1,1,1
SF,IF2009,2020-06-23 09:32:33.500,4010.2000,45283,0,987091680.000,0,-,-,-,-,4009.4000,4009.2000,4009.0000,4008.4000,4007.8000,4010.2000,4010.6000,4011.2000,4011.4000,4011.6000,1,2,1,1,2,4,4,1,1,1
SF,IF2009,2020-06-23 09:32:34.000,4010.2000,45283,0,987091680.000,0,-,-,-,-,4009.4000,4009.2000,4009.0000,4008.4000,4007.8000,4010.2000,4010.6000,4011.2000,4011.4000,4011.6000,1,1,1,1,2,4,4,1,1,1
SF,IF2009,2020-06-23 09:32:34.500,4009.4000,45283,0,988294500.000,1,0,1,多换,S,4009.0000,4008.4000,4007.8000,4007.6000,4007.0000,4009.2000,4010.0000,4010.2000,4010.6000,4011.2000,1,1,2,1,1,3,2,4,4,1
SF,IF2009,2020-06-23 09:32:35.000,4009.0000,45281,-2,991902600.000,3,0,3,多平,S,4008.4000,4007.8000,4007.6000,4007.0000,4006.2000,4010.0000,4010.2000,4010.6000,4011.2000,4011.4000,1,2,1,1,1,3,2,4,1,1
SF,IF2009,2020-06-23 09:32:35.500,4009.0000,45281,0,991902600.000,0,-,-,-,-,4008.4000,4007.8000,4007.6000,4007.0000,4006.2000,4008.8000,4009.0000,4009.8000,4010.0000,4010.2000,1,1,1,1,1,2,2,4,1,2
SF,IF2009,2020-06-23 09:32:36.000,4008.4000,45280,-1,993105120.000,1,0,1,双平,S,4007.8000,4007.6000,4007.0000,4006.2000,4005.8000,4009.2000,4009.8000,4010.2000,4010.6000,4011.2000,1,1,1,1,1,1,4,2,4,1
SF,IF2009,2020-06-23 09:32:36.500,4008.4000,45280,0,993105120.000,0,-,-,-,-,4007.8000,4007.6000,4007.0000,4006.2000,4005.8000,4008.2000,4008.4000,4009.0000,4009.2000,4009.8000,1,1,1,1,1,1,2,4,2,3
SF,IF2009,2020-06-23 09:32:37.000,4008.4000,45280,0,993105120.000,0,-,-,-,-,4007.8000,4007.6000,4007.0000,4006.2000,4005.8000,4008.2000,4009.0000,4009.2000,4009.8000,4010.2000,1,1,1,1,1,2,1,4,2,2
SF,IF2009,2020-06-23 09:32:37.500,4008.4000,45280,0,993105120.000,0,-,-,-,-,4007.8000,4007.6000,4007.0000,4006.2000,4005.8000,4008.2000,4009.0000,4009.2000,4009.8000,4010.2000,1,1,1,1,1,2,1,3,1,2
SF,IF2009,2020-06-23 09:32:38.000,4008.4000,45280,0,993105120.000,0,-,-,-,-,4007.8000,4007.6000,4007.0000,4006.2000,4005.8000,4008.2000,4009.0000,4009.2000,4009.8000,4010.2000,1,1,1,1,1,2,1,2,1,2
SF,IF2009,2020-06-23 09:32:38.500,4007.8000,45279,-1,994307460.000,1,0,1,双平,S,4007.8000,4007.6000,4007.0000,4006.2000,4005.8000,4008.2000,4009.0000,4009.2000,4009.6000,4009.8000,1,1,1,1,1,2,1,1,1,1
SF,IF2009,2020-06-23 09:32:39.000,4007.8000,45279,0,994307460.000,0,-,-,-,-,4007.8000,4007.6000,4007.0000,4006.2000,4005.8000,4008.2000,4009.0000,4009.2000,4009.6000,4009.8000,1,1,1,1,1,2,2,1,1,1
SF,IF2009,2020-06-23 09:32:39.500,4007.8000,45279,0,995509800.000,1,0,1,多换,S,4007.6000,4007.0000,4006.2000,4005.8000,4005.4000,4007.8000,4008.2000,4009.0000,4009.2000,4009.6000,1,1,1,1,1,1,4,2,1,1
SF,IF2009,2020-06-23 09:32:40.000,4007.8000,45278,-1,997914420.000,2,0,2,多平,S,4007.0000,4006.2000,4005.8000,4005.4000,4005.0000,4007.8000,4008.2000,4009.0000,4009.6000,4009.8000,1,1,1,1,1,2,4,1,1,1
SF,IF2009,2020-06-23 09:32:40.500,4007.8000,45278,0,1000319040.000,2,1,1,多换,S,4007.0000,4006.2000,4005.8000,4005.4000,4005.0000,4007.8000,4008.2000,4009.0000,4009.6000,4009.8000,1,1,1,1,1,1,4,1,1,1
SF,IF2009,2020-06-23 09:32:41.000,4007.0000,45277,-1,1001521140.000,1,0,1,双平,S,4006.2000,4005.8000,4005.4000,4005.0000,4004.4000,4007.6000,4007.8000,4008.2000,4009.0000,4009.6000,1,1,1,1,1,2,1,4,1,1
SF,IF2009,2020-06-23 09:32:41.500,4007.0000,45277,0,1001521140.000,0,-,-,-,-,4007.2000,4006.4000,4006.2000,4005.8000,4005.4000,4007.6000,4007.8000,4008.2000,4009.0000,4009.6000,1,1,2,1,1,1,1,4,1,1
SF,IF2009,2020-06-23 09:32:42.000,4007.2000,45277,0,1002723300.000,1,0,1,多换,S,4006.2000,4005.8000,4005.4000,4005.0000,4004.4000,4007.8000,4008.2000,4009.0000,4009.6000,4010.2000,2,1,1,1,1,1,4,1,1,2
SF,IF2009,2020-06-23 09:32:42.500,4007.2000,45277,0,1002723300.000,0,-,-,-,-,4007.6000,4006.4000,4006.2000,4005.8000,4005.4000,4007.8000,4008.2000,4009.0000,4009.6000,4010.2000,1,1,3,1,1,1,4,1,1,2
SF,IF2009,2020-06-23 09:32:43.000,4007.8000,45274,-3,1007532780.000,4,0,4,多平,S,4007.8000,4006.4000,4006.2000,4005.8000,4005.4000,4008.2000,4009.0000,4009.6000,4010.2000,4010.6000,2,4,3,1,1,3,1,1,2,2
SF,IF2009,2020-06-23 09:32:43.500,4008.0000,45270,-4,1012342560.000,4,0,4,双平,S,4007.8000,4006.4000,4006.2000,4005.8000,4005.4000,4009.0000,4009.6000,4010.2000,4010.6000,4011.2000,1,2,3,1,1,1,1,2,2,1
SF,IF2009,2020-06-23 09:32:44.000,4008.0000,45270,0,1012342560.000,0,-,-,-,-,4006.4000,4006.2000,4005.8000,4005.4000,4005.0000,4009.0000,4009.6000,4010.2000,4010.6000,4011.2000,1,3,1,1,1,1,1,2,2,1
SF,IF2009,2020-06-23 09:32:44.500,4008.0000,45270,0,1012342560.000,0,-,-,-,-,4006.6000,4006.4000,4006.2000,4005.8000,4005.4000,4007.8000,4008.8000,4009.0000,4009.6000,4010.2000,6,1,3,1,1,2,1,3,1,2
SF,IF2009,2020-06-23 09:32:45.000,4007.8000,45269,-1,1013544900.000,1,0,1,双平,S,4007.6000,4006.8000,4006.6000,4006.4000,4006.2000,4007.8000,4009.0000,4009.6000,4010.2000,4010.6000,2,2,1,2,3,1,1,1,2,2
SF,IF2009,2020-06-23 09:32:45.500,4007.6000,45270,1,1015949460.000,2,1,1,空开,S,4006.8000,4006.2000,4005.8000,4005.4000,4005.0000,4009.0000,4009.6000,4010.2000,4010.6000,4011.2000,1,3,1,1,1,1,1,2,2,1
SF,IF2009,2020-06-23 09:32:46.000,4007.6000,45269,-1,1017151740.000,1,0,1,双平,S,4007.0000,4006.2000,4005.8000,4005.4000,4005.0000,4008.6000,4008.8000,4009.0000,4009.6000,4010.2000,4,3,1,1,1,2,1,1,1,2
SF,IF2009,2020-06-23 09:32:46.500,4007.6000,45269,0,1017151740.000,0,-,-,-,-,4007.0000,4006.2000,4005.8000,4005.4000,4005.0000,4008.4000,4008.6000,4008.8000,4009.0000,4009.6000,1,3,1,1,1,1,2,1,1,1
SF,IF2009,2020-06-23 09:32:47.000,4007.6000,45269,0,1017151740.000,0,-,-,-,-,4006.2000,4005.8000,4005.4000,4005.0000,4004.4000,4007.0000,4008.2000,4008.8000,4009.0000,4009.6000,3,1,1,1,1,1,3,1,1,1
SF,IF2009,2020-06-23 09:32:47.500,4007.0000,45269,0,1018353840.000,1,0,1,多换,S,4007.0000,4006.8000,4006.4000,4006.2000,4005.8000,4009.0000,4009.6000,4010.2000,4010.6000,4011.2000,9,1,8,3,1,1,1,2,2,1
SF,IF2009,2020-06-23 09:32:48.000,4007.0000,45269,0,1018353840.000,0,-,-,-,-,4007.2000,4007.0000,4006.8000,4006.4000,4006.2000,4008.8000,4009.0000,4009.6000,4010.2000,4010.6000,2,5,1,7,3,2,1,1,2,2
SF,IF2009,2020-06-23 09:32:48.500,4007.0000,45269,0,1018353840.000,0,-,-,-,-,4007.4000,4007.2000,4007.0000,4006.8000,4006.4000,4008.8000,4009.0000,4009.6000,4010.2000,4010.6000,2,4,4,1,6,2,1,1,2,2
SF,IF2009,2020-06-23 09:32:49.000,4007.0000,45269,0,1018353840.000,0,-,-,-,-,4007.6000,4007.4000,4007.2000,4007.0000,4006.8000,4008.8000,4009.0000,4009.6000,4010.2000,4010.6000,1,2,2,4,1,2,1,1,2,2
SF,IF2009,2020-06-23 09:32:49.500,4009.0000,45270,1,1019556540.000,1,1,0,双开,S,4007.8000,4007.6000,4007.4000,4007.2000,4007.0000,4009.6000,4010.2000,4010.6000,4011.2000,4011.4000,1,5,1,1,4,1,3,2,1,1
SF,IF2009,2020-06-23 09:32:50.000,4009.0000,45270,0,1019556540.000,0,-,-,-,-,4008.8000,4008.0000,4007.8000,4007.6000,4007.4000,4009.6000,4010.2000,4010.6000,4011.2000,4011.4000,3,1,2,3,1,1,3,2,1,1
SF,IF2009,2020-06-23 09:32:50.500,4009.0000,45270,0,1019556540.000,0,-,-,-,-,4009.0000,4008.8000,4007.8000,4007.6000,4007.2000,4009.6000,4010.2000,4010.6000,4011.2000,4011.4000,1,3,3,1,1,1,2,2,1,1
SF,IF2009,2020-06-23 09:32:51.000,4009.6000,45269,-1,1020759420.000,1,0,1,双平,S,4009.6000,4009.0000,4008.8000,4007.8000,4007.6000,4010.2000,4010.6000,4011.2000,4011.4000,4011.8000,1,1,2,2,1,2,2,1,1,1
SF,IF2009,2020-06-23 09:32:51.500,4009.6000,45268,-1,1021962300.000,1,0,1,双平,S,4009.0000,4008.8000,4007.8000,4007.6000,4007.2000,4010.2000,4010.6000,4011.2000,4011.4000,4011.8000,1,2,1,1,1,2,2,1,1,1
SF,IF2009,2020-06-23 09:32:52.000,4009.6000,45268,0,1023165180.000,1,0,1,多换,S,4008.8000,4007.8000,4007.6000,4007.2000,4007.0000,4009.6000,4010.0000,4010.2000,4010.6000,4011.2000,2,1,1,1,2,1,1,2,2,1
SF,IF2009,2020-06-23 09:32:52.500,4009.6000,45267,-1,1024368060.000,1,0,1,双平,S,4009.0000,4008.8000,4008.6000,4007.6000,4007.2000,4010.0000,4010.2000,4010.6000,4011.2000,4011.4000,4,2,1,1,1,2,2,2,1,1
SF,IF2009,2020-06-23 09:32:53.000,4009.2000,45269,2,1026773580.000,2,2,0,双开,S,4009.0000,4008.8000,4008.6000,4007.6000,4007.2000,4010.0000,4010.2000,4010.6000,4011.2000,4011.4000,3,2,1,1,1,1,2,2,1,1
SF,IF2009,2020-06-23 09:32:53.500,4010.0000,45268,-1,1027976580.000,1,0,1,双平,S,4009.2000,4009.0000,4008.8000,4008.6000,4007.6000,4010.2000,4010.6000,4011.2000,4011.4000,4011.8000,1,6,2,1,1,4,2,1,1,1
SF,IF2009,2020-06-23 09:32:54.000,4010.0000,45267,-1,1030382640.000,2,0,2,多平,S,4009.2000,4008.8000,4008.6000,4007.6000,4007.2000,4010.2000,4010.6000,4011.2000,4011.4000,4011.8000,3,2,1,1,1,3,2,1,2,1
SF,IF2009,2020-06-23 09:32:54.500,4010.2000,45266,-1,1032788760.000,2,0,2,多平,S,4009.4000,4009.2000,4008.8000,4008.6000,4007.6000,4010.2000,4010.6000,4011.2000,4011.4000,4011.8000,3,8,2,1,1,1,2,1,2,1
SF,IF2009,2020-06-23 09:32:55.000,4010.2000,45266,0,1032788760.000,0,-,-,-,-,4009.4000,4009.2000,4008.8000,4008.6000,4007.6000,4010.2000,4010.6000,4011.2000,4011.4000,4011.8000,1,4,2,1,1,1,2,1,1,1
SF,IF2009,2020-06-23 09:32:55.500,4010.2000,45265,-1,1033991820.000,1,0,1,双平,S,4010.2000,4009.6000,4009.4000,4008.6000,4007.6000,4010.6000,4011.2000,4011.4000,4011.8000,4012.0000,2,2,2,1,1,2,1,1,1,2
SF,IF2009,2020-06-23 09:32:56.000,4010.2000,45265,0,1033991820.000,0,-,-,-,-,4010.2000,4009.4000,4008.6000,4007.6000,4007.2000,4010.6000,4011.2000,4011.4000,4011.8000,4012.0000,2,2,1,1,1,2,1,1,1,2
SF,IF2009,2020-06-23 09:32:56.500,4010.2000,45264,-1,1035194880.000,1,0,1,双平,S,4010.2000,4009.4000,4008.6000,4007.6000,4007.2000,4010.6000,4011.2000,4011.4000,4011.8000,4012.0000,3,2,1,1,1,2,1,1,1,2
SF,IF2009,2020-06-23 09:32:57.000,4010.6000,45262,-2,1037601120.000,2,0,2,双平,S,4010.2000,4008.6000,4007.6000,4007.2000,4007.0000,4010.6000,4011.2000,4011.4000,4011.8000,4012.0000,3,1,1,1,2,1,1,1,1,2
SF,IF2009,2020-06-23 09:32:57.500,4010.6000,45260,-2,1041210660.000,3,0,3,多平,S,4010.2000,4008.6000,4007.6000,4007.2000,4007.0000,4011.2000,4011.4000,4011.8000,4012.0000,4012.2000,3,1,1,1,2,1,1,1,2,2
SF,IF2009,2020-06-23 09:32:58.000,4010.6000,45260,0,1041210660.000,0,-,-,-,-,4010.6000,4010.4000,4010.2000,4008.6000,4007.6000,4011.2000,4011.4000,4011.8000,4012.0000,4012.2000,1,1,3,1,1,1,1,1,2,2
SF,IF2009,2020-06-23 09:32:58.500,4011.0000,45258,-2,1043617260.000,2,0,2,双平,S,4010.6000,4010.4000,4010.2000,4008.6000,4007.6000,4011.2000,4011.4000,4011.8000,4012.0000,4012.2000,1,1,3,1,1,3,1,1,2,2
SF,IF2009,2020-06-23 09:32:59.000,4010.6000,45257,-1,1044820440.000,1,0,1,双平,S,4010.4000,4010.2000,4008.6000,4007.6000,4007.2000,4011.2000,4011.4000,4011.8000,4012.0000,4012.2000,1,3,1,1,1,2,1,1,2,2
SF,IF2009,2020-06-23 09:32:59.500,4010.6000,45257,0,1044820440.000,0,-,-,-,-,4010.2000,4008.6000,4007.6000,4007.2000,4007.0000,4010.4000,4010.6000,4011.2000,4011.4000,4011.8000,3,1,1,1,2,1,1,1,1,1
SF,IF2009,2020-06-23 09:33:00.000,4010.4000,45256,-1,1046023560.000,1,0,1,双平,S,4010.4000,4010.2000,4008.6000,4007.6000,4007.2000,4011.2000,4011.4000,4011.8000,4012.0000,4012.2000,1,3,1,1,1,1,1,1,2,2
SF,IF2009,2020-06-23 09:33:00.500,4010.4000,45255,-1,1047226680.000,1,0,1,双平,S,4010.2000,4008.6000,4007.6000,4007.2000,4007.0000,4011.2000,4011.4000,4011.8000,4012.0000,4012.2000,3,1,1,1,2,2,1,1,2,2
SF,IF2009,2020-06-23 09:33:01.000,4010.4000,45255,0,1047226680.000,0,-,-,-,-,4010.2000,4008.6000,4007.6000,4007.2000,4007.0000,4011.2000,4011.4000,4011.8000,4012.0000,4012.2000,3,1,1,1,2,3,1,1,2,2
SF,IF2009,2020-06-23 09:33:01.500,4010.4000,45254,-1,1049633160.000,2,0,2,多平,S,4010.2000,4008.6000,4007.6000,4007.2000,4007.0000,4011.4000,4011.8000,4012.0000,4012.2000,4012.6000,2,1,1,1,2,1,1,2,2,1
SF,IF2009,2020-06-23 09:33:02.000,4010.2000,45252,-2,1052039280.000,2,0,2,双平,S,4008.6000,4007.6000,4007.2000,4007.0000,4006.6000,4011.4000,4011.8000,4012.0000,4012.2000,4012.6000,1,1,1,2,2,2,1,2,2,1
SF,IF2009,2020-06-23 09:33:02.500,4010.2000,45252,0,1052039280.000,0,-,-,-,-,4009.8000,4009.0000,4008.8000,4008.6000,4008.4000,4010.2000,4011.2000,4011.4000,4011.8000,4012.0000,4,1,2,5,1,1,2,2,1,2
SF,IF2009,2020-06-23 09:33:03.000,4009.8000,45249,-3,1055648220.000,3,0,3,双平,S,4009.8000,4009.2000,4008.6000,4008.4000,4007.6000,4010.2000,4011.2000,4011.4000,4011.8000,4012.0000,2,1,5,1,1,1,2,1,1,2
SF,IF2009,2020-06-23 09:33:03.500,4010.2000,45248,-1,1056851280.000,1,0,1,双平,S,4010.2000,4009.2000,4008.6000,4008.4000,4007.8000,4011.2000,4011.4000,4011.8000,4012.0000,4012.2000,1,1,5,1,1,1,1,1,2,2
SF,IF2009,2020-06-23 09:33:04.000,4010.2000,45247,-1,1058054340.000,1,0,1,双平,S,4009.4000,4009.2000,4008.6000,4008.4000,4007.8000,4009.8000,4010.2000,4011.4000,4011.8000,4012.0000,2,1,5,1,1,1,2,1,1,2
SF,IF2009,2020-06-23 09:33:04.500,4009.8000,45241,-6,1065271980.000,6,0,6,双平,S,4009.4000,4009.2000,4008.6000,4008.4000,4007.8000,4009.8000,4010.2000,4011.0000,4011.4000,4011.8000,2,1,5,1,1,10,2,1,1,1
SF,IF2009,2020-06-23 09:33:05.000,4009.8000,45230,-11,1078504320.000,11,0,11,双平,S,4009.8000,4009.6000,4009.4000,4008.6000,4008.4000,4010.2000,4011.0000,4011.4000,4011.8000,4012.0000,3,1,5,5,1,2,1,1,1,2
SF,IF2009,2020-06-23 09:33:05.500,4010.2000,45226,-4,1085722080.000,6,1,5,多平,S,4009.4000,4008.6000,4008.4000,4007.8000,4007.6000,4011.0000,4011.4000,4011.8000,4012.0000,4012.2000,4,2,1,1,1,1,1,1,2,2
SF,IF2009,2020-06-23 09:33:06.000,4010.2000,45226,0,1085722080.000,0,-,-,-,-,4010.2000,4009.6000,4009.4000,4008.6000,4008.4000,4011.0000,4011.4000,4011.8000,4012.0000,4012.2000,1,2,1,2,1,1,1,1,2,2
SF,IF2009,2020-06-23 09:33:06.500,4010.2000,45225,-1,1086925140.000,1,0,1,双平,S,4009.4000,4008.6000,4008.4000,4007.8000,4007.6000,4010.2000,4010.8000,4011.0000,4011.4000,4011.8000,1,2,1,1,1,1,1,4,1,1
SF,IF2009,2020-06-23 09:33:07.000,4010.2000,45225,0,1086925140.000,0,-,-,-,-,4009.4000,4008.6000,4007.8000,4007.6000,4007.0000,4010.2000,4010.8000,4011.0000,4011.4000,4011.8000,1,1,1,1,1,2,1,3,1,1
SF,IF2009,2020-06-23 09:33:07.500,4010.2000,45225,0,1086925140.000,0,-,-,-,-,4009.4000,4008.6000,4007.8000,4007.6000,4007.0000,4010.2000,4010.8000,4011.0000,4011.4000,4011.8000,1,1,1,1,1,1,1,2,1,1
SF,IF2009,2020-06-23 09:33:08.000,4009.4000,45224,-1,1089331020.000,2,0,2,多平,S,4008.6000,4007.8000,4007.6000,4007.0000,4006.6000,4010.0000,4010.2000,4010.8000,4011.0000,4011.4000,1,1,1,1,2,1,2,1,1,1
SF,IF2009,2020-06-23 09:33:08.500,4009.4000,45224,0,1089331020.000,0,-,-,-,-,4009.0000,4008.8000,4008.6000,4007.8000,4007.6000,4010.0000,4010.2000,4010.8000,4011.0000,4011.4000,4,3,1,1,1,1,2,1,1,1
SF,IF2009,2020-06-23 09:33:09.000,4009.4000,45224,0,1089331020.000,0,-,-,-,-,4009.2000,4008.6000,4007.8000,4007.6000,4007.0000,4010.0000,4010.2000,4010.8000,4011.0000,4011.4000,4,2,1,1,1,1,1,1,1,1
SF,IF2009,2020-06-23 09:33:09.500,4009.4000,45224,0,1089331020.000,0,-,-,-,-,4009.2000,4008.6000,4007.8000,4007.6000,4007.0000,4010.2000,4010.8000,4011.0000,4011.4000,4011.8000,1,1,1,1,1,1,1,1,1,1
SF,IF2009,2020-06-23 09:33:10.000,4009.4000,45222,-2,1091736660.000,2,0,2,双平,S,4009.4000,4009.2000,4008.6000,4007.8000,4007.6000,4010.2000,4010.8000,4011.0000,4011.4000,4011.8000,1,1,1,1,1,1,1,1,1,1
SF,IF2009,2020-06-23 09:33:10.500,4009.4000,45222,0,1091736660.000,0,-,-,-,-,4009.4000,4009.2000,4008.6000,4007.8000,4007.6000,4010.2000,4010.8000,4011.0000,4011.4000,4011.8000,1,1,1,1,1,1,1,1,1,1
SF,IF2009,2020-06-23 09:33:11.000,4009.4000,45222,0,1091736660.000,0,-,-,-,-,4009.4000,4008.6000,4007.8000,4007.6000,4007.0000,4010.2000,4010.8000,4011.0000,4011.4000,4011.8000,1,1,1,1,1,2,1,1,1,1
SF,IF2009,2020-06-23 09:33:11.500,4010.2000,45221,-1,1094142780.000,2,0,2,多平,S,4010.2000,4009.4000,4008.6000,4007.8000,4007.6000,4010.8000,4011.0000,4011.4000,4011.8000,4012.0000,2,2,1,1,1,1,1,1,1,2
SF,IF2009,2020-06-23 09:33:12.000,4010.2000,45220,-1,1095345840.000,1,0,1,双平,S,4010.2000,4009.4000,4008.6000,4007.8000,4007.6000,4010.8000,4011.0000,4011.4000,4011.8000,4012.0000,4,3,1,1,1,1,1,1,1,2
SF,IF2009,2020-06-23 09:33:12.500,4011.0000,45218,-2,1097752380.000,2,0,2,双平,S,4011.0000,4010.4000,4010.2000,4009.4000,4008.6000,4011.4000,4011.8000,4012.0000,4012.2000,4012.6000,1,1,5,2,1,1,1,2,2,1
SF,IF2009,2020-06-23 09:33:13.000,4011.2000,45216,-2,1100159160.000,2,0,2,双平,S,4010.8000,4010.4000,4010.2000,4009.4000,4008.6000,4011.0000,4011.8000,4012.0000,4012.2000,4012.6000,1,1,4,2,1,1,1,2,2,1
SF,IF2009,2020-06-23 09:33:13.500,4011.0000,45216,0,1102565760.000,2,1,1,多换,S,4011.0000,4010.4000,4010.2000,4009.4000,4008.6000,4011.8000,4012.0000,4012.2000,4012.6000,4012.8000,2,1,4,1,1,1,2,2,1,2
SF,IF2009,2020-06-23 09:33:14.000,4011.8000,45215,-1,1103769300.000,1,0,1,双平,S,4011.2000,4011.0000,4010.2000,4009.4000,4008.6000,4012.0000,4012.2000,4012.6000,4012.8000,4013.4000,1,5,1,1,1,2,2,1,2,2
SF,IF2009,2020-06-23 09:33:14.500,4012.0000,45214,-1,1104972900.000,1,0,1,双平,S,4011.4000,4011.2000,4011.0000,4010.2000,4009.4000,4012.0000,4012.2000,4012.6000,4012.8000,4013.4000,1,3,1,1,1,1,2,1,2,2
SF,IF2009,2020-06-23 09:33:15.000,4012.2000,45213,-1,1110990780.000,5,2,3,多平,S,4011.2000,4011.0000,4010.2000,4009.4000,4008.6000,4012.6000,4012.8000,4013.4000,4014.0000,4014.6000,2,1,1,1,1,1,2,2,2,2
SF,IF2009,2020-06-23 09:33:15.500,4012.2000,45213,0,1110990780.000,0,-,-,-,-,4011.4000,4011.2000,4011.0000,4010.2000,4009.4000,4012.6000,4012.8000,4013.4000,4014.0000,4014.6000,1,4,1,1,1,2,2,2,2,2
SF,IF2009,2020-06-23 09:33:16.000,4012.6000,45212,-1,1113398340.000,2,0,2,多平,S,4011.6000,4011.4000,4011.0000,4010.2000,4009.4000,4012.8000,4013.4000,4014.0000,4014.6000,4014.8000,1,5,1,1,1,2,2,2,2,1
SF,IF2009,2020-06-23 09:33:16.500,4012.6000,45212,0,1113398340.000,0,-,-,-,-,4011.8000,4011.4000,4011.0000,4010.2000,4009.4000,4012.0000,4012.8000,4013.4000,4014.0000,4014.6000,1,3,1,1,1,1,2,2,2,2
SF,IF2009,2020-06-23 09:33:17.000,4012.8000,45211,-1,1117009800.000,3,1,2,多平,S,4012.6000,4012.0000,4011.6000,4010.2000,4008.6000,4013.4000,4014.0000,4014.6000,4014.8000,4015.2000,1,5,3,1,1,2,2,2,1,2
SF,IF2009,2020-06-23 09:33:17.500,4012.8000,45211,0,1117009800.000,0,-,-,-,-,4012.6000,4012.0000,4011.6000,4010.2000,4009.0000,4013.4000,4014.0000,4014.6000,4014.8000,4015.2000,2,5,2,1,1,2,2,2,1,2
SF,IF2009,2020-06-23 09:33:18.000,4012.6000,45211,0,1118213580.000,1,0,1,多换,S,4012.6000,4012.0000,4010.2000,4009.0000,4008.6000,4013.4000,4014.0000,4014.6000,4014.8000,4015.2000,3,4,1,1,1,2,2,2,1,2
SF,IF2009,2020-06-23 09:33:18.500,4012.6000,45211,0,1118213580.000,0,-,-,-,-,4012.8000,4012.6000,4012.0000,4010.2000,4009.0000,4013.4000,4014.0000,4014.6000,4014.8000,4015.2000,1,2,4,1,1,2,2,2,1,2
SF,IF2009,2020-06-23 09:33:19.000,4013.4000,45212,1,1123029660.000,4,2,2,空开,S,4013.4000,4012.8000,4012.6000,4012.0000,4010.2000,4014.0000,4014.6000,4014.8000,4015.2000,4015.8000,1,1,1,4,1,2,2,1,2,2
SF,IF2009,2020-06-23 09:33:19.500,4013.4000,45211,-1,1125437700.000,2,0,2,多平,S,4012.8000,4012.0000,4010.2000,4010.0000,4009.0000,4014.0000,4014.6000,4014.8000,4015.2000,4015.8000,1,3,1,1,1,2,2,1,2,2
SF,IF2009,2020-06-23 09:33:20.000,4013.4000,45210,-1,1126641720.000,1,0,1,双平,S,4012.0000,4010.2000,4010.0000,4009.0000,4008.6000,4012.8000,4013.8000,4014.0000,4014.6000,4014.8000,3,1,1,1,1,5,1,2,2,1
SF,IF2009,2020-06-23 09:33:20.500,4012.8000,45209,-1,1130253240.000,3,1,2,多平,S,4012.2000,4012.0000,4010.2000,4010.0000,4009.0000,4012.8000,4013.8000,4014.0000,4014.6000,4014.8000,2,6,1,1,1,3,1,2,2,1
SF,IF2009,2020-06-23 09:33:21.000,4012.8000,45208,-1,1135068600.000,4,1,3,多平,S,4012.4000,4012.2000,4012.0000,4010.2000,4010.0000,4013.8000,4014.0000,4014.6000,4014.8000,4015.2000,3,2,3,1,1,1,2,2,1,2
SF,IF2009,2020-06-23 09:33:21.500,4012.6000,45207,-1,1137476160.000,2,0,2,多平,S,4012.4000,4012.0000,4010.2000,4010.0000,4009.0000,4013.6000,4013.8000,4014.0000,4014.6000,4014.8000,1,6,1,1,1,1,1,2,2,1
SF,IF2009,2020-06-23 09:33:22.000,4012.6000,45207,0,1137476160.000,0,-,-,-,-,4012.0000,4010.2000,4010.0000,4009.0000,4008.6000,4013.4000,4014.0000,4014.6000,4014.8000,4015.2000,3,1,1,1,1,2,2,2,1,2
SF,IF2009,2020-06-23 09:33:22.500,4012.6000,45207,0,1137476160.000,0,-,-,-,-,4012.2000,4012.0000,4010.2000,4010.0000,4009.0000,4013.4000,4014.0000,4014.6000,4014.8000,4015.2000,4,4,1,1,1,1,2,2,1,2
SF,IF2009,2020-06-23 09:33:23.000,4013.4000,45205,-2,1141088220.000,3,0,3,多平,S,4012.2000,4012.0000,4010.2000,4010.0000,4009.0000,4014.0000,4014.6000,4014.8000,4015.2000,4015.8000,4,7,1,1,1,2,2,1,2,2
SF,IF2009,2020-06-23 09:33:23.500,4013.4000,45205,0,1141088220.000,0,-,-,-,-,4012.8000,4012.2000,4012.0000,4010.2000,4010.0000,4013.8000,4014.0000,4014.6000,4014.8000,4015.2000,1,4,3,1,1,3,2,2,1,2
SF,IF2009,2020-06-23 09:33:24.000,4013.0000,45204,-1,1143496020.000,2,0,2,多平,S,4012.8000,4012.2000,4012.0000,4010.2000,4010.0000,4013.8000,4014.0000,4014.6000,4014.8000,4015.2000,1,2,7,1,1,2,2,2,1,2
SF,IF2009,2020-06-23 09:33:24.500,4013.0000,45204,0,1143496020.000,0,-,-,-,-,4013.4000,4013.0000,4012.8000,4012.2000,4012.0000,4013.8000,4014.0000,4014.6000,4014.8000,4015.2000,4,1,1,1,7,3,2,2,1,2
SF,IF2009,2020-06-23 09:33:25.000,4013.4000,45202,-2,1147108380.000,3,0,3,多平,S,4013.4000,4013.2000,4013.0000,4012.8000,4012.2000,4014.0000,4014.6000,4014.8000,4015.2000,4015.8000,3,1,1,1,1,1,2,1,2,2
SF,IF2009,2020-06-23 09:33:25.500,4013.4000,45201,-1,1148312400.000,1,0,1,双平,S,4013.4000,4013.2000,4013.0000,4012.8000,4012.2000,4014.0000,4014.6000,4014.8000,4015.2000,4015.8000,2,1,1,1,1,1,2,1,2,2
SF,IF2009,2020-06-23 09:33:26.000,4014.0000,45201,0,1149516600.000,1,0,1,多换,S,4014.0000,4013.4000,4013.2000,4013.0000,4012.8000,4014.2000,4014.6000,4014.8000,4015.2000,4015.8000,1,2,1,1,1,1,2,1,2,2
SF,IF2009,2020-06-23 09:33:26.500,4013.4000,45199,-2,1151924820.000,2,0,2,双平,S,4013.4000,4013.2000,4013.0000,4012.8000,4012.2000,4014.0000,4014.2000,4014.6000,4014.8000,4015.2000,1,1,1,1,1,5,1,2,1,2
SF,IF2009,2020-06-23 09:33:27.000,4013.4000,45198,-1,1153128840.000,1,0,1,双平,S,4013.2000,4013.0000,4012.8000,4012.2000,4012.0000,4013.8000,4014.0000,4014.2000,4014.6000,4014.8000,1,1,1,1,6,1,1,1,2,1
SF,IF2009,2020-06-23 09:33:27.500,4013.0000,45196,-2,1155536700.000,2,0,2,双平,S,4012.8000,4012.2000,4012.0000,4010.2000,4010.0000,4013.4000,4014.0000,4014.2000,4014.6000,4014.8000,1,1,6,1,1,1,1,1,2,1
SF,IF2009,2020-06-23 09:33:28.000,4013.4000,45195,-1,1156740720.000,1,0,1,双平,S,4012.8000,4012.2000,4012.0000,4010.2000,4010.0000,4013.2000,4014.0000,4014.2000,4014.6000,4014.8000,1,1,6,1,1,2,1,1,2,1
SF,IF2009,2020-06-23 09:33:28.500,4013.2000,45194,-1,1157944680.000,1,0,1,双平,S,4013.0000,4012.8000,4012.2000,4012.0000,4010.2000,4013.2000,4014.0000,4014.2000,4014.6000,4014.8000,1,1,1,5,1,1,1,1,2,1
SF,IF2009,2020-06-23 09:33:29.000,4013.2000,45193,-1,1159148640.000,1,0,1,双平,S,4013.2000,4013.0000,4012.8000,4012.2000,4012.0000,4014.0000,4014.2000,4014.6000,4014.8000,4015.2000,4,1,1,1,5,1,1,2,1,2
SF,IF2009,2020-06-23 09:33:29.500,4013.8000,45192,-1,1160352780.000,1,0,1,双平,S,4013.8000,4013.2000,4013.0000,4012.8000,4012.2000,4014.0000,4014.2000,4014.6000,4014.8000,4015.2000,4,1,1,1,1,1,1,2,1,2
SF,IF2009,2020-06-23 09:33:30.000,4013.8000,45191,-1,1161556920.000,1,0,1,双平,S,4013.8000,4013.0000,4012.2000,4012.0000,4010.2000,4014.0000,4014.2000,4014.6000,4014.8000,4015.2000,3,1,1,5,1,1,1,2,1,2
SF,IF2009,2020-06-23 09:33:30.500,4013.8000,45188,-3,1165169340.000,3,0,3,双平,S,4013.2000,4013.0000,4012.2000,4012.0000,4010.2000,4013.8000,4014.0000,4014.2000,4014.6000,4014.8000,2,1,1,5,1,2,1,1,2,1
SF,IF2009,2020-06-23 09:33:31.000,4013.8000,45186,-2,1167577620.000,2,0,2,双平,S,4013.2000,4013.0000,4012.2000,4012.0000,4011.6000,4014.0000,4014.2000,4014.6000,4014.8000,4015.2000,2,1,1,5,1,2,1,2,1,2
SF,IF2009,2020-06-23 09:33:31.500,4013.8000,45186,0,1167577620.000,0,-,-,-,-,4013.2000,4013.0000,4012.2000,4012.0000,4011.6000,4014.0000,4014.2000,4014.6000,4014.8000,4015.2000,2,1,1,5,1,2,2,2,1,2
SF,IF2009,2020-06-23 09:33:32.000,4013.8000,45186,0,1167577620.000,0,-,-,-,-,4013.4000,4013.2000,4013.0000,4012.2000,4012.0000,4014.0000,4014.2000,4014.6000,4014.8000,4015.2000,1,2,1,1,5,2,2,2,1,2
SF,IF2009,2020-06-23 09:33:32.500,4013.2000,45180,-6,1174801920.000,6,0,6,双平,S,4013.0000,4012.2000,4012.0000,4010.2000,4010.0000,4014.2000,4014.6000,4014.8000,4015.2000,4015.8000,1,1,5,1,6,2,2,1,2,2
SF,IF2009,2020-06-23 09:33:33.000,4013.2000,45180,0,1174801920.000,0,-,-,-,-,4013.0000,4012.2000,4012.0000,4010.0000,4008.6000,4014.0000,4014.2000,4014.6000,4014.8000,4015.2000,1,1,5,6,1,2,2,2,1,2
SF,IF2009,2020-06-23 09:33:33.500,4013.2000,45180,0,1174801920.000,0,-,-,-,-,4013.2000,4013.0000,4012.2000,4012.0000,4010.0000,4014.0000,4014.2000,4014.6000,4014.8000,4015.2000,1,4,1,5,6,2,2,2,1,2
SF,IF2009,2020-06-23 09:33:34.000,4014.0000,45179,-1,1176006120.000,1,0,1,双平,S,4014.0000,4013.2000,4013.0000,4012.8000,4012.0000,4014.2000,4014.6000,4014.8000,4015.2000,4015.8000,1,1,1,1,5,2,2,1,2,2
SF,IF2009,2020-06-23 09:33:34.500,4013.2000,45178,-1,1178414280.000,2,0,2,多平,S,4013.0000,4012.0000,4010.0000,4008.6000,4007.8000,4013.8000,4014.0000,4014.2000,4014.6000,4014.8000,1,5,6,1,1,1,7,2,2,1
SF,IF2009,2020-06-23 09:33:35.000,4013.0000,45178,0,1179618180.000,1,0,1,多换,S,4012.0000,4010.0000,4008.6000,4007.8000,4006.2000,4013.0000,4013.6000,4013.8000,4014.0000,4014.2000,5,1,1,1,2,5,1,2,6,2
SF,IF2009,2020-06-23 09:33:35.500,4013.0000,45176,-2,1182025980.000,2,0,2,双平,S,4012.2000,4012.0000,4010.0000,4008.6000,4007.8000,4013.0000,4013.4000,4013.6000,4013.8000,4014.0000,1,1,1,1,1,2,1,1,2,6
SF,IF2009,2020-06-23 09:33:36.000,4012.2000,45176,0,1185637440.000,3,1,2,多换,S,4012.0000,4010.0000,4008.6000,4007.8000,4006.2000,4012.8000,4013.0000,4013.2000,4013.4000,4013.6000,1,1,1,1,2,1,1,1,1,1
SF,IF2009,2020-06-23 09:33:36.500,4012.6000,45175,-1,1186841220.000,1,0,1,双平,S,4010.0000,4008.6000,4007.8000,4006.2000,4006.0000,4012.8000,4013.0000,4013.2000,4013.4000,4014.0000,1,1,1,2,1,1,2,1,1,6
SF,IF2009,2020-06-23 09:33:37.000,4012.6000,45175,0,1186841220.000,0,-,-,-,-,4011.8000,4011.4000,4011.0000,4010.6000,4010.4000,4012.0000,4012.6000,4012.8000,4013.0000,4013.2000,1,3,3,1,5,2,4,1,2,1
SF,IF2009,2020-06-23 09:33:37.500,4012.0000,45174,-1,1190452020.000,3,1,2,多平,S,4012.0000,4011.8000,4010.6000,4010.4000,4010.2000,4012.6000,4013.0000,4013.2000,4013.4000,4014.0000,2,1,2,6,3,1,2,1,1,6
SF,IF2009,2020-06-23 09:33:38.000,4012.6000,45173,-1,1191655800.000,1,0,1,双平,S,4012.6000,4010.6000,4010.4000,4010.2000,4010.0000,4013.0000,4013.2000,4013.4000,4014.0000,4014.2000,1,2,6,3,1,2,1,1,6,2
SF,IF2009,2020-06-23 09:33:38.500,4012.6000,45172,-1,1192859580.000,1,0,1,双平,S,4010.6000,4010.4000,4010.2000,4010.0000,4007.8000,4012.6000,4012.8000,4013.0000,4013.2000,4013.4000,2,6,3,1,1,1,1,2,1,1
SF,IF2009,2020-06-23 09:33:39.000,4012.6000,45172,0,1192859580.000,0,-,-,-,-,4012.6000,4012.0000,4010.8000,4010.6000,4010.4000,4013.0000,4013.2000,4013.4000,4014.0000,4014.2000,1,1,4,2,6,2,1,1,6,3
SF,IF2009,2020-06-23 09:33:39.500,4012.6000,45172,0,1194063360.000,1,0,1,多换,S,4011.4000,4010.8000,4010.6000,4010.4000,4010.0000,4012.6000,4013.0000,4013.2000,4013.4000,4014.0000,1,3,2,6,1,1,2,1,1,6
SF,IF2009,2020-06-23 09:33:40.000,4013.0000,45171,-1,1195267260.000,1,0,1,双平,S,4012.6000,4012.4000,4012.0000,4011.6000,4011.4000,4013.0000,4013.2000,4013.4000,4014.0000,4014.2000,2,1,3,4,2,1,1,1,6,3
SF,IF2009,2020-06-23 09:33:40.500,4012.6000,45169,-2,1197674820.000,2,0,2,双平,S,4011.6000,4011.4000,4010.8000,4010.6000,4010.4000,4012.4000,4012.6000,4013.0000,4013.2000,4013.4000,2,2,1,2,2,2,3,1,1,1
SF,IF2009,2020-06-23 09:33:41.000,4012.6000,45169,0,1197674820.000,0,-,-,-,-,4012.8000,4011.6000,4010.8000,4010.6000,4010.4000,4013.0000,4013.2000,4013.4000,4014.0000,4014.2000,19,1,1,2,2,1,1,1,6,3
SF,IF2009,2020-06-23 09:33:41.500,4012.8000,45157,-12,1212120900.000,12,0,12,双平,S,4012.8000,4012.4000,4011.8000,4011.6000,4010.8000,4013.0000,4013.2000,4013.4000,4014.0000,4014.2000,7,1,3,1,1,1,2,1,6,3
SF,IF2009,2020-06-23 09:33:42.000,4012.8000,45153,-4,1216936260.000,4,0,4,双平,S,4012.8000,4012.4000,4011.8000,4011.6000,4010.8000,4013.0000,4013.2000,4013.4000,4014.0000,4014.2000,3,1,2,1,1,1,2,1,6,3
SF,IF2009,2020-06-23 09:33:42.500,4012.8000,45150,-3,1220547780.000,3,0,3,双平,S,4011.8000,4011.6000,4010.8000,4010.6000,4010.4000,4013.0000,4013.2000,4014.0000,4014.2000,4014.6000,1,1,1,2,2,1,2,5,3,2
SF,IF2009,2020-06-23 09:33:43.000,4012.8000,45150,0,1220547780.000,0,-,-,-,-,4012.0000,4011.8000,4010.8000,4010.6000,4010.4000,4013.0000,4013.2000,4014.0000,4014.2000,4014.6000,3,1,1,2,2,1,2,5,3,2
SF,IF2009,2020-06-23 09:33:43.500,4013.0000,45147,-3,1224159480.000,3,0,3,双平,S,4012.2000,4012.0000,4011.8000,4010.8000,4010.6000,4013.2000,4014.0000,4014.2000,4014.6000,4014.8000,1,6,3,1,2,2,5,3,2,1
SF,IF2009,2020-06-23 09:33:44.000,4013.0000,45147,0,1224159480.000,0,-,-,-,-,4012.4000,4012.2000,4012.0000,4011.8000,4010.8000,4013.2000,4014.0000,4014.2000,4014.6000,4014.8000,1,2,3,1,1,2,5,3,2,1
SF,IF2009,2020-06-23 09:33:44.500,4013.0000,45147,0,1224159480.000,0,-,-,-,-,4012.4000,4012.2000,4012.0000,4011.8000,4011.2000,4013.2000,4014.0000,4014.2000,4014.6000,4014.8000,2,2,2,1,1,2,5,3,2,1
SF,IF2009,2020-06-23 09:33:45.000,4013.2000,45145,-2,1226567400.000,2,0,2,双平,S,4013.2000,4012.6000,4012.4000,4012.0000,4011.2000,4014.0000,4014.2000,4014.6000,4014.8000,4015.2000,2,1,3,2,1,4,3,2,1,2
SF,IF2009,2020-06-23 09:33:45.500,4013.2000,45145,0,1226567400.000,0,-,-,-,-,4013.4000,4013.2000,4012.6000,4012.4000,4012.0000,4014.0000,4014.2000,4014.6000,4014.8000,4015.2000,1,2,3,3,1,2,3,2,1,2
SF,IF2009,2020-06-23 09:33:46.000,4013.2000,45145,0,1226567400.000,0,-,-,-,-,4013.4000,4012.6000,4012.4000,4012.0000,4011.2000,4014.0000,4014.2000,4014.6000,4014.8000,4015.2000,1,2,3,1,1,2,3,2,1,2
SF,IF2009,2020-06-23 09:33:46.500,4013.4000,45145,0,1227771420.000,1,0,1,多换,S,4012.6000,4012.4000,4012.0000,4011.2000,4010.8000,4014.0000,4014.2000,4014.6000,4014.8000,4015.2000,2,2,1,1,1,2,1,2,1,2
SF,IF2009,2020-06-23 09:33:47.000,4013.4000,45145,0,1227771420.000,0,-,-,-,-,4013.4000,4012.8000,4012.6000,4012.0000,4011.2000,4013.8000,4014.0000,4014.2000,4014.6000,4014.8000,2,3,1,1,1,1,4,1,2,1
SF,IF2009,2020-06-23 09:33:47.500,4013.4000,45145,0,1227771420.000,0,-,-,-,-,4013.2000,4012.8000,4012.6000,4012.0000,4011.2000,4013.6000,4014.0000,4014.2000,4014.6000,4014.8000,2,2,1,1,1,1,4,1,2,1
SF,IF2009,2020-06-23 09:33:48.000,4013.6000,45144,-1,1228975500.000,1,0,1,双平,S,4013.6000,4013.2000,4012.8000,4012.6000,4012.0000,4014.0000,4014.2000,4014.6000,4014.8000,4015.2000,1,2,2,1,1,4,1,2,1,2
SF,IF2009,2020-06-23 09:33:48.500,4013.6000,45143,-1,1230179580.000,1,0,1,双平,S,4013.2000,4012.8000,4012.6000,4012.0000,4011.2000,4014.0000,4014.2000,4014.6000,4014.8000,4015.2000,2,2,1,1,1,4,1,2,1,2
SF,IF2009,2020-06-23 09:33:49.000,4014.0000,45143,0,1234996380.000,4,2,2,多换,S,4013.2000,4012.8000,4012.6000,4012.0000,4011.2000,4014.2000,4014.6000,4014.8000,4015.2000,4015.8000,2,2,1,1,1,1,2,1,2,2
SF,IF2009,2020-06-23 09:33:49.500,4013.4000,45143,0,1236200400.000,1,0,1,多换,S,4013.4000,4013.2000,4012.8000,4012.6000,4012.0000,4014.2000,4014.6000,4014.8000,4015.2000,4015.8000,1,2,1,1,1,1,2,1,2,2
SF,IF2009,2020-06-23 09:33:50.000,4013.4000,45143,0,1236200400.000,0,-,-,-,-,4013.4000,4013.2000,4012.6000,4012.0000,4011.2000,4014.2000,4014.6000,4014.8000,4015.2000,4015.8000,5,2,1,1,1,1,2,1,2,2
SF,IF2009,2020-06-23 09:33:50.500,4013.4000,45141,-2,1239812460.000,3,0,3,多平,S,4013.2000,4012.6000,4012.0000,4011.2000,4010.8000,4013.4000,4014.2000,4014.6000,4014.8000,4015.2000,2,1,1,1,1,1,2,2,1,2
SF,IF2009,2020-06-23 09:33:51.000,4013.4000,45141,0,1241016480.000,1,0,1,多换,S,4013.4000,4013.2000,4012.6000,4012.0000,4011.2000,4014.2000,4014.6000,4014.8000,4015.2000,4015.8000,4,2,1,1,1,2,2,1,2,2
SF,IF2009,2020-06-23 09:33:51.500,4013.4000,45141,0,1241016480.000,0,-,-,-,-,4013.4000,4013.2000,4012.6000,4012.0000,4011.2000,4014.2000,4014.6000,4014.8000,4015.2000,4015.8000,2,2,1,1,1,2,2,1,2,2
SF,IF2009,2020-06-23 09:33:52.000,4014.2000,45140,-1,1242220740.000,1,0,1,双平,S,4014.2000,4013.6000,4013.4000,4013.2000,4012.6000,4014.6000,4014.8000,4015.2000,4015.8000,4016.2000,1,3,2,2,1,2,1,2,2,1
SF,IF2009,2020-06-23 09:33:52.500,4014.2000,45139,-1,1243425000.000,1,0,1,双平,S,4013.6000,4013.4000,4013.2000,4012.6000,4012.0000,4014.2000,4014.6000,4014.8000,4015.2000,4015.8000,3,2,2,1,1,2,2,1,2,2
SF,IF2009,2020-06-23 09:33:53.000,4014.2000,45139,0,1243425000.000,0,-,-,-,-,4013.6000,4013.4000,4013.2000,4012.6000,4012.0000,4014.2000,4014.6000,4014.8000,4015.2000,4015.8000,1,2,2,1,1,2,2,1,2,2
SF,IF2009,2020-06-23 09:33:53.500,4013.4000,45138,-1,1245833100.000,2,0,2,多平,S,4013.4000,4013.2000,4012.6000,4012.0000,4011.2000,4014.2000,4014.6000,4014.8000,4015.2000,4015.8000,1,2,1,1,1,2,2,1,2,2
SF,IF2009,2020-06-23 09:33:54.000,4013.4000,45138,0,1245833100.000,0,-,-,-,-,4013.2000,4012.6000,4012.0000,4011.2000,4010.8000,4013.6000,4014.0000,4014.2000,4014.6000,4014.8000,2,1,1,1,1,1,2,2,2,1
SF,IF2009,2020-06-23 09:33:54.500,4013.6000,45138,0,1247037180.000,1,0,1,多换,S,4013.2000,4012.6000,4012.0000,4011.2000,4010.8000,4013.8000,4014.0000,4014.2000,4014.6000,4014.8000,2,1,1,1,1,1,2,2,2,1
SF,IF2009,2020-06-23 09:33:55.000,4013.6000,45138,0,1247037180.000,0,-,-,-,-,4013.2000,4012.6000,4012.0000,4011.2000,4010.8000,4013.8000,4014.0000,4014.2000,4014.6000,4014.8000,2,1,1,1,1,1,2,2,2,1
SF,IF2009,2020-06-23 09:33:55.500,4013.6000,45138,0,1248241260.000,1,0,1,多换,S,4013.2000,4012.6000,4012.0000,4011.2000,4010.8000,4013.8000,4014.0000,4014.2000,4014.6000,4014.8000,2,1,1,1,1,1,1,2,2,1
SF,IF2009,2020-06-23 09:33:56.000,4013.8000,45138,0,1250649360.000,2,1,1,多换,S,4013.2000,4012.0000,4011.2000,4010.8000,4010.6000,4014.0000,4014.2000,4014.6000,4014.8000,4015.2000,1,1,1,1,1,1,2,2,1,2
SF,IF2009,2020-06-23 09:33:56.500,4013.8000,45138,0,1250649360.000,0,-,-,-,-,4013.2000,4012.0000,4011.2000,4010.8000,4010.6000,4014.0000,4014.2000,4014.6000,4014.8000,4015.2000,1,1,1,1,1,2,2,2,1,2
SF,IF2009,2020-06-23 09:33:57.000,4013.2000,45137,-1,1251853320.000,1,0,1,双平,S,4012.0000,4011.2000,4010.8000,4010.6000,4010.4000,4013.4000,4014.0000,4014.2000,4014.6000,4014.8000,1,1,1,1,1,1,2,2,2,1
SF,IF2009,2020-06-23 09:33:57.500,4013.2000,45137,0,1251853320.000,0,-,-,-,-,4012.2000,4012.0000,4011.2000,4010.8000,4010.6000,4013.2000,4013.4000,4014.2000,4014.6000,4014.8000,2,1,1,1,1,1,2,2,2,1
SF,IF2009,2020-06-23 09:33:58.000,4013.2000,45136,-1,1254260940.000,2,0,2,多平,S,4012.2000,4012.0000,4011.2000,4010.8000,4010.6000,4013.2000,4013.4000,4014.2000,4014.6000,4014.8000,1,1,1,1,1,1,1,2,2,1
SF,IF2009,2020-06-23 09:33:58.500,4013.2000,45136,0,1254260940.000,0,-,-,-,-,4012.4000,4012.2000,4012.0000,4011.2000,4010.8000,4013.2000,4013.4000,4014.2000,4014.6000,4014.8000,1,1,1,1,1,1,1,2,2,1
SF,IF2009,2020-06-23 09:33:59.000,4013.2000,45136,0,1255464900.000,1,0,1,多换,S,4012.4000,4012.2000,4012.0000,4011.2000,4010.8000,4013.4000,4014.2000,4014.6000,4014.8000,4015.2000,1,1,2,1,1,1,2,2,1,2
SF,IF2009,2020-06-23 09:33:59.500,4013.2000,45136,0,1255464900.000,0,-,-,-,-,4012.4000,4012.2000,4012.0000,4011.2000,4010.8000,4013.2000,4013.4000,4014.2000,4014.6000,4014.8000,1,1,2,1,1,2,2,2,2,1
SF,IF2009,2020-06-23 09:34:00.000,4013.2000,45136,0,1255464900.000,0,-,-,-,-,4012.6000,4012.4000,4012.0000,4011.2000,4010.8000,4013.0000,4013.2000,4013.4000,4014.2000,4014.6000,1,1,2,1,1,1,1,1,2,2
SF,IF2009,2020-06-23 09:34:00.500,4012.4000,45135,-1,1257872400.000,2,0,2,多平,S,4012.0000,4011.2000,4010.8000,4010.6000,4010.4000,4013.0000,4013.4000,4014.2000,4014.6000,4014.8000,1,1,1,1,1,3,1,2,2,1
SF,IF2009,2020-06-23 09:34:01.000,4012.8000,45135,0,1259076240.000,1,0,1,多换,S,4012.0000,4011.2000,4010.8000,4010.6000,4010.4000,4012.8000,4013.0000,4013.4000,4014.2000,4014.6000,1,1,1,1,1,3,3,1,2,2
SF,IF2009,2020-06-23 09:34:01.500,4012.8000,45135,0,1259076240.000,0,-,-,-,-,4012.0000,4011.2000,4010.8000,4010.6000,4010.4000,4012.6000,4012.8000,4013.0000,4013.4000,4014.2000,1,1,1,1,1,1,7,2,1,2
SF,IF2009,2020-06-23 09:34:02.000,4012.4000,45134,-1,1261483560.000,2,0,2,多平,S,4011.2000,4010.8000,4010.6000,4010.4000,4010.0000,4012.4000,4012.6000,4012.8000,4013.0000,4013.4000,1,1,1,1,3,2,3,2,1,1
SF,IF2009,2020-06-23 09:34:02.500,4012.4000,45134,0,1261483560.000,0,-,-,-,-,4011.4000,4011.2000,4010.8000,4010.6000,4010.4000,4012.0000,4012.2000,4012.4000,4012.6000,4012.8000,1,1,1,1,1,1,1,2,3,2
SF,IF2009,2020-06-23 09:34:03.000,4012.0000,45133,-1,1262687160.000,1,0,1,双平,S,4011.2000,4010.0000,4007.8000,4006.2000,4006.0000,4012.2000,4012.4000,4012.8000,4013.4000,4014.2000,1,3,1,2,1,4,1,2,1,2
SF,IF2009,2020-06-23 09:34:03.500,4012.0000,45133,0,1265094360.000,2,1,1,多换,S,4011.2000,4010.0000,4007.8000,4006.2000,4006.0000,4012.2000,4012.4000,4012.8000,4013.4000,4014.2000,1,3,1,2,1,3,1,2,1,2
SF,IF2009,2020-06-23 09:34:04.000,4012.0000,45133,0,1265094360.000,0,-,-,-,-,4011.2000,4010.0000,4007.8000,4006.2000,4006.0000,4012.2000,4012.4000,4012.8000,4013.4000,4014.2000,2,3,1,2,1,2,1,2,1,2
SF,IF2009,2020-06-23 09:34:04.500,4011.4000,45132,-1,1266297780.000,1,0,1,双平,S,4011.2000,4010.0000,4007.8000,4006.2000,4006.0000,4012.4000,4012.8000,4013.4000,4014.2000,4014.6000,4,3,1,2,1,1,2,1,2,2
SF,IF2009,2020-06-23 09:34:05.000,4011.4000,45132,0,1266297780.000,0,-,-,-,-,4011.4000,4011.2000,4010.0000,4007.8000,4006.2000,4012.6000,4012.8000,4014.2000,4014.6000,4014.8000,3,2,3,1,2,1,2,2,2,1
SF,IF2009,2020-06-23 09:34:05.500,4011.4000,45132,0,1266297780.000,0,-,-,-,-,4011.4000,4011.2000,4010.0000,4007.8000,4006.2000,4012.4000,4012.6000,4012.8000,4014.2000,4014.6000,1,1,3,1,2,2,1,1,2,2
SF,IF2009,2020-06-23 09:34:06.000,4011.2000,45132,0,1267501140.000,1,0,1,多换,S,4010.0000,4007.8000,4006.2000,4006.0000,4005.8000,4012.4000,4012.6000,4012.8000,4014.2000,4014.6000,3,1,2,1,1,1,2,1,2,2
SF,IF2009,2020-06-23 09:34:06.500,4010.6000,45131,-1,1268704320.000,1,0,1,双平,S,4010.6000,4010.2000,4010.0000,4007.8000,4006.2000,4012.2000,4012.4000,4012.6000,4012.8000,4014.2000,2,5,3,1,2,3,1,1,1,2
SF,IF2009,2020-06-23 09:34:07.000,4012.0000,45131,0,1269907920.000,1,0,1,多换,S,4011.4000,4010.8000,4010.2000,4010.0000,4007.8000,4012.2000,4012.6000,4012.8000,4014.2000,4014.6000,1,3,4,3,1,4,1,1,2,2
SF,IF2009,2020-06-23 09:34:07.500,4011.4000,45130,-1,1271111340.000,1,0,1,双平,S,4010.8000,4010.2000,4010.0000,4007.8000,4006.2000,4012.2000,4012.6000,4014.2000,4014.6000,4014.8000,2,4,3,1,2,4,1,2,2,1
SF,IF2009,2020-06-23 09:34:08.000,4012.2000,45130,0,1273518660.000,2,1,1,多换,S,4011.0000,4010.8000,4010.2000,4010.0000,4007.8000,4012.2000,4012.6000,4014.2000,4014.6000,4014.8000,1,2,3,3,1,2,1,2,2,1
SF,IF2009,2020-06-23 09:34:08.500,4012.2000,45128,-2,1275925980.000,2,0,2,双平,S,4011.2000,4011.0000,4010.8000,4010.6000,4010.2000,4014.2000,4014.6000,4014.8000,4015.2000,4015.8000,2,1,1,1,2,2,2,1,2,4
SF,IF2009,2020-06-23 09:34:09.000,4012.2000,45129,1,1277129640.000,1,1,0,双开,S,4011.4000,4011.2000,4010.8000,4010.2000,4010.0000,4012.0000,4012.6000,4014.0000,4014.2000,4014.6000,3,1,1,1,3,2,1,7,2,2
SF,IF2009,2020-06-23 09:34:09.500,4012.0000,45129,0,1278333240.000,1,0,1,多换,S,4012.0000,4011.6000,4011.4000,4010.8000,4010.2000,4013.4000,4014.0000,4014.2000,4014.6000,4014.8000,4,1,1,1,1,1,3,2,2,1
SF,IF2009,2020-06-23 09:34:10.000,4012.0000,45129,0,1278333240.000,0,-,-,-,-,4012.2000,4012.0000,4011.4000,4011.2000,4010.2000,4013.2000,4013.4000,4014.0000,4014.2000,4014.6000,1,4,1,4,1,2,1,2,2,2
SF,IF2009,2020-06-23 09:34:10.500,4012.0000,45129,0,1278333240.000,0,-,-,-,-,4012.2000,4012.0000,4011.2000,4010.2000,4010.0000,4012.8000,4013.2000,4013.4000,4014.0000,4014.2000,2,3,4,1,3,1,2,1,1,2
SF,IF2009,2020-06-23 09:34:11.000,4012.2000,45129,0,1280740560.000,2,1,1,多换,S,4012.0000,4011.2000,4010.2000,4010.0000,4007.8000,4012.6000,4012.8000,4013.0000,4013.6000,4014.0000,3,4,1,3,1,1,1,4,2,1
