市场代码,合约代码,时间,最新,持仓,增仓,成交额,成交量,开仓,平仓,成交类型,方向,买一价,买二价,买三价,买四价,买五价,卖一价,卖二价,卖三价,卖四价,卖五价,买一量,买二量,买三量,买四量,买五量,卖一量,卖二量,卖三量,卖四量,卖五量
SF,IF2003,2019-12-03 09:29:00.000,3817.6000,15751,0,9162240.000,8.000,-,-,-,-,3817.6000,3815.6000,3815.0000,3813.0000,3812.6000,3825.0000,3828.8000,3829.4000,3831.0000,3831.6000,1,3,2,1,5,1,2,2,1,1
SF,IF2003,2019-12-03 09:30:00.500,3823.0000,15753,2,41236920.000,28,15,13,空开,S,3823.4000,3823.2000,3821.0000,3820.0000,3818.0000,3824.0000,3824.6000,3824.8000,3825.0000,3828.8000,1,2,1,2,1,1,13,5,1,2
SF,IF2003,2019-12-03 09:30:01.000,3820.0000,15753,0,46969920.000,5,2,3,多换,S,3820.0000,3819.4000,3817.8000,3817.6000,3817.0000,3821.6000,3822.0000,3822.2000,3822.6000,3823.2000,1,1,14,2,2,1,3,2,1,1
SF,IF2003,2019-12-03 09:30:01.500,3820.0000,15752,-1,49261920.000,2,0,2,多平,S,3819.4000,3817.8000,3817.6000,3817.0000,3815.0000,3820.0000,3821.2000,3821.4000,3821.6000,3822.0000,1,14,2,2,14,1,7,1,1,3
SF,IF2003,2019-12-03 09:30:02.000,3820.0000,15752,0,49261920.000,0,-,-,-,-,3819.6000,3818.4000,3817.8000,3817.6000,3817.0000,3820.0000,3821.4000,3821.6000,3822.0000,3822.2000,2,1,9,2,2,1,5,1,3,1
SF,IF2003,2019-12-03 09:30:02.500,3820.0000,15751,-1,50407920.000,1,0,1,双平,S,3820.4000,3820.0000,3819.8000,3818.4000,3817.8000,3821.4000,3821.6000,3822.0000,3822.2000,3822.6000,1,1,6,1,9,1,1,3,1,1
SF,IF2003,2019-12-03 09:30:03.000,3820.0000,15751,0,50407920.000,0,-,-,-,-,3818.4000,3817.8000,3817.6000,3817.0000,3815.8000,3821.0000,3821.4000,3821.6000,3822.0000,3822.2000,1,9,2,2,1,8,1,1,3,1
SF,IF2003,2019-12-03 09:30:03.500,3820.0000,15751,0,50407920.000,0,-,-,-,-,3820.0000,3819.4000,3818.6000,3818.4000,3817.8000,3820.8000,3821.0000,3821.6000,3822.0000,3822.2000,2,5,10,2,5,2,7,1,3,1
SF,IF2003,2019-12-03 09:30:04.000,3820.0000,15751,0,51553920.000,1,0,1,多换,S,3820.4000,3820.2000,3820.0000,3819.8000,3819.4000,3821.6000,3822.0000,3822.2000,3822.6000,3823.2000,1,5,1,1,6,1,3,1,1,1
SF,IF2003,2019-12-03 09:30:04.500,3820.0000,15751,0,51553920.000,0,-,-,-,-,3820.2000,3820.0000,3819.8000,3819.4000,3819.0000,3821.2000,3821.4000,3821.6000,3822.0000,3822.2000,5,1,1,6,1,2,1,1,3,1
SF,IF2003,2019-12-03 09:30:05.000,3820.0000,15751,0,51553920.000,0,-,-,-,-,3820.0000,3819.4000,3818.6000,3818.4000,3817.8000,3821.0000,3821.2000,3821.6000,3822.0000,3822.2000,1,5,5,2,5,6,10,1,3,1
SF,IF2003,2019-12-03 09:30:05.500,3821.0000,15750,-1,54992700.000,3,1,2,多平,S,3820.4000,3820.0000,3819.4000,3818.6000,3818.4000,3821.2000,3821.6000,3822.0000,3822.2000,3822.6000,2,1,5,5,2,6,1,3,1,1
SF,IF2003,2019-12-03 09:30:06.000,3821.0000,15750,0,54992700.000,0,-,-,-,-,3820.0000,3819.4000,3818.6000,3818.4000,3817.8000,3820.2000,3821.0000,3821.6000,3822.0000,3822.2000,1,5,5,2,5,10,1,1,3,1
SF,IF2003,2019-12-03 09:30:06.500,3820.2000,15750,0,66453420.000,10,5,5,多换,S,3820.8000,3820.6000,3820.4000,3820.2000,3820.0000,3821.6000,3822.0000,3822.2000,3822.6000,3823.2000,6,4,1,6,5,1,3,1,1,1
SF,IF2003,2019-12-03 09:30:07.000,3820.8000,15746,-4,71038380.000,4,0,4,双平,S,3821.0000,3820.2000,3820.0000,3818.6000,3818.4000,3821.4000,3821.6000,3822.0000,3822.2000,3822.6000,5,5,4,4,1,1,1,3,1,1
SF,IF2003,2019-12-03 09:30:07.500,3821.0000,15744,-2,73330980.000,2,0,2,双平,S,3821.0000,3820.2000,3820.0000,3819.4000,3818.6000,3821.4000,3821.6000,3822.0000,3822.2000,3822.6000,1,3,3,1,4,3,1,3,1,1
SF,IF2003,2019-12-03 09:30:08.000,3821.0000,15744,0,74477280.000,1,0,1,多换,S,3820.2000,3820.0000,3819.8000,3819.4000,3818.6000,3821.4000,3821.6000,3822.0000,3822.2000,3822.6000,3,3,1,1,4,3,1,3,1,1
SF,IF2003,2019-12-03 09:30:08.500,3821.0000,15744,0,74477280.000,0,-,-,-,-,3820.4000,3820.2000,3820.0000,3819.8000,3819.4000,3821.2000,3821.4000,3821.6000,3822.0000,3822.2000,1,3,3,1,1,1,3,1,3,1
SF,IF2003,2019-12-03 09:30:09.000,3821.0000,15744,0,74477280.000,0,-,-,-,-,3820.4000,3820.2000,3820.0000,3819.4000,3818.6000,3821.0000,3821.2000,3821.4000,3821.6000,3822.0000,1,1,2,1,4,1,1,2,1,3
SF,IF2003,2019-12-03 09:30:09.500,3821.0000,15744,0,74477280.000,0,-,-,-,-,3820.6000,3820.4000,3820.2000,3820.0000,3819.8000,3821.0000,3821.4000,3821.6000,3822.0000,3822.2000,5,1,1,2,1,1,2,1,3,1
SF,IF2003,2019-12-03 09:30:10.000,3820.6000,15741,-3,77915940.000,3,0,3,双平,S,3820.6000,3820.4000,3820.2000,3820.0000,3819.8000,3821.4000,3821.6000,3822.0000,3822.2000,3822.6000,4,1,1,2,1,2,1,3,1,1
SF,IF2003,2019-12-03 09:30:10.500,3820.6000,15741,0,77915940.000,0,-,-,-,-,3820.4000,3820.2000,3820.0000,3819.8000,3819.4000,3821.4000,3821.6000,3822.0000,3822.2000,3822.6000,1,1,2,1,1,2,1,3,1,1
SF,IF2003,2019-12-03 09:30:11.000,3820.2000,15738,-3,83646180.000,5,1,4,多平,S,3819.4000,3818.6000,3818.4000,3817.8000,3817.0000,3820.2000,3820.6000,3820.8000,3821.0000,3821.2000,1,4,1,1,2,2,3,1,4,6
SF,IF2003,2019-12-03 09:30:11.500,3820.2000,15737,-1,84792240.000,1,0,1,双平,S,3819.8000,3819.6000,3819.4000,3818.6000,3818.4000,3820.2000,3821.0000,3821.2000,3821.4000,3821.6000,5,1,2,4,1,1,5,1,2,1
SF,IF2003,2019-12-03 09:30:12.000,3820.2000,15736,-1,85938300.000,1,0,1,双平,S,3819.8000,3819.6000,3819.4000,3818.6000,3818.4000,3820.6000,3821.2000,3821.4000,3821.6000,3822.0000,5,1,2,4,1,1,1,2,1,3
SF,IF2003,2019-12-03 09:30:12.500,3820.2000,15736,0,85938300.000,0,-,-,-,-,3820.0000,3819.4000,3818.6000,3818.4000,3817.8000,3820.4000,3820.6000,3821.2000,3821.4000,3821.6000,1,2,4,1,1,1,1,1,3,1
SF,IF2003,2019-12-03 09:30:13.000,3820.0000,15735,-1,88230300.000,2,0,2,多平,S,3819.4000,3818.6000,3818.4000,3817.8000,3817.0000,3820.6000,3821.2000,3821.4000,3821.6000,3822.0000,2,4,1,1,2,1,1,3,1,3
SF,IF2003,2019-12-03 09:30:13.500,3820.0000,15735,0,89376300.000,1,0,1,多换,S,3820.2000,3820.0000,3819.8000,3819.6000,3819.4000,3820.4000,3820.6000,3821.2000,3821.4000,3821.6000,4,1,1,4,3,1,1,1,3,1
SF,IF2003,2019-12-03 09:30:14.000,3820.0000,15730,-5,95106540.000,5,0,5,双平,S,3819.6000,3819.4000,3818.6000,3818.4000,3817.8000,3820.4000,3820.6000,3821.2000,3821.4000,3821.6000,2,3,4,1,1,1,1,1,3,1
SF,IF2003,2019-12-03 09:30:14.500,3820.0000,15730,0,96252540.000,1,0,1,多换,S,3819.4000,3818.6000,3818.4000,3817.8000,3817.0000,3820.2000,3820.4000,3820.6000,3821.4000,3821.6000,1,4,1,1,2,2,1,1,3,1
SF,IF2003,2019-12-03 09:30:15.000,3820.0000,15730,0,96252540.000,0,-,-,-,-,3819.4000,3818.6000,3818.4000,3817.8000,3817.0000,3820.0000,3820.2000,3820.4000,3820.6000,3821.4000,1,4,1,1,2,1,1,1,1,3
SF,IF2003,2019-12-03 09:30:15.500,3820.0000,15730,0,96252540.000,0,-,-,-,-,3819.4000,3818.6000,3818.4000,3817.8000,3817.0000,3820.2000,3820.4000,3820.6000,3821.4000,3821.6000,1,4,1,1,2,1,1,1,3,1
SF,IF2003,2019-12-03 09:30:16.000,3820.0000,15730,0,96252540.000,0,-,-,-,-,3819.4000,3818.6000,3818.4000,3817.8000,3817.0000,3819.6000,3820.2000,3820.4000,3820.6000,3821.4000,1,4,1,1,2,12,1,1,1,3
SF,IF2003,2019-12-03 09:30:16.500,3819.6000,15720,-10,110003100.000,12,1,11,多平,S,3819.4000,3818.6000,3818.4000,3817.8000,3817.0000,3820.2000,3820.6000,3821.4000,3821.6000,3822.0000,1,4,1,1,2,1,1,3,1,3
SF,IF2003,2019-12-03 09:30:17.000,3820.2000,15719,-1,112295040.000,2,0,2,多平,S,3820.0000,3819.6000,3819.4000,3818.6000,3818.4000,3820.6000,3821.4000,3821.6000,3822.0000,3822.2000,4,2,1,4,1,1,3,1,3,1
SF,IF2003,2019-12-03 09:30:17.500,3820.2000,15719,0,112295040.000,0,-,-,-,-,3820.0000,3819.4000,3818.6000,3818.4000,3818.2000,3820.6000,3820.8000,3821.4000,3821.6000,3822.0000,4,1,4,1,2,1,2,3,1,3
SF,IF2003,2019-12-03 09:30:18.000,3820.8000,15720,1,114587460.000,2,1,1,空开,S,3820.2000,3820.0000,3819.4000,3818.6000,3818.4000,3820.8000,3821.4000,3821.6000,3822.0000,3822.2000,6,4,1,4,1,1,3,1,3,1
SF,IF2003,2019-12-03 09:30:18.500,3820.8000,15720,0,114587460.000,0,-,-,-,-,3820.8000,3820.4000,3820.2000,3820.0000,3819.4000,3821.4000,3821.6000,3822.0000,3822.2000,3822.6000,1,5,6,5,2,3,1,3,1,1
SF,IF2003,2019-12-03 09:30:19.000,3821.4000,15720,0,115733880.000,1,0,1,多换,S,3821.4000,3820.8000,3820.4000,3820.2000,3820.0000,3821.6000,3822.0000,3822.2000,3822.6000,3823.0000,1,6,7,6,5,1,3,1,1,1
SF,IF2003,2019-12-03 09:30:19.500,3821.6000,15719,-1,116880360.000,1,0,1,双平,S,3821.4000,3820.8000,3820.4000,3820.2000,3820.0000,3822.0000,3822.2000,3822.6000,3823.0000,3823.2000,2,6,7,1,1,3,1,1,1,1
SF,IF2003,2019-12-03 09:30:20.000,3820.8000,15719,0,120319440.000,3,1,2,多换,S,3820.4000,3820.2000,3820.0000,3819.6000,3819.4000,3821.2000,3821.8000,3822.0000,3822.2000,3822.6000,7,1,1,1,2,1,1,2,1,1
SF,IF2003,2019-12-03 09:30:20.500,3821.2000,15718,-1,121465800.000,1,0,1,双平,S,3821.2000,3820.8000,3820.6000,3820.4000,3820.2000,3822.0000,3822.2000,3822.6000,3823.0000,3823.4000,4,1,2,8,1,2,1,1,1,1
SF,IF2003,2019-12-03 09:30:21.000,3821.2000,15718,0,121465800.000,0,-,-,-,-,3821.4000,3821.2000,3820.8000,3820.6000,3820.4000,3822.0000,3822.2000,3822.6000,3823.0000,3823.6000,5,4,1,7,8,2,1,1,1,2
SF,IF2003,2019-12-03 09:30:22.000,3821.4000,15717,-1,122612220.000,1,0,1,双平,S,3821.4000,3821.2000,3820.8000,3820.6000,3820.4000,3822.0000,3822.2000,3822.6000,3823.0000,3823.6000,4,4,1,7,8,2,1,1,1,2
SF,IF2003,2019-12-03 09:30:22.500,3821.4000,15717,0,122612220.000,0,-,-,-,-,3822.0000,3821.2000,3820.8000,3820.6000,3820.4000,3822.2000,3822.6000,3823.0000,3823.8000,3824.6000,2,4,1,7,8,1,1,1,4,2
SF,IF2003,2019-12-03 09:30:23.000,3821.2000,15716,-1,137517180.000,13,6,7,多平,S,3821.2000,3820.6000,3820.4000,3820.2000,3820.0000,3822.6000,3823.0000,3823.8000,3824.6000,3824.8000,1,7,3,1,2,1,2,4,2,1
SF,IF2003,2019-12-03 09:30:23.500,3821.2000,15716,0,137517180.000,0,-,-,-,-,3821.8000,3821.4000,3821.2000,3821.0000,3820.6000,3822.4000,3822.6000,3823.0000,3823.8000,3824.6000,5,5,1,1,7,1,1,1,5,2
SF,IF2003,2019-12-03 09:30:24.000,3821.2000,15716,0,137517180.000,0,-,-,-,-,3822.2000,3821.8000,3821.4000,3821.2000,3821.0000,3822.6000,3823.0000,3823.8000,3824.6000,3824.8000,5,5,10,1,1,1,1,3,2,1
SF,IF2003,2019-12-03 09:30:24.500,3821.8000,15710,-6,144397020.000,6,0,6,双平,S,3820.6000,3820.4000,3820.0000,3819.6000,3819.4000,3822.0000,3822.4000,3822.6000,3823.0000,3823.8000,5,3,2,1,1,2,3,1,1,3
SF,IF2003,2019-12-03 09:30:25.000,3822.0000,15709,-1,146690220.000,2,0,2,多平,S,3822.4000,3822.0000,3821.8000,3821.6000,3821.4000,3822.6000,3823.0000,3823.8000,3824.6000,3824.8000,5,2,1,2,1,2,1,1,2,1
SF,IF2003,2019-12-03 09:30:25.500,3822.4000,15707,-2,150130320.000,3,0,3,多平,S,3822.4000,3822.2000,3821.0000,3820.8000,3820.6000,3822.6000,3822.8000,3823.0000,3823.8000,3824.6000,1,1,3,9,5,2,1,1,1,2
SF,IF2003,2019-12-03 09:30:26.000,3822.2000,15707,0,153570360.000,3,1,2,多换,S,3821.0000,3820.8000,3820.6000,3820.4000,3820.0000,3822.6000,3822.8000,3823.0000,3823.8000,3824.6000,4,10,5,3,2,2,1,1,1,2
SF,IF2003,2019-12-03 09:30:26.500,3822.2000,15707,0,153570360.000,0,-,-,-,-,3821.0000,3820.8000,3820.6000,3820.4000,3820.0000,3822.0000,3822.4000,3822.6000,3822.8000,3823.0000,1,9,5,3,2,1,1,2,1,1
SF,IF2003,2019-12-03 09:30:27.000,3822.2000,15707,0,153570360.000,0,-,-,-,-,3821.6000,3821.4000,3821.2000,3821.0000,3820.8000,3822.0000,3822.6000,3823.0000,3823.8000,3824.6000,6,2,4,1,9,1,2,1,1,2
SF,IF2003,2019-12-03 09:30:27.500,3822.6000,15706,-1,157010520.000,3,1,2,多平,S,3822.2000,3822.0000,3821.8000,3821.6000,3821.4000,3823.0000,3823.8000,3824.6000,3824.8000,3825.0000,6,6,2,5,1,1,1,2,1,3
SF,IF2003,2019-12-03 09:30:28.000,3822.4000,15705,-1,158157240.000,1,0,1,双平,S,3822.4000,3822.2000,3822.0000,3821.8000,3821.4000,3822.6000,3823.0000,3823.8000,3824.6000,3824.8000,5,5,1,4,1,1,1,1,2,1
SF,IF2003,2019-12-03 09:30:28.500,3822.6000,15704,-1,159304020.000,1,0,1,双平,S,3822.4000,3822.2000,3822.0000,3821.8000,3821.4000,3823.0000,3823.8000,3824.6000,3824.8000,3825.0000,5,5,1,4,1,1,1,2,1,3
SF,IF2003,2019-12-03 09:30:29.000,3822.6000,15704,0,160450800.000,1,0,1,多换,S,3822.6000,3822.4000,3822.2000,3821.8000,3821.2000,3823.0000,3823.8000,3824.8000,3825.0000,3828.2000,5,5,5,4,13,1,1,1,3,2
SF,IF2003,2019-12-03 09:30:29.500,3822.6000,15704,0,160450800.000,0,-,-,-,-,3822.4000,3822.2000,3821.8000,3821.2000,3820.8000,3823.0000,3823.8000,3824.8000,3825.0000,3828.2000,5,5,4,13,2,1,1,1,3,2
SF,IF2003,2019-12-03 09:30:30.000,3823.0000,15705,1,161597700.000,1,1,0,双开,S,3822.4000,3822.2000,3821.8000,3821.2000,3820.8000,3823.8000,3824.8000,3825.0000,3828.2000,3830.0000,5,5,4,13,2,1,1,3,2,2
SF,IF2003,2019-12-03 09:30:30.500,3823.0000,15705,0,161597700.000,0,-,-,-,-,3821.2000,3820.8000,3820.6000,3820.4000,3820.0000,3823.6000,3823.8000,3824.8000,3825.0000,3828.2000,13,2,3,1,2,3,1,1,3,2
SF,IF2003,2019-12-03 09:30:31.000,3823.0000,15705,0,161597700.000,0,-,-,-,-,3821.8000,3821.4000,3821.2000,3820.8000,3820.6000,3823.6000,3823.8000,3824.8000,3825.0000,3828.2000,5,1,10,2,3,7,1,1,3,2
SF,IF2003,2019-12-03 09:30:31.500,3823.0000,15705,0,161597700.000,0,-,-,-,-,3822.2000,3821.8000,3821.4000,3821.2000,3820.8000,3823.4000,3823.6000,3823.8000,3824.8000,3825.0000,4,5,1,5,2,2,7,1,1,3
SF,IF2003,2019-12-03 09:30:32.000,3823.0000,15705,0,161597700.000,0,-,-,-,-,3821.4000,3821.2000,3820.8000,3820.6000,3820.0000,3823.0000,3823.2000,3823.4000,3823.6000,3823.8000,1,3,1,3,2,6,2,6,1,1
SF,IF2003,2019-12-03 09:30:32.500,3823.0000,15705,0,161597700.000,0,-,-,-,-,3821.4000,3821.2000,3820.6000,3820.0000,3819.6000,3822.8000,3823.0000,3823.2000,3823.4000,3823.6000,1,3,3,2,1,1,6,1,5,1
SF,IF2003,2019-12-03 09:30:33.000,3823.0000,15705,0,161597700.000,0,-,-,-,-,3821.6000,3821.4000,3821.2000,3820.6000,3820.0000,3822.4000,3822.6000,3823.0000,3823.2000,3823.4000,5,1,3,3,2,3,2,6,1,5
SF,IF2003,2019-12-03 09:30:33.500,3821.8000,15705,0,165037320.000,3,1,2,多换,S,3821.6000,3821.4000,3821.2000,3821.0000,3820.6000,3822.4000,3822.6000,3823.0000,3823.2000,3823.4000,5,1,3,1,3,3,1,6,1,5
SF,IF2003,2019-12-03 09:30:34.000,3822.4000,15705,0,167330760.000,2,1,1,多换,S,3821.8000,3821.6000,3821.4000,3821.2000,3821.0000,3822.4000,3823.0000,3823.4000,3823.8000,3824.8000,5,5,1,3,1,1,6,3,1,1
SF,IF2003,2019-12-03 09:30:34.500,3822.4000,15705,0,168477480.000,1,0,1,多换,S,3821.4000,3821.2000,3821.0000,3820.6000,3820.0000,3822.2000,3822.4000,3823.0000,3823.4000,3823.8000,1,1,1,3,2,1,1,1,3,1
SF,IF2003,2019-12-03 09:30:35.000,3822.4000,15705,0,168477480.000,0,-,-,-,-,3821.4000,3821.2000,3821.0000,3820.6000,3820.0000,3822.4000,3823.0000,3823.4000,3823.8000,3824.8000,1,1,1,3,2,1,1,3,1,1
SF,IF2003,2019-12-03 09:30:35.500,3822.4000,15705,0,168477480.000,0,-,-,-,-,3821.4000,3821.0000,3820.6000,3820.0000,3819.4000,3822.2000,3822.4000,3823.0000,3823.2000,3823.4000,1,1,3,2,1,1,1,1,1,3
SF,IF2003,2019-12-03 09:30:36.000,3822.4000,15705,0,168477480.000,0,-,-,-,-,3821.0000,3820.6000,3820.0000,3819.4000,3819.2000,3822.0000,3822.2000,3822.4000,3823.0000,3823.2000,1,3,2,1,1,2,3,1,1,1
SF,IF2003,2019-12-03 09:30:36.500,3822.4000,15705,0,168477480.000,0,-,-,-,-,3821.0000,3820.6000,3820.0000,3819.4000,3819.2000,3822.0000,3822.2000,3822.4000,3823.0000,3823.2000,1,3,2,1,1,1,2,1,1,1
SF,IF2003,2019-12-03 09:30:37.000,3822.4000,15705,0,168477480.000,0,-,-,-,-,3821.0000,3820.6000,3820.0000,3819.4000,3819.2000,3821.8000,3822.2000,3822.4000,3823.0000,3823.2000,1,3,1,1,1,1,2,1,1,1
SF,IF2003,2019-12-03 09:30:37.500,3822.4000,15705,0,168477480.000,0,-,-,-,-,3821.2000,3821.0000,3820.6000,3820.0000,3819.4000,3822.2000,3822.4000,3823.0000,3823.2000,3823.4000,1,1,3,1,1,2,1,1,1,3
SF,IF2003,2019-12-03 09:30:38.000,3821.0000,15703,-2,170770140.000,2,0,2,双平,S,3820.6000,3820.0000,3819.4000,3819.2000,3818.4000,3821.2000,3822.0000,3822.2000,3822.4000,3823.0000,3,1,1,1,1,3,3,2,1,1
SF,IF2003,2019-12-03 09:30:38.500,3821.0000,15703,0,170770140.000,0,-,-,-,-,3821.2000,3820.8000,3820.6000,3820.0000,3819.4000,3822.0000,3822.2000,3822.4000,3823.0000,3823.2000,6,6,3,1,1,3,2,1,1,1
SF,IF2003,2019-12-03 09:30:39.000,3821.2000,15697,-6,177648300.000,6,0,6,双平,S,3820.8000,3820.6000,3820.0000,3819.4000,3819.2000,3821.8000,3822.0000,3822.2000,3822.4000,3823.0000,1,3,1,1,1,1,3,2,1,1
SF,IF2003,2019-12-03 09:30:39.500,3821.2000,15697,0,177648300.000,0,-,-,-,-,3820.8000,3820.6000,3820.0000,3819.4000,3819.2000,3822.0000,3822.2000,3822.4000,3823.0000,3823.2000,1,3,1,1,1,3,2,1,1,1
SF,IF2003,2019-12-03 09:30:40.000,3820.8000,15697,0,178794540.000,1,0,1,多换,S,3820.6000,3820.0000,3819.4000,3819.2000,3818.4000,3821.6000,3821.8000,3822.0000,3822.2000,3822.4000,3,1,1,1,1,1,1,3,2,1
SF,IF2003,2019-12-03 09:30:40.500,3820.6000,15697,0,179940720.000,1,0,1,多换,S,3820.6000,3820.0000,3819.4000,3819.2000,3818.4000,3821.4000,3821.6000,3822.0000,3822.2000,3822.4000,2,1,1,1,1,1,2,3,1,1
SF,IF2003,2019-12-03 09:30:41.000,3820.6000,15697,0,179940720.000,0,-,-,-,-,3820.6000,3820.0000,3819.4000,3819.2000,3818.4000,3821.2000,3821.6000,3822.0000,3822.2000,3822.4000,2,1,1,1,1,1,2,3,2,1
SF,IF2003,2019-12-03 09:30:41.500,3820.6000,15697,0,179940720.000,0,-,-,-,-,3820.6000,3820.0000,3819.4000,3819.2000,3818.4000,3821.6000,3822.0000,3822.2000,3822.4000,3823.0000,2,1,1,1,1,2,3,2,1,1
SF,IF2003,2019-12-03 09:30:42.000,3820.6000,15697,0,179940720.000,0,-,-,-,-,3820.6000,3820.0000,3819.4000,3819.2000,3818.4000,3821.4000,3821.6000,3822.0000,3822.2000,3822.4000,2,1,1,1,1,1,2,3,2,1
SF,IF2003,2019-12-03 09:30:42.500,3820.6000,15697,0,179940720.000,0,-,-,-,-,3820.6000,3820.0000,3819.4000,3819.2000,3818.4000,3821.2000,3821.6000,3822.0000,3822.2000,3822.4000,2,1,1,1,1,1,2,3,2,1
SF,IF2003,2019-12-03 09:30:43.000,3820.6000,15697,0,179940720.000,0,-,-,-,-,3820.6000,3820.0000,3819.4000,3819.2000,3818.4000,3821.2000,3821.6000,3822.0000,3822.2000,3822.4000,2,1,1,1,1,1,2,3,2,1
SF,IF2003,2019-12-03 09:30:43.500,3820.6000,15697,0,179940720.000,0,-,-,-,-,3820.6000,3820.0000,3819.4000,3819.2000,3818.4000,3821.2000,3821.6000,3822.0000,3822.2000,3822.4000,2,1,1,1,1,1,2,3,2,1
SF,IF2003,2019-12-03 09:30:44.000,3822.0000,15697,0,185673480.000,5,2,3,多换,S,3822.0000,3820.6000,3820.0000,3819.4000,3819.2000,3822.2000,3822.4000,3823.0000,3823.2000,3823.4000,1,2,1,1,1,2,1,1,1,3
SF,IF2003,2019-12-03 09:30:44.500,3822.0000,15697,0,186820080.000,1,0,1,多换,S,3820.6000,3820.0000,3819.4000,3819.2000,3818.4000,3821.0000,3821.4000,3821.6000,3821.8000,3822.0000,2,1,1,1,1,1,3,1,7,16
SF,IF2003,2019-12-03 09:30:45.000,3821.0000,15697,0,187966380.000,1,0,1,多换,S,3820.6000,3820.0000,3819.4000,3819.2000,3818.4000,3821.4000,3821.6000,3821.8000,3822.0000,3822.2000,2,1,1,1,1,1,1,6,11,4
SF,IF2003,2019-12-03 09:30:45.500,3821.0000,15697,0,187966380.000,0,-,-,-,-,3820.8000,3820.6000,3820.0000,3819.4000,3819.2000,3821.4000,3821.6000,3822.0000,3822.2000,3823.0000,1,2,1,1,1,1,1,10,4,1
SF,IF2003,2019-12-03 09:30:46.000,3821.0000,15697,0,187966380.000,0,-,-,-,-,3820.6000,3820.0000,3819.4000,3819.2000,3818.4000,3821.2000,3821.4000,3821.6000,3822.0000,3822.2000,2,1,1,1,1,1,1,1,10,4
SF,IF2003,2019-12-03 09:30:46.500,3821.0000,15697,0,187966380.000,0,-,-,-,-,3820.6000,3820.0000,3819.4000,3819.2000,3818.4000,3821.2000,3821.4000,3821.6000,3822.0000,3822.2000,2,1,1,1,1,1,1,1,9,4
SF,IF2003,2019-12-03 09:30:47.000,3820.6000,15697,0,189112560.000,1,0,1,多换,S,3820.6000,3820.0000,3819.4000,3819.2000,3818.4000,3821.2000,3821.4000,3822.0000,3822.2000,3823.0000,1,1,1,1,1,1,1,9,4,1
SF,IF2003,2019-12-03 09:30:47.500,3820.6000,15697,0,189112560.000,0,-,-,-,-,3820.6000,3820.0000,3819.4000,3819.2000,3818.4000,3821.4000,3822.0000,3822.2000,3823.0000,3823.4000,1,1,1,1,1,1,9,4,1,2
SF,IF2003,2019-12-03 09:30:48.000,3820.6000,15697,0,189112560.000,0,-,-,-,-,3821.2000,3820.6000,3820.0000,3819.4000,3819.2000,3821.4000,3822.0000,3822.2000,3823.0000,3823.4000,5,1,1,1,1,1,9,4,1,2
SF,IF2003,2019-12-03 09:30:48.500,3821.4000,15697,0,190258980.000,1,0,1,多换,S,3821.2000,3820.8000,3820.6000,3820.0000,3819.4000,3822.0000,3822.2000,3823.0000,3823.4000,3823.8000,5,1,1,1,1,9,4,1,2,1
SF,IF2003,2019-12-03 09:30:49.000,3821.2000,15696,-1,191405340.000,1,0,1,双平,S,3821.2000,3820.8000,3820.6000,3820.0000,3819.4000,3821.6000,3821.8000,3822.0000,3822.2000,3823.0000,4,1,1,1,1,5,2,9,4,1
SF,IF2003,2019-12-03 09:30:49.500,3821.2000,15692,-4,195990780.000,4,0,4,双平,S,3820.8000,3820.6000,3820.0000,3819.4000,3819.2000,3821.2000,3821.4000,3821.6000,3821.8000,3822.0000,1,1,1,1,1,2,3,5,1,7
SF,IF2003,2019-12-03 09:30:50.000,3821.2000,15690,-2,198283500.000,2,0,2,双平,S,3820.8000,3820.6000,3820.0000,3819.4000,3819.2000,3822.0000,3822.2000,3822.4000,3823.0000,3823.4000,1,1,1,1,1,7,4,1,1,2
SF,IF2003,2019-12-03 09:30:50.500,3821.2000,15690,0,198283500.000,0,-,-,-,-,3820.8000,3820.6000,3820.0000,3819.4000,3819.2000,3821.8000,3822.0000,3822.2000,3822.4000,3823.0000,1,1,1,1,1,3,6,4,1,1
SF,IF2003,2019-12-03 09:30:51.000,3821.2000,15690,0,198283500.000,0,-,-,-,-,3820.8000,3820.6000,3820.0000,3819.4000,3819.2000,3822.0000,3822.2000,3822.4000,3823.0000,3823.4000,1,1,1,1,1,2,4,1,1,2
SF,IF2003,2019-12-03 09:30:51.500,3821.2000,15690,0,198283500.000,0,-,-,-,-,3821.2000,3820.6000,3820.0000,3819.4000,3819.2000,3821.6000,3822.0000,3822.2000,3822.4000,3823.0000,1,1,1,1,1,1,2,4,1,1
SF,IF2003,2019-12-03 09:30:52.000,3821.2000,15690,0,198283500.000,0,-,-,-,-,3821.2000,3821.0000,3820.6000,3820.0000,3819.4000,3822.0000,3822.2000,3823.0000,3823.4000,3823.8000,1,1,1,1,1,2,3,1,2,1
SF,IF2003,2019-12-03 09:30:52.500,3821.2000,15690,0,199429860.000,1,0,1,多换,S,3820.6000,3820.0000,3819.4000,3819.2000,3818.4000,3820.8000,3822.0000,3822.2000,3823.0000,3823.4000,1,1,1,1,1,1,2,3,1,2
SF,IF2003,2019-12-03 09:30:53.000,3820.8000,15689,-1,200576100.000,1,0,1,双平,S,3820.8000,3820.6000,3820.0000,3819.4000,3819.2000,3822.0000,3822.2000,3823.0000,3823.4000,3823.8000,5,1,1,1,1,2,3,1,2,1
SF,IF2003,2019-12-03 09:30:53.500,3820.8000,15689,0,200576100.000,0,-,-,-,-,3820.8000,3820.6000,3820.0000,3819.4000,3819.2000,3821.8000,3822.0000,3822.2000,3823.0000,3823.4000,6,1,1,1,1,1,3,3,1,2
SF,IF2003,2019-12-03 09:30:54.000,3820.8000,15689,0,200576100.000,0,-,-,-,-,3820.8000,3820.6000,3820.0000,3819.4000,3819.2000,3821.8000,3822.0000,3822.2000,3823.0000,3823.4000,6,1,1,1,1,1,3,3,1,2
SF,IF2003,2019-12-03 09:30:54.500,3820.8000,15689,0,200576100.000,0,-,-,-,-,3821.0000,3820.8000,3820.6000,3820.0000,3819.4000,3821.6000,3822.0000,3822.2000,3823.0000,3823.4000,1,7,1,1,1,1,3,3,1,2
SF,IF2003,2019-12-03 09:30:55.000,3821.6000,15687,-2,202869060.000,2,0,2,双平,S,3821.6000,3821.0000,3820.8000,3820.6000,3820.0000,3822.0000,3822.2000,3823.0000,3823.4000,3823.8000,1,1,4,1,2,2,3,1,2,1
SF,IF2003,2019-12-03 09:30:55.500,3821.6000,15687,0,202869060.000,0,-,-,-,-,3821.0000,3820.8000,3820.6000,3820.0000,3819.4000,3822.0000,3822.2000,3823.0000,3823.4000,3823.8000,1,4,1,2,1,1,3,1,2,1
SF,IF2003,2019-12-03 09:30:56.000,3821.6000,15687,0,202869060.000,0,-,-,-,-,3821.2000,3821.0000,3820.8000,3820.6000,3820.0000,3822.0000,3822.2000,3823.0000,3823.4000,3823.8000,1,1,3,1,2,1,2,1,2,1
SF,IF2003,2019-12-03 09:30:56.500,3821.6000,15687,0,202869060.000,0,-,-,-,-,3821.2000,3821.0000,3820.8000,3820.6000,3820.0000,3822.0000,3822.2000,3823.0000,3823.4000,3823.8000,1,1,3,1,2,2,2,1,2,1
SF,IF2003,2019-12-03 09:30:57.000,3821.2000,15686,-1,204015420.000,1,0,1,双平,S,3821.2000,3821.0000,3820.8000,3820.6000,3820.0000,3822.0000,3822.2000,3823.0000,3823.4000,3823.8000,1,1,3,1,2,2,1,1,2,1
SF,IF2003,2019-12-03 09:30:58.000,3821.2000,15686,0,205161780.000,1,0,1,多换,S,3821.0000,3820.8000,3820.6000,3820.0000,3819.4000,3822.0000,3822.2000,3823.0000,3823.4000,3823.8000,1,3,1,2,1,2,1,1,2,1
SF,IF2003,2019-12-03 09:30:58.500,3821.2000,15686,0,205161780.000,0,-,-,-,-,3820.8000,3820.6000,3820.0000,3819.4000,3819.2000,3821.8000,3822.0000,3822.2000,3823.0000,3823.4000,3,1,2,1,1,1,2,1,1,2
SF,IF2003,2019-12-03 09:30:59.000,3821.2000,15686,0,205161780.000,0,-,-,-,-,3820.8000,3820.6000,3820.0000,3819.4000,3819.2000,3821.8000,3822.0000,3822.2000,3823.0000,3823.4000,3,1,2,1,1,1,2,1,1,2
SF,IF2003,2019-12-03 09:31:00.000,3821.2000,15686,0,205161780.000,0,-,-,-,-,3821.0000,3820.8000,3820.6000,3820.0000,3819.4000,3821.8000,3822.0000,3822.2000,3823.0000,3823.4000,1,3,1,2,1,1,2,1,1,2
SF,IF2003,2019-12-03 09:31:00.500,3821.2000,15686,0,205161780.000,0,-,-,-,-,3821.2000,3821.0000,3820.8000,3820.6000,3820.0000,3821.8000,3822.0000,3822.2000,3823.0000,3823.4000,2,5,3,1,2,1,2,1,1,2
SF,IF2003,2019-12-03 09:31:01.000,3821.0000,15682,-4,210893400.000,5,0,5,多平,S,3820.8000,3820.6000,3820.0000,3819.4000,3819.2000,3821.2000,3821.8000,3822.0000,3822.2000,3823.0000,3,3,2,1,1,2,1,2,1,1
SF,IF2003,2019-12-03 09:31:01.500,3821.8000,15682,0,213186300.000,2,1,1,多换,S,3820.8000,3820.6000,3820.0000,3819.4000,3819.2000,3822.0000,3822.2000,3823.0000,3823.4000,3823.8000,3,3,2,1,1,2,2,1,2,1
SF,IF2003,2019-12-03 09:31:02.000,3821.8000,15682,0,213186300.000,0,-,-,-,-,3820.8000,3820.6000,3820.0000,3819.4000,3819.2000,3821.8000,3822.0000,3822.2000,3823.0000,3823.4000,3,3,2,1,1,3,3,3,1,2
SF,IF2003,2019-12-03 09:31:02.500,3821.8000,15682,0,213186300.000,0,-,-,-,-,3820.8000,3820.6000,3820.0000,3819.4000,3819.2000,3821.8000,3822.0000,3822.2000,3823.0000,3823.4000,3,3,1,1,1,5,3,3,1,2
SF,IF2003,2019-12-03 09:31:03.000,3821.8000,15682,0,213186300.000,0,-,-,-,-,3821.0000,3820.8000,3820.6000,3820.0000,3819.4000,3821.8000,3822.0000,3822.2000,3823.0000,3823.4000,1,3,3,1,1,5,3,3,1,2
SF,IF2003,2019-12-03 09:31:03.500,3821.8000,15682,0,213186300.000,0,-,-,-,-,3821.0000,3820.8000,3820.6000,3820.0000,3819.4000,3821.6000,3821.8000,3822.0000,3822.2000,3823.0000,1,3,3,1,1,1,4,3,3,1
SF,IF2003,2019-12-03 09:31:04.000,3821.8000,15682,0,213186300.000,0,-,-,-,-,3821.0000,3820.8000,3820.6000,3820.0000,3819.4000,3821.8000,3822.0000,3822.2000,3823.0000,3823.4000,1,3,3,1,1,1,3,3,1,2
SF,IF2003,2019-12-03 09:31:04.500,3821.8000,15682,0,213186300.000,0,-,-,-,-,3820.8000,3820.6000,3820.0000,3819.4000,3819.2000,3821.8000,3822.0000,3822.2000,3823.0000,3823.4000,3,3,1,1,1,1,3,3,1,2
SF,IF2003,2019-12-03 09:31:05.000,3820.8000,15682,0,214332540.000,1,0,1,多换,S,3820.8000,3820.6000,3820.0000,3819.4000,3819.2000,3821.8000,3822.0000,3822.2000,3823.0000,3823.4000,2,3,1,1,1,1,3,3,1,2
SF,IF2003,2019-12-03 09:31:05.500,3820.8000,15682,0,214332540.000,0,-,-,-,-,3821.0000,3820.8000,3820.6000,3820.0000,3819.4000,3821.6000,3821.8000,3822.0000,3822.2000,3823.0000,1,2,3,1,1,1,1,3,3,1
SF,IF2003,2019-12-03 09:31:06.000,3820.8000,15682,0,214332540.000,0,-,-,-,-,3821.0000,3820.8000,3820.6000,3820.0000,3819.4000,3821.8000,3822.0000,3822.2000,3823.0000,3823.4000,2,2,3,1,1,1,3,3,1,2
SF,IF2003,2019-12-03 09:31:06.500,3821.8000,15681,-1,215479080.000,1,0,1,双平,S,3821.8000,3821.0000,3820.8000,3820.6000,3820.0000,3822.0000,3822.2000,3823.0000,3823.4000,3823.8000,2,2,2,3,1,3,3,1,2,1
SF,IF2003,2019-12-03 09:31:07.000,3822.0000,15680,-1,216625680.000,1,0,1,双平,S,3821.0000,3820.8000,3820.6000,3820.0000,3819.4000,3822.0000,3822.2000,3823.0000,3823.4000,3823.8000,2,2,3,1,1,2,3,1,2,1
SF,IF2003,2019-12-03 09:31:07.500,3822.0000,15680,0,217772280.000,1,0,1,多换,S,3822.0000,3821.6000,3821.0000,3820.8000,3820.6000,3822.2000,3823.0000,3823.4000,3823.8000,3824.8000,1,1,2,2,3,3,1,2,1,1
SF,IF2003,2019-12-03 09:31:08.000,3822.2000,15678,-2,220065600.000,2,0,2,双平,S,3821.6000,3821.2000,3821.0000,3820.8000,3820.6000,3823.0000,3823.4000,3823.8000,3824.8000,3825.0000,1,5,1,2,3,1,2,1,1,3
SF,IF2003,2019-12-03 09:31:08.500,3821.8000,15678,0,221212140.000,1,0,1,多换,S,3821.6000,3821.2000,3821.0000,3820.8000,3820.6000,3822.8000,3823.0000,3823.4000,3823.8000,3824.8000,1,5,1,2,3,6,2,2,1,1
SF,IF2003,2019-12-03 09:31:09.000,3821.8000,15678,0,221212140.000,0,-,-,-,-,3821.8000,3821.6000,3821.0000,3820.8000,3820.6000,3822.2000,3822.4000,3822.8000,3823.0000,3823.2000,1,1,1,2,3,3,2,10,2,1
SF,IF2003,2019-12-03 09:31:09.500,3822.2000,15677,-1,222358800.000,1,0,1,双平,S,3822.2000,3821.8000,3821.6000,3821.0000,3820.8000,3823.0000,3823.4000,3823.8000,3824.8000,3825.0000,1,1,1,1,2,2,2,1,1,3
SF,IF2003,2019-12-03 09:31:10.000,3822.2000,15677,0,222358800.000,0,-,-,-,-,3821.6000,3821.0000,3820.8000,3820.6000,3820.0000,3822.8000,3823.0000,3823.4000,3823.8000,3824.8000,1,1,2,3,2,1,2,2,1,1
SF,IF2003,2019-12-03 09:31:10.500,3822.2000,15677,0,222358800.000,0,-,-,-,-,3821.6000,3821.0000,3820.8000,3820.6000,3820.0000,3822.6000,3822.8000,3823.0000,3823.4000,3823.8000,1,1,2,3,2,1,3,2,2,1
SF,IF2003,2019-12-03 09:31:11.000,3822.2000,15677,0,222358800.000,0,-,-,-,-,3822.0000,3821.8000,3821.6000,3821.0000,3820.8000,3822.8000,3823.0000,3823.4000,3823.8000,3824.8000,1,6,1,2,2,1,2,2,1,1
SF,IF2003,2019-12-03 09:31:11.500,3822.2000,15677,0,222358800.000,0,-,-,-,-,3822.8000,3822.2000,3822.0000,3821.8000,3821.6000,3823.8000,3824.8000,3825.0000,3828.2000,3830.0000,1,1,5,6,1,1,1,3,2,3
SF,IF2003,2019-12-03 09:31:12.000,3822.2000,15677,0,222358800.000,0,-,-,-,-,3823.0000,3822.2000,3821.6000,3821.0000,3820.8000,3823.2000,3823.4000,3823.6000,3823.8000,3824.8000,1,1,1,2,2,2,7,10,3,1
SF,IF2003,2019-12-03 09:31:12.500,3823.2000,15675,-2,224652720.000,2,0,2,双平,S,3823.2000,3823.0000,3822.2000,3821.6000,3821.0000,3823.4000,3823.6000,3823.8000,3824.8000,3825.0000,1,1,1,1,2,6,1,3,1,3
SF,IF2003,2019-12-03 09:31:13.000,3823.4000,15673,-2,226946760.000,2,0,2,双平,S,3823.6000,3823.4000,3823.2000,3821.6000,3821.0000,3823.8000,3824.8000,3825.0000,3828.2000,3830.0000,1,2,2,1,2,2,1,3,2,3
SF,IF2003,2019-12-03 09:31:13.500,3823.8000,15672,-1,229241040.000,2,0,2,多平,S,3823.8000,3823.2000,3821.8000,3821.6000,3821.0000,3824.8000,3825.0000,3828.2000,3830.0000,3830.4000,2,1,1,1,2,1,3,2,3,5
SF,IF2003,2019-12-03 09:31:14.000,3823.8000,15672,0,230388180.000,1,0,1,多换,S,3823.2000,3821.8000,3821.6000,3821.0000,3820.8000,3823.6000,3824.4000,3824.6000,3824.8000,3825.0000,1,1,1,2,2,2,4,15,1,5
SF,IF2003,2019-12-03 09:31:14.500,3823.8000,15672,0,230388180.000,0,-,-,-,-,3823.6000,3823.2000,3821.8000,3821.6000,3821.0000,3824.4000,3824.6000,3824.8000,3825.0000,3828.2000,1,1,1,1,2,1,13,1,5,2
SF,IF2003,2019-12-03 09:31:15.000,3823.6000,15671,-1,231535260.000,1,0,1,双平,S,3823.2000,3821.8000,3821.6000,3821.0000,3820.8000,3824.0000,3824.2000,3824.4000,3824.6000,3824.8000,1,1,1,2,2,2,11,1,8,1
SF,IF2003,2019-12-03 09:31:15.500,3823.2000,15670,-1,232682220.000,1,0,1,双平,S,3821.8000,3821.6000,3821.0000,3820.8000,3820.6000,3823.2000,3823.6000,3823.8000,3824.0000,3824.2000,1,1,2,2,3,5,1,8,4,5
SF,IF2003,2019-12-03 09:31:16.000,3823.2000,15670,0,232682220.000,0,-,-,-,-,3821.8000,3821.6000,3821.0000,3820.8000,3820.6000,3822.8000,3823.0000,3823.2000,3823.4000,3823.6000,2,1,2,2,3,2,2,1,1,1
SF,IF2003,2019-12-03 09:31:16.500,3823.2000,15670,0,232682220.000,0,-,-,-,-,3821.8000,3821.6000,3821.0000,3820.8000,3820.6000,3822.6000,3822.8000,3823.0000,3823.2000,3823.4000,1,1,2,1,3,2,3,1,1,1
SF,IF2003,2019-12-03 09:31:17.000,3823.2000,15670,0,232682220.000,0,-,-,-,-,3821.8000,3821.6000,3821.0000,3820.8000,3820.6000,3822.4000,3822.6000,3822.8000,3823.2000,3823.6000,1,1,2,1,3,1,1,1,1,1
SF,IF2003,2019-12-03 09:31:17.500,3823.2000,15670,0,232682220.000,0,-,-,-,-,3821.8000,3821.6000,3821.0000,3820.8000,3820.6000,3822.2000,3822.4000,3822.6000,3822.8000,3823.2000,1,1,2,1,3,1,1,1,1,1
SF,IF2003,2019-12-03 09:31:18.000,3822.2000,15669,-1,233828880.000,1,0,1,双平,S,3821.8000,3821.6000,3821.0000,3820.6000,3820.0000,3822.4000,3822.8000,3823.2000,3823.6000,3823.8000,1,1,2,3,3,1,1,1,1,10
SF,IF2003,2019-12-03 09:31:18.500,3822.2000,15669,0,233828880.000,0,-,-,-,-,3822.0000,3821.8000,3821.6000,3821.0000,3820.6000,3822.4000,3823.2000,3823.6000,3823.8000,3824.0000,1,2,1,2,3,1,1,1,10,3
SF,IF2003,2019-12-03 09:31:19.000,3822.4000,15669,0,234975600.000,1,0,1,多换,S,3821.8000,3821.6000,3821.0000,3820.6000,3820.0000,3823.2000,3823.8000,3824.0000,3824.2000,3824.6000,1,1,2,3,3,1,10,3,4,2
SF,IF2003,2019-12-03 09:31:19.500,3822.4000,15669,0,234975600.000,0,-,-,-,-,3821.8000,3821.6000,3821.0000,3820.6000,3820.0000,3823.0000,3823.2000,3823.8000,3824.0000,3824.2000,1,1,2,3,3,2,2,10,4,4
SF,IF2003,2019-12-03 09:31:20.000,3823.0000,15669,0,236122500.000,1,0,1,多换,S,3822.0000,3821.8000,3821.6000,3821.0000,3820.6000,3823.2000,3823.8000,3824.0000,3824.2000,3824.6000,2,2,1,2,3,2,10,4,4,2
SF,IF2003,2019-12-03 09:31:20.500,3823.0000,15669,0,236122500.000,0,-,-,-,-,3822.0000,3821.8000,3821.6000,3821.0000,3820.6000,3823.0000,3823.2000,3823.8000,3824.0000,3824.2000,7,3,1,2,3,1,1,10,4,4
SF,IF2003,2019-12-03 09:31:21.000,3823.0000,15669,0,236122500.000,0,-,-,-,-,3822.4000,3822.2000,3822.0000,3821.8000,3821.6000,3823.0000,3823.8000,3824.0000,3824.2000,3824.6000,1,5,8,3,1,1,8,4,4,2
SF,IF2003,2019-12-03 09:31:21.500,3823.0000,15669,0,236122500.000,0,-,-,-,-,3823.0000,3822.6000,3822.0000,3821.8000,3821.6000,3823.8000,3824.0000,3824.2000,3824.6000,3824.8000,2,1,7,3,1,7,4,4,2,1
SF,IF2003,2019-12-03 09:31:22.000,3823.0000,15669,0,236122500.000,0,-,-,-,-,3822.0000,3821.8000,3821.6000,3821.0000,3820.6000,3824.0000,3824.2000,3824.6000,3824.8000,3825.0000,6,3,1,2,3,2,4,2,1,5
SF,IF2003,2019-12-03 09:31:22.500,3823.0000,15669,0,236122500.000,0,-,-,-,-,3822.2000,3822.0000,3821.8000,3821.6000,3821.4000,3823.6000,3824.0000,3824.2000,3824.6000,3824.8000,10,6,2,1,5,2,3,4,2,1
SF,IF2003,2019-12-03 09:31:23.000,3823.0000,15669,0,236122500.000,0,-,-,-,-,3822.4000,3822.2000,3822.0000,3821.8000,3821.6000,3824.0000,3824.2000,3824.6000,3824.8000,3825.0000,5,10,6,2,1,3,4,2,1,5
SF,IF2003,2019-12-03 09:31:23.500,3823.0000,15669,0,236122500.000,0,-,-,-,-,3822.6000,3822.4000,3822.2000,3822.0000,3821.8000,3824.0000,3824.2000,3824.6000,3824.8000,3825.0000,7,5,8,6,1,2,2,2,1,5
SF,IF2003,2019-12-03 09:31:24.500,3823.0000,15669,0,236122500.000,0,-,-,-,-,3822.8000,3822.6000,3822.4000,3822.2000,3822.0000,3824.0000,3824.6000,3824.8000,3825.0000,3828.2000,5,8,5,8,6,2,2,1,5,2
SF,IF2003,2019-12-03 09:31:25.000,3823.0000,15669,0,236122500.000,0,-,-,-,-,3822.8000,3822.6000,3822.4000,3822.2000,3822.0000,3823.8000,3824.0000,3824.6000,3824.8000,3825.0000,5,7,5,8,7,1,2,2,1,5
SF,IF2003,2019-12-03 09:31:25.500,3823.0000,15669,0,236122500.000,0,-,-,-,-,3823.0000,3822.8000,3822.6000,3822.4000,3822.2000,3824.0000,3824.6000,3824.8000,3825.0000,3828.2000,2,5,7,5,8,2,2,1,5,2
SF,IF2003,2019-12-03 09:31:26.000,3823.0000,15669,0,236122500.000,0,-,-,-,-,3823.0000,3822.8000,3822.6000,3822.4000,3822.2000,3824.0000,3824.6000,3824.8000,3825.0000,3826.0000,3,5,6,5,8,2,2,1,4,1
SF,IF2003,2019-12-03 09:31:26.500,3823.0000,15669,0,236122500.000,0,-,-,-,-,3823.0000,3822.8000,3822.6000,3822.4000,3822.2000,3824.0000,3824.6000,3824.8000,3825.0000,3826.0000,3,5,6,5,8,1,2,1,4,1
SF,IF2003,2019-12-03 09:31:27.000,3823.0000,15669,0,236122500.000,0,-,-,-,-,3823.4000,3823.0000,3822.8000,3822.6000,3822.4000,3824.0000,3824.8000,3825.0000,3826.0000,3828.2000,1,3,5,6,5,1,1,4,1,2
SF,IF2003,2019-12-03 09:31:27.500,3824.0000,15669,0,237269700.000,1,0,1,多换,S,3824.0000,3823.4000,3823.0000,3822.8000,3822.6000,3824.8000,3825.0000,3825.8000,3826.0000,3828.2000,1,1,2,5,5,1,3,1,1,2
SF,IF2003,2019-12-03 09:31:28.000,3824.8000,15668,-1,238417140.000,1,0,1,双平,S,3823.6000,3823.4000,3823.0000,3822.6000,3822.0000,3824.8000,3825.0000,3825.8000,3826.0000,3828.2000,1,1,1,1,2,1,3,1,1,2
SF,IF2003,2019-12-03 09:31:28.500,3824.8000,15668,0,238417140.000,0,-,-,-,-,3823.6000,3823.4000,3823.0000,3822.6000,3822.0000,3824.6000,3824.8000,3825.0000,3825.8000,3826.0000,1,1,2,1,1,1,1,3,1,1
SF,IF2003,2019-12-03 09:31:29.000,3824.8000,15668,0,238417140.000,0,-,-,-,-,3824.0000,3823.8000,3823.6000,3823.4000,3823.0000,3824.6000,3824.8000,3825.0000,3825.8000,3826.0000,1,1,2,2,1,1,1,3,1,1
SF,IF2003,2019-12-03 09:31:29.500,3824.8000,15668,0,238417140.000,0,-,-,-,-,3824.0000,3823.6000,3823.4000,3823.0000,3822.6000,3824.8000,3825.0000,3825.8000,3826.0000,3828.2000,2,2,2,1,1,1,3,1,1,2
SF,IF2003,2019-12-03 09:31:30.000,3824.8000,15668,0,238417140.000,0,-,-,-,-,3824.2000,3824.0000,3823.6000,3823.4000,3823.0000,3824.8000,3825.0000,3825.8000,3826.0000,3828.2000,2,2,2,2,1,1,3,1,1,2
SF,IF2003,2019-12-03 09:31:30.500,3824.8000,15668,0,238417140.000,0,-,-,-,-,3824.2000,3824.0000,3823.6000,3823.4000,3823.0000,3824.8000,3825.0000,3825.8000,3826.0000,3828.2000,1,2,2,2,1,1,3,1,1,2
SF,IF2003,2019-12-03 09:31:31.500,3824.8000,15668,0,238417140.000,0,-,-,-,-,3824.4000,3824.2000,3824.0000,3823.6000,3823.4000,3825.0000,3825.8000,3826.0000,3828.2000,3829.0000,1,1,2,2,2,3,1,1,2,1
SF,IF2003,2019-12-03 09:31:32.000,3824.8000,15668,0,238417140.000,0,-,-,-,-,3824.4000,3824.2000,3824.0000,3823.6000,3823.4000,3824.6000,3825.0000,3825.8000,3826.0000,3828.2000,1,1,2,2,3,2,3,1,1,2
SF,IF2003,2019-12-03 09:31:32.500,3824.4000,15666,-2,240711780.000,2,0,2,双平,S,3824.2000,3824.0000,3823.6000,3823.4000,3823.0000,3824.4000,3824.6000,3825.0000,3825.8000,3826.0000,1,2,2,3,1,1,2,3,1,1
SF,IF2003,2019-12-03 09:31:33.000,3824.0000,15665,-1,243006240.000,2,0,2,多平,S,3824.2000,3823.6000,3823.4000,3823.0000,3822.6000,3824.4000,3824.6000,3825.0000,3825.8000,3826.0000,2,1,3,1,1,1,2,3,1,1
SF,IF2003,2019-12-03 09:31:33.500,3824.2000,15663,-2,245300760.000,2,0,2,双平,S,3823.6000,3823.4000,3823.0000,3822.6000,3822.0000,3824.2000,3824.4000,3824.6000,3825.0000,3825.8000,1,3,1,1,1,3,1,2,3,1
SF,IF2003,2019-12-03 09:31:34.000,3824.2000,15663,0,245300760.000,0,-,-,-,-,3823.4000,3823.0000,3822.6000,3822.0000,3821.8000,3824.2000,3824.6000,3825.0000,3825.8000,3826.0000,3,1,1,1,1,3,2,3,1,1
SF,IF2003,2019-12-03 09:31:34.500,3824.2000,15663,0,245300760.000,0,-,-,-,-,3823.4000,3823.0000,3822.6000,3822.0000,3821.8000,3824.2000,3824.6000,3825.0000,3825.8000,3826.0000,1,1,1,1,1,3,2,4,1,1
SF,IF2003,2019-12-03 09:31:35.000,3824.2000,15663,0,245300760.000,0,-,-,-,-,3823.4000,3823.0000,3822.6000,3822.0000,3821.8000,3824.0000,3824.2000,3824.6000,3825.0000,3825.8000,1,1,1,1,1,1,3,2,4,1
SF,IF2003,2019-12-03 09:31:35.500,3824.2000,15662,-1,246448020.000,1,0,1,双平,S,3823.4000,3823.0000,3822.6000,3822.0000,3821.8000,3824.2000,3824.6000,3825.0000,3825.8000,3826.0000,1,1,1,1,1,3,2,4,1,1
SF,IF2003,2019-12-03 09:31:36.000,3824.2000,15662,0,246448020.000,0,-,-,-,-,3823.6000,3823.4000,3823.0000,3822.6000,3822.0000,3824.2000,3824.6000,3825.0000,3825.8000,3826.0000,1,1,1,1,1,1,2,3,1,1
SF,IF2003,2019-12-03 09:31:36.500,3823.6000,15661,-1,247595100.000,1,0,1,双平,S,3823.4000,3823.0000,3822.6000,3822.0000,3821.8000,3823.6000,3824.2000,3824.6000,3825.0000,3825.8000,1,1,1,1,1,1,1,2,3,1
SF,IF2003,2019-12-03 09:31:37.000,3823.4000,15660,-1,248742120.000,1,0,1,双平,S,3823.0000,3822.6000,3822.0000,3821.8000,3821.4000,3823.4000,3824.0000,3824.2000,3824.6000,3825.0000,1,1,1,1,5,1,3,1,2,2
SF,IF2003,2019-12-03 09:31:37.500,3823.0000,15659,-1,249889020.000,1,0,1,双平,S,3822.6000,3822.0000,3821.8000,3821.4000,3821.0000,3823.0000,3824.0000,3824.2000,3824.6000,3825.0000,1,1,1,5,1,1,3,1,2,3
SF,IF2003,2019-12-03 09:31:38.000,3823.0000,15659,0,249889020.000,0,-,-,-,-,3822.6000,3822.0000,3821.8000,3821.4000,3821.0000,3823.2000,3824.0000,3824.2000,3824.6000,3825.0000,1,1,1,5,1,1,2,1,2,3
SF,IF2003,2019-12-03 09:31:38.500,3823.0000,15659,0,249889020.000,0,-,-,-,-,3822.8000,3822.6000,3822.0000,3821.8000,3821.4000,3823.2000,3824.0000,3824.2000,3824.6000,3825.0000,1,1,1,1,5,1,2,1,2,3
SF,IF2003,2019-12-03 09:31:39.000,3823.0000,15659,0,249889020.000,0,-,-,-,-,3822.6000,3822.0000,3821.8000,3821.4000,3821.0000,3823.2000,3824.0000,3824.2000,3824.6000,3825.0000,1,1,1,5,1,1,2,1,2,3
SF,IF2003,2019-12-03 09:31:39.500,3823.0000,15659,0,249889020.000,0,-,-,-,-,3822.6000,3822.0000,3821.8000,3821.4000,3821.0000,3823.2000,3824.0000,3824.2000,3824.6000,3825.0000,1,1,1,5,1,1,2,1,2,3
SF,IF2003,2019-12-03 09:31:40.000,3823.0000,15659,0,249889020.000,0,-,-,-,-,3822.0000,3821.8000,3821.4000,3821.0000,3820.6000,3822.6000,3823.2000,3824.0000,3824.2000,3824.6000,1,1,5,1,3,1,1,3,1,2
SF,IF2003,2019-12-03 09:31:40.500,3823.0000,15659,0,249889020.000,0,-,-,-,-,3822.0000,3821.8000,3821.4000,3821.0000,3820.6000,3823.2000,3824.0000,3824.2000,3824.6000,3825.0000,1,1,5,1,3,1,3,1,2,3
SF,IF2003,2019-12-03 09:31:41.000,3823.0000,15659,0,249889020.000,0,-,-,-,-,3822.2000,3822.0000,3821.8000,3821.4000,3821.0000,3823.2000,3824.0000,3824.2000,3824.6000,3825.0000,1,1,1,5,1,1,3,1,2,3
SF,IF2003,2019-12-03 09:31:41.500,3823.0000,15659,0,249889020.000,0,-,-,-,-,3822.0000,3821.8000,3821.4000,3821.0000,3820.6000,3823.0000,3823.2000,3824.0000,3824.2000,3824.6000,1,1,5,1,3,1,1,3,1,2
SF,IF2003,2019-12-03 09:31:42.000,3823.0000,15659,0,249889020.000,0,-,-,-,-,3822.4000,3822.0000,3821.8000,3821.4000,3821.0000,3824.0000,3824.2000,3824.6000,3825.0000,3825.8000,1,1,1,5,1,3,1,2,3,1
SF,IF2003,2019-12-03 09:31:42.500,3823.0000,15659,0,249889020.000,0,-,-,-,-,3822.0000,3821.8000,3821.4000,3821.0000,3820.6000,3823.8000,3824.0000,3824.2000,3824.6000,3825.0000,1,1,5,1,3,9,4,1,2,3
SF,IF2003,2019-12-03 09:31:43.000,3823.0000,15659,0,249889020.000,0,-,-,-,-,3822.0000,3821.8000,3821.4000,3821.0000,3820.6000,3823.4000,3823.8000,3824.0000,3824.2000,3824.6000,1,1,5,1,3,2,10,2,1,2
SF,IF2003,2019-12-03 09:31:43.500,3823.0000,15659,0,249889020.000,0,-,-,-,-,3822.0000,3821.8000,3821.4000,3821.0000,3820.6000,3822.6000,3823.2000,3823.4000,3823.6000,3823.8000,1,1,5,1,3,1,7,2,5,7
SF,IF2003,2019-12-03 09:31:44.000,3822.0000,15659,0,251035620.000,1,0,1,多换,S,3821.4000,3821.0000,3820.6000,3820.0000,3819.4000,3821.8000,3822.0000,3822.6000,3823.2000,3823.4000,5,1,3,1,1,1,2,3,6,2
SF,IF2003,2019-12-03 09:31:44.500,3821.4000,15658,-1,252182040.000,1,0,1,双平,S,3821.4000,3821.0000,3820.6000,3820.0000,3819.4000,3822.4000,3822.6000,3823.2000,3823.4000,3823.6000,4,1,3,1,1,1,2,6,2,5
SF,IF2003,2019-12-03 09:31:45.000,3821.4000,15658,0,252182040.000,0,-,-,-,-,3821.4000,3821.0000,3820.6000,3820.0000,3819.4000,3822.4000,3822.6000,3823.2000,3823.4000,3823.6000,4,1,3,1,1,1,2,6,2,5
SF,IF2003,2019-12-03 09:31:46.000,3821.4000,15657,-1,253328460.000,1,0,1,双平,S,3821.4000,3821.0000,3820.6000,3820.0000,3819.4000,3822.2000,3822.4000,3822.6000,3823.2000,3823.4000,3,1,3,1,1,1,1,2,6,2
SF,IF2003,2019-12-03 09:31:48.500,3821.4000,15656,-1,254474880.000,1,0,1,双平,S,3821.4000,3821.0000,3820.6000,3820.0000,3819.4000,3822.2000,3822.4000,3822.6000,3823.2000,3823.4000,2,1,3,1,1,1,1,2,6,2
SF,IF2003,2019-12-03 09:31:49.000,3821.4000,15656,0,254474880.000,0,-,-,-,-,3821.4000,3821.0000,3820.6000,3820.0000,3819.4000,3822.0000,3822.4000,3822.6000,3823.2000,3823.4000,2,1,3,1,1,2,1,1,6,2
SF,IF2003,2019-12-03 09:31:49.500,3821.4000,15655,-1,255621300.000,1,0,1,双平,S,3821.4000,3821.0000,3820.6000,3820.0000,3819.4000,3822.4000,3822.6000,3823.2000,3823.4000,3823.6000,2,1,3,1,1,1,1,6,2,5
SF,IF2003,2019-12-03 09:31:50.000,3821.4000,15655,0,255621300.000,0,-,-,-,-,3821.4000,3821.0000,3820.6000,3820.0000,3819.4000,3822.0000,3822.2000,3822.4000,3822.6000,3823.2000,2,1,3,1,1,1,1,1,1,6
SF,IF2003,2019-12-03 09:31:51.000,3821.4000,15655,0,255621300.000,0,-,-,-,-,3821.4000,3821.0000,3820.6000,3820.0000,3819.4000,3822.0000,3822.2000,3822.4000,3822.6000,3823.2000,2,1,3,1,1,1,1,1,1,6
SF,IF2003,2019-12-03 09:31:51.500,3821.4000,15655,0,255621300.000,0,-,-,-,-,3821.4000,3821.2000,3820.6000,3820.2000,3820.0000,3821.8000,3822.0000,3822.4000,3822.6000,3823.2000,2,2,3,1,1,1,2,1,1,6
SF,IF2003,2019-12-03 09:31:52.000,3821.8000,15655,0,256767840.000,1,0,1,多换,S,3821.6000,3821.4000,3821.2000,3820.6000,3820.2000,3822.0000,3822.4000,3822.6000,3823.2000,3823.4000,1,2,2,3,1,2,1,1,6,2
SF,IF2003,2019-12-03 09:31:52.500,3821.8000,15655,0,256767840.000,0,-,-,-,-,3821.6000,3821.4000,3821.2000,3820.6000,3820.2000,3822.0000,3822.4000,3822.6000,3823.2000,3823.4000,1,2,2,3,1,1,1,1,6,2
SF,IF2003,2019-12-03 09:31:53.000,3821.8000,15655,0,256767840.000,0,-,-,-,-,3821.4000,3821.2000,3820.6000,3820.2000,3820.0000,3822.0000,3822.4000,3822.6000,3823.2000,3823.4000,2,2,3,1,1,1,1,1,6,2
SF,IF2003,2019-12-03 09:31:55.000,3821.4000,15654,-1,257914260.000,1,0,1,双平,S,3821.4000,3821.2000,3820.6000,3820.2000,3820.0000,3822.0000,3822.4000,3822.6000,3823.2000,3823.4000,1,2,3,1,1,1,1,1,6,2
SF,IF2003,2019-12-03 09:31:55.500,3821.4000,15654,0,257914260.000,0,-,-,-,-,3821.4000,3821.2000,3820.6000,3820.2000,3820.0000,3821.8000,3822.0000,3822.4000,3822.6000,3823.2000,1,2,3,1,1,1,1,1,1,6
SF,IF2003,2019-12-03 09:31:56.000,3821.4000,15654,0,257914260.000,0,-,-,-,-,3821.4000,3821.2000,3820.6000,3820.2000,3820.0000,3822.0000,3822.4000,3822.6000,3823.2000,3823.4000,1,2,3,1,1,1,1,1,6,2
SF,IF2003,2019-12-03 09:31:56.500,3821.4000,15654,0,257914260.000,0,-,-,-,-,3821.4000,3821.2000,3820.6000,3820.2000,3820.0000,3821.6000,3822.0000,3822.4000,3822.6000,3823.2000,1,2,3,1,1,1,2,1,1,6
SF,IF2003,2019-12-03 09:31:57.000,3821.6000,15653,-1,259060740.000,1,0,1,双平,S,3821.4000,3821.2000,3820.6000,3820.2000,3820.0000,3822.0000,3822.4000,3822.6000,3823.2000,3823.4000,1,2,3,1,1,2,1,1,6,2
SF,IF2003,2019-12-03 09:31:57.500,3821.4000,15652,-1,260207160.000,1,0,1,双平,S,3821.2000,3820.6000,3820.2000,3820.0000,3819.4000,3821.8000,3822.0000,3822.4000,3822.6000,3823.2000,2,3,1,1,1,1,2,1,1,6
SF,IF2003,2019-12-03 09:31:58.000,3821.4000,15652,0,260207160.000,0,-,-,-,-,3821.2000,3820.6000,3820.2000,3820.0000,3819.4000,3822.0000,3822.4000,3822.6000,3823.2000,3823.4000,2,3,1,1,1,2,1,1,6,2
SF,IF2003,2019-12-03 09:31:58.500,3821.2000,15652,0,261353520.000,1,0,1,多换,S,3821.2000,3820.6000,3820.2000,3820.0000,3819.4000,3821.8000,3822.0000,3822.4000,3823.2000,3823.4000,1,3,1,1,1,1,3,2,6,2
SF,IF2003,2019-12-03 09:31:59.000,3821.2000,15652,0,262499880.000,1,0,1,多换,S,3820.6000,3820.2000,3820.0000,3819.4000,3819.0000,3821.2000,3821.6000,3821.8000,3822.0000,3822.4000,3,1,1,1,1,1,1,3,3,2
SF,IF2003,2019-12-03 09:31:59.500,3821.2000,15652,0,262499880.000,0,-,-,-,-,3820.6000,3820.2000,3820.0000,3819.4000,3819.0000,3821.8000,3822.0000,3822.4000,3823.2000,3823.6000,3,1,1,1,1,3,3,1,6,5
SF,IF2003,2019-12-03 09:32:00.000,3821.2000,15652,0,262499880.000,0,-,-,-,-,3820.6000,3820.2000,3820.0000,3819.4000,3819.0000,3821.6000,3821.8000,3822.0000,3822.4000,3823.2000,3,1,1,1,1,5,3,3,1,6
SF,IF2003,2019-12-03 09:32:00.500,3820.6000,15653,1,263646060.000,1,1,0,双开,S,3820.6000,3820.0000,3819.4000,3819.2000,3819.0000,3821.2000,3821.4000,3821.6000,3821.8000,3822.0000,2,1,1,1,1,1,5,8,1,3
SF,IF2003,2019-12-03 09:32:01.000,3820.0000,15651,-2,267084420.000,3,0,3,多平,S,3819.4000,3819.2000,3819.0000,3818.2000,3817.8000,3820.0000,3820.4000,3820.6000,3820.8000,3821.0000,1,1,1,2,1,1,3,2,2,4
SF,IF2003,2019-12-03 09:32:01.500,3820.0000,15650,-1,268230420.000,1,0,1,双平,S,3819.4000,3819.2000,3819.0000,3818.2000,3817.8000,3820.4000,3820.8000,3821.0000,3821.2000,3821.4000,1,1,1,2,1,3,2,5,2,9
SF,IF2003,2019-12-03 09:32:02.000,3820.0000,15650,0,268230420.000,0,-,-,-,-,3820.0000,3819.4000,3819.0000,3818.4000,3818.2000,3820.2000,3820.4000,3820.8000,3821.0000,3821.2000,1,1,1,1,2,1,3,2,5,2
SF,IF2003,2019-12-03 09:32:02.500,3820.0000,15649,-1,269376420.000,1,0,1,双平,S,3819.4000,3819.0000,3818.4000,3818.2000,3817.8000,3819.8000,3820.2000,3820.8000,3821.0000,3821.2000,1,1,1,2,1,2,1,2,5,2
SF,IF2003,2019-12-03 09:32:03.000,3821.0000,15649,0,271669020.000,2,1,1,多换,S,3819.8000,3819.4000,3819.0000,3818.4000,3818.2000,3821.0000,3821.2000,3821.4000,3821.6000,3822.0000,1,1,1,1,2,2,2,3,3,1
SF,IF2003,2019-12-03 09:32:03.500,3821.0000,15649,0,271669020.000,0,-,-,-,-,3819.4000,3819.0000,3818.4000,3818.2000,3817.8000,3820.2000,3820.4000,3820.6000,3820.8000,3821.0000,1,1,1,2,1,1,2,1,7,2
SF,IF2003,2019-12-03 09:32:04.000,3821.0000,15649,0,271669020.000,0,-,-,-,-,3819.4000,3819.0000,3818.4000,3818.2000,3817.8000,3820.0000,3820.6000,3820.8000,3821.0000,3821.2000,1,1,1,2,1,1,1,4,2,1
SF,IF2003,2019-12-03 09:32:04.500,3819.4000,15649,0,272814840.000,1,0,1,多换,S,3819.0000,3818.4000,3818.2000,3817.8000,3817.0000,3820.0000,3820.6000,3820.8000,3821.0000,3821.2000,1,1,2,1,2,1,2,4,3,1
SF,IF2003,2019-12-03 09:32:05.000,3819.4000,15649,0,272814840.000,0,-,-,-,-,3819.4000,3819.0000,3818.4000,3818.2000,3817.8000,3820.0000,3820.6000,3820.8000,3821.0000,3821.2000,5,1,1,2,1,1,2,5,3,1
SF,IF2003,2019-12-03 09:32:05.500,3819.4000,15649,0,272814840.000,0,-,-,-,-,3819.4000,3819.0000,3818.4000,3818.2000,3817.8000,3820.0000,3820.6000,3820.8000,3821.0000,3821.2000,5,1,1,2,1,1,2,5,3,1
SF,IF2003,2019-12-03 09:32:06.500,3819.4000,15649,0,273960660.000,1,0,1,多换,S,3819.4000,3819.0000,3818.4000,3818.2000,3817.8000,3820.0000,3820.6000,3820.8000,3821.0000,3821.2000,4,1,1,2,1,1,2,5,3,1
SF,IF2003,2019-12-03 09:32:07.000,3819.4000,15649,0,273960660.000,0,-,-,-,-,3819.4000,3819.0000,3818.4000,3818.2000,3817.8000,3820.0000,3820.6000,3820.8000,3821.0000,3821.4000,4,1,1,2,1,2,2,5,3,3
SF,IF2003,2019-12-03 09:32:07.500,3819.4000,15648,-1,275106480.000,1,0,1,双平,S,3819.4000,3819.0000,3818.4000,3818.2000,3817.8000,3820.0000,3820.6000,3820.8000,3821.0000,3821.4000,3,1,1,2,1,1,2,5,3,3
SF,IF2003,2019-12-03 09:32:08.000,3819.4000,15648,0,276252300.000,1,0,1,多换,S,3819.4000,3819.0000,3818.4000,3818.2000,3817.8000,3820.0000,3820.6000,3820.8000,3821.0000,3821.4000,2,1,1,2,1,1,3,5,3,3
SF,IF2003,2019-12-03 09:32:08.500,3819.4000,15648,0,276252300.000,0,-,-,-,-,3819.4000,3819.0000,3818.4000,3818.2000,3817.8000,3820.0000,3820.6000,3820.8000,3821.0000,3821.4000,2,1,1,2,1,1,3,5,3,3
SF,IF2003,2019-12-03 09:32:09.000,3819.4000,15648,0,276252300.000,0,-,-,-,-,3819.4000,3819.0000,3818.4000,3818.2000,3817.8000,3819.8000,3820.0000,3820.6000,3820.8000,3821.0000,2,1,1,2,1,1,1,3,5,3
SF,IF2003,2019-12-03 09:32:09.500,3819.4000,15648,0,276252300.000,0,-,-,-,-,3819.4000,3819.0000,3818.4000,3818.2000,3817.8000,3820.0000,3820.6000,3820.8000,3821.0000,3821.4000,2,1,1,2,1,1,2,4,3,3
SF,IF2003,2019-12-03 09:32:10.000,3819.4000,15648,0,276252300.000,0,-,-,-,-,3819.4000,3819.0000,3818.4000,3818.2000,3817.8000,3820.0000,3820.6000,3820.8000,3821.0000,3821.4000,2,1,1,2,1,1,2,4,3,3
SF,IF2003,2019-12-03 09:32:10.500,3820.0000,15647,-1,277398300.000,1,0,1,双平,S,3819.4000,3819.0000,3818.4000,3818.2000,3817.8000,3820.6000,3820.8000,3821.0000,3821.4000,3821.6000,2,1,1,2,1,2,4,3,3,2
SF,IF2003,2019-12-03 09:32:11.000,3820.0000,15647,0,277398300.000,0,-,-,-,-,3819.4000,3819.0000,3818.4000,3818.2000,3817.8000,3820.4000,3820.6000,3820.8000,3821.0000,3821.4000,2,1,1,2,1,7,3,4,3,3
SF,IF2003,2019-12-03 09:32:11.500,3820.0000,15647,0,277398300.000,0,-,-,-,-,3819.6000,3819.4000,3819.0000,3818.4000,3818.2000,3820.4000,3820.6000,3820.8000,3821.0000,3821.4000,1,2,1,1,2,3,3,4,3,3
SF,IF2003,2019-12-03 09:32:12.000,3820.0000,15647,0,277398300.000,0,-,-,-,-,3819.6000,3819.4000,3819.0000,3818.4000,3818.2000,3820.6000,3820.8000,3821.0000,3821.4000,3822.4000,1,2,1,1,2,3,2,3,3,1
SF,IF2003,2019-12-03 09:32:12.500,3820.0000,15647,0,277398300.000,0,-,-,-,-,3819.4000,3819.0000,3818.4000,3818.2000,3817.8000,3819.6000,3820.2000,3820.6000,3820.8000,3821.0000,2,1,1,2,1,2,1,3,1,2
SF,IF2003,2019-12-03 09:32:13.000,3819.6000,15647,0,279690060.000,2,1,1,多换,S,3819.6000,3819.4000,3819.2000,3819.0000,3818.4000,3820.2000,3820.6000,3820.8000,3821.0000,3821.4000,1,2,1,1,1,1,3,1,2,3
SF,IF2003,2019-12-03 09:32:13.500,3820.2000,15646,-1,280836120.000,1,0,1,双平,S,3819.6000,3819.4000,3819.2000,3819.0000,3818.4000,3820.6000,3820.8000,3821.0000,3821.4000,3822.4000,1,2,1,1,1,3,1,2,3,1
SF,IF2003,2019-12-03 09:32:14.000,3820.6000,15647,1,281982300.000,1,1,0,双开,S,3819.8000,3819.6000,3819.4000,3819.2000,3819.0000,3820.6000,3820.8000,3821.0000,3821.4000,3822.4000,1,1,2,1,1,2,1,2,3,1
SF,IF2003,2019-12-03 09:32:14.500,3820.6000,15647,0,281982300.000,0,-,-,-,-,3819.8000,3819.6000,3819.4000,3819.2000,3819.0000,3820.6000,3820.8000,3821.0000,3821.4000,3822.4000,1,1,2,2,1,2,1,2,3,1
SF,IF2003,2019-12-03 09:32:15.000,3820.6000,15646,-1,284274660.000,2,0,2,多平,S,3820.8000,3820.6000,3819.8000,3819.4000,3819.2000,3821.4000,3822.4000,3823.2000,3824.6000,3824.8000,1,2,2,2,2,2,1,1,2,1
SF,IF2003,2019-12-03 09:32:15.500,3820.8000,15646,0,285420900.000,1,0,1,多换,S,3819.4000,3819.2000,3819.0000,3818.4000,3818.2000,3821.2000,3821.4000,3822.4000,3823.2000,3824.6000,2,2,1,1,2,5,2,1,1,2
SF,IF2003,2019-12-03 09:32:16.000,3820.8000,15646,0,285420900.000,0,-,-,-,-,3819.8000,3819.6000,3819.4000,3819.2000,3819.0000,3821.2000,3821.4000,3822.4000,3823.2000,3824.6000,2,5,2,2,1,2,2,1,1,2
SF,IF2003,2019-12-03 09:32:16.500,3820.8000,15646,0,285420900.000,0,-,-,-,-,3820.0000,3819.8000,3819.6000,3819.4000,3819.2000,3821.0000,3821.2000,3821.4000,3822.4000,3823.2000,1,2,10,2,2,1,2,2,1,1
SF,IF2003,2019-12-03 09:32:17.000,3821.2000,15643,-3,288859920.000,3,0,3,双平,S,3821.0000,3820.2000,3819.8000,3819.6000,3819.4000,3822.4000,3823.2000,3824.6000,3824.8000,3825.0000,1,1,2,6,2,1,1,2,1,3
SF,IF2003,2019-12-03 09:32:17.500,3821.0000,15642,-1,290006220.000,1,0,1,双平,S,3820.2000,3819.8000,3819.6000,3819.4000,3819.2000,3821.6000,3821.8000,3822.0000,3822.2000,3822.4000,1,2,3,2,2,2,2,4,11,1
SF,IF2003,2019-12-03 09:32:18.000,3821.0000,15642,0,290006220.000,0,-,-,-,-,3820.4000,3820.2000,3819.8000,3819.6000,3819.4000,3821.8000,3822.0000,3822.2000,3822.4000,3823.2000,1,2,2,3,2,2,2,10,1,1
SF,IF2003,2019-12-03 09:32:18.500,3821.0000,15642,0,290006220.000,0,-,-,-,-,3820.6000,3820.2000,3819.8000,3819.6000,3819.4000,3821.8000,3822.0000,3822.2000,3822.4000,3823.2000,2,2,2,3,2,2,2,10,1,1
SF,IF2003,2019-12-03 09:32:19.000,3821.0000,15642,0,290006220.000,0,-,-,-,-,3820.8000,3820.6000,3820.2000,3819.8000,3819.6000,3821.8000,3822.0000,3822.2000,3822.4000,3823.2000,2,2,2,1,3,2,2,10,1,1
SF,IF2003,2019-12-03 09:32:19.500,3821.0000,15642,0,290006220.000,0,-,-,-,-,3821.0000,3820.8000,3820.6000,3820.2000,3819.8000,3821.8000,3822.0000,3822.2000,3822.4000,3823.2000,1,2,1,2,1,2,2,10,1,1
SF,IF2003,2019-12-03 09:32:20.000,3821.0000,15642,0,290006220.000,0,-,-,-,-,3821.0000,3820.6000,3820.2000,3819.8000,3819.6000,3821.8000,3822.0000,3822.2000,3822.4000,3823.2000,1,1,2,1,3,2,2,10,1,1
SF,IF2003,2019-12-03 09:32:20.500,3821.0000,15642,0,290006220.000,0,-,-,-,-,3820.6000,3820.2000,3819.8000,3819.6000,3819.4000,3821.8000,3822.0000,3822.2000,3822.4000,3823.2000,1,2,1,3,2,2,2,10,1,1
SF,IF2003,2019-12-03 09:32:21.000,3821.0000,15642,0,290006220.000,0,-,-,-,-,3820.8000,3820.6000,3820.2000,3819.8000,3819.6000,3822.0000,3822.2000,3822.4000,3823.2000,3824.6000,3,1,2,1,3,2,9,1,1,2
SF,IF2003,2019-12-03 09:32:21.500,3821.0000,15642,0,290006220.000,0,-,-,-,-,3820.2000,3819.8000,3819.6000,3819.4000,3819.2000,3821.4000,3821.6000,3821.8000,3822.0000,3822.2000,2,1,3,2,2,1,2,4,1,8
SF,IF2003,2019-12-03 09:32:22.000,3821.0000,15642,0,290006220.000,0,-,-,-,-,3820.4000,3820.2000,3819.8000,3819.6000,3819.4000,3821.4000,3821.6000,3821.8000,3822.0000,3822.2000,1,2,1,3,2,1,2,4,1,8
SF,IF2003,2019-12-03 09:32:22.500,3821.0000,15642,0,290006220.000,0,-,-,-,-,3820.2000,3819.8000,3819.6000,3819.4000,3819.2000,3821.4000,3821.6000,3821.8000,3822.0000,3822.2000,2,1,3,2,2,1,2,4,1,8
SF,IF2003,2019-12-03 09:32:23.000,3821.0000,15642,0,290006220.000,0,-,-,-,-,3820.2000,3819.8000,3819.6000,3819.4000,3819.2000,3821.2000,3821.4000,3821.8000,3822.0000,3822.2000,1,1,3,2,2,4,1,4,1,8
SF,IF2003,2019-12-03 09:32:23.500,3821.0000,15642,0,290006220.000,0,-,-,-,-,3820.4000,3820.2000,3819.8000,3819.6000,3819.4000,3821.8000,3822.2000,3822.4000,3823.2000,3824.6000,3,1,1,3,2,4,7,1,1,2
SF,IF2003,2019-12-03 09:32:24.000,3821.0000,15642,0,290006220.000,0,-,-,-,-,3820.4000,3820.2000,3819.8000,3819.6000,3819.4000,3821.0000,3821.8000,3822.2000,3822.4000,3823.2000,2,1,1,3,2,1,4,7,1,1
SF,IF2003,2019-12-03 09:32:24.500,3821.0000,15642,0,290006220.000,0,-,-,-,-,3820.4000,3820.2000,3819.8000,3819.6000,3819.4000,3821.0000,3821.8000,3822.2000,3822.4000,3823.2000,2,1,1,3,2,1,4,7,1,1
SF,IF2003,2019-12-03 09:32:25.000,3821.0000,15642,0,290006220.000,0,-,-,-,-,3820.4000,3820.2000,3819.8000,3819.6000,3819.4000,3821.0000,3821.8000,3822.2000,3822.4000,3823.2000,4,1,1,3,2,1,4,7,1,1
SF,IF2003,2019-12-03 09:32:25.500,3821.0000,15642,0,290006220.000,0,-,-,-,-,3820.4000,3820.2000,3819.8000,3819.6000,3819.4000,3821.8000,3822.2000,3822.4000,3823.2000,3824.6000,2,1,1,3,2,4,7,1,1,2
SF,IF2003,2019-12-03 09:32:26.000,3821.0000,15642,0,290006220.000,0,-,-,-,-,3820.2000,3819.8000,3819.6000,3819.4000,3819.2000,3821.6000,3821.8000,3822.0000,3822.2000,3822.4000,1,1,3,2,2,3,3,1,7,1
SF,IF2003,2019-12-03 09:32:26.500,3821.0000,15642,0,290006220.000,0,-,-,-,-,3820.6000,3820.2000,3819.8000,3819.6000,3819.4000,3821.6000,3821.8000,3822.0000,3822.2000,3822.4000,1,1,1,3,2,3,3,1,7,1
SF,IF2003,2019-12-03 09:32:27.000,3821.0000,15642,0,290006220.000,0,-,-,-,-,3820.2000,3819.8000,3819.6000,3819.4000,3819.2000,3821.4000,3821.6000,3821.8000,3822.0000,3822.2000,1,1,3,2,2,1,3,3,1,7
SF,IF2003,2019-12-03 09:32:27.500,3821.0000,15642,0,290006220.000,0,-,-,-,-,3820.8000,3820.4000,3820.2000,3819.8000,3819.6000,3821.6000,3821.8000,3822.0000,3822.2000,3822.4000,1,3,1,1,3,2,3,1,7,1
SF,IF2003,2019-12-03 09:32:28.000,3821.4000,15642,0,291152640.000,1,0,1,多换,S,3820.2000,3819.8000,3819.6000,3819.4000,3819.2000,3821.6000,3821.8000,3822.0000,3822.2000,3822.4000,1,1,3,2,2,2,3,1,7,1
SF,IF2003,2019-12-03 09:32:28.500,3821.4000,15642,0,291152640.000,0,-,-,-,-,3820.4000,3820.2000,3819.8000,3819.6000,3819.4000,3821.6000,3821.8000,3822.0000,3822.2000,3822.4000,2,2,1,2,2,2,3,1,7,1
SF,IF2003,2019-12-03 09:32:29.000,3821.4000,15642,0,291152640.000,0,-,-,-,-,3820.6000,3820.4000,3820.2000,3819.8000,3819.6000,3821.6000,3821.8000,3822.0000,3822.2000,3822.4000,2,2,2,1,2,2,3,1,7,1
SF,IF2003,2019-12-03 09:32:29.500,3821.4000,15642,0,291152640.000,0,-,-,-,-,3820.8000,3820.6000,3820.4000,3820.2000,3819.8000,3821.8000,3822.0000,3822.2000,3822.4000,3823.2000,2,2,1,2,1,1,1,2,1,1
SF,IF2003,2019-12-03 09:32:30.000,3821.4000,15642,0,291152640.000,0,-,-,-,-,3821.6000,3820.8000,3820.6000,3820.4000,3820.2000,3821.8000,3822.0000,3822.2000,3822.4000,3823.2000,1,2,2,1,2,1,1,2,1,1
SF,IF2003,2019-12-03 09:32:30.500,3821.6000,15642,0,292299120.000,1,0,1,多换,S,3820.2000,3819.8000,3819.6000,3819.4000,3819.2000,3821.4000,3821.6000,3821.8000,3822.0000,3822.2000,2,1,2,2,2,3,5,1,1,2
SF,IF2003,2019-12-03 09:32:31.000,3821.6000,15642,0,292299120.000,0,-,-,-,-,3820.6000,3820.4000,3820.2000,3819.6000,3819.4000,3821.4000,3821.6000,3821.8000,3822.0000,3822.2000,2,8,2,2,2,3,1,2,1,2
SF,IF2003,2019-12-03 09:32:31.500,3821.6000,15642,0,292299120.000,0,-,-,-,-,3820.8000,3820.6000,3820.4000,3820.2000,3819.6000,3821.4000,3821.6000,3821.8000,3822.0000,3822.2000,1,2,3,2,2,3,1,2,1,2
SF,IF2003,2019-12-03 09:32:32.000,3821.6000,15642,0,292299120.000,0,-,-,-,-,3820.6000,3820.4000,3820.2000,3819.6000,3819.4000,3821.2000,3821.4000,3821.6000,3821.8000,3822.0000,1,3,2,2,2,1,3,1,2,1
SF,IF2003,2019-12-03 09:32:32.500,3821.6000,15642,0,292299120.000,0,-,-,-,-,3821.2000,3820.8000,3820.6000,3820.4000,3820.2000,3821.4000,3821.6000,3821.8000,3822.0000,3822.2000,1,1,3,3,2,3,1,2,1,2
SF,IF2003,2019-12-03 09:32:33.000,3821.6000,15644,2,294592080.000,2,2,0,双开,S,3820.6000,3820.4000,3820.2000,3819.6000,3819.4000,3821.4000,3821.6000,3821.8000,3822.0000,3822.2000,1,3,2,2,2,1,1,2,1,2
SF,IF2003,2019-12-03 09:32:33.500,3821.6000,15644,0,294592080.000,0,-,-,-,-,3820.6000,3820.4000,3820.2000,3819.6000,3819.4000,3821.6000,3821.8000,3822.0000,3822.2000,3822.4000,1,3,2,2,2,1,2,1,2,1
SF,IF2003,2019-12-03 09:32:34.000,3821.6000,15644,0,294592080.000,0,-,-,-,-,3820.8000,3820.6000,3820.4000,3820.2000,3819.6000,3821.6000,3821.8000,3822.0000,3822.2000,3822.4000,1,3,3,2,2,1,2,2,2,1
SF,IF2003,2019-12-03 09:32:34.500,3821.6000,15644,0,294592080.000,0,-,-,-,-,3821.0000,3820.8000,3820.6000,3820.4000,3820.2000,3821.6000,3821.8000,3822.0000,3823.2000,3824.6000,3,3,1,3,2,1,1,2,1,2
SF,IF2003,2019-12-03 09:32:35.000,3821.6000,15644,0,295738560.000,1,0,1,多换,S,3821.6000,3821.2000,3821.0000,3820.8000,3820.6000,3821.8000,3822.0000,3823.2000,3824.6000,3824.8000,1,1,3,3,1,1,2,1,2,1
SF,IF2003,2019-12-03 09:32:35.500,3821.6000,15644,0,295738560.000,0,-,-,-,-,3821.2000,3821.0000,3820.8000,3820.6000,3820.4000,3821.8000,3822.0000,3823.2000,3824.6000,3824.8000,1,2,3,1,2,1,2,1,2,1
SF,IF2003,2019-12-03 09:32:36.000,3821.6000,15644,0,295738560.000,0,-,-,-,-,3821.4000,3821.2000,3821.0000,3820.8000,3820.6000,3821.8000,3822.0000,3823.2000,3824.6000,3824.8000,1,3,1,3,1,1,2,1,2,1
SF,IF2003,2019-12-03 09:32:36.500,3821.8000,15643,-1,296885100.000,1,0,1,双平,S,3821.6000,3821.4000,3821.2000,3821.0000,3820.8000,3822.0000,3823.2000,3824.6000,3824.8000,3825.0000,1,2,1,1,3,2,1,2,1,3
SF,IF2003,2019-12-03 09:32:37.000,3821.8000,15643,0,296885100.000,0,-,-,-,-,3821.4000,3821.2000,3821.0000,3820.8000,3820.6000,3822.0000,3823.2000,3824.6000,3824.8000,3825.0000,2,1,1,3,1,2,1,2,1,3
SF,IF2003,2019-12-03 09:32:37.500,3821.8000,15643,0,296885100.000,0,-,-,-,-,3820.8000,3820.6000,3820.4000,3820.2000,3819.4000,3822.0000,3823.2000,3824.6000,3824.8000,3825.0000,3,1,2,2,2,2,1,2,1,3
SF,IF2003,2019-12-03 09:32:38.000,3821.8000,15643,0,296885100.000,0,-,-,-,-,3821.4000,3821.0000,3820.8000,3820.4000,3820.2000,3822.0000,3823.2000,3824.6000,3824.8000,3825.0000,1,10,4,2,1,2,1,2,1,3
SF,IF2003,2019-12-03 09:32:38.500,3822.0000,15643,0,298031700.000,1,0,1,多换,S,3821.6000,3821.4000,3821.0000,3820.8000,3820.4000,3822.0000,3823.2000,3824.6000,3824.8000,3825.0000,1,1,11,4,2,1,1,2,1,3
SF,IF2003,2019-12-03 09:32:39.000,3822.0000,15643,0,299178300.000,1,0,1,多换,S,3822.0000,3821.8000,3821.6000,3821.4000,3821.0000,3823.2000,3824.6000,3824.8000,3825.0000,3825.6000,1,1,1,3,7,1,2,1,3,2
SF,IF2003,2019-12-03 09:32:39.500,3822.0000,15643,0,299178300.000,0,-,-,-,-,3822.2000,3822.0000,3821.6000,3821.4000,3821.0000,3823.0000,3823.2000,3824.6000,3824.8000,3825.0000,2,1,3,1,7,2,1,2,1,3
SF,IF2003,2019-12-03 09:32:40.000,3822.0000,15643,0,299178300.000,0,-,-,-,-,3822.0000,3821.6000,3821.4000,3821.0000,3820.8000,3822.8000,3823.0000,3823.2000,3824.6000,3824.8000,1,1,1,2,3,2,5,1,2,1
SF,IF2003,2019-12-03 09:32:40.500,3822.0000,15643,0,299178300.000,0,-,-,-,-,3822.4000,3822.0000,3821.6000,3821.4000,3821.0000,3823.2000,3824.6000,3824.8000,3825.0000,3825.6000,1,1,1,1,2,1,2,1,3,2
SF,IF2003,2019-12-03 09:32:41.000,3822.0000,15643,0,299178300.000,0,-,-,-,-,3821.6000,3821.4000,3821.0000,3820.8000,3820.4000,3822.4000,3822.6000,3822.8000,3823.0000,3823.2000,1,1,2,3,2,1,1,2,2,2
SF,IF2003,2019-12-03 09:32:41.500,3822.0000,15643,0,299178300.000,0,-,-,-,-,3821.6000,3821.4000,3821.0000,3820.8000,3820.4000,3822.8000,3823.0000,3823.2000,3824.6000,3824.8000,1,1,2,3,2,2,2,2,2,1
SF,IF2003,2019-12-03 09:32:42.500,3822.0000,15643,0,299178300.000,0,-,-,-,-,3821.8000,3821.6000,3821.4000,3821.0000,3820.8000,3823.0000,3823.2000,3824.6000,3824.8000,3825.0000,1,1,1,2,3,2,2,2,1,3
SF,IF2003,2019-12-03 09:32:43.000,3822.0000,15643,0,299178300.000,0,-,-,-,-,3822.0000,3821.6000,3821.4000,3821.0000,3820.8000,3822.8000,3823.0000,3823.2000,3824.6000,3824.8000,1,1,1,2,3,2,2,2,2,1
SF,IF2003,2019-12-03 09:32:45.500,3822.0000,15643,0,299178300.000,0,-,-,-,-,3822.0000,3821.6000,3821.4000,3821.0000,3820.8000,3822.6000,3823.0000,3823.2000,3824.6000,3824.8000,1,1,1,2,3,1,2,2,2,1
SF,IF2003,2019-12-03 09:32:46.000,3822.0000,15643,0,299178300.000,0,-,-,-,-,3821.4000,3821.0000,3820.8000,3820.4000,3820.2000,3822.4000,3822.6000,3823.0000,3823.2000,3824.6000,1,1,3,2,1,1,1,2,2,2
SF,IF2003,2019-12-03 09:32:47.500,3822.0000,15643,0,299178300.000,0,-,-,-,-,3821.4000,3821.0000,3820.8000,3820.4000,3820.2000,3822.4000,3823.0000,3823.2000,3824.6000,3824.8000,1,1,3,2,1,1,2,2,2,1
SF,IF2003,2019-12-03 09:32:48.000,3822.0000,15643,0,299178300.000,0,-,-,-,-,3821.6000,3821.4000,3821.0000,3820.8000,3820.4000,3822.4000,3823.0000,3823.2000,3824.6000,3824.8000,1,1,1,3,2,1,2,2,2,1
SF,IF2003,2019-12-03 09:32:48.500,3822.0000,15643,0,299178300.000,0,-,-,-,-,3821.4000,3821.0000,3820.8000,3820.4000,3820.2000,3822.4000,3823.0000,3823.2000,3824.6000,3824.8000,1,1,3,2,1,1,2,2,2,1
SF,IF2003,2019-12-03 09:32:49.500,3822.4000,15643,0,300325020.000,1,0,1,多换,S,3821.6000,3821.4000,3821.0000,3820.8000,3820.4000,3823.0000,3823.2000,3824.6000,3824.8000,3825.0000,1,1,1,3,2,2,2,2,1,3
SF,IF2003,2019-12-03 09:32:50.000,3822.4000,15643,0,300325020.000,0,-,-,-,-,3821.8000,3821.4000,3821.0000,3820.8000,3820.4000,3822.6000,3822.8000,3823.0000,3823.2000,3824.6000,1,1,1,3,2,3,2,2,2,2
SF,IF2003,2019-12-03 09:32:50.500,3822.4000,15643,0,300325020.000,0,-,-,-,-,3821.8000,3821.4000,3821.0000,3820.8000,3820.4000,3822.6000,3822.8000,3823.0000,3823.2000,3824.6000,1,1,1,3,2,3,7,2,2,2
SF,IF2003,2019-12-03 09:32:51.000,3822.4000,15643,0,300325020.000,0,-,-,-,-,3821.4000,3821.0000,3820.8000,3820.4000,3820.2000,3822.6000,3822.8000,3823.0000,3823.2000,3824.6000,1,1,3,2,1,3,7,2,2,2
SF,IF2003,2019-12-03 09:32:51.500,3822.4000,15643,0,300325020.000,0,-,-,-,-,3821.6000,3821.4000,3821.0000,3820.8000,3820.4000,3821.8000,3822.6000,3822.8000,3823.0000,3823.2000,1,1,1,3,2,1,3,7,2,2
SF,IF2003,2019-12-03 09:32:52.000,3822.4000,15643,0,300325020.000,0,-,-,-,-,3821.4000,3821.0000,3820.8000,3820.4000,3820.2000,3821.8000,3822.6000,3822.8000,3823.0000,3823.2000,1,1,3,2,1,1,3,7,2,2
SF,IF2003,2019-12-03 09:32:53.000,3822.4000,15643,0,300325020.000,0,-,-,-,-,3821.6000,3821.4000,3821.0000,3820.8000,3820.4000,3821.8000,3822.6000,3822.8000,3823.0000,3823.2000,1,1,1,3,2,1,3,7,2,2
SF,IF2003,2019-12-03 09:32:53.500,3822.4000,15643,0,300325020.000,0,-,-,-,-,3821.4000,3821.0000,3820.8000,3820.4000,3820.2000,3821.8000,3822.6000,3822.8000,3823.0000,3823.2000,1,1,3,2,1,1,3,7,2,2
SF,IF2003,2019-12-03 09:32:54.000,3822.4000,15643,0,300325020.000,0,-,-,-,-,3821.0000,3820.8000,3820.4000,3820.2000,3819.4000,3821.8000,3822.6000,3822.8000,3823.0000,3823.2000,1,2,2,1,2,1,3,7,2,2
SF,IF2003,2019-12-03 09:32:54.500,3822.4000,15643,0,300325020.000,0,-,-,-,-,3821.2000,3821.0000,3820.8000,3820.4000,3820.2000,3821.8000,3822.6000,3822.8000,3823.0000,3823.2000,1,1,2,2,1,1,4,7,2,2
SF,IF2003,2019-12-03 09:32:55.000,3822.4000,15643,0,300325020.000,0,-,-,-,-,3821.0000,3820.8000,3820.4000,3820.2000,3819.4000,3821.8000,3822.6000,3822.8000,3823.0000,3823.2000,1,2,2,1,2,1,4,7,2,2
SF,IF2003,2019-12-03 09:32:55.500,3822.4000,15643,0,300325020.000,0,-,-,-,-,3821.2000,3821.0000,3820.8000,3820.4000,3820.2000,3821.8000,3822.6000,3822.8000,3823.0000,3823.2000,1,1,2,2,1,1,4,7,2,2
SF,IF2003,2019-12-03 09:32:56.000,3822.4000,15643,0,300325020.000,0,-,-,-,-,3821.4000,3821.2000,3821.0000,3820.8000,3820.4000,3821.8000,3822.6000,3822.8000,3823.0000,3823.2000,1,3,1,2,2,1,3,2,2,2
SF,IF2003,2019-12-03 09:32:56.500,3822.4000,15643,0,300325020.000,0,-,-,-,-,3821.6000,3821.4000,3821.2000,3821.0000,3820.8000,3821.8000,3822.6000,3822.8000,3823.0000,3823.2000,1,1,3,1,2,1,3,2,2,2
SF,IF2003,2019-12-03 09:32:57.000,3821.8000,15642,-1,301471560.000,1,0,1,双平,S,3821.4000,3821.2000,3821.0000,3820.8000,3820.4000,3822.6000,3822.8000,3823.0000,3823.2000,3824.6000,1,3,1,2,2,3,2,2,2,2
SF,IF2003,2019-12-03 09:32:57.500,3821.8000,15642,0,301471560.000,0,-,-,-,-,3821.6000,3821.2000,3821.0000,3820.8000,3820.4000,3822.4000,3822.6000,3822.8000,3823.0000,3823.2000,1,3,1,2,2,2,3,1,2,2
SF,IF2003,2019-12-03 09:32:58.000,3821.6000,15641,-1,302618040.000,1,0,1,双平,S,3821.2000,3820.8000,3820.4000,3820.2000,3819.4000,3821.6000,3822.2000,3822.4000,3822.6000,3823.0000,1,2,2,1,2,2,2,3,3,2
SF,IF2003,2019-12-03 09:32:58.500,3821.2000,15640,-1,303764400.000,1,0,1,双平,S,3820.4000,3819.4000,3819.2000,3819.0000,3818.4000,3821.2000,3821.6000,3822.2000,3822.4000,3822.6000,2,2,2,2,1,2,1,12,2,3
SF,IF2003,2019-12-03 09:32:59.000,3821.2000,15640,0,303764400.000,0,-,-,-,-,3820.4000,3819.4000,3819.2000,3819.0000,3818.4000,3821.6000,3822.2000,3822.4000,3822.6000,3823.0000,2,2,2,2,1,1,12,2,3,2
SF,IF2003,2019-12-03 09:32:59.500,3821.2000,15640,0,303764400.000,0,-,-,-,-,3819.4000,3819.2000,3819.0000,3818.4000,3818.2000,3821.4000,3821.6000,3822.2000,3822.4000,3822.6000,2,2,2,1,2,3,1,12,2,3
SF,IF2003,2019-12-03 09:33:00.000,3821.2000,15640,0,303764400.000,0,-,-,-,-,3820.0000,3819.6000,3819.4000,3819.2000,3819.0000,3821.2000,3821.4000,3821.6000,3822.2000,3822.4000,1,5,3,2,2,1,3,1,12,2
SF,IF2003,2019-12-03 09:33:00.500,3821.2000,15640,0,303764400.000,0,-,-,-,-,3820.0000,3819.6000,3819.4000,3819.2000,3819.0000,3821.0000,3821.6000,3822.2000,3822.4000,3822.6000,2,3,3,2,2,2,1,12,2,3
SF,IF2003,2019-12-03 09:33:01.000,3821.2000,15640,0,303764400.000,0,-,-,-,-,3820.0000,3819.6000,3819.4000,3819.2000,3819.0000,3821.0000,3821.6000,3822.2000,3822.4000,3822.6000,2,3,3,2,2,2,1,12,2,3
SF,IF2003,2019-12-03 09:33:01.500,3821.2000,15640,0,303764400.000,0,-,-,-,-,3820.0000,3819.6000,3819.4000,3819.2000,3819.0000,3821.0000,3821.6000,3822.2000,3822.4000,3822.6000,2,3,3,2,2,2,2,12,2,3
SF,IF2003,2019-12-03 09:33:02.000,3821.2000,15640,0,303764400.000,0,-,-,-,-,3820.2000,3820.0000,3819.6000,3819.4000,3819.2000,3821.0000,3821.6000,3822.2000,3822.4000,3822.6000,1,2,3,3,2,2,2,12,2,3
SF,IF2003,2019-12-03 09:33:02.500,3821.2000,15640,0,303764400.000,0,-,-,-,-,3820.0000,3819.6000,3819.4000,3819.2000,3819.0000,3821.0000,3821.6000,3822.2000,3822.4000,3822.6000,2,3,3,2,2,2,1,3,2,3
SF,IF2003,2019-12-03 09:33:03.000,3821.2000,15640,0,303764400.000,0,-,-,-,-,3820.0000,3819.6000,3819.4000,3819.2000,3819.0000,3821.2000,3821.6000,3822.2000,3822.4000,3822.6000,2,3,3,2,2,1,2,3,2,3
SF,IF2003,2019-12-03 09:33:03.500,3821.2000,15640,0,303764400.000,0,-,-,-,-,3821.0000,3820.2000,3820.0000,3819.6000,3819.4000,3821.2000,3821.6000,3822.2000,3822.4000,3822.6000,1,6,4,3,3,1,2,3,2,3
SF,IF2003,2019-12-03 09:33:04.000,3821.0000,15639,-1,304910700.000,1,0,1,双平,S,3820.2000,3820.0000,3819.6000,3819.4000,3819.2000,3821.2000,3821.6000,3822.2000,3822.4000,3822.6000,2,3,2,3,2,1,2,3,2,3
SF,IF2003,2019-12-03 09:33:04.500,3821.0000,15639,0,304910700.000,0,-,-,-,-,3820.2000,3820.0000,3819.6000,3819.4000,3819.2000,3821.2000,3821.6000,3822.2000,3822.4000,3822.6000,2,3,2,3,2,1,1,3,2,3
SF,IF2003,2019-12-03 09:33:05.000,3821.0000,15639,0,304910700.000,0,-,-,-,-,3820.4000,3820.2000,3820.0000,3819.6000,3819.4000,3821.2000,3821.6000,3822.2000,3822.4000,3822.6000,1,4,1,2,3,1,1,3,2,3
SF,IF2003,2019-12-03 09:33:05.500,3821.0000,15639,0,304910700.000,0,-,-,-,-,3820.4000,3820.2000,3820.0000,3819.6000,3819.4000,3821.2000,3821.6000,3822.2000,3822.4000,3822.6000,2,2,1,2,3,1,1,3,2,3
SF,IF2003,2019-12-03 09:33:06.500,3821.0000,15639,0,304910700.000,0,-,-,-,-,3820.2000,3820.0000,3819.6000,3819.4000,3819.2000,3821.2000,3821.6000,3822.2000,3822.4000,3822.6000,2,1,2,3,2,1,1,3,2,3
SF,IF2003,2019-12-03 09:33:07.000,3821.0000,15639,0,304910700.000,0,-,-,-,-,3820.4000,3820.2000,3820.0000,3819.6000,3819.4000,3821.2000,3821.6000,3822.2000,3822.4000,3822.6000,3,2,1,2,3,1,1,3,2,3
SF,IF2003,2019-12-03 09:33:07.500,3821.0000,15639,0,304910700.000,0,-,-,-,-,3820.4000,3820.2000,3820.0000,3819.6000,3819.4000,3821.2000,3822.2000,3822.4000,3822.6000,3823.0000,3,2,1,2,3,1,3,2,3,2
SF,IF2003,2019-12-03 09:33:08.000,3821.0000,15639,0,304910700.000,0,-,-,-,-,3820.6000,3820.4000,3820.2000,3820.0000,3819.6000,3821.2000,3822.2000,3822.4000,3822.6000,3823.0000,3,3,2,1,2,1,3,2,3,2
SF,IF2003,2019-12-03 09:33:08.500,3821.0000,15639,0,304910700.000,0,-,-,-,-,3820.6000,3820.2000,3820.0000,3819.6000,3819.4000,3821.2000,3822.2000,3822.4000,3822.6000,3823.0000,1,2,2,2,3,1,3,2,3,2
SF,IF2003,2019-12-03 09:33:09.500,3821.0000,15639,0,304910700.000,0,-,-,-,-,3820.2000,3820.0000,3819.6000,3819.4000,3819.2000,3821.2000,3822.2000,3822.4000,3822.6000,3823.0000,2,2,2,3,2,1,3,2,3,2
SF,IF2003,2019-12-03 09:33:10.000,3821.0000,15639,0,304910700.000,0,-,-,-,-,3820.4000,3820.2000,3820.0000,3819.6000,3819.4000,3821.2000,3822.2000,3822.4000,3822.6000,3823.0000,1,4,2,2,3,1,3,2,3,2
SF,IF2003,2019-12-03 09:33:10.500,3821.0000,15639,0,304910700.000,0,-,-,-,-,3820.2000,3820.0000,3819.6000,3819.4000,3819.2000,3821.2000,3822.2000,3822.4000,3822.6000,3823.0000,4,2,2,3,2,1,3,2,3,2
SF,IF2003,2019-12-03 09:33:12.000,3821.0000,15639,0,304910700.000,0,-,-,-,-,3820.4000,3820.2000,3820.0000,3819.6000,3819.4000,3821.2000,3822.2000,3822.4000,3822.6000,3823.0000,1,4,2,2,3,1,3,2,3,2
SF,IF2003,2019-12-03 09:33:15.000,3821.0000,15639,0,304910700.000,0,-,-,-,-,3820.4000,3820.2000,3820.0000,3819.6000,3819.4000,3821.2000,3822.2000,3822.4000,3822.6000,3823.0000,1,2,2,2,3,1,3,2,3,2
SF,IF2003,2019-12-03 09:33:15.500,3821.0000,15639,0,304910700.000,0,-,-,-,-,3820.6000,3820.0000,3819.6000,3819.4000,3819.2000,3821.2000,3821.6000,3822.2000,3822.4000,3822.6000,1,2,2,3,2,1,1,3,2,3
SF,IF2003,2019-12-03 09:33:16.000,3821.0000,15639,0,304910700.000,0,-,-,-,-,3820.6000,3820.0000,3819.6000,3819.4000,3819.2000,3821.2000,3821.6000,3822.2000,3822.4000,3822.6000,1,2,2,3,2,1,1,3,2,3
SF,IF2003,2019-12-03 09:33:16.500,3821.0000,15639,0,304910700.000,0,-,-,-,-,3820.8000,3820.6000,3820.0000,3819.6000,3819.4000,3821.0000,3821.2000,3821.6000,3822.2000,3822.4000,1,1,2,2,3,1,1,1,3,2
SF,IF2003,2019-12-03 09:33:17.000,3821.0000,15639,0,304910700.000,0,-,-,-,-,3820.6000,3820.0000,3819.6000,3819.4000,3819.2000,3821.0000,3821.2000,3821.6000,3822.2000,3822.4000,1,2,2,3,2,1,1,1,3,2
SF,IF2003,2019-12-03 09:33:18.500,3820.6000,15638,-1,306056880.000,1,0,1,双平,S,3820.0000,3819.6000,3819.4000,3819.2000,3819.0000,3821.0000,3821.2000,3821.6000,3822.2000,3822.4000,2,2,3,2,2,1,1,1,3,2
SF,IF2003,2019-12-03 09:33:19.000,3820.6000,15638,0,306056880.000,0,-,-,-,-,3820.2000,3820.0000,3819.6000,3819.4000,3819.2000,3821.0000,3821.2000,3821.6000,3822.2000,3822.4000,1,2,2,3,2,1,1,1,3,2
SF,IF2003,2019-12-03 09:33:19.500,3820.6000,15638,0,306056880.000,0,-,-,-,-,3820.2000,3820.0000,3819.6000,3819.4000,3819.2000,3821.0000,3821.2000,3821.6000,3822.2000,3822.4000,1,2,2,3,2,1,1,1,3,2
SF,IF2003,2019-12-03 09:33:21.000,3820.6000,15638,0,306056880.000,0,-,-,-,-,3820.2000,3820.0000,3819.6000,3819.4000,3819.2000,3820.8000,3821.0000,3821.2000,3821.6000,3822.2000,1,2,2,3,2,1,1,1,1,3
SF,IF2003,2019-12-03 09:33:21.500,3820.6000,15638,0,306056880.000,0,-,-,-,-,3820.2000,3820.0000,3819.6000,3819.4000,3819.2000,3820.8000,3821.0000,3821.2000,3821.6000,3822.2000,1,2,2,3,1,1,1,1,1,3
SF,IF2003,2019-12-03 09:33:22.000,3820.2000,15637,-1,307202940.000,1,0,1,双平,S,3820.0000,3819.6000,3819.4000,3819.2000,3819.0000,3820.4000,3820.8000,3821.0000,3821.2000,3821.6000,1,2,2,1,2,1,1,1,1,1
SF,IF2003,2019-12-03 09:33:22.500,3820.2000,15637,0,307202940.000,0,-,-,-,-,3820.0000,3819.4000,3819.2000,3819.0000,3818.4000,3820.4000,3820.8000,3821.0000,3821.2000,3821.6000,1,2,1,2,1,1,1,1,1,1
SF,IF2003,2019-12-03 09:33:23.000,3820.0000,15637,0,308348940.000,1,0,1,多换,S,3819.4000,3819.2000,3819.0000,3818.4000,3818.2000,3820.0000,3820.4000,3820.8000,3821.0000,3821.2000,2,1,2,1,2,2,1,1,1,1
SF,IF2003,2019-12-03 09:33:23.500,3819.8000,15634,-3,311786520.000,3,0,3,双平,S,3819.2000,3819.0000,3818.4000,3818.2000,3817.8000,3820.0000,3820.2000,3820.4000,3820.8000,3821.0000,1,2,1,2,1,1,1,1,1,2
SF,IF2003,2019-12-03 09:33:24.000,3819.8000,15634,0,311786520.000,0,-,-,-,-,3819.2000,3819.0000,3818.4000,3818.2000,3817.8000,3820.0000,3820.2000,3820.4000,3820.6000,3821.0000,1,2,1,2,1,1,1,1,1,2
SF,IF2003,2019-12-03 09:33:25.000,3819.2000,15634,0,312932280.000,1,0,1,多换,S,3819.0000,3818.4000,3818.2000,3817.8000,3817.0000,3820.0000,3820.2000,3820.4000,3820.6000,3821.0000,2,1,2,1,3,1,1,1,1,2
SF,IF2003,2019-12-03 09:33:25.500,3819.0000,15632,-2,315223680.000,2,0,2,双平,S,3817.8000,3817.6000,3817.0000,3816.8000,3815.2000,3819.0000,3819.8000,3820.0000,3820.2000,3820.4000,1,1,3,1,1,1,1,1,1,1
SF,IF2003,2019-12-03 09:33:26.000,3819.0000,15632,0,315223680.000,0,-,-,-,-,3818.2000,3818.0000,3817.8000,3817.6000,3817.0000,3819.0000,3819.2000,3819.6000,3819.8000,3820.0000,1,7,2,1,3,1,1,1,2,1
SF,IF2003,2019-12-03 09:33:26.500,3819.0000,15632,0,315223680.000,0,-,-,-,-,3818.4000,3818.2000,3818.0000,3817.8000,3817.6000,3819.0000,3819.2000,3819.6000,3819.8000,3820.0000,2,1,5,2,1,1,1,1,2,1
SF,IF2003,2019-12-03 09:33:27.000,3818.4000,15632,0,317514720.000,2,1,1,多换,S,3818.2000,3818.0000,3817.8000,3817.6000,3817.0000,3819.2000,3819.6000,3819.8000,3820.0000,3820.2000,1,3,2,1,3,1,1,3,1,1
SF,IF2003,2019-12-03 09:33:27.500,3818.2000,15632,0,319805640.000,2,1,1,多换,S,3818.0000,3817.8000,3817.6000,3817.0000,3816.8000,3818.2000,3819.0000,3819.2000,3819.6000,3819.8000,3,2,1,3,1,1,1,1,1,3
SF,IF2003,2019-12-03 09:33:28.000,3818.2000,15632,0,320951100.000,1,0,1,多换,S,3818.0000,3817.8000,3817.0000,3816.8000,3815.2000,3819.2000,3819.6000,3819.8000,3820.0000,3820.2000,2,2,3,2,1,1,1,3,1,1
SF,IF2003,2019-12-03 09:33:28.500,3818.2000,15632,0,320951100.000,0,-,-,-,-,3817.8000,3817.0000,3816.8000,3815.2000,3815.0000,3819.0000,3819.2000,3819.6000,3819.8000,3820.0000,2,3,2,1,9,3,1,1,3,1
SF,IF2003,2019-12-03 09:33:29.000,3818.2000,15632,0,320951100.000,0,-,-,-,-,3818.0000,3817.8000,3817.0000,3816.8000,3815.2000,3818.8000,3819.0000,3819.2000,3819.6000,3819.8000,1,1,3,2,1,2,3,1,1,3
SF,IF2003,2019-12-03 09:33:29.500,3818.0000,15632,0,322096500.000,1,0,1,多换,S,3817.8000,3817.0000,3816.8000,3815.2000,3815.0000,3818.6000,3818.8000,3819.2000,3819.6000,3819.8000,1,3,2,1,9,3,2,1,1,3
SF,IF2003,2019-12-03 09:33:30.000,3818.0000,15632,0,322096500.000,0,-,-,-,-,3817.8000,3817.0000,3816.8000,3815.2000,3815.0000,3818.6000,3819.2000,3819.6000,3819.8000,3820.0000,1,1,2,1,9,3,1,1,3,1
SF,IF2003,2019-12-03 09:33:30.500,3818.0000,15632,0,322096500.000,0,-,-,-,-,3818.0000,3817.8000,3817.0000,3816.8000,3815.2000,3818.6000,3819.2000,3819.6000,3819.8000,3820.0000,1,1,1,2,1,2,1,1,3,1
SF,IF2003,2019-12-03 09:33:31.000,3818.0000,15632,0,322096500.000,0,-,-,-,-,3817.8000,3817.0000,3816.8000,3815.2000,3815.0000,3818.4000,3818.6000,3819.2000,3819.6000,3819.8000,1,1,2,1,9,1,2,1,1,3
SF,IF2003,2019-12-03 09:33:31.500,3818.0000,15632,0,322096500.000,0,-,-,-,-,3817.8000,3817.0000,3816.8000,3815.2000,3815.0000,3818.4000,3818.6000,3819.2000,3819.6000,3819.8000,1,1,2,1,9,1,2,1,1,3
SF,IF2003,2019-12-03 09:33:32.000,3817.8000,15631,-1,323241840.000,1,0,1,双平,S,3817.0000,3816.8000,3815.2000,3815.0000,3814.4000,3818.2000,3818.4000,3818.8000,3819.2000,3819.6000,1,2,1,9,1,2,1,1,1,1
SF,IF2003,2019-12-03 09:33:32.500,3818.8000,15632,1,324387480.000,1,1,0,双开,S,3817.2000,3817.0000,3816.8000,3815.2000,3815.0000,3819.2000,3819.6000,3819.8000,3820.0000,3820.2000,3,2,2,1,9,1,1,3,1,1
SF,IF2003,2019-12-03 09:33:33.000,3818.8000,15632,0,324387480.000,0,-,-,-,-,3817.4000,3817.2000,3817.0000,3816.8000,3815.2000,3818.8000,3819.0000,3819.2000,3819.8000,3820.4000,1,3,2,2,1,3,9,2,3,1
SF,IF2003,2019-12-03 09:33:33.500,3818.8000,15632,0,324387480.000,0,-,-,-,-,3818.2000,3817.6000,3817.2000,3817.0000,3816.8000,3818.6000,3818.8000,3819.0000,3819.2000,3819.4000,1,1,3,2,2,4,3,14,3,1
SF,IF2003,2019-12-03 09:33:34.000,3818.2000,15631,-1,325532940.000,1,0,1,双平,S,3817.0000,3816.8000,3815.2000,3815.0000,3814.4000,3817.6000,3818.2000,3818.4000,3818.6000,3818.8000,1,2,1,9,1,1,3,4,8,3
SF,IF2003,2019-12-03 09:33:34.500,3818.2000,15631,0,325532940.000,0,-,-,-,-,3817.2000,3817.0000,3816.8000,3815.2000,3815.0000,3817.6000,3818.2000,3818.4000,3818.6000,3818.8000,1,1,2,1,9,1,2,2,5,3
SF,IF2003,2019-12-03 09:33:35.000,3818.2000,15631,0,325532940.000,0,-,-,-,-,3817.0000,3816.8000,3815.2000,3815.0000,3814.4000,3817.6000,3818.2000,3818.4000,3818.6000,3818.8000,1,2,1,9,1,1,2,2,4,4
SF,IF2003,2019-12-03 09:33:35.500,3818.2000,15631,0,325532940.000,0,-,-,-,-,3817.0000,3816.8000,3815.2000,3815.0000,3814.4000,3817.2000,3817.6000,3818.2000,3818.4000,3818.6000,1,2,1,9,1,1,1,2,2,4
SF,IF2003,2019-12-03 09:33:36.000,3818.2000,15631,0,325532940.000,0,-,-,-,-,3817.0000,3816.8000,3815.2000,3815.0000,3814.4000,3817.2000,3817.6000,3818.2000,3818.4000,3818.6000,1,2,1,9,1,1,1,2,2,4
SF,IF2003,2019-12-03 09:33:37.000,3817.2000,15630,-1,326678100.000,1,0,1,双平,S,3817.0000,3816.8000,3815.2000,3815.0000,3814.4000,3817.6000,3818.2000,3818.4000,3818.6000,3818.8000,1,2,1,9,1,1,2,2,4,4
SF,IF2003,2019-12-03 09:33:37.500,3817.2000,15630,0,326678100.000,0,-,-,-,-,3817.0000,3816.8000,3816.0000,3815.2000,3815.0000,3817.4000,3817.6000,3818.2000,3818.4000,3818.6000,1,1,1,1,9,1,1,2,2,4
SF,IF2003,2019-12-03 09:33:38.000,3817.2000,15630,0,326678100.000,0,-,-,-,-,3817.0000,3816.8000,3816.0000,3815.2000,3815.0000,3817.6000,3818.2000,3818.4000,3818.6000,3818.8000,1,1,1,1,9,1,2,2,4,4
SF,IF2003,2019-12-03 09:33:38.500,3817.0000,15629,-1,327823200.000,1,0,1,双平,S,3816.8000,3816.0000,3815.2000,3815.0000,3814.4000,3817.0000,3817.4000,3818.2000,3818.4000,3818.6000,1,1,1,9,1,1,3,2,2,4
SF,IF2003,2019-12-03 09:33:39.000,3816.0000,15627,-2,330113040.000,2,0,2,双平,S,3815.2000,3815.0000,3814.4000,3813.8000,3813.4000,3817.0000,3817.4000,3818.2000,3818.4000,3818.6000,1,9,1,1,1,1,3,2,2,4
SF,IF2003,2019-12-03 09:33:39.500,3817.0000,15627,0,331258140.000,1,0,1,多换,S,3815.8000,3815.4000,3815.2000,3815.0000,3814.4000,3817.4000,3818.2000,3818.4000,3818.6000,3818.8000,5,8,1,9,1,1,1,2,4,4
SF,IF2003,2019-12-03 09:33:40.000,3817.0000,15627,0,331258140.000,0,-,-,-,-,3816.0000,3815.4000,3815.2000,3815.0000,3814.4000,3817.4000,3818.2000,3818.4000,3818.6000,3818.8000,6,6,2,9,1,1,1,2,4,4
SF,IF2003,2019-12-03 09:33:40.500,3816.2000,15626,-1,332403000.000,1,0,1,双平,S,3816.0000,3815.4000,3815.2000,3815.0000,3814.4000,3817.4000,3818.2000,3818.4000,3818.6000,3818.8000,6,6,2,9,1,1,1,2,4,4
SF,IF2003,2019-12-03 09:33:41.000,3816.2000,15626,0,332403000.000,0,-,-,-,-,3816.6000,3816.2000,3816.0000,3815.4000,3815.2000,3817.4000,3818.2000,3818.4000,3818.6000,3818.8000,1,1,6,6,2,1,1,2,4,4
SF,IF2003,2019-12-03 09:33:41.500,3816.2000,15626,0,332403000.000,0,-,-,-,-,3816.6000,3816.2000,3816.0000,3815.4000,3815.2000,3818.2000,3818.4000,3818.6000,3818.8000,3819.0000,1,1,3,5,2,1,2,4,4,9
SF,IF2003,2019-12-03 09:33:42.000,3816.2000,15626,0,332403000.000,0,-,-,-,-,3816.8000,3816.6000,3816.2000,3816.0000,3815.4000,3817.2000,3817.8000,3818.0000,3818.2000,3818.4000,1,2,1,2,5,1,1,3,1,1
SF,IF2003,2019-12-03 09:33:42.500,3817.2000,15626,0,333548160.000,1,0,1,多换,S,3817.2000,3816.8000,3816.6000,3816.2000,3816.0000,3818.0000,3818.2000,3818.4000,3818.6000,3818.8000,3,5,2,2,2,1,1,1,3,4
SF,IF2003,2019-12-03 09:33:43.000,3817.2000,15626,0,333548160.000,0,-,-,-,-,3817.2000,3816.8000,3816.6000,3816.2000,3816.0000,3818.2000,3818.4000,3818.6000,3818.8000,3819.0000,2,5,2,1,2,1,1,3,4,8
SF,IF2003,2019-12-03 09:33:43.500,3817.2000,15626,0,333548160.000,0,-,-,-,-,3817.2000,3816.8000,3816.6000,3816.2000,3816.0000,3818.0000,3818.2000,3818.4000,3818.6000,3818.8000,2,3,2,1,2,2,1,1,3,4
SF,IF2003,2019-12-03 09:33:44.000,3817.2000,15626,0,333548160.000,0,-,-,-,-,3816.8000,3816.6000,3816.0000,3815.4000,3815.2000,3817.8000,3818.0000,3818.2000,3818.4000,3818.6000,1,1,2,3,2,2,6,1,2,3
SF,IF2003,2019-12-03 09:33:44.500,3817.2000,15626,0,333548160.000,0,-,-,-,-,3816.6000,3816.0000,3815.4000,3815.2000,3815.0000,3817.6000,3817.8000,3818.0000,3818.2000,3818.4000,1,2,3,2,9,1,2,6,1,1
SF,IF2003,2019-12-03 09:33:45.000,3817.2000,15626,0,333548160.000,0,-,-,-,-,3817.0000,3816.6000,3816.0000,3815.4000,3815.2000,3817.8000,3818.0000,3818.2000,3818.4000,3818.6000,1,1,2,3,2,1,6,1,1,3
SF,IF2003,2019-12-03 09:33:45.500,3817.2000,15626,0,333548160.000,0,-,-,-,-,3817.2000,3816.6000,3816.0000,3815.4000,3815.2000,3817.4000,3817.6000,3817.8000,3818.0000,3818.2000,1,1,2,3,2,1,1,3,4,1
SF,IF2003,2019-12-03 09:33:46.000,3817.2000,15626,0,334693320.000,1,0,1,多换,S,3816.6000,3816.0000,3815.4000,3815.2000,3815.0000,3817.8000,3818.0000,3818.2000,3818.6000,3818.8000,1,2,3,2,9,3,5,1,3,4
SF,IF2003,2019-12-03 09:33:46.500,3817.2000,15626,0,334693320.000,0,-,-,-,-,3816.6000,3816.0000,3815.4000,3815.2000,3815.0000,3817.6000,3817.8000,3818.0000,3818.2000,3818.6000,1,2,3,2,9,3,3,5,1,3
SF,IF2003,2019-12-03 09:33:47.000,3817.2000,15626,0,334693320.000,0,-,-,-,-,3816.8000,3816.6000,3816.0000,3815.4000,3815.2000,3817.0000,3817.6000,3817.8000,3818.0000,3818.2000,1,1,2,3,2,1,2,3,5,1
SF,IF2003,2019-12-03 09:33:47.500,3817.0000,15626,0,335838420.000,1,0,1,多换,S,3817.0000,3816.6000,3816.0000,3815.4000,3815.2000,3817.4000,3817.8000,3818.0000,3818.2000,3818.6000,3,1,2,3,2,1,3,4,1,3
SF,IF2003,2019-12-03 09:33:48.000,3817.4000,15625,-1,336983640.000,1,0,1,双平,S,3817.0000,3816.6000,3816.0000,3815.4000,3815.2000,3817.8000,3818.0000,3818.2000,3818.6000,3818.8000,3,1,2,3,2,2,4,1,3,2
SF,IF2003,2019-12-03 09:33:48.500,3817.4000,15625,0,336983640.000,0,-,-,-,-,3816.6000,3816.0000,3815.4000,3815.2000,3815.0000,3817.8000,3818.0000,3818.6000,3818.8000,3819.0000,1,2,3,2,9,2,2,3,2,6
SF,IF2003,2019-12-03 09:33:49.000,3817.8000,15626,1,338128980.000,1,1,0,双开,S,3817.2000,3816.8000,3816.6000,3816.0000,3815.4000,3818.6000,3818.8000,3819.0000,3819.2000,3819.4000,1,6,1,3,3,2,2,6,2,1
SF,IF2003,2019-12-03 09:33:49.500,3817.8000,15626,0,338128980.000,0,-,-,-,-,3817.8000,3817.4000,3817.2000,3816.8000,3816.6000,3818.8000,3819.2000,3819.8000,3820.4000,3820.6000,2,2,1,10,1,2,1,1,1,1
SF,IF2003,2019-12-03 09:33:50.000,3817.8000,15626,0,338128980.000,0,-,-,-,-,3818.0000,3817.8000,3817.4000,3817.2000,3816.8000,3818.8000,3819.2000,3819.8000,3820.4000,3820.6000,1,2,3,1,8,2,1,1,1,1
SF,IF2003,2019-12-03 09:33:50.500,3817.8000,15625,-1,339274320.000,1,0,1,双平,S,3818.0000,3817.8000,3817.4000,3817.2000,3816.8000,3818.8000,3819.2000,3819.8000,3820.4000,3820.6000,1,2,3,1,4,1,1,1,1,1
SF,IF2003,2019-12-03 09:33:51.000,3817.8000,15625,0,339274320.000,0,-,-,-,-,3818.0000,3817.8000,3817.6000,3817.4000,3817.2000,3818.8000,3819.2000,3819.8000,3820.4000,3820.6000,1,2,1,3,1,1,1,1,1,1
SF,IF2003,2019-12-03 09:33:51.500,3817.8000,15625,0,339274320.000,0,-,-,-,-,3817.6000,3817.4000,3817.2000,3816.8000,3816.6000,3818.6000,3818.8000,3819.2000,3819.8000,3820.4000,1,3,1,4,1,1,1,1,1,1
SF,IF2003,2019-12-03 09:33:52.000,3817.8000,15625,0,339274320.000,0,-,-,-,-,3817.6000,3817.4000,3817.2000,3816.8000,3816.6000,3818.6000,3818.8000,3819.2000,3819.8000,3820.4000,1,2,1,4,1,1,1,1,1,1
SF,IF2003,2019-12-03 09:33:52.500,3817.8000,15625,0,339274320.000,0,-,-,-,-,3817.6000,3817.2000,3816.8000,3816.6000,3816.0000,3818.6000,3818.8000,3819.0000,3819.2000,3819.8000,1,1,2,1,1,2,1,1,1,1
SF,IF2003,2019-12-03 09:33:53.000,3817.8000,15625,0,339274320.000,0,-,-,-,-,3817.8000,3817.6000,3817.2000,3816.8000,3816.6000,3818.6000,3818.8000,3819.0000,3819.2000,3819.8000,1,1,1,2,1,1,1,1,1,1
SF,IF2003,2019-12-03 09:33:54.000,3817.6000,15626,1,340419600.000,1,1,0,双开,S,3817.2000,3816.8000,3816.6000,3816.0000,3815.4000,3818.8000,3819.0000,3819.2000,3819.8000,3820.4000,1,2,1,1,3,1,1,1,1,1
SF,IF2003,2019-12-03 09:33:54.500,3817.6000,15626,0,340419600.000,0,-,-,-,-,3817.2000,3816.8000,3816.6000,3816.0000,3815.4000,3818.4000,3818.6000,3818.8000,3819.0000,3819.2000,2,2,1,1,3,1,1,1,1,1
SF,IF2003,2019-12-03 09:33:55.000,3817.6000,15626,0,340419600.000,0,-,-,-,-,3817.2000,3816.8000,3816.6000,3816.0000,3815.4000,3818.4000,3818.6000,3818.8000,3819.0000,3819.2000,2,2,1,1,3,1,2,1,1,1
SF,IF2003,2019-12-03 09:33:55.500,3817.6000,15626,0,340419600.000,0,-,-,-,-,3817.2000,3817.0000,3816.8000,3816.6000,3816.0000,3818.2000,3818.4000,3818.8000,3819.0000,3819.2000,1,1,2,1,1,2,1,1,1,1
SF,IF2003,2019-12-03 09:33:56.000,3817.6000,15626,0,340419600.000,0,-,-,-,-,3817.0000,3816.8000,3816.6000,3816.0000,3815.4000,3818.2000,3818.4000,3818.8000,3819.0000,3819.2000,1,2,1,1,3,2,1,1,1,1
SF,IF2003,2019-12-03 09:33:56.500,3817.6000,15626,0,340419600.000,0,-,-,-,-,3817.0000,3816.8000,3816.6000,3816.0000,3815.4000,3818.0000,3818.4000,3818.8000,3819.0000,3819.2000,1,2,1,1,3,2,1,1,1,1
SF,IF2003,2019-12-03 09:33:57.500,3817.6000,15626,0,340419600.000,0,-,-,-,-,3817.2000,3817.0000,3816.8000,3816.6000,3816.0000,3818.4000,3818.8000,3819.0000,3819.2000,3819.8000,1,1,2,1,1,1,1,1,1,1
SF,IF2003,2019-12-03 09:33:58.500,3817.6000,15626,0,340419600.000,0,-,-,-,-,3817.4000,3817.2000,3817.0000,3816.8000,3816.6000,3818.2000,3818.4000,3818.8000,3819.0000,3819.2000,2,1,1,2,1,1,1,1,1,1
SF,IF2003,2019-12-03 09:33:59.000,3817.6000,15626,0,340419600.000,0,-,-,-,-,3817.2000,3817.0000,3816.8000,3816.6000,3816.0000,3818.2000,3818.4000,3818.8000,3819.0000,3819.2000,1,1,2,1,1,3,1,1,1,1
SF,IF2003,2019-12-03 09:34:00.500,3817.6000,15626,0,340419600.000,0,-,-,-,-,3817.0000,3816.8000,3816.6000,3816.0000,3815.4000,3818.2000,3818.4000,3818.8000,3819.0000,3819.2000,1,2,1,1,3,3,1,1,1,1
SF,IF2003,2019-12-03 09:34:01.000,3817.6000,15626,0,340419600.000,0,-,-,-,-,3817.0000,3816.8000,3816.6000,3816.0000,3815.4000,3818.2000,3818.4000,3818.8000,3819.0000,3819.2000,1,2,1,1,3,3,1,1,1,1
SF,IF2003,2019-12-03 09:34:01.500,3817.0000,15626,0,341564700.000,1,0,1,多换,S,3816.8000,3816.6000,3816.0000,3815.4000,3815.2000,3817.0000,3818.0000,3818.2000,3818.4000,3818.8000,2,1,1,3,2,4,2,1,1,1
SF,IF2003,2019-12-03 09:34:02.000,3817.0000,15622,-4,346145100.000,4,0,4,双平,S,3816.8000,3816.6000,3816.0000,3815.4000,3815.2000,3818.2000,3818.8000,3819.0000,3819.2000,3819.8000,3,1,1,3,2,1,1,1,1,1
SF,IF2003,2019-12-03 09:34:02.500,3817.0000,15622,0,346145100.000,0,-,-,-,-,3816.6000,3816.0000,3815.4000,3815.2000,3815.0000,3818.0000,3818.2000,3818.8000,3819.0000,3819.2000,1,1,3,2,2,3,1,1,1,1
SF,IF2003,2019-12-03 09:34:03.000,3817.0000,15622,0,346145100.000,0,-,-,-,-,3816.6000,3816.0000,3815.4000,3815.2000,3815.0000,3816.8000,3817.8000,3818.0000,3818.2000,3818.4000,1,1,3,2,2,2,2,4,2,1
SF,IF2003,2019-12-03 09:34:03.500,3816.8000,15621,-1,348435180.000,2,0,2,多平,S,3817.0000,3816.8000,3816.6000,3816.0000,3815.4000,3817.8000,3818.0000,3818.2000,3818.4000,3818.8000,3,2,2,1,3,2,1,2,1,1
SF,IF2003,2019-12-03 09:34:04.000,3816.8000,15621,0,348435180.000,0,-,-,-,-,3817.0000,3816.8000,3816.6000,3816.0000,3815.4000,3817.8000,3818.0000,3818.2000,3818.8000,3819.0000,3,2,2,1,3,2,1,2,1,1
SF,IF2003,2019-12-03 09:34:04.500,3816.8000,15621,0,348435180.000,0,-,-,-,-,3817.0000,3816.8000,3816.6000,3816.0000,3815.4000,3817.6000,3817.8000,3818.2000,3818.8000,3819.0000,3,2,1,1,3,1,3,3,1,1
SF,IF2003,2019-12-03 09:34:05.000,3817.6000,15621,0,349580460.000,1,0,1,多换,S,3817.6000,3817.0000,3816.6000,3816.0000,3815.4000,3817.8000,3818.2000,3818.8000,3819.0000,3819.2000,1,3,1,1,3,1,3,1,1,1
SF,IF2003,2019-12-03 09:34:05.500,3817.8000,15621,0,350725800.000,1,0,1,多换,S,3817.8000,3817.2000,3817.0000,3816.6000,3816.0000,3818.2000,3818.8000,3819.0000,3819.2000,3819.8000,1,1,3,1,1,3,1,1,1,1
SF,IF2003,2019-12-03 09:34:06.000,3817.8000,15621,0,350725800.000,0,-,-,-,-,3817.8000,3817.2000,3817.0000,3816.6000,3816.0000,3818.2000,3818.8000,3819.0000,3819.2000,3819.8000,2,1,3,1,1,1,1,1,1,1
SF,IF2003,2019-12-03 09:34:06.500,3817.8000,15621,0,350725800.000,0,-,-,-,-,3817.8000,3817.2000,3817.0000,3816.6000,3816.0000,3818.2000,3818.8000,3819.0000,3819.2000,3819.8000,1,1,3,1,1,1,1,1,1,1
SF,IF2003,2019-12-03 09:34:10.000,3818.2000,15621,0,351871260.000,1,0,1,多换,S,3817.8000,3817.0000,3816.8000,3816.6000,3816.0000,3818.8000,3819.0000,3819.2000,3819.8000,3820.4000,3,3,1,1,1,1,1,1,1,1
SF,IF2003,2019-12-03 09:34:11.500,3818.2000,15621,0,351871260.000,0,-,-,-,-,3817.8000,3817.0000,3816.8000,3816.6000,3816.0000,3818.8000,3819.0000,3819.2000,3819.8000,3820.4000,2,3,1,1,1,1,1,1,1,1
SF,IF2003,2019-12-03 09:34:12.000,3818.2000,15621,0,351871260.000,0,-,-,-,-,3818.0000,3817.8000,3817.0000,3816.8000,3816.6000,3818.8000,3819.0000,3819.2000,3819.8000,3820.4000,1,2,3,1,1,1,1,1,1,1
SF,IF2003,2019-12-03 09:34:13.000,3818.0000,15620,-1,353016660.000,1,0,1,双平,S,3817.8000,3817.0000,3816.8000,3816.6000,3816.0000,3818.8000,3819.0000,3819.2000,3819.8000,3820.4000,2,3,1,1,1,1,1,1,1,1
SF,IF2003,2019-12-03 09:34:13.500,3818.0000,15620,0,353016660.000,0,-,-,-,-,3818.0000,3817.8000,3817.0000,3816.8000,3816.6000,3818.6000,3818.8000,3819.0000,3819.2000,3819.8000,1,2,3,1,1,1,1,1,1,1
SF,IF2003,2019-12-03 09:34:14.000,3818.6000,15619,-1,354162240.000,1,0,1,双平,S,3818.6000,3818.2000,3818.0000,3817.0000,3816.8000,3818.8000,3819.2000,3819.8000,3820.4000,3820.6000,1,2,1,3,1,1,1,1,1,1
SF,IF2003,2019-12-03 09:34:14.500,3818.6000,15619,0,355307820.000,1,0,1,多换,S,3818.2000,3817.0000,3816.8000,3816.6000,3816.0000,3818.8000,3819.2000,3819.8000,3820.4000,3820.6000,2,3,1,1,1,1,1,1,1,1
SF,IF2003,2019-12-03 09:34:15.000,3818.6000,15619,0,355307820.000,0,-,-,-,-,3818.2000,3817.0000,3816.8000,3816.6000,3816.0000,3819.2000,3819.8000,3820.4000,3820.6000,3821.0000,2,3,1,1,1,1,1,1,1,1
SF,IF2003,2019-12-03 09:34:15.500,3818.6000,15619,0,355307820.000,0,-,-,-,-,3818.4000,3818.2000,3817.0000,3816.8000,3816.6000,3819.2000,3819.8000,3820.4000,3820.6000,3821.0000,1,2,3,1,1,1,1,1,1,1
SF,IF2003,2019-12-03 09:34:16.500,3818.6000,15619,0,355307820.000,0,-,-,-,-,3817.0000,3816.8000,3816.6000,3816.0000,3815.4000,3819.0000,3819.2000,3819.8000,3820.4000,3820.6000,3,1,1,1,3,1,1,1,1,1
SF,IF2003,2019-12-03 09:34:17.000,3818.6000,15619,0,355307820.000,0,-,-,-,-,3817.2000,3817.0000,3816.8000,3816.6000,3816.0000,3818.4000,3818.8000,3819.0000,3819.2000,3819.8000,15,4,1,1,1,1,1,1,1,1
SF,IF2003,2019-12-03 09:34:17.500,3818.6000,15619,0,355307820.000,0,-,-,-,-,3817.4000,3817.2000,3817.0000,3816.8000,3816.6000,3818.4000,3818.8000,3819.0000,3819.2000,3819.8000,2,13,4,1,1,1,1,1,1,1
SF,IF2003,2019-12-03 09:34:18.000,3818.6000,15619,0,355307820.000,0,-,-,-,-,3817.2000,3817.0000,3816.8000,3816.6000,3816.0000,3818.2000,3818.4000,3819.0000,3819.2000,3819.8000,6,4,1,1,1,3,1,1,1,1
SF,IF2003,2019-12-03 09:34:18.500,3818.6000,15619,0,355307820.000,0,-,-,-,-,3817.6000,3817.2000,3817.0000,3816.8000,3816.6000,3818.2000,3818.4000,3819.0000,3819.2000,3819.8000,1,6,4,1,1,2,1,1,1,1
SF,IF2003,2019-12-03 09:34:19.000,3818.6000,15619,0,355307820.000,0,-,-,-,-,3817.2000,3817.0000,3816.8000,3816.6000,3816.0000,3818.2000,3818.4000,3819.0000,3819.2000,3819.8000,6,4,1,1,5,2,1,1,1,1
SF,IF2003,2019-12-03 09:34:19.500,3818.6000,15619,0,355307820.000,0,-,-,-,-,3817.2000,3817.0000,3816.8000,3816.6000,3816.0000,3818.2000,3818.4000,3818.8000,3819.0000,3819.2000,6,4,1,1,5,2,1,1,1,1
SF,IF2003,2019-12-03 09:34:20.000,3818.6000,15619,0,355307820.000,0,-,-,-,-,3817.2000,3817.0000,3816.8000,3816.6000,3816.0000,3818.0000,3818.2000,3818.4000,3818.8000,3819.0000,6,4,1,1,5,1,2,1,1,1
SF,IF2003,2019-12-03 09:34:20.500,3818.6000,15619,0,355307820.000,0,-,-,-,-,3817.2000,3817.0000,3816.8000,3816.6000,3816.0000,3817.8000,3818.4000,3818.8000,3819.0000,3819.2000,6,4,1,1,5,1,1,1,1,1
SF,IF2003,2019-12-03 09:34:21.000,3818.0000,15618,-1,356453220.000,1,0,1,双平,S,3817.8000,3817.2000,3817.0000,3816.8000,3816.6000,3818.4000,3818.8000,3819.0000,3819.8000,3820.0000,4,6,4,1,1,1,1,1,1,1
SF,IF2003,2019-12-03 09:34:21.500,3817.8000,15617,-1,357598560.000,1,0,1,双平,S,3817.8000,3817.2000,3817.0000,3816.8000,3816.6000,3818.4000,3818.8000,3819.0000,3819.8000,3820.0000,1,6,4,1,1,1,1,1,1,1
SF,IF2003,2019-12-03 09:34:22.000,3817.8000,15617,0,358743900.000,1,0,1,多换,S,3817.2000,3817.0000,3816.8000,3816.6000,3816.0000,3818.4000,3818.8000,3819.0000,3819.8000,3820.0000,6,4,1,1,5,1,1,1,1,1
SF,IF2003,2019-12-03 09:34:22.500,3817.8000,15617,0,358743900.000,0,-,-,-,-,3817.4000,3817.2000,3817.0000,3816.8000,3816.6000,3818.4000,3818.8000,3819.0000,3819.8000,3820.0000,2,6,4,1,1,1,1,1,1,1
SF,IF2003,2019-12-03 09:34:23.000,3817.8000,15617,0,358743900.000,0,-,-,-,-,3817.6000,3817.4000,3817.2000,3817.0000,3816.8000,3818.4000,3818.8000,3819.0000,3819.8000,3820.0000,1,2,6,4,1,1,1,1,1,1
SF,IF2003,2019-12-03 09:34:24.000,3817.8000,15617,0,358743900.000,0,-,-,-,-,3817.6000,3817.2000,3817.0000,3816.8000,3816.6000,3818.4000,3818.8000,3819.0000,3819.8000,3820.0000,1,6,4,1,1,1,1,1,1,1
SF,IF2003,2019-12-03 09:34:24.500,3817.8000,15617,0,358743900.000,0,-,-,-,-,3817.8000,3817.6000,3817.2000,3817.0000,3816.8000,3818.4000,3818.8000,3819.8000,3820.0000,3820.4000,2,1,4,4,1,1,1,1,1,1
SF,IF2003,2019-12-03 09:34:25.000,3818.4000,15617,0,359889420.000,1,0,1,多换,S,3817.8000,3817.6000,3817.2000,3817.0000,3816.8000,3819.8000,3820.0000,3820.4000,3820.6000,3821.0000,2,1,4,4,1,1,1,1,1,1
SF,IF2003,2019-12-03 09:34:25.500,3818.4000,15616,-1,361034940.000,1,0,1,双平,S,3818.0000,3817.8000,3817.6000,3817.2000,3817.0000,3819.4000,3819.6000,3819.8000,3820.0000,3820.4000,5,2,1,3,4,3,2,2,1,1
SF,IF2003,2019-12-03 09:34:26.000,3818.4000,15616,0,361034940.000,0,-,-,-,-,3818.0000,3817.6000,3817.2000,3817.0000,3816.8000,3819.0000,3819.2000,3819.4000,3819.6000,3819.8000,2,2,3,4,1,2,6,3,15,2
SF,IF2003,2019-12-03 09:34:26.500,3818.4000,15616,0,361034940.000,0,-,-,-,-,3818.0000,3817.6000,3817.2000,3817.0000,3816.8000,3819.0000,3819.2000,3819.4000,3819.6000,3819.8000,2,2,3,4,1,1,1,3,4,2
SF,IF2003,2019-12-03 09:34:27.500,3818.4000,15616,0,361034940.000,0,-,-,-,-,3818.0000,3817.6000,3817.2000,3817.0000,3816.8000,3818.8000,3819.0000,3819.2000,3819.4000,3819.6000,2,2,3,4,1,1,1,1,3,4
SF,IF2003,2019-12-03 09:34:28.500,3818.4000,15616,0,361034940.000,0,-,-,-,-,3817.6000,3817.2000,3817.0000,3816.8000,3816.6000,3818.8000,3819.0000,3819.2000,3819.4000,3819.6000,2,3,4,1,1,1,1,1,3,4
SF,IF2003,2019-12-03 09:34:29.000,3818.4000,15616,0,361034940.000,0,-,-,-,-,3817.6000,3817.2000,3817.0000,3816.8000,3816.6000,3818.6000,3818.8000,3819.0000,3819.2000,3819.4000,2,3,4,1,1,3,1,2,1,3
SF,IF2003,2019-12-03 09:34:29.500,3818.4000,15616,0,361034940.000,0,-,-,-,-,3817.6000,3817.2000,3817.0000,3816.8000,3816.6000,3818.6000,3818.8000,3819.0000,3819.2000,3819.4000,2,3,4,1,1,2,1,2,1,3
SF,IF2003,2019-12-03 09:34:31.000,3817.6000,15615,-1,362180220.000,1,0,1,双平,S,3817.6000,3817.2000,3817.0000,3816.8000,3816.6000,3818.4000,3818.6000,3818.8000,3819.0000,3819.2000,1,3,4,1,1,1,2,1,2,1
SF,IF2003,2019-12-03 09:34:31.500,3817.6000,15615,0,362180220.000,0,-,-,-,-,3817.6000,3817.2000,3817.0000,3816.8000,3816.6000,3818.4000,3818.8000,3819.0000,3819.2000,3819.4000,1,3,4,1,1,1,1,2,1,3
SF,IF2003,2019-12-03 09:34:32.000,3817.6000,15615,0,362180220.000,0,-,-,-,-,3817.6000,3817.2000,3817.0000,3816.8000,3816.6000,3818.8000,3819.0000,3819.2000,3819.4000,3819.6000,1,3,4,1,1,1,2,1,3,3
SF,IF2003,2019-12-03 09:34:32.500,3817.6000,15615,0,363325500.000,1,0,1,多换,S,3817.6000,3817.2000,3817.0000,3816.8000,3816.6000,3818.6000,3818.8000,3819.0000,3819.4000,3819.6000,1,3,4,1,1,5,2,3,3,3
SF,IF2003,2019-12-03 09:34:33.000,3817.6000,15616,1,364470780.000,1,1,0,双开,S,3817.2000,3817.0000,3816.6000,3816.0000,3815.4000,3818.6000,3818.8000,3819.0000,3819.4000,3819.6000,1,4,1,5,2,7,2,2,3,3
SF,IF2003,2019-12-03 09:34:33.500,3818.4000,15614,-2,366761820.000,2,0,2,双平,S,3817.2000,3817.0000,3816.6000,3816.0000,3815.4000,3818.4000,3818.6000,3818.8000,3819.0000,3819.4000,1,4,1,5,2,2,7,2,2,3
SF,IF2003,2019-12-03 09:34:34.000,3818.4000,15614,0,366761820.000,0,-,-,-,-,3817.0000,3816.6000,3816.0000,3815.4000,3815.2000,3818.2000,3818.4000,3818.6000,3818.8000,3819.0000,3,1,5,2,2,2,3,4,2,2
SF,IF2003,2019-12-03 09:34:34.500,3818.4000,15614,0,366761820.000,0,-,-,-,-,3817.0000,3816.6000,3816.0000,3815.4000,3815.2000,3818.0000,3818.2000,3818.4000,3818.6000,3818.8000,3,1,5,2,2,1,2,2,4,2
SF,IF2003,2019-12-03 09:34:35.000,3818.4000,15614,0,366761820.000,0,-,-,-,-,3817.2000,3817.0000,3816.6000,3816.0000,3815.4000,3818.0000,3818.4000,3818.6000,3818.8000,3819.0000,2,3,1,5,2,1,2,4,2,1
SF,IF2003,2019-12-03 09:34:35.500,3818.4000,15614,0,366761820.000,0,-,-,-,-,3817.2000,3817.0000,3816.6000,3816.0000,3815.4000,3818.4000,3818.6000,3818.8000,3819.0000,3819.4000,1,3,1,5,2,2,4,2,1,3
SF,IF2003,2019-12-03 09:34:36.000,3818.4000,15614,0,366761820.000,0,-,-,-,-,3817.0000,3816.6000,3816.0000,3815.4000,3815.2000,3817.8000,3818.2000,3818.4000,3818.6000,3818.8000,3,1,5,2,2,1,3,2,3,2
SF,IF2003,2019-12-03 09:34:36.500,3817.0000,15615,1,367906920.000,1,1,0,双开,S,3817.0000,3816.6000,3816.0000,3815.4000,3815.2000,3817.8000,3818.2000,3818.4000,3818.6000,3818.8000,2,1,5,2,2,1,1,2,3,1
SF,IF2003,2019-12-03 09:34:37.500,3817.0000,15615,0,367906920.000,0,-,-,-,-,3817.2000,3817.0000,3816.6000,3816.0000,3815.4000,3818.2000,3818.4000,3818.6000,3818.8000,3819.0000,1,2,1,5,2,1,2,3,1,1
SF,IF2003,2019-12-03 09:34:38.000,3817.0000,15615,0,367906920.000,0,-,-,-,-,3817.8000,3817.0000,3816.6000,3816.0000,3815.4000,3818.0000,3818.2000,3818.4000,3818.6000,3818.8000,1,2,1,5,2,1,1,2,3,1
SF,IF2003,2019-12-03 09:34:38.500,3817.8000,15615,0,369052260.000,1,0,1,多换,S,3817.0000,3816.6000,3816.0000,3815.4000,3815.2000,3817.8000,3818.0000,3818.2000,3818.4000,3818.6000,3,1,5,2,2,1,1,1,2,3
SF,IF2003,2019-12-03 09:34:39.000,3817.8000,15615,0,369052260.000,0,-,-,-,-,3817.0000,3816.6000,3816.0000,3815.4000,3815.2000,3818.2000,3818.4000,3818.6000,3818.8000,3819.0000,5,1,5,2,2,1,1,3,1,1
SF,IF2003,2019-12-03 09:34:39.500,3817.8000,15615,0,369052260.000,0,-,-,-,-,3817.0000,3816.6000,3816.0000,3815.4000,3815.2000,3818.0000,3818.2000,3818.4000,3818.6000,3818.8000,3,1,5,2,2,3,1,1,2,1
SF,IF2003,2019-12-03 09:34:40.000,3817.8000,15615,0,369052260.000,0,-,-,-,-,3817.2000,3817.0000,3816.6000,3816.0000,3815.4000,3818.0000,3818.2000,3818.4000,3818.6000,3818.8000,1,3,1,5,2,2,1,1,2,1
SF,IF2003,2019-12-03 09:34:40.500,3817.8000,15615,0,369052260.000,0,-,-,-,-,3817.2000,3817.0000,3816.6000,3816.0000,3815.4000,3818.0000,3818.2000,3818.4000,3818.6000,3818.8000,2,3,1,5,2,2,1,1,2,1
SF,IF2003,2019-12-03 09:34:41.500,3817.8000,15615,0,369052260.000,0,-,-,-,-,3817.2000,3817.0000,3816.6000,3816.0000,3815.4000,3817.8000,3818.0000,3818.2000,3818.4000,3818.6000,1,3,1,5,2,2,2,2,1,2
SF,IF2003,2019-12-03 09:34:42.000,3817.8000,15615,0,369052260.000,0,-,-,-,-,3817.4000,3817.2000,3817.0000,3816.6000,3816.0000,3818.2000,3818.4000,3818.8000,3819.0000,3819.4000,2,1,3,1,5,1,1,1,1,1
SF,IF2003,2019-12-03 09:34:42.500,3817.8000,15615,0,369052260.000,0,-,-,-,-,3817.0000,3816.6000,3816.0000,3815.4000,3815.2000,3818.2000,3818.4000,3818.8000,3819.0000,3819.4000,3,1,5,2,2,1,1,1,1,1
