市场代码,合约代码,时间,最新,持仓,增仓,成交额,成交量,开仓,平仓,成交类型,方向,买一价,买二价,买三价,买四价,买五价,卖一价,卖二价,卖三价,卖四价,卖五价,买一量,买二量,买三量,买四量,买五量,卖一量,卖二量,卖三量,卖四量,卖五量
SF,IF2010,2020-09-11 09:29:00.000,4541.0000,15487,0,9536100.000,7.000,-,-,-,-,4540.0000,4536.0000,4534.0000,4533.0000,4532.4000,4541.0000,4542.4000,4545.2000,4545.8000,4548.0000,1,1,1,5,1,3,4,1,1,3
SF,IF2010,2020-09-11 09:30:00.500,4548.0000,15497,10,27252660.000,13,11,2,空开,S,4541.2000,4541.0000,4540.4000,4540.0000,4537.0000,4548.0000,4549.0000,4550.0000,4550.4000,4551.8000,6,8,3,1,1,2,1,1,3,2
SF,IF2010,2020-09-11 09:30:01.000,4543.2000,15496,-1,29978700.000,2,0,2,多平,S,4543.2000,4543.0000,4541.6000,4541.4000,4541.2000,4546.8000,4547.6000,4549.0000,4550.0000,4551.8000,4,2,4,2,9,1,1,1,1,2
SF,IF2010,2020-09-11 09:30:01.500,4546.6000,15496,0,31342680.000,1,0,1,多换,S,4545.2000,4545.0000,4544.6000,4544.0000,4543.8000,4546.6000,4549.0000,4550.0000,4551.8000,4560.0000,3,3,1,1,1,1,1,1,2,1
SF,IF2010,2020-09-11 09:30:02.000,4545.2000,15495,-1,36797700.000,4,1,3,多平,S,4545.0000,4544.0000,4543.8000,4543.4000,4543.2000,4549.0000,4550.0000,4551.8000,4560.0000,4563.0000,2,1,1,2,2,1,1,2,1,1
SF,IF2010,2020-09-11 09:30:02.500,4545.2000,15495,0,38161260.000,1,0,1,多换,S,4546.6000,4545.6000,4545.2000,4545.0000,4544.0000,4548.6000,4548.8000,4549.0000,4550.0000,4551.8000,1,1,3,3,1,2,2,1,1,2
SF,IF2010,2020-09-11 09:30:03.000,4545.2000,15495,0,38161260.000,0,-,-,-,-,4546.8000,4546.6000,4545.6000,4545.4000,4545.2000,4548.4000,4548.8000,4549.0000,4550.0000,4551.8000,2,2,1,3,1,1,1,1,1,2
SF,IF2010,2020-09-11 09:30:03.500,4548.4000,15495,0,39525780.000,1,0,1,多换,S,4547.0000,4546.8000,4546.6000,4545.8000,4545.6000,4548.2000,4548.8000,4549.0000,4550.0000,4555.0000,1,2,2,1,1,1,1,1,1,5
SF,IF2010,2020-09-11 09:30:04.000,4547.0000,15494,-1,44983740.000,4,1,3,多平,S,4548.4000,4548.2000,4547.8000,4547.6000,4547.2000,4550.0000,4560.0000,4563.0000,4567.4000,4569.8000,1,1,3,2,1,1,6,1,1,1
SF,IF2010,2020-09-11 09:30:04.500,4547.0000,15494,0,44983740.000,0,-,-,-,-,4548.6000,4547.2000,4547.0000,4546.8000,4546.6000,4550.0000,4560.0000,4563.0000,4567.4000,4569.8000,4,3,2,1,2,1,6,1,1,1
SF,IF2010,2020-09-11 09:30:05.000,4550.0000,15494,0,46348740.000,1,0,1,多换,S,4548.8000,4548.6000,4547.2000,4547.0000,4546.8000,4549.8000,4560.0000,4563.0000,4567.4000,4569.8000,2,3,3,2,1,1,6,1,1,1
SF,IF2010,2020-09-11 09:30:05.500,4550.0000,15494,0,49078740.000,2,1,1,多换,S,4550.0000,4549.8000,4549.4000,4549.2000,4549.0000,4560.0000,4563.0000,4567.4000,4569.8000,4587.0000,1,1,3,1,3,6,1,1,1,1
SF,IF2010,2020-09-11 09:30:06.000,4550.0000,15493,-1,50443740.000,1,0,1,双平,S,4550.4000,4550.2000,4550.0000,4549.4000,4548.8000,4554.0000,4554.2000,4555.2000,4555.8000,4556.0000,3,2,1,1,2,3,1,2,4,1
SF,IF2010,2020-09-11 09:30:06.500,4550.4000,15492,-1,57271080.000,5,2,3,多平,S,4550.4000,4550.2000,4550.0000,4549.4000,4548.8000,4552.2000,4554.0000,4555.2000,4555.8000,4556.8000,1,1,2,1,2,1,2,1,3,1
SF,IF2010,2020-09-11 09:30:07.000,4550.4000,15492,0,57271080.000,0,-,-,-,-,4550.4000,4550.2000,4550.0000,4549.4000,4548.8000,4553.6000,4554.0000,4555.8000,4556.8000,4558.4000,1,1,2,1,2,2,2,3,1,1
SF,IF2010,2020-09-11 09:30:07.500,4552.2000,15491,-1,58636740.000,1,0,1,双平,S,4550.0000,4548.8000,4548.6000,4548.4000,4548.2000,4552.2000,4552.8000,4553.6000,4555.8000,4556.8000,2,1,3,1,1,1,1,3,3,1
SF,IF2010,2020-09-11 09:30:08.000,4552.2000,15491,0,58636740.000,0,-,-,-,-,4554.0000,4550.6000,4550.4000,4550.2000,4550.0000,4555.8000,4556.8000,4558.4000,4558.6000,4559.6000,1,1,5,1,2,3,1,1,1,1
SF,IF2010,2020-09-11 09:30:08.500,4554.0000,15491,0,60002940.000,1,0,1,多换,S,4550.6000,4550.4000,4550.0000,4548.6000,4548.4000,4553.6000,4553.8000,4555.8000,4558.4000,4558.6000,1,5,2,1,1,4,1,3,1,1
SF,IF2010,2020-09-11 09:30:09.000,4553.6000,15490,-1,62735160.000,2,0,2,多平,S,4551.0000,4550.4000,4550.0000,4548.6000,4548.4000,4553.6000,4555.2000,4555.6000,4555.8000,4558.4000,2,6,3,1,1,3,1,2,1,1
SF,IF2010,2020-09-11 09:30:09.500,4553.6000,15490,0,62735160.000,0,-,-,-,-,4551.6000,4551.4000,4551.2000,4551.0000,4550.6000,4553.6000,4555.2000,4555.6000,4555.8000,4558.4000,1,1,1,1,1,3,1,2,1,1
SF,IF2010,2020-09-11 09:30:10.000,4554.0000,15486,-4,69565260.000,5,0,5,多平,S,4552.2000,4552.0000,4551.8000,4551.6000,4551.0000,4555.2000,4555.6000,4555.8000,4558.4000,4558.6000,1,1,1,1,1,1,2,1,1,1
SF,IF2010,2020-09-11 09:30:10.500,4554.0000,15486,0,69565260.000,0,-,-,-,-,4551.8000,4551.0000,4550.6000,4550.4000,4550.0000,4554.0000,4554.8000,4555.2000,4558.4000,4558.6000,2,1,1,2,3,2,2,1,1,1
SF,IF2010,2020-09-11 09:30:11.000,4554.0000,15486,0,69565260.000,0,-,-,-,-,4551.0000,4550.6000,4550.4000,4550.0000,4548.6000,4554.0000,4554.8000,4555.2000,4558.4000,4558.6000,1,1,2,2,2,2,2,1,1,1
SF,IF2010,2020-09-11 09:30:11.500,4554.0000,15486,0,69565260.000,0,-,-,-,-,4550.6000,4550.4000,4550.0000,4548.6000,4548.4000,4554.0000,4554.8000,4555.2000,4558.4000,4558.6000,1,2,2,2,1,4,2,1,1,1
SF,IF2010,2020-09-11 09:30:12.000,4554.0000,15486,0,69565260.000,0,-,-,-,-,4550.6000,4550.4000,4550.0000,4548.6000,4548.4000,4552.8000,4554.0000,4554.8000,4558.4000,4558.6000,2,2,2,1,2,1,4,2,1,1
SF,IF2010,2020-09-11 09:30:12.500,4554.0000,15486,0,69565260.000,0,-,-,-,-,4550.6000,4550.4000,4550.0000,4548.6000,4548.4000,4554.0000,4554.8000,4558.4000,4558.6000,4559.6000,1,2,2,1,2,4,2,1,1,1
SF,IF2010,2020-09-11 09:30:13.000,4554.0000,15484,-2,72297660.000,2,0,2,双平,S,4551.2000,4551.0000,4550.8000,4550.6000,4550.4000,4554.0000,4554.8000,4558.4000,4558.6000,4559.6000,1,1,2,1,2,2,2,1,1,1
SF,IF2010,2020-09-11 09:30:13.500,4554.0000,15484,0,75030060.000,2,1,1,多换,S,4550.6000,4550.0000,4548.6000,4548.4000,4548.2000,4553.6000,4554.0000,4558.4000,4558.6000,4559.6000,1,2,1,1,1,1,2,1,1,1
SF,IF2010,2020-09-11 09:30:14.000,4550.8000,15484,0,76395300.000,1,0,1,多换,S,4550.6000,4550.0000,4548.6000,4548.4000,4548.2000,4553.6000,4554.0000,4558.4000,4558.6000,4559.6000,2,2,1,1,1,1,2,1,1,1
SF,IF2010,2020-09-11 09:30:14.500,4550.8000,15484,0,76395300.000,0,-,-,-,-,4550.6000,4550.0000,4548.6000,4548.4000,4548.2000,4552.2000,4553.6000,4554.0000,4558.4000,4558.6000,1,2,1,1,1,1,1,2,1,1
SF,IF2010,2020-09-11 09:30:15.000,4550.8000,15484,0,76395300.000,0,-,-,-,-,4550.6000,4550.0000,4548.6000,4548.4000,4548.2000,4552.2000,4553.6000,4554.0000,4558.4000,4558.6000,1,2,1,1,1,1,1,2,1,1
SF,IF2010,2020-09-11 09:30:15.500,4552.2000,15485,1,77760960.000,1,1,0,双开,S,4550.6000,4550.0000,4548.6000,4548.4000,4548.2000,4553.6000,4554.0000,4558.4000,4558.6000,4559.6000,1,2,1,1,1,1,2,1,1,1
SF,IF2010,2020-09-11 09:30:16.000,4550.6000,15486,1,79126140.000,1,1,0,双开,S,4550.0000,4548.6000,4548.4000,4548.2000,4547.8000,4553.4000,4553.6000,4554.0000,4558.4000,4558.6000,2,1,1,1,2,1,1,2,1,1
SF,IF2010,2020-09-11 09:30:16.500,4550.0000,15487,1,80491140.000,1,1,0,双开,S,4550.0000,4548.6000,4548.4000,4548.2000,4547.8000,4553.0000,4553.2000,4553.4000,4554.0000,4558.4000,1,1,1,1,2,1,1,2,2,1
SF,IF2010,2020-09-11 09:30:17.000,4550.0000,15487,0,81856140.000,1,0,1,多换,S,4550.0000,4548.6000,4548.4000,4548.2000,4546.6000,4553.0000,4553.2000,4553.4000,4554.0000,4558.4000,1,1,1,1,1,1,1,1,2,1
SF,IF2010,2020-09-11 09:30:17.500,4550.0000,15487,0,81856140.000,0,-,-,-,-,4550.2000,4550.0000,4548.6000,4548.4000,4548.2000,4553.0000,4553.2000,4553.4000,4554.0000,4558.4000,1,1,1,1,1,1,1,1,2,1
SF,IF2010,2020-09-11 09:30:18.000,4550.0000,15487,0,83221140.000,1,0,1,多换,S,4550.2000,4550.0000,4548.6000,4548.4000,4548.2000,4553.0000,4553.4000,4554.0000,4558.4000,4559.6000,1,1,1,1,1,1,1,2,1,1
SF,IF2010,2020-09-11 09:30:18.500,4550.0000,15487,0,83221140.000,0,-,-,-,-,4550.2000,4550.0000,4548.6000,4548.4000,4548.2000,4553.0000,4553.4000,4554.0000,4558.4000,4559.6000,2,1,1,1,1,1,1,2,1,1
SF,IF2010,2020-09-11 09:30:19.000,4550.0000,15487,0,83221140.000,0,-,-,-,-,4551.0000,4550.2000,4550.0000,4548.6000,4548.4000,4553.0000,4553.4000,4554.0000,4558.4000,4559.6000,1,2,1,1,1,1,1,2,1,1
SF,IF2010,2020-09-11 09:30:19.500,4550.0000,15487,0,83221140.000,0,-,-,-,-,4550.2000,4550.0000,4548.6000,4548.4000,4548.2000,4551.0000,4553.0000,4553.4000,4554.0000,4558.4000,2,1,1,1,1,1,1,1,2,1
SF,IF2010,2020-09-11 09:30:20.000,4551.0000,15486,-1,87317040.000,3,1,2,多平,S,4550.4000,4550.2000,4550.0000,4548.6000,4548.4000,4554.0000,4558.4000,4559.6000,4559.8000,4560.0000,1,2,1,1,1,2,1,1,1,2
SF,IF2010,2020-09-11 09:30:20.500,4551.0000,15486,0,87317040.000,0,-,-,-,-,4553.0000,4551.2000,4550.6000,4550.4000,4550.2000,4553.8000,4554.0000,4558.4000,4559.6000,4559.8000,1,1,2,4,1,1,2,1,1,1
SF,IF2010,2020-09-11 09:30:21.000,4553.0000,15484,-2,91414740.000,3,0,3,多平,S,4551.0000,4550.8000,4550.4000,4550.0000,4548.6000,4554.0000,4558.4000,4559.6000,4559.8000,4560.0000,1,1,5,1,1,2,1,1,1,2
SF,IF2010,2020-09-11 09:30:21.500,4553.0000,15484,0,91414740.000,0,-,-,-,-,4551.0000,4550.8000,4550.6000,4550.4000,4550.0000,4554.0000,4558.4000,4559.6000,4559.8000,4560.0000,1,1,1,5,1,2,1,1,1,2
SF,IF2010,2020-09-11 09:30:22.000,4554.0000,15485,1,92780940.000,1,1,0,双开,S,4552.0000,4551.0000,4550.8000,4550.4000,4550.0000,4554.0000,4558.4000,4559.6000,4559.8000,4560.0000,1,1,1,3,1,1,1,1,1,2
SF,IF2010,2020-09-11 09:30:22.500,4554.0000,15485,0,92780940.000,0,-,-,-,-,4552.0000,4551.8000,4550.4000,4550.0000,4548.6000,4554.0000,4558.4000,4559.6000,4559.8000,4560.0000,1,1,3,1,1,1,1,1,1,2
SF,IF2010,2020-09-11 09:30:23.000,4554.0000,15485,0,92780940.000,0,-,-,-,-,4552.0000,4551.8000,4551.0000,4550.4000,4550.0000,4554.0000,4558.4000,4559.6000,4559.8000,4560.0000,1,1,1,3,1,1,1,1,1,2
SF,IF2010,2020-09-11 09:30:23.500,4554.0000,15485,0,92780940.000,0,-,-,-,-,4552.0000,4551.8000,4551.0000,4550.4000,4550.0000,4554.0000,4558.4000,4559.6000,4559.8000,4560.0000,1,1,1,3,1,1,1,1,1,2
SF,IF2010,2020-09-11 09:30:24.000,4554.0000,15485,0,92780940.000,0,-,-,-,-,4552.0000,4551.8000,4551.0000,4550.4000,4550.0000,4554.0000,4558.4000,4559.6000,4559.8000,4560.0000,1,1,1,3,1,1,1,1,1,2
SF,IF2010,2020-09-11 09:30:25.000,4554.0000,15485,0,92780940.000,0,-,-,-,-,4552.0000,4551.0000,4550.4000,4550.0000,4548.6000,4554.0000,4558.4000,4559.6000,4559.8000,4560.0000,1,1,3,1,1,1,1,1,1,2
SF,IF2010,2020-09-11 09:30:25.500,4554.0000,15485,0,92780940.000,0,-,-,-,-,4552.0000,4551.0000,4550.4000,4550.0000,4548.6000,4554.0000,4558.4000,4559.6000,4559.8000,4560.0000,1,1,3,1,1,1,1,1,1,2
SF,IF2010,2020-09-11 09:30:26.000,4554.0000,15484,-1,95513340.000,2,0,2,多平,S,4551.0000,4550.4000,4550.0000,4548.6000,4548.4000,4558.4000,4559.6000,4559.8000,4560.0000,4562.0000,1,3,1,1,1,1,1,1,2,2
SF,IF2010,2020-09-11 09:30:26.500,4552.2000,15483,-1,96879000.000,1,0,1,双平,S,4552.2000,4552.0000,4551.8000,4551.6000,4551.4000,4555.8000,4557.6000,4557.8000,4558.0000,4558.2000,2,1,1,2,2,1,2,1,2,1
SF,IF2010,2020-09-11 09:30:27.000,4552.6000,15482,-1,99610560.000,2,0,2,多平,S,4552.4000,4552.2000,4552.0000,4551.8000,4551.6000,4555.2000,4555.8000,4556.8000,4557.6000,4558.0000,2,2,1,1,2,1,1,1,2,1
SF,IF2010,2020-09-11 09:30:27.500,4552.6000,15482,0,99610560.000,0,-,-,-,-,4553.2000,4552.6000,4552.4000,4552.2000,4552.0000,4555.8000,4556.8000,4557.6000,4558.0000,4558.4000,1,1,1,2,6,1,1,1,1,1
SF,IF2010,2020-09-11 09:30:28.000,4552.6000,15482,0,99610560.000,0,-,-,-,-,4553.6000,4553.4000,4553.2000,4552.6000,4552.4000,4558.0000,4558.4000,4560.0000,4562.0000,4563.0000,1,2,2,3,1,1,1,2,2,1
SF,IF2010,2020-09-11 09:30:28.500,4557.6000,15481,-1,100977840.000,1,0,1,双平,S,4554.0000,4553.8000,4553.4000,4553.0000,4552.6000,4557.6000,4557.8000,4558.0000,4558.4000,4560.0000,1,2,1,1,1,1,1,1,1,2
SF,IF2010,2020-09-11 09:30:29.000,4554.2000,15481,0,102344100.000,1,0,1,多换,S,4554.0000,4553.8000,4553.4000,4552.6000,4552.2000,4557.2000,4557.6000,4557.8000,4558.4000,4560.0000,1,2,1,1,2,1,1,1,1,2
SF,IF2010,2020-09-11 09:30:29.500,4554.2000,15481,0,102344100.000,0,-,-,-,-,4554.0000,4553.8000,4553.4000,4552.6000,4552.2000,4557.0000,4557.2000,4557.6000,4558.4000,4560.0000,1,2,1,1,2,1,1,1,1,2
SF,IF2010,2020-09-11 09:30:30.000,4554.2000,15481,0,102344100.000,0,-,-,-,-,4553.8000,4553.4000,4552.6000,4552.2000,4552.0000,4556.6000,4557.0000,4557.6000,4558.4000,4560.0000,2,1,1,2,6,1,2,1,1,2
SF,IF2010,2020-09-11 09:30:30.500,4553.8000,15479,-2,105076380.000,2,0,2,双平,S,4552.6000,4552.2000,4552.0000,4551.0000,4550.0000,4555.2000,4556.2000,4556.6000,4557.0000,4558.4000,1,1,6,2,1,1,1,1,1,1
SF,IF2010,2020-09-11 09:30:31.000,4553.8000,15479,0,105076380.000,0,-,-,-,-,4552.6000,4552.2000,4552.0000,4551.0000,4550.0000,4555.0000,4555.2000,4556.2000,4556.6000,4558.4000,1,1,6,2,1,1,1,1,1,1
SF,IF2010,2020-09-11 09:30:31.500,4553.8000,15479,0,105076380.000,0,-,-,-,-,4552.0000,4551.0000,4550.0000,4548.6000,4546.0000,4555.0000,4555.2000,4556.2000,4556.6000,4557.8000,6,1,1,1,5,1,1,1,1,1
SF,IF2010,2020-09-11 09:30:32.000,4553.8000,15479,0,105076380.000,0,-,-,-,-,4552.0000,4551.0000,4550.0000,4548.6000,4546.0000,4554.6000,4555.0000,4555.2000,4556.2000,4556.6000,6,1,1,1,5,2,1,1,1,1
SF,IF2010,2020-09-11 09:30:32.500,4554.6000,15479,0,106442760.000,1,0,1,多换,S,4552.0000,4551.0000,4550.0000,4548.6000,4546.0000,4554.6000,4555.0000,4555.2000,4557.8000,4558.4000,6,1,1,1,5,3,1,1,1,1
SF,IF2010,2020-09-11 09:30:33.000,4554.6000,15479,0,109175520.000,2,1,1,多换,S,4552.0000,4551.0000,4550.0000,4548.6000,4545.0000,4554.6000,4557.8000,4558.4000,4560.0000,4562.0000,6,1,2,1,1,3,1,1,2,2
SF,IF2010,2020-09-11 09:30:34.000,4554.6000,15479,0,109175520.000,0,-,-,-,-,4552.0000,4551.0000,4550.0000,4548.6000,4542.0000,4554.0000,4554.2000,4554.6000,4557.8000,4558.4000,6,1,2,1,6,1,1,2,1,1
SF,IF2010,2020-09-11 09:30:34.500,4554.6000,15479,0,109175520.000,0,-,-,-,-,4552.0000,4551.0000,4550.0000,4548.6000,4542.0000,4554.2000,4554.6000,4557.8000,4558.4000,4560.0000,6,1,2,1,6,1,1,1,1,2
SF,IF2010,2020-09-11 09:30:35.000,4554.6000,15479,0,109175520.000,0,-,-,-,-,4552.0000,4551.0000,4550.0000,4548.6000,4542.0000,4554.6000,4557.8000,4558.4000,4560.0000,4562.0000,6,1,2,1,6,1,1,1,2,2
SF,IF2010,2020-09-11 09:30:35.500,4554.6000,15479,0,109175520.000,0,-,-,-,-,4552.0000,4551.0000,4550.0000,4548.6000,4542.0000,4554.6000,4556.8000,4557.8000,4558.4000,4560.0000,6,1,2,1,6,1,1,1,1,2
SF,IF2010,2020-09-11 09:30:36.000,4554.0000,15480,1,114638520.000,4,2,2,空开,S,4552.0000,4551.0000,4550.0000,4548.6000,4543.6000,4554.4000,4554.6000,4556.8000,4557.8000,4558.4000,3,1,2,1,1,2,1,1,1,1
SF,IF2010,2020-09-11 09:30:36.500,4552.0000,15480,0,116004120.000,1,0,1,多换,S,4552.0000,4551.0000,4550.0000,4548.6000,4543.6000,4554.2000,4554.4000,4554.6000,4556.8000,4557.8000,2,1,2,1,1,1,2,1,1,1
SF,IF2010,2020-09-11 09:30:37.000,4552.0000,15480,0,118735320.000,2,1,1,多换,S,4550.0000,4548.6000,4543.6000,4542.0000,4541.2000,4551.6000,4552.0000,4553.8000,4554.2000,4554.4000,2,1,1,6,1,2,1,1,1,1
SF,IF2010,2020-09-11 09:30:37.500,4552.0000,15480,0,118735320.000,0,-,-,-,-,4550.0000,4548.6000,4543.6000,4542.0000,4541.2000,4551.0000,4551.4000,4551.6000,4551.8000,4552.0000,1,1,1,6,1,1,1,3,1,1
SF,IF2010,2020-09-11 09:30:38.000,4550.0000,15479,-1,121465320.000,2,0,2,多平,S,4548.6000,4543.6000,4542.0000,4541.2000,4541.0000,4549.8000,4550.0000,4550.6000,4551.0000,4551.6000,1,1,6,1,2,1,1,1,2,3
SF,IF2010,2020-09-11 09:30:38.500,4548.6000,15479,0,122829900.000,1,0,1,多换,S,4543.6000,4542.0000,4541.2000,4541.0000,4540.0000,4549.8000,4550.6000,4551.0000,4551.6000,4552.0000,1,6,1,2,5,1,1,2,1,1
SF,IF2010,2020-09-11 09:30:39.000,4545.8000,15477,-2,125557440.000,2,0,2,双平,S,4547.2000,4546.8000,4546.4000,4546.2000,4545.8000,4549.6000,4549.8000,4550.6000,4551.0000,4551.6000,1,1,1,1,1,1,1,1,2,1
SF,IF2010,2020-09-11 09:30:39.500,4545.8000,15477,0,125557440.000,0,-,-,-,-,4547.2000,4546.4000,4546.2000,4545.8000,4545.0000,4551.0000,4551.6000,4552.0000,4552.8000,4553.6000,1,1,1,1,1,2,1,1,1,1
SF,IF2010,2020-09-11 09:30:40.000,4545.8000,15477,0,125557440.000,0,-,-,-,-,4549.8000,4548.6000,4548.0000,4547.8000,4547.2000,4551.0000,4551.6000,4552.0000,4552.8000,4553.6000,1,1,2,1,2,1,1,1,1,1
SF,IF2010,2020-09-11 09:30:40.500,4545.8000,15477,0,125557440.000,0,-,-,-,-,4549.8000,4548.0000,4547.8000,4547.4000,4547.2000,4551.0000,4551.6000,4552.0000,4552.8000,4553.6000,1,2,1,2,2,1,1,1,1,1
SF,IF2010,2020-09-11 09:30:41.000,4545.8000,15477,0,125557440.000,0,-,-,-,-,4549.8000,4548.0000,4547.8000,4547.4000,4547.2000,4551.6000,4552.0000,4554.0000,4554.6000,4556.8000,1,2,1,2,2,1,1,2,1,1
SF,IF2010,2020-09-11 09:30:41.500,4545.8000,15477,0,125557440.000,0,-,-,-,-,4549.8000,4548.0000,4547.8000,4547.4000,4547.2000,4551.6000,4552.0000,4554.0000,4554.6000,4556.8000,1,2,2,2,2,1,1,2,1,1
SF,IF2010,2020-09-11 09:30:42.000,4552.0000,15477,0,128288520.000,2,1,1,多换,S,4550.4000,4549.8000,4548.0000,4547.8000,4547.4000,4554.0000,4554.6000,4556.8000,4557.8000,4560.0000,1,1,2,2,2,1,1,1,1,7
SF,IF2010,2020-09-11 09:30:42.500,4552.0000,15477,0,128288520.000,0,-,-,-,-,4550.4000,4549.8000,4548.0000,4547.8000,4547.4000,4553.6000,4553.8000,4554.0000,4554.6000,4556.8000,1,1,2,2,2,1,1,1,1,1
SF,IF2010,2020-09-11 09:30:43.000,4552.0000,15477,0,128288520.000,0,-,-,-,-,4550.4000,4549.8000,4548.0000,4547.8000,4547.4000,4551.0000,4552.2000,4552.4000,4552.8000,4553.0000,1,1,2,2,2,1,1,1,1,1
SF,IF2010,2020-09-11 09:30:43.500,4552.0000,15477,0,128288520.000,0,-,-,-,-,4551.4000,4551.0000,4550.4000,4549.8000,4548.0000,4554.0000,4554.6000,4556.8000,4557.8000,4560.0000,1,2,1,1,1,1,1,1,1,7
SF,IF2010,2020-09-11 09:30:44.000,4552.0000,15477,0,128288520.000,0,-,-,-,-,4551.4000,4551.0000,4550.4000,4549.8000,4547.8000,4554.0000,4554.6000,4556.8000,4557.8000,4560.0000,1,2,2,1,1,1,1,1,1,7
SF,IF2010,2020-09-11 09:30:44.500,4552.0000,15477,0,128288520.000,0,-,-,-,-,4552.2000,4551.4000,4551.0000,4550.4000,4549.8000,4554.0000,4554.6000,4556.8000,4557.8000,4560.0000,1,1,3,1,1,1,1,1,1,7
SF,IF2010,2020-09-11 09:30:45.000,4554.0000,15476,-1,129654720.000,1,0,1,双平,S,4552.2000,4551.4000,4551.0000,4550.4000,4549.8000,4554.6000,4556.8000,4557.8000,4560.0000,4562.0000,1,1,3,1,1,1,1,1,7,2
SF,IF2010,2020-09-11 09:30:45.500,4554.0000,15476,0,129654720.000,0,-,-,-,-,4554.0000,4551.4000,4551.0000,4550.4000,4549.8000,4554.6000,4556.8000,4557.8000,4560.0000,4562.0000,1,1,3,1,1,1,1,1,7,2
SF,IF2010,2020-09-11 09:30:46.000,4554.6000,15476,0,131021100.000,1,0,1,多换,S,4554.0000,4551.4000,4551.0000,4550.8000,4549.8000,4556.8000,4557.8000,4560.0000,4562.0000,4563.0000,2,1,3,1,1,1,1,7,2,1
SF,IF2010,2020-09-11 09:30:46.500,4554.0000,15477,1,132387300.000,1,1,0,双开,S,4554.0000,4551.4000,4551.0000,4550.8000,4549.8000,4556.4000,4556.8000,4557.8000,4560.0000,4562.0000,1,1,3,1,1,1,1,1,7,2
SF,IF2010,2020-09-11 09:30:47.000,4554.0000,15477,0,132387300.000,0,-,-,-,-,4554.0000,4551.4000,4551.0000,4550.8000,4549.8000,4556.6000,4556.8000,4557.8000,4560.0000,4562.0000,1,1,3,1,1,1,1,1,2,2
SF,IF2010,2020-09-11 09:30:47.500,4554.0000,15477,0,132387300.000,0,-,-,-,-,4554.0000,4551.4000,4551.0000,4550.8000,4550.0000,4556.6000,4556.8000,4557.8000,4560.0000,4562.0000,1,1,3,1,2,1,1,1,2,2
SF,IF2010,2020-09-11 09:30:48.000,4555.8000,15477,0,135121080.000,2,1,1,多换,S,4554.0000,4551.4000,4551.0000,4550.8000,4550.0000,4557.8000,4560.0000,4562.0000,4563.0000,4565.0000,1,1,3,1,2,1,2,2,1,6
SF,IF2010,2020-09-11 09:30:48.500,4555.8000,15477,0,135121080.000,0,-,-,-,-,4554.0000,4551.4000,4551.0000,4550.8000,4550.0000,4557.4000,4557.6000,4557.8000,4560.0000,4562.0000,1,1,3,1,2,1,1,1,2,2
SF,IF2010,2020-09-11 09:30:49.000,4554.2000,15475,-2,139219860.000,3,0,3,多平,S,4554.0000,4551.4000,4551.0000,4550.8000,4550.0000,4557.6000,4557.8000,4560.0000,4562.0000,4563.0000,3,1,2,1,2,1,1,2,2,1
SF,IF2010,2020-09-11 09:30:49.500,4554.2000,15475,0,139219860.000,0,-,-,-,-,4554.0000,4551.4000,4551.0000,4550.8000,4550.0000,4557.2000,4557.4000,4557.6000,4557.8000,4560.0000,1,1,2,1,2,1,1,1,1,1
SF,IF2010,2020-09-11 09:30:50.000,4554.2000,15475,0,139219860.000,0,-,-,-,-,4554.0000,4551.4000,4551.0000,4550.8000,4550.0000,4557.8000,4560.0000,4562.0000,4563.0000,4565.0000,2,1,2,1,2,1,1,2,1,6
SF,IF2010,2020-09-11 09:30:51.500,4554.2000,15475,0,139219860.000,0,-,-,-,-,4554.0000,4551.4000,4551.0000,4550.8000,4550.0000,4557.4000,4557.6000,4557.8000,4560.0000,4562.0000,1,1,2,1,2,1,2,1,1,2
SF,IF2010,2020-09-11 09:30:52.000,4557.0000,15476,1,143320200.000,3,2,1,空开,S,4551.4000,4551.2000,4551.0000,4550.8000,4549.8000,4555.8000,4557.2000,4557.4000,4557.6000,4557.8000,1,2,2,1,1,1,1,1,5,1
SF,IF2010,2020-09-11 09:30:52.500,4557.0000,15476,0,143320200.000,0,-,-,-,-,4552.2000,4551.8000,4551.6000,4551.4000,4551.2000,4554.0000,4555.8000,4557.2000,4557.4000,4557.6000,3,3,2,1,2,1,1,1,1,5
SF,IF2010,2020-09-11 09:30:53.000,4554.0000,15476,0,144686400.000,1,0,1,多换,S,4552.8000,4551.4000,4551.2000,4551.0000,4550.8000,4555.4000,4555.8000,4557.2000,4557.6000,4557.8000,1,1,2,2,1,1,1,1,5,1
SF,IF2010,2020-09-11 09:30:53.500,4554.0000,15476,0,144686400.000,0,-,-,-,-,4552.8000,4551.4000,4551.2000,4551.0000,4550.8000,4555.4000,4557.2000,4557.6000,4557.8000,4560.0000,1,1,2,2,1,1,1,5,1,1
SF,IF2010,2020-09-11 09:30:54.000,4554.0000,15476,0,144686400.000,0,-,-,-,-,4551.4000,4551.2000,4551.0000,4550.8000,4549.8000,4557.2000,4557.6000,4557.8000,4560.0000,4562.0000,1,2,2,1,1,1,5,1,1,2
SF,IF2010,2020-09-11 09:30:54.500,4554.0000,15476,0,144686400.000,0,-,-,-,-,4551.6000,4551.4000,4551.0000,4550.8000,4550.6000,4556.6000,4556.8000,4557.0000,4557.2000,4557.6000,1,1,2,1,2,1,4,2,1,4
SF,IF2010,2020-09-11 09:30:55.000,4554.0000,15476,0,144686400.000,0,-,-,-,-,4552.8000,4552.4000,4552.2000,4551.8000,4551.6000,4556.4000,4556.6000,4557.0000,4557.2000,4557.6000,1,1,3,1,1,1,1,1,1,4
SF,IF2010,2020-09-11 09:30:55.500,4554.0000,15476,0,144686400.000,0,-,-,-,-,4552.8000,4552.2000,4551.8000,4551.4000,4551.0000,4556.4000,4556.6000,4557.2000,4557.6000,4557.8000,1,3,1,1,2,1,1,1,4,1
SF,IF2010,2020-09-11 09:30:56.000,4554.0000,15476,0,144686400.000,0,-,-,-,-,4552.8000,4552.2000,4551.8000,4551.4000,4551.0000,4555.8000,4556.6000,4557.2000,4557.6000,4557.8000,1,3,1,1,2,1,1,1,4,1
SF,IF2010,2020-09-11 09:30:56.500,4556.0000,15476,0,146053200.000,1,0,1,多换,S,4553.0000,4552.8000,4552.2000,4551.8000,4551.4000,4557.2000,4557.6000,4557.8000,4560.0000,4562.0000,1,1,3,1,1,1,2,1,1,2
SF,IF2010,2020-09-11 09:30:57.000,4556.0000,15476,0,146053200.000,0,-,-,-,-,4553.4000,4553.2000,4553.0000,4552.8000,4552.2000,4557.0000,4557.8000,4560.0000,4562.0000,4563.0000,1,2,1,1,3,1,1,1,2,1
SF,IF2010,2020-09-11 09:30:57.500,4554.0000,15476,0,147419400.000,1,0,1,多换,S,4554.0000,4553.6000,4553.4000,4553.2000,4552.8000,4557.8000,4560.0000,4562.0000,4563.0000,4565.0000,2,1,3,2,1,1,2,2,1,6
SF,IF2010,2020-09-11 09:30:58.000,4554.0000,15476,0,147419400.000,0,-,-,-,-,4554.4000,4554.2000,4554.0000,4553.6000,4553.4000,4557.6000,4557.8000,4560.0000,4562.0000,4563.0000,1,1,2,2,2,2,2,2,2,1
SF,IF2010,2020-09-11 09:30:58.500,4554.4000,15477,1,148785720.000,1,1,0,双开,S,4554.2000,4554.0000,4553.6000,4553.4000,4552.8000,4557.6000,4557.8000,4560.0000,4562.0000,4563.0000,1,2,2,2,1,1,1,2,2,1
SF,IF2010,2020-09-11 09:30:59.000,4554.4000,15477,0,148785720.000,0,-,-,-,-,4554.4000,4554.2000,4554.0000,4553.6000,4553.4000,4557.4000,4557.6000,4557.8000,4560.0000,4562.0000,1,1,2,2,2,1,1,1,2,2
SF,IF2010,2020-09-11 09:30:59.500,4554.4000,15477,0,148785720.000,0,-,-,-,-,4554.4000,4554.2000,4554.0000,4553.6000,4553.4000,4555.8000,4557.4000,4557.6000,4557.8000,4560.0000,1,1,2,1,2,1,1,1,1,2
SF,IF2010,2020-09-11 09:31:00.000,4555.8000,15477,0,150152460.000,1,0,1,多换,S,4554.0000,4553.6000,4553.4000,4552.8000,4552.0000,4557.6000,4557.8000,4560.0000,4562.0000,4563.0000,2,1,2,1,1,1,1,2,2,1
SF,IF2010,2020-09-11 09:31:00.500,4555.8000,15477,0,150152460.000,0,-,-,-,-,4554.2000,4552.8000,4552.0000,4551.8000,4551.4000,4557.4000,4557.6000,4557.8000,4560.0000,4562.0000,1,1,1,1,1,1,1,1,2,2
SF,IF2010,2020-09-11 09:31:01.000,4555.8000,15477,0,150152460.000,0,-,-,-,-,4555.8000,4554.0000,4552.8000,4552.0000,4551.8000,4557.4000,4557.6000,4557.8000,4560.0000,4562.0000,1,1,1,1,1,1,1,1,2,2
SF,IF2010,2020-09-11 09:31:01.500,4557.2000,15476,-1,154253100.000,3,1,2,多平,S,4556.0000,4555.8000,4554.6000,4554.0000,4552.2000,4557.8000,4560.0000,4562.0000,4563.0000,4565.0000,1,1,1,1,1,1,2,2,1,6
SF,IF2010,2020-09-11 09:31:02.000,4557.2000,15476,0,154253100.000,0,-,-,-,-,4556.0000,4555.8000,4554.6000,4552.2000,4552.0000,4557.8000,4560.0000,4562.0000,4563.0000,4565.0000,1,1,1,1,1,1,2,2,1,6
SF,IF2010,2020-09-11 09:31:03.000,4557.2000,15476,0,154253100.000,0,-,-,-,-,4556.0000,4555.8000,4552.2000,4552.0000,4551.8000,4557.8000,4560.0000,4562.0000,4563.0000,4565.0000,1,1,1,1,1,1,2,2,1,6
SF,IF2010,2020-09-11 09:31:03.500,4555.8000,15475,-1,158353980.000,3,1,2,多平,S,4552.2000,4552.0000,4551.8000,4551.4000,4551.0000,4554.4000,4560.0000,4562.0000,4563.0000,4565.0000,1,1,1,1,3,8,2,2,1,6
SF,IF2010,2020-09-11 09:31:04.000,4554.4000,15475,0,169285800.000,8,4,4,多换,S,4556.8000,4555.8000,4555.6000,4555.4000,4555.2000,4560.0000,4562.0000,4563.0000,4565.0000,4565.2000,1,2,3,1,2,2,2,1,6,1
SF,IF2010,2020-09-11 09:31:04.500,4556.8000,15474,-1,170652840.000,1,0,1,双平,S,4554.4000,4553.8000,4553.6000,4552.6000,4552.4000,4557.6000,4558.4000,4559.2000,4559.4000,4559.6000,3,3,1,4,1,1,2,2,2,1
SF,IF2010,2020-09-11 09:31:05.000,4556.8000,15474,0,170652840.000,0,-,-,-,-,4556.0000,4554.6000,4554.4000,4553.8000,4553.6000,4557.4000,4557.6000,4558.2000,4558.4000,4559.2000,1,1,1,3,2,1,1,1,2,2
SF,IF2010,2020-09-11 09:31:05.500,4554.6000,15473,-1,173386020.000,2,0,2,多平,S,4554.4000,4553.6000,4553.4000,4552.6000,4552.4000,4556.6000,4557.6000,4558.2000,4558.4000,4559.2000,1,2,2,3,1,1,1,1,2,2
SF,IF2010,2020-09-11 09:31:06.000,4554.4000,15473,0,174752340.000,1,0,1,多换,S,4553.8000,4553.0000,4552.6000,4552.4000,4552.2000,4555.8000,4556.4000,4557.0000,4558.4000,4559.2000,1,3,1,1,1,2,1,2,2,2
SF,IF2010,2020-09-11 09:31:06.500,4554.4000,15473,0,174752340.000,0,-,-,-,-,4554.0000,4553.8000,4552.6000,4552.4000,4552.2000,4555.6000,4555.8000,4557.0000,4558.4000,4559.2000,1,1,1,4,1,1,1,2,2,2
SF,IF2010,2020-09-11 09:31:07.000,4555.6000,15473,0,176119020.000,1,0,1,多换,S,4554.2000,4552.6000,4552.4000,4552.2000,4552.0000,4557.0000,4558.4000,4559.2000,4559.4000,4559.8000,1,1,4,1,1,1,2,2,2,2
SF,IF2010,2020-09-11 09:31:07.500,4555.6000,15473,0,176119020.000,0,-,-,-,-,4555.2000,4554.4000,4554.2000,4552.6000,4552.4000,4556.8000,4558.4000,4559.2000,4559.4000,4559.8000,1,1,1,1,1,1,2,2,1,2
SF,IF2010,2020-09-11 09:31:08.000,4554.4000,15474,1,178851900.000,2,1,1,空开,S,4554.2000,4553.4000,4552.6000,4552.4000,4552.2000,4554.4000,4556.8000,4558.4000,4559.2000,4559.4000,1,1,1,1,1,1,1,2,2,1
SF,IF2010,2020-09-11 09:31:08.500,4554.2000,15473,-1,181584480.000,2,0,2,多平,S,4553.4000,4552.6000,4552.2000,4552.0000,4551.8000,4556.8000,4558.4000,4559.2000,4559.4000,4559.8000,1,1,1,1,4,1,2,2,1,2
SF,IF2010,2020-09-11 09:31:09.000,4554.2000,15473,0,181584480.000,0,-,-,-,-,4554.0000,4553.4000,4552.6000,4552.2000,4552.0000,4555.8000,4556.8000,4558.4000,4559.2000,4559.4000,1,1,1,1,1,1,1,2,2,1
SF,IF2010,2020-09-11 09:31:09.500,4554.0000,15473,0,182950680.000,1,0,1,多换,S,4552.6000,4552.2000,4552.0000,4551.8000,4551.4000,4555.6000,4555.8000,4556.2000,4556.4000,4558.4000,1,1,1,4,2,1,1,1,1,2
SF,IF2010,2020-09-11 09:31:10.000,4554.0000,15473,0,182950680.000,0,-,-,-,-,4552.8000,4552.6000,4552.2000,4552.0000,4551.8000,4555.6000,4555.8000,4556.2000,4556.4000,4556.6000,2,1,1,1,4,1,1,1,1,1
SF,IF2010,2020-09-11 09:31:10.500,4555.6000,15472,-1,184317360.000,1,0,1,双平,S,4552.2000,4552.0000,4551.8000,4551.4000,4550.8000,4555.8000,4556.2000,4556.4000,4556.6000,4558.4000,1,1,4,2,1,1,1,1,1,3
SF,IF2010,2020-09-11 09:31:11.000,4555.6000,15472,0,184317360.000,0,-,-,-,-,4552.8000,4552.4000,4552.2000,4552.0000,4551.8000,4555.4000,4555.6000,4555.8000,4556.2000,4556.6000,1,2,2,1,4,1,2,1,1,1
SF,IF2010,2020-09-11 09:31:11.500,4555.6000,15472,0,184317360.000,0,-,-,-,-,4553.0000,4552.8000,4552.2000,4552.0000,4551.8000,4555.2000,4555.8000,4556.2000,4556.6000,4558.4000,1,1,2,1,4,1,1,1,1,3
SF,IF2010,2020-09-11 09:31:12.000,4555.6000,15472,0,184317360.000,0,-,-,-,-,4553.0000,4552.8000,4552.2000,4552.0000,4551.8000,4555.8000,4556.2000,4558.4000,4558.6000,4559.2000,1,1,2,1,1,1,1,3,1,2
SF,IF2010,2020-09-11 09:31:12.500,4555.8000,15471,-1,185684100.000,1,0,1,双平,S,4554.0000,4553.6000,4553.4000,4553.0000,4552.8000,4555.6000,4558.4000,4558.6000,4559.2000,4559.8000,3,1,1,1,1,1,3,1,2,2
SF,IF2010,2020-09-11 09:31:13.000,4555.8000,15470,-1,187050840.000,1,0,1,双平,S,4555.6000,4554.2000,4554.0000,4553.6000,4553.4000,4558.4000,4558.6000,4559.2000,4559.8000,4560.0000,2,2,3,1,2,3,1,2,2,2
SF,IF2010,2020-09-11 09:31:13.500,4555.8000,15470,0,187050840.000,0,-,-,-,-,4555.8000,4555.6000,4554.4000,4554.2000,4554.0000,4558.2000,4558.4000,4558.6000,4559.2000,4559.8000,1,2,1,2,4,1,3,1,2,1
SF,IF2010,2020-09-11 09:31:14.000,4555.8000,15470,0,187050840.000,0,-,-,-,-,4555.8000,4555.6000,4554.4000,4554.2000,4554.0000,4558.2000,4558.4000,4558.6000,4559.2000,4560.0000,1,2,1,2,4,1,2,1,2,2
SF,IF2010,2020-09-11 09:31:14.500,4555.8000,15470,0,187050840.000,0,-,-,-,-,4555.8000,4555.6000,4554.4000,4554.2000,4554.0000,4558.2000,4558.4000,4558.6000,4559.2000,4560.0000,1,2,1,1,4,1,2,1,2,2
SF,IF2010,2020-09-11 09:31:15.000,4555.8000,15470,0,187050840.000,0,-,-,-,-,4555.8000,4555.6000,4554.4000,4554.2000,4554.0000,4558.2000,4558.4000,4558.6000,4559.2000,4560.0000,1,2,1,1,4,1,2,1,2,2
SF,IF2010,2020-09-11 09:31:15.500,4555.8000,15469,-1,188417580.000,1,0,1,双平,S,4555.6000,4554.4000,4554.2000,4554.0000,4553.6000,4558.2000,4558.4000,4558.6000,4559.2000,4560.0000,2,1,1,4,1,2,2,1,2,2
SF,IF2010,2020-09-11 09:31:16.000,4555.8000,15469,0,188417580.000,0,-,-,-,-,4555.6000,4554.2000,4554.0000,4553.6000,4553.4000,4558.2000,4558.4000,4558.6000,4559.2000,4560.0000,1,1,4,1,2,2,2,1,2,2
SF,IF2010,2020-09-11 09:31:16.500,4558.2000,15469,0,189785040.000,1,0,1,多换,S,4555.8000,4555.6000,4554.2000,4554.0000,4553.6000,4558.2000,4558.4000,4558.6000,4559.2000,4560.0000,1,1,1,4,1,1,2,1,2,2
SF,IF2010,2020-09-11 09:31:17.000,4558.2000,15469,0,189785040.000,0,-,-,-,-,4555.8000,4555.6000,4554.2000,4554.0000,4553.6000,4558.0000,4558.4000,4558.6000,4559.2000,4560.0000,1,1,1,3,1,2,2,1,2,2
SF,IF2010,2020-09-11 09:31:17.500,4555.8000,15468,-1,192518520.000,2,0,2,多平,S,4555.6000,4554.2000,4554.0000,4553.6000,4553.4000,4555.8000,4558.0000,4558.4000,4558.6000,4559.2000,1,1,3,1,2,3,1,2,1,2
SF,IF2010,2020-09-11 09:31:18.000,4558.0000,15464,-4,197986140.000,4,0,4,双平,S,4556.2000,4555.8000,4555.6000,4554.2000,4553.6000,4558.4000,4558.6000,4559.2000,4560.0000,4562.0000,3,5,1,1,1,2,1,2,2,2
SF,IF2010,2020-09-11 09:31:18.500,4558.0000,15464,0,197986140.000,0,-,-,-,-,4556.2000,4555.6000,4554.2000,4553.6000,4553.4000,4558.2000,4558.4000,4558.6000,4559.2000,4560.0000,3,1,1,1,2,1,3,1,2,2
SF,IF2010,2020-09-11 09:31:19.000,4558.0000,15464,0,197986140.000,0,-,-,-,-,4556.2000,4555.6000,4554.2000,4553.6000,4553.4000,4558.0000,4558.2000,4558.4000,4558.6000,4559.2000,3,1,1,1,1,1,1,3,1,2
SF,IF2010,2020-09-11 09:31:19.500,4556.2000,15461,-3,202086720.000,3,0,3,双平,S,4555.6000,4553.6000,4553.4000,4552.8000,4552.2000,4557.8000,4558.0000,4558.4000,4558.6000,4559.2000,1,1,1,1,1,1,2,3,1,2
SF,IF2010,2020-09-11 09:31:20.000,4556.2000,15461,0,202086720.000,0,-,-,-,-,4555.6000,4553.6000,4553.4000,4552.8000,4552.2000,4557.4000,4557.6000,4557.8000,4558.0000,4558.4000,1,1,1,1,1,1,1,2,1,2
SF,IF2010,2020-09-11 09:31:20.500,4555.8000,15461,0,203453460.000,1,0,1,多换,S,4555.6000,4553.6000,4553.4000,4552.8000,4552.2000,4557.8000,4558.0000,4558.4000,4558.6000,4559.2000,1,1,1,1,1,1,1,2,1,2
SF,IF2010,2020-09-11 09:31:21.000,4555.8000,15461,0,203453460.000,0,-,-,-,-,4555.6000,4553.6000,4553.4000,4552.8000,4552.2000,4557.6000,4557.8000,4558.0000,4558.4000,4558.6000,1,1,1,1,1,1,1,1,2,1
SF,IF2010,2020-09-11 09:31:21.500,4555.8000,15461,0,203453460.000,0,-,-,-,-,4555.8000,4555.6000,4553.6000,4553.4000,4552.8000,4557.4000,4558.0000,4558.4000,4558.6000,4559.2000,1,1,1,1,1,1,1,2,1,2
SF,IF2010,2020-09-11 09:31:22.000,4555.8000,15461,0,203453460.000,0,-,-,-,-,4555.8000,4555.6000,4553.6000,4553.4000,4552.8000,4557.4000,4558.4000,4558.6000,4559.2000,4560.0000,1,1,1,1,1,1,2,1,2,2
SF,IF2010,2020-09-11 09:31:22.500,4555.8000,15461,0,204820200.000,1,0,1,多换,S,4555.6000,4553.6000,4553.4000,4552.8000,4552.2000,4557.4000,4558.4000,4558.6000,4559.2000,4560.0000,1,1,1,1,1,1,2,1,2,2
SF,IF2010,2020-09-11 09:31:23.000,4557.4000,15461,0,206187420.000,1,0,1,多换,S,4555.6000,4553.6000,4553.4000,4552.8000,4552.2000,4558.4000,4558.6000,4559.2000,4560.0000,4562.0000,1,1,1,1,1,2,1,2,2,2
SF,IF2010,2020-09-11 09:31:23.500,4557.4000,15461,0,206187420.000,0,-,-,-,-,4555.8000,4555.6000,4553.6000,4553.4000,4552.8000,4558.2000,4558.4000,4558.6000,4559.2000,4560.0000,1,1,1,1,1,1,2,1,2,2
SF,IF2010,2020-09-11 09:31:24.000,4555.6000,15459,-2,210287580.000,3,0,3,多平,S,4553.6000,4553.4000,4552.8000,4552.2000,4552.0000,4558.0000,4558.2000,4558.4000,4558.6000,4559.2000,1,1,1,1,1,1,1,3,1,2
SF,IF2010,2020-09-11 09:31:24.500,4555.6000,15459,0,210287580.000,0,-,-,-,-,4557.4000,4554.0000,4553.8000,4553.6000,4552.8000,4557.6000,4557.8000,4558.0000,4558.4000,4558.6000,1,4,3,1,1,1,3,1,2,1
SF,IF2010,2020-09-11 09:31:25.000,4557.4000,15459,0,211654800.000,1,0,1,多换,S,4554.0000,4553.8000,4553.6000,4552.8000,4552.2000,4557.2000,4557.4000,4557.6000,4557.8000,4558.4000,1,2,1,1,1,2,5,2,2,2
SF,IF2010,2020-09-11 09:31:25.500,4557.4000,15459,0,211654800.000,0,-,-,-,-,4554.2000,4553.8000,4552.8000,4552.2000,4552.0000,4557.0000,4557.2000,4557.4000,4557.8000,4558.4000,1,1,1,1,1,3,3,5,2,2
SF,IF2010,2020-09-11 09:31:26.000,4557.4000,15459,0,211654800.000,0,-,-,-,-,4552.8000,4552.4000,4552.2000,4552.0000,4550.8000,4556.4000,4556.6000,4557.0000,4557.2000,4557.4000,1,1,1,1,1,1,1,2,2,4
SF,IF2010,2020-09-11 09:31:26.500,4557.4000,15459,0,211654800.000,0,-,-,-,-,4553.0000,4552.4000,4552.2000,4552.0000,4550.8000,4556.0000,4556.2000,4556.4000,4556.6000,4557.0000,2,1,1,1,1,1,3,1,1,2
SF,IF2010,2020-09-11 09:31:27.000,4557.4000,15459,0,211654800.000,0,-,-,-,-,4553.0000,4552.2000,4552.0000,4550.8000,4550.4000,4555.8000,4556.0000,4556.2000,4556.6000,4557.0000,1,1,1,1,3,2,1,2,1,2
SF,IF2010,2020-09-11 09:31:27.500,4553.0000,15459,0,213020700.000,1,0,1,多换,S,4552.2000,4552.0000,4550.8000,4550.4000,4549.8000,4555.4000,4555.6000,4555.8000,4556.6000,4557.0000,1,1,1,3,1,1,3,2,1,2
SF,IF2010,2020-09-11 09:31:28.000,4553.0000,15459,0,213020700.000,0,-,-,-,-,4552.4000,4552.2000,4552.0000,4550.8000,4550.4000,4553.0000,4555.2000,4555.4000,4555.6000,4555.8000,1,1,1,1,3,1,1,1,3,1
SF,IF2010,2020-09-11 09:31:28.500,4553.0000,15459,0,213020700.000,0,-,-,-,-,4552.4000,4552.2000,4552.0000,4550.8000,4549.8000,4553.0000,4555.2000,4555.4000,4555.6000,4555.8000,1,1,1,1,1,1,1,1,3,1
SF,IF2010,2020-09-11 09:31:29.000,4553.0000,15459,0,213020700.000,0,-,-,-,-,4552.2000,4552.0000,4550.8000,4549.8000,4549.2000,4552.4000,4552.8000,4553.0000,4555.4000,4555.6000,1,1,1,1,3,1,1,1,1,3
SF,IF2010,2020-09-11 09:31:29.500,4553.0000,15459,0,217117980.000,3,1,2,多换,S,4552.6000,4552.0000,4550.8000,4549.8000,4549.2000,4555.4000,4555.6000,4555.8000,4556.6000,4556.8000,1,1,1,1,3,1,3,1,1,1
SF,IF2010,2020-09-11 09:31:30.000,4553.0000,15459,0,217117980.000,0,-,-,-,-,4553.2000,4552.0000,4550.8000,4549.8000,4547.0000,4554.8000,4555.2000,4555.4000,4555.6000,4555.8000,1,1,1,1,3,1,1,1,1,1
SF,IF2010,2020-09-11 09:31:30.500,4553.0000,15459,0,217117980.000,0,-,-,-,-,4553.4000,4552.0000,4550.8000,4549.8000,4547.0000,4554.4000,4554.6000,4554.8000,4555.6000,4556.6000,1,1,1,1,3,1,1,1,1,1
SF,IF2010,2020-09-11 09:31:31.000,4553.0000,15459,0,217117980.000,0,-,-,-,-,4553.6000,4552.0000,4550.8000,4549.8000,4547.0000,4554.2000,4554.4000,4555.6000,4556.6000,4556.8000,1,1,2,1,3,1,1,1,1,1
SF,IF2010,2020-09-11 09:31:31.500,4553.0000,15459,0,217117980.000,0,-,-,-,-,4553.8000,4552.0000,4550.8000,4549.8000,4547.0000,4554.2000,4555.6000,4556.6000,4557.4000,4557.8000,1,1,2,1,3,1,1,1,1,1
SF,IF2010,2020-09-11 09:31:32.000,4554.2000,15458,-1,218484240.000,1,0,1,双平,S,4554.0000,4552.0000,4550.8000,4549.8000,4547.0000,4555.6000,4557.4000,4557.8000,4558.4000,4558.6000,2,1,1,1,3,1,1,1,2,1
SF,IF2010,2020-09-11 09:31:32.500,4554.2000,15458,0,218484240.000,0,-,-,-,-,4554.4000,4554.2000,4552.8000,4552.4000,4552.0000,4555.6000,4557.4000,4557.8000,4558.4000,4558.6000,1,1,1,1,1,1,1,1,2,1
SF,IF2010,2020-09-11 09:31:33.000,4554.2000,15458,0,218484240.000,0,-,-,-,-,4554.6000,4552.4000,4552.0000,4550.8000,4549.8000,4557.4000,4557.8000,4558.4000,4558.6000,4559.0000,2,1,1,1,1,1,1,2,1,4
SF,IF2010,2020-09-11 09:31:33.500,4554.2000,15458,0,218484240.000,0,-,-,-,-,4554.8000,4554.6000,4553.8000,4553.0000,4552.0000,4556.2000,4556.4000,4557.0000,4557.2000,4557.8000,1,1,2,1,1,1,1,1,1,1
SF,IF2010,2020-09-11 09:31:34.000,4554.2000,15458,0,218484240.000,0,-,-,-,-,4555.0000,4553.8000,4553.0000,4552.0000,4550.8000,4556.0000,4556.2000,4557.0000,4557.8000,4558.4000,1,1,1,1,1,1,1,1,1,2
SF,IF2010,2020-09-11 09:31:34.500,4554.6000,15459,1,219850620.000,1,1,0,双开,S,4553.8000,4553.0000,4552.0000,4550.8000,4549.8000,4556.0000,4556.2000,4557.0000,4558.4000,4558.6000,1,1,1,1,1,1,1,1,2,1
SF,IF2010,2020-09-11 09:31:35.000,4554.6000,15459,0,219850620.000,0,-,-,-,-,4554.0000,4553.8000,4553.0000,4552.0000,4550.8000,4554.4000,4555.0000,4556.0000,4556.2000,4557.0000,1,1,1,1,1,1,5,1,1,1
SF,IF2010,2020-09-11 09:31:35.500,4555.0000,15457,-2,223950000.000,3,0,3,多平,S,4554.0000,4553.0000,4552.0000,4550.8000,4549.8000,4555.0000,4556.0000,4556.2000,4557.0000,4558.4000,1,1,1,1,1,3,1,1,1,2
SF,IF2010,2020-09-11 09:31:36.000,4555.0000,15455,-2,226683000.000,2,0,2,双平,S,4554.0000,4553.0000,4552.0000,4550.8000,4549.8000,4555.0000,4556.0000,4556.2000,4557.0000,4558.4000,1,1,1,1,1,1,1,1,1,2
SF,IF2010,2020-09-11 09:31:36.500,4555.0000,15454,-1,228049500.000,1,0,1,双平,S,4554.0000,4553.0000,4552.0000,4550.8000,4549.8000,4556.0000,4557.0000,4558.4000,4558.6000,4559.0000,1,1,1,1,1,1,1,2,1,4
SF,IF2010,2020-09-11 09:31:37.500,4555.0000,15454,0,228049500.000,0,-,-,-,-,4554.0000,4553.0000,4552.0000,4550.8000,4549.8000,4556.0000,4557.0000,4558.4000,4558.6000,4559.0000,1,1,2,1,1,1,1,2,1,4
SF,IF2010,2020-09-11 09:31:38.000,4555.0000,15454,0,228049500.000,0,-,-,-,-,4554.2000,4554.0000,4553.0000,4552.0000,4550.8000,4556.0000,4557.0000,4558.4000,4558.6000,4559.0000,2,1,1,2,1,1,1,2,1,4
SF,IF2010,2020-09-11 09:31:38.500,4555.0000,15454,0,228049500.000,0,-,-,-,-,4554.4000,4554.2000,4553.8000,4553.0000,4552.0000,4556.0000,4558.4000,4558.6000,4559.0000,4559.2000,1,2,1,1,2,1,2,1,4,2
SF,IF2010,2020-09-11 09:31:39.000,4556.0000,15454,0,229416300.000,1,0,1,多换,S,4554.4000,4554.2000,4553.8000,4553.0000,4552.0000,4558.4000,4558.6000,4559.0000,4559.2000,4560.0000,1,1,1,1,2,2,1,4,2,4
SF,IF2010,2020-09-11 09:31:39.500,4556.0000,15454,0,229416300.000,0,-,-,-,-,4554.6000,4554.4000,4554.2000,4553.8000,4553.0000,4556.8000,4557.0000,4557.6000,4558.0000,4558.2000,2,1,1,1,1,1,1,4,1,3
SF,IF2010,2020-09-11 09:31:40.000,4556.0000,15454,0,229416300.000,0,-,-,-,-,4554.8000,4553.8000,4553.0000,4552.0000,4550.8000,4556.6000,4556.8000,4557.6000,4558.0000,4558.2000,1,1,1,2,1,1,1,1,1,1
SF,IF2010,2020-09-11 09:31:40.500,4554.8000,15453,-1,230782740.000,1,0,1,双平,S,4553.8000,4553.0000,4552.0000,4550.8000,4549.8000,4556.2000,4556.6000,4556.8000,4557.0000,4557.6000,1,1,2,1,1,5,1,1,1,1
SF,IF2010,2020-09-11 09:31:41.000,4554.8000,15453,0,230782740.000,0,-,-,-,-,4554.0000,4553.8000,4553.0000,4552.0000,4549.8000,4556.0000,4556.2000,4557.0000,4557.6000,4558.0000,1,1,1,2,1,1,5,1,1,1
SF,IF2010,2020-09-11 09:31:41.500,4554.8000,15453,0,230782740.000,0,-,-,-,-,4554.0000,4553.8000,4553.0000,4552.0000,4549.8000,4556.0000,4556.2000,4557.0000,4557.6000,4558.0000,1,1,1,2,1,2,5,1,1,1
SF,IF2010,2020-09-11 09:31:42.000,4554.8000,15453,0,230782740.000,0,-,-,-,-,4554.0000,4553.8000,4553.0000,4552.0000,4551.8000,4556.0000,4556.2000,4557.0000,4557.6000,4558.0000,1,1,1,2,1,2,5,1,1,1
SF,IF2010,2020-09-11 09:31:42.500,4554.8000,15453,0,230782740.000,0,-,-,-,-,4554.4000,4554.0000,4553.8000,4553.0000,4552.0000,4555.8000,4556.0000,4556.2000,4557.0000,4557.6000,1,1,1,1,2,1,2,5,1,1
SF,IF2010,2020-09-11 09:31:43.000,4554.8000,15453,0,230782740.000,0,-,-,-,-,4554.4000,4554.0000,4553.8000,4553.0000,4552.0000,4555.8000,4556.0000,4556.2000,4557.0000,4557.6000,1,1,1,1,2,1,2,5,1,1
SF,IF2010,2020-09-11 09:31:43.500,4554.8000,15453,0,230782740.000,0,-,-,-,-,4554.4000,4554.0000,4553.8000,4553.0000,4552.0000,4555.8000,4556.0000,4556.2000,4557.0000,4557.6000,1,1,1,1,2,1,2,5,1,1
SF,IF2010,2020-09-11 09:31:44.000,4554.8000,15453,0,230782740.000,0,-,-,-,-,4554.4000,4554.0000,4553.8000,4553.0000,4552.0000,4555.8000,4556.0000,4556.2000,4557.0000,4557.6000,1,1,1,1,2,1,2,5,1,1
SF,IF2010,2020-09-11 09:31:44.500,4554.8000,15453,0,230782740.000,0,-,-,-,-,4554.6000,4553.8000,4553.0000,4552.0000,4551.8000,4556.0000,4556.2000,4557.0000,4557.6000,4558.0000,1,1,1,2,1,1,5,1,1,1
SF,IF2010,2020-09-11 09:31:45.000,4554.8000,15453,0,230782740.000,0,-,-,-,-,4554.6000,4553.8000,4553.0000,4552.0000,4551.8000,4555.8000,4556.0000,4556.2000,4557.0000,4558.0000,1,1,1,2,1,1,1,5,1,1
SF,IF2010,2020-09-11 09:31:45.500,4554.6000,15452,-1,232149120.000,1,0,1,双平,S,4553.8000,4553.0000,4552.0000,4551.8000,4549.8000,4555.8000,4556.0000,4556.2000,4557.0000,4558.0000,1,1,2,1,1,1,1,5,1,1
SF,IF2010,2020-09-11 09:31:46.000,4554.6000,15452,0,232149120.000,0,-,-,-,-,4553.8000,4553.0000,4552.0000,4551.8000,4549.8000,4555.8000,4556.0000,4556.2000,4557.0000,4558.0000,1,1,1,1,1,1,1,5,1,1
SF,IF2010,2020-09-11 09:31:46.500,4554.6000,15452,0,232149120.000,0,-,-,-,-,4553.8000,4553.0000,4552.0000,4551.8000,4549.8000,4555.8000,4556.0000,4556.2000,4557.0000,4558.0000,1,1,1,1,1,1,1,5,1,1
SF,IF2010,2020-09-11 09:31:47.000,4554.6000,15452,0,232149120.000,0,-,-,-,-,4553.8000,4553.0000,4552.0000,4551.8000,4549.8000,4555.6000,4555.8000,4556.0000,4556.2000,4557.0000,1,1,1,1,1,1,1,1,5,1
SF,IF2010,2020-09-11 09:31:47.500,4553.8000,15452,0,233515260.000,1,0,1,多换,S,4553.0000,4552.0000,4551.8000,4549.8000,4547.0000,4555.4000,4555.6000,4556.0000,4556.2000,4557.0000,1,1,1,1,3,1,1,1,5,1
SF,IF2010,2020-09-11 09:31:48.000,4553.8000,15452,0,233515260.000,0,-,-,-,-,4553.0000,4552.0000,4551.8000,4549.8000,4547.0000,4555.4000,4555.6000,4556.0000,4556.2000,4557.0000,1,1,1,1,3,1,1,1,5,1
SF,IF2010,2020-09-11 09:31:48.500,4553.8000,15452,0,233515260.000,0,-,-,-,-,4553.2000,4553.0000,4552.0000,4551.8000,4549.8000,4555.4000,4555.6000,4556.0000,4556.2000,4557.0000,1,1,1,1,1,1,1,1,5,1
SF,IF2010,2020-09-11 09:31:49.000,4553.8000,15452,0,233515260.000,0,-,-,-,-,4553.0000,4552.0000,4551.8000,4549.8000,4547.0000,4553.2000,4555.2000,4555.4000,4556.0000,4556.2000,1,1,1,1,3,1,1,1,1,5
SF,IF2010,2020-09-11 09:31:49.500,4553.8000,15452,0,233515260.000,0,-,-,-,-,4553.0000,4552.0000,4551.8000,4549.8000,4547.0000,4553.2000,4555.2000,4555.4000,4556.0000,4556.2000,1,1,1,1,3,1,1,1,1,5
SF,IF2010,2020-09-11 09:31:50.000,4553.2000,15452,0,234881220.000,1,0,1,多换,S,4553.0000,4552.0000,4551.8000,4549.8000,4547.0000,4555.2000,4555.4000,4556.0000,4556.2000,4557.0000,1,1,1,1,3,1,1,1,5,1
SF,IF2010,2020-09-11 09:31:50.500,4553.0000,15451,-1,236247120.000,1,0,1,双平,S,4552.0000,4551.8000,4549.8000,4547.0000,4545.0000,4555.0000,4555.2000,4556.0000,4556.2000,4557.0000,1,1,1,3,7,1,1,1,5,1
SF,IF2010,2020-09-11 09:31:51.000,4553.0000,15451,0,236247120.000,0,-,-,-,-,4552.2000,4552.0000,4551.8000,4549.8000,4547.0000,4555.0000,4555.2000,4556.0000,4556.2000,4557.0000,2,1,1,1,3,1,1,1,5,1
SF,IF2010,2020-09-11 09:31:52.000,4553.0000,15451,0,236247120.000,0,-,-,-,-,4552.2000,4552.0000,4551.8000,4549.8000,4547.0000,4555.0000,4555.2000,4556.0000,4556.2000,4557.0000,2,3,1,1,3,1,1,1,5,1
SF,IF2010,2020-09-11 09:31:52.500,4553.0000,15451,0,236247120.000,0,-,-,-,-,4552.4000,4552.2000,4552.0000,4551.8000,4549.8000,4555.0000,4555.2000,4556.0000,4556.2000,4557.0000,2,2,3,1,1,1,1,1,5,1
SF,IF2010,2020-09-11 09:31:53.000,4553.0000,15451,0,236247120.000,0,-,-,-,-,4552.6000,4552.4000,4552.2000,4552.0000,4551.8000,4555.0000,4556.0000,4556.2000,4557.0000,4558.0000,1,3,1,3,1,1,1,5,1,1
SF,IF2010,2020-09-11 09:31:53.500,4552.8000,15452,1,237612960.000,1,1,0,双开,S,4552.6000,4552.4000,4552.2000,4552.0000,4551.8000,4555.0000,4556.0000,4556.2000,4557.0000,4558.0000,1,3,1,3,1,1,1,5,1,1
SF,IF2010,2020-09-11 09:31:54.000,4555.0000,15452,0,238979460.000,1,0,1,多换,S,4553.0000,4552.8000,4552.6000,4552.4000,4552.2000,4556.0000,4556.2000,4557.0000,4558.0000,4558.2000,1,2,1,2,1,1,5,1,1,1
SF,IF2010,2020-09-11 09:31:54.500,4555.0000,15452,0,238979460.000,0,-,-,-,-,4553.2000,4553.0000,4552.8000,4552.4000,4552.2000,4555.8000,4556.0000,4556.2000,4557.0000,4558.0000,1,1,2,1,1,1,1,5,1,1
SF,IF2010,2020-09-11 09:31:55.000,4555.0000,15452,0,238979460.000,0,-,-,-,-,4553.2000,4552.4000,4552.2000,4552.0000,4551.8000,4555.0000,4555.2000,4555.6000,4555.8000,4556.0000,2,1,1,3,1,1,2,1,3,1
SF,IF2010,2020-09-11 09:31:55.500,4555.0000,15452,0,238979460.000,0,-,-,-,-,4553.2000,4552.0000,4551.8000,4551.4000,4549.8000,4554.8000,4555.2000,4556.0000,4556.2000,4557.0000,1,3,1,1,1,1,1,1,5,1
SF,IF2010,2020-09-11 09:31:56.000,4555.0000,15452,0,238979460.000,0,-,-,-,-,4552.0000,4551.8000,4551.4000,4550.8000,4549.8000,4554.8000,4555.2000,4556.0000,4556.2000,4557.0000,3,1,1,1,1,1,1,1,5,1
SF,IF2010,2020-09-11 09:31:56.500,4554.8000,15451,-1,240345900.000,1,0,1,双平,S,4552.8000,4552.6000,4552.2000,4552.0000,4551.8000,4555.2000,4556.0000,4556.2000,4557.0000,4558.0000,1,1,7,3,1,1,1,5,1,1
SF,IF2010,2020-09-11 09:31:57.000,4554.8000,15451,0,240345900.000,0,-,-,-,-,4553.2000,4553.0000,4552.6000,4552.2000,4552.0000,4554.6000,4555.0000,4556.0000,4556.2000,4557.0000,1,2,1,6,3,1,1,1,5,1
SF,IF2010,2020-09-11 09:31:57.500,4554.8000,15451,0,240345900.000,0,-,-,-,-,4554.0000,4553.4000,4553.2000,4553.0000,4552.2000,4555.0000,4556.0000,4556.2000,4557.0000,4558.0000,1,1,3,2,5,1,1,5,1,1
SF,IF2010,2020-09-11 09:31:58.000,4554.8000,15451,0,240345900.000,0,-,-,-,-,4554.0000,4553.4000,4553.2000,4553.0000,4552.2000,4556.0000,4556.2000,4557.0000,4558.0000,4558.2000,1,1,2,1,5,1,5,1,1,1
SF,IF2010,2020-09-11 09:31:58.500,4554.8000,15451,0,240345900.000,0,-,-,-,-,4554.2000,4553.2000,4553.0000,4552.2000,4552.0000,4555.8000,4556.0000,4556.2000,4557.0000,4558.0000,1,1,1,5,3,1,1,5,1,1
SF,IF2010,2020-09-11 09:31:59.000,4554.8000,15451,0,240345900.000,0,-,-,-,-,4554.2000,4553.2000,4553.0000,4552.2000,4552.0000,4555.8000,4556.0000,4556.2000,4557.0000,4558.0000,1,1,1,5,3,1,1,5,1,1
SF,IF2010,2020-09-11 09:31:59.500,4554.8000,15451,0,240345900.000,0,-,-,-,-,4553.2000,4552.2000,4552.0000,4551.4000,4549.8000,4555.2000,4555.8000,4556.0000,4556.2000,4557.0000,1,5,3,1,1,1,1,1,5,1
SF,IF2010,2020-09-11 09:32:00.000,4554.8000,15451,0,240345900.000,0,-,-,-,-,4554.0000,4553.4000,4552.2000,4552.0000,4551.4000,4555.8000,4556.0000,4556.2000,4557.0000,4558.0000,1,1,5,3,1,1,1,5,1,1
SF,IF2010,2020-09-11 09:32:00.500,4554.8000,15451,0,240345900.000,0,-,-,-,-,4554.2000,4554.0000,4552.2000,4552.0000,4551.4000,4555.8000,4556.0000,4556.2000,4557.0000,4558.0000,1,1,5,3,1,1,1,5,1,1
SF,IF2010,2020-09-11 09:32:01.000,4556.0000,15449,-2,243079440.000,2,0,2,双平,S,4554.2000,4554.0000,4552.2000,4552.0000,4551.4000,4556.2000,4557.0000,4558.0000,4558.2000,4558.4000,1,2,2,3,1,5,1,1,1,1
SF,IF2010,2020-09-11 09:32:01.500,4554.2000,15449,0,244445700.000,1,0,1,多换,S,4554.8000,4554.0000,4552.2000,4552.0000,4551.4000,4556.2000,4557.0000,4558.0000,4558.2000,4558.4000,1,1,2,3,1,5,1,1,1,1
SF,IF2010,2020-09-11 09:32:02.000,4556.2000,15449,0,251280000.000,5,2,3,多换,S,4555.0000,4554.8000,4554.0000,4553.6000,4552.2000,4557.0000,4558.4000,4558.6000,4559.0000,4560.0000,1,1,1,1,2,1,1,1,4,6
SF,IF2010,2020-09-11 09:32:02.500,4556.2000,15449,0,251280000.000,0,-,-,-,-,4555.8000,4555.2000,4555.0000,4554.8000,4553.6000,4557.0000,4558.4000,4558.6000,4559.0000,4560.0000,1,1,1,1,1,1,1,1,4,6
SF,IF2010,2020-09-11 09:32:03.000,4556.0000,15448,-1,254013900.000,2,0,2,多平,S,4556.0000,4555.8000,4555.2000,4554.8000,4553.6000,4558.4000,4558.6000,4559.0000,4560.0000,4562.0000,1,4,2,1,1,1,1,5,6,2
SF,IF2010,2020-09-11 09:32:03.500,4556.0000,15448,0,254013900.000,0,-,-,-,-,4556.0000,4555.8000,4555.2000,4554.8000,4553.6000,4558.6000,4559.0000,4560.0000,4562.0000,4563.0000,1,4,2,1,1,1,5,6,2,1
SF,IF2010,2020-09-11 09:32:04.000,4556.0000,15448,0,254013900.000,0,-,-,-,-,4557.6000,4556.8000,4556.6000,4556.0000,4555.8000,4558.4000,4558.6000,4559.0000,4560.0000,4562.0000,1,1,1,1,3,1,1,5,6,2
SF,IF2010,2020-09-11 09:32:04.500,4556.0000,15448,0,254013900.000,0,-,-,-,-,4556.8000,4556.6000,4556.2000,4556.0000,4555.8000,4558.6000,4559.0000,4560.0000,4562.0000,4563.0000,2,1,1,1,3,1,5,6,2,1
SF,IF2010,2020-09-11 09:32:05.000,4556.0000,15448,0,254013900.000,0,-,-,-,-,4557.0000,4556.8000,4556.6000,4556.2000,4555.8000,4558.4000,4558.6000,4559.0000,4560.0000,4562.0000,1,1,1,1,3,1,1,5,6,2
SF,IF2010,2020-09-11 09:32:05.500,4556.0000,15448,0,254013900.000,0,-,-,-,-,4556.6000,4555.8000,4555.2000,4553.6000,4553.0000,4558.0000,4558.4000,4558.6000,4559.0000,4560.0000,1,3,1,1,1,1,1,1,5,6
SF,IF2010,2020-09-11 09:32:06.000,4556.0000,15448,0,254013900.000,0,-,-,-,-,4556.8000,4555.8000,4555.2000,4553.6000,4553.2000,4558.0000,4558.4000,4558.6000,4559.0000,4560.0000,1,3,1,1,1,1,1,1,5,6
SF,IF2010,2020-09-11 09:32:06.500,4558.0000,15447,-1,255381300.000,1,0,1,双平,S,4556.8000,4555.8000,4555.2000,4553.6000,4553.2000,4558.6000,4559.0000,4560.0000,4562.0000,4563.0000,1,3,1,1,1,1,5,6,2,1
SF,IF2010,2020-09-11 09:32:07.000,4559.0000,15445,-2,258116580.000,2,0,2,双平,S,4557.6000,4557.0000,4556.8000,4555.8000,4555.2000,4559.0000,4560.0000,4562.0000,4563.0000,4565.0000,2,2,2,1,1,4,6,2,1,6
SF,IF2010,2020-09-11 09:32:07.500,4559.0000,15442,-3,263587380.000,4,0,4,多平,S,4558.0000,4557.8000,4557.6000,4557.0000,4556.8000,4560.0000,4562.0000,4563.0000,4565.0000,4565.2000,1,2,2,2,1,6,2,1,6,1
SF,IF2010,2020-09-11 09:32:08.000,4560.0000,15442,0,264955380.000,1,0,1,多换,S,4558.4000,4558.2000,4557.6000,4557.0000,4556.8000,4560.0000,4562.0000,4563.0000,4565.0000,4565.2000,1,2,2,2,1,5,2,1,1,1
SF,IF2010,2020-09-11 09:32:08.500,4560.0000,15442,0,264955380.000,0,-,-,-,-,4558.6000,4558.4000,4558.2000,4557.6000,4557.0000,4560.0000,4562.0000,4563.0000,4565.0000,4565.2000,1,1,1,2,2,5,2,1,1,1
SF,IF2010,2020-09-11 09:32:09.500,4558.6000,15441,-1,266322960.000,1,0,1,双平,S,4559.0000,4558.2000,4557.6000,4557.0000,4556.8000,4560.0000,4562.0000,4563.0000,4565.0000,4565.2000,1,1,2,2,1,5,2,1,1,1
SF,IF2010,2020-09-11 09:32:10.000,4559.0000,15441,0,267690660.000,1,0,1,多换,S,4558.2000,4557.6000,4557.0000,4556.8000,4555.2000,4559.8000,4560.0000,4562.0000,4563.0000,4565.0000,1,2,2,1,1,1,3,2,1,1
SF,IF2010,2020-09-11 09:32:10.500,4559.0000,15441,0,267690660.000,0,-,-,-,-,4557.6000,4557.0000,4556.8000,4555.2000,4553.6000,4559.8000,4560.0000,4562.0000,4563.0000,4565.0000,2,2,1,1,1,1,3,2,1,1
SF,IF2010,2020-09-11 09:32:11.000,4557.6000,15439,-2,270425220.000,2,0,2,双平,S,4557.0000,4555.2000,4553.6000,4553.2000,4553.0000,4559.4000,4559.8000,4560.0000,4562.0000,4563.0000,2,1,1,1,1,1,1,3,2,1
SF,IF2010,2020-09-11 09:32:11.500,4557.6000,15439,0,270425220.000,0,-,-,-,-,4555.2000,4553.6000,4553.2000,4553.0000,4552.0000,4558.4000,4559.2000,4559.4000,4560.0000,4562.0000,1,1,1,1,3,1,1,4,3,2
SF,IF2010,2020-09-11 09:32:12.000,4557.6000,15439,0,270425220.000,0,-,-,-,-,4555.4000,4555.2000,4553.6000,4553.2000,4553.0000,4558.2000,4558.4000,4559.4000,4560.0000,4562.0000,1,3,1,1,1,1,1,3,3,2
SF,IF2010,2020-09-11 09:32:12.500,4557.6000,15439,0,270425220.000,0,-,-,-,-,4559.0000,4555.8000,4555.6000,4555.4000,4555.2000,4559.4000,4560.0000,4562.0000,4563.0000,4565.0000,6,1,1,2,4,2,3,2,1,1
SF,IF2010,2020-09-11 09:32:13.000,4559.0000,15439,0,278631420.000,6,3,3,多换,S,4555.8000,4555.6000,4555.4000,4555.2000,4553.6000,4559.4000,4560.0000,4562.0000,4563.0000,4565.0000,1,1,2,4,1,2,3,2,1,1
SF,IF2010,2020-09-11 09:32:13.500,4559.0000,15439,0,278631420.000,0,-,-,-,-,4556.6000,4556.4000,4556.0000,4555.8000,4555.4000,4559.2000,4559.4000,4560.0000,4562.0000,4563.0000,1,1,2,1,1,1,2,3,2,1
SF,IF2010,2020-09-11 09:32:14.000,4559.0000,15439,0,278631420.000,0,-,-,-,-,4556.8000,4556.6000,4556.4000,4555.8000,4555.4000,4559.2000,4559.4000,4560.0000,4562.0000,4563.0000,2,1,1,1,1,1,2,3,2,1
SF,IF2010,2020-09-11 09:32:14.500,4559.0000,15439,0,278631420.000,0,-,-,-,-,4556.6000,4556.4000,4555.8000,4555.4000,4555.2000,4559.2000,4559.4000,4560.0000,4562.0000,4563.0000,1,1,1,1,3,1,2,3,2,1
SF,IF2010,2020-09-11 09:32:15.000,4559.0000,15439,0,278631420.000,0,-,-,-,-,4555.4000,4555.2000,4553.6000,4553.2000,4553.0000,4558.4000,4558.8000,4559.0000,4559.2000,4559.4000,1,3,1,1,1,1,1,7,1,2
SF,IF2010,2020-09-11 09:32:15.500,4559.0000,15439,0,278631420.000,0,-,-,-,-,4555.6000,4555.4000,4555.2000,4553.2000,4553.0000,4557.6000,4558.0000,4558.2000,4558.4000,4558.6000,1,1,2,1,1,3,1,2,2,1
SF,IF2010,2020-09-11 09:32:16.000,4559.0000,15439,0,278631420.000,0,-,-,-,-,4555.6000,4553.2000,4553.0000,4552.0000,4551.2000,4557.4000,4557.6000,4558.0000,4558.2000,4558.4000,1,1,1,3,1,1,3,1,1,2
SF,IF2010,2020-09-11 09:32:16.500,4559.0000,15439,0,279999120.000,1,0,1,多换,S,4555.6000,4553.2000,4553.0000,4552.0000,4551.2000,4557.6000,4558.4000,4558.6000,4560.0000,4562.0000,1,1,1,3,1,3,2,1,3,2
SF,IF2010,2020-09-11 09:32:17.000,4559.0000,15439,0,279999120.000,0,-,-,-,-,4555.6000,4553.0000,4552.0000,4551.2000,4549.8000,4558.4000,4560.0000,4562.0000,4563.0000,4565.2000,1,1,3,1,1,2,3,2,1,1
SF,IF2010,2020-09-11 09:32:17.500,4559.0000,15439,0,279999120.000,0,-,-,-,-,4555.6000,4553.0000,4552.0000,4551.2000,4549.8000,4557.6000,4558.2000,4558.4000,4560.0000,4562.0000,1,1,3,1,1,3,1,1,3,2
SF,IF2010,2020-09-11 09:32:18.000,4555.6000,15438,-1,281365800.000,1,0,1,双平,S,4553.0000,4552.0000,4551.2000,4549.8000,4549.4000,4557.4000,4557.6000,4558.0000,4558.2000,4558.4000,1,3,1,1,1,1,3,1,1,1
SF,IF2010,2020-09-11 09:32:18.500,4555.6000,15438,0,281365800.000,0,-,-,-,-,4553.6000,4553.4000,4553.2000,4553.0000,4552.0000,4557.2000,4557.4000,4557.6000,4558.0000,4558.2000,1,1,1,1,3,1,1,3,2,1
SF,IF2010,2020-09-11 09:32:19.000,4555.6000,15438,0,281365800.000,0,-,-,-,-,4553.8000,4553.6000,4553.4000,4553.0000,4552.0000,4557.0000,4557.2000,4557.6000,4558.0000,4558.2000,2,2,1,1,3,1,1,3,2,1
SF,IF2010,2020-09-11 09:32:19.500,4555.6000,15438,0,281365800.000,0,-,-,-,-,4554.0000,4553.8000,4553.6000,4553.4000,4553.0000,4557.0000,4557.2000,4557.6000,4558.0000,4558.2000,1,2,1,1,1,1,1,3,2,1
SF,IF2010,2020-09-11 09:32:20.000,4555.6000,15438,0,281365800.000,0,-,-,-,-,4554.2000,4554.0000,4553.8000,4553.6000,4553.4000,4555.8000,4557.0000,4557.2000,4557.6000,4558.0000,1,1,1,1,1,2,1,1,1,2
SF,IF2010,2020-09-11 09:32:20.500,4555.6000,15438,0,281365800.000,0,-,-,-,-,4554.2000,4554.0000,4553.0000,4552.0000,4551.2000,4555.6000,4555.8000,4557.6000,4558.0000,4558.2000,1,1,1,3,1,1,1,1,2,1
SF,IF2010,2020-09-11 09:32:21.000,4555.6000,15438,0,281365800.000,0,-,-,-,-,4554.2000,4553.0000,4552.0000,4551.2000,4550.0000,4555.6000,4555.8000,4557.6000,4558.0000,4558.2000,1,1,3,1,1,1,2,1,1,1
SF,IF2010,2020-09-11 09:32:21.500,4554.2000,15437,-1,282732060.000,1,0,1,双平,S,4553.0000,4552.0000,4551.2000,4550.0000,4549.8000,4555.2000,4555.6000,4555.8000,4558.0000,4558.2000,1,3,1,1,1,1,1,2,1,1
SF,IF2010,2020-09-11 09:32:22.000,4554.2000,15437,0,282732060.000,0,-,-,-,-,4553.2000,4553.0000,4552.0000,4551.2000,4550.0000,4555.0000,4555.2000,4555.8000,4558.0000,4558.2000,1,1,3,1,1,1,1,2,1,1
SF,IF2010,2020-09-11 09:32:22.500,4554.2000,15437,0,282732060.000,0,-,-,-,-,4553.2000,4553.0000,4552.0000,4551.2000,4550.0000,4555.0000,4555.2000,4555.8000,4558.0000,4558.2000,1,1,3,1,1,1,1,2,1,1
SF,IF2010,2020-09-11 09:32:23.500,4554.2000,15437,0,282732060.000,0,-,-,-,-,4553.2000,4553.0000,4552.0000,4551.2000,4550.0000,4555.0000,4555.2000,4555.8000,4558.0000,4558.2000,1,1,3,1,1,1,1,2,1,1
SF,IF2010,2020-09-11 09:32:24.000,4554.2000,15437,0,282732060.000,0,-,-,-,-,4553.2000,4553.0000,4552.0000,4551.2000,4550.0000,4555.0000,4555.2000,4555.8000,4558.0000,4558.2000,1,1,3,1,1,1,1,2,1,1
SF,IF2010,2020-09-11 09:32:24.500,4555.0000,15436,-1,284098560.000,1,0,1,双平,S,4553.4000,4553.2000,4553.0000,4552.0000,4551.2000,4554.2000,4555.2000,4555.8000,4558.0000,4558.2000,1,1,1,3,1,2,1,2,1,1
SF,IF2010,2020-09-11 09:32:25.000,4555.0000,15434,-2,286831560.000,2,0,2,双平,S,4554.6000,4554.2000,4553.8000,4553.4000,4553.0000,4558.0000,4558.2000,4558.4000,4560.0000,4562.0000,1,1,3,1,1,1,1,1,3,2
SF,IF2010,2020-09-11 09:32:25.500,4554.8000,15432,-2,289564740.000,2,0,2,双平,S,4554.8000,4554.6000,4553.4000,4553.0000,4552.0000,4557.4000,4557.6000,4557.8000,4558.0000,4558.2000,1,1,1,1,3,1,3,2,1,1
SF,IF2010,2020-09-11 09:32:26.000,4554.8000,15432,0,289564740.000,0,-,-,-,-,4555.0000,4554.8000,4553.0000,4552.0000,4551.2000,4557.2000,4557.6000,4557.8000,4558.0000,4558.4000,1,1,1,3,1,1,2,1,1,1
SF,IF2010,2020-09-11 09:32:26.500,4554.8000,15430,-2,292297620.000,2,0,2,双平,S,4553.0000,4552.0000,4551.2000,4550.0000,4549.8000,4555.8000,4557.0000,4557.2000,4557.6000,4557.8000,1,3,1,1,1,1,2,1,1,1
SF,IF2010,2020-09-11 09:32:27.000,4554.8000,15430,0,292297620.000,0,-,-,-,-,4553.2000,4553.0000,4552.0000,4551.2000,4550.0000,4555.6000,4557.0000,4557.6000,4558.4000,4560.0000,3,1,3,1,1,1,1,1,1,3
SF,IF2010,2020-09-11 09:32:27.500,4554.8000,15430,0,292297620.000,0,-,-,-,-,4553.4000,4553.2000,4553.0000,4552.0000,4551.2000,4555.2000,4555.4000,4555.6000,4555.8000,4557.0000,1,1,1,3,1,1,1,1,1,1
SF,IF2010,2020-09-11 09:32:28.000,4554.8000,15430,0,292297620.000,0,-,-,-,-,4553.0000,4552.0000,4551.2000,4550.0000,4549.8000,4555.0000,4555.2000,4555.4000,4555.8000,4557.0000,2,3,1,1,1,1,1,1,1,1
SF,IF2010,2020-09-11 09:32:29.000,4554.8000,15430,0,292297620.000,0,-,-,-,-,4553.0000,4552.0000,4551.2000,4550.0000,4549.8000,4553.2000,4555.0000,4555.2000,4555.4000,4555.8000,2,3,1,1,1,1,2,1,1,1
SF,IF2010,2020-09-11 09:32:29.500,4553.6000,15429,-1,293663700.000,1,0,1,双平,S,4553.2000,4553.0000,4552.0000,4551.2000,4550.0000,4555.0000,4555.4000,4555.8000,4557.0000,4558.4000,4,3,3,1,1,2,1,1,1,1
SF,IF2010,2020-09-11 09:32:30.000,4555.0000,15428,-1,295030200.000,1,0,1,双平,S,4554.0000,4553.6000,4553.4000,4553.0000,4552.0000,4557.0000,4558.4000,4560.0000,4562.0000,4563.0000,1,1,4,2,3,1,1,3,2,3
SF,IF2010,2020-09-11 09:32:30.500,4557.0000,15428,0,296397300.000,1,0,1,多换,S,4555.8000,4554.2000,4553.4000,4553.0000,4552.0000,4556.8000,4558.4000,4559.0000,4560.0000,4562.0000,1,1,1,2,3,2,1,1,3,2
SF,IF2010,2020-09-11 09:32:31.000,4555.8000,15427,-1,297764040.000,1,0,1,双平,S,4555.2000,4554.2000,4554.0000,4553.4000,4553.0000,4556.6000,4558.4000,4559.0000,4560.0000,4562.0000,14,1,1,1,2,1,1,1,3,2
SF,IF2010,2020-09-11 09:32:31.500,4555.8000,15427,0,297764040.000,0,-,-,-,-,4555.2000,4554.2000,4554.0000,4553.4000,4553.0000,4556.4000,4556.6000,4558.4000,4559.0000,4560.0000,14,1,1,1,2,1,1,1,1,3
SF,IF2010,2020-09-11 09:32:32.000,4555.2000,15424,-3,301863720.000,3,0,3,双平,S,4555.2000,4554.2000,4553.4000,4553.0000,4552.0000,4555.8000,4556.2000,4556.4000,4558.4000,4559.0000,11,1,1,2,3,1,1,1,1,1
SF,IF2010,2020-09-11 09:32:32.500,4555.2000,15418,-6,311429640.000,7,0,7,多平,S,4555.2000,4553.4000,4553.0000,4552.0000,4551.2000,4555.6000,4555.8000,4556.2000,4558.4000,4559.0000,4,1,2,3,1,1,1,1,1,1
SF,IF2010,2020-09-11 09:32:33.000,4555.6000,15417,-1,312796320.000,1,0,1,双平,S,4555.2000,4553.0000,4552.0000,4551.2000,4550.0000,4556.2000,4558.4000,4559.0000,4560.0000,4562.0000,4,2,3,1,1,1,1,1,3,2
SF,IF2010,2020-09-11 09:32:33.500,4555.6000,15417,0,312796320.000,0,-,-,-,-,4555.2000,4553.0000,4552.0000,4551.2000,4550.0000,4558.4000,4559.0000,4560.0000,4562.0000,4563.0000,4,2,3,1,1,1,1,3,2,3
SF,IF2010,2020-09-11 09:32:34.000,4555.6000,15417,0,312796320.000,0,-,-,-,-,4555.4000,4555.2000,4553.0000,4552.0000,4551.2000,4555.8000,4557.2000,4557.6000,4557.8000,4558.0000,1,4,2,3,1,1,1,2,1,3
SF,IF2010,2020-09-11 09:32:34.500,4555.8000,15416,-1,314163060.000,1,0,1,双平,S,4555.4000,4555.2000,4553.0000,4552.0000,4551.2000,4557.8000,4558.0000,4558.2000,4558.4000,4559.0000,1,4,2,3,1,1,1,3,1,1
SF,IF2010,2020-09-11 09:32:35.000,4555.8000,15416,0,314163060.000,0,-,-,-,-,4555.4000,4555.2000,4553.0000,4552.0000,4551.2000,4557.4000,4557.6000,4557.8000,4558.2000,4558.4000,1,4,2,3,1,1,1,1,2,1
SF,IF2010,2020-09-11 09:32:35.500,4555.8000,15416,0,314163060.000,0,-,-,-,-,4555.4000,4555.2000,4553.0000,4552.0000,4551.2000,4557.2000,4557.8000,4558.2000,4558.4000,4559.0000,1,4,2,3,1,1,1,1,1,1
SF,IF2010,2020-09-11 09:32:36.000,4555.8000,15416,0,314163060.000,0,-,-,-,-,4555.4000,4555.2000,4553.0000,4552.0000,4551.2000,4557.0000,4557.2000,4558.4000,4559.0000,4560.0000,1,4,2,3,1,1,1,1,1,3
SF,IF2010,2020-09-11 09:32:36.500,4555.8000,15416,0,314163060.000,0,-,-,-,-,4555.4000,4555.2000,4553.0000,4552.0000,4551.2000,4557.0000,4557.2000,4558.4000,4559.0000,4560.0000,1,4,2,3,1,1,1,1,1,3
SF,IF2010,2020-09-11 09:32:37.500,4555.8000,15416,0,314163060.000,0,-,-,-,-,4555.4000,4555.2000,4553.0000,4552.0000,4551.6000,4557.0000,4557.2000,4558.4000,4559.0000,4560.0000,1,4,2,3,3,1,1,1,1,3
SF,IF2010,2020-09-11 09:32:38.000,4555.8000,15416,0,314163060.000,0,-,-,-,-,4555.4000,4555.2000,4553.0000,4552.0000,4551.6000,4556.8000,4557.0000,4558.4000,4559.0000,4560.0000,1,4,2,3,3,1,1,1,1,3
SF,IF2010,2020-09-11 09:32:38.500,4555.8000,15416,0,314163060.000,0,-,-,-,-,4555.4000,4555.2000,4553.0000,4552.0000,4551.6000,4557.0000,4558.4000,4559.0000,4560.0000,4562.0000,1,4,2,3,3,1,1,1,3,2
SF,IF2010,2020-09-11 09:32:39.000,4555.8000,15416,0,314163060.000,0,-,-,-,-,4555.4000,4555.2000,4553.0000,4552.0000,4551.6000,4556.8000,4558.4000,4559.0000,4560.0000,4562.0000,1,4,2,3,3,1,1,1,3,2
SF,IF2010,2020-09-11 09:32:40.000,4555.8000,15416,0,314163060.000,0,-,-,-,-,4555.4000,4555.2000,4553.0000,4552.0000,4551.6000,4555.8000,4556.8000,4558.4000,4559.0000,4560.0000,1,4,2,3,3,1,1,1,1,3
SF,IF2010,2020-09-11 09:32:40.500,4555.8000,15415,-1,315529800.000,1,0,1,双平,S,4555.4000,4555.2000,4553.0000,4552.0000,4551.6000,4556.8000,4558.4000,4559.0000,4560.0000,4562.0000,1,4,2,3,3,1,1,1,3,2
SF,IF2010,2020-09-11 09:32:42.000,4556.8000,15415,0,316896840.000,1,0,1,多换,S,4555.4000,4555.2000,4553.0000,4552.0000,4551.6000,4558.4000,4559.0000,4560.0000,4562.0000,4563.0000,1,4,2,3,3,1,1,3,2,3
SF,IF2010,2020-09-11 09:32:42.500,4556.8000,15415,0,316896840.000,0,-,-,-,-,4555.4000,4555.2000,4553.0000,4552.0000,4551.6000,4558.0000,4558.2000,4558.4000,4559.0000,4560.0000,1,4,2,3,3,1,2,1,1,3
SF,IF2010,2020-09-11 09:32:43.000,4556.8000,15415,0,316896840.000,0,-,-,-,-,4555.4000,4555.2000,4553.0000,4552.0000,4551.6000,4557.8000,4558.0000,4558.2000,4558.4000,4559.0000,1,4,2,3,3,1,1,1,1,1
SF,IF2010,2020-09-11 09:32:43.500,4556.8000,15415,0,316896840.000,0,-,-,-,-,4555.4000,4555.2000,4553.0000,4552.0000,4551.6000,4557.6000,4557.8000,4558.2000,4558.4000,4559.0000,1,4,2,3,3,1,1,1,1,1
SF,IF2010,2020-09-11 09:32:44.000,4556.8000,15415,0,316896840.000,0,-,-,-,-,4555.4000,4555.2000,4553.0000,4552.0000,4551.6000,4557.4000,4557.6000,4558.2000,4558.4000,4559.0000,1,4,2,3,3,1,1,1,1,1
SF,IF2010,2020-09-11 09:32:44.500,4557.0000,15415,0,318263940.000,1,0,1,多换,S,4555.4000,4555.2000,4553.0000,4552.0000,4551.6000,4557.4000,4558.2000,4558.4000,4559.0000,4560.0000,1,4,2,3,3,1,1,1,1,4
SF,IF2010,2020-09-11 09:32:45.000,4557.0000,15415,0,318263940.000,0,-,-,-,-,4555.4000,4555.2000,4553.0000,4552.0000,4551.6000,4557.2000,4557.4000,4558.2000,4558.4000,4559.0000,1,4,2,3,3,1,1,1,1,1
SF,IF2010,2020-09-11 09:32:45.500,4557.0000,15415,0,318263940.000,0,-,-,-,-,4555.2000,4553.0000,4552.0000,4551.6000,4551.2000,4556.8000,4557.0000,4558.2000,4558.4000,4559.0000,4,2,3,3,1,1,2,1,1,1
SF,IF2010,2020-09-11 09:32:46.000,4555.2000,15412,-3,322363620.000,3,0,3,双平,S,4555.2000,4553.0000,4552.0000,4551.6000,4551.2000,4556.6000,4557.0000,4558.2000,4558.4000,4559.0000,1,2,3,3,1,2,1,1,1,1
SF,IF2010,2020-09-11 09:32:46.500,4555.2000,15411,-1,323730180.000,1,0,1,双平,S,4553.0000,4552.0000,4551.6000,4551.2000,4550.0000,4556.4000,4556.6000,4557.0000,4558.2000,4558.4000,2,3,3,1,1,1,1,1,1,1
SF,IF2010,2020-09-11 09:32:47.000,4555.2000,15411,0,323730180.000,0,-,-,-,-,4553.2000,4553.0000,4552.0000,4551.2000,4550.0000,4554.8000,4556.2000,4556.4000,4557.0000,4558.4000,1,2,3,1,1,1,1,1,1,1
SF,IF2010,2020-09-11 09:32:47.500,4554.8000,15410,-1,325096620.000,1,0,1,双平,S,4553.2000,4553.0000,4552.0000,4551.2000,4550.0000,4556.0000,4556.2000,4556.4000,4557.0000,4558.4000,1,2,3,1,1,1,1,1,1,1
SF,IF2010,2020-09-11 09:32:48.000,4554.8000,15410,0,325096620.000,0,-,-,-,-,4553.2000,4553.0000,4552.0000,4551.2000,4550.0000,4555.8000,4558.4000,4559.0000,4560.0000,4562.0000,1,2,3,1,1,1,1,1,4,2
SF,IF2010,2020-09-11 09:32:48.500,4555.8000,15409,-1,326463360.000,1,0,1,双平,S,4554.0000,4553.6000,4553.4000,4553.2000,4553.0000,4558.4000,4559.0000,4560.0000,4562.0000,4563.0000,3,2,5,1,2,1,1,4,2,3
SF,IF2010,2020-09-11 09:32:49.000,4555.8000,15409,0,326463360.000,0,-,-,-,-,4554.6000,4554.4000,4554.2000,4554.0000,4553.6000,4558.2000,4558.4000,4559.0000,4560.0000,4562.0000,1,1,3,4,1,1,1,1,4,2
SF,IF2010,2020-09-11 09:32:49.500,4555.8000,15409,0,326463360.000,0,-,-,-,-,4554.8000,4554.6000,4554.4000,4554.2000,4554.0000,4558.2000,4558.4000,4559.0000,4560.0000,4562.0000,1,1,1,1,5,1,1,1,4,2
SF,IF2010,2020-09-11 09:32:50.000,4555.8000,15409,0,326463360.000,0,-,-,-,-,4554.8000,4554.6000,4554.4000,4554.2000,4554.0000,4558.2000,4558.4000,4559.0000,4560.0000,4562.0000,1,1,1,1,5,1,1,1,4,2
SF,IF2010,2020-09-11 09:32:50.500,4555.8000,15409,0,326463360.000,0,-,-,-,-,4554.8000,4554.6000,4554.4000,4554.2000,4554.0000,4558.0000,4558.2000,4558.4000,4559.0000,4560.0000,1,1,1,1,3,1,1,1,1,4
SF,IF2010,2020-09-11 09:32:51.000,4555.8000,15409,0,326463360.000,0,-,-,-,-,4554.8000,4554.2000,4553.4000,4553.0000,4552.0000,4557.8000,4558.0000,4558.4000,4559.0000,4560.0000,1,1,3,2,3,1,1,1,1,4
SF,IF2010,2020-09-11 09:32:52.500,4555.8000,15409,0,326463360.000,0,-,-,-,-,4555.0000,4554.8000,4554.2000,4553.4000,4553.0000,4557.8000,4558.4000,4559.0000,4560.0000,4562.0000,1,1,1,3,2,1,1,1,4,2
SF,IF2010,2020-09-11 09:32:53.000,4555.8000,15409,0,326463360.000,0,-,-,-,-,4555.2000,4555.0000,4554.2000,4553.4000,4553.0000,4557.8000,4558.4000,4559.0000,4560.0000,4562.0000,3,2,1,3,2,1,1,1,4,2
SF,IF2010,2020-09-11 09:32:53.500,4557.8000,15408,-1,327830700.000,1,0,1,双平,S,4555.8000,4555.6000,4555.4000,4555.2000,4555.0000,4558.4000,4559.0000,4560.0000,4562.0000,4563.0000,2,1,1,4,1,1,1,4,2,3
SF,IF2010,2020-09-11 09:32:54.000,4557.8000,15408,0,327830700.000,0,-,-,-,-,4556.0000,4555.8000,4555.6000,4555.4000,4555.2000,4558.4000,4559.0000,4560.0000,4562.0000,4563.0000,2,3,1,1,3,1,1,4,2,3
SF,IF2010,2020-09-11 09:32:54.500,4557.8000,15408,0,327830700.000,0,-,-,-,-,4556.2000,4556.0000,4555.8000,4555.6000,4555.2000,4558.4000,4559.0000,4560.0000,4562.0000,4563.0000,1,1,3,1,3,1,1,4,2,3
SF,IF2010,2020-09-11 09:32:55.000,4558.4000,15408,0,329198220.000,1,0,1,多换,S,4556.4000,4555.8000,4555.6000,4555.2000,4555.0000,4559.0000,4560.0000,4562.0000,4563.0000,4565.0000,2,3,1,3,6,1,4,2,3,5
SF,IF2010,2020-09-11 09:32:55.500,4558.4000,15408,0,329198220.000,0,-,-,-,-,4556.8000,4556.6000,4556.4000,4555.8000,4555.2000,4559.0000,4560.0000,4562.0000,4563.0000,4565.0000,1,1,2,3,3,1,4,2,3,5
SF,IF2010,2020-09-11 09:32:56.000,4558.4000,15408,0,329198220.000,0,-,-,-,-,4557.0000,4556.8000,4556.6000,4555.8000,4555.2000,4559.0000,4560.0000,4562.0000,4563.0000,4565.0000,2,1,1,3,3,1,4,2,3,5
SF,IF2010,2020-09-11 09:32:56.500,4558.4000,15408,0,329198220.000,0,-,-,-,-,4557.0000,4556.6000,4555.8000,4555.2000,4555.0000,4559.0000,4560.0000,4562.0000,4563.0000,4565.0000,2,1,3,3,6,1,4,2,3,5
SF,IF2010,2020-09-11 09:32:57.000,4558.4000,15408,0,329198220.000,0,-,-,-,-,4557.0000,4556.6000,4555.8000,4555.2000,4555.0000,4558.8000,4559.0000,4560.0000,4562.0000,4563.0000,1,1,3,3,6,1,1,5,2,3
SF,IF2010,2020-09-11 09:32:57.500,4558.4000,15408,0,329198220.000,0,-,-,-,-,4557.0000,4556.6000,4555.8000,4555.2000,4555.0000,4558.8000,4559.0000,4560.0000,4562.0000,4563.0000,1,1,3,2,6,1,1,5,2,3
SF,IF2010,2020-09-11 09:32:58.000,4558.4000,15408,0,329198220.000,0,-,-,-,-,4557.0000,4555.8000,4555.2000,4555.0000,4554.2000,4558.8000,4559.0000,4560.0000,4562.0000,4563.0000,1,1,2,6,1,1,1,5,2,3
SF,IF2010,2020-09-11 09:32:58.500,4558.4000,15408,0,329198220.000,0,-,-,-,-,4557.0000,4555.8000,4555.2000,4555.0000,4554.2000,4558.8000,4559.0000,4560.0000,4562.0000,4563.0000,1,1,2,6,1,1,1,4,2,3
SF,IF2010,2020-09-11 09:32:59.000,4557.0000,15407,-1,330565320.000,1,0,1,双平,S,4555.0000,4554.2000,4553.4000,4553.0000,4552.0000,4558.4000,4558.6000,4558.8000,4559.0000,4560.0000,5,1,3,3,3,1,1,1,1,4
SF,IF2010,2020-09-11 09:32:59.500,4557.0000,15407,0,330565320.000,0,-,-,-,-,4555.2000,4555.0000,4554.2000,4553.4000,4553.0000,4558.2000,4558.6000,4559.0000,4560.0000,4562.0000,1,5,1,3,3,1,1,1,4,2
SF,IF2010,2020-09-11 09:33:00.000,4557.0000,15407,0,330565320.000,0,-,-,-,-,4555.2000,4555.0000,4554.2000,4553.4000,4553.0000,4558.2000,4558.6000,4559.0000,4560.0000,4562.0000,3,5,1,3,3,1,1,1,4,2
SF,IF2010,2020-09-11 09:33:00.500,4557.0000,15407,0,330565320.000,0,-,-,-,-,4555.6000,4555.4000,4555.2000,4555.0000,4554.2000,4558.6000,4559.0000,4560.0000,4562.0000,4563.0000,1,2,3,5,1,1,1,4,2,3
SF,IF2010,2020-09-11 09:33:01.000,4557.0000,15407,0,330565320.000,0,-,-,-,-,4555.8000,4555.4000,4555.2000,4555.0000,4554.2000,4558.4000,4558.6000,4559.0000,4560.0000,4562.0000,3,2,2,5,1,1,1,1,4,2
SF,IF2010,2020-09-11 09:33:01.500,4557.0000,15407,0,330565320.000,0,-,-,-,-,4555.8000,4555.4000,4555.2000,4555.0000,4554.2000,4559.0000,4560.0000,4562.0000,4563.0000,4565.0000,6,1,2,5,1,1,4,2,3,5
SF,IF2010,2020-09-11 09:33:02.000,4557.0000,15407,0,330565320.000,0,-,-,-,-,4555.8000,4555.4000,4555.2000,4555.0000,4554.2000,4558.8000,4559.0000,4560.0000,4562.0000,4563.0000,2,1,2,5,1,1,1,4,2,3
SF,IF2010,2020-09-11 09:33:02.500,4557.0000,15407,0,330565320.000,0,-,-,-,-,4556.0000,4555.8000,4555.4000,4555.2000,4555.0000,4558.8000,4559.0000,4560.0000,4562.0000,4563.0000,1,3,1,2,5,1,1,4,2,3
SF,IF2010,2020-09-11 09:33:03.000,4557.0000,15407,0,330565320.000,0,-,-,-,-,4556.2000,4556.0000,4555.4000,4555.2000,4555.0000,4558.8000,4559.0000,4560.0000,4562.0000,4563.0000,1,1,1,2,5,1,1,4,2,3
SF,IF2010,2020-09-11 09:33:03.500,4557.0000,15407,0,330565320.000,0,-,-,-,-,4556.2000,4556.0000,4555.4000,4555.2000,4555.0000,4558.8000,4559.0000,4560.0000,4562.0000,4563.0000,1,1,1,2,5,1,1,4,2,3
SF,IF2010,2020-09-11 09:33:04.000,4558.8000,15407,0,331932960.000,1,0,1,多换,S,4556.4000,4556.2000,4555.4000,4555.2000,4555.0000,4559.0000,4560.0000,4562.0000,4563.0000,4565.0000,1,1,1,2,5,1,4,2,3,5
SF,IF2010,2020-09-11 09:33:04.500,4558.8000,15407,0,331932960.000,0,-,-,-,-,4556.6000,4555.4000,4555.2000,4555.0000,4554.2000,4558.8000,4559.0000,4560.0000,4562.0000,4563.0000,1,1,2,5,1,1,1,4,2,3
SF,IF2010,2020-09-11 09:33:05.000,4558.8000,15407,0,331932960.000,0,-,-,-,-,4556.6000,4555.4000,4555.2000,4555.0000,4554.2000,4558.8000,4559.0000,4560.0000,4562.0000,4563.0000,1,1,2,5,1,2,1,4,2,3
SF,IF2010,2020-09-11 09:33:06.500,4558.8000,15407,0,331932960.000,0,-,-,-,-,4556.6000,4555.4000,4555.2000,4555.0000,4554.2000,4558.8000,4559.0000,4560.0000,4562.0000,4563.0000,1,1,2,5,1,2,1,4,2,3
SF,IF2010,2020-09-11 09:33:07.000,4558.8000,15406,-1,333300600.000,1,0,1,双平,S,4556.8000,4556.6000,4555.4000,4555.2000,4555.0000,4559.0000,4560.0000,4562.0000,4563.0000,4565.0000,1,1,1,2,5,1,4,2,3,5
SF,IF2010,2020-09-11 09:33:07.500,4559.0000,15406,0,334668300.000,1,0,1,多换,S,4557.4000,4557.2000,4557.0000,4556.8000,4555.2000,4560.0000,4561.0000,4562.0000,4563.0000,4565.0000,1,1,2,2,2,4,1,2,3,5
SF,IF2010,2020-09-11 09:33:08.000,4557.6000,15406,0,336035580.000,1,0,1,多换,S,4557.6000,4557.2000,4557.0000,4556.8000,4555.2000,4559.8000,4560.0000,4561.0000,4562.0000,4563.0000,3,2,1,1,1,1,4,1,2,3
SF,IF2010,2020-09-11 09:33:08.500,4557.6000,15406,0,336035580.000,0,-,-,-,-,4557.6000,4557.2000,4557.0000,4556.8000,4555.2000,4559.8000,4560.0000,4561.0000,4562.0000,4563.0000,3,1,1,1,1,1,4,1,2,3
SF,IF2010,2020-09-11 09:33:09.000,4557.6000,15406,0,336035580.000,0,-,-,-,-,4558.8000,4557.6000,4557.2000,4557.0000,4556.8000,4560.0000,4561.0000,4562.0000,4563.0000,4565.0000,1,3,1,2,1,4,1,2,3,5
SF,IF2010,2020-09-11 09:33:09.500,4557.6000,15406,0,336035580.000,0,-,-,-,-,4559.0000,4558.8000,4557.6000,4557.2000,4557.0000,4560.0000,4561.0000,4562.0000,4563.0000,4565.2000,1,1,1,1,2,4,1,2,3,1
SF,IF2010,2020-09-11 09:33:10.000,4560.0000,15404,-2,340139580.000,3,0,3,多平,S,4559.0000,4558.8000,4557.6000,4557.2000,4557.0000,4560.0000,4561.0000,4562.0000,4563.0000,4565.2000,1,1,1,1,2,1,1,2,3,1
SF,IF2010,2020-09-11 09:33:10.500,4560.0000,15403,-1,341507580.000,1,0,1,双平,S,4559.0000,4558.8000,4557.6000,4557.2000,4557.0000,4561.0000,4562.0000,4563.0000,4565.2000,4568.0000,1,1,1,1,2,1,2,3,1,1
SF,IF2010,2020-09-11 09:33:11.000,4560.0000,15403,0,341507580.000,0,-,-,-,-,4559.4000,4559.0000,4558.8000,4558.2000,4557.6000,4561.0000,4562.0000,4563.0000,4565.2000,4568.0000,1,1,1,1,1,1,2,3,1,1
SF,IF2010,2020-09-11 09:33:11.500,4560.0000,15403,0,341507580.000,0,-,-,-,-,4560.0000,4559.6000,4558.8000,4558.2000,4557.6000,4561.0000,4562.0000,4563.0000,4565.2000,4568.0000,1,1,1,1,2,1,2,3,1,1
SF,IF2010,2020-09-11 09:33:12.000,4561.0000,15402,-1,342875880.000,1,0,1,双平,S,4560.2000,4560.0000,4558.8000,4558.2000,4557.6000,4562.0000,4563.0000,4565.2000,4567.4000,4568.0000,1,1,1,1,2,2,3,1,2,1
SF,IF2010,2020-09-11 09:33:12.500,4561.0000,15402,0,342875880.000,0,-,-,-,-,4560.2000,4560.0000,4558.8000,4558.2000,4557.6000,4562.0000,4563.0000,4565.2000,4567.4000,4568.0000,1,3,1,1,2,2,3,1,2,1
SF,IF2010,2020-09-11 09:33:13.500,4562.0000,15400,-2,345613080.000,2,0,2,双平,S,4560.2000,4560.0000,4558.8000,4558.2000,4557.6000,4563.0000,4565.2000,4567.4000,4568.0000,4569.8000,1,3,1,1,2,3,1,2,1,1
SF,IF2010,2020-09-11 09:33:14.000,4562.0000,15400,0,345613080.000,0,-,-,-,-,4560.4000,4560.2000,4560.0000,4558.8000,4558.2000,4562.8000,4563.0000,4565.2000,4567.4000,4568.0000,1,1,3,1,1,1,4,1,2,1
SF,IF2010,2020-09-11 09:33:14.500,4562.0000,15400,0,345613080.000,0,-,-,-,-,4560.6000,4560.4000,4560.0000,4558.8000,4558.2000,4563.0000,4565.2000,4567.4000,4568.0000,4569.8000,1,1,3,1,1,4,1,2,1,1
SF,IF2010,2020-09-11 09:33:15.000,4562.0000,15400,0,345613080.000,0,-,-,-,-,4560.6000,4560.4000,4560.0000,4558.8000,4558.2000,4562.8000,4563.0000,4565.2000,4567.4000,4568.0000,1,1,3,1,1,1,4,1,2,1
SF,IF2010,2020-09-11 09:33:15.500,4562.0000,15400,0,345613080.000,0,-,-,-,-,4561.0000,4560.6000,4560.0000,4558.8000,4557.6000,4562.8000,4563.0000,4565.2000,4567.4000,4568.0000,1,1,3,1,2,1,4,1,2,1
SF,IF2010,2020-09-11 09:33:16.000,4562.0000,15400,0,345613080.000,0,-,-,-,-,4561.2000,4560.0000,4558.8000,4557.6000,4557.2000,4562.6000,4563.0000,4565.2000,4568.0000,4569.8000,1,3,1,2,1,1,4,1,1,1
SF,IF2010,2020-09-11 09:33:16.500,4562.0000,15400,0,345613080.000,0,-,-,-,-,4561.2000,4560.0000,4558.8000,4557.6000,4557.2000,4563.0000,4565.2000,4568.0000,4569.8000,4570.0000,1,4,1,2,1,4,1,1,1,7
SF,IF2010,2020-09-11 09:33:17.000,4562.0000,15400,0,345613080.000,0,-,-,-,-,4561.2000,4560.0000,4558.8000,4557.6000,4557.2000,4562.8000,4563.0000,4565.2000,4568.0000,4569.8000,1,4,1,2,1,1,4,1,1,1
SF,IF2010,2020-09-11 09:33:17.500,4562.0000,15400,0,345613080.000,0,-,-,-,-,4561.2000,4560.0000,4558.8000,4557.6000,4557.2000,4562.8000,4563.0000,4565.2000,4568.0000,4569.8000,1,2,1,2,1,1,4,1,1,1
SF,IF2010,2020-09-11 09:33:18.000,4562.6000,15399,-1,348350220.000,2,0,2,多平,S,4560.0000,4558.8000,4557.6000,4557.2000,4557.0000,4562.8000,4563.0000,4565.2000,4568.0000,4569.8000,2,1,2,1,2,1,4,1,1,1
SF,IF2010,2020-09-11 09:33:18.500,4562.6000,15399,0,348350220.000,0,-,-,-,-,4560.2000,4560.0000,4558.8000,4557.6000,4557.2000,4561.2000,4562.8000,4563.0000,4565.2000,4568.0000,1,2,1,2,1,1,1,3,1,1
SF,IF2010,2020-09-11 09:33:19.000,4562.6000,15399,0,348350220.000,0,-,-,-,-,4560.0000,4558.8000,4557.6000,4557.2000,4557.0000,4561.2000,4562.8000,4563.0000,4565.2000,4568.0000,2,1,2,1,2,1,1,3,1,1
SF,IF2010,2020-09-11 09:33:19.500,4562.6000,15399,0,348350220.000,0,-,-,-,-,4560.0000,4558.8000,4557.6000,4557.2000,4557.0000,4561.2000,4562.8000,4563.0000,4565.2000,4568.0000,2,1,1,1,2,1,1,3,1,1
SF,IF2010,2020-09-11 09:33:20.000,4562.6000,15399,0,348350220.000,0,-,-,-,-,4560.0000,4558.8000,4557.6000,4557.2000,4557.0000,4561.2000,4562.6000,4562.8000,4563.0000,4565.2000,2,1,1,1,2,1,1,1,3,1
SF,IF2010,2020-09-11 09:33:20.500,4561.2000,15400,1,351086940.000,2,1,1,空开,S,4560.2000,4560.0000,4558.8000,4557.2000,4557.0000,4562.6000,4562.8000,4563.0000,4565.2000,4568.0000,1,2,1,1,2,1,1,3,1,1
SF,IF2010,2020-09-11 09:33:21.000,4561.2000,15400,0,351086940.000,0,-,-,-,-,4560.2000,4560.0000,4558.8000,4557.2000,4557.0000,4562.4000,4562.6000,4563.0000,4565.2000,4568.0000,1,2,1,1,2,1,1,3,1,1
SF,IF2010,2020-09-11 09:33:22.500,4561.2000,15400,0,351086940.000,0,-,-,-,-,4560.4000,4560.2000,4560.0000,4558.8000,4557.2000,4562.4000,4563.0000,4565.2000,4568.0000,4569.8000,1,1,2,1,1,1,3,1,1,1
SF,IF2010,2020-09-11 09:33:23.000,4561.2000,15400,0,351086940.000,0,-,-,-,-,4560.6000,4560.4000,4560.0000,4558.8000,4557.2000,4563.0000,4565.2000,4568.0000,4569.8000,4570.0000,1,1,2,1,1,3,1,1,1,7
SF,IF2010,2020-09-11 09:33:23.500,4561.2000,15400,0,351086940.000,0,-,-,-,-,4560.6000,4560.4000,4560.0000,4558.8000,4557.2000,4562.8000,4563.0000,4565.2000,4568.0000,4569.8000,1,1,2,1,1,1,3,1,1,1
SF,IF2010,2020-09-11 09:33:24.000,4561.2000,15400,0,351086940.000,0,-,-,-,-,4560.8000,4560.6000,4560.0000,4558.8000,4557.2000,4563.0000,4565.2000,4568.0000,4569.8000,4570.0000,1,1,2,1,1,3,1,1,1,7
SF,IF2010,2020-09-11 09:33:24.500,4561.2000,15400,0,351086940.000,0,-,-,-,-,4561.0000,4560.8000,4560.0000,4558.8000,4557.2000,4563.0000,4565.2000,4568.0000,4569.8000,4570.0000,1,1,2,1,1,3,1,1,1,7
SF,IF2010,2020-09-11 09:33:25.000,4561.2000,15400,0,351086940.000,0,-,-,-,-,4561.4000,4561.0000,4560.8000,4560.0000,4558.8000,4562.8000,4563.0000,4565.2000,4568.0000,4569.8000,1,1,1,2,1,1,3,1,1,1
SF,IF2010,2020-09-11 09:33:25.500,4562.8000,15398,-2,353824200.000,2,0,2,双平,S,4562.8000,4561.0000,4560.0000,4558.8000,4557.2000,4563.0000,4565.2000,4568.0000,4569.8000,4570.0000,14,1,2,1,1,3,1,1,1,7
SF,IF2010,2020-09-11 09:33:26.000,4561.0000,15383,-15,374356260.000,15,0,15,双平,S,4560.0000,4558.8000,4557.2000,4557.0000,4555.0000,4561.6000,4562.8000,4563.0000,4565.2000,4568.0000,2,1,1,2,5,1,5,3,1,1
SF,IF2010,2020-09-11 09:33:26.500,4561.0000,15383,0,374356260.000,0,-,-,-,-,4560.0000,4558.8000,4557.2000,4557.0000,4555.0000,4561.4000,4561.6000,4562.4000,4562.8000,4563.0000,2,1,1,2,5,1,1,2,6,3
SF,IF2010,2020-09-11 09:33:27.000,4561.0000,15383,0,374356260.000,0,-,-,-,-,4560.0000,4558.8000,4557.2000,4557.0000,4555.0000,4561.2000,4561.4000,4562.2000,4562.4000,4562.8000,2,1,1,2,5,1,1,1,2,6
SF,IF2010,2020-09-11 09:33:27.500,4561.0000,15383,0,374356260.000,0,-,-,-,-,4560.4000,4560.2000,4560.0000,4558.8000,4557.2000,4561.2000,4562.2000,4562.4000,4562.8000,4563.0000,2,1,2,1,1,1,1,2,5,3
SF,IF2010,2020-09-11 09:33:28.000,4561.0000,15383,0,374356260.000,0,-,-,-,-,4560.6000,4560.4000,4560.0000,4558.8000,4557.2000,4561.2000,4562.2000,4562.4000,4562.8000,4563.0000,1,2,2,1,1,1,1,2,5,3
SF,IF2010,2020-09-11 09:33:29.000,4561.2000,15382,-1,375724620.000,1,0,1,双平,S,4560.6000,4560.4000,4560.0000,4558.8000,4558.0000,4562.4000,4562.8000,4563.0000,4565.2000,4568.0000,1,2,2,1,1,2,5,3,1,1
SF,IF2010,2020-09-11 09:33:29.500,4561.2000,15382,0,375724620.000,0,-,-,-,-,4560.6000,4560.4000,4560.0000,4558.8000,4558.0000,4562.2000,4562.4000,4562.8000,4563.0000,4565.2000,1,2,2,1,1,1,2,5,3,1
SF,IF2010,2020-09-11 09:33:30.000,4560.6000,15382,0,377092800.000,1,0,1,多换,S,4560.4000,4560.0000,4558.8000,4558.0000,4557.2000,4562.2000,4562.4000,4562.8000,4563.0000,4565.2000,2,2,1,1,1,1,2,4,3,1
SF,IF2010,2020-09-11 09:33:30.500,4560.6000,15382,0,377092800.000,0,-,-,-,-,4560.6000,4560.4000,4560.0000,4558.8000,4558.0000,4562.2000,4562.4000,4562.8000,4563.0000,4565.2000,1,2,2,1,1,1,2,4,3,1
SF,IF2010,2020-09-11 09:33:31.000,4560.6000,15382,0,377092800.000,0,-,-,-,-,4560.6000,4560.4000,4560.0000,4558.8000,4558.0000,4562.2000,4562.4000,4562.8000,4563.0000,4565.2000,1,2,2,1,1,1,2,2,3,1
SF,IF2010,2020-09-11 09:33:32.000,4560.6000,15382,0,378460980.000,1,0,1,多换,S,4560.4000,4560.0000,4558.8000,4558.0000,4557.2000,4562.2000,4562.4000,4562.8000,4563.0000,4565.2000,2,2,1,1,1,1,2,2,3,1
SF,IF2010,2020-09-11 09:33:32.500,4560.4000,15384,2,381197220.000,2,2,0,双开,S,4560.0000,4558.8000,4558.0000,4557.2000,4557.0000,4560.4000,4562.2000,4562.4000,4562.8000,4563.0000,2,1,1,1,2,1,1,2,2,3
SF,IF2010,2020-09-11 09:33:33.000,4560.4000,15384,0,382565340.000,1,0,1,多换,S,4560.0000,4558.8000,4558.0000,4557.2000,4557.0000,4562.2000,4562.4000,4562.8000,4563.0000,4565.2000,2,1,1,1,2,1,2,2,3,1
SF,IF2010,2020-09-11 09:33:34.500,4560.4000,15384,0,382565340.000,0,-,-,-,-,4560.0000,4558.8000,4558.0000,4557.2000,4557.0000,4562.0000,4562.2000,4562.4000,4562.8000,4563.0000,2,1,1,1,2,1,1,2,2,3
SF,IF2010,2020-09-11 09:33:35.000,4560.4000,15384,0,382565340.000,0,-,-,-,-,4560.2000,4560.0000,4558.8000,4558.0000,4557.2000,4561.8000,4562.0000,4562.4000,4562.8000,4563.0000,2,2,1,1,1,1,1,2,2,3
SF,IF2010,2020-09-11 09:33:35.500,4560.4000,15384,0,382565340.000,0,-,-,-,-,4560.2000,4560.0000,4558.8000,4558.0000,4557.2000,4561.8000,4562.0000,4562.4000,4562.8000,4563.0000,2,2,1,1,1,1,1,2,2,3
SF,IF2010,2020-09-11 09:33:36.000,4560.4000,15384,0,382565340.000,0,-,-,-,-,4560.4000,4560.2000,4560.0000,4558.8000,4558.0000,4561.8000,4562.0000,4562.4000,4562.8000,4563.0000,1,2,2,1,1,1,1,2,2,3
SF,IF2010,2020-09-11 09:33:37.000,4560.4000,15384,0,382565340.000,0,-,-,-,-,4560.2000,4560.0000,4558.8000,4558.0000,4557.2000,4561.8000,4562.0000,4562.4000,4562.8000,4563.0000,2,2,1,1,1,1,1,2,2,3
SF,IF2010,2020-09-11 09:33:37.500,4560.4000,15384,0,382565340.000,0,-,-,-,-,4560.0000,4558.8000,4558.0000,4557.2000,4557.0000,4561.8000,4562.0000,4562.4000,4562.8000,4563.0000,2,1,1,1,2,1,1,2,2,3
SF,IF2010,2020-09-11 09:33:39.500,4561.8000,15384,0,383933880.000,1,0,1,多换,S,4561.8000,4560.0000,4558.8000,4558.0000,4557.2000,4562.0000,4562.4000,4562.8000,4563.0000,4565.2000,4,2,1,1,1,1,2,2,3,1
SF,IF2010,2020-09-11 09:33:40.000,4561.8000,15384,0,389408040.000,4,2,2,多换,S,4560.0000,4558.8000,4558.0000,4557.2000,4557.0000,4561.8000,4562.0000,4562.4000,4562.8000,4563.0000,2,1,1,1,2,1,1,2,1,3
SF,IF2010,2020-09-11 09:33:40.500,4561.8000,15384,0,389408040.000,0,-,-,-,-,4560.2000,4560.0000,4558.8000,4558.0000,4557.2000,4561.8000,4562.0000,4562.4000,4562.8000,4563.0000,1,3,1,1,1,1,1,2,1,3
SF,IF2010,2020-09-11 09:33:41.000,4561.8000,15383,-1,390776580.000,1,0,1,双平,S,4561.8000,4560.2000,4560.0000,4558.8000,4558.0000,4562.0000,4562.4000,4562.8000,4563.0000,4565.2000,5,1,2,1,1,1,2,1,3,1
SF,IF2010,2020-09-11 09:33:41.500,4562.4000,15381,-2,394882620.000,3,0,3,多平,S,4561.8000,4560.4000,4560.2000,4560.0000,4558.8000,4562.8000,4563.0000,4565.2000,4568.0000,4569.8000,5,1,1,2,1,1,3,1,1,1
SF,IF2010,2020-09-11 09:33:42.500,4562.4000,15381,0,394882620.000,0,-,-,-,-,4561.8000,4560.4000,4560.2000,4560.0000,4558.8000,4562.8000,4563.0000,4565.2000,4568.0000,4569.8000,5,1,1,2,1,1,3,1,1,3
SF,IF2010,2020-09-11 09:33:44.000,4562.4000,15381,0,394882620.000,0,-,-,-,-,4561.8000,4560.4000,4560.2000,4560.0000,4558.8000,4562.4000,4562.8000,4563.0000,4565.2000,4568.0000,5,1,1,2,1,1,1,3,1,1
SF,IF2010,2020-09-11 09:33:44.500,4562.4000,15380,-1,396251340.000,1,0,1,双平,S,4561.8000,4560.4000,4560.2000,4560.0000,4558.8000,4562.8000,4563.0000,4565.2000,4568.0000,4569.8000,5,1,1,2,1,1,3,1,1,3
SF,IF2010,2020-09-11 09:33:46.000,4562.4000,15380,0,396251340.000,0,-,-,-,-,4561.8000,4560.4000,4560.2000,4560.0000,4558.8000,4562.8000,4563.0000,4565.2000,4568.0000,4569.8000,7,1,1,2,1,1,3,1,1,3
SF,IF2010,2020-09-11 09:33:47.000,4562.8000,15379,-1,397620180.000,1,0,1,双平,S,4561.8000,4560.4000,4560.2000,4560.0000,4558.8000,4563.0000,4565.2000,4568.0000,4569.8000,4570.0000,7,1,1,2,1,3,1,1,3,7
SF,IF2010,2020-09-11 09:33:47.500,4562.8000,15379,0,397620180.000,0,-,-,-,-,4562.0000,4561.8000,4560.4000,4560.0000,4558.8000,4563.0000,4565.2000,4568.0000,4569.8000,4570.0000,1,7,1,2,1,3,1,1,3,7
SF,IF2010,2020-09-11 09:33:48.000,4563.0000,15376,-3,401726880.000,3,0,3,双平,S,4562.0000,4561.8000,4560.0000,4558.8000,4558.0000,4565.2000,4568.0000,4569.8000,4570.0000,4575.0000,1,7,2,1,1,1,1,3,7,1
SF,IF2010,2020-09-11 09:33:48.500,4563.0000,15376,0,401726880.000,0,-,-,-,-,4562.0000,4561.8000,4560.0000,4558.8000,4558.0000,4564.8000,4565.0000,4565.2000,4568.0000,4569.8000,1,7,2,1,1,1,1,1,1,3
SF,IF2010,2020-09-11 09:33:49.000,4563.0000,15376,0,401726880.000,0,-,-,-,-,4563.0000,4562.2000,4562.0000,4561.8000,4560.0000,4564.6000,4565.2000,4568.0000,4569.8000,4570.0000,2,1,1,7,2,1,1,1,3,7
SF,IF2010,2020-09-11 09:33:49.500,4563.0000,15376,0,403095780.000,1,0,1,多换,S,4563.0000,4562.2000,4561.8000,4560.0000,4558.8000,4564.6000,4565.2000,4568.0000,4569.8000,4570.0000,2,1,7,2,1,1,1,1,3,7
SF,IF2010,2020-09-11 09:33:50.000,4563.0000,15376,0,403095780.000,0,-,-,-,-,4563.2000,4563.0000,4562.2000,4561.8000,4560.0000,4564.6000,4565.2000,4568.0000,4569.8000,4570.0000,1,2,1,7,2,1,1,1,3,7
SF,IF2010,2020-09-11 09:33:50.500,4564.6000,15375,-1,404465160.000,1,0,1,双平,S,4563.2000,4563.0000,4562.2000,4561.8000,4560.0000,4565.2000,4568.0000,4569.8000,4570.0000,4575.0000,2,2,1,7,2,1,1,3,2,6
SF,IF2010,2020-09-11 09:33:51.000,4564.6000,15375,0,404465160.000,0,-,-,-,-,4563.2000,4563.0000,4562.2000,4561.8000,4560.0000,4565.0000,4565.2000,4568.0000,4569.8000,4570.0000,2,2,1,7,2,1,1,1,3,2
SF,IF2010,2020-09-11 09:33:51.500,4565.2000,15374,-1,405834720.000,1,0,1,双平,S,4564.6000,4563.2000,4563.0000,4562.2000,4561.8000,4568.0000,4569.8000,4570.0000,4575.0000,4576.8000,1,2,2,1,7,1,3,2,6,1
SF,IF2010,2020-09-11 09:33:52.000,4565.2000,15374,0,405834720.000,0,-,-,-,-,4564.8000,4564.6000,4563.2000,4563.0000,4561.8000,4567.0000,4567.2000,4567.8000,4568.0000,4569.8000,1,1,1,2,7,1,1,2,1,3
SF,IF2010,2020-09-11 09:33:52.500,4565.2000,15374,0,405834720.000,0,-,-,-,-,4564.8000,4564.6000,4563.2000,4563.0000,4561.8000,4566.6000,4566.8000,4567.0000,4567.2000,4567.8000,1,1,1,4,7,1,1,1,1,1
SF,IF2010,2020-09-11 09:33:53.000,4565.2000,15374,0,405834720.000,0,-,-,-,-,4564.8000,4564.6000,4563.2000,4563.0000,4561.8000,4566.4000,4568.0000,4569.8000,4570.0000,4575.0000,1,1,1,4,7,1,1,3,2,6
SF,IF2010,2020-09-11 09:33:53.500,4565.2000,15374,0,405834720.000,0,-,-,-,-,4564.8000,4564.6000,4563.2000,4563.0000,4561.8000,4566.4000,4568.0000,4569.8000,4570.0000,4575.0000,1,1,1,4,7,1,1,1,2,6
SF,IF2010,2020-09-11 09:33:54.000,4565.2000,15374,0,405834720.000,0,-,-,-,-,4564.6000,4563.2000,4563.0000,4561.8000,4560.0000,4566.2000,4566.4000,4568.0000,4569.8000,4570.0000,1,1,4,7,2,1,1,1,1,2
SF,IF2010,2020-09-11 09:33:54.500,4565.2000,15374,0,405834720.000,0,-,-,-,-,4564.8000,4564.6000,4563.2000,4563.0000,4561.8000,4566.2000,4566.4000,4568.0000,4569.8000,4570.0000,1,1,1,4,7,1,1,1,1,2
SF,IF2010,2020-09-11 09:33:55.500,4565.2000,15374,0,405834720.000,0,-,-,-,-,4564.8000,4563.2000,4563.0000,4561.8000,4560.2000,4566.4000,4568.0000,4569.8000,4570.0000,4575.0000,1,1,4,7,1,1,1,1,2,6
SF,IF2010,2020-09-11 09:33:56.000,4565.2000,15374,0,405834720.000,0,-,-,-,-,4565.2000,4564.8000,4563.0000,4561.8000,4560.2000,4566.4000,4568.0000,4569.8000,4570.0000,4575.0000,1,1,4,5,1,1,1,1,2,6
SF,IF2010,2020-09-11 09:33:56.500,4565.2000,15374,0,405834720.000,0,-,-,-,-,4566.2000,4565.2000,4564.8000,4563.0000,4561.8000,4566.4000,4568.0000,4569.8000,4570.0000,4575.0000,1,1,1,4,5,1,1,1,2,6
SF,IF2010,2020-09-11 09:33:57.500,4566.2000,15374,0,407204580.000,1,0,1,多换,S,4565.2000,4564.8000,4563.0000,4561.8000,4560.2000,4566.4000,4568.0000,4569.8000,4570.0000,4575.0000,1,1,4,5,1,1,1,1,2,6
SF,IF2010,2020-09-11 09:33:58.000,4566.4000,15372,-2,409944360.000,2,0,2,双平,S,4566.4000,4565.2000,4564.8000,4563.0000,4561.8000,4568.0000,4569.8000,4570.0000,4575.0000,4576.8000,1,1,1,4,5,1,1,2,6,1
SF,IF2010,2020-09-11 09:33:58.500,4566.4000,15371,-1,411314280.000,1,0,1,双平,S,4566.2000,4565.2000,4564.8000,4563.0000,4561.8000,4566.4000,4567.2000,4567.4000,4567.8000,4568.0000,5,1,1,4,5,1,1,1,1,1
SF,IF2010,2020-09-11 09:33:59.000,4566.2000,15370,-1,419533500.000,6,2,4,多平,S,4565.2000,4564.8000,4563.0000,4561.8000,4560.2000,4567.8000,4568.0000,4569.8000,4570.0000,4575.0000,1,1,4,5,1,1,1,1,2,6
SF,IF2010,2020-09-11 09:33:59.500,4566.2000,15370,0,419533500.000,0,-,-,-,-,4565.4000,4565.2000,4563.0000,4561.8000,4560.2000,4567.6000,4567.8000,4568.0000,4569.8000,4570.0000,1,1,4,5,1,1,1,1,1,2
SF,IF2010,2020-09-11 09:34:00.000,4567.4000,15369,-1,422273880.000,2,0,2,多平,S,4565.4000,4565.2000,4563.0000,4561.8000,4560.2000,4567.4000,4567.6000,4567.8000,4568.0000,4569.8000,1,1,4,5,1,2,1,1,1,1
SF,IF2010,2020-09-11 09:34:00.500,4567.4000,15369,0,422273880.000,0,-,-,-,-,4565.6000,4565.4000,4565.2000,4563.0000,4561.8000,4567.2000,4567.6000,4568.0000,4569.8000,4570.0000,1,1,1,4,5,3,1,1,1,2
SF,IF2010,2020-09-11 09:34:01.000,4567.4000,15369,0,422273880.000,0,-,-,-,-,4565.8000,4565.6000,4565.2000,4563.0000,4561.8000,4567.2000,4568.0000,4569.8000,4570.0000,4575.0000,1,1,1,4,5,2,1,1,2,6
SF,IF2010,2020-09-11 09:34:01.500,4567.4000,15369,0,422273880.000,0,-,-,-,-,4565.8000,4565.6000,4565.2000,4563.0000,4561.8000,4568.0000,4569.8000,4570.0000,4575.0000,4576.8000,1,1,1,4,5,1,1,2,6,1
SF,IF2010,2020-09-11 09:34:02.000,4567.4000,15369,0,422273880.000,0,-,-,-,-,4566.0000,4565.8000,4565.2000,4563.0000,4561.8000,4567.8000,4568.0000,4569.8000,4570.0000,4575.0000,1,1,1,2,5,2,1,1,2,6
SF,IF2010,2020-09-11 09:34:02.500,4567.4000,15369,0,422273880.000,0,-,-,-,-,4566.2000,4566.0000,4565.2000,4563.0000,4561.8000,4567.4000,4567.8000,4568.0000,4569.8000,4570.0000,1,1,1,2,5,1,1,1,1,2
SF,IF2010,2020-09-11 09:34:03.000,4567.4000,15369,0,422273880.000,0,-,-,-,-,4566.2000,4566.0000,4565.2000,4563.0000,4561.8000,4567.4000,4567.6000,4567.8000,4568.0000,4569.8000,1,1,1,2,5,1,2,1,1,1
SF,IF2010,2020-09-11 09:34:03.500,4567.4000,15369,0,422273880.000,0,-,-,-,-,4566.2000,4566.0000,4565.2000,4565.0000,4563.0000,4567.4000,4567.6000,4567.8000,4568.0000,4569.8000,1,1,1,2,2,1,1,1,1,1
SF,IF2010,2020-09-11 09:34:04.000,4566.0000,15367,-2,425013540.000,2,0,2,双平,S,4565.2000,4565.0000,4563.0000,4561.8000,4560.2000,4567.2000,4567.4000,4567.6000,4567.8000,4568.0000,1,2,2,5,1,1,1,1,1,1
SF,IF2010,2020-09-11 09:34:04.500,4565.2000,15367,0,427752720.000,2,1,1,多换,S,4565.0000,4561.8000,4560.2000,4560.0000,4558.8000,4565.2000,4567.0000,4567.2000,4567.4000,4567.6000,2,5,1,1,1,1,1,2,1,1
SF,IF2010,2020-09-11 09:34:05.000,4565.0000,15366,-1,430491780.000,2,0,2,多平,S,4565.0000,4561.8000,4560.2000,4560.0000,4558.8000,4567.0000,4567.2000,4567.4000,4568.0000,4569.8000,1,5,1,1,1,1,1,1,1,1
SF,IF2010,2020-09-11 09:34:05.500,4565.0000,15366,0,430491780.000,0,-,-,-,-,4565.0000,4561.8000,4560.2000,4560.0000,4558.8000,4566.6000,4567.0000,4567.4000,4568.0000,4569.8000,1,5,1,1,1,1,1,1,1,1
SF,IF2010,2020-09-11 09:34:06.000,4565.0000,15366,0,430491780.000,0,-,-,-,-,4565.0000,4561.8000,4560.2000,4560.0000,4558.8000,4566.4000,4567.4000,4568.0000,4569.8000,4570.0000,1,5,1,1,1,2,1,1,1,2
SF,IF2010,2020-09-11 09:34:06.500,4565.0000,15366,0,430491780.000,0,-,-,-,-,4565.0000,4561.8000,4560.2000,4560.0000,4558.8000,4566.0000,4566.4000,4567.4000,4568.0000,4569.8000,1,5,1,1,1,1,1,1,1,1
SF,IF2010,2020-09-11 09:34:07.500,4565.0000,15366,0,430491780.000,0,-,-,-,-,4566.0000,4565.0000,4561.8000,4560.2000,4560.0000,4566.4000,4567.4000,4568.0000,4569.8000,4570.0000,1,1,5,1,1,1,1,1,1,2
SF,IF2010,2020-09-11 09:34:08.000,4565.8000,15366,0,431861520.000,1,0,1,多换,S,4565.0000,4561.8000,4560.2000,4560.0000,4558.8000,4566.4000,4567.4000,4568.0000,4569.8000,4570.0000,1,5,1,1,1,1,1,1,1,2
SF,IF2010,2020-09-11 09:34:09.000,4565.8000,15366,0,431861520.000,0,-,-,-,-,4565.0000,4561.8000,4560.2000,4560.0000,4558.8000,4566.2000,4566.4000,4567.4000,4568.0000,4569.8000,1,5,1,1,1,1,1,1,1,1
SF,IF2010,2020-09-11 09:34:10.000,4565.0000,15365,-1,433231020.000,1,0,1,双平,S,4561.8000,4560.2000,4560.0000,4558.8000,4558.0000,4566.2000,4566.4000,4567.4000,4568.0000,4569.8000,5,1,1,1,1,1,1,1,1,1
SF,IF2010,2020-09-11 09:34:10.500,4565.0000,15365,0,433231020.000,0,-,-,-,-,4562.4000,4562.0000,4561.8000,4560.2000,4560.0000,4565.6000,4566.0000,4566.2000,4567.4000,4568.0000,1,1,5,1,1,1,1,1,1,1
SF,IF2010,2020-09-11 09:34:11.000,4565.0000,15365,0,433231020.000,0,-,-,-,-,4562.6000,4562.4000,4561.8000,4560.2000,4560.0000,4565.4000,4566.2000,4567.4000,4568.0000,4569.8000,1,1,5,1,1,1,1,1,1,2
SF,IF2010,2020-09-11 09:34:11.500,4565.0000,15365,0,433231020.000,0,-,-,-,-,4562.6000,4562.4000,4561.8000,4560.2000,4560.0000,4565.2000,4565.4000,4567.4000,4568.0000,4569.8000,1,1,5,1,1,1,2,1,1,2
SF,IF2010,2020-09-11 09:34:12.000,4565.0000,15365,0,433231020.000,0,-,-,-,-,4562.6000,4562.4000,4561.8000,4560.2000,4560.0000,4564.8000,4565.0000,4565.2000,4565.4000,4567.4000,1,1,5,1,1,1,2,1,1,1
SF,IF2010,2020-09-11 09:34:12.500,4565.0000,15365,0,433231020.000,0,-,-,-,-,4562.6000,4562.4000,4561.8000,4560.2000,4560.0000,4564.6000,4564.8000,4565.0000,4565.2000,4567.4000,1,1,5,1,1,1,1,1,1,1
SF,IF2010,2020-09-11 09:34:13.000,4565.0000,15365,0,433231020.000,0,-,-,-,-,4562.6000,4562.4000,4561.8000,4560.2000,4560.0000,4564.6000,4564.8000,4565.2000,4567.4000,4568.0000,1,1,5,1,1,1,1,1,1,1
SF,IF2010,2020-09-11 09:34:13.500,4565.0000,15365,0,433231020.000,0,-,-,-,-,4562.6000,4562.4000,4561.8000,4560.2000,4560.0000,4564.6000,4565.2000,4567.4000,4568.0000,4569.8000,1,1,5,1,1,1,1,1,1,2
SF,IF2010,2020-09-11 09:34:14.000,4565.0000,15365,0,433231020.000,0,-,-,-,-,4562.6000,4562.4000,4561.8000,4560.2000,4560.0000,4564.6000,4565.0000,4567.4000,4568.0000,4569.8000,1,1,5,1,1,2,1,1,1,2
SF,IF2010,2020-09-11 09:34:14.500,4565.0000,15365,0,433231020.000,0,-,-,-,-,4562.6000,4562.4000,4561.8000,4560.2000,4560.0000,4564.4000,4564.6000,4565.0000,4567.4000,4568.0000,1,1,5,1,1,1,2,1,1,1
SF,IF2010,2020-09-11 09:34:15.000,4562.6000,15364,-1,434599800.000,1,0,1,双平,S,4564.0000,4562.4000,4561.8000,4560.2000,4560.0000,4564.2000,4564.4000,4564.6000,4565.0000,4567.4000,1,1,5,1,1,1,1,2,1,1
SF,IF2010,2020-09-11 09:34:15.500,4562.6000,15364,0,435968580.000,1,0,1,多换,S,4562.6000,4562.4000,4561.8000,4560.2000,4560.0000,4564.6000,4565.0000,4567.4000,4568.0000,4569.4000,2,1,5,1,1,2,1,1,1,1
SF,IF2010,2020-09-11 09:34:16.000,4564.4000,15359,-5,445552140.000,7,1,6,多平,S,4562.4000,4561.8000,4560.2000,4560.0000,4558.8000,4564.6000,4565.0000,4567.4000,4568.0000,4569.4000,1,5,1,1,1,2,1,1,1,1
SF,IF2010,2020-09-11 09:34:16.500,4564.4000,15359,0,445552140.000,0,-,-,-,-,4562.6000,4562.4000,4561.8000,4560.2000,4560.0000,4564.4000,4564.6000,4565.0000,4567.4000,4568.0000,1,1,5,1,1,2,2,1,1,1
SF,IF2010,2020-09-11 09:34:17.000,4564.4000,15359,0,445552140.000,0,-,-,-,-,4562.6000,4562.4000,4561.8000,4560.2000,4560.0000,4564.4000,4564.6000,4565.0000,4567.4000,4568.0000,1,1,5,1,1,2,2,1,1,1
SF,IF2010,2020-09-11 09:34:17.500,4562.6000,15359,0,446920920.000,1,0,1,多换,S,4562.4000,4561.8000,4560.2000,4560.0000,4558.8000,4564.4000,4564.6000,4565.0000,4567.4000,4568.0000,1,5,1,1,1,2,2,1,1,1
SF,IF2010,2020-09-11 09:34:18.000,4562.6000,15359,0,446920920.000,0,-,-,-,-,4562.4000,4561.8000,4560.2000,4560.0000,4558.8000,4564.2000,4564.4000,4564.6000,4565.0000,4567.4000,1,5,1,1,1,1,1,2,1,1
SF,IF2010,2020-09-11 09:34:18.500,4562.6000,15359,0,446920920.000,0,-,-,-,-,4562.4000,4561.8000,4560.2000,4560.0000,4558.8000,4564.0000,4564.2000,4564.6000,4565.0000,4567.4000,1,5,1,1,1,1,1,2,1,1
SF,IF2010,2020-09-11 09:34:19.000,4562.6000,15359,0,446920920.000,0,-,-,-,-,4562.4000,4561.8000,4560.2000,4560.0000,4558.8000,4563.8000,4564.0000,4564.6000,4565.0000,4567.4000,1,5,1,1,1,1,1,2,1,1
SF,IF2010,2020-09-11 09:34:19.500,4562.6000,15359,0,446920920.000,0,-,-,-,-,4562.4000,4561.8000,4560.2000,4560.0000,4558.8000,4563.6000,4564.6000,4565.0000,4567.4000,4568.0000,1,5,1,1,1,1,2,1,1,1
SF,IF2010,2020-09-11 09:34:20.000,4563.6000,15358,-1,448290000.000,1,0,1,双平,S,4562.4000,4561.8000,4560.2000,4560.0000,4558.8000,4564.6000,4565.0000,4568.0000,4569.4000,4569.8000,1,5,1,1,1,2,1,1,1,2
SF,IF2010,2020-09-11 09:34:20.500,4563.6000,15358,0,448290000.000,0,-,-,-,-,4562.6000,4562.4000,4561.8000,4560.2000,4560.0000,4564.2000,4564.4000,4564.6000,4565.0000,4568.0000,1,1,5,1,1,1,1,2,1,1
SF,IF2010,2020-09-11 09:34:21.000,4563.6000,15358,0,448290000.000,0,-,-,-,-,4562.6000,4562.4000,4561.8000,4560.2000,4560.0000,4564.0000,4564.2000,4564.6000,4565.0000,4568.0000,1,1,5,1,1,1,1,2,1,1
SF,IF2010,2020-09-11 09:34:22.500,4563.6000,15358,0,448290000.000,0,-,-,-,-,4562.6000,4562.4000,4561.8000,4560.2000,4560.0000,4564.0000,4564.2000,4564.6000,4565.0000,4568.0000,1,1,5,1,1,1,1,2,6,1
SF,IF2010,2020-09-11 09:34:23.500,4563.6000,15358,0,448290000.000,0,-,-,-,-,4562.6000,4562.4000,4561.8000,4561.2000,4560.2000,4564.0000,4564.2000,4564.6000,4565.0000,4568.0000,1,1,5,1,1,1,1,2,6,1
SF,IF2010,2020-09-11 09:34:24.000,4563.6000,15358,0,448290000.000,0,-,-,-,-,4562.6000,4562.4000,4561.8000,4560.2000,4560.0000,4564.0000,4564.2000,4564.6000,4565.0000,4568.0000,1,1,5,1,1,1,1,2,6,1
SF,IF2010,2020-09-11 09:34:24.500,4564.0000,15357,-1,449659200.000,1,0,1,双平,S,4562.6000,4562.4000,4561.8000,4560.2000,4560.0000,4564.2000,4564.6000,4565.0000,4568.0000,4569.4000,1,1,5,1,1,1,2,6,1,1
SF,IF2010,2020-09-11 09:34:25.000,4564.0000,15357,0,449659200.000,0,-,-,-,-,4562.6000,4562.4000,4561.8000,4560.2000,4560.0000,4564.2000,4564.6000,4565.0000,4568.0000,4569.4000,1,1,5,1,1,1,2,6,1,1
SF,IF2010,2020-09-11 09:34:25.500,4564.6000,15357,0,451028580.000,1,0,1,多换,S,4562.6000,4562.4000,4561.8000,4560.2000,4560.0000,4565.0000,4568.0000,4569.4000,4569.8000,4570.0000,1,1,5,1,1,6,1,1,2,2
SF,IF2010,2020-09-11 09:34:26.000,4564.6000,15357,0,451028580.000,0,-,-,-,-,4562.6000,4562.4000,4561.8000,4560.2000,4560.0000,4565.0000,4568.0000,4569.4000,4569.8000,4570.0000,1,1,5,1,1,6,1,1,2,2
SF,IF2010,2020-09-11 09:34:26.500,4564.6000,15357,0,451028580.000,0,-,-,-,-,4562.8000,4562.6000,4562.4000,4561.8000,4560.2000,4564.8000,4565.0000,4568.0000,4569.4000,4569.8000,1,1,1,5,1,1,6,1,1,2
SF,IF2010,2020-09-11 09:34:27.000,4564.6000,15357,0,451028580.000,0,-,-,-,-,4563.0000,4562.4000,4561.8000,4560.2000,4560.0000,4564.8000,4565.0000,4568.0000,4569.4000,4569.8000,2,1,5,1,1,1,6,1,1,2
SF,IF2010,2020-09-11 09:34:28.500,4564.6000,15357,0,451028580.000,0,-,-,-,-,4563.0000,4562.4000,4561.8000,4560.2000,4560.0000,4564.6000,4564.8000,4565.0000,4568.0000,4569.4000,2,1,5,1,1,1,1,6,1,1
SF,IF2010,2020-09-11 09:34:29.000,4564.6000,15357,0,451028580.000,0,-,-,-,-,4563.0000,4562.4000,4561.8000,4560.2000,4560.0000,4564.8000,4565.0000,4568.0000,4569.4000,4569.8000,2,1,5,1,1,1,6,1,1,2
SF,IF2010,2020-09-11 09:34:30.500,4564.6000,15357,0,451028580.000,0,-,-,-,-,4563.0000,4562.4000,4561.8000,4560.2000,4560.0000,4564.8000,4565.0000,4568.0000,4569.4000,4569.8000,2,1,5,1,1,1,6,1,1,2
SF,IF2010,2020-09-11 09:34:31.000,4564.6000,15357,0,451028580.000,0,-,-,-,-,4563.0000,4562.4000,4561.8000,4560.2000,4560.0000,4565.0000,4568.0000,4569.4000,4569.8000,4570.0000,2,1,5,1,1,6,1,1,2,2
SF,IF2010,2020-09-11 09:34:31.500,4564.6000,15357,0,451028580.000,0,-,-,-,-,4564.8000,4563.0000,4561.8000,4560.2000,4560.0000,4565.0000,4568.0000,4569.4000,4569.8000,4570.0000,1,2,5,1,1,8,1,1,2,2
SF,IF2010,2020-09-11 09:34:32.000,4564.8000,15357,0,452398020.000,1,0,1,多换,S,4563.0000,4561.8000,4560.2000,4560.0000,4558.0000,4565.0000,4568.0000,4569.4000,4569.8000,4570.0000,2,5,1,1,1,8,1,1,2,2
SF,IF2010,2020-09-11 09:34:32.500,4564.8000,15357,0,452398020.000,0,-,-,-,-,4563.0000,4561.8000,4560.2000,4560.0000,4558.0000,4564.8000,4565.0000,4568.0000,4569.4000,4569.8000,2,5,1,1,1,1,8,1,1,2
SF,IF2010,2020-09-11 09:34:33.000,4564.8000,15357,0,452398020.000,0,-,-,-,-,4563.0000,4561.8000,4560.2000,4560.0000,4558.0000,4564.8000,4565.0000,4568.0000,4569.4000,4569.8000,2,5,1,1,1,1,8,1,1,2
SF,IF2010,2020-09-11 09:34:34.000,4564.8000,15357,0,452398020.000,0,-,-,-,-,4563.0000,4561.8000,4560.2000,4560.0000,4558.0000,4564.8000,4565.0000,4568.0000,4569.4000,4569.8000,4,5,1,1,1,1,8,1,1,2
SF,IF2010,2020-09-11 09:34:36.500,4565.0000,15355,-2,457875360.000,4,1,3,多平,S,4563.0000,4561.8000,4560.2000,4560.0000,4558.0000,4565.0000,4568.0000,4569.4000,4569.8000,4570.0000,3,5,1,1,1,6,1,1,2,2
SF,IF2010,2020-09-11 09:34:37.000,4563.2000,15355,0,459244320.000,1,0,1,多换,S,4563.2000,4563.0000,4561.8000,4560.2000,4560.0000,4564.8000,4565.0000,4568.0000,4569.4000,4569.8000,1,4,5,1,1,1,6,1,1,2
SF,IF2010,2020-09-11 09:34:37.500,4563.2000,15355,0,459244320.000,0,-,-,-,-,4563.4000,4563.2000,4563.0000,4561.8000,4560.2000,4564.8000,4565.0000,4568.0000,4569.4000,4569.8000,1,1,4,5,1,1,6,1,1,2
SF,IF2010,2020-09-11 09:34:38.000,4565.0000,15354,-1,466091820.000,5,2,3,多平,S,4563.6000,4563.4000,4563.0000,4561.8000,4560.2000,4565.0000,4568.0000,4569.4000,4569.8000,4570.0000,1,1,4,5,1,1,1,1,2,2
