市场代码,合约代码,时间,最新,持仓,增仓,成交额,成交量,开仓,平仓,成交类型,方向,买一价,买二价,买三价,买四价,买五价,卖一价,卖二价,卖三价,卖四价,卖五价,买一量,买二量,买三量,买四量,买五量,卖一量,卖二量,卖三量,卖四量,卖五量
SF,IF2002,2019-12-27 09:29:00.200,4041.4000,915,0,1212420.000,1.000,-,-,-,-,4041.2000,4040.6000,4040.4000,4038.4000,4037.6000,4052.8000,4053.6000,4054.0000,4056.4000,4058.6000,1,1,1,1,1,1,2,1,5,1
SF,IF2002,2019-12-27 09:30:00.200,4052.8000,914,-1,2428260.000,1,0,1,双平,S,4040.6000,4040.4000,4038.4000,4035.4000,4032.6000,4046.0000,4051.6000,4052.0000,4053.6000,4056.4000,1,1,1,2,5,2,1,1,2,5
SF,IF2002,2019-12-27 09:30:00.700,4052.8000,914,0,2428260.000,0,-,-,-,-,4046.0000,4040.8000,4040.6000,4040.4000,4038.4000,4049.8000,4050.4000,4051.6000,4052.0000,4052.6000,1,1,1,2,1,1,1,1,4,1
SF,IF2002,2019-12-27 09:30:01.200,4046.0000,914,0,3642060.000,1,0,1,多换,S,4040.8000,4040.6000,4038.4000,4035.4000,4032.6000,4046.0000,4048.8000,4049.4000,4049.6000,4050.4000,1,1,1,2,5,1,1,1,3,1
SF,IF2002,2019-12-27 09:30:01.700,4046.0000,914,0,3642060.000,0,-,-,-,-,4040.8000,4040.6000,4038.4000,4035.4000,4032.6000,4045.8000,4046.0000,4049.6000,4050.4000,4051.2000,1,1,1,2,5,3,2,2,1,1
SF,IF2002,2019-12-27 09:30:02.200,4046.0000,913,-1,4855860.000,1,0,1,双平,S,4040.8000,4040.6000,4038.4000,4035.4000,4032.6000,4046.0000,4049.6000,4050.4000,4051.2000,4052.0000,1,1,1,2,5,1,2,1,1,3
SF,IF2002,2019-12-27 09:30:02.700,4046.0000,913,0,4855860.000,0,-,-,-,-,4041.8000,4040.8000,4040.6000,4040.0000,4038.4000,4045.8000,4046.0000,4049.6000,4050.0000,4050.4000,1,1,1,5,1,1,2,2,5,1
SF,IF2002,2019-12-27 09:30:03.200,4046.0000,913,0,4855860.000,0,-,-,-,-,4042.6000,4042.0000,4041.8000,4040.6000,4040.0000,4045.4000,4045.8000,4049.6000,4050.0000,4050.4000,1,1,1,1,5,1,2,2,5,1
SF,IF2002,2019-12-27 09:30:03.700,4046.0000,913,0,4855860.000,0,-,-,-,-,4042.8000,4042.6000,4041.8000,4040.6000,4040.0000,4045.8000,4049.6000,4050.0000,4050.4000,4051.2000,1,1,1,1,5,1,2,5,1,2
SF,IF2002,2019-12-27 09:30:04.200,4046.0000,913,0,4855860.000,0,-,-,-,-,4042.8000,4042.6000,4041.8000,4040.6000,4040.0000,4045.8000,4049.6000,4050.0000,4050.4000,4051.2000,1,1,1,1,5,1,2,5,1,2
SF,IF2002,2019-12-27 09:30:04.700,4046.0000,913,0,4855860.000,0,-,-,-,-,4043.2000,4042.8000,4042.6000,4041.8000,4040.6000,4049.6000,4050.4000,4051.2000,4052.0000,4052.6000,1,1,1,1,1,1,1,2,1,1
SF,IF2002,2019-12-27 09:30:05.200,4046.0000,913,0,4855860.000,0,-,-,-,-,4043.4000,4042.6000,4041.8000,4040.6000,4040.0000,4048.8000,4049.4000,4049.6000,4050.4000,4051.2000,1,1,1,1,5,1,4,1,1,2
SF,IF2002,2019-12-27 09:30:05.700,4046.0000,913,0,4855860.000,0,-,-,-,-,4043.4000,4043.2000,4042.6000,4041.8000,4040.6000,4048.6000,4048.8000,4049.4000,4049.6000,4050.4000,1,1,1,1,1,4,1,3,1,1
SF,IF2002,2019-12-27 09:30:06.200,4046.0000,913,0,4855860.000,0,-,-,-,-,4043.4000,4043.2000,4042.6000,4041.8000,4040.6000,4048.6000,4048.8000,4049.4000,4049.6000,4050.4000,1,1,1,1,1,4,2,3,1,1
SF,IF2002,2019-12-27 09:30:06.700,4046.0000,913,0,4855860.000,0,-,-,-,-,4043.4000,4043.2000,4042.6000,4041.8000,4040.6000,4048.0000,4048.6000,4048.8000,4049.4000,4049.6000,1,1,1,1,1,3,4,1,3,1
SF,IF2002,2019-12-27 09:30:07.200,4046.0000,913,0,4855860.000,0,-,-,-,-,4043.4000,4043.2000,4042.6000,4041.8000,4040.6000,4047.8000,4048.0000,4048.6000,4048.8000,4049.4000,1,1,1,1,1,7,4,2,1,3
SF,IF2002,2019-12-27 09:30:07.700,4046.0000,913,0,4855860.000,0,-,-,-,-,4043.4000,4043.2000,4042.6000,4041.8000,4040.6000,4047.8000,4048.0000,4048.8000,4049.4000,4049.6000,1,1,1,1,1,7,2,1,5,1
SF,IF2002,2019-12-27 09:30:08.200,4047.8000,914,1,7284540.000,2,1,1,空开,S,4043.4000,4043.2000,4042.6000,4041.8000,4040.6000,4047.8000,4048.0000,4048.8000,4049.4000,4049.6000,1,1,1,1,1,5,1,1,3,1
SF,IF2002,2019-12-27 09:30:08.700,4047.8000,914,0,7284540.000,0,-,-,-,-,4043.4000,4043.2000,4042.6000,4041.8000,4040.6000,4047.6000,4047.8000,4048.8000,4049.4000,4049.6000,1,1,1,1,1,1,5,1,3,1
SF,IF2002,2019-12-27 09:30:09.700,4047.8000,914,0,7284540.000,0,-,-,-,-,4043.4000,4043.2000,4042.6000,4041.8000,4040.6000,4047.4000,4047.6000,4047.8000,4048.8000,4049.4000,1,1,1,1,1,1,1,5,1,3
SF,IF2002,2019-12-27 09:30:10.200,4047.8000,914,0,7284540.000,0,-,-,-,-,4043.6000,4043.4000,4043.2000,4042.6000,4041.8000,4047.2000,4048.8000,4049.4000,4049.6000,4051.2000,1,1,1,1,1,1,1,3,1,1
SF,IF2002,2019-12-27 09:30:10.700,4047.8000,914,0,7284540.000,0,-,-,-,-,4043.8000,4043.6000,4043.2000,4042.6000,4041.8000,4047.2000,4048.8000,4049.4000,4049.6000,4051.2000,1,1,1,1,1,3,1,3,1,1
SF,IF2002,2019-12-27 09:30:11.200,4047.8000,914,0,7284540.000,0,-,-,-,-,4044.0000,4043.8000,4043.6000,4043.2000,4042.6000,4047.0000,4047.2000,4048.8000,4049.4000,4049.6000,1,1,1,1,1,1,3,1,3,1
SF,IF2002,2019-12-27 09:30:11.700,4047.8000,914,0,7284540.000,0,-,-,-,-,4044.2000,4044.0000,4043.6000,4043.2000,4042.6000,4047.2000,4048.8000,4049.4000,4049.6000,4051.4000,1,1,1,1,1,2,1,3,1,2
SF,IF2002,2019-12-27 09:30:12.200,4047.8000,914,0,7284540.000,0,-,-,-,-,4044.4000,4044.2000,4044.0000,4043.6000,4043.2000,4047.0000,4047.2000,4048.8000,4049.4000,4049.6000,1,1,1,1,1,1,1,1,3,1
SF,IF2002,2019-12-27 09:30:12.700,4047.8000,914,0,7284540.000,0,-,-,-,-,4044.6000,4044.4000,4044.0000,4043.6000,4043.2000,4047.0000,4047.2000,4048.8000,4049.4000,4049.6000,1,1,1,1,1,1,1,1,3,1
SF,IF2002,2019-12-27 09:30:13.200,4047.8000,914,0,7284540.000,0,-,-,-,-,4044.8000,4044.6000,4044.4000,4044.0000,4043.2000,4047.2000,4048.8000,4049.4000,4049.6000,4051.4000,1,1,1,1,1,1,1,3,1,2
SF,IF2002,2019-12-27 09:30:13.700,4047.8000,914,0,7284540.000,0,-,-,-,-,4045.0000,4044.8000,4044.4000,4044.0000,4043.2000,4048.8000,4049.4000,4049.6000,4051.4000,4052.2000,1,1,1,1,1,1,3,1,2,1
SF,IF2002,2019-12-27 09:30:14.200,4047.8000,914,0,7284540.000,0,-,-,-,-,4045.0000,4044.4000,4044.0000,4043.2000,4042.6000,4048.6000,4048.8000,4049.4000,4049.6000,4051.4000,1,1,1,1,1,4,1,3,1,2
SF,IF2002,2019-12-27 09:30:14.700,4047.8000,914,0,7284540.000,0,-,-,-,-,4045.0000,4044.4000,4044.0000,4043.2000,4042.6000,4048.4000,4048.6000,4048.8000,4049.4000,4049.6000,1,1,1,1,1,2,4,1,3,1
SF,IF2002,2019-12-27 09:30:15.200,4047.8000,914,0,7284540.000,0,-,-,-,-,4045.2000,4045.0000,4044.4000,4044.0000,4043.2000,4048.2000,4048.4000,4048.8000,4049.4000,4049.6000,1,1,1,1,1,1,1,1,3,1
SF,IF2002,2019-12-27 09:30:15.700,4047.8000,914,0,7284540.000,0,-,-,-,-,4045.4000,4045.2000,4044.4000,4044.0000,4043.2000,4048.2000,4048.4000,4048.8000,4049.4000,4049.6000,1,1,1,1,1,1,1,1,3,1
SF,IF2002,2019-12-27 09:30:16.200,4047.8000,914,0,7284540.000,0,-,-,-,-,4045.4000,4045.2000,4044.4000,4043.2000,4042.6000,4048.0000,4048.2000,4048.4000,4048.8000,4049.4000,1,1,1,1,1,2,1,1,1,3
SF,IF2002,2019-12-27 09:30:16.700,4047.8000,914,0,7284540.000,0,-,-,-,-,4045.4000,4045.2000,4044.4000,4043.2000,4042.6000,4047.8000,4048.4000,4048.8000,4049.4000,4049.6000,1,1,1,1,1,2,1,1,3,1
SF,IF2002,2019-12-27 09:30:17.200,4047.8000,914,0,7284540.000,0,-,-,-,-,4045.4000,4045.2000,4044.4000,4043.2000,4042.6000,4047.8000,4048.8000,4049.4000,4049.6000,4051.4000,1,1,1,1,1,1,1,3,1,2
SF,IF2002,2019-12-27 09:30:17.700,4047.8000,914,0,7284540.000,0,-,-,-,-,4045.6000,4045.4000,4045.2000,4044.4000,4043.2000,4047.6000,4048.8000,4049.4000,4049.6000,4051.4000,1,1,1,1,1,1,1,3,1,2
SF,IF2002,2019-12-27 09:30:18.200,4047.8000,914,0,7284540.000,0,-,-,-,-,4045.8000,4045.6000,4045.2000,4044.4000,4043.2000,4047.6000,4048.8000,4049.4000,4049.6000,4051.4000,1,1,1,1,1,1,1,3,1,2
SF,IF2002,2019-12-27 09:30:18.700,4047.8000,914,0,7284540.000,0,-,-,-,-,4045.8000,4045.6000,4044.4000,4043.2000,4042.6000,4047.4000,4047.6000,4048.8000,4049.4000,4049.6000,1,1,1,1,1,1,1,1,3,1
SF,IF2002,2019-12-27 09:30:19.200,4047.8000,914,0,7284540.000,0,-,-,-,-,4045.8000,4043.2000,4042.6000,4041.8000,4040.0000,4047.4000,4047.6000,4048.8000,4049.4000,4049.6000,1,1,1,1,5,1,1,1,3,1
SF,IF2002,2019-12-27 09:30:19.700,4047.8000,914,0,7284540.000,0,-,-,-,-,4045.8000,4043.2000,4042.6000,4041.8000,4040.0000,4047.4000,4047.6000,4048.8000,4049.4000,4049.6000,1,1,1,1,5,1,1,1,3,1
SF,IF2002,2019-12-27 09:30:20.200,4047.8000,914,0,7284540.000,0,-,-,-,-,4045.8000,4043.2000,4042.6000,4041.8000,4040.0000,4047.4000,4047.6000,4048.8000,4049.4000,4049.6000,1,1,1,1,5,1,1,1,3,1
SF,IF2002,2019-12-27 09:30:20.700,4047.8000,914,0,7284540.000,0,-,-,-,-,4045.8000,4043.2000,4042.6000,4041.8000,4040.0000,4047.2000,4047.4000,4047.6000,4048.8000,4049.4000,1,1,1,1,5,2,1,1,1,3
SF,IF2002,2019-12-27 09:30:21.200,4047.8000,914,0,7284540.000,0,-,-,-,-,4045.8000,4043.2000,4042.6000,4041.8000,4040.0000,4047.0000,4047.2000,4047.4000,4047.6000,4048.8000,1,1,1,1,5,1,1,1,1,1
SF,IF2002,2019-12-27 09:30:21.700,4047.8000,914,0,7284540.000,0,-,-,-,-,4045.8000,4043.2000,4042.6000,4041.8000,4040.0000,4047.0000,4047.2000,4047.4000,4048.8000,4049.4000,1,1,1,1,5,1,1,1,1,3
SF,IF2002,2019-12-27 09:30:23.700,4047.8000,914,0,7284540.000,0,-,-,-,-,4045.8000,4042.6000,4041.8000,4040.0000,4030.2000,4046.8000,4047.0000,4047.2000,4047.4000,4048.8000,1,1,1,5,1,2,1,1,1,1
SF,IF2002,2019-12-27 09:30:24.200,4045.8000,913,-1,8498280.000,1,0,1,双平,S,4042.6000,4041.8000,4040.0000,4030.2000,4025.2000,4046.8000,4047.0000,4047.2000,4048.8000,4049.4000,1,1,5,1,3,2,1,1,1,3
SF,IF2002,2019-12-27 09:30:24.700,4045.8000,913,0,8498280.000,0,-,-,-,-,4042.8000,4042.6000,4041.8000,4040.0000,4030.2000,4046.6000,4046.8000,4048.8000,4049.4000,4049.6000,1,1,1,5,1,1,2,1,3,1
SF,IF2002,2019-12-27 09:30:25.200,4045.8000,913,0,8498280.000,0,-,-,-,-,4042.8000,4042.6000,4041.8000,4040.0000,4030.2000,4046.4000,4046.6000,4046.8000,4048.8000,4049.4000,1,1,1,5,1,1,1,2,1,3
SF,IF2002,2019-12-27 09:30:25.700,4045.8000,913,0,8498280.000,0,-,-,-,-,4043.2000,4043.0000,4042.8000,4042.6000,4041.8000,4048.8000,4049.4000,4049.6000,4051.4000,4052.2000,1,1,1,1,1,1,3,1,2,1
SF,IF2002,2019-12-27 09:30:26.200,4045.8000,913,0,8498280.000,0,-,-,-,-,4043.4000,4043.2000,4043.0000,4042.6000,4041.8000,4048.6000,4048.8000,4049.4000,4049.6000,4051.4000,1,1,1,1,1,7,1,3,1,2
SF,IF2002,2019-12-27 09:30:26.700,4045.8000,913,0,8498280.000,0,-,-,-,-,4043.6000,4043.4000,4043.2000,4043.0000,4042.6000,4048.4000,4048.6000,4048.8000,4049.4000,4049.6000,1,1,1,1,1,1,7,1,3,1
SF,IF2002,2019-12-27 09:30:27.200,4045.8000,913,0,8498280.000,0,-,-,-,-,4043.8000,4043.6000,4043.2000,4043.0000,4042.6000,4048.2000,4048.4000,4048.6000,4048.8000,4049.4000,1,1,1,1,1,3,1,6,1,3
SF,IF2002,2019-12-27 09:30:27.700,4045.8000,913,0,8498280.000,0,-,-,-,-,4044.0000,4043.8000,4043.6000,4043.2000,4043.0000,4048.0000,4048.2000,4048.4000,4048.6000,4048.8000,1,1,1,1,1,2,3,1,2,1
SF,IF2002,2019-12-27 09:30:28.200,4045.8000,913,0,8498280.000,0,-,-,-,-,4044.2000,4044.0000,4043.6000,4043.2000,4043.0000,4047.8000,4048.0000,4048.2000,4048.4000,4048.6000,1,1,1,1,1,3,1,2,1,2
SF,IF2002,2019-12-27 09:30:29.200,4045.8000,913,0,8498280.000,0,-,-,-,-,4044.2000,4044.0000,4043.6000,4043.0000,4042.6000,4047.8000,4048.0000,4048.2000,4048.4000,4048.6000,1,1,1,1,1,3,1,2,1,2
SF,IF2002,2019-12-27 09:30:30.700,4045.8000,913,0,8498280.000,0,-,-,-,-,4044.2000,4044.0000,4043.6000,4043.0000,4042.6000,4047.6000,4047.8000,4048.0000,4048.2000,4048.4000,1,1,1,1,1,1,3,1,2,1
SF,IF2002,2019-12-27 09:30:31.200,4045.8000,913,0,8498280.000,0,-,-,-,-,4044.2000,4044.0000,4043.6000,4042.6000,4040.0000,4047.4000,4047.8000,4048.0000,4048.2000,4048.4000,1,1,1,1,5,4,2,1,2,1
SF,IF2002,2019-12-27 09:30:31.700,4045.8000,913,0,8498280.000,0,-,-,-,-,4044.2000,4044.0000,4043.6000,4042.6000,4040.0000,4047.4000,4047.8000,4048.2000,4048.4000,4048.6000,1,1,1,1,5,4,2,2,1,2
SF,IF2002,2019-12-27 09:30:32.200,4045.8000,913,0,8498280.000,0,-,-,-,-,4044.4000,4044.2000,4044.0000,4043.6000,4042.6000,4047.4000,4047.8000,4048.2000,4048.4000,4048.6000,1,1,1,1,1,4,2,2,1,2
SF,IF2002,2019-12-27 09:30:32.700,4045.8000,913,0,8498280.000,0,-,-,-,-,4044.6000,4044.4000,4044.0000,4043.6000,4042.6000,4047.4000,4047.8000,4048.2000,4048.4000,4048.6000,1,1,1,1,1,4,2,2,1,2
SF,IF2002,2019-12-27 09:30:33.200,4045.8000,913,0,8498280.000,0,-,-,-,-,4044.6000,4044.4000,4044.0000,4043.6000,4042.6000,4047.2000,4047.4000,4047.8000,4048.2000,4048.4000,1,1,1,1,1,1,4,2,2,1
SF,IF2002,2019-12-27 09:30:33.700,4045.8000,913,0,8498280.000,0,-,-,-,-,4044.6000,4044.0000,4043.6000,4042.6000,4040.0000,4047.0000,4047.2000,4047.4000,4047.8000,4048.2000,1,1,1,1,5,3,1,3,2,2
SF,IF2002,2019-12-27 09:30:34.200,4045.8000,913,0,8498280.000,0,-,-,-,-,4044.8000,4044.6000,4044.0000,4043.6000,4042.6000,4047.0000,4047.4000,4047.8000,4048.2000,4048.4000,1,1,1,1,1,3,3,2,2,1
SF,IF2002,2019-12-27 09:30:34.700,4045.8000,913,0,8498280.000,0,-,-,-,-,4045.0000,4044.8000,4044.0000,4043.6000,4042.6000,4046.8000,4047.0000,4047.8000,4048.2000,4048.4000,1,1,1,1,1,1,1,2,2,1
SF,IF2002,2019-12-27 09:30:35.200,4045.8000,913,0,8498280.000,0,-,-,-,-,4045.0000,4044.8000,4044.0000,4043.6000,4042.6000,4046.8000,4047.8000,4048.2000,4048.4000,4048.6000,1,1,1,1,1,1,2,2,1,2
SF,IF2002,2019-12-27 09:30:38.200,4045.8000,913,0,8498280.000,0,-,-,-,-,4045.0000,4044.8000,4044.0000,4043.6000,4042.6000,4046.8000,4047.8000,4048.2000,4048.4000,4048.6000,1,1,1,1,1,1,2,2,1,2
SF,IF2002,2019-12-27 09:30:43.700,4045.8000,913,0,8498280.000,0,-,-,-,-,4045.0000,4044.8000,4044.0000,4043.6000,4042.6000,4048.2000,4048.6000,4048.8000,4049.4000,4049.6000,1,1,1,1,1,2,2,1,3,1
SF,IF2002,2019-12-27 09:30:44.200,4045.8000,913,0,8498280.000,0,-,-,-,-,4045.0000,4044.8000,4044.0000,4043.6000,4042.6000,4048.0000,4048.2000,4048.6000,4048.8000,4049.4000,1,1,1,1,1,4,2,2,1,3
SF,IF2002,2019-12-27 09:30:45.200,4045.8000,913,0,8498280.000,0,-,-,-,-,4045.0000,4044.8000,4044.0000,4043.6000,4042.6000,4048.0000,4048.2000,4048.6000,4048.8000,4049.4000,1,1,1,1,1,2,2,2,1,3
SF,IF2002,2019-12-27 09:30:47.200,4045.8000,913,0,8498280.000,0,-,-,-,-,4045.0000,4044.8000,4044.0000,4043.6000,4042.6000,4048.0000,4048.8000,4049.4000,4049.6000,4052.2000,1,1,1,1,1,2,1,3,1,1
SF,IF2002,2019-12-27 09:30:48.700,4045.8000,913,0,8498280.000,0,-,-,-,-,4045.0000,4044.8000,4044.0000,4043.6000,4042.6000,4047.8000,4048.0000,4048.8000,4049.4000,4049.6000,1,1,1,1,1,1,2,1,3,1
SF,IF2002,2019-12-27 09:30:49.200,4045.8000,913,0,8498280.000,0,-,-,-,-,4045.0000,4044.0000,4043.6000,4042.6000,4040.0000,4047.6000,4047.8000,4048.0000,4048.8000,4049.4000,1,1,1,1,5,1,1,1,1,3
SF,IF2002,2019-12-27 09:30:49.700,4045.8000,913,0,8498280.000,0,-,-,-,-,4045.0000,4044.0000,4042.6000,4040.0000,4030.2000,4047.4000,4047.6000,4047.8000,4048.8000,4049.4000,1,1,1,5,1,1,1,1,1,3
SF,IF2002,2019-12-27 09:30:50.200,4045.8000,913,0,8498280.000,0,-,-,-,-,4045.0000,4042.6000,4040.0000,4030.2000,4025.2000,4047.4000,4047.6000,4047.8000,4048.8000,4049.4000,1,1,5,1,3,1,1,1,1,3
SF,IF2002,2019-12-27 09:30:50.700,4045.8000,913,0,8498280.000,0,-,-,-,-,4045.2000,4045.0000,4042.6000,4040.0000,4030.2000,4047.4000,4047.6000,4048.8000,4049.4000,4049.6000,1,1,1,5,1,1,1,1,3,1
SF,IF2002,2019-12-27 09:30:51.200,4045.8000,913,0,8498280.000,0,-,-,-,-,4045.4000,4045.2000,4042.6000,4040.0000,4030.2000,4049.4000,4049.6000,4052.2000,4055.0000,4069.4000,1,1,1,5,1,3,1,1,5,1
SF,IF2002,2019-12-27 09:30:51.700,4045.8000,913,0,8498280.000,0,-,-,-,-,4045.4000,4045.2000,4044.8000,4042.6000,4040.0000,4049.2000,4049.4000,4049.6000,4052.2000,4055.0000,1,1,2,1,5,4,3,1,1,5
SF,IF2002,2019-12-27 09:30:52.200,4045.8000,913,0,8498280.000,0,-,-,-,-,4045.4000,4045.2000,4044.8000,4042.6000,4040.0000,4049.0000,4049.2000,4049.4000,4049.6000,4052.2000,1,1,2,1,5,3,4,3,1,1
SF,IF2002,2019-12-27 09:30:52.700,4045.8000,913,0,8498280.000,0,-,-,-,-,4046.0000,4045.6000,4045.4000,4045.2000,4044.8000,4048.8000,4049.0000,4052.2000,4055.0000,4069.4000,1,1,1,1,2,1,3,1,5,1
SF,IF2002,2019-12-27 09:30:53.200,4045.8000,913,0,8498280.000,0,-,-,-,-,4046.2000,4046.0000,4045.6000,4044.8000,4040.0000,4048.8000,4049.0000,4052.2000,4055.0000,4069.4000,1,1,1,2,5,1,3,1,5,1
SF,IF2002,2019-12-27 09:30:53.700,4045.8000,913,0,8498280.000,0,-,-,-,-,4046.2000,4046.0000,4044.8000,4040.0000,4030.2000,4048.6000,4048.8000,4049.0000,4052.2000,4055.0000,1,1,2,5,1,1,1,3,1,5
SF,IF2002,2019-12-27 09:30:54.200,4045.8000,913,0,8498280.000,0,-,-,-,-,4046.2000,4044.8000,4040.0000,4030.2000,4025.2000,4048.4000,4048.6000,4052.2000,4055.0000,4069.4000,1,2,5,1,3,2,1,1,5,1
SF,IF2002,2019-12-27 09:30:54.700,4045.8000,913,0,8498280.000,0,-,-,-,-,4046.2000,4044.8000,4040.0000,4030.2000,4025.2000,4048.2000,4048.4000,4048.6000,4052.2000,4055.0000,1,2,5,1,3,1,2,1,1,5
SF,IF2002,2019-12-27 09:30:55.700,4045.8000,913,0,8498280.000,0,-,-,-,-,4046.4000,4046.2000,4044.8000,4040.0000,4030.2000,4048.2000,4048.4000,4052.2000,4055.0000,4069.4000,1,1,2,5,1,1,2,1,5,1
SF,IF2002,2019-12-27 09:30:56.200,4045.8000,913,0,8498280.000,0,-,-,-,-,4046.6000,4046.4000,4044.8000,4040.0000,4030.2000,4048.4000,4052.2000,4055.0000,4069.4000,4093.0000,1,1,2,5,1,2,1,5,1,3
SF,IF2002,2019-12-27 09:30:56.700,4046.2000,913,0,9712140.000,1,0,1,多换,S,4046.6000,4046.4000,4044.8000,4040.0000,4030.2000,4048.4000,4052.2000,4055.0000,4069.4000,4093.0000,1,1,2,5,1,1,1,5,1,3
SF,IF2002,2019-12-27 09:30:57.200,4046.2000,913,0,9712140.000,0,-,-,-,-,4046.6000,4044.8000,4040.0000,4030.2000,4025.2000,4048.4000,4052.2000,4055.0000,4069.4000,4093.0000,1,2,5,1,3,1,1,5,1,3
SF,IF2002,2019-12-27 09:30:57.700,4046.2000,913,0,9712140.000,0,-,-,-,-,4046.6000,4044.8000,4040.0000,4030.2000,4025.2000,4052.2000,4055.0000,4069.4000,4093.0000,4312.8000,1,2,5,1,3,1,5,1,3,3
SF,IF2002,2019-12-27 09:30:58.200,4046.2000,913,0,9712140.000,0,-,-,-,-,4046.6000,4044.8000,4040.0000,4030.2000,4025.2000,4051.6000,4052.0000,4052.2000,4055.0000,4069.4000,1,2,5,1,3,1,4,1,5,1
SF,IF2002,2019-12-27 09:30:58.700,4046.2000,913,0,9712140.000,0,-,-,-,-,4046.6000,4044.8000,4040.0000,4030.2000,4025.2000,4051.4000,4051.6000,4052.0000,4052.2000,4055.0000,1,2,5,1,3,11,1,3,1,5
SF,IF2002,2019-12-27 09:30:59.200,4046.2000,913,0,9712140.000,0,-,-,-,-,4046.6000,4044.8000,4040.0000,4030.2000,4025.2000,4051.2000,4051.4000,4051.6000,4052.0000,4052.2000,1,2,5,1,3,1,11,1,2,1
SF,IF2002,2019-12-27 09:30:59.700,4046.2000,913,0,9712140.000,0,-,-,-,-,4046.6000,4044.8000,4040.0000,4030.2000,4025.2000,4051.0000,4051.2000,4051.4000,4051.6000,4052.0000,1,2,5,1,3,4,1,10,1,2
SF,IF2002,2019-12-27 09:31:00.200,4046.2000,913,0,9712140.000,0,-,-,-,-,4046.6000,4044.8000,4040.0000,4030.2000,4025.2000,4050.8000,4051.0000,4051.2000,4051.4000,4051.6000,1,2,5,1,3,7,4,1,3,1
SF,IF2002,2019-12-27 09:31:00.700,4046.2000,913,0,9712140.000,0,-,-,-,-,4046.6000,4044.8000,4040.0000,4030.2000,4025.2000,4050.6000,4050.8000,4051.0000,4051.4000,4051.6000,1,2,5,1,3,4,7,3,3,1
SF,IF2002,2019-12-27 09:31:01.700,4046.2000,913,0,9712140.000,0,-,-,-,-,4046.8000,4046.6000,4044.8000,4040.0000,4030.2000,4050.6000,4050.8000,4051.0000,4051.4000,4051.6000,1,1,2,5,1,1,7,2,3,1
SF,IF2002,2019-12-27 09:31:02.200,4046.2000,913,0,9712140.000,0,-,-,-,-,4047.0000,4046.8000,4044.8000,4040.0000,4030.2000,4050.6000,4050.8000,4051.0000,4051.4000,4051.6000,1,1,2,5,1,1,7,2,3,1
SF,IF2002,2019-12-27 09:31:02.700,4046.2000,913,0,9712140.000,0,-,-,-,-,4047.0000,4046.8000,4044.8000,4040.0000,4030.2000,4050.6000,4050.8000,4051.0000,4051.4000,4051.6000,1,1,2,5,1,1,7,2,2,1
SF,IF2002,2019-12-27 09:31:03.200,4046.2000,913,0,9712140.000,0,-,-,-,-,4047.0000,4046.8000,4044.8000,4040.0000,4030.2000,4050.4000,4050.6000,4050.8000,4051.4000,4051.6000,1,1,2,5,1,1,1,7,2,1
SF,IF2002,2019-12-27 09:31:03.700,4046.2000,913,0,9712140.000,0,-,-,-,-,4047.0000,4046.8000,4044.8000,4040.0000,4030.2000,4050.2000,4050.4000,4050.8000,4051.4000,4051.6000,1,1,2,5,1,1,1,7,2,1
SF,IF2002,2019-12-27 09:31:04.200,4046.2000,913,0,9712140.000,0,-,-,-,-,4047.0000,4046.8000,4044.8000,4040.0000,4030.2000,4050.0000,4050.2000,4050.4000,4051.4000,4051.6000,1,1,2,5,1,1,1,1,2,1
SF,IF2002,2019-12-27 09:31:04.700,4046.2000,913,0,9712140.000,0,-,-,-,-,4047.0000,4046.8000,4044.8000,4040.0000,4030.2000,4049.8000,4050.0000,4050.4000,4051.4000,4051.6000,1,1,2,5,1,1,3,1,2,1
SF,IF2002,2019-12-27 09:31:05.200,4049.6000,913,0,10927020.000,1,0,1,多换,S,4047.0000,4046.8000,4044.8000,4040.0000,4030.2000,4049.8000,4050.0000,4050.4000,4051.4000,4051.6000,1,1,2,5,1,1,3,1,2,1
SF,IF2002,2019-12-27 09:31:05.700,4049.6000,913,0,10927020.000,0,-,-,-,-,4047.0000,4046.8000,4044.8000,4040.0000,4030.2000,4049.8000,4050.0000,4051.4000,4051.6000,4052.0000,1,1,2,5,1,1,3,2,1,2
SF,IF2002,2019-12-27 09:31:06.200,4049.6000,913,0,10927020.000,0,-,-,-,-,4047.0000,4046.8000,4044.8000,4040.0000,4030.2000,4049.6000,4049.8000,4050.0000,4051.4000,4051.6000,1,1,2,5,1,1,1,3,2,1
SF,IF2002,2019-12-27 09:31:06.700,4049.6000,913,0,10927020.000,0,-,-,-,-,4047.0000,4046.8000,4044.8000,4040.0000,4030.2000,4049.4000,4049.6000,4050.0000,4051.4000,4051.6000,1,1,2,5,1,1,1,1,2,1
SF,IF2002,2019-12-27 09:31:07.200,4049.6000,913,0,10927020.000,0,-,-,-,-,4047.0000,4046.8000,4044.8000,4040.0000,4030.2000,4049.2000,4049.4000,4049.6000,4051.4000,4051.6000,1,1,2,5,1,1,1,1,2,1
SF,IF2002,2019-12-27 09:31:07.700,4049.6000,913,0,10927020.000,0,-,-,-,-,4047.0000,4044.8000,4040.0000,4030.2000,4025.2000,4049.0000,4049.2000,4049.4000,4049.6000,4051.4000,1,2,5,1,3,1,1,1,1,2
SF,IF2002,2019-12-27 09:31:08.200,4049.6000,913,0,10927020.000,0,-,-,-,-,4047.0000,4044.8000,4040.0000,4030.2000,4025.2000,4049.0000,4049.2000,4049.4000,4051.4000,4051.6000,1,2,5,1,3,1,1,1,2,1
SF,IF2002,2019-12-27 09:31:08.700,4049.6000,913,0,10927020.000,0,-,-,-,-,4047.2000,4047.0000,4044.8000,4040.0000,4030.2000,4049.2000,4049.4000,4051.4000,4051.6000,4052.0000,1,1,2,5,1,1,1,2,1,2
SF,IF2002,2019-12-27 09:31:09.200,4049.6000,913,0,10927020.000,0,-,-,-,-,4047.4000,4047.2000,4044.8000,4040.0000,4030.2000,4049.2000,4049.4000,4051.4000,4051.6000,4052.0000,1,1,2,5,1,1,1,2,1,2
SF,IF2002,2019-12-27 09:31:09.700,4049.6000,913,0,10927020.000,0,-,-,-,-,4047.4000,4047.2000,4044.8000,4040.0000,4030.2000,4049.2000,4051.4000,4051.6000,4052.0000,4052.2000,1,1,2,5,1,1,2,1,2,1
SF,IF2002,2019-12-27 09:31:10.200,4049.6000,913,0,10927020.000,0,-,-,-,-,4047.6000,4047.4000,4047.2000,4044.8000,4040.0000,4049.2000,4051.4000,4051.6000,4052.0000,4052.2000,1,1,1,2,5,1,2,1,2,1
SF,IF2002,2019-12-27 09:31:10.700,4049.6000,913,0,10927020.000,0,-,-,-,-,4047.8000,4047.6000,4047.2000,4044.8000,4040.0000,4049.2000,4051.4000,4051.6000,4052.0000,4052.2000,2,1,1,2,5,1,2,1,2,1
SF,IF2002,2019-12-27 09:31:11.200,4049.2000,912,-1,12141780.000,1,0,1,双平,S,4047.8000,4047.6000,4047.2000,4044.8000,4040.0000,4051.6000,4052.0000,4052.2000,4055.0000,4069.4000,2,1,1,2,5,1,2,1,5,1
SF,IF2002,2019-12-27 09:31:11.700,4049.2000,912,0,12141780.000,0,-,-,-,-,4047.8000,4047.6000,4044.8000,4040.0000,4030.2000,4051.4000,4051.6000,4052.0000,4052.2000,4055.0000,2,1,2,5,1,1,1,2,1,5
SF,IF2002,2019-12-27 09:31:12.200,4049.2000,912,0,12141780.000,0,-,-,-,-,4047.8000,4044.8000,4040.0000,4030.2000,4025.2000,4051.4000,4051.6000,4052.0000,4052.2000,4055.0000,2,2,5,1,3,7,1,2,1,5
SF,IF2002,2019-12-27 09:31:12.700,4049.2000,912,0,12141780.000,0,-,-,-,-,4047.8000,4044.8000,4040.0000,4030.2000,4025.2000,4051.2000,4051.4000,4051.6000,4052.0000,4052.2000,2,2,5,1,3,1,7,1,2,1
SF,IF2002,2019-12-27 09:31:13.200,4049.2000,912,0,12141780.000,0,-,-,-,-,4047.8000,4044.8000,4040.0000,4030.2000,4025.2000,4049.6000,4051.0000,4051.2000,4051.4000,4051.6000,2,2,5,1,3,1,1,1,6,1
SF,IF2002,2019-12-27 09:31:13.700,4049.2000,912,0,12141780.000,0,-,-,-,-,4048.0000,4047.8000,4044.8000,4040.0000,4030.2000,4049.6000,4051.0000,4051.4000,4051.6000,4052.0000,1,2,2,5,1,1,1,6,1,2
SF,IF2002,2019-12-27 09:31:14.200,4049.6000,911,-1,13356660.000,1,0,1,双平,S,4048.2000,4048.0000,4047.8000,4044.8000,4040.0000,4051.0000,4052.0000,4052.2000,4055.0000,4069.4000,2,1,1,2,5,1,2,1,5,1
SF,IF2002,2019-12-27 09:31:14.700,4049.6000,911,0,13356660.000,0,-,-,-,-,4048.4000,4048.2000,4048.0000,4047.8000,4044.8000,4052.2000,4055.0000,4069.4000,4093.0000,4312.8000,1,2,1,1,2,1,5,1,3,3
SF,IF2002,2019-12-27 09:31:15.200,4049.6000,911,0,13356660.000,0,-,-,-,-,4048.6000,4048.4000,4048.2000,4048.0000,4047.8000,4052.0000,4052.2000,4055.0000,4069.4000,4093.0000,2,1,1,1,1,8,1,5,1,3
SF,IF2002,2019-12-27 09:31:15.700,4049.6000,911,0,13356660.000,0,-,-,-,-,4048.6000,4048.4000,4048.2000,4048.0000,4047.8000,4052.0000,4052.2000,4055.0000,4069.4000,4093.0000,2,1,1,1,1,7,1,5,1,3
SF,IF2002,2019-12-27 09:31:16.200,4049.6000,911,0,13356660.000,0,-,-,-,-,4048.8000,4048.6000,4048.4000,4048.2000,4048.0000,4051.8000,4052.0000,4052.2000,4060.0000,4069.4000,1,2,1,1,1,1,7,1,5,1
SF,IF2002,2019-12-27 09:31:16.700,4049.6000,911,0,13356660.000,0,-,-,-,-,4049.4000,4049.0000,4048.8000,4048.6000,4048.4000,4051.8000,4052.0000,4060.0000,4069.4000,4093.0000,1,2,1,1,1,1,6,5,1,3
SF,IF2002,2019-12-27 09:31:17.200,4049.6000,911,0,13356660.000,0,-,-,-,-,4049.6000,4049.4000,4049.0000,4048.8000,4048.6000,4052.0000,4060.0000,4069.4000,4093.0000,4312.8000,2,1,1,1,1,5,5,1,3,3
SF,IF2002,2019-12-27 09:31:17.700,4052.0000,910,-1,14572260.000,1,0,1,双平,S,4049.6000,4049.0000,4048.8000,4048.6000,4048.4000,4052.0000,4060.0000,4069.4000,4093.0000,4312.8000,2,1,1,1,1,4,5,1,3,3
SF,IF2002,2019-12-27 09:31:18.700,4052.0000,910,0,14572260.000,0,-,-,-,-,4049.6000,4049.4000,4049.0000,4048.8000,4048.6000,4052.0000,4060.0000,4093.0000,4312.8000,4353.0000,2,1,1,1,1,4,5,3,3,5
SF,IF2002,2019-12-27 09:31:19.200,4052.0000,910,0,14572260.000,0,-,-,-,-,4049.6000,4049.0000,4048.8000,4048.6000,4048.4000,4052.0000,4060.0000,4093.0000,4312.8000,4353.0000,2,1,1,1,1,2,5,3,3,5
SF,IF2002,2019-12-27 09:31:19.700,4052.0000,910,0,14572260.000,0,-,-,-,-,4049.6000,4049.4000,4049.0000,4048.8000,4048.6000,4052.0000,4060.0000,4093.0000,4312.8000,4353.0000,2,1,1,1,1,2,5,3,3,5
SF,IF2002,2019-12-27 09:31:20.700,4052.0000,910,0,14572260.000,0,-,-,-,-,4049.6000,4049.4000,4049.0000,4048.8000,4048.6000,4060.0000,4093.0000,4312.8000,4353.0000,0.0000,2,1,1,1,1,5,3,3,5,0
SF,IF2002,2019-12-27 09:31:21.200,4052.0000,910,0,14572260.000,0,-,-,-,-,4049.6000,4049.4000,4049.0000,4048.8000,4048.6000,4052.8000,4054.4000,4058.8000,4059.8000,4060.0000,2,1,1,1,1,1,1,3,13,5
SF,IF2002,2019-12-27 09:31:21.700,4052.0000,910,0,14572260.000,0,-,-,-,-,4049.6000,4049.4000,4049.0000,4048.8000,4048.6000,4052.6000,4054.4000,4058.8000,4059.8000,4060.0000,2,1,1,1,1,3,1,1,4,5
SF,IF2002,2019-12-27 09:31:22.200,4052.0000,910,0,14572260.000,0,-,-,-,-,4049.8000,4049.6000,4049.4000,4049.0000,4048.8000,4052.6000,4052.8000,4054.4000,4058.8000,4059.8000,1,2,1,1,1,3,1,1,1,3
SF,IF2002,2019-12-27 09:31:22.700,4050.0000,909,-1,15787260.000,1,0,1,双平,S,4050.0000,4049.8000,4049.6000,4049.4000,4049.0000,4052.6000,4052.8000,4054.4000,4057.6000,4058.8000,1,1,1,1,1,3,1,1,1,1
SF,IF2002,2019-12-27 09:31:23.200,4050.0000,909,0,15787260.000,0,-,-,-,-,4050.0000,4049.8000,4049.6000,4049.4000,4049.0000,4052.6000,4054.4000,4057.6000,4059.8000,4060.0000,1,1,1,1,1,3,1,1,3,5
SF,IF2002,2019-12-27 09:31:23.700,4050.0000,909,0,15787260.000,0,-,-,-,-,4050.2000,4050.0000,4049.8000,4049.6000,4049.4000,4052.6000,4054.4000,4055.8000,4057.6000,4059.8000,1,1,1,1,1,3,1,1,1,3
SF,IF2002,2019-12-27 09:31:24.200,4050.0000,909,0,15787260.000,0,-,-,-,-,4050.4000,4050.2000,4049.8000,4049.6000,4049.4000,4052.6000,4052.8000,4054.4000,4055.8000,4057.6000,1,1,1,1,1,3,1,1,1,1
SF,IF2002,2019-12-27 09:31:25.200,4050.0000,909,0,15787260.000,0,-,-,-,-,4050.4000,4050.2000,4049.8000,4049.6000,4049.4000,4052.6000,4052.8000,4054.4000,4055.8000,4057.6000,1,1,1,1,1,2,1,1,1,1
SF,IF2002,2019-12-27 09:31:25.700,4050.0000,909,0,15787260.000,0,-,-,-,-,4050.4000,4050.2000,4049.8000,4049.6000,4049.4000,4052.6000,4054.4000,4055.8000,4057.6000,4059.8000,1,1,1,1,1,2,1,1,1,3
SF,IF2002,2019-12-27 09:31:26.200,4050.0000,909,0,15787260.000,0,-,-,-,-,4050.4000,4050.2000,4049.8000,4049.6000,4049.4000,4052.6000,4054.4000,4055.8000,4057.6000,4059.8000,1,1,1,1,1,1,1,1,1,3
SF,IF2002,2019-12-27 09:31:26.700,4050.0000,909,0,15787260.000,0,-,-,-,-,4050.4000,4050.2000,4049.8000,4049.6000,4049.4000,4052.6000,4052.8000,4054.4000,4055.8000,4057.6000,1,1,1,1,1,1,1,1,1,1
SF,IF2002,2019-12-27 09:31:27.200,4050.0000,909,0,15787260.000,0,-,-,-,-,4050.4000,4050.2000,4049.8000,4049.6000,4049.4000,4052.6000,4054.4000,4055.8000,4057.6000,4059.8000,1,1,1,1,1,1,1,1,1,3
SF,IF2002,2019-12-27 09:31:28.200,4050.0000,909,0,15787260.000,0,-,-,-,-,4050.6000,4050.4000,4050.2000,4049.8000,4049.6000,4052.6000,4054.4000,4055.8000,4057.6000,4059.8000,1,1,1,1,1,1,1,1,1,3
SF,IF2002,2019-12-27 09:31:28.700,4050.0000,909,0,15787260.000,0,-,-,-,-,4050.8000,4050.6000,4050.2000,4049.8000,4049.6000,4054.4000,4055.8000,4057.6000,4059.8000,4060.0000,1,1,1,1,1,1,1,1,3,5
SF,IF2002,2019-12-27 09:31:29.200,4050.0000,909,0,15787260.000,0,-,-,-,-,4050.8000,4050.6000,4050.2000,4049.6000,4049.4000,4054.2000,4054.4000,4055.8000,4057.6000,4059.8000,1,1,1,1,1,9,1,1,1,3
SF,IF2002,2019-12-27 09:31:29.700,4050.0000,909,0,15787260.000,0,-,-,-,-,4050.8000,4050.6000,4050.2000,4049.6000,4049.4000,4054.0000,4054.2000,4054.4000,4055.8000,4057.6000,1,1,1,1,1,2,9,1,1,1
SF,IF2002,2019-12-27 09:31:30.200,4050.0000,909,0,15787260.000,0,-,-,-,-,4050.8000,4050.6000,4050.2000,4049.6000,4049.4000,4053.8000,4054.0000,4054.2000,4054.4000,4057.6000,1,1,1,1,1,3,2,8,1,1
SF,IF2002,2019-12-27 09:31:30.700,4050.0000,909,0,15787260.000,0,-,-,-,-,4050.8000,4050.6000,4050.2000,4049.6000,4049.4000,4053.6000,4053.8000,4054.0000,4054.2000,4054.4000,1,1,1,1,1,2,3,1,8,1
SF,IF2002,2019-12-27 09:31:31.200,4050.0000,909,0,15787260.000,0,-,-,-,-,4050.8000,4050.6000,4050.2000,4049.6000,4049.4000,4053.4000,4053.6000,4053.8000,4054.0000,4054.2000,1,1,2,1,1,1,8,2,1,2
SF,IF2002,2019-12-27 09:31:31.700,4050.0000,909,0,15787260.000,0,-,-,-,-,4051.0000,4050.8000,4050.6000,4050.2000,4049.6000,4053.2000,4053.4000,4053.6000,4053.8000,4054.0000,1,1,1,2,1,1,1,7,2,1
SF,IF2002,2019-12-27 09:31:32.200,4050.0000,909,0,15787260.000,0,-,-,-,-,4051.2000,4051.0000,4050.6000,4050.2000,4049.6000,4053.4000,4053.6000,4054.0000,4054.2000,4054.4000,1,1,1,2,1,1,7,1,2,1
SF,IF2002,2019-12-27 09:31:32.700,4050.0000,909,0,15787260.000,0,-,-,-,-,4051.2000,4050.6000,4050.2000,4049.6000,4049.4000,4053.0000,4053.2000,4053.4000,4053.6000,4054.0000,1,1,2,1,1,1,1,1,1,1
SF,IF2002,2019-12-27 09:31:33.200,4050.0000,909,0,15787260.000,0,-,-,-,-,4051.2000,4050.6000,4050.2000,4049.6000,4049.4000,4053.0000,4053.2000,4053.4000,4053.6000,4054.0000,1,1,2,1,1,1,4,1,1,1
SF,IF2002,2019-12-27 09:31:33.700,4051.2000,908,-1,17002620.000,1,0,1,双平,S,4050.6000,4050.2000,4049.6000,4049.4000,4048.8000,4053.0000,4053.2000,4053.4000,4053.6000,4054.0000,1,2,1,1,1,1,3,1,1,1
SF,IF2002,2019-12-27 09:31:34.200,4051.2000,908,0,17002620.000,0,-,-,-,-,4050.8000,4050.6000,4050.2000,4049.6000,4049.4000,4052.8000,4053.0000,4053.2000,4053.6000,4054.0000,2,1,2,1,1,1,1,2,1,1
SF,IF2002,2019-12-27 09:31:34.700,4051.2000,908,0,17002620.000,0,-,-,-,-,4050.8000,4050.6000,4050.2000,4049.6000,4049.4000,4052.8000,4053.6000,4054.0000,4054.2000,4054.4000,2,1,2,1,1,1,1,1,2,1
SF,IF2002,2019-12-27 09:31:35.200,4051.2000,908,0,17002620.000,0,-,-,-,-,4051.0000,4050.8000,4050.6000,4050.2000,4049.4000,4052.8000,4053.6000,4054.0000,4054.2000,4054.4000,1,2,1,2,1,1,1,1,2,1
SF,IF2002,2019-12-27 09:31:35.700,4052.8000,907,-1,18218460.000,1,0,1,双平,S,4051.2000,4051.0000,4050.8000,4050.6000,4050.2000,4053.6000,4054.0000,4054.2000,4054.4000,4057.6000,2,1,1,1,2,1,1,2,1,1
SF,IF2002,2019-12-27 09:31:36.200,4052.8000,907,0,18218460.000,0,-,-,-,-,4051.2000,4051.0000,4050.6000,4050.2000,4049.4000,4053.4000,4053.6000,4054.0000,4054.2000,4054.4000,2,1,1,2,1,2,1,1,2,1
SF,IF2002,2019-12-27 09:31:37.200,4052.8000,907,0,18218460.000,0,-,-,-,-,4051.2000,4051.0000,4050.6000,4050.2000,4049.4000,4053.4000,4054.0000,4057.6000,4059.8000,4060.0000,2,1,1,2,1,2,1,1,3,5
SF,IF2002,2019-12-27 09:31:38.200,4052.8000,907,0,18218460.000,0,-,-,-,-,4051.2000,4051.0000,4050.6000,4050.2000,4049.4000,4053.4000,4054.0000,4057.6000,4059.8000,4060.0000,2,1,1,2,1,1,1,1,3,5
SF,IF2002,2019-12-27 09:31:38.700,4052.8000,907,0,18218460.000,0,-,-,-,-,4051.4000,4051.2000,4051.0000,4050.6000,4050.2000,4054.0000,4057.6000,4059.8000,4060.0000,4093.0000,1,2,1,1,1,1,1,3,5,3
SF,IF2002,2019-12-27 09:31:39.200,4052.8000,907,0,18218460.000,0,-,-,-,-,4051.6000,4051.4000,4051.2000,4051.0000,4050.6000,4054.0000,4057.6000,4059.8000,4060.0000,4093.0000,2,1,1,1,1,1,1,3,5,3
SF,IF2002,2019-12-27 09:31:39.700,4052.8000,907,0,18218460.000,0,-,-,-,-,4051.6000,4051.4000,4051.2000,4051.0000,4050.6000,4053.8000,4057.6000,4059.8000,4060.0000,4093.0000,2,1,1,1,1,3,1,3,5,3
SF,IF2002,2019-12-27 09:31:41.200,4052.8000,907,0,18218460.000,0,-,-,-,-,4051.6000,4051.4000,4051.2000,4051.0000,4050.6000,4053.8000,4057.6000,4059.8000,4060.0000,4093.0000,2,1,1,1,1,1,1,3,5,3
SF,IF2002,2019-12-27 09:31:41.700,4052.8000,907,0,18218460.000,0,-,-,-,-,4051.8000,4051.6000,4051.4000,4051.2000,4051.0000,4053.8000,4057.6000,4059.8000,4060.0000,4093.0000,1,1,1,1,1,1,1,3,5,3
SF,IF2002,2019-12-27 09:31:42.200,4052.8000,907,0,18218460.000,0,-,-,-,-,4052.0000,4051.8000,4051.4000,4051.0000,4050.2000,4053.8000,4057.6000,4059.8000,4060.0000,4093.0000,2,1,1,1,1,1,1,3,5,3
SF,IF2002,2019-12-27 09:31:43.200,4052.8000,907,0,18218460.000,0,-,-,-,-,4052.0000,4051.8000,4051.4000,4051.0000,4050.2000,4053.6000,4053.8000,4057.6000,4059.8000,4060.0000,1,1,1,1,1,1,1,1,3,5
SF,IF2002,2019-12-27 09:31:43.700,4052.8000,907,0,18218460.000,0,-,-,-,-,4052.0000,4051.4000,4051.0000,4050.2000,4049.4000,4053.4000,4053.6000,4053.8000,4057.6000,4059.8000,1,1,1,1,1,1,1,1,1,3
SF,IF2002,2019-12-27 09:31:44.200,4052.8000,907,0,18218460.000,0,-,-,-,-,4050.2000,4049.4000,4048.8000,4044.8000,4040.0000,4053.2000,4053.4000,4053.6000,4053.8000,4057.6000,1,1,1,2,5,1,1,1,1,1
SF,IF2002,2019-12-27 09:31:44.700,4052.8000,907,0,18218460.000,0,-,-,-,-,4050.4000,4048.8000,4044.8000,4040.0000,4030.2000,4053.0000,4053.2000,4053.6000,4057.6000,4059.8000,1,1,2,5,1,1,1,1,1,3
SF,IF2002,2019-12-27 09:31:45.200,4052.8000,907,0,18218460.000,0,-,-,-,-,4050.4000,4048.8000,4044.8000,4040.0000,4030.2000,4052.8000,4053.0000,4053.2000,4053.6000,4057.6000,1,1,2,5,1,3,1,1,1,1
SF,IF2002,2019-12-27 09:31:45.700,4052.8000,907,0,18218460.000,0,-,-,-,-,4050.4000,4048.8000,4044.8000,4040.0000,4030.2000,4052.8000,4053.0000,4053.2000,4057.6000,4059.8000,1,1,2,5,1,2,1,1,1,3
SF,IF2002,2019-12-27 09:31:46.200,4052.8000,907,0,18218460.000,0,-,-,-,-,4050.4000,4048.8000,4044.8000,4040.0000,4030.2000,4052.8000,4053.2000,4057.6000,4059.8000,4060.0000,1,1,2,5,1,2,1,1,3,5
SF,IF2002,2019-12-27 09:31:46.700,4052.8000,907,0,18218460.000,0,-,-,-,-,4050.4000,4048.8000,4044.8000,4040.0000,4030.2000,4052.6000,4052.8000,4053.2000,4057.6000,4059.8000,1,1,2,5,1,2,3,1,1,3
SF,IF2002,2019-12-27 09:31:47.200,4052.8000,907,0,18218460.000,0,-,-,-,-,4050.4000,4048.8000,4044.8000,4040.0000,4030.2000,4052.4000,4052.6000,4052.8000,4053.2000,4057.6000,1,1,2,5,1,1,3,1,1,1
SF,IF2002,2019-12-27 09:31:48.200,4052.8000,907,0,18218460.000,0,-,-,-,-,4050.6000,4050.4000,4048.8000,4044.8000,4040.0000,4052.4000,4052.6000,4052.8000,4053.2000,4057.6000,1,1,1,2,5,1,1,1,1,1
SF,IF2002,2019-12-27 09:31:48.700,4052.8000,907,0,18218460.000,0,-,-,-,-,4050.8000,4050.6000,4048.8000,4044.8000,4040.0000,4052.4000,4052.8000,4053.2000,4057.6000,4059.8000,1,1,1,2,5,1,1,1,1,3
SF,IF2002,2019-12-27 09:31:49.200,4052.8000,907,0,18218460.000,0,-,-,-,-,4050.8000,4050.6000,4048.8000,4044.8000,4040.0000,4052.2000,4052.4000,4052.8000,4053.2000,4057.6000,1,1,1,2,5,1,1,1,1,1
SF,IF2002,2019-12-27 09:31:49.700,4052.8000,907,0,18218460.000,0,-,-,-,-,4050.8000,4048.8000,4044.8000,4040.0000,4030.2000,4052.2000,4052.4000,4052.8000,4053.2000,4057.6000,1,1,2,5,1,1,1,1,1,1
SF,IF2002,2019-12-27 09:31:50.200,4052.8000,907,0,18218460.000,0,-,-,-,-,4044.8000,4040.0000,4030.2000,4025.2000,4025.0000,4052.0000,4052.2000,4052.8000,4053.2000,4057.6000,2,5,1,3,3,1,1,1,1,1
SF,IF2002,2019-12-27 09:31:50.700,4052.8000,907,0,18218460.000,0,-,-,-,-,4048.8000,4046.0000,4045.0000,4044.8000,4040.0000,4051.8000,4052.0000,4052.2000,4052.8000,4053.2000,1,1,1,2,5,1,1,1,1,1
SF,IF2002,2019-12-27 09:31:51.200,4052.8000,907,0,18218460.000,0,-,-,-,-,4049.0000,4048.8000,4046.0000,4044.8000,4040.0000,4051.8000,4052.2000,4052.8000,4053.2000,4057.6000,2,1,1,2,5,1,1,1,1,1
SF,IF2002,2019-12-27 09:31:51.700,4052.8000,907,0,18218460.000,0,-,-,-,-,4049.0000,4046.0000,4044.8000,4040.0000,4030.2000,4051.6000,4051.8000,4052.2000,4052.8000,4053.2000,2,1,2,5,1,1,1,1,1,1
SF,IF2002,2019-12-27 09:31:52.200,4052.8000,907,0,18218460.000,0,-,-,-,-,4049.0000,4046.0000,4044.8000,4040.0000,4030.2000,4051.4000,4051.6000,4051.8000,4052.2000,4052.8000,2,1,2,5,1,1,1,1,1,2
SF,IF2002,2019-12-27 09:31:52.700,4052.8000,907,0,18218460.000,0,-,-,-,-,4049.0000,4048.8000,4046.0000,4044.8000,4040.0000,4051.4000,4051.6000,4051.8000,4052.2000,4052.8000,2,1,1,2,5,1,1,1,1,2
SF,IF2002,2019-12-27 09:31:53.200,4052.8000,907,0,18218460.000,0,-,-,-,-,4049.4000,4049.2000,4049.0000,4048.8000,4044.8000,4051.4000,4051.6000,4051.8000,4052.2000,4052.8000,1,1,2,1,2,1,1,1,1,2
SF,IF2002,2019-12-27 09:31:53.700,4052.8000,907,0,18218460.000,0,-,-,-,-,4049.6000,4049.4000,4049.2000,4049.0000,4048.8000,4051.4000,4052.8000,4053.2000,4057.6000,4058.0000,2,1,1,1,1,1,2,1,1,1
SF,IF2002,2019-12-27 09:31:54.200,4052.8000,907,0,18218460.000,0,-,-,-,-,4049.8000,4049.6000,4049.4000,4049.2000,4049.0000,4052.8000,4053.2000,4057.6000,4058.0000,4059.8000,1,2,1,1,1,1,1,1,1,2
SF,IF2002,2019-12-27 09:31:54.700,4052.8000,907,0,18218460.000,0,-,-,-,-,4050.0000,4049.8000,4049.6000,4049.4000,4049.0000,4052.6000,4052.8000,4053.2000,4057.6000,4058.0000,2,1,1,1,1,1,1,1,1,1
SF,IF2002,2019-12-27 09:31:55.200,4052.8000,907,0,18218460.000,0,-,-,-,-,4050.0000,4049.6000,4049.4000,4049.0000,4048.8000,4052.4000,4052.6000,4052.8000,4053.2000,4057.6000,2,1,1,1,1,1,1,1,1,1
SF,IF2002,2019-12-27 09:31:55.700,4052.8000,907,0,18218460.000,0,-,-,-,-,4050.0000,4049.6000,4049.4000,4049.0000,4048.8000,4052.2000,4052.4000,4052.8000,4053.2000,4057.6000,2,1,1,1,1,1,1,1,1,1
SF,IF2002,2019-12-27 09:31:56.700,4052.8000,907,0,18218460.000,0,-,-,-,-,4050.2000,4050.0000,4049.6000,4049.4000,4049.0000,4052.2000,4052.4000,4052.8000,4053.2000,4057.6000,1,2,1,1,1,1,1,1,1,1
SF,IF2002,2019-12-27 09:31:57.200,4052.8000,907,0,18218460.000,0,-,-,-,-,4050.4000,4050.2000,4050.0000,4049.6000,4049.4000,4052.2000,4052.8000,4053.2000,4057.6000,4058.0000,1,1,1,1,1,1,1,1,1,1
SF,IF2002,2019-12-27 09:31:57.700,4052.8000,907,0,18218460.000,0,-,-,-,-,4050.4000,4050.2000,4050.0000,4049.6000,4049.4000,4052.8000,4053.2000,4057.6000,4058.0000,4059.8000,1,1,2,1,1,1,1,1,1,2
SF,IF2002,2019-12-27 09:31:58.200,4052.8000,907,0,18218460.000,0,-,-,-,-,4050.4000,4050.0000,4049.6000,4049.4000,4049.0000,4052.6000,4052.8000,4053.2000,4057.6000,4058.0000,1,2,1,1,1,2,1,1,1,1
SF,IF2002,2019-12-27 09:31:58.700,4052.8000,907,0,18218460.000,0,-,-,-,-,4050.4000,4050.0000,4049.6000,4049.4000,4049.0000,4052.6000,4052.8000,4053.2000,4057.6000,4058.0000,1,2,1,1,1,2,2,1,1,1
SF,IF2002,2019-12-27 09:32:00.200,4052.8000,907,0,18218460.000,0,-,-,-,-,4050.4000,4050.0000,4049.6000,4049.4000,4049.0000,4052.6000,4052.8000,4053.2000,4057.6000,4058.0000,1,2,1,1,1,1,1,1,1,1
SF,IF2002,2019-12-27 09:32:00.700,4052.8000,907,0,18218460.000,0,-,-,-,-,4050.4000,4050.0000,4049.6000,4049.4000,4049.0000,4052.4000,4052.6000,4052.8000,4053.2000,4057.6000,1,2,1,1,1,1,1,2,1,1
SF,IF2002,2019-12-27 09:32:01.200,4052.8000,907,0,18218460.000,0,-,-,-,-,4050.4000,4050.0000,4049.6000,4049.0000,4048.8000,4052.4000,4052.6000,4052.8000,4053.2000,4057.6000,1,2,1,1,1,1,1,2,1,1
SF,IF2002,2019-12-27 09:32:01.700,4052.8000,907,0,18218460.000,0,-,-,-,-,4050.4000,4050.0000,4049.6000,4049.0000,4048.8000,4052.4000,4052.6000,4052.8000,4053.2000,4057.6000,1,2,1,1,1,1,1,1,1,1
SF,IF2002,2019-12-27 09:32:02.200,4052.8000,907,0,18218460.000,0,-,-,-,-,4050.4000,4050.0000,4049.6000,4049.0000,4048.8000,4052.2000,4052.4000,4052.6000,4052.8000,4053.2000,1,2,1,1,1,1,1,1,1,1
SF,IF2002,2019-12-27 09:32:02.700,4052.8000,907,0,18218460.000,0,-,-,-,-,4050.4000,4050.0000,4049.6000,4049.0000,4048.8000,4052.0000,4052.2000,4052.4000,4052.6000,4052.8000,1,2,1,1,1,1,1,1,1,1
SF,IF2002,2019-12-27 09:32:03.700,4052.8000,907,0,18218460.000,0,-,-,-,-,4050.4000,4050.0000,4049.6000,4049.0000,4044.8000,4052.0000,4052.2000,4052.4000,4052.6000,4052.8000,1,2,1,1,2,1,1,1,1,1
SF,IF2002,2019-12-27 09:32:04.700,4052.8000,907,0,18218460.000,0,-,-,-,-,4050.4000,4050.0000,4049.6000,4049.0000,4044.8000,4051.8000,4052.0000,4052.2000,4052.4000,4052.6000,1,1,1,1,2,1,1,1,1,1
SF,IF2002,2019-12-27 09:32:05.200,4052.8000,907,0,18218460.000,0,-,-,-,-,4050.4000,4050.0000,4049.6000,4049.0000,4044.8000,4051.8000,4052.0000,4052.4000,4052.6000,4052.8000,1,1,1,1,2,2,1,1,1,1
SF,IF2002,2019-12-27 09:32:05.700,4052.8000,907,0,18218460.000,0,-,-,-,-,4050.4000,4050.0000,4049.6000,4049.0000,4044.8000,4051.8000,4052.0000,4052.6000,4052.8000,4053.2000,1,1,1,1,2,2,1,1,1,1
SF,IF2002,2019-12-27 09:32:06.200,4052.8000,907,0,18218460.000,0,-,-,-,-,4050.4000,4050.0000,4049.6000,4049.0000,4044.8000,4051.8000,4052.6000,4052.8000,4053.2000,4057.6000,1,1,1,1,2,2,1,1,1,1
SF,IF2002,2019-12-27 09:32:06.700,4052.8000,907,0,18218460.000,0,-,-,-,-,4050.4000,4050.0000,4049.6000,4049.0000,4044.8000,4051.6000,4051.8000,4052.6000,4052.8000,4053.2000,1,1,1,1,2,1,2,1,1,1
SF,IF2002,2019-12-27 09:32:07.200,4052.8000,907,0,18218460.000,0,-,-,-,-,4050.4000,4050.0000,4049.0000,4044.8000,4040.0000,4051.4000,4051.6000,4051.8000,4052.6000,4052.8000,1,1,1,2,5,1,2,2,1,1
SF,IF2002,2019-12-27 09:32:07.700,4050.4000,906,-1,19433580.000,1,0,1,双平,S,4050.0000,4049.0000,4044.8000,4040.0000,4030.2000,4051.4000,4051.6000,4051.8000,4052.6000,4052.8000,1,1,2,5,1,1,1,2,1,1
SF,IF2002,2019-12-27 09:32:08.200,4050.4000,906,0,19433580.000,0,-,-,-,-,4050.0000,4049.0000,4044.8000,4040.0000,4030.2000,4051.8000,4052.6000,4052.8000,4053.2000,4057.6000,1,1,2,5,1,2,1,1,1,1
SF,IF2002,2019-12-27 09:32:08.700,4050.4000,906,0,19433580.000,0,-,-,-,-,4050.2000,4050.0000,4049.0000,4044.8000,4040.0000,4051.8000,4052.6000,4052.8000,4053.2000,4057.6000,1,1,1,2,5,2,1,1,1,1
SF,IF2002,2019-12-27 09:32:09.200,4050.2000,905,-1,20648640.000,1,0,1,双平,S,4050.0000,4049.0000,4044.8000,4040.0000,4030.2000,4051.8000,4052.6000,4052.8000,4053.2000,4057.6000,1,1,2,5,1,2,1,1,1,1
SF,IF2002,2019-12-27 09:32:09.700,4050.2000,905,0,20648640.000,0,-,-,-,-,4050.0000,4049.0000,4044.8000,4040.0000,4030.2000,4051.6000,4051.8000,4052.8000,4053.2000,4057.6000,1,1,2,5,1,3,1,1,1,1
SF,IF2002,2019-12-27 09:32:10.700,4050.2000,905,0,20648640.000,0,-,-,-,-,4050.0000,4049.0000,4044.8000,4040.0000,4030.2000,4051.6000,4051.8000,4052.8000,4053.2000,4057.6000,1,1,2,5,1,2,1,1,1,1
SF,IF2002,2019-12-27 09:32:11.200,4050.2000,905,0,20648640.000,0,-,-,-,-,4050.0000,4049.0000,4044.8000,4040.0000,4030.2000,4051.4000,4051.6000,4051.8000,4052.8000,4053.2000,1,1,2,5,1,2,1,1,1,1
SF,IF2002,2019-12-27 09:32:18.700,4050.2000,905,0,20648640.000,0,-,-,-,-,4050.0000,4049.0000,4044.8000,4040.0000,4030.2000,4051.2000,4051.4000,4051.6000,4051.8000,4052.8000,1,1,2,5,1,1,2,3,1,1
SF,IF2002,2019-12-27 09:32:19.200,4050.2000,905,0,20648640.000,0,-,-,-,-,4050.0000,4049.0000,4044.8000,4040.0000,4030.2000,4051.0000,4051.2000,4051.4000,4051.6000,4051.8000,1,1,2,5,1,2,1,2,2,1
SF,IF2002,2019-12-27 09:32:20.200,4050.2000,905,0,20648640.000,0,-,-,-,-,4050.0000,4049.0000,4044.8000,4040.0000,4030.2000,4051.0000,4051.2000,4051.4000,4051.6000,4051.8000,1,1,2,5,1,2,1,2,2,1
SF,IF2002,2019-12-27 09:32:20.700,4050.2000,905,0,20648640.000,0,-,-,-,-,4050.0000,4044.8000,4040.0000,4030.2000,4025.2000,4050.8000,4051.0000,4051.2000,4051.4000,4051.6000,1,2,5,1,3,1,2,1,2,2
SF,IF2002,2019-12-27 09:32:21.200,4050.0000,905,0,21863640.000,1,0,1,多换,S,4044.8000,4040.0000,4030.2000,4025.2000,4025.0000,4050.6000,4050.8000,4051.0000,4051.2000,4051.4000,2,5,1,3,3,1,1,1,1,2
SF,IF2002,2019-12-27 09:32:21.700,4050.0000,905,0,21863640.000,0,-,-,-,-,4046.0000,4045.0000,4044.8000,4040.0000,4030.2000,4050.6000,4050.8000,4051.0000,4051.2000,4051.4000,2,3,2,5,1,1,1,1,1,1
SF,IF2002,2019-12-27 09:32:22.200,4050.0000,905,0,21863640.000,0,-,-,-,-,4046.2000,4046.0000,4045.0000,4044.8000,4040.0000,4050.6000,4050.8000,4051.0000,4051.2000,4051.4000,2,2,3,2,5,1,1,1,1,1
SF,IF2002,2019-12-27 09:32:22.700,4050.0000,905,0,21863640.000,0,-,-,-,-,4046.2000,4046.0000,4045.0000,4044.8000,4040.0000,4050.6000,4050.8000,4051.0000,4051.2000,4051.4000,2,2,2,2,5,1,1,1,1,1
SF,IF2002,2019-12-27 09:32:23.200,4050.0000,905,0,21863640.000,0,-,-,-,-,4046.4000,4046.2000,4046.0000,4045.0000,4044.8000,4050.6000,4050.8000,4051.0000,4051.2000,4051.4000,1,2,2,2,2,1,1,1,1,1
SF,IF2002,2019-12-27 09:32:23.700,4050.0000,905,0,21863640.000,0,-,-,-,-,4046.6000,4046.4000,4046.2000,4046.0000,4045.0000,4050.6000,4050.8000,4051.0000,4051.2000,4051.4000,2,1,1,2,2,1,1,1,1,1
SF,IF2002,2019-12-27 09:32:24.200,4050.0000,905,0,21863640.000,0,-,-,-,-,4046.6000,4046.2000,4046.0000,4045.0000,4044.8000,4050.6000,4050.8000,4051.0000,4051.2000,4051.4000,2,1,2,2,2,1,1,1,1,1
SF,IF2002,2019-12-27 09:32:27.200,4050.0000,905,0,21863640.000,0,-,-,-,-,4046.6000,4046.2000,4046.0000,4045.0000,4044.8000,4050.6000,4051.0000,4051.2000,4051.4000,4051.6000,2,1,2,2,2,1,1,1,1,2
SF,IF2002,2019-12-27 09:32:27.700,4050.0000,905,0,21863640.000,0,-,-,-,-,4046.6000,4046.2000,4046.0000,4045.0000,4044.8000,4050.6000,4051.0000,4051.2000,4051.4000,4051.6000,2,1,2,2,2,1,1,1,1,1
SF,IF2002,2019-12-27 09:32:30.700,4050.0000,905,0,21863640.000,0,-,-,-,-,4046.6000,4046.2000,4046.0000,4045.0000,4044.8000,4050.4000,4050.6000,4051.0000,4051.4000,4051.6000,2,1,2,2,2,1,1,1,1,1
SF,IF2002,2019-12-27 09:32:31.200,4050.0000,905,0,21863640.000,0,-,-,-,-,4046.6000,4046.2000,4046.0000,4045.0000,4044.8000,4050.2000,4050.4000,4051.0000,4051.6000,4051.8000,2,1,2,2,2,1,1,1,1,1
SF,IF2002,2019-12-27 09:32:31.700,4050.0000,905,0,21863640.000,0,-,-,-,-,4046.6000,4046.2000,4046.0000,4045.0000,4044.8000,4050.2000,4050.4000,4051.6000,4051.8000,4052.4000,2,1,2,2,2,1,1,1,1,1
SF,IF2002,2019-12-27 09:32:32.700,4050.0000,905,0,21863640.000,0,-,-,-,-,4046.6000,4046.2000,4046.0000,4045.0000,4044.8000,4050.2000,4050.4000,4051.6000,4051.8000,4052.4000,2,1,2,1,2,1,1,1,1,1
SF,IF2002,2019-12-27 09:32:33.200,4050.0000,905,0,21863640.000,0,-,-,-,-,4048.8000,4046.6000,4046.2000,4046.0000,4045.0000,4050.2000,4050.4000,4051.6000,4051.8000,4052.4000,1,2,1,1,1,1,1,1,1,1
SF,IF2002,2019-12-27 09:32:33.700,4050.0000,905,0,21863640.000,0,-,-,-,-,4049.0000,4046.6000,4046.2000,4046.0000,4044.8000,4050.2000,4050.4000,4051.6000,4051.8000,4052.4000,1,2,1,1,2,1,1,1,1,1
SF,IF2002,2019-12-27 09:32:34.200,4050.0000,905,0,21863640.000,0,-,-,-,-,4049.0000,4048.8000,4046.6000,4046.2000,4046.0000,4050.2000,4050.4000,4051.6000,4051.8000,4052.4000,1,1,2,1,1,1,1,1,1,1
SF,IF2002,2019-12-27 09:32:34.700,4050.0000,905,0,21863640.000,0,-,-,-,-,4049.2000,4049.0000,4048.8000,4046.6000,4046.2000,4050.4000,4051.6000,4052.4000,4052.8000,4053.2000,1,1,1,1,1,1,1,1,1,1
SF,IF2002,2019-12-27 09:32:35.200,4050.0000,905,0,21863640.000,0,-,-,-,-,4049.4000,4049.2000,4049.0000,4048.8000,4046.6000,4051.6000,4052.4000,4052.8000,4053.2000,4057.6000,1,1,1,1,1,1,1,1,1,1
SF,IF2002,2019-12-27 09:32:35.700,4050.0000,905,0,21863640.000,0,-,-,-,-,4049.6000,4049.4000,4049.0000,4048.8000,4046.6000,4051.4000,4051.6000,4052.4000,4052.8000,4053.2000,1,2,1,1,1,1,1,1,1,1
SF,IF2002,2019-12-27 09:32:36.200,4050.0000,905,0,21863640.000,0,-,-,-,-,4049.8000,4049.6000,4049.4000,4049.0000,4048.8000,4051.4000,4051.6000,4052.4000,4053.2000,4057.6000,1,1,2,1,1,1,1,1,1,1
SF,IF2002,2019-12-27 09:32:36.700,4050.0000,905,0,21863640.000,0,-,-,-,-,4050.0000,4049.8000,4049.4000,4049.0000,4048.8000,4051.6000,4052.4000,4053.2000,4057.6000,4058.0000,1,1,2,1,1,1,1,1,1,1
SF,IF2002,2019-12-27 09:32:37.200,4050.0000,905,0,21863640.000,0,-,-,-,-,4050.2000,4050.0000,4049.8000,4049.4000,4048.8000,4051.6000,4052.4000,4053.2000,4057.6000,4058.0000,1,1,1,2,1,1,1,1,1,1
SF,IF2002,2019-12-27 09:32:38.200,4050.0000,905,0,21863640.000,0,-,-,-,-,4050.2000,4050.0000,4049.8000,4049.4000,4048.8000,4051.6000,4052.4000,4057.6000,4058.0000,4059.8000,1,1,1,2,1,1,1,1,1,2
SF,IF2002,2019-12-27 09:32:38.700,4050.0000,905,0,21863640.000,0,-,-,-,-,4050.4000,4050.2000,4049.8000,4049.4000,4048.8000,4051.4000,4051.6000,4052.4000,4057.6000,4058.0000,1,1,1,2,1,1,1,1,1,1
SF,IF2002,2019-12-27 09:32:39.200,4051.4000,905,0,23079060.000,1,0,1,多换,S,4050.6000,4050.4000,4050.2000,4049.4000,4048.8000,4051.6000,4052.4000,4057.6000,4058.0000,4059.8000,1,1,1,1,1,1,1,1,1,2
SF,IF2002,2019-12-27 09:32:39.700,4051.4000,905,0,23079060.000,0,-,-,-,-,4050.8000,4050.6000,4050.2000,4049.4000,4048.8000,4051.6000,4052.4000,4057.6000,4058.0000,4059.8000,2,1,1,1,1,1,1,1,1,2
SF,IF2002,2019-12-27 09:32:40.200,4051.6000,905,0,24294540.000,1,0,1,多换,S,4051.0000,4050.8000,4050.6000,4050.2000,4049.4000,4052.4000,4057.6000,4058.0000,4059.8000,4060.0000,1,2,1,1,1,1,1,1,2,5
SF,IF2002,2019-12-27 09:32:42.700,4052.4000,905,0,25510260.000,1,0,1,多换,S,4051.0000,4050.8000,4050.6000,4050.2000,4049.4000,4057.6000,4058.0000,4059.8000,4060.0000,4093.0000,1,2,1,1,1,1,1,2,5,3
SF,IF2002,2019-12-27 09:32:43.200,4052.4000,905,0,25510260.000,0,-,-,-,-,4051.2000,4051.0000,4050.8000,4050.6000,4050.2000,4056.2000,4057.2000,4057.4000,4057.6000,4058.0000,1,1,1,1,1,1,1,5,1,1
SF,IF2002,2019-12-27 09:32:43.700,4052.4000,905,0,25510260.000,0,-,-,-,-,4051.2000,4051.0000,4050.8000,4050.6000,4050.2000,4056.0000,4056.2000,4057.2000,4057.4000,4057.6000,1,1,1,1,1,4,1,1,11,1
SF,IF2002,2019-12-27 09:32:44.200,4052.4000,905,0,25510260.000,0,-,-,-,-,4051.2000,4051.0000,4050.8000,4050.6000,4050.2000,4054.4000,4055.8000,4056.0000,4056.2000,4057.4000,1,1,1,1,1,1,2,8,1,3
SF,IF2002,2019-12-27 09:32:44.700,4052.4000,905,0,25510260.000,0,-,-,-,-,4051.4000,4051.2000,4051.0000,4050.6000,4049.4000,4054.2000,4055.6000,4056.0000,4056.2000,4057.4000,1,1,1,1,1,2,1,3,1,3
SF,IF2002,2019-12-27 09:32:45.200,4052.4000,905,0,25510260.000,0,-,-,-,-,4051.6000,4051.4000,4051.0000,4050.6000,4049.4000,4054.0000,4054.2000,4055.6000,4056.0000,4056.2000,1,1,1,1,1,1,2,1,3,1
SF,IF2002,2019-12-27 09:32:45.700,4052.4000,905,0,25510260.000,0,-,-,-,-,4051.6000,4051.4000,4051.0000,4050.6000,4049.4000,4053.8000,4054.0000,4056.0000,4056.2000,4057.4000,1,1,1,1,1,1,1,3,1,3
SF,IF2002,2019-12-27 09:32:46.200,4052.4000,905,0,25510260.000,0,-,-,-,-,4051.8000,4051.6000,4051.4000,4051.0000,4049.4000,4056.0000,4056.2000,4057.4000,4057.6000,4058.0000,2,1,1,1,1,3,1,3,1,1
SF,IF2002,2019-12-27 09:32:46.700,4052.4000,905,0,25510260.000,0,-,-,-,-,4052.0000,4051.8000,4051.4000,4051.0000,4049.4000,4055.8000,4056.0000,4056.2000,4057.4000,4057.6000,1,2,1,1,1,1,3,1,3,1
SF,IF2002,2019-12-27 09:32:47.200,4052.4000,905,0,25510260.000,0,-,-,-,-,4052.0000,4051.8000,4051.4000,4051.0000,4049.4000,4055.6000,4055.8000,4056.0000,4056.2000,4057.4000,1,1,1,1,1,4,6,3,1,3
SF,IF2002,2019-12-27 09:32:47.700,4052.4000,905,0,25510260.000,0,-,-,-,-,4052.0000,4051.8000,4051.4000,4051.0000,4049.4000,4055.4000,4055.6000,4055.8000,4056.0000,4056.2000,1,1,1,1,1,2,4,5,3,1
SF,IF2002,2019-12-27 09:32:48.200,4052.4000,905,0,25510260.000,0,-,-,-,-,4052.2000,4052.0000,4051.8000,4051.4000,4049.4000,4055.2000,4055.4000,4055.6000,4055.8000,4056.0000,1,1,1,1,1,1,2,3,5,3
SF,IF2002,2019-12-27 09:32:48.700,4052.4000,905,0,25510260.000,0,-,-,-,-,4052.4000,4052.2000,4051.8000,4051.4000,4049.4000,4055.2000,4055.4000,4055.6000,4056.0000,4056.2000,1,1,1,1,1,5,1,3,3,1
SF,IF2002,2019-12-27 09:32:49.200,4052.4000,905,0,25510260.000,0,-,-,-,-,4052.4000,4052.2000,4051.8000,4051.4000,4049.4000,4055.0000,4055.2000,4055.4000,4055.6000,4056.0000,1,1,1,1,1,1,5,1,3,3
SF,IF2002,2019-12-27 09:32:49.700,4052.4000,905,0,25510260.000,0,-,-,-,-,4052.4000,4052.2000,4051.8000,4051.4000,4049.4000,4054.8000,4055.0000,4055.2000,4055.4000,4055.6000,1,1,1,1,1,1,1,5,1,3
SF,IF2002,2019-12-27 09:32:50.200,4052.4000,905,0,25510260.000,0,-,-,-,-,4052.4000,4052.2000,4051.8000,4051.4000,4049.4000,4054.6000,4054.8000,4055.2000,4055.4000,4055.6000,1,1,1,1,1,3,1,1,1,3
SF,IF2002,2019-12-27 09:32:51.700,4052.4000,905,0,25510260.000,0,-,-,-,-,4052.4000,4051.8000,4051.4000,4049.4000,4044.8000,4054.4000,4054.6000,4054.8000,4055.2000,4055.4000,1,1,1,1,2,1,3,1,1,1
SF,IF2002,2019-12-27 09:32:52.200,4052.4000,905,0,25510260.000,0,-,-,-,-,4051.8000,4051.4000,4049.4000,4044.8000,4040.0000,4054.2000,4054.4000,4054.6000,4054.8000,4055.2000,1,1,1,2,5,1,1,1,1,1
SF,IF2002,2019-12-27 09:32:52.700,4052.4000,905,0,25510260.000,0,-,-,-,-,4051.8000,4051.4000,4049.4000,4044.8000,4040.0000,4054.2000,4054.4000,4054.8000,4055.2000,4055.4000,1,1,1,2,5,1,2,1,1,1
SF,IF2002,2019-12-27 09:32:53.200,4052.4000,905,0,25510260.000,0,-,-,-,-,4049.4000,4044.8000,4040.0000,4030.2000,4025.2000,4054.0000,4054.2000,4054.4000,4054.8000,4055.2000,1,2,5,1,3,3,1,2,1,1
SF,IF2002,2019-12-27 09:32:53.700,4052.4000,905,0,25510260.000,0,-,-,-,-,4049.6000,4049.4000,4044.8000,4040.0000,4030.2000,4053.8000,4054.0000,4054.4000,4055.2000,4055.4000,1,1,2,5,1,1,1,2,1,1
SF,IF2002,2019-12-27 09:32:54.200,4052.4000,905,0,25510260.000,0,-,-,-,-,4049.8000,4049.6000,4049.4000,4044.8000,4040.0000,4053.6000,4053.8000,4054.0000,4054.4000,4055.2000,2,1,1,2,5,1,1,1,2,1
SF,IF2002,2019-12-27 09:32:54.700,4052.4000,905,0,25510260.000,0,-,-,-,-,4050.0000,4049.8000,4049.4000,4044.8000,4040.0000,4053.4000,4053.6000,4054.0000,4054.4000,4055.2000,1,2,1,2,5,1,1,1,2,1
SF,IF2002,2019-12-27 09:32:55.200,4052.4000,905,0,25510260.000,0,-,-,-,-,4050.2000,4050.0000,4049.8000,4049.4000,4044.8000,4053.4000,4054.0000,4054.4000,4055.2000,4055.6000,1,1,2,1,2,1,1,2,1,3
SF,IF2002,2019-12-27 09:32:55.700,4052.4000,905,0,25510260.000,0,-,-,-,-,4050.4000,4050.2000,4049.8000,4049.4000,4044.8000,4053.4000,4054.0000,4054.4000,4055.2000,4055.6000,1,1,2,1,2,1,1,2,1,3
SF,IF2002,2019-12-27 09:32:56.200,4052.4000,905,0,25510260.000,0,-,-,-,-,4050.6000,4050.4000,4050.2000,4049.8000,4049.4000,4053.4000,4054.0000,4054.4000,4055.2000,4055.6000,1,1,1,1,1,1,1,1,1,3
SF,IF2002,2019-12-27 09:32:56.700,4052.4000,905,0,25510260.000,0,-,-,-,-,4050.8000,4050.6000,4050.2000,4049.8000,4049.4000,4053.4000,4054.0000,4054.4000,4055.2000,4055.6000,3,1,1,1,1,1,1,1,1,3
SF,IF2002,2019-12-27 09:32:57.200,4052.4000,905,0,25510260.000,0,-,-,-,-,4051.0000,4050.8000,4050.6000,4050.2000,4049.4000,4053.4000,4054.0000,4054.4000,4055.2000,4055.6000,1,3,1,1,1,1,1,1,1,3
SF,IF2002,2019-12-27 09:32:57.700,4052.4000,905,0,25510260.000,0,-,-,-,-,4051.2000,4051.0000,4050.8000,4050.6000,4050.2000,4053.4000,4054.0000,4054.4000,4055.2000,4055.6000,1,1,2,1,1,1,1,1,1,3
SF,IF2002,2019-12-27 09:32:58.200,4052.4000,905,0,25510260.000,0,-,-,-,-,4051.4000,4051.2000,4051.0000,4050.8000,4050.6000,4054.4000,4055.2000,4055.6000,4056.0000,4056.2000,1,1,1,2,1,1,1,3,2,1
SF,IF2002,2019-12-27 09:32:58.700,4052.4000,905,0,25510260.000,0,-,-,-,-,4051.6000,4051.4000,4051.0000,4050.8000,4050.6000,4054.2000,4054.4000,4055.2000,4055.6000,4056.0000,2,1,1,1,1,1,1,1,3,2
SF,IF2002,2019-12-27 09:32:59.200,4052.4000,905,0,25510260.000,0,-,-,-,-,4051.8000,4051.6000,4051.4000,4051.0000,4050.8000,4054.2000,4054.4000,4055.2000,4055.6000,4056.0000,1,2,1,1,1,2,1,1,3,2
SF,IF2002,2019-12-27 09:32:59.700,4052.4000,905,0,25510260.000,0,-,-,-,-,4052.0000,4051.8000,4051.6000,4051.4000,4051.0000,4054.2000,4054.4000,4055.2000,4055.6000,4056.0000,1,1,1,1,1,2,1,1,3,2
SF,IF2002,2019-12-27 09:33:00.200,4052.4000,905,0,25510260.000,0,-,-,-,-,4052.0000,4051.8000,4051.6000,4051.4000,4051.0000,4054.0000,4054.2000,4054.4000,4055.2000,4055.6000,1,1,1,1,1,1,2,1,1,3
SF,IF2002,2019-12-27 09:33:00.700,4052.4000,905,0,25510260.000,0,-,-,-,-,4052.0000,4051.8000,4051.4000,4051.0000,4050.8000,4053.8000,4054.0000,4054.2000,4054.4000,4055.2000,1,1,1,1,1,1,1,1,1,1
SF,IF2002,2019-12-27 09:33:01.200,4052.4000,905,0,25510260.000,0,-,-,-,-,4052.2000,4052.0000,4051.8000,4051.4000,4051.0000,4053.8000,4054.4000,4055.2000,4055.6000,4056.0000,1,1,1,1,1,1,1,1,3,2
SF,IF2002,2019-12-27 09:33:02.200,4052.4000,905,0,25510260.000,0,-,-,-,-,4052.0000,4051.4000,4051.0000,4049.4000,4044.8000,4053.6000,4053.8000,4054.4000,4055.2000,4055.6000,1,1,1,1,2,1,1,1,1,3
SF,IF2002,2019-12-27 09:33:02.700,4052.4000,905,0,25510260.000,0,-,-,-,-,4052.0000,4051.4000,4051.0000,4049.4000,4044.8000,4053.4000,4053.6000,4054.4000,4055.2000,4055.6000,1,1,1,1,2,1,1,1,1,3
SF,IF2002,2019-12-27 09:33:04.200,4052.4000,905,0,25510260.000,0,-,-,-,-,4052.0000,4051.4000,4051.0000,4049.4000,4044.8000,4053.4000,4054.4000,4055.2000,4055.6000,4056.0000,1,1,1,1,2,1,1,1,3,2
SF,IF2002,2019-12-27 09:33:04.700,4052.4000,905,0,25510260.000,0,-,-,-,-,4051.0000,4049.4000,4044.8000,4040.0000,4030.2000,4053.4000,4054.4000,4055.2000,4055.6000,4056.0000,1,1,2,5,1,1,1,1,3,2
SF,IF2002,2019-12-27 09:33:05.200,4052.4000,905,0,25510260.000,0,-,-,-,-,4051.2000,4051.0000,4049.4000,4044.8000,4040.0000,4053.2000,4053.4000,4054.4000,4055.2000,4055.6000,1,1,1,2,5,1,1,1,1,3
SF,IF2002,2019-12-27 09:33:05.700,4052.4000,905,0,25510260.000,0,-,-,-,-,4051.2000,4051.0000,4049.4000,4044.8000,4040.0000,4053.0000,4053.2000,4054.4000,4055.2000,4055.6000,1,1,1,2,5,1,1,1,1,3
SF,IF2002,2019-12-27 09:33:06.200,4052.4000,905,0,25510260.000,0,-,-,-,-,4051.4000,4051.2000,4051.0000,4049.4000,4044.8000,4053.0000,4054.4000,4055.2000,4055.6000,4056.0000,1,1,1,1,2,1,1,1,3,2
SF,IF2002,2019-12-27 09:33:09.700,4052.4000,905,0,25510260.000,0,-,-,-,-,4051.4000,4051.2000,4051.0000,4049.4000,4044.8000,4052.8000,4053.0000,4054.4000,4055.2000,4055.6000,1,1,1,1,2,1,1,1,1,3
SF,IF2002,2019-12-27 09:33:11.200,4052.4000,905,0,25510260.000,0,-,-,-,-,4051.2000,4051.0000,4049.4000,4044.8000,4040.0000,4052.8000,4053.0000,4054.4000,4055.2000,4055.6000,1,1,1,2,5,1,1,1,1,3
SF,IF2002,2019-12-27 09:33:11.700,4052.6000,904,-1,26726040.000,1,0,1,双平,S,4051.2000,4051.0000,4049.4000,4044.8000,4040.0000,4052.8000,4053.0000,4054.4000,4055.2000,4055.6000,1,1,1,2,5,1,1,1,1,3
SF,IF2002,2019-12-27 09:33:12.700,4052.6000,904,0,26726040.000,0,-,-,-,-,4051.4000,4051.2000,4051.0000,4049.4000,4044.8000,4052.8000,4053.0000,4054.4000,4055.2000,4055.6000,1,1,1,1,2,1,1,1,1,3
SF,IF2002,2019-12-27 09:33:16.200,4051.4000,904,0,27941460.000,1,0,1,多换,S,4051.2000,4051.0000,4049.4000,4044.8000,4040.0000,4052.8000,4053.0000,4054.4000,4055.2000,4055.6000,1,1,1,2,5,1,1,1,1,3
SF,IF2002,2019-12-27 09:33:16.700,4051.4000,904,0,27941460.000,0,-,-,-,-,4051.4000,4051.2000,4051.0000,4049.4000,4044.8000,4052.6000,4052.8000,4054.4000,4055.2000,4055.6000,2,1,1,1,2,1,1,1,1,3
SF,IF2002,2019-12-27 09:33:17.200,4051.4000,904,0,27941460.000,0,-,-,-,-,4051.6000,4051.4000,4051.0000,4049.4000,4044.8000,4052.6000,4052.8000,4055.2000,4055.6000,4056.0000,1,1,1,1,2,1,1,1,3,2
SF,IF2002,2019-12-27 09:33:17.700,4051.4000,904,0,27941460.000,0,-,-,-,-,4051.8000,4051.6000,4051.4000,4051.0000,4049.4000,4052.8000,4055.2000,4055.6000,4056.0000,4056.2000,1,1,1,1,1,1,1,3,2,1
SF,IF2002,2019-12-27 09:33:18.200,4051.4000,904,0,27941460.000,0,-,-,-,-,4052.0000,4051.8000,4051.6000,4051.4000,4051.0000,4052.8000,4055.2000,4055.6000,4056.0000,4056.2000,1,1,1,1,1,1,1,3,2,1
SF,IF2002,2019-12-27 09:33:18.700,4051.4000,904,0,27941460.000,0,-,-,-,-,4052.2000,4052.0000,4051.8000,4051.6000,4051.4000,4052.8000,4055.2000,4055.6000,4056.0000,4056.2000,1,1,1,1,1,1,1,3,2,1
SF,IF2002,2019-12-27 09:33:19.200,4052.8000,903,-1,29157300.000,1,0,1,双平,S,4052.4000,4052.2000,4051.8000,4051.6000,4051.4000,4055.2000,4055.6000,4056.0000,4056.2000,4057.2000,1,1,1,1,1,1,1,2,1,2
SF,IF2002,2019-12-27 09:33:19.700,4052.6000,904,1,30373080.000,1,1,0,双开,S,4052.6000,4052.4000,4052.2000,4051.8000,4051.6000,4055.0000,4055.6000,4056.0000,4056.2000,4057.2000,2,1,1,1,1,1,1,2,1,2
SF,IF2002,2019-12-27 09:33:20.200,4052.6000,904,0,30373080.000,0,-,-,-,-,4052.8000,4052.6000,4052.2000,4051.6000,4050.0000,4054.8000,4055.0000,4055.6000,4056.0000,4056.2000,2,2,1,1,5,1,1,1,2,1
SF,IF2002,2019-12-27 09:33:20.700,4052.6000,904,0,30373080.000,0,-,-,-,-,4053.0000,4052.8000,4052.2000,4051.6000,4050.0000,4054.6000,4054.8000,4055.6000,4056.0000,4056.2000,1,2,1,1,5,2,1,1,2,1
SF,IF2002,2019-12-27 09:33:21.700,4052.6000,904,0,30373080.000,0,-,-,-,-,4053.0000,4052.8000,4052.2000,4051.6000,4050.0000,4054.6000,4054.8000,4055.6000,4056.0000,4056.2000,1,2,1,1,5,2,1,1,2,1
SF,IF2002,2019-12-27 09:33:22.200,4052.6000,904,0,30373080.000,0,-,-,-,-,4053.2000,4053.0000,4052.8000,4052.2000,4051.6000,4054.6000,4054.8000,4055.6000,4056.2000,4057.2000,1,1,2,1,1,1,1,1,1,2
SF,IF2002,2019-12-27 09:33:22.700,4052.6000,904,0,30373080.000,0,-,-,-,-,4053.4000,4053.2000,4052.8000,4052.2000,4051.6000,4054.6000,4054.8000,4055.6000,4056.2000,4057.2000,1,1,2,1,1,1,1,1,1,2
SF,IF2002,2019-12-27 09:33:23.200,4052.6000,904,0,30373080.000,0,-,-,-,-,4053.4000,4052.8000,4052.2000,4051.6000,4050.0000,4054.6000,4054.8000,4055.6000,4056.2000,4057.2000,1,2,1,1,5,1,1,1,1,2
SF,IF2002,2019-12-27 09:33:27.200,4054.6000,904,0,31589460.000,1,0,1,多换,S,4054.6000,4053.4000,4052.8000,4052.2000,4051.6000,4054.8000,4055.6000,4057.2000,4057.4000,4057.6000,1,1,2,1,1,1,1,2,2,1
SF,IF2002,2019-12-27 09:33:27.700,4054.8000,903,-1,34022280.000,2,0,2,多平,S,4052.8000,4052.2000,4051.6000,4050.0000,4030.2000,4055.6000,4057.2000,4057.4000,4057.6000,4058.0000,2,1,1,5,1,1,2,2,1,1
SF,IF2002,2019-12-27 09:33:28.200,4054.8000,903,0,34022280.000,0,-,-,-,-,4053.0000,4052.8000,4052.2000,4051.6000,4050.0000,4055.4000,4055.6000,4057.2000,4057.4000,4057.6000,1,3,1,1,5,4,1,2,2,1
SF,IF2002,2019-12-27 09:33:28.700,4054.8000,903,0,34022280.000,0,-,-,-,-,4053.2000,4053.0000,4052.8000,4051.6000,4050.0000,4055.4000,4055.6000,4057.2000,4057.4000,4057.6000,2,1,2,1,5,4,1,2,2,1
SF,IF2002,2019-12-27 09:33:29.200,4054.8000,903,0,34022280.000,0,-,-,-,-,4053.4000,4053.2000,4053.0000,4052.8000,4051.6000,4055.4000,4055.6000,4057.2000,4057.4000,4057.6000,1,2,1,2,1,4,1,2,2,1
SF,IF2002,2019-12-27 09:33:29.700,4054.8000,903,0,34022280.000,0,-,-,-,-,4053.6000,4053.4000,4053.2000,4053.0000,4052.8000,4055.4000,4055.6000,4057.2000,4057.4000,4057.6000,1,1,1,1,2,4,1,2,2,1
SF,IF2002,2019-12-27 09:33:30.200,4054.8000,903,0,34022280.000,0,-,-,-,-,4053.8000,4053.6000,4053.4000,4053.2000,4053.0000,4055.4000,4057.2000,4057.4000,4057.6000,4058.0000,1,1,1,1,1,3,2,2,1,1
SF,IF2002,2019-12-27 09:33:30.700,4054.8000,903,0,34022280.000,0,-,-,-,-,4054.0000,4053.8000,4053.4000,4053.2000,4053.0000,4055.4000,4057.2000,4057.4000,4057.6000,4058.0000,1,1,1,1,1,3,2,2,1,1
SF,IF2002,2019-12-27 09:33:31.200,4054.8000,903,0,34022280.000,0,-,-,-,-,4054.0000,4053.8000,4053.4000,4053.2000,4053.0000,4055.4000,4057.2000,4057.4000,4057.6000,4058.0000,2,1,1,1,1,3,2,2,1,1
SF,IF2002,2019-12-27 09:33:32.200,4054.8000,903,0,34022280.000,0,-,-,-,-,4054.0000,4053.8000,4053.4000,4053.2000,4053.0000,4055.4000,4057.4000,4057.6000,4058.0000,4059.8000,2,1,1,1,1,3,2,1,1,2
SF,IF2002,2019-12-27 09:33:32.700,4055.4000,903,0,36455520.000,2,1,1,多换,S,4054.0000,4053.8000,4053.4000,4053.2000,4053.0000,4055.4000,4057.4000,4057.6000,4058.0000,4059.8000,2,1,1,1,1,1,2,1,1,2
SF,IF2002,2019-12-27 09:33:33.200,4055.4000,903,0,36455520.000,0,-,-,-,-,4054.0000,4053.8000,4053.4000,4053.2000,4052.8000,4055.4000,4057.4000,4057.6000,4058.0000,4059.8000,2,1,1,1,2,1,2,1,1,2
SF,IF2002,2019-12-27 09:33:33.700,4055.4000,903,0,36455520.000,0,-,-,-,-,4054.0000,4053.8000,4053.2000,4052.8000,4051.6000,4057.4000,4057.6000,4058.0000,4059.8000,4060.0000,2,1,1,1,1,2,1,1,2,5
SF,IF2002,2019-12-27 09:33:34.200,4055.4000,903,0,36455520.000,0,-,-,-,-,4054.0000,4053.2000,4052.8000,4051.6000,4050.0000,4056.2000,4057.2000,4057.4000,4057.6000,4058.0000,2,1,1,1,5,1,7,2,1,1
SF,IF2002,2019-12-27 09:33:34.700,4055.4000,903,0,36455520.000,0,-,-,-,-,4054.0000,4053.2000,4052.8000,4051.6000,4050.0000,4056.0000,4056.2000,4057.2000,4057.4000,4058.0000,1,1,1,1,5,2,1,3,2,1
SF,IF2002,2019-12-27 09:33:35.200,4055.4000,903,0,36455520.000,0,-,-,-,-,4054.0000,4053.2000,4052.8000,4051.6000,4050.0000,4056.0000,4057.2000,4057.4000,4058.0000,4059.8000,1,1,1,1,5,2,3,2,1,2
SF,IF2002,2019-12-27 09:33:35.700,4055.4000,903,0,36455520.000,0,-,-,-,-,4054.2000,4054.0000,4053.2000,4052.8000,4051.6000,4056.0000,4057.2000,4057.4000,4058.0000,4059.8000,1,1,1,1,1,2,2,2,1,2
SF,IF2002,2019-12-27 09:33:36.200,4055.4000,903,0,36455520.000,0,-,-,-,-,4054.4000,4054.2000,4053.2000,4052.8000,4051.6000,4056.0000,4057.2000,4057.4000,4058.0000,4059.8000,1,1,1,1,1,2,2,2,1,2
SF,IF2002,2019-12-27 09:33:36.700,4054.6000,904,1,37671900.000,1,1,0,双开,S,4054.4000,4054.2000,4053.2000,4052.8000,4051.6000,4056.0000,4057.2000,4057.4000,4058.0000,4059.8000,1,1,1,1,1,2,2,2,1,2
SF,IF2002,2019-12-27 09:33:37.700,4054.6000,904,0,37671900.000,0,-,-,-,-,4054.6000,4054.4000,4054.2000,4053.2000,4052.8000,4056.0000,4057.2000,4057.4000,4058.0000,4059.8000,1,1,1,1,1,2,2,2,1,2
SF,IF2002,2019-12-27 09:33:38.200,4054.6000,904,0,37671900.000,0,-,-,-,-,4054.8000,4054.6000,4054.2000,4053.2000,4052.8000,4056.0000,4057.2000,4057.4000,4058.0000,4059.8000,1,1,1,1,1,1,2,2,1,2
SF,IF2002,2019-12-27 09:33:38.700,4054.6000,904,0,37671900.000,0,-,-,-,-,4054.8000,4054.6000,4054.2000,4053.2000,4052.8000,4056.0000,4058.0000,4059.8000,4060.4000,4065.0000,1,1,1,1,1,1,1,2,2,5
SF,IF2002,2019-12-27 09:33:39.200,4054.6000,904,0,37671900.000,0,-,-,-,-,4055.0000,4054.8000,4054.2000,4053.2000,4052.8000,4056.0000,4058.0000,4059.8000,4060.4000,4065.0000,1,1,1,1,1,1,1,2,2,5
SF,IF2002,2019-12-27 09:33:39.700,4054.6000,904,0,37671900.000,0,-,-,-,-,4055.2000,4055.0000,4054.2000,4053.2000,4052.8000,4058.0000,4059.8000,4060.4000,4065.0000,4093.0000,1,1,1,1,1,1,2,2,5,3
SF,IF2002,2019-12-27 09:33:40.200,4054.6000,904,0,37671900.000,0,-,-,-,-,4055.2000,4055.0000,4053.2000,4052.8000,4050.0000,4057.8000,4058.0000,4059.8000,4060.4000,4065.0000,1,1,1,1,5,2,1,2,2,5
SF,IF2002,2019-12-27 09:33:40.700,4054.6000,904,0,37671900.000,0,-,-,-,-,4055.2000,4055.0000,4053.2000,4052.8000,4050.0000,4057.6000,4057.8000,4058.0000,4059.8000,4060.4000,1,1,1,1,5,1,5,1,2,2
SF,IF2002,2019-12-27 09:33:41.200,4054.6000,904,0,37671900.000,0,-,-,-,-,4055.4000,4055.2000,4053.2000,4052.8000,4050.0000,4057.8000,4058.0000,4059.8000,4060.4000,4065.0000,1,1,1,1,5,3,1,2,2,5
SF,IF2002,2019-12-27 09:33:41.700,4054.6000,904,0,37671900.000,0,-,-,-,-,4055.6000,4053.2000,4052.8000,4050.0000,4030.2000,4057.6000,4057.8000,4058.0000,4059.8000,4060.4000,1,1,1,5,1,2,3,1,2,2
SF,IF2002,2019-12-27 09:33:42.200,4054.6000,904,0,37671900.000,0,-,-,-,-,4055.8000,4055.6000,4053.2000,4052.8000,4050.0000,4057.4000,4057.6000,4057.8000,4058.0000,4059.8000,1,1,1,1,5,1,2,3,1,2
SF,IF2002,2019-12-27 09:33:43.200,4054.6000,904,0,37671900.000,0,-,-,-,-,4055.8000,4055.6000,4053.2000,4052.8000,4050.0000,4057.2000,4057.4000,4057.6000,4057.8000,4058.0000,1,1,1,1,5,1,1,2,3,1
SF,IF2002,2019-12-27 09:33:43.700,4054.6000,904,0,37671900.000,0,-,-,-,-,4055.6000,4053.2000,4052.8000,4050.0000,4030.2000,4057.6000,4058.0000,4059.8000,4060.4000,4065.0000,1,1,1,5,1,2,1,2,2,5
SF,IF2002,2019-12-27 09:33:44.200,4054.6000,904,0,37671900.000,0,-,-,-,-,4055.6000,4053.2000,4052.8000,4050.0000,4030.2000,4057.4000,4057.6000,4058.0000,4059.8000,4060.4000,1,1,1,5,1,2,2,1,2,2
SF,IF2002,2019-12-27 09:33:44.700,4054.6000,904,0,37671900.000,0,-,-,-,-,4055.6000,4053.2000,4052.8000,4050.0000,4030.2000,4057.4000,4057.6000,4058.0000,4059.8000,4060.4000,2,1,1,5,1,2,1,1,2,2
SF,IF2002,2019-12-27 09:33:45.200,4054.6000,904,0,37671900.000,0,-,-,-,-,4055.6000,4053.2000,4052.8000,4050.0000,4030.2000,4057.2000,4057.4000,4057.6000,4058.0000,4059.8000,2,1,1,5,1,1,2,1,1,2
SF,IF2002,2019-12-27 09:33:45.700,4054.6000,904,0,37671900.000,0,-,-,-,-,4055.6000,4053.2000,4052.8000,4050.0000,4030.2000,4057.0000,4057.2000,4057.4000,4057.6000,4058.0000,2,1,1,5,1,1,1,2,1,1
SF,IF2002,2019-12-27 09:33:46.200,4054.6000,904,0,37671900.000,0,-,-,-,-,4055.6000,4053.2000,4052.8000,4050.0000,4030.2000,4056.8000,4057.0000,4057.2000,4057.4000,4057.6000,1,1,1,5,1,1,1,1,1,1
SF,IF2002,2019-12-27 09:33:46.700,4054.6000,904,0,37671900.000,0,-,-,-,-,4055.6000,4053.2000,4052.8000,4050.0000,4030.2000,4056.6000,4056.8000,4057.0000,4057.2000,4057.4000,1,1,1,5,1,1,1,1,1,1
SF,IF2002,2019-12-27 09:33:49.700,4054.6000,904,0,37671900.000,0,-,-,-,-,4055.6000,4053.2000,4052.8000,4050.0000,4030.2000,4056.6000,4056.8000,4057.0000,4057.2000,4057.4000,1,1,1,5,1,1,1,1,1,1
SF,IF2002,2019-12-27 09:33:50.200,4054.6000,904,0,37671900.000,0,-,-,-,-,4055.8000,4055.6000,4053.2000,4052.8000,4050.0000,4056.6000,4056.8000,4057.0000,4057.2000,4057.4000,1,1,1,1,5,1,1,1,1,1
SF,IF2002,2019-12-27 09:33:51.200,4054.6000,904,0,37671900.000,0,-,-,-,-,4055.8000,4055.6000,4053.2000,4052.8000,4050.0000,4056.6000,4056.8000,4057.0000,4057.2000,4057.6000,1,1,1,1,5,1,1,1,1,1
SF,IF2002,2019-12-27 09:33:51.700,4054.6000,904,0,37671900.000,0,-,-,-,-,4055.8000,4055.6000,4053.2000,4052.8000,4050.0000,4056.6000,4056.8000,4057.2000,4057.6000,4058.0000,1,1,1,1,5,1,1,1,1,1
SF,IF2002,2019-12-27 09:33:52.200,4054.6000,904,0,37671900.000,0,-,-,-,-,4055.8000,4055.6000,4053.2000,4052.8000,4050.0000,4056.8000,4057.2000,4057.6000,4058.0000,4059.8000,1,1,1,1,5,1,1,1,1,2
SF,IF2002,2019-12-27 09:33:52.700,4054.6000,904,0,37671900.000,0,-,-,-,-,4056.0000,4055.8000,4055.6000,4053.2000,4052.8000,4056.8000,4057.6000,4058.0000,4059.8000,4060.4000,1,1,1,1,1,1,1,1,2,2
SF,IF2002,2019-12-27 09:33:54.700,4056.0000,904,0,38888700.000,1,0,1,多换,S,4055.8000,4055.6000,4053.2000,4052.8000,4050.0000,4056.8000,4057.6000,4058.0000,4059.8000,4060.4000,1,1,1,1,5,1,1,1,2,2
SF,IF2002,2019-12-27 09:33:55.200,4056.0000,904,0,38888700.000,0,-,-,-,-,4055.8000,4053.2000,4052.8000,4050.0000,4030.2000,4056.6000,4056.8000,4057.6000,4058.0000,4059.8000,1,1,1,5,1,1,2,1,1,2
SF,IF2002,2019-12-27 09:33:55.700,4055.8000,904,0,40105440.000,1,0,1,多换,S,4053.2000,4052.8000,4050.0000,4030.2000,4025.2000,4056.6000,4056.8000,4057.6000,4058.0000,4059.8000,1,1,5,1,3,1,2,1,1,2
SF,IF2002,2019-12-27 09:33:56.200,4055.8000,904,0,40105440.000,0,-,-,-,-,4053.4000,4053.2000,4052.8000,4050.0000,4030.2000,4056.4000,4056.6000,4056.8000,4057.6000,4058.0000,1,1,1,5,1,1,1,2,1,1
SF,IF2002,2019-12-27 09:33:56.700,4055.8000,904,0,40105440.000,0,-,-,-,-,4053.6000,4053.4000,4053.2000,4050.0000,4030.2000,4056.2000,4056.4000,4056.8000,4057.6000,4058.0000,2,1,1,5,1,1,1,1,1,1
SF,IF2002,2019-12-27 09:33:57.200,4055.8000,904,0,40105440.000,0,-,-,-,-,4053.8000,4053.6000,4053.2000,4050.0000,4030.2000,4056.0000,4056.2000,4056.4000,4056.8000,4057.6000,1,2,1,5,1,1,1,1,1,1
SF,IF2002,2019-12-27 09:33:57.700,4055.8000,904,0,40105440.000,0,-,-,-,-,4053.8000,4053.6000,4053.2000,4050.0000,4030.2000,4055.8000,4056.0000,4056.2000,4056.4000,4056.8000,1,2,1,5,1,1,1,1,1,1
SF,IF2002,2019-12-27 09:33:58.200,4055.8000,904,0,40105440.000,0,-,-,-,-,4053.8000,4053.6000,4053.2000,4050.0000,4041.0000,4055.8000,4056.0000,4056.2000,4056.4000,4057.6000,1,2,1,5,1,1,1,1,1,1
SF,IF2002,2019-12-27 09:33:58.700,4055.8000,904,0,40105440.000,0,-,-,-,-,4054.0000,4053.8000,4053.6000,4053.2000,4050.0000,4055.8000,4056.0000,4056.2000,4057.6000,4058.0000,1,1,1,1,5,1,1,1,1,1
SF,IF2002,2019-12-27 09:33:59.200,4055.8000,904,0,40105440.000,0,-,-,-,-,4054.2000,4054.0000,4053.6000,4053.2000,4050.0000,4055.8000,4056.2000,4057.6000,4058.0000,4059.8000,1,1,1,1,5,1,1,1,1,2
SF,IF2002,2019-12-27 09:33:59.700,4055.8000,904,0,40105440.000,0,-,-,-,-,4054.2000,4054.0000,4053.6000,4053.2000,4050.0000,4055.6000,4055.8000,4056.2000,4057.6000,4058.0000,1,1,1,1,5,1,1,1,1,1
SF,IF2002,2019-12-27 09:34:00.700,4055.8000,904,0,40105440.000,0,-,-,-,-,4054.4000,4054.2000,4053.6000,4053.2000,4050.0000,4055.6000,4056.2000,4057.6000,4058.0000,4059.8000,1,1,1,1,5,1,1,1,1,2
SF,IF2002,2019-12-27 09:34:01.200,4055.8000,904,0,40105440.000,0,-,-,-,-,4054.6000,4054.4000,4053.6000,4053.2000,4050.0000,4057.6000,4058.0000,4059.8000,4060.4000,4065.0000,1,1,1,1,5,1,1,2,2,5
SF,IF2002,2019-12-27 09:34:01.700,4055.8000,904,0,40105440.000,0,-,-,-,-,4054.6000,4054.4000,4053.6000,4053.2000,4050.0000,4057.2000,4057.4000,4057.6000,4058.0000,4059.8000,1,1,1,1,5,1,3,1,1,2
SF,IF2002,2019-12-27 09:34:02.200,4055.8000,904,0,40105440.000,0,-,-,-,-,4054.6000,4054.4000,4053.6000,4053.2000,4050.0000,4057.0000,4057.2000,4057.4000,4057.6000,4058.0000,1,1,1,1,5,3,1,2,1,1
SF,IF2002,2019-12-27 09:34:02.700,4055.8000,904,0,40105440.000,0,-,-,-,-,4054.6000,4054.4000,4053.6000,4053.2000,4050.0000,4056.8000,4057.0000,4057.2000,4057.4000,4057.6000,1,1,1,1,5,2,3,1,2,1
SF,IF2002,2019-12-27 09:34:03.200,4055.8000,904,0,40105440.000,0,-,-,-,-,4054.6000,4054.4000,4053.6000,4053.2000,4050.0000,4056.2000,4056.6000,4056.8000,4057.0000,4057.2000,1,1,1,1,5,1,3,2,3,1
SF,IF2002,2019-12-27 09:34:03.700,4055.8000,904,0,40105440.000,0,-,-,-,-,4054.6000,4053.6000,4053.2000,4050.0000,4041.0000,4056.0000,4056.2000,4056.6000,4056.8000,4057.0000,1,1,1,5,1,1,1,3,2,3
SF,IF2002,2019-12-27 09:34:04.200,4055.8000,904,0,40105440.000,0,-,-,-,-,4054.6000,4053.6000,4053.2000,4050.0000,4041.0000,4055.8000,4056.0000,4056.6000,4056.8000,4057.0000,1,1,1,5,1,1,1,3,2,3
SF,IF2002,2019-12-27 09:34:04.700,4055.8000,904,0,40105440.000,0,-,-,-,-,4053.2000,4050.0000,4041.0000,4030.2000,4025.2000,4055.6000,4055.8000,4056.0000,4056.6000,4056.8000,1,5,1,1,3,1,1,1,3,2
SF,IF2002,2019-12-27 09:34:05.200,4055.8000,904,0,40105440.000,0,-,-,-,-,4053.4000,4053.2000,4050.0000,4041.0000,4030.2000,4055.4000,4055.6000,4055.8000,4056.0000,4056.6000,2,1,5,1,1,1,1,1,1,3
SF,IF2002,2019-12-27 09:34:05.700,4055.8000,904,0,40105440.000,0,-,-,-,-,4053.4000,4053.2000,4050.0000,4041.0000,4030.2000,4055.4000,4055.6000,4055.8000,4056.0000,4056.6000,2,1,5,1,1,1,1,1,1,3
SF,IF2002,2019-12-27 09:34:06.700,4055.8000,904,0,40105440.000,0,-,-,-,-,4053.6000,4053.4000,4053.2000,4050.0000,4041.0000,4055.4000,4055.6000,4055.8000,4056.0000,4056.6000,1,2,1,5,1,1,1,1,1,3
SF,IF2002,2019-12-27 09:34:07.200,4055.8000,904,0,40105440.000,0,-,-,-,-,4053.8000,4053.6000,4053.4000,4053.2000,4050.0000,4055.2000,4055.4000,4055.6000,4055.8000,4056.0000,1,1,1,1,5,1,1,1,1,1
SF,IF2002,2019-12-27 09:34:07.700,4055.8000,904,0,40105440.000,0,-,-,-,-,4053.8000,4053.6000,4053.2000,4050.0000,4041.0000,4055.0000,4055.2000,4055.4000,4055.6000,4055.8000,1,1,1,5,1,1,1,1,1,1
SF,IF2002,2019-12-27 09:34:08.200,4055.8000,904,0,40105440.000,0,-,-,-,-,4053.8000,4053.2000,4050.0000,4041.0000,4030.2000,4055.0000,4055.2000,4055.4000,4055.6000,4055.8000,1,1,5,1,1,1,1,1,1,1
SF,IF2002,2019-12-27 09:34:10.700,4055.8000,904,0,40105440.000,0,-,-,-,-,4053.8000,4045.0000,4041.0000,4030.2000,4025.2000,4054.8000,4055.0000,4055.2000,4055.4000,4055.6000,1,5,1,1,3,1,1,1,1,1
SF,IF2002,2019-12-27 09:34:11.200,4055.8000,904,0,40105440.000,0,-,-,-,-,4045.2000,4045.0000,4041.0000,4030.2000,4025.2000,4054.8000,4055.0000,4055.2000,4055.4000,4055.6000,1,5,1,1,3,2,1,1,1,1
SF,IF2002,2019-12-27 09:34:11.700,4055.8000,904,0,40105440.000,0,-,-,-,-,4051.6000,4049.4000,4045.4000,4045.2000,4045.0000,4054.6000,4054.8000,4055.2000,4055.4000,4055.6000,1,1,5,1,5,1,2,1,1,1
SF,IF2002,2019-12-27 09:34:12.200,4055.8000,904,0,40105440.000,0,-,-,-,-,4051.8000,4051.6000,4049.4000,4045.4000,4045.2000,4054.4000,4054.6000,4054.8000,4055.2000,4055.4000,2,1,1,4,1,1,1,2,1,1
SF,IF2002,2019-12-27 09:34:12.700,4055.8000,904,0,40105440.000,0,-,-,-,-,4052.2000,4051.8000,4049.4000,4045.4000,4045.2000,4054.4000,4054.8000,4055.2000,4055.4000,4055.6000,1,2,1,1,1,1,2,1,1,1
SF,IF2002,2019-12-27 09:34:13.200,4055.8000,904,0,40105440.000,0,-,-,-,-,4052.4000,4052.2000,4051.8000,4049.4000,4045.4000,4054.4000,4054.8000,4055.2000,4055.4000,4055.6000,1,1,1,1,1,1,1,1,1,1
SF,IF2002,2019-12-27 09:34:13.700,4055.8000,904,0,40105440.000,0,-,-,-,-,4052.4000,4052.2000,4051.8000,4049.4000,4045.4000,4054.8000,4055.2000,4055.4000,4055.6000,4055.8000,1,1,1,1,1,1,1,1,1,1
SF,IF2002,2019-12-27 09:34:14.200,4055.8000,904,0,40105440.000,0,-,-,-,-,4052.6000,4052.4000,4051.8000,4049.4000,4045.4000,4054.6000,4054.8000,4055.2000,4055.4000,4055.6000,1,1,1,1,1,2,1,1,1,1
SF,IF2002,2019-12-27 09:34:14.700,4055.8000,904,0,40105440.000,0,-,-,-,-,4052.6000,4052.4000,4051.8000,4049.4000,4045.4000,4054.4000,4054.6000,4054.8000,4055.2000,4055.6000,1,2,1,1,1,1,2,1,1,1
SF,IF2002,2019-12-27 09:34:15.200,4055.8000,904,0,40105440.000,0,-,-,-,-,4052.8000,4052.6000,4051.8000,4049.4000,4045.4000,4054.2000,4054.4000,4054.6000,4054.8000,4055.2000,1,1,1,1,1,1,1,1,1,1
SF,IF2002,2019-12-27 09:34:15.700,4055.8000,904,0,40105440.000,0,-,-,-,-,4052.8000,4052.6000,4051.8000,4049.4000,4045.4000,4054.2000,4054.8000,4055.2000,4055.6000,4056.0000,1,1,1,1,1,1,1,1,1,1
SF,IF2002,2019-12-27 09:34:16.200,4055.8000,904,0,40105440.000,0,-,-,-,-,4052.8000,4052.6000,4051.8000,4049.4000,4045.4000,4054.8000,4055.2000,4055.6000,4056.0000,4056.6000,1,1,1,1,1,1,1,1,1,2
SF,IF2002,2019-12-27 09:34:16.700,4055.8000,904,0,40105440.000,0,-,-,-,-,4053.0000,4052.8000,4051.8000,4049.4000,4045.4000,4054.6000,4054.8000,4055.2000,4055.6000,4056.0000,1,1,1,1,1,1,1,1,1,1
SF,IF2002,2019-12-27 09:34:17.200,4055.8000,904,0,40105440.000,0,-,-,-,-,4053.2000,4053.0000,4051.8000,4049.4000,4045.4000,4054.6000,4054.8000,4055.2000,4055.6000,4056.0000,1,1,1,1,1,1,1,1,1,1
SF,IF2002,2019-12-27 09:34:17.700,4055.8000,904,0,40105440.000,0,-,-,-,-,4053.2000,4053.0000,4051.8000,4049.4000,4045.4000,4054.8000,4055.2000,4055.6000,4056.0000,4056.6000,1,1,1,1,1,1,1,1,1,2
SF,IF2002,2019-12-27 09:34:18.200,4055.8000,904,0,40105440.000,0,-,-,-,-,4053.2000,4051.8000,4049.4000,4045.4000,4045.0000,4055.2000,4055.6000,4056.0000,4056.6000,4057.0000,1,1,1,1,5,1,1,1,2,2
SF,IF2002,2019-12-27 09:34:19.200,4055.8000,904,0,40105440.000,0,-,-,-,-,4053.2000,4051.8000,4049.4000,4045.4000,4045.0000,4055.0000,4055.2000,4055.6000,4056.0000,4056.6000,1,1,1,1,5,1,1,1,1,2
SF,IF2002,2019-12-27 09:34:20.200,4055.8000,904,0,40105440.000,0,-,-,-,-,4053.4000,4053.2000,4051.8000,4049.4000,4045.4000,4055.0000,4055.6000,4056.0000,4056.6000,4057.0000,1,1,1,1,1,1,1,1,2,2
SF,IF2002,2019-12-27 09:34:20.700,4055.8000,904,0,40105440.000,0,-,-,-,-,4053.6000,4053.4000,4051.8000,4049.4000,4045.4000,4055.6000,4056.0000,4056.6000,4057.0000,4057.2000,1,1,1,1,1,1,1,2,2,1
SF,IF2002,2019-12-27 09:34:21.200,4055.8000,904,0,40105440.000,0,-,-,-,-,4053.6000,4053.4000,4051.8000,4049.4000,4045.4000,4055.4000,4055.6000,4056.0000,4056.6000,4057.0000,1,1,1,1,1,2,1,1,2,2
SF,IF2002,2019-12-27 09:34:21.700,4055.8000,904,0,40105440.000,0,-,-,-,-,4053.6000,4051.8000,4049.4000,4045.4000,4045.0000,4055.4000,4055.6000,4056.0000,4056.6000,4057.0000,1,1,1,1,5,2,1,1,2,2
SF,IF2002,2019-12-27 09:34:22.200,4055.8000,904,0,40105440.000,0,-,-,-,-,4053.6000,4051.8000,4049.4000,4045.4000,4045.0000,4055.2000,4055.4000,4055.6000,4056.0000,4056.6000,1,1,1,1,5,1,2,1,1,2
SF,IF2002,2019-12-27 09:34:22.700,4055.8000,904,0,40105440.000,0,-,-,-,-,4053.6000,4051.8000,4049.4000,4045.4000,4045.0000,4055.0000,4055.2000,4055.4000,4055.6000,4056.0000,1,1,1,1,5,1,1,2,1,1
SF,IF2002,2019-12-27 09:34:24.700,4053.6000,905,1,42537600.000,2,1,1,空开,S,4051.8000,4049.4000,4045.4000,4045.0000,4041.0000,4054.8000,4055.0000,4055.2000,4055.4000,4055.6000,1,1,1,5,1,1,1,1,2,1
SF,IF2002,2019-12-27 09:34:25.200,4053.6000,905,0,42537600.000,0,-,-,-,-,4052.0000,4051.8000,4051.6000,4049.4000,4045.4000,4054.6000,4054.8000,4055.0000,4055.2000,4055.6000,1,1,1,1,1,1,1,1,1,1
SF,IF2002,2019-12-27 09:34:25.700,4053.6000,905,0,42537600.000,0,-,-,-,-,4052.2000,4052.0000,4051.8000,4051.6000,4049.4000,4054.4000,4054.6000,4054.8000,4055.0000,4055.2000,1,1,1,1,1,1,1,1,1,1
SF,IF2002,2019-12-27 09:34:26.200,4053.6000,905,0,42537600.000,0,-,-,-,-,4052.2000,4051.8000,4051.6000,4049.4000,4045.4000,4054.2000,4054.4000,4054.6000,4054.8000,4055.2000,1,1,1,1,1,1,1,1,1,1
SF,IF2002,2019-12-27 09:34:26.700,4053.6000,905,0,42537600.000,0,-,-,-,-,4052.4000,4052.2000,4051.8000,4051.6000,4049.4000,4054.2000,4054.8000,4055.2000,4055.6000,4056.0000,1,1,1,1,1,1,1,1,1,1
SF,IF2002,2019-12-27 09:34:27.200,4053.6000,905,0,42537600.000,0,-,-,-,-,4052.4000,4052.2000,4051.8000,4051.6000,4049.4000,4054.8000,4055.2000,4055.6000,4056.0000,4056.6000,1,1,1,1,1,1,1,1,1,2
SF,IF2002,2019-12-27 09:34:27.700,4053.6000,905,0,42537600.000,0,-,-,-,-,4052.4000,4052.2000,4051.8000,4049.4000,4045.4000,4054.6000,4054.8000,4055.2000,4055.6000,4056.0000,1,1,1,1,1,2,1,1,1,1
SF,IF2002,2019-12-27 09:34:28.200,4053.6000,905,0,42537600.000,0,-,-,-,-,4052.4000,4052.2000,4051.8000,4049.4000,4045.4000,4054.4000,4054.6000,4054.8000,4055.2000,4055.6000,1,1,1,1,1,1,2,1,1,1
SF,IF2002,2019-12-27 09:34:28.700,4052.4000,904,-1,43753320.000,1,0,1,双平,S,4052.2000,4051.8000,4049.4000,4045.4000,4045.0000,4054.2000,4054.4000,4054.6000,4054.8000,4055.2000,1,1,1,1,5,1,1,1,1,1
SF,IF2002,2019-12-27 09:34:29.200,4052.4000,904,0,43753320.000,0,-,-,-,-,4051.8000,4049.4000,4045.4000,4045.0000,4041.0000,4054.0000,4054.2000,4054.4000,4054.6000,4054.8000,1,1,1,5,1,1,1,1,1,1
SF,IF2002,2019-12-27 09:34:29.700,4052.4000,904,0,43753320.000,0,-,-,-,-,4051.8000,4049.4000,4045.4000,4045.0000,4041.0000,4053.8000,4054.0000,4054.2000,4054.4000,4054.6000,1,1,1,5,1,2,1,1,1,1
SF,IF2002,2019-12-27 09:34:30.200,4052.4000,904,0,43753320.000,0,-,-,-,-,4051.8000,4049.4000,4045.4000,4045.0000,4041.0000,4053.8000,4054.2000,4054.4000,4054.8000,4055.2000,1,1,1,5,1,2,1,1,1,1
SF,IF2002,2019-12-27 09:34:30.700,4052.4000,904,0,43753320.000,0,-,-,-,-,4051.8000,4049.4000,4045.4000,4045.0000,4041.0000,4053.6000,4053.8000,4054.4000,4054.8000,4055.2000,1,1,1,5,1,1,2,1,1,1
SF,IF2002,2019-12-27 09:34:31.200,4052.4000,904,0,43753320.000,0,-,-,-,-,4051.8000,4049.4000,4045.4000,4045.0000,4041.0000,4053.4000,4053.6000,4053.8000,4054.4000,4054.8000,1,1,1,5,1,1,2,1,1,1
SF,IF2002,2019-12-27 09:34:31.700,4052.4000,904,0,43753320.000,0,-,-,-,-,4051.8000,4049.4000,4045.4000,4045.0000,4041.0000,4053.4000,4053.6000,4053.8000,4054.4000,4054.8000,1,1,1,5,1,1,1,1,1,1
SF,IF2002,2019-12-27 09:34:32.200,4052.4000,904,0,43753320.000,0,-,-,-,-,4049.4000,4045.4000,4045.0000,4041.0000,4030.2000,4053.2000,4053.6000,4053.8000,4054.4000,4054.8000,1,1,5,1,1,1,1,1,1,1
SF,IF2002,2019-12-27 09:34:33.200,4052.4000,904,0,43753320.000,0,-,-,-,-,4049.6000,4049.4000,4045.4000,4045.0000,4041.0000,4053.2000,4053.6000,4053.8000,4054.4000,4054.8000,1,1,1,5,1,1,1,1,1,1
SF,IF2002,2019-12-27 09:34:33.700,4052.4000,904,0,43753320.000,0,-,-,-,-,4050.6000,4049.8000,4049.6000,4049.4000,4045.4000,4053.2000,4053.6000,4053.8000,4054.4000,4054.8000,1,1,1,1,1,1,1,1,1,1
SF,IF2002,2019-12-27 09:34:34.200,4052.4000,904,0,43753320.000,0,-,-,-,-,4050.8000,4050.6000,4049.8000,4049.4000,4045.4000,4053.0000,4053.2000,4053.6000,4053.8000,4054.4000,1,1,1,1,1,1,1,1,1,1
SF,IF2002,2019-12-27 09:34:34.700,4052.4000,904,0,43753320.000,0,-,-,-,-,4050.8000,4050.6000,4049.8000,4049.4000,4045.4000,4053.0000,4053.6000,4053.8000,4054.4000,4054.8000,1,1,1,1,1,1,1,1,1,1
SF,IF2002,2019-12-27 09:34:35.200,4052.4000,904,0,43753320.000,0,-,-,-,-,4050.8000,4050.6000,4049.8000,4049.4000,4045.4000,4052.8000,4053.6000,4053.8000,4054.4000,4054.8000,1,1,1,1,1,1,1,1,1,1
SF,IF2002,2019-12-27 09:34:35.700,4052.4000,904,0,43753320.000,0,-,-,-,-,4051.0000,4050.8000,4050.6000,4049.8000,4049.4000,4052.8000,4053.6000,4053.8000,4054.4000,4054.8000,1,1,1,1,1,1,1,1,1,1
SF,IF2002,2019-12-27 09:34:36.200,4052.4000,904,0,43753320.000,0,-,-,-,-,4051.2000,4051.0000,4050.8000,4050.6000,4049.4000,4052.8000,4053.6000,4053.8000,4054.4000,4054.8000,1,1,1,1,1,1,1,1,1,1
SF,IF2002,2019-12-27 09:34:36.700,4052.4000,904,0,43753320.000,0,-,-,-,-,4051.2000,4051.0000,4050.8000,4050.6000,4049.4000,4052.8000,4053.8000,4054.4000,4054.8000,4055.2000,1,1,1,1,1,1,1,1,1,1
SF,IF2002,2019-12-27 09:34:37.200,4052.4000,904,0,43753320.000,0,-,-,-,-,4051.2000,4050.8000,4049.4000,4045.4000,4045.0000,4052.8000,4054.4000,4054.8000,4055.2000,4055.6000,1,1,1,1,5,1,1,1,1,1
SF,IF2002,2019-12-27 09:34:37.700,4052.4000,904,0,43753320.000,0,-,-,-,-,4051.4000,4051.2000,4050.8000,4049.4000,4045.4000,4052.8000,4054.4000,4054.8000,4055.2000,4055.6000,1,1,1,1,1,1,1,1,1,1
SF,IF2002,2019-12-27 09:34:38.200,4052.4000,904,0,43753320.000,0,-,-,-,-,4051.6000,4051.4000,4051.2000,4049.4000,4045.4000,4052.8000,4054.4000,4054.8000,4055.2000,4055.6000,1,1,1,1,1,1,1,1,1,1
SF,IF2002,2019-12-27 09:34:39.200,4052.4000,904,0,43753320.000,0,-,-,-,-,4051.6000,4051.2000,4049.4000,4045.4000,4045.0000,4052.8000,4054.4000,4054.8000,4055.2000,4055.6000,1,1,1,1,5,1,1,1,1,1
SF,IF2002,2019-12-27 09:34:39.700,4052.4000,904,0,43753320.000,0,-,-,-,-,4052.0000,4051.6000,4051.2000,4049.4000,4045.4000,4052.8000,4054.4000,4054.8000,4055.2000,4055.6000,1,1,1,1,1,1,1,1,1,1
SF,IF2002,2019-12-27 09:34:48.200,4052.4000,904,0,43753320.000,0,-,-,-,-,4051.6000,4051.2000,4049.4000,4045.4000,4045.0000,4052.8000,4054.4000,4054.8000,4055.2000,4055.6000,1,1,1,1,5,1,1,1,1,1
SF,IF2002,2019-12-27 09:34:48.700,4052.4000,904,0,43753320.000,0,-,-,-,-,4051.2000,4049.4000,4045.4000,4045.0000,4041.0000,4052.8000,4054.4000,4054.8000,4055.2000,4055.6000,1,1,1,5,1,1,1,1,1,1
SF,IF2002,2019-12-27 09:34:49.200,4052.4000,904,0,43753320.000,0,-,-,-,-,4051.2000,4049.4000,4045.4000,4045.0000,4041.0000,4052.6000,4052.8000,4054.4000,4054.8000,4055.2000,1,1,1,5,1,1,1,1,1,1
SF,IF2002,2019-12-27 09:34:50.200,4052.4000,904,0,43753320.000,0,-,-,-,-,4051.4000,4051.2000,4049.4000,4045.4000,4045.0000,4052.8000,4053.6000,4054.4000,4054.8000,4055.2000,1,1,1,1,5,1,1,1,1,1
SF,IF2002,2019-12-27 09:34:50.700,4052.4000,904,0,43753320.000,0,-,-,-,-,4051.6000,4051.4000,4051.2000,4049.4000,4045.4000,4053.6000,4054.8000,4055.2000,4055.6000,4056.6000,1,1,1,1,1,1,1,1,1,2
SF,IF2002,2019-12-27 09:34:51.200,4052.4000,904,0,43753320.000,0,-,-,-,-,4051.6000,4051.4000,4051.2000,4049.4000,4045.4000,4053.4000,4053.6000,4054.8000,4055.2000,4055.6000,1,1,1,1,1,1,1,1,1,1
SF,IF2002,2019-12-27 09:34:51.700,4052.4000,904,0,43753320.000,0,-,-,-,-,4051.8000,4051.6000,4051.2000,4049.4000,4045.4000,4053.4000,4053.6000,4054.8000,4055.2000,4055.6000,1,1,1,1,1,1,1,1,1,1
SF,IF2002,2019-12-27 09:34:52.200,4052.4000,904,0,43753320.000,0,-,-,-,-,4051.8000,4051.6000,4051.2000,4049.4000,4045.4000,4053.2000,4053.4000,4053.6000,4054.8000,4055.2000,1,1,1,1,1,1,1,1,1,1
SF,IF2002,2019-12-27 09:34:52.700,4052.4000,904,0,43753320.000,0,-,-,-,-,4051.8000,4051.6000,4051.2000,4049.4000,4045.4000,4053.2000,4053.6000,4054.8000,4055.2000,4055.6000,1,1,1,1,1,1,1,1,1,1
SF,IF2002,2019-12-27 09:34:53.200,4052.4000,904,0,43753320.000,0,-,-,-,-,4051.8000,4051.6000,4051.2000,4049.4000,4045.4000,4053.0000,4053.2000,4053.6000,4054.8000,4055.2000,1,1,1,1,1,1,1,1,1,1
SF,IF2002,2019-12-27 09:34:53.700,4052.4000,904,0,43753320.000,0,-,-,-,-,4051.6000,4051.2000,4049.4000,4045.4000,4045.0000,4053.0000,4053.6000,4054.8000,4055.2000,4055.6000,1,1,1,1,5,1,1,1,1,1
SF,IF2002,2019-12-27 09:34:54.700,4052.4000,904,0,43753320.000,0,-,-,-,-,4051.8000,4051.6000,4051.2000,4049.4000,4045.4000,4053.0000,4053.6000,4054.8000,4055.2000,4055.6000,1,1,1,1,1,1,1,1,1,1
SF,IF2002,2019-12-27 09:34:55.200,4052.4000,904,0,43753320.000,0,-,-,-,-,4051.8000,4051.6000,4051.2000,4049.4000,4045.4000,4052.8000,4053.0000,4053.6000,4054.8000,4055.2000,1,1,1,1,1,1,1,1,1,1
SF,IF2002,2019-12-27 09:34:56.200,4052.4000,904,0,43753320.000,0,-,-,-,-,4052.8000,4051.8000,4051.6000,4051.2000,4049.4000,4053.0000,4053.6000,4054.8000,4055.2000,4055.6000,1,1,1,1,1,1,1,1,1,1
SF,IF2002,2019-12-27 09:34:58.700,4052.8000,904,0,44969160.000,1,0,1,多换,S,4051.2000,4049.4000,4045.4000,4045.0000,4041.0000,4053.0000,4053.6000,4054.8000,4055.2000,4055.6000,1,1,1,5,1,1,1,1,1,1
SF,IF2002,2019-12-27 09:35:01.700,4052.8000,904,0,44969160.000,0,-,-,-,-,4051.6000,4051.2000,4049.4000,4045.4000,4045.0000,4053.0000,4053.6000,4054.8000,4055.2000,4055.6000,1,1,1,1,5,1,1,1,1,1
SF,IF2002,2019-12-27 09:35:02.200,4052.8000,904,0,44969160.000,0,-,-,-,-,4051.8000,4051.2000,4049.4000,4045.4000,4045.0000,4053.0000,4053.6000,4054.8000,4055.2000,4055.6000,2,1,1,1,5,1,1,1,1,1
SF,IF2002,2019-12-27 09:35:02.700,4052.8000,904,0,44969160.000,0,-,-,-,-,4051.8000,4051.2000,4049.4000,4045.4000,4045.0000,4052.8000,4053.0000,4053.6000,4054.8000,4055.2000,2,1,1,1,5,1,1,1,1,1
SF,IF2002,2019-12-27 09:35:05.200,4052.8000,904,0,44969160.000,0,-,-,-,-,4052.0000,4051.8000,4051.2000,4049.4000,4045.4000,4052.8000,4053.0000,4053.6000,4054.8000,4055.2000,1,2,1,1,1,1,1,1,1,1
SF,IF2002,2019-12-27 09:35:05.700,4052.8000,904,0,44969160.000,0,-,-,-,-,4052.0000,4051.8000,4051.2000,4049.4000,4045.4000,4053.0000,4053.6000,4054.8000,4055.2000,4055.6000,1,2,1,1,1,1,1,1,1,1
SF,IF2002,2019-12-27 09:35:06.200,4053.0000,903,-1,46185060.000,1,0,1,双平,S,4052.0000,4051.8000,4049.4000,4045.4000,4045.0000,4053.6000,4055.2000,4055.6000,4056.6000,4057.0000,1,2,1,1,5,1,1,1,2,2
SF,IF2002,2019-12-27 09:35:06.700,4053.0000,903,0,46185060.000,0,-,-,-,-,4052.2000,4052.0000,4051.8000,4049.4000,4045.4000,4053.6000,4055.2000,4055.6000,4056.6000,4057.0000,1,1,1,1,1,1,1,1,2,2
SF,IF2002,2019-12-27 09:35:08.200,4053.0000,903,0,46185060.000,0,-,-,-,-,4052.4000,4052.2000,4051.8000,4049.4000,4045.4000,4053.6000,4055.2000,4055.6000,4056.6000,4057.0000,1,1,1,1,1,1,1,1,2,2
SF,IF2002,2019-12-27 09:35:09.200,4053.0000,903,0,46185060.000,0,-,-,-,-,4052.6000,4052.4000,4051.8000,4049.4000,4045.4000,4053.6000,4055.2000,4055.6000,4056.6000,4057.0000,1,1,1,1,1,1,1,1,2,2
SF,IF2002,2019-12-27 09:35:09.700,4053.0000,903,0,46185060.000,0,-,-,-,-,4052.6000,4052.4000,4049.4000,4045.4000,4045.0000,4053.6000,4055.2000,4055.6000,4056.6000,4057.0000,1,1,1,1,5,1,1,1,2,2
SF,IF2002,2019-12-27 09:35:10.200,4053.6000,903,0,47401140.000,1,0,1,多换,S,4052.8000,4052.6000,4052.4000,4045.4000,4045.0000,4055.6000,4056.6000,4057.0000,4057.4000,4058.0000,1,1,1,1,5,1,2,2,1,1
SF,IF2002,2019-12-27 09:35:10.700,4053.6000,903,0,47401140.000,0,-,-,-,-,4053.0000,4052.8000,4045.4000,4045.0000,4041.0000,4055.6000,4056.6000,4057.0000,4057.4000,4058.0000,1,1,1,5,1,1,2,2,1,1
SF,IF2002,2019-12-27 09:35:11.200,4053.6000,903,0,47401140.000,0,-,-,-,-,4053.0000,4052.8000,4045.4000,4045.0000,4041.0000,4055.4000,4055.6000,4056.6000,4057.0000,4057.4000,1,1,1,5,1,1,1,2,2,1
SF,IF2002,2019-12-27 09:35:11.700,4053.6000,903,0,47401140.000,0,-,-,-,-,4053.2000,4053.0000,4045.4000,4045.0000,4041.0000,4055.4000,4055.6000,4056.6000,4057.0000,4057.4000,1,1,1,5,1,1,1,2,2,1
SF,IF2002,2019-12-27 09:35:12.200,4053.6000,903,0,47401140.000,0,-,-,-,-,4053.2000,4045.4000,4045.0000,4041.0000,4030.2000,4055.2000,4055.4000,4055.6000,4056.6000,4057.0000,1,1,5,1,1,1,1,1,2,2
SF,IF2002,2019-12-27 09:35:12.700,4053.6000,903,0,47401140.000,0,-,-,-,-,4045.4000,4045.0000,4041.0000,4030.2000,4025.2000,4055.2000,4055.6000,4056.6000,4057.0000,4057.4000,1,5,1,1,3,1,1,2,2,1
SF,IF2002,2019-12-27 09:35:13.200,4053.6000,903,0,47401140.000,0,-,-,-,-,4051.6000,4049.4000,4046.8000,4045.6000,4045.0000,4055.2000,4055.6000,4056.6000,4057.0000,4057.4000,1,1,2,4,5,1,1,2,2,1
SF,IF2002,2019-12-27 09:35:13.700,4053.6000,903,0,47401140.000,0,-,-,-,-,4051.8000,4051.6000,4049.4000,4045.0000,4041.0000,4055.2000,4055.6000,4056.6000,4057.0000,4057.4000,1,1,1,5,1,1,1,2,2,1
SF,IF2002,2019-12-27 09:35:14.200,4053.6000,903,0,47401140.000,0,-,-,-,-,4052.8000,4052.2000,4051.8000,4051.6000,4045.0000,4055.6000,4056.6000,4057.0000,4057.4000,4058.0000,1,1,1,1,5,1,2,2,1,1
SF,IF2002,2019-12-27 09:35:14.700,4053.6000,903,0,47401140.000,0,-,-,-,-,4053.0000,4052.8000,4052.2000,4051.6000,4045.0000,4055.6000,4056.6000,4057.0000,4057.4000,4058.0000,1,1,1,1,5,1,2,2,1,1
SF,IF2002,2019-12-27 09:35:15.700,4053.6000,903,0,47401140.000,0,-,-,-,-,4053.0000,4052.8000,4051.6000,4045.0000,4041.0000,4055.4000,4056.6000,4057.0000,4057.4000,4058.0000,1,1,1,5,1,1,2,2,1,1
SF,IF2002,2019-12-27 09:35:16.200,4053.6000,903,0,47401140.000,0,-,-,-,-,4053.2000,4053.0000,4052.8000,4051.6000,4045.0000,4055.4000,4056.6000,4057.0000,4057.4000,4058.0000,1,1,1,1,5,1,2,2,1,1
SF,IF2002,2019-12-27 09:35:16.700,4053.6000,903,0,47401140.000,0,-,-,-,-,4053.4000,4053.2000,4052.8000,4051.6000,4045.0000,4056.6000,4057.0000,4057.4000,4058.0000,4059.8000,1,1,1,1,5,2,2,1,1,2
SF,IF2002,2019-12-27 09:35:17.200,4053.6000,903,0,47401140.000,0,-,-,-,-,4053.6000,4053.4000,4052.8000,4051.6000,4045.0000,4056.4000,4057.0000,4057.4000,4058.0000,4059.8000,1,1,1,1,5,1,2,1,1,2
SF,IF2002,2019-12-27 09:35:17.700,4053.6000,903,0,47401140.000,0,-,-,-,-,4053.8000,4053.6000,4052.8000,4051.6000,4045.0000,4056.2000,4056.4000,4058.0000,4059.8000,4065.0000,1,2,1,1,5,1,1,1,2,5
SF,IF2002,2019-12-27 09:35:18.200,4053.6000,903,0,47401140.000,0,-,-,-,-,4054.2000,4053.8000,4053.6000,4052.8000,4051.6000,4058.0000,4059.8000,4065.0000,4093.0000,4312.8000,1,1,1,1,1,1,2,5,3,3
SF,IF2002,2019-12-27 09:35:18.700,4053.6000,903,0,47401140.000,0,-,-,-,-,4054.4000,4054.2000,4054.0000,4053.6000,4052.8000,4057.8000,4058.0000,4059.8000,4065.0000,4093.0000,1,1,1,1,1,1,1,2,5,3
SF,IF2002,2019-12-27 09:35:19.200,4054.4000,902,-1,48617460.000,1,0,1,双平,S,4054.2000,4054.0000,4053.6000,4052.8000,4051.6000,4057.6000,4057.8000,4058.0000,4059.8000,4065.0000,1,1,1,1,1,2,2,1,2,5
SF,IF2002,2019-12-27 09:35:19.700,4054.4000,902,0,48617460.000,0,-,-,-,-,4053.6000,4052.8000,4051.6000,4045.0000,4041.0000,4057.6000,4057.8000,4058.0000,4059.8000,4065.0000,1,1,1,5,1,2,1,1,2,5
SF,IF2002,2019-12-27 09:35:20.700,4054.4000,902,0,48617460.000,0,-,-,-,-,4053.6000,4052.8000,4051.6000,4045.0000,4041.0000,4057.6000,4057.8000,4058.0000,4059.8000,4065.0000,1,1,1,5,1,1,1,1,2,5
SF,IF2002,2019-12-27 09:35:21.200,4054.4000,902,0,48617460.000,0,-,-,-,-,4054.2000,4053.6000,4052.8000,4051.6000,4045.0000,4057.6000,4057.8000,4058.0000,4059.8000,4065.0000,1,1,1,1,5,1,1,1,2,5
SF,IF2002,2019-12-27 09:35:21.700,4054.4000,902,0,48617460.000,0,-,-,-,-,4054.2000,4054.0000,4053.6000,4052.8000,4051.6000,4057.4000,4057.6000,4057.8000,4058.0000,4059.8000,1,1,1,1,1,1,1,1,1,2
SF,IF2002,2019-12-27 09:35:22.200,4054.4000,902,0,48617460.000,0,-,-,-,-,4054.2000,4054.0000,4053.6000,4052.8000,4051.6000,4057.2000,4057.4000,4057.6000,4057.8000,4058.0000,1,1,1,1,1,1,1,1,1,1
SF,IF2002,2019-12-27 09:35:22.700,4054.4000,902,0,48617460.000,0,-,-,-,-,4054.2000,4054.0000,4053.6000,4052.8000,4051.6000,4057.0000,4057.2000,4057.4000,4057.6000,4057.8000,1,1,1,1,1,1,1,1,1,1
SF,IF2002,2019-12-27 09:35:23.700,4054.4000,902,0,48617460.000,0,-,-,-,-,4054.6000,4054.2000,4053.6000,4052.8000,4051.6000,4056.8000,4057.0000,4057.2000,4057.4000,4057.6000,1,1,1,1,1,1,1,1,1,1
SF,IF2002,2019-12-27 09:35:24.200,4054.4000,902,0,48617460.000,0,-,-,-,-,4054.6000,4054.2000,4053.6000,4052.8000,4051.6000,4056.6000,4056.8000,4057.0000,4057.2000,4057.4000,1,1,1,1,1,1,1,1,1,1
SF,IF2002,2019-12-27 09:35:24.700,4054.4000,902,0,48617460.000,0,-,-,-,-,4054.6000,4054.2000,4052.8000,4051.6000,4045.0000,4056.4000,4056.6000,4056.8000,4057.0000,4057.2000,1,1,1,1,5,1,1,1,1,1
SF,IF2002,2019-12-27 09:35:25.200,4054.4000,902,0,48617460.000,0,-,-,-,-,4052.8000,4051.6000,4045.0000,4041.0000,4030.2000,4056.2000,4056.4000,4056.6000,4056.8000,4057.0000,1,1,5,1,1,1,1,1,1,1
SF,IF2002,2019-12-27 09:35:25.700,4054.4000,902,0,48617460.000,0,-,-,-,-,4052.8000,4051.6000,4045.0000,4041.0000,4030.2000,4056.2000,4056.6000,4056.8000,4057.0000,4057.2000,1,1,5,1,1,1,1,1,1,1
SF,IF2002,2019-12-27 09:35:26.200,4054.4000,902,0,48617460.000,0,-,-,-,-,4053.4000,4052.8000,4051.6000,4045.0000,4041.0000,4056.2000,4056.6000,4056.8000,4057.0000,4057.2000,1,1,1,5,1,1,1,1,1,1
SF,IF2002,2019-12-27 09:35:26.700,4054.4000,902,0,48617460.000,0,-,-,-,-,4053.4000,4052.8000,4051.6000,4045.0000,4041.0000,4056.0000,4056.2000,4056.6000,4056.8000,4057.0000,1,1,1,5,1,1,1,1,1,1
SF,IF2002,2019-12-27 09:35:27.200,4054.4000,902,0,48617460.000,0,-,-,-,-,4051.6000,4045.0000,4041.0000,4030.2000,4025.2000,4055.8000,4056.0000,4056.2000,4056.6000,4056.8000,1,5,1,1,3,1,1,1,1,1
SF,IF2002,2019-12-27 09:35:27.700,4054.4000,902,0,48617460.000,0,-,-,-,-,4051.6000,4045.0000,4041.0000,4030.2000,4025.2000,4055.6000,4055.8000,4056.0000,4056.2000,4056.6000,1,5,1,1,3,1,1,1,1,1
SF,IF2002,2019-12-27 09:35:28.200,4054.4000,902,0,48617460.000,0,-,-,-,-,4051.6000,4045.0000,4041.0000,4030.2000,4025.2000,4055.4000,4055.6000,4055.8000,4056.0000,4056.2000,1,5,1,1,3,1,1,1,1,1
SF,IF2002,2019-12-27 09:35:28.700,4054.4000,902,0,48617460.000,0,-,-,-,-,4052.8000,4051.6000,4045.0000,4041.0000,4030.2000,4055.4000,4055.6000,4055.8000,4056.0000,4056.2000,1,1,5,1,1,1,1,1,1,1
SF,IF2002,2019-12-27 09:35:29.200,4054.4000,902,0,48617460.000,0,-,-,-,-,4052.0000,4051.6000,4045.0000,4041.0000,4030.2000,4055.4000,4055.8000,4056.0000,4056.2000,4056.6000,1,1,5,1,1,1,1,1,1,1
SF,IF2002,2019-12-27 09:35:29.700,4054.4000,902,0,48617460.000,0,-,-,-,-,4052.0000,4051.6000,4045.0000,4041.0000,4030.2000,4055.4000,4055.8000,4056.0000,4056.2000,4056.8000,1,1,5,1,1,1,1,1,1,1
SF,IF2002,2019-12-27 09:35:30.200,4054.4000,902,0,48617460.000,0,-,-,-,-,4052.0000,4051.6000,4045.0000,4041.0000,4030.2000,4055.4000,4055.8000,4056.0000,4056.2000,4056.8000,1,1,5,1,1,1,1,1,1,1
SF,IF2002,2019-12-27 09:35:30.700,4054.4000,902,0,48617460.000,0,-,-,-,-,4052.4000,4052.0000,4051.6000,4045.0000,4041.0000,4055.4000,4055.8000,4056.0000,4056.8000,4057.2000,1,1,1,5,3,1,1,1,1,1
SF,IF2002,2019-12-27 09:35:31.200,4054.4000,902,0,48617460.000,0,-,-,-,-,4052.4000,4052.0000,4051.6000,4045.0000,4041.0000,4055.4000,4056.0000,4056.8000,4057.2000,4057.6000,1,1,1,5,3,1,1,1,1,1
SF,IF2002,2019-12-27 09:35:31.700,4054.4000,902,0,48617460.000,0,-,-,-,-,4052.4000,4052.0000,4051.6000,4045.0000,4041.0000,4056.0000,4056.8000,4057.2000,4057.6000,4057.8000,1,1,1,5,3,1,1,1,1,1
SF,IF2002,2019-12-27 09:35:32.200,4054.4000,902,0,48617460.000,0,-,-,-,-,4052.6000,4052.4000,4051.6000,4045.0000,4041.0000,4055.8000,4056.0000,4056.8000,4057.2000,4057.6000,1,1,1,5,3,1,1,1,1,1
SF,IF2002,2019-12-27 09:35:32.700,4054.4000,902,0,48617460.000,0,-,-,-,-,4052.6000,4052.4000,4051.6000,4045.0000,4041.0000,4055.6000,4055.8000,4056.0000,4056.8000,4057.2000,1,1,1,5,3,1,1,1,1,1
SF,IF2002,2019-12-27 09:35:33.200,4054.4000,902,0,48617460.000,0,-,-,-,-,4052.6000,4052.4000,4051.6000,4045.0000,4041.0000,4055.4000,4055.6000,4055.8000,4056.0000,4056.8000,1,1,1,5,3,1,1,1,1,1
SF,IF2002,2019-12-27 09:35:33.700,4054.4000,902,0,48617460.000,0,-,-,-,-,4052.8000,4052.6000,4051.6000,4045.0000,4041.0000,4055.4000,4055.6000,4055.8000,4056.0000,4056.8000,2,1,1,5,3,1,1,1,1,1
SF,IF2002,2019-12-27 09:35:34.200,4054.4000,902,0,48617460.000,0,-,-,-,-,4052.8000,4052.6000,4051.6000,4045.0000,4041.0000,4055.2000,4055.4000,4055.6000,4055.8000,4056.0000,1,1,1,5,3,1,1,1,1,1
SF,IF2002,2019-12-27 09:35:34.700,4054.4000,902,0,48617460.000,0,-,-,-,-,4052.8000,4052.6000,4051.6000,4045.0000,4041.0000,4055.0000,4055.2000,4055.4000,4055.6000,4055.8000,1,1,1,5,3,1,1,1,1,1
SF,IF2002,2019-12-27 09:35:35.200,4054.4000,902,0,48617460.000,0,-,-,-,-,4052.8000,4051.6000,4045.0000,4041.0000,4030.2000,4055.0000,4055.2000,4055.4000,4055.6000,4056.0000,1,1,5,3,1,1,1,1,1,1
SF,IF2002,2019-12-27 09:35:35.700,4054.4000,902,0,48617460.000,0,-,-,-,-,4052.8000,4051.6000,4045.0000,4041.0000,4030.2000,4055.0000,4055.6000,4056.0000,4056.8000,4057.2000,2,1,5,3,1,1,1,1,1,1
SF,IF2002,2019-12-27 09:35:36.200,4054.4000,902,0,48617460.000,0,-,-,-,-,4052.8000,4051.6000,4045.0000,4041.0000,4030.2000,4055.0000,4055.6000,4056.0000,4056.8000,4057.2000,1,1,5,3,1,1,1,1,1,1
SF,IF2002,2019-12-27 09:35:36.700,4054.4000,902,0,48617460.000,0,-,-,-,-,4052.8000,4051.6000,4045.0000,4041.0000,4030.2000,4055.0000,4055.6000,4056.0000,4056.8000,4057.2000,2,1,5,3,1,1,1,1,1,1
SF,IF2002,2019-12-27 09:35:37.200,4054.4000,902,0,48617460.000,0,-,-,-,-,4052.8000,4051.6000,4045.0000,4041.0000,4030.2000,4055.0000,4055.6000,4056.0000,4056.8000,4057.2000,1,1,5,3,1,1,1,1,1,1
SF,IF2002,2019-12-27 09:35:37.700,4054.4000,902,0,48617460.000,0,-,-,-,-,4052.8000,4051.6000,4045.0000,4041.0000,4030.2000,4055.6000,4056.0000,4056.8000,4057.2000,4057.8000,2,1,5,3,1,1,1,1,1,1
SF,IF2002,2019-12-27 09:35:38.200,4054.4000,902,0,48617460.000,0,-,-,-,-,4052.8000,4051.6000,4045.0000,4041.0000,4030.2000,4055.4000,4055.6000,4056.0000,4056.8000,4057.2000,2,1,5,3,1,1,1,1,1,1
SF,IF2002,2019-12-27 09:35:39.200,4054.4000,902,0,48617460.000,0,-,-,-,-,4052.8000,4051.6000,4045.0000,4041.0000,4030.2000,4056.8000,4057.2000,4057.8000,4058.0000,4059.8000,2,1,5,3,1,1,1,1,1,2
SF,IF2002,2019-12-27 09:35:39.700,4054.4000,902,0,48617460.000,0,-,-,-,-,4053.0000,4052.8000,4051.6000,4045.0000,4041.0000,4056.2000,4056.6000,4056.8000,4057.2000,4057.8000,1,2,1,5,3,1,2,1,1,1
SF,IF2002,2019-12-27 09:35:40.200,4054.4000,902,0,48617460.000,0,-,-,-,-,4053.0000,4052.8000,4051.6000,4045.0000,4041.0000,4056.0000,4056.6000,4056.8000,4057.2000,4057.8000,1,2,1,5,3,1,1,1,1,1
SF,IF2002,2019-12-27 09:35:40.700,4054.4000,902,0,48617460.000,0,-,-,-,-,4053.0000,4052.8000,4051.6000,4045.0000,4041.0000,4056.8000,4057.2000,4057.8000,4058.0000,4059.8000,1,2,1,5,3,1,1,1,1,2
SF,IF2002,2019-12-27 09:35:41.200,4054.4000,902,0,48617460.000,0,-,-,-,-,4053.4000,4053.0000,4052.8000,4051.6000,4045.0000,4056.6000,4056.8000,4057.2000,4057.8000,4058.0000,1,1,1,1,5,1,1,1,1,1
