市场代码,合约代码,时间,最新,持仓,增仓,成交额,成交量,开仓,平仓,成交类型,方向,买一价,买二价,买三价,买四价,买五价,卖一价,卖二价,卖三价,卖四价,卖五价,买一量,买二量,买三量,买四量,买五量,卖一量,卖二量,卖三量,卖四量,卖五量
SF,IF2006,2020-05-06 09:29:00.100,3839.8000,46682,0,86395500.000,75.000,-,-,-,-,3838.0000,3837.0000,3836.0000,3835.0000,3834.8000,3840.0000,3841.6000,3845.0000,3850.0000,3851.0000,1,5,4,5,4,3,1,2,5,1
SF,IF2006,2020-05-06 09:30:00.100,3838.0000,46678,-4,112873260.000,23,9,14,多平,S,3836.8000,3836.0000,3835.2000,3835.0000,3834.8000,3838.0000,3839.0000,3839.2000,3839.4000,3839.6000,1,4,3,6,4,8,1,1,1,2
SF,IF2006,2020-05-06 09:30:00.600,3837.2000,46681,3,138195540.000,22,12,10,空开,S,3835.2000,3835.0000,3834.8000,3834.6000,3834.4000,3836.8000,3837.0000,3837.2000,3837.6000,3837.8000,1,6,4,3,4,1,1,1,4,26
SF,IF2006,2020-05-06 09:30:01.100,3836.6000,46656,-25,185374020.000,41,8,33,多平,S,3835.2000,3834.8000,3834.6000,3834.4000,3833.8000,3836.6000,3836.8000,3837.0000,3837.8000,3838.0000,5,3,3,4,2,3,8,1,19,8
SF,IF2006,2020-05-06 09:30:01.600,3835.2000,46660,4,219895380.000,30,17,13,空开,S,3835.2000,3834.8000,3834.6000,3834.4000,3833.8000,3836.0000,3836.6000,3836.8000,3837.0000,3837.8000,3,3,3,4,2,1,2,6,1,19
SF,IF2006,2020-05-06 09:30:02.100,3832.0000,46672,12,250955580.000,27,19,8,空开,S,3832.0000,3831.0000,3830.2000,3830.0000,3829.4000,3835.2000,3836.0000,3836.2000,3836.6000,3836.8000,1,5,1,11,2,5,3,1,1,3
SF,IF2006,2020-05-06 09:30:02.600,3832.2000,46662,-10,276255540.000,22,6,16,多平,S,3831.0000,3830.2000,3830.0000,3829.4000,3829.0000,3832.0000,3834.6000,3835.0000,3835.2000,3835.4000,5,1,11,2,1,5,1,2,14,1
SF,IF2006,2020-05-06 09:30:03.100,3831.6000,46657,-5,291202140.000,13,4,9,多平,S,3831.2000,3831.0000,3830.6000,3830.2000,3830.0000,3831.8000,3835.2000,3836.8000,3837.0000,3837.2000,1,5,1,1,11,1,21,3,1,2
SF,IF2006,2020-05-06 09:30:03.600,3831.8000,46649,-8,307296060.000,14,3,11,多平,S,3831.2000,3831.0000,3830.6000,3830.2000,3830.0000,3835.2000,3836.8000,3837.2000,3837.8000,3838.0000,1,3,1,1,11,21,3,2,2,9
SF,IF2006,2020-05-06 09:30:04.100,3832.0000,46643,-6,322240080.000,13,3,10,多平,S,3831.0000,3830.6000,3830.2000,3830.0000,3829.4000,3831.2000,3834.4000,3835.0000,3835.2000,3835.4000,2,1,1,11,2,7,1,1,21,1
SF,IF2006,2020-05-06 09:30:04.600,3832.0000,46634,-9,340632180.000,16,3,13,多平,S,3832.0000,3831.0000,3830.6000,3830.2000,3830.0000,3835.2000,3835.6000,3836.8000,3837.0000,3837.2000,2,3,1,1,12,20,1,3,1,2
SF,IF2006,2020-05-06 09:30:05.100,3830.6000,46625,-9,352126860.000,10,0,10,多平,S,3831.0000,3830.2000,3830.0000,3829.4000,3829.0000,3832.0000,3834.6000,3835.0000,3835.2000,3835.6000,1,1,13,2,1,2,1,3,20,1
SF,IF2006,2020-05-06 09:30:05.600,3835.2000,46613,-12,370518600.000,16,2,14,多平,S,3830.0000,3829.4000,3829.0000,3828.0000,3827.0000,3831.0000,3835.2000,3835.6000,3836.8000,3837.0000,12,2,1,6,1,9,19,1,3,1
SF,IF2006,2020-05-06 09:30:06.100,3831.0000,46602,-11,391204260.000,18,3,15,多平,S,3830.0000,3829.8000,3829.6000,3829.4000,3829.0000,3831.0000,3834.8000,3835.2000,3835.6000,3836.8000,7,2,1,2,1,2,1,19,1,3
SF,IF2006,2020-05-06 09:30:06.600,3830.0000,46585,-17,450984300.000,52,17,35,多平,S,3831.8000,3829.8000,3829.6000,3829.4000,3829.0000,3835.2000,3835.6000,3836.8000,3837.0000,3837.2000,1,2,1,2,1,5,1,4,1,2
SF,IF2006,2020-05-06 09:30:07.100,3831.2000,46583,-2,454432740.000,3,0,3,多平,S,3831.0000,3830.0000,3829.8000,3829.6000,3829.4000,3831.8000,3832.4000,3833.6000,3834.2000,3834.6000,2,2,2,1,2,8,1,2,1,3
SF,IF2006,2020-05-06 09:30:07.600,3831.8000,46577,-6,462479520.000,7,0,7,多平,S,3831.0000,3830.0000,3829.8000,3829.6000,3829.4000,3831.8000,3833.6000,3834.2000,3834.6000,3835.0000,6,1,2,1,2,6,1,1,2,5
SF,IF2006,2020-05-06 09:30:08.100,3831.0000,46572,-5,479719620.000,15,5,10,多平,S,3830.0000,3829.8000,3829.6000,3829.4000,3829.0000,3831.0000,3831.2000,3831.8000,3833.6000,3834.2000,2,2,1,2,2,2,1,5,1,1
SF,IF2006,2020-05-06 09:30:08.600,3830.2000,46560,-12,496957920.000,15,1,14,多平,S,3830.0000,3829.8000,3829.6000,3829.4000,3829.0000,3831.8000,3834.2000,3834.6000,3835.0000,3835.2000,3,2,1,2,2,3,1,4,2,2
SF,IF2006,2020-05-06 09:30:09.100,3830.2000,46551,-9,516497640.000,17,4,13,多平,S,3830.4000,3830.2000,3830.0000,3829.8000,3829.6000,3831.6000,3834.6000,3835.0000,3835.2000,3835.6000,1,2,5,2,1,1,3,1,2,1
SF,IF2006,2020-05-06 09:30:09.600,3830.2000,46544,-7,536042580.000,17,5,12,多平,S,3831.6000,3831.0000,3830.0000,3829.8000,3829.6000,3833.6000,3835.2000,3835.6000,3836.8000,3837.0000,1,1,4,2,1,2,2,1,4,1
SF,IF2006,2020-05-06 09:30:10.100,3833.6000,46533,-11,561350280.000,22,5,17,多平,S,3833.6000,3832.8000,3831.8000,3831.6000,3831.0000,3836.8000,3837.0000,3837.2000,3837.8000,3838.0000,3,2,2,6,2,4,1,2,2,9
SF,IF2006,2020-05-06 09:30:10.600,3836.8000,46529,-4,567105480.000,5,0,5,多平,S,3834.2000,3833.6000,3832.4000,3831.8000,3831.6000,3836.4000,3836.6000,3836.8000,3837.0000,3837.2000,1,4,2,1,6,1,4,4,1,2
SF,IF2006,2020-05-06 09:30:11.100,3836.8000,46522,-7,578614200.000,10,1,9,多平,S,3834.6000,3834.4000,3834.2000,3833.6000,3832.4000,3837.2000,3837.8000,3838.0000,3839.0000,3840.0000,2,1,1,3,1,2,2,9,1,23
SF,IF2006,2020-05-06 09:30:11.600,3836.8000,46521,-1,583217040.000,4,1,3,多平,S,3836.8000,3835.0000,3834.8000,3833.6000,3832.4000,3837.0000,3837.2000,3837.8000,3838.0000,3839.0000,1,1,1,8,1,1,3,2,9,1
SF,IF2006,2020-05-06 09:30:12.100,3836.4000,46518,-3,593576280.000,9,3,6,多平,S,3837.0000,3833.6000,3832.4000,3832.0000,3831.8000,3837.8000,3838.0000,3839.0000,3840.0000,3843.4000,1,8,1,1,2,2,9,1,24,1
SF,IF2006,2020-05-06 09:30:12.600,3838.0000,46512,-6,601634760.000,7,0,7,多平,S,3837.0000,3834.4000,3833.6000,3832.4000,3832.0000,3838.0000,3839.0000,3839.4000,3840.0000,3843.4000,1,2,8,1,1,9,1,1,24,1
SF,IF2006,2020-05-06 09:30:13.100,3837.0000,46509,-3,605088120.000,3,0,3,双平,S,3837.2000,3833.6000,3832.0000,3831.8000,3831.6000,3838.0000,3839.0000,3839.4000,3840.0000,3843.4000,1,8,1,2,5,9,1,1,24,1
SF,IF2006,2020-05-06 09:30:13.600,3837.0000,46507,-2,608541420.000,3,0,3,多平,S,3836.2000,3836.0000,3833.6000,3832.0000,3831.8000,3837.0000,3837.2000,3838.0000,3839.0000,3840.0000,2,3,8,1,2,2,10,9,1,24
SF,IF2006,2020-05-06 09:30:14.100,3836.2000,46501,-6,621202140.000,11,2,9,多平,S,3836.0000,3833.6000,3832.0000,3831.8000,3831.6000,3836.2000,3837.2000,3838.0000,3839.0000,3840.0000,3,8,1,1,5,2,13,9,1,25
SF,IF2006,2020-05-06 09:30:14.600,3836.2000,46496,-5,630409320.000,8,1,7,多平,S,3836.0000,3835.6000,3833.6000,3832.0000,3831.8000,3837.2000,3838.0000,3839.0000,3840.0000,3843.4000,3,1,8,1,1,12,9,1,25,1
SF,IF2006,2020-05-06 09:30:15.100,3836.0000,46493,-3,639617280.000,8,2,6,多平,S,3836.4000,3836.0000,3835.6000,3833.6000,3832.0000,3837.2000,3838.0000,3839.0000,3840.0000,3843.4000,1,1,1,8,1,9,9,1,25,1
SF,IF2006,2020-05-06 09:30:15.600,3836.0000,46488,-5,647673840.000,7,1,6,多平,S,3835.6000,3833.6000,3832.0000,3831.8000,3831.6000,3836.0000,3836.2000,3836.4000,3837.2000,3837.8000,1,8,1,2,5,1,1,5,7,1
SF,IF2006,2020-05-06 09:30:16.100,3835.6000,46484,-4,654578220.000,6,1,5,多平,S,3834.4000,3833.6000,3832.0000,3831.8000,3831.6000,3835.6000,3836.2000,3836.4000,3837.2000,3837.8000,1,8,1,2,5,5,1,10,7,1
SF,IF2006,2020-05-06 09:30:16.600,3834.6000,46465,-19,679890120.000,22,1,21,多平,S,3834.6000,3834.4000,3833.6000,3832.0000,3831.8000,3836.0000,3836.4000,3837.2000,3837.8000,3838.0000,4,2,8,1,2,1,9,7,1,8
SF,IF2006,2020-05-06 09:30:17.100,3831.8000,46470,5,705196980.000,22,13,9,空开,S,3835.2000,3833.0000,3831.8000,3831.6000,3831.0000,3836.4000,3837.2000,3837.8000,3838.0000,3839.0000,1,1,1,5,8,6,7,1,8,1
SF,IF2006,2020-05-06 09:30:17.600,3834.8000,46466,-4,710950320.000,5,0,5,多平,S,3833.0000,3831.8000,3831.6000,3831.0000,3830.6000,3834.6000,3835.2000,3836.4000,3837.2000,3837.8000,1,1,5,8,2,1,5,5,7,1
SF,IF2006,2020-05-06 09:30:18.100,3836.4000,46453,-13,729360420.000,16,1,15,多平,S,3835.4000,3834.6000,3834.4000,3834.2000,3834.0000,3836.4000,3837.2000,3837.8000,3838.0000,3839.0000,1,2,1,4,2,1,7,1,8,1
SF,IF2006,2020-05-06 09:30:18.600,3835.4000,46449,-4,742020000.000,11,3,8,多平,S,3834.2000,3834.0000,3833.8000,3833.6000,3833.4000,3835.2000,3837.2000,3837.8000,3838.0000,3839.0000,2,1,2,3,4,6,6,1,8,1
SF,IF2006,2020-05-06 09:30:19.100,3835.2000,46446,-3,751224540.000,8,2,6,多平,S,3836.0000,3835.6000,3835.2000,3834.8000,3834.6000,3837.2000,3837.8000,3838.0000,3839.0000,3840.0000,1,2,2,1,6,6,1,8,1,25
SF,IF2006,2020-05-06 09:30:19.600,3836.0000,46444,-2,754676940.000,3,0,3,多平,S,3836.4000,3836.0000,3835.2000,3834.6000,3834.4000,3837.0000,3837.2000,3837.8000,3838.0000,3839.0000,3,1,1,4,4,4,6,1,8,1
SF,IF2006,2020-05-06 09:30:20.100,3836.4000,46440,-4,765035100.000,9,2,7,多平,S,3836.0000,3835.2000,3834.6000,3834.4000,3834.2000,3836.4000,3836.8000,3837.2000,3837.8000,3838.0000,1,1,4,4,1,4,1,6,1,8
SF,IF2006,2020-05-06 09:30:20.600,3837.2000,46432,-8,777695460.000,11,1,10,多平,S,3836.0000,3835.6000,3835.2000,3834.6000,3834.4000,3837.2000,3837.8000,3838.0000,3839.0000,3840.0000,1,1,2,4,4,5,1,8,1,25
SF,IF2006,2020-05-06 09:30:21.100,3836.0000,46429,-3,784600860.000,6,1,5,多平,S,3835.2000,3834.6000,3834.4000,3834.2000,3834.0000,3836.0000,3837.2000,3837.8000,3838.0000,3839.0000,2,5,3,2,1,7,3,1,8,1
SF,IF2006,2020-05-06 09:30:21.600,3836.0000,46419,-10,798410460.000,12,1,11,多平,S,3837.0000,3836.8000,3836.4000,3836.0000,3835.4000,3837.2000,3837.8000,3838.0000,3840.0000,3843.4000,1,1,1,1,3,3,1,8,25,1
SF,IF2006,2020-05-06 09:30:22.100,3837.0000,46409,-10,814524720.000,14,2,12,多平,S,3835.4000,3835.2000,3835.0000,3834.6000,3834.4000,3837.8000,3838.0000,3840.0000,3843.4000,3844.8000,1,4,2,5,2,1,8,25,1,1
SF,IF2006,2020-05-06 09:30:22.600,3837.0000,46406,-3,824883240.000,9,3,6,多平,S,3835.8000,3835.6000,3835.4000,3835.2000,3835.0000,3837.0000,3837.6000,3837.8000,3838.0000,3840.0000,1,6,1,5,3,2,1,2,8,25
SF,IF2006,2020-05-06 09:30:23.100,3835.2000,46396,-10,838693260.000,12,1,11,多平,S,3835.2000,3835.0000,3834.6000,3834.2000,3834.0000,3835.8000,3837.6000,3837.8000,3838.0000,3840.0000,4,4,1,1,1,5,1,1,8,25
SF,IF2006,2020-05-06 09:30:23.600,3835.2000,46382,-14,860556060.000,19,2,17,多平,S,3835.0000,3834.6000,3834.2000,3834.0000,3833.8000,3837.6000,3837.8000,3838.0000,3840.0000,3843.4000,2,1,1,1,2,1,2,8,25,1
SF,IF2006,2020-05-06 09:30:24.100,3835.0000,46372,-10,877813920.000,15,2,13,多平,S,3834.8000,3834.6000,3834.2000,3834.0000,3833.8000,3837.4000,3837.6000,3837.8000,3838.0000,3840.0000,1,1,1,1,2,7,3,2,8,25
SF,IF2006,2020-05-06 09:30:24.600,3834.8000,46370,-2,880114860.000,2,0,2,双平,S,3834.6000,3834.2000,3834.0000,3833.8000,3833.6000,3834.8000,3836.0000,3836.8000,3837.2000,3837.4000,3,1,1,2,1,6,1,1,2,7
SF,IF2006,2020-05-06 09:30:25.100,3837.2000,46361,-9,896222700.000,14,2,12,多平,S,3834.6000,3834.2000,3834.0000,3833.8000,3833.6000,3837.2000,3837.4000,3837.8000,3838.0000,3840.0000,3,1,1,2,1,1,5,2,8,25
SF,IF2006,2020-05-06 09:30:25.600,3836.0000,46360,-1,897373500.000,1,0,1,双平,S,3836.0000,3834.8000,3834.6000,3834.0000,3833.8000,3837.0000,3837.2000,3837.8000,3838.0000,3840.0000,1,1,1,1,2,7,1,2,8,25
SF,IF2006,2020-05-06 09:30:26.100,3835.8000,46358,-2,900825840.000,3,0,3,多平,S,3835.8000,3835.6000,3834.6000,3834.0000,3833.8000,3836.0000,3836.6000,3836.8000,3837.0000,3837.8000,1,1,1,1,2,1,1,3,4,2
SF,IF2006,2020-05-06 09:30:26.600,3835.0000,46356,-2,910030740.000,8,3,5,多平,S,3834.8000,3833.8000,3833.6000,3833.0000,3832.8000,3836.0000,3836.8000,3837.0000,3837.8000,3838.0000,3,2,1,2,2,1,2,4,2,8
SF,IF2006,2020-05-06 09:30:27.100,3837.0000,46356,0,919238280.000,8,4,4,多换,S,3835.0000,3834.8000,3834.6000,3833.8000,3833.6000,3837.0000,3837.8000,3838.0000,3840.0000,3843.4000,4,2,1,2,1,2,2,8,25,1
SF,IF2006,2020-05-06 09:30:27.600,3837.0000,46356,0,919238280.000,0,-,-,-,-,3835.2000,3835.0000,3834.8000,3834.6000,3833.8000,3836.8000,3837.8000,3838.0000,3840.0000,3843.4000,1,5,3,1,2,2,2,8,25,1
SF,IF2006,2020-05-06 09:30:28.100,3836.6000,46356,0,941106660.000,19,9,10,多换,S,3837.0000,3836.0000,3835.4000,3835.0000,3834.8000,3838.0000,3838.4000,3840.0000,3843.4000,3844.8000,7,1,3,3,2,6,1,25,1,1
SF,IF2006,2020-05-06 09:30:28.600,3837.0000,46350,-6,957220800.000,14,4,10,多平,S,3837.0000,3835.8000,3835.0000,3834.8000,3834.4000,3837.6000,3837.8000,3838.0000,3838.4000,3840.0000,3,2,3,2,5,1,8,7,1,25
SF,IF2006,2020-05-06 09:30:29.100,3837.0000,46350,0,960674100.000,3,1,2,多换,S,3835.8000,3835.0000,3834.8000,3834.4000,3834.2000,3837.6000,3837.8000,3838.0000,3838.4000,3840.0000,2,3,2,5,1,2,3,6,1,25
SF,IF2006,2020-05-06 09:30:29.600,3837.6000,46339,-11,977941440.000,15,2,13,多平,S,3837.6000,3836.0000,3835.8000,3835.0000,3834.8000,3838.0000,3838.4000,3840.0000,3843.4000,3844.8000,2,4,2,3,2,6,1,25,1,1
SF,IF2006,2020-05-06 09:30:30.100,3837.8000,46334,-5,984849240.000,6,0,6,多平,S,3836.8000,3836.0000,3835.8000,3835.0000,3834.8000,3837.0000,3837.4000,3837.6000,3838.0000,3838.4000,1,2,2,3,2,1,1,1,6,1
SF,IF2006,2020-05-06 09:30:30.600,3837.0000,46331,-3,995210220.000,9,3,6,多平,S,3836.8000,3836.2000,3836.0000,3835.8000,3835.0000,3838.0000,3838.4000,3840.0000,3843.4000,3844.8000,1,1,2,2,3,5,1,25,1,1
SF,IF2006,2020-05-06 09:30:31.100,3837.0000,46331,0,995210220.000,0,-,-,-,-,3837.0000,3836.8000,3836.2000,3836.0000,3835.8000,3838.0000,3838.4000,3840.0000,3843.4000,3844.8000,1,1,1,2,3,5,1,25,1,1
SF,IF2006,2020-05-06 09:30:31.600,3838.0000,46332,1,997512720.000,2,1,1,空开,S,3837.6000,3837.0000,3836.8000,3836.2000,3836.0000,3838.0000,3838.4000,3840.0000,3843.4000,3844.8000,1,1,1,1,2,4,1,25,1,1
SF,IF2006,2020-05-06 09:30:32.100,3837.6000,46329,-3,1003269600.000,5,1,4,多平,S,3837.6000,3837.0000,3836.8000,3836.2000,3836.0000,3838.4000,3840.0000,3843.4000,3844.8000,3845.0000,2,1,1,1,2,1,25,1,1,7
SF,IF2006,2020-05-06 09:30:32.600,3837.6000,46329,0,1006723440.000,3,1,2,多换,S,3837.0000,3836.8000,3836.2000,3836.0000,3835.8000,3837.6000,3838.0000,3838.2000,3838.4000,3840.0000,1,1,1,2,2,1,4,2,1,25
SF,IF2006,2020-05-06 09:30:33.100,3837.4000,46329,0,1009025760.000,2,1,1,多换,S,3836.8000,3836.2000,3836.0000,3835.8000,3835.0000,3838.0000,3838.2000,3838.4000,3840.0000,3843.4000,1,1,2,2,6,4,1,1,25,1
SF,IF2006,2020-05-06 09:30:33.600,3838.0000,46330,1,1014782580.000,5,3,2,空开,S,3836.8000,3836.2000,3836.0000,3835.8000,3835.0000,3838.0000,3838.2000,3838.4000,3840.0000,3843.4000,1,1,2,2,6,1,2,1,25,1
SF,IF2006,2020-05-06 09:30:34.100,3837.6000,46330,0,1018236360.000,3,1,2,多换,S,3837.6000,3837.0000,3836.8000,3836.2000,3835.8000,3838.2000,3838.4000,3840.0000,3843.4000,3844.8000,1,4,1,1,2,2,1,33,1,1
SF,IF2006,2020-05-06 09:30:34.600,3837.6000,46329,-1,1019387640.000,1,0,1,双平,S,3838.0000,3837.6000,3837.0000,3836.8000,3836.2000,3838.2000,3838.4000,3840.0000,3843.4000,3844.8000,6,2,4,1,1,2,1,33,1,1
SF,IF2006,2020-05-06 09:30:35.100,3837.6000,46330,1,1029750060.000,9,5,4,空开,S,3837.0000,3836.8000,3836.2000,3835.8000,3835.0000,3838.2000,3838.4000,3840.0000,3843.4000,3844.8000,5,1,1,2,6,1,1,33,1,1
SF,IF2006,2020-05-06 09:30:35.600,3838.0000,46326,-4,1035507000.000,5,0,5,多平,S,3837.6000,3837.2000,3837.0000,3836.8000,3836.2000,3838.2000,3838.4000,3840.0000,3843.4000,3844.8000,1,1,3,1,1,1,1,33,1,1
SF,IF2006,2020-05-06 09:30:36.100,3837.6000,46324,-2,1042415520.000,6,2,4,多平,S,3837.2000,3837.0000,3836.8000,3836.2000,3835.8000,3838.4000,3840.0000,3843.4000,3844.8000,3845.0000,1,3,1,1,2,1,33,1,1,7
SF,IF2006,2020-05-06 09:30:36.600,3837.6000,46324,0,1042415520.000,0,-,-,-,-,3837.4000,3837.2000,3837.0000,3836.8000,3836.2000,3838.4000,3840.0000,3843.4000,3844.8000,3845.0000,1,1,3,1,1,1,33,1,1,7
SF,IF2006,2020-05-06 09:30:37.100,3838.4000,46324,0,1043567040.000,1,0,1,多换,S,3838.2000,3837.2000,3837.0000,3836.8000,3836.4000,3839.0000,3840.0000,3843.4000,3844.8000,3845.0000,1,1,3,1,2,1,33,1,1,7
SF,IF2006,2020-05-06 09:30:37.600,3838.2000,46323,-1,1044718500.000,1,0,1,双平,S,3838.4000,3837.0000,3836.8000,3836.4000,3836.2000,3839.0000,3840.0000,3843.4000,3844.8000,3845.0000,3,3,1,2,1,2,33,1,1,7
SF,IF2006,2020-05-06 09:30:38.100,3838.8000,46321,-2,1053930840.000,8,3,5,多平,S,3837.0000,3836.8000,3836.4000,3836.2000,3836.0000,3838.0000,3838.8000,3839.0000,3840.0000,3843.4000,3,1,2,1,1,1,3,2,33,1
SF,IF2006,2020-05-06 09:30:38.600,3838.0000,46320,-1,1057385280.000,3,1,2,多平,S,3838.4000,3837.4000,3837.2000,3837.0000,3836.8000,3838.8000,3839.0000,3840.0000,3843.4000,3844.8000,2,1,1,3,1,3,2,33,1,1
SF,IF2006,2020-05-06 09:30:39.100,3838.2000,46320,0,1061991240.000,4,2,2,多换,S,3838.0000,3837.8000,3837.4000,3837.0000,3836.8000,3838.4000,3838.8000,3839.0000,3840.0000,3843.4000,1,1,1,3,1,3,3,2,33,1
SF,IF2006,2020-05-06 09:30:39.600,3838.2000,46318,-2,1065445500.000,3,0,3,多平,S,3838.0000,3837.8000,3837.4000,3837.0000,3836.8000,3838.2000,3838.4000,3838.8000,3839.0000,3840.0000,2,1,1,3,1,1,1,3,2,33
SF,IF2006,2020-05-06 09:30:40.100,3838.0000,46315,-3,1071202260.000,5,1,4,多平,S,3837.8000,3837.0000,3836.8000,3836.4000,3836.2000,3838.2000,3838.4000,3838.8000,3839.0000,3840.0000,1,3,1,2,1,1,1,3,2,33
SF,IF2006,2020-05-06 09:30:40.600,3838.0000,46314,-1,1075807800.000,4,1,3,多平,S,3837.0000,3836.8000,3836.4000,3836.2000,3836.0000,3838.0000,3838.2000,3838.4000,3838.8000,3839.0000,3,1,2,1,1,3,1,1,1,2
SF,IF2006,2020-05-06 09:30:41.100,3837.2000,46312,-2,1082715780.000,6,2,4,多平,S,3837.0000,3836.8000,3836.4000,3836.2000,3836.0000,3838.0000,3838.4000,3838.8000,3839.0000,3840.0000,5,1,2,1,1,1,1,1,2,33
SF,IF2006,2020-05-06 09:30:41.600,3837.0000,46311,-1,1088471280.000,5,2,3,多平,S,3836.8000,3836.4000,3836.2000,3836.0000,3835.8000,3837.6000,3837.8000,3838.0000,3838.4000,3838.8000,1,2,1,1,2,1,1,2,1,1
SF,IF2006,2020-05-06 09:30:42.100,3837.6000,46306,-5,1094227440.000,5,0,5,双平,S,3836.8000,3836.4000,3836.2000,3836.0000,3835.8000,3838.0000,3838.4000,3838.8000,3839.0000,3840.0000,1,2,1,1,2,2,1,1,2,33
SF,IF2006,2020-05-06 09:30:42.600,3837.6000,46306,0,1094227440.000,0,-,-,-,-,3836.8000,3836.4000,3836.2000,3836.0000,3835.8000,3837.8000,3838.0000,3838.4000,3838.8000,3839.0000,1,2,1,1,2,1,2,1,1,2
SF,IF2006,2020-05-06 09:30:43.100,3838.0000,46303,-3,1099984140.000,5,1,4,多平,S,3837.6000,3836.8000,3836.4000,3836.2000,3836.0000,3838.8000,3839.0000,3839.6000,3840.0000,3843.4000,1,1,2,1,1,1,1,1,33,1
SF,IF2006,2020-05-06 09:30:43.600,3837.6000,46303,0,1101135420.000,1,0,1,多换,S,3838.0000,3836.8000,3836.4000,3836.2000,3836.0000,3838.8000,3839.0000,3839.6000,3840.0000,3843.4000,1,1,2,1,1,1,1,1,33,1
SF,IF2006,2020-05-06 09:30:44.100,3838.0000,46302,-1,1105741020.000,4,1,3,多平,S,3836.8000,3836.4000,3836.2000,3836.0000,3835.8000,3838.8000,3839.0000,3839.6000,3840.0000,3843.4000,1,2,1,2,2,2,2,1,33,1
SF,IF2006,2020-05-06 09:30:44.600,3836.8000,46302,0,1109194260.000,3,1,2,多换,S,3836.4000,3836.2000,3836.0000,3835.8000,3835.0000,3837.0000,3838.2000,3838.6000,3838.8000,3839.0000,2,1,2,2,4,1,1,3,1,1
SF,IF2006,2020-05-06 09:30:45.100,3836.6000,46291,-11,1121855640.000,11,0,11,双平,S,3836.6000,3836.4000,3836.2000,3836.0000,3835.8000,3838.2000,3838.6000,3838.8000,3839.0000,3839.6000,2,2,1,2,2,1,1,1,1,1
SF,IF2006,2020-05-06 09:30:45.600,3836.6000,46283,-8,1133365440.000,10,1,9,多平,S,3836.4000,3836.2000,3836.0000,3835.8000,3835.0000,3838.0000,3838.2000,3838.6000,3838.8000,3839.0000,2,1,3,2,4,3,1,1,1,1
SF,IF2006,2020-05-06 09:30:46.100,3836.6000,46277,-6,1157535540.000,21,7,14,多平,S,3835.8000,3835.0000,3834.8000,3834.6000,3834.4000,3836.4000,3837.8000,3838.0000,3838.2000,3838.4000,1,5,2,1,6,1,1,2,1,1
SF,IF2006,2020-05-06 09:30:46.600,3836.4000,46276,-1,1165592580.000,7,3,4,多平,S,3836.0000,3835.8000,3835.0000,3834.8000,3834.6000,3836.4000,3836.8000,3838.0000,3838.2000,3838.4000,1,1,5,2,1,1,20,1,1,1
SF,IF2006,2020-05-06 09:30:47.100,3836.0000,46274,-2,1171347180.000,5,1,4,多平,S,3835.8000,3835.0000,3834.8000,3834.6000,3834.4000,3836.0000,3836.8000,3838.0000,3838.2000,3838.4000,1,5,2,1,6,5,18,1,1,1
SF,IF2006,2020-05-06 09:30:47.600,3836.0000,46269,-5,1178251920.000,6,0,6,多平,S,3836.4000,3836.0000,3835.0000,3834.8000,3834.6000,3836.8000,3838.0000,3838.2000,3838.4000,3838.8000,1,1,6,2,1,18,1,2,1,1
SF,IF2006,2020-05-06 09:30:48.100,3836.4000,46266,-3,1186307760.000,7,2,5,多平,S,3835.0000,3834.8000,3834.6000,3834.4000,3834.2000,3836.4000,3836.8000,3838.0000,3838.2000,3838.4000,7,2,1,6,2,2,18,1,2,1
SF,IF2006,2020-05-06 09:30:48.600,3836.8000,46267,1,1193213640.000,6,3,3,空开,S,3836.2000,3836.0000,3835.4000,3835.2000,3835.0000,3836.8000,3838.0000,3838.2000,3838.4000,3839.0000,1,8,4,5,8,15,1,2,1,3
SF,IF2006,2020-05-06 09:30:49.100,3836.2000,46266,-1,1197817320.000,4,1,3,多平,S,3836.0000,3835.2000,3835.0000,3834.8000,3834.6000,3836.4000,3836.8000,3838.0000,3838.2000,3838.4000,8,8,7,3,1,4,15,1,2,1
SF,IF2006,2020-05-06 09:30:49.600,3836.4000,46264,-2,1200119160.000,2,0,2,双平,S,3836.0000,3835.2000,3835.0000,3834.8000,3834.6000,3836.4000,3836.8000,3838.0000,3838.2000,3838.4000,7,8,7,3,1,2,15,1,2,1
SF,IF2006,2020-05-06 09:30:50.100,3836.4000,46262,-2,1202421000.000,2,0,2,双平,S,3836.4000,3836.0000,3835.2000,3835.0000,3834.8000,3836.8000,3838.0000,3838.2000,3838.4000,3839.0000,1,7,9,8,3,15,1,2,1,3
SF,IF2006,2020-05-06 09:30:50.600,3836.8000,46261,-1,1204722960.000,2,0,2,多平,S,3836.4000,3836.0000,3835.2000,3835.0000,3834.8000,3836.8000,3838.0000,3838.2000,3838.4000,3839.0000,2,8,8,8,3,14,1,2,1,3
SF,IF2006,2020-05-06 09:30:51.100,3836.4000,46259,-2,1224290280.000,17,7,10,多平,S,3836.8000,3836.0000,3835.2000,3835.0000,3834.8000,3838.0000,3838.2000,3838.4000,3839.0000,3839.2000,2,8,8,8,2,2,2,1,3,1
SF,IF2006,2020-05-06 09:30:51.600,3838.0000,46260,1,1227744360.000,3,2,1,空开,S,3836.8000,3836.0000,3835.2000,3835.0000,3834.8000,3837.8000,3838.0000,3838.2000,3838.4000,3839.0000,2,10,8,8,2,2,1,2,1,3
SF,IF2006,2020-05-06 09:30:52.100,3836.8000,46260,0,1228895400.000,1,0,1,多换,S,3836.8000,3836.4000,3836.0000,3835.2000,3835.0000,3837.6000,3837.8000,3838.0000,3838.2000,3838.4000,2,1,10,8,8,1,3,1,2,1
SF,IF2006,2020-05-06 09:30:52.600,3836.8000,46260,0,1231197480.000,2,1,1,多换,S,3836.8000,3836.4000,3836.0000,3835.2000,3835.0000,3837.6000,3837.8000,3838.0000,3838.2000,3838.4000,2,1,10,8,8,2,3,1,2,1
SF,IF2006,2020-05-06 09:30:53.100,3837.8000,46257,-3,1238104860.000,6,1,5,多平,S,3836.4000,3836.0000,3835.2000,3835.0000,3834.8000,3838.0000,3838.2000,3838.4000,3839.0000,3839.2000,1,10,8,9,2,1,2,1,3,1
SF,IF2006,2020-05-06 09:30:53.600,3837.0000,46257,0,1239255960.000,1,0,1,多换,S,3836.6000,3836.4000,3836.0000,3835.2000,3835.0000,3836.8000,3837.2000,3837.8000,3838.0000,3838.2000,3,1,5,8,10,1,1,2,1,2
SF,IF2006,2020-05-06 09:30:54.100,3836.8000,46256,-1,1241558040.000,2,0,2,多平,S,3836.4000,3836.0000,3835.2000,3835.0000,3834.8000,3836.6000,3837.2000,3837.8000,3838.0000,3838.2000,1,5,8,10,2,10,1,1,1,2
SF,IF2006,2020-05-06 09:30:54.600,3836.4000,46254,-2,1243859880.000,2,0,2,双平,S,3836.0000,3835.2000,3835.0000,3834.8000,3834.6000,3836.4000,3836.6000,3837.2000,3837.8000,3838.0000,5,8,10,2,1,4,10,1,1,1
SF,IF2006,2020-05-06 09:30:55.100,3836.4000,46252,-2,1247312640.000,3,0,3,多平,S,3836.0000,3835.2000,3835.0000,3834.8000,3834.6000,3836.4000,3836.6000,3837.2000,3837.8000,3838.0000,5,8,11,2,1,6,10,1,1,1
SF,IF2006,2020-05-06 09:30:55.600,3836.0000,46245,-7,1255368480.000,7,0,7,双平,S,3835.2000,3835.0000,3834.8000,3834.6000,3834.4000,3836.4000,3836.6000,3837.2000,3837.8000,3838.0000,7,11,2,1,6,4,10,1,1,2
SF,IF2006,2020-05-06 09:30:56.100,3835.4000,46238,-7,1263423960.000,7,0,7,双平,S,3835.4000,3835.2000,3835.0000,3834.8000,3834.6000,3836.4000,3836.6000,3837.2000,3837.8000,3838.0000,2,7,11,2,1,4,10,1,1,2
SF,IF2006,2020-05-06 09:30:56.600,3835.4000,46232,-6,1271478120.000,7,0,7,多平,S,3835.2000,3835.0000,3834.8000,3834.6000,3834.4000,3835.4000,3836.4000,3836.6000,3837.2000,3838.0000,4,11,2,1,6,3,4,10,1,2
SF,IF2006,2020-05-06 09:30:57.100,3835.2000,46225,-7,1280682840.000,8,0,8,多平,S,3835.8000,3835.0000,3834.8000,3834.6000,3834.4000,3836.4000,3836.6000,3837.2000,3838.0000,3838.2000,1,11,2,1,6,4,10,1,2,2
SF,IF2006,2020-05-06 09:30:57.600,3836.4000,46224,-1,1284135420.000,3,1,2,多平,S,3835.0000,3834.8000,3834.6000,3834.4000,3834.2000,3835.2000,3835.8000,3836.4000,3836.6000,3837.2000,11,2,1,6,1,5,5,3,10,1
SF,IF2006,2020-05-06 09:30:58.100,3835.8000,46219,-5,1291039380.000,6,0,6,多平,S,3835.2000,3835.0000,3834.8000,3834.6000,3834.4000,3835.8000,3836.4000,3836.6000,3837.2000,3838.0000,2,10,2,1,6,4,3,10,1,3
SF,IF2006,2020-05-06 09:30:58.600,3835.0000,46218,-1,1296792360.000,5,2,3,多平,S,3835.4000,3835.0000,3834.8000,3834.6000,3834.4000,3835.8000,3836.4000,3836.6000,3837.2000,3838.0000,1,8,2,1,6,3,3,10,1,3
SF,IF2006,2020-05-06 09:30:59.100,3835.8000,46217,-1,1297943100.000,1,0,1,双平,S,3835.4000,3835.0000,3834.8000,3834.6000,3834.4000,3835.8000,3836.4000,3836.6000,3837.2000,3838.0000,1,8,2,1,6,2,3,10,1,4
SF,IF2006,2020-05-06 09:30:59.600,3835.4000,46217,0,1307148900.000,8,4,4,多换,S,3835.4000,3835.0000,3834.8000,3834.6000,3834.4000,3836.4000,3836.6000,3837.2000,3838.0000,3838.2000,2,8,2,1,6,1,10,1,4,2
SF,IF2006,2020-05-06 09:31:00.100,3835.4000,46217,0,1308299520.000,1,0,1,多换,S,3835.4000,3835.2000,3835.0000,3834.8000,3834.6000,3836.4000,3836.6000,3837.2000,3838.0000,3838.2000,2,1,8,2,1,1,10,1,4,2
SF,IF2006,2020-05-06 09:31:00.600,3835.4000,46217,0,1308299520.000,0,-,-,-,-,3835.4000,3835.2000,3835.0000,3834.8000,3834.6000,3836.2000,3836.4000,3836.6000,3837.2000,3838.0000,2,1,8,2,1,1,1,10,1,4
SF,IF2006,2020-05-06 09:31:01.100,3835.4000,46220,3,1318655100.000,9,6,3,空开,S,3836.0000,3835.6000,3835.4000,3835.2000,3835.0000,3836.4000,3836.6000,3837.2000,3838.0000,3838.2000,1,2,2,1,8,1,10,1,4,2
SF,IF2006,2020-05-06 09:31:01.600,3836.6000,46216,-4,1323258780.000,4,0,4,双平,S,3836.4000,3835.8000,3835.6000,3835.4000,3835.2000,3836.6000,3837.2000,3838.0000,3838.2000,3838.4000,1,1,2,2,1,8,1,4,2,1
SF,IF2006,2020-05-06 09:31:02.100,3836.6000,46208,-8,1333617540.000,9,0,9,多平,S,3836.4000,3835.8000,3835.4000,3835.2000,3835.0000,3837.2000,3838.0000,3838.2000,3838.4000,3839.0000,4,1,1,1,10,1,4,2,1,1
SF,IF2006,2020-05-06 09:31:02.600,3837.2000,46208,0,1334768700.000,1,0,1,多换,S,3836.4000,3835.8000,3835.4000,3835.2000,3835.0000,3837.0000,3837.4000,3838.0000,3838.2000,3838.4000,4,1,1,1,10,2,1,4,2,1
SF,IF2006,2020-05-06 09:31:03.100,3836.8000,46207,-1,1360103580.000,22,10,12,多平,S,3836.4000,3835.8000,3835.4000,3835.2000,3835.0000,3836.8000,3839.6000,3840.0000,3843.4000,3845.0000,4,1,1,1,10,1,1,25,1,7
SF,IF2006,2020-05-06 09:31:03.600,3836.8000,46205,-2,1363556700.000,3,0,3,多平,S,3836.4000,3835.8000,3835.4000,3835.2000,3835.0000,3836.6000,3839.6000,3840.0000,3843.4000,3845.0000,4,1,1,1,10,1,1,25,1,7
SF,IF2006,2020-05-06 09:31:04.100,3836.6000,46202,-3,1367009640.000,3,0,3,双平,S,3836.6000,3836.4000,3835.8000,3835.4000,3835.2000,3840.0000,3843.4000,3845.0000,3849.0000,3850.0000,1,4,1,1,1,25,1,7,1,4
SF,IF2006,2020-05-06 09:31:04.600,3839.4000,46202,0,1370463660.000,3,1,2,多换,S,3836.8000,3836.6000,3836.4000,3835.8000,3835.6000,3839.4000,3839.6000,3839.8000,3840.0000,3840.2000,1,1,4,1,1,2,4,11,28,2
SF,IF2006,2020-05-06 09:31:05.100,3837.2000,46200,-2,1372765920.000,2,0,2,双平,S,3838.0000,3836.8000,3836.6000,3836.4000,3835.8000,3839.0000,3839.2000,3839.4000,3839.6000,3839.8000,1,1,2,4,1,2,12,2,3,1
SF,IF2006,2020-05-06 09:31:05.600,3838.8000,46198,-2,1377371760.000,4,1,3,多平,S,3836.8000,3836.6000,3836.4000,3835.8000,3835.6000,3838.6000,3838.8000,3839.0000,3839.2000,3839.6000,2,2,4,1,3,1,9,3,2,4
SF,IF2006,2020-05-06 09:31:06.100,3838.6000,46199,1,1378523340.000,1,1,0,双开,S,3836.8000,3836.6000,3836.4000,3835.8000,3835.6000,3838.0000,3838.2000,3838.4000,3838.6000,3838.8000,3,2,4,1,3,1,1,8,1,1
SF,IF2006,2020-05-06 09:31:06.600,3838.6000,46199,0,1378523340.000,0,-,-,-,-,3836.8000,3836.6000,3836.4000,3835.8000,3835.6000,3837.8000,3838.0000,3838.4000,3838.6000,3838.8000,3,2,4,1,3,4,1,6,1,1
SF,IF2006,2020-05-06 09:31:07.100,3837.6000,46198,-1,1381977060.000,3,1,2,多平,S,3837.0000,3836.8000,3836.6000,3836.4000,3835.8000,3837.8000,3838.0000,3838.4000,3838.8000,3839.0000,1,2,2,4,1,3,2,6,1,1
SF,IF2006,2020-05-06 09:31:07.600,3837.8000,46197,-1,1385431080.000,3,1,2,多平,S,3837.0000,3836.8000,3836.6000,3836.4000,3835.8000,3838.0000,3838.4000,3838.8000,3839.0000,3839.6000,2,1,2,4,1,1,6,1,1,2
SF,IF2006,2020-05-06 09:31:08.100,3838.0000,46197,0,1386582480.000,1,0,1,多换,S,3837.8000,3837.6000,3837.4000,3837.0000,3836.6000,3838.4000,3838.8000,3839.0000,3839.6000,3840.0000,6,1,1,2,2,5,1,1,2,26
SF,IF2006,2020-05-06 09:31:08.600,3837.8000,46188,-9,1400399220.000,12,1,11,多平,S,3838.0000,3837.8000,3837.6000,3837.4000,3837.0000,3838.2000,3838.4000,3838.8000,3839.0000,3839.6000,2,1,1,1,2,1,2,1,1,2
SF,IF2006,2020-05-06 09:31:09.100,3838.0000,46187,-1,1403853420.000,3,1,2,多平,S,3837.8000,3837.6000,3837.4000,3837.0000,3836.6000,3838.2000,3838.4000,3838.8000,3839.6000,3840.0000,2,1,2,3,2,1,2,1,1,26
SF,IF2006,2020-05-06 09:31:09.600,3838.2000,46184,-3,1407307860.000,3,0,3,双平,S,3838.4000,3838.2000,3838.0000,3837.8000,3837.6000,3838.8000,3839.6000,3840.0000,3843.4000,3845.0000,4,1,1,2,1,2,1,25,1,2
SF,IF2006,2020-05-06 09:31:10.100,3838.4000,46183,-1,1415368860.000,7,3,4,多平,S,3838.4000,3838.2000,3838.0000,3837.8000,3837.6000,3839.6000,3840.0000,3843.4000,3845.0000,3849.0000,1,1,1,2,1,1,25,1,2,1
SF,IF2006,2020-05-06 09:31:10.600,3838.4000,46182,-1,1417671900.000,2,0,2,多平,S,3838.2000,3838.0000,3837.8000,3837.6000,3837.4000,3839.4000,3839.6000,3840.0000,3843.4000,3845.0000,1,1,2,1,1,5,1,25,1,2
SF,IF2006,2020-05-06 09:31:11.100,3838.4000,46181,-1,1418823420.000,1,0,1,双平,S,3838.2000,3838.0000,3837.8000,3837.6000,3837.4000,3839.4000,3839.6000,3840.0000,3843.4000,3845.0000,1,1,2,1,1,5,1,25,1,2
SF,IF2006,2020-05-06 09:31:11.600,3839.6000,46181,0,1419975300.000,1,0,1,多换,S,3839.6000,3839.4000,3838.4000,3838.2000,3838.0000,3840.0000,3843.4000,3845.0000,3849.0000,3850.0000,1,1,3,1,1,25,1,2,1,10
SF,IF2006,2020-05-06 09:31:12.100,3840.0000,46179,-2,1426887180.000,6,2,4,多平,S,3839.6000,3839.4000,3838.4000,3838.2000,3838.0000,3840.0000,3843.4000,3845.0000,3849.0000,3850.0000,1,1,3,2,1,21,1,2,1,10
SF,IF2006,2020-05-06 09:31:12.600,3840.0000,46178,-1,1432647000.000,5,2,3,多平,S,3839.4000,3838.4000,3838.2000,3838.0000,3837.8000,3840.0000,3843.4000,3845.0000,3849.0000,3850.0000,2,3,3,1,2,18,1,2,1,10
SF,IF2006,2020-05-06 09:31:13.100,3839.4000,46177,-1,1436102820.000,3,1,2,多平,S,3838.4000,3838.2000,3838.0000,3837.8000,3837.6000,3839.6000,3839.8000,3840.0000,3843.4000,3845.0000,3,4,1,2,1,8,2,16,1,2
SF,IF2006,2020-05-06 09:31:13.600,3839.6000,46178,1,1439558460.000,3,2,1,空开,S,3839.4000,3838.4000,3838.2000,3838.0000,3837.8000,3839.6000,3839.8000,3840.0000,3843.4000,3845.0000,1,3,4,1,2,5,1,16,1,2
SF,IF2006,2020-05-06 09:31:14.100,3839.2000,46177,-1,1445317680.000,5,2,3,多平,S,3838.4000,3838.2000,3838.0000,3837.8000,3837.6000,3839.4000,3839.6000,3839.8000,3840.0000,3843.4000,3,4,1,2,1,2,2,1,16,1
SF,IF2006,2020-05-06 09:31:14.600,3840.0000,46178,1,1453380840.000,7,4,3,空开,S,3839.8000,3839.2000,3838.8000,3838.6000,3838.4000,3840.0000,3843.4000,3845.0000,3849.0000,3850.0000,1,1,3,9,2,14,1,2,1,10
SF,IF2006,2020-05-06 09:31:15.100,3840.0000,46181,3,1461444840.000,7,5,2,空开,S,3839.8000,3839.6000,3838.8000,3838.6000,3838.4000,3840.0000,3843.4000,3845.0000,3849.0000,3850.0000,1,1,3,5,2,8,1,2,1,10
SF,IF2006,2020-05-06 09:31:15.600,3840.0000,46173,-8,1471812420.000,9,0,9,多平,S,3838.6000,3838.4000,3838.2000,3838.0000,3837.8000,3840.0000,3843.4000,3845.0000,3849.0000,3850.0000,5,3,4,1,2,3,1,2,1,10
SF,IF2006,2020-05-06 09:31:16.100,3840.0000,46172,-1,1477572180.000,5,2,3,多平,S,3839.2000,3838.8000,3838.6000,3838.4000,3838.2000,3841.8000,3843.4000,3845.0000,3849.0000,3850.0000,1,4,5,2,4,2,1,2,1,10
SF,IF2006,2020-05-06 09:31:16.600,3840.0000,46172,0,1477572180.000,0,-,-,-,-,3840.0000,3839.4000,3839.2000,3839.0000,3838.8000,3840.2000,3841.8000,3843.4000,3845.0000,3849.0000,2,7,1,1,3,1,2,1,2,1
SF,IF2006,2020-05-06 09:31:17.100,3840.2000,46173,1,1479876300.000,2,1,1,空开,S,3840.0000,3839.8000,3839.4000,3839.2000,3839.0000,3841.8000,3843.4000,3845.0000,3849.0000,3850.0000,14,1,6,1,1,2,1,2,1,10
SF,IF2006,2020-05-06 09:31:17.600,3841.6000,46173,0,1481028780.000,1,0,1,多换,S,3840.2000,3840.0000,3839.8000,3839.4000,3839.2000,3841.6000,3841.8000,3843.4000,3845.0000,3849.0000,4,15,2,4,1,2,2,1,2,1
SF,IF2006,2020-05-06 09:31:18.100,3841.6000,46171,-2,1483333740.000,2,0,2,双平,S,3840.4000,3840.2000,3840.0000,3839.8000,3839.4000,3841.6000,3841.8000,3843.4000,3845.0000,3849.0000,2,5,16,1,3,1,2,1,2,1
SF,IF2006,2020-05-06 09:31:18.600,3840.4000,46169,-2,1486790880.000,3,0,3,多平,S,3840.2000,3840.0000,3839.8000,3839.4000,3839.2000,3841.4000,3841.8000,3843.4000,3845.0000,3849.0000,5,17,1,2,1,2,1,1,2,1
SF,IF2006,2020-05-06 09:31:19.100,3841.8000,46168,-1,1487943420.000,1,0,1,双平,S,3841.8000,3841.6000,3840.4000,3840.2000,3840.0000,3843.4000,3845.0000,3849.0000,3850.0000,3851.0000,2,1,1,2,16,1,2,1,10,1
SF,IF2006,2020-05-06 09:31:19.600,3841.6000,46167,-1,1493706000.000,5,2,3,多平,S,3841.6000,3840.4000,3840.2000,3840.0000,3839.8000,3843.0000,3843.2000,3843.4000,3845.0000,3849.0000,11,1,2,16,1,3,6,1,2,1
SF,IF2006,2020-05-06 09:31:20.100,3843.0000,46169,2,1513300380.000,17,9,8,空开,S,3841.6000,3840.4000,3840.2000,3840.0000,3839.8000,3842.8000,3843.0000,3843.2000,3843.4000,3845.0000,1,1,2,16,1,1,3,3,1,2
SF,IF2006,2020-05-06 09:31:20.600,3841.6000,46168,-1,1515605340.000,2,0,2,多平,S,3841.4000,3840.2000,3840.0000,3839.8000,3839.4000,3842.4000,3842.6000,3842.8000,3843.0000,3843.2000,3,2,16,1,1,3,3,1,2,3
SF,IF2006,2020-05-06 09:31:21.100,3842.2000,46164,-4,1527130860.000,10,3,7,多平,S,3841.6000,3840.4000,3840.2000,3840.0000,3839.8000,3842.0000,3842.2000,3842.4000,3842.8000,3843.0000,1,1,2,16,1,1,2,1,1,2
SF,IF2006,2020-05-06 09:31:21.600,3841.8000,46163,-1,1530588000.000,3,1,2,多平,S,3840.2000,3840.0000,3839.8000,3839.4000,3839.2000,3842.0000,3842.2000,3842.4000,3842.8000,3843.0000,2,17,1,1,1,1,2,1,1,2
SF,IF2006,2020-05-06 09:31:22.100,3841.8000,46163,0,1530588000.000,0,-,-,-,-,3840.4000,3840.2000,3840.0000,3839.8000,3839.4000,3842.0000,3842.2000,3842.4000,3842.8000,3843.0000,6,2,17,1,1,1,2,1,1,2
SF,IF2006,2020-05-06 09:31:22.600,3842.2000,46162,-1,1532893260.000,2,0,2,多平,S,3840.4000,3840.2000,3840.0000,3839.8000,3839.4000,3842.8000,3843.0000,3843.2000,3843.4000,3845.0000,5,2,17,1,1,1,2,3,1,3
SF,IF2006,2020-05-06 09:31:23.100,3842.2000,46162,0,1532893260.000,0,-,-,-,-,3842.4000,3842.0000,3840.6000,3840.4000,3840.2000,3843.0000,3843.2000,3843.4000,3845.0000,3847.8000,1,1,3,5,3,2,3,1,3,1
SF,IF2006,2020-05-06 09:31:23.600,3843.2000,46169,7,1542116280.000,8,7,1,空开,S,3842.0000,3841.0000,3840.6000,3840.4000,3840.2000,3843.2000,3843.4000,3845.0000,3847.8000,3848.8000,1,1,2,4,3,1,1,3,1,1
SF,IF2006,2020-05-06 09:31:24.100,3843.2000,46169,0,1542116280.000,0,-,-,-,-,3842.0000,3840.6000,3840.4000,3840.2000,3840.0000,3842.6000,3843.2000,3843.4000,3845.0000,3847.8000,1,2,4,3,17,3,2,2,3,1
SF,IF2006,2020-05-06 09:31:24.600,3842.0000,46169,0,1545574080.000,3,1,2,多换,S,3841.8000,3840.6000,3840.4000,3840.2000,3840.0000,3842.0000,3842.4000,3842.8000,3843.2000,3843.4000,1,2,4,3,17,2,1,2,1,2
SF,IF2006,2020-05-06 09:31:25.100,3842.0000,46166,-3,1554795180.000,8,2,6,多平,S,3842.0000,3840.6000,3840.4000,3840.2000,3840.0000,3842.4000,3842.8000,3843.2000,3843.4000,3845.0000,17,2,4,3,17,1,1,1,2,3
SF,IF2006,2020-05-06 09:31:25.600,3842.0000,46162,-4,1560558300.000,5,0,5,多平,S,3842.0000,3840.6000,3840.4000,3840.2000,3840.0000,3843.2000,3843.4000,3843.8000,3845.0000,3847.8000,13,2,4,3,17,1,2,1,3,1
SF,IF2006,2020-05-06 09:31:26.100,3842.0000,46163,1,1569779100.000,8,4,4,空开,S,3843.0000,3842.6000,3842.0000,3840.8000,3840.6000,3843.2000,3843.4000,3843.8000,3845.0000,3847.8000,3,1,6,1,1,1,2,1,3,1
SF,IF2006,2020-05-06 09:31:26.600,3842.0000,46158,-5,1577848500.000,7,1,6,多平,S,3842.0000,3840.8000,3840.6000,3840.4000,3840.2000,3842.6000,3843.0000,3843.2000,3843.4000,3843.8000,5,1,1,4,3,2,3,1,2,1
SF,IF2006,2020-05-06 09:31:27.100,3843.0000,46156,-2,1581306780.000,3,0,3,多平,S,3842.0000,3840.8000,3840.6000,3840.4000,3840.2000,3843.2000,3843.4000,3843.8000,3845.0000,3847.8000,4,1,1,4,3,1,2,1,3,1
SF,IF2006,2020-05-06 09:31:27.600,3842.0000,46158,2,1585917180.000,4,3,1,空开,S,3842.4000,3841.8000,3840.8000,3840.6000,3840.4000,3842.8000,3843.0000,3843.2000,3843.4000,3843.8000,1,1,1,1,4,2,45,2,2,1
SF,IF2006,2020-05-06 09:31:28.100,3843.0000,46157,-1,1591681140.000,5,2,3,多平,S,3842.2000,3840.8000,3840.6000,3840.4000,3840.2000,3843.0000,3843.2000,3843.4000,3843.8000,3845.0000,1,1,1,4,2,43,1,2,1,3
SF,IF2006,2020-05-06 09:31:28.600,3843.0000,46157,0,1591681140.000,0,-,-,-,-,3842.2000,3840.8000,3840.6000,3840.4000,3840.2000,3842.6000,3843.0000,3843.2000,3843.4000,3843.8000,1,1,1,4,2,2,44,1,2,1
SF,IF2006,2020-05-06 09:31:29.100,3843.0000,46157,0,1591681140.000,0,-,-,-,-,3842.6000,3842.2000,3842.0000,3840.8000,3840.6000,3843.0000,3843.2000,3843.4000,3843.8000,3845.0000,4,2,1,1,1,44,1,2,1,3
SF,IF2006,2020-05-06 09:31:29.600,3843.0000,46159,2,1593986940.000,2,2,0,双开,S,3842.6000,3842.2000,3842.0000,3840.8000,3840.6000,3843.0000,3843.4000,3843.8000,3844.0000,3845.0000,4,2,1,1,1,42,2,1,1,3
SF,IF2006,2020-05-06 09:31:30.100,3843.0000,46159,0,1600904340.000,6,3,3,多换,S,3842.6000,3842.4000,3842.2000,3842.0000,3840.8000,3843.0000,3843.4000,3843.8000,3844.0000,3845.0000,5,1,2,1,1,36,1,1,1,3
SF,IF2006,2020-05-06 09:31:30.600,3842.6000,46155,-4,1606668420.000,5,0,5,多平,S,3842.6000,3842.4000,3842.2000,3842.0000,3840.8000,3843.0000,3843.2000,3843.4000,3843.8000,3844.0000,4,1,2,1,1,36,1,1,1,1
SF,IF2006,2020-05-06 09:31:31.100,3842.6000,46156,1,1613585340.000,6,3,3,空开,S,3842.6000,3842.4000,3842.2000,3842.0000,3840.8000,3843.0000,3843.4000,3843.8000,3844.0000,3845.0000,2,1,2,1,1,34,1,1,1,3
SF,IF2006,2020-05-06 09:31:31.600,3842.4000,46151,-5,1623960600.000,9,2,7,多平,S,3842.2000,3842.0000,3840.8000,3840.6000,3840.4000,3842.8000,3843.0000,3843.2000,3843.4000,3843.8000,2,2,1,1,5,1,31,1,1,1
SF,IF2006,2020-05-06 09:31:32.100,3842.4000,46151,0,1623960600.000,0,-,-,-,-,3842.2000,3842.0000,3840.8000,3840.6000,3840.4000,3842.6000,3842.8000,3843.0000,3843.4000,3843.8000,2,2,1,1,5,2,1,31,1,1
SF,IF2006,2020-05-06 09:31:32.600,3842.8000,46149,-2,1627419000.000,3,0,3,多平,S,3842.2000,3842.0000,3840.8000,3840.6000,3840.4000,3843.0000,3843.4000,3843.8000,3844.0000,3845.0000,2,4,1,1,5,31,1,1,1,3
SF,IF2006,2020-05-06 09:31:33.100,3842.2000,46149,0,1629724440.000,2,1,1,多换,S,3842.2000,3842.0000,3840.8000,3840.6000,3840.4000,3843.0000,3843.4000,3843.8000,3844.0000,3845.0000,1,5,1,1,5,31,1,1,1,3
SF,IF2006,2020-05-06 09:31:33.600,3843.0000,46149,0,1644712140.000,13,6,7,多换,S,3842.8000,3842.6000,3842.4000,3842.2000,3842.0000,3843.0000,3843.4000,3843.8000,3844.0000,3845.0000,1,1,2,1,6,18,1,1,1,3
SF,IF2006,2020-05-06 09:31:34.100,3843.0000,46156,7,1656241080.000,10,8,2,空开,S,3842.8000,3842.6000,3842.4000,3842.2000,3842.0000,3843.0000,3843.4000,3843.8000,3844.0000,3845.0000,1,1,2,1,6,9,1,1,1,3
SF,IF2006,2020-05-06 09:31:34.600,3843.0000,46159,3,1662005520.000,5,4,1,空开,S,3842.6000,3842.4000,3842.2000,3842.0000,3841.8000,3843.0000,3843.4000,3843.8000,3844.0000,3845.0000,1,2,1,6,2,5,1,1,1,3
SF,IF2006,2020-05-06 09:31:35.100,3843.0000,46160,1,1666617120.000,4,2,2,空开,S,3842.6000,3842.4000,3842.2000,3842.0000,3841.8000,3842.8000,3843.0000,3843.4000,3843.8000,3844.0000,1,2,1,6,2,1,1,1,1,1
SF,IF2006,2020-05-06 09:31:35.600,3843.0000,46160,0,1668922920.000,2,1,1,多换,S,3843.0000,3842.6000,3842.4000,3842.2000,3842.0000,3843.4000,3843.8000,3844.0000,3845.0000,3847.8000,8,1,3,1,6,1,1,1,3,1
SF,IF2006,2020-05-06 09:31:36.100,3843.0000,46162,2,1671228720.000,2,2,0,双开,S,3843.0000,3842.8000,3842.6000,3842.4000,3842.2000,3843.4000,3843.8000,3844.0000,3845.0000,3847.8000,6,1,1,3,2,1,1,1,3,1
SF,IF2006,2020-05-06 09:31:36.600,3843.4000,46163,1,1676993520.000,5,3,2,空开,S,3843.0000,3842.8000,3842.6000,3842.4000,3842.2000,3843.8000,3844.0000,3845.0000,3847.8000,3849.0000,5,1,1,3,2,1,1,3,1,1
SF,IF2006,2020-05-06 09:31:37.100,3843.2000,46163,0,1678146480.000,1,0,1,多换,S,3843.0000,3842.8000,3842.6000,3842.4000,3842.2000,3843.8000,3844.0000,3845.0000,3847.8000,3849.0000,5,1,1,3,2,1,1,3,1,1
SF,IF2006,2020-05-06 09:31:37.600,3843.2000,46161,-2,1680452580.000,2,0,2,双平,S,3843.0000,3842.8000,3842.6000,3842.4000,3842.2000,3844.0000,3845.0000,3847.8000,3849.0000,3850.0000,6,2,1,3,2,1,3,1,1,11
SF,IF2006,2020-05-06 09:31:38.100,3843.0000,46164,3,1689675780.000,8,5,3,空开,S,3842.8000,3842.6000,3842.4000,3842.2000,3842.0000,3843.0000,3843.6000,3844.0000,3845.0000,3847.8000,3,1,3,2,6,6,2,1,3,1
SF,IF2006,2020-05-06 09:31:38.600,3842.8000,46162,-2,1693134300.000,3,0,3,多平,S,3842.6000,3842.4000,3842.2000,3842.0000,3841.8000,3843.0000,3844.0000,3845.0000,3847.8000,3849.0000,1,3,2,6,2,6,1,3,1,1
SF,IF2006,2020-05-06 09:31:39.100,3842.6000,46161,-1,1694287080.000,1,0,1,双平,S,3842.4000,3842.2000,3842.0000,3841.8000,3840.6000,3842.8000,3843.0000,3843.6000,3844.0000,3845.0000,3,2,6,2,1,1,6,1,1,3
SF,IF2006,2020-05-06 09:31:39.600,3842.8000,46158,-3,1698898080.000,4,0,4,多平,S,3842.2000,3842.0000,3841.8000,3840.6000,3840.4000,3843.0000,3843.6000,3844.0000,3845.0000,3847.8000,2,6,2,1,6,6,1,1,3,1
SF,IF2006,2020-05-06 09:31:40.100,3842.2000,46158,0,1701203400.000,2,1,1,多换,S,3842.0000,3841.8000,3840.8000,3840.6000,3840.4000,3842.6000,3842.8000,3843.0000,3843.6000,3844.0000,6,2,1,1,6,1,1,6,1,1
SF,IF2006,2020-05-06 09:31:40.600,3842.4000,46157,-1,1709271720.000,7,3,4,多平,S,3841.8000,3840.8000,3840.6000,3840.4000,3840.2000,3842.6000,3843.0000,3843.6000,3844.0000,3845.0000,2,1,1,6,1,2,6,1,1,3
SF,IF2006,2020-05-06 09:31:41.100,3842.4000,46157,0,1716187680.000,6,3,3,多换,S,3840.8000,3840.6000,3840.4000,3840.2000,3840.0000,3842.6000,3842.8000,3843.0000,3843.6000,3844.0000,1,1,6,1,7,2,1,6,1,1
SF,IF2006,2020-05-06 09:31:41.600,3842.6000,46157,0,1718493240.000,2,1,1,多换,S,3842.6000,3841.4000,3841.0000,3840.8000,3840.6000,3843.0000,3843.6000,3844.0000,3845.0000,3845.8000,3,1,1,1,1,6,1,1,3,1
SF,IF2006,2020-05-06 09:31:42.100,3843.0000,46158,1,1724257260.000,5,3,2,空开,S,3841.4000,3840.8000,3840.6000,3840.4000,3840.2000,3843.0000,3843.6000,3844.0000,3845.0000,3845.8000,1,1,1,6,2,5,2,1,3,1
SF,IF2006,2020-05-06 09:31:42.600,3841.6000,46158,0,1725409740.000,1,0,1,多换,S,3841.4000,3840.8000,3840.6000,3840.4000,3840.2000,3842.8000,3843.0000,3843.6000,3844.0000,3845.0000,1,1,1,6,2,1,5,2,1,3
SF,IF2006,2020-05-06 09:31:43.100,3842.8000,46159,1,1726562580.000,1,1,0,双开,S,3842.8000,3842.6000,3841.6000,3841.4000,3840.8000,3843.0000,3843.6000,3844.0000,3845.0000,3845.8000,2,1,1,1,1,5,2,1,3,1
SF,IF2006,2020-05-06 09:31:43.600,3843.0000,46160,1,1732327080.000,5,3,2,空开,S,3843.0000,3842.8000,3842.6000,3841.4000,3840.8000,3843.6000,3844.0000,3845.0000,3845.8000,3847.8000,1,2,1,1,1,2,1,3,1,1
SF,IF2006,2020-05-06 09:31:44.100,3843.6000,46159,-1,1734633240.000,2,0,2,多平,S,3843.0000,3842.8000,3842.6000,3841.4000,3840.8000,3844.0000,3845.0000,3845.8000,3847.8000,3849.0000,1,2,1,1,1,1,3,1,1,1
SF,IF2006,2020-05-06 09:31:44.600,3843.6000,46159,0,1734633240.000,0,-,-,-,-,3843.0000,3842.8000,3842.6000,3841.4000,3840.8000,3843.6000,3844.0000,3845.0000,3845.8000,3847.8000,2,2,1,1,1,3,1,3,1,1
SF,IF2006,2020-05-06 09:31:45.100,3844.0000,46157,-2,1736939520.000,2,0,2,双平,S,3843.6000,3843.0000,3842.8000,3842.6000,3841.4000,3845.0000,3845.8000,3847.8000,3849.0000,3850.0000,2,2,2,1,1,3,1,1,1,11
SF,IF2006,2020-05-06 09:31:45.600,3843.6000,46157,0,1738092600.000,1,0,1,多换,S,3843.6000,3843.2000,3843.0000,3842.8000,3842.6000,3844.2000,3844.4000,3844.8000,3845.0000,3845.8000,1,1,2,2,1,1,1,3,3,1
SF,IF2006,2020-05-06 09:31:46.100,3844.0000,46155,-2,1742705400.000,4,1,3,多平,S,3843.8000,3843.6000,3843.2000,3843.0000,3842.8000,3844.8000,3845.0000,3845.8000,3846.6000,3847.8000,1,1,1,2,2,2,3,1,1,1
SF,IF2006,2020-05-06 09:31:46.600,3844.0000,46155,0,1742705400.000,0,-,-,-,-,3843.8000,3843.6000,3843.0000,3842.8000,3842.6000,3844.6000,3844.8000,3845.0000,3845.8000,3846.6000,2,1,2,2,1,1,2,3,1,1
SF,IF2006,2020-05-06 09:31:47.100,3845.0000,46153,-2,1747319160.000,4,1,3,多平,S,3843.8000,3843.6000,3843.0000,3842.8000,3842.6000,3845.0000,3845.8000,3846.6000,3847.8000,3849.0000,6,2,2,2,1,2,1,1,1,1
SF,IF2006,2020-05-06 09:31:47.600,3845.0000,46151,-2,1749626160.000,2,0,2,双平,S,3845.0000,3844.0000,3843.8000,3843.6000,3843.0000,3845.8000,3846.6000,3847.8000,3849.0000,3850.0000,1,5,4,2,1,1,1,1,1,12
SF,IF2006,2020-05-06 09:31:48.100,3845.0000,46151,0,1750779660.000,1,0,1,多换,S,3845.0000,3844.0000,3843.8000,3843.6000,3843.0000,3845.6000,3845.8000,3846.6000,3847.8000,3849.0000,1,4,4,2,1,1,1,1,1,1
SF,IF2006,2020-05-06 09:31:48.600,3845.8000,46151,0,1753087080.000,2,1,1,多换,S,3845.8000,3845.2000,3845.0000,3844.0000,3843.8000,3846.6000,3847.8000,3849.0000,3850.0000,3850.8000,1,1,1,4,4,1,1,1,7,1
SF,IF2006,2020-05-06 09:31:49.100,3845.8000,46151,0,1754240820.000,1,0,1,多换,S,3845.4000,3845.2000,3845.0000,3844.0000,3843.8000,3846.0000,3846.4000,3846.6000,3847.8000,3849.0000,2,1,1,4,4,1,2,1,1,1
SF,IF2006,2020-05-06 09:31:49.600,3846.4000,46150,-1,1757701980.000,3,1,2,多平,S,3846.0000,3845.6000,3845.2000,3845.0000,3844.0000,3846.4000,3846.6000,3847.8000,3849.0000,3850.0000,1,1,1,1,3,1,1,1,1,7
SF,IF2006,2020-05-06 09:31:50.100,3846.4000,46150,0,1758855900.000,1,0,1,多换,S,3846.4000,3846.0000,3845.6000,3845.2000,3845.0000,3846.6000,3847.8000,3849.0000,3850.0000,3851.0000,1,2,2,1,1,1,1,1,7,1
SF,IF2006,2020-05-06 09:31:50.600,3846.4000,46149,-1,1763472120.000,4,1,3,多平,S,3846.0000,3845.6000,3845.2000,3845.0000,3844.0000,3846.6000,3849.0000,3850.0000,3851.0000,3852.2000,2,2,1,1,2,2,1,7,1,1
SF,IF2006,2020-05-06 09:31:51.100,3846.2000,46149,0,1766933700.000,3,1,2,多换,S,3846.0000,3845.6000,3845.2000,3845.0000,3844.0000,3849.0000,3850.0000,3851.0000,3852.2000,3852.4000,4,2,1,1,2,1,7,1,1,1
SF,IF2006,2020-05-06 09:31:51.600,3846.8000,46146,-3,1771549260.000,4,0,4,多平,S,3846.0000,3845.6000,3845.2000,3845.0000,3844.0000,3846.8000,3847.4000,3847.8000,3848.0000,3848.2000,3,1,1,1,2,3,2,4,2,5
SF,IF2006,2020-05-06 09:31:52.100,3846.6000,46146,0,1775011200.000,3,1,2,多换,S,3846.2000,3846.0000,3845.6000,3845.2000,3844.0000,3846.8000,3847.8000,3848.0000,3848.2000,3848.8000,1,3,1,1,2,2,1,2,5,1
SF,IF2006,2020-05-06 09:31:52.600,3846.6000,46145,-1,1777319100.000,2,0,2,多平,S,3846.4000,3846.2000,3846.0000,3845.6000,3845.2000,3847.8000,3848.0000,3848.2000,3848.8000,3849.0000,2,4,4,1,1,1,2,2,1,2
SF,IF2006,2020-05-06 09:31:53.100,3846.6000,46143,-2,1779627060.000,2,0,2,双平,S,3846.8000,3846.4000,3846.2000,3846.0000,3845.6000,3847.2000,3847.6000,3847.8000,3848.0000,3848.2000,1,2,4,4,1,1,3,1,2,1
SF,IF2006,2020-05-06 09:31:53.600,3846.8000,46143,0,1783089120.000,3,1,2,多换,S,3846.8000,3846.4000,3846.2000,3846.0000,3845.6000,3847.6000,3847.8000,3848.0000,3848.2000,3848.8000,4,2,4,4,1,2,1,2,1,1
SF,IF2006,2020-05-06 09:31:54.100,3846.4000,46142,-1,1788859200.000,5,2,3,多平,S,3846.8000,3846.4000,3846.2000,3846.0000,3845.6000,3847.2000,3847.6000,3847.8000,3848.0000,3848.2000,2,1,3,4,1,3,2,1,2,1
SF,IF2006,2020-05-06 09:31:54.600,3847.8000,46144,2,1792321620.000,3,2,1,空开,S,3846.4000,3846.2000,3846.0000,3845.6000,3845.2000,3848.0000,3848.2000,3848.8000,3849.0000,3849.2000,1,3,4,1,1,2,1,1,2,1
SF,IF2006,2020-05-06 09:31:55.100,3846.6000,46144,0,1793475600.000,1,0,1,多换,S,3846.6000,3846.4000,3846.2000,3846.0000,3845.6000,3847.0000,3847.8000,3848.0000,3848.2000,3848.8000,1,1,3,4,1,1,2,2,1,1
SF,IF2006,2020-05-06 09:31:55.600,3847.0000,46144,0,1795783620.000,2,1,1,多换,S,3847.2000,3847.0000,3846.6000,3846.2000,3846.0000,3847.8000,3848.0000,3848.2000,3848.8000,3849.0000,2,6,1,3,4,1,2,1,1,3
SF,IF2006,2020-05-06 09:31:56.100,3847.2000,46144,0,1799246100.000,3,1,2,多换,S,3847.2000,3847.0000,3846.6000,3846.2000,3846.0000,3847.6000,3847.8000,3848.0000,3848.2000,3848.8000,1,6,1,3,4,2,1,2,1,1
SF,IF2006,2020-05-06 09:31:56.600,3847.2000,46142,-2,1801554420.000,2,0,2,双平,S,3847.0000,3846.6000,3846.2000,3846.0000,3845.2000,3847.2000,3847.4000,3847.6000,3847.8000,3848.0000,9,1,3,5,1,2,1,1,1,2
SF,IF2006,2020-05-06 09:31:57.100,3847.2000,46141,-1,1806171000.000,4,1,3,多平,S,3847.0000,3846.6000,3846.2000,3846.0000,3845.0000,3847.6000,3847.8000,3848.0000,3848.8000,3849.0000,8,1,3,5,5,1,1,2,1,3
SF,IF2006,2020-05-06 09:31:57.600,3847.0000,46143,2,1816558020.000,9,5,4,空开,S,3846.0000,3845.0000,3844.0000,3843.6000,3843.0000,3846.6000,3847.8000,3848.0000,3848.8000,3849.0000,6,5,1,2,1,1,1,2,1,3
SF,IF2006,2020-05-06 09:31:58.100,3847.8000,46143,0,1818866460.000,2,1,1,多换,S,3847.0000,3846.8000,3846.6000,3846.4000,3846.2000,3848.0000,3848.8000,3849.0000,3849.2000,3850.0000,2,1,4,1,1,3,1,3,1,7
SF,IF2006,2020-05-06 09:31:58.600,3848.0000,46143,0,1821175020.000,2,1,1,多换,S,3847.6000,3847.2000,3846.8000,3846.4000,3846.0000,3847.8000,3848.0000,3848.8000,3849.0000,3849.2000,1,1,1,1,9,1,2,1,3,1
SF,IF2006,2020-05-06 09:31:59.100,3850.0000,46144,1,1835029260.000,12,6,6,空开,S,3847.6000,3847.2000,3846.4000,3846.0000,3845.0000,3850.0000,3851.0000,3852.2000,3852.4000,3852.8000,1,1,1,9,5,6,2,1,1,1
SF,IF2006,2020-05-06 09:31:59.600,3850.0000,46144,0,1835029260.000,0,-,-,-,-,3847.6000,3847.2000,3846.6000,3846.4000,3846.0000,3848.6000,3849.6000,3849.8000,3850.0000,3851.0000,1,1,1,1,9,3,5,2,7,1
SF,IF2006,2020-05-06 09:32:00.100,3850.0000,46144,0,1835029260.000,0,-,-,-,-,3848.0000,3847.8000,3847.6000,3847.2000,3847.0000,3848.4000,3848.6000,3849.6000,3849.8000,3850.0000,13,1,2,1,1,1,2,5,1,6
SF,IF2006,2020-05-06 09:32:00.600,3848.6000,46145,1,1838492640.000,3,2,1,空开,S,3848.0000,3847.8000,3847.6000,3847.2000,3847.0000,3848.2000,3848.6000,3849.6000,3849.8000,3850.0000,11,1,3,1,1,2,1,5,1,7
SF,IF2006,2020-05-06 09:32:01.100,3848.6000,46145,0,1838492640.000,0,-,-,-,-,3848.0000,3847.8000,3847.6000,3847.2000,3847.0000,3848.2000,3848.6000,3849.6000,3849.8000,3850.0000,11,1,3,1,1,4,1,5,2,7
SF,IF2006,2020-05-06 09:32:01.600,3848.0000,46143,-2,1847728020.000,8,3,5,多平,S,3848.0000,3847.8000,3847.6000,3847.2000,3847.0000,3848.6000,3849.6000,3849.8000,3850.0000,3850.8000,6,1,3,1,1,1,5,2,8,1
SF,IF2006,2020-05-06 09:32:02.100,3848.4000,46144,1,1853500140.000,5,3,2,空开,S,3848.2000,3848.0000,3847.8000,3847.6000,3847.2000,3848.6000,3849.4000,3849.6000,3849.8000,3850.0000,1,2,1,2,1,1,1,5,3,8
SF,IF2006,2020-05-06 09:32:02.600,3848.0000,46142,-2,1859272260.000,5,1,4,多平,S,3847.8000,3847.6000,3847.2000,3847.0000,3846.6000,3848.6000,3849.4000,3849.6000,3850.0000,3850.8000,1,2,1,1,1,1,1,5,7,1
SF,IF2006,2020-05-06 09:32:03.100,3847.6000,46144,2,1862735280.000,3,2,1,空开,S,3847.6000,3847.2000,3847.0000,3846.6000,3846.4000,3848.4000,3848.6000,3849.4000,3849.6000,3850.0000,1,1,1,1,1,3,1,1,4,7
SF,IF2006,2020-05-06 09:32:03.600,3847.6000,46144,0,1862735280.000,0,-,-,-,-,3847.6000,3847.2000,3847.0000,3846.6000,3846.4000,3848.6000,3849.4000,3849.6000,3850.0000,3850.6000,4,1,1,1,1,1,1,5,7,1
SF,IF2006,2020-05-06 09:32:04.100,3847.6000,46141,-3,1867352400.000,4,0,4,多平,S,3847.6000,3847.0000,3846.6000,3846.4000,3846.0000,3848.2000,3848.4000,3848.6000,3849.4000,3849.6000,1,1,1,1,5,5,2,2,1,5
SF,IF2006,2020-05-06 09:32:04.600,3847.6000,46141,0,1868506680.000,1,0,1,多换,S,3847.0000,3846.6000,3846.4000,3846.0000,3845.0000,3848.0000,3848.4000,3848.6000,3849.4000,3849.6000,1,1,1,5,6,1,1,1,1,6
SF,IF2006,2020-05-06 09:32:05.100,3847.6000,46141,0,1869660960.000,1,0,1,多换,S,3847.0000,3846.4000,3846.0000,3845.0000,3844.0000,3848.4000,3848.6000,3848.8000,3849.4000,3849.6000,1,1,5,6,1,1,1,1,1,6
SF,IF2006,2020-05-06 09:32:05.600,3847.6000,46141,0,1869660960.000,0,-,-,-,-,3847.0000,3846.4000,3846.0000,3845.0000,3844.0000,3848.2000,3848.4000,3848.6000,3848.8000,3849.4000,1,1,5,6,1,1,1,1,1,1
SF,IF2006,2020-05-06 09:32:06.100,3848.6000,46142,1,1874278680.000,4,2,2,空开,S,3847.0000,3846.4000,3846.0000,3845.0000,3844.0000,3848.8000,3849.4000,3849.6000,3849.8000,3850.0000,1,1,5,6,1,1,1,5,2,7
SF,IF2006,2020-05-06 09:32:06.600,3848.6000,46142,0,1876587780.000,2,1,1,多换,S,3847.2000,3847.0000,3846.4000,3846.0000,3845.0000,3848.6000,3848.8000,3849.4000,3849.6000,3849.8000,1,1,1,5,6,4,2,1,6,2
SF,IF2006,2020-05-06 09:32:07.100,3847.0000,46142,0,1877741880.000,1,0,1,多换,S,3846.4000,3846.0000,3845.0000,3844.0000,3843.6000,3848.0000,3848.4000,3848.6000,3848.8000,3849.4000,1,5,6,1,1,4,2,4,2,1
SF,IF2006,2020-05-06 09:32:07.600,3847.0000,46142,0,1877741880.000,0,-,-,-,-,3846.6000,3846.4000,3846.0000,3845.0000,3844.0000,3847.0000,3847.8000,3848.0000,3848.6000,3848.8000,1,1,5,6,1,1,1,1,2,1
SF,IF2006,2020-05-06 09:32:08.100,3848.8000,46145,3,1888130280.000,9,6,3,空开,S,3848.8000,3846.0000,3845.0000,3844.0000,3843.6000,3849.4000,3849.6000,3849.8000,3850.0000,3850.8000,3,5,6,1,1,1,5,2,7,1
SF,IF2006,2020-05-06 09:32:08.600,3848.8000,46146,1,1891594200.000,3,2,1,空开,S,3846.0000,3845.0000,3844.0000,3843.6000,3843.0000,3847.0000,3847.2000,3848.0000,3848.4000,3848.6000,5,6,1,1,1,1,3,2,2,6
SF,IF2006,2020-05-06 09:32:09.100,3847.0000,46145,-1,1892748300.000,1,0,1,双平,S,3846.2000,3846.0000,3845.0000,3844.0000,3843.6000,3847.2000,3848.0000,3848.2000,3848.4000,3848.8000,2,5,6,1,1,1,2,1,1,5
SF,IF2006,2020-05-06 09:32:09.600,3846.4000,46141,-4,1897363980.000,4,0,4,双平,S,3846.2000,3846.0000,3845.0000,3844.0000,3843.6000,3848.0000,3848.2000,3848.4000,3848.8000,3849.0000,2,5,6,1,1,2,1,1,5,1
SF,IF2006,2020-05-06 09:32:10.100,3846.4000,46141,0,1897363980.000,0,-,-,-,-,3846.2000,3846.0000,3845.0000,3844.0000,3843.6000,3847.6000,3848.0000,3848.2000,3848.4000,3848.8000,3,5,1,1,1,1,2,1,1,6
SF,IF2006,2020-05-06 09:32:10.600,3847.2000,46139,-2,1899672300.000,2,0,2,双平,S,3846.2000,3846.0000,3845.0000,3844.0000,3843.6000,3847.2000,3847.6000,3848.0000,3848.2000,3848.4000,3,5,1,1,1,1,1,2,1,2
SF,IF2006,2020-05-06 09:32:11.100,3847.2000,46139,0,1899672300.000,0,-,-,-,-,3846.4000,3846.2000,3846.0000,3845.0000,3844.0000,3847.6000,3848.0000,3848.2000,3848.4000,3848.6000,1,3,5,1,1,1,3,1,2,6
SF,IF2006,2020-05-06 09:32:11.600,3847.2000,46138,-1,1903134240.000,3,1,2,多平,S,3846.2000,3846.0000,3845.0000,3844.0000,3843.6000,3847.2000,3847.4000,3847.6000,3848.0000,3848.2000,1,5,1,1,1,2,1,1,3,1
SF,IF2006,2020-05-06 09:32:12.100,3847.2000,46138,0,1903134240.000,0,-,-,-,-,3846.2000,3846.0000,3845.6000,3845.0000,3844.0000,3847.6000,3848.0000,3848.2000,3848.4000,3848.6000,2,5,1,2,1,1,3,1,1,6
SF,IF2006,2020-05-06 09:32:13.100,3847.2000,46138,0,1903134240.000,0,-,-,-,-,3847.2000,3846.4000,3846.2000,3846.0000,3845.6000,3847.6000,3848.0000,3848.2000,3848.4000,3848.6000,2,1,2,5,1,1,3,1,1,6
SF,IF2006,2020-05-06 09:32:13.600,3847.2000,46139,1,1906596840.000,3,2,1,空开,S,3846.2000,3846.0000,3845.6000,3845.0000,3844.0000,3847.2000,3848.0000,3848.2000,3848.4000,3848.6000,2,5,1,2,1,1,3,1,1,6
SF,IF2006,2020-05-06 09:32:14.600,3847.2000,46139,0,1907751000.000,1,0,1,多换,S,3847.6000,3846.2000,3846.0000,3845.6000,3845.0000,3848.0000,3848.2000,3848.4000,3848.6000,3848.8000,2,2,5,1,2,4,1,1,6,8
SF,IF2006,2020-05-06 09:32:15.100,3847.2000,46141,2,1916984520.000,8,5,3,空开,S,3847.2000,3846.2000,3846.0000,3845.6000,3845.0000,3847.4000,3847.6000,3848.0000,3848.2000,3848.4000,1,1,5,1,2,8,6,4,1,1
SF,IF2006,2020-05-06 09:32:15.600,3847.2000,46141,0,1918138680.000,1,0,1,多换,S,3846.2000,3846.0000,3845.6000,3845.0000,3844.0000,3847.6000,3848.0000,3848.2000,3848.4000,3848.8000,1,5,1,3,1,2,4,1,1,8
SF,IF2006,2020-05-06 09:32:16.100,3846.2000,46141,0,1922754360.000,4,2,2,多换,S,3846.0000,3845.6000,3845.0000,3844.0000,3843.6000,3846.2000,3847.4000,3848.0000,3848.2000,3848.4000,5,1,3,1,1,3,2,4,1,1
SF,IF2006,2020-05-06 09:32:16.600,3846.6000,46140,-1,1929678120.000,6,2,4,多平,S,3846.6000,3846.2000,3846.0000,3845.6000,3845.0000,3848.0000,3848.2000,3848.4000,3848.8000,3849.4000,2,2,4,1,4,4,1,1,7,9
SF,IF2006,2020-05-06 09:32:17.100,3846.6000,46140,0,1929678120.000,0,-,-,-,-,3846.8000,3846.6000,3846.2000,3846.0000,3845.6000,3847.8000,3848.0000,3848.2000,3848.4000,3848.8000,1,1,2,4,1,2,4,1,1,7
SF,IF2006,2020-05-06 09:32:17.600,3846.6000,46140,0,1929678120.000,0,-,-,-,-,3847.0000,3846.8000,3846.2000,3846.0000,3845.6000,3847.8000,3848.0000,3848.2000,3848.4000,3848.8000,1,2,2,4,1,1,4,1,1,7
SF,IF2006,2020-05-06 09:32:18.100,3848.0000,46138,-2,1936604460.000,6,2,4,多平,S,3847.2000,3847.0000,3846.8000,3846.2000,3846.0000,3848.2000,3848.4000,3848.8000,3849.4000,3849.6000,1,1,1,1,4,1,1,7,8,4
SF,IF2006,2020-05-06 09:32:18.600,3848.2000,46138,0,1937758920.000,1,0,1,多换,S,3847.4000,3847.0000,3846.6000,3846.2000,3846.0000,3848.8000,3849.4000,3849.6000,3850.0000,3850.8000,2,2,1,1,4,5,8,4,7,4
SF,IF2006,2020-05-06 09:32:19.100,3848.2000,46138,0,1937758920.000,0,-,-,-,-,3848.4000,3847.6000,3847.4000,3846.6000,3846.2000,3848.6000,3848.8000,3849.4000,3849.6000,3850.0000,1,1,3,1,1,1,5,2,3,7
SF,IF2006,2020-05-06 09:32:19.600,3848.4000,46137,-1,1938913440.000,1,0,1,双平,S,3847.6000,3847.4000,3846.6000,3846.2000,3846.0000,3848.4000,3848.6000,3848.8000,3849.4000,3849.6000,1,3,1,1,4,2,2,5,2,3
SF,IF2006,2020-05-06 09:32:20.100,3848.4000,46137,0,1938913440.000,0,-,-,-,-,3847.6000,3847.4000,3846.6000,3846.2000,3846.0000,3848.8000,3849.4000,3849.6000,3850.0000,3850.8000,2,2,1,1,4,5,1,3,7,3
SF,IF2006,2020-05-06 09:32:20.600,3848.8000,46135,-2,1945841160.000,6,2,4,多平,S,3847.6000,3847.4000,3846.6000,3846.2000,3846.0000,3849.4000,3849.6000,3850.0000,3850.8000,3851.0000,2,2,1,1,4,1,3,7,3,1
SF,IF2006,2020-05-06 09:32:21.100,3848.4000,46136,1,1946995680.000,1,1,0,双开,S,3848.4000,3847.6000,3847.4000,3846.6000,3846.2000,3849.4000,3850.0000,3850.8000,3851.0000,3852.8000,1,2,2,1,1,1,7,3,1,1
SF,IF2006,2020-05-06 09:32:21.600,3848.4000,46136,0,1946995680.000,0,-,-,-,-,3848.4000,3847.8000,3847.6000,3847.4000,3846.6000,3848.8000,3849.4000,3850.0000,3850.8000,3851.0000,2,1,1,1,1,1,1,7,3,1
SF,IF2006,2020-05-06 09:32:22.100,3848.4000,46135,-1,1949304720.000,2,0,2,多平,S,3848.4000,3847.8000,3847.4000,3846.6000,3846.2000,3848.8000,3849.4000,3850.0000,3850.8000,3851.0000,2,1,1,1,1,1,1,7,3,1
SF,IF2006,2020-05-06 09:32:22.600,3848.8000,46135,0,1952768400.000,3,1,2,多换,S,3848.4000,3847.8000,3847.4000,3846.6000,3846.2000,3849.4000,3850.0000,3850.8000,3851.0000,3852.8000,1,1,1,1,1,1,7,3,1,1
SF,IF2006,2020-05-06 09:32:23.100,3848.4000,46133,-2,1955077440.000,2,0,2,双平,S,3847.4000,3846.6000,3846.2000,3846.0000,3845.6000,3849.4000,3850.0000,3850.8000,3851.0000,3852.8000,1,1,1,4,1,1,7,3,1,1
SF,IF2006,2020-05-06 09:32:23.600,3848.4000,46133,0,1955077440.000,0,-,-,-,-,3847.4000,3846.6000,3846.2000,3846.0000,3845.6000,3849.2000,3849.4000,3850.0000,3850.8000,3851.0000,1,1,1,4,1,2,2,7,3,1
SF,IF2006,2020-05-06 09:32:24.100,3848.4000,46132,-1,1956231960.000,1,0,1,双平,S,3847.4000,3847.0000,3846.6000,3846.2000,3846.0000,3849.2000,3849.4000,3850.0000,3850.8000,3851.0000,1,1,1,1,4,1,2,7,3,1
SF,IF2006,2020-05-06 09:32:24.600,3848.4000,46133,1,1957386480.000,1,1,0,双开,S,3848.8000,3848.0000,3847.4000,3847.0000,3846.6000,3849.0000,3849.2000,3849.4000,3850.0000,3850.8000,4,1,1,1,1,2,1,2,7,3
SF,IF2006,2020-05-06 09:32:25.100,3848.8000,46133,0,1962005040.000,4,2,2,多换,S,3848.0000,3847.4000,3847.0000,3846.6000,3846.2000,3848.8000,3849.0000,3849.4000,3850.0000,3850.8000,1,1,1,1,1,4,1,2,7,3
SF,IF2006,2020-05-06 09:32:25.600,3848.8000,46133,0,1962005040.000,0,-,-,-,-,3848.0000,3847.4000,3847.0000,3846.6000,3846.2000,3849.0000,3849.4000,3850.0000,3850.8000,3851.0000,1,1,1,1,1,1,1,7,3,1
SF,IF2006,2020-05-06 09:32:26.100,3849.2000,46131,-2,1965469020.000,3,0,3,多平,S,3848.0000,3847.4000,3847.0000,3846.6000,3846.2000,3849.4000,3850.0000,3850.8000,3851.0000,3851.6000,2,1,1,1,1,1,7,3,1,1
SF,IF2006,2020-05-06 09:32:26.600,3849.2000,46131,0,1966623780.000,1,0,1,多换,S,3848.2000,3848.0000,3847.4000,3847.0000,3846.6000,3848.6000,3848.8000,3849.4000,3849.6000,3850.0000,1,2,2,1,1,2,2,1,1,7
SF,IF2006,2020-05-06 09:32:27.100,3848.8000,46131,0,1971242220.000,4,2,2,多换,S,3848.0000,3847.4000,3847.0000,3846.6000,3846.2000,3849.4000,3849.6000,3850.0000,3850.8000,3851.0000,2,2,1,1,1,1,1,7,3,1
SF,IF2006,2020-05-06 09:32:27.600,3848.0000,46131,0,1973551020.000,2,1,1,多换,S,3848.0000,3847.4000,3847.0000,3846.6000,3846.2000,3849.0000,3849.4000,3849.6000,3850.0000,3850.8000,1,2,1,1,1,1,1,1,7,3
SF,IF2006,2020-05-06 09:32:28.100,3848.0000,46131,0,1973551020.000,0,-,-,-,-,3847.4000,3847.0000,3846.6000,3846.2000,3846.0000,3848.8000,3849.0000,3849.4000,3849.6000,3850.0000,2,1,1,1,4,2,1,1,1,7
SF,IF2006,2020-05-06 09:32:28.600,3847.4000,46130,-1,1975859460.000,2,0,2,多平,S,3847.0000,3846.6000,3846.2000,3846.0000,3845.8000,3848.0000,3848.6000,3848.8000,3849.0000,3849.4000,1,1,1,4,1,1,1,3,1,1
SF,IF2006,2020-05-06 09:32:29.100,3847.0000,46128,-2,1982783340.000,6,2,4,多平,S,3846.0000,3845.8000,3845.6000,3845.0000,3844.0000,3847.8000,3848.0000,3848.8000,3849.0000,3849.4000,3,1,1,6,1,1,2,2,1,1
SF,IF2006,2020-05-06 09:32:29.600,3847.0000,46128,0,1982783340.000,0,-,-,-,-,3846.0000,3845.8000,3845.6000,3845.0000,3844.0000,3847.6000,3847.8000,3848.0000,3848.8000,3849.0000,3,1,1,7,1,1,1,5,3,1
SF,IF2006,2020-05-06 09:32:30.100,3847.0000,46128,0,1983937440.000,1,0,1,多换,S,3846.0000,3845.8000,3845.6000,3845.0000,3844.0000,3847.4000,3847.6000,3848.0000,3848.8000,3849.0000,3,1,1,7,1,1,1,5,3,1
SF,IF2006,2020-05-06 09:32:30.600,3847.2000,46126,-2,1988553360.000,4,1,3,多平,S,3846.0000,3845.8000,3845.6000,3845.0000,3844.0000,3847.2000,3847.4000,3848.0000,3848.8000,3849.0000,2,1,1,7,1,1,2,5,3,1
SF,IF2006,2020-05-06 09:32:31.100,3846.2000,46125,-1,1990861440.000,2,0,2,多平,S,3846.0000,3845.8000,3845.6000,3845.0000,3844.0000,3847.4000,3848.0000,3848.8000,3849.0000,3849.4000,3,1,1,7,1,1,5,3,1,1
SF,IF2006,2020-05-06 09:32:31.600,3847.2000,46125,0,1992015600.000,1,0,1,多换,S,3846.2000,3846.0000,3845.8000,3845.6000,3845.0000,3847.4000,3848.0000,3848.8000,3849.0000,3849.4000,2,2,1,1,7,1,5,3,1,1
SF,IF2006,2020-05-06 09:32:32.100,3847.4000,46124,-1,1993169820.000,1,0,1,双平,S,3847.2000,3846.4000,3846.2000,3846.0000,3845.8000,3848.0000,3848.8000,3849.0000,3849.4000,3849.6000,1,2,1,2,1,5,3,1,1,1
SF,IF2006,2020-05-06 09:32:32.600,3847.4000,46124,0,1993169820.000,0,-,-,-,-,3847.2000,3846.4000,3846.2000,3846.0000,3845.8000,3848.0000,3848.8000,3849.0000,3849.4000,3849.6000,3,1,1,2,1,5,3,1,1,1
SF,IF2006,2020-05-06 09:32:33.100,3847.4000,46124,0,1993169820.000,0,-,-,-,-,3847.4000,3847.2000,3846.4000,3846.2000,3846.0000,3847.6000,3848.0000,3848.8000,3849.0000,3849.4000,1,3,1,1,2,3,5,3,1,1
SF,IF2006,2020-05-06 09:32:33.600,3847.2000,46122,-2,1997786580.000,4,1,3,多平,S,3847.2000,3846.4000,3846.0000,3845.8000,3845.6000,3847.4000,3848.0000,3848.8000,3849.0000,3849.4000,1,1,2,1,1,3,5,3,2,1
SF,IF2006,2020-05-06 09:32:34.100,3848.0000,46117,-5,2004711960.000,6,0,6,多平,S,3846.4000,3846.0000,3845.8000,3845.6000,3845.0000,3848.0000,3848.8000,3849.0000,3849.4000,3849.6000,1,2,1,1,7,5,3,2,1,1
SF,IF2006,2020-05-06 09:32:34.600,3848.0000,46117,0,2004711960.000,0,-,-,-,-,3846.6000,3846.4000,3846.0000,3845.8000,3845.6000,3848.0000,3848.8000,3849.0000,3849.4000,3849.6000,1,1,2,1,1,5,3,2,1,1
SF,IF2006,2020-05-06 09:32:35.100,3848.0000,46117,0,2004711960.000,0,-,-,-,-,3846.8000,3846.0000,3845.8000,3845.6000,3845.0000,3848.0000,3848.8000,3849.0000,3849.4000,3849.6000,1,2,1,1,7,5,3,2,1,1
SF,IF2006,2020-05-06 09:32:35.600,3846.8000,46116,-1,2005866000.000,1,0,1,双平,S,3846.0000,3845.8000,3845.6000,3845.0000,3844.0000,3847.6000,3847.8000,3848.0000,3848.8000,3849.0000,2,1,1,7,1,3,3,5,3,2
SF,IF2006,2020-05-06 09:32:36.100,3846.2000,46116,0,2007019860.000,1,0,1,多换,S,3846.0000,3845.8000,3845.6000,3845.0000,3844.0000,3847.4000,3847.8000,3848.0000,3848.8000,3849.0000,3,1,1,7,1,3,2,5,3,2
SF,IF2006,2020-05-06 09:32:36.600,3846.2000,46116,0,2007019860.000,0,-,-,-,-,3847.0000,3846.2000,3846.0000,3845.8000,3845.6000,3847.8000,3848.0000,3848.8000,3849.0000,3849.4000,2,1,2,1,1,2,5,3,2,1
SF,IF2006,2020-05-06 09:32:37.100,3847.6000,46115,-1,2009328240.000,2,0,2,多平,S,3847.0000,3846.6000,3846.2000,3846.0000,3845.8000,3847.6000,3847.8000,3848.0000,3848.8000,3849.0000,1,1,1,4,1,1,2,5,3,2
SF,IF2006,2020-05-06 09:32:37.600,3847.6000,46115,0,2009328240.000,0,-,-,-,-,3847.0000,3846.6000,3846.2000,3846.0000,3845.8000,3847.8000,3848.0000,3848.8000,3849.0000,3849.4000,1,1,1,4,1,2,5,3,2,1
SF,IF2006,2020-05-06 09:32:38.100,3847.0000,46115,0,2011636500.000,2,1,1,多换,S,3847.2000,3846.2000,3846.0000,3845.8000,3845.6000,3847.8000,3848.0000,3848.8000,3849.0000,3849.4000,1,1,4,1,1,2,5,2,2,1
SF,IF2006,2020-05-06 09:32:38.600,3847.8000,46115,0,2013945180.000,2,1,1,多换,S,3847.2000,3846.2000,3846.0000,3845.8000,3845.6000,3848.0000,3848.8000,3849.0000,3849.4000,3849.6000,1,1,4,1,1,5,2,2,1,1
SF,IF2006,2020-05-06 09:32:39.100,3848.0000,46117,2,2019717180.000,5,3,2,空开,S,3847.6000,3847.2000,3847.0000,3846.2000,3846.0000,3848.8000,3849.0000,3849.6000,3850.0000,3850.4000,1,2,1,1,4,1,2,1,10,1
SF,IF2006,2020-05-06 09:32:39.600,3848.0000,46117,0,2019717180.000,0,-,-,-,-,3847.6000,3847.2000,3847.0000,3846.2000,3846.0000,3848.6000,3848.8000,3849.0000,3849.6000,3850.0000,1,2,1,1,4,2,2,2,1,10
SF,IF2006,2020-05-06 09:32:40.100,3848.0000,46114,-3,2023180380.000,3,0,3,双平,S,3848.6000,3848.0000,3847.6000,3847.2000,3847.0000,3848.8000,3849.0000,3849.6000,3850.0000,3850.4000,1,2,1,1,1,2,2,1,10,1
SF,IF2006,2020-05-06 09:32:40.600,3848.0000,46112,-2,2027798520.000,4,1,3,多平,S,3848.0000,3847.8000,3847.6000,3847.0000,3846.0000,3848.8000,3849.0000,3849.6000,3850.0000,3850.4000,1,1,1,2,4,2,2,1,10,1
SF,IF2006,2020-05-06 09:32:41.100,3848.8000,46113,1,2030107800.000,2,1,1,空开,S,3848.8000,3848.2000,3848.0000,3847.8000,3847.0000,3849.0000,3849.6000,3850.0000,3850.4000,3850.8000,2,1,3,1,2,2,1,10,1,3
SF,IF2006,2020-05-06 09:32:41.600,3848.8000,46112,-1,2032417080.000,2,0,2,多平,S,3848.8000,3848.2000,3848.0000,3847.8000,3847.0000,3849.0000,3849.6000,3850.0000,3850.4000,3850.8000,1,2,3,1,2,2,1,10,1,3
SF,IF2006,2020-05-06 09:32:42.100,3849.4000,46108,-4,2039345580.000,6,1,5,多平,S,3848.8000,3848.2000,3848.0000,3847.8000,3847.0000,3850.0000,3850.4000,3850.8000,3851.0000,3851.6000,1,2,3,1,2,10,1,3,1,1
SF,IF2006,2020-05-06 09:32:42.600,3849.0000,46108,0,2040500280.000,1,0,1,多换,S,3848.8000,3848.2000,3848.0000,3847.0000,3846.0000,3850.0000,3850.4000,3850.8000,3851.0000,3851.6000,3,2,1,2,4,10,1,3,1,1
SF,IF2006,2020-05-06 09:32:43.100,3850.0000,46109,1,2041655280.000,1,1,0,双开,S,3848.8000,3848.2000,3848.0000,3847.0000,3846.0000,3850.0000,3850.4000,3850.8000,3851.0000,3851.6000,2,1,1,2,4,9,1,3,1,1
SF,IF2006,2020-05-06 09:32:43.600,3850.0000,46109,0,2047429980.000,5,2,3,多换,S,3849.0000,3848.8000,3848.2000,3848.0000,3847.0000,3850.0000,3850.4000,3850.8000,3851.0000,3851.6000,1,3,1,1,2,5,1,3,1,1
SF,IF2006,2020-05-06 09:32:44.100,3850.0000,46111,2,2049739980.000,2,2,0,双开,S,3849.0000,3848.8000,3848.2000,3848.0000,3847.0000,3850.0000,3850.4000,3850.8000,3851.0000,3851.6000,2,3,1,1,2,3,1,3,1,1
SF,IF2006,2020-05-06 09:32:44.600,3849.0000,46110,-1,2050894680.000,1,0,1,双平,S,3849.0000,3848.8000,3848.0000,3847.0000,3846.0000,3850.0000,3850.4000,3850.8000,3851.0000,3851.6000,1,3,1,2,4,3,1,3,1,1
SF,IF2006,2020-05-06 09:32:45.100,3849.0000,46109,-1,2052049380.000,1,0,1,双平,S,3848.8000,3848.0000,3847.0000,3846.0000,3845.8000,3850.0000,3850.4000,3850.8000,3851.0000,3851.6000,3,1,2,4,1,3,1,3,1,1
SF,IF2006,2020-05-06 09:32:45.600,3848.8000,46109,0,2054358660.000,2,1,1,多换,S,3848.0000,3847.0000,3846.0000,3845.8000,3845.6000,3848.8000,3849.0000,3849.8000,3850.0000,3850.4000,1,2,3,1,1,1,2,2,3,1
SF,IF2006,2020-05-06 09:32:46.100,3850.0000,46111,2,2060132340.000,5,3,2,空开,S,3848.4000,3848.0000,3847.0000,3846.0000,3845.8000,3850.0000,3850.4000,3850.8000,3851.0000,3851.6000,1,1,2,3,1,2,1,3,1,1
SF,IF2006,2020-05-06 09:32:46.600,3849.8000,46110,-1,2064751560.000,4,1,3,多平,S,3848.0000,3847.0000,3846.0000,3845.8000,3845.6000,3849.8000,3850.0000,3850.4000,3850.8000,3851.0000,1,2,3,1,1,1,2,1,3,1
SF,IF2006,2020-05-06 09:32:47.100,3848.8000,46108,-2,2067060600.000,2,0,2,双平,S,3847.0000,3846.0000,3845.8000,3845.6000,3845.0000,3849.6000,3850.0000,3850.4000,3850.8000,3851.0000,2,3,1,1,7,2,2,1,3,1
SF,IF2006,2020-05-06 09:32:47.600,3848.8000,46108,0,2067060600.000,0,-,-,-,-,3847.8000,3847.0000,3846.0000,3845.8000,3845.6000,3849.4000,3849.6000,3850.0000,3850.4000,3850.8000,1,2,3,1,1,2,4,2,1,3
SF,IF2006,2020-05-06 09:32:48.100,3848.6000,46108,0,2070524100.000,3,1,2,多换,S,3847.8000,3847.0000,3846.0000,3845.8000,3845.6000,3849.2000,3849.4000,3849.6000,3850.0000,3850.4000,1,2,3,1,1,1,1,1,2,1
SF,IF2006,2020-05-06 09:32:48.600,3849.2000,46107,-1,2071678860.000,1,0,1,双平,S,3849.2000,3847.8000,3847.0000,3846.0000,3845.8000,3849.4000,3849.6000,3850.0000,3850.4000,3850.8000,1,1,2,3,1,1,1,2,1,3
SF,IF2006,2020-05-06 09:32:49.100,3849.2000,46106,-1,2072833620.000,1,0,1,双平,S,3847.8000,3847.0000,3846.0000,3845.8000,3845.6000,3848.8000,3849.0000,3849.2000,3849.6000,3850.0000,1,2,3,1,1,2,5,4,1,2
SF,IF2006,2020-05-06 09:32:49.600,3849.2000,46106,0,2072833620.000,0,-,-,-,-,3847.8000,3847.0000,3846.0000,3845.8000,3845.6000,3849.0000,3849.2000,3850.0000,3850.4000,3850.8000,1,2,3,1,1,5,3,2,1,3
SF,IF2006,2020-05-06 09:32:50.100,3849.2000,46106,0,2072833620.000,0,-,-,-,-,3847.8000,3847.0000,3846.0000,3845.8000,3845.6000,3848.8000,3849.0000,3849.2000,3850.0000,3850.4000,1,2,3,1,1,1,5,2,2,1
SF,IF2006,2020-05-06 09:32:50.600,3849.2000,46106,0,2072833620.000,0,-,-,-,-,3848.0000,3847.8000,3847.0000,3846.0000,3845.8000,3848.8000,3849.0000,3849.2000,3850.0000,3850.2000,1,1,2,3,1,1,5,2,2,1
SF,IF2006,2020-05-06 09:32:51.100,3849.2000,46105,-1,2073988380.000,1,0,1,双平,S,3848.0000,3847.0000,3846.0000,3845.8000,3845.6000,3848.8000,3849.0000,3849.2000,3850.0000,3850.2000,2,2,3,1,1,1,5,2,2,1
SF,IF2006,2020-05-06 09:32:51.600,3849.2000,46104,-1,2075143140.000,1,0,1,双平,S,3848.0000,3847.4000,3847.0000,3846.0000,3845.8000,3849.0000,3849.2000,3850.0000,3850.2000,3850.4000,2,1,2,3,1,5,2,2,1,1
SF,IF2006,2020-05-06 09:32:52.100,3848.0000,46103,-1,2076297540.000,1,0,1,双平,S,3848.8000,3848.0000,3847.4000,3847.0000,3846.0000,3849.0000,3849.2000,3850.0000,3850.2000,3850.4000,1,1,1,2,3,5,2,2,1,1
SF,IF2006,2020-05-06 09:32:52.600,3849.0000,46103,0,2077452240.000,1,0,1,多换,S,3848.8000,3848.0000,3847.4000,3847.0000,3846.0000,3849.0000,3849.2000,3850.0000,3850.2000,3850.4000,1,1,1,2,3,4,1,2,1,1
SF,IF2006,2020-05-06 09:32:53.100,3849.2000,46103,0,2088999000.000,10,5,5,多换,S,3847.4000,3847.0000,3846.0000,3845.8000,3845.6000,3848.0000,3849.6000,3850.0000,3850.2000,3850.4000,1,2,3,1,1,1,1,2,1,1
SF,IF2006,2020-05-06 09:32:53.600,3848.0000,46103,0,2090153400.000,1,0,1,多换,S,3848.4000,3848.2000,3848.0000,3847.8000,3847.6000,3849.4000,3849.6000,3850.0000,3850.2000,3850.4000,1,1,9,1,5,2,1,2,1,1
SF,IF2006,2020-05-06 09:32:54.100,3848.0000,46103,0,2090153400.000,0,-,-,-,-,3848.4000,3848.2000,3848.0000,3847.6000,3847.4000,3849.4000,3849.6000,3850.0000,3850.2000,3850.4000,1,1,3,1,1,2,1,2,1,1
SF,IF2006,2020-05-06 09:32:54.600,3848.0000,46103,0,2090153400.000,0,-,-,-,-,3848.4000,3848.2000,3848.0000,3847.6000,3847.4000,3849.2000,3849.4000,3849.6000,3850.0000,3850.2000,1,1,2,1,1,1,2,1,2,1
SF,IF2006,2020-05-06 09:32:55.100,3849.4000,46102,-1,2091308220.000,1,0,1,双平,S,3848.4000,3848.2000,3848.0000,3847.8000,3847.6000,3849.4000,3849.6000,3850.0000,3850.2000,3850.4000,1,1,2,1,1,1,1,2,1,1
SF,IF2006,2020-05-06 09:32:55.600,3848.6000,46102,0,2092462800.000,1,0,1,多换,S,3848.4000,3848.2000,3848.0000,3847.6000,3847.4000,3849.2000,3849.4000,3849.6000,3850.0000,3850.2000,1,1,2,1,1,2,1,1,2,1
SF,IF2006,2020-05-06 09:32:56.100,3848.6000,46102,0,2092462800.000,0,-,-,-,-,3848.2000,3848.0000,3847.6000,3847.4000,3847.0000,3849.2000,3849.4000,3849.6000,3850.0000,3850.2000,1,2,1,1,2,1,1,1,2,1
SF,IF2006,2020-05-06 09:32:56.600,3848.6000,46102,0,2092462800.000,0,-,-,-,-,3848.2000,3848.0000,3847.4000,3847.0000,3846.0000,3848.4000,3849.4000,3849.6000,3850.0000,3850.2000,2,4,1,2,2,1,1,1,2,1
SF,IF2006,2020-05-06 09:32:57.100,3848.4000,46102,0,2093617320.000,1,0,1,多换,S,3849.0000,3848.6000,3848.4000,3848.2000,3848.0000,3849.4000,3849.6000,3850.0000,3850.2000,3850.4000,2,1,7,5,4,1,1,2,1,1
SF,IF2006,2020-05-06 09:32:57.600,3848.4000,46100,-2,2095926660.000,2,0,2,双平,S,3848.4000,3848.2000,3848.0000,3847.4000,3847.0000,3849.2000,3849.6000,3850.0000,3850.2000,3850.4000,2,1,4,1,2,1,1,2,1,1
SF,IF2006,2020-05-06 09:32:58.100,3848.4000,46100,0,2095926660.000,0,-,-,-,-,3848.8000,3848.4000,3848.0000,3847.4000,3847.0000,3849.0000,3849.2000,3849.6000,3850.0000,3850.2000,1,2,1,1,2,1,1,1,2,1
SF,IF2006,2020-05-06 09:32:58.600,3848.8000,46099,-1,2097081300.000,1,0,1,双平,S,3848.4000,3848.0000,3847.4000,3847.0000,3846.0000,3849.2000,3849.6000,3850.0000,3850.2000,3850.4000,2,1,1,2,2,1,2,2,1,1
SF,IF2006,2020-05-06 09:32:59.100,3849.2000,46099,0,2098236060.000,1,0,1,多换,S,3849.0000,3848.8000,3848.6000,3848.4000,3848.0000,3849.6000,3850.0000,3850.2000,3850.4000,3850.8000,2,1,1,3,1,2,2,1,1,3
SF,IF2006,2020-05-06 09:32:59.600,3849.2000,46099,0,2098236060.000,0,-,-,-,-,3848.4000,3848.0000,3847.4000,3847.0000,3846.0000,3849.6000,3850.0000,3850.2000,3850.4000,3850.8000,3,1,1,2,2,1,2,1,1,3
SF,IF2006,2020-05-06 09:33:00.100,3849.4000,46098,-1,2101699980.000,3,1,2,多平,S,3848.0000,3847.4000,3847.0000,3846.0000,3845.8000,3849.4000,3849.6000,3850.0000,3850.2000,3850.4000,1,1,2,2,1,1,1,2,1,1
SF,IF2006,2020-05-06 09:33:00.600,3849.4000,46098,0,2101699980.000,0,-,-,-,-,3848.0000,3847.4000,3847.0000,3846.0000,3845.8000,3849.2000,3849.4000,3849.6000,3850.0000,3850.2000,2,1,2,2,1,3,1,1,2,1
SF,IF2006,2020-05-06 09:33:01.100,3849.2000,46099,1,2102854740.000,1,1,0,双开,S,3849.2000,3849.0000,3848.8000,3848.4000,3848.2000,3849.6000,3850.0000,3850.2000,3850.4000,3850.8000,1,1,1,1,1,1,2,1,1,3
SF,IF2006,2020-05-06 09:33:01.600,3849.2000,46099,0,2102854740.000,0,-,-,-,-,3848.0000,3847.8000,3847.4000,3847.0000,3846.0000,3849.2000,3849.4000,3849.6000,3850.0000,3850.2000,4,2,1,2,2,1,1,1,2,1
SF,IF2006,2020-05-06 09:33:02.100,3849.2000,46100,1,2106318360.000,3,2,1,空开,S,3848.0000,3847.8000,3847.4000,3847.0000,3846.0000,3849.0000,3849.4000,3849.6000,3850.0000,3850.2000,4,2,1,2,2,1,1,1,2,1
SF,IF2006,2020-05-06 09:33:02.600,3848.8000,46101,1,2107473000.000,1,1,0,双开,S,3848.4000,3848.0000,3847.8000,3847.4000,3847.0000,3849.0000,3849.4000,3849.6000,3850.0000,3850.2000,2,3,2,1,2,1,1,1,2,1
SF,IF2006,2020-05-06 09:33:03.100,3848.4000,46100,-1,2108627520.000,1,0,1,双平,S,3848.0000,3847.8000,3847.4000,3847.0000,3846.0000,3848.4000,3849.0000,3849.4000,3849.6000,3850.0000,3,1,1,2,2,1,1,1,1,2
SF,IF2006,2020-05-06 09:33:03.600,3848.0000,46093,-7,2116708560.000,7,0,7,双平,S,3847.4000,3847.0000,3846.0000,3845.8000,3845.6000,3848.4000,3849.4000,3849.6000,3850.0000,3850.2000,1,2,2,1,1,1,1,1,2,1
SF,IF2006,2020-05-06 09:33:04.100,3848.0000,46093,0,2116708560.000,0,-,-,-,-,3847.4000,3847.0000,3846.0000,3845.8000,3845.6000,3848.2000,3848.4000,3849.6000,3850.0000,3850.2000,1,2,2,1,1,4,1,1,2,1
SF,IF2006,2020-05-06 09:33:04.600,3848.0000,46093,0,2116708560.000,0,-,-,-,-,3847.4000,3847.0000,3846.0000,3845.8000,3845.6000,3848.0000,3848.2000,3848.4000,3849.4000,3849.6000,1,2,2,1,1,1,3,1,1,1
SF,IF2006,2020-05-06 09:33:05.100,3848.0000,46092,-1,2117862960.000,1,0,1,双平,S,3847.4000,3847.0000,3846.0000,3845.8000,3845.6000,3847.8000,3848.2000,3848.4000,3849.4000,3849.6000,2,2,2,1,1,2,1,1,1,1
SF,IF2006,2020-05-06 09:33:05.600,3847.8000,46092,0,2120171640.000,2,1,1,多换,S,3848.0000,3847.6000,3847.4000,3847.0000,3846.0000,3848.2000,3848.4000,3849.4000,3849.6000,3850.0000,1,2,2,2,2,1,1,1,1,2
SF,IF2006,2020-05-06 09:33:06.100,3848.2000,46091,-1,2121326100.000,1,0,1,双平,S,3848.2000,3848.0000,3847.6000,3847.4000,3847.0000,3848.4000,3849.4000,3849.6000,3850.0000,3850.2000,1,1,1,2,3,1,1,1,2,1
SF,IF2006,2020-05-06 09:33:06.600,3848.4000,46090,-1,2122480620.000,1,0,1,双平,S,3848.2000,3848.0000,3847.6000,3847.4000,3847.0000,3849.4000,3849.6000,3850.0000,3850.2000,3850.4000,1,1,1,2,3,1,1,2,1,1
SF,IF2006,2020-05-06 09:33:07.100,3848.4000,46090,0,2122480620.000,0,-,-,-,-,3848.2000,3848.0000,3847.6000,3847.4000,3847.0000,3849.4000,3849.6000,3850.0000,3850.2000,3850.4000,1,2,1,1,3,1,1,2,1,1
SF,IF2006,2020-05-06 09:33:07.600,3849.4000,46090,0,2123635440.000,1,0,1,多换,S,3848.4000,3848.2000,3848.0000,3847.6000,3847.4000,3849.6000,3850.0000,3850.2000,3850.4000,3850.8000,2,2,3,1,1,1,2,1,1,3
SF,IF2006,2020-05-06 09:33:08.100,3849.0000,46090,0,2124790140.000,1,0,1,多换,S,3849.4000,3848.6000,3848.4000,3848.2000,3848.0000,3849.6000,3850.0000,3850.2000,3850.4000,3850.8000,1,1,3,1,3,1,2,1,1,3
SF,IF2006,2020-05-06 09:33:08.600,3849.4000,46090,0,2125944960.000,1,0,1,多换,S,3848.6000,3848.4000,3848.2000,3848.0000,3847.6000,3849.6000,3850.0000,3850.2000,3850.4000,3850.8000,1,3,1,3,1,1,2,1,1,3
SF,IF2006,2020-05-06 09:33:09.100,3849.4000,46090,0,2125944960.000,0,-,-,-,-,3848.6000,3848.4000,3848.2000,3848.0000,3847.6000,3849.4000,3849.6000,3849.8000,3850.0000,3850.2000,1,3,1,4,1,2,1,1,2,1
SF,IF2006,2020-05-06 09:33:09.600,3848.8000,46090,0,2128254420.000,2,1,1,多换,S,3848.6000,3848.4000,3848.2000,3848.0000,3847.6000,3849.0000,3849.4000,3849.6000,3849.8000,3850.0000,2,2,1,4,1,3,1,1,1,2
SF,IF2006,2020-05-06 09:33:10.100,3849.0000,46090,0,2131718520.000,3,1,2,多换,S,3849.0000,3848.6000,3848.4000,3848.2000,3848.0000,3849.4000,3849.6000,3849.8000,3850.0000,3850.2000,2,2,2,1,4,1,1,1,2,1
SF,IF2006,2020-05-06 09:33:10.600,3849.4000,46089,-1,2132873340.000,1,0,1,双平,S,3849.2000,3849.0000,3848.8000,3848.6000,3848.4000,3849.6000,3849.8000,3850.0000,3850.2000,3850.4000,2,3,1,2,1,1,1,2,1,1
SF,IF2006,2020-05-06 09:33:11.100,3849.4000,46089,0,2132873340.000,0,-,-,-,-,3849.2000,3848.6000,3848.4000,3848.2000,3848.0000,3849.6000,3849.8000,3850.0000,3850.2000,3850.4000,1,1,1,1,4,1,1,2,1,1
SF,IF2006,2020-05-06 09:33:11.600,3849.8000,46087,-2,2135183160.000,2,0,2,双平,S,3849.2000,3848.4000,3848.2000,3848.0000,3847.6000,3849.8000,3850.0000,3850.2000,3850.4000,3850.8000,1,1,1,4,1,1,2,1,1,3
SF,IF2006,2020-05-06 09:33:12.100,3849.4000,46085,-2,2137492920.000,2,0,2,双平,S,3849.4000,3849.2000,3848.2000,3848.0000,3847.6000,3850.0000,3850.2000,3850.4000,3850.8000,3851.0000,2,1,1,4,1,2,1,1,3,1
SF,IF2006,2020-05-06 09:33:12.600,3849.4000,46084,-1,2138647740.000,1,0,1,双平,S,3849.4000,3849.2000,3848.2000,3848.0000,3847.6000,3850.0000,3850.2000,3850.4000,3850.8000,3851.0000,2,1,1,4,1,2,2,1,3,1
SF,IF2006,2020-05-06 09:33:13.100,3849.6000,46086,2,2146732800.000,7,4,3,空开,S,3849.6000,3849.4000,3849.2000,3848.2000,3848.0000,3850.8000,3851.0000,3851.6000,3852.2000,3852.6000,5,2,1,1,4,3,1,1,6,6
SF,IF2006,2020-05-06 09:33:13.600,3849.8000,46084,-2,2151353100.000,4,1,3,多平,S,3849.8000,3849.6000,3849.4000,3848.2000,3848.0000,3850.8000,3851.0000,3851.6000,3852.2000,3852.6000,2,8,2,1,4,1,1,1,6,6
SF,IF2006,2020-05-06 09:33:14.100,3849.8000,46084,0,2151353100.000,0,-,-,-,-,3850.2000,3850.0000,3849.8000,3849.6000,3849.4000,3850.8000,3851.0000,3851.6000,3852.2000,3852.6000,1,2,2,6,2,1,2,1,6,6
SF,IF2006,2020-05-06 09:33:14.600,3851.0000,46082,-2,2158284540.000,6,2,4,多平,S,3850.4000,3850.2000,3850.0000,3849.8000,3849.6000,3851.6000,3852.2000,3852.6000,3853.0000,3853.2000,3,3,2,2,5,1,6,6,1,5
SF,IF2006,2020-05-06 09:33:15.100,3851.6000,46081,-1,2160595440.000,2,0,2,多平,S,3850.8000,3850.6000,3850.2000,3850.0000,3849.8000,3852.2000,3852.6000,3853.0000,3853.2000,3854.6000,1,1,2,3,1,6,6,1,5,1
SF,IF2006,2020-05-06 09:33:15.600,3850.8000,46082,1,2161750680.000,1,1,0,双开,S,3850.8000,3850.6000,3850.0000,3849.8000,3849.6000,3851.4000,3852.0000,3852.2000,3852.6000,3853.0000,1,1,3,2,5,1,2,6,6,1
SF,IF2006,2020-05-06 09:33:16.100,3851.4000,46082,0,2162906100.000,1,0,1,多换,S,3851.0000,3850.8000,3850.6000,3850.0000,3849.8000,3851.6000,3852.0000,3852.2000,3852.6000,3853.0000,1,1,1,2,2,1,1,6,6,1
SF,IF2006,2020-05-06 09:33:16.600,3851.6000,46082,0,2164061580.000,1,0,1,多换,S,3851.0000,3850.8000,3850.6000,3850.0000,3849.8000,3851.8000,3852.0000,3852.2000,3852.6000,3853.0000,1,1,1,1,2,1,1,6,6,1
SF,IF2006,2020-05-06 09:33:17.100,3852.0000,46082,0,2166372720.000,2,1,1,多换,S,3851.6000,3851.2000,3851.0000,3850.8000,3849.8000,3852.0000,3852.2000,3852.6000,3853.0000,3853.2000,1,1,1,1,2,1,6,10,1,5
SF,IF2006,2020-05-06 09:33:17.600,3851.6000,46081,-1,2167528200.000,1,0,1,双平,S,3851.2000,3851.0000,3849.8000,3849.6000,3849.4000,3852.0000,3852.2000,3852.6000,3853.0000,3853.2000,1,1,2,5,1,1,6,10,1,5
SF,IF2006,2020-05-06 09:33:18.100,3851.6000,46081,0,2167528200.000,0,-,-,-,-,3851.4000,3851.2000,3851.0000,3849.8000,3849.6000,3852.0000,3852.2000,3852.6000,3853.0000,3853.2000,3,1,1,1,2,1,6,10,1,5
SF,IF2006,2020-05-06 09:33:18.600,3851.6000,46081,0,2167528200.000,0,-,-,-,-,3851.4000,3851.2000,3851.0000,3849.8000,3849.6000,3852.0000,3852.2000,3852.6000,3853.0000,3853.2000,3,1,1,1,2,1,7,10,1,5
SF,IF2006,2020-05-06 09:33:19.100,3851.2000,46077,-4,2172149820.000,4,0,4,双平,S,3851.0000,3849.8000,3849.6000,3849.4000,3849.0000,3851.8000,3852.0000,3852.2000,3852.6000,3853.0000,1,1,2,1,1,2,1,7,10,1
SF,IF2006,2020-05-06 09:33:19.600,3851.2000,46080,3,2176771260.000,4,3,1,空开,S,3849.8000,3849.6000,3849.4000,3849.0000,3848.6000,3851.6000,3852.0000,3852.2000,3852.6000,3853.0000,1,2,1,1,1,2,2,7,10,1
SF,IF2006,2020-05-06 09:33:20.100,3851.2000,46080,0,2176771260.000,0,-,-,-,-,3851.0000,3850.4000,3850.2000,3850.0000,3849.6000,3851.6000,3852.0000,3852.2000,3852.6000,3853.0000,1,1,5,8,3,1,2,7,10,1
SF,IF2006,2020-05-06 09:33:20.600,3851.2000,46080,0,2176771260.000,0,-,-,-,-,3850.4000,3850.2000,3850.0000,3849.6000,3849.4000,3851.6000,3852.0000,3852.2000,3852.6000,3853.0000,1,5,6,3,1,1,2,7,10,1
SF,IF2006,2020-05-06 09:33:21.100,3851.4000,46080,0,2177926680.000,1,0,1,多换,S,3850.6000,3850.0000,3849.6000,3849.4000,3849.0000,3851.6000,3851.8000,3852.0000,3852.2000,3852.6000,1,4,2,1,1,1,2,2,7,10
SF,IF2006,2020-05-06 09:33:21.600,3852.0000,46075,-5,2183704560.000,5,0,5,双平,S,3850.6000,3850.0000,3849.6000,3849.4000,3849.0000,3852.2000,3852.6000,3853.0000,3853.2000,3854.6000,4,4,2,1,1,7,10,1,5,1
SF,IF2006,2020-05-06 09:33:22.100,3851.0000,46076,1,2184859860.000,1,1,0,双开,S,3851.6000,3850.8000,3850.6000,3850.0000,3849.6000,3852.0000,3852.2000,3852.4000,3852.6000,3853.0000,5,1,3,4,2,1,7,1,10,1
SF,IF2006,2020-05-06 09:33:22.600,3851.6000,46076,0,2191792860.000,6,3,3,多换,S,3852.0000,3850.6000,3850.0000,3849.6000,3849.4000,3852.2000,3852.4000,3852.6000,3853.0000,3853.2000,1,3,4,2,1,7,1,10,1,5
SF,IF2006,2020-05-06 09:33:23.100,3852.0000,46076,0,2195259660.000,3,1,2,多换,S,3851.6000,3850.6000,3850.0000,3849.6000,3849.4000,3852.0000,3852.2000,3852.4000,3852.6000,3853.0000,1,3,4,2,1,1,7,1,10,1
SF,IF2006,2020-05-06 09:33:23.600,3852.0000,46076,0,2195259660.000,0,-,-,-,-,3852.0000,3851.6000,3850.6000,3850.0000,3849.6000,3852.2000,3852.4000,3852.6000,3853.0000,3853.2000,1,1,2,4,2,8,1,10,1,5
SF,IF2006,2020-05-06 09:33:24.100,3851.6000,46075,-1,2199881940.000,4,1,3,多平,S,3850.6000,3850.0000,3849.6000,3849.4000,3849.0000,3852.2000,3852.4000,3852.6000,3853.0000,3853.2000,2,4,2,1,1,8,1,10,1,5
SF,IF2006,2020-05-06 09:33:24.600,3851.6000,46075,0,2199881940.000,0,-,-,-,-,3851.0000,3850.6000,3850.0000,3849.6000,3849.4000,3852.0000,3852.2000,3852.4000,3852.6000,3853.0000,1,1,4,2,1,1,8,2,10,1
SF,IF2006,2020-05-06 09:33:25.100,3852.0000,46075,0,2203348740.000,3,1,2,多换,S,3851.2000,3851.0000,3850.0000,3849.6000,3849.4000,3852.2000,3852.4000,3852.6000,3853.0000,3853.2000,1,1,4,2,1,8,2,10,1,5
SF,IF2006,2020-05-06 09:33:25.600,3852.0000,46075,0,2203348740.000,0,-,-,-,-,3851.2000,3851.0000,3850.0000,3849.6000,3849.4000,3852.2000,3852.4000,3852.6000,3853.0000,3853.2000,2,1,4,2,1,8,2,10,1,5
SF,IF2006,2020-05-06 09:33:26.100,3852.2000,46074,-1,2205660060.000,2,0,2,多平,S,3851.4000,3851.2000,3851.0000,3850.0000,3849.6000,3851.8000,3852.2000,3852.4000,3852.6000,3853.0000,1,2,1,4,2,2,6,4,10,1
SF,IF2006,2020-05-06 09:33:26.600,3852.0000,46075,1,2209126740.000,3,2,1,空开,S,3851.6000,3851.4000,3851.2000,3851.0000,3850.0000,3852.2000,3852.4000,3852.6000,3853.0000,3853.2000,1,1,1,1,4,6,4,10,1,5
SF,IF2006,2020-05-06 09:33:27.100,3852.0000,46075,0,2209126740.000,0,-,-,-,-,3851.8000,3851.4000,3851.2000,3851.0000,3850.0000,3852.2000,3852.4000,3852.6000,3853.0000,3853.2000,3,1,1,1,6,6,5,10,1,5
SF,IF2006,2020-05-06 09:33:27.600,3852.0000,46078,3,2214904500.000,5,4,1,空开,S,3851.0000,3850.0000,3849.6000,3849.4000,3848.0000,3852.2000,3852.4000,3852.6000,3853.0000,3853.2000,1,6,2,1,2,6,5,10,2,5
SF,IF2006,2020-05-06 09:33:28.100,3851.8000,46077,-1,2216060040.000,1,0,1,双平,S,3851.0000,3850.0000,3849.6000,3849.4000,3848.0000,3852.0000,3852.2000,3852.4000,3852.6000,3852.8000,1,6,2,1,2,1,6,5,10,1
SF,IF2006,2020-05-06 09:33:28.600,3851.8000,46076,-1,2217215580.000,1,0,1,双平,S,3850.0000,3849.6000,3849.4000,3848.0000,3847.4000,3852.0000,3852.2000,3852.4000,3852.6000,3852.8000,6,2,1,2,1,2,7,5,10,1
SF,IF2006,2020-05-06 09:33:29.100,3852.0000,46077,1,2221837860.000,4,2,2,空开,S,3850.2000,3850.0000,3849.6000,3849.4000,3848.0000,3852.2000,3852.4000,3852.6000,3852.8000,3853.0000,1,2,1,1,2,7,5,10,1,2
SF,IF2006,2020-05-06 09:33:29.600,3852.0000,46077,0,2221837860.000,0,-,-,-,-,3850.4000,3850.2000,3850.0000,3849.6000,3849.4000,3852.0000,3852.2000,3852.4000,3852.6000,3852.8000,1,2,2,1,1,1,8,6,10,1
SF,IF2006,2020-05-06 09:33:30.100,3852.0000,46077,0,2221837860.000,0,-,-,-,-,3850.8000,3850.6000,3850.4000,3850.0000,3849.6000,3852.0000,3852.2000,3852.4000,3852.6000,3852.8000,1,1,2,2,1,2,7,6,10,1
SF,IF2006,2020-05-06 09:33:30.600,3852.2000,46074,-3,2226460380.000,4,0,4,多平,S,3851.0000,3850.8000,3850.4000,3850.0000,3849.6000,3852.2000,3852.4000,3852.6000,3852.8000,3853.0000,1,2,1,2,1,5,6,10,1,2
SF,IF2006,2020-05-06 09:33:31.100,3852.2000,46074,0,2226460380.000,0,-,-,-,-,3852.0000,3851.0000,3850.8000,3850.4000,3850.0000,3852.2000,3852.4000,3852.6000,3852.8000,3853.0000,1,1,2,1,2,5,7,10,1,2
SF,IF2006,2020-05-06 09:33:31.600,3852.2000,46074,0,2229927300.000,3,1,2,多换,S,3851.2000,3851.0000,3850.8000,3850.4000,3850.0000,3852.2000,3852.4000,3852.6000,3852.8000,3853.0000,1,1,2,1,2,3,8,10,1,2
SF,IF2006,2020-05-06 09:33:32.100,3851.4000,46072,-2,2232238380.000,2,0,2,双平,S,3852.0000,3851.4000,3851.2000,3850.8000,3850.4000,3852.2000,3852.4000,3852.6000,3852.8000,3853.0000,3,1,2,1,1,2,8,10,1,2
SF,IF2006,2020-05-06 09:33:32.600,3851.4000,46074,2,2236860600.000,4,3,1,空开,S,3851.2000,3850.8000,3850.4000,3850.0000,3849.6000,3852.2000,3852.4000,3852.6000,3852.8000,3853.0000,2,1,1,2,1,2,8,10,1,2
SF,IF2006,2020-05-06 09:33:33.100,3852.2000,46074,0,2238016260.000,1,0,1,多换,S,3851.4000,3851.2000,3850.8000,3850.0000,3849.6000,3852.2000,3852.4000,3852.6000,3852.8000,3853.0000,1,1,1,2,1,1,8,11,1,2
SF,IF2006,2020-05-06 09:33:33.600,3851.4000,46074,0,2239171680.000,1,0,1,多换,S,3851.4000,3851.2000,3850.8000,3850.0000,3849.6000,3852.2000,3852.4000,3852.6000,3852.8000,3853.0000,1,1,1,2,1,1,9,11,1,2
SF,IF2006,2020-05-06 09:33:34.100,3851.4000,46074,0,2239171680.000,0,-,-,-,-,3851.4000,3851.2000,3850.8000,3850.0000,3849.6000,3852.0000,3852.2000,3852.4000,3852.6000,3852.8000,1,1,1,2,1,1,1,9,11,1
SF,IF2006,2020-05-06 09:33:34.600,3852.0000,46074,0,2240327280.000,1,0,1,多换,S,3851.4000,3851.2000,3850.8000,3850.0000,3849.6000,3852.2000,3852.4000,3852.6000,3852.8000,3853.0000,1,1,1,2,1,2,9,11,1,7
SF,IF2006,2020-05-06 09:33:35.100,3852.0000,46074,0,2240327280.000,0,-,-,-,-,3851.4000,3851.2000,3851.0000,3850.8000,3850.0000,3852.2000,3852.4000,3852.6000,3852.8000,3853.0000,1,1,2,1,2,2,9,11,1,7
SF,IF2006,2020-05-06 09:33:35.600,3852.2000,46074,0,2241482940.000,1,0,1,多换,S,3851.2000,3851.0000,3850.8000,3850.0000,3849.6000,3852.2000,3852.4000,3852.6000,3852.8000,3853.0000,1,3,1,2,1,1,9,11,1,7
SF,IF2006,2020-05-06 09:33:36.100,3852.2000,46073,-1,2243794260.000,2,0,2,多平,S,3851.4000,3851.2000,3851.0000,3850.8000,3850.0000,3852.2000,3852.4000,3852.6000,3852.8000,3853.0000,3,1,3,1,2,1,10,11,1,7
SF,IF2006,2020-05-06 09:33:36.600,3852.4000,46065,-8,2253039960.000,8,0,8,双平,S,3851.6000,3851.4000,3851.2000,3851.0000,3850.8000,3852.4000,3852.6000,3852.8000,3853.0000,3853.2000,2,3,1,3,1,3,11,1,7,5
SF,IF2006,2020-05-06 09:33:37.100,3852.4000,46066,1,2255351400.000,2,1,1,空开,S,3852.2000,3852.0000,3851.8000,3851.6000,3851.4000,3852.4000,3852.6000,3852.8000,3853.0000,3853.2000,1,1,1,3,1,1,11,1,7,5
SF,IF2006,2020-05-06 09:33:37.600,3852.2000,46064,-2,2257662780.000,2,0,2,双平,S,3852.4000,3852.2000,3852.0000,3851.8000,3851.6000,3852.6000,3852.8000,3853.0000,3853.2000,3854.6000,2,1,1,2,2,11,1,7,5,1
SF,IF2006,2020-05-06 09:33:38.100,3852.2000,46065,1,2258818440.000,1,1,0,双开,S,3852.4000,3852.2000,3851.8000,3851.6000,3851.2000,3852.6000,3852.8000,3853.0000,3853.2000,3854.6000,2,2,2,2,2,11,1,7,5,1
SF,IF2006,2020-05-06 09:33:38.600,3852.6000,46062,-3,2262285780.000,3,0,3,双平,S,3852.4000,3852.2000,3851.8000,3851.6000,3851.2000,3852.6000,3852.8000,3853.0000,3853.2000,3854.6000,3,2,1,2,2,8,1,8,5,1
SF,IF2006,2020-05-06 09:33:39.100,3852.6000,46057,-5,2269220400.000,6,0,6,多平,S,3852.4000,3852.2000,3851.8000,3851.6000,3851.2000,3852.6000,3852.8000,3853.0000,3853.2000,3854.6000,2,2,1,1,2,3,1,8,5,1
SF,IF2006,2020-05-06 09:33:39.600,3850.0000,46053,-4,2286552720.000,15,5,10,多平,S,3850.0000,3849.6000,3849.4000,3848.0000,3847.4000,3852.8000,3853.0000,3853.2000,3854.6000,3855.0000,1,1,1,2,1,2,8,5,1,2
SF,IF2006,2020-05-06 09:33:40.100,3850.0000,46053,0,2286552720.000,0,-,-,-,-,3851.4000,3851.0000,3850.4000,3850.2000,3850.0000,3852.6000,3852.8000,3853.0000,3853.2000,3854.6000,3,3,1,13,3,2,2,8,5,1
SF,IF2006,2020-05-06 09:33:40.600,3850.0000,46053,0,2286552720.000,0,-,-,-,-,3851.8000,3851.6000,3851.0000,3850.8000,3850.4000,3852.8000,3853.0000,3853.2000,3854.6000,3855.0000,1,1,1,1,1,2,8,5,1,2
SF,IF2006,2020-05-06 09:33:41.100,3852.8000,46053,0,2287708560.000,1,0,1,多换,S,3852.0000,3851.8000,3851.0000,3850.8000,3850.6000,3852.8000,3853.0000,3853.2000,3854.4000,3854.6000,2,1,1,1,2,1,9,5,1,1
SF,IF2006,2020-05-06 09:33:41.600,3852.0000,46053,0,2288864160.000,1,0,1,多换,S,3852.6000,3852.0000,3851.8000,3851.0000,3850.8000,3852.8000,3853.0000,3853.2000,3854.4000,3854.6000,1,1,1,1,1,1,9,5,1,1
SF,IF2006,2020-05-06 09:33:42.100,3852.6000,46052,-1,2291175720.000,2,0,2,多平,S,3852.0000,3851.8000,3851.0000,3850.8000,3850.6000,3852.8000,3853.0000,3853.2000,3854.4000,3854.6000,1,1,1,1,2,1,9,5,1,1
SF,IF2006,2020-05-06 09:33:42.600,3852.6000,46053,1,2292331500.000,1,1,0,双开,S,3852.0000,3851.8000,3851.0000,3850.8000,3850.6000,3852.8000,3853.0000,3853.2000,3854.4000,3854.6000,1,1,1,2,2,1,9,5,1,1
SF,IF2006,2020-05-06 09:33:43.100,3852.0000,46052,-1,2294642700.000,2,0,2,多平,S,3851.0000,3850.8000,3850.6000,3850.4000,3850.2000,3852.0000,3852.6000,3852.8000,3853.0000,3853.2000,1,2,2,4,11,1,1,1,9,5
SF,IF2006,2020-05-06 09:33:43.600,3852.0000,46052,0,2296953900.000,2,1,1,多换,S,3851.6000,3851.4000,3851.2000,3851.0000,3850.8000,3852.6000,3852.8000,3853.0000,3853.2000,3854.4000,3,1,9,1,1,1,1,9,5,1
SF,IF2006,2020-05-06 09:33:44.100,3851.2000,46053,1,2298109260.000,1,1,0,双开,S,3851.2000,3851.0000,3850.8000,3850.6000,3850.2000,3852.4000,3852.6000,3852.8000,3853.0000,3853.2000,6,1,1,2,3,1,1,1,9,5
SF,IF2006,2020-05-06 09:33:44.600,3851.2000,46053,0,2298109260.000,0,-,-,-,-,3851.4000,3851.2000,3851.0000,3850.8000,3850.4000,3852.0000,3852.2000,3852.4000,3852.6000,3852.8000,1,1,1,1,1,1,2,1,1,1
SF,IF2006,2020-05-06 09:33:45.100,3851.8000,46054,1,2299264800.000,1,1,0,双开,S,3851.4000,3851.2000,3851.0000,3850.8000,3850.4000,3851.6000,3852.0000,3852.2000,3852.4000,3852.6000,1,1,1,1,1,2,1,1,1,1
SF,IF2006,2020-05-06 09:33:45.600,3852.0000,46052,-2,2303886780.000,4,1,3,多平,S,3851.0000,3850.8000,3850.2000,3850.0000,3849.6000,3852.2000,3852.4000,3852.6000,3852.8000,3853.0000,1,1,1,2,2,1,1,1,1,9
SF,IF2006,2020-05-06 09:33:46.100,3852.0000,46051,-1,2307352920.000,3,1,2,多平,S,3850.2000,3850.0000,3849.6000,3849.4000,3848.6000,3852.2000,3852.4000,3852.6000,3852.8000,3853.0000,1,2,2,2,1,1,2,1,1,9
SF,IF2006,2020-05-06 09:33:46.600,3852.0000,46051,0,2307352920.000,0,-,-,-,-,3850.4000,3850.2000,3850.0000,3849.6000,3849.4000,3852.0000,3852.2000,3852.4000,3852.6000,3852.8000,1,1,2,1,2,1,1,2,1,1
SF,IF2006,2020-05-06 09:33:47.100,3852.0000,46051,0,2307352920.000,0,-,-,-,-,3850.0000,3849.6000,3849.4000,3849.0000,3848.6000,3851.8000,3852.0000,3852.4000,3852.6000,3852.8000,2,1,2,1,1,2,1,2,1,1
SF,IF2006,2020-05-06 09:33:47.600,3852.0000,46051,0,2307352920.000,0,-,-,-,-,3850.4000,3850.2000,3850.0000,3849.6000,3849.4000,3851.8000,3852.0000,3852.4000,3852.6000,3852.8000,1,6,3,1,1,2,1,2,1,1
SF,IF2006,2020-05-06 09:33:48.100,3850.6000,46051,0,2308508100.000,1,0,1,多换,S,3850.6000,3850.2000,3850.0000,3849.6000,3849.4000,3851.8000,3852.0000,3852.4000,3852.6000,3852.8000,1,4,2,1,1,2,1,2,1,1
SF,IF2006,2020-05-06 09:33:48.600,3851.8000,46051,0,2309663640.000,1,0,1,多换,S,3850.8000,3850.6000,3850.4000,3850.2000,3850.0000,3851.8000,3852.4000,3852.6000,3852.8000,3853.0000,1,1,1,4,2,1,2,1,1,9
SF,IF2006,2020-05-06 09:33:49.100,3851.8000,46051,0,2310819180.000,1,0,1,多换,S,3851.0000,3850.8000,3850.4000,3850.2000,3850.0000,3852.4000,3852.6000,3852.8000,3853.0000,3853.2000,1,2,1,3,1,2,1,1,9,5
SF,IF2006,2020-05-06 09:33:49.600,3851.8000,46051,0,2310819180.000,0,-,-,-,-,3851.0000,3850.8000,3850.4000,3850.2000,3850.0000,3852.0000,3852.2000,3852.4000,3853.0000,3853.2000,1,2,1,3,1,1,2,2,9,5
SF,IF2006,2020-05-06 09:33:50.100,3852.2000,46050,-1,2311974840.000,1,0,1,双平,S,3851.0000,3850.8000,3850.6000,3850.4000,3850.2000,3852.4000,3853.0000,3853.2000,3854.4000,3854.6000,1,2,1,1,3,2,9,5,1,1
SF,IF2006,2020-05-06 09:33:50.600,3852.2000,46050,0,2311974840.000,0,-,-,-,-,3851.2000,3851.0000,3850.8000,3850.6000,3850.4000,3852.2000,3852.4000,3853.0000,3853.2000,3854.4000,1,2,1,1,1,2,2,9,5,1
SF,IF2006,2020-05-06 09:33:51.100,3852.0000,46049,-1,2313130440.000,1,0,1,双平,S,3851.4000,3851.2000,3850.8000,3850.6000,3850.4000,3852.4000,3853.0000,3853.2000,3854.4000,3854.6000,1,2,1,1,1,1,8,5,1,1
SF,IF2006,2020-05-06 09:33:51.600,3852.0000,46049,0,2313130440.000,0,-,-,-,-,3851.4000,3851.2000,3850.8000,3850.6000,3850.4000,3852.4000,3853.0000,3853.2000,3854.4000,3854.6000,2,2,1,1,1,4,8,5,1,1
SF,IF2006,2020-05-06 09:33:52.100,3852.0000,46049,0,2313130440.000,0,-,-,-,-,3852.2000,3851.4000,3851.2000,3850.8000,3850.6000,3852.4000,3853.0000,3853.2000,3854.4000,3854.6000,1,2,2,6,1,4,8,5,1,1
SF,IF2006,2020-05-06 09:33:52.600,3852.4000,46045,-4,2317753320.000,4,0,4,双平,S,3852.2000,3852.0000,3851.6000,3851.4000,3851.2000,3853.0000,3853.2000,3854.4000,3854.6000,3855.0000,1,1,1,2,2,8,5,1,1,2
SF,IF2006,2020-05-06 09:33:53.100,3852.4000,46045,0,2317753320.000,0,-,-,-,-,3852.2000,3852.0000,3851.6000,3851.4000,3851.2000,3852.8000,3853.0000,3853.2000,3854.4000,3854.6000,1,1,1,2,2,2,8,5,1,1
SF,IF2006,2020-05-06 09:33:53.600,3852.4000,46045,0,2317753320.000,0,-,-,-,-,3852.2000,3852.0000,3851.6000,3851.4000,3851.2000,3852.6000,3852.8000,3853.0000,3853.2000,3854.4000,1,1,1,1,1,1,1,8,5,1
SF,IF2006,2020-05-06 09:33:54.100,3852.2000,46045,0,2318908980.000,1,0,1,多换,S,3852.0000,3851.6000,3851.4000,3851.2000,3851.0000,3852.2000,3852.6000,3852.8000,3853.0000,3853.2000,1,1,1,1,2,1,1,1,8,5
SF,IF2006,2020-05-06 09:33:54.600,3852.6000,46043,-2,2323531740.000,4,1,3,多平,S,3852.2000,3852.0000,3851.8000,3851.4000,3851.2000,3852.8000,3853.0000,3853.2000,3854.4000,3854.6000,1,1,1,1,1,1,8,5,1,1
SF,IF2006,2020-05-06 09:33:55.100,3852.8000,46041,-2,2325843420.000,2,0,2,双平,S,3852.4000,3852.2000,3852.0000,3851.8000,3851.2000,3852.8000,3853.0000,3853.2000,3854.4000,3854.6000,1,2,1,1,1,1,8,5,1,1
SF,IF2006,2020-05-06 09:33:55.600,3852.8000,46040,-1,2326999260.000,1,0,1,双平,S,3852.4000,3852.2000,3852.0000,3851.8000,3851.0000,3853.0000,3853.2000,3854.4000,3854.6000,3855.0000,1,3,1,1,1,8,5,1,1,2
SF,IF2006,2020-05-06 09:33:56.100,3853.0000,46040,0,2328155160.000,1,0,1,多换,S,3852.6000,3852.4000,3852.2000,3852.0000,3851.8000,3853.0000,3853.2000,3854.4000,3854.6000,3855.0000,1,1,4,1,1,7,5,1,1,2
SF,IF2006,2020-05-06 09:33:56.600,3852.8000,46037,-3,2336246400.000,7,2,5,多平,S,3852.8000,3852.6000,3852.2000,3852.0000,3851.8000,3853.0000,3853.2000,3854.4000,3854.6000,3855.0000,3,1,4,1,1,1,5,1,1,2
SF,IF2006,2020-05-06 09:33:57.100,3853.0000,46036,-1,2337402300.000,1,0,1,双平,S,3853.0000,3852.8000,3852.6000,3852.2000,3852.0000,3853.2000,3854.4000,3854.6000,3855.0000,3856.0000,1,1,1,3,1,5,1,1,2,2
SF,IF2006,2020-05-06 09:33:57.600,3853.0000,46036,0,2337402300.000,0,-,-,-,-,3853.0000,3852.8000,3852.6000,3852.2000,3852.0000,3853.2000,3854.4000,3854.6000,3855.0000,3856.0000,3,1,1,3,1,5,1,1,2,2
SF,IF2006,2020-05-06 09:33:58.100,3853.0000,46036,0,2338558200.000,1,0,1,多换,S,3853.0000,3852.8000,3852.6000,3852.2000,3852.0000,3853.2000,3854.4000,3854.6000,3855.0000,3856.0000,2,2,1,3,1,5,1,1,2,2
SF,IF2006,2020-05-06 09:33:58.600,3852.8000,46035,-1,2342025840.000,3,1,2,多平,S,3852.6000,3852.2000,3852.0000,3851.8000,3851.0000,3853.2000,3854.4000,3854.6000,3855.0000,3856.0000,1,3,1,1,2,5,1,1,2,2
SF,IF2006,2020-05-06 09:33:59.100,3852.8000,46035,0,2342025840.000,0,-,-,-,-,3852.6000,3852.2000,3852.0000,3851.8000,3851.0000,3853.2000,3854.4000,3854.6000,3855.0000,3856.0000,1,3,1,1,2,5,1,1,3,2
SF,IF2006,2020-05-06 09:33:59.600,3852.6000,46035,0,2343181620.000,1,0,1,多换,S,3852.2000,3852.0000,3851.8000,3851.0000,3850.8000,3852.6000,3853.0000,3853.2000,3854.4000,3854.6000,3,1,1,2,6,3,1,5,1,1
SF,IF2006,2020-05-06 09:34:00.100,3852.4000,46031,-4,2354738760.000,10,3,7,多平,S,3852.0000,3851.8000,3851.0000,3850.8000,3850.4000,3852.4000,3853.0000,3853.2000,3854.4000,3854.6000,1,1,2,6,2,1,1,5,1,1
SF,IF2006,2020-05-06 09:34:00.600,3852.4000,46028,-3,2361672660.000,6,1,5,多平,S,3851.0000,3850.8000,3850.4000,3850.2000,3850.0000,3851.8000,3853.0000,3853.2000,3854.4000,3854.6000,2,6,2,4,2,1,1,5,1,1
SF,IF2006,2020-05-06 09:34:01.100,3852.4000,46028,0,2362828380.000,1,0,1,多换,S,3851.4000,3851.2000,3851.0000,3850.8000,3850.4000,3853.0000,3853.2000,3854.4000,3854.6000,3855.0000,6,1,2,6,2,1,5,1,1,3
SF,IF2006,2020-05-06 09:34:01.600,3852.4000,46028,0,2362828380.000,0,-,-,-,-,3851.6000,3851.4000,3851.0000,3850.8000,3850.4000,3853.0000,3853.2000,3854.4000,3854.6000,3855.0000,1,6,2,6,2,2,5,1,1,3
SF,IF2006,2020-05-06 09:34:02.100,3852.4000,46028,0,2362828380.000,0,-,-,-,-,3851.6000,3851.4000,3851.0000,3850.8000,3850.4000,3853.0000,3853.2000,3854.4000,3854.6000,3855.0000,2,6,2,6,2,5,5,1,1,3
SF,IF2006,2020-05-06 09:34:02.600,3851.6000,46027,-1,2365139460.000,2,0,2,多平,S,3851.6000,3851.0000,3850.8000,3850.4000,3850.2000,3853.0000,3853.2000,3854.4000,3854.6000,3855.0000,1,2,6,2,3,4,5,1,1,3
SF,IF2006,2020-05-06 09:34:03.100,3851.6000,46027,0,2365139460.000,0,-,-,-,-,3852.0000,3851.8000,3851.6000,3851.0000,3850.8000,3853.0000,3853.2000,3854.4000,3854.6000,3855.0000,5,6,1,2,6,4,5,1,1,3
SF,IF2006,2020-05-06 09:34:03.600,3853.0000,46024,-3,2368607160.000,3,0,3,双平,S,3852.2000,3852.0000,3851.8000,3851.6000,3851.0000,3853.0000,3853.2000,3854.0000,3854.4000,3854.6000,1,5,5,1,2,1,5,1,1,1
SF,IF2006,2020-05-06 09:34:04.100,3853.0000,46024,0,2368607160.000,0,-,-,-,-,3852.2000,3851.8000,3851.0000,3850.8000,3850.4000,3853.0000,3853.2000,3854.0000,3854.4000,3854.6000,1,5,2,6,2,1,5,1,1,1
SF,IF2006,2020-05-06 09:34:04.600,3852.4000,46022,-2,2372074500.000,3,0,3,多平,S,3852.4000,3852.2000,3851.8000,3851.0000,3850.8000,3853.2000,3854.0000,3854.4000,3854.6000,3855.0000,4,1,5,2,6,5,1,1,1,4
SF,IF2006,2020-05-06 09:34:05.100,3852.4000,46020,-2,2375541660.000,3,0,3,多平,S,3851.8000,3851.0000,3850.8000,3850.6000,3850.4000,3852.2000,3853.0000,3853.2000,3854.0000,3854.4000,5,2,6,1,2,1,1,5,1,1
SF,IF2006,2020-05-06 09:34:05.600,3851.8000,46019,-1,2379008280.000,3,1,2,多平,S,3851.8000,3851.0000,3850.8000,3850.6000,3850.4000,3852.2000,3853.0000,3853.2000,3854.0000,3854.4000,2,2,6,1,2,1,1,5,1,1
SF,IF2006,2020-05-06 09:34:06.100,3851.8000,46019,0,2381319360.000,2,1,1,多换,S,3851.8000,3851.0000,3850.8000,3850.6000,3850.4000,3852.2000,3853.0000,3853.2000,3854.0000,3854.4000,1,2,6,1,2,1,1,5,1,1
SF,IF2006,2020-05-06 09:34:06.600,3851.8000,46018,-1,2382474900.000,1,0,1,双平,S,3851.0000,3850.8000,3850.6000,3850.4000,3850.2000,3851.6000,3852.2000,3853.0000,3853.2000,3854.0000,2,6,1,2,3,1,1,1,5,1
SF,IF2006,2020-05-06 09:34:07.100,3851.8000,46018,0,2382474900.000,0,-,-,-,-,3851.0000,3850.8000,3850.6000,3850.4000,3850.2000,3852.2000,3853.0000,3853.2000,3854.0000,3854.4000,2,6,1,2,3,1,1,5,1,1
SF,IF2006,2020-05-06 09:34:07.600,3851.8000,46018,0,2382474900.000,0,-,-,-,-,3851.2000,3851.0000,3850.8000,3850.6000,3850.4000,3851.8000,3852.0000,3852.2000,3853.2000,3854.0000,1,2,6,1,2,1,1,1,5,1
SF,IF2006,2020-05-06 09:34:08.100,3851.8000,46018,0,2382474900.000,0,-,-,-,-,3851.6000,3851.2000,3851.0000,3850.8000,3850.4000,3851.8000,3852.0000,3852.2000,3853.2000,3854.0000,1,1,2,6,2,1,1,1,5,1
SF,IF2006,2020-05-06 09:34:08.600,3851.6000,46017,-1,2383630380.000,1,0,1,双平,S,3851.2000,3851.0000,3850.8000,3850.4000,3850.2000,3851.8000,3852.0000,3852.2000,3853.2000,3854.0000,1,2,6,2,3,1,1,1,5,1
SF,IF2006,2020-05-06 09:34:09.100,3851.6000,46017,0,2383630380.000,0,-,-,-,-,3851.2000,3851.0000,3850.8000,3850.4000,3850.2000,3851.8000,3852.0000,3852.2000,3853.2000,3854.0000,1,2,6,2,3,1,1,1,5,1
SF,IF2006,2020-05-06 09:34:09.600,3851.8000,46016,-1,2384785920.000,1,0,1,双平,S,3851.2000,3851.0000,3850.8000,3850.4000,3850.2000,3851.8000,3852.0000,3852.2000,3853.2000,3854.0000,1,2,6,2,3,1,1,1,5,1
