市场代码,合约代码,时间,最新,持仓,增仓,成交额,成交量,开仓,平仓,成交类型,方向,买一价,买二价,买三价,买四价,买五价,卖一价,卖二价,卖三价,卖四价,卖五价,买一量,买二量,买三量,买四量,买五量,卖一量,卖二量,卖三量,卖四量,卖五量
SF,IF2005,2020-03-25 09:29:00.200,3628.0000,902,0,17414400.000,16.000,-,-,-,-,3627.0000,3619.8000,3592.0000,3590.0000,3585.0000,3628.0000,3688.0000,3690.0000,3694.4000,3694.6000,1,1,2,3,1,4,1,1,1,1
SF,IF2005,2020-03-25 09:30:00.200,3638.8000,901,-1,22859640.000,5,2,3,多平,S,3660.8000,3659.4000,3658.2000,3656.4000,3655.2000,3675.8000,3688.0000,3688.2000,3690.0000,3694.4000,2,2,1,1,2,2,4,2,1,1
SF,IF2005,2020-03-25 09:30:00.700,3638.8000,901,0,22859640.000,0,-,-,-,-,3661.0000,3660.8000,3659.4000,3658.2000,3656.4000,3667.2000,3670.8000,3671.2000,3671.6000,3673.8000,4,2,2,1,1,1,1,2,1,1
SF,IF2005,2020-03-25 09:30:01.200,3671.6000,898,-3,26159580.000,3,0,3,双平,S,3667.2000,3666.0000,3664.0000,3663.4000,3663.2000,3675.6000,3675.8000,3680.0000,3686.2000,3688.0000,1,1,1,1,1,2,3,4,1,4
SF,IF2005,2020-03-25 09:30:01.700,3673.6000,897,-1,27261660.000,1,0,1,双平,S,3667.4000,3667.2000,3663.4000,3663.2000,3663.0000,3671.2000,3673.8000,3675.4000,3675.6000,3675.8000,1,1,1,1,1,1,1,2,2,2
SF,IF2005,2020-03-25 09:30:02.200,3675.8000,892,-5,34978680.000,7,1,6,多平,S,3667.6000,3667.2000,3663.4000,3663.2000,3663.0000,3671.0000,3674.6000,3675.8000,3678.0000,3680.0000,1,1,1,2,1,1,1,1,2,4
SF,IF2005,2020-03-25 09:30:02.700,3667.6000,892,0,38279700.000,3,1,2,多换,S,3667.2000,3663.2000,3663.0000,3662.4000,3662.0000,3671.0000,3674.6000,3678.0000,3680.0000,3688.0000,1,1,1,1,1,1,1,2,4,4
SF,IF2005,2020-03-25 09:30:03.200,3670.8000,892,0,39380940.000,1,0,1,多换,S,3669.0000,3663.2000,3663.0000,3662.4000,3662.0000,3670.8000,3671.0000,3674.6000,3678.0000,3680.0000,1,1,1,1,1,5,1,1,2,4
SF,IF2005,2020-03-25 09:30:03.700,3669.0000,890,-2,42684120.000,3,0,3,多平,S,3668.4000,3667.2000,3663.2000,3663.0000,3662.4000,3670.6000,3670.8000,3674.6000,3675.0000,3675.2000,2,1,1,1,1,1,3,1,2,1
SF,IF2005,2020-03-25 09:30:04.200,3668.4000,889,-1,44885160.000,2,0,2,多平,S,3663.2000,3662.4000,3662.0000,3661.8000,3661.2000,3670.4000,3674.6000,3674.8000,3675.0000,3675.2000,1,1,1,1,1,4,1,2,2,1
SF,IF2005,2020-03-25 09:30:04.700,3668.4000,889,0,44885160.000,0,-,-,-,-,3664.0000,3663.4000,3663.2000,3662.4000,3662.0000,3670.4000,3670.8000,3674.8000,3675.0000,3675.2000,1,2,1,1,1,4,1,2,2,1
SF,IF2005,2020-03-25 09:30:05.200,3664.2000,889,0,47083680.000,2,1,1,多换,S,3664.0000,3662.0000,3661.8000,3661.0000,3658.2000,3670.2000,3670.4000,3670.8000,3674.8000,3675.0000,1,1,1,1,1,2,4,1,2,2
SF,IF2005,2020-03-25 09:30:05.700,3664.2000,889,0,47083680.000,0,-,-,-,-,3664.2000,3662.0000,3661.8000,3661.0000,3658.2000,3668.2000,3670.0000,3670.2000,3670.8000,3674.8000,1,1,1,1,1,2,4,2,1,2
SF,IF2005,2020-03-25 09:30:06.200,3668.0000,890,1,49284480.000,2,1,1,空开,S,3664.2000,3662.0000,3661.8000,3661.0000,3658.2000,3668.0000,3668.2000,3670.2000,3670.8000,3674.8000,1,1,1,1,1,4,2,1,1,2
SF,IF2005,2020-03-25 09:30:06.700,3668.0000,890,0,49284480.000,0,-,-,-,-,3664.0000,3662.0000,3661.8000,3661.0000,3658.2000,3668.0000,3668.2000,3670.2000,3670.8000,3674.8000,1,1,1,1,1,4,2,1,1,2
SF,IF2005,2020-03-25 09:30:07.200,3668.0000,890,0,49284480.000,0,-,-,-,-,3662.0000,3661.8000,3658.2000,3655.2000,3654.0000,3667.8000,3668.0000,3670.2000,3670.8000,3674.8000,1,1,1,2,1,1,5,1,1,2
SF,IF2005,2020-03-25 09:30:07.700,3668.0000,890,0,49284480.000,0,-,-,-,-,3662.2000,3662.0000,3661.8000,3655.2000,3654.0000,3664.0000,3664.2000,3667.6000,3667.8000,3670.8000,1,1,1,2,1,1,1,5,2,1
SF,IF2005,2020-03-25 09:30:08.200,3664.2000,889,-1,50383740.000,1,0,1,双平,S,3662.2000,3662.0000,3661.8000,3655.8000,3655.2000,3663.8000,3664.2000,3667.6000,3667.8000,3670.8000,1,1,1,1,2,3,1,2,1,1
SF,IF2005,2020-03-25 09:30:08.700,3664.2000,889,0,50383740.000,0,-,-,-,-,3662.2000,3662.0000,3661.8000,3655.8000,3655.2000,3663.8000,3664.2000,3667.6000,3667.8000,3670.8000,1,1,1,1,2,3,1,2,1,1
SF,IF2005,2020-03-25 09:30:09.200,3663.8000,890,1,51482880.000,1,1,0,双开,S,3662.2000,3662.0000,3661.8000,3655.8000,3655.2000,3663.8000,3664.2000,3667.6000,3667.8000,3670.8000,1,1,1,1,2,2,1,1,1,1
SF,IF2005,2020-03-25 09:30:09.700,3662.0000,888,-2,55878300.000,4,1,3,多平,S,3661.8000,3655.8000,3655.2000,3654.0000,3653.4000,3663.8000,3664.2000,3667.8000,3670.8000,3674.8000,1,1,2,1,1,2,1,1,1,2
SF,IF2005,2020-03-25 09:30:10.200,3662.0000,888,0,55878300.000,0,-,-,-,-,3662.0000,3661.8000,3655.8000,3655.2000,3654.0000,3662.2000,3663.6000,3663.8000,3664.2000,3667.8000,1,1,1,2,1,1,1,2,1,1
SF,IF2005,2020-03-25 09:30:10.700,3663.6000,885,-3,60273180.000,4,0,4,多平,S,3662.2000,3655.8000,3655.2000,3654.0000,3653.4000,3663.8000,3664.2000,3670.4000,3670.8000,3671.8000,1,1,2,1,1,2,1,1,1,1
SF,IF2005,2020-03-25 09:30:11.200,3663.6000,885,0,60273180.000,0,-,-,-,-,3662.4000,3662.2000,3655.8000,3655.2000,3654.0000,3663.8000,3664.2000,3670.4000,3670.8000,3674.8000,1,1,1,2,1,2,1,1,1,2
SF,IF2005,2020-03-25 09:30:11.700,3663.8000,885,0,62471460.000,2,1,1,多换,S,3662.4000,3662.2000,3655.8000,3655.2000,3654.0000,3670.4000,3670.8000,3674.8000,3675.0000,3675.2000,2,1,1,2,1,1,1,2,2,1
SF,IF2005,2020-03-25 09:30:12.200,3663.8000,885,0,62471460.000,0,-,-,-,-,3664.0000,3662.6000,3662.4000,3662.2000,3655.8000,3670.2000,3670.4000,3670.8000,3675.0000,3675.2000,1,1,2,1,1,2,3,1,2,1
SF,IF2005,2020-03-25 09:30:12.700,3663.8000,885,0,62471460.000,0,-,-,-,-,3664.2000,3664.0000,3663.4000,3663.2000,3662.4000,3670.2000,3670.4000,3675.0000,3675.2000,3675.4000,1,1,1,2,1,3,1,2,1,1
SF,IF2005,2020-03-25 09:30:13.200,3663.8000,885,0,62471460.000,0,-,-,-,-,3664.2000,3664.0000,3663.4000,3662.4000,3655.8000,3670.2000,3670.4000,3675.0000,3675.2000,3675.4000,1,1,1,1,1,3,1,2,1,1
SF,IF2005,2020-03-25 09:30:13.700,3663.8000,885,0,62471460.000,0,-,-,-,-,3665.0000,3664.4000,3664.2000,3664.0000,3662.4000,3670.2000,3670.4000,3675.0000,3675.2000,3675.4000,1,1,1,1,1,2,1,2,1,1
SF,IF2005,2020-03-25 09:30:14.200,3663.8000,885,0,62471460.000,0,-,-,-,-,3665.2000,3664.4000,3664.0000,3662.4000,3660.2000,3667.6000,3670.0000,3670.2000,3670.4000,3675.0000,1,1,1,1,2,1,1,2,1,2
SF,IF2005,2020-03-25 09:30:14.700,3663.8000,885,0,62471460.000,0,-,-,-,-,3665.2000,3664.4000,3664.0000,3660.2000,3655.8000,3667.6000,3670.0000,3670.2000,3670.4000,3675.0000,1,1,1,2,1,1,1,1,1,2
SF,IF2005,2020-03-25 09:30:15.200,3667.6000,884,-1,64671960.000,2,0,2,多平,S,3665.2000,3664.0000,3660.2000,3659.6000,3655.8000,3670.0000,3670.2000,3670.4000,3675.0000,3675.2000,1,1,2,1,1,1,1,1,2,1
SF,IF2005,2020-03-25 09:30:15.700,3667.6000,884,0,64671960.000,0,-,-,-,-,3665.4000,3665.2000,3664.0000,3660.2000,3659.6000,3669.8000,3670.4000,3675.0000,3675.2000,3680.0000,1,1,1,2,1,1,1,2,1,4
SF,IF2005,2020-03-25 09:30:16.200,3667.6000,884,0,64671960.000,0,-,-,-,-,3665.4000,3665.2000,3664.0000,3660.2000,3659.6000,3669.8000,3670.4000,3675.0000,3675.2000,3680.0000,1,1,1,2,1,2,1,2,1,4
SF,IF2005,2020-03-25 09:30:16.700,3667.6000,884,0,64671960.000,0,-,-,-,-,3666.2000,3665.6000,3665.4000,3665.2000,3664.0000,3669.8000,3670.4000,3675.0000,3675.2000,3680.0000,1,1,1,1,1,2,1,2,1,4
SF,IF2005,2020-03-25 09:30:17.200,3667.6000,884,0,64671960.000,0,-,-,-,-,3665.6000,3665.4000,3665.2000,3660.2000,3659.6000,3669.8000,3670.4000,3675.2000,3680.0000,3688.0000,1,1,1,2,1,2,1,1,4,4
SF,IF2005,2020-03-25 09:30:17.700,3667.6000,884,0,64671960.000,0,-,-,-,-,3666.4000,3665.6000,3665.4000,3665.2000,3660.2000,3669.8000,3670.4000,3675.2000,3680.0000,3688.0000,1,1,1,1,2,2,1,1,4,4
SF,IF2005,2020-03-25 09:30:18.200,3669.8000,885,1,66873840.000,2,1,1,空开,S,3666.4000,3665.6000,3665.4000,3665.2000,3660.2000,3669.6000,3670.4000,3675.2000,3680.0000,3688.0000,1,1,1,1,2,1,1,1,4,4
SF,IF2005,2020-03-25 09:30:18.700,3669.8000,885,0,67974780.000,1,0,1,多换,S,3666.6000,3666.4000,3665.6000,3665.4000,3665.2000,3670.4000,3675.2000,3680.0000,3688.0000,3690.0000,1,1,1,1,1,1,1,4,4,1
SF,IF2005,2020-03-25 09:30:19.200,3669.8000,885,0,67974780.000,0,-,-,-,-,3666.8000,3666.6000,3666.4000,3665.6000,3665.4000,3670.4000,3675.2000,3680.0000,3688.0000,3690.0000,1,1,1,1,1,1,1,4,4,1
SF,IF2005,2020-03-25 09:30:19.700,3669.8000,885,0,67974780.000,0,-,-,-,-,3667.0000,3666.8000,3666.4000,3665.6000,3665.4000,3670.4000,3675.2000,3680.0000,3688.0000,3690.0000,1,1,1,1,1,1,1,4,4,1
SF,IF2005,2020-03-25 09:30:20.200,3669.8000,885,0,67974780.000,0,-,-,-,-,3667.0000,3666.8000,3666.4000,3665.6000,3665.4000,3670.4000,3675.2000,3680.0000,3688.0000,3690.0000,1,1,1,1,1,1,1,4,4,1
SF,IF2005,2020-03-25 09:30:20.700,3669.8000,885,0,67974780.000,0,-,-,-,-,3667.2000,3667.0000,3666.8000,3666.4000,3665.6000,3670.4000,3675.2000,3680.0000,3688.0000,3690.0000,1,1,1,1,1,1,1,4,4,1
SF,IF2005,2020-03-25 09:30:21.200,3669.8000,885,0,67974780.000,0,-,-,-,-,3667.4000,3667.2000,3666.8000,3666.4000,3665.6000,3670.4000,3675.2000,3680.0000,3688.0000,3690.0000,1,1,1,1,1,1,1,4,4,1
SF,IF2005,2020-03-25 09:30:21.700,3669.8000,885,0,67974780.000,0,-,-,-,-,3667.6000,3667.4000,3667.2000,3666.8000,3666.4000,3670.4000,3675.2000,3680.0000,3688.0000,3690.0000,1,1,1,1,1,1,1,4,4,1
SF,IF2005,2020-03-25 09:30:22.200,3669.8000,885,0,67974780.000,0,-,-,-,-,3667.8000,3667.6000,3667.2000,3666.8000,3666.4000,3670.4000,3675.2000,3680.0000,3688.0000,3690.0000,1,1,1,1,1,1,1,4,4,1
SF,IF2005,2020-03-25 09:30:22.700,3669.8000,885,0,67974780.000,0,-,-,-,-,3668.0000,3667.8000,3667.6000,3667.2000,3666.8000,3670.4000,3680.0000,3688.0000,3690.0000,3704.8000,1,1,1,1,1,1,4,4,1,5
SF,IF2005,2020-03-25 09:30:23.200,3669.8000,885,0,67974780.000,0,-,-,-,-,3668.2000,3668.0000,3667.6000,3667.2000,3666.8000,3670.4000,3680.0000,3688.0000,3690.0000,3704.8000,1,1,1,1,1,1,4,4,1,5
SF,IF2005,2020-03-25 09:30:23.700,3669.8000,885,0,67974780.000,0,-,-,-,-,3668.2000,3668.0000,3667.6000,3667.2000,3666.8000,3670.4000,3680.0000,3688.0000,3690.0000,3704.8000,1,1,1,1,1,1,4,4,1,5
SF,IF2005,2020-03-25 09:30:24.200,3668.4000,883,-2,70175820.000,2,0,2,双平,S,3668.2000,3667.6000,3667.2000,3666.8000,3666.4000,3670.0000,3680.0000,3688.0000,3690.0000,3704.8000,1,1,1,1,1,1,4,4,1,5
SF,IF2005,2020-03-25 09:30:24.700,3668.4000,883,0,70175820.000,0,-,-,-,-,3668.2000,3667.6000,3667.2000,3666.8000,3665.2000,3670.0000,3680.0000,3688.0000,3690.0000,3704.8000,1,1,1,1,1,1,4,4,1,5
SF,IF2005,2020-03-25 09:30:25.200,3668.4000,883,0,70175820.000,0,-,-,-,-,3667.6000,3667.2000,3665.2000,3658.4000,3654.0000,3670.0000,3680.0000,3688.0000,3690.0000,3704.8000,1,1,1,1,1,1,4,4,1,5
SF,IF2005,2020-03-25 09:30:25.700,3668.4000,883,0,70175820.000,0,-,-,-,-,3667.8000,3667.6000,3667.2000,3665.2000,3658.4000,3670.0000,3680.0000,3688.0000,3690.0000,3704.8000,1,1,1,1,1,1,4,4,1,5
SF,IF2005,2020-03-25 09:30:26.200,3668.4000,883,0,70175820.000,0,-,-,-,-,3667.8000,3667.6000,3665.2000,3658.4000,3654.0000,3670.0000,3680.0000,3688.0000,3690.0000,3704.8000,1,1,1,1,1,1,4,4,1,5
SF,IF2005,2020-03-25 09:30:26.700,3668.4000,883,0,70175820.000,0,-,-,-,-,3667.8000,3667.6000,3665.2000,3658.4000,3654.0000,3670.0000,3680.0000,3688.0000,3690.0000,3704.8000,1,1,1,1,1,1,4,4,1,5
SF,IF2005,2020-03-25 09:30:27.200,3669.8000,882,-1,71276760.000,1,0,1,双平,S,3668.0000,3667.8000,3667.6000,3658.4000,3654.0000,3670.0000,3680.0000,3688.0000,3690.0000,3704.8000,2,1,1,1,1,1,4,4,1,5
SF,IF2005,2020-03-25 09:30:27.700,3669.8000,882,0,71276760.000,0,-,-,-,-,3668.2000,3668.0000,3658.4000,3654.0000,3650.0000,3670.0000,3680.0000,3688.0000,3690.0000,3704.8000,1,1,1,1,2,1,4,4,1,5
SF,IF2005,2020-03-25 09:30:28.200,3669.8000,882,0,71276760.000,0,-,-,-,-,3668.2000,3658.4000,3654.0000,3650.0000,3640.0000,3670.0000,3680.0000,3688.0000,3690.0000,3704.8000,1,1,1,2,1,1,4,4,1,5
SF,IF2005,2020-03-25 09:30:28.700,3669.8000,882,0,71276760.000,0,-,-,-,-,3668.2000,3658.4000,3654.0000,3650.0000,3640.0000,3670.0000,3680.0000,3688.0000,3690.0000,3704.8000,1,1,1,2,1,1,4,4,1,5
SF,IF2005,2020-03-25 09:30:29.200,3669.8000,882,0,71276760.000,0,-,-,-,-,3668.2000,3658.4000,3654.0000,3650.0000,3640.0000,3670.0000,3680.0000,3688.0000,3690.0000,3704.8000,1,1,1,2,1,4,4,1,1,5
SF,IF2005,2020-03-25 09:30:29.700,3670.0000,882,0,72377760.000,1,0,1,多换,S,3668.2000,3658.4000,3654.0000,3650.0000,3640.0000,3670.0000,3680.0000,3688.0000,3690.0000,3704.8000,1,1,1,2,1,3,4,1,1,5
SF,IF2005,2020-03-25 09:30:30.200,3670.0000,882,0,72377760.000,0,-,-,-,-,3668.2000,3658.4000,3654.0000,3650.0000,3640.0000,3670.0000,3680.0000,3688.0000,3690.0000,3704.8000,1,1,1,2,1,3,4,1,1,5
SF,IF2005,2020-03-25 09:30:30.700,3670.0000,882,0,72377760.000,0,-,-,-,-,3668.2000,3658.4000,3654.0000,3650.0000,3640.0000,3670.0000,3680.0000,3688.0000,3690.0000,3704.8000,1,1,1,2,1,3,4,1,1,5
SF,IF2005,2020-03-25 09:30:31.200,3670.0000,880,-2,74579760.000,2,0,2,双平,S,3668.2000,3658.4000,3654.0000,3650.0000,3640.0000,3670.0000,3680.0000,3688.0000,3690.0000,3704.8000,1,1,1,2,1,1,4,1,1,5
SF,IF2005,2020-03-25 09:30:31.700,3670.0000,879,-1,75680760.000,1,0,1,双平,S,3668.2000,3658.4000,3654.0000,3650.0000,3640.0000,3680.0000,3688.0000,3690.0000,3704.8000,3709.0000,1,1,1,2,1,4,1,1,5,1
SF,IF2005,2020-03-25 09:30:32.200,3670.0000,879,0,75680760.000,0,-,-,-,-,3670.0000,3668.4000,3668.2000,3658.4000,3654.0000,3676.4000,3676.8000,3678.4000,3679.2000,3679.8000,1,1,1,1,1,3,1,2,2,2
SF,IF2005,2020-03-25 09:30:32.700,3670.0000,879,0,75680760.000,0,-,-,-,-,3670.2000,3670.0000,3658.4000,3654.0000,3650.0000,3676.4000,3676.8000,3678.4000,3679.2000,3679.8000,2,1,1,1,2,4,1,2,2,2
SF,IF2005,2020-03-25 09:30:33.200,3670.0000,879,0,75680760.000,0,-,-,-,-,3670.2000,3670.0000,3658.4000,3654.0000,3650.0000,3674.6000,3675.0000,3676.2000,3676.4000,3676.8000,1,1,1,1,2,2,1,2,4,1
SF,IF2005,2020-03-25 09:30:33.700,3670.0000,879,0,75680760.000,0,-,-,-,-,3670.2000,3670.0000,3658.4000,3654.0000,3650.0000,3674.6000,3675.0000,3676.2000,3676.4000,3676.8000,1,1,1,1,2,3,1,2,3,1
SF,IF2005,2020-03-25 09:30:34.200,3670.0000,879,0,75680760.000,0,-,-,-,-,3670.4000,3670.2000,3670.0000,3658.4000,3654.0000,3676.4000,3676.8000,3680.0000,3688.0000,3690.0000,1,1,1,1,1,3,1,5,1,1
SF,IF2005,2020-03-25 09:30:34.700,3670.0000,879,0,75680760.000,0,-,-,-,-,3670.6000,3670.4000,3670.0000,3658.4000,3654.0000,3674.4000,3676.4000,3676.8000,3680.0000,3688.0000,1,1,1,1,1,1,4,1,5,1
SF,IF2005,2020-03-25 09:30:35.200,3670.0000,879,0,75680760.000,0,-,-,-,-,3670.8000,3670.0000,3658.4000,3654.0000,3650.0000,3674.4000,3676.4000,3676.8000,3680.0000,3688.0000,1,1,1,1,2,1,3,1,5,1
SF,IF2005,2020-03-25 09:30:36.200,3670.0000,879,0,75680760.000,0,-,-,-,-,3671.0000,3670.8000,3670.0000,3658.4000,3654.0000,3676.4000,3676.8000,3680.0000,3688.0000,3690.0000,1,1,1,1,1,3,1,5,1,1
SF,IF2005,2020-03-25 09:30:36.700,3670.0000,879,0,75680760.000,0,-,-,-,-,3671.2000,3671.0000,3670.0000,3658.4000,3654.0000,3676.4000,3676.8000,3680.0000,3688.0000,3690.0000,2,1,1,1,1,4,1,5,1,1
SF,IF2005,2020-03-25 09:30:37.200,3670.0000,879,0,75680760.000,0,-,-,-,-,3671.4000,3671.2000,3671.0000,3670.0000,3658.4000,3676.4000,3676.8000,3680.0000,3688.0000,3690.0000,2,2,1,1,1,4,1,5,1,1
SF,IF2005,2020-03-25 09:30:37.700,3670.0000,879,0,75680760.000,0,-,-,-,-,3674.6000,3671.6000,3671.4000,3671.2000,3671.0000,3676.4000,3676.8000,3680.0000,3688.0000,3690.0000,2,1,2,1,1,4,1,5,1,1
SF,IF2005,2020-03-25 09:30:38.200,3674.4000,879,0,77885400.000,2,1,1,多换,S,3671.6000,3671.4000,3671.2000,3671.0000,3670.0000,3674.0000,3674.4000,3676.4000,3676.8000,3680.0000,1,2,1,1,1,1,1,4,1,5
SF,IF2005,2020-03-25 09:30:38.700,3674.2000,878,-1,78987660.000,1,0,1,双平,S,3671.8000,3671.4000,3671.2000,3671.0000,3670.0000,3676.4000,3676.8000,3680.0000,3688.0000,3690.0000,1,2,1,1,1,3,1,5,1,1
SF,IF2005,2020-03-25 09:30:39.200,3674.2000,878,0,78987660.000,0,-,-,-,-,3672.0000,3671.8000,3671.4000,3671.2000,3671.0000,3676.2000,3676.4000,3676.8000,3677.0000,3680.0000,1,1,2,1,1,1,4,1,1,5
SF,IF2005,2020-03-25 09:30:39.700,3674.2000,878,0,78987660.000,0,-,-,-,-,3672.2000,3672.0000,3671.8000,3671.4000,3671.2000,3676.0000,3676.2000,3676.4000,3676.8000,3677.0000,1,1,1,2,1,1,2,2,1,1
SF,IF2005,2020-03-25 09:30:40.200,3674.2000,878,0,78987660.000,0,-,-,-,-,3672.2000,3671.8000,3671.4000,3671.2000,3658.4000,3675.8000,3676.0000,3676.4000,3676.8000,3677.0000,1,1,2,1,1,1,2,2,1,1
SF,IF2005,2020-03-25 09:30:40.700,3674.2000,878,0,78987660.000,0,-,-,-,-,3672.2000,3671.8000,3671.2000,3658.4000,3654.0000,3675.8000,3676.0000,3676.4000,3676.8000,3677.0000,1,1,1,1,1,2,1,2,1,1
SF,IF2005,2020-03-25 09:30:41.200,3674.2000,878,0,78987660.000,0,-,-,-,-,3672.2000,3671.2000,3658.4000,3654.0000,3640.0000,3675.8000,3676.0000,3676.4000,3676.8000,3677.0000,1,1,1,1,1,2,1,2,1,1
SF,IF2005,2020-03-25 09:30:41.700,3674.2000,878,0,78987660.000,0,-,-,-,-,3671.2000,3658.4000,3654.0000,3640.0000,3632.4000,3675.8000,3676.0000,3676.4000,3676.8000,3677.0000,1,1,1,1,1,2,1,2,1,1
SF,IF2005,2020-03-25 09:30:42.200,3672.4000,878,0,80089380.000,1,0,1,多换,S,3671.4000,3671.2000,3658.4000,3654.0000,3640.0000,3675.2000,3675.6000,3675.8000,3676.0000,3676.4000,1,1,1,1,1,1,1,2,1,2
SF,IF2005,2020-03-25 09:30:42.700,3672.4000,878,0,80089380.000,0,-,-,-,-,3671.4000,3671.2000,3658.4000,3654.0000,3640.0000,3675.0000,3675.2000,3675.6000,3676.0000,3676.4000,1,1,1,1,1,1,2,2,1,2
SF,IF2005,2020-03-25 09:30:43.200,3672.4000,878,0,80089380.000,0,-,-,-,-,3671.6000,3671.4000,3658.4000,3654.0000,3640.0000,3675.6000,3676.0000,3676.4000,3676.8000,3677.0000,2,1,1,1,1,2,1,2,1,1
SF,IF2005,2020-03-25 09:30:43.700,3671.8000,877,-1,81190920.000,1,0,1,双平,S,3671.6000,3658.4000,3654.0000,3640.0000,3632.4000,3675.4000,3676.0000,3676.4000,3676.8000,3677.0000,2,1,1,1,1,1,1,1,1,1
SF,IF2005,2020-03-25 09:30:44.200,3671.8000,877,0,81190920.000,0,-,-,-,-,3671.6000,3658.4000,3654.0000,3640.0000,3632.4000,3675.4000,3676.0000,3676.4000,3677.0000,3680.0000,1,1,1,1,1,1,1,1,1,5
SF,IF2005,2020-03-25 09:30:44.700,3671.8000,877,0,81190920.000,0,-,-,-,-,3675.2000,3671.6000,3658.4000,3654.0000,3640.0000,3675.4000,3676.0000,3676.4000,3677.0000,3678.8000,1,1,1,1,1,1,1,1,1,1
SF,IF2005,2020-03-25 09:30:45.200,3675.2000,877,0,82293480.000,1,0,1,多换,S,3658.4000,3654.0000,3640.0000,3632.4000,3631.8000,3675.0000,3675.2000,3675.4000,3676.0000,3676.4000,1,1,1,1,1,1,2,1,1,1
SF,IF2005,2020-03-25 09:30:45.700,3675.2000,877,0,82293480.000,0,-,-,-,-,3668.0000,3667.2000,3667.0000,3666.6000,3666.0000,3674.8000,3675.0000,3675.2000,3676.0000,3676.4000,1,1,2,1,2,2,1,1,1,1
SF,IF2005,2020-03-25 09:30:46.200,3675.2000,877,0,82293480.000,0,-,-,-,-,3668.2000,3668.0000,3667.2000,3667.0000,3666.6000,3674.2000,3674.6000,3674.8000,3676.0000,3676.4000,2,1,1,2,1,1,2,3,1,1
SF,IF2005,2020-03-25 09:30:46.700,3675.2000,877,0,82293480.000,0,-,-,-,-,3668.2000,3668.0000,3667.0000,3666.6000,3666.2000,3673.6000,3674.0000,3674.2000,3674.4000,3674.6000,2,1,2,1,1,1,2,2,1,4
SF,IF2005,2020-03-25 09:30:47.200,3675.2000,877,0,82293480.000,0,-,-,-,-,3668.2000,3666.2000,3666.0000,3663.0000,3660.2000,3673.4000,3673.6000,3674.0000,3674.2000,3674.4000,2,1,2,1,1,2,2,1,1,1
SF,IF2005,2020-03-25 09:30:47.700,3675.2000,877,0,82293480.000,0,-,-,-,-,3668.2000,3666.2000,3666.0000,3663.0000,3660.2000,3673.4000,3673.6000,3674.0000,3674.2000,3674.4000,2,1,2,1,1,4,1,1,1,1
SF,IF2005,2020-03-25 09:30:48.200,3675.2000,877,0,82293480.000,0,-,-,-,-,3668.2000,3666.2000,3666.0000,3663.0000,3660.2000,3673.0000,3673.4000,3673.6000,3674.0000,3674.4000,2,1,2,1,1,2,2,1,1,1
SF,IF2005,2020-03-25 09:30:48.700,3675.2000,877,0,82293480.000,0,-,-,-,-,3668.2000,3666.2000,3666.0000,3663.0000,3660.2000,3672.8000,3673.0000,3674.0000,3674.4000,3674.6000,2,1,2,1,1,1,2,1,1,1
SF,IF2005,2020-03-25 09:30:49.200,3675.2000,877,0,82293480.000,0,-,-,-,-,3668.2000,3666.2000,3666.0000,3663.0000,3660.2000,3672.8000,3673.0000,3674.0000,3674.4000,3674.6000,2,1,2,1,1,1,1,1,1,1
SF,IF2005,2020-03-25 09:30:49.700,3675.2000,877,0,82293480.000,0,-,-,-,-,3668.8000,3668.2000,3666.2000,3666.0000,3663.0000,3672.8000,3674.0000,3676.0000,3677.0000,3678.8000,1,2,1,2,1,1,1,1,1,1
SF,IF2005,2020-03-25 09:30:50.200,3675.2000,877,0,82293480.000,0,-,-,-,-,3669.0000,3668.8000,3668.4000,3666.2000,3666.0000,3676.0000,3677.0000,3678.8000,3680.0000,3688.0000,2,1,1,1,1,1,1,1,5,1
SF,IF2005,2020-03-25 09:30:50.700,3675.2000,877,0,82293480.000,0,-,-,-,-,3669.4000,3669.0000,3668.8000,3668.4000,3666.0000,3675.8000,3676.0000,3677.0000,3678.8000,3680.0000,1,2,1,1,1,2,2,1,1,5
SF,IF2005,2020-03-25 09:30:51.200,3675.2000,877,0,82293480.000,0,-,-,-,-,3669.6000,3669.4000,3668.8000,3668.4000,3666.0000,3675.8000,3676.0000,3677.0000,3678.8000,3680.0000,3,1,1,1,1,4,1,1,1,5
SF,IF2005,2020-03-25 09:30:51.700,3669.6000,873,-4,86698860.000,4,0,4,双平,S,3669.8000,3669.4000,3668.8000,3668.4000,3666.0000,3675.0000,3675.6000,3675.8000,3676.0000,3677.0000,1,1,1,1,1,1,1,3,1,1
SF,IF2005,2020-03-25 09:30:52.200,3669.6000,873,0,86698860.000,0,-,-,-,-,3670.0000,3669.8000,3668.8000,3668.4000,3666.0000,3674.8000,3675.0000,3675.4000,3675.8000,3676.0000,1,1,1,1,1,3,2,2,1,1
SF,IF2005,2020-03-25 09:30:52.700,3669.6000,873,0,86698860.000,0,-,-,-,-,3670.4000,3670.2000,3670.0000,3668.8000,3668.4000,3674.6000,3674.8000,3675.0000,3675.8000,3676.0000,1,3,1,1,1,2,2,1,1,1
SF,IF2005,2020-03-25 09:30:53.200,3669.6000,873,0,86698860.000,0,-,-,-,-,3670.6000,3670.4000,3670.2000,3668.8000,3668.4000,3674.4000,3675.8000,3676.0000,3677.0000,3678.8000,2,1,2,1,1,4,1,1,1,1
SF,IF2005,2020-03-25 09:30:54.200,3669.6000,873,0,86698860.000,0,-,-,-,-,3670.6000,3670.2000,3668.8000,3668.4000,3666.0000,3674.4000,3675.8000,3676.0000,3677.0000,3678.8000,2,2,1,1,1,4,1,1,1,1
SF,IF2005,2020-03-25 09:30:54.700,3669.6000,873,0,86698860.000,0,-,-,-,-,3671.0000,3670.8000,3670.6000,3670.2000,3668.8000,3674.4000,3675.8000,3676.0000,3677.0000,3678.8000,1,1,1,1,1,4,1,1,1,1
SF,IF2005,2020-03-25 09:30:55.200,3669.6000,873,0,86698860.000,0,-,-,-,-,3671.0000,3670.8000,3670.6000,3670.2000,3666.0000,3674.4000,3675.8000,3676.0000,3677.0000,3678.8000,1,1,1,1,1,4,1,1,1,1
SF,IF2005,2020-03-25 09:30:55.700,3669.6000,873,0,86698860.000,0,-,-,-,-,3670.6000,3670.2000,3666.0000,3663.0000,3660.2000,3674.4000,3676.0000,3677.0000,3678.8000,3680.0000,1,1,1,1,1,4,1,1,1,5
SF,IF2005,2020-03-25 09:30:56.200,3669.6000,873,0,86698860.000,0,-,-,-,-,3670.6000,3670.2000,3668.2000,3666.0000,3663.0000,3674.4000,3676.0000,3677.0000,3678.8000,3680.0000,1,1,1,1,1,4,1,1,1,5
SF,IF2005,2020-03-25 09:30:56.700,3669.6000,873,0,86698860.000,0,-,-,-,-,3670.8000,3670.2000,3668.2000,3666.0000,3663.0000,3674.4000,3676.0000,3677.0000,3678.8000,3680.0000,1,1,1,1,1,4,1,1,1,5
SF,IF2005,2020-03-25 09:30:57.200,3669.6000,873,0,86698860.000,0,-,-,-,-,3670.2000,3668.2000,3666.0000,3663.0000,3660.2000,3674.4000,3674.6000,3676.0000,3677.0000,3678.8000,1,1,1,1,1,5,1,1,1,1
SF,IF2005,2020-03-25 09:30:57.700,3669.6000,873,0,86698860.000,0,-,-,-,-,3670.4000,3670.2000,3668.2000,3666.0000,3663.0000,3673.0000,3674.4000,3676.0000,3677.0000,3678.8000,2,1,1,1,1,1,4,1,1,1
SF,IF2005,2020-03-25 09:30:58.200,3669.6000,873,0,86698860.000,0,-,-,-,-,3670.4000,3668.2000,3666.0000,3663.0000,3660.2000,3673.0000,3674.4000,3676.0000,3677.0000,3678.8000,1,1,1,1,1,1,4,1,1,1
SF,IF2005,2020-03-25 09:30:58.700,3669.6000,873,0,86698860.000,0,-,-,-,-,3668.2000,3666.0000,3663.0000,3660.2000,3659.0000,3672.8000,3673.0000,3676.0000,3677.0000,3678.8000,1,1,1,1,2,2,1,1,1,1
SF,IF2005,2020-03-25 09:30:59.200,3669.6000,873,0,86698860.000,0,-,-,-,-,3668.6000,3668.4000,3668.2000,3666.0000,3663.0000,3673.0000,3676.0000,3677.0000,3678.8000,3680.0000,1,3,1,1,1,1,1,1,1,5
SF,IF2005,2020-03-25 09:30:59.700,3669.6000,873,0,86698860.000,0,-,-,-,-,3668.8000,3668.4000,3668.2000,3666.0000,3663.0000,3673.0000,3676.0000,3677.0000,3678.8000,3680.0000,2,2,1,1,1,1,1,1,1,5
SF,IF2005,2020-03-25 09:31:00.200,3669.6000,873,0,86698860.000,0,-,-,-,-,3669.6000,3668.8000,3668.4000,3668.2000,3666.0000,3673.0000,3676.0000,3677.0000,3678.8000,3680.0000,1,2,1,1,1,1,1,1,1,5
SF,IF2005,2020-03-25 09:31:00.700,3669.6000,873,0,86698860.000,0,-,-,-,-,3669.8000,3669.6000,3668.4000,3666.0000,3663.0000,3673.0000,3676.0000,3677.0000,3678.8000,3680.0000,2,1,1,1,1,1,1,1,1,5
SF,IF2005,2020-03-25 09:31:02.700,3669.6000,873,0,86698860.000,0,-,-,-,-,3670.4000,3669.8000,3668.4000,3666.0000,3663.0000,3673.0000,3676.0000,3677.0000,3678.8000,3680.0000,1,2,1,1,1,1,1,1,1,5
SF,IF2005,2020-03-25 09:31:03.200,3669.6000,873,0,86698860.000,0,-,-,-,-,3670.6000,3670.4000,3668.4000,3666.0000,3663.0000,3673.0000,3676.0000,3677.0000,3678.8000,3680.0000,2,1,1,1,1,1,1,1,1,5
SF,IF2005,2020-03-25 09:31:03.700,3669.6000,873,0,86698860.000,0,-,-,-,-,3666.0000,3663.0000,3660.2000,3659.0000,3658.4000,3672.8000,3673.0000,3676.0000,3677.0000,3678.8000,1,1,1,2,1,1,1,1,1,1
SF,IF2005,2020-03-25 09:31:04.200,3669.6000,873,0,86698860.000,0,-,-,-,-,3668.0000,3667.2000,3667.0000,3666.6000,3666.2000,3672.6000,3672.8000,3673.0000,3676.0000,3677.0000,1,1,2,1,2,1,1,1,1,1
SF,IF2005,2020-03-25 09:31:04.700,3669.6000,873,0,86698860.000,0,-,-,-,-,3668.2000,3668.0000,3667.2000,3667.0000,3666.6000,3672.6000,3672.8000,3673.0000,3676.0000,3677.0000,2,1,1,2,1,1,1,1,1,1
SF,IF2005,2020-03-25 09:31:05.200,3669.6000,873,0,86698860.000,0,-,-,-,-,3668.2000,3667.0000,3666.6000,3666.2000,3666.0000,3672.8000,3673.0000,3676.0000,3677.0000,3678.8000,2,2,1,1,2,1,1,1,1,1
SF,IF2005,2020-03-25 09:31:05.700,3669.6000,873,0,86698860.000,0,-,-,-,-,3668.4000,3668.2000,3667.0000,3666.6000,3666.2000,3672.6000,3673.0000,3676.0000,3677.0000,3678.8000,1,2,2,1,1,2,1,1,1,1
SF,IF2005,2020-03-25 09:31:06.200,3672.6000,872,-1,88902420.000,2,0,2,多平,S,3672.6000,3668.6000,3668.4000,3667.0000,3666.6000,3673.0000,3676.0000,3677.0000,3678.8000,3680.0000,8,2,1,2,1,1,1,1,1,5
SF,IF2005,2020-03-25 09:31:06.700,3672.6000,864,-8,97716660.000,8,0,8,双平,S,3668.6000,3668.4000,3667.0000,3666.6000,3666.2000,3672.0000,3672.4000,3672.6000,3673.0000,3676.0000,1,1,2,1,1,1,1,11,2,1
SF,IF2005,2020-03-25 09:31:07.200,3672.6000,864,0,97716660.000,0,-,-,-,-,3668.8000,3668.6000,3666.2000,3666.0000,3663.0000,3671.8000,3672.0000,3672.2000,3672.6000,3673.0000,1,1,1,2,1,1,1,1,2,1
SF,IF2005,2020-03-25 09:31:07.700,3672.6000,864,0,97716660.000,0,-,-,-,-,3669.0000,3668.8000,3666.2000,3666.0000,3663.0000,3671.6000,3672.2000,3672.4000,3672.6000,3673.0000,1,1,1,2,1,1,1,1,2,1
SF,IF2005,2020-03-25 09:31:08.200,3672.6000,864,0,97716660.000,0,-,-,-,-,3669.0000,3668.8000,3666.2000,3666.0000,3663.0000,3671.4000,3671.6000,3672.2000,3672.4000,3673.0000,1,1,1,2,1,1,1,1,1,1
SF,IF2005,2020-03-25 09:31:08.700,3672.6000,864,0,97716660.000,0,-,-,-,-,3669.0000,3668.8000,3666.2000,3666.0000,3663.0000,3671.2000,3671.4000,3672.2000,3672.4000,3673.0000,1,1,1,2,1,1,1,1,1,1
SF,IF2005,2020-03-25 09:31:09.200,3672.6000,864,0,97716660.000,0,-,-,-,-,3669.2000,3669.0000,3666.2000,3666.0000,3663.0000,3671.2000,3672.2000,3672.4000,3673.0000,3676.0000,1,1,1,2,1,2,1,1,1,1
SF,IF2005,2020-03-25 09:31:09.700,3671.2000,863,-1,99919380.000,2,0,2,多平,S,3669.4000,3669.2000,3666.2000,3666.0000,3663.0000,3672.2000,3672.4000,3673.0000,3676.0000,3677.0000,1,1,1,2,1,1,1,1,1,1
SF,IF2005,2020-03-25 09:31:10.200,3671.2000,863,0,99919380.000,0,-,-,-,-,3669.6000,3669.4000,3666.2000,3666.0000,3663.0000,3672.2000,3673.0000,3676.0000,3677.0000,3678.8000,1,1,1,2,1,1,1,1,1,1
SF,IF2005,2020-03-25 09:31:10.700,3671.2000,863,0,99919380.000,0,-,-,-,-,3669.8000,3669.6000,3666.2000,3666.0000,3663.0000,3673.0000,3676.0000,3677.0000,3678.8000,3680.0000,1,1,1,2,1,1,1,1,1,5
SF,IF2005,2020-03-25 09:31:11.200,3671.2000,863,0,99919380.000,0,-,-,-,-,3669.8000,3669.6000,3666.2000,3666.0000,3663.0000,3672.8000,3673.0000,3676.0000,3677.0000,3678.8000,1,1,1,2,1,1,1,1,1,1
SF,IF2005,2020-03-25 09:31:12.200,3671.2000,863,0,99919380.000,0,-,-,-,-,3669.6000,3666.2000,3666.0000,3663.0000,3660.2000,3672.8000,3673.0000,3676.0000,3677.0000,3678.8000,1,1,2,1,1,1,1,1,1,1
SF,IF2005,2020-03-25 09:31:12.700,3671.2000,863,0,99919380.000,0,-,-,-,-,3666.2000,3666.0000,3663.0000,3660.2000,3659.0000,3672.8000,3673.0000,3676.0000,3677.0000,3678.8000,1,2,1,1,2,1,1,1,1,1
SF,IF2005,2020-03-25 09:31:13.200,3671.2000,863,0,99919380.000,0,-,-,-,-,3666.4000,3666.2000,3666.0000,3663.0000,3660.2000,3672.8000,3673.0000,3676.0000,3677.0000,3678.8000,3,1,2,1,1,2,1,1,1,1
SF,IF2005,2020-03-25 09:31:13.700,3671.2000,863,0,99919380.000,0,-,-,-,-,3668.0000,3667.2000,3667.0000,3666.6000,3666.4000,3673.0000,3676.0000,3677.0000,3678.8000,3680.0000,1,1,2,1,3,1,1,1,1,5
SF,IF2005,2020-03-25 09:31:14.200,3671.2000,863,0,99919380.000,0,-,-,-,-,3668.2000,3666.2000,3666.0000,3663.0000,3659.0000,3672.8000,3673.0000,3676.0000,3677.0000,3678.8000,3,1,2,1,2,1,1,1,1,1
SF,IF2005,2020-03-25 09:31:14.700,3672.8000,862,-1,101021220.000,1,0,1,双平,S,3672.8000,3668.2000,3668.0000,3666.2000,3666.0000,3673.0000,3676.0000,3677.0000,3678.8000,3680.0000,9,3,1,1,2,1,1,1,1,5
SF,IF2005,2020-03-25 09:31:15.200,3672.8000,856,-6,110937780.000,9,1,8,多平,S,3668.2000,3668.0000,3666.2000,3666.0000,3663.0000,3672.6000,3672.8000,3673.0000,3676.0000,3677.0000,2,1,1,2,1,1,1,1,1,1
SF,IF2005,2020-03-25 09:31:15.700,3668.4000,856,0,112038300.000,1,0,1,多换,S,3668.4000,3668.2000,3666.2000,3666.0000,3663.0000,3672.0000,3672.8000,3673.0000,3676.0000,3677.0000,2,2,1,2,1,1,8,1,1,1
SF,IF2005,2020-03-25 09:31:16.200,3668.4000,856,0,112038300.000,0,-,-,-,-,3668.6000,3668.4000,3666.2000,3666.0000,3663.0000,3671.8000,3672.0000,3672.8000,3673.0000,3676.0000,1,1,1,1,1,1,1,7,1,1
SF,IF2005,2020-03-25 09:31:16.700,3668.4000,856,0,112038300.000,0,-,-,-,-,3666.2000,3663.0000,3659.0000,3658.4000,3646.2000,3671.8000,3672.0000,3672.6000,3672.8000,3673.0000,1,1,2,1,1,1,2,1,7,1
SF,IF2005,2020-03-25 09:31:17.200,3668.4000,856,0,112038300.000,0,-,-,-,-,3666.4000,3663.0000,3659.0000,3658.4000,3646.2000,3671.8000,3672.0000,3672.2000,3673.0000,3673.4000,3,1,2,1,1,1,2,1,1,1
SF,IF2005,2020-03-25 09:31:17.700,3668.4000,856,0,112038300.000,0,-,-,-,-,3666.4000,3663.0000,3659.0000,3658.4000,3646.2000,3670.8000,3671.4000,3671.8000,3672.0000,3673.0000,3,1,2,1,1,1,1,1,2,1
SF,IF2005,2020-03-25 09:31:18.200,3668.4000,856,0,112038300.000,0,-,-,-,-,3666.4000,3663.0000,3659.0000,3658.4000,3646.2000,3670.2000,3670.6000,3671.4000,3671.6000,3671.8000,3,1,2,1,1,1,1,1,2,1
SF,IF2005,2020-03-25 09:31:18.700,3668.4000,856,0,112038300.000,0,-,-,-,-,3666.4000,3663.0000,3659.0000,3658.4000,3646.2000,3670.2000,3671.4000,3671.6000,3671.8000,3673.0000,2,1,2,1,1,1,1,2,1,1
SF,IF2005,2020-03-25 09:31:19.200,3668.4000,856,0,112038300.000,0,-,-,-,-,3666.6000,3666.4000,3663.0000,3659.0000,3658.4000,3670.2000,3671.4000,3671.6000,3671.8000,3673.0000,1,2,1,2,1,1,1,3,1,1
SF,IF2005,2020-03-25 09:31:19.700,3668.4000,856,0,112038300.000,0,-,-,-,-,3666.8000,3666.6000,3663.0000,3659.0000,3658.4000,3671.4000,3671.6000,3671.8000,3673.0000,3673.4000,2,2,1,2,1,1,3,1,1,1
SF,IF2005,2020-03-25 09:31:20.200,3668.4000,856,0,112038300.000,0,-,-,-,-,3666.8000,3666.6000,3663.0000,3659.0000,3658.4000,3671.2000,3671.4000,3671.6000,3673.0000,3673.4000,2,1,1,2,1,2,1,3,1,1
SF,IF2005,2020-03-25 09:31:20.700,3668.4000,856,0,112038300.000,0,-,-,-,-,3666.8000,3666.6000,3663.0000,3659.0000,3658.4000,3671.2000,3671.4000,3671.6000,3673.0000,3673.4000,1,1,1,2,1,2,1,3,1,1
SF,IF2005,2020-03-25 09:31:21.200,3668.4000,856,0,112038300.000,0,-,-,-,-,3666.8000,3666.6000,3663.0000,3659.0000,3658.4000,3670.8000,3671.2000,3671.4000,3671.6000,3673.0000,1,1,1,2,1,1,2,1,3,1
SF,IF2005,2020-03-25 09:31:21.700,3668.4000,856,0,112038300.000,0,-,-,-,-,3667.0000,3666.8000,3663.0000,3659.0000,3658.4000,3670.6000,3671.2000,3671.4000,3671.6000,3673.0000,1,1,1,2,1,1,1,1,1,1
SF,IF2005,2020-03-25 09:31:22.200,3668.4000,856,0,112038300.000,0,-,-,-,-,3667.2000,3667.0000,3663.0000,3659.0000,3658.4000,3670.6000,3671.2000,3671.4000,3673.0000,3673.4000,1,1,1,2,1,1,1,1,1,1
SF,IF2005,2020-03-25 09:31:22.700,3668.4000,856,0,112038300.000,0,-,-,-,-,3667.0000,3663.0000,3659.0000,3658.4000,3646.2000,3670.4000,3670.6000,3671.4000,3673.0000,3676.0000,1,1,2,1,1,1,1,1,1,1
SF,IF2005,2020-03-25 09:31:23.200,3668.4000,856,0,112038300.000,0,-,-,-,-,3667.2000,3667.0000,3663.0000,3659.0000,3658.4000,3670.2000,3670.4000,3671.4000,3673.0000,3675.4000,1,2,1,2,1,1,1,1,1,1
SF,IF2005,2020-03-25 09:31:23.700,3668.4000,856,0,112038300.000,0,-,-,-,-,3667.4000,3667.2000,3667.0000,3663.0000,3659.0000,3670.4000,3671.4000,3673.0000,3675.4000,3676.0000,1,1,1,1,2,1,1,1,1,1
SF,IF2005,2020-03-25 09:31:24.200,3668.4000,856,0,112038300.000,0,-,-,-,-,3667.6000,3667.4000,3663.0000,3659.0000,3658.4000,3671.4000,3673.0000,3675.4000,3676.0000,3677.0000,1,1,1,2,1,1,1,1,1,1
SF,IF2005,2020-03-25 09:31:24.700,3668.4000,856,0,112038300.000,0,-,-,-,-,3667.6000,3667.4000,3663.0000,3659.0000,3658.4000,3671.2000,3671.4000,3673.0000,3675.4000,3676.0000,2,1,1,2,1,1,1,1,1,1
SF,IF2005,2020-03-25 09:31:25.200,3668.4000,856,0,112038300.000,0,-,-,-,-,3667.6000,3667.4000,3663.0000,3659.0000,3658.4000,3671.2000,3671.4000,3673.0000,3675.4000,3676.0000,2,1,1,2,1,1,1,1,1,1
SF,IF2005,2020-03-25 09:31:25.700,3668.4000,856,0,112038300.000,0,-,-,-,-,3667.8000,3667.6000,3663.0000,3659.0000,3658.4000,3671.2000,3671.4000,3673.0000,3675.4000,3676.0000,1,2,1,2,1,1,1,1,1,1
SF,IF2005,2020-03-25 09:31:26.200,3668.4000,856,0,112038300.000,0,-,-,-,-,3670.2000,3668.0000,3667.8000,3667.6000,3663.0000,3671.2000,3673.0000,3675.4000,3676.0000,3677.0000,1,1,1,1,1,1,1,1,1,1
SF,IF2005,2020-03-25 09:31:26.700,3670.0000,855,-1,113139300.000,1,0,1,双平,S,3663.0000,3659.0000,3658.4000,3646.2000,3632.4000,3670.2000,3671.2000,3673.0000,3675.4000,3676.0000,1,2,1,1,1,9,1,1,1,1
SF,IF2005,2020-03-25 09:31:27.200,3670.0000,855,0,113139300.000,0,-,-,-,-,3665.2000,3664.0000,3663.4000,3663.2000,3663.0000,3670.2000,3673.0000,3675.4000,3676.0000,3677.0000,1,1,1,6,2,8,1,1,1,1
SF,IF2005,2020-03-25 09:31:27.700,3670.0000,855,0,113139300.000,0,-,-,-,-,3665.4000,3665.2000,3664.0000,3663.4000,3663.2000,3670.2000,3673.0000,3675.4000,3676.0000,3677.0000,4,2,1,1,6,8,1,1,1,1
SF,IF2005,2020-03-25 09:31:28.200,3670.0000,855,0,113139300.000,0,-,-,-,-,3665.4000,3665.2000,3664.6000,3664.0000,3663.4000,3670.0000,3670.2000,3673.0000,3676.0000,3677.0000,5,1,1,1,1,1,8,1,1,1
SF,IF2005,2020-03-25 09:31:29.200,3670.0000,855,0,113139300.000,0,-,-,-,-,3665.6000,3665.4000,3665.2000,3664.6000,3664.0000,3670.0000,3673.0000,3676.0000,3677.0000,3678.8000,1,5,1,1,1,1,1,1,1,1
SF,IF2005,2020-03-25 09:31:29.700,3670.0000,855,0,113139300.000,0,-,-,-,-,3665.8000,3665.6000,3665.4000,3665.2000,3664.6000,3669.2000,3673.0000,3676.0000,3677.0000,3678.8000,3,2,2,1,1,1,1,1,1,1
SF,IF2005,2020-03-25 09:31:30.200,3670.0000,855,0,113139300.000,0,-,-,-,-,3666.0000,3665.8000,3665.6000,3665.4000,3665.2000,3669.2000,3673.0000,3675.2000,3676.0000,3677.0000,4,4,1,1,1,1,1,2,1,1
SF,IF2005,2020-03-25 09:31:30.700,3670.0000,855,0,113139300.000,0,-,-,-,-,3666.2000,3666.0000,3665.8000,3665.4000,3665.2000,3672.0000,3673.0000,3675.2000,3676.0000,3677.0000,3,6,1,1,1,1,1,2,1,1
SF,IF2005,2020-03-25 09:31:31.200,3670.0000,855,0,113139300.000,0,-,-,-,-,3666.4000,3666.2000,3666.0000,3665.8000,3665.4000,3671.8000,3672.0000,3673.0000,3675.2000,3676.0000,1,4,4,1,1,1,1,1,2,1
SF,IF2005,2020-03-25 09:31:31.700,3670.0000,855,0,113139300.000,0,-,-,-,-,3666.6000,3666.4000,3666.2000,3666.0000,3665.8000,3671.8000,3672.0000,3673.0000,3675.2000,3676.0000,3,2,1,3,1,1,1,1,2,1
SF,IF2005,2020-03-25 09:31:32.200,3670.0000,855,0,113139300.000,0,-,-,-,-,3666.8000,3666.6000,3666.2000,3666.0000,3665.8000,3671.8000,3672.0000,3673.0000,3675.2000,3676.0000,1,6,1,2,1,1,1,1,2,1
SF,IF2005,2020-03-25 09:31:32.700,3667.0000,854,-1,115339500.000,2,0,2,多平,S,3667.0000,3666.8000,3666.6000,3666.2000,3666.0000,3671.6000,3671.8000,3672.0000,3673.0000,3675.2000,2,2,1,1,2,3,1,1,1,2
SF,IF2005,2020-03-25 09:31:33.200,3667.0000,854,0,115339500.000,0,-,-,-,-,3667.6000,3667.0000,3666.2000,3666.0000,3665.8000,3670.8000,3671.4000,3671.6000,3672.0000,3673.0000,1,3,1,1,1,1,2,3,1,1
SF,IF2005,2020-03-25 09:31:33.700,3667.0000,854,0,115339500.000,0,-,-,-,-,3667.8000,3667.6000,3666.2000,3666.0000,3665.8000,3670.6000,3670.8000,3671.6000,3672.0000,3673.0000,1,2,1,1,1,1,1,1,1,1
SF,IF2005,2020-03-25 09:31:34.200,3667.0000,854,0,115339500.000,0,-,-,-,-,3667.6000,3666.2000,3666.0000,3665.8000,3665.4000,3670.6000,3670.8000,3672.0000,3673.0000,3675.2000,2,1,1,1,1,2,1,1,1,2
SF,IF2005,2020-03-25 09:31:34.700,3667.0000,854,0,115339500.000,0,-,-,-,-,3668.0000,3667.6000,3666.2000,3666.0000,3665.8000,3670.6000,3670.8000,3672.0000,3673.0000,3676.0000,1,2,1,1,1,2,1,1,1,1
SF,IF2005,2020-03-25 09:31:35.200,3667.0000,854,0,115339500.000,0,-,-,-,-,3668.2000,3668.0000,3667.8000,3667.6000,3666.2000,3670.8000,3672.0000,3673.0000,3676.0000,3677.0000,1,2,1,1,1,1,1,1,1,1
SF,IF2005,2020-03-25 09:31:35.700,3667.0000,854,0,115339500.000,0,-,-,-,-,3668.2000,3668.0000,3667.8000,3667.6000,3666.2000,3672.0000,3673.0000,3676.0000,3677.0000,3678.8000,1,2,1,1,1,1,1,1,1,1
SF,IF2005,2020-03-25 09:31:36.200,3667.0000,854,0,115339500.000,0,-,-,-,-,3667.8000,3667.6000,3665.8000,3665.4000,3665.2000,3671.8000,3672.0000,3673.0000,3676.0000,3677.0000,1,1,1,1,1,2,1,1,1,1
SF,IF2005,2020-03-25 09:31:36.700,3667.0000,854,0,115339500.000,0,-,-,-,-,3667.6000,3665.4000,3665.2000,3664.0000,3663.2000,3671.8000,3672.0000,3673.0000,3676.0000,3677.0000,1,1,1,1,3,3,1,1,1,1
SF,IF2005,2020-03-25 09:31:37.200,3667.0000,854,0,115339500.000,0,-,-,-,-,3667.8000,3667.6000,3665.4000,3665.2000,3664.0000,3671.8000,3672.0000,3673.0000,3676.0000,3677.0000,1,1,1,1,1,3,1,1,1,1
SF,IF2005,2020-03-25 09:31:37.700,3667.0000,854,0,115339500.000,0,-,-,-,-,3667.6000,3665.2000,3664.0000,3663.2000,3663.0000,3669.8000,3670.8000,3671.8000,3672.0000,3673.0000,1,1,1,3,1,1,1,3,1,1
SF,IF2005,2020-03-25 09:31:38.200,3667.0000,854,0,115339500.000,0,-,-,-,-,3667.6000,3665.2000,3664.0000,3663.2000,3663.0000,3669.6000,3669.8000,3670.8000,3672.0000,3673.0000,1,1,1,3,1,2,1,1,1,1
SF,IF2005,2020-03-25 09:31:38.700,3667.0000,854,0,115339500.000,0,-,-,-,-,3667.8000,3667.6000,3665.2000,3664.0000,3663.2000,3669.8000,3672.0000,3673.0000,3676.0000,3677.0000,1,1,1,1,3,1,1,1,1,1
SF,IF2005,2020-03-25 09:31:39.200,3667.6000,853,-1,116439780.000,1,0,1,双平,S,3667.6000,3665.2000,3664.0000,3663.2000,3663.0000,3672.0000,3673.0000,3676.0000,3677.0000,3678.8000,2,1,1,3,1,1,1,1,1,1
SF,IF2005,2020-03-25 09:31:39.700,3667.6000,853,0,116439780.000,0,-,-,-,-,3667.6000,3665.2000,3664.0000,3663.2000,3663.0000,3669.6000,3671.8000,3672.0000,3673.0000,3676.0000,1,1,1,3,1,1,2,1,1,1
SF,IF2005,2020-03-25 09:31:41.200,3667.6000,853,0,116439780.000,0,-,-,-,-,3667.6000,3665.2000,3664.0000,3663.2000,3663.0000,3671.8000,3672.0000,3673.0000,3676.0000,3677.0000,1,1,1,3,1,2,1,1,1,1
SF,IF2005,2020-03-25 09:31:42.200,3667.6000,853,0,116439780.000,0,-,-,-,-,3667.6000,3665.2000,3664.0000,3663.2000,3663.0000,3670.8000,3671.2000,3671.6000,3671.8000,3672.0000,1,1,1,3,1,1,1,1,2,1
SF,IF2005,2020-03-25 09:31:42.700,3667.6000,853,0,116439780.000,0,-,-,-,-,3669.6000,3667.6000,3665.2000,3664.0000,3663.2000,3670.6000,3670.8000,3671.2000,3671.6000,3672.0000,1,1,1,1,3,2,1,1,1,1
SF,IF2005,2020-03-25 09:31:43.200,3669.6000,853,0,117540660.000,1,0,1,多换,S,3667.6000,3665.2000,3664.0000,3663.2000,3663.0000,3669.6000,3670.6000,3671.2000,3672.0000,3673.0000,1,1,1,3,1,8,2,1,1,1
SF,IF2005,2020-03-25 09:31:43.700,3669.6000,853,0,117540660.000,0,-,-,-,-,3667.6000,3665.2000,3664.0000,3663.2000,3663.0000,3669.4000,3669.6000,3670.6000,3672.0000,3673.0000,1,1,1,3,1,1,10,1,1,1
SF,IF2005,2020-03-25 09:31:44.200,3669.6000,853,0,117540660.000,0,-,-,-,-,3667.6000,3665.2000,3664.0000,3663.2000,3663.0000,3669.4000,3669.6000,3670.6000,3672.0000,3673.0000,1,1,1,3,1,3,10,1,1,1
SF,IF2005,2020-03-25 09:31:44.700,3669.6000,853,0,117540660.000,0,-,-,-,-,3667.6000,3665.2000,3664.0000,3663.2000,3663.0000,3668.2000,3669.4000,3669.6000,3670.6000,3672.0000,1,1,1,3,1,1,3,10,1,1
SF,IF2005,2020-03-25 09:31:45.200,3669.6000,853,0,117540660.000,0,-,-,-,-,3667.6000,3665.2000,3664.0000,3663.2000,3663.0000,3668.2000,3669.4000,3669.6000,3670.6000,3672.0000,1,1,1,3,1,1,1,1,1,1
SF,IF2005,2020-03-25 09:31:46.200,3667.6000,854,1,119741400.000,2,1,1,空开,S,3665.2000,3664.0000,3663.2000,3663.0000,3654.2000,3669.4000,3669.6000,3670.6000,3672.0000,3673.0000,1,1,3,1,1,1,1,1,1,1
SF,IF2005,2020-03-25 09:31:46.700,3667.6000,854,0,119741400.000,0,-,-,-,-,3665.4000,3665.2000,3664.0000,3663.2000,3663.0000,3669.4000,3669.6000,3670.6000,3672.0000,3673.0000,3,2,1,3,1,1,1,1,1,1
SF,IF2005,2020-03-25 09:31:47.200,3667.6000,854,0,119741400.000,0,-,-,-,-,3665.4000,3665.2000,3664.0000,3663.2000,3663.0000,3669.4000,3669.6000,3670.6000,3672.0000,3673.0000,4,1,1,3,1,1,1,1,1,1
SF,IF2005,2020-03-25 09:31:47.700,3667.6000,854,0,119741400.000,0,-,-,-,-,3665.4000,3665.2000,3664.0000,3663.2000,3663.0000,3669.4000,3669.6000,3670.6000,3672.0000,3673.0000,4,1,1,3,1,1,1,1,1,1
SF,IF2005,2020-03-25 09:31:48.200,3667.6000,854,0,119741400.000,0,-,-,-,-,3665.4000,3665.2000,3664.0000,3663.2000,3663.0000,3669.2000,3669.4000,3669.6000,3672.0000,3673.0000,3,1,1,3,1,1,1,1,1,1
SF,IF2005,2020-03-25 09:31:48.700,3667.6000,854,0,119741400.000,0,-,-,-,-,3665.4000,3665.2000,3664.0000,3663.2000,3663.0000,3669.4000,3669.6000,3672.0000,3673.0000,3676.0000,3,1,1,3,1,1,3,1,1,1
SF,IF2005,2020-03-25 09:31:49.200,3667.6000,854,0,119741400.000,0,-,-,-,-,3665.6000,3665.4000,3665.2000,3664.0000,3663.2000,3669.6000,3672.0000,3673.0000,3676.0000,3677.0000,2,3,1,1,3,1,1,1,1,1
SF,IF2005,2020-03-25 09:31:49.700,3667.6000,854,0,119741400.000,0,-,-,-,-,3665.8000,3665.6000,3665.2000,3664.0000,3663.2000,3669.6000,3672.0000,3673.0000,3676.0000,3677.0000,2,3,1,1,3,1,1,1,1,1
SF,IF2005,2020-03-25 09:31:50.200,3667.6000,854,0,119741400.000,0,-,-,-,-,3665.8000,3665.2000,3664.0000,3663.2000,3663.0000,3669.4000,3669.6000,3672.0000,3673.0000,3676.0000,3,1,1,3,1,1,1,1,1,1
SF,IF2005,2020-03-25 09:31:51.200,3667.6000,854,0,119741400.000,0,-,-,-,-,3665.8000,3663.2000,3663.0000,3654.2000,3646.2000,3669.2000,3669.4000,3669.6000,3672.0000,3673.0000,3,3,1,1,1,3,1,1,1,1
SF,IF2005,2020-03-25 09:31:51.700,3667.6000,854,0,119741400.000,0,-,-,-,-,3665.8000,3663.2000,3654.2000,3646.2000,3630.0000,3669.0000,3669.2000,3669.6000,3672.0000,3673.0000,1,3,1,1,11,1,3,1,1,1
SF,IF2005,2020-03-25 09:31:52.200,3667.6000,854,0,119741400.000,0,-,-,-,-,3663.2000,3654.2000,3646.2000,3630.0000,3629.0000,3668.6000,3668.8000,3669.0000,3669.6000,3672.0000,3,1,1,11,2,2,2,1,1,1
SF,IF2005,2020-03-25 09:31:52.700,3667.6000,854,0,119741400.000,0,-,-,-,-,3663.4000,3663.2000,3654.2000,3646.2000,3630.0000,3668.4000,3668.6000,3668.8000,3669.6000,3672.0000,2,4,1,1,11,2,2,1,1,1
SF,IF2005,2020-03-25 09:31:53.200,3667.6000,854,0,119741400.000,0,-,-,-,-,3663.6000,3663.4000,3663.2000,3654.2000,3646.2000,3668.2000,3668.4000,3668.6000,3668.8000,3669.6000,1,3,3,1,1,1,2,2,1,1
SF,IF2005,2020-03-25 09:31:53.700,3667.6000,854,0,119741400.000,0,-,-,-,-,3663.8000,3663.6000,3663.2000,3654.2000,3646.2000,3668.0000,3668.2000,3668.8000,3669.6000,3672.0000,2,2,2,1,1,2,2,1,1,1
SF,IF2005,2020-03-25 09:31:54.200,3667.6000,854,0,119741400.000,0,-,-,-,-,3664.0000,3663.8000,3663.6000,3663.2000,3654.2000,3668.0000,3668.2000,3668.8000,3669.6000,3672.0000,1,3,1,2,1,1,2,1,1,1
SF,IF2005,2020-03-25 09:31:54.700,3667.6000,854,0,119741400.000,0,-,-,-,-,3664.2000,3664.0000,3663.6000,3663.2000,3654.2000,3668.2000,3669.6000,3672.0000,3673.0000,3676.0000,2,2,1,1,1,1,1,1,1,1
SF,IF2005,2020-03-25 09:31:55.200,3667.6000,854,0,119741400.000,0,-,-,-,-,3665.2000,3664.4000,3664.2000,3664.0000,3663.6000,3669.6000,3672.0000,3673.0000,3676.0000,3677.0000,1,1,3,2,1,1,1,1,1,1
SF,IF2005,2020-03-25 09:31:55.700,3667.6000,854,0,119741400.000,0,-,-,-,-,3665.4000,3665.2000,3664.4000,3664.0000,3663.6000,3669.6000,3672.0000,3673.0000,3676.0000,3677.0000,3,2,2,2,1,1,1,1,1,1
SF,IF2005,2020-03-25 09:31:56.200,3667.6000,854,0,119741400.000,0,-,-,-,-,3666.0000,3665.4000,3665.2000,3664.4000,3664.0000,3669.6000,3672.0000,3673.0000,3676.0000,3677.0000,1,5,1,2,2,1,1,1,1,1
SF,IF2005,2020-03-25 09:31:56.700,3667.6000,854,0,119741400.000,0,-,-,-,-,3666.2000,3666.0000,3665.4000,3665.2000,3664.4000,3669.6000,3672.0000,3673.0000,3676.0000,3677.0000,2,2,2,1,2,1,1,1,1,1
SF,IF2005,2020-03-25 09:31:57.200,3667.6000,854,0,119741400.000,0,-,-,-,-,3666.2000,3666.0000,3665.4000,3665.2000,3664.4000,3669.6000,3672.0000,3673.0000,3676.0000,3677.0000,3,1,2,1,2,1,1,1,1,1
SF,IF2005,2020-03-25 09:31:57.700,3667.6000,854,0,119741400.000,0,-,-,-,-,3666.8000,3666.2000,3666.0000,3665.4000,3665.2000,3669.6000,3672.0000,3673.0000,3676.0000,3677.0000,1,3,1,2,1,1,1,1,1,1
SF,IF2005,2020-03-25 09:31:58.200,3667.6000,854,0,119741400.000,0,-,-,-,-,3667.0000,3666.8000,3666.0000,3665.4000,3665.2000,3669.6000,3673.0000,3676.0000,3677.0000,3678.0000,2,2,1,2,1,1,1,1,1,1
SF,IF2005,2020-03-25 09:31:58.700,3667.6000,854,0,119741400.000,0,-,-,-,-,3667.0000,3666.8000,3666.0000,3665.4000,3665.2000,3669.6000,3673.0000,3676.0000,3677.0000,3678.0000,3,1,1,2,1,1,1,1,1,1
SF,IF2005,2020-03-25 09:31:59.200,3667.6000,854,0,119741400.000,0,-,-,-,-,3667.0000,3666.8000,3666.0000,3665.4000,3665.2000,3669.4000,3669.6000,3673.0000,3676.0000,3677.0000,2,1,1,2,1,1,1,1,1,1
SF,IF2005,2020-03-25 09:31:59.700,3667.6000,854,0,119741400.000,0,-,-,-,-,3667.0000,3665.4000,3665.2000,3664.4000,3664.0000,3669.4000,3669.6000,3673.0000,3676.0000,3677.0000,2,1,1,2,2,1,1,1,1,1
SF,IF2005,2020-03-25 09:32:00.200,3667.6000,854,0,119741400.000,0,-,-,-,-,3667.2000,3667.0000,3665.4000,3665.2000,3664.4000,3669.4000,3669.6000,3673.0000,3676.0000,3677.0000,1,1,1,1,2,1,1,1,1,1
SF,IF2005,2020-03-25 09:32:00.700,3667.6000,854,0,119741400.000,0,-,-,-,-,3667.2000,3665.2000,3664.4000,3664.0000,3663.6000,3669.4000,3669.6000,3673.0000,3674.6000,3676.0000,1,1,2,2,1,1,1,1,2,1
SF,IF2005,2020-03-25 09:32:01.200,3667.6000,854,0,119741400.000,0,-,-,-,-,3665.2000,3664.4000,3664.0000,3663.6000,3663.2000,3669.4000,3669.6000,3673.0000,3674.6000,3676.0000,1,2,2,1,1,1,1,1,2,1
SF,IF2005,2020-03-25 09:32:01.700,3667.6000,854,0,119741400.000,0,-,-,-,-,3665.4000,3665.2000,3664.4000,3664.0000,3663.6000,3669.6000,3673.0000,3674.6000,3676.0000,3677.0000,2,2,2,2,1,1,1,2,1,1
SF,IF2005,2020-03-25 09:32:02.200,3667.6000,854,0,119741400.000,0,-,-,-,-,3665.4000,3665.2000,3664.4000,3664.0000,3663.6000,3669.6000,3672.6000,3673.0000,3676.0000,3677.0000,4,1,2,2,1,1,2,1,1,1
SF,IF2005,2020-03-25 09:32:02.700,3667.6000,854,0,119741400.000,0,-,-,-,-,3665.6000,3665.4000,3665.2000,3664.4000,3664.0000,3669.6000,3672.6000,3673.0000,3676.0000,3677.0000,1,4,1,2,2,1,2,1,1,1
SF,IF2005,2020-03-25 09:32:03.200,3667.6000,854,0,119741400.000,0,-,-,-,-,3665.8000,3665.6000,3665.4000,3665.2000,3664.4000,3669.6000,3672.6000,3673.0000,3676.0000,3678.0000,2,2,1,1,1,1,2,1,1,1
SF,IF2005,2020-03-25 09:32:03.700,3667.6000,854,0,119741400.000,0,-,-,-,-,3666.0000,3665.8000,3665.6000,3665.4000,3665.2000,3669.6000,3672.6000,3673.0000,3676.0000,3678.0000,2,3,1,1,1,1,2,1,1,1
SF,IF2005,2020-03-25 09:32:04.200,3667.6000,854,0,119741400.000,0,-,-,-,-,3666.2000,3666.0000,3665.6000,3665.4000,3665.2000,3669.6000,3672.6000,3673.0000,3676.0000,3678.0000,2,4,1,1,1,1,2,1,1,1
SF,IF2005,2020-03-25 09:32:04.700,3669.6000,854,0,120842280.000,1,0,1,多换,S,3667.0000,3666.4000,3666.2000,3666.0000,3665.6000,3672.6000,3673.0000,3676.0000,3678.0000,3678.8000,1,1,3,4,1,2,1,1,1,1
SF,IF2005,2020-03-25 09:32:05.200,3669.6000,854,0,120842280.000,0,-,-,-,-,3668.0000,3667.2000,3667.0000,3666.6000,3666.4000,3672.4000,3673.0000,3676.0000,3678.0000,3678.8000,1,5,3,1,1,1,1,1,1,1
SF,IF2005,2020-03-25 09:32:05.700,3669.6000,854,0,120842280.000,0,-,-,-,-,3668.2000,3668.0000,3667.2000,3667.0000,3666.6000,3672.4000,3673.0000,3676.0000,3678.0000,3678.8000,2,2,3,2,1,1,1,1,1,1
SF,IF2005,2020-03-25 09:32:06.200,3669.6000,854,0,120842280.000,0,-,-,-,-,3668.2000,3668.0000,3667.2000,3667.0000,3666.6000,3673.0000,3676.0000,3678.0000,3678.8000,3679.8000,4,1,2,2,1,1,1,1,1,1
SF,IF2005,2020-03-25 09:32:06.700,3669.6000,854,0,120842280.000,0,-,-,-,-,3669.0000,3668.4000,3668.2000,3668.0000,3667.2000,3672.8000,3673.0000,3676.0000,3678.0000,3678.8000,1,1,5,1,1,1,1,1,1,1
SF,IF2005,2020-03-25 09:32:07.200,3669.6000,854,0,120842280.000,0,-,-,-,-,3669.2000,3669.0000,3668.4000,3668.2000,3668.0000,3673.0000,3676.0000,3678.0000,3678.8000,3679.8000,3,2,1,2,1,1,1,1,1,1
SF,IF2005,2020-03-25 09:32:07.700,3669.6000,854,0,120842280.000,0,-,-,-,-,3669.2000,3669.0000,3668.4000,3668.2000,3668.0000,3672.8000,3673.0000,3676.0000,3678.0000,3678.8000,4,1,1,2,1,1,1,1,1,1
SF,IF2005,2020-03-25 09:32:08.200,3669.6000,854,0,120842280.000,0,-,-,-,-,3669.4000,3669.2000,3668.4000,3668.2000,3668.0000,3672.8000,3673.0000,3676.0000,3678.0000,3678.8000,1,4,1,2,1,1,1,1,1,1
SF,IF2005,2020-03-25 09:32:08.700,3669.6000,854,0,120842280.000,0,-,-,-,-,3669.6000,3669.4000,3669.2000,3668.2000,3668.0000,3672.8000,3673.0000,3676.0000,3678.0000,3678.8000,1,2,1,2,1,1,1,1,1,1
SF,IF2005,2020-03-25 09:32:09.200,3669.6000,854,0,120842280.000,0,-,-,-,-,3669.6000,3669.2000,3668.2000,3668.0000,3667.2000,3672.8000,3673.0000,3676.0000,3678.0000,3678.8000,2,1,2,1,1,1,1,1,1,1
SF,IF2005,2020-03-25 09:32:09.700,3669.6000,854,0,120842280.000,0,-,-,-,-,3669.6000,3668.2000,3668.0000,3667.2000,3667.0000,3672.6000,3672.8000,3673.0000,3676.0000,3678.0000,2,2,1,1,2,1,1,1,1,1
SF,IF2005,2020-03-25 09:32:10.200,3669.6000,854,0,121943160.000,1,0,1,多换,S,3669.6000,3668.2000,3668.0000,3667.2000,3667.0000,3672.4000,3672.6000,3673.0000,3676.0000,3678.0000,1,2,1,1,2,1,1,1,1,1
SF,IF2005,2020-03-25 09:32:10.700,3669.6000,854,0,121943160.000,0,-,-,-,-,3668.0000,3667.2000,3667.0000,3666.6000,3666.4000,3672.2000,3672.4000,3673.0000,3676.0000,3678.0000,1,1,2,1,1,1,1,1,1,1
SF,IF2005,2020-03-25 09:32:11.200,3669.6000,854,0,121943160.000,0,-,-,-,-,3668.2000,3668.0000,3667.2000,3667.0000,3666.4000,3672.2000,3673.0000,3676.0000,3678.0000,3678.8000,2,1,1,1,1,1,1,1,1,1
SF,IF2005,2020-03-25 09:32:11.700,3669.6000,854,0,121943160.000,0,-,-,-,-,3668.2000,3668.0000,3667.2000,3667.0000,3666.4000,3672.0000,3673.0000,3676.0000,3678.0000,3678.8000,3,1,1,1,1,1,1,1,1,1
SF,IF2005,2020-03-25 09:32:12.200,3669.6000,854,0,121943160.000,0,-,-,-,-,3668.2000,3668.0000,3667.2000,3667.0000,3666.4000,3672.0000,3673.0000,3676.0000,3678.0000,3678.8000,3,1,1,1,1,1,1,1,1,1
SF,IF2005,2020-03-25 09:32:13.200,3669.6000,854,0,121943160.000,0,-,-,-,-,3668.4000,3668.2000,3668.0000,3667.2000,3667.0000,3672.0000,3673.0000,3676.0000,3678.0000,3678.8000,1,3,1,1,1,1,1,1,1,1
SF,IF2005,2020-03-25 09:32:13.700,3669.6000,854,0,121943160.000,0,-,-,-,-,3668.6000,3668.4000,3668.0000,3667.2000,3667.0000,3672.0000,3673.0000,3676.0000,3678.0000,3678.8000,2,1,1,1,1,1,1,1,1,1
SF,IF2005,2020-03-25 09:32:14.200,3669.6000,854,0,121943160.000,0,-,-,-,-,3668.6000,3668.4000,3667.2000,3667.0000,3666.4000,3671.8000,3672.0000,3673.0000,3676.0000,3678.0000,2,1,1,1,1,2,1,1,1,1
SF,IF2005,2020-03-25 09:32:14.700,3669.6000,854,0,121943160.000,0,-,-,-,-,3668.6000,3667.2000,3667.0000,3666.4000,3666.0000,3671.8000,3672.0000,3673.0000,3676.0000,3678.0000,3,1,1,1,3,2,1,1,1,1
SF,IF2005,2020-03-25 09:32:15.200,3669.6000,854,0,121943160.000,0,-,-,-,-,3668.6000,3667.2000,3667.0000,3666.4000,3666.0000,3671.8000,3672.0000,3673.0000,3676.0000,3678.0000,3,1,1,1,3,1,1,1,1,1
SF,IF2005,2020-03-25 09:32:15.700,3669.6000,854,0,121943160.000,0,-,-,-,-,3668.6000,3667.2000,3667.0000,3666.4000,3666.0000,3671.8000,3672.0000,3673.0000,3676.0000,3678.0000,3,1,1,1,3,1,1,1,1,1
SF,IF2005,2020-03-25 09:32:16.200,3669.6000,854,0,121943160.000,0,-,-,-,-,3668.6000,3667.2000,3666.4000,3666.0000,3654.2000,3671.6000,3671.8000,3672.0000,3673.0000,3676.0000,1,1,1,3,1,2,1,1,1,1
SF,IF2005,2020-03-25 09:32:16.700,3669.6000,854,0,121943160.000,0,-,-,-,-,3668.6000,3667.2000,3666.4000,3666.0000,3654.2000,3671.4000,3671.6000,3672.0000,3673.0000,3676.0000,1,1,1,3,1,1,2,1,1,1
SF,IF2005,2020-03-25 09:32:17.200,3669.6000,854,0,121943160.000,0,-,-,-,-,3666.4000,3666.0000,3654.2000,3646.2000,3630.0000,3671.2000,3671.4000,3671.6000,3672.0000,3673.0000,1,1,1,1,11,2,1,1,1,1
SF,IF2005,2020-03-25 09:32:17.700,3669.6000,854,0,121943160.000,0,-,-,-,-,3666.6000,3666.4000,3666.0000,3654.2000,3646.2000,3671.0000,3671.2000,3672.0000,3673.0000,3676.0000,2,2,1,1,1,1,2,1,1,1
SF,IF2005,2020-03-25 09:32:18.200,3669.6000,854,0,121943160.000,0,-,-,-,-,3666.6000,3666.4000,3666.0000,3654.2000,3646.2000,3670.8000,3671.0000,3671.2000,3672.0000,3673.0000,3,1,1,1,1,1,1,2,1,1
SF,IF2005,2020-03-25 09:32:18.700,3669.6000,854,0,121943160.000,0,-,-,-,-,3666.8000,3666.6000,3666.4000,3666.0000,3654.2000,3670.8000,3671.0000,3671.2000,3672.0000,3673.0000,1,3,1,1,1,1,1,1,1,1
SF,IF2005,2020-03-25 09:32:19.200,3669.6000,854,0,121943160.000,0,-,-,-,-,3667.0000,3666.8000,3666.4000,3666.0000,3654.2000,3671.0000,3671.2000,3672.0000,3673.0000,3676.0000,2,2,1,1,1,1,1,1,1,1
SF,IF2005,2020-03-25 09:32:19.700,3669.6000,854,0,121943160.000,0,-,-,-,-,3667.2000,3667.0000,3666.8000,3666.4000,3666.0000,3672.0000,3673.0000,3676.0000,3678.0000,3678.8000,1,4,1,1,1,1,1,1,1,1
SF,IF2005,2020-03-25 09:32:20.200,3669.6000,854,0,121943160.000,0,-,-,-,-,3668.0000,3667.4000,3667.2000,3667.0000,3666.8000,3672.0000,3673.0000,3676.0000,3678.0000,3678.8000,1,3,3,2,1,1,1,1,1,1
SF,IF2005,2020-03-25 09:32:20.700,3669.6000,854,0,121943160.000,0,-,-,-,-,3668.2000,3668.0000,3667.4000,3667.2000,3667.0000,3672.0000,3673.0000,3676.0000,3678.0000,3678.8000,2,2,1,3,2,1,1,1,1,1
SF,IF2005,2020-03-25 09:32:21.200,3672.0000,855,1,123044760.000,1,1,0,双开,S,3668.2000,3668.0000,3667.4000,3667.2000,3667.0000,3673.0000,3676.0000,3678.0000,3678.8000,3680.0000,4,1,1,3,2,1,1,1,1,4
SF,IF2005,2020-03-25 09:32:21.700,3672.0000,855,0,123044760.000,0,-,-,-,-,3668.4000,3668.2000,3668.0000,3667.2000,3667.0000,3672.8000,3673.0000,3676.0000,3678.0000,3678.8000,1,4,1,3,2,1,1,1,1,1
SF,IF2005,2020-03-25 09:32:22.200,3672.0000,855,0,123044760.000,0,-,-,-,-,3668.6000,3668.4000,3668.2000,3668.0000,3667.2000,3673.0000,3676.0000,3678.0000,3678.8000,3680.0000,3,2,1,1,3,1,1,1,1,4
SF,IF2005,2020-03-25 09:32:22.700,3672.0000,855,0,123044760.000,0,-,-,-,-,3668.6000,3668.2000,3668.0000,3667.2000,3667.0000,3672.8000,3673.0000,3676.0000,3678.0000,3678.8000,4,1,1,4,2,1,1,1,1,1
SF,IF2005,2020-03-25 09:32:23.200,3672.8000,853,-2,126350280.000,3,0,3,多平,S,3672.8000,3668.8000,3668.6000,3668.2000,3668.0000,3673.0000,3676.0000,3678.0000,3678.8000,3680.0000,7,1,3,1,1,1,1,1,1,4
SF,IF2005,2020-03-25 09:32:23.700,3672.8000,847,-6,136266900.000,9,1,8,多平,S,3668.8000,3668.6000,3668.2000,3668.0000,3667.2000,3672.8000,3676.0000,3678.0000,3678.8000,3680.0000,1,2,1,1,4,6,1,1,1,4
SF,IF2005,2020-03-25 09:32:24.200,3672.8000,853,6,142877940.000,6,6,0,双开,S,3672.8000,3669.0000,3668.8000,3668.6000,3668.2000,3676.0000,3678.0000,3678.8000,3680.0000,3686.2000,4,1,2,1,1,1,1,1,4,1
SF,IF2005,2020-03-25 09:32:24.700,3672.8000,853,0,147285300.000,4,2,2,多换,S,3669.0000,3668.8000,3668.6000,3668.2000,3668.0000,3672.8000,3676.0000,3676.2000,3678.0000,3678.8000,2,2,1,1,1,4,1,1,1,1
SF,IF2005,2020-03-25 09:32:25.200,3672.8000,853,0,149488980.000,2,1,1,多换,S,3670.8000,3669.2000,3669.0000,3668.6000,3668.2000,3672.8000,3675.0000,3675.2000,3676.0000,3678.0000,1,2,3,1,1,1,1,1,1,1
SF,IF2005,2020-03-25 09:32:25.700,3672.8000,854,1,150590820.000,1,1,0,双开,S,3670.8000,3669.2000,3669.0000,3668.6000,3668.2000,3675.0000,3675.2000,3676.0000,3678.0000,3678.8000,1,2,3,1,1,2,1,1,1,1
SF,IF2005,2020-03-25 09:32:26.200,3672.8000,854,0,150590820.000,0,-,-,-,-,3671.0000,3670.8000,3669.2000,3669.0000,3668.6000,3675.0000,3675.2000,3676.0000,3678.0000,3678.8000,1,1,1,3,1,2,1,1,1,1
SF,IF2005,2020-03-25 09:32:26.700,3672.8000,854,0,150590820.000,0,-,-,-,-,3671.0000,3670.8000,3669.0000,3668.6000,3668.2000,3674.6000,3674.8000,3675.0000,3676.0000,3678.0000,2,1,3,1,1,1,1,2,1,1
SF,IF2005,2020-03-25 09:32:27.200,3672.8000,854,0,150590820.000,0,-,-,-,-,3671.2000,3671.0000,3670.8000,3669.0000,3668.6000,3674.6000,3675.6000,3676.0000,3678.0000,3678.8000,1,3,1,2,1,2,1,1,1,1
SF,IF2005,2020-03-25 09:32:27.700,3674.6000,855,1,152795580.000,2,1,1,空开,S,3671.4000,3671.2000,3670.8000,3669.0000,3668.6000,3676.0000,3678.0000,3678.8000,3680.0000,3686.2000,2,2,1,2,1,1,1,1,4,1
SF,IF2005,2020-03-25 09:32:28.200,3674.6000,855,0,152795580.000,0,-,-,-,-,3671.6000,3671.4000,3671.2000,3670.8000,3669.0000,3675.8000,3676.0000,3678.0000,3678.8000,3679.4000,1,3,1,1,2,1,1,1,1,1
SF,IF2005,2020-03-25 09:32:28.700,3674.6000,855,0,152795580.000,0,-,-,-,-,3671.8000,3671.6000,3671.2000,3670.8000,3669.0000,3676.0000,3678.0000,3678.8000,3679.4000,3680.0000,2,2,1,1,2,1,1,1,1,4
SF,IF2005,2020-03-25 09:32:29.200,3674.6000,855,0,152795580.000,0,-,-,-,-,3671.8000,3671.6000,3671.2000,3670.8000,3669.0000,3675.8000,3676.0000,3678.0000,3678.8000,3679.4000,3,1,1,1,2,1,1,1,1,1
SF,IF2005,2020-03-25 09:32:29.700,3674.6000,855,0,152795580.000,0,-,-,-,-,3671.8000,3671.6000,3671.2000,3670.8000,3669.0000,3675.8000,3676.0000,3678.0000,3678.8000,3679.4000,3,1,1,1,2,1,1,1,1,1
SF,IF2005,2020-03-25 09:32:30.200,3674.6000,855,0,152795580.000,0,-,-,-,-,3671.8000,3671.6000,3670.8000,3669.0000,3668.6000,3675.8000,3676.0000,3678.0000,3678.8000,3679.4000,3,1,1,2,1,2,1,1,1,1
SF,IF2005,2020-03-25 09:32:31.700,3674.6000,855,0,152795580.000,0,-,-,-,-,3672.0000,3671.8000,3671.6000,3670.8000,3669.0000,3675.0000,3675.8000,3676.0000,3678.0000,3678.8000,1,2,1,1,2,1,2,1,1,1
SF,IF2005,2020-03-25 09:32:32.200,3674.6000,855,0,152795580.000,0,-,-,-,-,3672.2000,3672.0000,3670.8000,3669.0000,3668.6000,3675.0000,3675.8000,3676.0000,3678.0000,3678.8000,2,1,1,2,1,1,1,1,1,1
SF,IF2005,2020-03-25 09:32:32.700,3674.6000,855,0,152795580.000,0,-,-,-,-,3670.8000,3669.0000,3668.6000,3668.2000,3667.2000,3674.8000,3675.0000,3676.0000,3678.0000,3678.8000,1,2,1,1,3,1,2,1,1,1
SF,IF2005,2020-03-25 09:32:33.200,3674.8000,855,0,153898020.000,1,0,1,多换,S,3671.0000,3670.8000,3669.0000,3668.6000,3668.2000,3675.0000,3676.0000,3678.0000,3678.8000,3679.6000,2,3,2,1,1,1,1,1,1,1
SF,IF2005,2020-03-25 09:32:33.700,3674.8000,855,0,153898020.000,0,-,-,-,-,3671.0000,3670.8000,3669.0000,3668.6000,3668.2000,3676.0000,3678.0000,3678.8000,3679.6000,3680.0000,3,3,1,1,1,1,1,1,1,4
SF,IF2005,2020-03-25 09:32:34.200,3674.8000,855,0,153898020.000,0,-,-,-,-,3671.2000,3671.0000,3670.8000,3669.0000,3668.6000,3676.0000,3678.0000,3678.8000,3679.6000,3680.0000,3,3,3,1,1,2,1,1,1,4
SF,IF2005,2020-03-25 09:32:34.700,3674.8000,855,0,153898020.000,0,-,-,-,-,3671.4000,3671.2000,3670.8000,3669.0000,3668.6000,3675.8000,3676.0000,3678.0000,3678.8000,3679.6000,2,2,2,1,1,1,2,1,1,1
SF,IF2005,2020-03-25 09:32:35.200,3674.8000,855,0,153898020.000,0,-,-,-,-,3671.4000,3671.2000,3670.8000,3669.0000,3668.6000,3675.8000,3676.0000,3678.0000,3678.8000,3679.6000,3,1,2,1,1,2,1,1,1,1
SF,IF2005,2020-03-25 09:32:35.700,3674.8000,855,0,153898020.000,0,-,-,-,-,3671.4000,3671.2000,3670.8000,3669.0000,3668.6000,3675.8000,3676.0000,3678.0000,3678.8000,3679.6000,3,1,2,1,1,2,1,1,1,1
SF,IF2005,2020-03-25 09:32:36.200,3674.8000,855,0,153898020.000,0,-,-,-,-,3671.4000,3670.8000,3669.0000,3668.6000,3668.2000,3675.8000,3676.0000,3678.0000,3678.8000,3679.6000,3,2,1,1,1,2,1,1,1,1
SF,IF2005,2020-03-25 09:32:36.700,3674.8000,855,0,153898020.000,0,-,-,-,-,3672.4000,3671.6000,3671.4000,3670.8000,3669.0000,3675.8000,3676.0000,3678.0000,3678.8000,3679.6000,1,3,3,2,1,1,1,1,1,1
SF,IF2005,2020-03-25 09:32:37.200,3674.8000,855,0,153898020.000,0,-,-,-,-,3672.6000,3672.4000,3671.6000,3671.4000,3670.8000,3676.0000,3678.0000,3678.8000,3679.6000,3680.0000,1,2,3,1,2,1,1,1,1,4
SF,IF2005,2020-03-25 09:32:37.700,3674.8000,855,0,153898020.000,0,-,-,-,-,3672.8000,3672.6000,3672.4000,3671.6000,3671.4000,3675.8000,3676.0000,3678.0000,3678.8000,3679.6000,1,1,2,1,1,1,2,1,1,1
SF,IF2005,2020-03-25 09:32:38.200,3674.8000,855,0,153898020.000,0,-,-,-,-,3672.8000,3672.6000,3672.4000,3671.4000,3670.8000,3675.8000,3676.0000,3678.0000,3678.8000,3679.6000,1,1,1,1,2,1,1,1,1,1
SF,IF2005,2020-03-25 09:32:39.200,3674.8000,855,0,153898020.000,0,-,-,-,-,3673.0000,3672.8000,3671.4000,3670.8000,3667.2000,3675.8000,3676.0000,3678.0000,3678.8000,3679.6000,2,2,1,2,2,1,1,1,1,1
SF,IF2005,2020-03-25 09:32:39.700,3674.8000,855,0,153898020.000,0,-,-,-,-,3673.0000,3672.8000,3671.4000,3670.8000,3667.2000,3675.8000,3676.0000,3678.0000,3678.8000,3679.6000,2,1,1,2,2,1,1,1,1,1
SF,IF2005,2020-03-25 09:32:40.200,3674.8000,855,0,153898020.000,0,-,-,-,-,3673.0000,3672.8000,3671.4000,3670.8000,3667.2000,3675.8000,3676.0000,3678.0000,3678.8000,3679.6000,1,1,1,2,2,2,1,1,1,1
SF,IF2005,2020-03-25 09:32:40.700,3674.8000,855,0,153898020.000,0,-,-,-,-,3673.2000,3673.0000,3672.8000,3670.8000,3667.2000,3675.8000,3676.0000,3678.0000,3678.8000,3679.6000,2,1,1,2,2,1,1,1,1,1
SF,IF2005,2020-03-25 09:32:41.200,3674.8000,855,0,153898020.000,0,-,-,-,-,3673.4000,3673.2000,3673.0000,3672.8000,3670.8000,3675.8000,3676.0000,3678.0000,3678.8000,3679.6000,1,2,1,1,2,1,1,1,1,1
SF,IF2005,2020-03-25 09:32:41.700,3674.8000,855,0,153898020.000,0,-,-,-,-,3673.4000,3673.2000,3673.0000,3670.8000,3667.2000,3675.8000,3676.0000,3678.0000,3678.8000,3679.6000,1,2,1,2,2,1,1,1,1,1
SF,IF2005,2020-03-25 09:32:42.200,3674.8000,855,0,153898020.000,0,-,-,-,-,3673.6000,3673.4000,3673.2000,3673.0000,3670.8000,3676.0000,3678.0000,3678.8000,3679.6000,3685.0000,1,1,1,1,2,1,1,1,1,4
SF,IF2005,2020-03-25 09:32:42.700,3674.8000,855,0,153898020.000,0,-,-,-,-,3673.8000,3673.6000,3673.2000,3673.0000,3670.8000,3676.0000,3678.0000,3678.8000,3679.6000,3685.0000,1,1,1,1,2,1,1,1,1,4
SF,IF2005,2020-03-25 09:32:43.200,3674.8000,855,0,153898020.000,0,-,-,-,-,3673.8000,3673.6000,3673.2000,3673.0000,3670.8000,3676.0000,3678.0000,3678.8000,3685.0000,3685.8000,1,1,1,1,2,1,1,1,4,2
SF,IF2005,2020-03-25 09:32:43.700,3674.8000,855,0,153898020.000,0,-,-,-,-,3673.8000,3673.6000,3673.2000,3673.0000,3670.8000,3675.8000,3676.0000,3678.0000,3678.8000,3685.0000,1,1,1,1,2,1,1,1,1,4
SF,IF2005,2020-03-25 09:32:44.700,3674.8000,855,0,153898020.000,0,-,-,-,-,3673.8000,3673.6000,3673.2000,3673.0000,3670.8000,3676.0000,3678.0000,3678.8000,3685.0000,3685.8000,1,1,1,1,2,1,1,1,4,2
SF,IF2005,2020-03-25 09:32:45.200,3674.8000,855,0,153898020.000,0,-,-,-,-,3673.8000,3673.2000,3673.0000,3670.8000,3667.2000,3676.0000,3678.0000,3678.8000,3685.0000,3685.8000,1,1,1,2,2,2,1,1,4,2
SF,IF2005,2020-03-25 09:32:45.700,3674.8000,855,0,153898020.000,0,-,-,-,-,3673.8000,3673.2000,3673.0000,3670.8000,3667.2000,3676.0000,3678.0000,3678.8000,3685.0000,3685.8000,1,1,1,2,2,1,1,1,4,2
SF,IF2005,2020-03-25 09:32:46.200,3674.8000,855,0,153898020.000,0,-,-,-,-,3673.8000,3673.2000,3673.0000,3670.8000,3667.2000,3675.8000,3676.0000,3678.0000,3678.8000,3685.0000,1,1,1,2,2,1,1,1,1,4
SF,IF2005,2020-03-25 09:32:46.700,3675.8000,855,0,155000760.000,1,0,1,多换,S,3673.8000,3673.2000,3673.0000,3670.8000,3667.2000,3676.0000,3678.0000,3678.8000,3685.0000,3685.8000,1,1,1,2,2,1,1,1,4,2
SF,IF2005,2020-03-25 09:32:47.200,3676.0000,855,0,156103560.000,1,0,1,多换,S,3674.0000,3673.8000,3673.2000,3673.0000,3670.8000,3678.0000,3678.8000,3685.0000,3685.8000,3686.2000,2,1,1,1,2,1,1,4,2,1
SF,IF2005,2020-03-25 09:32:47.700,3676.0000,855,0,156103560.000,0,-,-,-,-,3674.2000,3674.0000,3673.2000,3670.8000,3667.2000,3678.0000,3678.8000,3685.0000,3685.8000,3686.2000,1,2,1,2,2,2,1,4,2,1
SF,IF2005,2020-03-25 09:32:48.200,3676.0000,855,0,156103560.000,0,-,-,-,-,3674.2000,3674.0000,3670.8000,3667.2000,3654.2000,3678.0000,3678.8000,3685.0000,3685.8000,3686.2000,1,2,2,2,1,2,1,4,2,1
SF,IF2005,2020-03-25 09:32:48.700,3676.0000,855,0,156103560.000,0,-,-,-,-,3674.2000,3674.0000,3670.8000,3667.2000,3654.2000,3677.8000,3678.0000,3678.8000,3685.0000,3685.8000,1,2,2,2,1,1,2,1,4,2
SF,IF2005,2020-03-25 09:32:49.200,3676.0000,855,0,156103560.000,0,-,-,-,-,3674.2000,3674.0000,3670.8000,3667.2000,3654.2000,3677.8000,3678.0000,3678.8000,3685.0000,3685.8000,1,1,2,2,1,2,1,1,4,2
SF,IF2005,2020-03-25 09:32:49.700,3676.0000,855,0,156103560.000,0,-,-,-,-,3674.2000,3674.0000,3670.8000,3667.2000,3654.2000,3677.8000,3678.0000,3678.8000,3685.0000,3685.8000,1,1,2,2,1,2,1,1,4,2
SF,IF2005,2020-03-25 09:32:50.200,3676.0000,855,0,156103560.000,0,-,-,-,-,3674.2000,3670.8000,3667.2000,3654.2000,3646.2000,3677.8000,3678.0000,3678.8000,3685.0000,3685.8000,1,2,2,1,1,1,1,1,4,2
SF,IF2005,2020-03-25 09:32:51.700,3676.0000,855,0,156103560.000,0,-,-,-,-,3674.4000,3674.2000,3670.8000,3667.2000,3654.2000,3677.8000,3678.0000,3678.8000,3685.0000,3685.8000,2,2,2,2,1,1,1,1,4,2
SF,IF2005,2020-03-25 09:32:52.200,3676.0000,855,0,156103560.000,0,-,-,-,-,3674.6000,3674.4000,3674.2000,3670.8000,3667.2000,3677.8000,3678.0000,3678.8000,3685.0000,3685.8000,1,2,1,2,2,1,1,1,4,2
SF,IF2005,2020-03-25 09:32:52.700,3676.0000,855,0,156103560.000,0,-,-,-,-,3674.6000,3674.4000,3674.2000,3670.8000,3667.2000,3677.8000,3678.0000,3678.8000,3685.0000,3685.8000,1,1,1,2,2,1,1,1,4,2
SF,IF2005,2020-03-25 09:32:53.200,3676.0000,855,0,156103560.000,0,-,-,-,-,3674.6000,3674.2000,3670.8000,3667.2000,3654.2000,3677.8000,3678.0000,3678.8000,3685.0000,3685.8000,1,1,2,2,1,1,1,1,4,2
SF,IF2005,2020-03-25 09:32:53.700,3676.0000,855,0,156103560.000,0,-,-,-,-,3674.8000,3674.6000,3674.2000,3670.8000,3667.2000,3677.8000,3678.0000,3678.8000,3685.0000,3685.8000,1,1,1,2,2,1,1,1,4,2
SF,IF2005,2020-03-25 09:32:54.200,3676.0000,855,0,156103560.000,0,-,-,-,-,3675.0000,3674.8000,3674.2000,3670.8000,3667.2000,3677.8000,3678.0000,3678.8000,3685.0000,3685.8000,1,2,1,2,2,1,1,1,4,2
SF,IF2005,2020-03-25 09:32:54.700,3676.0000,855,0,156103560.000,0,-,-,-,-,3675.2000,3675.0000,3674.8000,3674.2000,3670.8000,3677.8000,3678.0000,3678.8000,3685.0000,3685.8000,1,1,1,1,1,1,1,1,4,2
SF,IF2005,2020-03-25 09:32:55.700,3676.0000,855,0,156103560.000,0,-,-,-,-,3675.2000,3675.0000,3674.2000,3670.8000,3667.2000,3677.8000,3678.0000,3678.8000,3685.0000,3685.8000,1,1,1,1,2,1,1,1,4,2
SF,IF2005,2020-03-25 09:32:56.200,3676.0000,855,0,156103560.000,0,-,-,-,-,3675.0000,3674.2000,3670.8000,3667.2000,3654.2000,3677.6000,3677.8000,3678.0000,3678.8000,3685.0000,1,1,1,2,1,1,1,1,1,4
SF,IF2005,2020-03-25 09:32:56.700,3676.0000,855,0,156103560.000,0,-,-,-,-,3674.2000,3670.8000,3667.2000,3654.2000,3646.2000,3677.6000,3678.0000,3678.8000,3685.0000,3685.8000,1,1,2,1,1,2,1,1,4,2
SF,IF2005,2020-03-25 09:32:57.200,3676.0000,855,0,156103560.000,0,-,-,-,-,3670.8000,3667.2000,3654.2000,3646.2000,3630.0000,3677.6000,3678.0000,3678.8000,3685.0000,3685.8000,1,2,1,1,11,2,1,1,4,2
SF,IF2005,2020-03-25 09:32:57.700,3676.0000,855,0,156103560.000,0,-,-,-,-,3671.2000,3671.0000,3670.8000,3667.2000,3654.2000,3677.4000,3677.6000,3678.0000,3678.8000,3685.0000,2,2,6,1,1,1,2,1,1,4
SF,IF2005,2020-03-25 09:32:58.200,3676.0000,855,0,156103560.000,0,-,-,-,-,3671.4000,3671.2000,3670.8000,3667.2000,3654.2000,3677.4000,3678.0000,3678.8000,3685.0000,3685.8000,3,3,5,1,1,2,1,1,4,2
SF,IF2005,2020-03-25 09:32:58.700,3676.0000,855,0,156103560.000,0,-,-,-,-,3671.4000,3670.8000,3667.2000,3654.2000,3646.2000,3676.4000,3677.4000,3678.0000,3678.8000,3685.0000,4,3,1,1,1,1,2,1,1,4
SF,IF2005,2020-03-25 09:32:59.200,3676.0000,855,0,156103560.000,0,-,-,-,-,3671.4000,3670.8000,3667.2000,3654.2000,3646.2000,3676.2000,3676.4000,3677.2000,3678.0000,3678.8000,4,3,1,1,1,1,1,2,1,1
SF,IF2005,2020-03-25 09:32:59.700,3676.0000,855,0,156103560.000,0,-,-,-,-,3671.4000,3670.8000,3667.2000,3654.2000,3646.2000,3676.2000,3677.2000,3678.0000,3678.8000,3685.0000,3,1,1,1,1,2,2,1,1,4
SF,IF2005,2020-03-25 09:33:00.200,3676.0000,855,0,156103560.000,0,-,-,-,-,3671.4000,3670.8000,3667.2000,3654.2000,3646.2000,3676.0000,3676.2000,3678.0000,3678.8000,3685.0000,3,1,1,1,1,1,2,1,1,4
SF,IF2005,2020-03-25 09:33:00.700,3676.0000,855,0,156103560.000,0,-,-,-,-,3671.6000,3671.4000,3670.8000,3667.2000,3654.2000,3676.0000,3678.0000,3678.8000,3685.0000,3685.8000,4,3,1,1,1,1,1,1,4,2
SF,IF2005,2020-03-25 09:33:01.200,3676.0000,855,0,156103560.000,0,-,-,-,-,3676.4000,3671.8000,3671.6000,3670.8000,3667.2000,3678.0000,3678.8000,3685.0000,3685.8000,3686.2000,5,2,7,1,1,1,1,4,2,1
SF,IF2005,2020-03-25 09:33:01.700,3676.0000,855,0,156103560.000,0,-,-,-,-,3676.4000,3673.6000,3671.8000,3671.6000,3670.8000,3678.0000,3678.8000,3685.0000,3685.8000,3686.2000,5,1,2,7,1,1,1,4,2,1
SF,IF2005,2020-03-25 09:33:02.200,3678.0000,854,-1,157206960.000,1,0,1,双平,S,3676.4000,3673.6000,3671.8000,3671.6000,3670.8000,3678.8000,3685.0000,3685.8000,3686.2000,3688.0000,5,1,2,7,1,1,4,2,1,1
SF,IF2005,2020-03-25 09:33:02.700,3678.0000,854,0,157206960.000,0,-,-,-,-,3676.4000,3673.6000,3671.8000,3671.6000,3670.8000,3678.0000,3678.8000,3685.0000,3685.8000,3686.2000,5,1,2,7,1,1,1,4,2,1
SF,IF2005,2020-03-25 09:33:03.200,3678.0000,854,0,157206960.000,0,-,-,-,-,3676.4000,3673.6000,3671.8000,3671.6000,3670.8000,3678.0000,3678.8000,3685.0000,3685.8000,3686.2000,5,1,2,5,1,1,1,4,2,1
SF,IF2005,2020-03-25 09:33:04.200,3678.0000,854,0,157206960.000,0,-,-,-,-,3676.4000,3671.8000,3671.6000,3670.8000,3667.2000,3678.0000,3678.8000,3685.0000,3685.8000,3688.0000,5,2,5,1,1,1,1,4,2,1
SF,IF2005,2020-03-25 09:33:04.700,3678.0000,854,0,157206960.000,0,-,-,-,-,3676.4000,3671.8000,3671.6000,3670.8000,3667.2000,3678.0000,3678.8000,3685.0000,3685.8000,3688.0000,6,2,5,1,1,1,1,4,2,1
SF,IF2005,2020-03-25 09:33:05.200,3676.4000,855,1,158309880.000,1,1,0,双开,S,3676.4000,3671.8000,3671.6000,3670.8000,3667.2000,3678.0000,3678.8000,3685.0000,3685.8000,3688.0000,5,2,4,1,1,1,1,4,2,1
SF,IF2005,2020-03-25 09:33:06.200,3676.4000,855,0,160515720.000,2,1,1,多换,S,3676.4000,3671.8000,3671.6000,3670.8000,3667.2000,3678.0000,3678.8000,3685.0000,3685.8000,3688.0000,3,2,4,1,1,1,1,4,2,1
SF,IF2005,2020-03-25 09:33:13.200,3676.4000,855,0,161618640.000,1,0,1,多换,S,3676.4000,3671.8000,3671.6000,3670.8000,3667.2000,3678.0000,3678.8000,3685.0000,3685.8000,3688.0000,2,2,4,1,1,1,1,4,2,1
SF,IF2005,2020-03-25 09:33:14.200,3676.4000,857,2,163824480.000,2,2,0,双开,S,3671.8000,3671.6000,3670.8000,3667.2000,3654.2000,3676.4000,3678.0000,3678.8000,3685.0000,3685.8000,2,4,1,1,1,5,1,1,4,2
SF,IF2005,2020-03-25 09:33:14.700,3676.4000,857,0,163824480.000,0,-,-,-,-,3673.6000,3672.0000,3671.8000,3671.6000,3670.8000,3676.2000,3676.4000,3678.0000,3678.8000,3685.0000,1,2,3,3,1,1,5,1,1,4
SF,IF2005,2020-03-25 09:33:15.200,3676.4000,857,0,163824480.000,0,-,-,-,-,3673.8000,3673.6000,3672.0000,3671.6000,3670.8000,3678.0000,3678.8000,3685.0000,3685.8000,3688.0000,3,1,2,1,1,1,1,4,2,1
SF,IF2005,2020-03-25 09:33:15.700,3672.0000,854,-3,170436240.000,6,1,5,多平,S,3671.6000,3670.8000,3667.2000,3654.2000,3646.2000,3671.8000,3677.8000,3678.0000,3678.8000,3685.0000,1,1,1,1,1,2,1,1,1,4
SF,IF2005,2020-03-25 09:33:16.200,3671.8000,852,-2,172639320.000,2,0,2,双平,S,3674.6000,3673.6000,3672.0000,3671.8000,3671.6000,3677.8000,3678.0000,3678.8000,3685.0000,3685.8000,1,1,2,1,1,1,1,1,4,2
SF,IF2005,2020-03-25 09:33:16.700,3674.6000,851,-1,173741700.000,1,0,1,双平,S,3673.6000,3672.0000,3671.6000,3670.8000,3667.2000,3677.6000,3677.8000,3678.0000,3678.8000,3685.0000,1,1,1,1,1,3,1,1,1,4
SF,IF2005,2020-03-25 09:33:17.200,3674.6000,851,0,173741700.000,0,-,-,-,-,3673.8000,3673.6000,3672.8000,3672.4000,3672.0000,3677.4000,3677.6000,3677.8000,3678.0000,3678.8000,1,1,1,1,1,1,3,1,1,1
SF,IF2005,2020-03-25 09:33:17.700,3674.6000,851,0,173741700.000,0,-,-,-,-,3674.0000,3673.8000,3673.6000,3672.8000,3672.4000,3677.2000,3677.6000,3677.8000,3678.0000,3678.8000,1,1,2,1,1,1,3,1,1,1
SF,IF2005,2020-03-25 09:33:18.200,3674.6000,851,0,173741700.000,0,-,-,-,-,3674.2000,3674.0000,3673.8000,3673.6000,3672.8000,3677.2000,3677.6000,3677.8000,3678.0000,3678.8000,1,3,2,2,1,1,1,1,1,1
SF,IF2005,2020-03-25 09:33:18.700,3674.6000,851,0,173741700.000,0,-,-,-,-,3674.4000,3674.2000,3674.0000,3673.8000,3673.6000,3677.2000,3677.6000,3677.8000,3678.0000,3678.8000,2,1,2,2,2,1,1,1,1,1
SF,IF2005,2020-03-25 09:33:19.200,3677.2000,850,-1,174844860.000,1,0,1,双平,S,3674.6000,3674.4000,3674.2000,3674.0000,3673.8000,3677.6000,3677.8000,3678.0000,3678.8000,3685.0000,1,4,1,2,2,1,1,1,1,4
SF,IF2005,2020-03-25 09:33:19.700,3677.2000,850,0,174844860.000,0,-,-,-,-,3674.8000,3674.6000,3674.4000,3674.2000,3674.0000,3678.0000,3678.8000,3685.0000,3685.8000,3688.0000,2,4,2,1,1,1,1,4,2,1
SF,IF2005,2020-03-25 09:33:20.200,3677.2000,850,0,174844860.000,0,-,-,-,-,3674.8000,3674.6000,3674.4000,3674.2000,3674.0000,3678.0000,3678.8000,3685.0000,3685.8000,3688.0000,2,3,2,1,1,1,1,4,2,1
SF,IF2005,2020-03-25 09:33:20.700,3677.2000,850,0,174844860.000,0,-,-,-,-,3675.0000,3674.8000,3674.6000,3674.4000,3674.2000,3678.0000,3678.8000,3685.0000,3685.8000,3688.0000,1,2,4,1,1,1,1,4,2,1
SF,IF2005,2020-03-25 09:33:21.200,3677.2000,850,0,174844860.000,0,-,-,-,-,3675.2000,3675.0000,3674.6000,3674.4000,3674.2000,3678.0000,3678.8000,3685.0000,3685.8000,3688.0000,3,1,4,1,1,1,1,4,2,1
SF,IF2005,2020-03-25 09:33:21.700,3677.2000,850,0,174844860.000,0,-,-,-,-,3675.4000,3675.2000,3675.0000,3674.6000,3674.2000,3678.0000,3678.8000,3685.0000,3685.8000,3688.0000,1,4,1,4,1,1,1,4,2,1
SF,IF2005,2020-03-25 09:33:22.200,3677.2000,850,0,174844860.000,0,-,-,-,-,3675.6000,3675.2000,3675.0000,3674.6000,3674.2000,3677.8000,3678.0000,3678.8000,3685.0000,3685.8000,1,2,1,3,1,1,1,1,4,2
SF,IF2005,2020-03-25 09:33:22.700,3677.2000,850,0,174844860.000,0,-,-,-,-,3675.6000,3674.6000,3674.2000,3673.8000,3673.6000,3677.8000,3678.0000,3678.8000,3685.0000,3685.8000,1,1,1,1,2,2,1,1,4,2
SF,IF2005,2020-03-25 09:33:23.200,3677.2000,850,0,174844860.000,0,-,-,-,-,3673.8000,3673.6000,3673.4000,3672.6000,3672.0000,3675.6000,3677.6000,3677.8000,3678.0000,3678.8000,1,1,1,1,1,1,1,2,1,1
SF,IF2005,2020-03-25 09:33:23.700,3675.6000,849,-1,175947540.000,1,0,1,双平,S,3674.0000,3673.8000,3673.6000,3673.4000,3672.6000,3677.6000,3677.8000,3678.0000,3678.8000,3685.0000,2,1,1,1,1,1,1,1,1,4
SF,IF2005,2020-03-25 09:33:24.200,3675.6000,849,0,175947540.000,0,-,-,-,-,3674.2000,3674.0000,3673.8000,3673.6000,3673.4000,3677.6000,3678.0000,3678.8000,3680.6000,3685.0000,2,2,1,2,1,1,1,1,1,4
SF,IF2005,2020-03-25 09:33:24.700,3675.6000,849,0,175947540.000,0,-,-,-,-,3674.4000,3674.2000,3673.8000,3673.6000,3673.4000,3678.0000,3678.8000,3680.6000,3685.0000,3685.8000,2,2,1,2,1,1,1,1,4,2
SF,IF2005,2020-03-25 09:33:25.200,3675.6000,849,0,175947540.000,0,-,-,-,-,3674.6000,3674.4000,3674.2000,3673.8000,3673.6000,3678.0000,3678.8000,3680.6000,3685.0000,3685.8000,1,2,3,1,2,1,1,1,4,2
SF,IF2005,2020-03-25 09:33:25.700,3675.6000,849,0,175947540.000,0,-,-,-,-,3675.4000,3674.8000,3674.6000,3674.2000,3673.8000,3678.0000,3678.8000,3680.6000,3685.0000,3685.8000,1,2,1,3,1,1,1,1,4,2
SF,IF2005,2020-03-25 09:33:26.200,3675.6000,849,0,175947540.000,0,-,-,-,-,3675.6000,3675.4000,3675.0000,3674.8000,3674.6000,3678.0000,3678.8000,3680.6000,3685.0000,3685.8000,1,1,1,1,1,1,1,1,4,2
SF,IF2005,2020-03-25 09:33:26.700,3675.6000,849,0,175947540.000,0,-,-,-,-,3675.6000,3675.4000,3674.8000,3674.6000,3674.2000,3677.8000,3678.0000,3678.8000,3680.6000,3685.0000,1,1,1,1,2,1,1,1,1,4
SF,IF2005,2020-03-25 09:33:27.200,3675.6000,849,0,175947540.000,0,-,-,-,-,3674.2000,3673.8000,3673.6000,3672.4000,3672.0000,3677.8000,3678.0000,3678.8000,3680.6000,3685.0000,1,1,1,1,1,2,1,1,1,4
SF,IF2005,2020-03-25 09:33:27.700,3675.6000,849,0,175947540.000,0,-,-,-,-,3675.8000,3674.6000,3674.4000,3673.8000,3673.6000,3678.0000,3678.8000,3680.6000,3685.0000,3685.8000,1,2,1,1,1,1,1,1,4,2
SF,IF2005,2020-03-25 09:33:28.200,3675.6000,849,0,175947540.000,0,-,-,-,-,3675.8000,3673.8000,3673.6000,3672.4000,3672.0000,3677.8000,3678.0000,3678.8000,3680.6000,3685.0000,1,1,1,1,1,1,1,1,1,4
SF,IF2005,2020-03-25 09:33:28.700,3675.6000,848,-1,177050220.000,1,0,1,双平,S,3673.8000,3673.6000,3672.4000,3672.0000,3671.6000,3677.8000,3678.0000,3678.8000,3680.6000,3685.0000,1,1,1,1,1,2,1,1,1,4
SF,IF2005,2020-03-25 09:33:29.200,3675.6000,848,0,177050220.000,0,-,-,-,-,3674.0000,3673.8000,3673.6000,3672.4000,3672.0000,3677.6000,3677.8000,3678.0000,3678.8000,3680.6000,1,1,1,1,1,2,2,1,1,1
SF,IF2005,2020-03-25 09:33:29.700,3675.6000,848,0,177050220.000,0,-,-,-,-,3674.0000,3672.4000,3672.0000,3671.6000,3670.8000,3677.4000,3677.6000,3678.0000,3678.8000,3680.6000,1,1,1,1,1,1,1,1,1,1
SF,IF2005,2020-03-25 09:33:30.200,3675.6000,848,0,177050220.000,0,-,-,-,-,3674.2000,3672.0000,3671.6000,3670.8000,3670.6000,3677.2000,3677.4000,3678.0000,3678.8000,3680.6000,1,1,1,1,1,1,1,1,1,1
SF,IF2005,2020-03-25 09:33:30.700,3675.6000,848,0,177050220.000,0,-,-,-,-,3674.2000,3672.0000,3670.8000,3670.6000,3667.2000,3677.0000,3677.2000,3678.0000,3678.8000,3680.6000,1,1,1,1,1,1,2,1,1,1
SF,IF2005,2020-03-25 09:33:31.200,3675.6000,848,0,177050220.000,0,-,-,-,-,3674.2000,3672.0000,3670.8000,3670.6000,3667.2000,3677.0000,3677.2000,3678.0000,3678.8000,3680.6000,1,1,1,1,1,1,2,1,1,1
SF,IF2005,2020-03-25 09:33:31.700,3674.2000,848,0,178152480.000,1,0,1,多换,S,3672.0000,3670.8000,3670.6000,3667.2000,3646.2000,3676.8000,3677.0000,3677.2000,3677.8000,3678.0000,1,1,1,1,1,3,1,1,1,1
SF,IF2005,2020-03-25 09:33:32.200,3674.2000,848,0,178152480.000,0,-,-,-,-,3672.2000,3672.0000,3670.8000,3670.6000,3667.2000,3676.4000,3676.6000,3676.8000,3677.2000,3677.8000,2,1,1,1,1,1,1,3,1,1
SF,IF2005,2020-03-25 09:33:32.700,3674.2000,848,0,178152480.000,0,-,-,-,-,3672.2000,3672.0000,3670.8000,3670.6000,3667.2000,3676.2000,3676.4000,3676.6000,3676.8000,3677.2000,2,1,1,1,1,3,1,1,2,1
SF,IF2005,2020-03-25 09:33:33.200,3674.2000,848,0,178152480.000,0,-,-,-,-,3672.2000,3672.0000,3670.8000,3670.6000,3667.2000,3676.0000,3676.2000,3676.4000,3676.6000,3676.8000,2,1,1,1,1,1,3,1,1,1
SF,IF2005,2020-03-25 09:33:33.700,3674.2000,848,0,178152480.000,0,-,-,-,-,3672.0000,3670.8000,3667.2000,3666.6000,3646.2000,3675.8000,3676.0000,3676.2000,3676.4000,3676.6000,1,1,1,2,1,2,1,1,1,1
SF,IF2005,2020-03-25 09:33:34.200,3674.2000,848,0,178152480.000,0,-,-,-,-,3672.0000,3670.8000,3667.2000,3666.6000,3646.2000,3675.6000,3675.8000,3676.2000,3676.4000,3676.6000,1,1,1,2,1,1,3,1,1,1
SF,IF2005,2020-03-25 09:33:34.700,3674.2000,848,0,178152480.000,0,-,-,-,-,3672.0000,3670.8000,3667.2000,3663.4000,3646.2000,3675.4000,3675.6000,3675.8000,3676.2000,3676.4000,1,1,1,2,1,2,1,1,1,1
SF,IF2005,2020-03-25 09:33:35.200,3674.2000,848,0,178152480.000,0,-,-,-,-,3672.0000,3670.8000,3667.2000,3663.4000,3646.2000,3675.4000,3675.6000,3675.8000,3676.2000,3676.4000,1,1,1,2,1,3,1,1,1,1
SF,IF2005,2020-03-25 09:33:35.700,3674.2000,848,0,178152480.000,0,-,-,-,-,3672.0000,3670.8000,3667.2000,3663.4000,3646.2000,3675.4000,3675.6000,3675.8000,3676.2000,3676.4000,1,1,1,2,1,3,1,1,1,1
SF,IF2005,2020-03-25 09:33:36.700,3674.2000,848,0,178152480.000,0,-,-,-,-,3672.0000,3670.8000,3667.2000,3663.4000,3646.2000,3675.0000,3675.4000,3675.6000,3675.8000,3676.2000,1,1,1,2,1,1,3,1,1,1
SF,IF2005,2020-03-25 09:33:37.200,3674.2000,848,0,178152480.000,0,-,-,-,-,3672.0000,3670.8000,3667.2000,3663.4000,3646.2000,3674.8000,3675.0000,3675.4000,3675.6000,3675.8000,1,1,1,2,1,3,1,1,1,1
SF,IF2005,2020-03-25 09:33:38.200,3674.2000,848,0,178152480.000,0,-,-,-,-,3672.0000,3670.8000,3667.2000,3663.4000,3646.2000,3674.8000,3675.0000,3675.4000,3675.8000,3676.2000,1,1,1,2,1,2,1,1,1,1
SF,IF2005,2020-03-25 09:33:38.700,3672.0000,848,0,179254080.000,1,0,1,多换,S,3670.8000,3667.2000,3663.4000,3646.2000,3630.0000,3674.6000,3674.8000,3675.0000,3675.4000,3675.8000,1,1,2,1,11,1,2,1,1,1
SF,IF2005,2020-03-25 09:33:39.200,3672.0000,848,0,179254080.000,0,-,-,-,-,3670.8000,3667.2000,3663.4000,3646.2000,3630.0000,3674.4000,3674.6000,3675.0000,3675.4000,3675.8000,1,1,2,1,11,2,1,1,1,1
SF,IF2005,2020-03-25 09:33:39.700,3672.0000,848,0,179254080.000,0,-,-,-,-,3670.8000,3667.2000,3663.4000,3646.2000,3630.0000,3674.2000,3674.4000,3674.6000,3675.0000,3675.4000,1,1,2,1,11,1,2,1,1,1
SF,IF2005,2020-03-25 09:33:40.200,3672.0000,848,0,179254080.000,0,-,-,-,-,3670.8000,3667.2000,3663.4000,3646.2000,3630.0000,3674.0000,3674.2000,3674.6000,3675.0000,3675.4000,1,1,2,1,11,2,2,1,1,1
SF,IF2005,2020-03-25 09:33:40.700,3672.0000,848,0,179254080.000,0,-,-,-,-,3670.8000,3667.2000,3663.4000,3646.2000,3630.0000,3674.0000,3674.2000,3674.6000,3675.0000,3675.4000,1,1,2,1,11,3,2,1,1,1
SF,IF2005,2020-03-25 09:33:41.200,3670.8000,849,1,180355320.000,1,1,0,双开,S,3667.2000,3663.4000,3646.2000,3630.0000,3629.0000,3673.8000,3674.0000,3674.2000,3674.6000,3675.0000,1,2,1,11,2,1,3,1,1,1
SF,IF2005,2020-03-25 09:33:41.700,3670.8000,849,0,180355320.000,0,-,-,-,-,3668.6000,3668.0000,3667.4000,3667.2000,3667.0000,3673.6000,3673.8000,3674.0000,3674.2000,3674.6000,1,1,2,2,1,2,2,1,1,1
SF,IF2005,2020-03-25 09:33:42.200,3670.8000,849,0,180355320.000,0,-,-,-,-,3668.8000,3668.6000,3668.0000,3667.4000,3667.2000,3673.4000,3673.6000,3673.8000,3674.0000,3674.2000,2,1,1,2,2,1,2,1,1,1
SF,IF2005,2020-03-25 09:33:42.700,3670.8000,849,0,180355320.000,0,-,-,-,-,3668.8000,3668.6000,3668.0000,3667.4000,3667.2000,3673.2000,3673.4000,3673.8000,3674.0000,3674.2000,2,1,1,2,2,3,2,1,1,1
SF,IF2005,2020-03-25 09:33:43.200,3670.8000,849,0,180355320.000,0,-,-,-,-,3668.8000,3668.0000,3667.4000,3667.2000,3667.0000,3673.0000,3673.2000,3673.4000,3673.8000,3674.0000,2,1,2,2,1,1,3,1,1,1
SF,IF2005,2020-03-25 09:33:43.700,3670.8000,849,0,180355320.000,0,-,-,-,-,3668.8000,3668.0000,3667.4000,3667.2000,3667.0000,3672.8000,3673.0000,3673.2000,3673.4000,3673.8000,2,1,2,2,1,2,1,1,1,1
SF,IF2005,2020-03-25 09:33:44.200,3670.8000,849,0,180355320.000,0,-,-,-,-,3668.8000,3668.0000,3667.4000,3667.2000,3667.0000,3672.8000,3673.0000,3673.2000,3673.4000,3673.8000,2,1,2,2,1,3,1,1,1,1
SF,IF2005,2020-03-25 09:33:44.700,3670.8000,849,0,180355320.000,0,-,-,-,-,3668.8000,3668.0000,3667.4000,3667.2000,3667.0000,3672.8000,3673.2000,3673.4000,3673.8000,3674.0000,2,1,2,2,1,2,1,1,1,1
SF,IF2005,2020-03-25 09:33:45.200,3670.8000,849,0,180355320.000,0,-,-,-,-,3669.2000,3669.0000,3668.8000,3668.0000,3667.4000,3672.6000,3672.8000,3673.2000,3673.4000,3673.8000,1,1,2,1,2,1,2,1,1,1
SF,IF2005,2020-03-25 09:33:45.700,3670.8000,849,0,180355320.000,0,-,-,-,-,3669.4000,3669.2000,3669.0000,3668.8000,3668.0000,3672.4000,3672.6000,3672.8000,3673.4000,3673.8000,1,1,1,1,1,1,1,2,1,1
SF,IF2005,2020-03-25 09:33:46.700,3670.8000,849,0,180355320.000,0,-,-,-,-,3669.6000,3669.4000,3669.2000,3669.0000,3668.8000,3672.4000,3672.6000,3672.8000,3673.4000,3673.8000,1,1,1,1,1,1,1,2,1,1
SF,IF2005,2020-03-25 09:33:47.200,3670.8000,849,0,180355320.000,0,-,-,-,-,3670.0000,3669.6000,3669.4000,3669.2000,3669.0000,3672.2000,3672.4000,3672.8000,3673.4000,3673.8000,1,1,1,1,1,2,1,1,1,1
SF,IF2005,2020-03-25 09:33:47.700,3670.8000,849,0,180355320.000,0,-,-,-,-,3669.6000,3669.4000,3669.2000,3669.0000,3668.8000,3672.0000,3672.4000,3672.8000,3673.4000,3673.8000,1,1,1,1,1,1,1,1,1,1
SF,IF2005,2020-03-25 09:33:48.700,3670.8000,849,0,180355320.000,0,-,-,-,-,3669.6000,3669.4000,3669.2000,3669.0000,3668.8000,3672.0000,3672.4000,3672.8000,3673.4000,3673.8000,1,1,1,1,1,1,1,1,1,1
SF,IF2005,2020-03-25 09:33:49.200,3670.8000,849,0,180355320.000,0,-,-,-,-,3669.8000,3669.6000,3669.2000,3669.0000,3668.8000,3672.0000,3672.4000,3672.8000,3673.4000,3673.8000,2,1,1,1,1,1,1,1,1,1
SF,IF2005,2020-03-25 09:33:49.700,3670.8000,849,0,180355320.000,0,-,-,-,-,3670.0000,3669.8000,3669.6000,3669.2000,3668.8000,3672.0000,3672.4000,3672.8000,3673.4000,3673.8000,1,1,1,1,1,1,1,1,1,1
SF,IF2005,2020-03-25 09:33:50.200,3670.8000,849,0,180355320.000,0,-,-,-,-,3669.6000,3669.2000,3668.8000,3668.0000,3667.4000,3672.0000,3672.4000,3672.8000,3673.4000,3673.8000,1,1,1,1,2,1,1,1,1,1
SF,IF2005,2020-03-25 09:33:50.700,3669.6000,849,0,181456200.000,1,0,1,多换,S,3669.2000,3668.8000,3668.0000,3667.4000,3667.2000,3671.8000,3672.0000,3672.4000,3672.8000,3673.4000,1,1,1,2,2,1,1,1,1,1
SF,IF2005,2020-03-25 09:33:51.200,3671.8000,849,0,182557740.000,1,0,1,多换,S,3668.8000,3668.0000,3667.4000,3667.2000,3667.0000,3672.0000,3672.4000,3672.8000,3673.4000,3673.8000,1,1,2,2,1,1,1,1,1,1
SF,IF2005,2020-03-25 09:33:51.700,3671.8000,849,0,182557740.000,0,-,-,-,-,3669.0000,3668.8000,3668.0000,3667.4000,3667.2000,3672.0000,3672.4000,3672.8000,3673.4000,3673.8000,1,1,1,2,2,1,1,1,1,1
SF,IF2005,2020-03-25 09:33:53.700,3671.8000,849,0,182557740.000,0,-,-,-,-,3669.0000,3668.0000,3667.4000,3667.2000,3667.0000,3672.0000,3672.4000,3672.8000,3673.4000,3673.8000,1,1,2,2,1,1,1,1,1,1
SF,IF2005,2020-03-25 09:33:54.200,3671.8000,849,0,182557740.000,0,-,-,-,-,3669.0000,3668.0000,3667.4000,3667.2000,3667.0000,3671.8000,3672.0000,3672.4000,3672.8000,3673.4000,1,1,2,2,1,1,1,1,1,1
SF,IF2005,2020-03-25 09:33:54.700,3671.8000,849,0,182557740.000,0,-,-,-,-,3669.0000,3668.0000,3667.4000,3667.2000,3667.0000,3671.6000,3672.0000,3672.4000,3672.8000,3673.4000,1,1,2,2,1,1,1,1,1,1
SF,IF2005,2020-03-25 09:33:56.200,3671.8000,849,0,182557740.000,0,-,-,-,-,3669.0000,3668.0000,3667.4000,3667.2000,3667.0000,3671.6000,3672.0000,3672.4000,3672.8000,3673.4000,1,1,2,2,1,1,1,1,1,1
SF,IF2005,2020-03-25 09:33:56.700,3671.8000,849,0,182557740.000,0,-,-,-,-,3668.0000,3667.4000,3667.2000,3667.0000,3666.0000,3672.0000,3672.4000,3672.8000,3673.4000,3673.8000,1,2,2,1,1,1,1,1,1,1
SF,IF2005,2020-03-25 09:33:57.200,3671.8000,849,0,182557740.000,0,-,-,-,-,3668.2000,3668.0000,3667.4000,3667.2000,3667.0000,3671.8000,3672.0000,3672.4000,3673.8000,3674.0000,1,1,2,2,1,1,1,1,1,1
SF,IF2005,2020-03-25 09:33:57.700,3671.8000,849,0,182557740.000,0,-,-,-,-,3668.2000,3668.0000,3667.4000,3667.2000,3667.0000,3671.6000,3671.8000,3672.0000,3672.4000,3673.8000,1,1,2,2,1,1,1,1,1,1
SF,IF2005,2020-03-25 09:33:59.200,3671.8000,849,0,182557740.000,0,-,-,-,-,3668.2000,3668.0000,3667.4000,3667.2000,3667.0000,3671.8000,3672.0000,3672.4000,3673.8000,3674.0000,1,1,2,2,1,1,1,1,1,1
SF,IF2005,2020-03-25 09:33:59.700,3671.8000,849,0,182557740.000,0,-,-,-,-,3668.4000,3668.2000,3668.0000,3667.4000,3667.2000,3671.8000,3672.0000,3673.8000,3674.0000,3675.2000,1,1,1,2,2,1,1,1,1,1
SF,IF2005,2020-03-25 09:34:00.200,3671.8000,849,0,182557740.000,0,-,-,-,-,3668.6000,3668.2000,3668.0000,3667.4000,3667.2000,3671.6000,3671.8000,3672.0000,3673.8000,3674.0000,1,1,1,2,2,1,1,1,1,1
SF,IF2005,2020-03-25 09:34:00.700,3671.8000,849,0,182557740.000,0,-,-,-,-,3668.6000,3668.0000,3667.4000,3667.2000,3667.0000,3671.4000,3671.6000,3672.0000,3673.8000,3674.0000,1,1,2,1,1,2,1,1,1,1
SF,IF2005,2020-03-25 09:34:01.200,3671.8000,849,0,182557740.000,0,-,-,-,-,3668.6000,3668.0000,3667.4000,3667.2000,3667.0000,3671.2000,3671.4000,3671.6000,3672.0000,3673.8000,1,1,2,1,1,1,1,1,1,1
SF,IF2005,2020-03-25 09:34:01.700,3671.8000,849,0,182557740.000,0,-,-,-,-,3668.8000,3668.0000,3667.4000,3667.2000,3667.0000,3671.2000,3671.4000,3671.6000,3672.0000,3673.8000,1,1,2,1,1,1,1,1,1,1
SF,IF2005,2020-03-25 09:34:02.200,3671.8000,849,0,182557740.000,0,-,-,-,-,3668.8000,3668.0000,3667.4000,3667.2000,3667.0000,3671.2000,3671.4000,3672.0000,3673.8000,3674.0000,1,1,2,1,1,1,1,1,1,1
SF,IF2005,2020-03-25 09:34:02.700,3671.8000,849,0,182557740.000,0,-,-,-,-,3669.0000,3668.8000,3668.0000,3667.4000,3667.2000,3671.4000,3672.0000,3673.8000,3674.0000,3675.2000,1,1,1,2,1,1,1,1,1,1
SF,IF2005,2020-03-25 09:34:03.200,3671.8000,849,0,182557740.000,0,-,-,-,-,3669.0000,3668.8000,3668.0000,3667.4000,3667.2000,3673.8000,3674.0000,3675.2000,3678.0000,3678.8000,1,1,1,2,1,1,1,1,2,1
SF,IF2005,2020-03-25 09:34:03.700,3671.8000,849,0,182557740.000,0,-,-,-,-,3669.4000,3669.2000,3669.0000,3668.0000,3667.4000,3673.6000,3674.0000,3675.2000,3678.0000,3678.8000,1,1,1,1,2,1,1,1,2,1
SF,IF2005,2020-03-25 09:34:04.200,3671.8000,849,0,182557740.000,0,-,-,-,-,3669.6000,3669.4000,3669.2000,3669.0000,3668.0000,3673.6000,3674.0000,3675.2000,3678.0000,3678.8000,1,1,1,1,1,1,1,1,2,1
SF,IF2005,2020-03-25 09:34:04.700,3671.8000,849,0,182557740.000,0,-,-,-,-,3669.6000,3669.2000,3668.0000,3667.4000,3667.2000,3673.4000,3673.6000,3674.0000,3675.2000,3678.0000,1,1,1,2,1,1,1,1,1,2
SF,IF2005,2020-03-25 09:34:05.200,3671.8000,849,0,182557740.000,0,-,-,-,-,3670.4000,3670.0000,3669.8000,3669.2000,3668.0000,3673.2000,3673.4000,3674.0000,3675.2000,3678.0000,1,1,1,1,1,2,1,1,1,2
SF,IF2005,2020-03-25 09:34:05.700,3670.4000,850,1,183658860.000,1,1,0,双开,S,3670.0000,3668.0000,3667.4000,3667.2000,3667.0000,3673.2000,3673.4000,3674.0000,3675.2000,3678.0000,1,1,2,1,1,2,1,1,1,2
SF,IF2005,2020-03-25 09:34:06.200,3670.4000,850,0,183658860.000,0,-,-,-,-,3670.0000,3668.0000,3667.4000,3667.2000,3667.0000,3673.0000,3673.2000,3674.0000,3675.2000,3678.0000,1,1,2,1,1,1,2,1,1,2
SF,IF2005,2020-03-25 09:34:06.700,3670.4000,850,0,183658860.000,0,-,-,-,-,3670.0000,3668.0000,3667.4000,3667.2000,3667.0000,3672.8000,3673.0000,3673.2000,3674.0000,3675.2000,1,1,2,1,1,3,1,1,1,1
SF,IF2005,2020-03-25 09:34:07.200,3670.0000,850,0,184759860.000,1,0,1,多换,S,3667.4000,3667.2000,3667.0000,3666.0000,3656.0000,3672.6000,3672.8000,3673.2000,3674.0000,3675.2000,2,1,1,1,2,1,3,1,1,1
SF,IF2005,2020-03-25 09:34:07.700,3670.0000,850,0,184759860.000,0,-,-,-,-,3667.6000,3667.4000,3667.2000,3666.0000,3656.0000,3672.4000,3672.6000,3672.8000,3673.2000,3674.0000,1,1,1,1,2,2,1,2,1,1
SF,IF2005,2020-03-25 09:34:08.200,3670.0000,850,0,184759860.000,0,-,-,-,-,3667.6000,3667.2000,3666.0000,3656.0000,3646.2000,3672.2000,3672.4000,3672.8000,3673.2000,3674.0000,1,1,1,2,1,1,3,1,1,1
SF,IF2005,2020-03-25 09:34:08.700,3670.0000,850,0,184759860.000,0,-,-,-,-,3667.6000,3667.2000,3666.0000,3656.0000,3646.2000,3672.0000,3672.2000,3672.4000,3672.8000,3673.2000,1,1,1,2,1,5,1,1,1,1
SF,IF2005,2020-03-25 09:34:09.200,3670.0000,850,0,184759860.000,0,-,-,-,-,3667.6000,3667.2000,3666.0000,3656.0000,3646.2000,3672.0000,3672.2000,3672.4000,3672.8000,3674.0000,1,1,1,2,1,6,1,1,1,1
SF,IF2005,2020-03-25 09:34:09.700,3670.0000,850,0,184759860.000,0,-,-,-,-,3668.0000,3667.6000,3667.2000,3666.0000,3656.0000,3672.0000,3672.2000,3672.4000,3674.0000,3675.2000,1,1,1,1,2,5,1,1,1,1
SF,IF2005,2020-03-25 09:34:10.200,3670.0000,850,0,184759860.000,0,-,-,-,-,3668.2000,3668.0000,3667.8000,3667.2000,3666.0000,3672.0000,3672.2000,3674.0000,3675.2000,3678.0000,1,1,1,1,1,3,1,1,1,2
SF,IF2005,2020-03-25 09:34:10.700,3670.0000,850,0,184759860.000,0,-,-,-,-,3668.2000,3668.0000,3667.8000,3667.2000,3666.0000,3672.0000,3672.2000,3674.0000,3675.2000,3678.0000,2,1,1,1,1,2,1,1,1,2
SF,IF2005,2020-03-25 09:34:11.200,3670.0000,850,0,184759860.000,0,-,-,-,-,3668.6000,3668.4000,3668.2000,3668.0000,3667.8000,3672.0000,3672.2000,3674.0000,3675.2000,3678.0000,1,1,2,1,1,2,1,1,1,2
SF,IF2005,2020-03-25 09:34:11.700,3670.0000,850,0,184759860.000,0,-,-,-,-,3668.8000,3668.6000,3668.4000,3668.2000,3668.0000,3672.0000,3675.2000,3678.0000,3678.8000,3685.0000,2,1,2,1,1,1,1,2,1,4
SF,IF2005,2020-03-25 09:34:12.200,3670.0000,850,0,184759860.000,0,-,-,-,-,3668.8000,3668.6000,3668.4000,3668.2000,3668.0000,3672.0000,3675.2000,3678.0000,3678.8000,3685.0000,2,1,1,1,1,1,1,2,1,4
SF,IF2005,2020-03-25 09:34:12.700,3670.0000,850,0,184759860.000,0,-,-,-,-,3669.2000,3668.8000,3668.6000,3668.2000,3668.0000,3671.8000,3672.0000,3675.2000,3678.0000,3678.8000,1,2,1,1,1,1,1,1,2,1
SF,IF2005,2020-03-25 09:34:13.200,3670.0000,850,0,184759860.000,0,-,-,-,-,3669.4000,3669.2000,3668.8000,3668.2000,3668.0000,3671.8000,3672.0000,3675.2000,3678.0000,3678.8000,1,1,1,1,1,1,1,1,2,1
SF,IF2005,2020-03-25 09:34:13.700,3670.0000,850,0,184759860.000,0,-,-,-,-,3668.2000,3668.0000,3667.8000,3667.2000,3666.0000,3671.8000,3672.0000,3675.2000,3678.0000,3678.8000,1,1,1,1,1,1,1,1,2,1
SF,IF2005,2020-03-25 09:34:14.200,3670.0000,850,0,184759860.000,0,-,-,-,-,3668.4000,3668.0000,3667.8000,3667.2000,3666.0000,3671.6000,3671.8000,3672.0000,3675.2000,3678.0000,1,1,1,1,1,2,1,1,1,2
SF,IF2005,2020-03-25 09:34:14.700,3670.0000,850,0,184759860.000,0,-,-,-,-,3668.4000,3667.8000,3667.2000,3666.0000,3656.0000,3671.4000,3671.6000,3671.8000,3672.0000,3675.2000,1,1,1,1,2,1,2,1,1,1
SF,IF2005,2020-03-25 09:34:15.200,3670.0000,850,0,184759860.000,0,-,-,-,-,3667.2000,3666.0000,3656.0000,3646.2000,3641.6000,3671.2000,3671.4000,3671.6000,3671.8000,3672.0000,1,1,2,1,1,1,1,1,1,1
SF,IF2005,2020-03-25 09:34:15.700,3670.0000,850,0,184759860.000,0,-,-,-,-,3667.2000,3666.0000,3656.0000,3646.2000,3641.6000,3671.0000,3671.2000,3671.4000,3671.6000,3671.8000,1,1,2,1,1,1,1,1,1,1
SF,IF2005,2020-03-25 09:34:16.200,3670.0000,850,0,184759860.000,0,-,-,-,-,3667.2000,3666.0000,3656.0000,3646.2000,3641.6000,3670.8000,3671.0000,3671.4000,3671.8000,3672.0000,1,1,2,1,1,2,1,1,1,1
SF,IF2005,2020-03-25 09:34:16.700,3670.0000,850,0,184759860.000,0,-,-,-,-,3667.2000,3666.0000,3656.0000,3646.2000,3641.6000,3670.6000,3670.8000,3671.0000,3671.4000,3672.0000,1,1,2,1,1,1,2,1,1,1
SF,IF2005,2020-03-25 09:34:17.200,3670.0000,850,0,184759860.000,0,-,-,-,-,3667.2000,3666.0000,3656.0000,3646.2000,3641.6000,3670.4000,3670.6000,3671.0000,3671.4000,3672.0000,1,1,2,1,1,2,1,1,1,1
SF,IF2005,2020-03-25 09:34:17.700,3670.0000,850,0,184759860.000,0,-,-,-,-,3667.4000,3667.2000,3666.0000,3656.0000,3646.2000,3670.6000,3671.0000,3672.0000,3675.2000,3678.0000,1,1,1,2,1,1,1,1,1,2
SF,IF2005,2020-03-25 09:34:18.200,3670.0000,850,0,184759860.000,0,-,-,-,-,3667.6000,3667.4000,3667.2000,3666.0000,3656.0000,3670.6000,3672.0000,3675.2000,3678.0000,3678.8000,1,1,1,1,2,1,1,1,2,1
SF,IF2005,2020-03-25 09:34:18.700,3670.0000,850,0,184759860.000,0,-,-,-,-,3667.8000,3667.2000,3666.0000,3656.0000,3646.2000,3670.6000,3672.0000,3675.2000,3678.0000,3678.8000,1,1,1,2,1,1,1,1,2,1
SF,IF2005,2020-03-25 09:34:19.200,3670.0000,850,0,184759860.000,0,-,-,-,-,3668.0000,3667.8000,3667.2000,3666.0000,3656.0000,3672.0000,3675.2000,3678.0000,3678.8000,3685.0000,1,1,1,1,2,1,1,2,1,4
SF,IF2005,2020-03-25 09:34:19.700,3670.0000,850,0,184759860.000,0,-,-,-,-,3668.4000,3668.2000,3668.0000,3667.2000,3666.0000,3672.0000,3675.2000,3678.0000,3678.8000,3685.0000,1,1,2,1,1,1,1,2,1,4
SF,IF2005,2020-03-25 09:34:20.200,3670.0000,850,0,184759860.000,0,-,-,-,-,3668.6000,3668.4000,3668.2000,3668.0000,3667.2000,3672.0000,3675.2000,3678.0000,3678.8000,3685.0000,2,1,1,2,1,1,1,2,1,4
SF,IF2005,2020-03-25 09:34:21.200,3670.0000,850,0,184759860.000,0,-,-,-,-,3668.6000,3668.4000,3668.0000,3667.2000,3666.0000,3671.8000,3672.0000,3675.2000,3678.0000,3678.8000,2,1,2,1,1,1,1,1,2,1
SF,IF2005,2020-03-25 09:34:21.700,3670.0000,850,0,184759860.000,0,-,-,-,-,3668.8000,3668.6000,3668.4000,3668.0000,3667.2000,3671.8000,3672.0000,3675.2000,3678.0000,3678.8000,1,2,1,2,1,1,1,1,2,1
SF,IF2005,2020-03-25 09:34:22.200,3670.0000,850,0,184759860.000,0,-,-,-,-,3669.0000,3668.8000,3668.6000,3668.0000,3667.2000,3672.0000,3675.2000,3678.0000,3678.8000,3685.0000,1,1,1,2,1,1,1,2,1,4
SF,IF2005,2020-03-25 09:34:22.700,3670.0000,850,0,184759860.000,0,-,-,-,-,3669.4000,3669.2000,3669.0000,3668.8000,3668.0000,3672.0000,3675.2000,3678.0000,3678.8000,3685.0000,1,1,1,1,2,1,1,2,1,4
SF,IF2005,2020-03-25 09:34:23.200,3670.0000,850,0,184759860.000,0,-,-,-,-,3669.6000,3669.4000,3669.2000,3668.8000,3668.0000,3672.0000,3675.2000,3678.0000,3678.8000,3685.0000,2,1,1,1,2,1,1,2,1,4
SF,IF2005,2020-03-25 09:34:23.700,3670.0000,850,0,184759860.000,0,-,-,-,-,3669.6000,3669.4000,3669.2000,3668.8000,3668.0000,3672.0000,3675.2000,3678.0000,3678.8000,3685.0000,3,1,1,1,2,1,1,2,1,4
SF,IF2005,2020-03-25 09:34:24.200,3670.0000,850,0,184759860.000,0,-,-,-,-,3669.6000,3669.4000,3669.2000,3668.8000,3668.0000,3672.0000,3675.2000,3678.0000,3678.8000,3685.0000,3,1,1,1,2,1,1,2,1,4
SF,IF2005,2020-03-25 09:34:24.700,3670.0000,850,0,184759860.000,0,-,-,-,-,3669.6000,3669.2000,3668.8000,3668.0000,3667.2000,3671.8000,3672.0000,3675.2000,3678.0000,3678.8000,3,1,1,2,1,1,1,1,2,1
SF,IF2005,2020-03-25 09:34:25.200,3670.0000,850,0,184759860.000,0,-,-,-,-,3669.6000,3669.2000,3668.8000,3668.0000,3667.2000,3671.6000,3671.8000,3672.0000,3675.2000,3678.0000,2,1,1,2,1,1,1,1,1,2
SF,IF2005,2020-03-25 09:34:25.700,3670.0000,850,0,184759860.000,0,-,-,-,-,3669.6000,3669.2000,3668.8000,3668.0000,3667.2000,3671.6000,3671.8000,3672.0000,3675.2000,3678.0000,2,1,1,2,1,1,1,1,1,2
SF,IF2005,2020-03-25 09:34:26.200,3670.0000,850,0,184759860.000,0,-,-,-,-,3669.6000,3669.2000,3668.8000,3668.0000,3667.2000,3671.6000,3671.8000,3672.0000,3675.2000,3678.0000,2,1,1,2,1,1,1,1,1,2
SF,IF2005,2020-03-25 09:34:26.700,3670.0000,850,0,184759860.000,0,-,-,-,-,3669.6000,3669.2000,3668.8000,3668.0000,3667.2000,3671.8000,3672.0000,3675.2000,3678.0000,3678.8000,2,1,1,2,1,1,1,1,2,1
SF,IF2005,2020-03-25 09:34:27.200,3671.8000,850,0,185861400.000,1,0,1,多换,S,3669.8000,3669.6000,3669.2000,3668.8000,3668.0000,3672.0000,3675.2000,3678.0000,3678.8000,3685.0000,1,2,1,1,2,1,1,2,1,4
SF,IF2005,2020-03-25 09:34:27.700,3671.8000,850,0,185861400.000,0,-,-,-,-,3669.8000,3669.6000,3669.2000,3668.8000,3668.0000,3672.0000,3675.2000,3678.0000,3678.8000,3685.0000,1,2,1,1,2,1,1,2,1,4
SF,IF2005,2020-03-25 09:34:28.200,3671.8000,850,0,185861400.000,0,-,-,-,-,3670.0000,3669.8000,3669.6000,3669.2000,3668.8000,3672.0000,3675.2000,3678.0000,3678.8000,3685.0000,1,1,1,1,1,1,1,2,1,4
SF,IF2005,2020-03-25 09:34:28.700,3671.8000,850,0,185861400.000,0,-,-,-,-,3670.0000,3669.6000,3669.2000,3668.8000,3668.0000,3671.8000,3672.0000,3675.2000,3678.0000,3678.8000,1,1,1,1,2,1,1,1,2,1
SF,IF2005,2020-03-25 09:34:29.700,3671.8000,850,0,185861400.000,0,-,-,-,-,3670.0000,3669.6000,3669.2000,3668.8000,3668.0000,3672.0000,3675.2000,3678.0000,3678.8000,3685.0000,1,1,1,1,2,1,1,2,1,4
SF,IF2005,2020-03-25 09:34:30.200,3671.8000,850,0,185861400.000,0,-,-,-,-,3670.2000,3670.0000,3669.6000,3669.2000,3668.8000,3672.0000,3675.2000,3678.0000,3678.8000,3685.0000,1,1,1,1,1,1,1,2,1,4
SF,IF2005,2020-03-25 09:34:30.700,3671.8000,850,0,185861400.000,0,-,-,-,-,3670.4000,3670.2000,3669.6000,3669.2000,3668.8000,3672.0000,3675.2000,3678.0000,3678.8000,3685.0000,1,1,1,1,1,1,1,2,1,4
SF,IF2005,2020-03-25 09:34:31.200,3672.0000,850,0,186963000.000,1,0,1,多换,S,3670.4000,3670.2000,3669.6000,3669.2000,3668.8000,3675.2000,3678.0000,3678.8000,3685.0000,3688.0000,1,1,1,1,1,1,2,1,4,1
SF,IF2005,2020-03-25 09:34:31.700,3672.0000,850,0,186963000.000,0,-,-,-,-,3670.6000,3669.6000,3669.2000,3668.8000,3668.0000,3674.0000,3674.2000,3674.6000,3675.0000,3675.2000,1,1,1,1,2,1,1,1,2,1
SF,IF2005,2020-03-25 09:34:32.200,3672.0000,850,0,186963000.000,0,-,-,-,-,3669.6000,3669.2000,3668.8000,3668.0000,3667.2000,3673.8000,3674.0000,3675.0000,3675.2000,3678.0000,1,1,1,2,1,2,1,1,1,2
SF,IF2005,2020-03-25 09:34:32.700,3672.0000,850,0,186963000.000,0,-,-,-,-,3669.6000,3669.2000,3668.8000,3668.0000,3667.2000,3673.8000,3674.0000,3675.0000,3675.2000,3678.0000,1,1,1,2,1,4,1,1,1,2
SF,IF2005,2020-03-25 09:34:33.200,3672.0000,850,0,186963000.000,0,-,-,-,-,3669.2000,3668.8000,3668.0000,3667.2000,3666.0000,3673.2000,3673.6000,3673.8000,3674.0000,3675.0000,1,1,2,1,1,1,1,4,1,1
SF,IF2005,2020-03-25 09:34:33.700,3672.0000,850,0,186963000.000,0,-,-,-,-,3668.0000,3667.2000,3666.0000,3656.0000,3646.2000,3673.0000,3673.2000,3673.6000,3673.8000,3674.0000,2,1,1,2,1,2,1,2,1,1
SF,IF2005,2020-03-25 09:34:34.200,3672.0000,850,0,186963000.000,0,-,-,-,-,3668.0000,3667.2000,3666.0000,3656.0000,3646.2000,3672.6000,3672.8000,3673.0000,3673.2000,3673.6000,2,1,1,2,1,1,1,3,1,1
SF,IF2005,2020-03-25 09:34:34.700,3672.0000,850,0,186963000.000,0,-,-,-,-,3667.2000,3666.0000,3656.0000,3646.2000,3641.6000,3672.4000,3672.6000,3673.0000,3673.6000,3673.8000,1,1,2,1,1,4,2,1,1,1
SF,IF2005,2020-03-25 09:34:35.200,3672.0000,850,0,186963000.000,0,-,-,-,-,3667.4000,3667.2000,3666.0000,3656.0000,3646.2000,3672.4000,3672.6000,3673.6000,3673.8000,3674.0000,1,1,1,2,1,5,1,1,1,1
SF,IF2005,2020-03-25 09:34:35.700,3672.0000,850,0,186963000.000,0,-,-,-,-,3667.4000,3667.2000,3666.0000,3656.0000,3646.2000,3671.4000,3671.8000,3672.2000,3672.4000,3673.6000,1,1,1,2,1,1,1,1,5,1
SF,IF2005,2020-03-25 09:34:36.200,3672.0000,850,0,186963000.000,0,-,-,-,-,3667.4000,3667.2000,3666.0000,3656.0000,3646.2000,3671.2000,3671.4000,3671.8000,3672.2000,3672.4000,1,1,1,2,1,1,1,1,1,3
SF,IF2005,2020-03-25 09:34:36.700,3672.0000,850,0,186963000.000,0,-,-,-,-,3667.4000,3667.2000,3666.0000,3656.0000,3646.2000,3671.2000,3672.2000,3672.4000,3673.6000,3674.0000,1,1,1,2,1,1,1,3,1,1
SF,IF2005,2020-03-25 09:34:37.200,3672.0000,850,0,186963000.000,0,-,-,-,-,3668.0000,3667.6000,3667.4000,3667.2000,3666.0000,3671.2000,3672.2000,3672.4000,3673.6000,3674.0000,1,2,1,1,1,1,1,3,1,1
SF,IF2005,2020-03-25 09:34:37.700,3672.0000,850,0,186963000.000,0,-,-,-,-,3668.2000,3668.0000,3667.6000,3667.2000,3666.0000,3672.4000,3674.0000,3675.2000,3678.0000,3678.8000,1,1,2,1,1,2,1,1,2,1
SF,IF2005,2020-03-25 09:34:38.200,3672.0000,850,0,186963000.000,0,-,-,-,-,3667.6000,3667.2000,3666.0000,3656.0000,3646.2000,3671.0000,3672.2000,3672.4000,3674.0000,3675.2000,1,1,1,2,1,1,1,2,1,1
SF,IF2005,2020-03-25 09:34:38.700,3672.0000,850,0,186963000.000,0,-,-,-,-,3668.0000,3667.8000,3667.6000,3667.2000,3666.0000,3671.0000,3672.2000,3672.4000,3674.0000,3675.2000,1,1,1,1,1,1,1,2,1,1
SF,IF2005,2020-03-25 09:34:39.200,3672.0000,850,0,186963000.000,0,-,-,-,-,3668.2000,3668.0000,3667.8000,3667.6000,3667.2000,3672.2000,3672.4000,3674.0000,3675.2000,3678.0000,2,1,1,1,1,1,1,1,1,2
SF,IF2005,2020-03-25 09:34:39.700,3672.0000,850,0,186963000.000,0,-,-,-,-,3668.6000,3668.2000,3668.0000,3667.8000,3667.6000,3672.0000,3672.2000,3672.4000,3674.0000,3675.2000,1,2,1,1,1,1,1,1,1,1
