市场代码,合约代码,时间,最新,持仓,增仓,成交额,成交量,开仓,平仓,成交类型,方向,买一价,买二价,买三价,买四价,买五价,卖一价,卖二价,卖三价,卖四价,卖五价,买一量,买二量,买三量,买四量,买五量,卖一量,卖二量,卖三量,卖四量,卖五量
SF,IF2006,2019-12-13 09:29:00.100,3923.8000,6906,0,5885700.000,5.000,-,-,-,-,3923.2000,3921.6000,3921.4000,3921.0000,3919.4000,3930.0000,3932.4000,3935.6000,3937.4000,3938.4000,1,1,1,2,1,3,1,1,1,1
SF,IF2006,2019-12-13 09:30:00.100,3923.2000,6906,0,7062660.000,1,0,1,多换,S,3923.0000,3921.4000,3921.0000,3918.0000,3916.2000,3923.4000,3924.8000,3925.4000,3926.6000,3927.8000,2,1,2,1,1,3,1,1,1,1
SF,IF2006,2019-12-13 09:30:00.600,3923.2000,6906,0,9416520.000,2,1,1,多换,S,3923.0000,3921.0000,3918.0000,3916.2000,3915.8000,3925.4000,3927.8000,3928.0000,3928.8000,3929.2000,1,2,1,1,4,1,1,1,1,2
SF,IF2006,2019-12-13 09:30:01.100,3925.2000,6904,-2,11771040.000,2,0,2,双平,S,3923.2000,3923.0000,3921.0000,3918.0000,3916.2000,3928.0000,3929.4000,3929.8000,3930.0000,3932.4000,1,1,2,1,1,1,2,1,3,1
SF,IF2006,2019-12-13 09:30:01.600,3925.2000,6904,0,11771040.000,0,-,-,-,-,3925.4000,3924.8000,3923.8000,3923.6000,3923.4000,3928.0000,3929.4000,3929.8000,3930.0000,3932.4000,1,1,2,1,4,1,2,1,3,1
SF,IF2006,2019-12-13 09:30:02.100,3925.2000,6904,0,12948600.000,1,0,1,多换,S,3925.6000,3925.4000,3923.6000,3923.4000,3923.0000,3928.0000,3929.4000,3929.8000,3930.0000,3932.4000,1,1,1,3,1,2,2,1,3,1
SF,IF2006,2019-12-13 09:30:02.600,3928.0000,6904,0,15305400.000,2,1,1,多换,S,3925.6000,3925.4000,3923.6000,3923.4000,3923.0000,3929.4000,3929.8000,3930.0000,3932.4000,3933.0000,1,1,1,3,1,2,1,3,1,1
SF,IF2006,2019-12-13 09:30:03.100,3925.6000,6903,-1,16483080.000,1,0,1,双平,S,3925.4000,3923.4000,3923.0000,3921.0000,3918.6000,3929.2000,3929.4000,3929.8000,3930.0000,3932.4000,1,3,1,2,5,4,2,1,3,1
SF,IF2006,2019-12-13 09:30:03.600,3925.6000,6903,0,16483080.000,0,-,-,-,-,3925.6000,3923.8000,3923.4000,3923.0000,3921.0000,3929.2000,3929.4000,3929.8000,3930.0000,3932.4000,1,1,3,1,2,1,2,1,3,1
SF,IF2006,2019-12-13 09:30:04.100,3925.6000,6903,0,16483080.000,0,-,-,-,-,3925.6000,3923.4000,3923.0000,3921.0000,3918.6000,3929.2000,3929.4000,3929.8000,3930.0000,3932.4000,1,3,1,2,5,1,2,1,3,1
SF,IF2006,2019-12-13 09:30:04.600,3925.6000,6903,0,16483080.000,0,-,-,-,-,3925.8000,3925.6000,3925.0000,3923.4000,3923.0000,3929.2000,3929.4000,3929.8000,3930.0000,3932.4000,2,1,1,3,1,1,2,1,3,1
SF,IF2006,2019-12-13 09:30:05.100,3925.6000,6903,0,16483080.000,0,-,-,-,-,3926.0000,3925.8000,3925.0000,3923.4000,3923.0000,3929.2000,3929.4000,3929.8000,3930.0000,3932.4000,1,1,1,3,1,1,2,1,3,1
SF,IF2006,2019-12-13 09:30:05.600,3925.6000,6901,-2,18838440.000,2,0,2,双平,S,3925.0000,3923.4000,3923.0000,3921.0000,3918.6000,3929.2000,3929.8000,3930.0000,3932.4000,3933.0000,1,3,1,2,5,1,1,3,1,1
SF,IF2006,2019-12-13 09:30:06.100,3926.0000,6900,-1,20016240.000,1,0,1,双平,S,3925.4000,3925.2000,3925.0000,3924.8000,3923.4000,3929.2000,3929.8000,3930.0000,3932.4000,3933.0000,1,1,1,1,3,1,1,3,1,1
SF,IF2006,2019-12-13 09:30:06.600,3926.0000,6900,0,20016240.000,0,-,-,-,-,3925.6000,3925.4000,3925.0000,3924.8000,3923.4000,3929.2000,3929.8000,3930.0000,3932.4000,3933.0000,1,1,1,1,3,1,1,3,1,1
SF,IF2006,2019-12-13 09:30:07.600,3925.8000,6900,0,21193980.000,1,0,1,多换,S,3925.6000,3925.4000,3925.0000,3924.8000,3923.4000,3929.2000,3929.8000,3930.0000,3932.4000,3933.0000,1,1,1,1,3,1,1,3,1,1
SF,IF2006,2019-12-13 09:30:08.600,3925.8000,6900,0,21193980.000,0,-,-,-,-,3926.2000,3925.6000,3925.4000,3925.0000,3924.8000,3929.2000,3929.8000,3930.0000,3932.4000,3933.0000,1,1,1,1,1,1,1,3,1,1
SF,IF2006,2019-12-13 09:30:09.100,3925.8000,6900,0,21193980.000,0,-,-,-,-,3926.4000,3926.2000,3926.0000,3925.4000,3925.0000,3929.2000,3929.8000,3930.0000,3932.4000,3933.0000,1,1,1,1,1,1,1,3,1,1
SF,IF2006,2019-12-13 09:30:09.600,3925.8000,6900,0,21193980.000,0,-,-,-,-,3926.8000,3926.4000,3926.2000,3925.4000,3925.0000,3929.2000,3929.8000,3930.0000,3932.4000,3933.0000,1,1,1,1,1,1,1,3,1,1
SF,IF2006,2019-12-13 09:30:10.100,3925.8000,6900,0,21193980.000,0,-,-,-,-,3927.0000,3926.2000,3925.4000,3925.0000,3924.8000,3929.2000,3929.8000,3930.0000,3932.4000,3933.0000,1,1,1,1,1,1,1,3,1,1
SF,IF2006,2019-12-13 09:30:11.100,3929.2000,6900,0,22372740.000,1,0,1,多换,S,3927.0000,3926.2000,3925.4000,3925.0000,3924.8000,3929.4000,3929.8000,3930.0000,3932.4000,3933.0000,1,1,1,1,1,1,1,3,1,1
SF,IF2006,2019-12-13 09:30:11.600,3927.0000,6899,-1,23550840.000,1,0,1,双平,S,3926.2000,3925.4000,3925.0000,3924.8000,3923.4000,3929.4000,3929.8000,3930.0000,3932.4000,3933.0000,1,1,1,1,3,1,1,3,1,1
SF,IF2006,2019-12-13 09:30:12.100,3927.0000,6899,0,23550840.000,0,-,-,-,-,3926.6000,3926.4000,3926.2000,3925.4000,3925.0000,3929.2000,3929.4000,3929.8000,3930.0000,3932.4000,1,1,1,1,1,1,1,1,3,1
SF,IF2006,2019-12-13 09:30:12.600,3927.0000,6899,0,23550840.000,0,-,-,-,-,3926.8000,3926.2000,3926.0000,3925.4000,3925.0000,3928.0000,3929.4000,3929.8000,3930.0000,3932.4000,2,1,1,1,1,1,1,1,3,1
SF,IF2006,2019-12-13 09:30:13.100,3928.0000,6899,0,24729240.000,1,0,1,多换,S,3928.0000,3926.8000,3926.6000,3926.2000,3926.0000,3929.4000,3929.8000,3930.0000,3932.4000,3933.0000,1,1,1,1,1,1,1,3,1,1
SF,IF2006,2019-12-13 09:30:13.600,3929.4000,6898,-1,25908060.000,1,0,1,双平,S,3928.2000,3928.0000,3926.6000,3926.2000,3926.0000,3929.8000,3930.0000,3932.4000,3933.0000,3934.8000,1,1,1,1,1,1,3,1,1,2
SF,IF2006,2019-12-13 09:30:14.100,3929.4000,6898,0,25908060.000,0,-,-,-,-,3928.4000,3928.2000,3928.0000,3927.4000,3927.0000,3929.8000,3930.0000,3932.4000,3933.0000,3934.8000,1,1,1,1,5,1,3,1,1,2
SF,IF2006,2019-12-13 09:30:14.600,3929.4000,6898,0,25908060.000,0,-,-,-,-,3928.6000,3928.4000,3928.0000,3927.4000,3927.0000,3929.8000,3930.0000,3932.4000,3933.0000,3934.8000,1,1,4,1,5,1,3,1,1,2
SF,IF2006,2019-12-13 09:30:15.100,3928.6000,6897,-1,27086640.000,1,0,1,双平,S,3928.0000,3927.0000,3926.6000,3926.2000,3926.0000,3929.8000,3930.0000,3932.4000,3933.0000,3934.8000,3,5,1,1,1,1,3,1,1,2
SF,IF2006,2019-12-13 09:30:15.600,3929.6000,6896,-1,28265520.000,1,0,1,双平,S,3928.2000,3928.0000,3926.6000,3926.2000,3926.0000,3929.8000,3930.0000,3932.4000,3933.0000,3934.8000,2,3,1,1,3,1,3,1,1,2
SF,IF2006,2019-12-13 09:30:16.100,3930.0000,6894,-2,30623460.000,2,0,2,双平,S,3929.8000,3929.2000,3928.2000,3928.0000,3926.6000,3930.0000,3932.4000,3933.0000,3934.8000,3937.2000,3,1,2,3,1,2,1,1,2,1
SF,IF2006,2019-12-13 09:30:16.600,3930.0000,6889,-5,36518220.000,5,0,5,双平,S,3929.8000,3928.2000,3928.0000,3926.6000,3926.2000,3930.0000,3932.4000,3933.0000,3934.8000,3937.2000,1,1,3,1,1,1,1,1,2,1
SF,IF2006,2019-12-13 09:30:17.100,3930.0000,6888,-1,37697220.000,1,0,1,双平,S,3929.8000,3929.6000,3928.2000,3928.0000,3926.6000,3932.4000,3933.0000,3934.8000,3937.2000,3937.4000,1,1,1,3,1,1,1,2,1,1
SF,IF2006,2019-12-13 09:30:17.600,3930.0000,6888,0,37697220.000,0,-,-,-,-,3929.8000,3929.6000,3928.2000,3928.0000,3926.6000,3932.2000,3932.4000,3933.0000,3933.2000,3934.8000,1,1,1,3,1,1,1,1,1,2
SF,IF2006,2019-12-13 09:30:18.100,3930.0000,6888,0,37697220.000,0,-,-,-,-,3929.8000,3929.6000,3928.0000,3926.6000,3926.2000,3931.0000,3932.2000,3932.4000,3933.0000,3934.8000,1,1,3,2,1,1,1,1,1,2
SF,IF2006,2019-12-13 09:30:18.600,3931.0000,6887,-1,38876520.000,1,0,1,双平,S,3929.8000,3929.6000,3928.0000,3926.6000,3926.2000,3930.0000,3930.8000,3932.4000,3933.0000,3934.8000,1,1,3,2,1,1,1,1,1,2
SF,IF2006,2019-12-13 09:30:19.100,3929.8000,6887,0,40055460.000,1,0,1,多换,S,3929.6000,3928.0000,3926.6000,3926.2000,3926.0000,3930.0000,3932.4000,3933.0000,3934.8000,3937.2000,1,3,2,1,3,1,1,1,2,1
SF,IF2006,2019-12-13 09:30:19.600,3932.4000,6887,0,42414180.000,2,1,1,多换,S,3932.4000,3929.6000,3928.0000,3926.6000,3926.2000,3933.0000,3934.8000,3937.2000,3937.4000,3938.8000,3,1,3,2,1,1,2,1,1,4
SF,IF2006,2019-12-13 09:30:20.100,3932.4000,6887,0,45953340.000,3,1,2,多换,S,3929.6000,3928.0000,3926.6000,3926.2000,3926.0000,3932.4000,3932.8000,3933.0000,3934.8000,3937.2000,1,3,2,1,3,1,1,2,2,1
SF,IF2006,2019-12-13 09:30:20.600,3932.4000,6887,0,45953340.000,0,-,-,-,-,3929.8000,3929.6000,3928.0000,3926.6000,3926.2000,3931.6000,3932.2000,3932.4000,3933.0000,3934.8000,1,1,3,2,1,1,1,1,1,2
SF,IF2006,2019-12-13 09:30:21.100,3932.4000,6887,0,45953340.000,0,-,-,-,-,3930.0000,3929.8000,3929.6000,3928.0000,3926.6000,3931.4000,3932.4000,3933.0000,3934.8000,3937.2000,1,1,1,3,2,1,1,1,2,1
SF,IF2006,2019-12-13 09:30:21.600,3932.4000,6887,0,45953340.000,0,-,-,-,-,3930.0000,3929.6000,3928.0000,3926.6000,3926.2000,3931.4000,3932.4000,3933.0000,3934.8000,3937.2000,1,1,3,1,1,1,1,1,2,1
SF,IF2006,2019-12-13 09:30:22.100,3932.4000,6887,0,45953340.000,0,-,-,-,-,3930.0000,3929.6000,3928.0000,3926.6000,3926.2000,3931.4000,3932.4000,3933.0000,3934.8000,3937.2000,1,1,3,1,1,1,1,1,2,1
SF,IF2006,2019-12-13 09:30:22.600,3932.4000,6887,0,45953340.000,0,-,-,-,-,3930.0000,3929.6000,3928.0000,3926.6000,3926.2000,3931.4000,3932.4000,3933.0000,3934.8000,3937.2000,1,1,3,1,1,1,1,1,2,1
SF,IF2006,2019-12-13 09:30:25.100,3932.4000,6887,0,45953340.000,0,-,-,-,-,3930.0000,3929.6000,3928.0000,3926.6000,3926.2000,3931.4000,3932.4000,3933.0000,3934.8000,3937.2000,1,1,3,1,1,1,1,1,2,1
SF,IF2006,2019-12-13 09:30:25.600,3931.4000,6886,-1,47132760.000,1,0,1,双平,S,3930.8000,3930.2000,3930.0000,3928.0000,3926.6000,3932.4000,3933.0000,3934.8000,3937.2000,3937.4000,1,1,1,3,1,1,1,2,1,1
SF,IF2006,2019-12-13 09:30:26.100,3931.4000,6886,0,47132760.000,0,-,-,-,-,3931.4000,3931.0000,3930.8000,3930.0000,3928.0000,3932.4000,3933.0000,3933.2000,3934.8000,3937.2000,1,1,1,1,3,1,1,1,2,1
SF,IF2006,2019-12-13 09:30:26.600,3931.4000,6886,0,48312180.000,1,0,1,多换,S,3930.8000,3930.0000,3928.0000,3926.6000,3926.2000,3932.2000,3932.4000,3932.6000,3932.8000,3933.0000,1,1,3,1,1,1,1,1,1,1
SF,IF2006,2019-12-13 09:30:27.600,3932.2000,6885,-1,50671080.000,2,0,2,多平,S,3930.0000,3928.0000,3926.6000,3926.2000,3926.0000,3932.4000,3932.6000,3932.8000,3933.0000,3934.8000,1,3,1,1,3,1,1,1,1,2
SF,IF2006,2019-12-13 09:30:28.100,3932.2000,6883,-2,53030400.000,2,0,2,双平,S,3930.2000,3930.0000,3928.0000,3926.6000,3926.2000,3932.4000,3932.6000,3932.8000,3933.0000,3934.8000,1,1,3,1,1,1,1,1,1,2
SF,IF2006,2019-12-13 09:30:28.600,3932.2000,6883,0,53030400.000,0,-,-,-,-,3931.0000,3930.2000,3930.0000,3928.0000,3926.6000,3932.4000,3932.6000,3932.8000,3933.0000,3934.8000,1,1,1,3,1,1,1,1,1,2
SF,IF2006,2019-12-13 09:30:29.100,3931.0000,6883,0,54209700.000,1,0,1,多换,S,3930.2000,3930.0000,3928.0000,3926.6000,3926.2000,3931.0000,3932.2000,3932.4000,3932.6000,3932.8000,1,1,3,1,1,2,1,4,1,1
SF,IF2006,2019-12-13 09:30:29.600,3931.0000,6882,-1,56568300.000,2,0,2,多平,S,3930.0000,3928.0000,3926.6000,3926.2000,3926.0000,3932.4000,3932.6000,3932.8000,3933.0000,3934.8000,1,3,1,1,3,4,1,1,1,2
SF,IF2006,2019-12-13 09:30:30.100,3931.0000,6882,0,56568300.000,0,-,-,-,-,3930.2000,3930.0000,3929.4000,3928.0000,3926.6000,3932.4000,3932.6000,3932.8000,3933.0000,3934.8000,1,1,1,3,1,4,1,1,1,2
SF,IF2006,2019-12-13 09:30:30.600,3931.0000,6882,0,56568300.000,0,-,-,-,-,3930.4000,3930.2000,3930.0000,3929.4000,3928.0000,3931.0000,3932.4000,3932.6000,3932.8000,3933.0000,1,1,1,1,3,1,3,1,1,1
SF,IF2006,2019-12-13 09:30:31.100,3930.6000,6880,-2,58926780.000,2,0,2,双平,S,3930.4000,3930.0000,3929.4000,3928.0000,3926.6000,3932.2000,3932.4000,3932.6000,3932.8000,3933.0000,1,1,1,3,1,1,3,1,1,1
SF,IF2006,2019-12-13 09:30:31.600,3930.0000,6879,-1,61284900.000,2,0,2,多平,S,3930.6000,3929.4000,3928.0000,3926.6000,3926.2000,3932.0000,3932.2000,3932.4000,3932.6000,3932.8000,1,1,3,1,1,1,1,3,1,1
SF,IF2006,2019-12-13 09:30:32.100,3930.6000,6878,-1,62464080.000,1,0,1,双平,S,3930.8000,3929.4000,3928.0000,3926.6000,3926.2000,3932.0000,3932.2000,3932.4000,3932.6000,3932.8000,1,1,3,1,1,2,1,3,1,1
SF,IF2006,2019-12-13 09:30:32.600,3930.8000,6877,-1,63643320.000,1,0,1,双平,S,3929.4000,3928.0000,3926.6000,3926.2000,3926.0000,3932.0000,3932.4000,3932.6000,3932.8000,3933.0000,1,3,1,1,3,2,3,1,1,1
SF,IF2006,2019-12-13 09:30:33.100,3930.8000,6877,0,63643320.000,0,-,-,-,-,3931.0000,3929.6000,3929.4000,3928.0000,3926.6000,3932.0000,3932.4000,3932.6000,3932.8000,3933.0000,1,1,1,3,1,2,3,1,1,1
SF,IF2006,2019-12-13 09:30:33.600,3931.0000,6877,0,64822620.000,1,0,1,多换,S,3931.2000,3929.6000,3928.0000,3927.2000,3926.6000,3932.0000,3932.4000,3932.6000,3932.8000,3933.0000,1,1,3,4,1,2,3,1,1,1
SF,IF2006,2019-12-13 09:30:34.100,3931.0000,6876,-1,66001920.000,1,0,1,双平,S,3928.0000,3927.2000,3926.6000,3926.2000,3926.0000,3932.0000,3932.4000,3932.6000,3932.8000,3933.0000,3,4,1,1,3,1,3,1,1,1
SF,IF2006,2019-12-13 09:30:34.600,3931.0000,6876,0,66001920.000,0,-,-,-,-,3928.2000,3928.0000,3927.8000,3927.2000,3926.6000,3931.0000,3931.8000,3932.0000,3932.4000,3932.6000,1,3,1,4,1,1,1,1,2,1
SF,IF2006,2019-12-13 09:30:35.100,3931.0000,6876,0,66001920.000,0,-,-,-,-,3928.4000,3928.2000,3928.0000,3927.8000,3927.2000,3930.8000,3931.0000,3931.6000,3932.0000,3932.4000,1,1,3,1,4,1,1,1,1,2
SF,IF2006,2019-12-13 09:30:35.600,3931.0000,6876,0,66001920.000,0,-,-,-,-,3928.6000,3928.0000,3927.8000,3927.2000,3926.6000,3931.0000,3931.6000,3932.0000,3932.4000,3932.6000,1,3,1,4,1,1,1,1,2,1
SF,IF2006,2019-12-13 09:30:36.100,3931.0000,6876,0,66001920.000,0,-,-,-,-,3928.8000,3928.6000,3928.0000,3927.8000,3927.2000,3930.8000,3931.0000,3931.6000,3932.0000,3932.4000,1,1,3,1,4,1,1,1,2,2
SF,IF2006,2019-12-13 09:30:36.600,3931.0000,6876,0,66001920.000,0,-,-,-,-,3929.0000,3928.8000,3928.0000,3927.8000,3927.2000,3930.8000,3931.0000,3931.6000,3932.0000,3932.4000,1,2,3,1,4,1,1,1,2,2
SF,IF2006,2019-12-13 09:30:37.100,3931.0000,6876,0,66001920.000,0,-,-,-,-,3929.0000,3928.8000,3928.0000,3927.8000,3927.2000,3930.8000,3931.0000,3932.0000,3932.4000,3932.6000,1,1,3,1,4,1,1,2,2,1
SF,IF2006,2019-12-13 09:30:37.600,3931.0000,6876,0,66001920.000,0,-,-,-,-,3929.0000,3928.0000,3927.8000,3927.2000,3927.0000,3930.8000,3931.0000,3931.2000,3932.0000,3932.4000,1,2,1,4,2,1,1,1,3,2
SF,IF2006,2019-12-13 09:30:38.100,3930.8000,6875,-1,67181160.000,1,0,1,双平,S,3929.0000,3928.0000,3927.8000,3927.2000,3927.0000,3931.0000,3931.2000,3932.0000,3932.4000,3932.6000,1,2,1,4,2,1,1,3,2,1
SF,IF2006,2019-12-13 09:30:38.600,3930.8000,6875,0,67181160.000,0,-,-,-,-,3929.0000,3928.0000,3927.8000,3927.2000,3927.0000,3931.0000,3931.2000,3932.0000,3932.4000,3932.6000,1,2,1,4,2,1,1,3,2,1
SF,IF2006,2019-12-13 09:30:39.100,3930.8000,6875,0,67181160.000,0,-,-,-,-,3929.0000,3928.0000,3927.8000,3927.2000,3927.0000,3930.8000,3931.0000,3931.2000,3932.0000,3932.4000,1,2,1,4,2,1,1,1,3,2
SF,IF2006,2019-12-13 09:30:39.600,3930.8000,6875,0,67181160.000,0,-,-,-,-,3929.0000,3928.0000,3927.8000,3927.2000,3927.0000,3931.0000,3931.2000,3932.0000,3932.4000,3932.6000,1,2,1,4,2,1,1,3,2,1
SF,IF2006,2019-12-13 09:30:40.100,3930.8000,6875,0,67181160.000,0,-,-,-,-,3929.0000,3928.0000,3927.8000,3927.0000,3926.6000,3931.0000,3931.2000,3931.4000,3932.0000,3932.4000,1,2,1,2,1,1,1,1,3,2
SF,IF2006,2019-12-13 09:30:40.600,3930.8000,6875,0,67181160.000,0,-,-,-,-,3929.0000,3928.0000,3927.8000,3927.0000,3926.6000,3930.8000,3931.0000,3931.2000,3931.4000,3932.0000,1,2,1,2,1,1,1,2,1,3
SF,IF2006,2019-12-13 09:30:41.100,3930.8000,6875,0,67181160.000,0,-,-,-,-,3929.0000,3928.0000,3927.8000,3927.0000,3926.6000,3930.8000,3931.0000,3931.2000,3931.4000,3932.0000,1,2,1,2,1,1,1,1,1,3
SF,IF2006,2019-12-13 09:30:41.600,3930.8000,6875,0,67181160.000,0,-,-,-,-,3929.0000,3928.0000,3927.0000,3926.6000,3926.2000,3930.6000,3930.8000,3931.0000,3931.2000,3931.4000,1,2,2,1,1,1,2,1,1,1
SF,IF2006,2019-12-13 09:30:42.100,3930.8000,6875,0,67181160.000,0,-,-,-,-,3930.0000,3929.0000,3928.0000,3927.0000,3926.6000,3930.4000,3930.6000,3930.8000,3931.0000,3931.2000,1,1,2,2,1,1,1,1,1,1
SF,IF2006,2019-12-13 09:30:42.600,3930.0000,6875,0,68360160.000,1,0,1,多换,S,3929.0000,3928.0000,3927.0000,3926.6000,3926.0000,3930.2000,3930.4000,3930.8000,3931.0000,3931.2000,1,2,2,1,1,1,1,1,1,1
SF,IF2006,2019-12-13 09:30:43.100,3930.0000,6875,0,68360160.000,0,-,-,-,-,3929.0000,3928.0000,3927.0000,3926.6000,3926.0000,3930.2000,3930.4000,3930.8000,3931.0000,3931.2000,1,3,2,1,1,2,1,1,1,1
SF,IF2006,2019-12-13 09:30:43.600,3930.0000,6875,0,68360160.000,0,-,-,-,-,3929.0000,3928.0000,3927.0000,3926.6000,3926.0000,3929.8000,3930.2000,3930.8000,3931.0000,3931.2000,1,3,2,1,1,1,1,1,1,1
SF,IF2006,2019-12-13 09:30:45.100,3930.0000,6875,0,68360160.000,0,-,-,-,-,3929.0000,3928.0000,3927.0000,3926.6000,3926.0000,3929.8000,3931.0000,3931.2000,3931.4000,3932.0000,1,3,2,1,1,1,1,1,1,2
SF,IF2006,2019-12-13 09:30:45.600,3930.0000,6875,0,68360160.000,0,-,-,-,-,3928.0000,3927.0000,3926.6000,3926.0000,3925.4000,3929.6000,3929.8000,3931.0000,3931.2000,3931.4000,3,2,1,1,4,1,2,2,1,1
SF,IF2006,2019-12-13 09:30:46.100,3930.0000,6875,0,68360160.000,0,-,-,-,-,3928.2000,3928.0000,3927.0000,3926.6000,3926.0000,3929.0000,3929.6000,3929.8000,3931.0000,3931.2000,1,3,2,1,1,1,1,2,2,1
SF,IF2006,2019-12-13 09:30:46.600,3929.0000,6874,-1,69538860.000,1,0,1,双平,S,3928.2000,3928.0000,3927.0000,3926.6000,3926.0000,3929.6000,3929.8000,3931.0000,3931.2000,3931.4000,1,3,2,1,1,1,2,2,1,1
SF,IF2006,2019-12-13 09:30:47.100,3929.6000,6872,-2,73074600.000,3,0,3,多平,S,3929.6000,3928.0000,3927.0000,3926.6000,3926.0000,3929.8000,3931.0000,3931.2000,3931.4000,3932.0000,2,2,2,1,1,2,2,1,1,2
SF,IF2006,2019-12-13 09:30:47.600,3929.6000,6871,-1,74253480.000,1,0,1,双平,S,3929.6000,3928.0000,3927.0000,3926.6000,3926.0000,3929.8000,3931.0000,3931.2000,3931.4000,3932.0000,2,2,2,1,1,2,2,1,1,2
SF,IF2006,2019-12-13 09:30:48.600,3929.6000,6870,-1,75432360.000,1,0,1,双平,S,3929.8000,3929.6000,3928.0000,3927.0000,3926.6000,3931.0000,3931.2000,3931.4000,3932.0000,3932.4000,2,1,2,2,1,2,1,1,2,2
SF,IF2006,2019-12-13 09:30:49.100,3929.6000,6870,0,75432360.000,0,-,-,-,-,3929.8000,3929.6000,3928.0000,3927.0000,3926.6000,3930.8000,3931.0000,3931.2000,3931.4000,3932.0000,2,1,2,2,1,2,3,3,1,2
SF,IF2006,2019-12-13 09:30:49.600,3929.6000,6870,0,75432360.000,0,-,-,-,-,3929.8000,3929.6000,3928.0000,3927.0000,3926.6000,3930.6000,3930.8000,3931.0000,3931.2000,3931.4000,2,1,2,2,1,1,2,3,3,1
SF,IF2006,2019-12-13 09:30:50.100,3929.8000,6870,0,76611300.000,1,0,1,多换,S,3929.8000,3929.6000,3928.0000,3927.0000,3926.6000,3930.4000,3930.6000,3930.8000,3931.0000,3931.2000,1,1,2,2,1,3,1,1,3,3
SF,IF2006,2019-12-13 09:30:50.600,3929.8000,6870,0,77790240.000,1,0,1,多换,S,3929.6000,3928.0000,3927.0000,3926.6000,3926.0000,3929.8000,3930.4000,3930.6000,3930.8000,3931.0000,1,2,2,1,1,2,1,1,1,3
SF,IF2006,2019-12-13 09:30:51.100,3929.6000,6870,0,78969120.000,1,0,1,多换,S,3928.0000,3927.0000,3926.6000,3926.0000,3925.0000,3929.8000,3930.2000,3930.4000,3930.6000,3930.8000,2,2,1,1,1,2,1,1,1,1
SF,IF2006,2019-12-13 09:30:51.600,3929.6000,6870,0,78969120.000,0,-,-,-,-,3928.2000,3928.0000,3927.0000,3926.6000,3926.0000,3929.8000,3930.2000,3930.4000,3930.6000,3930.8000,1,2,2,1,1,2,1,1,1,1
SF,IF2006,2019-12-13 09:30:52.100,3929.8000,6868,-2,81327000.000,2,0,2,双平,S,3928.2000,3928.0000,3927.0000,3926.6000,3926.0000,3930.6000,3930.8000,3931.0000,3931.2000,3931.4000,1,2,2,1,1,1,1,2,3,1
SF,IF2006,2019-12-13 09:30:52.600,3929.8000,6868,0,81327000.000,0,-,-,-,-,3928.2000,3928.0000,3927.0000,3926.6000,3926.0000,3930.6000,3930.8000,3931.0000,3931.2000,3931.4000,1,2,2,1,1,1,1,2,3,1
SF,IF2006,2019-12-13 09:30:53.100,3929.8000,6868,0,81327000.000,0,-,-,-,-,3928.2000,3928.0000,3927.0000,3926.6000,3926.0000,3930.6000,3931.0000,3931.2000,3931.4000,3932.0000,1,2,2,1,1,1,2,3,1,2
SF,IF2006,2019-12-13 09:30:53.600,3929.8000,6868,0,81327000.000,0,-,-,-,-,3928.2000,3928.0000,3927.0000,3926.6000,3926.0000,3931.0000,3931.2000,3931.4000,3932.0000,3932.4000,1,2,2,1,1,2,3,1,2,2
SF,IF2006,2019-12-13 09:30:54.100,3929.8000,6868,0,81327000.000,0,-,-,-,-,3928.4000,3928.2000,3928.0000,3927.0000,3926.6000,3931.0000,3931.2000,3931.4000,3932.0000,3932.4000,1,1,2,2,1,2,3,1,2,2
SF,IF2006,2019-12-13 09:30:54.600,3929.8000,6868,0,81327000.000,0,-,-,-,-,3928.6000,3928.0000,3927.0000,3926.6000,3926.0000,3931.0000,3931.2000,3931.4000,3932.0000,3932.4000,1,2,2,1,1,2,3,1,2,2
SF,IF2006,2019-12-13 09:30:55.100,3929.8000,6868,0,81327000.000,0,-,-,-,-,3928.8000,3928.6000,3928.0000,3927.0000,3926.6000,3931.0000,3931.4000,3932.0000,3932.4000,3932.6000,1,1,2,2,1,2,1,2,2,2
SF,IF2006,2019-12-13 09:30:55.600,3929.0000,6867,-1,82505700.000,1,0,1,双平,S,3928.8000,3928.0000,3927.0000,3926.6000,3926.0000,3931.0000,3931.4000,3932.0000,3932.4000,3932.6000,1,2,2,1,1,2,1,2,2,2
SF,IF2006,2019-12-13 09:30:56.100,3929.0000,6867,0,82505700.000,0,-,-,-,-,3929.0000,3928.8000,3928.0000,3927.0000,3926.6000,3930.8000,3931.0000,3931.2000,3931.4000,3932.0000,1,1,2,2,1,3,2,3,1,2
SF,IF2006,2019-12-13 09:30:56.600,3929.0000,6866,-1,83684400.000,1,0,1,双平,S,3928.0000,3927.0000,3926.6000,3926.0000,3925.0000,3930.8000,3931.0000,3931.2000,3931.4000,3932.0000,2,2,1,1,1,3,2,3,1,2
SF,IF2006,2019-12-13 09:30:57.100,3929.0000,6866,0,83684400.000,0,-,-,-,-,3928.2000,3928.0000,3927.0000,3926.6000,3926.0000,3930.8000,3931.0000,3931.2000,3931.4000,3932.0000,1,2,2,1,1,2,2,3,1,2
SF,IF2006,2019-12-13 09:30:57.600,3929.0000,6866,0,83684400.000,0,-,-,-,-,3928.2000,3928.0000,3927.0000,3926.6000,3926.0000,3930.8000,3931.0000,3931.2000,3931.4000,3932.0000,1,2,2,1,1,2,2,3,1,2
SF,IF2006,2019-12-13 09:30:58.600,3929.0000,6866,0,83684400.000,0,-,-,-,-,3928.2000,3928.0000,3927.0000,3926.6000,3926.0000,3930.6000,3930.8000,3931.0000,3931.2000,3931.4000,1,2,2,1,1,2,2,2,3,1
SF,IF2006,2019-12-13 09:30:59.100,3929.0000,6866,0,83684400.000,0,-,-,-,-,3928.2000,3928.0000,3927.0000,3926.6000,3926.0000,3930.4000,3930.8000,3931.0000,3931.2000,3931.4000,1,2,2,1,1,2,1,2,3,1
SF,IF2006,2019-12-13 09:30:59.600,3929.0000,6866,0,83684400.000,0,-,-,-,-,3928.2000,3928.0000,3927.0000,3926.6000,3926.0000,3930.0000,3930.4000,3930.8000,3931.0000,3931.2000,1,2,2,1,1,1,2,1,2,3
SF,IF2006,2019-12-13 09:31:00.100,3929.0000,6866,0,83684400.000,0,-,-,-,-,3928.0000,3927.0000,3926.6000,3926.0000,3925.0000,3929.8000,3930.0000,3930.4000,3930.8000,3931.0000,2,2,1,1,1,1,1,1,1,2
SF,IF2006,2019-12-13 09:31:00.600,3929.8000,6866,0,84863340.000,1,0,1,多换,S,3928.2000,3928.0000,3927.0000,3926.6000,3926.0000,3930.0000,3930.4000,3930.8000,3931.0000,3931.2000,1,2,2,1,1,1,1,1,2,3
SF,IF2006,2019-12-13 09:31:01.100,3930.4000,6865,-1,87221460.000,2,0,2,多平,S,3928.2000,3928.0000,3927.0000,3926.6000,3926.0000,3930.8000,3931.0000,3931.2000,3931.4000,3932.0000,1,2,2,1,1,1,2,3,1,1
SF,IF2006,2019-12-13 09:31:01.600,3930.4000,6865,0,87221460.000,0,-,-,-,-,3928.2000,3928.0000,3927.0000,3926.6000,3926.0000,3930.8000,3931.0000,3931.4000,3932.0000,3932.4000,1,2,2,1,1,1,2,1,1,2
SF,IF2006,2019-12-13 09:31:02.100,3930.4000,6865,0,87221460.000,0,-,-,-,-,3928.2000,3928.0000,3927.4000,3927.0000,3926.6000,3930.8000,3931.0000,3931.4000,3932.0000,3932.4000,1,2,1,2,1,1,2,1,1,2
SF,IF2006,2019-12-13 09:31:02.600,3930.4000,6865,0,87221460.000,0,-,-,-,-,3930.0000,3928.2000,3928.0000,3927.4000,3927.0000,3930.8000,3931.0000,3931.4000,3932.0000,3932.4000,1,1,2,1,2,1,2,1,1,2
SF,IF2006,2019-12-13 09:31:03.100,3930.4000,6865,0,87221460.000,0,-,-,-,-,3930.2000,3930.0000,3928.0000,3927.4000,3927.0000,3930.8000,3931.0000,3931.4000,3932.0000,3932.4000,1,1,2,1,2,1,2,1,1,2
SF,IF2006,2019-12-13 09:31:03.600,3930.2000,6864,-1,88400520.000,1,0,1,双平,S,3930.0000,3928.0000,3927.4000,3927.0000,3926.6000,3930.8000,3931.0000,3931.4000,3932.0000,3932.4000,1,3,1,2,1,1,2,1,1,2
SF,IF2006,2019-12-13 09:31:04.100,3930.0000,6864,0,89579520.000,1,0,1,多换,S,3928.0000,3927.4000,3927.0000,3926.6000,3926.0000,3930.8000,3931.0000,3931.4000,3932.0000,3932.4000,3,1,2,1,1,1,2,1,1,2
SF,IF2006,2019-12-13 09:31:04.600,3930.0000,6864,0,89579520.000,0,-,-,-,-,3928.4000,3928.2000,3928.0000,3927.4000,3927.0000,3930.8000,3931.0000,3931.4000,3932.0000,3932.4000,1,1,3,1,2,1,2,1,1,2
SF,IF2006,2019-12-13 09:31:05.100,3930.8000,6864,0,90758760.000,1,0,1,多换,S,3928.6000,3928.4000,3928.0000,3927.4000,3927.0000,3931.0000,3931.4000,3932.0000,3932.4000,3932.6000,2,1,3,1,2,1,1,1,2,2
SF,IF2006,2019-12-13 09:31:05.600,3930.8000,6864,0,90758760.000,0,-,-,-,-,3928.6000,3928.4000,3928.0000,3927.4000,3927.0000,3929.0000,3931.0000,3931.4000,3932.0000,3932.4000,2,1,3,1,2,1,1,1,1,2
SF,IF2006,2019-12-13 09:31:06.100,3930.2000,6863,-1,91937820.000,1,0,1,双平,S,3929.0000,3928.4000,3928.0000,3927.4000,3927.0000,3930.0000,3931.0000,3931.4000,3932.0000,3932.4000,1,1,3,1,2,2,1,1,1,2
SF,IF2006,2019-12-13 09:31:06.600,3930.0000,6861,-2,94295820.000,2,0,2,双平,S,3930.8000,3929.0000,3928.4000,3928.0000,3927.4000,3931.0000,3931.4000,3932.0000,3932.4000,3932.6000,1,1,1,3,1,1,1,1,2,2
SF,IF2006,2019-12-13 09:31:07.100,3930.4000,6860,-1,95474940.000,1,0,1,双平,S,3930.0000,3929.0000,3928.4000,3928.0000,3927.4000,3931.0000,3931.4000,3932.0000,3932.4000,3932.6000,2,1,1,3,1,1,1,1,2,2
SF,IF2006,2019-12-13 09:31:07.600,3930.4000,6860,0,95474940.000,0,-,-,-,-,3930.2000,3930.0000,3929.0000,3928.4000,3928.0000,3931.0000,3931.4000,3931.8000,3932.0000,3932.4000,1,2,1,1,3,1,1,1,1,2
SF,IF2006,2019-12-13 09:31:08.100,3930.4000,6860,0,95474940.000,0,-,-,-,-,3930.2000,3930.0000,3929.0000,3928.4000,3928.0000,3931.0000,3931.4000,3931.8000,3932.4000,3932.6000,1,2,1,1,4,2,1,1,2,2
SF,IF2006,2019-12-13 09:31:08.600,3930.2000,6859,-1,96654000.000,1,0,1,双平,S,3930.0000,3929.0000,3928.4000,3928.0000,3927.0000,3931.0000,3931.4000,3931.8000,3932.4000,3932.6000,2,1,1,4,2,2,1,1,2,2
SF,IF2006,2019-12-13 09:31:09.100,3930.2000,6859,0,96654000.000,0,-,-,-,-,3930.0000,3929.0000,3928.4000,3928.0000,3927.0000,3931.0000,3931.4000,3931.8000,3932.4000,3932.6000,2,1,1,4,2,2,1,1,2,2
SF,IF2006,2019-12-13 09:31:10.100,3931.0000,6859,0,97833300.000,1,0,1,多换,S,3930.0000,3929.0000,3928.4000,3928.0000,3927.0000,3931.0000,3931.4000,3931.8000,3932.4000,3932.6000,2,1,1,4,2,1,1,1,2,2
SF,IF2006,2019-12-13 09:31:10.600,3931.0000,6859,0,97833300.000,0,-,-,-,-,3930.2000,3930.0000,3929.0000,3928.4000,3928.0000,3931.0000,3931.4000,3931.8000,3932.4000,3932.6000,1,2,1,1,4,1,1,1,2,2
SF,IF2006,2019-12-13 09:31:11.100,3931.0000,6859,0,97833300.000,0,-,-,-,-,3930.4000,3930.0000,3929.0000,3928.4000,3928.0000,3931.0000,3931.4000,3931.8000,3932.4000,3932.6000,1,2,1,1,4,1,1,1,2,2
SF,IF2006,2019-12-13 09:31:11.600,3931.0000,6859,0,99012600.000,1,0,1,多换,S,3930.4000,3930.0000,3929.0000,3928.4000,3928.0000,3931.4000,3931.8000,3932.4000,3932.6000,3932.8000,1,2,1,1,4,1,1,2,1,1
SF,IF2006,2019-12-13 09:31:12.100,3931.0000,6859,0,99012600.000,0,-,-,-,-,3930.6000,3930.4000,3930.0000,3929.0000,3928.4000,3931.4000,3931.8000,3932.4000,3932.6000,3932.8000,1,1,2,1,1,1,1,2,1,1
SF,IF2006,2019-12-13 09:31:12.600,3931.0000,6859,0,99012600.000,0,-,-,-,-,3930.8000,3930.6000,3930.4000,3930.0000,3929.0000,3931.4000,3931.8000,3932.4000,3932.6000,3932.8000,1,1,1,2,1,1,1,2,1,1
SF,IF2006,2019-12-13 09:31:13.100,3931.0000,6859,0,99012600.000,0,-,-,-,-,3930.8000,3930.6000,3930.4000,3930.0000,3929.0000,3931.4000,3931.8000,3932.4000,3932.6000,3932.8000,1,1,1,2,1,1,1,2,1,1
SF,IF2006,2019-12-13 09:31:14.600,3930.0000,6856,-3,103729140.000,4,0,4,多平,S,3930.0000,3929.0000,3928.4000,3928.0000,3926.6000,3931.4000,3931.8000,3932.4000,3932.6000,3932.8000,1,1,1,4,1,1,1,2,1,1
SF,IF2006,2019-12-13 09:31:15.100,3930.0000,6856,0,103729140.000,0,-,-,-,-,3930.2000,3930.0000,3929.0000,3928.4000,3928.0000,3931.2000,3931.4000,3931.8000,3932.4000,3932.6000,1,1,1,1,4,1,1,1,2,1
SF,IF2006,2019-12-13 09:31:16.100,3930.0000,6856,0,103729140.000,0,-,-,-,-,3930.2000,3930.0000,3929.0000,3928.4000,3928.0000,3930.8000,3931.2000,3931.4000,3931.8000,3932.4000,1,1,1,1,4,1,1,1,1,2
SF,IF2006,2019-12-13 09:31:16.600,3930.8000,6855,-1,104908380.000,1,0,1,双平,S,3930.2000,3930.0000,3929.0000,3928.4000,3928.0000,3931.4000,3931.8000,3932.4000,3932.6000,3932.8000,1,1,1,1,4,1,1,2,1,1
SF,IF2006,2019-12-13 09:31:17.100,3930.8000,6855,0,104908380.000,0,-,-,-,-,3930.2000,3930.0000,3929.8000,3929.0000,3928.4000,3931.2000,3931.4000,3931.8000,3932.4000,3932.6000,1,1,1,1,1,1,1,1,2,1
SF,IF2006,2019-12-13 09:31:17.600,3931.2000,6854,-1,106087740.000,1,0,1,双平,S,3930.2000,3930.0000,3929.8000,3929.0000,3928.4000,3931.4000,3931.8000,3932.4000,3932.6000,3932.8000,1,1,1,1,1,1,1,2,1,1
SF,IF2006,2019-12-13 09:31:18.100,3931.2000,6854,0,106087740.000,0,-,-,-,-,3930.0000,3929.8000,3929.0000,3928.4000,3928.0000,3931.4000,3931.8000,3932.4000,3932.6000,3932.8000,3,1,1,1,4,1,1,2,1,1
SF,IF2006,2019-12-13 09:31:18.600,3931.2000,6854,0,106087740.000,0,-,-,-,-,3930.2000,3930.0000,3929.0000,3928.4000,3928.0000,3931.4000,3931.8000,3932.4000,3932.6000,3932.8000,1,3,1,1,4,1,1,2,1,1
SF,IF2006,2019-12-13 09:31:19.600,3931.2000,6854,0,106087740.000,0,-,-,-,-,3931.0000,3930.2000,3930.0000,3929.0000,3928.4000,3931.4000,3931.8000,3932.4000,3932.6000,3932.8000,1,1,3,1,1,1,1,2,1,1
SF,IF2006,2019-12-13 09:31:20.100,3931.0000,6854,0,107267040.000,1,0,1,多换,S,3930.0000,3929.0000,3928.4000,3928.0000,3926.6000,3931.4000,3931.8000,3932.4000,3932.6000,3932.8000,3,1,1,4,1,1,1,2,1,1
SF,IF2006,2019-12-13 09:31:21.100,3931.4000,6853,-1,108446460.000,1,0,1,双平,S,3930.0000,3929.0000,3928.4000,3928.0000,3926.6000,3931.8000,3932.4000,3932.6000,3932.8000,3935.2000,3,1,1,4,1,1,2,1,1,1
SF,IF2006,2019-12-13 09:31:21.600,3931.4000,6853,0,108446460.000,0,-,-,-,-,3930.2000,3930.0000,3929.0000,3928.4000,3928.0000,3931.6000,3931.8000,3932.4000,3932.6000,3932.8000,1,3,1,1,4,1,1,2,1,1
SF,IF2006,2019-12-13 09:31:22.100,3931.4000,6853,0,108446460.000,0,-,-,-,-,3930.0000,3929.0000,3928.4000,3928.0000,3926.6000,3931.6000,3931.8000,3932.4000,3932.6000,3932.8000,3,1,1,4,1,1,1,2,1,1
SF,IF2006,2019-12-13 09:31:22.600,3931.4000,6853,0,108446460.000,0,-,-,-,-,3931.4000,3930.2000,3930.0000,3929.0000,3928.4000,3931.6000,3931.8000,3932.4000,3932.6000,3932.8000,1,1,3,1,1,1,1,2,1,1
SF,IF2006,2019-12-13 09:31:23.100,3931.4000,6853,0,109625880.000,1,0,1,多换,S,3930.2000,3930.0000,3929.0000,3928.4000,3928.0000,3931.6000,3931.8000,3932.4000,3932.6000,3932.8000,1,3,1,1,4,1,1,2,1,1
SF,IF2006,2019-12-13 09:31:27.600,3931.4000,6853,0,109625880.000,0,-,-,-,-,3931.0000,3930.2000,3930.0000,3929.0000,3928.4000,3931.6000,3931.8000,3932.4000,3932.6000,3932.8000,2,1,3,1,1,1,1,2,1,1
SF,IF2006,2019-12-13 09:31:28.100,3931.0000,6854,1,110805180.000,1,1,0,双开,S,3931.0000,3930.2000,3930.0000,3929.0000,3928.4000,3931.6000,3931.8000,3932.4000,3932.6000,3932.8000,1,1,3,1,1,1,1,2,1,1
SF,IF2006,2019-12-13 09:31:28.600,3931.0000,6854,0,111984480.000,1,0,1,多换,S,3930.2000,3930.0000,3929.0000,3928.4000,3928.0000,3931.6000,3931.8000,3932.4000,3932.6000,3932.8000,1,3,1,1,4,1,1,2,1,1
SF,IF2006,2019-12-13 09:31:29.100,3931.0000,6854,0,111984480.000,0,-,-,-,-,3930.4000,3930.2000,3930.0000,3929.0000,3928.4000,3931.6000,3931.8000,3932.4000,3932.6000,3932.8000,1,1,3,1,1,1,1,2,1,1
SF,IF2006,2019-12-13 09:31:29.600,3931.0000,6854,0,111984480.000,0,-,-,-,-,3930.2000,3930.0000,3929.0000,3928.4000,3928.0000,3931.6000,3931.8000,3932.4000,3932.6000,3932.8000,1,3,1,1,4,1,1,2,1,1
SF,IF2006,2019-12-13 09:31:30.100,3931.0000,6854,0,111984480.000,0,-,-,-,-,3930.4000,3930.2000,3930.0000,3929.0000,3928.4000,3931.6000,3931.8000,3932.4000,3932.6000,3932.8000,1,1,3,1,1,1,1,2,1,1
SF,IF2006,2019-12-13 09:31:30.600,3931.0000,6854,0,111984480.000,0,-,-,-,-,3930.2000,3930.0000,3929.0000,3928.4000,3928.0000,3931.6000,3931.8000,3932.4000,3932.6000,3932.8000,1,3,1,1,4,2,1,2,1,1
SF,IF2006,2019-12-13 09:31:31.100,3931.0000,6854,0,111984480.000,0,-,-,-,-,3930.4000,3930.2000,3930.0000,3929.0000,3928.4000,3931.6000,3931.8000,3932.4000,3932.6000,3932.8000,1,1,3,1,1,2,2,2,1,1
SF,IF2006,2019-12-13 09:31:31.600,3931.0000,6854,0,111984480.000,0,-,-,-,-,3930.4000,3930.2000,3930.0000,3929.0000,3928.4000,3931.6000,3931.8000,3932.4000,3932.6000,3932.8000,1,1,3,1,1,2,3,2,1,1
SF,IF2006,2019-12-13 09:31:32.100,3931.6000,6854,0,113163960.000,1,0,1,多换,S,3930.4000,3930.2000,3930.0000,3929.0000,3928.4000,3931.6000,3931.8000,3932.4000,3932.6000,3932.8000,1,1,3,1,1,1,3,2,1,1
SF,IF2006,2019-12-13 09:31:32.600,3931.6000,6854,0,113163960.000,0,-,-,-,-,3931.0000,3930.4000,3930.2000,3930.0000,3929.0000,3931.6000,3931.8000,3932.4000,3932.6000,3932.8000,1,1,1,3,1,1,3,2,1,1
SF,IF2006,2019-12-13 09:31:33.100,3931.0000,6853,-1,114343260.000,1,0,1,双平,S,3930.4000,3930.2000,3930.0000,3929.0000,3928.4000,3931.6000,3931.8000,3932.4000,3932.6000,3932.8000,1,1,3,1,1,1,3,2,1,1
SF,IF2006,2019-12-13 09:31:36.100,3931.0000,6853,0,114343260.000,0,-,-,-,-,3930.2000,3930.0000,3929.0000,3928.4000,3928.0000,3931.6000,3931.8000,3932.4000,3932.6000,3932.8000,1,3,1,1,4,1,3,2,1,1
SF,IF2006,2019-12-13 09:31:36.600,3931.0000,6853,0,114343260.000,0,-,-,-,-,3930.4000,3930.2000,3930.0000,3929.4000,3929.0000,3931.6000,3931.8000,3932.4000,3932.6000,3932.8000,1,1,3,1,1,1,3,2,1,1
SF,IF2006,2019-12-13 09:31:37.100,3931.0000,6853,0,114343260.000,0,-,-,-,-,3930.6000,3930.4000,3930.2000,3930.0000,3929.4000,3931.6000,3931.8000,3932.4000,3932.6000,3932.8000,1,1,1,3,1,1,3,2,1,1
SF,IF2006,2019-12-13 09:31:37.600,3931.0000,6853,0,114343260.000,0,-,-,-,-,3930.8000,3930.2000,3930.0000,3929.4000,3929.0000,3931.6000,3931.8000,3932.4000,3932.6000,3932.8000,1,1,3,1,1,1,3,2,1,1
SF,IF2006,2019-12-13 09:31:38.600,3931.0000,6853,0,114343260.000,0,-,-,-,-,3930.8000,3930.2000,3930.0000,3929.4000,3929.0000,3931.6000,3931.8000,3932.4000,3932.6000,3932.8000,1,1,3,1,1,1,3,2,1,1
SF,IF2006,2019-12-13 09:31:39.100,3931.0000,6853,0,114343260.000,0,-,-,-,-,3930.2000,3930.0000,3929.4000,3929.0000,3928.4000,3931.6000,3931.8000,3932.4000,3932.6000,3932.8000,1,3,1,1,1,1,3,2,1,1
SF,IF2006,2019-12-13 09:31:41.100,3930.2000,6852,-1,115522320.000,1,0,1,双平,S,3930.0000,3929.4000,3929.0000,3928.4000,3928.0000,3931.6000,3931.8000,3932.4000,3932.6000,3932.8000,3,1,1,1,4,1,3,2,1,1
SF,IF2006,2019-12-13 09:31:41.600,3930.2000,6852,0,115522320.000,0,-,-,-,-,3930.4000,3930.2000,3930.0000,3929.4000,3929.0000,3931.6000,3931.8000,3932.4000,3932.6000,3932.8000,1,3,3,1,1,1,3,2,1,1
SF,IF2006,2019-12-13 09:31:42.100,3930.2000,6852,0,115522320.000,0,-,-,-,-,3930.4000,3930.2000,3930.0000,3929.4000,3929.0000,3931.6000,3931.8000,3932.4000,3932.6000,3932.8000,1,2,3,1,1,1,3,2,1,1
SF,IF2006,2019-12-13 09:31:42.600,3930.2000,6852,0,115522320.000,0,-,-,-,-,3930.6000,3930.4000,3930.2000,3930.0000,3929.4000,3931.6000,3931.8000,3932.4000,3932.6000,3932.8000,1,1,1,3,1,1,3,2,1,1
SF,IF2006,2019-12-13 09:31:43.600,3930.2000,6852,0,115522320.000,0,-,-,-,-,3930.6000,3930.4000,3930.2000,3930.0000,3929.4000,3931.6000,3931.8000,3932.4000,3932.6000,3932.8000,2,1,1,3,1,1,3,2,1,1
SF,IF2006,2019-12-13 09:31:44.100,3930.2000,6852,0,115522320.000,0,-,-,-,-,3930.8000,3930.6000,3930.4000,3930.2000,3930.0000,3931.6000,3931.8000,3932.4000,3932.6000,3932.8000,1,2,1,1,3,1,3,2,1,1
SF,IF2006,2019-12-13 09:31:44.600,3930.2000,6852,0,115522320.000,0,-,-,-,-,3930.6000,3930.4000,3930.2000,3930.0000,3929.4000,3931.6000,3931.8000,3932.4000,3932.6000,3932.8000,2,1,1,3,1,1,3,2,1,1
SF,IF2006,2019-12-13 09:31:45.100,3930.2000,6852,0,115522320.000,0,-,-,-,-,3930.6000,3930.4000,3930.2000,3930.0000,3929.4000,3931.6000,3931.8000,3932.4000,3932.6000,3932.8000,1,1,1,3,1,1,3,2,1,1
SF,IF2006,2019-12-13 09:31:45.600,3930.2000,6852,0,115522320.000,0,-,-,-,-,3930.8000,3930.6000,3930.4000,3930.2000,3930.0000,3931.6000,3931.8000,3932.4000,3932.6000,3932.8000,1,1,1,1,3,1,3,2,1,1
SF,IF2006,2019-12-13 09:31:46.100,3930.2000,6852,0,115522320.000,0,-,-,-,-,3930.4000,3930.2000,3930.0000,3929.4000,3929.0000,3931.6000,3931.8000,3932.4000,3932.6000,3932.8000,1,1,3,1,1,1,3,2,1,1
SF,IF2006,2019-12-13 09:31:46.600,3930.2000,6852,0,115522320.000,0,-,-,-,-,3930.6000,3930.4000,3930.2000,3930.0000,3929.4000,3931.6000,3931.8000,3932.4000,3932.6000,3932.8000,1,1,1,3,1,1,3,2,1,1
SF,IF2006,2019-12-13 09:31:47.100,3930.2000,6852,0,115522320.000,0,-,-,-,-,3930.6000,3930.4000,3930.2000,3930.0000,3929.4000,3931.6000,3931.8000,3932.4000,3932.6000,3932.8000,1,1,1,3,1,1,3,2,1,1
SF,IF2006,2019-12-13 09:31:48.600,3930.2000,6852,0,115522320.000,0,-,-,-,-,3930.6000,3930.4000,3930.2000,3930.0000,3929.4000,3931.6000,3931.8000,3932.4000,3932.6000,3932.8000,1,1,1,3,1,1,3,2,1,1
SF,IF2006,2019-12-13 09:31:49.600,3931.6000,6851,-1,116701800.000,1,0,1,双平,S,3931.6000,3930.6000,3930.4000,3930.2000,3930.0000,3931.8000,3932.4000,3932.6000,3932.8000,3933.6000,3,1,1,1,3,3,2,1,1,1
SF,IF2006,2019-12-13 09:31:50.100,3931.6000,6849,-2,119060760.000,2,0,2,双平,S,3931.6000,3930.6000,3930.4000,3930.2000,3930.0000,3931.8000,3932.4000,3932.6000,3932.8000,3933.6000,1,1,1,1,3,3,2,1,1,1
SF,IF2006,2019-12-13 09:31:50.600,3931.6000,6848,-1,120240240.000,1,0,1,双平,S,3930.6000,3930.4000,3930.2000,3930.0000,3929.4000,3931.8000,3932.4000,3932.6000,3932.8000,3933.6000,1,1,1,3,1,3,2,1,1,1
SF,IF2006,2019-12-13 09:31:51.100,3931.6000,6848,0,120240240.000,0,-,-,-,-,3930.6000,3930.4000,3930.2000,3930.0000,3929.4000,3931.6000,3931.8000,3932.4000,3932.6000,3932.8000,1,1,1,3,1,1,3,2,1,1
SF,IF2006,2019-12-13 09:31:51.600,3931.6000,6848,0,120240240.000,0,-,-,-,-,3930.6000,3930.4000,3930.0000,3929.4000,3929.0000,3931.6000,3931.8000,3932.4000,3932.6000,3932.8000,1,1,3,1,1,1,3,2,1,1
SF,IF2006,2019-12-13 09:31:52.100,3931.6000,6848,0,120240240.000,0,-,-,-,-,3930.4000,3930.0000,3929.0000,3928.0000,3926.6000,3931.6000,3931.8000,3932.4000,3932.6000,3932.8000,1,3,1,4,1,1,3,2,1,1
SF,IF2006,2019-12-13 09:31:54.600,3931.6000,6848,0,120240240.000,0,-,-,-,-,3930.4000,3930.0000,3929.0000,3928.0000,3926.6000,3931.6000,3931.8000,3932.4000,3932.6000,3932.8000,1,3,1,4,1,1,3,2,1,1
SF,IF2006,2019-12-13 09:31:55.100,3931.6000,6848,0,120240240.000,0,-,-,-,-,3930.4000,3930.0000,3929.0000,3928.0000,3926.6000,3931.6000,3931.8000,3932.4000,3932.6000,3932.8000,1,3,1,4,1,1,3,2,1,1
SF,IF2006,2019-12-13 09:31:55.600,3931.6000,6848,0,120240240.000,0,-,-,-,-,3930.4000,3930.2000,3930.0000,3929.0000,3928.0000,3931.6000,3931.8000,3932.0000,3932.4000,3932.6000,1,1,3,1,4,1,3,1,2,1
SF,IF2006,2019-12-13 09:31:57.100,3931.6000,6848,0,120240240.000,0,-,-,-,-,3930.4000,3930.2000,3930.0000,3929.0000,3928.0000,3931.6000,3931.8000,3932.0000,3932.4000,3932.6000,1,1,3,1,4,1,3,1,2,1
SF,IF2006,2019-12-13 09:31:58.100,3930.4000,6848,0,121419360.000,1,0,1,多换,S,3930.2000,3930.0000,3929.0000,3928.0000,3926.6000,3931.6000,3931.8000,3932.0000,3932.4000,3932.6000,1,3,1,4,1,1,3,1,2,1
SF,IF2006,2019-12-13 09:31:58.600,3930.4000,6848,0,121419360.000,0,-,-,-,-,3930.4000,3930.2000,3930.0000,3929.0000,3928.0000,3931.6000,3931.8000,3932.0000,3932.4000,3932.6000,1,1,3,1,4,1,3,1,2,1
SF,IF2006,2019-12-13 09:31:59.100,3930.4000,6848,0,121419360.000,0,-,-,-,-,3930.4000,3930.2000,3930.0000,3929.0000,3928.0000,3931.4000,3931.6000,3931.8000,3932.0000,3932.4000,1,1,3,1,4,5,1,3,1,2
SF,IF2006,2019-12-13 09:31:59.600,3931.2000,6847,-1,122598720.000,1,0,1,双平,S,3930.4000,3930.2000,3930.0000,3928.0000,3926.6000,3931.4000,3931.8000,3932.0000,3932.4000,3932.6000,1,1,3,4,1,5,3,1,2,1
SF,IF2006,2019-12-13 09:32:01.100,3931.4000,6842,-5,128495820.000,5,0,5,双平,S,3930.4000,3930.2000,3930.0000,3928.0000,3926.6000,3931.8000,3932.0000,3932.4000,3932.6000,3932.8000,1,1,3,4,1,3,1,2,1,1
SF,IF2006,2019-12-13 09:32:01.600,3931.8000,6842,0,130854900.000,2,1,1,多换,S,3930.6000,3930.4000,3930.2000,3930.0000,3928.0000,3931.8000,3932.0000,3932.4000,3932.6000,3932.8000,1,2,1,3,4,1,1,2,1,1
SF,IF2006,2019-12-13 09:32:02.100,3931.8000,6841,-1,132034440.000,1,0,1,双平,S,3930.8000,3930.6000,3930.4000,3930.2000,3930.0000,3932.0000,3932.4000,3932.6000,3932.8000,3937.2000,1,1,2,1,3,1,2,1,1,1
SF,IF2006,2019-12-13 09:32:02.600,3931.0000,6841,0,133213740.000,1,0,1,多换,S,3930.6000,3930.4000,3930.2000,3930.0000,3928.0000,3932.0000,3932.4000,3932.6000,3932.8000,3937.2000,1,2,1,3,4,1,1,1,1,1
SF,IF2006,2019-12-13 09:32:03.100,3931.0000,6841,0,133213740.000,0,-,-,-,-,3930.8000,3930.6000,3930.4000,3930.2000,3930.0000,3932.0000,3932.4000,3932.6000,3932.8000,3937.2000,1,1,2,1,3,1,1,1,1,1
SF,IF2006,2019-12-13 09:32:03.600,3931.0000,6841,0,133213740.000,0,-,-,-,-,3930.8000,3930.6000,3930.4000,3930.2000,3930.0000,3932.0000,3932.4000,3932.6000,3932.8000,3937.2000,1,1,1,1,3,1,1,1,1,1
SF,IF2006,2019-12-13 09:32:04.100,3931.0000,6841,0,133213740.000,0,-,-,-,-,3930.8000,3930.6000,3930.4000,3930.2000,3930.0000,3931.0000,3932.0000,3932.4000,3932.6000,3932.8000,2,1,1,1,3,1,1,1,1,1
SF,IF2006,2019-12-13 09:32:04.600,3931.0000,6840,-1,134393040.000,1,0,1,双平,S,3931.0000,3930.8000,3930.6000,3930.4000,3930.2000,3932.0000,3932.4000,3932.6000,3932.8000,3937.2000,2,3,1,1,1,1,1,1,1,1
SF,IF2006,2019-12-13 09:32:06.100,3931.0000,6840,0,134393040.000,0,-,-,-,-,3931.0000,3930.8000,3930.6000,3930.4000,3930.2000,3932.0000,3932.4000,3932.6000,3932.8000,3937.2000,1,3,1,1,1,1,1,1,1,1
SF,IF2006,2019-12-13 09:32:06.600,3931.0000,6840,0,134393040.000,0,-,-,-,-,3931.0000,3930.8000,3930.6000,3930.4000,3930.2000,3931.6000,3932.0000,3932.4000,3932.6000,3932.8000,1,3,1,1,1,5,1,1,1,1
SF,IF2006,2019-12-13 09:32:07.100,3931.0000,6840,0,134393040.000,0,-,-,-,-,3931.0000,3930.8000,3930.6000,3930.4000,3930.2000,3931.6000,3932.0000,3932.4000,3932.6000,3937.2000,1,3,1,1,1,5,1,1,1,1
SF,IF2006,2019-12-13 09:32:07.600,3931.0000,6840,0,135572340.000,1,0,1,多换,S,3931.2000,3930.8000,3930.6000,3930.4000,3930.2000,3931.6000,3932.0000,3932.4000,3932.6000,3937.2000,1,3,1,1,1,5,1,1,1,1
SF,IF2006,2019-12-13 09:32:08.100,3931.0000,6840,0,135572340.000,0,-,-,-,-,3931.4000,3931.2000,3930.8000,3930.6000,3930.4000,3931.6000,3932.0000,3932.4000,3932.6000,3935.6000,1,1,3,1,1,5,1,1,1,1
SF,IF2006,2019-12-13 09:32:08.600,3931.6000,6840,0,136751820.000,1,0,1,多换,S,3931.4000,3931.2000,3930.8000,3930.6000,3930.4000,3931.6000,3932.0000,3932.4000,3932.6000,3935.6000,1,1,3,1,1,4,1,1,1,1
SF,IF2006,2019-12-13 09:32:09.100,3931.6000,6838,-2,139110720.000,2,0,2,双平,S,3931.2000,3930.8000,3930.6000,3930.4000,3930.2000,3931.6000,3932.0000,3932.4000,3932.6000,3935.6000,1,3,1,1,1,3,1,1,1,1
SF,IF2006,2019-12-13 09:32:09.600,3931.6000,6835,-3,142649160.000,3,0,3,双平,S,3931.4000,3931.2000,3930.8000,3930.6000,3930.4000,3932.0000,3932.4000,3932.6000,3935.6000,3937.2000,1,1,2,1,1,1,1,1,1,1
SF,IF2006,2019-12-13 09:32:10.100,3932.0000,6835,0,143828760.000,1,0,1,多换,S,3931.4000,3931.2000,3930.8000,3930.6000,3930.4000,3932.4000,3932.6000,3935.6000,3937.2000,3937.4000,1,1,2,1,1,1,1,1,1,1
SF,IF2006,2019-12-13 09:32:11.100,3932.0000,6835,0,143828760.000,0,-,-,-,-,3931.4000,3930.8000,3930.6000,3930.4000,3930.2000,3932.4000,3932.6000,3935.6000,3937.2000,3937.4000,1,2,1,1,1,1,1,1,1,1
SF,IF2006,2019-12-13 09:32:11.600,3932.0000,6835,0,143828760.000,0,-,-,-,-,3931.8000,3931.6000,3931.4000,3930.8000,3930.6000,3932.4000,3932.6000,3935.6000,3937.2000,3937.4000,1,2,1,2,1,1,1,1,1,1
SF,IF2006,2019-12-13 09:32:12.100,3932.0000,6835,0,143828760.000,0,-,-,-,-,3932.0000,3931.8000,3931.6000,3931.4000,3930.8000,3932.4000,3932.6000,3935.6000,3937.2000,3937.4000,1,1,2,1,2,1,1,1,1,1
SF,IF2006,2019-12-13 09:32:12.600,3932.0000,6835,0,143828760.000,0,-,-,-,-,3931.8000,3931.6000,3931.4000,3930.8000,3930.6000,3932.4000,3932.6000,3935.6000,3937.2000,3937.4000,1,1,1,2,1,1,1,1,1,1
SF,IF2006,2019-12-13 09:32:13.100,3932.0000,6835,0,143828760.000,0,-,-,-,-,3932.0000,3931.6000,3931.4000,3930.8000,3930.6000,3932.4000,3932.6000,3935.6000,3937.2000,3937.4000,1,1,1,2,1,1,1,1,1,1
SF,IF2006,2019-12-13 09:32:14.600,3932.0000,6835,0,143828760.000,0,-,-,-,-,3931.6000,3931.4000,3930.8000,3930.6000,3930.4000,3932.4000,3932.6000,3935.6000,3937.2000,3937.4000,1,1,2,1,1,1,1,1,1,1
SF,IF2006,2019-12-13 09:32:15.100,3932.0000,6835,0,143828760.000,0,-,-,-,-,3931.8000,3931.6000,3931.4000,3930.8000,3930.6000,3932.4000,3932.6000,3935.6000,3937.2000,3937.4000,1,1,1,2,1,1,1,1,1,1
SF,IF2006,2019-12-13 09:32:15.600,3932.4000,6835,0,145008480.000,1,0,1,多换,S,3931.8000,3931.6000,3931.4000,3930.8000,3930.6000,3932.6000,3935.6000,3937.2000,3937.4000,3938.8000,1,1,1,2,1,1,1,1,1,1
SF,IF2006,2019-12-13 09:32:17.100,3932.4000,6835,0,145008480.000,0,-,-,-,-,3932.0000,3931.8000,3931.6000,3931.4000,3930.8000,3932.6000,3935.6000,3937.2000,3937.4000,3938.8000,2,1,1,1,2,1,1,1,1,1
SF,IF2006,2019-12-13 09:32:17.600,3932.4000,6835,0,145008480.000,0,-,-,-,-,3932.2000,3932.0000,3931.8000,3931.6000,3931.4000,3932.4000,3932.6000,3935.6000,3937.2000,3937.4000,1,2,1,1,1,1,1,1,1,1
SF,IF2006,2019-12-13 09:32:18.100,3932.4000,6835,0,145008480.000,0,-,-,-,-,3932.2000,3932.0000,3931.8000,3931.6000,3931.4000,3932.4000,3932.6000,3935.6000,3937.2000,3937.4000,1,2,1,4,1,1,1,1,1,1
SF,IF2006,2019-12-13 09:32:18.600,3932.2000,6834,-1,146188140.000,1,0,1,双平,S,3932.0000,3931.8000,3931.6000,3931.4000,3931.0000,3932.4000,3932.6000,3935.6000,3937.2000,3937.4000,2,1,4,1,1,1,1,1,1,1
SF,IF2006,2019-12-13 09:32:19.100,3932.2000,6834,0,146188140.000,0,-,-,-,-,3932.0000,3931.8000,3931.6000,3931.4000,3931.0000,3932.4000,3932.6000,3935.6000,3937.2000,3937.4000,2,1,4,1,1,1,1,1,1,1
SF,IF2006,2019-12-13 09:32:19.600,3932.0000,6834,0,148547340.000,2,1,1,多换,S,3931.8000,3931.6000,3931.4000,3931.0000,3930.8000,3932.4000,3932.6000,3937.2000,3937.4000,3938.8000,1,3,1,1,2,1,1,1,1,1
SF,IF2006,2019-12-13 09:32:20.600,3932.0000,6834,0,148547340.000,0,-,-,-,-,3931.8000,3931.6000,3931.4000,3931.0000,3930.8000,3932.4000,3932.6000,3933.2000,3937.2000,3937.4000,1,3,1,1,2,1,1,1,1,1
SF,IF2006,2019-12-13 09:32:21.600,3932.0000,6834,0,148547340.000,0,-,-,-,-,3931.8000,3931.6000,3931.4000,3931.0000,3930.8000,3932.4000,3932.6000,3933.2000,3937.2000,3937.4000,1,3,1,1,2,1,1,1,1,1
SF,IF2006,2019-12-13 09:32:23.600,3932.0000,6834,0,148547340.000,0,-,-,-,-,3932.0000,3931.8000,3931.6000,3931.4000,3931.0000,3932.4000,3932.6000,3933.2000,3937.2000,3937.4000,2,1,3,1,1,1,1,1,1,1
SF,IF2006,2019-12-13 09:32:24.100,3932.0000,6836,2,150906540.000,2,2,0,双开,S,3931.8000,3931.6000,3931.4000,3931.0000,3930.8000,3932.4000,3932.6000,3933.2000,3937.2000,3937.4000,1,3,1,1,2,1,1,1,1,1
SF,IF2006,2019-12-13 09:32:24.600,3931.6000,6834,-2,153265560.000,2,0,2,双平,S,3931.6000,3931.4000,3931.0000,3930.8000,3930.6000,3932.6000,3933.2000,3937.2000,3937.4000,3938.8000,2,1,1,2,1,1,1,1,1,1
SF,IF2006,2019-12-13 09:32:25.100,3931.6000,6832,-2,155624520.000,2,0,2,双平,S,3931.8000,3931.4000,3931.0000,3930.8000,3930.4000,3932.4000,3932.6000,3933.2000,3937.2000,3937.4000,1,1,1,2,1,1,1,1,1,1
SF,IF2006,2019-12-13 09:32:25.600,3931.6000,6832,0,155624520.000,0,-,-,-,-,3931.8000,3931.0000,3930.8000,3930.4000,3930.2000,3932.4000,3932.6000,3933.2000,3937.2000,3937.4000,1,1,2,1,1,1,1,1,1,1
SF,IF2006,2019-12-13 09:32:26.100,3931.8000,6831,-1,156804060.000,1,0,1,双平,S,3931.0000,3930.8000,3930.4000,3930.2000,3930.0000,3932.6000,3933.2000,3937.2000,3937.4000,3938.8000,1,2,1,1,4,1,1,1,1,1
SF,IF2006,2019-12-13 09:32:26.600,3931.8000,6831,0,156804060.000,0,-,-,-,-,3931.2000,3931.0000,3930.8000,3930.4000,3930.2000,3932.4000,3932.6000,3933.2000,3937.2000,3937.4000,1,1,2,1,1,1,1,1,1,1
SF,IF2006,2019-12-13 09:32:27.600,3931.8000,6831,0,156804060.000,0,-,-,-,-,3931.0000,3930.8000,3930.4000,3930.2000,3930.0000,3932.4000,3932.6000,3933.2000,3936.0000,3937.2000,1,2,1,1,4,1,1,1,1,1
SF,IF2006,2019-12-13 09:32:28.100,3931.8000,6831,0,156804060.000,0,-,-,-,-,3931.0000,3930.8000,3930.4000,3930.2000,3930.0000,3932.4000,3932.6000,3933.2000,3936.0000,3937.2000,1,2,1,1,4,1,1,1,1,1
SF,IF2006,2019-12-13 09:32:29.600,3931.8000,6831,0,156804060.000,0,-,-,-,-,3931.0000,3930.8000,3930.4000,3930.2000,3930.0000,3932.4000,3932.6000,3933.2000,3936.0000,3937.2000,1,2,1,2,4,1,1,1,1,1
SF,IF2006,2019-12-13 09:32:30.100,3932.4000,6830,-1,157983780.000,1,0,1,双平,S,3931.2000,3931.0000,3930.8000,3930.4000,3930.2000,3931.8000,3932.6000,3933.2000,3936.0000,3937.2000,2,1,2,1,2,1,1,1,1,1
SF,IF2006,2019-12-13 09:32:30.600,3932.0000,6829,-1,159163380.000,1,0,1,双平,S,3931.4000,3931.0000,3930.8000,3930.4000,3930.2000,3932.6000,3933.2000,3936.0000,3937.2000,3937.4000,1,1,2,1,2,1,1,1,1,1
SF,IF2006,2019-12-13 09:32:31.100,3932.0000,6829,0,159163380.000,0,-,-,-,-,3931.6000,3931.0000,3930.8000,3930.4000,3930.2000,3932.6000,3933.2000,3936.0000,3937.2000,3937.4000,1,1,2,1,2,1,1,1,1,1
SF,IF2006,2019-12-13 09:32:31.600,3932.6000,6828,-1,160343160.000,1,0,1,双平,S,3931.6000,3931.0000,3930.8000,3930.4000,3930.2000,3933.2000,3936.0000,3937.2000,3937.4000,3938.8000,1,1,2,1,2,1,1,1,1,1
SF,IF2006,2019-12-13 09:32:32.600,3932.6000,6828,0,160343160.000,0,-,-,-,-,3932.0000,3931.6000,3931.0000,3930.8000,3930.4000,3933.2000,3936.0000,3937.2000,3937.4000,3938.8000,2,1,1,2,1,1,1,1,1,1
SF,IF2006,2019-12-13 09:32:33.100,3932.6000,6828,0,160343160.000,0,-,-,-,-,3932.2000,3932.0000,3931.0000,3930.8000,3930.4000,3933.2000,3936.0000,3937.2000,3937.4000,3938.8000,2,2,1,2,1,1,1,1,1,1
SF,IF2006,2019-12-13 09:32:33.600,3933.2000,6827,-1,161523120.000,1,0,1,双平,S,3932.2000,3932.0000,3931.0000,3930.8000,3930.4000,3936.0000,3937.2000,3937.4000,3938.8000,3939.4000,2,2,1,2,1,1,1,1,1,1
SF,IF2006,2019-12-13 09:32:34.100,3933.2000,6827,0,161523120.000,0,-,-,-,-,3932.4000,3932.2000,3932.0000,3931.0000,3930.8000,3935.8000,3936.0000,3937.2000,3937.4000,3938.8000,1,2,2,1,2,4,1,1,1,1
SF,IF2006,2019-12-13 09:32:34.600,3933.2000,6827,0,161523120.000,0,-,-,-,-,3932.6000,3932.4000,3932.2000,3932.0000,3931.0000,3935.8000,3936.0000,3937.2000,3937.4000,3938.8000,1,1,1,2,1,4,1,1,1,1
SF,IF2006,2019-12-13 09:32:35.100,3933.2000,6827,0,161523120.000,0,-,-,-,-,3932.8000,3932.6000,3932.4000,3932.2000,3932.0000,3935.8000,3936.0000,3937.2000,3937.4000,3938.8000,1,1,1,1,2,1,1,1,1,1
SF,IF2006,2019-12-13 09:32:35.600,3933.2000,6827,0,161523120.000,0,-,-,-,-,3933.0000,3932.8000,3932.2000,3932.0000,3931.0000,3935.8000,3936.0000,3937.2000,3937.4000,3938.8000,1,1,1,2,1,1,1,1,1,1
SF,IF2006,2019-12-13 09:32:36.100,3933.2000,6827,0,161523120.000,0,-,-,-,-,3933.0000,3932.8000,3932.2000,3932.0000,3931.0000,3935.8000,3936.0000,3937.2000,3937.4000,3938.8000,1,1,1,2,1,1,1,1,1,1
SF,IF2006,2019-12-13 09:32:36.600,3935.6000,6827,0,162703800.000,1,0,1,多换,S,3933.0000,3932.8000,3932.2000,3932.0000,3931.0000,3935.6000,3935.8000,3936.0000,3937.2000,3937.4000,1,1,1,2,1,1,1,1,1,1
SF,IF2006,2019-12-13 09:32:37.100,3935.6000,6827,0,162703800.000,0,-,-,-,-,3933.0000,3932.8000,3932.2000,3932.0000,3931.0000,3935.4000,3935.6000,3936.0000,3937.2000,3937.4000,1,1,1,2,1,2,1,1,1,1
SF,IF2006,2019-12-13 09:32:37.600,3935.6000,6827,0,162703800.000,0,-,-,-,-,3933.0000,3932.8000,3932.2000,3932.0000,3931.0000,3935.4000,3936.0000,3937.2000,3937.4000,3938.8000,1,1,1,2,1,2,1,1,1,1
SF,IF2006,2019-12-13 09:32:38.100,3935.6000,6827,0,162703800.000,0,-,-,-,-,3933.0000,3932.8000,3932.2000,3932.0000,3931.0000,3935.2000,3935.4000,3936.0000,3937.2000,3937.4000,1,1,1,2,1,1,2,1,1,1
SF,IF2006,2019-12-13 09:32:38.600,3935.6000,6827,0,162703800.000,0,-,-,-,-,3933.2000,3933.0000,3932.8000,3932.2000,3932.0000,3935.2000,3935.4000,3936.0000,3937.2000,3937.4000,1,1,1,1,2,1,1,1,1,1
SF,IF2006,2019-12-13 09:32:39.100,3935.6000,6827,0,162703800.000,0,-,-,-,-,3933.4000,3933.2000,3932.8000,3932.2000,3932.0000,3935.2000,3935.4000,3936.0000,3937.2000,3937.4000,1,1,1,1,2,1,1,1,1,1
SF,IF2006,2019-12-13 09:32:39.600,3935.6000,6827,0,162703800.000,0,-,-,-,-,3933.4000,3932.8000,3932.2000,3932.0000,3931.0000,3935.2000,3935.4000,3936.0000,3937.2000,3937.4000,1,1,1,2,1,2,1,1,1,1
SF,IF2006,2019-12-13 09:32:40.100,3935.2000,6827,0,163884360.000,1,0,1,多换,S,3933.6000,3933.4000,3932.8000,3932.2000,3932.0000,3936.0000,3937.2000,3937.4000,3938.2000,3938.8000,1,1,1,1,2,1,1,1,1,1
SF,IF2006,2019-12-13 09:32:40.600,3935.2000,6827,0,163884360.000,0,-,-,-,-,3933.8000,3933.6000,3932.8000,3932.2000,3932.0000,3935.8000,3936.0000,3937.2000,3937.4000,3938.2000,1,1,1,1,2,1,1,1,1,1
SF,IF2006,2019-12-13 09:32:41.100,3935.2000,6827,0,163884360.000,0,-,-,-,-,3933.8000,3932.8000,3932.2000,3932.0000,3931.0000,3935.8000,3936.0000,3937.2000,3937.4000,3938.2000,1,1,1,2,1,2,1,1,1,1
SF,IF2006,2019-12-13 09:32:41.600,3935.2000,6827,0,163884360.000,0,-,-,-,-,3933.8000,3932.8000,3932.2000,3932.0000,3931.0000,3935.8000,3936.0000,3937.2000,3937.4000,3938.2000,1,1,1,2,1,1,1,1,1,1
SF,IF2006,2019-12-13 09:32:42.600,3933.8000,6826,-1,165064500.000,1,0,1,双平,S,3932.8000,3932.2000,3932.0000,3931.0000,3930.4000,3935.8000,3936.0000,3937.2000,3937.4000,3938.2000,1,1,2,1,1,1,1,1,1,1
SF,IF2006,2019-12-13 09:32:43.100,3935.8000,6825,-1,166245240.000,1,0,1,双平,S,3935.8000,3933.0000,3932.8000,3932.2000,3932.0000,3936.0000,3937.2000,3937.4000,3938.2000,3938.8000,1,1,1,1,2,1,1,1,1,1
SF,IF2006,2019-12-13 09:32:43.600,3935.8000,6824,-1,167425980.000,1,0,1,双平,S,3932.8000,3932.2000,3932.0000,3931.0000,3930.2000,3935.8000,3936.0000,3937.2000,3937.4000,3938.2000,1,1,2,1,1,2,1,1,1,1
SF,IF2006,2019-12-13 09:32:44.100,3935.8000,6824,0,167425980.000,0,-,-,-,-,3933.2000,3933.0000,3932.8000,3932.2000,3932.0000,3935.6000,3935.8000,3936.0000,3937.2000,3937.4000,1,1,1,1,2,1,2,1,1,1
SF,IF2006,2019-12-13 09:32:44.600,3935.8000,6824,0,167425980.000,0,-,-,-,-,3933.4000,3933.2000,3932.8000,3932.2000,3932.0000,3935.0000,3935.4000,3935.6000,3935.8000,3936.0000,1,1,1,1,2,1,1,2,2,1
SF,IF2006,2019-12-13 09:32:45.100,3935.8000,6824,0,167425980.000,0,-,-,-,-,3933.6000,3932.8000,3932.2000,3932.0000,3931.0000,3934.8000,3935.0000,3935.2000,3935.4000,3935.6000,1,1,1,2,1,1,1,1,1,1
SF,IF2006,2019-12-13 09:32:45.600,3935.8000,6824,0,167425980.000,0,-,-,-,-,3932.8000,3932.2000,3932.0000,3931.0000,3930.2000,3934.8000,3935.0000,3935.2000,3935.6000,3935.8000,1,1,2,1,1,1,1,1,1,2
SF,IF2006,2019-12-13 09:32:46.100,3935.8000,6824,0,167425980.000,0,-,-,-,-,3933.0000,3932.8000,3932.2000,3932.0000,3931.0000,3934.8000,3935.0000,3935.6000,3935.8000,3936.0000,2,2,1,2,1,1,1,2,2,2
SF,IF2006,2019-12-13 09:32:46.600,3935.8000,6824,0,167425980.000,0,-,-,-,-,3933.2000,3933.0000,3932.8000,3932.2000,3932.0000,3934.8000,3935.0000,3935.4000,3935.6000,3935.8000,1,1,2,1,2,1,1,1,2,1
SF,IF2006,2019-12-13 09:32:47.100,3935.8000,6824,0,167425980.000,0,-,-,-,-,3933.4000,3932.8000,3932.2000,3932.0000,3931.0000,3935.0000,3935.4000,3935.6000,3936.0000,3937.2000,2,2,1,2,1,1,1,2,2,1
SF,IF2006,2019-12-13 09:32:47.600,3935.6000,6824,0,168606660.000,1,0,1,多换,S,3933.6000,3933.4000,3932.8000,3932.2000,3932.0000,3935.6000,3936.0000,3937.2000,3937.4000,3938.2000,1,1,2,1,2,1,2,1,1,1
SF,IF2006,2019-12-13 09:32:48.100,3935.6000,6824,0,168606660.000,0,-,-,-,-,3933.8000,3932.8000,3932.2000,3932.0000,3931.0000,3936.0000,3937.2000,3937.4000,3938.2000,3938.8000,2,2,1,2,1,1,1,1,1,1
SF,IF2006,2019-12-13 09:32:48.600,3935.6000,6824,0,168606660.000,0,-,-,-,-,3934.0000,3933.8000,3932.8000,3932.2000,3932.0000,3935.8000,3936.0000,3937.2000,3937.4000,3938.2000,1,1,2,1,2,1,1,1,1,1
SF,IF2006,2019-12-13 09:32:49.100,3935.6000,6824,0,168606660.000,0,-,-,-,-,3934.2000,3933.8000,3932.8000,3932.2000,3932.0000,3935.8000,3936.0000,3937.2000,3937.4000,3938.2000,1,1,2,1,2,1,1,1,1,1
SF,IF2006,2019-12-13 09:32:50.100,3935.6000,6824,0,168606660.000,0,-,-,-,-,3933.8000,3932.8000,3932.2000,3932.0000,3931.0000,3935.6000,3935.8000,3936.0000,3937.2000,3937.4000,1,2,1,2,1,1,1,1,1,1
SF,IF2006,2019-12-13 09:32:50.600,3935.6000,6824,0,168606660.000,0,-,-,-,-,3933.8000,3932.8000,3932.2000,3932.0000,3931.0000,3935.4000,3935.6000,3935.8000,3936.0000,3937.2000,1,2,1,2,1,1,1,1,1,1
SF,IF2006,2019-12-13 09:32:51.100,3935.6000,6824,0,168606660.000,0,-,-,-,-,3934.0000,3933.8000,3932.8000,3932.2000,3932.0000,3935.4000,3935.6000,3935.8000,3936.0000,3937.2000,1,1,2,1,2,1,1,1,1,1
SF,IF2006,2019-12-13 09:32:51.600,3935.6000,6824,0,168606660.000,0,-,-,-,-,3935.0000,3934.0000,3933.8000,3932.8000,3932.2000,3935.4000,3935.6000,3935.8000,3936.0000,3937.2000,1,1,1,2,1,1,1,1,1,1
SF,IF2006,2019-12-13 09:32:52.100,3934.0000,6823,-1,170967360.000,2,0,2,多平,S,3932.8000,3932.2000,3932.0000,3931.0000,3930.2000,3935.6000,3935.8000,3936.0000,3937.2000,3937.4000,2,1,2,1,1,1,1,2,1,1
SF,IF2006,2019-12-13 09:32:52.600,3934.0000,6823,0,170967360.000,0,-,-,-,-,3933.0000,3932.8000,3932.2000,3932.0000,3931.0000,3935.4000,3935.6000,3935.8000,3936.0000,3937.2000,1,2,1,2,1,2,1,1,2,1
SF,IF2006,2019-12-13 09:32:53.600,3934.0000,6823,0,170967360.000,0,-,-,-,-,3933.0000,3932.8000,3932.2000,3932.0000,3931.0000,3935.4000,3935.8000,3936.0000,3937.2000,3937.4000,1,2,1,2,1,2,1,2,1,1
SF,IF2006,2019-12-13 09:32:54.100,3934.0000,6823,0,170967360.000,0,-,-,-,-,3932.8000,3932.2000,3932.0000,3931.0000,3930.2000,3935.2000,3935.4000,3935.8000,3936.0000,3937.2000,2,1,2,1,1,1,2,1,2,1
SF,IF2006,2019-12-13 09:32:54.600,3934.0000,6823,0,170967360.000,0,-,-,-,-,3933.0000,3932.8000,3932.2000,3932.0000,3931.0000,3935.0000,3935.2000,3935.8000,3936.0000,3937.2000,1,1,1,2,1,1,1,1,2,1
SF,IF2006,2019-12-13 09:32:55.100,3934.0000,6823,0,170967360.000,0,-,-,-,-,3933.2000,3933.0000,3932.8000,3932.2000,3932.0000,3935.0000,3935.2000,3935.8000,3936.0000,3937.2000,1,1,1,1,2,1,1,1,2,1
SF,IF2006,2019-12-13 09:32:55.600,3934.0000,6823,0,170967360.000,0,-,-,-,-,3933.4000,3932.8000,3932.2000,3932.0000,3931.0000,3935.0000,3935.2000,3935.8000,3936.0000,3937.2000,2,1,1,2,1,1,1,1,2,1
SF,IF2006,2019-12-13 09:32:56.100,3934.0000,6823,0,170967360.000,0,-,-,-,-,3933.4000,3932.8000,3932.2000,3932.0000,3931.0000,3935.0000,3935.2000,3935.8000,3936.0000,3937.2000,1,1,1,2,1,2,1,1,2,1
SF,IF2006,2019-12-13 09:32:57.100,3934.0000,6823,0,170967360.000,0,-,-,-,-,3933.4000,3932.8000,3932.2000,3932.0000,3931.0000,3935.0000,3935.2000,3935.8000,3936.0000,3937.2000,1,1,1,2,1,2,1,2,2,1
SF,IF2006,2019-12-13 09:32:58.100,3934.0000,6823,0,170967360.000,0,-,-,-,-,3933.4000,3933.0000,3932.8000,3932.2000,3932.0000,3935.0000,3935.2000,3935.8000,3936.0000,3937.2000,1,2,1,1,2,1,11,2,2,1
SF,IF2006,2019-12-13 09:32:58.600,3934.0000,6823,0,170967360.000,0,-,-,-,-,3933.6000,3933.0000,3932.8000,3932.2000,3932.0000,3935.0000,3935.2000,3935.8000,3936.0000,3937.2000,1,2,1,1,2,1,11,2,2,1
SF,IF2006,2019-12-13 09:32:59.100,3934.0000,6823,0,170967360.000,0,-,-,-,-,3933.8000,3933.6000,3933.0000,3932.8000,3932.2000,3935.0000,3935.2000,3935.8000,3936.0000,3937.2000,1,1,2,1,1,1,11,2,2,1
SF,IF2006,2019-12-13 09:32:59.600,3934.0000,6823,0,170967360.000,0,-,-,-,-,3933.8000,3933.6000,3933.0000,3932.8000,3932.2000,3935.2000,3935.8000,3936.0000,3937.2000,3937.4000,1,1,2,1,1,11,2,2,1,1
SF,IF2006,2019-12-13 09:33:00.100,3934.0000,6823,0,170967360.000,0,-,-,-,-,3933.8000,3933.6000,3933.0000,3932.8000,3932.2000,3935.2000,3935.8000,3936.0000,3937.2000,3937.4000,1,1,2,1,1,10,2,2,1,1
SF,IF2006,2019-12-13 09:33:00.600,3934.0000,6823,0,170967360.000,0,-,-,-,-,3933.8000,3933.6000,3933.0000,3932.8000,3932.2000,3935.2000,3935.8000,3936.0000,3937.2000,3937.4000,1,1,2,1,1,10,1,2,1,1
SF,IF2006,2019-12-13 09:33:01.100,3935.2000,6821,-2,173328480.000,2,0,2,双平,S,3933.8000,3933.6000,3933.0000,3932.8000,3932.2000,3935.2000,3935.8000,3936.0000,3937.2000,3937.4000,2,1,2,1,1,8,1,2,1,1
SF,IF2006,2019-12-13 09:33:02.100,3933.8000,6819,-2,175689180.000,2,0,2,双平,S,3933.8000,3933.6000,3933.0000,3932.8000,3932.2000,3935.2000,3935.8000,3936.0000,3937.2000,3937.4000,1,1,2,1,1,7,1,2,1,1
SF,IF2006,2019-12-13 09:33:02.600,3935.2000,6817,-2,179230860.000,3,0,3,多平,S,3934.0000,3933.8000,3933.6000,3933.0000,3932.8000,3935.2000,3935.8000,3936.0000,3937.2000,3937.4000,3,1,1,3,1,4,1,2,1,1
SF,IF2006,2019-12-13 09:33:03.100,3935.2000,6817,0,179230860.000,0,-,-,-,-,3934.0000,3933.8000,3933.6000,3933.0000,3932.8000,3935.2000,3935.8000,3936.0000,3937.2000,3937.4000,4,1,1,3,1,4,1,2,1,1
SF,IF2006,2019-12-13 09:33:03.600,3935.2000,6816,-1,180411420.000,1,0,1,双平,S,3934.0000,3933.8000,3933.6000,3933.0000,3932.8000,3934.6000,3935.2000,3935.8000,3936.0000,3937.2000,3,1,1,3,1,1,3,1,2,1
SF,IF2006,2019-12-13 09:33:04.100,3934.6000,6815,-1,181591800.000,1,0,1,双平,S,3934.8000,3934.6000,3934.2000,3934.0000,3933.8000,3935.2000,3935.8000,3936.0000,3937.2000,3937.4000,1,1,1,3,1,3,1,2,1,1
SF,IF2006,2019-12-13 09:33:04.600,3934.6000,6815,0,181591800.000,0,-,-,-,-,3934.8000,3934.0000,3933.8000,3933.6000,3933.0000,3935.2000,3935.8000,3936.0000,3937.2000,3937.4000,2,2,1,1,3,3,1,2,1,1
SF,IF2006,2019-12-13 09:33:05.100,3934.8000,6815,0,183952680.000,2,1,1,多换,S,3934.0000,3933.6000,3933.0000,3932.8000,3932.2000,3935.2000,3935.8000,3936.0000,3937.2000,3937.4000,1,1,3,1,1,3,1,2,1,1
SF,IF2006,2019-12-13 09:33:08.600,3934.0000,6814,-1,185132880.000,1,0,1,双平,S,3933.6000,3933.0000,3932.8000,3932.2000,3932.0000,3935.2000,3935.8000,3936.0000,3937.2000,3937.4000,1,3,1,1,2,3,1,2,1,1
SF,IF2006,2019-12-13 09:33:09.100,3934.0000,6814,0,185132880.000,0,-,-,-,-,3933.8000,3933.0000,3932.8000,3932.2000,3932.0000,3935.0000,3935.2000,3935.8000,3936.0000,3937.2000,1,3,1,1,2,2,3,1,2,1
SF,IF2006,2019-12-13 09:33:09.600,3934.0000,6814,0,185132880.000,0,-,-,-,-,3934.0000,3933.8000,3933.0000,3932.8000,3932.2000,3935.0000,3935.2000,3935.8000,3936.0000,3937.2000,2,1,3,1,1,2,3,1,2,1
SF,IF2006,2019-12-13 09:33:10.100,3934.0000,6814,0,185132880.000,0,-,-,-,-,3934.2000,3934.0000,3933.8000,3933.0000,3932.8000,3935.0000,3935.2000,3935.8000,3936.0000,3937.2000,1,2,1,3,1,2,3,1,2,1
SF,IF2006,2019-12-13 09:33:10.600,3934.0000,6814,0,185132880.000,0,-,-,-,-,3934.0000,3933.0000,3932.8000,3932.2000,3932.0000,3935.0000,3935.2000,3935.8000,3936.0000,3937.2000,2,3,1,1,2,2,3,1,2,1
SF,IF2006,2019-12-13 09:33:11.600,3934.0000,6814,0,185132880.000,0,-,-,-,-,3934.2000,3934.0000,3933.0000,3932.8000,3932.2000,3935.0000,3935.2000,3935.8000,3936.0000,3937.2000,1,1,3,1,2,2,3,1,2,1
SF,IF2006,2019-12-13 09:33:12.100,3934.0000,6814,0,185132880.000,0,-,-,-,-,3934.4000,3934.2000,3934.0000,3933.0000,3932.8000,3935.0000,3935.2000,3935.8000,3936.0000,3937.2000,1,1,1,3,1,2,3,1,2,1
SF,IF2006,2019-12-13 09:33:12.600,3935.0000,6814,0,187493880.000,2,1,1,多换,S,3934.4000,3934.2000,3934.0000,3933.0000,3932.8000,3935.2000,3935.8000,3936.0000,3937.2000,3937.4000,1,1,1,3,1,3,1,2,1,1
SF,IF2006,2019-12-13 09:33:13.100,3934.4000,6813,-1,188674200.000,1,0,1,双平,S,3934.2000,3934.0000,3933.0000,3932.8000,3932.2000,3935.0000,3935.2000,3935.8000,3936.0000,3937.2000,1,1,2,1,2,1,3,1,2,1
SF,IF2006,2019-12-13 09:33:13.600,3934.4000,6813,0,188674200.000,0,-,-,-,-,3934.0000,3933.0000,3932.8000,3932.2000,3932.0000,3935.0000,3935.2000,3935.8000,3936.0000,3937.2000,1,2,1,2,2,1,3,1,2,1
SF,IF2006,2019-12-13 09:33:14.600,3934.4000,6813,0,188674200.000,0,-,-,-,-,3934.0000,3933.0000,3932.8000,3932.2000,3932.0000,3935.0000,3935.2000,3935.8000,3936.0000,3937.2000,1,2,1,3,2,1,3,1,2,1
SF,IF2006,2019-12-13 09:33:15.600,3934.4000,6813,0,188674200.000,0,-,-,-,-,3934.2000,3934.0000,3933.0000,3932.8000,3932.2000,3935.0000,3935.2000,3935.8000,3936.0000,3937.2000,1,1,2,1,3,1,3,1,2,1
SF,IF2006,2019-12-13 09:33:16.100,3934.4000,6813,0,188674200.000,0,-,-,-,-,3934.4000,3934.2000,3934.0000,3933.2000,3933.0000,3935.0000,3935.2000,3935.8000,3936.0000,3937.2000,1,1,1,1,2,1,3,1,2,1
SF,IF2006,2019-12-13 09:33:16.600,3934.4000,6813,0,188674200.000,0,-,-,-,-,3934.4000,3934.2000,3934.0000,3933.2000,3933.0000,3935.0000,3935.2000,3935.8000,3936.0000,3937.2000,1,1,1,1,2,1,3,1,2,1
SF,IF2006,2019-12-13 09:33:17.100,3934.4000,6813,0,188674200.000,0,-,-,-,-,3934.4000,3934.2000,3934.0000,3933.2000,3933.0000,3935.0000,3935.2000,3935.8000,3936.0000,3937.2000,1,1,1,1,2,1,3,1,2,1
SF,IF2006,2019-12-13 09:33:18.100,3935.2000,6812,-1,191035260.000,2,0,2,多平,S,3934.6000,3934.4000,3934.0000,3933.2000,3933.0000,3935.2000,3935.8000,3936.0000,3937.2000,3937.4000,2,1,1,1,2,2,1,2,1,1
SF,IF2006,2019-12-13 09:33:18.600,3935.2000,6810,-2,193396380.000,2,0,2,双平,S,3934.8000,3934.6000,3934.4000,3934.0000,3933.2000,3935.0000,3935.8000,3936.0000,3937.2000,3937.4000,2,2,1,1,1,1,1,2,1,1
SF,IF2006,2019-12-13 09:33:19.100,3935.2000,6810,0,193396380.000,0,-,-,-,-,3934.8000,3934.6000,3934.4000,3934.0000,3933.2000,3935.0000,3935.8000,3936.0000,3937.2000,3937.4000,2,1,1,1,1,1,1,2,1,1
SF,IF2006,2019-12-13 09:33:20.100,3934.8000,6808,-2,195757260.000,2,0,2,双平,S,3934.6000,3934.4000,3934.0000,3933.2000,3933.0000,3935.0000,3935.8000,3936.0000,3937.2000,3937.4000,1,1,1,1,2,1,1,2,1,1
SF,IF2006,2019-12-13 09:33:20.600,3935.0000,6807,-1,196937760.000,1,0,1,双平,S,3934.8000,3934.6000,3934.4000,3934.0000,3933.2000,3935.8000,3936.0000,3937.2000,3937.4000,3938.8000,1,1,1,1,1,1,2,1,1,1
SF,IF2006,2019-12-13 09:33:21.100,3935.0000,6807,0,196937760.000,0,-,-,-,-,3934.8000,3934.6000,3934.4000,3934.0000,3933.2000,3935.8000,3936.0000,3937.2000,3937.4000,3938.8000,2,1,1,1,1,1,2,1,1,1
SF,IF2006,2019-12-13 09:33:21.600,3935.0000,6807,0,196937760.000,0,-,-,-,-,3935.0000,3934.8000,3934.6000,3934.4000,3934.0000,3935.8000,3936.0000,3937.2000,3937.4000,3938.8000,3,2,1,1,1,1,2,1,1,1
SF,IF2006,2019-12-13 09:33:22.100,3935.0000,6807,0,196937760.000,0,-,-,-,-,3935.2000,3935.0000,3934.8000,3934.6000,3934.4000,3935.8000,3936.0000,3937.2000,3937.4000,3938.8000,2,5,2,1,1,1,2,1,1,1
SF,IF2006,2019-12-13 09:33:22.600,3935.0000,6807,0,196937760.000,0,-,-,-,-,3935.2000,3935.0000,3934.8000,3934.6000,3934.4000,3935.8000,3936.0000,3937.2000,3937.4000,3938.8000,1,5,2,1,1,1,2,1,1,1
SF,IF2006,2019-12-13 09:33:23.100,3935.0000,6807,0,196937760.000,0,-,-,-,-,3935.4000,3935.2000,3935.0000,3934.8000,3934.6000,3935.8000,3936.0000,3937.2000,3937.4000,3938.8000,1,1,4,2,1,1,2,1,1,1
SF,IF2006,2019-12-13 09:33:23.600,3935.4000,6807,0,198118380.000,1,0,1,多换,S,3935.6000,3935.2000,3935.0000,3934.8000,3934.6000,3935.8000,3936.0000,3937.2000,3937.4000,3938.8000,1,1,4,1,1,1,2,1,1,1
SF,IF2006,2019-12-13 09:33:24.100,3935.8000,6806,-1,200479800.000,2,0,2,多平,S,3935.2000,3935.0000,3934.8000,3934.6000,3934.4000,3936.0000,3937.2000,3937.4000,3938.8000,3939.6000,1,4,1,1,1,2,1,1,1,1
SF,IF2006,2019-12-13 09:33:24.600,3935.8000,6806,0,200479800.000,0,-,-,-,-,3935.4000,3935.2000,3935.0000,3934.8000,3934.4000,3936.0000,3937.2000,3937.4000,3938.8000,3939.6000,1,1,4,1,1,2,1,1,1,1
SF,IF2006,2019-12-13 09:33:25.100,3935.8000,6806,0,200479800.000,0,-,-,-,-,3935.2000,3935.0000,3934.8000,3934.4000,3934.0000,3935.4000,3936.0000,3937.2000,3937.4000,3938.8000,1,3,1,1,1,1,2,1,1,1
SF,IF2006,2019-12-13 09:33:25.600,3935.4000,6806,0,201660420.000,1,0,1,多换,S,3935.2000,3935.0000,3934.8000,3934.4000,3934.0000,3936.0000,3937.2000,3937.4000,3938.8000,3939.6000,1,3,1,1,1,2,1,1,1,1
SF,IF2006,2019-12-13 09:33:26.100,3936.0000,6806,0,205202820.000,3,1,2,多换,S,3936.0000,3935.4000,3935.2000,3935.0000,3934.8000,3937.2000,3937.4000,3938.8000,3939.6000,3939.8000,1,1,1,3,1,1,1,1,1,1
SF,IF2006,2019-12-13 09:33:26.600,3936.0000,6806,0,205202820.000,0,-,-,-,-,3936.0000,3935.4000,3935.2000,3935.0000,3934.8000,3937.0000,3937.2000,3937.4000,3938.8000,3939.6000,1,1,1,5,1,1,1,1,1,1
SF,IF2006,2019-12-13 09:33:27.100,3936.0000,6806,0,205202820.000,0,-,-,-,-,3936.0000,3935.2000,3935.0000,3934.8000,3934.4000,3937.0000,3937.2000,3937.4000,3938.8000,3939.6000,1,1,5,1,1,1,1,1,1,1
SF,IF2006,2019-12-13 09:33:28.100,3936.0000,6806,0,206383620.000,1,0,1,多换,S,3935.2000,3935.0000,3934.8000,3934.4000,3934.0000,3937.0000,3937.2000,3937.4000,3938.8000,3939.6000,1,5,1,1,1,1,1,1,1,1
SF,IF2006,2019-12-13 09:33:28.600,3937.0000,6806,0,208745760.000,2,1,1,多换,S,3937.0000,3935.2000,3935.0000,3934.8000,3934.4000,3937.2000,3937.4000,3938.8000,3939.6000,3939.8000,2,1,5,1,1,1,1,1,1,1
SF,IF2006,2019-12-13 09:33:29.100,3937.0000,6806,0,211107960.000,2,1,1,多换,S,3935.0000,3934.8000,3934.4000,3934.0000,3933.2000,3937.2000,3937.4000,3938.8000,3939.6000,3939.8000,5,1,1,1,1,1,1,1,1,1
SF,IF2006,2019-12-13 09:33:29.600,3937.0000,6806,0,211107960.000,0,-,-,-,-,3935.0000,3934.8000,3934.4000,3933.2000,3933.0000,3937.0000,3937.2000,3937.4000,3938.8000,3939.6000,5,1,1,2,2,1,2,1,1,1
SF,IF2006,2019-12-13 09:33:30.100,3937.0000,6806,0,211107960.000,0,-,-,-,-,3935.0000,3934.8000,3934.4000,3933.2000,3933.0000,3937.0000,3937.2000,3937.4000,3938.8000,3939.6000,5,1,1,2,2,2,2,1,1,1
SF,IF2006,2019-12-13 09:33:30.600,3937.0000,6806,0,211107960.000,0,-,-,-,-,3935.2000,3935.0000,3934.8000,3934.4000,3933.2000,3937.0000,3937.2000,3937.4000,3938.8000,3939.6000,1,5,1,1,2,2,2,1,1,1
SF,IF2006,2019-12-13 09:33:31.100,3937.0000,6806,0,211107960.000,0,-,-,-,-,3935.4000,3935.0000,3934.8000,3934.4000,3933.2000,3937.0000,3937.2000,3937.4000,3938.8000,3939.6000,1,5,1,1,2,2,1,1,1,1
SF,IF2006,2019-12-13 09:33:31.600,3937.0000,6806,0,211107960.000,0,-,-,-,-,3935.4000,3935.0000,3934.8000,3934.4000,3933.2000,3937.0000,3937.2000,3937.4000,3938.8000,3939.6000,1,5,1,1,2,2,1,1,1,1
SF,IF2006,2019-12-13 09:33:32.100,3937.0000,6806,0,211107960.000,0,-,-,-,-,3935.4000,3935.0000,3934.8000,3934.4000,3933.2000,3937.0000,3937.2000,3937.4000,3938.8000,3939.6000,1,5,1,1,2,2,1,1,1,1
SF,IF2006,2019-12-13 09:33:32.600,3937.0000,6806,0,211107960.000,0,-,-,-,-,3935.0000,3934.8000,3934.4000,3933.2000,3932.8000,3937.0000,3937.2000,3937.4000,3938.6000,3938.8000,5,1,1,2,1,2,1,1,1,1
SF,IF2006,2019-12-13 09:33:33.100,3937.0000,6806,0,213470160.000,2,1,1,多换,S,3935.2000,3935.0000,3934.8000,3934.4000,3933.2000,3937.2000,3937.4000,3938.6000,3938.8000,3939.6000,2,4,1,1,2,1,1,1,1,1
SF,IF2006,2019-12-13 09:33:33.600,3937.0000,6806,0,213470160.000,0,-,-,-,-,3935.4000,3935.0000,3934.8000,3934.4000,3933.2000,3937.0000,3937.2000,3937.4000,3938.6000,3938.8000,3,4,1,1,2,1,1,1,1,1
SF,IF2006,2019-12-13 09:33:34.100,3937.0000,6806,0,213470160.000,0,-,-,-,-,3935.4000,3935.0000,3934.8000,3934.4000,3933.2000,3936.8000,3937.0000,3937.2000,3937.4000,3938.6000,3,4,1,1,2,1,1,1,1,1
SF,IF2006,2019-12-13 09:33:34.600,3937.0000,6806,0,213470160.000,0,-,-,-,-,3935.6000,3935.4000,3935.0000,3934.8000,3934.4000,3936.8000,3937.0000,3937.2000,3937.4000,3938.6000,2,1,3,1,1,1,1,1,1,1
SF,IF2006,2019-12-13 09:33:35.100,3937.0000,6806,0,213470160.000,0,-,-,-,-,3935.6000,3935.4000,3935.0000,3934.8000,3934.4000,3936.8000,3937.0000,3937.2000,3937.4000,3938.6000,2,1,4,1,1,1,1,1,1,1
SF,IF2006,2019-12-13 09:33:35.600,3937.0000,6806,0,213470160.000,0,-,-,-,-,3935.6000,3935.4000,3935.0000,3934.8000,3934.4000,3936.8000,3937.0000,3937.2000,3937.4000,3938.6000,2,1,5,1,1,1,1,1,1,1
SF,IF2006,2019-12-13 09:33:37.100,3937.0000,6806,0,213470160.000,0,-,-,-,-,3935.6000,3935.4000,3935.0000,3934.8000,3934.4000,3936.8000,3937.0000,3937.2000,3937.4000,3938.4000,2,1,5,1,1,1,1,1,1,1
SF,IF2006,2019-12-13 09:33:37.600,3937.0000,6806,0,213470160.000,0,-,-,-,-,3935.6000,3935.4000,3935.0000,3934.8000,3934.4000,3936.8000,3937.0000,3937.2000,3937.4000,3938.4000,3,1,5,1,1,1,1,1,1,1
SF,IF2006,2019-12-13 09:33:38.100,3937.0000,6806,0,213470160.000,0,-,-,-,-,3935.8000,3935.6000,3935.0000,3934.8000,3934.4000,3936.8000,3937.2000,3937.4000,3938.4000,3938.6000,2,2,5,1,1,1,1,1,1,1
SF,IF2006,2019-12-13 09:33:38.600,3937.0000,6806,0,213470160.000,0,-,-,-,-,3935.8000,3935.6000,3935.0000,3934.8000,3934.4000,3936.8000,3937.2000,3937.4000,3938.4000,3938.6000,2,2,5,1,1,1,1,1,1,1
SF,IF2006,2019-12-13 09:33:39.100,3935.8000,6805,-1,214650900.000,1,0,1,双平,S,3935.6000,3935.0000,3934.8000,3934.4000,3933.2000,3936.8000,3937.2000,3937.4000,3938.4000,3938.6000,2,5,1,1,2,1,1,1,1,1
SF,IF2006,2019-12-13 09:33:39.600,3935.8000,6805,0,214650900.000,0,-,-,-,-,3935.6000,3935.0000,3934.8000,3934.4000,3933.2000,3936.8000,3937.0000,3937.2000,3937.4000,3938.4000,2,5,1,1,2,1,1,1,1,1
SF,IF2006,2019-12-13 09:33:40.100,3935.6000,6804,-1,215831580.000,1,0,1,双平,S,3935.0000,3934.8000,3934.4000,3933.2000,3932.2000,3936.6000,3936.8000,3937.0000,3937.2000,3937.4000,5,1,1,2,1,1,1,1,1,1
SF,IF2006,2019-12-13 09:33:40.600,3935.6000,6804,0,215831580.000,0,-,-,-,-,3935.2000,3935.0000,3934.8000,3934.4000,3933.2000,3936.6000,3936.8000,3937.0000,3937.2000,3937.4000,2,5,1,1,2,1,1,1,1,1
SF,IF2006,2019-12-13 09:33:41.100,3935.2000,6803,-1,217012140.000,1,0,1,双平,S,3935.0000,3934.8000,3934.4000,3933.2000,3932.2000,3936.4000,3936.6000,3936.8000,3937.0000,3937.2000,5,1,1,2,1,1,2,2,1,1
SF,IF2006,2019-12-13 09:33:41.600,3935.2000,6803,0,217012140.000,0,-,-,-,-,3936.0000,3935.2000,3935.0000,3934.8000,3934.4000,3936.2000,3936.4000,3936.6000,3936.8000,3937.0000,1,2,5,1,1,1,1,1,1,1
SF,IF2006,2019-12-13 09:33:42.100,3936.0000,6803,0,218192940.000,1,0,1,多换,S,3935.2000,3935.0000,3934.8000,3934.4000,3933.2000,3936.4000,3936.6000,3937.0000,3937.2000,3937.4000,2,5,1,1,2,1,1,1,1,1
SF,IF2006,2019-12-13 09:33:42.600,3936.0000,6803,0,218192940.000,0,-,-,-,-,3935.0000,3934.8000,3934.4000,3933.2000,3932.2000,3936.2000,3936.4000,3936.6000,3937.0000,3937.2000,6,1,1,2,1,1,1,1,1,1
SF,IF2006,2019-12-13 09:33:43.100,3936.0000,6803,0,218192940.000,0,-,-,-,-,3935.0000,3934.8000,3934.4000,3933.2000,3932.2000,3936.2000,3936.6000,3937.0000,3937.2000,3937.4000,6,1,1,2,1,1,1,1,1,1
SF,IF2006,2019-12-13 09:33:46.100,3936.2000,6803,0,219373800.000,1,0,1,多换,S,3935.0000,3934.8000,3934.4000,3933.2000,3932.2000,3936.6000,3937.0000,3937.2000,3937.4000,3938.4000,6,1,1,2,1,1,1,1,1,1
SF,IF2006,2019-12-13 09:33:46.600,3936.2000,6803,0,219373800.000,0,-,-,-,-,3935.0000,3934.4000,3933.2000,3932.2000,3932.0000,3936.4000,3936.6000,3936.8000,3937.0000,3937.2000,6,1,2,1,2,1,1,1,1,1
SF,IF2006,2019-12-13 09:33:47.100,3936.2000,6803,0,219373800.000,0,-,-,-,-,3935.0000,3934.4000,3933.2000,3932.2000,3932.0000,3936.2000,3936.4000,3936.6000,3936.8000,3937.0000,6,1,2,1,2,1,1,1,1,1
SF,IF2006,2019-12-13 09:33:47.600,3936.2000,6803,0,219373800.000,0,-,-,-,-,3935.0000,3934.4000,3933.2000,3932.2000,3932.0000,3936.0000,3936.2000,3936.4000,3936.6000,3936.8000,6,1,2,1,2,1,1,1,1,1
SF,IF2006,2019-12-13 09:33:49.100,3936.2000,6803,0,219373800.000,0,-,-,-,-,3935.2000,3935.0000,3933.2000,3932.2000,3932.0000,3936.0000,3936.2000,3936.4000,3937.0000,3937.2000,2,6,2,1,2,1,1,1,1,1
SF,IF2006,2019-12-13 09:33:49.600,3936.2000,6803,0,219373800.000,0,-,-,-,-,3935.4000,3935.0000,3933.2000,3932.2000,3932.0000,3936.0000,3936.2000,3937.0000,3937.2000,3937.4000,2,6,2,1,2,1,1,1,1,1
SF,IF2006,2019-12-13 09:33:50.100,3935.4000,6801,-2,221735040.000,2,0,2,双平,S,3935.0000,3933.2000,3932.2000,3932.0000,3931.0000,3936.2000,3937.0000,3937.2000,3937.4000,3938.4000,5,2,1,2,1,1,1,1,1,1
SF,IF2006,2019-12-13 09:33:50.600,3935.4000,6801,0,221735040.000,0,-,-,-,-,3935.0000,3933.2000,3932.2000,3932.0000,3931.0000,3936.2000,3937.0000,3937.2000,3937.4000,3938.4000,5,2,1,2,1,1,1,1,1,1
SF,IF2006,2019-12-13 09:33:51.100,3935.4000,6801,0,221735040.000,0,-,-,-,-,3935.0000,3933.2000,3932.2000,3932.0000,3931.0000,3936.2000,3937.0000,3937.2000,3937.4000,3938.4000,5,2,1,2,1,1,2,1,1,1
SF,IF2006,2019-12-13 09:33:51.600,3935.4000,6801,0,221735040.000,0,-,-,-,-,3935.2000,3935.0000,3933.2000,3932.2000,3932.0000,3936.0000,3937.0000,3937.2000,3937.4000,3938.4000,1,5,2,1,2,1,2,1,1,1
SF,IF2006,2019-12-13 09:33:52.100,3935.4000,6801,0,221735040.000,0,-,-,-,-,3935.2000,3935.0000,3933.2000,3932.2000,3932.0000,3937.0000,3937.2000,3937.4000,3938.4000,3938.8000,1,5,2,1,2,2,1,1,1,1
SF,IF2006,2019-12-13 09:33:52.600,3935.2000,6800,-1,222915600.000,1,0,1,双平,S,3935.0000,3933.2000,3932.2000,3932.0000,3931.0000,3936.8000,3937.0000,3937.2000,3937.4000,3938.4000,5,2,1,2,1,4,2,1,1,1
SF,IF2006,2019-12-13 09:33:53.100,3935.2000,6800,0,222915600.000,0,-,-,-,-,3935.0000,3933.2000,3932.2000,3932.0000,3931.0000,3936.8000,3937.0000,3937.2000,3937.4000,3938.4000,5,2,1,2,1,1,2,1,1,1
SF,IF2006,2019-12-13 09:33:53.600,3935.2000,6800,0,222915600.000,0,-,-,-,-,3935.0000,3933.2000,3932.2000,3932.0000,3931.0000,3936.6000,3936.8000,3937.0000,3937.2000,3937.4000,5,2,1,2,1,1,2,2,1,1
SF,IF2006,2019-12-13 09:33:54.100,3935.2000,6800,0,222915600.000,0,-,-,-,-,3935.0000,3933.2000,3932.2000,3932.0000,3931.0000,3936.4000,3936.6000,3937.0000,3937.2000,3937.4000,5,2,1,2,1,1,1,2,1,1
SF,IF2006,2019-12-13 09:33:54.600,3935.2000,6800,0,222915600.000,0,-,-,-,-,3936.0000,3935.0000,3933.2000,3932.2000,3932.0000,3936.4000,3936.6000,3937.0000,3937.2000,3937.4000,1,5,2,1,2,1,1,2,1,1
SF,IF2006,2019-12-13 09:33:55.100,3936.0000,6799,-1,224096400.000,1,0,1,双平,S,3935.0000,3933.2000,3932.2000,3932.0000,3931.0000,3936.4000,3936.6000,3937.0000,3937.2000,3937.4000,5,2,1,2,1,1,1,2,1,1
SF,IF2006,2019-12-13 09:33:57.100,3936.0000,6799,0,224096400.000,0,-,-,-,-,3935.0000,3933.2000,3932.2000,3932.0000,3931.0000,3936.2000,3936.4000,3936.6000,3937.0000,3937.2000,5,2,1,2,1,2,1,1,2,1
SF,IF2006,2019-12-13 09:33:57.600,3935.0000,6799,0,227637900.000,3,1,2,多换,S,3935.0000,3933.2000,3932.2000,3932.0000,3931.0000,3936.0000,3936.2000,3936.6000,3937.0000,3937.2000,2,2,1,2,1,1,4,1,2,1
SF,IF2006,2019-12-13 09:33:58.100,3935.0000,6799,0,229998900.000,2,1,1,多换,S,3933.2000,3932.2000,3932.0000,3931.0000,3930.0000,3936.0000,3936.2000,3936.6000,3937.0000,3937.2000,1,1,2,1,3,1,2,1,2,1
SF,IF2006,2019-12-13 09:33:58.600,3935.0000,6799,0,229998900.000,0,-,-,-,-,3933.4000,3933.2000,3932.2000,3932.0000,3931.0000,3936.0000,3936.2000,3936.6000,3937.0000,3937.2000,2,1,1,2,1,1,2,1,2,1
SF,IF2006,2019-12-13 09:33:59.100,3935.0000,6799,0,229998900.000,0,-,-,-,-,3933.6000,3933.4000,3933.2000,3932.2000,3932.0000,3935.6000,3936.0000,3936.2000,3937.0000,3937.2000,1,1,1,1,2,1,2,1,2,1
SF,IF2006,2019-12-13 09:33:59.600,3935.0000,6799,0,229998900.000,0,-,-,-,-,3933.8000,3933.6000,3933.2000,3932.2000,3932.0000,3935.4000,3935.6000,3936.0000,3936.2000,3937.0000,1,1,1,1,2,1,1,1,1,2
SF,IF2006,2019-12-13 09:34:00.600,3935.0000,6799,0,229998900.000,0,-,-,-,-,3933.8000,3933.2000,3932.2000,3932.0000,3931.0000,3935.4000,3935.6000,3936.0000,3937.0000,3937.2000,1,1,1,2,1,1,1,1,2,1
SF,IF2006,2019-12-13 09:34:01.100,3935.0000,6799,0,229998900.000,0,-,-,-,-,3934.0000,3933.8000,3933.2000,3932.2000,3932.0000,3935.6000,3936.0000,3937.0000,3937.2000,3937.4000,2,1,1,1,2,1,1,2,1,1
SF,IF2006,2019-12-13 09:34:01.600,3935.0000,6799,0,229998900.000,0,-,-,-,-,3934.2000,3934.0000,3933.2000,3932.2000,3932.0000,3935.6000,3936.0000,3937.0000,3937.2000,3937.4000,1,2,1,1,2,1,1,2,1,1
SF,IF2006,2019-12-13 09:34:02.100,3935.0000,6799,0,229998900.000,0,-,-,-,-,3934.2000,3934.0000,3933.2000,3932.2000,3932.0000,3935.4000,3935.6000,3937.0000,3937.2000,3937.4000,1,2,1,1,2,1,1,2,1,1
SF,IF2006,2019-12-13 09:34:04.100,3935.0000,6799,0,229998900.000,0,-,-,-,-,3934.2000,3934.0000,3933.2000,3932.2000,3932.0000,3935.6000,3937.0000,3937.2000,3937.4000,3938.4000,1,2,1,1,2,1,2,1,1,1
SF,IF2006,2019-12-13 09:34:04.600,3935.0000,6799,0,229998900.000,0,-,-,-,-,3935.4000,3934.2000,3934.0000,3933.2000,3932.2000,3935.6000,3937.0000,3937.2000,3937.4000,3938.4000,1,1,2,1,1,1,2,1,1,1
SF,IF2006,2019-12-13 09:34:05.100,3935.4000,6799,0,231179520.000,1,0,1,多换,S,3934.2000,3934.0000,3933.2000,3932.2000,3932.0000,3935.6000,3937.0000,3937.2000,3937.4000,3938.4000,1,2,1,1,2,1,2,1,1,1
SF,IF2006,2019-12-13 09:34:05.600,3935.4000,6799,0,231179520.000,0,-,-,-,-,3934.2000,3934.0000,3933.2000,3932.2000,3932.0000,3935.4000,3935.6000,3937.0000,3937.2000,3937.4000,1,2,1,1,2,1,1,2,1,1
SF,IF2006,2019-12-13 09:34:08.100,3935.4000,6799,0,231179520.000,0,-,-,-,-,3934.2000,3934.0000,3933.2000,3932.2000,3932.0000,3935.0000,3935.2000,3935.4000,3935.6000,3937.0000,1,2,1,1,2,1,1,1,1,2
SF,IF2006,2019-12-13 09:34:08.600,3935.4000,6799,0,231179520.000,0,-,-,-,-,3934.4000,3934.2000,3934.0000,3933.2000,3932.2000,3935.0000,3935.2000,3935.4000,3935.6000,3937.0000,2,1,2,1,1,1,1,1,1,2
SF,IF2006,2019-12-13 09:34:09.100,3934.4000,6800,1,232359840.000,1,1,0,双开,S,3934.4000,3934.0000,3933.2000,3932.2000,3932.0000,3935.0000,3935.4000,3935.6000,3937.0000,3937.2000,1,2,1,1,2,1,1,1,2,1
SF,IF2006,2019-12-13 09:34:09.600,3934.4000,6800,0,233540160.000,1,0,1,多换,S,3934.0000,3933.2000,3932.2000,3932.0000,3931.0000,3935.0000,3935.6000,3937.0000,3937.2000,3937.4000,2,1,1,2,1,2,1,2,1,1
SF,IF2006,2019-12-13 09:34:10.100,3934.4000,6800,0,233540160.000,0,-,-,-,-,3934.0000,3933.2000,3932.2000,3932.0000,3931.0000,3935.0000,3935.6000,3937.0000,3937.2000,3937.4000,2,1,1,2,1,2,1,2,1,1
SF,IF2006,2019-12-13 09:34:10.600,3934.4000,6800,0,233540160.000,0,-,-,-,-,3934.0000,3933.2000,3932.2000,3932.0000,3931.0000,3935.0000,3935.6000,3937.0000,3937.2000,3937.4000,2,1,1,2,1,2,1,2,1,1
SF,IF2006,2019-12-13 09:34:11.100,3934.0000,6800,0,235900560.000,2,1,1,多换,S,3933.2000,3932.2000,3932.0000,3931.0000,3930.0000,3934.8000,3935.0000,3935.6000,3937.0000,3937.2000,1,1,2,1,3,2,2,1,2,1
SF,IF2006,2019-12-13 09:34:11.600,3934.0000,6800,0,235900560.000,0,-,-,-,-,3933.4000,3933.2000,3932.2000,3932.0000,3931.0000,3934.8000,3935.0000,3935.6000,3937.0000,3937.2000,1,1,1,2,1,1,2,1,2,1
SF,IF2006,2019-12-13 09:34:12.100,3934.0000,6800,0,235900560.000,0,-,-,-,-,3933.4000,3933.2000,3932.2000,3932.0000,3931.0000,3934.6000,3934.8000,3935.0000,3935.6000,3937.0000,1,1,1,2,1,3,1,2,1,2
SF,IF2006,2019-12-13 09:34:12.600,3934.0000,6800,0,235900560.000,0,-,-,-,-,3933.4000,3933.2000,3932.2000,3932.0000,3931.0000,3934.6000,3934.8000,3935.0000,3935.6000,3937.0000,1,1,1,2,1,2,1,2,1,2
SF,IF2006,2019-12-13 09:34:13.100,3934.0000,6800,0,235900560.000,0,-,-,-,-,3933.2000,3932.2000,3932.0000,3931.0000,3930.0000,3934.4000,3934.6000,3935.0000,3935.6000,3937.0000,1,1,2,1,3,1,2,2,1,2
SF,IF2006,2019-12-13 09:34:14.100,3934.0000,6800,0,235900560.000,0,-,-,-,-,3933.2000,3932.2000,3932.0000,3931.0000,3930.0000,3934.2000,3934.4000,3934.6000,3935.0000,3935.6000,1,1,2,1,3,1,1,1,2,1
SF,IF2006,2019-12-13 09:34:14.600,3934.2000,6801,1,237080820.000,1,1,0,双开,S,3933.2000,3932.2000,3932.0000,3931.0000,3930.0000,3934.4000,3934.6000,3935.0000,3935.6000,3937.0000,1,1,2,1,3,1,1,2,1,2
SF,IF2006,2019-12-13 09:34:15.100,3934.2000,6801,0,237080820.000,0,-,-,-,-,3933.2000,3932.2000,3932.0000,3931.0000,3930.0000,3934.4000,3935.0000,3935.6000,3937.0000,3937.2000,1,1,2,1,3,1,2,1,2,1
SF,IF2006,2019-12-13 09:34:15.600,3934.2000,6801,0,237080820.000,0,-,-,-,-,3933.2000,3932.2000,3932.0000,3931.0000,3930.0000,3934.4000,3935.0000,3935.6000,3937.0000,3937.2000,1,1,2,1,3,1,1,1,2,1
SF,IF2006,2019-12-13 09:34:17.100,3934.0000,6801,0,238261020.000,1,0,1,多换,S,3934.0000,3933.2000,3932.2000,3932.0000,3931.0000,3934.2000,3934.4000,3935.0000,3935.6000,3936.0000,1,1,1,2,1,2,1,1,1,1
SF,IF2006,2019-12-13 09:34:17.600,3934.0000,6801,0,240621420.000,2,1,1,多换,S,3933.2000,3932.2000,3932.0000,3931.0000,3930.0000,3934.2000,3934.4000,3935.0000,3935.6000,3936.0000,1,1,2,1,3,3,1,1,1,1
SF,IF2006,2019-12-13 09:34:18.100,3934.0000,6801,0,240621420.000,0,-,-,-,-,3933.4000,3933.2000,3932.2000,3932.0000,3931.0000,3934.0000,3934.2000,3934.4000,3935.0000,3935.6000,1,1,1,2,1,1,2,1,1,1
SF,IF2006,2019-12-13 09:34:18.600,3934.0000,6801,0,240621420.000,0,-,-,-,-,3933.4000,3933.2000,3932.2000,3932.0000,3931.0000,3934.0000,3934.2000,3934.4000,3935.0000,3935.6000,1,1,1,2,1,1,2,1,1,4
SF,IF2006,2019-12-13 09:34:19.100,3934.0000,6801,0,240621420.000,0,-,-,-,-,3933.4000,3933.2000,3932.2000,3932.0000,3931.0000,3934.0000,3934.2000,3934.4000,3935.0000,3935.6000,1,1,1,2,1,1,1,1,1,4
SF,IF2006,2019-12-13 09:34:20.600,3934.0000,6801,0,240621420.000,0,-,-,-,-,3933.4000,3933.2000,3932.2000,3932.0000,3931.0000,3933.8000,3934.0000,3934.4000,3935.0000,3935.6000,1,1,1,2,1,1,1,1,1,4
SF,IF2006,2019-12-13 09:34:21.600,3933.4000,6800,-1,241801440.000,1,0,1,双平,S,3933.2000,3932.2000,3932.0000,3931.0000,3930.0000,3933.8000,3934.0000,3934.4000,3935.0000,3935.6000,1,1,2,1,3,2,1,1,1,4
SF,IF2006,2019-12-13 09:34:22.600,3933.4000,6800,0,241801440.000,0,-,-,-,-,3933.2000,3932.2000,3932.0000,3931.0000,3930.0000,3933.8000,3934.0000,3934.4000,3935.0000,3935.6000,1,1,2,1,3,2,1,1,1,4
SF,IF2006,2019-12-13 09:34:23.100,3933.4000,6800,0,241801440.000,0,-,-,-,-,3933.2000,3932.2000,3932.0000,3931.0000,3930.0000,3933.8000,3934.4000,3935.0000,3935.6000,3936.0000,1,1,2,1,3,2,1,1,4,1
SF,IF2006,2019-12-13 09:34:23.600,3933.4000,6800,0,241801440.000,0,-,-,-,-,3933.2000,3932.2000,3932.0000,3931.0000,3930.0000,3933.6000,3933.8000,3934.4000,3935.0000,3935.6000,1,1,2,1,3,1,2,1,1,4
SF,IF2006,2019-12-13 09:34:24.100,3933.4000,6800,0,241801440.000,0,-,-,-,-,3933.2000,3932.2000,3932.0000,3931.0000,3930.0000,3933.4000,3933.8000,3934.4000,3934.8000,3935.0000,1,1,2,1,3,1,1,1,3,1
SF,IF2006,2019-12-13 09:34:24.600,3933.2000,6800,0,242981400.000,1,0,1,多换,S,3932.2000,3932.0000,3931.0000,3930.0000,3928.0000,3933.4000,3933.8000,3934.4000,3934.8000,3935.0000,1,2,1,3,1,3,1,1,3,1
SF,IF2006,2019-12-13 09:34:25.100,3933.2000,6800,0,242981400.000,0,-,-,-,-,3932.2000,3932.0000,3931.0000,3930.0000,3928.0000,3933.2000,3933.4000,3933.8000,3934.8000,3935.0000,1,2,1,3,1,3,4,1,3,1
SF,IF2006,2019-12-13 09:34:26.100,3933.2000,6800,0,242981400.000,0,-,-,-,-,3933.0000,3932.2000,3932.0000,3931.0000,3930.0000,3933.2000,3933.4000,3933.8000,3934.8000,3935.0000,2,1,2,1,3,3,4,1,3,1
SF,IF2006,2019-12-13 09:34:26.600,3933.0000,6800,0,244161300.000,1,0,1,多换,S,3933.0000,3932.2000,3932.0000,3931.0000,3930.0000,3933.2000,3933.4000,3933.8000,3934.8000,3935.0000,1,1,2,1,3,2,4,1,3,1
SF,IF2006,2019-12-13 09:34:27.100,3933.0000,6801,1,245341200.000,1,1,0,双开,S,3932.2000,3932.0000,3931.0000,3930.0000,3928.0000,3933.0000,3933.2000,3933.4000,3933.8000,3934.8000,1,2,1,3,1,1,1,2,1,3
SF,IF2006,2019-12-13 09:34:27.600,3932.2000,6801,0,246520860.000,1,0,1,多换,S,3932.0000,3931.0000,3930.0000,3928.0000,3927.4000,3933.0000,3933.2000,3933.4000,3933.8000,3934.8000,2,1,3,1,4,1,1,2,1,3
SF,IF2006,2019-12-13 09:34:28.100,3932.2000,6801,0,246520860.000,0,-,-,-,-,3932.2000,3932.0000,3931.0000,3930.0000,3928.0000,3933.0000,3933.8000,3934.8000,3935.0000,3935.6000,1,2,1,3,1,1,1,3,1,4
SF,IF2006,2019-12-13 09:34:28.600,3932.2000,6801,0,246520860.000,0,-,-,-,-,3932.2000,3932.0000,3931.0000,3930.0000,3928.0000,3933.0000,3933.8000,3934.8000,3935.0000,3935.6000,1,2,1,3,1,1,1,3,1,4
SF,IF2006,2019-12-13 09:34:29.600,3932.2000,6801,0,246520860.000,0,-,-,-,-,3932.2000,3932.0000,3931.0000,3930.0000,3928.0000,3933.0000,3933.8000,3934.2000,3934.8000,3935.0000,1,2,1,3,1,1,1,3,3,1
SF,IF2006,2019-12-13 09:34:30.600,3932.2000,6801,0,247700520.000,1,0,1,多换,S,3932.0000,3931.0000,3930.0000,3928.0000,3927.4000,3932.8000,3933.0000,3933.8000,3934.2000,3934.8000,2,1,3,1,4,1,2,1,3,3
SF,IF2006,2019-12-13 09:34:31.100,3932.2000,6801,0,247700520.000,0,-,-,-,-,3932.0000,3931.0000,3930.0000,3928.0000,3927.4000,3933.0000,3933.8000,3934.2000,3934.8000,3935.0000,2,1,3,1,4,1,1,3,3,1
SF,IF2006,2019-12-13 09:34:32.100,3932.2000,6801,0,247700520.000,0,-,-,-,-,3932.0000,3931.0000,3930.0000,3928.0000,3927.4000,3932.8000,3933.0000,3933.8000,3934.2000,3934.8000,2,1,3,1,4,3,2,1,3,3
SF,IF2006,2019-12-13 09:34:32.600,3932.2000,6801,0,247700520.000,0,-,-,-,-,3932.0000,3931.0000,3930.0000,3928.0000,3927.4000,3933.0000,3933.8000,3934.2000,3934.8000,3935.0000,2,1,3,1,4,1,1,3,3,1
SF,IF2006,2019-12-13 09:34:33.600,3932.2000,6801,0,247700520.000,0,-,-,-,-,3932.0000,3931.0000,3930.0000,3928.0000,3927.4000,3933.0000,3933.8000,3934.2000,3934.8000,3935.0000,4,1,3,1,4,1,1,3,3,1
SF,IF2006,2019-12-13 09:34:34.100,3933.0000,6800,-1,248880420.000,1,0,1,双平,S,3932.2000,3932.0000,3931.0000,3930.0000,3928.0000,3933.8000,3934.2000,3934.8000,3935.0000,3935.6000,1,4,1,3,1,4,3,3,1,4
SF,IF2006,2019-12-13 09:34:34.600,3933.0000,6800,0,248880420.000,0,-,-,-,-,3932.2000,3932.0000,3931.0000,3930.0000,3928.0000,3933.6000,3933.8000,3934.2000,3934.8000,3935.0000,1,4,1,3,1,4,4,3,3,1
SF,IF2006,2019-12-13 09:34:35.100,3933.0000,6800,0,248880420.000,0,-,-,-,-,3932.2000,3932.0000,3931.0000,3930.0000,3928.0000,3933.6000,3933.8000,3934.2000,3934.8000,3935.0000,1,4,1,3,1,1,4,3,3,1
SF,IF2006,2019-12-13 09:34:35.600,3933.0000,6800,0,248880420.000,0,-,-,-,-,3932.2000,3932.0000,3931.0000,3930.0000,3928.0000,3933.4000,3933.6000,3933.8000,3934.2000,3934.8000,1,4,1,3,1,3,1,4,3,3
SF,IF2006,2019-12-13 09:34:36.100,3933.0000,6800,0,248880420.000,0,-,-,-,-,3932.2000,3932.0000,3931.0000,3930.0000,3928.0000,3933.6000,3933.8000,3934.2000,3934.8000,3935.0000,1,4,1,3,1,1,3,3,3,1
SF,IF2006,2019-12-13 09:34:36.600,3933.0000,6800,0,248880420.000,0,-,-,-,-,3932.2000,3932.0000,3931.0000,3930.0000,3928.0000,3933.4000,3933.6000,3933.8000,3934.2000,3934.8000,1,4,1,3,1,1,1,3,3,3
SF,IF2006,2019-12-13 09:34:37.100,3933.0000,6800,0,248880420.000,0,-,-,-,-,3933.0000,3932.2000,3932.0000,3931.0000,3930.0000,3933.4000,3933.6000,3933.8000,3934.2000,3934.8000,2,1,4,1,3,1,1,3,3,3
SF,IF2006,2019-12-13 09:34:37.600,3933.0000,6800,0,250060320.000,1,0,1,多换,S,3933.0000,3932.0000,3931.0000,3930.0000,3928.0000,3933.4000,3933.6000,3933.8000,3934.2000,3934.8000,1,4,1,3,1,1,1,3,3,3
SF,IF2006,2019-12-13 09:34:39.600,3933.0000,6801,1,251240220.000,1,1,0,双开,S,3932.0000,3931.0000,3930.0000,3928.0000,3927.4000,3933.4000,3933.6000,3933.8000,3934.2000,3934.8000,4,1,3,1,4,1,1,3,3,3
SF,IF2006,2019-12-13 09:34:40.100,3933.0000,6801,0,251240220.000,0,-,-,-,-,3932.2000,3932.0000,3931.0000,3930.0000,3928.0000,3933.4000,3933.6000,3933.8000,3934.2000,3934.8000,1,4,1,3,1,1,1,3,3,3
SF,IF2006,2019-12-13 09:34:42.600,3933.0000,6801,0,251240220.000,0,-,-,-,-,3932.2000,3932.0000,3931.0000,3930.0000,3928.0000,3933.4000,3933.6000,3933.8000,3934.2000,3934.8000,1,4,1,3,1,1,1,3,3,3
SF,IF2006,2019-12-13 09:34:43.600,3933.0000,6801,0,251240220.000,0,-,-,-,-,3932.2000,3932.0000,3931.0000,3930.0000,3928.0000,3933.0000,3933.4000,3933.6000,3933.8000,3934.2000,1,4,1,3,1,1,1,1,3,4
SF,IF2006,2019-12-13 09:34:44.100,3933.0000,6801,0,251240220.000,0,-,-,-,-,3932.0000,3931.0000,3930.0000,3928.0000,3927.4000,3933.0000,3933.4000,3933.6000,3933.8000,3934.2000,4,1,3,1,4,1,1,1,3,4
SF,IF2006,2019-12-13 09:34:46.100,3933.0000,6801,0,251240220.000,0,-,-,-,-,3932.0000,3931.0000,3930.0000,3928.0000,3927.4000,3933.4000,3933.6000,3933.8000,3934.2000,3934.8000,4,1,3,1,4,1,1,3,4,3
SF,IF2006,2019-12-13 09:34:46.600,3933.0000,6801,0,251240220.000,0,-,-,-,-,3932.0000,3931.0000,3930.0000,3928.0000,3927.4000,3933.2000,3933.4000,3933.8000,3934.2000,3934.8000,4,1,3,1,4,3,2,3,4,3
SF,IF2006,2019-12-13 09:34:47.100,3933.0000,6801,0,251240220.000,0,-,-,-,-,3932.0000,3931.0000,3930.0000,3928.0000,3927.4000,3933.0000,3933.2000,3933.4000,3933.8000,3934.2000,4,1,3,1,4,1,3,2,3,4
SF,IF2006,2019-12-13 09:34:48.100,3933.0000,6801,0,251240220.000,0,-,-,-,-,3932.4000,3932.0000,3931.0000,3930.0000,3928.0000,3933.0000,3933.2000,3933.4000,3933.8000,3934.2000,2,4,1,3,1,1,3,2,3,3
SF,IF2006,2019-12-13 09:34:48.600,3933.0000,6801,0,251240220.000,0,-,-,-,-,3932.4000,3932.0000,3931.0000,3930.0000,3928.0000,3932.8000,3933.0000,3933.2000,3933.4000,3933.8000,2,4,1,3,1,3,2,2,2,3
SF,IF2006,2019-12-13 09:34:49.600,3932.4000,6802,1,252419940.000,1,1,0,双开,S,3932.4000,3932.0000,3931.0000,3930.0000,3928.0000,3932.8000,3933.0000,3933.2000,3933.4000,3933.8000,1,4,1,3,1,3,2,2,2,3
SF,IF2006,2019-12-13 09:34:50.100,3932.4000,6802,0,253599660.000,1,0,1,多换,S,3932.0000,3931.0000,3930.0000,3928.0000,3927.4000,3933.0000,3933.2000,3933.4000,3933.8000,3934.2000,4,1,3,1,4,2,2,2,3,3
SF,IF2006,2019-12-13 09:34:50.600,3932.4000,6802,0,253599660.000,0,-,-,-,-,3932.0000,3931.0000,3930.0000,3928.0000,3927.4000,3932.2000,3932.8000,3933.0000,3933.2000,3933.4000,4,1,3,1,4,1,2,2,2,2
SF,IF2006,2019-12-13 09:34:51.600,3932.4000,6802,0,253599660.000,0,-,-,-,-,3932.0000,3931.0000,3930.0000,3928.0000,3927.4000,3932.8000,3933.0000,3933.2000,3933.4000,3933.8000,4,1,3,1,4,2,2,2,2,3
SF,IF2006,2019-12-13 09:34:53.100,3932.0000,6802,0,255958860.000,2,1,1,多换,S,3932.0000,3931.0000,3930.0000,3928.0000,3927.4000,3932.8000,3933.0000,3933.2000,3933.4000,3933.8000,2,1,3,1,4,1,2,2,1,3
SF,IF2006,2019-12-13 09:34:53.600,3932.0000,6802,0,255958860.000,0,-,-,-,-,3932.0000,3931.0000,3930.0000,3928.0000,3927.4000,3932.6000,3932.8000,3933.0000,3933.2000,3933.4000,2,1,3,1,4,4,1,2,2,1
SF,IF2006,2019-12-13 09:34:54.100,3932.0000,6802,0,255958860.000,0,-,-,-,-,3932.0000,3931.0000,3930.0000,3928.0000,3927.4000,3932.4000,3932.6000,3933.0000,3933.2000,3933.4000,2,1,3,1,4,1,4,2,2,1
SF,IF2006,2019-12-13 09:34:54.600,3932.0000,6803,1,257138460.000,1,1,0,双开,S,3932.0000,3931.0000,3930.0000,3928.0000,3927.4000,3932.2000,3932.4000,3932.6000,3933.0000,3933.2000,1,1,3,1,4,1,2,4,2,2
SF,IF2006,2019-12-13 09:34:55.100,3932.0000,6803,0,258318060.000,1,0,1,多换,S,3931.0000,3930.0000,3928.0000,3927.4000,3926.6000,3932.4000,3932.6000,3933.0000,3933.2000,3933.4000,1,3,1,4,1,1,4,2,2,1
SF,IF2006,2019-12-13 09:34:56.100,3932.0000,6803,0,258318060.000,0,-,-,-,-,3931.0000,3930.0000,3928.0000,3927.4000,3926.6000,3932.2000,3932.4000,3932.6000,3933.0000,3933.2000,1,3,1,4,1,1,1,4,2,2
SF,IF2006,2019-12-13 09:34:57.600,3931.8000,6803,0,259497600.000,1,0,1,多换,S,3931.8000,3931.0000,3930.0000,3928.0000,3927.4000,3932.4000,3932.6000,3933.0000,3933.2000,3933.4000,1,1,3,1,4,1,4,2,2,1
SF,IF2006,2019-12-13 09:34:59.600,3931.8000,6803,0,260677140.000,1,0,1,多换,S,3931.0000,3930.0000,3928.0000,3927.4000,3926.6000,3932.4000,3932.6000,3933.0000,3933.2000,3933.4000,1,3,1,4,1,1,4,2,2,1
SF,IF2006,2019-12-13 09:35:00.100,3931.8000,6803,0,260677140.000,0,-,-,-,-,3931.0000,3930.0000,3928.0000,3927.4000,3926.6000,3932.4000,3932.6000,3933.0000,3933.2000,3933.4000,1,3,1,4,1,1,1,2,2,1
SF,IF2006,2019-12-13 09:35:01.100,3932.4000,6803,0,261856860.000,1,0,1,多换,S,3932.4000,3931.0000,3930.0000,3928.0000,3927.4000,3932.6000,3933.0000,3933.2000,3933.4000,3933.8000,1,1,3,1,4,1,2,2,1,3
SF,IF2006,2019-12-13 09:35:01.600,3932.4000,6803,0,261856860.000,0,-,-,-,-,3932.4000,3931.0000,3930.0000,3928.0000,3927.4000,3932.6000,3933.0000,3933.2000,3933.4000,3933.8000,1,1,3,1,4,1,1,2,1,3
SF,IF2006,2019-12-13 09:35:02.100,3932.4000,6802,-1,264216360.000,2,0,2,多平,S,3931.0000,3930.0000,3928.0000,3927.4000,3926.6000,3933.0000,3933.2000,3933.4000,3933.8000,3934.2000,1,3,1,4,1,1,2,1,3,3
SF,IF2006,2019-12-13 09:35:02.600,3931.6000,6801,-1,265395840.000,1,0,1,双平,S,3931.2000,3931.0000,3930.0000,3928.0000,3927.4000,3933.0000,3933.4000,3933.8000,3934.2000,3934.8000,1,1,3,1,4,1,1,3,3,3
SF,IF2006,2019-12-13 09:35:03.100,3931.6000,6801,0,265395840.000,0,-,-,-,-,3931.4000,3931.2000,3931.0000,3930.0000,3928.0000,3933.0000,3933.8000,3934.2000,3934.8000,3935.0000,1,1,1,3,1,1,3,3,3,1
SF,IF2006,2019-12-13 09:35:03.600,3933.0000,6801,0,266575740.000,1,0,1,多换,S,3931.6000,3931.4000,3931.0000,3930.0000,3928.0000,3933.8000,3934.2000,3934.8000,3935.0000,3935.6000,1,1,1,3,1,3,3,3,1,4
SF,IF2006,2019-12-13 09:35:04.100,3933.8000,6798,-3,270116160.000,3,0,3,双平,S,3931.6000,3931.4000,3931.0000,3930.0000,3928.0000,3934.2000,3934.8000,3935.0000,3935.6000,3937.0000,4,1,1,3,1,3,3,1,4,2
SF,IF2006,2019-12-13 09:35:04.600,3933.8000,6798,0,270116160.000,0,-,-,-,-,3931.6000,3931.0000,3930.0000,3928.0000,3927.4000,3934.0000,3934.2000,3934.8000,3935.0000,3935.6000,1,1,3,1,4,1,3,3,1,4
SF,IF2006,2019-12-13 09:35:05.100,3933.8000,6798,0,270116160.000,0,-,-,-,-,3931.8000,3931.6000,3931.0000,3930.0000,3928.0000,3934.0000,3934.2000,3934.8000,3935.0000,3935.6000,1,1,1,3,1,1,5,3,1,4
SF,IF2006,2019-12-13 09:35:05.600,3933.8000,6798,0,270116160.000,0,-,-,-,-,3932.0000,3931.0000,3930.0000,3928.0000,3927.4000,3933.4000,3933.8000,3934.0000,3934.2000,3934.8000,1,1,3,1,4,2,2,1,5,3
SF,IF2006,2019-12-13 09:35:06.100,3933.8000,6798,0,270116160.000,0,-,-,-,-,3932.0000,3931.0000,3930.0000,3928.0000,3927.4000,3933.4000,3933.6000,3933.8000,3934.0000,3934.2000,1,1,3,1,4,2,1,2,1,5
SF,IF2006,2019-12-13 09:35:06.600,3933.8000,6798,0,270116160.000,0,-,-,-,-,3932.0000,3931.0000,3930.0000,3928.0000,3927.4000,3933.2000,3933.4000,3933.6000,3933.8000,3934.0000,1,1,3,1,4,1,2,1,2,1
SF,IF2006,2019-12-13 09:35:07.100,3932.0000,6797,-1,271295760.000,1,0,1,双平,S,3931.0000,3930.0000,3928.0000,3927.4000,3926.6000,3933.2000,3933.4000,3933.6000,3933.8000,3934.0000,1,3,1,4,1,1,2,1,2,1
SF,IF2006,2019-12-13 09:35:07.600,3932.0000,6797,0,271295760.000,0,-,-,-,-,3932.0000,3931.2000,3931.0000,3930.0000,3928.0000,3933.0000,3933.4000,3933.8000,3934.2000,3934.8000,2,1,1,3,1,2,2,2,5,3
SF,IF2006,2019-12-13 09:35:08.100,3933.0000,6796,-1,272475660.000,1,0,1,双平,S,3933.4000,3932.0000,3931.2000,3931.0000,3930.0000,3933.8000,3934.2000,3934.8000,3935.0000,3935.6000,1,2,1,1,3,1,5,3,1,4
SF,IF2006,2019-12-13 09:35:08.600,3933.4000,6796,0,273655680.000,1,0,1,多换,S,3932.0000,3931.2000,3931.0000,3930.0000,3928.0000,3933.8000,3934.2000,3934.8000,3935.0000,3935.6000,2,1,1,3,1,1,5,3,1,4
SF,IF2006,2019-12-13 09:35:09.100,3933.4000,6796,0,273655680.000,0,-,-,-,-,3932.0000,3931.2000,3931.0000,3930.0000,3928.0000,3933.4000,3933.6000,3933.8000,3934.2000,3934.8000,2,1,1,3,1,3,1,1,5,3
SF,IF2006,2019-12-13 09:35:09.600,3933.4000,6796,0,274835700.000,1,0,1,多换,S,3932.0000,3931.2000,3931.0000,3930.0000,3928.0000,3933.4000,3933.8000,3934.2000,3934.8000,3935.0000,2,1,1,3,1,3,1,5,3,1
SF,IF2006,2019-12-13 09:35:10.100,3933.4000,6796,0,274835700.000,0,-,-,-,-,3932.0000,3931.2000,3931.0000,3930.0000,3928.0000,3933.4000,3933.8000,3934.2000,3934.8000,3935.0000,2,1,1,3,1,1,1,3,3,1
SF,IF2006,2019-12-13 09:35:10.600,3933.4000,6796,0,274835700.000,0,-,-,-,-,3932.0000,3931.2000,3931.0000,3930.0000,3928.0000,3933.2000,3933.4000,3933.6000,3933.8000,3934.2000,2,1,1,3,1,2,2,2,1,3
SF,IF2006,2019-12-13 09:35:11.100,3933.4000,6796,0,274835700.000,0,-,-,-,-,3932.0000,3931.2000,3931.0000,3930.0000,3928.0000,3933.2000,3933.4000,3933.6000,3933.8000,3934.2000,2,1,1,3,1,1,2,2,1,3
SF,IF2006,2019-12-13 09:35:11.600,3932.0000,6796,0,277194900.000,2,1,1,多换,S,3931.2000,3931.0000,3930.0000,3928.0000,3927.4000,3933.2000,3933.4000,3933.6000,3933.8000,3934.2000,1,1,3,1,4,1,2,2,1,3
SF,IF2006,2019-12-13 09:35:12.600,3932.0000,6796,0,277194900.000,0,-,-,-,-,3931.2000,3931.0000,3930.0000,3928.0000,3927.4000,3933.0000,3933.2000,3933.4000,3933.6000,3933.8000,1,1,3,1,4,2,1,2,2,1
SF,IF2006,2019-12-13 09:35:13.100,3932.0000,6796,0,277194900.000,0,-,-,-,-,3931.2000,3931.0000,3930.0000,3928.0000,3927.4000,3932.8000,3933.0000,3933.4000,3933.6000,3933.8000,1,1,3,1,4,1,2,1,2,1
SF,IF2006,2019-12-13 09:35:13.600,3932.0000,6796,0,277194900.000,0,-,-,-,-,3931.2000,3931.0000,3930.0000,3928.0000,3927.4000,3932.6000,3932.8000,3933.0000,3933.4000,3933.6000,1,1,3,1,4,1,1,2,1,2
SF,IF2006,2019-12-13 09:35:14.100,3932.0000,6796,0,277194900.000,0,-,-,-,-,3931.2000,3931.0000,3930.0000,3928.0000,3927.4000,3932.6000,3932.8000,3933.0000,3933.4000,3933.6000,1,1,3,1,4,2,1,2,1,2
SF,IF2006,2019-12-13 09:35:14.600,3932.0000,6796,0,277194900.000,0,-,-,-,-,3931.0000,3930.0000,3928.0000,3927.4000,3926.6000,3931.2000,3932.4000,3932.6000,3933.0000,3933.4000,1,3,1,4,1,1,1,2,2,1
SF,IF2006,2019-12-13 09:35:15.100,3931.2000,6795,-1,278374260.000,1,0,1,双平,S,3931.0000,3930.0000,3928.0000,3927.4000,3926.6000,3932.4000,3932.6000,3933.0000,3933.4000,3933.6000,1,3,1,4,1,1,2,2,1,2
SF,IF2006,2019-12-13 09:35:15.600,3932.4000,6795,0,279553980.000,1,0,1,多换,S,3932.4000,3931.0000,3930.0000,3928.0000,3927.4000,3932.6000,3933.0000,3933.4000,3933.6000,3933.8000,1,1,3,1,4,2,2,1,2,1
SF,IF2006,2019-12-13 09:35:16.100,3932.4000,6795,0,280733700.000,1,0,1,多换,S,3931.0000,3930.0000,3928.0000,3927.4000,3926.6000,3932.2000,3932.4000,3932.6000,3933.0000,3933.4000,1,3,1,4,1,1,1,2,2,1
SF,IF2006,2019-12-13 09:35:16.600,3932.4000,6795,0,280733700.000,0,-,-,-,-,3931.2000,3931.0000,3930.0000,3928.0000,3927.4000,3932.4000,3932.6000,3933.0000,3933.4000,3933.8000,1,1,3,1,4,1,1,2,1,1
SF,IF2006,2019-12-13 09:35:17.100,3932.4000,6795,0,280733700.000,0,-,-,-,-,3931.2000,3931.0000,3930.0000,3928.0000,3927.4000,3932.2000,3932.4000,3932.6000,3933.0000,3933.4000,1,1,3,1,4,1,1,1,2,1
SF,IF2006,2019-12-13 09:35:18.100,3931.2000,6794,-1,281913060.000,1,0,1,双平,S,3931.0000,3930.0000,3928.0000,3927.4000,3926.6000,3932.0000,3932.2000,3932.4000,3932.6000,3933.0000,1,3,1,4,1,1,1,1,1,2
SF,IF2006,2019-12-13 09:35:18.600,3931.2000,6794,0,281913060.000,0,-,-,-,-,3931.0000,3930.0000,3928.0000,3927.4000,3926.6000,3932.2000,3932.4000,3932.6000,3933.0000,3933.4000,1,3,1,4,1,1,1,1,2,1
SF,IF2006,2019-12-13 09:35:19.100,3931.2000,6794,0,281913060.000,0,-,-,-,-,3931.0000,3930.0000,3928.0000,3927.4000,3926.6000,3932.2000,3932.4000,3932.6000,3933.0000,3933.4000,1,3,1,4,1,1,1,1,2,1
SF,IF2006,2019-12-13 09:35:19.600,3932.0000,6794,0,283092660.000,1,0,1,多换,S,3932.0000,3931.0000,3930.0000,3928.0000,3927.4000,3932.2000,3932.4000,3932.6000,3933.0000,3933.4000,1,1,3,1,4,1,1,1,2,1
SF,IF2006,2019-12-13 09:35:20.100,3932.0000,6794,0,284272260.000,1,0,1,多换,S,3931.0000,3930.0000,3928.0000,3927.4000,3926.6000,3932.2000,3932.4000,3932.6000,3933.0000,3933.4000,1,3,1,4,1,1,1,1,2,1
SF,IF2006,2019-12-13 09:35:20.600,3932.0000,6794,0,284272260.000,0,-,-,-,-,3931.0000,3930.0000,3928.0000,3927.4000,3926.6000,3932.0000,3932.2000,3932.4000,3932.6000,3933.0000,1,3,1,4,1,1,1,1,1,2
SF,IF2006,2019-12-13 09:35:21.100,3932.0000,6794,0,284272260.000,0,-,-,-,-,3931.0000,3930.0000,3928.0000,3927.4000,3926.6000,3932.2000,3932.4000,3932.6000,3933.0000,3933.4000,1,3,1,4,1,1,1,1,2,1
SF,IF2006,2019-12-13 09:35:23.100,3932.0000,6794,0,284272260.000,0,-,-,-,-,3931.0000,3930.0000,3928.0000,3927.4000,3926.6000,3932.2000,3932.6000,3933.0000,3933.4000,3933.8000,1,3,1,4,1,1,1,2,1,1
SF,IF2006,2019-12-13 09:35:23.600,3932.0000,6794,0,284272260.000,0,-,-,-,-,3931.2000,3931.0000,3930.0000,3928.0000,3927.4000,3932.2000,3932.6000,3933.0000,3933.4000,3933.8000,1,1,3,1,4,1,1,2,1,1
SF,IF2006,2019-12-13 09:35:24.100,3932.2000,6793,-1,285451920.000,1,0,1,双平,S,3931.2000,3931.0000,3930.0000,3928.0000,3927.4000,3933.0000,3933.4000,3933.8000,3934.2000,3934.8000,1,1,3,1,4,2,1,1,3,3
