市场代码,合约代码,时间,最新,持仓,增仓,成交额,成交量,开仓,平仓,成交类型,方向,买一价,买二价,买三价,买四价,买五价,卖一价,卖二价,卖三价,卖四价,卖五价,买一量,买二量,买三量,买四量,买五量,卖一量,卖二量,卖三量,卖四量,卖五量
SF,IF2008,2020-07-06 09:29:00.100,4418.0000,7326,0,29158800.000,22.000,-,-,-,-,4416.6000,4415.2000,4413.0000,4411.0000,4410.0000,4418.0000,4418.6000,4418.8000,4419.0000,4419.6000,1,1,1,1,4,31,50,1,50,50
SF,IF2008,2020-07-06 09:30:00.100,4419.0000,7316,-10,229327200.000,151,70,81,多平,S,4418.8000,4418.6000,4418.2000,4418.0000,4416.8000,4419.6000,4420.0000,4420.2000,4437.6000,4437.8000,10,3,5,4,1,33,50,50,1,1
SF,IF2008,2020-07-06 09:30:00.600,4420.0000,7289,-27,334076640.000,79,26,53,多平,S,4419.8000,4419.0000,4418.4000,4418.2000,4418.0000,4420.0000,4420.2000,4434.6000,4437.6000,4437.8000,1,4,1,5,4,6,50,1,1,4
SF,IF2008,2020-07-06 09:30:01.100,4419.8000,7284,-5,371204820.000,28,11,17,多平,S,4419.6000,4419.0000,4418.4000,4418.2000,4418.0000,4419.8000,4420.2000,4434.6000,4437.6000,4437.8000,3,4,1,5,5,32,41,1,1,4
SF,IF2008,2020-07-06 09:30:01.600,4420.2000,7273,-11,420264780.000,37,13,24,多平,S,4419.6000,4419.0000,4418.4000,4418.2000,4418.0000,4420.2000,4423.2000,4434.6000,4437.6000,4437.8000,2,5,1,5,5,39,1,1,1,1
SF,IF2008,2020-07-06 09:30:02.100,4419.6000,7247,-26,474632160.000,41,7,34,多平,S,4419.0000,4418.4000,4418.2000,4418.0000,4416.6000,4419.6000,4419.8000,4420.0000,4420.2000,4423.2000,4,1,5,5,1,3,1,43,13,1
SF,IF2008,2020-07-06 09:30:02.600,4419.4000,7253,6,523691280.000,37,21,16,空开,S,4419.0000,4418.2000,4418.0000,4416.6000,4413.0000,4419.4000,4420.2000,4423.2000,4437.6000,4437.8000,1,5,5,1,1,27,13,1,1,1
SF,IF2008,2020-07-06 09:30:03.100,4419.4000,7249,-4,559488300.000,27,11,16,多平,S,4418.2000,4418.0000,4416.6000,4413.0000,4410.0000,4419.4000,4420.2000,4423.2000,4437.6000,4437.8000,5,4,1,1,4,4,13,1,1,1
SF,IF2008,2020-07-06 09:30:03.600,4419.4000,7256,7,584678880.000,19,13,6,空开,S,4418.2000,4418.0000,4416.6000,4413.0000,4411.0000,4420.2000,4423.2000,4437.6000,4437.8000,4439.0000,5,4,1,1,1,13,1,1,1,10
SF,IF2008,2020-07-06 09:30:04.100,4420.2000,7248,-8,600591060.000,12,2,10,多平,S,4419.4000,4418.4000,4418.2000,4418.0000,4416.6000,4420.2000,4423.2000,4437.6000,4437.8000,4439.0000,2,2,5,4,1,4,1,1,1,10
SF,IF2008,2020-07-06 09:30:04.600,4419.6000,7245,-3,608547240.000,6,1,5,多平,S,4419.4000,4418.4000,4418.2000,4418.0000,4416.6000,4419.8000,4437.6000,4437.8000,4439.0000,4449.4000,2,2,5,4,1,1,1,1,10,1
SF,IF2008,2020-07-06 09:30:05.100,4420.0000,7247,2,616503000.000,6,4,2,空开,S,4420.2000,4420.0000,4419.4000,4418.4000,4418.2000,4437.6000,4437.8000,4439.0000,4449.4000,4449.8000,1,10,1,1,5,1,1,10,1,2
SF,IF2008,2020-07-06 09:30:05.600,4420.0000,7247,0,616503000.000,0,-,-,-,-,4420.8000,4420.4000,4420.2000,4420.0000,4419.4000,4437.4000,4437.6000,4437.8000,4439.0000,4449.4000,1,1,4,11,1,1,1,1,10,1
SF,IF2008,2020-07-06 09:30:06.100,4420.0000,7247,0,616503000.000,0,-,-,-,-,4433.0000,4423.4000,4421.6000,4421.0000,4420.8000,4437.4000,4437.6000,4437.8000,4439.0000,4449.4000,1,1,1,1,1,2,1,1,10,1
SF,IF2008,2020-07-06 09:30:06.600,4433.0000,7245,-2,621822600.000,4,1,3,多平,S,4423.4000,4421.6000,4420.8000,4420.2000,4420.0000,4437.2000,4437.4000,4437.6000,4437.8000,4439.0000,1,1,1,4,11,2,2,1,1,10
SF,IF2008,2020-07-06 09:30:07.100,4437.0000,7244,-1,629809200.000,6,2,4,多平,S,4423.4000,4420.8000,4420.2000,4420.0000,4419.8000,4437.2000,4437.4000,4437.6000,4437.8000,4439.0000,2,1,3,11,3,3,1,1,1,10
SF,IF2008,2020-07-06 09:30:07.600,4437.2000,7245,1,636464880.000,5,3,2,空开,S,4423.6000,4423.4000,4420.8000,4420.2000,4420.0000,4437.4000,4437.6000,4437.8000,4439.0000,4449.4000,1,3,1,3,11,1,1,1,10,1
SF,IF2008,2020-07-06 09:30:08.100,4437.2000,7245,0,636464880.000,0,-,-,-,-,4423.6000,4420.8000,4420.2000,4420.0000,4419.8000,4437.4000,4437.6000,4437.8000,4439.0000,4449.4000,3,1,3,11,3,1,1,1,10,1
SF,IF2008,2020-07-06 09:30:08.600,4437.2000,7245,0,636464880.000,0,-,-,-,-,4427.2000,4423.8000,4423.6000,4420.2000,4420.0000,4435.0000,4437.4000,4437.6000,4437.8000,4439.0000,1,1,1,3,11,2,1,1,1,10
SF,IF2008,2020-07-06 09:30:09.100,4437.2000,7245,0,636464880.000,0,-,-,-,-,4427.4000,4427.2000,4423.8000,4420.2000,4420.0000,4434.8000,4435.0000,4437.6000,4437.8000,4439.0000,1,2,1,3,14,1,2,1,1,10
SF,IF2008,2020-07-06 09:30:09.600,4434.8000,7244,-1,637795320.000,1,0,1,双平,S,4427.4000,4427.2000,4420.2000,4420.0000,4419.8000,4435.0000,4437.6000,4437.8000,4439.0000,4449.4000,1,1,3,14,3,2,1,1,10,1
SF,IF2008,2020-07-06 09:30:10.100,4435.0000,7242,-2,640456320.000,2,0,2,双平,S,4427.6000,4427.4000,4427.2000,4420.2000,4420.0000,4437.4000,4437.6000,4437.8000,4439.0000,4449.4000,1,2,1,2,14,1,1,1,10,1
SF,IF2008,2020-07-06 09:30:10.600,4435.0000,7240,-2,643117980.000,2,0,2,双平,S,4435.0000,4427.8000,4427.6000,4427.4000,4427.2000,4437.4000,4437.6000,4437.8000,4439.0000,4449.4000,4,1,1,1,1,1,1,1,10,1
SF,IF2008,2020-07-06 09:30:11.100,4437.2000,7238,-2,651102360.000,6,2,4,多平,S,4435.0000,4427.2000,4420.2000,4420.0000,4419.8000,4437.2000,4437.6000,4437.8000,4439.0000,4449.4000,3,1,2,14,3,3,1,1,10,1
SF,IF2008,2020-07-06 09:30:11.600,4437.0000,7230,-8,668402220.000,13,2,11,多平,S,4435.2000,4427.4000,4427.2000,4420.2000,4420.0000,4437.2000,4437.6000,4437.8000,4439.0000,4449.4000,1,1,1,2,14,3,1,1,10,1
SF,IF2008,2020-07-06 09:30:12.100,4437.0000,7228,-2,672395520.000,3,0,3,多平,S,4435.2000,4427.4000,4427.2000,4420.2000,4420.0000,4437.0000,4437.2000,4437.6000,4437.8000,4439.0000,1,1,1,2,14,1,3,1,1,10
SF,IF2008,2020-07-06 09:30:12.600,4437.2000,7228,0,684375600.000,9,4,5,多换,S,4437.2000,4427.4000,4427.2000,4420.2000,4420.0000,4437.6000,4437.8000,4439.0000,4449.4000,4449.8000,4,1,1,2,14,1,1,10,1,2
SF,IF2008,2020-07-06 09:30:13.100,4437.2000,7228,0,695025300.000,8,4,4,多换,S,4427.4000,4427.2000,4420.2000,4420.0000,4419.8000,4439.0000,4449.4000,4449.8000,4459.8000,4475.0000,1,1,2,14,3,10,1,2,8,2
SF,IF2008,2020-07-06 09:30:13.600,4439.0000,7228,0,696357000.000,1,0,1,多换,S,4437.6000,4427.6000,4427.4000,4427.2000,4420.2000,4439.0000,4449.4000,4449.8000,4459.8000,4475.0000,1,4,1,1,2,9,1,2,8,2
SF,IF2008,2020-07-06 09:30:14.100,4439.0000,7229,1,712336980.000,12,6,6,空开,S,4427.6000,4427.4000,4427.2000,4420.2000,4420.0000,4439.0000,4449.4000,4449.8000,4459.8000,4475.0000,4,1,1,2,14,1,1,2,8,2
SF,IF2008,2020-07-06 09:30:14.600,4439.0000,7229,0,712336980.000,0,-,-,-,-,4435.0000,4427.6000,4427.4000,4420.2000,4420.0000,4438.6000,4439.0000,4449.4000,4449.8000,4459.8000,1,1,1,2,14,1,1,1,2,8
SF,IF2008,2020-07-06 09:30:15.100,4439.0000,7229,0,712336980.000,0,-,-,-,-,4435.2000,4435.0000,4431.6000,4427.4000,4420.2000,4438.6000,4439.0000,4449.4000,4449.8000,4459.8000,1,1,1,1,1,1,1,1,2,8
SF,IF2008,2020-07-06 09:30:15.600,4439.0000,7230,1,713668680.000,1,1,0,双开,S,4435.2000,4435.0000,4427.4000,4420.2000,4420.0000,4439.0000,4449.4000,4449.8000,4459.8000,4475.0000,1,1,1,1,14,1,1,2,8,2
SF,IF2008,2020-07-06 09:30:16.100,4439.0000,7231,1,716332080.000,2,1,1,空开,S,4438.8000,4435.8000,4435.4000,4435.2000,4435.0000,4449.4000,4449.8000,4459.8000,4475.0000,4499.8000,1,1,1,2,1,1,2,8,2,1
SF,IF2008,2020-07-06 09:30:16.600,4438.8000,7225,-6,726988380.000,8,1,7,多平,S,4439.0000,4438.8000,4435.8000,4435.0000,4427.4000,4449.2000,4449.4000,4449.8000,4459.8000,4475.0000,1,1,1,1,1,2,1,2,8,2
SF,IF2008,2020-07-06 09:30:17.100,4439.0000,7225,0,728320080.000,1,0,1,多换,S,4446.8000,4444.8000,4440.0000,4439.0000,4438.8000,4449.2000,4449.4000,4449.8000,4459.8000,4475.0000,2,1,1,1,1,2,1,2,8,2
SF,IF2008,2020-07-06 09:30:17.600,4446.6000,7222,-3,733655460.000,4,0,4,多平,S,4440.2000,4440.0000,4438.6000,4435.8000,4435.0000,4446.8000,4449.0000,4449.2000,4449.4000,4449.8000,1,1,2,1,1,1,1,2,1,2
SF,IF2008,2020-07-06 09:30:18.100,4440.4000,7221,-1,738987300.000,4,1,3,多平,S,4441.4000,4440.2000,4438.6000,4435.0000,4427.4000,4446.6000,4449.2000,4449.4000,4449.8000,4459.8000,1,3,2,1,1,1,1,1,2,8
SF,IF2008,2020-07-06 09:30:18.600,4446.6000,7217,-4,748317360.000,7,1,6,多平,S,4440.2000,4438.6000,4435.0000,4427.4000,4420.2000,4449.2000,4449.4000,4449.8000,4459.8000,4475.0000,1,2,1,1,1,1,1,2,8,2
SF,IF2008,2020-07-06 09:30:19.100,4449.0000,7215,-2,750986760.000,2,0,2,双平,S,4442.0000,4438.6000,4435.2000,4435.0000,4420.2000,4445.0000,4448.2000,4449.0000,4449.2000,4449.4000,1,2,1,1,1,1,1,2,1,1
SF,IF2008,2020-07-06 09:30:19.600,4442.0000,7211,-4,757653420.000,5,0,5,多平,S,4439.0000,4438.6000,4435.2000,4435.0000,4420.2000,4444.8000,4449.0000,4449.2000,4449.4000,4449.8000,1,2,1,1,1,1,1,1,1,2
SF,IF2008,2020-07-06 09:30:20.100,4444.8000,7211,0,758986860.000,1,0,1,多换,S,4446.0000,4445.0000,4439.2000,4439.0000,4438.6000,4449.2000,4449.4000,4449.8000,4459.8000,4475.0000,1,5,2,2,2,1,1,2,8,2
SF,IF2008,2020-07-06 09:30:20.600,4445.0000,7209,-2,764322540.000,4,1,3,多平,S,4445.0000,4441.0000,4439.2000,4439.0000,4438.6000,4449.0000,4449.2000,4449.4000,4449.8000,4452.6000,1,1,1,2,2,2,1,1,2,1
SF,IF2008,2020-07-06 09:30:21.100,4445.0000,7207,-2,766990680.000,2,0,2,双平,S,4439.2000,4439.0000,4438.6000,4435.2000,4435.0000,4448.2000,4449.0000,4449.2000,4449.4000,4449.8000,1,2,2,1,1,1,2,1,1,2
SF,IF2008,2020-07-06 09:30:21.600,4445.2000,7209,2,772327140.000,4,3,1,空开,S,4439.0000,4438.6000,4435.2000,4435.0000,4420.2000,4448.0000,4449.0000,4449.2000,4449.4000,4449.8000,1,2,1,1,1,2,1,1,1,2
SF,IF2008,2020-07-06 09:30:22.100,4448.0000,7207,-2,776330340.000,3,0,3,多平,S,4440.0000,4439.2000,4439.0000,4438.6000,4435.0000,4440.2000,4449.2000,4449.4000,4449.8000,4459.8000,1,1,1,2,1,2,1,1,2,8
SF,IF2008,2020-07-06 09:30:22.600,4448.0000,7203,-4,781667940.000,4,0,4,双平,S,4448.0000,4441.0000,4440.2000,4440.0000,4439.0000,4449.2000,4449.4000,4449.8000,4459.8000,4473.2000,12,1,9,1,1,1,1,2,8,2
SF,IF2008,2020-07-06 09:30:23.100,4448.0000,7200,-3,796346640.000,11,4,7,多平,S,4448.2000,4448.0000,4441.0000,4440.2000,4440.0000,4449.0000,4449.2000,4449.4000,4449.8000,4459.8000,1,2,1,1,1,1,1,1,2,8
SF,IF2008,2020-07-06 09:30:23.600,4449.0000,7200,0,801684540.000,4,2,2,多换,S,4442.0000,4441.8000,4440.2000,4440.0000,4439.0000,4449.4000,4449.8000,4459.8000,4473.2000,4475.0000,1,1,1,1,3,1,2,8,2,2
SF,IF2008,2020-07-06 09:30:24.100,4449.0000,7200,0,801684540.000,0,-,-,-,-,4449.0000,4442.2000,4442.0000,4441.8000,4440.2000,4449.4000,4449.8000,4459.8000,4473.2000,4475.0000,1,2,2,1,1,1,2,8,2,2
SF,IF2008,2020-07-06 09:30:24.600,4449.8000,7197,-3,809693220.000,6,1,5,多平,S,4444.0000,4442.2000,4442.0000,4440.0000,4439.8000,4449.8000,4459.8000,4473.2000,4475.0000,4499.8000,1,2,2,1,2,1,8,2,2,1
SF,IF2008,2020-07-06 09:30:25.100,4449.8000,7197,0,811028160.000,1,0,1,多换,S,4449.4000,4444.2000,4444.0000,4442.8000,4442.2000,4459.8000,4473.2000,4475.0000,4499.8000,4524.6000,11,1,2,1,2,8,2,2,1,1
SF,IF2008,2020-07-06 09:30:25.600,4449.8000,7197,0,811028160.000,0,-,-,-,-,4449.6000,4449.4000,4449.0000,4444.0000,4442.8000,4457.6000,4458.0000,4459.2000,4459.8000,4473.2000,1,11,2,2,1,1,1,1,1,2
SF,IF2008,2020-07-06 09:30:26.100,4449.6000,7198,1,812363040.000,1,1,0,双开,S,4449.4000,4449.0000,4448.2000,4445.8000,4444.0000,4458.0000,4459.2000,4473.2000,4475.0000,4494.6000,11,2,4,1,1,1,1,2,2,8
SF,IF2008,2020-07-06 09:30:26.600,4456.6000,7198,0,813700020.000,1,0,1,多换,S,4450.4000,4449.8000,4449.6000,4449.4000,4449.0000,4457.2000,4457.8000,4458.0000,4459.2000,4473.2000,2,1,1,12,2,1,1,1,1,2
SF,IF2008,2020-07-06 09:30:27.100,4440.0000,7192,-6,853723920.000,30,12,18,多平,S,4439.0000,4435.0000,4420.0000,4419.4000,4418.2000,4440.0000,4457.0000,4457.2000,4457.8000,4458.0000,1,1,13,1,1,12,1,1,1,1
SF,IF2008,2020-07-06 09:30:27.600,4440.0000,7176,-16,883027920.000,22,3,19,多平,S,4440.4000,4440.0000,4439.0000,4435.0000,4420.0000,4456.0000,4456.8000,4457.0000,4457.8000,4458.0000,1,5,1,1,13,1,1,1,1,1
SF,IF2008,2020-07-06 09:30:28.100,4440.0000,7176,0,883027920.000,0,-,-,-,-,4440.4000,4440.0000,4439.0000,4435.0000,4420.0000,4453.8000,4455.8000,4456.0000,4456.8000,4458.0000,3,2,1,1,13,1,1,1,1,1
SF,IF2008,2020-07-06 09:30:28.600,4440.0000,7176,0,883027920.000,0,-,-,-,-,4442.6000,4441.4000,4440.4000,4440.0000,4439.0000,4453.4000,4453.6000,4453.8000,4455.2000,4455.6000,1,1,2,2,1,1,1,1,2,1
SF,IF2008,2020-07-06 09:30:29.100,4440.0000,7176,0,883027920.000,0,-,-,-,-,4447.0000,4442.6000,4441.8000,4441.4000,4440.4000,4450.8000,4452.2000,4453.2000,4453.8000,4455.6000,1,2,2,1,2,1,2,1,1,1
SF,IF2008,2020-07-06 09:30:29.600,4447.0000,7176,0,884362020.000,1,0,1,多换,S,4444.4000,4442.6000,4441.8000,4441.4000,4440.4000,4450.6000,4450.8000,4452.2000,4453.8000,4455.6000,1,2,2,1,1,1,1,2,1,1
SF,IF2008,2020-07-06 09:30:30.100,4450.8000,7177,1,887032440.000,2,1,1,空开,S,4445.6000,4444.4000,4442.6000,4442.2000,4441.8000,4450.4000,4452.2000,4453.8000,4455.6000,4456.0000,30,1,2,1,2,1,2,1,1,1
SF,IF2008,2020-07-06 09:30:30.600,4450.6000,7176,-1,889702800.000,2,0,2,多平,S,4450.8000,4445.8000,4445.6000,4442.6000,4442.2000,4452.2000,4453.8000,4455.6000,4456.0000,4456.6000,12,1,30,2,1,2,1,1,1,1
SF,IF2008,2020-07-06 09:30:31.100,4450.8000,7165,-11,907060920.000,13,1,12,多平,S,4445.8000,4445.6000,4442.6000,4442.2000,4441.8000,4452.2000,4455.6000,4456.0000,4456.6000,4456.8000,1,30,1,1,2,2,1,1,1,1
SF,IF2008,2020-07-06 09:30:31.600,4445.6000,7129,-36,960412200.000,40,2,38,多平,S,4445.6000,4444.6000,4442.2000,4441.8000,4441.4000,4452.0000,4452.2000,4455.6000,4456.6000,4456.8000,2,1,1,2,1,1,2,1,1,1
SF,IF2008,2020-07-06 09:30:32.100,4441.4000,7124,-5,971075520.000,8,1,7,多平,S,4440.4000,4440.0000,4439.0000,4435.0000,4420.0000,4441.0000,4450.6000,4450.8000,4452.0000,4452.2000,2,4,1,1,13,2,1,1,2,2
SF,IF2008,2020-07-06 09:30:32.600,4441.0000,7122,-2,973740120.000,2,0,2,双平,S,4441.2000,4440.8000,4440.4000,4440.0000,4439.0000,4450.6000,4450.8000,4452.0000,4452.2000,4455.6000,1,1,2,4,1,1,1,1,2,1
SF,IF2008,2020-07-06 09:30:33.100,4441.0000,7122,0,973740120.000,0,-,-,-,-,4441.4000,4441.0000,4440.8000,4440.4000,4440.0000,4449.4000,4450.4000,4450.6000,4450.8000,4452.2000,1,1,1,1,4,1,3,2,1,2
SF,IF2008,2020-07-06 09:30:33.600,4441.0000,7122,0,973740120.000,0,-,-,-,-,4444.0000,4441.4000,4441.0000,4440.8000,4440.4000,4449.2000,4449.4000,4450.4000,4450.8000,4452.2000,1,1,1,1,1,1,2,2,1,2
SF,IF2008,2020-07-06 09:30:34.100,4448.4000,7123,1,976408920.000,2,1,1,空开,S,4444.0000,4443.2000,4442.0000,4441.4000,4441.0000,4449.0000,4449.2000,4449.4000,4450.4000,4450.8000,1,1,1,1,1,1,2,2,1,1
SF,IF2008,2020-07-06 09:30:34.600,4448.8000,7123,0,977743560.000,1,0,1,多换,S,4444.2000,4444.0000,4442.0000,4441.4000,4441.0000,4448.8000,4449.0000,4449.4000,4450.4000,4452.0000,1,1,1,1,1,1,3,1,1,1
SF,IF2008,2020-07-06 09:30:35.100,4448.8000,7123,0,977743560.000,0,-,-,-,-,4445.4000,4444.2000,4444.0000,4442.0000,4441.8000,4448.4000,4448.8000,4449.0000,4449.4000,4450.4000,1,1,1,1,1,1,3,1,1,1
SF,IF2008,2020-07-06 09:30:35.600,4445.4000,7123,0,980410860.000,2,1,1,多换,S,4444.0000,4443.0000,4442.0000,4440.4000,4440.0000,4448.2000,4448.4000,4448.8000,4449.0000,4449.4000,1,1,1,1,4,1,2,2,2,1
SF,IF2008,2020-07-06 09:30:36.100,4445.4000,7123,0,980410860.000,0,-,-,-,-,4444.0000,4443.0000,4442.0000,4440.4000,4440.0000,4448.0000,4448.2000,4448.4000,4448.8000,4449.4000,1,1,1,1,4,2,3,1,1,1
SF,IF2008,2020-07-06 09:30:36.600,4448.0000,7123,0,981745260.000,1,0,1,多换,S,4444.0000,4443.0000,4440.0000,4439.0000,4438.8000,4447.4000,4447.8000,4448.0000,4448.2000,4448.8000,1,1,4,1,1,1,1,1,1,1
SF,IF2008,2020-07-06 09:30:37.100,4444.2000,7125,2,987079080.000,4,3,1,空开,S,4443.0000,4440.0000,4439.0000,4438.8000,4438.6000,4444.2000,4447.2000,4447.4000,4447.6000,4448.0000,1,4,1,1,2,1,1,2,1,1
SF,IF2008,2020-07-06 09:30:37.600,4444.2000,7126,1,989745600.000,2,1,1,空开,S,4444.2000,4443.0000,4440.0000,4439.0000,4438.8000,4447.2000,4447.4000,4447.6000,4448.8000,4450.4000,1,1,4,1,1,1,1,1,1,1
SF,IF2008,2020-07-06 09:30:38.100,4444.2000,7126,0,991078860.000,1,0,1,多换,S,4444.2000,4443.0000,4440.0000,4439.0000,4438.8000,4447.2000,4447.4000,4447.6000,4448.8000,4450.4000,1,1,4,1,1,2,1,1,1,1
SF,IF2008,2020-07-06 09:30:38.600,4444.2000,7125,-1,992412120.000,1,0,1,双平,S,4443.6000,4443.0000,4440.0000,4439.0000,4438.6000,4447.0000,4447.2000,4447.4000,4448.8000,4450.4000,1,1,4,1,2,1,1,1,1,1
SF,IF2008,2020-07-06 09:30:39.100,4443.6000,7124,-1,993745200.000,1,0,1,双平,S,4443.0000,4440.0000,4439.0000,4435.6000,4435.0000,4445.0000,4446.8000,4447.0000,4447.4000,4448.8000,1,4,1,2,1,50,2,2,1,1
SF,IF2008,2020-07-06 09:30:39.600,4443.0000,7124,0,995078100.000,1,0,1,多换,S,4440.0000,4439.0000,4435.6000,4435.0000,4420.0000,4443.0000,4444.8000,4445.0000,4446.8000,4447.0000,4,1,2,1,18,1,2,50,1,2
SF,IF2008,2020-07-06 09:30:40.100,4440.2000,7124,0,1004409840.000,7,3,4,多换,S,4440.2000,4440.0000,4439.0000,4435.6000,4435.0000,4441.8000,4445.0000,4446.8000,4447.4000,4451.0000,3,4,1,2,1,1,48,1,1,1
SF,IF2008,2020-07-06 09:30:40.600,4442.6000,7124,0,1007075160.000,2,1,1,多换,S,4440.4000,4440.2000,4440.0000,4439.0000,4435.6000,4445.0000,4447.4000,4451.0000,4452.0000,4455.0000,1,3,4,1,2,48,1,1,1,5
SF,IF2008,2020-07-06 09:30:41.100,4442.6000,7124,0,1007075160.000,0,-,-,-,-,4440.6000,4440.4000,4440.2000,4440.0000,4439.0000,4444.8000,4445.0000,4447.4000,4451.0000,4452.0000,2,2,1,4,1,1,48,1,1,1
SF,IF2008,2020-07-06 09:30:41.600,4445.0000,7123,-1,1009742100.000,2,0,2,多平,S,4440.8000,4440.6000,4440.0000,4439.0000,4435.0000,4445.0000,4447.4000,4451.0000,4452.0000,4455.0000,3,2,4,1,1,47,1,1,1,5
SF,IF2008,2020-07-06 09:30:42.100,4445.0000,7123,0,1009742100.000,0,-,-,-,-,4441.0000,4440.8000,4440.4000,4440.0000,4439.0000,4445.0000,4447.4000,4451.0000,4452.0000,4455.0000,4,1,1,4,1,47,1,1,1,5
SF,IF2008,2020-07-06 09:30:42.600,4445.0000,7123,0,1009742100.000,0,-,-,-,-,4441.2000,4441.0000,4440.8000,4440.4000,4440.0000,4445.0000,4447.4000,4451.0000,4452.0000,4455.0000,4,2,1,1,4,47,1,1,1,5
SF,IF2008,2020-07-06 09:30:43.100,4445.0000,7121,-2,1012409100.000,2,0,2,双平,S,4441.4000,4441.2000,4440.8000,4440.4000,4440.0000,4445.0000,4447.4000,4451.0000,4452.0000,4455.0000,3,4,1,1,4,45,1,1,1,5
SF,IF2008,2020-07-06 09:30:43.600,4445.0000,7120,-1,1027077600.000,11,5,6,多平,S,4441.6000,4441.4000,4441.2000,4440.8000,4440.4000,4445.0000,4447.4000,4451.0000,4452.0000,4455.0000,2,2,3,1,1,34,1,1,1,5
SF,IF2008,2020-07-06 09:30:44.100,4445.0000,7120,0,1027077600.000,0,-,-,-,-,4441.8000,4441.2000,4440.8000,4440.4000,4440.0000,4445.0000,4447.4000,4451.0000,4452.0000,4455.0000,7,3,1,1,4,34,1,1,1,5
SF,IF2008,2020-07-06 09:30:44.600,4445.0000,7120,0,1031078100.000,3,1,2,多换,S,4442.0000,4441.8000,4441.2000,4440.8000,4440.4000,4445.0000,4451.0000,4452.0000,4455.0000,4455.6000,2,5,3,1,1,31,1,1,5,1
SF,IF2008,2020-07-06 09:30:45.100,4445.0000,7119,-1,1033745100.000,2,0,2,多平,S,4443.2000,4442.2000,4442.0000,4441.8000,4441.2000,4444.8000,4445.0000,4451.0000,4452.0000,4455.0000,1,5,2,3,3,1,29,1,1,5
SF,IF2008,2020-07-06 09:30:45.600,4445.0000,7120,1,1035078600.000,1,1,0,双开,S,4443.2000,4442.2000,4442.0000,4441.8000,4441.2000,4445.0000,4450.4000,4452.0000,4455.6000,4475.0000,2,5,1,3,3,29,1,1,1,2
SF,IF2008,2020-07-06 09:30:46.100,4445.0000,7118,-2,1039079100.000,3,0,3,多平,S,4443.4000,4443.2000,4442.2000,4442.0000,4441.8000,4445.0000,4450.4000,4452.0000,4455.6000,4475.0000,1,2,5,1,3,26,1,1,1,2
SF,IF2008,2020-07-06 09:30:46.600,4443.6000,7114,-4,1044412260.000,4,0,4,双平,S,4443.6000,4443.4000,4443.2000,4442.2000,4442.0000,4445.0000,4450.4000,4452.0000,4455.6000,4475.0000,3,2,1,5,1,24,1,1,1,2
SF,IF2008,2020-07-06 09:30:47.100,4445.0000,7110,-4,1051079760.000,5,0,5,多平,S,4443.8000,4443.6000,4443.4000,4443.2000,4442.2000,4445.0000,4450.4000,4452.0000,4455.6000,4475.0000,1,3,1,1,5,19,1,1,1,2
SF,IF2008,2020-07-06 09:30:47.600,4445.0000,7107,-3,1056413760.000,4,0,4,多平,S,4444.0000,4443.8000,4443.6000,4443.2000,4442.2000,4445.0000,4450.4000,4452.0000,4455.6000,4475.0000,3,2,3,1,5,15,1,1,1,2
SF,IF2008,2020-07-06 09:30:48.100,4445.0000,7099,-8,1067081760.000,8,0,8,双平,S,4444.2000,4444.0000,4443.6000,4443.2000,4442.2000,4445.0000,4450.4000,4452.0000,4455.6000,4475.0000,2,3,4,1,5,7,1,1,1,2
SF,IF2008,2020-07-06 09:30:48.600,4445.0000,7092,-7,1076416260.000,7,0,7,双平,S,4445.0000,4444.8000,4444.4000,4444.2000,4444.0000,4450.4000,4452.0000,4455.6000,4475.0000,4494.6000,1,1,1,2,3,1,1,1,2,8
SF,IF2008,2020-07-06 09:30:49.100,4445.0000,7093,1,1077749760.000,1,1,0,双开,S,4445.8000,4445.2000,4445.0000,4444.8000,4444.4000,4450.4000,4452.0000,4475.0000,4494.6000,4499.8000,1,2,3,1,1,1,1,2,8,1
SF,IF2008,2020-07-06 09:30:49.600,4445.0000,7093,0,1077749760.000,0,-,-,-,-,4446.0000,4445.8000,4445.6000,4445.2000,4445.0000,4449.2000,4452.0000,4475.0000,4494.6000,4499.8000,2,2,1,1,2,1,1,2,8,1
SF,IF2008,2020-07-06 09:30:50.100,4445.0000,7093,0,1077749760.000,0,-,-,-,-,4447.6000,4446.4000,4446.2000,4446.0000,4445.8000,4449.0000,4449.2000,4452.0000,4475.0000,4494.6000,1,2,1,2,1,1,1,1,2,8
SF,IF2008,2020-07-06 09:30:50.600,4449.0000,7091,-2,1081753020.000,3,0,3,多平,S,4447.6000,4446.4000,4446.2000,4446.0000,4445.8000,4449.2000,4452.0000,4475.0000,4494.6000,4499.8000,1,2,1,2,1,1,1,2,8,1
SF,IF2008,2020-07-06 09:30:51.100,4449.0000,7091,0,1083087720.000,1,0,1,多换,S,4447.8000,4446.4000,4446.2000,4446.0000,4445.2000,4449.2000,4452.0000,4475.0000,4494.6000,4499.8000,1,2,1,4,1,2,1,2,8,1
SF,IF2008,2020-07-06 09:30:51.600,4448.0000,7091,0,1084422120.000,1,0,1,多换,S,4447.8000,4446.4000,4446.2000,4446.0000,4445.2000,4449.2000,4452.0000,4475.0000,4494.6000,4499.8000,1,1,1,4,1,1,1,2,8,1
SF,IF2008,2020-07-06 09:30:52.100,4448.0000,7091,0,1085756520.000,1,0,1,多换,S,4447.6000,4446.4000,4446.2000,4446.0000,4445.2000,4449.2000,4452.0000,4475.0000,4494.6000,4499.8000,1,1,1,4,1,2,1,2,8,1
SF,IF2008,2020-07-06 09:30:52.600,4448.0000,7091,0,1085756520.000,0,-,-,-,-,4448.6000,4448.4000,4446.8000,4446.4000,4446.2000,4449.0000,4449.2000,4452.0000,4475.0000,4494.6000,4,1,1,1,1,2,2,1,2,8
SF,IF2008,2020-07-06 09:30:53.100,4449.0000,7090,-1,1091094960.000,4,1,3,多平,S,4448.6000,4448.4000,4446.2000,4446.0000,4445.2000,4449.0000,4449.2000,4452.0000,4475.0000,4494.6000,4,1,1,3,1,1,2,1,2,8
SF,IF2008,2020-07-06 09:30:53.600,4449.0000,7091,1,1095099120.000,3,2,1,空开,S,4449.4000,4448.6000,4446.2000,4446.0000,4445.2000,4452.0000,4475.0000,4494.6000,4499.8000,4524.6000,1,4,1,3,1,1,2,8,1,1
SF,IF2008,2020-07-06 09:30:54.100,4449.4000,7090,-1,1096433940.000,1,0,1,双平,S,4449.6000,4449.4000,4449.2000,4449.0000,4448.6000,4452.0000,4475.0000,4494.6000,4499.8000,4524.6000,2,1,2,1,4,1,2,8,1,1
SF,IF2008,2020-07-06 09:30:54.600,4449.4000,7090,0,1096433940.000,0,-,-,-,-,4451.0000,4449.8000,4449.6000,4449.2000,4449.0000,4452.0000,4475.0000,4494.6000,4499.8000,4524.6000,1,2,2,1,1,1,2,8,1,1
SF,IF2008,2020-07-06 09:30:55.100,4451.0000,7089,-1,1097769240.000,1,0,1,双平,S,4450.2000,4449.8000,4449.6000,4449.2000,4449.0000,4450.8000,4452.0000,4475.0000,4494.6000,4499.8000,1,2,2,1,2,1,2,2,8,1
SF,IF2008,2020-07-06 09:30:55.600,4450.8000,7087,-2,1103110440.000,4,1,3,多平,S,4450.8000,4449.8000,4449.2000,4449.0000,4448.6000,4451.6000,4452.0000,4453.8000,4475.0000,4494.6000,1,2,2,2,4,1,1,1,2,8
SF,IF2008,2020-07-06 09:30:56.100,4450.8000,7087,0,1105781160.000,2,1,1,多换,S,4451.6000,4450.8000,4449.8000,4449.2000,4449.0000,4452.0000,4453.8000,4475.0000,4494.6000,4499.8000,1,1,1,1,2,1,1,2,8,2
SF,IF2008,2020-07-06 09:30:56.600,4449.0000,7085,-2,1117796340.000,9,3,6,多平,S,4448.6000,4448.2000,4446.0000,4445.8000,4445.0000,4449.0000,4451.4000,4451.8000,4452.0000,4453.8000,4,1,1,1,2,44,1,1,1,1
SF,IF2008,2020-07-06 09:30:57.100,4449.0000,7080,-5,1135147200.000,13,4,9,多平,S,4448.8000,4448.6000,4448.2000,4446.0000,4445.8000,4449.0000,4451.4000,4451.8000,4452.0000,4453.8000,2,2,1,1,1,33,1,1,1,1
SF,IF2008,2020-07-06 09:30:57.600,4449.0000,7076,-4,1141820700.000,5,0,5,多平,S,4448.8000,4448.6000,4446.0000,4445.0000,4444.0000,4449.0000,4451.4000,4451.8000,4452.0000,4453.8000,2,2,1,2,1,28,1,1,1,1
SF,IF2008,2020-07-06 09:30:58.100,4449.0000,7073,-3,1153832880.000,9,3,6,多平,S,4448.6000,4446.0000,4445.0000,4444.0000,4443.0000,4449.0000,4451.4000,4451.8000,4452.0000,4475.0000,2,1,2,1,2,21,1,1,1,2
SF,IF2008,2020-07-06 09:30:58.600,4449.0000,7072,-1,1160506140.000,5,2,3,多平,S,4446.0000,4445.0000,4444.0000,4443.0000,4442.0000,4449.0000,4451.4000,4451.8000,4452.0000,4475.0000,1,2,1,2,1,18,1,1,1,2
SF,IF2008,2020-07-06 09:30:59.100,4449.0000,7071,-1,1164510240.000,3,1,2,多平,S,4446.2000,4446.0000,4445.0000,4443.0000,4442.6000,4449.0000,4451.4000,4452.0000,4475.0000,4494.6000,4,2,3,2,1,15,1,1,2,8
SF,IF2008,2020-07-06 09:30:59.600,4449.0000,7071,0,1164510240.000,0,-,-,-,-,4446.4000,4446.2000,4446.0000,4445.0000,4443.0000,4449.0000,4451.4000,4452.0000,4475.0000,4494.6000,1,4,1,3,2,15,1,1,2,8
SF,IF2008,2020-07-06 09:31:00.100,4449.0000,7071,0,1164510240.000,0,-,-,-,-,4446.6000,4446.4000,4446.2000,4446.0000,4445.0000,4449.0000,4451.4000,4452.0000,4475.0000,4494.6000,2,1,2,1,3,15,1,1,2,8
SF,IF2008,2020-07-06 09:31:00.600,4449.0000,7071,0,1165844940.000,1,0,1,多换,S,4448.0000,4446.6000,4446.2000,4446.0000,4445.0000,4448.2000,4448.8000,4449.0000,4451.4000,4452.0000,1,2,2,1,2,1,1,14,1,1
SF,IF2008,2020-07-06 09:31:01.100,4448.0000,7070,-1,1167179340.000,1,0,1,双平,S,4446.6000,4446.0000,4445.0000,4443.0000,4442.0000,4447.8000,4448.2000,4448.8000,4449.0000,4451.4000,2,1,2,2,1,1,1,1,14,1
SF,IF2008,2020-07-06 09:31:01.600,4448.0000,7070,0,1167179340.000,0,-,-,-,-,4446.8000,4446.0000,4445.0000,4443.0000,4442.0000,4447.8000,4448.2000,4448.8000,4449.0000,4451.4000,1,1,2,2,1,1,1,1,14,1
SF,IF2008,2020-07-06 09:31:02.100,4446.8000,7069,-1,1168513380.000,1,0,1,双平,S,4446.0000,4445.0000,4443.0000,4442.0000,4440.4000,4447.8000,4448.8000,4449.0000,4450.0000,4451.4000,1,2,2,1,1,1,1,14,1,1
SF,IF2008,2020-07-06 09:31:02.600,4447.0000,7065,-4,1175184120.000,5,0,5,多平,S,4445.0000,4443.0000,4442.0000,4440.4000,4440.0000,4447.8000,4448.8000,4449.0000,4450.0000,4451.4000,2,2,1,1,3,1,1,14,1,1
SF,IF2008,2020-07-06 09:31:03.100,4447.8000,7063,-2,1177852740.000,2,0,2,双平,S,4445.2000,4445.0000,4443.0000,4442.0000,4440.4000,4449.0000,4450.0000,4451.4000,4452.0000,4454.0000,3,2,2,1,1,14,1,1,1,2
SF,IF2008,2020-07-06 09:31:03.600,4447.8000,7063,0,1177852740.000,0,-,-,-,-,4448.0000,4445.4000,4445.2000,4445.0000,4443.0000,4449.0000,4450.0000,4451.4000,4452.0000,4454.0000,1,1,3,2,2,14,1,1,1,2
SF,IF2008,2020-07-06 09:31:04.100,4448.8000,7059,-4,1183190580.000,4,0,4,双平,S,4445.2000,4445.0000,4443.0000,4442.0000,4440.4000,4448.0000,4448.8000,4449.0000,4450.0000,4451.4000,2,2,2,1,1,1,1,14,1,1
SF,IF2008,2020-07-06 09:31:04.600,4448.8000,7059,0,1183190580.000,0,-,-,-,-,4445.2000,4445.0000,4443.0000,4442.0000,4440.4000,4448.0000,4448.8000,4449.0000,4450.0000,4451.4000,2,5,2,1,1,1,1,14,1,1
SF,IF2008,2020-07-06 09:31:05.100,4447.8000,7055,-4,1195194720.000,9,2,7,多平,S,4445.0000,4443.0000,4442.0000,4440.4000,4440.0000,4447.8000,4448.0000,4448.8000,4449.0000,4450.0000,1,2,1,1,4,1,1,1,14,1
SF,IF2008,2020-07-06 09:31:05.600,4446.0000,7055,0,1196528520.000,1,0,1,多换,S,4445.0000,4443.0000,4442.0000,4440.4000,4440.0000,4445.2000,4447.6000,4447.8000,4448.0000,4448.8000,1,2,1,1,4,1,1,1,1,1
SF,IF2008,2020-07-06 09:31:06.100,4448.0000,7054,-1,1205866560.000,7,3,4,多平,S,4443.0000,4442.0000,4440.4000,4440.0000,4439.0000,4449.0000,4450.0000,4451.4000,4452.0000,4454.0000,2,1,1,4,1,14,1,1,1,2
SF,IF2008,2020-07-06 09:31:06.600,4448.0000,7054,0,1205866560.000,0,-,-,-,-,4443.2000,4443.0000,4442.0000,4440.4000,4440.0000,4448.8000,4449.0000,4450.0000,4451.4000,4452.0000,2,2,1,1,4,1,14,1,1,1
SF,IF2008,2020-07-06 09:31:07.100,4448.0000,7054,0,1205866560.000,0,-,-,-,-,4445.2000,4443.4000,4443.2000,4443.0000,4442.0000,4448.8000,4449.0000,4450.0000,4451.4000,4452.0000,1,1,1,2,1,1,14,1,1,1
SF,IF2008,2020-07-06 09:31:07.600,4445.2000,7053,-1,1209867240.000,3,1,2,多平,S,4443.4000,4443.0000,4442.0000,4440.4000,4440.0000,4445.0000,4448.8000,4449.0000,4450.0000,4451.4000,1,2,1,1,4,1,1,14,1,1
SF,IF2008,2020-07-06 09:31:08.100,4445.0000,7052,-1,1211200740.000,1,0,1,双平,S,4443.4000,4443.0000,4442.0000,4440.4000,4440.0000,4448.8000,4449.0000,4450.0000,4451.4000,4452.0000,1,2,1,1,4,1,14,1,1,1
SF,IF2008,2020-07-06 09:31:08.600,4445.0000,7052,0,1211200740.000,0,-,-,-,-,4443.6000,4443.4000,4443.0000,4442.0000,4440.4000,4445.0000,4448.8000,4449.0000,4450.0000,4451.4000,2,1,2,1,1,3,1,14,1,1
SF,IF2008,2020-07-06 09:31:09.100,4445.0000,7052,0,1215201240.000,3,1,2,多换,S,4443.8000,4443.6000,4443.4000,4443.0000,4442.0000,4448.8000,4449.0000,4450.0000,4451.4000,4452.0000,1,1,1,2,1,1,14,1,1,1
SF,IF2008,2020-07-06 09:31:09.600,4445.0000,7052,0,1215201240.000,0,-,-,-,-,4446.0000,4444.0000,4443.8000,4443.6000,4443.4000,4448.8000,4449.0000,4450.0000,4451.4000,4452.0000,1,2,1,1,1,1,14,1,1,1
SF,IF2008,2020-07-06 09:31:10.100,4446.0000,7044,-8,1229876820.000,11,1,10,多平,S,4446.0000,4444.0000,4443.6000,4443.2000,4443.0000,4448.6000,4449.0000,4450.0000,4451.4000,4452.0000,1,1,1,1,2,1,12,1,1,1
SF,IF2008,2020-07-06 09:31:10.600,4448.6000,7044,0,1231211400.000,1,0,1,多换,S,4446.2000,4446.0000,4444.0000,4443.6000,4443.2000,4449.0000,4450.0000,4451.4000,4452.0000,4454.0000,1,1,1,1,1,12,1,1,1,2
SF,IF2008,2020-07-06 09:31:11.100,4448.8000,7043,-1,1232546040.000,1,0,1,双平,S,4446.4000,4446.2000,4444.4000,4444.0000,4443.6000,4448.8000,4449.0000,4450.0000,4452.0000,4454.0000,3,2,1,1,1,1,12,1,1,2
SF,IF2008,2020-07-06 09:31:11.600,4448.8000,7043,0,1232546040.000,0,-,-,-,-,4446.6000,4446.4000,4444.4000,4444.0000,4443.6000,4448.8000,4449.0000,4450.0000,4452.0000,4454.0000,2,3,1,1,1,1,12,1,1,2
SF,IF2008,2020-07-06 09:31:12.100,4448.8000,7043,0,1232546040.000,0,-,-,-,-,4446.6000,4446.4000,4444.4000,4444.0000,4443.6000,4448.8000,4449.0000,4450.0000,4452.0000,4454.0000,1,3,1,1,1,1,12,1,1,2
SF,IF2008,2020-07-06 09:31:12.600,4448.8000,7043,0,1241888520.000,7,3,4,多换,S,4448.8000,4446.6000,4444.0000,4443.6000,4443.0000,4449.0000,4450.0000,4452.0000,4454.0000,4455.2000,2,2,1,1,2,12,1,1,2,1
SF,IF2008,2020-07-06 09:31:13.100,4448.8000,7040,-3,1248561720.000,5,1,4,多平,S,4446.6000,4443.0000,4442.0000,4440.4000,4440.0000,4448.8000,4449.0000,4450.0000,4452.0000,4454.0000,2,2,1,1,4,1,12,1,1,2
SF,IF2008,2020-07-06 09:31:13.600,4448.8000,7040,0,1248561720.000,0,-,-,-,-,4446.6000,4443.0000,4442.0000,4440.6000,4440.4000,4449.0000,4450.0000,4452.0000,4454.0000,4455.2000,2,2,1,1,1,12,1,1,2,1
SF,IF2008,2020-07-06 09:31:15.100,4448.8000,7040,0,1248561720.000,0,-,-,-,-,4446.8000,4446.6000,4443.0000,4442.0000,4440.6000,4449.0000,4450.0000,4452.0000,4454.0000,4455.2000,3,2,2,1,1,12,1,1,2,1
SF,IF2008,2020-07-06 09:31:15.600,4449.0000,7040,0,1249896420.000,1,0,1,多换,S,4448.8000,4447.0000,4446.8000,4444.2000,4443.8000,4449.0000,4450.0000,4452.0000,4454.0000,4455.2000,2,2,3,1,1,11,1,1,2,1
SF,IF2008,2020-07-06 09:31:16.100,4448.8000,7032,-8,1260573900.000,8,0,8,双平,S,4447.0000,4443.0000,4442.0000,4441.6000,4440.4000,4449.0000,4450.0000,4452.0000,4454.0000,4455.2000,2,2,2,1,1,5,1,1,2,1
SF,IF2008,2020-07-06 09:31:16.600,4449.0000,7032,0,1261908600.000,1,0,1,多换,S,4447.2000,4447.0000,4444.2000,4443.8000,4443.0000,4449.0000,4450.0000,4452.0000,4454.0000,4455.2000,3,2,1,1,2,4,1,1,2,1
SF,IF2008,2020-07-06 09:31:17.100,4449.0000,7032,0,1263243300.000,1,0,1,多换,S,4447.4000,4447.2000,4447.0000,4444.2000,4443.8000,4449.0000,4450.0000,4452.0000,4454.0000,4455.2000,1,3,1,1,1,3,1,1,2,1
SF,IF2008,2020-07-06 09:31:17.600,4447.6000,7031,-1,1276587360.000,10,4,6,多平,S,4447.6000,4447.2000,4447.0000,4444.2000,4443.8000,4450.0000,4452.0000,4454.0000,4454.8000,4455.2000,2,3,1,1,1,1,1,2,1,1
SF,IF2008,2020-07-06 09:31:18.100,4447.0000,7029,-2,1280590020.000,3,0,3,多平,S,4444.2000,4443.8000,4443.0000,4442.0000,4440.4000,4447.0000,4449.8000,4450.0000,4452.0000,4454.0000,1,1,2,1,1,2,2,1,1,2
SF,IF2008,2020-07-06 09:31:18.600,4447.0000,7029,0,1281924120.000,1,0,1,多换,S,4444.2000,4443.0000,4442.2000,4442.0000,4441.8000,4446.8000,4447.0000,4450.0000,4452.0000,4454.0000,1,2,1,1,1,1,2,1,1,2
SF,IF2008,2020-07-06 09:31:19.100,4447.0000,7029,0,1283258220.000,1,0,1,多换,S,4444.4000,4444.2000,4443.0000,4442.2000,4442.0000,4447.0000,4450.0000,4452.0000,4454.0000,4454.8000,1,1,2,1,1,2,1,1,2,1
SF,IF2008,2020-07-06 09:31:19.600,4447.0000,7029,0,1284592320.000,1,0,1,多换,S,4444.6000,4444.4000,4443.0000,4442.0000,4441.2000,4447.0000,4450.0000,4452.0000,4454.0000,4454.8000,1,1,2,1,1,1,1,1,2,1
SF,IF2008,2020-07-06 09:31:20.100,4444.8000,7027,-2,1288593300.000,3,0,3,多平,S,4444.6000,4443.0000,4442.0000,4440.4000,4440.0000,4446.8000,4450.0000,4452.0000,4454.0000,4454.8000,1,2,1,1,4,1,1,1,2,1
SF,IF2008,2020-07-06 09:31:20.600,4446.6000,7026,-1,1292594040.000,3,1,2,多平,S,4443.0000,4442.0000,4440.4000,4440.0000,4439.8000,4446.6000,4446.8000,4450.0000,4452.0000,4454.0000,2,1,1,4,1,1,2,1,1,2
SF,IF2008,2020-07-06 09:31:21.100,4446.6000,7025,-1,1295262000.000,2,0,2,多平,S,4443.0000,4442.0000,4440.4000,4440.0000,4439.8000,4446.4000,4446.6000,4450.0000,4452.0000,4454.0000,2,1,1,4,1,1,1,1,1,2
SF,IF2008,2020-07-06 09:31:21.600,4443.0000,7023,-2,1299260760.000,3,0,3,多平,S,4442.0000,4440.4000,4440.0000,4439.0000,4438.8000,4443.0000,4446.2000,4446.4000,4446.6000,4450.0000,1,1,5,1,1,2,1,1,1,1
SF,IF2008,2020-07-06 09:31:22.100,4446.4000,7022,-1,1304594340.000,4,1,3,多平,S,4443.2000,4443.0000,4442.0000,4440.4000,4440.0000,4450.0000,4452.0000,4454.0000,4454.8000,4456.0000,1,1,1,1,5,1,1,2,1,1
SF,IF2008,2020-07-06 09:31:22.600,4446.4000,7022,0,1304594340.000,0,-,-,-,-,4443.4000,4443.2000,4443.0000,4442.0000,4440.6000,4447.4000,4450.0000,4452.0000,4454.0000,4454.8000,1,2,1,1,1,1,1,1,2,1
SF,IF2008,2020-07-06 09:31:23.100,4446.4000,7022,0,1304594340.000,0,-,-,-,-,4444.0000,4443.8000,4443.6000,4443.4000,4443.2000,4447.4000,4450.0000,4452.0000,4454.0000,4454.8000,1,1,1,3,1,1,1,1,2,1
SF,IF2008,2020-07-06 09:31:23.600,4446.4000,7022,0,1304594340.000,0,-,-,-,-,4444.2000,4444.0000,4443.8000,4443.6000,4443.4000,4450.0000,4452.0000,4454.0000,4454.8000,4456.0000,1,1,1,1,2,1,1,2,1,1
SF,IF2008,2020-07-06 09:31:24.100,4446.4000,7022,0,1304594340.000,0,-,-,-,-,4444.2000,4444.0000,4443.8000,4443.4000,4443.2000,4447.4000,4449.8000,4450.0000,4452.0000,4454.0000,1,1,1,2,1,1,1,1,1,2
SF,IF2008,2020-07-06 09:31:24.600,4446.4000,7022,0,1304594340.000,0,-,-,-,-,4444.8000,4444.6000,4444.2000,4444.0000,4443.4000,4449.8000,4450.0000,4452.0000,4454.0000,4454.8000,1,1,1,1,2,1,2,1,2,1
SF,IF2008,2020-07-06 09:31:25.100,4446.4000,7022,0,1304594340.000,0,-,-,-,-,4445.0000,4444.8000,4444.6000,4444.0000,4443.4000,4447.2000,4449.8000,4450.0000,4452.0000,4454.0000,1,1,1,1,2,1,1,2,1,2
SF,IF2008,2020-07-06 09:31:25.600,4445.0000,7022,0,1305927840.000,1,0,1,多换,S,4444.8000,4444.2000,4443.4000,4443.0000,4442.0000,4447.0000,4449.8000,4450.0000,4452.0000,4454.0000,1,1,2,1,1,2,1,2,1,2
SF,IF2008,2020-07-06 09:31:26.100,4444.8000,7021,-1,1307261280.000,1,0,1,双平,S,4443.4000,4443.0000,4442.0000,4440.4000,4440.0000,4446.8000,4447.0000,4450.0000,4452.0000,4454.0000,2,2,1,2,5,1,2,2,1,2
SF,IF2008,2020-07-06 09:31:26.600,4444.8000,7021,0,1307261280.000,0,-,-,-,-,4445.0000,4443.6000,4443.4000,4443.0000,4442.0000,4446.6000,4447.0000,4450.0000,4452.0000,4454.0000,1,1,2,2,1,1,1,2,1,2
SF,IF2008,2020-07-06 09:31:27.100,4444.8000,7021,0,1308594720.000,1,0,1,多换,S,4443.6000,4443.4000,4443.0000,4442.0000,4440.4000,4446.2000,4446.6000,4447.0000,4450.0000,4452.0000,1,2,2,1,2,1,1,1,2,1
SF,IF2008,2020-07-06 09:31:27.600,4444.8000,7021,0,1308594720.000,0,-,-,-,-,4443.6000,4443.4000,4443.0000,4442.0000,4440.4000,4446.0000,4447.0000,4450.0000,4452.0000,4454.0000,1,2,2,1,2,1,1,2,1,2
SF,IF2008,2020-07-06 09:31:28.100,4444.8000,7021,0,1308594720.000,0,-,-,-,-,4444.0000,4443.6000,4443.4000,4443.0000,4442.0000,4446.0000,4450.0000,4452.0000,4454.0000,4454.8000,8,1,2,3,1,1,2,1,2,1
SF,IF2008,2020-07-06 09:31:28.600,4444.0000,7020,-1,1316593980.000,6,2,4,多平,S,4444.0000,4443.0000,4442.0000,4440.4000,4440.0000,4445.8000,4446.0000,4450.0000,4452.0000,4454.0000,3,3,1,2,4,1,1,2,1,2
SF,IF2008,2020-07-06 09:31:29.100,4444.0000,7020,0,1320593580.000,3,1,2,多换,S,4443.0000,4442.0000,4440.4000,4440.0000,4439.2000,4446.0000,4450.0000,4452.0000,4454.0000,4454.8000,3,1,1,4,1,1,2,1,2,1
SF,IF2008,2020-07-06 09:31:29.600,4444.0000,7020,0,1320593580.000,0,-,-,-,-,4443.6000,4443.2000,4443.0000,4442.0000,4441.6000,4446.0000,4450.0000,4452.0000,4454.0000,4454.8000,1,2,2,1,1,1,2,1,2,1
SF,IF2008,2020-07-06 09:31:30.100,4446.0000,7020,0,1321927380.000,1,0,1,多换,S,4443.8000,4443.6000,4443.2000,4443.0000,4442.0000,4450.0000,4452.0000,4454.0000,4454.8000,4456.0000,1,1,2,2,1,2,1,2,1,1
SF,IF2008,2020-07-06 09:31:30.600,4446.0000,7020,0,1321927380.000,0,-,-,-,-,4444.2000,4444.0000,4443.8000,4443.6000,4443.2000,4446.6000,4450.0000,4452.0000,4454.0000,4454.8000,1,1,1,1,2,1,2,1,2,1
SF,IF2008,2020-07-06 09:31:31.100,4445.4000,7019,-1,1324594980.000,2,0,2,多平,S,4444.4000,4444.2000,4444.0000,4443.4000,4443.2000,4450.0000,4452.0000,4454.0000,4454.8000,4456.0000,1,1,1,1,2,2,1,2,1,1
SF,IF2008,2020-07-06 09:31:31.600,4445.4000,7019,0,1324594980.000,0,-,-,-,-,4444.4000,4444.2000,4444.0000,4443.4000,4443.2000,4450.0000,4452.0000,4454.0000,4454.8000,4456.0000,1,1,1,1,2,2,1,2,1,1
SF,IF2008,2020-07-06 09:31:32.100,4445.4000,7019,0,1324594980.000,0,-,-,-,-,4444.4000,4444.2000,4444.0000,4443.4000,4443.2000,4449.6000,4449.8000,4450.0000,4452.0000,4454.0000,1,1,1,1,2,1,1,2,1,2
SF,IF2008,2020-07-06 09:31:32.600,4445.4000,7019,0,1324594980.000,0,-,-,-,-,4444.6000,4444.4000,4444.0000,4443.4000,4443.0000,4449.6000,4449.8000,4450.0000,4451.4000,4452.0000,3,1,1,1,2,1,1,2,1,1
SF,IF2008,2020-07-06 09:31:33.100,4445.4000,7019,0,1324594980.000,0,-,-,-,-,4445.4000,4444.8000,4444.6000,4444.4000,4443.0000,4449.6000,4449.8000,4450.0000,4451.4000,4452.0000,1,1,3,1,2,1,1,2,1,1
SF,IF2008,2020-07-06 09:31:33.600,4445.4000,7018,-1,1327262220.000,2,0,2,多平,S,4444.6000,4443.0000,4442.6000,4442.0000,4440.4000,4449.4000,4449.6000,4449.8000,4450.0000,4451.4000,3,2,1,1,1,1,1,1,2,1
SF,IF2008,2020-07-06 09:31:34.100,4445.4000,7018,0,1327262220.000,0,-,-,-,-,4444.8000,4444.6000,4444.4000,4443.0000,4442.0000,4448.8000,4449.4000,4449.6000,4449.8000,4450.0000,2,3,1,2,1,1,1,1,1,2
SF,IF2008,2020-07-06 09:31:34.600,4445.4000,7018,0,1327262220.000,0,-,-,-,-,4444.8000,4444.6000,4443.0000,4442.2000,4442.0000,4448.8000,4449.4000,4449.6000,4449.8000,4450.0000,2,2,2,1,1,1,1,1,1,3
SF,IF2008,2020-07-06 09:31:35.100,4445.4000,7018,0,1327262220.000,0,-,-,-,-,4444.8000,4444.6000,4443.0000,4442.2000,4442.0000,4448.6000,4448.8000,4449.4000,4449.6000,4449.8000,2,1,2,1,1,1,1,1,1,1
SF,IF2008,2020-07-06 09:31:35.600,4448.6000,7018,0,1328596800.000,1,0,1,多换,S,4445.0000,4444.8000,4443.0000,4442.2000,4442.0000,4448.8000,4449.4000,4449.6000,4449.8000,4450.0000,1,2,2,1,1,1,1,1,1,3
SF,IF2008,2020-07-06 09:31:36.100,4448.6000,7018,0,1328596800.000,0,-,-,-,-,4445.2000,4445.0000,4444.8000,4444.0000,4443.0000,4448.8000,4449.4000,4449.6000,4449.8000,4450.0000,1,1,1,1,2,1,1,1,1,3
SF,IF2008,2020-07-06 09:31:36.600,4448.6000,7018,0,1328596800.000,0,-,-,-,-,4445.2000,4445.0000,4444.8000,4444.0000,4443.0000,4448.6000,4448.8000,4449.4000,4449.6000,4449.8000,1,1,1,1,2,1,1,1,1,1
SF,IF2008,2020-07-06 09:31:37.100,4448.6000,7018,0,1328596800.000,0,-,-,-,-,4445.2000,4445.0000,4444.8000,4444.0000,4443.0000,4448.6000,4449.4000,4449.6000,4449.8000,4450.0000,1,1,1,1,2,1,1,1,1,3
SF,IF2008,2020-07-06 09:31:37.600,4448.6000,7018,0,1328596800.000,0,-,-,-,-,4445.2000,4444.8000,4444.0000,4443.0000,4442.0000,4448.6000,4449.0000,4449.4000,4449.6000,4449.8000,1,1,2,2,1,1,1,1,1,1
SF,IF2008,2020-07-06 09:31:38.100,4445.2000,7018,0,1329930360.000,1,0,1,多换,S,4444.8000,4444.0000,4443.0000,4442.0000,4440.4000,4448.4000,4448.6000,4449.0000,4449.4000,4449.6000,1,2,2,1,1,1,1,1,1,1
SF,IF2008,2020-07-06 09:31:38.600,4448.6000,7019,1,1336602840.000,5,3,2,空开,S,4445.0000,4444.8000,4444.0000,4443.0000,4442.6000,4449.0000,4449.4000,4449.6000,4449.8000,4450.0000,1,1,1,2,1,1,1,1,1,3
SF,IF2008,2020-07-06 09:31:39.100,4448.6000,7019,0,1336602840.000,0,-,-,-,-,4445.0000,4444.8000,4444.0000,4443.0000,4442.6000,4448.8000,4449.0000,4449.4000,4449.6000,4449.8000,1,1,1,2,1,1,1,1,1,1
SF,IF2008,2020-07-06 09:31:39.600,4448.6000,7019,0,1336602840.000,0,-,-,-,-,4445.2000,4445.0000,4444.8000,4444.2000,4444.0000,4448.4000,4448.8000,4449.4000,4450.0000,4450.2000,1,1,1,1,1,2,1,1,3,1
SF,IF2008,2020-07-06 09:31:40.100,4445.2000,7018,-1,1337936400.000,1,0,1,双平,S,4445.0000,4444.8000,4444.0000,4443.2000,4443.0000,4448.2000,4448.4000,4448.6000,4450.0000,4450.2000,1,1,1,1,2,1,1,1,3,1
SF,IF2008,2020-07-06 09:31:40.600,4445.2000,7018,0,1337936400.000,0,-,-,-,-,4445.6000,4445.0000,4444.8000,4444.0000,4443.2000,4448.0000,4448.2000,4448.4000,4448.6000,4450.0000,1,1,1,1,1,1,1,1,1,3
SF,IF2008,2020-07-06 09:31:41.100,4447.8000,7019,1,1339270740.000,1,1,0,双开,S,4445.6000,4445.4000,4445.0000,4444.8000,4444.0000,4448.0000,4448.4000,4448.6000,4450.0000,4450.2000,1,1,1,1,1,1,1,1,3,1
SF,IF2008,2020-07-06 09:31:41.600,4445.6000,7019,0,1340604420.000,1,0,1,多换,S,4445.4000,4445.0000,4444.8000,4444.0000,4443.2000,4448.0000,4448.4000,4448.6000,4450.0000,4450.2000,1,1,1,1,1,1,1,1,3,1
SF,IF2008,2020-07-06 09:31:42.100,4448.0000,7019,0,1341938820.000,1,0,1,多换,S,4445.6000,4445.4000,4445.0000,4444.8000,4444.0000,4447.6000,4448.6000,4450.0000,4450.2000,4451.4000,1,1,1,1,1,1,1,3,1,1
SF,IF2008,2020-07-06 09:31:42.600,4448.0000,7019,0,1341938820.000,0,-,-,-,-,4446.4000,4445.6000,4445.0000,4444.8000,4444.2000,4447.4000,4447.6000,4448.6000,4450.0000,4450.2000,1,2,1,1,1,1,1,1,3,1
SF,IF2008,2020-07-06 09:31:43.100,4446.6000,7018,-1,1343272800.000,1,0,1,双平,S,4445.6000,4445.2000,4445.0000,4444.8000,4444.0000,4450.0000,4450.2000,4451.4000,4452.0000,4454.0000,2,1,1,2,1,3,1,1,1,2
SF,IF2008,2020-07-06 09:31:43.600,4446.6000,7018,0,1343272800.000,0,-,-,-,-,4445.6000,4445.2000,4445.0000,4444.8000,4444.0000,4449.8000,4450.0000,4450.2000,4451.4000,4452.0000,2,1,1,2,1,1,3,1,1,1
SF,IF2008,2020-07-06 09:31:44.100,4446.6000,7018,0,1343272800.000,0,-,-,-,-,4445.8000,4445.6000,4445.2000,4445.0000,4444.8000,4449.2000,4449.4000,4449.6000,4449.8000,4450.0000,1,1,1,1,1,1,1,1,1,3
SF,IF2008,2020-07-06 09:31:44.600,4446.6000,7018,0,1343272800.000,0,-,-,-,-,4446.0000,4445.8000,4445.6000,4445.2000,4445.0000,4449.2000,4449.4000,4449.6000,4450.0000,4450.2000,1,1,1,1,1,1,1,1,3,1
SF,IF2008,2020-07-06 09:31:45.100,4446.6000,7018,0,1343272800.000,0,-,-,-,-,4446.0000,4445.8000,4445.6000,4445.2000,4445.0000,4448.6000,4449.4000,4449.6000,4450.0000,4450.2000,2,1,1,1,1,1,1,1,3,1
SF,IF2008,2020-07-06 09:31:45.600,4446.6000,7018,0,1343272800.000,0,-,-,-,-,4446.2000,4446.0000,4445.8000,4445.6000,4445.2000,4447.0000,4448.6000,4449.4000,4449.6000,4450.0000,1,4,1,1,1,1,1,1,1,3
SF,IF2008,2020-07-06 09:31:46.100,4447.0000,7016,-2,1347275100.000,3,0,3,多平,S,4447.0000,4446.2000,4445.8000,4445.6000,4445.2000,4449.4000,4450.0000,4450.2000,4451.4000,4452.0000,2,1,1,1,1,1,3,1,1,1
SF,IF2008,2020-07-06 09:31:46.600,4447.0000,7016,0,1347275100.000,0,-,-,-,-,4446.4000,4445.8000,4445.6000,4445.2000,4445.0000,4448.6000,4449.2000,4449.4000,4450.0000,4450.2000,1,1,1,1,1,1,1,1,3,1
SF,IF2008,2020-07-06 09:31:47.100,4448.6000,7016,0,1348609680.000,1,0,1,多换,S,4446.4000,4445.8000,4445.6000,4445.2000,4444.8000,4449.2000,4449.4000,4450.0000,4450.2000,4451.4000,1,1,1,1,1,1,1,3,1,1
SF,IF2008,2020-07-06 09:31:47.600,4448.6000,7016,0,1348609680.000,0,-,-,-,-,4446.8000,4446.6000,4446.4000,4445.8000,4445.6000,4450.0000,4450.2000,4451.4000,4452.0000,4453.2000,1,1,1,1,1,3,1,1,1,1
SF,IF2008,2020-07-06 09:31:48.100,4447.2000,7015,-1,1349943840.000,1,0,1,双平,S,4446.8000,4446.6000,4446.4000,4445.6000,4445.2000,4450.0000,4450.2000,4451.4000,4452.0000,4453.2000,1,1,1,1,1,3,1,1,1,1
SF,IF2008,2020-07-06 09:31:48.600,4447.2000,7015,0,1349943840.000,0,-,-,-,-,4448.6000,4447.2000,4446.6000,4445.6000,4445.2000,4450.0000,4450.2000,4451.4000,4452.0000,4453.2000,1,1,1,1,1,3,1,1,1,1
SF,IF2008,2020-07-06 09:31:49.100,4448.6000,7015,0,1351278420.000,1,0,1,多换,S,4447.2000,4447.0000,4446.4000,4445.6000,4445.2000,4449.8000,4450.0000,4450.2000,4451.4000,4452.0000,1,1,1,1,1,1,3,1,1,1
SF,IF2008,2020-07-06 09:31:49.600,4448.6000,7015,0,1351278420.000,0,-,-,-,-,4447.6000,4447.2000,4447.0000,4446.4000,4445.6000,4449.8000,4450.0000,4450.2000,4451.4000,4452.0000,1,1,1,1,1,1,3,1,1,1
SF,IF2008,2020-07-06 09:31:50.100,4448.6000,7015,0,1351278420.000,0,-,-,-,-,4447.6000,4447.2000,4447.0000,4445.6000,4445.2000,4449.8000,4450.0000,4450.2000,4451.4000,4452.0000,1,1,1,1,2,1,3,1,1,1
SF,IF2008,2020-07-06 09:31:50.600,4448.6000,7015,0,1351278420.000,0,-,-,-,-,4447.2000,4445.6000,4445.2000,4444.8000,4443.6000,4449.4000,4449.8000,4450.0000,4450.2000,4451.4000,1,1,2,1,4,1,1,3,1,1
SF,IF2008,2020-07-06 09:31:51.100,4449.4000,7015,0,1352613240.000,1,0,1,多换,S,4448.0000,4447.4000,4447.2000,4445.6000,4445.2000,4450.0000,4450.2000,4451.4000,4452.0000,4453.2000,1,2,1,1,2,3,1,1,1,1
SF,IF2008,2020-07-06 09:31:51.600,4449.4000,7015,0,1352613240.000,0,-,-,-,-,4449.4000,4448.0000,4447.4000,4447.2000,4447.0000,4450.0000,4450.2000,4451.4000,4452.0000,4453.2000,1,1,2,1,1,3,1,1,1,1
SF,IF2008,2020-07-06 09:31:52.100,4449.8000,7015,0,1356617940.000,3,1,2,多换,S,4448.2000,4448.0000,4447.8000,4447.4000,4446.0000,4449.8000,4450.0000,4450.2000,4451.4000,4452.0000,1,1,1,1,1,1,3,1,1,1
SF,IF2008,2020-07-06 09:31:52.600,4449.8000,7014,-1,1357952880.000,1,0,1,双平,S,4448.2000,4448.0000,4447.8000,4447.4000,4446.0000,4450.0000,4450.2000,4451.4000,4452.0000,4453.2000,1,1,1,1,1,3,1,1,1,1
SF,IF2008,2020-07-06 09:31:53.100,4450.0000,7015,1,1359287880.000,1,1,0,双开,S,4448.4000,4448.2000,4448.0000,4447.8000,4446.0000,4450.0000,4450.2000,4451.4000,4452.0000,4453.2000,2,1,1,1,1,2,1,1,1,1
SF,IF2008,2020-07-06 09:31:53.600,4450.2000,7015,0,1363292940.000,3,1,2,多换,S,4449.4000,4448.4000,4448.0000,4447.6000,4445.6000,4451.4000,4452.0000,4453.2000,4454.0000,4454.8000,1,2,1,1,1,1,1,1,2,1
SF,IF2008,2020-07-06 09:31:54.100,4451.2000,7014,-1,1364628300.000,1,0,1,双平,S,4449.4000,4448.6000,4448.4000,4448.0000,4445.6000,4451.4000,4452.0000,4453.2000,4454.0000,4454.8000,1,1,2,1,1,1,1,1,2,1
SF,IF2008,2020-07-06 09:31:54.600,4451.2000,7014,0,1364628300.000,0,-,-,-,-,4449.8000,4449.4000,4448.4000,4448.0000,4445.6000,4451.4000,4452.0000,4453.2000,4454.0000,4454.8000,1,1,2,1,1,1,1,1,2,1
SF,IF2008,2020-07-06 09:31:55.100,4450.0000,7013,-1,1365963300.000,1,0,1,双平,S,4450.0000,4449.8000,4449.4000,4448.4000,4448.0000,4451.4000,4452.0000,4453.2000,4454.0000,4454.8000,2,1,1,1,1,1,1,1,2,1
SF,IF2008,2020-07-06 09:31:55.600,4451.4000,7012,-1,1367298720.000,1,0,1,双平,S,4450.0000,4449.8000,4449.4000,4448.4000,4448.0000,4452.0000,4453.2000,4454.0000,4454.8000,4455.8000,4,1,1,1,1,1,1,2,1,1
SF,IF2008,2020-07-06 09:31:56.100,4452.0000,7009,-3,1373974320.000,5,1,4,多平,S,4449.8000,4449.4000,4448.4000,4448.0000,4445.6000,4453.2000,4454.0000,4454.8000,4455.8000,4456.0000,1,1,1,1,1,1,2,1,1,1
SF,IF2008,2020-07-06 09:31:56.600,4452.0000,7009,0,1373974320.000,0,-,-,-,-,4450.4000,4449.4000,4448.4000,4448.0000,4445.6000,4453.0000,4454.0000,4454.8000,4455.8000,4456.0000,1,1,1,1,1,1,2,1,1,1
SF,IF2008,2020-07-06 09:31:57.100,4450.4000,7009,0,1375309440.000,1,0,1,多换,S,4451.2000,4450.4000,4448.4000,4448.0000,4445.6000,4453.0000,4454.0000,4454.8000,4455.8000,4456.0000,1,1,1,1,1,1,2,1,1,1
SF,IF2008,2020-07-06 09:31:57.600,4450.4000,7008,-1,1376644560.000,1,0,1,双平,S,4450.4000,4448.4000,4448.0000,4445.6000,4445.2000,4452.8000,4453.0000,4454.0000,4454.8000,4455.8000,1,1,1,1,1,6,1,2,1,1
SF,IF2008,2020-07-06 09:31:58.100,4450.4000,7008,0,1376644560.000,0,-,-,-,-,4450.4000,4448.4000,4448.0000,4445.6000,4445.2000,4452.6000,4454.0000,4454.8000,4455.8000,4456.0000,1,1,1,1,1,3,2,1,1,1
SF,IF2008,2020-07-06 09:31:58.600,4450.4000,7007,-1,1379314800.000,2,0,2,多平,S,4448.4000,4448.0000,4445.2000,4445.0000,4444.8000,4452.6000,4454.0000,4454.8000,4455.8000,4456.0000,1,1,1,1,1,3,2,1,1,1
SF,IF2008,2020-07-06 09:31:59.100,4450.4000,7007,0,1379314800.000,0,-,-,-,-,4448.6000,4448.4000,4448.0000,4445.2000,4445.0000,4454.0000,4454.8000,4455.8000,4456.0000,4456.2000,2,1,1,1,1,2,1,1,1,1
SF,IF2008,2020-07-06 09:31:59.600,4450.4000,7007,0,1379314800.000,0,-,-,-,-,4452.8000,4448.6000,4448.4000,4448.0000,4445.2000,4453.8000,4454.0000,4454.8000,4455.8000,4456.0000,1,2,1,1,1,1,2,1,1,1
SF,IF2008,2020-07-06 09:32:00.100,4452.8000,7007,0,1380650640.000,1,0,1,多换,S,4448.6000,4448.4000,4448.0000,4445.2000,4445.0000,4452.6000,4452.8000,4453.8000,4454.0000,4454.8000,2,1,1,1,1,1,1,1,2,1
SF,IF2008,2020-07-06 09:32:00.600,4452.8000,7007,0,1380650640.000,0,-,-,-,-,4449.4000,4449.0000,4448.8000,4448.0000,4445.2000,4452.8000,4453.8000,4454.0000,4454.8000,4455.8000,1,1,1,2,1,1,1,2,1,1
SF,IF2008,2020-07-06 09:32:01.100,4452.8000,7007,0,1380650640.000,0,-,-,-,-,4449.6000,4449.4000,4449.0000,4448.6000,4448.0000,4452.6000,4452.8000,4453.8000,4454.0000,4454.8000,1,1,1,2,2,1,1,1,2,1
SF,IF2008,2020-07-06 09:32:01.600,4452.8000,7005,-2,1383322320.000,2,0,2,双平,S,4449.8000,4449.6000,4449.4000,4449.2000,4449.0000,4453.8000,4454.0000,4454.8000,4456.0000,4456.2000,1,1,1,1,1,1,2,1,2,1
SF,IF2008,2020-07-06 09:32:02.100,4452.8000,7005,0,1383322320.000,0,-,-,-,-,4450.0000,4449.8000,4449.4000,4449.0000,4448.0000,4453.8000,4454.0000,4454.8000,4456.0000,4456.2000,1,2,1,1,2,1,2,1,2,1
SF,IF2008,2020-07-06 09:32:02.600,4452.8000,7005,0,1383322320.000,0,-,-,-,-,4450.2000,4450.0000,4449.8000,4449.4000,4449.0000,4453.8000,4454.0000,4454.8000,4456.0000,4456.2000,1,1,3,1,1,1,2,1,2,1
SF,IF2008,2020-07-06 09:32:03.100,4452.8000,7005,0,1383322320.000,0,-,-,-,-,4450.4000,4450.2000,4449.8000,4449.4000,4449.0000,4453.8000,4454.0000,4454.8000,4456.0000,4456.2000,2,2,1,1,1,1,2,1,2,1
SF,IF2008,2020-07-06 09:32:03.600,4453.6000,7006,1,1384658400.000,1,1,0,双开,S,4450.4000,4449.4000,4448.0000,4445.2000,4445.0000,4453.6000,4453.8000,4454.0000,4454.8000,4456.0000,2,1,2,1,1,1,1,2,1,2
SF,IF2008,2020-07-06 09:32:04.100,4453.6000,7006,0,1384658400.000,0,-,-,-,-,4450.4000,4449.4000,4448.0000,4445.2000,4445.0000,4453.6000,4453.8000,4454.0000,4454.8000,4456.0000,2,1,2,1,1,1,1,2,1,2
SF,IF2008,2020-07-06 09:32:04.600,4453.6000,7006,0,1385994480.000,1,0,1,多换,S,4450.4000,4449.4000,4448.0000,4445.2000,4445.0000,4453.8000,4454.0000,4454.8000,4456.0000,4456.2000,3,1,2,1,1,1,2,1,2,1
SF,IF2008,2020-07-06 09:32:05.100,4453.6000,7006,0,1385994480.000,0,-,-,-,-,4450.6000,4450.4000,4449.4000,4448.0000,4445.2000,4453.6000,4454.0000,4454.8000,4456.0000,4456.2000,2,3,1,2,1,1,2,1,2,1
SF,IF2008,2020-07-06 09:32:05.600,4453.6000,7006,0,1385994480.000,0,-,-,-,-,4450.8000,4450.6000,4450.4000,4449.4000,4448.0000,4453.6000,4454.0000,4454.8000,4456.0000,4456.2000,2,2,1,1,2,1,2,1,2,1
SF,IF2008,2020-07-06 09:32:06.100,4453.6000,7005,-1,1392671760.000,5,2,3,多平,S,4451.0000,4450.8000,4450.6000,4450.4000,4449.4000,4454.0000,4454.8000,4456.0000,4456.2000,4460.0000,2,4,2,2,1,2,1,2,1,1
SF,IF2008,2020-07-06 09:32:06.600,4453.6000,7005,0,1392671760.000,0,-,-,-,-,4451.2000,4451.0000,4450.6000,4450.4000,4449.4000,4453.8000,4454.0000,4454.8000,4456.0000,4456.2000,1,2,2,1,1,1,2,1,2,1
SF,IF2008,2020-07-06 09:32:07.100,4453.6000,7005,0,1392671760.000,0,-,-,-,-,4451.4000,4451.2000,4451.0000,4450.6000,4450.4000,4453.8000,4454.0000,4454.8000,4456.0000,4456.2000,1,2,2,1,1,1,2,1,2,1
SF,IF2008,2020-07-06 09:32:07.600,4453.6000,7005,0,1392671760.000,0,-,-,-,-,4451.6000,4451.4000,4451.2000,4451.0000,4450.6000,4453.8000,4454.0000,4454.8000,4456.0000,4456.2000,1,1,2,2,1,1,2,1,2,1
SF,IF2008,2020-07-06 09:32:08.100,4453.8000,7006,1,1394007900.000,1,1,0,双开,S,4451.8000,4451.6000,4451.2000,4451.0000,4450.8000,4454.0000,4454.8000,4456.0000,4456.2000,4460.0000,1,1,1,2,1,2,1,2,1,1
SF,IF2008,2020-07-06 09:32:08.600,4453.8000,7006,0,1394007900.000,0,-,-,-,-,4451.8000,4451.6000,4451.2000,4451.0000,4450.6000,4454.0000,4454.8000,4456.0000,4456.2000,4460.0000,2,1,1,2,1,2,1,2,1,1
SF,IF2008,2020-07-06 09:32:09.100,4454.0000,7004,-2,1396680300.000,2,0,2,双平,S,4453.8000,4453.0000,4452.0000,4451.8000,4451.6000,4454.8000,4456.0000,4456.2000,4460.0000,4475.0000,1,1,2,2,1,1,2,1,1,2
SF,IF2008,2020-07-06 09:32:09.600,4454.8000,7003,-1,1398016740.000,1,0,1,双平,S,4454.0000,4453.8000,4453.0000,4452.0000,4451.6000,4456.0000,4456.2000,4460.0000,4475.0000,4494.6000,1,1,1,2,1,2,1,1,2,8
SF,IF2008,2020-07-06 09:32:10.100,4454.8000,7003,0,1398016740.000,0,-,-,-,-,4454.2000,4453.8000,4453.0000,4452.0000,4451.6000,4455.8000,4456.0000,4460.0000,4475.0000,4494.6000,1,1,1,2,1,1,2,1,2,8
SF,IF2008,2020-07-06 09:32:10.600,4454.8000,7003,0,1398016740.000,0,-,-,-,-,4454.2000,4453.8000,4453.0000,4452.0000,4451.6000,4455.8000,4456.0000,4460.0000,4475.0000,4494.6000,1,1,1,2,1,1,2,1,2,8
SF,IF2008,2020-07-06 09:32:11.100,4454.8000,7003,0,1398016740.000,0,-,-,-,-,4454.4000,4454.2000,4453.8000,4453.0000,4452.0000,4456.0000,4460.0000,4475.0000,4494.6000,4499.8000,1,1,1,1,2,2,1,2,8,2
SF,IF2008,2020-07-06 09:32:11.600,4454.8000,7003,0,1398016740.000,0,-,-,-,-,4454.4000,4454.2000,4454.0000,4453.8000,4452.0000,4456.0000,4460.0000,4475.0000,4494.6000,4499.8000,1,1,1,1,2,2,1,2,8,2
SF,IF2008,2020-07-06 09:32:12.100,4454.8000,7003,0,1398016740.000,0,-,-,-,-,4455.0000,4454.4000,4454.2000,4454.0000,4453.8000,4456.0000,4475.0000,4494.6000,4499.8000,4524.6000,1,1,1,1,1,2,2,8,2,1
SF,IF2008,2020-07-06 09:32:12.600,4454.8000,7003,0,1398016740.000,0,-,-,-,-,4455.2000,4454.4000,4454.2000,4454.0000,4453.8000,4456.0000,4475.0000,4494.6000,4499.8000,4524.6000,1,1,1,1,1,2,2,8,2,1
SF,IF2008,2020-07-06 09:32:13.100,4456.0000,7003,0,1400690340.000,2,1,1,多换,S,4456.0000,4455.2000,4454.4000,4454.2000,4454.0000,4475.0000,4494.6000,4499.8000,4524.6000,4527.0000,2,1,1,1,1,2,8,2,1,2
SF,IF2008,2020-07-06 09:32:13.600,4456.0000,7003,0,1400690340.000,0,-,-,-,-,4456.2000,4456.0000,4455.2000,4454.4000,4453.8000,4460.8000,4461.0000,4463.4000,4464.0000,4464.2000,1,1,2,1,1,1,1,3,1,1
SF,IF2008,2020-07-06 09:32:14.100,4456.0000,7003,0,1400690340.000,0,-,-,-,-,4456.2000,4456.0000,4455.2000,4454.4000,4453.8000,4460.4000,4460.8000,4461.0000,4463.4000,4464.0000,1,1,2,1,1,1,1,1,3,1
SF,IF2008,2020-07-06 09:32:14.600,4456.0000,7003,0,1400690340.000,0,-,-,-,-,4458.4000,4456.2000,4456.0000,4455.2000,4454.4000,4460.8000,4461.0000,4463.4000,4464.0000,4464.2000,1,1,1,2,1,1,1,3,1,1
SF,IF2008,2020-07-06 09:32:15.100,4458.2000,7000,-3,1406040180.000,4,0,4,多平,S,4460.4000,4456.8000,4456.0000,4455.2000,4454.4000,4460.8000,4461.0000,4464.0000,4464.4000,4465.8000,1,1,2,2,1,1,1,1,3,1
SF,IF2008,2020-07-06 09:32:15.600,4456.8000,6999,-1,1408715340.000,2,0,2,多平,S,4456.0000,4455.2000,4454.4000,4453.8000,4451.0000,4460.0000,4460.2000,4460.4000,4460.8000,4461.0000,2,2,1,1,1,3,6,2,1,1
SF,IF2008,2020-07-06 09:32:16.100,4456.8000,6999,0,1408715340.000,0,-,-,-,-,4456.2000,4456.0000,4455.2000,4454.4000,4453.8000,4460.0000,4460.2000,4460.8000,4461.0000,4464.0000,2,2,2,1,1,3,5,1,1,1
SF,IF2008,2020-07-06 09:32:17.100,4456.2000,6997,-2,1411389060.000,2,0,2,双平,S,4456.0000,4455.2000,4454.4000,4453.8000,4451.0000,4460.0000,4460.2000,4460.8000,4461.0000,4464.0000,3,2,1,1,1,3,5,1,1,1
SF,IF2008,2020-07-06 09:32:17.600,4456.0000,6996,-1,1414062660.000,2,0,2,多平,S,4456.0000,4455.2000,4453.8000,4451.0000,4450.6000,4460.0000,4460.2000,4460.8000,4461.0000,4464.0000,1,2,1,1,1,3,5,1,1,1
SF,IF2008,2020-07-06 09:32:18.100,4456.0000,6996,0,1414062660.000,0,-,-,-,-,4456.0000,4455.2000,4453.8000,4451.0000,4450.6000,4459.8000,4460.0000,4460.2000,4460.8000,4461.0000,1,2,1,1,1,3,3,5,1,1
SF,IF2008,2020-07-06 09:32:18.600,4459.6000,6996,0,1418075220.000,3,1,2,多换,S,4455.2000,4453.8000,4451.0000,4450.6000,4450.4000,4459.8000,4460.0000,4460.2000,4460.8000,4461.0000,1,1,1,1,1,3,3,5,1,1
SF,IF2008,2020-07-06 09:32:19.100,4455.2000,6995,-1,1419411780.000,1,0,1,双平,S,4453.8000,4451.0000,4450.6000,4450.4000,4450.2000,4458.0000,4459.2000,4459.8000,4460.0000,4460.2000,1,1,1,1,1,1,1,1,3,5
SF,IF2008,2020-07-06 09:32:19.600,4455.2000,6995,0,1419411780.000,0,-,-,-,-,4455.0000,4453.8000,4450.6000,4450.4000,4450.2000,4457.8000,4458.0000,4459.2000,4459.8000,4460.0000,6,1,1,1,1,1,1,1,1,3
SF,IF2008,2020-07-06 09:32:20.100,4455.0000,6995,0,1424757780.000,4,2,2,多换,S,4455.0000,4453.8000,4450.6000,4450.4000,4450.2000,4457.6000,4457.8000,4458.0000,4459.2000,4459.8000,2,1,1,1,1,1,1,1,1,1
SF,IF2008,2020-07-06 09:32:20.600,4455.0000,6995,0,1424757780.000,0,-,-,-,-,4455.0000,4453.8000,4450.6000,4450.4000,4450.2000,4457.4000,4457.8000,4458.0000,4459.2000,4459.4000,2,1,1,1,1,1,1,1,1,1
SF,IF2008,2020-07-06 09:32:21.100,4455.0000,6995,0,1424757780.000,0,-,-,-,-,4455.4000,4455.0000,4453.8000,4450.6000,4450.4000,4457.4000,4457.6000,4457.8000,4458.0000,4459.2000,1,2,1,1,1,1,1,1,1,1
SF,IF2008,2020-07-06 09:32:21.600,4455.0000,6995,0,1424757780.000,0,-,-,-,-,4455.4000,4455.0000,4453.8000,4450.6000,4450.4000,4457.4000,4457.8000,4458.0000,4459.2000,4459.4000,1,2,1,1,1,1,1,1,1,1
SF,IF2008,2020-07-06 09:32:22.100,4457.8000,6993,-2,1427432340.000,2,0,2,双平,S,4455.4000,4455.0000,4453.8000,4450.6000,4450.4000,4458.0000,4459.2000,4459.4000,4459.8000,4460.0000,1,2,1,1,1,1,1,1,1,3
SF,IF2008,2020-07-06 09:32:22.600,4457.8000,6993,0,1427432340.000,0,-,-,-,-,4457.4000,4455.6000,4455.4000,4455.0000,4453.8000,4459.2000,4459.4000,4459.8000,4460.0000,4460.2000,1,1,1,2,1,1,1,1,3,5
SF,IF2008,2020-07-06 09:32:23.100,4457.4000,6993,0,1428769560.000,1,0,1,多换,S,4455.6000,4455.4000,4455.0000,4453.8000,4450.6000,4457.2000,4459.2000,4459.4000,4459.8000,4460.0000,1,1,2,1,1,3,1,1,1,1
SF,IF2008,2020-07-06 09:32:23.600,4457.4000,6993,0,1428769560.000,0,-,-,-,-,4456.0000,4455.6000,4455.4000,4455.0000,4453.8000,4459.8000,4460.0000,4464.4000,4465.8000,4466.0000,5,1,1,2,1,1,1,3,1,1
SF,IF2008,2020-07-06 09:32:24.100,4457.4000,6993,0,1428769560.000,0,-,-,-,-,4456.0000,4455.4000,4455.0000,4453.8000,4450.6000,4459.6000,4459.8000,4460.0000,4464.4000,4465.8000,5,1,2,1,1,1,1,1,3,1
SF,IF2008,2020-07-06 09:32:24.600,4456.0000,6993,0,1430106360.000,1,0,1,多换,S,4456.0000,4455.4000,4455.0000,4453.8000,4450.6000,4459.6000,4459.8000,4460.0000,4464.4000,4465.8000,4,1,2,1,1,1,1,1,3,3
SF,IF2008,2020-07-06 09:32:25.100,4459.6000,6993,0,1431444240.000,1,0,1,多换,S,4456.6000,4456.0000,4455.4000,4455.0000,4453.8000,4459.8000,4460.0000,4462.6000,4464.4000,4465.8000,1,4,1,5,1,1,1,1,3,3
SF,IF2008,2020-07-06 09:32:25.600,4459.6000,6993,0,1431444240.000,0,-,-,-,-,4456.6000,4456.0000,4455.4000,4455.0000,4453.8000,4459.2000,4459.8000,4460.0000,4462.6000,4464.4000,1,4,1,5,1,1,1,1,1,3
SF,IF2008,2020-07-06 09:32:26.100,4459.6000,6993,0,1431444240.000,0,-,-,-,-,4459.2000,4456.6000,4456.0000,4455.4000,4455.0000,4459.8000,4460.0000,4462.6000,4464.4000,4465.8000,1,1,4,1,8,1,1,1,3,3
SF,IF2008,2020-07-06 09:32:26.600,4459.2000,6992,-1,1432782000.000,1,0,1,双平,S,4456.6000,4456.0000,4455.4000,4455.0000,4453.8000,4458.8000,4459.0000,4459.2000,4459.8000,4460.0000,1,4,1,8,1,2,5,1,1,1
SF,IF2008,2020-07-06 09:32:27.100,4459.0000,6991,-1,1436794980.000,3,1,2,多平,S,4456.8000,4456.6000,4456.0000,4455.4000,4455.0000,4459.0000,4459.8000,4460.0000,4462.6000,4464.4000,1,1,4,1,8,4,1,1,1,3
SF,IF2008,2020-07-06 09:32:27.600,4459.0000,6991,0,1436794980.000,0,-,-,-,-,4456.8000,4456.6000,4456.0000,4455.4000,4455.0000,4459.0000,4459.8000,4460.0000,4462.6000,4464.4000,1,1,4,1,8,4,1,1,1,3
SF,IF2008,2020-07-06 09:32:28.100,4459.0000,6991,0,1438132680.000,1,0,1,多换,S,4457.2000,4456.8000,4456.6000,4456.0000,4455.0000,4459.0000,4459.8000,4460.0000,4462.6000,4464.4000,1,1,1,4,8,3,1,1,1,3
SF,IF2008,2020-07-06 09:32:28.600,4459.0000,6991,0,1438132680.000,0,-,-,-,-,4457.4000,4457.2000,4456.8000,4456.6000,4456.0000,4460.0000,4462.6000,4464.4000,4465.8000,4466.0000,2,1,1,1,4,1,1,3,3,1
SF,IF2008,2020-07-06 09:32:29.100,4460.0000,6991,0,1439470680.000,1,0,1,多换,S,4457.8000,4457.4000,4457.2000,4456.6000,4456.0000,4462.6000,4464.4000,4465.8000,4466.0000,4474.4000,1,2,1,1,4,1,3,3,1,4
SF,IF2008,2020-07-06 09:32:29.600,4460.0000,6991,0,1439470680.000,0,-,-,-,-,4457.8000,4457.4000,4457.2000,4457.0000,4456.6000,4460.8000,4461.0000,4462.0000,4462.6000,4464.4000,1,2,1,1,1,1,1,3,1,3
SF,IF2008,2020-07-06 09:32:30.100,4460.8000,6990,-1,1440808920.000,1,0,1,双平,S,4458.0000,4457.8000,4457.4000,4457.2000,4457.0000,4461.0000,4462.6000,4464.4000,4465.8000,4466.0000,1,1,2,2,1,1,1,3,3,1
SF,IF2008,2020-07-06 09:32:30.600,4460.8000,6990,0,1440808920.000,0,-,-,-,-,4460.0000,4458.4000,4458.0000,4457.8000,4457.4000,4461.0000,4462.6000,4464.4000,4465.8000,4466.0000,2,1,1,1,2,1,1,3,2,1
SF,IF2008,2020-07-06 09:32:31.100,4460.0000,6990,0,1443484920.000,2,1,1,多换,S,4458.4000,4457.8000,4457.4000,4457.2000,4457.0000,4459.8000,4460.0000,4461.0000,4464.4000,4465.8000,1,1,2,2,1,1,2,1,3,2
SF,IF2008,2020-07-06 09:32:31.600,4460.0000,6990,0,1443484920.000,0,-,-,-,-,4460.0000,4458.6000,4457.8000,4457.4000,4457.2000,4461.0000,4464.4000,4465.8000,4466.0000,4474.4000,1,1,1,2,2,1,3,2,1,4
SF,IF2008,2020-07-06 09:32:32.100,4460.0000,6990,0,1444822920.000,1,0,1,多换,S,4458.6000,4457.4000,4457.2000,4457.0000,4456.6000,4460.0000,4461.0000,4464.4000,4465.8000,4466.0000,2,1,1,1,1,1,1,3,2,1
SF,IF2008,2020-07-06 09:32:32.600,4460.0000,6989,-1,1446160920.000,1,0,1,双平,S,4460.2000,4458.6000,4457.4000,4457.2000,4457.0000,4461.0000,4464.4000,4465.8000,4466.0000,4474.4000,1,2,1,1,1,1,3,2,1,4
SF,IF2008,2020-07-06 09:32:33.100,4460.2000,6988,-1,1448837040.000,2,0,2,多平,S,4458.6000,4457.4000,4457.2000,4457.0000,4456.6000,4461.0000,4464.4000,4465.8000,4466.0000,4474.4000,1,1,1,1,1,1,3,2,1,4
SF,IF2008,2020-07-06 09:32:33.600,4458.6000,6988,0,1450174620.000,1,0,1,多换,S,4457.4000,4457.2000,4457.0000,4456.6000,4456.0000,4461.0000,4464.4000,4465.8000,4466.0000,4474.4000,1,1,1,1,4,1,3,2,1,4
SF,IF2008,2020-07-06 09:32:34.100,4458.6000,6988,0,1450174620.000,0,-,-,-,-,4459.0000,4457.4000,4457.2000,4457.0000,4456.6000,4460.8000,4461.0000,4464.4000,4465.8000,4466.0000,3,1,1,1,1,1,1,3,2,1
SF,IF2008,2020-07-06 09:32:34.600,4459.0000,6987,-1,1454187480.000,3,1,2,多平,S,4457.4000,4457.2000,4457.0000,4456.6000,4456.0000,4460.8000,4461.0000,4464.4000,4465.8000,4466.0000,1,1,1,1,4,1,1,3,2,1
SF,IF2008,2020-07-06 09:32:35.100,4459.0000,6987,0,1454187480.000,0,-,-,-,-,4457.4000,4457.2000,4456.6000,4456.0000,4455.0000,4460.4000,4460.8000,4461.0000,4464.4000,4465.8000,1,1,1,4,2,1,1,1,3,2
SF,IF2008,2020-07-06 09:32:36.100,4459.0000,6987,0,1454187480.000,0,-,-,-,-,4457.8000,4457.4000,4457.2000,4456.6000,4456.0000,4458.6000,4460.4000,4460.8000,4461.0000,4464.4000,1,1,1,1,4,1,1,1,1,3
SF,IF2008,2020-07-06 09:32:36.600,4460.4000,6987,0,1456863180.000,2,1,1,多换,S,4457.2000,4456.6000,4456.2000,4456.0000,4455.0000,4460.8000,4461.0000,4464.4000,4465.8000,4466.0000,1,1,1,4,2,1,1,3,2,1
SF,IF2008,2020-07-06 09:32:37.100,4460.4000,6987,0,1456863180.000,0,-,-,-,-,4457.4000,4457.2000,4456.6000,4456.2000,4456.0000,4460.8000,4461.0000,4464.4000,4465.8000,4466.0000,1,1,1,1,4,1,1,3,2,1
SF,IF2008,2020-07-06 09:32:37.600,4460.4000,6987,0,1456863180.000,0,-,-,-,-,4457.8000,4457.2000,4456.6000,4456.0000,4455.0000,4460.6000,4460.8000,4461.0000,4464.4000,4465.8000,1,1,1,4,2,3,1,1,3,2
SF,IF2008,2020-07-06 09:32:38.100,4457.8000,6986,-1,1458200520.000,1,0,1,双平,S,4459.0000,4457.2000,4456.6000,4456.0000,4455.0000,4461.0000,4464.4000,4465.8000,4466.0000,4474.4000,3,1,1,4,2,1,3,2,1,4
SF,IF2008,2020-07-06 09:32:38.600,4459.0000,6985,-1,1462213620.000,3,1,2,多平,S,4457.2000,4456.6000,4456.0000,4455.0000,4454.2000,4459.0000,4460.8000,4461.0000,4464.4000,4465.8000,1,1,4,2,1,1,3,1,3,2
SF,IF2008,2020-07-06 09:32:39.100,4457.2000,6986,1,1463550780.000,1,1,0,双开,S,4459.0000,4456.6000,4456.0000,4455.0000,4454.2000,4460.8000,4461.0000,4462.2000,4464.4000,4465.8000,3,1,4,2,1,3,1,3,3,2
SF,IF2008,2020-07-06 09:32:39.600,4459.0000,6983,-3,1468901580.000,4,0,4,多平,S,4456.6000,4456.0000,4455.8000,4455.0000,4454.2000,4458.8000,4459.0000,4459.2000,4460.8000,4462.2000,1,4,1,2,1,1,2,1,3,3
SF,IF2008,2020-07-06 09:32:40.100,4459.0000,6980,-3,1472914680.000,3,0,3,双平,S,4456.6000,4456.0000,4455.8000,4455.0000,4454.2000,4459.2000,4460.8000,4462.2000,4464.4000,4465.8000,1,4,1,2,1,1,3,3,3,2
SF,IF2008,2020-07-06 09:32:40.600,4459.0000,6980,0,1472914680.000,0,-,-,-,-,4456.6000,4456.0000,4455.0000,4454.6000,4454.2000,4459.2000,4460.8000,4462.2000,4464.4000,4465.8000,1,4,2,1,1,1,3,3,3,2
SF,IF2008,2020-07-06 09:32:41.100,4459.0000,6980,0,1472914680.000,0,-,-,-,-,4456.8000,4456.6000,4456.0000,4455.0000,4454.6000,4459.2000,4460.8000,4462.2000,4464.4000,4465.8000,1,1,4,2,1,1,3,3,3,2
SF,IF2008,2020-07-06 09:32:41.600,4456.8000,6980,0,1474251720.000,1,0,1,多换,S,4456.6000,4456.0000,4455.0000,4454.6000,4454.2000,4459.2000,4460.2000,4460.8000,4462.2000,4464.4000,1,4,2,1,1,1,1,3,3,3
SF,IF2008,2020-07-06 09:32:42.100,4459.2000,6979,-1,1476926460.000,2,0,2,多平,S,4456.0000,4455.0000,4454.6000,4454.2000,4453.8000,4460.2000,4460.8000,4462.2000,4464.4000,4465.8000,4,2,1,1,1,1,3,3,3,2
SF,IF2008,2020-07-06 09:32:42.600,4459.2000,6979,0,1478264220.000,1,0,1,多换,S,4456.0000,4455.0000,4453.8000,4453.6000,4450.6000,4459.2000,4460.2000,4460.8000,4462.2000,4464.4000,4,2,1,1,1,2,1,3,3,3
SF,IF2008,2020-07-06 09:32:43.100,4459.2000,6979,0,1478264220.000,0,-,-,-,-,4456.0000,4455.6000,4455.0000,4453.8000,4453.6000,4459.2000,4460.2000,4460.4000,4460.8000,4462.2000,4,1,2,1,1,2,1,1,3,3
SF,IF2008,2020-07-06 09:32:43.600,4456.0000,6979,0,1479601020.000,1,0,1,多换,S,4456.0000,4455.6000,4455.0000,4453.8000,4453.6000,4459.2000,4460.2000,4460.4000,4460.8000,4462.2000,3,1,2,1,1,2,1,1,3,3
SF,IF2008,2020-07-06 09:32:44.100,4456.0000,6979,0,1480937820.000,1,0,1,多换,S,4456.0000,4455.0000,4453.8000,4453.6000,4450.6000,4459.0000,4459.2000,4460.2000,4460.4000,4460.8000,2,2,1,1,1,8,2,1,1,3
SF,IF2008,2020-07-06 09:32:44.600,4456.0000,6979,0,1480937820.000,0,-,-,-,-,4456.0000,4455.0000,4453.8000,4453.6000,4450.6000,4458.6000,4459.0000,4459.2000,4460.4000,4460.8000,2,2,1,1,1,1,8,2,1,3
SF,IF2008,2020-07-06 09:32:45.100,4456.0000,6978,-1,1484948940.000,3,1,2,多平,S,4456.6000,4455.0000,4453.8000,4453.6000,4450.6000,4458.6000,4459.0000,4459.2000,4460.4000,4460.8000,2,2,1,1,1,1,8,2,1,3
SF,IF2008,2020-07-06 09:32:45.600,4458.4000,6977,-1,1486286460.000,1,0,1,双平,S,4456.6000,4455.0000,4453.8000,4453.6000,4450.6000,4458.6000,4459.0000,4459.2000,4460.8000,4462.2000,2,2,1,1,1,1,8,2,3,3
SF,IF2008,2020-07-06 09:32:46.100,4458.4000,6977,0,1486286460.000,0,-,-,-,-,4458.0000,4456.6000,4455.0000,4453.8000,4453.6000,4459.0000,4459.2000,4460.8000,4462.2000,4464.4000,5,2,2,1,1,8,2,3,3,3
SF,IF2008,2020-07-06 09:32:46.600,4459.0000,6974,-3,1491636840.000,4,0,4,多平,S,4458.6000,4458.0000,4456.6000,4453.8000,4453.6000,4459.0000,4460.8000,4462.2000,4464.4000,4465.8000,3,4,2,1,1,7,3,3,3,2
SF,IF2008,2020-07-06 09:32:47.100,4459.0000,6969,-5,1498325340.000,5,0,5,双平,S,4458.6000,4458.0000,4456.6000,4453.8000,4453.6000,4459.0000,4460.8000,4462.2000,4464.4000,4465.8000,3,4,2,1,1,2,3,3,3,2
SF,IF2008,2020-07-06 09:32:47.600,4459.0000,6967,-2,1501000740.000,2,0,2,双平,S,4458.6000,4458.0000,4456.0000,4455.0000,4453.8000,4460.8000,4462.2000,4464.4000,4465.8000,4466.0000,3,4,1,1,1,3,3,3,2,1
SF,IF2008,2020-07-06 09:32:48.100,4459.6000,6968,1,1503676860.000,2,1,1,空开,S,4459.6000,4458.6000,4458.0000,4456.0000,4455.0000,4460.8000,4462.2000,4464.4000,4465.8000,4466.0000,1,3,4,1,1,2,3,3,2,1
SF,IF2008,2020-07-06 09:32:48.600,4460.8000,6968,0,1506352980.000,2,1,1,多换,S,4458.6000,4458.0000,4455.0000,4453.8000,4450.6000,4460.8000,4462.2000,4464.4000,4465.8000,4466.0000,3,4,1,1,1,1,3,3,2,1
SF,IF2008,2020-07-06 09:32:49.100,4460.8000,6968,0,1507691220.000,1,0,1,多换,S,4458.6000,4458.0000,4455.0000,4453.8000,4450.6000,4462.2000,4464.4000,4465.8000,4466.0000,4474.4000,3,4,1,1,1,3,3,2,1,4
SF,IF2008,2020-07-06 09:32:49.600,4460.8000,6968,0,1507691220.000,0,-,-,-,-,4458.6000,4458.0000,4453.8000,4453.6000,4450.6000,4461.0000,4461.4000,4462.2000,4464.4000,4465.8000,3,4,1,1,1,3,3,3,3,2
SF,IF2008,2020-07-06 09:32:50.100,4460.8000,6968,0,1507691220.000,0,-,-,-,-,4458.8000,4458.6000,4458.0000,4455.6000,4453.8000,4461.0000,4462.0000,4462.2000,4464.4000,4465.8000,3,3,4,1,1,3,1,3,3,2
SF,IF2008,2020-07-06 09:32:50.600,4460.8000,6968,0,1507691220.000,0,-,-,-,-,4458.8000,4458.6000,4458.0000,4453.8000,4450.6000,4461.0000,4462.0000,4462.2000,4464.4000,4465.8000,3,3,4,2,1,3,1,3,3,2
SF,IF2008,2020-07-06 09:32:51.100,4460.8000,6968,0,1507691220.000,0,-,-,-,-,4458.6000,4458.0000,4453.8000,4450.6000,4450.2000,4461.0000,4462.0000,4462.2000,4464.4000,4465.8000,3,4,2,1,1,3,1,3,3,2
SF,IF2008,2020-07-06 09:32:51.600,4458.6000,6967,-1,1509028800.000,1,0,1,双平,S,4458.6000,4458.0000,4456.6000,4453.8000,4450.6000,4461.0000,4462.0000,4462.2000,4464.4000,4465.8000,2,4,1,1,1,3,1,3,3,2
SF,IF2008,2020-07-06 09:32:52.100,4458.6000,6966,-1,1510366380.000,1,0,1,双平,S,4458.6000,4458.0000,4455.0000,4453.8000,4450.6000,4460.8000,4461.0000,4462.2000,4464.4000,4465.8000,1,4,1,1,1,3,3,3,3,2
SF,IF2008,2020-07-06 09:32:52.600,4458.6000,6965,-1,1511703960.000,1,0,1,双平,S,4458.0000,4455.0000,4453.8000,4450.6000,4450.2000,4460.6000,4461.0000,4462.2000,4464.4000,4465.8000,4,1,1,1,1,3,3,3,3,2
SF,IF2008,2020-07-06 09:32:53.100,4458.6000,6965,0,1511703960.000,0,-,-,-,-,4458.0000,4453.8000,4450.6000,4450.2000,4449.8000,4460.4000,4461.0000,4462.2000,4464.4000,4465.8000,4,2,1,1,1,3,3,3,3,2
SF,IF2008,2020-07-06 09:32:54.600,4460.4000,6965,0,1513042080.000,1,0,1,多换,S,4458.0000,4456.6000,4453.8000,4450.6000,4450.2000,4460.4000,4461.0000,4462.2000,4464.4000,4465.8000,4,1,1,1,1,2,3,3,3,2
SF,IF2008,2020-07-06 09:32:55.100,4460.4000,6965,0,1513042080.000,0,-,-,-,-,4458.0000,4456.6000,4453.8000,4450.6000,4450.2000,4460.0000,4460.4000,4461.0000,4462.2000,4464.4000,4,1,1,1,1,1,2,3,3,3
SF,IF2008,2020-07-06 09:32:55.600,4460.4000,6965,0,1513042080.000,0,-,-,-,-,4458.2000,4458.0000,4454.6000,4453.8000,4450.6000,4460.0000,4460.4000,4461.0000,4462.2000,4464.4000,2,4,1,1,1,1,2,3,3,3
SF,IF2008,2020-07-06 09:32:56.100,4458.0000,6965,0,1523741400.000,8,4,4,多换,S,4458.2000,4454.6000,4453.8000,4450.6000,4450.2000,4460.0000,4460.4000,4461.0000,4462.2000,4464.4000,2,1,1,1,1,1,2,3,3,3
SF,IF2008,2020-07-06 09:32:56.600,4458.0000,6965,0,1523741400.000,0,-,-,-,-,4458.2000,4454.6000,4453.8000,4450.6000,4450.2000,4460.0000,4460.4000,4461.0000,4462.2000,4464.4000,2,1,1,1,1,1,2,3,3,3
SF,IF2008,2020-07-06 09:32:57.100,4460.0000,6966,1,1525079400.000,1,1,0,双开,S,4460.0000,4455.8000,4453.8000,4450.6000,4450.2000,4461.0000,4462.2000,4464.4000,4465.8000,4466.0000,1,1,1,1,1,3,3,3,2,1
SF,IF2008,2020-07-06 09:32:57.600,4460.0000,6966,0,1526417400.000,1,0,1,多换,S,4455.8000,4453.8000,4450.6000,4450.2000,4449.8000,4459.8000,4461.0000,4462.2000,4464.4000,4465.8000,1,1,1,1,1,1,3,3,3,2
SF,IF2008,2020-07-06 09:32:58.100,4460.0000,6966,0,1526417400.000,0,-,-,-,-,4453.8000,4453.6000,4450.6000,4450.2000,4449.8000,4461.0000,4462.2000,4464.4000,4465.8000,4466.0000,1,1,1,1,1,3,3,3,2,1
SF,IF2008,2020-07-06 09:32:58.600,4460.0000,6966,0,1526417400.000,0,-,-,-,-,4453.8000,4453.6000,4450.6000,4450.2000,4449.8000,4460.6000,4460.8000,4461.0000,4462.2000,4464.4000,1,1,1,1,1,1,2,3,3,3
SF,IF2008,2020-07-06 09:32:59.100,4460.0000,6966,0,1526417400.000,0,-,-,-,-,4453.8000,4453.6000,4450.6000,4450.2000,4449.8000,4460.6000,4460.8000,4461.0000,4462.2000,4464.4000,1,1,1,1,1,1,4,3,3,3
SF,IF2008,2020-07-06 09:32:59.600,4454.0000,6965,-1,1533099120.000,5,2,3,多平,S,4454.0000,4453.8000,4450.6000,4450.2000,4449.8000,4460.6000,4460.8000,4461.0000,4462.2000,4464.4000,2,3,1,1,1,1,3,3,3,3
SF,IF2008,2020-07-06 09:33:00.100,4454.0000,6965,0,1533099120.000,0,-,-,-,-,4454.2000,4454.0000,4453.8000,4450.6000,4450.2000,4460.8000,4461.0000,4462.2000,4464.4000,4465.8000,1,3,3,1,1,1,3,3,3,2
SF,IF2008,2020-07-06 09:33:00.600,4461.0000,6966,1,1535775660.000,2,1,1,空开,S,4454.4000,4454.2000,4454.0000,4453.8000,4450.6000,4461.0000,4462.2000,4464.4000,4465.8000,4466.0000,1,1,2,3,1,2,3,3,2,1
SF,IF2008,2020-07-06 09:33:01.100,4461.0000,6968,2,1538452260.000,2,2,0,双开,S,4461.0000,4454.6000,4454.4000,4454.0000,4453.8000,4462.2000,4464.4000,4465.8000,4466.0000,4467.8000,2,3,1,2,1,3,3,2,1,1
SF,IF2008,2020-07-06 09:33:01.600,4461.0000,6968,0,1541128860.000,2,1,1,多换,S,4454.6000,4454.4000,4453.8000,4450.6000,4450.4000,4460.0000,4462.2000,4464.4000,4465.8000,4466.0000,4,2,1,1,1,2,3,3,2,1
SF,IF2008,2020-07-06 09:33:02.100,4460.8000,6968,0,1543805340.000,2,1,1,多换,S,4460.2000,4460.0000,4457.6000,4456.0000,4454.6000,4462.2000,4464.4000,4465.8000,4466.0000,4467.8000,1,1,1,2,3,3,3,2,1,1
SF,IF2008,2020-07-06 09:33:02.600,4460.0000,6962,-6,1553174040.000,7,0,7,多平,S,4456.0000,4455.2000,4454.6000,4454.4000,4450.6000,4460.0000,4461.4000,4462.0000,4464.4000,4465.8000,2,2,1,2,1,7,1,1,3,2
SF,IF2008,2020-07-06 09:33:03.100,4460.0000,6956,-6,1563878040.000,8,1,7,多平,S,4456.2000,4456.0000,4455.2000,4454.6000,4454.4000,4461.4000,4464.4000,4466.0000,4467.8000,4470.4000,2,2,2,1,1,1,3,1,1,2
SF,IF2008,2020-07-06 09:33:03.600,4460.4000,6955,-1,1566554580.000,2,0,2,多平,S,4459.4000,4459.0000,4456.2000,4456.0000,4455.2000,4464.4000,4466.0000,4467.8000,4470.4000,4472.6000,2,1,2,2,2,3,1,1,2,1
SF,IF2008,2020-07-06 09:33:04.100,4460.4000,6955,0,1566554580.000,0,-,-,-,-,4459.6000,4459.4000,4457.2000,4456.2000,4456.0000,4464.2000,4466.0000,4467.8000,4470.4000,4472.6000,1,2,1,1,2,1,1,1,2,1
SF,IF2008,2020-07-06 09:33:04.600,4460.4000,6955,0,1566554580.000,0,-,-,-,-,4459.6000,4459.4000,4457.2000,4456.2000,4456.0000,4460.0000,4464.2000,4467.8000,4470.4000,4472.6000,1,2,1,1,2,1,1,1,2,1
SF,IF2008,2020-07-06 09:33:05.100,4460.0000,6952,-3,1570568580.000,3,0,3,双平,S,4460.0000,4459.4000,4457.2000,4456.2000,4456.0000,4464.2000,4467.8000,4470.4000,4472.6000,4474.4000,1,2,1,1,2,1,1,2,1,4
SF,IF2008,2020-07-06 09:33:05.600,4460.0000,6952,0,1570568580.000,0,-,-,-,-,4460.2000,4460.0000,4459.4000,4457.2000,4456.2000,4463.6000,4464.2000,4467.8000,4470.2000,4470.4000,1,1,2,1,1,3,1,1,1,2
SF,IF2008,2020-07-06 09:33:06.100,4460.0000,6952,0,1570568580.000,0,-,-,-,-,4460.6000,4460.2000,4459.6000,4456.2000,4456.0000,4464.2000,4467.8000,4470.2000,4470.4000,4472.6000,1,1,1,1,2,1,1,1,2,1
SF,IF2008,2020-07-06 09:33:06.600,4460.0000,6952,0,1570568580.000,0,-,-,-,-,4460.8000,4460.6000,4459.6000,4456.0000,4455.2000,4464.2000,4467.8000,4470.2000,4470.4000,4472.6000,1,1,1,2,2,1,1,1,2,1
SF,IF2008,2020-07-06 09:33:07.100,4460.8000,6951,-1,1571906820.000,1,0,1,双平,S,4462.4000,4461.4000,4459.6000,4456.0000,4455.2000,4464.0000,4464.2000,4467.8000,4470.2000,4470.4000,1,2,1,2,2,4,2,1,1,2
SF,IF2008,2020-07-06 09:33:07.600,4462.2000,6949,-2,1577261040.000,4,1,3,多平,S,4459.6000,4456.0000,4455.2000,4450.6000,4450.2000,4464.0000,4464.2000,4467.8000,4470.2000,4470.4000,1,3,2,1,1,1,1,1,1,2
SF,IF2008,2020-07-06 09:33:08.100,4459.6000,6948,-1,1578598920.000,1,0,1,双平,S,4456.0000,4455.2000,4450.6000,4450.2000,4449.8000,4462.8000,4464.0000,4464.2000,4467.8000,4470.2000,3,2,1,1,1,3,1,1,1,1
SF,IF2008,2020-07-06 09:33:08.600,4459.6000,6948,0,1578598920.000,0,-,-,-,-,4457.4000,4456.0000,4455.2000,4450.6000,4450.2000,4462.6000,4464.2000,4467.8000,4470.2000,4470.4000,1,1,2,1,1,4,1,1,1,2
SF,IF2008,2020-07-06 09:33:09.100,4462.4000,6948,0,1579937640.000,1,0,1,多换,S,4456.6000,4456.0000,4455.2000,4450.6000,4450.2000,4461.8000,4462.2000,4462.6000,4463.2000,4464.2000,1,1,2,1,1,1,1,1,1,1
SF,IF2008,2020-07-06 09:33:09.600,4461.8000,6948,0,1582614720.000,2,1,1,多换,S,4459.6000,4458.6000,4456.0000,4453.2000,4450.6000,4462.2000,4463.2000,4464.2000,4467.8000,4470.2000,1,1,1,2,1,1,1,1,1,1
SF,IF2008,2020-07-06 09:33:10.100,4461.8000,6948,0,1582614720.000,0,-,-,-,-,4461.8000,4459.6000,4458.6000,4457.6000,4456.8000,4462.2000,4463.2000,4464.2000,4467.8000,4470.2000,3,1,1,1,4,2,1,1,1,1
SF,IF2008,2020-07-06 09:33:10.600,4461.8000,6948,0,1587969000.000,4,2,2,多换,S,4459.8000,4459.6000,4458.6000,4457.6000,4456.8000,4461.8000,4462.0000,4463.2000,4464.2000,4467.8000,1,1,1,1,4,1,4,1,1,1
SF,IF2008,2020-07-06 09:33:11.100,4461.8000,6948,0,1587969000.000,0,-,-,-,-,4460.4000,4460.0000,4459.8000,4459.6000,4458.6000,4462.0000,4464.2000,4467.8000,4470.2000,4470.4000,1,2,1,1,1,4,1,1,1,2
SF,IF2008,2020-07-06 09:33:11.600,4461.8000,6948,0,1587969000.000,0,-,-,-,-,4460.0000,4459.8000,4459.6000,4458.6000,4456.8000,4462.0000,4464.2000,4467.8000,4470.2000,4470.4000,2,1,1,1,4,4,1,1,1,2
SF,IF2008,2020-07-06 09:33:12.100,4459.6000,6944,-4,1593320820.000,4,0,4,双平,S,4458.6000,4457.6000,4456.8000,4456.0000,4453.2000,4461.8000,4462.0000,4462.2000,4464.2000,4467.8000,1,2,4,1,2,1,4,1,1,1
SF,IF2008,2020-07-06 09:33:12.600,4459.6000,6944,0,1593320820.000,0,-,-,-,-,4459.6000,4458.6000,4457.6000,4456.8000,4456.0000,4461.6000,4461.8000,4462.0000,4462.2000,4464.2000,1,1,2,4,1,1,1,4,1,1
SF,IF2008,2020-07-06 09:33:13.100,4459.6000,6943,-1,1594658700.000,1,0,1,双平,S,4458.6000,4457.6000,4456.8000,4456.0000,4453.2000,4459.6000,4461.4000,4461.6000,4462.0000,4462.2000,1,2,4,1,2,1,1,1,4,1
SF,IF2008,2020-07-06 09:33:13.600,4459.4000,6938,-5,1602684720.000,6,0,6,多平,S,4458.6000,4457.6000,4456.8000,4456.0000,4453.2000,4459.4000,4461.4000,4461.6000,4462.0000,4464.2000,1,2,4,1,2,2,2,1,4,1
SF,IF2008,2020-07-06 09:33:14.100,4459.2000,6938,0,1605360060.000,2,1,1,多换,S,4457.6000,4456.8000,4456.0000,4453.2000,4450.2000,4459.4000,4461.4000,4461.6000,4462.0000,4464.2000,2,4,1,2,1,2,2,1,5,1
SF,IF2008,2020-07-06 09:33:14.600,4459.4000,6938,0,1606697880.000,1,0,1,多换,S,4458.6000,4457.6000,4456.8000,4456.0000,4453.2000,4461.4000,4461.6000,4462.0000,4462.2000,4464.2000,1,2,4,1,2,2,1,5,2,1
SF,IF2008,2020-07-06 09:33:15.100,4459.4000,6938,0,1606697880.000,0,-,-,-,-,4460.8000,4458.6000,4457.6000,4456.8000,4456.0000,4461.4000,4461.6000,4462.0000,4462.2000,4464.2000,1,1,2,4,1,1,1,5,2,1
SF,IF2008,2020-07-06 09:33:15.600,4460.4000,6938,0,1608036000.000,1,0,1,多换,S,4458.6000,4457.6000,4456.8000,4456.0000,4453.2000,4460.2000,4460.6000,4460.8000,4461.2000,4461.6000,1,2,4,1,2,2,2,3,1,1
SF,IF2008,2020-07-06 09:33:16.100,4458.6000,6937,-1,1609373580.000,1,0,1,双平,S,4457.6000,4456.8000,4456.0000,4453.2000,4450.2000,4460.2000,4460.6000,4460.8000,4461.2000,4461.6000,2,4,1,2,1,2,1,1,1,1
SF,IF2008,2020-07-06 09:33:16.600,4460.0000,6936,-1,1610711580.000,1,0,1,双平,S,4457.6000,4456.8000,4456.2000,4456.0000,4453.2000,4460.2000,4460.6000,4460.8000,4461.2000,4461.6000,2,4,1,1,2,2,1,1,1,1
SF,IF2008,2020-07-06 09:33:17.100,4460.0000,6936,0,1610711580.000,0,-,-,-,-,4457.8000,4457.6000,4456.2000,4456.0000,4453.2000,4459.8000,4460.2000,4460.6000,4460.8000,4461.2000,4,2,1,1,2,1,1,1,1,1
SF,IF2008,2020-07-06 09:33:17.600,4460.0000,6935,-1,1612049580.000,1,0,1,双平,S,4457.8000,4457.6000,4456.2000,4456.0000,4453.2000,4459.8000,4460.6000,4460.8000,4461.2000,4461.6000,4,2,1,1,2,1,1,1,1,1
SF,IF2008,2020-07-06 09:33:18.100,4460.0000,6935,0,1612049580.000,0,-,-,-,-,4457.8000,4457.6000,4456.2000,4456.0000,4453.2000,4458.6000,4459.6000,4459.8000,4460.6000,4460.8000,4,2,1,1,2,1,3,1,1,1
SF,IF2008,2020-07-06 09:33:18.600,4460.0000,6935,0,1612049580.000,0,-,-,-,-,4457.8000,4457.6000,4456.0000,4453.2000,4450.2000,4458.6000,4459.2000,4459.6000,4459.8000,4460.6000,4,2,1,2,1,1,1,4,1,1
SF,IF2008,2020-07-06 09:33:19.100,4460.0000,6935,0,1612049580.000,0,-,-,-,-,4457.8000,4457.6000,4456.0000,4453.2000,4450.2000,4458.6000,4459.2000,4459.4000,4459.6000,4459.8000,4,2,1,2,1,1,1,1,3,1
SF,IF2008,2020-07-06 09:33:19.600,4460.0000,6935,0,1613387580.000,1,0,1,多换,S,4457.8000,4457.6000,4456.0000,4453.2000,4450.2000,4459.2000,4459.4000,4459.6000,4459.8000,4460.6000,4,2,1,2,1,1,1,3,1,1
SF,IF2008,2020-07-06 09:33:20.100,4460.0000,6935,0,1613387580.000,0,-,-,-,-,4457.8000,4457.6000,4456.0000,4453.2000,4450.2000,4459.2000,4459.4000,4459.6000,4459.8000,4460.6000,4,2,1,2,1,1,1,3,1,1
SF,IF2008,2020-07-06 09:33:20.600,4457.8000,6935,0,1620074280.000,5,2,3,多换,S,4458.0000,4457.8000,4457.6000,4456.0000,4453.2000,4459.2000,4459.4000,4459.6000,4459.8000,4460.6000,1,1,2,1,2,1,1,3,1,1
SF,IF2008,2020-07-06 09:33:21.100,4459.0000,6932,-3,1624087380.000,3,0,3,双平,S,4458.0000,4457.8000,4457.6000,4456.0000,4453.2000,4459.4000,4459.8000,4460.6000,4460.8000,4461.6000,1,1,2,1,2,1,1,1,1,1
SF,IF2008,2020-07-06 09:33:21.600,4459.4000,6931,-1,1625425200.000,1,0,1,双平,S,4458.2000,4458.0000,4457.8000,4457.6000,4456.0000,4459.2000,4459.8000,4460.6000,4460.8000,4462.0000,1,1,1,2,1,1,1,1,1,4
SF,IF2008,2020-07-06 09:33:22.100,4459.8000,6930,-1,1628100900.000,2,0,2,多平,S,4459.4000,4458.2000,4457.6000,4456.0000,4453.2000,4460.6000,4462.0000,4462.4000,4463.4000,4466.6000,3,1,2,1,2,1,4,2,1,2
SF,IF2008,2020-07-06 09:33:22.600,4459.2000,6929,-1,1629438660.000,1,0,1,双平,S,4458.2000,4457.6000,4456.0000,4453.2000,4450.2000,4462.0000,4463.4000,4466.6000,4467.8000,4470.2000,1,2,1,2,1,4,1,2,1,1
SF,IF2008,2020-07-06 09:33:23.100,4458.2000,6928,-1,1632113640.000,2,0,2,多平,S,4457.6000,4456.0000,4453.2000,4450.2000,4449.8000,4458.0000,4461.8000,4463.4000,4466.2000,4466.6000,2,1,2,1,1,2,1,1,2,2
SF,IF2008,2020-07-06 09:33:23.600,4458.0000,6926,-2,1634788440.000,2,0,2,双平,S,4458.0000,4457.6000,4456.0000,4453.2000,4450.2000,4459.2000,4461.8000,4463.4000,4466.2000,4466.6000,1,2,1,2,1,1,1,1,2,2
SF,IF2008,2020-07-06 09:33:24.100,4459.2000,6925,-1,1636126200.000,1,0,1,双平,S,4457.6000,4456.0000,4453.2000,4450.2000,4449.8000,4461.6000,4461.8000,4463.4000,4466.2000,4466.6000,2,1,2,1,1,1,1,1,2,2
SF,IF2008,2020-07-06 09:33:24.600,4459.2000,6925,0,1636126200.000,0,-,-,-,-,4457.8000,4457.6000,4456.0000,4453.2000,4450.2000,4461.4000,4461.6000,4463.4000,4466.2000,4466.6000,1,2,1,2,1,1,1,1,2,2
SF,IF2008,2020-07-06 09:33:25.100,4459.2000,6925,0,1636126200.000,0,-,-,-,-,4457.6000,4456.0000,4453.2000,4450.2000,4449.8000,4461.2000,4461.4000,4461.6000,4463.4000,4466.2000,2,1,2,1,1,1,1,1,1,2
SF,IF2008,2020-07-06 09:33:25.600,4459.2000,6925,0,1636126200.000,0,-,-,-,-,4457.6000,4456.0000,4453.2000,4450.2000,4449.8000,4461.0000,4461.2000,4461.6000,4463.4000,4466.2000,2,1,2,1,1,1,2,1,1,2
SF,IF2008,2020-07-06 09:33:26.100,4459.2000,6925,0,1636126200.000,0,-,-,-,-,4457.6000,4456.0000,4453.2000,4450.2000,4449.8000,4461.0000,4461.2000,4463.4000,4466.2000,4466.6000,3,1,2,1,1,1,1,1,2,2
SF,IF2008,2020-07-06 09:33:26.600,4461.0000,6926,1,1637464500.000,1,1,0,双开,S,4461.0000,4457.8000,4457.6000,4456.0000,4453.2000,4461.2000,4463.4000,4466.2000,4466.6000,4467.8000,1,1,4,1,2,1,1,2,2,1
SF,IF2008,2020-07-06 09:33:27.100,4463.4000,6925,-1,1641480180.000,3,1,2,多平,S,4458.0000,4457.8000,4457.6000,4456.0000,4453.2000,4466.2000,4466.6000,4467.8000,4470.2000,4470.4000,1,2,3,1,2,2,2,1,1,2
SF,IF2008,2020-07-06 09:33:27.600,4463.4000,6925,0,1641480180.000,0,-,-,-,-,4459.0000,4458.2000,4458.0000,4457.8000,4457.6000,4463.2000,4464.2000,4465.4000,4465.8000,4466.2000,3,2,1,1,4,3,5,1,1,2
SF,IF2008,2020-07-06 09:33:28.100,4463.4000,6925,0,1641480180.000,0,-,-,-,-,4459.2000,4459.0000,4458.4000,4458.2000,4457.8000,4463.4000,4464.2000,4465.4000,4465.8000,4466.2000,1,3,1,1,1,1,4,1,1,2
SF,IF2008,2020-07-06 09:33:28.600,4459.2000,6926,1,1642817940.000,1,1,0,双开,S,4458.2000,4457.8000,4457.6000,4456.0000,4453.2000,4463.0000,4463.2000,4463.4000,4464.2000,4465.8000,1,1,5,1,2,3,2,1,4,1
SF,IF2008,2020-07-06 09:33:29.100,4459.2000,6926,0,1642817940.000,0,-,-,-,-,4459.4000,4459.0000,4458.4000,4458.2000,4457.8000,4462.6000,4462.8000,4463.0000,4463.4000,4464.2000,1,3,2,1,1,1,1,2,1,4
SF,IF2008,2020-07-06 09:33:29.600,4462.4000,6927,1,1644156660.000,1,1,0,双开,S,4459.8000,4459.6000,4459.4000,4459.2000,4459.0000,4463.0000,4463.4000,4463.8000,4464.2000,4465.8000,1,1,1,1,3,2,1,1,4,1
SF,IF2008,2020-07-06 09:33:30.100,4462.4000,6927,0,1644156660.000,0,-,-,-,-,4460.0000,4459.4000,4459.2000,4459.0000,4458.8000,4463.0000,4463.4000,4463.8000,4464.2000,4466.6000,1,1,1,3,1,2,1,1,4,2
SF,IF2008,2020-07-06 09:33:30.600,4462.6000,6927,0,1645495440.000,1,0,1,多换,S,4462.6000,4460.2000,4460.0000,4459.4000,4459.0000,4462.8000,4463.4000,4463.8000,4464.2000,4466.6000,2,1,1,1,3,1,1,1,4,2
SF,IF2008,2020-07-06 09:33:31.100,4462.6000,6927,0,1648173000.000,2,1,1,多换,S,4460.2000,4460.0000,4459.4000,4459.0000,4458.8000,4462.8000,4463.4000,4463.8000,4464.2000,4466.6000,1,1,1,3,1,1,1,1,4,2
SF,IF2008,2020-07-06 09:33:31.600,4462.6000,6927,0,1648173000.000,0,-,-,-,-,4460.4000,4459.4000,4459.0000,4458.8000,4458.2000,4462.8000,4463.4000,4463.8000,4464.2000,4466.6000,2,1,3,1,1,1,1,1,4,2
SF,IF2008,2020-07-06 09:33:32.100,4462.6000,6927,0,1648173000.000,0,-,-,-,-,4460.4000,4460.0000,4459.4000,4459.0000,4458.8000,4462.8000,4463.4000,4463.8000,4464.2000,4466.6000,1,1,1,3,1,1,1,1,4,2
SF,IF2008,2020-07-06 09:33:32.600,4462.6000,6927,0,1648173000.000,0,-,-,-,-,4460.6000,4460.4000,4460.0000,4459.0000,4458.2000,4462.6000,4462.8000,4463.4000,4463.8000,4464.2000,1,1,1,3,1,1,1,1,1,4
SF,IF2008,2020-07-06 09:33:33.100,4462.6000,6927,0,1648173000.000,0,-,-,-,-,4460.6000,4460.0000,4459.0000,4458.2000,4457.8000,4462.6000,4462.8000,4463.8000,4464.2000,4466.6000,1,1,3,1,1,1,1,1,4,2
SF,IF2008,2020-07-06 09:33:33.600,4462.6000,6927,0,1648173000.000,0,-,-,-,-,4460.6000,4460.0000,4459.0000,4458.2000,4457.8000,4462.6000,4462.8000,4463.8000,4464.2000,4466.6000,2,1,3,1,1,1,1,1,4,2
SF,IF2008,2020-07-06 09:33:34.100,4460.6000,6927,0,1649511180.000,1,0,1,多换,S,4460.6000,4460.0000,4459.0000,4458.2000,4457.8000,4462.2000,4462.6000,4462.8000,4463.8000,4464.2000,2,1,3,1,1,1,2,1,1,4
SF,IF2008,2020-07-06 09:33:34.600,4460.6000,6927,0,1652187540.000,2,1,1,多换,S,4460.6000,4460.0000,4459.0000,4458.2000,4457.8000,4462.2000,4462.6000,4462.8000,4463.8000,4464.2000,2,1,3,1,1,1,2,1,1,4
SF,IF2008,2020-07-06 09:33:35.100,4460.0000,6927,0,1656201900.000,3,1,2,多换,S,4460.6000,4459.0000,4458.2000,4457.8000,4457.6000,4462.0000,4462.2000,4462.6000,4462.8000,4463.8000,2,3,1,1,5,1,1,1,1,1
SF,IF2008,2020-07-06 09:33:35.600,4460.0000,6927,0,1656201900.000,0,-,-,-,-,4459.0000,4458.2000,4457.8000,4457.6000,4456.0000,4461.8000,4462.0000,4462.2000,4462.6000,4463.8000,3,1,1,5,1,2,2,1,1,1
SF,IF2008,2020-07-06 09:33:36.100,4460.0000,6927,0,1656201900.000,0,-,-,-,-,4459.0000,4458.2000,4457.8000,4457.6000,4456.0000,4461.8000,4462.0000,4462.2000,4462.6000,4463.8000,5,1,1,5,1,2,2,1,1,1
SF,IF2008,2020-07-06 09:33:36.600,4460.0000,6927,0,1656201900.000,0,-,-,-,-,4459.0000,4458.2000,4457.8000,4457.6000,4456.0000,4461.8000,4462.0000,4462.2000,4462.6000,4463.8000,5,1,1,5,1,2,2,1,1,1
SF,IF2008,2020-07-06 09:33:37.100,4461.8000,6926,-1,1657540440.000,1,0,1,双平,S,4459.2000,4459.0000,4458.2000,4457.8000,4457.6000,4461.4000,4461.6000,4462.0000,4462.2000,4462.6000,1,5,1,1,5,1,1,1,1,1
SF,IF2008,2020-07-06 09:33:37.600,4461.8000,6926,0,1657540440.000,0,-,-,-,-,4459.4000,4459.0000,4458.2000,4457.8000,4457.6000,4461.4000,4461.6000,4462.2000,4462.6000,4463.0000,1,5,1,1,5,1,1,1,1,1
SF,IF2008,2020-07-06 09:33:38.100,4461.8000,6926,0,1657540440.000,0,-,-,-,-,4459.4000,4459.0000,4458.2000,4457.8000,4457.6000,4461.4000,4461.6000,4462.2000,4462.6000,4463.0000,1,5,1,1,5,1,1,1,1,1
SF,IF2008,2020-07-06 09:33:38.600,4461.8000,6926,0,1657540440.000,0,-,-,-,-,4459.4000,4459.0000,4458.2000,4457.8000,4457.6000,4461.6000,4462.6000,4463.0000,4464.2000,4466.6000,1,5,1,1,5,1,1,1,4,2
SF,IF2008,2020-07-06 09:33:39.100,4461.8000,6926,0,1657540440.000,0,-,-,-,-,4459.6000,4459.0000,4458.2000,4457.8000,4457.6000,4461.6000,4462.6000,4463.0000,4464.2000,4466.6000,1,5,1,1,5,1,1,1,4,2
SF,IF2008,2020-07-06 09:33:39.600,4461.6000,6926,0,1658878920.000,1,0,1,多换,S,4461.6000,4459.8000,4459.6000,4459.0000,4458.2000,4462.6000,4463.0000,4464.2000,4466.6000,4467.6000,2,1,1,3,1,1,1,4,2,1
SF,IF2008,2020-07-06 09:33:40.100,4461.6000,6926,0,1658878920.000,0,-,-,-,-,4459.8000,4459.6000,4459.0000,4458.2000,4457.8000,4462.6000,4463.0000,4464.2000,4466.6000,4467.6000,1,1,3,1,1,1,1,4,2,1
SF,IF2008,2020-07-06 09:33:40.600,4464.2000,6925,-1,1661556960.000,2,0,2,多平,S,4460.0000,4459.0000,4458.2000,4457.8000,4457.6000,4464.2000,4466.6000,4467.6000,4467.8000,4468.2000,1,3,1,1,5,3,2,1,4,2
SF,IF2008,2020-07-06 09:33:41.100,4464.2000,6925,0,1661556960.000,0,-,-,-,-,4460.0000,4459.0000,4458.2000,4457.6000,4456.0000,4462.4000,4462.6000,4463.8000,4466.6000,4467.6000,1,3,1,5,1,1,1,3,2,1
SF,IF2008,2020-07-06 09:33:41.600,4462.4000,6924,-1,1662895680.000,1,0,1,双平,S,4460.2000,4460.0000,4459.0000,4458.2000,4457.6000,4462.6000,4463.8000,4466.6000,4467.6000,4467.8000,1,1,3,1,5,1,3,2,1,4
SF,IF2008,2020-07-06 09:33:42.100,4462.6000,6923,-1,1664234460.000,1,0,1,双平,S,4460.4000,4460.2000,4459.0000,4458.2000,4457.6000,4463.6000,4464.2000,4466.6000,4467.6000,4467.8000,2,2,3,1,5,1,1,2,1,4
SF,IF2008,2020-07-06 09:33:42.600,4463.6000,6924,1,1665573540.000,1,1,0,双开,S,4460.4000,4460.2000,4459.0000,4458.2000,4457.6000,4464.2000,4466.6000,4467.6000,4467.8000,4468.2000,2,2,3,1,5,1,2,1,1,2
SF,IF2008,2020-07-06 09:33:43.100,4463.6000,6924,0,1665573540.000,0,-,-,-,-,4461.0000,4460.6000,4460.4000,4459.0000,4458.2000,4464.2000,4466.6000,4467.6000,4467.8000,4468.2000,1,1,2,3,1,2,2,1,1,2
SF,IF2008,2020-07-06 09:33:43.600,4463.6000,6924,0,1665573540.000,0,-,-,-,-,4461.2000,4460.6000,4460.2000,4459.0000,4458.2000,4466.6000,4467.6000,4467.8000,4468.2000,4470.2000,1,3,1,3,1,2,1,1,2,1
SF,IF2008,2020-07-06 09:33:44.100,4463.6000,6924,0,1665573540.000,0,-,-,-,-,4461.6000,4461.2000,4460.6000,4460.2000,4459.0000,4465.2000,4466.6000,4466.8000,4467.6000,4467.8000,1,1,3,1,3,3,2,1,1,2
SF,IF2008,2020-07-06 09:33:44.600,4463.6000,6924,0,1665573540.000,0,-,-,-,-,4461.8000,4461.6000,4461.4000,4460.6000,4460.2000,4465.2000,4466.0000,4466.6000,4466.8000,4467.6000,3,1,1,2,1,3,1,2,1,1
SF,IF2008,2020-07-06 09:33:45.100,4465.2000,6923,-1,1666913100.000,1,0,1,双平,S,4462.0000,4461.8000,4461.6000,4461.4000,4460.6000,4465.2000,4466.0000,4466.6000,4466.8000,4467.6000,1,3,1,1,1,2,1,2,1,1
SF,IF2008,2020-07-06 09:33:45.600,4465.2000,6923,0,1666913100.000,0,-,-,-,-,4462.2000,4462.0000,4461.8000,4461.6000,4461.4000,4465.2000,4466.0000,4466.6000,4466.8000,4467.6000,1,1,2,2,1,2,1,2,1,1
SF,IF2008,2020-07-06 09:33:46.100,4466.0000,6920,-3,1670932020.000,3,0,3,双平,S,4462.4000,4462.2000,4461.8000,4461.6000,4460.2000,4466.6000,4466.8000,4467.6000,4467.8000,4468.2000,1,1,2,2,1,2,1,1,2,2
SF,IF2008,2020-07-06 09:33:46.600,4466.0000,6920,0,1670932020.000,0,-,-,-,-,4462.6000,4462.4000,4461.8000,4461.6000,4460.2000,4466.6000,4466.8000,4467.6000,4467.8000,4468.2000,1,1,2,1,1,2,1,1,2,2
SF,IF2008,2020-07-06 09:33:47.100,4462.6000,6920,0,1672270800.000,1,0,1,多换,S,4463.6000,4463.2000,4462.8000,4462.4000,4461.8000,4466.2000,4466.4000,4466.6000,4466.8000,4467.6000,1,1,1,1,2,1,1,2,1,1
SF,IF2008,2020-07-06 09:33:47.600,4466.0000,6921,1,1673610600.000,1,1,0,双开,S,4463.8000,4463.6000,4463.2000,4462.8000,4462.4000,4466.0000,4466.2000,4466.6000,4466.8000,4467.6000,1,1,2,1,1,1,1,2,1,1
SF,IF2008,2020-07-06 09:33:48.100,4463.6000,6921,0,1676288820.000,2,1,1,多换,S,4463.2000,4462.8000,4461.6000,4460.2000,4457.6000,4465.8000,4466.0000,4466.2000,4466.6000,4466.8000,1,1,1,1,5,1,1,1,2,1
SF,IF2008,2020-07-06 09:33:48.600,4463.6000,6921,0,1676288820.000,0,-,-,-,-,4463.2000,4461.6000,4460.2000,4457.6000,4449.8000,4463.8000,4465.8000,4466.0000,4466.2000,4466.6000,1,1,1,5,1,1,2,1,1,2
SF,IF2008,2020-07-06 09:33:49.100,4463.8000,6920,-1,1677627960.000,1,0,1,双平,S,4463.2000,4461.6000,4460.2000,4457.6000,4449.8000,4465.4000,4465.8000,4466.0000,4466.6000,4466.8000,1,1,1,5,1,1,2,1,2,1
SF,IF2008,2020-07-06 09:33:49.600,4463.2000,6919,-1,1678966920.000,1,0,1,双平,S,4461.6000,4460.2000,4457.6000,4449.8000,4449.4000,4465.2000,4465.4000,4465.6000,4465.8000,4466.6000,1,1,5,1,1,1,1,1,1,2
SF,IF2008,2020-07-06 09:33:50.100,4463.2000,6919,0,1678966920.000,0,-,-,-,-,4461.6000,4460.2000,4457.6000,4449.8000,4449.4000,4465.2000,4465.8000,4466.2000,4466.6000,4467.8000,1,1,5,1,1,1,1,1,2,1
SF,IF2008,2020-07-06 09:33:50.600,4463.2000,6919,0,1678966920.000,0,-,-,-,-,4461.6000,4460.2000,4457.6000,4449.8000,4449.4000,4465.0000,4465.2000,4465.8000,4466.6000,4467.8000,1,1,5,1,1,1,1,1,2,1
SF,IF2008,2020-07-06 09:33:51.100,4463.2000,6919,0,1678966920.000,0,-,-,-,-,4461.6000,4460.2000,4457.6000,4449.8000,4449.4000,4464.8000,4465.0000,4466.6000,4467.8000,4468.2000,1,1,5,1,1,2,3,2,1,2
SF,IF2008,2020-07-06 09:33:51.600,4463.2000,6919,0,1678966920.000,0,-,-,-,-,4461.6000,4460.2000,4457.6000,4449.8000,4449.4000,4464.8000,4465.0000,4465.8000,4466.6000,4467.8000,2,1,5,1,1,2,2,1,2,1
SF,IF2008,2020-07-06 09:33:52.100,4464.8000,6919,0,1680306360.000,1,0,1,多换,S,4461.6000,4460.2000,4457.6000,4449.8000,4449.4000,4464.6000,4464.8000,4465.0000,4465.8000,4466.6000,2,1,5,1,1,1,1,2,1,2
SF,IF2008,2020-07-06 09:33:52.600,4464.8000,6919,0,1681645800.000,1,0,1,多换,S,4461.6000,4460.2000,4457.6000,4449.8000,4449.4000,4464.8000,4465.0000,4465.8000,4466.6000,4467.8000,4,1,5,1,1,1,2,1,2,1
SF,IF2008,2020-07-06 09:33:53.100,4464.8000,6919,0,1681645800.000,0,-,-,-,-,4462.0000,4461.8000,4461.6000,4460.2000,4457.6000,4464.8000,4465.0000,4465.8000,4466.6000,4467.8000,1,2,4,1,5,1,2,1,2,1
SF,IF2008,2020-07-06 09:33:53.600,4464.8000,6919,0,1681645800.000,0,-,-,-,-,4462.2000,4462.0000,4461.8000,4461.6000,4460.2000,4464.8000,4465.0000,4465.8000,4466.6000,4467.8000,1,1,2,4,1,1,2,1,2,1
SF,IF2008,2020-07-06 09:33:54.100,4464.8000,6919,0,1681645800.000,0,-,-,-,-,4462.4000,4462.2000,4462.0000,4461.8000,4461.6000,4465.8000,4466.0000,4466.6000,4467.8000,4468.2000,1,2,1,2,2,1,1,2,1,2
SF,IF2008,2020-07-06 09:33:54.600,4464.8000,6919,0,1681645800.000,0,-,-,-,-,4462.4000,4462.0000,4461.6000,4460.2000,4457.6000,4465.8000,4466.0000,4466.6000,4467.8000,4468.2000,1,1,2,1,5,1,1,2,1,2
SF,IF2008,2020-07-06 09:33:55.100,4464.8000,6919,0,1681645800.000,0,-,-,-,-,4464.8000,4462.4000,4462.0000,4461.6000,4460.2000,4465.8000,4466.0000,4466.6000,4467.8000,4468.2000,1,1,1,2,1,2,1,2,1,2
SF,IF2008,2020-07-06 09:33:55.600,4464.8000,6920,1,1684324680.000,2,1,1,空开,S,4464.0000,4462.0000,4461.6000,4460.2000,4457.6000,4464.8000,4465.4000,4465.8000,4466.6000,4467.8000,1,1,2,1,5,2,1,2,2,1
SF,IF2008,2020-07-06 09:33:56.100,4464.0000,6921,1,1685663880.000,1,1,0,双开,S,4462.0000,4461.6000,4460.2000,4457.6000,4449.8000,4464.0000,4464.8000,4465.4000,4465.8000,4466.6000,1,2,1,5,1,1,1,1,2,2
SF,IF2008,2020-07-06 09:33:56.600,4464.0000,6921,0,1687003080.000,1,0,1,多换,S,4462.2000,4462.0000,4461.6000,4460.2000,4457.6000,4465.4000,4465.8000,4466.6000,4467.8000,4468.2000,1,1,2,1,5,1,2,2,1,2
SF,IF2008,2020-07-06 09:33:57.100,4465.4000,6922,1,1688342700.000,1,1,0,双开,S,4462.2000,4462.0000,4461.6000,4460.2000,4457.6000,4465.8000,4466.6000,4467.8000,4468.2000,4470.0000,1,1,2,1,5,2,2,1,2,1
SF,IF2008,2020-07-06 09:33:58.100,4465.8000,6922,0,1689682440.000,1,0,1,多换,S,4462.2000,4462.0000,4461.6000,4460.2000,4457.6000,4465.8000,4466.6000,4467.8000,4468.2000,4470.0000,1,1,2,1,5,1,2,1,2,2
SF,IF2008,2020-07-06 09:33:58.600,4465.8000,6922,0,1689682440.000,0,-,-,-,-,4462.4000,4462.2000,4462.0000,4461.6000,4460.2000,4466.6000,4467.8000,4468.2000,4470.0000,4472.8000,3,1,1,2,1,2,1,2,2,2
SF,IF2008,2020-07-06 09:33:59.100,4465.8000,6922,0,1689682440.000,0,-,-,-,-,4462.4000,4462.0000,4461.6000,4460.2000,4457.6000,4466.6000,4467.8000,4468.2000,4469.0000,4470.0000,3,1,2,1,5,2,1,2,1,2
SF,IF2008,2020-07-06 09:33:59.600,4465.8000,6922,0,1689682440.000,0,-,-,-,-,4462.8000,4462.6000,4462.4000,4462.0000,4461.6000,4466.6000,4467.8000,4468.2000,4469.0000,4470.0000,1,2,4,1,2,2,1,2,1,2
SF,IF2008,2020-07-06 09:34:00.100,4465.8000,6922,0,1689682440.000,0,-,-,-,-,4463.0000,4462.8000,4462.6000,4462.4000,4462.0000,4466.6000,4467.8000,4468.2000,4469.0000,4470.0000,1,1,2,3,1,2,1,2,1,2
SF,IF2008,2020-07-06 09:34:00.600,4466.6000,6922,0,1691022420.000,1,0,1,多换,S,4463.0000,4462.8000,4462.6000,4462.4000,4462.0000,4466.6000,4467.8000,4468.2000,4469.0000,4470.0000,3,1,2,1,1,1,1,2,1,2
SF,IF2008,2020-07-06 09:34:01.100,4466.6000,6922,0,1691022420.000,0,-,-,-,-,4463.2000,4463.0000,4462.4000,4462.0000,4461.6000,4466.6000,4467.8000,4468.2000,4469.0000,4470.0000,2,3,1,1,2,1,1,2,1,2
SF,IF2008,2020-07-06 09:34:01.600,4466.6000,6922,0,1691022420.000,0,-,-,-,-,4463.4000,4463.2000,4463.0000,4462.4000,4462.0000,4466.6000,4467.8000,4468.2000,4469.0000,4470.0000,1,2,2,1,1,1,1,2,1,2
SF,IF2008,2020-07-06 09:34:02.100,4466.6000,6922,0,1692362400.000,1,0,1,多换,S,4463.4000,4463.2000,4463.0000,4462.4000,4462.0000,4467.8000,4468.2000,4469.0000,4470.0000,4471.0000,1,1,2,1,1,1,2,1,2,2
SF,IF2008,2020-07-06 09:34:02.600,4466.6000,6922,0,1692362400.000,0,-,-,-,-,4463.6000,4463.4000,4462.4000,4462.0000,4461.6000,4467.2000,4467.8000,4468.2000,4469.0000,4470.0000,2,1,1,1,2,1,1,2,1,2
SF,IF2008,2020-07-06 09:34:03.100,4466.6000,6922,0,1692362400.000,0,-,-,-,-,4463.8000,4463.6000,4462.4000,4462.0000,4461.6000,4467.2000,4467.8000,4468.2000,4469.0000,4470.0000,2,2,1,1,2,1,1,2,1,2
SF,IF2008,2020-07-06 09:34:03.600,4467.2000,6921,-1,1693702560.000,1,0,1,双平,S,4464.0000,4463.8000,4463.6000,4462.4000,4462.0000,4467.8000,4468.2000,4469.0000,4470.0000,4471.0000,1,2,1,1,1,1,2,1,2,2
SF,IF2008,2020-07-06 09:34:04.100,4467.2000,6921,0,1693702560.000,0,-,-,-,-,4464.2000,4464.0000,4463.8000,4463.6000,4462.4000,4467.8000,4468.2000,4469.0000,4470.0000,4471.0000,1,1,1,1,1,1,2,1,1,2
SF,IF2008,2020-07-06 09:34:04.600,4467.2000,6921,0,1693702560.000,0,-,-,-,-,4464.2000,4464.0000,4462.4000,4462.0000,4461.6000,4467.8000,4468.2000,4469.0000,4470.0000,4471.0000,1,3,1,1,2,1,2,1,1,2
SF,IF2008,2020-07-06 09:34:05.100,4467.2000,6921,0,1693702560.000,0,-,-,-,-,4464.6000,4464.4000,4464.0000,4462.4000,4462.0000,4467.8000,4468.2000,4469.0000,4470.0000,4471.0000,1,2,3,1,1,1,2,1,1,2
SF,IF2008,2020-07-06 09:34:05.600,4467.2000,6921,0,1693702560.000,0,-,-,-,-,4464.6000,4464.4000,4464.0000,4463.0000,4462.4000,4467.8000,4468.2000,4469.0000,4470.0000,4471.0000,3,2,1,3,1,1,2,1,1,2
SF,IF2008,2020-07-06 09:34:06.100,4467.2000,6921,0,1693702560.000,0,-,-,-,-,4464.6000,4463.0000,4462.4000,4462.0000,4461.6000,4467.8000,4468.2000,4469.0000,4470.0000,4471.0000,3,3,1,1,2,1,2,1,1,2
SF,IF2008,2020-07-06 09:34:06.600,4467.2000,6921,0,1693702560.000,0,-,-,-,-,4464.6000,4463.0000,4462.4000,4462.0000,4461.6000,4467.8000,4468.2000,4469.0000,4470.0000,4471.0000,2,3,1,1,2,1,2,1,1,2
SF,IF2008,2020-07-06 09:34:07.100,4467.8000,6921,0,1699061400.000,4,2,2,多换,S,4464.6000,4463.0000,4462.4000,4462.0000,4461.6000,4467.4000,4468.2000,4469.0000,4470.0000,4471.0000,2,3,1,1,2,1,2,1,1,2
SF,IF2008,2020-07-06 09:34:07.600,4464.6000,6925,4,1704418920.000,4,4,0,双开,S,4463.0000,4462.4000,4462.0000,4461.6000,4460.2000,4467.4000,4468.2000,4469.0000,4470.0000,4471.0000,3,1,1,2,1,1,2,1,1,2
SF,IF2008,2020-07-06 09:34:08.100,4464.6000,6925,0,1704418920.000,0,-,-,-,-,4463.0000,4462.4000,4462.0000,4461.6000,4460.2000,4467.4000,4468.2000,4469.0000,4470.0000,4471.0000,3,1,1,2,1,1,2,1,1,2
SF,IF2008,2020-07-06 09:34:08.600,4464.6000,6925,0,1704418920.000,0,-,-,-,-,4463.0000,4462.4000,4462.0000,4461.6000,4460.2000,4466.8000,4467.4000,4468.2000,4469.0000,4470.0000,3,1,1,2,1,3,1,2,1,1
SF,IF2008,2020-07-06 09:34:09.100,4464.6000,6925,0,1704418920.000,0,-,-,-,-,4463.0000,4462.4000,4462.0000,4461.6000,4460.2000,4466.6000,4466.8000,4468.2000,4469.0000,4470.0000,3,1,1,2,1,2,3,2,1,1
SF,IF2008,2020-07-06 09:34:09.600,4463.0000,6925,0,1708435620.000,3,1,2,多换,S,4462.0000,4461.6000,4460.2000,4460.0000,4458.0000,4466.2000,4466.6000,4466.8000,4468.2000,4469.0000,1,2,1,1,1,2,1,1,2,1
SF,IF2008,2020-07-06 09:34:10.100,4463.0000,6925,0,1708435620.000,0,-,-,-,-,4462.0000,4461.6000,4460.2000,4460.0000,4458.0000,4465.8000,4466.0000,4466.2000,4466.6000,4466.8000,1,2,1,1,1,3,2,2,1,1
SF,IF2008,2020-07-06 09:34:10.600,4463.0000,6925,0,1708435620.000,0,-,-,-,-,4462.0000,4461.6000,4460.2000,4460.0000,4458.0000,4465.6000,4465.8000,4466.0000,4466.8000,4468.2000,1,2,1,1,1,3,4,2,1,2
SF,IF2008,2020-07-06 09:34:11.100,4462.0000,6925,0,1709774220.000,1,0,1,多换,S,4461.6000,4460.2000,4460.0000,4458.0000,4457.6000,4465.6000,4465.8000,4466.0000,4466.8000,4468.2000,2,1,1,1,5,3,3,2,1,2
SF,IF2008,2020-07-06 09:34:11.600,4465.0000,6924,-1,1716468540.000,5,2,3,多平,S,4461.6000,4460.2000,4460.0000,4458.0000,4457.6000,4465.2000,4465.6000,4465.8000,4468.2000,4469.0000,1,1,1,1,5,2,1,4,2,1
SF,IF2008,2020-07-06 09:34:12.100,4465.0000,6924,0,1717808040.000,1,0,1,多换,S,4464.0000,4462.2000,4461.6000,4460.2000,4460.0000,4465.2000,4465.6000,4465.8000,4468.2000,4469.0000,1,1,1,1,1,2,1,1,2,1
SF,IF2008,2020-07-06 09:34:12.600,4464.0000,6924,0,1719147240.000,1,0,1,多换,S,4462.2000,4460.2000,4460.0000,4458.0000,4457.6000,4463.8000,4464.0000,4464.6000,4465.8000,4466.8000,1,1,1,1,5,4,4,3,1,1
SF,IF2008,2020-07-06 09:34:13.100,4464.0000,6924,0,1719147240.000,0,-,-,-,-,4462.4000,4462.2000,4460.2000,4460.0000,4458.0000,4464.6000,4465.8000,4466.8000,4468.2000,4469.0000,2,1,1,1,1,3,1,1,2,1
SF,IF2008,2020-07-06 09:34:13.600,4464.0000,6924,0,1719147240.000,0,-,-,-,-,4462.4000,4462.2000,4460.2000,4460.0000,4458.0000,4464.6000,4464.8000,4466.8000,4468.2000,4469.0000,2,1,1,1,1,2,1,1,2,1
SF,IF2008,2020-07-06 09:34:14.100,4464.0000,6924,0,1719147240.000,0,-,-,-,-,4462.6000,4462.4000,4460.2000,4460.0000,4458.0000,4464.4000,4464.6000,4464.8000,4466.4000,4466.8000,1,2,1,1,1,1,2,1,1,1
SF,IF2008,2020-07-06 09:34:14.600,4462.6000,6922,-2,1721825340.000,2,0,2,双平,S,4460.2000,4460.0000,4458.0000,4457.6000,4456.0000,4464.6000,4464.8000,4466.4000,4466.8000,4468.2000,1,3,1,5,1,2,1,1,1,2
