市场代码,合约代码,时间,最新,持仓,增仓,成交额,成交量,开仓,平仓,成交类型,方向,买一价,买二价,买三价,买四价,买五价,卖一价,卖二价,卖三价,卖四价,卖五价,买一量,买二量,买三量,买四量,买五量,卖一量,卖二量,卖三量,卖四量,卖五量
SF,IF2012,2020-04-28 09:29:00.200,3667.0000,2035,0,1100100.000,1.000,-,-,-,-,3666.8000,3659.4000,3654.2000,3654.0000,3653.0000,3668.0000,3679.8000,3680.2000,3682.2000,3685.0000,1,1,1,2,1,1,1,1,1,1
SF,IF2012,2020-04-28 09:30:00.200,3666.8000,2036,1,2200140.000,1,1,0,双开,S,3659.4000,3654.2000,3653.0000,3650.6000,3648.8000,3666.6000,3666.8000,3668.0000,3668.2000,3679.8000,1,1,1,1,1,7,2,1,1,1
SF,IF2012,2020-04-28 09:30:00.700,3666.8000,2036,0,2200140.000,0,-,-,-,-,3659.6000,3659.4000,3654.2000,3653.0000,3650.6000,3666.4000,3666.6000,3666.8000,3667.6000,3668.0000,1,1,1,1,1,1,7,2,3,1
SF,IF2012,2020-04-28 09:30:01.200,3666.8000,2036,0,2200140.000,0,-,-,-,-,3659.8000,3659.6000,3659.4000,3654.2000,3653.0000,3666.4000,3666.6000,3666.8000,3668.0000,3668.2000,3,1,1,1,1,1,7,2,1,1
SF,IF2012,2020-04-28 09:30:01.700,3666.8000,2036,0,2200140.000,0,-,-,-,-,3660.0000,3653.0000,3648.8000,3644.4000,3636.6000,3666.4000,3666.6000,3666.8000,3668.0000,3668.2000,1,1,1,1,1,1,7,2,1,1
SF,IF2012,2020-04-28 09:30:02.200,3666.8000,2036,0,2200140.000,0,-,-,-,-,3653.0000,3648.8000,3644.4000,3636.6000,3632.0000,3666.0000,3666.4000,3666.6000,3666.8000,3668.0000,1,1,1,1,1,3,1,7,2,1
SF,IF2012,2020-04-28 09:30:02.700,3666.8000,2036,0,2200140.000,0,-,-,-,-,3653.4000,3653.2000,3653.0000,3648.8000,3644.4000,3665.8000,3666.0000,3666.6000,3666.8000,3668.0000,3,1,1,1,1,3,3,7,1,1
SF,IF2012,2020-04-28 09:30:03.200,3666.8000,2036,0,2200140.000,0,-,-,-,-,3653.6000,3653.4000,3653.0000,3648.8000,3644.4000,3665.4000,3665.8000,3666.6000,3668.0000,3668.2000,2,3,1,1,1,3,3,7,1,1
SF,IF2012,2020-04-28 09:30:03.700,3666.8000,2036,0,2200140.000,0,-,-,-,-,3654.0000,3653.6000,3653.0000,3648.8000,3644.4000,3665.2000,3665.4000,3666.6000,3668.0000,3668.2000,3,2,1,1,1,2,3,7,1,1
SF,IF2012,2020-04-28 09:30:04.200,3666.8000,2036,0,2200140.000,0,-,-,-,-,3654.2000,3654.0000,3653.0000,3648.8000,3644.4000,3663.4000,3663.6000,3664.8000,3665.2000,3666.6000,2,3,1,1,1,1,1,4,2,7
SF,IF2012,2020-04-28 09:30:04.700,3666.8000,2036,0,2200140.000,0,-,-,-,-,3654.6000,3654.2000,3653.0000,3648.8000,3644.4000,3663.0000,3663.2000,3663.4000,3663.6000,3664.8000,3,2,1,1,1,3,2,1,1,1
SF,IF2012,2020-04-28 09:30:05.200,3666.8000,2036,0,2200140.000,0,-,-,-,-,3654.8000,3654.6000,3653.0000,3648.8000,3644.4000,3662.8000,3663.0000,3663.4000,3663.6000,3668.0000,2,3,1,1,1,3,1,1,1,1
SF,IF2012,2020-04-28 09:30:05.700,3666.8000,2036,0,2200140.000,0,-,-,-,-,3655.2000,3654.8000,3653.0000,3648.8000,3644.4000,3662.0000,3662.2000,3662.8000,3663.4000,3663.6000,3,2,1,1,1,1,1,3,1,1
SF,IF2012,2020-04-28 09:30:06.200,3666.8000,2036,0,2200140.000,0,-,-,-,-,3655.4000,3655.2000,3653.0000,3648.8000,3644.4000,3661.6000,3661.8000,3662.0000,3662.2000,3663.4000,2,3,1,1,1,1,2,1,1,1
SF,IF2012,2020-04-28 09:30:06.700,3666.8000,2036,0,2200140.000,0,-,-,-,-,3655.8000,3655.4000,3653.0000,3648.8000,3644.4000,3660.4000,3661.4000,3661.6000,3662.0000,3662.2000,3,2,1,1,1,1,2,1,1,1
SF,IF2012,2020-04-28 09:30:07.200,3666.8000,2036,0,2200140.000,0,-,-,-,-,3656.0000,3655.8000,3653.0000,3648.8000,3644.4000,3660.2000,3660.8000,3661.6000,3663.6000,3668.0000,2,3,1,1,1,2,1,1,1,1
SF,IF2012,2020-04-28 09:30:07.700,3666.8000,2036,0,2200140.000,0,-,-,-,-,3656.4000,3656.0000,3653.0000,3644.4000,3632.0000,3660.2000,3663.6000,3668.0000,3668.2000,3685.0000,3,2,1,1,1,2,1,1,1,1
SF,IF2012,2020-04-28 09:30:08.200,3666.8000,2036,0,2200140.000,0,-,-,-,-,3656.6000,3656.4000,3653.0000,3644.4000,3632.0000,3660.2000,3663.6000,3668.0000,3668.2000,3685.0000,2,3,1,1,1,2,1,1,1,1
SF,IF2012,2020-04-28 09:30:09.200,3666.8000,2036,0,2200140.000,0,-,-,-,-,3656.6000,3653.0000,3644.4000,3632.0000,3618.6000,3660.2000,3663.6000,3668.0000,3668.2000,3685.0000,2,1,1,1,1,2,1,1,1,1
SF,IF2012,2020-04-28 09:30:09.700,3666.8000,2036,0,2200140.000,0,-,-,-,-,3656.6000,3653.0000,3644.4000,3632.0000,3618.6000,3660.2000,3663.6000,3668.0000,3668.2000,3669.8000,1,1,1,1,1,2,1,1,1,1
SF,IF2012,2020-04-28 09:30:10.200,3666.8000,2036,0,2200140.000,0,-,-,-,-,3656.6000,3653.0000,3644.4000,3632.0000,3618.6000,3660.0000,3660.2000,3663.6000,3668.0000,3668.2000,1,1,1,1,1,1,2,1,1,1
SF,IF2012,2020-04-28 09:30:10.700,3666.8000,2036,0,2200140.000,0,-,-,-,-,3656.6000,3653.0000,3644.4000,3632.0000,3618.6000,3659.8000,3660.0000,3663.6000,3668.0000,3668.2000,1,1,1,1,1,2,1,1,1,1
SF,IF2012,2020-04-28 09:30:11.700,3666.8000,2036,0,2200140.000,0,-,-,-,-,3656.6000,3653.0000,3644.4000,3632.0000,3618.6000,3659.8000,3663.6000,3668.0000,3668.2000,3669.8000,1,1,1,1,1,2,1,1,1,1
SF,IF2012,2020-04-28 09:30:12.200,3666.8000,2036,0,2200140.000,0,-,-,-,-,3656.8000,3656.6000,3653.0000,3644.4000,3632.0000,3659.8000,3663.6000,3668.0000,3668.2000,3669.8000,2,1,1,1,1,1,1,1,1,1
SF,IF2012,2020-04-28 09:30:12.700,3659.8000,2035,-1,3298080.000,1,0,1,双平,S,3657.0000,3656.8000,3653.0000,3644.4000,3632.0000,3663.6000,3668.0000,3668.2000,3669.8000,3685.0000,1,3,1,1,1,1,1,1,1,1
SF,IF2012,2020-04-28 09:30:13.200,3659.8000,2035,0,3298080.000,0,-,-,-,-,3657.2000,3657.0000,3656.8000,3653.0000,3644.4000,3663.4000,3663.6000,3668.0000,3668.2000,3669.8000,2,1,1,1,1,1,1,1,1,1
SF,IF2012,2020-04-28 09:30:13.700,3659.8000,2035,0,3298080.000,0,-,-,-,-,3657.4000,3657.2000,3653.0000,3644.4000,3632.0000,3663.4000,3663.6000,3668.0000,3668.2000,3669.8000,1,2,1,1,1,1,1,1,1,1
SF,IF2012,2020-04-28 09:30:14.200,3659.8000,2035,0,3298080.000,0,-,-,-,-,3657.6000,3657.4000,3653.0000,3644.4000,3632.0000,3663.4000,3663.6000,3668.0000,3668.2000,3669.8000,2,1,1,1,1,1,1,1,1,1
SF,IF2012,2020-04-28 09:30:14.700,3659.8000,2035,0,3298080.000,0,-,-,-,-,3657.8000,3657.6000,3653.0000,3644.4000,3632.0000,3663.2000,3663.4000,3663.6000,3668.0000,3668.2000,1,2,1,1,1,1,1,1,1,1
SF,IF2012,2020-04-28 09:30:15.200,3659.8000,2035,0,3298080.000,0,-,-,-,-,3658.0000,3657.8000,3653.0000,3644.4000,3632.0000,3663.0000,3663.2000,3663.6000,3668.0000,3668.2000,1,1,1,1,1,1,1,1,1,1
SF,IF2012,2020-04-28 09:30:15.700,3659.8000,2035,0,3298080.000,0,-,-,-,-,3658.2000,3658.0000,3653.0000,3644.4000,3632.0000,3663.0000,3663.2000,3663.6000,3668.0000,3668.2000,2,1,1,1,1,1,1,1,1,1
SF,IF2012,2020-04-28 09:30:16.200,3659.8000,2035,0,3298080.000,0,-,-,-,-,3658.4000,3658.2000,3653.0000,3644.4000,3632.0000,3663.0000,3663.2000,3663.6000,3668.0000,3668.2000,1,2,1,1,1,2,1,1,1,1
SF,IF2012,2020-04-28 09:30:16.700,3659.8000,2035,0,3298080.000,0,-,-,-,-,3658.6000,3658.4000,3653.0000,3644.4000,3632.0000,3663.0000,3663.6000,3668.0000,3668.2000,3669.8000,2,1,1,1,1,2,1,1,1,1
SF,IF2012,2020-04-28 09:30:17.200,3659.8000,2035,0,3298080.000,0,-,-,-,-,3658.8000,3658.6000,3653.0000,3644.4000,3632.0000,3662.8000,3663.0000,3663.6000,3668.0000,3668.2000,1,2,1,1,1,1,2,1,1,1
SF,IF2012,2020-04-28 09:30:17.700,3659.8000,2035,0,3298080.000,0,-,-,-,-,3659.0000,3658.8000,3658.6000,3653.0000,3644.4000,3662.6000,3662.8000,3663.6000,3668.0000,3668.2000,1,1,1,1,1,1,2,1,1,1
SF,IF2012,2020-04-28 09:30:18.200,3659.8000,2035,0,3298080.000,0,-,-,-,-,3659.2000,3659.0000,3658.6000,3653.0000,3644.4000,3662.6000,3663.6000,3668.0000,3668.2000,3669.8000,1,1,1,1,1,2,1,1,1,1
SF,IF2012,2020-04-28 09:30:18.700,3659.8000,2035,0,3298080.000,0,-,-,-,-,3659.4000,3659.2000,3658.6000,3657.6000,3653.0000,3662.6000,3663.6000,3668.0000,3668.2000,3669.8000,1,1,1,1,1,2,1,1,1,1
SF,IF2012,2020-04-28 09:30:19.200,3659.8000,2035,0,3298080.000,0,-,-,-,-,3659.6000,3659.4000,3658.6000,3657.6000,3653.0000,3662.6000,3663.6000,3668.0000,3668.2000,3669.8000,1,2,1,1,1,2,1,1,1,1
SF,IF2012,2020-04-28 09:30:19.700,3659.8000,2035,0,3298080.000,0,-,-,-,-,3659.8000,3659.6000,3659.4000,3658.6000,3657.6000,3662.6000,3668.0000,3668.2000,3669.8000,3685.0000,1,1,1,1,1,2,1,1,1,1
SF,IF2012,2020-04-28 09:30:23.700,3662.6000,2035,0,4396860.000,1,0,1,多换,S,3659.8000,3659.6000,3659.4000,3658.6000,3657.6000,3662.6000,3668.0000,3668.2000,3669.8000,3685.0000,1,1,1,1,1,1,1,1,1,1
SF,IF2012,2020-04-28 09:30:25.200,3662.6000,2035,0,4396860.000,0,-,-,-,-,3659.8000,3659.6000,3659.4000,3658.6000,3657.6000,3662.4000,3662.6000,3668.0000,3668.2000,3669.8000,1,1,1,1,1,1,1,1,1,1
SF,IF2012,2020-04-28 09:30:25.700,3662.6000,2035,0,4396860.000,0,-,-,-,-,3659.8000,3659.6000,3659.4000,3658.6000,3657.6000,3662.4000,3668.0000,3668.2000,3669.8000,3685.0000,1,1,1,1,1,2,1,1,1,1
SF,IF2012,2020-04-28 09:30:26.200,3662.6000,2035,0,4396860.000,0,-,-,-,-,3659.8000,3659.6000,3658.6000,3657.6000,3653.0000,3662.2000,3662.4000,3668.0000,3668.2000,3669.8000,1,1,1,1,1,1,2,1,1,1
SF,IF2012,2020-04-28 09:30:26.700,3662.6000,2035,0,4396860.000,0,-,-,-,-,3658.6000,3657.6000,3653.0000,3644.4000,3632.0000,3662.2000,3662.4000,3668.0000,3668.2000,3669.8000,1,1,1,1,1,2,1,1,1,1
SF,IF2012,2020-04-28 09:30:27.200,3662.6000,2035,0,4396860.000,0,-,-,-,-,3658.8000,3658.6000,3657.6000,3653.0000,3644.4000,3662.0000,3662.2000,3662.4000,3668.0000,3668.2000,2,1,1,1,1,1,2,1,1,1
SF,IF2012,2020-04-28 09:30:27.700,3662.6000,2035,0,4396860.000,0,-,-,-,-,3658.8000,3658.6000,3657.6000,3653.0000,3644.4000,3661.8000,3662.0000,3662.4000,3668.0000,3668.2000,2,1,1,1,1,1,2,1,1,1
SF,IF2012,2020-04-28 09:30:28.200,3662.6000,2035,0,4396860.000,0,-,-,-,-,3658.8000,3658.6000,3657.6000,3653.0000,3644.4000,3661.8000,3662.0000,3662.4000,3668.0000,3668.2000,2,1,1,1,1,2,1,1,1,1
SF,IF2012,2020-04-28 09:30:29.200,3662.6000,2035,0,4396860.000,0,-,-,-,-,3658.8000,3658.6000,3657.6000,3653.0000,3644.4000,3661.6000,3661.8000,3668.0000,3668.2000,3669.8000,2,1,1,1,1,1,2,1,1,1
SF,IF2012,2020-04-28 09:30:29.700,3662.6000,2035,0,4396860.000,0,-,-,-,-,3658.8000,3658.6000,3657.6000,3653.0000,3644.4000,3661.4000,3661.6000,3668.0000,3668.2000,3669.8000,1,1,1,1,1,1,2,1,1,1
SF,IF2012,2020-04-28 09:30:30.200,3662.6000,2035,0,4396860.000,0,-,-,-,-,3659.0000,3658.8000,3658.6000,3657.6000,3653.0000,3661.4000,3661.6000,3668.0000,3668.2000,3669.8000,1,1,1,1,1,1,1,1,1,1
SF,IF2012,2020-04-28 09:30:30.700,3662.6000,2035,0,4396860.000,0,-,-,-,-,3659.2000,3659.0000,3658.6000,3657.6000,3653.0000,3661.4000,3661.6000,3668.0000,3668.2000,3669.8000,1,1,1,1,1,1,1,1,1,1
SF,IF2012,2020-04-28 09:30:31.700,3662.6000,2035,0,4396860.000,0,-,-,-,-,3659.2000,3658.6000,3657.6000,3653.0000,3644.4000,3661.4000,3661.6000,3668.0000,3668.2000,3669.8000,1,1,1,1,1,1,1,1,1,1
SF,IF2012,2020-04-28 09:30:32.700,3662.6000,2035,0,4396860.000,0,-,-,-,-,3659.2000,3658.6000,3657.6000,3653.0000,3644.4000,3661.2000,3661.4000,3661.6000,3668.0000,3668.2000,1,1,1,1,1,1,1,1,1,1
SF,IF2012,2020-04-28 09:30:33.200,3662.6000,2035,0,4396860.000,0,-,-,-,-,3658.6000,3657.6000,3653.0000,3644.4000,3632.0000,3661.0000,3661.2000,3661.6000,3668.0000,3668.2000,1,1,1,1,1,1,2,1,1,1
SF,IF2012,2020-04-28 09:30:33.700,3662.6000,2035,0,4396860.000,0,-,-,-,-,3658.6000,3657.6000,3653.0000,3644.4000,3632.0000,3661.0000,3661.2000,3661.6000,3668.0000,3668.2000,1,1,1,1,1,2,1,1,1,1
SF,IF2012,2020-04-28 09:30:34.200,3662.6000,2035,0,4396860.000,0,-,-,-,-,3658.6000,3657.6000,3653.0000,3644.4000,3632.0000,3661.0000,3668.0000,3668.2000,3669.8000,3685.0000,1,1,1,1,1,2,1,1,1,1
SF,IF2012,2020-04-28 09:30:34.700,3662.6000,2035,0,4396860.000,0,-,-,-,-,3658.8000,3658.6000,3657.6000,3653.0000,3644.4000,3661.0000,3668.0000,3668.2000,3669.8000,3685.0000,1,1,1,1,1,2,1,1,1,1
SF,IF2012,2020-04-28 09:30:35.200,3662.6000,2035,0,4396860.000,0,-,-,-,-,3658.8000,3658.6000,3657.6000,3653.0000,3644.4000,3660.8000,3661.0000,3668.0000,3668.2000,3669.8000,1,1,1,1,1,1,2,1,1,1
SF,IF2012,2020-04-28 09:30:35.700,3662.6000,2035,0,4396860.000,0,-,-,-,-,3659.4000,3658.8000,3658.6000,3657.6000,3653.0000,3660.8000,3668.0000,3668.2000,3669.8000,3688.8000,1,1,1,1,1,2,1,1,1,1
SF,IF2012,2020-04-28 09:30:37.200,3659.4000,2035,0,5494680.000,1,0,1,多换,S,3658.8000,3658.6000,3657.6000,3653.0000,3644.4000,3660.8000,3663.0000,3668.0000,3668.2000,3669.8000,1,1,1,1,1,2,1,1,1,1
SF,IF2012,2020-04-28 09:30:44.700,3659.4000,2035,0,5494680.000,0,-,-,-,-,3659.0000,3658.8000,3658.6000,3657.6000,3653.0000,3660.8000,3663.0000,3668.0000,3668.2000,3669.8000,1,1,1,1,1,2,1,1,1,1
SF,IF2012,2020-04-28 09:30:45.200,3659.4000,2035,0,5494680.000,0,-,-,-,-,3659.0000,3658.8000,3658.6000,3657.6000,3653.0000,3660.8000,3663.0000,3668.0000,3668.2000,3669.8000,1,1,1,1,1,1,1,1,1,1
SF,IF2012,2020-04-28 09:30:45.700,3659.4000,2035,0,5494680.000,0,-,-,-,-,3659.2000,3659.0000,3658.6000,3657.6000,3653.0000,3660.8000,3663.0000,3668.0000,3668.2000,3669.8000,1,1,1,1,1,1,1,1,1,1
SF,IF2012,2020-04-28 09:30:46.200,3659.4000,2035,0,5494680.000,0,-,-,-,-,3659.2000,3659.0000,3658.6000,3657.6000,3653.0000,3660.6000,3660.8000,3663.0000,3668.0000,3668.2000,1,1,1,1,1,1,1,1,1,1
SF,IF2012,2020-04-28 09:30:46.700,3659.4000,2035,0,5494680.000,0,-,-,-,-,3659.0000,3658.6000,3657.6000,3653.0000,3644.4000,3660.6000,3663.0000,3668.0000,3668.2000,3669.8000,1,1,1,1,1,2,1,1,1,1
SF,IF2012,2020-04-28 09:30:47.200,3659.0000,2035,0,6592380.000,1,0,1,多换,S,3658.6000,3657.6000,3653.0000,3644.4000,3632.0000,3660.6000,3663.0000,3668.0000,3668.2000,3669.8000,1,1,1,1,1,2,1,1,1,1
SF,IF2012,2020-04-28 09:30:47.700,3659.0000,2035,0,6592380.000,0,-,-,-,-,3658.6000,3657.6000,3653.0000,3644.4000,3632.0000,3660.6000,3663.0000,3668.0000,3668.2000,3669.8000,1,1,1,1,1,1,1,1,1,1
SF,IF2012,2020-04-28 09:30:48.200,3659.0000,2035,0,6592380.000,0,-,-,-,-,3658.6000,3653.0000,3644.4000,3632.0000,3629.6000,3660.4000,3660.6000,3663.0000,3668.0000,3668.2000,1,1,1,1,1,1,1,1,1,1
SF,IF2012,2020-04-28 09:30:48.700,3659.0000,2035,0,6592380.000,0,-,-,-,-,3659.6000,3658.6000,3653.0000,3644.4000,3632.0000,3660.2000,3660.4000,3663.0000,3668.0000,3668.2000,1,1,1,1,1,1,2,1,1,1
SF,IF2012,2020-04-28 09:30:49.200,3659.4000,2035,0,7690200.000,1,0,1,多换,S,3658.6000,3653.0000,3644.4000,3632.0000,3629.6000,3660.2000,3660.4000,3663.0000,3668.0000,3668.2000,1,1,1,1,1,2,1,1,1,1
SF,IF2012,2020-04-28 09:30:51.200,3659.4000,2035,0,7690200.000,0,-,-,-,-,3653.0000,3644.4000,3632.0000,3629.6000,3618.6000,3660.2000,3660.4000,3663.0000,3668.0000,3668.2000,1,1,1,1,1,2,1,1,1,1
SF,IF2012,2020-04-28 09:30:51.700,3660.0000,2034,-1,8788200.000,1,0,1,双平,S,3653.4000,3653.2000,3653.0000,3644.4000,3632.0000,3660.2000,3663.0000,3668.0000,3668.2000,3669.8000,3,2,1,1,1,2,1,1,1,1
SF,IF2012,2020-04-28 09:30:52.200,3660.0000,2034,0,8788200.000,0,-,-,-,-,3653.6000,3653.0000,3644.4000,3632.0000,3629.6000,3660.2000,3663.0000,3668.0000,3668.2000,3669.8000,2,1,1,1,1,2,1,1,1,1
SF,IF2012,2020-04-28 09:30:52.700,3660.0000,2034,0,8788200.000,0,-,-,-,-,3653.6000,3653.0000,3644.4000,3632.0000,3629.6000,3660.0000,3660.2000,3663.0000,3668.0000,3668.2000,2,1,1,1,1,1,2,1,1,1
SF,IF2012,2020-04-28 09:30:53.200,3660.0000,2034,0,8788200.000,0,-,-,-,-,3653.6000,3653.0000,3644.4000,3632.0000,3629.6000,3659.4000,3659.8000,3660.0000,3663.0000,3668.0000,2,1,1,1,1,1,1,2,1,1
SF,IF2012,2020-04-28 09:30:53.700,3660.0000,2034,0,8788200.000,0,-,-,-,-,3653.6000,3653.0000,3644.4000,3632.0000,3629.6000,3659.2000,3659.4000,3660.0000,3663.0000,3668.0000,2,1,1,1,1,2,2,1,1,1
SF,IF2012,2020-04-28 09:30:54.200,3660.0000,2034,0,8788200.000,0,-,-,-,-,3653.6000,3653.0000,3644.4000,3632.0000,3629.6000,3658.4000,3659.2000,3659.4000,3660.0000,3663.0000,2,1,1,1,1,1,3,1,1,1
SF,IF2012,2020-04-28 09:30:54.700,3660.0000,2034,0,8788200.000,0,-,-,-,-,3653.6000,3653.0000,3644.4000,3632.0000,3629.6000,3658.2000,3658.4000,3658.6000,3659.4000,3660.0000,2,1,1,1,1,1,2,1,1,1
SF,IF2012,2020-04-28 09:30:55.200,3660.0000,2034,0,8788200.000,0,-,-,-,-,3654.2000,3653.6000,3653.0000,3644.4000,3632.0000,3658.2000,3658.4000,3660.0000,3663.0000,3668.0000,1,2,1,1,1,2,1,1,1,1
SF,IF2012,2020-04-28 09:30:55.700,3660.0000,2034,0,8788200.000,0,-,-,-,-,3654.4000,3654.2000,3653.0000,3644.4000,3632.0000,3658.2000,3663.0000,3668.0000,3668.2000,3669.8000,2,1,1,1,1,2,1,1,1,1
SF,IF2012,2020-04-28 09:30:56.200,3660.0000,2034,0,8788200.000,0,-,-,-,-,3654.4000,3654.2000,3653.0000,3644.4000,3632.0000,3658.2000,3663.0000,3668.0000,3668.2000,3669.8000,2,1,1,1,1,1,1,1,1,1
SF,IF2012,2020-04-28 09:30:56.700,3660.0000,2034,0,8788200.000,0,-,-,-,-,3654.8000,3654.4000,3653.0000,3644.4000,3632.0000,3658.0000,3658.2000,3663.0000,3668.0000,3668.2000,1,2,1,1,1,1,1,1,1,1
SF,IF2012,2020-04-28 09:30:57.200,3660.0000,2034,0,8788200.000,0,-,-,-,-,3655.0000,3654.8000,3653.0000,3644.4000,3632.0000,3658.0000,3663.0000,3668.0000,3668.2000,3669.8000,2,1,1,1,1,2,1,1,1,1
SF,IF2012,2020-04-28 09:30:57.700,3660.0000,2034,0,8788200.000,0,-,-,-,-,3655.0000,3654.8000,3653.0000,3644.4000,3632.0000,3658.0000,3663.0000,3668.0000,3668.2000,3669.8000,2,1,1,1,1,1,1,1,1,1
SF,IF2012,2020-04-28 09:30:58.700,3660.0000,2034,0,8788200.000,0,-,-,-,-,3655.2000,3655.0000,3654.8000,3653.0000,3644.4000,3658.0000,3663.0000,3668.0000,3668.2000,3669.8000,1,2,1,1,1,1,1,1,1,1
SF,IF2012,2020-04-28 09:30:59.200,3660.0000,2034,0,8788200.000,0,-,-,-,-,3655.4000,3655.2000,3655.0000,3654.8000,3653.0000,3658.0000,3663.0000,3668.0000,3668.2000,3669.8000,1,1,1,1,1,1,1,1,1,1
SF,IF2012,2020-04-28 09:30:59.700,3660.0000,2034,0,8788200.000,0,-,-,-,-,3655.4000,3655.2000,3655.0000,3653.0000,3644.4000,3658.0000,3663.0000,3668.0000,3668.2000,3669.8000,1,1,1,1,1,1,1,1,1,1
SF,IF2012,2020-04-28 09:31:01.200,3660.0000,2034,0,8788200.000,0,-,-,-,-,3655.4000,3655.0000,3653.0000,3644.4000,3632.0000,3658.0000,3663.0000,3668.0000,3668.2000,3669.8000,1,1,1,1,1,1,1,1,1,1
SF,IF2012,2020-04-28 09:31:01.700,3660.0000,2034,0,8788200.000,0,-,-,-,-,3655.0000,3653.0000,3644.4000,3632.0000,3629.6000,3657.8000,3658.0000,3663.0000,3668.0000,3668.2000,1,1,1,1,1,2,1,1,1,1
SF,IF2012,2020-04-28 09:31:02.200,3660.0000,2034,0,8788200.000,0,-,-,-,-,3655.0000,3653.0000,3644.4000,3632.0000,3629.6000,3657.8000,3663.0000,3668.0000,3668.2000,3669.8000,1,1,1,1,1,3,1,1,1,1
SF,IF2012,2020-04-28 09:31:02.700,3660.0000,2034,0,8788200.000,0,-,-,-,-,3655.2000,3655.0000,3653.0000,3647.0000,3644.4000,3657.8000,3663.0000,3668.0000,3668.2000,3669.8000,1,1,1,1,1,2,1,1,1,1
SF,IF2012,2020-04-28 09:31:03.200,3660.0000,2034,0,8788200.000,0,-,-,-,-,3655.4000,3655.2000,3655.0000,3653.0000,3647.0000,3657.8000,3663.0000,3668.0000,3668.2000,3669.8000,1,1,1,1,1,1,1,1,1,1
SF,IF2012,2020-04-28 09:31:03.700,3660.0000,2034,0,8788200.000,0,-,-,-,-,3655.6000,3655.4000,3655.0000,3653.0000,3647.0000,3657.8000,3663.0000,3668.0000,3668.2000,3669.8000,1,1,1,1,1,1,1,1,1,1
SF,IF2012,2020-04-28 09:31:04.200,3660.0000,2034,0,8788200.000,0,-,-,-,-,3655.6000,3655.0000,3653.0000,3647.0000,3644.4000,3657.8000,3663.0000,3668.0000,3668.2000,3669.8000,1,1,1,1,1,1,1,1,1,1
SF,IF2012,2020-04-28 09:31:05.200,3660.0000,2034,0,8788200.000,0,-,-,-,-,3655.6000,3655.0000,3653.0000,3647.0000,3644.4000,3657.6000,3657.8000,3663.0000,3668.0000,3668.2000,1,1,1,1,1,1,1,1,1,1
SF,IF2012,2020-04-28 09:31:05.700,3660.0000,2034,0,8788200.000,0,-,-,-,-,3655.6000,3653.0000,3647.0000,3644.4000,3632.0000,3657.6000,3663.0000,3668.0000,3668.2000,3669.8000,1,1,1,1,1,2,1,1,1,1
SF,IF2012,2020-04-28 09:31:06.200,3660.0000,2034,0,8788200.000,0,-,-,-,-,3655.6000,3653.0000,3647.0000,3644.4000,3632.0000,3657.6000,3659.8000,3663.0000,3668.0000,3668.2000,1,1,1,1,1,2,1,1,1,1
SF,IF2012,2020-04-28 09:31:06.700,3660.0000,2034,0,8788200.000,0,-,-,-,-,3655.6000,3653.0000,3650.0000,3647.0000,3644.4000,3657.6000,3659.8000,3663.0000,3668.0000,3668.2000,1,1,1,1,1,2,1,1,1,1
SF,IF2012,2020-04-28 09:31:07.700,3660.0000,2034,0,8788200.000,0,-,-,-,-,3655.6000,3653.0000,3650.0000,3647.0000,3644.4000,3657.6000,3659.8000,3663.0000,3668.0000,3668.2000,1,1,1,1,1,2,2,1,1,1
SF,IF2012,2020-04-28 09:31:08.200,3657.6000,2035,1,9885480.000,1,1,0,双开,S,3655.6000,3653.0000,3650.0000,3647.0000,3644.4000,3657.4000,3659.8000,3663.0000,3668.0000,3668.2000,1,1,1,1,1,1,2,1,1,1
SF,IF2012,2020-04-28 09:31:08.700,3657.6000,2035,0,9885480.000,0,-,-,-,-,3655.6000,3653.0000,3650.0000,3647.0000,3644.4000,3657.4000,3659.8000,3663.0000,3668.0000,3668.2000,1,1,1,1,1,2,2,1,1,1
SF,IF2012,2020-04-28 09:31:09.700,3657.6000,2035,0,9885480.000,0,-,-,-,-,3655.6000,3653.0000,3650.0000,3647.0000,3644.4000,3659.8000,3663.0000,3668.0000,3668.2000,3669.8000,1,1,1,1,1,2,1,1,1,1
SF,IF2012,2020-04-28 09:31:10.200,3657.6000,2035,0,9885480.000,0,-,-,-,-,3655.8000,3655.6000,3653.0000,3650.0000,3647.0000,3659.6000,3659.8000,3663.0000,3668.0000,3668.2000,1,1,1,1,1,1,2,1,1,1
SF,IF2012,2020-04-28 09:31:10.700,3657.6000,2035,0,9885480.000,0,-,-,-,-,3656.0000,3655.8000,3653.0000,3650.0000,3647.0000,3659.6000,3659.8000,3663.0000,3668.0000,3668.2000,1,1,1,1,1,2,2,1,1,1
SF,IF2012,2020-04-28 09:31:11.200,3657.6000,2035,0,9885480.000,0,-,-,-,-,3656.2000,3656.0000,3653.0000,3650.0000,3647.0000,3659.6000,3659.8000,3663.0000,3668.0000,3668.2000,1,1,1,1,1,2,2,1,1,1
SF,IF2012,2020-04-28 09:31:11.700,3657.6000,2035,0,9885480.000,0,-,-,-,-,3656.4000,3656.2000,3653.0000,3650.0000,3647.0000,3659.6000,3659.8000,3663.0000,3668.0000,3668.2000,1,1,1,1,1,2,2,1,1,1
SF,IF2012,2020-04-28 09:31:12.200,3657.6000,2035,0,9885480.000,0,-,-,-,-,3656.6000,3656.4000,3653.0000,3650.0000,3647.0000,3659.6000,3659.8000,3663.0000,3668.0000,3668.2000,1,1,1,1,1,2,2,1,1,1
SF,IF2012,2020-04-28 09:31:12.700,3657.6000,2035,0,9885480.000,0,-,-,-,-,3656.8000,3656.6000,3653.0000,3650.0000,3647.0000,3659.6000,3659.8000,3663.0000,3668.0000,3668.2000,1,1,1,1,1,2,2,1,1,1
SF,IF2012,2020-04-28 09:31:13.200,3657.6000,2035,0,9885480.000,0,-,-,-,-,3656.8000,3656.6000,3653.0000,3650.0000,3647.0000,3659.4000,3659.6000,3659.8000,3663.0000,3668.0000,1,1,1,1,1,1,1,1,1,1
SF,IF2012,2020-04-28 09:31:13.700,3657.6000,2035,0,9885480.000,0,-,-,-,-,3656.8000,3656.6000,3653.0000,3650.0000,3647.0000,3659.2000,3659.4000,3659.8000,3663.0000,3668.0000,1,1,1,1,1,1,2,1,1,1
SF,IF2012,2020-04-28 09:31:14.200,3657.6000,2035,0,9885480.000,0,-,-,-,-,3656.8000,3653.0000,3650.0000,3647.0000,3644.4000,3659.2000,3659.4000,3659.8000,3663.0000,3668.0000,1,1,1,1,1,1,2,1,1,1
SF,IF2012,2020-04-28 09:31:14.700,3657.6000,2035,0,9885480.000,0,-,-,-,-,3656.8000,3653.0000,3650.0000,3647.0000,3644.4000,3659.4000,3659.8000,3663.0000,3668.0000,3668.2000,1,1,1,1,1,1,1,1,1,1
SF,IF2012,2020-04-28 09:31:15.200,3657.6000,2035,0,9885480.000,0,-,-,-,-,3656.8000,3653.0000,3650.0000,3647.0000,3644.4000,3659.2000,3659.4000,3659.8000,3663.0000,3668.0000,1,1,1,1,1,1,1,1,1,1
SF,IF2012,2020-04-28 09:31:24.200,3657.6000,2035,0,9885480.000,0,-,-,-,-,3656.8000,3653.0000,3650.0000,3647.0000,3644.4000,3659.0000,3659.2000,3659.4000,3659.8000,3663.0000,1,1,1,1,1,1,1,1,1,1
SF,IF2012,2020-04-28 09:31:24.700,3657.6000,2035,0,9885480.000,0,-,-,-,-,3653.0000,3650.0000,3647.0000,3644.4000,3632.0000,3658.8000,3659.0000,3659.4000,3659.8000,3663.0000,1,1,1,1,1,1,1,1,1,1
SF,IF2012,2020-04-28 09:31:25.200,3657.6000,2035,0,9885480.000,0,-,-,-,-,3653.4000,3653.2000,3653.0000,3650.0000,3647.0000,3658.8000,3659.0000,3659.8000,3663.0000,3668.0000,3,2,1,1,1,1,1,1,1,1
SF,IF2012,2020-04-28 09:31:25.700,3657.6000,2035,0,9885480.000,0,-,-,-,-,3653.6000,3653.4000,3653.2000,3653.0000,3650.0000,3658.8000,3659.0000,3659.8000,3663.0000,3668.0000,2,3,1,1,1,1,1,1,1,1
SF,IF2012,2020-04-28 09:31:26.200,3657.6000,2035,0,9885480.000,0,-,-,-,-,3654.0000,3653.8000,3653.6000,3653.2000,3653.0000,3658.8000,3659.0000,3659.8000,3663.0000,3668.0000,1,3,2,1,1,1,1,1,1,1
SF,IF2012,2020-04-28 09:31:26.700,3657.6000,2035,0,9885480.000,0,-,-,-,-,3654.2000,3654.0000,3653.8000,3653.0000,3650.0000,3658.8000,3659.0000,3659.8000,3663.0000,3668.0000,2,1,3,1,1,1,1,1,1,1
SF,IF2012,2020-04-28 09:31:27.200,3657.6000,2035,0,9885480.000,0,-,-,-,-,3654.2000,3654.0000,3653.0000,3650.0000,3647.0000,3658.8000,3659.0000,3659.8000,3663.0000,3668.0000,2,1,1,1,1,1,1,1,1,1
SF,IF2012,2020-04-28 09:31:27.700,3657.6000,2035,0,9885480.000,0,-,-,-,-,3654.4000,3654.2000,3654.0000,3653.0000,3650.0000,3658.8000,3659.0000,3659.8000,3663.0000,3668.0000,1,2,1,1,1,1,1,1,1,1
SF,IF2012,2020-04-28 09:31:28.200,3657.6000,2035,0,9885480.000,0,-,-,-,-,3654.6000,3654.4000,3654.0000,3653.0000,3650.0000,3658.8000,3659.0000,3659.8000,3663.0000,3668.0000,2,1,1,1,1,1,1,1,1,1
SF,IF2012,2020-04-28 09:31:28.700,3657.6000,2035,0,9885480.000,0,-,-,-,-,3654.6000,3654.0000,3653.0000,3650.0000,3647.0000,3658.4000,3658.8000,3659.0000,3659.8000,3663.0000,2,1,1,1,1,1,1,1,1,1
SF,IF2012,2020-04-28 09:31:29.200,3657.6000,2035,0,9885480.000,0,-,-,-,-,3654.6000,3654.0000,3653.0000,3650.0000,3647.0000,3658.2000,3658.4000,3659.0000,3659.8000,3663.0000,2,1,1,1,1,1,1,1,1,1
SF,IF2012,2020-04-28 09:31:30.200,3657.6000,2035,0,9885480.000,0,-,-,-,-,3654.8000,3654.6000,3654.0000,3653.0000,3650.0000,3658.0000,3658.2000,3659.8000,3663.0000,3668.0000,1,2,1,1,1,1,1,1,1,1
SF,IF2012,2020-04-28 09:31:30.700,3657.6000,2035,0,9885480.000,0,-,-,-,-,3655.0000,3654.8000,3654.0000,3653.0000,3650.0000,3658.0000,3659.8000,3663.0000,3668.0000,3668.2000,2,1,1,1,1,1,1,1,1,1
SF,IF2012,2020-04-28 09:31:31.700,3657.6000,2035,0,9885480.000,0,-,-,-,-,3655.0000,3654.8000,3653.0000,3650.0000,3647.0000,3658.0000,3659.8000,3663.0000,3668.0000,3668.2000,2,1,1,1,1,1,1,1,1,1
SF,IF2012,2020-04-28 09:31:32.200,3657.6000,2035,0,9885480.000,0,-,-,-,-,3655.0000,3653.0000,3650.0000,3647.0000,3644.4000,3658.0000,3659.8000,3663.0000,3668.0000,3668.2000,2,1,1,1,1,1,1,1,1,1
SF,IF2012,2020-04-28 09:31:33.200,3657.6000,2035,0,9885480.000,0,-,-,-,-,3655.2000,3655.0000,3653.0000,3650.0000,3647.0000,3658.0000,3659.8000,3663.0000,3668.0000,3668.2000,2,2,1,1,1,1,1,1,1,1
SF,IF2012,2020-04-28 09:31:33.700,3657.6000,2035,0,9885480.000,0,-,-,-,-,3655.4000,3655.2000,3655.0000,3653.0000,3650.0000,3658.0000,3659.8000,3663.0000,3668.0000,3668.2000,1,2,1,1,1,1,1,1,1,1
SF,IF2012,2020-04-28 09:31:34.200,3657.6000,2035,0,9885480.000,0,-,-,-,-,3655.4000,3655.2000,3655.0000,3653.0000,3650.0000,3658.0000,3659.8000,3663.0000,3668.0000,3668.2000,1,1,1,1,1,1,1,1,1,1
SF,IF2012,2020-04-28 09:31:36.700,3657.6000,2035,0,9885480.000,0,-,-,-,-,3655.4000,3655.2000,3655.0000,3653.0000,3650.0000,3659.8000,3663.0000,3668.0000,3668.2000,3669.8000,1,1,1,1,1,1,1,1,1,1
SF,IF2012,2020-04-28 09:31:37.200,3657.6000,2035,0,9885480.000,0,-,-,-,-,3655.6000,3655.4000,3653.0000,3650.0000,3647.0000,3659.6000,3659.8000,3663.0000,3668.0000,3668.2000,1,1,1,1,1,1,1,1,1,1
SF,IF2012,2020-04-28 09:31:37.700,3657.6000,2035,0,9885480.000,0,-,-,-,-,3655.8000,3655.6000,3653.0000,3650.0000,3647.0000,3659.6000,3659.8000,3663.0000,3668.0000,3668.2000,1,1,1,1,1,1,1,1,1,1
SF,IF2012,2020-04-28 09:31:38.200,3657.6000,2035,0,9885480.000,0,-,-,-,-,3656.0000,3655.8000,3653.0000,3650.0000,3647.0000,3659.6000,3659.8000,3663.0000,3668.0000,3668.2000,1,1,1,1,1,1,1,1,1,1
SF,IF2012,2020-04-28 09:31:38.700,3657.6000,2035,0,9885480.000,0,-,-,-,-,3656.2000,3656.0000,3653.0000,3650.0000,3647.0000,3659.4000,3659.6000,3659.8000,3663.0000,3668.0000,1,1,1,1,1,2,1,1,1,1
SF,IF2012,2020-04-28 09:31:39.200,3657.6000,2035,0,9885480.000,0,-,-,-,-,3656.4000,3656.2000,3653.0000,3650.0000,3647.0000,3659.2000,3659.4000,3659.8000,3663.0000,3668.0000,1,1,1,1,1,1,2,1,1,1
SF,IF2012,2020-04-28 09:31:39.700,3657.6000,2035,0,9885480.000,0,-,-,-,-,3656.6000,3656.4000,3653.0000,3650.0000,3647.0000,3659.2000,3659.4000,3659.8000,3663.0000,3668.0000,1,1,1,1,1,1,1,1,1,1
SF,IF2012,2020-04-28 09:31:40.700,3657.6000,2035,0,9885480.000,0,-,-,-,-,3656.6000,3656.4000,3653.0000,3650.0000,3647.0000,3659.0000,3659.2000,3659.4000,3659.8000,3663.0000,1,1,1,1,1,1,1,1,1,1
SF,IF2012,2020-04-28 09:31:41.200,3657.6000,2035,0,9885480.000,0,-,-,-,-,3653.0000,3650.0000,3647.0000,3644.4000,3632.0000,3658.8000,3659.0000,3659.8000,3663.0000,3668.0000,1,1,1,1,1,1,1,1,1,1
SF,IF2012,2020-04-28 09:31:41.700,3657.6000,2035,0,9885480.000,0,-,-,-,-,3653.2000,3653.0000,3650.0000,3647.0000,3644.4000,3658.8000,3659.0000,3659.8000,3663.0000,3668.0000,5,1,1,1,1,1,1,1,1,1
SF,IF2012,2020-04-28 09:31:42.200,3657.6000,2035,0,9885480.000,0,-,-,-,-,3653.2000,3653.0000,3650.0000,3647.0000,3644.4000,3656.6000,3658.8000,3659.0000,3659.8000,3663.0000,2,1,1,1,1,1,1,1,1,1
SF,IF2012,2020-04-28 09:31:42.700,3657.6000,2035,0,9885480.000,0,-,-,-,-,3653.2000,3653.0000,3650.0000,3647.0000,3644.4000,3656.6000,3659.8000,3663.0000,3668.0000,3668.2000,2,1,1,1,1,1,1,1,1,1
SF,IF2012,2020-04-28 09:31:43.200,3657.6000,2035,0,9885480.000,0,-,-,-,-,3653.6000,3653.2000,3653.0000,3650.0000,3647.0000,3659.8000,3663.0000,3668.0000,3668.2000,3669.8000,3,2,1,1,1,1,1,1,1,1
SF,IF2012,2020-04-28 09:31:43.700,3657.6000,2035,0,9885480.000,0,-,-,-,-,3653.8000,3653.6000,3653.0000,3650.0000,3647.0000,3659.6000,3659.8000,3663.0000,3668.0000,3668.2000,3,3,1,1,1,1,1,1,1,1
SF,IF2012,2020-04-28 09:31:44.200,3657.6000,2035,0,9885480.000,0,-,-,-,-,3654.0000,3653.8000,3653.0000,3650.0000,3647.0000,3659.6000,3659.8000,3663.0000,3668.0000,3668.2000,3,3,1,1,1,2,1,1,1,1
SF,IF2012,2020-04-28 09:31:44.700,3657.6000,2035,0,9885480.000,0,-,-,-,-,3654.4000,3654.2000,3654.0000,3653.0000,3650.0000,3658.0000,3659.6000,3659.8000,3663.0000,3668.0000,1,2,3,1,1,1,2,1,1,1
SF,IF2012,2020-04-28 09:31:45.200,3657.6000,2035,0,9885480.000,0,-,-,-,-,3654.6000,3654.4000,3654.0000,3653.0000,3650.0000,3658.0000,3659.6000,3659.8000,3663.0000,3668.0000,2,1,3,1,1,1,2,1,1,1
SF,IF2012,2020-04-28 09:31:45.700,3657.6000,2035,0,9885480.000,0,-,-,-,-,3654.6000,3654.4000,3654.0000,3653.0000,3650.0000,3658.0000,3659.6000,3659.8000,3663.0000,3668.0000,2,1,3,1,1,1,1,1,1,1
SF,IF2012,2020-04-28 09:31:46.200,3657.6000,2035,0,9885480.000,0,-,-,-,-,3654.8000,3654.6000,3654.4000,3654.0000,3653.0000,3658.0000,3659.6000,3659.8000,3663.0000,3668.0000,1,2,1,3,1,1,1,1,1,1
SF,IF2012,2020-04-28 09:31:46.700,3657.6000,2035,0,9885480.000,0,-,-,-,-,3655.0000,3654.8000,3654.4000,3654.0000,3653.0000,3658.0000,3659.6000,3659.8000,3663.0000,3668.0000,2,1,1,3,1,1,1,1,1,1
SF,IF2012,2020-04-28 09:31:47.200,3657.6000,2035,0,9885480.000,0,-,-,-,-,3655.0000,3654.4000,3653.0000,3650.0000,3647.0000,3657.8000,3658.0000,3659.8000,3663.0000,3668.0000,2,1,1,1,1,1,1,1,1,1
SF,IF2012,2020-04-28 09:31:48.200,3657.6000,2035,0,9885480.000,0,-,-,-,-,3655.0000,3654.4000,3650.0000,3647.0000,3644.4000,3657.6000,3657.8000,3658.0000,3659.8000,3663.0000,2,1,1,1,1,1,1,1,1,1
SF,IF2012,2020-04-28 09:31:48.700,3657.6000,2035,0,9885480.000,0,-,-,-,-,3655.0000,3654.4000,3650.0000,3647.0000,3644.4000,3657.6000,3657.8000,3658.0000,3659.8000,3663.0000,1,1,1,1,1,1,1,1,1,1
SF,IF2012,2020-04-28 09:31:49.200,3657.6000,2035,0,9885480.000,0,-,-,-,-,3655.0000,3650.0000,3647.0000,3644.4000,3632.0000,3657.6000,3657.8000,3659.8000,3663.0000,3668.0000,1,1,1,1,1,1,1,1,1,1
SF,IF2012,2020-04-28 09:31:49.700,3657.6000,2035,0,9885480.000,0,-,-,-,-,3655.0000,3650.0000,3647.0000,3644.4000,3632.0000,3657.8000,3659.8000,3663.0000,3668.0000,3668.2000,1,1,1,1,1,1,1,1,1,1
SF,IF2012,2020-04-28 09:31:51.200,3657.6000,2035,0,9885480.000,0,-,-,-,-,3655.2000,3655.0000,3650.0000,3647.0000,3644.4000,3657.8000,3659.8000,3663.0000,3668.0000,3668.2000,1,1,1,1,1,1,1,1,1,1
SF,IF2012,2020-04-28 09:31:51.700,3657.6000,2035,0,9885480.000,0,-,-,-,-,3655.4000,3655.2000,3650.0000,3647.0000,3644.4000,3659.8000,3663.0000,3668.0000,3668.2000,3669.8000,1,1,1,1,1,1,1,1,1,1
SF,IF2012,2020-04-28 09:31:52.200,3657.6000,2035,0,9885480.000,0,-,-,-,-,3655.6000,3655.4000,3650.0000,3647.0000,3644.4000,3659.6000,3659.8000,3663.0000,3668.0000,3668.2000,1,1,1,1,1,1,1,1,1,1
SF,IF2012,2020-04-28 09:31:52.700,3657.6000,2035,0,9885480.000,0,-,-,-,-,3655.8000,3655.6000,3650.0000,3647.0000,3644.4000,3659.6000,3659.8000,3663.0000,3668.0000,3668.2000,1,1,1,1,1,1,1,1,1,1
SF,IF2012,2020-04-28 09:31:53.200,3657.6000,2035,0,9885480.000,0,-,-,-,-,3656.0000,3655.8000,3650.0000,3647.0000,3644.4000,3659.4000,3659.6000,3659.8000,3663.0000,3668.0000,1,1,1,1,1,1,1,1,1,1
SF,IF2012,2020-04-28 09:31:53.700,3657.6000,2035,0,9885480.000,0,-,-,-,-,3656.2000,3656.0000,3650.0000,3647.0000,3644.4000,3659.2000,3659.4000,3659.8000,3663.0000,3668.0000,1,1,1,1,1,1,1,1,1,1
SF,IF2012,2020-04-28 09:31:58.700,3657.6000,2035,0,9885480.000,0,-,-,-,-,3656.2000,3656.0000,3650.0000,3647.0000,3644.4000,3659.2000,3659.4000,3659.8000,3663.0000,3668.0000,1,1,1,1,1,1,1,1,1,1
SF,IF2012,2020-04-28 09:31:59.200,3657.6000,2035,0,9885480.000,0,-,-,-,-,3656.2000,3656.0000,3650.0000,3647.0000,3644.4000,3659.2000,3659.8000,3663.0000,3668.0000,3668.2000,1,1,1,1,1,1,1,1,1,1
SF,IF2012,2020-04-28 09:32:00.200,3657.6000,2035,0,9885480.000,0,-,-,-,-,3656.4000,3656.2000,3656.0000,3650.0000,3647.0000,3659.2000,3659.8000,3663.0000,3668.0000,3668.2000,1,1,1,1,1,1,1,1,1,1
SF,IF2012,2020-04-28 09:32:00.700,3657.6000,2035,0,9885480.000,0,-,-,-,-,3656.6000,3656.4000,3656.0000,3650.0000,3647.0000,3659.2000,3659.8000,3663.0000,3668.0000,3668.2000,1,1,1,1,1,1,1,1,1,1
SF,IF2012,2020-04-28 09:32:01.700,3657.6000,2035,0,9885480.000,0,-,-,-,-,3656.6000,3656.0000,3650.0000,3647.0000,3644.4000,3659.2000,3659.8000,3663.0000,3668.0000,3668.2000,1,1,1,1,1,1,1,1,1,1
SF,IF2012,2020-04-28 09:32:03.200,3657.6000,2035,0,9885480.000,0,-,-,-,-,3656.6000,3656.0000,3650.0000,3647.0000,3644.4000,3659.0000,3659.2000,3659.8000,3663.0000,3668.0000,1,1,1,1,1,1,1,1,1,1
SF,IF2012,2020-04-28 09:32:06.700,3656.6000,2035,0,10982460.000,1,0,1,多换,S,3656.0000,3650.0000,3647.0000,3644.4000,3632.0000,3659.0000,3659.2000,3659.8000,3663.0000,3668.0000,1,1,1,1,1,1,1,1,1,1
SF,IF2012,2020-04-28 09:32:07.200,3656.6000,2035,0,10982460.000,0,-,-,-,-,3656.0000,3650.0000,3647.0000,3644.4000,3632.0000,3658.8000,3659.0000,3659.8000,3663.0000,3668.0000,1,1,1,1,1,1,1,1,1,1
SF,IF2012,2020-04-28 09:32:08.200,3656.6000,2035,0,10982460.000,0,-,-,-,-,3656.0000,3650.0000,3647.0000,3644.4000,3632.0000,3658.2000,3658.8000,3659.0000,3659.8000,3663.0000,1,1,1,1,1,1,1,1,1,1
SF,IF2012,2020-04-28 09:32:08.700,3656.6000,2035,0,10982460.000,0,-,-,-,-,3650.0000,3647.0000,3644.4000,3632.0000,3629.6000,3658.0000,3658.2000,3659.0000,3659.8000,3663.0000,1,1,1,1,1,1,1,1,1,1
SF,IF2012,2020-04-28 09:32:09.200,3656.6000,2035,0,10982460.000,0,-,-,-,-,3650.4000,3650.2000,3650.0000,3647.0000,3644.4000,3658.2000,3659.8000,3663.0000,3668.0000,3668.2000,3,2,1,1,1,1,1,1,1,1
SF,IF2012,2020-04-28 09:32:09.700,3656.6000,2035,0,10982460.000,0,-,-,-,-,3654.0000,3650.6000,3650.4000,3650.0000,3647.0000,3658.0000,3658.2000,3659.8000,3663.0000,3668.0000,1,2,3,1,1,1,1,1,1,1
SF,IF2012,2020-04-28 09:32:10.200,3656.6000,2035,0,10982460.000,0,-,-,-,-,3654.2000,3654.0000,3650.6000,3650.4000,3650.0000,3658.0000,3658.2000,3659.8000,3663.0000,3668.0000,2,1,1,3,1,1,1,1,1,1
SF,IF2012,2020-04-28 09:32:10.700,3656.6000,2035,0,10982460.000,0,-,-,-,-,3654.2000,3654.0000,3650.6000,3650.4000,3647.0000,3658.0000,3658.2000,3659.8000,3663.0000,3668.0000,2,1,1,3,1,1,1,1,1,1
SF,IF2012,2020-04-28 09:32:11.200,3656.6000,2035,0,10982460.000,0,-,-,-,-,3654.4000,3654.2000,3650.6000,3650.4000,3647.0000,3658.0000,3658.2000,3659.8000,3663.0000,3668.0000,1,2,1,2,1,1,1,1,1,1
SF,IF2012,2020-04-28 09:32:11.700,3656.6000,2035,0,10982460.000,0,-,-,-,-,3654.6000,3654.4000,3650.4000,3647.0000,3644.4000,3658.0000,3658.2000,3659.8000,3663.0000,3668.0000,2,1,2,1,1,1,1,1,1,1
SF,IF2012,2020-04-28 09:32:12.700,3656.6000,2035,0,10982460.000,0,-,-,-,-,3654.6000,3654.4000,3650.4000,3647.0000,3644.4000,3657.8000,3658.0000,3658.2000,3659.8000,3663.0000,2,1,2,1,1,1,1,1,1,1
SF,IF2012,2020-04-28 09:32:13.200,3656.6000,2035,0,10982460.000,0,-,-,-,-,3654.6000,3654.4000,3650.4000,3647.0000,3644.4000,3657.6000,3657.8000,3659.8000,3663.0000,3668.0000,2,1,2,1,1,1,1,1,1,1
SF,IF2012,2020-04-28 09:32:13.700,3656.6000,2035,0,10982460.000,0,-,-,-,-,3654.6000,3650.4000,3647.0000,3644.4000,3632.0000,3657.6000,3657.8000,3659.8000,3663.0000,3668.0000,2,2,1,1,1,1,1,1,1,1
SF,IF2012,2020-04-28 09:32:17.700,3657.6000,2035,0,12079740.000,1,0,1,多换,S,3654.6000,3650.4000,3647.0000,3644.4000,3632.0000,3657.8000,3659.8000,3663.0000,3668.0000,3668.2000,2,2,1,1,1,1,1,1,1,1
SF,IF2012,2020-04-28 09:32:18.200,3657.6000,2035,0,12079740.000,0,-,-,-,-,3654.6000,3650.4000,3647.0000,3644.4000,3632.0000,3657.6000,3657.8000,3659.8000,3663.0000,3668.0000,2,2,1,1,1,1,1,1,1,1
SF,IF2012,2020-04-28 09:32:19.200,3657.6000,2035,0,12079740.000,0,-,-,-,-,3654.6000,3650.4000,3647.0000,3644.4000,3632.0000,3657.2000,3657.4000,3657.6000,3657.8000,3659.8000,2,2,1,1,1,1,1,1,1,1
SF,IF2012,2020-04-28 09:32:19.700,3657.6000,2035,0,12079740.000,0,-,-,-,-,3654.6000,3650.4000,3647.0000,3644.4000,3632.0000,3657.2000,3657.4000,3657.6000,3657.8000,3659.8000,1,2,1,1,1,1,1,1,1,1
SF,IF2012,2020-04-28 09:32:20.200,3657.6000,2035,0,12079740.000,0,-,-,-,-,3654.6000,3650.4000,3647.0000,3644.4000,3632.0000,3657.2000,3657.4000,3657.6000,3659.8000,3663.0000,1,2,1,1,1,1,1,1,1,1
SF,IF2012,2020-04-28 09:32:21.700,3657.6000,2035,0,12079740.000,0,-,-,-,-,3654.8000,3654.6000,3650.4000,3647.0000,3644.4000,3657.4000,3657.6000,3659.8000,3663.0000,3668.0000,1,1,2,1,1,1,1,1,1,1
SF,IF2012,2020-04-28 09:32:22.200,3657.6000,2035,0,12079740.000,0,-,-,-,-,3655.0000,3654.8000,3650.4000,3647.0000,3644.4000,3657.4000,3659.8000,3663.0000,3668.0000,3668.2000,1,1,2,1,1,1,1,1,1,1
SF,IF2012,2020-04-28 09:32:22.700,3657.6000,2035,0,12079740.000,0,-,-,-,-,3655.0000,3654.4000,3650.4000,3647.0000,3644.4000,3657.4000,3659.8000,3663.0000,3668.0000,3668.2000,1,1,2,1,1,1,1,1,1,1
SF,IF2012,2020-04-28 09:32:23.700,3657.6000,2035,0,12079740.000,0,-,-,-,-,3655.0000,3654.4000,3650.4000,3647.0000,3644.4000,3659.8000,3663.0000,3668.0000,3668.2000,3669.8000,1,1,2,1,1,1,1,1,1,1
SF,IF2012,2020-04-28 09:32:24.200,3657.6000,2035,0,12079740.000,0,-,-,-,-,3655.2000,3655.0000,3654.4000,3650.4000,3647.0000,3659.6000,3659.8000,3663.0000,3668.0000,3668.2000,1,1,1,2,1,2,1,1,1,1
SF,IF2012,2020-04-28 09:32:24.700,3657.6000,2035,0,12079740.000,0,-,-,-,-,3657.2000,3655.4000,3655.2000,3654.4000,3650.4000,3658.8000,3659.6000,3659.8000,3663.0000,3668.0000,1,1,1,1,2,1,2,1,1,1
SF,IF2012,2020-04-28 09:32:25.200,3657.2000,2036,1,13176900.000,1,1,0,双开,S,3655.4000,3655.2000,3654.4000,3650.4000,3647.0000,3658.4000,3658.6000,3658.8000,3659.6000,3659.8000,1,1,1,2,1,1,1,1,1,1
SF,IF2012,2020-04-28 09:32:25.700,3657.2000,2036,0,13176900.000,0,-,-,-,-,3655.4000,3655.2000,3654.4000,3650.4000,3647.0000,3658.2000,3658.4000,3658.8000,3659.6000,3659.8000,1,1,1,2,1,1,1,1,1,1
SF,IF2012,2020-04-28 09:32:26.200,3657.2000,2036,0,13176900.000,0,-,-,-,-,3655.4000,3655.2000,3654.4000,3650.4000,3647.0000,3658.2000,3658.8000,3659.6000,3659.8000,3663.0000,1,1,1,2,1,1,1,1,1,1
SF,IF2012,2020-04-28 09:32:27.700,3657.2000,2036,0,13176900.000,0,-,-,-,-,3655.4000,3655.2000,3654.4000,3650.4000,3647.0000,3658.2000,3658.8000,3659.8000,3663.0000,3668.0000,1,1,1,2,1,1,1,1,1,1
SF,IF2012,2020-04-28 09:32:28.200,3657.2000,2036,0,13176900.000,0,-,-,-,-,3655.6000,3655.4000,3655.2000,3654.4000,3650.4000,3658.2000,3658.8000,3659.8000,3663.0000,3668.0000,1,1,1,1,2,1,1,1,1,1
SF,IF2012,2020-04-28 09:32:28.700,3657.2000,2036,0,13176900.000,0,-,-,-,-,3655.8000,3655.6000,3655.2000,3654.4000,3650.4000,3658.2000,3658.8000,3659.8000,3663.0000,3668.0000,1,1,1,1,2,1,1,1,1,1
SF,IF2012,2020-04-28 09:32:29.200,3657.2000,2036,0,13176900.000,0,-,-,-,-,3655.8000,3655.2000,3654.4000,3650.4000,3647.0000,3658.2000,3658.8000,3659.8000,3663.0000,3668.0000,1,1,1,2,1,1,1,1,1,1
SF,IF2012,2020-04-28 09:32:29.700,3657.2000,2036,0,13176900.000,0,-,-,-,-,3655.8000,3655.2000,3654.4000,3650.4000,3647.0000,3657.8000,3658.2000,3658.8000,3659.8000,3663.0000,1,1,1,2,1,1,1,1,1,1
SF,IF2012,2020-04-28 09:32:30.200,3657.2000,2036,0,13176900.000,0,-,-,-,-,3655.8000,3654.4000,3650.4000,3647.0000,3644.4000,3657.8000,3658.2000,3658.8000,3659.8000,3663.0000,1,1,2,1,1,1,1,1,1,1
SF,IF2012,2020-04-28 09:32:30.700,3657.2000,2036,0,13176900.000,0,-,-,-,-,3655.8000,3654.4000,3650.4000,3647.0000,3644.4000,3657.6000,3658.2000,3658.8000,3659.8000,3663.0000,1,1,2,1,1,1,1,1,1,1
SF,IF2012,2020-04-28 09:32:31.700,3657.2000,2036,0,13176900.000,0,-,-,-,-,3655.8000,3654.4000,3650.4000,3644.4000,3633.0000,3657.6000,3658.2000,3658.8000,3659.8000,3663.0000,1,1,2,1,1,1,1,1,1,1
SF,IF2012,2020-04-28 09:32:32.200,3657.2000,2036,0,13176900.000,0,-,-,-,-,3654.4000,3650.4000,3644.4000,3633.0000,3632.0000,3657.4000,3657.6000,3659.8000,3663.0000,3668.0000,1,2,1,1,1,1,1,1,1,1
SF,IF2012,2020-04-28 09:32:32.700,3657.2000,2036,0,13176900.000,0,-,-,-,-,3654.6000,3654.4000,3650.4000,3644.4000,3633.0000,3657.4000,3657.6000,3659.8000,3663.0000,3668.0000,1,1,2,1,1,1,1,1,1,1
SF,IF2012,2020-04-28 09:32:40.200,3657.2000,2036,0,13176900.000,0,-,-,-,-,3654.6000,3654.4000,3650.4000,3644.4000,3633.0000,3657.2000,3657.4000,3657.6000,3659.8000,3663.0000,1,1,2,1,1,2,1,1,1,1
SF,IF2012,2020-04-28 09:32:40.700,3657.2000,2036,0,13176900.000,0,-,-,-,-,3654.4000,3650.4000,3644.4000,3633.0000,3632.0000,3657.0000,3657.2000,3659.8000,3663.0000,3668.0000,1,2,1,1,1,1,1,1,1,1
SF,IF2012,2020-04-28 09:32:41.200,3657.2000,2036,0,13176900.000,0,-,-,-,-,3654.4000,3650.4000,3644.4000,3633.0000,3632.0000,3656.6000,3657.0000,3657.2000,3659.8000,3663.0000,1,2,1,1,1,1,2,1,1,1
SF,IF2012,2020-04-28 09:32:41.700,3657.2000,2036,0,13176900.000,0,-,-,-,-,3654.4000,3650.4000,3644.4000,3633.0000,3632.0000,3656.4000,3656.6000,3656.8000,3657.2000,3659.8000,1,2,1,1,1,1,1,1,1,1
SF,IF2012,2020-04-28 09:32:42.200,3657.2000,2036,0,13176900.000,0,-,-,-,-,3654.4000,3650.4000,3644.4000,3633.0000,3632.0000,3656.4000,3656.8000,3657.2000,3659.8000,3663.0000,1,2,1,1,1,1,1,1,1,1
SF,IF2012,2020-04-28 09:32:45.700,3657.2000,2036,0,13176900.000,0,-,-,-,-,3654.4000,3650.4000,3644.4000,3633.0000,3632.0000,3656.2000,3656.4000,3656.8000,3657.2000,3659.8000,1,2,1,1,1,1,1,1,1,1
SF,IF2012,2020-04-28 09:32:46.200,3657.2000,2036,0,13176900.000,0,-,-,-,-,3654.4000,3650.4000,3644.4000,3633.0000,3632.0000,3656.2000,3656.4000,3657.2000,3659.8000,3663.0000,1,2,1,1,1,1,1,1,1,1
SF,IF2012,2020-04-28 09:32:47.200,3657.2000,2036,0,13176900.000,0,-,-,-,-,3654.4000,3650.4000,3644.4000,3633.0000,3632.0000,3656.4000,3657.2000,3659.8000,3663.0000,3668.0000,1,2,1,1,1,1,1,1,1,1
SF,IF2012,2020-04-28 09:32:47.700,3657.2000,2036,0,13176900.000,0,-,-,-,-,3654.6000,3654.4000,3650.4000,3644.4000,3633.0000,3657.2000,3659.8000,3663.0000,3668.0000,3668.2000,2,1,2,1,1,1,1,1,1,1
SF,IF2012,2020-04-28 09:32:48.200,3657.2000,2036,0,13176900.000,0,-,-,-,-,3654.6000,3654.4000,3650.4000,3644.4000,3633.0000,3657.0000,3657.2000,3659.8000,3663.0000,3668.0000,2,1,2,1,1,1,1,1,1,1
SF,IF2012,2020-04-28 09:32:48.700,3657.2000,2036,0,13176900.000,0,-,-,-,-,3654.6000,3654.4000,3650.4000,3644.4000,3633.0000,3657.2000,3659.8000,3663.0000,3668.0000,3668.2000,2,1,2,1,1,1,1,1,1,1
SF,IF2012,2020-04-28 09:32:49.200,3657.2000,2036,0,13176900.000,0,-,-,-,-,3654.6000,3654.4000,3650.4000,3644.4000,3633.0000,3659.8000,3663.0000,3668.0000,3668.2000,3669.8000,1,1,2,1,1,1,1,1,1,1
SF,IF2012,2020-04-28 09:32:49.700,3657.2000,2036,0,13176900.000,0,-,-,-,-,3654.8000,3654.6000,3654.4000,3650.4000,3644.4000,3657.0000,3659.6000,3659.8000,3663.0000,3668.0000,1,1,1,2,1,1,2,1,1,1
SF,IF2012,2020-04-28 09:32:50.200,3655.0000,2036,0,14273400.000,1,0,1,多换,S,3654.4000,3650.4000,3644.4000,3633.0000,3632.0000,3654.6000,3656.8000,3657.0000,3659.6000,3659.8000,1,2,1,1,1,1,1,1,1,1
SF,IF2012,2020-04-28 09:32:50.700,3654.6000,2036,0,15369780.000,1,0,1,多换,S,3654.4000,3650.4000,3644.4000,3633.0000,3632.0000,3659.6000,3659.8000,3663.0000,3668.0000,3668.2000,1,2,1,1,1,1,1,1,1,1
SF,IF2012,2020-04-28 09:32:51.200,3654.6000,2036,0,15369780.000,0,-,-,-,-,3654.6000,3654.4000,3650.4000,3644.4000,3633.0000,3659.0000,3659.4000,3659.6000,3659.8000,3663.0000,1,1,2,1,1,1,1,1,1,1
SF,IF2012,2020-04-28 09:32:51.700,3654.6000,2036,0,15369780.000,0,-,-,-,-,3654.8000,3654.6000,3654.4000,3650.4000,3644.4000,3658.4000,3658.8000,3659.0000,3659.8000,3663.0000,1,1,1,2,1,1,1,1,1,1
SF,IF2012,2020-04-28 09:32:52.200,3654.6000,2036,0,15369780.000,0,-,-,-,-,3655.0000,3654.8000,3654.4000,3650.4000,3644.4000,3658.2000,3658.4000,3659.0000,3659.8000,3663.0000,1,1,1,2,1,1,1,1,1,1
SF,IF2012,2020-04-28 09:32:52.700,3654.6000,2036,0,15369780.000,0,-,-,-,-,3655.0000,3654.8000,3654.4000,3650.4000,3644.4000,3658.2000,3658.4000,3659.0000,3659.8000,3663.0000,2,1,1,2,1,1,1,1,1,1
SF,IF2012,2020-04-28 09:32:53.200,3654.6000,2036,0,15369780.000,0,-,-,-,-,3655.0000,3654.8000,3654.4000,3650.4000,3644.4000,3658.0000,3658.2000,3658.4000,3659.0000,3659.8000,2,1,1,2,1,1,1,1,1,1
SF,IF2012,2020-04-28 09:32:53.700,3654.6000,2036,0,15369780.000,0,-,-,-,-,3655.0000,3654.4000,3650.4000,3644.4000,3633.0000,3657.8000,3658.0000,3658.4000,3659.0000,3659.8000,1,1,2,1,1,1,1,1,1,1
SF,IF2012,2020-04-28 09:32:54.200,3654.6000,2036,0,15369780.000,0,-,-,-,-,3655.0000,3654.4000,3650.4000,3644.4000,3633.0000,3657.8000,3658.4000,3659.8000,3663.0000,3668.0000,1,1,2,1,1,1,1,1,1,1
SF,IF2012,2020-04-28 09:32:54.700,3654.6000,2036,0,15369780.000,0,-,-,-,-,3655.0000,3654.4000,3650.4000,3644.4000,3633.0000,3657.6000,3657.8000,3658.4000,3659.8000,3663.0000,1,1,2,1,1,2,1,1,1,1
SF,IF2012,2020-04-28 09:32:55.200,3654.6000,2036,0,15369780.000,0,-,-,-,-,3654.4000,3650.4000,3644.4000,3633.0000,3632.0000,3657.4000,3657.6000,3658.4000,3659.8000,3663.0000,1,2,1,1,1,1,2,1,1,1
SF,IF2012,2020-04-28 09:32:55.700,3654.6000,2036,0,15369780.000,0,-,-,-,-,3654.6000,3654.4000,3650.4000,3644.4000,3633.0000,3657.4000,3657.6000,3658.4000,3659.8000,3663.0000,1,1,2,1,1,1,1,1,1,1
SF,IF2012,2020-04-28 09:32:56.200,3654.6000,2036,0,15369780.000,0,-,-,-,-,3654.6000,3654.4000,3650.4000,3644.4000,3633.0000,3657.4000,3658.4000,3659.8000,3663.0000,3668.0000,1,1,2,1,1,1,1,1,1,1
SF,IF2012,2020-04-28 09:32:57.200,3654.6000,2036,0,15369780.000,0,-,-,-,-,3654.8000,3654.6000,3654.4000,3650.4000,3644.4000,3657.4000,3658.4000,3659.8000,3663.0000,3668.0000,1,1,1,2,1,1,1,1,1,1
SF,IF2012,2020-04-28 09:32:57.700,3654.6000,2036,0,15369780.000,0,-,-,-,-,3655.0000,3654.8000,3654.4000,3650.4000,3644.4000,3658.4000,3659.8000,3663.0000,3668.0000,3668.2000,1,1,1,2,1,1,1,1,1,1
SF,IF2012,2020-04-28 09:32:58.200,3654.6000,2036,0,15369780.000,0,-,-,-,-,3655.2000,3655.0000,3654.4000,3650.4000,3644.4000,3658.2000,3658.4000,3659.8000,3663.0000,3668.0000,1,1,1,2,1,2,1,1,1,1
SF,IF2012,2020-04-28 09:32:58.700,3654.6000,2036,0,15369780.000,0,-,-,-,-,3655.4000,3655.2000,3650.4000,3644.4000,3633.0000,3658.2000,3658.4000,3659.8000,3663.0000,3668.0000,1,1,2,1,1,1,1,1,1,1
SF,IF2012,2020-04-28 09:32:59.200,3654.6000,2036,0,15369780.000,0,-,-,-,-,3655.4000,3655.2000,3650.4000,3644.4000,3633.0000,3658.0000,3658.2000,3658.4000,3659.8000,3663.0000,1,1,2,1,1,1,1,1,1,1
SF,IF2012,2020-04-28 09:32:59.700,3654.6000,2036,0,15369780.000,0,-,-,-,-,3655.4000,3655.2000,3650.4000,3644.4000,3633.0000,3657.8000,3658.0000,3658.4000,3659.8000,3663.0000,1,1,2,1,1,1,2,1,1,1
SF,IF2012,2020-04-28 09:33:00.200,3654.6000,2036,0,15369780.000,0,-,-,-,-,3655.4000,3650.4000,3644.4000,3633.0000,3632.0000,3657.8000,3658.0000,3658.4000,3659.8000,3663.0000,1,2,1,1,1,1,1,1,1,1
SF,IF2012,2020-04-28 09:33:00.700,3654.6000,2036,0,15369780.000,0,-,-,-,-,3650.4000,3644.4000,3633.0000,3632.0000,3629.6000,3657.6000,3657.8000,3658.4000,3659.8000,3663.0000,2,1,1,1,1,1,1,1,1,1
SF,IF2012,2020-04-28 09:33:01.200,3654.6000,2036,0,15369780.000,0,-,-,-,-,3650.6000,3650.4000,3644.4000,3633.0000,3632.0000,3657.4000,3657.6000,3658.4000,3659.8000,3663.0000,2,2,1,1,1,1,1,1,1,1
SF,IF2012,2020-04-28 09:33:01.700,3654.6000,2036,0,15369780.000,0,-,-,-,-,3651.0000,3650.6000,3644.4000,3633.0000,3632.0000,3657.4000,3657.6000,3658.4000,3659.8000,3663.0000,2,2,1,1,1,1,1,1,1,1
SF,IF2012,2020-04-28 09:33:02.200,3654.6000,2036,0,15369780.000,0,-,-,-,-,3653.2000,3651.2000,3651.0000,3650.8000,3644.4000,3657.4000,3657.6000,3658.4000,3659.8000,3663.0000,1,2,2,1,1,1,1,1,1,1
SF,IF2012,2020-04-28 09:33:02.700,3654.6000,2036,0,15369780.000,0,-,-,-,-,3653.4000,3653.2000,3651.0000,3650.8000,3644.4000,3657.4000,3657.6000,3658.4000,3659.8000,3663.0000,2,1,2,1,1,1,1,1,1,1
SF,IF2012,2020-04-28 09:33:03.200,3654.6000,2036,0,15369780.000,0,-,-,-,-,3653.4000,3653.2000,3651.0000,3644.4000,3633.0000,3657.4000,3657.6000,3658.4000,3659.8000,3663.0000,2,1,2,1,1,1,1,1,1,1
SF,IF2012,2020-04-28 09:33:03.700,3654.6000,2036,0,15369780.000,0,-,-,-,-,3653.6000,3653.4000,3651.0000,3644.4000,3633.0000,3657.4000,3657.6000,3658.4000,3659.8000,3663.0000,1,2,2,1,1,1,1,1,1,1
SF,IF2012,2020-04-28 09:33:04.200,3654.6000,2036,0,15369780.000,0,-,-,-,-,3653.8000,3653.6000,3651.0000,3644.4000,3633.0000,3657.4000,3657.6000,3658.4000,3659.8000,3663.0000,2,1,2,1,1,1,1,1,1,1
SF,IF2012,2020-04-28 09:33:04.700,3654.6000,2036,0,15369780.000,0,-,-,-,-,3653.8000,3653.6000,3651.0000,3644.4000,3633.0000,3657.4000,3657.6000,3658.4000,3659.8000,3663.0000,3,1,2,1,1,1,1,1,1,1
SF,IF2012,2020-04-28 09:33:05.200,3654.6000,2036,0,15369780.000,0,-,-,-,-,3653.8000,3651.0000,3644.4000,3633.0000,3632.0000,3657.4000,3657.6000,3658.4000,3659.8000,3663.0000,3,2,1,1,1,1,1,1,1,1
SF,IF2012,2020-04-28 09:33:06.200,3654.6000,2036,0,15369780.000,0,-,-,-,-,3653.8000,3651.0000,3644.4000,3633.0000,3632.0000,3657.4000,3657.6000,3658.4000,3659.8000,3663.0000,2,2,1,1,1,1,1,1,1,1
SF,IF2012,2020-04-28 09:33:06.700,3654.6000,2036,0,15369780.000,0,-,-,-,-,3654.0000,3653.8000,3651.0000,3644.4000,3633.0000,3657.4000,3657.6000,3658.4000,3659.8000,3663.0000,1,2,2,1,1,1,1,1,1,1
SF,IF2012,2020-04-28 09:33:07.200,3654.6000,2036,0,15369780.000,0,-,-,-,-,3654.2000,3654.0000,3651.0000,3644.4000,3633.0000,3657.4000,3657.6000,3658.4000,3659.8000,3663.0000,2,1,2,1,1,1,1,1,1,1
SF,IF2012,2020-04-28 09:33:08.200,3654.6000,2036,0,15369780.000,0,-,-,-,-,3654.2000,3651.0000,3644.4000,3633.0000,3632.0000,3657.4000,3657.6000,3658.4000,3659.8000,3663.0000,2,2,1,1,1,1,1,1,1,1
SF,IF2012,2020-04-28 09:33:08.700,3654.6000,2036,0,15369780.000,0,-,-,-,-,3654.2000,3651.0000,3644.4000,3633.0000,3632.0000,3657.2000,3657.4000,3658.4000,3659.8000,3663.0000,1,2,1,1,1,1,1,1,1,1
SF,IF2012,2020-04-28 09:33:09.200,3654.6000,2036,0,15369780.000,0,-,-,-,-,3654.2000,3651.0000,3644.4000,3633.0000,3632.0000,3657.0000,3657.2000,3658.4000,3659.8000,3663.0000,1,2,1,1,1,1,2,1,1,1
SF,IF2012,2020-04-28 09:33:10.700,3654.6000,2036,0,15369780.000,0,-,-,-,-,3654.2000,3651.0000,3644.4000,3633.0000,3632.0000,3657.0000,3657.2000,3658.4000,3659.8000,3663.0000,1,2,1,1,1,1,1,1,1,1
SF,IF2012,2020-04-28 09:33:11.200,3654.6000,2036,0,15369780.000,0,-,-,-,-,3654.2000,3651.0000,3644.4000,3633.0000,3632.0000,3656.6000,3657.0000,3658.4000,3659.8000,3663.0000,1,2,1,1,1,1,1,1,1,1
SF,IF2012,2020-04-28 09:33:11.700,3654.6000,2036,0,15369780.000,0,-,-,-,-,3651.0000,3644.4000,3633.0000,3632.0000,3629.6000,3656.4000,3656.6000,3656.8000,3658.4000,3659.8000,2,1,1,1,1,1,1,1,1,1
SF,IF2012,2020-04-28 09:33:12.200,3654.6000,2036,0,15369780.000,0,-,-,-,-,3651.2000,3651.0000,3644.4000,3633.0000,3632.0000,3656.4000,3656.6000,3656.8000,3658.4000,3659.8000,2,2,1,1,1,1,1,1,1,1
SF,IF2012,2020-04-28 09:33:12.700,3654.6000,2036,0,15369780.000,0,-,-,-,-,3652.6000,3651.4000,3651.2000,3644.4000,3633.0000,3656.4000,3656.6000,3656.8000,3658.4000,3659.8000,1,2,2,1,1,1,1,1,1,1
SF,IF2012,2020-04-28 09:33:13.200,3654.6000,2036,0,15369780.000,0,-,-,-,-,3652.8000,3652.6000,3651.4000,3644.4000,3633.0000,3656.4000,3656.6000,3656.8000,3658.4000,3659.8000,2,1,2,1,1,1,1,1,1,1
SF,IF2012,2020-04-28 09:33:13.700,3654.6000,2036,0,15369780.000,0,-,-,-,-,3652.8000,3652.6000,3644.4000,3633.0000,3632.0000,3656.4000,3656.6000,3658.4000,3659.8000,3663.0000,2,1,1,1,1,1,1,1,1,1
SF,IF2012,2020-04-28 09:33:14.700,3654.6000,2036,0,15369780.000,0,-,-,-,-,3653.0000,3652.8000,3644.4000,3633.0000,3632.0000,3656.4000,3656.6000,3658.4000,3659.8000,3663.0000,2,2,1,1,1,1,1,1,1,1
SF,IF2012,2020-04-28 09:33:15.200,3654.6000,2036,0,15369780.000,0,-,-,-,-,3653.2000,3653.0000,3644.4000,3633.0000,3632.0000,3656.4000,3656.6000,3658.4000,3659.8000,3663.0000,2,2,1,1,1,1,1,1,1,1
SF,IF2012,2020-04-28 09:33:15.700,3654.6000,2036,0,15369780.000,0,-,-,-,-,3653.2000,3653.0000,3644.4000,3633.0000,3632.0000,3656.4000,3658.4000,3659.8000,3663.0000,3668.0000,2,2,1,1,1,1,1,1,1,1
SF,IF2012,2020-04-28 09:33:16.200,3654.6000,2036,0,15369780.000,0,-,-,-,-,3653.2000,3653.0000,3644.4000,3633.0000,3632.0000,3656.4000,3658.4000,3659.8000,3663.0000,3668.0000,2,1,1,1,1,1,1,1,1,1
SF,IF2012,2020-04-28 09:33:17.200,3654.6000,2036,0,15369780.000,0,-,-,-,-,3653.4000,3653.2000,3653.0000,3644.4000,3633.0000,3656.4000,3658.4000,3659.8000,3663.0000,3668.0000,1,2,1,1,1,1,1,1,1,1
SF,IF2012,2020-04-28 09:33:17.700,3654.6000,2036,0,15369780.000,0,-,-,-,-,3653.6000,3653.4000,3653.2000,3653.0000,3644.4000,3656.4000,3658.4000,3659.8000,3663.0000,3668.0000,1,1,1,1,1,1,1,1,1,1
SF,IF2012,2020-04-28 09:33:18.200,3654.6000,2036,0,15369780.000,0,-,-,-,-,3653.6000,3653.4000,3653.2000,3644.4000,3633.0000,3656.4000,3658.4000,3659.8000,3663.0000,3668.0000,1,1,1,1,1,1,1,1,1,1
SF,IF2012,2020-04-28 09:33:31.200,3654.6000,2036,0,15369780.000,0,-,-,-,-,3653.8000,3653.6000,3653.4000,3653.2000,3644.4000,3656.4000,3658.4000,3659.8000,3663.0000,3668.0000,1,1,1,1,1,1,1,1,1,1
SF,IF2012,2020-04-28 09:33:31.700,3654.6000,2036,0,15369780.000,0,-,-,-,-,3654.0000,3653.8000,3653.4000,3653.2000,3644.4000,3658.4000,3659.8000,3663.0000,3668.0000,3668.2000,1,1,1,1,1,1,1,1,1,1
SF,IF2012,2020-04-28 09:33:32.200,3654.6000,2036,0,15369780.000,0,-,-,-,-,3654.2000,3654.0000,3653.8000,3653.4000,3644.4000,3658.2000,3658.4000,3659.8000,3663.0000,3668.0000,1,1,1,1,1,1,1,1,1,1
SF,IF2012,2020-04-28 09:33:32.700,3654.6000,2036,0,15369780.000,0,-,-,-,-,3654.4000,3654.2000,3653.8000,3653.4000,3644.4000,3658.2000,3658.4000,3659.8000,3663.0000,3668.0000,1,1,1,1,1,1,1,1,1,1
SF,IF2012,2020-04-28 09:33:33.200,3654.6000,2036,0,15369780.000,0,-,-,-,-,3654.6000,3654.4000,3653.8000,3653.4000,3644.4000,3658.2000,3658.4000,3659.8000,3663.0000,3668.0000,1,1,1,1,1,1,1,1,1,1
SF,IF2012,2020-04-28 09:33:33.700,3654.6000,2036,0,15369780.000,0,-,-,-,-,3654.8000,3654.6000,3653.8000,3653.4000,3644.4000,3658.2000,3658.4000,3659.8000,3663.0000,3668.0000,1,1,1,1,1,1,1,1,1,1
SF,IF2012,2020-04-28 09:33:34.200,3654.6000,2036,0,15369780.000,0,-,-,-,-,3655.0000,3654.8000,3653.8000,3653.4000,3644.4000,3658.2000,3658.4000,3659.8000,3663.0000,3668.0000,1,1,1,1,1,1,1,1,1,1
SF,IF2012,2020-04-28 09:33:34.700,3654.6000,2036,0,15369780.000,0,-,-,-,-,3655.0000,3654.8000,3644.4000,3633.0000,3632.0000,3658.2000,3658.4000,3659.8000,3663.0000,3668.0000,1,1,1,1,1,1,1,1,1,1
SF,IF2012,2020-04-28 09:33:35.200,3654.6000,2036,0,15369780.000,0,-,-,-,-,3655.2000,3655.0000,3644.4000,3633.0000,3632.0000,3658.2000,3658.4000,3659.8000,3663.0000,3668.0000,1,1,1,1,1,1,1,1,1,1
SF,IF2012,2020-04-28 09:33:35.700,3654.6000,2036,0,15369780.000,0,-,-,-,-,3655.0000,3644.4000,3633.0000,3632.0000,3629.6000,3658.0000,3658.2000,3658.4000,3659.8000,3663.0000,1,1,1,1,1,2,1,1,1,1
SF,IF2012,2020-04-28 09:33:36.200,3654.6000,2036,0,15369780.000,0,-,-,-,-,3655.0000,3644.4000,3633.0000,3632.0000,3629.6000,3657.8000,3658.0000,3658.4000,3659.8000,3663.0000,1,1,1,1,1,1,2,1,1,1
SF,IF2012,2020-04-28 09:33:36.700,3654.6000,2036,0,15369780.000,0,-,-,-,-,3655.0000,3644.4000,3633.0000,3632.0000,3629.6000,3657.8000,3658.0000,3658.4000,3659.8000,3663.0000,1,1,1,1,1,1,1,1,1,1
SF,IF2012,2020-04-28 09:33:37.200,3654.6000,2036,0,15369780.000,0,-,-,-,-,3655.2000,3655.0000,3644.4000,3633.0000,3632.0000,3657.8000,3658.0000,3658.4000,3659.8000,3663.0000,1,1,1,1,1,1,1,1,1,1
SF,IF2012,2020-04-28 09:33:37.700,3654.6000,2036,0,15369780.000,0,-,-,-,-,3655.2000,3655.0000,3644.4000,3633.0000,3632.0000,3657.8000,3658.0000,3658.4000,3659.8000,3663.0000,2,1,1,1,1,1,1,1,1,1
SF,IF2012,2020-04-28 09:33:38.200,3654.6000,2036,0,15369780.000,0,-,-,-,-,3655.2000,3655.0000,3644.4000,3633.0000,3632.0000,3657.8000,3658.4000,3659.8000,3663.0000,3668.0000,2,1,1,1,1,1,1,1,1,1
SF,IF2012,2020-04-28 09:33:39.700,3654.6000,2036,0,15369780.000,0,-,-,-,-,3655.2000,3655.0000,3650.0000,3644.4000,3633.0000,3657.8000,3658.4000,3659.8000,3663.0000,3668.0000,2,1,1,1,1,1,1,1,1,1
SF,IF2012,2020-04-28 09:33:40.200,3654.6000,2036,0,15369780.000,0,-,-,-,-,3655.2000,3655.0000,3650.0000,3644.4000,3633.0000,3658.4000,3659.8000,3663.0000,3668.0000,3668.2000,2,1,1,1,1,1,1,1,1,1
SF,IF2012,2020-04-28 09:33:40.700,3654.6000,2036,0,15369780.000,0,-,-,-,-,3655.4000,3655.2000,3650.0000,3644.4000,3633.0000,3658.4000,3659.8000,3663.0000,3668.0000,3668.2000,1,2,1,1,1,1,1,1,1,1
SF,IF2012,2020-04-28 09:33:41.200,3654.6000,2036,0,15369780.000,0,-,-,-,-,3655.6000,3655.4000,3655.2000,3650.0000,3644.4000,3658.4000,3659.8000,3663.0000,3668.0000,3668.2000,1,1,1,1,1,1,1,1,1,1
SF,IF2012,2020-04-28 09:33:41.700,3654.6000,2036,0,15369780.000,0,-,-,-,-,3655.6000,3655.4000,3655.2000,3650.0000,3644.4000,3658.4000,3659.8000,3663.0000,3668.0000,3668.2000,1,1,1,2,1,1,1,1,1,1
SF,IF2012,2020-04-28 09:33:42.200,3654.6000,2036,0,15369780.000,0,-,-,-,-,3655.6000,3655.4000,3655.2000,3650.0000,3644.4000,3659.8000,3663.0000,3668.0000,3668.2000,3669.8000,1,1,1,3,1,1,1,1,1,1
SF,IF2012,2020-04-28 09:33:42.700,3654.6000,2036,0,15369780.000,0,-,-,-,-,3655.8000,3655.6000,3655.2000,3650.0000,3644.4000,3659.6000,3659.8000,3663.0000,3668.0000,3668.2000,1,1,1,3,1,1,1,1,1,1
SF,IF2012,2020-04-28 09:33:43.200,3654.6000,2036,0,15369780.000,0,-,-,-,-,3656.0000,3655.8000,3655.2000,3650.0000,3644.4000,3659.6000,3659.8000,3663.0000,3668.0000,3668.2000,1,1,1,3,1,1,1,1,1,1
SF,IF2012,2020-04-28 09:33:43.700,3654.6000,2036,0,15369780.000,0,-,-,-,-,3656.2000,3656.0000,3655.2000,3650.0000,3644.4000,3659.6000,3659.8000,3663.0000,3668.0000,3668.2000,1,1,1,3,1,1,1,1,1,1
SF,IF2012,2020-04-28 09:33:44.200,3654.6000,2036,0,15369780.000,0,-,-,-,-,3656.4000,3656.2000,3655.2000,3650.0000,3644.4000,3659.6000,3659.8000,3663.0000,3668.0000,3668.2000,1,1,1,3,1,1,1,1,1,1
SF,IF2012,2020-04-28 09:33:44.700,3654.6000,2036,0,15369780.000,0,-,-,-,-,3656.6000,3656.4000,3655.2000,3650.0000,3644.4000,3659.6000,3659.8000,3663.0000,3668.0000,3668.2000,1,1,1,3,1,1,1,1,1,1
SF,IF2012,2020-04-28 09:33:45.200,3654.6000,2036,0,15369780.000,0,-,-,-,-,3656.8000,3656.6000,3655.2000,3650.0000,3644.4000,3659.4000,3659.8000,3663.0000,3668.0000,3668.2000,1,1,1,3,1,1,1,1,1,1
SF,IF2012,2020-04-28 09:33:45.700,3654.6000,2036,0,15369780.000,0,-,-,-,-,3656.8000,3656.6000,3655.2000,3650.0000,3644.4000,3663.0000,3668.0000,3668.2000,3669.8000,3688.8000,1,1,1,3,1,1,1,1,1,1
SF,IF2012,2020-04-28 09:33:46.200,3654.6000,2036,0,15369780.000,0,-,-,-,-,3657.0000,3656.8000,3655.2000,3650.0000,3644.4000,3662.8000,3663.0000,3668.0000,3668.2000,3669.8000,1,1,1,3,1,1,1,1,1,1
SF,IF2012,2020-04-28 09:33:46.700,3654.6000,2036,0,15369780.000,0,-,-,-,-,3657.2000,3657.0000,3655.2000,3650.0000,3644.4000,3662.8000,3663.0000,3668.0000,3668.2000,3669.8000,1,1,1,3,1,1,1,1,1,1
SF,IF2012,2020-04-28 09:33:47.200,3654.6000,2036,0,15369780.000,0,-,-,-,-,3657.4000,3657.2000,3655.2000,3650.0000,3644.4000,3661.8000,3662.4000,3662.8000,3663.0000,3668.0000,1,1,1,4,1,1,1,1,1,1
SF,IF2012,2020-04-28 09:33:47.700,3654.6000,2036,0,15369780.000,0,-,-,-,-,3657.6000,3657.4000,3655.2000,3650.0000,3644.4000,3661.4000,3661.6000,3661.8000,3662.4000,3663.0000,1,1,1,4,1,1,1,1,1,1
SF,IF2012,2020-04-28 09:33:48.200,3654.6000,2036,0,15369780.000,0,-,-,-,-,3657.8000,3657.6000,3655.2000,3650.0000,3644.4000,3661.2000,3661.4000,3661.8000,3662.0000,3662.4000,1,1,1,4,1,1,1,1,1,1
SF,IF2012,2020-04-28 09:33:49.700,3654.6000,2036,0,15369780.000,0,-,-,-,-,3657.8000,3657.6000,3655.2000,3650.0000,3644.4000,3660.4000,3661.0000,3661.2000,3661.4000,3661.8000,1,1,1,4,1,1,1,1,1,1
SF,IF2012,2020-04-28 09:33:50.200,3654.6000,2036,0,15369780.000,0,-,-,-,-,3657.6000,3655.2000,3650.0000,3644.4000,3633.0000,3660.2000,3660.4000,3661.4000,3661.8000,3662.0000,1,1,4,1,1,1,1,1,1,1
SF,IF2012,2020-04-28 09:33:50.700,3654.6000,2036,0,15369780.000,0,-,-,-,-,3650.0000,3644.4000,3633.0000,3632.0000,3629.6000,3660.2000,3660.4000,3661.4000,3661.8000,3662.4000,4,1,1,1,1,1,1,1,1,1
SF,IF2012,2020-04-28 09:33:51.200,3654.6000,2036,0,15369780.000,0,-,-,-,-,3650.4000,3650.2000,3650.0000,3644.4000,3633.0000,3660.2000,3660.4000,3661.4000,3662.4000,3663.0000,2,3,4,1,1,1,1,1,1,1
SF,IF2012,2020-04-28 09:33:51.700,3654.6000,2036,0,15369780.000,0,-,-,-,-,3650.6000,3650.4000,3650.0000,3644.4000,3633.0000,3660.2000,3660.4000,3661.4000,3662.4000,3663.0000,3,2,4,1,1,1,1,1,1,1
SF,IF2012,2020-04-28 09:33:52.200,3654.6000,2036,0,15369780.000,0,-,-,-,-,3651.0000,3650.6000,3650.0000,3644.4000,3633.0000,3660.2000,3662.4000,3663.0000,3668.0000,3668.2000,2,3,4,1,1,1,1,1,1,1
SF,IF2012,2020-04-28 09:33:52.700,3654.6000,2036,0,15369780.000,0,-,-,-,-,3654.6000,3651.2000,3651.0000,3650.0000,3644.4000,3659.6000,3660.2000,3662.4000,3663.0000,3668.0000,1,2,2,4,1,1,1,1,1,1
SF,IF2012,2020-04-28 09:33:53.200,3654.6000,2036,0,15369780.000,0,-,-,-,-,3654.8000,3654.6000,3651.0000,3650.0000,3644.4000,3659.4000,3659.6000,3662.4000,3663.0000,3668.0000,2,1,2,4,1,2,1,1,1,1
SF,IF2012,2020-04-28 09:33:54.700,3654.6000,2036,0,15369780.000,0,-,-,-,-,3654.8000,3654.6000,3651.0000,3650.0000,3644.4000,3659.4000,3659.6000,3662.4000,3663.0000,3668.0000,2,1,2,4,1,1,1,1,1,1
SF,IF2012,2020-04-28 09:33:55.200,3654.6000,2036,0,15369780.000,0,-,-,-,-,3654.8000,3654.6000,3651.0000,3650.0000,3644.4000,3659.0000,3659.4000,3659.6000,3662.4000,3663.0000,2,1,2,4,1,1,1,1,1,1
SF,IF2012,2020-04-28 09:33:55.700,3654.6000,2036,0,15369780.000,0,-,-,-,-,3655.0000,3654.8000,3654.6000,3651.0000,3650.0000,3658.8000,3659.0000,3659.6000,3662.4000,3663.0000,1,2,1,2,4,1,1,1,1,1
SF,IF2012,2020-04-28 09:33:56.200,3654.6000,2036,0,15369780.000,0,-,-,-,-,3655.2000,3655.0000,3654.6000,3651.0000,3650.0000,3658.8000,3659.0000,3662.4000,3663.0000,3668.0000,2,1,1,2,4,1,1,1,1,1
SF,IF2012,2020-04-28 09:33:57.200,3654.6000,2036,0,15369780.000,0,-,-,-,-,3655.2000,3654.6000,3651.0000,3650.0000,3644.4000,3658.8000,3659.0000,3662.4000,3663.0000,3668.0000,2,1,2,4,1,1,1,1,1,1
SF,IF2012,2020-04-28 09:33:58.200,3654.6000,2036,0,15369780.000,0,-,-,-,-,3655.4000,3655.2000,3654.6000,3651.0000,3650.0000,3658.8000,3659.0000,3662.4000,3663.0000,3668.0000,1,2,1,2,4,1,1,1,1,1
SF,IF2012,2020-04-28 09:33:58.700,3654.6000,2036,0,15369780.000,0,-,-,-,-,3655.6000,3655.4000,3654.6000,3651.0000,3650.0000,3658.8000,3659.0000,3662.4000,3663.0000,3668.0000,2,1,1,2,4,1,1,1,1,1
SF,IF2012,2020-04-28 09:33:59.200,3654.6000,2036,0,15369780.000,0,-,-,-,-,3655.6000,3654.6000,3651.0000,3650.0000,3644.4000,3658.8000,3659.0000,3662.4000,3663.0000,3668.0000,2,1,2,4,1,1,1,1,1,1
SF,IF2012,2020-04-28 09:34:00.200,3654.6000,2036,0,15369780.000,0,-,-,-,-,3655.8000,3655.6000,3654.6000,3651.0000,3650.0000,3658.8000,3659.0000,3662.4000,3663.0000,3668.0000,1,2,1,2,4,1,1,1,1,1
SF,IF2012,2020-04-28 09:34:03.200,3654.6000,2036,0,15369780.000,0,-,-,-,-,3655.8000,3655.6000,3654.6000,3651.0000,3650.0000,3658.6000,3658.8000,3662.4000,3663.0000,3668.0000,1,2,1,2,4,1,1,1,1,1
SF,IF2012,2020-04-28 09:34:03.700,3654.6000,2036,0,15369780.000,0,-,-,-,-,3655.8000,3655.6000,3651.0000,3650.0000,3644.4000,3658.4000,3658.6000,3662.4000,3663.0000,3668.0000,1,2,2,4,1,1,1,1,1,1
SF,IF2012,2020-04-28 09:34:04.200,3654.6000,2036,0,15369780.000,0,-,-,-,-,3655.6000,3651.0000,3650.0000,3644.4000,3633.0000,3658.4000,3658.6000,3662.4000,3663.0000,3668.0000,2,2,4,1,1,1,1,1,1,1
SF,IF2012,2020-04-28 09:34:05.200,3654.6000,2036,0,15369780.000,0,-,-,-,-,3655.8000,3655.6000,3651.0000,3650.0000,3644.4000,3658.4000,3658.6000,3662.4000,3663.0000,3668.0000,1,2,2,4,1,1,1,1,1,1
SF,IF2012,2020-04-28 09:34:09.200,3654.6000,2036,0,15369780.000,0,-,-,-,-,3655.8000,3655.6000,3651.0000,3650.0000,3644.4000,3658.4000,3662.4000,3663.0000,3668.0000,3668.2000,1,2,2,4,1,1,1,1,1,1
SF,IF2012,2020-04-28 09:34:09.700,3654.6000,2036,0,15369780.000,0,-,-,-,-,3656.0000,3655.8000,3655.6000,3651.0000,3650.0000,3658.4000,3662.4000,3663.0000,3668.0000,3668.2000,1,1,1,2,4,1,1,1,1,1
SF,IF2012,2020-04-28 09:34:10.200,3654.6000,2036,0,15369780.000,0,-,-,-,-,3656.0000,3655.8000,3655.6000,3651.0000,3650.0000,3662.4000,3663.0000,3668.0000,3668.2000,3669.8000,1,1,1,2,4,1,1,1,1,1
SF,IF2012,2020-04-28 09:34:10.700,3654.6000,2036,0,15369780.000,0,-,-,-,-,3656.2000,3656.0000,3655.8000,3651.0000,3650.0000,3662.0000,3662.2000,3662.4000,3663.0000,3668.0000,1,1,1,2,4,2,1,1,1,1
SF,IF2012,2020-04-28 09:34:11.200,3654.6000,2036,0,15369780.000,0,-,-,-,-,3656.4000,3656.2000,3655.8000,3651.0000,3650.0000,3661.8000,3662.0000,3662.4000,3663.0000,3668.0000,1,1,1,2,4,1,2,1,1,1
SF,IF2012,2020-04-28 09:34:11.700,3654.6000,2036,0,15369780.000,0,-,-,-,-,3656.6000,3656.4000,3651.0000,3650.0000,3644.4000,3661.8000,3662.0000,3662.4000,3663.0000,3668.0000,1,1,2,4,1,1,2,1,1,1
SF,IF2012,2020-04-28 09:34:12.200,3654.6000,2036,0,15369780.000,0,-,-,-,-,3656.8000,3656.6000,3651.0000,3650.0000,3644.4000,3660.4000,3661.4000,3661.8000,3662.0000,3663.0000,1,1,2,4,1,1,1,1,2,1
SF,IF2012,2020-04-28 09:34:12.700,3654.6000,2036,0,15369780.000,0,-,-,-,-,3657.0000,3656.8000,3651.0000,3650.0000,3644.4000,3660.2000,3660.4000,3661.2000,3661.4000,3661.6000,1,1,2,4,1,1,1,1,1,1
SF,IF2012,2020-04-28 09:34:13.200,3654.6000,2036,0,15369780.000,0,-,-,-,-,3657.2000,3657.0000,3651.0000,3650.0000,3644.4000,3660.2000,3660.4000,3661.2000,3661.4000,3661.6000,1,1,2,4,1,1,1,1,1,1
SF,IF2012,2020-04-28 09:34:13.700,3654.6000,2036,0,15369780.000,0,-,-,-,-,3657.0000,3651.0000,3650.0000,3644.4000,3633.0000,3660.2000,3660.4000,3661.2000,3661.4000,3661.6000,1,2,4,1,1,1,1,1,1,1
SF,IF2012,2020-04-28 09:34:14.200,3654.6000,2036,0,15369780.000,0,-,-,-,-,3657.0000,3651.0000,3650.0000,3644.4000,3633.0000,3660.2000,3660.4000,3661.4000,3661.6000,3662.0000,1,2,4,1,1,1,1,1,1,2
SF,IF2012,2020-04-28 09:34:15.700,3654.6000,2036,0,15369780.000,0,-,-,-,-,3657.0000,3651.0000,3650.0000,3644.4000,3633.0000,3660.0000,3660.2000,3661.4000,3661.6000,3662.0000,1,2,4,1,1,1,1,1,1,2
SF,IF2012,2020-04-28 09:34:16.200,3654.6000,2036,0,15369780.000,0,-,-,-,-,3657.0000,3651.0000,3650.0000,3644.4000,3633.0000,3659.8000,3660.0000,3661.4000,3661.6000,3662.0000,1,2,4,1,1,1,1,1,1,2
SF,IF2012,2020-04-28 09:34:16.700,3654.6000,2036,0,15369780.000,0,-,-,-,-,3657.2000,3657.0000,3651.0000,3650.0000,3644.4000,3659.8000,3660.0000,3661.4000,3663.0000,3668.0000,1,1,2,4,1,1,1,1,1,1
SF,IF2012,2020-04-28 09:34:17.200,3654.6000,2036,0,15369780.000,0,-,-,-,-,3657.2000,3657.0000,3651.0000,3650.0000,3644.4000,3659.8000,3660.0000,3661.4000,3663.0000,3668.0000,2,1,2,4,1,1,1,1,1,1
SF,IF2012,2020-04-28 09:34:18.700,3654.6000,2036,0,15369780.000,0,-,-,-,-,3657.2000,3657.0000,3651.0000,3650.0000,3644.4000,3659.8000,3660.0000,3661.4000,3663.0000,3668.0000,1,1,2,4,1,1,1,1,1,1
SF,IF2012,2020-04-28 09:34:19.200,3654.6000,2036,0,15369780.000,0,-,-,-,-,3657.4000,3657.2000,3657.0000,3651.0000,3650.0000,3660.0000,3661.4000,3663.0000,3668.0000,3668.2000,1,1,1,2,4,1,1,1,1,1
SF,IF2012,2020-04-28 09:34:19.700,3654.6000,2036,0,15369780.000,0,-,-,-,-,3657.6000,3657.4000,3657.0000,3651.0000,3650.0000,3660.0000,3661.4000,3663.0000,3668.0000,3668.2000,1,1,1,2,4,1,1,1,1,1
SF,IF2012,2020-04-28 09:34:20.200,3654.6000,2036,0,15369780.000,0,-,-,-,-,3657.6000,3657.4000,3657.0000,3651.0000,3650.0000,3659.8000,3660.0000,3661.4000,3663.0000,3668.0000,1,1,1,2,4,1,1,1,1,1
SF,IF2012,2020-04-28 09:34:20.700,3654.6000,2036,0,15369780.000,0,-,-,-,-,3657.6000,3657.4000,3657.0000,3651.0000,3650.0000,3659.8000,3661.4000,3663.0000,3668.0000,3668.2000,1,1,1,2,4,1,1,1,1,1
SF,IF2012,2020-04-28 09:34:21.200,3654.6000,2036,0,15369780.000,0,-,-,-,-,3657.6000,3657.4000,3657.0000,3651.0000,3650.0000,3663.0000,3668.0000,3668.2000,3669.8000,3688.8000,1,1,1,2,4,1,1,1,1,1
SF,IF2012,2020-04-28 09:34:21.700,3654.6000,2036,0,15369780.000,0,-,-,-,-,3657.8000,3657.6000,3657.4000,3651.0000,3650.0000,3662.6000,3662.8000,3663.0000,3668.0000,3668.2000,1,1,1,2,4,2,1,1,1,1
SF,IF2012,2020-04-28 09:34:22.200,3654.6000,2036,0,15369780.000,0,-,-,-,-,3658.0000,3657.8000,3657.4000,3651.0000,3650.0000,3662.4000,3663.0000,3668.0000,3668.2000,3669.8000,1,1,1,2,4,1,1,1,1,1
SF,IF2012,2020-04-28 09:34:22.700,3654.6000,2036,0,15369780.000,0,-,-,-,-,3658.2000,3658.0000,3657.4000,3651.0000,3650.0000,3662.4000,3663.0000,3668.0000,3668.2000,3669.8000,1,1,1,2,4,1,1,1,1,1
SF,IF2012,2020-04-28 09:34:23.200,3654.6000,2036,0,15369780.000,0,-,-,-,-,3658.4000,3658.2000,3657.4000,3651.0000,3650.0000,3661.6000,3662.4000,3663.0000,3668.0000,3668.2000,1,1,1,2,4,1,1,1,1,1
SF,IF2012,2020-04-28 09:34:23.700,3654.6000,2036,0,15369780.000,0,-,-,-,-,3658.6000,3658.4000,3657.4000,3651.0000,3650.0000,3661.4000,3661.6000,3663.0000,3668.0000,3668.2000,1,1,1,2,4,1,1,1,1,1
SF,IF2012,2020-04-28 09:34:24.200,3654.6000,2036,0,15369780.000,0,-,-,-,-,3658.8000,3658.6000,3657.4000,3651.0000,3650.0000,3661.4000,3661.6000,3663.0000,3668.0000,3668.2000,1,1,1,2,4,1,1,1,1,1
SF,IF2012,2020-04-28 09:34:24.700,3654.6000,2036,0,15369780.000,0,-,-,-,-,3658.8000,3658.6000,3651.0000,3650.0000,3644.4000,3663.0000,3668.0000,3668.2000,3669.8000,3688.8000,1,1,2,4,1,1,1,1,1,1
SF,IF2012,2020-04-28 09:34:25.200,3654.6000,2036,0,15369780.000,0,-,-,-,-,3659.0000,3658.8000,3651.0000,3650.0000,3644.4000,3662.8000,3663.0000,3668.0000,3668.2000,3669.8000,1,1,2,4,1,1,1,1,1,1
SF,IF2012,2020-04-28 09:34:25.700,3654.6000,2036,0,15369780.000,0,-,-,-,-,3659.2000,3659.0000,3651.0000,3650.0000,3644.4000,3662.8000,3663.0000,3668.0000,3668.2000,3669.8000,1,1,2,4,1,1,1,1,1,1
SF,IF2012,2020-04-28 09:34:26.200,3654.6000,2036,0,15369780.000,0,-,-,-,-,3659.4000,3651.0000,3650.0000,3644.4000,3633.0000,3662.6000,3662.8000,3663.0000,3668.0000,3668.2000,1,2,4,1,1,1,1,1,1,1
SF,IF2012,2020-04-28 09:34:26.700,3654.6000,2036,0,15369780.000,0,-,-,-,-,3659.4000,3651.0000,3650.0000,3644.4000,3633.0000,3662.4000,3662.6000,3663.0000,3668.0000,3668.2000,1,2,4,1,1,2,1,1,1,1
SF,IF2012,2020-04-28 09:34:27.200,3654.6000,2036,0,15369780.000,0,-,-,-,-,3659.4000,3651.0000,3650.0000,3644.4000,3633.0000,3662.4000,3663.0000,3668.0000,3668.2000,3669.8000,1,2,4,1,1,2,1,1,1,1
SF,IF2012,2020-04-28 09:34:28.700,3654.6000,2036,0,15369780.000,0,-,-,-,-,3659.4000,3651.0000,3650.0000,3644.4000,3633.0000,3662.2000,3662.4000,3663.0000,3668.0000,3668.2000,1,2,4,1,1,1,2,1,1,1
SF,IF2012,2020-04-28 09:34:29.200,3654.6000,2036,0,15369780.000,0,-,-,-,-,3659.4000,3651.0000,3650.0000,3644.4000,3633.0000,3662.0000,3662.2000,3662.4000,3663.0000,3668.0000,1,2,4,1,1,1,1,1,1,1
SF,IF2012,2020-04-28 09:34:29.700,3654.6000,2036,0,15369780.000,0,-,-,-,-,3651.0000,3650.0000,3644.4000,3633.0000,3632.0000,3662.0000,3662.2000,3662.4000,3663.0000,3668.0000,2,4,1,1,1,1,1,1,1,1
SF,IF2012,2020-04-28 09:34:30.200,3654.6000,2036,0,15369780.000,0,-,-,-,-,3651.2000,3651.0000,3650.0000,3644.4000,3633.0000,3662.0000,3662.2000,3662.4000,3663.0000,3668.0000,2,2,4,1,1,1,1,1,1,1
SF,IF2012,2020-04-28 09:34:30.700,3654.6000,2036,0,15369780.000,0,-,-,-,-,3651.6000,3651.2000,3650.0000,3644.4000,3633.0000,3662.0000,3662.2000,3662.4000,3663.0000,3668.0000,2,2,4,1,1,1,1,1,1,1
SF,IF2012,2020-04-28 09:34:31.200,3654.6000,2036,0,15369780.000,0,-,-,-,-,3651.8000,3651.6000,3650.0000,3644.4000,3633.0000,3661.6000,3662.0000,3662.2000,3663.0000,3668.0000,2,2,4,1,1,1,1,1,1,1
SF,IF2012,2020-04-28 09:34:31.700,3654.6000,2036,0,15369780.000,0,-,-,-,-,3653.6000,3652.2000,3651.8000,3650.0000,3644.4000,3661.4000,3661.6000,3662.2000,3663.0000,3668.0000,1,2,2,4,1,1,1,1,1,1
SF,IF2012,2020-04-28 09:34:32.200,3654.6000,2036,0,15369780.000,0,-,-,-,-,3654.0000,3653.8000,3653.6000,3650.0000,3644.4000,3661.4000,3661.6000,3663.0000,3668.0000,3668.2000,2,2,1,4,1,1,1,1,1,1
SF,IF2012,2020-04-28 09:34:32.700,3654.6000,2036,0,15369780.000,0,-,-,-,-,3654.2000,3654.0000,3653.6000,3650.0000,3644.4000,3661.0000,3661.4000,3663.0000,3668.0000,3668.2000,2,2,1,4,1,1,1,1,1,1
SF,IF2012,2020-04-28 09:34:33.200,3654.6000,2036,0,15369780.000,0,-,-,-,-,3654.6000,3654.2000,3650.0000,3644.4000,3633.0000,3660.8000,3661.0000,3663.0000,3668.0000,3668.2000,2,3,4,1,1,1,1,1,1,1
SF,IF2012,2020-04-28 09:34:33.700,3654.6000,2036,0,15369780.000,0,-,-,-,-,3654.8000,3654.6000,3654.2000,3650.0000,3644.4000,3660.8000,3661.0000,3663.0000,3668.0000,3668.2000,2,2,1,4,1,1,1,1,1,1
SF,IF2012,2020-04-28 09:34:34.200,3654.6000,2036,0,15369780.000,0,-,-,-,-,3654.8000,3654.6000,3650.0000,3644.4000,3633.0000,3660.8000,3661.0000,3663.0000,3668.0000,3668.2000,2,2,4,1,1,1,1,1,1,1
SF,IF2012,2020-04-28 09:34:34.700,3654.6000,2036,0,15369780.000,0,-,-,-,-,3655.0000,3654.8000,3650.0000,3644.4000,3633.0000,3660.2000,3660.8000,3661.0000,3663.0000,3668.0000,2,2,4,1,1,1,1,1,1,1
SF,IF2012,2020-04-28 09:34:35.200,3654.6000,2036,0,15369780.000,0,-,-,-,-,3655.2000,3655.0000,3650.0000,3644.4000,3633.0000,3660.0000,3660.2000,3660.6000,3661.0000,3663.0000,2,3,4,1,1,1,1,1,1,1
SF,IF2012,2020-04-28 09:34:36.200,3654.6000,2036,0,15369780.000,0,-,-,-,-,3655.2000,3655.0000,3650.0000,3644.4000,3633.0000,3660.0000,3660.2000,3661.0000,3663.0000,3668.0000,2,1,4,1,1,1,1,1,1,1
SF,IF2012,2020-04-28 09:34:36.700,3654.6000,2036,0,15369780.000,0,-,-,-,-,3655.2000,3650.0000,3644.4000,3633.0000,3632.0000,3660.0000,3660.2000,3661.0000,3663.0000,3668.0000,2,4,1,1,1,1,1,1,1,1
SF,IF2012,2020-04-28 09:34:37.700,3654.6000,2036,0,15369780.000,0,-,-,-,-,3655.2000,3650.0000,3644.4000,3633.0000,3632.0000,3659.8000,3660.0000,3660.2000,3661.0000,3663.0000,2,4,1,1,1,1,1,1,1,1
SF,IF2012,2020-04-28 09:34:38.200,3654.6000,2036,0,15369780.000,0,-,-,-,-,3655.2000,3650.0000,3644.4000,3633.0000,3632.0000,3659.6000,3659.8000,3661.0000,3663.0000,3668.0000,2,4,1,1,1,2,2,1,1,1
SF,IF2012,2020-04-28 09:34:38.700,3654.6000,2036,0,15369780.000,0,-,-,-,-,3655.2000,3650.0000,3644.4000,3633.0000,3632.0000,3659.6000,3659.8000,3663.0000,3668.0000,3668.2000,2,4,1,1,1,2,2,1,1,1
SF,IF2012,2020-04-28 09:34:39.200,3654.6000,2036,0,15369780.000,0,-,-,-,-,3655.2000,3650.0000,3644.4000,3633.0000,3632.0000,3659.6000,3663.0000,3668.0000,3668.2000,3669.8000,2,4,1,1,1,2,1,1,1,1
SF,IF2012,2020-04-28 09:34:39.700,3654.6000,2036,0,15369780.000,0,-,-,-,-,3655.2000,3650.0000,3644.4000,3633.0000,3632.0000,3659.4000,3659.6000,3663.0000,3668.0000,3668.2000,2,4,1,1,1,1,2,1,1,1
SF,IF2012,2020-04-28 09:34:40.200,3654.6000,2036,0,15369780.000,0,-,-,-,-,3655.2000,3650.0000,3644.4000,3633.0000,3632.0000,3659.2000,3659.4000,3659.6000,3663.0000,3668.0000,2,4,1,1,1,1,1,1,1,1
SF,IF2012,2020-04-28 09:34:41.200,3654.6000,2036,0,15369780.000,0,-,-,-,-,3655.6000,3655.2000,3650.0000,3644.4000,3633.0000,3659.2000,3659.4000,3663.0000,3668.0000,3668.2000,1,2,4,1,1,1,1,1,1,1
SF,IF2012,2020-04-28 09:34:41.700,3654.6000,2036,0,15369780.000,0,-,-,-,-,3655.8000,3655.6000,3650.0000,3644.4000,3633.0000,3659.2000,3659.4000,3663.0000,3668.0000,3668.2000,2,1,4,1,1,1,1,1,1,1
SF,IF2012,2020-04-28 09:34:43.700,3654.6000,2036,0,15369780.000,0,-,-,-,-,3656.2000,3655.8000,3650.0000,3644.4000,3633.0000,3659.2000,3659.4000,3663.0000,3668.0000,3668.2000,1,2,4,1,1,1,1,1,1,1
SF,IF2012,2020-04-28 09:34:44.200,3654.6000,2036,0,15369780.000,0,-,-,-,-,3656.4000,3656.2000,3655.8000,3650.0000,3644.4000,3659.2000,3659.4000,3663.0000,3668.0000,3668.2000,1,1,1,4,1,1,1,1,1,1
SF,IF2012,2020-04-28 09:34:44.700,3654.6000,2036,0,15369780.000,0,-,-,-,-,3656.4000,3656.2000,3655.8000,3650.0000,3644.4000,3659.2000,3663.0000,3668.0000,3668.2000,3669.8000,1,1,1,4,1,1,1,1,1,1
SF,IF2012,2020-04-28 09:34:45.200,3654.6000,2036,0,15369780.000,0,-,-,-,-,3656.4000,3656.2000,3655.8000,3650.0000,3644.4000,3663.0000,3668.0000,3668.2000,3669.8000,3688.8000,1,1,1,4,1,1,1,1,1,1
SF,IF2012,2020-04-28 09:34:45.700,3654.6000,2036,0,15369780.000,0,-,-,-,-,3656.6000,3656.4000,3650.0000,3644.4000,3633.0000,3659.0000,3662.8000,3663.0000,3668.0000,3668.2000,1,1,4,1,1,1,1,1,1,1
SF,IF2012,2020-04-28 09:34:46.200,3654.6000,2036,0,15369780.000,0,-,-,-,-,3656.8000,3650.0000,3644.4000,3633.0000,3632.0000,3659.0000,3662.6000,3662.8000,3663.0000,3668.0000,1,4,1,1,1,1,2,1,1,1
SF,IF2012,2020-04-28 09:34:46.700,3654.6000,2036,0,15369780.000,0,-,-,-,-,3656.8000,3650.0000,3644.4000,3633.0000,3632.0000,3662.8000,3663.0000,3668.0000,3668.2000,3669.8000,1,4,1,1,1,1,1,1,1,1
SF,IF2012,2020-04-28 09:34:47.200,3654.6000,2036,0,15369780.000,0,-,-,-,-,3657.0000,3650.0000,3644.4000,3633.0000,3632.0000,3661.4000,3662.8000,3663.0000,3668.0000,3668.2000,1,4,1,1,1,1,1,1,1,1
SF,IF2012,2020-04-28 09:34:47.700,3654.6000,2036,0,15369780.000,0,-,-,-,-,3657.2000,3657.0000,3650.0000,3644.4000,3633.0000,3661.2000,3661.4000,3663.0000,3668.0000,3668.2000,1,1,4,1,1,1,1,1,1,1
SF,IF2012,2020-04-28 09:34:48.200,3654.6000,2036,0,15369780.000,0,-,-,-,-,3657.4000,3657.2000,3650.0000,3644.4000,3633.0000,3661.2000,3661.4000,3663.0000,3668.0000,3668.2000,1,1,4,1,1,2,1,1,1,1
SF,IF2012,2020-04-28 09:34:48.700,3654.6000,2036,0,15369780.000,0,-,-,-,-,3657.4000,3650.0000,3644.4000,3633.0000,3632.0000,3661.2000,3661.4000,3663.0000,3668.0000,3668.2000,1,4,1,1,1,2,1,1,1,1
SF,IF2012,2020-04-28 09:34:50.700,3654.6000,2036,0,15369780.000,0,-,-,-,-,3657.4000,3650.0000,3644.4000,3633.0000,3632.0000,3661.0000,3661.2000,3661.4000,3663.0000,3668.0000,1,4,1,1,1,1,2,1,1,1
SF,IF2012,2020-04-28 09:34:51.200,3654.6000,2036,0,15369780.000,0,-,-,-,-,3657.4000,3650.0000,3644.4000,3633.0000,3632.0000,3660.8000,3661.0000,3661.2000,3661.4000,3663.0000,1,4,1,1,1,1,1,1,1,1
SF,IF2012,2020-04-28 09:34:55.700,3654.6000,2036,0,15369780.000,0,-,-,-,-,3657.4000,3650.0000,3644.4000,3633.0000,3632.0000,3660.6000,3660.8000,3661.2000,3661.4000,3663.0000,1,4,1,1,1,1,1,1,1,1
SF,IF2012,2020-04-28 09:34:56.200,3654.6000,2036,0,15369780.000,0,-,-,-,-,3657.4000,3650.0000,3644.4000,3633.0000,3632.0000,3660.4000,3660.6000,3661.2000,3661.4000,3663.0000,1,4,1,1,1,1,1,1,1,1
SF,IF2012,2020-04-28 09:34:56.700,3654.6000,2036,0,15369780.000,0,-,-,-,-,3657.6000,3657.4000,3650.0000,3644.4000,3633.0000,3660.4000,3660.6000,3661.2000,3661.4000,3663.0000,1,1,4,1,1,1,1,1,1,1
SF,IF2012,2020-04-28 09:34:57.700,3654.6000,2036,0,15369780.000,0,-,-,-,-,3657.6000,3657.4000,3650.0000,3644.4000,3633.0000,3660.4000,3660.6000,3661.4000,3663.0000,3668.0000,1,1,4,1,1,1,1,1,1,1
SF,IF2012,2020-04-28 09:34:58.200,3654.6000,2036,0,15369780.000,0,-,-,-,-,3657.6000,3657.4000,3650.0000,3644.4000,3633.0000,3660.2000,3660.4000,3661.4000,3663.0000,3668.0000,1,1,4,1,1,1,1,1,1,1
SF,IF2012,2020-04-28 09:34:59.200,3654.6000,2036,0,15369780.000,0,-,-,-,-,3657.6000,3657.4000,3650.0000,3644.4000,3633.0000,3660.2000,3660.4000,3663.0000,3668.0000,3668.2000,1,1,4,1,1,1,1,1,1,1
SF,IF2012,2020-04-28 09:34:59.700,3654.6000,2036,0,15369780.000,0,-,-,-,-,3657.6000,3657.4000,3650.0000,3644.4000,3633.0000,3663.0000,3668.0000,3668.2000,3669.8000,3688.8000,1,1,4,1,1,1,1,1,1,1
SF,IF2012,2020-04-28 09:35:00.200,3654.6000,2036,0,15369780.000,0,-,-,-,-,3657.8000,3657.6000,3650.0000,3644.4000,3633.0000,3662.8000,3663.0000,3668.0000,3668.2000,3669.8000,1,1,4,1,1,1,1,1,1,1
SF,IF2012,2020-04-28 09:35:00.700,3654.6000,2036,0,15369780.000,0,-,-,-,-,3658.0000,3657.8000,3650.0000,3644.4000,3633.0000,3662.6000,3662.8000,3663.0000,3668.0000,3668.2000,1,1,4,1,1,1,1,1,1,1
SF,IF2012,2020-04-28 09:35:01.200,3654.6000,2036,0,15369780.000,0,-,-,-,-,3658.2000,3658.0000,3650.0000,3644.4000,3633.0000,3662.4000,3662.6000,3663.0000,3668.0000,3668.2000,1,1,4,1,1,1,1,1,1,1
SF,IF2012,2020-04-28 09:35:01.700,3654.6000,2036,0,15369780.000,0,-,-,-,-,3658.4000,3658.2000,3650.0000,3644.4000,3633.0000,3662.4000,3662.6000,3663.0000,3668.0000,3668.2000,1,1,4,1,1,1,1,1,1,1
SF,IF2012,2020-04-28 09:35:02.200,3654.6000,2036,0,15369780.000,0,-,-,-,-,3658.6000,3658.4000,3650.0000,3644.4000,3633.0000,3662.4000,3662.6000,3663.0000,3668.0000,3668.2000,1,1,4,1,1,1,1,1,1,1
SF,IF2012,2020-04-28 09:35:02.700,3654.6000,2036,0,15369780.000,0,-,-,-,-,3658.6000,3650.0000,3644.4000,3633.0000,3632.0000,3662.0000,3662.4000,3662.6000,3663.0000,3668.0000,1,4,1,1,1,1,1,1,1,1
SF,IF2012,2020-04-28 09:35:03.200,3654.6000,2036,0,15369780.000,0,-,-,-,-,3658.6000,3650.0000,3644.4000,3633.0000,3632.0000,3661.8000,3662.0000,3662.6000,3663.0000,3668.0000,1,4,1,1,1,1,1,1,1,1
SF,IF2012,2020-04-28 09:35:07.700,3654.6000,2036,0,15369780.000,0,-,-,-,-,3658.6000,3650.0000,3644.4000,3633.0000,3632.0000,3661.4000,3661.8000,3662.0000,3662.6000,3663.0000,1,4,1,1,1,1,1,1,1,1
SF,IF2012,2020-04-28 09:35:08.200,3654.6000,2036,0,15369780.000,0,-,-,-,-,3658.6000,3650.0000,3644.4000,3633.0000,3632.0000,3661.2000,3661.4000,3662.0000,3662.6000,3663.0000,1,4,1,1,1,1,1,1,1,1
SF,IF2012,2020-04-28 09:35:08.700,3654.6000,2036,0,15369780.000,0,-,-,-,-,3650.0000,3644.4000,3633.0000,3632.0000,3629.6000,3661.2000,3661.4000,3662.0000,3662.6000,3663.0000,4,1,1,1,1,1,1,1,1,1
SF,IF2012,2020-04-28 09:35:09.200,3654.6000,2036,0,15369780.000,0,-,-,-,-,3650.4000,3650.2000,3650.0000,3644.4000,3633.0000,3661.2000,3661.4000,3662.6000,3663.0000,3668.0000,2,4,4,1,1,1,1,1,1,1
SF,IF2012,2020-04-28 09:35:09.700,3654.6000,2036,0,15369780.000,0,-,-,-,-,3650.6000,3650.4000,3650.2000,3650.0000,3644.4000,3661.2000,3661.4000,3662.6000,3663.0000,3668.0000,4,2,2,4,1,1,1,1,1,1
SF,IF2012,2020-04-28 09:35:10.200,3654.6000,2036,0,15369780.000,0,-,-,-,-,3654.8000,3651.0000,3650.6000,3650.2000,3650.0000,3661.2000,3661.4000,3662.6000,3663.0000,3668.0000,1,2,4,2,4,1,1,1,1,1
SF,IF2012,2020-04-28 09:35:10.700,3654.6000,2036,0,15369780.000,0,-,-,-,-,3655.2000,3655.0000,3654.8000,3650.6000,3650.2000,3661.2000,3661.4000,3663.0000,3668.0000,3668.2000,2,2,1,2,2,1,1,1,1,1
SF,IF2012,2020-04-28 09:35:11.200,3654.6000,2036,0,15369780.000,0,-,-,-,-,3655.4000,3655.2000,3654.8000,3650.6000,3650.2000,3661.2000,3661.4000,3663.0000,3668.0000,3668.2000,2,2,1,2,2,1,1,1,1,1
SF,IF2012,2020-04-28 09:35:11.700,3654.6000,2036,0,15369780.000,0,-,-,-,-,3655.6000,3655.4000,3650.6000,3650.2000,3650.0000,3661.2000,3661.4000,3663.0000,3668.0000,3668.2000,2,3,2,2,5,1,1,1,1,1
SF,IF2012,2020-04-28 09:35:12.200,3654.6000,2036,0,15369780.000,0,-,-,-,-,3655.8000,3655.4000,3650.6000,3650.2000,3650.0000,3660.8000,3661.2000,3661.4000,3663.0000,3668.0000,2,1,2,2,5,1,1,1,1,1
SF,IF2012,2020-04-28 09:35:12.700,3654.6000,2036,0,15369780.000,0,-,-,-,-,3655.8000,3650.6000,3650.2000,3650.0000,3644.4000,3660.6000,3660.8000,3661.4000,3663.0000,3668.0000,2,2,2,5,1,1,1,1,1,1
SF,IF2012,2020-04-28 09:35:13.700,3654.6000,2036,0,15369780.000,0,-,-,-,-,3656.0000,3655.8000,3650.2000,3650.0000,3644.4000,3660.6000,3660.8000,3663.0000,3668.0000,3668.2000,1,2,2,5,1,1,1,1,1,1
SF,IF2012,2020-04-28 09:35:14.200,3654.6000,2036,0,15369780.000,0,-,-,-,-,3656.2000,3656.0000,3650.2000,3650.0000,3644.4000,3660.6000,3660.8000,3663.0000,3668.0000,3668.2000,2,1,2,5,1,1,1,1,1,1
SF,IF2012,2020-04-28 09:35:15.200,3654.6000,2036,0,15369780.000,0,-,-,-,-,3656.2000,3650.2000,3650.0000,3644.4000,3633.0000,3660.6000,3660.8000,3663.0000,3668.0000,3668.2000,2,2,5,1,1,1,1,1,1,1
SF,IF2012,2020-04-28 09:35:15.700,3654.6000,2036,0,15369780.000,0,-,-,-,-,3656.2000,3650.0000,3644.4000,3633.0000,3632.0000,3660.6000,3660.8000,3663.0000,3668.0000,3668.2000,2,5,1,1,1,1,1,1,1,1
SF,IF2012,2020-04-28 09:35:16.200,3654.6000,2036,0,15369780.000,0,-,-,-,-,3656.2000,3650.0000,3644.4000,3633.0000,3632.0000,3660.4000,3660.6000,3660.8000,3663.0000,3668.0000,2,5,1,1,1,1,1,1,1,1
SF,IF2012,2020-04-28 09:35:16.700,3654.6000,2036,0,15369780.000,0,-,-,-,-,3656.2000,3650.0000,3644.4000,3633.0000,3632.0000,3659.8000,3660.2000,3660.4000,3660.8000,3663.0000,2,5,1,1,1,1,1,1,1,1
SF,IF2012,2020-04-28 09:35:17.200,3654.6000,2036,0,15369780.000,0,-,-,-,-,3656.8000,3656.2000,3650.0000,3644.4000,3633.0000,3659.6000,3659.8000,3660.4000,3660.8000,3663.0000,2,2,5,1,1,1,1,1,1,1
SF,IF2012,2020-04-28 09:35:19.700,3654.6000,2036,0,15369780.000,0,-,-,-,-,3656.8000,3656.2000,3650.8000,3650.0000,3644.4000,3659.6000,3659.8000,3660.4000,3663.0000,3668.0000,2,2,1,5,1,1,1,1,1,1
SF,IF2012,2020-04-28 09:35:20.200,3654.6000,2036,0,15369780.000,0,-,-,-,-,3657.0000,3656.8000,3656.2000,3650.8000,3650.0000,3659.8000,3660.4000,3663.0000,3668.0000,3668.2000,1,2,1,1,5,1,1,1,1,1
SF,IF2012,2020-04-28 09:35:21.200,3654.6000,2036,0,15369780.000,0,-,-,-,-,3657.4000,3657.0000,3656.2000,3650.8000,3650.0000,3659.8000,3660.4000,3663.0000,3668.0000,3668.2000,2,1,1,1,5,1,1,1,1,1
SF,IF2012,2020-04-28 09:35:21.700,3654.6000,2036,0,15369780.000,0,-,-,-,-,3657.6000,3657.4000,3656.2000,3650.8000,3650.0000,3659.8000,3663.0000,3668.0000,3668.2000,3669.8000,1,2,1,1,5,1,1,1,1,1
SF,IF2012,2020-04-28 09:35:22.200,3654.6000,2036,0,15369780.000,0,-,-,-,-,3657.6000,3657.4000,3656.2000,3650.8000,3650.0000,3659.6000,3659.8000,3663.0000,3668.0000,3668.2000,1,2,1,1,5,1,1,1,1,1
SF,IF2012,2020-04-28 09:35:22.700,3654.6000,2036,0,15369780.000,0,-,-,-,-,3657.4000,3656.2000,3650.8000,3650.0000,3644.4000,3659.4000,3659.6000,3659.8000,3663.0000,3668.0000,2,1,1,5,1,1,1,1,1,1
SF,IF2012,2020-04-28 09:35:23.200,3654.6000,2036,0,15369780.000,0,-,-,-,-,3657.6000,3657.4000,3656.2000,3650.8000,3650.0000,3659.8000,3663.0000,3668.0000,3668.2000,3669.8000,1,2,1,1,5,1,1,1,1,1
SF,IF2012,2020-04-28 09:35:24.200,3654.6000,2036,0,15369780.000,0,-,-,-,-,3658.0000,3657.6000,3656.2000,3650.8000,3650.0000,3659.6000,3659.8000,3663.0000,3668.0000,3668.2000,2,1,1,1,5,1,1,1,1,1
SF,IF2012,2020-04-28 09:35:24.700,3654.6000,2036,0,15369780.000,0,-,-,-,-,3656.2000,3650.8000,3650.0000,3644.4000,3633.0000,3659.4000,3659.6000,3659.8000,3663.0000,3668.0000,1,1,5,1,1,2,1,1,1,1
SF,IF2012,2020-04-28 09:35:25.200,3654.6000,2036,0,15369780.000,0,-,-,-,-,3656.4000,3656.2000,3650.8000,3650.0000,3644.4000,3659.4000,3659.8000,3663.0000,3668.0000,3669.8000,1,1,1,5,1,2,1,1,1,1
SF,IF2012,2020-04-28 09:35:25.700,3654.6000,2036,0,15369780.000,0,-,-,-,-,3657.0000,3656.4000,3656.2000,3650.8000,3650.0000,3659.4000,3659.8000,3663.0000,3668.0000,3669.8000,2,1,1,1,5,2,1,1,1,1
SF,IF2012,2020-04-28 09:35:26.200,3654.6000,2036,0,15369780.000,0,-,-,-,-,3657.0000,3656.4000,3656.2000,3650.8000,3650.0000,3659.2000,3659.4000,3659.8000,3663.0000,3668.0000,2,1,1,1,5,1,2,1,1,1
SF,IF2012,2020-04-28 09:35:29.700,3657.0000,2035,-1,16466880.000,1,0,1,双平,S,3657.0000,3656.4000,3656.2000,3650.8000,3650.0000,3659.2000,3659.4000,3659.8000,3663.0000,3668.0000,1,1,1,1,5,1,2,1,1,1
SF,IF2012,2020-04-28 09:35:30.200,3657.0000,2035,0,16466880.000,0,-,-,-,-,3657.0000,3656.2000,3650.8000,3650.0000,3644.4000,3659.0000,3659.2000,3659.4000,3659.8000,3663.0000,1,1,1,5,1,1,1,1,1,1
SF,IF2012,2020-04-28 09:35:31.700,3657.0000,2035,0,16466880.000,0,-,-,-,-,3657.0000,3656.2000,3650.8000,3650.0000,3644.4000,3659.0000,3659.2000,3659.4000,3659.8000,3663.0000,1,1,1,5,1,1,1,1,2,1
SF,IF2012,2020-04-28 09:35:32.200,3657.0000,2035,0,16466880.000,0,-,-,-,-,3657.0000,3656.2000,3650.8000,3650.0000,3644.4000,3658.4000,3659.0000,3659.2000,3659.4000,3659.8000,1,1,1,5,1,1,1,1,1,2
SF,IF2012,2020-04-28 09:35:32.700,3657.0000,2035,0,16466880.000,0,-,-,-,-,3657.0000,3650.8000,3650.0000,3644.4000,3633.0000,3658.2000,3658.4000,3659.2000,3659.4000,3659.8000,1,1,5,1,1,1,1,1,1,2
SF,IF2012,2020-04-28 09:35:33.200,3657.0000,2034,-1,17563980.000,1,0,1,双平,S,3650.8000,3650.0000,3644.4000,3633.0000,3632.0000,3658.2000,3658.4000,3659.2000,3659.8000,3663.0000,1,5,1,1,1,1,1,1,2,1
SF,IF2012,2020-04-28 09:35:33.700,3657.0000,2034,0,17563980.000,0,-,-,-,-,3651.2000,3651.0000,3650.8000,3650.0000,3644.4000,3658.2000,3658.4000,3659.8000,3663.0000,3668.0000,2,2,1,5,1,1,1,2,1,1
SF,IF2012,2020-04-28 09:35:34.200,3657.0000,2034,0,17563980.000,0,-,-,-,-,3651.4000,3651.2000,3650.8000,3650.0000,3644.4000,3658.4000,3659.8000,3663.0000,3668.0000,3669.8000,2,2,1,5,1,1,2,1,1,1
SF,IF2012,2020-04-28 09:35:34.700,3657.0000,2034,0,17563980.000,0,-,-,-,-,3651.8000,3651.4000,3650.8000,3650.0000,3644.4000,3658.0000,3658.2000,3658.4000,3659.8000,3663.0000,2,2,1,5,1,1,1,1,2,1
SF,IF2012,2020-04-28 09:35:35.200,3657.0000,2034,0,17563980.000,0,-,-,-,-,3652.0000,3651.8000,3650.8000,3650.0000,3644.4000,3658.0000,3658.4000,3659.8000,3663.0000,3668.0000,2,2,1,5,1,1,1,2,1,1
SF,IF2012,2020-04-28 09:35:35.700,3657.0000,2034,0,17563980.000,0,-,-,-,-,3654.8000,3652.4000,3652.0000,3650.8000,3650.0000,3657.8000,3658.0000,3658.4000,3659.8000,3663.0000,2,2,2,1,5,1,1,1,2,1
SF,IF2012,2020-04-28 09:35:36.200,3657.0000,2034,0,17563980.000,0,-,-,-,-,3655.0000,3654.8000,3652.4000,3652.0000,3650.8000,3657.8000,3658.0000,3658.4000,3659.8000,3663.0000,1,2,2,1,1,1,1,1,2,1
SF,IF2012,2020-04-28 09:35:36.700,3657.0000,2034,0,17563980.000,0,-,-,-,-,3655.0000,3654.8000,3652.4000,3652.0000,3650.8000,3657.8000,3659.8000,3663.0000,3668.0000,3669.8000,1,2,2,1,1,1,2,1,1,1
SF,IF2012,2020-04-28 09:35:37.700,3657.0000,2034,0,17563980.000,0,-,-,-,-,3655.4000,3655.0000,3652.4000,3652.0000,3650.8000,3657.8000,3659.8000,3663.0000,3669.8000,3688.8000,2,1,2,1,1,1,2,1,1,1
SF,IF2012,2020-04-28 09:35:38.200,3657.0000,2034,0,17563980.000,0,-,-,-,-,3655.6000,3655.4000,3655.2000,3652.4000,3652.0000,3659.8000,3663.0000,3669.8000,3688.8000,3689.6000,1,2,1,2,1,2,1,1,1,1
SF,IF2012,2020-04-28 09:35:38.700,3657.0000,2034,0,17563980.000,0,-,-,-,-,3655.8000,3655.6000,3655.4000,3655.2000,3652.4000,3659.6000,3659.8000,3663.0000,3669.8000,3688.8000,1,1,2,1,2,1,2,1,1,1
SF,IF2012,2020-04-28 09:35:39.200,3657.0000,2034,0,17563980.000,0,-,-,-,-,3656.0000,3655.8000,3655.2000,3652.4000,3650.8000,3659.6000,3659.8000,3663.0000,3669.8000,3688.8000,1,1,1,2,1,1,2,1,1,1
SF,IF2012,2020-04-28 09:35:39.700,3657.0000,2034,0,17563980.000,0,-,-,-,-,3656.4000,3656.2000,3656.0000,3652.4000,3650.8000,3659.4000,3659.6000,3659.8000,3663.0000,3669.8000,2,1,1,2,1,1,1,2,1,1
SF,IF2012,2020-04-28 09:35:40.200,3657.0000,2034,0,17563980.000,0,-,-,-,-,3656.4000,3656.2000,3656.0000,3652.4000,3650.8000,3659.2000,3659.4000,3659.8000,3663.0000,3669.8000,2,1,1,2,1,2,1,2,1,1
SF,IF2012,2020-04-28 09:35:40.700,3657.0000,2034,0,17563980.000,0,-,-,-,-,3656.4000,3656.2000,3652.4000,3650.8000,3650.0000,3659.2000,3659.4000,3659.8000,3663.0000,3669.8000,2,1,2,1,5,2,1,2,1,1
SF,IF2012,2020-04-28 09:35:41.200,3657.0000,2034,0,17563980.000,0,-,-,-,-,3656.4000,3656.2000,3652.4000,3650.8000,3650.0000,3659.0000,3659.2000,3659.4000,3659.8000,3663.0000,2,1,2,1,5,1,2,1,2,1
SF,IF2012,2020-04-28 09:35:41.700,3657.0000,2034,0,17563980.000,0,-,-,-,-,3656.4000,3656.2000,3652.4000,3650.8000,3650.0000,3658.8000,3659.0000,3659.2000,3659.8000,3663.0000,2,1,2,1,5,2,1,1,2,1
SF,IF2012,2020-04-28 09:35:42.200,3657.0000,2034,0,17563980.000,0,-,-,-,-,3656.4000,3652.4000,3650.8000,3650.0000,3644.4000,3658.8000,3659.2000,3659.8000,3663.0000,3669.8000,2,2,1,5,1,2,1,2,1,1
SF,IF2012,2020-04-28 09:35:42.700,3657.0000,2034,0,17563980.000,0,-,-,-,-,3656.4000,3652.4000,3650.8000,3650.0000,3644.4000,3658.6000,3658.8000,3659.2000,3659.8000,3663.0000,2,2,1,5,1,1,2,1,2,1
SF,IF2012,2020-04-28 09:35:43.200,3657.0000,2034,0,17563980.000,0,-,-,-,-,3656.4000,3652.4000,3650.8000,3650.0000,3644.4000,3658.4000,3658.6000,3658.8000,3659.2000,3659.8000,2,2,1,5,1,1,1,1,1,2
SF,IF2012,2020-04-28 09:35:44.700,3657.0000,2034,0,17563980.000,0,-,-,-,-,3656.4000,3652.4000,3650.8000,3650.0000,3644.4000,3658.4000,3658.8000,3659.2000,3659.8000,3663.0000,2,2,1,5,1,1,1,1,2,1
SF,IF2012,2020-04-28 09:35:46.200,3657.0000,2034,0,17563980.000,0,-,-,-,-,3656.4000,3652.4000,3650.8000,3650.0000,3644.4000,3658.4000,3659.2000,3659.8000,3663.0000,3669.8000,2,2,1,5,1,1,1,2,1,1
SF,IF2012,2020-04-28 09:35:46.700,3657.0000,2034,0,17563980.000,0,-,-,-,-,3656.4000,3652.4000,3650.8000,3650.0000,3644.4000,3658.2000,3658.4000,3659.2000,3659.8000,3663.0000,2,2,1,5,1,1,1,1,2,1
SF,IF2012,2020-04-28 09:35:47.700,3657.0000,2034,0,17563980.000,0,-,-,-,-,3656.4000,3652.4000,3650.8000,3650.0000,3644.4000,3658.2000,3658.4000,3659.8000,3663.0000,3669.8000,2,2,1,5,1,1,1,2,1,1
SF,IF2012,2020-04-28 09:35:51.200,3657.0000,2034,0,17563980.000,0,-,-,-,-,3656.4000,3652.4000,3650.8000,3650.0000,3644.4000,3658.0000,3658.4000,3659.8000,3663.0000,3669.8000,2,2,1,5,1,1,1,2,1,1
SF,IF2012,2020-04-28 09:35:51.700,3657.0000,2034,0,17563980.000,0,-,-,-,-,3656.4000,3652.4000,3650.8000,3650.0000,3644.4000,3657.8000,3658.0000,3659.8000,3663.0000,3669.8000,2,2,1,5,1,2,1,2,1,1
SF,IF2012,2020-04-28 09:35:55.700,3657.0000,2034,0,17563980.000,0,-,-,-,-,3656.4000,3652.4000,3650.8000,3650.0000,3644.4000,3657.8000,3659.8000,3663.0000,3669.8000,3688.8000,2,2,1,5,1,2,2,1,1,1
SF,IF2012,2020-04-28 09:35:56.200,3657.0000,2034,0,17563980.000,0,-,-,-,-,3656.4000,3652.4000,3650.8000,3650.0000,3644.4000,3657.8000,3659.8000,3663.0000,3669.8000,3688.8000,2,2,1,5,1,1,2,1,1,1
SF,IF2012,2020-04-28 09:36:00.700,3657.0000,2034,0,17563980.000,0,-,-,-,-,3652.4000,3650.8000,3650.0000,3644.4000,3633.0000,3657.8000,3659.8000,3663.0000,3669.8000,3688.8000,2,1,5,1,1,1,2,1,1,1
SF,IF2012,2020-04-28 09:36:01.200,3657.0000,2034,0,17563980.000,0,-,-,-,-,3652.6000,3652.4000,3650.8000,3650.0000,3644.4000,3657.8000,3659.8000,3663.0000,3669.8000,3688.8000,2,2,1,5,1,1,2,1,1,1
SF,IF2012,2020-04-28 09:36:01.700,3657.0000,2034,0,17563980.000,0,-,-,-,-,3653.0000,3652.6000,3650.8000,3650.0000,3644.4000,3659.8000,3663.0000,3669.8000,3688.8000,3689.6000,2,2,1,5,1,2,1,1,1,1
SF,IF2012,2020-04-28 09:36:02.200,3657.0000,2034,0,17563980.000,0,-,-,-,-,3653.2000,3653.0000,3652.8000,3650.8000,3650.0000,3659.6000,3659.8000,3663.0000,3669.8000,3688.8000,2,2,1,1,5,2,2,1,1,1
SF,IF2012,2020-04-28 09:36:02.700,3657.0000,2034,0,17563980.000,0,-,-,-,-,3653.2000,3653.0000,3652.8000,3650.8000,3650.0000,3659.6000,3659.8000,3663.0000,3669.8000,3688.8000,2,2,1,1,5,1,2,1,1,1
SF,IF2012,2020-04-28 09:36:03.200,3657.0000,2034,0,17563980.000,0,-,-,-,-,3653.2000,3653.0000,3650.8000,3650.0000,3644.4000,3659.4000,3659.6000,3659.8000,3663.0000,3669.8000,2,2,1,5,1,2,1,2,1,1
SF,IF2012,2020-04-28 09:36:03.700,3657.0000,2034,0,17563980.000,0,-,-,-,-,3653.2000,3653.0000,3650.8000,3650.0000,3644.4000,3659.0000,3659.2000,3659.4000,3659.8000,3663.0000,2,2,1,5,1,1,1,2,2,1
SF,IF2012,2020-04-28 09:36:04.200,3657.0000,2034,0,17563980.000,0,-,-,-,-,3653.4000,3653.2000,3650.8000,3650.0000,3644.4000,3658.8000,3659.0000,3659.4000,3659.8000,3663.0000,1,2,1,5,1,1,1,1,2,1
SF,IF2012,2020-04-28 09:36:04.700,3657.0000,2034,0,17563980.000,0,-,-,-,-,3653.6000,3653.4000,3650.8000,3650.0000,3644.4000,3658.8000,3659.0000,3659.4000,3659.8000,3663.0000,2,1,1,5,1,2,1,1,2,1
SF,IF2012,2020-04-28 09:36:05.700,3657.0000,2034,0,17563980.000,0,-,-,-,-,3653.6000,3653.4000,3650.8000,3650.0000,3644.4000,3658.4000,3658.8000,3659.0000,3659.4000,3659.8000,2,1,1,5,1,1,2,1,1,2
SF,IF2012,2020-04-28 09:36:06.200,3657.0000,2034,0,17563980.000,0,-,-,-,-,3653.6000,3653.4000,3650.8000,3650.0000,3644.4000,3658.2000,3658.4000,3659.0000,3659.4000,3659.8000,2,1,1,5,1,2,1,1,1,2
SF,IF2012,2020-04-28 09:36:06.700,3657.0000,2034,0,17563980.000,0,-,-,-,-,3653.6000,3653.4000,3650.0000,3644.4000,3633.0000,3658.2000,3658.4000,3659.0000,3659.8000,3663.0000,2,1,5,1,1,2,1,1,2,1
SF,IF2012,2020-04-28 09:36:07.200,3657.0000,2034,0,17563980.000,0,-,-,-,-,3653.6000,3653.4000,3650.0000,3644.4000,3633.0000,3658.2000,3659.8000,3663.0000,3669.8000,3688.8000,2,1,5,1,1,1,2,1,1,1
SF,IF2012,2020-04-28 09:36:08.200,3657.0000,2034,0,17563980.000,0,-,-,-,-,3653.6000,3653.4000,3650.0000,3644.4000,3633.0000,3657.0000,3658.0000,3658.2000,3659.8000,3663.0000,2,1,5,1,1,1,1,1,2,1
SF,IF2012,2020-04-28 09:36:11.200,3657.0000,2034,0,17563980.000,0,-,-,-,-,3653.8000,3653.6000,3653.4000,3650.0000,3644.4000,3657.0000,3658.0000,3658.2000,3659.8000,3663.0000,2,2,1,5,1,1,1,1,2,1
SF,IF2012,2020-04-28 09:36:11.700,3657.0000,2034,0,17563980.000,0,-,-,-,-,3654.0000,3653.4000,3650.0000,3644.4000,3633.0000,3657.0000,3658.0000,3658.2000,3659.8000,3663.0000,2,1,5,1,1,1,1,1,2,1
SF,IF2012,2020-04-28 09:36:16.200,3657.0000,2033,-1,18661080.000,1,0,1,双平,S,3654.4000,3654.0000,3653.4000,3650.0000,3644.4000,3658.0000,3658.2000,3659.8000,3663.0000,3669.8000,2,2,1,5,1,1,1,2,1,1
SF,IF2012,2020-04-28 09:36:16.700,3657.0000,2033,0,18661080.000,0,-,-,-,-,3654.6000,3653.4000,3650.0000,3644.4000,3633.0000,3658.0000,3659.8000,3663.0000,3669.8000,3688.8000,2,1,5,1,1,1,2,1,1,1
SF,IF2012,2020-04-28 09:36:17.200,3657.0000,2033,0,18661080.000,0,-,-,-,-,3654.8000,3654.6000,3653.4000,3650.0000,3644.4000,3658.0000,3659.8000,3663.0000,3669.8000,3688.8000,2,2,1,5,1,1,2,1,1,1
SF,IF2012,2020-04-28 09:36:17.700,3657.0000,2033,0,18661080.000,0,-,-,-,-,3655.0000,3654.8000,3653.4000,3650.0000,3644.4000,3658.0000,3659.8000,3663.0000,3669.8000,3688.8000,2,2,1,5,1,1,2,1,1,1
SF,IF2012,2020-04-28 09:36:18.200,3657.0000,2033,0,18661080.000,0,-,-,-,-,3655.4000,3655.0000,3653.4000,3650.0000,3644.4000,3658.0000,3659.8000,3663.0000,3669.8000,3688.8000,2,2,1,5,1,1,2,1,1,1
SF,IF2012,2020-04-28 09:36:18.700,3657.0000,2033,0,18661080.000,0,-,-,-,-,3655.6000,3655.4000,3655.0000,3653.4000,3650.0000,3658.0000,3659.8000,3663.0000,3669.8000,3688.8000,1,2,1,1,5,1,2,1,1,1
SF,IF2012,2020-04-28 09:36:19.200,3657.0000,2033,0,18661080.000,0,-,-,-,-,3656.0000,3655.6000,3655.4000,3655.0000,3653.4000,3658.0000,3659.8000,3663.0000,3669.8000,3688.8000,2,1,2,1,1,1,2,1,1,1
SF,IF2012,2020-04-28 09:36:19.700,3657.0000,2033,0,18661080.000,0,-,-,-,-,3656.2000,3656.0000,3655.0000,3653.4000,3650.0000,3658.0000,3659.8000,3663.0000,3669.8000,3688.8000,1,2,1,1,5,1,2,1,1,1
SF,IF2012,2020-04-28 09:36:20.700,3657.0000,2033,0,18661080.000,0,-,-,-,-,3656.2000,3655.0000,3653.4000,3650.0000,3644.4000,3658.0000,3659.8000,3663.0000,3669.8000,3688.8000,1,1,1,5,1,1,2,1,1,1
SF,IF2012,2020-04-28 09:36:21.700,3657.0000,2033,0,18661080.000,0,-,-,-,-,3656.2000,3655.0000,3653.4000,3650.0000,3644.4000,3658.0000,3659.8000,3663.0000,3669.8000,3688.8000,1,1,1,5,1,1,2,1,1,1
SF,IF2012,2020-04-28 09:36:31.700,3657.0000,2033,0,18661080.000,0,-,-,-,-,3656.2000,3655.0000,3653.4000,3650.0000,3644.4000,3659.8000,3663.0000,3669.8000,3688.8000,3689.6000,1,1,1,5,1,2,1,1,1,1
SF,IF2012,2020-04-28 09:36:32.200,3657.0000,2033,0,18661080.000,0,-,-,-,-,3656.4000,3656.2000,3653.4000,3650.0000,3644.4000,3659.6000,3659.8000,3663.0000,3669.8000,3688.8000,1,1,1,5,1,1,2,1,1,1
SF,IF2012,2020-04-28 09:36:32.700,3657.0000,2033,0,18661080.000,0,-,-,-,-,3656.6000,3656.4000,3650.0000,3644.4000,3636.0000,3659.4000,3659.6000,3659.8000,3663.0000,3669.8000,1,1,5,1,6,1,1,2,1,1
SF,IF2012,2020-04-28 09:36:33.200,3657.0000,2033,0,18661080.000,0,-,-,-,-,3656.4000,3650.0000,3644.4000,3636.0000,3633.0000,3659.2000,3659.4000,3659.8000,3663.0000,3669.8000,1,5,1,6,1,1,2,2,1,1
SF,IF2012,2020-04-28 09:36:33.700,3657.0000,2033,0,18661080.000,0,-,-,-,-,3656.4000,3650.0000,3644.4000,3636.0000,3633.0000,3659.2000,3659.4000,3659.8000,3663.0000,3669.8000,1,5,1,6,1,1,1,2,1,1
SF,IF2012,2020-04-28 09:36:34.200,3657.0000,2033,0,18661080.000,0,-,-,-,-,3656.6000,3656.4000,3650.0000,3644.4000,3636.0000,3659.2000,3659.8000,3663.0000,3669.8000,3688.8000,1,1,5,1,6,1,2,1,1,1
SF,IF2012,2020-04-28 09:36:35.700,3657.0000,2033,0,18661080.000,0,-,-,-,-,3656.8000,3656.6000,3656.4000,3650.0000,3644.4000,3659.2000,3659.8000,3663.0000,3669.8000,3688.8000,1,1,1,5,1,1,2,1,1,1
SF,IF2012,2020-04-28 09:36:36.200,3657.0000,2033,0,18661080.000,0,-,-,-,-,3657.0000,3656.8000,3656.4000,3650.0000,3644.4000,3659.8000,3663.0000,3669.8000,3688.8000,3689.6000,1,1,1,5,1,2,1,1,1,1
SF,IF2012,2020-04-28 09:36:37.200,3657.0000,2033,0,18661080.000,0,-,-,-,-,3657.0000,3656.8000,3656.4000,3651.2000,3650.0000,3659.8000,3663.0000,3669.8000,3688.8000,3689.6000,1,1,1,1,5,2,1,1,1,1
SF,IF2012,2020-04-28 09:36:38.200,3657.0000,2033,0,18661080.000,0,-,-,-,-,3657.0000,3656.8000,3656.4000,3651.2000,3650.0000,3659.6000,3659.8000,3663.0000,3669.8000,3688.8000,1,1,1,1,5,1,2,1,1,1
SF,IF2012,2020-04-28 09:36:46.700,3657.0000,2033,0,18661080.000,0,-,-,-,-,3657.0000,3656.8000,3656.4000,3656.0000,3651.2000,3659.6000,3659.8000,3663.0000,3669.8000,3688.8000,1,1,1,2,1,1,2,1,1,1
SF,IF2012,2020-04-28 09:36:50.700,3657.0000,2033,0,18661080.000,0,-,-,-,-,3657.2000,3657.0000,3656.8000,3656.4000,3651.2000,3659.6000,3659.8000,3663.0000,3669.8000,3688.8000,2,1,1,1,1,1,2,1,1,1
SF,IF2012,2020-04-28 09:36:51.200,3657.0000,2033,0,18661080.000,0,-,-,-,-,3657.4000,3657.2000,3656.4000,3651.2000,3650.0000,3659.6000,3659.8000,3663.0000,3669.8000,3688.8000,1,2,1,1,5,1,2,1,1,1
SF,IF2012,2020-04-28 09:36:51.700,3657.0000,2033,0,18661080.000,0,-,-,-,-,3657.4000,3656.4000,3651.2000,3650.0000,3644.4000,3659.6000,3659.8000,3663.0000,3669.8000,3688.8000,1,1,1,5,1,1,2,1,1,1
SF,IF2012,2020-04-28 09:36:53.200,3657.0000,2033,0,18661080.000,0,-,-,-,-,3657.4000,3656.4000,3651.2000,3650.0000,3644.4000,3659.4000,3659.6000,3659.8000,3663.0000,3669.8000,1,1,1,5,1,1,1,2,1,1
SF,IF2012,2020-04-28 09:36:54.200,3657.0000,2033,0,18661080.000,0,-,-,-,-,3657.4000,3656.4000,3651.2000,3650.0000,3644.4000,3659.6000,3659.8000,3663.0000,3669.8000,3688.8000,1,1,1,5,1,1,2,1,1,1
SF,IF2012,2020-04-28 09:37:00.700,3657.4000,2033,0,19758300.000,1,0,1,多换,S,3656.4000,3651.2000,3650.0000,3644.4000,3636.0000,3659.6000,3659.8000,3663.0000,3669.8000,3688.8000,1,1,5,1,6,1,2,1,1,1
