市场代码,合约代码,时间,最新,持仓,增仓,成交额,成交量,开仓,平仓,成交类型,方向,买一价,买二价,买三价,买四价,买五价,卖一价,卖二价,卖三价,卖四价,卖五价,买一量,买二量,买三量,买四量,买五量,卖一量,卖二量,卖三量,卖四量,卖五量
SF,IF2007,2020-06-11 09:29:00.200,3948.2000,21057,0,4737840.000,4.000,-,-,-,-,3948.0000,3945.0000,3941.6000,3940.2000,3939.0000,3948.4000,3948.8000,3949.0000,3950.0000,3952.6000,1,1,1,1,1,3,2,1,2,1
SF,IF2007,2020-06-11 09:30:00.200,3948.0000,21057,0,5922240.000,1,0,1,多换,S,3946.6000,3945.0000,3942.0000,3941.6000,3941.0000,3946.8000,3947.2000,3947.4000,3947.6000,3947.8000,1,1,1,1,1,1,1,1,15,1
SF,IF2007,2020-06-11 09:30:00.700,3942.0000,21055,-2,9472320.000,3,0,3,多平,S,3941.6000,3941.0000,3940.8000,3940.2000,3939.0000,3945.6000,3946.2000,3946.6000,3946.8000,3947.2000,1,1,1,1,1,2,15,2,2,1
SF,IF2007,2020-06-11 09:30:01.200,3944.8000,21055,0,11839200.000,2,1,1,多换,S,3942.2000,3941.8000,3941.6000,3941.0000,3940.8000,3943.0000,3945.0000,3945.4000,3945.6000,3946.2000,1,5,1,1,1,1,3,2,2,5
SF,IF2007,2020-06-11 09:30:01.700,3942.4000,21048,-7,22486200.000,9,1,8,多平,S,3942.4000,3941.8000,3941.6000,3941.0000,3940.8000,3945.0000,3945.4000,3945.6000,3946.6000,3947.4000,3,1,1,1,1,1,2,2,5,1
SF,IF2007,2020-06-11 09:30:02.200,3942.4000,21044,-4,28399800.000,5,0,5,多平,S,3941.6000,3941.0000,3940.8000,3940.2000,3939.0000,3944.8000,3945.0000,3945.6000,3946.6000,3946.8000,1,1,1,1,1,4,3,2,5,1
SF,IF2007,2020-06-11 09:30:02.700,3944.6000,21045,1,29583180.000,1,1,0,双开,S,3941.8000,3941.6000,3941.0000,3940.8000,3940.2000,3944.8000,3945.0000,3945.6000,3946.6000,3946.8000,2,1,1,1,1,4,1,2,5,1
SF,IF2007,2020-06-11 09:30:03.200,3944.6000,21045,0,29583180.000,0,-,-,-,-,3942.0000,3941.8000,3941.6000,3941.0000,3940.8000,3943.6000,3943.8000,3944.4000,3944.6000,3944.8000,1,2,1,1,1,2,1,1,1,4
SF,IF2007,2020-06-11 09:30:03.700,3944.6000,21046,1,30766560.000,1,1,0,双开,S,3942.2000,3942.0000,3941.6000,3941.0000,3940.8000,3943.6000,3943.8000,3944.4000,3944.6000,3944.8000,2,1,1,1,1,1,1,1,1,3
SF,IF2007,2020-06-11 09:30:04.200,3943.4000,21045,-1,35497800.000,4,1,3,多平,S,3941.6000,3941.0000,3940.8000,3940.2000,3939.0000,3943.4000,3943.6000,3943.8000,3944.4000,3944.6000,1,1,1,1,1,1,3,1,2,1
SF,IF2007,2020-06-11 09:30:04.700,3943.4000,21045,0,35497800.000,0,-,-,-,-,3941.8000,3941.6000,3941.0000,3940.8000,3940.2000,3942.8000,3943.0000,3943.2000,3943.4000,3943.6000,1,1,1,1,1,1,1,3,1,2
SF,IF2007,2020-06-11 09:30:05.200,3941.8000,21043,-2,37863240.000,2,0,2,双平,S,3941.6000,3941.0000,3940.8000,3940.2000,3939.0000,3943.0000,3943.2000,3943.4000,3943.6000,3943.8000,1,1,1,1,1,1,3,1,2,1
SF,IF2007,2020-06-11 09:30:05.700,3942.0000,21042,-1,39045840.000,1,0,1,双平,S,3941.8000,3941.6000,3941.0000,3940.8000,3940.2000,3942.0000,3942.6000,3942.8000,3943.0000,3943.2000,1,1,1,1,1,19,1,2,1,2
SF,IF2007,2020-06-11 09:30:06.200,3941.6000,21041,-1,41410860.000,2,0,2,多平,S,3941.0000,3940.8000,3940.2000,3939.0000,3938.8000,3942.0000,3942.8000,3943.0000,3943.2000,3943.4000,1,1,1,1,3,29,2,1,2,1
SF,IF2007,2020-06-11 09:30:06.700,3941.6000,21041,0,41410860.000,0,-,-,-,-,3941.2000,3941.0000,3940.8000,3940.2000,3939.0000,3941.8000,3942.0000,3942.8000,3943.0000,3943.2000,1,1,1,1,1,1,29,2,1,2
SF,IF2007,2020-06-11 09:30:07.200,3941.0000,21040,-1,42593160.000,1,0,1,双平,S,3940.8000,3940.2000,3939.0000,3938.8000,3938.4000,3941.8000,3942.0000,3942.8000,3943.0000,3943.2000,1,1,1,3,1,1,29,2,1,2
SF,IF2007,2020-06-11 09:30:07.700,3940.8000,21039,-1,43775400.000,1,0,1,双平,S,3941.0000,3940.2000,3939.0000,3938.8000,3938.4000,3941.8000,3942.0000,3942.8000,3943.0000,3943.2000,1,1,1,3,1,1,29,2,1,2
SF,IF2007,2020-06-11 09:30:08.200,3941.6000,21039,0,44957880.000,1,0,1,多换,S,3941.0000,3940.2000,3939.0000,3938.8000,3938.4000,3941.8000,3942.0000,3942.8000,3943.0000,3943.2000,1,1,1,3,1,1,29,2,1,2
SF,IF2007,2020-06-11 09:30:08.700,3941.0000,21038,-1,46140180.000,1,0,1,双平,S,3940.2000,3939.0000,3938.8000,3938.4000,3935.0000,3941.8000,3942.0000,3942.8000,3943.0000,3943.2000,1,1,3,1,5,1,29,2,1,2
SF,IF2007,2020-06-11 09:30:09.200,3941.0000,21038,0,46140180.000,0,-,-,-,-,3940.2000,3939.0000,3938.8000,3938.4000,3935.0000,3941.0000,3941.6000,3941.8000,3942.0000,3942.8000,1,1,3,1,5,1,1,1,29,2
SF,IF2007,2020-06-11 09:30:09.700,3940.2000,21038,0,47322240.000,1,0,1,多换,S,3939.0000,3938.8000,3938.4000,3935.0000,3930.0000,3940.8000,3941.0000,3941.6000,3942.0000,3942.8000,1,3,1,5,1,1,1,1,29,2
SF,IF2007,2020-06-11 09:30:10.200,3940.8000,21036,-2,49686720.000,2,0,2,双平,S,3939.2000,3939.0000,3938.8000,3938.4000,3930.0000,3941.0000,3941.6000,3942.0000,3942.8000,3943.0000,1,1,3,1,6,1,1,29,2,1
SF,IF2007,2020-06-11 09:30:10.700,3940.8000,21035,-1,50868960.000,1,0,1,双平,S,3939.2000,3939.0000,3938.8000,3938.4000,3930.0000,3940.2000,3940.8000,3941.0000,3941.6000,3942.0000,1,1,3,1,6,3,1,1,1,29
SF,IF2007,2020-06-11 09:30:11.200,3939.2000,21034,-1,52050720.000,1,0,1,双平,S,3939.0000,3938.8000,3938.4000,3930.0000,3929.0000,3940.2000,3940.8000,3941.0000,3941.6000,3942.0000,1,3,1,6,1,3,1,1,1,29
SF,IF2007,2020-06-11 09:30:11.700,3939.0000,21029,-5,57960360.000,5,0,5,双平,S,3938.8000,3937.2000,3930.0000,3929.0000,3922.8000,3939.2000,3940.0000,3941.6000,3942.0000,3942.8000,3,1,6,1,1,4,1,1,29,2
SF,IF2007,2020-06-11 09:30:12.200,3939.2000,21026,-3,62687040.000,4,0,4,多平,S,3937.2000,3930.0000,3929.0000,3922.8000,3921.0000,3939.2000,3940.0000,3941.6000,3942.0000,3942.8000,1,6,1,1,1,3,3,1,29,2
SF,IF2007,2020-06-11 09:30:12.700,3939.2000,21025,-1,63868800.000,1,0,1,双平,S,3938.6000,3938.4000,3938.2000,3938.0000,3937.4000,3939.0000,3939.2000,3940.0000,3942.8000,3943.2000,1,1,4,3,2,1,32,2,1,2
SF,IF2007,2020-06-11 09:30:13.200,3939.0000,21024,-1,65050500.000,1,0,1,双平,S,3938.6000,3938.4000,3938.2000,3938.0000,3937.6000,3939.2000,3942.8000,3943.2000,3943.4000,3943.6000,1,1,3,1,1,32,1,2,2,1
SF,IF2007,2020-06-11 09:30:13.700,3938.4000,21022,-2,67413600.000,2,0,2,双平,S,3938.2000,3938.0000,3937.6000,3937.4000,3937.2000,3938.6000,3939.0000,3939.2000,3942.8000,3943.2000,3,1,1,5,1,1,1,32,1,2
SF,IF2007,2020-06-11 09:30:14.200,3938.2000,21020,-2,69776520.000,2,0,2,双平,S,3938.0000,3937.6000,3937.4000,3937.2000,3936.2000,3938.2000,3938.6000,3939.0000,3939.2000,3942.8000,1,1,2,1,1,1,2,1,32,1
SF,IF2007,2020-06-11 09:30:14.700,3938.0000,21019,-1,70957920.000,1,0,1,双平,S,3937.2000,3930.0000,3929.0000,3922.8000,3921.0000,3937.8000,3938.0000,3938.2000,3938.6000,3939.2000,1,6,1,1,1,1,2,1,2,32
SF,IF2007,2020-06-11 09:30:15.200,3937.2000,21018,-1,72139080.000,1,0,1,双平,S,3930.0000,3929.0000,3922.8000,3921.0000,3916.0000,3936.8000,3937.0000,3938.0000,3938.2000,3938.6000,6,1,1,1,1,1,1,1,1,2
SF,IF2007,2020-06-11 09:30:15.700,3937.2000,21018,0,72139080.000,0,-,-,-,-,3935.0000,3934.8000,3934.4000,3934.0000,3933.8000,3936.6000,3937.0000,3937.2000,3938.0000,3938.2000,1,2,1,1,1,4,1,1,11,1
SF,IF2007,2020-06-11 09:30:16.200,3936.6000,21017,-1,74501040.000,2,0,2,多平,S,3935.2000,3935.0000,3934.8000,3934.6000,3933.6000,3936.6000,3937.0000,3937.2000,3938.0000,3938.2000,1,1,2,1,2,2,1,1,11,1
SF,IF2007,2020-06-11 09:30:16.700,3932.8000,21013,-4,80402640.000,5,0,5,多平,S,3932.8000,3932.4000,3931.4000,3931.2000,3930.4000,3935.2000,3935.8000,3936.0000,3936.4000,3936.6000,1,1,1,1,1,2,1,1,1,2
SF,IF2007,2020-06-11 09:30:17.200,3935.2000,21011,-2,83944260.000,3,0,3,多平,S,3935.2000,3934.4000,3934.2000,3934.0000,3933.0000,3936.0000,3937.0000,3938.0000,3938.6000,3939.2000,2,1,3,1,4,1,1,11,1,32
SF,IF2007,2020-06-11 09:30:17.700,3935.2000,21008,-3,87485940.000,3,0,3,双平,S,3934.4000,3934.2000,3933.0000,3932.8000,3931.4000,3935.8000,3936.0000,3937.0000,3938.0000,3938.6000,1,3,4,1,1,1,1,1,11,1
SF,IF2007,2020-06-11 09:30:18.200,3935.8000,21008,0,88666680.000,1,0,1,多换,S,3934.6000,3933.2000,3933.0000,3932.8000,3931.4000,3935.2000,3935.8000,3936.0000,3937.0000,3938.0000,1,2,3,1,1,29,1,1,1,11
SF,IF2007,2020-06-11 09:30:18.700,3935.8000,21008,0,88666680.000,0,-,-,-,-,3934.8000,3933.2000,3933.0000,3932.8000,3931.4000,3935.2000,3935.8000,3936.0000,3937.0000,3938.0000,1,5,3,2,1,29,1,1,1,11
SF,IF2007,2020-06-11 09:30:19.200,3935.2000,21003,-5,95749920.000,6,0,6,多平,S,3934.8000,3933.2000,3933.0000,3932.8000,3931.4000,3935.2000,3935.8000,3936.0000,3937.0000,3938.0000,1,5,3,2,1,24,1,1,1,11
SF,IF2007,2020-06-11 09:30:19.700,3934.8000,20999,-4,101652600.000,5,0,5,多平,S,3934.8000,3933.2000,3933.0000,3932.8000,3931.4000,3935.2000,3935.8000,3936.0000,3937.0000,3938.0000,1,5,3,2,1,20,1,1,1,11
SF,IF2007,2020-06-11 09:30:20.200,3935.2000,20998,-1,105194040.000,3,1,2,多平,S,3933.2000,3933.0000,3932.8000,3931.4000,3931.2000,3935.2000,3935.8000,3936.0000,3937.0000,3938.0000,5,3,2,1,1,19,1,1,1,11
SF,IF2007,2020-06-11 09:30:20.700,3935.2000,20997,-1,106374600.000,1,0,1,双平,S,3934.4000,3934.2000,3934.0000,3933.4000,3933.2000,3935.0000,3935.2000,3935.8000,3936.0000,3937.0000,1,2,2,4,4,1,18,1,1,1
SF,IF2007,2020-06-11 09:30:21.200,3935.0000,20994,-3,109916220.000,3,0,3,双平,S,3934.2000,3934.0000,3933.4000,3933.2000,3933.0000,3935.2000,3935.8000,3936.0000,3937.0000,3938.0000,2,3,3,4,1,17,1,1,1,11
SF,IF2007,2020-06-11 09:30:21.700,3935.2000,20988,-6,116999580.000,6,0,6,双平,S,3934.6000,3934.2000,3934.0000,3933.4000,3933.2000,3935.2000,3936.0000,3937.0000,3938.0000,3939.2000,1,1,3,3,4,11,1,1,11,3
SF,IF2007,2020-06-11 09:30:22.200,3935.2000,20980,-8,126444060.000,8,0,8,双平,S,3934.8000,3934.4000,3934.2000,3934.0000,3933.4000,3935.2000,3936.0000,3937.0000,3938.0000,3939.2000,1,2,1,3,3,3,1,1,11,3
SF,IF2007,2020-06-11 09:30:22.700,3935.2000,20977,-3,129985740.000,3,0,3,双平,S,3935.6000,3935.4000,3934.6000,3934.2000,3934.0000,3937.0000,3938.0000,3939.2000,3939.4000,3942.8000,1,1,1,1,3,1,11,3,1,1
SF,IF2007,2020-06-11 09:30:23.200,3935.2000,20977,0,129985740.000,0,-,-,-,-,3935.8000,3935.6000,3935.4000,3934.6000,3934.2000,3936.8000,3937.0000,3938.0000,3939.2000,3939.4000,1,1,1,1,1,1,1,11,3,1
SF,IF2007,2020-06-11 09:30:23.700,3935.2000,20977,0,129985740.000,0,-,-,-,-,3936.0000,3935.4000,3934.6000,3934.2000,3934.0000,3936.6000,3936.8000,3937.0000,3938.0000,3939.2000,1,1,1,1,3,1,1,1,11,3
SF,IF2007,2020-06-11 09:30:24.200,3935.2000,20977,0,129985740.000,0,-,-,-,-,3936.0000,3935.4000,3935.2000,3934.6000,3934.2000,3936.6000,3936.8000,3937.0000,3938.0000,3939.2000,1,1,1,1,1,1,1,1,11,3
SF,IF2007,2020-06-11 09:30:24.700,3935.2000,20977,0,129985740.000,0,-,-,-,-,3936.0000,3935.6000,3935.4000,3935.2000,3934.6000,3936.4000,3936.6000,3937.0000,3938.0000,3939.2000,1,1,1,1,1,1,1,1,11,3
SF,IF2007,2020-06-11 09:30:25.200,3936.0000,20976,-1,131166540.000,1,0,1,双平,S,3935.6000,3935.4000,3935.2000,3934.6000,3934.2000,3936.0000,3936.4000,3936.6000,3937.0000,3938.0000,1,1,1,1,1,2,1,1,1,11
SF,IF2007,2020-06-11 09:30:25.700,3936.0000,20975,-1,133528140.000,2,0,2,多平,S,3935.6000,3935.4000,3935.2000,3934.6000,3934.2000,3936.4000,3936.6000,3937.0000,3938.0000,3939.2000,1,1,1,1,1,1,1,1,11,3
SF,IF2007,2020-06-11 09:30:26.200,3936.4000,20975,0,135889860.000,2,1,1,多换,S,3935.6000,3935.4000,3935.2000,3934.6000,3934.2000,3936.6000,3937.0000,3938.0000,3939.2000,3942.8000,1,1,1,1,1,1,1,11,3,1
SF,IF2007,2020-06-11 09:30:26.700,3936.6000,20974,-1,137070840.000,1,0,1,双平,S,3936.6000,3935.8000,3935.6000,3935.4000,3935.2000,3937.0000,3938.0000,3939.2000,3942.8000,3943.2000,3,1,1,1,1,1,11,3,1,2
SF,IF2007,2020-06-11 09:30:27.200,3936.6000,20974,0,137070840.000,0,-,-,-,-,3936.6000,3935.8000,3935.6000,3935.4000,3935.2000,3938.0000,3939.2000,3942.8000,3943.2000,3943.6000,3,1,1,1,1,11,3,1,2,1
SF,IF2007,2020-06-11 09:30:27.700,3936.6000,20974,0,137070840.000,0,-,-,-,-,3936.8000,3936.6000,3935.6000,3935.4000,3935.2000,3937.8000,3938.0000,3939.4000,3942.8000,3943.2000,1,3,1,1,1,2,12,1,1,2
SF,IF2007,2020-06-11 09:30:28.200,3936.6000,20974,0,137070840.000,0,-,-,-,-,3936.8000,3936.6000,3935.6000,3935.4000,3935.2000,3937.8000,3938.0000,3939.4000,3942.8000,3943.2000,1,3,1,1,1,1,12,1,1,2
SF,IF2007,2020-06-11 09:30:28.700,3936.6000,20974,0,137070840.000,0,-,-,-,-,3936.8000,3936.6000,3935.6000,3935.4000,3935.2000,3938.0000,3939.4000,3942.8000,3943.2000,3943.6000,1,3,1,1,1,12,1,1,2,1
SF,IF2007,2020-06-11 09:30:29.200,3936.6000,20973,-1,138251820.000,1,0,1,双平,S,3936.6000,3935.6000,3935.4000,3935.2000,3934.6000,3937.8000,3938.0000,3939.4000,3942.8000,3943.2000,3,1,1,1,1,2,12,1,1,2
SF,IF2007,2020-06-11 09:30:29.700,3936.6000,20973,0,138251820.000,0,-,-,-,-,3936.6000,3935.6000,3935.4000,3935.2000,3934.6000,3937.6000,3937.8000,3938.0000,3939.4000,3942.8000,3,1,1,1,1,2,2,12,1,1
SF,IF2007,2020-06-11 09:30:30.200,3936.6000,20970,-3,141794760.000,3,0,3,双平,S,3935.6000,3935.4000,3935.2000,3934.6000,3934.2000,3936.2000,3936.6000,3936.8000,3937.4000,3937.6000,1,1,1,1,1,1,1,1,2,2
SF,IF2007,2020-06-11 09:30:30.700,3936.6000,20970,0,142975740.000,1,0,1,多换,S,3936.6000,3935.8000,3935.6000,3935.4000,3935.2000,3936.8000,3937.4000,3938.0000,3939.4000,3942.8000,4,1,1,1,1,1,1,12,1,1
SF,IF2007,2020-06-11 09:30:31.200,3936.6000,20970,0,147699660.000,4,2,2,多换,S,3935.8000,3935.6000,3935.4000,3935.2000,3934.6000,3936.0000,3936.2000,3936.8000,3937.4000,3938.0000,1,1,1,1,1,1,1,1,1,12
SF,IF2007,2020-06-11 09:30:31.700,3936.0000,20968,-2,150061260.000,2,0,2,双平,S,3936.0000,3935.8000,3935.6000,3935.4000,3935.2000,3936.8000,3937.4000,3938.0000,3939.4000,3942.8000,1,1,1,1,1,1,1,12,1,1
SF,IF2007,2020-06-11 09:30:32.200,3936.8000,20970,2,152423100.000,2,2,0,双开,S,3935.8000,3935.6000,3935.4000,3935.2000,3934.6000,3937.4000,3938.0000,3939.4000,3942.8000,3943.2000,1,1,1,1,1,1,11,1,1,2
SF,IF2007,2020-06-11 09:30:32.700,3936.8000,20970,0,152423100.000,0,-,-,-,-,3935.8000,3935.6000,3935.4000,3935.2000,3934.6000,3937.2000,3937.4000,3938.0000,3939.4000,3942.8000,1,1,1,1,1,1,1,11,1,1
SF,IF2007,2020-06-11 09:30:33.200,3936.8000,20970,0,152423100.000,0,-,-,-,-,3936.8000,3935.8000,3935.6000,3935.4000,3935.2000,3937.0000,3937.2000,3938.0000,3939.4000,3942.8000,1,1,1,1,1,2,1,11,1,1
SF,IF2007,2020-06-11 09:30:33.700,3936.8000,20970,0,153604140.000,1,0,1,多换,S,3935.6000,3935.4000,3935.2000,3934.6000,3934.2000,3936.6000,3937.0000,3937.2000,3938.0000,3939.4000,1,1,1,1,1,2,1,1,11,1
SF,IF2007,2020-06-11 09:30:34.200,3936.8000,20969,-1,155966220.000,2,0,2,多平,S,3935.6000,3935.4000,3935.2000,3934.6000,3934.2000,3936.6000,3937.2000,3938.0000,3939.4000,3942.8000,1,1,1,1,1,1,1,11,1,1
SF,IF2007,2020-06-11 09:30:34.700,3936.6000,20968,-1,157147200.000,1,0,1,双平,S,3935.8000,3935.6000,3935.4000,3935.2000,3934.6000,3936.6000,3938.0000,3939.4000,3942.8000,3943.2000,1,1,1,1,1,1,11,1,1,2
SF,IF2007,2020-06-11 09:30:35.200,3936.6000,20968,0,157147200.000,0,-,-,-,-,3935.8000,3935.6000,3935.4000,3935.2000,3934.6000,3938.0000,3939.4000,3942.8000,3943.2000,3943.6000,1,1,1,1,1,11,1,1,2,1
SF,IF2007,2020-06-11 09:30:35.700,3935.8000,20968,0,159508740.000,2,1,1,多换,S,3935.6000,3935.4000,3935.2000,3934.6000,3934.0000,3937.2000,3937.4000,3937.6000,3937.8000,3938.0000,1,1,1,1,3,1,2,1,3,2
SF,IF2007,2020-06-11 09:30:36.200,3935.8000,20967,-1,160689480.000,1,0,1,双平,S,3935.6000,3935.4000,3935.2000,3934.6000,3934.0000,3935.8000,3937.0000,3937.2000,3937.4000,3937.6000,1,1,1,1,3,2,3,1,2,1
SF,IF2007,2020-06-11 09:30:36.700,3935.8000,20965,-2,166593000.000,5,1,4,多平,S,3935.6000,3935.2000,3934.6000,3934.0000,3933.4000,3937.0000,3937.2000,3937.4000,3937.6000,3937.8000,1,1,1,3,1,3,1,2,1,1
SF,IF2007,2020-06-11 09:30:37.200,3935.6000,20965,0,167773680.000,1,0,1,多换,S,3935.2000,3935.0000,3934.6000,3934.0000,3933.4000,3936.8000,3937.0000,3937.4000,3937.6000,3937.8000,1,1,1,3,1,2,3,2,1,1
SF,IF2007,2020-06-11 09:30:37.700,3935.6000,20965,0,167773680.000,0,-,-,-,-,3935.2000,3935.0000,3934.6000,3934.0000,3933.4000,3936.6000,3936.8000,3937.0000,3937.4000,3937.6000,1,1,1,3,1,2,1,2,2,1
SF,IF2007,2020-06-11 09:30:38.200,3935.6000,20965,0,167773680.000,0,-,-,-,-,3935.2000,3935.0000,3934.6000,3934.0000,3933.4000,3936.4000,3936.6000,3937.0000,3937.4000,3937.6000,1,1,1,3,1,2,1,2,2,1
SF,IF2007,2020-06-11 09:30:38.700,3935.2000,20965,0,168954240.000,1,0,1,多换,S,3935.0000,3934.6000,3934.0000,3933.4000,3933.2000,3935.2000,3936.2000,3936.4000,3937.0000,3937.4000,1,1,3,1,1,6,1,2,1,2
SF,IF2007,2020-06-11 09:30:39.200,3935.2000,20966,1,170134800.000,1,1,0,双开,S,3935.0000,3934.6000,3934.0000,3933.4000,3933.2000,3935.2000,3936.2000,3936.4000,3937.0000,3937.4000,1,1,3,1,1,5,1,1,1,2
SF,IF2007,2020-06-11 09:30:39.700,3935.2000,20966,0,172495860.000,2,1,1,多换,S,3934.6000,3934.0000,3933.2000,3933.0000,3932.6000,3935.2000,3936.2000,3936.4000,3937.0000,3937.4000,1,3,1,1,1,4,1,1,1,2
SF,IF2007,2020-06-11 09:30:40.700,3935.2000,20967,1,173676420.000,1,1,0,双开,S,3934.6000,3933.0000,3932.6000,3931.2000,3931.0000,3935.2000,3936.2000,3936.4000,3937.0000,3937.4000,1,1,1,1,2,3,1,1,1,2
SF,IF2007,2020-06-11 09:30:41.200,3932.6000,20971,4,179576640.000,5,4,1,空开,S,3931.2000,3931.0000,3930.2000,3930.0000,3929.6000,3935.2000,3936.2000,3936.4000,3937.0000,3937.4000,1,2,1,1,1,3,1,1,1,2
SF,IF2007,2020-06-11 09:30:41.700,3932.6000,20971,0,179576640.000,0,-,-,-,-,3933.4000,3933.2000,3933.0000,3932.0000,3931.4000,3935.0000,3935.2000,3937.0000,3937.4000,3937.6000,1,4,3,1,6,3,3,1,1,1
SF,IF2007,2020-06-11 09:30:42.200,3932.6000,20971,0,179576640.000,0,-,-,-,-,3934.6000,3933.6000,3933.4000,3933.2000,3933.0000,3935.0000,3935.2000,3937.0000,3937.8000,3938.0000,1,2,1,4,2,1,3,1,1,2
SF,IF2007,2020-06-11 09:30:42.700,3932.6000,20971,0,179576640.000,0,-,-,-,-,3933.2000,3932.8000,3931.6000,3931.4000,3931.2000,3934.4000,3934.6000,3935.2000,3937.0000,3937.8000,1,1,1,4,1,1,1,3,1,1
SF,IF2007,2020-06-11 09:30:43.200,3933.2000,20970,-1,180756600.000,1,0,1,双平,S,3933.4000,3933.2000,3932.8000,3932.6000,3931.6000,3934.4000,3934.6000,3935.2000,3937.0000,3937.8000,1,1,1,1,1,1,1,3,1,1
SF,IF2007,2020-06-11 09:30:43.700,3933.2000,20970,0,180756600.000,0,-,-,-,-,3933.6000,3932.8000,3932.6000,3931.6000,3931.4000,3934.2000,3934.4000,3934.6000,3935.2000,3937.0000,1,1,1,1,4,1,1,1,3,1
SF,IF2007,2020-06-11 09:30:44.200,3933.6000,20969,-1,181936680.000,1,0,1,双平,S,3932.8000,3931.6000,3931.4000,3931.2000,3931.0000,3934.4000,3934.6000,3935.2000,3937.0000,3937.8000,3,1,3,1,1,1,1,3,1,1
SF,IF2007,2020-06-11 09:30:44.700,3933.6000,20968,-1,183116760.000,1,0,1,双平,S,3933.0000,3932.8000,3932.0000,3931.6000,3931.4000,3934.2000,3934.4000,3934.6000,3935.2000,3937.0000,1,1,1,1,3,1,1,1,3,1
SF,IF2007,2020-06-11 09:30:45.200,3933.6000,20968,0,183116760.000,0,-,-,-,-,3933.2000,3932.8000,3932.0000,3931.6000,3931.4000,3934.2000,3934.6000,3935.2000,3937.0000,3937.8000,1,1,1,2,3,1,1,3,1,1
SF,IF2007,2020-06-11 09:30:45.700,3931.6000,20969,1,189015180.000,5,3,2,空开,S,3931.6000,3931.4000,3931.2000,3930.4000,3930.2000,3934.2000,3934.6000,3935.2000,3937.0000,3937.8000,1,3,2,1,1,1,1,3,1,1
SF,IF2007,2020-06-11 09:30:46.200,3934.0000,20969,0,190195380.000,1,0,1,多换,S,3932.4000,3932.2000,3932.0000,3931.8000,3931.6000,3933.6000,3934.2000,3934.6000,3935.2000,3937.0000,1,4,3,3,1,1,1,1,3,1
SF,IF2007,2020-06-11 09:30:46.700,3933.2000,20967,-2,192555300.000,2,0,2,双平,S,3932.6000,3931.8000,3931.6000,3931.2000,3930.4000,3933.4000,3933.6000,3934.6000,3935.2000,3937.0000,1,1,1,1,1,1,1,1,3,1
SF,IF2007,2020-06-11 09:30:47.200,3933.2000,20967,0,192555300.000,0,-,-,-,-,3933.0000,3932.6000,3931.8000,3931.6000,3931.2000,3933.2000,3933.4000,3934.6000,3935.2000,3937.0000,1,1,2,2,1,1,1,1,3,1
SF,IF2007,2020-06-11 09:30:47.700,3933.4000,20966,-1,194915280.000,2,0,2,多平,S,3934.2000,3933.0000,3932.6000,3931.8000,3931.6000,3934.6000,3935.2000,3937.0000,3937.8000,3939.4000,1,1,1,1,2,1,3,1,1,1
SF,IF2007,2020-06-11 09:30:48.200,3934.2000,20965,-1,196095540.000,1,0,1,双平,S,3933.0000,3932.6000,3931.8000,3931.6000,3931.2000,3933.8000,3934.0000,3934.4000,3934.6000,3935.2000,1,1,1,3,1,1,1,3,1,3
SF,IF2007,2020-06-11 09:30:48.700,3933.8000,20964,-1,197275680.000,1,0,1,双平,S,3932.6000,3932.0000,3931.8000,3931.6000,3931.2000,3933.6000,3933.8000,3934.0000,3934.4000,3934.6000,1,1,1,2,1,1,1,1,3,1
SF,IF2007,2020-06-11 09:30:49.200,3933.8000,20963,-1,198455820.000,1,0,1,双平,S,3932.6000,3932.0000,3931.8000,3931.2000,3930.8000,3933.8000,3934.0000,3934.4000,3934.6000,3935.2000,1,1,1,1,1,1,1,3,1,3
SF,IF2007,2020-06-11 09:30:49.700,3933.8000,20963,0,198455820.000,0,-,-,-,-,3932.8000,3932.6000,3932.0000,3931.8000,3931.2000,3934.4000,3934.6000,3935.2000,3937.8000,3939.4000,4,1,1,1,2,1,1,3,1,1
SF,IF2007,2020-06-11 09:30:50.200,3933.0000,20963,0,199635720.000,1,0,1,多换,S,3932.8000,3932.0000,3931.8000,3931.6000,3931.2000,3934.2000,3934.4000,3934.6000,3935.2000,3937.8000,4,1,2,1,2,2,1,1,3,1
SF,IF2007,2020-06-11 09:30:50.700,3932.6000,20963,0,205534920.000,5,2,3,多换,S,3932.0000,3931.8000,3931.6000,3931.2000,3930.8000,3934.2000,3934.4000,3934.6000,3935.2000,3937.8000,1,3,1,2,1,2,1,1,3,1
SF,IF2007,2020-06-11 09:30:51.200,3934.0000,20959,-4,210255660.000,4,0,4,双平,S,3934.0000,3932.2000,3932.0000,3931.8000,3931.6000,3934.2000,3934.6000,3937.8000,3939.4000,3942.8000,1,2,1,3,1,1,1,1,1,1
SF,IF2007,2020-06-11 09:30:51.700,3934.0000,20957,-2,212616060.000,2,0,2,双平,S,3932.2000,3932.0000,3931.8000,3931.6000,3931.2000,3934.0000,3934.4000,3934.6000,3937.8000,3939.4000,2,1,3,1,2,2,5,1,1,1
SF,IF2007,2020-06-11 09:30:52.200,3934.0000,20954,-3,216156660.000,3,0,3,双平,S,3932.4000,3932.2000,3932.0000,3931.8000,3931.6000,3934.0000,3934.4000,3934.6000,3937.8000,3939.4000,1,2,1,3,1,1,5,1,1,1
SF,IF2007,2020-06-11 09:30:52.700,3932.6000,20954,0,222055800.000,5,2,3,多换,S,3932.6000,3932.2000,3932.0000,3931.8000,3931.2000,3934.0000,3934.4000,3937.8000,3939.4000,3942.8000,2,1,1,4,2,1,5,1,1,1
SF,IF2007,2020-06-11 09:30:53.200,3934.0000,20955,1,225596280.000,3,2,1,空开,S,3934.0000,3932.8000,3932.6000,3932.2000,3932.0000,3934.4000,3937.8000,3939.4000,3942.8000,3943.6000,1,1,1,1,1,5,1,1,1,1
SF,IF2007,2020-06-11 09:30:53.700,3934.0000,20955,0,226776480.000,1,0,1,多换,S,3933.4000,3932.6000,3932.2000,3932.0000,3931.8000,3934.4000,3937.8000,3939.4000,3942.8000,3943.6000,1,1,1,1,4,5,1,1,1,1
SF,IF2007,2020-06-11 09:30:54.200,3932.2000,20956,1,232675980.000,5,3,2,空开,S,3932.0000,3931.8000,3931.2000,3930.8000,3930.6000,3932.2000,3934.4000,3937.8000,3939.4000,3942.8000,1,6,1,1,1,5,5,1,1,1
SF,IF2007,2020-06-11 09:30:54.700,3932.2000,20956,0,238574280.000,5,2,3,多换,S,3933.0000,3932.8000,3932.6000,3932.4000,3932.2000,3934.2000,3934.4000,3937.8000,3939.4000,3942.8000,1,1,1,5,3,1,5,1,1,1
SF,IF2007,2020-06-11 09:30:55.200,3932.2000,20956,0,238574280.000,0,-,-,-,-,3933.0000,3932.8000,3932.6000,3932.4000,3932.2000,3934.0000,3934.2000,3934.4000,3937.8000,3939.4000,2,1,2,4,2,2,1,5,1,1
SF,IF2007,2020-06-11 09:30:55.700,3934.0000,20955,-1,239754480.000,1,0,1,双平,S,3933.2000,3933.0000,3932.8000,3932.6000,3932.4000,3934.2000,3934.4000,3937.8000,3939.4000,3942.8000,2,2,1,2,5,1,5,1,1,1
SF,IF2007,2020-06-11 09:30:56.200,3934.0000,20955,0,239754480.000,0,-,-,-,-,3933.2000,3933.0000,3932.8000,3932.6000,3932.4000,3933.4000,3934.2000,3934.4000,3937.8000,3939.4000,2,2,1,3,5,10,1,5,1,1
SF,IF2007,2020-06-11 09:30:56.700,3933.4000,20955,0,251555040.000,10,5,5,多换,S,3933.6000,3933.2000,3933.0000,3932.8000,3932.6000,3934.2000,3934.4000,3937.8000,3939.4000,3942.8000,5,2,2,1,3,1,5,1,1,1
SF,IF2007,2020-06-11 09:30:57.200,3933.4000,20955,0,255095100.000,3,1,2,多换,S,3933.6000,3933.2000,3933.0000,3932.8000,3932.6000,3934.2000,3934.4000,3937.8000,3939.4000,3942.8000,1,1,7,1,3,1,5,1,1,1
SF,IF2007,2020-06-11 09:30:57.700,3933.4000,20955,0,255095100.000,0,-,-,-,-,3933.6000,3933.2000,3933.0000,3932.8000,3932.6000,3934.2000,3934.4000,3937.8000,3939.4000,3942.8000,1,1,7,1,3,1,5,1,1,1
SF,IF2007,2020-06-11 09:30:58.200,3933.4000,20955,0,255095100.000,0,-,-,-,-,3933.8000,3933.6000,3933.0000,3932.8000,3932.6000,3934.4000,3937.8000,3939.4000,3942.8000,3943.6000,1,1,8,1,3,5,1,1,1,1
SF,IF2007,2020-06-11 09:30:58.700,3933.4000,20955,0,255095100.000,0,-,-,-,-,3933.8000,3933.6000,3933.0000,3932.8000,3932.6000,3934.4000,3937.8000,3942.8000,3943.6000,3945.0000,1,1,8,2,5,5,1,1,1,5
SF,IF2007,2020-06-11 09:30:59.200,3934.4000,20952,-3,260996520.000,5,1,4,多平,S,3933.6000,3933.0000,3932.8000,3932.6000,3932.4000,3934.4000,3937.8000,3942.8000,3943.6000,3945.0000,1,8,2,5,7,1,1,1,1,5
SF,IF2007,2020-06-11 09:30:59.700,3934.4000,20951,-1,262176840.000,1,0,1,双平,S,3934.6000,3933.8000,3933.6000,3933.0000,3932.8000,3937.8000,3942.8000,3943.6000,3945.0000,3948.0000,1,1,1,7,2,1,1,1,5,1
SF,IF2007,2020-06-11 09:31:00.200,3935.6000,20950,-1,266898900.000,4,1,3,多平,S,3933.6000,3933.0000,3932.8000,3932.6000,3932.4000,3935.6000,3935.8000,3936.0000,3936.6000,3936.8000,1,7,2,3,9,1,2,2,3,1
SF,IF2007,2020-06-11 09:31:00.700,3933.6000,20950,0,270439260.000,3,1,2,多换,S,3933.0000,3932.8000,3932.6000,3932.4000,3932.2000,3933.6000,3934.8000,3935.4000,3935.6000,3935.8000,7,2,4,9,4,1,1,6,1,2
SF,IF2007,2020-06-11 09:31:01.200,3933.6000,20950,0,271619340.000,1,0,1,多换,S,3934.4000,3933.0000,3932.8000,3932.6000,3932.4000,3934.8000,3935.4000,3935.6000,3935.8000,3936.0000,2,7,2,5,9,1,7,1,2,2
SF,IF2007,2020-06-11 09:31:01.700,3934.4000,20950,0,273979980.000,2,1,1,多换,S,3933.0000,3932.8000,3932.6000,3932.4000,3932.2000,3933.8000,3934.2000,3934.4000,3934.6000,3934.8000,7,2,4,7,3,1,1,1,1,1
SF,IF2007,2020-06-11 09:31:02.200,3933.6000,20949,-1,278700060.000,4,1,3,多平,S,3933.6000,3933.0000,3932.8000,3932.6000,3932.4000,3934.8000,3935.4000,3935.6000,3935.8000,3936.0000,1,5,2,2,6,1,3,1,3,2
SF,IF2007,2020-06-11 09:31:02.700,3933.6000,20948,-1,279880140.000,1,0,1,双平,S,3934.0000,3933.0000,3932.8000,3932.6000,3932.4000,3934.6000,3934.8000,3935.0000,3935.4000,3935.6000,11,5,2,2,4,2,1,1,3,1
SF,IF2007,2020-06-11 09:31:03.200,3933.8000,20936,-12,297581040.000,15,1,14,多平,S,3933.8000,3933.0000,3932.8000,3932.6000,3932.2000,3934.0000,3934.6000,3934.8000,3935.0000,3935.4000,1,3,2,1,1,2,1,1,1,3
SF,IF2007,2020-06-11 09:31:03.700,3933.8000,20937,1,301121460.000,3,2,1,空开,S,3933.0000,3932.8000,3932.6000,3932.0000,3931.8000,3934.0000,3934.2000,3934.8000,3935.0000,3935.4000,3,2,1,2,2,2,2,1,1,2
SF,IF2007,2020-06-11 09:31:04.200,3932.8000,20934,-3,308201280.000,6,1,5,多平,S,3932.6000,3932.0000,3931.8000,3931.6000,3930.6000,3933.6000,3933.8000,3934.0000,3934.8000,3935.0000,1,2,2,1,1,2,5,2,1,1
SF,IF2007,2020-06-11 09:31:04.700,3933.6000,20932,-2,310561440.000,2,0,2,双平,S,3932.6000,3932.0000,3931.8000,3930.6000,3930.0000,3933.4000,3933.6000,3933.8000,3934.0000,3934.8000,1,1,1,1,5,2,2,3,2,1
SF,IF2007,2020-06-11 09:31:05.200,3933.4000,20931,-1,312921240.000,2,0,2,多平,S,3932.0000,3931.8000,3931.2000,3930.0000,3929.0000,3933.4000,3933.6000,3933.8000,3934.0000,3934.8000,1,1,1,5,1,1,2,3,2,1
SF,IF2007,2020-06-11 09:31:05.700,3933.4000,20931,0,312921240.000,0,-,-,-,-,3932.2000,3932.0000,3931.8000,3931.2000,3930.0000,3932.6000,3933.2000,3933.6000,3933.8000,3934.0000,1,1,1,1,5,1,3,2,3,2
SF,IF2007,2020-06-11 09:31:06.200,3932.6000,20930,-1,314101020.000,1,0,1,双平,S,3932.2000,3932.0000,3931.8000,3931.0000,3930.4000,3933.2000,3933.6000,3933.8000,3934.0000,3934.8000,1,1,1,1,1,3,2,2,2,1
SF,IF2007,2020-06-11 09:31:06.700,3932.4000,20929,-1,316460400.000,2,0,2,多平,S,3932.0000,3931.8000,3931.0000,3930.4000,3930.0000,3932.8000,3933.0000,3933.2000,3933.6000,3933.8000,1,1,1,1,6,1,3,1,2,2
SF,IF2007,2020-06-11 09:31:07.200,3932.4000,20929,0,316460400.000,0,-,-,-,-,3932.0000,3931.8000,3931.0000,3930.4000,3930.0000,3932.6000,3932.8000,3933.0000,3933.6000,3933.8000,1,1,1,1,6,1,1,3,2,2
SF,IF2007,2020-06-11 09:31:07.700,3932.0000,20929,0,317640000.000,1,0,1,多换,S,3931.8000,3930.4000,3930.0000,3929.8000,3929.0000,3932.6000,3932.8000,3933.0000,3933.6000,3933.8000,1,1,7,1,1,1,1,3,2,1
SF,IF2007,2020-06-11 09:31:08.200,3932.8000,20930,1,319999620.000,2,1,1,空开,S,3930.4000,3930.0000,3929.8000,3929.0000,3927.6000,3933.0000,3933.6000,3933.8000,3934.0000,3934.8000,1,8,1,1,1,3,2,1,2,1
SF,IF2007,2020-06-11 09:31:08.700,3932.8000,20930,0,319999620.000,0,-,-,-,-,3932.6000,3930.6000,3930.4000,3930.0000,3929.8000,3932.8000,3933.6000,3933.8000,3934.0000,3934.8000,1,3,1,8,1,6,2,1,1,1
SF,IF2007,2020-06-11 09:31:09.200,3932.6000,20930,0,322359180.000,2,1,1,多换,S,3930.6000,3930.4000,3930.0000,3929.8000,3929.0000,3932.6000,3932.8000,3933.6000,3933.8000,3934.0000,3,1,8,2,1,1,2,2,1,1
SF,IF2007,2020-06-11 09:31:09.700,3932.6000,20930,0,325898520.000,3,1,2,多换,S,3930.8000,3930.6000,3930.4000,3930.0000,3929.8000,3932.4000,3932.6000,3933.6000,3933.8000,3934.8000,1,1,1,8,2,1,1,2,1,1
SF,IF2007,2020-06-11 09:31:10.200,3932.6000,20930,0,328258080.000,2,1,1,多换,S,3931.0000,3930.4000,3930.0000,3929.8000,3929.0000,3932.6000,3933.6000,3933.8000,3934.8000,3935.0000,2,1,8,2,1,1,2,1,1,1
SF,IF2007,2020-06-11 09:31:10.700,3932.6000,20930,0,328258080.000,0,-,-,-,-,3931.0000,3930.0000,3929.8000,3929.0000,3928.8000,3932.4000,3933.6000,3934.8000,3935.0000,3935.2000,3,8,2,1,1,3,2,1,6,1
SF,IF2007,2020-06-11 09:31:11.200,3932.6000,20930,0,328258080.000,0,-,-,-,-,3931.0000,3930.0000,3929.8000,3929.0000,3928.8000,3932.0000,3932.4000,3933.6000,3934.8000,3935.0000,3,8,2,1,1,1,2,2,1,6
SF,IF2007,2020-06-11 09:31:11.700,3932.4000,20927,-3,331797240.000,3,0,3,双平,S,3932.2000,3932.0000,3931.6000,3931.0000,3930.0000,3933.6000,3934.8000,3935.0000,3935.4000,3935.8000,2,1,1,2,8,2,1,1,2,1
SF,IF2007,2020-06-11 09:31:12.200,3932.4000,20926,-1,332976960.000,1,0,1,双平,S,3932.4000,3932.2000,3932.0000,3931.6000,3931.2000,3933.2000,3933.4000,3933.6000,3934.8000,3935.0000,1,1,1,1,1,1,3,2,1,1
SF,IF2007,2020-06-11 09:31:12.700,3932.2000,20924,-2,335336340.000,2,0,2,双平,S,3932.0000,3931.6000,3931.2000,3931.0000,3930.0000,3932.4000,3932.8000,3933.0000,3933.2000,3933.4000,1,1,1,1,8,1,1,1,1,2
SF,IF2007,2020-06-11 09:31:13.200,3932.4000,20924,0,336516060.000,1,0,1,多换,S,3932.6000,3932.0000,3931.6000,3931.2000,3931.0000,3933.0000,3933.2000,3933.4000,3933.6000,3934.8000,1,1,1,1,11,1,1,2,2,1
SF,IF2007,2020-06-11 09:31:13.700,3932.6000,20924,0,337695840.000,1,0,1,多换,S,3933.0000,3932.0000,3931.6000,3931.2000,3931.0000,3933.2000,3933.4000,3933.6000,3934.8000,3935.0000,1,1,1,1,11,1,2,2,1,1
SF,IF2007,2020-06-11 09:31:14.200,3933.0000,20924,0,340055640.000,2,1,1,多换,S,3932.8000,3932.0000,3931.6000,3931.2000,3931.0000,3933.6000,3934.8000,3935.0000,3935.4000,3935.8000,1,1,1,1,11,2,1,1,1,1
SF,IF2007,2020-06-11 09:31:14.700,3933.0000,20924,0,340055640.000,0,-,-,-,-,3933.2000,3933.0000,3932.8000,3932.0000,3931.6000,3933.6000,3934.8000,3935.0000,3935.4000,3935.8000,1,2,1,1,1,1,1,1,1,1
SF,IF2007,2020-06-11 09:31:15.200,3933.6000,20924,0,342415800.000,2,1,1,多换,S,3933.6000,3933.4000,3933.2000,3933.0000,3932.8000,3934.8000,3935.4000,3935.8000,3937.8000,3940.0000,1,2,1,1,1,1,1,1,1,5
SF,IF2007,2020-06-11 09:31:15.700,3933.6000,20923,-1,343595880.000,1,0,1,双平,S,3934.4000,3933.6000,3933.0000,3932.8000,3932.0000,3934.6000,3934.8000,3935.4000,3935.8000,3937.8000,1,1,1,1,1,2,1,1,1,1
SF,IF2007,2020-06-11 09:31:16.200,3934.4000,20922,-1,344776200.000,1,0,1,双平,S,3933.6000,3933.0000,3932.8000,3932.2000,3932.0000,3934.2000,3934.4000,3934.6000,3935.4000,3937.8000,1,1,1,1,1,1,2,2,1,1
SF,IF2007,2020-06-11 09:31:16.700,3934.4000,20922,0,344776200.000,0,-,-,-,-,3933.8000,3933.0000,3932.8000,3932.2000,3932.0000,3934.2000,3934.4000,3934.6000,3935.4000,3937.8000,1,1,1,1,1,1,1,2,1,1
SF,IF2007,2020-06-11 09:31:17.200,3934.4000,20922,0,344776200.000,0,-,-,-,-,3933.0000,3932.8000,3932.2000,3932.0000,3931.6000,3934.6000,3935.4000,3937.8000,3940.0000,3942.8000,1,1,1,1,2,2,1,1,5,1
SF,IF2007,2020-06-11 09:31:17.700,3934.2000,20922,0,345956460.000,1,0,1,多换,S,3933.2000,3933.0000,3932.8000,3932.2000,3932.0000,3934.4000,3934.6000,3935.2000,3935.4000,3937.8000,2,1,1,1,2,2,2,1,1,1
SF,IF2007,2020-06-11 09:31:18.200,3934.2000,20922,0,345956460.000,0,-,-,-,-,3933.2000,3933.0000,3932.8000,3932.2000,3932.0000,3934.4000,3934.6000,3935.4000,3937.8000,3940.0000,3,1,1,1,3,2,3,1,1,5
SF,IF2007,2020-06-11 09:31:18.700,3933.2000,20923,1,347136420.000,1,1,0,双开,S,3933.2000,3933.0000,3932.2000,3932.0000,3931.6000,3934.2000,3934.4000,3934.6000,3935.4000,3937.8000,2,1,1,3,2,1,2,3,1,1
SF,IF2007,2020-06-11 09:31:19.200,3933.2000,20923,0,348316380.000,1,0,1,多换,S,3933.0000,3932.2000,3932.0000,3931.6000,3931.0000,3934.2000,3934.4000,3934.6000,3935.4000,3937.8000,1,1,3,2,10,1,2,3,1,1
SF,IF2007,2020-06-11 09:31:19.700,3934.2000,20922,-1,349496640.000,1,0,1,双平,S,3934.0000,3933.4000,3933.2000,3932.8000,3932.2000,3934.4000,3934.6000,3935.4000,3937.8000,3940.0000,10,1,1,1,1,2,3,1,1,5
SF,IF2007,2020-06-11 09:31:20.200,3934.4000,20920,-2,353037480.000,3,0,3,多平,S,3934.0000,3933.4000,3933.2000,3932.2000,3932.0000,3934.6000,3935.4000,3937.8000,3940.0000,3943.6000,9,2,1,1,3,2,1,1,5,1
SF,IF2007,2020-06-11 09:31:20.700,3934.2000,20919,-1,354217740.000,1,0,1,双平,S,3934.4000,3934.0000,3933.4000,3933.2000,3932.2000,3934.6000,3935.4000,3935.6000,3937.8000,3940.0000,2,9,2,1,1,1,1,1,1,5
SF,IF2007,2020-06-11 09:31:21.200,3934.4000,20919,0,361299600.000,6,3,3,多换,S,3934.0000,3933.4000,3933.2000,3932.2000,3932.0000,3934.4000,3935.2000,3935.4000,3935.6000,3937.8000,8,2,1,1,3,1,1,1,1,1
SF,IF2007,2020-06-11 09:31:21.700,3934.4000,20918,-1,362479920.000,1,0,1,双平,S,3934.0000,3933.4000,3933.2000,3932.2000,3932.0000,3935.2000,3935.4000,3935.6000,3937.8000,3940.0000,8,2,1,1,2,1,1,1,1,5
SF,IF2007,2020-06-11 09:31:22.200,3934.8000,20918,0,363660360.000,1,0,1,多换,S,3934.2000,3934.0000,3933.4000,3932.2000,3932.0000,3935.0000,3935.4000,3935.6000,3937.8000,3940.0000,1,8,2,1,2,2,1,1,1,5
SF,IF2007,2020-06-11 09:31:22.700,3935.0000,20919,1,364840860.000,1,1,0,双开,S,3934.2000,3934.0000,3933.4000,3932.2000,3932.0000,3935.4000,3937.8000,3940.0000,3943.6000,3948.0000,1,8,2,1,2,1,1,5,1,1
SF,IF2007,2020-06-11 09:31:23.200,3935.2000,20918,-1,366021420.000,1,0,1,双平,S,3935.0000,3934.2000,3934.0000,3933.4000,3932.2000,3935.4000,3937.8000,3940.0000,3946.2000,3948.0000,1,1,8,2,1,1,1,5,1,1
SF,IF2007,2020-06-11 09:31:23.700,3935.2000,20914,-4,370743720.000,4,0,4,双平,S,3935.0000,3934.2000,3934.0000,3933.4000,3932.2000,3937.8000,3940.0000,3946.2000,3948.0000,3948.8000,1,2,8,1,1,1,5,1,1,1
SF,IF2007,2020-06-11 09:31:24.200,3935.2000,20914,0,370743720.000,0,-,-,-,-,3935.2000,3935.0000,3934.2000,3934.0000,3933.4000,3935.8000,3936.0000,3936.2000,3937.6000,3937.8000,2,1,1,8,1,2,2,1,2,1
SF,IF2007,2020-06-11 09:31:24.700,3935.2000,20913,-1,373104840.000,2,0,2,多平,S,3935.0000,3934.2000,3934.0000,3933.4000,3932.2000,3935.2000,3935.8000,3936.0000,3936.2000,3936.4000,1,1,8,1,1,1,1,1,1,1
SF,IF2007,2020-06-11 09:31:25.200,3935.2000,20913,0,373104840.000,0,-,-,-,-,3935.8000,3935.2000,3935.0000,3934.2000,3934.0000,3936.4000,3937.6000,3937.8000,3940.0000,3946.2000,1,1,1,1,8,1,1,1,5,1
SF,IF2007,2020-06-11 09:31:25.700,3935.8000,20913,0,374285580.000,1,0,1,多换,S,3935.2000,3935.0000,3934.2000,3934.0000,3933.4000,3936.2000,3936.4000,3937.8000,3940.0000,3946.2000,1,2,1,8,1,1,1,1,5,1
SF,IF2007,2020-06-11 09:31:26.200,3935.8000,20913,0,374285580.000,0,-,-,-,-,3935.2000,3935.0000,3934.2000,3934.0000,3933.4000,3935.8000,3936.0000,3936.2000,3936.4000,3937.8000,1,2,1,8,1,3,2,1,1,1
SF,IF2007,2020-06-11 09:31:26.700,3935.8000,20913,0,374285580.000,0,-,-,-,-,3935.0000,3934.2000,3934.0000,3933.4000,3932.2000,3935.6000,3935.8000,3936.0000,3936.4000,3937.8000,2,1,8,1,1,1,1,1,1,1
SF,IF2007,2020-06-11 09:31:27.200,3937.8000,20910,-3,380190120.000,5,1,4,多平,S,3938.0000,3935.0000,3934.2000,3934.0000,3933.4000,3940.0000,3946.2000,3948.0000,3948.8000,3949.0000,5,2,1,8,1,5,1,1,1,1
SF,IF2007,2020-06-11 09:31:27.700,3938.0000,20905,-5,386096940.000,5,0,5,双平,S,3935.2000,3935.0000,3934.2000,3934.0000,3933.4000,3935.8000,3936.0000,3936.4000,3937.6000,3938.0000,1,2,1,8,1,1,1,1,14,6
SF,IF2007,2020-06-11 09:31:28.200,3935.2000,20899,-6,394362000.000,7,0,7,多平,S,3935.0000,3934.2000,3934.0000,3933.4000,3932.8000,3935.2000,3937.4000,3937.6000,3938.0000,3939.8000,2,2,8,1,1,2,1,1,4,6
SF,IF2007,2020-06-11 09:31:28.700,3935.2000,20898,-1,396723120.000,2,0,2,多平,S,3935.8000,3935.4000,3935.0000,3934.2000,3934.0000,3936.8000,3937.2000,3937.4000,3937.6000,3937.8000,1,1,2,2,8,2,1,2,1,1
SF,IF2007,2020-06-11 09:31:29.200,3935.2000,20895,-3,400264800.000,3,0,3,双平,S,3935.0000,3934.2000,3934.0000,3933.4000,3932.8000,3935.2000,3936.4000,3936.6000,3936.8000,3937.2000,2,2,8,1,1,7,1,3,2,1
SF,IF2007,2020-06-11 09:31:29.700,3935.2000,20889,-6,408528720.000,7,0,7,多平,S,3935.4000,3935.0000,3934.2000,3934.0000,3933.4000,3936.4000,3936.6000,3936.8000,3937.2000,3937.4000,1,2,2,8,1,1,3,2,1,6
SF,IF2007,2020-06-11 09:31:30.200,3935.2000,20889,0,408528720.000,0,-,-,-,-,3935.6000,3935.4000,3935.0000,3934.2000,3934.0000,3936.4000,3936.6000,3937.0000,3937.2000,3937.4000,1,2,2,2,8,1,1,2,1,6
SF,IF2007,2020-06-11 09:31:30.700,3935.6000,20887,-2,410890080.000,2,0,2,双平,S,3935.4000,3935.0000,3934.2000,3934.0000,3933.4000,3936.2000,3936.4000,3936.6000,3937.0000,3937.2000,2,2,2,8,1,2,1,1,2,1
SF,IF2007,2020-06-11 09:31:31.200,3935.4000,20885,-2,413251320.000,2,0,2,双平,S,3935.0000,3934.2000,3934.0000,3933.4000,3932.8000,3936.2000,3936.4000,3936.6000,3937.0000,3937.2000,2,2,8,1,1,3,1,1,2,2
SF,IF2007,2020-06-11 09:31:31.700,3935.4000,20882,-3,416792940.000,3,0,3,双平,S,3934.2000,3934.0000,3933.4000,3932.8000,3932.2000,3935.4000,3935.6000,3936.0000,3936.2000,3936.4000,2,8,1,1,1,1,1,2,2,1
SF,IF2007,2020-06-11 09:31:32.200,3934.2000,20882,0,417973200.000,1,0,1,多换,S,3934.2000,3934.0000,3933.4000,3932.8000,3932.2000,3935.2000,3935.6000,3936.0000,3936.2000,3936.4000,1,8,1,1,1,1,1,2,1,1
SF,IF2007,2020-06-11 09:31:32.700,3936.0000,20885,3,423876180.000,5,4,1,空开,S,3934.4000,3934.2000,3934.0000,3933.4000,3932.8000,3936.0000,3936.2000,3936.4000,3936.6000,3936.8000,1,1,8,1,1,1,1,1,1,1
SF,IF2007,2020-06-11 09:31:33.200,3936.0000,20885,0,423876180.000,0,-,-,-,-,3934.4000,3934.2000,3934.0000,3933.4000,3932.8000,3935.4000,3935.6000,3935.8000,3936.2000,3936.4000,1,1,8,1,1,10,1,1,1,1
SF,IF2007,2020-06-11 09:31:33.700,3936.0000,20885,0,423876180.000,0,-,-,-,-,3934.2000,3934.0000,3933.4000,3932.8000,3932.2000,3935.2000,3935.4000,3935.6000,3935.8000,3936.4000,1,8,1,1,1,1,10,1,2,1
SF,IF2007,2020-06-11 09:31:34.200,3936.0000,20885,0,423876180.000,0,-,-,-,-,3934.4000,3934.2000,3934.0000,3933.4000,3932.8000,3935.2000,3935.4000,3935.6000,3935.8000,3936.4000,2,1,8,1,1,1,10,1,2,1
SF,IF2007,2020-06-11 09:31:34.700,3936.0000,20885,0,423876180.000,0,-,-,-,-,3934.4000,3934.2000,3934.0000,3933.4000,3932.8000,3935.4000,3935.6000,3935.8000,3936.0000,3936.4000,2,1,8,1,1,10,1,2,1,1
SF,IF2007,2020-06-11 09:31:35.200,3936.0000,20885,0,423876180.000,0,-,-,-,-,3934.4000,3934.2000,3934.0000,3933.4000,3932.8000,3935.4000,3935.8000,3936.0000,3936.4000,3936.6000,2,1,8,1,1,10,2,1,1,1
SF,IF2007,2020-06-11 09:31:35.700,3936.0000,20885,0,423876180.000,0,-,-,-,-,3934.6000,3934.4000,3934.2000,3934.0000,3933.4000,3935.2000,3935.4000,3935.8000,3936.0000,3936.4000,1,2,1,8,1,1,10,2,1,2
SF,IF2007,2020-06-11 09:31:36.200,3936.0000,20885,0,423876180.000,0,-,-,-,-,3934.6000,3934.4000,3934.2000,3934.0000,3933.4000,3935.2000,3935.4000,3935.8000,3936.0000,3936.4000,1,2,1,8,1,1,10,2,1,2
SF,IF2007,2020-06-11 09:31:36.700,3934.6000,20884,-1,425056560.000,1,0,1,双平,S,3934.4000,3934.2000,3934.0000,3933.4000,3932.8000,3935.4000,3935.8000,3936.0000,3936.4000,3936.6000,2,1,8,1,1,10,3,1,2,3
SF,IF2007,2020-06-11 09:31:37.200,3934.4000,20883,-1,426236880.000,1,0,1,双平,S,3934.4000,3934.2000,3934.0000,3933.4000,3932.8000,3935.4000,3935.8000,3936.0000,3936.4000,3936.6000,1,1,8,1,1,10,3,1,2,3
SF,IF2007,2020-06-11 09:31:37.700,3934.4000,20883,0,426236880.000,0,-,-,-,-,3934.4000,3934.2000,3934.0000,3933.4000,3932.8000,3934.6000,3935.2000,3935.4000,3935.8000,3936.0000,1,1,8,1,1,2,1,10,3,1
SF,IF2007,2020-06-11 09:31:38.200,3934.6000,20883,0,428597640.000,2,1,1,多换,S,3934.4000,3934.2000,3934.0000,3933.4000,3932.8000,3935.2000,3935.4000,3935.8000,3936.0000,3936.4000,1,1,8,1,1,3,10,3,1,2
SF,IF2007,2020-06-11 09:31:38.700,3934.6000,20883,0,428597640.000,0,-,-,-,-,3934.4000,3934.2000,3934.0000,3933.4000,3932.8000,3935.2000,3935.4000,3935.8000,3936.0000,3936.4000,1,1,8,1,1,3,10,3,1,2
SF,IF2007,2020-06-11 09:31:39.200,3934.6000,20883,0,428597640.000,0,-,-,-,-,3934.4000,3934.2000,3934.0000,3933.6000,3933.4000,3935.2000,3935.4000,3935.8000,3936.0000,3936.2000,1,1,8,1,1,3,10,3,1,2
SF,IF2007,2020-06-11 09:31:39.700,3934.2000,20881,-2,430958220.000,2,0,2,双平,S,3934.0000,3933.6000,3933.4000,3932.8000,3932.4000,3934.2000,3935.0000,3935.2000,3935.4000,3935.8000,8,1,1,1,1,1,1,3,10,2
SF,IF2007,2020-06-11 09:31:40.200,3935.4000,20871,-10,443944380.000,11,0,11,多平,S,3934.0000,3933.6000,3933.4000,3932.8000,3932.4000,3935.4000,3935.8000,3936.0000,3936.2000,3936.4000,8,1,1,1,1,4,2,1,2,2
SF,IF2007,2020-06-11 09:31:40.700,3935.4000,20871,0,443944380.000,0,-,-,-,-,3934.4000,3934.2000,3934.0000,3933.6000,3933.4000,3935.2000,3935.4000,3935.8000,3936.0000,3936.2000,1,1,8,1,1,2,4,2,1,2
SF,IF2007,2020-06-11 09:31:41.200,3935.4000,20871,0,443944380.000,0,-,-,-,-,3934.4000,3934.2000,3934.0000,3933.6000,3933.4000,3935.2000,3935.4000,3935.8000,3936.0000,3936.2000,1,1,8,1,1,2,4,3,1,2
SF,IF2007,2020-06-11 09:31:41.700,3935.4000,20871,0,443944380.000,0,-,-,-,-,3934.2000,3934.0000,3933.6000,3933.4000,3932.8000,3935.2000,3935.4000,3935.8000,3936.0000,3936.2000,1,8,1,1,1,1,5,2,1,2
SF,IF2007,2020-06-11 09:31:42.200,3935.4000,20871,0,443944380.000,0,-,-,-,-,3934.2000,3934.0000,3933.6000,3933.4000,3932.8000,3934.4000,3935.2000,3935.4000,3935.8000,3936.0000,1,8,1,1,1,10,1,5,3,1
SF,IF2007,2020-06-11 09:31:42.700,3934.4000,20870,-1,447485280.000,3,1,2,多平,S,3934.0000,3933.6000,3933.4000,3932.8000,3932.4000,3934.4000,3935.2000,3935.4000,3935.6000,3935.8000,8,1,1,1,2,8,1,5,1,3
SF,IF2007,2020-06-11 09:31:43.200,3934.0000,20868,-2,449845680.000,2,0,2,双平,S,3934.0000,3933.6000,3933.4000,3932.8000,3932.4000,3934.4000,3935.2000,3935.4000,3935.6000,3935.8000,6,1,1,1,2,8,1,5,1,3
SF,IF2007,2020-06-11 09:31:43.700,3934.2000,20868,0,452206200.000,2,1,1,多换,S,3934.0000,3933.6000,3933.4000,3932.8000,3932.4000,3934.4000,3935.2000,3935.4000,3935.8000,3936.2000,6,1,1,1,1,8,4,6,2,1
SF,IF2007,2020-06-11 09:31:44.200,3934.4000,20870,2,456927240.000,4,3,1,空开,S,3934.0000,3933.6000,3933.4000,3932.8000,3932.4000,3934.4000,3935.2000,3935.4000,3935.8000,3936.2000,4,1,1,1,1,6,4,6,2,1
SF,IF2007,2020-06-11 09:31:44.700,3934.0000,20870,0,458107440.000,1,0,1,多换,S,3934.0000,3933.6000,3933.4000,3932.8000,3932.4000,3934.2000,3934.4000,3935.2000,3935.4000,3935.8000,3,1,1,1,1,10,6,4,6,2
SF,IF2007,2020-06-11 09:31:45.200,3934.0000,20867,-3,462828240.000,4,0,4,多平,S,3933.6000,3933.4000,3932.8000,3932.4000,3932.2000,3934.2000,3934.4000,3935.2000,3935.4000,3935.8000,1,1,1,1,1,10,6,2,6,2
SF,IF2007,2020-06-11 09:31:45.700,3934.0000,20867,0,462828240.000,0,-,-,-,-,3933.6000,3933.4000,3932.8000,3932.4000,3932.2000,3934.2000,3934.4000,3935.2000,3935.4000,3935.8000,1,1,1,1,1,10,6,2,6,2
SF,IF2007,2020-06-11 09:31:46.200,3934.2000,20869,2,466368960.000,3,2,1,空开,S,3933.6000,3933.4000,3932.8000,3932.2000,3932.0000,3934.2000,3934.4000,3934.8000,3935.2000,3935.4000,1,1,1,1,2,8,6,1,2,5
SF,IF2007,2020-06-11 09:31:46.700,3934.0000,20868,-1,471089400.000,4,1,3,多平,S,3932.8000,3932.2000,3932.0000,3931.6000,3931.0000,3934.2000,3934.4000,3934.8000,3935.2000,3935.4000,1,1,2,1,10,8,6,1,2,5
SF,IF2007,2020-06-11 09:31:47.200,3934.0000,20868,0,471089400.000,0,-,-,-,-,3933.0000,3932.8000,3932.2000,3932.0000,3931.6000,3933.8000,3934.0000,3934.2000,3934.4000,3934.8000,2,1,1,1,1,1,1,8,6,1
SF,IF2007,2020-06-11 09:31:47.700,3933.0000,20867,-1,473449440.000,2,0,2,多平,S,3932.8000,3932.0000,3931.6000,3930.0000,3928.0000,3933.6000,3934.2000,3934.4000,3935.2000,3935.4000,1,1,1,7,1,2,8,7,1,5
SF,IF2007,2020-06-11 09:31:48.200,3932.8000,20867,0,474629280.000,1,0,1,多换,S,3932.0000,3931.6000,3930.4000,3930.0000,3928.0000,3933.4000,3933.6000,3934.2000,3934.4000,3935.2000,1,1,1,7,1,1,1,8,7,1
SF,IF2007,2020-06-11 09:31:48.700,3932.8000,20867,0,474629280.000,0,-,-,-,-,3932.0000,3931.6000,3930.4000,3930.0000,3928.0000,3932.8000,3933.2000,3934.2000,3934.4000,3935.2000,1,1,1,7,1,1,2,8,7,1
SF,IF2007,2020-06-11 09:31:49.200,3932.8000,20867,0,474629280.000,0,-,-,-,-,3932.0000,3931.6000,3930.4000,3930.0000,3928.0000,3932.6000,3933.2000,3933.8000,3934.2000,3934.4000,1,1,1,7,1,1,1,1,8,7
SF,IF2007,2020-06-11 09:31:49.700,3932.6000,20866,-1,475809060.000,1,0,1,双平,S,3932.0000,3931.6000,3930.4000,3930.0000,3928.0000,3933.2000,3933.8000,3934.2000,3934.4000,3934.6000,1,1,1,7,1,1,1,9,7,2
SF,IF2007,2020-06-11 09:31:50.200,3932.0000,20866,0,478168440.000,2,1,1,多换,S,3931.6000,3930.4000,3930.0000,3928.0000,3927.6000,3933.0000,3933.8000,3934.2000,3934.4000,3934.6000,1,1,7,1,1,2,1,11,7,2
SF,IF2007,2020-06-11 09:31:50.700,3933.0000,20867,1,480528180.000,2,1,1,空开,S,3931.8000,3931.6000,3930.4000,3930.0000,3928.0000,3933.8000,3934.2000,3934.4000,3934.6000,3935.4000,1,1,1,7,1,1,11,7,2,7
SF,IF2007,2020-06-11 09:31:51.200,3933.0000,20868,1,481708080.000,1,1,0,双开,S,3931.8000,3931.6000,3930.4000,3930.0000,3928.0000,3932.8000,3933.6000,3933.8000,3934.2000,3934.4000,1,1,1,7,1,1,4,1,11,7
SF,IF2007,2020-06-11 09:31:51.700,3933.0000,20868,0,482887980.000,1,0,1,多换,S,3931.8000,3931.6000,3930.4000,3930.0000,3928.0000,3933.4000,3933.6000,3933.8000,3934.2000,3934.4000,1,1,1,7,1,2,4,1,11,7
SF,IF2007,2020-06-11 09:31:52.200,3933.2000,20868,0,484067940.000,1,0,1,多换,S,3932.8000,3931.8000,3931.6000,3930.4000,3930.0000,3933.2000,3933.4000,3933.6000,3933.8000,3934.2000,1,1,1,1,7,1,2,1,1,11
SF,IF2007,2020-06-11 09:31:52.700,3933.0000,20865,-3,487607700.000,3,0,3,双平,S,3932.8000,3931.6000,3930.4000,3930.0000,3928.0000,3934.2000,3934.4000,3934.6000,3935.4000,3935.8000,1,1,1,7,1,11,7,2,7,2
SF,IF2007,2020-06-11 09:31:53.200,3932.8000,20865,0,489967380.000,2,1,1,多换,S,3931.6000,3930.4000,3930.0000,3928.0000,3927.6000,3933.8000,3934.0000,3934.2000,3934.4000,3934.6000,1,1,7,1,1,1,1,9,7,2
SF,IF2007,2020-06-11 09:31:53.700,3932.8000,20865,0,491147220.000,1,0,1,多换,S,3933.2000,3932.0000,3931.8000,3931.6000,3930.4000,3933.6000,3933.8000,3934.0000,3934.2000,3934.4000,1,10,1,1,1,3,2,1,9,7
SF,IF2007,2020-06-11 09:31:54.200,3933.2000,20865,0,492327180.000,1,0,1,多换,S,3932.0000,3931.8000,3931.6000,3930.4000,3930.0000,3933.6000,3934.0000,3934.2000,3934.4000,3934.6000,10,1,1,1,17,3,1,9,7,2
SF,IF2007,2020-06-11 09:31:54.700,3932.0000,20865,0,494686440.000,2,1,1,多换,S,3932.0000,3931.6000,3930.4000,3930.0000,3928.0000,3933.0000,3933.2000,3933.4000,3933.6000,3934.0000,9,1,1,17,1,1,1,2,1,1
SF,IF2007,2020-06-11 09:31:55.200,3932.0000,20865,0,497045640.000,2,1,1,多换,S,3932.0000,3931.6000,3930.4000,3930.0000,3928.0000,3932.6000,3933.0000,3933.2000,3933.4000,3933.6000,8,1,1,17,1,1,1,1,2,1
SF,IF2007,2020-06-11 09:31:55.700,3932.6000,20865,0,500584620.000,3,1,2,多换,S,3932.0000,3931.6000,3930.4000,3930.0000,3928.0000,3933.0000,3933.2000,3933.4000,3933.6000,3934.0000,6,1,1,17,1,3,1,2,1,1
SF,IF2007,2020-06-11 09:31:56.200,3932.0000,20865,0,502943820.000,2,1,1,多换,S,3932.0000,3931.6000,3930.4000,3930.0000,3928.0000,3932.8000,3933.0000,3933.4000,3933.6000,3934.0000,4,1,1,17,1,2,1,1,1,1
SF,IF2007,2020-06-11 09:31:56.700,3933.0000,20865,0,507663000.000,4,2,2,多换,S,3932.0000,3931.6000,3930.4000,3930.0000,3928.0000,3933.4000,3933.6000,3934.0000,3934.2000,3934.4000,3,1,1,17,1,1,1,1,9,7
SF,IF2007,2020-06-11 09:31:57.200,3933.0000,20865,0,507663000.000,0,-,-,-,-,3932.2000,3932.0000,3931.6000,3931.0000,3930.4000,3933.2000,3933.4000,3934.0000,3934.2000,3934.4000,1,3,1,1,1,2,1,1,9,7
SF,IF2007,2020-06-11 09:31:57.700,3933.0000,20865,0,507663000.000,0,-,-,-,-,3932.2000,3932.0000,3931.6000,3931.0000,3930.4000,3933.2000,3934.0000,3934.2000,3934.4000,3934.6000,1,3,1,1,1,1,1,9,7,2
SF,IF2007,2020-06-11 09:31:58.200,3933.0000,20865,0,507663000.000,0,-,-,-,-,3932.2000,3932.0000,3931.6000,3931.0000,3930.0000,3933.2000,3934.0000,3934.2000,3934.4000,3934.6000,1,3,1,1,17,1,1,8,7,2
SF,IF2007,2020-06-11 09:31:58.700,3933.0000,20865,0,507663000.000,0,-,-,-,-,3932.2000,3932.0000,3931.6000,3931.0000,3930.0000,3933.2000,3934.0000,3934.2000,3934.4000,3934.6000,1,3,1,1,17,1,1,8,6,2
SF,IF2007,2020-06-11 09:31:59.200,3933.0000,20865,0,507663000.000,0,-,-,-,-,3932.4000,3932.0000,3931.6000,3931.0000,3930.0000,3933.2000,3934.0000,3934.2000,3934.4000,3934.6000,1,3,1,1,17,1,1,8,6,2
SF,IF2007,2020-06-11 09:31:59.700,3933.0000,20865,0,507663000.000,0,-,-,-,-,3932.2000,3932.0000,3931.6000,3931.0000,3930.0000,3933.2000,3934.0000,3934.2000,3934.4000,3934.6000,1,8,1,1,17,1,1,8,6,2
SF,IF2007,2020-06-11 09:32:00.200,3933.0000,20865,0,507663000.000,0,-,-,-,-,3932.4000,3932.2000,3932.0000,3931.6000,3931.0000,3934.2000,3934.4000,3934.6000,3935.4000,3935.8000,1,1,8,1,1,8,6,2,10,2
SF,IF2007,2020-06-11 09:32:00.700,3933.0000,20865,0,507663000.000,0,-,-,-,-,3932.4000,3932.2000,3932.0000,3931.6000,3931.0000,3934.0000,3934.2000,3934.4000,3934.6000,3935.4000,1,2,8,1,1,1,8,6,2,10
SF,IF2007,2020-06-11 09:32:01.200,3933.0000,20865,0,507663000.000,0,-,-,-,-,3932.4000,3932.2000,3932.0000,3931.6000,3931.0000,3933.6000,3933.8000,3934.0000,3934.2000,3934.4000,2,2,8,1,1,1,2,5,8,6
SF,IF2007,2020-06-11 09:32:01.700,3933.0000,20865,0,507663000.000,0,-,-,-,-,3932.4000,3932.2000,3932.0000,3931.6000,3931.0000,3933.4000,3933.8000,3934.0000,3934.2000,3934.4000,1,2,8,1,1,2,1,4,8,6
SF,IF2007,2020-06-11 09:32:02.200,3933.4000,20864,-1,508843020.000,1,0,1,双平,S,3932.4000,3932.2000,3932.0000,3931.8000,3931.6000,3933.4000,3933.8000,3934.2000,3934.4000,3934.6000,1,2,8,1,1,1,1,8,6,2
SF,IF2007,2020-06-11 09:32:02.700,3933.4000,20864,0,508843020.000,0,-,-,-,-,3932.6000,3932.4000,3932.2000,3932.0000,3931.8000,3933.4000,3933.8000,3934.2000,3934.4000,3934.6000,1,1,2,8,1,1,1,8,6,2
SF,IF2007,2020-06-11 09:32:03.200,3933.4000,20864,0,508843020.000,0,-,-,-,-,3932.6000,3932.4000,3932.2000,3932.0000,3931.8000,3933.4000,3933.8000,3934.2000,3934.4000,3934.6000,1,1,2,9,1,1,1,8,6,2
SF,IF2007,2020-06-11 09:32:03.700,3933.4000,20864,0,508843020.000,0,-,-,-,-,3932.6000,3932.2000,3932.0000,3931.8000,3931.6000,3933.2000,3933.8000,3934.2000,3934.4000,3934.6000,1,2,9,1,1,1,1,8,7,2
SF,IF2007,2020-06-11 09:32:04.200,3933.2000,20864,0,510022980.000,1,0,1,多换,S,3932.6000,3932.2000,3932.0000,3931.8000,3931.6000,3933.8000,3934.2000,3934.4000,3934.6000,3935.4000,1,2,9,1,1,1,8,7,2,7
SF,IF2007,2020-06-11 09:32:04.700,3933.2000,20864,0,510022980.000,0,-,-,-,-,3932.6000,3932.2000,3932.0000,3931.8000,3931.6000,3933.4000,3933.6000,3934.2000,3934.4000,3934.6000,1,2,9,1,1,1,1,8,7,2
SF,IF2007,2020-06-11 09:32:05.200,3933.2000,20864,0,510022980.000,0,-,-,-,-,3932.6000,3932.2000,3932.0000,3931.8000,3931.6000,3933.4000,3933.6000,3934.2000,3934.4000,3934.6000,1,3,9,1,1,1,1,8,7,2
SF,IF2007,2020-06-11 09:32:05.700,3933.6000,20864,0,512383080.000,2,1,1,多换,S,3933.4000,3932.6000,3932.2000,3932.0000,3931.8000,3934.2000,3934.4000,3934.6000,3935.4000,3935.6000,2,1,3,9,1,8,7,2,7,1
SF,IF2007,2020-06-11 09:32:06.200,3933.6000,20864,0,512383080.000,0,-,-,-,-,3933.8000,3932.6000,3932.2000,3932.0000,3931.8000,3934.2000,3934.4000,3935.4000,3935.6000,3935.8000,1,1,3,9,1,8,7,7,1,2
SF,IF2007,2020-06-11 09:32:06.700,3933.6000,20863,-1,513563160.000,1,0,1,双平,S,3932.6000,3932.2000,3932.0000,3931.8000,3931.6000,3933.2000,3933.6000,3933.8000,3934.2000,3934.4000,1,3,9,1,1,2,1,4,8,6
SF,IF2007,2020-06-11 09:32:07.200,3933.6000,20863,0,514743240.000,1,0,1,多换,S,3932.6000,3932.2000,3932.0000,3931.8000,3931.6000,3933.2000,3933.8000,3934.2000,3934.4000,3935.2000,1,3,10,1,1,2,2,8,6,1
SF,IF2007,2020-06-11 09:32:07.700,3933.2000,20862,-1,515923200.000,1,0,1,双平,S,3932.8000,3932.6000,3932.2000,3932.0000,3931.8000,3933.8000,3934.2000,3934.4000,3935.2000,3935.4000,1,1,3,10,1,6,8,6,1,6
SF,IF2007,2020-06-11 09:32:08.200,3933.2000,20862,0,515923200.000,0,-,-,-,-,3933.2000,3933.0000,3932.8000,3932.2000,3932.0000,3933.6000,3933.8000,3934.2000,3934.4000,3935.2000,2,1,1,3,10,1,5,8,6,1
SF,IF2007,2020-06-11 09:32:08.700,3933.2000,20862,0,518283120.000,2,1,1,多换,S,3933.2000,3933.0000,3932.2000,3932.0000,3931.8000,3933.6000,3933.8000,3934.2000,3934.4000,3935.2000,2,1,3,10,1,1,5,8,6,1
SF,IF2007,2020-06-11 09:32:09.200,3933.6000,20863,1,520643280.000,2,1,1,空开,S,3933.0000,3932.2000,3932.0000,3931.8000,3931.6000,3933.8000,3934.2000,3934.4000,3935.2000,3935.4000,1,3,10,1,1,5,8,6,1,6
SF,IF2007,2020-06-11 09:32:09.700,3933.6000,20863,0,520643280.000,0,-,-,-,-,3933.0000,3932.2000,3932.0000,3931.8000,3931.6000,3933.2000,3933.6000,3933.8000,3934.2000,3934.4000,1,3,10,1,1,1,1,4,8,6
SF,IF2007,2020-06-11 09:32:10.200,3933.0000,20862,-1,523003140.000,2,0,2,多平,S,3932.2000,3932.0000,3931.8000,3931.6000,3931.0000,3933.8000,3934.2000,3934.4000,3935.2000,3935.4000,3,10,1,1,1,4,8,6,1,6
SF,IF2007,2020-06-11 09:32:10.700,3933.0000,20863,1,524183040.000,1,1,0,双开,S,3932.4000,3932.2000,3932.0000,3931.8000,3931.6000,3933.6000,3933.8000,3934.2000,3934.4000,3935.2000,2,3,10,1,1,1,5,8,6,3
SF,IF2007,2020-06-11 09:32:11.200,3932.6000,20863,0,525362820.000,1,0,1,多换,S,3932.4000,3932.2000,3932.0000,3931.8000,3931.6000,3933.6000,3933.8000,3934.2000,3934.4000,3935.2000,1,3,10,1,1,1,5,8,6,3
SF,IF2007,2020-06-11 09:32:11.700,3932.6000,20863,0,525362820.000,0,-,-,-,-,3932.4000,3932.2000,3932.0000,3931.8000,3931.6000,3933.6000,3933.8000,3934.2000,3934.4000,3935.2000,1,3,10,1,1,1,5,8,6,3
SF,IF2007,2020-06-11 09:32:12.200,3932.6000,20863,0,525362820.000,0,-,-,-,-,3932.4000,3932.2000,3932.0000,3931.8000,3931.6000,3933.4000,3933.6000,3933.8000,3934.2000,3934.4000,2,3,10,1,1,1,3,5,8,6
SF,IF2007,2020-06-11 09:32:12.700,3933.8000,20865,2,531263220.000,5,3,2,空开,S,3932.4000,3932.2000,3932.0000,3931.8000,3931.6000,3933.8000,3934.2000,3934.4000,3935.2000,3935.4000,3,3,10,1,1,4,8,6,1,6
SF,IF2007,2020-06-11 09:32:13.200,3933.8000,20865,0,531263220.000,0,-,-,-,-,3932.4000,3932.2000,3932.0000,3931.8000,3931.6000,3933.4000,3933.6000,3933.8000,3934.2000,3934.4000,3,3,10,1,1,1,2,4,8,6
SF,IF2007,2020-06-11 09:32:13.700,3932.6000,20865,0,532443000.000,1,0,1,多换,S,3932.4000,3932.2000,3932.0000,3931.8000,3931.6000,3933.4000,3933.6000,3933.8000,3934.2000,3934.4000,2,3,10,1,1,1,2,4,8,6
SF,IF2007,2020-06-11 09:32:14.200,3932.6000,20865,0,533622780.000,1,0,1,多换,S,3932.4000,3932.2000,3932.0000,3931.8000,3931.6000,3933.4000,3933.6000,3933.8000,3934.2000,3934.4000,2,3,10,1,1,1,2,4,8,6
SF,IF2007,2020-06-11 09:32:14.700,3933.4000,20865,0,534802800.000,1,0,1,多换,S,3932.4000,3932.2000,3932.0000,3931.8000,3931.6000,3933.6000,3933.8000,3934.2000,3934.4000,3935.2000,2,3,10,1,1,1,4,8,6,1
SF,IF2007,2020-06-11 09:32:15.200,3932.6000,20865,0,535982580.000,1,0,1,多换,S,3932.4000,3932.2000,3932.0000,3931.8000,3931.6000,3933.6000,3933.8000,3934.2000,3934.4000,3935.2000,2,3,9,1,1,1,4,8,6,1
SF,IF2007,2020-06-11 09:32:15.700,3933.6000,20865,0,537162660.000,1,0,1,多换,S,3932.4000,3932.2000,3932.0000,3931.8000,3931.6000,3933.8000,3934.2000,3934.4000,3935.2000,3935.4000,2,3,9,1,1,4,8,6,1,6
SF,IF2007,2020-06-11 09:32:16.200,3933.6000,20865,0,537162660.000,0,-,-,-,-,3932.8000,3932.6000,3932.4000,3932.2000,3932.0000,3933.8000,3934.2000,3934.4000,3935.2000,3935.4000,1,2,2,3,9,4,8,6,1,6
SF,IF2007,2020-06-11 09:32:16.700,3933.6000,20865,0,537162660.000,0,-,-,-,-,3933.0000,3932.8000,3932.6000,3932.4000,3932.2000,3933.8000,3934.2000,3934.4000,3935.2000,3935.4000,1,1,2,1,3,4,8,6,1,6
SF,IF2007,2020-06-11 09:32:17.200,3933.6000,20865,0,537162660.000,0,-,-,-,-,3933.0000,3932.6000,3932.4000,3932.2000,3932.0000,3933.8000,3934.2000,3934.4000,3935.2000,3935.4000,1,2,1,3,9,4,8,6,1,6
SF,IF2007,2020-06-11 09:32:17.700,3933.8000,20865,0,538342800.000,1,0,1,多换,S,3933.0000,3932.6000,3932.4000,3932.2000,3932.0000,3933.8000,3934.2000,3934.4000,3935.2000,3935.4000,1,2,1,3,9,3,8,6,1,6
SF,IF2007,2020-06-11 09:32:18.200,3933.8000,20865,0,541883220.000,3,1,2,多换,S,3934.0000,3933.0000,3932.6000,3932.4000,3932.2000,3934.2000,3934.4000,3935.2000,3935.4000,3936.0000,1,1,2,1,3,8,6,1,6,2
SF,IF2007,2020-06-11 09:32:18.700,3934.0000,20864,-1,543063420.000,1,0,1,双平,S,3933.0000,3932.6000,3932.4000,3932.2000,3932.0000,3933.8000,3934.0000,3934.2000,3934.4000,3935.2000,1,2,1,3,10,1,4,8,6,1
SF,IF2007,2020-06-11 09:32:19.200,3934.0000,20864,0,543063420.000,0,-,-,-,-,3933.0000,3932.6000,3932.4000,3932.2000,3932.0000,3933.8000,3934.0000,3934.2000,3934.4000,3935.2000,1,2,1,3,10,1,2,8,6,1
SF,IF2007,2020-06-11 09:32:19.700,3934.0000,20864,0,543063420.000,0,-,-,-,-,3933.0000,3932.6000,3932.4000,3932.2000,3932.0000,3933.8000,3934.0000,3934.2000,3934.4000,3935.4000,1,2,1,3,10,1,2,8,6,6
SF,IF2007,2020-06-11 09:32:20.200,3934.0000,20864,0,543063420.000,0,-,-,-,-,3933.0000,3932.6000,3932.4000,3932.2000,3932.0000,3933.8000,3934.0000,3934.2000,3934.4000,3935.4000,1,1,1,3,10,1,2,8,6,6
SF,IF2007,2020-06-11 09:32:21.200,3933.0000,20864,0,544243320.000,1,0,1,多换,S,3932.6000,3932.4000,3932.2000,3932.0000,3931.8000,3933.8000,3934.0000,3934.2000,3934.4000,3935.4000,1,1,3,10,1,1,2,8,6,6
SF,IF2007,2020-06-11 09:32:21.700,3933.0000,20864,0,544243320.000,0,-,-,-,-,3932.8000,3932.6000,3932.4000,3932.2000,3932.0000,3933.6000,3933.8000,3934.2000,3934.4000,3935.4000,1,1,1,3,10,1,1,8,6,6
SF,IF2007,2020-06-11 09:32:22.200,3933.0000,20864,0,544243320.000,0,-,-,-,-,3932.8000,3932.6000,3932.4000,3932.2000,3932.0000,3933.8000,3934.2000,3934.4000,3935.4000,3936.0000,1,1,1,3,10,1,8,6,6,2
SF,IF2007,2020-06-11 09:32:22.700,3933.8000,20863,-1,545423460.000,1,0,1,双平,S,3932.8000,3932.6000,3932.4000,3932.2000,3932.0000,3934.2000,3934.4000,3935.4000,3936.0000,3937.0000,1,1,1,3,10,8,6,6,2,2
SF,IF2007,2020-06-11 09:32:23.200,3933.8000,20863,0,545423460.000,0,-,-,-,-,3932.8000,3932.6000,3932.4000,3932.2000,3932.0000,3934.0000,3934.2000,3934.4000,3935.4000,3936.0000,1,1,1,3,10,1,8,6,4,2
SF,IF2007,2020-06-11 09:32:23.700,3933.8000,20863,0,545423460.000,0,-,-,-,-,3933.0000,3932.8000,3932.6000,3932.4000,3932.2000,3934.0000,3934.2000,3934.4000,3935.4000,3936.0000,1,1,1,1,3,1,8,6,4,2
SF,IF2007,2020-06-11 09:32:24.200,3933.8000,20863,0,545423460.000,0,-,-,-,-,3933.2000,3933.0000,3932.6000,3932.4000,3932.2000,3934.0000,3934.2000,3934.4000,3935.4000,3936.0000,1,1,1,1,3,1,8,6,4,3
SF,IF2007,2020-06-11 09:32:24.700,3933.8000,20863,0,545423460.000,0,-,-,-,-,3933.2000,3933.0000,3932.6000,3932.4000,3932.2000,3934.2000,3934.4000,3935.4000,3936.0000,3937.0000,1,1,1,1,3,8,6,4,3,2
SF,IF2007,2020-06-11 09:32:25.200,3933.8000,20863,0,545423460.000,0,-,-,-,-,3933.2000,3933.0000,3932.6000,3932.4000,3932.2000,3934.2000,3934.4000,3935.4000,3936.0000,3937.0000,1,1,1,1,3,8,6,4,3,2
SF,IF2007,2020-06-11 09:32:26.700,3933.8000,20863,0,545423460.000,0,-,-,-,-,3933.2000,3933.0000,3932.6000,3932.4000,3932.2000,3934.2000,3934.4000,3935.4000,3936.0000,3937.0000,1,1,1,1,3,8,6,4,3,2
SF,IF2007,2020-06-11 09:32:27.200,3933.8000,20863,0,545423460.000,0,-,-,-,-,3933.2000,3933.0000,3932.6000,3932.4000,3932.2000,3934.2000,3934.4000,3935.4000,3936.0000,3937.0000,1,1,2,1,3,8,6,4,3,2
SF,IF2007,2020-06-11 09:32:28.700,3933.8000,20863,0,545423460.000,0,-,-,-,-,3933.4000,3933.2000,3933.0000,3932.6000,3932.4000,3934.2000,3934.4000,3935.4000,3936.0000,3937.0000,1,1,1,2,1,8,6,4,3,2
SF,IF2007,2020-06-11 09:32:29.200,3934.2000,20864,1,546603720.000,1,1,0,双开,S,3933.6000,3933.4000,3933.0000,3932.6000,3932.4000,3934.2000,3934.4000,3935.4000,3936.0000,3937.0000,1,1,1,2,1,7,6,4,3,2
SF,IF2007,2020-06-11 09:32:30.200,3934.2000,20864,0,546603720.000,0,-,-,-,-,3933.6000,3933.4000,3933.0000,3932.6000,3932.4000,3934.2000,3934.4000,3935.4000,3936.0000,3937.0000,2,1,1,2,1,7,6,4,3,2
SF,IF2007,2020-06-11 09:32:30.700,3933.6000,20865,1,548964060.000,2,1,1,空开,S,3933.4000,3933.0000,3932.6000,3932.4000,3932.2000,3934.2000,3934.4000,3935.4000,3936.0000,3937.0000,1,1,2,1,3,6,6,4,3,2
SF,IF2007,2020-06-11 09:32:31.700,3933.6000,20865,0,548964060.000,0,-,-,-,-,3933.4000,3933.0000,3932.6000,3932.4000,3932.2000,3934.2000,3934.4000,3935.4000,3936.0000,3937.6000,1,1,2,1,3,6,6,4,3,1
SF,IF2007,2020-06-11 09:32:32.200,3933.4000,20865,0,550144080.000,1,0,1,多换,S,3932.6000,3932.4000,3932.2000,3932.0000,3931.8000,3933.2000,3934.0000,3934.2000,3934.4000,3935.4000,2,1,3,10,1,1,1,6,6,4
SF,IF2007,2020-06-11 09:32:32.700,3933.2000,20866,1,551324040.000,1,1,0,双开,S,3933.4000,3933.2000,3932.8000,3932.6000,3932.4000,3934.0000,3934.2000,3934.4000,3935.4000,3936.0000,2,2,3,2,1,1,6,6,4,3
SF,IF2007,2020-06-11 09:32:33.200,3933.4000,20867,1,553684080.000,2,1,1,空开,S,3933.2000,3932.8000,3932.6000,3932.4000,3932.2000,3934.0000,3934.2000,3934.4000,3935.4000,3936.0000,1,3,3,1,3,1,6,6,4,3
SF,IF2007,2020-06-11 09:32:34.200,3933.4000,20867,0,553684080.000,0,-,-,-,-,3932.8000,3932.6000,3932.4000,3932.2000,3932.0000,3934.0000,3934.2000,3934.4000,3935.4000,3936.0000,3,3,1,3,2,1,6,6,4,3
SF,IF2007,2020-06-11 09:32:34.700,3933.4000,20867,0,553684080.000,0,-,-,-,-,3933.4000,3932.8000,3932.6000,3932.4000,3932.2000,3934.0000,3934.2000,3934.4000,3935.4000,3936.0000,1,3,3,1,3,1,6,6,4,1
SF,IF2007,2020-06-11 09:32:35.700,3933.4000,20867,0,553684080.000,0,-,-,-,-,3933.4000,3932.8000,3932.6000,3932.4000,3932.2000,3934.0000,3934.2000,3934.4000,3935.4000,3936.0000,1,1,3,1,3,1,6,6,4,1
SF,IF2007,2020-06-11 09:32:36.200,3933.4000,20867,0,553684080.000,0,-,-,-,-,3932.8000,3932.6000,3932.4000,3932.2000,3932.0000,3934.0000,3934.2000,3934.4000,3935.4000,3936.0000,1,3,1,3,2,1,6,6,4,1
SF,IF2007,2020-06-11 09:32:36.700,3933.4000,20867,0,553684080.000,0,-,-,-,-,3932.8000,3932.6000,3932.4000,3932.2000,3932.0000,3934.0000,3934.2000,3934.4000,3935.4000,3936.0000,3,3,1,3,2,1,6,6,4,1
SF,IF2007,2020-06-11 09:32:37.200,3933.4000,20867,0,553684080.000,0,-,-,-,-,3933.2000,3933.0000,3932.8000,3932.6000,3932.4000,3934.0000,3934.2000,3934.4000,3935.4000,3936.0000,1,1,3,3,1,1,6,6,4,1
SF,IF2007,2020-06-11 09:32:37.700,3933.4000,20867,0,553684080.000,0,-,-,-,-,3933.2000,3933.0000,3932.8000,3932.6000,3932.4000,3934.0000,3934.2000,3934.4000,3935.4000,3936.0000,1,2,3,3,1,1,6,6,4,1
SF,IF2007,2020-06-11 09:32:38.200,3933.8000,20866,-1,554864220.000,1,0,1,双平,S,3933.2000,3933.0000,3932.8000,3932.6000,3932.4000,3934.0000,3934.2000,3934.4000,3935.4000,3936.0000,1,2,3,3,1,1,6,6,4,1
SF,IF2007,2020-06-11 09:32:38.700,3933.8000,20866,0,554864220.000,0,-,-,-,-,3933.0000,3932.6000,3932.4000,3932.2000,3932.0000,3933.8000,3934.0000,3934.2000,3934.4000,3935.4000,10,3,1,3,2,1,1,6,6,4
SF,IF2007,2020-06-11 09:32:39.200,3933.8000,20866,0,554864220.000,0,-,-,-,-,3933.0000,3932.6000,3932.4000,3932.2000,3932.0000,3933.6000,3933.8000,3934.2000,3934.4000,3935.4000,10,3,1,3,3,1,1,6,6,5
SF,IF2007,2020-06-11 09:32:39.700,3933.8000,20866,0,554864220.000,0,-,-,-,-,3933.2000,3933.0000,3932.6000,3932.4000,3932.2000,3933.8000,3934.2000,3934.4000,3935.4000,3936.0000,1,10,3,1,3,1,6,6,5,1
SF,IF2007,2020-06-11 09:32:40.200,3933.8000,20866,0,554864220.000,0,-,-,-,-,3933.2000,3933.0000,3932.8000,3932.6000,3932.4000,3934.2000,3934.4000,3935.4000,3936.0000,3937.6000,1,9,1,3,1,6,6,5,1,1
SF,IF2007,2020-06-11 09:32:40.700,3933.2000,20866,0,556044180.000,1,0,1,多换,S,3933.0000,3932.8000,3932.6000,3932.4000,3932.2000,3934.0000,3934.2000,3934.4000,3935.4000,3936.0000,9,1,3,1,3,3,6,6,5,1
SF,IF2007,2020-06-11 09:32:41.200,3933.0000,20866,0,557224080.000,1,0,1,多换,S,3933.0000,3932.6000,3932.4000,3932.2000,3932.0000,3933.6000,3934.0000,3934.2000,3934.4000,3935.4000,8,3,1,3,3,1,2,6,6,5
SF,IF2007,2020-06-11 09:32:41.700,3933.6000,20865,-1,558404160.000,1,0,1,双平,S,3933.0000,3932.6000,3932.4000,3932.2000,3932.0000,3934.0000,3934.2000,3934.4000,3935.4000,3936.0000,8,3,1,3,3,2,6,6,5,1
SF,IF2007,2020-06-11 09:32:42.200,3933.6000,20865,0,558404160.000,0,-,-,-,-,3933.0000,3932.6000,3932.4000,3932.2000,3932.0000,3934.0000,3934.2000,3934.4000,3935.4000,3936.0000,8,3,1,3,3,2,6,6,4,1
SF,IF2007,2020-06-11 09:32:42.700,3933.6000,20865,0,558404160.000,0,-,-,-,-,3933.0000,3932.6000,3932.4000,3932.2000,3932.0000,3933.6000,3934.0000,3934.2000,3934.4000,3935.4000,8,3,1,3,3,1,1,6,6,4
SF,IF2007,2020-06-11 09:32:43.200,3933.0000,20865,0,559584060.000,1,0,1,多换,S,3933.0000,3932.6000,3932.4000,3932.2000,3932.0000,3933.4000,3933.6000,3934.2000,3934.4000,3935.4000,7,3,1,3,3,1,1,6,6,4
SF,IF2007,2020-06-11 09:32:43.700,3933.0000,20865,0,560763960.000,1,0,1,多换,S,3933.0000,3932.6000,3932.4000,3932.2000,3932.0000,3933.4000,3933.6000,3934.2000,3934.4000,3935.4000,6,3,1,3,3,1,1,6,6,4
SF,IF2007,2020-06-11 09:32:44.200,3934.4000,20873,8,573746580.000,11,9,2,空开,S,3933.4000,3933.0000,3932.6000,3932.4000,3932.2000,3934.4000,3935.4000,3936.0000,3937.6000,3938.0000,3,6,3,1,3,3,4,1,1,3
SF,IF2007,2020-06-11 09:32:44.700,3934.4000,20874,1,574926900.000,1,1,0,双开,S,3933.4000,3933.0000,3932.6000,3932.4000,3932.2000,3934.4000,3935.4000,3936.0000,3937.6000,3938.0000,1,6,3,1,3,2,4,1,1,3
SF,IF2007,2020-06-11 09:32:45.200,3934.4000,20874,0,574926900.000,0,-,-,-,-,3933.8000,3933.4000,3933.0000,3932.6000,3932.4000,3934.2000,3934.4000,3935.4000,3936.0000,3937.6000,2,1,6,3,1,1,2,4,1,1
SF,IF2007,2020-06-11 09:32:45.700,3933.8000,20875,1,577287180.000,2,1,1,空开,S,3933.0000,3932.6000,3932.4000,3932.2000,3932.0000,3934.2000,3934.4000,3935.4000,3936.0000,3937.6000,6,3,1,3,3,1,2,4,1,1
SF,IF2007,2020-06-11 09:32:46.200,3933.8000,20875,0,577287180.000,0,-,-,-,-,3933.2000,3933.0000,3932.6000,3932.4000,3932.2000,3934.2000,3934.4000,3935.4000,3936.0000,3937.6000,2,6,3,1,3,1,2,4,1,1
SF,IF2007,2020-06-11 09:32:47.200,3933.8000,20875,0,577287180.000,0,-,-,-,-,3933.2000,3933.0000,3932.6000,3932.4000,3932.2000,3934.2000,3934.4000,3935.4000,3936.0000,3937.6000,2,6,3,1,3,1,2,4,1,1
SF,IF2007,2020-06-11 09:32:48.200,3933.8000,20875,0,577287180.000,0,-,-,-,-,3933.2000,3933.0000,3932.6000,3932.2000,3932.0000,3934.2000,3934.4000,3935.4000,3936.0000,3937.6000,2,6,3,3,3,1,2,4,1,1
SF,IF2007,2020-06-11 09:32:48.700,3933.2000,20875,0,579647100.000,2,1,1,多换,S,3933.0000,3932.6000,3932.2000,3932.0000,3931.8000,3934.2000,3934.4000,3935.4000,3936.0000,3937.6000,6,3,3,3,1,1,2,4,1,1
SF,IF2007,2020-06-11 09:32:49.200,3933.2000,20875,0,579647100.000,0,-,-,-,-,3933.2000,3933.0000,3932.6000,3932.2000,3932.0000,3934.2000,3934.4000,3935.4000,3936.0000,3937.6000,1,6,3,3,3,1,2,4,1,1
SF,IF2007,2020-06-11 09:32:50.200,3933.2000,20875,0,579647100.000,0,-,-,-,-,3933.2000,3933.0000,3932.6000,3932.2000,3932.0000,3934.2000,3934.4000,3935.4000,3936.0000,3937.6000,2,6,3,3,3,1,2,4,1,1
SF,IF2007,2020-06-11 09:32:51.700,3934.2000,20875,0,580827360.000,1,0,1,多换,S,3933.4000,3933.2000,3933.0000,3932.6000,3932.2000,3934.4000,3935.4000,3936.0000,3937.6000,3938.0000,1,2,6,3,4,2,4,1,1,3
SF,IF2007,2020-06-11 09:32:52.200,3934.4000,20876,1,583188000.000,2,1,1,空开,S,3934.2000,3933.6000,3933.4000,3933.2000,3933.0000,3935.4000,3936.0000,3937.6000,3938.0000,3938.2000,2,1,1,1,6,4,1,1,3,1
SF,IF2007,2020-06-11 09:32:52.700,3934.4000,20876,0,583188000.000,0,-,-,-,-,3933.6000,3933.4000,3933.2000,3933.0000,3932.6000,3935.0000,3935.2000,3935.4000,3936.0000,3937.6000,1,1,1,6,3,1,2,4,1,1
SF,IF2007,2020-06-11 09:32:53.200,3934.4000,20876,0,583188000.000,0,-,-,-,-,3934.4000,3933.6000,3933.4000,3933.2000,3933.0000,3934.8000,3935.0000,3935.2000,3935.4000,3936.0000,1,1,1,1,6,1,1,1,4,1
SF,IF2007,2020-06-11 09:32:53.700,3934.4000,20876,0,583188000.000,0,-,-,-,-,3934.4000,3933.6000,3933.4000,3933.2000,3933.0000,3934.8000,3935.0000,3935.2000,3935.4000,3936.0000,1,2,1,1,7,1,1,1,4,1
SF,IF2007,2020-06-11 09:32:54.200,3934.4000,20876,0,583188000.000,0,-,-,-,-,3934.4000,3933.6000,3933.4000,3933.2000,3933.0000,3934.8000,3935.0000,3935.2000,3935.4000,3936.0000,1,2,1,1,7,1,1,1,4,1
SF,IF2007,2020-06-11 09:32:54.700,3934.4000,20876,0,584368320.000,1,0,1,多换,S,3933.6000,3933.4000,3933.2000,3933.0000,3932.6000,3934.8000,3935.0000,3935.2000,3935.4000,3936.0000,2,1,1,7,3,1,1,1,4,1
SF,IF2007,2020-06-11 09:32:56.700,3934.4000,20876,0,584368320.000,0,-,-,-,-,3933.6000,3933.4000,3933.2000,3933.0000,3932.6000,3934.8000,3935.0000,3935.2000,3935.4000,3936.0000,3,1,1,8,2,1,1,1,4,1
SF,IF2007,2020-06-11 09:32:57.200,3934.4000,20876,0,584368320.000,0,-,-,-,-,3933.6000,3933.4000,3933.2000,3933.0000,3932.6000,3935.0000,3935.2000,3935.4000,3936.0000,3937.6000,3,1,1,8,2,1,1,4,1,1
SF,IF2007,2020-06-11 09:32:57.700,3934.4000,20876,0,584368320.000,0,-,-,-,-,3933.6000,3933.4000,3933.2000,3933.0000,3932.6000,3935.0000,3935.2000,3935.4000,3936.0000,3937.6000,3,1,1,8,2,1,1,4,1,1
SF,IF2007,2020-06-11 09:32:58.200,3934.4000,20876,0,584368320.000,0,-,-,-,-,3934.8000,3933.6000,3933.4000,3933.2000,3933.0000,3935.0000,3935.2000,3935.4000,3936.0000,3937.6000,2,3,1,1,8,1,1,4,1,1
SF,IF2007,2020-06-11 09:32:58.700,3934.4000,20876,0,584368320.000,0,-,-,-,-,3935.0000,3934.8000,3934.0000,3933.6000,3933.4000,3935.2000,3935.4000,3937.6000,3938.0000,3938.2000,2,2,1,3,1,1,4,1,3,1
SF,IF2007,2020-06-11 09:32:59.200,3935.2000,20876,0,586729440.000,2,1,1,多换,S,3935.2000,3935.0000,3934.8000,3933.6000,3933.4000,3935.4000,3937.6000,3938.0000,3938.2000,3939.0000,1,1,2,3,1,4,1,3,1,2
SF,IF2007,2020-06-11 09:32:59.700,3935.2000,20876,0,587910000.000,1,0,1,多换,S,3934.8000,3933.6000,3933.4000,3933.2000,3933.0000,3935.4000,3937.6000,3938.0000,3938.2000,3939.0000,2,3,1,1,8,4,1,3,1,2
SF,IF2007,2020-06-11 09:33:00.200,3935.2000,20876,0,587910000.000,0,-,-,-,-,3934.8000,3933.6000,3933.4000,3933.2000,3933.0000,3935.2000,3935.4000,3937.6000,3938.0000,3938.2000,2,3,1,1,8,2,4,1,4,1
SF,IF2007,2020-06-11 09:33:00.700,3934.8000,20873,-3,591451320.000,3,0,3,双平,S,3933.6000,3933.4000,3933.2000,3933.0000,3932.6000,3935.4000,3937.6000,3938.0000,3938.2000,3939.0000,3,1,1,2,2,4,1,4,1,2
SF,IF2007,2020-06-11 09:33:01.200,3934.8000,20873,0,591451320.000,0,-,-,-,-,3933.6000,3933.4000,3933.2000,3933.0000,3932.6000,3934.6000,3935.2000,3935.4000,3937.6000,3938.0000,3,1,2,2,2,2,2,4,1,4
SF,IF2007,2020-06-11 09:33:01.700,3934.6000,20871,-2,593812080.000,2,0,2,双平,S,3933.6000,3933.4000,3933.2000,3933.0000,3932.6000,3935.2000,3935.4000,3937.6000,3938.0000,3938.2000,3,1,2,2,2,2,4,1,4,1
SF,IF2007,2020-06-11 09:33:02.200,3935.2000,20871,0,596173200.000,2,1,1,多换,S,3935.2000,3933.6000,3933.4000,3933.2000,3933.0000,3935.4000,3936.2000,3937.6000,3938.0000,3938.2000,6,3,1,2,2,4,1,1,4,1
SF,IF2007,2020-06-11 09:33:02.700,3935.2000,20870,-1,605617800.000,8,3,5,多平,S,3933.8000,3933.6000,3933.4000,3933.2000,3933.0000,3935.4000,3936.2000,3937.6000,3938.0000,3938.2000,1,3,1,2,2,2,1,1,4,1
SF,IF2007,2020-06-11 09:33:03.200,3935.4000,20868,-2,607979040.000,2,0,2,双平,S,3934.6000,3934.0000,3933.6000,3933.4000,3933.2000,3937.6000,3938.0000,3938.2000,3939.0000,3939.6000,1,2,2,1,2,1,4,1,2,1
SF,IF2007,2020-06-11 09:33:03.700,3935.4000,20868,0,607979040.000,0,-,-,-,-,3935.0000,3934.8000,3933.6000,3933.4000,3933.2000,3936.8000,3937.0000,3937.2000,3937.4000,3937.6000,1,2,2,1,2,1,1,1,3,1
SF,IF2007,2020-06-11 09:33:04.200,3935.4000,20868,0,607979040.000,0,-,-,-,-,3935.2000,3935.0000,3934.8000,3933.6000,3933.4000,3936.4000,3936.6000,3936.8000,3937.0000,3937.4000,1,1,1,2,1,1,2,1,1,3
SF,IF2007,2020-06-11 09:33:04.700,3934.8000,20865,-3,611520540.000,3,0,3,双平,S,3933.6000,3933.4000,3933.2000,3933.0000,3932.6000,3935.0000,3935.2000,3935.4000,3936.2000,3936.6000,2,1,2,2,3,2,1,1,3,2
SF,IF2007,2020-06-11 09:33:05.200,3934.8000,20865,0,611520540.000,0,-,-,-,-,3933.8000,3933.6000,3933.4000,3933.2000,3933.0000,3934.8000,3936.2000,3936.6000,3937.0000,3937.4000,1,2,1,2,2,1,2,1,1,1
SF,IF2007,2020-06-11 09:33:05.700,3934.8000,20865,0,612700980.000,1,0,1,多换,S,3933.8000,3933.6000,3933.4000,3933.2000,3933.0000,3936.2000,3937.0000,3937.4000,3937.6000,3938.0000,1,2,1,2,2,2,1,1,1,4
SF,IF2007,2020-06-11 09:33:06.200,3934.8000,20865,0,612700980.000,0,-,-,-,-,3933.8000,3933.6000,3933.4000,3933.2000,3933.0000,3935.2000,3935.8000,3936.0000,3936.2000,3936.8000,1,1,1,2,2,2,2,3,2,1
SF,IF2007,2020-06-11 09:33:06.700,3934.8000,20865,0,612700980.000,0,-,-,-,-,3933.8000,3933.6000,3933.4000,3933.2000,3933.0000,3934.8000,3935.2000,3935.8000,3936.0000,3936.2000,1,1,1,2,2,1,1,1,4,1
SF,IF2007,2020-06-11 09:33:07.200,3936.0000,20862,-3,619785120.000,6,1,5,多平,S,3934.0000,3933.8000,3933.6000,3933.4000,3933.2000,3936.0000,3936.2000,3936.4000,3936.8000,3937.0000,1,1,1,1,2,1,1,1,1,2
SF,IF2007,2020-06-11 09:33:07.700,3936.0000,20862,0,619785120.000,0,-,-,-,-,3934.2000,3934.0000,3933.6000,3933.4000,3933.2000,3935.8000,3936.0000,3936.2000,3936.4000,3936.8000,1,1,1,1,2,5,1,1,1,1
SF,IF2007,2020-06-11 09:33:08.200,3936.0000,20862,0,619785120.000,0,-,-,-,-,3934.4000,3934.2000,3933.6000,3933.4000,3933.2000,3935.8000,3936.0000,3936.2000,3936.4000,3936.8000,1,1,1,1,2,4,1,1,1,1
SF,IF2007,2020-06-11 09:33:08.700,3936.0000,20862,0,619785120.000,0,-,-,-,-,3934.6000,3934.4000,3933.6000,3933.4000,3933.2000,3935.6000,3935.8000,3936.0000,3936.2000,3936.4000,1,1,1,1,2,1,3,1,1,1
SF,IF2007,2020-06-11 09:33:09.700,3936.0000,20862,0,619785120.000,0,-,-,-,-,3934.6000,3934.4000,3933.6000,3933.4000,3933.2000,3935.8000,3936.0000,3936.2000,3936.4000,3936.8000,1,1,1,1,2,3,1,1,1,1
SF,IF2007,2020-06-11 09:33:10.200,3936.0000,20862,0,619785120.000,0,-,-,-,-,3934.6000,3934.4000,3933.6000,3933.4000,3933.2000,3935.8000,3936.0000,3936.2000,3936.8000,3937.0000,1,1,1,1,2,3,1,1,1,2
SF,IF2007,2020-06-11 09:33:11.700,3934.6000,20861,-1,620965500.000,1,0,1,双平,S,3934.4000,3933.6000,3933.4000,3933.2000,3933.0000,3935.8000,3936.0000,3936.2000,3937.0000,3937.4000,1,1,1,2,2,3,1,1,2,1
SF,IF2007,2020-06-11 09:33:12.200,3934.6000,20860,-1,622145880.000,1,0,1,双平,S,3934.4000,3933.6000,3933.4000,3933.2000,3933.0000,3935.6000,3935.8000,3936.0000,3936.2000,3937.0000,1,1,1,2,3,4,2,1,1,2
SF,IF2007,2020-06-11 09:33:12.700,3934.6000,20860,0,622145880.000,0,-,-,-,-,3933.6000,3933.4000,3933.2000,3933.0000,3932.6000,3935.4000,3935.6000,3935.8000,3936.2000,3937.0000,1,1,2,3,3,2,4,1,1,2
SF,IF2007,2020-06-11 09:33:13.200,3934.6000,20860,0,622145880.000,0,-,-,-,-,3933.8000,3933.6000,3933.4000,3933.2000,3933.0000,3935.2000,3935.4000,3935.6000,3935.8000,3936.2000,2,2,1,2,3,1,2,1,1,1
SF,IF2007,2020-06-11 09:33:13.700,3935.2000,20860,0,623326440.000,1,0,1,多换,S,3935.2000,3933.8000,3933.6000,3933.4000,3933.2000,3935.4000,3935.6000,3935.8000,3936.2000,3937.0000,1,2,2,1,3,2,1,1,1,2
SF,IF2007,2020-06-11 09:33:14.200,3935.2000,20860,0,625687560.000,2,1,1,多换,S,3933.8000,3933.6000,3933.4000,3933.2000,3933.0000,3935.2000,3935.4000,3935.6000,3935.8000,3936.2000,1,2,1,3,3,2,1,1,1,1
SF,IF2007,2020-06-11 09:33:14.700,3933.6000,20859,-1,633949740.000,7,3,4,多平,S,3933.4000,3933.2000,3933.0000,3932.6000,3932.4000,3933.6000,3935.4000,3935.6000,3935.8000,3936.2000,1,3,3,3,1,5,1,1,1,1
SF,IF2007,2020-06-11 09:33:15.200,3934.8000,20854,-5,641030580.000,6,0,6,多平,S,3935.2000,3933.8000,3933.6000,3933.4000,3933.2000,3935.6000,3935.8000,3936.2000,3937.0000,3937.2000,2,1,5,1,3,1,1,1,2,1
SF,IF2007,2020-06-11 09:33:15.700,3935.2000,20856,2,645752820.000,4,3,1,空开,S,3933.4000,3933.2000,3933.0000,3932.8000,3932.6000,3935.2000,3935.4000,3935.6000,3935.8000,3936.2000,1,3,3,1,3,7,1,1,1,1
SF,IF2007,2020-06-11 09:33:16.200,3935.2000,20856,0,645752820.000,0,-,-,-,-,3933.6000,3933.4000,3933.2000,3933.0000,3932.8000,3935.0000,3935.2000,3935.6000,3935.8000,3936.2000,2,1,3,4,1,1,4,1,1,1
SF,IF2007,2020-06-11 09:33:16.700,3935.2000,20856,0,645752820.000,0,-,-,-,-,3933.6000,3933.4000,3933.2000,3933.0000,3932.8000,3935.0000,3935.2000,3935.4000,3935.6000,3935.8000,2,1,3,4,1,1,3,1,1,2
SF,IF2007,2020-06-11 09:33:17.200,3935.2000,20856,0,645752820.000,0,-,-,-,-,3933.6000,3933.4000,3933.2000,3933.0000,3932.8000,3935.0000,3935.2000,3935.4000,3935.6000,3935.8000,3,1,3,3,1,2,3,1,1,2
SF,IF2007,2020-06-11 09:33:17.700,3935.0000,20856,0,646933320.000,1,0,1,多换,S,3935.0000,3934.0000,3933.6000,3933.4000,3933.2000,3935.2000,3935.6000,3935.8000,3936.2000,3937.0000,1,1,3,1,3,2,1,2,1,2
SF,IF2007,2020-06-11 09:33:18.200,3935.0000,20856,0,650474820.000,3,1,2,多换,S,3933.6000,3933.4000,3933.2000,3933.0000,3932.8000,3935.0000,3935.6000,3935.8000,3936.2000,3937.0000,1,1,3,3,1,5,1,2,1,2
SF,IF2007,2020-06-11 09:33:18.700,3935.0000,20857,1,651655320.000,1,1,0,双开,S,3933.8000,3933.6000,3933.4000,3933.2000,3933.0000,3935.0000,3935.6000,3935.8000,3936.2000,3937.0000,2,1,1,3,3,3,1,2,1,2
SF,IF2007,2020-06-11 09:33:19.200,3935.0000,20857,0,651655320.000,0,-,-,-,-,3934.0000,3933.8000,3933.4000,3933.2000,3933.0000,3935.0000,3935.2000,3935.6000,3935.8000,3936.2000,1,2,2,3,3,3,1,1,2,1
SF,IF2007,2020-06-11 09:33:19.700,3935.0000,20857,0,651655320.000,0,-,-,-,-,3934.0000,3933.8000,3933.4000,3933.2000,3933.0000,3935.0000,3935.2000,3935.6000,3935.8000,3936.2000,1,1,2,3,3,3,1,1,2,1
SF,IF2007,2020-06-11 09:33:20.700,3935.0000,20857,0,651655320.000,0,-,-,-,-,3934.0000,3933.8000,3933.4000,3933.2000,3933.0000,3934.8000,3935.0000,3935.2000,3935.6000,3935.8000,1,1,2,3,3,1,3,1,1,2
SF,IF2007,2020-06-11 09:33:21.200,3934.8000,20856,-1,652835760.000,1,0,1,双平,S,3934.0000,3933.8000,3933.4000,3933.2000,3933.0000,3935.0000,3935.2000,3935.6000,3935.8000,3936.2000,1,1,2,3,3,3,1,1,2,1
SF,IF2007,2020-06-11 09:33:22.200,3934.8000,20856,0,652835760.000,0,-,-,-,-,3934.0000,3933.8000,3933.4000,3933.2000,3933.0000,3934.8000,3935.0000,3935.2000,3935.6000,3935.8000,1,2,2,3,3,2,3,1,1,2
SF,IF2007,2020-06-11 09:33:23.200,3934.0000,20855,-1,654015960.000,1,0,1,双平,S,3934.6000,3933.8000,3933.4000,3933.2000,3933.0000,3934.8000,3935.0000,3935.2000,3935.6000,3935.8000,1,2,1,3,3,2,3,1,1,2
SF,IF2007,2020-06-11 09:33:23.700,3934.0000,20854,-1,655196160.000,1,0,1,双平,S,3933.8000,3933.4000,3933.2000,3933.0000,3932.8000,3934.4000,3934.6000,3934.8000,3935.0000,3935.2000,2,1,3,3,1,1,5,2,1,1
SF,IF2007,2020-06-11 09:33:24.200,3934.0000,20854,0,655196160.000,0,-,-,-,-,3933.8000,3933.2000,3933.0000,3932.8000,3932.6000,3934.4000,3934.6000,3935.0000,3935.2000,3935.8000,1,3,3,1,2,1,4,1,1,2
SF,IF2007,2020-06-11 09:33:25.200,3934.4000,20853,-1,656376480.000,1,0,1,双平,S,3933.8000,3933.2000,3933.0000,3932.8000,3932.6000,3934.6000,3935.0000,3935.2000,3935.8000,3936.0000,1,3,3,1,2,3,1,1,2,1
SF,IF2007,2020-06-11 09:33:25.700,3934.4000,20853,0,656376480.000,0,-,-,-,-,3933.8000,3933.2000,3933.0000,3932.8000,3932.6000,3934.6000,3935.0000,3935.2000,3935.8000,3936.0000,1,3,3,1,2,2,1,1,2,1
SF,IF2007,2020-06-11 09:33:26.200,3934.4000,20853,0,656376480.000,0,-,-,-,-,3933.8000,3933.2000,3933.0000,3932.8000,3932.6000,3934.6000,3935.0000,3935.2000,3935.8000,3936.0000,1,3,3,1,2,1,1,1,2,1
SF,IF2007,2020-06-11 09:33:26.700,3934.6000,20853,0,657556860.000,1,0,1,多换,S,3934.6000,3934.0000,3933.8000,3933.2000,3933.0000,3935.0000,3935.2000,3935.8000,3936.0000,3936.2000,1,2,1,3,3,1,1,1,1,1
SF,IF2007,2020-06-11 09:33:27.200,3934.6000,20853,0,657556860.000,0,-,-,-,-,3934.0000,3933.8000,3933.2000,3933.0000,3932.8000,3935.8000,3936.0000,3936.2000,3937.0000,3937.2000,2,1,3,3,1,1,1,1,2,1
SF,IF2007,2020-06-11 09:33:27.700,3934.6000,20853,0,657556860.000,0,-,-,-,-,3934.0000,3933.8000,3933.2000,3933.0000,3932.8000,3935.2000,3935.4000,3935.6000,3935.8000,3936.0000,4,1,3,3,1,1,1,3,2,1
SF,IF2007,2020-06-11 09:33:28.200,3934.6000,20853,0,657556860.000,0,-,-,-,-,3934.0000,3933.8000,3933.2000,3933.0000,3932.8000,3935.0000,3935.2000,3935.4000,3935.6000,3935.8000,4,1,3,3,1,1,1,1,2,2
SF,IF2007,2020-06-11 09:33:28.700,3934.6000,20853,0,657556860.000,0,-,-,-,-,3934.0000,3933.8000,3933.2000,3933.0000,3932.8000,3935.0000,3935.2000,3935.4000,3935.6000,3935.8000,4,1,3,3,1,2,1,1,2,2
SF,IF2007,2020-06-11 09:33:29.200,3934.6000,20853,0,657556860.000,0,-,-,-,-,3934.0000,3933.8000,3933.2000,3933.0000,3932.8000,3935.0000,3935.2000,3935.4000,3935.6000,3935.8000,4,1,3,3,1,2,1,1,2,2
SF,IF2007,2020-06-11 09:33:29.700,3935.0000,20852,-1,658737360.000,1,0,1,双平,S,3934.0000,3933.8000,3933.2000,3933.0000,3932.8000,3935.0000,3935.2000,3935.4000,3935.6000,3935.8000,4,1,3,3,1,1,1,1,2,2
SF,IF2007,2020-06-11 09:33:30.200,3935.0000,20852,0,658737360.000,0,-,-,-,-,3934.0000,3933.8000,3933.2000,3933.0000,3932.6000,3934.8000,3935.0000,3935.4000,3935.6000,3935.8000,2,1,3,3,2,1,1,1,2,2
SF,IF2007,2020-06-11 09:33:30.700,3935.0000,20852,0,658737360.000,0,-,-,-,-,3934.0000,3933.8000,3933.2000,3933.0000,3932.8000,3934.8000,3935.0000,3935.4000,3935.6000,3935.8000,3,1,3,3,1,1,1,1,2,2
SF,IF2007,2020-06-11 09:33:32.200,3935.0000,20852,0,658737360.000,0,-,-,-,-,3934.0000,3933.8000,3933.2000,3933.0000,3932.8000,3934.8000,3935.0000,3935.4000,3935.6000,3935.8000,2,1,3,3,1,1,1,1,2,2
SF,IF2007,2020-06-11 09:33:33.200,3935.0000,20852,0,658737360.000,0,-,-,-,-,3934.0000,3933.8000,3933.2000,3933.0000,3932.8000,3934.8000,3935.0000,3935.4000,3935.6000,3935.8000,1,1,3,3,1,1,1,1,2,2
SF,IF2007,2020-06-11 09:33:33.700,3935.0000,20852,0,658737360.000,0,-,-,-,-,3934.0000,3933.8000,3933.2000,3933.0000,3932.8000,3934.8000,3935.0000,3935.4000,3935.6000,3935.8000,1,1,3,4,1,1,1,1,2,2
SF,IF2007,2020-06-11 09:33:34.200,3935.0000,20852,0,658737360.000,0,-,-,-,-,3934.0000,3933.8000,3933.2000,3933.0000,3932.8000,3934.8000,3935.0000,3935.4000,3935.6000,3935.8000,2,1,3,4,1,1,1,1,2,2
SF,IF2007,2020-06-11 09:33:34.700,3935.0000,20852,0,658737360.000,0,-,-,-,-,3934.0000,3933.8000,3933.2000,3933.0000,3932.8000,3934.8000,3935.0000,3935.4000,3935.6000,3935.8000,2,1,3,4,1,1,1,1,2,2
SF,IF2007,2020-06-11 09:33:35.700,3935.0000,20852,0,658737360.000,0,-,-,-,-,3934.0000,3933.8000,3933.2000,3933.0000,3932.8000,3934.6000,3934.8000,3935.0000,3935.4000,3935.6000,2,1,3,4,1,1,1,1,1,1
SF,IF2007,2020-06-11 09:33:36.200,3934.0000,20851,-1,661097760.000,2,0,2,多平,S,3933.8000,3933.2000,3933.0000,3932.8000,3932.6000,3934.6000,3934.8000,3935.0000,3935.4000,3935.6000,1,3,4,1,2,1,1,1,1,1
SF,IF2007,2020-06-11 09:33:36.700,3933.8000,20851,0,662277900.000,1,0,1,多换,S,3933.2000,3933.0000,3932.8000,3932.6000,3932.2000,3933.8000,3934.4000,3934.6000,3934.8000,3935.0000,3,4,1,2,4,1,1,1,1,1
SF,IF2007,2020-06-11 09:33:37.200,3933.8000,20851,0,663458040.000,1,0,1,多换,S,3933.6000,3933.4000,3933.2000,3933.0000,3932.8000,3934.4000,3934.6000,3934.8000,3935.0000,3935.4000,1,1,3,4,1,1,1,1,1,1
SF,IF2007,2020-06-11 09:33:38.700,3933.8000,20851,0,663458040.000,0,-,-,-,-,3933.6000,3933.4000,3933.2000,3933.0000,3932.8000,3934.2000,3934.4000,3934.8000,3935.0000,3935.4000,1,1,3,4,1,1,1,1,1,1
SF,IF2007,2020-06-11 09:33:39.200,3933.8000,20851,0,663458040.000,0,-,-,-,-,3933.2000,3933.0000,3932.8000,3932.6000,3932.2000,3934.2000,3934.4000,3934.8000,3935.0000,3935.4000,3,4,1,2,4,2,1,1,1,1
SF,IF2007,2020-06-11 09:33:39.700,3933.2000,20851,0,664638000.000,1,0,1,多换,S,3933.2000,3933.0000,3932.6000,3932.2000,3932.0000,3933.8000,3934.0000,3934.2000,3935.0000,3935.6000,2,4,2,4,2,1,4,1,1,1
SF,IF2007,2020-06-11 09:33:40.200,3933.0000,20851,0,668177820.000,3,1,2,多换,S,3933.0000,3932.6000,3932.2000,3932.0000,3931.8000,3933.2000,3933.6000,3933.8000,3934.0000,3935.0000,3,2,4,3,1,1,1,1,2,1
SF,IF2007,2020-06-11 09:33:40.700,3933.2000,20851,0,669357780.000,1,0,1,多换,S,3933.0000,3932.6000,3932.2000,3932.0000,3931.8000,3933.6000,3933.8000,3934.0000,3935.0000,3935.6000,3,2,4,3,1,2,1,1,1,1
SF,IF2007,2020-06-11 09:33:41.200,3933.2000,20851,0,669357780.000,0,-,-,-,-,3933.2000,3933.0000,3932.6000,3932.2000,3932.0000,3933.6000,3933.8000,3934.0000,3935.0000,3935.6000,1,3,2,4,3,2,1,1,1,1
SF,IF2007,2020-06-11 09:33:41.700,3933.2000,20851,0,670537740.000,1,0,1,多换,S,3933.0000,3932.6000,3932.2000,3932.0000,3931.8000,3935.0000,3935.6000,3935.8000,3936.0000,3936.2000,3,2,4,3,1,1,1,1,1,1
SF,IF2007,2020-06-11 09:33:42.200,3933.2000,20851,0,670537740.000,0,-,-,-,-,3933.8000,3933.2000,3933.0000,3932.6000,3932.2000,3934.2000,3934.4000,3934.6000,3934.8000,3935.0000,1,2,3,2,4,1,1,2,4,1
SF,IF2007,2020-06-11 09:33:42.700,3933.2000,20851,0,670537740.000,0,-,-,-,-,3933.8000,3933.2000,3933.0000,3932.6000,3932.2000,3934.6000,3934.8000,3935.0000,3935.6000,3935.8000,1,2,3,2,4,2,2,1,2,1
SF,IF2007,2020-06-11 09:33:43.200,3933.2000,20851,0,672897840.000,2,1,1,多换,S,3933.2000,3933.0000,3932.6000,3932.2000,3932.0000,3934.4000,3934.6000,3934.8000,3935.0000,3935.6000,1,3,2,4,2,2,2,1,1,2
SF,IF2007,2020-06-11 09:33:43.700,3933.2000,20851,0,672897840.000,0,-,-,-,-,3933.2000,3933.0000,3932.6000,3932.2000,3932.0000,3934.4000,3934.6000,3935.0000,3935.6000,3935.8000,1,3,2,4,2,3,2,1,2,1
SF,IF2007,2020-06-11 09:33:44.200,3933.2000,20851,0,672897840.000,0,-,-,-,-,3933.2000,3933.0000,3932.6000,3932.2000,3932.0000,3934.2000,3934.4000,3934.6000,3934.8000,3935.0000,1,3,2,4,2,1,3,2,1,1
SF,IF2007,2020-06-11 09:33:44.700,3933.2000,20851,0,672897840.000,0,-,-,-,-,3933.2000,3933.0000,3932.6000,3932.2000,3932.0000,3934.0000,3934.2000,3934.4000,3934.6000,3934.8000,1,3,2,4,2,1,1,1,2,1
SF,IF2007,2020-06-11 09:33:45.200,3933.2000,20851,0,672897840.000,0,-,-,-,-,3933.2000,3933.0000,3932.6000,3932.2000,3932.0000,3934.0000,3934.2000,3934.6000,3934.8000,3935.0000,1,3,2,4,2,1,1,2,1,1
SF,IF2007,2020-06-11 09:33:45.700,3933.2000,20851,0,672897840.000,0,-,-,-,-,3933.2000,3933.0000,3932.6000,3932.2000,3932.0000,3933.8000,3934.0000,3934.6000,3934.8000,3935.0000,1,3,2,4,2,2,1,1,1,1
SF,IF2007,2020-06-11 09:33:46.200,3933.8000,20851,0,674077980.000,1,0,1,多换,S,3933.2000,3933.0000,3932.6000,3932.2000,3932.0000,3933.8000,3934.0000,3934.6000,3934.8000,3935.0000,1,3,2,4,2,1,1,1,1,1
SF,IF2007,2020-06-11 09:33:46.700,3933.8000,20851,0,674077980.000,0,-,-,-,-,3933.2000,3933.0000,3932.6000,3932.2000,3932.0000,3933.8000,3934.0000,3934.6000,3934.8000,3935.0000,1,3,2,4,2,2,1,1,1,1
SF,IF2007,2020-06-11 09:33:47.200,3933.8000,20851,0,674077980.000,0,-,-,-,-,3933.4000,3933.2000,3933.0000,3932.6000,3932.2000,3933.6000,3933.8000,3934.6000,3934.8000,3935.0000,1,1,3,2,4,1,2,1,1,1
SF,IF2007,2020-06-11 09:33:47.700,3933.4000,20852,1,675258000.000,1,1,0,双开,S,3933.2000,3933.0000,3932.6000,3932.2000,3932.0000,3933.6000,3933.8000,3934.6000,3934.8000,3935.0000,1,3,2,4,2,1,1,1,1,1
SF,IF2007,2020-06-11 09:33:48.200,3933.4000,20852,0,675258000.000,0,-,-,-,-,3933.2000,3933.0000,3932.6000,3932.2000,3932.0000,3933.6000,3933.8000,3934.6000,3934.8000,3935.0000,1,3,2,4,1,1,1,1,1,1
SF,IF2007,2020-06-11 09:33:48.700,3933.4000,20852,0,675258000.000,0,-,-,-,-,3933.2000,3933.0000,3932.6000,3932.2000,3932.0000,3933.6000,3933.8000,3934.0000,3934.6000,3934.8000,1,3,2,4,1,1,1,1,1,1
SF,IF2007,2020-06-11 09:33:49.200,3933.2000,20851,-1,676437960.000,1,0,1,双平,S,3933.0000,3932.6000,3932.2000,3932.0000,3931.8000,3933.6000,3933.8000,3934.0000,3934.6000,3934.8000,3,2,4,1,1,2,1,1,1,1
SF,IF2007,2020-06-11 09:33:49.700,3933.0000,20852,1,677617860.000,1,1,0,双开,S,3933.0000,3932.6000,3932.2000,3932.0000,3931.8000,3933.4000,3933.6000,3934.0000,3934.6000,3934.8000,2,2,4,1,1,1,2,1,1,1
SF,IF2007,2020-06-11 09:33:51.700,3933.4000,20853,1,678797880.000,1,1,0,双开,S,3933.0000,3932.6000,3932.2000,3932.0000,3931.8000,3933.4000,3933.6000,3934.0000,3934.6000,3934.8000,2,2,4,1,1,1,2,1,1,1
SF,IF2007,2020-06-11 09:33:52.200,3933.4000,20854,1,679977900.000,1,1,0,双开,S,3933.0000,3932.6000,3932.2000,3932.0000,3931.8000,3933.6000,3934.0000,3934.6000,3934.8000,3935.0000,2,2,4,1,1,2,1,1,1,1
SF,IF2007,2020-06-11 09:33:52.700,3933.0000,20854,0,681157800.000,1,0,1,多换,S,3933.0000,3932.6000,3932.2000,3932.0000,3931.8000,3933.6000,3934.0000,3934.6000,3934.8000,3935.0000,2,2,4,1,1,1,1,1,1,1
SF,IF2007,2020-06-11 09:33:53.200,3933.0000,20854,0,683517600.000,2,1,1,多换,S,3932.6000,3932.2000,3932.0000,3931.8000,3931.6000,3933.4000,3933.6000,3934.0000,3934.8000,3935.0000,2,4,1,1,1,1,2,1,1,1
SF,IF2007,2020-06-11 09:33:53.700,3933.6000,20853,-1,684697680.000,1,0,1,双平,S,3933.6000,3932.6000,3932.2000,3932.0000,3931.8000,3934.0000,3934.8000,3935.0000,3935.6000,3936.0000,4,2,4,1,1,1,1,1,1,1
SF,IF2007,2020-06-11 09:33:54.200,3933.6000,20850,-3,689418000.000,4,0,4,多平,S,3932.6000,3932.2000,3932.0000,3931.8000,3931.6000,3933.6000,3934.0000,3934.8000,3935.0000,3935.6000,2,4,1,1,1,4,1,1,1,1
SF,IF2007,2020-06-11 09:33:54.700,3933.6000,20850,0,689418000.000,0,-,-,-,-,3932.6000,3932.2000,3932.0000,3931.8000,3931.6000,3933.4000,3933.6000,3934.0000,3934.8000,3935.0000,2,4,1,1,1,1,2,1,1,1
SF,IF2007,2020-06-11 09:33:55.200,3933.6000,20850,0,689418000.000,0,-,-,-,-,3932.6000,3932.2000,3932.0000,3931.8000,3931.6000,3933.4000,3933.6000,3934.0000,3934.8000,3935.0000,2,4,1,1,1,1,2,1,1,1
SF,IF2007,2020-06-11 09:33:56.200,3933.4000,20849,-1,690598020.000,1,0,1,双平,S,3932.6000,3932.2000,3931.8000,3931.6000,3931.2000,3933.6000,3934.0000,3934.8000,3935.0000,3935.6000,2,4,1,1,1,1,1,1,1,1
SF,IF2007,2020-06-11 09:33:56.700,3933.4000,20849,0,690598020.000,0,-,-,-,-,3933.6000,3932.8000,3932.6000,3932.2000,3931.8000,3934.0000,3934.8000,3935.0000,3935.6000,3936.0000,1,3,2,4,1,1,1,1,2,1
SF,IF2007,2020-06-11 09:33:57.200,3933.4000,20849,0,690598020.000,0,-,-,-,-,3933.6000,3933.4000,3932.8000,3932.6000,3932.2000,3934.0000,3934.8000,3935.0000,3935.6000,3936.0000,1,1,2,2,4,1,1,1,2,1
SF,IF2007,2020-06-11 09:33:57.700,3933.4000,20849,0,690598020.000,0,-,-,-,-,3933.6000,3933.4000,3932.8000,3932.6000,3932.2000,3934.0000,3934.8000,3935.0000,3935.6000,3936.0000,1,1,2,2,4,1,1,1,2,1
SF,IF2007,2020-06-11 09:33:58.200,3933.4000,20849,0,690598020.000,0,-,-,-,-,3933.6000,3932.8000,3932.6000,3932.2000,3932.0000,3934.0000,3934.8000,3935.0000,3935.6000,3936.0000,1,1,2,4,2,1,1,1,2,1
SF,IF2007,2020-06-11 09:33:58.700,3934.0000,20849,0,691778220.000,1,0,1,多换,S,3933.6000,3932.8000,3932.6000,3932.2000,3932.0000,3934.8000,3935.0000,3935.6000,3936.0000,3936.2000,1,1,2,4,2,1,1,2,1,1
SF,IF2007,2020-06-11 09:33:59.200,3934.0000,20849,0,691778220.000,0,-,-,-,-,3933.8000,3932.6000,3932.2000,3932.0000,3931.8000,3934.6000,3934.8000,3935.0000,3935.6000,3936.0000,1,2,4,2,1,3,1,1,2,1
SF,IF2007,2020-06-11 09:33:59.700,3933.8000,20848,-1,692958360.000,1,0,1,双平,S,3932.6000,3932.2000,3932.0000,3931.8000,3931.6000,3934.6000,3934.8000,3935.0000,3935.6000,3936.0000,2,4,2,1,1,3,1,1,2,1
SF,IF2007,2020-06-11 09:34:00.200,3933.8000,20848,0,692958360.000,0,-,-,-,-,3933.0000,3932.8000,3932.6000,3932.2000,3932.0000,3934.4000,3934.6000,3934.8000,3935.0000,3935.6000,2,4,2,4,2,1,3,1,1,2
SF,IF2007,2020-06-11 09:34:00.700,3933.8000,20848,0,692958360.000,0,-,-,-,-,3933.2000,3933.0000,3932.8000,3932.6000,3932.2000,3934.2000,3934.4000,3934.6000,3934.8000,3935.0000,2,2,2,2,4,1,1,2,1,1
SF,IF2007,2020-06-11 09:34:01.200,3933.8000,20848,0,692958360.000,0,-,-,-,-,3933.2000,3933.0000,3932.8000,3932.6000,3932.2000,3934.2000,3934.4000,3934.6000,3934.8000,3935.0000,2,2,1,2,4,1,1,2,1,1
SF,IF2007,2020-06-11 09:34:01.700,3933.8000,20848,0,692958360.000,0,-,-,-,-,3933.2000,3933.0000,3932.8000,3932.6000,3932.2000,3934.0000,3934.2000,3934.6000,3934.8000,3935.0000,2,2,1,2,4,1,1,2,1,1
SF,IF2007,2020-06-11 09:34:02.200,3933.8000,20848,0,692958360.000,0,-,-,-,-,3933.2000,3933.0000,3932.6000,3932.2000,3932.0000,3934.0000,3934.2000,3934.6000,3934.8000,3935.0000,1,2,2,4,2,1,1,2,1,1
SF,IF2007,2020-06-11 09:34:02.700,3933.8000,20848,0,692958360.000,0,-,-,-,-,3933.0000,3932.6000,3932.2000,3931.8000,3931.6000,3933.8000,3934.0000,3934.6000,3934.8000,3935.0000,2,2,4,1,1,1,1,2,1,1
SF,IF2007,2020-06-11 09:34:04.200,3933.8000,20848,0,692958360.000,0,-,-,-,-,3933.2000,3933.0000,3932.6000,3932.2000,3931.8000,3933.8000,3934.0000,3934.6000,3934.8000,3935.0000,1,2,2,4,1,1,1,2,1,1
SF,IF2007,2020-06-11 09:34:04.700,3933.8000,20848,0,692958360.000,0,-,-,-,-,3933.0000,3932.6000,3932.2000,3931.8000,3931.6000,3933.8000,3934.0000,3934.6000,3934.8000,3935.0000,2,2,4,1,1,1,1,2,1,1
SF,IF2007,2020-06-11 09:34:05.200,3933.8000,20847,-1,694138500.000,1,0,1,双平,S,3933.4000,3933.2000,3933.0000,3932.6000,3932.2000,3934.0000,3934.6000,3934.8000,3935.0000,3935.6000,1,2,1,2,4,1,2,1,1,2
SF,IF2007,2020-06-11 09:34:05.700,3933.8000,20847,0,694138500.000,0,-,-,-,-,3933.6000,3933.4000,3933.2000,3932.6000,3932.2000,3934.0000,3934.6000,3934.8000,3935.0000,3935.6000,1,2,1,2,4,1,2,1,1,2
SF,IF2007,2020-06-11 09:34:06.200,3934.0000,20846,-1,695318700.000,1,0,1,双平,S,3933.6000,3933.4000,3932.6000,3932.2000,3931.8000,3934.8000,3935.0000,3935.6000,3936.0000,3936.2000,1,2,2,4,1,1,1,2,1,1
SF,IF2007,2020-06-11 09:34:06.700,3934.6000,20845,-1,697679160.000,2,0,2,多平,S,3933.4000,3932.6000,3932.2000,3931.8000,3931.6000,3934.6000,3934.8000,3935.0000,3935.6000,3936.0000,2,2,4,1,1,2,1,1,2,1
SF,IF2007,2020-06-11 09:34:07.200,3934.6000,20845,0,697679160.000,0,-,-,-,-,3932.6000,3932.2000,3931.8000,3931.6000,3931.2000,3934.6000,3934.8000,3935.0000,3935.6000,3936.0000,2,4,1,1,1,2,1,1,2,1
SF,IF2007,2020-06-11 09:34:07.700,3934.6000,20845,0,697679160.000,0,-,-,-,-,3933.0000,3932.8000,3932.6000,3932.2000,3931.8000,3934.0000,3934.2000,3934.4000,3934.6000,3934.8000,2,2,2,4,1,1,1,3,2,1
SF,IF2007,2020-06-11 09:34:08.200,3934.6000,20845,0,697679160.000,0,-,-,-,-,3933.2000,3933.0000,3932.6000,3932.2000,3931.8000,3934.0000,3934.4000,3934.6000,3934.8000,3935.0000,2,2,2,4,1,1,2,1,1,1
SF,IF2007,2020-06-11 09:34:08.700,3934.6000,20845,0,697679160.000,0,-,-,-,-,3933.2000,3933.0000,3932.6000,3932.2000,3931.8000,3934.0000,3934.4000,3934.6000,3934.8000,3935.0000,1,2,2,4,1,1,2,1,1,1
SF,IF2007,2020-06-11 09:34:09.700,3934.6000,20845,0,697679160.000,0,-,-,-,-,3933.4000,3933.2000,3933.0000,3932.6000,3932.2000,3934.0000,3934.4000,3934.6000,3934.8000,3935.0000,1,1,1,2,4,1,1,1,1,1
SF,IF2007,2020-06-11 09:34:11.700,3933.4000,20844,-1,698859180.000,1,0,1,双平,S,3933.2000,3933.0000,3932.6000,3932.2000,3931.8000,3933.8000,3934.0000,3934.4000,3934.6000,3934.8000,1,1,2,4,1,1,1,1,1,1
SF,IF2007,2020-06-11 09:34:13.200,3933.4000,20844,0,698859180.000,0,-,-,-,-,3933.2000,3933.0000,3932.6000,3932.2000,3931.8000,3933.8000,3934.0000,3934.4000,3934.6000,3934.8000,1,2,2,4,1,1,1,1,1,1
SF,IF2007,2020-06-11 09:34:13.700,3933.4000,20844,0,698859180.000,0,-,-,-,-,3933.2000,3933.0000,3932.6000,3932.2000,3931.8000,3933.8000,3934.0000,3934.4000,3934.6000,3935.0000,1,2,2,4,1,1,1,1,1,1
SF,IF2007,2020-06-11 09:34:14.200,3933.8000,20844,0,700039320.000,1,0,1,多换,S,3933.4000,3933.2000,3933.0000,3932.6000,3932.2000,3934.0000,3934.4000,3934.6000,3935.0000,3935.6000,1,1,1,2,4,1,1,1,1,2
SF,IF2007,2020-06-11 09:34:14.700,3933.8000,20844,0,700039320.000,0,-,-,-,-,3933.4000,3933.2000,3933.0000,3932.6000,3932.2000,3934.0000,3934.6000,3935.0000,3935.6000,3936.0000,1,2,1,2,4,1,1,1,2,1
SF,IF2007,2020-06-11 09:34:15.200,3934.0000,20844,0,701219520.000,1,0,1,多换,S,3933.4000,3933.2000,3933.0000,3932.6000,3932.2000,3934.6000,3935.0000,3935.6000,3936.0000,3936.2000,1,2,1,2,4,1,1,2,1,1
SF,IF2007,2020-06-11 09:34:15.700,3934.0000,20844,0,701219520.000,0,-,-,-,-,3933.6000,3933.4000,3933.2000,3933.0000,3932.6000,3934.6000,3935.0000,3935.6000,3936.0000,3936.2000,1,1,1,1,2,1,1,2,1,1
SF,IF2007,2020-06-11 09:34:16.200,3934.0000,20844,0,701219520.000,0,-,-,-,-,3933.6000,3933.4000,3933.2000,3933.0000,3932.6000,3934.6000,3935.0000,3935.6000,3936.0000,3936.2000,1,1,1,1,2,1,1,2,1,1
SF,IF2007,2020-06-11 09:34:17.700,3934.6000,20843,-1,702399900.000,1,0,1,双平,S,3933.6000,3933.4000,3933.2000,3933.0000,3932.6000,3935.0000,3935.6000,3936.0000,3936.2000,3937.0000,1,1,1,1,2,1,2,1,1,1
SF,IF2007,2020-06-11 09:34:18.200,3934.6000,20843,0,702399900.000,0,-,-,-,-,3933.6000,3933.4000,3933.2000,3933.0000,3932.6000,3934.8000,3935.0000,3935.6000,3936.0000,3936.2000,1,1,1,1,2,2,1,2,1,1
SF,IF2007,2020-06-11 09:34:19.200,3934.8000,20841,-2,704760780.000,2,0,2,双平,S,3934.0000,3933.8000,3933.6000,3933.4000,3933.0000,3935.0000,3935.6000,3936.0000,3936.2000,3937.0000,1,1,1,1,1,1,2,1,1,1
SF,IF2007,2020-06-11 09:34:19.700,3934.8000,20841,0,704760780.000,0,-,-,-,-,3934.2000,3934.0000,3933.6000,3933.4000,3933.0000,3935.6000,3936.0000,3936.2000,3937.0000,3937.2000,1,1,1,1,1,2,1,1,1,1
SF,IF2007,2020-06-11 09:34:20.200,3934.8000,20841,0,704760780.000,0,-,-,-,-,3934.2000,3934.0000,3933.6000,3933.4000,3933.0000,3935.4000,3935.6000,3936.0000,3936.2000,3937.0000,1,1,1,1,1,1,2,1,1,1
SF,IF2007,2020-06-11 09:34:20.700,3934.4000,20840,-1,705941100.000,1,0,1,双平,S,3934.2000,3933.6000,3933.4000,3933.0000,3932.6000,3935.4000,3935.6000,3936.0000,3936.2000,3937.0000,1,1,1,1,2,1,2,1,1,1
SF,IF2007,2020-06-11 09:34:21.200,3934.4000,20840,0,705941100.000,0,-,-,-,-,3934.2000,3933.6000,3933.4000,3933.0000,3932.6000,3935.2000,3935.4000,3935.6000,3936.0000,3936.2000,1,1,1,1,2,3,1,2,2,1
SF,IF2007,2020-06-11 09:34:21.700,3934.4000,20840,0,705941100.000,0,-,-,-,-,3934.2000,3933.6000,3933.4000,3933.0000,3932.6000,3935.2000,3935.6000,3936.0000,3936.2000,3937.0000,1,1,1,1,2,2,2,2,1,1
SF,IF2007,2020-06-11 09:34:22.200,3934.4000,20840,0,705941100.000,0,-,-,-,-,3934.2000,3933.6000,3933.4000,3933.0000,3932.6000,3935.2000,3935.6000,3936.0000,3936.2000,3937.0000,1,1,1,1,2,1,2,2,1,1
SF,IF2007,2020-06-11 09:34:23.200,3935.2000,20839,-1,707121660.000,1,0,1,双平,S,3934.6000,3934.2000,3933.6000,3933.4000,3933.0000,3935.6000,3936.0000,3936.2000,3937.0000,3937.2000,1,1,1,1,1,2,2,1,1,1
SF,IF2007,2020-06-11 09:34:23.700,3935.2000,20839,0,707121660.000,0,-,-,-,-,3934.8000,3934.6000,3933.4000,3933.0000,3932.6000,3935.6000,3936.0000,3936.2000,3937.0000,3937.2000,1,1,1,1,2,2,2,1,1,1
SF,IF2007,2020-06-11 09:34:24.200,3935.0000,20838,-1,708302160.000,1,0,1,双平,S,3934.8000,3933.4000,3933.0000,3932.6000,3932.4000,3936.0000,3936.2000,3936.6000,3937.0000,3937.2000,1,1,1,2,1,1,1,1,1,1
SF,IF2007,2020-06-11 09:34:24.700,3935.0000,20838,0,708302160.000,0,-,-,-,-,3934.8000,3933.4000,3933.0000,3932.6000,3932.4000,3935.8000,3936.0000,3936.2000,3936.6000,3937.0000,1,1,1,2,1,2,1,1,1,1
SF,IF2007,2020-06-11 09:34:25.200,3935.0000,20838,0,708302160.000,0,-,-,-,-,3934.8000,3933.4000,3933.0000,3932.6000,3932.4000,3935.8000,3936.0000,3936.2000,3936.6000,3937.0000,1,1,1,2,1,2,1,1,2,1
SF,IF2007,2020-06-11 09:34:25.700,3935.0000,20838,0,708302160.000,0,-,-,-,-,3934.8000,3933.4000,3933.0000,3932.6000,3932.4000,3935.8000,3936.0000,3936.2000,3936.6000,3937.0000,1,1,1,2,1,1,1,1,2,1
SF,IF2007,2020-06-11 09:34:27.200,3935.0000,20838,0,708302160.000,0,-,-,-,-,3934.8000,3934.0000,3933.4000,3933.0000,3932.6000,3935.8000,3936.0000,3936.2000,3936.6000,3937.0000,1,1,1,1,2,1,1,1,2,1
SF,IF2007,2020-06-11 09:34:27.700,3935.0000,20838,0,708302160.000,0,-,-,-,-,3934.8000,3934.0000,3933.4000,3933.0000,3932.6000,3935.8000,3936.0000,3936.2000,3936.6000,3937.0000,1,1,1,1,2,2,1,1,2,1
SF,IF2007,2020-06-11 09:34:29.200,3935.0000,20838,0,708302160.000,0,-,-,-,-,3934.8000,3934.0000,3933.4000,3933.0000,3932.6000,3935.8000,3936.0000,3936.2000,3936.6000,3937.0000,1,1,1,1,2,1,1,1,1,1
SF,IF2007,2020-06-11 09:34:29.700,3935.0000,20838,0,708302160.000,0,-,-,-,-,3934.8000,3934.0000,3933.4000,3933.0000,3932.6000,3935.8000,3936.0000,3936.2000,3936.6000,3937.0000,1,1,1,1,2,2,1,1,1,1
SF,IF2007,2020-06-11 09:34:30.700,3935.0000,20838,0,708302160.000,0,-,-,-,-,3934.8000,3934.0000,3933.4000,3933.0000,3932.6000,3935.4000,3935.8000,3936.0000,3936.2000,3936.6000,1,1,1,1,2,1,1,1,1,1
SF,IF2007,2020-06-11 09:34:31.700,3935.8000,20838,0,710663520.000,2,1,1,多换,S,3934.8000,3934.0000,3933.4000,3933.0000,3932.6000,3936.0000,3936.2000,3936.6000,3937.0000,3937.2000,1,1,1,1,2,1,1,1,1,1
SF,IF2007,2020-06-11 09:34:32.200,3934.8000,20837,-1,711843960.000,1,0,1,双平,S,3934.0000,3933.4000,3933.0000,3932.6000,3932.4000,3935.2000,3935.8000,3936.0000,3936.2000,3936.6000,1,1,1,2,1,1,3,1,1,1
SF,IF2007,2020-06-11 09:34:32.700,3934.8000,20837,0,711843960.000,0,-,-,-,-,3934.4000,3934.2000,3934.0000,3933.4000,3933.0000,3935.8000,3936.0000,3936.2000,3936.6000,3937.0000,1,2,1,1,1,2,1,1,1,1
SF,IF2007,2020-06-11 09:34:33.200,3934.6000,20836,-1,714204960.000,2,0,2,多平,S,3934.4000,3934.0000,3933.4000,3933.0000,3932.6000,3935.6000,3935.8000,3936.0000,3936.2000,3936.6000,1,2,1,1,2,1,2,1,1,1
SF,IF2007,2020-06-11 09:34:33.700,3934.6000,20836,0,714204960.000,0,-,-,-,-,3934.4000,3934.0000,3933.4000,3933.0000,3932.6000,3935.4000,3935.8000,3936.0000,3936.2000,3936.6000,1,2,1,1,2,3,1,1,1,1
SF,IF2007,2020-06-11 09:34:34.200,3935.4000,20836,0,716566200.000,2,1,1,多换,S,3934.4000,3934.0000,3933.4000,3933.0000,3932.6000,3935.4000,3935.8000,3936.0000,3936.2000,3936.6000,1,2,1,1,2,1,1,1,1,1
SF,IF2007,2020-06-11 09:34:34.700,3935.4000,20836,0,717746820.000,1,0,1,多换,S,3934.6000,3934.4000,3934.0000,3933.4000,3933.0000,3935.8000,3936.0000,3936.2000,3936.6000,3937.0000,1,1,2,1,1,1,1,1,1,1
SF,IF2007,2020-06-11 09:34:35.200,3935.4000,20836,0,717746820.000,0,-,-,-,-,3934.6000,3934.4000,3934.0000,3933.4000,3933.0000,3935.6000,3935.8000,3936.0000,3936.2000,3936.6000,1,1,2,1,1,1,1,1,1,1
SF,IF2007,2020-06-11 09:34:35.700,3934.6000,20835,-1,718927200.000,1,0,1,双平,S,3934.4000,3934.0000,3933.4000,3933.0000,3932.6000,3934.6000,3935.6000,3935.8000,3936.0000,3936.2000,1,1,1,1,2,1,1,1,1,1
SF,IF2007,2020-06-11 09:34:36.200,3934.6000,20834,-1,720107580.000,1,0,1,双平,S,3934.4000,3934.0000,3933.4000,3933.0000,3932.6000,3935.6000,3936.0000,3936.2000,3936.6000,3937.0000,1,1,1,1,2,1,1,1,1,1
SF,IF2007,2020-06-11 09:34:36.700,3934.6000,20834,0,720107580.000,0,-,-,-,-,3934.4000,3934.0000,3933.4000,3933.0000,3932.6000,3934.6000,3935.6000,3936.0000,3936.2000,3936.6000,1,1,1,1,2,1,1,1,1,1
SF,IF2007,2020-06-11 09:34:37.200,3934.6000,20834,0,720107580.000,0,-,-,-,-,3934.0000,3933.4000,3933.0000,3932.6000,3932.4000,3934.6000,3935.4000,3935.6000,3936.0000,3936.2000,1,1,1,2,1,1,1,1,1,1
SF,IF2007,2020-06-11 09:34:37.700,3934.6000,20834,0,720107580.000,0,-,-,-,-,3934.0000,3933.4000,3933.0000,3932.6000,3932.4000,3934.6000,3935.4000,3935.6000,3936.0000,3936.2000,1,1,1,2,1,1,1,1,1,1
