市场代码,合约代码,时间,最新,持仓,增仓,成交额,成交量,开仓,平仓,成交类型,方向,买一价,买二价,买三价,买四价,买五价,卖一价,卖二价,卖三价,卖四价,卖五价,买一量,买二量,买三量,买四量,买五量,卖一量,卖二量,卖三量,卖四量,卖五量
SF,IF2006,2020-01-14 09:29:00.100,4226.4000,17131,0,29162160.000,23.000,-,-,-,-,4226.2000,4225.0000,4224.0000,4223.0000,4222.0000,4233.2000,4234.0000,4240.2000,4240.4000,4241.0000,1,1,1,3,2,1,2,1,1,1
SF,IF2006,2020-01-14 09:30:00.100,4226.4000,17131,0,29162160.000,0,-,-,-,-,4229.0000,4228.4000,4227.0000,4226.4000,4226.2000,4232.8000,4233.2000,4234.0000,4238.0000,4238.8000,1,1,14,2,2,4,2,2,1,2
SF,IF2006,2020-01-14 09:30:00.600,4232.6000,17132,1,30431940.000,1,1,0,双开,S,4229.2000,4229.0000,4227.0000,4226.4000,4226.2000,4232.6000,4232.8000,4233.2000,4234.0000,4238.0000,1,1,15,3,2,2,1,2,2,1
SF,IF2006,2020-01-14 09:30:01.100,4232.6000,17132,0,30431940.000,0,-,-,-,-,4230.8000,4229.4000,4229.2000,4229.0000,4227.0000,4232.6000,4233.2000,4234.0000,4238.0000,4238.8000,1,1,1,1,15,2,1,2,1,2
SF,IF2006,2020-01-14 09:30:01.600,4230.8000,17131,-1,32970960.000,2,0,2,多平,S,4229.4000,4229.0000,4227.0000,4226.8000,4226.4000,4232.6000,4233.2000,4234.0000,4237.8000,4238.0000,1,1,15,1,1,1,1,2,5,1
SF,IF2006,2020-01-14 09:30:02.100,4232.6000,17131,0,34240740.000,1,0,1,多换,S,4230.4000,4229.6000,4229.4000,4229.0000,4227.0000,4233.2000,4233.4000,4234.0000,4237.8000,4238.0000,1,2,2,1,15,1,1,2,5,1
SF,IF2006,2020-01-14 09:30:02.600,4232.6000,17131,0,34240740.000,0,-,-,-,-,4232.6000,4230.6000,4229.6000,4229.0000,4227.0000,4233.2000,4233.4000,4234.0000,4237.8000,4238.0000,1,2,1,1,15,1,1,2,5,2
SF,IF2006,2020-01-14 09:30:03.100,4232.6000,17131,0,35510520.000,1,0,1,多换,S,4232.6000,4230.6000,4229.6000,4229.0000,4227.0000,4233.4000,4234.0000,4237.8000,4238.0000,4238.8000,2,2,1,1,15,1,2,5,2,2
SF,IF2006,2020-01-14 09:30:03.600,4232.6000,17132,1,40590120.000,4,2,2,空开,S,4229.6000,4229.0000,4227.0000,4226.8000,4226.6000,4234.0000,4237.8000,4238.0000,4238.8000,4240.4000,1,1,15,1,1,2,5,2,2,1
SF,IF2006,2020-01-14 09:30:04.100,4233.8000,17132,0,41860260.000,1,0,1,多换,S,4232.6000,4229.8000,4229.6000,4229.0000,4227.0000,4234.0000,4237.8000,4238.0000,4238.8000,4240.4000,1,2,1,1,15,3,5,2,2,1
SF,IF2006,2020-01-14 09:30:04.600,4233.0000,17132,0,44399940.000,2,1,1,多换,S,4230.6000,4229.8000,4229.6000,4229.0000,4227.0000,4233.2000,4233.4000,4233.8000,4234.0000,4237.8000,1,2,1,1,15,1,2,2,3,5
SF,IF2006,2020-01-14 09:30:05.100,4233.2000,17133,1,46939860.000,2,1,1,空开,S,4232.6000,4230.8000,4230.6000,4229.8000,4229.6000,4233.4000,4233.8000,4234.0000,4237.8000,4238.0000,1,1,1,1,1,2,1,2,5,2
SF,IF2006,2020-01-14 09:30:05.600,4233.2000,17133,0,46939860.000,0,-,-,-,-,4233.2000,4232.8000,4232.6000,4230.6000,4229.8000,4233.4000,4233.8000,4234.0000,4237.8000,4238.0000,1,1,1,1,1,1,1,2,5,2
SF,IF2006,2020-01-14 09:30:06.100,4233.4000,17134,1,49479840.000,2,1,1,空开,S,4232.8000,4232.6000,4230.6000,4229.8000,4229.0000,4233.2000,4233.8000,4234.0000,4237.8000,4238.0000,1,1,1,1,1,1,1,2,5,2
SF,IF2006,2020-01-14 09:30:06.600,4233.2000,17133,-1,52019640.000,2,0,2,多平,S,4232.6000,4230.6000,4229.8000,4229.0000,4227.0000,4233.8000,4234.0000,4237.8000,4238.0000,4238.8000,1,1,1,1,15,1,2,5,2,2
SF,IF2006,2020-01-14 09:30:07.100,4233.6000,17133,0,53289720.000,1,0,1,多换,S,4232.6000,4230.6000,4229.8000,4229.0000,4227.0000,4233.8000,4234.0000,4237.8000,4238.0000,4238.8000,1,1,1,1,15,1,2,5,2,2
SF,IF2006,2020-01-14 09:30:07.600,4233.6000,17133,0,53289720.000,0,-,-,-,-,4233.2000,4232.6000,4230.6000,4229.8000,4229.0000,4233.8000,4234.0000,4237.8000,4238.0000,4238.8000,2,1,1,1,1,1,2,5,2,2
SF,IF2006,2020-01-14 09:30:08.100,4233.2000,17133,0,55829640.000,2,1,1,多换,S,4232.6000,4230.6000,4229.8000,4229.0000,4227.0000,4233.8000,4234.0000,4237.8000,4238.0000,4238.8000,1,1,1,1,5,1,2,5,2,2
SF,IF2006,2020-01-14 09:30:09.600,4232.6000,17132,-1,58369560.000,2,0,2,多平,S,4230.6000,4229.8000,4229.0000,4227.0000,4226.8000,4234.0000,4237.8000,4238.0000,4238.8000,4241.0000,1,1,1,5,1,2,5,2,2,1
SF,IF2006,2020-01-14 09:30:10.100,4233.8000,17132,0,59639700.000,1,0,1,多换,S,4230.8000,4230.6000,4229.8000,4229.0000,4227.0000,4234.0000,4237.8000,4238.0000,4238.8000,4241.0000,2,1,1,1,5,2,5,2,2,1
SF,IF2006,2020-01-14 09:30:10.600,4233.8000,17132,0,59639700.000,0,-,-,-,-,4230.8000,4230.6000,4229.8000,4229.0000,4227.0000,4234.0000,4237.8000,4238.0000,4238.8000,4241.0000,2,1,1,1,5,2,5,2,2,1
SF,IF2006,2020-01-14 09:30:11.100,4233.8000,17132,0,68530680.000,7,3,4,多换,S,4233.8000,4231.4000,4230.8000,4230.6000,4229.8000,4234.0000,4237.8000,4238.0000,4238.8000,4241.0000,3,2,1,2,1,2,5,2,2,1
SF,IF2006,2020-01-14 09:30:11.600,4233.8000,17132,0,72341100.000,3,1,2,多换,S,4231.4000,4230.8000,4230.6000,4229.8000,4229.0000,4234.0000,4237.8000,4238.0000,4238.8000,4241.0000,1,1,2,2,1,2,5,2,2,1
SF,IF2006,2020-01-14 09:30:12.100,4233.8000,17132,0,73611240.000,1,0,1,多换,S,4231.6000,4231.4000,4230.6000,4229.8000,4229.0000,4234.0000,4237.8000,4238.0000,4238.8000,4241.0000,1,1,2,2,1,2,5,2,2,1
SF,IF2006,2020-01-14 09:30:12.600,4233.8000,17132,0,74881380.000,1,0,1,多换,S,4231.6000,4231.4000,4230.6000,4229.8000,4229.0000,4233.6000,4234.0000,4235.0000,4237.8000,4238.0000,1,1,2,1,1,4,2,1,5,2
SF,IF2006,2020-01-14 09:30:13.100,4234.0000,17133,1,77421780.000,2,1,1,空开,S,4234.0000,4231.6000,4230.6000,4229.0000,4227.0000,4235.0000,4237.8000,4238.0000,4238.8000,4241.0000,3,1,1,1,5,1,5,2,2,1
SF,IF2006,2020-01-14 09:30:13.600,4234.0000,17133,0,77421780.000,0,-,-,-,-,4234.0000,4233.8000,4231.6000,4230.6000,4229.0000,4234.6000,4234.8000,4235.0000,4237.8000,4238.0000,3,1,1,1,1,4,1,2,5,2
SF,IF2006,2020-01-14 09:30:14.100,4234.4000,17132,-1,79962300.000,2,0,2,多平,S,4234.0000,4233.8000,4231.6000,4230.6000,4229.0000,4234.6000,4234.8000,4235.0000,4237.8000,4238.0000,2,1,1,1,1,4,1,2,5,2
SF,IF2006,2020-01-14 09:30:14.600,4234.4000,17130,-2,83773020.000,3,0,3,多平,S,4233.8000,4232.6000,4231.6000,4230.6000,4229.0000,4234.6000,4234.8000,4235.0000,4237.8000,4238.0000,1,1,1,1,1,4,1,2,5,2
SF,IF2006,2020-01-14 09:30:15.100,4234.4000,17130,0,86313480.000,2,1,1,多换,S,4232.6000,4231.6000,4230.6000,4229.0000,4227.0000,4233.8000,4234.4000,4234.6000,4234.8000,4235.0000,1,1,1,1,5,1,1,4,1,2
SF,IF2006,2020-01-14 09:30:15.600,4234.6000,17131,1,88854000.000,2,1,1,空开,S,4234.4000,4232.8000,4232.6000,4230.6000,4229.0000,4234.6000,4234.8000,4235.0000,4237.0000,4237.8000,1,1,1,1,1,3,1,2,1,5
SF,IF2006,2020-01-14 09:30:16.100,4234.4000,17131,0,90124320.000,1,0,1,多换,S,4233.8000,4232.8000,4232.6000,4230.6000,4229.0000,4234.4000,4234.6000,4234.8000,4235.0000,4237.0000,1,1,1,1,1,1,3,1,2,1
SF,IF2006,2020-01-14 09:30:16.600,4234.4000,17131,0,91394640.000,1,0,1,多换,S,4233.8000,4232.8000,4232.6000,4230.6000,4229.0000,4234.0000,4234.4000,4234.8000,4235.0000,4235.4000,1,1,1,1,1,3,1,1,1,1
SF,IF2006,2020-01-14 09:30:17.100,4234.0000,17127,-4,97745640.000,5,0,5,多平,S,4233.8000,4232.6000,4230.6000,4229.0000,4227.0000,4234.8000,4235.0000,4235.4000,4237.8000,4238.0000,1,1,1,1,5,1,1,1,5,2
SF,IF2006,2020-01-14 09:30:17.600,4234.0000,17127,0,97745640.000,0,-,-,-,-,4234.6000,4233.8000,4232.6000,4230.6000,4229.0000,4234.8000,4235.0000,4235.4000,4237.8000,4238.0000,5,2,1,1,1,1,1,1,5,2
SF,IF2006,2020-01-14 09:30:18.100,4234.6000,17127,0,101556780.000,3,1,2,多换,S,4234.6000,4234.0000,4233.8000,4232.6000,4230.6000,4234.8000,4235.0000,4235.4000,4237.0000,4237.8000,2,1,2,1,1,1,1,1,1,5
SF,IF2006,2020-01-14 09:30:19.600,4234.8000,17126,-1,104097660.000,2,0,2,多平,S,4234.6000,4234.0000,4233.8000,4232.6000,4230.6000,4235.0000,4235.4000,4237.0000,4237.8000,4238.0000,2,1,1,1,1,1,1,1,5,2
SF,IF2006,2020-01-14 09:30:20.100,4234.8000,17125,-1,107909040.000,3,1,2,多平,S,4234.6000,4234.0000,4233.8000,4232.6000,4230.6000,4235.4000,4236.0000,4237.0000,4237.8000,4238.0000,2,1,1,1,1,1,1,1,5,2
SF,IF2006,2020-01-14 09:30:20.600,4234.6000,17124,-1,110450040.000,2,0,2,多平,S,4234.6000,4234.0000,4233.8000,4232.6000,4230.6000,4235.4000,4236.0000,4238.0000,4238.8000,4241.0000,1,1,1,1,1,1,1,2,2,1
SF,IF2006,2020-01-14 09:30:21.100,4235.4000,17124,0,111720660.000,1,0,1,多换,S,4234.8000,4234.6000,4234.0000,4233.8000,4232.6000,4236.0000,4238.0000,4238.8000,4241.0000,4242.0000,2,1,1,1,1,1,2,2,1,5
SF,IF2006,2020-01-14 09:30:21.600,4236.0000,17124,0,112991460.000,1,0,1,多换,S,4234.8000,4234.6000,4234.0000,4233.8000,4232.6000,4238.0000,4238.8000,4241.0000,4242.0000,4243.8000,3,1,1,1,1,2,2,1,5,1
SF,IF2006,2020-01-14 09:30:22.100,4236.0000,17124,0,112991460.000,0,-,-,-,-,4235.4000,4234.8000,4234.6000,4234.0000,4233.8000,4236.4000,4237.2000,4237.8000,4238.0000,4238.8000,1,3,1,1,1,1,2,2,2,2
SF,IF2006,2020-01-14 09:30:22.600,4236.0000,17124,0,112991460.000,0,-,-,-,-,4235.4000,4234.8000,4234.6000,4234.0000,4233.8000,4236.4000,4237.2000,4237.8000,4238.0000,4238.8000,1,3,1,1,1,1,2,2,2,2
SF,IF2006,2020-01-14 09:30:23.600,4235.4000,17124,0,114262080.000,1,0,1,多换,S,4234.8000,4234.6000,4234.0000,4233.8000,4232.6000,4236.4000,4237.8000,4238.0000,4238.8000,4241.0000,3,1,1,1,1,1,2,2,2,1
SF,IF2006,2020-01-14 09:30:24.600,4236.4000,17124,0,115533000.000,1,0,1,多换,S,4236.4000,4234.8000,4234.6000,4234.0000,4233.8000,4237.8000,4238.0000,4238.8000,4241.0000,4242.0000,1,3,1,1,1,2,2,2,1,5
SF,IF2006,2020-01-14 09:30:25.100,4236.4000,17124,0,116803920.000,1,0,1,多换,S,4234.8000,4234.6000,4234.0000,4233.8000,4233.6000,4237.8000,4238.0000,4238.8000,4241.0000,4242.0000,2,1,1,1,1,1,2,2,1,5
SF,IF2006,2020-01-14 09:30:25.600,4236.4000,17124,0,116803920.000,0,-,-,-,-,4235.0000,4234.8000,4234.6000,4234.0000,4233.8000,4237.2000,4237.6000,4237.8000,4238.0000,4238.8000,2,2,1,1,1,1,1,1,2,2
SF,IF2006,2020-01-14 09:30:26.100,4236.4000,17124,0,116803920.000,0,-,-,-,-,4235.4000,4235.0000,4234.8000,4234.6000,4234.0000,4236.6000,4237.6000,4237.8000,4238.0000,4238.8000,1,2,2,1,1,3,1,1,2,2
SF,IF2006,2020-01-14 09:30:26.600,4236.6000,17124,0,120616860.000,3,1,2,多换,S,4235.6000,4235.4000,4235.0000,4234.8000,4234.6000,4237.6000,4237.8000,4238.0000,4238.8000,4241.0000,2,1,1,2,1,1,1,2,2,1
SF,IF2006,2020-01-14 09:30:27.100,4236.6000,17124,0,120616860.000,0,-,-,-,-,4235.6000,4235.4000,4234.8000,4234.6000,4234.0000,4238.0000,4238.8000,4241.0000,4242.0000,4243.8000,2,1,2,1,1,2,2,1,5,1
SF,IF2006,2020-01-14 09:30:27.600,4236.6000,17124,0,120616860.000,0,-,-,-,-,4236.6000,4235.6000,4234.8000,4234.6000,4234.0000,4237.8000,4238.0000,4238.8000,4241.0000,4242.0000,1,2,2,1,1,1,2,2,1,5
SF,IF2006,2020-01-14 09:30:28.100,4236.6000,17124,0,120616860.000,0,-,-,-,-,4236.6000,4235.6000,4234.8000,4234.6000,4234.0000,4237.8000,4238.0000,4238.8000,4241.0000,4242.0000,1,1,2,1,1,1,2,2,1,5
SF,IF2006,2020-01-14 09:30:28.600,4236.6000,17124,0,120616860.000,0,-,-,-,-,4236.6000,4235.6000,4234.8000,4234.6000,4234.0000,4237.8000,4238.0000,4238.8000,4241.0000,4242.0000,1,1,2,1,1,1,2,2,1,5
SF,IF2006,2020-01-14 09:30:29.100,4237.8000,17124,0,121888200.000,1,0,1,多换,S,4236.6000,4235.6000,4234.8000,4234.6000,4234.0000,4238.0000,4238.8000,4241.0000,4242.0000,4243.8000,1,1,1,1,1,2,2,1,5,1
SF,IF2006,2020-01-14 09:30:29.600,4238.0000,17125,1,123159600.000,1,1,0,双开,S,4236.8000,4236.6000,4234.8000,4234.6000,4234.0000,4238.0000,4238.8000,4241.0000,4242.0000,4243.8000,1,1,1,1,1,1,2,1,5,1
SF,IF2006,2020-01-14 09:30:30.100,4238.0000,17125,0,123159600.000,0,-,-,-,-,4237.8000,4236.8000,4236.6000,4234.8000,4234.6000,4238.0000,4238.8000,4241.0000,4242.0000,4243.8000,1,1,1,1,1,1,2,1,5,1
SF,IF2006,2020-01-14 09:30:30.600,4238.0000,17125,0,125702340.000,2,1,1,多换,S,4237.8000,4236.8000,4236.6000,4234.8000,4234.6000,4238.8000,4241.0000,4242.0000,4243.8000,4244.0000,1,1,1,1,1,2,1,5,1,2
SF,IF2006,2020-01-14 09:30:31.100,4237.8000,17125,0,126973680.000,1,0,1,多换,S,4236.8000,4236.6000,4234.8000,4234.6000,4234.0000,4238.6000,4238.8000,4241.0000,4242.0000,4243.8000,1,1,1,1,1,1,2,1,5,1
SF,IF2006,2020-01-14 09:30:31.600,4238.6000,17125,0,128245260.000,1,0,1,多换,S,4236.8000,4236.6000,4234.8000,4234.6000,4234.0000,4238.8000,4241.0000,4242.0000,4243.8000,4244.0000,1,1,1,1,1,3,1,5,1,2
SF,IF2006,2020-01-14 09:30:32.100,4238.6000,17125,0,129516840.000,1,0,1,多换,S,4237.8000,4236.8000,4236.6000,4234.8000,4234.6000,4238.8000,4241.0000,4242.0000,4242.8000,4243.8000,3,1,1,1,1,3,1,5,1,1
SF,IF2006,2020-01-14 09:30:32.600,4237.8000,17124,-1,134602200.000,4,1,3,多平,S,4236.6000,4234.8000,4234.6000,4234.0000,4233.6000,4238.4000,4238.8000,4241.0000,4242.0000,4242.8000,1,1,1,1,1,2,3,1,5,1
SF,IF2006,2020-01-14 09:30:33.100,4237.8000,17124,0,134602200.000,0,-,-,-,-,4236.8000,4236.6000,4234.8000,4234.6000,4234.0000,4238.2000,4238.4000,4238.8000,4241.0000,4242.0000,1,1,1,1,1,1,2,3,1,5
SF,IF2006,2020-01-14 09:30:33.600,4238.8000,17124,0,137145300.000,2,1,1,多换,S,4236.8000,4236.6000,4234.8000,4234.6000,4234.0000,4238.8000,4241.0000,4242.0000,4242.8000,4243.6000,1,1,1,1,1,2,1,5,1,1
SF,IF2006,2020-01-14 09:30:34.100,4238.8000,17124,0,137145300.000,0,-,-,-,-,4237.2000,4236.8000,4236.6000,4234.8000,4234.6000,4238.2000,4238.8000,4241.0000,4242.0000,4242.8000,1,1,1,1,1,1,2,1,5,1
SF,IF2006,2020-01-14 09:30:34.600,4238.8000,17124,0,137145300.000,0,-,-,-,-,4238.2000,4238.0000,4237.4000,4237.2000,4236.6000,4238.8000,4241.0000,4242.0000,4242.8000,4243.6000,3,1,1,1,1,2,1,5,1,1
SF,IF2006,2020-01-14 09:30:35.100,4238.2000,17122,-2,140959680.000,3,0,3,多平,S,4238.0000,4237.4000,4237.2000,4236.6000,4234.8000,4238.2000,4238.8000,4241.0000,4242.0000,4242.8000,1,1,1,1,1,1,2,1,5,1
SF,IF2006,2020-01-14 09:30:35.600,4238.2000,17121,-1,143502540.000,2,0,2,多平,S,4237.4000,4237.2000,4236.6000,4234.8000,4234.6000,4238.8000,4241.0000,4242.0000,4242.8000,4243.6000,1,1,1,1,1,2,1,5,1,1
SF,IF2006,2020-01-14 09:30:36.100,4237.4000,17121,0,144773760.000,1,0,1,多换,S,4237.2000,4236.6000,4234.8000,4234.6000,4234.0000,4238.8000,4241.0000,4242.0000,4242.8000,4243.6000,1,1,1,1,1,2,1,5,1,1
SF,IF2006,2020-01-14 09:30:36.600,4238.8000,17121,0,146045400.000,1,0,1,多换,S,4237.4000,4237.2000,4236.6000,4234.8000,4234.6000,4238.6000,4238.8000,4241.0000,4242.0000,4242.8000,1,1,1,1,1,1,1,1,5,1
SF,IF2006,2020-01-14 09:30:37.100,4238.8000,17121,0,147317040.000,1,0,1,多换,S,4238.6000,4238.2000,4237.2000,4236.6000,4234.8000,4238.8000,4241.0000,4242.0000,4242.8000,4243.6000,1,1,1,1,1,1,1,5,1,1
SF,IF2006,2020-01-14 09:30:37.600,4238.2000,17121,0,149860080.000,2,1,1,多换,S,4237.2000,4236.6000,4234.8000,4234.6000,4234.0000,4238.2000,4238.6000,4238.8000,4241.0000,4242.0000,1,1,1,1,1,1,1,1,1,5
SF,IF2006,2020-01-14 09:30:38.100,4238.8000,17119,-2,153674400.000,3,0,3,多平,S,4238.8000,4237.6000,4236.6000,4234.8000,4234.6000,4241.0000,4242.0000,4242.8000,4243.6000,4243.8000,1,1,1,1,1,1,5,1,1,1
SF,IF2006,2020-01-14 09:30:38.600,4238.8000,17118,-1,154946040.000,1,0,1,双平,S,4237.6000,4236.6000,4234.8000,4234.6000,4234.0000,4238.4000,4238.6000,4238.8000,4239.4000,4241.0000,1,1,1,1,1,2,1,2,2,1
SF,IF2006,2020-01-14 09:30:39.100,4238.8000,17118,0,156217680.000,1,0,1,多换,S,4238.4000,4237.6000,4236.6000,4234.8000,4234.6000,4238.6000,4239.4000,4240.8000,4241.0000,4242.8000,1,1,1,1,1,1,2,1,1,1
SF,IF2006,2020-01-14 09:30:39.600,4238.4000,17118,0,157489200.000,1,0,1,多换,S,4237.6000,4236.6000,4234.8000,4234.6000,4234.0000,4238.0000,4238.4000,4238.6000,4239.4000,4240.0000,1,1,1,1,1,1,2,1,2,1
SF,IF2006,2020-01-14 09:30:40.100,4237.6000,17117,-1,158760480.000,1,0,1,双平,S,4236.6000,4234.8000,4234.6000,4234.0000,4233.6000,4238.0000,4238.4000,4238.6000,4239.4000,4240.0000,1,1,1,1,1,1,1,1,2,1
SF,IF2006,2020-01-14 09:30:40.600,4238.0000,17117,0,160031880.000,1,0,1,多换,S,4236.6000,4234.8000,4234.6000,4234.0000,4233.6000,4238.6000,4239.4000,4240.0000,4240.8000,4241.0000,1,1,1,1,1,1,2,1,1,1
SF,IF2006,2020-01-14 09:30:41.100,4238.0000,17117,0,160031880.000,0,-,-,-,-,4236.8000,4236.6000,4234.8000,4234.6000,4234.0000,4238.4000,4238.6000,4239.4000,4240.0000,4240.8000,1,1,1,1,1,1,1,2,1,1
SF,IF2006,2020-01-14 09:30:41.600,4238.6000,17117,0,162574980.000,2,1,1,多换,S,4236.8000,4236.6000,4234.8000,4234.6000,4234.0000,4239.4000,4240.0000,4240.8000,4241.0000,4242.8000,1,1,1,1,1,2,1,1,1,1
SF,IF2006,2020-01-14 09:30:42.100,4238.6000,17117,0,162574980.000,0,-,-,-,-,4238.4000,4236.8000,4236.6000,4234.8000,4234.6000,4239.2000,4239.4000,4240.0000,4240.8000,4241.0000,1,1,1,1,1,2,2,1,1,1
SF,IF2006,2020-01-14 09:30:42.600,4238.4000,17117,0,163846500.000,1,0,1,多换,S,4236.8000,4236.6000,4234.8000,4234.6000,4234.0000,4238.0000,4238.4000,4238.8000,4239.2000,4239.4000,1,1,1,1,1,1,2,1,2,2
SF,IF2006,2020-01-14 09:30:43.100,4238.4000,17117,0,163846500.000,0,-,-,-,-,4236.8000,4236.6000,4234.8000,4234.6000,4234.0000,4238.0000,4238.8000,4239.2000,4239.4000,4240.0000,1,1,1,1,1,1,1,2,2,1
SF,IF2006,2020-01-14 09:30:43.600,4236.8000,17116,-1,165117540.000,1,0,1,双平,S,4236.6000,4234.8000,4234.6000,4234.0000,4233.6000,4238.0000,4238.4000,4238.8000,4239.2000,4239.4000,1,1,1,1,1,1,1,1,2,2
SF,IF2006,2020-01-14 09:30:44.100,4236.8000,17116,0,165117540.000,0,-,-,-,-,4236.6000,4234.8000,4234.6000,4234.0000,4233.6000,4237.2000,4237.8000,4238.0000,4238.4000,4238.8000,1,1,1,1,1,1,1,2,1,1
SF,IF2006,2020-01-14 09:30:45.100,4237.8000,17116,0,167660040.000,2,1,1,多换,S,4236.6000,4234.8000,4234.6000,4234.0000,4233.6000,4238.0000,4238.4000,4238.8000,4239.4000,4240.0000,1,1,1,1,1,2,1,2,1,1
SF,IF2006,2020-01-14 09:30:45.600,4237.8000,17116,0,170202360.000,2,1,1,多换,S,4234.8000,4234.6000,4234.0000,4233.6000,4232.6000,4237.8000,4238.0000,4238.4000,4238.8000,4239.0000,1,1,1,1,1,1,2,1,2,1
SF,IF2006,2020-01-14 09:30:46.100,4237.8000,17116,0,170202360.000,0,-,-,-,-,4236.6000,4235.0000,4234.8000,4234.6000,4234.0000,4237.8000,4238.0000,4238.4000,4238.8000,4239.0000,2,2,1,1,1,1,2,1,2,1
SF,IF2006,2020-01-14 09:30:46.600,4237.6000,17115,-1,172744620.000,2,0,2,多平,S,4236.6000,4235.0000,4234.8000,4234.6000,4234.0000,4237.6000,4237.8000,4238.0000,4238.4000,4238.8000,1,2,1,1,1,1,2,2,1,2
SF,IF2006,2020-01-14 09:30:47.100,4237.6000,17115,0,172744620.000,0,-,-,-,-,4236.6000,4235.0000,4234.8000,4234.6000,4234.0000,4237.2000,4237.6000,4237.8000,4238.0000,4238.4000,1,1,1,1,1,1,1,2,2,1
SF,IF2006,2020-01-14 09:30:47.600,4236.6000,17113,-2,176557560.000,3,0,3,多平,S,4235.0000,4234.8000,4234.6000,4234.0000,4233.6000,4237.2000,4237.6000,4237.8000,4238.0000,4238.4000,1,1,1,1,1,1,2,1,2,1
SF,IF2006,2020-01-14 09:30:48.100,4236.6000,17113,0,176557560.000,0,-,-,-,-,4235.0000,4234.8000,4234.6000,4234.0000,4233.6000,4236.6000,4237.0000,4237.2000,4237.4000,4237.6000,1,1,1,1,1,1,1,1,1,2
SF,IF2006,2020-01-14 09:30:48.600,4236.6000,17113,0,176557560.000,0,-,-,-,-,4235.0000,4234.8000,4234.6000,4234.0000,4233.6000,4236.6000,4237.2000,4237.4000,4237.6000,4237.8000,1,1,1,1,1,1,1,1,2,1
SF,IF2006,2020-01-14 09:30:49.100,4235.0000,17113,0,177828060.000,1,0,1,多换,S,4234.8000,4234.6000,4234.0000,4233.6000,4232.6000,4236.6000,4237.2000,4237.4000,4237.6000,4238.0000,1,1,1,1,1,2,1,1,2,2
SF,IF2006,2020-01-14 09:30:49.600,4235.0000,17113,0,177828060.000,0,-,-,-,-,4234.8000,4234.6000,4234.0000,4233.6000,4232.6000,4236.4000,4236.6000,4237.2000,4237.4000,4237.6000,1,1,1,1,1,2,2,1,1,1
SF,IF2006,2020-01-14 09:30:50.100,4236.4000,17113,0,179098980.000,1,0,1,多换,S,4235.0000,4234.8000,4234.6000,4234.0000,4233.6000,4236.4000,4236.6000,4237.2000,4237.4000,4237.6000,1,1,1,1,1,1,2,1,1,1
SF,IF2006,2020-01-14 09:30:50.600,4235.0000,17112,-1,180369480.000,1,0,1,双平,S,4234.8000,4234.6000,4234.0000,4233.6000,4232.6000,4236.4000,4236.6000,4237.2000,4237.4000,4237.6000,1,1,1,1,1,1,2,1,1,1
SF,IF2006,2020-01-14 09:30:51.100,4234.8000,17112,0,181639920.000,1,0,1,多换,S,4234.6000,4234.0000,4233.6000,4232.6000,4230.6000,4236.2000,4236.6000,4237.2000,4237.4000,4237.6000,1,1,3,1,1,1,2,1,1,1
SF,IF2006,2020-01-14 09:30:52.100,4234.8000,17112,0,181639920.000,0,-,-,-,-,4234.6000,4234.0000,4233.6000,4232.6000,4230.6000,4236.0000,4236.2000,4236.6000,4237.2000,4237.4000,1,1,3,1,1,1,1,2,1,1
SF,IF2006,2020-01-14 09:30:52.600,4234.8000,17112,0,181639920.000,0,-,-,-,-,4234.6000,4234.0000,4233.6000,4232.6000,4230.6000,4234.8000,4236.0000,4236.2000,4236.6000,4237.2000,1,1,3,1,1,1,1,1,2,1
SF,IF2006,2020-01-14 09:30:53.100,4234.8000,17111,-1,182910360.000,1,0,1,双平,S,4234.6000,4234.0000,4233.6000,4232.6000,4230.6000,4236.0000,4236.2000,4236.6000,4237.2000,4237.4000,1,1,3,1,1,1,1,2,1,1
SF,IF2006,2020-01-14 09:30:53.600,4234.8000,17111,0,182910360.000,0,-,-,-,-,4234.8000,4234.6000,4234.0000,4233.6000,4232.6000,4236.0000,4236.6000,4237.2000,4237.4000,4237.6000,1,1,1,3,1,1,1,1,1,1
SF,IF2006,2020-01-14 09:30:54.100,4236.0000,17111,0,184181160.000,1,0,1,多换,S,4234.8000,4234.6000,4234.0000,4233.6000,4232.6000,4236.6000,4237.2000,4237.4000,4237.6000,4238.0000,1,1,1,3,1,1,1,1,1,2
SF,IF2006,2020-01-14 09:30:54.600,4234.8000,17111,0,185451600.000,1,0,1,多换,S,4234.6000,4234.0000,4233.6000,4232.6000,4230.6000,4236.6000,4237.2000,4237.4000,4237.6000,4238.0000,1,1,3,1,1,1,1,1,1,2
SF,IF2006,2020-01-14 09:30:55.100,4234.8000,17111,0,186722040.000,1,0,1,多换,S,4234.6000,4234.0000,4233.6000,4232.6000,4230.6000,4236.4000,4236.6000,4237.2000,4237.4000,4237.6000,1,1,3,1,1,1,1,1,1,1
SF,IF2006,2020-01-14 09:30:55.600,4234.6000,17111,0,187992420.000,1,0,1,多换,S,4234.8000,4234.0000,4233.6000,4232.6000,4230.6000,4236.4000,4236.6000,4237.2000,4237.4000,4237.6000,3,1,3,1,1,1,1,1,1,1
SF,IF2006,2020-01-14 09:30:56.100,4234.6000,17111,0,187992420.000,0,-,-,-,-,4234.8000,4234.0000,4233.6000,4232.6000,4230.6000,4236.4000,4236.6000,4237.2000,4237.4000,4237.6000,3,1,3,1,1,1,1,1,1,1
SF,IF2006,2020-01-14 09:30:56.600,4234.6000,17111,0,187992420.000,0,-,-,-,-,4234.8000,4234.0000,4233.6000,4232.6000,4230.6000,4236.4000,4236.6000,4237.2000,4237.4000,4237.6000,3,1,3,1,1,1,1,1,1,1
SF,IF2006,2020-01-14 09:30:57.100,4234.6000,17111,0,187992420.000,0,-,-,-,-,4234.8000,4234.0000,4233.6000,4232.6000,4230.6000,4236.4000,4236.6000,4237.2000,4237.4000,4237.6000,3,1,3,1,1,1,1,1,1,1
SF,IF2006,2020-01-14 09:30:57.600,4234.6000,17111,0,187992420.000,0,-,-,-,-,4234.8000,4234.0000,4233.6000,4232.6000,4230.6000,4236.4000,4236.6000,4237.2000,4237.4000,4237.6000,3,1,3,1,1,1,1,1,1,1
SF,IF2006,2020-01-14 09:30:58.100,4234.6000,17111,0,187992420.000,0,-,-,-,-,4234.8000,4234.0000,4233.6000,4232.6000,4230.6000,4236.4000,4236.6000,4237.2000,4237.4000,4237.6000,3,1,3,1,1,1,1,1,1,1
SF,IF2006,2020-01-14 09:30:58.600,4236.4000,17110,-1,189263340.000,1,0,1,双平,S,4234.8000,4234.0000,4233.6000,4232.6000,4230.6000,4236.0000,4236.6000,4237.2000,4237.4000,4237.6000,3,1,3,1,1,2,1,1,1,1
SF,IF2006,2020-01-14 09:30:59.100,4236.4000,17110,0,189263340.000,0,-,-,-,-,4235.8000,4234.8000,4234.0000,4233.6000,4232.6000,4236.0000,4236.6000,4237.2000,4237.4000,4237.6000,15,3,1,3,1,2,1,1,1,1
SF,IF2006,2020-01-14 09:30:59.600,4235.8000,17108,-2,198158580.000,7,2,5,多平,S,4235.8000,4234.8000,4234.0000,4233.6000,4232.6000,4236.0000,4236.6000,4237.2000,4237.4000,4237.6000,9,3,1,3,1,1,1,1,1,1
SF,IF2006,2020-01-14 09:31:00.100,4235.8000,17106,-2,201970860.000,3,0,3,多平,S,4235.8000,4234.8000,4234.0000,4233.6000,4232.6000,4236.6000,4237.2000,4237.6000,4238.0000,4238.4000,7,3,1,3,1,1,1,1,2,2
SF,IF2006,2020-01-14 09:31:00.600,4236.6000,17104,-2,204512580.000,2,0,2,双平,S,4235.8000,4234.8000,4234.0000,4233.6000,4232.6000,4237.2000,4237.6000,4238.0000,4238.4000,4238.8000,6,3,1,3,1,1,1,2,2,2
SF,IF2006,2020-01-14 09:31:01.100,4236.6000,17104,0,204512580.000,0,-,-,-,-,4235.8000,4234.8000,4234.0000,4233.6000,4232.6000,4237.2000,4238.0000,4238.4000,4238.8000,4239.0000,6,3,1,3,1,2,2,2,2,1
SF,IF2006,2020-01-14 09:31:01.600,4236.6000,17104,0,204512580.000,0,-,-,-,-,4236.6000,4235.8000,4234.8000,4234.0000,4233.6000,4237.0000,4237.2000,4238.0000,4238.4000,4238.8000,1,6,3,1,3,1,2,2,2,2
SF,IF2006,2020-01-14 09:31:02.100,4236.6000,17104,0,205783560.000,1,0,1,多换,S,4235.8000,4234.8000,4234.0000,4233.6000,4232.6000,4237.0000,4237.2000,4238.0000,4238.4000,4238.8000,6,3,1,3,1,1,2,2,1,2
SF,IF2006,2020-01-14 09:31:02.600,4236.6000,17104,0,205783560.000,0,-,-,-,-,4235.8000,4234.8000,4234.0000,4233.6000,4232.6000,4236.8000,4237.0000,4237.2000,4238.0000,4238.4000,6,3,1,3,1,1,1,2,2,1
SF,IF2006,2020-01-14 09:31:03.100,4236.6000,17104,0,205783560.000,0,-,-,-,-,4235.8000,4234.8000,4234.0000,4233.6000,4232.6000,4236.8000,4237.0000,4237.2000,4238.0000,4238.4000,6,3,1,3,1,1,2,1,2,1
SF,IF2006,2020-01-14 09:31:03.600,4235.8000,17100,-4,210866520.000,4,0,4,双平,S,4235.8000,4234.8000,4234.0000,4233.6000,4232.6000,4236.8000,4237.0000,4237.2000,4238.0000,4238.4000,2,3,1,3,1,1,2,1,2,1
SF,IF2006,2020-01-14 09:31:04.100,4235.8000,17099,-1,212137260.000,1,0,1,双平,S,4235.8000,4234.8000,4234.0000,4233.6000,4232.6000,4236.8000,4237.0000,4237.2000,4238.0000,4238.4000,1,3,1,3,1,1,2,1,2,1
SF,IF2006,2020-01-14 09:31:04.600,4235.8000,17098,-1,213408000.000,1,0,1,双平,S,4234.8000,4234.0000,4233.6000,4232.6000,4230.6000,4236.8000,4237.0000,4237.2000,4238.0000,4238.4000,3,1,3,1,1,1,2,1,2,1
SF,IF2006,2020-01-14 09:31:05.100,4235.8000,17098,0,213408000.000,0,-,-,-,-,4235.0000,4234.8000,4234.0000,4233.6000,4232.6000,4236.6000,4236.8000,4237.0000,4237.2000,4238.0000,1,3,1,3,1,1,1,2,1,2
SF,IF2006,2020-01-14 09:31:05.600,4236.6000,17098,0,214678980.000,1,0,1,多换,S,4235.0000,4234.8000,4234.0000,4233.6000,4232.6000,4236.8000,4237.0000,4237.2000,4238.0000,4238.4000,1,3,1,3,1,1,2,1,2,1
SF,IF2006,2020-01-14 09:31:07.100,4235.0000,17097,-1,215949480.000,1,0,1,双平,S,4235.4000,4234.8000,4234.0000,4233.6000,4232.6000,4236.8000,4237.0000,4237.2000,4238.0000,4238.4000,1,3,1,3,1,1,2,1,2,1
SF,IF2006,2020-01-14 09:31:07.600,4235.0000,17097,0,215949480.000,0,-,-,-,-,4235.6000,4235.4000,4235.2000,4234.8000,4234.0000,4236.8000,4237.0000,4237.2000,4238.0000,4238.4000,1,1,1,3,1,1,2,1,2,1
SF,IF2006,2020-01-14 09:31:08.100,4235.0000,17097,0,215949480.000,0,-,-,-,-,4235.6000,4235.4000,4234.8000,4234.0000,4233.6000,4236.8000,4238.0000,4238.4000,4238.8000,4239.0000,1,1,3,1,3,1,2,1,2,1
SF,IF2006,2020-01-14 09:31:08.600,4236.8000,17096,-1,217220520.000,1,0,1,双平,S,4236.0000,4235.6000,4235.4000,4234.8000,4234.0000,4238.0000,4238.4000,4238.8000,4239.0000,4240.6000,1,1,1,3,1,2,1,2,1,1
SF,IF2006,2020-01-14 09:31:09.100,4236.8000,17096,0,217220520.000,0,-,-,-,-,4236.2000,4236.0000,4235.8000,4235.4000,4234.8000,4237.8000,4238.0000,4238.4000,4238.8000,4239.0000,1,1,1,1,3,1,2,1,2,1
SF,IF2006,2020-01-14 09:31:09.600,4236.8000,17096,0,217220520.000,0,-,-,-,-,4236.2000,4236.0000,4235.8000,4235.4000,4234.8000,4238.0000,4238.4000,4238.8000,4239.0000,4240.6000,1,1,1,2,3,4,1,2,1,1
SF,IF2006,2020-01-14 09:31:10.100,4236.8000,17096,0,217220520.000,0,-,-,-,-,4236.4000,4236.2000,4236.0000,4235.4000,4234.8000,4238.0000,4238.4000,4238.8000,4239.0000,4240.6000,1,1,1,1,3,4,1,2,1,1
SF,IF2006,2020-01-14 09:31:10.600,4236.8000,17096,0,217220520.000,0,-,-,-,-,4236.6000,4236.4000,4236.0000,4235.4000,4234.8000,4238.0000,4238.4000,4238.8000,4239.0000,4240.6000,1,1,1,1,3,4,1,2,1,1
SF,IF2006,2020-01-14 09:31:11.100,4236.8000,17096,0,217220520.000,0,-,-,-,-,4236.6000,4236.4000,4234.8000,4234.0000,4233.6000,4238.0000,4238.4000,4238.8000,4239.0000,4240.6000,2,1,3,1,3,4,1,3,1,1
SF,IF2006,2020-01-14 09:31:11.600,4236.8000,17096,0,217220520.000,0,-,-,-,-,4236.6000,4234.8000,4234.0000,4233.6000,4232.6000,4238.0000,4238.4000,4238.8000,4239.0000,4240.6000,2,3,1,3,1,4,1,3,1,1
SF,IF2006,2020-01-14 09:31:13.100,4237.0000,17096,0,218491620.000,1,0,1,多换,S,4236.8000,4236.6000,4234.8000,4234.0000,4233.6000,4238.0000,4238.4000,4238.8000,4239.0000,4240.6000,1,2,3,1,3,4,1,3,1,1
SF,IF2006,2020-01-14 09:31:13.600,4237.0000,17096,0,218491620.000,0,-,-,-,-,4237.0000,4236.8000,4236.6000,4234.8000,4234.0000,4238.0000,4238.4000,4238.8000,4239.0000,4240.6000,1,1,1,3,1,4,1,3,1,1
SF,IF2006,2020-01-14 09:31:14.100,4237.0000,17095,-1,219762720.000,1,0,1,双平,S,4237.0000,4234.8000,4234.0000,4233.6000,4232.6000,4238.0000,4238.4000,4238.8000,4239.0000,4240.6000,1,3,1,3,1,4,1,3,1,1
SF,IF2006,2020-01-14 09:31:14.600,4237.0000,17094,-1,221033820.000,1,0,1,双平,S,4234.8000,4234.0000,4233.6000,4232.6000,4231.0000,4238.0000,4238.4000,4238.8000,4239.0000,4240.6000,3,1,3,1,1,4,1,3,1,1
SF,IF2006,2020-01-14 09:31:15.100,4237.0000,17094,0,221033820.000,0,-,-,-,-,4237.2000,4235.0000,4234.8000,4234.0000,4233.6000,4237.8000,4238.0000,4238.4000,4238.8000,4239.0000,1,4,3,1,3,1,4,1,3,1
SF,IF2006,2020-01-14 09:31:15.600,4237.8000,17093,-1,222305160.000,1,0,1,双平,S,4237.2000,4235.0000,4234.8000,4234.0000,4233.6000,4238.0000,4238.4000,4238.8000,4239.0000,4240.6000,1,4,3,1,3,4,1,3,1,1
SF,IF2006,2020-01-14 09:31:16.100,4237.8000,17093,0,222305160.000,0,-,-,-,-,4237.2000,4235.0000,4234.8000,4234.0000,4233.6000,4238.0000,4238.4000,4238.8000,4239.0000,4240.6000,1,4,3,1,3,4,1,3,1,1
SF,IF2006,2020-01-14 09:31:16.600,4237.2000,17092,-1,223576320.000,1,0,1,双平,S,4235.0000,4234.8000,4234.0000,4233.6000,4231.0000,4238.0000,4238.4000,4238.8000,4239.0000,4240.6000,4,3,1,3,1,4,1,3,1,1
SF,IF2006,2020-01-14 09:31:17.100,4237.2000,17092,0,223576320.000,0,-,-,-,-,4235.2000,4235.0000,4234.8000,4234.0000,4233.6000,4238.0000,4238.4000,4238.8000,4239.0000,4240.6000,1,4,3,1,3,4,1,3,1,1
SF,IF2006,2020-01-14 09:31:17.600,4237.2000,17092,0,223576320.000,0,-,-,-,-,4235.4000,4235.2000,4235.0000,4234.8000,4234.0000,4237.8000,4238.0000,4238.4000,4238.8000,4239.0000,1,1,3,3,1,1,4,1,3,1
SF,IF2006,2020-01-14 09:31:18.100,4237.2000,17092,0,223576320.000,0,-,-,-,-,4235.8000,4235.4000,4235.0000,4234.8000,4234.0000,4238.0000,4238.4000,4238.8000,4239.0000,4240.6000,1,1,3,3,1,4,1,3,1,1
SF,IF2006,2020-01-14 09:31:18.600,4237.2000,17092,0,223576320.000,0,-,-,-,-,4236.0000,4235.8000,4235.0000,4234.8000,4234.0000,4237.8000,4238.0000,4238.4000,4238.8000,4239.0000,1,1,3,3,1,1,4,1,3,1
SF,IF2006,2020-01-14 09:31:19.100,4237.2000,17092,0,223576320.000,0,-,-,-,-,4236.0000,4235.8000,4235.0000,4234.8000,4234.0000,4238.0000,4238.8000,4239.0000,4240.6000,4241.6000,3,1,3,3,1,5,3,1,1,1
SF,IF2006,2020-01-14 09:31:19.600,4238.0000,17093,1,229933320.000,5,3,2,空开,S,4238.0000,4236.0000,4235.8000,4235.0000,4234.8000,4238.8000,4239.0000,4240.6000,4241.6000,4242.0000,1,3,1,4,3,3,1,1,1,3
SF,IF2006,2020-01-14 09:31:20.100,4238.0000,17093,0,231204720.000,1,0,1,多换,S,4236.0000,4235.8000,4235.0000,4234.8000,4234.0000,4238.6000,4238.8000,4239.0000,4240.6000,4241.6000,3,1,4,3,1,1,3,1,1,1
SF,IF2006,2020-01-14 09:31:20.600,4238.0000,17093,0,231204720.000,0,-,-,-,-,4236.4000,4236.0000,4235.8000,4235.0000,4234.8000,4238.6000,4238.8000,4239.0000,4240.6000,4241.6000,1,3,1,4,3,1,3,1,1,1
SF,IF2006,2020-01-14 09:31:21.100,4238.0000,17093,0,231204720.000,0,-,-,-,-,4236.6000,4236.4000,4236.0000,4235.8000,4235.0000,4238.6000,4238.8000,4239.0000,4240.6000,4241.6000,1,1,2,1,4,1,3,1,1,1
SF,IF2006,2020-01-14 09:31:21.600,4238.4000,17092,-1,233747220.000,2,0,2,多平,S,4236.4000,4236.0000,4235.8000,4235.0000,4234.8000,4238.6000,4238.8000,4239.0000,4240.6000,4241.6000,1,2,1,4,3,1,3,1,1,1
SF,IF2006,2020-01-14 09:31:22.100,4238.4000,17092,0,233747220.000,0,-,-,-,-,4236.6000,4236.4000,4236.0000,4235.8000,4235.0000,4238.6000,4238.8000,4239.0000,4240.6000,4241.6000,1,1,2,1,4,1,3,1,1,1
SF,IF2006,2020-01-14 09:31:22.600,4238.4000,17092,0,233747220.000,0,-,-,-,-,4236.6000,4236.4000,4236.0000,4235.8000,4235.0000,4237.8000,4238.6000,4238.8000,4239.0000,4240.6000,2,1,2,1,4,1,1,3,1,1
SF,IF2006,2020-01-14 09:31:23.100,4238.6000,17091,-1,236290140.000,2,0,2,多平,S,4237.8000,4236.6000,4236.4000,4236.0000,4235.8000,4238.8000,4239.0000,4240.6000,4241.6000,4243.6000,5,1,1,2,1,3,1,1,1,1
SF,IF2006,2020-01-14 09:31:23.600,4238.6000,17091,0,236290140.000,0,-,-,-,-,4237.8000,4236.6000,4236.4000,4236.0000,4235.8000,4238.8000,4239.0000,4240.6000,4241.6000,4243.6000,5,1,1,2,1,3,1,1,1,1
SF,IF2006,2020-01-14 09:31:24.100,4238.8000,17091,0,240105060.000,3,1,2,多换,S,4238.8000,4237.8000,4236.6000,4236.4000,4236.0000,4239.0000,4240.6000,4241.6000,4243.6000,4243.8000,3,5,1,1,2,1,1,1,1,1
SF,IF2006,2020-01-14 09:31:24.600,4239.0000,17090,-1,242648400.000,2,0,2,多平,S,4238.8000,4237.8000,4236.6000,4236.0000,4235.8000,4240.6000,4241.6000,4243.6000,4243.8000,4244.0000,2,5,1,2,1,1,1,1,1,2
SF,IF2006,2020-01-14 09:31:25.100,4238.8000,17090,0,243920040.000,1,0,1,多换,S,4238.8000,4237.8000,4236.6000,4236.0000,4235.8000,4239.4000,4240.4000,4240.6000,4241.6000,4243.6000,2,5,1,2,1,1,1,1,1,1
SF,IF2006,2020-01-14 09:31:26.600,4238.8000,17090,0,246463500.000,2,1,1,多换,S,4238.8000,4237.8000,4236.6000,4236.0000,4235.8000,4240.4000,4241.6000,4243.6000,4243.8000,4244.0000,1,5,1,2,1,1,1,1,1,2
SF,IF2006,2020-01-14 09:31:27.600,4238.8000,17090,0,246463500.000,0,-,-,-,-,4238.8000,4237.8000,4236.6000,4236.0000,4235.8000,4240.4000,4241.6000,4243.6000,4243.8000,4244.0000,1,5,1,2,1,1,1,1,1,2
SF,IF2006,2020-01-14 09:31:28.100,4240.4000,17090,0,247735620.000,1,0,1,多换,S,4238.8000,4237.8000,4236.6000,4236.0000,4235.8000,4241.6000,4243.6000,4243.8000,4244.0000,4245.0000,1,5,1,2,1,1,1,1,2,2
SF,IF2006,2020-01-14 09:31:28.600,4240.4000,17090,0,247735620.000,0,-,-,-,-,4239.0000,4238.8000,4237.8000,4236.0000,4235.8000,4241.4000,4241.6000,4243.6000,4243.8000,4244.0000,1,1,5,2,1,1,1,1,1,2
SF,IF2006,2020-01-14 09:31:30.100,4241.4000,17089,-1,249008040.000,1,0,1,双平,S,4239.0000,4238.8000,4237.8000,4236.0000,4235.8000,4241.6000,4243.6000,4243.8000,4244.0000,4245.0000,1,1,5,2,1,1,1,1,2,2
SF,IF2006,2020-01-14 09:31:30.600,4241.4000,17089,0,251552880.000,2,1,1,多换,S,4239.0000,4238.8000,4237.8000,4236.0000,4235.8000,4239.8000,4241.4000,4241.6000,4243.6000,4243.8000,1,1,5,2,1,1,1,1,1,1
SF,IF2006,2020-01-14 09:31:31.100,4239.8000,17088,-1,252824820.000,1,0,1,双平,S,4238.8000,4237.8000,4236.0000,4235.8000,4235.0000,4239.0000,4240.6000,4241.2000,4241.4000,4241.6000,1,5,2,1,2,1,1,2,1,1
SF,IF2006,2020-01-14 09:31:31.600,4238.8000,17087,-1,255368160.000,2,0,2,多平,S,4237.8000,4236.0000,4235.8000,4235.0000,4234.8000,4239.0000,4240.6000,4241.2000,4241.4000,4241.6000,5,2,1,2,3,2,1,3,3,2
SF,IF2006,2020-01-14 09:31:32.100,4239.0000,17086,-1,257911560.000,2,0,2,多平,S,4237.8000,4236.0000,4235.8000,4235.0000,4234.8000,4240.6000,4241.2000,4241.4000,4241.6000,4243.6000,5,2,1,2,3,1,3,3,2,1
SF,IF2006,2020-01-14 09:31:32.600,4239.0000,17086,0,257911560.000,0,-,-,-,-,4238.0000,4237.8000,4236.0000,4235.8000,4235.0000,4240.4000,4240.6000,4241.2000,4241.4000,4241.6000,1,5,2,1,2,1,1,3,3,1
SF,IF2006,2020-01-14 09:31:33.100,4239.0000,17086,0,257911560.000,0,-,-,-,-,4238.0000,4237.8000,4236.0000,4235.8000,4235.0000,4240.2000,4240.4000,4240.6000,4241.2000,4241.4000,1,5,2,1,2,1,1,1,3,3
SF,IF2006,2020-01-14 09:31:33.600,4239.0000,17086,0,257911560.000,0,-,-,-,-,4238.0000,4237.8000,4236.0000,4235.8000,4235.0000,4240.0000,4240.2000,4240.6000,4240.8000,4241.2000,1,5,2,1,2,1,2,1,1,3
SF,IF2006,2020-01-14 09:31:34.100,4239.0000,17086,0,257911560.000,0,-,-,-,-,4238.0000,4237.8000,4236.0000,4235.8000,4235.0000,4240.2000,4240.6000,4240.8000,4241.2000,4241.4000,1,5,2,1,2,2,1,1,3,2
SF,IF2006,2020-01-14 09:31:34.600,4239.0000,17086,0,257911560.000,0,-,-,-,-,4238.0000,4237.8000,4236.0000,4235.8000,4235.0000,4240.0000,4240.2000,4240.6000,4241.0000,4241.2000,1,5,2,1,2,1,1,1,1,3
SF,IF2006,2020-01-14 09:31:35.100,4239.0000,17086,0,257911560.000,0,-,-,-,-,4238.0000,4237.8000,4236.0000,4235.8000,4235.0000,4240.0000,4241.0000,4241.2000,4241.4000,4241.6000,1,5,2,1,2,1,1,3,1,1
SF,IF2006,2020-01-14 09:31:35.600,4239.0000,17086,0,257911560.000,0,-,-,-,-,4238.2000,4238.0000,4237.8000,4236.8000,4236.0000,4240.0000,4241.0000,4241.2000,4241.4000,4241.6000,1,1,5,1,2,1,1,3,1,1
SF,IF2006,2020-01-14 09:31:36.100,4239.0000,17086,0,257911560.000,0,-,-,-,-,4238.4000,4238.2000,4237.8000,4236.8000,4236.0000,4240.0000,4241.0000,4241.2000,4241.4000,4241.6000,1,1,5,1,2,1,3,3,1,1
SF,IF2006,2020-01-14 09:31:37.100,4239.0000,17086,0,257911560.000,0,-,-,-,-,4238.4000,4237.8000,4236.8000,4236.0000,4235.8000,4239.8000,4240.0000,4241.0000,4241.2000,4241.4000,1,5,1,2,1,1,1,3,3,1
SF,IF2006,2020-01-14 09:31:38.100,4238.4000,17085,-1,259183080.000,1,0,1,双平,S,4237.8000,4236.8000,4236.0000,4235.8000,4235.0000,4239.8000,4240.0000,4241.0000,4241.2000,4241.4000,5,1,2,1,2,1,1,3,3,1
SF,IF2006,2020-01-14 09:31:38.600,4238.4000,17085,0,259183080.000,0,-,-,-,-,4238.4000,4238.0000,4237.8000,4236.8000,4236.0000,4239.4000,4239.6000,4239.8000,4240.0000,4241.0000,1,1,5,1,2,1,1,1,1,3
SF,IF2006,2020-01-14 09:31:39.100,4238.4000,17085,0,259183080.000,0,-,-,-,-,4238.4000,4237.8000,4236.8000,4236.0000,4235.8000,4239.2000,4239.4000,4239.8000,4240.0000,4241.0000,1,5,1,2,1,1,1,1,1,3
SF,IF2006,2020-01-14 09:31:39.600,4238.4000,17085,0,259183080.000,0,-,-,-,-,4238.4000,4237.8000,4236.8000,4236.0000,4235.8000,4239.2000,4239.4000,4239.8000,4240.0000,4241.0000,1,5,1,2,1,1,1,1,1,3
SF,IF2006,2020-01-14 09:31:40.100,4239.2000,17085,0,260454840.000,1,0,1,多换,S,4238.4000,4237.8000,4236.8000,4236.0000,4235.8000,4239.4000,4239.8000,4240.0000,4241.0000,4241.2000,1,5,1,2,1,1,1,1,3,2
SF,IF2006,2020-01-14 09:31:40.600,4238.4000,17084,-1,261726360.000,1,0,1,双平,S,4237.8000,4236.8000,4236.0000,4235.8000,4235.0000,4238.4000,4239.4000,4239.8000,4240.0000,4241.0000,5,1,2,1,1,1,1,1,2,3
SF,IF2006,2020-01-14 09:31:41.100,4239.4000,17083,-1,264269700.000,2,0,2,多平,S,4237.8000,4236.8000,4236.0000,4235.8000,4235.0000,4239.8000,4240.0000,4241.0000,4241.2000,4241.4000,5,1,2,1,1,1,1,3,2,1
SF,IF2006,2020-01-14 09:31:41.600,4239.8000,17083,0,265541640.000,1,0,1,多换,S,4238.0000,4237.8000,4236.8000,4236.0000,4235.8000,4240.0000,4241.0000,4241.2000,4241.4000,4241.6000,1,5,1,2,1,1,3,2,1,1
SF,IF2006,2020-01-14 09:31:42.100,4239.8000,17083,0,265541640.000,0,-,-,-,-,4238.0000,4237.8000,4236.8000,4236.0000,4235.8000,4239.6000,4240.0000,4241.0000,4241.2000,4241.4000,1,5,1,2,1,1,1,3,2,1
SF,IF2006,2020-01-14 09:31:42.600,4239.8000,17083,0,265541640.000,0,-,-,-,-,4238.0000,4237.8000,4236.8000,4236.0000,4235.8000,4239.6000,4240.0000,4241.0000,4241.2000,4241.4000,1,5,1,2,1,1,2,3,1,1
SF,IF2006,2020-01-14 09:31:43.100,4239.8000,17083,0,265541640.000,0,-,-,-,-,4238.0000,4237.8000,4236.8000,4236.0000,4235.8000,4239.4000,4239.6000,4240.0000,4241.0000,4241.2000,1,5,1,2,1,1,1,2,3,1
SF,IF2006,2020-01-14 09:31:44.100,4239.8000,17083,0,265541640.000,0,-,-,-,-,4238.0000,4237.8000,4236.8000,4236.0000,4235.8000,4239.2000,4239.4000,4239.6000,4240.0000,4241.0000,1,5,1,2,1,1,1,1,2,3
SF,IF2006,2020-01-14 09:31:44.600,4239.8000,17083,0,265541640.000,0,-,-,-,-,4238.0000,4237.8000,4236.8000,4236.0000,4235.8000,4239.2000,4239.6000,4240.0000,4241.0000,4241.2000,1,5,1,2,1,1,1,2,3,1
SF,IF2006,2020-01-14 09:31:45.100,4239.6000,17083,0,266813520.000,1,0,1,多换,S,4238.0000,4237.8000,4236.8000,4236.0000,4235.8000,4240.0000,4240.4000,4241.0000,4241.2000,4241.4000,1,5,1,2,1,2,1,3,1,1
SF,IF2006,2020-01-14 09:31:45.600,4239.6000,17083,0,266813520.000,0,-,-,-,-,4238.0000,4237.8000,4236.8000,4236.0000,4235.8000,4240.0000,4240.4000,4241.0000,4241.2000,4241.4000,1,5,1,2,1,2,1,2,1,1
SF,IF2006,2020-01-14 09:31:46.100,4238.0000,17082,-1,268084920.000,1,0,1,双平,S,4237.8000,4236.8000,4236.0000,4235.8000,4235.0000,4239.8000,4240.0000,4240.4000,4241.0000,4241.2000,5,1,2,1,1,1,2,1,2,1
SF,IF2006,2020-01-14 09:31:46.600,4238.0000,17082,0,268084920.000,0,-,-,-,-,4238.0000,4237.8000,4236.8000,4236.0000,4235.8000,4239.6000,4239.8000,4240.0000,4240.4000,4241.0000,1,5,1,2,1,1,2,2,1,2
SF,IF2006,2020-01-14 09:31:47.600,4239.6000,17082,0,269356800.000,1,0,1,多换,S,4238.0000,4237.8000,4236.8000,4236.0000,4235.8000,4239.6000,4239.8000,4240.0000,4240.4000,4241.0000,1,5,1,2,1,1,2,1,1,2
SF,IF2006,2020-01-14 09:31:48.100,4239.6000,17082,0,269356800.000,0,-,-,-,-,4238.0000,4237.8000,4236.8000,4236.0000,4235.8000,4239.6000,4239.8000,4240.0000,4240.4000,4241.0000,1,5,1,2,1,1,2,1,1,3
SF,IF2006,2020-01-14 09:31:48.600,4239.6000,17082,0,269356800.000,0,-,-,-,-,4239.4000,4238.0000,4237.8000,4236.8000,4236.0000,4239.6000,4239.8000,4240.0000,4240.4000,4241.0000,1,1,5,1,2,3,2,1,1,3
SF,IF2006,2020-01-14 09:31:49.100,4239.6000,17084,2,278259300.000,7,4,3,空开,S,4237.8000,4236.8000,4236.0000,4235.8000,4235.0000,4239.8000,4240.0000,4240.4000,4241.0000,4241.6000,5,1,2,1,1,2,1,1,3,1
SF,IF2006,2020-01-14 09:31:49.600,4239.6000,17084,0,278259300.000,0,-,-,-,-,4238.0000,4237.8000,4236.8000,4236.0000,4235.8000,4239.0000,4239.4000,4239.6000,4239.8000,4240.0000,1,5,1,2,1,2,1,1,2,1
SF,IF2006,2020-01-14 09:31:50.100,4239.6000,17084,0,279531180.000,1,0,1,多换,S,4238.2000,4238.0000,4237.8000,4236.8000,4236.0000,4239.0000,4239.4000,4239.6000,4239.8000,4240.0000,1,1,5,1,2,1,1,2,2,1
SF,IF2006,2020-01-14 09:31:50.600,4239.6000,17084,0,279531180.000,0,-,-,-,-,4238.2000,4237.8000,4236.8000,4236.0000,4235.8000,4239.0000,4239.4000,4239.6000,4239.8000,4240.0000,1,5,1,2,1,1,1,3,2,1
SF,IF2006,2020-01-14 09:31:51.100,4239.6000,17084,0,279531180.000,0,-,-,-,-,4238.2000,4237.8000,4236.8000,4236.0000,4235.8000,4239.0000,4239.4000,4239.6000,4239.8000,4240.0000,1,5,1,2,1,1,1,3,2,1
SF,IF2006,2020-01-14 09:31:51.600,4239.6000,17084,0,279531180.000,0,-,-,-,-,4238.2000,4237.8000,4236.8000,4236.0000,4235.8000,4239.0000,4239.4000,4239.6000,4239.8000,4240.0000,1,5,1,2,1,1,1,3,2,1
SF,IF2006,2020-01-14 09:31:52.100,4238.2000,17083,-1,280802640.000,1,0,1,双平,S,4237.8000,4236.8000,4236.0000,4235.8000,4235.0000,4239.0000,4239.4000,4239.6000,4239.8000,4240.0000,5,1,2,1,1,1,1,3,2,2
SF,IF2006,2020-01-14 09:31:52.600,4238.2000,17083,0,280802640.000,0,-,-,-,-,4237.8000,4236.8000,4236.0000,4235.8000,4235.0000,4238.8000,4239.0000,4239.4000,4239.6000,4239.8000,5,1,2,1,1,1,1,1,2,2
SF,IF2006,2020-01-14 09:31:53.100,4238.2000,17083,0,280802640.000,0,-,-,-,-,4237.8000,4236.8000,4235.8000,4235.0000,4234.8000,4238.8000,4239.0000,4239.4000,4239.6000,4239.8000,5,1,1,1,3,1,1,1,2,2
SF,IF2006,2020-01-14 09:31:55.600,4238.2000,17083,0,280802640.000,0,-,-,-,-,4238.4000,4237.8000,4236.8000,4235.8000,4235.0000,4238.8000,4239.0000,4239.4000,4239.6000,4239.8000,1,5,1,1,1,1,1,1,2,2
SF,IF2006,2020-01-14 09:31:56.600,4238.4000,17081,-2,284617500.000,3,0,3,多平,S,4238.0000,4237.8000,4236.8000,4235.8000,4235.0000,4239.4000,4239.6000,4239.8000,4240.0000,4240.2000,1,5,1,1,1,1,2,2,2,1
SF,IF2006,2020-01-14 09:31:57.100,4238.4000,17081,0,284617500.000,0,-,-,-,-,4238.8000,4238.2000,4238.0000,4237.8000,4236.8000,4239.4000,4239.6000,4239.8000,4240.0000,4240.2000,1,1,1,5,1,1,1,2,2,1
SF,IF2006,2020-01-14 09:31:57.600,4238.2000,17080,-1,287160600.000,2,0,2,多平,S,4238.0000,4237.8000,4236.8000,4235.8000,4235.0000,4239.4000,4239.8000,4240.0000,4240.2000,4240.4000,1,5,1,1,1,1,2,2,1,1
SF,IF2006,2020-01-14 09:31:58.100,4238.2000,17080,0,287160600.000,0,-,-,-,-,4238.0000,4237.8000,4236.8000,4235.8000,4235.0000,4238.8000,4239.2000,4239.4000,4239.8000,4240.0000,1,5,1,1,1,1,1,1,2,2
SF,IF2006,2020-01-14 09:31:58.600,4238.8000,17079,-1,288432240.000,1,0,1,双平,S,4238.8000,4238.0000,4237.8000,4236.8000,4235.8000,4239.2000,4239.4000,4239.8000,4240.0000,4240.2000,1,1,5,1,1,1,1,2,2,1
SF,IF2006,2020-01-14 09:31:59.600,4238.8000,17079,0,289703880.000,1,0,1,多换,S,4238.0000,4237.8000,4236.8000,4235.8000,4235.0000,4239.2000,4239.4000,4239.8000,4240.0000,4240.2000,1,5,1,1,1,1,1,2,2,1
SF,IF2006,2020-01-14 09:32:00.600,4239.2000,17078,-1,290975640.000,1,0,1,双平,S,4238.0000,4237.8000,4236.8000,4235.8000,4235.0000,4239.4000,4239.8000,4240.0000,4240.2000,4240.4000,1,5,1,1,1,1,2,2,1,1
SF,IF2006,2020-01-14 09:32:01.100,4239.4000,17077,-1,292247460.000,1,0,1,双平,S,4238.2000,4238.0000,4237.8000,4236.8000,4235.8000,4239.8000,4240.0000,4240.2000,4240.4000,4241.0000,1,1,5,1,1,2,2,1,1,1
SF,IF2006,2020-01-14 09:32:01.600,4239.4000,17077,0,292247460.000,0,-,-,-,-,4238.2000,4238.0000,4237.8000,4236.8000,4235.8000,4239.4000,4239.8000,4240.0000,4240.2000,4241.0000,2,1,5,1,1,2,2,2,1,1
SF,IF2006,2020-01-14 09:32:02.100,4239.4000,17075,-2,294791100.000,2,0,2,双平,S,4238.2000,4238.0000,4237.8000,4236.8000,4235.8000,4239.8000,4240.0000,4240.2000,4241.0000,4241.6000,2,1,5,1,1,1,2,1,1,1
SF,IF2006,2020-01-14 09:32:02.600,4239.4000,17075,0,294791100.000,0,-,-,-,-,4238.2000,4238.0000,4237.8000,4236.8000,4235.8000,4239.8000,4240.0000,4240.2000,4241.0000,4241.6000,2,1,5,1,1,1,2,1,1,1
SF,IF2006,2020-01-14 09:32:03.100,4239.4000,17075,0,294791100.000,0,-,-,-,-,4238.4000,4238.2000,4238.0000,4237.8000,4236.8000,4239.8000,4240.0000,4240.2000,4241.0000,4241.6000,1,2,1,5,1,1,2,1,1,1
SF,IF2006,2020-01-14 09:32:03.600,4239.4000,17075,0,294791100.000,0,-,-,-,-,4238.6000,4238.4000,4238.2000,4238.0000,4237.8000,4239.8000,4240.0000,4240.2000,4241.0000,4241.6000,1,1,1,1,5,1,2,1,1,1
SF,IF2006,2020-01-14 09:32:04.100,4239.8000,17074,-1,296063040.000,1,0,1,双平,S,4238.6000,4238.0000,4237.8000,4236.8000,4235.8000,4240.0000,4240.2000,4241.0000,4241.6000,4242.6000,2,1,5,1,1,2,1,1,1,1
SF,IF2006,2020-01-14 09:32:04.600,4239.8000,17074,0,296063040.000,0,-,-,-,-,4238.6000,4238.0000,4237.8000,4236.8000,4235.8000,4240.0000,4240.2000,4241.0000,4241.6000,4242.6000,1,1,5,1,1,2,1,1,1,1
SF,IF2006,2020-01-14 09:32:05.100,4240.0000,17073,-1,297335040.000,1,0,1,双平,S,4238.6000,4238.0000,4237.8000,4236.8000,4235.8000,4240.0000,4240.2000,4241.0000,4241.6000,4242.6000,1,1,5,1,1,1,1,1,1,1
SF,IF2006,2020-01-14 09:32:05.600,4240.0000,17073,0,297335040.000,0,-,-,-,-,4238.6000,4238.0000,4237.8000,4237.6000,4236.8000,4240.0000,4240.2000,4241.0000,4241.6000,4242.6000,1,1,5,1,1,1,1,1,1,1
SF,IF2006,2020-01-14 09:32:06.100,4240.0000,17073,0,298607040.000,1,0,1,多换,S,4238.6000,4238.4000,4238.0000,4237.8000,4237.6000,4240.2000,4241.0000,4241.6000,4242.6000,4243.6000,1,2,1,5,1,1,1,1,1,1
SF,IF2006,2020-01-14 09:32:06.600,4240.0000,17073,0,298607040.000,0,-,-,-,-,4238.6000,4238.0000,4237.8000,4237.6000,4236.8000,4240.2000,4241.0000,4241.6000,4242.6000,4243.6000,1,1,5,1,1,1,1,1,1,1
SF,IF2006,2020-01-14 09:32:07.100,4240.0000,17073,0,298607040.000,0,-,-,-,-,4238.6000,4238.4000,4238.0000,4237.8000,4237.6000,4240.0000,4240.2000,4241.0000,4241.6000,4242.6000,1,2,1,5,1,1,1,1,1,1
SF,IF2006,2020-01-14 09:32:07.600,4240.0000,17073,0,298607040.000,0,-,-,-,-,4238.6000,4238.4000,4238.0000,4237.8000,4237.6000,4240.0000,4240.2000,4241.0000,4241.6000,4243.6000,1,1,1,5,1,1,1,1,1,1
SF,IF2006,2020-01-14 09:32:08.100,4240.0000,17073,0,298607040.000,0,-,-,-,-,4238.6000,4238.4000,4238.0000,4237.8000,4236.8000,4239.6000,4240.0000,4240.2000,4241.0000,4241.6000,1,1,1,5,1,1,1,1,1,1
SF,IF2006,2020-01-14 09:32:08.600,4240.0000,17073,0,298607040.000,0,-,-,-,-,4238.6000,4238.4000,4238.0000,4237.8000,4236.8000,4239.6000,4240.0000,4240.2000,4241.0000,4241.6000,1,1,1,5,1,1,1,1,1,1
SF,IF2006,2020-01-14 09:32:09.100,4240.0000,17073,0,298607040.000,0,-,-,-,-,4238.6000,4238.4000,4238.0000,4237.8000,4236.8000,4240.0000,4240.2000,4241.0000,4241.6000,4243.6000,1,1,1,5,1,2,1,1,1,1
SF,IF2006,2020-01-14 09:32:10.100,4240.0000,17073,0,298607040.000,0,-,-,-,-,4238.6000,4238.4000,4238.0000,4237.8000,4236.8000,4240.0000,4240.2000,4241.0000,4241.6000,4243.6000,1,1,1,5,1,3,1,1,1,1
SF,IF2006,2020-01-14 09:32:10.600,4240.0000,17073,0,298607040.000,0,-,-,-,-,4238.6000,4238.4000,4237.8000,4236.8000,4235.8000,4240.0000,4240.2000,4241.0000,4241.6000,4243.6000,1,1,5,1,1,3,1,1,1,1
SF,IF2006,2020-01-14 09:32:12.600,4240.0000,17073,0,299879040.000,1,0,1,多换,S,4238.6000,4238.4000,4237.8000,4236.8000,4235.8000,4239.8000,4240.0000,4240.2000,4241.0000,4241.6000,1,1,5,1,1,1,2,1,1,1
SF,IF2006,2020-01-14 09:32:13.100,4240.0000,17073,0,299879040.000,0,-,-,-,-,4238.6000,4238.4000,4237.8000,4236.8000,4235.8000,4239.8000,4240.0000,4240.2000,4241.0000,4241.6000,1,1,5,1,1,3,2,1,1,1
SF,IF2006,2020-01-14 09:32:13.600,4240.0000,17073,0,299879040.000,0,-,-,-,-,4238.4000,4237.8000,4236.8000,4235.8000,4235.0000,4239.6000,4239.8000,4240.0000,4240.2000,4241.0000,1,5,1,1,1,1,3,2,1,1
SF,IF2006,2020-01-14 09:32:14.100,4238.4000,17073,0,301150560.000,1,0,1,多换,S,4237.8000,4236.8000,4235.8000,4235.0000,4234.8000,4239.4000,4239.6000,4239.8000,4240.0000,4240.2000,5,1,1,1,3,1,2,2,2,1
SF,IF2006,2020-01-14 09:32:14.600,4238.4000,17073,0,301150560.000,0,-,-,-,-,4238.0000,4237.8000,4236.8000,4235.8000,4235.0000,4239.4000,4239.6000,4239.8000,4240.0000,4240.2000,1,5,1,1,1,1,2,2,2,1
SF,IF2006,2020-01-14 09:32:15.100,4238.4000,17073,0,301150560.000,0,-,-,-,-,4238.0000,4237.8000,4236.8000,4235.8000,4235.0000,4239.2000,4239.4000,4239.6000,4239.8000,4240.0000,1,5,1,1,1,2,1,1,2,3
SF,IF2006,2020-01-14 09:32:15.600,4238.4000,17073,0,301150560.000,0,-,-,-,-,4238.0000,4237.8000,4236.8000,4235.8000,4235.0000,4238.4000,4239.2000,4239.4000,4239.6000,4239.8000,1,5,1,1,1,1,2,1,1,2
SF,IF2006,2020-01-14 09:32:16.100,4238.4000,17073,0,301150560.000,0,-,-,-,-,4238.0000,4237.8000,4236.8000,4235.8000,4235.0000,4238.4000,4238.6000,4239.2000,4239.4000,4239.6000,1,5,1,1,1,1,1,2,1,1
SF,IF2006,2020-01-14 09:32:16.600,4238.4000,17073,0,301150560.000,0,-,-,-,-,4238.0000,4237.8000,4236.8000,4235.8000,4235.0000,4238.4000,4238.6000,4239.2000,4239.6000,4239.8000,1,5,1,1,1,1,1,2,1,1
SF,IF2006,2020-01-14 09:32:17.100,4238.4000,17074,1,302422080.000,1,1,0,双开,S,4237.8000,4236.8000,4235.8000,4235.0000,4234.8000,4238.6000,4239.8000,4240.0000,4240.2000,4241.0000,5,1,1,1,3,1,1,3,1,1
SF,IF2006,2020-01-14 09:32:17.600,4238.4000,17074,0,302422080.000,0,-,-,-,-,4238.0000,4237.8000,4236.8000,4235.8000,4235.0000,4238.6000,4239.8000,4240.0000,4240.2000,4241.0000,1,5,1,1,1,1,1,3,1,1
SF,IF2006,2020-01-14 09:32:18.600,4238.0000,17073,-1,304965060.000,2,0,2,多平,S,4237.8000,4236.8000,4235.8000,4235.0000,4234.8000,4239.8000,4240.0000,4240.2000,4241.0000,4241.6000,5,1,1,1,3,1,3,1,1,1
SF,IF2006,2020-01-14 09:32:19.100,4238.0000,17073,0,304965060.000,0,-,-,-,-,4238.2000,4237.8000,4236.8000,4235.8000,4235.0000,4239.6000,4239.8000,4240.0000,4240.2000,4241.6000,1,5,1,1,1,1,1,3,1,1
SF,IF2006,2020-01-14 09:32:19.600,4238.0000,17073,0,304965060.000,0,-,-,-,-,4238.2000,4237.8000,4236.8000,4235.8000,4235.0000,4239.6000,4239.8000,4240.0000,4240.2000,4241.6000,1,5,1,1,1,1,1,2,1,1
SF,IF2006,2020-01-14 09:32:20.100,4238.0000,17073,0,304965060.000,0,-,-,-,-,4238.2000,4237.8000,4236.8000,4235.8000,4235.0000,4239.6000,4239.8000,4240.0000,4240.2000,4241.6000,1,5,1,1,1,1,1,1,1,1
SF,IF2006,2020-01-14 09:32:21.100,4238.0000,17073,0,304965060.000,0,-,-,-,-,4238.2000,4237.8000,4236.8000,4235.8000,4235.0000,4239.4000,4239.6000,4239.8000,4240.0000,4240.2000,1,5,1,1,1,1,1,1,1,1
SF,IF2006,2020-01-14 09:32:21.600,4238.0000,17073,0,304965060.000,0,-,-,-,-,4238.2000,4237.8000,4236.8000,4235.8000,4235.0000,4239.4000,4239.6000,4239.8000,4240.0000,4240.2000,1,5,1,1,1,4,1,1,1,1
SF,IF2006,2020-01-14 09:32:22.100,4238.0000,17073,0,304965060.000,0,-,-,-,-,4238.2000,4237.8000,4236.8000,4235.8000,4235.0000,4239.2000,4239.4000,4239.6000,4239.8000,4240.0000,2,5,1,1,1,1,4,1,1,1
SF,IF2006,2020-01-14 09:32:22.600,4238.0000,17073,0,304965060.000,0,-,-,-,-,4238.2000,4237.8000,4236.8000,4235.8000,4235.0000,4239.0000,4239.2000,4239.4000,4239.6000,4239.8000,2,5,1,1,1,1,1,3,1,1
SF,IF2006,2020-01-14 09:32:23.100,4238.0000,17073,0,304965060.000,0,-,-,-,-,4238.2000,4237.8000,4236.8000,4235.8000,4235.0000,4239.0000,4239.2000,4239.4000,4239.6000,4239.8000,2,5,1,1,1,2,1,1,1,1
SF,IF2006,2020-01-14 09:32:23.600,4238.0000,17073,0,304965060.000,0,-,-,-,-,4238.2000,4237.8000,4236.8000,4235.8000,4235.0000,4238.8000,4239.0000,4239.2000,4239.4000,4239.8000,2,5,1,1,1,1,1,1,1,1
SF,IF2006,2020-01-14 09:32:24.100,4238.0000,17073,0,304965060.000,0,-,-,-,-,4238.2000,4237.8000,4236.8000,4235.8000,4235.0000,4238.8000,4239.0000,4239.2000,4239.8000,4240.0000,2,5,1,1,1,1,1,1,1,1
SF,IF2006,2020-01-14 09:32:24.600,4238.2000,17073,0,306236520.000,1,0,1,多换,S,4238.2000,4237.8000,4236.8000,4235.8000,4235.0000,4238.8000,4239.2000,4239.8000,4240.0000,4240.2000,1,5,1,1,1,1,1,1,1,1
SF,IF2006,2020-01-14 09:32:25.100,4238.8000,17073,0,308779620.000,2,1,1,多换,S,4239.0000,4237.8000,4236.8000,4235.8000,4235.0000,4239.2000,4239.6000,4239.8000,4240.0000,4240.2000,2,5,1,1,1,1,1,1,1,1
SF,IF2006,2020-01-14 09:32:25.600,4239.0000,17073,0,311323020.000,2,1,1,多换,S,4237.8000,4236.8000,4235.8000,4235.0000,4234.8000,4238.6000,4239.2000,4239.6000,4239.8000,4240.0000,5,1,1,1,3,2,1,1,1,1
SF,IF2006,2020-01-14 09:32:26.100,4239.0000,17073,0,311323020.000,0,-,-,-,-,4237.8000,4236.8000,4235.8000,4235.0000,4234.8000,4238.6000,4239.0000,4239.2000,4239.6000,4239.8000,5,1,1,1,3,3,1,1,1,1
SF,IF2006,2020-01-14 09:32:26.600,4239.0000,17073,0,311323020.000,0,-,-,-,-,4237.8000,4236.8000,4235.8000,4235.0000,4234.8000,4238.6000,4239.0000,4239.2000,4239.6000,4239.8000,5,1,1,1,3,3,1,1,1,1
SF,IF2006,2020-01-14 09:32:28.100,4239.0000,17073,0,311323020.000,0,-,-,-,-,4237.8000,4236.8000,4235.8000,4235.0000,4234.8000,4238.6000,4239.0000,4239.2000,4239.6000,4239.8000,5,1,1,1,3,3,2,1,1,1
SF,IF2006,2020-01-14 09:32:28.600,4239.0000,17073,0,311323020.000,0,-,-,-,-,4237.8000,4236.8000,4235.8000,4235.0000,4234.8000,4238.6000,4239.0000,4239.2000,4239.6000,4239.8000,5,1,1,1,3,3,2,1,1,1
SF,IF2006,2020-01-14 09:32:29.100,4237.8000,17073,0,317679720.000,5,2,3,多换,S,4236.8000,4235.8000,4235.0000,4234.8000,4234.0000,4237.6000,4238.6000,4239.0000,4239.2000,4239.6000,1,1,1,3,1,15,3,2,1,1
SF,IF2006,2020-01-14 09:32:29.600,4237.8000,17073,0,318951060.000,1,0,1,多换,S,4236.8000,4235.8000,4235.0000,4234.8000,4234.0000,4237.6000,4238.0000,4238.6000,4239.0000,4239.2000,1,1,1,3,1,14,1,3,2,1
SF,IF2006,2020-01-14 09:32:30.100,4237.8000,17073,0,318951060.000,0,-,-,-,-,4236.8000,4235.8000,4235.0000,4234.8000,4234.0000,4237.6000,4238.0000,4238.6000,4239.0000,4239.2000,1,1,1,3,1,14,1,3,1,1
SF,IF2006,2020-01-14 09:32:30.600,4236.8000,17073,0,320222100.000,1,0,1,多换,S,4235.8000,4235.0000,4234.8000,4234.0000,4233.6000,4237.6000,4238.0000,4238.6000,4239.0000,4239.2000,1,1,3,1,3,14,1,3,1,1
SF,IF2006,2020-01-14 09:32:31.100,4236.8000,17073,0,320222100.000,0,-,-,-,-,4236.0000,4235.8000,4235.0000,4234.8000,4234.0000,4236.8000,4237.4000,4237.6000,4238.0000,4238.6000,1,1,1,3,1,1,1,14,1,3
SF,IF2006,2020-01-14 09:32:31.600,4236.8000,17072,-1,321493140.000,1,0,1,双平,S,4236.0000,4235.8000,4235.0000,4234.8000,4234.0000,4237.4000,4237.6000,4238.0000,4238.6000,4239.0000,1,1,1,3,1,1,14,1,4,1
SF,IF2006,2020-01-14 09:32:32.100,4236.8000,17072,0,321493140.000,0,-,-,-,-,4236.0000,4235.8000,4235.0000,4234.8000,4234.0000,4237.6000,4238.0000,4238.6000,4239.0000,4239.2000,1,1,1,3,1,14,1,4,1,1
SF,IF2006,2020-01-14 09:32:32.600,4236.8000,17072,0,321493140.000,0,-,-,-,-,4236.0000,4235.8000,4235.0000,4234.8000,4234.0000,4236.8000,4237.6000,4238.0000,4238.6000,4239.0000,1,1,1,3,1,1,14,1,4,1
SF,IF2006,2020-01-14 09:32:33.600,4236.8000,17072,0,321493140.000,0,-,-,-,-,4236.0000,4235.8000,4235.0000,4234.8000,4234.0000,4236.8000,4237.6000,4238.0000,4238.6000,4239.0000,3,1,1,3,1,1,14,1,4,1
SF,IF2006,2020-01-14 09:32:34.100,4236.8000,17072,0,321493140.000,0,-,-,-,-,4236.0000,4235.8000,4235.0000,4234.8000,4234.0000,4236.8000,4237.6000,4238.0000,4238.6000,4239.0000,1,1,1,3,1,1,14,1,3,1
SF,IF2006,2020-01-14 09:32:34.600,4236.8000,17072,0,321493140.000,0,-,-,-,-,4236.0000,4235.8000,4235.0000,4234.8000,4234.0000,4236.8000,4237.6000,4238.0000,4238.6000,4239.0000,1,1,1,3,1,1,14,1,2,1
SF,IF2006,2020-01-14 09:32:35.100,4236.8000,17072,0,321493140.000,0,-,-,-,-,4236.0000,4235.8000,4235.0000,4234.8000,4234.0000,4236.8000,4237.6000,4238.0000,4238.6000,4239.0000,1,1,1,3,1,1,14,1,2,1
SF,IF2006,2020-01-14 09:32:35.600,4236.8000,17071,-1,322764180.000,1,0,1,双平,S,4236.0000,4235.8000,4235.0000,4234.8000,4234.0000,4237.6000,4238.0000,4238.6000,4239.0000,4239.2000,1,1,1,3,1,14,1,2,1,1
SF,IF2006,2020-01-14 09:32:36.100,4236.8000,17071,0,322764180.000,0,-,-,-,-,4236.0000,4235.8000,4235.0000,4234.8000,4234.0000,4237.4000,4237.6000,4238.0000,4238.6000,4239.0000,1,1,1,3,1,1,14,1,2,1
SF,IF2006,2020-01-14 09:32:36.600,4236.8000,17071,0,322764180.000,0,-,-,-,-,4235.8000,4235.0000,4234.8000,4234.0000,4233.6000,4237.4000,4237.6000,4238.0000,4238.6000,4239.0000,1,1,3,1,3,1,14,1,2,1
SF,IF2006,2020-01-14 09:32:37.600,4236.8000,17071,0,322764180.000,0,-,-,-,-,4235.8000,4235.0000,4234.8000,4234.0000,4233.6000,4237.2000,4237.4000,4237.6000,4238.0000,4238.6000,1,1,3,1,3,1,1,14,1,2
SF,IF2006,2020-01-14 09:32:38.100,4236.8000,17071,0,322764180.000,0,-,-,-,-,4235.8000,4235.0000,4234.8000,4234.0000,4233.6000,4237.0000,4237.2000,4237.6000,4238.0000,4238.6000,1,1,3,1,3,1,1,14,1,2
SF,IF2006,2020-01-14 09:32:39.600,4237.0000,17071,0,325306020.000,2,1,1,多换,S,4235.0000,4234.8000,4234.0000,4233.6000,4232.8000,4237.6000,4238.0000,4238.6000,4239.0000,4239.2000,1,3,1,3,1,14,1,2,1,1
SF,IF2006,2020-01-14 09:32:40.100,4237.0000,17071,0,325306020.000,0,-,-,-,-,4235.2000,4235.0000,4234.8000,4234.0000,4233.6000,4237.2000,4237.4000,4237.6000,4238.0000,4238.6000,1,1,3,1,3,1,1,14,1,2
SF,IF2006,2020-01-14 09:32:40.600,4237.0000,17071,0,325306020.000,0,-,-,-,-,4237.0000,4235.2000,4235.0000,4234.8000,4234.0000,4237.2000,4237.6000,4238.0000,4238.6000,4239.0000,1,1,1,3,1,2,14,1,2,1
SF,IF2006,2020-01-14 09:32:41.100,4237.0000,17070,-1,326577120.000,1,0,1,双平,S,4235.2000,4235.0000,4234.8000,4234.0000,4233.6000,4236.6000,4237.2000,4237.6000,4238.0000,4238.6000,1,1,3,1,3,1,2,14,1,2
SF,IF2006,2020-01-14 09:32:41.600,4234.8000,17064,-6,334200360.000,6,0,6,双平,S,4234.0000,4233.6000,4232.8000,4231.0000,4229.0000,4234.8000,4236.6000,4236.8000,4237.2000,4237.6000,1,3,1,1,2,14,2,1,1,14
SF,IF2006,2020-01-14 09:32:42.100,4234.8000,17051,-13,351986520.000,14,0,14,多平,S,4234.8000,4234.0000,4233.6000,4232.8000,4231.0000,4236.6000,4236.8000,4237.2000,4237.6000,4238.0000,1,1,3,1,1,2,1,1,14,1
SF,IF2006,2020-01-14 09:32:42.600,4234.8000,17051,0,351986520.000,0,-,-,-,-,4235.0000,4234.8000,4234.0000,4233.6000,4232.8000,4236.6000,4236.8000,4237.6000,4238.0000,4238.6000,3,1,1,3,1,2,2,14,1,1
SF,IF2006,2020-01-14 09:32:43.100,4234.8000,17051,0,351986520.000,0,-,-,-,-,4235.0000,4234.8000,4234.0000,4233.6000,4232.8000,4236.4000,4236.6000,4236.8000,4237.6000,4238.0000,1,1,1,3,1,1,2,2,14,1
SF,IF2006,2020-01-14 09:32:43.600,4234.8000,17051,0,351986520.000,0,-,-,-,-,4235.0000,4234.8000,4234.0000,4233.6000,4232.8000,4236.4000,4236.6000,4236.8000,4237.6000,4238.0000,1,1,1,4,1,1,2,1,14,1
SF,IF2006,2020-01-14 09:32:44.100,4234.8000,17051,0,351986520.000,0,-,-,-,-,4235.0000,4234.6000,4234.0000,4233.6000,4233.0000,4236.4000,4236.6000,4237.6000,4238.0000,4238.6000,1,1,1,4,1,1,2,14,1,1
SF,IF2006,2020-01-14 09:32:44.600,4234.8000,17051,0,351986520.000,0,-,-,-,-,4234.6000,4234.0000,4233.6000,4233.0000,4231.0000,4236.4000,4236.6000,4237.6000,4238.0000,4238.6000,1,1,4,1,1,1,2,14,1,1
SF,IF2006,2020-01-14 09:32:45.100,4234.8000,17051,0,351986520.000,0,-,-,-,-,4235.0000,4234.0000,4233.6000,4233.0000,4231.0000,4236.4000,4236.6000,4237.6000,4238.0000,4238.6000,1,1,5,1,1,2,2,14,1,1
SF,IF2006,2020-01-14 09:32:45.600,4235.0000,17050,-1,353257020.000,1,0,1,双平,S,4234.0000,4233.6000,4233.0000,4231.0000,4229.0000,4236.2000,4236.4000,4236.6000,4237.6000,4238.0000,1,5,1,1,2,2,2,2,14,1
SF,IF2006,2020-01-14 09:32:46.100,4235.0000,17050,0,353257020.000,0,-,-,-,-,4234.2000,4234.0000,4233.6000,4233.0000,4231.0000,4236.0000,4236.2000,4236.6000,4237.6000,4238.0000,1,1,5,1,1,2,2,2,14,1
SF,IF2006,2020-01-14 09:32:47.100,4235.0000,17050,0,353257020.000,0,-,-,-,-,4234.2000,4234.0000,4233.6000,4233.0000,4231.0000,4235.8000,4236.0000,4236.2000,4236.6000,4237.6000,1,1,5,1,1,1,2,2,2,14
SF,IF2006,2020-01-14 09:32:47.600,4235.0000,17050,0,353257020.000,0,-,-,-,-,4234.0000,4233.6000,4233.0000,4231.0000,4229.0000,4235.6000,4235.8000,4236.2000,4236.6000,4237.6000,1,3,1,1,2,2,1,1,2,14
SF,IF2006,2020-01-14 09:32:48.100,4235.0000,17050,0,353257020.000,0,-,-,-,-,4234.0000,4233.6000,4233.0000,4232.2000,4231.0000,4235.6000,4235.8000,4236.2000,4236.6000,4237.6000,1,3,1,1,1,2,1,1,2,14
SF,IF2006,2020-01-14 09:32:48.600,4235.0000,17050,0,353257020.000,0,-,-,-,-,4234.0000,4233.6000,4233.0000,4232.2000,4231.0000,4235.4000,4235.6000,4235.8000,4236.2000,4236.6000,1,3,1,1,1,1,2,1,1,2
SF,IF2006,2020-01-14 09:32:49.100,4235.0000,17050,0,353257020.000,0,-,-,-,-,4234.0000,4233.8000,4233.6000,4233.0000,4231.0000,4235.2000,4235.4000,4235.6000,4236.2000,4236.6000,1,1,3,1,1,2,1,1,1,2
SF,IF2006,2020-01-14 09:32:49.600,4235.0000,17050,0,353257020.000,0,-,-,-,-,4234.0000,4233.6000,4233.0000,4231.0000,4229.0000,4235.2000,4235.4000,4235.6000,4236.2000,4236.6000,1,3,2,1,2,2,1,1,1,2
SF,IF2006,2020-01-14 09:32:50.100,4235.0000,17050,0,353257020.000,0,-,-,-,-,4234.4000,4234.0000,4233.6000,4233.0000,4231.0000,4235.2000,4235.4000,4236.2000,4236.6000,4237.6000,1,1,3,1,1,2,1,1,1,14
SF,IF2006,2020-01-14 09:32:50.600,4235.0000,17050,0,353257020.000,0,-,-,-,-,4234.4000,4234.0000,4233.6000,4233.0000,4231.0000,4235.4000,4236.0000,4236.2000,4236.6000,4237.6000,1,1,3,1,1,1,1,1,1,14
SF,IF2006,2020-01-14 09:32:51.100,4235.0000,17050,0,353257020.000,0,-,-,-,-,4234.4000,4234.0000,4233.6000,4233.0000,4231.0000,4236.0000,4236.6000,4237.6000,4238.6000,4239.0000,1,1,3,1,1,1,1,14,1,1
SF,IF2006,2020-01-14 09:32:51.600,4235.0000,17050,0,353257020.000,0,-,-,-,-,4234.6000,4234.4000,4234.0000,4233.6000,4231.0000,4236.0000,4236.6000,4237.6000,4238.6000,4239.0000,1,1,1,3,1,1,1,14,1,1
SF,IF2006,2020-01-14 09:32:52.100,4235.0000,17050,0,353257020.000,0,-,-,-,-,4234.6000,4234.4000,4234.0000,4233.8000,4233.6000,4236.0000,4236.6000,4237.6000,4238.6000,4239.0000,2,1,1,1,3,1,1,14,1,1
SF,IF2006,2020-01-14 09:32:52.600,4235.0000,17050,0,353257020.000,0,-,-,-,-,4234.6000,4234.4000,4234.0000,4233.8000,4233.6000,4236.6000,4237.6000,4238.6000,4239.0000,4239.6000,2,1,1,1,3,1,14,1,1,1
SF,IF2006,2020-01-14 09:32:53.100,4235.0000,17050,0,353257020.000,0,-,-,-,-,4234.6000,4234.4000,4234.0000,4233.8000,4233.6000,4236.2000,4236.4000,4236.6000,4237.6000,4238.6000,2,1,1,1,3,1,1,1,14,1
SF,IF2006,2020-01-14 09:32:53.600,4235.0000,17050,0,353257020.000,0,-,-,-,-,4234.4000,4234.0000,4233.8000,4233.6000,4231.0000,4236.0000,4236.2000,4236.6000,4237.6000,4238.6000,1,1,1,3,1,1,1,1,14,1
SF,IF2006,2020-01-14 09:32:54.100,4235.0000,17050,0,353257020.000,0,-,-,-,-,4234.4000,4234.0000,4233.8000,4233.6000,4231.0000,4235.8000,4236.0000,4236.6000,4237.6000,4238.6000,1,1,1,3,1,2,2,1,14,1
SF,IF2006,2020-01-14 09:32:54.600,4235.0000,17050,0,353257020.000,0,-,-,-,-,4234.4000,4234.0000,4233.8000,4233.6000,4231.0000,4235.6000,4235.8000,4236.0000,4236.6000,4237.6000,1,1,1,3,1,1,2,2,1,14
SF,IF2006,2020-01-14 09:32:55.100,4234.4000,17050,0,354527340.000,1,0,1,多换,S,4234.0000,4233.6000,4233.4000,4231.0000,4230.2000,4235.6000,4235.8000,4236.0000,4236.6000,4237.6000,1,3,1,1,1,3,1,1,1,14
SF,IF2006,2020-01-14 09:32:55.600,4234.4000,17050,0,354527340.000,0,-,-,-,-,4234.2000,4234.0000,4233.6000,4233.4000,4231.0000,4235.6000,4235.8000,4236.0000,4236.6000,4237.6000,1,1,3,1,1,3,1,1,1,14
SF,IF2006,2020-01-14 09:32:56.100,4234.4000,17050,0,354527340.000,0,-,-,-,-,4234.2000,4234.0000,4233.6000,4233.4000,4231.0000,4234.4000,4235.6000,4236.0000,4236.6000,4237.6000,1,1,3,1,1,1,2,1,1,14
SF,IF2006,2020-01-14 09:32:56.600,4234.4000,17046,-4,365960220.000,9,2,7,多平,S,4234.0000,4233.6000,4233.4000,4231.0000,4230.2000,4234.2000,4235.6000,4236.0000,4236.6000,4237.6000,1,3,1,1,1,12,1,1,1,14
SF,IF2006,2020-01-14 09:32:57.100,4235.6000,17042,-4,382474020.000,13,4,9,多平,S,4234.6000,4234.2000,4234.0000,4233.6000,4231.0000,4236.0000,4236.6000,4237.6000,4238.6000,4239.0000,1,1,1,3,1,1,1,14,1,1
SF,IF2006,2020-01-14 09:32:57.600,4235.6000,17042,0,382474020.000,0,-,-,-,-,4234.6000,4234.2000,4234.0000,4233.6000,4231.0000,4236.0000,4236.6000,4237.6000,4238.6000,4239.0000,1,3,1,3,1,1,1,14,1,1
SF,IF2006,2020-01-14 09:32:58.600,4235.6000,17042,0,382474020.000,0,-,-,-,-,4234.6000,4234.2000,4234.0000,4233.6000,4231.0000,4236.0000,4236.6000,4236.8000,4237.6000,4238.6000,1,3,1,3,1,1,1,1,14,1
SF,IF2006,2020-01-14 09:32:59.100,4235.6000,17042,0,382474020.000,0,-,-,-,-,4234.8000,4234.6000,4234.2000,4234.0000,4233.6000,4236.0000,4236.6000,4236.8000,4237.6000,4238.6000,1,1,3,1,3,1,1,1,14,1
SF,IF2006,2020-01-14 09:32:59.600,4235.6000,17042,0,382474020.000,0,-,-,-,-,4234.8000,4234.6000,4234.2000,4234.0000,4233.6000,4236.0000,4236.6000,4236.8000,4237.6000,4238.6000,1,1,3,2,3,1,1,1,14,1
SF,IF2006,2020-01-14 09:33:00.100,4235.6000,17042,0,382474020.000,0,-,-,-,-,4234.8000,4234.6000,4234.2000,4234.0000,4233.6000,4236.0000,4236.6000,4237.6000,4238.6000,4239.0000,1,1,2,2,3,1,1,14,1,1
SF,IF2006,2020-01-14 09:33:00.600,4235.6000,17042,0,382474020.000,0,-,-,-,-,4234.8000,4234.6000,4234.2000,4234.0000,4233.6000,4236.0000,4236.6000,4237.6000,4238.6000,4239.0000,1,1,2,2,3,1,1,14,1,1
SF,IF2006,2020-01-14 09:33:01.100,4235.0000,17040,-2,385015320.000,2,0,2,双平,S,4234.8000,4234.6000,4234.4000,4234.2000,4234.0000,4236.6000,4237.6000,4238.6000,4239.0000,4239.6000,1,1,1,2,2,1,14,1,1,1
SF,IF2006,2020-01-14 09:33:01.600,4235.0000,17040,0,385015320.000,0,-,-,-,-,4235.0000,4234.8000,4234.2000,4234.0000,4233.6000,4236.6000,4237.6000,4238.6000,4239.0000,4239.6000,1,2,2,2,3,1,14,1,1,1
SF,IF2006,2020-01-14 09:33:02.100,4235.0000,17040,0,385015320.000,0,-,-,-,-,4235.2000,4235.0000,4234.8000,4234.2000,4234.0000,4236.6000,4237.6000,4238.6000,4239.0000,4239.6000,1,3,1,2,2,1,14,1,1,1
SF,IF2006,2020-01-14 09:33:02.600,4235.2000,17039,-1,386285880.000,1,0,1,双平,S,4235.4000,4234.8000,4234.6000,4234.2000,4234.0000,4236.6000,4237.6000,4238.6000,4239.0000,4239.6000,1,1,1,2,2,1,14,1,1,1
SF,IF2006,2020-01-14 09:33:03.100,4235.2000,17039,0,386285880.000,0,-,-,-,-,4235.4000,4234.6000,4234.2000,4234.0000,4233.6000,4236.0000,4236.6000,4237.6000,4238.6000,4239.0000,1,1,2,2,3,1,1,14,1,1
SF,IF2006,2020-01-14 09:33:03.600,4236.0000,17038,-1,387556680.000,1,0,1,双平,S,4234.6000,4234.2000,4234.0000,4233.6000,4231.0000,4234.8000,4236.6000,4237.6000,4238.6000,4239.0000,1,2,2,3,1,2,1,14,1,1
SF,IF2006,2020-01-14 09:33:04.100,4234.8000,17036,-2,390097800.000,2,0,2,双平,S,4236.0000,4235.4000,4235.0000,4234.8000,4234.6000,4236.6000,4237.6000,4238.6000,4239.0000,4239.6000,2,1,2,2,1,1,14,1,1,1
SF,IF2006,2020-01-14 09:33:04.600,4236.6000,17034,-2,392639760.000,2,0,2,双平,S,4236.0000,4235.4000,4235.0000,4234.8000,4234.6000,4237.6000,4238.6000,4239.0000,4239.6000,4240.0000,2,1,3,1,1,14,1,1,1,2
SF,IF2006,2020-01-14 09:33:05.100,4236.6000,17034,0,392639760.000,0,-,-,-,-,4235.2000,4235.0000,4234.6000,4234.2000,4234.0000,4237.4000,4237.6000,4238.6000,4239.0000,4239.6000,1,1,1,2,2,1,14,1,1,1
SF,IF2006,2020-01-14 09:33:05.600,4236.6000,17034,0,392639760.000,0,-,-,-,-,4235.4000,4235.2000,4235.0000,4234.6000,4234.2000,4237.6000,4238.6000,4239.0000,4239.6000,4240.0000,2,1,2,1,2,14,4,1,1,1
SF,IF2006,2020-01-14 09:33:06.100,4236.6000,17034,0,393910740.000,1,0,1,多换,S,4235.6000,4235.4000,4235.2000,4235.0000,4234.6000,4237.4000,4237.6000,4238.6000,4239.0000,4239.6000,1,1,1,1,1,1,14,4,1,1
SF,IF2006,2020-01-14 09:33:06.600,4236.6000,17034,0,393910740.000,0,-,-,-,-,4235.4000,4235.2000,4235.0000,4234.6000,4234.2000,4237.4000,4237.6000,4238.6000,4239.0000,4239.6000,1,1,1,1,2,2,14,4,1,1
SF,IF2006,2020-01-14 09:33:08.100,4237.4000,17034,0,395181960.000,1,0,1,多换,S,4237.4000,4235.4000,4235.0000,4234.6000,4234.2000,4237.6000,4238.6000,4239.0000,4239.6000,4240.0000,5,2,1,1,2,14,4,1,1,1
SF,IF2006,2020-01-14 09:33:08.600,4235.4000,17033,-1,402808680.000,6,2,4,多平,S,4235.4000,4235.0000,4234.6000,4234.2000,4234.0000,4237.2000,4237.6000,4238.6000,4239.0000,4239.6000,1,1,1,2,2,1,14,4,1,1
SF,IF2006,2020-01-14 09:33:09.100,4237.2000,17033,0,404079840.000,1,0,1,多换,S,4236.0000,4235.8000,4235.6000,4235.4000,4235.0000,4237.6000,4238.6000,4239.0000,4239.6000,4240.0000,2,1,1,1,1,14,4,1,1,1
SF,IF2006,2020-01-14 09:33:09.600,4237.2000,17033,0,404079840.000,0,-,-,-,-,4235.8000,4235.6000,4235.4000,4235.0000,4234.8000,4237.4000,4237.6000,4238.6000,4239.0000,4239.6000,1,1,1,1,2,1,14,4,1,1
SF,IF2006,2020-01-14 09:33:10.100,4237.2000,17033,0,404079840.000,0,-,-,-,-,4236.4000,4235.8000,4235.4000,4235.0000,4234.8000,4237.4000,4237.6000,4238.6000,4239.0000,4239.6000,1,1,2,1,2,1,14,4,1,1
SF,IF2006,2020-01-14 09:33:10.600,4237.2000,17033,0,404079840.000,0,-,-,-,-,4236.4000,4235.4000,4235.0000,4234.8000,4234.6000,4237.2000,4237.4000,4237.6000,4238.6000,4239.0000,1,1,1,2,1,1,2,14,4,1
SF,IF2006,2020-01-14 09:33:11.100,4237.2000,17032,-1,406621920.000,2,0,2,多平,S,4236.0000,4235.4000,4235.2000,4235.0000,4234.8000,4237.4000,4237.6000,4238.6000,4239.0000,4239.6000,1,1,1,2,2,2,14,4,1,1
SF,IF2006,2020-01-14 09:33:11.600,4237.2000,17032,0,406621920.000,0,-,-,-,-,4236.0000,4235.4000,4235.2000,4235.0000,4234.8000,4237.4000,4237.6000,4238.6000,4239.0000,4239.6000,1,1,1,2,2,2,14,4,1,1
SF,IF2006,2020-01-14 09:33:12.100,4237.2000,17032,0,406621920.000,0,-,-,-,-,4236.0000,4235.4000,4235.2000,4235.0000,4234.8000,4237.4000,4237.6000,4238.6000,4239.0000,4239.6000,1,1,1,2,2,1,14,4,1,1
SF,IF2006,2020-01-14 09:33:12.600,4237.2000,17032,0,406621920.000,0,-,-,-,-,4236.0000,4235.4000,4235.0000,4234.8000,4234.4000,4237.4000,4237.6000,4238.6000,4239.0000,4239.6000,1,1,3,2,2,1,14,4,1,1
SF,IF2006,2020-01-14 09:33:13.100,4237.2000,17032,0,406621920.000,0,-,-,-,-,4236.0000,4235.4000,4235.0000,4234.8000,4234.4000,4236.8000,4237.4000,4237.6000,4238.6000,4239.0000,1,1,3,2,2,1,1,14,4,1
SF,IF2006,2020-01-14 09:33:13.600,4237.2000,17032,0,406621920.000,0,-,-,-,-,4236.0000,4235.4000,4235.0000,4234.8000,4234.4000,4236.8000,4237.6000,4238.6000,4239.0000,4239.6000,1,1,3,2,1,1,14,4,1,1
SF,IF2006,2020-01-14 09:33:14.600,4237.2000,17032,0,406621920.000,0,-,-,-,-,4236.0000,4235.4000,4235.0000,4234.8000,4234.4000,4236.8000,4237.6000,4238.6000,4239.0000,4239.6000,1,1,3,3,1,1,14,4,1,1
SF,IF2006,2020-01-14 09:33:15.100,4237.2000,17032,0,406621920.000,0,-,-,-,-,4236.0000,4235.4000,4235.0000,4234.8000,4234.4000,4236.8000,4237.6000,4238.6000,4239.0000,4239.6000,1,1,3,3,1,1,14,4,1,1
SF,IF2006,2020-01-14 09:33:15.600,4237.2000,17032,0,406621920.000,0,-,-,-,-,4236.2000,4236.0000,4235.4000,4235.0000,4234.8000,4236.8000,4237.6000,4238.6000,4239.0000,4239.6000,1,1,1,3,3,1,14,4,1,1
SF,IF2006,2020-01-14 09:33:16.100,4237.2000,17032,0,406621920.000,0,-,-,-,-,4236.2000,4236.0000,4235.4000,4235.0000,4234.8000,4236.8000,4237.6000,4238.6000,4239.0000,4239.6000,1,1,1,3,3,1,14,4,2,1
SF,IF2006,2020-01-14 09:33:16.600,4236.8000,17031,-1,407892960.000,1,0,1,双平,S,4236.0000,4235.4000,4235.0000,4234.8000,4234.4000,4237.6000,4238.6000,4239.0000,4239.6000,4240.0000,1,1,2,3,1,14,4,2,1,3
SF,IF2006,2020-01-14 09:33:17.100,4236.0000,17029,-2,411705360.000,3,0,3,多平,S,4235.4000,4235.0000,4234.8000,4234.4000,4234.2000,4237.4000,4237.6000,4238.6000,4239.0000,4239.6000,1,2,3,1,2,1,14,4,2,1
SF,IF2006,2020-01-14 09:33:17.600,4236.0000,17029,0,411705360.000,0,-,-,-,-,4235.6000,4235.4000,4235.0000,4234.8000,4234.4000,4237.4000,4237.6000,4238.6000,4239.0000,4239.6000,2,1,2,2,1,1,14,4,2,1
SF,IF2006,2020-01-14 09:33:18.100,4236.0000,17029,0,411705360.000,0,-,-,-,-,4236.4000,4235.6000,4235.4000,4235.0000,4234.8000,4237.4000,4237.6000,4238.6000,4239.0000,4239.6000,1,2,1,2,2,1,14,4,2,1
SF,IF2006,2020-01-14 09:33:18.600,4236.4000,17029,0,412976280.000,1,0,1,多换,S,4235.6000,4235.4000,4235.0000,4234.8000,4234.4000,4237.4000,4237.6000,4238.6000,4239.0000,4239.6000,2,1,2,2,1,1,14,4,2,1
SF,IF2006,2020-01-14 09:33:19.100,4236.4000,17029,0,412976280.000,0,-,-,-,-,4235.6000,4235.4000,4235.0000,4234.8000,4234.4000,4237.0000,4237.4000,4237.6000,4238.6000,4239.0000,1,1,2,2,1,1,1,14,4,2
SF,IF2006,2020-01-14 09:33:19.600,4236.4000,17029,0,412976280.000,0,-,-,-,-,4235.4000,4235.0000,4234.8000,4234.4000,4234.2000,4237.0000,4237.2000,4237.4000,4237.6000,4238.6000,1,1,2,1,2,1,1,1,14,4
SF,IF2006,2020-01-14 09:33:20.100,4236.4000,17029,0,412976280.000,0,-,-,-,-,4235.4000,4235.0000,4234.8000,4234.4000,4234.2000,4236.8000,4237.0000,4237.6000,4238.6000,4239.0000,1,1,2,1,2,2,1,14,4,2
SF,IF2006,2020-01-14 09:33:20.600,4236.4000,17029,0,412976280.000,0,-,-,-,-,4235.6000,4235.4000,4235.0000,4234.8000,4234.2000,4237.0000,4237.6000,4238.6000,4239.0000,4239.6000,1,1,1,2,2,1,14,4,2,1
SF,IF2006,2020-01-14 09:33:21.100,4237.0000,17029,0,414247380.000,1,0,1,多换,S,4235.6000,4235.4000,4235.2000,4235.0000,4234.8000,4237.6000,4238.6000,4239.0000,4239.6000,4240.0000,1,1,1,1,3,14,4,2,1,3
SF,IF2006,2020-01-14 09:33:21.600,4237.0000,17029,0,414247380.000,0,-,-,-,-,4237.0000,4235.6000,4235.4000,4235.2000,4235.0000,4237.4000,4237.6000,4238.6000,4239.0000,4239.6000,1,1,1,1,1,1,14,4,2,1
SF,IF2006,2020-01-14 09:33:22.100,4237.0000,17029,0,415518480.000,1,0,1,多换,S,4235.6000,4235.4000,4235.2000,4235.0000,4234.8000,4237.4000,4237.6000,4238.6000,4239.0000,4239.6000,1,1,1,1,3,1,14,4,2,1
SF,IF2006,2020-01-14 09:33:22.600,4237.0000,17029,0,415518480.000,0,-,-,-,-,4235.6000,4235.4000,4235.2000,4235.0000,4234.8000,4237.4000,4237.6000,4238.6000,4239.0000,4239.6000,1,4,1,1,3,1,14,4,2,1
SF,IF2006,2020-01-14 09:33:23.100,4237.0000,17029,0,416789580.000,1,0,1,多换,S,4235.6000,4235.4000,4235.2000,4235.0000,4234.8000,4236.0000,4237.4000,4237.6000,4238.6000,4239.0000,1,4,1,1,3,1,1,14,4,2
SF,IF2006,2020-01-14 09:33:23.600,4236.0000,17028,-1,418060380.000,1,0,1,双平,S,4237.0000,4235.4000,4235.2000,4235.0000,4234.8000,4237.6000,4238.6000,4239.0000,4239.6000,4240.0000,1,4,1,1,3,14,4,2,1,3
SF,IF2006,2020-01-14 09:33:24.100,4237.0000,17028,0,419331480.000,1,0,1,多换,S,4235.4000,4235.2000,4235.0000,4234.8000,4234.2000,4237.6000,4238.6000,4239.0000,4239.6000,4240.0000,4,1,1,3,2,14,4,2,1,3
SF,IF2006,2020-01-14 09:33:24.600,4237.0000,17028,0,419331480.000,0,-,-,-,-,4235.6000,4235.4000,4235.2000,4235.0000,4234.8000,4237.4000,4237.6000,4238.6000,4239.0000,4239.6000,1,4,1,1,3,1,14,4,2,1
SF,IF2006,2020-01-14 09:33:25.100,4237.0000,17028,0,419331480.000,0,-,-,-,-,4235.6000,4235.4000,4235.2000,4235.0000,4234.8000,4237.4000,4237.6000,4238.6000,4239.0000,4239.6000,1,4,1,1,3,1,14,4,2,1
SF,IF2006,2020-01-14 09:33:25.600,4237.0000,17028,0,419331480.000,0,-,-,-,-,4235.4000,4235.2000,4235.0000,4234.8000,4234.2000,4237.4000,4237.6000,4238.6000,4239.0000,4239.6000,5,1,1,2,2,1,14,4,2,1
SF,IF2006,2020-01-14 09:33:26.100,4237.0000,17028,0,419331480.000,0,-,-,-,-,4235.8000,4235.6000,4235.4000,4235.0000,4234.8000,4237.4000,4237.6000,4238.6000,4239.0000,4239.6000,1,1,5,1,2,1,14,4,2,1
SF,IF2006,2020-01-14 09:33:26.600,4237.0000,17028,0,419331480.000,0,-,-,-,-,4235.6000,4235.4000,4235.0000,4234.8000,4234.2000,4237.4000,4237.6000,4238.6000,4239.0000,4239.6000,1,5,1,2,2,1,14,4,2,1
SF,IF2006,2020-01-14 09:33:27.100,4237.0000,17028,0,419331480.000,0,-,-,-,-,4235.8000,4235.6000,4235.4000,4235.0000,4234.8000,4237.4000,4237.6000,4238.6000,4239.0000,4239.6000,1,1,5,1,2,1,14,4,2,1
SF,IF2006,2020-01-14 09:33:27.600,4237.0000,17028,0,419331480.000,0,-,-,-,-,4235.8000,4235.6000,4235.4000,4235.0000,4234.8000,4237.4000,4237.6000,4238.6000,4239.0000,4239.6000,1,1,5,1,2,1,14,4,2,1
SF,IF2006,2020-01-14 09:33:28.100,4237.0000,17028,0,419331480.000,0,-,-,-,-,4235.6000,4235.4000,4235.0000,4234.8000,4234.2000,4237.4000,4237.6000,4238.6000,4239.0000,4239.6000,1,4,1,2,2,1,14,4,2,1
SF,IF2006,2020-01-14 09:33:28.600,4237.4000,17028,0,420602700.000,1,0,1,多换,S,4235.6000,4235.4000,4235.0000,4234.8000,4234.2000,4237.6000,4238.6000,4239.0000,4239.6000,4240.0000,1,4,2,2,2,14,4,2,1,3
SF,IF2006,2020-01-14 09:33:29.100,4237.4000,17028,0,420602700.000,0,-,-,-,-,4235.8000,4235.6000,4235.4000,4235.0000,4234.8000,4237.6000,4238.6000,4239.0000,4239.6000,4240.0000,1,1,4,3,2,14,4,2,1,3
SF,IF2006,2020-01-14 09:33:29.600,4237.4000,17028,0,420602700.000,0,-,-,-,-,4236.0000,4235.8000,4235.4000,4235.0000,4234.8000,4237.6000,4238.6000,4239.0000,4239.6000,4240.0000,1,1,4,3,2,14,4,2,1,3
SF,IF2006,2020-01-14 09:33:30.100,4237.4000,17028,0,420602700.000,0,-,-,-,-,4236.0000,4235.8000,4235.4000,4235.0000,4234.8000,4237.6000,4238.6000,4239.0000,4239.6000,4240.0000,2,1,4,2,2,14,4,2,1,3
SF,IF2006,2020-01-14 09:33:30.600,4237.4000,17028,0,420602700.000,0,-,-,-,-,4236.0000,4235.8000,4235.4000,4235.0000,4234.8000,4237.6000,4238.6000,4239.0000,4239.6000,4240.0000,2,1,4,2,2,14,4,2,1,3
SF,IF2006,2020-01-14 09:33:31.100,4237.4000,17028,0,421873920.000,1,0,1,多换,S,4236.0000,4235.8000,4235.4000,4235.0000,4234.8000,4237.6000,4238.6000,4239.0000,4239.6000,4240.0000,1,1,4,2,2,14,4,2,1,3
SF,IF2006,2020-01-14 09:33:31.600,4237.4000,17028,0,423145140.000,1,0,1,多换,S,4236.0000,4235.4000,4235.0000,4234.8000,4234.2000,4237.4000,4237.6000,4238.6000,4239.0000,4239.6000,1,4,1,2,2,1,14,4,2,1
SF,IF2006,2020-01-14 09:33:32.100,4237.4000,17028,0,423145140.000,0,-,-,-,-,4236.0000,4235.4000,4235.0000,4234.8000,4234.2000,4237.4000,4237.6000,4238.6000,4239.0000,4239.6000,1,4,1,2,2,2,14,4,2,1
SF,IF2006,2020-01-14 09:33:32.600,4236.0000,17028,0,424415940.000,1,0,1,多换,S,4235.4000,4235.0000,4234.8000,4234.2000,4234.0000,4236.0000,4237.4000,4237.6000,4238.6000,4239.0000,4,2,2,2,4,1,2,14,4,2
SF,IF2006,2020-01-14 09:33:33.100,4236.0000,17028,0,425686740.000,1,0,1,多换,S,4235.4000,4235.0000,4234.8000,4234.2000,4234.0000,4237.4000,4237.6000,4238.6000,4239.0000,4239.6000,4,2,2,2,4,2,14,4,2,1
SF,IF2006,2020-01-14 09:33:33.600,4236.0000,17028,0,425686740.000,0,-,-,-,-,4235.6000,4235.4000,4235.0000,4234.8000,4234.6000,4237.0000,4237.2000,4237.4000,4237.6000,4238.6000,1,4,2,2,1,1,2,2,14,4
SF,IF2006,2020-01-14 09:33:34.100,4236.0000,17028,0,425686740.000,0,-,-,-,-,4235.4000,4235.0000,4234.8000,4234.6000,4234.2000,4236.8000,4237.0000,4237.2000,4237.4000,4237.6000,4,2,2,1,2,1,1,1,2,14
SF,IF2006,2020-01-14 09:33:34.600,4236.0000,17028,0,425686740.000,0,-,-,-,-,4235.4000,4235.0000,4234.8000,4234.6000,4234.2000,4236.8000,4237.2000,4237.6000,4238.6000,4239.0000,4,2,2,1,2,1,1,14,4,2
SF,IF2006,2020-01-14 09:33:35.100,4236.0000,17028,0,425686740.000,0,-,-,-,-,4235.4000,4235.0000,4234.8000,4234.6000,4234.2000,4236.6000,4236.8000,4237.2000,4237.6000,4238.6000,4,2,2,1,2,1,1,1,14,4
SF,IF2006,2020-01-14 09:33:35.600,4236.0000,17028,0,425686740.000,0,-,-,-,-,4235.4000,4235.0000,4234.8000,4234.6000,4234.2000,4236.6000,4236.8000,4237.2000,4237.6000,4238.6000,4,2,2,1,2,1,1,2,14,4
SF,IF2006,2020-01-14 09:33:36.100,4236.0000,17028,0,425686740.000,0,-,-,-,-,4235.4000,4235.0000,4234.8000,4234.2000,4234.0000,4236.6000,4236.8000,4237.2000,4237.6000,4238.6000,4,1,2,2,1,1,1,2,14,4
SF,IF2006,2020-01-14 09:33:37.100,4235.4000,17027,-1,428227980.000,2,0,2,多平,S,4235.4000,4235.0000,4234.8000,4234.2000,4234.0000,4236.6000,4236.8000,4237.2000,4237.6000,4238.6000,2,1,2,2,1,1,1,2,14,4
SF,IF2006,2020-01-14 09:33:37.600,4235.4000,17027,0,428227980.000,0,-,-,-,-,4235.4000,4235.0000,4234.8000,4234.2000,4234.0000,4236.8000,4237.2000,4237.6000,4238.6000,4239.0000,2,1,2,3,1,1,2,14,4,2
SF,IF2006,2020-01-14 09:33:38.600,4235.4000,17027,0,428227980.000,0,-,-,-,-,4235.4000,4235.0000,4234.8000,4234.2000,4234.0000,4236.8000,4237.2000,4237.6000,4238.6000,4239.0000,2,1,2,3,1,1,1,14,4,2
SF,IF2006,2020-01-14 09:33:40.600,4235.4000,17025,-2,430769220.000,2,0,2,双平,S,4235.0000,4234.8000,4234.2000,4234.0000,4233.8000,4236.8000,4237.2000,4237.6000,4238.6000,4239.0000,1,2,3,1,1,1,1,14,4,2
SF,IF2006,2020-01-14 09:33:41.100,4235.4000,17025,0,430769220.000,0,-,-,-,-,4235.0000,4234.8000,4234.2000,4234.0000,4233.8000,4236.6000,4236.8000,4237.6000,4238.6000,4239.0000,1,2,2,1,1,1,1,14,4,2
SF,IF2006,2020-01-14 09:33:41.600,4235.4000,17025,0,430769220.000,0,-,-,-,-,4235.0000,4234.8000,4234.2000,4234.0000,4233.8000,4236.4000,4236.6000,4237.6000,4238.6000,4239.0000,1,2,2,1,1,1,1,14,4,2
SF,IF2006,2020-01-14 09:33:42.100,4235.4000,17025,0,430769220.000,0,-,-,-,-,4235.0000,4234.8000,4234.2000,4234.0000,4233.8000,4236.4000,4236.6000,4237.6000,4238.6000,4239.0000,3,2,2,1,1,1,1,14,4,2
SF,IF2006,2020-01-14 09:33:42.600,4236.4000,17025,0,432040140.000,1,0,1,多换,S,4235.0000,4234.8000,4234.2000,4234.0000,4233.8000,4237.6000,4238.6000,4239.0000,4239.6000,4240.0000,3,2,2,1,1,14,4,2,1,3
SF,IF2006,2020-01-14 09:33:43.100,4236.4000,17025,0,432040140.000,0,-,-,-,-,4235.4000,4235.2000,4235.0000,4234.8000,4234.2000,4237.4000,4237.6000,4238.6000,4239.0000,4239.6000,1,1,3,2,2,1,14,4,2,1
SF,IF2006,2020-01-14 09:33:43.600,4236.4000,17025,0,432040140.000,0,-,-,-,-,4235.6000,4235.4000,4235.0000,4234.8000,4234.2000,4237.4000,4237.6000,4238.6000,4239.0000,4239.6000,1,1,3,2,2,1,14,4,2,1
SF,IF2006,2020-01-14 09:33:44.100,4235.6000,17025,0,433310820.000,1,0,1,多换,S,4235.4000,4235.0000,4234.8000,4234.2000,4234.0000,4237.2000,4237.6000,4238.6000,4239.0000,4239.6000,1,3,2,2,1,1,14,4,2,1
SF,IF2006,2020-01-14 09:33:44.600,4235.6000,17025,0,433310820.000,0,-,-,-,-,4235.6000,4235.4000,4235.0000,4234.8000,4234.2000,4237.6000,4238.6000,4239.0000,4239.6000,4240.0000,1,1,3,2,2,14,4,2,1,3
SF,IF2006,2020-01-14 09:33:45.100,4235.6000,17025,0,433310820.000,0,-,-,-,-,4235.6000,4235.4000,4235.0000,4234.8000,4234.2000,4237.6000,4238.6000,4239.0000,4239.6000,4240.0000,2,1,3,2,2,14,4,2,1,3
SF,IF2006,2020-01-14 09:33:45.600,4235.6000,17025,0,433310820.000,0,-,-,-,-,4236.0000,4235.8000,4235.6000,4235.4000,4235.0000,4237.6000,4238.6000,4239.0000,4239.6000,4240.0000,1,1,2,1,3,14,4,2,1,3
SF,IF2006,2020-01-14 09:33:46.100,4235.6000,17025,0,433310820.000,0,-,-,-,-,4236.2000,4236.0000,4235.8000,4235.4000,4235.0000,4237.6000,4238.6000,4239.0000,4239.6000,4240.0000,1,1,2,1,3,14,4,2,1,3
SF,IF2006,2020-01-14 09:33:47.600,4235.6000,17025,0,433310820.000,0,-,-,-,-,4236.2000,4236.0000,4235.8000,4235.4000,4235.0000,4237.6000,4238.6000,4239.0000,4239.6000,4240.0000,1,1,1,1,3,14,4,2,1,3
SF,IF2006,2020-01-14 09:33:48.100,4235.6000,17025,0,433310820.000,0,-,-,-,-,4236.0000,4235.8000,4235.4000,4235.0000,4234.8000,4236.2000,4237.0000,4237.4000,4237.6000,4238.6000,1,1,1,4,3,1,1,1,14,4
SF,IF2006,2020-01-14 09:33:48.600,4236.2000,17024,-1,434581680.000,1,0,1,双平,S,4236.0000,4235.4000,4235.0000,4234.8000,4234.2000,4237.0000,4237.4000,4237.6000,4238.6000,4239.0000,1,1,4,3,2,1,1,14,4,2
SF,IF2006,2020-01-14 09:33:49.600,4236.2000,17024,0,434581680.000,0,-,-,-,-,4235.4000,4235.0000,4234.8000,4234.2000,4234.0000,4237.0000,4237.4000,4237.6000,4238.6000,4239.0000,1,4,3,2,1,1,1,14,4,2
SF,IF2006,2020-01-14 09:33:50.100,4236.2000,17024,0,434581680.000,0,-,-,-,-,4235.4000,4235.0000,4234.8000,4234.2000,4234.0000,4236.8000,4237.0000,4237.6000,4238.6000,4239.0000,1,4,3,2,1,1,1,14,4,2
SF,IF2006,2020-01-14 09:33:50.600,4235.4000,17024,0,435852300.000,1,0,1,多换,S,4235.0000,4234.8000,4234.2000,4234.0000,4233.8000,4236.8000,4237.0000,4237.6000,4238.6000,4239.0000,4,2,2,1,1,1,1,14,4,2
SF,IF2006,2020-01-14 09:33:51.100,4235.4000,17024,0,435852300.000,0,-,-,-,-,4235.2000,4235.0000,4234.8000,4234.2000,4234.0000,4236.8000,4237.0000,4237.6000,4238.6000,4239.0000,1,4,2,2,1,1,1,14,4,2
SF,IF2006,2020-01-14 09:33:51.600,4235.4000,17024,0,435852300.000,0,-,-,-,-,4235.4000,4235.2000,4235.0000,4234.8000,4234.2000,4236.8000,4237.0000,4237.6000,4238.6000,4239.0000,1,2,4,2,2,1,1,14,4,2
SF,IF2006,2020-01-14 09:33:52.600,4235.4000,17024,0,435852300.000,0,-,-,-,-,4235.6000,4235.4000,4235.2000,4235.0000,4234.8000,4236.8000,4237.0000,4237.6000,4238.6000,4239.0000,1,1,1,4,2,1,1,14,4,2
SF,IF2006,2020-01-14 09:33:53.600,4235.4000,17024,0,435852300.000,0,-,-,-,-,4235.6000,4235.4000,4235.2000,4235.0000,4234.8000,4236.8000,4237.0000,4237.6000,4238.6000,4239.0000,2,1,2,4,2,1,1,14,4,2
SF,IF2006,2020-01-14 09:33:55.100,4235.4000,17024,0,435852300.000,0,-,-,-,-,4235.6000,4235.4000,4235.2000,4235.0000,4234.8000,4236.8000,4237.0000,4237.6000,4237.8000,4238.6000,3,1,2,4,2,1,1,14,1,4
SF,IF2006,2020-01-14 09:33:55.600,4235.4000,17024,0,435852300.000,0,-,-,-,-,4235.6000,4235.4000,4235.2000,4235.0000,4234.8000,4236.8000,4237.0000,4237.6000,4237.8000,4238.6000,3,1,2,4,2,1,1,14,1,4
SF,IF2006,2020-01-14 09:33:56.100,4235.4000,17024,0,435852300.000,0,-,-,-,-,4235.8000,4235.6000,4235.4000,4235.2000,4235.0000,4237.0000,4237.6000,4237.8000,4238.6000,4239.0000,1,3,1,2,4,1,14,1,4,2
SF,IF2006,2020-01-14 09:33:56.600,4235.4000,17024,0,435852300.000,0,-,-,-,-,4236.0000,4235.8000,4235.6000,4235.4000,4235.2000,4237.0000,4237.6000,4237.8000,4238.6000,4239.0000,1,1,3,1,1,1,14,1,4,2
SF,IF2006,2020-01-14 09:33:57.100,4235.4000,17024,0,435852300.000,0,-,-,-,-,4236.0000,4235.8000,4235.6000,4235.4000,4235.2000,4237.0000,4237.6000,4237.8000,4238.6000,4239.0000,1,1,3,1,1,1,14,1,4,2
SF,IF2006,2020-01-14 09:33:57.600,4235.4000,17024,0,435852300.000,0,-,-,-,-,4236.2000,4235.8000,4235.6000,4235.4000,4235.2000,4237.0000,4237.6000,4237.8000,4238.6000,4239.0000,1,1,2,1,2,1,14,1,4,2
SF,IF2006,2020-01-14 09:33:58.100,4235.4000,17024,0,435852300.000,0,-,-,-,-,4236.2000,4235.6000,4235.4000,4235.2000,4235.0000,4237.0000,4237.6000,4237.8000,4238.6000,4239.0000,1,2,1,2,4,1,14,1,4,2
SF,IF2006,2020-01-14 09:33:58.600,4235.4000,17024,0,435852300.000,0,-,-,-,-,4236.2000,4235.4000,4235.2000,4235.0000,4234.8000,4237.0000,4237.6000,4237.8000,4238.6000,4239.0000,1,1,2,4,2,1,14,1,4,2
SF,IF2006,2020-01-14 09:33:59.100,4235.4000,17024,0,435852300.000,0,-,-,-,-,4235.4000,4235.2000,4235.0000,4234.8000,4234.2000,4237.0000,4237.6000,4237.8000,4238.6000,4239.0000,1,2,4,2,2,1,14,1,4,2
SF,IF2006,2020-01-14 09:33:59.600,4237.0000,17024,0,437123400.000,1,0,1,多换,S,4236.8000,4235.8000,4235.6000,4235.4000,4235.2000,4237.6000,4237.8000,4238.6000,4239.0000,4239.6000,5,1,1,1,2,14,1,4,2,1
SF,IF2006,2020-01-14 09:34:00.100,4236.8000,17026,2,443478600.000,5,3,2,空开,S,4237.0000,4235.8000,4235.6000,4235.4000,4235.2000,4237.6000,4237.8000,4238.6000,4239.0000,4239.6000,1,1,1,1,3,14,1,4,2,1
SF,IF2006,2020-01-14 09:34:00.600,4237.0000,17025,-1,444749700.000,1,0,1,双平,S,4237.2000,4236.0000,4235.8000,4235.6000,4235.4000,4237.6000,4237.8000,4238.6000,4239.0000,4239.6000,2,1,1,1,1,14,1,4,2,1
SF,IF2006,2020-01-14 09:34:01.100,4237.2000,17023,-2,447292020.000,2,0,2,双平,S,4235.8000,4235.6000,4235.4000,4235.2000,4235.0000,4237.6000,4237.8000,4238.6000,4239.0000,4239.6000,1,1,1,3,2,14,1,4,2,1
SF,IF2006,2020-01-14 09:34:01.600,4237.2000,17023,0,447292020.000,0,-,-,-,-,4236.0000,4235.8000,4235.4000,4235.2000,4235.0000,4237.0000,4237.2000,4237.6000,4237.8000,4238.6000,1,1,1,3,2,1,1,14,1,4
SF,IF2006,2020-01-14 09:34:02.100,4237.0000,17022,-1,448563120.000,1,0,1,双平,S,4237.0000,4236.0000,4235.8000,4235.4000,4235.2000,4237.2000,4237.6000,4237.8000,4238.6000,4239.0000,1,1,1,1,3,1,14,1,4,2
SF,IF2006,2020-01-14 09:34:02.600,4237.6000,17019,-3,453647940.000,4,0,4,多平,S,4236.2000,4236.0000,4235.4000,4235.2000,4235.0000,4237.6000,4237.8000,4238.6000,4239.0000,4239.6000,1,1,1,3,2,12,1,4,2,1
SF,IF2006,2020-01-14 09:34:03.100,4237.6000,17019,0,454919220.000,1,0,1,多换,S,4236.2000,4236.0000,4235.4000,4235.2000,4235.0000,4237.6000,4237.8000,4238.6000,4239.0000,4239.6000,1,1,1,2,2,11,1,4,2,1
SF,IF2006,2020-01-14 09:34:03.600,4237.6000,17019,0,454919220.000,0,-,-,-,-,4236.2000,4235.8000,4235.4000,4235.2000,4235.0000,4237.4000,4237.6000,4237.8000,4238.6000,4239.0000,1,1,1,2,2,2,11,1,4,2
SF,IF2006,2020-01-14 09:34:04.100,4236.2000,17019,0,456190080.000,1,0,1,多换,S,4235.4000,4235.2000,4235.0000,4234.8000,4234.2000,4237.4000,4237.6000,4237.8000,4238.6000,4239.0000,1,2,2,2,2,2,11,1,4,2
SF,IF2006,2020-01-14 09:34:04.600,4236.2000,17019,0,456190080.000,0,-,-,-,-,4235.2000,4235.0000,4234.8000,4234.2000,4234.0000,4237.0000,4237.4000,4237.6000,4237.8000,4238.6000,2,2,2,2,1,1,1,11,1,4
SF,IF2006,2020-01-14 09:34:05.100,4236.2000,17019,0,456190080.000,0,-,-,-,-,4235.2000,4235.0000,4234.8000,4234.2000,4234.0000,4236.8000,4237.0000,4237.6000,4237.8000,4238.6000,2,2,2,2,1,1,1,11,1,4
SF,IF2006,2020-01-14 09:34:05.600,4236.2000,17019,0,456190080.000,0,-,-,-,-,4236.0000,4235.4000,4235.2000,4235.0000,4234.8000,4236.8000,4237.0000,4237.6000,4237.8000,4238.6000,1,1,2,2,2,1,1,11,1,4
SF,IF2006,2020-01-14 09:34:08.100,4236.2000,17019,0,456190080.000,0,-,-,-,-,4236.0000,4235.4000,4235.2000,4235.0000,4234.8000,4236.8000,4237.6000,4237.8000,4238.6000,4239.0000,1,1,2,2,2,1,11,1,4,2
SF,IF2006,2020-01-14 09:34:08.600,4236.2000,17019,0,456190080.000,0,-,-,-,-,4236.0000,4235.4000,4235.2000,4235.0000,4234.8000,4237.6000,4237.8000,4238.6000,4239.0000,4239.6000,1,1,2,2,2,11,1,4,2,1
SF,IF2006,2020-01-14 09:34:09.100,4236.2000,17019,0,456190080.000,0,-,-,-,-,4236.8000,4236.6000,4236.0000,4235.4000,4235.2000,4237.4000,4237.6000,4237.8000,4238.6000,4239.0000,1,1,1,1,2,1,11,1,4,2
SF,IF2006,2020-01-14 09:34:09.600,4236.6000,17019,0,458732100.000,2,1,1,多换,S,4236.0000,4235.4000,4235.2000,4235.0000,4234.8000,4237.4000,4237.6000,4237.8000,4238.6000,4239.0000,1,1,2,2,2,1,11,1,4,2
SF,IF2006,2020-01-14 09:34:10.100,4236.0000,17018,-1,460002900.000,1,0,1,双平,S,4235.2000,4235.0000,4234.8000,4234.2000,4234.0000,4237.4000,4237.6000,4237.8000,4238.6000,4239.0000,2,2,2,2,1,1,11,1,4,2
SF,IF2006,2020-01-14 09:34:10.600,4236.0000,17018,0,460002900.000,0,-,-,-,-,4235.8000,4235.2000,4235.0000,4234.8000,4234.2000,4237.2000,4237.4000,4237.6000,4237.8000,4238.6000,1,2,2,2,2,1,1,11,1,4
SF,IF2006,2020-01-14 09:34:11.100,4235.8000,17018,0,461273640.000,1,0,1,多换,S,4235.2000,4235.0000,4234.8000,4234.2000,4234.0000,4237.0000,4237.2000,4237.6000,4237.8000,4238.6000,2,2,2,2,1,1,1,11,1,4
SF,IF2006,2020-01-14 09:34:11.600,4235.8000,17018,0,461273640.000,0,-,-,-,-,4235.2000,4235.0000,4234.8000,4234.2000,4234.0000,4236.8000,4237.0000,4237.6000,4237.8000,4238.6000,2,2,2,2,1,1,2,14,1,4
SF,IF2006,2020-01-14 09:34:12.100,4235.8000,17018,0,461273640.000,0,-,-,-,-,4235.2000,4235.0000,4234.8000,4234.2000,4234.0000,4236.6000,4236.8000,4237.0000,4237.6000,4237.8000,2,2,2,2,1,1,1,1,14,1
SF,IF2006,2020-01-14 09:34:12.600,4235.8000,17018,0,461273640.000,0,-,-,-,-,4235.2000,4235.0000,4234.8000,4234.2000,4234.0000,4236.6000,4236.8000,4237.6000,4237.8000,4238.6000,2,2,2,2,1,1,1,14,1,4
SF,IF2006,2020-01-14 09:34:13.100,4235.2000,17019,1,462544200.000,1,1,0,双开,S,4235.2000,4235.0000,4234.8000,4234.2000,4234.0000,4236.4000,4236.6000,4237.6000,4237.8000,4238.6000,1,2,2,2,1,1,1,14,1,4
SF,IF2006,2020-01-14 09:34:13.600,4235.2000,17019,0,462544200.000,0,-,-,-,-,4235.2000,4235.0000,4234.8000,4234.2000,4234.0000,4236.4000,4236.6000,4237.6000,4237.8000,4238.6000,1,2,2,2,1,2,1,14,1,4
SF,IF2006,2020-01-14 09:34:14.100,4235.2000,17019,0,463814760.000,1,0,1,多换,S,4235.0000,4234.8000,4234.2000,4234.0000,4233.8000,4236.2000,4236.4000,4237.6000,4237.8000,4238.0000,2,2,2,1,1,1,2,14,1,1
SF,IF2006,2020-01-14 09:34:14.600,4235.2000,17019,0,463814760.000,0,-,-,-,-,4235.0000,4234.8000,4234.2000,4234.0000,4233.8000,4236.2000,4236.4000,4237.6000,4237.8000,4238.0000,2,2,2,1,1,1,1,14,1,1
SF,IF2006,2020-01-14 09:34:15.100,4236.2000,17019,0,465085620.000,1,0,1,多换,S,4235.0000,4234.8000,4234.2000,4234.0000,4233.8000,4236.4000,4237.6000,4237.8000,4238.0000,4238.6000,2,2,2,1,1,1,14,1,1,4
SF,IF2006,2020-01-14 09:34:15.600,4236.2000,17019,0,465085620.000,0,-,-,-,-,4235.2000,4235.0000,4234.8000,4234.2000,4234.0000,4236.4000,4237.6000,4237.8000,4238.0000,4238.6000,1,2,2,2,1,1,14,1,1,4
SF,IF2006,2020-01-14 09:34:16.100,4235.2000,17019,0,466356180.000,1,0,1,多换,S,4235.0000,4234.8000,4234.2000,4234.0000,4233.8000,4236.4000,4237.6000,4237.8000,4238.0000,4238.6000,2,2,2,1,1,1,14,1,1,4
SF,IF2006,2020-01-14 09:34:16.600,4236.4000,17018,-1,467627100.000,1,0,1,双平,S,4235.2000,4235.0000,4234.8000,4234.2000,4234.0000,4237.6000,4237.8000,4238.0000,4238.6000,4239.0000,1,2,2,2,1,14,1,1,4,2
SF,IF2006,2020-01-14 09:34:17.100,4236.4000,17018,0,467627100.000,0,-,-,-,-,4235.2000,4235.0000,4234.8000,4234.2000,4234.0000,4237.4000,4237.6000,4237.8000,4238.0000,4238.6000,1,2,2,2,1,1,14,1,1,4
SF,IF2006,2020-01-14 09:34:17.600,4236.4000,17018,0,467627100.000,0,-,-,-,-,4235.6000,4235.2000,4235.0000,4234.8000,4234.2000,4236.0000,4237.4000,4237.6000,4237.8000,4238.0000,1,1,2,2,2,1,1,14,1,1
SF,IF2006,2020-01-14 09:34:18.100,4236.0000,17018,0,470168700.000,2,1,1,多换,S,4235.2000,4235.0000,4234.8000,4234.2000,4234.0000,4237.4000,4237.6000,4237.8000,4238.0000,4238.6000,1,4,2,2,1,1,14,1,1,4
SF,IF2006,2020-01-14 09:34:19.100,4236.0000,17018,0,470168700.000,0,-,-,-,-,4235.4000,4235.2000,4235.0000,4234.8000,4234.2000,4237.4000,4237.6000,4237.8000,4238.0000,4238.6000,1,1,4,2,2,1,14,1,1,4
SF,IF2006,2020-01-14 09:34:19.600,4236.0000,17018,0,470168700.000,0,-,-,-,-,4235.4000,4235.2000,4235.0000,4234.8000,4234.2000,4237.4000,4237.6000,4237.8000,4238.0000,4238.6000,1,1,4,2,2,1,14,1,1,4
SF,IF2006,2020-01-14 09:34:20.100,4237.2000,17018,0,471439860.000,1,0,1,多换,S,4235.6000,4235.4000,4235.0000,4234.8000,4234.2000,4237.2000,4237.4000,4237.6000,4237.8000,4238.0000,1,1,4,2,2,1,1,14,1,1
SF,IF2006,2020-01-14 09:34:20.600,4237.2000,17018,0,471439860.000,0,-,-,-,-,4235.6000,4235.4000,4235.0000,4234.8000,4234.2000,4237.0000,4237.2000,4237.6000,4237.8000,4238.0000,1,1,4,2,2,1,1,14,1,1
SF,IF2006,2020-01-14 09:34:21.100,4235.6000,17018,0,472710540.000,1,0,1,多换,S,4235.4000,4235.0000,4234.8000,4234.2000,4234.0000,4237.0000,4237.2000,4237.6000,4237.8000,4238.0000,1,4,2,2,1,1,1,14,1,1
SF,IF2006,2020-01-14 09:34:21.600,4235.6000,17018,0,472710540.000,0,-,-,-,-,4235.4000,4235.0000,4234.8000,4234.2000,4234.0000,4237.0000,4237.2000,4237.6000,4237.8000,4238.0000,2,4,2,2,1,1,1,14,1,1
SF,IF2006,2020-01-14 09:34:22.100,4235.4000,17018,0,473981160.000,1,0,1,多换,S,4235.4000,4235.0000,4234.8000,4234.2000,4234.0000,4237.0000,4237.2000,4237.6000,4237.8000,4238.0000,1,4,2,2,1,1,1,14,1,1
SF,IF2006,2020-01-14 09:34:24.100,4235.4000,17018,0,473981160.000,0,-,-,-,-,4235.4000,4235.0000,4234.8000,4234.2000,4234.0000,4236.8000,4237.0000,4237.2000,4237.6000,4237.8000,1,4,2,2,1,1,1,1,14,1
SF,IF2006,2020-01-14 09:34:24.600,4235.4000,17018,0,473981160.000,0,-,-,-,-,4235.4000,4235.0000,4234.8000,4234.2000,4234.0000,4236.6000,4237.6000,4237.8000,4238.0000,4238.6000,1,4,2,2,1,1,14,1,1,4
SF,IF2006,2020-01-14 09:34:25.100,4235.4000,17018,0,473981160.000,0,-,-,-,-,4235.4000,4235.0000,4234.8000,4234.2000,4234.0000,4236.6000,4237.6000,4237.8000,4238.0000,4238.6000,1,4,2,2,1,1,14,1,1,4
SF,IF2006,2020-01-14 09:34:27.600,4235.4000,17018,0,473981160.000,0,-,-,-,-,4235.4000,4235.0000,4234.8000,4234.2000,4234.0000,4236.4000,4236.6000,4237.6000,4237.8000,4238.0000,1,4,2,2,1,1,1,14,1,1
SF,IF2006,2020-01-14 09:34:28.100,4235.4000,17019,1,475251780.000,1,1,0,双开,S,4235.0000,4234.8000,4234.2000,4234.0000,4233.8000,4236.2000,4236.4000,4237.6000,4237.8000,4238.0000,4,2,2,1,1,1,1,14,1,1
SF,IF2006,2020-01-14 09:34:28.600,4235.4000,17019,0,475251780.000,0,-,-,-,-,4235.6000,4235.0000,4234.8000,4234.2000,4234.0000,4236.0000,4236.2000,4237.6000,4237.8000,4238.0000,1,4,2,2,1,1,1,14,1,1
SF,IF2006,2020-01-14 09:34:29.100,4235.6000,17019,0,476522460.000,1,0,1,多换,S,4235.0000,4234.8000,4234.2000,4234.0000,4233.8000,4236.0000,4236.2000,4237.6000,4237.8000,4238.0000,4,2,2,1,1,1,1,14,1,1
SF,IF2006,2020-01-14 09:34:30.600,4235.0000,17018,-1,477792960.000,1,0,1,双平,S,4235.0000,4234.8000,4234.2000,4234.0000,4233.8000,4236.0000,4236.2000,4237.6000,4237.8000,4238.0000,3,2,2,1,1,1,1,14,1,1
SF,IF2006,2020-01-14 09:34:31.100,4235.0000,17019,1,479063460.000,1,1,0,双开,S,4235.0000,4234.8000,4234.2000,4234.0000,4233.8000,4235.8000,4236.0000,4237.6000,4237.8000,4238.0000,2,2,2,1,1,1,1,14,1,1
SF,IF2006,2020-01-14 09:34:31.600,4235.6000,17019,0,481604820.000,2,1,1,多换,S,4235.0000,4234.8000,4234.2000,4234.0000,4233.8000,4235.6000,4235.8000,4237.6000,4237.8000,4238.0000,2,2,2,1,1,1,1,14,1,1
SF,IF2006,2020-01-14 09:34:32.100,4235.0000,17020,1,482875320.000,1,1,0,双开,S,4235.0000,4234.8000,4234.2000,4234.0000,4233.8000,4235.4000,4235.6000,4237.6000,4237.8000,4238.0000,1,2,2,1,1,1,1,14,1,1
SF,IF2006,2020-01-14 09:34:32.600,4235.0000,17020,0,484145820.000,1,0,1,多换,S,4234.8000,4234.2000,4234.0000,4233.8000,4233.6000,4235.2000,4237.6000,4237.8000,4238.0000,4238.6000,2,2,1,1,3,1,14,1,1,4
SF,IF2006,2020-01-14 09:34:33.100,4235.2000,17020,0,485416380.000,1,0,1,多换,S,4234.8000,4234.2000,4234.0000,4233.8000,4233.6000,4237.6000,4237.8000,4238.0000,4238.6000,4239.0000,2,2,1,1,3,14,1,1,4,2
SF,IF2006,2020-01-14 09:34:33.600,4235.2000,17020,0,485416380.000,0,-,-,-,-,4234.8000,4234.2000,4234.0000,4233.8000,4233.6000,4237.4000,4237.6000,4237.8000,4238.0000,4238.6000,2,2,1,1,3,1,14,1,1,4
SF,IF2006,2020-01-14 09:34:34.100,4235.2000,17020,0,485416380.000,0,-,-,-,-,4234.8000,4234.2000,4234.0000,4233.8000,4233.6000,4237.2000,4237.4000,4237.6000,4237.8000,4238.0000,2,2,1,1,3,1,1,14,1,1
SF,IF2006,2020-01-14 09:34:34.600,4235.2000,17020,0,485416380.000,0,-,-,-,-,4234.8000,4234.2000,4234.0000,4233.8000,4233.6000,4235.4000,4237.0000,4237.2000,4237.6000,4237.8000,2,2,1,1,3,1,2,1,14,1
SF,IF2006,2020-01-14 09:34:35.100,4235.4000,17020,0,486687000.000,1,0,1,多换,S,4234.8000,4234.2000,4234.0000,4233.8000,4233.6000,4237.0000,4237.2000,4237.6000,4237.8000,4238.0000,2,2,1,1,3,2,1,14,1,1
SF,IF2006,2020-01-14 09:34:35.600,4235.4000,17020,0,486687000.000,0,-,-,-,-,4235.0000,4234.8000,4234.2000,4234.0000,4233.8000,4237.0000,4237.2000,4237.6000,4237.8000,4238.0000,1,2,2,1,1,2,1,14,1,1
SF,IF2006,2020-01-14 09:34:36.100,4235.0000,17020,0,487957500.000,1,0,1,多换,S,4234.8000,4234.2000,4234.0000,4233.8000,4233.6000,4235.8000,4236.8000,4237.0000,4237.2000,4237.6000,2,2,1,1,3,1,1,2,1,14
SF,IF2006,2020-01-14 09:34:36.600,4235.0000,17020,0,487957500.000,0,-,-,-,-,4234.8000,4234.2000,4234.0000,4233.8000,4233.6000,4235.8000,4236.0000,4237.0000,4237.2000,4237.6000,2,2,1,1,3,1,1,2,1,14
SF,IF2006,2020-01-14 09:34:37.100,4235.8000,17019,-1,489228240.000,1,0,1,双平,S,4234.8000,4234.2000,4234.0000,4233.8000,4233.6000,4236.0000,4236.8000,4237.0000,4237.2000,4237.6000,2,2,1,1,3,1,1,2,1,14
SF,IF2006,2020-01-14 09:34:37.600,4235.8000,17019,0,489228240.000,0,-,-,-,-,4235.0000,4234.8000,4234.2000,4234.0000,4233.8000,4236.0000,4236.8000,4237.0000,4237.2000,4237.6000,1,2,2,1,1,1,1,1,1,14
SF,IF2006,2020-01-14 09:34:38.100,4235.8000,17019,0,489228240.000,0,-,-,-,-,4235.8000,4235.0000,4234.8000,4234.2000,4234.0000,4236.0000,4236.8000,4237.0000,4237.2000,4237.6000,2,1,2,2,1,1,1,1,1,14
SF,IF2006,2020-01-14 09:34:38.600,4235.8000,17021,2,491769720.000,2,2,0,双开,S,4235.0000,4234.8000,4234.2000,4234.0000,4233.8000,4236.0000,4236.8000,4237.0000,4237.2000,4237.6000,1,2,2,1,1,1,1,1,1,14
SF,IF2006,2020-01-14 09:34:40.100,4235.0000,17021,0,493040220.000,1,0,1,多换,S,4234.8000,4234.2000,4234.0000,4233.8000,4233.6000,4236.0000,4236.8000,4237.0000,4237.2000,4237.6000,2,2,1,1,4,1,1,1,1,14
SF,IF2006,2020-01-14 09:34:40.600,4235.0000,17021,0,493040220.000,0,-,-,-,-,4234.8000,4234.2000,4234.0000,4233.8000,4233.6000,4235.0000,4236.0000,4236.8000,4237.0000,4237.2000,2,2,1,1,4,1,1,1,1,1
SF,IF2006,2020-01-14 09:34:41.100,4235.0000,17021,0,494310720.000,1,0,1,多换,S,4234.8000,4234.2000,4234.0000,4233.8000,4233.6000,4236.0000,4236.8000,4237.0000,4237.2000,4237.6000,2,2,1,1,4,1,1,1,1,14
SF,IF2006,2020-01-14 09:34:41.600,4235.0000,17021,0,494310720.000,0,-,-,-,-,4234.8000,4234.2000,4234.0000,4233.8000,4233.6000,4235.8000,4236.0000,4236.8000,4237.2000,4237.6000,2,2,1,1,4,1,1,1,1,14
SF,IF2006,2020-01-14 09:34:42.100,4235.0000,17021,0,494310720.000,0,-,-,-,-,4234.8000,4234.2000,4234.0000,4233.8000,4233.6000,4235.8000,4236.0000,4236.8000,4237.2000,4237.6000,2,2,1,1,4,1,1,1,1,14
SF,IF2006,2020-01-14 09:34:43.100,4234.8000,17020,-1,495581160.000,1,0,1,双平,S,4234.8000,4234.2000,4234.0000,4233.8000,4233.6000,4235.8000,4236.0000,4236.8000,4237.2000,4237.6000,1,2,1,1,4,1,1,1,1,14
SF,IF2006,2020-01-14 09:34:44.100,4235.8000,17020,0,496851900.000,1,0,1,多换,S,4234.8000,4234.2000,4234.0000,4233.8000,4233.6000,4235.8000,4236.0000,4237.2000,4237.6000,4238.0000,1,2,1,1,4,1,1,1,14,1
SF,IF2006,2020-01-14 09:34:44.600,4234.8000,17019,-1,498122340.000,1,0,1,双平,S,4234.2000,4234.0000,4233.8000,4233.6000,4232.2000,4234.8000,4235.8000,4236.0000,4237.2000,4237.6000,2,1,1,4,1,1,1,1,1,14
SF,IF2006,2020-01-14 09:34:45.100,4234.8000,17018,-1,499392780.000,1,0,1,双平,S,4234.4000,4234.2000,4234.0000,4233.8000,4233.6000,4235.8000,4236.0000,4237.2000,4237.6000,4238.0000,1,2,1,1,4,1,1,1,14,1
SF,IF2006,2020-01-14 09:34:45.600,4235.8000,17018,0,500663520.000,1,0,1,多换,S,4234.4000,4234.2000,4234.0000,4233.8000,4233.6000,4236.0000,4237.2000,4237.6000,4238.0000,4238.6000,1,2,1,1,4,1,1,14,1,4
SF,IF2006,2020-01-14 09:34:46.100,4234.0000,17015,-3,507014940.000,5,1,4,多平,S,4233.8000,4233.6000,4232.2000,4231.0000,4230.2000,4234.0000,4235.6000,4236.0000,4237.2000,4237.6000,1,4,1,7,1,6,1,1,1,3
SF,IF2006,2020-01-14 09:34:46.600,4234.0000,17009,-6,514636140.000,6,0,6,双平,S,4234.0000,4233.8000,4233.6000,4232.2000,4231.0000,4235.6000,4236.0000,4237.2000,4237.6000,4238.0000,3,1,4,1,7,1,1,1,3,1
SF,IF2006,2020-01-14 09:34:47.100,4235.4000,17009,0,515906760.000,1,0,1,多换,S,4234.0000,4233.8000,4233.6000,4232.2000,4231.0000,4236.0000,4237.2000,4237.6000,4238.0000,4238.6000,3,1,4,1,7,1,1,3,1,4
SF,IF2006,2020-01-14 09:34:47.600,4235.4000,17009,0,515906760.000,0,-,-,-,-,4234.2000,4234.0000,4233.8000,4233.6000,4232.2000,4236.0000,4237.2000,4237.6000,4238.0000,4238.6000,2,3,1,4,1,1,1,3,1,4
SF,IF2006,2020-01-14 09:34:48.100,4235.4000,17009,0,515906760.000,0,-,-,-,-,4234.2000,4234.0000,4233.8000,4233.6000,4232.2000,4235.8000,4236.0000,4237.2000,4237.6000,4238.0000,4,2,2,4,1,1,1,1,3,1
SF,IF2006,2020-01-14 09:34:48.600,4235.4000,17009,0,515906760.000,0,-,-,-,-,4234.2000,4234.0000,4233.8000,4233.6000,4232.2000,4235.8000,4236.0000,4237.6000,4238.0000,4238.6000,4,2,2,4,1,1,1,3,1,4
