市场代码,合约代码,时间,最新,持仓,增仓,成交额,成交量,开仓,平仓,成交类型,方向,买一价,买二价,买三价,买四价,买五价,卖一价,卖二价,卖三价,卖四价,卖五价,买一量,买二量,买三量,买四量,买五量,卖一量,卖二量,卖三量,卖四量,卖五量
SF,IF2010,2020-09-01 09:29:00.400,4765.8000,5142,0,0.000,0.000,-,-,-,-,4752.0000,4751.6000,4750.0000,4748.4000,4745.6000,4759.8000,4761.6000,4763.4000,4765.8000,4766.0000,1,1,1,1,1,1,1,4,1,1
SF,IF2010,2020-09-01 09:30:00.400,4759.8000,5142,0,1427940.000,1,0,1,多换,S,4756.2000,4753.2000,4753.0000,4752.4000,4752.0000,4761.6000,4765.8000,4766.0000,4766.8000,4769.6000,1,1,1,1,1,1,1,1,1,1
SF,IF2010,2020-09-01 09:30:00.900,4761.6000,5141,-1,2856420.000,1,0,1,双平,S,4761.6000,4761.4000,4760.4000,4758.2000,4756.4000,4769.6000,4774.4000,4774.6000,4775.8000,4777.0000,2,3,2,1,2,1,4,1,1,1
SF,IF2010,2020-09-01 09:30:01.400,4767.6000,5139,-2,5716260.000,2,0,2,双平,S,4761.8000,4761.6000,4761.4000,4758.2000,4756.4000,4768.2000,4769.0000,4769.4000,4769.6000,4774.4000,2,1,1,1,1,1,1,3,1,4
SF,IF2010,2020-09-01 09:30:01.900,4767.6000,5139,0,5716260.000,0,-,-,-,-,4761.8000,4758.2000,4756.4000,4755.0000,4753.0000,4764.8000,4768.0000,4768.2000,4769.0000,4769.4000,1,1,1,5,1,1,2,1,1,1
SF,IF2010,2020-09-01 09:30:02.400,4761.8000,5138,-1,7144800.000,1,0,1,双平,S,4758.2000,4756.4000,4755.0000,4753.0000,4752.0000,4764.6000,4764.8000,4767.6000,4769.0000,4774.4000,1,1,5,1,1,2,1,1,1,4
SF,IF2010,2020-09-01 09:30:02.900,4761.8000,5138,0,7144800.000,0,-,-,-,-,4758.4000,4758.2000,4756.4000,4755.0000,4752.0000,4764.4000,4764.6000,4766.8000,4767.6000,4774.4000,3,1,1,5,1,3,2,1,1,4
SF,IF2010,2020-09-01 09:30:03.400,4764.2000,5138,0,8574060.000,1,0,1,多换,S,4758.4000,4758.2000,4755.0000,4752.0000,4750.0000,4764.2000,4764.4000,4766.6000,4766.8000,4767.6000,3,1,5,1,1,2,3,1,1,1
SF,IF2010,2020-09-01 09:30:03.900,4764.2000,5138,0,8574060.000,0,-,-,-,-,4758.4000,4755.0000,4752.0000,4750.0000,4744.0000,4761.0000,4764.0000,4764.2000,4764.4000,4766.6000,1,5,1,1,2,1,2,2,1,1
SF,IF2010,2020-09-01 09:30:04.400,4758.4000,5137,-1,10001580.000,1,0,1,双平,S,4755.0000,4752.0000,4750.0000,4744.0000,4742.2000,4760.8000,4761.0000,4764.0000,4764.2000,4766.6000,5,1,1,2,3,2,1,1,1,1
SF,IF2010,2020-09-01 09:30:04.900,4758.4000,5137,0,10001580.000,0,-,-,-,-,4759.0000,4756.6000,4756.0000,4755.2000,4755.0000,4760.6000,4760.8000,4764.0000,4766.0000,4766.6000,1,1,1,4,5,2,2,1,4,1
SF,IF2010,2020-09-01 09:30:05.400,4759.0000,5136,-1,11429280.000,1,0,1,双平,S,4756.6000,4755.2000,4755.0000,4752.0000,4750.0000,4759.0000,4760.4000,4760.6000,4763.0000,4763.4000,1,1,5,1,1,2,1,1,1,1
SF,IF2010,2020-09-01 09:30:05.900,4759.0000,5134,-2,14284680.000,2,0,2,双平,S,4752.0000,4750.0000,4744.0000,4742.2000,4740.0000,4758.8000,4762.2000,4763.0000,4763.4000,4763.6000,1,6,1,3,2,3,1,1,1,1
SF,IF2010,2020-09-01 09:30:06.400,4759.0000,5134,0,14284680.000,0,-,-,-,-,4756.0000,4755.2000,4754.0000,4753.8000,4752.2000,4758.6000,4758.8000,4762.2000,4763.0000,4763.4000,1,1,1,1,3,1,2,1,1,1
SF,IF2010,2020-09-01 09:30:06.900,4759.0000,5134,0,14284680.000,0,-,-,-,-,4756.2000,4755.2000,4754.0000,4753.8000,4752.2000,4758.4000,4758.6000,4762.2000,4763.0000,4763.4000,1,1,1,1,1,2,2,1,1,1
SF,IF2010,2020-09-01 09:30:07.400,4759.0000,5134,0,14284680.000,0,-,-,-,-,4756.4000,4756.2000,4755.2000,4754.0000,4753.8000,4758.4000,4758.6000,4762.2000,4763.4000,4763.6000,1,1,1,1,1,1,1,1,1,1
SF,IF2010,2020-09-01 09:30:07.900,4758.6000,5133,-1,17139780.000,2,0,2,多平,S,4756.6000,4756.4000,4756.2000,4755.2000,4754.0000,4763.4000,4763.6000,4764.4000,4765.2000,4766.0000,1,1,1,1,1,1,1,1,1,4
SF,IF2010,2020-09-01 09:30:08.400,4758.6000,5133,0,17139780.000,0,-,-,-,-,4757.6000,4757.0000,4756.8000,4756.6000,4756.2000,4763.2000,4763.4000,4764.4000,4765.2000,4766.0000,1,1,2,2,1,2,1,1,1,4
SF,IF2010,2020-09-01 09:30:08.900,4758.6000,5133,0,17139780.000,0,-,-,-,-,4758.2000,4757.8000,4757.6000,4757.0000,4756.6000,4763.2000,4763.4000,4764.4000,4765.2000,4766.0000,1,3,1,1,2,2,1,1,1,4
SF,IF2010,2020-09-01 09:30:09.400,4758.6000,5133,0,17139780.000,0,-,-,-,-,4758.8000,4758.4000,4758.2000,4757.8000,4757.6000,4763.2000,4763.4000,4764.4000,4765.2000,4766.0000,1,3,2,1,1,1,1,1,1,4
SF,IF2010,2020-09-01 09:30:09.900,4758.6000,5133,0,17139780.000,0,-,-,-,-,4759.0000,4758.8000,4758.4000,4758.2000,4757.8000,4763.4000,4764.4000,4765.2000,4766.0000,4766.2000,3,2,1,1,1,1,1,1,4,1
SF,IF2010,2020-09-01 09:30:10.400,4758.6000,5133,0,17139780.000,0,-,-,-,-,4759.6000,4759.0000,4758.4000,4758.2000,4757.8000,4764.4000,4765.2000,4766.0000,4766.2000,4767.4000,1,3,1,1,1,1,1,4,1,1
SF,IF2010,2020-09-01 09:30:10.900,4758.6000,5133,0,17139780.000,0,-,-,-,-,4759.8000,4759.6000,4759.0000,4758.4000,4758.2000,4764.2000,4764.4000,4766.0000,4766.2000,4767.4000,2,1,2,1,1,1,2,4,1,1
SF,IF2010,2020-09-01 09:30:11.400,4758.6000,5133,0,17139780.000,0,-,-,-,-,4760.0000,4759.8000,4759.6000,4759.0000,4758.4000,4764.2000,4764.4000,4766.0000,4777.0000,4787.0000,1,2,1,1,1,1,1,4,1,1
SF,IF2010,2020-09-01 09:30:11.900,4758.6000,5133,0,17139780.000,0,-,-,-,-,4760.2000,4760.0000,4759.8000,4759.6000,4759.0000,4764.2000,4766.0000,4777.0000,4787.0000,4797.0000,2,2,1,1,1,1,4,1,1,1
SF,IF2010,2020-09-01 09:30:12.400,4758.6000,5133,0,17139780.000,0,-,-,-,-,4760.6000,4760.4000,4760.2000,4760.0000,4759.0000,4777.0000,4787.0000,4797.0000,4799.6000,4809.0000,1,1,2,1,1,1,1,1,1,5
SF,IF2010,2020-09-01 09:30:12.900,4760.0000,5128,-5,24279780.000,5,0,5,双平,S,4760.8000,4759.0000,4758.2000,4757.6000,4752.0000,4766.2000,4767.2000,4767.6000,4767.8000,4768.2000,1,1,1,1,1,2,1,2,1,2
SF,IF2010,2020-09-01 09:30:13.400,4760.0000,5128,0,24279780.000,0,-,-,-,-,4761.8000,4761.4000,4761.0000,4760.8000,4760.0000,4766.0000,4767.6000,4768.6000,4769.0000,4773.0000,1,1,2,1,5,2,1,1,1,1
SF,IF2010,2020-09-01 09:30:13.900,4766.0000,5127,-1,25709580.000,1,0,1,双平,S,4762.0000,4761.8000,4761.4000,4761.0000,4760.8000,4766.0000,4767.6000,4769.0000,4771.6000,4773.0000,2,1,1,1,1,1,1,1,2,1
SF,IF2010,2020-09-01 09:30:14.400,4766.0000,5127,0,25709580.000,0,-,-,-,-,4762.6000,4762.2000,4762.0000,4761.8000,4761.4000,4766.0000,4769.0000,4771.6000,4773.0000,4776.8000,1,2,2,1,1,1,1,2,1,1
SF,IF2010,2020-09-01 09:30:14.900,4766.0000,5127,0,25709580.000,0,-,-,-,-,4762.8000,4762.6000,4762.2000,4762.0000,4761.8000,4766.0000,4769.0000,4771.6000,4772.6000,4773.0000,2,1,1,1,1,1,1,2,4,1
SF,IF2010,2020-09-01 09:30:15.400,4766.0000,5127,0,25709580.000,0,-,-,-,-,4763.0000,4762.8000,4762.2000,4762.0000,4761.8000,4769.0000,4771.6000,4772.6000,4773.0000,4776.8000,3,2,1,1,2,1,2,4,1,1
SF,IF2010,2020-09-01 09:30:15.900,4766.0000,5127,0,25709580.000,0,-,-,-,-,4766.0000,4763.2000,4763.0000,4762.0000,4761.8000,4768.8000,4769.0000,4771.6000,4772.6000,4773.0000,1,2,3,1,2,2,1,2,4,1
SF,IF2010,2020-09-01 09:30:16.400,4766.0000,5126,-1,27139380.000,1,0,1,双平,S,4766.0000,4763.2000,4763.0000,4761.8000,4761.4000,4768.6000,4768.8000,4771.6000,4772.6000,4773.0000,1,1,2,2,1,2,1,2,4,1
SF,IF2010,2020-09-01 09:30:16.900,4766.0000,5126,0,27139380.000,0,-,-,-,-,4766.0000,4763.2000,4763.0000,4761.8000,4761.4000,4768.4000,4768.6000,4771.6000,4772.6000,4773.0000,1,1,3,2,1,1,1,2,4,1
SF,IF2010,2020-09-01 09:30:17.400,4766.0000,5126,0,27139380.000,0,-,-,-,-,4766.0000,4763.2000,4763.0000,4762.8000,4761.8000,4768.4000,4768.6000,4771.6000,4773.0000,4776.8000,1,1,2,1,2,2,1,2,1,1
SF,IF2010,2020-09-01 09:30:17.900,4766.0000,5126,0,27139380.000,0,-,-,-,-,4766.0000,4763.2000,4763.0000,4762.8000,4761.8000,4768.4000,4768.6000,4771.6000,4773.0000,4776.8000,1,1,2,1,2,1,1,2,1,1
SF,IF2010,2020-09-01 09:30:18.400,4766.0000,5126,0,27139380.000,0,-,-,-,-,4766.0000,4763.2000,4763.0000,4762.8000,4761.8000,4768.4000,4768.6000,4771.6000,4773.0000,4775.6000,1,1,2,2,2,1,1,2,1,4
SF,IF2010,2020-09-01 09:30:18.900,4768.4000,5126,0,28569900.000,1,0,1,多换,S,4766.0000,4763.2000,4763.0000,4762.8000,4761.8000,4768.4000,4768.6000,4771.6000,4773.0000,4775.6000,1,1,2,2,2,1,1,2,1,4
SF,IF2010,2020-09-01 09:30:19.400,4768.6000,5125,-1,30000480.000,1,0,1,双平,S,4766.2000,4766.0000,4763.2000,4763.0000,4762.8000,4771.6000,4773.0000,4775.6000,4776.8000,4777.0000,2,1,1,2,2,2,1,4,1,1
SF,IF2010,2020-09-01 09:30:19.900,4768.6000,5125,0,30000480.000,0,-,-,-,-,4766.0000,4763.8000,4763.2000,4763.0000,4762.8000,4771.4000,4773.0000,4775.6000,4776.8000,4777.0000,1,1,1,2,2,3,1,4,1,1
SF,IF2010,2020-09-01 09:30:20.400,4768.6000,5125,0,30000480.000,0,-,-,-,-,4766.2000,4766.0000,4763.8000,4763.0000,4762.8000,4771.4000,4773.0000,4775.6000,4776.8000,4777.0000,4,1,1,2,2,3,1,4,1,1
SF,IF2010,2020-09-01 09:30:20.900,4768.6000,5125,0,30000480.000,0,-,-,-,-,4766.2000,4766.0000,4763.8000,4763.0000,4761.8000,4771.2000,4771.4000,4773.0000,4775.6000,4776.8000,4,1,1,2,1,1,3,1,4,1
SF,IF2010,2020-09-01 09:30:21.400,4768.6000,5125,0,30000480.000,0,-,-,-,-,4766.2000,4766.0000,4763.8000,4763.0000,4761.8000,4770.4000,4771.0000,4771.2000,4771.4000,4772.8000,3,1,1,2,1,1,2,1,1,1
SF,IF2010,2020-09-01 09:30:21.900,4768.6000,5125,0,30000480.000,0,-,-,-,-,4766.2000,4766.0000,4763.8000,4763.0000,4761.8000,4770.2000,4770.4000,4771.4000,4772.8000,4773.0000,2,1,1,2,1,2,1,1,1,1
SF,IF2010,2020-09-01 09:30:22.400,4768.6000,5125,0,30000480.000,0,-,-,-,-,4766.0000,4763.8000,4763.0000,4761.8000,4760.6000,4769.0000,4769.8000,4770.0000,4770.2000,4771.4000,1,1,2,1,1,1,1,1,2,1
SF,IF2010,2020-09-01 09:30:22.900,4766.0000,5124,-1,31430280.000,1,0,1,双平,S,4763.0000,4761.8000,4760.0000,4752.0000,4750.0000,4766.0000,4768.0000,4768.8000,4769.0000,4769.8000,2,1,5,1,1,1,1,3,1,1
SF,IF2010,2020-09-01 09:30:23.400,4766.0000,5124,0,31430280.000,0,-,-,-,-,4763.2000,4763.0000,4761.8000,4760.0000,4752.0000,4765.8000,4766.0000,4768.0000,4768.6000,4768.8000,3,1,1,5,1,1,1,1,1,1
SF,IF2010,2020-09-01 09:30:23.900,4765.8000,5121,-3,35717940.000,3,0,3,双平,S,4763.4000,4763.0000,4761.8000,4760.0000,4752.0000,4765.8000,4768.0000,4768.6000,4768.8000,4770.0000,1,1,1,5,1,1,1,1,1,1
SF,IF2010,2020-09-01 09:30:24.400,4765.8000,5121,0,35717940.000,0,-,-,-,-,4763.6000,4763.4000,4763.0000,4761.8000,4760.0000,4765.6000,4765.8000,4768.0000,4768.6000,4770.0000,1,1,1,1,5,3,1,1,1,1
SF,IF2010,2020-09-01 09:30:24.900,4765.8000,5121,0,35717940.000,0,-,-,-,-,4763.4000,4763.0000,4761.8000,4760.0000,4752.0000,4765.4000,4765.6000,4768.0000,4768.6000,4770.0000,1,1,1,5,1,1,2,1,1,1
SF,IF2010,2020-09-01 09:30:25.400,4763.6000,5120,-1,37147020.000,1,0,1,双平,S,4763.6000,4763.0000,4760.0000,4752.0000,4750.0000,4765.2000,4765.4000,4768.0000,4770.0000,4773.0000,1,1,5,1,1,1,1,1,1,1
SF,IF2010,2020-09-01 09:30:25.900,4763.6000,5120,0,37147020.000,0,-,-,-,-,4763.6000,4763.0000,4760.0000,4752.0000,4750.0000,4765.2000,4768.0000,4770.0000,4773.0000,4775.6000,1,1,5,1,1,1,1,1,1,4
SF,IF2010,2020-09-01 09:30:26.400,4763.6000,5120,0,37147020.000,0,-,-,-,-,4763.6000,4763.0000,4760.0000,4752.0000,4750.0000,4765.2000,4768.0000,4770.0000,4773.0000,4775.6000,1,1,5,1,1,1,1,1,1,4
SF,IF2010,2020-09-01 09:30:26.900,4763.6000,5119,-1,38576100.000,1,0,1,双平,S,4763.6000,4763.0000,4760.0000,4752.0000,4750.0000,4765.2000,4768.0000,4770.0000,4773.0000,4775.6000,2,1,5,1,1,1,1,1,1,4
SF,IF2010,2020-09-01 09:30:27.400,4765.2000,5118,-1,40005660.000,1,0,1,双平,S,4763.6000,4763.0000,4760.0000,4752.0000,4750.0000,4768.0000,4773.0000,4775.6000,4776.8000,4777.0000,2,1,5,1,1,1,1,4,1,1
SF,IF2010,2020-09-01 09:30:27.900,4765.2000,5118,0,40005660.000,0,-,-,-,-,4763.8000,4763.6000,4763.0000,4760.0000,4752.0000,4767.8000,4768.0000,4773.0000,4775.6000,4776.8000,1,2,1,5,1,2,2,1,4,1
SF,IF2010,2020-09-01 09:30:28.400,4765.2000,5118,0,40005660.000,0,-,-,-,-,4765.2000,4763.8000,4763.6000,4763.0000,4760.0000,4767.6000,4767.8000,4768.0000,4773.0000,4775.6000,2,1,2,1,5,1,2,1,1,4
SF,IF2010,2020-09-01 09:30:28.900,4765.2000,5118,0,42864780.000,2,1,1,多换,S,4763.8000,4763.6000,4763.0000,4760.0000,4752.0000,4765.2000,4767.6000,4767.8000,4768.0000,4773.0000,1,2,1,5,1,2,1,1,1,1
SF,IF2010,2020-09-01 09:30:29.400,4765.2000,5118,0,42864780.000,0,-,-,-,-,4763.6000,4763.0000,4760.0000,4752.0000,4750.0000,4765.0000,4765.2000,4767.4000,4768.0000,4773.0000,2,1,5,1,1,1,1,1,1,1
SF,IF2010,2020-09-01 09:30:29.900,4765.2000,5118,0,42864780.000,0,-,-,-,-,4763.6000,4763.0000,4760.0000,4752.0000,4750.0000,4764.8000,4765.0000,4767.4000,4768.0000,4773.0000,2,1,5,1,1,1,1,1,1,1
SF,IF2010,2020-09-01 09:30:30.400,4763.6000,5116,-2,45722940.000,2,0,2,双平,S,4763.0000,4760.0000,4752.0000,4750.0000,4744.0000,4764.8000,4767.4000,4768.0000,4773.0000,4775.6000,1,5,1,1,1,1,1,1,1,4
SF,IF2010,2020-09-01 09:30:30.900,4763.0000,5115,-1,47151840.000,1,0,1,双平,S,4760.0000,4752.0000,4750.0000,4744.0000,4742.2000,4764.8000,4767.4000,4768.0000,4773.0000,4775.6000,5,1,1,1,3,1,1,1,1,4
SF,IF2010,2020-09-01 09:30:31.400,4763.0000,5115,0,47151840.000,0,-,-,-,-,4760.2000,4755.0000,4752.0000,4750.0000,4744.0000,4762.8000,4764.6000,4764.8000,4767.4000,4768.0000,3,5,1,1,1,1,2,1,1,1
SF,IF2010,2020-09-01 09:30:31.900,4763.0000,5115,0,47151840.000,0,-,-,-,-,4760.2000,4755.0000,4752.0000,4750.0000,4744.0000,4762.6000,4762.8000,4764.6000,4767.4000,4768.0000,2,5,1,1,1,1,1,1,1,1
SF,IF2010,2020-09-01 09:30:32.400,4763.0000,5115,0,47151840.000,0,-,-,-,-,4760.2000,4755.0000,4752.0000,4750.0000,4744.0000,4762.6000,4762.8000,4767.4000,4768.0000,4775.6000,2,5,1,1,1,1,1,1,1,4
SF,IF2010,2020-09-01 09:30:32.900,4763.0000,5115,0,47151840.000,0,-,-,-,-,4760.2000,4755.0000,4752.0000,4750.0000,4744.0000,4762.6000,4767.4000,4768.0000,4775.6000,4776.8000,1,5,1,1,1,1,1,1,4,1
SF,IF2010,2020-09-01 09:30:33.400,4763.0000,5115,0,47151840.000,0,-,-,-,-,4760.4000,4760.2000,4755.0000,4752.0000,4750.0000,4762.6000,4767.4000,4768.0000,4775.6000,4776.8000,1,1,5,1,1,1,1,1,4,1
SF,IF2010,2020-09-01 09:30:33.900,4763.0000,5115,0,47151840.000,0,-,-,-,-,4760.6000,4760.4000,4760.2000,4755.0000,4752.0000,4762.6000,4767.4000,4768.0000,4775.6000,4776.8000,1,1,1,5,1,1,1,1,4,1
SF,IF2010,2020-09-01 09:30:34.400,4763.0000,5115,0,47151840.000,0,-,-,-,-,4760.8000,4760.6000,4760.2000,4755.0000,4752.0000,4762.6000,4767.4000,4768.0000,4775.6000,4776.8000,1,1,1,5,1,1,1,1,4,1
SF,IF2010,2020-09-01 09:30:34.900,4762.6000,5114,-1,48580620.000,1,0,1,双平,S,4760.8000,4760.6000,4760.2000,4755.0000,4752.0000,4768.0000,4775.6000,4776.8000,4777.0000,4787.0000,1,1,1,5,1,1,4,1,1,1
SF,IF2010,2020-09-01 09:30:35.400,4762.6000,5114,0,48580620.000,0,-,-,-,-,4761.0000,4760.8000,4760.6000,4755.0000,4752.0000,4765.6000,4767.4000,4767.6000,4767.8000,4775.6000,1,1,1,5,1,1,1,2,2,4
SF,IF2010,2020-09-01 09:30:35.900,4762.6000,5114,0,48580620.000,0,-,-,-,-,4761.2000,4761.0000,4760.6000,4755.0000,4752.0000,4765.4000,4767.4000,4767.6000,4775.6000,4776.8000,1,1,1,5,1,2,1,2,4,1
SF,IF2010,2020-09-01 09:30:36.400,4762.6000,5114,0,48580620.000,0,-,-,-,-,4761.4000,4761.2000,4760.6000,4755.0000,4752.0000,4765.2000,4765.4000,4767.4000,4767.6000,4775.6000,1,1,1,5,1,1,2,1,2,4
SF,IF2010,2020-09-01 09:30:36.900,4762.6000,5114,0,48580620.000,0,-,-,-,-,4761.6000,4761.4000,4760.6000,4755.0000,4752.0000,4765.0000,4765.2000,4765.4000,4767.4000,4767.6000,1,1,1,5,1,1,2,1,1,2
SF,IF2010,2020-09-01 09:30:37.400,4761.8000,5114,0,50009160.000,1,0,1,多换,S,4761.6000,4760.6000,4755.0000,4752.0000,4750.0000,4765.0000,4765.2000,4767.4000,4767.6000,4775.6000,1,1,5,1,1,1,2,1,2,4
SF,IF2010,2020-09-01 09:30:37.900,4761.8000,5114,0,50009160.000,0,-,-,-,-,4761.8000,4761.6000,4760.6000,4755.0000,4752.0000,4765.0000,4767.4000,4767.6000,4775.6000,4776.8000,1,1,1,5,1,1,1,2,4,1
SF,IF2010,2020-09-01 09:30:38.900,4765.0000,5113,-1,51438660.000,1,0,1,双平,S,4761.8000,4761.6000,4760.6000,4755.0000,4752.0000,4765.2000,4767.4000,4767.6000,4775.6000,4776.8000,2,1,1,5,1,1,1,2,4,1
SF,IF2010,2020-09-01 09:30:39.400,4765.0000,5113,0,52868160.000,1,0,1,多换,S,4762.0000,4761.8000,4761.6000,4760.6000,4755.0000,4765.2000,4767.4000,4767.6000,4775.6000,4776.8000,1,2,1,1,5,1,1,2,4,1
SF,IF2010,2020-09-01 09:30:39.900,4765.0000,5113,0,52868160.000,0,-,-,-,-,4762.2000,4762.0000,4761.8000,4761.6000,4760.6000,4765.2000,4767.4000,4767.6000,4775.6000,4776.8000,1,1,1,1,1,1,1,2,4,1
SF,IF2010,2020-09-01 09:30:40.400,4765.0000,5113,0,52868160.000,0,-,-,-,-,4762.4000,4762.2000,4761.6000,4760.6000,4760.4000,4765.2000,4767.6000,4775.6000,4776.8000,4777.0000,1,2,1,1,1,1,1,4,1,1
SF,IF2010,2020-09-01 09:30:40.900,4765.0000,5113,0,52868160.000,0,-,-,-,-,4762.6000,4762.4000,4761.2000,4760.6000,4760.4000,4765.2000,4767.6000,4775.6000,4776.8000,4777.0000,1,2,1,1,1,1,1,4,1,1
SF,IF2010,2020-09-01 09:30:41.400,4765.0000,5113,0,52868160.000,0,-,-,-,-,4762.8000,4762.6000,4762.4000,4761.2000,4760.4000,4765.0000,4765.2000,4767.6000,4775.6000,4776.8000,1,1,1,1,1,1,2,1,4,1
SF,IF2010,2020-09-01 09:30:41.900,4765.0000,5113,0,52868160.000,0,-,-,-,-,4762.6000,4762.4000,4761.2000,4760.4000,4755.0000,4764.8000,4765.0000,4765.2000,4767.6000,4775.6000,1,1,1,1,5,1,1,2,1,4
SF,IF2010,2020-09-01 09:30:42.400,4765.0000,5113,0,54297660.000,1,0,1,多换,S,4761.2000,4760.4000,4759.6000,4755.0000,4752.0000,4764.6000,4764.8000,4765.2000,4767.6000,4775.6000,1,1,1,5,1,2,2,1,1,4
SF,IF2010,2020-09-01 09:30:42.900,4765.0000,5113,0,54297660.000,0,-,-,-,-,4761.4000,4761.2000,4760.4000,4759.6000,4755.0000,4764.4000,4764.6000,4765.2000,4767.6000,4775.6000,2,1,1,1,5,2,2,1,1,4
SF,IF2010,2020-09-01 09:30:43.400,4765.0000,5113,0,54297660.000,0,-,-,-,-,4761.4000,4761.2000,4759.6000,4755.0000,4752.0000,4764.4000,4764.6000,4765.2000,4767.6000,4775.6000,2,1,1,5,1,1,2,1,1,4
SF,IF2010,2020-09-01 09:30:43.900,4765.0000,5113,0,54297660.000,0,-,-,-,-,4761.6000,4761.4000,4761.2000,4759.6000,4755.0000,4764.4000,4765.2000,4767.6000,4775.6000,4776.8000,1,2,1,1,5,1,1,1,4,1
SF,IF2010,2020-09-01 09:30:44.400,4764.4000,5112,-1,55726980.000,1,0,1,双平,S,4761.8000,4761.6000,4761.4000,4761.2000,4759.6000,4765.2000,4767.6000,4775.6000,4776.8000,4777.0000,2,1,1,1,1,1,1,4,1,1
SF,IF2010,2020-09-01 09:30:44.900,4764.4000,5112,0,55726980.000,0,-,-,-,-,4761.8000,4761.4000,4761.2000,4759.6000,4755.0000,4765.0000,4765.2000,4767.6000,4775.6000,4776.8000,2,1,1,1,5,1,1,1,4,1
SF,IF2010,2020-09-01 09:30:45.400,4764.4000,5112,0,55726980.000,0,-,-,-,-,4762.0000,4761.8000,4761.4000,4761.2000,4759.6000,4765.0000,4765.2000,4767.6000,4775.6000,4776.8000,1,2,1,1,1,1,1,1,4,1
SF,IF2010,2020-09-01 09:30:45.900,4764.4000,5112,0,55726980.000,0,-,-,-,-,4764.4000,4762.2000,4761.4000,4761.2000,4759.6000,4765.2000,4767.6000,4775.6000,4776.8000,4777.0000,1,2,1,1,1,1,1,4,1,1
SF,IF2010,2020-09-01 09:30:46.400,4764.4000,5112,0,57156300.000,1,0,1,多换,S,4762.2000,4761.2000,4759.6000,4755.0000,4752.0000,4764.4000,4765.2000,4767.6000,4775.6000,4776.8000,2,1,1,5,1,1,2,1,4,1
SF,IF2010,2020-09-01 09:30:46.900,4764.4000,5112,0,57156300.000,0,-,-,-,-,4762.2000,4761.2000,4759.6000,4755.0000,4752.0000,4764.4000,4765.2000,4767.6000,4775.6000,4776.8000,2,1,1,5,1,1,1,1,4,1
SF,IF2010,2020-09-01 09:30:48.900,4764.4000,5112,0,57156300.000,0,-,-,-,-,4762.4000,4762.2000,4761.2000,4759.6000,4755.0000,4764.4000,4765.2000,4767.6000,4775.6000,4776.8000,1,2,1,1,5,1,1,1,4,1
SF,IF2010,2020-09-01 09:30:49.400,4764.4000,5112,0,57156300.000,0,-,-,-,-,4762.4000,4762.2000,4761.2000,4759.6000,4755.0000,4764.2000,4765.2000,4767.6000,4775.6000,4776.8000,1,2,1,1,5,1,1,1,4,1
SF,IF2010,2020-09-01 09:30:49.900,4764.4000,5112,0,57156300.000,0,-,-,-,-,4762.6000,4762.4000,4761.2000,4759.6000,4755.0000,4764.2000,4765.0000,4765.2000,4767.6000,4775.6000,1,1,1,1,5,2,1,1,1,4
SF,IF2010,2020-09-01 09:30:50.400,4764.4000,5112,0,57156300.000,0,-,-,-,-,4762.4000,4761.2000,4759.6000,4755.0000,4752.0000,4762.6000,4764.2000,4765.0000,4765.2000,4767.6000,1,1,1,5,1,1,2,1,1,1
SF,IF2010,2020-09-01 09:30:50.900,4762.4000,5111,-1,58585020.000,1,0,1,双平,S,4761.2000,4759.6000,4755.0000,4752.0000,4750.0000,4762.6000,4764.2000,4765.0000,4765.2000,4767.6000,1,1,5,1,1,1,2,1,1,1
SF,IF2010,2020-09-01 09:30:51.400,4762.4000,5111,0,58585020.000,0,-,-,-,-,4761.2000,4759.6000,4755.0000,4752.0000,4750.0000,4762.4000,4764.2000,4765.0000,4765.2000,4767.6000,1,1,5,1,1,1,1,1,1,1
SF,IF2010,2020-09-01 09:30:52.400,4762.4000,5110,-1,60013740.000,1,0,1,双平,S,4761.2000,4759.6000,4755.0000,4752.0000,4750.0000,4764.2000,4765.0000,4765.2000,4767.6000,4775.6000,2,1,5,1,1,1,1,1,1,4
SF,IF2010,2020-09-01 09:30:52.900,4762.4000,5110,0,60013740.000,0,-,-,-,-,4761.4000,4761.2000,4759.6000,4755.0000,4752.0000,4765.0000,4765.2000,4767.6000,4775.6000,4776.8000,3,1,1,5,1,1,1,1,4,1
SF,IF2010,2020-09-01 09:30:53.400,4762.4000,5110,0,60013740.000,0,-,-,-,-,4761.6000,4761.4000,4761.2000,4759.6000,4755.0000,4764.8000,4765.0000,4765.2000,4767.6000,4775.6000,2,2,1,1,5,2,1,1,1,4
SF,IF2010,2020-09-01 09:30:53.900,4762.4000,5110,0,60013740.000,0,-,-,-,-,4761.8000,4761.6000,4761.2000,4759.6000,4755.0000,4764.8000,4765.0000,4765.2000,4767.6000,4775.6000,3,2,1,1,5,1,2,1,1,4
SF,IF2010,2020-09-01 09:30:54.400,4762.4000,5110,0,60013740.000,0,-,-,-,-,4761.8000,4761.6000,4761.2000,4759.6000,4755.0000,4765.0000,4765.2000,4767.6000,4775.6000,4776.8000,2,2,1,1,5,2,1,1,4,1
SF,IF2010,2020-09-01 09:30:54.900,4765.0000,5109,-1,61443240.000,1,0,1,双平,S,4761.8000,4761.6000,4761.2000,4759.6000,4755.0000,4765.0000,4765.2000,4767.6000,4775.6000,4776.8000,2,2,1,1,5,1,1,1,4,1
SF,IF2010,2020-09-01 09:30:55.400,4765.0000,5109,0,61443240.000,0,-,-,-,-,4761.8000,4761.6000,4761.2000,4759.6000,4755.0000,4765.0000,4765.2000,4767.6000,4775.6000,4776.8000,2,2,1,1,5,2,1,1,4,1
SF,IF2010,2020-09-01 09:30:55.900,4765.0000,5109,0,61443240.000,0,-,-,-,-,4761.8000,4761.6000,4761.2000,4759.6000,4755.0000,4765.0000,4765.2000,4767.6000,4775.6000,4776.8000,2,2,1,1,5,1,1,1,4,1
SF,IF2010,2020-09-01 09:30:56.400,4765.0000,5109,0,61443240.000,0,-,-,-,-,4762.0000,4761.8000,4761.2000,4759.6000,4755.0000,4765.0000,4765.2000,4767.6000,4775.6000,4776.8000,2,2,1,1,5,1,1,1,4,1
SF,IF2010,2020-09-01 09:30:56.900,4765.0000,5109,0,61443240.000,0,-,-,-,-,4762.2000,4762.0000,4761.2000,4759.6000,4755.0000,4764.8000,4765.0000,4765.2000,4767.6000,4775.6000,2,1,1,1,5,1,1,1,1,4
SF,IF2010,2020-09-01 09:30:57.400,4765.0000,5109,0,61443240.000,0,-,-,-,-,4762.4000,4762.2000,4762.0000,4761.2000,4759.6000,4764.8000,4765.0000,4765.2000,4767.6000,4775.6000,2,2,1,1,1,1,1,1,1,4
SF,IF2010,2020-09-01 09:30:57.900,4765.0000,5109,0,61443240.000,0,-,-,-,-,4762.6000,4762.4000,4762.2000,4762.0000,4761.2000,4764.8000,4765.0000,4765.2000,4767.6000,4775.6000,1,1,1,1,1,1,1,1,1,4
SF,IF2010,2020-09-01 09:30:58.400,4765.0000,5109,0,61443240.000,0,-,-,-,-,4762.6000,4762.4000,4762.2000,4761.2000,4759.6000,4764.8000,4765.0000,4765.2000,4767.6000,4775.6000,3,1,1,1,1,1,1,1,1,4
SF,IF2010,2020-09-01 09:30:58.900,4765.0000,5109,0,61443240.000,0,-,-,-,-,4762.6000,4762.2000,4761.2000,4759.6000,4755.0000,4764.8000,4765.0000,4765.2000,4767.6000,4775.6000,3,1,1,1,5,1,1,1,1,4
SF,IF2010,2020-09-01 09:30:59.400,4765.0000,5109,0,61443240.000,0,-,-,-,-,4762.6000,4762.2000,4761.2000,4759.6000,4755.0000,4764.8000,4765.0000,4765.2000,4767.6000,4775.6000,3,1,1,1,5,1,1,1,1,4
SF,IF2010,2020-09-01 09:30:59.900,4765.0000,5109,0,61443240.000,0,-,-,-,-,4762.8000,4762.6000,4762.2000,4761.2000,4759.6000,4764.8000,4765.0000,4765.2000,4767.6000,4775.6000,2,3,1,1,1,1,1,1,1,4
SF,IF2010,2020-09-01 09:31:00.400,4764.8000,5108,-1,62872680.000,1,0,1,双平,S,4763.0000,4762.8000,4762.6000,4762.2000,4761.2000,4765.0000,4765.2000,4767.6000,4775.6000,4776.8000,1,2,1,1,1,1,1,1,4,1
SF,IF2010,2020-09-01 09:31:00.900,4764.8000,5108,0,62872680.000,0,-,-,-,-,4763.0000,4762.8000,4762.6000,4762.2000,4761.2000,4765.0000,4765.2000,4767.6000,4775.6000,4776.8000,2,2,1,1,1,1,1,1,4,1
SF,IF2010,2020-09-01 09:31:01.400,4765.2000,5106,-2,65731740.000,2,0,2,双平,S,4763.0000,4762.6000,4762.2000,4761.2000,4759.6000,4767.6000,4775.6000,4776.8000,4777.0000,4787.0000,2,1,1,1,1,1,4,1,1,1
SF,IF2010,2020-09-01 09:31:01.900,4765.2000,5106,0,65731740.000,0,-,-,-,-,4763.2000,4763.0000,4762.6000,4761.2000,4759.6000,4767.4000,4767.6000,4775.6000,4776.8000,4777.0000,1,2,1,1,1,3,1,4,1,1
SF,IF2010,2020-09-01 09:31:02.400,4765.2000,5106,0,65731740.000,0,-,-,-,-,4763.4000,4763.2000,4762.6000,4761.2000,4759.6000,4767.4000,4767.6000,4775.6000,4776.8000,4777.0000,1,1,1,1,1,3,1,4,1,1
SF,IF2010,2020-09-01 09:31:02.900,4765.2000,5106,0,65731740.000,0,-,-,-,-,4763.6000,4763.4000,4761.2000,4759.6000,4755.0000,4767.2000,4767.4000,4767.6000,4775.6000,4776.8000,1,2,1,1,6,1,2,1,4,1
SF,IF2010,2020-09-01 09:31:03.400,4765.2000,5106,0,65731740.000,0,-,-,-,-,4763.8000,4763.6000,4761.2000,4759.6000,4755.0000,4767.0000,4767.2000,4767.4000,4767.6000,4775.6000,1,1,1,1,6,2,1,1,1,4
SF,IF2010,2020-09-01 09:31:03.900,4764.0000,5105,-1,67160940.000,1,0,1,双平,S,4763.8000,4761.2000,4759.6000,4755.0000,4752.0000,4766.8000,4767.0000,4767.2000,4767.4000,4767.6000,1,1,1,6,1,2,2,1,1,1
SF,IF2010,2020-09-01 09:31:04.400,4764.0000,5105,0,67160940.000,0,-,-,-,-,4761.2000,4759.6000,4755.0000,4752.0000,4750.0000,4763.8000,4766.6000,4766.8000,4767.0000,4767.2000,1,1,6,1,1,1,1,1,1,1
SF,IF2010,2020-09-01 09:31:04.900,4763.8000,5103,-2,70019220.000,2,0,2,双平,S,4763.8000,4761.4000,4761.2000,4759.6000,4755.0000,4766.0000,4767.2000,4767.6000,4775.6000,4776.8000,1,2,2,1,6,1,1,1,4,1
SF,IF2010,2020-09-01 09:31:05.400,4765.8000,5103,0,71448960.000,1,0,1,多换,S,4761.4000,4761.2000,4759.6000,4755.0000,4752.0000,4765.8000,4766.0000,4767.2000,4767.6000,4775.6000,1,1,1,6,1,1,1,1,1,4
SF,IF2010,2020-09-01 09:31:05.900,4765.8000,5103,0,71448960.000,0,-,-,-,-,4761.6000,4761.4000,4761.2000,4759.6000,4755.0000,4767.2000,4767.6000,4775.6000,4776.8000,4777.0000,3,2,1,1,6,1,1,4,1,1
SF,IF2010,2020-09-01 09:31:06.400,4765.8000,5103,0,71448960.000,0,-,-,-,-,4761.8000,4761.6000,4761.2000,4759.6000,4755.0000,4767.0000,4767.2000,4767.6000,4775.6000,4776.8000,1,3,1,1,6,1,1,1,4,1
SF,IF2010,2020-09-01 09:31:06.900,4765.8000,5103,0,71448960.000,0,-,-,-,-,4762.0000,4761.8000,4761.6000,4761.2000,4759.6000,4767.0000,4767.2000,4767.6000,4775.6000,4776.8000,1,2,2,1,1,1,1,1,4,1
SF,IF2010,2020-09-01 09:31:07.400,4765.8000,5103,0,71448960.000,0,-,-,-,-,4762.2000,4762.0000,4761.8000,4761.6000,4761.2000,4767.0000,4767.2000,4767.6000,4775.6000,4776.8000,1,1,1,2,1,1,1,1,4,1
SF,IF2010,2020-09-01 09:31:07.900,4765.8000,5103,0,71448960.000,0,-,-,-,-,4762.4000,4762.2000,4761.8000,4761.6000,4761.2000,4767.2000,4767.6000,4775.6000,4776.8000,4777.0000,1,1,1,2,1,1,1,4,1,1
SF,IF2010,2020-09-01 09:31:08.400,4765.8000,5103,0,71448960.000,0,-,-,-,-,4762.6000,4762.4000,4761.8000,4761.6000,4761.2000,4767.0000,4767.2000,4767.6000,4775.6000,4776.8000,1,1,1,2,1,1,1,1,4,1
SF,IF2010,2020-09-01 09:31:08.900,4765.8000,5103,0,71448960.000,0,-,-,-,-,4762.8000,4762.6000,4761.6000,4761.2000,4759.6000,4767.2000,4767.6000,4775.6000,4776.8000,4777.0000,1,2,1,1,1,1,1,4,1,1
SF,IF2010,2020-09-01 09:31:09.400,4765.8000,5103,0,71448960.000,0,-,-,-,-,4763.0000,4762.8000,4761.6000,4761.2000,4759.6000,4767.2000,4767.6000,4775.6000,4776.8000,4777.0000,2,2,1,1,1,1,1,4,1,1
SF,IF2010,2020-09-01 09:31:09.900,4765.8000,5103,0,71448960.000,0,-,-,-,-,4763.2000,4763.0000,4761.6000,4761.2000,4759.6000,4767.6000,4775.6000,4776.8000,4777.0000,4787.0000,1,2,1,1,1,1,4,1,1,1
SF,IF2010,2020-09-01 09:31:10.400,4765.8000,5103,0,71448960.000,0,-,-,-,-,4763.4000,4763.2000,4763.0000,4761.6000,4761.2000,4767.6000,4771.6000,4775.6000,4776.8000,4777.0000,1,1,1,1,1,1,1,4,1,1
SF,IF2010,2020-09-01 09:31:10.900,4765.8000,5103,0,71448960.000,0,-,-,-,-,4763.6000,4763.4000,4763.0000,4761.6000,4761.2000,4767.6000,4771.6000,4775.6000,4776.8000,4777.0000,2,1,1,1,1,1,1,4,1,1
SF,IF2010,2020-09-01 09:31:11.400,4765.8000,5103,0,71448960.000,0,-,-,-,-,4763.8000,4763.6000,4763.0000,4761.2000,4759.6000,4767.6000,4771.6000,4775.6000,4776.8000,4777.0000,1,3,1,1,1,1,1,4,1,1
SF,IF2010,2020-09-01 09:31:11.900,4765.8000,5103,0,71448960.000,0,-,-,-,-,4764.0000,4763.8000,4763.6000,4761.2000,4759.6000,4767.4000,4767.6000,4771.6000,4775.6000,4776.8000,1,1,1,1,1,1,1,1,4,1
SF,IF2010,2020-09-01 09:31:12.400,4765.8000,5103,0,71448960.000,0,-,-,-,-,4764.2000,4764.0000,4761.2000,4759.6000,4755.0000,4767.4000,4771.6000,4775.6000,4776.8000,4777.0000,1,1,1,1,6,2,1,4,1,1
SF,IF2010,2020-09-01 09:31:12.900,4765.8000,5103,0,71448960.000,0,-,-,-,-,4764.4000,4764.2000,4761.2000,4759.6000,4755.0000,4767.2000,4767.4000,4771.6000,4775.6000,4776.8000,1,1,1,1,6,1,2,1,4,1
SF,IF2010,2020-09-01 09:31:13.400,4764.6000,5102,-1,72878340.000,1,0,1,双平,S,4761.2000,4759.6000,4755.0000,4752.0000,4750.0000,4765.2000,4765.6000,4767.0000,4767.2000,4771.6000,1,1,6,1,1,2,1,1,2,1
SF,IF2010,2020-09-01 09:31:13.900,4764.6000,5102,0,72878340.000,0,-,-,-,-,4761.4000,4761.2000,4759.6000,4755.0000,4752.0000,4767.0000,4771.6000,4775.6000,4776.8000,4777.0000,3,1,1,6,1,1,1,4,1,1
SF,IF2010,2020-09-01 09:31:14.400,4764.6000,5102,0,72878340.000,0,-,-,-,-,4761.4000,4761.2000,4759.6000,4755.0000,4752.0000,4767.0000,4771.6000,4775.6000,4776.8000,4777.0000,3,1,1,6,1,2,1,4,1,1
SF,IF2010,2020-09-01 09:31:14.900,4764.6000,5102,0,72878340.000,0,-,-,-,-,4761.6000,4761.4000,4761.2000,4759.6000,4755.0000,4767.0000,4771.6000,4775.6000,4776.8000,4777.0000,1,3,1,1,6,2,1,4,1,1
SF,IF2010,2020-09-01 09:31:15.400,4764.6000,5102,0,72878340.000,0,-,-,-,-,4761.8000,4761.6000,4761.4000,4761.2000,4759.6000,4766.8000,4767.0000,4771.6000,4775.6000,4776.8000,2,1,1,1,1,2,1,1,4,1
SF,IF2010,2020-09-01 09:31:15.900,4764.6000,5102,0,72878340.000,0,-,-,-,-,4761.8000,4761.6000,4761.4000,4761.2000,4759.6000,4766.2000,4766.4000,4766.6000,4766.8000,4771.6000,2,1,1,1,1,1,1,1,2,1
SF,IF2010,2020-09-01 09:31:16.400,4764.6000,5102,0,72878340.000,0,-,-,-,-,4762.0000,4761.8000,4761.6000,4761.4000,4761.2000,4766.0000,4766.2000,4766.4000,4766.8000,4771.6000,1,2,1,1,1,1,1,1,2,1
SF,IF2010,2020-09-01 09:31:16.900,4764.6000,5102,0,72878340.000,0,-,-,-,-,4762.2000,4761.6000,4761.4000,4761.2000,4759.6000,4766.0000,4766.2000,4766.4000,4766.8000,4771.6000,2,1,1,1,1,1,1,1,2,1
SF,IF2010,2020-09-01 09:31:17.400,4764.6000,5102,0,72878340.000,0,-,-,-,-,4762.2000,4761.6000,4761.4000,4761.2000,4759.6000,4766.4000,4766.8000,4771.6000,4772.8000,4775.6000,2,1,1,1,1,1,2,1,1,4
SF,IF2010,2020-09-01 09:31:17.900,4764.6000,5102,0,72878340.000,0,-,-,-,-,4762.2000,4761.4000,4761.2000,4759.6000,4757.8000,4766.4000,4766.8000,4771.6000,4772.8000,4775.6000,2,1,1,1,1,1,2,1,1,4
SF,IF2010,2020-09-01 09:31:18.400,4764.6000,5102,0,72878340.000,0,-,-,-,-,4762.4000,4762.2000,4761.4000,4761.2000,4759.6000,4766.2000,4766.4000,4766.8000,4771.6000,4772.8000,1,2,1,1,1,1,1,2,1,1
SF,IF2010,2020-09-01 09:31:18.900,4764.6000,5102,0,72878340.000,0,-,-,-,-,4762.6000,4762.4000,4761.4000,4761.2000,4759.6000,4766.4000,4766.6000,4766.8000,4771.6000,4772.8000,2,1,1,1,1,1,1,1,1,1
SF,IF2010,2020-09-01 09:31:19.400,4764.6000,5102,0,72878340.000,0,-,-,-,-,4762.8000,4762.6000,4762.4000,4761.4000,4761.2000,4766.4000,4766.6000,4771.6000,4772.8000,4775.6000,1,2,1,1,1,1,1,1,1,4
SF,IF2010,2020-09-01 09:31:19.900,4764.6000,5102,0,72878340.000,0,-,-,-,-,4763.0000,4762.8000,4762.4000,4761.4000,4761.2000,4766.6000,4771.6000,4772.8000,4775.6000,4776.8000,3,1,1,1,1,1,1,1,4,1
SF,IF2010,2020-09-01 09:31:20.400,4764.6000,5102,0,72878340.000,0,-,-,-,-,4763.2000,4763.0000,4762.4000,4761.4000,4761.2000,4766.6000,4771.6000,4772.8000,4775.6000,4776.8000,1,3,1,1,1,1,1,1,4,1
SF,IF2010,2020-09-01 09:31:20.900,4764.6000,5102,0,72878340.000,0,-,-,-,-,4763.4000,4763.2000,4763.0000,4761.4000,4761.2000,4766.6000,4771.6000,4772.8000,4775.6000,4776.8000,2,1,1,1,1,1,1,1,4,1
SF,IF2010,2020-09-01 09:31:21.400,4766.6000,5101,-1,74308320.000,1,0,1,双平,S,4763.6000,4763.4000,4763.0000,4761.2000,4759.6000,4771.6000,4772.8000,4775.6000,4776.8000,4777.0000,2,2,1,1,1,1,1,4,1,1
SF,IF2010,2020-09-01 09:31:21.900,4766.6000,5101,0,74308320.000,0,-,-,-,-,4763.8000,4763.6000,4761.2000,4759.6000,4757.8000,4771.2000,4771.4000,4771.6000,4772.8000,4775.6000,5,1,1,1,1,1,2,1,1,4
SF,IF2010,2020-09-01 09:31:22.400,4766.6000,5101,0,74308320.000,0,-,-,-,-,4764.0000,4763.8000,4763.6000,4761.2000,4759.6000,4769.0000,4771.0000,4771.2000,4771.4000,4771.6000,2,4,1,1,1,1,1,1,1,1
SF,IF2010,2020-09-01 09:31:22.900,4766.6000,5101,0,74308320.000,0,-,-,-,-,4764.2000,4764.0000,4763.8000,4763.6000,4761.2000,4768.8000,4769.0000,4771.2000,4771.4000,4771.6000,2,2,1,1,1,1,1,1,1,1
SF,IF2010,2020-09-01 09:31:23.400,4766.6000,5101,0,74308320.000,0,-,-,-,-,4764.4000,4764.2000,4763.8000,4763.6000,4761.2000,4768.8000,4771.2000,4771.4000,4771.6000,4772.8000,1,2,1,1,1,1,1,1,1,1
SF,IF2010,2020-09-01 09:31:23.900,4766.6000,5101,0,74308320.000,0,-,-,-,-,4764.6000,4764.4000,4763.8000,4763.6000,4761.2000,4771.2000,4771.4000,4771.6000,4772.8000,4775.6000,3,1,1,1,1,1,1,1,1,4
SF,IF2010,2020-09-01 09:31:24.400,4766.6000,5101,0,74308320.000,0,-,-,-,-,4764.6000,4763.8000,4763.6000,4761.2000,4759.6000,4771.0000,4771.2000,4771.4000,4771.6000,4772.8000,3,1,1,1,1,1,1,1,1,1
SF,IF2010,2020-09-01 09:31:24.900,4766.6000,5101,0,74308320.000,0,-,-,-,-,4764.6000,4763.6000,4761.2000,4759.6000,4757.8000,4770.8000,4771.0000,4771.2000,4771.4000,4771.6000,3,1,1,1,1,1,1,1,1,1
SF,IF2010,2020-09-01 09:31:25.400,4766.6000,5101,0,74308320.000,0,-,-,-,-,4765.2000,4764.6000,4763.6000,4761.2000,4759.6000,4770.6000,4770.8000,4771.2000,4771.4000,4771.6000,1,2,1,1,1,1,1,1,1,1
SF,IF2010,2020-09-01 09:31:25.900,4766.6000,5101,0,74308320.000,0,-,-,-,-,4765.4000,4763.6000,4761.2000,4759.6000,4757.8000,4770.6000,4770.8000,4771.6000,4772.8000,4775.6000,3,1,1,1,1,1,1,1,1,4
SF,IF2010,2020-09-01 09:31:26.400,4766.6000,5101,0,74308320.000,0,-,-,-,-,4765.6000,4765.4000,4763.6000,4761.2000,4759.6000,4770.6000,4771.6000,4772.8000,4775.6000,4776.8000,1,3,1,1,1,1,1,1,4,1
SF,IF2010,2020-09-01 09:31:26.900,4766.6000,5101,0,74308320.000,0,-,-,-,-,4765.8000,4765.4000,4764.0000,4761.2000,4759.6000,4770.6000,4771.6000,4772.8000,4775.6000,4776.8000,3,1,1,1,1,1,1,1,4,1
SF,IF2010,2020-09-01 09:31:27.400,4766.6000,5101,0,74308320.000,0,-,-,-,-,4766.0000,4765.8000,4765.4000,4764.0000,4761.2000,4770.6000,4771.6000,4772.8000,4775.6000,4776.8000,2,3,1,1,1,1,1,1,4,1
SF,IF2010,2020-09-01 09:31:27.900,4766.6000,5101,0,74308320.000,0,-,-,-,-,4766.2000,4766.0000,4765.8000,4765.4000,4764.0000,4770.6000,4771.6000,4772.8000,4775.6000,4776.8000,2,1,1,1,1,1,1,1,4,1
SF,IF2010,2020-09-01 09:31:28.400,4766.6000,5101,0,74308320.000,0,-,-,-,-,4766.4000,4766.2000,4766.0000,4765.8000,4765.4000,4771.6000,4772.8000,4775.6000,4776.8000,4777.0000,1,2,1,1,1,1,1,4,1,1
SF,IF2010,2020-09-01 09:31:28.900,4766.6000,5101,0,74308320.000,0,-,-,-,-,4766.6000,4766.4000,4766.0000,4765.8000,4765.4000,4771.4000,4771.6000,4772.8000,4775.6000,4776.8000,2,1,1,1,1,1,1,1,4,1
SF,IF2010,2020-09-01 09:31:29.400,4766.6000,5101,0,74308320.000,0,-,-,-,-,4766.6000,4766.4000,4766.0000,4765.8000,4765.4000,4771.6000,4772.8000,4775.6000,4776.8000,4777.0000,2,1,1,1,1,1,1,4,3,1
SF,IF2010,2020-09-01 09:31:29.900,4766.6000,5101,0,74308320.000,0,-,-,-,-,4766.6000,4766.0000,4765.8000,4765.4000,4765.0000,4771.6000,4772.8000,4775.6000,4776.8000,4777.0000,2,1,1,1,5,1,1,4,3,1
SF,IF2010,2020-09-01 09:31:30.400,4766.6000,5101,0,74308320.000,0,-,-,-,-,4766.8000,4766.6000,4766.0000,4765.8000,4765.4000,4771.6000,4772.8000,4775.6000,4776.8000,4777.0000,2,2,1,1,1,1,1,4,3,1
SF,IF2010,2020-09-01 09:31:30.900,4766.6000,5101,0,74308320.000,0,-,-,-,-,4767.0000,4766.8000,4766.0000,4765.8000,4765.4000,4771.6000,4772.8000,4775.6000,4776.8000,4777.0000,3,2,1,1,1,1,1,4,3,1
SF,IF2010,2020-09-01 09:31:31.400,4766.6000,5101,0,74308320.000,0,-,-,-,-,4767.2000,4767.0000,4766.0000,4765.0000,4764.0000,4771.6000,4772.8000,4775.6000,4776.8000,4777.0000,1,3,1,5,1,1,1,4,3,1
SF,IF2010,2020-09-01 09:31:31.900,4766.6000,5101,0,74308320.000,0,-,-,-,-,4767.4000,4767.2000,4767.0000,4766.0000,4765.0000,4771.6000,4772.8000,4775.6000,4776.8000,4777.0000,3,2,1,1,5,1,1,4,3,1
SF,IF2010,2020-09-01 09:31:32.400,4766.6000,5101,0,74308320.000,0,-,-,-,-,4767.6000,4767.4000,4767.2000,4767.0000,4766.0000,4771.6000,4772.8000,4775.6000,4776.8000,4777.0000,1,3,1,1,1,1,1,4,3,1
SF,IF2010,2020-09-01 09:31:32.900,4766.6000,5101,0,74308320.000,0,-,-,-,-,4767.8000,4767.6000,4767.4000,4767.2000,4766.0000,4771.4000,4771.6000,4772.8000,4775.6000,4776.8000,3,1,1,1,1,1,1,1,4,3
SF,IF2010,2020-09-01 09:31:33.400,4766.6000,5101,0,74308320.000,0,-,-,-,-,4767.8000,4767.6000,4767.2000,4766.0000,4765.0000,4771.6000,4772.8000,4776.8000,4777.0000,4787.0000,3,1,1,1,5,1,1,3,1,1
SF,IF2010,2020-09-01 09:31:33.900,4766.6000,5101,0,74308320.000,0,-,-,-,-,4768.0000,4767.8000,4767.6000,4767.2000,4766.0000,4771.6000,4772.8000,4776.8000,4777.0000,4787.0000,1,3,1,1,1,1,1,3,1,1
SF,IF2010,2020-09-01 09:31:34.400,4766.6000,5101,0,74308320.000,0,-,-,-,-,4768.2000,4768.0000,4767.8000,4767.2000,4765.0000,4771.4000,4771.6000,4772.8000,4776.8000,4777.0000,2,1,1,1,5,1,1,1,3,1
SF,IF2010,2020-09-01 09:31:34.900,4766.6000,5101,0,74308320.000,0,-,-,-,-,4768.4000,4768.2000,4767.2000,4765.0000,4764.0000,4771.4000,4771.6000,4772.8000,4776.8000,4777.0000,1,2,1,5,1,1,1,1,3,1
SF,IF2010,2020-09-01 09:31:35.400,4766.6000,5101,0,74308320.000,0,-,-,-,-,4768.6000,4767.2000,4765.0000,4764.0000,4761.2000,4771.4000,4771.6000,4772.8000,4776.8000,4777.0000,1,1,5,1,1,1,1,1,3,1
SF,IF2010,2020-09-01 09:31:35.900,4771.2000,5101,0,75739680.000,1,0,1,多换,S,4768.6000,4765.0000,4764.0000,4761.2000,4759.6000,4771.4000,4771.6000,4772.8000,4776.8000,4777.0000,1,5,1,1,1,2,1,1,3,1
SF,IF2010,2020-09-01 09:31:36.400,4768.6000,5100,-1,77170260.000,1,0,1,双平,S,4764.0000,4761.2000,4760.0000,4759.6000,4757.8000,4770.0000,4771.2000,4771.4000,4771.6000,4772.8000,1,1,5,1,1,2,2,2,1,1
SF,IF2010,2020-09-01 09:31:36.900,4769.8000,5100,0,78601200.000,1,0,1,多换,S,4764.2000,4764.0000,4761.2000,4760.0000,4759.6000,4769.8000,4771.2000,4771.6000,4772.8000,4776.8000,2,1,1,5,1,1,2,1,1,3
SF,IF2010,2020-09-01 09:31:37.400,4769.8000,5100,0,78601200.000,0,-,-,-,-,4764.8000,4764.2000,4764.0000,4761.2000,4760.0000,4769.6000,4771.2000,4771.6000,4772.8000,4776.8000,1,2,1,1,5,1,2,1,1,3
SF,IF2010,2020-09-01 09:31:37.900,4769.8000,5100,0,78601200.000,0,-,-,-,-,4765.2000,4765.0000,4764.8000,4764.2000,4764.0000,4769.6000,4771.2000,4771.6000,4772.8000,4776.8000,1,1,2,1,1,1,1,1,1,3
SF,IF2010,2020-09-01 09:31:38.400,4769.8000,5100,0,78601200.000,0,-,-,-,-,4765.6000,4765.4000,4765.2000,4765.0000,4764.2000,4769.6000,4771.2000,4771.6000,4772.8000,4776.8000,1,3,2,1,1,1,1,1,1,3
SF,IF2010,2020-09-01 09:31:38.900,4769.8000,5100,0,78601200.000,0,-,-,-,-,4765.8000,4765.6000,4765.4000,4765.2000,4764.2000,4769.6000,4771.2000,4771.6000,4772.8000,4776.8000,1,2,2,1,1,1,1,1,1,3
SF,IF2010,2020-09-01 09:31:39.400,4769.8000,5100,0,78601200.000,0,-,-,-,-,4766.0000,4765.8000,4765.6000,4765.4000,4765.2000,4769.6000,4770.0000,4771.2000,4771.6000,4772.8000,1,2,1,2,1,1,2,1,1,1
SF,IF2010,2020-09-01 09:31:39.900,4769.8000,5100,0,78601200.000,0,-,-,-,-,4766.6000,4766.2000,4766.0000,4765.6000,4765.4000,4769.6000,4770.0000,4771.6000,4772.8000,4776.8000,1,1,2,1,1,1,2,1,1,3
SF,IF2010,2020-09-01 09:31:40.400,4769.8000,5100,0,78601200.000,0,-,-,-,-,4766.8000,4766.6000,4766.0000,4765.6000,4765.4000,4770.0000,4771.6000,4772.8000,4776.8000,4777.0000,3,1,1,1,1,2,1,1,3,1
SF,IF2010,2020-09-01 09:31:40.900,4769.8000,5100,0,78601200.000,0,-,-,-,-,4767.0000,4766.8000,4766.0000,4765.6000,4765.4000,4770.0000,4771.6000,4772.8000,4776.8000,4777.0000,3,2,1,1,1,2,1,1,3,1
SF,IF2010,2020-09-01 09:31:41.400,4769.8000,5100,0,78601200.000,0,-,-,-,-,4767.2000,4767.0000,4766.8000,4766.0000,4765.6000,4770.0000,4771.6000,4772.8000,4776.8000,4777.0000,3,1,1,1,1,2,1,1,3,1
SF,IF2010,2020-09-01 09:31:41.900,4769.8000,5100,0,78601200.000,0,-,-,-,-,4767.6000,4767.4000,4767.2000,4766.8000,4765.6000,4770.0000,4771.6000,4772.8000,4776.8000,4777.0000,1,1,4,1,1,2,1,1,3,1
SF,IF2010,2020-09-01 09:31:42.400,4770.0000,5100,0,80032200.000,1,0,1,多换,S,4767.4000,4767.2000,4766.8000,4765.6000,4765.2000,4770.0000,4771.6000,4772.8000,4776.8000,4777.0000,1,3,1,1,1,1,1,1,3,1
SF,IF2010,2020-09-01 09:31:42.900,4770.0000,5100,0,80032200.000,0,-,-,-,-,4764.0000,4761.2000,4760.0000,4759.6000,4755.0000,4769.8000,4770.0000,4771.6000,4772.8000,4776.8000,1,1,5,1,1,2,2,1,1,3
SF,IF2010,2020-09-01 09:31:43.400,4770.0000,5100,0,80032200.000,0,-,-,-,-,4765.6000,4765.2000,4764.8000,4764.2000,4764.0000,4769.6000,4769.8000,4770.0000,4771.6000,4772.8000,1,1,1,2,1,1,1,1,1,1
SF,IF2010,2020-09-01 09:31:43.900,4770.0000,5100,0,80032200.000,0,-,-,-,-,4765.8000,4765.2000,4764.8000,4764.2000,4764.0000,4769.4000,4769.6000,4770.0000,4771.6000,4772.8000,1,1,1,1,1,1,1,1,1,1
SF,IF2010,2020-09-01 09:31:44.400,4770.0000,5100,0,80032200.000,0,-,-,-,-,4765.8000,4765.2000,4764.8000,4764.2000,4764.0000,4769.4000,4769.6000,4770.0000,4771.6000,4772.8000,1,1,1,1,1,1,1,1,1,1
SF,IF2010,2020-09-01 09:31:44.900,4770.0000,5100,0,80032200.000,0,-,-,-,-,4765.8000,4765.2000,4764.8000,4764.2000,4764.0000,4769.4000,4770.0000,4771.6000,4772.8000,4776.8000,1,1,1,1,1,1,1,1,1,3
SF,IF2010,2020-09-01 09:31:45.400,4770.0000,5100,0,80032200.000,0,-,-,-,-,4766.0000,4765.8000,4764.8000,4764.2000,4764.0000,4769.2000,4769.4000,4770.0000,4771.6000,4772.8000,1,1,1,1,1,1,1,1,1,1
SF,IF2010,2020-09-01 09:31:45.900,4770.0000,5100,0,80032200.000,0,-,-,-,-,4766.2000,4766.0000,4764.8000,4764.2000,4764.0000,4769.0000,4769.2000,4770.0000,4771.6000,4772.8000,1,3,1,1,1,1,1,1,1,1
SF,IF2010,2020-09-01 09:31:46.400,4770.0000,5100,0,80032200.000,0,-,-,-,-,4766.4000,4766.2000,4766.0000,4764.8000,4764.0000,4769.0000,4770.0000,4771.6000,4772.8000,4776.8000,1,2,2,1,1,1,1,1,1,3
SF,IF2010,2020-09-01 09:31:46.900,4770.0000,5100,0,80032200.000,0,-,-,-,-,4769.4000,4766.6000,4766.4000,4766.0000,4764.8000,4770.0000,4771.6000,4772.8000,4776.8000,4777.0000,1,1,2,2,1,1,1,1,3,1
SF,IF2010,2020-09-01 09:31:47.400,4769.4000,5100,0,81463020.000,1,0,1,多换,S,4766.6000,4766.4000,4766.0000,4764.8000,4764.0000,4770.0000,4771.6000,4772.8000,4776.8000,4777.0000,2,1,1,1,1,1,1,1,3,1
SF,IF2010,2020-09-01 09:31:47.900,4769.4000,5100,0,81463020.000,0,-,-,-,-,4766.8000,4766.6000,4766.4000,4766.0000,4764.8000,4770.0000,4771.6000,4772.8000,4776.8000,4777.0000,2,2,1,1,1,1,1,1,3,1
SF,IF2010,2020-09-01 09:31:48.400,4769.4000,5100,0,81463020.000,0,-,-,-,-,4767.0000,4766.8000,4766.6000,4766.4000,4766.0000,4770.0000,4771.6000,4772.8000,4776.8000,4777.0000,2,2,1,1,1,1,1,1,3,1
SF,IF2010,2020-09-01 09:31:48.900,4769.4000,5100,0,81463020.000,0,-,-,-,-,4767.2000,4767.0000,4766.8000,4766.6000,4766.0000,4770.0000,4771.6000,4772.8000,4776.8000,4777.0000,1,2,1,1,1,1,1,1,3,1
SF,IF2010,2020-09-01 09:31:49.400,4769.4000,5100,0,81463020.000,0,-,-,-,-,4767.4000,4767.2000,4767.0000,4766.8000,4766.6000,4770.0000,4771.6000,4772.8000,4776.8000,4777.0000,1,2,1,1,1,1,1,1,3,1
SF,IF2010,2020-09-01 09:31:49.900,4770.0000,5099,-1,82894020.000,1,0,1,双平,S,4770.0000,4767.6000,4767.4000,4766.8000,4766.6000,4771.6000,4772.8000,4776.8000,4777.0000,4778.0000,1,1,2,1,1,1,1,3,1,1
SF,IF2010,2020-09-01 09:31:50.400,4770.0000,5099,0,84325020.000,1,0,1,多换,S,4767.6000,4767.4000,4766.6000,4765.0000,4764.8000,4771.4000,4771.6000,4772.8000,4776.8000,4777.0000,1,1,1,1,1,1,1,1,3,1
SF,IF2010,2020-09-01 09:31:50.900,4770.0000,5099,0,84325020.000,0,-,-,-,-,4767.8000,4767.6000,4766.6000,4765.0000,4764.8000,4771.4000,4771.6000,4772.8000,4776.8000,4777.0000,3,1,1,1,1,1,1,1,3,1
SF,IF2010,2020-09-01 09:31:51.400,4770.0000,5099,0,84325020.000,0,-,-,-,-,4767.8000,4767.6000,4765.0000,4764.8000,4764.0000,4771.4000,4771.6000,4772.8000,4776.8000,4777.0000,3,1,1,1,1,2,1,1,3,1
SF,IF2010,2020-09-01 09:31:51.900,4770.0000,5099,0,84325020.000,0,-,-,-,-,4767.8000,4765.0000,4764.8000,4764.0000,4763.8000,4771.2000,4771.4000,4771.6000,4772.8000,4776.8000,1,1,1,1,1,1,2,1,1,3
SF,IF2010,2020-09-01 09:31:52.400,4770.0000,5099,0,84325020.000,0,-,-,-,-,4765.0000,4764.8000,4764.0000,4763.8000,4761.2000,4771.0000,4771.2000,4771.6000,4772.8000,4776.8000,1,1,1,1,1,2,2,1,1,3
SF,IF2010,2020-09-01 09:31:52.900,4770.0000,5099,0,84325020.000,0,-,-,-,-,4766.0000,4765.6000,4765.2000,4765.0000,4764.0000,4771.0000,4771.6000,4772.8000,4776.8000,4777.0000,1,1,3,1,1,2,1,1,3,1
SF,IF2010,2020-09-01 09:31:53.400,4770.0000,5099,0,84325020.000,0,-,-,-,-,4766.2000,4765.6000,4765.2000,4765.0000,4764.0000,4770.8000,4771.0000,4771.6000,4772.8000,4776.8000,2,1,2,1,1,1,2,1,1,3
SF,IF2010,2020-09-01 09:31:53.900,4770.0000,5099,0,84325020.000,0,-,-,-,-,4770.0000,4766.4000,4766.2000,4765.6000,4765.2000,4770.6000,4771.6000,4772.8000,4776.8000,4777.0000,1,1,1,1,2,2,1,1,3,1
SF,IF2010,2020-09-01 09:31:54.400,4770.0000,5099,0,85756020.000,1,0,1,多换,S,4766.8000,4766.4000,4766.2000,4765.6000,4765.2000,4770.6000,4771.6000,4772.8000,4776.8000,4777.0000,1,1,1,1,1,1,1,1,3,1
SF,IF2010,2020-09-01 09:31:54.900,4770.4000,5099,0,87187140.000,1,0,1,多换,S,4767.0000,4766.8000,4766.4000,4765.6000,4765.2000,4771.6000,4772.8000,4776.8000,4777.0000,4778.0000,4,2,1,1,1,1,1,3,1,1
SF,IF2010,2020-09-01 09:31:55.400,4770.4000,5099,0,87187140.000,0,-,-,-,-,4767.0000,4766.8000,4766.4000,4765.6000,4765.2000,4771.6000,4772.8000,4776.8000,4777.0000,4778.0000,4,1,1,1,1,1,1,3,1,1
SF,IF2010,2020-09-01 09:31:55.900,4770.4000,5099,0,87187140.000,0,-,-,-,-,4767.4000,4767.2000,4767.0000,4766.8000,4765.6000,4771.6000,4772.8000,4776.8000,4777.0000,4778.0000,1,1,3,1,1,1,1,3,1,1
SF,IF2010,2020-09-01 09:31:56.400,4770.4000,5099,0,87187140.000,0,-,-,-,-,4767.6000,4767.4000,4767.2000,4767.0000,4765.6000,4771.6000,4772.8000,4776.8000,4777.0000,4778.0000,3,2,1,1,1,1,1,3,1,1
SF,IF2010,2020-09-01 09:31:56.900,4771.6000,5098,-1,88618620.000,1,0,1,双平,S,4767.6000,4767.4000,4767.2000,4767.0000,4765.6000,4772.8000,4776.8000,4777.0000,4778.0000,4778.2000,3,2,1,1,1,1,3,1,1,4
SF,IF2010,2020-09-01 09:31:57.400,4771.6000,5098,0,88618620.000,0,-,-,-,-,4768.2000,4768.0000,4767.8000,4767.6000,4767.0000,4772.6000,4772.8000,4776.8000,4777.0000,4778.0000,1,1,1,3,1,1,1,3,1,1
SF,IF2010,2020-09-01 09:31:57.900,4771.6000,5098,0,88618620.000,0,-,-,-,-,4768.4000,4768.2000,4768.0000,4767.6000,4767.0000,4772.8000,4776.8000,4777.0000,4778.0000,4778.2000,3,1,1,1,1,1,3,1,1,4
SF,IF2010,2020-09-01 09:31:58.400,4771.6000,5098,0,88618620.000,0,-,-,-,-,4768.6000,4768.4000,4768.0000,4767.6000,4767.0000,4772.8000,4776.8000,4777.0000,4778.0000,4778.2000,3,2,1,1,1,1,3,1,1,4
SF,IF2010,2020-09-01 09:31:58.900,4772.8000,5098,0,90050460.000,1,0,1,多换,S,4769.0000,4768.8000,4768.6000,4767.0000,4765.6000,4776.8000,4777.0000,4778.0000,4778.2000,4779.8000,2,5,2,1,1,3,1,1,4,3
SF,IF2010,2020-09-01 09:31:59.400,4776.6000,5097,-1,91483440.000,1,0,1,双平,S,4769.8000,4769.2000,4769.0000,4768.8000,4768.6000,4776.6000,4776.8000,4777.0000,4778.0000,4778.2000,1,4,2,2,1,1,2,1,1,4
SF,IF2010,2020-09-01 09:31:59.900,4776.6000,5096,-1,92916420.000,1,0,1,双平,S,4770.0000,4769.8000,4769.2000,4769.0000,4768.8000,4776.8000,4777.0000,4778.0000,4779.8000,4787.0000,2,1,2,1,2,2,1,1,3,1
SF,IF2010,2020-09-01 09:32:00.400,4776.6000,5096,0,92916420.000,0,-,-,-,-,4770.4000,4770.2000,4770.0000,4769.2000,4769.0000,4776.6000,4776.8000,4777.0000,4778.0000,4779.8000,1,1,2,2,1,3,2,1,1,3
SF,IF2010,2020-09-01 09:32:00.900,4776.6000,5096,0,92916420.000,0,-,-,-,-,4770.6000,4770.4000,4770.2000,4769.2000,4769.0000,4776.2000,4776.6000,4776.8000,4777.0000,4778.0000,2,1,1,2,1,1,4,2,1,1
SF,IF2010,2020-09-01 09:32:01.400,4776.6000,5096,0,92916420.000,0,-,-,-,-,4770.6000,4770.4000,4770.2000,4769.2000,4769.0000,4776.0000,4776.2000,4776.6000,4776.8000,4777.0000,2,1,1,1,1,2,2,3,2,1
SF,IF2010,2020-09-01 09:32:01.900,4776.6000,5096,0,92916420.000,0,-,-,-,-,4770.6000,4769.2000,4769.0000,4768.8000,4765.6000,4776.0000,4776.2000,4776.6000,4776.8000,4777.0000,2,1,1,2,1,2,2,3,2,1
SF,IF2010,2020-09-01 09:32:02.400,4776.6000,5096,0,92916420.000,0,-,-,-,-,4770.8000,4770.6000,4769.2000,4769.0000,4768.8000,4775.8000,4776.0000,4776.2000,4776.6000,4776.8000,1,2,1,1,2,1,2,2,3,2
SF,IF2010,2020-09-01 09:32:02.900,4776.6000,5096,0,92916420.000,0,-,-,-,-,4771.0000,4770.8000,4769.2000,4769.0000,4768.8000,4774.8000,4775.6000,4775.8000,4776.0000,4776.6000,2,1,1,1,1,1,2,1,1,3
SF,IF2010,2020-09-01 09:32:03.400,4776.6000,5096,0,92916420.000,0,-,-,-,-,4771.0000,4770.8000,4769.2000,4769.0000,4768.8000,4775.4000,4775.6000,4775.8000,4776.6000,4776.8000,2,1,1,1,1,1,2,1,2,2
SF,IF2010,2020-09-01 09:32:03.900,4776.6000,5096,0,92916420.000,0,-,-,-,-,4771.2000,4771.0000,4769.2000,4769.0000,4768.8000,4775.2000,4775.4000,4775.6000,4775.8000,4776.4000,1,2,1,1,1,1,1,1,1,1
SF,IF2010,2020-09-01 09:32:04.400,4776.6000,5096,0,92916420.000,0,-,-,-,-,4771.4000,4771.2000,4769.0000,4768.8000,4765.6000,4775.6000,4776.4000,4776.6000,4776.8000,4777.0000,2,2,1,1,1,1,1,2,2,1
SF,IF2010,2020-09-01 09:32:04.900,4776.6000,5096,0,92916420.000,0,-,-,-,-,4771.4000,4769.0000,4768.8000,4765.6000,4765.0000,4775.4000,4776.4000,4776.6000,4776.8000,4777.0000,2,1,1,1,1,1,1,2,2,1
SF,IF2010,2020-09-01 09:32:05.400,4776.6000,5096,0,92916420.000,0,-,-,-,-,4771.6000,4771.4000,4769.0000,4768.8000,4765.6000,4775.4000,4776.4000,4776.6000,4776.8000,4777.0000,2,2,1,1,1,1,1,2,2,1
SF,IF2010,2020-09-01 09:32:05.900,4776.6000,5096,0,92916420.000,0,-,-,-,-,4771.8000,4771.6000,4769.0000,4768.8000,4765.6000,4775.4000,4776.4000,4776.6000,4776.8000,4777.0000,3,2,1,1,1,1,1,2,2,1
SF,IF2010,2020-09-01 09:32:06.400,4776.6000,5096,0,92916420.000,0,-,-,-,-,4771.8000,4771.6000,4769.0000,4768.8000,4765.6000,4775.4000,4776.4000,4776.6000,4776.8000,4777.0000,3,1,1,1,1,2,1,2,3,1
SF,IF2010,2020-09-01 09:32:06.900,4776.6000,5096,0,92916420.000,0,-,-,-,-,4771.8000,4771.6000,4769.0000,4768.8000,4765.6000,4775.4000,4776.2000,4776.4000,4776.6000,4776.8000,3,1,1,1,1,1,1,1,2,3
SF,IF2010,2020-09-01 09:32:07.400,4776.6000,5096,0,92916420.000,0,-,-,-,-,4772.0000,4771.8000,4769.0000,4768.8000,4765.6000,4775.2000,4775.4000,4776.2000,4776.4000,4776.6000,1,2,1,1,1,1,2,1,1,2
SF,IF2010,2020-09-01 09:32:07.900,4776.6000,5096,0,92916420.000,0,-,-,-,-,4772.2000,4772.0000,4771.8000,4769.0000,4768.8000,4775.0000,4775.2000,4775.4000,4776.2000,4776.4000,1,1,1,1,1,1,1,1,1,1
SF,IF2010,2020-09-01 09:32:08.400,4776.6000,5096,0,92916420.000,0,-,-,-,-,4772.2000,4771.8000,4769.0000,4768.8000,4765.6000,4775.0000,4775.2000,4776.4000,4776.6000,4776.8000,1,1,1,1,1,2,1,1,2,3
SF,IF2010,2020-09-01 09:32:08.900,4776.6000,5096,0,92916420.000,0,-,-,-,-,4772.2000,4771.8000,4769.0000,4768.8000,4765.6000,4775.0000,4776.4000,4776.6000,4776.8000,4777.0000,1,1,1,1,1,2,1,2,3,1
SF,IF2010,2020-09-01 09:32:09.400,4775.6000,5096,0,94349100.000,1,0,1,多换,S,4772.2000,4771.8000,4769.0000,4768.8000,4765.6000,4775.0000,4776.4000,4776.6000,4776.8000,4777.0000,1,1,1,1,1,1,1,2,3,1
SF,IF2010,2020-09-01 09:32:09.900,4775.6000,5096,0,94349100.000,0,-,-,-,-,4772.4000,4772.2000,4769.0000,4768.8000,4765.6000,4775.0000,4776.4000,4776.6000,4776.8000,4777.0000,1,1,1,1,1,1,1,2,3,1
SF,IF2010,2020-09-01 09:32:10.400,4775.6000,5096,0,94349100.000,0,-,-,-,-,4772.6000,4772.4000,4769.0000,4768.8000,4765.6000,4776.4000,4776.6000,4776.8000,4777.0000,4778.0000,1,1,1,1,1,1,2,3,1,1
SF,IF2010,2020-09-01 09:32:10.900,4775.6000,5096,0,94349100.000,0,-,-,-,-,4772.6000,4772.4000,4769.0000,4768.8000,4765.6000,4774.4000,4776.2000,4776.4000,4776.6000,4776.8000,1,1,1,1,1,2,2,2,2,3
SF,IF2010,2020-09-01 09:32:11.400,4775.6000,5096,0,94349100.000,0,-,-,-,-,4772.4000,4769.0000,4768.8000,4765.6000,4765.0000,4774.0000,4776.2000,4776.4000,4776.6000,4776.8000,1,1,1,1,1,1,2,2,2,2
SF,IF2010,2020-09-01 09:32:11.900,4772.4000,5094,-2,97212600.000,2,0,2,双平,S,4769.0000,4768.8000,4765.6000,4765.0000,4764.0000,4773.8000,4774.0000,4776.2000,4776.4000,4776.6000,1,1,1,1,1,1,1,1,1,2
SF,IF2010,2020-09-01 09:32:12.400,4772.4000,5094,0,97212600.000,0,-,-,-,-,4769.2000,4769.0000,4768.8000,4765.6000,4765.0000,4776.2000,4776.4000,4776.6000,4776.8000,4777.0000,4,1,1,1,1,1,1,2,2,1
SF,IF2010,2020-09-01 09:32:12.900,4772.4000,5094,0,97212600.000,0,-,-,-,-,4769.2000,4769.0000,4768.8000,4765.6000,4765.0000,4776.0000,4776.2000,4776.4000,4776.6000,4776.8000,4,1,1,1,1,1,2,1,2,2
SF,IF2010,2020-09-01 09:32:13.400,4772.4000,5094,0,97212600.000,0,-,-,-,-,4769.4000,4769.2000,4769.0000,4768.8000,4765.6000,4775.6000,4775.8000,4776.0000,4776.4000,4776.6000,3,3,1,1,1,1,1,2,1,2
SF,IF2010,2020-09-01 09:32:13.900,4772.4000,5094,0,97212600.000,0,-,-,-,-,4769.6000,4769.4000,4769.2000,4769.0000,4768.8000,4775.4000,4775.6000,4776.0000,4776.4000,4776.6000,3,3,1,1,1,2,1,2,1,2
SF,IF2010,2020-09-01 09:32:14.400,4772.4000,5094,0,97212600.000,0,-,-,-,-,4769.6000,4769.4000,4769.2000,4769.0000,4768.8000,4775.4000,4775.6000,4776.0000,4776.4000,4776.6000,3,2,1,1,1,3,1,2,1,2
SF,IF2010,2020-09-01 09:32:14.900,4772.4000,5094,0,97212600.000,0,-,-,-,-,4769.6000,4769.4000,4769.2000,4769.0000,4768.8000,4775.2000,4775.4000,4775.6000,4776.0000,4776.4000,3,2,1,1,1,1,3,1,2,1
SF,IF2010,2020-09-01 09:32:15.400,4772.4000,5094,0,97212600.000,0,-,-,-,-,4769.8000,4769.6000,4769.4000,4769.2000,4769.0000,4775.0000,4775.2000,4775.4000,4775.6000,4776.0000,1,3,1,1,1,1,1,2,1,1
SF,IF2010,2020-09-01 09:32:15.900,4772.4000,5094,0,97212600.000,0,-,-,-,-,4770.0000,4769.8000,4769.4000,4769.2000,4769.0000,4774.8000,4775.0000,4775.2000,4775.4000,4775.6000,2,1,1,1,1,1,2,1,2,1
SF,IF2010,2020-09-01 09:32:16.400,4772.4000,5094,0,97212600.000,0,-,-,-,-,4770.0000,4769.8000,4769.4000,4769.2000,4769.0000,4774.6000,4774.8000,4775.2000,4775.4000,4775.6000,2,1,1,1,1,2,2,1,1,1
SF,IF2010,2020-09-01 09:32:16.900,4772.4000,5094,0,97212600.000,0,-,-,-,-,4770.0000,4769.8000,4765.6000,4764.0000,4763.8000,4772.2000,4774.4000,4774.6000,4774.8000,4775.2000,1,1,1,1,1,2,1,2,1,1
SF,IF2010,2020-09-01 09:32:17.400,4770.0000,5093,-1,98643600.000,1,0,1,双平,S,4765.6000,4764.0000,4763.8000,4761.2000,4760.0000,4771.8000,4772.0000,4774.0000,4774.4000,4774.6000,1,1,1,1,5,1,1,1,1,2
SF,IF2010,2020-09-01 09:32:17.900,4770.0000,5093,0,98643600.000,0,-,-,-,-,4767.2000,4765.8000,4765.6000,4764.0000,4763.8000,4771.6000,4772.0000,4774.0000,4774.6000,4774.8000,1,4,1,1,1,1,1,1,2,1
SF,IF2010,2020-09-01 09:32:18.400,4770.0000,5093,0,98643600.000,0,-,-,-,-,4767.4000,4765.8000,4765.6000,4764.0000,4763.8000,4771.6000,4772.0000,4774.0000,4774.6000,4774.8000,2,3,1,1,1,1,1,1,2,1
SF,IF2010,2020-09-01 09:32:18.900,4770.0000,5093,0,98643600.000,0,-,-,-,-,4767.6000,4767.4000,4765.8000,4765.6000,4764.0000,4771.6000,4772.0000,4774.0000,4774.6000,4775.4000,3,1,3,1,1,1,1,1,1,1
SF,IF2010,2020-09-01 09:32:19.400,4770.0000,5093,0,98643600.000,0,-,-,-,-,4768.0000,4767.8000,4767.6000,4765.8000,4765.6000,4771.6000,4774.0000,4774.6000,4775.4000,4775.6000,1,1,2,3,1,1,1,1,1,1
SF,IF2010,2020-09-01 09:32:19.900,4770.0000,5093,0,98643600.000,0,-,-,-,-,4768.2000,4768.0000,4767.6000,4765.8000,4765.6000,4774.0000,4774.6000,4775.4000,4775.6000,4776.4000,4,3,1,2,1,1,1,1,1,1
SF,IF2010,2020-09-01 09:32:20.400,4770.0000,5093,0,98643600.000,0,-,-,-,-,4768.2000,4768.0000,4767.6000,4765.8000,4765.6000,4773.8000,4774.0000,4774.6000,4775.4000,4775.6000,4,3,1,2,1,1,1,1,1,1
SF,IF2010,2020-09-01 09:32:20.900,4770.0000,5093,0,98643600.000,0,-,-,-,-,4768.4000,4768.2000,4768.0000,4767.6000,4765.8000,4773.4000,4773.8000,4774.0000,4774.6000,4775.4000,1,3,1,1,2,1,1,1,1,1
SF,IF2010,2020-09-01 09:32:21.400,4770.0000,5093,0,98643600.000,0,-,-,-,-,4768.6000,4768.2000,4768.0000,4767.6000,4765.8000,4773.0000,4773.2000,4773.4000,4774.0000,4774.6000,2,1,1,1,2,1,3,1,1,1
SF,IF2010,2020-09-01 09:32:21.900,4770.0000,5093,0,98643600.000,0,-,-,-,-,4768.6000,4768.0000,4765.8000,4765.6000,4764.0000,4772.8000,4773.0000,4773.2000,4773.4000,4774.0000,2,1,2,1,1,2,1,2,1,1
SF,IF2010,2020-09-01 09:32:22.400,4770.0000,5093,0,98643600.000,0,-,-,-,-,4768.6000,4768.0000,4765.8000,4765.6000,4764.0000,4772.6000,4772.8000,4773.0000,4773.2000,4773.4000,2,1,2,1,1,1,3,1,2,1
SF,IF2010,2020-09-01 09:32:22.900,4770.0000,5093,0,98643600.000,0,-,-,-,-,4768.8000,4768.6000,4768.0000,4765.8000,4765.6000,4772.4000,4772.6000,4772.8000,4773.0000,4773.2000,1,2,1,2,1,1,1,1,1,2
SF,IF2010,2020-09-01 09:32:23.400,4770.0000,5093,0,98643600.000,0,-,-,-,-,4769.0000,4768.8000,4768.0000,4765.8000,4765.6000,4772.6000,4772.8000,4773.2000,4773.4000,4774.0000,3,1,1,2,1,1,1,1,1,1
SF,IF2010,2020-09-01 09:32:23.900,4770.0000,5093,0,98643600.000,0,-,-,-,-,4769.2000,4769.0000,4768.0000,4765.8000,4765.6000,4774.0000,4774.6000,4775.4000,4775.6000,4776.4000,1,3,1,2,1,1,1,1,1,1
SF,IF2010,2020-09-01 09:32:24.400,4770.0000,5093,0,98643600.000,0,-,-,-,-,4769.4000,4769.2000,4769.0000,4768.0000,4765.8000,4773.8000,4774.0000,4774.6000,4775.4000,4775.6000,2,2,1,1,2,1,1,1,1,1
SF,IF2010,2020-09-01 09:32:24.900,4770.0000,5093,0,98643600.000,0,-,-,-,-,4769.6000,4769.4000,4769.2000,4769.0000,4768.0000,4773.8000,4774.0000,4774.6000,4775.4000,4775.6000,1,2,2,1,1,1,1,1,1,1
SF,IF2010,2020-09-01 09:32:25.400,4770.0000,5093,0,98643600.000,0,-,-,-,-,4769.8000,4769.6000,4769.2000,4769.0000,4768.0000,4774.0000,4774.6000,4775.4000,4775.6000,4776.4000,2,2,1,1,1,1,1,1,1,1
SF,IF2010,2020-09-01 09:32:25.900,4770.0000,5093,0,98643600.000,0,-,-,-,-,4770.0000,4769.8000,4769.0000,4768.0000,4765.8000,4773.8000,4774.0000,4775.4000,4775.6000,4776.4000,1,2,1,1,2,3,1,1,1,1
SF,IF2010,2020-09-01 09:32:26.400,4770.0000,5092,-1,100074600.000,1,0,1,双平,S,4770.2000,4769.0000,4768.0000,4765.8000,4765.6000,4773.6000,4773.8000,4774.0000,4775.4000,4775.6000,1,1,1,2,1,1,3,1,1,1
SF,IF2010,2020-09-01 09:32:26.900,4770.0000,5092,0,100074600.000,0,-,-,-,-,4770.2000,4769.0000,4768.0000,4765.8000,4765.6000,4773.4000,4773.6000,4773.8000,4774.0000,4775.4000,1,1,1,2,1,1,1,2,1,1
SF,IF2010,2020-09-01 09:32:27.400,4770.0000,5092,0,100074600.000,0,-,-,-,-,4770.2000,4769.0000,4768.0000,4765.8000,4765.6000,4773.2000,4773.4000,4773.8000,4774.0000,4775.4000,1,1,1,2,1,2,1,2,1,1
SF,IF2010,2020-09-01 09:32:27.900,4770.0000,5092,0,100074600.000,0,-,-,-,-,4769.0000,4768.0000,4765.8000,4765.6000,4764.0000,4773.0000,4773.2000,4773.8000,4774.0000,4775.4000,1,1,2,1,1,2,2,1,1,1
SF,IF2010,2020-09-01 09:32:28.400,4770.0000,5092,0,100074600.000,0,-,-,-,-,4769.2000,4769.0000,4768.0000,4765.8000,4765.6000,4772.8000,4773.0000,4773.8000,4774.0000,4775.4000,1,1,1,2,1,1,1,1,1,1
SF,IF2010,2020-09-01 09:32:28.900,4770.0000,5092,0,100074600.000,0,-,-,-,-,4769.2000,4769.0000,4768.0000,4765.8000,4765.6000,4772.6000,4772.8000,4773.8000,4774.0000,4775.4000,1,1,1,2,1,1,2,1,1,1
SF,IF2010,2020-09-01 09:32:29.400,4770.0000,5092,0,100074600.000,0,-,-,-,-,4768.0000,4765.8000,4765.6000,4764.0000,4763.8000,4772.4000,4772.6000,4773.8000,4774.0000,4775.4000,1,2,1,1,1,1,2,1,1,1
SF,IF2010,2020-09-01 09:32:29.900,4770.0000,5092,0,100074600.000,0,-,-,-,-,4768.2000,4768.0000,4765.8000,4765.6000,4764.0000,4772.4000,4772.6000,4773.8000,4774.0000,4775.4000,2,1,2,1,1,1,1,1,1,1
SF,IF2010,2020-09-01 09:32:30.400,4770.0000,5092,0,100074600.000,0,-,-,-,-,4768.4000,4768.2000,4768.0000,4765.8000,4765.6000,4772.2000,4772.4000,4773.8000,4774.0000,4775.4000,1,2,1,2,1,1,1,1,1,1
SF,IF2010,2020-09-01 09:32:30.900,4770.0000,5092,0,100074600.000,0,-,-,-,-,4768.6000,4768.4000,4768.2000,4768.0000,4765.8000,4772.0000,4773.8000,4774.0000,4775.4000,4775.6000,1,1,1,1,2,1,1,1,1,1
SF,IF2010,2020-09-01 09:32:31.900,4770.0000,5092,0,100074600.000,0,-,-,-,-,4768.8000,4768.6000,4768.2000,4768.0000,4765.8000,4772.0000,4773.8000,4774.0000,4775.4000,4775.6000,1,2,1,1,2,1,1,1,1,1
SF,IF2010,2020-09-01 09:32:32.400,4770.0000,5092,0,100074600.000,0,-,-,-,-,4769.0000,4768.8000,4768.2000,4768.0000,4765.8000,4772.0000,4773.8000,4774.0000,4775.4000,4775.6000,2,2,1,1,2,1,1,1,1,1
SF,IF2010,2020-09-01 09:32:32.900,4772.0000,5092,0,101506200.000,1,0,1,多换,S,4769.2000,4769.0000,4768.0000,4765.8000,4765.6000,4773.8000,4774.0000,4775.4000,4775.6000,4776.4000,1,2,1,2,1,1,1,1,1,1
SF,IF2010,2020-09-01 09:32:33.400,4772.0000,5092,0,101506200.000,0,-,-,-,-,4769.4000,4769.2000,4768.0000,4765.8000,4765.6000,4773.0000,4773.4000,4773.6000,4773.8000,4774.0000,1,1,1,2,1,1,1,2,1,1
SF,IF2010,2020-09-01 09:32:33.900,4772.0000,5092,0,101506200.000,0,-,-,-,-,4769.6000,4769.4000,4765.8000,4765.6000,4764.0000,4772.8000,4773.6000,4773.8000,4774.0000,4775.4000,1,1,1,1,1,1,1,1,1,1
SF,IF2010,2020-09-01 09:32:34.400,4772.0000,5092,0,101506200.000,0,-,-,-,-,4769.6000,4769.4000,4765.8000,4765.6000,4764.0000,4772.8000,4773.6000,4773.8000,4774.0000,4775.4000,1,1,1,1,1,2,1,1,1,1
SF,IF2010,2020-09-01 09:32:34.900,4772.0000,5092,0,101506200.000,0,-,-,-,-,4769.8000,4769.6000,4765.8000,4765.6000,4764.0000,4772.8000,4773.8000,4774.0000,4775.4000,4775.6000,1,1,1,1,1,1,1,1,1,1
SF,IF2010,2020-09-01 09:32:35.400,4772.0000,5092,0,101506200.000,0,-,-,-,-,4770.0000,4769.8000,4765.8000,4765.6000,4764.0000,4772.8000,4773.8000,4774.0000,4775.4000,4775.6000,1,1,1,1,1,1,1,1,1,1
SF,IF2010,2020-09-01 09:32:35.900,4772.0000,5092,0,101506200.000,0,-,-,-,-,4770.2000,4770.0000,4765.8000,4765.6000,4764.0000,4772.8000,4773.8000,4774.0000,4775.4000,4775.6000,1,1,1,1,1,1,1,1,1,1
SF,IF2010,2020-09-01 09:32:36.400,4772.0000,5092,0,101506200.000,0,-,-,-,-,4770.4000,4770.2000,4765.8000,4765.6000,4764.0000,4772.8000,4773.8000,4774.0000,4775.4000,4775.6000,1,2,1,1,1,1,1,1,1,1
SF,IF2010,2020-09-01 09:32:36.900,4772.0000,5092,0,101506200.000,0,-,-,-,-,4770.6000,4770.4000,4770.2000,4765.8000,4765.6000,4772.4000,4772.8000,4773.8000,4774.0000,4775.4000,1,1,1,1,1,1,1,1,1,1
SF,IF2010,2020-09-01 09:32:37.400,4772.0000,5092,0,101506200.000,0,-,-,-,-,4770.6000,4770.2000,4765.8000,4765.6000,4764.0000,4772.4000,4772.8000,4773.8000,4774.0000,4775.4000,1,1,1,1,1,1,1,1,1,1
SF,IF2010,2020-09-01 09:32:37.900,4772.0000,5092,0,101506200.000,0,-,-,-,-,4770.6000,4770.2000,4765.8000,4765.6000,4764.0000,4772.8000,4773.8000,4775.4000,4775.6000,4776.4000,2,1,1,1,1,1,1,1,1,1
SF,IF2010,2020-09-01 09:32:38.400,4772.0000,5092,0,101506200.000,0,-,-,-,-,4770.6000,4770.2000,4765.8000,4765.6000,4764.0000,4772.8000,4773.0000,4773.8000,4775.4000,4775.6000,1,1,1,1,1,1,1,1,1,1
SF,IF2010,2020-09-01 09:32:38.900,4772.0000,5092,0,101506200.000,0,-,-,-,-,4770.6000,4770.2000,4765.8000,4765.6000,4764.0000,4773.0000,4773.8000,4775.4000,4775.6000,4776.4000,1,1,1,1,1,1,1,1,1,1
SF,IF2010,2020-09-01 09:32:39.400,4772.0000,5092,0,101506200.000,0,-,-,-,-,4770.8000,4770.6000,4765.8000,4765.6000,4764.0000,4772.6000,4773.0000,4773.8000,4775.4000,4775.6000,1,2,1,1,1,1,1,1,1,1
SF,IF2010,2020-09-01 09:32:39.900,4772.0000,5092,0,101506200.000,0,-,-,-,-,4771.0000,4770.8000,4770.6000,4765.8000,4765.6000,4773.0000,4773.8000,4775.4000,4775.6000,4776.4000,1,2,1,1,1,1,1,1,1,1
SF,IF2010,2020-09-01 09:32:40.400,4773.0000,5091,-1,102938100.000,1,0,1,双平,S,4773.0000,4771.2000,4771.0000,4770.6000,4765.8000,4775.4000,4775.6000,4776.4000,4776.6000,4776.8000,1,1,1,1,1,1,1,1,1,2
SF,IF2010,2020-09-01 09:32:40.900,4773.0000,5091,0,102938100.000,0,-,-,-,-,4773.0000,4770.6000,4765.8000,4765.6000,4764.0000,4775.0000,4775.2000,4776.6000,4776.8000,4777.0000,2,1,1,1,1,1,1,1,2,1
SF,IF2010,2020-09-01 09:32:41.400,4773.0000,5091,0,102938100.000,0,-,-,-,-,4773.2000,4773.0000,4770.6000,4765.8000,4765.6000,4775.2000,4776.6000,4776.8000,4777.0000,4778.0000,1,1,1,1,1,1,1,2,1,1
SF,IF2010,2020-09-01 09:32:41.900,4773.0000,5091,0,102938100.000,0,-,-,-,-,4773.0000,4765.8000,4765.6000,4764.0000,4763.8000,4774.2000,4775.0000,4775.2000,4776.6000,4776.8000,1,1,1,1,1,2,1,2,1,2
SF,IF2010,2020-09-01 09:32:42.400,4773.0000,5090,-1,104370000.000,1,0,1,双平,S,4765.8000,4765.6000,4764.0000,4763.8000,4761.2000,4772.8000,4774.0000,4776.6000,4776.8000,4777.0000,1,1,1,1,1,1,1,1,2,1
SF,IF2010,2020-09-01 09:32:42.900,4773.0000,5090,0,104370000.000,0,-,-,-,-,4769.0000,4767.8000,4767.6000,4766.4000,4766.0000,4772.6000,4772.8000,4776.6000,4776.8000,4777.0000,1,1,1,1,3,1,1,1,2,1
SF,IF2010,2020-09-01 09:32:43.400,4769.2000,5090,0,105800760.000,1,0,1,多换,S,4769.0000,4767.8000,4767.6000,4766.4000,4766.0000,4772.6000,4776.6000,4776.8000,4777.0000,4778.0000,1,1,1,1,1,1,1,2,1,1
SF,IF2010,2020-09-01 09:32:43.900,4769.2000,5090,0,105800760.000,0,-,-,-,-,4769.2000,4769.0000,4767.8000,4767.6000,4766.4000,4772.6000,4776.6000,4776.8000,4777.0000,4778.0000,2,1,1,1,1,1,1,2,1,1
SF,IF2010,2020-09-01 09:32:44.400,4769.2000,5090,0,105800760.000,0,-,-,-,-,4769.4000,4769.2000,4767.8000,4767.6000,4766.4000,4772.6000,4776.6000,4776.8000,4777.0000,4778.0000,1,2,1,1,1,1,1,2,1,1
SF,IF2010,2020-09-01 09:32:44.900,4772.6000,5089,-1,107232540.000,1,0,1,双平,S,4769.6000,4769.4000,4769.2000,4767.8000,4767.6000,4776.6000,4776.8000,4777.0000,4778.0000,4779.8000,2,1,2,1,1,1,2,1,1,3
SF,IF2010,2020-09-01 09:32:45.400,4772.6000,5089,0,107232540.000,0,-,-,-,-,4770.0000,4769.6000,4769.2000,4767.8000,4767.6000,4776.4000,4776.6000,4776.8000,4777.0000,4778.0000,2,2,2,1,1,2,2,2,1,1
SF,IF2010,2020-09-01 09:32:45.900,4772.6000,5089,0,107232540.000,0,-,-,-,-,4770.2000,4770.0000,4769.2000,4767.8000,4767.6000,4776.2000,4776.4000,4776.6000,4776.8000,4777.0000,2,2,1,1,1,1,2,2,2,1
SF,IF2010,2020-09-01 09:32:46.400,4772.6000,5089,0,107232540.000,0,-,-,-,-,4770.4000,4770.2000,4770.0000,4769.2000,4767.8000,4775.2000,4776.0000,4776.2000,4776.6000,4776.8000,1,1,1,1,1,1,2,1,2,2
SF,IF2010,2020-09-01 09:32:46.900,4772.6000,5089,0,107232540.000,0,-,-,-,-,4770.6000,4770.4000,4770.0000,4769.2000,4767.8000,4775.0000,4775.2000,4775.8000,4776.0000,4776.6000,1,1,1,1,1,1,2,1,1,2
SF,IF2010,2020-09-01 09:32:47.400,4772.6000,5089,0,107232540.000,0,-,-,-,-,4770.6000,4770.0000,4769.2000,4767.8000,4767.6000,4774.8000,4775.0000,4775.2000,4775.8000,4776.0000,1,1,1,1,1,3,1,1,1,1
SF,IF2010,2020-09-01 09:32:47.900,4772.6000,5089,0,107232540.000,0,-,-,-,-,4770.6000,4770.0000,4769.2000,4767.8000,4767.6000,4774.6000,4774.8000,4775.2000,4775.8000,4776.0000,1,1,1,1,1,1,3,1,1,1
SF,IF2010,2020-09-01 09:32:48.400,4772.6000,5089,0,107232540.000,0,-,-,-,-,4770.6000,4770.0000,4767.8000,4767.6000,4765.8000,4772.6000,4773.4000,4774.4000,4774.6000,4774.8000,1,1,1,1,1,2,1,1,1,3
SF,IF2010,2020-09-01 09:32:48.900,4772.6000,5089,0,107232540.000,0,-,-,-,-,4770.8000,4770.0000,4767.6000,4765.8000,4765.6000,4774.4000,4774.6000,4774.8000,4775.2000,4776.0000,1,1,1,1,1,1,1,2,1,1
SF,IF2010,2020-09-01 09:32:49.400,4772.6000,5089,0,107232540.000,0,-,-,-,-,4771.0000,4770.0000,4767.6000,4765.8000,4765.6000,4774.2000,4774.4000,4774.8000,4776.0000,4776.6000,2,1,1,1,1,1,1,2,1,2
SF,IF2010,2020-09-01 09:32:49.900,4772.6000,5089,0,107232540.000,0,-,-,-,-,4771.2000,4771.0000,4770.0000,4767.6000,4765.8000,4774.2000,4774.4000,4774.8000,4776.0000,4776.6000,1,1,1,1,1,1,1,2,1,2
SF,IF2010,2020-09-01 09:32:50.400,4772.6000,5089,0,107232540.000,0,-,-,-,-,4771.4000,4771.2000,4770.0000,4767.6000,4765.8000,4774.2000,4774.4000,4774.8000,4776.0000,4776.6000,1,1,1,1,1,1,1,2,1,2
SF,IF2010,2020-09-01 09:32:50.900,4771.2000,5089,0,110095320.000,2,1,1,多换,S,4770.0000,4767.6000,4765.8000,4765.6000,4764.0000,4770.4000,4774.0000,4774.2000,4774.4000,4774.8000,1,1,1,1,1,2,1,1,1,2
SF,IF2010,2020-09-01 09:32:51.400,4770.4000,5089,0,112957560.000,2,1,1,多换,S,4770.6000,4770.4000,4770.0000,4767.6000,4765.8000,4774.0000,4774.2000,4774.4000,4776.0000,4776.6000,1,1,1,1,1,1,1,1,1,2
SF,IF2010,2020-09-01 09:32:51.900,4770.4000,5089,0,112957560.000,0,-,-,-,-,4770.6000,4770.4000,4770.0000,4767.6000,4765.8000,4773.8000,4774.0000,4774.4000,4776.0000,4776.6000,1,1,1,1,1,2,1,1,1,2
SF,IF2010,2020-09-01 09:32:52.400,4770.4000,5089,0,112957560.000,0,-,-,-,-,4770.6000,4770.4000,4770.0000,4767.6000,4765.8000,4773.6000,4773.8000,4774.4000,4776.0000,4776.6000,1,1,1,1,1,1,2,1,1,2
SF,IF2010,2020-09-01 09:32:52.900,4770.4000,5089,0,112957560.000,0,-,-,-,-,4770.6000,4770.4000,4770.0000,4767.6000,4765.8000,4773.4000,4773.6000,4774.4000,4776.0000,4776.6000,1,1,1,1,1,1,2,1,1,2
SF,IF2010,2020-09-01 09:32:53.400,4770.4000,5089,0,112957560.000,0,-,-,-,-,4770.6000,4770.4000,4770.0000,4767.6000,4765.8000,4773.2000,4773.4000,4773.6000,4774.4000,4776.0000,1,1,1,1,1,2,1,1,1,1
SF,IF2010,2020-09-01 09:32:53.900,4770.4000,5089,0,112957560.000,0,-,-,-,-,4770.6000,4770.4000,4770.0000,4767.6000,4765.8000,4773.0000,4773.2000,4774.4000,4776.0000,4776.6000,1,1,1,1,1,1,2,1,1,2
SF,IF2010,2020-09-01 09:32:54.400,4770.4000,5089,0,112957560.000,0,-,-,-,-,4771.0000,4770.6000,4770.4000,4770.0000,4767.6000,4773.0000,4773.2000,4774.4000,4776.0000,4776.6000,1,1,1,1,1,1,1,1,1,2
SF,IF2010,2020-09-01 09:32:54.900,4770.6000,5089,0,117252000.000,3,1,2,多换,S,4770.4000,4770.0000,4767.6000,4765.8000,4765.6000,4773.2000,4774.4000,4776.0000,4776.6000,4776.8000,1,1,1,1,1,1,1,1,1,2
SF,IF2010,2020-09-01 09:32:55.400,4770.6000,5089,0,117252000.000,0,-,-,-,-,4770.6000,4770.4000,4770.0000,4767.6000,4765.8000,4773.2000,4774.4000,4776.0000,4776.6000,4776.8000,2,2,1,1,1,1,1,1,1,2
SF,IF2010,2020-09-01 09:32:55.900,4770.6000,5089,0,117252000.000,0,-,-,-,-,4770.6000,4770.4000,4770.0000,4767.6000,4765.8000,4773.2000,4774.4000,4776.0000,4776.6000,4776.8000,2,2,1,1,1,1,1,1,1,2
SF,IF2010,2020-09-01 09:32:56.400,4770.6000,5089,0,117252000.000,0,-,-,-,-,4770.8000,4770.6000,4770.4000,4770.0000,4767.6000,4773.2000,4774.4000,4776.0000,4776.6000,4776.8000,2,2,1,1,1,1,1,1,1,2
SF,IF2010,2020-09-01 09:32:56.900,4770.6000,5089,0,117252000.000,0,-,-,-,-,4770.6000,4770.4000,4770.0000,4767.6000,4765.8000,4773.0000,4773.2000,4774.4000,4776.6000,4776.8000,1,1,1,1,1,1,1,1,1,2
SF,IF2010,2020-09-01 09:32:57.400,4770.6000,5089,0,117252000.000,0,-,-,-,-,4770.6000,4770.4000,4770.0000,4767.6000,4765.8000,4772.8000,4773.0000,4773.2000,4774.4000,4776.6000,2,1,1,1,1,1,1,1,1,1
SF,IF2010,2020-09-01 09:32:57.900,4770.6000,5089,0,117252000.000,0,-,-,-,-,4770.6000,4770.4000,4770.0000,4767.6000,4765.8000,4773.0000,4773.2000,4774.4000,4776.6000,4776.8000,1,1,1,1,1,1,1,1,1,2
SF,IF2010,2020-09-01 09:32:58.400,4770.6000,5089,0,117252000.000,0,-,-,-,-,4770.6000,4770.4000,4770.0000,4767.6000,4765.8000,4773.0000,4774.4000,4776.6000,4776.8000,4777.0000,1,1,1,1,1,1,1,1,2,1
SF,IF2010,2020-09-01 09:32:58.900,4770.6000,5089,0,117252000.000,0,-,-,-,-,4770.6000,4770.4000,4770.0000,4767.6000,4765.8000,4772.6000,4774.4000,4776.6000,4776.8000,4777.0000,1,1,1,1,1,2,1,1,2,1
SF,IF2010,2020-09-01 09:32:59.400,4770.6000,5089,0,117252000.000,0,-,-,-,-,4770.6000,4770.4000,4770.0000,4767.6000,4765.8000,4774.4000,4776.6000,4776.8000,4777.0000,4778.0000,1,1,1,1,1,1,1,2,1,1
SF,IF2010,2020-09-01 09:32:59.900,4770.6000,5089,0,117252000.000,0,-,-,-,-,4770.8000,4770.4000,4770.0000,4767.6000,4765.8000,4774.2000,4774.4000,4776.6000,4776.8000,4777.0000,1,1,1,1,1,2,1,1,2,1
SF,IF2010,2020-09-01 09:33:00.400,4770.6000,5089,0,117252000.000,0,-,-,-,-,4770.8000,4770.6000,4770.4000,4770.0000,4767.6000,4774.2000,4774.4000,4776.6000,4776.8000,4777.0000,1,1,1,1,1,2,1,1,2,1
SF,IF2010,2020-09-01 09:33:00.900,4770.6000,5089,0,117252000.000,0,-,-,-,-,4770.6000,4770.4000,4770.0000,4767.6000,4765.8000,4774.0000,4774.2000,4774.4000,4776.6000,4776.8000,1,1,1,1,1,2,1,1,1,2
SF,IF2010,2020-09-01 09:33:01.400,4770.6000,5089,0,117252000.000,0,-,-,-,-,4770.6000,4770.4000,4770.0000,4767.6000,4765.8000,4773.8000,4774.0000,4774.4000,4776.6000,4776.8000,1,1,1,1,1,2,2,1,1,2
SF,IF2010,2020-09-01 09:33:01.900,4770.6000,5089,0,117252000.000,0,-,-,-,-,4770.6000,4770.4000,4770.0000,4767.6000,4765.8000,4773.4000,4773.6000,4773.8000,4774.0000,4774.4000,1,1,1,1,1,1,1,2,1,1
SF,IF2010,2020-09-01 09:33:02.400,4770.6000,5089,0,117252000.000,0,-,-,-,-,4770.8000,4770.6000,4770.4000,4770.0000,4767.6000,4773.2000,4773.4000,4773.8000,4774.0000,4774.4000,2,1,1,1,1,1,1,1,1,1
SF,IF2010,2020-09-01 09:33:02.900,4770.6000,5089,0,117252000.000,0,-,-,-,-,4770.8000,4770.6000,4770.4000,4770.0000,4767.6000,4772.8000,4773.2000,4773.4000,4773.8000,4774.0000,2,1,1,1,1,2,1,1,1,1
SF,IF2010,2020-09-01 09:33:03.400,4770.6000,5089,0,117252000.000,0,-,-,-,-,4771.0000,4770.8000,4770.6000,4770.4000,4770.0000,4773.2000,4773.8000,4774.0000,4774.4000,4776.6000,1,2,1,1,1,1,1,1,1,1
SF,IF2010,2020-09-01 09:33:03.900,4770.6000,5089,0,117252000.000,0,-,-,-,-,4771.2000,4770.8000,4770.6000,4770.4000,4770.0000,4773.2000,4773.8000,4774.0000,4774.4000,4776.6000,1,1,1,1,1,1,1,1,1,1
SF,IF2010,2020-09-01 09:33:04.400,4770.6000,5089,0,117252000.000,0,-,-,-,-,4771.2000,4770.8000,4770.6000,4770.4000,4770.0000,4773.8000,4774.4000,4776.6000,4776.8000,4777.0000,2,1,1,1,1,1,1,1,2,1
SF,IF2010,2020-09-01 09:33:04.900,4770.6000,5089,0,117252000.000,0,-,-,-,-,4771.4000,4771.2000,4770.6000,4770.4000,4770.0000,4773.8000,4774.4000,4776.6000,4776.8000,4777.0000,1,1,1,1,1,1,1,1,2,1
SF,IF2010,2020-09-01 09:33:05.400,4770.6000,5089,0,117252000.000,0,-,-,-,-,4771.4000,4771.2000,4770.6000,4770.4000,4770.0000,4773.4000,4773.8000,4774.4000,4776.6000,4776.8000,1,1,1,1,1,2,1,1,1,2
SF,IF2010,2020-09-01 09:33:05.900,4770.6000,5089,0,117252000.000,0,-,-,-,-,4771.6000,4771.4000,4771.2000,4770.6000,4770.4000,4776.6000,4776.8000,4777.0000,4778.0000,4779.8000,1,1,1,1,1,1,2,1,1,3
SF,IF2010,2020-09-01 09:33:06.400,4770.6000,5089,0,117252000.000,0,-,-,-,-,4771.8000,4771.6000,4770.6000,4770.4000,4770.0000,4774.2000,4776.4000,4776.6000,4776.8000,4777.0000,1,1,1,1,1,2,2,1,2,1
SF,IF2010,2020-09-01 09:33:06.900,4771.8000,5089,0,118683540.000,1,0,1,多换,S,4771.6000,4770.6000,4770.4000,4770.0000,4767.6000,4773.8000,4776.4000,4776.6000,4776.8000,4777.0000,1,1,1,1,1,2,2,1,2,1
SF,IF2010,2020-09-01 09:33:07.400,4771.8000,5089,0,118683540.000,0,-,-,-,-,4771.6000,4770.6000,4770.4000,4770.0000,4767.6000,4776.4000,4776.6000,4776.8000,4777.0000,4778.0000,1,1,1,1,1,2,1,2,1,1
SF,IF2010,2020-09-01 09:33:07.900,4771.8000,5089,0,118683540.000,0,-,-,-,-,4771.6000,4770.6000,4770.4000,4770.0000,4767.6000,4776.2000,4776.4000,4776.6000,4776.8000,4777.0000,1,1,1,1,1,1,2,1,2,1
SF,IF2010,2020-09-01 09:33:08.400,4771.8000,5089,0,118683540.000,0,-,-,-,-,4771.8000,4771.6000,4770.6000,4770.4000,4770.0000,4776.0000,4776.2000,4776.4000,4776.6000,4776.8000,1,1,1,1,1,1,2,1,1,2
SF,IF2010,2020-09-01 09:33:08.900,4771.8000,5089,0,118683540.000,0,-,-,-,-,4771.8000,4771.6000,4770.6000,4770.4000,4770.0000,4775.8000,4776.0000,4776.6000,4776.8000,4777.0000,1,1,1,1,1,2,1,1,2,1
SF,IF2010,2020-09-01 09:33:09.400,4771.8000,5089,0,118683540.000,0,-,-,-,-,4773.8000,4771.8000,4771.6000,4770.6000,4770.4000,4775.2000,4775.6000,4775.8000,4776.6000,4776.8000,1,1,1,1,1,1,1,2,1,2
SF,IF2010,2020-09-01 09:33:09.900,4773.8000,5089,0,120115680.000,1,0,1,多换,S,4771.8000,4770.6000,4770.4000,4770.0000,4767.6000,4774.8000,4775.2000,4775.6000,4775.8000,4776.6000,1,1,1,1,1,2,1,1,1,1
SF,IF2010,2020-09-01 09:33:10.400,4773.8000,5089,0,120115680.000,0,-,-,-,-,4772.0000,4771.8000,4770.6000,4770.4000,4770.0000,4774.6000,4775.8000,4776.6000,4776.8000,4777.0000,1,2,1,1,1,1,1,1,2,1
SF,IF2010,2020-09-01 09:33:10.900,4773.8000,5089,0,120115680.000,0,-,-,-,-,4772.2000,4772.0000,4770.6000,4770.4000,4770.0000,4774.6000,4775.8000,4776.6000,4776.8000,4777.0000,1,1,1,1,1,1,1,1,2,1
SF,IF2010,2020-09-01 09:33:11.400,4774.6000,5089,0,121548060.000,1,0,1,多换,S,4772.2000,4772.0000,4770.6000,4770.4000,4770.0000,4775.8000,4776.6000,4776.8000,4777.0000,4778.0000,2,1,1,1,1,1,1,2,1,1
SF,IF2010,2020-09-01 09:33:11.900,4774.6000,5089,0,121548060.000,0,-,-,-,-,4772.4000,4772.2000,4770.6000,4770.4000,4770.0000,4775.8000,4776.6000,4776.8000,4777.0000,4778.0000,1,2,1,1,1,1,1,2,1,1
SF,IF2010,2020-09-01 09:33:12.400,4774.6000,5089,0,121548060.000,0,-,-,-,-,4772.4000,4772.2000,4770.6000,4770.4000,4770.0000,4775.6000,4775.8000,4776.6000,4776.8000,4777.0000,1,1,1,1,1,1,1,1,2,1
SF,IF2010,2020-09-01 09:33:12.900,4775.4000,5089,0,122980680.000,1,0,1,多换,S,4772.6000,4772.2000,4770.6000,4770.4000,4770.0000,4775.6000,4775.8000,4776.6000,4776.8000,4777.0000,1,1,1,1,1,1,1,1,2,1
SF,IF2010,2020-09-01 09:33:13.400,4775.4000,5089,0,122980680.000,0,-,-,-,-,4772.6000,4770.6000,4770.4000,4770.0000,4767.6000,4775.6000,4775.8000,4776.6000,4776.8000,4777.0000,1,1,1,1,1,2,1,1,2,1
SF,IF2010,2020-09-01 09:33:13.900,4772.6000,5089,0,124412460.000,1,0,1,多换,S,4770.6000,4770.4000,4770.0000,4767.6000,4766.8000,4775.4000,4775.6000,4775.8000,4776.6000,4776.8000,1,1,1,1,2,2,2,1,1,2
SF,IF2010,2020-09-01 09:33:14.400,4772.6000,5089,0,124412460.000,0,-,-,-,-,4770.8000,4770.6000,4770.4000,4770.0000,4767.6000,4775.2000,4775.4000,4775.8000,4776.6000,4776.8000,3,1,1,1,1,1,2,1,1,2
SF,IF2010,2020-09-01 09:33:14.900,4772.6000,5089,0,124412460.000,0,-,-,-,-,4771.0000,4770.8000,4770.6000,4770.4000,4770.0000,4775.2000,4775.4000,4775.8000,4776.6000,4776.8000,1,3,1,1,1,1,1,1,1,2
SF,IF2010,2020-09-01 09:33:15.400,4772.6000,5089,0,124412460.000,0,-,-,-,-,4771.2000,4771.0000,4770.8000,4770.6000,4770.4000,4775.4000,4775.8000,4776.6000,4776.8000,4777.0000,1,2,2,1,1,1,1,1,2,1
SF,IF2010,2020-09-01 09:33:15.900,4772.6000,5089,0,124412460.000,0,-,-,-,-,4771.4000,4771.2000,4770.8000,4770.6000,4770.4000,4775.8000,4776.8000,4777.0000,4778.0000,4779.8000,1,3,2,1,1,1,2,1,1,3
SF,IF2010,2020-09-01 09:33:16.400,4772.6000,5089,0,124412460.000,0,-,-,-,-,4772.0000,4771.6000,4771.4000,4770.8000,4770.6000,4775.8000,4776.8000,4777.0000,4778.0000,4779.8000,1,1,2,2,1,1,2,1,1,3
SF,IF2010,2020-09-01 09:33:16.900,4772.6000,5089,0,124412460.000,0,-,-,-,-,4772.2000,4772.0000,4770.8000,4770.6000,4770.4000,4776.8000,4777.0000,4778.0000,4779.8000,4787.0000,2,2,2,1,1,2,1,1,3,1
SF,IF2010,2020-09-01 09:33:17.400,4772.6000,5089,0,124412460.000,0,-,-,-,-,4772.2000,4772.0000,4770.8000,4770.6000,4770.4000,4776.8000,4777.0000,4778.0000,4779.8000,4787.0000,2,2,2,1,1,2,1,1,3,1
SF,IF2010,2020-09-01 09:33:17.900,4772.6000,5089,0,124412460.000,0,-,-,-,-,4772.4000,4772.2000,4772.0000,4770.8000,4770.6000,4776.8000,4777.0000,4778.0000,4779.8000,4787.0000,1,2,1,2,1,2,1,1,3,1
SF,IF2010,2020-09-01 09:33:18.400,4776.8000,5089,0,125845500.000,1,0,1,多换,S,4772.6000,4772.4000,4772.0000,4770.8000,4770.6000,4776.8000,4777.0000,4778.0000,4779.8000,4787.0000,2,1,1,2,1,1,1,1,3,1
SF,IF2010,2020-09-01 09:33:18.900,4776.8000,5089,0,125845500.000,0,-,-,-,-,4772.6000,4772.4000,4770.8000,4770.6000,4770.4000,4776.6000,4776.8000,4777.0000,4778.0000,4779.8000,3,1,2,1,1,1,1,1,1,3
SF,IF2010,2020-09-01 09:33:19.400,4776.8000,5089,0,125845500.000,0,-,-,-,-,4772.6000,4770.8000,4770.6000,4770.4000,4770.0000,4776.4000,4776.6000,4776.8000,4777.0000,4778.0000,3,1,1,1,7,2,1,1,1,1
SF,IF2010,2020-09-01 09:33:19.900,4776.8000,5089,0,125845500.000,0,-,-,-,-,4772.8000,4772.6000,4770.8000,4770.6000,4770.4000,4776.2000,4776.4000,4776.6000,4776.8000,4777.0000,1,1,1,1,1,1,2,1,1,1
SF,IF2010,2020-09-01 09:33:20.400,4776.8000,5089,0,125845500.000,0,-,-,-,-,4772.6000,4770.6000,4770.4000,4770.0000,4767.6000,4775.8000,4776.0000,4776.2000,4776.6000,4776.8000,1,1,1,7,1,1,2,2,1,1
SF,IF2010,2020-09-01 09:33:20.900,4776.8000,5089,0,125845500.000,0,-,-,-,-,4770.6000,4770.4000,4770.0000,4767.6000,4765.8000,4775.6000,4775.8000,4776.0000,4776.4000,4776.6000,1,1,2,1,1,2,2,1,1,1
SF,IF2010,2020-09-01 09:33:21.400,4776.8000,5089,0,125845500.000,0,-,-,-,-,4770.8000,4770.6000,4770.4000,4770.0000,4767.6000,4775.6000,4775.8000,4776.4000,4776.6000,4776.8000,2,1,1,2,1,2,1,1,1,1
SF,IF2010,2020-09-01 09:33:21.900,4776.8000,5089,0,125845500.000,0,-,-,-,-,4771.0000,4770.8000,4770.6000,4770.4000,4770.0000,4775.6000,4775.8000,4776.4000,4776.6000,4776.8000,2,2,1,1,2,1,1,1,1,1
SF,IF2010,2020-09-01 09:33:22.400,4776.8000,5089,0,125845500.000,0,-,-,-,-,4771.4000,4771.2000,4771.0000,4770.8000,4770.6000,4775.4000,4775.6000,4775.8000,4776.4000,4776.6000,1,1,3,1,1,1,1,1,1,1
SF,IF2010,2020-09-01 09:33:22.900,4776.8000,5089,0,125845500.000,0,-,-,-,-,4771.6000,4771.4000,4771.2000,4771.0000,4770.8000,4775.2000,4775.4000,4775.8000,4776.4000,4776.6000,2,1,1,3,1,1,1,1,1,1
SF,IF2010,2020-09-01 09:33:23.400,4776.8000,5089,0,125845500.000,0,-,-,-,-,4771.8000,4771.6000,4771.4000,4771.2000,4771.0000,4775.2000,4775.4000,4775.8000,4776.4000,4776.6000,1,2,1,1,1,1,1,1,1,1
SF,IF2010,2020-09-01 09:33:23.900,4776.8000,5089,0,125845500.000,0,-,-,-,-,4772.0000,4771.8000,4771.6000,4771.4000,4771.2000,4775.2000,4775.4000,4776.4000,4776.6000,4776.8000,1,1,1,1,1,1,1,1,1,2
SF,IF2010,2020-09-01 09:33:24.400,4776.8000,5089,0,125845500.000,0,-,-,-,-,4772.4000,4772.2000,4772.0000,4771.6000,4771.2000,4775.4000,4776.6000,4776.8000,4777.0000,4778.0000,1,1,1,1,1,1,1,2,1,1
SF,IF2010,2020-09-01 09:33:24.900,4776.8000,5089,0,125845500.000,0,-,-,-,-,4772.6000,4772.4000,4771.6000,4771.2000,4771.0000,4776.6000,4776.8000,4777.0000,4778.0000,4779.8000,2,2,1,1,1,1,2,1,1,3
SF,IF2010,2020-09-01 09:33:25.400,4776.8000,5089,0,125845500.000,0,-,-,-,-,4772.6000,4772.4000,4771.2000,4771.0000,4770.8000,4776.4000,4776.6000,4776.8000,4777.0000,4778.0000,2,1,1,1,1,2,1,2,1,1
SF,IF2010,2020-09-01 09:33:25.900,4776.8000,5089,0,125845500.000,0,-,-,-,-,4772.6000,4772.4000,4771.2000,4771.0000,4770.8000,4776.4000,4776.6000,4776.8000,4777.0000,4778.0000,1,1,1,1,1,2,1,2,1,1
SF,IF2010,2020-09-01 09:33:26.400,4776.8000,5089,0,125845500.000,0,-,-,-,-,4772.6000,4772.4000,4771.2000,4771.0000,4770.8000,4776.4000,4776.6000,4776.8000,4777.0000,4778.0000,1,1,1,1,1,1,1,2,1,1
SF,IF2010,2020-09-01 09:33:26.900,4776.8000,5089,0,125845500.000,0,-,-,-,-,4772.8000,4772.6000,4772.4000,4771.2000,4771.0000,4776.0000,4776.2000,4776.4000,4776.6000,4776.8000,1,1,1,1,1,1,2,1,1,2
SF,IF2010,2020-09-01 09:33:27.400,4776.8000,5089,0,125845500.000,0,-,-,-,-,4773.0000,4772.8000,4771.2000,4771.0000,4770.6000,4776.2000,4776.4000,4776.6000,4776.8000,4777.0000,1,2,1,1,1,2,1,1,2,1
SF,IF2010,2020-09-01 09:33:27.900,4776.8000,5089,0,125845500.000,0,-,-,-,-,4773.2000,4773.0000,4772.8000,4771.2000,4771.0000,4776.4000,4776.6000,4776.8000,4777.0000,4778.0000,1,1,1,1,1,1,1,2,1,1
SF,IF2010,2020-09-01 09:33:28.400,4776.8000,5089,0,125845500.000,0,-,-,-,-,4773.4000,4773.2000,4771.2000,4771.0000,4770.6000,4776.6000,4776.8000,4777.0000,4778.0000,4779.8000,2,1,1,1,1,1,2,1,1,3
SF,IF2010,2020-09-01 09:33:28.900,4776.8000,5089,0,125845500.000,0,-,-,-,-,4773.6000,4773.4000,4771.2000,4771.0000,4770.6000,4776.6000,4776.8000,4777.0000,4778.0000,4779.8000,2,2,1,1,1,1,2,1,1,3
SF,IF2010,2020-09-01 09:33:29.400,4776.8000,5089,0,125845500.000,0,-,-,-,-,4773.8000,4773.6000,4773.4000,4771.2000,4771.0000,4776.4000,4776.6000,4776.8000,4777.0000,4778.0000,1,2,1,1,1,1,1,2,1,1
SF,IF2010,2020-09-01 09:33:30.400,4776.8000,5089,0,125845500.000,0,-,-,-,-,4773.8000,4773.6000,4771.4000,4771.2000,4771.0000,4776.2000,4776.4000,4776.6000,4776.8000,4777.0000,2,2,2,1,1,1,1,1,2,1
SF,IF2010,2020-09-01 09:33:30.900,4776.8000,5089,0,125845500.000,0,-,-,-,-,4774.0000,4773.8000,4773.6000,4771.4000,4771.2000,4775.8000,4776.6000,4776.8000,4777.0000,4778.0000,1,1,1,2,1,2,1,2,1,1
SF,IF2010,2020-09-01 09:33:31.400,4776.8000,5089,0,125845500.000,0,-,-,-,-,4774.0000,4773.6000,4771.4000,4771.2000,4771.0000,4776.6000,4776.8000,4777.0000,4778.0000,4779.8000,2,1,2,1,1,1,2,1,1,3
SF,IF2010,2020-09-01 09:33:31.900,4776.8000,5089,0,125845500.000,0,-,-,-,-,4774.2000,4774.0000,4773.6000,4771.2000,4771.0000,4776.6000,4776.8000,4777.0000,4778.0000,4779.8000,1,1,1,1,1,1,2,1,1,3
SF,IF2010,2020-09-01 09:33:32.400,4776.8000,5089,0,125845500.000,0,-,-,-,-,4774.4000,4774.2000,4773.6000,4771.2000,4771.0000,4776.6000,4776.8000,4777.0000,4778.0000,4779.8000,1,3,1,1,1,1,2,1,1,3
SF,IF2010,2020-09-01 09:33:32.900,4776.6000,5088,-1,127278480.000,1,0,1,双平,S,4774.4000,4774.2000,4773.6000,4771.2000,4771.0000,4776.8000,4777.0000,4778.0000,4779.8000,4787.0000,2,2,1,1,1,2,1,1,3,1
SF,IF2010,2020-09-01 09:33:33.400,4776.6000,5088,0,127278480.000,0,-,-,-,-,4774.4000,4774.2000,4773.6000,4771.2000,4771.0000,4776.8000,4777.0000,4778.0000,4779.8000,4787.0000,1,2,1,1,1,2,1,1,3,1
SF,IF2010,2020-09-01 09:33:33.900,4776.6000,5088,0,127278480.000,0,-,-,-,-,4774.4000,4774.2000,4773.6000,4771.2000,4771.0000,4776.8000,4778.0000,4779.8000,4787.0000,4797.0000,2,2,1,1,1,2,1,3,1,1
SF,IF2010,2020-09-01 09:33:34.400,4776.6000,5088,0,127278480.000,0,-,-,-,-,4774.4000,4774.2000,4773.6000,4771.2000,4771.0000,4776.0000,4776.8000,4778.0000,4779.8000,4787.0000,1,2,1,1,1,1,2,1,3,1
SF,IF2010,2020-09-01 09:33:34.900,4776.6000,5088,0,127278480.000,0,-,-,-,-,4773.6000,4771.2000,4771.0000,4770.6000,4770.4000,4776.0000,4776.8000,4778.0000,4779.8000,4787.0000,1,1,1,2,1,1,2,1,3,1
SF,IF2010,2020-09-01 09:33:35.900,4776.6000,5088,0,127278480.000,0,-,-,-,-,4773.6000,4771.2000,4771.0000,4770.6000,4770.4000,4776.0000,4776.8000,4778.0000,4779.8000,4787.0000,1,1,1,2,1,2,2,1,3,1
SF,IF2010,2020-09-01 09:33:36.400,4776.0000,5088,0,128711280.000,1,0,1,多换,S,4773.6000,4771.2000,4771.0000,4770.6000,4770.4000,4775.6000,4775.8000,4776.0000,4776.8000,4778.0000,1,1,1,2,1,1,1,1,2,1
SF,IF2010,2020-09-01 09:33:36.900,4776.0000,5088,0,128711280.000,0,-,-,-,-,4773.6000,4771.2000,4771.0000,4770.6000,4770.4000,4776.0000,4776.8000,4778.0000,4779.8000,4787.0000,2,1,1,2,1,1,2,1,3,1
SF,IF2010,2020-09-01 09:33:37.400,4776.0000,5088,0,128711280.000,0,-,-,-,-,4773.8000,4773.6000,4771.2000,4771.0000,4770.6000,4776.0000,4776.8000,4778.0000,4779.8000,4787.0000,2,1,1,1,2,1,2,1,3,1
SF,IF2010,2020-09-01 09:33:37.900,4776.0000,5088,0,128711280.000,0,-,-,-,-,4773.8000,4773.6000,4771.2000,4771.0000,4770.6000,4776.0000,4776.8000,4778.0000,4779.8000,4787.0000,1,1,1,1,2,1,2,1,3,1
SF,IF2010,2020-09-01 09:33:38.400,4776.0000,5088,0,128711280.000,0,-,-,-,-,4774.2000,4773.8000,4773.6000,4771.2000,4771.0000,4776.0000,4776.8000,4778.0000,4779.8000,4787.0000,1,2,1,1,1,1,2,1,3,1
SF,IF2010,2020-09-01 09:33:38.900,4776.0000,5088,0,130144080.000,1,0,1,多换,S,4774.2000,4773.8000,4773.6000,4771.2000,4771.0000,4776.8000,4778.0000,4779.8000,4787.0000,4797.0000,1,1,1,1,1,2,1,3,1,1
SF,IF2010,2020-09-01 09:33:39.400,4776.0000,5088,0,130144080.000,0,-,-,-,-,4773.8000,4773.6000,4771.2000,4771.0000,4770.6000,4776.6000,4776.8000,4778.0000,4779.8000,4787.0000,1,1,1,1,2,3,2,1,3,1
SF,IF2010,2020-09-01 09:33:39.900,4776.0000,5088,0,130144080.000,0,-,-,-,-,4773.8000,4773.6000,4771.2000,4771.0000,4770.6000,4776.6000,4776.8000,4778.0000,4779.8000,4787.0000,1,1,1,1,2,2,2,1,3,1
SF,IF2010,2020-09-01 09:33:40.400,4776.6000,5088,0,131577060.000,1,0,1,多换,S,4776.0000,4774.0000,4773.8000,4773.6000,4771.2000,4776.8000,4778.0000,4779.8000,4787.0000,4797.0000,3,1,2,1,1,2,1,3,1,1
SF,IF2010,2020-09-01 09:33:40.900,4776.0000,5088,0,137308260.000,4,2,2,多换,S,4774.0000,4773.8000,4771.2000,4771.0000,4770.6000,4776.2000,4776.8000,4778.0000,4779.8000,4787.0000,1,1,1,1,2,2,2,1,3,1
SF,IF2010,2020-09-01 09:33:41.400,4774.2000,5087,-1,138740520.000,1,0,1,双平,S,4774.0000,4771.2000,4771.0000,4770.6000,4770.0000,4776.8000,4778.0000,4779.8000,4787.0000,4797.0000,1,1,1,2,1,2,1,3,1,1
SF,IF2010,2020-09-01 09:33:41.900,4774.2000,5087,0,138740520.000,0,-,-,-,-,4774.0000,4772.8000,4771.2000,4771.0000,4770.6000,4776.4000,4776.6000,4776.8000,4778.0000,4779.8000,1,2,1,1,2,1,2,2,1,3
SF,IF2010,2020-09-01 09:33:42.400,4774.2000,5087,0,138740520.000,0,-,-,-,-,4774.4000,4774.2000,4774.0000,4772.8000,4771.2000,4776.6000,4776.8000,4778.0000,4779.8000,4787.0000,1,1,1,2,1,2,2,1,3,1
SF,IF2010,2020-09-01 09:33:42.900,4774.2000,5087,0,138740520.000,0,-,-,-,-,4774.2000,4774.0000,4771.2000,4771.0000,4770.6000,4776.4000,4776.6000,4776.8000,4778.0000,4779.8000,2,1,1,1,2,1,1,2,1,3
SF,IF2010,2020-09-01 09:33:43.400,4774.2000,5087,0,138740520.000,0,-,-,-,-,4774.2000,4774.0000,4771.2000,4771.0000,4770.6000,4776.2000,4776.4000,4776.8000,4778.0000,4779.8000,1,1,1,1,2,1,1,2,1,3
SF,IF2010,2020-09-01 09:33:43.900,4774.2000,5087,0,138740520.000,0,-,-,-,-,4774.4000,4774.2000,4772.4000,4771.2000,4771.0000,4776.8000,4778.0000,4779.8000,4787.0000,4797.0000,2,1,2,1,1,2,1,3,1,1
SF,IF2010,2020-09-01 09:33:44.400,4774.2000,5087,0,138740520.000,0,-,-,-,-,4774.8000,4774.4000,4774.2000,4772.4000,4771.2000,4776.8000,4778.0000,4779.8000,4787.0000,4797.0000,1,1,1,2,1,2,1,3,1,1
SF,IF2010,2020-09-01 09:33:44.900,4774.2000,5087,0,138740520.000,0,-,-,-,-,4775.0000,4774.4000,4774.2000,4772.4000,4771.2000,4776.8000,4778.0000,4779.8000,4787.0000,4797.0000,2,1,1,2,1,2,1,3,1,1
SF,IF2010,2020-09-01 09:33:45.400,4774.2000,5087,0,138740520.000,0,-,-,-,-,4775.0000,4774.4000,4774.2000,4772.4000,4771.2000,4776.6000,4776.8000,4778.0000,4779.8000,4787.0000,2,1,1,2,1,1,2,1,3,1
SF,IF2010,2020-09-01 09:33:45.900,4776.6000,5086,-1,140173500.000,1,0,1,双平,S,4775.2000,4775.0000,4774.4000,4774.2000,4772.4000,4776.8000,4778.0000,4779.8000,4787.0000,4797.0000,2,1,1,1,2,3,1,3,1,1
SF,IF2010,2020-09-01 09:33:46.400,4776.8000,5086,0,141606540.000,1,0,1,多换,S,4775.4000,4775.2000,4775.0000,4774.4000,4774.2000,4776.8000,4778.0000,4779.8000,4787.0000,4797.0000,1,1,1,1,1,2,1,3,1,1
SF,IF2010,2020-09-01 09:33:46.900,4776.8000,5086,0,141606540.000,0,-,-,-,-,4775.6000,4775.4000,4774.4000,4774.2000,4772.4000,4776.8000,4778.0000,4779.8000,4787.0000,4797.0000,1,1,1,1,2,2,1,3,1,1
SF,IF2010,2020-09-01 09:33:47.400,4776.8000,5086,0,141606540.000,0,-,-,-,-,4775.6000,4774.4000,4774.2000,4772.4000,4771.2000,4776.8000,4778.0000,4779.8000,4787.0000,4797.0000,1,1,1,2,1,2,1,3,1,1
SF,IF2010,2020-09-01 09:33:47.900,4776.8000,5086,0,141606540.000,0,-,-,-,-,4775.6000,4774.4000,4774.2000,4772.4000,4771.2000,4776.8000,4778.0000,4779.8000,4787.0000,4797.0000,2,1,1,2,1,2,1,3,1,1
SF,IF2010,2020-09-01 09:33:49.400,4776.8000,5084,-2,144472620.000,2,0,2,双平,S,4775.6000,4774.4000,4774.2000,4772.4000,4771.2000,4778.0000,4779.8000,4787.0000,4797.0000,4799.6000,2,1,1,2,1,1,3,1,1,1
SF,IF2010,2020-09-01 09:33:49.900,4776.8000,5084,0,144472620.000,0,-,-,-,-,4776.8000,4775.6000,4774.2000,4772.4000,4771.2000,4778.0000,4779.8000,4787.0000,4797.0000,4799.6000,1,2,1,2,1,1,3,1,1,1
SF,IF2010,2020-09-01 09:33:50.400,4775.6000,5084,0,150204060.000,4,2,2,多换,S,4774.2000,4772.4000,4771.2000,4771.0000,4770.6000,4775.6000,4778.0000,4779.8000,4787.0000,4797.0000,1,2,1,1,2,1,1,3,1,1
SF,IF2010,2020-09-01 09:33:50.900,4775.6000,5084,0,151636740.000,1,0,1,多换,S,4774.6000,4774.4000,4774.2000,4772.4000,4771.2000,4778.0000,4779.8000,4787.0000,4797.0000,4799.6000,1,2,1,2,1,1,3,1,1,1
SF,IF2010,2020-09-01 09:33:51.400,4775.6000,5084,0,151636740.000,0,-,-,-,-,4775.2000,4774.8000,4774.6000,4774.4000,4774.2000,4778.0000,4779.8000,4787.0000,4797.0000,4799.6000,1,2,1,2,1,1,3,1,1,1
SF,IF2010,2020-09-01 09:33:51.900,4775.6000,5084,0,151636740.000,0,-,-,-,-,4775.4000,4775.2000,4775.0000,4774.8000,4774.4000,4777.8000,4778.0000,4779.8000,4787.0000,4797.0000,1,1,1,1,1,2,1,3,1,1
SF,IF2010,2020-09-01 09:33:52.400,4775.6000,5084,0,151636740.000,0,-,-,-,-,4775.4000,4775.2000,4775.0000,4771.2000,4771.0000,4777.4000,4777.6000,4777.8000,4778.0000,4779.8000,1,1,1,1,1,1,1,2,1,3
SF,IF2010,2020-09-01 09:33:52.900,4775.6000,5084,0,151636740.000,0,-,-,-,-,4775.0000,4773.2000,4771.2000,4771.0000,4770.6000,4777.2000,4777.8000,4778.0000,4779.8000,4787.0000,1,2,1,1,2,2,1,1,3,1
SF,IF2010,2020-09-01 09:33:53.900,4775.6000,5084,0,151636740.000,0,-,-,-,-,4775.2000,4775.0000,4773.2000,4771.2000,4771.0000,4777.2000,4777.8000,4778.0000,4779.8000,4787.0000,1,1,2,1,1,2,1,1,3,1
SF,IF2010,2020-09-01 09:33:54.400,4775.6000,5084,0,151636740.000,0,-,-,-,-,4775.2000,4775.0000,4773.2000,4771.2000,4771.0000,4777.0000,4777.8000,4778.0000,4779.8000,4787.0000,1,1,2,1,1,1,1,1,3,1
SF,IF2010,2020-09-01 09:33:54.900,4775.6000,5084,0,151636740.000,0,-,-,-,-,4775.2000,4775.0000,4773.2000,4771.2000,4771.0000,4777.0000,4777.8000,4778.0000,4779.8000,4785.0000,1,1,2,1,1,1,1,1,3,1
SF,IF2010,2020-09-01 09:33:55.900,4775.6000,5084,0,151636740.000,0,-,-,-,-,4775.0000,4773.2000,4771.2000,4771.0000,4770.6000,4777.0000,4777.8000,4778.0000,4779.8000,4785.0000,1,2,1,1,2,2,1,1,3,1
SF,IF2010,2020-09-01 09:33:56.400,4775.6000,5084,0,151636740.000,0,-,-,-,-,4773.2000,4771.2000,4771.0000,4770.6000,4770.0000,4776.8000,4777.0000,4778.0000,4779.8000,4785.0000,2,1,1,2,1,3,1,1,3,1
SF,IF2010,2020-09-01 09:33:56.900,4775.6000,5084,0,151636740.000,0,-,-,-,-,4773.4000,4773.2000,4771.2000,4771.0000,4770.6000,4776.6000,4776.8000,4778.0000,4779.8000,4785.0000,2,2,1,1,2,1,2,1,3,1
SF,IF2010,2020-09-01 09:33:57.400,4775.6000,5084,0,151636740.000,0,-,-,-,-,4773.8000,4773.6000,4773.4000,4773.2000,4771.2000,4776.6000,4776.8000,4778.0000,4779.8000,4785.0000,1,2,2,2,1,1,2,1,3,1
SF,IF2010,2020-09-01 09:33:57.900,4775.6000,5084,0,151636740.000,0,-,-,-,-,4774.0000,4773.8000,4773.6000,4773.4000,4773.2000,4776.6000,4776.8000,4778.0000,4779.8000,4785.0000,1,1,2,1,2,1,1,1,3,1
SF,IF2010,2020-09-01 09:33:58.400,4775.6000,5084,0,151636740.000,0,-,-,-,-,4775.0000,4774.0000,4773.6000,4773.4000,4773.2000,4776.6000,4776.8000,4778.0000,4779.8000,4785.0000,1,1,2,1,2,1,1,1,3,1
SF,IF2010,2020-09-01 09:33:58.900,4775.6000,5084,0,151636740.000,0,-,-,-,-,4775.0000,4774.4000,4774.2000,4773.4000,4771.2000,4776.4000,4778.0000,4779.8000,4785.0000,4787.0000,1,1,1,1,1,3,1,3,1,1
SF,IF2010,2020-09-01 09:33:59.400,4775.6000,5084,0,151636740.000,0,-,-,-,-,4775.0000,4774.4000,4773.4000,4771.2000,4771.0000,4776.4000,4778.0000,4779.8000,4785.0000,4787.0000,1,1,1,1,1,3,1,3,1,1
SF,IF2010,2020-09-01 09:33:59.900,4775.6000,5084,0,151636740.000,0,-,-,-,-,4775.0000,4774.4000,4773.4000,4771.2000,4771.0000,4776.0000,4776.4000,4778.0000,4779.8000,4785.0000,1,1,1,1,1,1,1,1,3,1
SF,IF2010,2020-09-01 09:34:01.400,4775.6000,5084,0,151636740.000,0,-,-,-,-,4775.0000,4774.4000,4773.4000,4771.8000,4771.2000,4776.0000,4776.4000,4778.0000,4779.8000,4785.0000,1,1,1,2,1,1,1,1,3,1
SF,IF2010,2020-09-01 09:34:01.900,4775.0000,5084,0,153069240.000,1,0,1,多换,S,4774.4000,4771.8000,4771.2000,4771.0000,4770.6000,4775.8000,4776.0000,4776.4000,4778.0000,4779.8000,1,2,1,1,2,1,1,1,1,3
SF,IF2010,2020-09-01 09:34:02.400,4774.4000,5083,-1,154501560.000,1,0,1,双平,S,4771.8000,4771.2000,4771.0000,4770.6000,4770.0000,4775.6000,4775.8000,4778.0000,4779.8000,4785.0000,2,1,1,2,1,1,1,1,3,1
SF,IF2010,2020-09-01 09:34:02.900,4774.4000,5083,0,154501560.000,0,-,-,-,-,4772.0000,4771.2000,4770.6000,4770.0000,4769.4000,4775.4000,4775.6000,4775.8000,4778.0000,4779.8000,3,1,2,1,3,2,2,1,1,3
SF,IF2010,2020-09-01 09:34:03.400,4774.4000,5083,0,154501560.000,0,-,-,-,-,4772.0000,4771.2000,4770.6000,4770.0000,4769.4000,4775.2000,4775.4000,4775.8000,4778.0000,4779.8000,2,1,2,1,3,2,2,1,1,3
SF,IF2010,2020-09-01 09:34:03.900,4774.4000,5083,0,154501560.000,0,-,-,-,-,4772.0000,4771.2000,4770.6000,4770.0000,4769.4000,4775.0000,4775.2000,4775.4000,4775.8000,4778.0000,1,1,2,1,3,3,2,1,1,1
SF,IF2010,2020-09-01 09:34:04.400,4774.4000,5083,0,154501560.000,0,-,-,-,-,4772.0000,4771.2000,4770.6000,4770.0000,4769.4000,4774.8000,4775.0000,4775.4000,4775.8000,4778.0000,1,1,2,1,3,2,3,1,1,1
SF,IF2010,2020-09-01 09:34:04.900,4774.4000,5083,0,154501560.000,0,-,-,-,-,4771.2000,4770.6000,4770.0000,4769.4000,4765.8000,4774.6000,4774.8000,4775.0000,4775.4000,4775.8000,1,2,1,3,1,2,2,2,1,1
SF,IF2010,2020-09-01 09:34:05.400,4774.4000,5083,0,154501560.000,0,-,-,-,-,4771.4000,4771.2000,4770.6000,4770.0000,4769.4000,4774.6000,4774.8000,4775.0000,4775.4000,4778.0000,2,1,2,1,3,2,1,2,1,1
SF,IF2010,2020-09-01 09:34:05.900,4774.4000,5083,0,154501560.000,0,-,-,-,-,4771.6000,4771.4000,4771.2000,4770.6000,4770.0000,4774.6000,4774.8000,4775.0000,4778.0000,4779.8000,1,2,1,2,1,2,1,2,1,3
SF,IF2010,2020-09-01 09:34:06.400,4774.4000,5083,0,154501560.000,0,-,-,-,-,4771.8000,4771.6000,4771.4000,4771.2000,4770.6000,4774.6000,4774.8000,4778.0000,4779.8000,4785.0000,1,1,1,1,2,2,1,1,3,1
SF,IF2010,2020-09-01 09:34:06.900,4774.6000,5082,-1,155933940.000,1,0,1,双平,S,4772.0000,4771.8000,4771.4000,4771.2000,4770.6000,4774.8000,4778.0000,4779.8000,4785.0000,4787.0000,2,1,1,1,2,1,1,3,1,1
SF,IF2010,2020-09-01 09:34:07.400,4774.6000,5082,0,155933940.000,0,-,-,-,-,4772.2000,4772.0000,4771.4000,4771.2000,4770.6000,4774.8000,4778.0000,4779.8000,4785.0000,4787.0000,2,2,1,1,2,1,1,3,1,1
SF,IF2010,2020-09-01 09:34:07.900,4774.6000,5082,0,155933940.000,0,-,-,-,-,4772.4000,4772.2000,4772.0000,4771.4000,4771.2000,4774.8000,4778.0000,4779.8000,4785.0000,4787.0000,1,2,1,1,1,2,1,3,1,1
SF,IF2010,2020-09-01 09:34:08.400,4774.6000,5082,0,155933940.000,0,-,-,-,-,4772.4000,4772.2000,4772.0000,4771.4000,4771.2000,4774.4000,4774.8000,4778.0000,4779.8000,4785.0000,1,2,1,1,1,1,2,1,3,1
SF,IF2010,2020-09-01 09:34:08.900,4774.6000,5082,0,155933940.000,0,-,-,-,-,4772.0000,4771.2000,4770.6000,4770.0000,4769.4000,4774.2000,4774.8000,4778.0000,4779.8000,4785.0000,1,1,2,1,3,1,1,1,3,1
SF,IF2010,2020-09-01 09:34:09.400,4774.6000,5082,0,155933940.000,0,-,-,-,-,4772.4000,4772.0000,4770.6000,4770.0000,4769.4000,4774.0000,4774.2000,4778.0000,4779.8000,4785.0000,1,1,2,1,3,1,1,1,3,1
SF,IF2010,2020-09-01 09:34:09.900,4774.6000,5082,0,155933940.000,0,-,-,-,-,4772.0000,4770.6000,4770.0000,4769.4000,4765.8000,4773.8000,4774.0000,4774.2000,4778.0000,4779.8000,1,2,1,3,1,2,1,1,1,3
SF,IF2010,2020-09-01 09:34:10.400,4774.6000,5082,0,155933940.000,0,-,-,-,-,4772.0000,4770.6000,4770.0000,4769.4000,4765.8000,4773.6000,4773.8000,4778.0000,4779.8000,4785.0000,1,2,1,3,1,2,2,1,3,1
SF,IF2010,2020-09-01 09:34:10.900,4774.6000,5082,0,155933940.000,0,-,-,-,-,4772.0000,4770.6000,4770.0000,4769.4000,4765.8000,4773.6000,4773.8000,4778.0000,4779.8000,4785.0000,1,2,1,3,1,1,2,1,3,1
SF,IF2010,2020-09-01 09:34:11.400,4774.6000,5082,0,155933940.000,0,-,-,-,-,4772.0000,4770.6000,4770.0000,4769.4000,4765.8000,4773.6000,4773.8000,4778.0000,4779.8000,4785.0000,1,2,1,3,1,1,1,1,3,1
SF,IF2010,2020-09-01 09:34:12.400,4772.2000,5081,-1,157365600.000,1,0,1,双平,S,4772.0000,4770.6000,4770.0000,4769.4000,4765.8000,4773.4000,4773.6000,4773.8000,4778.0000,4779.8000,1,2,1,3,1,1,2,1,1,3
SF,IF2010,2020-09-01 09:34:12.900,4772.2000,5081,0,157365600.000,0,-,-,-,-,4772.0000,4770.6000,4770.0000,4769.4000,4765.8000,4773.2000,4773.4000,4773.6000,4773.8000,4778.0000,1,2,1,3,1,1,2,1,1,1
SF,IF2010,2020-09-01 09:34:13.400,4773.2000,5081,0,158797560.000,1,0,1,多换,S,4772.0000,4770.6000,4770.0000,4769.4000,4765.8000,4773.4000,4773.6000,4773.8000,4778.0000,4779.8000,1,2,1,3,1,2,1,1,1,3
SF,IF2010,2020-09-01 09:34:13.900,4773.2000,5081,0,158797560.000,0,-,-,-,-,4772.0000,4770.6000,4770.0000,4769.4000,4765.8000,4773.6000,4778.0000,4779.8000,4785.0000,4787.0000,1,2,1,3,1,1,1,3,1,1
SF,IF2010,2020-09-01 09:34:14.400,4773.2000,5081,0,158797560.000,0,-,-,-,-,4772.0000,4770.6000,4770.0000,4769.4000,4765.8000,4778.0000,4779.8000,4785.0000,4787.0000,4797.0000,1,2,1,3,1,1,3,1,1,1
SF,IF2010,2020-09-01 09:34:14.900,4773.2000,5081,0,158797560.000,0,-,-,-,-,4772.2000,4772.0000,4770.6000,4770.0000,4769.4000,4777.8000,4778.0000,4779.8000,4785.0000,4787.0000,1,1,2,1,3,4,1,3,1,1
SF,IF2010,2020-09-01 09:34:15.400,4773.2000,5081,0,158797560.000,0,-,-,-,-,4772.2000,4772.0000,4770.6000,4770.0000,4769.4000,4777.8000,4778.0000,4779.8000,4785.0000,4787.0000,1,1,1,1,3,4,1,3,1,1
SF,IF2010,2020-09-01 09:34:15.900,4773.2000,5081,0,158797560.000,0,-,-,-,-,4772.2000,4772.0000,4770.6000,4770.0000,4769.4000,4774.8000,4776.4000,4777.0000,4777.6000,4777.8000,1,1,1,1,3,2,1,1,1,3
SF,IF2010,2020-09-01 09:34:16.400,4773.2000,5081,0,158797560.000,0,-,-,-,-,4772.2000,4772.0000,4770.6000,4770.0000,4769.4000,4774.6000,4776.4000,4777.0000,4777.6000,4777.8000,1,1,1,1,3,1,1,1,1,2
SF,IF2010,2020-09-01 09:34:16.900,4773.2000,5081,0,158797560.000,0,-,-,-,-,4772.2000,4772.0000,4770.6000,4770.0000,4769.4000,4774.2000,4774.4000,4774.6000,4776.4000,4777.0000,1,1,1,1,3,2,1,2,1,1
SF,IF2010,2020-09-01 09:34:17.400,4773.2000,5081,0,158797560.000,0,-,-,-,-,4772.0000,4770.6000,4770.0000,4769.4000,4765.8000,4774.0000,4774.4000,4774.6000,4776.4000,4777.0000,1,1,1,3,1,3,1,1,1,1
SF,IF2010,2020-09-01 09:34:17.900,4773.2000,5081,0,158797560.000,0,-,-,-,-,4772.0000,4770.6000,4770.0000,4769.4000,4765.8000,4773.8000,4774.0000,4774.4000,4776.4000,4777.0000,1,1,1,3,1,3,1,1,1,1
SF,IF2010,2020-09-01 09:34:18.400,4773.2000,5081,0,158797560.000,0,-,-,-,-,4772.0000,4770.6000,4770.0000,4769.4000,4765.8000,4773.6000,4773.8000,4774.4000,4776.4000,4777.0000,1,1,1,3,1,2,1,1,1,1
SF,IF2010,2020-09-01 09:34:18.900,4772.0000,5082,1,160229160.000,1,1,0,双开,S,4770.6000,4770.0000,4769.4000,4765.8000,4765.0000,4773.4000,4773.6000,4773.8000,4774.4000,4776.4000,1,1,3,1,5,2,1,1,1,1
SF,IF2010,2020-09-01 09:34:19.400,4772.0000,5082,0,160229160.000,0,-,-,-,-,4770.8000,4770.6000,4770.0000,4769.4000,4765.8000,4773.6000,4773.8000,4776.4000,4777.0000,4777.8000,2,1,1,3,1,1,1,1,1,2
SF,IF2010,2020-09-01 09:34:20.900,4772.0000,5082,0,160229160.000,0,-,-,-,-,4770.8000,4770.6000,4770.0000,4769.4000,4765.8000,4773.6000,4773.8000,4776.4000,4777.0000,4777.8000,2,1,1,3,1,2,1,1,1,2
SF,IF2010,2020-09-01 09:34:21.400,4772.0000,5082,0,160229160.000,0,-,-,-,-,4770.8000,4770.6000,4770.0000,4769.4000,4765.8000,4773.4000,4773.6000,4773.8000,4776.4000,4777.0000,1,1,1,3,1,1,1,1,1,1
SF,IF2010,2020-09-01 09:34:21.900,4772.0000,5082,0,160229160.000,0,-,-,-,-,4770.8000,4770.6000,4770.0000,4769.4000,4765.8000,4773.2000,4773.4000,4773.8000,4776.4000,4777.0000,1,1,1,3,1,1,1,1,1,2
SF,IF2010,2020-09-01 09:34:22.400,4772.0000,5082,0,160229160.000,0,-,-,-,-,4770.8000,4770.6000,4770.0000,4769.4000,4765.8000,4773.0000,4773.2000,4773.4000,4773.8000,4776.4000,1,1,1,3,1,1,1,1,1,1
SF,IF2010,2020-09-01 09:34:23.900,4772.0000,5082,0,160229160.000,0,-,-,-,-,4770.8000,4770.6000,4770.0000,4769.4000,4765.8000,4772.6000,4773.0000,4773.2000,4773.4000,4773.8000,1,1,1,3,1,1,1,1,1,1
