市场代码,合约代码,时间,最新,持仓,增仓,成交额,成交量,开仓,平仓,成交类型,方向,买一价,买二价,买三价,买四价,买五价,卖一价,卖二价,卖三价,卖四价,卖五价,买一量,买二量,买三量,买四量,买五量,卖一量,卖二量,卖三量,卖四量,卖五量
SF,IF2012,2020-05-28 09:29:00.100,3686.4000,5179,0,2211840.000,2.000,-,-,-,-,3680.8000,3677.6000,3676.4000,3676.2000,3675.4000,3694.6000,3695.0000,3698.0000,3700.0000,3707.0000,1,1,1,2,1,1,1,4,1,1
SF,IF2012,2020-05-28 09:30:00.100,3686.4000,5179,0,2211840.000,0,-,-,-,-,3682.6000,3681.2000,3681.0000,3680.8000,3678.8000,3692.8000,3693.2000,3693.6000,3694.0000,3694.2000,1,4,2,1,2,5,1,1,1,5
SF,IF2012,2020-05-28 09:30:00.600,3686.4000,5179,0,2211840.000,0,-,-,-,-,3683.0000,3682.8000,3682.6000,3681.6000,3681.0000,3689.0000,3692.6000,3692.8000,3693.2000,3693.6000,4,2,1,2,1,4,1,5,1,1
SF,IF2012,2020-05-28 09:30:01.100,3686.4000,5179,0,2211840.000,0,-,-,-,-,3685.0000,3683.2000,3683.0000,3682.6000,3681.6000,3688.8000,3692.8000,3694.0000,3694.2000,3694.4000,5,3,4,1,2,1,4,1,1,2
SF,IF2012,2020-05-28 09:30:01.600,3686.4000,5179,0,2211840.000,0,-,-,-,-,3685.4000,3685.2000,3685.0000,3681.6000,3681.0000,3692.6000,3692.8000,3694.0000,3694.2000,3694.4000,4,3,6,2,1,2,4,1,1,2
SF,IF2012,2020-05-28 09:30:02.100,3686.4000,5179,0,2211840.000,0,-,-,-,-,3688.8000,3686.2000,3685.6000,3685.4000,3685.0000,3691.0000,3692.4000,3692.6000,3692.8000,3694.0000,1,1,3,4,6,4,1,2,4,1
SF,IF2012,2020-05-28 09:30:02.600,3686.4000,5179,0,2211840.000,0,-,-,-,-,3689.4000,3689.0000,3688.8000,3687.2000,3686.2000,3690.8000,3691.0000,3692.6000,3692.8000,3694.4000,2,2,1,2,1,1,4,2,4,2
SF,IF2012,2020-05-28 09:30:03.100,3686.4000,5179,0,2211840.000,0,-,-,-,-,3689.6000,3689.4000,3689.0000,3687.2000,3686.2000,3691.0000,3694.4000,3695.4000,3697.6000,3698.0000,1,2,1,2,1,4,2,2,2,1
SF,IF2012,2020-05-28 09:30:03.600,3686.4000,5179,0,2211840.000,0,-,-,-,-,3689.6000,3689.4000,3689.0000,3687.2000,3685.6000,3691.0000,3694.4000,3695.4000,3697.6000,3698.0000,1,2,1,2,1,4,2,2,2,1
SF,IF2012,2020-05-28 09:30:04.100,3686.4000,5179,0,2211840.000,0,-,-,-,-,3689.4000,3687.2000,3685.6000,3685.4000,3685.0000,3690.8000,3691.0000,3694.4000,3695.4000,3696.4000,2,2,1,4,5,1,4,2,2,4
SF,IF2012,2020-05-28 09:30:04.600,3686.4000,5179,0,2211840.000,0,-,-,-,-,3689.4000,3688.0000,3687.2000,3685.6000,3685.4000,3690.8000,3691.0000,3694.4000,3695.4000,3696.4000,2,1,2,1,4,1,4,2,2,4
SF,IF2012,2020-05-28 09:30:05.600,3686.4000,5179,0,2211840.000,0,-,-,-,-,3688.0000,3687.2000,3685.6000,3685.4000,3685.0000,3690.8000,3691.0000,3694.4000,3695.4000,3696.4000,1,2,1,4,5,1,4,2,2,4
SF,IF2012,2020-05-28 09:30:06.100,3686.4000,5179,0,2211840.000,0,-,-,-,-,3688.2000,3688.0000,3687.2000,3685.6000,3685.4000,3690.6000,3690.8000,3691.0000,3694.4000,3695.4000,1,1,1,1,4,1,1,4,2,2
SF,IF2012,2020-05-28 09:30:06.600,3686.4000,5179,0,2211840.000,0,-,-,-,-,3688.2000,3688.0000,3687.0000,3685.6000,3685.4000,3690.4000,3690.6000,3691.0000,3694.4000,3695.4000,1,1,1,1,4,1,1,4,2,2
SF,IF2012,2020-05-28 09:30:07.100,3686.4000,5179,0,2211840.000,0,-,-,-,-,3688.8000,3688.6000,3688.2000,3687.0000,3685.6000,3690.2000,3690.4000,3691.0000,3694.4000,3695.4000,1,1,1,1,1,1,1,4,2,2
SF,IF2012,2020-05-28 09:30:07.600,3686.4000,5179,0,2211840.000,0,-,-,-,-,3688.8000,3688.6000,3688.2000,3687.0000,3685.6000,3690.0000,3691.0000,3694.4000,3695.4000,3696.4000,1,1,1,1,1,1,4,2,2,4
SF,IF2012,2020-05-28 09:30:08.100,3686.4000,5179,0,2211840.000,0,-,-,-,-,3688.8000,3688.2000,3687.0000,3685.6000,3685.4000,3690.0000,3691.0000,3694.4000,3695.4000,3696.4000,1,1,1,1,4,1,4,2,2,4
SF,IF2012,2020-05-28 09:30:08.600,3688.8000,5178,-1,3318480.000,1,0,1,双平,S,3688.2000,3687.0000,3685.6000,3685.4000,3685.0000,3690.0000,3691.0000,3694.4000,3695.4000,3696.4000,1,2,1,4,5,1,4,2,2,4
SF,IF2012,2020-05-28 09:30:09.100,3688.8000,5178,0,3318480.000,0,-,-,-,-,3688.2000,3687.0000,3685.6000,3685.4000,3685.0000,3690.0000,3691.0000,3694.4000,3695.4000,3696.4000,1,2,1,4,5,1,4,2,2,4
SF,IF2012,2020-05-28 09:30:09.600,3688.2000,5177,-1,4424940.000,1,0,1,双平,S,3687.0000,3685.6000,3685.4000,3685.0000,3681.0000,3690.0000,3691.0000,3694.4000,3695.4000,3696.4000,2,1,4,5,1,1,4,2,2,4
SF,IF2012,2020-05-28 09:30:10.100,3688.2000,5177,0,4424940.000,0,-,-,-,-,3687.2000,3687.0000,3685.6000,3685.4000,3685.0000,3689.8000,3690.0000,3691.0000,3694.4000,3695.4000,1,1,1,4,5,2,1,4,2,2
SF,IF2012,2020-05-28 09:30:10.600,3689.6000,5176,-1,5531820.000,1,0,1,双平,S,3687.2000,3687.0000,3685.6000,3685.4000,3685.0000,3689.8000,3691.0000,3694.4000,3695.4000,3696.4000,1,1,1,4,5,2,4,2,2,4
SF,IF2012,2020-05-28 09:30:11.100,3689.6000,5176,0,5531820.000,0,-,-,-,-,3688.0000,3687.2000,3687.0000,3685.6000,3685.4000,3689.6000,3689.8000,3691.0000,3694.4000,3695.4000,1,1,1,1,4,1,1,4,2,2
SF,IF2012,2020-05-28 09:30:11.600,3689.6000,5176,0,5531820.000,0,-,-,-,-,3688.2000,3687.6000,3687.0000,3685.6000,3685.0000,3689.8000,3691.0000,3694.4000,3695.4000,3696.4000,1,4,1,1,5,1,4,2,2,4
SF,IF2012,2020-05-28 09:30:12.100,3689.6000,5176,0,5531820.000,0,-,-,-,-,3688.2000,3687.6000,3687.0000,3685.6000,3685.0000,3691.0000,3694.4000,3695.4000,3696.4000,3697.6000,1,4,1,1,5,4,2,2,4,2
SF,IF2012,2020-05-28 09:30:12.600,3689.6000,5176,0,5531820.000,0,-,-,-,-,3688.4000,3688.2000,3687.6000,3687.0000,3685.6000,3690.8000,3691.0000,3694.4000,3695.4000,3696.4000,1,1,4,1,1,2,4,2,2,4
SF,IF2012,2020-05-28 09:30:13.100,3689.6000,5176,0,5531820.000,0,-,-,-,-,3689.4000,3688.6000,3688.4000,3687.6000,3687.0000,3690.8000,3691.0000,3694.4000,3695.4000,3696.4000,2,1,1,4,1,2,4,2,2,4
SF,IF2012,2020-05-28 09:30:13.600,3690.8000,5176,0,6639060.000,1,0,1,多换,S,3689.6000,3689.4000,3688.8000,3688.6000,3688.4000,3691.0000,3694.4000,3695.4000,3696.4000,3697.6000,1,2,1,5,1,4,2,2,4,2
SF,IF2012,2020-05-28 09:30:14.100,3691.0000,5172,-4,11068200.000,4,0,4,双平,S,3689.6000,3689.4000,3688.8000,3688.6000,3688.4000,3691.0000,3694.4000,3695.4000,3696.4000,3697.6000,1,2,1,5,1,1,2,2,4,2
SF,IF2012,2020-05-28 09:30:14.600,3691.0000,5172,0,12175500.000,1,0,1,多换,S,3689.6000,3689.4000,3688.6000,3688.4000,3687.0000,3694.4000,3695.4000,3696.4000,3697.6000,3698.0000,1,2,5,1,1,2,2,4,2,1
SF,IF2012,2020-05-28 09:30:15.100,3691.0000,5172,0,12175500.000,0,-,-,-,-,3689.8000,3689.6000,3689.4000,3688.6000,3687.0000,3694.2000,3694.4000,3695.4000,3696.4000,3697.6000,1,1,2,5,1,1,2,2,4,2
SF,IF2012,2020-05-28 09:30:15.600,3691.0000,5172,0,12175500.000,0,-,-,-,-,3690.0000,3689.8000,3689.4000,3688.6000,3687.0000,3694.2000,3694.4000,3695.4000,3696.4000,3697.6000,1,1,2,5,1,1,1,2,4,2
SF,IF2012,2020-05-28 09:30:16.100,3691.0000,5172,0,12175500.000,0,-,-,-,-,3690.2000,3690.0000,3689.4000,3688.6000,3687.0000,3694.2000,3694.4000,3695.4000,3696.4000,3697.6000,1,1,2,5,1,1,1,2,4,2
SF,IF2012,2020-05-28 09:30:16.600,3691.0000,5172,0,12175500.000,0,-,-,-,-,3690.4000,3690.2000,3689.4000,3688.6000,3687.0000,3694.2000,3694.4000,3695.4000,3696.4000,3697.6000,1,1,2,1,1,1,1,2,4,2
SF,IF2012,2020-05-28 09:30:17.100,3691.0000,5172,0,12175500.000,0,-,-,-,-,3690.6000,3690.4000,3689.4000,3688.6000,3687.0000,3694.0000,3694.2000,3695.4000,3696.4000,3697.6000,1,1,2,1,1,2,1,2,4,2
SF,IF2012,2020-05-28 09:30:17.600,3691.0000,5172,0,12175500.000,0,-,-,-,-,3690.8000,3690.6000,3689.4000,3688.6000,3687.0000,3693.8000,3694.0000,3695.4000,3696.4000,3697.6000,1,1,2,1,1,2,2,2,4,2
SF,IF2012,2020-05-28 09:30:18.100,3691.0000,5172,0,12175500.000,0,-,-,-,-,3691.0000,3690.8000,3689.4000,3688.6000,3687.0000,3693.6000,3693.8000,3695.4000,3696.4000,3697.6000,1,1,2,1,1,2,2,2,4,2
SF,IF2012,2020-05-28 09:30:18.600,3691.0000,5172,0,12175500.000,0,-,-,-,-,3691.0000,3687.0000,3685.6000,3685.0000,3680.8000,3693.4000,3693.6000,3693.8000,3695.4000,3696.4000,1,1,1,6,1,2,2,1,2,4
SF,IF2012,2020-05-28 09:30:19.100,3691.0000,5172,0,12175500.000,0,-,-,-,-,3691.0000,3687.0000,3685.6000,3685.0000,3680.8000,3693.2000,3693.4000,3693.6000,3695.4000,3696.4000,1,1,1,6,1,1,3,1,2,4
SF,IF2012,2020-05-28 09:30:19.600,3691.0000,5171,-1,13282800.000,1,0,1,双平,S,3687.0000,3685.6000,3685.0000,3680.8000,3680.6000,3692.6000,3693.0000,3693.2000,3693.4000,3693.6000,1,1,6,1,1,1,2,1,2,1
SF,IF2012,2020-05-28 09:30:20.100,3691.0000,5171,0,13282800.000,0,-,-,-,-,3689.4000,3687.4000,3687.2000,3687.0000,3685.0000,3692.4000,3692.6000,3693.2000,3693.4000,3693.6000,2,4,2,1,6,2,1,1,2,1
SF,IF2012,2020-05-28 09:30:20.600,3691.0000,5171,0,13282800.000,0,-,-,-,-,3689.6000,3689.4000,3687.4000,3687.0000,3685.0000,3692.4000,3692.6000,3693.4000,3693.6000,3695.4000,1,2,4,1,6,2,1,2,1,2
SF,IF2012,2020-05-28 09:30:21.600,3691.0000,5171,0,13282800.000,0,-,-,-,-,3689.8000,3689.6000,3689.4000,3687.4000,3687.0000,3692.4000,3692.6000,3693.4000,3693.6000,3695.4000,1,1,2,4,1,2,1,1,1,2
SF,IF2012,2020-05-28 09:30:22.100,3691.0000,5171,0,13282800.000,0,-,-,-,-,3690.0000,3689.8000,3689.4000,3687.4000,3687.0000,3692.4000,3693.6000,3695.4000,3697.6000,3698.0000,1,1,2,4,1,2,1,2,2,1
SF,IF2012,2020-05-28 09:30:22.600,3691.0000,5171,0,13282800.000,0,-,-,-,-,3690.0000,3689.8000,3689.4000,3687.4000,3687.0000,3692.4000,3693.6000,3695.4000,3697.6000,3698.0000,1,1,2,4,1,2,1,2,2,1
SF,IF2012,2020-05-28 09:30:23.100,3691.0000,5171,0,13282800.000,0,-,-,-,-,3690.0000,3689.8000,3689.4000,3687.4000,3687.0000,3692.4000,3693.6000,3695.4000,3697.6000,3698.0000,1,1,2,4,1,1,1,2,2,1
SF,IF2012,2020-05-28 09:30:23.600,3691.0000,5171,0,13282800.000,0,-,-,-,-,3690.0000,3689.8000,3689.4000,3687.4000,3687.0000,3692.2000,3692.4000,3693.6000,3695.4000,3697.6000,1,1,2,4,1,1,1,1,2,2
SF,IF2012,2020-05-28 09:30:24.100,3691.0000,5171,0,13282800.000,0,-,-,-,-,3690.0000,3689.8000,3689.4000,3687.4000,3687.0000,3692.0000,3692.2000,3693.6000,3695.4000,3697.6000,1,1,2,4,1,1,1,1,2,2
SF,IF2012,2020-05-28 09:30:24.600,3691.0000,5171,0,13282800.000,0,-,-,-,-,3690.0000,3687.4000,3687.0000,3685.0000,3680.8000,3691.8000,3692.0000,3693.6000,3695.4000,3697.6000,1,4,1,6,1,1,1,1,2,2
SF,IF2012,2020-05-28 09:30:27.600,3691.0000,5171,0,13282800.000,0,-,-,-,-,3690.0000,3687.4000,3687.0000,3685.0000,3680.8000,3691.8000,3692.0000,3693.6000,3694.6000,3695.4000,1,4,1,6,1,1,1,1,1,2
SF,IF2012,2020-05-28 09:30:28.600,3690.0000,5171,0,14389800.000,1,0,1,多换,S,3687.4000,3687.0000,3685.0000,3680.8000,3680.6000,3691.8000,3692.0000,3693.6000,3694.6000,3695.4000,4,1,6,1,1,1,1,1,1,2
SF,IF2012,2020-05-28 09:30:29.100,3690.0000,5171,0,14389800.000,0,-,-,-,-,3689.4000,3687.6000,3687.4000,3687.0000,3685.0000,3691.6000,3691.8000,3693.6000,3694.6000,3695.4000,2,2,4,1,6,1,1,1,1,2
SF,IF2012,2020-05-28 09:30:29.600,3690.0000,5171,0,14389800.000,0,-,-,-,-,3689.6000,3689.4000,3687.6000,3687.4000,3687.0000,3691.4000,3691.6000,3693.6000,3694.6000,3695.4000,1,2,1,4,1,1,1,1,1,2
SF,IF2012,2020-05-28 09:30:30.100,3690.0000,5171,0,14389800.000,0,-,-,-,-,3689.6000,3687.6000,3687.4000,3687.0000,3685.0000,3691.4000,3691.6000,3693.6000,3694.6000,3695.4000,1,1,4,1,6,1,1,1,1,2
SF,IF2012,2020-05-28 09:30:30.600,3690.0000,5171,0,14389800.000,0,-,-,-,-,3689.6000,3689.4000,3687.6000,3687.4000,3687.0000,3691.4000,3691.6000,3693.6000,3694.6000,3695.4000,1,2,1,4,1,1,1,1,1,2
SF,IF2012,2020-05-28 09:30:32.100,3690.0000,5171,0,14389800.000,0,-,-,-,-,3689.8000,3689.6000,3687.6000,3687.4000,3687.0000,3691.4000,3691.6000,3693.6000,3694.6000,3695.4000,1,1,1,4,1,1,1,1,1,2
SF,IF2012,2020-05-28 09:30:33.100,3690.0000,5171,0,14389800.000,0,-,-,-,-,3689.6000,3687.6000,3687.4000,3687.0000,3685.0000,3691.4000,3691.6000,3693.6000,3694.6000,3695.4000,1,1,4,1,6,1,1,1,1,2
SF,IF2012,2020-05-28 09:30:33.600,3690.0000,5171,0,14389800.000,0,-,-,-,-,3689.6000,3689.4000,3687.6000,3687.4000,3687.0000,3691.4000,3691.6000,3693.6000,3694.6000,3695.4000,1,2,1,4,1,1,1,1,1,2
SF,IF2012,2020-05-28 09:30:34.100,3690.0000,5171,0,14389800.000,0,-,-,-,-,3689.8000,3689.6000,3689.4000,3687.6000,3687.4000,3691.4000,3691.6000,3693.6000,3694.6000,3695.4000,1,1,2,1,4,1,1,1,1,2
SF,IF2012,2020-05-28 09:30:35.600,3690.0000,5171,0,14389800.000,0,-,-,-,-,3689.8000,3689.6000,3689.4000,3687.6000,3687.4000,3691.4000,3691.6000,3693.6000,3694.6000,3695.4000,1,1,2,1,4,1,1,1,1,2
SF,IF2012,2020-05-28 09:30:37.600,3690.0000,5171,0,14389800.000,0,-,-,-,-,3689.8000,3689.6000,3687.6000,3687.4000,3687.0000,3691.4000,3691.6000,3693.6000,3694.6000,3695.4000,1,1,1,4,1,1,1,1,1,2
SF,IF2012,2020-05-28 09:30:38.100,3690.0000,5171,0,14389800.000,0,-,-,-,-,3690.0000,3689.6000,3687.6000,3687.4000,3687.0000,3691.4000,3691.6000,3693.6000,3694.6000,3695.4000,1,1,1,4,1,1,1,1,1,2
SF,IF2012,2020-05-28 09:30:40.600,3690.0000,5171,0,15496800.000,1,0,1,多换,S,3689.6000,3687.6000,3687.4000,3687.0000,3686.6000,3691.4000,3691.6000,3693.6000,3694.6000,3695.4000,1,1,4,1,1,1,1,1,1,2
SF,IF2012,2020-05-28 09:30:41.100,3690.0000,5171,0,15496800.000,0,-,-,-,-,3689.6000,3689.4000,3687.6000,3687.4000,3687.0000,3691.4000,3691.6000,3693.6000,3694.6000,3695.4000,1,2,1,4,1,1,1,1,1,2
SF,IF2012,2020-05-28 09:30:41.600,3690.0000,5171,0,15496800.000,0,-,-,-,-,3689.6000,3687.6000,3687.4000,3687.0000,3686.6000,3691.4000,3691.6000,3693.4000,3693.6000,3694.6000,1,1,4,1,1,1,1,3,1,1
SF,IF2012,2020-05-28 09:30:42.100,3690.0000,5171,0,15496800.000,0,-,-,-,-,3689.6000,3687.6000,3687.4000,3687.0000,3686.6000,3691.2000,3691.4000,3691.6000,3693.4000,3693.6000,1,1,4,1,1,1,1,1,3,1
SF,IF2012,2020-05-28 09:30:42.600,3690.0000,5171,0,15496800.000,0,-,-,-,-,3689.6000,3689.4000,3687.6000,3687.4000,3687.0000,3691.2000,3691.4000,3691.6000,3693.4000,3693.6000,1,2,1,4,1,1,1,1,3,1
SF,IF2012,2020-05-28 09:30:43.100,3690.0000,5171,0,15496800.000,0,-,-,-,-,3689.6000,3689.4000,3687.6000,3687.4000,3687.0000,3691.0000,3691.2000,3691.6000,3693.4000,3693.6000,1,2,1,4,1,1,1,1,3,1
SF,IF2012,2020-05-28 09:30:43.600,3690.0000,5171,0,15496800.000,0,-,-,-,-,3687.6000,3687.4000,3687.0000,3686.6000,3685.0000,3691.0000,3691.2000,3691.6000,3693.4000,3693.6000,1,4,1,1,6,1,1,1,3,1
SF,IF2012,2020-05-28 09:30:44.100,3690.0000,5171,0,15496800.000,0,-,-,-,-,3689.4000,3687.8000,3687.6000,3687.0000,3686.6000,3690.8000,3691.0000,3691.2000,3693.4000,3693.6000,2,5,1,1,1,1,1,1,3,1
SF,IF2012,2020-05-28 09:30:44.600,3690.0000,5171,0,15496800.000,0,-,-,-,-,3687.8000,3687.6000,3687.0000,3686.6000,3685.0000,3691.0000,3691.2000,3693.4000,3693.6000,3694.6000,5,1,1,1,6,1,1,3,1,1
SF,IF2012,2020-05-28 09:30:45.100,3690.0000,5171,0,15496800.000,0,-,-,-,-,3687.8000,3687.6000,3687.0000,3686.6000,3685.0000,3690.8000,3691.0000,3691.2000,3693.4000,3693.6000,5,1,1,1,6,1,1,1,3,1
SF,IF2012,2020-05-28 09:30:45.600,3690.0000,5171,0,15496800.000,0,-,-,-,-,3689.4000,3688.2000,3687.8000,3687.6000,3686.6000,3690.6000,3690.8000,3691.2000,3693.4000,3693.6000,2,1,5,1,1,1,1,1,3,1
SF,IF2012,2020-05-28 09:30:46.100,3690.0000,5171,0,15496800.000,0,-,-,-,-,3688.2000,3687.8000,3686.6000,3685.0000,3680.8000,3690.6000,3693.4000,3693.6000,3694.6000,3695.4000,1,5,1,6,1,1,3,1,1,2
SF,IF2012,2020-05-28 09:30:46.600,3690.0000,5171,0,15496800.000,0,-,-,-,-,3688.4000,3688.2000,3687.8000,3686.6000,3685.0000,3690.4000,3690.6000,3693.4000,3693.6000,3694.6000,2,1,4,1,6,1,1,3,1,1
SF,IF2012,2020-05-28 09:30:47.100,3690.2000,5170,-1,16603860.000,1,0,1,双平,S,3688.6000,3688.4000,3688.2000,3687.8000,3686.6000,3690.4000,3693.4000,3693.6000,3694.6000,3695.4000,1,2,1,4,1,1,3,1,1,2
SF,IF2012,2020-05-28 09:30:47.600,3690.2000,5170,0,16603860.000,0,-,-,-,-,3688.8000,3688.6000,3688.2000,3687.8000,3686.6000,3690.4000,3693.4000,3693.6000,3694.6000,3695.4000,2,1,1,4,1,1,3,1,1,2
SF,IF2012,2020-05-28 09:30:48.100,3690.4000,5169,-1,17710980.000,1,0,1,双平,S,3688.8000,3688.6000,3688.2000,3686.6000,3685.0000,3693.4000,3693.6000,3694.6000,3695.4000,3698.0000,2,1,1,1,6,3,1,1,2,1
SF,IF2012,2020-05-28 09:30:48.600,3690.4000,5169,0,17710980.000,0,-,-,-,-,3689.0000,3688.8000,3688.2000,3686.6000,3685.0000,3693.2000,3693.4000,3694.6000,3695.4000,3698.0000,1,2,1,1,6,2,3,1,2,1
SF,IF2012,2020-05-28 09:30:49.100,3690.4000,5169,0,17710980.000,0,-,-,-,-,3689.2000,3689.0000,3688.8000,3686.6000,3685.0000,3692.4000,3693.0000,3693.2000,3694.6000,3695.4000,1,1,1,1,6,1,1,2,1,2
SF,IF2012,2020-05-28 09:30:49.600,3690.4000,5169,0,17710980.000,0,-,-,-,-,3689.4000,3689.2000,3688.8000,3686.6000,3685.0000,3692.2000,3692.4000,3693.2000,3694.6000,3695.4000,1,1,1,1,6,2,1,1,1,2
SF,IF2012,2020-05-28 09:30:50.100,3690.4000,5169,0,17710980.000,0,-,-,-,-,3689.6000,3689.4000,3688.8000,3686.6000,3685.0000,3692.2000,3692.4000,3693.2000,3694.6000,3695.0000,1,1,1,1,6,2,1,1,1,1
SF,IF2012,2020-05-28 09:30:50.600,3690.4000,5169,0,17710980.000,0,-,-,-,-,3689.8000,3689.6000,3688.8000,3686.6000,3685.0000,3692.2000,3692.4000,3693.2000,3694.6000,3695.0000,1,1,1,1,6,2,1,1,1,1
SF,IF2012,2020-05-28 09:30:51.100,3690.4000,5169,0,17710980.000,0,-,-,-,-,3690.0000,3689.8000,3688.8000,3686.6000,3685.0000,3691.8000,3692.2000,3693.2000,3694.6000,3695.0000,1,1,1,1,6,2,2,1,1,1
SF,IF2012,2020-05-28 09:30:51.600,3690.4000,5169,0,17710980.000,0,-,-,-,-,3690.0000,3689.8000,3688.8000,3686.6000,3685.0000,3691.6000,3691.8000,3692.2000,3693.2000,3694.6000,1,1,1,1,6,1,2,1,1,1
SF,IF2012,2020-05-28 09:30:53.100,3690.4000,5169,0,17710980.000,0,-,-,-,-,3690.0000,3689.8000,3688.8000,3686.6000,3685.0000,3691.6000,3691.8000,3693.2000,3694.6000,3695.0000,1,1,1,1,6,1,2,1,1,1
SF,IF2012,2020-05-28 09:30:53.600,3690.4000,5169,0,17710980.000,0,-,-,-,-,3689.8000,3688.8000,3686.6000,3685.0000,3680.8000,3691.6000,3691.8000,3693.2000,3694.6000,3695.0000,1,1,1,6,1,1,2,1,1,1
SF,IF2012,2020-05-28 09:30:54.100,3690.4000,5169,0,17710980.000,0,-,-,-,-,3688.8000,3686.6000,3685.0000,3680.8000,3680.6000,3691.6000,3691.8000,3693.2000,3694.6000,3695.0000,1,1,6,1,1,1,2,1,1,1
SF,IF2012,2020-05-28 09:30:54.600,3690.4000,5169,0,17710980.000,0,-,-,-,-,3689.0000,3688.8000,3686.6000,3685.0000,3680.8000,3691.6000,3691.8000,3693.2000,3695.0000,3695.4000,2,1,1,6,1,1,2,1,1,2
SF,IF2012,2020-05-28 09:30:55.100,3690.4000,5169,0,17710980.000,0,-,-,-,-,3689.0000,3688.8000,3686.6000,3685.0000,3680.8000,3691.4000,3691.6000,3691.8000,3693.2000,3695.0000,2,1,1,6,1,1,1,1,1,1
SF,IF2012,2020-05-28 09:30:55.600,3690.4000,5169,0,17710980.000,0,-,-,-,-,3689.0000,3688.8000,3686.6000,3685.0000,3680.8000,3691.0000,3691.2000,3691.4000,3691.8000,3693.2000,1,1,1,6,1,1,1,1,1,1
SF,IF2012,2020-05-28 09:30:56.100,3690.4000,5169,0,17710980.000,0,-,-,-,-,3689.2000,3689.0000,3686.6000,3685.0000,3680.8000,3690.8000,3691.0000,3691.4000,3693.2000,3695.0000,1,1,1,6,1,1,1,1,1,1
SF,IF2012,2020-05-28 09:30:57.600,3690.4000,5169,0,17710980.000,0,-,-,-,-,3689.2000,3689.0000,3686.6000,3685.0000,3680.8000,3690.8000,3691.4000,3693.2000,3695.0000,3695.4000,1,1,1,6,1,1,1,1,1,2
SF,IF2012,2020-05-28 09:30:58.100,3690.4000,5169,0,17710980.000,0,-,-,-,-,3689.4000,3689.2000,3686.6000,3685.0000,3680.8000,3690.8000,3691.4000,3693.2000,3695.0000,3695.4000,1,1,1,6,1,1,1,1,1,2
SF,IF2012,2020-05-28 09:30:58.600,3690.4000,5169,0,17710980.000,0,-,-,-,-,3689.2000,3686.6000,3685.0000,3680.8000,3680.6000,3690.8000,3691.4000,3693.2000,3695.0000,3695.4000,1,1,6,1,1,1,1,1,1,2
SF,IF2012,2020-05-28 09:31:00.100,3690.4000,5169,0,17710980.000,0,-,-,-,-,3689.2000,3686.6000,3685.0000,3680.8000,3680.6000,3690.6000,3690.8000,3693.2000,3695.0000,3695.4000,1,1,6,1,1,1,1,1,1,2
SF,IF2012,2020-05-28 09:31:00.600,3690.4000,5169,0,17710980.000,0,-,-,-,-,3689.2000,3686.6000,3685.0000,3680.8000,3680.6000,3690.4000,3690.6000,3693.2000,3695.0000,3695.4000,1,1,6,1,1,1,1,1,1,2
SF,IF2012,2020-05-28 09:31:01.100,3690.4000,5169,0,17710980.000,0,-,-,-,-,3689.2000,3686.6000,3685.0000,3680.8000,3680.6000,3690.6000,3693.2000,3695.0000,3695.4000,3698.0000,1,1,6,1,1,1,1,1,2,1
SF,IF2012,2020-05-28 09:31:01.600,3690.4000,5169,0,17710980.000,0,-,-,-,-,3689.4000,3689.2000,3686.6000,3685.0000,3680.8000,3690.6000,3693.2000,3695.0000,3695.4000,3698.0000,1,1,1,6,1,1,1,1,2,1
SF,IF2012,2020-05-28 09:31:02.100,3690.4000,5169,0,17710980.000,0,-,-,-,-,3689.4000,3689.2000,3686.6000,3685.0000,3680.8000,3693.2000,3695.0000,3695.4000,3698.0000,3698.8000,1,1,1,5,1,1,1,2,1,4
SF,IF2012,2020-05-28 09:31:02.600,3690.4000,5169,0,17710980.000,0,-,-,-,-,3689.6000,3689.4000,3686.6000,3685.0000,3680.8000,3693.0000,3693.2000,3695.0000,3695.4000,3698.0000,2,1,1,5,1,1,1,1,2,1
SF,IF2012,2020-05-28 09:31:03.100,3690.4000,5169,0,17710980.000,0,-,-,-,-,3689.8000,3689.6000,3686.6000,3685.0000,3680.8000,3692.0000,3692.8000,3693.0000,3695.4000,3698.0000,1,2,1,5,1,1,1,1,2,1
SF,IF2012,2020-05-28 09:31:03.600,3690.4000,5169,0,17710980.000,0,-,-,-,-,3690.0000,3689.6000,3686.6000,3685.0000,3680.8000,3691.8000,3692.0000,3692.2000,3695.4000,3698.0000,1,1,1,5,1,2,1,1,2,1
SF,IF2012,2020-05-28 09:31:04.100,3690.4000,5169,0,17710980.000,0,-,-,-,-,3690.2000,3690.0000,3689.6000,3686.6000,3685.0000,3691.8000,3692.0000,3694.0000,3695.4000,3698.0000,1,1,1,1,5,2,1,1,2,1
SF,IF2012,2020-05-28 09:31:05.600,3690.4000,5169,0,17710980.000,0,-,-,-,-,3690.2000,3690.0000,3689.6000,3686.6000,3685.0000,3691.8000,3694.0000,3695.4000,3698.0000,3698.8000,1,1,1,1,5,2,1,2,1,4
SF,IF2012,2020-05-28 09:31:06.100,3690.4000,5169,0,17710980.000,0,-,-,-,-,3690.4000,3690.2000,3690.0000,3686.6000,3685.0000,3691.8000,3694.0000,3695.4000,3698.0000,3698.8000,1,1,1,1,5,2,1,2,1,4
SF,IF2012,2020-05-28 09:31:06.600,3690.4000,5169,0,17710980.000,0,-,-,-,-,3690.6000,3690.4000,3690.0000,3686.6000,3685.0000,3691.8000,3694.0000,3695.4000,3698.0000,3698.8000,1,1,1,1,5,1,1,2,1,4
SF,IF2012,2020-05-28 09:31:08.600,3690.6000,5168,-1,18818160.000,1,0,1,双平,S,3690.4000,3690.0000,3686.6000,3685.0000,3680.8000,3694.0000,3695.4000,3698.0000,3698.8000,3700.0000,1,1,1,5,1,1,2,1,4,5
SF,IF2012,2020-05-28 09:31:09.100,3690.6000,5168,0,18818160.000,0,-,-,-,-,3690.6000,3690.4000,3686.6000,3685.0000,3680.8000,3693.8000,3694.0000,3695.4000,3698.0000,3698.8000,1,1,1,5,1,2,1,2,1,4
SF,IF2012,2020-05-28 09:31:09.600,3690.6000,5168,0,18818160.000,0,-,-,-,-,3690.6000,3690.4000,3686.6000,3685.0000,3680.8000,3693.8000,3695.4000,3698.0000,3698.8000,3700.0000,1,1,1,5,1,2,2,1,4,5
SF,IF2012,2020-05-28 09:31:10.100,3690.6000,5168,0,18818160.000,0,-,-,-,-,3690.8000,3690.6000,3690.4000,3686.6000,3685.0000,3693.2000,3693.8000,3695.4000,3698.0000,3698.8000,1,1,1,1,5,2,2,2,1,4
SF,IF2012,2020-05-28 09:31:10.600,3690.6000,5168,0,18818160.000,0,-,-,-,-,3691.0000,3690.4000,3686.6000,3685.0000,3680.8000,3693.0000,3693.2000,3695.4000,3698.0000,3698.8000,1,1,1,5,1,4,2,2,1,4
SF,IF2012,2020-05-28 09:31:11.100,3690.6000,5168,0,18818160.000,0,-,-,-,-,3691.0000,3690.8000,3686.6000,3685.0000,3680.8000,3692.6000,3693.0000,3693.2000,3695.4000,3698.0000,1,1,1,5,1,1,3,2,2,1
SF,IF2012,2020-05-28 09:31:11.600,3690.6000,5168,0,18818160.000,0,-,-,-,-,3691.0000,3690.8000,3686.6000,3685.0000,3680.8000,3692.4000,3692.6000,3693.0000,3693.2000,3695.4000,1,1,1,5,1,1,1,2,2,2
SF,IF2012,2020-05-28 09:31:12.100,3690.6000,5168,0,18818160.000,0,-,-,-,-,3686.6000,3685.0000,3680.8000,3680.6000,3678.8000,3692.4000,3692.6000,3693.0000,3693.2000,3695.4000,1,5,1,1,2,1,1,2,2,2
SF,IF2012,2020-05-28 09:31:12.600,3690.6000,5168,0,18818160.000,0,-,-,-,-,3689.4000,3687.0000,3686.8000,3686.6000,3685.0000,3692.4000,3692.6000,3693.0000,3693.2000,3695.4000,2,4,4,1,5,1,1,2,2,2
SF,IF2012,2020-05-28 09:31:13.100,3690.6000,5168,0,18818160.000,0,-,-,-,-,3689.6000,3689.4000,3687.0000,3686.8000,3686.6000,3692.4000,3692.6000,3693.0000,3693.2000,3695.4000,2,2,4,1,1,1,1,2,2,2
SF,IF2012,2020-05-28 09:31:13.600,3690.6000,5168,0,18818160.000,0,-,-,-,-,3689.6000,3689.4000,3687.0000,3686.8000,3686.6000,3692.2000,3692.4000,3692.6000,3693.0000,3693.2000,3,2,4,1,1,1,1,1,2,1
SF,IF2012,2020-05-28 09:31:14.100,3690.6000,5168,0,18818160.000,0,-,-,-,-,3689.6000,3689.4000,3687.0000,3686.8000,3686.6000,3692.0000,3692.2000,3692.6000,3693.0000,3693.2000,3,2,4,1,1,1,1,1,2,1
SF,IF2012,2020-05-28 09:31:14.600,3690.6000,5168,0,18818160.000,0,-,-,-,-,3689.6000,3689.4000,3687.0000,3686.8000,3686.6000,3692.0000,3692.6000,3693.0000,3693.2000,3694.2000,3,2,4,1,1,1,1,1,1,1
SF,IF2012,2020-05-28 09:31:15.100,3690.6000,5168,0,18818160.000,0,-,-,-,-,3689.8000,3689.6000,3689.4000,3687.0000,3686.6000,3693.0000,3693.2000,3694.2000,3695.4000,3698.0000,2,3,2,4,1,1,1,1,1,1
SF,IF2012,2020-05-28 09:31:15.600,3690.6000,5168,0,18818160.000,0,-,-,-,-,3690.0000,3689.8000,3689.4000,3687.0000,3686.6000,3692.8000,3694.2000,3695.4000,3698.0000,3698.8000,2,2,2,4,1,1,1,1,1,4
SF,IF2012,2020-05-28 09:31:16.100,3690.6000,5168,0,18818160.000,0,-,-,-,-,3690.0000,3689.8000,3689.4000,3687.0000,3686.6000,3692.8000,3694.2000,3695.4000,3698.0000,3698.8000,3,1,2,4,1,1,1,1,1,4
SF,IF2012,2020-05-28 09:31:16.600,3690.6000,5168,0,18818160.000,0,-,-,-,-,3690.0000,3689.4000,3687.0000,3686.6000,3685.0000,3692.8000,3694.2000,3695.4000,3698.0000,3698.8000,3,2,4,1,5,1,1,1,1,4
SF,IF2012,2020-05-28 09:31:17.100,3690.6000,5168,0,18818160.000,0,-,-,-,-,3690.0000,3689.4000,3687.0000,3686.6000,3685.0000,3692.4000,3692.8000,3695.4000,3698.0000,3698.8000,3,2,4,1,5,1,1,1,1,4
SF,IF2012,2020-05-28 09:31:17.600,3690.6000,5168,0,18818160.000,0,-,-,-,-,3690.0000,3689.4000,3687.0000,3686.6000,3685.0000,3692.2000,3692.4000,3692.6000,3695.4000,3698.0000,3,2,4,1,5,1,1,1,1,1
SF,IF2012,2020-05-28 09:31:18.100,3690.6000,5168,0,18818160.000,0,-,-,-,-,3690.0000,3689.4000,3687.0000,3686.6000,3685.0000,3692.2000,3692.4000,3695.4000,3698.0000,3698.8000,3,2,4,1,5,1,1,1,1,4
SF,IF2012,2020-05-28 09:31:18.600,3690.6000,5168,0,18818160.000,0,-,-,-,-,3690.2000,3690.0000,3689.4000,3687.0000,3686.6000,3692.2000,3692.4000,3695.4000,3698.0000,3698.8000,1,3,2,4,1,1,1,1,1,4
SF,IF2012,2020-05-28 09:31:19.100,3690.6000,5168,0,18818160.000,0,-,-,-,-,3690.4000,3690.2000,3690.0000,3689.4000,3687.0000,3692.2000,3692.4000,3695.4000,3698.0000,3698.8000,1,1,2,2,4,1,1,1,1,4
SF,IF2012,2020-05-28 09:31:19.600,3690.6000,5168,0,18818160.000,0,-,-,-,-,3690.4000,3690.0000,3689.4000,3687.0000,3686.6000,3692.2000,3693.6000,3695.4000,3698.0000,3698.8000,1,1,2,4,1,1,2,1,1,4
SF,IF2012,2020-05-28 09:31:20.100,3690.6000,5168,0,18818160.000,0,-,-,-,-,3690.6000,3690.4000,3690.0000,3689.4000,3687.0000,3692.2000,3693.6000,3695.4000,3698.0000,3698.8000,1,1,1,2,4,1,2,1,1,4
SF,IF2012,2020-05-28 09:31:20.600,3690.6000,5168,0,18818160.000,0,-,-,-,-,3690.6000,3690.4000,3690.0000,3689.4000,3687.0000,3692.2000,3693.6000,3695.4000,3698.0000,3698.8000,1,1,1,2,4,2,2,1,1,4
SF,IF2012,2020-05-28 09:31:21.600,3690.6000,5168,0,18818160.000,0,-,-,-,-,3690.6000,3690.4000,3690.0000,3689.4000,3687.0000,3692.2000,3693.6000,3695.2000,3695.4000,3698.0000,1,1,1,2,4,2,2,2,1,1
SF,IF2012,2020-05-28 09:31:25.100,3690.6000,5168,0,18818160.000,0,-,-,-,-,3690.6000,3690.4000,3690.0000,3689.4000,3687.0000,3692.2000,3693.6000,3695.2000,3695.4000,3698.0000,1,1,1,2,4,2,2,2,1,1
SF,IF2012,2020-05-28 09:31:25.600,3690.6000,5168,0,18818160.000,0,-,-,-,-,3690.8000,3690.6000,3690.4000,3689.4000,3687.0000,3692.2000,3693.6000,3695.2000,3695.4000,3698.0000,1,1,1,2,4,2,2,2,1,1
SF,IF2012,2020-05-28 09:31:26.100,3690.6000,5168,0,18818160.000,0,-,-,-,-,3691.0000,3690.8000,3690.6000,3690.4000,3689.4000,3692.2000,3693.6000,3695.2000,3695.4000,3698.0000,1,1,1,1,2,2,2,2,1,1
SF,IF2012,2020-05-28 09:31:26.600,3692.2000,5166,-2,21033480.000,2,0,2,双平,S,3691.0000,3690.8000,3690.6000,3690.4000,3689.4000,3693.6000,3695.2000,3695.4000,3698.0000,3698.8000,1,1,1,1,2,2,2,1,1,4
SF,IF2012,2020-05-28 09:31:27.100,3692.2000,5166,0,21033480.000,0,-,-,-,-,3691.2000,3691.0000,3690.6000,3689.4000,3687.0000,3693.4000,3693.6000,3695.2000,3695.4000,3698.0000,2,1,1,2,4,1,2,2,1,1
SF,IF2012,2020-05-28 09:31:27.600,3692.2000,5166,0,21033480.000,0,-,-,-,-,3691.2000,3691.0000,3689.4000,3687.0000,3686.6000,3693.4000,3693.6000,3695.2000,3695.4000,3698.0000,2,1,2,4,1,1,2,2,1,1
SF,IF2012,2020-05-28 09:31:28.100,3692.2000,5166,0,21033480.000,0,-,-,-,-,3691.4000,3691.2000,3689.4000,3687.0000,3686.6000,3693.0000,3693.4000,3693.6000,3695.2000,3695.4000,1,2,2,4,1,1,1,2,2,1
SF,IF2012,2020-05-28 09:31:28.600,3692.2000,5166,0,21033480.000,0,-,-,-,-,3691.4000,3691.2000,3689.4000,3687.0000,3686.6000,3692.8000,3693.0000,3693.2000,3693.6000,3695.4000,1,1,2,4,1,1,1,1,2,1
SF,IF2012,2020-05-28 09:31:29.100,3692.2000,5166,0,21033480.000,0,-,-,-,-,3691.6000,3691.4000,3691.2000,3689.4000,3687.0000,3692.8000,3693.0000,3693.2000,3693.6000,3695.4000,1,1,1,2,4,1,1,1,2,1
SF,IF2012,2020-05-28 09:31:29.600,3692.2000,5166,0,21033480.000,0,-,-,-,-,3691.6000,3691.4000,3691.2000,3689.4000,3687.0000,3692.8000,3693.6000,3695.4000,3698.0000,3698.8000,1,1,1,2,4,1,2,1,1,4
SF,IF2012,2020-05-28 09:31:30.100,3692.2000,5166,0,21033480.000,0,-,-,-,-,3693.4000,3691.6000,3691.4000,3691.2000,3689.4000,3693.6000,3695.4000,3698.0000,3698.8000,3700.0000,1,1,1,1,2,2,1,1,4,6
SF,IF2012,2020-05-28 09:31:30.600,3693.4000,5165,-1,22141500.000,1,0,1,双平,S,3691.6000,3691.4000,3691.2000,3689.4000,3687.0000,3693.2000,3693.4000,3693.6000,3694.8000,3698.0000,1,1,1,2,4,4,1,2,1,1
SF,IF2012,2020-05-28 09:31:31.100,3693.4000,5165,0,22141500.000,0,-,-,-,-,3691.8000,3691.6000,3691.4000,3691.2000,3689.4000,3693.6000,3694.8000,3696.2000,3698.0000,3698.8000,1,1,1,1,2,2,1,1,1,4
SF,IF2012,2020-05-28 09:31:31.600,3693.4000,5165,0,22141500.000,0,-,-,-,-,3692.0000,3691.8000,3691.6000,3691.4000,3691.2000,3693.6000,3694.8000,3696.2000,3698.0000,3698.8000,1,1,1,1,1,2,1,1,1,4
SF,IF2012,2020-05-28 09:31:32.100,3693.4000,5165,0,22141500.000,0,-,-,-,-,3692.2000,3692.0000,3691.6000,3691.2000,3689.4000,3694.8000,3695.0000,3696.2000,3698.0000,3698.8000,1,1,1,1,2,1,1,1,1,4
SF,IF2012,2020-05-28 09:31:32.600,3693.4000,5165,0,22141500.000,0,-,-,-,-,3692.4000,3692.2000,3692.0000,3689.4000,3687.0000,3694.6000,3694.8000,3695.0000,3696.2000,3698.0000,1,1,1,2,4,1,1,1,1,1
SF,IF2012,2020-05-28 09:31:33.100,3693.4000,5165,0,22141500.000,0,-,-,-,-,3692.6000,3692.4000,3689.4000,3687.0000,3686.6000,3694.6000,3694.8000,3695.0000,3696.2000,3698.0000,1,1,2,4,1,1,1,1,1,1
SF,IF2012,2020-05-28 09:31:33.600,3693.4000,5165,0,22141500.000,0,-,-,-,-,3692.8000,3692.6000,3689.4000,3687.0000,3686.6000,3694.6000,3694.8000,3695.0000,3696.2000,3698.0000,1,1,2,4,1,1,1,1,1,1
SF,IF2012,2020-05-28 09:31:34.100,3693.4000,5165,0,22141500.000,0,-,-,-,-,3693.0000,3692.8000,3689.4000,3687.0000,3686.6000,3694.6000,3694.8000,3695.0000,3696.2000,3698.0000,1,1,2,4,1,1,1,1,1,1
SF,IF2012,2020-05-28 09:31:34.600,3693.4000,5165,0,22141500.000,0,-,-,-,-,3693.0000,3692.8000,3689.4000,3687.0000,3686.6000,3694.6000,3695.0000,3696.2000,3698.0000,3698.8000,2,1,2,4,1,1,1,1,1,4
SF,IF2012,2020-05-28 09:31:36.100,3693.4000,5165,0,22141500.000,0,-,-,-,-,3693.0000,3692.8000,3689.4000,3687.0000,3686.6000,3694.6000,3695.0000,3696.2000,3698.0000,3698.8000,1,1,2,4,1,1,1,1,1,4
SF,IF2012,2020-05-28 09:31:36.600,3693.4000,5165,0,22141500.000,0,-,-,-,-,3693.0000,3692.8000,3689.4000,3687.0000,3686.6000,3694.6000,3695.0000,3696.2000,3698.0000,3698.8000,1,1,2,4,1,1,1,1,1,4
SF,IF2012,2020-05-28 09:31:37.600,3693.4000,5165,0,22141500.000,0,-,-,-,-,3693.0000,3692.8000,3689.4000,3687.0000,3686.6000,3694.6000,3695.0000,3697.8000,3698.0000,3698.8000,1,1,2,4,1,1,1,1,1,4
SF,IF2012,2020-05-28 09:31:38.600,3693.4000,5165,0,22141500.000,0,-,-,-,-,3693.0000,3692.8000,3689.4000,3687.0000,3686.6000,3694.6000,3697.8000,3698.0000,3698.8000,3700.0000,1,1,2,4,1,1,1,1,4,6
SF,IF2012,2020-05-28 09:31:39.600,3694.6000,5164,-1,23249880.000,1,0,1,双平,S,3693.0000,3692.8000,3689.4000,3687.0000,3686.6000,3696.6000,3697.8000,3698.0000,3698.8000,3700.0000,1,1,2,4,1,1,1,3,4,6
SF,IF2012,2020-05-28 09:31:40.100,3694.6000,5164,0,23249880.000,0,-,-,-,-,3693.2000,3693.0000,3689.4000,3687.0000,3686.6000,3696.4000,3696.6000,3697.8000,3698.0000,3698.8000,1,1,2,4,1,2,1,1,3,4
SF,IF2012,2020-05-28 09:31:40.600,3694.6000,5164,0,23249880.000,0,-,-,-,-,3693.4000,3693.2000,3689.4000,3687.0000,3686.6000,3695.2000,3695.6000,3695.8000,3696.4000,3698.0000,1,1,2,4,1,1,1,1,2,3
SF,IF2012,2020-05-28 09:31:41.100,3694.6000,5164,0,23249880.000,0,-,-,-,-,3693.4000,3693.2000,3689.4000,3687.0000,3686.6000,3695.2000,3695.6000,3695.8000,3696.4000,3698.0000,1,1,2,4,1,1,1,2,2,3
SF,IF2012,2020-05-28 09:31:41.600,3694.6000,5164,0,23249880.000,0,-,-,-,-,3693.4000,3693.2000,3689.4000,3687.0000,3686.6000,3695.0000,3695.2000,3695.8000,3696.4000,3697.0000,1,1,2,4,1,1,1,2,1,1
SF,IF2012,2020-05-28 09:31:42.100,3694.6000,5164,0,23249880.000,0,-,-,-,-,3693.4000,3693.2000,3689.4000,3687.0000,3686.6000,3695.2000,3695.8000,3696.4000,3697.0000,3698.0000,1,1,2,4,1,1,2,1,1,3
SF,IF2012,2020-05-28 09:31:42.600,3694.6000,5164,0,23249880.000,0,-,-,-,-,3693.4000,3693.2000,3689.4000,3687.0000,3686.6000,3695.8000,3696.4000,3697.0000,3698.0000,3698.8000,1,1,2,4,1,2,1,1,3,4
SF,IF2012,2020-05-28 09:31:43.100,3694.6000,5164,0,23249880.000,0,-,-,-,-,3693.6000,3693.4000,3689.4000,3687.0000,3686.6000,3695.6000,3695.8000,3696.4000,3697.0000,3698.0000,1,1,2,4,1,1,2,1,1,3
SF,IF2012,2020-05-28 09:31:43.600,3694.6000,5164,0,23249880.000,0,-,-,-,-,3693.8000,3693.6000,3689.4000,3687.0000,3686.6000,3695.6000,3695.8000,3696.4000,3698.0000,3698.8000,2,1,2,4,1,1,2,1,3,4
SF,IF2012,2020-05-28 09:31:44.100,3694.6000,5164,0,23249880.000,0,-,-,-,-,3693.8000,3693.6000,3689.4000,3687.0000,3686.6000,3695.6000,3695.8000,3696.4000,3698.0000,3698.8000,2,1,2,4,1,1,1,1,4,4
SF,IF2012,2020-05-28 09:31:44.600,3694.6000,5164,0,23249880.000,0,-,-,-,-,3693.8000,3693.6000,3689.4000,3687.0000,3686.6000,3695.4000,3695.6000,3695.8000,3696.4000,3698.0000,1,1,2,4,1,1,1,1,1,4
SF,IF2012,2020-05-28 09:31:45.600,3694.6000,5164,0,23249880.000,0,-,-,-,-,3693.8000,3693.6000,3689.4000,3687.0000,3686.6000,3695.6000,3696.4000,3696.8000,3698.0000,3698.8000,1,1,2,4,1,1,1,1,4,4
SF,IF2012,2020-05-28 09:31:46.100,3694.6000,5164,0,23249880.000,0,-,-,-,-,3693.8000,3693.6000,3689.4000,3687.0000,3686.6000,3696.4000,3696.8000,3698.0000,3698.8000,3699.2000,1,1,2,4,1,1,1,4,4,2
SF,IF2012,2020-05-28 09:31:46.600,3694.6000,5164,0,23249880.000,0,-,-,-,-,3694.0000,3693.8000,3689.4000,3687.0000,3686.6000,3696.2000,3696.4000,3696.8000,3698.0000,3698.8000,1,1,2,4,1,1,1,1,4,4
SF,IF2012,2020-05-28 09:31:47.100,3694.6000,5164,0,23249880.000,0,-,-,-,-,3694.2000,3694.0000,3689.4000,3687.0000,3686.6000,3696.2000,3696.4000,3696.8000,3698.0000,3698.8000,1,1,2,4,1,2,1,1,4,4
SF,IF2012,2020-05-28 09:31:47.600,3694.6000,5164,0,23249880.000,0,-,-,-,-,3694.4000,3694.2000,3689.4000,3687.0000,3686.6000,3696.2000,3696.4000,3696.8000,3698.0000,3698.8000,1,1,2,4,1,2,1,1,4,4
SF,IF2012,2020-05-28 09:31:48.100,3694.6000,5164,0,23249880.000,0,-,-,-,-,3694.6000,3694.4000,3689.4000,3687.0000,3686.6000,3696.2000,3696.4000,3696.8000,3698.0000,3698.8000,1,1,2,4,1,2,1,1,4,4
SF,IF2012,2020-05-28 09:31:48.600,3694.6000,5164,0,23249880.000,0,-,-,-,-,3694.6000,3694.4000,3689.4000,3687.0000,3686.6000,3696.2000,3696.4000,3696.8000,3698.0000,3699.2000,1,1,2,4,1,1,1,1,3,2
SF,IF2012,2020-05-28 09:31:49.100,3694.6000,5164,0,23249880.000,0,-,-,-,-,3694.6000,3694.4000,3689.4000,3687.0000,3686.6000,3696.8000,3698.0000,3699.2000,3699.4000,3699.8000,1,1,2,4,1,1,3,2,1,4
SF,IF2012,2020-05-28 09:31:49.600,3694.6000,5164,0,23249880.000,0,-,-,-,-,3694.8000,3694.6000,3689.4000,3687.0000,3686.6000,3696.8000,3698.0000,3699.2000,3699.4000,3699.8000,1,1,2,4,1,1,3,2,1,4
SF,IF2012,2020-05-28 09:31:50.100,3694.6000,5164,0,23249880.000,0,-,-,-,-,3695.0000,3694.8000,3689.4000,3687.0000,3686.6000,3698.0000,3699.2000,3699.4000,3699.8000,3700.0000,1,1,2,4,1,3,2,1,4,1
SF,IF2012,2020-05-28 09:31:50.600,3694.6000,5164,0,23249880.000,0,-,-,-,-,3695.0000,3689.4000,3687.0000,3686.6000,3685.0000,3697.8000,3698.0000,3699.2000,3699.4000,3699.8000,1,2,4,1,5,3,3,2,1,4
SF,IF2012,2020-05-28 09:31:51.100,3694.6000,5164,0,23249880.000,0,-,-,-,-,3695.0000,3689.4000,3687.0000,3686.6000,3685.0000,3697.6000,3697.8000,3698.0000,3699.2000,3699.4000,1,2,4,1,5,1,3,3,2,1
SF,IF2012,2020-05-28 09:31:51.600,3694.6000,5164,0,23249880.000,0,-,-,-,-,3695.2000,3695.0000,3689.4000,3687.0000,3686.6000,3697.2000,3697.4000,3697.6000,3697.8000,3698.0000,1,1,2,4,1,2,2,1,1,3
SF,IF2012,2020-05-28 09:31:52.100,3694.6000,5164,0,23249880.000,0,-,-,-,-,3695.4000,3695.2000,3689.4000,3687.0000,3686.6000,3697.2000,3697.4000,3697.8000,3698.0000,3699.4000,1,1,2,4,1,2,1,1,3,1
SF,IF2012,2020-05-28 09:31:52.600,3694.6000,5164,0,23249880.000,0,-,-,-,-,3695.4000,3695.2000,3689.4000,3687.0000,3686.6000,3697.0000,3697.2000,3697.4000,3697.8000,3698.0000,1,1,2,4,1,1,2,1,1,3
SF,IF2012,2020-05-28 09:31:54.100,3694.6000,5164,0,23249880.000,0,-,-,-,-,3695.4000,3695.2000,3689.4000,3687.0000,3686.6000,3696.8000,3697.0000,3697.2000,3697.4000,3697.8000,1,1,2,4,1,1,1,1,1,1
SF,IF2012,2020-05-28 09:31:56.100,3694.6000,5164,0,23249880.000,0,-,-,-,-,3695.4000,3695.2000,3689.4000,3687.0000,3686.6000,3696.8000,3697.0000,3697.4000,3697.8000,3698.0000,1,1,2,4,1,1,1,1,1,3
SF,IF2012,2020-05-28 09:31:56.600,3694.6000,5164,0,23249880.000,0,-,-,-,-,3695.4000,3695.2000,3689.4000,3687.0000,3686.6000,3696.8000,3697.0000,3697.4000,3697.8000,3698.0000,1,1,2,4,1,1,1,1,1,2
SF,IF2012,2020-05-28 09:31:57.100,3694.6000,5164,0,23249880.000,0,-,-,-,-,3695.4000,3695.2000,3689.4000,3687.0000,3686.6000,3696.8000,3697.0000,3697.4000,3697.8000,3698.0000,1,1,2,4,1,1,2,1,1,2
SF,IF2012,2020-05-28 09:31:57.600,3694.6000,5164,0,23249880.000,0,-,-,-,-,3695.4000,3695.2000,3689.4000,3687.0000,3686.6000,3696.8000,3697.0000,3697.4000,3697.8000,3698.0000,1,1,2,4,1,1,1,1,1,2
SF,IF2012,2020-05-28 09:32:01.100,3696.8000,5163,-1,24358920.000,1,0,1,双平,S,3695.4000,3695.2000,3689.4000,3687.0000,3686.6000,3697.0000,3697.4000,3697.8000,3698.0000,3699.4000,1,1,2,4,1,1,1,1,2,1
SF,IF2012,2020-05-28 09:32:01.600,3697.0000,5162,-1,25468020.000,1,0,1,双平,S,3695.6000,3695.4000,3695.2000,3689.4000,3687.0000,3697.8000,3698.0000,3699.4000,3699.8000,3700.0000,1,1,1,2,4,1,2,1,4,1
SF,IF2012,2020-05-28 09:32:02.100,3695.8000,5162,0,26576760.000,1,0,1,多换,S,3695.8000,3695.6000,3689.4000,3687.0000,3686.6000,3697.6000,3697.8000,3699.4000,3699.8000,3700.0000,1,2,2,4,1,1,1,1,4,1
SF,IF2012,2020-05-28 09:32:02.600,3695.8000,5162,0,26576760.000,0,-,-,-,-,3696.0000,3695.8000,3695.6000,3689.4000,3687.0000,3699.4000,3699.8000,3700.0000,3705.0000,3707.0000,1,1,2,2,4,1,4,1,5,1
SF,IF2012,2020-05-28 09:32:03.100,3695.8000,5162,0,26576760.000,0,-,-,-,-,3696.2000,3696.0000,3695.6000,3689.4000,3687.0000,3699.2000,3699.8000,3700.0000,3705.0000,3707.0000,1,2,1,2,4,4,4,1,5,1
SF,IF2012,2020-05-28 09:32:03.600,3695.8000,5162,0,26576760.000,0,-,-,-,-,3696.4000,3696.2000,3696.0000,3695.6000,3689.4000,3699.2000,3700.0000,3702.8000,3705.0000,3707.0000,1,1,1,1,2,4,1,1,5,1
SF,IF2012,2020-05-28 09:32:04.100,3695.8000,5162,0,26576760.000,0,-,-,-,-,3696.6000,3696.4000,3696.0000,3695.6000,3689.4000,3699.2000,3700.0000,3702.8000,3705.0000,3707.0000,1,1,1,1,2,4,1,1,5,1
SF,IF2012,2020-05-28 09:32:04.600,3695.8000,5162,0,26576760.000,0,-,-,-,-,3696.8000,3696.6000,3696.0000,3695.6000,3689.4000,3699.0000,3699.2000,3700.0000,3702.8000,3705.0000,1,1,1,1,2,1,4,1,1,5
SF,IF2012,2020-05-28 09:32:05.100,3695.8000,5162,0,26576760.000,0,-,-,-,-,3697.0000,3696.8000,3696.0000,3689.4000,3687.0000,3698.8000,3699.0000,3699.2000,3700.0000,3702.8000,1,1,1,2,4,2,1,1,1,1
SF,IF2012,2020-05-28 09:32:05.600,3695.8000,5162,0,26576760.000,0,-,-,-,-,3696.8000,3689.4000,3687.0000,3686.6000,3685.0000,3698.8000,3699.0000,3699.2000,3700.0000,3702.8000,1,2,4,1,5,1,2,1,1,1
SF,IF2012,2020-05-28 09:32:06.100,3695.8000,5162,0,26576760.000,0,-,-,-,-,3689.4000,3687.0000,3686.6000,3685.0000,3680.8000,3698.6000,3698.8000,3699.0000,3699.2000,3700.0000,2,4,1,5,1,1,1,1,1,1
SF,IF2012,2020-05-28 09:32:06.600,3695.8000,5162,0,26576760.000,0,-,-,-,-,3689.8000,3689.6000,3689.4000,3686.6000,3685.0000,3698.4000,3698.6000,3699.2000,3700.0000,3702.8000,5,2,2,1,5,1,2,1,1,1
SF,IF2012,2020-05-28 09:32:07.100,3695.8000,5162,0,26576760.000,0,-,-,-,-,3690.0000,3689.8000,3689.4000,3686.6000,3685.0000,3698.4000,3698.6000,3699.2000,3700.0000,3702.8000,2,5,2,1,5,1,2,1,1,1
SF,IF2012,2020-05-28 09:32:07.600,3695.8000,5162,0,26576760.000,0,-,-,-,-,3693.6000,3691.2000,3690.4000,3690.0000,3689.4000,3698.4000,3698.6000,3699.2000,3700.0000,3702.8000,1,1,5,3,2,1,2,1,1,1
SF,IF2012,2020-05-28 09:32:08.100,3695.8000,5162,0,26576760.000,0,-,-,-,-,3693.8000,3693.6000,3691.2000,3690.0000,3689.4000,3698.4000,3699.2000,3700.0000,3702.8000,3705.0000,6,1,1,2,2,1,1,1,1,5
SF,IF2012,2020-05-28 09:32:08.600,3695.8000,5162,0,26576760.000,0,-,-,-,-,3694.8000,3694.0000,3693.8000,3693.6000,3691.2000,3698.4000,3699.2000,3700.0000,3702.8000,3705.0000,1,1,7,1,1,1,1,1,1,5
SF,IF2012,2020-05-28 09:32:09.100,3695.8000,5162,0,26576760.000,0,-,-,-,-,3695.0000,3694.8000,3694.4000,3693.8000,3691.2000,3698.4000,3699.2000,3700.0000,3702.8000,3705.0000,1,2,1,6,1,1,1,1,1,5
SF,IF2012,2020-05-28 09:32:09.600,3695.8000,5162,0,26576760.000,0,-,-,-,-,3695.0000,3694.8000,3691.2000,3689.4000,3686.6000,3698.4000,3699.2000,3700.0000,3702.8000,3705.0000,1,2,1,2,1,1,1,1,1,5
SF,IF2012,2020-05-28 09:32:11.100,3695.8000,5162,0,26576760.000,0,-,-,-,-,3695.0000,3694.8000,3691.2000,3689.4000,3685.0000,3698.0000,3698.2000,3698.4000,3699.2000,3700.0000,1,2,1,2,5,1,2,1,1,1
SF,IF2012,2020-05-28 09:32:11.600,3695.8000,5162,0,26576760.000,0,-,-,-,-,3694.8000,3693.6000,3691.2000,3689.4000,3685.0000,3697.8000,3698.0000,3698.2000,3699.2000,3700.0000,1,1,1,2,5,1,3,2,1,1
SF,IF2012,2020-05-28 09:32:12.100,3695.8000,5162,0,26576760.000,0,-,-,-,-,3693.6000,3691.2000,3689.4000,3685.0000,3680.8000,3697.6000,3697.8000,3698.0000,3698.2000,3699.2000,1,1,2,5,1,2,1,1,1,1
SF,IF2012,2020-05-28 09:32:12.600,3695.8000,5162,0,26576760.000,0,-,-,-,-,3693.8000,3693.6000,3691.2000,3689.4000,3685.0000,3697.4000,3697.6000,3699.2000,3700.0000,3702.8000,1,1,1,2,5,2,2,1,1,1
SF,IF2012,2020-05-28 09:32:13.100,3695.8000,5162,0,26576760.000,0,-,-,-,-,3693.8000,3693.6000,3691.2000,3689.4000,3685.0000,3697.0000,3697.4000,3697.6000,3699.2000,3700.0000,1,1,1,2,5,1,3,1,1,1
SF,IF2012,2020-05-28 09:32:13.600,3695.8000,5162,0,26576760.000,0,-,-,-,-,3694.2000,3694.0000,3693.8000,3693.6000,3691.2000,3696.8000,3697.0000,3697.4000,3697.6000,3699.2000,2,1,1,1,1,1,1,1,1,1
SF,IF2012,2020-05-28 09:32:14.100,3695.8000,5162,0,26576760.000,0,-,-,-,-,3694.4000,3694.2000,3693.6000,3691.2000,3689.4000,3697.0000,3697.4000,3697.6000,3699.2000,3700.0000,3,2,1,1,2,1,1,1,1,1
SF,IF2012,2020-05-28 09:32:14.600,3695.8000,5162,0,26576760.000,0,-,-,-,-,3694.4000,3694.2000,3693.6000,3691.2000,3689.4000,3697.4000,3699.2000,3700.0000,3702.8000,3705.0000,3,1,1,1,2,1,1,1,1,5
SF,IF2012,2020-05-28 09:32:15.100,3695.8000,5162,0,26576760.000,0,-,-,-,-,3694.4000,3694.2000,3693.6000,3689.4000,3685.0000,3697.2000,3697.4000,3699.2000,3700.0000,3702.8000,2,1,1,2,5,1,1,1,1,1
SF,IF2012,2020-05-28 09:32:15.600,3695.8000,5162,0,26576760.000,0,-,-,-,-,3694.4000,3694.2000,3693.6000,3689.4000,3685.0000,3697.0000,3697.2000,3697.4000,3699.2000,3700.0000,1,1,1,2,5,1,1,1,1,1
SF,IF2012,2020-05-28 09:32:16.100,3695.8000,5162,0,26576760.000,0,-,-,-,-,3694.4000,3694.2000,3693.6000,3689.4000,3685.0000,3696.8000,3697.0000,3697.4000,3699.2000,3700.0000,1,1,1,2,5,2,1,1,1,1
SF,IF2012,2020-05-28 09:32:16.600,3695.8000,5162,0,26576760.000,0,-,-,-,-,3694.2000,3693.6000,3689.4000,3685.0000,3680.8000,3696.6000,3696.8000,3697.4000,3699.2000,3700.0000,1,1,2,5,1,1,2,1,1,1
SF,IF2012,2020-05-28 09:32:17.100,3695.8000,5162,0,26576760.000,0,-,-,-,-,3693.6000,3689.4000,3685.0000,3680.8000,3680.6000,3696.4000,3696.8000,3697.4000,3699.2000,3700.0000,1,2,5,1,1,2,1,1,1,1
SF,IF2012,2020-05-28 09:32:17.600,3695.8000,5162,0,26576760.000,0,-,-,-,-,3693.8000,3693.6000,3689.4000,3685.0000,3680.8000,3696.2000,3696.4000,3696.8000,3697.4000,3699.2000,1,1,2,5,1,1,1,1,1,1
SF,IF2012,2020-05-28 09:32:18.100,3695.8000,5162,0,26576760.000,0,-,-,-,-,3693.8000,3693.6000,3689.4000,3685.0000,3680.8000,3696.0000,3696.2000,3699.2000,3700.0000,3702.8000,1,1,2,5,1,1,2,1,1,1
SF,IF2012,2020-05-28 09:32:18.600,3695.8000,5162,0,26576760.000,0,-,-,-,-,3694.0000,3693.8000,3693.6000,3689.4000,3685.0000,3696.0000,3696.2000,3699.2000,3700.0000,3702.8000,1,1,1,2,5,1,1,1,1,1
SF,IF2012,2020-05-28 09:32:19.100,3695.8000,5162,0,26576760.000,0,-,-,-,-,3694.2000,3694.0000,3693.6000,3689.4000,3685.0000,3696.0000,3699.2000,3700.0000,3702.8000,3705.0000,1,1,1,2,5,1,1,1,1,5
SF,IF2012,2020-05-28 09:32:19.600,3695.8000,5162,0,26576760.000,0,-,-,-,-,3694.2000,3694.0000,3693.6000,3689.4000,3685.0000,3695.8000,3696.0000,3699.2000,3700.0000,3702.8000,1,1,1,2,5,1,1,1,1,1
SF,IF2012,2020-05-28 09:32:20.100,3695.8000,5162,0,26576760.000,0,-,-,-,-,3694.2000,3694.0000,3693.6000,3689.4000,3685.0000,3695.6000,3695.8000,3696.0000,3699.2000,3700.0000,1,1,1,2,5,1,1,1,1,1
SF,IF2012,2020-05-28 09:32:21.100,3694.2000,5161,-1,27685020.000,1,0,1,双平,S,3694.0000,3693.6000,3689.4000,3685.0000,3680.8000,3695.6000,3695.8000,3696.0000,3699.2000,3700.0000,1,1,2,5,1,1,1,1,1,1
SF,IF2012,2020-05-28 09:32:21.600,3694.0000,5160,-1,28793220.000,1,0,1,双平,S,3693.6000,3689.4000,3685.0000,3680.8000,3680.6000,3695.4000,3695.8000,3699.2000,3700.0000,3702.8000,1,2,5,1,1,2,1,1,1,1
SF,IF2012,2020-05-28 09:32:22.600,3694.0000,5160,0,28793220.000,0,-,-,-,-,3693.6000,3689.4000,3685.0000,3680.8000,3680.6000,3695.2000,3695.4000,3695.8000,3699.2000,3700.0000,1,2,5,1,1,1,2,1,1,1
SF,IF2012,2020-05-28 09:32:23.100,3694.0000,5160,0,28793220.000,0,-,-,-,-,3693.6000,3689.4000,3685.0000,3680.8000,3680.6000,3695.0000,3695.2000,3695.4000,3699.2000,3700.0000,1,2,5,1,1,1,1,1,1,1
SF,IF2012,2020-05-28 09:32:23.600,3694.0000,5160,0,28793220.000,0,-,-,-,-,3693.8000,3693.6000,3689.4000,3685.0000,3680.8000,3695.0000,3699.2000,3700.0000,3702.8000,3705.0000,1,1,2,5,1,1,1,1,1,5
SF,IF2012,2020-05-28 09:32:24.100,3694.0000,5160,0,28793220.000,0,-,-,-,-,3693.8000,3693.6000,3689.4000,3685.0000,3680.8000,3694.8000,3695.0000,3699.2000,3700.0000,3702.8000,1,1,2,5,1,1,1,1,1,1
SF,IF2012,2020-05-28 09:32:24.600,3694.8000,5160,0,29901660.000,1,0,1,多换,S,3694.0000,3693.6000,3689.4000,3685.0000,3680.8000,3699.2000,3700.0000,3702.8000,3705.0000,3707.0000,1,1,2,5,1,1,1,1,5,1
SF,IF2012,2020-05-28 09:32:25.100,3694.8000,5160,0,29901660.000,0,-,-,-,-,3694.2000,3694.0000,3693.6000,3689.4000,3685.0000,3699.0000,3699.2000,3700.0000,3702.8000,3705.0000,1,1,1,2,5,2,1,1,1,5
SF,IF2012,2020-05-28 09:32:25.600,3694.8000,5160,0,29901660.000,0,-,-,-,-,3694.2000,3693.6000,3689.4000,3685.0000,3680.8000,3696.4000,3696.8000,3698.8000,3699.0000,3700.0000,1,1,2,5,1,1,1,1,2,1
SF,IF2012,2020-05-28 09:32:26.100,3694.8000,5160,0,29901660.000,0,-,-,-,-,3694.2000,3693.6000,3689.4000,3685.0000,3680.8000,3696.2000,3696.4000,3696.8000,3697.2000,3697.8000,1,1,2,5,1,1,2,1,1,1
SF,IF2012,2020-05-28 09:32:26.600,3694.8000,5160,0,29901660.000,0,-,-,-,-,3694.4000,3694.2000,3693.6000,3689.4000,3685.0000,3696.2000,3696.4000,3696.8000,3697.2000,3697.8000,1,1,1,2,5,2,2,1,1,1
SF,IF2012,2020-05-28 09:32:27.100,3694.8000,5160,0,29901660.000,0,-,-,-,-,3694.4000,3694.2000,3693.6000,3689.4000,3685.0000,3696.2000,3696.4000,3696.8000,3697.2000,3697.8000,2,1,1,2,5,2,1,1,1,1
SF,IF2012,2020-05-28 09:32:27.600,3694.8000,5160,0,29901660.000,0,-,-,-,-,3694.4000,3694.2000,3693.6000,3689.4000,3685.0000,3696.2000,3696.4000,3696.8000,3697.2000,3697.8000,2,1,1,2,5,1,1,1,1,1
SF,IF2012,2020-05-28 09:32:28.100,3694.8000,5160,0,29901660.000,0,-,-,-,-,3694.4000,3694.2000,3693.6000,3689.4000,3685.0000,3696.0000,3696.2000,3696.4000,3696.8000,3697.2000,2,1,1,2,5,1,1,1,1,1
SF,IF2012,2020-05-28 09:32:28.600,3694.8000,5160,0,29901660.000,0,-,-,-,-,3694.6000,3694.4000,3694.2000,3693.6000,3689.4000,3695.8000,3696.0000,3696.4000,3696.8000,3697.2000,1,1,1,1,2,1,1,1,1,1
SF,IF2012,2020-05-28 09:32:29.100,3694.8000,5160,0,29901660.000,0,-,-,-,-,3694.6000,3694.2000,3693.6000,3689.4000,3685.0000,3695.8000,3696.0000,3696.4000,3696.8000,3697.2000,1,1,1,2,5,1,1,1,1,1
SF,IF2012,2020-05-28 09:32:29.600,3694.8000,5160,0,29901660.000,0,-,-,-,-,3694.2000,3693.6000,3689.4000,3685.0000,3680.8000,3695.4000,3695.8000,3696.4000,3696.8000,3697.2000,1,1,2,5,1,1,1,1,1,1
SF,IF2012,2020-05-28 09:32:30.100,3694.8000,5160,0,29901660.000,0,-,-,-,-,3694.4000,3694.2000,3693.6000,3689.4000,3685.0000,3695.4000,3695.8000,3696.4000,3696.8000,3697.2000,1,1,1,2,5,1,1,1,1,1
SF,IF2012,2020-05-28 09:32:32.100,3694.8000,5160,0,29901660.000,0,-,-,-,-,3694.4000,3694.2000,3693.6000,3689.4000,3685.0000,3695.4000,3695.8000,3696.4000,3696.8000,3697.2000,1,1,1,2,5,1,1,1,1,1
SF,IF2012,2020-05-28 09:32:32.600,3694.8000,5160,0,29901660.000,0,-,-,-,-,3694.4000,3694.2000,3693.6000,3689.4000,3685.0000,3695.2000,3695.4000,3695.8000,3696.4000,3696.8000,1,1,1,2,5,1,1,1,1,1
SF,IF2012,2020-05-28 09:32:33.100,3695.2000,5160,0,31010220.000,1,0,1,多换,S,3694.4000,3694.2000,3693.6000,3689.4000,3685.0000,3695.4000,3695.8000,3696.4000,3696.8000,3697.2000,1,1,1,2,5,1,1,1,1,1
SF,IF2012,2020-05-28 09:32:34.100,3695.2000,5160,0,31010220.000,0,-,-,-,-,3694.4000,3694.2000,3693.6000,3689.4000,3685.0000,3695.4000,3695.8000,3696.4000,3697.2000,3697.8000,1,1,1,2,5,1,1,1,1,1
SF,IF2012,2020-05-28 09:32:35.100,3695.2000,5160,0,31010220.000,0,-,-,-,-,3694.2000,3693.6000,3689.4000,3685.0000,3680.8000,3695.4000,3695.8000,3697.0000,3697.2000,3697.8000,1,1,2,5,1,1,1,1,1,1
SF,IF2012,2020-05-28 09:32:39.100,3695.2000,5160,0,31010220.000,0,-,-,-,-,3694.2000,3693.6000,3692.8000,3689.4000,3685.0000,3695.4000,3695.8000,3697.0000,3697.2000,3697.8000,1,1,1,2,5,1,1,1,1,1
SF,IF2012,2020-05-28 09:32:39.600,3695.2000,5160,0,31010220.000,0,-,-,-,-,3693.6000,3692.8000,3689.4000,3685.0000,3680.8000,3695.2000,3695.4000,3697.0000,3697.2000,3697.8000,1,1,2,5,1,1,1,1,1,1
SF,IF2012,2020-05-28 09:32:40.100,3695.2000,5160,0,31010220.000,0,-,-,-,-,3693.8000,3693.6000,3692.8000,3689.4000,3685.0000,3694.2000,3695.2000,3695.4000,3697.0000,3697.2000,1,1,1,2,5,1,1,1,1,1
SF,IF2012,2020-05-28 09:32:40.600,3694.2000,5159,-1,32118480.000,1,0,1,双平,S,3694.0000,3693.8000,3693.6000,3692.8000,3689.4000,3695.2000,3695.4000,3697.0000,3697.2000,3697.8000,1,1,1,1,2,1,1,1,1,1
SF,IF2012,2020-05-28 09:32:41.100,3694.2000,5159,0,32118480.000,0,-,-,-,-,3694.0000,3693.6000,3692.8000,3689.4000,3685.0000,3695.2000,3695.4000,3697.0000,3697.2000,3697.8000,1,1,1,2,5,1,1,1,1,1
SF,IF2012,2020-05-28 09:32:41.600,3694.2000,5159,0,32118480.000,0,-,-,-,-,3693.6000,3692.8000,3689.4000,3685.0000,3680.8000,3695.2000,3695.4000,3696.6000,3697.0000,3697.2000,1,1,2,5,1,1,1,1,1,1
SF,IF2012,2020-05-28 09:32:42.100,3694.2000,5159,0,32118480.000,0,-,-,-,-,3693.8000,3693.6000,3692.8000,3689.4000,3685.0000,3695.2000,3695.4000,3696.6000,3697.0000,3697.8000,1,1,1,2,5,1,1,1,1,1
SF,IF2012,2020-05-28 09:32:42.600,3694.2000,5159,0,32118480.000,0,-,-,-,-,3693.6000,3692.8000,3689.4000,3685.0000,3680.8000,3695.0000,3695.2000,3695.4000,3696.6000,3697.0000,1,1,2,5,1,1,1,1,1,1
SF,IF2012,2020-05-28 09:32:43.100,3694.2000,5159,0,32118480.000,0,-,-,-,-,3693.6000,3692.8000,3689.4000,3685.0000,3680.8000,3695.0000,3695.2000,3695.4000,3696.6000,3697.0000,1,1,2,5,1,1,1,1,1,1
SF,IF2012,2020-05-28 09:32:43.600,3694.2000,5159,0,32118480.000,0,-,-,-,-,3693.6000,3692.8000,3689.4000,3685.0000,3680.8000,3694.8000,3695.4000,3696.6000,3697.0000,3697.8000,1,1,2,5,1,1,1,1,1,1
SF,IF2012,2020-05-28 09:32:44.100,3694.2000,5159,0,32118480.000,0,-,-,-,-,3693.6000,3692.8000,3689.4000,3685.0000,3680.8000,3694.8000,3695.4000,3696.6000,3697.0000,3697.8000,1,1,2,5,1,2,1,1,1,1
SF,IF2012,2020-05-28 09:32:45.100,3694.2000,5159,0,32118480.000,0,-,-,-,-,3693.6000,3692.8000,3689.4000,3685.0000,3680.8000,3694.8000,3695.4000,3696.6000,3697.0000,3697.8000,1,1,2,5,1,1,1,1,1,1
SF,IF2012,2020-05-28 09:32:46.600,3694.2000,5159,0,32118480.000,0,-,-,-,-,3693.8000,3693.6000,3692.8000,3689.4000,3685.0000,3694.6000,3694.8000,3695.4000,3696.6000,3697.0000,1,1,1,2,5,1,1,1,1,1
SF,IF2012,2020-05-28 09:32:47.600,3694.2000,5159,0,32118480.000,0,-,-,-,-,3693.6000,3692.8000,3689.4000,3685.0000,3680.8000,3694.8000,3695.4000,3696.6000,3697.0000,3697.8000,1,1,2,5,1,1,1,1,1,1
SF,IF2012,2020-05-28 09:32:48.600,3694.2000,5159,0,32118480.000,0,-,-,-,-,3693.6000,3692.8000,3689.4000,3685.0000,3680.8000,3694.6000,3694.8000,3695.4000,3696.6000,3697.0000,1,1,2,5,1,1,1,1,1,1
SF,IF2012,2020-05-28 09:32:50.100,3694.2000,5159,0,32118480.000,0,-,-,-,-,3693.8000,3693.6000,3689.4000,3685.0000,3680.8000,3694.6000,3694.8000,3695.4000,3696.6000,3697.0000,1,1,2,5,1,1,1,1,1,1
SF,IF2012,2020-05-28 09:32:50.600,3693.8000,5158,-1,33226620.000,1,0,1,双平,S,3693.6000,3689.4000,3685.0000,3680.8000,3680.6000,3694.8000,3695.4000,3696.6000,3697.0000,3697.8000,1,2,5,1,1,1,1,1,1,1
SF,IF2012,2020-05-28 09:32:56.100,3694.8000,5158,0,34335060.000,1,0,1,多换,S,3693.6000,3689.4000,3685.0000,3680.8000,3680.6000,3695.4000,3696.6000,3697.0000,3697.8000,3698.8000,1,2,5,1,1,1,1,1,1,1
SF,IF2012,2020-05-28 09:32:56.600,3694.8000,5158,0,34335060.000,0,-,-,-,-,3693.8000,3693.6000,3689.4000,3685.0000,3680.8000,3695.2000,3695.4000,3696.6000,3697.0000,3697.8000,1,1,2,5,1,1,1,1,1,1
SF,IF2012,2020-05-28 09:32:58.600,3694.8000,5158,0,34335060.000,0,-,-,-,-,3693.8000,3693.6000,3689.4000,3685.0000,3680.8000,3695.0000,3695.2000,3695.4000,3696.6000,3697.0000,1,1,2,5,1,1,1,1,1,1
SF,IF2012,2020-05-28 09:32:59.100,3694.8000,5158,0,34335060.000,0,-,-,-,-,3693.8000,3693.6000,3689.4000,3685.0000,3680.8000,3694.8000,3695.0000,3695.2000,3695.4000,3696.6000,1,1,2,5,1,1,1,1,1,1
SF,IF2012,2020-05-28 09:32:59.600,3694.8000,5158,0,34335060.000,0,-,-,-,-,3693.6000,3689.4000,3685.0000,3680.8000,3680.6000,3694.2000,3694.8000,3695.0000,3695.2000,3695.4000,1,2,5,1,1,1,1,1,1,1
SF,IF2012,2020-05-28 09:33:00.100,3694.8000,5158,0,34335060.000,0,-,-,-,-,3693.6000,3689.4000,3685.0000,3680.8000,3680.6000,3694.2000,3694.8000,3695.2000,3695.4000,3696.6000,1,2,5,1,1,1,1,1,1,1
SF,IF2012,2020-05-28 09:33:02.600,3694.8000,5158,0,34335060.000,0,-,-,-,-,3693.6000,3689.4000,3685.0000,3680.8000,3680.6000,3694.2000,3695.2000,3695.4000,3696.6000,3697.0000,1,2,5,1,1,1,1,1,1,1
SF,IF2012,2020-05-28 09:33:04.100,3693.6000,5158,0,36551400.000,2,1,1,多换,S,3689.4000,3685.0000,3680.8000,3680.6000,3678.8000,3695.2000,3695.4000,3696.6000,3697.0000,3697.8000,2,5,1,1,1,1,1,1,1,1
SF,IF2012,2020-05-28 09:33:04.600,3693.6000,5158,0,36551400.000,0,-,-,-,-,3689.8000,3689.6000,3689.4000,3685.0000,3680.8000,3695.2000,3695.4000,3696.6000,3697.0000,3697.8000,6,3,2,5,1,1,1,1,1,1
SF,IF2012,2020-05-28 09:33:05.100,3693.6000,5158,0,36551400.000,0,-,-,-,-,3690.0000,3689.8000,3689.4000,3685.0000,3680.8000,3695.2000,3695.4000,3696.6000,3697.0000,3697.8000,3,6,2,5,1,1,1,1,1,1
SF,IF2012,2020-05-28 09:33:05.600,3693.6000,5158,0,36551400.000,0,-,-,-,-,3690.4000,3690.0000,3689.4000,3685.0000,3680.8000,3695.2000,3695.4000,3696.6000,3697.0000,3697.8000,6,3,2,5,1,1,1,1,1,1
SF,IF2012,2020-05-28 09:33:06.100,3693.6000,5158,0,36551400.000,0,-,-,-,-,3691.6000,3690.6000,3690.4000,3689.4000,3685.0000,3695.2000,3695.4000,3696.6000,3697.0000,3697.8000,1,3,7,2,5,1,1,1,1,1
SF,IF2012,2020-05-28 09:33:06.600,3693.6000,5158,0,36551400.000,0,-,-,-,-,3691.8000,3691.6000,3691.0000,3690.4000,3689.4000,3695.2000,3695.4000,3696.6000,3697.0000,3697.8000,3,1,1,6,2,1,1,1,1,1
SF,IF2012,2020-05-28 09:33:07.100,3693.6000,5158,0,36551400.000,0,-,-,-,-,3691.8000,3691.6000,3691.0000,3690.4000,3689.4000,3694.4000,3695.2000,3695.4000,3696.6000,3697.0000,3,1,1,6,2,1,1,1,1,1
SF,IF2012,2020-05-28 09:33:07.600,3693.6000,5158,0,36551400.000,0,-,-,-,-,3691.8000,3691.6000,3690.4000,3689.4000,3685.0000,3694.2000,3694.4000,3694.8000,3695.4000,3696.6000,3,1,6,2,5,1,1,1,1,1
SF,IF2012,2020-05-28 09:33:08.100,3693.6000,5158,0,36551400.000,0,-,-,-,-,3692.0000,3691.8000,3691.6000,3690.4000,3689.4000,3694.2000,3694.4000,3694.8000,3695.4000,3696.6000,1,3,1,6,2,1,1,1,1,1
SF,IF2012,2020-05-28 09:33:08.600,3693.6000,5158,0,36551400.000,0,-,-,-,-,3692.2000,3692.0000,3691.6000,3690.4000,3689.4000,3694.2000,3694.4000,3695.4000,3696.6000,3697.0000,3,1,1,6,2,1,1,1,1,1
SF,IF2012,2020-05-28 09:33:09.100,3693.6000,5158,0,36551400.000,0,-,-,-,-,3692.4000,3692.2000,3691.6000,3690.4000,3689.4000,3694.2000,3694.4000,3695.4000,3696.6000,3697.0000,1,3,1,6,2,1,1,1,1,1
SF,IF2012,2020-05-28 09:33:09.600,3693.6000,5158,0,36551400.000,0,-,-,-,-,3692.6000,3692.4000,3692.2000,3691.6000,3690.4000,3694.2000,3694.4000,3695.4000,3696.6000,3697.0000,1,1,2,1,6,1,1,1,1,1
SF,IF2012,2020-05-28 09:33:10.100,3693.6000,5158,0,36551400.000,0,-,-,-,-,3692.6000,3692.2000,3691.6000,3690.4000,3689.4000,3694.0000,3694.2000,3694.4000,3695.4000,3696.6000,1,2,1,7,2,1,1,1,1,1
SF,IF2012,2020-05-28 09:33:11.600,3692.6000,5158,0,37659180.000,1,0,1,多换,S,3692.2000,3691.6000,3690.4000,3689.4000,3685.0000,3694.0000,3694.2000,3694.4000,3695.4000,3696.6000,2,1,7,2,5,1,1,1,1,1
SF,IF2012,2020-05-28 09:33:12.100,3692.6000,5158,0,37659180.000,0,-,-,-,-,3692.2000,3691.6000,3690.4000,3689.4000,3685.0000,3693.8000,3694.4000,3695.4000,3696.6000,3697.0000,2,1,7,2,5,1,1,1,1,1
SF,IF2012,2020-05-28 09:33:12.600,3693.8000,5157,-1,38767320.000,1,0,1,双平,S,3692.4000,3692.2000,3691.6000,3690.4000,3689.4000,3694.4000,3695.4000,3696.6000,3697.0000,3697.8000,1,2,1,7,2,1,1,1,1,1
SF,IF2012,2020-05-28 09:33:13.100,3693.8000,5157,0,38767320.000,0,-,-,-,-,3692.6000,3692.2000,3691.6000,3690.4000,3689.4000,3693.6000,3694.2000,3694.4000,3695.4000,3696.6000,1,1,1,7,2,1,1,1,1,1
SF,IF2012,2020-05-28 09:33:13.600,3693.8000,5157,0,38767320.000,0,-,-,-,-,3692.2000,3691.6000,3690.4000,3689.4000,3685.0000,3693.6000,3694.2000,3694.4000,3695.4000,3696.6000,1,1,7,2,5,1,1,1,1,1
SF,IF2012,2020-05-28 09:33:14.600,3693.8000,5157,0,38767320.000,0,-,-,-,-,3692.2000,3691.6000,3690.4000,3689.4000,3685.0000,3693.6000,3694.2000,3694.4000,3695.4000,3696.6000,1,1,7,2,5,1,1,1,1,1
SF,IF2012,2020-05-28 09:33:15.100,3693.8000,5157,0,38767320.000,0,-,-,-,-,3692.2000,3691.6000,3690.4000,3689.4000,3685.0000,3694.2000,3694.4000,3695.4000,3696.6000,3697.0000,1,1,7,2,5,1,1,1,1,1
SF,IF2012,2020-05-28 09:33:15.600,3693.8000,5157,0,38767320.000,0,-,-,-,-,3692.4000,3692.2000,3691.6000,3690.4000,3689.4000,3694.2000,3694.4000,3695.4000,3696.6000,3697.0000,1,1,1,7,2,1,1,1,1,1
SF,IF2012,2020-05-28 09:33:16.100,3693.8000,5157,0,38767320.000,0,-,-,-,-,3692.4000,3692.2000,3691.6000,3690.4000,3689.4000,3694.0000,3694.2000,3694.4000,3695.4000,3696.6000,1,1,1,7,2,1,1,1,1,1
SF,IF2012,2020-05-28 09:33:16.600,3693.8000,5157,0,38767320.000,0,-,-,-,-,3692.4000,3692.2000,3691.6000,3689.4000,3685.0000,3693.8000,3694.4000,3695.4000,3696.6000,3697.0000,1,1,1,2,5,2,1,1,1,1
SF,IF2012,2020-05-28 09:33:17.100,3693.8000,5157,0,38767320.000,0,-,-,-,-,3692.4000,3689.4000,3685.0000,3680.8000,3680.6000,3693.8000,3694.4000,3695.4000,3696.6000,3697.0000,1,2,5,1,1,2,1,1,1,1
SF,IF2012,2020-05-28 09:33:18.600,3693.8000,5157,0,38767320.000,0,-,-,-,-,3692.4000,3689.4000,3685.0000,3680.8000,3680.6000,3693.8000,3694.4000,3695.4000,3696.6000,3697.0000,1,2,5,1,1,2,1,1,1,1
SF,IF2012,2020-05-28 09:33:22.100,3693.8000,5157,0,38767320.000,0,-,-,-,-,3692.4000,3689.4000,3685.0000,3680.8000,3680.6000,3693.8000,3694.4000,3695.4000,3696.6000,3697.0000,1,2,5,1,1,1,1,1,1,1
SF,IF2012,2020-05-28 09:33:22.600,3693.8000,5157,0,38767320.000,0,-,-,-,-,3692.4000,3689.4000,3685.0000,3680.8000,3680.6000,3694.4000,3695.4000,3696.6000,3697.0000,3697.8000,1,2,5,1,1,1,1,1,1,1
SF,IF2012,2020-05-28 09:33:23.100,3693.8000,5157,0,38767320.000,0,-,-,-,-,3692.6000,3692.4000,3689.4000,3685.0000,3680.8000,3694.2000,3694.4000,3695.4000,3696.6000,3697.0000,2,1,2,5,1,1,1,1,1,1
SF,IF2012,2020-05-28 09:33:24.100,3693.8000,5157,0,38767320.000,0,-,-,-,-,3692.6000,3692.4000,3689.4000,3685.0000,3680.8000,3694.2000,3695.4000,3696.6000,3697.0000,3697.8000,2,1,2,5,1,1,1,1,1,1
SF,IF2012,2020-05-28 09:33:24.600,3693.8000,5157,0,38767320.000,0,-,-,-,-,3692.8000,3692.6000,3689.4000,3685.0000,3680.8000,3694.0000,3695.4000,3696.6000,3697.0000,3697.8000,1,1,2,5,1,1,1,1,1,1
SF,IF2012,2020-05-28 09:33:25.100,3693.8000,5157,0,38767320.000,0,-,-,-,-,3692.8000,3689.4000,3685.0000,3680.8000,3680.6000,3695.4000,3696.6000,3697.0000,3697.8000,3698.8000,2,2,5,1,1,1,1,1,1,1
SF,IF2012,2020-05-28 09:33:25.600,3693.8000,5157,0,38767320.000,0,-,-,-,-,3693.0000,3692.8000,3689.4000,3685.0000,3680.8000,3695.2000,3695.4000,3696.6000,3697.0000,3697.8000,1,1,2,5,1,1,1,1,1,1
SF,IF2012,2020-05-28 09:33:26.100,3693.8000,5157,0,38767320.000,0,-,-,-,-,3693.2000,3693.0000,3689.4000,3685.0000,3680.8000,3695.2000,3695.4000,3696.6000,3697.0000,3697.8000,1,1,2,5,1,1,1,1,1,1
SF,IF2012,2020-05-28 09:33:26.600,3693.8000,5157,0,38767320.000,0,-,-,-,-,3693.4000,3693.2000,3689.4000,3685.0000,3680.8000,3695.0000,3695.2000,3695.4000,3696.6000,3697.0000,1,1,2,5,1,1,1,1,1,1
SF,IF2012,2020-05-28 09:33:27.100,3693.8000,5157,0,38767320.000,0,-,-,-,-,3693.4000,3693.2000,3689.4000,3685.0000,3680.8000,3694.8000,3695.4000,3696.6000,3697.0000,3697.8000,1,1,2,5,1,2,1,1,1,1
SF,IF2012,2020-05-28 09:33:27.600,3693.8000,5157,0,38767320.000,0,-,-,-,-,3693.2000,3689.4000,3685.0000,3680.8000,3680.6000,3694.8000,3695.4000,3696.6000,3697.0000,3697.8000,1,2,5,1,1,2,1,1,1,1
SF,IF2012,2020-05-28 09:33:28.100,3693.8000,5157,0,38767320.000,0,-,-,-,-,3693.2000,3689.4000,3685.0000,3680.8000,3680.6000,3694.8000,3695.4000,3696.6000,3697.0000,3697.8000,1,2,5,1,1,1,1,1,1,1
SF,IF2012,2020-05-28 09:33:28.600,3693.8000,5157,0,38767320.000,0,-,-,-,-,3693.4000,3693.2000,3689.4000,3685.0000,3680.8000,3695.4000,3696.6000,3697.0000,3697.8000,3698.8000,1,1,2,5,1,1,1,1,1,1
SF,IF2012,2020-05-28 09:33:29.100,3693.8000,5157,0,38767320.000,0,-,-,-,-,3693.6000,3689.4000,3685.0000,3680.8000,3680.6000,3695.4000,3696.6000,3697.0000,3697.8000,3698.8000,3,2,5,1,1,1,1,1,1,1
SF,IF2012,2020-05-28 09:33:30.600,3693.8000,5157,0,38767320.000,0,-,-,-,-,3693.6000,3689.4000,3685.0000,3680.8000,3680.6000,3695.4000,3696.6000,3697.0000,3697.8000,3698.8000,3,2,5,1,1,1,1,1,1,1
SF,IF2012,2020-05-28 09:33:32.100,3695.4000,5156,-1,39875940.000,1,0,1,双平,S,3693.6000,3689.4000,3685.0000,3680.8000,3680.6000,3696.6000,3697.0000,3697.8000,3698.8000,3699.0000,3,2,5,1,1,1,1,1,1,1
SF,IF2012,2020-05-28 09:33:32.600,3695.4000,5156,0,39875940.000,0,-,-,-,-,3693.6000,3689.4000,3685.0000,3680.8000,3680.6000,3696.4000,3697.0000,3697.8000,3698.8000,3699.0000,2,2,5,1,1,1,1,1,1,1
SF,IF2012,2020-05-28 09:33:33.100,3695.4000,5156,0,39875940.000,0,-,-,-,-,3693.6000,3689.4000,3685.0000,3680.8000,3680.6000,3696.2000,3696.4000,3697.0000,3697.8000,3698.8000,1,2,5,1,1,1,1,1,1,1
SF,IF2012,2020-05-28 09:33:33.600,3695.4000,5156,0,39875940.000,0,-,-,-,-,3693.6000,3689.4000,3685.0000,3680.8000,3680.6000,3696.0000,3696.2000,3697.0000,3697.8000,3698.8000,1,2,5,1,1,1,1,1,1,1
SF,IF2012,2020-05-28 09:33:34.100,3695.4000,5156,0,39875940.000,0,-,-,-,-,3693.8000,3693.6000,3691.8000,3689.4000,3685.0000,3696.0000,3696.2000,3697.0000,3697.8000,3698.8000,1,1,1,2,5,1,1,1,1,1
SF,IF2012,2020-05-28 09:33:34.600,3695.4000,5156,0,39875940.000,0,-,-,-,-,3694.0000,3693.8000,3691.8000,3689.4000,3685.0000,3697.0000,3697.8000,3698.8000,3699.0000,3700.0000,1,2,1,2,5,1,1,1,2,1
SF,IF2012,2020-05-28 09:33:35.100,3695.4000,5156,0,39875940.000,0,-,-,-,-,3694.2000,3694.0000,3693.8000,3691.8000,3689.4000,3696.8000,3697.0000,3697.8000,3698.8000,3699.0000,1,1,1,1,2,1,1,1,1,2
SF,IF2012,2020-05-28 09:33:35.600,3695.4000,5156,0,39875940.000,0,-,-,-,-,3694.4000,3694.2000,3691.8000,3689.4000,3685.0000,3696.8000,3697.0000,3697.8000,3698.8000,3699.0000,1,1,1,2,5,1,1,1,1,2
SF,IF2012,2020-05-28 09:33:36.100,3695.4000,5156,0,39875940.000,0,-,-,-,-,3694.6000,3694.4000,3691.8000,3689.4000,3685.0000,3696.6000,3696.8000,3697.0000,3697.8000,3698.8000,1,1,1,2,5,1,1,1,1,1
SF,IF2012,2020-05-28 09:33:36.600,3695.4000,5156,0,39875940.000,0,-,-,-,-,3694.6000,3691.8000,3689.4000,3685.0000,3680.8000,3696.4000,3697.0000,3697.8000,3698.8000,3699.0000,1,1,2,5,1,2,1,1,1,2
SF,IF2012,2020-05-28 09:33:37.100,3695.4000,5156,0,39875940.000,0,-,-,-,-,3694.6000,3691.8000,3689.4000,3685.0000,3680.8000,3696.4000,3697.0000,3697.8000,3698.8000,3699.0000,1,1,2,5,1,3,1,1,1,2
SF,IF2012,2020-05-28 09:33:37.600,3695.4000,5156,0,39875940.000,0,-,-,-,-,3694.6000,3691.8000,3689.4000,3685.0000,3680.8000,3696.2000,3696.4000,3697.0000,3697.8000,3698.8000,1,1,2,5,1,1,2,1,1,1
SF,IF2012,2020-05-28 09:33:38.100,3695.4000,5156,0,39875940.000,0,-,-,-,-,3694.6000,3691.8000,3689.4000,3685.0000,3680.8000,3696.0000,3696.4000,3697.0000,3697.8000,3698.8000,1,1,2,5,1,2,1,1,1,1
SF,IF2012,2020-05-28 09:33:38.600,3695.4000,5156,0,39875940.000,0,-,-,-,-,3691.8000,3689.4000,3685.0000,3680.8000,3680.6000,3696.0000,3697.0000,3697.8000,3698.8000,3699.0000,1,2,5,1,1,2,1,1,1,2
SF,IF2012,2020-05-28 09:33:39.100,3695.4000,5156,0,39875940.000,0,-,-,-,-,3692.0000,3691.8000,3689.4000,3685.0000,3680.8000,3696.0000,3697.0000,3697.8000,3698.8000,3699.0000,2,1,2,5,1,1,1,1,1,2
SF,IF2012,2020-05-28 09:33:39.600,3695.4000,5156,0,39875940.000,0,-,-,-,-,3692.2000,3692.0000,3691.8000,3689.4000,3685.0000,3696.0000,3697.0000,3697.8000,3698.8000,3699.0000,1,2,1,2,5,1,1,1,1,2
SF,IF2012,2020-05-28 09:33:40.100,3695.4000,5156,0,39875940.000,0,-,-,-,-,3692.4000,3692.2000,3691.8000,3689.4000,3685.0000,3696.0000,3697.0000,3697.8000,3698.8000,3699.0000,2,1,1,2,5,1,1,1,1,2
SF,IF2012,2020-05-28 09:33:40.600,3695.4000,5156,0,39875940.000,0,-,-,-,-,3692.4000,3692.2000,3691.8000,3689.4000,3685.0000,3695.8000,3696.0000,3697.0000,3697.8000,3698.8000,2,1,1,2,5,1,1,1,1,1
SF,IF2012,2020-05-28 09:33:41.100,3695.4000,5156,0,39875940.000,0,-,-,-,-,3692.8000,3692.4000,3692.2000,3691.8000,3689.4000,3695.6000,3695.8000,3697.0000,3697.8000,3698.8000,1,2,1,1,2,1,1,1,1,1
SF,IF2012,2020-05-28 09:33:41.600,3695.4000,5156,0,39875940.000,0,-,-,-,-,3693.0000,3692.8000,3692.2000,3691.8000,3689.4000,3695.8000,3697.0000,3697.8000,3698.8000,3699.0000,3,1,1,1,2,1,1,1,1,2
SF,IF2012,2020-05-28 09:33:42.100,3695.4000,5156,0,39875940.000,0,-,-,-,-,3693.2000,3693.0000,3692.8000,3692.2000,3691.8000,3695.6000,3697.0000,3697.8000,3698.8000,3699.0000,1,2,1,1,1,1,1,1,1,2
SF,IF2012,2020-05-28 09:33:42.600,3695.4000,5156,0,39875940.000,0,-,-,-,-,3693.4000,3692.8000,3692.2000,3691.8000,3689.4000,3695.6000,3697.0000,3697.8000,3698.8000,3699.0000,3,1,1,1,2,1,1,1,1,2
SF,IF2012,2020-05-28 09:33:43.100,3695.4000,5156,0,39875940.000,0,-,-,-,-,3693.4000,3692.2000,3691.8000,3689.4000,3685.0000,3695.6000,3697.0000,3697.8000,3698.2000,3698.8000,3,1,1,2,5,1,1,1,1,1
SF,IF2012,2020-05-28 09:33:43.600,3695.4000,5156,0,39875940.000,0,-,-,-,-,3693.4000,3692.2000,3691.8000,3689.4000,3685.0000,3697.0000,3697.8000,3698.2000,3698.8000,3699.0000,3,1,1,2,5,1,1,1,1,2
SF,IF2012,2020-05-28 09:33:44.100,3695.4000,5156,0,39875940.000,0,-,-,-,-,3693.8000,3693.4000,3692.2000,3691.8000,3689.4000,3696.8000,3697.0000,3697.8000,3698.2000,3698.8000,1,2,1,1,2,1,1,1,1,1
SF,IF2012,2020-05-28 09:33:44.600,3695.4000,5156,0,39875940.000,0,-,-,-,-,3694.0000,3693.8000,3692.2000,3691.8000,3689.4000,3696.8000,3697.0000,3697.8000,3698.2000,3698.8000,2,1,1,1,2,1,1,1,1,1
SF,IF2012,2020-05-28 09:33:45.100,3695.4000,5156,0,39875940.000,0,-,-,-,-,3694.0000,3693.8000,3692.2000,3691.8000,3689.4000,3696.6000,3696.8000,3697.0000,3697.8000,3698.2000,2,1,1,1,2,1,1,1,1,1
SF,IF2012,2020-05-28 09:33:45.600,3695.4000,5156,0,39875940.000,0,-,-,-,-,3694.4000,3694.0000,3692.2000,3691.8000,3689.4000,3696.4000,3696.6000,3697.0000,3697.8000,3698.2000,1,2,1,1,2,1,1,1,1,1
SF,IF2012,2020-05-28 09:33:46.100,3695.4000,5156,0,39875940.000,0,-,-,-,-,3694.6000,3694.4000,3694.0000,3692.2000,3691.8000,3696.2000,3696.4000,3697.0000,3697.8000,3698.2000,1,1,1,1,1,1,2,1,1,1
SF,IF2012,2020-05-28 09:33:46.600,3695.4000,5156,0,39875940.000,0,-,-,-,-,3694.6000,3694.4000,3694.0000,3692.2000,3691.8000,3696.0000,3697.0000,3697.8000,3698.2000,3698.8000,1,1,1,1,1,2,1,1,1,1
SF,IF2012,2020-05-28 09:33:47.100,3695.4000,5156,0,39875940.000,0,-,-,-,-,3694.0000,3692.2000,3691.8000,3689.4000,3685.0000,3696.0000,3697.0000,3697.8000,3698.2000,3698.8000,1,1,1,2,5,2,1,1,1,1
SF,IF2012,2020-05-28 09:33:47.600,3695.4000,5156,0,39875940.000,0,-,-,-,-,3694.2000,3694.0000,3692.2000,3691.8000,3689.4000,3695.8000,3696.0000,3697.0000,3697.8000,3698.2000,1,1,1,1,2,1,1,1,1,1
SF,IF2012,2020-05-28 09:33:48.100,3695.4000,5156,0,39875940.000,0,-,-,-,-,3694.2000,3694.0000,3692.2000,3691.8000,3689.4000,3695.6000,3695.8000,3697.0000,3697.8000,3698.2000,1,1,1,1,2,1,1,1,1,1
SF,IF2012,2020-05-28 09:33:48.600,3695.4000,5156,0,39875940.000,0,-,-,-,-,3694.0000,3692.2000,3691.8000,3689.4000,3685.0000,3695.6000,3697.0000,3697.8000,3698.2000,3698.8000,1,1,1,2,5,1,1,1,1,1
SF,IF2012,2020-05-28 09:33:49.100,3695.4000,5156,0,39875940.000,0,-,-,-,-,3694.2000,3694.0000,3692.2000,3691.8000,3689.4000,3695.6000,3697.0000,3697.8000,3698.2000,3698.8000,1,1,1,1,2,1,1,1,1,1
SF,IF2012,2020-05-28 09:33:49.600,3695.4000,5156,0,39875940.000,0,-,-,-,-,3694.0000,3692.2000,3691.8000,3689.4000,3685.0000,3695.6000,3697.0000,3697.8000,3698.2000,3698.8000,1,1,1,2,5,1,1,1,1,1
SF,IF2012,2020-05-28 09:33:50.600,3695.4000,5156,0,39875940.000,0,-,-,-,-,3694.2000,3694.0000,3692.2000,3691.8000,3689.4000,3695.6000,3697.0000,3697.8000,3698.2000,3698.8000,1,1,1,1,2,1,1,1,1,1
SF,IF2012,2020-05-28 09:33:51.100,3695.4000,5156,0,39875940.000,0,-,-,-,-,3694.4000,3694.2000,3692.2000,3691.8000,3689.4000,3697.0000,3697.8000,3698.2000,3698.8000,3699.0000,1,1,1,1,2,1,1,1,1,2
SF,IF2012,2020-05-28 09:33:51.600,3695.4000,5156,0,39875940.000,0,-,-,-,-,3694.6000,3694.4000,3692.2000,3691.8000,3689.4000,3696.8000,3697.0000,3697.8000,3698.2000,3698.8000,1,1,1,1,2,1,1,1,1,1
SF,IF2012,2020-05-28 09:33:52.100,3695.4000,5156,0,39875940.000,0,-,-,-,-,3694.8000,3694.6000,3692.2000,3691.8000,3689.4000,3696.8000,3697.0000,3697.8000,3698.2000,3698.8000,1,1,1,1,2,1,1,1,1,1
SF,IF2012,2020-05-28 09:33:52.600,3695.4000,5156,0,39875940.000,0,-,-,-,-,3695.0000,3694.8000,3692.2000,3691.8000,3689.4000,3696.6000,3696.8000,3697.0000,3697.8000,3698.2000,1,1,1,1,2,1,1,1,1,1
SF,IF2012,2020-05-28 09:33:53.100,3695.4000,5156,0,39875940.000,0,-,-,-,-,3695.0000,3692.2000,3691.8000,3689.4000,3685.0000,3696.4000,3697.0000,3697.8000,3698.2000,3698.8000,1,1,1,2,5,2,1,1,1,1
SF,IF2012,2020-05-28 09:33:53.600,3695.4000,5156,0,39875940.000,0,-,-,-,-,3692.2000,3691.8000,3689.4000,3685.0000,3680.8000,3696.4000,3697.0000,3697.8000,3698.2000,3698.8000,1,1,2,5,1,2,1,1,1,1
SF,IF2012,2020-05-28 09:33:54.100,3695.4000,5156,0,39875940.000,0,-,-,-,-,3692.4000,3692.2000,3691.8000,3689.4000,3685.0000,3696.4000,3697.0000,3697.8000,3698.2000,3698.8000,2,1,1,2,5,1,1,1,1,1
SF,IF2012,2020-05-28 09:33:54.600,3695.4000,5156,0,39875940.000,0,-,-,-,-,3692.6000,3692.4000,3692.2000,3691.8000,3689.4000,3696.4000,3697.0000,3697.8000,3698.2000,3698.8000,8,2,1,1,2,1,1,1,1,1
SF,IF2012,2020-05-28 09:33:55.100,3695.4000,5156,0,39875940.000,0,-,-,-,-,3692.8000,3691.8000,3689.4000,3685.0000,3680.8000,3696.4000,3697.0000,3697.8000,3698.2000,3698.8000,3,1,2,5,1,1,1,1,1,1
SF,IF2012,2020-05-28 09:33:57.600,3696.4000,5156,0,40984860.000,1,0,1,多换,S,3693.0000,3692.8000,3691.8000,3689.4000,3685.0000,3697.0000,3697.8000,3698.2000,3698.8000,3699.0000,1,3,1,2,5,1,1,1,1,2
SF,IF2012,2020-05-28 09:33:58.100,3696.4000,5156,0,40984860.000,0,-,-,-,-,3693.2000,3693.0000,3692.8000,3691.8000,3689.4000,3695.0000,3696.8000,3697.0000,3697.8000,3698.2000,2,1,1,1,2,1,1,1,1,1
SF,IF2012,2020-05-28 09:33:58.600,3695.2000,5156,0,42093420.000,1,0,1,多换,S,3693.4000,3693.2000,3693.0000,3692.8000,3691.8000,3696.8000,3697.0000,3697.8000,3698.2000,3698.8000,1,2,1,1,1,1,1,1,1,1
SF,IF2012,2020-05-28 09:33:59.100,3695.2000,5156,0,42093420.000,0,-,-,-,-,3694.0000,3693.6000,3693.4000,3693.0000,3692.8000,3696.8000,3697.0000,3697.8000,3698.2000,3698.8000,1,2,1,1,1,1,1,1,1,1
SF,IF2012,2020-05-28 09:33:59.600,3695.2000,5156,0,42093420.000,0,-,-,-,-,3694.2000,3694.0000,3693.0000,3692.8000,3691.8000,3696.8000,3697.0000,3697.8000,3698.2000,3698.8000,2,1,1,1,1,1,1,1,1,1
SF,IF2012,2020-05-28 09:34:00.100,3695.2000,5156,0,42093420.000,0,-,-,-,-,3694.2000,3694.0000,3693.0000,3692.8000,3691.8000,3696.6000,3696.8000,3697.0000,3698.2000,3698.8000,2,1,1,1,1,2,1,1,1,1
SF,IF2012,2020-05-28 09:34:00.600,3695.2000,5156,0,42093420.000,0,-,-,-,-,3694.2000,3694.0000,3693.0000,3692.8000,3691.8000,3696.4000,3696.6000,3697.0000,3698.2000,3698.8000,2,1,1,1,1,1,2,1,1,1
SF,IF2012,2020-05-28 09:34:01.100,3695.2000,5156,0,42093420.000,0,-,-,-,-,3694.4000,3694.2000,3694.0000,3693.0000,3692.8000,3696.6000,3697.0000,3698.2000,3698.8000,3699.0000,1,2,1,1,1,1,1,1,1,2
SF,IF2012,2020-05-28 09:34:01.600,3695.2000,5156,0,42093420.000,0,-,-,-,-,3694.6000,3694.4000,3694.0000,3693.0000,3692.8000,3697.0000,3698.2000,3698.8000,3699.0000,3700.0000,2,1,1,1,1,1,1,1,2,1
SF,IF2012,2020-05-28 09:34:02.100,3695.2000,5156,0,42093420.000,0,-,-,-,-,3694.8000,3694.6000,3694.0000,3693.0000,3692.8000,3698.2000,3698.8000,3699.0000,3699.8000,3700.0000,1,2,1,1,1,1,1,2,1,1
SF,IF2012,2020-05-28 09:34:02.600,3695.2000,5156,0,42093420.000,0,-,-,-,-,3695.0000,3694.0000,3692.8000,3691.8000,3689.4000,3698.0000,3698.2000,3698.8000,3699.0000,3699.8000,2,1,1,1,2,1,1,1,4,1
SF,IF2012,2020-05-28 09:34:03.100,3695.2000,5156,0,42093420.000,0,-,-,-,-,3695.0000,3694.0000,3693.2000,3692.8000,3691.8000,3698.0000,3698.2000,3698.8000,3699.0000,3699.8000,2,1,1,1,1,1,1,1,4,1
SF,IF2012,2020-05-28 09:34:03.600,3695.2000,5156,0,42093420.000,0,-,-,-,-,3695.4000,3695.0000,3694.0000,3693.2000,3692.8000,3698.0000,3698.2000,3698.8000,3699.0000,3699.8000,1,2,1,1,1,1,1,1,4,1
SF,IF2012,2020-05-28 09:34:04.100,3695.2000,5156,0,42093420.000,0,-,-,-,-,3695.6000,3695.4000,3694.0000,3693.2000,3692.8000,3698.0000,3698.2000,3698.8000,3699.0000,3699.8000,2,1,1,1,1,1,1,1,4,1
SF,IF2012,2020-05-28 09:34:04.600,3695.2000,5156,0,42093420.000,0,-,-,-,-,3695.6000,3694.0000,3693.2000,3692.8000,3691.8000,3697.8000,3698.0000,3698.2000,3698.8000,3699.0000,2,1,1,1,1,1,1,1,1,4
SF,IF2012,2020-05-28 09:34:05.100,3695.2000,5156,0,42093420.000,0,-,-,-,-,3696.2000,3695.6000,3694.0000,3693.2000,3692.8000,3697.8000,3698.0000,3698.2000,3698.8000,3699.0000,1,2,1,1,1,1,1,1,1,4
SF,IF2012,2020-05-28 09:34:05.600,3695.2000,5156,0,42093420.000,0,-,-,-,-,3696.4000,3696.2000,3695.6000,3693.2000,3692.8000,3697.6000,3698.0000,3698.2000,3698.8000,3699.0000,1,1,1,1,1,1,1,1,1,4
SF,IF2012,2020-05-28 09:34:06.100,3695.2000,5156,0,42093420.000,0,-,-,-,-,3696.4000,3696.2000,3695.6000,3693.2000,3692.8000,3698.0000,3698.2000,3698.8000,3699.0000,3699.8000,1,2,1,1,1,1,1,1,4,1
SF,IF2012,2020-05-28 09:34:06.600,3695.2000,5156,0,42093420.000,0,-,-,-,-,3696.4000,3696.2000,3695.6000,3693.2000,3692.8000,3697.8000,3698.0000,3698.2000,3698.8000,3699.0000,1,1,1,1,1,1,1,1,1,4
SF,IF2012,2020-05-28 09:34:07.100,3695.2000,5156,0,42093420.000,0,-,-,-,-,3696.4000,3695.6000,3693.2000,3692.8000,3691.8000,3697.8000,3698.2000,3698.8000,3699.0000,3699.8000,1,1,1,1,1,1,1,1,4,1
SF,IF2012,2020-05-28 09:34:07.600,3695.2000,5156,0,42093420.000,0,-,-,-,-,3696.4000,3695.6000,3693.2000,3692.8000,3691.8000,3698.2000,3698.8000,3699.0000,3699.8000,3700.0000,1,1,1,1,1,1,1,4,1,1
SF,IF2012,2020-05-28 09:34:08.100,3695.2000,5156,0,42093420.000,0,-,-,-,-,3696.4000,3695.6000,3693.2000,3692.8000,3691.8000,3698.0000,3698.2000,3698.8000,3699.0000,3699.8000,1,1,1,1,1,1,1,1,4,1
SF,IF2012,2020-05-28 09:34:08.600,3695.2000,5156,0,42093420.000,0,-,-,-,-,3696.4000,3695.6000,3693.2000,3692.8000,3691.8000,3698.0000,3698.2000,3698.8000,3699.0000,3699.8000,1,1,1,1,1,1,1,1,3,1
SF,IF2012,2020-05-28 09:34:09.600,3695.2000,5156,0,42093420.000,0,-,-,-,-,3696.4000,3695.6000,3693.2000,3692.8000,3691.8000,3698.0000,3698.2000,3698.8000,3699.0000,3699.8000,1,1,1,1,1,1,1,1,3,1
SF,IF2012,2020-05-28 09:34:10.100,3695.2000,5156,0,42093420.000,0,-,-,-,-,3696.4000,3695.6000,3693.2000,3692.8000,3691.8000,3697.8000,3698.0000,3698.2000,3698.8000,3699.0000,1,1,1,1,1,1,1,1,1,3
SF,IF2012,2020-05-28 09:34:11.600,3695.2000,5156,0,42093420.000,0,-,-,-,-,3696.4000,3695.6000,3693.2000,3692.8000,3691.8000,3698.0000,3698.2000,3698.8000,3699.0000,3699.8000,1,1,1,1,1,1,1,1,3,1
SF,IF2012,2020-05-28 09:34:12.100,3695.2000,5156,0,42093420.000,0,-,-,-,-,3696.6000,3696.4000,3695.6000,3693.2000,3692.8000,3698.2000,3698.8000,3699.0000,3699.8000,3700.0000,1,1,1,1,1,1,1,1,1,1
SF,IF2012,2020-05-28 09:34:12.600,3695.2000,5156,0,42093420.000,0,-,-,-,-,3696.8000,3695.6000,3693.2000,3692.8000,3691.8000,3698.2000,3698.8000,3699.0000,3699.8000,3700.0000,3,1,1,1,1,1,1,1,1,1
SF,IF2012,2020-05-28 09:34:13.600,3695.2000,5156,0,42093420.000,0,-,-,-,-,3696.8000,3695.6000,3693.2000,3692.8000,3691.8000,3698.2000,3698.8000,3699.0000,3699.8000,3700.0000,2,1,1,1,1,1,1,1,1,1
SF,IF2012,2020-05-28 09:34:15.100,3695.2000,5156,0,42093420.000,0,-,-,-,-,3696.8000,3695.6000,3693.2000,3692.8000,3691.8000,3698.2000,3698.8000,3699.0000,3699.8000,3700.0000,1,1,1,1,1,1,1,1,1,1
SF,IF2012,2020-05-28 09:34:15.600,3695.2000,5156,0,42093420.000,0,-,-,-,-,3696.8000,3693.2000,3692.8000,3691.8000,3689.4000,3698.2000,3698.8000,3699.0000,3699.8000,3700.0000,1,1,1,1,2,1,1,1,1,1
SF,IF2012,2020-05-28 09:34:16.100,3696.8000,5155,-1,43202460.000,1,0,1,双平,S,3693.2000,3692.8000,3691.8000,3689.4000,3685.0000,3698.0000,3698.2000,3698.8000,3699.0000,3699.8000,1,1,1,2,5,1,1,1,1,1
SF,IF2012,2020-05-28 09:34:16.600,3696.8000,5155,0,43202460.000,0,-,-,-,-,3693.6000,3693.4000,3693.2000,3692.8000,3691.8000,3698.0000,3698.2000,3698.8000,3699.0000,3699.8000,8,1,1,1,1,1,1,1,1,1
SF,IF2012,2020-05-28 09:34:17.100,3696.8000,5155,0,43202460.000,0,-,-,-,-,3693.8000,3693.6000,3693.2000,3691.8000,3689.4000,3698.0000,3698.2000,3698.8000,3699.0000,3699.8000,2,8,1,1,2,1,1,1,1,1
SF,IF2012,2020-05-28 09:34:19.100,3696.8000,5155,0,43202460.000,0,-,-,-,-,3694.2000,3693.8000,3693.6000,3693.2000,3691.8000,3697.6000,3698.0000,3698.2000,3698.8000,3699.0000,1,2,8,1,1,1,1,1,1,1
SF,IF2012,2020-05-28 09:34:19.600,3696.8000,5155,0,43202460.000,0,-,-,-,-,3694.4000,3694.2000,3693.6000,3693.2000,3691.8000,3697.4000,3697.6000,3697.8000,3698.2000,3698.8000,2,1,8,1,1,1,1,1,1,1
SF,IF2012,2020-05-28 09:34:20.600,3696.8000,5155,0,43202460.000,0,-,-,-,-,3694.8000,3694.4000,3694.2000,3693.2000,3691.8000,3697.4000,3697.6000,3698.2000,3698.8000,3699.0000,1,2,1,1,1,1,1,1,1,1
SF,IF2012,2020-05-28 09:34:21.100,3696.8000,5155,0,43202460.000,0,-,-,-,-,3695.0000,3694.4000,3694.2000,3693.2000,3691.8000,3697.4000,3697.6000,3698.2000,3698.8000,3699.0000,1,1,1,1,1,1,1,1,1,1
SF,IF2012,2020-05-28 09:34:23.100,3696.8000,5155,0,43202460.000,0,-,-,-,-,3695.2000,3695.0000,3694.4000,3694.2000,3693.2000,3697.4000,3697.6000,3698.2000,3698.8000,3699.0000,1,1,1,1,1,1,1,1,1,1
SF,IF2012,2020-05-28 09:34:23.600,3696.8000,5155,0,43202460.000,0,-,-,-,-,3695.4000,3694.4000,3694.2000,3693.2000,3691.8000,3697.4000,3697.6000,3698.2000,3698.8000,3699.0000,1,1,1,1,1,1,1,1,1,1
SF,IF2012,2020-05-28 09:34:24.600,3696.8000,5155,0,43202460.000,0,-,-,-,-,3695.6000,3695.4000,3694.4000,3694.2000,3693.2000,3697.4000,3698.2000,3698.8000,3699.0000,3699.8000,1,1,1,1,1,1,1,1,1,1
SF,IF2012,2020-05-28 09:34:25.100,3696.8000,5155,0,43202460.000,0,-,-,-,-,3695.8000,3695.6000,3694.4000,3694.2000,3693.2000,3697.4000,3698.2000,3698.8000,3699.0000,3699.8000,1,1,1,1,1,1,1,1,1,1
SF,IF2012,2020-05-28 09:34:25.600,3696.8000,5155,0,43202460.000,0,-,-,-,-,3695.8000,3694.4000,3694.2000,3693.2000,3691.8000,3697.4000,3698.2000,3698.8000,3699.0000,3699.8000,1,1,1,1,1,1,1,1,1,1
SF,IF2012,2020-05-28 09:34:26.600,3696.8000,5155,0,43202460.000,0,-,-,-,-,3695.8000,3694.4000,3694.2000,3693.2000,3691.8000,3697.2000,3697.4000,3698.2000,3698.8000,3699.0000,1,1,1,1,1,1,1,1,1,1
SF,IF2012,2020-05-28 09:34:27.100,3696.8000,5155,0,43202460.000,0,-,-,-,-,3695.8000,3694.4000,3694.2000,3693.2000,3691.8000,3697.2000,3697.4000,3698.2000,3698.8000,3699.0000,1,1,1,1,1,1,1,1,1,1
SF,IF2012,2020-05-28 09:34:27.600,3696.8000,5155,0,43202460.000,0,-,-,-,-,3695.8000,3694.4000,3694.2000,3693.2000,3691.8000,3698.2000,3698.8000,3699.0000,3699.8000,3700.0000,1,1,1,1,1,1,1,1,1,1
SF,IF2012,2020-05-28 09:34:28.100,3696.8000,5155,0,43202460.000,0,-,-,-,-,3695.8000,3694.4000,3694.2000,3693.2000,3691.8000,3698.0000,3698.2000,3698.8000,3699.0000,3699.8000,1,1,1,1,1,1,1,1,1,1
SF,IF2012,2020-05-28 09:34:28.600,3696.8000,5155,0,43202460.000,0,-,-,-,-,3695.8000,3694.4000,3694.2000,3693.2000,3691.8000,3698.0000,3698.2000,3698.8000,3699.0000,3699.8000,1,1,1,1,1,2,1,1,1,1
SF,IF2012,2020-05-28 09:34:31.100,3696.8000,5155,0,43202460.000,0,-,-,-,-,3695.8000,3694.4000,3694.2000,3693.2000,3691.8000,3698.0000,3698.2000,3698.8000,3699.0000,3699.8000,1,1,1,1,1,3,1,1,1,1
SF,IF2012,2020-05-28 09:34:35.600,3696.8000,5155,0,43202460.000,0,-,-,-,-,3695.8000,3694.4000,3694.2000,3693.2000,3691.8000,3697.6000,3698.0000,3698.8000,3699.0000,3699.8000,1,1,1,1,1,1,3,1,1,1
SF,IF2012,2020-05-28 09:34:36.100,3696.8000,5155,0,43202460.000,0,-,-,-,-,3695.8000,3694.4000,3694.2000,3693.2000,3691.8000,3697.4000,3697.6000,3698.0000,3698.8000,3699.0000,1,1,1,1,1,1,1,2,1,1
SF,IF2012,2020-05-28 09:34:36.600,3696.8000,5155,0,43202460.000,0,-,-,-,-,3696.0000,3695.8000,3694.4000,3694.2000,3693.2000,3697.4000,3697.6000,3698.0000,3698.8000,3699.0000,1,1,1,1,1,1,1,1,1,1
SF,IF2012,2020-05-28 09:34:37.100,3696.8000,5155,0,43202460.000,0,-,-,-,-,3695.8000,3694.4000,3694.2000,3693.2000,3691.8000,3697.4000,3697.6000,3698.0000,3698.8000,3699.0000,1,1,1,1,1,1,1,1,1,1
SF,IF2012,2020-05-28 09:34:37.600,3696.8000,5155,0,43202460.000,0,-,-,-,-,3694.4000,3694.2000,3693.2000,3691.8000,3689.4000,3697.4000,3697.6000,3698.0000,3698.8000,3699.0000,1,1,1,1,2,1,1,1,1,1
SF,IF2012,2020-05-28 09:34:38.100,3696.8000,5155,0,43202460.000,0,-,-,-,-,3694.6000,3694.2000,3693.2000,3691.8000,3689.4000,3697.4000,3697.6000,3698.0000,3698.8000,3699.0000,2,1,1,1,2,1,1,1,1,1
SF,IF2012,2020-05-28 09:34:38.600,3696.8000,5155,0,43202460.000,0,-,-,-,-,3694.8000,3694.6000,3694.2000,3693.2000,3691.8000,3697.4000,3697.6000,3698.0000,3698.8000,3699.0000,1,2,1,1,1,1,1,1,1,1
SF,IF2012,2020-05-28 09:34:39.100,3696.8000,5155,0,43202460.000,0,-,-,-,-,3695.0000,3694.8000,3694.2000,3693.2000,3691.8000,3697.4000,3697.6000,3698.0000,3698.8000,3699.0000,2,1,1,1,1,1,1,1,1,1
SF,IF2012,2020-05-28 09:34:39.600,3696.8000,5155,0,43202460.000,0,-,-,-,-,3695.2000,3695.0000,3694.2000,3693.2000,3691.8000,3697.6000,3698.0000,3698.8000,3699.0000,3699.8000,1,2,1,1,1,1,1,1,1,1
SF,IF2012,2020-05-28 09:34:40.100,3696.8000,5155,0,43202460.000,0,-,-,-,-,3695.4000,3694.2000,3693.2000,3691.8000,3689.4000,3697.6000,3698.0000,3698.8000,3699.0000,3699.8000,3,1,1,1,2,1,1,1,1,1
SF,IF2012,2020-05-28 09:34:40.600,3696.8000,5155,0,43202460.000,0,-,-,-,-,3695.8000,3695.4000,3694.2000,3693.2000,3691.8000,3697.6000,3698.0000,3698.8000,3699.0000,3699.8000,1,2,1,1,1,1,1,1,1,1
SF,IF2012,2020-05-28 09:34:41.100,3696.8000,5155,0,43202460.000,0,-,-,-,-,3696.0000,3695.8000,3695.4000,3693.2000,3691.8000,3697.0000,3698.0000,3698.8000,3699.0000,3699.8000,1,1,1,1,1,1,1,1,1,1
SF,IF2012,2020-05-28 09:34:41.600,3697.0000,5155,0,44311560.000,1,0,1,多换,S,3696.0000,3695.8000,3693.2000,3691.8000,3689.4000,3698.0000,3698.8000,3699.0000,3699.8000,3700.0000,1,1,1,1,2,1,1,1,1,1
SF,IF2012,2020-05-28 09:34:42.100,3697.0000,5155,0,44311560.000,0,-,-,-,-,3696.0000,3693.2000,3691.8000,3689.4000,3685.0000,3697.8000,3698.0000,3698.8000,3699.0000,3699.8000,1,1,1,2,5,1,1,1,1,1
SF,IF2012,2020-05-28 09:34:42.600,3697.0000,5155,0,44311560.000,0,-,-,-,-,3696.0000,3693.2000,3691.8000,3689.4000,3685.0000,3697.8000,3698.0000,3698.8000,3699.0000,3699.8000,1,1,1,2,5,2,1,1,1,1
SF,IF2012,2020-05-28 09:34:43.100,3697.0000,5155,0,44311560.000,0,-,-,-,-,3693.2000,3691.8000,3689.4000,3685.0000,3680.8000,3697.8000,3698.0000,3698.8000,3699.0000,3699.8000,1,1,2,5,1,2,1,1,1,1
SF,IF2012,2020-05-28 09:34:43.600,3697.0000,5155,0,44311560.000,0,-,-,-,-,3693.6000,3693.4000,3693.2000,3691.8000,3689.4000,3697.8000,3698.0000,3698.8000,3699.0000,3699.8000,8,3,1,1,2,1,1,1,1,1
SF,IF2012,2020-05-28 09:34:44.100,3697.0000,5155,0,44311560.000,0,-,-,-,-,3693.8000,3693.6000,3693.2000,3691.8000,3689.4000,3697.8000,3698.0000,3698.8000,3699.0000,3699.8000,3,8,1,1,2,1,1,1,1,1
SF,IF2012,2020-05-28 09:34:44.600,3697.0000,5155,0,44311560.000,0,-,-,-,-,3694.2000,3693.8000,3693.2000,3691.8000,3689.4000,3697.8000,3698.0000,3698.8000,3699.0000,3699.8000,8,3,1,1,2,1,1,1,1,1
SF,IF2012,2020-05-28 09:34:45.100,3697.0000,5155,0,44311560.000,0,-,-,-,-,3694.4000,3694.2000,3693.2000,3691.8000,3689.4000,3697.8000,3698.0000,3698.8000,3699.0000,3699.8000,3,8,1,1,2,1,1,1,1,1
SF,IF2012,2020-05-28 09:34:46.100,3697.0000,5155,0,44311560.000,0,-,-,-,-,3694.8000,3694.6000,3694.4000,3694.2000,3693.2000,3697.8000,3698.0000,3698.8000,3699.0000,3699.8000,1,1,3,8,1,1,1,1,1,1
SF,IF2012,2020-05-28 09:34:46.600,3697.0000,5155,0,44311560.000,0,-,-,-,-,3695.0000,3694.8000,3694.6000,3694.2000,3693.2000,3697.8000,3698.0000,3698.8000,3699.0000,3699.8000,2,1,1,8,1,1,1,1,1,1
SF,IF2012,2020-05-28 09:34:47.100,3697.0000,5155,0,44311560.000,0,-,-,-,-,3695.2000,3695.0000,3694.8000,3694.6000,3694.2000,3697.8000,3698.0000,3698.8000,3699.0000,3699.8000,1,2,1,1,8,1,1,1,1,1
SF,IF2012,2020-05-28 09:34:47.600,3697.0000,5155,0,44311560.000,0,-,-,-,-,3695.4000,3695.2000,3695.0000,3694.8000,3694.6000,3697.8000,3698.0000,3698.8000,3699.0000,3699.8000,1,1,1,1,1,1,1,1,1,1
SF,IF2012,2020-05-28 09:34:48.100,3697.0000,5155,0,44311560.000,0,-,-,-,-,3695.4000,3695.0000,3694.8000,3694.6000,3694.2000,3697.6000,3697.8000,3698.0000,3698.8000,3699.0000,1,1,1,1,8,1,1,1,1,1
SF,IF2012,2020-05-28 09:34:48.600,3697.0000,5155,0,44311560.000,0,-,-,-,-,3695.4000,3695.0000,3694.8000,3694.2000,3693.2000,3697.4000,3697.6000,3698.0000,3698.8000,3699.0000,1,1,1,8,1,1,1,1,1,1
SF,IF2012,2020-05-28 09:34:49.100,3697.0000,5155,0,44311560.000,0,-,-,-,-,3695.6000,3695.4000,3695.0000,3694.8000,3694.2000,3697.4000,3698.0000,3698.8000,3699.0000,3699.8000,1,1,1,1,8,1,1,1,1,1
SF,IF2012,2020-05-28 09:34:49.600,3697.0000,5155,0,44311560.000,0,-,-,-,-,3695.8000,3695.6000,3695.0000,3694.8000,3694.2000,3697.4000,3698.0000,3698.8000,3699.0000,3699.8000,1,1,1,1,8,1,1,1,1,1
SF,IF2012,2020-05-28 09:34:50.600,3697.0000,5155,0,44311560.000,0,-,-,-,-,3695.8000,3695.0000,3694.8000,3694.2000,3693.2000,3697.4000,3698.0000,3698.8000,3699.0000,3699.8000,1,1,1,8,1,1,1,1,1,1
SF,IF2012,2020-05-28 09:34:51.600,3697.0000,5155,0,44311560.000,0,-,-,-,-,3696.0000,3695.8000,3695.0000,3694.8000,3694.2000,3697.4000,3698.0000,3698.8000,3699.0000,3699.8000,1,1,1,1,8,1,1,1,1,1
SF,IF2012,2020-05-28 09:34:56.100,3697.0000,5155,0,44311560.000,0,-,-,-,-,3696.0000,3695.8000,3695.0000,3694.2000,3693.2000,3697.4000,3698.0000,3698.8000,3699.0000,3699.8000,1,1,1,8,1,1,1,1,1,1
SF,IF2012,2020-05-28 09:34:56.600,3697.0000,5155,0,44311560.000,0,-,-,-,-,3696.2000,3696.0000,3695.0000,3694.2000,3693.2000,3698.0000,3698.8000,3699.0000,3699.8000,3700.0000,1,1,1,8,1,1,1,1,1,1
SF,IF2012,2020-05-28 09:34:57.100,3697.0000,5155,0,44311560.000,0,-,-,-,-,3696.2000,3695.0000,3694.2000,3693.2000,3691.8000,3698.0000,3698.8000,3699.0000,3699.8000,3700.0000,1,1,8,1,1,1,1,1,1,1
SF,IF2012,2020-05-28 09:34:57.600,3697.0000,5155,0,44311560.000,0,-,-,-,-,3696.2000,3695.0000,3694.2000,3693.2000,3691.8000,3698.0000,3698.8000,3699.0000,3699.8000,3700.0000,1,6,8,1,1,1,1,1,1,1
SF,IF2012,2020-05-28 09:34:58.100,3697.0000,5155,0,44311560.000,0,-,-,-,-,3696.4000,3696.2000,3695.0000,3694.2000,3693.2000,3698.0000,3698.8000,3699.0000,3699.8000,3700.0000,1,1,5,8,1,1,1,1,1,1
SF,IF2012,2020-05-28 09:34:58.600,3697.0000,5155,0,44311560.000,0,-,-,-,-,3696.6000,3696.4000,3695.0000,3694.2000,3693.2000,3698.0000,3698.8000,3699.0000,3700.0000,3700.8000,2,2,5,8,1,1,1,1,1,2
SF,IF2012,2020-05-28 09:34:59.100,3697.0000,5155,0,44311560.000,0,-,-,-,-,3696.8000,3696.6000,3696.4000,3695.0000,3694.2000,3698.0000,3698.8000,3699.0000,3700.0000,3700.8000,1,2,1,5,8,1,1,1,1,2
SF,IF2012,2020-05-28 09:34:59.600,3697.0000,5155,0,44311560.000,0,-,-,-,-,3696.8000,3696.6000,3696.4000,3695.0000,3694.2000,3698.0000,3698.8000,3699.0000,3700.0000,3700.8000,1,1,1,5,8,1,1,1,1,2
SF,IF2012,2020-05-28 09:35:00.600,3697.0000,5155,0,44311560.000,0,-,-,-,-,3697.2000,3696.8000,3696.6000,3696.4000,3695.0000,3698.0000,3698.8000,3699.0000,3700.0000,3700.8000,2,1,1,1,5,1,1,1,1,2
SF,IF2012,2020-05-28 09:35:01.100,3698.0000,5154,-1,45420960.000,1,0,1,双平,S,3698.0000,3697.4000,3697.2000,3696.8000,3696.4000,3698.8000,3699.0000,3700.0000,3700.8000,3701.2000,1,1,2,1,1,1,1,1,2,1
SF,IF2012,2020-05-28 09:35:01.600,3698.8000,5153,-1,46530600.000,1,0,1,双平,S,3698.0000,3697.4000,3697.2000,3696.4000,3695.0000,3700.0000,3700.8000,3701.2000,3703.2000,3705.0000,1,1,2,1,5,1,2,1,1,1
SF,IF2012,2020-05-28 09:35:02.100,3698.8000,5153,0,46530600.000,0,-,-,-,-,3698.2000,3697.2000,3695.0000,3694.2000,3693.2000,3699.8000,3700.0000,3701.2000,3701.8000,3703.2000,3,2,5,8,1,2,1,1,2,1
SF,IF2012,2020-05-28 09:35:02.600,3698.8000,5153,0,46530600.000,0,-,-,-,-,3698.4000,3698.2000,3697.2000,3695.0000,3694.2000,3699.6000,3699.8000,3700.0000,3701.8000,3703.2000,1,1,2,5,8,1,1,1,2,1
SF,IF2012,2020-05-28 09:35:03.100,3698.4000,5152,-1,47640120.000,1,0,1,双平,S,3697.2000,3695.0000,3694.2000,3693.2000,3691.8000,3699.4000,3700.0000,3701.8000,3703.2000,3705.0000,2,5,8,1,1,1,1,2,1,1
SF,IF2012,2020-05-28 09:35:03.600,3698.4000,5152,0,47640120.000,0,-,-,-,-,3697.4000,3697.2000,3695.0000,3694.2000,3693.2000,3699.4000,3700.0000,3701.8000,3703.2000,3705.0000,3,2,5,8,1,1,1,2,1,1
SF,IF2012,2020-05-28 09:35:04.100,3698.4000,5152,0,47640120.000,0,-,-,-,-,3697.4000,3697.2000,3695.0000,3694.2000,3693.2000,3699.2000,3699.4000,3700.0000,3701.8000,3703.2000,3,2,5,8,1,2,1,1,2,1
SF,IF2012,2020-05-28 09:35:05.100,3698.4000,5152,0,47640120.000,0,-,-,-,-,3697.4000,3697.2000,3695.0000,3694.2000,3693.2000,3699.2000,3699.4000,3700.0000,3701.8000,3703.2000,3,2,5,8,1,1,1,1,3,1
SF,IF2012,2020-05-28 09:35:05.600,3699.2000,5151,-1,48749880.000,1,0,1,双平,S,3697.6000,3697.4000,3697.2000,3695.0000,3694.2000,3700.0000,3701.8000,3703.2000,3705.0000,3706.0000,1,3,2,5,8,1,3,1,1,1
SF,IF2012,2020-05-28 09:35:06.100,3699.2000,5151,0,48749880.000,0,-,-,-,-,3697.8000,3697.4000,3697.2000,3695.0000,3694.2000,3700.0000,3701.8000,3703.2000,3705.0000,3706.0000,3,1,2,5,8,1,3,1,1,1
SF,IF2012,2020-05-28 09:35:06.600,3699.2000,5151,0,48749880.000,0,-,-,-,-,3697.8000,3697.4000,3697.2000,3695.0000,3694.2000,3700.0000,3701.8000,3703.2000,3705.0000,3706.0000,4,1,2,5,8,1,3,1,1,1
SF,IF2012,2020-05-28 09:35:07.100,3699.2000,5151,0,48749880.000,0,-,-,-,-,3697.8000,3697.4000,3697.2000,3695.0000,3694.2000,3700.0000,3701.8000,3703.0000,3703.2000,3705.0000,4,1,2,5,8,1,3,1,1,1
SF,IF2012,2020-05-28 09:35:07.600,3699.2000,5151,0,48749880.000,0,-,-,-,-,3697.8000,3697.4000,3697.2000,3695.0000,3694.2000,3700.0000,3701.8000,3703.0000,3703.2000,3705.0000,3,1,2,5,8,1,3,1,1,1
SF,IF2012,2020-05-28 09:35:08.100,3699.2000,5151,0,48749880.000,0,-,-,-,-,3698.2000,3698.0000,3697.8000,3697.4000,3697.2000,3700.0000,3701.8000,3703.0000,3703.2000,3705.0000,1,1,3,1,2,1,3,1,1,1
SF,IF2012,2020-05-28 09:35:08.600,3699.2000,5151,0,48749880.000,0,-,-,-,-,3698.4000,3698.0000,3697.8000,3697.4000,3697.2000,3700.0000,3701.8000,3703.0000,3703.2000,3705.0000,1,1,2,1,2,1,3,1,1,1
SF,IF2012,2020-05-28 09:35:09.100,3699.2000,5151,0,48749880.000,0,-,-,-,-,3698.6000,3698.4000,3698.0000,3697.8000,3697.4000,3700.0000,3701.8000,3703.0000,3703.2000,3705.0000,1,2,1,1,1,1,3,1,1,1
SF,IF2012,2020-05-28 09:35:09.600,3699.2000,5151,0,48749880.000,0,-,-,-,-,3698.6000,3698.4000,3698.0000,3697.8000,3697.4000,3699.8000,3700.0000,3701.8000,3703.0000,3703.2000,1,2,1,1,1,1,1,3,1,1
SF,IF2012,2020-05-28 09:35:10.100,3699.2000,5151,0,48749880.000,0,-,-,-,-,3698.8000,3698.4000,3698.0000,3697.8000,3697.4000,3699.8000,3700.0000,3701.8000,3703.0000,3703.2000,1,2,1,1,1,1,1,3,1,1
SF,IF2012,2020-05-28 09:35:10.600,3699.8000,5150,-1,49859820.000,1,0,1,双平,S,3699.0000,3698.8000,3698.4000,3698.0000,3697.8000,3700.0000,3701.8000,3703.0000,3703.2000,3705.0000,1,1,1,1,1,1,3,1,1,1
SF,IF2012,2020-05-28 09:35:11.600,3699.8000,5150,0,49859820.000,0,-,-,-,-,3699.2000,3699.0000,3698.8000,3698.4000,3698.0000,3700.0000,3701.8000,3703.0000,3703.2000,3705.0000,1,1,1,1,1,1,3,1,1,1
SF,IF2012,2020-05-28 09:35:12.100,3699.8000,5150,0,49859820.000,0,-,-,-,-,3699.2000,3699.0000,3698.8000,3698.4000,3697.8000,3700.0000,3701.8000,3703.0000,3703.2000,3705.0000,1,1,1,1,1,1,3,1,1,1
SF,IF2012,2020-05-28 09:35:12.600,3699.2000,5149,-1,50969580.000,1,0,1,双平,S,3699.0000,3698.8000,3698.4000,3697.8000,3697.4000,3700.0000,3701.8000,3703.0000,3703.2000,3705.0000,1,1,1,1,1,1,3,1,1,1
SF,IF2012,2020-05-28 09:35:13.600,3700.0000,5148,-1,52079580.000,1,0,1,双平,S,3699.0000,3698.8000,3698.4000,3697.8000,3697.4000,3701.8000,3703.0000,3703.2000,3705.0000,3706.0000,1,1,1,1,1,3,1,1,1,1
SF,IF2012,2020-05-28 09:35:14.100,3699.0000,5146,-2,54299040.000,2,0,2,双平,S,3698.8000,3698.4000,3697.4000,3697.2000,3695.0000,3701.6000,3701.8000,3703.0000,3703.2000,3705.0000,1,1,1,2,5,3,3,1,1,1
SF,IF2012,2020-05-28 09:35:14.600,3699.0000,5146,0,54299040.000,0,-,-,-,-,3699.0000,3698.8000,3698.4000,3697.4000,3697.2000,3701.4000,3701.6000,3701.8000,3703.0000,3703.2000,1,1,1,1,2,1,2,3,1,1
SF,IF2012,2020-05-28 09:35:15.100,3699.0000,5146,0,54299040.000,0,-,-,-,-,3699.2000,3699.0000,3698.8000,3698.4000,3697.4000,3701.2000,3701.8000,3703.2000,3705.0000,3706.0000,1,1,1,1,1,3,3,1,1,1
SF,IF2012,2020-05-28 09:35:15.600,3699.0000,5146,0,54299040.000,0,-,-,-,-,3699.4000,3699.2000,3698.8000,3698.4000,3697.4000,3701.2000,3701.8000,3703.2000,3705.0000,3706.0000,1,2,1,1,1,3,3,1,1,1
SF,IF2012,2020-05-28 09:35:16.100,3699.0000,5146,0,54299040.000,0,-,-,-,-,3699.4000,3699.2000,3698.8000,3698.4000,3697.4000,3701.2000,3701.8000,3703.2000,3705.0000,3706.0000,2,1,1,1,1,1,2,1,1,1
SF,IF2012,2020-05-28 09:35:16.600,3699.0000,5146,0,54299040.000,0,-,-,-,-,3699.4000,3699.2000,3698.8000,3698.4000,3697.4000,3701.2000,3703.2000,3705.0000,3706.0000,3708.0000,2,1,1,1,1,1,1,1,1,1
SF,IF2012,2020-05-28 09:35:17.100,3699.0000,5146,0,54299040.000,0,-,-,-,-,3699.6000,3699.4000,3699.2000,3698.8000,3698.4000,3701.2000,3703.2000,3703.6000,3704.6000,3705.0000,1,1,1,1,1,1,1,2,1,1
SF,IF2012,2020-05-28 09:35:17.600,3699.0000,5146,0,54299040.000,0,-,-,-,-,3699.8000,3699.4000,3698.8000,3697.4000,3697.2000,3701.2000,3703.2000,3703.6000,3704.6000,3705.0000,1,1,1,1,2,1,1,2,1,1
SF,IF2012,2020-05-28 09:35:18.100,3699.0000,5146,0,54299040.000,0,-,-,-,-,3701.6000,3701.2000,3699.8000,3699.4000,3698.8000,3703.2000,3703.6000,3704.6000,3705.0000,3706.0000,1,3,1,1,1,1,2,1,1,1
SF,IF2012,2020-05-28 09:35:18.600,3701.6000,5145,-1,55409520.000,1,0,1,双平,S,3701.2000,3699.4000,3697.4000,3697.2000,3695.0000,3703.0000,3703.2000,3703.6000,3704.6000,3705.0000,1,1,1,2,5,2,1,2,1,1
SF,IF2012,2020-05-28 09:35:19.600,3701.6000,5145,0,55409520.000,0,-,-,-,-,3699.4000,3697.4000,3697.2000,3695.0000,3694.2000,3703.0000,3703.2000,3703.6000,3704.6000,3705.0000,1,1,2,5,8,2,1,2,1,1
SF,IF2012,2020-05-28 09:35:20.100,3701.6000,5145,0,55409520.000,0,-,-,-,-,3699.4000,3697.4000,3697.2000,3695.0000,3694.2000,3702.8000,3703.0000,3703.2000,3703.6000,3704.6000,1,1,2,5,8,1,1,1,2,1
SF,IF2012,2020-05-28 09:35:20.600,3701.6000,5145,0,55409520.000,0,-,-,-,-,3699.4000,3697.4000,3697.2000,3695.0000,3694.2000,3702.6000,3702.8000,3703.2000,3703.6000,3704.6000,1,1,2,5,8,1,1,1,2,1
SF,IF2012,2020-05-28 09:35:21.100,3701.6000,5145,0,55409520.000,0,-,-,-,-,3699.8000,3699.4000,3697.4000,3697.2000,3695.0000,3702.4000,3702.6000,3703.2000,3703.6000,3704.6000,1,1,1,2,5,1,1,1,2,1
SF,IF2012,2020-05-28 09:35:21.600,3701.6000,5145,0,55409520.000,0,-,-,-,-,3700.0000,3699.8000,3699.6000,3697.4000,3697.2000,3702.4000,3702.6000,3703.2000,3703.6000,3704.6000,2,1,1,1,2,1,1,1,2,1
SF,IF2012,2020-05-28 09:35:22.100,3702.4000,5144,-1,56520240.000,1,0,1,双平,S,3702.4000,3700.2000,3700.0000,3699.6000,3698.8000,3702.6000,3703.2000,3704.6000,3705.0000,3705.2000,1,1,2,1,1,1,1,1,1,2
SF,IF2012,2020-05-28 09:35:22.600,3702.4000,5144,0,57630960.000,1,0,1,多换,S,3700.0000,3699.6000,3698.8000,3697.4000,3697.2000,3702.6000,3703.2000,3704.6000,3705.0000,3705.2000,2,1,1,1,2,1,1,1,1,2
SF,IF2012,2020-05-28 09:35:23.100,3702.4000,5144,0,57630960.000,0,-,-,-,-,3700.0000,3699.6000,3698.8000,3697.4000,3697.2000,3703.2000,3704.6000,3705.0000,3705.2000,3706.0000,2,1,1,1,2,1,1,1,2,1
SF,IF2012,2020-05-28 09:35:23.600,3702.4000,5144,0,57630960.000,0,-,-,-,-,3702.6000,3700.4000,3700.2000,3700.0000,3698.8000,3703.0000,3703.2000,3704.6000,3705.0000,3705.2000,1,1,2,1,1,1,1,1,1,2
SF,IF2012,2020-05-28 09:35:24.100,3702.6000,5143,-1,58741740.000,1,0,1,双平,S,3700.2000,3700.0000,3698.8000,3697.4000,3697.2000,3703.0000,3703.2000,3704.6000,3705.0000,3705.2000,2,1,1,1,2,1,1,1,1,2
SF,IF2012,2020-05-28 09:35:24.600,3702.6000,5143,0,58741740.000,0,-,-,-,-,3700.4000,3700.2000,3698.8000,3697.4000,3697.2000,3703.0000,3703.2000,3704.6000,3705.0000,3705.2000,2,2,1,1,2,1,1,1,1,2
SF,IF2012,2020-05-28 09:35:25.100,3702.6000,5143,0,58741740.000,0,-,-,-,-,3700.6000,3700.4000,3700.2000,3698.8000,3697.4000,3703.0000,3703.2000,3704.6000,3705.0000,3705.2000,1,2,1,1,1,1,1,1,1,2
SF,IF2012,2020-05-28 09:35:25.600,3702.6000,5143,0,58741740.000,0,-,-,-,-,3700.8000,3700.6000,3700.2000,3698.8000,3697.4000,3703.0000,3703.2000,3704.6000,3705.0000,3705.2000,2,1,1,1,1,1,1,1,1,2
SF,IF2012,2020-05-28 09:35:26.100,3702.6000,5143,0,58741740.000,0,-,-,-,-,3701.0000,3700.8000,3700.2000,3698.8000,3697.4000,3703.0000,3703.2000,3704.6000,3705.0000,3705.2000,1,2,1,1,1,1,1,1,1,2
SF,IF2012,2020-05-28 09:35:26.600,3702.6000,5143,0,58741740.000,0,-,-,-,-,3701.2000,3701.0000,3700.8000,3698.8000,3697.4000,3703.0000,3703.2000,3704.6000,3705.0000,3705.2000,1,1,1,1,1,1,1,1,1,2
SF,IF2012,2020-05-28 09:35:27.100,3702.6000,5143,0,58741740.000,0,-,-,-,-,3701.2000,3701.0000,3698.8000,3697.4000,3697.2000,3703.0000,3703.2000,3704.6000,3705.0000,3705.2000,1,1,1,1,2,1,1,1,1,2
SF,IF2012,2020-05-28 09:35:27.600,3701.2000,5141,-2,60963000.000,2,0,2,双平,S,3701.0000,3698.8000,3697.4000,3697.2000,3695.0000,3703.2000,3704.6000,3705.0000,3705.2000,3706.0000,1,1,1,2,5,1,1,1,2,1
SF,IF2012,2020-05-28 09:35:28.100,3701.2000,5141,0,60963000.000,0,-,-,-,-,3701.2000,3701.0000,3698.8000,3697.4000,3697.2000,3703.0000,3703.2000,3704.6000,3705.0000,3705.2000,1,1,1,1,2,1,1,1,1,2
SF,IF2012,2020-05-28 09:35:28.600,3701.2000,5141,0,60963000.000,0,-,-,-,-,3701.2000,3701.0000,3698.8000,3697.4000,3697.2000,3703.2000,3704.6000,3705.0000,3705.2000,3706.0000,1,1,1,1,2,1,1,1,2,1
SF,IF2012,2020-05-28 09:35:29.100,3703.2000,5139,-2,63184860.000,2,0,2,双平,S,3702.2000,3701.6000,3701.4000,3701.2000,3698.8000,3704.6000,3705.0000,3705.2000,3706.0000,3709.0000,1,1,2,1,1,1,1,2,1,1
SF,IF2012,2020-05-28 09:35:29.600,3703.2000,5139,0,63184860.000,0,-,-,-,-,3702.4000,3701.6000,3698.8000,3697.4000,3697.2000,3704.4000,3705.0000,3705.2000,3706.0000,3709.0000,2,1,1,1,2,2,1,2,1,1
SF,IF2012,2020-05-28 09:35:30.100,3703.2000,5139,0,63184860.000,0,-,-,-,-,3702.4000,3701.6000,3698.8000,3697.4000,3697.2000,3704.2000,3704.4000,3705.0000,3705.2000,3706.0000,2,1,1,1,2,1,1,1,2,1
SF,IF2012,2020-05-28 09:35:30.600,3703.2000,5139,0,63184860.000,0,-,-,-,-,3702.4000,3701.6000,3698.8000,3697.4000,3697.2000,3704.0000,3704.2000,3705.0000,3705.2000,3706.0000,2,1,1,1,2,1,1,1,2,1
SF,IF2012,2020-05-28 09:35:31.100,3703.2000,5139,0,63184860.000,0,-,-,-,-,3702.6000,3702.4000,3701.6000,3698.8000,3697.4000,3705.0000,3705.2000,3706.0000,3707.0000,3709.0000,1,2,1,1,1,1,2,1,1,1
SF,IF2012,2020-05-28 09:35:31.600,3703.2000,5139,0,63184860.000,0,-,-,-,-,3702.8000,3701.6000,3698.8000,3697.4000,3697.2000,3704.8000,3705.0000,3705.2000,3706.0000,3707.0000,2,1,1,1,2,2,1,2,1,1
SF,IF2012,2020-05-28 09:35:32.600,3703.2000,5139,0,63184860.000,0,-,-,-,-,3702.8000,3701.6000,3698.8000,3697.4000,3697.2000,3704.8000,3705.0000,3705.2000,3706.0000,3707.0000,2,1,1,1,2,1,1,2,1,1
SF,IF2012,2020-05-28 09:35:33.100,3703.2000,5139,0,63184860.000,0,-,-,-,-,3702.8000,3701.6000,3698.8000,3697.4000,3697.2000,3704.6000,3704.8000,3705.0000,3706.0000,3707.0000,1,1,1,1,2,1,1,1,1,1
SF,IF2012,2020-05-28 09:35:34.600,3702.8000,5138,-1,64295700.000,1,0,1,双平,S,3701.6000,3698.8000,3697.4000,3697.2000,3695.0000,3704.6000,3704.8000,3705.0000,3706.0000,3707.0000,1,1,1,2,5,1,1,1,1,1
SF,IF2012,2020-05-28 09:35:35.100,3702.8000,5138,0,64295700.000,0,-,-,-,-,3698.8000,3697.4000,3697.2000,3695.0000,3694.2000,3704.4000,3705.0000,3706.0000,3707.0000,3709.0000,1,1,2,5,8,1,1,1,1,1
SF,IF2012,2020-05-28 09:35:35.600,3702.8000,5138,0,64295700.000,0,-,-,-,-,3699.2000,3699.0000,3698.8000,3697.2000,3695.0000,3704.2000,3704.4000,3705.0000,3706.0000,3707.0000,8,2,1,2,5,1,1,1,1,1
SF,IF2012,2020-05-28 09:35:36.100,3702.8000,5138,0,64295700.000,0,-,-,-,-,3699.4000,3699.2000,3697.2000,3695.0000,3693.2000,3704.0000,3704.2000,3705.0000,3706.0000,3707.0000,2,8,2,5,1,1,1,1,1,1
SF,IF2012,2020-05-28 09:35:36.600,3702.8000,5138,0,64295700.000,0,-,-,-,-,3699.8000,3699.4000,3697.2000,3695.0000,3693.2000,3704.0000,3704.2000,3705.0000,3706.0000,3707.0000,8,2,2,5,1,1,1,1,1,1
