市场代码,合约代码,时间,最新,持仓,增仓,成交额,成交量,开仓,平仓,成交类型,方向,买一价,买二价,买三价,买四价,买五价,卖一价,卖二价,卖三价,卖四价,卖五价,买一量,买二量,买三量,买四量,买五量,卖一量,卖二量,卖三量,卖四量,卖五量
SF,IF2009,2020-02-26 09:29:00.200,4029.8000,8775,0,9671520.000,8.000,-,-,-,-,4003.0000,4000.2000,4000.0000,3999.8000,3992.0000,4030.0000,4032.0000,4033.0000,4035.8000,4044.0000,1,1,3,2,4,1,1,1,1,2
SF,IF2009,2020-02-26 09:30:00.200,4024.2000,8773,-2,12086220.000,2,0,2,双平,S,4024.2000,4021.6000,4011.2000,4010.0000,4007.2000,4030.0000,4032.0000,4033.0000,4035.8000,4044.0000,3,2,2,1,2,7,1,1,1,2
SF,IF2009,2020-02-26 09:30:00.700,4024.4000,8761,-12,28990260.000,14,1,13,多平,S,4024.2000,4011.2000,4010.0000,4007.2000,4005.8000,4030.0000,4032.0000,4033.0000,4035.8000,4044.0000,3,2,1,2,1,5,1,1,1,2
SF,IF2009,2020-02-26 09:30:01.200,4024.2000,8758,-3,36234060.000,6,1,5,多平,S,4024.2000,4010.0000,4007.2000,4005.8000,4004.4000,4029.8000,4030.0000,4032.0000,4033.0000,4035.8000,1,1,2,1,2,1,5,1,1,1
SF,IF2009,2020-02-26 09:30:01.700,4024.2000,8758,0,36234060.000,0,-,-,-,-,4024.4000,4010.0000,4007.2000,4005.8000,4004.4000,4029.4000,4029.6000,4029.8000,4030.0000,4032.0000,1,1,2,1,2,1,5,1,5,1
SF,IF2009,2020-02-26 09:30:02.200,4024.2000,8758,0,36234060.000,0,-,-,-,-,4024.8000,4024.2000,4020.0000,4010.0000,4007.2000,4029.2000,4029.6000,4030.0000,4032.0000,4033.0000,1,1,5,1,2,6,3,5,1,1
SF,IF2009,2020-02-26 09:30:02.700,4024.8000,8758,0,37441500.000,1,0,1,多换,S,4024.2000,4020.0000,4010.0000,4007.2000,4005.8000,4029.2000,4029.6000,4030.0000,4032.0000,4033.0000,1,5,1,2,1,6,3,5,1,1
SF,IF2009,2020-02-26 09:30:03.200,4028.0000,8757,-1,38649900.000,1,0,1,双平,S,4020.0000,4010.0000,4007.2000,4005.8000,4004.4000,4024.2000,4028.8000,4029.2000,4029.6000,4030.0000,5,1,2,1,2,2,2,6,3,5
SF,IF2009,2020-02-26 09:30:03.700,4024.2000,8758,1,42271680.000,3,2,1,空开,S,4020.4000,4020.2000,4020.0000,4010.0000,4007.2000,4028.8000,4029.2000,4029.6000,4030.0000,4032.0000,3,3,5,1,2,2,4,3,5,1
SF,IF2009,2020-02-26 09:30:04.200,4024.2000,8758,0,42271680.000,0,-,-,-,-,4024.2000,4023.8000,4020.6000,4020.4000,4020.2000,4028.0000,4028.6000,4028.8000,4029.2000,4029.6000,2,2,3,1,2,2,3,1,3,3
SF,IF2009,2020-02-26 09:30:04.700,4023.8000,8755,-3,45893220.000,3,0,3,双平,S,4020.6000,4020.4000,4020.2000,4020.0000,4007.2000,4027.8000,4028.0000,4028.6000,4029.2000,4029.6000,1,1,2,5,2,4,2,1,3,3
SF,IF2009,2020-02-26 09:30:05.200,4023.8000,8755,0,45893220.000,0,-,-,-,-,4021.0000,4020.6000,4020.4000,4020.2000,4020.0000,4024.8000,4025.6000,4026.0000,4027.6000,4027.8000,1,1,2,2,5,2,1,2,3,4
SF,IF2009,2020-02-26 09:30:05.700,4020.0000,8757,2,55542960.000,8,5,3,空开,S,4020.0000,4007.2000,4005.8000,4004.4000,4004.0000,4021.0000,4024.2000,4024.6000,4024.8000,4025.6000,2,2,1,2,2,1,1,5,4,1
SF,IF2009,2020-02-26 09:30:06.200,4020.4000,8758,1,57955380.000,2,1,1,空开,S,4020.0000,4007.2000,4005.8000,4004.4000,4004.0000,4024.6000,4024.8000,4026.6000,4027.6000,4027.8000,3,2,1,2,2,2,2,1,2,1
SF,IF2009,2020-02-26 09:30:06.700,4024.6000,8758,0,61577460.000,3,1,2,多换,S,4020.2000,4020.0000,4007.2000,4005.8000,4004.4000,4024.8000,4026.6000,4027.6000,4027.8000,4028.0000,1,3,2,1,2,2,1,2,1,2
SF,IF2009,2020-02-26 09:30:07.200,4024.6000,8758,0,62784840.000,1,0,1,多换,S,4020.4000,4020.2000,4020.0000,4007.2000,4005.8000,4024.8000,4026.6000,4027.6000,4027.8000,4028.0000,1,1,3,2,1,2,1,2,1,2
SF,IF2009,2020-02-26 09:30:07.700,4024.6000,8758,0,62784840.000,0,-,-,-,-,4020.6000,4020.4000,4020.0000,4015.0000,4007.2000,4024.6000,4024.8000,4027.6000,4027.8000,4028.0000,1,1,1,5,2,1,2,2,1,2
SF,IF2009,2020-02-26 09:30:08.200,4024.6000,8757,-1,63992220.000,1,0,1,双平,S,4020.8000,4020.6000,4020.0000,4015.0000,4005.8000,4024.8000,4027.6000,4027.8000,4028.0000,4028.6000,1,1,1,5,1,2,2,1,2,1
SF,IF2009,2020-02-26 09:30:08.700,4024.6000,8757,0,63992220.000,0,-,-,-,-,4021.0000,4020.8000,4020.0000,4015.0000,4005.8000,4024.8000,4027.6000,4027.8000,4028.0000,4028.6000,1,1,1,5,1,2,2,1,2,1
SF,IF2009,2020-02-26 09:30:09.200,4021.2000,8755,-2,67613460.000,3,0,3,多平,S,4021.0000,4020.0000,4015.0000,4005.8000,4004.0000,4027.6000,4027.8000,4028.0000,4028.6000,4029.0000,1,1,5,1,2,2,1,2,1,1
SF,IF2009,2020-02-26 09:30:09.700,4021.2000,8755,0,67613460.000,0,-,-,-,-,4021.2000,4021.0000,4020.0000,4015.0000,4005.8000,4027.4000,4027.8000,4028.0000,4028.6000,4029.0000,1,1,1,5,1,5,1,2,1,1
SF,IF2009,2020-02-26 09:30:10.200,4021.2000,8755,0,67613460.000,0,-,-,-,-,4021.4000,4021.2000,4020.0000,4015.0000,4005.8000,4027.2000,4027.4000,4027.8000,4028.0000,4028.6000,1,1,1,5,1,1,4,1,2,1
SF,IF2009,2020-02-26 09:30:10.700,4021.4000,8755,0,68819880.000,1,0,1,多换,S,4021.8000,4021.4000,4020.0000,4015.0000,4005.8000,4027.0000,4027.2000,4027.8000,4028.6000,4029.0000,1,1,1,5,1,1,1,1,1,1
SF,IF2009,2020-02-26 09:30:11.200,4026.8000,8755,0,71235960.000,2,1,1,多换,S,4022.0000,4021.8000,4020.0000,4015.0000,4005.8000,4026.8000,4027.8000,4028.6000,4029.0000,4029.2000,2,1,1,5,1,1,1,1,1,3
SF,IF2009,2020-02-26 09:30:11.700,4026.8000,8755,0,71235960.000,0,-,-,-,-,4022.0000,4020.0000,4015.0000,4005.8000,4004.0000,4026.6000,4026.8000,4027.8000,4028.6000,4029.0000,2,1,5,1,2,1,1,1,1,1
SF,IF2009,2020-02-26 09:30:12.200,4026.8000,8755,0,71235960.000,0,-,-,-,-,4022.6000,4022.2000,4022.0000,4020.0000,4015.0000,4026.6000,4026.8000,4027.8000,4028.0000,4028.6000,1,1,2,1,5,1,1,1,1,1
SF,IF2009,2020-02-26 09:30:12.700,4026.8000,8755,0,71235960.000,0,-,-,-,-,4022.8000,4022.6000,4022.2000,4020.0000,4015.0000,4026.6000,4027.8000,4028.0000,4028.6000,4029.0000,2,1,1,1,5,1,1,1,1,1
SF,IF2009,2020-02-26 09:30:13.200,4026.8000,8755,0,71235960.000,0,-,-,-,-,4022.8000,4022.6000,4020.0000,4015.0000,4005.8000,4026.4000,4027.8000,4028.0000,4028.6000,4029.0000,2,1,1,5,1,1,1,1,1,1
SF,IF2009,2020-02-26 09:30:13.700,4026.8000,8755,0,71235960.000,0,-,-,-,-,4022.8000,4022.6000,4020.0000,4015.0000,4005.8000,4026.2000,4026.4000,4027.8000,4028.0000,4028.6000,2,1,1,5,1,1,1,1,1,1
SF,IF2009,2020-02-26 09:30:14.200,4026.8000,8755,0,71235960.000,0,-,-,-,-,4022.8000,4022.6000,4020.0000,4015.0000,4010.0000,4026.0000,4026.2000,4026.4000,4027.8000,4028.0000,2,1,1,5,1,1,1,1,1,1
SF,IF2009,2020-02-26 09:30:14.700,4026.8000,8755,0,71235960.000,0,-,-,-,-,4022.8000,4022.6000,4020.0000,4015.0000,4010.0000,4025.8000,4026.0000,4026.4000,4027.8000,4028.0000,1,1,1,5,1,1,1,1,1,1
SF,IF2009,2020-02-26 09:30:15.200,4026.8000,8755,0,71235960.000,0,-,-,-,-,4023.0000,4022.8000,4022.6000,4020.0000,4015.0000,4025.8000,4026.0000,4027.8000,4028.0000,4028.6000,2,1,1,1,5,1,1,1,1,1
SF,IF2009,2020-02-26 09:30:15.700,4026.8000,8755,0,71235960.000,0,-,-,-,-,4023.2000,4023.0000,4022.6000,4020.0000,4015.0000,4025.8000,4026.0000,4027.8000,4028.0000,4028.6000,1,2,1,1,5,1,1,1,1,1
SF,IF2009,2020-02-26 09:30:16.200,4025.8000,8754,-1,72443700.000,1,0,1,双平,S,4023.4000,4023.2000,4023.0000,4020.0000,4015.0000,4025.8000,4026.0000,4027.8000,4028.0000,4028.6000,1,1,1,1,5,1,1,1,1,1
SF,IF2009,2020-02-26 09:30:16.700,4025.8000,8754,0,72443700.000,0,-,-,-,-,4023.6000,4023.0000,4020.0000,4015.0000,4010.0000,4025.4000,4025.8000,4027.8000,4028.0000,4028.6000,2,1,1,5,1,1,1,1,1,1
SF,IF2009,2020-02-26 09:30:17.200,4025.8000,8754,0,72443700.000,0,-,-,-,-,4023.6000,4020.0000,4015.0000,4010.0000,4005.8000,4024.0000,4025.2000,4025.4000,4027.8000,4028.0000,1,1,5,1,1,1,1,1,1,1
SF,IF2009,2020-02-26 09:30:17.700,4025.8000,8754,0,72443700.000,0,-,-,-,-,4020.0000,4015.0000,4010.0000,4005.8000,4004.0000,4024.0000,4025.2000,4025.4000,4027.8000,4028.0000,1,5,1,1,2,1,1,1,1,1
SF,IF2009,2020-02-26 09:30:18.200,4025.8000,8754,0,72443700.000,0,-,-,-,-,4020.2000,4020.0000,4015.0000,4010.0000,4005.8000,4023.8000,4024.0000,4025.4000,4027.8000,4028.0000,2,1,5,1,1,1,1,1,1,1
SF,IF2009,2020-02-26 09:30:18.700,4025.8000,8753,-1,73651440.000,1,0,1,双平,S,4020.2000,4020.0000,4015.0000,4010.0000,4005.8000,4024.0000,4025.4000,4027.8000,4028.0000,4028.6000,2,1,5,1,1,1,1,1,1,1
SF,IF2009,2020-02-26 09:30:19.200,4024.4000,8752,-1,74858760.000,1,0,1,双平,S,4020.4000,4020.2000,4020.0000,4015.0000,4010.0000,4025.4000,4027.8000,4028.0000,4028.6000,4029.0000,1,2,1,5,1,1,1,1,1,1
SF,IF2009,2020-02-26 09:30:19.700,4024.4000,8752,0,74858760.000,0,-,-,-,-,4020.6000,4020.4000,4020.0000,4015.0000,4010.0000,4025.2000,4025.4000,4027.8000,4028.0000,4028.6000,2,1,1,5,1,1,1,1,1,1
SF,IF2009,2020-02-26 09:30:20.200,4024.4000,8752,0,74858760.000,0,-,-,-,-,4020.6000,4020.4000,4020.0000,4015.0000,4010.0000,4025.2000,4025.4000,4027.8000,4028.0000,4028.6000,2,1,1,5,1,1,1,1,1,1
SF,IF2009,2020-02-26 09:30:20.700,4024.4000,8752,0,74858760.000,0,-,-,-,-,4020.6000,4020.0000,4015.0000,4010.0000,4005.8000,4024.8000,4025.0000,4025.2000,4027.8000,4028.0000,2,1,5,1,1,1,3,1,1,1
SF,IF2009,2020-02-26 09:30:21.200,4024.4000,8752,0,74858760.000,0,-,-,-,-,4020.6000,4020.0000,4015.0000,4010.0000,4005.8000,4024.6000,4024.8000,4025.0000,4027.8000,4028.0000,2,1,5,1,1,1,1,3,1,1
SF,IF2009,2020-02-26 09:30:21.700,4024.4000,8752,0,74858760.000,0,-,-,-,-,4020.8000,4020.6000,4020.0000,4015.0000,4010.0000,4024.4000,4024.8000,4027.8000,4028.0000,4028.6000,1,2,1,5,1,1,1,1,1,1
SF,IF2009,2020-02-26 09:30:22.200,4024.4000,8752,0,74858760.000,0,-,-,-,-,4021.0000,4020.8000,4020.0000,4015.0000,4010.0000,4024.2000,4027.8000,4028.0000,4028.6000,4029.0000,2,1,1,5,1,1,1,1,1,1
SF,IF2009,2020-02-26 09:30:22.700,4024.4000,8752,0,74858760.000,0,-,-,-,-,4022.2000,4021.2000,4021.0000,4020.8000,4020.0000,4024.2000,4027.8000,4028.0000,4028.6000,4029.0000,1,1,2,1,1,1,1,1,1,1
SF,IF2009,2020-02-26 09:30:23.200,4024.4000,8752,0,74858760.000,0,-,-,-,-,4022.2000,4021.2000,4021.0000,4020.0000,4015.0000,4024.2000,4027.8000,4028.0000,4028.6000,4029.0000,1,1,2,1,5,1,1,1,1,1
SF,IF2009,2020-02-26 09:30:23.700,4024.4000,8752,0,74858760.000,0,-,-,-,-,4024.6000,4022.4000,4022.2000,4021.2000,4021.0000,4027.8000,4028.0000,4028.6000,4029.0000,4029.2000,5,1,1,1,1,1,1,1,1,3
SF,IF2009,2020-02-26 09:30:24.200,4024.6000,8751,-1,78480900.000,3,1,2,多平,S,4024.8000,4024.6000,4022.2000,4020.0000,4015.0000,4027.6000,4027.8000,4028.0000,4028.6000,4029.0000,1,3,1,1,5,5,1,4,1,1
SF,IF2009,2020-02-26 09:30:24.700,4022.2000,8750,-1,84517140.000,5,2,3,多平,S,4020.0000,4015.0000,4010.0000,4005.8000,4004.0000,4022.2000,4026.0000,4027.4000,4027.6000,4027.8000,1,5,1,1,2,2,2,1,4,1
SF,IF2009,2020-02-26 09:30:25.200,4022.2000,8748,-2,86930460.000,2,0,2,双平,S,4022.2000,4020.2000,4020.0000,4015.0000,4010.0000,4025.0000,4027.0000,4027.4000,4027.6000,4027.8000,1,1,1,5,1,5,1,1,4,1
SF,IF2009,2020-02-26 09:30:25.700,4022.2000,8748,0,86930460.000,0,-,-,-,-,4022.4000,4022.2000,4020.2000,4020.0000,4015.0000,4024.8000,4025.0000,4026.8000,4027.0000,4027.6000,1,1,1,1,5,1,5,1,1,4
SF,IF2009,2020-02-26 09:30:26.200,4022.2000,8748,0,86930460.000,0,-,-,-,-,4022.6000,4022.4000,4020.2000,4020.0000,4015.0000,4024.8000,4025.0000,4026.8000,4027.6000,4027.8000,1,1,1,1,5,2,5,1,4,1
SF,IF2009,2020-02-26 09:30:26.700,4022.2000,8748,0,86930460.000,0,-,-,-,-,4022.4000,4020.0000,4015.0000,4010.0000,4005.8000,4024.6000,4024.8000,4025.0000,4026.8000,4027.6000,1,1,5,1,1,1,1,5,1,4
SF,IF2009,2020-02-26 09:30:27.200,4022.2000,8748,0,86930460.000,0,-,-,-,-,4022.4000,4020.0000,4015.0000,4010.0000,4005.8000,4024.6000,4024.8000,4025.0000,4026.8000,4027.6000,1,1,5,1,1,1,1,5,1,4
SF,IF2009,2020-02-26 09:30:27.700,4022.2000,8748,0,86930460.000,0,-,-,-,-,4022.6000,4022.4000,4020.0000,4015.0000,4010.0000,4024.8000,4025.0000,4026.8000,4027.6000,4027.8000,1,1,1,5,1,1,5,1,4,1
SF,IF2009,2020-02-26 09:30:28.200,4022.2000,8748,0,86930460.000,0,-,-,-,-,4022.8000,4022.6000,4020.0000,4015.0000,4010.0000,4025.0000,4026.8000,4027.6000,4027.8000,4028.0000,1,1,1,5,1,5,1,4,1,4
SF,IF2009,2020-02-26 09:30:28.700,4022.2000,8748,0,86930460.000,0,-,-,-,-,4022.8000,4022.6000,4020.0000,4015.0000,4010.0000,4025.0000,4026.8000,4027.6000,4027.8000,4028.0000,1,1,1,5,1,5,1,4,1,4
SF,IF2009,2020-02-26 09:30:29.200,4022.2000,8748,0,86930460.000,0,-,-,-,-,4023.0000,4022.8000,4022.6000,4020.0000,4015.0000,4025.0000,4027.6000,4027.8000,4028.0000,4028.6000,1,1,1,1,5,5,4,1,4,1
SF,IF2009,2020-02-26 09:30:29.700,4022.2000,8748,0,86930460.000,0,-,-,-,-,4022.8000,4022.6000,4020.0000,4015.0000,4010.0000,4024.8000,4025.0000,4027.6000,4027.8000,4028.0000,1,1,1,5,1,1,5,4,1,4
SF,IF2009,2020-02-26 09:30:30.200,4022.2000,8748,0,86930460.000,0,-,-,-,-,4022.8000,4020.0000,4015.0000,4010.0000,4005.8000,4024.8000,4025.0000,4026.8000,4027.6000,4027.8000,1,1,5,2,1,1,5,1,4,1
SF,IF2009,2020-02-26 09:30:30.700,4022.2000,8747,-1,88137120.000,1,0,1,双平,S,4023.4000,4020.0000,4015.0000,4010.0000,4005.8000,4025.0000,4026.8000,4027.6000,4027.8000,4028.0000,1,1,5,2,1,5,1,4,1,2
SF,IF2009,2020-02-26 09:30:31.700,4025.0000,8744,-3,91759620.000,3,0,3,双平,S,4023.4000,4020.0000,4015.0000,4010.0000,4005.8000,4025.0000,4026.8000,4027.6000,4028.0000,4028.6000,1,1,5,2,1,2,1,1,1,1
SF,IF2009,2020-02-26 09:30:32.200,4025.0000,8742,-2,94174620.000,2,0,2,双平,S,4025.0000,4023.6000,4023.4000,4020.0000,4015.0000,4026.8000,4027.6000,4028.0000,4028.6000,4029.0000,1,1,1,1,5,1,1,1,1,1
SF,IF2009,2020-02-26 09:30:32.700,4025.0000,8742,0,94174620.000,0,-,-,-,-,4023.6000,4023.4000,4020.0000,4015.0000,4010.0000,4026.8000,4027.6000,4028.0000,4028.6000,4029.0000,1,1,1,5,2,1,1,1,1,1
SF,IF2009,2020-02-26 09:30:33.200,4025.0000,8742,0,94174620.000,0,-,-,-,-,4023.8000,4023.6000,4023.4000,4020.0000,4015.0000,4026.8000,4027.6000,4028.0000,4028.6000,4029.0000,1,1,1,1,5,1,1,1,1,1
SF,IF2009,2020-02-26 09:30:35.200,4025.0000,8742,0,94174620.000,0,-,-,-,-,4023.8000,4023.6000,4023.4000,4020.0000,4015.0000,4027.6000,4028.0000,4028.6000,4029.0000,4029.2000,1,1,1,1,5,1,1,1,1,3
SF,IF2009,2020-02-26 09:30:35.700,4025.0000,8742,0,94174620.000,0,-,-,-,-,4024.0000,4023.8000,4023.4000,4020.0000,4015.0000,4028.0000,4028.6000,4029.0000,4029.2000,4029.6000,2,1,1,1,5,1,1,1,3,3
SF,IF2009,2020-02-26 09:30:36.200,4025.0000,8742,0,94174620.000,0,-,-,-,-,4024.2000,4024.0000,4023.4000,4020.0000,4015.0000,4027.8000,4028.0000,4028.6000,4029.0000,4029.2000,1,2,1,1,5,1,1,1,1,3
SF,IF2009,2020-02-26 09:30:36.700,4025.0000,8742,0,94174620.000,0,-,-,-,-,4025.0000,4024.4000,4024.2000,4024.0000,4023.4000,4027.8000,4028.0000,4028.6000,4029.0000,4029.2000,2,1,1,1,1,1,1,1,1,3
SF,IF2009,2020-02-26 09:30:37.200,4025.0000,8742,0,94174620.000,0,-,-,-,-,4025.2000,4025.0000,4024.0000,4023.4000,4020.0000,4027.6000,4028.0000,4029.0000,4029.2000,4029.6000,1,2,1,1,1,1,1,1,3,3
SF,IF2009,2020-02-26 09:30:37.700,4025.0000,8742,0,94174620.000,0,-,-,-,-,4025.2000,4025.0000,4024.0000,4023.4000,4020.0000,4027.6000,4028.0000,4029.0000,4032.0000,4035.8000,1,2,1,1,1,1,1,1,2,1
SF,IF2009,2020-02-26 09:30:38.200,4025.0000,8742,0,94174620.000,0,-,-,-,-,4027.6000,4025.4000,4025.0000,4024.0000,4023.4000,4028.0000,4029.0000,4032.0000,4035.8000,4040.0000,1,1,2,1,1,1,1,2,1,5
SF,IF2009,2020-02-26 09:30:38.700,4027.6000,8739,-3,97799460.000,3,0,3,双平,S,4025.4000,4025.0000,4024.0000,4023.4000,4020.6000,4028.0000,4029.0000,4032.0000,4035.8000,4040.0000,1,2,1,1,1,1,1,2,1,5
SF,IF2009,2020-02-26 09:30:39.200,4027.6000,8739,0,97799460.000,0,-,-,-,-,4025.6000,4025.4000,4025.0000,4024.0000,4023.4000,4028.0000,4029.0000,4032.0000,4035.8000,4040.0000,2,1,2,1,1,1,1,2,1,5
SF,IF2009,2020-02-26 09:30:39.700,4027.6000,8739,0,97799460.000,0,-,-,-,-,4025.8000,4025.6000,4025.0000,4024.0000,4023.4000,4027.8000,4028.0000,4029.0000,4032.0000,4035.8000,1,1,2,1,1,1,1,1,2,1
SF,IF2009,2020-02-26 09:30:40.200,4027.6000,8739,0,97799460.000,0,-,-,-,-,4026.0000,4025.8000,4025.0000,4024.0000,4023.4000,4027.8000,4028.0000,4029.0000,4032.0000,4035.8000,2,1,2,1,1,1,1,1,2,1
SF,IF2009,2020-02-26 09:30:40.700,4027.6000,8739,0,97799460.000,0,-,-,-,-,4026.0000,4025.0000,4024.0000,4023.4000,4020.6000,4028.0000,4029.0000,4032.0000,4035.8000,4040.0000,2,2,1,1,1,1,1,2,1,5
SF,IF2009,2020-02-26 09:30:41.200,4028.0000,8739,0,99007860.000,1,0,1,多换,S,4028.0000,4026.2000,4026.0000,4025.0000,4024.0000,4029.0000,4032.0000,4035.8000,4040.0000,4044.0000,1,1,2,7,1,1,2,1,5,1
SF,IF2009,2020-02-26 09:30:41.700,4028.0000,8738,-1,100216260.000,1,0,1,双平,S,4026.2000,4026.0000,4025.0000,4024.0000,4023.4000,4028.8000,4029.0000,4032.0000,4035.8000,4040.0000,1,1,7,1,1,1,1,2,1,5
SF,IF2009,2020-02-26 09:30:42.200,4028.0000,8738,0,100216260.000,0,-,-,-,-,4026.4000,4025.0000,4024.0000,4023.4000,4020.6000,4029.0000,4032.0000,4035.8000,4040.0000,4044.0000,2,7,1,1,1,1,2,1,5,1
SF,IF2009,2020-02-26 09:30:42.700,4028.0000,8738,0,100216260.000,0,-,-,-,-,4026.6000,4026.4000,4025.0000,4024.0000,4023.4000,4029.0000,4032.0000,4035.8000,4040.0000,4044.0000,1,2,7,1,1,1,2,1,5,1
SF,IF2009,2020-02-26 09:30:43.200,4028.0000,8738,0,100216260.000,0,-,-,-,-,4026.8000,4026.4000,4025.0000,4024.0000,4023.4000,4029.0000,4032.0000,4035.8000,4040.0000,4044.0000,2,1,2,1,1,1,2,1,5,1
SF,IF2009,2020-02-26 09:30:43.700,4028.0000,8738,0,100216260.000,0,-,-,-,-,4027.0000,4026.8000,4026.4000,4025.0000,4024.0000,4029.0000,4032.0000,4035.8000,4040.0000,4044.0000,1,2,1,2,1,1,2,1,5,1
SF,IF2009,2020-02-26 09:30:44.200,4029.0000,8737,-1,101424960.000,1,0,1,双平,S,4028.0000,4027.2000,4027.0000,4026.8000,4025.0000,4032.0000,4035.8000,4040.0000,4044.0000,4050.0000,1,1,1,2,2,2,1,5,1,2
SF,IF2009,2020-02-26 09:30:44.700,4029.0000,8737,0,101424960.000,0,-,-,-,-,4028.0000,4027.0000,4026.8000,4025.0000,4020.6000,4031.8000,4032.0000,4035.8000,4040.0000,4044.0000,1,1,1,2,1,10,2,1,5,1
SF,IF2009,2020-02-26 09:30:45.200,4028.0000,8737,0,102633360.000,1,0,1,多换,S,4026.8000,4025.0000,4020.6000,4020.0000,4010.0000,4031.8000,4032.0000,4035.8000,4040.0000,4044.0000,1,2,1,5,2,2,2,1,5,1
SF,IF2009,2020-02-26 09:30:45.700,4028.0000,8737,0,102633360.000,0,-,-,-,-,4027.0000,4026.8000,4025.0000,4020.6000,4020.0000,4031.6000,4031.8000,4032.0000,4035.8000,4040.0000,1,1,2,1,5,1,2,2,1,5
SF,IF2009,2020-02-26 09:30:46.200,4031.4000,8736,-1,106261620.000,3,1,2,多平,S,4025.0000,4020.6000,4020.0000,4010.0000,4005.8000,4026.6000,4031.2000,4031.4000,4031.6000,4031.8000,2,1,5,2,1,1,1,2,1,3
SF,IF2009,2020-02-26 09:30:46.700,4027.4000,8735,-1,107469840.000,1,0,1,双平,S,4027.0000,4025.2000,4025.0000,4020.6000,4020.0000,4031.2000,4031.4000,4032.0000,4035.8000,4040.0000,1,1,2,1,5,1,1,2,1,5
SF,IF2009,2020-02-26 09:30:47.200,4027.4000,8735,0,107469840.000,0,-,-,-,-,4027.2000,4027.0000,4025.0000,4020.6000,4020.0000,4031.0000,4031.2000,4032.0000,4035.8000,4040.0000,1,1,2,1,5,1,1,2,1,5
SF,IF2009,2020-02-26 09:30:47.700,4027.4000,8735,0,107469840.000,0,-,-,-,-,4027.4000,4027.2000,4026.6000,4025.0000,4020.6000,4031.0000,4031.2000,4032.0000,4035.8000,4040.0000,1,1,1,2,1,1,1,2,1,5
SF,IF2009,2020-02-26 09:30:48.200,4027.4000,8735,0,107469840.000,0,-,-,-,-,4027.4000,4027.2000,4026.6000,4025.0000,4020.6000,4030.8000,4031.0000,4031.2000,4032.0000,4035.8000,1,1,1,2,1,1,1,1,2,1
SF,IF2009,2020-02-26 09:30:48.700,4027.4000,8735,0,107469840.000,0,-,-,-,-,4027.6000,4027.4000,4027.2000,4026.6000,4025.0000,4030.8000,4032.0000,4035.8000,4040.0000,4050.0000,1,1,1,1,2,1,2,1,5,2
SF,IF2009,2020-02-26 09:30:49.200,4027.4000,8735,0,107469840.000,0,-,-,-,-,4027.8000,4027.6000,4027.2000,4026.6000,4025.0000,4032.0000,4035.8000,4040.0000,4050.0000,4051.0000,1,1,1,1,2,2,1,5,2,1
SF,IF2009,2020-02-26 09:30:49.700,4027.4000,8735,0,107469840.000,0,-,-,-,-,4028.0000,4027.8000,4027.6000,4027.2000,4026.6000,4032.0000,4035.8000,4040.0000,4050.0000,4051.0000,1,1,1,1,1,2,1,5,2,1
SF,IF2009,2020-02-26 09:30:50.200,4031.8000,8734,-1,108679380.000,1,0,1,双平,S,4028.2000,4028.0000,4027.6000,4027.2000,4026.6000,4032.0000,4035.8000,4040.0000,4050.0000,4051.0000,1,1,1,1,1,2,1,5,2,1
SF,IF2009,2020-02-26 09:30:50.700,4031.8000,8734,0,108679380.000,0,-,-,-,-,4030.2000,4028.4000,4028.2000,4028.0000,4027.6000,4031.8000,4032.0000,4035.8000,4040.0000,4050.0000,1,1,1,1,1,1,2,1,5,2
SF,IF2009,2020-02-26 09:30:51.200,4030.2000,8734,0,109888440.000,1,0,1,多换,S,4028.4000,4028.2000,4028.0000,4027.6000,4026.6000,4031.6000,4031.8000,4032.0000,4035.8000,4040.0000,1,1,1,1,1,1,1,2,1,5
SF,IF2009,2020-02-26 09:30:51.700,4030.2000,8734,0,109888440.000,0,-,-,-,-,4028.6000,4028.4000,4028.0000,4027.6000,4026.6000,4031.8000,4032.0000,4035.8000,4040.0000,4050.0000,1,1,1,1,1,1,2,1,5,2
SF,IF2009,2020-02-26 09:30:52.200,4030.2000,8734,0,109888440.000,0,-,-,-,-,4028.4000,4028.0000,4026.6000,4026.4000,4025.0000,4031.6000,4031.8000,4032.0000,4035.8000,4040.0000,1,1,1,1,2,1,1,2,1,5
SF,IF2009,2020-02-26 09:30:52.700,4031.4000,8734,0,111097860.000,1,0,1,多换,S,4028.4000,4026.6000,4026.4000,4025.0000,4020.6000,4031.6000,4032.0000,4035.8000,4040.0000,4050.0000,1,1,1,2,1,1,2,1,5,2
SF,IF2009,2020-02-26 09:30:53.200,4032.0000,8735,1,120773940.000,8,4,4,空开,S,4032.0000,4026.6000,4026.4000,4025.0000,4020.6000,4035.8000,4040.0000,4050.0000,4051.0000,4060.0000,2,1,1,2,1,1,5,2,1,2
SF,IF2009,2020-02-26 09:30:53.700,4032.0000,8735,0,123193140.000,2,1,1,多换,S,4026.6000,4026.4000,4025.0000,4020.6000,4020.0000,4031.8000,4032.0000,4032.4000,4032.6000,4034.8000,1,1,2,1,5,3,4,1,1,2
SF,IF2009,2020-02-26 09:30:54.200,4032.0000,8735,0,123193140.000,0,-,-,-,-,4028.2000,4026.8000,4026.6000,4026.4000,4025.0000,4031.6000,4031.8000,4032.0000,4032.4000,4032.6000,1,2,1,1,2,4,3,4,1,1
SF,IF2009,2020-02-26 09:30:54.700,4028.2000,8735,0,124401600.000,1,0,1,多换,S,4026.6000,4026.4000,4025.0000,4020.6000,4020.0000,4030.4000,4031.4000,4031.6000,4031.8000,4032.0000,1,1,2,1,5,2,1,4,3,4
SF,IF2009,2020-02-26 09:30:55.200,4030.2000,8735,0,125610660.000,1,0,1,多换,S,4026.8000,4026.6000,4026.4000,4025.0000,4020.6000,4030.2000,4031.2000,4031.6000,4031.8000,4032.0000,2,1,1,2,1,1,1,4,3,4
SF,IF2009,2020-02-26 09:30:55.700,4030.2000,8735,0,125610660.000,0,-,-,-,-,4026.8000,4026.6000,4026.4000,4025.0000,4020.6000,4030.0000,4030.2000,4030.4000,4031.2000,4031.6000,2,1,1,2,1,4,1,2,1,2
SF,IF2009,2020-02-26 09:30:56.200,4029.8000,8734,-1,128027640.000,2,0,2,多平,S,4027.0000,4026.8000,4026.6000,4026.4000,4025.0000,4030.0000,4030.4000,4031.2000,4031.4000,4031.6000,1,1,1,1,2,3,2,1,1,2
SF,IF2009,2020-02-26 09:30:56.700,4029.8000,8734,0,128027640.000,0,-,-,-,-,4027.2000,4027.0000,4026.6000,4026.4000,4025.0000,4030.0000,4030.4000,4031.2000,4031.4000,4031.6000,1,1,1,1,2,4,2,1,1,2
SF,IF2009,2020-02-26 09:30:57.200,4029.8000,8734,0,128027640.000,0,-,-,-,-,4027.4000,4027.2000,4026.6000,4026.4000,4025.0000,4029.0000,4030.0000,4030.4000,4031.4000,4031.6000,2,1,1,1,2,1,2,2,1,2
SF,IF2009,2020-02-26 09:30:57.700,4029.8000,8733,-1,129236580.000,1,0,1,双平,S,4027.4000,4026.6000,4026.4000,4025.0000,4020.6000,4028.8000,4029.0000,4030.0000,4030.4000,4031.4000,1,1,1,2,1,1,1,2,2,1
SF,IF2009,2020-02-26 09:30:58.200,4029.8000,8733,0,129236580.000,0,-,-,-,-,4026.6000,4026.4000,4025.0000,4020.6000,4020.0000,4027.4000,4028.8000,4030.0000,4030.4000,4031.4000,1,1,2,1,5,2,1,2,2,1
SF,IF2009,2020-02-26 09:30:58.700,4026.6000,8733,0,130444560.000,1,0,1,多换,S,4026.4000,4025.0000,4020.6000,4020.0000,4010.0000,4027.4000,4028.8000,4029.2000,4030.0000,4030.4000,1,2,1,5,2,2,1,1,2,2
SF,IF2009,2020-02-26 09:30:59.200,4026.4000,8733,0,131652480.000,1,0,1,多换,S,4025.0000,4020.6000,4020.0000,4010.0000,4005.8000,4026.4000,4027.4000,4028.8000,4029.2000,4030.0000,2,1,5,2,1,1,2,1,1,2
SF,IF2009,2020-02-26 09:30:59.700,4026.4000,8733,0,132860400.000,1,0,1,多换,S,4025.2000,4025.0000,4020.6000,4020.0000,4010.0000,4027.4000,4028.8000,4029.2000,4030.0000,4030.4000,2,2,1,5,2,2,1,1,2,2
SF,IF2009,2020-02-26 09:31:00.200,4026.4000,8733,0,132860400.000,0,-,-,-,-,4025.4000,4025.2000,4025.0000,4020.6000,4020.0000,4027.4000,4028.8000,4030.0000,4030.4000,4031.4000,1,1,2,1,5,2,1,2,2,1
SF,IF2009,2020-02-26 09:31:01.200,4026.4000,8733,0,132860400.000,0,-,-,-,-,4025.2000,4025.0000,4020.6000,4020.0000,4010.0000,4027.2000,4027.4000,4028.8000,4030.0000,4030.4000,1,2,1,5,2,1,2,1,2,2
SF,IF2009,2020-02-26 09:31:02.200,4026.4000,8733,0,132860400.000,0,-,-,-,-,4025.2000,4025.0000,4020.6000,4020.0000,4010.0000,4027.0000,4027.2000,4027.4000,4028.8000,4030.0000,1,2,1,5,2,1,1,2,1,1
SF,IF2009,2020-02-26 09:31:02.700,4026.4000,8733,0,132860400.000,0,-,-,-,-,4025.2000,4025.0000,4020.6000,4020.0000,4010.0000,4026.8000,4027.0000,4027.2000,4027.4000,4028.8000,1,2,1,5,2,1,1,1,2,1
SF,IF2009,2020-02-26 09:31:03.200,4026.4000,8733,0,132860400.000,0,-,-,-,-,4025.0000,4020.6000,4020.0000,4010.0000,4005.8000,4026.0000,4026.6000,4026.8000,4027.2000,4027.4000,2,1,5,2,1,2,1,1,1,2
SF,IF2009,2020-02-26 09:31:03.700,4025.0000,8733,0,135275400.000,2,1,1,多换,S,4020.6000,4020.0000,4010.0000,4005.8000,4003.2000,4025.6000,4025.8000,4026.0000,4026.6000,4026.8000,1,5,2,1,3,1,2,2,1,1
SF,IF2009,2020-02-26 09:31:04.200,4025.4000,8732,-1,137690640.000,2,0,2,多平,S,4020.8000,4020.6000,4020.4000,4015.0000,4010.0000,4025.6000,4025.8000,4026.0000,4026.8000,4027.2000,4,1,1,5,2,1,1,2,1,1
SF,IF2009,2020-02-26 09:31:04.700,4025.4000,8732,0,137690640.000,0,-,-,-,-,4020.8000,4020.6000,4020.4000,4015.0000,4010.0000,4025.6000,4025.8000,4026.0000,4026.8000,4027.2000,4,1,1,5,2,1,1,2,1,1
SF,IF2009,2020-02-26 09:31:05.200,4025.4000,8732,0,137690640.000,0,-,-,-,-,4020.8000,4020.6000,4020.4000,4015.0000,4010.0000,4025.4000,4025.6000,4025.8000,4026.0000,4026.8000,4,1,1,5,2,4,1,1,2,1
SF,IF2009,2020-02-26 09:31:05.700,4025.4000,8732,0,137690640.000,0,-,-,-,-,4021.0000,4020.8000,4020.6000,4020.4000,4015.0000,4025.2000,4025.4000,4025.6000,4025.8000,4026.0000,1,3,1,1,5,1,1,1,1,2
SF,IF2009,2020-02-26 09:31:06.200,4025.4000,8732,0,137690640.000,0,-,-,-,-,4021.2000,4021.0000,4020.6000,4020.4000,4015.0000,4024.8000,4025.0000,4025.2000,4025.6000,4025.8000,3,1,1,1,5,2,2,1,1,1
SF,IF2009,2020-02-26 09:31:06.700,4025.4000,8732,0,137690640.000,0,-,-,-,-,4021.2000,4020.6000,4015.0000,4010.0000,4005.8000,4024.2000,4024.6000,4024.8000,4025.0000,4025.6000,3,1,5,2,1,3,3,2,1,1
SF,IF2009,2020-02-26 09:31:07.200,4025.4000,8732,0,137690640.000,0,-,-,-,-,4021.2000,4020.6000,4015.0000,4010.0000,4005.8000,4024.0000,4024.2000,4024.6000,4024.8000,4025.0000,2,1,5,2,1,3,3,1,2,1
SF,IF2009,2020-02-26 09:31:07.700,4025.4000,8732,0,137690640.000,0,-,-,-,-,4021.2000,4020.6000,4015.0000,4010.0000,4003.2000,4024.0000,4024.2000,4024.6000,4024.8000,4025.0000,2,1,5,2,3,3,3,1,2,1
SF,IF2009,2020-02-26 09:31:08.200,4024.0000,8734,2,141312240.000,3,2,1,空开,S,4024.0000,4021.4000,4021.2000,4020.6000,4015.0000,4024.2000,4024.6000,4024.8000,4025.0000,4025.6000,2,1,1,1,5,3,1,2,1,1
SF,IF2009,2020-02-26 09:31:08.700,4024.0000,8734,0,143726640.000,2,1,1,多换,S,4021.4000,4021.2000,4020.6000,4015.0000,4010.0000,4024.0000,4024.2000,4024.6000,4024.8000,4025.0000,1,1,1,5,2,3,3,1,2,1
SF,IF2009,2020-02-26 09:31:09.200,4024.0000,8735,1,144933840.000,1,1,0,双开,S,4021.6000,4021.4000,4020.6000,4015.0000,4010.0000,4024.0000,4024.2000,4024.6000,4024.8000,4025.0000,3,1,1,5,2,1,3,1,2,1
SF,IF2009,2020-02-26 09:31:09.700,4024.0000,8735,0,144933840.000,0,-,-,-,-,4021.6000,4021.4000,4020.6000,4015.0000,4010.0000,4023.6000,4023.8000,4024.0000,4024.2000,4024.6000,2,1,1,5,2,1,4,1,3,1
SF,IF2009,2020-02-26 09:31:10.200,4021.6000,8734,-1,146140320.000,1,0,1,双平,S,4021.4000,4020.6000,4015.0000,4010.0000,4003.2000,4023.4000,4023.6000,4023.8000,4024.0000,4024.2000,1,1,5,2,3,2,1,4,1,3
SF,IF2009,2020-02-26 09:31:10.700,4021.4000,8734,0,147346740.000,1,0,1,多换,S,4020.6000,4015.0000,4010.0000,4003.2000,4000.0000,4023.2000,4023.4000,4023.6000,4023.8000,4024.0000,1,5,2,3,3,2,2,1,3,1
SF,IF2009,2020-02-26 09:31:11.200,4021.4000,8734,0,147346740.000,0,-,-,-,-,4020.6000,4015.0000,4010.0000,4003.2000,4000.0000,4023.0000,4023.2000,4023.4000,4023.6000,4023.8000,1,5,2,3,3,3,2,2,1,3
SF,IF2009,2020-02-26 09:31:11.700,4021.4000,8734,0,147346740.000,0,-,-,-,-,4020.8000,4020.6000,4015.0000,4010.0000,4003.2000,4021.6000,4022.8000,4023.0000,4023.4000,4023.6000,1,1,5,2,3,2,2,3,2,1
SF,IF2009,2020-02-26 09:31:12.200,4020.6000,8732,-2,149759160.000,2,0,2,双平,S,4010.0000,4003.2000,4000.0000,3999.8000,3996.2000,4021.4000,4021.6000,4022.8000,4023.0000,4023.4000,7,3,3,2,1,3,2,2,3,2
SF,IF2009,2020-02-26 09:31:12.700,4020.6000,8732,0,149759160.000,0,-,-,-,-,4016.6000,4011.8000,4010.8000,4010.2000,4010.0000,4021.2000,4021.4000,4021.6000,4023.0000,4023.4000,1,2,2,3,7,5,3,2,2,2
SF,IF2009,2020-02-26 09:31:13.200,4020.6000,8732,0,149759160.000,0,-,-,-,-,4016.8000,4016.6000,4011.8000,4010.8000,4010.0000,4021.2000,4021.4000,4021.6000,4023.0000,4023.6000,5,1,2,2,7,3,3,2,2,1
SF,IF2009,2020-02-26 09:31:13.700,4020.6000,8732,0,149759160.000,0,-,-,-,-,4016.8000,4016.6000,4011.8000,4010.8000,4010.0000,4021.2000,4021.4000,4021.6000,4023.0000,4023.6000,5,1,2,2,7,2,1,2,2,1
SF,IF2009,2020-02-26 09:31:14.200,4020.6000,8732,0,149759160.000,0,-,-,-,-,4017.4000,4016.8000,4016.6000,4011.8000,4010.8000,4021.2000,4021.4000,4021.6000,4023.0000,4023.6000,1,6,1,2,2,2,1,2,2,1
SF,IF2009,2020-02-26 09:31:14.700,4017.6000,8732,0,150964440.000,1,0,1,多换,S,4017.6000,4017.4000,4016.8000,4016.6000,4011.8000,4021.2000,4021.4000,4021.6000,4023.0000,4023.6000,2,1,4,1,2,1,1,2,2,1
SF,IF2009,2020-02-26 09:31:15.200,4017.6000,8732,0,150964440.000,0,-,-,-,-,4017.6000,4016.8000,4016.6000,4011.8000,4010.8000,4021.0000,4021.2000,4021.4000,4021.6000,4023.0000,2,4,1,2,2,2,1,1,2,2
SF,IF2009,2020-02-26 09:31:15.700,4017.6000,8731,-1,152169720.000,1,0,1,双平,S,4017.6000,4016.8000,4016.6000,4011.8000,4010.8000,4020.8000,4021.0000,4021.4000,4021.6000,4023.6000,1,4,1,2,2,2,2,1,2,1
SF,IF2009,2020-02-26 09:31:16.200,4017.6000,8731,0,152169720.000,0,-,-,-,-,4017.6000,4016.8000,4016.6000,4011.8000,4010.8000,4020.6000,4020.8000,4021.0000,4021.4000,4021.6000,1,4,1,2,2,2,2,2,1,2
SF,IF2009,2020-02-26 09:31:16.700,4017.6000,8731,0,152169720.000,0,-,-,-,-,4017.6000,4016.8000,4016.6000,4011.8000,4010.0000,4020.4000,4020.6000,4021.0000,4021.4000,4021.6000,1,1,1,2,7,3,2,2,1,2
SF,IF2009,2020-02-26 09:31:17.200,4017.6000,8731,0,153375000.000,1,0,1,多换,S,4016.8000,4016.6000,4011.8000,4010.0000,4003.2000,4020.2000,4020.4000,4020.6000,4021.0000,4021.4000,1,1,2,7,3,2,3,2,1,1
SF,IF2009,2020-02-26 09:31:17.700,4017.6000,8731,0,153375000.000,0,-,-,-,-,4016.8000,4011.8000,4010.0000,4003.2000,4000.0000,4020.0000,4020.2000,4020.4000,4020.6000,4021.0000,1,2,7,3,3,3,2,2,2,1
SF,IF2009,2020-02-26 09:31:18.200,4017.6000,8731,0,153375000.000,0,-,-,-,-,4016.8000,4011.8000,4010.0000,4003.2000,4000.0000,4017.6000,4019.6000,4019.8000,4020.0000,4020.2000,1,2,7,3,3,1,1,4,4,1
SF,IF2009,2020-02-26 09:31:18.700,4017.6000,8730,-1,154580280.000,1,0,1,双平,S,4017.0000,4016.8000,4011.8000,4010.0000,4003.2000,4019.8000,4020.0000,4020.2000,4020.4000,4020.6000,2,1,2,7,3,4,2,1,2,2
SF,IF2009,2020-02-26 09:31:19.200,4017.0000,8729,-1,155785380.000,1,0,1,双平,S,4016.8000,4011.8000,4010.0000,4003.2000,4000.0000,4019.6000,4019.8000,4020.0000,4020.2000,4020.4000,1,2,7,3,3,3,4,1,1,2
SF,IF2009,2020-02-26 09:31:19.700,4017.0000,8729,0,155785380.000,0,-,-,-,-,4016.8000,4011.8000,4010.0000,4003.2000,4000.0000,4019.4000,4019.6000,4019.8000,4020.2000,4020.4000,1,2,7,3,3,3,3,3,1,2
SF,IF2009,2020-02-26 09:31:20.200,4017.0000,8729,0,155785380.000,0,-,-,-,-,4017.0000,4016.8000,4011.8000,4010.0000,4003.2000,4019.2000,4019.4000,4019.6000,4019.8000,4020.2000,1,1,2,8,3,2,3,2,3,1
SF,IF2009,2020-02-26 09:31:20.700,4017.0000,8729,0,155785380.000,0,-,-,-,-,4016.8000,4011.8000,4010.0000,4003.2000,4000.0000,4019.2000,4019.4000,4019.8000,4020.2000,4020.4000,1,2,8,3,3,2,2,3,1,2
SF,IF2009,2020-02-26 09:31:21.200,4017.0000,8728,-1,156990480.000,1,0,1,双平,S,4016.8000,4011.8000,4010.0000,4003.2000,4000.0000,4019.2000,4019.4000,4020.2000,4020.4000,4020.6000,1,2,8,3,3,1,1,1,2,1
SF,IF2009,2020-02-26 09:31:21.700,4017.0000,8728,0,156990480.000,0,-,-,-,-,4016.8000,4016.6000,4011.8000,4010.0000,4003.2000,4019.0000,4020.2000,4020.4000,4020.6000,4021.0000,1,1,2,8,3,1,1,2,1,1
SF,IF2009,2020-02-26 09:31:22.200,4017.0000,8728,0,156990480.000,0,-,-,-,-,4016.8000,4011.8000,4010.0000,4003.2000,4000.0000,4019.0000,4020.2000,4020.4000,4020.6000,4021.0000,1,2,8,3,3,1,1,2,1,1
SF,IF2009,2020-02-26 09:31:23.200,4016.8000,8727,-1,158195520.000,1,0,1,双平,S,4016.6000,4011.8000,4010.0000,4003.2000,4000.0000,4016.8000,4019.0000,4020.6000,4021.0000,4021.4000,1,2,8,3,3,2,1,1,1,1
SF,IF2009,2020-02-26 09:31:23.700,4016.8000,8725,-2,160605600.000,2,0,2,双平,S,4016.8000,4011.8000,4010.0000,4003.2000,4000.0000,4020.6000,4021.0000,4021.4000,4021.6000,4023.6000,3,2,8,3,3,1,1,1,2,1
SF,IF2009,2020-02-26 09:31:24.200,4016.8000,8724,-1,161810640.000,1,0,1,双平,S,4016.8000,4016.6000,4011.8000,4010.0000,4003.2000,4020.4000,4020.6000,4021.0000,4021.4000,4021.6000,3,1,2,8,3,3,1,1,1,2
SF,IF2009,2020-02-26 09:31:24.700,4016.8000,8724,0,161810640.000,0,-,-,-,-,4016.8000,4016.6000,4011.8000,4010.0000,4003.2000,4020.4000,4020.6000,4021.0000,4021.4000,4021.6000,3,1,2,8,3,4,1,1,1,2
SF,IF2009,2020-02-26 09:31:25.200,4016.8000,8724,0,161810640.000,0,-,-,-,-,4016.8000,4011.8000,4010.0000,4003.2000,4000.0000,4020.2000,4020.4000,4020.6000,4021.0000,4021.4000,3,2,8,3,3,1,6,1,1,1
SF,IF2009,2020-02-26 09:31:25.700,4020.0000,8724,0,163016640.000,1,0,1,多换,S,4017.0000,4016.8000,4016.6000,4011.8000,4010.0000,4020.0000,4020.4000,4021.0000,4021.4000,4021.6000,4,3,1,2,8,2,2,1,1,2
SF,IF2009,2020-02-26 09:31:26.200,4020.0000,8724,0,163016640.000,0,-,-,-,-,4016.8000,4011.8000,4010.0000,4003.2000,4000.0000,4020.0000,4020.4000,4021.0000,4021.4000,4021.6000,3,2,8,3,3,2,2,1,1,2
SF,IF2009,2020-02-26 09:31:26.700,4020.0000,8724,0,163016640.000,0,-,-,-,-,4017.0000,4016.8000,4016.6000,4011.8000,4010.0000,4020.0000,4020.4000,4021.0000,4021.4000,4021.6000,4,3,1,2,8,2,2,1,1,2
SF,IF2009,2020-02-26 09:31:27.200,4020.0000,8724,0,163016640.000,0,-,-,-,-,4017.2000,4017.0000,4016.8000,4011.8000,4010.0000,4019.8000,4020.0000,4020.4000,4021.0000,4021.4000,1,1,3,2,8,1,2,2,1,1
SF,IF2009,2020-02-26 09:31:27.700,4020.0000,8724,0,163016640.000,0,-,-,-,-,4017.4000,4017.2000,4016.8000,4011.8000,4010.0000,4017.6000,4019.8000,4020.0000,4020.4000,4021.0000,1,1,3,2,8,1,1,2,2,1
SF,IF2009,2020-02-26 09:31:28.200,4017.6000,8724,0,164221920.000,1,0,1,多换,S,4017.6000,4017.4000,4017.2000,4016.8000,4011.8000,4019.8000,4020.0000,4020.4000,4021.0000,4021.4000,1,1,1,2,2,1,2,1,1,1
SF,IF2009,2020-02-26 09:31:28.700,4017.6000,8724,0,164221920.000,0,-,-,-,-,4017.6000,4017.4000,4016.8000,4011.8000,4010.2000,4019.6000,4019.8000,4020.0000,4020.4000,4021.0000,1,1,2,2,1,1,1,2,1,1
SF,IF2009,2020-02-26 09:31:29.200,4017.6000,8724,0,164221920.000,0,-,-,-,-,4017.8000,4017.6000,4017.4000,4016.8000,4011.8000,4019.6000,4019.8000,4020.0000,4020.4000,4021.0000,1,1,1,2,2,1,1,2,1,1
SF,IF2009,2020-02-26 09:31:29.700,4017.6000,8724,0,164221920.000,0,-,-,-,-,4017.6000,4016.8000,4011.8000,4010.2000,4010.0000,4019.4000,4019.6000,4019.8000,4020.0000,4020.4000,1,2,2,1,8,2,2,1,1,1
SF,IF2009,2020-02-26 09:31:30.200,4017.6000,8724,0,164221920.000,0,-,-,-,-,4016.8000,4011.8000,4010.2000,4010.0000,4003.2000,4019.4000,4019.6000,4019.8000,4020.0000,4020.4000,2,2,1,8,3,1,1,1,1,1
SF,IF2009,2020-02-26 09:31:30.700,4017.6000,8724,0,164221920.000,0,-,-,-,-,4016.8000,4011.8000,4010.2000,4010.0000,4003.2000,4017.6000,4019.0000,4019.2000,4019.4000,4019.6000,2,2,1,8,3,1,1,2,1,1
SF,IF2009,2020-02-26 09:31:31.200,4017.6000,8722,-2,166632300.000,2,0,2,双平,S,4017.0000,4016.8000,4011.8000,4010.2000,4010.0000,4019.0000,4019.2000,4019.4000,4019.6000,4020.0000,1,2,2,1,8,1,2,1,1,1
SF,IF2009,2020-02-26 09:31:31.700,4017.6000,8722,0,166632300.000,0,-,-,-,-,4016.8000,4011.8000,4010.2000,4010.0000,4003.2000,4018.8000,4019.0000,4019.2000,4019.4000,4019.6000,2,2,1,8,3,1,1,2,1,1
SF,IF2009,2020-02-26 09:31:32.200,4017.6000,8722,0,166632300.000,0,-,-,-,-,4016.8000,4011.8000,4010.2000,4010.0000,4003.2000,4018.6000,4019.0000,4019.2000,4019.4000,4019.6000,2,2,1,8,3,1,1,2,1,1
SF,IF2009,2020-02-26 09:31:32.700,4017.6000,8722,0,166632300.000,0,-,-,-,-,4017.0000,4016.8000,4011.8000,4010.2000,4010.0000,4018.4000,4019.0000,4019.2000,4019.4000,4019.6000,1,2,2,1,8,1,1,2,1,1
SF,IF2009,2020-02-26 09:31:33.200,4017.6000,8722,0,166632300.000,0,-,-,-,-,4016.8000,4011.8000,4010.2000,4010.0000,4003.2000,4019.0000,4019.2000,4019.6000,4020.0000,4020.4000,2,2,1,8,3,1,2,1,1,1
SF,IF2009,2020-02-26 09:31:33.700,4017.6000,8722,0,166632300.000,0,-,-,-,-,4016.8000,4011.8000,4010.2000,4010.0000,4003.2000,4018.8000,4019.2000,4019.6000,4020.0000,4020.4000,2,2,1,8,3,1,1,1,1,1
SF,IF2009,2020-02-26 09:31:34.200,4017.6000,8722,0,166632300.000,0,-,-,-,-,4017.0000,4016.8000,4011.8000,4010.2000,4010.0000,4018.6000,4018.8000,4019.2000,4019.6000,4020.0000,1,2,2,1,8,1,1,1,1,1
SF,IF2009,2020-02-26 09:31:34.700,4017.6000,8722,0,166632300.000,0,-,-,-,-,4016.8000,4011.8000,4010.2000,4010.0000,4003.2000,4018.4000,4018.8000,4019.2000,4020.0000,4020.4000,2,2,1,8,3,1,1,1,1,1
SF,IF2009,2020-02-26 09:31:35.200,4017.0000,8722,0,167837400.000,1,0,1,多换,S,4016.8000,4011.8000,4010.2000,4010.0000,4003.2000,4018.2000,4018.8000,4019.2000,4020.4000,4021.0000,2,2,1,8,3,1,1,1,1,1
SF,IF2009,2020-02-26 09:31:35.700,4017.0000,8722,0,167837400.000,0,-,-,-,-,4016.8000,4011.8000,4010.2000,4010.0000,4003.2000,4018.0000,4018.8000,4020.4000,4021.0000,4021.4000,2,2,1,8,3,1,1,1,1,1
SF,IF2009,2020-02-26 09:31:36.200,4016.8000,8720,-2,170247540.000,2,0,2,双平,S,4016.8000,4011.8000,4010.2000,4010.0000,4003.2000,4020.4000,4021.0000,4021.4000,4021.6000,4023.6000,1,2,1,8,3,1,1,1,2,1
SF,IF2009,2020-02-26 09:31:36.700,4016.8000,8720,0,170247540.000,0,-,-,-,-,4016.8000,4016.6000,4011.8000,4010.2000,4010.0000,4020.2000,4020.4000,4021.0000,4021.4000,4021.6000,1,1,2,1,8,5,4,1,1,2
SF,IF2009,2020-02-26 09:31:37.200,4016.8000,8720,0,170247540.000,0,-,-,-,-,4017.0000,4016.8000,4016.6000,4011.8000,4010.2000,4020.2000,4020.4000,4021.0000,4021.4000,4021.6000,1,1,1,2,1,2,1,1,1,2
SF,IF2009,2020-02-26 09:31:37.700,4016.8000,8720,0,170247540.000,0,-,-,-,-,4017.2000,4016.8000,4016.6000,4015.0000,4011.8000,4020.2000,4020.4000,4021.0000,4021.4000,4021.6000,1,1,1,1,2,1,2,1,1,2
SF,IF2009,2020-02-26 09:31:38.200,4016.8000,8720,0,170247540.000,0,-,-,-,-,4017.4000,4017.2000,4016.8000,4016.6000,4015.0000,4020.2000,4020.4000,4021.0000,4021.4000,4021.6000,1,1,1,1,1,1,1,1,1,2
SF,IF2009,2020-02-26 09:31:38.700,4016.8000,8720,0,170247540.000,0,-,-,-,-,4017.6000,4017.4000,4017.2000,4016.8000,4016.6000,4021.0000,4021.4000,4021.6000,4023.6000,4024.0000,1,2,1,1,1,1,1,2,1,1
SF,IF2009,2020-02-26 09:31:39.200,4016.8000,8720,0,170247540.000,0,-,-,-,-,4017.8000,4017.6000,4017.4000,4017.2000,4016.8000,4021.4000,4021.6000,4023.6000,4024.0000,4024.8000,1,1,1,1,1,1,2,1,1,1
SF,IF2009,2020-02-26 09:31:39.700,4016.8000,8720,0,170247540.000,0,-,-,-,-,4018.0000,4017.8000,4017.6000,4017.2000,4016.8000,4021.2000,4021.4000,4023.6000,4024.0000,4024.8000,1,2,1,1,1,1,1,1,1,1
SF,IF2009,2020-02-26 09:31:40.200,4016.8000,8720,0,170247540.000,0,-,-,-,-,4018.2000,4018.0000,4017.8000,4017.6000,4017.2000,4021.2000,4021.4000,4023.6000,4024.0000,4024.8000,1,1,1,1,1,2,1,1,1,1
SF,IF2009,2020-02-26 09:31:40.700,4016.8000,8720,0,170247540.000,0,-,-,-,-,4018.4000,4018.2000,4018.0000,4017.6000,4017.2000,4021.2000,4021.4000,4023.6000,4024.0000,4024.8000,2,1,1,1,1,2,1,1,1,1
SF,IF2009,2020-02-26 09:31:41.200,4016.8000,8720,0,170247540.000,0,-,-,-,-,4018.4000,4018.2000,4018.0000,4017.6000,4016.8000,4021.2000,4021.4000,4023.6000,4024.0000,4024.8000,1,1,1,1,1,2,1,1,1,1
SF,IF2009,2020-02-26 09:31:41.700,4016.8000,8720,0,170247540.000,0,-,-,-,-,4018.6000,4018.4000,4018.0000,4017.6000,4016.8000,4020.0000,4021.2000,4021.4000,4023.6000,4024.0000,1,1,1,1,1,1,2,1,1,1
SF,IF2009,2020-02-26 09:31:42.200,4020.0000,8720,0,172659480.000,2,1,1,多换,S,4018.6000,4018.4000,4018.0000,4017.6000,4017.2000,4021.2000,4021.4000,4023.6000,4024.0000,4024.8000,1,1,1,1,1,2,1,1,1,1
SF,IF2009,2020-02-26 09:31:42.700,4020.0000,8720,0,172659480.000,0,-,-,-,-,4018.8000,4018.6000,4018.4000,4018.0000,4017.6000,4021.2000,4021.4000,4023.6000,4024.0000,4024.8000,1,1,1,1,1,2,1,1,1,1
SF,IF2009,2020-02-26 09:31:43.200,4020.0000,8720,0,172659480.000,0,-,-,-,-,4019.0000,4018.8000,4018.4000,4018.0000,4017.6000,4021.2000,4021.4000,4023.6000,4024.0000,4024.8000,1,1,1,1,1,1,1,1,1,1
SF,IF2009,2020-02-26 09:31:43.700,4020.0000,8720,0,172659480.000,0,-,-,-,-,4019.2000,4019.0000,4018.8000,4018.4000,4018.0000,4021.2000,4021.4000,4023.6000,4024.0000,4024.8000,1,1,1,1,1,1,1,1,1,1
SF,IF2009,2020-02-26 09:31:44.200,4019.4000,8720,0,173865300.000,1,0,1,多换,S,4019.4000,4019.2000,4018.8000,4018.4000,4018.0000,4021.0000,4021.2000,4021.4000,4023.6000,4024.0000,2,1,1,1,1,1,1,1,1,1
SF,IF2009,2020-02-26 09:31:44.700,4019.4000,8720,0,173865300.000,0,-,-,-,-,4019.4000,4019.2000,4018.8000,4018.4000,4018.0000,4021.2000,4021.4000,4023.6000,4024.0000,4024.8000,1,1,1,1,1,1,1,1,1,1
SF,IF2009,2020-02-26 09:31:45.200,4019.4000,8720,0,173865300.000,0,-,-,-,-,4019.6000,4019.2000,4018.4000,4018.0000,4017.6000,4021.0000,4021.2000,4021.4000,4023.6000,4024.0000,1,1,1,1,1,1,1,1,1,1
SF,IF2009,2020-02-26 09:31:45.700,4019.4000,8720,0,173865300.000,0,-,-,-,-,4019.8000,4019.2000,4018.4000,4018.0000,4017.6000,4021.2000,4021.4000,4023.6000,4024.0000,4024.8000,1,1,1,1,1,1,1,1,1,1
SF,IF2009,2020-02-26 09:31:46.200,4021.2000,8719,-1,175071660.000,1,0,1,双平,S,4020.0000,4019.2000,4018.4000,4018.0000,4017.6000,4021.4000,4023.6000,4024.0000,4024.8000,4025.6000,1,1,1,1,1,1,1,1,1,1
SF,IF2009,2020-02-26 09:31:46.700,4021.4000,8718,-1,176278080.000,1,0,1,双平,S,4021.6000,4020.2000,4019.2000,4018.4000,4018.0000,4023.6000,4024.0000,4024.8000,4025.6000,4029.0000,1,1,1,1,1,1,1,1,1,2
SF,IF2009,2020-02-26 09:31:47.200,4021.4000,8718,0,176278080.000,0,-,-,-,-,4021.6000,4019.2000,4018.4000,4018.0000,4017.6000,4023.4000,4023.6000,4024.0000,4024.8000,4025.6000,1,1,1,1,1,1,2,1,1,1
SF,IF2009,2020-02-26 09:31:47.700,4021.4000,8718,0,176278080.000,0,-,-,-,-,4021.6000,4019.2000,4018.4000,4018.0000,4017.2000,4023.2000,4023.6000,4024.0000,4024.8000,4025.6000,1,1,1,1,1,2,2,1,1,1
SF,IF2009,2020-02-26 09:31:48.200,4021.4000,8718,0,176278080.000,0,-,-,-,-,4021.6000,4019.2000,4018.4000,4018.0000,4017.2000,4023.2000,4023.6000,4024.0000,4024.8000,4025.6000,1,1,1,1,1,2,2,1,1,1
SF,IF2009,2020-02-26 09:31:48.700,4021.4000,8718,0,176278080.000,0,-,-,-,-,4019.2000,4018.4000,4018.0000,4017.2000,4016.8000,4023.2000,4023.6000,4024.0000,4024.8000,4025.6000,1,1,1,1,1,2,2,1,1,1
SF,IF2009,2020-02-26 09:31:49.200,4021.4000,8718,0,176278080.000,0,-,-,-,-,4020.0000,4019.4000,4019.2000,4018.4000,4018.0000,4023.6000,4024.0000,4024.8000,4025.6000,4029.0000,1,2,1,1,1,2,1,1,1,2
SF,IF2009,2020-02-26 09:31:49.700,4021.4000,8718,0,176278080.000,0,-,-,-,-,4020.2000,4020.0000,4019.4000,4019.2000,4018.4000,4023.4000,4023.6000,4024.0000,4024.8000,4025.6000,1,1,1,1,1,2,2,1,1,1
SF,IF2009,2020-02-26 09:31:50.700,4021.4000,8718,0,176278080.000,0,-,-,-,-,4020.4000,4020.2000,4020.0000,4019.4000,4019.2000,4023.4000,4023.6000,4024.0000,4024.8000,4025.6000,1,1,1,1,1,1,2,1,1,1
SF,IF2009,2020-02-26 09:31:51.200,4021.4000,8718,0,176278080.000,0,-,-,-,-,4020.6000,4020.4000,4019.4000,4019.2000,4018.4000,4023.4000,4023.6000,4024.0000,4025.6000,4029.0000,1,1,1,1,1,1,2,1,1,2
SF,IF2009,2020-02-26 09:31:51.700,4021.4000,8718,0,176278080.000,0,-,-,-,-,4020.8000,4019.4000,4019.2000,4018.4000,4018.0000,4023.0000,4023.4000,4023.6000,4024.0000,4025.6000,1,1,1,1,1,1,1,2,1,1
SF,IF2009,2020-02-26 09:31:52.200,4020.8000,8717,-1,177484320.000,1,0,1,双平,S,4019.2000,4018.4000,4017.2000,4016.8000,4016.6000,4022.8000,4023.0000,4023.6000,4024.0000,4025.6000,1,1,1,1,1,2,1,2,1,1
SF,IF2009,2020-02-26 09:31:52.700,4020.8000,8717,0,177484320.000,0,-,-,-,-,4019.4000,4019.2000,4018.4000,4017.2000,4016.8000,4022.6000,4022.8000,4023.6000,4024.0000,4025.6000,1,1,1,1,1,1,2,2,1,1
SF,IF2009,2020-02-26 09:31:53.200,4020.8000,8717,0,177484320.000,0,-,-,-,-,4019.6000,4019.4000,4019.2000,4017.2000,4016.8000,4022.4000,4022.6000,4022.8000,4023.6000,4024.0000,1,1,1,1,1,2,1,1,2,1
SF,IF2009,2020-02-26 09:31:53.700,4020.8000,8717,0,177484320.000,0,-,-,-,-,4019.6000,4019.2000,4017.2000,4016.8000,4016.6000,4022.2000,4022.4000,4022.8000,4023.6000,4024.0000,1,1,1,1,1,1,1,1,2,1
SF,IF2009,2020-02-26 09:31:54.200,4020.8000,8717,0,177484320.000,0,-,-,-,-,4019.6000,4017.2000,4016.8000,4016.6000,4015.0000,4022.0000,4022.2000,4022.8000,4023.6000,4024.0000,1,1,1,1,1,1,1,1,2,1
SF,IF2009,2020-02-26 09:31:54.700,4020.8000,8717,0,177484320.000,0,-,-,-,-,4017.2000,4016.8000,4016.6000,4015.0000,4010.2000,4021.8000,4022.0000,4022.2000,4022.8000,4023.6000,1,1,1,1,1,1,1,1,1,2
SF,IF2009,2020-02-26 09:31:55.200,4021.6000,8717,0,178690800.000,1,0,1,多换,S,4017.4000,4017.2000,4016.8000,4016.6000,4015.0000,4021.8000,4022.0000,4022.2000,4022.8000,4023.6000,3,1,1,1,1,1,1,1,1,2
SF,IF2009,2020-02-26 09:31:55.700,4021.6000,8717,0,178690800.000,0,-,-,-,-,4017.4000,4017.2000,4016.8000,4016.6000,4015.0000,4021.6000,4021.8000,4022.2000,4022.8000,4023.6000,3,1,1,1,1,1,1,1,1,2
SF,IF2009,2020-02-26 09:31:56.200,4021.6000,8717,0,178690800.000,0,-,-,-,-,4017.4000,4017.2000,4016.8000,4016.6000,4015.0000,4021.4000,4021.6000,4021.8000,4022.2000,4022.8000,3,1,1,1,1,1,1,1,1,1
SF,IF2009,2020-02-26 09:31:56.700,4021.6000,8717,0,178690800.000,0,-,-,-,-,4017.4000,4017.2000,4016.8000,4016.6000,4015.0000,4021.2000,4021.4000,4021.6000,4022.2000,4022.8000,2,1,1,1,1,1,1,2,1,1
SF,IF2009,2020-02-26 09:31:57.200,4021.6000,8717,0,178690800.000,0,-,-,-,-,4017.4000,4017.2000,4016.8000,4016.6000,4015.0000,4021.0000,4021.2000,4021.4000,4021.6000,4022.2000,2,1,1,1,1,2,1,1,2,1
SF,IF2009,2020-02-26 09:31:57.700,4021.6000,8717,0,178690800.000,0,-,-,-,-,4017.6000,4017.4000,4017.2000,4016.8000,4016.6000,4020.8000,4021.0000,4021.4000,4021.6000,4022.2000,1,2,1,1,1,2,2,1,2,1
SF,IF2009,2020-02-26 09:31:58.200,4021.6000,8717,0,178690800.000,0,-,-,-,-,4017.8000,4017.4000,4017.2000,4016.8000,4016.6000,4020.8000,4021.0000,4021.6000,4022.2000,4022.8000,1,2,1,1,1,2,1,2,1,1
SF,IF2009,2020-02-26 09:31:58.700,4021.6000,8717,0,178690800.000,0,-,-,-,-,4017.8000,4017.4000,4017.2000,4016.8000,4016.6000,4020.6000,4020.8000,4021.6000,4022.8000,4023.6000,1,2,1,1,1,1,1,2,1,2
SF,IF2009,2020-02-26 09:31:59.200,4017.2000,8718,1,179895960.000,1,1,0,双开,S,4016.8000,4016.6000,4015.0000,4010.2000,4010.0000,4020.4000,4020.6000,4021.6000,4022.8000,4023.6000,1,1,1,1,7,2,1,2,1,2
SF,IF2009,2020-02-26 09:31:59.700,4017.2000,8718,0,179895960.000,0,-,-,-,-,4018.4000,4017.0000,4016.8000,4016.6000,4015.0000,4020.2000,4020.4000,4021.6000,4022.8000,4023.6000,1,3,1,1,1,1,2,2,1,2
SF,IF2009,2020-02-26 09:32:00.200,4017.2000,8718,0,179895960.000,0,-,-,-,-,4018.4000,4016.8000,4016.6000,4015.0000,4010.2000,4020.0000,4020.4000,4021.6000,4022.8000,4023.6000,1,1,1,1,1,3,1,2,1,2
SF,IF2009,2020-02-26 09:32:00.700,4018.4000,8718,0,181101480.000,1,0,1,多换,S,4018.4000,4016.8000,4015.0000,4010.2000,4010.0000,4019.8000,4020.0000,4021.6000,4022.8000,4023.6000,1,1,1,1,7,2,2,2,1,2
SF,IF2009,2020-02-26 09:32:01.200,4018.4000,8717,-1,182307000.000,1,0,1,双平,S,4016.8000,4015.0000,4010.2000,4010.0000,4003.2000,4019.6000,4019.8000,4021.6000,4022.8000,4023.6000,1,1,1,7,3,3,1,2,1,2
SF,IF2009,2020-02-26 09:32:01.700,4018.4000,8717,0,182307000.000,0,-,-,-,-,4017.0000,4016.8000,4015.0000,4010.2000,4010.0000,4019.4000,4021.6000,4022.8000,4023.6000,4024.0000,1,1,1,1,7,5,2,1,2,1
SF,IF2009,2020-02-26 09:32:02.200,4019.2000,8717,0,183512760.000,1,0,1,多换,S,4016.8000,4015.0000,4010.2000,4010.0000,4003.2000,4019.4000,4021.6000,4022.8000,4023.6000,4024.0000,1,1,1,7,3,4,2,1,2,1
SF,IF2009,2020-02-26 09:32:02.700,4019.4000,8717,0,184718580.000,1,0,1,多换,S,4017.0000,4016.8000,4015.0000,4010.2000,4010.0000,4019.4000,4021.6000,4022.8000,4023.6000,4024.0000,2,1,1,1,7,2,2,1,2,1
SF,IF2009,2020-02-26 09:32:03.200,4019.4000,8717,0,184718580.000,0,-,-,-,-,4017.2000,4017.0000,4016.8000,4015.0000,4010.2000,4019.4000,4021.6000,4022.8000,4023.6000,4024.0000,2,2,1,1,1,2,2,1,2,1
SF,IF2009,2020-02-26 09:32:03.700,4019.4000,8717,0,185924400.000,1,0,1,多换,S,4017.4000,4017.0000,4016.8000,4015.0000,4010.2000,4019.4000,4021.6000,4022.8000,4023.6000,4024.0000,1,3,1,2,1,1,2,1,2,1
SF,IF2009,2020-02-26 09:32:04.200,4019.4000,8717,0,185924400.000,0,-,-,-,-,4017.4000,4017.0000,4016.8000,4015.0000,4010.2000,4019.2000,4019.4000,4021.6000,4022.8000,4023.6000,1,3,1,2,1,1,1,2,1,2
SF,IF2009,2020-02-26 09:32:04.700,4019.4000,8717,0,185924400.000,0,-,-,-,-,4017.6000,4017.4000,4017.0000,4016.8000,4015.0000,4019.4000,4021.6000,4022.8000,4023.6000,4024.0000,1,1,3,1,2,1,2,1,2,1
SF,IF2009,2020-02-26 09:32:05.200,4019.4000,8718,1,187130220.000,1,1,0,双开,S,4017.8000,4017.4000,4017.0000,4016.8000,4015.0000,4019.2000,4019.4000,4021.6000,4022.8000,4023.6000,1,1,3,1,2,1,1,2,1,2
SF,IF2009,2020-02-26 09:32:05.700,4019.4000,8718,0,187130220.000,0,-,-,-,-,4018.0000,4017.4000,4017.0000,4016.8000,4015.0000,4019.4000,4021.6000,4022.8000,4023.6000,4024.0000,1,1,3,1,2,1,2,1,2,1
SF,IF2009,2020-02-26 09:32:06.200,4019.4000,8718,0,187130220.000,0,-,-,-,-,4017.4000,4017.0000,4016.8000,4015.0000,4010.2000,4019.4000,4021.6000,4022.8000,4023.6000,4024.0000,1,2,1,2,1,1,2,1,2,1
SF,IF2009,2020-02-26 09:32:06.700,4019.4000,8718,0,187130220.000,0,-,-,-,-,4017.8000,4017.6000,4017.4000,4017.0000,4016.8000,4019.4000,4021.6000,4022.8000,4023.6000,4024.0000,2,4,1,2,1,1,2,1,2,1
SF,IF2009,2020-02-26 09:32:07.200,4019.4000,8717,-1,188336040.000,1,0,1,双平,S,4018.0000,4017.8000,4017.6000,4017.0000,4016.8000,4021.6000,4022.8000,4023.6000,4024.0000,4025.0000,3,2,1,2,1,2,1,2,1,5
SF,IF2009,2020-02-26 09:32:07.700,4019.4000,8717,0,188336040.000,0,-,-,-,-,4018.2000,4017.8000,4017.6000,4017.2000,4017.0000,4021.4000,4021.6000,4023.6000,4024.0000,4025.0000,2,2,1,1,1,5,2,2,1,5
SF,IF2009,2020-02-26 09:32:08.200,4019.4000,8717,0,188336040.000,0,-,-,-,-,4018.4000,4018.2000,4017.8000,4017.2000,4017.0000,4021.4000,4021.6000,4023.6000,4024.0000,4025.0000,1,2,2,1,1,5,2,2,1,5
SF,IF2009,2020-02-26 09:32:08.700,4019.4000,8717,0,188336040.000,0,-,-,-,-,4018.8000,4018.6000,4018.4000,4018.2000,4017.8000,4023.6000,4024.0000,4025.6000,4029.0000,4030.0000,2,2,1,1,2,2,1,1,2,5
SF,IF2009,2020-02-26 09:32:09.200,4019.4000,8717,0,188336040.000,0,-,-,-,-,4019.0000,4018.8000,4018.6000,4018.2000,4017.8000,4021.6000,4023.2000,4023.4000,4023.6000,4024.0000,1,1,1,1,2,2,2,6,2,1
SF,IF2009,2020-02-26 09:32:09.700,4019.4000,8717,0,188336040.000,0,-,-,-,-,4019.4000,4019.2000,4019.0000,4018.8000,4018.6000,4021.6000,4023.4000,4023.6000,4024.0000,4025.6000,1,2,1,1,1,2,6,2,1,1
SF,IF2009,2020-02-26 09:32:10.200,4019.4000,8717,0,188336040.000,0,-,-,-,-,4019.6000,4019.2000,4019.0000,4018.6000,4018.2000,4023.4000,4023.6000,4024.0000,4025.6000,4029.0000,1,1,1,1,1,6,2,1,1,2
SF,IF2009,2020-02-26 09:32:10.700,4019.4000,8717,0,188336040.000,0,-,-,-,-,4019.8000,4019.6000,4019.2000,4018.6000,4018.2000,4023.2000,4023.4000,4023.6000,4024.0000,4025.6000,1,1,1,1,1,2,5,2,1,1
SF,IF2009,2020-02-26 09:32:11.200,4019.4000,8717,0,188336040.000,0,-,-,-,-,4020.0000,4019.8000,4019.2000,4018.6000,4018.2000,4023.0000,4023.2000,4023.4000,4023.6000,4024.0000,3,1,1,1,1,2,2,3,2,1
SF,IF2009,2020-02-26 09:32:11.700,4019.4000,8717,0,188336040.000,0,-,-,-,-,4020.4000,4020.2000,4020.0000,4019.2000,4018.6000,4022.8000,4023.0000,4023.2000,4023.4000,4023.6000,1,1,4,1,1,1,2,2,3,2
SF,IF2009,2020-02-26 09:32:12.200,4019.4000,8717,0,188336040.000,0,-,-,-,-,4020.6000,4020.0000,4019.2000,4018.6000,4018.2000,4022.6000,4022.8000,4023.0000,4023.2000,4023.4000,3,3,1,1,1,1,1,1,2,3
SF,IF2009,2020-02-26 09:32:12.700,4019.4000,8717,0,188336040.000,0,-,-,-,-,4020.8000,4020.6000,4020.0000,4019.2000,4018.6000,4022.4000,4022.6000,4023.2000,4023.4000,4023.6000,3,3,2,1,1,1,1,2,3,2
SF,IF2009,2020-02-26 09:32:13.200,4022.6000,8717,0,190749480.000,2,1,1,多换,S,4022.6000,4021.0000,4020.6000,4020.0000,4019.2000,4023.6000,4024.0000,4025.6000,4029.0000,4030.0000,1,5,1,1,1,2,1,1,2,5
SF,IF2009,2020-02-26 09:32:13.700,4023.6000,8715,-2,193163640.000,2,0,2,双平,S,4022.6000,4021.0000,4020.6000,4020.0000,4019.2000,4024.0000,4025.6000,4029.0000,4030.0000,4032.0000,1,2,1,1,1,1,1,2,5,2
SF,IF2009,2020-02-26 09:32:14.200,4024.0000,8715,0,194370840.000,1,0,1,多换,S,4024.2000,4022.8000,4022.6000,4020.6000,4020.0000,4029.0000,4032.0000,4035.0000,4035.6000,4035.8000,1,4,1,1,1,2,2,5,1,1
SF,IF2009,2020-02-26 09:32:14.700,4024.0000,8715,0,194370840.000,0,-,-,-,-,4024.4000,4024.2000,4022.6000,4020.6000,4020.0000,4028.0000,4028.6000,4028.8000,4029.0000,4032.0000,2,1,1,1,6,3,2,3,2,2
SF,IF2009,2020-02-26 09:32:15.200,4024.0000,8715,0,194370840.000,0,-,-,-,-,4024.6000,4024.4000,4024.2000,4022.6000,4020.6000,4027.8000,4028.0000,4028.8000,4029.0000,4032.0000,1,2,1,1,1,3,3,1,2,2
SF,IF2009,2020-02-26 09:32:15.700,4024.0000,8715,0,194370840.000,0,-,-,-,-,4025.0000,4024.8000,4024.6000,4024.2000,4022.6000,4027.8000,4028.0000,4028.8000,4029.0000,4032.0000,2,2,1,1,11,3,3,1,2,2
SF,IF2009,2020-02-26 09:32:16.200,4024.0000,8715,0,194370840.000,0,-,-,-,-,4025.2000,4025.0000,4024.6000,4024.2000,4022.6000,4027.8000,4028.0000,4028.8000,4029.0000,4032.0000,3,2,1,1,11,3,3,1,2,2
SF,IF2009,2020-02-26 09:32:16.700,4024.0000,8715,0,194370840.000,0,-,-,-,-,4025.2000,4024.6000,4024.2000,4022.6000,4020.6000,4027.4000,4027.8000,4028.0000,4028.8000,4029.0000,2,1,1,11,1,2,3,3,1,2
SF,IF2009,2020-02-26 09:32:17.200,4024.6000,8712,-3,197992980.000,3,0,3,双平,S,4024.2000,4022.6000,4020.6000,4020.0000,4017.8000,4027.2000,4027.4000,4027.8000,4028.0000,4028.8000,1,10,1,1,2,5,2,1,3,1
SF,IF2009,2020-02-26 09:32:17.700,4024.6000,8712,0,197992980.000,0,-,-,-,-,4024.2000,4020.6000,4020.0000,4017.8000,4017.2000,4026.0000,4027.0000,4027.2000,4027.8000,4028.0000,1,1,1,2,2,2,3,5,1,3
SF,IF2009,2020-02-26 09:32:18.200,4024.6000,8712,0,197992980.000,0,-,-,-,-,4024.4000,4024.2000,4020.6000,4017.8000,4017.2000,4026.0000,4027.0000,4027.2000,4027.8000,4028.0000,1,1,1,2,2,2,3,5,1,3
SF,IF2009,2020-02-26 09:32:18.700,4024.6000,8707,-5,204029880.000,5,0,5,双平,S,4024.6000,4024.2000,4020.6000,4017.8000,4017.2000,4025.6000,4025.8000,4026.0000,4027.0000,4027.2000,2,1,1,2,2,1,1,2,1,4
SF,IF2009,2020-02-26 09:32:19.200,4024.6000,8706,-1,206444640.000,2,0,2,多平,S,4017.8000,4017.2000,4017.0000,4016.8000,4016.6000,4025.6000,4025.8000,4026.0000,4027.0000,4027.2000,2,2,1,1,1,1,1,2,1,4
SF,IF2009,2020-02-26 09:32:19.700,4024.6000,8706,0,206444640.000,0,-,-,-,-,4021.4000,4020.4000,4018.2000,4018.0000,4017.8000,4025.4000,4025.6000,4026.0000,4027.2000,4027.8000,1,1,2,3,2,6,2,2,3,1
SF,IF2009,2020-02-26 09:32:20.200,4024.6000,8706,0,206444640.000,0,-,-,-,-,4021.6000,4021.4000,4020.4000,4018.2000,4018.0000,4025.4000,4025.6000,4026.0000,4027.2000,4027.8000,2,1,1,2,1,3,1,2,3,1
SF,IF2009,2020-02-26 09:32:20.700,4021.8000,8706,0,207651180.000,1,0,1,多换,S,4022.0000,4021.8000,4021.6000,4020.4000,4018.2000,4025.4000,4025.6000,4026.0000,4027.2000,4027.8000,1,1,2,1,2,1,1,2,3,1
SF,IF2009,2020-02-26 09:32:21.200,4021.8000,8706,0,207651180.000,0,-,-,-,-,4022.4000,4022.2000,4022.0000,4020.4000,4018.2000,4025.2000,4025.6000,4026.0000,4027.2000,4027.8000,1,2,1,1,2,2,1,2,3,1
SF,IF2009,2020-02-26 09:32:21.700,4021.8000,8706,0,207651180.000,0,-,-,-,-,4022.6000,4022.0000,4020.4000,4018.2000,4018.0000,4025.0000,4025.2000,4025.6000,4026.0000,4027.2000,1,1,1,2,1,1,2,1,2,3
SF,IF2009,2020-02-26 09:32:22.200,4021.8000,8706,0,207651180.000,0,-,-,-,-,4022.6000,4020.4000,4018.2000,4018.0000,4017.8000,4024.8000,4025.2000,4025.6000,4026.0000,4027.2000,1,1,2,1,2,2,1,1,2,3
SF,IF2009,2020-02-26 09:32:22.700,4021.8000,8706,0,207651180.000,0,-,-,-,-,4022.6000,4020.4000,4018.2000,4018.0000,4017.8000,4024.8000,4025.6000,4026.0000,4027.2000,4027.8000,1,1,2,1,2,2,1,2,3,1
SF,IF2009,2020-02-26 09:32:23.200,4021.8000,8706,0,207651180.000,0,-,-,-,-,4022.6000,4020.4000,4018.2000,4018.0000,4017.8000,4024.6000,4024.8000,4025.6000,4026.0000,4027.2000,1,1,2,1,2,1,2,1,2,3
SF,IF2009,2020-02-26 09:32:23.700,4022.6000,8706,0,208857960.000,1,0,1,多换,S,4022.8000,4020.4000,4018.2000,4018.0000,4017.8000,4024.2000,4024.4000,4024.6000,4024.8000,4025.6000,1,1,2,1,2,1,3,1,2,1
SF,IF2009,2020-02-26 09:32:24.200,4022.8000,8706,0,210064800.000,1,0,1,多换,S,4018.2000,4018.0000,4017.8000,4017.2000,4017.0000,4024.0000,4024.6000,4024.8000,4025.6000,4026.0000,2,1,2,2,1,1,1,1,1,2
SF,IF2009,2020-02-26 09:32:24.700,4022.8000,8706,0,210064800.000,0,-,-,-,-,4020.4000,4020.0000,4018.4000,4018.2000,4018.0000,4023.8000,4024.6000,4025.6000,4026.0000,4027.2000,1,1,4,2,1,2,1,1,2,3
SF,IF2009,2020-02-26 09:32:25.200,4023.8000,8706,0,213686160.000,3,1,2,多换,S,4023.8000,4020.6000,4020.0000,4018.4000,4018.2000,4025.6000,4026.0000,4027.2000,4027.8000,4028.8000,1,2,1,3,2,1,2,3,1,1
SF,IF2009,2020-02-26 09:32:25.700,4023.8000,8706,0,214893300.000,1,0,1,多换,S,4020.6000,4020.0000,4018.4000,4018.2000,4018.0000,4024.8000,4025.4000,4025.6000,4026.0000,4027.2000,1,1,3,2,1,2,4,1,2,3
SF,IF2009,2020-02-26 09:32:26.200,4023.8000,8706,0,214893300.000,0,-,-,-,-,4020.8000,4020.6000,4020.0000,4018.4000,4018.2000,4024.2000,4024.6000,4024.8000,4025.4000,4025.6000,1,1,1,3,2,3,5,2,2,1
SF,IF2009,2020-02-26 09:32:26.700,4023.8000,8706,0,214893300.000,0,-,-,-,-,4021.0000,4018.4000,4018.2000,4018.0000,4017.8000,4024.0000,4024.2000,4024.6000,4024.8000,4025.4000,1,3,2,2,2,4,3,3,2,2
SF,IF2009,2020-02-26 09:32:27.200,4023.8000,8706,0,214893300.000,0,-,-,-,-,4021.0000,4018.4000,4018.2000,4018.0000,4017.8000,4023.8000,4024.0000,4024.2000,4024.6000,4024.8000,1,3,2,2,2,1,4,3,2,2
SF,IF2009,2020-02-26 09:32:27.700,4023.8000,8706,0,214893300.000,0,-,-,-,-,4021.0000,4018.4000,4018.2000,4018.0000,4017.8000,4023.6000,4023.8000,4024.0000,4024.2000,4024.6000,2,3,2,2,2,4,1,2,3,2
SF,IF2009,2020-02-26 09:32:28.200,4023.8000,8706,0,214893300.000,0,-,-,-,-,4021.0000,4018.4000,4018.2000,4018.0000,4017.8000,4023.4000,4023.6000,4023.8000,4024.0000,4024.2000,2,3,2,2,2,1,4,1,2,3
SF,IF2009,2020-02-26 09:32:28.700,4023.8000,8706,0,214893300.000,0,-,-,-,-,4021.0000,4018.4000,4018.2000,4018.0000,4017.8000,4023.2000,4023.4000,4023.6000,4023.8000,4024.0000,2,3,2,2,2,4,1,2,1,2
SF,IF2009,2020-02-26 09:32:29.200,4023.8000,8706,0,214893300.000,0,-,-,-,-,4021.2000,4021.0000,4018.4000,4018.2000,4018.0000,4023.2000,4023.4000,4023.6000,4024.0000,4024.2000,1,2,3,2,2,4,1,2,2,3
SF,IF2009,2020-02-26 09:32:29.700,4023.2000,8706,0,216100260.000,1,0,1,多换,S,4021.4000,4021.2000,4021.0000,4018.2000,4018.0000,4023.2000,4024.0000,4024.2000,4024.6000,4024.8000,2,1,2,2,1,1,2,3,2,2
SF,IF2009,2020-02-26 09:32:30.200,4024.0000,8706,0,217307460.000,1,0,1,多换,S,4021.4000,4021.2000,4021.0000,4018.2000,4018.0000,4024.2000,4024.6000,4024.8000,4025.6000,4026.0000,1,1,2,2,1,3,2,2,1,2
SF,IF2009,2020-02-26 09:32:30.700,4024.0000,8706,0,217307460.000,0,-,-,-,-,4021.6000,4021.4000,4021.2000,4021.0000,4018.2000,4024.8000,4025.6000,4026.0000,4029.0000,4032.0000,2,1,1,1,2,2,1,2,2,2
SF,IF2009,2020-02-26 09:32:31.200,4024.0000,8706,0,217307460.000,0,-,-,-,-,4021.8000,4021.6000,4021.2000,4021.0000,4018.2000,4024.6000,4024.8000,4025.6000,4026.0000,4029.0000,2,2,1,1,2,1,2,1,2,2
SF,IF2009,2020-02-26 09:32:31.700,4024.0000,8706,0,217307460.000,0,-,-,-,-,4022.0000,4021.8000,4021.6000,4021.2000,4021.0000,4024.2000,4024.4000,4024.6000,4024.8000,4025.6000,1,2,1,1,1,3,3,1,2,1
SF,IF2009,2020-02-26 09:32:32.200,4024.0000,8706,0,217307460.000,0,-,-,-,-,4022.2000,4022.0000,4021.8000,4021.6000,4021.2000,4024.0000,4024.2000,4024.4000,4024.8000,4025.6000,1,1,1,1,1,2,1,1,2,1
SF,IF2009,2020-02-26 09:32:32.700,4024.0000,8706,0,217307460.000,0,-,-,-,-,4022.4000,4022.2000,4022.0000,4021.8000,4021.6000,4023.8000,4024.0000,4024.2000,4024.4000,4024.8000,1,1,1,1,1,1,2,2,1,2
SF,IF2009,2020-02-26 09:32:33.200,4024.0000,8706,0,217307460.000,0,-,-,-,-,4022.2000,4021.8000,4021.6000,4021.2000,4021.0000,4024.0000,4024.2000,4024.4000,4024.8000,4025.6000,1,1,1,1,1,1,2,1,2,1
SF,IF2009,2020-02-26 09:32:33.700,4024.0000,8706,0,217307460.000,0,-,-,-,-,4022.4000,4022.2000,4021.8000,4021.6000,4021.2000,4024.0000,4024.2000,4024.8000,4025.6000,4026.0000,1,1,1,1,1,1,1,2,1,2
SF,IF2009,2020-02-26 09:32:34.200,4024.0000,8706,0,218514660.000,1,0,1,多换,S,4022.6000,4021.8000,4021.6000,4021.2000,4021.0000,4024.8000,4025.6000,4026.0000,4029.0000,4032.0000,3,1,1,1,1,2,1,2,2,2
SF,IF2009,2020-02-26 09:32:34.700,4024.0000,8706,0,218514660.000,0,-,-,-,-,4022.8000,4022.6000,4021.8000,4021.6000,4021.2000,4025.6000,4026.0000,4029.0000,4032.0000,4035.0000,2,2,1,1,1,1,2,2,2,5
SF,IF2009,2020-02-26 09:32:35.200,4024.0000,8706,0,218514660.000,0,-,-,-,-,4023.0000,4022.8000,4021.6000,4021.2000,4021.0000,4025.6000,4026.0000,4029.0000,4032.0000,4035.0000,3,2,1,1,1,1,2,2,2,5
SF,IF2009,2020-02-26 09:32:35.700,4024.0000,8706,0,218514660.000,0,-,-,-,-,4023.2000,4023.0000,4021.6000,4021.2000,4021.0000,4026.0000,4029.0000,4032.0000,4035.0000,4035.8000,1,3,1,1,1,2,2,2,5,1
SF,IF2009,2020-02-26 09:32:36.200,4024.0000,8706,0,218514660.000,0,-,-,-,-,4023.8000,4023.4000,4023.2000,4021.6000,4021.2000,4029.0000,4032.0000,4035.0000,4035.8000,4050.0000,1,3,1,1,1,2,2,5,1,2
SF,IF2009,2020-02-26 09:32:36.700,4024.0000,8706,0,218514660.000,0,-,-,-,-,4024.0000,4023.8000,4023.2000,4021.2000,4021.0000,4026.0000,4028.0000,4028.6000,4028.8000,4029.0000,3,1,1,1,1,2,3,2,5,2
SF,IF2009,2020-02-26 09:32:37.200,4024.0000,8706,0,218514660.000,0,-,-,-,-,4024.2000,4024.0000,4023.2000,4021.2000,4021.0000,4025.8000,4026.0000,4028.0000,4028.6000,4028.8000,2,3,1,1,1,1,2,3,2,5
SF,IF2009,2020-02-26 09:32:37.700,4024.0000,8706,0,218514660.000,0,-,-,-,-,4024.4000,4024.2000,4024.0000,4021.2000,4021.0000,4025.6000,4026.0000,4028.0000,4028.6000,4028.8000,2,1,1,1,1,2,2,3,2,5
SF,IF2009,2020-02-26 09:32:38.200,4024.0000,8706,0,218514660.000,0,-,-,-,-,4024.4000,4024.2000,4021.2000,4021.0000,4020.0000,4025.6000,4026.0000,4028.0000,4028.6000,4028.8000,1,1,1,1,1,1,2,3,2,5
SF,IF2009,2020-02-26 09:32:38.700,4024.0000,8706,0,218514660.000,0,-,-,-,-,4025.6000,4024.6000,4024.4000,4021.2000,4021.0000,4028.0000,4028.8000,4029.0000,4032.0000,4035.0000,1,2,1,1,1,3,4,2,2,5
SF,IF2009,2020-02-26 09:32:39.200,4025.6000,8705,-1,220930020.000,2,0,2,多平,S,4024.6000,4024.4000,4021.2000,4021.0000,4020.0000,4027.6000,4027.8000,4028.0000,4028.8000,4029.0000,1,1,1,1,1,2,6,3,3,2
SF,IF2009,2020-02-26 09:32:39.700,4025.6000,8705,0,220930020.000,0,-,-,-,-,4021.2000,4021.0000,4020.0000,4018.2000,4018.0000,4025.6000,4026.0000,4027.2000,4027.4000,4027.6000,1,1,1,2,1,1,2,1,6,2
SF,IF2009,2020-02-26 09:32:40.200,4025.6000,8705,0,220930020.000,0,-,-,-,-,4023.0000,4021.4000,4021.2000,4021.0000,4020.0000,4025.4000,4026.0000,4027.0000,4027.4000,4027.6000,1,5,1,1,1,1,2,1,5,2
SF,IF2009,2020-02-26 09:32:40.700,4025.6000,8705,0,220930020.000,0,-,-,-,-,4023.2000,4023.0000,4021.4000,4021.2000,4021.0000,4025.4000,4026.0000,4027.0000,4027.4000,4027.6000,3,1,3,1,1,1,2,1,5,2
SF,IF2009,2020-02-26 09:32:41.200,4025.6000,8705,0,220930020.000,0,-,-,-,-,4023.2000,4021.4000,4021.2000,4021.0000,4020.0000,4025.4000,4025.6000,4026.0000,4027.0000,4027.4000,3,3,1,1,1,1,1,2,1,5
SF,IF2009,2020-02-26 09:32:41.700,4025.6000,8705,0,220930020.000,0,-,-,-,-,4023.6000,4023.2000,4021.4000,4021.2000,4021.0000,4025.4000,4026.0000,4027.0000,4027.4000,4027.6000,1,2,3,1,1,1,2,1,5,2
SF,IF2009,2020-02-26 09:32:42.200,4021.4000,8704,-1,226963200.000,5,2,3,多平,S,4021.2000,4021.0000,4020.0000,4018.2000,4018.0000,4025.2000,4025.4000,4025.6000,4026.0000,4027.0000,1,1,1,2,1,3,1,1,2,1
SF,IF2009,2020-02-26 09:32:42.700,4021.4000,8704,0,226963200.000,0,-,-,-,-,4022.4000,4021.4000,4021.2000,4021.0000,4020.0000,4025.0000,4025.2000,4025.6000,4026.0000,4027.0000,1,2,1,1,1,2,1,1,2,1
SF,IF2009,2020-02-26 09:32:43.200,4021.4000,8704,0,226963200.000,0,-,-,-,-,4022.4000,4021.4000,4021.2000,4021.0000,4020.0000,4024.8000,4025.0000,4025.2000,4025.6000,4026.0000,1,1,1,1,1,1,2,1,1,2
SF,IF2009,2020-02-26 09:32:43.700,4021.4000,8704,0,226963200.000,0,-,-,-,-,4022.6000,4022.4000,4021.2000,4021.0000,4020.0000,4025.0000,4025.6000,4026.0000,4027.0000,4027.4000,3,1,1,1,1,1,1,2,1,4
SF,IF2009,2020-02-26 09:32:44.200,4021.4000,8704,0,226963200.000,0,-,-,-,-,4022.6000,4022.4000,4021.2000,4021.0000,4020.0000,4024.8000,4025.6000,4026.0000,4027.0000,4027.4000,2,1,1,1,1,1,1,2,1,4
SF,IF2009,2020-02-26 09:32:44.700,4021.4000,8704,0,226963200.000,0,-,-,-,-,4022.6000,4021.2000,4021.0000,4020.0000,4018.2000,4024.6000,4024.8000,4025.6000,4026.0000,4027.0000,1,1,1,1,2,1,1,1,2,1
SF,IF2009,2020-02-26 09:32:45.200,4021.4000,8704,0,226963200.000,0,-,-,-,-,4022.8000,4022.6000,4021.2000,4021.0000,4020.0000,4024.6000,4025.6000,4026.0000,4027.0000,4027.4000,3,1,1,1,1,1,1,2,1,5
SF,IF2009,2020-02-26 09:32:45.700,4021.4000,8704,0,226963200.000,0,-,-,-,-,4023.0000,4022.8000,4021.2000,4021.0000,4020.0000,4025.0000,4025.6000,4026.0000,4027.0000,4027.4000,1,2,1,1,1,1,1,2,1,5
SF,IF2009,2020-02-26 09:32:46.200,4021.4000,8704,0,226963200.000,0,-,-,-,-,4023.2000,4023.0000,4022.8000,4021.2000,4021.0000,4025.0000,4026.0000,4027.0000,4027.4000,4027.6000,2,1,1,1,1,1,2,1,5,2
SF,IF2009,2020-02-26 09:32:46.700,4021.4000,8704,0,226963200.000,0,-,-,-,-,4023.2000,4023.0000,4022.8000,4021.2000,4021.0000,4025.0000,4026.0000,4027.0000,4027.4000,4027.6000,2,1,1,1,1,1,2,1,5,2
SF,IF2009,2020-02-26 09:32:47.200,4021.4000,8704,0,226963200.000,0,-,-,-,-,4023.2000,4022.8000,4021.2000,4021.0000,4020.0000,4025.0000,4026.0000,4027.0000,4027.4000,4027.6000,1,1,1,1,1,1,2,1,5,2
SF,IF2009,2020-02-26 09:32:47.700,4021.4000,8704,0,226963200.000,0,-,-,-,-,4023.4000,4022.8000,4021.2000,4021.0000,4020.0000,4025.0000,4026.0000,4027.4000,4027.6000,4027.8000,2,1,1,1,1,1,2,5,2,2
SF,IF2009,2020-02-26 09:32:48.200,4021.4000,8704,0,226963200.000,0,-,-,-,-,4023.6000,4023.4000,4021.2000,4021.0000,4020.0000,4025.0000,4026.0000,4027.4000,4027.6000,4027.8000,1,1,1,1,1,1,2,5,2,2
SF,IF2009,2020-02-26 09:32:48.700,4021.4000,8704,0,226963200.000,0,-,-,-,-,4023.8000,4023.6000,4021.2000,4021.0000,4020.0000,4025.0000,4026.0000,4027.4000,4027.6000,4027.8000,1,1,1,1,1,1,2,5,2,2
SF,IF2009,2020-02-26 09:32:49.200,4025.0000,8704,0,228170700.000,1,0,1,多换,S,4025.0000,4023.0000,4021.2000,4021.0000,4020.0000,4026.0000,4027.4000,4027.8000,4028.0000,4028.8000,8,1,1,1,1,2,5,2,3,1
SF,IF2009,2020-02-26 09:32:49.700,4025.0000,8704,0,231793200.000,3,1,2,多换,S,4025.0000,4023.0000,4021.2000,4021.0000,4020.0000,4025.8000,4026.0000,4027.4000,4027.8000,4028.0000,5,1,1,1,1,1,2,5,2,3
SF,IF2009,2020-02-26 09:32:50.200,4025.0000,8704,0,235415700.000,3,1,2,多换,S,4025.0000,4023.0000,4021.2000,4021.0000,4020.0000,4025.8000,4026.0000,4027.4000,4027.8000,4028.0000,2,1,1,1,1,1,2,5,2,3
SF,IF2009,2020-02-26 09:32:50.700,4025.0000,8704,0,237830700.000,2,1,1,多换,S,4023.0000,4021.2000,4021.0000,4020.0000,4018.2000,4024.8000,4025.6000,4026.0000,4027.4000,4027.8000,1,1,1,1,2,1,1,2,5,2
SF,IF2009,2020-02-26 09:32:51.200,4025.0000,8704,0,237830700.000,0,-,-,-,-,4023.4000,4023.2000,4023.0000,4021.2000,4021.0000,4024.8000,4026.0000,4027.4000,4027.8000,4028.0000,1,2,1,1,1,1,2,5,2,3
SF,IF2009,2020-02-26 09:32:51.700,4025.0000,8704,0,237830700.000,0,-,-,-,-,4023.6000,4023.4000,4023.2000,4023.0000,4021.2000,4024.8000,4026.0000,4027.4000,4027.8000,4028.0000,1,1,1,1,1,1,2,5,2,3
SF,IF2009,2020-02-26 09:32:52.200,4024.8000,8703,-1,239038140.000,1,0,1,双平,S,4023.8000,4023.4000,4023.2000,4023.0000,4021.2000,4026.0000,4027.4000,4027.8000,4028.0000,4028.8000,1,1,1,1,1,2,5,2,3,1
SF,IF2009,2020-02-26 09:32:52.700,4024.8000,8703,0,239038140.000,0,-,-,-,-,4024.0000,4023.6000,4023.4000,4023.2000,4023.0000,4025.6000,4025.8000,4026.0000,4027.4000,4027.8000,1,1,1,1,1,1,2,2,5,2
SF,IF2009,2020-02-26 09:32:53.200,4024.8000,8703,0,239038140.000,0,-,-,-,-,4024.0000,4023.6000,4023.4000,4023.0000,4021.2000,4025.4000,4025.6000,4025.8000,4026.0000,4027.4000,1,1,1,1,1,4,1,1,2,5
SF,IF2009,2020-02-26 09:32:53.700,4024.8000,8703,0,239038140.000,0,-,-,-,-,4023.8000,4023.6000,4023.0000,4021.2000,4021.0000,4025.4000,4025.6000,4025.8000,4026.0000,4027.4000,5,1,1,1,1,4,1,1,2,5
SF,IF2009,2020-02-26 09:32:54.200,4024.8000,8703,0,239038140.000,0,-,-,-,-,4023.8000,4023.6000,4023.0000,4021.2000,4021.0000,4025.2000,4025.4000,4025.6000,4025.8000,4026.0000,5,1,1,1,1,2,3,1,1,2
SF,IF2009,2020-02-26 09:32:54.700,4024.8000,8703,0,239038140.000,0,-,-,-,-,4023.8000,4023.6000,4023.0000,4021.2000,4021.0000,4025.0000,4025.2000,4025.4000,4025.6000,4025.8000,5,1,1,1,1,1,1,2,1,1
SF,IF2009,2020-02-26 09:32:55.200,4024.8000,8703,0,239038140.000,0,-,-,-,-,4023.8000,4023.6000,4023.0000,4021.2000,4021.0000,4025.2000,4025.4000,4025.6000,4025.8000,4026.0000,5,1,1,1,1,1,2,1,1,2
SF,IF2009,2020-02-26 09:32:55.700,4024.8000,8703,0,239038140.000,0,-,-,-,-,4023.8000,4023.6000,4023.0000,4021.2000,4021.0000,4024.8000,4025.0000,4025.2000,4025.4000,4025.6000,5,1,1,1,1,1,5,1,2,1
SF,IF2009,2020-02-26 09:32:56.200,4024.8000,8703,0,239038140.000,0,-,-,-,-,4023.8000,4023.6000,4023.0000,4021.2000,4021.0000,4024.8000,4025.0000,4025.2000,4025.4000,4025.6000,5,1,1,1,1,1,1,1,2,1
SF,IF2009,2020-02-26 09:32:56.700,4024.8000,8703,0,239038140.000,0,-,-,-,-,4023.8000,4023.6000,4023.0000,4021.2000,4021.0000,4025.2000,4025.4000,4025.6000,4025.8000,4026.0000,5,1,1,1,1,1,2,1,1,2
SF,IF2009,2020-02-26 09:32:57.200,4024.8000,8703,0,239038140.000,0,-,-,-,-,4023.8000,4023.6000,4023.0000,4021.2000,4021.0000,4025.0000,4025.2000,4025.4000,4025.6000,4025.8000,5,1,1,1,1,2,1,2,1,1
SF,IF2009,2020-02-26 09:32:57.700,4024.8000,8703,0,239038140.000,0,-,-,-,-,4024.0000,4023.8000,4023.6000,4023.0000,4021.2000,4025.2000,4025.4000,4025.6000,4025.8000,4026.0000,1,5,1,1,1,1,2,1,1,2
SF,IF2009,2020-02-26 09:32:58.200,4024.8000,8703,0,239038140.000,0,-,-,-,-,4023.8000,4023.6000,4023.0000,4021.2000,4021.0000,4025.0000,4025.2000,4025.4000,4025.6000,4025.8000,5,1,1,1,1,1,1,2,1,1
SF,IF2009,2020-02-26 09:32:58.700,4024.8000,8703,0,239038140.000,0,-,-,-,-,4023.8000,4023.6000,4023.0000,4021.2000,4021.0000,4024.2000,4024.8000,4025.4000,4025.6000,4025.8000,5,1,1,1,1,1,6,2,1,1
SF,IF2009,2020-02-26 09:32:59.200,4024.6000,8702,-1,240245520.000,1,0,1,双平,S,4023.8000,4023.6000,4023.0000,4021.2000,4021.0000,4024.8000,4025.6000,4025.8000,4026.0000,4027.4000,5,1,1,1,1,2,1,1,2,5
SF,IF2009,2020-02-26 09:32:59.700,4024.8000,8701,-1,241452960.000,1,0,1,双平,S,4025.2000,4023.8000,4023.6000,4023.0000,4021.2000,4025.6000,4025.8000,4026.0000,4027.4000,4027.8000,1,5,1,1,1,1,1,2,5,2
SF,IF2009,2020-02-26 09:33:00.200,4025.2000,8701,0,242660520.000,1,0,1,多换,S,4023.8000,4023.6000,4023.0000,4021.2000,4021.0000,4025.4000,4025.6000,4025.8000,4026.0000,4027.4000,5,1,1,1,1,2,1,1,2,5
SF,IF2009,2020-02-26 09:33:00.700,4025.2000,8701,0,242660520.000,0,-,-,-,-,4023.8000,4023.6000,4023.0000,4021.2000,4021.0000,4025.2000,4025.4000,4025.6000,4025.8000,4026.0000,5,1,1,1,1,3,2,1,1,2
SF,IF2009,2020-02-26 09:33:01.200,4023.8000,8701,0,245074800.000,2,1,1,多换,S,4023.8000,4023.6000,4023.0000,4021.2000,4021.0000,4025.0000,4025.2000,4025.4000,4025.6000,4025.8000,3,1,1,1,1,3,2,1,1,1
SF,IF2009,2020-02-26 09:33:01.700,4023.8000,8701,0,247489080.000,2,1,1,多换,S,4023.8000,4023.6000,4023.0000,4021.2000,4021.0000,4024.2000,4024.8000,4025.0000,4025.4000,4025.6000,1,1,1,1,1,2,4,2,1,1
SF,IF2009,2020-02-26 09:33:02.200,4024.0000,8701,0,249903420.000,2,1,1,多换,S,4023.6000,4023.0000,4021.2000,4021.0000,4020.0000,4024.8000,4025.0000,4025.4000,4025.6000,4025.8000,1,1,1,1,1,4,2,1,1,1
SF,IF2009,2020-02-26 09:33:02.700,4024.0000,8701,0,249903420.000,0,-,-,-,-,4023.6000,4023.0000,4021.2000,4021.0000,4020.0000,4024.2000,4024.6000,4024.8000,4025.0000,4025.4000,1,1,1,1,1,2,2,4,2,1
SF,IF2009,2020-02-26 09:33:03.200,4023.6000,8701,0,251110500.000,1,0,1,多换,S,4023.0000,4021.2000,4021.0000,4020.0000,4018.2000,4024.0000,4024.6000,4024.8000,4025.0000,4025.4000,1,1,1,1,2,1,1,4,2,1
SF,IF2009,2020-02-26 09:33:03.700,4023.6000,8701,0,251110500.000,0,-,-,-,-,4023.0000,4021.2000,4021.0000,4020.0000,4018.2000,4023.8000,4024.2000,4024.6000,4024.8000,4025.0000,1,1,1,1,2,1,1,1,4,2
SF,IF2009,2020-02-26 09:33:04.200,4023.0000,8701,0,252317400.000,1,0,1,多换,S,4021.2000,4021.0000,4020.0000,4018.2000,4018.0000,4023.6000,4023.8000,4024.2000,4024.6000,4024.8000,1,1,1,2,1,1,1,1,1,3
SF,IF2009,2020-02-26 09:33:04.700,4023.0000,8701,0,252317400.000,0,-,-,-,-,4021.4000,4021.2000,4021.0000,4020.0000,4018.2000,4023.4000,4023.8000,4024.2000,4024.6000,4024.8000,3,1,1,1,2,2,1,1,1,3
SF,IF2009,2020-02-26 09:33:05.200,4023.4000,8700,-1,255938400.000,3,1,2,多平,S,4021.6000,4021.4000,4021.2000,4021.0000,4020.0000,4024.8000,4025.0000,4025.4000,4025.6000,4025.8000,2,1,1,1,1,3,2,1,1,1
SF,IF2009,2020-02-26 09:33:05.700,4023.4000,8700,0,255938400.000,0,-,-,-,-,4022.0000,4021.8000,4021.2000,4021.0000,4020.0000,4024.8000,4025.0000,4025.4000,4025.6000,4025.8000,1,4,1,1,1,3,2,1,1,1
SF,IF2009,2020-02-26 09:33:06.200,4023.4000,8700,0,255938400.000,0,-,-,-,-,4022.2000,4021.8000,4021.2000,4021.0000,4020.0000,4024.2000,4024.6000,4024.8000,4025.0000,4025.4000,1,3,1,1,1,2,2,3,2,1
SF,IF2009,2020-02-26 09:33:06.700,4023.4000,8700,0,255938400.000,0,-,-,-,-,4022.4000,4022.2000,4021.2000,4021.0000,4020.0000,4024.0000,4024.2000,4024.8000,4025.0000,4025.4000,2,1,1,1,1,2,2,2,2,1
SF,IF2009,2020-02-26 09:33:07.200,4023.4000,8700,0,255938400.000,0,-,-,-,-,4021.2000,4021.0000,4020.0000,4018.2000,4018.0000,4023.8000,4024.0000,4024.2000,4024.8000,4025.0000,1,1,1,2,1,1,2,2,2,2
SF,IF2009,2020-02-26 09:33:07.700,4023.4000,8700,0,255938400.000,0,-,-,-,-,4021.4000,4021.2000,4021.0000,4020.0000,4018.2000,4023.6000,4023.8000,4024.2000,4024.8000,4025.0000,1,1,1,1,2,4,1,2,2,2
SF,IF2009,2020-02-26 09:33:08.200,4023.4000,8700,0,255938400.000,0,-,-,-,-,4021.4000,4021.2000,4021.0000,4020.0000,4018.2000,4023.6000,4023.8000,4024.2000,4024.8000,4025.0000,1,1,1,1,2,3,1,2,2,2
SF,IF2009,2020-02-26 09:33:08.700,4021.4000,8699,-1,257144820.000,1,0,1,双平,S,4021.2000,4021.0000,4020.0000,4018.2000,4018.0000,4023.2000,4023.4000,4023.6000,4024.2000,4024.8000,1,1,1,2,1,1,1,3,2,2
SF,IF2009,2020-02-26 09:33:09.200,4021.4000,8699,0,257144820.000,0,-,-,-,-,4021.2000,4021.0000,4020.0000,4018.2000,4018.0000,4023.0000,4023.6000,4024.2000,4024.8000,4025.0000,1,1,1,2,1,5,2,2,2,2
SF,IF2009,2020-02-26 09:33:09.700,4021.4000,8699,0,257144820.000,0,-,-,-,-,4021.4000,4021.2000,4021.0000,4020.0000,4018.0000,4023.0000,4023.6000,4024.2000,4024.8000,4025.0000,1,1,1,1,1,4,2,2,2,2
SF,IF2009,2020-02-26 09:33:10.200,4021.6000,8699,0,259558140.000,2,1,1,多换,S,4021.4000,4021.2000,4021.0000,4020.0000,4018.0000,4022.8000,4023.0000,4023.6000,4024.2000,4024.8000,1,1,1,1,1,1,2,2,2,2
SF,IF2009,2020-02-26 09:33:10.700,4021.2000,8698,-1,261970920.000,2,0,2,多平,S,4021.0000,4020.0000,4018.0000,4017.2000,4016.8000,4022.6000,4023.0000,4023.6000,4024.2000,4024.8000,1,1,1,2,1,5,2,2,2,2
SF,IF2009,2020-02-26 09:33:11.200,4021.2000,8698,0,261970920.000,0,-,-,-,-,4021.0000,4020.0000,4018.0000,4017.2000,4016.8000,4022.4000,4022.6000,4023.0000,4023.6000,4024.2000,1,1,1,2,1,1,5,2,2,2
SF,IF2009,2020-02-26 09:33:11.700,4021.2000,8698,0,261970920.000,0,-,-,-,-,4021.0000,4020.0000,4018.0000,4017.2000,4016.8000,4021.6000,4022.2000,4022.4000,4022.6000,4023.0000,1,1,1,2,1,2,4,1,3,2
SF,IF2009,2020-02-26 09:33:12.200,4021.2000,8698,0,261970920.000,0,-,-,-,-,4021.0000,4020.0000,4018.0000,4017.2000,4016.8000,4021.2000,4021.6000,4022.2000,4022.4000,4022.6000,1,1,1,2,1,1,2,3,1,3
SF,IF2009,2020-02-26 09:33:12.700,4021.2000,8697,-1,264383580.000,2,0,2,多平,S,4020.0000,4018.8000,4018.0000,4017.2000,4016.8000,4021.6000,4022.2000,4022.4000,4022.6000,4023.0000,1,1,1,2,1,2,3,1,3,2
SF,IF2009,2020-02-26 09:33:13.200,4021.2000,8697,0,264383580.000,0,-,-,-,-,4020.2000,4020.0000,4018.8000,4018.0000,4017.2000,4021.4000,4021.6000,4022.2000,4022.4000,4022.6000,2,1,1,1,2,2,2,3,1,3
SF,IF2009,2020-02-26 09:33:13.700,4021.2000,8697,0,264383580.000,0,-,-,-,-,4020.0000,4018.8000,4018.0000,4017.2000,4016.8000,4021.2000,4021.4000,4021.6000,4022.2000,4022.6000,1,1,1,2,1,2,2,2,2,3
SF,IF2009,2020-02-26 09:33:14.200,4021.2000,8697,0,264383580.000,0,-,-,-,-,4020.0000,4018.8000,4018.0000,4017.2000,4016.8000,4021.0000,4021.2000,4021.4000,4021.6000,4022.2000,1,1,1,2,1,2,2,1,2,2
SF,IF2009,2020-02-26 09:33:14.700,4021.2000,8697,0,264383580.000,0,-,-,-,-,4020.0000,4018.0000,4017.2000,4016.8000,4015.4000,4020.8000,4021.0000,4021.2000,4021.4000,4021.6000,1,2,2,1,1,1,2,1,1,2
SF,IF2009,2020-02-26 09:33:15.200,4020.0000,8697,0,265589580.000,1,0,1,多换,S,4020.0000,4018.0000,4017.2000,4016.8000,4015.4000,4020.8000,4021.0000,4021.2000,4021.4000,4021.6000,1,2,2,1,1,1,1,1,1,2
SF,IF2009,2020-02-26 09:33:15.700,4020.0000,8697,0,265589580.000,0,-,-,-,-,4020.0000,4018.0000,4017.2000,4016.8000,4015.4000,4020.8000,4021.0000,4021.2000,4021.4000,4021.6000,1,2,2,1,1,1,1,1,1,2
SF,IF2009,2020-02-26 09:33:16.200,4020.0000,8697,0,265589580.000,0,-,-,-,-,4020.0000,4018.0000,4017.2000,4016.8000,4015.4000,4020.8000,4021.0000,4021.2000,4021.4000,4021.6000,1,2,2,1,1,1,1,1,1,2
SF,IF2009,2020-02-26 09:33:16.700,4020.4000,8697,0,266795700.000,1,0,1,多换,S,4020.0000,4018.0000,4017.2000,4016.8000,4015.4000,4020.4000,4020.6000,4020.8000,4021.0000,4021.4000,1,2,2,1,1,1,2,1,1,1
SF,IF2009,2020-02-26 09:33:17.200,4020.0000,8697,0,268001700.000,1,0,1,多换,S,4018.0000,4017.2000,4016.8000,4015.4000,4015.0000,4020.0000,4020.6000,4020.8000,4021.0000,4021.4000,2,2,1,1,2,1,1,1,1,1
SF,IF2009,2020-02-26 09:33:17.700,4020.0000,8697,0,268001700.000,0,-,-,-,-,4018.2000,4018.0000,4017.2000,4016.8000,4015.4000,4020.0000,4020.6000,4020.8000,4021.0000,4021.4000,4,2,2,1,1,1,1,1,1,1
SF,IF2009,2020-02-26 09:33:18.700,4020.0000,8697,0,268001700.000,0,-,-,-,-,4018.2000,4018.0000,4017.2000,4016.8000,4015.4000,4020.0000,4020.6000,4020.8000,4021.0000,4021.4000,3,1,2,1,1,1,1,1,1,1
SF,IF2009,2020-02-26 09:33:19.200,4020.0000,8696,-1,269207700.000,1,0,1,双平,S,4018.2000,4017.2000,4016.8000,4015.4000,4015.0000,4020.8000,4021.0000,4021.4000,4021.6000,4022.2000,1,2,1,1,2,1,1,1,2,2
SF,IF2009,2020-02-26 09:33:19.700,4020.0000,8696,0,269207700.000,0,-,-,-,-,4017.4000,4017.2000,4016.8000,4015.4000,4015.0000,4020.4000,4020.6000,4020.8000,4021.0000,4021.4000,1,2,1,1,2,1,5,1,1,1
SF,IF2009,2020-02-26 09:33:20.200,4020.0000,8696,0,269207700.000,0,-,-,-,-,4017.8000,4017.6000,4017.4000,4017.2000,4016.8000,4020.2000,4020.4000,4020.6000,4021.0000,4021.4000,1,3,1,2,1,2,1,4,1,1
SF,IF2009,2020-02-26 09:33:20.700,4020.0000,8696,0,269207700.000,0,-,-,-,-,4018.0000,4017.6000,4017.4000,4017.2000,4016.8000,4020.0000,4020.2000,4020.4000,4020.6000,4021.0000,1,2,1,2,1,1,2,1,4,1
SF,IF2009,2020-02-26 09:33:21.200,4020.0000,8696,0,269207700.000,0,-,-,-,-,4018.2000,4018.0000,4017.6000,4017.4000,4017.2000,4020.2000,4020.4000,4020.6000,4021.0000,4021.4000,2,1,1,1,2,2,1,4,1,1
SF,IF2009,2020-02-26 09:33:21.700,4020.0000,8696,0,269207700.000,0,-,-,-,-,4018.0000,4017.6000,4017.4000,4017.2000,4016.8000,4020.0000,4020.2000,4020.4000,4020.6000,4021.0000,1,1,1,2,1,2,2,1,3,1
SF,IF2009,2020-02-26 09:33:22.200,4020.0000,8696,0,269207700.000,0,-,-,-,-,4017.2000,4016.8000,4015.4000,4015.0000,4013.8000,4018.8000,4019.6000,4019.8000,4020.0000,4020.2000,2,1,1,2,1,1,1,1,3,1
SF,IF2009,2020-02-26 09:33:22.700,4020.0000,8696,0,269207700.000,0,-,-,-,-,4017.4000,4017.2000,4016.8000,4015.4000,4015.0000,4018.6000,4018.8000,4019.6000,4020.0000,4020.2000,2,2,1,1,2,3,1,1,2,1
SF,IF2009,2020-02-26 09:33:23.200,4020.0000,8696,0,269207700.000,0,-,-,-,-,4017.2000,4016.8000,4015.4000,4015.0000,4013.8000,4018.8000,4019.6000,4020.0000,4020.2000,4020.4000,2,1,1,2,1,1,1,2,1,1
SF,IF2009,2020-02-26 09:33:23.700,4020.0000,8696,0,269207700.000,0,-,-,-,-,4017.2000,4016.8000,4015.4000,4015.0000,4013.8000,4018.6000,4018.8000,4019.6000,4020.0000,4020.2000,2,1,1,2,1,3,1,1,2,1
SF,IF2009,2020-02-26 09:33:24.200,4020.0000,8696,0,269207700.000,0,-,-,-,-,4017.2000,4016.8000,4015.4000,4015.0000,4013.8000,4018.4000,4018.6000,4018.8000,4019.6000,4020.0000,2,1,1,2,1,1,3,1,1,2
SF,IF2009,2020-02-26 09:33:24.700,4017.2000,8696,0,270412860.000,1,0,1,多换,S,4017.2000,4016.8000,4015.4000,4015.0000,4013.8000,4017.8000,4018.2000,4018.4000,4018.6000,4018.8000,1,1,1,2,1,1,3,1,3,1
SF,IF2009,2020-02-26 09:33:25.200,4017.2000,8695,-1,271618020.000,1,0,1,双平,S,4016.8000,4015.4000,4015.0000,4013.8000,4010.2000,4017.2000,4017.6000,4017.8000,4018.2000,4018.4000,1,1,2,1,1,2,2,1,3,1
SF,IF2009,2020-02-26 09:33:25.700,4017.8000,8692,-3,275233680.000,3,0,3,双平,S,4016.8000,4015.4000,4015.0000,4013.8000,4010.2000,4018.2000,4018.4000,4018.6000,4018.8000,4019.6000,1,1,2,1,1,3,1,3,1,1
SF,IF2009,2020-02-26 09:33:26.200,4017.8000,8692,0,275233680.000,0,-,-,-,-,4016.8000,4015.4000,4015.0000,4013.8000,4010.2000,4018.0000,4018.2000,4018.6000,4018.8000,4019.6000,1,1,2,1,1,1,3,3,1,1
SF,IF2009,2020-02-26 09:33:26.700,4017.8000,8692,0,275233680.000,0,-,-,-,-,4016.8000,4015.4000,4015.0000,4013.8000,4010.2000,4017.2000,4018.0000,4018.2000,4018.6000,4018.8000,1,1,2,1,1,2,1,3,3,1
SF,IF2009,2020-02-26 09:33:27.200,4018.0000,8692,0,278849400.000,3,1,2,多换,S,4016.8000,4015.4000,4015.0000,4013.8000,4010.2000,4018.2000,4018.6000,4018.8000,4019.6000,4020.4000,1,1,2,1,1,3,3,1,1,1
SF,IF2009,2020-02-26 09:33:27.700,4018.0000,8692,0,278849400.000,0,-,-,-,-,4017.4000,4016.8000,4015.4000,4015.0000,4013.8000,4018.2000,4018.6000,4018.8000,4019.6000,4020.4000,1,1,1,2,1,3,3,1,1,1
SF,IF2009,2020-02-26 09:33:28.200,4018.8000,8689,-3,283671240.000,4,0,4,多平,S,4017.4000,4016.8000,4015.4000,4015.0000,4013.8000,4019.6000,4020.4000,4020.8000,4021.0000,4024.8000,1,1,1,2,1,1,1,1,1,1
SF,IF2009,2020-02-26 09:33:28.700,4018.8000,8689,0,283671240.000,0,-,-,-,-,4017.8000,4017.6000,4017.4000,4016.8000,4015.4000,4019.4000,4019.6000,4020.4000,4020.8000,4021.0000,1,2,1,1,1,2,1,1,1,1
SF,IF2009,2020-02-26 09:33:29.200,4019.4000,8689,0,286082880.000,2,1,1,多换,S,4018.0000,4017.6000,4017.4000,4016.8000,4015.4000,4020.4000,4020.8000,4021.0000,4024.8000,4025.0000,4,2,1,1,1,1,1,1,1,6
SF,IF2009,2020-02-26 09:33:29.700,4019.4000,8689,0,286082880.000,0,-,-,-,-,4018.2000,4018.0000,4017.6000,4017.4000,4016.8000,4020.4000,4020.8000,4021.0000,4024.8000,4025.0000,4,2,2,1,1,1,1,1,1,6
SF,IF2009,2020-02-26 09:33:30.200,4019.4000,8689,0,286082880.000,0,-,-,-,-,4018.6000,4018.4000,4018.2000,4017.6000,4017.4000,4020.8000,4021.0000,4024.8000,4025.0000,4027.4000,2,2,2,2,1,1,1,1,6,3
SF,IF2009,2020-02-26 09:33:30.700,4019.4000,8689,0,286082880.000,0,-,-,-,-,4018.8000,4018.4000,4018.2000,4017.6000,4017.4000,4020.6000,4020.8000,4021.0000,4024.8000,4025.0000,2,1,1,1,1,1,1,1,1,6
SF,IF2009,2020-02-26 09:33:31.200,4019.4000,8689,0,286082880.000,0,-,-,-,-,4019.0000,4018.8000,4017.6000,4017.4000,4016.8000,4020.4000,4020.6000,4020.8000,4021.0000,4024.8000,1,2,1,1,1,1,1,1,1,1
SF,IF2009,2020-02-26 09:33:31.700,4019.4000,8689,0,286082880.000,0,-,-,-,-,4017.6000,4017.4000,4016.8000,4015.4000,4015.0000,4017.8000,4020.2000,4020.4000,4020.8000,4021.0000,1,1,1,1,2,1,4,1,1,1
SF,IF2009,2020-02-26 09:33:32.200,4017.8000,8688,-1,287288220.000,1,0,1,双平,S,4018.2000,4017.8000,4017.6000,4017.4000,4016.8000,4020.2000,4020.4000,4020.8000,4021.0000,4024.8000,1,2,1,1,1,3,1,1,1,1
SF,IF2009,2020-02-26 09:33:32.700,4019.6000,8688,0,288494100.000,1,0,1,多换,S,4018.2000,4017.8000,4017.6000,4017.4000,4016.8000,4020.0000,4020.2000,4020.4000,4020.8000,4021.0000,1,2,1,1,1,1,3,1,1,1
SF,IF2009,2020-02-26 09:33:33.200,4019.6000,8688,0,288494100.000,0,-,-,-,-,4017.8000,4017.6000,4017.4000,4016.8000,4015.4000,4019.8000,4020.0000,4020.2000,4020.4000,4020.8000,2,1,1,1,1,3,1,2,1,1
SF,IF2009,2020-02-26 09:33:33.700,4019.6000,8688,0,288494100.000,0,-,-,-,-,4018.0000,4017.8000,4017.6000,4017.4000,4016.8000,4019.8000,4020.0000,4020.2000,4020.4000,4020.8000,5,2,1,1,1,1,1,2,1,1
SF,IF2009,2020-02-26 09:33:34.200,4019.6000,8688,0,288494100.000,0,-,-,-,-,4018.0000,4017.8000,4017.6000,4017.4000,4016.8000,4019.8000,4020.2000,4020.4000,4020.8000,4021.0000,4,2,1,1,1,1,2,1,1,1
SF,IF2009,2020-02-26 09:33:34.700,4019.6000,8688,0,288494100.000,0,-,-,-,-,4018.2000,4018.0000,4017.8000,4017.6000,4017.4000,4020.2000,4020.4000,4020.8000,4021.0000,4024.8000,1,4,2,1,1,2,1,1,1,1
SF,IF2009,2020-02-26 09:33:35.200,4019.6000,8688,0,288494100.000,0,-,-,-,-,4018.0000,4017.8000,4017.6000,4017.4000,4016.8000,4020.0000,4020.2000,4020.4000,4020.8000,4021.0000,1,2,1,1,1,3,2,1,1,1
SF,IF2009,2020-02-26 09:33:35.700,4019.6000,8688,0,288494100.000,0,-,-,-,-,4018.0000,4017.8000,4017.6000,4017.4000,4016.8000,4020.0000,4020.2000,4020.4000,4020.8000,4021.0000,1,2,1,1,1,3,2,1,1,1
SF,IF2009,2020-02-26 09:33:36.200,4019.6000,8688,0,288494100.000,0,-,-,-,-,4018.0000,4017.8000,4017.4000,4016.8000,4015.4000,4020.0000,4020.2000,4020.4000,4020.8000,4021.0000,1,2,1,1,1,3,2,1,1,1
SF,IF2009,2020-02-26 09:33:36.700,4019.6000,8688,0,288494100.000,0,-,-,-,-,4017.8000,4017.4000,4016.8000,4015.4000,4015.0000,4019.6000,4020.0000,4020.2000,4020.4000,4020.8000,2,1,1,1,2,2,3,2,1,1
SF,IF2009,2020-02-26 09:33:37.200,4017.8000,8687,-1,289699440.000,1,0,1,双平,S,4017.8000,4017.4000,4016.8000,4015.4000,4015.0000,4019.4000,4019.6000,4020.0000,4020.2000,4020.4000,1,1,1,1,2,4,2,1,2,1
SF,IF2009,2020-02-26 09:33:37.700,4017.8000,8687,0,289699440.000,0,-,-,-,-,4016.8000,4015.4000,4015.0000,4014.4000,4013.8000,4019.4000,4019.6000,4020.0000,4020.2000,4020.4000,1,1,2,1,1,4,2,1,2,1
SF,IF2009,2020-02-26 09:33:38.200,4017.8000,8687,0,289699440.000,0,-,-,-,-,4017.0000,4016.8000,4015.4000,4015.0000,4014.4000,4019.2000,4019.4000,4019.6000,4020.0000,4020.2000,2,1,1,2,1,1,4,2,1,2
SF,IF2009,2020-02-26 09:33:38.700,4017.8000,8687,0,289699440.000,0,-,-,-,-,4017.0000,4016.8000,4015.4000,4015.0000,4014.4000,4019.0000,4019.2000,4019.4000,4019.6000,4020.0000,1,1,1,2,1,3,1,2,2,1
SF,IF2009,2020-02-26 09:33:39.700,4017.0000,8686,-1,290904540.000,1,0,1,双平,S,4016.8000,4015.4000,4015.0000,4014.4000,4013.8000,4019.0000,4019.2000,4019.4000,4019.6000,4020.0000,1,1,2,1,1,3,1,2,2,1
SF,IF2009,2020-02-26 09:33:40.200,4017.0000,8686,0,290904540.000,0,-,-,-,-,4016.8000,4015.4000,4015.0000,4014.4000,4013.8000,4018.8000,4019.0000,4019.2000,4019.4000,4019.6000,1,1,2,1,1,1,3,1,2,2
SF,IF2009,2020-02-26 09:33:40.700,4017.0000,8686,0,290904540.000,0,-,-,-,-,4017.0000,4016.8000,4015.4000,4015.0000,4014.4000,4017.8000,4018.2000,4018.6000,4018.8000,4019.0000,1,1,1,2,1,1,1,4,1,1
SF,IF2009,2020-02-26 09:33:41.200,4017.0000,8686,0,290904540.000,0,-,-,-,-,4017.0000,4016.8000,4015.4000,4015.0000,4014.4000,4017.8000,4018.2000,4018.6000,4019.0000,4019.4000,1,1,1,2,1,1,1,4,1,2
SF,IF2009,2020-02-26 09:33:41.700,4017.0000,8686,0,290904540.000,0,-,-,-,-,4017.0000,4016.8000,4015.4000,4015.0000,4014.4000,4017.8000,4018.6000,4019.0000,4019.4000,4019.6000,1,1,1,2,1,1,4,1,2,2
SF,IF2009,2020-02-26 09:33:42.200,4017.0000,8685,-1,292109640.000,1,0,1,双平,S,4016.8000,4015.4000,4015.0000,4014.4000,4013.8000,4017.0000,4017.6000,4017.8000,4018.6000,4019.0000,1,1,2,1,1,1,1,1,4,1
SF,IF2009,2020-02-26 09:33:42.700,4017.6000,8685,0,295725060.000,3,1,2,多换,S,4015.4000,4015.0000,4014.4000,4013.8000,4010.2000,4017.8000,4018.6000,4019.0000,4019.4000,4019.6000,1,2,1,1,1,1,4,1,2,2
SF,IF2009,2020-02-26 09:33:43.200,4017.6000,8685,0,295725060.000,0,-,-,-,-,4015.6000,4015.4000,4015.0000,4014.4000,4013.8000,4017.0000,4017.6000,4017.8000,4018.6000,4019.0000,2,1,2,1,1,1,4,1,2,1
SF,IF2009,2020-02-26 09:33:43.700,4017.6000,8685,0,295725060.000,0,-,-,-,-,4015.8000,4015.6000,4015.4000,4015.0000,4014.4000,4017.0000,4017.2000,4017.6000,4017.8000,4018.6000,1,2,1,2,1,1,1,4,1,2
SF,IF2009,2020-02-26 09:33:44.200,4017.6000,8685,0,295725060.000,0,-,-,-,-,4015.6000,4015.4000,4015.0000,4014.4000,4013.8000,4016.6000,4017.0000,4017.6000,4017.8000,4018.6000,1,1,2,1,1,1,1,3,1,2
SF,IF2009,2020-02-26 09:33:44.700,4017.6000,8685,0,295725060.000,0,-,-,-,-,4015.4000,4015.0000,4014.4000,4013.8000,4010.2000,4016.2000,4016.6000,4017.0000,4017.6000,4017.8000,1,2,1,1,1,1,1,1,3,1
SF,IF2009,2020-02-26 09:33:45.200,4017.0000,8682,-3,300544740.000,4,0,4,多平,S,4015.0000,4014.4000,4013.8000,4010.2000,4010.0000,4017.6000,4019.6000,4021.0000,4025.0000,4027.4000,2,1,1,1,6,3,2,1,5,3
SF,IF2009,2020-02-26 09:33:45.700,4017.0000,8682,0,300544740.000,0,-,-,-,-,4015.0000,4014.4000,4013.8000,4010.2000,4010.0000,4016.6000,4017.4000,4017.6000,4019.6000,4021.0000,2,1,1,1,6,1,2,3,2,1
SF,IF2009,2020-02-26 09:33:46.200,4015.2000,8681,-1,301749300.000,1,0,1,双平,S,4015.0000,4014.4000,4013.8000,4010.2000,4010.0000,4016.4000,4016.6000,4017.4000,4017.6000,4019.6000,2,1,1,1,6,1,1,2,2,2
SF,IF2009,2020-02-26 09:33:46.700,4015.2000,8681,0,301749300.000,0,-,-,-,-,4015.0000,4013.8000,4010.2000,4010.0000,4003.2000,4016.4000,4016.6000,4017.4000,4017.6000,4019.6000,2,1,1,6,3,1,1,2,2,2
SF,IF2009,2020-02-26 09:33:47.200,4015.0000,8680,-1,302953800.000,1,0,1,双平,S,4015.0000,4013.8000,4010.2000,4010.0000,4003.2000,4016.2000,4016.4000,4016.6000,4017.4000,4017.6000,1,1,1,6,3,2,1,1,2,1
SF,IF2009,2020-02-26 09:33:47.700,4015.0000,8679,-1,304158300.000,1,0,1,双平,S,4013.8000,4010.2000,4010.0000,4005.0000,4003.2000,4015.0000,4016.0000,4016.2000,4016.6000,4017.4000,1,1,1,5,3,1,2,1,1,2
SF,IF2009,2020-02-26 09:33:48.200,4015.0000,8679,0,305362800.000,1,0,1,多换,S,4013.8000,4010.2000,4010.0000,4005.0000,4003.2000,4015.0000,4016.0000,4016.2000,4016.6000,4017.4000,1,1,1,5,3,1,2,1,1,2
SF,IF2009,2020-02-26 09:33:48.700,4015.0000,8678,-1,306567300.000,1,0,1,双平,S,4013.8000,4010.2000,4010.0000,4005.0000,4003.2000,4016.0000,4016.2000,4016.6000,4017.4000,4017.6000,1,1,1,5,3,2,1,1,1,1
SF,IF2009,2020-02-26 09:33:49.200,4015.0000,8678,0,306567300.000,0,-,-,-,-,4014.0000,4013.8000,4010.2000,4010.0000,4005.0000,4015.8000,4016.0000,4016.6000,4017.4000,4017.6000,1,1,1,1,5,1,2,1,1,1
SF,IF2009,2020-02-26 09:33:49.700,4015.0000,8678,0,306567300.000,0,-,-,-,-,4014.0000,4013.8000,4010.2000,4010.0000,4005.0000,4015.6000,4015.8000,4016.0000,4016.6000,4017.4000,1,1,1,1,5,2,1,1,1,1
SF,IF2009,2020-02-26 09:33:50.200,4015.0000,8678,0,306567300.000,0,-,-,-,-,4013.8000,4010.2000,4010.0000,4005.0000,4003.2000,4015.4000,4015.6000,4016.0000,4016.6000,4017.4000,1,1,1,5,3,2,2,1,1,1
SF,IF2009,2020-02-26 09:33:50.700,4015.0000,8678,0,306567300.000,0,-,-,-,-,4013.8000,4010.2000,4010.0000,4005.0000,4003.2000,4015.2000,4015.4000,4015.6000,4016.0000,4016.6000,1,1,1,5,3,1,1,2,1,1
SF,IF2009,2020-02-26 09:33:51.200,4013.8000,8677,-1,307771440.000,1,0,1,双平,S,4010.2000,4010.0000,4005.0000,4003.2000,4000.0000,4015.0000,4015.6000,4016.0000,4016.6000,4016.8000,1,1,5,3,4,1,2,1,1,1
SF,IF2009,2020-02-26 09:33:51.700,4013.8000,8677,0,307771440.000,0,-,-,-,-,4011.8000,4010.4000,4010.2000,4010.0000,4005.0000,4014.8000,4015.0000,4015.6000,4016.0000,4016.6000,1,4,1,1,5,2,1,1,1,1
SF,IF2009,2020-02-26 09:33:52.200,4013.8000,8677,0,307771440.000,0,-,-,-,-,4012.0000,4011.8000,4011.0000,4010.4000,4010.2000,4014.8000,4015.0000,4015.6000,4016.0000,4016.6000,2,1,1,2,1,2,1,1,1,1
SF,IF2009,2020-02-26 09:33:52.700,4013.8000,8677,0,307771440.000,0,-,-,-,-,4012.0000,4011.0000,4010.4000,4010.2000,4010.0000,4014.6000,4014.8000,4015.0000,4015.6000,4016.0000,2,1,1,1,1,1,2,1,1,1
SF,IF2009,2020-02-26 09:33:53.200,4013.8000,8677,0,307771440.000,0,-,-,-,-,4012.2000,4012.0000,4011.0000,4010.4000,4010.2000,4014.4000,4014.6000,4015.6000,4016.0000,4016.6000,1,2,1,1,1,3,1,1,1,1
SF,IF2009,2020-02-26 09:33:53.700,4012.4000,8677,0,308975160.000,1,0,1,多换,S,4012.4000,4012.2000,4011.0000,4010.4000,4010.2000,4014.4000,4014.6000,4015.6000,4016.0000,4016.6000,1,1,1,1,1,1,1,1,1,1
SF,IF2009,2020-02-26 09:33:54.200,4012.4000,8677,0,308975160.000,0,-,-,-,-,4012.6000,4012.4000,4012.2000,4010.4000,4010.2000,4014.2000,4014.4000,4015.6000,4016.0000,4016.6000,1,2,1,1,1,2,1,1,1,1
SF,IF2009,2020-02-26 09:33:54.700,4012.4000,8677,0,308975160.000,0,-,-,-,-,4012.4000,4012.2000,4010.4000,4010.2000,4010.0000,4015.6000,4016.0000,4016.6000,4016.8000,4017.6000,2,1,1,1,1,1,1,1,1,1
SF,IF2009,2020-02-26 09:33:55.200,4012.4000,8677,0,308975160.000,0,-,-,-,-,4012.6000,4012.4000,4012.2000,4010.4000,4010.2000,4015.2000,4015.4000,4015.6000,4016.0000,4016.6000,1,2,1,1,1,1,4,1,1,1
SF,IF2009,2020-02-26 09:33:55.700,4012.4000,8677,0,308975160.000,0,-,-,-,-,4012.8000,4012.6000,4010.4000,4010.2000,4010.0000,4015.0000,4015.2000,4015.4000,4016.0000,4016.6000,2,1,1,1,1,2,1,1,1,1
SF,IF2009,2020-02-26 09:33:56.200,4012.4000,8677,0,308975160.000,0,-,-,-,-,4013.0000,4012.8000,4010.4000,4010.2000,4010.0000,4014.8000,4015.0000,4016.0000,4016.6000,4016.8000,1,1,1,1,2,1,2,1,1,1
SF,IF2009,2020-02-26 09:33:56.700,4012.4000,8677,0,308975160.000,0,-,-,-,-,4013.0000,4012.8000,4010.4000,4010.2000,4010.0000,4014.8000,4015.0000,4016.0000,4016.6000,4016.8000,1,1,1,1,2,1,2,1,1,1
SF,IF2009,2020-02-26 09:33:57.200,4012.4000,8677,0,308975160.000,0,-,-,-,-,4012.8000,4010.4000,4010.2000,4010.0000,4005.0000,4014.8000,4015.0000,4016.0000,4016.6000,4016.8000,1,1,1,2,5,1,2,1,1,1
SF,IF2009,2020-02-26 09:33:57.700,4012.8000,8677,0,310179000.000,1,0,1,多换,S,4010.2000,4010.0000,4005.0000,4003.2000,4000.0000,4010.6000,4014.4000,4014.6000,4014.8000,4015.0000,1,2,5,3,4,1,2,3,1,1
SF,IF2009,2020-02-26 09:33:58.200,4010.6000,8676,-1,311382180.000,1,0,1,双平,S,4011.0000,4010.8000,4010.6000,4010.2000,4010.0000,4014.4000,4014.6000,4014.8000,4015.0000,4016.0000,1,1,1,1,2,2,2,1,1,1
SF,IF2009,2020-02-26 09:33:58.700,4010.6000,8676,0,311382180.000,0,-,-,-,-,4011.2000,4010.8000,4010.6000,4010.2000,4010.0000,4014.0000,4014.2000,4014.6000,4016.0000,4016.6000,1,1,1,1,2,1,5,1,1,1
SF,IF2009,2020-02-26 09:33:59.200,4010.6000,8676,0,311382180.000,0,-,-,-,-,4011.2000,4010.8000,4010.6000,4010.2000,4010.0000,4013.8000,4014.2000,4014.6000,4016.0000,4016.6000,1,1,1,1,2,3,2,1,1,1
SF,IF2009,2020-02-26 09:33:59.700,4010.6000,8676,0,311382180.000,0,-,-,-,-,4011.4000,4011.2000,4010.8000,4010.6000,4010.2000,4013.6000,4013.8000,4014.2000,4014.6000,4016.0000,1,1,1,1,1,2,3,1,1,1
SF,IF2009,2020-02-26 09:34:00.200,4011.4000,8675,-1,312585600.000,1,0,1,双平,S,4011.2000,4010.8000,4010.6000,4010.2000,4010.0000,4013.4000,4013.6000,4013.8000,4014.2000,4014.6000,1,1,1,1,2,1,1,2,1,1
SF,IF2009,2020-02-26 09:34:00.700,4011.4000,8675,0,312585600.000,0,-,-,-,-,4010.8000,4010.6000,4010.2000,4010.0000,4005.0000,4013.2000,4013.4000,4013.8000,4014.2000,4014.6000,1,1,1,2,5,2,1,2,1,1
SF,IF2009,2020-02-26 09:34:01.200,4011.4000,8675,0,312585600.000,0,-,-,-,-,4010.8000,4010.6000,4010.2000,4010.0000,4005.0000,4012.8000,4013.0000,4013.2000,4014.2000,4014.6000,1,1,1,2,5,1,5,2,1,1
SF,IF2009,2020-02-26 09:34:01.700,4011.4000,8675,0,312585600.000,0,-,-,-,-,4010.2000,4010.0000,4005.0000,4003.2000,4000.0000,4012.8000,4013.0000,4013.2000,4014.2000,4014.6000,1,2,5,3,4,1,1,2,1,1
SF,IF2009,2020-02-26 09:34:02.200,4010.8000,8674,-1,313788840.000,1,0,1,双平,S,4010.6000,4010.4000,4010.2000,4010.0000,4005.0000,4014.2000,4014.6000,4016.0000,4016.8000,4017.6000,1,1,1,2,5,1,1,1,1,1
SF,IF2009,2020-02-26 09:34:02.700,4014.2000,8676,2,317401620.000,3,2,1,空开,S,4011.0000,4010.8000,4010.2000,4010.0000,4005.0000,4016.8000,4021.0000,4025.0000,4027.4000,4029.0000,1,2,1,2,5,1,1,5,3,2
SF,IF2009,2020-02-26 09:34:03.200,4014.2000,8676,0,317401620.000,0,-,-,-,-,4011.2000,4011.0000,4010.2000,4010.0000,4005.0000,4016.4000,4016.6000,4016.8000,4021.0000,4025.0000,2,1,1,2,5,2,5,1,1,5
SF,IF2009,2020-02-26 09:34:03.700,4014.2000,8676,0,317401620.000,0,-,-,-,-,4012.0000,4011.4000,4011.2000,4010.2000,4010.0000,4016.2000,4016.4000,4016.6000,4016.8000,4021.0000,1,1,2,1,2,2,2,3,1,1
SF,IF2009,2020-02-26 09:34:04.200,4013.2000,8675,-1,318605580.000,1,0,1,双平,S,4012.2000,4012.0000,4011.4000,4011.0000,4010.2000,4016.2000,4016.6000,4016.8000,4021.0000,4025.0000,4,1,1,1,1,2,3,1,1,5
SF,IF2009,2020-02-26 09:34:04.700,4013.2000,8675,0,318605580.000,0,-,-,-,-,4013.0000,4012.2000,4012.0000,4011.4000,4011.0000,4016.2000,4016.6000,4016.8000,4021.0000,4025.0000,1,4,1,1,1,2,3,1,1,5
SF,IF2009,2020-02-26 09:34:05.200,4013.2000,8675,0,318605580.000,0,-,-,-,-,4013.4000,4013.2000,4013.0000,4012.8000,4012.2000,4016.2000,4016.6000,4016.8000,4021.0000,4025.0000,1,2,1,1,2,2,3,1,1,5
SF,IF2009,2020-02-26 09:34:05.700,4013.2000,8674,-1,319809540.000,1,0,1,双平,S,4013.6000,4012.8000,4012.2000,4012.0000,4011.4000,4016.6000,4016.8000,4021.0000,4025.0000,4027.4000,3,1,2,1,1,3,1,1,5,1
SF,IF2009,2020-02-26 09:34:06.200,4013.2000,8674,0,319809540.000,0,-,-,-,-,4014.0000,4013.6000,4012.8000,4012.2000,4012.0000,4016.4000,4016.6000,4016.8000,4021.0000,4025.0000,1,3,1,2,1,2,1,1,1,5
SF,IF2009,2020-02-26 09:34:06.700,4013.2000,8674,0,319809540.000,0,-,-,-,-,4014.0000,4013.6000,4012.8000,4012.2000,4012.0000,4016.2000,4016.4000,4016.6000,4016.8000,4021.0000,1,1,1,2,1,2,2,1,1,1
SF,IF2009,2020-02-26 09:34:07.200,4016.0000,8674,0,321014340.000,1,0,1,多换,S,4013.6000,4012.8000,4012.0000,4011.4000,4011.0000,4016.0000,4016.2000,4016.4000,4016.6000,4016.8000,1,1,1,1,1,2,2,1,1,1
SF,IF2009,2020-02-26 09:34:07.700,4016.0000,8674,0,321014340.000,0,-,-,-,-,4012.8000,4012.0000,4011.4000,4011.0000,4010.2000,4015.6000,4015.8000,4016.0000,4016.6000,4016.8000,1,1,1,1,1,1,3,2,1,1
SF,IF2009,2020-02-26 09:34:08.200,4016.0000,8674,0,321014340.000,0,-,-,-,-,4014.0000,4013.0000,4012.8000,4012.0000,4011.4000,4015.4000,4016.0000,4016.6000,4016.8000,4021.0000,1,3,1,1,1,2,1,1,1,1
SF,IF2009,2020-02-26 09:34:08.700,4016.0000,8674,0,321014340.000,0,-,-,-,-,4014.2000,4014.0000,4012.8000,4012.0000,4011.4000,4016.6000,4016.8000,4021.0000,4025.0000,4027.4000,2,1,1,1,1,1,1,1,5,1
SF,IF2009,2020-02-26 09:34:09.200,4014.2000,8674,0,322218600.000,1,0,1,多换,S,4014.2000,4014.0000,4012.8000,4012.0000,4011.4000,4016.4000,4016.6000,4016.8000,4021.0000,4025.0000,1,1,1,1,1,1,1,1,1,5
SF,IF2009,2020-02-26 09:34:09.700,4014.2000,8674,0,322218600.000,0,-,-,-,-,4014.0000,4012.8000,4012.0000,4011.4000,4011.0000,4016.2000,4016.4000,4016.6000,4016.8000,4021.0000,1,1,1,1,1,2,1,1,1,1
SF,IF2009,2020-02-26 09:34:10.200,4014.2000,8674,0,322218600.000,0,-,-,-,-,4014.4000,4014.0000,4012.8000,4012.0000,4011.4000,4016.0000,4016.2000,4016.6000,4016.8000,4021.0000,1,1,1,1,1,1,2,1,1,1
SF,IF2009,2020-02-26 09:34:10.700,4014.2000,8674,0,322218600.000,0,-,-,-,-,4016.6000,4014.6000,4014.0000,4012.8000,4012.0000,4016.8000,4021.0000,4025.0000,4027.4000,4029.0000,1,2,1,1,1,1,1,5,1,2
SF,IF2009,2020-02-26 09:34:11.200,4016.8000,8672,-2,325833660.000,3,0,3,多平,S,4014.6000,4014.0000,4012.8000,4012.0000,4011.4000,4021.0000,4025.0000,4027.4000,4029.0000,4032.0000,1,1,1,1,1,1,5,1,2,2
SF,IF2009,2020-02-26 09:34:11.700,4016.8000,8672,0,325833660.000,0,-,-,-,-,4015.0000,4014.6000,4014.0000,4012.8000,4012.0000,4018.8000,4020.4000,4020.6000,4020.8000,4021.0000,1,1,1,1,1,1,1,2,5,1
SF,IF2009,2020-02-26 09:34:12.200,4016.8000,8672,0,325833660.000,0,-,-,-,-,4015.2000,4015.0000,4014.0000,4012.8000,4012.0000,4018.6000,4020.4000,4020.6000,4020.8000,4021.0000,2,1,1,1,1,1,1,2,3,1
SF,IF2009,2020-02-26 09:34:12.700,4016.8000,8672,0,325833660.000,0,-,-,-,-,4015.6000,4015.2000,4014.0000,4012.8000,4012.0000,4018.6000,4020.4000,4020.6000,4020.8000,4021.0000,1,2,1,1,1,1,1,2,2,1
SF,IF2009,2020-02-26 09:34:13.200,4016.8000,8672,0,325833660.000,0,-,-,-,-,4016.0000,4015.8000,4015.2000,4014.0000,4012.8000,4018.4000,4018.6000,4020.4000,4020.6000,4020.8000,2,1,1,1,1,1,1,1,2,2
SF,IF2009,2020-02-26 09:34:13.700,4016.8000,8672,0,325833660.000,0,-,-,-,-,4016.2000,4016.0000,4015.2000,4014.0000,4012.8000,4018.4000,4020.4000,4020.6000,4020.8000,4021.0000,2,1,1,1,1,1,1,2,2,1
SF,IF2009,2020-02-26 09:34:14.200,4016.8000,8672,0,325833660.000,0,-,-,-,-,4016.6000,4016.2000,4015.2000,4014.0000,4012.8000,4020.4000,4020.6000,4020.8000,4021.0000,4025.0000,1,1,1,1,1,1,2,2,1,5
SF,IF2009,2020-02-26 09:34:14.700,4016.8000,8672,0,325833660.000,0,-,-,-,-,4017.0000,4016.8000,4016.6000,4015.2000,4014.0000,4020.2000,4020.4000,4020.8000,4021.0000,4025.0000,1,1,1,1,1,2,1,2,1,5
SF,IF2009,2020-02-26 09:34:15.200,4016.8000,8672,0,325833660.000,0,-,-,-,-,4017.4000,4017.2000,4017.0000,4015.2000,4014.0000,4020.0000,4020.2000,4020.4000,4020.8000,4021.0000,1,1,1,1,1,1,2,1,2,1
SF,IF2009,2020-02-26 09:34:15.700,4016.8000,8672,0,325833660.000,0,-,-,-,-,4017.6000,4017.4000,4017.0000,4015.2000,4014.0000,4019.8000,4020.0000,4020.4000,4020.8000,4021.0000,1,1,1,1,1,2,1,1,2,1
SF,IF2009,2020-02-26 09:34:16.200,4019.8000,8672,0,327039600.000,1,0,1,多换,S,4018.0000,4017.8000,4017.6000,4014.0000,4012.8000,4020.0000,4020.8000,4021.0000,4025.0000,4027.4000,1,1,1,1,1,1,2,1,5,1
SF,IF2009,2020-02-26 09:34:16.700,4019.8000,8672,0,327039600.000,0,-,-,-,-,4018.2000,4017.6000,4014.0000,4012.8000,4012.0000,4020.8000,4021.0000,4025.0000,4027.4000,4029.0000,2,1,1,1,1,2,1,5,1,2
SF,IF2009,2020-02-26 09:34:17.200,4019.8000,8672,0,327039600.000,0,-,-,-,-,4018.2000,4014.0000,4012.8000,4012.0000,4011.4000,4020.4000,4020.6000,4021.0000,4025.0000,4027.4000,1,1,1,1,1,1,3,1,5,1
SF,IF2009,2020-02-26 09:34:17.700,4019.8000,8672,0,327039600.000,0,-,-,-,-,4018.6000,4018.4000,4015.0000,4014.0000,4012.8000,4020.6000,4021.0000,4027.4000,4029.0000,4030.0000,1,3,5,1,1,1,1,1,2,5
SF,IF2009,2020-02-26 09:34:18.200,4020.6000,8671,-1,328245780.000,1,0,1,双平,S,4018.8000,4018.4000,4012.8000,4012.0000,4011.4000,4021.0000,4027.4000,4029.0000,4030.0000,4032.0000,3,1,1,1,1,1,1,2,5,2
