市场代码,合约代码,时间,最新,持仓,增仓,成交额,成交量,开仓,平仓,成交类型,方向,买一价,买二价,买三价,买四价,买五价,卖一价,卖二价,卖三价,卖四价,卖五价,买一量,买二量,买三量,买四量,买五量,卖一量,卖二量,卖三量,卖四量,卖五量
SF,IF2012,2020-06-15 09:29:00.100,3779.0000,8885,0,3401100.000,3.000,-,-,-,-,3776.0000,3775.0000,3771.0000,3770.2000,3770.0000,3779.2000,3780.0000,3781.6000,3784.4000,3785.8000,1,2,2,1,1,2,4,2,1,1
SF,IF2012,2020-06-15 09:30:00.100,3779.0000,8885,0,3401100.000,0,-,-,-,-,3776.0000,3775.0000,3771.0000,3770.2000,3770.0000,3779.2000,3780.0000,3781.6000,3784.4000,3785.8000,1,2,2,1,1,2,4,2,1,1
SF,IF2012,2020-06-15 09:30:00.600,3779.0000,8885,0,3401100.000,0,-,-,-,-,3776.2000,3776.0000,3775.0000,3771.0000,3770.2000,3780.0000,3784.4000,3785.8000,3787.6000,3789.8000,1,1,2,2,1,4,1,1,1,1
SF,IF2012,2020-06-15 09:30:01.100,3776.0000,8885,0,4533900.000,1,0,1,多换,S,3775.0000,3771.0000,3770.2000,3770.0000,3766.4000,3779.6000,3780.0000,3784.4000,3785.8000,3787.6000,2,2,1,2,1,1,4,1,1,1
SF,IF2012,2020-06-15 09:30:01.600,3776.0000,8885,0,4533900.000,0,-,-,-,-,3776.0000,3775.0000,3771.0000,3770.2000,3770.0000,3776.2000,3779.6000,3780.0000,3785.0000,3791.6000,1,2,2,1,2,1,6,4,5,4
SF,IF2012,2020-06-15 09:30:02.100,3776.0000,8885,0,6799560.000,2,1,1,多换,S,3775.0000,3771.0000,3770.2000,3770.0000,3766.4000,3779.0000,3779.6000,3780.0000,3785.0000,3791.6000,2,2,1,2,1,2,6,4,5,4
SF,IF2012,2020-06-15 09:30:02.600,3776.0000,8885,0,6799560.000,0,-,-,-,-,3775.2000,3775.0000,3771.0000,3770.2000,3770.0000,3776.0000,3778.8000,3779.6000,3780.0000,3785.0000,1,2,2,1,2,5,1,1,4,5
SF,IF2012,2020-06-15 09:30:03.100,3775.4000,8880,-5,13595820.000,6,0,6,多平,S,3775.0000,3771.0000,3770.2000,3770.0000,3766.4000,3776.0000,3778.8000,3779.6000,3780.0000,3785.0000,2,2,1,2,1,1,2,1,4,5
SF,IF2012,2020-06-15 09:30:03.600,3775.0000,8880,0,14728320.000,1,0,1,多换,S,3775.0000,3771.0000,3770.2000,3770.0000,3766.4000,3776.0000,3778.8000,3779.6000,3780.0000,3785.0000,1,2,1,2,1,1,2,1,4,5
SF,IF2012,2020-06-15 09:30:04.100,3775.0000,8880,0,14728320.000,0,-,-,-,-,3775.0000,3771.0000,3770.2000,3770.0000,3766.4000,3775.2000,3776.0000,3776.4000,3778.2000,3778.8000,1,2,1,2,1,1,1,1,2,2
SF,IF2012,2020-06-15 09:30:04.600,3775.0000,8880,0,15860820.000,1,0,1,多换,S,3771.0000,3770.2000,3770.0000,3766.4000,3765.0000,3776.0000,3776.4000,3778.2000,3778.8000,3779.6000,2,1,2,1,5,1,1,2,2,1
SF,IF2012,2020-06-15 09:30:05.100,3775.0000,8880,0,15860820.000,0,-,-,-,-,3771.4000,3771.2000,3771.0000,3770.2000,3770.0000,3775.0000,3775.8000,3776.4000,3778.2000,3778.8000,1,1,2,1,2,1,1,1,2,2
SF,IF2012,2020-06-15 09:30:05.600,3775.0000,8880,0,15860820.000,0,-,-,-,-,3771.4000,3771.2000,3771.0000,3770.2000,3770.0000,3774.8000,3775.0000,3776.4000,3778.2000,3778.8000,1,1,2,1,2,1,1,1,4,2
SF,IF2012,2020-06-15 09:30:06.100,3775.0000,8878,-2,19257240.000,3,0,3,多平,S,3772.0000,3771.6000,3771.4000,3771.0000,3770.2000,3776.4000,3778.2000,3778.8000,3779.6000,3780.0000,2,1,1,2,1,1,2,1,1,4
SF,IF2012,2020-06-15 09:30:06.600,3772.0000,8877,-1,21520500.000,2,0,2,多平,S,3772.0000,3771.4000,3771.0000,3770.2000,3770.0000,3776.2000,3776.4000,3778.2000,3778.8000,3779.6000,1,1,2,1,2,1,1,2,1,1
SF,IF2012,2020-06-15 09:30:07.100,3772.0000,8877,0,22652100.000,1,0,1,多换,S,3771.4000,3771.0000,3770.2000,3770.0000,3766.4000,3776.2000,3776.4000,3778.2000,3778.8000,3779.6000,1,2,1,2,1,1,1,2,1,1
SF,IF2012,2020-06-15 09:30:07.600,3772.0000,8877,0,23783700.000,1,0,1,多换,S,3775.0000,3771.8000,3771.0000,3770.2000,3770.0000,3775.6000,3776.2000,3776.4000,3778.8000,3779.6000,1,2,2,1,2,2,1,1,1,1
SF,IF2012,2020-06-15 09:30:08.100,3775.0000,8876,-1,24916200.000,1,0,1,双平,S,3771.8000,3771.0000,3770.2000,3770.0000,3766.4000,3775.6000,3778.8000,3779.6000,3780.0000,3792.6000,2,2,1,2,1,2,1,1,4,1
SF,IF2012,2020-06-15 09:30:08.600,3771.8000,8876,0,26047740.000,1,0,1,多换,S,3771.8000,3771.0000,3770.2000,3770.0000,3766.4000,3775.6000,3778.8000,3779.6000,3780.0000,3792.6000,1,2,1,2,1,2,1,1,4,1
SF,IF2012,2020-06-15 09:30:09.100,3771.8000,8876,0,27179280.000,1,0,1,多换,S,3771.0000,3770.2000,3770.0000,3766.4000,3763.0000,3774.0000,3775.6000,3778.8000,3779.6000,3780.0000,2,1,2,1,1,1,2,1,1,4
SF,IF2012,2020-06-15 09:30:09.600,3771.8000,8876,0,27179280.000,0,-,-,-,-,3771.0000,3770.2000,3770.0000,3766.4000,3763.0000,3774.6000,3775.2000,3778.8000,3779.6000,3780.0000,2,1,2,1,1,2,1,1,1,4
SF,IF2012,2020-06-15 09:30:10.100,3773.4000,8874,-2,30574680.000,3,0,3,多平,S,3771.2000,3771.0000,3770.2000,3770.0000,3766.4000,3774.6000,3775.2000,3779.6000,3780.0000,3792.6000,1,2,1,2,1,2,1,1,4,1
SF,IF2012,2020-06-15 09:30:10.600,3775.2000,8871,-3,33972000.000,3,0,3,双平,S,3771.6000,3771.4000,3771.2000,3771.0000,3770.2000,3779.6000,3780.0000,3792.6000,3793.6000,3800.0000,1,2,1,2,1,1,4,1,1,1
SF,IF2012,2020-06-15 09:30:11.100,3775.2000,8871,0,33972000.000,0,-,-,-,-,3772.6000,3771.8000,3771.6000,3771.2000,3771.0000,3779.2000,3779.6000,3780.0000,3792.6000,3793.6000,2,1,1,1,2,5,1,4,1,1
SF,IF2012,2020-06-15 09:30:11.600,3775.2000,8871,0,33972000.000,0,-,-,-,-,3772.6000,3771.6000,3771.0000,3770.2000,3770.0000,3779.0000,3779.2000,3779.4000,3779.6000,3780.0000,4,1,2,1,2,2,5,1,1,4
SF,IF2012,2020-06-15 09:30:12.100,3775.2000,8871,0,33972000.000,0,-,-,-,-,3773.6000,3773.4000,3771.6000,3771.0000,3770.2000,3778.4000,3779.0000,3779.2000,3779.4000,3779.6000,2,1,1,2,1,1,2,5,1,1
SF,IF2012,2020-06-15 09:30:12.600,3778.4000,8870,-1,35105520.000,1,0,1,双平,S,3773.6000,3773.4000,3771.6000,3771.0000,3770.2000,3778.8000,3779.0000,3779.2000,3779.4000,3779.6000,2,1,1,2,1,1,2,5,1,1
SF,IF2012,2020-06-15 09:30:13.100,3778.4000,8870,0,35105520.000,0,-,-,-,-,3778.4000,3773.6000,3773.4000,3771.6000,3771.0000,3778.8000,3779.0000,3779.2000,3779.4000,3779.6000,1,2,1,1,2,1,2,5,1,1
SF,IF2012,2020-06-15 09:30:13.600,3778.4000,8868,-2,37372560.000,2,0,2,双平,S,3774.4000,3774.0000,3771.0000,3770.2000,3770.0000,3778.2000,3778.8000,3779.0000,3779.4000,3779.6000,2,1,2,1,2,4,1,1,1,1
SF,IF2012,2020-06-15 09:30:14.100,3778.4000,8867,-1,38506080.000,1,0,1,双平,S,3774.4000,3774.0000,3771.0000,3770.2000,3770.0000,3778.2000,3778.8000,3780.0000,3784.2000,3792.6000,2,1,2,1,2,2,1,4,4,1
SF,IF2012,2020-06-15 09:30:14.600,3778.4000,8867,0,38506080.000,0,-,-,-,-,3775.4000,3775.0000,3773.6000,3771.0000,3770.2000,3780.0000,3784.2000,3800.0000,3804.0000,3809.2000,2,1,1,2,1,4,4,1,2,1
SF,IF2012,2020-06-15 09:30:15.100,3778.4000,8867,0,38506080.000,0,-,-,-,-,3775.6000,3775.4000,3775.0000,3773.6000,3771.0000,3778.2000,3779.8000,3780.0000,3784.2000,3800.0000,1,2,1,1,2,1,2,4,4,1
SF,IF2012,2020-06-15 09:30:15.600,3778.4000,8867,0,38506080.000,0,-,-,-,-,3776.4000,3776.0000,3775.6000,3775.0000,3773.6000,3780.0000,3784.2000,3800.0000,3804.0000,3809.2000,2,2,1,1,1,4,4,1,2,1
SF,IF2012,2020-06-15 09:30:16.100,3778.4000,8867,0,38506080.000,0,-,-,-,-,3776.6000,3776.4000,3776.0000,3775.6000,3775.0000,3778.4000,3780.0000,3784.2000,3800.0000,3804.0000,1,2,2,1,1,1,4,4,1,2
SF,IF2012,2020-06-15 09:30:16.600,3778.4000,8866,-1,39639600.000,1,0,1,双平,S,3776.4000,3776.0000,3775.6000,3775.0000,3773.6000,3780.0000,3784.2000,3800.0000,3804.0000,3809.2000,2,2,1,1,1,4,4,1,2,1
SF,IF2012,2020-06-15 09:30:17.100,3778.4000,8866,0,39639600.000,0,-,-,-,-,3776.8000,3776.0000,3775.6000,3775.0000,3773.6000,3780.0000,3784.2000,3800.0000,3804.0000,3809.2000,1,2,1,1,1,4,4,1,2,1
SF,IF2012,2020-06-15 09:30:17.600,3778.4000,8866,0,39639600.000,0,-,-,-,-,3777.4000,3777.0000,3776.8000,3776.0000,3775.6000,3780.0000,3784.2000,3800.0000,3804.0000,3809.2000,2,1,1,2,1,4,4,1,2,1
SF,IF2012,2020-06-15 09:30:18.100,3778.4000,8866,0,39639600.000,0,-,-,-,-,3777.6000,3777.4000,3776.8000,3775.6000,3775.0000,3780.0000,3784.2000,3800.0000,3804.0000,3809.2000,1,2,1,1,1,4,4,1,2,1
SF,IF2012,2020-06-15 09:30:18.600,3778.4000,8866,0,39639600.000,0,-,-,-,-,3778.4000,3777.6000,3777.4000,3776.8000,3775.6000,3780.0000,3784.2000,3800.0000,3804.0000,3809.2000,1,1,2,1,1,4,4,1,2,1
SF,IF2012,2020-06-15 09:30:19.100,3778.4000,8866,0,39639600.000,0,-,-,-,-,3778.6000,3778.4000,3777.4000,3776.8000,3775.6000,3780.0000,3784.2000,3800.0000,3804.0000,3809.2000,1,1,2,1,1,4,4,1,2,1
SF,IF2012,2020-06-15 09:30:19.600,3780.0000,8863,-3,43041600.000,3,0,3,双平,S,3778.6000,3777.4000,3776.8000,3775.6000,3775.0000,3780.0000,3784.2000,3800.0000,3804.0000,3809.2000,1,2,1,1,1,1,4,1,2,1
SF,IF2012,2020-06-15 09:30:20.100,3780.0000,8862,-1,44175600.000,1,0,1,双平,S,3778.6000,3776.8000,3775.6000,3775.0000,3773.6000,3784.2000,3800.0000,3804.0000,3809.2000,3810.0000,1,1,1,1,1,4,1,2,1,1
SF,IF2012,2020-06-15 09:30:20.600,3780.0000,8862,0,44175600.000,0,-,-,-,-,3778.6000,3776.8000,3775.6000,3775.0000,3773.6000,3783.0000,3783.8000,3784.0000,3784.2000,3800.0000,1,1,1,1,1,1,5,3,5,1
SF,IF2012,2020-06-15 09:30:21.100,3780.0000,8862,0,44175600.000,0,-,-,-,-,3778.6000,3776.8000,3775.6000,3775.0000,3773.6000,3782.4000,3782.6000,3782.8000,3783.0000,3783.8000,1,1,1,1,1,2,1,2,1,5
SF,IF2012,2020-06-15 09:30:21.600,3780.0000,8862,0,44175600.000,0,-,-,-,-,3778.6000,3776.8000,3775.6000,3775.0000,3773.6000,3782.4000,3782.6000,3782.8000,3783.0000,3783.8000,1,1,1,1,1,2,1,2,1,5
SF,IF2012,2020-06-15 09:30:22.100,3780.0000,8862,0,44175600.000,0,-,-,-,-,3778.6000,3776.8000,3775.6000,3775.0000,3773.6000,3781.6000,3782.4000,3782.8000,3783.0000,3783.8000,1,1,1,1,1,1,2,2,1,5
SF,IF2012,2020-06-15 09:30:22.600,3780.0000,8862,0,44175600.000,0,-,-,-,-,3778.6000,3776.8000,3775.6000,3775.0000,3773.6000,3781.6000,3782.4000,3782.8000,3783.0000,3783.8000,1,1,1,1,1,1,2,2,1,5
SF,IF2012,2020-06-15 09:30:23.100,3780.0000,8862,0,44175600.000,0,-,-,-,-,3778.6000,3776.8000,3775.0000,3773.6000,3771.0000,3781.2000,3781.6000,3782.8000,3783.0000,3783.8000,1,1,1,1,2,1,1,2,1,5
SF,IF2012,2020-06-15 09:30:23.600,3780.0000,8862,0,44175600.000,0,-,-,-,-,3778.8000,3778.6000,3776.8000,3773.6000,3771.0000,3781.6000,3782.8000,3783.0000,3783.8000,3784.0000,1,1,1,1,2,1,2,1,5,1
SF,IF2012,2020-06-15 09:30:24.100,3780.0000,8862,0,44175600.000,0,-,-,-,-,3779.0000,3778.8000,3773.6000,3771.0000,3770.2000,3781.6000,3782.8000,3783.0000,3783.8000,3784.0000,1,1,1,2,1,1,2,1,5,1
SF,IF2012,2020-06-15 09:30:24.600,3780.0000,8862,0,44175600.000,0,-,-,-,-,3773.6000,3771.0000,3770.2000,3770.0000,3766.4000,3781.4000,3781.6000,3782.8000,3783.0000,3783.8000,1,2,1,2,1,1,1,2,1,5
SF,IF2012,2020-06-15 09:30:25.100,3780.0000,8862,0,44175600.000,0,-,-,-,-,3775.2000,3774.0000,3773.6000,3771.0000,3770.2000,3781.4000,3781.6000,3782.8000,3783.0000,3783.8000,1,9,1,2,1,1,1,2,1,5
SF,IF2012,2020-06-15 09:30:25.600,3780.0000,8862,0,44175600.000,0,-,-,-,-,3775.4000,3775.2000,3774.0000,3773.6000,3771.0000,3780.4000,3780.8000,3782.8000,3783.0000,3783.8000,1,1,9,1,2,2,1,2,1,5
SF,IF2012,2020-06-15 09:30:26.100,3780.0000,8862,0,44175600.000,0,-,-,-,-,3775.8000,3775.4000,3775.2000,3774.0000,3773.6000,3780.2000,3780.4000,3780.8000,3782.8000,3783.0000,2,1,1,9,1,1,2,3,2,1
SF,IF2012,2020-06-15 09:30:26.600,3780.0000,8862,0,44175600.000,0,-,-,-,-,3776.0000,3775.8000,3775.4000,3775.2000,3774.0000,3779.8000,3780.2000,3780.4000,3780.8000,3782.8000,1,2,1,1,9,2,1,2,1,2
SF,IF2012,2020-06-15 09:30:27.100,3780.0000,8862,0,44175600.000,0,-,-,-,-,3777.4000,3776.4000,3776.0000,3775.8000,3775.2000,3779.6000,3779.8000,3782.8000,3783.0000,3783.8000,1,1,1,2,1,1,3,2,1,5
SF,IF2012,2020-06-15 09:30:27.600,3780.0000,8862,0,44175600.000,0,-,-,-,-,3776.6000,3776.4000,3776.0000,3775.2000,3774.0000,3779.6000,3779.8000,3782.8000,3783.0000,3783.8000,2,1,1,1,8,1,3,2,1,5
SF,IF2012,2020-06-15 09:30:28.100,3780.0000,8862,0,44175600.000,0,-,-,-,-,3777.6000,3776.6000,3776.4000,3776.0000,3775.2000,3779.6000,3779.8000,3782.8000,3783.0000,3783.8000,1,2,1,1,1,1,3,2,1,5
SF,IF2012,2020-06-15 09:30:29.100,3780.0000,8862,0,44175600.000,0,-,-,-,-,3777.6000,3776.4000,3776.0000,3775.2000,3774.0000,3779.6000,3779.8000,3782.8000,3783.0000,3783.8000,1,1,1,1,8,1,2,2,1,5
SF,IF2012,2020-06-15 09:30:29.600,3780.0000,8862,0,44175600.000,0,-,-,-,-,3778.0000,3777.6000,3776.4000,3776.0000,3775.2000,3779.6000,3779.8000,3782.8000,3783.0000,3783.8000,2,1,1,1,1,1,2,2,1,5
SF,IF2012,2020-06-15 09:30:30.100,3780.0000,8862,0,44175600.000,0,-,-,-,-,3778.0000,3777.6000,3776.4000,3776.0000,3775.2000,3779.6000,3782.8000,3783.0000,3783.8000,3784.0000,2,1,1,1,1,1,2,1,5,1
SF,IF2012,2020-06-15 09:30:30.600,3779.8000,8861,-1,45309540.000,1,0,1,双平,S,3778.0000,3777.6000,3776.4000,3776.0000,3775.2000,3782.8000,3789.8000,3800.0000,3804.0000,3809.2000,2,1,1,1,1,2,4,1,2,1
SF,IF2012,2020-06-15 09:30:31.100,3779.8000,8861,0,45309540.000,0,-,-,-,-,3778.2000,3778.0000,3776.4000,3776.0000,3775.2000,3782.8000,3789.8000,3800.0000,3804.0000,3809.2000,1,2,1,1,1,2,4,1,2,1
SF,IF2012,2020-06-15 09:30:31.600,3779.8000,8861,0,45309540.000,0,-,-,-,-,3778.2000,3778.0000,3776.4000,3776.0000,3775.2000,3782.8000,3789.8000,3800.0000,3804.0000,3809.2000,1,2,1,1,1,2,4,1,2,1
SF,IF2012,2020-06-15 09:30:32.100,3779.8000,8861,0,45309540.000,0,-,-,-,-,3779.4000,3778.6000,3778.2000,3776.4000,3776.0000,3782.6000,3782.8000,3789.8000,3800.0000,3804.0000,2,2,1,1,1,1,2,4,1,2
SF,IF2012,2020-06-15 09:30:32.600,3779.8000,8861,0,45309540.000,0,-,-,-,-,3779.6000,3779.4000,3776.4000,3775.2000,3774.0000,3781.6000,3782.6000,3782.8000,3789.8000,3800.0000,2,2,1,1,8,2,1,2,4,1
SF,IF2012,2020-06-15 09:30:33.100,3779.8000,8861,0,45309540.000,0,-,-,-,-,3779.6000,3776.4000,3775.2000,3774.0000,3773.6000,3781.6000,3782.6000,3782.8000,3789.8000,3800.0000,2,1,1,8,1,2,1,2,4,1
SF,IF2012,2020-06-15 09:30:33.600,3779.8000,8861,0,45309540.000,0,-,-,-,-,3779.6000,3776.4000,3775.2000,3774.0000,3773.6000,3782.8000,3789.8000,3800.0000,3804.0000,3809.2000,1,1,1,8,1,2,4,1,2,1
SF,IF2012,2020-06-15 09:30:34.100,3779.8000,8861,0,45309540.000,0,-,-,-,-,3779.6000,3776.4000,3775.2000,3774.0000,3773.6000,3782.2000,3782.6000,3789.8000,3800.0000,3804.0000,1,1,1,8,1,2,1,4,1,2
SF,IF2012,2020-06-15 09:30:34.600,3779.8000,8861,0,45309540.000,0,-,-,-,-,3779.6000,3776.4000,3775.2000,3774.0000,3773.6000,3782.2000,3782.6000,3789.8000,3800.0000,3804.0000,1,1,1,8,1,2,1,4,1,2
SF,IF2012,2020-06-15 09:30:35.100,3779.8000,8861,0,45309540.000,0,-,-,-,-,3779.6000,3776.4000,3775.2000,3774.0000,3773.6000,3782.2000,3782.6000,3789.8000,3800.0000,3804.0000,1,1,1,8,1,2,1,4,1,2
SF,IF2012,2020-06-15 09:30:35.600,3779.8000,8861,0,45309540.000,0,-,-,-,-,3779.8000,3779.6000,3776.4000,3775.2000,3774.0000,3781.6000,3782.2000,3789.8000,3800.0000,3804.0000,1,1,1,1,8,2,2,4,1,2
SF,IF2012,2020-06-15 09:30:36.100,3779.8000,8861,0,45309540.000,0,-,-,-,-,3780.0000,3779.8000,3779.6000,3775.2000,3774.0000,3781.6000,3782.2000,3789.8000,3800.0000,3804.0000,1,1,1,1,8,2,2,4,1,2
SF,IF2012,2020-06-15 09:30:36.600,3779.8000,8861,0,45309540.000,0,-,-,-,-,3780.0000,3779.8000,3779.6000,3775.2000,3774.0000,3781.6000,3782.2000,3789.8000,3800.0000,3804.0000,1,1,1,1,8,2,2,4,1,2
SF,IF2012,2020-06-15 09:30:37.100,3780.0000,8860,-1,46443540.000,1,0,1,双平,S,3779.6000,3775.2000,3774.0000,3773.6000,3771.0000,3781.4000,3781.6000,3789.8000,3800.0000,3804.0000,1,1,8,1,2,1,2,4,1,2
SF,IF2012,2020-06-15 09:30:37.600,3780.0000,8860,0,46443540.000,0,-,-,-,-,3779.6000,3775.2000,3774.0000,3773.6000,3771.0000,3781.4000,3783.8000,3789.8000,3800.0000,3804.0000,1,1,8,1,2,1,1,4,1,2
SF,IF2012,2020-06-15 09:30:38.100,3780.0000,8860,0,46443540.000,0,-,-,-,-,3779.6000,3775.2000,3774.0000,3773.6000,3771.0000,3781.4000,3783.8000,3789.8000,3800.0000,3804.0000,1,1,8,1,2,1,1,4,1,2
SF,IF2012,2020-06-15 09:30:38.600,3780.0000,8860,0,46443540.000,0,-,-,-,-,3779.6000,3775.2000,3774.0000,3773.6000,3771.0000,3781.4000,3783.8000,3789.8000,3800.0000,3804.0000,1,1,8,1,2,1,1,4,1,2
SF,IF2012,2020-06-15 09:30:39.100,3780.0000,8860,0,46443540.000,0,-,-,-,-,3779.6000,3775.2000,3774.0000,3773.6000,3771.0000,3781.4000,3789.8000,3800.0000,3804.0000,3809.2000,1,1,8,1,2,1,4,1,2,1
SF,IF2012,2020-06-15 09:30:39.600,3780.0000,8860,0,46443540.000,0,-,-,-,-,3779.6000,3775.2000,3774.0000,3773.6000,3771.0000,3781.4000,3789.8000,3800.0000,3804.0000,3809.2000,1,1,8,1,2,1,4,1,2,1
SF,IF2012,2020-06-15 09:30:40.100,3780.0000,8860,0,46443540.000,0,-,-,-,-,3779.6000,3776.0000,3775.2000,3774.0000,3773.6000,3781.4000,3786.6000,3789.8000,3800.0000,3804.0000,1,1,1,8,1,1,1,4,1,2
SF,IF2012,2020-06-15 09:30:40.600,3780.0000,8860,0,46443540.000,0,-,-,-,-,3779.6000,3776.0000,3775.2000,3774.0000,3773.6000,3781.4000,3786.6000,3789.8000,3800.0000,3804.0000,1,1,1,8,1,1,1,4,1,2
SF,IF2012,2020-06-15 09:30:41.600,3779.6000,8859,-1,47577420.000,1,0,1,双平,S,3780.0000,3776.0000,3775.2000,3774.0000,3773.6000,3781.2000,3781.4000,3786.6000,3789.8000,3800.0000,1,1,1,8,1,1,1,1,4,1
SF,IF2012,2020-06-15 09:30:42.100,3780.0000,8859,0,48711420.000,1,0,1,多换,S,3776.0000,3775.2000,3774.0000,3773.6000,3771.0000,3781.2000,3781.4000,3786.6000,3789.8000,3800.0000,1,1,8,1,2,1,1,1,4,1
SF,IF2012,2020-06-15 09:30:42.600,3780.0000,8859,0,48711420.000,0,-,-,-,-,3776.0000,3775.2000,3774.0000,3773.6000,3771.0000,3781.0000,3781.2000,3781.4000,3786.6000,3789.8000,1,1,8,1,2,1,1,1,1,4
SF,IF2012,2020-06-15 09:30:43.100,3780.0000,8859,0,48711420.000,0,-,-,-,-,3776.2000,3776.0000,3775.2000,3774.0000,3773.6000,3781.0000,3781.4000,3786.6000,3789.8000,3800.0000,1,1,1,8,1,1,1,1,4,1
SF,IF2012,2020-06-15 09:30:43.600,3780.0000,8859,0,48711420.000,0,-,-,-,-,3776.2000,3776.0000,3775.2000,3774.0000,3773.6000,3781.0000,3781.4000,3786.6000,3789.8000,3800.0000,1,1,1,8,1,1,1,1,4,1
SF,IF2012,2020-06-15 09:30:44.100,3780.0000,8859,0,48711420.000,0,-,-,-,-,3776.2000,3776.0000,3775.2000,3774.0000,3773.6000,3780.2000,3781.0000,3781.4000,3786.6000,3789.8000,1,1,1,8,1,2,1,1,1,4
SF,IF2012,2020-06-15 09:30:44.600,3780.0000,8859,0,48711420.000,0,-,-,-,-,3776.0000,3775.2000,3774.0000,3773.6000,3771.0000,3780.0000,3780.2000,3780.8000,3781.4000,3786.6000,1,1,8,1,2,1,2,1,1,1
SF,IF2012,2020-06-15 09:30:46.100,3780.0000,8859,0,48711420.000,0,-,-,-,-,3776.2000,3776.0000,3775.2000,3774.0000,3773.6000,3779.6000,3780.0000,3781.4000,3786.6000,3789.8000,1,1,1,8,1,1,1,1,1,4
SF,IF2012,2020-06-15 09:30:46.600,3780.0000,8859,0,48711420.000,0,-,-,-,-,3776.2000,3776.0000,3775.2000,3774.0000,3773.6000,3779.4000,3781.4000,3786.6000,3789.8000,3800.0000,1,1,1,8,1,1,1,1,4,1
SF,IF2012,2020-06-15 09:30:47.100,3780.0000,8859,0,48711420.000,0,-,-,-,-,3776.6000,3776.2000,3776.0000,3775.2000,3774.0000,3779.4000,3781.4000,3786.6000,3789.8000,3800.0000,2,1,1,1,8,1,1,1,4,1
SF,IF2012,2020-06-15 09:30:47.600,3780.0000,8859,0,48711420.000,0,-,-,-,-,3776.8000,3776.2000,3776.0000,3775.2000,3774.0000,3779.4000,3781.4000,3786.6000,3789.8000,3800.0000,1,1,1,1,8,1,1,1,4,1
SF,IF2012,2020-06-15 09:30:48.100,3777.0000,8858,-1,49844520.000,1,0,1,双平,S,3776.8000,3776.2000,3776.0000,3775.2000,3774.0000,3779.4000,3781.4000,3786.6000,3789.8000,3800.0000,1,1,1,1,8,1,1,1,4,1
SF,IF2012,2020-06-15 09:30:49.100,3777.0000,8858,0,49844520.000,0,-,-,-,-,3777.0000,3776.8000,3776.2000,3776.0000,3775.2000,3779.4000,3781.4000,3786.6000,3789.8000,3800.0000,1,1,1,1,1,1,1,1,4,1
SF,IF2012,2020-06-15 09:30:49.600,3777.0000,8858,0,49844520.000,0,-,-,-,-,3777.2000,3776.8000,3776.2000,3776.0000,3775.2000,3781.4000,3786.6000,3789.8000,3800.0000,3804.0000,1,1,1,1,1,1,1,4,1,2
SF,IF2012,2020-06-15 09:30:50.100,3777.0000,8858,0,49844520.000,0,-,-,-,-,3777.4000,3777.2000,3776.8000,3776.2000,3776.0000,3779.4000,3781.4000,3786.6000,3789.8000,3800.0000,1,1,1,1,1,1,1,1,4,1
SF,IF2012,2020-06-15 09:30:50.600,3777.0000,8858,0,49844520.000,0,-,-,-,-,3777.4000,3777.2000,3776.8000,3776.0000,3775.2000,3779.4000,3780.4000,3781.4000,3786.6000,3789.8000,1,1,1,1,1,1,2,1,1,4
SF,IF2012,2020-06-15 09:30:51.600,3779.4000,8858,0,50978340.000,1,0,1,多换,S,3777.4000,3777.2000,3776.8000,3776.0000,3775.2000,3780.4000,3781.4000,3786.6000,3789.8000,3800.0000,1,1,1,1,1,2,1,1,4,1
SF,IF2012,2020-06-15 09:30:52.100,3779.4000,8858,0,50978340.000,0,-,-,-,-,3777.2000,3776.8000,3776.0000,3775.2000,3774.0000,3780.4000,3781.4000,3786.6000,3789.8000,3800.0000,1,1,1,1,8,2,1,1,4,1
SF,IF2012,2020-06-15 09:30:52.600,3779.4000,8858,0,50978340.000,0,-,-,-,-,3777.8000,3777.2000,3776.8000,3776.0000,3775.2000,3780.4000,3781.4000,3786.6000,3789.8000,3800.0000,2,1,1,1,1,2,1,1,4,1
SF,IF2012,2020-06-15 09:30:53.100,3779.4000,8858,0,50978340.000,0,-,-,-,-,3777.2000,3776.0000,3775.2000,3774.0000,3773.6000,3780.4000,3781.4000,3786.6000,3789.8000,3800.0000,1,1,1,8,1,2,1,1,4,1
SF,IF2012,2020-06-15 09:30:53.600,3779.4000,8858,0,50978340.000,0,-,-,-,-,3777.2000,3776.0000,3775.2000,3774.0000,3773.6000,3780.4000,3781.4000,3786.6000,3789.8000,3800.0000,1,1,1,8,1,2,1,1,4,1
SF,IF2012,2020-06-15 09:30:54.100,3779.4000,8858,0,50978340.000,0,-,-,-,-,3777.2000,3776.0000,3775.2000,3774.0000,3773.6000,3780.4000,3786.6000,3789.8000,3800.0000,3804.0000,1,1,1,8,1,2,1,4,1,2
SF,IF2012,2020-06-15 09:30:54.600,3779.4000,8858,0,50978340.000,0,-,-,-,-,3777.2000,3776.0000,3775.2000,3774.0000,3773.6000,3780.4000,3786.6000,3789.8000,3800.0000,3804.0000,1,1,1,8,1,2,1,4,1,2
SF,IF2012,2020-06-15 09:30:55.100,3779.4000,8858,0,50978340.000,0,-,-,-,-,3777.2000,3776.0000,3775.2000,3774.0000,3773.6000,3786.6000,3789.8000,3800.0000,3804.0000,3809.2000,1,1,1,8,1,1,4,1,2,1
SF,IF2012,2020-06-15 09:30:55.600,3779.4000,8858,0,50978340.000,0,-,-,-,-,3777.2000,3776.0000,3775.2000,3774.0000,3773.6000,3783.0000,3784.0000,3784.2000,3785.6000,3786.2000,1,1,1,8,1,1,1,1,1,5
SF,IF2012,2020-06-15 09:30:56.100,3779.4000,8858,0,50978340.000,0,-,-,-,-,3777.4000,3777.2000,3776.0000,3775.2000,3774.0000,3782.6000,3783.0000,3784.0000,3784.2000,3785.6000,2,1,1,1,8,2,1,1,1,1
SF,IF2012,2020-06-15 09:30:56.600,3779.4000,8858,0,50978340.000,0,-,-,-,-,3777.8000,3777.6000,3777.4000,3777.2000,3776.0000,3782.6000,3783.0000,3784.0000,3784.2000,3785.6000,1,1,2,1,1,3,1,1,1,1
SF,IF2012,2020-06-15 09:30:57.100,3779.4000,8858,0,50978340.000,0,-,-,-,-,3777.8000,3777.6000,3777.4000,3777.2000,3776.0000,3781.6000,3782.6000,3783.0000,3784.0000,3784.2000,1,1,2,1,1,1,1,1,1,1
SF,IF2012,2020-06-15 09:30:57.600,3779.4000,8858,0,50978340.000,0,-,-,-,-,3778.0000,3777.8000,3777.6000,3777.2000,3776.0000,3781.6000,3782.6000,3783.0000,3784.0000,3784.2000,1,1,1,1,1,1,1,1,1,1
SF,IF2012,2020-06-15 09:30:58.100,3779.4000,8858,0,50978340.000,0,-,-,-,-,3778.0000,3777.8000,3777.6000,3777.2000,3776.0000,3781.2000,3782.6000,3783.0000,3784.0000,3784.2000,1,1,1,1,1,2,1,1,1,1
SF,IF2012,2020-06-15 09:30:59.600,3781.2000,8857,-1,52112700.000,1,0,1,双平,S,3778.0000,3777.8000,3777.6000,3777.2000,3776.0000,3781.2000,3783.0000,3784.0000,3784.2000,3785.6000,1,1,1,1,1,1,1,1,1,1
SF,IF2012,2020-06-15 09:31:00.100,3781.2000,8857,0,52112700.000,0,-,-,-,-,3778.0000,3777.8000,3777.6000,3777.2000,3776.0000,3783.0000,3784.0000,3784.2000,3785.6000,3786.2000,1,1,1,1,1,1,1,1,1,5
SF,IF2012,2020-06-15 09:31:00.600,3781.2000,8857,0,52112700.000,0,-,-,-,-,3780.0000,3778.0000,3777.8000,3777.6000,3777.2000,3783.0000,3784.0000,3784.2000,3785.6000,3786.2000,1,1,1,1,1,1,1,1,1,5
SF,IF2012,2020-06-15 09:31:01.100,3781.2000,8857,0,52112700.000,0,-,-,-,-,3780.0000,3778.0000,3777.2000,3776.0000,3775.2000,3782.8000,3783.0000,3784.0000,3784.2000,3785.6000,1,1,1,1,1,1,1,1,1,1
SF,IF2012,2020-06-15 09:31:01.600,3781.2000,8857,0,52112700.000,0,-,-,-,-,3780.0000,3776.0000,3775.2000,3774.0000,3773.6000,3782.8000,3783.0000,3784.0000,3784.2000,3785.6000,1,1,1,8,1,1,1,1,1,1
SF,IF2012,2020-06-15 09:31:02.100,3781.2000,8857,0,52112700.000,0,-,-,-,-,3780.2000,3780.0000,3776.0000,3775.2000,3774.0000,3782.8000,3783.0000,3784.0000,3784.2000,3785.6000,1,1,1,1,8,1,1,1,1,1
SF,IF2012,2020-06-15 09:31:02.600,3781.2000,8857,0,52112700.000,0,-,-,-,-,3780.2000,3780.0000,3776.0000,3775.2000,3774.0000,3782.8000,3783.0000,3784.0000,3784.2000,3785.6000,1,1,1,1,8,1,1,1,1,1
SF,IF2012,2020-06-15 09:31:03.100,3781.2000,8857,0,52112700.000,0,-,-,-,-,3776.0000,3775.2000,3774.0000,3773.6000,3771.0000,3782.4000,3782.6000,3782.8000,3783.0000,3784.0000,1,1,8,1,2,1,1,1,1,1
SF,IF2012,2020-06-15 09:31:03.600,3782.2000,8856,-1,53247360.000,1,0,1,双平,S,3777.4000,3776.2000,3776.0000,3775.2000,3774.0000,3782.4000,3782.6000,3783.0000,3784.0000,3785.6000,1,1,1,1,8,1,1,1,1,1
SF,IF2012,2020-06-15 09:31:04.100,3782.2000,8856,0,53247360.000,0,-,-,-,-,3777.6000,3776.0000,3775.2000,3774.0000,3773.6000,3782.2000,3782.4000,3783.0000,3784.0000,3785.6000,2,1,1,8,1,1,1,1,1,1
SF,IF2012,2020-06-15 09:31:05.100,3782.2000,8856,0,53247360.000,0,-,-,-,-,3778.4000,3778.2000,3777.6000,3776.0000,3775.2000,3782.2000,3782.4000,3783.0000,3784.0000,3785.6000,3,1,2,1,1,1,1,1,1,1
SF,IF2012,2020-06-15 09:31:05.600,3782.2000,8856,0,53247360.000,0,-,-,-,-,3778.6000,3778.4000,3778.2000,3776.0000,3775.2000,3782.2000,3784.0000,3785.6000,3786.2000,3786.4000,2,4,1,1,1,1,1,1,5,2
SF,IF2012,2020-06-15 09:31:06.100,3782.2000,8856,0,53247360.000,0,-,-,-,-,3779.0000,3778.6000,3778.4000,3778.2000,3776.0000,3782.2000,3784.0000,3785.6000,3786.2000,3786.4000,2,2,2,1,1,1,1,1,5,2
SF,IF2012,2020-06-15 09:31:06.600,3782.2000,8856,0,53247360.000,0,-,-,-,-,3779.2000,3779.0000,3778.8000,3778.6000,3778.4000,3782.2000,3784.0000,3785.6000,3786.2000,3786.4000,2,2,2,1,1,2,1,1,5,2
SF,IF2012,2020-06-15 09:31:07.100,3782.2000,8856,0,53247360.000,0,-,-,-,-,3779.8000,3779.2000,3779.0000,3778.6000,3778.2000,3782.2000,3784.0000,3785.6000,3786.2000,3786.4000,1,2,2,1,1,2,1,1,5,2
SF,IF2012,2020-06-15 09:31:07.600,3782.2000,8856,0,54382020.000,1,0,1,多换,S,3780.0000,3779.8000,3779.2000,3779.0000,3778.6000,3785.6000,3786.2000,3786.4000,3786.6000,3789.8000,1,1,1,2,1,1,5,2,2,4
SF,IF2012,2020-06-15 09:31:08.100,3782.2000,8856,0,54382020.000,0,-,-,-,-,3780.0000,3779.8000,3778.6000,3778.2000,3776.0000,3785.4000,3785.6000,3786.2000,3786.6000,3789.8000,4,1,1,1,1,3,1,5,2,4
SF,IF2012,2020-06-15 09:31:08.600,3782.2000,8856,0,54382020.000,0,-,-,-,-,3780.6000,3780.0000,3778.2000,3776.0000,3775.2000,3785.4000,3785.6000,3786.2000,3786.6000,3789.8000,1,4,1,1,1,3,1,5,2,4
SF,IF2012,2020-06-15 09:31:09.100,3782.2000,8856,0,54382020.000,0,-,-,-,-,3780.8000,3780.6000,3780.2000,3778.2000,3776.0000,3784.8000,3785.2000,3785.4000,3785.6000,3786.2000,1,1,2,1,1,2,1,3,1,5
SF,IF2012,2020-06-15 09:31:09.600,3782.2000,8856,0,54382020.000,0,-,-,-,-,3780.8000,3780.6000,3780.2000,3778.2000,3776.0000,3784.6000,3784.8000,3785.2000,3785.4000,3785.6000,1,1,2,1,1,1,2,1,2,1
SF,IF2012,2020-06-15 09:31:10.100,3782.2000,8856,0,54382020.000,0,-,-,-,-,3780.8000,3780.6000,3780.2000,3778.2000,3776.0000,3784.6000,3784.8000,3785.2000,3785.4000,3785.6000,1,1,2,1,1,2,2,1,2,1
SF,IF2012,2020-06-15 09:31:10.600,3782.2000,8856,0,54382020.000,0,-,-,-,-,3781.2000,3780.8000,3780.2000,3778.2000,3776.0000,3784.2000,3784.4000,3784.6000,3784.8000,3785.2000,1,1,2,1,1,2,3,1,1,1
SF,IF2012,2020-06-15 09:31:11.100,3784.0000,8856,0,55517220.000,1,0,1,多换,S,3781.4000,3781.2000,3778.2000,3776.0000,3775.2000,3784.2000,3784.4000,3784.8000,3785.6000,3786.2000,1,1,1,1,1,2,1,1,1,5
SF,IF2012,2020-06-15 09:31:11.600,3784.0000,8856,0,55517220.000,0,-,-,-,-,3781.4000,3781.2000,3778.2000,3776.0000,3775.2000,3784.0000,3784.2000,3784.8000,3785.6000,3786.2000,1,1,1,1,1,1,3,1,1,5
SF,IF2012,2020-06-15 09:31:12.100,3784.0000,8856,0,55517220.000,0,-,-,-,-,3781.8000,3781.4000,3778.2000,3776.0000,3775.2000,3784.0000,3784.2000,3785.6000,3786.2000,3786.6000,2,1,1,1,1,2,1,1,5,2
SF,IF2012,2020-06-15 09:31:12.600,3784.0000,8856,0,55517220.000,0,-,-,-,-,3782.0000,3781.8000,3778.2000,3776.0000,3775.2000,3783.8000,3784.0000,3784.2000,3785.6000,3786.2000,1,2,1,1,1,3,2,1,1,5
SF,IF2012,2020-06-15 09:31:13.100,3784.0000,8856,0,55517220.000,0,-,-,-,-,3782.0000,3781.8000,3778.2000,3776.0000,3775.2000,3783.6000,3783.8000,3784.2000,3785.6000,3786.2000,1,2,1,1,1,1,1,1,1,5
SF,IF2012,2020-06-15 09:31:13.600,3784.0000,8856,0,55517220.000,0,-,-,-,-,3782.0000,3778.2000,3776.0000,3775.2000,3774.0000,3783.8000,3785.6000,3786.2000,3786.6000,3789.8000,1,1,1,1,8,1,1,5,2,4
SF,IF2012,2020-06-15 09:31:14.100,3784.0000,8856,0,57787620.000,2,1,1,多换,S,3782.0000,3778.2000,3776.0000,3775.2000,3774.0000,3783.6000,3785.6000,3786.2000,3786.6000,3789.8000,1,1,1,1,8,1,1,5,2,4
SF,IF2012,2020-06-15 09:31:14.600,3784.0000,8856,0,57787620.000,0,-,-,-,-,3782.0000,3778.2000,3776.0000,3775.2000,3774.0000,3783.6000,3785.6000,3786.2000,3786.6000,3789.8000,1,1,1,1,8,1,1,5,2,4
SF,IF2012,2020-06-15 09:31:15.100,3784.0000,8856,0,57787620.000,0,-,-,-,-,3782.0000,3778.2000,3776.0000,3775.2000,3774.0000,3783.4000,3783.6000,3785.6000,3786.2000,3786.6000,1,1,1,1,8,2,3,1,5,2
SF,IF2012,2020-06-15 09:31:15.600,3784.0000,8856,0,57787620.000,0,-,-,-,-,3782.2000,3782.0000,3778.2000,3776.0000,3775.2000,3783.2000,3783.6000,3785.6000,3786.2000,3786.6000,1,1,1,1,1,2,2,1,5,2
SF,IF2012,2020-06-15 09:31:16.100,3784.0000,8856,0,57787620.000,0,-,-,-,-,3782.4000,3782.2000,3778.2000,3776.0000,3775.2000,3783.2000,3783.6000,3785.6000,3786.2000,3786.6000,1,1,1,1,1,2,2,1,5,2
SF,IF2012,2020-06-15 09:31:16.600,3784.0000,8856,0,57787620.000,0,-,-,-,-,3782.4000,3782.2000,3778.2000,3776.0000,3775.2000,3783.2000,3783.6000,3785.6000,3786.6000,3789.8000,1,1,1,1,1,2,2,1,2,4
SF,IF2012,2020-06-15 09:31:17.100,3783.2000,8856,0,58922580.000,1,0,1,多换,S,3782.4000,3782.2000,3778.2000,3776.0000,3775.2000,3783.2000,3783.6000,3785.6000,3786.6000,3789.8000,1,1,1,1,1,1,1,1,2,4
SF,IF2012,2020-06-15 09:31:17.600,3783.2000,8855,-1,60057540.000,1,0,1,双平,S,3783.4000,3782.6000,3782.2000,3778.2000,3776.0000,3783.6000,3785.6000,3786.6000,3789.8000,3800.0000,1,1,1,1,1,1,1,2,4,1
SF,IF2012,2020-06-15 09:31:18.100,3783.6000,8855,0,61192620.000,1,0,1,多换,S,3783.4000,3782.6000,3782.2000,3778.2000,3776.0000,3785.6000,3786.6000,3789.8000,3800.0000,3804.0000,1,1,1,1,1,1,2,4,1,2
SF,IF2012,2020-06-15 09:31:18.600,3783.6000,8855,0,61192620.000,0,-,-,-,-,3783.6000,3783.4000,3782.6000,3782.2000,3778.2000,3785.4000,3785.6000,3786.6000,3789.8000,3800.0000,1,1,1,1,1,1,1,2,4,1
SF,IF2012,2020-06-15 09:31:19.100,3783.6000,8855,0,61192620.000,0,-,-,-,-,3783.6000,3783.4000,3782.6000,3782.2000,3778.2000,3786.6000,3789.8000,3800.0000,3804.0000,3809.2000,1,1,1,1,1,2,4,1,2,1
SF,IF2012,2020-06-15 09:31:19.600,3783.6000,8855,0,61192620.000,0,-,-,-,-,3783.6000,3783.4000,3782.6000,3782.2000,3778.2000,3786.4000,3786.6000,3789.8000,3800.0000,3804.0000,1,1,1,1,1,5,2,4,1,2
SF,IF2012,2020-06-15 09:31:20.100,3783.6000,8855,0,61192620.000,0,-,-,-,-,3783.6000,3783.4000,3782.6000,3782.2000,3778.2000,3786.4000,3786.6000,3789.8000,3800.0000,3804.0000,1,1,1,1,1,5,2,4,1,2
SF,IF2012,2020-06-15 09:31:21.100,3783.6000,8855,0,61192620.000,0,-,-,-,-,3783.6000,3783.4000,3782.6000,3782.2000,3778.2000,3786.4000,3786.6000,3789.8000,3800.0000,3804.0000,1,1,1,1,1,4,2,4,1,2
SF,IF2012,2020-06-15 09:31:22.100,3783.6000,8855,0,61192620.000,0,-,-,-,-,3784.0000,3783.8000,3783.6000,3783.4000,3782.6000,3786.4000,3786.6000,3789.8000,3800.0000,3804.0000,1,1,1,1,1,4,2,4,1,2
SF,IF2012,2020-06-15 09:31:22.600,3783.6000,8855,0,61192620.000,0,-,-,-,-,3784.2000,3784.0000,3783.8000,3783.4000,3782.6000,3786.4000,3786.6000,3796.6000,3800.0000,3804.0000,1,1,1,1,1,4,2,4,1,2
SF,IF2012,2020-06-15 09:31:23.100,3783.6000,8855,0,61192620.000,0,-,-,-,-,3784.2000,3784.0000,3783.8000,3783.4000,3782.6000,3786.4000,3786.6000,3796.6000,3800.0000,3804.0000,1,1,1,1,1,4,2,4,1,2
SF,IF2012,2020-06-15 09:31:23.600,3783.6000,8855,0,61192620.000,0,-,-,-,-,3784.4000,3784.2000,3783.8000,3783.4000,3782.6000,3786.4000,3786.6000,3796.6000,3800.0000,3804.0000,1,1,1,1,1,4,2,4,1,2
SF,IF2012,2020-06-15 09:31:24.100,3784.4000,8854,-1,62327940.000,1,0,1,双平,S,3784.2000,3783.8000,3783.4000,3782.6000,3778.2000,3786.4000,3786.6000,3796.6000,3800.0000,3804.0000,1,1,1,1,1,4,2,4,1,2
SF,IF2012,2020-06-15 09:31:24.600,3784.4000,8854,0,62327940.000,0,-,-,-,-,3784.2000,3783.8000,3783.4000,3782.6000,3782.0000,3785.8000,3786.4000,3786.6000,3796.6000,3800.0000,1,1,1,1,2,1,4,2,4,1
SF,IF2012,2020-06-15 09:31:25.100,3784.4000,8854,0,62327940.000,0,-,-,-,-,3784.2000,3783.8000,3783.4000,3782.6000,3782.0000,3785.6000,3785.8000,3786.4000,3786.6000,3796.6000,1,1,1,1,2,2,1,1,2,4
SF,IF2012,2020-06-15 09:31:25.600,3784.4000,8854,0,62327940.000,0,-,-,-,-,3784.2000,3783.8000,3783.4000,3782.0000,3778.2000,3785.6000,3786.4000,3786.6000,3796.6000,3800.0000,1,1,1,2,1,1,1,2,4,1
SF,IF2012,2020-06-15 09:31:26.100,3784.4000,8854,0,62327940.000,0,-,-,-,-,3784.4000,3784.2000,3783.8000,3783.4000,3782.0000,3786.4000,3786.6000,3796.6000,3800.0000,3804.0000,1,1,1,1,2,1,2,4,1,2
SF,IF2012,2020-06-15 09:31:26.600,3784.4000,8854,0,62327940.000,0,-,-,-,-,3784.6000,3784.4000,3783.8000,3783.4000,3778.2000,3786.2000,3786.4000,3786.6000,3796.6000,3800.0000,1,1,1,1,1,1,1,2,4,1
SF,IF2012,2020-06-15 09:31:27.100,3784.4000,8854,0,62327940.000,0,-,-,-,-,3784.6000,3784.4000,3783.8000,3783.4000,3778.2000,3786.2000,3786.4000,3786.6000,3796.6000,3800.0000,1,1,1,1,1,1,1,2,4,1
SF,IF2012,2020-06-15 09:31:30.100,3784.4000,8854,0,62327940.000,0,-,-,-,-,3784.6000,3784.4000,3783.8000,3783.4000,3778.2000,3786.2000,3786.4000,3786.6000,3788.4000,3796.6000,1,1,1,1,1,1,1,2,1,4
SF,IF2012,2020-06-15 09:31:30.600,3784.4000,8854,0,62327940.000,0,-,-,-,-,3784.6000,3784.0000,3783.8000,3783.4000,3778.2000,3786.6000,3788.4000,3796.6000,3800.0000,3804.0000,1,1,1,1,1,2,1,4,1,2
SF,IF2012,2020-06-15 09:31:31.600,3784.4000,8854,0,62327940.000,0,-,-,-,-,3784.8000,3784.6000,3784.0000,3783.8000,3783.4000,3786.6000,3788.4000,3796.6000,3800.0000,3804.0000,1,1,1,1,1,2,1,4,1,2
SF,IF2012,2020-06-15 09:31:32.100,3784.4000,8854,0,62327940.000,0,-,-,-,-,3785.0000,3784.8000,3784.0000,3783.8000,3783.4000,3786.6000,3788.4000,3796.6000,3800.0000,3804.0000,1,3,1,1,1,2,1,4,1,2
SF,IF2012,2020-06-15 09:31:32.600,3784.4000,8854,0,62327940.000,0,-,-,-,-,3785.0000,3784.8000,3784.0000,3783.8000,3783.4000,3786.6000,3788.4000,3796.6000,3800.0000,3804.0000,1,1,1,1,1,2,1,4,1,2
SF,IF2012,2020-06-15 09:31:33.100,3784.4000,8854,0,62327940.000,0,-,-,-,-,3785.2000,3785.0000,3784.8000,3784.0000,3783.8000,3786.6000,3788.4000,3796.6000,3800.0000,3804.0000,1,1,1,1,1,2,1,4,1,2
SF,IF2012,2020-06-15 09:31:33.600,3784.4000,8854,0,62327940.000,0,-,-,-,-,3785.4000,3785.2000,3784.8000,3784.0000,3783.8000,3786.6000,3788.4000,3796.6000,3800.0000,3804.0000,2,1,1,1,1,2,1,4,1,2
SF,IF2012,2020-06-15 09:31:34.100,3786.6000,8853,-1,64599900.000,2,0,2,多平,S,3785.4000,3785.2000,3784.8000,3784.0000,3783.8000,3788.4000,3796.6000,3800.0000,3804.0000,3805.0000,3,1,1,1,1,1,4,1,2,1
SF,IF2012,2020-06-15 09:31:34.600,3786.6000,8853,0,64599900.000,0,-,-,-,-,3785.6000,3785.4000,3784.0000,3783.8000,3783.4000,3788.2000,3788.4000,3796.6000,3800.0000,3804.0000,1,3,1,1,1,1,1,4,1,2
SF,IF2012,2020-06-15 09:31:35.100,3786.6000,8853,0,64599900.000,0,-,-,-,-,3785.8000,3785.6000,3785.4000,3784.0000,3783.8000,3788.2000,3788.4000,3796.6000,3800.0000,3804.0000,1,1,1,1,1,2,1,4,1,2
SF,IF2012,2020-06-15 09:31:35.600,3786.6000,8853,0,64599900.000,0,-,-,-,-,3785.8000,3785.6000,3785.4000,3784.0000,3783.8000,3788.2000,3796.6000,3800.0000,3804.0000,3805.0000,1,1,1,1,1,2,4,1,2,1
SF,IF2012,2020-06-15 09:31:36.100,3786.6000,8853,0,64599900.000,0,-,-,-,-,3786.2000,3785.8000,3785.4000,3784.0000,3783.8000,3788.0000,3788.2000,3796.6000,3800.0000,3804.0000,1,1,1,1,1,1,1,4,1,2
SF,IF2012,2020-06-15 09:31:36.600,3786.6000,8853,0,64599900.000,0,-,-,-,-,3786.4000,3786.2000,3785.4000,3784.0000,3783.8000,3788.0000,3788.2000,3796.6000,3800.0000,3804.0000,1,1,1,1,1,1,1,4,1,2
SF,IF2012,2020-06-15 09:31:37.100,3786.6000,8853,0,64599900.000,0,-,-,-,-,3786.4000,3786.2000,3785.4000,3784.0000,3783.4000,3787.8000,3788.0000,3796.6000,3800.0000,3804.0000,1,1,1,1,1,2,2,4,1,2
SF,IF2012,2020-06-15 09:31:37.600,3786.6000,8853,0,64599900.000,0,-,-,-,-,3786.4000,3786.2000,3785.4000,3784.0000,3783.4000,3787.8000,3788.0000,3796.6000,3800.0000,3804.0000,1,1,1,1,1,1,2,4,1,2
SF,IF2012,2020-06-15 09:31:38.100,3786.6000,8854,1,65735880.000,1,1,0,双开,S,3786.4000,3785.4000,3784.0000,3783.4000,3778.2000,3787.8000,3788.0000,3796.6000,3800.0000,3804.0000,1,1,1,1,1,1,1,4,1,2
SF,IF2012,2020-06-15 09:31:38.600,3786.6000,8854,0,65735880.000,0,-,-,-,-,3786.4000,3784.0000,3783.4000,3778.2000,3776.0000,3788.0000,3796.6000,3800.0000,3804.0000,3805.0000,1,1,1,1,1,1,4,1,2,1
SF,IF2012,2020-06-15 09:31:40.600,3786.6000,8854,0,65735880.000,0,-,-,-,-,3786.4000,3784.0000,3783.4000,3778.2000,3776.0000,3788.0000,3799.8000,3800.0000,3804.0000,3805.0000,1,1,1,1,1,1,4,1,2,1
SF,IF2012,2020-06-15 09:31:41.100,3786.6000,8854,0,65735880.000,0,-,-,-,-,3786.4000,3784.0000,3783.4000,3778.2000,3776.0000,3788.0000,3799.8000,3800.0000,3804.0000,3805.0000,1,1,1,1,1,1,4,1,2,1
SF,IF2012,2020-06-15 09:31:41.600,3786.6000,8854,0,65735880.000,0,-,-,-,-,3786.4000,3784.0000,3783.4000,3778.2000,3776.0000,3788.0000,3799.8000,3800.0000,3804.0000,3805.0000,1,1,1,1,1,1,4,1,2,1
SF,IF2012,2020-06-15 09:31:42.600,3786.6000,8854,0,65735880.000,0,-,-,-,-,3786.4000,3784.0000,3783.4000,3778.2000,3776.0000,3788.0000,3799.8000,3800.0000,3804.0000,3805.0000,21,1,1,1,1,1,4,1,2,1
SF,IF2012,2020-06-15 09:31:43.100,3786.6000,8854,0,65735880.000,0,-,-,-,-,3786.6000,3786.4000,3784.0000,3783.4000,3778.2000,3788.0000,3799.8000,3800.0000,3804.0000,3805.0000,1,21,1,1,1,1,4,1,2,1
SF,IF2012,2020-06-15 09:31:43.600,3786.6000,8854,0,65735880.000,0,-,-,-,-,3786.8000,3786.6000,3786.4000,3784.0000,3783.4000,3788.0000,3799.8000,3800.0000,3804.0000,3805.0000,1,1,20,1,1,1,4,1,2,1
SF,IF2012,2020-06-15 09:31:44.100,3786.6000,8854,0,65735880.000,0,-,-,-,-,3786.8000,3786.6000,3786.4000,3784.0000,3783.4000,3788.0000,3799.8000,3800.0000,3804.0000,3805.0000,1,1,20,1,1,1,4,1,2,1
SF,IF2012,2020-06-15 09:31:44.600,3788.0000,8854,0,66872280.000,1,0,1,多换,S,3786.6000,3786.4000,3784.0000,3783.4000,3778.2000,3792.0000,3799.8000,3800.0000,3804.0000,3805.0000,1,20,1,1,1,1,4,1,2,1
SF,IF2012,2020-06-15 09:31:45.100,3788.0000,8854,0,66872280.000,0,-,-,-,-,3786.8000,3786.6000,3786.4000,3784.0000,3783.4000,3790.8000,3791.6000,3791.8000,3792.0000,3799.8000,1,1,21,1,1,1,5,2,1,4
SF,IF2012,2020-06-15 09:31:45.600,3788.0000,8854,0,66872280.000,0,-,-,-,-,3786.8000,3786.6000,3786.4000,3784.0000,3783.4000,3790.6000,3790.8000,3791.0000,3791.6000,3791.8000,1,1,21,1,1,1,2,1,5,1
SF,IF2012,2020-06-15 09:31:46.100,3788.0000,8854,0,66872280.000,0,-,-,-,-,3787.0000,3786.8000,3786.4000,3784.0000,3783.4000,3790.6000,3790.8000,3791.6000,3791.8000,3792.0000,1,1,21,1,1,1,3,5,1,1
SF,IF2012,2020-06-15 09:31:46.600,3788.0000,8854,0,66872280.000,0,-,-,-,-,3787.2000,3787.0000,3786.4000,3784.0000,3783.4000,3790.6000,3790.8000,3791.6000,3792.0000,3799.8000,1,2,21,1,1,1,3,5,1,4
SF,IF2012,2020-06-15 09:31:47.100,3788.0000,8854,0,66872280.000,0,-,-,-,-,3787.2000,3787.0000,3786.4000,3786.0000,3784.0000,3790.6000,3790.8000,3791.6000,3792.0000,3799.8000,1,2,21,1,1,1,3,5,1,4
SF,IF2012,2020-06-15 09:31:47.600,3788.0000,8854,0,66872280.000,0,-,-,-,-,3787.2000,3786.4000,3786.0000,3784.0000,3783.4000,3790.4000,3790.6000,3790.8000,3791.6000,3792.0000,1,21,1,1,1,1,1,3,5,1
SF,IF2012,2020-06-15 09:31:48.100,3788.0000,8854,0,66872280.000,0,-,-,-,-,3787.2000,3786.4000,3786.0000,3784.0000,3783.4000,3790.2000,3790.4000,3790.6000,3790.8000,3791.6000,1,21,1,1,1,1,1,1,3,5
SF,IF2012,2020-06-15 09:31:48.600,3788.0000,8854,0,66872280.000,0,-,-,-,-,3787.2000,3786.4000,3786.0000,3784.0000,3783.4000,3790.2000,3790.6000,3790.8000,3791.6000,3792.0000,1,21,1,1,1,1,1,3,5,1
SF,IF2012,2020-06-15 09:31:49.100,3788.0000,8854,0,66872280.000,0,-,-,-,-,3787.2000,3786.4000,3786.0000,3784.0000,3783.4000,3790.0000,3790.2000,3790.6000,3790.8000,3791.6000,1,21,1,1,1,1,1,1,3,5
SF,IF2012,2020-06-15 09:31:49.600,3788.0000,8854,0,66872280.000,0,-,-,-,-,3786.4000,3786.0000,3784.0000,3783.4000,3778.2000,3789.8000,3790.0000,3790.6000,3790.8000,3791.6000,21,1,1,1,1,3,1,1,3,5
SF,IF2012,2020-06-15 09:31:50.100,3788.0000,8854,0,66872280.000,0,-,-,-,-,3786.6000,3786.4000,3786.0000,3784.0000,3783.4000,3789.8000,3790.0000,3790.6000,3790.8000,3791.6000,1,21,1,1,1,3,1,1,3,5
SF,IF2012,2020-06-15 09:31:50.600,3788.0000,8854,0,66872280.000,0,-,-,-,-,3786.6000,3786.4000,3786.0000,3784.0000,3783.4000,3789.6000,3789.8000,3790.6000,3790.8000,3791.6000,1,21,1,1,1,1,3,1,3,5
SF,IF2012,2020-06-15 09:31:51.100,3788.0000,8854,0,66872280.000,0,-,-,-,-,3786.6000,3786.4000,3786.0000,3784.0000,3783.4000,3789.0000,3789.4000,3789.6000,3789.8000,3790.6000,1,21,1,1,1,1,2,1,1,1
SF,IF2012,2020-06-15 09:31:51.600,3788.0000,8854,0,66872280.000,0,-,-,-,-,3786.8000,3786.6000,3786.4000,3786.0000,3784.0000,3788.8000,3789.0000,3789.8000,3790.6000,3790.8000,1,1,21,1,1,2,1,1,1,3
SF,IF2012,2020-06-15 09:31:52.100,3788.0000,8854,0,66872280.000,0,-,-,-,-,3787.0000,3786.8000,3786.4000,3786.0000,3784.0000,3788.8000,3789.0000,3789.8000,3790.6000,3790.8000,1,1,21,1,1,2,1,1,1,3
SF,IF2012,2020-06-15 09:31:52.600,3788.0000,8854,0,66872280.000,0,-,-,-,-,3787.0000,3786.4000,3786.0000,3784.0000,3783.4000,3788.8000,3789.0000,3789.8000,3790.6000,3790.8000,1,21,1,1,1,2,1,1,1,3
SF,IF2012,2020-06-15 09:31:53.600,3788.0000,8854,0,66872280.000,0,-,-,-,-,3787.0000,3786.4000,3786.0000,3784.0000,3783.4000,3788.0000,3788.8000,3789.0000,3789.8000,3790.6000,1,21,1,1,1,2,2,1,1,1
SF,IF2012,2020-06-15 09:31:54.600,3787.0000,8854,0,68008380.000,1,0,1,多换,S,3786.4000,3786.0000,3784.0000,3783.4000,3778.2000,3788.0000,3788.8000,3789.0000,3789.8000,3790.6000,21,1,1,1,1,2,2,1,1,1
SF,IF2012,2020-06-15 09:31:55.100,3787.0000,8854,0,68008380.000,0,-,-,-,-,3786.6000,3786.4000,3786.0000,3784.0000,3783.4000,3788.0000,3788.8000,3789.0000,3789.8000,3790.6000,1,21,1,1,1,2,1,1,1,1
SF,IF2012,2020-06-15 09:31:56.100,3787.0000,8854,0,68008380.000,0,-,-,-,-,3786.6000,3786.4000,3786.0000,3784.0000,3783.4000,3788.0000,3788.8000,3790.6000,3790.8000,3791.6000,1,21,1,1,1,2,1,1,2,5
SF,IF2012,2020-06-15 09:31:57.100,3788.0000,8854,0,69144780.000,1,0,1,多换,S,3786.6000,3786.4000,3786.0000,3784.0000,3783.4000,3788.0000,3788.8000,3790.6000,3790.8000,3791.6000,1,21,1,1,1,1,1,1,2,5
SF,IF2012,2020-06-15 09:31:57.600,3788.0000,8854,0,69144780.000,0,-,-,-,-,3786.6000,3786.4000,3786.0000,3784.0000,3783.4000,3788.0000,3788.8000,3790.6000,3790.8000,3791.6000,1,21,1,1,1,1,1,1,2,5
SF,IF2012,2020-06-15 09:31:58.100,3788.0000,8854,0,69144780.000,0,-,-,-,-,3786.8000,3786.6000,3786.4000,3786.0000,3784.0000,3788.0000,3790.6000,3790.8000,3791.6000,3793.6000,1,1,21,1,1,1,1,2,5,1
SF,IF2012,2020-06-15 09:31:58.600,3788.0000,8854,0,70281180.000,1,0,1,多换,S,3787.0000,3786.8000,3786.4000,3786.0000,3784.0000,3788.0000,3790.6000,3790.8000,3791.6000,3793.6000,1,1,21,1,1,1,1,2,5,1
SF,IF2012,2020-06-15 09:31:59.100,3788.0000,8854,0,70281180.000,0,-,-,-,-,3787.0000,3786.4000,3786.0000,3784.0000,3783.4000,3788.0000,3790.6000,3790.8000,3791.6000,3793.6000,1,21,1,1,1,1,1,2,5,1
SF,IF2012,2020-06-15 09:32:03.100,3788.0000,8854,0,70281180.000,0,-,-,-,-,3787.0000,3786.4000,3786.0000,3784.0000,3783.4000,3787.8000,3788.0000,3790.6000,3790.8000,3791.6000,1,21,1,1,1,1,1,1,2,5
SF,IF2012,2020-06-15 09:32:03.600,3788.0000,8854,0,70281180.000,0,-,-,-,-,3787.0000,3786.4000,3786.0000,3784.0000,3783.4000,3787.6000,3787.8000,3788.0000,3790.6000,3790.8000,1,21,1,1,1,1,1,1,1,2
SF,IF2012,2020-06-15 09:32:04.100,3788.0000,8854,0,70281180.000,0,-,-,-,-,3787.0000,3786.4000,3786.0000,3784.0000,3783.4000,3787.6000,3787.8000,3788.0000,3790.6000,3790.8000,1,21,1,1,1,1,1,1,1,2
SF,IF2012,2020-06-15 09:32:04.600,3787.0000,8854,0,71417280.000,1,0,1,多换,S,3786.4000,3786.0000,3784.0000,3783.4000,3778.2000,3787.6000,3787.8000,3788.0000,3790.6000,3790.8000,21,1,1,1,1,1,1,1,1,2
SF,IF2012,2020-06-15 09:32:05.100,3787.0000,8854,0,71417280.000,0,-,-,-,-,3786.4000,3786.0000,3784.0000,3783.4000,3778.2000,3787.6000,3788.0000,3790.6000,3790.8000,3791.6000,21,1,1,1,1,1,1,1,2,6
SF,IF2012,2020-06-15 09:32:08.100,3787.0000,8854,0,71417280.000,0,-,-,-,-,3786.4000,3786.0000,3784.0000,3783.4000,3778.2000,3787.4000,3787.6000,3788.0000,3790.6000,3790.8000,21,1,1,1,1,1,1,1,1,2
SF,IF2012,2020-06-15 09:32:12.100,3787.0000,8854,0,71417280.000,0,-,-,-,-,3786.4000,3786.0000,3784.0000,3783.4000,3778.2000,3787.2000,3787.4000,3787.6000,3788.0000,3790.6000,21,1,1,1,1,1,1,1,1,1
SF,IF2012,2020-06-15 09:32:12.600,3786.4000,8854,0,73689120.000,2,1,1,多换,S,3786.4000,3786.0000,3784.0000,3783.4000,3778.2000,3787.0000,3787.2000,3787.4000,3787.6000,3788.0000,19,1,1,1,1,2,1,1,1,1
SF,IF2012,2020-06-15 09:32:13.100,3786.4000,8854,0,89592000.000,14,7,7,多换,S,3786.4000,3786.0000,3784.0000,3783.4000,3778.2000,3787.0000,3787.2000,3787.4000,3787.6000,3788.0000,5,1,1,1,1,1,1,1,1,1
SF,IF2012,2020-06-15 09:32:13.600,3786.4000,8854,0,95271600.000,5,2,3,多换,S,3786.0000,3784.0000,3783.4000,3778.2000,3776.0000,3786.2000,3787.0000,3787.4000,3787.6000,3788.0000,1,1,1,1,1,1,1,1,1,1
SF,IF2012,2020-06-15 09:32:14.100,3786.0000,8854,0,96407400.000,1,0,1,多换,S,3784.0000,3783.4000,3778.2000,3776.0000,3773.6000,3786.2000,3786.4000,3787.0000,3787.4000,3787.6000,1,1,1,1,1,2,1,1,1,1
SF,IF2012,2020-06-15 09:32:14.600,3786.0000,8854,0,96407400.000,0,-,-,-,-,3784.2000,3784.0000,3783.4000,3778.2000,3776.0000,3786.0000,3786.2000,3787.0000,3787.4000,3788.0000,2,1,1,1,1,1,1,1,1,1
SF,IF2012,2020-06-15 09:32:15.100,3786.0000,8854,0,96407400.000,0,-,-,-,-,3784.2000,3784.0000,3783.4000,3778.2000,3776.0000,3786.0000,3786.2000,3787.0000,3787.4000,3790.6000,2,1,1,1,1,1,1,1,1,1
SF,IF2012,2020-06-15 09:32:15.600,3786.0000,8854,0,96407400.000,0,-,-,-,-,3784.2000,3784.0000,3783.4000,3778.2000,3776.0000,3786.0000,3786.2000,3787.0000,3787.4000,3790.6000,1,1,1,1,1,1,1,1,1,1
SF,IF2012,2020-06-15 09:32:16.100,3786.0000,8854,0,96407400.000,0,-,-,-,-,3784.2000,3784.0000,3783.4000,3778.2000,3776.0000,3785.8000,3786.0000,3786.2000,3787.0000,3787.4000,1,1,1,1,1,1,1,1,1,1
SF,IF2012,2020-06-15 09:32:16.600,3786.0000,8854,0,96407400.000,0,-,-,-,-,3784.2000,3784.0000,3783.4000,3778.2000,3776.0000,3785.8000,3786.0000,3786.2000,3787.0000,3787.4000,1,1,1,1,1,2,1,1,1,1
SF,IF2012,2020-06-15 09:32:17.100,3786.0000,8854,0,96407400.000,0,-,-,-,-,3784.2000,3784.0000,3783.4000,3778.2000,3776.0000,3785.8000,3786.0000,3786.2000,3787.4000,3789.8000,1,1,1,1,1,1,1,1,1,1
SF,IF2012,2020-06-15 09:32:17.600,3786.0000,8854,0,96407400.000,0,-,-,-,-,3784.2000,3784.0000,3783.4000,3778.2000,3776.0000,3786.0000,3786.2000,3787.4000,3789.8000,3790.6000,1,1,1,1,1,1,1,1,1,1
SF,IF2012,2020-06-15 09:32:18.100,3786.0000,8854,0,96407400.000,0,-,-,-,-,3784.2000,3784.0000,3783.4000,3778.2000,3776.0000,3785.8000,3786.0000,3787.4000,3789.8000,3790.6000,1,1,1,1,1,1,1,1,1,1
SF,IF2012,2020-06-15 09:32:21.100,3786.0000,8854,0,96407400.000,0,-,-,-,-,3784.4000,3784.2000,3784.0000,3783.4000,3778.2000,3785.8000,3786.0000,3787.4000,3789.8000,3790.6000,1,1,1,1,1,1,1,1,1,1
SF,IF2012,2020-06-15 09:32:21.600,3786.0000,8854,0,96407400.000,0,-,-,-,-,3784.6000,3784.4000,3784.0000,3783.4000,3778.2000,3787.4000,3789.8000,3790.6000,3790.8000,3791.6000,2,1,1,1,1,1,1,1,2,6
SF,IF2012,2020-06-15 09:32:22.100,3786.0000,8854,0,96407400.000,0,-,-,-,-,3784.6000,3784.4000,3784.0000,3783.4000,3778.2000,3787.2000,3787.4000,3789.8000,3790.6000,3790.8000,2,1,1,1,1,1,1,1,1,2
SF,IF2012,2020-06-15 09:32:22.600,3786.0000,8854,0,96407400.000,0,-,-,-,-,3784.6000,3784.4000,3784.0000,3783.4000,3778.2000,3787.0000,3787.2000,3787.4000,3789.8000,3790.6000,1,1,1,1,1,1,1,1,1,1
SF,IF2012,2020-06-15 09:32:23.100,3786.0000,8854,0,96407400.000,0,-,-,-,-,3784.8000,3784.6000,3784.0000,3783.4000,3778.2000,3786.8000,3787.0000,3787.4000,3789.8000,3790.6000,1,1,1,1,1,1,3,1,1,1
SF,IF2012,2020-06-15 09:32:23.600,3786.0000,8854,0,96407400.000,0,-,-,-,-,3784.8000,3784.6000,3784.0000,3783.4000,3778.2000,3786.6000,3786.8000,3787.0000,3787.4000,3789.8000,1,1,1,1,1,2,1,2,1,1
SF,IF2012,2020-06-15 09:32:24.100,3786.0000,8854,0,96407400.000,0,-,-,-,-,3785.0000,3784.8000,3784.0000,3783.4000,3778.2000,3786.4000,3786.6000,3787.4000,3789.8000,3790.6000,1,1,1,1,1,3,3,1,1,1
SF,IF2012,2020-06-15 09:32:24.600,3786.0000,8854,0,96407400.000,0,-,-,-,-,3785.0000,3784.8000,3784.0000,3783.4000,3778.2000,3786.4000,3786.6000,3787.4000,3789.8000,3790.6000,1,1,1,1,1,3,3,1,1,1
SF,IF2012,2020-06-15 09:32:25.100,3786.0000,8854,0,96407400.000,0,-,-,-,-,3784.8000,3784.0000,3783.4000,3778.2000,3776.0000,3786.4000,3786.6000,3787.4000,3789.8000,3790.6000,1,1,1,1,1,1,2,1,1,1
SF,IF2012,2020-06-15 09:32:25.600,3786.0000,8854,0,96407400.000,0,-,-,-,-,3784.8000,3784.0000,3783.4000,3778.2000,3776.0000,3786.4000,3786.6000,3787.4000,3789.8000,3790.6000,1,1,1,1,1,1,2,1,1,1
SF,IF2012,2020-06-15 09:32:26.100,3786.0000,8854,0,96407400.000,0,-,-,-,-,3784.8000,3784.0000,3783.4000,3778.2000,3776.0000,3786.2000,3786.4000,3786.6000,3787.4000,3789.8000,1,1,1,1,1,2,1,2,1,1
SF,IF2012,2020-06-15 09:32:26.600,3786.0000,8854,0,96407400.000,0,-,-,-,-,3784.8000,3784.0000,3783.4000,3778.2000,3776.0000,3786.0000,3786.2000,3787.4000,3789.8000,3790.6000,1,1,1,1,1,1,2,1,1,1
SF,IF2012,2020-06-15 09:32:27.100,3786.0000,8854,0,96407400.000,0,-,-,-,-,3785.0000,3784.8000,3784.0000,3783.4000,3778.2000,3786.0000,3786.2000,3787.4000,3789.8000,3790.6000,1,1,1,1,1,2,1,1,1,1
SF,IF2012,2020-06-15 09:32:27.600,3786.0000,8854,0,96407400.000,0,-,-,-,-,3785.0000,3784.0000,3783.4000,3778.2000,3776.0000,3786.0000,3786.2000,3787.4000,3789.8000,3790.6000,1,1,1,1,1,2,1,1,1,1
SF,IF2012,2020-06-15 09:32:28.100,3786.0000,8852,-2,98679000.000,2,0,2,双平,S,3785.0000,3784.0000,3783.4000,3778.2000,3776.0000,3787.4000,3789.8000,3790.6000,3790.8000,3791.6000,1,1,1,1,1,1,1,1,2,6
SF,IF2012,2020-06-15 09:32:28.600,3786.0000,8852,0,98679000.000,0,-,-,-,-,3785.2000,3785.0000,3784.0000,3783.4000,3778.2000,3786.0000,3787.2000,3787.4000,3789.8000,3790.6000,1,1,1,1,1,1,1,1,1,1
SF,IF2012,2020-06-15 09:32:29.100,3786.0000,8852,0,98679000.000,0,-,-,-,-,3785.4000,3784.0000,3783.4000,3778.2000,3776.0000,3786.0000,3787.2000,3787.4000,3789.8000,3790.6000,1,1,1,1,1,1,1,1,1,1
SF,IF2012,2020-06-15 09:32:31.100,3786.0000,8852,0,98679000.000,0,-,-,-,-,3785.4000,3784.0000,3783.4000,3778.2000,3776.0000,3786.0000,3787.2000,3787.4000,3789.8000,3790.6000,1,1,1,1,1,1,1,1,1,1
SF,IF2012,2020-06-15 09:32:31.600,3786.0000,8852,0,98679000.000,0,-,-,-,-,3784.0000,3783.4000,3778.2000,3776.0000,3773.6000,3786.0000,3787.2000,3787.4000,3789.8000,3790.6000,1,1,1,1,1,1,1,1,1,1
SF,IF2012,2020-06-15 09:32:32.100,3786.0000,8852,0,98679000.000,0,-,-,-,-,3784.2000,3784.0000,3783.4000,3778.2000,3776.0000,3786.0000,3787.2000,3787.4000,3789.8000,3790.6000,2,1,1,1,1,1,1,1,1,1
SF,IF2012,2020-06-15 09:32:32.600,3786.0000,8852,0,98679000.000,0,-,-,-,-,3784.4000,3784.2000,3784.0000,3783.4000,3776.0000,3786.0000,3787.2000,3787.4000,3789.8000,3790.6000,1,2,1,1,1,1,1,1,1,1
SF,IF2012,2020-06-15 09:32:33.100,3786.0000,8852,0,98679000.000,0,-,-,-,-,3784.6000,3784.4000,3784.2000,3784.0000,3783.4000,3786.0000,3787.2000,3787.4000,3789.8000,3790.6000,1,1,1,1,1,1,1,1,1,1
SF,IF2012,2020-06-15 09:32:33.600,3786.0000,8852,0,98679000.000,0,-,-,-,-,3784.6000,3784.4000,3784.2000,3784.0000,3783.4000,3785.8000,3786.0000,3787.2000,3787.4000,3789.8000,1,1,1,1,1,1,1,1,1,1
SF,IF2012,2020-06-15 09:32:34.600,3786.0000,8852,0,98679000.000,0,-,-,-,-,3784.6000,3784.4000,3784.0000,3783.4000,3776.0000,3785.8000,3786.0000,3787.2000,3787.4000,3789.8000,1,1,1,1,1,1,1,1,1,1
SF,IF2012,2020-06-15 09:32:37.600,3786.0000,8852,0,98679000.000,0,-,-,-,-,3784.6000,3784.0000,3783.4000,3776.0000,3773.6000,3785.8000,3786.0000,3787.2000,3787.4000,3789.8000,1,1,1,1,1,1,1,1,1,1
SF,IF2012,2020-06-15 09:32:38.100,3786.0000,8852,0,98679000.000,0,-,-,-,-,3784.0000,3783.4000,3776.0000,3773.6000,3771.0000,3785.6000,3785.8000,3786.0000,3787.4000,3789.8000,1,1,1,1,2,1,1,1,1,1
SF,IF2012,2020-06-15 09:32:38.600,3786.0000,8852,0,98679000.000,0,-,-,-,-,3784.0000,3783.4000,3776.0000,3773.6000,3771.0000,3785.6000,3785.8000,3786.0000,3787.4000,3789.8000,1,1,1,1,2,1,1,1,1,1
SF,IF2012,2020-06-15 09:32:39.100,3786.0000,8852,0,98679000.000,0,-,-,-,-,3784.2000,3784.0000,3783.4000,3776.0000,3773.6000,3785.6000,3785.8000,3786.0000,3787.4000,3789.8000,2,1,1,1,1,1,1,1,1,1
SF,IF2012,2020-06-15 09:32:40.600,3784.0000,8851,-1,102084720.000,3,1,2,多平,S,3783.4000,3776.0000,3773.6000,3771.0000,3770.2000,3785.6000,3785.8000,3786.0000,3787.4000,3789.8000,1,1,1,2,1,1,1,1,1,1
SF,IF2012,2020-06-15 09:32:41.100,3784.0000,8851,0,102084720.000,0,-,-,-,-,3783.4000,3776.0000,3773.6000,3771.0000,3770.2000,3785.2000,3785.4000,3785.6000,3785.8000,3786.0000,1,1,1,2,1,1,1,1,1,1
SF,IF2012,2020-06-15 09:32:41.600,3784.0000,8851,0,102084720.000,0,-,-,-,-,3783.6000,3783.4000,3776.0000,3773.6000,3771.0000,3785.0000,3785.8000,3786.0000,3787.4000,3789.8000,1,1,1,1,2,1,1,1,1,1
SF,IF2012,2020-06-15 09:32:43.100,3784.0000,8851,0,102084720.000,0,-,-,-,-,3783.8000,3783.6000,3783.4000,3776.0000,3773.6000,3785.0000,3785.8000,3786.0000,3787.4000,3787.8000,1,1,1,1,1,1,1,1,1,2
SF,IF2012,2020-06-15 09:32:43.600,3784.0000,8851,0,102084720.000,0,-,-,-,-,3783.8000,3783.6000,3783.4000,3776.0000,3773.6000,3785.0000,3786.0000,3787.4000,3787.8000,3789.8000,2,1,1,1,1,1,1,1,2,1
SF,IF2012,2020-06-15 09:32:44.100,3784.0000,8851,0,102084720.000,0,-,-,-,-,3783.8000,3783.6000,3783.4000,3776.0000,3773.6000,3786.0000,3787.4000,3789.8000,3790.6000,3790.8000,2,1,1,1,1,1,1,1,1,2
SF,IF2012,2020-06-15 09:32:44.600,3784.0000,8851,0,102084720.000,0,-,-,-,-,3783.8000,3783.6000,3783.4000,3776.0000,3773.6000,3785.8000,3786.0000,3786.4000,3787.4000,3789.8000,1,1,1,1,1,1,1,2,1,1
SF,IF2012,2020-06-15 09:32:45.100,3784.0000,8851,0,102084720.000,0,-,-,-,-,3783.8000,3783.4000,3776.0000,3773.6000,3771.0000,3785.6000,3785.8000,3786.0000,3786.4000,3787.4000,1,1,1,1,2,1,1,1,2,1
SF,IF2012,2020-06-15 09:32:45.600,3784.0000,8851,0,102084720.000,0,-,-,-,-,3783.8000,3783.4000,3776.0000,3773.6000,3771.0000,3785.4000,3785.6000,3786.0000,3786.4000,3787.4000,1,1,1,1,2,1,1,1,2,1
SF,IF2012,2020-06-15 09:32:46.100,3784.0000,8851,0,102084720.000,0,-,-,-,-,3783.8000,3783.4000,3776.0000,3773.6000,3771.0000,3785.0000,3785.4000,3785.6000,3786.0000,3787.4000,1,1,1,1,2,1,1,1,1,1
SF,IF2012,2020-06-15 09:32:46.600,3784.0000,8851,0,102084720.000,0,-,-,-,-,3783.8000,3783.4000,3776.0000,3773.6000,3771.0000,3784.8000,3785.0000,3785.6000,3786.0000,3787.4000,1,1,1,1,2,1,1,1,1,1
SF,IF2012,2020-06-15 09:32:47.600,3784.0000,8851,0,102084720.000,0,-,-,-,-,3783.8000,3783.4000,3776.0000,3773.6000,3771.0000,3784.8000,3785.6000,3786.0000,3787.4000,3789.8000,1,1,1,1,2,1,1,1,1,1
SF,IF2012,2020-06-15 09:32:48.100,3784.0000,8851,0,102084720.000,0,-,-,-,-,3784.0000,3783.8000,3783.4000,3776.0000,3773.6000,3786.0000,3787.4000,3789.8000,3790.6000,3790.8000,1,1,1,1,1,1,1,1,1,2
SF,IF2012,2020-06-15 09:32:48.600,3783.8000,8851,0,104355060.000,2,1,1,多换,S,3783.4000,3776.0000,3773.6000,3771.0000,3770.2000,3785.8000,3786.0000,3787.4000,3789.8000,3790.6000,1,1,1,2,1,1,1,1,1,1
SF,IF2012,2020-06-15 09:32:49.100,3783.8000,8851,0,104355060.000,0,-,-,-,-,3783.6000,3783.4000,3776.0000,3773.6000,3771.0000,3785.8000,3786.0000,3787.4000,3789.8000,3790.6000,1,1,1,1,2,1,1,1,1,1
SF,IF2012,2020-06-15 09:32:49.600,3783.6000,8850,-1,105490140.000,1,0,1,双平,S,3783.4000,3776.0000,3773.6000,3771.0000,3770.2000,3785.8000,3786.0000,3787.4000,3789.8000,3790.6000,1,1,1,2,1,1,1,1,1,1
SF,IF2012,2020-06-15 09:32:50.100,3783.6000,8850,0,105490140.000,0,-,-,-,-,3783.8000,3783.6000,3783.4000,3776.0000,3773.6000,3785.8000,3786.0000,3787.4000,3789.8000,3790.6000,1,1,1,1,1,1,1,1,1,1
SF,IF2012,2020-06-15 09:32:50.600,3783.6000,8850,0,105490140.000,0,-,-,-,-,3784.0000,3783.8000,3783.4000,3776.0000,3773.6000,3785.8000,3786.0000,3787.4000,3789.8000,3790.6000,1,1,1,1,1,1,1,1,1,1
SF,IF2012,2020-06-15 09:32:51.100,3783.6000,8850,0,105490140.000,0,-,-,-,-,3784.0000,3783.8000,3783.4000,3777.2000,3776.0000,3785.8000,3786.0000,3787.4000,3789.8000,3790.6000,1,1,1,2,1,1,1,1,1,1
SF,IF2012,2020-06-15 09:32:51.600,3783.6000,8850,0,105490140.000,0,-,-,-,-,3784.2000,3784.0000,3783.8000,3783.4000,3777.2000,3785.8000,3786.0000,3787.4000,3789.8000,3790.6000,2,1,1,1,2,1,1,1,1,1
SF,IF2012,2020-06-15 09:32:52.100,3783.6000,8850,0,105490140.000,0,-,-,-,-,3784.2000,3784.0000,3783.8000,3783.4000,3777.2000,3785.8000,3786.0000,3787.4000,3789.8000,3790.6000,3,1,1,1,2,1,1,1,1,1
SF,IF2012,2020-06-15 09:32:52.600,3783.6000,8850,0,105490140.000,0,-,-,-,-,3784.4000,3784.2000,3784.0000,3783.8000,3783.4000,3785.8000,3786.0000,3787.4000,3789.8000,3790.6000,1,3,1,1,1,1,1,1,1,1
SF,IF2012,2020-06-15 09:32:53.600,3783.6000,8850,0,105490140.000,0,-,-,-,-,3784.4000,3784.2000,3784.0000,3783.8000,3783.4000,3785.8000,3786.0000,3787.4000,3789.8000,3790.6000,1,2,1,1,1,1,1,1,1,1
SF,IF2012,2020-06-15 09:32:54.600,3783.6000,8850,0,105490140.000,0,-,-,-,-,3784.4000,3784.2000,3784.0000,3783.8000,3783.4000,3785.8000,3786.0000,3787.4000,3789.8000,3790.6000,1,1,1,1,1,1,1,1,1,1
SF,IF2012,2020-06-15 09:32:57.100,3783.6000,8850,0,105490140.000,0,-,-,-,-,3784.4000,3784.2000,3784.0000,3783.8000,3783.4000,3785.8000,3786.0000,3787.4000,3789.8000,3790.6000,2,1,1,1,1,1,1,1,1,1
SF,IF2012,2020-06-15 09:32:57.600,3783.6000,8850,0,105490140.000,0,-,-,-,-,3784.4000,3784.2000,3783.4000,3777.2000,3776.0000,3785.8000,3786.0000,3787.4000,3789.8000,3790.6000,2,1,1,2,1,1,1,1,1,1
SF,IF2012,2020-06-15 09:32:58.100,3783.6000,8850,0,105490140.000,0,-,-,-,-,3784.4000,3783.4000,3777.2000,3776.0000,3773.6000,3785.8000,3786.0000,3787.4000,3789.8000,3790.6000,1,1,2,1,1,1,1,1,1,1
SF,IF2012,2020-06-15 09:32:58.600,3783.6000,8850,0,105490140.000,0,-,-,-,-,3783.4000,3777.2000,3776.0000,3773.6000,3771.0000,3785.8000,3786.0000,3787.4000,3789.8000,3790.6000,1,2,1,1,2,1,1,1,1,1
SF,IF2012,2020-06-15 09:32:59.100,3783.6000,8850,0,105490140.000,0,-,-,-,-,3783.4000,3777.2000,3776.0000,3773.6000,3771.0000,3785.8000,3786.0000,3787.4000,3789.8000,3790.6000,1,2,1,1,2,1,1,1,1,1
SF,IF2012,2020-06-15 09:32:59.600,3783.6000,8850,0,105490140.000,0,-,-,-,-,3784.0000,3783.6000,3783.4000,3777.2000,3776.0000,3785.8000,3786.0000,3787.4000,3789.8000,3790.6000,2,2,1,2,1,1,1,1,1,1
SF,IF2012,2020-06-15 09:33:00.100,3783.6000,8850,0,105490140.000,0,-,-,-,-,3784.0000,3783.8000,3783.6000,3783.4000,3777.2000,3785.8000,3786.0000,3787.4000,3789.8000,3790.6000,2,1,3,1,2,1,1,1,1,1
SF,IF2012,2020-06-15 09:33:00.600,3783.6000,8850,0,105490140.000,0,-,-,-,-,3784.0000,3783.8000,3783.6000,3783.4000,3777.2000,3785.8000,3786.0000,3787.4000,3789.8000,3790.6000,2,1,1,1,2,1,1,1,1,1
SF,IF2012,2020-06-15 09:33:01.100,3783.6000,8850,0,105490140.000,0,-,-,-,-,3783.4000,3777.2000,3776.0000,3773.6000,3771.0000,3785.8000,3786.0000,3787.4000,3789.8000,3790.6000,1,2,1,1,2,1,1,1,1,1
SF,IF2012,2020-06-15 09:33:01.600,3783.6000,8850,0,105490140.000,0,-,-,-,-,3784.2000,3783.4000,3777.2000,3776.0000,3773.6000,3785.6000,3785.8000,3786.0000,3787.4000,3789.8000,1,1,2,1,1,2,1,1,1,1
SF,IF2012,2020-06-15 09:33:02.100,3783.6000,8850,0,105490140.000,0,-,-,-,-,3783.4000,3777.2000,3776.0000,3773.6000,3771.0000,3785.4000,3785.6000,3786.0000,3787.4000,3789.8000,1,2,1,1,2,1,1,1,1,1
SF,IF2012,2020-06-15 09:33:02.600,3783.6000,8850,0,105490140.000,0,-,-,-,-,3783.4000,3777.2000,3776.0000,3773.6000,3771.0000,3785.2000,3785.4000,3785.6000,3786.0000,3787.4000,1,2,1,1,2,2,1,1,1,1
SF,IF2012,2020-06-15 09:33:03.100,3783.6000,8850,0,105490140.000,0,-,-,-,-,3783.6000,3783.4000,3777.2000,3776.0000,3773.6000,3785.0000,3785.2000,3785.6000,3786.0000,3787.4000,1,1,2,1,1,1,2,1,1,1
SF,IF2012,2020-06-15 09:33:03.600,3783.6000,8850,0,105490140.000,0,-,-,-,-,3783.6000,3783.4000,3777.2000,3776.0000,3773.6000,3785.0000,3785.2000,3785.6000,3786.0000,3787.4000,1,1,2,1,1,1,2,1,1,1
SF,IF2012,2020-06-15 09:33:04.100,3783.6000,8850,0,105490140.000,0,-,-,-,-,3783.6000,3783.4000,3777.2000,3776.0000,3773.6000,3785.0000,3785.2000,3785.6000,3786.0000,3787.4000,1,1,2,1,1,1,2,1,1,1
SF,IF2012,2020-06-15 09:33:04.600,3783.6000,8850,0,105490140.000,0,-,-,-,-,3783.4000,3777.2000,3776.0000,3773.6000,3771.0000,3784.8000,3785.0000,3785.2000,3785.6000,3786.0000,1,2,1,1,2,1,1,2,1,1
SF,IF2012,2020-06-15 09:33:05.100,3783.4000,8850,0,106625160.000,1,0,1,多换,S,3777.2000,3776.0000,3773.6000,3771.0000,3770.2000,3784.6000,3784.8000,3785.2000,3785.6000,3786.0000,2,1,1,2,1,1,1,2,1,1
SF,IF2012,2020-06-15 09:33:05.600,3783.4000,8850,0,106625160.000,0,-,-,-,-,3780.8000,3780.4000,3778.2000,3777.6000,3777.4000,3784.4000,3784.6000,3784.8000,3785.2000,3785.6000,1,1,3,4,4,1,1,1,1,1
SF,IF2012,2020-06-15 09:33:06.100,3783.4000,8850,0,106625160.000,0,-,-,-,-,3781.0000,3780.8000,3778.2000,3777.6000,3777.4000,3784.2000,3784.4000,3784.8000,3785.2000,3786.0000,3,1,3,4,1,1,1,1,1,1
SF,IF2012,2020-06-15 09:33:06.600,3783.4000,8850,0,106625160.000,0,-,-,-,-,3781.4000,3781.0000,3780.8000,3778.2000,3777.6000,3784.0000,3784.2000,3784.8000,3786.0000,3787.4000,1,3,1,3,4,1,1,1,1,1
SF,IF2012,2020-06-15 09:33:07.100,3783.4000,8850,0,106625160.000,0,-,-,-,-,3781.6000,3781.4000,3781.2000,3781.0000,3780.8000,3783.8000,3784.0000,3784.8000,3786.0000,3787.4000,2,1,1,1,1,1,2,1,1,1
SF,IF2012,2020-06-15 09:33:07.600,3783.4000,8850,0,106625160.000,0,-,-,-,-,3781.6000,3781.0000,3780.8000,3778.2000,3777.6000,3783.6000,3783.8000,3784.0000,3786.0000,3787.4000,1,1,1,3,4,1,3,1,1,1
SF,IF2012,2020-06-15 09:33:08.100,3783.4000,8850,0,106625160.000,0,-,-,-,-,3781.8000,3781.6000,3781.0000,3780.8000,3778.2000,3783.4000,3783.6000,3783.8000,3784.0000,3786.0000,1,1,1,1,3,1,2,2,1,1
SF,IF2012,2020-06-15 09:33:08.600,3783.4000,8850,0,106625160.000,0,-,-,-,-,3781.8000,3781.0000,3778.2000,3777.6000,3777.2000,3783.4000,3783.6000,3783.8000,3784.0000,3786.0000,1,1,3,4,2,1,2,2,1,1
SF,IF2012,2020-06-15 09:33:09.100,3783.4000,8850,0,106625160.000,0,-,-,-,-,3781.8000,3781.0000,3778.2000,3777.6000,3777.2000,3783.4000,3783.6000,3786.0000,3787.4000,3789.8000,1,1,3,4,2,1,2,1,1,1
SF,IF2012,2020-06-15 09:33:09.600,3783.4000,8850,0,106625160.000,0,-,-,-,-,3781.8000,3781.0000,3778.2000,3777.6000,3777.2000,3783.2000,3783.4000,3783.6000,3786.0000,3789.8000,1,1,3,4,2,1,1,1,1,1
SF,IF2012,2020-06-15 09:33:10.100,3781.8000,8850,0,107759700.000,1,0,1,多换,S,3782.0000,3781.0000,3778.2000,3777.6000,3777.2000,3783.0000,3783.2000,3783.6000,3786.0000,3789.8000,2,1,3,4,2,1,2,1,1,1
SF,IF2012,2020-06-15 09:33:10.600,3781.8000,8849,-1,108894240.000,1,0,1,双平,S,3782.0000,3781.0000,3778.2000,3777.6000,3777.2000,3783.0000,3783.2000,3783.6000,3786.0000,3789.8000,1,1,3,4,2,1,2,1,1,1
SF,IF2012,2020-06-15 09:33:11.100,3782.0000,8848,-1,110028840.000,1,0,1,双平,S,3781.0000,3778.2000,3777.6000,3777.2000,3776.0000,3782.0000,3782.8000,3783.2000,3783.6000,3786.0000,1,3,4,2,1,1,1,1,1,1
SF,IF2012,2020-06-15 09:33:11.600,3782.0000,8848,0,110028840.000,0,-,-,-,-,3781.2000,3781.0000,3778.2000,3777.6000,3777.2000,3782.0000,3782.8000,3783.2000,3783.6000,3786.0000,1,1,3,4,2,1,1,1,1,1
SF,IF2012,2020-06-15 09:33:12.100,3782.0000,8848,0,110028840.000,0,-,-,-,-,3781.0000,3778.2000,3777.2000,3776.0000,3775.0000,3781.8000,3782.8000,3783.2000,3783.6000,3786.0000,1,3,2,1,1,1,1,1,1,1
SF,IF2012,2020-06-15 09:33:12.600,3782.0000,8848,0,110028840.000,0,-,-,-,-,3778.2000,3777.2000,3776.0000,3775.0000,3773.6000,3781.8000,3782.8000,3783.2000,3783.6000,3786.0000,3,2,1,1,1,1,1,1,1,1
SF,IF2012,2020-06-15 09:33:13.100,3782.0000,8848,0,110028840.000,0,-,-,-,-,3778.4000,3778.2000,3777.2000,3776.0000,3775.0000,3781.8000,3782.8000,3783.2000,3783.6000,3786.0000,3,3,2,1,1,1,1,1,1,1
SF,IF2012,2020-06-15 09:33:13.600,3782.0000,8848,0,110028840.000,0,-,-,-,-,3778.4000,3778.2000,3777.2000,3776.0000,3775.0000,3781.6000,3781.8000,3782.8000,3783.2000,3783.6000,3,3,2,1,1,1,1,1,1,1
SF,IF2012,2020-06-15 09:33:14.100,3782.0000,8848,0,110028840.000,0,-,-,-,-,3778.6000,3778.4000,3778.2000,3777.2000,3776.0000,3781.4000,3781.6000,3782.8000,3783.2000,3783.6000,1,3,3,2,1,1,2,1,1,3
SF,IF2012,2020-06-15 09:33:14.600,3782.0000,8848,0,110028840.000,0,-,-,-,-,3778.8000,3778.6000,3778.2000,3777.2000,3776.0000,3781.2000,3781.4000,3781.6000,3782.8000,3783.2000,3,1,3,2,1,1,1,1,1,1
SF,IF2012,2020-06-15 09:33:15.100,3782.0000,8848,0,110028840.000,0,-,-,-,-,3778.8000,3778.6000,3778.2000,3777.2000,3776.0000,3781.0000,3781.2000,3781.6000,3782.8000,3783.2000,3,1,3,2,1,1,1,1,1,1
SF,IF2012,2020-06-15 09:33:15.600,3782.0000,8848,0,110028840.000,0,-,-,-,-,3778.8000,3778.6000,3778.2000,3777.2000,3776.0000,3780.8000,3781.0000,3781.6000,3782.8000,3783.2000,3,1,3,2,1,1,3,1,1,1
SF,IF2012,2020-06-15 09:33:16.100,3781.0000,8848,0,111163140.000,1,0,1,多换,S,3779.0000,3778.8000,3778.2000,3777.2000,3776.0000,3780.8000,3781.6000,3782.8000,3783.2000,3783.6000,1,1,3,2,1,1,1,1,1,1
SF,IF2012,2020-06-15 09:33:16.600,3781.0000,8848,0,111163140.000,0,-,-,-,-,3779.0000,3778.8000,3778.2000,3777.2000,3776.0000,3780.6000,3780.8000,3781.6000,3782.8000,3783.2000,1,1,3,2,1,1,1,1,1,1
SF,IF2012,2020-06-15 09:33:17.100,3781.0000,8848,0,111163140.000,0,-,-,-,-,3779.2000,3779.0000,3778.2000,3777.2000,3776.0000,3780.6000,3780.8000,3781.6000,3782.8000,3783.6000,1,1,3,2,1,1,1,1,1,1
SF,IF2012,2020-06-15 09:33:17.600,3781.0000,8848,0,111163140.000,0,-,-,-,-,3779.0000,3778.2000,3777.2000,3776.0000,3775.0000,3780.4000,3780.6000,3780.8000,3781.6000,3782.8000,1,3,2,1,1,1,1,1,1,1
SF,IF2012,2020-06-15 09:33:18.100,3781.0000,8848,0,111163140.000,0,-,-,-,-,3779.0000,3778.2000,3777.2000,3776.0000,3775.0000,3780.2000,3780.4000,3780.8000,3781.6000,3782.8000,1,3,2,1,1,1,1,1,1,1
SF,IF2012,2020-06-15 09:33:19.600,3781.0000,8848,0,111163140.000,0,-,-,-,-,3779.0000,3778.2000,3777.2000,3776.0000,3775.0000,3780.2000,3780.4000,3780.8000,3781.6000,3782.8000,1,3,2,1,1,1,1,1,1,1
SF,IF2012,2020-06-15 09:33:20.100,3781.0000,8848,0,111163140.000,0,-,-,-,-,3779.0000,3778.2000,3777.2000,3776.0000,3775.0000,3780.2000,3780.4000,3780.8000,3781.6000,3782.8000,1,3,2,1,1,1,1,1,1,1
SF,IF2012,2020-06-15 09:33:20.600,3781.0000,8848,0,111163140.000,0,-,-,-,-,3779.0000,3778.2000,3777.2000,3776.0000,3775.0000,3780.2000,3780.4000,3780.8000,3781.6000,3782.8000,1,3,3,1,1,1,1,1,1,1
SF,IF2012,2020-06-15 09:33:22.600,3781.0000,8848,0,111163140.000,0,-,-,-,-,3778.2000,3777.2000,3776.0000,3775.0000,3773.6000,3780.2000,3780.4000,3780.8000,3781.6000,3782.8000,3,3,1,1,1,1,1,1,1,1
SF,IF2012,2020-06-15 09:33:23.100,3781.0000,8848,0,111163140.000,0,-,-,-,-,3778.2000,3777.2000,3776.0000,3775.0000,3773.6000,3780.0000,3780.2000,3780.4000,3781.6000,3782.8000,3,3,1,1,1,1,1,1,1,1
SF,IF2012,2020-06-15 09:33:23.600,3781.0000,8848,0,111163140.000,0,-,-,-,-,3778.2000,3777.2000,3776.0000,3775.0000,3773.6000,3779.8000,3780.0000,3780.4000,3781.6000,3782.8000,3,3,1,1,1,1,2,1,1,1
SF,IF2012,2020-06-15 09:33:24.100,3781.0000,8848,0,111163140.000,0,-,-,-,-,3778.4000,3778.2000,3777.2000,3776.0000,3775.0000,3779.8000,3780.0000,3780.4000,3781.6000,3782.8000,1,3,3,1,1,1,2,1,1,1
SF,IF2012,2020-06-15 09:33:24.600,3781.0000,8848,0,111163140.000,0,-,-,-,-,3778.4000,3778.2000,3777.2000,3776.0000,3775.0000,3780.0000,3781.6000,3782.8000,3783.6000,3786.0000,1,3,3,1,1,2,1,1,1,1
SF,IF2012,2020-06-15 09:33:25.100,3781.0000,8848,0,111163140.000,0,-,-,-,-,3778.4000,3778.2000,3777.2000,3776.0000,3775.0000,3779.8000,3780.0000,3781.6000,3782.8000,3786.0000,1,3,3,1,1,1,2,1,1,1
SF,IF2012,2020-06-15 09:33:25.600,3781.0000,8848,0,111163140.000,0,-,-,-,-,3778.6000,3778.4000,3778.2000,3777.2000,3776.0000,3779.8000,3780.0000,3781.6000,3786.0000,3789.8000,1,1,4,3,1,1,2,1,1,1
SF,IF2012,2020-06-15 09:33:26.100,3781.0000,8848,0,111163140.000,0,-,-,-,-,3778.6000,3778.2000,3777.2000,3776.0000,3775.0000,3779.8000,3780.0000,3786.0000,3789.8000,3790.6000,1,4,3,1,1,1,1,1,1,1
SF,IF2012,2020-06-15 09:33:26.600,3781.0000,8848,0,111163140.000,0,-,-,-,-,3778.8000,3778.6000,3778.2000,3777.2000,3776.0000,3780.0000,3786.0000,3789.8000,3790.6000,3791.6000,2,1,4,3,1,1,1,1,1,1
SF,IF2012,2020-06-15 09:33:27.100,3780.0000,8849,1,112297140.000,1,1,0,双开,S,3779.0000,3778.8000,3778.6000,3778.2000,3777.2000,3786.0000,3789.8000,3790.6000,3791.6000,3793.2000,2,2,1,4,3,1,1,1,1,1
SF,IF2012,2020-06-15 09:33:27.600,3780.0000,8849,0,112297140.000,0,-,-,-,-,3779.2000,3779.0000,3778.6000,3778.2000,3777.2000,3783.0000,3784.0000,3785.6000,3785.8000,3786.0000,2,2,1,4,3,1,1,5,1,1
SF,IF2012,2020-06-15 09:33:28.100,3780.0000,8849,0,112297140.000,0,-,-,-,-,3779.2000,3778.6000,3778.2000,3777.2000,3776.0000,3782.8000,3784.0000,3785.6000,3786.0000,3789.8000,1,1,4,3,1,1,1,5,1,1
SF,IF2012,2020-06-15 09:33:28.600,3780.0000,8849,0,112297140.000,0,-,-,-,-,3779.2000,3778.6000,3778.2000,3777.2000,3776.0000,3782.8000,3784.0000,3785.6000,3786.0000,3789.8000,1,1,4,3,1,2,1,5,1,1
SF,IF2012,2020-06-15 09:33:29.100,3780.0000,8849,0,112297140.000,0,-,-,-,-,3779.2000,3778.6000,3778.2000,3777.2000,3776.0000,3782.4000,3782.8000,3784.0000,3785.6000,3786.0000,1,1,4,3,1,1,2,1,5,1
SF,IF2012,2020-06-15 09:33:29.600,3780.0000,8849,0,112297140.000,0,-,-,-,-,3779.8000,3779.4000,3779.2000,3778.6000,3778.2000,3782.2000,3782.4000,3785.6000,3786.0000,3789.8000,1,1,1,1,4,1,1,5,1,1
SF,IF2012,2020-06-15 09:33:30.100,3780.0000,8849,0,112297140.000,0,-,-,-,-,3780.0000,3779.8000,3779.4000,3778.6000,3778.2000,3782.2000,3782.4000,3785.6000,3786.0000,3789.8000,1,1,1,1,4,1,1,5,1,1
SF,IF2012,2020-06-15 09:33:30.600,3780.0000,8849,0,112297140.000,0,-,-,-,-,3780.0000,3779.8000,3779.4000,3778.6000,3778.2000,3782.2000,3785.6000,3786.0000,3789.8000,3790.6000,1,1,1,1,4,1,5,1,1,1
SF,IF2012,2020-06-15 09:33:31.100,3780.0000,8849,0,112297140.000,0,-,-,-,-,3780.2000,3780.0000,3779.8000,3778.6000,3778.2000,3782.0000,3782.2000,3785.6000,3786.0000,3789.8000,1,1,1,1,4,1,2,5,1,1
SF,IF2012,2020-06-15 09:33:31.600,3780.0000,8849,0,112297140.000,0,-,-,-,-,3780.2000,3780.0000,3779.8000,3778.6000,3778.2000,3781.8000,3782.0000,3782.2000,3785.6000,3786.0000,1,1,1,1,4,1,1,1,5,1
SF,IF2012,2020-06-15 09:33:32.100,3780.0000,8849,0,112297140.000,0,-,-,-,-,3779.8000,3778.6000,3778.2000,3777.2000,3776.0000,3781.8000,3782.0000,3782.2000,3785.6000,3786.0000,1,1,4,3,1,1,1,1,5,1
SF,IF2012,2020-06-15 09:33:32.600,3780.0000,8849,0,112297140.000,0,-,-,-,-,3780.0000,3779.8000,3778.6000,3778.2000,3777.2000,3781.6000,3781.8000,3782.2000,3785.6000,3786.0000,3,1,1,4,3,1,1,1,5,1
SF,IF2012,2020-06-15 09:33:33.100,3780.0000,8849,0,112297140.000,0,-,-,-,-,3780.0000,3779.8000,3778.6000,3778.2000,3777.2000,3781.4000,3781.6000,3782.2000,3785.6000,3786.0000,2,1,1,4,3,1,1,1,5,1
SF,IF2012,2020-06-15 09:33:37.600,3780.0000,8849,0,112297140.000,0,-,-,-,-,3780.0000,3779.8000,3778.6000,3778.2000,3777.2000,3781.4000,3781.6000,3782.2000,3785.6000,3786.0000,2,1,1,4,1,1,1,1,5,1
SF,IF2012,2020-06-15 09:33:38.600,3780.0000,8849,0,112297140.000,0,-,-,-,-,3780.0000,3779.8000,3778.6000,3778.2000,3777.2000,3781.4000,3782.2000,3785.6000,3786.0000,3789.8000,2,1,1,4,1,1,1,5,1,1
SF,IF2012,2020-06-15 09:33:40.100,3781.4000,8848,-1,113431560.000,1,0,1,双平,S,3780.0000,3779.8000,3778.6000,3778.2000,3777.2000,3782.2000,3785.6000,3786.0000,3789.8000,3790.6000,2,1,1,4,1,1,5,1,1,1
SF,IF2012,2020-06-15 09:33:40.600,3781.4000,8848,0,113431560.000,0,-,-,-,-,3780.0000,3779.8000,3778.6000,3778.2000,3777.2000,3782.0000,3782.2000,3785.6000,3786.0000,3789.8000,2,1,1,4,1,2,1,5,1,1
SF,IF2012,2020-06-15 09:33:41.100,3781.4000,8848,0,113431560.000,0,-,-,-,-,3780.0000,3779.8000,3778.6000,3778.2000,3777.2000,3782.0000,3782.2000,3785.6000,3786.0000,3789.8000,2,1,1,4,1,3,1,5,1,1
SF,IF2012,2020-06-15 09:33:41.600,3781.4000,8848,0,113431560.000,0,-,-,-,-,3780.0000,3779.8000,3778.8000,3778.6000,3778.2000,3781.6000,3781.8000,3782.0000,3782.2000,3785.6000,2,1,1,1,4,2,1,3,1,5
SF,IF2012,2020-06-15 09:33:42.100,3781.4000,8848,0,114565980.000,1,0,1,多换,S,3780.0000,3779.8000,3778.6000,3778.2000,3777.2000,3781.6000,3781.8000,3782.0000,3782.2000,3785.6000,2,1,1,4,1,4,1,2,1,5
SF,IF2012,2020-06-15 09:33:42.600,3781.4000,8848,0,114565980.000,0,-,-,-,-,3780.0000,3779.8000,3778.6000,3778.2000,3777.2000,3781.2000,3781.4000,3781.6000,3782.0000,3782.2000,2,1,1,4,1,2,2,3,2,1
SF,IF2012,2020-06-15 09:33:43.100,3781.4000,8848,0,114565980.000,0,-,-,-,-,3780.0000,3779.8000,3778.6000,3778.2000,3777.2000,3781.2000,3781.4000,3781.6000,3782.0000,3782.2000,2,1,1,4,1,3,3,2,2,1
SF,IF2012,2020-06-15 09:33:43.600,3781.4000,8848,0,114565980.000,0,-,-,-,-,3780.2000,3780.0000,3779.8000,3778.6000,3778.2000,3780.8000,3781.2000,3781.4000,3781.6000,3782.0000,1,2,1,1,4,1,2,2,2,1
SF,IF2012,2020-06-15 09:33:44.100,3780.8000,8848,0,115700220.000,1,0,1,多换,S,3780.2000,3780.0000,3779.8000,3778.6000,3778.2000,3781.2000,3781.4000,3781.6000,3782.0000,3782.2000,1,2,1,1,4,1,1,2,1,1
SF,IF2012,2020-06-15 09:33:44.600,3780.8000,8848,0,115700220.000,0,-,-,-,-,3780.2000,3780.0000,3779.8000,3778.6000,3778.2000,3780.8000,3781.2000,3781.4000,3781.6000,3782.0000,1,2,1,1,4,1,1,1,2,1
SF,IF2012,2020-06-15 09:33:45.100,3780.8000,8848,0,115700220.000,0,-,-,-,-,3780.4000,3780.2000,3780.0000,3779.8000,3778.6000,3780.8000,3781.2000,3781.4000,3781.6000,3782.0000,1,1,2,1,1,1,1,1,2,1
SF,IF2012,2020-06-15 09:33:45.600,3780.8000,8848,0,115700220.000,0,-,-,-,-,3780.4000,3780.0000,3779.8000,3778.6000,3778.2000,3780.8000,3781.2000,3781.4000,3781.6000,3782.0000,1,2,1,1,4,1,1,1,2,1
SF,IF2012,2020-06-15 09:33:46.100,3780.8000,8848,0,115700220.000,0,-,-,-,-,3780.0000,3779.8000,3778.6000,3778.2000,3777.2000,3780.8000,3781.2000,3781.4000,3781.6000,3782.2000,2,1,1,4,1,1,1,1,2,1
SF,IF2012,2020-06-15 09:33:46.600,3780.8000,8848,0,115700220.000,0,-,-,-,-,3780.0000,3779.8000,3778.6000,3778.2000,3777.2000,3781.4000,3781.6000,3782.2000,3785.6000,3786.0000,2,1,1,4,1,1,1,1,5,1
SF,IF2012,2020-06-15 09:33:47.100,3780.8000,8848,0,115700220.000,0,-,-,-,-,3780.0000,3779.8000,3779.2000,3778.6000,3778.2000,3781.2000,3781.4000,3781.6000,3782.2000,3785.6000,2,1,1,1,4,1,1,1,1,5
SF,IF2012,2020-06-15 09:33:47.600,3780.8000,8848,0,115700220.000,0,-,-,-,-,3780.0000,3779.8000,3779.2000,3778.6000,3778.2000,3780.8000,3781.0000,3781.2000,3781.6000,3782.2000,2,1,1,1,4,1,1,1,1,1
SF,IF2012,2020-06-15 09:33:48.100,3780.8000,8848,0,115700220.000,0,-,-,-,-,3780.0000,3779.8000,3779.2000,3778.6000,3778.2000,3780.8000,3781.0000,3781.2000,3781.6000,3782.2000,2,1,1,1,4,1,1,1,1,1
SF,IF2012,2020-06-15 09:33:48.600,3780.8000,8848,0,115700220.000,0,-,-,-,-,3780.0000,3779.8000,3778.6000,3778.2000,3777.2000,3780.8000,3781.0000,3781.2000,3781.6000,3782.2000,2,1,1,4,1,1,1,1,1,1
SF,IF2012,2020-06-15 09:33:49.100,3780.8000,8848,0,115700220.000,0,-,-,-,-,3780.2000,3780.0000,3779.8000,3778.6000,3778.2000,3780.8000,3781.0000,3781.2000,3781.6000,3782.2000,1,2,1,1,4,1,1,1,1,1
SF,IF2012,2020-06-15 09:33:49.600,3780.2000,8848,0,116834280.000,1,0,1,多换,S,3780.0000,3779.8000,3778.6000,3778.2000,3777.2000,3780.8000,3781.0000,3781.2000,3781.6000,3782.2000,2,1,1,4,1,1,1,1,1,1
SF,IF2012,2020-06-15 09:33:50.100,3780.2000,8848,0,116834280.000,0,-,-,-,-,3780.0000,3779.8000,3778.6000,3778.2000,3777.2000,3780.8000,3781.0000,3781.6000,3782.2000,3785.6000,2,1,1,4,1,1,1,1,1,5
SF,IF2012,2020-06-15 09:33:50.600,3780.8000,8847,-1,117968520.000,1,0,1,双平,S,3780.0000,3779.8000,3778.6000,3778.2000,3777.2000,3781.0000,3781.6000,3782.2000,3785.6000,3786.0000,2,1,1,4,1,1,1,1,5,1
SF,IF2012,2020-06-15 09:33:51.100,3780.0000,8845,-2,120236520.000,2,0,2,双平,S,3779.8000,3778.6000,3778.2000,3777.2000,3776.0000,3781.0000,3781.6000,3782.2000,3785.6000,3786.0000,1,1,4,1,1,1,1,1,5,1
SF,IF2012,2020-06-15 09:33:51.600,3779.8000,8844,-1,121370460.000,1,0,1,双平,S,3778.6000,3778.2000,3777.2000,3776.0000,3775.0000,3780.8000,3781.0000,3781.6000,3782.2000,3785.6000,1,4,1,1,1,1,1,1,1,5
SF,IF2012,2020-06-15 09:33:52.100,3779.8000,8844,0,121370460.000,0,-,-,-,-,3778.6000,3778.2000,3777.2000,3776.0000,3775.0000,3780.4000,3780.6000,3780.8000,3781.0000,3781.6000,1,1,1,1,1,1,1,1,1,1
SF,IF2012,2020-06-15 09:33:52.600,3779.8000,8844,0,121370460.000,0,-,-,-,-,3778.6000,3778.2000,3777.2000,3776.0000,3775.0000,3780.2000,3780.4000,3780.6000,3781.0000,3781.6000,1,1,1,1,1,1,2,1,1,1
SF,IF2012,2020-06-15 09:33:53.100,3778.6000,8843,-1,122504040.000,1,0,1,双平,S,3778.2000,3777.2000,3776.0000,3775.0000,3773.6000,3779.4000,3780.0000,3780.2000,3780.4000,3780.6000,1,1,1,1,1,1,1,1,1,1
SF,IF2012,2020-06-15 09:33:53.600,3778.6000,8843,0,122504040.000,0,-,-,-,-,3778.2000,3777.2000,3776.0000,3775.0000,3773.6000,3779.4000,3779.6000,3779.8000,3780.0000,3780.2000,1,1,1,1,1,1,1,1,1,1
SF,IF2012,2020-06-15 09:33:54.600,3778.6000,8843,0,122504040.000,0,-,-,-,-,3778.2000,3777.2000,3776.0000,3775.0000,3773.6000,3779.4000,3779.6000,3780.0000,3780.2000,3780.4000,1,1,1,1,1,1,1,1,1,1
SF,IF2012,2020-06-15 09:33:55.100,3778.6000,8843,0,122504040.000,0,-,-,-,-,3778.4000,3778.2000,3777.2000,3776.0000,3775.0000,3779.4000,3779.6000,3780.0000,3780.2000,3780.4000,1,1,1,1,1,1,1,1,1,1
SF,IF2012,2020-06-15 09:33:55.600,3779.6000,8841,-2,124771740.000,2,0,2,双平,S,3778.6000,3778.4000,3778.2000,3777.2000,3776.0000,3780.4000,3780.6000,3781.0000,3781.6000,3782.2000,1,1,1,1,1,1,1,1,1,1
SF,IF2012,2020-06-15 09:33:56.100,3779.6000,8841,0,124771740.000,0,-,-,-,-,3778.8000,3778.6000,3778.2000,3777.2000,3776.0000,3780.2000,3780.4000,3780.6000,3781.0000,3781.6000,1,1,1,1,1,1,1,1,1,1
SF,IF2012,2020-06-15 09:33:57.100,3779.6000,8841,0,124771740.000,0,-,-,-,-,3779.0000,3778.8000,3778.6000,3778.2000,3777.2000,3780.2000,3780.4000,3780.6000,3781.0000,3781.6000,2,1,1,1,1,1,1,1,1,1
SF,IF2012,2020-06-15 09:33:57.600,3779.6000,8841,0,124771740.000,0,-,-,-,-,3779.2000,3779.0000,3778.6000,3778.2000,3777.2000,3780.4000,3780.6000,3781.0000,3781.6000,3782.2000,1,2,1,1,1,1,1,1,1,1
SF,IF2012,2020-06-15 09:33:58.100,3779.6000,8841,0,124771740.000,0,-,-,-,-,3779.2000,3779.0000,3778.2000,3777.2000,3776.0000,3780.4000,3781.0000,3781.6000,3782.2000,3785.6000,1,2,1,1,1,1,1,1,1,3
SF,IF2012,2020-06-15 09:33:59.100,3779.6000,8841,0,124771740.000,0,-,-,-,-,3779.2000,3779.0000,3778.2000,3777.2000,3776.0000,3781.6000,3782.2000,3785.6000,3786.0000,3786.6000,1,2,1,1,1,1,1,3,1,1
SF,IF2012,2020-06-15 09:33:59.600,3779.6000,8841,0,124771740.000,0,-,-,-,-,3779.2000,3779.0000,3778.2000,3777.2000,3776.0000,3781.4000,3781.6000,3782.2000,3785.6000,3786.0000,1,2,1,1,1,2,1,1,3,1
SF,IF2012,2020-06-15 09:34:00.100,3779.6000,8841,0,124771740.000,0,-,-,-,-,3779.6000,3779.2000,3779.0000,3778.2000,3777.2000,3781.4000,3781.6000,3782.2000,3785.6000,3786.0000,2,1,2,1,1,2,1,1,3,1
SF,IF2012,2020-06-15 09:34:00.600,3779.6000,8841,0,124771740.000,0,-,-,-,-,3779.8000,3779.0000,3778.2000,3777.2000,3776.0000,3781.4000,3781.6000,3782.2000,3785.6000,3786.0000,1,2,1,1,1,2,1,1,3,1
SF,IF2012,2020-06-15 09:34:01.100,3779.6000,8841,0,124771740.000,0,-,-,-,-,3779.0000,3778.2000,3777.2000,3776.0000,3775.0000,3781.2000,3781.4000,3781.6000,3782.2000,3785.6000,2,1,1,1,1,1,2,1,1,3
SF,IF2012,2020-06-15 09:34:01.600,3779.6000,8841,0,124771740.000,0,-,-,-,-,3779.2000,3779.0000,3778.2000,3777.2000,3776.0000,3781.0000,3781.2000,3781.6000,3782.2000,3785.6000,1,2,1,1,1,3,1,1,1,3
SF,IF2012,2020-06-15 09:34:02.100,3779.6000,8841,0,124771740.000,0,-,-,-,-,3779.2000,3779.0000,3778.2000,3777.2000,3776.0000,3780.8000,3781.0000,3781.2000,3781.6000,3782.2000,2,2,1,1,1,1,2,1,1,1
SF,IF2012,2020-06-15 09:34:02.600,3779.6000,8841,0,124771740.000,0,-,-,-,-,3779.2000,3779.0000,3778.2000,3777.2000,3776.0000,3781.0000,3781.2000,3781.6000,3782.2000,3785.6000,2,2,1,1,1,1,1,1,1,3
SF,IF2012,2020-06-15 09:34:04.100,3779.6000,8841,0,124771740.000,0,-,-,-,-,3779.6000,3779.2000,3779.0000,3778.2000,3777.2000,3781.2000,3781.6000,3782.2000,3785.6000,3786.0000,1,2,2,1,1,1,1,1,3,1
SF,IF2012,2020-06-15 09:34:04.600,3779.6000,8841,0,124771740.000,0,-,-,-,-,3779.8000,3779.6000,3779.2000,3779.0000,3778.2000,3781.6000,3782.2000,3785.6000,3786.0000,3786.6000,1,1,1,2,1,1,1,3,1,1
SF,IF2012,2020-06-15 09:34:05.100,3779.6000,8841,0,124771740.000,0,-,-,-,-,3779.8000,3779.6000,3779.2000,3779.0000,3778.2000,3781.4000,3781.6000,3782.2000,3785.6000,3786.0000,1,1,1,2,1,1,1,1,3,1
SF,IF2012,2020-06-15 09:34:05.600,3779.6000,8841,0,124771740.000,0,-,-,-,-,3779.6000,3779.2000,3779.0000,3778.2000,3777.2000,3781.4000,3781.6000,3782.2000,3785.6000,3786.0000,1,1,2,1,1,1,1,1,3,1
SF,IF2012,2020-06-15 09:34:06.100,3779.6000,8841,0,124771740.000,0,-,-,-,-,3779.8000,3779.2000,3779.0000,3778.2000,3777.2000,3781.2000,3781.4000,3781.6000,3782.2000,3785.6000,1,1,2,1,1,1,1,1,1,3
SF,IF2012,2020-06-15 09:34:07.100,3779.6000,8841,0,124771740.000,0,-,-,-,-,3780.0000,3779.8000,3779.2000,3779.0000,3778.2000,3781.2000,3781.4000,3781.6000,3782.2000,3785.6000,1,1,1,2,1,1,1,1,1,3
SF,IF2012,2020-06-15 09:34:08.600,3781.2000,8840,-1,125906100.000,1,0,1,双平,S,3780.0000,3779.8000,3779.2000,3779.0000,3778.2000,3781.4000,3781.6000,3782.2000,3785.6000,3786.0000,1,1,1,2,1,1,1,1,3,1
SF,IF2012,2020-06-15 09:34:09.100,3781.2000,8840,0,125906100.000,0,-,-,-,-,3780.2000,3780.0000,3779.8000,3779.2000,3779.0000,3781.4000,3781.6000,3782.2000,3785.6000,3786.0000,1,1,1,1,2,1,1,1,3,1
SF,IF2012,2020-06-15 09:34:09.600,3781.2000,8840,0,125906100.000,0,-,-,-,-,3780.2000,3780.0000,3779.8000,3779.2000,3779.0000,3781.6000,3782.2000,3785.6000,3786.0000,3786.6000,1,1,1,1,2,1,1,3,1,1
SF,IF2012,2020-06-15 09:34:10.100,3781.2000,8840,0,125906100.000,0,-,-,-,-,3780.4000,3780.2000,3780.0000,3779.2000,3779.0000,3781.6000,3782.2000,3785.6000,3786.0000,3786.6000,2,1,1,1,2,1,1,3,1,1
SF,IF2012,2020-06-15 09:34:10.600,3781.2000,8840,0,125906100.000,0,-,-,-,-,3780.4000,3780.0000,3779.2000,3779.0000,3778.2000,3781.6000,3782.2000,3785.6000,3786.0000,3786.6000,2,1,1,2,1,1,1,3,1,1
SF,IF2012,2020-06-15 09:34:11.100,3781.2000,8840,0,125906100.000,0,-,-,-,-,3780.6000,3780.4000,3780.0000,3779.0000,3778.2000,3781.6000,3782.2000,3785.6000,3786.0000,3786.6000,1,1,1,2,1,1,1,3,1,1
SF,IF2012,2020-06-15 09:34:11.600,3781.2000,8840,0,125906100.000,0,-,-,-,-,3780.6000,3780.4000,3779.0000,3778.2000,3777.2000,3781.4000,3781.6000,3782.2000,3785.6000,3786.0000,1,1,2,1,1,1,1,1,3,1
SF,IF2012,2020-06-15 09:34:12.100,3780.6000,8839,-1,127040280.000,1,0,1,双平,S,3779.0000,3778.2000,3777.2000,3776.0000,3775.0000,3781.2000,3781.4000,3781.6000,3782.2000,3785.6000,2,1,1,1,1,1,1,1,1,3
SF,IF2012,2020-06-15 09:34:12.600,3780.6000,8839,0,127040280.000,0,-,-,-,-,3779.2000,3779.0000,3778.2000,3777.2000,3776.0000,3781.0000,3781.2000,3781.6000,3782.2000,3785.6000,1,2,1,1,1,2,1,1,1,3
SF,IF2012,2020-06-15 09:34:13.100,3780.6000,8839,0,127040280.000,0,-,-,-,-,3779.2000,3779.0000,3778.2000,3777.2000,3776.0000,3781.0000,3781.2000,3781.6000,3782.2000,3785.6000,1,2,1,1,1,1,1,1,1,3
SF,IF2012,2020-06-15 09:34:13.600,3780.6000,8839,0,127040280.000,0,-,-,-,-,3779.2000,3779.0000,3778.2000,3777.4000,3777.2000,3780.6000,3781.2000,3781.6000,3782.2000,3785.6000,1,2,1,1,1,1,1,1,1,3
SF,IF2012,2020-06-15 09:34:14.100,3780.6000,8839,0,127040280.000,0,-,-,-,-,3779.4000,3779.2000,3779.0000,3778.2000,3777.4000,3780.6000,3781.2000,3781.6000,3782.2000,3785.6000,1,1,2,1,1,1,1,1,1,3
SF,IF2012,2020-06-15 09:34:14.600,3780.6000,8839,0,127040280.000,0,-,-,-,-,3779.6000,3779.4000,3779.0000,3778.2000,3777.4000,3780.6000,3781.2000,3781.6000,3782.2000,3785.6000,1,1,2,1,1,1,1,1,1,3
SF,IF2012,2020-06-15 09:34:15.100,3780.6000,8839,0,127040280.000,0,-,-,-,-,3779.6000,3779.4000,3779.0000,3778.2000,3777.4000,3781.6000,3782.2000,3785.6000,3786.0000,3786.6000,1,1,2,1,1,1,1,3,1,1
SF,IF2012,2020-06-15 09:34:15.600,3780.6000,8839,0,127040280.000,0,-,-,-,-,3779.6000,3779.4000,3779.0000,3778.2000,3777.4000,3781.4000,3781.6000,3782.2000,3785.6000,3786.0000,1,1,2,1,1,1,1,1,3,1
SF,IF2012,2020-06-15 09:34:16.100,3780.6000,8839,0,127040280.000,0,-,-,-,-,3779.6000,3779.4000,3779.0000,3778.2000,3777.4000,3781.0000,3781.4000,3781.6000,3782.2000,3785.6000,1,1,2,1,1,1,1,1,1,3
SF,IF2012,2020-06-15 09:34:16.600,3780.6000,8839,0,127040280.000,0,-,-,-,-,3779.6000,3779.4000,3779.0000,3778.2000,3777.4000,3781.0000,3781.6000,3782.2000,3785.6000,3786.0000,1,1,2,1,1,1,1,1,3,1
SF,IF2012,2020-06-15 09:34:18.100,3781.0000,8839,0,128174580.000,1,0,1,多换,S,3779.8000,3779.6000,3779.4000,3779.0000,3778.2000,3781.6000,3782.2000,3785.6000,3786.0000,3786.6000,1,1,1,2,1,1,1,3,1,1
SF,IF2012,2020-06-15 09:34:18.600,3781.0000,8839,0,128174580.000,0,-,-,-,-,3780.0000,3779.8000,3779.4000,3779.0000,3778.2000,3781.6000,3782.2000,3785.6000,3786.0000,3786.6000,1,1,1,2,1,1,1,3,1,1
SF,IF2012,2020-06-15 09:34:19.100,3779.8000,8837,-2,130442520.000,2,0,2,双平,S,3779.4000,3779.0000,3778.2000,3777.4000,3777.2000,3781.6000,3782.2000,3785.6000,3786.0000,3786.6000,1,2,1,1,1,1,1,3,1,1
SF,IF2012,2020-06-15 09:34:19.600,3779.8000,8837,0,130442520.000,0,-,-,-,-,3779.6000,3779.4000,3779.0000,3778.2000,3777.4000,3781.4000,3781.6000,3782.2000,3785.6000,3786.0000,1,1,2,1,1,1,1,1,3,1
SF,IF2012,2020-06-15 09:34:20.100,3779.8000,8837,0,130442520.000,0,-,-,-,-,3779.8000,3779.6000,3779.0000,3778.2000,3777.4000,3781.4000,3781.6000,3782.2000,3785.6000,3786.0000,1,1,2,1,1,1,1,1,3,1
SF,IF2012,2020-06-15 09:34:20.600,3779.8000,8837,0,130442520.000,0,-,-,-,-,3780.0000,3779.8000,3779.0000,3778.2000,3777.4000,3780.8000,3781.0000,3781.4000,3781.6000,3782.2000,1,1,2,1,1,1,1,1,1,1
SF,IF2012,2020-06-15 09:34:21.100,3779.8000,8837,0,130442520.000,0,-,-,-,-,3779.8000,3779.0000,3778.2000,3777.4000,3777.2000,3780.8000,3781.0000,3781.4000,3781.6000,3782.2000,1,2,1,1,1,1,1,1,1,1
SF,IF2012,2020-06-15 09:34:21.600,3779.8000,8837,0,130442520.000,0,-,-,-,-,3779.0000,3778.2000,3777.4000,3777.2000,3776.0000,3780.8000,3781.0000,3781.4000,3781.6000,3782.2000,2,1,1,1,1,1,1,1,1,1
SF,IF2012,2020-06-15 09:34:22.100,3779.8000,8837,0,130442520.000,0,-,-,-,-,3779.2000,3779.0000,3778.2000,3777.4000,3777.2000,3780.6000,3780.8000,3781.0000,3781.6000,3782.2000,1,2,1,1,1,1,1,1,1,1
SF,IF2012,2020-06-15 09:34:23.100,3779.8000,8837,0,130442520.000,0,-,-,-,-,3779.2000,3779.0000,3778.2000,3777.4000,3777.2000,3780.0000,3780.6000,3780.8000,3781.0000,3781.6000,1,2,1,1,1,1,2,1,1,1
SF,IF2012,2020-06-15 09:34:23.600,3779.8000,8837,0,130442520.000,0,-,-,-,-,3779.2000,3779.0000,3778.2000,3777.4000,3777.2000,3780.0000,3780.6000,3780.8000,3781.0000,3781.6000,1,2,1,1,1,1,2,1,1,1
SF,IF2012,2020-06-15 09:34:24.100,3779.8000,8837,0,130442520.000,0,-,-,-,-,3779.0000,3778.2000,3777.4000,3777.2000,3776.0000,3780.0000,3780.6000,3780.8000,3781.0000,3781.6000,2,1,1,1,1,1,2,1,1,1
SF,IF2012,2020-06-15 09:34:26.100,3779.0000,8835,-2,132709920.000,2,0,2,双平,S,3778.2000,3777.4000,3777.2000,3776.0000,3775.0000,3780.6000,3780.8000,3781.0000,3781.6000,3782.2000,1,1,1,1,1,1,1,1,1,1
SF,IF2012,2020-06-15 09:34:26.600,3779.0000,8835,0,132709920.000,0,-,-,-,-,3778.2000,3777.4000,3777.2000,3776.0000,3775.0000,3779.0000,3779.8000,3780.4000,3780.6000,3780.8000,1,1,1,1,1,1,1,2,1,1
SF,IF2012,2020-06-15 09:34:27.600,3779.0000,8835,0,132709920.000,0,-,-,-,-,3778.2000,3777.4000,3777.2000,3776.0000,3775.0000,3779.0000,3779.8000,3780.4000,3780.6000,3780.8000,1,1,1,1,1,1,1,1,1,1
SF,IF2012,2020-06-15 09:34:28.600,3779.0000,8835,0,132709920.000,0,-,-,-,-,3778.2000,3777.4000,3777.2000,3776.0000,3775.0000,3779.0000,3779.8000,3780.4000,3780.6000,3780.8000,1,1,1,1,1,1,1,1,1,1
SF,IF2012,2020-06-15 09:34:29.100,3779.0000,8835,0,132709920.000,0,-,-,-,-,3778.2000,3777.4000,3777.2000,3776.0000,3775.0000,3778.8000,3779.0000,3779.8000,3780.4000,3780.8000,1,1,1,1,1,1,1,1,1,1
SF,IF2012,2020-06-15 09:34:29.600,3778.2000,8835,0,133843380.000,1,0,1,多换,S,3777.4000,3777.2000,3776.0000,3775.0000,3773.6000,3778.6000,3778.8000,3779.8000,3780.4000,3780.8000,1,1,1,1,1,1,1,1,1,1
SF,IF2012,2020-06-15 09:34:31.100,3778.2000,8835,0,133843380.000,0,-,-,-,-,3777.4000,3777.2000,3776.0000,3775.0000,3773.6000,3778.8000,3779.8000,3780.4000,3780.8000,3781.6000,1,1,1,1,1,1,1,1,1,1
SF,IF2012,2020-06-15 09:34:31.600,3778.2000,8835,0,133843380.000,0,-,-,-,-,3777.4000,3777.2000,3776.0000,3775.0000,3773.6000,3778.2000,3778.8000,3780.4000,3780.8000,3781.6000,1,1,1,1,1,1,1,1,1,1
SF,IF2012,2020-06-15 09:34:32.100,3778.2000,8834,-1,134976840.000,1,0,1,双平,S,3777.4000,3777.2000,3776.0000,3775.0000,3773.6000,3778.8000,3780.4000,3780.8000,3781.6000,3782.2000,1,1,1,1,1,1,1,1,1,1
SF,IF2012,2020-06-15 09:34:35.100,3778.2000,8834,0,134976840.000,0,-,-,-,-,3777.6000,3777.4000,3777.2000,3776.0000,3775.0000,3778.8000,3780.4000,3780.8000,3781.6000,3782.2000,2,1,1,1,1,1,1,1,1,1
SF,IF2012,2020-06-15 09:34:35.600,3778.2000,8834,0,134976840.000,0,-,-,-,-,3777.6000,3777.4000,3777.2000,3776.0000,3775.0000,3778.6000,3778.8000,3780.4000,3780.8000,3781.6000,2,1,1,1,1,1,1,1,1,1
SF,IF2012,2020-06-15 09:34:36.100,3778.6000,8833,-1,136110420.000,1,0,1,双平,S,3777.6000,3777.4000,3777.2000,3776.0000,3775.0000,3778.8000,3780.4000,3780.8000,3781.6000,3782.2000,2,1,1,1,1,1,1,1,1,1
SF,IF2012,2020-06-15 09:34:36.600,3778.6000,8833,0,136110420.000,0,-,-,-,-,3777.8000,3777.6000,3777.4000,3777.2000,3776.0000,3780.4000,3780.8000,3781.6000,3782.2000,3785.6000,2,2,1,1,1,1,1,1,1,3
SF,IF2012,2020-06-15 09:34:37.100,3778.6000,8833,0,136110420.000,0,-,-,-,-,3777.8000,3777.6000,3777.4000,3777.2000,3776.0000,3778.6000,3779.6000,3780.2000,3780.4000,3780.8000,1,2,1,1,1,1,1,1,2,1
SF,IF2012,2020-06-15 09:34:37.600,3778.6000,8833,0,137244000.000,1,0,1,多换,S,3777.8000,3777.6000,3777.4000,3777.2000,3776.0000,3779.0000,3780.2000,3780.4000,3780.8000,3781.6000,1,2,1,1,1,1,1,2,1,1
SF,IF2012,2020-06-15 09:34:38.100,3778.6000,8833,0,137244000.000,0,-,-,-,-,3778.0000,3777.8000,3777.6000,3777.4000,3777.2000,3780.2000,3780.4000,3780.8000,3781.6000,3782.2000,1,2,2,1,1,1,1,1,1,1
SF,IF2012,2020-06-15 09:34:38.600,3778.6000,8833,0,137244000.000,0,-,-,-,-,3778.0000,3777.8000,3777.6000,3777.4000,3777.2000,3780.0000,3780.2000,3780.8000,3781.6000,3782.2000,1,2,2,1,1,1,1,1,1,1
SF,IF2012,2020-06-15 09:34:39.100,3778.6000,8833,0,137244000.000,0,-,-,-,-,3778.0000,3777.8000,3777.6000,3777.4000,3777.2000,3779.0000,3779.8000,3780.0000,3780.8000,3781.6000,1,2,2,1,1,1,2,1,1,1
SF,IF2012,2020-06-15 09:34:39.600,3778.6000,8833,0,137244000.000,0,-,-,-,-,3778.0000,3777.8000,3777.6000,3777.4000,3777.2000,3779.0000,3779.6000,3779.8000,3780.0000,3780.8000,1,1,2,1,1,1,1,3,1,1
SF,IF2012,2020-06-15 09:34:40.100,3778.6000,8833,0,137244000.000,0,-,-,-,-,3778.0000,3777.8000,3777.6000,3777.4000,3777.2000,3779.0000,3779.8000,3780.0000,3780.8000,3781.6000,1,1,2,1,1,1,3,1,1,1
SF,IF2012,2020-06-15 09:34:40.600,3778.6000,8833,0,137244000.000,0,-,-,-,-,3778.0000,3777.8000,3777.6000,3777.4000,3777.2000,3779.0000,3779.8000,3780.0000,3780.8000,3781.6000,1,1,2,1,1,1,2,1,1,1
SF,IF2012,2020-06-15 09:34:41.100,3778.6000,8833,0,137244000.000,0,-,-,-,-,3777.8000,3777.6000,3777.4000,3777.2000,3776.0000,3779.0000,3779.8000,3780.0000,3780.8000,3781.6000,1,2,1,1,1,1,2,1,1,1
SF,IF2012,2020-06-15 09:34:42.100,3778.6000,8833,0,137244000.000,0,-,-,-,-,3777.8000,3777.6000,3777.4000,3777.2000,3776.0000,3778.8000,3779.0000,3779.8000,3780.0000,3780.8000,1,2,1,1,1,1,1,2,1,1
SF,IF2012,2020-06-15 09:34:42.600,3778.6000,8833,0,137244000.000,0,-,-,-,-,3777.8000,3777.6000,3777.4000,3777.2000,3776.0000,3778.6000,3778.8000,3779.0000,3779.8000,3780.8000,1,2,1,1,1,1,1,1,2,1
SF,IF2012,2020-06-15 09:34:43.600,3778.6000,8833,0,137244000.000,0,-,-,-,-,3777.8000,3777.6000,3777.4000,3777.2000,3776.0000,3778.6000,3779.0000,3779.8000,3780.8000,3781.6000,1,2,1,1,1,1,1,2,1,1
SF,IF2012,2020-06-15 09:34:44.100,3778.6000,8833,0,137244000.000,0,-,-,-,-,3777.8000,3777.6000,3777.4000,3777.2000,3776.0000,3778.8000,3779.0000,3779.8000,3780.8000,3781.6000,1,2,1,1,1,1,1,2,1,1
SF,IF2012,2020-06-15 09:34:45.600,3778.6000,8833,0,137244000.000,0,-,-,-,-,3778.6000,3777.8000,3777.6000,3777.4000,3777.2000,3778.8000,3779.0000,3779.8000,3780.8000,3781.6000,1,1,2,1,1,1,1,2,1,1
SF,IF2012,2020-06-15 09:34:46.100,3778.6000,8833,0,138377580.000,1,0,1,多换,S,3777.6000,3777.4000,3777.2000,3776.0000,3775.0000,3778.8000,3779.0000,3779.8000,3780.8000,3781.6000,2,1,1,1,1,1,1,2,1,1
SF,IF2012,2020-06-15 09:34:46.600,3778.6000,8833,0,138377580.000,0,-,-,-,-,3777.6000,3777.4000,3777.2000,3776.0000,3775.0000,3778.4000,3778.8000,3779.0000,3779.8000,3780.8000,2,1,1,1,1,1,1,1,2,1
SF,IF2012,2020-06-15 09:34:47.100,3778.6000,8833,0,138377580.000,0,-,-,-,-,3777.6000,3777.4000,3777.2000,3776.0000,3775.0000,3778.4000,3778.8000,3779.0000,3779.8000,3780.8000,2,1,1,1,1,1,1,1,2,1
SF,IF2012,2020-06-15 09:34:47.600,3778.6000,8833,0,138377580.000,0,-,-,-,-,3777.6000,3777.4000,3777.2000,3776.0000,3775.0000,3778.2000,3778.4000,3779.0000,3779.8000,3780.8000,2,1,1,1,1,1,1,1,2,1
SF,IF2012,2020-06-15 09:34:48.100,3778.6000,8833,0,138377580.000,0,-,-,-,-,3777.6000,3777.4000,3777.2000,3776.0000,3775.0000,3778.2000,3778.4000,3779.0000,3779.8000,3780.8000,2,1,1,1,1,2,1,1,2,1
SF,IF2012,2020-06-15 09:34:48.600,3778.2000,8831,-2,140644500.000,2,0,2,双平,S,3777.6000,3777.4000,3777.2000,3776.0000,3775.0000,3778.4000,3779.0000,3779.8000,3780.8000,3781.6000,2,1,1,1,1,1,1,1,1,1
SF,IF2012,2020-06-15 09:34:52.100,3778.4000,8831,0,141778020.000,1,0,1,多换,S,3777.6000,3777.4000,3777.2000,3776.0000,3775.0000,3779.0000,3779.8000,3780.8000,3781.6000,3782.2000,2,1,1,1,1,1,1,1,1,1
SF,IF2012,2020-06-15 09:34:52.600,3779.0000,8831,0,142911720.000,1,0,1,多换,S,3778.4000,3777.8000,3777.6000,3777.4000,3777.2000,3779.8000,3780.8000,3781.6000,3782.2000,3785.6000,1,1,2,1,1,1,1,1,1,2
SF,IF2012,2020-06-15 09:34:53.100,3779.0000,8831,0,142911720.000,0,-,-,-,-,3778.4000,3777.8000,3777.6000,3777.4000,3777.2000,3779.6000,3779.8000,3780.8000,3781.6000,3782.2000,1,1,2,1,1,1,1,1,1,1
SF,IF2012,2020-06-15 09:34:53.600,3779.0000,8831,0,142911720.000,0,-,-,-,-,3778.4000,3777.8000,3777.6000,3777.4000,3777.2000,3779.4000,3780.8000,3781.6000,3782.2000,3785.6000,1,1,2,1,1,1,1,1,1,2
SF,IF2012,2020-06-15 09:34:54.100,3779.0000,8831,0,142911720.000,0,-,-,-,-,3778.4000,3777.8000,3777.6000,3777.4000,3777.2000,3779.4000,3780.8000,3781.6000,3782.2000,3785.6000,1,1,2,1,1,1,1,1,1,2
SF,IF2012,2020-06-15 09:34:57.100,3779.0000,8831,0,142911720.000,0,-,-,-,-,3778.4000,3777.8000,3777.6000,3777.4000,3777.2000,3779.4000,3780.8000,3781.6000,3782.2000,3785.6000,1,1,2,1,1,1,1,1,1,2
SF,IF2012,2020-06-15 09:34:57.600,3779.0000,8831,0,142911720.000,0,-,-,-,-,3778.4000,3777.8000,3777.6000,3777.4000,3777.2000,3780.8000,3781.6000,3782.2000,3785.6000,3786.0000,1,1,2,1,1,1,1,1,2,1
SF,IF2012,2020-06-15 09:34:58.100,3778.4000,8831,0,144045240.000,1,0,1,多换,S,3777.6000,3777.4000,3777.2000,3776.0000,3775.0000,3779.2000,3780.4000,3780.6000,3780.8000,3781.6000,2,1,1,1,1,1,1,1,2,1
SF,IF2012,2020-06-15 09:34:58.600,3778.4000,8831,0,144045240.000,0,-,-,-,-,3777.8000,3777.6000,3777.4000,3777.2000,3776.0000,3779.2000,3779.6000,3780.4000,3780.6000,3780.8000,1,2,1,1,1,1,2,1,1,2
SF,IF2012,2020-06-15 09:34:59.100,3778.4000,8831,0,144045240.000,0,-,-,-,-,3777.8000,3777.6000,3777.4000,3777.2000,3776.0000,3778.6000,3779.2000,3780.4000,3780.6000,3780.8000,1,2,1,1,1,1,1,1,1,2
SF,IF2012,2020-06-15 09:34:59.600,3778.4000,8831,0,144045240.000,0,-,-,-,-,3777.8000,3777.6000,3777.4000,3777.2000,3776.0000,3779.2000,3780.4000,3780.6000,3780.8000,3781.6000,1,2,1,1,1,1,1,1,2,1
SF,IF2012,2020-06-15 09:35:00.100,3778.4000,8831,0,144045240.000,0,-,-,-,-,3777.6000,3777.4000,3777.2000,3776.0000,3775.0000,3779.0000,3780.8000,3781.6000,3782.2000,3785.6000,2,1,1,1,1,1,2,1,1,2
SF,IF2012,2020-06-15 09:35:00.600,3778.4000,8831,0,144045240.000,0,-,-,-,-,3777.6000,3777.4000,3777.2000,3776.0000,3775.0000,3778.8000,3779.0000,3780.8000,3781.6000,3782.2000,2,1,1,1,1,2,1,2,1,1
SF,IF2012,2020-06-15 09:35:01.100,3778.4000,8831,0,144045240.000,0,-,-,-,-,3777.6000,3777.4000,3777.2000,3776.0000,3775.0000,3778.6000,3778.8000,3780.8000,3781.6000,3782.2000,2,1,1,1,1,1,2,2,1,1
SF,IF2012,2020-06-15 09:35:01.600,3777.6000,8829,-2,146311800.000,2,0,2,双平,S,3777.4000,3777.2000,3776.0000,3775.0000,3772.6000,3778.4000,3778.6000,3778.8000,3780.8000,3781.6000,1,1,1,1,5,1,1,1,2,1
SF,IF2012,2020-06-15 09:35:02.100,3777.2000,8828,-1,148578180.000,2,0,2,多平,S,3776.0000,3775.0000,3772.6000,3771.0000,3770.2000,3778.2000,3778.4000,3780.8000,3781.6000,3782.2000,1,1,5,2,3,3,1,2,1,1
SF,IF2012,2020-06-15 09:35:02.600,3777.2000,8828,0,148578180.000,0,-,-,-,-,3776.2000,3776.0000,3775.0000,3772.6000,3771.0000,3778.0000,3778.2000,3778.4000,3780.8000,3781.6000,1,1,1,5,2,1,3,1,2,1
SF,IF2012,2020-06-15 09:35:03.100,3777.2000,8828,0,148578180.000,0,-,-,-,-,3777.6000,3776.2000,3776.0000,3775.0000,3772.6000,3777.8000,3778.0000,3778.2000,3780.8000,3781.6000,2,1,1,1,5,3,1,1,2,1
SF,IF2012,2020-06-15 09:35:03.600,3777.6000,8826,-2,150844740.000,2,0,2,双平,S,3776.0000,3775.0000,3772.6000,3771.0000,3770.2000,3777.8000,3780.8000,3781.6000,3782.2000,3785.6000,1,1,5,2,3,2,2,1,1,2
SF,IF2012,2020-06-15 09:35:04.100,3777.6000,8826,0,150844740.000,0,-,-,-,-,3776.2000,3776.0000,3775.0000,3772.6000,3771.0000,3777.4000,3777.8000,3780.8000,3781.6000,3782.2000,2,1,1,5,2,3,1,2,1,1
SF,IF2012,2020-06-15 09:35:04.600,3777.6000,8826,0,150844740.000,0,-,-,-,-,3776.2000,3776.0000,3775.0000,3772.6000,3771.0000,3777.4000,3777.8000,3780.8000,3781.6000,3782.2000,2,1,1,5,2,3,1,2,1,1
SF,IF2012,2020-06-15 09:35:05.100,3777.6000,8826,0,150844740.000,0,-,-,-,-,3776.2000,3776.0000,3775.0000,3772.6000,3771.0000,3777.0000,3777.4000,3777.8000,3780.8000,3781.6000,2,1,1,5,2,1,1,1,2,1
SF,IF2012,2020-06-15 09:35:05.600,3776.2000,8826,0,151977600.000,1,0,1,多换,S,3776.0000,3775.0000,3772.6000,3771.0000,3770.2000,3777.0000,3777.4000,3777.8000,3780.8000,3781.6000,1,1,5,2,1,1,1,1,2,1
SF,IF2012,2020-06-15 09:35:06.100,3776.0000,8827,1,153110400.000,1,1,0,双开,S,3775.0000,3772.6000,3771.0000,3770.2000,3770.0000,3776.8000,3777.0000,3777.4000,3777.8000,3780.8000,1,5,2,1,4,2,2,1,1,1
SF,IF2012,2020-06-15 09:35:06.600,3776.0000,8827,0,153110400.000,0,-,-,-,-,3775.2000,3775.0000,3772.6000,3771.0000,3770.2000,3776.8000,3777.0000,3777.4000,3777.8000,3780.8000,1,1,5,2,1,2,2,1,1,1
SF,IF2012,2020-06-15 09:35:07.100,3776.0000,8827,0,153110400.000,0,-,-,-,-,3775.2000,3775.0000,3772.6000,3771.0000,3770.2000,3776.8000,3777.0000,3780.8000,3781.6000,3782.2000,1,1,5,2,1,2,2,1,1,1
SF,IF2012,2020-06-15 09:35:07.600,3776.4000,8827,0,154243320.000,1,0,1,多换,S,3775.2000,3775.0000,3772.6000,3771.0000,3770.2000,3776.6000,3776.8000,3777.0000,3780.8000,3781.6000,1,1,5,2,1,1,1,1,1,1
SF,IF2012,2020-06-15 09:35:08.100,3776.4000,8827,0,154243320.000,0,-,-,-,-,3775.2000,3775.0000,3772.6000,3771.0000,3770.2000,3776.4000,3776.6000,3777.0000,3780.8000,3781.6000,1,1,5,2,1,1,1,1,1,1
SF,IF2012,2020-06-15 09:35:08.600,3776.4000,8827,0,154243320.000,0,-,-,-,-,3775.2000,3775.0000,3772.6000,3771.0000,3770.2000,3776.6000,3777.0000,3780.8000,3781.6000,3782.2000,1,1,5,2,1,1,1,1,2,1
SF,IF2012,2020-06-15 09:35:11.600,3776.4000,8827,0,154243320.000,0,-,-,-,-,3775.2000,3775.0000,3771.0000,3770.2000,3770.0000,3776.4000,3776.6000,3777.0000,3780.8000,3781.6000,1,1,2,1,4,1,1,1,1,2
SF,IF2012,2020-06-15 09:35:12.100,3776.4000,8827,0,154243320.000,0,-,-,-,-,3775.0000,3771.0000,3770.2000,3770.0000,3769.2000,3776.4000,3776.6000,3777.0000,3780.8000,3781.6000,1,2,1,4,5,1,1,1,1,2
SF,IF2012,2020-06-15 09:35:12.600,3776.4000,8827,0,154243320.000,0,-,-,-,-,3775.0000,3771.0000,3770.2000,3770.0000,3769.2000,3776.2000,3776.4000,3780.8000,3781.6000,3782.2000,1,2,1,4,5,2,1,1,2,1
SF,IF2012,2020-06-15 09:35:13.100,3776.4000,8827,0,154243320.000,0,-,-,-,-,3775.0000,3771.0000,3770.2000,3770.0000,3769.2000,3776.2000,3776.4000,3780.8000,3781.6000,3782.2000,1,2,1,4,5,3,1,1,2,1
SF,IF2012,2020-06-15 09:35:13.600,3776.4000,8827,0,154243320.000,0,-,-,-,-,3775.0000,3771.0000,3770.2000,3770.0000,3769.2000,3776.2000,3780.8000,3781.6000,3782.2000,3785.6000,1,2,1,4,5,3,1,2,1,2
SF,IF2012,2020-06-15 09:35:14.100,3776.4000,8827,0,154243320.000,0,-,-,-,-,3775.0000,3771.0000,3770.2000,3770.0000,3769.2000,3776.2000,3780.8000,3781.6000,3782.2000,3785.6000,1,2,1,4,5,2,1,2,1,2
SF,IF2012,2020-06-15 09:35:14.600,3775.0000,8827,0,155375820.000,1,0,1,多换,S,3771.0000,3770.2000,3770.0000,3769.2000,3766.4000,3776.0000,3776.2000,3780.8000,3781.6000,3782.2000,2,1,4,5,1,2,1,1,2,1
SF,IF2012,2020-06-15 09:35:15.100,3775.8000,8827,0,156508560.000,1,0,1,多换,S,3771.2000,3771.0000,3770.2000,3770.0000,3769.2000,3776.0000,3780.8000,3781.6000,3782.2000,3785.6000,5,2,1,4,5,2,1,2,1,2
SF,IF2012,2020-06-15 09:35:15.600,3775.8000,8827,0,156508560.000,0,-,-,-,-,3774.8000,3771.2000,3771.0000,3770.2000,3770.0000,3776.0000,3780.8000,3781.6000,3782.2000,3785.6000,1,5,2,1,4,2,1,2,1,2
SF,IF2012,2020-06-15 09:35:16.100,3774.8000,8826,-1,157641000.000,1,0,1,双平,S,3771.6000,3771.2000,3771.0000,3770.2000,3770.0000,3774.6000,3775.2000,3775.6000,3776.0000,3780.8000,1,4,2,1,4,1,1,1,1,1
SF,IF2012,2020-06-15 09:35:16.600,3774.8000,8826,0,157641000.000,0,-,-,-,-,3771.8000,3771.6000,3771.2000,3771.0000,3770.2000,3774.6000,3775.2000,3775.6000,3775.8000,3776.0000,3,1,1,2,1,1,2,1,3,1
SF,IF2012,2020-06-15 09:35:17.100,3774.8000,8826,0,157641000.000,0,-,-,-,-,3771.8000,3771.6000,3771.2000,3771.0000,3770.2000,3774.4000,3774.6000,3775.2000,3775.6000,3775.8000,2,1,1,2,1,1,1,2,1,3
SF,IF2012,2020-06-15 09:35:17.600,3774.8000,8826,0,157641000.000,0,-,-,-,-,3771.8000,3771.2000,3771.0000,3770.2000,3770.0000,3774.4000,3774.6000,3775.2000,3775.6000,3775.8000,2,1,2,1,4,1,1,1,1,3
SF,IF2012,2020-06-15 09:35:18.100,3774.8000,8826,0,157641000.000,0,-,-,-,-,3771.8000,3771.2000,3771.0000,3770.2000,3770.0000,3774.0000,3774.4000,3774.6000,3775.6000,3775.8000,2,1,2,1,4,1,1,1,1,3
