市场代码,合约代码,时间,最新,持仓,增仓,成交额,成交量,开仓,平仓,成交类型,方向,买一价,买二价,买三价,买四价,买五价,卖一价,卖二价,卖三价,卖四价,卖五价,买一量,买二量,买三量,买四量,买五量,卖一量,卖二量,卖三量,卖四量,卖五量
SF,IF2002,2019-12-23 09:29:00.400,4041.6000,0,0,0.000,0.000,-,-,-,-,4038.0000,4035.2000,4031.0000,4029.0000,4022.6000,4051.0000,4052.6000,4053.0000,4058.4000,4064.0000,1,1,2,3,1,2,1,3,1,2
SF,IF2002,2019-12-23 09:30:00.400,4035.2000,1,1,1210560.000,1,1,0,双开,S,4024.2000,4022.6000,4020.0000,4018.0000,3988.4000,4049.4000,4050.0000,4050.2000,4050.8000,4052.6000,2,1,1,1,1,1,1,2,2,1
SF,IF2002,2019-12-23 09:30:00.900,4035.2000,1,0,1210560.000,0,-,-,-,-,4024.4000,4024.2000,4022.6000,4020.0000,4018.0000,4050.2000,4050.8000,4052.6000,4064.0000,4070.0000,2,2,1,1,1,2,2,1,2,3
SF,IF2002,2019-12-23 09:30:01.400,4035.2000,1,0,1210560.000,0,-,-,-,-,4024.4000,4024.2000,4022.6000,4020.0000,4018.0000,4047.6000,4050.0000,4050.8000,4052.6000,4064.0000,2,2,1,1,1,2,1,2,1,2
SF,IF2002,2019-12-23 09:30:01.900,4035.2000,1,0,1210560.000,0,-,-,-,-,4035.2000,4024.4000,4024.2000,4022.6000,4020.0000,4047.6000,4050.8000,4052.6000,4064.0000,4070.0000,1,2,2,1,1,2,2,1,2,3
SF,IF2002,2019-12-23 09:30:02.400,4035.2000,1,0,1210560.000,0,-,-,-,-,4035.2000,4027.2000,4024.2000,4022.6000,4020.0000,4047.6000,4050.8000,4052.6000,4064.0000,4070.0000,1,1,2,1,1,2,2,1,2,3
SF,IF2002,2019-12-23 09:30:02.900,4035.2000,1,0,1210560.000,0,-,-,-,-,4035.2000,4027.2000,4024.2000,4022.6000,4020.0000,4047.4000,4047.6000,4050.8000,4052.6000,4064.0000,1,1,2,1,1,1,2,2,1,2
SF,IF2002,2019-12-23 09:30:03.400,4047.4000,2,1,2424780.000,1,1,0,双开,S,4035.2000,4027.2000,4024.2000,4022.6000,4020.0000,4041.0000,4047.6000,4050.8000,4052.6000,4064.0000,1,1,2,1,1,1,2,2,1,2
SF,IF2002,2019-12-23 09:30:03.900,4047.4000,2,0,2424780.000,0,-,-,-,-,4035.2000,4027.2000,4024.2000,4022.6000,4020.0000,4041.0000,4047.6000,4050.8000,4052.6000,4064.0000,1,1,2,1,1,1,2,2,1,2
SF,IF2002,2019-12-23 09:30:04.400,4047.4000,2,0,2424780.000,0,-,-,-,-,4035.4000,4035.2000,4027.2000,4024.2000,4022.6000,4041.0000,4047.6000,4050.8000,4052.6000,4064.0000,1,1,1,2,1,1,2,2,1,2
SF,IF2002,2019-12-23 09:30:04.900,4047.4000,2,0,2424780.000,0,-,-,-,-,4035.2000,4027.2000,4022.6000,4020.0000,4018.0000,4041.0000,4045.2000,4047.6000,4052.6000,4064.0000,1,1,1,1,1,1,1,2,1,2
SF,IF2002,2019-12-23 09:30:05.400,4047.4000,2,0,2424780.000,0,-,-,-,-,4035.8000,4027.2000,4022.6000,4020.0000,4018.0000,4041.0000,4045.2000,4046.2000,4047.6000,4052.6000,1,1,1,1,1,1,1,2,2,1
SF,IF2002,2019-12-23 09:30:05.900,4047.4000,2,0,2424780.000,0,-,-,-,-,4035.8000,4027.2000,4022.6000,4020.0000,4018.0000,4041.0000,4046.2000,4047.6000,4052.6000,4064.0000,1,1,1,1,1,1,2,2,1,2
SF,IF2002,2019-12-23 09:30:06.900,4047.4000,2,0,2424780.000,0,-,-,-,-,4027.2000,4022.6000,4020.0000,4018.0000,3988.4000,4041.0000,4045.6000,4046.2000,4046.6000,4047.6000,1,1,1,1,1,1,1,2,1,2
SF,IF2002,2019-12-23 09:30:07.400,4047.4000,2,0,2424780.000,0,-,-,-,-,4027.4000,4027.2000,4022.6000,4020.0000,4018.0000,4041.0000,4045.6000,4046.2000,4046.6000,4047.6000,3,1,1,1,1,1,1,2,1,2
SF,IF2002,2019-12-23 09:30:07.900,4047.4000,2,0,2424780.000,0,-,-,-,-,4027.4000,4027.2000,4022.6000,4020.0000,4018.0000,4041.0000,4045.6000,4046.2000,4046.6000,4047.6000,2,1,1,1,1,1,1,2,1,2
SF,IF2002,2019-12-23 09:30:08.900,4047.4000,2,0,2424780.000,0,-,-,-,-,4027.6000,4027.4000,4027.2000,4022.6000,4020.0000,4041.0000,4045.6000,4046.2000,4046.6000,4047.6000,1,2,1,1,1,1,1,2,1,2
SF,IF2002,2019-12-23 09:30:09.400,4047.4000,2,0,2424780.000,0,-,-,-,-,4028.4000,4027.6000,4027.4000,4027.2000,4022.6000,4041.0000,4045.6000,4046.2000,4046.6000,4047.6000,3,1,2,1,1,1,1,2,1,2
SF,IF2002,2019-12-23 09:30:09.900,4047.4000,2,0,2424780.000,0,-,-,-,-,4028.6000,4028.4000,4027.2000,4022.6000,4020.0000,4041.0000,4045.6000,4046.2000,4046.6000,4047.6000,2,3,1,1,1,1,1,2,1,2
SF,IF2002,2019-12-23 09:30:10.400,4047.4000,2,0,2424780.000,0,-,-,-,-,4029.8000,4028.6000,4028.4000,4027.2000,4022.6000,4041.0000,4045.6000,4046.2000,4046.6000,4047.6000,1,2,3,1,1,1,1,2,1,2
SF,IF2002,2019-12-23 09:30:10.900,4047.4000,2,0,2424780.000,0,-,-,-,-,4030.0000,4029.8000,4028.4000,4027.2000,4022.6000,4041.0000,4046.2000,4046.6000,4047.6000,4052.6000,3,1,2,1,1,1,2,1,2,1
SF,IF2002,2019-12-23 09:30:11.400,4047.4000,2,0,2424780.000,0,-,-,-,-,4030.0000,4028.4000,4027.2000,4022.6000,4020.0000,4041.0000,4046.2000,4046.6000,4047.6000,4052.6000,3,2,1,1,1,1,2,1,2,1
SF,IF2002,2019-12-23 09:30:11.900,4047.4000,2,0,2424780.000,0,-,-,-,-,4032.0000,4030.0000,4028.4000,4027.2000,4022.6000,4041.0000,4046.2000,4046.6000,4047.6000,4052.6000,1,3,2,1,1,1,2,1,2,1
SF,IF2002,2019-12-23 09:30:12.400,4047.4000,2,0,2424780.000,0,-,-,-,-,4032.2000,4032.0000,4028.4000,4027.2000,4022.6000,4041.0000,4046.2000,4046.6000,4047.6000,4052.6000,2,1,2,1,1,1,2,1,2,1
SF,IF2002,2019-12-23 09:30:12.900,4047.4000,2,0,2424780.000,0,-,-,-,-,4032.2000,4028.4000,4027.2000,4022.6000,4020.0000,4041.0000,4046.2000,4046.6000,4047.6000,4052.6000,2,2,1,1,1,1,2,1,2,1
SF,IF2002,2019-12-23 09:30:13.400,4047.4000,2,0,2424780.000,0,-,-,-,-,4032.8000,4032.4000,4032.2000,4028.4000,4027.2000,4041.0000,4046.2000,4046.6000,4047.6000,4052.6000,1,1,2,2,1,1,2,1,2,1
SF,IF2002,2019-12-23 09:30:13.900,4047.4000,2,0,2424780.000,0,-,-,-,-,4033.0000,4032.8000,4032.2000,4028.4000,4027.2000,4041.0000,4046.2000,4046.4000,4046.6000,4047.6000,2,1,2,2,1,1,2,1,1,2
SF,IF2002,2019-12-23 09:30:14.400,4047.4000,2,0,2424780.000,0,-,-,-,-,4035.6000,4033.6000,4033.0000,4032.8000,4032.2000,4041.0000,4046.2000,4046.4000,4046.6000,4047.6000,1,1,2,1,2,1,2,1,1,2
SF,IF2002,2019-12-23 09:30:14.900,4047.4000,2,0,2424780.000,0,-,-,-,-,4035.8000,4035.6000,4033.6000,4033.0000,4032.2000,4041.0000,4046.2000,4046.4000,4046.6000,4047.6000,1,1,1,2,2,1,2,1,1,2
SF,IF2002,2019-12-23 09:30:15.400,4047.4000,2,0,2424780.000,0,-,-,-,-,4035.6000,4033.0000,4032.2000,4028.4000,4027.2000,4041.0000,4046.2000,4046.4000,4046.6000,4047.6000,1,2,2,2,1,1,2,1,1,2
SF,IF2002,2019-12-23 09:30:15.900,4047.4000,2,0,2424780.000,0,-,-,-,-,4036.2000,4035.6000,4033.0000,4032.2000,4028.4000,4041.0000,4046.2000,4046.4000,4046.6000,4047.6000,1,1,2,2,2,1,2,1,1,2
SF,IF2002,2019-12-23 09:30:16.400,4047.4000,2,0,2424780.000,0,-,-,-,-,4036.4000,4036.2000,4035.6000,4033.0000,4032.2000,4041.0000,4046.2000,4046.4000,4046.6000,4047.6000,1,1,1,2,2,1,2,1,1,2
SF,IF2002,2019-12-23 09:30:16.900,4047.4000,2,0,2424780.000,0,-,-,-,-,4036.6000,4036.2000,4035.6000,4033.0000,4032.2000,4040.8000,4041.0000,4046.2000,4046.4000,4046.6000,1,1,1,2,2,1,1,2,1,1
SF,IF2002,2019-12-23 09:30:17.900,4047.4000,2,0,2424780.000,0,-,-,-,-,4036.8000,4036.6000,4035.6000,4033.0000,4032.2000,4040.8000,4046.2000,4046.4000,4046.6000,4047.6000,2,1,1,2,2,1,2,1,1,2
SF,IF2002,2019-12-23 09:30:18.400,4047.4000,2,0,2424780.000,0,-,-,-,-,4037.0000,4036.8000,4035.6000,4033.0000,4032.2000,4040.8000,4046.2000,4046.4000,4046.6000,4047.6000,1,1,1,2,2,1,2,1,1,2
SF,IF2002,2019-12-23 09:30:19.400,4047.4000,2,0,2424780.000,0,-,-,-,-,4037.0000,4035.6000,4033.0000,4032.2000,4028.4000,4040.8000,4046.2000,4046.4000,4046.6000,4047.6000,1,1,2,2,2,1,2,1,1,2
SF,IF2002,2019-12-23 09:30:19.900,4047.4000,2,0,2424780.000,0,-,-,-,-,4037.2000,4037.0000,4035.6000,4033.0000,4032.2000,4040.8000,4046.2000,4046.4000,4046.6000,4047.6000,1,1,1,2,2,1,2,1,1,2
SF,IF2002,2019-12-23 09:30:20.400,4047.4000,2,0,2424780.000,0,-,-,-,-,4037.4000,4035.6000,4033.0000,4032.2000,4028.4000,4040.6000,4040.8000,4043.0000,4046.2000,4046.4000,1,1,2,2,2,1,1,1,2,1
SF,IF2002,2019-12-23 09:30:20.900,4047.4000,2,0,2424780.000,0,-,-,-,-,4037.4000,4035.6000,4033.0000,4028.4000,4022.6000,4040.4000,4040.6000,4043.0000,4046.2000,4046.4000,1,1,2,2,1,1,1,1,2,1
SF,IF2002,2019-12-23 09:30:21.400,4047.4000,2,0,2424780.000,0,-,-,-,-,4037.6000,4037.4000,4035.6000,4033.0000,4028.4000,4040.4000,4040.6000,4043.0000,4046.2000,4046.4000,1,1,1,2,2,1,1,1,2,1
SF,IF2002,2019-12-23 09:30:21.900,4047.4000,2,0,2424780.000,0,-,-,-,-,4037.8000,4035.6000,4033.0000,4028.4000,4022.6000,4040.4000,4040.6000,4046.2000,4046.4000,4046.6000,1,1,2,2,1,1,1,2,1,1
SF,IF2002,2019-12-23 09:30:22.400,4047.4000,2,0,2424780.000,0,-,-,-,-,4035.6000,4033.0000,4028.4000,4022.6000,4020.0000,4040.4000,4040.6000,4046.2000,4046.4000,4046.6000,1,2,2,1,1,1,1,2,1,1
SF,IF2002,2019-12-23 09:30:22.900,4047.4000,2,0,2424780.000,0,-,-,-,-,4035.8000,4035.6000,4033.0000,4028.4000,4022.6000,4040.4000,4040.6000,4046.2000,4046.4000,4046.6000,2,1,2,2,1,1,1,2,1,1
SF,IF2002,2019-12-23 09:30:23.400,4047.4000,2,0,2424780.000,0,-,-,-,-,4035.8000,4035.6000,4033.0000,4028.4000,4022.6000,4040.4000,4046.2000,4046.4000,4046.6000,4047.6000,1,1,2,2,1,1,2,1,1,2
SF,IF2002,2019-12-23 09:30:24.400,4047.4000,2,0,2424780.000,0,-,-,-,-,4036.0000,4035.8000,4035.6000,4033.0000,4028.4000,4040.4000,4046.2000,4046.4000,4046.6000,4047.6000,1,1,1,2,2,1,2,1,1,2
SF,IF2002,2019-12-23 09:30:24.900,4047.4000,2,0,2424780.000,0,-,-,-,-,4036.2000,4033.0000,4028.4000,4022.6000,4020.0000,4040.4000,4046.2000,4046.4000,4046.6000,4047.6000,2,2,2,1,1,1,2,1,1,2
SF,IF2002,2019-12-23 09:30:25.900,4047.4000,2,0,2424780.000,0,-,-,-,-,4036.4000,4036.2000,4033.0000,4028.4000,4022.6000,4040.4000,4046.2000,4046.6000,4047.6000,4052.6000,1,2,2,2,1,1,2,1,2,1
SF,IF2002,2019-12-23 09:30:26.400,4047.4000,2,0,2424780.000,0,-,-,-,-,4036.6000,4036.2000,4033.0000,4028.4000,4022.6000,4040.4000,4046.2000,4046.6000,4047.6000,4052.6000,1,1,2,2,1,1,2,1,2,1
SF,IF2002,2019-12-23 09:30:27.400,4047.4000,2,0,2424780.000,0,-,-,-,-,4036.8000,4036.6000,4036.2000,4033.0000,4028.4000,4040.4000,4046.2000,4046.6000,4047.6000,4052.6000,1,1,1,2,2,1,2,1,2,1
SF,IF2002,2019-12-23 09:30:27.900,4047.4000,2,0,2424780.000,0,-,-,-,-,4037.0000,4036.2000,4033.0000,4028.4000,4022.6000,4040.4000,4046.2000,4046.6000,4047.6000,4052.6000,1,1,2,2,1,1,2,1,2,1
SF,IF2002,2019-12-23 09:30:28.900,4047.4000,2,0,2424780.000,0,-,-,-,-,4037.2000,4037.0000,4036.2000,4033.0000,4028.4000,4040.4000,4046.2000,4046.6000,4047.6000,4052.6000,1,1,1,2,2,1,2,1,2,1
SF,IF2002,2019-12-23 09:30:29.400,4047.4000,2,0,2424780.000,0,-,-,-,-,4037.4000,4036.2000,4033.0000,4028.4000,4022.6000,4046.2000,4046.6000,4047.6000,4052.6000,4064.0000,1,1,2,2,1,2,1,2,1,2
SF,IF2002,2019-12-23 09:30:29.900,4047.4000,2,0,2424780.000,0,-,-,-,-,4037.4000,4036.2000,4033.0000,4028.4000,4022.6000,4046.0000,4046.2000,4046.6000,4047.6000,4052.6000,1,1,2,2,1,1,2,1,2,1
SF,IF2002,2019-12-23 09:30:30.400,4047.4000,2,0,2424780.000,0,-,-,-,-,4037.4000,4033.0000,4028.4000,4022.6000,4020.0000,4045.8000,4046.0000,4046.2000,4046.6000,4047.6000,1,2,2,1,1,1,1,2,1,2
SF,IF2002,2019-12-23 09:30:30.900,4047.4000,2,0,2424780.000,0,-,-,-,-,4037.4000,4033.0000,4028.4000,4022.6000,4020.0000,4045.6000,4045.8000,4046.2000,4046.6000,4047.6000,1,2,2,1,1,1,1,2,1,2
SF,IF2002,2019-12-23 09:30:31.400,4047.4000,2,0,2424780.000,0,-,-,-,-,4037.4000,4033.0000,4028.4000,4022.6000,4020.0000,4045.2000,4045.4000,4045.6000,4045.8000,4046.2000,1,2,2,1,1,1,1,1,1,2
SF,IF2002,2019-12-23 09:30:31.900,4047.4000,2,0,2424780.000,0,-,-,-,-,4037.4000,4033.0000,4028.4000,4022.6000,4020.0000,4045.0000,4045.2000,4045.4000,4045.8000,4046.2000,1,2,2,1,1,1,1,1,1,2
SF,IF2002,2019-12-23 09:30:32.400,4047.4000,2,0,2424780.000,0,-,-,-,-,4037.4000,4033.0000,4028.4000,4022.6000,4020.0000,4045.0000,4045.2000,4045.8000,4046.2000,4046.6000,1,2,2,1,1,1,1,1,2,1
SF,IF2002,2019-12-23 09:30:32.900,4047.4000,2,0,2424780.000,0,-,-,-,-,4037.4000,4033.0000,4028.4000,4022.6000,4020.0000,4044.6000,4045.0000,4045.2000,4045.8000,4046.2000,1,2,2,1,1,1,1,1,1,2
SF,IF2002,2019-12-23 09:30:33.400,4047.4000,2,0,2424780.000,0,-,-,-,-,4037.4000,4033.0000,4028.4000,4022.6000,4020.0000,4044.2000,4044.4000,4044.6000,4044.8000,4045.2000,1,2,2,1,1,1,1,2,1,1
SF,IF2002,2019-12-23 09:30:33.900,4047.4000,2,0,2424780.000,0,-,-,-,-,4037.4000,4033.0000,4028.4000,4022.6000,4020.0000,4043.8000,4044.0000,4044.2000,4044.6000,4044.8000,1,2,2,1,1,1,1,1,1,1
SF,IF2002,2019-12-23 09:30:34.400,4047.4000,2,0,2424780.000,0,-,-,-,-,4037.4000,4033.0000,4028.4000,4022.6000,4020.0000,4043.6000,4043.8000,4044.2000,4044.6000,4045.2000,1,2,2,1,1,1,1,1,1,1
SF,IF2002,2019-12-23 09:30:34.900,4047.4000,2,0,2424780.000,0,-,-,-,-,4037.4000,4033.0000,4028.4000,4022.6000,4020.0000,4043.2000,4043.4000,4043.6000,4044.2000,4046.2000,1,2,2,1,1,1,1,1,1,2
SF,IF2002,2019-12-23 09:30:35.400,4047.4000,2,0,2424780.000,0,-,-,-,-,4037.6000,4037.4000,4033.0000,4028.4000,4022.6000,4043.0000,4043.2000,4043.4000,4044.2000,4046.2000,1,1,2,2,1,1,1,1,1,2
SF,IF2002,2019-12-23 09:30:35.900,4047.4000,2,0,2424780.000,0,-,-,-,-,4037.8000,4033.0000,4028.4000,4022.6000,4020.0000,4042.6000,4043.0000,4046.2000,4046.6000,4047.6000,1,2,2,1,1,1,1,2,1,2
SF,IF2002,2019-12-23 09:30:36.400,4047.4000,2,0,2424780.000,0,-,-,-,-,4037.8000,4033.0000,4028.4000,4022.6000,4020.0000,4042.4000,4042.6000,4046.2000,4046.6000,4047.6000,1,2,2,1,1,1,1,2,1,2
SF,IF2002,2019-12-23 09:30:36.900,4047.4000,2,0,2424780.000,0,-,-,-,-,4038.0000,4037.8000,4033.0000,4028.4000,4022.6000,4042.4000,4046.2000,4046.6000,4047.6000,4052.6000,1,1,2,2,1,1,2,1,2,1
SF,IF2002,2019-12-23 09:30:37.400,4047.4000,2,0,2424780.000,0,-,-,-,-,4038.2000,4033.0000,4028.4000,4022.6000,4020.0000,4042.4000,4046.2000,4046.6000,4047.6000,4052.6000,1,2,2,1,1,1,2,1,2,1
SF,IF2002,2019-12-23 09:30:37.900,4047.4000,2,0,2424780.000,0,-,-,-,-,4038.2000,4028.4000,4022.6000,4020.0000,4018.0000,4042.4000,4046.2000,4046.6000,4047.6000,4052.6000,1,2,1,1,1,1,2,1,2,1
SF,IF2002,2019-12-23 09:30:38.400,4047.4000,2,0,2424780.000,0,-,-,-,-,4038.4000,4038.2000,4028.4000,4022.6000,4020.0000,4042.4000,4046.2000,4046.6000,4047.6000,4052.6000,1,1,2,1,1,1,2,1,2,1
SF,IF2002,2019-12-23 09:30:38.900,4047.4000,2,0,2424780.000,0,-,-,-,-,4038.6000,4028.4000,4022.6000,4020.0000,4018.0000,4042.4000,4046.2000,4046.6000,4047.6000,4052.6000,1,2,1,1,1,1,2,1,2,1
SF,IF2002,2019-12-23 09:30:39.900,4047.4000,2,0,2424780.000,0,-,-,-,-,4038.8000,4038.6000,4028.4000,4022.6000,4020.0000,4042.4000,4046.2000,4046.6000,4047.6000,4052.6000,1,1,2,1,1,1,2,1,2,1
SF,IF2002,2019-12-23 09:30:40.400,4047.4000,2,0,2424780.000,0,-,-,-,-,4039.0000,4028.4000,4022.6000,4020.0000,4018.0000,4042.4000,4046.2000,4046.6000,4047.6000,4052.6000,1,2,1,1,1,1,2,1,2,1
SF,IF2002,2019-12-23 09:30:41.400,4047.4000,2,0,2424780.000,0,-,-,-,-,4039.2000,4039.0000,4028.4000,4022.6000,4020.0000,4042.4000,4046.2000,4046.6000,4047.6000,4052.6000,1,1,2,1,1,1,2,1,2,1
SF,IF2002,2019-12-23 09:30:41.900,4047.4000,2,0,2424780.000,0,-,-,-,-,4039.4000,4028.4000,4022.6000,4020.0000,4018.0000,4042.4000,4046.2000,4046.6000,4047.6000,4052.6000,1,2,1,1,1,1,2,1,2,1
SF,IF2002,2019-12-23 09:30:42.400,4047.4000,2,0,2424780.000,0,-,-,-,-,4039.4000,4028.4000,4022.6000,4020.0000,4018.0000,4042.4000,4046.2000,4046.6000,4052.6000,4064.0000,1,2,1,1,1,1,2,1,1,2
SF,IF2002,2019-12-23 09:30:42.900,4047.4000,2,0,2424780.000,0,-,-,-,-,4039.6000,4039.4000,4028.4000,4022.6000,4020.0000,4042.4000,4046.2000,4046.6000,4052.6000,4064.0000,1,1,2,1,1,1,2,1,1,2
SF,IF2002,2019-12-23 09:30:43.400,4047.4000,2,0,2424780.000,0,-,-,-,-,4028.4000,4022.6000,4020.0000,4018.0000,3988.4000,4042.4000,4046.2000,4046.6000,4052.6000,4064.0000,2,1,1,1,1,1,2,1,1,2
SF,IF2002,2019-12-23 09:30:43.900,4047.4000,2,0,2424780.000,0,-,-,-,-,4028.6000,4028.4000,4022.6000,4020.0000,4018.0000,4042.4000,4046.2000,4052.6000,4057.0000,4064.0000,3,2,1,1,1,1,2,1,1,2
SF,IF2002,2019-12-23 09:30:44.400,4047.4000,2,0,2424780.000,0,-,-,-,-,4028.8000,4028.6000,4028.4000,4022.6000,4020.0000,4042.4000,4046.2000,4052.6000,4057.0000,4064.0000,1,3,2,1,1,1,2,1,1,2
SF,IF2002,2019-12-23 09:30:44.900,4047.4000,2,0,2424780.000,0,-,-,-,-,4029.0000,4028.6000,4028.4000,4022.6000,4020.0000,4042.4000,4046.2000,4052.6000,4057.0000,4064.0000,1,2,2,1,1,1,2,1,1,2
SF,IF2002,2019-12-23 09:30:45.400,4047.4000,2,0,2424780.000,0,-,-,-,-,4030.2000,4029.2000,4029.0000,4028.6000,4028.4000,4042.4000,4046.0000,4046.2000,4052.6000,4057.0000,1,2,2,2,2,1,1,2,1,1
SF,IF2002,2019-12-23 09:30:45.900,4047.4000,2,0,2424780.000,0,-,-,-,-,4030.4000,4030.2000,4029.8000,4028.4000,4022.6000,4042.2000,4042.4000,4046.0000,4046.2000,4052.6000,4,1,1,2,1,2,1,1,2,1
SF,IF2002,2019-12-23 09:30:46.400,4047.4000,2,0,2424780.000,0,-,-,-,-,4032.4000,4031.0000,4030.4000,4028.4000,4022.6000,4042.0000,4042.2000,4046.0000,4046.2000,4052.6000,1,1,3,2,1,1,2,1,2,1
SF,IF2002,2019-12-23 09:30:46.900,4047.4000,2,0,2424780.000,0,-,-,-,-,4035.8000,4032.6000,4032.4000,4031.0000,4030.8000,4042.0000,4042.2000,4046.0000,4046.2000,4052.6000,1,3,1,1,1,1,2,1,2,1
SF,IF2002,2019-12-23 09:30:47.400,4047.4000,2,0,2424780.000,0,-,-,-,-,4036.0000,4035.8000,4032.4000,4031.0000,4030.8000,4042.0000,4046.0000,4046.2000,4052.6000,4057.0000,4,1,1,1,1,1,1,2,1,1
SF,IF2002,2019-12-23 09:30:47.900,4047.4000,2,0,2424780.000,0,-,-,-,-,4036.0000,4035.8000,4032.4000,4030.8000,4028.4000,4042.0000,4046.0000,4046.2000,4052.6000,4057.0000,4,1,1,1,2,1,1,2,1,1
SF,IF2002,2019-12-23 09:30:48.400,4047.4000,2,0,2424780.000,0,-,-,-,-,4036.8000,4036.0000,4035.8000,4032.4000,4028.4000,4042.0000,4046.0000,4046.2000,4052.6000,4057.0000,1,4,1,1,2,1,1,2,1,1
SF,IF2002,2019-12-23 09:30:48.900,4047.4000,2,0,2424780.000,0,-,-,-,-,4037.0000,4036.8000,4036.0000,4035.8000,4032.4000,4042.0000,4046.0000,4046.2000,4052.6000,4057.0000,1,1,3,1,1,1,1,2,1,1
SF,IF2002,2019-12-23 09:30:49.900,4047.4000,2,0,2424780.000,0,-,-,-,-,4038.0000,4037.0000,4036.0000,4035.8000,4032.4000,4042.0000,4046.0000,4046.2000,4052.6000,4057.0000,1,1,3,1,1,1,1,2,1,1
SF,IF2002,2019-12-23 09:30:50.400,4047.4000,2,0,2424780.000,0,-,-,-,-,4038.2000,4038.0000,4036.0000,4035.8000,4032.4000,4042.0000,4046.0000,4046.2000,4052.6000,4057.0000,1,1,3,2,1,1,1,2,1,1
SF,IF2002,2019-12-23 09:30:51.900,4047.4000,2,0,2424780.000,0,-,-,-,-,4038.2000,4038.0000,4036.0000,4035.8000,4032.4000,4042.0000,4046.0000,4046.2000,4052.6000,4057.0000,1,1,3,2,1,1,1,3,1,1
SF,IF2002,2019-12-23 09:30:52.900,4047.4000,2,0,2424780.000,0,-,-,-,-,4038.2000,4038.0000,4036.0000,4035.8000,4032.4000,4042.0000,4046.0000,4046.2000,4052.6000,4057.0000,1,1,3,2,1,1,1,3,1,1
SF,IF2002,2019-12-23 09:30:53.900,4047.4000,2,0,2424780.000,0,-,-,-,-,4038.2000,4038.0000,4037.0000,4036.0000,4035.8000,4042.0000,4046.0000,4046.2000,4052.6000,4057.0000,1,1,1,3,2,1,1,3,1,1
SF,IF2002,2019-12-23 09:30:55.400,4047.4000,2,0,2424780.000,0,-,-,-,-,4038.2000,4038.0000,4037.0000,4036.0000,4035.8000,4042.0000,4046.0000,4046.2000,4052.6000,4057.0000,1,1,1,3,1,1,1,3,1,1
SF,IF2002,2019-12-23 09:30:56.900,4047.4000,2,0,2424780.000,0,-,-,-,-,4038.4000,4038.2000,4037.0000,4036.0000,4035.8000,4042.0000,4046.0000,4046.2000,4052.6000,4057.0000,1,1,1,3,1,1,1,3,1,1
SF,IF2002,2019-12-23 09:30:57.400,4047.4000,2,0,2424780.000,0,-,-,-,-,4038.6000,4038.4000,4037.0000,4036.0000,4035.8000,4042.0000,4046.0000,4046.2000,4052.6000,4057.0000,1,1,1,3,1,1,1,3,1,1
SF,IF2002,2019-12-23 09:31:02.400,4047.4000,2,0,2424780.000,0,-,-,-,-,4038.6000,4038.4000,4037.0000,4036.0000,4035.8000,4042.0000,4046.0000,4046.2000,4052.6000,4057.0000,1,1,1,3,1,1,1,3,1,1
SF,IF2002,2019-12-23 09:31:02.900,4047.4000,2,0,2424780.000,0,-,-,-,-,4038.6000,4038.4000,4037.0000,4036.0000,4035.8000,4041.8000,4042.0000,4046.0000,4046.2000,4052.6000,1,1,1,3,1,1,1,1,3,1
SF,IF2002,2019-12-23 09:31:03.400,4047.4000,2,0,2424780.000,0,-,-,-,-,4038.6000,4038.4000,4037.0000,4036.0000,4035.8000,4041.6000,4041.8000,4046.0000,4046.2000,4052.6000,1,1,1,3,1,1,1,1,3,1
SF,IF2002,2019-12-23 09:31:04.400,4047.4000,2,0,2424780.000,0,-,-,-,-,4038.6000,4038.4000,4037.0000,4036.0000,4035.8000,4041.6000,4046.0000,4046.2000,4052.6000,4057.0000,1,1,1,3,1,1,1,3,1,1
SF,IF2002,2019-12-23 09:31:06.900,4047.4000,2,0,2424780.000,0,-,-,-,-,4038.6000,4038.4000,4037.0000,4036.0000,4035.8000,4041.6000,4046.0000,4046.2000,4052.6000,4057.0000,1,1,1,2,1,1,1,3,1,1
SF,IF2002,2019-12-23 09:31:07.400,4047.4000,2,0,2424780.000,0,-,-,-,-,4038.4000,4037.0000,4036.0000,4032.4000,4030.2000,4041.6000,4046.0000,4046.2000,4052.6000,4057.0000,1,1,2,1,1,1,1,2,1,1
SF,IF2002,2019-12-23 09:31:07.900,4047.4000,2,0,2424780.000,0,-,-,-,-,4038.6000,4038.4000,4037.0000,4036.0000,4032.4000,4041.6000,4046.0000,4046.2000,4052.6000,4057.0000,2,1,1,2,1,1,1,2,1,1
SF,IF2002,2019-12-23 09:31:08.400,4047.4000,2,0,2424780.000,0,-,-,-,-,4038.6000,4038.4000,4037.0000,4036.0000,4032.4000,4041.6000,4046.0000,4046.2000,4052.6000,4057.0000,1,1,1,2,1,1,1,2,1,1
SF,IF2002,2019-12-23 09:31:09.400,4047.4000,2,0,2424780.000,0,-,-,-,-,4038.8000,4038.6000,4038.4000,4037.0000,4036.0000,4041.6000,4046.0000,4046.2000,4052.6000,4057.0000,1,1,1,1,2,1,1,2,1,1
SF,IF2002,2019-12-23 09:31:09.900,4047.4000,2,0,2424780.000,0,-,-,-,-,4038.4000,4037.0000,4036.0000,4032.4000,4030.2000,4041.6000,4046.0000,4046.2000,4052.6000,4057.0000,1,1,2,1,1,1,1,2,1,1
SF,IF2002,2019-12-23 09:31:10.400,4047.4000,2,0,2424780.000,0,-,-,-,-,4038.6000,4038.4000,4037.0000,4036.0000,4032.4000,4041.6000,4046.0000,4046.2000,4052.6000,4057.0000,1,1,1,2,1,1,1,2,1,1
SF,IF2002,2019-12-23 09:31:10.900,4047.4000,2,0,2424780.000,0,-,-,-,-,4038.8000,4038.6000,4038.4000,4037.0000,4036.0000,4041.6000,4046.0000,4046.2000,4052.6000,4057.0000,1,1,1,1,2,1,1,2,1,1
SF,IF2002,2019-12-23 09:31:11.400,4047.4000,2,0,2424780.000,0,-,-,-,-,4038.4000,4037.0000,4036.0000,4032.4000,4030.2000,4041.6000,4046.0000,4046.2000,4052.6000,4057.0000,1,1,2,1,1,1,1,2,1,1
SF,IF2002,2019-12-23 09:31:11.900,4047.4000,2,0,2424780.000,0,-,-,-,-,4038.6000,4038.4000,4037.0000,4036.0000,4032.4000,4041.6000,4046.0000,4046.2000,4052.6000,4057.0000,1,1,1,2,1,1,1,2,1,1
SF,IF2002,2019-12-23 09:31:12.400,4047.4000,2,0,2424780.000,0,-,-,-,-,4038.8000,4038.6000,4038.4000,4037.0000,4036.0000,4041.6000,4046.0000,4046.2000,4052.6000,4057.0000,1,1,1,1,2,1,1,2,1,1
SF,IF2002,2019-12-23 09:31:12.900,4047.4000,2,0,2424780.000,0,-,-,-,-,4039.0000,4038.4000,4037.0000,4036.0000,4032.4000,4041.6000,4046.0000,4046.2000,4052.6000,4057.0000,1,1,1,2,1,1,1,2,1,1
SF,IF2002,2019-12-23 09:31:13.400,4047.4000,2,0,2424780.000,0,-,-,-,-,4038.4000,4037.0000,4032.4000,4030.2000,4028.4000,4041.6000,4046.0000,4046.2000,4052.6000,4057.0000,1,1,1,1,2,1,1,2,1,1
SF,IF2002,2019-12-23 09:31:13.900,4047.4000,2,0,2424780.000,0,-,-,-,-,4038.6000,4038.4000,4037.0000,4032.4000,4030.2000,4041.6000,4046.0000,4046.2000,4052.6000,4057.0000,2,1,1,1,1,1,1,2,1,1
SF,IF2002,2019-12-23 09:31:14.400,4047.4000,2,0,2424780.000,0,-,-,-,-,4038.4000,4037.0000,4032.4000,4030.2000,4028.4000,4041.6000,4046.0000,4046.2000,4052.6000,4057.0000,1,1,1,1,2,1,1,2,1,1
SF,IF2002,2019-12-23 09:31:15.400,4047.4000,2,0,2424780.000,0,-,-,-,-,4037.0000,4032.4000,4030.2000,4028.4000,4022.6000,4041.6000,4046.0000,4046.2000,4052.6000,4057.0000,1,1,1,2,1,1,1,2,1,1
SF,IF2002,2019-12-23 09:31:15.900,4047.4000,2,0,2424780.000,0,-,-,-,-,4037.2000,4037.0000,4032.4000,4030.2000,4028.4000,4041.6000,4046.0000,4046.2000,4052.6000,4057.0000,2,1,1,1,2,1,1,2,1,1
SF,IF2002,2019-12-23 09:31:16.400,4047.4000,2,0,2424780.000,0,-,-,-,-,4037.2000,4037.0000,4032.4000,4030.2000,4028.4000,4041.6000,4046.0000,4046.2000,4052.6000,4057.0000,1,1,1,1,2,1,1,2,1,1
SF,IF2002,2019-12-23 09:31:17.400,4047.4000,2,0,2424780.000,0,-,-,-,-,4037.4000,4037.2000,4037.0000,4032.4000,4030.2000,4041.6000,4046.0000,4046.2000,4052.6000,4057.0000,1,1,1,1,1,1,1,2,1,1
SF,IF2002,2019-12-23 09:31:17.900,4047.4000,2,0,2424780.000,0,-,-,-,-,4037.6000,4037.0000,4032.4000,4030.2000,4028.4000,4041.6000,4046.0000,4046.2000,4052.6000,4057.0000,1,1,1,1,2,1,1,2,1,1
SF,IF2002,2019-12-23 09:31:18.400,4047.4000,2,0,2424780.000,0,-,-,-,-,4037.6000,4037.0000,4032.4000,4030.2000,4028.4000,4041.6000,4044.6000,4046.0000,4046.2000,4052.6000,1,1,1,1,2,1,1,1,2,1
SF,IF2002,2019-12-23 09:31:18.900,4047.4000,2,0,2424780.000,0,-,-,-,-,4037.8000,4037.6000,4037.0000,4032.4000,4030.2000,4041.6000,4044.6000,4046.0000,4046.2000,4052.6000,1,1,1,1,1,1,1,1,2,1
SF,IF2002,2019-12-23 09:31:19.400,4047.4000,2,0,2424780.000,0,-,-,-,-,4038.0000,4037.0000,4032.4000,4030.2000,4028.4000,4041.6000,4044.6000,4046.0000,4046.2000,4052.6000,1,1,1,1,2,1,1,1,2,1
SF,IF2002,2019-12-23 09:31:20.400,4047.4000,2,0,2424780.000,0,-,-,-,-,4038.2000,4038.0000,4037.0000,4032.4000,4030.2000,4041.6000,4044.6000,4046.0000,4046.2000,4052.6000,1,1,1,1,1,1,1,1,2,1
SF,IF2002,2019-12-23 09:31:20.900,4047.4000,2,0,2424780.000,0,-,-,-,-,4038.4000,4037.0000,4032.4000,4030.2000,4028.4000,4041.6000,4044.6000,4046.0000,4046.2000,4052.6000,1,1,1,1,2,1,1,1,2,1
SF,IF2002,2019-12-23 09:31:21.900,4047.4000,2,0,2424780.000,0,-,-,-,-,4038.6000,4038.4000,4037.0000,4032.4000,4030.2000,4041.6000,4044.6000,4046.0000,4046.2000,4052.6000,1,1,1,1,1,1,1,1,2,1
SF,IF2002,2019-12-23 09:31:22.400,4047.4000,2,0,2424780.000,0,-,-,-,-,4039.0000,4038.8000,4037.0000,4032.4000,4030.2000,4041.6000,4044.6000,4046.0000,4046.2000,4052.6000,1,1,1,1,1,1,1,1,2,1
SF,IF2002,2019-12-23 09:31:22.900,4047.4000,2,0,2424780.000,0,-,-,-,-,4039.2000,4039.0000,4037.0000,4032.4000,4030.2000,4044.6000,4046.0000,4046.2000,4052.6000,4057.0000,1,1,1,1,1,1,1,2,1,1
SF,IF2002,2019-12-23 09:31:23.400,4047.4000,2,0,2424780.000,0,-,-,-,-,4039.4000,4039.2000,4039.0000,4037.0000,4032.4000,4044.4000,4044.6000,4046.0000,4046.2000,4052.6000,1,1,1,1,1,1,1,1,2,1
SF,IF2002,2019-12-23 09:31:23.900,4047.4000,2,0,2424780.000,0,-,-,-,-,4039.6000,4039.0000,4037.0000,4032.4000,4030.2000,4044.4000,4044.6000,4046.0000,4046.2000,4052.6000,1,1,1,1,1,1,1,1,2,1
SF,IF2002,2019-12-23 09:31:24.900,4047.4000,2,0,2424780.000,0,-,-,-,-,4039.8000,4039.6000,4039.0000,4037.0000,4032.4000,4044.4000,4044.6000,4046.0000,4046.2000,4052.6000,1,1,1,1,1,1,1,1,2,1
SF,IF2002,2019-12-23 09:31:25.400,4047.4000,2,0,2424780.000,0,-,-,-,-,4040.0000,4039.0000,4037.0000,4032.4000,4030.2000,4044.4000,4044.6000,4046.0000,4046.2000,4052.6000,1,1,1,1,1,1,1,1,2,1
SF,IF2002,2019-12-23 09:31:26.900,4047.4000,2,0,2424780.000,0,-,-,-,-,4040.0000,4039.0000,4037.0000,4032.4000,4030.2000,4044.2000,4044.4000,4044.6000,4046.0000,4046.2000,1,1,1,1,1,1,1,1,1,2
SF,IF2002,2019-12-23 09:31:27.400,4047.4000,2,0,2424780.000,0,-,-,-,-,4040.0000,4039.0000,4037.0000,4032.4000,4030.2000,4044.0000,4044.2000,4044.6000,4046.0000,4046.2000,1,1,1,1,1,1,1,1,1,2
SF,IF2002,2019-12-23 09:31:29.400,4047.4000,2,0,2424780.000,0,-,-,-,-,4040.2000,4040.0000,4039.0000,4037.0000,4032.4000,4044.0000,4044.2000,4044.6000,4046.0000,4046.2000,1,1,1,1,1,1,1,1,1,2
SF,IF2002,2019-12-23 09:31:29.900,4047.4000,2,0,2424780.000,0,-,-,-,-,4040.4000,4039.0000,4037.0000,4032.4000,4030.2000,4044.0000,4044.2000,4044.6000,4046.0000,4046.2000,1,1,1,1,1,1,1,1,1,2
SF,IF2002,2019-12-23 09:31:30.900,4047.4000,2,0,2424780.000,0,-,-,-,-,4040.6000,4040.4000,4039.0000,4037.0000,4032.4000,4044.0000,4044.2000,4044.6000,4046.0000,4046.2000,1,1,1,1,1,1,1,1,1,2
SF,IF2002,2019-12-23 09:31:31.400,4047.4000,2,0,2424780.000,0,-,-,-,-,4040.8000,4037.0000,4032.4000,4030.2000,4028.4000,4044.0000,4044.2000,4044.6000,4046.0000,4052.6000,1,1,1,1,2,1,1,1,1,1
SF,IF2002,2019-12-23 09:31:31.900,4047.4000,2,0,2424780.000,0,-,-,-,-,4040.8000,4037.0000,4032.4000,4030.2000,4028.4000,4044.0000,4044.6000,4046.0000,4052.6000,4054.2000,1,1,1,1,2,1,1,1,1,2
SF,IF2002,2019-12-23 09:31:32.400,4047.4000,2,0,2424780.000,0,-,-,-,-,4041.0000,4040.8000,4037.0000,4032.4000,4030.2000,4044.0000,4044.6000,4046.0000,4052.6000,4054.2000,1,1,1,1,1,1,1,1,1,2
SF,IF2002,2019-12-23 09:31:32.900,4047.4000,2,0,2424780.000,0,-,-,-,-,4037.0000,4032.4000,4030.2000,4028.4000,4022.6000,4044.0000,4044.6000,4046.0000,4052.6000,4054.2000,1,1,1,2,1,1,1,1,1,2
SF,IF2002,2019-12-23 09:31:33.400,4047.4000,2,0,2424780.000,0,-,-,-,-,4037.2000,4037.0000,4032.4000,4030.2000,4028.4000,4044.0000,4044.6000,4046.0000,4052.6000,4054.2000,1,1,1,1,2,1,1,1,1,2
SF,IF2002,2019-12-23 09:31:33.900,4047.4000,2,0,2424780.000,0,-,-,-,-,4037.4000,4037.2000,4037.0000,4032.4000,4030.2000,4044.0000,4044.6000,4046.0000,4052.6000,4054.2000,1,1,1,1,1,1,1,1,1,2
SF,IF2002,2019-12-23 09:31:34.400,4047.4000,2,0,2424780.000,0,-,-,-,-,4037.6000,4037.0000,4032.4000,4030.2000,4028.4000,4044.0000,4044.6000,4046.0000,4052.6000,4054.2000,1,1,1,1,2,1,1,1,1,2
SF,IF2002,2019-12-23 09:31:35.400,4047.4000,2,0,2424780.000,0,-,-,-,-,4037.8000,4037.6000,4037.0000,4032.4000,4030.2000,4044.0000,4044.2000,4044.6000,4046.0000,4052.6000,1,1,1,1,1,1,1,1,1,1
SF,IF2002,2019-12-23 09:31:35.900,4047.4000,2,0,2424780.000,0,-,-,-,-,4038.0000,4037.0000,4032.4000,4030.2000,4028.4000,4044.0000,4044.2000,4044.6000,4046.0000,4052.6000,1,1,1,1,2,1,1,1,1,1
SF,IF2002,2019-12-23 09:31:36.900,4047.4000,2,0,2424780.000,0,-,-,-,-,4038.2000,4038.0000,4037.0000,4032.4000,4030.2000,4044.0000,4044.2000,4044.6000,4046.0000,4052.6000,1,1,1,1,1,1,1,1,1,1
SF,IF2002,2019-12-23 09:31:37.400,4047.4000,2,0,2424780.000,0,-,-,-,-,4038.4000,4037.0000,4032.4000,4030.2000,4028.4000,4044.0000,4044.2000,4044.6000,4046.0000,4052.6000,1,1,1,1,2,1,1,1,1,1
SF,IF2002,2019-12-23 09:31:37.900,4047.4000,2,0,2424780.000,0,-,-,-,-,4039.0000,4038.4000,4037.0000,4032.4000,4030.2000,4043.8000,4044.0000,4044.2000,4046.0000,4052.6000,1,1,1,1,1,1,1,1,1,1
SF,IF2002,2019-12-23 09:31:38.400,4047.4000,2,0,2424780.000,0,-,-,-,-,4039.2000,4039.0000,4037.0000,4032.4000,4030.2000,4043.6000,4043.8000,4044.2000,4046.0000,4052.6000,2,1,1,1,1,1,1,1,1,1
SF,IF2002,2019-12-23 09:31:38.900,4047.4000,2,0,2424780.000,0,-,-,-,-,4039.2000,4039.0000,4037.0000,4032.4000,4030.2000,4043.6000,4043.8000,4044.2000,4046.0000,4052.6000,1,1,1,1,1,1,1,1,1,1
SF,IF2002,2019-12-23 09:31:39.900,4047.4000,2,0,2424780.000,0,-,-,-,-,4039.4000,4039.2000,4039.0000,4037.0000,4032.4000,4043.6000,4043.8000,4044.2000,4046.0000,4052.6000,1,1,1,1,1,1,1,1,1,1
SF,IF2002,2019-12-23 09:31:40.400,4047.4000,2,0,2424780.000,0,-,-,-,-,4039.6000,4039.0000,4037.0000,4032.4000,4030.2000,4043.6000,4043.8000,4044.2000,4046.0000,4052.6000,1,1,1,1,1,1,1,1,1,1
SF,IF2002,2019-12-23 09:31:42.400,4047.4000,2,0,2424780.000,0,-,-,-,-,4039.6000,4039.0000,4037.0000,4030.2000,4028.4000,4043.6000,4043.8000,4044.2000,4046.0000,4052.6000,1,1,1,1,2,1,1,1,1,1
SF,IF2002,2019-12-23 09:31:45.400,4047.4000,2,0,2424780.000,0,-,-,-,-,4040.0000,4039.6000,4039.0000,4037.0000,4030.2000,4043.6000,4043.8000,4044.2000,4046.0000,4052.6000,5,1,1,1,1,1,1,1,1,1
SF,IF2002,2019-12-23 09:31:45.900,4047.4000,2,0,2424780.000,0,-,-,-,-,4040.2000,4040.0000,4039.0000,4037.0000,4030.2000,4043.6000,4044.2000,4046.0000,4052.6000,4054.2000,1,5,1,1,1,1,1,1,1,2
SF,IF2002,2019-12-23 09:31:49.400,4047.4000,2,0,2424780.000,0,-,-,-,-,4040.4000,4040.2000,4040.0000,4039.0000,4037.0000,4043.6000,4044.2000,4046.0000,4052.6000,4054.2000,1,1,5,1,1,1,1,1,1,2
SF,IF2002,2019-12-23 09:31:49.900,4047.4000,2,0,2424780.000,0,-,-,-,-,4040.6000,4040.0000,4039.0000,4037.0000,4030.2000,4044.2000,4046.0000,4052.6000,4054.2000,4057.0000,1,5,1,1,1,1,1,1,2,1
SF,IF2002,2019-12-23 09:31:50.400,4047.4000,2,0,2424780.000,0,-,-,-,-,4040.6000,4040.0000,4039.0000,4037.0000,4030.2000,4044.0000,4044.2000,4046.0000,4052.6000,4054.2000,1,5,1,1,1,1,1,1,1,2
SF,IF2002,2019-12-23 09:31:58.400,4047.4000,3,1,3639000.000,1,1,0,双开,S,4040.6000,4040.0000,4039.0000,4037.0000,4030.2000,4044.2000,4046.0000,4052.6000,4054.2000,4057.0000,1,5,1,1,1,1,1,1,2,1
SF,IF2002,2019-12-23 09:31:59.900,4044.2000,4,1,4852260.000,1,1,0,双开,S,4040.6000,4040.0000,4039.0000,4037.0000,4030.2000,4043.8000,4046.0000,4052.6000,4054.2000,4057.0000,1,5,1,1,1,1,1,1,2,1
SF,IF2002,2019-12-23 09:32:01.400,4044.2000,4,0,4852260.000,0,-,-,-,-,4040.6000,4040.0000,4039.0000,4037.0000,4030.2000,4046.0000,4052.6000,4054.2000,4057.0000,4064.0000,1,5,1,1,1,1,1,2,1,2
SF,IF2002,2019-12-23 09:32:01.900,4044.2000,4,0,4852260.000,0,-,-,-,-,4040.6000,4040.0000,4039.0000,4037.0000,4030.2000,4045.8000,4046.0000,4052.6000,4054.2000,4057.0000,1,5,1,1,1,1,1,1,2,1
SF,IF2002,2019-12-23 09:32:02.400,4044.2000,4,0,4852260.000,0,-,-,-,-,4040.6000,4040.0000,4039.0000,4037.0000,4030.2000,4045.6000,4045.8000,4046.0000,4052.6000,4054.2000,1,5,1,1,1,1,1,1,1,2
SF,IF2002,2019-12-23 09:32:02.900,4044.2000,4,0,4852260.000,0,-,-,-,-,4040.8000,4040.6000,4040.0000,4039.0000,4037.0000,4045.4000,4045.6000,4046.0000,4052.6000,4054.2000,1,1,5,1,1,1,1,1,1,2
SF,IF2002,2019-12-23 09:32:03.400,4044.2000,4,0,4852260.000,0,-,-,-,-,4041.0000,4040.8000,4040.0000,4039.0000,4037.0000,4045.4000,4045.6000,4046.0000,4052.6000,4054.2000,1,1,5,1,1,1,1,1,1,2
SF,IF2002,2019-12-23 09:32:03.900,4044.2000,4,0,4852260.000,0,-,-,-,-,4041.0000,4040.8000,4040.0000,4039.0000,4037.0000,4045.2000,4045.4000,4046.0000,4052.6000,4054.2000,1,1,5,1,1,1,1,1,1,2
SF,IF2002,2019-12-23 09:32:04.400,4044.2000,4,0,4852260.000,0,-,-,-,-,4041.0000,4040.8000,4040.0000,4039.0000,4037.0000,4045.0000,4045.2000,4046.0000,4046.4000,4052.6000,1,1,5,1,1,1,1,1,1,1
SF,IF2002,2019-12-23 09:32:05.900,4044.2000,4,0,4852260.000,0,-,-,-,-,4041.2000,4041.0000,4040.0000,4039.0000,4037.0000,4045.0000,4046.0000,4046.4000,4052.6000,4054.2000,1,1,5,1,1,1,1,1,1,2
SF,IF2002,2019-12-23 09:32:06.400,4044.2000,4,0,4852260.000,0,-,-,-,-,4041.4000,4041.2000,4040.0000,4039.0000,4037.0000,4045.0000,4046.0000,4046.4000,4052.6000,4054.2000,1,1,5,1,1,1,1,1,1,2
SF,IF2002,2019-12-23 09:32:07.400,4044.2000,4,0,4852260.000,0,-,-,-,-,4041.8000,4041.4000,4040.0000,4039.0000,4037.0000,4045.0000,4046.0000,4046.4000,4052.6000,4054.2000,1,1,5,1,1,1,1,1,1,2
SF,IF2002,2019-12-23 09:32:07.900,4044.2000,4,0,4852260.000,0,-,-,-,-,4042.0000,4041.8000,4040.0000,4039.0000,4037.0000,4045.0000,4046.0000,4046.4000,4052.6000,4054.2000,1,1,5,1,1,1,1,1,1,2
SF,IF2002,2019-12-23 09:32:08.400,4044.2000,4,0,4852260.000,0,-,-,-,-,4041.8000,4040.0000,4039.0000,4037.0000,4030.2000,4045.0000,4046.0000,4052.6000,4054.2000,4057.0000,1,5,1,1,1,1,1,1,2,1
SF,IF2002,2019-12-23 09:32:08.900,4044.2000,4,0,4852260.000,0,-,-,-,-,4042.0000,4040.0000,4039.0000,4037.0000,4030.2000,4045.0000,4052.6000,4054.2000,4057.0000,4064.0000,1,5,1,1,1,2,1,2,1,2
SF,IF2002,2019-12-23 09:32:09.400,4044.2000,4,0,4852260.000,0,-,-,-,-,4040.0000,4039.0000,4037.0000,4030.2000,4028.4000,4045.0000,4052.6000,4054.2000,4057.0000,4064.0000,5,1,1,1,2,2,1,2,1,2
SF,IF2002,2019-12-23 09:32:09.900,4044.2000,4,0,4852260.000,0,-,-,-,-,4040.2000,4040.0000,4039.0000,4037.0000,4030.2000,4045.0000,4052.6000,4054.2000,4057.0000,4064.0000,1,5,1,1,1,2,1,2,1,2
SF,IF2002,2019-12-23 09:32:10.900,4044.2000,4,0,4852260.000,0,-,-,-,-,4040.4000,4040.2000,4040.0000,4039.0000,4037.0000,4045.0000,4052.6000,4054.2000,4057.0000,4064.0000,1,1,5,1,1,2,1,2,1,2
SF,IF2002,2019-12-23 09:32:11.400,4044.2000,4,0,4852260.000,0,-,-,-,-,4040.6000,4040.4000,4040.0000,4039.0000,4037.0000,4045.0000,4052.6000,4054.2000,4057.0000,4064.0000,1,1,5,1,1,2,1,2,1,2
SF,IF2002,2019-12-23 09:32:11.900,4044.2000,4,0,4852260.000,0,-,-,-,-,4040.6000,4040.4000,4040.0000,4039.0000,4037.0000,4044.8000,4045.0000,4052.6000,4054.2000,4057.0000,1,1,5,1,1,1,2,1,2,1
SF,IF2002,2019-12-23 09:32:12.400,4044.2000,4,0,4852260.000,0,-,-,-,-,4040.6000,4040.4000,4040.0000,4039.0000,4037.0000,4044.6000,4044.8000,4045.0000,4052.6000,4054.2000,1,1,5,1,1,1,1,1,1,2
SF,IF2002,2019-12-23 09:32:12.900,4044.2000,4,0,4852260.000,0,-,-,-,-,4040.6000,4040.0000,4039.0000,4037.0000,4030.2000,4044.6000,4044.8000,4045.0000,4052.6000,4054.2000,1,5,1,1,1,1,1,1,1,2
SF,IF2002,2019-12-23 09:32:13.900,4044.2000,4,0,4852260.000,0,-,-,-,-,4040.6000,4040.0000,4039.0000,4037.0000,4030.2000,4044.2000,4044.6000,4045.0000,4052.6000,4054.2000,1,5,1,1,1,1,1,1,1,2
SF,IF2002,2019-12-23 09:32:14.400,4044.2000,4,0,4852260.000,0,-,-,-,-,4040.6000,4040.0000,4039.0000,4037.0000,4030.2000,4044.0000,4044.2000,4045.0000,4052.6000,4054.2000,1,5,1,1,1,1,1,1,1,2
SF,IF2002,2019-12-23 09:32:14.900,4044.2000,4,0,4852260.000,0,-,-,-,-,4040.6000,4040.0000,4039.0000,4037.0000,4035.2000,4044.0000,4045.0000,4052.6000,4054.2000,4057.0000,1,5,1,1,2,1,1,1,2,1
SF,IF2002,2019-12-23 09:32:15.400,4044.2000,4,0,4852260.000,0,-,-,-,-,4040.6000,4040.0000,4037.0000,4035.2000,4030.2000,4044.0000,4045.0000,4052.6000,4054.2000,4057.0000,1,5,1,2,1,1,1,1,2,1
SF,IF2002,2019-12-23 09:32:18.400,4044.2000,4,0,4852260.000,0,-,-,-,-,4040.8000,4040.6000,4040.0000,4037.0000,4035.2000,4044.0000,4052.6000,4054.2000,4057.0000,4064.0000,1,1,5,1,2,2,1,2,1,2
SF,IF2002,2019-12-23 09:32:18.900,4044.2000,4,0,4852260.000,0,-,-,-,-,4041.0000,4040.8000,4040.0000,4037.0000,4035.2000,4044.0000,4052.6000,4054.2000,4057.0000,4064.0000,1,1,5,1,2,1,1,2,1,2
SF,IF2002,2019-12-23 09:32:20.400,4044.2000,4,0,4852260.000,0,-,-,-,-,4041.2000,4041.0000,4040.0000,4037.0000,4035.2000,4044.0000,4052.6000,4054.2000,4057.0000,4064.0000,1,1,5,1,2,1,1,2,1,2
SF,IF2002,2019-12-23 09:32:20.900,4044.2000,4,0,4852260.000,0,-,-,-,-,4041.4000,4041.2000,4040.0000,4037.0000,4035.2000,4044.0000,4052.6000,4054.2000,4057.0000,4064.0000,1,1,5,1,2,1,1,2,1,2
SF,IF2002,2019-12-23 09:32:22.400,4044.2000,4,0,4852260.000,0,-,-,-,-,4042.0000,4041.4000,4041.2000,4040.0000,4037.0000,4044.0000,4052.6000,4054.2000,4057.0000,4064.0000,5,1,1,5,1,1,1,2,1,2
SF,IF2002,2019-12-23 09:32:22.900,4044.2000,4,0,4852260.000,0,-,-,-,-,4042.2000,4042.0000,4041.2000,4040.0000,4037.0000,4044.0000,4052.6000,4054.2000,4057.0000,4064.0000,1,5,1,5,1,1,1,2,1,2
SF,IF2002,2019-12-23 09:32:23.900,4044.2000,4,0,4852260.000,0,-,-,-,-,4042.2000,4042.0000,4040.0000,4037.0000,4035.2000,4044.0000,4052.6000,4054.2000,4057.0000,4064.0000,1,5,5,1,2,1,1,2,1,2
SF,IF2002,2019-12-23 09:32:26.400,4044.2000,4,0,4852260.000,0,-,-,-,-,4042.2000,4042.0000,4040.0000,4037.0000,4030.2000,4044.0000,4052.6000,4057.0000,4064.0000,4177.0000,1,5,5,1,1,1,1,1,2,3
SF,IF2002,2019-12-23 09:32:26.900,4044.2000,4,0,4852260.000,0,-,-,-,-,4042.2000,4042.0000,4040.0000,4037.0000,4030.2000,4044.0000,4057.0000,4064.0000,4177.0000,4324.6000,1,5,5,1,1,1,1,2,3,3
SF,IF2002,2019-12-23 09:32:27.400,4044.2000,4,0,4852260.000,0,-,-,-,-,4043.0000,4042.2000,4042.0000,4040.0000,4037.0000,4044.0000,4057.0000,4064.0000,4177.0000,4324.6000,5,1,5,5,1,1,1,2,3,3
SF,IF2002,2019-12-23 09:32:27.900,4044.2000,4,0,4852260.000,0,-,-,-,-,4043.2000,4043.0000,4042.0000,4040.0000,4037.0000,4044.0000,4057.0000,4064.0000,4177.0000,4324.6000,1,5,5,5,1,1,1,2,3,3
SF,IF2002,2019-12-23 09:32:34.900,4044.2000,4,0,4852260.000,0,-,-,-,-,4043.2000,4043.0000,4042.0000,4040.0000,4037.0000,4045.0000,4057.0000,4064.0000,4177.0000,4324.6000,1,5,5,5,1,1,1,2,3,3
SF,IF2002,2019-12-23 09:32:35.400,4044.2000,4,0,4852260.000,0,-,-,-,-,4043.0000,4042.0000,4040.0000,4037.0000,4030.2000,4044.8000,4045.0000,4057.0000,4064.0000,4177.0000,5,5,5,1,1,1,1,1,2,3
SF,IF2002,2019-12-23 09:32:49.400,4044.2000,4,0,4852260.000,0,-,-,-,-,4043.0000,4042.0000,4040.0000,4037.0000,4030.2000,4044.8000,4045.0000,4047.0000,4057.0000,4064.0000,5,5,5,1,1,1,1,1,1,2
SF,IF2002,2019-12-23 09:32:50.900,4044.2000,4,0,4852260.000,0,-,-,-,-,4043.0000,4042.0000,4040.0000,4037.0000,4030.2000,4044.8000,4045.0000,4047.0000,4057.0000,4064.0000,5,5,5,1,1,1,1,1,1,2
SF,IF2002,2019-12-23 09:32:57.900,4044.2000,4,0,4852260.000,0,-,-,-,-,4043.0000,4042.0000,4040.0000,4037.0000,4030.2000,4044.8000,4047.0000,4057.0000,4064.0000,4177.0000,5,5,5,1,1,1,1,1,2,3
SF,IF2002,2019-12-23 09:32:58.400,4043.0000,5,1,6065160.000,1,1,0,双开,S,4043.0000,4042.0000,4040.0000,4037.0000,4030.2000,4044.8000,4047.0000,4057.0000,4064.0000,4177.0000,4,5,5,1,1,1,1,1,2,3
SF,IF2002,2019-12-23 09:33:03.400,4044.8000,6,1,7278600.000,1,1,0,双开,S,4045.0000,4043.0000,4042.0000,4040.0000,4037.0000,4047.0000,4057.0000,4064.0000,4177.0000,4324.6000,4,4,5,5,1,1,1,2,3,3
SF,IF2002,2019-12-23 09:33:03.900,4045.0000,8,2,9705600.000,2,2,0,双开,S,4045.0000,4043.0000,4042.0000,4040.0000,4037.0000,4046.8000,4047.0000,4057.0000,4064.0000,4177.0000,2,4,5,5,1,2,1,1,2,3
SF,IF2002,2019-12-23 09:33:04.400,4045.0000,9,1,10919100.000,1,1,0,双开,S,4045.0000,4043.0000,4042.0000,4040.0000,4037.0000,4046.8000,4057.0000,4064.0000,4177.0000,4324.6000,1,4,5,5,1,1,1,2,3,3
SF,IF2002,2019-12-23 09:33:04.900,4045.0000,10,1,12132600.000,1,1,0,双开,S,4043.0000,4042.0000,4040.0000,4037.0000,4030.2000,4046.6000,4046.8000,4057.0000,4064.0000,4177.0000,4,5,5,1,1,2,1,1,2,3
SF,IF2002,2019-12-23 09:33:05.400,4045.0000,10,0,12132600.000,0,-,-,-,-,4043.2000,4043.0000,4042.0000,4040.0000,4037.0000,4046.6000,4057.0000,4064.0000,4177.0000,4324.6000,1,4,5,5,1,2,1,2,3,3
SF,IF2002,2019-12-23 09:33:06.400,4045.0000,10,0,12132600.000,0,-,-,-,-,4043.2000,4043.0000,4042.0000,4040.0000,4037.0000,4046.4000,4046.6000,4057.0000,4064.0000,4177.0000,1,4,5,5,1,1,2,1,2,3
SF,IF2002,2019-12-23 09:33:06.900,4045.0000,10,0,12132600.000,0,-,-,-,-,4043.2000,4043.0000,4042.0000,4040.0000,4037.0000,4046.2000,4046.4000,4046.6000,4057.0000,4064.0000,1,4,5,5,1,1,1,1,1,2
SF,IF2002,2019-12-23 09:33:08.400,4045.0000,10,0,12132600.000,0,-,-,-,-,4043.2000,4043.0000,4042.0000,4040.0000,4037.0000,4045.8000,4046.2000,4046.4000,4057.0000,4064.0000,1,4,5,5,1,1,1,1,1,2
SF,IF2002,2019-12-23 09:33:08.900,4045.0000,10,0,12132600.000,0,-,-,-,-,4043.2000,4043.0000,4042.0000,4040.0000,4037.0000,4045.6000,4045.8000,4046.4000,4057.0000,4064.0000,1,4,5,5,1,1,1,1,1,2
SF,IF2002,2019-12-23 09:33:09.400,4045.0000,10,0,12132600.000,0,-,-,-,-,4043.2000,4043.0000,4042.0000,4040.0000,4037.0000,4045.4000,4045.6000,4045.8000,4046.4000,4057.0000,1,4,5,5,1,1,1,1,1,1
SF,IF2002,2019-12-23 09:33:09.900,4043.2000,11,1,13345560.000,1,1,0,双开,S,4043.0000,4042.0000,4040.0000,4037.0000,4030.2000,4045.2000,4045.4000,4045.8000,4046.4000,4057.0000,4,5,5,1,1,1,1,1,1,1
SF,IF2002,2019-12-23 09:33:10.400,4043.2000,11,0,13345560.000,0,-,-,-,-,4043.2000,4043.0000,4042.0000,4040.0000,4037.0000,4045.2000,4045.4000,4045.8000,4046.4000,4057.0000,1,4,5,5,1,1,1,1,1,1
SF,IF2002,2019-12-23 09:33:10.900,4043.2000,11,0,13345560.000,0,-,-,-,-,4043.2000,4043.0000,4042.0000,4040.0000,4037.0000,4045.0000,4045.2000,4045.8000,4046.4000,4057.0000,1,4,5,5,1,1,1,1,1,1
SF,IF2002,2019-12-23 09:33:11.900,4043.2000,11,0,13345560.000,0,-,-,-,-,4043.2000,4043.0000,4042.0000,4040.0000,4037.0000,4044.6000,4044.8000,4045.2000,4046.4000,4057.0000,1,4,5,5,1,1,1,1,1,1
SF,IF2002,2019-12-23 09:33:14.900,4043.2000,11,0,13345560.000,0,-,-,-,-,4043.2000,4043.0000,4042.0000,4040.0000,4037.0000,4044.6000,4045.2000,4046.4000,4057.0000,4064.0000,1,4,5,5,1,1,1,1,1,2
SF,IF2002,2019-12-23 09:33:15.400,4043.2000,11,0,13345560.000,0,-,-,-,-,4043.2000,4043.0000,4042.0000,4040.0000,4037.0000,4044.6000,4046.4000,4047.4000,4057.0000,4064.0000,1,4,5,5,1,1,1,2,1,2
SF,IF2002,2019-12-23 09:33:22.900,4043.2000,11,0,13345560.000,0,-,-,-,-,4044.0000,4043.2000,4043.0000,4042.0000,4040.0000,4044.6000,4046.4000,4047.4000,4057.0000,4064.0000,1,1,4,5,5,1,1,2,1,2
SF,IF2002,2019-12-23 09:33:23.400,4043.2000,11,0,13345560.000,0,-,-,-,-,4044.2000,4044.0000,4043.0000,4042.0000,4040.0000,4047.4000,4057.0000,4064.0000,4177.0000,4324.6000,1,1,4,5,5,2,1,2,3,3
SF,IF2002,2019-12-23 09:33:23.900,4043.2000,11,0,13345560.000,0,-,-,-,-,4044.2000,4044.0000,4043.0000,4042.0000,4040.0000,4047.2000,4047.4000,4057.0000,4064.0000,4177.0000,1,1,4,5,5,1,2,1,2,3
SF,IF2002,2019-12-23 09:33:24.400,4043.2000,11,0,13345560.000,0,-,-,-,-,4044.2000,4044.0000,4043.0000,4042.0000,4040.0000,4047.0000,4047.2000,4047.4000,4057.0000,4064.0000,1,1,4,5,5,2,1,2,1,2
SF,IF2002,2019-12-23 09:33:24.900,4043.2000,11,0,13345560.000,0,-,-,-,-,4044.2000,4044.0000,4043.0000,4042.0000,4040.0000,4046.8000,4047.0000,4047.4000,4057.0000,4064.0000,1,1,4,5,5,1,2,2,1,2
SF,IF2002,2019-12-23 09:33:25.900,4043.2000,11,0,13345560.000,0,-,-,-,-,4044.2000,4044.0000,4043.0000,4042.0000,4040.0000,4046.4000,4046.8000,4047.0000,4047.4000,4057.0000,1,1,4,5,5,1,1,1,2,1
SF,IF2002,2019-12-23 09:33:26.400,4043.2000,11,0,13345560.000,0,-,-,-,-,4044.2000,4044.0000,4043.0000,4042.0000,4040.0000,4046.2000,4046.4000,4047.0000,4047.4000,4057.0000,1,1,4,5,5,1,1,1,2,1
SF,IF2002,2019-12-23 09:33:28.900,4043.2000,11,0,13345560.000,0,-,-,-,-,4044.2000,4044.0000,4043.0000,4042.0000,4040.0000,4046.0000,4046.2000,4047.0000,4047.4000,4057.0000,1,1,4,5,5,1,1,1,2,1
SF,IF2002,2019-12-23 09:33:29.900,4043.2000,11,0,13345560.000,0,-,-,-,-,4044.2000,4044.0000,4043.0000,4042.0000,4040.0000,4046.0000,4046.2000,4047.0000,4057.0000,4064.0000,1,1,4,5,5,1,1,1,1,2
SF,IF2002,2019-12-23 09:33:32.900,4043.2000,11,0,13345560.000,0,-,-,-,-,4044.2000,4044.0000,4043.0000,4042.0000,4040.0000,4045.8000,4046.0000,4046.2000,4047.0000,4057.0000,1,1,4,5,5,1,1,1,1,1
SF,IF2002,2019-12-23 09:33:33.400,4043.2000,11,0,13345560.000,0,-,-,-,-,4044.0000,4043.0000,4042.0000,4040.0000,4037.0000,4045.6000,4045.8000,4046.0000,4047.0000,4057.0000,1,4,5,5,1,1,1,1,1,1
SF,IF2002,2019-12-23 09:33:33.900,4043.2000,11,0,13345560.000,0,-,-,-,-,4044.2000,4044.0000,4043.0000,4042.0000,4040.0000,4045.6000,4045.8000,4046.0000,4047.0000,4057.0000,1,1,4,5,5,1,1,1,1,1
SF,IF2002,2019-12-23 09:33:34.400,4043.2000,11,0,13345560.000,0,-,-,-,-,4044.0000,4043.0000,4042.0000,4040.0000,4037.0000,4045.4000,4045.6000,4045.8000,4047.0000,4057.0000,1,4,5,5,1,1,1,1,1,1
SF,IF2002,2019-12-23 09:33:34.900,4043.2000,11,0,13345560.000,0,-,-,-,-,4044.0000,4043.0000,4042.0000,4040.0000,4037.0000,4045.2000,4045.4000,4047.0000,4057.0000,4064.0000,1,4,5,5,1,1,1,1,1,2
SF,IF2002,2019-12-23 09:33:35.400,4043.2000,11,0,13345560.000,0,-,-,-,-,4044.0000,4043.0000,4042.0000,4040.0000,4037.0000,4045.0000,4045.2000,4047.0000,4057.0000,4064.0000,1,4,5,5,1,1,1,1,1,2
SF,IF2002,2019-12-23 09:33:37.900,4043.2000,11,0,13345560.000,0,-,-,-,-,4044.0000,4043.0000,4042.0000,4040.0000,4037.0000,4045.2000,4047.0000,4057.0000,4064.0000,4177.0000,1,4,5,5,1,1,1,1,2,3
SF,IF2002,2019-12-23 09:33:39.400,4043.2000,11,0,13345560.000,0,-,-,-,-,4044.0000,4043.0000,4042.0000,4040.0000,4037.0000,4045.2000,4057.0000,4064.0000,4177.0000,4324.6000,1,4,5,5,1,1,1,2,3,3
SF,IF2002,2019-12-23 09:33:40.400,4044.0000,12,1,14558760.000,1,1,0,双开,S,4043.0000,4042.0000,4040.0000,4037.0000,4030.2000,4043.4000,4045.2000,4057.0000,4064.0000,4177.0000,4,5,5,1,1,1,1,1,2,3
SF,IF2002,2019-12-23 09:33:40.900,4044.0000,12,0,14558760.000,0,-,-,-,-,4043.2000,4043.0000,4042.0000,4040.0000,4037.0000,4057.0000,4064.0000,4177.0000,4324.6000,0.0000,1,4,5,5,1,1,2,3,3,0
SF,IF2002,2019-12-23 09:33:41.400,4044.0000,12,0,14558760.000,0,-,-,-,-,4043.2000,4043.0000,4042.0000,4040.0000,4037.0000,4051.6000,4054.2000,4056.8000,4057.0000,4064.0000,1,4,5,5,1,2,1,3,1,2
SF,IF2002,2019-12-23 09:33:41.900,4044.0000,12,0,14558760.000,0,-,-,-,-,4043.2000,4043.0000,4042.0000,4040.0000,4037.0000,4051.4000,4051.6000,4057.0000,4064.0000,4177.0000,1,4,5,10,1,1,2,1,2,3
SF,IF2002,2019-12-23 09:33:42.400,4044.0000,12,0,14558760.000,0,-,-,-,-,4043.2000,4043.0000,4042.0000,4040.0000,4037.0000,4046.4000,4047.4000,4050.4000,4051.4000,4051.6000,1,4,5,10,1,1,2,1,1,2
SF,IF2002,2019-12-23 09:33:42.900,4044.0000,12,0,14558760.000,0,-,-,-,-,4043.2000,4043.0000,4042.0000,4040.0000,4037.0000,4046.2000,4046.4000,4047.4000,4049.6000,4050.4000,1,4,5,10,1,1,1,2,1,1
SF,IF2002,2019-12-23 09:33:44.400,4044.0000,12,0,14558760.000,0,-,-,-,-,4043.2000,4043.0000,4042.0000,4040.0000,4037.0000,4046.2000,4046.4000,4047.2000,4047.4000,4049.6000,1,4,5,10,1,1,1,2,2,1
SF,IF2002,2019-12-23 09:33:44.900,4044.0000,12,0,14558760.000,0,-,-,-,-,4043.2000,4043.0000,4042.0000,4040.0000,4037.0000,4046.2000,4046.4000,4047.2000,4047.4000,4049.6000,1,4,5,10,1,1,1,2,2,1
SF,IF2002,2019-12-23 09:33:45.400,4044.0000,12,0,14558760.000,0,-,-,-,-,4043.2000,4043.0000,4042.0000,4040.0000,4037.0000,4046.0000,4046.2000,4046.4000,4047.2000,4047.4000,1,4,5,10,1,1,1,1,2,2
SF,IF2002,2019-12-23 09:33:45.900,4044.0000,12,0,14558760.000,0,-,-,-,-,4043.2000,4043.0000,4042.0000,4040.0000,4037.0000,4045.8000,4046.0000,4046.4000,4047.2000,4047.4000,1,4,5,10,1,1,1,1,2,2
SF,IF2002,2019-12-23 09:33:46.400,4044.0000,12,0,14558760.000,0,-,-,-,-,4043.2000,4043.0000,4042.0000,4040.0000,4037.0000,4045.8000,4046.0000,4046.4000,4047.2000,4047.4000,1,4,5,10,1,1,1,1,2,2
SF,IF2002,2019-12-23 09:33:46.900,4044.0000,12,0,14558760.000,0,-,-,-,-,4043.2000,4043.0000,4042.0000,4040.0000,4037.0000,4045.6000,4045.8000,4046.0000,4047.2000,4047.4000,1,4,5,10,1,1,1,1,2,2
SF,IF2002,2019-12-23 09:33:47.400,4044.0000,12,0,14558760.000,0,-,-,-,-,4043.2000,4043.0000,4042.0000,4040.0000,4037.0000,4045.6000,4046.0000,4047.2000,4047.4000,4049.6000,1,4,5,10,1,1,1,2,2,1
SF,IF2002,2019-12-23 09:33:48.400,4044.0000,12,0,14558760.000,0,-,-,-,-,4043.2000,4043.0000,4042.0000,4040.0000,4037.0000,4045.6000,4047.2000,4049.6000,4050.4000,4051.8000,1,4,5,10,1,1,2,1,1,1
SF,IF2002,2019-12-23 09:33:48.900,4044.0000,12,0,14558760.000,0,-,-,-,-,4043.2000,4043.0000,4042.0000,4040.0000,4037.0000,4047.2000,4049.6000,4050.4000,4051.8000,4055.0000,1,4,5,10,1,2,1,1,1,5
SF,IF2002,2019-12-23 09:33:49.400,4044.0000,12,0,14558760.000,0,-,-,-,-,4043.2000,4043.0000,4042.0000,4040.0000,4037.0000,4047.0000,4047.2000,4049.6000,4050.4000,4051.8000,1,4,5,10,1,1,4,1,1,1
SF,IF2002,2019-12-23 09:33:49.900,4044.0000,12,0,14558760.000,0,-,-,-,-,4043.2000,4043.0000,4042.0000,4040.0000,4037.0000,4046.0000,4047.0000,4047.2000,4049.6000,4050.4000,1,4,5,10,1,1,1,4,1,1
SF,IF2002,2019-12-23 09:33:50.400,4044.0000,12,0,14558760.000,0,-,-,-,-,4043.2000,4043.0000,4042.0000,4040.0000,4037.0000,4046.0000,4046.4000,4047.2000,4049.6000,4050.4000,1,4,5,10,1,1,1,2,1,1
SF,IF2002,2019-12-23 09:33:50.900,4044.0000,12,0,14558760.000,0,-,-,-,-,4043.2000,4043.0000,4042.0000,4040.0000,4037.0000,4046.4000,4047.2000,4049.6000,4050.4000,4051.8000,1,4,5,10,1,1,2,1,1,1
SF,IF2002,2019-12-23 09:33:51.400,4044.0000,12,0,14558760.000,0,-,-,-,-,4043.2000,4043.0000,4042.0000,4040.0000,4037.0000,4046.2000,4046.4000,4047.2000,4049.6000,4050.4000,1,4,5,10,1,1,1,2,1,1
SF,IF2002,2019-12-23 09:33:51.900,4044.0000,12,0,14558760.000,0,-,-,-,-,4043.2000,4043.0000,4042.0000,4040.0000,4037.0000,4046.2000,4046.4000,4047.2000,4049.6000,4050.4000,1,4,5,10,1,1,2,2,1,1
SF,IF2002,2019-12-23 09:33:52.900,4044.0000,12,0,14558760.000,0,-,-,-,-,4043.2000,4043.0000,4042.0000,4040.0000,4037.0000,4045.8000,4046.2000,4046.4000,4047.2000,4049.6000,1,4,5,10,1,1,1,1,2,1
SF,IF2002,2019-12-23 09:33:53.400,4044.0000,12,0,14558760.000,0,-,-,-,-,4043.2000,4043.0000,4042.0000,4040.0000,4037.0000,4045.6000,4045.8000,4046.4000,4047.2000,4049.6000,1,4,5,10,1,1,1,1,2,1
SF,IF2002,2019-12-23 09:33:53.900,4044.0000,12,0,14558760.000,0,-,-,-,-,4043.2000,4043.0000,4042.0000,4040.0000,4037.0000,4045.6000,4045.8000,4046.4000,4047.2000,4049.6000,1,4,5,10,1,1,1,1,2,1
SF,IF2002,2019-12-23 09:33:54.400,4044.0000,12,0,14558760.000,0,-,-,-,-,4043.2000,4043.0000,4042.0000,4040.0000,4037.0000,4045.4000,4045.6000,4045.8000,4046.4000,4047.2000,1,4,5,10,1,1,1,1,1,2
SF,IF2002,2019-12-23 09:33:54.900,4044.0000,12,0,14558760.000,0,-,-,-,-,4043.2000,4043.0000,4042.0000,4040.0000,4037.0000,4045.6000,4045.8000,4046.4000,4047.2000,4049.6000,1,4,5,10,1,1,1,1,2,1
SF,IF2002,2019-12-23 09:33:55.400,4044.0000,12,0,14558760.000,0,-,-,-,-,4043.2000,4043.0000,4042.0000,4040.0000,4037.0000,4045.4000,4045.6000,4045.8000,4046.4000,4047.2000,1,4,5,10,1,1,1,1,1,2
SF,IF2002,2019-12-23 09:33:55.900,4044.0000,12,0,14558760.000,0,-,-,-,-,4043.2000,4043.0000,4042.0000,4040.0000,4037.0000,4045.8000,4046.4000,4047.2000,4049.6000,4050.4000,1,4,5,10,1,1,1,2,1,1
SF,IF2002,2019-12-23 09:33:56.400,4044.0000,12,0,14558760.000,0,-,-,-,-,4043.2000,4043.0000,4042.0000,4040.0000,4037.0000,4045.8000,4047.2000,4049.6000,4050.4000,4051.8000,1,4,5,10,1,1,2,1,1,1
SF,IF2002,2019-12-23 09:33:56.900,4044.0000,12,0,14558760.000,0,-,-,-,-,4043.2000,4043.0000,4042.0000,4040.0000,4037.0000,4047.2000,4049.6000,4050.4000,4051.8000,4055.0000,1,4,5,10,1,2,1,1,1,5
SF,IF2002,2019-12-23 09:33:57.400,4044.0000,12,0,14558760.000,0,-,-,-,-,4043.2000,4043.0000,4042.0000,4040.0000,4037.0000,4047.0000,4047.2000,4049.6000,4050.4000,4051.8000,1,4,5,10,1,1,4,1,1,1
SF,IF2002,2019-12-23 09:33:57.900,4043.2000,13,1,15771720.000,1,1,0,双开,S,4043.0000,4042.0000,4040.0000,4037.0000,4030.2000,4047.0000,4047.2000,4049.6000,4050.4000,4051.8000,4,5,10,1,1,1,4,1,1,1
SF,IF2002,2019-12-23 09:33:58.400,4043.2000,13,0,15771720.000,0,-,-,-,-,4043.2000,4043.0000,4042.0000,4040.0000,4037.0000,4046.4000,4047.0000,4047.2000,4049.6000,4051.8000,1,4,5,10,1,1,1,4,1,1
SF,IF2002,2019-12-23 09:33:58.900,4043.2000,13,0,15771720.000,0,-,-,-,-,4043.2000,4043.0000,4042.0000,4040.0000,4037.0000,4046.2000,4046.4000,4047.2000,4049.6000,4051.8000,1,4,5,10,1,1,1,4,1,1
SF,IF2002,2019-12-23 09:33:59.400,4043.2000,13,0,15771720.000,0,-,-,-,-,4043.2000,4043.0000,4042.0000,4040.0000,4037.0000,4046.0000,4046.2000,4046.4000,4047.2000,4049.6000,1,4,5,10,1,2,1,1,4,1
SF,IF2002,2019-12-23 09:33:59.900,4043.2000,13,0,15771720.000,0,-,-,-,-,4043.2000,4043.0000,4042.0000,4040.0000,4037.0000,4045.8000,4046.0000,4046.4000,4047.2000,4049.6000,1,4,5,10,1,2,2,1,4,1
SF,IF2002,2019-12-23 09:34:02.400,4043.2000,13,0,15771720.000,0,-,-,-,-,4043.2000,4043.0000,4042.0000,4040.0000,4037.0000,4045.4000,4045.8000,4046.0000,4046.4000,4047.2000,1,4,5,10,1,1,1,2,1,4
SF,IF2002,2019-12-23 09:34:02.900,4043.2000,13,0,15771720.000,0,-,-,-,-,4043.0000,4042.0000,4040.0000,4037.0000,4030.2000,4045.2000,4045.4000,4046.0000,4046.4000,4047.2000,4,5,10,1,1,1,1,2,1,4
SF,IF2002,2019-12-23 09:34:03.400,4043.2000,13,0,15771720.000,0,-,-,-,-,4043.2000,4043.0000,4042.0000,4040.0000,4037.0000,4045.2000,4045.4000,4046.0000,4046.4000,4047.2000,1,4,5,10,1,1,1,2,1,4
SF,IF2002,2019-12-23 09:34:04.400,4043.2000,13,0,15771720.000,0,-,-,-,-,4043.2000,4043.0000,4042.0000,4040.0000,4037.0000,4045.2000,4045.4000,4046.0000,4046.4000,4047.2000,1,4,5,5,1,1,1,2,1,4
SF,IF2002,2019-12-23 09:34:04.900,4043.2000,13,0,15771720.000,0,-,-,-,-,4043.0000,4042.0000,4040.0000,4037.0000,4035.0000,4045.0000,4045.2000,4046.4000,4047.2000,4049.6000,4,5,5,1,5,2,1,1,4,1
SF,IF2002,2019-12-23 09:34:05.400,4043.2000,13,0,15771720.000,0,-,-,-,-,4043.0000,4042.0000,4040.0000,4037.0000,4035.0000,4044.8000,4045.0000,4046.4000,4047.2000,4049.6000,4,5,5,1,5,1,2,1,4,1
SF,IF2002,2019-12-23 09:34:05.900,4043.2000,13,0,15771720.000,0,-,-,-,-,4043.0000,4042.0000,4040.0000,4037.0000,4035.0000,4044.8000,4045.0000,4046.4000,4047.2000,4049.6000,4,5,5,1,5,1,2,1,4,1
SF,IF2002,2019-12-23 09:34:06.900,4043.2000,13,0,15771720.000,0,-,-,-,-,4043.0000,4042.0000,4040.0000,4037.0000,4035.0000,4044.8000,4045.0000,4047.2000,4049.6000,4051.8000,4,5,5,1,5,1,2,4,1,1
SF,IF2002,2019-12-23 09:34:07.900,4043.0000,14,1,16984620.000,1,1,0,双开,S,4043.0000,4042.0000,4040.0000,4037.0000,4035.0000,4044.8000,4045.0000,4047.2000,4049.6000,4051.8000,3,5,5,1,5,1,2,4,1,1
SF,IF2002,2019-12-23 09:34:09.900,4043.0000,14,0,16984620.000,0,-,-,-,-,4043.0000,4042.0000,4040.0000,4037.0000,4035.0000,4044.6000,4044.8000,4045.0000,4047.2000,4049.6000,3,5,5,1,5,1,1,1,4,1
SF,IF2002,2019-12-23 09:34:10.400,4043.0000,15,1,18197520.000,1,1,0,双开,S,4043.0000,4042.0000,4040.0000,4037.0000,4035.0000,4044.6000,4045.0000,4047.2000,4049.6000,4051.8000,3,5,5,1,5,1,1,4,1,1
SF,IF2002,2019-12-23 09:34:10.900,4043.0000,15,0,18197520.000,0,-,-,-,-,4043.0000,4042.0000,4040.0000,4037.0000,4035.0000,4044.4000,4044.6000,4045.0000,4047.2000,4049.6000,3,5,5,1,5,1,1,1,4,1
SF,IF2002,2019-12-23 09:34:12.400,4043.0000,15,0,18197520.000,0,-,-,-,-,4043.0000,4042.0000,4040.0000,4037.0000,4035.0000,4044.4000,4045.0000,4047.2000,4049.6000,4051.8000,3,5,5,1,5,1,1,4,1,1
SF,IF2002,2019-12-23 09:34:14.400,4043.0000,16,1,19410420.000,1,1,0,双开,S,4043.0000,4042.0000,4040.0000,4037.0000,4035.0000,4044.4000,4047.2000,4049.6000,4051.8000,4055.0000,2,5,5,1,5,1,4,1,1,5
SF,IF2002,2019-12-23 09:34:14.900,4043.0000,18,2,21836220.000,2,2,0,双开,S,4042.0000,4040.0000,4037.0000,4035.0000,4030.2000,4043.0000,4044.4000,4047.2000,4049.6000,4051.8000,5,5,1,5,1,1,1,4,1,1
SF,IF2002,2019-12-23 09:34:15.400,4043.0000,18,0,21836220.000,0,-,-,-,-,4042.2000,4042.0000,4040.0000,4037.0000,4035.0000,4043.0000,4047.2000,4049.6000,4051.8000,4055.0000,1,5,5,1,5,1,2,1,1,5
SF,IF2002,2019-12-23 09:34:18.400,4043.0000,18,0,21836220.000,0,-,-,-,-,4042.2000,4042.0000,4040.0000,4037.0000,4035.0000,4043.0000,4047.2000,4049.6000,4051.8000,4055.0000,1,5,5,1,5,1,2,1,1,5
SF,IF2002,2019-12-23 09:34:19.400,4042.0000,20,2,24261480.000,2,2,0,双开,S,4042.0000,4040.0000,4037.0000,4035.0000,4030.2000,4043.0000,4049.6000,4051.8000,4055.0000,4057.0000,4,5,1,5,1,1,1,1,5,1
SF,IF2002,2019-12-23 09:34:19.900,4042.0000,20,0,24261480.000,0,-,-,-,-,4042.0000,4040.0000,4037.0000,4035.0000,4030.2000,4042.8000,4043.0000,4049.6000,4051.8000,4055.0000,4,5,1,5,1,1,1,1,1,5
SF,IF2002,2019-12-23 09:34:21.900,4042.0000,21,1,25474080.000,1,1,0,双开,S,4042.0000,4040.0000,4037.0000,4035.0000,4030.2000,4042.8000,4043.0000,4049.6000,4051.8000,4055.0000,3,5,1,5,2,1,1,1,1,5
SF,IF2002,2019-12-23 09:34:24.900,4042.0000,23,2,27899280.000,2,2,0,双开,S,4042.0000,4040.0000,4037.0000,4035.0000,4030.2000,4042.8000,4043.0000,4049.6000,4051.8000,4055.0000,1,5,1,5,2,1,1,1,1,5
SF,IF2002,2019-12-23 09:34:25.400,4042.0000,24,1,29111880.000,1,1,0,双开,S,4040.0000,4037.0000,4035.0000,4030.2000,4020.0000,4042.8000,4043.0000,4049.6000,4051.8000,4055.0000,5,1,5,2,1,1,1,1,1,5
SF,IF2002,2019-12-23 09:34:25.900,4042.0000,24,0,29111880.000,0,-,-,-,-,4040.2000,4040.0000,4037.0000,4035.0000,4030.2000,4042.8000,4043.0000,4049.6000,4051.8000,4055.0000,1,5,1,5,2,1,1,1,1,5
SF,IF2002,2019-12-23 09:34:26.900,4042.0000,24,0,29111880.000,0,-,-,-,-,4040.2000,4040.0000,4037.0000,4035.0000,4030.2000,4042.8000,4043.0000,4049.6000,4051.8000,4055.0000,1,5,1,5,2,3,1,1,1,5
SF,IF2002,2019-12-23 09:34:27.400,4042.0000,24,0,29111880.000,0,-,-,-,-,4040.2000,4040.0000,4037.0000,4035.0000,4030.2000,4042.4000,4042.8000,4043.0000,4049.6000,4051.8000,1,5,1,5,2,1,1,1,1,1
SF,IF2002,2019-12-23 09:34:27.900,4042.0000,24,0,29111880.000,0,-,-,-,-,4040.2000,4040.0000,4037.0000,4035.0000,4030.2000,4042.4000,4043.0000,4049.6000,4051.8000,4055.0000,1,5,1,5,2,1,1,1,1,5
SF,IF2002,2019-12-23 09:34:28.400,4042.0000,24,0,29111880.000,0,-,-,-,-,4040.2000,4040.0000,4037.0000,4035.0000,4030.2000,4043.0000,4049.6000,4051.8000,4055.0000,4057.0000,1,5,1,5,2,1,1,1,5,1
SF,IF2002,2019-12-23 09:34:28.900,4042.0000,24,0,29111880.000,0,-,-,-,-,4040.2000,4040.0000,4037.0000,4035.0000,4030.2000,4042.8000,4043.0000,4049.6000,4051.8000,4055.0000,1,5,1,5,2,1,1,1,1,5
SF,IF2002,2019-12-23 09:34:29.900,4042.0000,24,0,29111880.000,0,-,-,-,-,4040.2000,4040.0000,4037.0000,4035.0000,4030.2000,4042.6000,4042.8000,4043.0000,4051.8000,4055.0000,1,5,1,5,2,1,1,1,1,5
SF,IF2002,2019-12-23 09:34:30.400,4042.0000,24,0,29111880.000,0,-,-,-,-,4040.2000,4040.0000,4037.0000,4035.0000,4030.2000,4042.4000,4042.6000,4043.0000,4051.8000,4055.0000,1,5,1,5,2,1,1,1,1,5
SF,IF2002,2019-12-23 09:34:43.400,4042.0000,24,0,29111880.000,0,-,-,-,-,4040.2000,4040.0000,4037.0000,4035.0000,4030.2000,4042.4000,4043.0000,4051.8000,4055.0000,4057.0000,1,5,1,5,2,1,1,1,5,1
SF,IF2002,2019-12-23 09:34:43.900,4042.0000,24,0,29111880.000,0,-,-,-,-,4040.0000,4037.0000,4035.0000,4030.2000,4020.0000,4042.4000,4043.0000,4051.8000,4055.0000,4057.0000,5,1,5,2,1,2,1,1,5,1
SF,IF2002,2019-12-23 09:34:44.400,4042.0000,24,0,29111880.000,0,-,-,-,-,4040.2000,4040.0000,4037.0000,4035.0000,4030.2000,4042.4000,4043.0000,4051.8000,4055.0000,4057.0000,1,5,1,5,2,2,1,1,5,1
SF,IF2002,2019-12-23 09:34:44.900,4042.0000,24,0,29111880.000,0,-,-,-,-,4040.2000,4040.0000,4037.0000,4035.0000,4030.2000,4042.2000,4042.4000,4043.0000,4051.8000,4055.0000,1,5,1,5,2,1,1,1,1,5
SF,IF2002,2019-12-23 09:34:45.400,4042.0000,24,0,29111880.000,0,-,-,-,-,4040.2000,4040.0000,4037.0000,4035.0000,4030.2000,4042.0000,4043.0000,4044.8000,4051.8000,4055.0000,1,5,1,5,2,1,1,1,1,5
SF,IF2002,2019-12-23 09:34:46.400,4042.0000,24,0,29111880.000,0,-,-,-,-,4040.2000,4040.0000,4037.0000,4035.0000,4030.2000,4042.0000,4043.0000,4044.8000,4051.8000,4055.0000,1,5,1,5,2,1,1,1,1,5
SF,IF2002,2019-12-23 09:34:46.900,4042.0000,24,0,29111880.000,0,-,-,-,-,4040.2000,4040.0000,4037.0000,4035.0000,4030.2000,4041.8000,4042.0000,4043.0000,4044.8000,4051.8000,1,5,1,5,2,1,1,1,1,1
SF,IF2002,2019-12-23 09:34:48.400,4042.0000,24,0,29111880.000,0,-,-,-,-,4040.2000,4040.0000,4037.0000,4035.0000,4030.2000,4042.0000,4043.0000,4044.8000,4051.8000,4055.0000,1,5,1,5,2,1,1,1,1,5
SF,IF2002,2019-12-23 09:34:48.900,4042.0000,24,0,29111880.000,0,-,-,-,-,4040.0000,4037.0000,4035.0000,4030.2000,4020.0000,4042.0000,4043.0000,4044.8000,4051.8000,4055.0000,5,1,5,2,1,1,1,1,1,5
SF,IF2002,2019-12-23 09:34:49.400,4042.0000,24,0,29111880.000,0,-,-,-,-,4040.0000,4037.0000,4036.4000,4035.0000,4030.2000,4042.0000,4043.0000,4044.8000,4051.8000,4055.0000,5,1,2,5,2,1,1,1,1,5
SF,IF2002,2019-12-23 09:34:50.900,4042.0000,24,0,29111880.000,0,-,-,-,-,4040.4000,4040.0000,4037.0000,4036.4000,4035.0000,4041.6000,4042.0000,4043.0000,4044.8000,4051.8000,1,5,1,2,5,1,1,1,1,1
SF,IF2002,2019-12-23 09:34:51.400,4042.0000,24,0,29111880.000,0,-,-,-,-,4040.4000,4040.0000,4037.0000,4036.4000,4035.0000,4041.4000,4041.6000,4043.0000,4044.8000,4051.8000,1,5,1,2,5,1,1,1,1,1
SF,IF2002,2019-12-23 09:34:51.900,4042.0000,24,0,29111880.000,0,-,-,-,-,4040.4000,4040.0000,4037.0000,4036.4000,4035.0000,4041.4000,4043.0000,4044.8000,4051.8000,4055.0000,1,5,1,2,5,1,1,1,1,5
SF,IF2002,2019-12-23 09:34:55.900,4042.0000,24,0,29111880.000,0,-,-,-,-,4040.4000,4040.0000,4037.0000,4036.4000,4035.4000,4041.4000,4043.0000,4044.8000,4051.8000,4055.0000,1,5,1,2,2,1,1,1,1,5
SF,IF2002,2019-12-23 09:34:56.900,4042.0000,24,0,29111880.000,0,-,-,-,-,4040.4000,4040.0000,4037.0000,4036.4000,4035.4000,4041.4000,4041.8000,4043.0000,4044.8000,4051.8000,1,5,1,2,2,1,1,1,1,1
SF,IF2002,2019-12-23 09:34:57.900,4042.0000,24,0,29111880.000,0,-,-,-,-,4040.4000,4040.0000,4037.0000,4036.4000,4035.4000,4041.4000,4043.0000,4044.8000,4051.8000,4055.0000,1,5,1,2,2,1,1,1,1,5
SF,IF2002,2019-12-23 09:35:00.900,4042.0000,24,0,29111880.000,0,-,-,-,-,4040.4000,4040.0000,4037.0000,4036.4000,4035.4000,4041.4000,4043.0000,4051.8000,4055.0000,4057.0000,1,5,1,2,2,1,1,1,5,1
SF,IF2002,2019-12-23 09:35:03.900,4040.4000,25,1,30324000.000,1,1,0,双开,S,4040.0000,4037.0000,4036.4000,4035.4000,4035.0000,4041.4000,4043.0000,4051.8000,4055.0000,4057.0000,5,1,2,2,5,1,1,1,5,1
SF,IF2002,2019-12-23 09:35:14.900,4040.4000,25,0,30324000.000,0,-,-,-,-,4040.0000,4037.0000,4036.4000,4035.0000,4030.2000,4041.4000,4043.0000,4051.8000,4055.0000,4057.0000,5,1,2,5,2,1,1,1,5,1
SF,IF2002,2019-12-23 09:35:15.400,4040.4000,25,0,30324000.000,0,-,-,-,-,4040.2000,4040.0000,4037.0000,4036.4000,4035.0000,4043.0000,4051.8000,4055.0000,4057.0000,4177.0000,2,5,1,2,5,1,1,5,1,3
SF,IF2002,2019-12-23 09:35:15.900,4040.4000,25,0,30324000.000,0,-,-,-,-,4040.2000,4040.0000,4037.0000,4036.4000,4035.0000,4042.8000,4043.0000,4051.8000,4055.0000,4057.0000,2,5,1,2,5,1,1,1,5,1
SF,IF2002,2019-12-23 09:35:16.400,4040.4000,25,0,30324000.000,0,-,-,-,-,4040.2000,4040.0000,4037.0000,4036.4000,4035.0000,4042.8000,4043.0000,4051.8000,4055.0000,4057.0000,1,5,1,2,5,1,1,1,5,1
SF,IF2002,2019-12-23 09:35:18.900,4040.4000,25,0,30324000.000,0,-,-,-,-,4040.4000,4040.2000,4040.0000,4037.0000,4036.4000,4042.8000,4043.0000,4051.8000,4055.0000,4057.0000,1,1,5,1,2,1,1,1,5,1
SF,IF2002,2019-12-23 09:35:19.400,4040.4000,25,0,30324000.000,0,-,-,-,-,4040.6000,4040.4000,4040.0000,4037.0000,4036.4000,4042.8000,4043.0000,4051.8000,4055.0000,4057.0000,1,1,5,1,2,1,1,1,5,1
SF,IF2002,2019-12-23 09:35:21.400,4040.4000,25,0,30324000.000,0,-,-,-,-,4040.6000,4040.4000,4040.0000,4037.0000,4036.4000,4042.8000,4043.0000,4045.8000,4051.8000,4055.0000,1,1,5,1,2,1,1,1,1,5
SF,IF2002,2019-12-23 09:35:21.900,4040.4000,25,0,30324000.000,0,-,-,-,-,4040.6000,4040.4000,4040.0000,4037.0000,4036.4000,4042.0000,4043.0000,4045.8000,4051.8000,4055.0000,1,1,5,1,2,4,1,1,1,5
SF,IF2002,2019-12-23 09:35:23.400,4040.4000,25,0,30324000.000,0,-,-,-,-,4040.6000,4040.0000,4037.0000,4036.4000,4035.0000,4041.8000,4042.0000,4043.0000,4045.8000,4051.8000,1,5,1,2,5,1,4,1,1,1
SF,IF2002,2019-12-23 09:35:23.900,4040.4000,25,0,30324000.000,0,-,-,-,-,4040.6000,4040.0000,4037.0000,4036.4000,4035.0000,4042.0000,4043.0000,4045.8000,4051.8000,4055.0000,1,5,1,2,5,4,1,1,1,5
SF,IF2002,2019-12-23 09:35:24.400,4042.0000,27,2,32749200.000,2,2,0,双开,S,4040.6000,4040.0000,4037.0000,4036.4000,4035.0000,4042.0000,4043.0000,4045.8000,4051.8000,4055.0000,1,5,1,2,5,2,1,1,1,5
SF,IF2002,2019-12-23 09:35:25.400,4042.0000,27,0,32749200.000,0,-,-,-,-,4040.8000,4040.6000,4040.0000,4037.0000,4036.4000,4042.0000,4043.0000,4045.8000,4051.8000,4055.0000,1,1,5,1,2,2,1,1,1,5
SF,IF2002,2019-12-23 09:35:25.900,4042.0000,27,0,32749200.000,0,-,-,-,-,4041.0000,4040.8000,4040.0000,4037.0000,4036.4000,4042.0000,4043.0000,4045.8000,4051.8000,4055.0000,1,1,5,1,2,2,1,1,1,5
SF,IF2002,2019-12-23 09:35:27.400,4042.0000,27,0,32749200.000,0,-,-,-,-,4041.0000,4040.0000,4037.0000,4036.4000,4035.0000,4042.0000,4043.0000,4051.8000,4055.0000,4057.0000,1,5,1,2,5,2,1,1,5,1
SF,IF2002,2019-12-23 09:35:28.900,4041.0000,28,1,33961500.000,1,1,0,双开,S,4040.0000,4037.0000,4036.4000,4035.0000,4030.2000,4042.0000,4043.0000,4051.8000,4055.0000,4057.0000,5,1,2,5,2,2,1,1,5,1
SF,IF2002,2019-12-23 09:35:29.400,4041.0000,28,0,33961500.000,0,-,-,-,-,4040.2000,4040.0000,4037.0000,4036.4000,4035.0000,4042.0000,4043.0000,4051.8000,4055.0000,4057.0000,1,5,1,2,5,2,1,1,5,1
SF,IF2002,2019-12-23 09:35:30.400,4041.0000,28,0,33961500.000,0,-,-,-,-,4040.4000,4040.2000,4040.0000,4037.0000,4036.4000,4042.0000,4043.0000,4051.8000,4055.0000,4057.0000,1,1,5,1,2,2,1,1,5,1
SF,IF2002,2019-12-23 09:35:30.900,4041.0000,28,0,33961500.000,0,-,-,-,-,4040.6000,4040.4000,4040.0000,4037.0000,4036.4000,4042.0000,4043.0000,4051.8000,4055.0000,4057.0000,1,1,5,1,2,2,1,1,5,1
SF,IF2002,2019-12-23 09:35:31.900,4041.0000,28,0,33961500.000,0,-,-,-,-,4040.6000,4040.0000,4037.0000,4036.4000,4035.0000,4042.0000,4043.0000,4051.8000,4055.0000,4057.0000,1,5,3,2,5,2,1,1,5,1
SF,IF2002,2019-12-23 09:35:32.400,4041.0000,28,0,33961500.000,0,-,-,-,-,4041.0000,4040.6000,4040.0000,4037.0000,4036.4000,4042.0000,4043.0000,4051.8000,4055.0000,4057.0000,1,1,5,3,2,2,1,1,5,1
SF,IF2002,2019-12-23 09:35:32.900,4041.0000,28,0,33961500.000,0,-,-,-,-,4041.2000,4041.0000,4040.0000,4037.0000,4036.4000,4042.0000,4043.0000,4051.8000,4055.0000,4057.0000,1,1,5,3,2,2,1,1,5,1
SF,IF2002,2019-12-23 09:35:33.400,4041.0000,28,0,33961500.000,0,-,-,-,-,4041.2000,4040.0000,4037.0000,4036.4000,4035.0000,4042.0000,4043.0000,4051.8000,4055.0000,4057.0000,1,5,3,2,5,2,1,1,5,1
SF,IF2002,2019-12-23 09:35:35.400,4041.0000,28,0,33961500.000,0,-,-,-,-,4041.2000,4041.0000,4040.0000,4037.0000,4036.4000,4042.0000,4043.0000,4051.8000,4055.0000,4057.0000,1,1,5,3,2,2,1,1,5,1
SF,IF2002,2019-12-23 09:35:36.900,4042.0000,30,2,36386700.000,2,2,0,双开,S,4041.2000,4041.0000,4040.0000,4037.0000,4036.4000,4042.8000,4043.0000,4051.8000,4055.0000,4057.0000,1,1,5,3,2,1,1,1,5,1
SF,IF2002,2019-12-23 09:35:37.900,4042.0000,30,0,36386700.000,0,-,-,-,-,4041.2000,4040.0000,4037.0000,4036.4000,4035.0000,4042.8000,4043.0000,4051.8000,4055.0000,4057.0000,1,5,3,2,5,1,1,1,5,1
SF,IF2002,2019-12-23 09:35:38.400,4042.0000,30,0,36386700.000,0,-,-,-,-,4041.4000,4040.0000,4037.0000,4036.4000,4035.0000,4042.6000,4042.8000,4043.0000,4051.8000,4055.0000,1,5,3,2,5,1,1,1,1,5
SF,IF2002,2019-12-23 09:35:39.400,4042.0000,30,0,36386700.000,0,-,-,-,-,4040.0000,4037.0000,4036.4000,4035.0000,4030.2000,4042.6000,4042.8000,4043.0000,4051.8000,4055.0000,5,3,2,5,2,1,1,1,1,5
SF,IF2002,2019-12-23 09:35:39.900,4042.0000,30,0,36386700.000,0,-,-,-,-,4040.2000,4040.0000,4037.0000,4036.4000,4035.0000,4042.6000,4042.8000,4043.0000,4051.8000,4055.0000,1,5,3,2,5,1,1,1,1,5
SF,IF2002,2019-12-23 09:35:40.400,4042.0000,30,0,36386700.000,0,-,-,-,-,4040.8000,4040.2000,4040.0000,4037.0000,4036.4000,4042.6000,4042.8000,4043.0000,4051.8000,4055.0000,1,1,5,1,2,1,1,1,1,5
SF,IF2002,2019-12-23 09:35:40.900,4042.0000,30,0,36386700.000,0,-,-,-,-,4041.0000,4040.8000,4040.0000,4037.0000,4036.4000,4042.6000,4042.8000,4043.0000,4051.8000,4055.0000,1,1,5,1,2,1,1,1,1,5
SF,IF2002,2019-12-23 09:35:41.900,4042.0000,30,0,36386700.000,0,-,-,-,-,4041.0000,4040.0000,4037.0000,4036.4000,4035.0000,4042.6000,4043.0000,4043.8000,4051.8000,4055.0000,1,5,1,2,5,1,1,1,1,5
SF,IF2002,2019-12-23 09:35:42.900,4042.0000,30,0,36386700.000,0,-,-,-,-,4041.2000,4041.0000,4040.0000,4037.0000,4036.4000,4042.6000,4043.0000,4043.8000,4051.8000,4055.0000,2,1,5,1,2,1,1,1,1,5
SF,IF2002,2019-12-23 09:35:43.400,4042.0000,30,0,36386700.000,0,-,-,-,-,4041.2000,4040.0000,4037.0000,4036.4000,4035.0000,4042.6000,4043.0000,4043.8000,4051.8000,4055.0000,2,5,1,2,5,1,1,1,1,5
SF,IF2002,2019-12-23 09:35:43.900,4042.0000,30,0,36386700.000,0,-,-,-,-,4041.4000,4041.2000,4040.0000,4037.0000,4036.4000,4042.6000,4043.0000,4043.8000,4051.8000,4055.0000,1,2,5,1,2,1,1,1,1,5
SF,IF2002,2019-12-23 09:35:44.900,4042.0000,30,0,36386700.000,0,-,-,-,-,4041.4000,4041.2000,4040.0000,4037.0000,4036.4000,4042.6000,4043.0000,4043.8000,4051.8000,4055.0000,1,1,5,1,2,1,1,1,1,5
SF,IF2002,2019-12-23 09:35:46.900,4042.6000,31,1,37599480.000,1,1,0,双开,S,4041.4000,4040.0000,4037.0000,4036.4000,4035.0000,4043.0000,4043.8000,4051.8000,4055.0000,4057.0000,1,5,1,2,5,1,1,1,5,1
SF,IF2002,2019-12-23 09:35:47.400,4042.6000,31,0,37599480.000,0,-,-,-,-,4041.6000,4041.4000,4040.0000,4037.0000,4036.4000,4043.0000,4043.8000,4051.8000,4055.0000,4057.0000,1,1,5,1,2,1,1,1,5,1
SF,IF2002,2019-12-23 09:35:49.400,4042.6000,31,0,37599480.000,0,-,-,-,-,4041.8000,4041.6000,4040.0000,4037.0000,4036.4000,4043.0000,4043.8000,4051.8000,4055.0000,4057.0000,1,1,5,1,2,1,1,1,5,1
SF,IF2002,2019-12-23 09:35:49.900,4042.6000,31,0,37599480.000,0,-,-,-,-,4042.0000,4041.8000,4040.0000,4037.0000,4036.4000,4043.0000,4043.8000,4051.8000,4055.0000,4057.0000,1,1,5,1,2,1,1,1,5,1
SF,IF2002,2019-12-23 09:35:50.400,4042.6000,31,0,37599480.000,0,-,-,-,-,4042.0000,4041.8000,4040.0000,4037.0000,4036.4000,4043.0000,4043.8000,4051.8000,4055.0000,4057.0000,2,1,5,1,2,1,1,1,5,1
SF,IF2002,2019-12-23 09:35:50.900,4043.0000,32,1,38812380.000,1,1,0,双开,S,4042.0000,4041.8000,4040.0000,4037.0000,4036.4000,4043.8000,4051.8000,4055.0000,4057.0000,4177.0000,2,1,5,1,2,1,1,5,1,3
SF,IF2002,2019-12-23 09:35:51.400,4043.0000,32,0,38812380.000,0,-,-,-,-,4042.0000,4040.0000,4037.0000,4036.4000,4035.0000,4043.8000,4051.8000,4055.0000,4057.0000,4177.0000,2,5,1,2,5,1,1,5,1,3
SF,IF2002,2019-12-23 09:35:51.900,4043.0000,32,0,38812380.000,0,-,-,-,-,4043.0000,4042.0000,4040.0000,4037.0000,4036.4000,4043.8000,4051.8000,4055.0000,4057.0000,4177.0000,1,2,5,1,2,1,1,5,1,3
SF,IF2002,2019-12-23 09:35:52.400,4043.0000,32,0,38812380.000,0,-,-,-,-,4042.0000,4040.0000,4037.0000,4036.4000,4035.0000,4043.8000,4051.8000,4055.0000,4057.0000,4177.0000,2,5,1,2,5,1,1,5,1,3
SF,IF2002,2019-12-23 09:35:53.400,4043.0000,32,0,38812380.000,0,-,-,-,-,4042.4000,4042.0000,4040.0000,4037.0000,4036.4000,4043.8000,4051.8000,4055.0000,4057.0000,4177.0000,1,2,5,1,2,1,1,5,1,3
SF,IF2002,2019-12-23 09:35:53.900,4043.0000,32,0,38812380.000,0,-,-,-,-,4042.6000,4042.4000,4042.0000,4040.0000,4037.0000,4043.8000,4051.8000,4055.0000,4057.0000,4177.0000,1,1,1,5,1,1,1,5,1,3
SF,IF2002,2019-12-23 09:35:55.400,4043.0000,32,0,38812380.000,0,-,-,-,-,4042.6000,4042.4000,4040.0000,4037.0000,4036.4000,4043.8000,4051.8000,4055.0000,4057.0000,4177.0000,1,1,5,1,2,1,1,5,1,3
SF,IF2002,2019-12-23 09:35:55.900,4043.0000,32,0,38812380.000,0,-,-,-,-,4042.6000,4040.0000,4037.0000,4036.4000,4035.0000,4043.8000,4051.8000,4055.0000,4057.0000,4177.0000,1,5,1,2,5,1,1,5,1,3
SF,IF2002,2019-12-23 09:35:56.900,4043.8000,33,1,40025520.000,1,1,0,双开,S,4042.6000,4040.0000,4037.0000,4036.4000,4035.0000,4051.8000,4055.0000,4057.0000,4177.0000,4324.6000,1,5,1,2,5,1,5,1,3,3
SF,IF2002,2019-12-23 09:35:57.400,4043.8000,33,0,40025520.000,0,-,-,-,-,4042.6000,4040.0000,4037.0000,4036.4000,4035.0000,4051.6000,4051.8000,4055.0000,4057.0000,4177.0000,1,5,1,2,5,1,1,5,1,3
SF,IF2002,2019-12-23 09:35:58.400,4043.8000,33,0,40025520.000,0,-,-,-,-,4042.6000,4040.0000,4037.0000,4036.4000,4035.0000,4047.2000,4048.0000,4051.6000,4051.8000,4055.0000,1,5,1,2,5,2,1,1,1,5
SF,IF2002,2019-12-23 09:35:58.900,4043.8000,33,0,40025520.000,0,-,-,-,-,4042.6000,4040.0000,4037.0000,4036.4000,4035.0000,4047.0000,4047.2000,4048.0000,4051.8000,4055.0000,1,5,1,2,5,1,2,1,1,5
SF,IF2002,2019-12-23 09:35:59.900,4043.8000,33,0,40025520.000,0,-,-,-,-,4042.6000,4040.0000,4037.0000,4036.4000,4035.0000,4047.0000,4048.0000,4051.8000,4055.0000,4057.0000,1,5,1,2,5,1,1,1,5,1
SF,IF2002,2019-12-23 09:36:06.400,4043.8000,33,0,40025520.000,0,-,-,-,-,4042.6000,4040.0000,4037.0000,4036.4000,4035.0000,4046.4000,4047.0000,4048.0000,4051.8000,4055.0000,1,5,1,2,5,2,1,1,1,5
SF,IF2002,2019-12-23 09:36:06.900,4043.8000,33,0,40025520.000,0,-,-,-,-,4040.0000,4037.0000,4036.4000,4035.0000,4030.2000,4046.2000,4046.4000,4048.0000,4051.8000,4055.0000,5,1,2,5,2,1,2,1,1,5
SF,IF2002,2019-12-23 09:36:07.400,4043.8000,33,0,40025520.000,0,-,-,-,-,4040.2000,4040.0000,4037.0000,4036.4000,4035.0000,4046.2000,4046.4000,4048.0000,4051.8000,4055.0000,1,5,1,2,5,1,2,1,1,5
SF,IF2002,2019-12-23 09:36:07.900,4043.8000,33,0,40025520.000,0,-,-,-,-,4040.2000,4040.0000,4037.0000,4036.4000,4035.0000,4045.0000,4046.2000,4048.0000,4051.8000,4055.0000,1,5,1,2,5,2,1,1,1,5
SF,IF2002,2019-12-23 09:36:08.400,4043.8000,33,0,40025520.000,0,-,-,-,-,4040.2000,4040.0000,4037.0000,4036.4000,4035.0000,4044.8000,4045.0000,4048.0000,4051.8000,4055.0000,1,5,1,2,5,1,2,1,1,5
SF,IF2002,2019-12-23 09:36:10.900,4043.8000,33,0,40025520.000,0,-,-,-,-,4040.2000,4040.0000,4037.0000,4036.4000,4035.0000,4044.4000,4044.8000,4048.0000,4051.8000,4055.0000,1,5,1,2,5,2,1,1,1,5
SF,IF2002,2019-12-23 09:36:11.400,4043.8000,33,0,40025520.000,0,-,-,-,-,4040.2000,4040.0000,4037.0000,4036.4000,4035.0000,4044.2000,4044.4000,4048.0000,4051.8000,4055.0000,1,5,1,2,5,1,2,1,1,5
SF,IF2002,2019-12-23 09:36:15.400,4043.8000,33,0,40025520.000,0,-,-,-,-,4040.2000,4040.0000,4037.0000,4036.4000,4035.0000,4044.2000,4048.0000,4051.8000,4055.0000,4057.0000,1,5,1,2,5,1,1,1,5,1
SF,IF2002,2019-12-23 09:36:16.900,4043.8000,33,0,40025520.000,0,-,-,-,-,4040.2000,4040.0000,4037.0000,4036.4000,4035.0000,4044.2000,4048.0000,4049.6000,4051.8000,4055.0000,1,5,1,2,5,1,1,1,1,5
SF,IF2002,2019-12-23 09:36:19.900,4043.8000,33,0,40025520.000,0,-,-,-,-,4040.4000,4040.2000,4040.0000,4037.0000,4036.4000,4044.2000,4048.0000,4049.6000,4051.8000,4055.0000,2,1,5,1,2,1,1,1,1,5
SF,IF2002,2019-12-23 09:36:20.400,4043.8000,33,0,40025520.000,0,-,-,-,-,4040.6000,4040.4000,4040.0000,4037.0000,4036.4000,4049.6000,4051.8000,4055.0000,4057.0000,4177.0000,1,2,5,1,2,1,1,5,1,3
SF,IF2002,2019-12-23 09:36:20.900,4043.8000,33,0,40025520.000,0,-,-,-,-,4040.6000,4040.0000,4037.0000,4036.4000,4035.0000,4049.4000,4049.6000,4051.8000,4055.0000,4057.0000,1,5,1,2,5,1,1,1,5,1
SF,IF2002,2019-12-23 09:36:22.400,4043.8000,33,0,40025520.000,0,-,-,-,-,4040.6000,4040.0000,4037.0000,4036.4000,4035.0000,4047.2000,4049.4000,4049.6000,4051.8000,4055.0000,1,5,1,2,5,1,1,1,1,5
SF,IF2002,2019-12-23 09:36:22.900,4043.8000,33,0,40025520.000,0,-,-,-,-,4040.6000,4040.0000,4037.0000,4036.4000,4035.0000,4047.0000,4047.2000,4048.8000,4049.6000,4051.8000,1,5,1,2,5,1,1,1,1,1
SF,IF2002,2019-12-23 09:36:23.900,4043.8000,33,0,40025520.000,0,-,-,-,-,4041.2000,4040.6000,4040.0000,4037.0000,4036.4000,4046.8000,4047.0000,4048.8000,4049.6000,4051.8000,1,1,5,1,2,1,1,1,1,1
SF,IF2002,2019-12-23 09:36:24.400,4043.8000,33,0,40025520.000,0,-,-,-,-,4041.4000,4041.2000,4040.0000,4037.0000,4036.4000,4046.6000,4046.8000,4048.8000,4049.6000,4051.8000,1,1,5,1,2,1,1,1,1,1
SF,IF2002,2019-12-23 09:36:24.900,4043.8000,33,0,40025520.000,0,-,-,-,-,4041.4000,4041.2000,4040.0000,4037.0000,4036.4000,4046.4000,4046.6000,4046.8000,4049.6000,4051.8000,1,1,5,1,2,1,1,1,1,1
SF,IF2002,2019-12-23 09:36:25.400,4043.8000,33,0,40025520.000,0,-,-,-,-,4041.4000,4041.2000,4040.0000,4037.0000,4036.4000,4046.2000,4046.4000,4046.8000,4049.6000,4051.8000,1,1,5,1,2,1,1,1,1,1
SF,IF2002,2019-12-23 09:36:25.900,4043.8000,33,0,40025520.000,0,-,-,-,-,4041.4000,4041.2000,4040.0000,4037.0000,4036.4000,4046.2000,4046.8000,4049.6000,4051.8000,4055.0000,1,1,5,1,2,1,1,1,1,5
SF,IF2002,2019-12-23 09:36:27.400,4043.8000,33,0,40025520.000,0,-,-,-,-,4041.4000,4041.2000,4040.0000,4037.0000,4036.4000,4046.0000,4046.2000,4049.6000,4051.8000,4055.0000,1,1,5,1,2,1,1,1,1,5
SF,IF2002,2019-12-23 09:36:27.900,4043.8000,33,0,40025520.000,0,-,-,-,-,4041.4000,4041.2000,4040.0000,4037.0000,4036.4000,4045.8000,4046.0000,4049.6000,4051.8000,4055.0000,1,1,5,1,2,1,1,1,1,5
SF,IF2002,2019-12-23 09:36:31.400,4043.8000,33,0,40025520.000,0,-,-,-,-,4041.4000,4041.2000,4040.0000,4037.0000,4036.4000,4045.4000,4045.8000,4046.0000,4049.6000,4051.8000,1,1,5,1,2,1,1,1,1,1
SF,IF2002,2019-12-23 09:36:31.900,4043.8000,33,0,40025520.000,0,-,-,-,-,4041.4000,4041.2000,4040.0000,4037.0000,4036.4000,4045.2000,4045.4000,4046.0000,4049.6000,4051.8000,1,1,5,1,2,1,1,1,1,1
SF,IF2002,2019-12-23 09:36:32.400,4043.8000,33,0,40025520.000,0,-,-,-,-,4041.8000,4041.4000,4041.2000,4040.0000,4037.0000,4045.2000,4045.4000,4046.0000,4049.6000,4051.8000,1,1,1,5,1,1,1,1,1,1
SF,IF2002,2019-12-23 09:36:32.900,4043.8000,33,0,40025520.000,0,-,-,-,-,4042.0000,4041.8000,4041.2000,4040.0000,4037.0000,4045.2000,4049.6000,4051.8000,4055.0000,4057.0000,1,1,1,5,1,1,1,1,5,1
SF,IF2002,2019-12-23 09:36:33.900,4043.8000,33,0,40025520.000,0,-,-,-,-,4042.2000,4042.0000,4041.2000,4040.0000,4037.0000,4045.2000,4049.6000,4051.8000,4055.0000,4057.0000,1,1,1,5,1,1,1,1,5,1
SF,IF2002,2019-12-23 09:36:42.900,4043.8000,33,0,40025520.000,0,-,-,-,-,4042.2000,4042.0000,4041.2000,4040.0000,4037.0000,4044.8000,4045.2000,4049.6000,4051.8000,4055.0000,1,1,1,5,1,1,1,1,1,5
SF,IF2002,2019-12-23 09:36:43.400,4043.8000,33,0,40025520.000,0,-,-,-,-,4042.4000,4042.2000,4041.2000,4040.0000,4037.0000,4044.6000,4044.8000,4049.6000,4051.8000,4055.0000,1,1,1,5,1,1,1,1,1,5
SF,IF2002,2019-12-23 09:36:44.400,4043.8000,33,0,40025520.000,0,-,-,-,-,4042.4000,4042.2000,4040.0000,4037.0000,4036.4000,4044.6000,4044.8000,4049.6000,4051.8000,4055.0000,1,1,5,1,2,1,1,1,1,5
SF,IF2002,2019-12-23 09:36:44.900,4043.8000,33,0,40025520.000,0,-,-,-,-,4042.4000,4042.2000,4040.0000,4037.0000,4036.4000,4044.6000,4044.8000,4049.6000,4051.8000,4055.0000,1,1,5,1,2,1,2,1,1,5
SF,IF2002,2019-12-23 09:36:45.900,4043.8000,33,0,40025520.000,0,-,-,-,-,4042.4000,4042.2000,4040.0000,4037.0000,4036.4000,4044.4000,4044.6000,4044.8000,4049.6000,4051.8000,1,1,5,1,2,2,1,1,1,1
SF,IF2002,2019-12-23 09:36:46.400,4043.8000,33,0,40025520.000,0,-,-,-,-,4042.4000,4042.2000,4040.0000,4037.0000,4036.4000,4044.6000,4044.8000,4049.6000,4051.8000,4055.0000,1,1,5,1,2,1,1,1,1,5
SF,IF2002,2019-12-23 09:36:46.900,4043.8000,33,0,40025520.000,0,-,-,-,-,4042.4000,4042.2000,4040.0000,4037.0000,4036.4000,4044.8000,4049.6000,4051.8000,4055.0000,4057.0000,1,1,5,1,2,1,1,1,5,1
SF,IF2002,2019-12-23 09:36:49.900,4043.8000,33,0,40025520.000,0,-,-,-,-,4042.6000,4042.4000,4042.2000,4040.0000,4037.0000,4044.8000,4049.6000,4051.8000,4055.0000,4057.0000,1,1,1,5,1,1,1,1,5,1
SF,IF2002,2019-12-23 09:36:50.400,4043.8000,33,0,40025520.000,0,-,-,-,-,4042.8000,4042.6000,4042.2000,4040.0000,4037.0000,4044.8000,4049.6000,4051.8000,4055.0000,4057.0000,1,1,1,5,1,1,1,1,5,1
SF,IF2002,2019-12-23 09:36:51.900,4043.8000,33,0,40025520.000,0,-,-,-,-,4042.8000,4042.6000,4040.0000,4037.0000,4036.4000,4044.8000,4049.6000,4051.8000,4055.0000,4057.0000,1,1,5,1,2,1,1,1,5,1
SF,IF2002,2019-12-23 09:36:56.400,4043.8000,33,0,40025520.000,0,-,-,-,-,4042.8000,4042.6000,4040.0000,4037.0000,4036.4000,4044.8000,4049.6000,4051.8000,4055.0000,4057.0000,1,1,5,1,2,1,1,1,5,1
SF,IF2002,2019-12-23 09:37:01.400,4043.8000,33,0,40025520.000,0,-,-,-,-,4042.8000,4040.0000,4037.0000,4036.4000,4035.0000,4044.8000,4049.6000,4051.8000,4055.0000,4057.0000,1,5,1,2,5,1,1,1,5,1
SF,IF2002,2019-12-23 09:37:01.900,4043.8000,33,0,40025520.000,0,-,-,-,-,4040.0000,4037.0000,4036.4000,4035.0000,4030.2000,4044.6000,4044.8000,4049.6000,4051.8000,4055.0000,5,1,2,5,2,1,1,1,1,5
SF,IF2002,2019-12-23 09:37:02.400,4043.8000,33,0,40025520.000,0,-,-,-,-,4040.2000,4040.0000,4037.0000,4036.4000,4035.0000,4044.6000,4044.8000,4049.6000,4051.8000,4055.0000,1,7,1,2,5,1,1,1,1,5
SF,IF2002,2019-12-23 09:37:02.900,4043.8000,33,0,40025520.000,0,-,-,-,-,4040.2000,4040.0000,4037.0000,4036.4000,4035.0000,4044.6000,4044.8000,4049.6000,4051.8000,4055.0000,1,5,1,2,5,1,1,1,1,5
SF,IF2002,2019-12-23 09:37:03.900,4043.8000,33,0,40025520.000,0,-,-,-,-,4041.0000,4040.2000,4040.0000,4037.0000,4036.4000,4044.6000,4044.8000,4049.6000,4051.8000,4055.0000,1,1,5,1,2,1,1,1,1,5
SF,IF2002,2019-12-23 09:37:04.400,4043.8000,33,0,40025520.000,0,-,-,-,-,4041.2000,4041.0000,4040.0000,4037.0000,4036.4000,4044.6000,4044.8000,4049.6000,4051.8000,4055.0000,1,1,5,1,2,1,1,1,1,5
SF,IF2002,2019-12-23 09:37:05.400,4043.8000,33,0,40025520.000,0,-,-,-,-,4041.6000,4041.2000,4040.0000,4037.0000,4036.4000,4044.6000,4044.8000,4049.6000,4051.8000,4055.0000,1,1,5,1,2,1,1,1,1,5
SF,IF2002,2019-12-23 09:37:05.900,4043.8000,33,0,40025520.000,0,-,-,-,-,4041.8000,4041.6000,4040.0000,4037.0000,4036.4000,4044.6000,4044.8000,4049.6000,4051.8000,4055.0000,1,1,5,1,2,1,1,1,1,5
SF,IF2002,2019-12-23 09:37:06.900,4043.8000,33,0,40025520.000,0,-,-,-,-,4042.0000,4041.8000,4040.0000,4037.0000,4036.4000,4044.6000,4044.8000,4049.6000,4051.8000,4055.0000,1,1,5,1,2,1,1,1,1,5
SF,IF2002,2019-12-23 09:37:13.400,4043.8000,33,0,40025520.000,0,-,-,-,-,4042.0000,4041.8000,4040.0000,4037.0000,4036.4000,4044.4000,4044.6000,4044.8000,4049.6000,4051.8000,1,1,5,1,2,1,1,1,1,1
SF,IF2002,2019-12-23 09:37:13.900,4043.8000,33,0,40025520.000,0,-,-,-,-,4042.0000,4041.8000,4040.0000,4037.0000,4036.4000,4044.2000,4044.4000,4044.8000,4049.6000,4051.8000,1,1,5,1,2,1,1,1,1,1
SF,IF2002,2019-12-23 09:37:14.400,4043.8000,33,0,40025520.000,0,-,-,-,-,4042.2000,4042.0000,4040.0000,4037.0000,4036.4000,4044.2000,4044.4000,4044.8000,4049.6000,4051.8000,1,1,5,1,2,1,1,1,1,1
SF,IF2002,2019-12-23 09:37:14.900,4043.8000,33,0,40025520.000,0,-,-,-,-,4042.2000,4042.0000,4040.0000,4037.0000,4036.4000,4044.2000,4044.8000,4049.6000,4051.8000,4055.0000,1,1,5,1,2,1,1,1,1,5
SF,IF2002,2019-12-23 09:37:15.400,4043.8000,33,0,40025520.000,0,-,-,-,-,4042.6000,4042.2000,4040.0000,4037.0000,4036.4000,4044.2000,4044.8000,4049.6000,4051.8000,4055.0000,1,1,5,1,2,1,1,1,1,5
SF,IF2002,2019-12-23 09:37:15.900,4044.8000,34,1,41238960.000,1,1,0,双开,S,4042.2000,4040.0000,4037.0000,4036.4000,4035.0000,4049.6000,4051.8000,4055.0000,4057.0000,4062.0000,1,5,1,2,5,1,1,5,1,1
SF,IF2002,2019-12-23 09:37:16.400,4044.8000,34,0,41238960.000,0,-,-,-,-,4042.2000,4040.0000,4037.0000,4036.4000,4035.0000,4049.4000,4049.6000,4051.8000,4055.0000,4057.0000,1,5,1,2,5,1,1,1,5,1
SF,IF2002,2019-12-23 09:37:17.400,4044.8000,34,0,41238960.000,0,-,-,-,-,4042.2000,4040.0000,4037.0000,4036.4000,4035.0000,4049.0000,4049.4000,4049.6000,4051.8000,4055.0000,1,5,1,2,5,1,1,1,1,5
SF,IF2002,2019-12-23 09:37:17.900,4044.8000,34,0,41238960.000,0,-,-,-,-,4042.2000,4040.0000,4037.0000,4036.4000,4035.0000,4048.4000,4048.8000,4049.0000,4049.6000,4051.8000,1,5,1,2,5,1,1,1,1,1
SF,IF2002,2019-12-23 09:37:18.400,4044.8000,34,0,41238960.000,0,-,-,-,-,4042.2000,4040.0000,4037.0000,4036.4000,4035.0000,4047.6000,4048.2000,4048.4000,4049.0000,4049.6000,1,5,1,2,5,1,1,1,1,1
SF,IF2002,2019-12-23 09:37:18.900,4044.8000,34,0,41238960.000,0,-,-,-,-,4042.2000,4040.0000,4037.0000,4036.4000,4035.0000,4047.4000,4047.6000,4048.2000,4048.4000,4049.6000,1,5,1,2,5,1,1,1,1,1
SF,IF2002,2019-12-23 09:37:19.400,4044.8000,34,0,41238960.000,0,-,-,-,-,4042.2000,4040.0000,4037.0000,4036.4000,4035.0000,4047.4000,4047.6000,4048.2000,4049.6000,4051.8000,1,5,1,2,5,1,1,1,1,1
SF,IF2002,2019-12-23 09:37:19.900,4044.8000,34,0,41238960.000,0,-,-,-,-,4042.4000,4042.2000,4040.0000,4037.0000,4036.4000,4047.4000,4047.6000,4048.2000,4049.6000,4051.8000,1,1,5,1,2,1,1,1,1,1
SF,IF2002,2019-12-23 09:37:20.400,4044.8000,34,0,41238960.000,0,-,-,-,-,4042.6000,4042.4000,4040.0000,4037.0000,4036.4000,4047.4000,4047.6000,4048.2000,4049.6000,4051.8000,1,1,5,1,2,1,1,1,1,1
SF,IF2002,2019-12-23 09:37:20.900,4044.8000,34,0,41238960.000,0,-,-,-,-,4042.6000,4042.4000,4040.0000,4037.0000,4036.4000,4047.0000,4047.4000,4047.6000,4048.2000,4049.6000,1,1,5,1,2,1,1,1,1,1
SF,IF2002,2019-12-23 09:37:21.400,4044.8000,34,0,41238960.000,0,-,-,-,-,4042.6000,4042.4000,4040.0000,4037.0000,4036.4000,4046.8000,4047.0000,4048.2000,4049.6000,4051.8000,1,1,5,1,2,1,1,1,1,1
SF,IF2002,2019-12-23 09:37:21.900,4044.8000,34,0,41238960.000,0,-,-,-,-,4042.6000,4042.4000,4040.0000,4037.0000,4036.4000,4046.8000,4047.0000,4049.6000,4051.8000,4055.0000,1,1,5,1,2,1,1,1,1,5
SF,IF2002,2019-12-23 09:37:24.900,4044.8000,34,0,41238960.000,0,-,-,-,-,4043.0000,4042.6000,4040.0000,4037.0000,4036.4000,4046.6000,4046.8000,4049.6000,4051.8000,4055.0000,1,1,5,1,2,1,1,1,1,5
SF,IF2002,2019-12-23 09:37:25.400,4044.8000,34,0,41238960.000,0,-,-,-,-,4043.2000,4043.0000,4040.0000,4037.0000,4036.4000,4046.4000,4046.6000,4049.6000,4051.8000,4055.0000,1,1,5,1,2,1,1,1,1,5
SF,IF2002,2019-12-23 09:37:26.400,4044.8000,34,0,41238960.000,0,-,-,-,-,4043.6000,4043.2000,4040.0000,4037.0000,4036.4000,4046.4000,4046.6000,4049.6000,4051.8000,4055.0000,1,1,5,1,2,1,1,1,1,5
SF,IF2002,2019-12-23 09:37:26.900,4044.8000,34,0,41238960.000,0,-,-,-,-,4043.8000,4043.6000,4040.0000,4037.0000,4036.4000,4046.4000,4046.6000,4049.6000,4051.8000,4055.0000,1,1,5,1,2,1,1,1,1,5
SF,IF2002,2019-12-23 09:37:27.900,4044.8000,34,0,41238960.000,0,-,-,-,-,4043.8000,4043.6000,4040.0000,4037.0000,4036.4000,4046.4000,4046.8000,4049.6000,4051.8000,4055.0000,1,1,5,1,2,1,1,1,1,5
SF,IF2002,2019-12-23 09:37:28.400,4044.8000,34,0,41238960.000,0,-,-,-,-,4043.8000,4040.0000,4037.0000,4036.4000,4035.0000,4046.4000,4046.8000,4049.6000,4051.8000,4055.0000,1,5,1,2,5,1,1,1,1,5
SF,IF2002,2019-12-23 09:37:31.400,4044.8000,34,0,41238960.000,0,-,-,-,-,4044.0000,4043.8000,4040.0000,4037.0000,4036.4000,4046.4000,4046.8000,4049.6000,4051.8000,4057.0000,2,1,5,1,2,1,1,1,1,1
SF,IF2002,2019-12-23 09:37:31.900,4044.8000,34,0,41238960.000,0,-,-,-,-,4044.2000,4044.0000,4040.0000,4037.0000,4036.4000,4046.8000,4049.6000,4051.8000,4057.0000,4060.0000,1,2,5,1,2,1,1,1,1,5
SF,IF2002,2019-12-23 09:37:32.900,4044.8000,34,0,41238960.000,0,-,-,-,-,4044.2000,4040.0000,4037.0000,4036.4000,4035.0000,4046.8000,4049.6000,4051.8000,4057.0000,4060.0000,1,5,1,2,5,1,1,1,1,5
SF,IF2002,2019-12-23 09:37:33.400,4044.8000,34,0,41238960.000,0,-,-,-,-,4044.2000,4040.0000,4037.0000,4036.4000,4035.0000,4046.6000,4046.8000,4049.6000,4051.8000,4057.0000,1,5,1,2,5,1,1,1,1,1
SF,IF2002,2019-12-23 09:37:33.900,4044.8000,34,0,41238960.000,0,-,-,-,-,4044.2000,4040.0000,4037.0000,4036.4000,4035.0000,4046.8000,4049.6000,4051.8000,4057.0000,4060.0000,1,5,1,2,5,1,1,1,1,5
SF,IF2002,2019-12-23 09:37:39.400,4044.8000,34,0,41238960.000,0,-,-,-,-,4044.4000,4044.2000,4040.0000,4037.0000,4036.4000,4046.8000,4049.6000,4051.8000,4057.0000,4060.0000,1,1,5,1,2,1,1,1,1,5
SF,IF2002,2019-12-23 09:37:39.900,4044.8000,34,0,41238960.000,0,-,-,-,-,4044.4000,4044.2000,4040.0000,4037.0000,4036.4000,4046.6000,4046.8000,4049.6000,4051.8000,4057.0000,1,1,5,1,2,1,1,1,1,1
SF,IF2002,2019-12-23 09:37:44.400,4044.8000,34,0,41238960.000,0,-,-,-,-,4044.2000,4040.0000,4037.0000,4036.4000,4035.0000,4046.6000,4046.8000,4049.6000,4051.8000,4057.0000,1,5,1,2,5,1,1,1,1,1
SF,IF2002,2019-12-23 09:37:44.900,4044.8000,34,0,41238960.000,0,-,-,-,-,4040.0000,4037.0000,4036.4000,4035.0000,4030.2000,4046.6000,4046.8000,4049.6000,4051.8000,4057.0000,5,1,2,5,2,1,1,1,1,1
SF,IF2002,2019-12-23 09:37:45.400,4044.8000,34,0,41238960.000,0,-,-,-,-,4040.4000,4040.2000,4040.0000,4037.0000,4036.4000,4046.6000,4046.8000,4048.4000,4049.6000,4051.8000,2,1,5,1,2,1,1,1,1,1
SF,IF2002,2019-12-23 09:37:45.900,4044.8000,34,0,41238960.000,0,-,-,-,-,4040.6000,4040.4000,4040.0000,4037.0000,4036.4000,4046.6000,4046.8000,4048.4000,4049.6000,4051.8000,1,2,5,1,2,1,1,1,1,1
SF,IF2002,2019-12-23 09:37:47.900,4044.8000,34,0,41238960.000,0,-,-,-,-,4040.8000,4040.6000,4040.4000,4040.0000,4037.0000,4046.6000,4046.8000,4048.4000,4049.6000,4051.8000,2,1,2,5,1,1,1,1,1,1
SF,IF2002,2019-12-23 09:37:48.400,4044.8000,34,0,41238960.000,0,-,-,-,-,4041.0000,4040.8000,4040.0000,4037.0000,4036.4000,4046.4000,4046.6000,4046.8000,4048.4000,4049.6000,1,2,5,1,2,1,1,1,1,1
SF,IF2002,2019-12-23 09:37:48.900,4044.8000,34,0,41238960.000,0,-,-,-,-,4041.0000,4040.8000,4040.0000,4037.0000,4036.4000,4046.2000,4046.4000,4046.8000,4048.4000,4049.6000,1,2,5,1,2,1,1,1,1,1
SF,IF2002,2019-12-23 09:37:52.900,4044.8000,34,0,41238960.000,0,-,-,-,-,4041.4000,4041.0000,4040.8000,4040.0000,4037.0000,4046.2000,4046.4000,4046.8000,4048.4000,4049.6000,1,1,2,5,1,1,1,1,1,1
SF,IF2002,2019-12-23 09:37:53.400,4044.8000,34,0,41238960.000,0,-,-,-,-,4041.6000,4041.4000,4040.8000,4040.0000,4037.0000,4046.2000,4046.4000,4046.8000,4048.4000,4049.6000,1,1,2,5,1,1,1,1,1,1
SF,IF2002,2019-12-23 09:37:54.400,4044.8000,34,0,41238960.000,0,-,-,-,-,4041.8000,4041.6000,4040.8000,4040.0000,4037.0000,4046.2000,4046.4000,4046.8000,4048.4000,4049.6000,1,1,2,5,1,1,1,1,1,1
SF,IF2002,2019-12-23 09:37:54.900,4044.8000,34,0,41238960.000,0,-,-,-,-,4042.0000,4041.8000,4040.8000,4040.0000,4037.0000,4046.2000,4046.4000,4046.8000,4048.4000,4049.6000,1,1,2,5,1,1,1,1,1,1
SF,IF2002,2019-12-23 09:37:55.900,4044.8000,34,0,41238960.000,0,-,-,-,-,4042.4000,4042.0000,4040.8000,4040.0000,4037.0000,4046.2000,4046.4000,4046.8000,4048.4000,4049.6000,1,1,2,5,1,1,1,1,1,1
SF,IF2002,2019-12-23 09:37:56.400,4044.8000,34,0,41238960.000,0,-,-,-,-,4042.6000,4042.4000,4040.8000,4040.0000,4037.0000,4046.2000,4046.4000,4046.8000,4048.4000,4049.6000,1,1,2,5,1,1,1,1,1,1
SF,IF2002,2019-12-23 09:37:57.900,4044.8000,34,0,41238960.000,0,-,-,-,-,4043.0000,4042.6000,4040.8000,4040.0000,4037.0000,4046.2000,4046.4000,4046.8000,4048.4000,4049.6000,1,1,2,5,1,1,1,1,1,1
SF,IF2002,2019-12-23 09:37:58.400,4044.8000,34,0,41238960.000,0,-,-,-,-,4043.2000,4043.0000,4040.8000,4040.0000,4037.0000,4046.2000,4046.4000,4046.8000,4048.4000,4049.6000,1,1,2,5,1,1,1,1,1,1
SF,IF2002,2019-12-23 09:37:59.400,4044.8000,34,0,41238960.000,0,-,-,-,-,4043.2000,4040.8000,4040.0000,4037.0000,4036.4000,4046.2000,4046.4000,4046.8000,4048.4000,4049.6000,1,2,5,1,2,1,1,1,1,1
SF,IF2002,2019-12-23 09:38:00.900,4044.8000,34,0,41238960.000,0,-,-,-,-,4043.2000,4040.8000,4040.0000,4037.0000,4036.4000,4046.2000,4046.8000,4048.4000,4049.6000,4051.8000,1,2,5,1,2,1,1,1,1,1
SF,IF2002,2019-12-23 09:38:03.900,4044.8000,34,0,41238960.000,0,-,-,-,-,4043.2000,4040.0000,4037.0000,4036.4000,4035.0000,4046.2000,4046.8000,4048.4000,4049.6000,4051.8000,1,5,1,2,5,1,1,1,1,1
SF,IF2002,2019-12-23 09:38:10.400,4044.8000,34,0,41238960.000,0,-,-,-,-,4043.4000,4043.2000,4040.0000,4037.0000,4036.4000,4046.2000,4046.8000,4048.4000,4049.6000,4051.8000,1,1,5,1,2,1,1,1,1,1
SF,IF2002,2019-12-23 09:38:10.900,4044.8000,34,0,41238960.000,0,-,-,-,-,4043.4000,4040.0000,4037.0000,4036.4000,4035.0000,4046.2000,4046.8000,4048.4000,4049.6000,4051.8000,1,5,1,2,5,1,1,1,1,1
SF,IF2002,2019-12-23 09:38:11.400,4044.8000,34,0,41238960.000,0,-,-,-,-,4043.4000,4040.0000,4037.0000,4036.4000,4035.0000,4046.2000,4046.8000,4048.4000,4049.6000,4057.0000,1,5,1,2,5,1,1,1,1,1
SF,IF2002,2019-12-23 09:38:13.900,4044.8000,34,0,41238960.000,0,-,-,-,-,4040.0000,4037.0000,4036.4000,4035.0000,4030.2000,4046.2000,4046.8000,4048.4000,4049.6000,4057.0000,5,1,2,5,2,1,1,1,1,1
SF,IF2002,2019-12-23 09:38:14.400,4044.8000,34,0,41238960.000,0,-,-,-,-,4040.2000,4040.0000,4037.0000,4036.4000,4035.0000,4046.2000,4046.8000,4048.4000,4049.6000,4057.0000,1,5,1,2,5,1,1,1,1,1
SF,IF2002,2019-12-23 09:38:17.400,4044.8000,34,0,41238960.000,0,-,-,-,-,4040.8000,4040.2000,4040.0000,4037.0000,4036.4000,4046.2000,4046.8000,4048.4000,4049.6000,4057.0000,1,1,5,1,2,1,1,1,1,1
SF,IF2002,2019-12-23 09:38:17.900,4044.8000,34,0,41238960.000,0,-,-,-,-,4041.0000,4040.8000,4040.0000,4037.0000,4036.4000,4046.2000,4046.8000,4048.4000,4049.6000,4057.0000,1,1,5,1,2,1,1,1,1,1
SF,IF2002,2019-12-23 09:38:26.400,4044.8000,34,0,41238960.000,0,-,-,-,-,4041.2000,4041.0000,4040.8000,4040.0000,4037.0000,4046.2000,4046.8000,4048.4000,4049.6000,4057.0000,1,1,1,5,1,1,1,1,1,1
SF,IF2002,2019-12-23 09:38:26.900,4044.8000,34,0,41238960.000,0,-,-,-,-,4041.4000,4041.2000,4040.8000,4040.0000,4037.0000,4046.2000,4046.8000,4048.4000,4049.6000,4057.0000,1,1,1,5,1,1,1,1,1,1
SF,IF2002,2019-12-23 09:38:27.900,4044.8000,34,0,41238960.000,0,-,-,-,-,4041.4000,4040.8000,4040.0000,4037.0000,4036.4000,4046.2000,4046.8000,4048.4000,4049.6000,4057.0000,1,1,5,1,2,1,1,1,1,1
SF,IF2002,2019-12-23 09:38:34.900,4044.8000,34,0,41238960.000,0,-,-,-,-,4041.4000,4040.8000,4040.0000,4037.0000,4036.4000,4046.0000,4046.2000,4046.8000,4048.4000,4049.6000,1,1,5,1,2,2,1,1,1,1
SF,IF2002,2019-12-23 09:38:35.400,4044.8000,34,0,41238960.000,0,-,-,-,-,4041.4000,4040.8000,4040.0000,4037.0000,4036.4000,4045.8000,4046.0000,4046.8000,4048.4000,4049.6000,1,1,5,1,2,1,2,1,1,1
SF,IF2002,2019-12-23 09:38:36.900,4044.8000,34,0,41238960.000,0,-,-,-,-,4041.4000,4040.8000,4040.0000,4037.0000,4036.4000,4045.2000,4045.8000,4046.8000,4048.4000,4049.6000,1,1,5,1,2,2,1,1,1,1
SF,IF2002,2019-12-23 09:38:37.400,4044.8000,34,0,41238960.000,0,-,-,-,-,4041.6000,4041.4000,4040.8000,4040.0000,4037.0000,4045.0000,4045.2000,4046.8000,4048.4000,4049.6000,1,1,1,5,1,1,2,1,1,1
SF,IF2002,2019-12-23 09:38:37.900,4044.8000,34,0,41238960.000,0,-,-,-,-,4041.8000,4041.6000,4040.8000,4040.0000,4037.0000,4045.0000,4045.2000,4046.8000,4048.4000,4049.6000,1,1,1,5,1,1,2,1,1,1
SF,IF2002,2019-12-23 09:38:38.400,4044.8000,34,0,41238960.000,0,-,-,-,-,4041.8000,4041.6000,4040.8000,4040.0000,4037.0000,4044.6000,4045.0000,4046.8000,4048.4000,4049.6000,1,1,1,5,1,2,1,1,1,1
SF,IF2002,2019-12-23 09:38:38.900,4044.8000,34,0,41238960.000,0,-,-,-,-,4041.8000,4041.6000,4040.8000,4040.0000,4037.0000,4044.4000,4044.6000,4046.8000,4048.4000,4049.6000,1,1,1,5,1,1,2,1,1,1
SF,IF2002,2019-12-23 09:38:39.400,4044.8000,34,0,41238960.000,0,-,-,-,-,4041.8000,4041.6000,4040.8000,4040.0000,4037.0000,4044.4000,4046.8000,4048.4000,4049.6000,4057.0000,1,1,1,5,1,1,1,1,1,1
SF,IF2002,2019-12-23 09:38:39.900,4044.8000,34,0,41238960.000,0,-,-,-,-,4041.8000,4040.8000,4040.0000,4037.0000,4036.4000,4044.4000,4046.8000,4048.4000,4049.6000,4057.0000,1,1,5,1,2,1,1,1,1,1
SF,IF2002,2019-12-23 09:38:44.400,4044.8000,34,0,41238960.000,0,-,-,-,-,4042.0000,4041.8000,4040.8000,4040.0000,4037.0000,4044.4000,4046.8000,4048.4000,4049.6000,4057.0000,1,1,1,5,1,1,1,1,1,1
SF,IF2002,2019-12-23 09:38:46.400,4044.8000,34,0,41238960.000,0,-,-,-,-,4041.8000,4040.8000,4040.0000,4037.0000,4036.4000,4044.4000,4046.8000,4048.4000,4049.6000,4057.0000,1,1,5,1,2,1,1,1,1,1
SF,IF2002,2019-12-23 09:38:48.400,4044.8000,34,0,41238960.000,0,-,-,-,-,4042.0000,4041.8000,4040.8000,4040.0000,4037.0000,4044.4000,4046.8000,4048.4000,4049.6000,4057.0000,2,1,1,5,1,1,1,1,1,1
SF,IF2002,2019-12-23 09:38:57.400,4044.8000,34,0,41238960.000,0,-,-,-,-,4042.0000,4041.8000,4040.0000,4037.0000,4036.4000,4044.4000,4046.8000,4048.4000,4049.6000,4057.0000,2,1,5,1,2,1,1,1,1,1
SF,IF2002,2019-12-23 09:39:16.400,4044.4000,35,1,42452280.000,1,1,0,双开,S,4042.0000,4041.8000,4040.0000,4037.0000,4036.4000,4046.8000,4048.4000,4049.6000,4057.0000,4060.0000,2,1,5,1,2,1,1,1,1,5
SF,IF2002,2019-12-23 09:39:16.900,4044.4000,35,0,42452280.000,0,-,-,-,-,4042.2000,4042.0000,4040.0000,4037.0000,4036.4000,4046.6000,4046.8000,4048.4000,4049.6000,4057.0000,1,2,5,1,2,1,1,1,1,1
SF,IF2002,2019-12-23 09:39:18.900,4044.4000,35,0,42452280.000,0,-,-,-,-,4042.6000,4042.4000,4042.2000,4040.0000,4037.0000,4046.6000,4046.8000,4048.4000,4049.6000,4057.0000,1,2,1,5,1,1,1,1,1,1
SF,IF2002,2019-12-23 09:39:19.400,4044.4000,35,0,42452280.000,0,-,-,-,-,4042.8000,4042.6000,4042.4000,4040.0000,4037.0000,4046.6000,4046.8000,4048.4000,4049.6000,4057.0000,1,1,2,5,1,1,1,1,1,1
SF,IF2002,2019-12-23 09:39:20.400,4044.4000,35,0,42452280.000,0,-,-,-,-,4042.8000,4042.6000,4042.4000,4040.0000,4037.0000,4046.2000,4046.6000,4046.8000,4048.4000,4049.6000,1,1,2,5,1,2,1,1,1,1
SF,IF2002,2019-12-23 09:39:20.900,4044.4000,35,0,42452280.000,0,-,-,-,-,4042.8000,4042.6000,4042.4000,4040.0000,4037.0000,4046.0000,4046.2000,4046.8000,4048.4000,4049.6000,1,1,2,5,1,1,2,1,1,1
SF,IF2002,2019-12-23 09:39:22.400,4044.4000,35,0,42452280.000,0,-,-,-,-,4042.8000,4042.6000,4040.0000,4037.0000,4036.4000,4046.0000,4046.8000,4048.4000,4049.6000,4057.0000,1,1,5,1,2,1,1,1,1,1
SF,IF2002,2019-12-23 09:39:23.900,4044.4000,35,0,42452280.000,0,-,-,-,-,4042.8000,4040.0000,4037.0000,4036.4000,4035.0000,4046.0000,4046.8000,4048.4000,4049.6000,4057.0000,1,5,1,2,5,1,1,1,1,1
SF,IF2002,2019-12-23 09:39:28.400,4044.4000,35,0,42452280.000,0,-,-,-,-,4042.8000,4040.0000,4037.0000,4036.4000,4035.0000,4045.8000,4046.0000,4046.8000,4048.4000,4049.6000,1,5,1,2,5,2,1,1,1,1
SF,IF2002,2019-12-23 09:39:28.900,4044.4000,35,0,42452280.000,0,-,-,-,-,4042.8000,4040.0000,4037.0000,4036.4000,4035.0000,4045.6000,4045.8000,4046.8000,4048.4000,4049.6000,1,5,1,2,5,1,2,1,1,1
SF,IF2002,2019-12-23 09:39:29.400,4044.4000,35,0,42452280.000,0,-,-,-,-,4042.8000,4040.0000,4037.0000,4036.4000,4035.0000,4045.6000,4045.8000,4048.4000,4049.6000,4057.0000,1,5,1,2,5,1,2,1,1,1
SF,IF2002,2019-12-23 09:39:29.900,4044.4000,35,0,42452280.000,0,-,-,-,-,4042.8000,4040.0000,4037.0000,4036.4000,4035.0000,4045.6000,4048.4000,4049.6000,4057.0000,4060.0000,1,5,1,2,5,1,1,1,1,5
SF,IF2002,2019-12-23 09:39:34.400,4044.4000,35,0,42452280.000,0,-,-,-,-,4043.0000,4042.8000,4040.0000,4037.0000,4036.4000,4045.6000,4048.4000,4049.6000,4057.0000,4060.0000,1,1,5,1,2,1,1,1,1,5
SF,IF2002,2019-12-23 09:39:34.900,4044.4000,35,0,42452280.000,0,-,-,-,-,4043.2000,4043.0000,4040.0000,4037.0000,4036.4000,4045.6000,4048.4000,4049.6000,4057.0000,4060.0000,1,1,5,1,2,1,1,1,1,5
SF,IF2002,2019-12-23 09:39:36.400,4044.4000,35,0,42452280.000,0,-,-,-,-,4043.2000,4040.0000,4037.0000,4036.4000,4035.0000,4045.6000,4048.4000,4049.6000,4057.0000,4060.0000,1,5,1,2,5,1,1,1,1,5
SF,IF2002,2019-12-23 09:39:36.900,4043.2000,36,1,43665240.000,1,1,0,双开,S,4040.0000,4037.0000,4036.4000,4035.0000,4030.2000,4045.6000,4048.4000,4049.6000,4057.0000,4060.0000,5,1,2,5,2,1,1,1,1,5
SF,IF2002,2019-12-23 09:39:37.400,4043.2000,36,0,43665240.000,0,-,-,-,-,4040.2000,4040.0000,4037.0000,4036.4000,4035.0000,4045.6000,4048.4000,4049.6000,4057.0000,4060.0000,1,5,1,2,5,1,1,1,1,5
SF,IF2002,2019-12-23 09:39:38.400,4043.2000,36,0,43665240.000,0,-,-,-,-,4041.6000,4040.2000,4040.0000,4037.0000,4036.4000,4045.6000,4048.4000,4049.6000,4057.0000,4060.0000,1,3,5,1,2,1,1,1,1,5
SF,IF2002,2019-12-23 09:39:38.900,4043.2000,36,0,43665240.000,0,-,-,-,-,4041.8000,4041.6000,4040.0000,4037.0000,4036.4000,4045.6000,4048.4000,4049.6000,4057.0000,4060.0000,1,1,5,1,2,1,1,1,1,5
SF,IF2002,2019-12-23 09:39:39.400,4043.2000,36,0,43665240.000,0,-,-,-,-,4041.8000,4040.0000,4037.0000,4036.4000,4035.0000,4045.6000,4048.4000,4049.6000,4057.0000,4060.0000,1,5,1,2,5,1,1,1,1,5
SF,IF2002,2019-12-23 09:39:39.900,4043.2000,36,0,43665240.000,0,-,-,-,-,4042.6000,4041.8000,4040.0000,4037.0000,4036.4000,4045.6000,4048.4000,4049.6000,4057.0000,4060.0000,1,1,5,1,2,1,1,1,1,5
SF,IF2002,2019-12-23 09:39:40.400,4043.2000,36,0,43665240.000,0,-,-,-,-,4042.8000,4042.6000,4040.0000,4037.0000,4036.4000,4045.6000,4048.4000,4049.6000,4057.0000,4060.0000,1,1,5,1,2,1,1,1,1,5
SF,IF2002,2019-12-23 09:39:42.400,4043.2000,36,0,43665240.000,0,-,-,-,-,4042.8000,4042.6000,4040.6000,4040.0000,4037.0000,4045.6000,4048.4000,4049.6000,4057.0000,4060.0000,1,1,1,5,1,1,1,1,1,5
SF,IF2002,2019-12-23 09:39:45.400,4043.2000,36,0,43665240.000,0,-,-,-,-,4043.0000,4042.8000,4042.6000,4040.6000,4040.0000,4045.6000,4048.4000,4049.6000,4057.0000,4060.0000,1,1,1,1,5,1,1,1,1,5
SF,IF2002,2019-12-23 09:39:48.400,4043.2000,36,0,43665240.000,0,-,-,-,-,4043.2000,4043.0000,4042.8000,4042.6000,4040.6000,4045.6000,4048.4000,4049.6000,4057.0000,4060.0000,1,1,1,1,1,1,1,1,1,5
SF,IF2002,2019-12-23 09:39:50.400,4043.2000,36,0,43665240.000,0,-,-,-,-,4043.4000,4043.2000,4042.8000,4042.6000,4040.6000,4045.6000,4048.4000,4049.6000,4057.0000,4060.0000,1,1,1,1,1,1,1,1,1,5
SF,IF2002,2019-12-23 09:39:50.900,4043.2000,36,0,43665240.000,0,-,-,-,-,4043.4000,4043.2000,4042.6000,4040.6000,4040.0000,4045.6000,4048.4000,4049.6000,4057.0000,4060.0000,1,1,1,1,5,1,1,1,1,5
SF,IF2002,2019-12-23 09:39:51.900,4043.2000,36,0,43665240.000,0,-,-,-,-,4043.2000,4040.6000,4040.0000,4037.0000,4036.4000,4045.6000,4048.4000,4049.6000,4057.0000,4060.0000,1,1,5,1,2,1,1,1,1,5
SF,IF2002,2019-12-23 09:39:53.900,4043.2000,36,0,43665240.000,0,-,-,-,-,4040.6000,4040.0000,4037.0000,4036.4000,4035.0000,4045.6000,4048.4000,4049.6000,4057.0000,4060.0000,1,5,1,2,5,1,1,1,1,5
