市场代码,合约代码,时间,最新,持仓,增仓,成交额,成交量,开仓,平仓,成交类型,方向,买一价,买二价,买三价,买四价,买五价,卖一价,卖二价,卖三价,卖四价,卖五价,买一量,买二量,买三量,买四量,买五量,卖一量,卖二量,卖三量,卖四量,卖五量
SF,IF2003,2019-11-19 09:29:00.200,3891.0000,12397,0,9338400.000,8.000,-,-,-,-,3890.0000,3888.6000,3888.4000,3887.8000,3887.4000,3891.4000,3895.8000,3898.4000,3900.2000,3901.6000,5,3,4,1,1,3,1,1,1,2
SF,IF2003,2019-11-19 09:30:00.200,3891.4000,12396,-1,15175500.000,5,2,3,多平,S,3894.6000,3894.0000,3893.4000,3893.0000,3892.8000,3895.8000,3898.8000,3900.2000,3901.6000,3903.6000,2,1,2,2,1,1,1,2,2,3
SF,IF2003,2019-11-19 09:30:00.700,3894.6000,12396,0,19850100.000,4,2,2,多换,S,3893.4000,3893.0000,3892.8000,3892.6000,3892.4000,3898.0000,3898.8000,3900.2000,3901.6000,3903.6000,2,3,1,2,6,1,1,2,2,3
SF,IF2003,2019-11-19 09:30:01.200,3894.6000,12396,0,19850100.000,0,-,-,-,-,3894.2000,3894.0000,3893.6000,3893.0000,3892.8000,3894.4000,3895.8000,3896.2000,3896.4000,3896.6000,1,2,7,3,1,1,2,2,1,2
SF,IF2003,2019-11-19 09:30:01.700,3894.2000,12396,0,23355000.000,3,1,2,多换,S,3893.6000,3893.4000,3893.0000,3892.8000,3892.6000,3895.2000,3896.2000,3896.4000,3896.6000,3896.8000,5,1,3,1,2,5,3,1,2,2
SF,IF2003,2019-11-19 09:30:02.200,3894.2000,12396,0,23355000.000,0,-,-,-,-,3894.4000,3894.0000,3893.8000,3893.6000,3893.4000,3896.2000,3896.4000,3896.6000,3896.8000,3897.0000,3,1,2,5,2,3,1,2,2,1
SF,IF2003,2019-11-19 09:30:02.700,3894.2000,12396,0,23355000.000,0,-,-,-,-,3894.8000,3893.6000,3893.4000,3893.0000,3892.8000,3895.2000,3896.0000,3896.2000,3896.4000,3896.6000,1,5,1,2,1,7,8,3,1,2
SF,IF2003,2019-11-19 09:30:03.200,3894.2000,12396,0,23355000.000,0,-,-,-,-,3894.8000,3893.6000,3893.4000,3893.0000,3892.8000,3895.2000,3896.0000,3896.2000,3896.4000,3896.6000,1,2,1,2,1,5,5,3,1,2
SF,IF2003,2019-11-19 09:30:03.700,3894.2000,12396,0,23355000.000,0,-,-,-,-,3894.8000,3893.6000,3893.4000,3892.8000,3892.6000,3896.0000,3896.2000,3896.4000,3896.6000,3896.8000,1,2,1,1,2,2,3,1,2,2
SF,IF2003,2019-11-19 09:30:04.200,3895.4000,12395,-1,24523620.000,1,0,1,双平,S,3895.2000,3894.8000,3893.6000,3893.4000,3892.6000,3895.4000,3895.8000,3896.0000,3896.2000,3896.4000,4,1,2,1,2,2,1,2,3,1
SF,IF2003,2019-11-19 09:30:04.700,3895.4000,12393,-2,28029420.000,3,0,3,多平,S,3895.2000,3893.6000,3893.4000,3892.6000,3892.4000,3896.0000,3896.2000,3896.4000,3896.6000,3896.8000,3,2,1,2,2,2,3,1,2,2
SF,IF2003,2019-11-19 09:30:05.200,3895.2000,12393,0,30366780.000,2,1,1,多换,S,3895.2000,3894.4000,3893.4000,3892.6000,3892.4000,3896.2000,3896.4000,3896.6000,3896.8000,3897.0000,2,1,1,2,2,2,1,2,2,1
SF,IF2003,2019-11-19 09:30:05.700,3895.2000,12393,0,30366780.000,0,-,-,-,-,3895.2000,3894.4000,3893.4000,3892.6000,3892.4000,3896.0000,3896.2000,3896.4000,3896.6000,3896.8000,2,1,1,2,2,1,2,1,2,2
SF,IF2003,2019-11-19 09:30:06.200,3895.2000,12393,0,30366780.000,0,-,-,-,-,3895.4000,3895.2000,3894.4000,3893.4000,3892.6000,3896.0000,3896.2000,3896.4000,3896.6000,3897.0000,3,2,1,1,2,1,2,1,2,1
SF,IF2003,2019-11-19 09:30:06.700,3896.2000,12391,-2,32704440.000,2,0,2,双平,S,3895.4000,3895.2000,3894.4000,3893.4000,3892.6000,3896.2000,3896.4000,3896.6000,3897.0000,3897.2000,3,4,1,1,2,1,1,2,1,1
SF,IF2003,2019-11-19 09:30:07.200,3896.2000,12391,0,33873300.000,1,0,1,多换,S,3895.6000,3895.4000,3895.2000,3894.4000,3893.4000,3896.4000,3896.6000,3897.0000,3897.2000,3897.4000,2,3,3,1,1,1,2,1,1,1
SF,IF2003,2019-11-19 09:30:07.700,3896.4000,12392,1,35042220.000,1,1,0,双开,S,3895.8000,3895.4000,3895.2000,3894.4000,3893.4000,3896.6000,3897.0000,3897.2000,3897.4000,3897.6000,2,3,3,1,1,2,1,1,1,1
SF,IF2003,2019-11-19 09:30:08.200,3896.0000,12391,-1,36211020.000,1,0,1,双平,S,3895.8000,3895.4000,3895.2000,3895.0000,3894.4000,3896.6000,3897.6000,3897.8000,3898.0000,3898.2000,2,3,3,1,1,2,1,3,1,1
SF,IF2003,2019-11-19 09:30:08.700,3896.6000,12393,2,38548980.000,2,2,0,双开,S,3895.8000,3895.4000,3895.2000,3894.4000,3893.4000,3897.8000,3898.0000,3898.2000,3898.8000,3899.0000,2,3,3,1,1,3,1,1,1,1
SF,IF2003,2019-11-19 09:30:09.200,3896.6000,12393,0,38548980.000,0,-,-,-,-,3896.0000,3895.8000,3895.4000,3895.2000,3894.4000,3897.2000,3897.6000,3897.8000,3898.0000,3898.2000,1,2,3,3,1,5,3,3,1,1
SF,IF2003,2019-11-19 09:30:09.700,3896.6000,12393,0,38548980.000,0,-,-,-,-,3895.8000,3895.4000,3895.2000,3894.4000,3893.4000,3897.0000,3897.2000,3897.6000,3897.8000,3898.0000,2,3,3,1,1,1,5,1,3,1
SF,IF2003,2019-11-19 09:30:10.200,3896.6000,12393,0,38548980.000,0,-,-,-,-,3896.2000,3895.8000,3895.4000,3895.2000,3894.4000,3898.0000,3898.2000,3899.0000,3899.6000,3900.2000,2,2,1,3,1,1,1,1,2,1
SF,IF2003,2019-11-19 09:30:10.700,3896.6000,12393,0,38548980.000,0,-,-,-,-,3896.4000,3896.2000,3896.0000,3895.8000,3895.4000,3897.6000,3897.8000,3898.0000,3898.2000,3899.0000,1,2,2,4,1,5,1,2,1,1
SF,IF2003,2019-11-19 09:30:11.200,3897.6000,12392,-1,39718260.000,1,0,1,双平,S,3896.6000,3896.2000,3896.0000,3895.4000,3895.2000,3898.0000,3899.0000,3899.2000,3899.6000,3900.2000,2,2,2,1,3,1,1,1,2,1
SF,IF2003,2019-11-19 09:30:11.700,3897.6000,12392,0,39718260.000,0,-,-,-,-,3896.6000,3896.4000,3896.2000,3896.0000,3895.4000,3897.8000,3898.0000,3899.0000,3899.2000,3899.6000,2,2,2,2,1,1,1,1,1,2
SF,IF2003,2019-11-19 09:30:12.200,3896.6000,12392,0,40887240.000,1,0,1,多换,S,3896.0000,3895.4000,3895.2000,3894.4000,3893.4000,3897.8000,3898.0000,3899.0000,3899.2000,3899.6000,2,1,3,1,1,1,1,1,1,2
SF,IF2003,2019-11-19 09:30:12.700,3896.6000,12392,0,40887240.000,0,-,-,-,-,3896.8000,3896.2000,3896.0000,3895.4000,3895.2000,3897.8000,3898.0000,3899.0000,3899.2000,3899.6000,3,3,2,1,3,1,1,1,1,2
SF,IF2003,2019-11-19 09:30:13.200,3896.6000,12392,0,40887240.000,0,-,-,-,-,3896.4000,3896.2000,3896.0000,3895.4000,3895.2000,3897.8000,3898.0000,3899.0000,3899.2000,3899.6000,2,5,2,1,3,1,1,1,1,2
SF,IF2003,2019-11-19 09:30:13.700,3896.6000,12392,0,40887240.000,0,-,-,-,-,3897.0000,3896.8000,3896.6000,3896.4000,3896.2000,3898.0000,3899.0000,3899.2000,3900.2000,3903.8000,4,1,4,1,3,1,1,1,1,1
SF,IF2003,2019-11-19 09:30:14.200,3896.6000,12392,0,40887240.000,0,-,-,-,-,3896.8000,3896.6000,3896.4000,3896.2000,3896.0000,3897.8000,3898.0000,3899.2000,3900.2000,3903.8000,3,5,1,3,2,1,1,1,1,1
SF,IF2003,2019-11-19 09:30:14.700,3897.8000,12391,-1,42056580.000,1,0,1,双平,S,3896.8000,3896.6000,3896.4000,3896.2000,3896.0000,3898.0000,3898.6000,3899.2000,3900.2000,3903.8000,1,3,1,3,3,1,1,1,1,1
SF,IF2003,2019-11-19 09:30:15.200,3897.8000,12391,0,42056580.000,0,-,-,-,-,3897.0000,3896.8000,3896.6000,3896.4000,3896.2000,3898.0000,3899.2000,3900.2000,3903.8000,3904.0000,1,1,3,1,3,1,1,1,1,1
SF,IF2003,2019-11-19 09:30:15.700,3897.8000,12391,0,42056580.000,0,-,-,-,-,3897.0000,3896.8000,3896.6000,3896.4000,3896.2000,3898.0000,3899.2000,3899.6000,3900.2000,3903.8000,1,1,3,1,3,1,1,1,1,1
SF,IF2003,2019-11-19 09:30:16.200,3897.8000,12391,0,42056580.000,0,-,-,-,-,3897.0000,3896.8000,3896.6000,3896.4000,3896.2000,3898.0000,3899.2000,3899.6000,3900.2000,3903.8000,1,1,3,1,3,1,1,1,1,1
SF,IF2003,2019-11-19 09:30:16.700,3897.8000,12391,0,42056580.000,0,-,-,-,-,3896.8000,3896.6000,3896.4000,3896.2000,3896.0000,3898.0000,3899.2000,3899.6000,3900.2000,3903.8000,1,3,1,3,2,1,1,1,1,1
SF,IF2003,2019-11-19 09:30:17.200,3897.8000,12391,0,42056580.000,0,-,-,-,-,3896.8000,3896.6000,3896.2000,3896.0000,3895.4000,3898.0000,3899.2000,3899.6000,3900.2000,3903.8000,1,3,3,2,1,1,1,1,1,1
SF,IF2003,2019-11-19 09:30:17.700,3896.8000,12390,-1,43225620.000,1,0,1,双平,S,3896.6000,3896.2000,3896.0000,3895.4000,3895.2000,3898.0000,3899.2000,3899.6000,3900.2000,3903.8000,3,3,2,1,3,1,1,1,1,1
SF,IF2003,2019-11-19 09:30:18.200,3896.8000,12390,0,43225620.000,0,-,-,-,-,3897.2000,3896.8000,3896.6000,3896.2000,3896.0000,3898.0000,3899.2000,3899.6000,3900.2000,3903.8000,3,3,3,3,2,1,1,1,1,1
SF,IF2003,2019-11-19 09:30:18.700,3896.8000,12390,0,43225620.000,0,-,-,-,-,3896.2000,3896.0000,3895.4000,3895.2000,3895.0000,3898.0000,3899.2000,3899.6000,3900.2000,3903.8000,3,2,1,3,1,1,1,1,1,1
SF,IF2003,2019-11-19 09:30:19.200,3898.0000,12390,0,44395020.000,1,0,1,多换,S,3896.4000,3896.2000,3896.0000,3895.4000,3895.2000,3899.2000,3899.6000,3900.2000,3903.8000,3904.0000,2,3,2,1,3,1,1,1,1,1
SF,IF2003,2019-11-19 09:30:19.700,3898.0000,12390,0,44395020.000,0,-,-,-,-,3896.8000,3896.6000,3896.4000,3896.2000,3896.0000,3898.6000,3899.0000,3899.2000,3899.6000,3900.2000,2,6,2,2,2,5,3,1,1,1
SF,IF2003,2019-11-19 09:30:20.200,3898.0000,12390,0,44395020.000,0,-,-,-,-,3897.0000,3896.8000,3896.6000,3896.4000,3896.2000,3898.4000,3898.6000,3899.0000,3899.2000,3899.6000,3,2,6,1,2,1,5,1,1,1
SF,IF2003,2019-11-19 09:30:20.700,3898.0000,12390,0,44395020.000,0,-,-,-,-,3897.0000,3896.8000,3896.6000,3896.4000,3896.0000,3899.0000,3899.2000,3899.6000,3900.2000,3903.8000,5,1,4,1,1,1,1,1,1,1
SF,IF2003,2019-11-19 09:30:21.200,3898.0000,12390,0,44395020.000,0,-,-,-,-,3897.0000,3896.8000,3896.6000,3896.4000,3896.0000,3898.8000,3899.2000,3899.6000,3900.2000,3903.8000,6,1,3,1,1,6,1,1,1,1
SF,IF2003,2019-11-19 09:30:21.700,3898.0000,12390,0,44395020.000,0,-,-,-,-,3897.0000,3896.8000,3896.6000,3896.4000,3896.0000,3898.6000,3898.8000,3899.0000,3899.2000,3899.6000,5,1,2,1,1,1,6,1,1,1
SF,IF2003,2019-11-19 09:30:22.200,3898.0000,12390,0,44395020.000,0,-,-,-,-,3897.0000,3896.8000,3896.6000,3896.4000,3896.0000,3898.6000,3898.8000,3899.0000,3899.2000,3899.6000,5,1,2,1,1,1,5,1,1,1
SF,IF2003,2019-11-19 09:30:22.700,3898.0000,12390,0,44395020.000,0,-,-,-,-,3898.6000,3897.2000,3897.0000,3896.8000,3896.6000,3898.8000,3899.0000,3899.2000,3899.6000,3900.2000,1,2,7,1,2,5,1,1,1,1
SF,IF2003,2019-11-19 09:30:23.200,3898.6000,12389,-1,45564600.000,1,0,1,双平,S,3897.0000,3896.8000,3896.6000,3896.4000,3896.0000,3898.4000,3898.6000,3898.8000,3899.0000,3899.2000,6,1,2,1,1,1,1,5,1,1
SF,IF2003,2019-11-19 09:30:23.700,3898.6000,12389,0,45564600.000,0,-,-,-,-,3897.2000,3897.0000,3896.8000,3896.6000,3896.4000,3898.4000,3898.6000,3898.8000,3899.0000,3899.2000,1,4,1,2,1,1,1,5,1,1
SF,IF2003,2019-11-19 09:30:24.700,3898.6000,12389,0,45564600.000,0,-,-,-,-,3897.2000,3897.0000,3896.8000,3896.6000,3896.4000,3898.4000,3898.6000,3898.8000,3899.0000,3899.2000,1,4,1,2,1,1,1,5,1,1
SF,IF2003,2019-11-19 09:30:25.200,3898.6000,12389,0,45564600.000,0,-,-,-,-,3897.0000,3896.8000,3896.6000,3896.4000,3896.0000,3898.2000,3898.4000,3898.6000,3898.8000,3899.0000,1,1,2,1,1,1,1,1,5,1
SF,IF2003,2019-11-19 09:30:25.700,3898.6000,12389,0,45564600.000,0,-,-,-,-,3896.4000,3896.0000,3895.4000,3895.2000,3895.0000,3898.0000,3898.2000,3898.4000,3898.6000,3898.8000,1,1,1,1,1,1,2,2,1,5
SF,IF2003,2019-11-19 09:30:26.200,3898.6000,12389,0,45564600.000,0,-,-,-,-,3896.6000,3896.4000,3896.0000,3895.4000,3895.2000,3898.0000,3898.2000,3898.4000,3898.6000,3898.8000,1,1,2,1,1,1,2,2,1,5
SF,IF2003,2019-11-19 09:30:26.700,3898.0000,12389,0,46734000.000,1,0,1,多换,S,3896.6000,3896.0000,3895.4000,3895.2000,3895.0000,3898.2000,3898.4000,3898.6000,3898.8000,3899.2000,1,2,1,1,2,2,2,1,5,1
SF,IF2003,2019-11-19 09:30:27.200,3898.0000,12389,0,46734000.000,0,-,-,-,-,3896.6000,3896.0000,3895.4000,3895.2000,3895.0000,3898.0000,3898.2000,3898.4000,3898.6000,3898.8000,1,2,1,1,2,3,2,1,1,5
SF,IF2003,2019-11-19 09:30:27.700,3898.0000,12389,0,46734000.000,0,-,-,-,-,3896.0000,3895.4000,3895.2000,3895.0000,3894.4000,3898.0000,3898.2000,3898.4000,3898.6000,3898.8000,2,1,1,2,1,3,1,1,1,5
SF,IF2003,2019-11-19 09:30:28.200,3898.0000,12389,0,46734000.000,0,-,-,-,-,3896.2000,3896.0000,3895.4000,3895.2000,3895.0000,3898.0000,3898.2000,3898.4000,3898.6000,3898.8000,2,2,1,1,2,3,1,1,1,5
SF,IF2003,2019-11-19 09:30:29.700,3898.0000,12389,0,46734000.000,0,-,-,-,-,3896.4000,3896.2000,3896.0000,3895.4000,3895.2000,3898.0000,3898.4000,3898.6000,3898.8000,3899.2000,1,2,2,1,1,3,1,1,5,1
SF,IF2003,2019-11-19 09:30:30.200,3898.0000,12389,0,46734000.000,0,-,-,-,-,3896.6000,3896.4000,3896.2000,3896.0000,3895.4000,3897.8000,3898.0000,3898.4000,3898.6000,3898.8000,1,1,1,2,1,1,3,1,1,5
SF,IF2003,2019-11-19 09:30:30.700,3898.0000,12389,0,47903400.000,1,0,1,多换,S,3896.6000,3896.4000,3896.2000,3896.0000,3895.4000,3898.0000,3898.4000,3898.6000,3898.8000,3899.2000,1,1,1,2,1,2,1,1,5,1
SF,IF2003,2019-11-19 09:30:31.200,3898.0000,12389,0,54919800.000,6,3,3,多换,S,3896.4000,3896.2000,3896.0000,3895.4000,3895.2000,3898.0000,3898.4000,3898.6000,3898.8000,3899.0000,1,1,2,1,1,1,1,1,5,1
SF,IF2003,2019-11-19 09:30:31.700,3898.0000,12389,0,54919800.000,0,-,-,-,-,3896.6000,3896.2000,3896.0000,3895.4000,3895.2000,3897.8000,3898.0000,3898.4000,3898.6000,3898.8000,2,1,2,1,1,1,1,1,1,5
SF,IF2003,2019-11-19 09:30:32.200,3898.0000,12389,0,54919800.000,0,-,-,-,-,3896.6000,3896.2000,3896.0000,3895.4000,3895.2000,3897.6000,3897.8000,3898.0000,3898.4000,3898.6000,2,1,2,1,1,1,1,1,1,1
SF,IF2003,2019-11-19 09:30:32.700,3898.0000,12389,0,54919800.000,0,-,-,-,-,3896.6000,3896.2000,3896.0000,3895.4000,3895.2000,3897.6000,3897.8000,3898.0000,3898.4000,3898.6000,2,1,2,1,1,1,1,1,1,1
SF,IF2003,2019-11-19 09:30:33.200,3898.0000,12389,0,54919800.000,0,-,-,-,-,3896.6000,3896.2000,3896.0000,3895.4000,3895.2000,3897.8000,3898.0000,3898.4000,3898.6000,3899.2000,2,1,2,1,1,1,1,1,1,1
SF,IF2003,2019-11-19 09:30:33.700,3898.0000,12389,0,54919800.000,0,-,-,-,-,3896.6000,3896.2000,3896.0000,3895.4000,3895.2000,3897.8000,3898.4000,3898.6000,3899.2000,3900.2000,2,1,2,1,1,1,1,1,1,1
SF,IF2003,2019-11-19 09:30:34.200,3898.0000,12389,0,54919800.000,0,-,-,-,-,3896.6000,3896.2000,3896.0000,3895.4000,3895.2000,3897.8000,3898.4000,3898.6000,3899.2000,3900.2000,2,1,2,1,1,1,1,1,1,1
SF,IF2003,2019-11-19 09:30:34.700,3896.6000,12388,-1,56088780.000,1,0,1,双平,S,3896.6000,3896.2000,3896.0000,3895.4000,3895.2000,3897.8000,3898.4000,3898.6000,3899.2000,3900.2000,1,1,2,1,1,1,1,1,1,1
SF,IF2003,2019-11-19 09:30:36.200,3896.6000,12388,0,56088780.000,0,-,-,-,-,3896.8000,3896.6000,3896.2000,3896.0000,3895.4000,3897.8000,3898.4000,3898.6000,3899.2000,3900.2000,2,3,1,2,1,1,1,1,1,1
SF,IF2003,2019-11-19 09:30:36.700,3896.6000,12388,0,56088780.000,0,-,-,-,-,3897.0000,3896.8000,3896.6000,3896.2000,3896.0000,3897.8000,3898.0000,3898.4000,3898.6000,3899.2000,2,2,2,1,2,1,1,1,1,1
SF,IF2003,2019-11-19 09:30:37.200,3896.6000,12388,0,56088780.000,0,-,-,-,-,3897.0000,3896.8000,3896.2000,3896.0000,3895.4000,3897.8000,3898.0000,3898.4000,3898.6000,3899.2000,2,2,1,2,1,1,1,1,1,1
SF,IF2003,2019-11-19 09:30:39.200,3896.6000,12388,0,56088780.000,0,-,-,-,-,3897.0000,3896.8000,3896.2000,3896.0000,3895.4000,3897.8000,3898.0000,3898.4000,3898.6000,3899.2000,3,2,1,2,1,1,1,1,1,1
SF,IF2003,2019-11-19 09:30:39.700,3897.8000,12387,-1,57258120.000,1,0,1,双平,S,3897.2000,3897.0000,3896.8000,3896.2000,3896.0000,3897.6000,3898.0000,3898.4000,3898.6000,3899.2000,1,3,2,1,2,1,1,1,1,1
SF,IF2003,2019-11-19 09:30:40.200,3897.6000,12386,-1,58427400.000,1,0,1,双平,S,3897.2000,3897.0000,3896.8000,3896.2000,3896.0000,3898.0000,3898.4000,3898.6000,3899.2000,3900.2000,1,1,2,1,2,1,1,1,1,1
SF,IF2003,2019-11-19 09:30:40.700,3897.6000,12386,0,58427400.000,0,-,-,-,-,3897.2000,3897.0000,3896.8000,3896.2000,3896.0000,3897.8000,3898.0000,3898.4000,3898.6000,3899.2000,1,1,3,1,2,1,1,1,1,1
SF,IF2003,2019-11-19 09:30:41.700,3897.6000,12386,0,58427400.000,0,-,-,-,-,3897.2000,3897.0000,3896.8000,3896.2000,3896.0000,3897.8000,3898.0000,3898.4000,3898.6000,3899.2000,1,1,3,1,2,1,1,1,1,1
SF,IF2003,2019-11-19 09:30:42.200,3897.2000,12385,-1,59596560.000,1,0,1,双平,S,3897.0000,3896.8000,3896.2000,3896.0000,3895.4000,3897.2000,3897.8000,3898.0000,3898.4000,3898.6000,2,3,1,2,1,1,1,1,1,1
SF,IF2003,2019-11-19 09:30:42.700,3897.0000,12385,0,60765660.000,1,0,1,多换,S,3897.0000,3896.8000,3896.0000,3895.4000,3895.2000,3897.8000,3898.0000,3898.4000,3899.2000,3900.2000,1,3,2,1,1,1,1,1,1,1
SF,IF2003,2019-11-19 09:30:43.700,3897.0000,12385,0,60765660.000,0,-,-,-,-,3897.0000,3896.8000,3896.0000,3895.4000,3895.2000,3897.8000,3898.0000,3898.4000,3899.2000,3900.2000,1,3,2,1,1,1,1,1,1,1
SF,IF2003,2019-11-19 09:30:44.700,3897.0000,12385,0,60765660.000,0,-,-,-,-,3897.0000,3896.8000,3896.0000,3895.4000,3895.2000,3897.8000,3898.0000,3898.4000,3899.2000,3900.2000,1,3,2,1,1,1,1,1,1,1
SF,IF2003,2019-11-19 09:30:45.700,3897.0000,12385,0,60765660.000,0,-,-,-,-,3897.0000,3896.8000,3896.0000,3895.4000,3895.2000,3897.8000,3898.4000,3899.2000,3900.2000,3903.8000,1,3,2,1,1,1,1,1,1,1
SF,IF2003,2019-11-19 09:30:46.200,3897.0000,12385,0,60765660.000,0,-,-,-,-,3897.0000,3896.8000,3896.0000,3895.4000,3895.2000,3897.2000,3897.8000,3898.4000,3899.2000,3900.2000,1,3,2,1,1,3,1,1,1,1
SF,IF2003,2019-11-19 09:30:46.700,3897.2000,12382,-3,64273140.000,3,0,3,双平,S,3897.2000,3897.0000,3896.8000,3896.0000,3895.4000,3897.8000,3898.4000,3899.2000,3900.2000,3903.8000,2,1,3,2,1,1,1,1,1,1
SF,IF2003,2019-11-19 09:30:47.200,3897.2000,12382,0,64273140.000,0,-,-,-,-,3897.0000,3896.8000,3896.0000,3895.4000,3895.2000,3897.8000,3898.4000,3899.2000,3900.2000,3903.8000,1,1,2,1,1,1,1,1,1,1
SF,IF2003,2019-11-19 09:30:47.700,3897.8000,12381,-1,65442480.000,1,0,1,双平,S,3897.2000,3897.0000,3896.8000,3896.0000,3895.4000,3898.4000,3899.2000,3900.2000,3903.8000,3904.0000,1,1,1,2,1,1,1,1,1,1
SF,IF2003,2019-11-19 09:30:48.200,3897.8000,12381,0,65442480.000,0,-,-,-,-,3897.0000,3896.8000,3896.0000,3895.4000,3895.2000,3898.4000,3899.2000,3900.2000,3903.8000,3904.0000,1,1,2,1,1,1,1,1,1,1
SF,IF2003,2019-11-19 09:30:48.700,3897.8000,12381,0,65442480.000,0,-,-,-,-,3897.2000,3897.0000,3896.8000,3896.0000,3895.4000,3898.4000,3899.2000,3900.2000,3903.8000,3904.0000,1,1,1,2,1,1,1,1,1,1
SF,IF2003,2019-11-19 09:30:49.200,3897.8000,12381,0,65442480.000,0,-,-,-,-,3897.2000,3897.0000,3896.8000,3896.0000,3895.4000,3898.4000,3899.2000,3900.2000,3903.8000,3904.0000,1,3,1,2,1,1,1,1,1,1
SF,IF2003,2019-11-19 09:30:49.700,3897.8000,12381,0,65442480.000,0,-,-,-,-,3897.0000,3896.8000,3896.0000,3895.4000,3895.2000,3898.4000,3899.2000,3900.2000,3903.8000,3904.0000,3,1,2,1,1,1,1,1,1,1
SF,IF2003,2019-11-19 09:30:50.200,3898.4000,12381,0,66612000.000,1,0,1,多换,S,3898.4000,3897.2000,3897.0000,3896.8000,3896.0000,3899.2000,3900.2000,3903.8000,3904.0000,3905.0000,1,1,3,1,2,1,1,1,1,5
SF,IF2003,2019-11-19 09:30:50.700,3898.4000,12381,0,66612000.000,0,-,-,-,-,3898.4000,3897.2000,3897.0000,3896.8000,3896.0000,3898.8000,3899.0000,3900.0000,3900.2000,3903.8000,1,4,1,1,2,1,5,1,1,1
SF,IF2003,2019-11-19 09:30:51.200,3898.4000,12381,0,66612000.000,0,-,-,-,-,3898.4000,3897.2000,3897.0000,3896.8000,3896.0000,3900.0000,3900.2000,3903.8000,3904.0000,3905.0000,1,4,1,1,2,1,1,1,1,5
SF,IF2003,2019-11-19 09:30:51.700,3898.4000,12381,0,66612000.000,0,-,-,-,-,3898.4000,3897.2000,3897.0000,3896.8000,3896.0000,3899.2000,3899.6000,3899.8000,3900.0000,3900.2000,1,4,1,1,2,5,1,9,1,1
SF,IF2003,2019-11-19 09:30:52.200,3898.4000,12381,0,66612000.000,0,-,-,-,-,3897.2000,3897.0000,3896.8000,3896.0000,3895.4000,3899.2000,3899.6000,3899.8000,3900.0000,3900.2000,4,1,1,2,1,5,1,7,1,1
SF,IF2003,2019-11-19 09:30:52.700,3898.4000,12381,0,66612000.000,0,-,-,-,-,3899.0000,3897.4000,3897.2000,3897.0000,3896.8000,3899.2000,3899.6000,3899.8000,3900.0000,3900.2000,3,8,4,1,1,5,1,7,1,1
SF,IF2003,2019-11-19 09:30:53.200,3899.0000,12378,-3,70121100.000,3,0,3,双平,S,3899.0000,3897.6000,3897.4000,3897.2000,3897.0000,3899.2000,3899.6000,3899.8000,3900.0000,3900.2000,1,2,1,4,1,1,1,7,1,1
SF,IF2003,2019-11-19 09:30:53.700,3899.0000,12378,0,71290800.000,1,0,1,多换,S,3897.6000,3897.4000,3897.2000,3897.0000,3896.8000,3899.2000,3899.6000,3899.8000,3900.0000,3900.2000,2,1,4,1,1,1,1,7,1,1
SF,IF2003,2019-11-19 09:30:54.200,3899.0000,12378,0,71290800.000,0,-,-,-,-,3898.0000,3897.8000,3897.4000,3897.2000,3897.0000,3900.0000,3900.2000,3903.8000,3904.0000,3905.0000,1,10,1,4,1,1,1,1,1,5
SF,IF2003,2019-11-19 09:30:54.700,3899.0000,12378,0,71290800.000,0,-,-,-,-,3898.2000,3898.0000,3897.8000,3897.6000,3897.2000,3899.2000,3899.6000,3899.8000,3900.0000,3900.2000,2,1,1,2,4,5,1,8,1,1
SF,IF2003,2019-11-19 09:30:55.200,3899.0000,12378,0,71290800.000,0,-,-,-,-,3898.0000,3897.6000,3897.2000,3897.0000,3896.8000,3899.2000,3899.6000,3899.8000,3900.0000,3900.2000,1,2,4,1,1,5,1,7,1,1
SF,IF2003,2019-11-19 09:30:55.700,3899.0000,12378,0,71290800.000,0,-,-,-,-,3898.2000,3898.0000,3897.6000,3897.2000,3897.0000,3899.8000,3900.0000,3900.2000,3903.8000,3904.0000,1,1,2,4,1,3,1,1,1,1
SF,IF2003,2019-11-19 09:30:56.200,3899.0000,12378,0,71290800.000,0,-,-,-,-,3897.2000,3897.0000,3896.8000,3896.0000,3895.4000,3898.8000,3899.0000,3899.4000,3899.6000,3899.8000,4,1,1,2,1,1,5,1,4,4
SF,IF2003,2019-11-19 09:30:56.700,3898.8000,12377,-1,72460440.000,1,0,1,双平,S,3898.0000,3897.6000,3897.4000,3897.2000,3897.0000,3899.8000,3900.0000,3900.2000,3903.8000,3904.0000,3,6,4,5,1,1,1,1,1,1
SF,IF2003,2019-11-19 09:30:57.200,3898.8000,12377,0,72460440.000,0,-,-,-,-,3898.2000,3898.0000,3897.6000,3897.4000,3897.2000,3900.2000,3903.8000,3904.0000,3905.0000,3908.0000,5,5,6,2,5,1,1,1,5,20
SF,IF2003,2019-11-19 09:30:57.700,3898.8000,12377,0,72460440.000,0,-,-,-,-,3898.2000,3898.0000,3897.6000,3897.4000,3897.2000,3899.6000,3899.8000,3900.0000,3900.2000,3900.6000,2,1,6,2,5,5,1,1,1,1
SF,IF2003,2019-11-19 09:30:58.200,3898.8000,12377,0,72460440.000,0,-,-,-,-,3899.0000,3898.4000,3898.2000,3898.0000,3897.6000,3900.2000,3900.6000,3903.8000,3904.0000,3905.0000,1,2,2,1,6,1,1,1,1,5
SF,IF2003,2019-11-19 09:30:58.700,3898.8000,12377,0,72460440.000,0,-,-,-,-,3898.8000,3898.4000,3898.2000,3898.0000,3897.6000,3900.0000,3900.2000,3900.4000,3900.6000,3903.8000,1,3,1,1,1,6,1,1,1,1
SF,IF2003,2019-11-19 09:30:59.200,3898.8000,12377,0,72460440.000,0,-,-,-,-,3898.8000,3898.4000,3898.2000,3898.0000,3897.6000,3900.0000,3900.2000,3900.6000,3903.8000,3904.0000,1,1,1,1,1,1,1,1,1,1
SF,IF2003,2019-11-19 09:31:00.200,3898.8000,12377,0,72460440.000,0,-,-,-,-,3898.8000,3898.4000,3898.2000,3898.0000,3897.6000,3900.0000,3900.2000,3900.6000,3903.8000,3904.0000,1,1,1,1,1,1,1,1,1,1
SF,IF2003,2019-11-19 09:31:00.700,3898.8000,12377,0,72460440.000,0,-,-,-,-,3899.0000,3898.8000,3898.2000,3898.0000,3897.6000,3899.8000,3900.0000,3900.2000,3900.6000,3903.8000,2,1,1,1,1,5,1,2,1,1
SF,IF2003,2019-11-19 09:31:01.200,3898.8000,12377,0,72460440.000,0,-,-,-,-,3899.0000,3898.8000,3898.2000,3898.0000,3897.6000,3899.6000,3899.8000,3900.2000,3900.6000,3903.8000,2,1,1,1,1,1,5,2,1,1
SF,IF2003,2019-11-19 09:31:01.700,3898.8000,12377,0,72460440.000,0,-,-,-,-,3899.0000,3898.8000,3898.2000,3898.0000,3897.6000,3899.6000,3899.8000,3900.2000,3900.6000,3903.8000,2,1,1,1,1,1,5,2,1,1
SF,IF2003,2019-11-19 09:31:03.200,3899.6000,12376,-1,73630320.000,1,0,1,双平,S,3899.6000,3899.0000,3898.8000,3898.2000,3898.0000,3899.8000,3900.2000,3900.6000,3903.8000,3904.0000,1,2,1,1,1,5,2,1,1,1
SF,IF2003,2019-11-19 09:31:03.700,3899.6000,12376,0,77139960.000,3,1,2,多换,S,3898.8000,3898.2000,3898.0000,3897.6000,3897.2000,3899.6000,3899.8000,3900.2000,3900.6000,3903.8000,1,1,1,1,5,1,1,2,1,1
SF,IF2003,2019-11-19 09:31:04.200,3899.6000,12375,-1,78309840.000,1,0,1,双平,S,3899.0000,3898.8000,3898.2000,3898.0000,3897.6000,3900.2000,3900.6000,3903.8000,3904.0000,3905.0000,3,1,1,1,1,2,1,1,1,5
SF,IF2003,2019-11-19 09:31:04.700,3899.6000,12375,0,78309840.000,0,-,-,-,-,3899.2000,3898.8000,3898.2000,3898.0000,3897.6000,3900.2000,3900.6000,3903.8000,3904.0000,3905.0000,3,1,1,1,1,1,1,1,1,5
SF,IF2003,2019-11-19 09:31:05.200,3900.2000,12374,-1,79479900.000,1,0,1,双平,S,3899.2000,3898.8000,3898.6000,3898.2000,3898.0000,3901.4000,3903.8000,3904.0000,3905.0000,3908.0000,3,2,5,1,1,1,1,1,5,20
SF,IF2003,2019-11-19 09:31:05.700,3900.2000,12374,0,79479900.000,0,-,-,-,-,3899.4000,3899.2000,3898.8000,3898.6000,3898.0000,3900.4000,3900.8000,3901.0000,3901.2000,3901.4000,2,3,2,5,1,5,1,4,8,1
SF,IF2003,2019-11-19 09:31:06.200,3900.2000,12374,0,79479900.000,0,-,-,-,-,3899.2000,3898.8000,3898.6000,3898.0000,3897.6000,3900.4000,3900.8000,3901.0000,3901.2000,3901.4000,3,2,5,1,1,5,1,4,7,1
SF,IF2003,2019-11-19 09:31:06.700,3900.2000,12374,0,79479900.000,0,-,-,-,-,3899.4000,3898.8000,3898.6000,3898.0000,3897.6000,3900.4000,3900.8000,3901.0000,3901.2000,3901.4000,3,2,5,1,1,5,1,4,8,1
SF,IF2003,2019-11-19 09:31:07.200,3899.4000,12374,0,80649720.000,1,0,1,多换,S,3899.4000,3898.8000,3898.6000,3898.0000,3897.6000,3900.4000,3900.8000,3901.0000,3901.2000,3901.4000,2,2,5,1,1,5,1,4,8,1
SF,IF2003,2019-11-19 09:31:07.700,3899.4000,12374,0,80649720.000,0,-,-,-,-,3898.8000,3898.6000,3898.0000,3897.6000,3897.2000,3900.4000,3900.8000,3901.0000,3901.2000,3901.4000,2,5,1,1,4,5,1,4,8,1
SF,IF2003,2019-11-19 09:31:08.200,3899.4000,12374,0,80649720.000,0,-,-,-,-,3899.0000,3898.8000,3898.6000,3898.0000,3897.2000,3900.8000,3901.0000,3901.2000,3901.4000,3903.8000,5,2,5,1,4,1,2,6,1,1
SF,IF2003,2019-11-19 09:31:08.700,3899.4000,12374,0,80649720.000,0,-,-,-,-,3899.2000,3899.0000,3898.8000,3898.6000,3898.0000,3900.6000,3900.8000,3901.0000,3901.2000,3901.4000,3,5,2,5,1,5,1,2,6,1
SF,IF2003,2019-11-19 09:31:09.200,3899.4000,12374,0,80649720.000,0,-,-,-,-,3899.8000,3899.4000,3899.2000,3899.0000,3898.8000,3901.2000,3902.2000,3903.8000,3904.0000,3905.0000,3,5,9,1,2,1,1,1,1,5
SF,IF2003,2019-11-19 09:31:09.700,3899.4000,12374,0,80649720.000,0,-,-,-,-,3901.2000,3899.6000,3899.4000,3899.2000,3899.0000,3902.2000,3903.8000,3904.0000,3905.0000,3908.0000,1,3,8,9,1,1,1,1,5,20
SF,IF2003,2019-11-19 09:31:10.200,3901.2000,12373,-1,81820080.000,1,0,1,双平,S,3899.6000,3899.4000,3899.2000,3899.0000,3898.8000,3901.0000,3901.2000,3901.4000,3901.6000,3901.8000,1,3,4,1,2,5,2,2,5,6
SF,IF2003,2019-11-19 09:31:10.700,3901.2000,12373,0,81820080.000,0,-,-,-,-,3899.8000,3899.6000,3899.4000,3899.2000,3899.0000,3902.0000,3902.2000,3903.8000,3904.0000,3905.0000,3,1,1,4,1,3,1,1,1,5
SF,IF2003,2019-11-19 09:31:11.200,3901.2000,12373,0,81820080.000,0,-,-,-,-,3900.0000,3899.8000,3899.6000,3899.4000,3899.2000,3901.6000,3901.8000,3902.0000,3902.2000,3903.8000,3,1,1,1,3,5,2,3,1,1
SF,IF2003,2019-11-19 09:31:11.700,3901.2000,12373,0,81820080.000,0,-,-,-,-,3900.0000,3899.6000,3899.4000,3899.2000,3899.0000,3901.4000,3901.6000,3901.8000,3902.0000,3902.2000,3,1,1,3,1,1,5,1,3,1
SF,IF2003,2019-11-19 09:31:12.200,3900.0000,12372,-1,82990080.000,1,0,1,双平,S,3900.0000,3899.6000,3899.4000,3899.2000,3899.0000,3901.4000,3901.6000,3901.8000,3902.0000,3902.2000,2,1,1,3,1,1,5,1,3,1
SF,IF2003,2019-11-19 09:31:13.200,3900.0000,12372,0,82990080.000,0,-,-,-,-,3900.0000,3899.6000,3899.4000,3899.2000,3899.0000,3901.0000,3901.4000,3901.6000,3901.8000,3902.0000,1,1,1,3,1,1,1,5,1,3
SF,IF2003,2019-11-19 09:31:13.700,3900.0000,12372,0,82990080.000,0,-,-,-,-,3900.2000,3899.6000,3899.4000,3899.2000,3899.0000,3901.2000,3901.6000,3902.0000,3902.2000,3903.8000,2,1,1,3,1,1,5,3,1,1
SF,IF2003,2019-11-19 09:31:14.200,3900.0000,12372,0,82990080.000,0,-,-,-,-,3900.2000,3899.6000,3899.4000,3899.2000,3899.0000,3901.2000,3901.6000,3902.0000,3902.2000,3903.8000,1,1,1,3,1,1,5,3,1,1
SF,IF2003,2019-11-19 09:31:14.700,3900.0000,12371,-1,84160080.000,1,0,1,双平,S,3899.6000,3899.4000,3899.2000,3899.0000,3898.8000,3901.6000,3902.0000,3902.2000,3903.8000,3904.0000,1,1,3,1,2,5,3,1,1,1
SF,IF2003,2019-11-19 09:31:15.200,3900.0000,12371,0,84160080.000,0,-,-,-,-,3899.8000,3899.6000,3899.4000,3899.2000,3899.0000,3901.4000,3901.6000,3902.0000,3902.2000,3903.8000,2,1,1,3,1,1,5,3,1,1
SF,IF2003,2019-11-19 09:31:15.700,3900.0000,12371,0,84160080.000,0,-,-,-,-,3900.0000,3899.8000,3899.6000,3899.2000,3899.0000,3901.4000,3901.6000,3902.0000,3902.2000,3903.8000,1,4,1,3,1,1,5,3,1,1
SF,IF2003,2019-11-19 09:31:16.200,3900.0000,12371,0,84160080.000,0,-,-,-,-,3900.2000,3900.0000,3899.8000,3899.6000,3899.2000,3901.4000,3901.6000,3902.0000,3902.2000,3903.8000,1,1,3,1,3,1,5,3,1,1
SF,IF2003,2019-11-19 09:31:16.700,3900.0000,12371,0,84160080.000,0,-,-,-,-,3900.2000,3900.0000,3899.8000,3899.6000,3899.2000,3901.6000,3902.0000,3902.2000,3903.8000,3904.0000,1,1,3,1,3,5,3,1,1,1
SF,IF2003,2019-11-19 09:31:17.200,3900.0000,12371,0,84160080.000,0,-,-,-,-,3900.2000,3899.8000,3899.6000,3899.2000,3899.0000,3901.6000,3902.0000,3902.2000,3903.8000,3904.0000,1,3,1,3,1,5,3,1,1,1
SF,IF2003,2019-11-19 09:31:17.700,3900.0000,12371,0,84160080.000,0,-,-,-,-,3900.2000,3899.8000,3899.6000,3899.2000,3898.8000,3901.6000,3902.0000,3902.2000,3903.8000,3904.0000,1,1,1,3,2,5,3,1,1,1
SF,IF2003,2019-11-19 09:31:18.200,3900.0000,12371,0,84160080.000,0,-,-,-,-,3900.2000,3899.8000,3899.6000,3899.2000,3898.8000,3902.2000,3903.8000,3904.0000,3905.0000,3908.0000,3,1,1,3,2,1,1,1,5,20
SF,IF2003,2019-11-19 09:31:18.700,3900.0000,12371,0,84160080.000,0,-,-,-,-,3900.4000,3900.2000,3899.8000,3899.6000,3899.2000,3902.0000,3903.0000,3903.8000,3904.0000,3905.0000,3,1,1,1,2,6,1,1,1,5
SF,IF2003,2019-11-19 09:31:19.200,3900.0000,12371,0,84160080.000,0,-,-,-,-,3900.6000,3900.4000,3899.8000,3899.6000,3899.2000,3902.0000,3903.0000,3903.8000,3904.0000,3905.0000,3,10,1,1,2,1,1,1,1,5
SF,IF2003,2019-11-19 09:31:20.200,3900.0000,12371,0,84160080.000,0,-,-,-,-,3900.6000,3900.4000,3899.8000,3899.6000,3899.2000,3902.0000,3903.0000,3903.8000,3904.0000,3908.0000,1,5,1,1,2,1,1,1,1,20
SF,IF2003,2019-11-19 09:31:20.700,3900.0000,12371,0,84160080.000,0,-,-,-,-,3900.8000,3900.6000,3900.4000,3899.6000,3899.2000,3903.0000,3903.8000,3904.0000,3908.0000,3909.0000,3,1,6,1,2,1,1,1,20,1
SF,IF2003,2019-11-19 09:31:21.200,3900.0000,12371,0,84160080.000,0,-,-,-,-,3902.0000,3901.0000,3900.8000,3900.4000,3899.6000,3902.6000,3902.8000,3903.0000,3903.8000,3904.0000,1,3,9,5,1,5,1,1,1,1
SF,IF2003,2019-11-19 09:31:21.700,3902.0000,12370,-1,85330680.000,1,0,1,双平,S,3902.6000,3901.2000,3901.0000,3900.8000,3900.4000,3903.8000,3904.0000,3904.4000,3908.0000,3909.0000,1,3,7,4,5,1,1,1,20,1
SF,IF2003,2019-11-19 09:31:22.200,3902.0000,12370,0,85330680.000,0,-,-,-,-,3902.0000,3901.2000,3901.0000,3900.8000,3900.4000,3902.4000,3902.6000,3902.8000,3903.0000,3903.2000,1,1,2,3,5,5,5,1,5,5
SF,IF2003,2019-11-19 09:31:22.700,3902.0000,12370,0,85330680.000,0,-,-,-,-,3902.0000,3901.2000,3901.0000,3900.8000,3900.4000,3903.6000,3903.8000,3904.0000,3904.4000,3908.0000,1,1,2,3,5,4,1,1,1,20
SF,IF2003,2019-11-19 09:31:23.200,3902.0000,12370,0,86501280.000,1,0,1,多换,S,3901.2000,3901.0000,3900.8000,3900.4000,3899.6000,3903.0000,3903.4000,3903.6000,3903.8000,3904.0000,1,2,3,5,1,5,2,4,1,1
SF,IF2003,2019-11-19 09:31:23.700,3902.0000,12370,0,86501280.000,0,-,-,-,-,3901.4000,3901.2000,3901.0000,3900.8000,3900.4000,3902.8000,3903.0000,3903.6000,3903.8000,3904.0000,1,1,1,3,5,1,5,4,1,1
SF,IF2003,2019-11-19 09:31:24.700,3902.0000,12370,0,86501280.000,0,-,-,-,-,3901.4000,3901.2000,3901.0000,3900.8000,3900.4000,3902.8000,3903.0000,3903.6000,3903.8000,3904.0000,1,1,1,3,5,1,5,4,1,1
SF,IF2003,2019-11-19 09:31:25.200,3902.8000,12369,-1,87672120.000,1,0,1,双平,S,3901.6000,3901.4000,3901.2000,3901.0000,3900.8000,3903.6000,3903.8000,3904.0000,3904.4000,3908.0000,2,2,1,1,3,4,1,2,1,20
SF,IF2003,2019-11-19 09:31:25.700,3902.8000,12369,0,87672120.000,0,-,-,-,-,3901.8000,3901.2000,3901.0000,3900.8000,3900.4000,3903.0000,3903.4000,3903.6000,3903.8000,3904.0000,2,1,1,3,4,5,2,4,1,1
SF,IF2003,2019-11-19 09:31:26.200,3902.8000,12369,0,87672120.000,0,-,-,-,-,3901.8000,3901.2000,3901.0000,3900.8000,3900.4000,3903.6000,3903.8000,3904.0000,3904.4000,3908.0000,1,1,1,3,4,4,1,1,1,20
SF,IF2003,2019-11-19 09:31:26.700,3902.8000,12369,0,87672120.000,0,-,-,-,-,3902.0000,3901.8000,3901.2000,3901.0000,3900.8000,3903.4000,3903.6000,3903.8000,3904.0000,3904.4000,1,3,1,1,4,5,1,2,1,1
SF,IF2003,2019-11-19 09:31:27.200,3903.4000,12369,0,90014100.000,2,1,1,多换,S,3902.0000,3901.2000,3901.0000,3900.8000,3900.4000,3903.4000,3903.6000,3903.8000,3904.0000,3904.4000,1,1,1,4,4,7,1,2,1,1
SF,IF2003,2019-11-19 09:31:27.700,3903.4000,12369,0,90014100.000,0,-,-,-,-,3902.2000,3902.0000,3901.2000,3901.0000,3900.8000,3903.4000,3903.6000,3903.8000,3904.0000,3904.4000,1,1,1,1,4,4,1,2,1,1
SF,IF2003,2019-11-19 09:31:28.200,3902.2000,12368,-1,91184760.000,1,0,1,双平,S,3902.0000,3901.2000,3901.0000,3900.8000,3900.4000,3903.4000,3903.6000,3903.8000,3904.0000,3904.4000,1,1,2,4,4,4,2,2,1,1
SF,IF2003,2019-11-19 09:31:28.700,3902.2000,12368,0,91184760.000,0,-,-,-,-,3902.0000,3901.2000,3901.0000,3900.8000,3900.4000,3903.2000,3903.4000,3903.6000,3903.8000,3904.0000,1,1,1,4,4,5,4,1,1,1
SF,IF2003,2019-11-19 09:31:29.200,3902.2000,12368,0,91184760.000,0,-,-,-,-,3901.2000,3901.0000,3900.8000,3900.4000,3899.6000,3903.0000,3903.2000,3903.4000,3903.6000,3903.8000,1,1,4,4,1,1,2,4,1,1
SF,IF2003,2019-11-19 09:31:29.700,3902.2000,12368,0,91184760.000,0,-,-,-,-,3901.4000,3901.2000,3901.0000,3900.8000,3900.4000,3903.0000,3903.2000,3903.4000,3903.6000,3903.8000,2,1,1,4,4,1,1,4,1,1
SF,IF2003,2019-11-19 09:31:30.200,3902.2000,12368,0,91184760.000,0,-,-,-,-,3901.4000,3901.2000,3901.0000,3900.8000,3900.4000,3902.8000,3903.0000,3903.2000,3903.4000,3903.6000,2,1,1,4,4,1,1,2,5,1
SF,IF2003,2019-11-19 09:31:30.700,3902.2000,12368,0,91184760.000,0,-,-,-,-,3901.4000,3901.2000,3901.0000,3900.8000,3900.4000,3903.0000,3903.2000,3903.4000,3903.6000,3903.8000,2,1,1,4,4,1,1,4,1,2
SF,IF2003,2019-11-19 09:31:31.200,3902.2000,12368,0,91184760.000,0,-,-,-,-,3901.4000,3901.2000,3901.0000,3900.8000,3900.4000,3902.8000,3903.0000,3903.2000,3903.4000,3903.6000,2,1,1,4,4,1,1,1,4,1
SF,IF2003,2019-11-19 09:31:31.700,3902.2000,12368,0,91184760.000,0,-,-,-,-,3901.4000,3901.2000,3900.8000,3900.4000,3899.6000,3902.8000,3903.0000,3903.2000,3903.4000,3903.6000,1,1,4,4,1,3,1,1,5,1
SF,IF2003,2019-11-19 09:31:32.200,3902.2000,12368,0,91184760.000,0,-,-,-,-,3901.4000,3901.2000,3900.8000,3900.4000,3899.6000,3902.6000,3902.8000,3903.0000,3903.2000,3903.4000,1,1,1,4,1,1,3,1,1,5
SF,IF2003,2019-11-19 09:31:32.700,3902.2000,12368,0,91184760.000,0,-,-,-,-,3901.2000,3900.8000,3900.4000,3899.6000,3898.8000,3902.4000,3902.6000,3902.8000,3903.0000,3903.2000,1,1,4,1,2,2,1,2,1,1
SF,IF2003,2019-11-19 09:31:33.200,3901.2000,12367,-1,92355120.000,1,0,1,双平,S,3900.8000,3900.4000,3899.6000,3898.8000,3898.6000,3902.4000,3902.6000,3902.8000,3903.0000,3903.2000,1,4,1,2,5,2,1,2,1,1
SF,IF2003,2019-11-19 09:31:33.700,3901.2000,12367,0,92355120.000,0,-,-,-,-,3900.8000,3900.4000,3899.6000,3898.8000,3898.6000,3902.2000,3902.4000,3902.8000,3903.0000,3903.2000,1,4,1,2,5,1,3,2,1,1
SF,IF2003,2019-11-19 09:31:34.200,3900.8000,12368,1,93525360.000,1,1,0,双开,S,3899.6000,3898.8000,3898.6000,3896.8000,3896.6000,3902.0000,3902.2000,3902.4000,3902.8000,3903.0000,1,2,5,1,1,1,3,2,1,1
SF,IF2003,2019-11-19 09:31:34.700,3900.8000,12368,0,93525360.000,0,-,-,-,-,3899.8000,3899.6000,3898.8000,3898.6000,3896.8000,3901.4000,3901.6000,3901.8000,3902.0000,3902.2000,1,1,2,5,1,4,2,4,4,3
SF,IF2003,2019-11-19 09:31:35.200,3900.8000,12368,0,93525360.000,0,-,-,-,-,3899.8000,3898.8000,3898.6000,3896.8000,3896.6000,3901.2000,3901.4000,3901.6000,3901.8000,3902.0000,1,2,5,1,1,3,4,3,4,3
SF,IF2003,2019-11-19 09:31:35.700,3900.8000,12368,0,93525360.000,0,-,-,-,-,3898.8000,3898.6000,3896.8000,3896.6000,3896.0000,3901.2000,3901.4000,3901.6000,3901.8000,3902.0000,2,5,1,1,1,5,4,1,3,3
SF,IF2003,2019-11-19 09:31:36.200,3900.8000,12368,0,93525360.000,0,-,-,-,-,3899.0000,3898.8000,3898.6000,3896.8000,3896.6000,3901.0000,3901.2000,3901.4000,3901.6000,3901.8000,2,2,5,1,1,1,5,4,1,2
SF,IF2003,2019-11-19 09:31:36.700,3900.8000,12368,0,93525360.000,0,-,-,-,-,3900.0000,3899.4000,3899.2000,3899.0000,3898.8000,3901.0000,3901.2000,3901.4000,3901.6000,3901.8000,2,2,5,6,2,1,2,4,1,2
SF,IF2003,2019-11-19 09:31:37.200,3900.8000,12368,0,93525360.000,0,-,-,-,-,3901.0000,3900.2000,3899.4000,3899.2000,3899.0000,3901.2000,3901.4000,3901.6000,3901.8000,3902.0000,1,1,5,6,4,1,4,1,2,3
SF,IF2003,2019-11-19 09:31:37.700,3901.0000,12367,-1,94695660.000,1,0,1,双平,S,3899.0000,3898.8000,3898.6000,3896.8000,3896.6000,3901.2000,3901.4000,3901.6000,3901.8000,3902.0000,3,2,5,1,1,1,4,1,2,3
SF,IF2003,2019-11-19 09:31:38.200,3901.0000,12367,0,94695660.000,0,-,-,-,-,3899.2000,3899.0000,3898.8000,3898.6000,3896.8000,3901.2000,3901.4000,3901.6000,3901.8000,3902.0000,3,3,2,5,1,1,4,1,2,2
SF,IF2003,2019-11-19 09:31:38.700,3901.0000,12367,0,94695660.000,0,-,-,-,-,3899.6000,3899.4000,3899.2000,3899.0000,3898.8000,3901.2000,3901.4000,3901.6000,3901.8000,3902.0000,1,2,5,3,2,1,4,1,2,2
SF,IF2003,2019-11-19 09:31:39.200,3901.0000,12367,0,94695660.000,0,-,-,-,-,3899.8000,3899.6000,3899.4000,3899.2000,3899.0000,3901.2000,3901.4000,3901.6000,3901.8000,3902.0000,1,1,1,1,3,1,4,1,2,2
SF,IF2003,2019-11-19 09:31:39.700,3901.0000,12367,0,94695660.000,0,-,-,-,-,3899.8000,3899.4000,3899.2000,3899.0000,3898.8000,3901.2000,3901.4000,3901.6000,3901.8000,3902.0000,1,1,1,3,2,1,4,1,2,2
SF,IF2003,2019-11-19 09:31:40.200,3901.0000,12367,0,94695660.000,0,-,-,-,-,3898.8000,3898.6000,3896.8000,3896.6000,3896.2000,3900.8000,3901.0000,3901.2000,3901.4000,3901.6000,2,5,1,1,1,1,4,1,4,1
SF,IF2003,2019-11-19 09:31:40.700,3901.0000,12367,0,94695660.000,0,-,-,-,-,3899.0000,3898.8000,3898.6000,3896.8000,3896.6000,3900.6000,3900.8000,3901.0000,3901.2000,3901.4000,3,2,5,1,1,1,1,2,1,4
SF,IF2003,2019-11-19 09:31:41.200,3901.0000,12367,0,94695660.000,0,-,-,-,-,3900.0000,3899.8000,3899.2000,3899.0000,3898.8000,3901.2000,3901.4000,3901.6000,3901.8000,3902.0000,2,4,3,11,2,1,4,1,2,2
SF,IF2003,2019-11-19 09:31:41.700,3901.0000,12367,0,94695660.000,0,-,-,-,-,3899.2000,3899.0000,3898.8000,3898.6000,3896.8000,3901.2000,3901.4000,3901.6000,3901.8000,3902.0000,1,5,2,5,1,1,4,1,2,2
SF,IF2003,2019-11-19 09:31:42.200,3901.0000,12367,0,94695660.000,0,-,-,-,-,3899.4000,3899.2000,3899.0000,3898.8000,3898.6000,3901.2000,3901.4000,3901.6000,3901.8000,3902.0000,4,1,5,2,5,1,4,1,2,2
SF,IF2003,2019-11-19 09:31:42.700,3901.0000,12367,0,94695660.000,0,-,-,-,-,3899.4000,3899.2000,3899.0000,3898.8000,3898.6000,3901.2000,3901.4000,3901.6000,3901.8000,3902.0000,4,3,5,2,5,1,4,1,2,2
SF,IF2003,2019-11-19 09:31:43.200,3901.0000,12367,0,94695660.000,0,-,-,-,-,3899.4000,3899.2000,3899.0000,3898.8000,3898.6000,3901.0000,3901.2000,3901.4000,3901.6000,3901.8000,2,1,5,2,5,2,1,4,1,2
SF,IF2003,2019-11-19 09:31:43.700,3901.0000,12367,0,94695660.000,0,-,-,-,-,3899.4000,3899.2000,3899.0000,3898.8000,3898.6000,3901.0000,3901.2000,3901.4000,3901.6000,3901.8000,2,1,4,2,5,1,1,4,1,2
SF,IF2003,2019-11-19 09:31:44.200,3901.0000,12367,0,94695660.000,0,-,-,-,-,3900.2000,3899.8000,3899.6000,3899.4000,3899.2000,3901.2000,3901.4000,3901.6000,3901.8000,3902.0000,2,2,10,3,1,1,4,1,1,2
SF,IF2003,2019-11-19 09:31:44.700,3901.2000,12367,0,95866020.000,1,0,1,多换,S,3901.2000,3899.6000,3899.4000,3899.2000,3899.0000,3901.4000,3901.6000,3901.8000,3902.0000,3902.2000,4,1,1,1,3,4,1,1,2,1
SF,IF2003,2019-11-19 09:31:45.200,3901.2000,12366,-1,101717820.000,5,2,3,多平,S,3899.6000,3899.4000,3899.2000,3899.0000,3898.8000,3901.6000,3901.8000,3902.0000,3902.2000,3902.4000,1,1,1,3,2,1,1,2,1,1
SF,IF2003,2019-11-19 09:31:45.700,3901.2000,12366,0,101717820.000,0,-,-,-,-,3899.8000,3899.6000,3899.4000,3899.2000,3899.0000,3901.6000,3901.8000,3902.0000,3902.2000,3902.4000,6,1,1,1,3,1,1,2,1,1
SF,IF2003,2019-11-19 09:31:46.200,3901.2000,12366,0,101717820.000,0,-,-,-,-,3899.8000,3899.4000,3899.2000,3899.0000,3898.8000,3901.6000,3901.8000,3902.0000,3902.2000,3902.4000,8,1,1,3,2,1,1,2,1,1
SF,IF2003,2019-11-19 09:31:46.700,3901.2000,12366,0,101717820.000,0,-,-,-,-,3900.6000,3900.0000,3899.8000,3899.6000,3899.4000,3901.6000,3901.8000,3902.2000,3902.4000,3902.8000,2,1,6,1,1,1,1,1,1,1
SF,IF2003,2019-11-19 09:31:47.200,3901.2000,12366,0,101717820.000,0,-,-,-,-,3900.2000,3900.0000,3899.8000,3899.6000,3899.4000,3901.6000,3901.8000,3902.2000,3902.4000,3902.8000,2,6,5,1,1,1,1,1,1,1
SF,IF2003,2019-11-19 09:31:47.700,3901.2000,12366,0,101717820.000,0,-,-,-,-,3900.4000,3900.0000,3899.8000,3899.6000,3899.2000,3901.8000,3902.2000,3902.4000,3902.8000,3903.0000,2,5,4,1,1,1,1,1,1,1
SF,IF2003,2019-11-19 09:31:48.200,3901.8000,12365,-1,102888360.000,1,0,1,双平,S,3900.4000,3900.2000,3900.0000,3899.8000,3899.6000,3902.2000,3902.4000,3902.8000,3903.0000,3903.2000,2,2,5,4,1,1,1,1,1,1
SF,IF2003,2019-11-19 09:31:48.700,3901.8000,12365,0,102888360.000,0,-,-,-,-,3900.6000,3900.4000,3900.0000,3899.8000,3899.6000,3902.2000,3902.4000,3902.8000,3903.0000,3903.2000,3,2,5,3,1,1,1,1,1,1
SF,IF2003,2019-11-19 09:31:49.200,3901.8000,12365,0,102888360.000,0,-,-,-,-,3900.8000,3900.6000,3900.4000,3900.0000,3899.8000,3902.0000,3902.2000,3902.4000,3902.8000,3903.0000,1,2,3,5,3,4,1,1,1,1
SF,IF2003,2019-11-19 09:31:49.700,3901.8000,12365,0,102888360.000,0,-,-,-,-,3900.6000,3900.4000,3900.0000,3899.8000,3899.6000,3902.0000,3902.2000,3902.4000,3902.8000,3903.0000,1,1,5,3,1,4,1,1,1,1
SF,IF2003,2019-11-19 09:31:50.200,3901.8000,12365,0,102888360.000,0,-,-,-,-,3900.8000,3900.6000,3900.4000,3899.8000,3899.6000,3902.2000,3902.4000,3902.8000,3903.0000,3903.2000,1,1,1,3,1,1,1,1,1,1
SF,IF2003,2019-11-19 09:31:50.700,3901.8000,12365,0,102888360.000,0,-,-,-,-,3900.6000,3899.8000,3899.6000,3899.0000,3898.8000,3901.8000,3902.0000,3902.2000,3902.4000,3902.8000,1,3,1,2,2,4,1,2,1,1
SF,IF2003,2019-11-19 09:31:51.200,3901.8000,12365,0,102888360.000,0,-,-,-,-,3899.8000,3899.6000,3899.0000,3898.8000,3898.6000,3901.6000,3901.8000,3902.2000,3902.4000,3902.8000,3,1,2,2,5,1,4,2,1,1
SF,IF2003,2019-11-19 09:31:51.700,3901.8000,12365,0,102888360.000,0,-,-,-,-,3900.6000,3900.2000,3900.0000,3899.8000,3899.6000,3901.6000,3901.8000,3902.2000,3902.4000,3902.8000,2,1,10,3,1,1,4,2,1,1
SF,IF2003,2019-11-19 09:31:52.200,3900.6000,12363,-2,105228720.000,2,0,2,双平,S,3899.6000,3899.0000,3898.8000,3898.6000,3896.8000,3901.4000,3901.6000,3901.8000,3902.2000,3902.4000,1,2,2,5,1,3,1,4,2,1
SF,IF2003,2019-11-19 09:31:52.700,3900.6000,12363,0,105228720.000,0,-,-,-,-,3899.0000,3898.8000,3898.6000,3896.8000,3896.6000,3901.2000,3901.4000,3901.6000,3901.8000,3902.2000,2,2,5,1,1,1,5,1,4,1
SF,IF2003,2019-11-19 09:31:53.200,3901.2000,12363,0,106399080.000,1,0,1,多换,S,3899.2000,3899.0000,3898.8000,3898.6000,3896.8000,3901.4000,3901.6000,3901.8000,3902.2000,3902.4000,11,3,2,5,1,1,2,4,1,1
SF,IF2003,2019-11-19 09:31:53.700,3901.2000,12363,0,106399080.000,0,-,-,-,-,3899.4000,3899.2000,3899.0000,3898.8000,3898.6000,3901.2000,3901.4000,3901.6000,3901.8000,3902.2000,1,7,3,2,5,3,1,2,4,1
SF,IF2003,2019-11-19 09:31:54.200,3901.2000,12363,0,106399080.000,0,-,-,-,-,3900.2000,3899.6000,3899.4000,3899.2000,3899.0000,3901.2000,3901.4000,3901.6000,3901.8000,3902.2000,4,9,4,2,3,1,1,2,4,1
SF,IF2003,2019-11-19 09:31:54.700,3901.2000,12363,0,106399080.000,0,-,-,-,-,3899.8000,3899.6000,3899.4000,3899.2000,3899.0000,3901.4000,3901.6000,3901.8000,3902.2000,3902.4000,2,9,3,2,3,1,2,4,1,1
SF,IF2003,2019-11-19 09:31:55.200,3901.2000,12363,0,106399080.000,0,-,-,-,-,3899.8000,3899.6000,3899.4000,3899.2000,3899.0000,3901.2000,3901.4000,3901.6000,3901.8000,3902.2000,2,9,3,2,3,1,1,2,4,1
SF,IF2003,2019-11-19 09:31:55.700,3901.2000,12363,0,106399080.000,0,-,-,-,-,3900.0000,3899.6000,3899.4000,3899.2000,3899.0000,3901.2000,3901.4000,3901.6000,3901.8000,3902.2000,1,3,3,2,3,1,1,2,4,1
SF,IF2003,2019-11-19 09:31:56.200,3901.2000,12363,0,106399080.000,0,-,-,-,-,3899.6000,3899.2000,3899.0000,3898.8000,3898.6000,3901.2000,3901.4000,3901.6000,3901.8000,3902.2000,3,2,3,2,5,1,1,2,4,1
SF,IF2003,2019-11-19 09:31:56.700,3901.2000,12363,0,106399080.000,0,-,-,-,-,3899.8000,3899.6000,3899.2000,3899.0000,3898.8000,3901.2000,3901.4000,3901.6000,3901.8000,3902.2000,1,3,2,3,2,1,1,2,4,1
SF,IF2003,2019-11-19 09:31:57.200,3901.2000,12363,0,106399080.000,0,-,-,-,-,3899.6000,3899.2000,3899.0000,3898.8000,3898.6000,3901.0000,3901.2000,3901.4000,3901.6000,3901.8000,3,2,3,2,5,1,1,1,1,4
SF,IF2003,2019-11-19 09:31:57.700,3901.2000,12363,0,106399080.000,0,-,-,-,-,3899.6000,3899.2000,3899.0000,3898.8000,3898.6000,3900.8000,3901.0000,3901.4000,3901.6000,3901.8000,1,1,2,2,5,1,4,1,1,4
SF,IF2003,2019-11-19 09:31:58.200,3901.2000,12363,0,106399080.000,0,-,-,-,-,3899.2000,3899.0000,3898.8000,3898.6000,3896.6000,3900.8000,3901.0000,3901.4000,3901.6000,3901.8000,1,2,2,5,1,1,5,1,1,4
SF,IF2003,2019-11-19 09:31:58.700,3901.2000,12363,0,106399080.000,0,-,-,-,-,3899.4000,3899.2000,3898.8000,3898.6000,3896.6000,3900.8000,3901.0000,3901.4000,3901.6000,3901.8000,1,1,2,5,1,1,5,1,1,4
SF,IF2003,2019-11-19 09:31:59.200,3901.2000,12363,0,106399080.000,0,-,-,-,-,3898.8000,3898.6000,3896.6000,3896.2000,3896.0000,3900.8000,3901.0000,3901.4000,3901.6000,3901.8000,2,5,1,1,1,1,5,1,1,4
SF,IF2003,2019-11-19 09:31:59.700,3901.2000,12363,0,106399080.000,0,-,-,-,-,3899.0000,3898.8000,3898.6000,3896.6000,3896.2000,3900.6000,3900.8000,3901.0000,3901.4000,3901.6000,3,2,5,1,1,1,1,5,1,1
SF,IF2003,2019-11-19 09:32:00.200,3901.2000,12363,0,106399080.000,0,-,-,-,-,3899.0000,3898.8000,3898.6000,3898.0000,3896.6000,3900.4000,3900.6000,3901.0000,3901.4000,3901.6000,3,1,5,1,1,1,2,5,1,1
SF,IF2003,2019-11-19 09:32:00.700,3900.8000,12362,-1,107569320.000,1,0,1,双平,S,3899.0000,3898.8000,3898.6000,3898.0000,3896.6000,3900.4000,3900.8000,3901.0000,3901.4000,3901.6000,3,1,5,1,1,3,1,5,1,1
SF,IF2003,2019-11-19 09:32:01.200,3900.8000,12362,0,107569320.000,0,-,-,-,-,3899.0000,3898.8000,3898.6000,3898.0000,3896.6000,3900.2000,3900.4000,3900.8000,3901.0000,3901.4000,3,1,5,1,1,1,3,1,5,1
SF,IF2003,2019-11-19 09:32:01.700,3900.8000,12362,0,107569320.000,0,-,-,-,-,3899.2000,3899.0000,3898.8000,3898.6000,3898.0000,3900.4000,3900.8000,3901.0000,3901.4000,3901.6000,2,2,1,5,1,3,1,5,1,1
SF,IF2003,2019-11-19 09:32:02.200,3900.8000,12362,0,107569320.000,0,-,-,-,-,3898.8000,3898.6000,3898.0000,3896.6000,3896.2000,3900.2000,3900.4000,3900.8000,3901.0000,3901.4000,1,5,1,1,1,2,3,1,5,1
SF,IF2003,2019-11-19 09:32:02.700,3900.8000,12362,0,107569320.000,0,-,-,-,-,3899.0000,3898.8000,3898.6000,3898.0000,3896.6000,3900.2000,3900.4000,3900.8000,3901.0000,3901.4000,1,1,5,1,1,5,3,1,2,1
SF,IF2003,2019-11-19 09:32:03.200,3900.8000,12362,0,107569320.000,0,-,-,-,-,3899.2000,3899.0000,3898.8000,3898.6000,3898.0000,3900.8000,3901.0000,3901.4000,3901.6000,3902.2000,3,5,1,5,1,1,2,1,1,1
SF,IF2003,2019-11-19 09:32:03.700,3900.8000,12362,0,107569320.000,0,-,-,-,-,3898.8000,3898.6000,3898.0000,3896.6000,3896.2000,3900.0000,3900.4000,3900.6000,3900.8000,3901.0000,1,5,1,1,1,4,3,5,2,2
SF,IF2003,2019-11-19 09:32:04.200,3900.8000,12362,0,107569320.000,0,-,-,-,-,3899.0000,3898.8000,3898.6000,3898.0000,3896.6000,3900.4000,3900.8000,3901.0000,3901.4000,3901.6000,6,1,5,1,1,3,2,2,1,1
SF,IF2003,2019-11-19 09:32:05.200,3900.8000,12362,0,107569320.000,0,-,-,-,-,3899.0000,3898.8000,3898.6000,3898.0000,3896.6000,3900.4000,3900.8000,3901.0000,3901.4000,3901.6000,6,1,5,1,1,3,2,2,1,1
SF,IF2003,2019-11-19 09:32:06.700,3900.8000,12362,0,107569320.000,0,-,-,-,-,3899.0000,3898.8000,3898.6000,3898.0000,3896.6000,3900.2000,3900.4000,3900.8000,3901.0000,3901.4000,1,1,5,1,1,4,3,1,2,1
SF,IF2003,2019-11-19 09:32:07.200,3900.8000,12362,0,107569320.000,0,-,-,-,-,3899.0000,3898.8000,3898.6000,3898.0000,3896.6000,3900.0000,3900.2000,3900.4000,3900.8000,3901.0000,1,1,5,1,1,2,3,3,1,2
SF,IF2003,2019-11-19 09:32:07.700,3900.8000,12362,0,107569320.000,0,-,-,-,-,3899.0000,3898.8000,3898.6000,3898.0000,3896.6000,3900.0000,3900.8000,3901.0000,3901.4000,3901.6000,1,1,5,1,1,2,1,2,1,1
SF,IF2003,2019-11-19 09:32:08.200,3900.8000,12362,0,107569320.000,0,-,-,-,-,3900.0000,3899.6000,3899.4000,3899.2000,3899.0000,3900.8000,3901.0000,3901.4000,3901.6000,3902.4000,2,4,2,7,1,1,2,1,1,1
SF,IF2003,2019-11-19 09:32:08.700,3900.8000,12362,0,107569320.000,0,-,-,-,-,3898.8000,3898.6000,3898.0000,3896.6000,3896.2000,3900.2000,3900.6000,3900.8000,3901.0000,3901.4000,1,5,1,1,1,2,7,1,3,1
SF,IF2003,2019-11-19 09:32:09.200,3900.2000,12361,-1,108739380.000,1,0,1,双平,S,3899.4000,3899.2000,3899.0000,3898.8000,3898.6000,3901.0000,3901.4000,3901.6000,3902.4000,3903.0000,5,2,10,2,5,1,1,1,1,1
SF,IF2003,2019-11-19 09:32:09.700,3900.2000,12361,0,108739380.000,0,-,-,-,-,3899.2000,3898.8000,3898.6000,3898.0000,3896.6000,3900.4000,3900.8000,3901.0000,3901.4000,3901.6000,1,3,5,1,1,3,7,1,1,1
SF,IF2003,2019-11-19 09:32:10.200,3900.2000,12361,0,108739380.000,0,-,-,-,-,3899.4000,3898.8000,3898.6000,3898.0000,3896.6000,3900.8000,3901.0000,3901.4000,3901.6000,3902.4000,5,3,5,1,1,1,1,1,1,1
SF,IF2003,2019-11-19 09:32:10.700,3900.2000,12361,0,108739380.000,0,-,-,-,-,3899.4000,3898.8000,3898.6000,3898.0000,3896.6000,3900.8000,3901.0000,3901.4000,3901.6000,3902.4000,5,1,5,1,1,1,1,1,1,1
SF,IF2003,2019-11-19 09:32:11.200,3900.2000,12361,0,108739380.000,0,-,-,-,-,3899.6000,3899.4000,3898.8000,3898.6000,3898.0000,3900.8000,3901.0000,3901.4000,3901.6000,3902.4000,1,5,1,5,1,1,1,1,1,1
SF,IF2003,2019-11-19 09:32:11.700,3900.2000,12361,0,108739380.000,0,-,-,-,-,3899.4000,3898.8000,3898.6000,3898.0000,3896.6000,3900.6000,3900.8000,3901.0000,3901.4000,3901.6000,2,1,5,1,1,2,1,1,1,1
SF,IF2003,2019-11-19 09:32:12.200,3900.2000,12361,0,108739380.000,0,-,-,-,-,3899.4000,3898.8000,3898.6000,3898.0000,3896.6000,3900.8000,3901.0000,3901.4000,3901.6000,3902.4000,2,1,5,1,1,1,1,1,1,1
SF,IF2003,2019-11-19 09:32:12.700,3900.2000,12361,0,108739380.000,0,-,-,-,-,3899.4000,3898.8000,3898.6000,3898.0000,3896.6000,3900.4000,3900.6000,3900.8000,3901.0000,3901.4000,2,1,5,1,1,5,2,1,1,1
SF,IF2003,2019-11-19 09:32:13.200,3900.2000,12361,0,108739380.000,0,-,-,-,-,3899.4000,3898.8000,3898.6000,3898.0000,3896.6000,3900.4000,3900.8000,3901.0000,3901.4000,3901.6000,2,1,5,1,1,2,1,1,1,1
SF,IF2003,2019-11-19 09:32:14.200,3900.2000,12361,0,108739380.000,0,-,-,-,-,3899.4000,3898.8000,3898.6000,3898.0000,3896.6000,3900.2000,3900.4000,3900.8000,3901.0000,3901.4000,2,1,5,1,1,1,2,1,1,1
SF,IF2003,2019-11-19 09:32:14.700,3900.2000,12361,0,108739380.000,0,-,-,-,-,3899.4000,3898.8000,3898.6000,3898.0000,3896.6000,3900.0000,3900.2000,3900.8000,3901.0000,3901.4000,2,1,5,1,1,1,1,1,1,1
SF,IF2003,2019-11-19 09:32:16.200,3900.2000,12358,-3,112249440.000,3,0,3,双平,S,3900.0000,3899.4000,3898.8000,3898.6000,3898.0000,3900.8000,3901.0000,3901.4000,3901.6000,3902.4000,1,2,1,5,1,1,1,1,1,1
SF,IF2003,2019-11-19 09:32:16.700,3900.2000,12358,0,112249440.000,0,-,-,-,-,3900.0000,3899.4000,3898.8000,3898.6000,3898.0000,3900.6000,3900.8000,3901.0000,3901.4000,3901.6000,1,2,2,5,1,1,1,1,1,1
SF,IF2003,2019-11-19 09:32:17.200,3900.2000,12358,0,112249440.000,0,-,-,-,-,3900.2000,3900.0000,3899.4000,3898.8000,3898.6000,3900.6000,3900.8000,3901.0000,3901.4000,3901.6000,1,1,2,2,5,1,1,1,1,1
SF,IF2003,2019-11-19 09:32:17.700,3900.6000,12358,0,113419620.000,1,0,1,多换,S,3900.2000,3900.0000,3899.4000,3898.8000,3898.6000,3900.8000,3901.0000,3901.4000,3901.6000,3902.4000,1,1,2,2,5,1,1,1,1,1
SF,IF2003,2019-11-19 09:32:18.200,3900.6000,12358,0,113419620.000,0,-,-,-,-,3900.2000,3900.0000,3899.4000,3898.8000,3898.6000,3901.0000,3901.4000,3901.6000,3902.4000,3903.0000,1,1,2,2,5,1,1,1,1,1
SF,IF2003,2019-11-19 09:32:18.700,3900.2000,12357,-1,114589680.000,1,0,1,双平,S,3900.0000,3899.4000,3898.8000,3898.6000,3898.0000,3901.0000,3901.4000,3901.6000,3902.4000,3903.0000,1,2,2,5,1,1,1,1,1,1
SF,IF2003,2019-11-19 09:32:19.200,3900.2000,12357,0,114589680.000,0,-,-,-,-,3900.0000,3899.4000,3898.8000,3898.6000,3898.0000,3900.8000,3901.0000,3901.4000,3901.6000,3902.4000,1,2,2,5,1,1,1,1,1,1
SF,IF2003,2019-11-19 09:32:19.700,3900.0000,12349,-8,123950100.000,8,0,8,双平,S,3899.0000,3898.8000,3898.6000,3898.0000,3896.6000,3900.0000,3900.8000,3901.4000,3901.6000,3902.4000,1,2,5,1,1,2,1,1,2,1
SF,IF2003,2019-11-19 09:32:20.200,3900.2000,12345,-4,128630160.000,4,0,4,双平,S,3900.2000,3900.0000,3899.8000,3899.6000,3899.4000,3901.4000,3901.6000,3902.4000,3903.0000,3903.4000,3,7,5,4,3,1,1,1,1,1
SF,IF2003,2019-11-19 09:32:20.700,3900.2000,12345,0,128630160.000,0,-,-,-,-,3899.6000,3899.2000,3898.8000,3898.6000,3898.4000,3901.2000,3901.4000,3901.6000,3902.4000,3903.0000,3,5,3,6,2,3,1,1,1,1
SF,IF2003,2019-11-19 09:32:21.200,3900.2000,12345,0,128630160.000,0,-,-,-,-,3899.8000,3899.6000,3899.2000,3898.8000,3898.6000,3901.2000,3901.4000,3901.6000,3902.4000,3903.0000,3,3,5,3,6,1,1,1,1,1
SF,IF2003,2019-11-19 09:32:21.700,3900.2000,12345,0,128630160.000,0,-,-,-,-,3900.0000,3899.8000,3899.6000,3899.2000,3898.8000,3901.4000,3901.6000,3902.4000,3903.0000,3903.4000,2,6,1,5,3,1,1,1,1,1
SF,IF2003,2019-11-19 09:32:22.200,3900.2000,12345,0,128630160.000,0,-,-,-,-,3900.0000,3899.8000,3899.2000,3898.8000,3898.6000,3901.2000,3901.4000,3901.6000,3902.4000,3903.0000,1,2,5,2,6,1,1,1,1,1
SF,IF2003,2019-11-19 09:32:22.700,3900.2000,12345,0,128630160.000,0,-,-,-,-,3900.6000,3900.2000,3900.0000,3899.6000,3899.2000,3901.2000,3901.4000,3901.6000,3902.4000,3903.0000,1,1,3,1,5,1,1,1,1,1
SF,IF2003,2019-11-19 09:32:23.200,3900.2000,12345,0,128630160.000,0,-,-,-,-,3900.8000,3900.2000,3900.0000,3899.6000,3899.2000,3901.2000,3901.4000,3901.6000,3902.4000,3903.0000,1,2,2,1,5,1,1,1,1,1
SF,IF2003,2019-11-19 09:32:23.700,3900.8000,12344,-1,129800400.000,1,0,1,双平,S,3899.6000,3899.2000,3898.8000,3898.6000,3898.4000,3900.0000,3900.8000,3901.2000,3901.4000,3901.6000,1,5,2,6,2,1,1,1,1,1
SF,IF2003,2019-11-19 09:32:24.200,3900.0000,12344,0,130970400.000,1,0,1,多换,S,3900.6000,3900.2000,3900.0000,3899.8000,3899.6000,3902.4000,3903.0000,3903.4000,3903.8000,3904.0000,1,4,8,14,1,1,1,1,2,1
SF,IF2003,2019-11-19 09:32:24.700,3900.0000,12344,0,130970400.000,0,-,-,-,-,3900.8000,3900.0000,3899.8000,3899.6000,3899.2000,3901.2000,3901.4000,3901.6000,3901.8000,3902.0000,1,2,2,1,5,2,3,5,1,3
SF,IF2003,2019-11-19 09:32:25.200,3900.8000,12343,-1,132140640.000,1,0,1,双平,S,3900.0000,3899.8000,3899.6000,3899.2000,3898.8000,3901.0000,3901.6000,3902.0000,3902.2000,3902.4000,2,2,1,5,2,1,2,2,10,1
SF,IF2003,2019-11-19 09:32:25.700,3900.8000,12343,0,132140640.000,0,-,-,-,-,3900.0000,3899.8000,3899.6000,3899.2000,3898.8000,3900.8000,3901.0000,3901.6000,3902.0000,3902.2000,2,2,1,5,2,4,1,2,2,10
SF,IF2003,2019-11-19 09:32:26.200,3900.0000,12342,-1,133310640.000,1,0,1,双平,S,3900.0000,3899.2000,3898.8000,3898.6000,3898.4000,3900.8000,3901.4000,3902.0000,3902.2000,3902.4000,1,5,2,6,2,7,1,2,10,1
SF,IF2003,2019-11-19 09:32:26.700,3900.0000,12342,0,133310640.000,0,-,-,-,-,3899.2000,3898.8000,3898.6000,3898.4000,3898.0000,3900.8000,3901.4000,3902.0000,3902.2000,3902.4000,5,2,6,2,1,4,1,2,10,1
SF,IF2003,2019-11-19 09:32:27.200,3900.0000,12342,0,133310640.000,0,-,-,-,-,3900.4000,3900.0000,3899.6000,3899.4000,3899.2000,3900.8000,3901.4000,3902.0000,3902.2000,3902.4000,1,3,5,10,5,1,1,2,5,1
SF,IF2003,2019-11-19 09:32:27.700,3900.0000,12342,0,133310640.000,0,-,-,-,-,3900.0000,3899.8000,3899.6000,3899.4000,3899.2000,3900.8000,3902.0000,3902.2000,3902.4000,3903.0000,2,5,6,5,5,1,2,5,1,1
SF,IF2003,2019-11-19 09:32:28.200,3900.0000,12342,0,133310640.000,0,-,-,-,-,3899.6000,3899.4000,3899.2000,3898.8000,3898.6000,3900.8000,3902.0000,3902.2000,3902.4000,3903.0000,6,5,5,2,6,1,2,5,1,1
SF,IF2003,2019-11-19 09:32:28.700,3900.0000,12342,0,133310640.000,0,-,-,-,-,3900.2000,3899.8000,3899.6000,3899.4000,3899.2000,3900.8000,3902.0000,3902.2000,3902.4000,3903.0000,1,4,1,3,5,1,2,5,1,1
SF,IF2003,2019-11-19 09:32:29.200,3900.0000,12342,0,133310640.000,0,-,-,-,-,3899.8000,3899.6000,3899.4000,3899.2000,3898.8000,3900.8000,3902.0000,3902.2000,3902.4000,3903.0000,2,3,3,5,2,1,2,5,1,1
SF,IF2003,2019-11-19 09:32:30.700,3900.0000,12342,0,133310640.000,0,-,-,-,-,3899.8000,3899.6000,3899.4000,3899.2000,3898.8000,3900.8000,3902.0000,3902.2000,3902.4000,3903.0000,2,1,3,5,2,1,2,5,1,1
SF,IF2003,2019-11-19 09:32:31.200,3900.8000,12341,-1,134480880.000,1,0,1,双平,S,3900.4000,3900.0000,3899.8000,3899.6000,3899.4000,3902.0000,3902.2000,3902.4000,3903.0000,3903.4000,1,2,4,1,3,2,5,1,1,1
SF,IF2003,2019-11-19 09:32:31.700,3899.8000,12341,0,136820760.000,2,1,1,多换,S,3899.6000,3899.4000,3899.2000,3898.8000,3898.6000,3899.8000,3901.6000,3901.8000,3902.0000,3902.2000,1,3,5,2,6,1,3,6,2,5
SF,IF2003,2019-11-19 09:32:32.200,3899.8000,12341,0,137990700.000,1,0,1,多换,S,3899.8000,3899.6000,3899.4000,3899.2000,3898.8000,3901.4000,3901.8000,3902.0000,3902.2000,3902.4000,8,3,3,5,2,2,7,2,5,1
SF,IF2003,2019-11-19 09:32:32.700,3899.8000,12341,0,137990700.000,0,-,-,-,-,3899.8000,3899.6000,3899.4000,3899.2000,3898.8000,3901.2000,3901.4000,3901.6000,3901.8000,3902.0000,2,1,3,5,2,8,2,1,7,2
SF,IF2003,2019-11-19 09:32:33.200,3899.8000,12341,0,137990700.000,0,-,-,-,-,3900.8000,3900.0000,3899.8000,3899.6000,3899.4000,3901.0000,3901.2000,3901.8000,3902.2000,3902.4000,1,3,2,1,1,1,2,2,4,1
SF,IF2003,2019-11-19 09:32:33.700,3900.8000,12340,-1,139160940.000,1,0,1,双平,S,3899.8000,3899.6000,3899.4000,3899.2000,3898.8000,3900.8000,3901.0000,3901.8000,3902.2000,3902.4000,2,1,1,5,2,1,1,2,4,1
SF,IF2003,2019-11-19 09:32:34.200,3900.8000,12340,0,139160940.000,0,-,-,-,-,3900.2000,3900.0000,3899.8000,3899.6000,3899.4000,3900.8000,3901.8000,3902.2000,3902.4000,3903.0000,3,1,2,1,1,1,2,4,1,1
SF,IF2003,2019-11-19 09:32:34.700,3900.8000,12340,0,139160940.000,0,-,-,-,-,3899.8000,3899.6000,3899.4000,3899.2000,3898.8000,3900.8000,3901.8000,3902.2000,3902.4000,3903.0000,3,1,1,5,2,1,2,4,1,1
SF,IF2003,2019-11-19 09:32:35.200,3900.8000,12340,0,139160940.000,0,-,-,-,-,3899.8000,3899.6000,3899.4000,3899.2000,3898.8000,3900.8000,3901.8000,3902.2000,3902.4000,3903.0000,3,1,1,5,2,1,2,4,1,1
SF,IF2003,2019-11-19 09:32:35.700,3900.8000,12340,0,139160940.000,0,-,-,-,-,3900.2000,3900.0000,3899.8000,3899.6000,3899.4000,3901.8000,3902.2000,3902.4000,3903.0000,3903.4000,3,2,2,1,1,2,4,1,1,1
SF,IF2003,2019-11-19 09:32:36.200,3900.8000,12340,0,139160940.000,0,-,-,-,-,3900.2000,3900.0000,3899.8000,3899.6000,3899.4000,3901.6000,3901.8000,3902.2000,3902.4000,3903.0000,1,8,2,1,1,3,1,4,1,1
SF,IF2003,2019-11-19 09:32:36.700,3900.8000,12340,0,139160940.000,0,-,-,-,-,3900.0000,3899.8000,3899.6000,3899.4000,3899.2000,3901.6000,3901.8000,3902.2000,3902.4000,3903.0000,3,2,1,1,5,5,1,4,1,1
SF,IF2003,2019-11-19 09:32:37.200,3900.8000,12340,0,139160940.000,0,-,-,-,-,3900.2000,3900.0000,3899.8000,3899.6000,3899.4000,3901.6000,3901.8000,3902.2000,3902.4000,3903.0000,4,3,2,1,1,3,1,4,1,1
SF,IF2003,2019-11-19 09:32:37.700,3900.8000,12340,0,139160940.000,0,-,-,-,-,3900.2000,3899.8000,3899.6000,3899.4000,3899.2000,3901.6000,3901.8000,3902.2000,3902.4000,3903.0000,4,2,1,1,5,3,1,4,1,1
SF,IF2003,2019-11-19 09:32:38.200,3900.8000,12340,0,139160940.000,0,-,-,-,-,3900.2000,3899.8000,3899.6000,3899.4000,3899.2000,3901.6000,3901.8000,3902.2000,3902.4000,3903.0000,3,2,1,1,5,3,1,4,1,1
SF,IF2003,2019-11-19 09:32:39.700,3900.8000,12340,0,139160940.000,0,-,-,-,-,3900.2000,3899.8000,3899.6000,3899.4000,3899.2000,3901.6000,3901.8000,3902.2000,3902.4000,3903.0000,4,2,1,1,5,2,1,4,1,1
SF,IF2003,2019-11-19 09:32:40.200,3900.8000,12340,0,139160940.000,0,-,-,-,-,3900.4000,3900.2000,3899.8000,3899.6000,3899.4000,3901.4000,3901.8000,3902.2000,3902.4000,3903.0000,2,3,2,1,1,1,1,1,1,1
SF,IF2003,2019-11-19 09:32:40.700,3900.8000,12340,0,139160940.000,0,-,-,-,-,3900.4000,3900.2000,3899.8000,3899.6000,3899.4000,3901.4000,3901.8000,3902.2000,3902.4000,3903.0000,2,3,2,1,1,1,1,1,1,1
SF,IF2003,2019-11-19 09:32:41.200,3900.8000,12340,0,139160940.000,0,-,-,-,-,3900.4000,3900.2000,3899.8000,3899.6000,3899.4000,3901.4000,3901.8000,3902.2000,3902.4000,3903.0000,1,2,2,1,1,1,1,1,1,1
SF,IF2003,2019-11-19 09:32:42.200,3900.8000,12340,0,139160940.000,0,-,-,-,-,3900.4000,3900.2000,3899.8000,3899.6000,3899.4000,3901.4000,3901.8000,3902.2000,3902.4000,3903.0000,1,2,1,1,1,1,1,1,1,1
SF,IF2003,2019-11-19 09:32:42.700,3900.8000,12340,0,139160940.000,0,-,-,-,-,3899.8000,3899.6000,3899.4000,3899.2000,3898.8000,3901.4000,3901.8000,3902.2000,3902.4000,3903.0000,1,1,1,4,2,1,1,1,1,1
SF,IF2003,2019-11-19 09:32:43.200,3900.8000,12340,0,139160940.000,0,-,-,-,-,3900.0000,3899.8000,3899.6000,3899.4000,3899.2000,3901.4000,3901.8000,3902.2000,3902.4000,3903.0000,2,1,1,1,4,1,1,1,1,1
SF,IF2003,2019-11-19 09:32:43.700,3900.8000,12340,0,139160940.000,0,-,-,-,-,3900.0000,3899.8000,3899.6000,3899.4000,3899.2000,3901.4000,3901.8000,3902.2000,3902.4000,3903.0000,4,1,1,1,4,1,1,1,1,1
SF,IF2003,2019-11-19 09:32:44.200,3900.8000,12340,0,139160940.000,0,-,-,-,-,3900.0000,3899.8000,3899.6000,3899.4000,3899.2000,3901.4000,3901.8000,3902.2000,3902.4000,3903.0000,4,1,1,1,4,1,1,1,1,1
SF,IF2003,2019-11-19 09:32:44.700,3900.8000,12340,0,139160940.000,0,-,-,-,-,3900.0000,3899.8000,3899.6000,3899.4000,3899.2000,3901.4000,3901.8000,3902.2000,3902.4000,3903.0000,3,1,1,1,4,1,1,1,1,1
SF,IF2003,2019-11-19 09:32:45.200,3900.8000,12340,0,139160940.000,0,-,-,-,-,3900.0000,3899.8000,3899.6000,3899.4000,3899.2000,3901.4000,3901.8000,3902.2000,3902.4000,3903.0000,4,1,1,1,4,1,1,1,1,1
SF,IF2003,2019-11-19 09:32:46.200,3900.8000,12340,0,139160940.000,0,-,-,-,-,3900.0000,3899.8000,3899.6000,3899.4000,3899.2000,3901.4000,3901.8000,3902.2000,3902.4000,3903.0000,3,1,1,1,4,1,1,1,1,1
SF,IF2003,2019-11-19 09:32:47.200,3900.8000,12340,0,139160940.000,0,-,-,-,-,3900.2000,3900.0000,3899.8000,3899.6000,3899.4000,3901.4000,3901.8000,3902.2000,3902.4000,3903.0000,2,3,1,1,1,1,1,1,1,1
SF,IF2003,2019-11-19 09:32:47.700,3900.8000,12340,0,139160940.000,0,-,-,-,-,3900.0000,3899.8000,3899.6000,3899.4000,3899.2000,3901.2000,3901.4000,3901.8000,3902.2000,3902.4000,1,1,1,1,4,3,1,1,1,1
SF,IF2003,2019-11-19 09:32:48.200,3900.8000,12340,0,139160940.000,0,-,-,-,-,3899.8000,3899.6000,3899.4000,3899.2000,3898.8000,3901.0000,3901.2000,3901.6000,3901.8000,3902.2000,1,1,1,4,2,6,5,1,1,1
SF,IF2003,2019-11-19 09:32:48.700,3900.8000,12340,0,139160940.000,0,-,-,-,-,3899.8000,3899.6000,3899.4000,3899.2000,3898.8000,3900.8000,3901.0000,3901.2000,3901.6000,3901.8000,1,1,1,4,2,2,1,4,1,1
SF,IF2003,2019-11-19 09:32:49.200,3900.8000,12340,0,139160940.000,0,-,-,-,-,3899.4000,3899.2000,3898.8000,3898.6000,3898.4000,3901.2000,3901.6000,3901.8000,3902.2000,3902.4000,1,4,2,6,2,4,1,1,1,1
SF,IF2003,2019-11-19 09:32:49.700,3900.8000,12340,0,139160940.000,0,-,-,-,-,3899.8000,3899.6000,3899.4000,3899.2000,3898.8000,3901.0000,3901.6000,3901.8000,3902.2000,3902.4000,1,11,1,4,2,1,1,1,1,1
SF,IF2003,2019-11-19 09:32:50.200,3900.8000,12340,0,139160940.000,0,-,-,-,-,3899.6000,3899.4000,3899.2000,3898.8000,3898.6000,3900.8000,3901.0000,3901.6000,3901.8000,3902.2000,4,1,4,2,6,2,1,1,1,1
SF,IF2003,2019-11-19 09:32:50.700,3900.8000,12340,0,139160940.000,0,-,-,-,-,3899.8000,3899.6000,3899.4000,3899.2000,3898.8000,3900.8000,3901.0000,3901.6000,3901.8000,3902.2000,1,4,1,4,2,2,1,1,1,1
SF,IF2003,2019-11-19 09:32:51.200,3900.8000,12340,0,139160940.000,0,-,-,-,-,3899.8000,3899.6000,3899.4000,3899.2000,3898.8000,3901.6000,3901.8000,3902.2000,3902.4000,3903.0000,2,5,1,4,2,1,1,1,1,1
SF,IF2003,2019-11-19 09:32:51.700,3900.8000,12340,0,139160940.000,0,-,-,-,-,3899.8000,3899.6000,3899.4000,3899.2000,3898.8000,3901.4000,3901.6000,3901.8000,3902.2000,3902.4000,2,5,1,4,2,5,1,2,1,1
SF,IF2003,2019-11-19 09:32:52.200,3899.6000,12335,-5,145010340.000,5,0,5,双平,S,3899.4000,3899.2000,3898.8000,3898.6000,3898.4000,3900.0000,3901.2000,3901.4000,3901.6000,3901.8000,1,1,2,6,2,1,5,5,1,2
SF,IF2003,2019-11-19 09:32:52.700,3900.0000,12334,-1,146180340.000,1,0,1,双平,S,3899.6000,3899.4000,3899.2000,3898.8000,3898.6000,3900.8000,3901.2000,3901.6000,3901.8000,3902.2000,4,1,1,2,6,1,3,1,2,1
SF,IF2003,2019-11-19 09:32:53.200,3900.0000,12334,0,146180340.000,0,-,-,-,-,3899.6000,3899.2000,3898.8000,3898.6000,3898.4000,3900.6000,3900.8000,3901.2000,3901.6000,3901.8000,1,1,2,6,2,3,1,3,1,2
SF,IF2003,2019-11-19 09:32:53.700,3900.0000,12334,0,146180340.000,0,-,-,-,-,3899.6000,3899.2000,3898.8000,3898.6000,3898.4000,3900.6000,3900.8000,3901.2000,3901.6000,3901.8000,1,1,2,6,2,3,1,3,1,2
SF,IF2003,2019-11-19 09:32:54.200,3900.0000,12334,0,146180340.000,0,-,-,-,-,3899.6000,3899.2000,3898.8000,3898.6000,3898.4000,3900.6000,3900.8000,3901.2000,3901.6000,3901.8000,1,1,2,6,2,3,1,3,1,2
SF,IF2003,2019-11-19 09:32:57.700,3900.0000,12334,0,146180340.000,0,-,-,-,-,3899.6000,3899.2000,3898.8000,3898.6000,3898.4000,3900.6000,3900.8000,3901.2000,3901.6000,3901.8000,1,1,2,6,2,3,1,3,1,1
SF,IF2003,2019-11-19 09:32:59.700,3900.0000,12334,0,146180340.000,0,-,-,-,-,3899.6000,3899.2000,3898.8000,3898.6000,3898.4000,3900.6000,3900.8000,3901.2000,3901.6000,3901.8000,1,1,2,6,2,3,1,3,1,1
SF,IF2003,2019-11-19 09:33:00.700,3900.0000,12334,0,146180340.000,0,-,-,-,-,3898.8000,3898.6000,3898.4000,3898.0000,3896.6000,3900.4000,3900.6000,3900.8000,3901.2000,3901.6000,2,6,2,1,1,10,3,1,3,1
SF,IF2003,2019-11-19 09:33:01.200,3900.0000,12334,0,146180340.000,0,-,-,-,-,3899.0000,3898.8000,3898.6000,3898.4000,3898.0000,3900.2000,3900.4000,3900.8000,3901.2000,3901.6000,2,2,6,2,1,2,7,1,3,1
SF,IF2003,2019-11-19 09:33:01.700,3900.0000,12334,0,146180340.000,0,-,-,-,-,3899.2000,3899.0000,3898.8000,3898.6000,3898.4000,3900.2000,3900.8000,3901.2000,3901.6000,3901.8000,2,6,2,6,2,1,1,3,1,1
SF,IF2003,2019-11-19 09:33:02.200,3900.2000,12333,-1,147350400.000,1,0,1,双平,S,3899.2000,3899.0000,3898.8000,3898.6000,3898.4000,3900.6000,3900.8000,3901.2000,3901.6000,3901.8000,2,1,3,6,2,1,1,3,1,1
SF,IF2003,2019-11-19 09:33:02.700,3900.2000,12333,0,147350400.000,0,-,-,-,-,3899.4000,3899.2000,3899.0000,3898.8000,3898.6000,3900.8000,3901.2000,3901.6000,3901.8000,3902.2000,1,2,1,2,6,1,3,1,1,1
SF,IF2003,2019-11-19 09:33:03.200,3900.2000,12333,0,147350400.000,0,-,-,-,-,3899.4000,3899.2000,3899.0000,3898.8000,3898.6000,3900.8000,3901.2000,3901.6000,3901.8000,3902.2000,7,3,1,2,6,1,3,1,1,1
SF,IF2003,2019-11-19 09:33:03.700,3900.2000,12333,0,147350400.000,0,-,-,-,-,3900.0000,3899.6000,3899.4000,3899.2000,3899.0000,3900.8000,3901.2000,3901.6000,3901.8000,3902.2000,2,5,7,3,1,1,3,1,1,1
SF,IF2003,2019-11-19 09:33:04.200,3900.2000,12333,0,147350400.000,0,-,-,-,-,3899.4000,3899.2000,3899.0000,3898.8000,3898.6000,3900.0000,3900.8000,3901.2000,3901.6000,3901.8000,6,1,1,2,6,1,1,3,1,1
SF,IF2003,2019-11-19 09:33:04.700,3900.0000,12332,-1,148520400.000,1,0,1,双平,S,3900.2000,3900.0000,3899.8000,3899.6000,3899.4000,3900.8000,3901.2000,3901.6000,3901.8000,3902.2000,1,2,2,3,6,1,3,1,1,1
SF,IF2003,2019-11-19 09:33:05.200,3900.0000,12332,0,148520400.000,0,-,-,-,-,3900.0000,3899.6000,3899.4000,3899.2000,3899.0000,3900.8000,3901.2000,3901.6000,3901.8000,3902.2000,1,3,6,1,1,1,3,1,1,1
SF,IF2003,2019-11-19 09:33:05.700,3900.0000,12332,0,148520400.000,0,-,-,-,-,3900.0000,3899.6000,3899.4000,3899.2000,3899.0000,3900.8000,3901.2000,3901.6000,3901.8000,3902.2000,1,1,6,1,1,1,3,1,1,1
SF,IF2003,2019-11-19 09:33:07.200,3900.0000,12332,0,148520400.000,0,-,-,-,-,3900.0000,3899.6000,3899.4000,3899.2000,3899.0000,3900.8000,3901.2000,3901.6000,3901.8000,3902.2000,1,1,6,1,1,1,3,1,1,1
SF,IF2003,2019-11-19 09:33:07.700,3900.0000,12332,0,149690400.000,1,0,1,多换,S,3899.4000,3899.2000,3899.0000,3898.8000,3898.6000,3900.6000,3900.8000,3901.2000,3901.6000,3901.8000,6,1,1,2,6,1,1,3,1,1
SF,IF2003,2019-11-19 09:33:08.200,3900.0000,12332,0,149690400.000,0,-,-,-,-,3899.4000,3899.0000,3898.8000,3898.6000,3898.4000,3900.0000,3900.4000,3900.6000,3900.8000,3901.2000,1,1,2,6,2,3,2,1,1,3
SF,IF2003,2019-11-19 09:33:08.700,3899.4000,12331,-1,150860220.000,1,0,1,双平,S,3899.0000,3898.8000,3898.6000,3898.4000,3898.0000,3899.4000,3900.4000,3900.8000,3901.2000,3901.6000,1,2,6,2,1,1,3,1,3,1
SF,IF2003,2019-11-19 09:33:09.200,3899.4000,12330,-1,152030040.000,1,0,1,双平,S,3899.4000,3899.2000,3899.0000,3898.8000,3898.6000,3900.4000,3900.8000,3901.2000,3901.6000,3901.8000,2,3,1,2,6,1,1,3,1,1
SF,IF2003,2019-11-19 09:33:09.700,3899.4000,12330,0,152030040.000,0,-,-,-,-,3899.2000,3899.0000,3898.8000,3898.6000,3898.4000,3900.2000,3900.8000,3901.2000,3901.6000,3901.8000,2,1,2,6,2,1,1,3,1,1
SF,IF2003,2019-11-19 09:33:10.200,3899.4000,12330,0,152030040.000,0,-,-,-,-,3899.0000,3898.8000,3898.6000,3898.0000,3896.6000,3900.0000,3900.2000,3900.8000,3901.2000,3901.6000,1,2,6,1,1,1,2,1,3,1
SF,IF2003,2019-11-19 09:33:10.700,3899.4000,12330,0,152030040.000,0,-,-,-,-,3899.2000,3898.8000,3898.6000,3898.0000,3896.6000,3900.2000,3900.8000,3901.2000,3901.6000,3901.8000,1,1,5,1,1,2,1,3,1,1
SF,IF2003,2019-11-19 09:33:11.200,3899.4000,12330,0,152030040.000,0,-,-,-,-,3899.2000,3899.0000,3898.8000,3898.6000,3898.0000,3900.2000,3900.8000,3901.2000,3901.6000,3901.8000,1,2,1,5,1,1,1,3,1,1
SF,IF2003,2019-11-19 09:33:11.700,3899.4000,12330,0,152030040.000,0,-,-,-,-,3899.2000,3898.8000,3898.6000,3898.0000,3896.6000,3900.2000,3900.8000,3901.2000,3901.6000,3901.8000,1,1,5,1,1,1,1,3,1,1
SF,IF2003,2019-11-19 09:33:13.700,3899.4000,12330,0,152030040.000,0,-,-,-,-,3899.2000,3898.8000,3898.6000,3898.0000,3896.6000,3900.0000,3900.2000,3900.4000,3900.6000,3900.8000,1,1,5,1,1,10,1,1,1,1
SF,IF2003,2019-11-19 09:33:14.200,3898.8000,12330,0,153199680.000,1,0,1,多换,S,3898.6000,3898.0000,3896.6000,3896.2000,3896.0000,3898.8000,3899.0000,3899.8000,3900.0000,3900.4000,5,1,1,1,1,1,1,1,10,1
SF,IF2003,2019-11-19 09:33:14.700,3898.6000,12325,-5,159047580.000,5,0,5,双平,S,3898.0000,3896.6000,3896.2000,3896.0000,3895.0000,3899.0000,3900.0000,3900.4000,3900.6000,3900.8000,1,1,1,1,2,1,7,1,1,1
SF,IF2003,2019-11-19 09:33:15.200,3898.6000,12325,0,159047580.000,0,-,-,-,-,3898.4000,3898.2000,3898.0000,3897.8000,3896.6000,3899.0000,3900.0000,3900.4000,3900.6000,3900.8000,2,1,1,1,1,1,3,1,1,1
SF,IF2003,2019-11-19 09:33:15.700,3898.6000,12325,0,159047580.000,0,-,-,-,-,3898.6000,3898.2000,3898.0000,3897.8000,3896.6000,3900.0000,3900.8000,3901.2000,3901.6000,3901.8000,2,1,3,1,1,3,1,3,1,1
SF,IF2003,2019-11-19 09:33:16.200,3898.6000,12325,0,159047580.000,0,-,-,-,-,3898.2000,3898.0000,3897.8000,3896.6000,3896.2000,3899.6000,3899.8000,3900.0000,3900.6000,3900.8000,1,1,1,1,1,1,2,3,1,1
SF,IF2003,2019-11-19 09:33:16.700,3898.6000,12325,0,159047580.000,0,-,-,-,-,3899.0000,3898.6000,3898.4000,3898.2000,3898.0000,3900.0000,3900.6000,3900.8000,3901.2000,3901.6000,2,2,2,1,1,3,1,1,3,1
SF,IF2003,2019-11-19 09:33:17.200,3898.6000,12325,0,159047580.000,0,-,-,-,-,3898.6000,3898.2000,3898.0000,3897.8000,3896.6000,3899.8000,3900.0000,3900.6000,3900.8000,3901.2000,2,1,1,1,1,2,3,1,1,3
SF,IF2003,2019-11-19 09:33:17.700,3898.6000,12325,0,159047580.000,0,-,-,-,-,3898.8000,3898.2000,3898.0000,3896.6000,3896.2000,3899.8000,3900.6000,3900.8000,3901.2000,3901.6000,3,1,1,1,1,1,1,1,3,1
SF,IF2003,2019-11-19 09:33:18.200,3898.6000,12325,0,159047580.000,0,-,-,-,-,3899.2000,3898.8000,3898.2000,3898.0000,3896.6000,3900.8000,3901.2000,3901.6000,3901.8000,3902.2000,2,5,1,1,1,1,3,1,1,1
SF,IF2003,2019-11-19 09:33:18.700,3898.6000,12325,0,159047580.000,0,-,-,-,-,3898.2000,3898.0000,3896.6000,3896.2000,3896.0000,3900.6000,3900.8000,3901.0000,3901.2000,3901.6000,1,1,1,1,1,11,1,1,3,1
SF,IF2003,2019-11-19 09:33:19.200,3898.6000,12325,0,159047580.000,0,-,-,-,-,3898.6000,3898.4000,3898.2000,3898.0000,3896.6000,3900.4000,3900.6000,3900.8000,3901.0000,3901.2000,5,2,2,1,1,1,13,2,1,3
SF,IF2003,2019-11-19 09:33:19.700,3898.6000,12325,0,159047580.000,0,-,-,-,-,3898.8000,3898.6000,3898.2000,3898.0000,3896.6000,3900.2000,3900.4000,3900.6000,3900.8000,3901.0000,1,7,2,1,1,5,1,11,2,1
SF,IF2003,2019-11-19 09:33:20.200,3898.6000,12325,0,159047580.000,0,-,-,-,-,3898.8000,3898.6000,3898.2000,3898.0000,3896.6000,3900.0000,3900.2000,3900.6000,3900.8000,3901.0000,1,7,1,1,1,1,3,8,1,1
SF,IF2003,2019-11-19 09:33:20.700,3898.6000,12325,0,159047580.000,0,-,-,-,-,3899.0000,3898.8000,3898.6000,3898.2000,3898.0000,3900.0000,3900.2000,3900.6000,3900.8000,3901.0000,2,1,5,1,1,1,3,7,1,1
SF,IF2003,2019-11-19 09:33:21.200,3898.6000,12325,0,159047580.000,0,-,-,-,-,3898.2000,3898.0000,3896.6000,3896.2000,3896.0000,3900.0000,3900.2000,3900.6000,3900.8000,3901.0000,1,1,1,1,1,1,3,7,1,1
SF,IF2003,2019-11-19 09:33:21.700,3898.6000,12325,0,159047580.000,0,-,-,-,-,3899.4000,3899.2000,3899.0000,3898.8000,3898.6000,3899.8000,3900.6000,3900.8000,3901.0000,3901.6000,2,9,1,2,2,1,3,1,1,1
SF,IF2003,2019-11-19 09:33:22.200,3898.6000,12325,0,159047580.000,0,-,-,-,-,3898.6000,3898.4000,3898.0000,3896.6000,3896.2000,3900.6000,3900.8000,3901.0000,3901.6000,3901.8000,1,1,1,1,1,3,1,1,1,1
SF,IF2003,2019-11-19 09:33:22.700,3898.6000,12325,0,159047580.000,0,-,-,-,-,3899.2000,3898.8000,3898.6000,3898.4000,3898.0000,3900.4000,3900.6000,3900.8000,3901.0000,3901.6000,5,6,1,1,1,3,3,1,1,1
SF,IF2003,2019-11-19 09:33:23.200,3898.6000,12325,0,159047580.000,0,-,-,-,-,3899.2000,3898.8000,3898.6000,3898.4000,3898.0000,3900.4000,3900.6000,3900.8000,3901.0000,3901.6000,7,4,1,1,1,1,3,1,1,1
SF,IF2003,2019-11-19 09:33:23.700,3898.6000,12325,0,159047580.000,0,-,-,-,-,3899.4000,3899.2000,3898.8000,3898.6000,3898.4000,3900.4000,3900.6000,3900.8000,3901.0000,3901.6000,3,7,2,1,1,1,3,1,1,1
SF,IF2003,2019-11-19 09:33:25.700,3898.6000,12325,0,159047580.000,0,-,-,-,-,3899.4000,3898.8000,3898.6000,3898.4000,3898.0000,3900.2000,3900.4000,3900.6000,3900.8000,3901.0000,3,1,1,1,1,1,1,3,1,1
SF,IF2003,2019-11-19 09:33:26.200,3900.2000,12324,-1,161387700.000,2,0,2,多平,S,3899.4000,3898.8000,3898.6000,3898.4000,3898.0000,3900.6000,3900.8000,3901.0000,3901.6000,3901.8000,3,1,1,1,1,2,1,1,1,1
SF,IF2003,2019-11-19 09:33:26.700,3900.6000,12321,-3,164898240.000,3,0,3,双平,S,3900.6000,3900.2000,3899.6000,3899.4000,3899.0000,3900.8000,3901.6000,3901.8000,3902.2000,3902.4000,1,1,2,3,1,1,1,1,1,1
SF,IF2003,2019-11-19 09:33:27.200,3900.8000,12321,0,166068480.000,1,0,1,多换,S,3900.6000,3900.2000,3900.0000,3899.6000,3899.0000,3901.6000,3901.8000,3902.2000,3902.4000,3903.0000,1,1,5,4,1,1,1,1,1,1
SF,IF2003,2019-11-19 09:33:27.700,3900.8000,12321,0,166068480.000,0,-,-,-,-,3900.2000,3899.6000,3899.0000,3898.8000,3898.6000,3901.4000,3901.6000,3901.8000,3902.2000,3902.4000,1,4,1,1,1,1,4,1,1,1
SF,IF2003,2019-11-19 09:33:28.200,3900.8000,12321,0,166068480.000,0,-,-,-,-,3900.4000,3900.2000,3899.6000,3899.0000,3898.8000,3901.4000,3901.6000,3901.8000,3902.2000,3902.4000,3,1,4,1,1,1,4,1,1,1
SF,IF2003,2019-11-19 09:33:28.700,3900.8000,12321,0,166068480.000,0,-,-,-,-,3900.4000,3900.2000,3899.6000,3899.0000,3898.8000,3901.4000,3901.6000,3901.8000,3902.2000,3902.4000,3,1,4,1,1,1,4,1,1,1
SF,IF2003,2019-11-19 09:33:29.200,3900.8000,12321,0,166068480.000,0,-,-,-,-,3900.4000,3900.2000,3899.6000,3899.0000,3898.8000,3901.2000,3901.4000,3901.6000,3901.8000,3902.2000,2,1,4,1,1,1,1,4,1,1
SF,IF2003,2019-11-19 09:33:29.700,3900.8000,12321,0,166068480.000,0,-,-,-,-,3900.4000,3900.2000,3899.6000,3899.0000,3898.8000,3901.6000,3901.8000,3902.2000,3902.4000,3903.0000,2,1,4,1,1,4,1,1,1,1
SF,IF2003,2019-11-19 09:33:30.200,3900.8000,12321,0,166068480.000,0,-,-,-,-,3900.2000,3899.6000,3899.0000,3898.8000,3898.6000,3901.2000,3901.4000,3901.6000,3901.8000,3902.2000,1,4,1,1,1,3,5,1,1,1
SF,IF2003,2019-11-19 09:33:30.700,3900.8000,12321,0,166068480.000,0,-,-,-,-,3900.2000,3899.6000,3899.0000,3898.8000,3898.6000,3901.0000,3901.2000,3901.4000,3901.6000,3901.8000,1,1,1,1,1,4,3,4,1,1
SF,IF2003,2019-11-19 09:33:31.200,3900.8000,12321,0,166068480.000,0,-,-,-,-,3899.6000,3899.0000,3898.8000,3898.6000,3898.0000,3901.0000,3901.2000,3901.4000,3901.6000,3901.8000,1,1,1,1,1,4,3,2,1,1
SF,IF2003,2019-11-19 09:33:31.700,3900.8000,12321,0,166068480.000,0,-,-,-,-,3899.8000,3899.6000,3899.0000,3898.8000,3898.6000,3900.2000,3901.0000,3901.2000,3901.4000,3901.6000,1,1,1,1,1,1,4,3,2,1
SF,IF2003,2019-11-19 09:33:32.200,3900.2000,12320,-1,167238540.000,1,0,1,双平,S,3900.2000,3900.0000,3899.8000,3899.6000,3899.0000,3901.8000,3902.2000,3902.4000,3903.0000,3903.4000,2,2,4,1,1,1,1,1,1,1
SF,IF2003,2019-11-19 09:33:32.700,3900.2000,12320,0,167238540.000,0,-,-,-,-,3899.0000,3898.8000,3898.6000,3898.0000,3897.2000,3900.8000,3901.0000,3901.2000,3901.4000,3901.6000,1,1,1,1,1,2,1,4,3,15
SF,IF2003,2019-11-19 09:33:33.200,3900.2000,12320,0,167238540.000,0,-,-,-,-,3899.6000,3899.2000,3899.0000,3898.8000,3898.0000,3901.2000,3901.4000,3901.6000,3901.8000,3902.2000,5,7,1,2,1,1,3,7,1,1
SF,IF2003,2019-11-19 09:33:33.700,3900.2000,12320,0,167238540.000,0,-,-,-,-,3899.8000,3899.2000,3899.0000,3898.8000,3898.0000,3901.0000,3901.2000,3901.4000,3901.6000,3901.8000,1,7,1,1,1,1,1,3,7,1
SF,IF2003,2019-11-19 09:33:34.200,3899.8000,12320,0,168408480.000,1,0,1,多换,S,3899.2000,3899.0000,3898.8000,3898.0000,3897.2000,3900.6000,3901.0000,3901.2000,3901.4000,3901.6000,1,2,1,1,1,3,8,2,1,3
SF,IF2003,2019-11-19 09:33:34.700,3899.8000,12320,0,168408480.000,0,-,-,-,-,3899.4000,3899.2000,3899.0000,3898.8000,3898.0000,3900.4000,3901.0000,3901.2000,3901.4000,3901.6000,2,1,1,1,1,1,5,2,1,3
SF,IF2003,2019-11-19 09:33:35.200,3899.8000,12320,0,168408480.000,0,-,-,-,-,3899.4000,3899.2000,3899.0000,3898.8000,3898.0000,3900.4000,3901.0000,3901.2000,3901.4000,3901.6000,2,3,1,1,1,1,5,2,1,3
SF,IF2003,2019-11-19 09:33:35.700,3899.8000,12320,0,168408480.000,0,-,-,-,-,3899.4000,3899.2000,3899.0000,3898.8000,3898.0000,3900.4000,3901.0000,3901.2000,3901.4000,3901.6000,1,1,1,1,1,1,5,2,1,3
SF,IF2003,2019-11-19 09:33:36.200,3899.8000,12320,0,168408480.000,0,-,-,-,-,3899.2000,3899.0000,3898.8000,3898.0000,3897.2000,3900.4000,3901.0000,3901.2000,3901.4000,3901.6000,1,1,1,1,1,1,5,2,1,3
SF,IF2003,2019-11-19 09:33:36.700,3899.8000,12320,0,168408480.000,0,-,-,-,-,3899.4000,3899.2000,3899.0000,3898.8000,3898.0000,3900.4000,3901.0000,3901.2000,3901.4000,3901.6000,3,1,1,1,1,1,5,2,1,3
SF,IF2003,2019-11-19 09:33:37.200,3899.8000,12320,0,168408480.000,0,-,-,-,-,3899.4000,3899.2000,3899.0000,3898.8000,3898.0000,3900.4000,3901.0000,3901.2000,3901.4000,3901.6000,3,3,1,1,1,1,5,2,1,3
SF,IF2003,2019-11-19 09:33:38.200,3899.8000,12320,0,168408480.000,0,-,-,-,-,3899.4000,3899.2000,3899.0000,3898.8000,3898.0000,3900.4000,3901.0000,3901.2000,3901.4000,3901.6000,3,1,1,1,1,1,1,2,1,3
SF,IF2003,2019-11-19 09:33:40.200,3899.8000,12320,0,168408480.000,0,-,-,-,-,3899.4000,3899.2000,3899.0000,3898.8000,3898.0000,3900.4000,3901.0000,3901.2000,3901.4000,3901.6000,1,1,1,1,1,1,1,2,1,3
SF,IF2003,2019-11-19 09:33:40.700,3899.8000,12320,0,168408480.000,0,-,-,-,-,3899.2000,3899.0000,3898.8000,3898.0000,3897.2000,3900.4000,3901.0000,3901.2000,3901.4000,3901.6000,1,1,1,1,1,1,1,2,1,3
SF,IF2003,2019-11-19 09:33:41.200,3900.2000,12320,0,169578540.000,1,0,1,多换,S,3899.2000,3899.0000,3898.8000,3898.0000,3897.2000,3900.2000,3900.4000,3901.0000,3901.2000,3901.4000,1,1,1,1,1,2,1,1,2,1
SF,IF2003,2019-11-19 09:33:41.700,3900.2000,12320,0,169578540.000,0,-,-,-,-,3899.6000,3899.2000,3899.0000,3898.8000,3898.0000,3900.0000,3900.2000,3901.0000,3901.2000,3901.4000,2,1,1,1,1,1,2,1,2,1
SF,IF2003,2019-11-19 09:33:42.200,3900.0000,12319,-1,170748540.000,1,0,1,双平,S,3899.4000,3899.2000,3899.0000,3898.8000,3898.0000,3900.2000,3900.6000,3901.0000,3901.2000,3901.4000,2,1,1,2,1,2,1,1,2,1
SF,IF2003,2019-11-19 09:33:42.700,3899.4000,12317,-2,173088180.000,2,0,2,双平,S,3899.2000,3899.0000,3898.8000,3898.0000,3897.2000,3900.0000,3901.0000,3901.2000,3901.4000,3901.6000,1,1,1,1,1,1,1,2,1,3
SF,IF2003,2019-11-19 09:33:43.200,3899.2000,12316,-1,174257940.000,1,0,1,双平,S,3898.8000,3898.0000,3897.2000,3896.6000,3896.2000,3899.2000,3900.0000,3901.0000,3901.2000,3901.4000,1,1,1,1,1,2,5,1,1,1
SF,IF2003,2019-11-19 09:33:43.700,3898.8000,12316,0,175427580.000,1,0,1,多换,S,3898.0000,3897.2000,3896.6000,3896.2000,3896.0000,3900.0000,3901.0000,3901.2000,3901.4000,3901.6000,1,1,1,1,1,4,1,1,1,3
SF,IF2003,2019-11-19 09:33:44.200,3898.8000,12316,0,175427580.000,0,-,-,-,-,3898.2000,3898.0000,3897.8000,3897.2000,3896.6000,3899.4000,3899.8000,3900.0000,3900.4000,3901.0000,1,1,1,1,1,1,9,4,1,1
SF,IF2003,2019-11-19 09:33:44.700,3898.8000,12316,0,175427580.000,0,-,-,-,-,3898.4000,3898.2000,3898.0000,3897.8000,3897.2000,3899.4000,3899.8000,3900.4000,3901.0000,3901.2000,7,4,1,1,1,1,1,1,1,1
SF,IF2003,2019-11-19 09:33:45.200,3898.8000,12316,0,175427580.000,0,-,-,-,-,3898.8000,3898.6000,3898.4000,3898.2000,3898.0000,3899.8000,3900.4000,3901.0000,3901.2000,3901.6000,2,1,7,3,1,1,1,1,1,3
SF,IF2003,2019-11-19 09:33:45.700,3898.8000,12316,0,175427580.000,0,-,-,-,-,3898.4000,3898.2000,3898.0000,3897.8000,3897.2000,3899.6000,3900.4000,3901.0000,3901.2000,3901.6000,7,3,1,1,1,2,1,1,1,3
SF,IF2003,2019-11-19 09:33:46.200,3898.8000,12316,0,175427580.000,0,-,-,-,-,3898.6000,3898.4000,3898.2000,3898.0000,3897.8000,3899.6000,3900.4000,3901.0000,3901.2000,3901.6000,3,5,3,1,1,2,1,1,1,3
SF,IF2003,2019-11-19 09:33:46.700,3898.8000,12316,0,175427580.000,0,-,-,-,-,3898.4000,3898.2000,3898.0000,3897.8000,3897.2000,3899.4000,3899.6000,3900.4000,3901.0000,3901.2000,5,3,1,1,1,2,2,1,1,1
SF,IF2003,2019-11-19 09:33:47.200,3898.8000,12316,0,175427580.000,0,-,-,-,-,3898.4000,3898.2000,3898.0000,3897.8000,3897.2000,3899.4000,3899.6000,3900.4000,3901.0000,3901.2000,5,3,1,1,1,2,1,1,1,1
SF,IF2003,2019-11-19 09:33:48.200,3898.8000,12316,0,175427580.000,0,-,-,-,-,3899.4000,3898.4000,3898.2000,3898.0000,3897.8000,3899.6000,3900.4000,3901.0000,3901.2000,3901.6000,1,5,3,1,1,1,1,1,1,3
SF,IF2003,2019-11-19 09:33:48.700,3899.6000,12315,-1,176597460.000,1,0,1,双平,S,3899.8000,3899.6000,3899.4000,3899.0000,3898.6000,3901.0000,3901.2000,3901.6000,3901.8000,3902.2000,1,2,3,5,4,1,1,3,1,1
SF,IF2003,2019-11-19 09:33:49.200,3899.6000,12315,0,176597460.000,0,-,-,-,-,3899.6000,3899.0000,3898.6000,3898.2000,3898.0000,3900.8000,3901.6000,3901.8000,3902.2000,3902.4000,2,5,4,3,1,1,3,1,1,1
SF,IF2003,2019-11-19 09:33:49.700,3899.6000,12315,0,176597460.000,0,-,-,-,-,3900.0000,3899.6000,3899.2000,3899.0000,3898.6000,3900.8000,3901.6000,3901.8000,3902.2000,3902.4000,2,2,1,5,4,1,3,1,1,1
SF,IF2003,2019-11-19 09:33:50.200,3899.6000,12315,0,176597460.000,0,-,-,-,-,3900.0000,3899.6000,3899.2000,3899.0000,3898.6000,3900.8000,3901.6000,3901.8000,3902.2000,3902.4000,2,2,1,5,4,1,4,1,1,1
SF,IF2003,2019-11-19 09:33:50.700,3899.6000,12315,0,176597460.000,0,-,-,-,-,3899.6000,3899.2000,3899.0000,3898.6000,3898.2000,3900.8000,3901.6000,3901.8000,3902.2000,3902.4000,2,1,5,4,3,1,4,1,1,1
SF,IF2003,2019-11-19 09:33:51.200,3899.6000,12315,0,176597460.000,0,-,-,-,-,3899.6000,3899.2000,3899.0000,3898.6000,3898.2000,3900.6000,3900.8000,3901.6000,3901.8000,3902.2000,2,1,5,4,3,6,1,4,1,1
SF,IF2003,2019-11-19 09:33:51.700,3899.6000,12315,0,176597460.000,0,-,-,-,-,3900.0000,3899.8000,3899.6000,3899.4000,3899.2000,3901.6000,3901.8000,3902.2000,3902.4000,3903.0000,2,3,2,1,1,1,1,1,1,1
SF,IF2003,2019-11-19 09:33:52.200,3899.6000,12315,0,176597460.000,0,-,-,-,-,3900.2000,3899.8000,3899.6000,3899.4000,3899.2000,3901.4000,3901.6000,3901.8000,3902.2000,3902.4000,1,1,2,1,1,3,1,1,1,1
SF,IF2003,2019-11-19 09:33:52.700,3899.6000,12315,0,176597460.000,0,-,-,-,-,3900.2000,3899.8000,3899.6000,3899.4000,3899.2000,3901.4000,3901.6000,3901.8000,3902.2000,3902.4000,3,1,2,1,1,1,1,1,1,1
SF,IF2003,2019-11-19 09:33:53.200,3899.6000,12315,0,176597460.000,0,-,-,-,-,3900.4000,3899.8000,3899.6000,3899.4000,3899.2000,3901.4000,3901.6000,3901.8000,3902.2000,3902.4000,2,1,2,1,1,1,1,1,1,1
SF,IF2003,2019-11-19 09:33:53.700,3899.6000,12315,0,176597460.000,0,-,-,-,-,3899.8000,3899.6000,3899.4000,3899.2000,3898.6000,3901.2000,3901.4000,3901.6000,3901.8000,3902.2000,1,2,1,1,4,2,1,1,1,1
SF,IF2003,2019-11-19 09:33:54.200,3899.6000,12315,0,176597460.000,0,-,-,-,-,3899.6000,3899.4000,3899.2000,3898.6000,3898.2000,3901.0000,3901.2000,3901.6000,3901.8000,3902.2000,2,1,1,4,2,2,9,2,1,1
SF,IF2003,2019-11-19 09:33:54.700,3899.6000,12315,0,176597460.000,0,-,-,-,-,3899.6000,3899.2000,3898.6000,3898.2000,3898.0000,3901.0000,3901.2000,3901.6000,3901.8000,3902.2000,1,1,4,2,1,2,9,2,1,1
SF,IF2003,2019-11-19 09:33:55.200,3899.6000,12315,0,176597460.000,0,-,-,-,-,3899.6000,3899.2000,3898.6000,3898.2000,3898.0000,3900.8000,3901.0000,3901.2000,3901.6000,3901.8000,1,1,4,2,1,5,3,5,1,1
SF,IF2003,2019-11-19 09:33:55.700,3899.6000,12315,0,176597460.000,0,-,-,-,-,3899.6000,3899.2000,3898.6000,3898.2000,3898.0000,3900.6000,3900.8000,3901.0000,3901.2000,3901.6000,1,1,4,2,1,3,5,1,3,1
SF,IF2003,2019-11-19 09:33:57.200,3899.6000,12314,-1,177767340.000,1,0,1,双平,S,3899.2000,3898.6000,3898.2000,3898.0000,3897.2000,3900.0000,3900.6000,3900.8000,3901.2000,3901.6000,1,4,2,1,1,1,3,4,3,1
SF,IF2003,2019-11-19 09:33:57.700,3900.0000,12314,0,178937340.000,1,0,1,多换,S,3899.6000,3899.4000,3899.2000,3898.6000,3898.2000,3901.6000,3901.8000,3902.2000,3902.4000,3903.0000,2,1,1,4,2,1,1,1,1,1
SF,IF2003,2019-11-19 09:33:58.200,3900.0000,12314,0,178937340.000,0,-,-,-,-,3899.2000,3898.6000,3898.2000,3898.0000,3897.2000,3901.2000,3901.4000,3901.6000,3901.8000,3902.2000,1,4,2,1,1,4,10,2,1,1
SF,IF2003,2019-11-19 09:33:58.700,3900.0000,12314,0,178937340.000,0,-,-,-,-,3899.4000,3899.2000,3898.6000,3898.2000,3898.0000,3901.0000,3901.2000,3901.4000,3901.6000,3901.8000,3,1,4,2,1,2,4,5,2,1
SF,IF2003,2019-11-19 09:33:59.200,3900.0000,12314,0,178937340.000,0,-,-,-,-,3899.6000,3899.4000,3899.2000,3898.6000,3898.0000,3901.0000,3901.2000,3901.4000,3901.6000,3901.8000,7,6,1,4,1,2,1,5,2,1
SF,IF2003,2019-11-19 09:33:59.700,3900.0000,12314,0,178937340.000,0,-,-,-,-,3899.8000,3899.6000,3899.4000,3899.2000,3898.6000,3901.0000,3901.2000,3901.4000,3901.6000,3901.8000,1,7,5,1,4,2,1,5,2,1
SF,IF2003,2019-11-19 09:34:00.200,3900.0000,12314,0,178937340.000,0,-,-,-,-,3900.0000,3899.8000,3899.6000,3899.4000,3899.2000,3901.0000,3901.4000,3901.6000,3901.8000,3902.2000,2,1,5,5,1,1,5,2,1,1
SF,IF2003,2019-11-19 09:34:00.700,3900.0000,12314,0,178937340.000,0,-,-,-,-,3900.0000,3899.6000,3899.4000,3899.2000,3898.6000,3901.0000,3901.4000,3901.6000,3901.8000,3902.2000,2,5,5,1,4,1,5,2,1,1
SF,IF2003,2019-11-19 09:34:01.200,3900.0000,12314,0,178937340.000,0,-,-,-,-,3900.0000,3899.4000,3899.2000,3898.6000,3898.0000,3901.0000,3901.4000,3901.6000,3901.8000,3902.2000,2,5,1,4,1,1,5,2,1,1
SF,IF2003,2019-11-19 09:34:01.700,3900.0000,12314,0,178937340.000,0,-,-,-,-,3900.0000,3899.4000,3899.2000,3898.6000,3898.0000,3901.0000,3901.4000,3901.6000,3901.8000,3902.2000,2,2,1,4,1,1,5,2,1,1
SF,IF2003,2019-11-19 09:34:04.200,3901.0000,12313,-1,180107640.000,1,0,1,双平,S,3900.4000,3900.0000,3899.4000,3899.2000,3898.6000,3901.4000,3901.6000,3901.8000,3902.2000,3902.4000,1,2,2,1,4,5,1,1,2,1
SF,IF2003,2019-11-19 09:34:04.700,3901.0000,12313,0,180107640.000,0,-,-,-,-,3900.4000,3900.0000,3899.4000,3899.2000,3898.6000,3901.4000,3901.8000,3902.2000,3902.4000,3903.0000,1,2,2,1,4,1,1,1,1,1
SF,IF2003,2019-11-19 09:34:05.200,3901.0000,12313,0,180107640.000,0,-,-,-,-,3900.8000,3900.6000,3900.4000,3900.0000,3899.4000,3902.2000,3902.4000,3903.0000,3903.4000,3903.8000,2,1,1,3,2,1,1,1,1,2
SF,IF2003,2019-11-19 09:34:05.700,3901.0000,12313,0,180107640.000,0,-,-,-,-,3901.0000,3900.0000,3899.4000,3899.2000,3898.6000,3902.2000,3902.4000,3903.0000,3903.4000,3903.8000,2,1,2,1,4,1,1,1,1,2
SF,IF2003,2019-11-19 09:34:06.700,3901.0000,12313,0,180107640.000,0,-,-,-,-,3901.0000,3900.0000,3899.4000,3899.2000,3898.6000,3902.2000,3902.4000,3903.0000,3903.4000,3903.8000,2,1,2,1,4,1,1,1,1,2
SF,IF2003,2019-11-19 09:34:09.200,3901.0000,12313,0,180107640.000,0,-,-,-,-,3901.0000,3900.0000,3899.4000,3899.2000,3898.6000,3902.0000,3902.2000,3902.4000,3903.0000,3903.4000,2,1,2,1,4,2,1,1,1,1
SF,IF2003,2019-11-19 09:34:10.700,3901.0000,12313,0,180107640.000,0,-,-,-,-,3901.0000,3900.0000,3899.4000,3899.2000,3898.6000,3902.0000,3903.0000,3903.4000,3903.8000,3904.0000,2,1,2,1,4,2,1,1,2,1
SF,IF2003,2019-11-19 09:34:12.200,3902.0000,12311,-2,182448840.000,2,0,2,双平,S,3901.0000,3900.0000,3899.4000,3899.2000,3898.6000,3903.0000,3903.4000,3903.8000,3904.0000,3907.2000,2,1,2,1,4,1,1,2,1,1
SF,IF2003,2019-11-19 09:34:12.700,3902.0000,12311,0,182448840.000,0,-,-,-,-,3901.2000,3901.0000,3900.0000,3899.4000,3899.2000,3902.6000,3902.8000,3903.0000,3903.4000,3903.8000,1,2,1,2,1,3,5,3,1,2
SF,IF2003,2019-11-19 09:34:13.200,3902.0000,12311,0,182448840.000,0,-,-,-,-,3901.4000,3900.0000,3899.4000,3899.2000,3898.6000,3902.4000,3902.6000,3902.8000,3903.0000,3903.4000,2,1,2,1,4,1,3,12,3,1
SF,IF2003,2019-11-19 09:34:13.700,3902.0000,12311,0,182448840.000,0,-,-,-,-,3901.4000,3900.0000,3899.4000,3899.2000,3898.6000,3902.6000,3902.8000,3903.0000,3903.4000,3903.8000,2,1,2,1,4,3,12,3,1,2
SF,IF2003,2019-11-19 09:34:14.200,3902.0000,12311,0,182448840.000,0,-,-,-,-,3901.4000,3900.0000,3899.4000,3899.2000,3898.6000,3902.2000,3902.4000,3902.6000,3902.8000,3903.0000,2,1,2,1,4,4,1,3,8,3
SF,IF2003,2019-11-19 09:34:14.700,3902.0000,12311,0,182448840.000,0,-,-,-,-,3901.4000,3900.0000,3899.4000,3899.2000,3898.6000,3902.2000,3902.6000,3902.8000,3903.0000,3903.4000,2,1,2,1,4,4,3,8,3,1
SF,IF2003,2019-11-19 09:34:17.700,3901.4000,12309,-2,184789680.000,2,0,2,双平,S,3900.2000,3900.0000,3899.4000,3899.2000,3898.6000,3902.0000,3902.2000,3902.4000,3902.6000,3902.8000,1,1,2,1,4,2,4,1,3,8
SF,IF2003,2019-11-19 09:34:18.200,3901.4000,12309,0,184789680.000,0,-,-,-,-,3901.0000,3900.6000,3900.4000,3900.2000,3900.0000,3902.0000,3902.4000,3902.6000,3902.8000,3903.0000,2,5,8,2,1,1,1,3,8,1
SF,IF2003,2019-11-19 09:34:18.700,3901.4000,12309,0,184789680.000,0,-,-,-,-,3900.4000,3900.0000,3899.4000,3899.2000,3898.6000,3902.0000,3902.4000,3902.6000,3902.8000,3903.0000,5,1,2,1,4,1,1,3,8,1
SF,IF2003,2019-11-19 09:34:19.200,3901.4000,12309,0,184789680.000,0,-,-,-,-,3900.6000,3900.4000,3900.0000,3899.4000,3899.2000,3902.0000,3902.4000,3902.6000,3902.8000,3903.0000,6,5,1,2,1,1,1,3,8,1
SF,IF2003,2019-11-19 09:34:21.700,3901.4000,12309,0,184789680.000,0,-,-,-,-,3900.6000,3900.4000,3900.0000,3899.4000,3899.2000,3902.0000,3902.4000,3902.6000,3902.8000,3903.0000,6,5,1,2,1,1,1,3,8,1
SF,IF2003,2019-11-19 09:34:22.200,3901.4000,12309,0,184789680.000,0,-,-,-,-,3900.8000,3900.6000,3900.4000,3900.0000,3899.4000,3902.0000,3902.4000,3902.6000,3902.8000,3903.0000,1,6,5,1,2,1,1,3,8,1
SF,IF2003,2019-11-19 09:34:22.700,3901.4000,12309,0,184789680.000,0,-,-,-,-,3901.0000,3900.8000,3900.6000,3900.4000,3900.0000,3902.0000,3902.4000,3902.6000,3902.8000,3903.0000,1,1,4,5,1,1,1,3,8,1
SF,IF2003,2019-11-19 09:34:23.200,3901.4000,12309,0,184789680.000,0,-,-,-,-,3901.0000,3900.6000,3900.4000,3900.0000,3899.4000,3902.0000,3902.4000,3902.6000,3902.8000,3903.0000,1,4,5,1,2,1,1,3,8,1
SF,IF2003,2019-11-19 09:34:23.700,3901.4000,12309,0,184789680.000,0,-,-,-,-,3900.6000,3900.4000,3900.0000,3899.4000,3899.2000,3902.0000,3902.4000,3902.6000,3902.8000,3903.0000,4,5,1,2,1,1,1,3,8,1
SF,IF2003,2019-11-19 09:34:24.200,3901.4000,12309,0,184789680.000,0,-,-,-,-,3900.8000,3900.6000,3900.4000,3900.0000,3899.4000,3902.0000,3902.6000,3902.8000,3903.0000,3903.4000,2,4,5,1,2,1,3,8,1,1
SF,IF2003,2019-11-19 09:34:24.700,3901.4000,12309,0,184789680.000,0,-,-,-,-,3901.0000,3900.8000,3900.4000,3900.0000,3899.2000,3902.6000,3902.8000,3903.0000,3903.4000,3903.8000,9,5,5,1,1,3,5,1,1,2
SF,IF2003,2019-11-19 09:34:25.200,3901.4000,12309,0,184789680.000,0,-,-,-,-,3900.4000,3900.0000,3899.2000,3898.6000,3898.0000,3902.4000,3902.6000,3902.8000,3903.0000,3903.4000,5,1,1,3,1,3,3,6,1,1
SF,IF2003,2019-11-19 09:34:25.700,3901.4000,12309,0,184789680.000,0,-,-,-,-,3900.6000,3900.4000,3900.0000,3899.2000,3898.6000,3902.4000,3902.6000,3902.8000,3903.0000,3903.4000,7,5,1,1,3,3,3,6,1,1
SF,IF2003,2019-11-19 09:34:26.200,3901.4000,12309,0,184789680.000,0,-,-,-,-,3900.8000,3900.6000,3900.4000,3900.0000,3899.2000,3902.2000,3902.4000,3902.8000,3903.0000,3903.4000,3,7,5,1,1,1,1,5,1,1
SF,IF2003,2019-11-19 09:34:26.700,3901.4000,12309,0,184789680.000,0,-,-,-,-,3901.0000,3900.8000,3900.6000,3900.4000,3900.0000,3902.2000,3902.8000,3903.0000,3903.4000,3903.8000,2,2,4,5,1,1,5,1,1,2
SF,IF2003,2019-11-19 09:34:27.200,3901.4000,12309,0,184789680.000,0,-,-,-,-,3901.6000,3901.2000,3901.0000,3900.8000,3900.4000,3902.0000,3902.8000,3903.0000,3903.4000,3903.8000,2,11,5,4,3,1,3,1,1,2
SF,IF2003,2019-11-19 09:34:27.700,3902.0000,12308,-1,185960280.000,1,0,1,双平,S,3902.0000,3901.2000,3901.0000,3900.8000,3900.4000,3902.8000,3903.0000,3903.4000,3903.8000,3904.0000,1,7,3,4,3,2,1,1,2,2
SF,IF2003,2019-11-19 09:34:28.200,3902.0000,12308,0,185960280.000,0,-,-,-,-,3902.0000,3901.2000,3901.0000,3900.8000,3900.4000,3902.6000,3903.0000,3903.4000,3903.8000,3904.0000,1,7,3,4,3,1,1,1,2,2
SF,IF2003,2019-11-19 09:34:28.700,3902.0000,12308,0,185960280.000,0,-,-,-,-,3901.2000,3901.0000,3900.8000,3900.4000,3900.0000,3902.6000,3903.0000,3903.4000,3903.8000,3904.0000,7,3,4,3,1,1,1,1,2,2
SF,IF2003,2019-11-19 09:34:29.200,3902.0000,12308,0,185960280.000,0,-,-,-,-,3901.4000,3901.2000,3901.0000,3900.8000,3900.4000,3902.4000,3902.6000,3903.0000,3903.4000,3903.8000,2,2,3,4,3,4,1,1,1,2
SF,IF2003,2019-11-19 09:34:29.700,3902.6000,12307,-1,187131060.000,1,0,1,双平,S,3901.8000,3901.4000,3901.2000,3901.0000,3900.8000,3903.0000,3903.4000,3903.8000,3904.0000,3907.2000,2,5,2,3,4,1,1,2,2,1
SF,IF2003,2019-11-19 09:34:30.200,3902.6000,12307,0,187131060.000,0,-,-,-,-,3902.0000,3901.8000,3901.6000,3901.4000,3901.2000,3902.8000,3903.0000,3903.4000,3903.8000,3904.0000,4,5,2,1,2,1,1,1,2,2
SF,IF2003,2019-11-19 09:34:30.700,3903.0000,12305,-2,189472800.000,2,0,2,双平,S,3902.2000,3902.0000,3901.8000,3901.6000,3901.4000,3903.8000,3904.0000,3904.2000,3907.2000,3907.4000,1,5,5,2,1,2,3,1,1,1
SF,IF2003,2019-11-19 09:34:31.200,3902.2000,12305,0,190643460.000,1,0,1,多换,S,3901.8000,3901.6000,3901.4000,3901.2000,3901.0000,3903.6000,3903.8000,3904.0000,3904.2000,3907.2000,5,2,2,2,3,5,2,3,1,1
SF,IF2003,2019-11-19 09:34:31.700,3902.2000,12305,0,190643460.000,0,-,-,-,-,3901.4000,3901.2000,3901.0000,3900.8000,3900.4000,3903.4000,3903.6000,3903.8000,3904.0000,3904.2000,1,2,3,1,2,2,18,2,3,1
SF,IF2003,2019-11-19 09:34:32.200,3902.2000,12305,0,190643460.000,0,-,-,-,-,3901.6000,3901.4000,3901.2000,3901.0000,3900.8000,3903.2000,3903.4000,3903.6000,3903.8000,3904.0000,1,1,2,3,1,3,2,16,2,3
SF,IF2003,2019-11-19 09:34:32.700,3902.2000,12305,0,190643460.000,0,-,-,-,-,3901.6000,3901.2000,3901.0000,3900.8000,3900.4000,3903.2000,3903.4000,3903.6000,3903.8000,3904.0000,4,2,3,1,2,11,1,11,2,2
SF,IF2003,2019-11-19 09:34:33.200,3902.2000,12305,0,190643460.000,0,-,-,-,-,3901.2000,3901.0000,3900.8000,3900.4000,3900.0000,3903.0000,3903.2000,3903.4000,3903.6000,3903.8000,2,3,1,2,1,1,11,1,11,2
SF,IF2003,2019-11-19 09:34:33.700,3902.2000,12305,0,190643460.000,0,-,-,-,-,3901.4000,3901.2000,3901.0000,3900.8000,3900.4000,3902.8000,3903.0000,3903.2000,3903.4000,3903.6000,1,2,3,1,2,3,1,7,1,11
SF,IF2003,2019-11-19 09:34:34.200,3902.2000,12305,0,190643460.000,0,-,-,-,-,3901.2000,3901.0000,3900.8000,3900.4000,3900.0000,3902.8000,3903.0000,3903.2000,3903.4000,3903.6000,2,3,1,2,1,3,1,7,1,11
SF,IF2003,2019-11-19 09:34:34.700,3902.2000,12305,0,190643460.000,0,-,-,-,-,3901.6000,3901.4000,3901.2000,3901.0000,3900.8000,3902.6000,3903.2000,3903.4000,3903.6000,3903.8000,2,5,2,3,1,1,5,1,11,2
SF,IF2003,2019-11-19 09:34:35.200,3902.2000,12305,0,190643460.000,0,-,-,-,-,3901.6000,3901.4000,3901.2000,3901.0000,3900.8000,3902.6000,3903.2000,3903.4000,3903.6000,3903.8000,2,2,2,3,1,1,5,1,11,2
SF,IF2003,2019-11-19 09:34:37.200,3902.2000,12305,0,190643460.000,0,-,-,-,-,3901.8000,3901.6000,3901.4000,3901.2000,3901.0000,3902.6000,3903.2000,3903.4000,3903.6000,3903.8000,1,2,2,2,3,1,1,1,8,2
SF,IF2003,2019-11-19 09:34:37.700,3902.2000,12305,0,190643460.000,0,-,-,-,-,3901.2000,3901.0000,3900.8000,3900.4000,3900.0000,3902.6000,3903.2000,3903.4000,3903.6000,3903.8000,2,3,1,2,1,1,1,1,8,2
SF,IF2003,2019-11-19 09:34:38.200,3902.6000,12305,0,191814240.000,1,0,1,多换,S,3901.4000,3901.2000,3901.0000,3900.8000,3900.4000,3903.2000,3903.4000,3903.6000,3903.8000,3904.0000,2,2,3,1,2,2,1,8,2,2
SF,IF2003,2019-11-19 09:34:38.700,3902.6000,12305,0,191814240.000,0,-,-,-,-,3901.4000,3901.2000,3901.0000,3900.8000,3900.4000,3903.0000,3903.2000,3903.4000,3903.6000,3903.8000,2,2,3,1,2,1,2,1,8,2
SF,IF2003,2019-11-19 09:34:39.200,3902.6000,12305,0,191814240.000,0,-,-,-,-,3901.6000,3901.4000,3901.2000,3901.0000,3900.8000,3903.2000,3903.4000,3903.6000,3903.8000,3904.0000,4,2,2,3,1,1,1,8,2,2
SF,IF2003,2019-11-19 09:34:39.700,3902.6000,12305,0,191814240.000,0,-,-,-,-,3901.8000,3901.2000,3901.0000,3900.8000,3900.4000,3903.0000,3903.2000,3903.4000,3903.6000,3903.8000,2,2,3,1,2,1,1,1,8,2
SF,IF2003,2019-11-19 09:34:40.200,3902.6000,12305,0,191814240.000,0,-,-,-,-,3901.8000,3901.2000,3901.0000,3900.8000,3900.4000,3903.0000,3903.2000,3903.4000,3903.6000,3903.8000,6,2,3,1,2,1,1,1,8,2
SF,IF2003,2019-11-19 09:34:40.700,3902.6000,12305,0,191814240.000,0,-,-,-,-,3901.8000,3901.2000,3901.0000,3900.8000,3900.4000,3903.0000,3903.2000,3903.4000,3903.6000,3903.8000,2,2,3,1,2,1,1,1,8,2
SF,IF2003,2019-11-19 09:34:41.200,3902.6000,12305,0,191814240.000,0,-,-,-,-,3901.8000,3901.2000,3901.0000,3900.8000,3900.4000,3902.8000,3903.0000,3903.2000,3903.4000,3903.6000,1,2,3,1,2,5,1,2,1,8
SF,IF2003,2019-11-19 09:34:41.700,3902.6000,12305,0,191814240.000,0,-,-,-,-,3901.8000,3901.2000,3901.0000,3900.8000,3900.4000,3902.8000,3903.2000,3903.4000,3903.6000,3903.8000,1,2,3,1,2,4,1,1,8,2
SF,IF2003,2019-11-19 09:34:42.700,3902.6000,12305,0,191814240.000,0,-,-,-,-,3902.0000,3901.8000,3901.6000,3901.2000,3901.0000,3903.6000,3903.8000,3904.0000,3904.2000,3907.2000,1,1,1,2,3,6,2,2,1,1
SF,IF2003,2019-11-19 09:34:43.200,3902.6000,12305,0,191814240.000,0,-,-,-,-,3902.2000,3901.6000,3901.2000,3901.0000,3900.8000,3903.4000,3903.6000,3903.8000,3904.0000,3904.2000,1,1,2,3,1,2,6,2,2,1
SF,IF2003,2019-11-19 09:34:43.700,3902.6000,12305,0,191814240.000,0,-,-,-,-,3902.2000,3902.0000,3901.6000,3901.2000,3901.0000,3903.4000,3903.6000,3903.8000,3904.0000,3904.2000,1,1,1,2,3,2,6,2,2,1
SF,IF2003,2019-11-19 09:34:45.200,3903.4000,12304,-1,192985260.000,1,0,1,双平,S,3902.2000,3902.0000,3901.6000,3901.4000,3901.2000,3903.4000,3903.6000,3903.8000,3904.0000,3904.2000,1,1,1,1,2,1,6,2,3,1
SF,IF2003,2019-11-19 09:34:45.700,3902.2000,12303,-1,194155920.000,1,0,1,双平,S,3902.0000,3901.6000,3901.4000,3901.2000,3901.0000,3903.2000,3903.6000,3903.8000,3904.0000,3904.2000,1,1,2,2,3,6,7,2,2,1
SF,IF2003,2019-11-19 09:34:46.200,3902.2000,12303,0,194155920.000,0,-,-,-,-,3902.0000,3901.4000,3901.2000,3901.0000,3900.8000,3903.0000,3903.2000,3903.4000,3903.6000,3903.8000,1,1,2,3,1,1,6,1,6,2
SF,IF2003,2019-11-19 09:34:46.700,3902.2000,12303,0,194155920.000,0,-,-,-,-,3902.0000,3901.4000,3901.2000,3901.0000,3900.8000,3903.0000,3903.2000,3903.6000,3903.8000,3904.0000,1,1,2,3,1,1,4,6,2,2
SF,IF2003,2019-11-19 09:34:50.200,3902.2000,12303,0,194155920.000,0,-,-,-,-,3902.0000,3901.4000,3901.2000,3901.0000,3900.8000,3903.0000,3903.2000,3903.6000,3903.8000,3904.0000,1,1,2,3,1,1,4,6,2,2
SF,IF2003,2019-11-19 09:34:51.200,3902.2000,12303,0,194155920.000,0,-,-,-,-,3902.0000,3901.4000,3901.2000,3901.0000,3900.8000,3903.0000,3903.2000,3903.6000,3903.8000,3904.0000,1,1,2,3,1,1,4,6,2,2
SF,IF2003,2019-11-19 09:34:52.700,3902.0000,12303,0,195326520.000,1,0,1,多换,S,3901.4000,3901.2000,3901.0000,3900.8000,3900.4000,3903.0000,3903.2000,3903.6000,3903.8000,3904.0000,1,2,3,1,2,1,4,6,2,2
SF,IF2003,2019-11-19 09:34:53.200,3902.0000,12303,0,195326520.000,0,-,-,-,-,3901.6000,3901.4000,3901.2000,3901.0000,3900.8000,3903.0000,3903.2000,3903.6000,3903.8000,3904.0000,7,1,2,3,1,2,4,6,2,2
SF,IF2003,2019-11-19 09:34:53.700,3902.0000,12303,0,195326520.000,0,-,-,-,-,3901.8000,3901.6000,3901.4000,3901.2000,3901.0000,3903.0000,3903.2000,3903.6000,3903.8000,3904.0000,1,5,1,2,3,2,4,6,2,2
SF,IF2003,2019-11-19 09:34:54.200,3902.0000,12303,0,195326520.000,0,-,-,-,-,3901.8000,3901.4000,3901.2000,3901.0000,3900.8000,3902.8000,3903.0000,3903.2000,3903.6000,3903.8000,1,1,2,3,1,1,2,4,6,2
SF,IF2003,2019-11-19 09:34:54.700,3902.0000,12303,0,195326520.000,0,-,-,-,-,3901.8000,3901.4000,3901.2000,3901.0000,3900.8000,3902.0000,3903.0000,3903.2000,3903.6000,3903.8000,1,1,2,3,1,5,1,4,6,2
SF,IF2003,2019-11-19 09:34:55.200,3902.0000,12303,0,197667720.000,2,1,1,多换,S,3901.8000,3901.4000,3901.2000,3901.0000,3900.8000,3902.0000,3903.0000,3903.2000,3903.6000,3903.8000,1,1,2,3,1,3,1,4,3,2
SF,IF2003,2019-11-19 09:34:56.700,3902.0000,12303,0,201179520.000,3,1,2,多换,S,3902.2000,3902.0000,3901.8000,3901.4000,3901.2000,3903.0000,3903.2000,3903.6000,3903.8000,3904.0000,2,1,1,1,2,1,4,3,2,2
SF,IF2003,2019-11-19 09:34:57.200,3902.0000,12303,0,201179520.000,0,-,-,-,-,3902.2000,3902.0000,3901.4000,3901.2000,3901.0000,3902.8000,3903.0000,3903.6000,3903.8000,3904.0000,1,1,1,2,3,5,1,3,2,2
SF,IF2003,2019-11-19 09:34:57.700,3902.0000,12303,0,201179520.000,0,-,-,-,-,3902.2000,3902.0000,3901.4000,3901.2000,3901.0000,3902.8000,3903.0000,3903.6000,3903.8000,3904.0000,1,1,1,2,3,4,1,3,2,2
SF,IF2003,2019-11-19 09:34:58.200,3902.8000,12301,-2,204692040.000,3,0,3,多平,S,3902.4000,3902.2000,3902.0000,3901.4000,3901.2000,3903.0000,3903.6000,3903.8000,3904.0000,3904.2000,1,1,1,1,2,1,3,2,2,1
SF,IF2003,2019-11-19 09:34:58.700,3902.8000,12301,0,204692040.000,0,-,-,-,-,3902.4000,3902.0000,3901.8000,3901.4000,3901.2000,3903.0000,3903.6000,3903.8000,3904.0000,3904.2000,5,1,1,1,2,1,2,2,2,1
SF,IF2003,2019-11-19 09:34:59.200,3902.8000,12301,0,204692040.000,0,-,-,-,-,3902.6000,3902.4000,3902.0000,3901.8000,3901.4000,3903.0000,3903.6000,3903.8000,3904.0000,3904.2000,1,1,1,1,1,1,2,2,2,1
SF,IF2003,2019-11-19 09:34:59.700,3902.8000,12301,0,204692040.000,0,-,-,-,-,3902.6000,3902.0000,3901.8000,3901.4000,3901.2000,3903.0000,3903.6000,3903.8000,3904.0000,3904.2000,1,1,1,1,2,1,2,2,2,1
