市场代码,合约代码,时间,最新,持仓,增仓,成交额,成交量,开仓,平仓,成交类型,方向,买一价,买二价,买三价,买四价,买五价,卖一价,卖二价,卖三价,卖四价,卖五价,买一量,买二量,买三量,买四量,买五量,卖一量,卖二量,卖三量,卖四量,卖五量
SF,IF2012,2020-05-07 09:29:00.100,3785.4000,2392,0,0.000,0.000,-,-,-,-,3781.6000,3778.8000,3770.8000,3769.2000,3765.2000,3789.4000,3789.6000,3792.2000,3793.0000,3793.8000,2,1,1,1,1,1,2,3,1,1
SF,IF2012,2020-05-07 09:30:00.100,3785.4000,2392,0,0.000,0,-,-,-,-,3782.0000,3778.8000,3772.2000,3770.8000,3765.2000,3789.0000,3789.6000,3792.2000,3793.0000,3795.2000,2,1,2,1,1,7,1,3,1,1
SF,IF2012,2020-05-07 09:30:00.600,3785.4000,2392,0,0.000,0,-,-,-,-,3782.4000,3782.2000,3782.0000,3778.8000,3772.2000,3788.8000,3789.0000,3792.2000,3793.0000,3795.8000,1,5,2,1,2,1,7,3,1,1
SF,IF2012,2020-05-07 09:30:01.100,3785.4000,2392,0,0.000,0,-,-,-,-,3782.6000,3782.2000,3782.0000,3778.8000,3772.2000,3788.4000,3788.8000,3793.0000,3795.8000,3798.2000,4,3,1,1,2,7,1,1,1,2
SF,IF2012,2020-05-07 09:30:01.600,3785.4000,2392,0,0.000,0,-,-,-,-,3784.2000,3782.6000,3782.2000,3782.0000,3778.8000,3788.2000,3793.0000,3795.8000,3798.2000,3798.8000,1,4,3,1,1,1,1,1,2,1
SF,IF2012,2020-05-07 09:30:02.100,3785.4000,2392,0,0.000,0,-,-,-,-,3784.4000,3784.2000,3783.0000,3782.6000,3782.2000,3788.2000,3793.0000,3795.8000,3798.2000,3798.8000,2,1,1,2,3,1,1,1,2,1
SF,IF2012,2020-05-07 09:30:04.100,3785.4000,2392,0,0.000,0,-,-,-,-,3784.6000,3784.4000,3784.2000,3783.0000,3782.6000,3788.2000,3793.0000,3795.8000,3798.2000,3798.8000,2,2,1,1,2,1,1,1,2,1
SF,IF2012,2020-05-07 09:30:04.600,3785.4000,2392,0,0.000,0,-,-,-,-,3784.8000,3784.6000,3784.2000,3783.0000,3782.6000,3788.2000,3793.0000,3795.8000,3798.2000,3798.8000,2,2,1,1,2,1,1,1,2,1
SF,IF2012,2020-05-07 09:30:06.100,3784.8000,2392,0,1135440.000,1,0,1,多换,S,3784.8000,3784.6000,3784.2000,3783.0000,3782.6000,3788.2000,3793.0000,3795.8000,3798.2000,3798.8000,1,2,1,1,2,1,1,1,2,1
SF,IF2012,2020-05-07 09:30:06.600,3784.8000,2392,0,1135440.000,0,-,-,-,-,3784.8000,3784.6000,3784.2000,3783.0000,3782.6000,3788.2000,3793.0000,3795.8000,3798.2000,3798.8000,1,2,1,1,2,1,1,1,2,1
SF,IF2012,2020-05-07 09:30:07.100,3784.8000,2392,0,1135440.000,0,-,-,-,-,3784.8000,3784.6000,3783.0000,3782.6000,3782.2000,3788.2000,3793.0000,3795.8000,3798.2000,3798.8000,1,2,1,2,2,1,1,1,2,1
SF,IF2012,2020-05-07 09:30:07.600,3784.8000,2392,0,1135440.000,0,-,-,-,-,3785.0000,3784.8000,3784.6000,3782.6000,3782.2000,3788.2000,3793.0000,3795.8000,3798.2000,3798.8000,2,1,1,2,2,1,1,1,2,1
SF,IF2012,2020-05-07 09:30:08.100,3784.8000,2392,0,1135440.000,0,-,-,-,-,3785.2000,3785.0000,3784.6000,3782.6000,3782.2000,3788.2000,3793.0000,3795.8000,3798.2000,3798.8000,1,1,1,2,2,1,1,1,2,1
SF,IF2012,2020-05-07 09:30:09.100,3784.8000,2392,0,1135440.000,0,-,-,-,-,3785.2000,3785.0000,3784.2000,3782.6000,3782.2000,3788.2000,3793.0000,3795.8000,3798.2000,3798.8000,1,1,1,1,2,1,1,1,2,1
SF,IF2012,2020-05-07 09:30:09.600,3784.8000,2392,0,1135440.000,0,-,-,-,-,3785.2000,3785.0000,3784.2000,3782.2000,3778.8000,3788.2000,3793.0000,3795.8000,3798.2000,3798.8000,1,1,1,2,1,1,1,1,2,1
SF,IF2012,2020-05-07 09:30:10.100,3784.8000,2392,0,1135440.000,0,-,-,-,-,3785.2000,3785.0000,3784.2000,3782.2000,3778.8000,3788.0000,3788.2000,3793.0000,3795.8000,3798.2000,1,1,1,2,1,7,1,1,1,2
SF,IF2012,2020-05-07 09:30:10.600,3785.0000,2390,-2,3406500.000,2,0,2,双平,S,3784.2000,3778.8000,3776.4000,3772.2000,3765.2000,3787.6000,3787.8000,3788.0000,3793.0000,3795.8000,1,1,1,2,1,2,1,8,1,1
SF,IF2012,2020-05-07 09:30:11.100,3785.0000,2390,0,3406500.000,0,-,-,-,-,3784.4000,3784.2000,3778.8000,3776.4000,3772.2000,3787.2000,3787.4000,3787.6000,3788.0000,3793.0000,1,1,1,1,2,7,1,2,1,1
SF,IF2012,2020-05-07 09:30:11.600,3785.0000,2390,0,3406500.000,0,-,-,-,-,3784.4000,3784.2000,3778.8000,3776.4000,3772.2000,3787.0000,3787.2000,3787.6000,3788.0000,3793.0000,1,1,1,1,2,2,7,2,1,1
SF,IF2012,2020-05-07 09:30:12.100,3785.0000,2390,0,3406500.000,0,-,-,-,-,3784.4000,3784.2000,3778.8000,3776.4000,3772.2000,3786.6000,3786.8000,3787.0000,3788.0000,3793.0000,1,1,1,1,2,7,2,2,1,1
SF,IF2012,2020-05-07 09:30:12.600,3785.0000,2390,0,3406500.000,0,-,-,-,-,3784.4000,3784.2000,3778.8000,3776.4000,3772.2000,3786.4000,3786.8000,3787.0000,3788.0000,3793.0000,1,1,1,1,2,1,2,1,1,1
SF,IF2012,2020-05-07 09:30:13.100,3785.0000,2390,0,3406500.000,0,-,-,-,-,3784.4000,3784.2000,3778.8000,3776.4000,3772.2000,3786.4000,3787.0000,3788.0000,3793.0000,3795.8000,1,1,1,1,2,1,1,1,1,1
SF,IF2012,2020-05-07 09:30:14.100,3785.0000,2390,0,3406500.000,0,-,-,-,-,3784.4000,3784.2000,3778.8000,3776.4000,3772.2000,3786.0000,3786.4000,3787.0000,3788.0000,3793.0000,1,1,1,1,2,7,1,1,1,1
SF,IF2012,2020-05-07 09:30:14.600,3785.0000,2390,0,3406500.000,0,-,-,-,-,3784.4000,3784.2000,3778.8000,3776.4000,3772.2000,3785.8000,3786.0000,3787.0000,3788.0000,3793.0000,1,1,1,1,2,1,7,1,1,1
SF,IF2012,2020-05-07 09:30:15.100,3785.0000,2390,0,3406500.000,0,-,-,-,-,3784.4000,3784.2000,3778.8000,3776.4000,3772.2000,3785.8000,3787.0000,3788.0000,3793.0000,3795.8000,1,1,1,1,2,1,1,1,1,1
SF,IF2012,2020-05-07 09:30:16.100,3784.4000,2389,-1,4541820.000,1,0,1,双平,S,3784.2000,3778.8000,3776.4000,3772.2000,3765.2000,3784.4000,3785.8000,3787.0000,3788.0000,3793.0000,1,1,1,2,1,5,1,1,1,1
SF,IF2012,2020-05-07 09:30:16.600,3784.2000,2389,0,5677080.000,1,0,1,多换,S,3778.8000,3776.4000,3772.2000,3765.2000,3762.0000,3784.4000,3785.8000,3788.0000,3793.0000,3795.8000,1,1,2,1,1,5,1,1,1,1
SF,IF2012,2020-05-07 09:30:17.100,3784.2000,2389,0,5677080.000,0,-,-,-,-,3779.2000,3779.0000,3778.8000,3776.4000,3772.2000,3784.2000,3784.4000,3788.0000,3793.0000,3795.8000,1,4,1,1,2,1,5,1,1,1
SF,IF2012,2020-05-07 09:30:17.600,3784.2000,2389,0,5677080.000,0,-,-,-,-,3780.2000,3779.4000,3779.2000,3779.0000,3778.8000,3784.2000,3784.4000,3788.0000,3793.0000,3795.8000,1,3,1,3,1,1,5,1,1,1
SF,IF2012,2020-05-07 09:30:18.100,3784.2000,2389,0,5677080.000,0,-,-,-,-,3780.4000,3780.2000,3779.4000,3779.2000,3779.0000,3784.2000,3784.4000,3788.0000,3793.0000,3795.8000,1,1,2,1,2,1,5,1,1,1
SF,IF2012,2020-05-07 09:30:18.600,3784.2000,2389,0,5677080.000,0,-,-,-,-,3780.4000,3780.2000,3779.4000,3779.0000,3778.8000,3784.2000,3784.4000,3788.0000,3793.0000,3795.8000,1,1,2,2,1,1,5,1,1,1
SF,IF2012,2020-05-07 09:30:19.100,3784.2000,2389,0,5677080.000,0,-,-,-,-,3781.2000,3780.8000,3780.4000,3779.0000,3778.8000,3784.0000,3784.2000,3784.4000,3793.0000,3795.8000,1,1,1,2,1,1,1,5,1,1
SF,IF2012,2020-05-07 09:30:19.600,3784.2000,2389,0,5677080.000,0,-,-,-,-,3781.4000,3781.2000,3780.8000,3779.0000,3778.8000,3783.8000,3784.0000,3784.4000,3793.0000,3795.8000,1,1,1,2,1,1,1,5,1,1
SF,IF2012,2020-05-07 09:30:20.100,3784.2000,2389,0,5677080.000,0,-,-,-,-,3781.6000,3781.4000,3779.0000,3778.8000,3776.4000,3783.8000,3784.4000,3793.0000,3795.8000,3798.2000,1,1,2,1,1,1,5,1,1,2
SF,IF2012,2020-05-07 09:30:20.600,3784.2000,2389,0,5677080.000,0,-,-,-,-,3781.8000,3781.6000,3779.0000,3778.8000,3776.4000,3783.8000,3784.4000,3793.0000,3795.8000,3798.2000,1,1,2,1,1,1,5,1,1,2
SF,IF2012,2020-05-07 09:30:21.100,3784.2000,2389,0,5677080.000,0,-,-,-,-,3781.8000,3781.6000,3779.0000,3778.8000,3776.4000,3783.6000,3783.8000,3784.4000,3793.0000,3795.8000,1,1,2,1,1,1,1,5,1,1
SF,IF2012,2020-05-07 09:30:21.600,3784.2000,2389,0,5677080.000,0,-,-,-,-,3782.0000,3781.8000,3779.0000,3778.8000,3776.4000,3783.4000,3783.6000,3784.4000,3793.0000,3795.8000,1,1,2,1,1,1,1,5,1,1
SF,IF2012,2020-05-07 09:30:22.600,3784.2000,2389,0,5677080.000,0,-,-,-,-,3782.0000,3781.8000,3781.0000,3779.0000,3778.8000,3783.4000,3783.6000,3784.4000,3793.0000,3795.8000,1,1,3,2,1,1,1,5,1,1
SF,IF2012,2020-05-07 09:30:23.100,3784.2000,2389,0,5677080.000,0,-,-,-,-,3782.2000,3782.0000,3781.0000,3779.0000,3778.8000,3783.4000,3784.4000,3793.0000,3795.8000,3798.2000,1,1,3,2,1,1,5,1,1,2
SF,IF2012,2020-05-07 09:30:23.600,3784.2000,2389,0,5677080.000,0,-,-,-,-,3782.2000,3782.0000,3781.0000,3779.0000,3778.8000,3784.4000,3793.0000,3795.8000,3798.2000,3798.8000,1,1,3,2,1,5,1,1,2,1
SF,IF2012,2020-05-07 09:30:24.100,3784.2000,2389,0,5677080.000,0,-,-,-,-,3782.4000,3782.2000,3782.0000,3781.0000,3779.0000,3784.2000,3784.4000,3793.0000,3795.8000,3798.2000,1,1,1,3,2,1,5,1,1,2
SF,IF2012,2020-05-07 09:30:24.600,3784.2000,2389,0,5677080.000,0,-,-,-,-,3782.6000,3782.4000,3782.0000,3781.0000,3779.0000,3784.2000,3784.4000,3793.0000,3795.8000,3798.2000,1,1,1,3,2,1,5,1,1,2
SF,IF2012,2020-05-07 09:30:25.100,3784.2000,2389,0,5677080.000,0,-,-,-,-,3782.6000,3782.0000,3781.0000,3779.0000,3778.8000,3784.2000,3784.4000,3793.0000,3795.8000,3798.2000,1,1,3,2,1,1,5,1,1,2
SF,IF2012,2020-05-07 09:30:26.100,3784.2000,2389,0,5677080.000,0,-,-,-,-,3782.6000,3782.0000,3781.0000,3779.0000,3778.8000,3784.0000,3784.2000,3784.4000,3793.0000,3795.8000,1,1,3,2,1,1,1,5,1,1
SF,IF2012,2020-05-07 09:30:26.600,3784.2000,2389,0,5677080.000,0,-,-,-,-,3782.6000,3782.0000,3781.0000,3779.0000,3778.8000,3783.8000,3784.0000,3784.4000,3793.0000,3795.8000,1,1,3,2,1,1,1,5,1,1
SF,IF2012,2020-05-07 09:30:27.100,3784.2000,2389,0,5677080.000,0,-,-,-,-,3782.0000,3781.0000,3779.0000,3778.8000,3776.4000,3783.8000,3784.0000,3784.4000,3793.0000,3795.8000,1,3,2,1,1,1,1,5,1,1
SF,IF2012,2020-05-07 09:30:27.600,3784.2000,2389,0,5677080.000,0,-,-,-,-,3782.2000,3782.0000,3781.0000,3779.0000,3778.8000,3783.8000,3784.0000,3784.2000,3784.4000,3793.0000,1,1,3,2,1,1,1,1,5,1
SF,IF2012,2020-05-07 09:30:28.100,3784.2000,2389,0,5677080.000,0,-,-,-,-,3782.2000,3782.0000,3781.0000,3779.0000,3778.8000,3783.8000,3784.2000,3784.4000,3793.0000,3795.8000,1,1,3,2,1,1,1,5,1,1
SF,IF2012,2020-05-07 09:30:28.600,3782.0000,2387,-2,7946340.000,2,0,2,双平,S,3781.0000,3779.0000,3778.8000,3776.4000,3772.2000,3782.0000,3783.8000,3784.2000,3793.0000,3795.8000,3,2,1,1,2,3,1,1,1,1
SF,IF2012,2020-05-07 09:30:29.100,3782.0000,2384,-3,11350140.000,3,0,3,双平,S,3781.2000,3781.0000,3779.0000,3778.8000,3776.4000,3783.6000,3783.8000,3784.2000,3793.0000,3795.8000,1,3,2,1,1,1,1,1,1,1
SF,IF2012,2020-05-07 09:30:29.600,3782.0000,2384,0,11350140.000,0,-,-,-,-,3782.0000,3781.2000,3781.0000,3779.0000,3778.8000,3783.4000,3783.6000,3784.2000,3793.0000,3795.8000,1,1,3,2,1,1,1,1,1,1
SF,IF2012,2020-05-07 09:30:30.100,3782.0000,2384,0,11350140.000,0,-,-,-,-,3782.0000,3781.2000,3781.0000,3779.0000,3778.8000,3783.4000,3784.2000,3793.0000,3795.8000,3798.2000,1,1,3,2,1,1,1,1,1,2
SF,IF2012,2020-05-07 09:30:31.100,3782.0000,2384,0,11350140.000,0,-,-,-,-,3782.2000,3782.0000,3781.2000,3781.0000,3779.0000,3783.4000,3784.2000,3793.0000,3795.8000,3798.2000,1,1,1,3,2,1,1,1,1,2
SF,IF2012,2020-05-07 09:30:31.600,3783.4000,2383,-1,12485160.000,1,0,1,双平,S,3782.4000,3782.2000,3782.0000,3781.0000,3779.0000,3784.2000,3793.0000,3795.8000,3798.2000,3798.8000,1,1,1,3,2,1,1,1,2,1
SF,IF2012,2020-05-07 09:30:32.100,3783.4000,2383,0,12485160.000,0,-,-,-,-,3783.4000,3782.4000,3782.2000,3782.0000,3781.0000,3784.0000,3784.2000,3793.0000,3795.8000,3798.2000,1,1,1,1,3,1,1,1,1,2
SF,IF2012,2020-05-07 09:30:33.100,3784.2000,2380,-3,15890640.000,3,0,3,双平,S,3782.4000,3782.2000,3782.0000,3781.0000,3779.0000,3793.0000,3795.8000,3798.2000,3798.8000,3835.0000,1,1,1,3,3,1,1,2,1,1
SF,IF2012,2020-05-07 09:30:33.600,3784.2000,2380,0,15890640.000,0,-,-,-,-,3782.4000,3782.0000,3781.0000,3779.0000,3778.8000,3787.6000,3792.6000,3792.8000,3793.0000,3795.8000,1,1,3,3,1,1,7,1,1,1
SF,IF2012,2020-05-07 09:30:34.100,3784.2000,2380,0,15890640.000,0,-,-,-,-,3782.4000,3782.0000,3781.0000,3779.0000,3778.8000,3787.2000,3787.4000,3787.6000,3793.0000,3795.8000,1,1,3,3,1,7,1,1,1,1
SF,IF2012,2020-05-07 09:30:34.600,3784.2000,2380,0,15890640.000,0,-,-,-,-,3782.4000,3782.0000,3781.8000,3781.0000,3779.0000,3787.0000,3787.2000,3787.4000,3793.0000,3795.8000,1,1,1,3,3,1,7,1,1,1
SF,IF2012,2020-05-07 09:30:35.100,3784.2000,2380,0,15890640.000,0,-,-,-,-,3782.4000,3782.0000,3781.8000,3781.0000,3779.0000,3786.6000,3787.0000,3787.4000,3793.0000,3795.8000,1,1,1,3,3,7,1,1,1,1
SF,IF2012,2020-05-07 09:30:35.600,3784.2000,2380,0,15890640.000,0,-,-,-,-,3782.4000,3782.0000,3781.8000,3781.0000,3779.0000,3786.4000,3786.6000,3793.0000,3795.8000,3798.2000,1,1,1,3,3,1,7,1,1,2
SF,IF2012,2020-05-07 09:30:36.100,3784.2000,2380,0,15890640.000,0,-,-,-,-,3782.4000,3782.0000,3781.8000,3781.0000,3779.0000,3786.0000,3786.4000,3793.0000,3795.8000,3798.2000,1,1,1,3,3,7,1,1,1,2
SF,IF2012,2020-05-07 09:30:36.600,3784.2000,2380,0,15890640.000,0,-,-,-,-,3782.4000,3782.0000,3781.8000,3781.0000,3779.0000,3785.8000,3786.0000,3786.2000,3793.0000,3795.8000,1,1,1,3,3,1,7,1,1,1
SF,IF2012,2020-05-07 09:30:37.100,3784.2000,2380,0,15890640.000,0,-,-,-,-,3782.4000,3782.0000,3781.8000,3781.0000,3779.0000,3783.8000,3785.8000,3786.0000,3786.2000,3793.0000,1,1,1,3,3,1,1,7,1,1
SF,IF2012,2020-05-07 09:30:37.600,3784.2000,2380,0,15890640.000,0,-,-,-,-,3782.4000,3782.0000,3781.0000,3779.0000,3778.8000,3783.8000,3785.8000,3786.0000,3793.0000,3795.8000,1,1,3,3,1,1,1,7,1,1
SF,IF2012,2020-05-07 09:30:38.100,3784.2000,2380,0,15890640.000,0,-,-,-,-,3782.4000,3781.0000,3779.0000,3778.8000,3776.4000,3783.8000,3785.8000,3786.0000,3793.0000,3795.8000,1,3,3,1,1,1,1,7,1,1
SF,IF2012,2020-05-07 09:30:38.600,3784.2000,2380,0,15890640.000,0,-,-,-,-,3782.6000,3782.4000,3781.0000,3779.0000,3778.8000,3783.8000,3785.8000,3786.0000,3793.0000,3795.8000,2,1,3,3,1,1,1,7,1,1
SF,IF2012,2020-05-07 09:30:39.100,3784.2000,2380,0,15890640.000,0,-,-,-,-,3782.8000,3782.6000,3781.0000,3779.0000,3778.8000,3783.8000,3785.8000,3786.0000,3793.0000,3795.8000,1,2,3,3,1,1,1,7,1,1
SF,IF2012,2020-05-07 09:30:41.100,3783.8000,2379,-1,17025780.000,1,0,1,双平,S,3782.8000,3782.6000,3781.0000,3779.0000,3778.8000,3785.8000,3786.0000,3793.0000,3795.8000,3798.2000,1,2,3,3,1,1,7,1,1,2
SF,IF2012,2020-05-07 09:30:42.600,3783.8000,2379,0,17025780.000,0,-,-,-,-,3783.2000,3782.8000,3782.6000,3781.0000,3779.0000,3785.8000,3786.0000,3793.0000,3795.8000,3798.2000,1,1,2,3,3,1,7,1,1,2
SF,IF2012,2020-05-07 09:30:43.100,3783.8000,2379,0,17025780.000,0,-,-,-,-,3783.4000,3782.6000,3781.0000,3779.0000,3778.8000,3785.4000,3785.8000,3793.0000,3795.8000,3798.2000,1,2,3,3,1,7,1,1,1,2
SF,IF2012,2020-05-07 09:30:43.600,3783.8000,2379,0,17025780.000,0,-,-,-,-,3783.4000,3782.6000,3781.0000,3779.0000,3778.8000,3785.2000,3785.4000,3793.0000,3795.8000,3798.2000,1,1,3,3,1,1,7,1,1,2
SF,IF2012,2020-05-07 09:30:44.100,3783.4000,2378,-1,18160800.000,1,0,1,双平,S,3782.6000,3781.0000,3779.0000,3778.8000,3776.4000,3785.2000,3785.4000,3793.0000,3795.8000,3798.2000,1,3,3,1,1,1,7,1,1,2
SF,IF2012,2020-05-07 09:30:44.600,3783.4000,2378,0,18160800.000,0,-,-,-,-,3782.8000,3782.6000,3781.0000,3779.0000,3778.8000,3785.0000,3785.2000,3785.4000,3793.0000,3795.8000,1,1,3,3,1,1,1,7,1,1
SF,IF2012,2020-05-07 09:30:45.100,3783.4000,2378,0,18160800.000,0,-,-,-,-,3781.0000,3779.0000,3778.8000,3776.4000,3772.2000,3784.8000,3785.0000,3793.0000,3795.8000,3798.2000,3,3,1,1,2,8,1,1,1,2
SF,IF2012,2020-05-07 09:30:45.600,3783.4000,2378,0,18160800.000,0,-,-,-,-,3781.2000,3781.0000,3779.0000,3778.8000,3776.4000,3784.8000,3793.0000,3795.8000,3798.2000,3798.8000,1,3,3,1,1,8,1,1,2,1
SF,IF2012,2020-05-07 09:30:46.100,3783.4000,2378,0,18160800.000,0,-,-,-,-,3781.2000,3781.0000,3779.0000,3778.8000,3776.4000,3784.4000,3784.8000,3793.0000,3795.8000,3798.2000,1,3,3,1,1,1,8,1,1,2
SF,IF2012,2020-05-07 09:30:46.600,3783.4000,2378,0,18160800.000,0,-,-,-,-,3781.2000,3781.0000,3779.0000,3778.8000,3776.4000,3784.2000,3784.4000,3784.8000,3793.0000,3795.8000,1,3,1,1,1,1,1,7,1,1
SF,IF2012,2020-05-07 09:30:47.100,3783.4000,2378,0,18160800.000,0,-,-,-,-,3781.2000,3781.0000,3779.0000,3778.8000,3776.4000,3784.2000,3784.4000,3784.8000,3793.0000,3795.8000,1,3,1,1,1,2,1,7,1,1
SF,IF2012,2020-05-07 09:30:47.600,3783.4000,2378,0,18160800.000,0,-,-,-,-,3781.4000,3781.2000,3781.0000,3779.0000,3778.8000,3784.2000,3784.8000,3793.0000,3795.8000,3798.2000,1,1,3,1,1,2,7,1,1,2
SF,IF2012,2020-05-07 09:30:48.100,3783.4000,2378,0,18160800.000,0,-,-,-,-,3781.6000,3781.4000,3781.0000,3779.0000,3778.8000,3784.2000,3784.8000,3793.0000,3795.8000,3798.2000,1,1,3,1,1,1,7,1,1,2
SF,IF2012,2020-05-07 09:30:49.100,3783.4000,2378,0,18160800.000,0,-,-,-,-,3781.8000,3781.6000,3781.4000,3781.0000,3779.0000,3784.2000,3784.8000,3793.0000,3795.8000,3798.2000,1,1,1,3,1,1,7,1,1,2
SF,IF2012,2020-05-07 09:30:49.600,3783.4000,2378,0,18160800.000,0,-,-,-,-,3782.0000,3781.8000,3781.4000,3781.0000,3779.0000,3784.2000,3784.8000,3793.0000,3795.8000,3798.2000,1,1,1,3,1,1,7,1,1,2
SF,IF2012,2020-05-07 09:30:50.100,3783.4000,2378,0,18160800.000,0,-,-,-,-,3782.0000,3781.4000,3781.0000,3779.0000,3778.8000,3784.2000,3784.8000,3793.0000,3795.8000,3798.2000,1,1,3,1,1,1,7,1,1,2
SF,IF2012,2020-05-07 09:30:50.600,3783.4000,2378,0,18160800.000,0,-,-,-,-,3782.2000,3782.0000,3781.4000,3781.0000,3779.0000,3784.2000,3784.8000,3793.0000,3795.8000,3798.2000,1,1,1,3,1,1,7,1,1,2
SF,IF2012,2020-05-07 09:30:51.100,3783.4000,2378,0,18160800.000,0,-,-,-,-,3782.4000,3782.2000,3781.4000,3781.0000,3779.0000,3784.2000,3784.8000,3793.0000,3795.8000,3798.2000,1,1,1,3,1,1,7,1,1,2
SF,IF2012,2020-05-07 09:30:51.600,3783.4000,2378,0,18160800.000,0,-,-,-,-,3782.4000,3781.4000,3781.0000,3779.0000,3778.8000,3784.2000,3784.8000,3793.0000,3795.8000,3798.2000,2,1,3,1,1,1,7,1,1,2
SF,IF2012,2020-05-07 09:30:52.100,3783.4000,2378,0,18160800.000,0,-,-,-,-,3782.4000,3781.4000,3781.0000,3779.0000,3778.8000,3784.2000,3784.8000,3793.0000,3795.8000,3798.2000,1,1,3,1,1,1,7,1,1,2
SF,IF2012,2020-05-07 09:30:52.600,3783.4000,2378,0,18160800.000,0,-,-,-,-,3782.6000,3781.4000,3781.0000,3779.0000,3778.8000,3784.2000,3784.8000,3793.0000,3795.8000,3798.2000,1,1,3,1,1,1,7,1,1,2
SF,IF2012,2020-05-07 09:30:53.600,3783.4000,2378,0,18160800.000,0,-,-,-,-,3782.6000,3781.4000,3781.0000,3779.0000,3778.8000,3784.0000,3784.2000,3784.8000,3793.0000,3795.8000,1,1,3,1,1,1,1,7,1,1
SF,IF2012,2020-05-07 09:30:54.100,3783.4000,2378,0,18160800.000,0,-,-,-,-,3782.6000,3781.4000,3781.0000,3779.0000,3778.8000,3783.8000,3784.0000,3793.0000,3795.8000,3798.2000,1,1,3,1,1,1,1,1,1,2
SF,IF2012,2020-05-07 09:30:54.600,3783.4000,2378,0,18160800.000,0,-,-,-,-,3782.6000,3781.4000,3781.0000,3779.0000,3778.8000,3783.8000,3793.0000,3795.8000,3798.2000,3798.8000,1,1,3,1,1,1,1,1,2,1
SF,IF2012,2020-05-07 09:30:55.100,3783.4000,2378,0,18160800.000,0,-,-,-,-,3782.8000,3782.6000,3781.4000,3781.0000,3779.0000,3783.8000,3793.0000,3795.8000,3798.2000,3798.8000,1,1,1,3,1,1,1,1,2,1
SF,IF2012,2020-05-07 09:30:55.600,3783.4000,2378,0,18160800.000,0,-,-,-,-,3783.0000,3782.8000,3781.4000,3781.0000,3779.0000,3793.0000,3795.8000,3798.2000,3798.8000,3835.0000,1,1,1,3,1,1,1,2,1,1
SF,IF2012,2020-05-07 09:30:56.100,3783.4000,2378,0,18160800.000,0,-,-,-,-,3783.0000,3782.8000,3781.4000,3781.0000,3779.0000,3792.6000,3792.8000,3793.0000,3795.8000,3798.2000,1,1,1,3,1,7,1,1,1,2
SF,IF2012,2020-05-07 09:30:56.600,3783.4000,2378,0,18160800.000,0,-,-,-,-,3783.0000,3781.4000,3781.0000,3779.0000,3778.8000,3792.4000,3792.6000,3793.0000,3795.8000,3798.2000,1,1,3,1,1,1,7,1,1,2
SF,IF2012,2020-05-07 09:30:57.100,3783.4000,2378,0,18160800.000,0,-,-,-,-,3783.0000,3781.4000,3781.0000,3779.0000,3778.8000,3787.6000,3789.2000,3792.0000,3792.4000,3793.0000,1,1,3,1,1,1,1,7,1,1
SF,IF2012,2020-05-07 09:30:57.600,3783.4000,2378,0,18160800.000,0,-,-,-,-,3783.0000,3781.4000,3781.0000,3779.0000,3778.8000,3787.2000,3787.4000,3789.2000,3792.2000,3793.0000,1,1,3,1,1,8,1,1,1,1
SF,IF2012,2020-05-07 09:30:58.100,3783.4000,2378,0,18160800.000,0,-,-,-,-,3783.0000,3781.4000,3781.0000,3779.0000,3778.8000,3787.0000,3787.2000,3792.2000,3793.0000,3795.8000,1,1,3,1,1,2,7,1,1,1
SF,IF2012,2020-05-07 09:30:58.600,3783.4000,2378,0,18160800.000,0,-,-,-,-,3783.0000,3781.0000,3779.0000,3778.8000,3776.4000,3786.2000,3786.6000,3787.0000,3790.2000,3793.0000,1,3,1,1,1,1,7,3,1,1
SF,IF2012,2020-05-07 09:30:59.100,3783.4000,2378,0,18160800.000,0,-,-,-,-,3783.0000,3781.0000,3779.0000,3778.8000,3776.4000,3785.8000,3786.0000,3786.2000,3790.2000,3793.0000,1,3,1,1,1,7,2,1,1,1
SF,IF2012,2020-05-07 09:30:59.600,3783.4000,2378,0,18160800.000,0,-,-,-,-,3783.2000,3783.0000,3781.0000,3779.0000,3778.8000,3785.6000,3785.8000,3786.0000,3786.2000,3786.6000,1,1,3,1,1,1,7,1,1,1
SF,IF2012,2020-05-07 09:31:00.100,3783.4000,2378,0,18160800.000,0,-,-,-,-,3783.4000,3783.2000,3781.0000,3779.0000,3778.8000,3785.0000,3785.2000,3785.6000,3790.2000,3793.0000,1,1,3,1,1,1,7,1,1,1
SF,IF2012,2020-05-07 09:31:00.600,3783.4000,2378,0,18160800.000,0,-,-,-,-,3783.4000,3781.0000,3779.0000,3778.8000,3776.4000,3784.8000,3785.0000,3785.2000,3790.2000,3793.0000,1,3,1,1,1,1,1,7,1,1
SF,IF2012,2020-05-07 09:31:01.100,3783.4000,2378,0,18160800.000,0,-,-,-,-,3781.0000,3779.0000,3778.8000,3776.4000,3772.2000,3784.8000,3785.0000,3790.2000,3793.0000,3795.8000,3,1,1,1,2,8,1,1,1,1
SF,IF2012,2020-05-07 09:31:01.600,3783.4000,2378,0,18160800.000,0,-,-,-,-,3781.2000,3781.0000,3779.0000,3778.8000,3776.4000,3784.8000,3790.2000,3793.0000,3795.8000,3798.2000,2,3,1,1,1,8,1,1,1,2
SF,IF2012,2020-05-07 09:31:02.100,3783.4000,2378,0,18160800.000,0,-,-,-,-,3781.2000,3781.0000,3779.0000,3778.8000,3776.4000,3784.8000,3785.0000,3790.2000,3793.0000,3795.8000,2,3,1,1,1,8,2,1,1,1
SF,IF2012,2020-05-07 09:31:02.600,3783.4000,2378,0,18160800.000,0,-,-,-,-,3781.2000,3781.0000,3779.0000,3778.8000,3776.4000,3784.2000,3784.8000,3785.0000,3790.2000,3793.0000,2,3,1,1,1,1,8,2,1,1
SF,IF2012,2020-05-07 09:31:03.100,3783.4000,2378,0,18160800.000,0,-,-,-,-,3781.6000,3781.2000,3781.0000,3779.0000,3778.8000,3784.0000,3784.2000,3785.0000,3790.2000,3793.0000,1,2,3,1,1,1,1,2,1,1
SF,IF2012,2020-05-07 09:31:03.600,3783.4000,2378,0,18160800.000,0,-,-,-,-,3781.8000,3781.6000,3781.2000,3781.0000,3779.0000,3784.2000,3785.0000,3790.2000,3793.0000,3795.8000,1,1,1,3,1,1,2,1,1,1
SF,IF2012,2020-05-07 09:31:04.100,3783.4000,2378,0,18160800.000,0,-,-,-,-,3781.8000,3781.6000,3781.2000,3781.0000,3779.0000,3784.0000,3785.0000,3790.2000,3793.0000,3795.8000,1,1,1,3,1,1,2,1,1,1
SF,IF2012,2020-05-07 09:31:04.600,3783.4000,2378,0,18160800.000,0,-,-,-,-,3781.8000,3781.6000,3781.2000,3781.0000,3779.0000,3785.0000,3790.2000,3793.0000,3795.8000,3798.2000,1,1,1,3,1,2,1,1,1,2
SF,IF2012,2020-05-07 09:31:05.100,3783.4000,2378,0,18160800.000,0,-,-,-,-,3782.0000,3781.8000,3781.6000,3781.2000,3781.0000,3784.8000,3785.0000,3790.2000,3793.0000,3795.8000,1,1,1,1,3,1,2,1,1,1
SF,IF2012,2020-05-07 09:31:05.600,3783.4000,2378,0,18160800.000,0,-,-,-,-,3782.2000,3782.0000,3781.6000,3781.2000,3781.0000,3784.8000,3785.0000,3790.2000,3793.0000,3795.8000,1,1,1,1,3,1,2,1,1,1
SF,IF2012,2020-05-07 09:31:08.100,3783.4000,2378,0,18160800.000,0,-,-,-,-,3782.4000,3782.2000,3781.6000,3781.2000,3781.0000,3784.8000,3785.0000,3790.2000,3793.0000,3795.8000,1,1,1,1,3,1,2,1,1,1
SF,IF2012,2020-05-07 09:31:08.600,3783.4000,2378,0,18160800.000,0,-,-,-,-,3782.6000,3781.6000,3781.2000,3781.0000,3779.0000,3784.8000,3785.0000,3790.2000,3793.0000,3795.8000,1,1,1,3,1,1,2,1,1,1
SF,IF2012,2020-05-07 09:31:09.100,3783.4000,2378,0,18160800.000,0,-,-,-,-,3782.6000,3781.6000,3781.2000,3781.0000,3779.0000,3785.0000,3790.2000,3793.0000,3795.8000,3798.2000,1,1,1,3,1,2,1,1,1,2
SF,IF2012,2020-05-07 09:31:09.600,3783.4000,2378,0,18160800.000,0,-,-,-,-,3782.6000,3781.6000,3781.2000,3781.0000,3779.0000,3784.8000,3785.0000,3790.2000,3793.0000,3795.8000,1,1,1,3,1,1,2,1,1,1
SF,IF2012,2020-05-07 09:31:15.600,3783.4000,2378,0,18160800.000,0,-,-,-,-,3782.8000,3782.6000,3781.6000,3781.2000,3781.0000,3784.8000,3785.0000,3790.2000,3793.0000,3795.8000,1,1,1,1,3,1,2,1,1,1
SF,IF2012,2020-05-07 09:31:16.100,3783.4000,2378,0,18160800.000,0,-,-,-,-,3783.0000,3782.8000,3781.6000,3781.0000,3779.0000,3784.8000,3785.0000,3790.2000,3793.0000,3795.8000,1,1,1,3,1,1,2,1,1,1
SF,IF2012,2020-05-07 09:31:17.600,3783.4000,2378,0,18160800.000,0,-,-,-,-,3783.0000,3782.8000,3781.6000,3781.0000,3779.0000,3784.6000,3784.8000,3785.0000,3790.2000,3793.0000,1,1,1,3,1,1,1,2,1,1
SF,IF2012,2020-05-07 09:31:18.100,3783.4000,2378,0,18160800.000,0,-,-,-,-,3783.0000,3782.8000,3781.6000,3781.0000,3779.0000,3784.4000,3784.6000,3785.0000,3790.2000,3793.0000,1,1,1,3,1,1,1,2,1,1
SF,IF2012,2020-05-07 09:31:18.600,3783.4000,2378,0,18160800.000,0,-,-,-,-,3783.0000,3781.6000,3781.0000,3779.0000,3778.8000,3784.4000,3784.6000,3785.0000,3790.2000,3793.0000,1,1,3,1,1,1,1,2,1,1
SF,IF2012,2020-05-07 09:31:19.100,3783.4000,2378,0,18160800.000,0,-,-,-,-,3783.0000,3781.0000,3779.0000,3778.8000,3776.4000,3784.4000,3784.6000,3785.0000,3790.2000,3793.0000,1,3,1,1,1,1,1,2,1,1
SF,IF2012,2020-05-07 09:31:19.600,3783.4000,2378,0,18160800.000,0,-,-,-,-,3781.0000,3779.0000,3778.8000,3776.4000,3772.2000,3784.4000,3784.6000,3785.0000,3790.2000,3793.0000,3,1,1,1,2,1,1,2,1,1
SF,IF2012,2020-05-07 09:31:20.100,3783.4000,2378,0,18160800.000,0,-,-,-,-,3781.2000,3781.0000,3779.0000,3778.8000,3776.4000,3784.4000,3784.6000,3785.0000,3790.2000,3793.0000,1,3,1,1,1,1,1,2,1,1
SF,IF2012,2020-05-07 09:31:21.100,3783.4000,2378,0,18160800.000,0,-,-,-,-,3781.4000,3781.2000,3781.0000,3779.0000,3778.8000,3784.4000,3785.0000,3790.2000,3793.0000,3795.8000,1,1,3,1,1,1,2,1,1,1
SF,IF2012,2020-05-07 09:31:21.600,3783.4000,2378,0,18160800.000,0,-,-,-,-,3781.6000,3781.4000,3781.0000,3779.0000,3778.8000,3784.2000,3784.4000,3785.0000,3790.2000,3793.0000,1,1,3,1,1,1,1,2,1,1
SF,IF2012,2020-05-07 09:31:22.100,3783.4000,2378,0,18160800.000,0,-,-,-,-,3781.6000,3781.4000,3781.0000,3779.0000,3778.8000,3784.0000,3784.2000,3785.0000,3790.2000,3793.0000,1,1,3,1,1,1,1,2,1,1
SF,IF2012,2020-05-07 09:31:26.600,3783.4000,2378,0,18160800.000,0,-,-,-,-,3781.6000,3781.0000,3779.0000,3778.8000,3776.4000,3784.0000,3784.2000,3785.0000,3790.2000,3793.0000,1,3,1,1,1,1,1,2,1,1
SF,IF2012,2020-05-07 09:31:27.100,3783.4000,2378,0,18160800.000,0,-,-,-,-,3781.6000,3781.0000,3779.0000,3778.8000,3776.4000,3784.0000,3784.2000,3785.0000,3793.0000,3795.8000,1,3,1,1,1,1,1,2,1,1
SF,IF2012,2020-05-07 09:31:31.100,3783.4000,2378,0,18160800.000,0,-,-,-,-,3781.6000,3781.0000,3779.0000,3778.8000,3776.4000,3783.8000,3784.0000,3784.2000,3785.0000,3793.0000,1,3,1,1,1,1,1,1,2,1
SF,IF2012,2020-05-07 09:31:31.600,3783.4000,2378,0,18160800.000,0,-,-,-,-,3781.6000,3781.0000,3779.0000,3778.8000,3776.4000,3783.6000,3783.8000,3784.2000,3785.0000,3793.0000,1,3,1,1,1,1,1,1,2,1
SF,IF2012,2020-05-07 09:31:33.100,3783.4000,2378,0,18160800.000,0,-,-,-,-,3781.6000,3781.0000,3779.0000,3778.8000,3776.4000,3783.4000,3783.6000,3784.2000,3785.0000,3793.0000,1,3,1,1,1,1,1,1,2,1
SF,IF2012,2020-05-07 09:31:33.600,3783.4000,2378,0,18160800.000,0,-,-,-,-,3781.6000,3781.0000,3779.0000,3778.8000,3776.4000,3783.2000,3783.4000,3784.2000,3785.0000,3793.0000,1,3,1,1,1,1,1,1,2,1
SF,IF2012,2020-05-07 09:31:34.100,3783.4000,2378,0,18160800.000,0,-,-,-,-,3781.6000,3781.0000,3779.0000,3778.8000,3776.4000,3783.2000,3783.4000,3785.0000,3793.0000,3795.8000,1,3,1,1,1,1,1,2,1,1
SF,IF2012,2020-05-07 09:31:35.100,3783.4000,2378,0,18160800.000,0,-,-,-,-,3781.6000,3781.0000,3779.0000,3778.8000,3776.4000,3783.0000,3783.2000,3783.4000,3785.0000,3793.0000,1,3,1,1,1,1,1,1,2,1
SF,IF2012,2020-05-07 09:31:35.600,3783.4000,2378,0,18160800.000,0,-,-,-,-,3781.6000,3781.0000,3779.0000,3778.8000,3776.4000,3782.8000,3783.0000,3785.0000,3793.0000,3795.8000,1,3,1,1,1,1,1,2,1,1
SF,IF2012,2020-05-07 09:31:36.100,3783.4000,2378,0,18160800.000,0,-,-,-,-,3781.6000,3781.0000,3779.0000,3778.8000,3776.4000,3782.8000,3785.0000,3793.0000,3795.8000,3798.2000,1,3,1,1,1,1,2,1,1,2
SF,IF2012,2020-05-07 09:31:36.600,3783.4000,2378,0,18160800.000,0,-,-,-,-,3781.8000,3781.6000,3781.0000,3779.0000,3778.8000,3782.8000,3785.0000,3793.0000,3795.8000,3798.2000,1,1,3,1,1,1,2,1,1,2
SF,IF2012,2020-05-07 09:31:38.100,3783.4000,2378,0,18160800.000,0,-,-,-,-,3781.6000,3781.0000,3779.0000,3778.8000,3776.4000,3782.8000,3785.0000,3793.0000,3795.8000,3798.2000,1,3,1,1,1,1,2,1,1,2
SF,IF2012,2020-05-07 09:31:38.600,3783.4000,2378,0,18160800.000,0,-,-,-,-,3781.6000,3781.0000,3779.0000,3778.8000,3776.4000,3782.6000,3782.8000,3785.0000,3793.0000,3795.8000,1,3,1,1,1,1,1,2,1,1
SF,IF2012,2020-05-07 09:31:44.600,3781.6000,2377,-1,19295280.000,1,0,1,双平,S,3781.0000,3779.0000,3778.8000,3776.4000,3772.2000,3781.6000,3782.6000,3782.8000,3785.0000,3793.0000,3,1,1,1,2,4,1,1,2,1
SF,IF2012,2020-05-07 09:31:45.100,3781.6000,2373,-4,23833200.000,4,0,4,双平,S,3781.0000,3779.0000,3778.8000,3776.4000,3772.2000,3782.8000,3785.0000,3793.0000,3795.8000,3798.2000,3,1,1,1,2,1,2,1,1,2
SF,IF2012,2020-05-07 09:31:46.600,3781.6000,2373,0,23833200.000,0,-,-,-,-,3781.0000,3779.0000,3778.8000,3776.4000,3772.2000,3782.6000,3782.8000,3785.0000,3793.0000,3795.8000,3,1,1,1,2,1,1,2,1,1
SF,IF2012,2020-05-07 09:31:47.100,3781.6000,2373,0,23833200.000,0,-,-,-,-,3781.0000,3779.0000,3778.8000,3776.4000,3772.2000,3782.4000,3782.6000,3785.0000,3793.0000,3795.8000,3,1,1,1,2,1,1,2,1,1
SF,IF2012,2020-05-07 09:31:52.600,3781.0000,2373,0,24967500.000,1,0,1,多换,S,3781.0000,3779.0000,3778.8000,3776.4000,3772.2000,3782.4000,3782.6000,3785.0000,3793.0000,3795.8000,2,1,1,1,2,1,1,2,1,1
SF,IF2012,2020-05-07 09:31:53.100,3781.0000,2373,0,24967500.000,0,-,-,-,-,3781.0000,3779.0000,3778.8000,3776.4000,3772.2000,3782.2000,3782.4000,3782.6000,3785.0000,3793.0000,2,1,1,1,2,1,1,1,2,1
SF,IF2012,2020-05-07 09:31:53.600,3781.0000,2373,0,24967500.000,0,-,-,-,-,3781.0000,3779.0000,3778.8000,3776.4000,3772.2000,3782.0000,3782.2000,3782.6000,3785.0000,3793.0000,2,1,1,1,2,1,1,1,2,1
SF,IF2012,2020-05-07 09:32:07.100,3781.0000,2373,0,24967500.000,0,-,-,-,-,3781.0000,3779.0000,3778.8000,3776.4000,3772.2000,3782.0000,3782.2000,3782.6000,3785.0000,3793.0000,2,1,1,1,2,2,1,1,2,1
SF,IF2012,2020-05-07 09:32:07.600,3781.0000,2373,0,24967500.000,0,-,-,-,-,3781.0000,3779.0000,3778.8000,3776.4000,3772.2000,3782.0000,3782.2000,3785.0000,3793.0000,3795.8000,2,1,1,1,2,2,1,2,1,1
SF,IF2012,2020-05-07 09:32:08.100,3781.0000,2373,0,24967500.000,0,-,-,-,-,3781.0000,3779.0000,3778.8000,3776.4000,3772.2000,3782.0000,3785.0000,3793.0000,3795.8000,3798.2000,2,1,1,1,2,2,2,1,1,2
SF,IF2012,2020-05-07 09:32:08.600,3781.0000,2373,0,24967500.000,0,-,-,-,-,3781.2000,3781.0000,3779.0000,3778.8000,3776.4000,3782.0000,3785.0000,3793.0000,3795.8000,3798.2000,1,2,1,1,1,2,2,1,1,2
SF,IF2012,2020-05-07 09:32:09.600,3782.0000,2371,-2,27236700.000,2,0,2,双平,S,3781.2000,3781.0000,3779.0000,3778.8000,3776.4000,3785.0000,3793.0000,3795.8000,3798.2000,3798.8000,1,2,1,1,1,2,1,1,2,1
SF,IF2012,2020-05-07 09:32:10.100,3782.0000,2371,0,27236700.000,0,-,-,-,-,3781.4000,3781.0000,3779.0000,3778.8000,3776.4000,3784.8000,3785.0000,3793.0000,3795.8000,3798.2000,1,2,1,1,1,1,2,1,1,2
SF,IF2012,2020-05-07 09:32:11.100,3782.0000,2371,0,27236700.000,0,-,-,-,-,3781.4000,3781.0000,3779.0000,3778.8000,3776.4000,3784.6000,3784.8000,3785.0000,3793.0000,3795.8000,1,2,1,1,1,1,1,2,1,1
SF,IF2012,2020-05-07 09:32:11.600,3782.0000,2371,0,27236700.000,0,-,-,-,-,3781.4000,3781.0000,3779.0000,3778.8000,3776.4000,3784.4000,3784.6000,3785.0000,3793.0000,3795.8000,1,2,1,1,1,1,1,2,1,1
SF,IF2012,2020-05-07 09:32:12.100,3782.0000,2371,0,27236700.000,0,-,-,-,-,3781.4000,3781.0000,3779.0000,3778.8000,3776.4000,3784.4000,3784.6000,3785.0000,3793.0000,3795.8000,1,2,1,1,1,2,1,2,1,1
SF,IF2012,2020-05-07 09:32:12.600,3782.0000,2371,0,27236700.000,0,-,-,-,-,3781.4000,3781.0000,3779.0000,3778.8000,3776.4000,3784.2000,3784.4000,3785.0000,3793.0000,3795.8000,1,2,1,1,1,2,2,2,1,1
SF,IF2012,2020-05-07 09:32:13.100,3782.0000,2371,0,27236700.000,0,-,-,-,-,3781.4000,3781.0000,3779.0000,3778.8000,3776.4000,3784.0000,3784.2000,3784.4000,3785.0000,3793.0000,1,2,1,1,1,1,2,1,2,1
SF,IF2012,2020-05-07 09:32:14.100,3782.0000,2371,0,27236700.000,0,-,-,-,-,3781.6000,3781.4000,3781.0000,3779.0000,3778.8000,3784.0000,3784.2000,3785.0000,3793.0000,3795.8000,1,1,2,1,1,1,1,2,1,1
SF,IF2012,2020-05-07 09:32:14.600,3782.0000,2371,0,27236700.000,0,-,-,-,-,3781.8000,3781.6000,3781.0000,3779.0000,3778.8000,3784.0000,3785.0000,3793.0000,3795.8000,3798.2000,1,1,2,1,1,1,2,1,1,2
SF,IF2012,2020-05-07 09:32:15.100,3782.0000,2371,0,27236700.000,0,-,-,-,-,3782.0000,3781.8000,3781.6000,3781.0000,3779.0000,3784.0000,3785.0000,3793.0000,3795.8000,3798.2000,1,2,1,2,1,1,2,1,1,2
SF,IF2012,2020-05-07 09:32:15.600,3782.0000,2371,0,27236700.000,0,-,-,-,-,3782.2000,3782.0000,3781.8000,3781.6000,3781.0000,3784.0000,3785.0000,3793.0000,3795.8000,3798.2000,1,1,1,1,2,1,2,1,1,2
SF,IF2012,2020-05-07 09:32:16.100,3782.0000,2371,0,27236700.000,0,-,-,-,-,3782.2000,3782.0000,3781.6000,3781.0000,3779.0000,3784.0000,3785.0000,3793.0000,3795.8000,3798.2000,1,1,1,2,1,1,2,1,1,2
SF,IF2012,2020-05-07 09:32:16.600,3782.0000,2371,0,27236700.000,0,-,-,-,-,3782.2000,3782.0000,3781.0000,3779.0000,3778.8000,3784.0000,3785.0000,3793.0000,3795.8000,3798.2000,1,1,2,1,1,1,2,1,1,2
SF,IF2012,2020-05-07 09:32:17.600,3782.0000,2371,0,27236700.000,0,-,-,-,-,3782.4000,3782.2000,3782.0000,3781.0000,3779.0000,3784.0000,3785.0000,3793.0000,3795.8000,3798.2000,1,1,1,2,1,1,2,1,1,2
SF,IF2012,2020-05-07 09:32:18.100,3782.0000,2371,0,27236700.000,0,-,-,-,-,3782.6000,3782.4000,3782.0000,3781.0000,3779.0000,3784.0000,3785.0000,3793.0000,3795.8000,3798.2000,1,1,1,2,1,1,2,1,1,2
SF,IF2012,2020-05-07 09:32:18.600,3782.0000,2371,0,27236700.000,0,-,-,-,-,3782.6000,3782.4000,3782.0000,3781.0000,3779.0000,3784.0000,3785.0000,3793.0000,3795.8000,3798.2000,2,1,1,2,1,1,2,1,1,2
SF,IF2012,2020-05-07 09:32:19.100,3782.0000,2371,0,27236700.000,0,-,-,-,-,3782.6000,3782.4000,3782.0000,3781.0000,3779.0000,3785.0000,3793.0000,3795.8000,3798.2000,3798.8000,2,1,1,2,1,2,1,1,2,1
SF,IF2012,2020-05-07 09:32:19.600,3782.0000,2371,0,27236700.000,0,-,-,-,-,3782.6000,3782.4000,3782.0000,3781.0000,3779.0000,3784.8000,3785.0000,3793.0000,3795.8000,3798.2000,2,1,1,2,1,1,2,1,1,2
SF,IF2012,2020-05-07 09:32:20.100,3782.0000,2371,0,27236700.000,0,-,-,-,-,3782.6000,3782.0000,3781.0000,3779.0000,3778.8000,3784.8000,3785.0000,3793.0000,3795.8000,3798.2000,1,1,2,1,1,1,2,1,1,2
SF,IF2012,2020-05-07 09:32:20.600,3782.0000,2371,0,27236700.000,0,-,-,-,-,3782.8000,3782.6000,3781.0000,3779.0000,3778.8000,3784.8000,3785.0000,3793.0000,3795.8000,3798.2000,1,1,2,1,1,1,2,1,1,2
SF,IF2012,2020-05-07 09:32:21.100,3782.0000,2371,0,27236700.000,0,-,-,-,-,3783.0000,3782.8000,3781.0000,3779.0000,3778.8000,3784.8000,3785.0000,3793.0000,3795.8000,3798.2000,1,1,2,1,1,1,2,1,1,2
SF,IF2012,2020-05-07 09:32:21.600,3782.0000,2371,0,27236700.000,0,-,-,-,-,3783.2000,3783.0000,3782.8000,3781.0000,3779.0000,3784.8000,3785.0000,3793.0000,3795.8000,3798.2000,1,2,1,2,1,1,2,1,1,2
SF,IF2012,2020-05-07 09:32:22.100,3782.0000,2371,0,27236700.000,0,-,-,-,-,3783.4000,3783.2000,3781.0000,3779.0000,3778.8000,3784.8000,3785.0000,3793.0000,3795.8000,3798.2000,1,1,2,1,1,1,2,1,1,2
SF,IF2012,2020-05-07 09:32:22.600,3783.2000,2370,-1,28371660.000,1,0,1,双平,S,3781.0000,3779.0000,3778.8000,3776.4000,3772.2000,3784.6000,3784.8000,3785.0000,3793.0000,3795.8000,2,1,1,1,2,1,1,2,1,1
SF,IF2012,2020-05-07 09:32:23.100,3783.2000,2370,0,28371660.000,0,-,-,-,-,3781.2000,3781.0000,3779.0000,3778.8000,3776.4000,3784.4000,3784.6000,3785.0000,3793.0000,3795.8000,1,2,1,1,1,1,1,2,1,1
SF,IF2012,2020-05-07 09:32:23.600,3783.2000,2370,0,28371660.000,0,-,-,-,-,3781.6000,3781.2000,3781.0000,3779.0000,3778.8000,3784.4000,3784.6000,3785.0000,3793.0000,3795.8000,1,1,2,1,1,1,1,2,1,1
SF,IF2012,2020-05-07 09:32:24.100,3783.2000,2370,0,28371660.000,0,-,-,-,-,3781.8000,3781.0000,3779.0000,3778.8000,3776.4000,3784.4000,3785.0000,3793.0000,3795.8000,3798.2000,2,2,1,1,1,1,2,1,1,2
SF,IF2012,2020-05-07 09:32:25.600,3783.2000,2370,0,28371660.000,0,-,-,-,-,3782.0000,3781.8000,3781.0000,3779.0000,3778.8000,3784.4000,3785.0000,3793.0000,3795.8000,3798.2000,1,2,2,1,1,1,2,1,1,2
SF,IF2012,2020-05-07 09:32:26.100,3783.2000,2370,0,28371660.000,0,-,-,-,-,3782.2000,3782.0000,3781.0000,3779.0000,3778.8000,3784.4000,3785.0000,3793.0000,3795.8000,3798.2000,2,1,2,1,1,1,2,1,1,2
SF,IF2012,2020-05-07 09:32:26.600,3783.2000,2370,0,28371660.000,0,-,-,-,-,3782.2000,3781.0000,3779.0000,3778.8000,3776.4000,3784.4000,3785.0000,3793.0000,3795.8000,3798.2000,2,2,1,1,1,1,2,1,1,2
SF,IF2012,2020-05-07 09:32:27.100,3783.2000,2370,0,28371660.000,0,-,-,-,-,3782.2000,3781.0000,3779.0000,3778.8000,3776.4000,3784.2000,3784.4000,3785.0000,3793.0000,3795.8000,2,2,1,1,1,1,1,2,1,1
SF,IF2012,2020-05-07 09:32:27.600,3783.2000,2370,0,28371660.000,0,-,-,-,-,3782.2000,3781.0000,3779.0000,3778.8000,3776.4000,3784.0000,3784.2000,3785.0000,3793.0000,3795.8000,1,2,1,1,1,2,1,2,1,1
SF,IF2012,2020-05-07 09:32:28.100,3783.2000,2370,0,28371660.000,0,-,-,-,-,3781.0000,3779.0000,3778.8000,3776.4000,3772.2000,3784.0000,3784.2000,3785.0000,3793.0000,3795.8000,2,1,1,1,2,2,1,2,1,1
SF,IF2012,2020-05-07 09:32:28.600,3783.2000,2370,0,28371660.000,0,-,-,-,-,3781.2000,3781.0000,3779.0000,3778.8000,3776.4000,3783.8000,3784.0000,3784.2000,3785.0000,3793.0000,1,2,1,1,1,1,2,1,2,1
SF,IF2012,2020-05-07 09:32:29.100,3783.2000,2370,0,28371660.000,0,-,-,-,-,3781.6000,3781.2000,3781.0000,3779.0000,3778.8000,3783.6000,3783.8000,3784.0000,3784.2000,3785.0000,1,1,2,1,1,2,1,1,1,2
SF,IF2012,2020-05-07 09:32:29.600,3783.2000,2370,0,28371660.000,0,-,-,-,-,3781.8000,3781.6000,3781.0000,3779.0000,3778.8000,3783.4000,3783.6000,3783.8000,3784.2000,3785.0000,1,1,2,1,1,2,2,1,1,2
SF,IF2012,2020-05-07 09:32:30.100,3783.2000,2370,0,28371660.000,0,-,-,-,-,3781.6000,3781.0000,3779.0000,3778.8000,3776.4000,3783.2000,3783.4000,3783.6000,3783.8000,3784.2000,1,2,1,1,1,2,1,1,1,1
SF,IF2012,2020-05-07 09:32:30.600,3783.2000,2370,0,28371660.000,0,-,-,-,-,3781.6000,3781.0000,3779.0000,3778.8000,3776.4000,3783.2000,3783.4000,3783.6000,3783.8000,3785.0000,1,2,1,1,1,2,1,1,1,2
SF,IF2012,2020-05-07 09:32:31.100,3783.2000,2370,0,28371660.000,0,-,-,-,-,3781.6000,3781.0000,3779.0000,3778.8000,3776.4000,3783.0000,3783.2000,3783.4000,3785.0000,3793.0000,1,2,1,1,1,2,1,1,2,1
SF,IF2012,2020-05-07 09:32:31.600,3783.2000,2370,0,28371660.000,0,-,-,-,-,3781.6000,3781.0000,3779.0000,3778.8000,3776.4000,3782.8000,3783.0000,3785.0000,3793.0000,3795.8000,1,2,1,1,1,1,2,2,1,1
SF,IF2012,2020-05-07 09:32:32.100,3783.2000,2370,0,28371660.000,0,-,-,-,-,3781.6000,3781.0000,3779.0000,3778.8000,3776.4000,3782.8000,3785.0000,3793.0000,3795.8000,3798.2000,1,2,1,1,1,1,2,1,1,2
SF,IF2012,2020-05-07 09:32:32.600,3783.2000,2370,0,28371660.000,0,-,-,-,-,3781.6000,3781.0000,3779.0000,3778.8000,3776.4000,3782.6000,3782.8000,3785.0000,3793.0000,3795.8000,1,2,1,1,1,1,1,2,1,1
SF,IF2012,2020-05-07 09:32:33.100,3783.2000,2370,0,28371660.000,0,-,-,-,-,3781.6000,3781.0000,3779.0000,3778.8000,3776.4000,3782.4000,3782.6000,3785.0000,3793.0000,3795.8000,1,2,1,1,1,1,1,2,1,1
SF,IF2012,2020-05-07 09:32:33.600,3783.2000,2370,0,28371660.000,0,-,-,-,-,3781.6000,3781.0000,3779.0000,3778.8000,3776.4000,3782.4000,3785.0000,3793.0000,3795.8000,3798.2000,1,2,1,1,1,1,2,1,1,2
SF,IF2012,2020-05-07 09:32:34.100,3783.2000,2370,0,28371660.000,0,-,-,-,-,3781.6000,3781.0000,3779.0000,3778.8000,3776.4000,3785.0000,3793.0000,3795.8000,3798.2000,3798.8000,1,2,1,1,1,2,1,1,2,1
SF,IF2012,2020-05-07 09:32:34.600,3783.2000,2370,0,28371660.000,0,-,-,-,-,3781.8000,3781.6000,3781.0000,3779.0000,3778.8000,3784.2000,3784.6000,3784.8000,3785.0000,3793.0000,1,1,2,1,1,1,1,2,2,1
SF,IF2012,2020-05-07 09:32:35.100,3783.2000,2370,0,28371660.000,0,-,-,-,-,3781.8000,3781.6000,3781.0000,3779.0000,3778.8000,3783.8000,3784.0000,3784.8000,3785.0000,3793.0000,1,1,2,1,1,1,2,1,2,1
SF,IF2012,2020-05-07 09:32:35.600,3783.2000,2370,0,28371660.000,0,-,-,-,-,3781.8000,3781.6000,3781.0000,3779.0000,3778.8000,3783.6000,3783.8000,3784.8000,3785.0000,3793.0000,1,1,2,1,1,2,1,1,2,1
SF,IF2012,2020-05-07 09:32:36.100,3783.2000,2370,0,28371660.000,0,-,-,-,-,3781.8000,3781.6000,3781.0000,3779.0000,3778.8000,3783.6000,3783.8000,3785.0000,3793.0000,3795.8000,1,1,2,1,1,3,1,2,1,1
SF,IF2012,2020-05-07 09:32:36.600,3783.2000,2370,0,28371660.000,0,-,-,-,-,3781.8000,3781.6000,3781.0000,3779.0000,3778.8000,3783.6000,3785.0000,3793.0000,3795.8000,3798.2000,1,1,2,1,1,2,2,1,1,2
SF,IF2012,2020-05-07 09:32:37.600,3783.2000,2370,0,28371660.000,0,-,-,-,-,3781.8000,3781.6000,3781.0000,3779.0000,3778.8000,3783.6000,3785.0000,3793.0000,3795.8000,3798.2000,1,1,2,1,1,1,2,1,1,2
SF,IF2012,2020-05-07 09:32:38.100,3783.2000,2370,0,28371660.000,0,-,-,-,-,3782.0000,3781.8000,3781.6000,3781.0000,3779.0000,3783.6000,3785.0000,3793.0000,3795.8000,3798.2000,1,1,1,2,1,2,2,1,1,2
SF,IF2012,2020-05-07 09:32:38.600,3783.2000,2370,0,28371660.000,0,-,-,-,-,3782.2000,3782.0000,3781.6000,3781.0000,3779.0000,3783.4000,3783.6000,3785.0000,3793.0000,3795.8000,1,1,1,2,1,1,1,2,1,1
SF,IF2012,2020-05-07 09:32:39.100,3783.2000,2370,0,28371660.000,0,-,-,-,-,3781.6000,3781.0000,3779.0000,3778.8000,3776.4000,3783.2000,3783.4000,3785.0000,3793.0000,3795.8000,1,2,1,1,1,1,1,2,1,1
SF,IF2012,2020-05-07 09:32:39.600,3783.2000,2370,0,28371660.000,0,-,-,-,-,3781.8000,3781.6000,3781.0000,3779.0000,3778.8000,3783.2000,3783.4000,3785.0000,3793.0000,3795.8000,1,1,2,1,1,1,1,2,1,1
SF,IF2012,2020-05-07 09:32:40.100,3783.2000,2370,0,28371660.000,0,-,-,-,-,3781.8000,3781.6000,3781.0000,3779.0000,3778.8000,3783.2000,3785.0000,3793.0000,3795.8000,3798.2000,1,1,2,1,1,1,2,1,1,2
SF,IF2012,2020-05-07 09:32:41.600,3783.2000,2370,0,28371660.000,0,-,-,-,-,3781.8000,3781.6000,3781.0000,3779.0000,3778.8000,3783.0000,3783.2000,3785.0000,3793.0000,3795.8000,1,1,2,1,1,1,1,2,1,1
SF,IF2012,2020-05-07 09:32:42.100,3783.2000,2370,0,28371660.000,0,-,-,-,-,3781.6000,3781.0000,3779.0000,3778.8000,3776.4000,3782.8000,3783.0000,3785.0000,3793.0000,3795.8000,1,2,1,1,1,1,1,2,1,1
SF,IF2012,2020-05-07 09:32:43.100,3783.2000,2370,0,28371660.000,0,-,-,-,-,3781.6000,3781.0000,3779.0000,3778.8000,3776.4000,3782.6000,3782.8000,3783.0000,3785.0000,3793.0000,1,2,1,1,1,1,1,1,2,1
SF,IF2012,2020-05-07 09:32:43.600,3783.2000,2370,0,28371660.000,0,-,-,-,-,3781.6000,3781.0000,3779.0000,3778.8000,3776.4000,3782.4000,3782.6000,3783.0000,3785.0000,3793.0000,1,2,1,1,1,1,2,1,2,1
SF,IF2012,2020-05-07 09:32:44.100,3783.2000,2370,0,28371660.000,0,-,-,-,-,3781.6000,3781.0000,3779.0000,3778.8000,3776.4000,3782.4000,3782.6000,3785.0000,3793.0000,3795.8000,1,2,1,1,1,1,2,2,1,1
SF,IF2012,2020-05-07 09:32:44.600,3783.2000,2370,0,28371660.000,0,-,-,-,-,3781.6000,3781.0000,3779.0000,3778.8000,3776.4000,3782.4000,3782.6000,3785.0000,3793.0000,3795.8000,1,2,1,1,1,1,1,2,1,1
SF,IF2012,2020-05-07 09:32:45.100,3783.2000,2370,0,28371660.000,0,-,-,-,-,3781.8000,3781.6000,3781.0000,3779.0000,3778.8000,3782.4000,3782.6000,3785.0000,3793.0000,3795.8000,1,1,2,1,1,1,1,2,1,1
SF,IF2012,2020-05-07 09:32:45.600,3783.2000,2370,0,28371660.000,0,-,-,-,-,3781.8000,3781.6000,3781.0000,3779.0000,3778.8000,3782.6000,3785.0000,3793.0000,3795.8000,3798.2000,1,1,2,1,1,1,2,1,1,2
SF,IF2012,2020-05-07 09:32:48.100,3783.2000,2370,0,28371660.000,0,-,-,-,-,3781.8000,3781.6000,3781.0000,3779.0000,3776.4000,3782.6000,3785.0000,3793.0000,3795.8000,3798.2000,1,1,3,1,1,1,2,1,1,2
SF,IF2012,2020-05-07 09:32:51.600,3781.8000,2369,-1,29506200.000,1,0,1,双平,S,3781.6000,3781.0000,3779.0000,3776.4000,3772.2000,3782.6000,3785.0000,3793.0000,3795.8000,3798.2000,1,3,1,1,2,1,2,1,1,2
SF,IF2012,2020-05-07 09:32:52.100,3781.8000,2369,0,29506200.000,0,-,-,-,-,3781.6000,3781.0000,3779.0000,3776.4000,3772.2000,3782.4000,3782.6000,3785.0000,3793.0000,3795.8000,1,3,1,1,2,1,1,2,1,1
SF,IF2012,2020-05-07 09:32:52.600,3781.8000,2369,0,29506200.000,0,-,-,-,-,3781.6000,3781.0000,3779.0000,3776.4000,3772.2000,3782.4000,3785.0000,3793.0000,3795.8000,3798.2000,1,3,1,1,2,1,2,1,1,2
SF,IF2012,2020-05-07 09:32:53.100,3781.8000,2369,0,29506200.000,0,-,-,-,-,3781.6000,3781.0000,3779.0000,3776.4000,3772.2000,3782.4000,3785.0000,3793.0000,3795.8000,3798.2000,1,3,1,1,2,1,2,1,1,2
SF,IF2012,2020-05-07 09:32:53.600,3782.4000,2368,-1,30640920.000,1,0,1,双平,S,3781.6000,3781.0000,3779.0000,3776.4000,3772.2000,3785.0000,3793.0000,3795.8000,3798.2000,3798.8000,1,3,1,1,2,2,1,1,2,1
SF,IF2012,2020-05-07 09:32:54.100,3782.4000,2368,0,30640920.000,0,-,-,-,-,3781.8000,3781.6000,3781.0000,3779.0000,3776.4000,3784.4000,3784.8000,3785.0000,3793.0000,3795.8000,1,1,3,1,1,1,1,3,1,1
SF,IF2012,2020-05-07 09:32:54.600,3782.4000,2368,0,30640920.000,0,-,-,-,-,3781.8000,3781.6000,3781.0000,3779.0000,3776.4000,3784.2000,3784.8000,3785.0000,3793.0000,3795.8000,1,1,3,1,1,1,1,2,1,1
SF,IF2012,2020-05-07 09:32:55.100,3782.4000,2368,0,30640920.000,0,-,-,-,-,3781.8000,3781.6000,3781.0000,3779.0000,3776.4000,3784.2000,3784.4000,3784.8000,3785.0000,3793.0000,1,1,3,1,1,1,1,1,2,1
SF,IF2012,2020-05-07 09:32:55.600,3782.4000,2368,0,30640920.000,0,-,-,-,-,3781.8000,3781.6000,3781.0000,3779.0000,3776.4000,3784.0000,3784.2000,3784.8000,3785.0000,3793.0000,1,1,3,1,1,2,1,1,2,1
SF,IF2012,2020-05-07 09:32:56.100,3782.4000,2368,0,30640920.000,0,-,-,-,-,3781.8000,3781.6000,3781.0000,3779.0000,3776.4000,3783.8000,3784.0000,3785.0000,3793.0000,3795.8000,1,1,3,1,1,1,2,2,1,1
SF,IF2012,2020-05-07 09:32:56.600,3782.4000,2368,0,30640920.000,0,-,-,-,-,3781.8000,3781.6000,3781.0000,3779.0000,3776.4000,3783.6000,3783.8000,3785.0000,3793.0000,3795.8000,1,1,3,1,1,1,1,2,1,1
SF,IF2012,2020-05-07 09:32:57.100,3782.4000,2368,0,30640920.000,0,-,-,-,-,3781.8000,3781.6000,3781.0000,3779.0000,3776.4000,3783.4000,3783.6000,3785.0000,3793.0000,3795.8000,1,1,3,1,1,1,1,2,1,1
SF,IF2012,2020-05-07 09:32:57.600,3782.4000,2368,0,30640920.000,0,-,-,-,-,3782.0000,3781.8000,3781.6000,3781.0000,3779.0000,3783.4000,3785.0000,3793.0000,3795.8000,3798.2000,1,1,1,3,1,1,2,1,1,2
SF,IF2012,2020-05-07 09:32:58.100,3782.4000,2368,0,30640920.000,0,-,-,-,-,3781.8000,3781.6000,3781.0000,3779.0000,3776.4000,3783.2000,3783.4000,3785.0000,3793.0000,3795.8000,1,1,3,1,1,2,1,2,1,1
SF,IF2012,2020-05-07 09:32:58.600,3782.4000,2368,0,30640920.000,0,-,-,-,-,3781.8000,3781.6000,3781.0000,3779.0000,3776.4000,3783.0000,3783.2000,3785.0000,3793.0000,3795.8000,1,1,3,1,1,1,2,2,1,1
SF,IF2012,2020-05-07 09:32:59.100,3782.4000,2368,0,30640920.000,0,-,-,-,-,3781.8000,3781.6000,3781.0000,3779.0000,3776.4000,3783.0000,3785.0000,3793.0000,3795.8000,3798.2000,1,1,3,1,1,1,2,1,1,2
SF,IF2012,2020-05-07 09:33:02.100,3783.0000,2367,-1,31775820.000,1,0,1,双平,S,3781.8000,3781.6000,3781.0000,3779.0000,3776.4000,3785.0000,3793.0000,3795.8000,3798.2000,3798.8000,1,1,3,1,1,2,1,1,2,1
SF,IF2012,2020-05-07 09:33:02.600,3783.0000,2367,0,31775820.000,0,-,-,-,-,3781.8000,3781.6000,3781.0000,3779.0000,3776.4000,3784.6000,3784.8000,3785.0000,3793.0000,3795.8000,1,1,3,1,1,1,2,3,1,1
SF,IF2012,2020-05-07 09:33:03.100,3783.0000,2367,0,31775820.000,0,-,-,-,-,3781.8000,3781.6000,3781.0000,3779.0000,3776.4000,3784.4000,3784.6000,3784.8000,3785.0000,3793.0000,1,1,3,1,1,1,1,1,2,1
SF,IF2012,2020-05-07 09:33:03.600,3783.0000,2367,0,31775820.000,0,-,-,-,-,3782.0000,3781.8000,3781.6000,3781.0000,3779.0000,3784.4000,3785.0000,3793.0000,3795.8000,3798.2000,2,1,1,3,1,1,2,1,1,2
SF,IF2012,2020-05-07 09:33:04.100,3783.0000,2367,0,31775820.000,0,-,-,-,-,3782.2000,3782.0000,3781.6000,3781.0000,3779.0000,3784.4000,3785.0000,3793.0000,3795.8000,3798.2000,1,2,1,3,1,1,2,1,1,2
SF,IF2012,2020-05-07 09:33:04.600,3783.0000,2367,0,31775820.000,0,-,-,-,-,3782.2000,3782.0000,3781.6000,3781.0000,3779.0000,3784.2000,3784.4000,3785.0000,3793.0000,3795.8000,1,1,1,3,1,2,1,2,1,1
SF,IF2012,2020-05-07 09:33:05.100,3783.0000,2367,0,31775820.000,0,-,-,-,-,3782.2000,3782.0000,3781.6000,3781.0000,3779.0000,3784.0000,3784.2000,3785.0000,3793.0000,3795.8000,1,1,1,3,1,2,1,2,1,1
SF,IF2012,2020-05-07 09:33:05.600,3783.0000,2367,0,31775820.000,0,-,-,-,-,3782.4000,3782.2000,3782.0000,3781.6000,3781.0000,3784.0000,3785.0000,3793.0000,3795.8000,3798.2000,1,1,1,1,3,1,2,1,1,2
SF,IF2012,2020-05-07 09:33:06.100,3783.0000,2367,0,31775820.000,0,-,-,-,-,3782.6000,3782.4000,3781.6000,3781.0000,3779.0000,3784.0000,3785.0000,3793.0000,3795.8000,3798.2000,1,1,1,3,1,1,2,1,1,2
SF,IF2012,2020-05-07 09:33:06.600,3783.0000,2367,0,31775820.000,0,-,-,-,-,3782.6000,3781.6000,3781.0000,3779.0000,3776.4000,3783.8000,3784.0000,3785.0000,3793.0000,3795.8000,1,1,3,1,1,2,1,2,1,1
SF,IF2012,2020-05-07 09:33:07.600,3783.0000,2367,0,31775820.000,0,-,-,-,-,3782.6000,3781.6000,3781.0000,3779.0000,3776.4000,3783.8000,3784.0000,3785.0000,3793.0000,3795.8000,1,1,3,1,1,1,1,2,1,1
SF,IF2012,2020-05-07 09:33:08.600,3783.0000,2367,0,31775820.000,0,-,-,-,-,3782.6000,3781.6000,3781.0000,3779.0000,3776.4000,3784.0000,3785.0000,3793.0000,3795.8000,3798.2000,1,1,3,1,1,1,2,1,1,2
SF,IF2012,2020-05-07 09:33:12.600,3782.6000,2366,-1,32910600.000,1,0,1,双平,S,3781.6000,3781.0000,3779.0000,3776.4000,3772.2000,3784.0000,3785.0000,3793.0000,3795.8000,3798.2000,1,3,1,1,2,1,2,1,1,2
SF,IF2012,2020-05-07 09:33:13.100,3782.6000,2366,0,32910600.000,0,-,-,-,-,3781.8000,3781.6000,3781.0000,3779.0000,3776.4000,3782.6000,3783.8000,3784.0000,3785.0000,3793.0000,1,1,3,1,1,1,1,1,2,1
SF,IF2012,2020-05-07 09:33:13.600,3782.6000,2366,0,32910600.000,0,-,-,-,-,3781.8000,3781.6000,3781.0000,3779.0000,3776.4000,3782.6000,3783.8000,3784.0000,3785.0000,3793.0000,2,1,3,1,1,1,1,1,2,1
SF,IF2012,2020-05-07 09:33:14.100,3782.6000,2367,1,34045380.000,1,1,0,双开,S,3781.8000,3781.6000,3781.0000,3779.0000,3776.4000,3784.0000,3785.0000,3793.0000,3795.8000,3798.2000,2,1,3,1,1,1,2,1,1,2
SF,IF2012,2020-05-07 09:33:16.100,3782.6000,2367,0,34045380.000,0,-,-,-,-,3781.8000,3781.6000,3781.0000,3779.0000,3776.4000,3784.0000,3785.0000,3793.0000,3795.8000,3798.2000,1,1,3,1,1,1,2,1,1,2
SF,IF2012,2020-05-07 09:33:17.100,3782.6000,2367,0,34045380.000,0,-,-,-,-,3781.8000,3781.6000,3781.0000,3779.0000,3776.4000,3783.8000,3784.0000,3785.0000,3793.0000,3795.8000,1,1,3,1,1,1,1,2,1,1
SF,IF2012,2020-05-07 09:33:17.600,3782.6000,2367,0,34045380.000,0,-,-,-,-,3781.8000,3781.6000,3781.0000,3779.0000,3776.4000,3783.6000,3783.8000,3785.0000,3793.0000,3795.8000,1,1,3,1,1,1,1,2,1,1
SF,IF2012,2020-05-07 09:33:18.100,3782.6000,2367,0,34045380.000,0,-,-,-,-,3781.8000,3781.6000,3781.0000,3779.0000,3776.4000,3783.6000,3785.0000,3793.0000,3795.8000,3798.2000,1,1,3,1,1,1,2,1,1,2
SF,IF2012,2020-05-07 09:33:19.100,3782.6000,2367,0,34045380.000,0,-,-,-,-,3782.0000,3781.8000,3781.6000,3781.0000,3779.0000,3783.6000,3785.0000,3793.0000,3795.8000,3798.2000,1,1,1,3,1,1,2,1,1,2
SF,IF2012,2020-05-07 09:33:21.600,3783.6000,2367,0,35180460.000,1,0,1,多换,S,3782.0000,3781.8000,3781.6000,3781.0000,3779.0000,3785.0000,3793.0000,3795.8000,3798.2000,3798.8000,1,1,1,3,1,2,1,1,2,1
SF,IF2012,2020-05-07 09:33:22.100,3783.6000,2367,0,35180460.000,0,-,-,-,-,3782.2000,3782.0000,3781.6000,3781.0000,3779.0000,3784.4000,3784.6000,3784.8000,3785.0000,3793.0000,1,1,1,3,1,1,1,2,2,1
SF,IF2012,2020-05-07 09:33:22.600,3783.6000,2367,0,35180460.000,0,-,-,-,-,3782.2000,3782.0000,3781.6000,3781.0000,3779.0000,3784.2000,3784.4000,3784.8000,3785.0000,3793.0000,1,1,1,3,1,1,1,1,2,1
SF,IF2012,2020-05-07 09:33:23.100,3783.6000,2367,0,35180460.000,0,-,-,-,-,3782.2000,3782.0000,3781.6000,3781.0000,3779.0000,3784.0000,3784.2000,3784.4000,3784.8000,3785.0000,1,1,1,3,1,1,2,1,1,2
SF,IF2012,2020-05-07 09:33:23.600,3783.6000,2367,0,35180460.000,0,-,-,-,-,3782.2000,3782.0000,3781.6000,3781.0000,3779.0000,3783.8000,3784.0000,3784.2000,3784.4000,3784.8000,1,1,1,3,1,1,2,1,1,1
SF,IF2012,2020-05-07 09:33:24.100,3783.6000,2367,0,35180460.000,0,-,-,-,-,3782.2000,3782.0000,3781.6000,3781.0000,3779.0000,3783.8000,3784.0000,3784.2000,3784.4000,3785.0000,1,1,1,3,1,1,1,1,1,2
SF,IF2012,2020-05-07 09:33:24.600,3783.6000,2367,0,35180460.000,0,-,-,-,-,3782.4000,3782.2000,3782.0000,3781.6000,3781.0000,3783.8000,3784.4000,3785.0000,3793.0000,3795.8000,1,1,1,1,3,1,1,2,1,1
SF,IF2012,2020-05-07 09:33:25.100,3783.6000,2367,0,35180460.000,0,-,-,-,-,3782.6000,3782.0000,3781.6000,3781.0000,3779.0000,3783.4000,3783.8000,3784.4000,3785.0000,3793.0000,1,1,1,3,1,1,1,1,2,1
SF,IF2012,2020-05-07 09:33:25.600,3783.6000,2367,0,35180460.000,0,-,-,-,-,3782.6000,3782.0000,3781.6000,3781.0000,3779.0000,3783.8000,3784.4000,3785.0000,3793.0000,3795.8000,1,1,1,3,1,1,1,2,1,1
SF,IF2012,2020-05-07 09:33:26.600,3783.6000,2367,0,35180460.000,0,-,-,-,-,3782.6000,3782.0000,3781.6000,3781.0000,3779.0000,3783.6000,3783.8000,3784.4000,3785.0000,3793.0000,1,1,1,3,1,2,1,1,2,1
SF,IF2012,2020-05-07 09:33:27.100,3783.6000,2367,0,35180460.000,0,-,-,-,-,3782.0000,3781.6000,3781.0000,3779.0000,3776.4000,3783.6000,3783.8000,3784.4000,3785.0000,3793.0000,1,1,3,1,1,2,1,1,2,1
SF,IF2012,2020-05-07 09:33:27.600,3783.6000,2367,0,35180460.000,0,-,-,-,-,3782.2000,3782.0000,3781.6000,3781.0000,3779.0000,3783.4000,3783.6000,3784.4000,3785.0000,3793.0000,2,1,1,3,1,1,1,1,2,1
SF,IF2012,2020-05-07 09:33:28.600,3783.6000,2367,0,35180460.000,0,-,-,-,-,3782.2000,3782.0000,3781.6000,3781.0000,3779.0000,3783.4000,3783.6000,3784.4000,3785.0000,3793.0000,1,1,1,3,1,2,1,1,2,1
SF,IF2012,2020-05-07 09:33:29.100,3783.6000,2367,0,35180460.000,0,-,-,-,-,3782.2000,3782.0000,3781.6000,3781.0000,3779.0000,3783.4000,3784.4000,3785.0000,3793.0000,3795.8000,1,1,1,3,1,2,1,2,1,1
SF,IF2012,2020-05-07 09:33:29.600,3783.6000,2367,0,35180460.000,0,-,-,-,-,3782.2000,3782.0000,3781.6000,3781.0000,3779.0000,3783.4000,3784.4000,3785.0000,3793.0000,3795.8000,1,1,1,3,1,1,1,2,1,1
SF,IF2012,2020-05-07 09:33:30.100,3783.6000,2367,0,35180460.000,0,-,-,-,-,3782.2000,3781.6000,3781.0000,3779.0000,3776.4000,3783.2000,3783.4000,3784.4000,3785.0000,3793.0000,1,1,3,1,1,1,1,1,2,1
SF,IF2012,2020-05-07 09:33:30.600,3783.6000,2367,0,35180460.000,0,-,-,-,-,3782.2000,3781.6000,3781.0000,3779.0000,3776.4000,3783.4000,3784.4000,3785.0000,3793.0000,3795.8000,1,1,3,1,1,1,1,2,1,1
SF,IF2012,2020-05-07 09:33:31.100,3783.6000,2367,0,35180460.000,0,-,-,-,-,3782.2000,3781.6000,3781.0000,3779.0000,3776.4000,3783.2000,3783.4000,3784.4000,3785.0000,3793.0000,1,1,3,1,1,1,1,1,2,1
SF,IF2012,2020-05-07 09:33:33.100,3783.6000,2367,0,35180460.000,0,-,-,-,-,3782.2000,3781.6000,3781.0000,3779.0000,3772.2000,3783.2000,3783.4000,3784.4000,3785.0000,3793.0000,1,1,3,1,2,1,1,1,2,1
SF,IF2012,2020-05-07 09:33:34.100,3783.6000,2367,0,35180460.000,0,-,-,-,-,3783.2000,3782.2000,3781.6000,3781.0000,3779.0000,3783.4000,3784.4000,3785.0000,3793.0000,3795.8000,1,1,1,3,1,1,1,2,1,1
SF,IF2012,2020-05-07 09:33:34.600,3783.2000,2367,0,36315420.000,1,0,1,多换,S,3782.2000,3781.6000,3781.0000,3779.0000,3772.2000,3783.0000,3783.4000,3784.4000,3785.0000,3793.0000,1,1,3,1,2,1,1,1,2,1
SF,IF2012,2020-05-07 09:33:36.100,3783.2000,2367,0,36315420.000,0,-,-,-,-,3782.2000,3781.6000,3781.0000,3779.0000,3772.2000,3783.4000,3784.4000,3785.0000,3793.0000,3795.8000,1,1,3,1,2,1,1,2,1,1
SF,IF2012,2020-05-07 09:33:36.600,3783.2000,2367,0,36315420.000,0,-,-,-,-,3781.6000,3781.0000,3779.0000,3772.2000,3765.2000,3783.4000,3784.4000,3785.0000,3793.0000,3795.8000,1,3,1,2,1,1,1,2,1,1
SF,IF2012,2020-05-07 09:33:37.100,3783.2000,2367,0,36315420.000,0,-,-,-,-,3781.8000,3781.6000,3781.0000,3779.0000,3772.2000,3783.2000,3783.4000,3784.4000,3785.0000,3793.0000,1,1,3,1,2,1,1,1,2,1
SF,IF2012,2020-05-07 09:33:37.600,3783.2000,2367,0,36315420.000,0,-,-,-,-,3781.8000,3781.6000,3781.0000,3779.0000,3772.2000,3783.0000,3783.2000,3784.4000,3785.0000,3793.0000,1,1,3,1,2,1,1,1,2,1
SF,IF2012,2020-05-07 09:33:38.100,3783.2000,2367,0,36315420.000,0,-,-,-,-,3781.8000,3781.6000,3781.0000,3779.0000,3772.2000,3782.8000,3783.0000,3783.2000,3784.4000,3785.0000,1,1,3,1,2,1,1,1,1,2
SF,IF2012,2020-05-07 09:33:38.600,3783.2000,2367,0,36315420.000,0,-,-,-,-,3781.6000,3781.0000,3779.0000,3772.2000,3765.2000,3782.6000,3782.8000,3783.2000,3784.4000,3785.0000,1,3,1,2,1,1,1,1,1,2
SF,IF2012,2020-05-07 09:33:39.600,3783.2000,2367,0,36315420.000,0,-,-,-,-,3781.6000,3781.0000,3779.0000,3772.2000,3765.2000,3782.4000,3782.6000,3782.8000,3783.2000,3784.4000,1,3,1,2,1,1,1,1,1,1
SF,IF2012,2020-05-07 09:33:44.600,3781.6000,2367,0,37449900.000,1,0,1,多换,S,3781.0000,3779.0000,3772.2000,3765.2000,3764.0000,3782.4000,3782.6000,3782.8000,3783.2000,3784.4000,3,1,2,1,1,1,1,1,1,1
SF,IF2012,2020-05-07 09:33:45.100,3781.6000,2367,0,37449900.000,0,-,-,-,-,3781.0000,3779.0000,3772.2000,3765.2000,3764.0000,3782.2000,3782.4000,3782.8000,3783.2000,3784.4000,3,1,2,1,1,1,1,1,1,1
SF,IF2012,2020-05-07 09:33:45.600,3781.6000,2367,0,37449900.000,0,-,-,-,-,3781.0000,3779.0000,3772.2000,3765.2000,3764.0000,3782.0000,3782.2000,3782.4000,3782.8000,3783.2000,3,1,2,1,1,2,1,1,1,1
SF,IF2012,2020-05-07 09:33:46.100,3781.6000,2367,0,37449900.000,0,-,-,-,-,3781.2000,3781.0000,3779.0000,3772.2000,3765.2000,3781.8000,3782.0000,3782.4000,3782.8000,3783.2000,1,1,1,2,1,1,2,1,1,1
SF,IF2012,2020-05-07 09:33:46.600,3782.0000,2367,0,39719040.000,2,1,1,多换,S,3781.0000,3779.0000,3772.2000,3765.2000,3764.0000,3782.0000,3782.4000,3782.8000,3783.2000,3784.4000,1,1,2,1,1,1,1,1,1,1
SF,IF2012,2020-05-07 09:33:52.600,3782.0000,2367,0,39719040.000,0,-,-,-,-,3781.0000,3779.0000,3772.2000,3765.2000,3764.0000,3782.0000,3782.4000,3782.8000,3783.2000,3784.4000,1,1,2,1,1,2,1,1,1,1
SF,IF2012,2020-05-07 09:33:53.100,3782.0000,2367,0,39719040.000,0,-,-,-,-,3781.2000,3781.0000,3779.0000,3772.2000,3765.2000,3782.0000,3782.4000,3782.8000,3783.2000,3784.4000,1,1,1,2,1,2,1,1,1,1
SF,IF2012,2020-05-07 09:33:53.600,3782.0000,2367,0,39719040.000,0,-,-,-,-,3781.2000,3781.0000,3779.0000,3772.2000,3765.2000,3781.8000,3782.0000,3782.4000,3782.8000,3783.2000,1,1,1,2,1,1,2,1,1,1
SF,IF2012,2020-05-07 09:33:55.100,3781.8000,2366,-1,40853580.000,1,0,1,双平,S,3781.2000,3781.0000,3779.0000,3772.2000,3765.2000,3781.8000,3782.0000,3782.4000,3782.8000,3783.2000,1,1,1,2,1,1,2,1,1,1
SF,IF2012,2020-05-07 09:33:55.600,3781.8000,2366,0,40853580.000,0,-,-,-,-,3781.2000,3781.0000,3779.0000,3772.2000,3765.2000,3781.8000,3782.0000,3782.4000,3782.8000,3784.4000,1,1,1,2,1,1,2,1,1,1
SF,IF2012,2020-05-07 09:33:56.100,3781.8000,2366,0,40853580.000,0,-,-,-,-,3781.2000,3781.0000,3779.0000,3772.2000,3765.2000,3782.0000,3782.4000,3782.8000,3784.4000,3785.0000,1,1,1,2,1,2,1,1,1,2
SF,IF2012,2020-05-07 09:33:56.600,3781.8000,2366,0,40853580.000,0,-,-,-,-,3781.2000,3781.0000,3779.0000,3772.2000,3765.2000,3782.0000,3782.4000,3784.4000,3785.0000,3793.0000,1,1,1,2,1,2,1,1,2,1
SF,IF2012,2020-05-07 09:33:57.100,3781.8000,2366,0,40853580.000,0,-,-,-,-,3781.2000,3781.0000,3779.0000,3772.2000,3765.2000,3782.0000,3784.4000,3785.0000,3793.0000,3795.8000,1,1,1,2,1,2,1,2,1,1
SF,IF2012,2020-05-07 09:33:57.600,3781.8000,2366,0,40853580.000,0,-,-,-,-,3781.2000,3781.0000,3779.0000,3772.2000,3765.2000,3782.0000,3784.4000,3785.0000,3793.0000,3795.8000,1,1,1,2,1,1,1,2,1,1
SF,IF2012,2020-05-07 09:34:05.100,3782.0000,2365,-1,41988180.000,1,0,1,双平,S,3781.2000,3781.0000,3779.0000,3772.2000,3765.2000,3784.4000,3785.0000,3793.0000,3795.8000,3798.2000,1,1,1,2,1,1,2,1,1,2
SF,IF2012,2020-05-07 09:34:05.600,3782.0000,2365,0,41988180.000,0,-,-,-,-,3781.2000,3781.0000,3779.0000,3772.2000,3765.2000,3783.8000,3784.0000,3784.2000,3784.4000,3785.0000,1,1,1,2,1,1,1,2,1,2
SF,IF2012,2020-05-07 09:34:06.100,3782.0000,2365,0,41988180.000,0,-,-,-,-,3781.2000,3781.0000,3779.0000,3772.2000,3765.2000,3783.6000,3784.0000,3784.2000,3784.4000,3785.0000,1,1,1,2,1,1,1,1,1,2
SF,IF2012,2020-05-07 09:34:06.600,3782.0000,2365,0,41988180.000,0,-,-,-,-,3781.2000,3781.0000,3779.0000,3772.2000,3765.2000,3783.4000,3783.6000,3784.4000,3785.0000,3793.0000,1,1,1,2,1,2,1,1,2,1
SF,IF2012,2020-05-07 09:34:07.100,3782.0000,2365,0,41988180.000,0,-,-,-,-,3781.2000,3781.0000,3779.0000,3772.2000,3765.2000,3783.2000,3783.4000,3784.4000,3785.0000,3793.0000,1,1,1,2,1,2,2,1,2,1
SF,IF2012,2020-05-07 09:34:07.600,3782.0000,2365,0,41988180.000,0,-,-,-,-,3781.2000,3781.0000,3779.0000,3772.2000,3765.2000,3783.2000,3783.4000,3784.4000,3785.0000,3793.0000,1,1,1,2,1,1,2,1,2,1
SF,IF2012,2020-05-07 09:34:08.100,3782.0000,2365,0,41988180.000,0,-,-,-,-,3781.2000,3781.0000,3779.0000,3772.2000,3765.2000,3783.0000,3783.2000,3783.4000,3784.4000,3785.0000,1,1,1,2,1,1,2,1,1,2
SF,IF2012,2020-05-07 09:34:08.600,3782.0000,2365,0,41988180.000,0,-,-,-,-,3781.4000,3781.2000,3781.0000,3779.0000,3772.2000,3782.8000,3783.0000,3783.4000,3784.4000,3785.0000,1,1,1,1,2,1,2,1,1,2
SF,IF2012,2020-05-07 09:34:09.100,3782.0000,2365,0,41988180.000,0,-,-,-,-,3781.6000,3781.4000,3781.0000,3779.0000,3772.2000,3782.8000,3783.0000,3783.4000,3784.4000,3785.0000,1,1,1,1,2,1,2,1,1,2
SF,IF2012,2020-05-07 09:34:09.600,3782.0000,2365,0,41988180.000,0,-,-,-,-,3781.6000,3781.4000,3781.0000,3779.0000,3772.2000,3782.6000,3783.0000,3783.4000,3784.4000,3785.0000,1,1,1,1,2,1,1,1,1,2
SF,IF2012,2020-05-07 09:34:10.100,3782.0000,2365,0,41988180.000,0,-,-,-,-,3781.6000,3781.4000,3781.0000,3779.0000,3772.2000,3782.6000,3784.4000,3785.0000,3793.0000,3795.8000,1,1,1,1,2,1,1,2,1,1
SF,IF2012,2020-05-07 09:34:11.100,3782.0000,2365,0,41988180.000,0,-,-,-,-,3781.6000,3781.4000,3781.0000,3779.0000,3772.2000,3784.4000,3785.0000,3793.0000,3795.8000,3798.2000,1,1,1,1,2,1,2,1,1,2
SF,IF2012,2020-05-07 09:34:11.600,3782.0000,2365,0,41988180.000,0,-,-,-,-,3781.6000,3781.4000,3781.0000,3779.0000,3772.2000,3784.2000,3784.4000,3785.0000,3793.0000,3795.8000,1,1,1,1,2,2,2,2,1,1
SF,IF2012,2020-05-07 09:34:12.100,3782.0000,2365,0,41988180.000,0,-,-,-,-,3781.6000,3781.4000,3781.0000,3779.0000,3772.2000,3784.2000,3784.4000,3785.0000,3793.0000,3795.8000,1,1,1,1,2,2,1,2,1,1
SF,IF2012,2020-05-07 09:34:12.600,3782.0000,2365,0,41988180.000,0,-,-,-,-,3781.6000,3781.4000,3781.0000,3779.0000,3772.2000,3783.6000,3784.2000,3784.4000,3785.0000,3793.0000,1,1,1,1,2,2,2,1,2,1
SF,IF2012,2020-05-07 09:34:13.100,3782.0000,2365,0,41988180.000,0,-,-,-,-,3781.6000,3781.4000,3781.0000,3779.0000,3772.2000,3783.4000,3783.6000,3784.2000,3785.0000,3793.0000,1,1,1,1,2,2,2,1,2,1
SF,IF2012,2020-05-07 09:34:13.600,3782.0000,2365,0,41988180.000,0,-,-,-,-,3781.6000,3781.4000,3781.0000,3779.0000,3772.2000,3783.2000,3783.4000,3783.6000,3785.0000,3793.0000,1,1,1,1,2,1,2,1,2,1
SF,IF2012,2020-05-07 09:34:14.100,3782.0000,2365,0,41988180.000,0,-,-,-,-,3781.6000,3781.4000,3781.0000,3779.0000,3772.2000,3783.2000,3783.4000,3785.0000,3793.0000,3795.8000,1,1,1,1,2,1,2,2,1,1
SF,IF2012,2020-05-07 09:34:14.600,3782.0000,2365,0,41988180.000,0,-,-,-,-,3781.6000,3781.4000,3781.0000,3779.0000,3772.2000,3782.8000,3783.0000,3783.2000,3785.0000,3793.0000,1,1,1,1,2,1,2,1,2,1
SF,IF2012,2020-05-07 09:34:15.100,3782.0000,2365,0,41988180.000,0,-,-,-,-,3781.6000,3781.0000,3779.0000,3772.2000,3765.2000,3782.8000,3783.0000,3783.2000,3785.0000,3793.0000,1,1,1,2,1,1,2,1,2,1
SF,IF2012,2020-05-07 09:34:15.600,3782.0000,2365,0,41988180.000,0,-,-,-,-,3781.6000,3781.0000,3779.0000,3772.2000,3765.2000,3782.6000,3782.8000,3783.0000,3785.0000,3793.0000,1,1,1,2,1,1,1,2,2,1
SF,IF2012,2020-05-07 09:34:16.100,3782.0000,2365,0,41988180.000,0,-,-,-,-,3781.6000,3781.0000,3779.0000,3772.2000,3765.2000,3782.6000,3782.8000,3783.0000,3785.0000,3793.0000,1,1,1,2,1,1,1,1,2,1
SF,IF2012,2020-05-07 09:34:17.100,3782.0000,2365,0,41988180.000,0,-,-,-,-,3781.6000,3781.0000,3779.0000,3772.2000,3765.2000,3782.6000,3783.0000,3785.0000,3793.0000,3795.8000,1,1,1,2,1,1,1,2,1,1
SF,IF2012,2020-05-07 09:34:24.100,3782.0000,2365,0,41988180.000,0,-,-,-,-,3781.6000,3781.0000,3779.0000,3772.2000,3765.2000,3782.4000,3782.6000,3783.0000,3785.0000,3793.0000,1,1,1,2,1,1,1,1,2,1
SF,IF2012,2020-05-07 09:34:25.100,3782.0000,2365,0,41988180.000,0,-,-,-,-,3781.6000,3781.0000,3779.0000,3772.2000,3765.2000,3782.2000,3782.4000,3783.0000,3785.0000,3793.0000,1,1,1,2,1,1,1,1,2,1
SF,IF2012,2020-05-07 09:34:25.600,3782.2000,2365,0,43122840.000,1,0,1,多换,S,3781.6000,3781.0000,3779.0000,3772.2000,3765.2000,3785.0000,3793.0000,3795.8000,3798.2000,3798.8000,1,1,1,2,1,2,1,1,2,1
SF,IF2012,2020-05-07 09:34:26.100,3782.2000,2365,0,43122840.000,0,-,-,-,-,3781.8000,3781.6000,3781.0000,3779.0000,3772.2000,3783.2000,3784.6000,3784.8000,3785.0000,3793.0000,1,1,1,1,2,1,1,1,2,1
SF,IF2012,2020-05-07 09:34:26.600,3782.2000,2365,0,43122840.000,0,-,-,-,-,3782.0000,3781.8000,3781.0000,3779.0000,3772.2000,3784.6000,3784.8000,3785.0000,3793.0000,3795.8000,1,1,1,1,2,1,1,2,1,1
SF,IF2012,2020-05-07 09:34:27.100,3782.2000,2365,0,43122840.000,0,-,-,-,-,3782.0000,3781.8000,3781.0000,3779.0000,3772.2000,3784.4000,3784.6000,3785.0000,3793.0000,3795.8000,1,1,1,1,2,1,1,2,1,1
SF,IF2012,2020-05-07 09:34:27.600,3782.2000,2365,0,43122840.000,0,-,-,-,-,3782.0000,3781.8000,3781.0000,3779.0000,3772.2000,3784.2000,3784.4000,3785.0000,3793.0000,3795.8000,1,1,1,1,2,1,1,2,1,1
SF,IF2012,2020-05-07 09:34:28.100,3782.2000,2365,0,43122840.000,0,-,-,-,-,3782.0000,3781.8000,3781.0000,3779.0000,3772.2000,3783.0000,3783.2000,3784.0000,3784.2000,3784.4000,1,1,1,1,2,1,1,1,1,1
SF,IF2012,2020-05-07 09:34:28.600,3782.2000,2365,0,43122840.000,0,-,-,-,-,3782.0000,3781.8000,3781.0000,3779.0000,3772.2000,3783.2000,3784.0000,3785.0000,3793.0000,3795.8000,1,1,1,1,2,1,1,2,1,1
SF,IF2012,2020-05-07 09:34:29.600,3782.2000,2365,0,43122840.000,0,-,-,-,-,3782.0000,3781.8000,3781.0000,3779.0000,3772.2000,3784.0000,3785.0000,3793.0000,3795.8000,3798.2000,1,1,1,1,2,1,2,1,1,2
SF,IF2012,2020-05-07 09:34:30.100,3782.2000,2365,0,43122840.000,0,-,-,-,-,3782.0000,3781.8000,3781.0000,3779.0000,3772.2000,3783.6000,3783.8000,3784.0000,3785.0000,3793.0000,1,1,1,1,2,1,1,2,2,1
SF,IF2012,2020-05-07 09:34:30.600,3782.2000,2365,0,43122840.000,0,-,-,-,-,3782.0000,3781.8000,3781.0000,3779.0000,3772.2000,3783.4000,3783.6000,3784.0000,3785.0000,3793.0000,1,1,1,1,2,2,1,1,2,1
SF,IF2012,2020-05-07 09:34:31.100,3782.2000,2365,0,43122840.000,0,-,-,-,-,3782.0000,3781.8000,3781.0000,3779.0000,3772.2000,3783.4000,3784.0000,3785.0000,3793.0000,3795.8000,1,1,1,1,2,2,1,2,1,1
SF,IF2012,2020-05-07 09:34:31.600,3782.2000,2365,0,43122840.000,0,-,-,-,-,3782.0000,3781.8000,3781.0000,3779.0000,3772.2000,3782.6000,3783.4000,3784.0000,3785.0000,3793.0000,1,1,1,1,2,1,2,1,2,1
SF,IF2012,2020-05-07 09:34:32.100,3782.2000,2365,0,43122840.000,0,-,-,-,-,3782.0000,3781.8000,3781.0000,3779.0000,3772.2000,3783.4000,3784.0000,3785.0000,3793.0000,3795.8000,1,1,1,1,2,1,1,2,1,1
SF,IF2012,2020-05-07 09:34:32.600,3782.2000,2365,0,43122840.000,0,-,-,-,-,3782.0000,3781.8000,3781.0000,3779.0000,3772.2000,3783.4000,3784.0000,3785.0000,3793.0000,3795.8000,1,1,1,1,2,2,1,2,1,1
SF,IF2012,2020-05-07 09:34:33.100,3782.2000,2365,0,43122840.000,0,-,-,-,-,3782.0000,3781.8000,3781.0000,3779.0000,3772.2000,3783.4000,3784.0000,3785.0000,3793.0000,3795.8000,1,1,1,1,2,1,1,2,1,1
SF,IF2012,2020-05-07 09:34:34.600,3782.2000,2365,0,43122840.000,0,-,-,-,-,3782.0000,3781.8000,3781.0000,3779.0000,3772.2000,3783.2000,3783.4000,3784.0000,3785.0000,3793.0000,1,1,1,1,2,1,1,1,2,1
SF,IF2012,2020-05-07 09:34:36.100,3782.2000,2365,0,43122840.000,0,-,-,-,-,3782.0000,3781.8000,3781.0000,3779.0000,3775.0000,3783.2000,3783.4000,3784.0000,3785.0000,3793.0000,1,1,1,1,1,1,1,1,2,1
SF,IF2012,2020-05-07 09:34:37.600,3782.2000,2365,0,43122840.000,0,-,-,-,-,3782.0000,3781.8000,3781.0000,3779.0000,3775.0000,3783.2000,3783.4000,3785.0000,3793.0000,3795.8000,1,1,1,1,1,1,1,2,1,1
SF,IF2012,2020-05-07 09:34:38.100,3782.2000,2365,0,43122840.000,0,-,-,-,-,3782.0000,3781.8000,3781.0000,3779.0000,3775.0000,3785.0000,3793.0000,3795.8000,3798.2000,3798.8000,1,1,1,1,1,2,1,1,2,1
SF,IF2012,2020-05-07 09:34:38.600,3782.2000,2365,0,43122840.000,0,-,-,-,-,3782.0000,3781.8000,3781.0000,3779.0000,3775.0000,3783.8000,3784.6000,3784.8000,3785.0000,3793.0000,1,1,1,1,1,1,1,1,2,1
SF,IF2012,2020-05-07 09:34:39.100,3782.2000,2365,0,43122840.000,0,-,-,-,-,3782.0000,3781.8000,3781.0000,3779.0000,3775.0000,3783.6000,3784.6000,3785.0000,3793.0000,3795.8000,1,1,1,1,1,1,1,2,1,1
SF,IF2012,2020-05-07 09:34:39.600,3782.2000,2365,0,43122840.000,0,-,-,-,-,3782.2000,3782.0000,3781.8000,3781.0000,3779.0000,3783.6000,3784.6000,3785.0000,3793.0000,3795.8000,1,1,1,1,1,1,1,2,1,1
SF,IF2012,2020-05-07 09:34:40.100,3782.2000,2365,0,43122840.000,0,-,-,-,-,3782.4000,3782.2000,3781.8000,3781.0000,3779.0000,3783.6000,3784.6000,3785.0000,3793.0000,3795.8000,1,1,1,1,1,1,1,2,1,1
SF,IF2012,2020-05-07 09:34:40.600,3782.2000,2365,0,43122840.000,0,-,-,-,-,3782.4000,3781.8000,3781.0000,3779.0000,3775.0000,3783.6000,3784.6000,3785.0000,3793.0000,3795.8000,1,1,1,1,1,1,1,2,1,1
SF,IF2012,2020-05-07 09:34:41.100,3782.2000,2365,0,43122840.000,0,-,-,-,-,3782.4000,3781.8000,3781.0000,3779.0000,3775.0000,3784.6000,3785.0000,3793.0000,3795.8000,3798.2000,1,1,1,1,1,1,2,1,1,2
SF,IF2012,2020-05-07 09:34:41.600,3782.2000,2365,0,43122840.000,0,-,-,-,-,3782.4000,3781.8000,3781.0000,3779.0000,3775.0000,3784.0000,3784.4000,3784.6000,3785.0000,3793.0000,1,1,1,1,1,1,1,1,2,1
SF,IF2012,2020-05-07 09:34:42.100,3782.2000,2365,0,43122840.000,0,-,-,-,-,3782.4000,3781.8000,3781.0000,3779.0000,3775.0000,3783.8000,3784.0000,3784.6000,3785.0000,3793.0000,1,1,1,1,1,1,1,1,2,1
SF,IF2012,2020-05-07 09:34:42.600,3782.2000,2365,0,43122840.000,0,-,-,-,-,3782.6000,3782.4000,3781.8000,3781.0000,3779.0000,3783.8000,3784.6000,3785.0000,3793.0000,3795.8000,1,1,1,1,1,1,1,2,1,1
SF,IF2012,2020-05-07 09:34:43.100,3782.2000,2365,0,43122840.000,0,-,-,-,-,3782.8000,3781.8000,3781.0000,3779.0000,3775.0000,3784.6000,3785.0000,3793.0000,3795.8000,3798.2000,1,1,1,1,1,1,2,1,1,2
SF,IF2012,2020-05-07 09:34:43.600,3782.2000,2365,0,43122840.000,0,-,-,-,-,3782.8000,3781.0000,3779.0000,3775.0000,3772.2000,3784.0000,3784.4000,3784.6000,3785.0000,3793.0000,1,1,1,1,2,1,1,1,2,1
SF,IF2012,2020-05-07 09:34:44.600,3782.2000,2365,0,43122840.000,0,-,-,-,-,3782.8000,3781.0000,3779.0000,3775.0000,3772.2000,3784.0000,3784.4000,3785.0000,3793.0000,3795.8000,1,1,1,1,2,1,1,2,1,1
SF,IF2012,2020-05-07 09:34:47.100,3782.8000,2364,-1,44257680.000,1,0,1,双平,S,3781.0000,3779.0000,3775.0000,3772.2000,3765.2000,3784.0000,3784.4000,3785.0000,3793.0000,3795.8000,1,1,1,2,1,1,1,2,1,1
SF,IF2012,2020-05-07 09:34:47.600,3782.8000,2364,0,44257680.000,0,-,-,-,-,3781.2000,3781.0000,3779.0000,3775.0000,3772.2000,3783.8000,3784.0000,3785.0000,3793.0000,3795.8000,1,1,1,1,2,1,1,2,1,1
SF,IF2012,2020-05-07 09:34:48.100,3782.8000,2364,0,44257680.000,0,-,-,-,-,3781.2000,3781.0000,3779.0000,3775.0000,3772.2000,3783.8000,3785.0000,3793.0000,3795.8000,3798.2000,1,1,1,1,2,1,2,1,1,2
SF,IF2012,2020-05-07 09:34:48.600,3782.8000,2364,0,44257680.000,0,-,-,-,-,3781.4000,3781.2000,3781.0000,3779.0000,3775.0000,3783.8000,3785.0000,3793.0000,3795.8000,3798.2000,1,1,1,1,1,1,2,1,1,2
SF,IF2012,2020-05-07 09:34:49.100,3782.8000,2364,0,44257680.000,0,-,-,-,-,3781.6000,3781.4000,3781.0000,3779.0000,3775.0000,3783.8000,3785.0000,3793.0000,3795.8000,3798.2000,3,1,1,1,1,1,2,1,1,2
SF,IF2012,2020-05-07 09:34:50.100,3782.8000,2364,0,44257680.000,0,-,-,-,-,3782.0000,3781.6000,3781.4000,3781.0000,3779.0000,3783.6000,3783.8000,3785.0000,3793.0000,3795.8000,1,2,1,1,1,1,1,2,1,1
SF,IF2012,2020-05-07 09:34:50.600,3782.8000,2364,0,44257680.000,0,-,-,-,-,3782.2000,3782.0000,3781.4000,3781.0000,3779.0000,3783.6000,3783.8000,3785.0000,3793.0000,3795.8000,2,1,1,1,1,1,1,2,1,1
SF,IF2012,2020-05-07 09:34:51.100,3782.8000,2364,0,44257680.000,0,-,-,-,-,3782.4000,3782.2000,3781.4000,3781.0000,3779.0000,3783.6000,3783.8000,3785.0000,3793.0000,3795.8000,1,2,1,1,1,1,1,2,1,1
SF,IF2012,2020-05-07 09:34:51.600,3782.8000,2364,0,44257680.000,0,-,-,-,-,3782.6000,3782.4000,3781.4000,3781.0000,3779.0000,3783.6000,3783.8000,3785.0000,3793.0000,3795.8000,1,1,1,1,1,1,1,2,1,1
SF,IF2012,2020-05-07 09:34:52.600,3782.8000,2364,0,44257680.000,0,-,-,-,-,3782.8000,3782.6000,3781.4000,3781.0000,3779.0000,3783.6000,3783.8000,3785.0000,3793.0000,3795.8000,1,1,1,1,1,1,1,2,1,1
SF,IF2012,2020-05-07 09:34:53.100,3782.8000,2363,-1,45392520.000,1,0,1,双平,S,3782.6000,3781.4000,3781.0000,3779.0000,3775.0000,3783.6000,3783.8000,3785.0000,3793.0000,3795.8000,1,1,1,1,1,1,1,2,1,1
SF,IF2012,2020-05-07 09:34:53.600,3782.6000,2362,-1,46527300.000,1,0,1,双平,S,3781.4000,3781.0000,3779.0000,3775.0000,3772.2000,3783.4000,3783.6000,3785.0000,3793.0000,3795.8000,1,1,1,1,2,1,1,2,1,1
SF,IF2012,2020-05-07 09:34:54.100,3782.6000,2362,0,46527300.000,0,-,-,-,-,3781.6000,3781.4000,3781.0000,3779.0000,3775.0000,3783.0000,3783.4000,3783.6000,3785.0000,3793.0000,2,1,1,1,1,1,1,1,2,1
SF,IF2012,2020-05-07 09:34:54.600,3782.6000,2362,0,46527300.000,0,-,-,-,-,3781.6000,3781.4000,3781.0000,3779.0000,3775.0000,3782.8000,3785.0000,3793.0000,3795.8000,3798.2000,2,1,1,1,1,1,2,1,1,2
SF,IF2012,2020-05-07 09:34:55.100,3782.6000,2362,0,46527300.000,0,-,-,-,-,3781.6000,3781.0000,3779.0000,3775.0000,3772.2000,3782.8000,3785.0000,3793.0000,3795.8000,3798.2000,1,1,1,1,2,1,2,1,1,2
SF,IF2012,2020-05-07 09:35:00.600,3781.6000,2362,0,47661780.000,1,0,1,多换,S,3781.0000,3779.0000,3775.0000,3772.2000,3765.2000,3782.8000,3785.0000,3793.0000,3795.8000,3798.2000,1,1,1,2,1,1,2,1,1,2
SF,IF2012,2020-05-07 09:35:01.600,3781.6000,2362,0,47661780.000,0,-,-,-,-,3781.2000,3781.0000,3779.0000,3775.0000,3772.2000,3782.8000,3785.0000,3793.0000,3795.8000,3798.2000,1,1,1,1,2,2,2,1,1,2
SF,IF2012,2020-05-07 09:35:02.100,3781.6000,2362,0,47661780.000,0,-,-,-,-,3781.2000,3781.0000,3779.0000,3775.0000,3772.2000,3782.8000,3785.0000,3793.0000,3795.8000,3798.2000,1,1,1,1,2,1,2,1,1,2
SF,IF2012,2020-05-07 09:35:02.600,3781.6000,2362,0,47661780.000,0,-,-,-,-,3781.2000,3781.0000,3779.0000,3775.0000,3772.2000,3782.6000,3782.8000,3785.0000,3793.0000,3795.8000,1,1,1,1,2,2,1,2,1,1
SF,IF2012,2020-05-07 09:35:03.100,3781.6000,2362,0,47661780.000,0,-,-,-,-,3781.2000,3781.0000,3779.0000,3775.0000,3772.2000,3782.2000,3782.4000,3782.6000,3785.0000,3793.0000,1,1,1,1,2,1,1,1,2,1
SF,IF2012,2020-05-07 09:35:03.600,3781.6000,2362,0,47661780.000,0,-,-,-,-,3781.0000,3779.0000,3775.0000,3772.2000,3765.2000,3782.0000,3782.2000,3782.6000,3785.0000,3793.0000,1,1,1,2,1,1,1,1,2,1
SF,IF2012,2020-05-07 09:35:04.100,3781.6000,2362,0,47661780.000,0,-,-,-,-,3781.0000,3779.0000,3775.0000,3772.2000,3765.2000,3782.0000,3782.2000,3785.0000,3793.0000,3795.8000,1,1,1,2,1,1,1,2,1,1
SF,IF2012,2020-05-07 09:35:04.600,3781.6000,2362,0,47661780.000,0,-,-,-,-,3781.0000,3779.0000,3775.0000,3772.2000,3765.2000,3782.0000,3785.0000,3793.0000,3795.8000,3798.2000,1,1,1,2,1,1,2,1,1,2
SF,IF2012,2020-05-07 09:35:07.100,3781.6000,2362,0,47661780.000,0,-,-,-,-,3781.2000,3781.0000,3779.0000,3775.0000,3772.2000,3782.0000,3785.0000,3793.0000,3795.8000,3798.2000,1,1,1,1,2,1,2,1,1,2
SF,IF2012,2020-05-07 09:35:11.100,3781.2000,2362,0,48796140.000,1,0,1,多换,S,3781.0000,3779.0000,3775.0000,3772.2000,3765.2000,3781.2000,3782.0000,3785.0000,3793.0000,3795.8000,1,1,1,2,1,1,1,2,1,1
SF,IF2012,2020-05-07 09:35:11.600,3781.2000,2363,1,49930500.000,1,1,0,双开,S,3781.0000,3779.0000,3775.0000,3772.2000,3765.2000,3782.0000,3785.0000,3793.0000,3795.8000,3798.2000,1,1,1,2,1,1,2,1,1,2
SF,IF2012,2020-05-07 09:35:12.100,3781.0000,2362,-1,51064800.000,1,0,1,双平,S,3779.0000,3775.0000,3772.2000,3765.2000,3764.0000,3782.0000,3785.0000,3793.0000,3795.8000,3798.2000,1,1,2,1,1,1,2,1,1,2
SF,IF2012,2020-05-07 09:35:12.600,3781.0000,2362,0,51064800.000,0,-,-,-,-,3779.2000,3779.0000,3775.0000,3772.2000,3765.2000,3782.0000,3785.0000,3793.0000,3795.8000,3798.2000,1,1,1,2,1,1,2,1,1,2
SF,IF2012,2020-05-07 09:35:13.100,3781.0000,2362,0,51064800.000,0,-,-,-,-,3779.4000,3779.2000,3779.0000,3775.0000,3772.2000,3782.0000,3785.0000,3793.0000,3795.8000,3798.2000,1,1,1,1,2,1,2,1,1,2
SF,IF2012,2020-05-07 09:35:13.600,3781.0000,2362,0,51064800.000,0,-,-,-,-,3779.6000,3779.4000,3779.0000,3775.0000,3772.2000,3782.0000,3785.0000,3793.0000,3795.8000,3798.2000,1,1,1,1,2,1,2,1,1,2
SF,IF2012,2020-05-07 09:35:14.100,3781.0000,2362,0,51064800.000,0,-,-,-,-,3779.8000,3779.6000,3779.0000,3775.0000,3772.2000,3782.0000,3785.0000,3793.0000,3795.8000,3798.2000,1,1,1,1,2,1,2,1,1,2
SF,IF2012,2020-05-07 09:35:14.600,3781.0000,2362,0,51064800.000,0,-,-,-,-,3780.0000,3779.8000,3779.0000,3775.0000,3772.2000,3782.0000,3785.0000,3793.0000,3795.8000,3798.2000,1,1,1,1,2,1,2,1,1,2
SF,IF2012,2020-05-07 09:35:15.100,3781.0000,2362,0,51064800.000,0,-,-,-,-,3780.2000,3780.0000,3779.0000,3775.0000,3772.2000,3782.0000,3785.0000,3793.0000,3795.8000,3798.2000,1,1,1,1,2,1,2,1,1,2
SF,IF2012,2020-05-07 09:35:15.600,3781.0000,2362,0,51064800.000,0,-,-,-,-,3780.4000,3780.2000,3779.0000,3775.0000,3772.2000,3782.0000,3785.0000,3793.0000,3795.8000,3798.2000,1,1,1,1,2,1,2,1,1,2
SF,IF2012,2020-05-07 09:35:16.100,3781.0000,2362,0,51064800.000,0,-,-,-,-,3780.6000,3780.4000,3779.0000,3775.0000,3772.2000,3782.0000,3785.0000,3793.0000,3795.8000,3798.2000,1,1,1,1,2,1,2,1,1,2
SF,IF2012,2020-05-07 09:35:16.600,3781.0000,2362,0,51064800.000,0,-,-,-,-,3780.8000,3780.6000,3779.0000,3775.0000,3772.2000,3782.0000,3785.0000,3793.0000,3795.8000,3798.2000,1,1,1,1,2,1,2,1,1,2
SF,IF2012,2020-05-07 09:35:17.100,3781.0000,2362,0,51064800.000,0,-,-,-,-,3780.8000,3779.0000,3775.0000,3772.2000,3765.2000,3782.0000,3785.0000,3793.0000,3795.8000,3798.2000,1,1,1,2,1,1,2,1,1,2
SF,IF2012,2020-05-07 09:35:17.600,3781.0000,2362,0,51064800.000,0,-,-,-,-,3779.0000,3775.0000,3772.2000,3765.2000,3764.0000,3782.0000,3785.0000,3793.0000,3795.8000,3798.2000,1,1,2,1,1,1,2,1,1,2
SF,IF2012,2020-05-07 09:35:18.100,3781.0000,2362,0,51064800.000,0,-,-,-,-,3779.2000,3779.0000,3775.0000,3772.2000,3765.2000,3782.0000,3785.0000,3793.0000,3795.8000,3798.2000,1,1,1,2,1,1,2,1,1,2
SF,IF2012,2020-05-07 09:35:18.600,3781.0000,2362,0,51064800.000,0,-,-,-,-,3779.4000,3779.2000,3779.0000,3775.0000,3772.2000,3782.0000,3785.0000,3793.0000,3795.8000,3798.2000,2,1,1,1,2,1,2,1,1,2
SF,IF2012,2020-05-07 09:35:19.100,3781.0000,2362,0,51064800.000,0,-,-,-,-,3779.6000,3779.4000,3779.0000,3775.0000,3772.2000,3782.0000,3785.0000,3793.0000,3795.8000,3798.2000,1,2,1,1,2,1,2,1,1,2
SF,IF2012,2020-05-07 09:35:20.100,3781.0000,2362,0,51064800.000,0,-,-,-,-,3779.6000,3779.4000,3779.0000,3775.0000,3772.2000,3781.8000,3782.0000,3785.0000,3793.0000,3795.8000,1,1,1,1,2,2,1,2,1,1
SF,IF2012,2020-05-07 09:35:20.600,3781.0000,2362,0,51064800.000,0,-,-,-,-,3779.6000,3779.4000,3779.0000,3775.0000,3772.2000,3781.6000,3781.8000,3785.0000,3793.0000,3795.8000,1,1,1,1,2,1,2,2,1,1
SF,IF2012,2020-05-07 09:35:21.100,3781.0000,2362,0,51064800.000,0,-,-,-,-,3779.6000,3779.4000,3779.0000,3775.0000,3772.2000,3781.6000,3781.8000,3785.0000,3793.0000,3795.8000,1,1,1,1,2,1,1,2,1,1
SF,IF2012,2020-05-07 09:35:22.100,3781.0000,2362,0,51064800.000,0,-,-,-,-,3779.6000,3779.4000,3779.0000,3775.0000,3772.2000,3781.4000,3781.6000,3781.8000,3785.0000,3793.0000,1,1,1,1,2,1,1,1,2,1
SF,IF2012,2020-05-07 09:35:22.600,3781.0000,2362,0,51064800.000,0,-,-,-,-,3779.6000,3779.4000,3779.0000,3775.0000,3772.2000,3781.2000,3781.4000,3781.8000,3785.0000,3793.0000,1,1,1,1,2,1,1,1,2,1
SF,IF2012,2020-05-07 09:35:23.100,3781.0000,2362,0,51064800.000,0,-,-,-,-,3779.4000,3779.0000,3775.0000,3772.2000,3765.2000,3781.2000,3781.4000,3781.8000,3782.0000,3785.0000,1,1,1,2,1,1,1,1,1,2
SF,IF2012,2020-05-07 09:35:23.600,3781.0000,2362,0,51064800.000,0,-,-,-,-,3779.0000,3775.0000,3772.2000,3765.2000,3764.0000,3781.2000,3781.8000,3782.0000,3785.0000,3793.0000,1,1,2,1,1,1,1,1,2,1
SF,IF2012,2020-05-07 09:35:24.100,3781.0000,2362,0,51064800.000,0,-,-,-,-,3779.2000,3779.0000,3775.0000,3772.2000,3765.2000,3780.8000,3781.2000,3782.0000,3785.0000,3793.0000,1,1,1,2,1,1,1,1,2,1
SF,IF2012,2020-05-07 09:35:24.600,3781.0000,2362,0,51064800.000,0,-,-,-,-,3779.4000,3779.2000,3779.0000,3775.0000,3772.2000,3780.6000,3780.8000,3782.0000,3785.0000,3793.0000,1,1,1,1,2,1,1,1,2,1
SF,IF2012,2020-05-07 09:35:25.100,3781.0000,2362,0,51064800.000,0,-,-,-,-,3779.2000,3779.0000,3775.0000,3772.2000,3765.2000,3780.6000,3780.8000,3782.0000,3785.0000,3793.0000,1,1,1,2,1,1,1,1,2,1
SF,IF2012,2020-05-07 09:35:25.600,3781.0000,2362,0,51064800.000,0,-,-,-,-,3779.0000,3775.0000,3772.2000,3765.2000,3764.0000,3780.6000,3780.8000,3782.0000,3785.0000,3793.0000,1,1,2,1,1,1,1,1,2,1
SF,IF2012,2020-05-07 09:35:26.100,3781.0000,2362,0,51064800.000,0,-,-,-,-,3779.2000,3779.0000,3775.0000,3772.2000,3765.2000,3780.6000,3780.8000,3782.0000,3785.0000,3793.0000,1,1,1,2,1,1,1,1,2,1
SF,IF2012,2020-05-07 09:35:27.600,3781.0000,2362,0,51064800.000,0,-,-,-,-,3779.2000,3779.0000,3775.0000,3772.2000,3765.2000,3780.6000,3782.0000,3785.0000,3793.0000,3795.8000,1,1,1,2,1,1,1,2,1,1
SF,IF2012,2020-05-07 09:35:29.600,3781.0000,2362,0,51064800.000,0,-,-,-,-,3779.2000,3779.0000,3775.0000,3772.2000,3765.2000,3780.6000,3782.0000,3785.0000,3793.0000,3795.8000,1,1,1,2,1,1,1,2,1,1
SF,IF2012,2020-05-07 09:35:30.100,3779.0000,2360,-2,53332260.000,2,0,2,双平,S,3775.0000,3772.2000,3765.2000,3764.0000,3762.0000,3780.4000,3780.6000,3782.0000,3785.0000,3793.0000,1,2,1,1,1,1,1,1,2,1
SF,IF2012,2020-05-07 09:35:30.600,3779.0000,2360,0,53332260.000,0,-,-,-,-,3775.8000,3775.4000,3775.2000,3775.0000,3772.2000,3780.2000,3782.0000,3785.0000,3793.0000,3795.8000,1,1,2,1,2,1,1,2,1,1
SF,IF2012,2020-05-07 09:35:31.100,3779.0000,2360,0,53332260.000,0,-,-,-,-,3776.2000,3776.0000,3775.8000,3775.2000,3775.0000,3780.2000,3782.0000,3785.0000,3793.0000,3795.8000,1,1,1,1,1,1,1,2,1,1
SF,IF2012,2020-05-07 09:35:31.600,3779.0000,2360,0,53332260.000,0,-,-,-,-,3776.4000,3776.2000,3775.8000,3775.2000,3775.0000,3780.2000,3782.0000,3785.0000,3793.0000,3795.8000,1,1,1,1,1,1,1,2,1,1
SF,IF2012,2020-05-07 09:35:32.100,3779.0000,2360,0,53332260.000,0,-,-,-,-,3776.6000,3776.4000,3775.8000,3775.2000,3775.0000,3780.2000,3782.0000,3785.0000,3793.0000,3795.8000,2,1,1,1,1,1,1,2,1,1
SF,IF2012,2020-05-07 09:35:32.600,3779.0000,2360,0,53332260.000,0,-,-,-,-,3776.8000,3776.6000,3775.8000,3775.2000,3775.0000,3780.2000,3782.0000,3785.0000,3793.0000,3795.8000,2,2,1,1,1,1,1,2,1,1
SF,IF2012,2020-05-07 09:35:33.100,3779.0000,2360,0,53332260.000,0,-,-,-,-,3777.2000,3776.8000,3776.6000,3775.8000,3775.2000,3780.2000,3782.0000,3785.0000,3793.0000,3795.8000,1,2,1,1,1,1,1,2,1,1
SF,IF2012,2020-05-07 09:35:33.600,3779.0000,2360,0,53332260.000,0,-,-,-,-,3777.4000,3777.2000,3776.8000,3776.6000,3775.8000,3780.2000,3782.0000,3785.0000,3793.0000,3795.8000,1,1,1,1,1,1,1,2,1,1
SF,IF2012,2020-05-07 09:35:34.100,3779.0000,2360,0,53332260.000,0,-,-,-,-,3777.4000,3776.8000,3776.6000,3775.8000,3775.2000,3780.2000,3782.0000,3785.0000,3793.0000,3795.8000,1,1,1,1,1,1,1,2,1,1
SF,IF2012,2020-05-07 09:35:36.100,3779.0000,2360,0,53332260.000,0,-,-,-,-,3777.6000,3777.4000,3776.8000,3775.8000,3775.2000,3780.2000,3782.0000,3785.0000,3793.0000,3795.8000,1,1,1,1,1,1,1,2,1,1
SF,IF2012,2020-05-07 09:35:36.600,3779.0000,2360,0,53332260.000,0,-,-,-,-,3777.8000,3777.6000,3776.8000,3775.8000,3775.2000,3780.2000,3782.0000,3785.0000,3793.0000,3795.8000,1,1,1,1,1,1,1,2,1,1
SF,IF2012,2020-05-07 09:35:37.600,3779.0000,2360,0,53332260.000,0,-,-,-,-,3778.0000,3777.8000,3777.6000,3776.8000,3775.8000,3780.2000,3782.0000,3785.0000,3793.0000,3795.8000,1,1,1,1,1,1,1,2,1,1
SF,IF2012,2020-05-07 09:35:38.100,3779.0000,2360,0,53332260.000,0,-,-,-,-,3778.2000,3778.0000,3777.6000,3776.8000,3775.8000,3780.2000,3782.0000,3785.0000,3793.0000,3795.8000,1,1,1,1,1,1,1,2,1,1
SF,IF2012,2020-05-07 09:35:38.600,3779.0000,2360,0,53332260.000,0,-,-,-,-,3778.2000,3778.0000,3777.6000,3776.8000,3775.8000,3782.0000,3785.0000,3793.0000,3795.8000,3798.2000,1,1,1,1,1,1,2,1,1,2
SF,IF2012,2020-05-07 09:35:39.100,3779.0000,2360,0,53332260.000,0,-,-,-,-,3778.2000,3778.0000,3777.6000,3776.8000,3775.8000,3781.8000,3782.0000,3785.0000,3793.0000,3795.8000,1,1,1,1,1,2,1,2,1,1
SF,IF2012,2020-05-07 09:35:39.600,3779.0000,2360,0,53332260.000,0,-,-,-,-,3778.2000,3778.0000,3777.6000,3776.8000,3775.8000,3781.8000,3782.0000,3785.0000,3793.0000,3795.8000,1,1,1,1,1,1,1,2,1,1
SF,IF2012,2020-05-07 09:35:41.100,3779.0000,2360,0,53332260.000,0,-,-,-,-,3778.2000,3778.0000,3777.6000,3776.8000,3775.8000,3781.8000,3782.0000,3785.0000,3793.0000,3795.8000,1,1,1,1,1,2,1,2,1,1
SF,IF2012,2020-05-07 09:35:41.600,3779.0000,2360,0,53332260.000,0,-,-,-,-,3778.2000,3777.6000,3776.8000,3775.8000,3775.2000,3781.8000,3782.0000,3785.0000,3793.0000,3795.8000,1,1,1,1,1,2,1,2,1,1
SF,IF2012,2020-05-07 09:35:42.100,3779.0000,2360,0,53332260.000,0,-,-,-,-,3778.2000,3777.6000,3776.8000,3775.8000,3775.2000,3781.8000,3782.0000,3785.0000,3793.0000,3795.8000,1,1,1,1,1,1,1,2,1,1
SF,IF2012,2020-05-07 09:35:42.600,3779.0000,2360,0,53332260.000,0,-,-,-,-,3778.2000,3777.6000,3776.8000,3775.8000,3775.2000,3781.6000,3781.8000,3782.0000,3785.0000,3793.0000,1,1,1,1,1,1,1,1,2,1
SF,IF2012,2020-05-07 09:35:43.100,3779.0000,2360,0,53332260.000,0,-,-,-,-,3778.2000,3777.6000,3776.8000,3775.8000,3775.2000,3781.2000,3781.4000,3782.0000,3785.0000,3793.0000,1,1,1,1,1,1,1,1,2,1
SF,IF2012,2020-05-07 09:35:43.600,3779.0000,2360,0,53332260.000,0,-,-,-,-,3778.2000,3777.6000,3776.8000,3775.8000,3775.2000,3781.0000,3781.2000,3782.0000,3785.0000,3793.0000,1,1,1,1,1,1,2,1,2,1
SF,IF2012,2020-05-07 09:35:44.100,3779.0000,2360,0,53332260.000,0,-,-,-,-,3778.2000,3777.6000,3776.8000,3775.8000,3775.2000,3780.8000,3781.0000,3782.0000,3785.0000,3793.0000,1,1,1,1,1,2,1,1,2,1
SF,IF2012,2020-05-07 09:35:44.600,3779.0000,2360,0,53332260.000,0,-,-,-,-,3778.2000,3777.6000,3776.8000,3775.8000,3775.2000,3780.6000,3780.8000,3782.0000,3785.0000,3793.0000,1,1,1,1,1,1,2,1,2,1
SF,IF2012,2020-05-07 09:35:45.100,3779.0000,2360,0,53332260.000,0,-,-,-,-,3778.2000,3777.6000,3776.8000,3775.8000,3775.2000,3780.6000,3782.0000,3785.0000,3793.0000,3795.8000,1,1,1,1,1,1,1,2,1,1
SF,IF2012,2020-05-07 09:35:45.600,3779.0000,2360,0,53332260.000,0,-,-,-,-,3778.2000,3777.6000,3776.8000,3775.8000,3775.2000,3780.4000,3780.6000,3782.0000,3783.0000,3785.0000,1,1,1,1,1,2,1,1,1,2
SF,IF2012,2020-05-07 09:35:46.100,3779.0000,2360,0,53332260.000,0,-,-,-,-,3778.2000,3777.6000,3776.8000,3775.8000,3775.2000,3780.2000,3780.4000,3782.0000,3783.0000,3785.0000,1,1,1,1,1,1,2,1,1,2
SF,IF2012,2020-05-07 09:35:46.600,3779.0000,2360,0,53332260.000,0,-,-,-,-,3777.6000,3776.8000,3775.8000,3775.2000,3775.0000,3780.2000,3780.4000,3782.0000,3783.0000,3785.0000,1,1,1,1,1,1,2,1,1,2
SF,IF2012,2020-05-07 09:35:47.100,3779.0000,2360,0,53332260.000,0,-,-,-,-,3777.8000,3777.6000,3776.8000,3775.8000,3775.2000,3780.2000,3782.0000,3783.0000,3785.0000,3793.0000,1,1,1,1,1,1,1,1,2,1
SF,IF2012,2020-05-07 09:35:49.600,3779.0000,2360,0,53332260.000,0,-,-,-,-,3777.8000,3777.6000,3775.8000,3775.2000,3775.0000,3780.2000,3782.0000,3783.0000,3785.0000,3793.0000,1,1,1,1,1,1,1,1,2,1
SF,IF2012,2020-05-07 09:35:51.100,3779.0000,2360,0,53332260.000,0,-,-,-,-,3778.2000,3777.8000,3777.6000,3775.8000,3775.2000,3780.2000,3782.0000,3783.0000,3785.0000,3793.0000,1,1,1,1,1,1,1,1,2,1
SF,IF2012,2020-05-07 09:35:51.600,3779.0000,2360,0,53332260.000,0,-,-,-,-,3778.4000,3777.6000,3775.8000,3775.2000,3775.0000,3780.2000,3782.0000,3783.0000,3785.0000,3793.0000,1,1,1,1,1,1,1,1,2,1
SF,IF2012,2020-05-07 09:35:58.600,3779.0000,2360,0,53332260.000,0,-,-,-,-,3778.4000,3777.6000,3775.8000,3775.2000,3775.0000,3780.0000,3780.2000,3782.0000,3783.0000,3785.0000,1,1,1,1,1,1,1,1,1,2
SF,IF2012,2020-05-07 09:35:59.100,3779.0000,2360,0,53332260.000,0,-,-,-,-,3778.4000,3777.6000,3775.8000,3775.2000,3775.0000,3779.8000,3780.0000,3782.0000,3783.0000,3785.0000,1,1,1,1,1,1,1,1,1,2
SF,IF2012,2020-05-07 09:35:59.600,3779.0000,2360,0,53332260.000,0,-,-,-,-,3777.6000,3775.8000,3775.2000,3775.0000,3772.2000,3779.8000,3782.0000,3783.0000,3785.0000,3793.0000,1,1,1,1,2,1,1,1,2,1
SF,IF2012,2020-05-07 09:36:00.100,3779.0000,2360,0,53332260.000,0,-,-,-,-,3777.8000,3777.6000,3775.8000,3775.2000,3775.0000,3779.8000,3782.0000,3783.0000,3785.0000,3793.0000,1,1,1,1,1,1,1,1,2,1
SF,IF2012,2020-05-07 09:36:05.100,3779.8000,2359,-1,54466200.000,1,0,1,双平,S,3778.2000,3777.8000,3777.6000,3775.8000,3775.2000,3782.0000,3783.0000,3785.0000,3793.0000,3798.2000,1,1,1,1,1,1,1,2,1,2
SF,IF2012,2020-05-07 09:36:05.600,3779.8000,2359,0,54466200.000,0,-,-,-,-,3778.4000,3778.2000,3777.6000,3775.8000,3775.2000,3781.8000,3782.0000,3783.0000,3785.0000,3793.0000,1,1,1,1,1,2,1,1,2,1
SF,IF2012,2020-05-07 09:36:06.100,3779.8000,2359,0,54466200.000,0,-,-,-,-,3778.4000,3778.2000,3777.6000,3775.8000,3775.2000,3781.8000,3782.0000,3783.0000,3785.0000,3793.0000,1,1,1,1,1,1,1,1,2,1
SF,IF2012,2020-05-07 09:36:06.600,3779.8000,2359,0,54466200.000,0,-,-,-,-,3778.4000,3778.2000,3777.6000,3775.8000,3775.2000,3781.4000,3781.6000,3781.8000,3782.0000,3783.0000,1,1,1,1,1,1,1,1,1,1
SF,IF2012,2020-05-07 09:36:07.100,3779.8000,2359,0,54466200.000,0,-,-,-,-,3778.4000,3777.6000,3775.8000,3775.2000,3775.0000,3781.2000,3781.4000,3782.0000,3783.0000,3785.0000,1,1,1,1,1,1,1,1,1,2
SF,IF2012,2020-05-07 09:36:07.600,3779.8000,2359,0,54466200.000,0,-,-,-,-,3778.4000,3777.6000,3775.8000,3775.2000,3775.0000,3780.8000,3781.0000,3781.2000,3782.0000,3783.0000,1,1,1,1,1,1,2,1,1,1
SF,IF2012,2020-05-07 09:36:08.100,3779.8000,2359,0,54466200.000,0,-,-,-,-,3778.4000,3777.6000,3775.8000,3775.2000,3775.0000,3780.6000,3780.8000,3782.0000,3783.0000,3785.0000,1,1,1,1,1,3,1,1,1,2
SF,IF2012,2020-05-07 09:36:08.600,3779.8000,2359,0,54466200.000,0,-,-,-,-,3778.4000,3777.6000,3775.8000,3775.2000,3775.0000,3780.6000,3782.0000,3783.0000,3785.0000,3793.0000,1,1,1,1,1,3,1,1,2,1
SF,IF2012,2020-05-07 09:36:09.100,3779.8000,2359,0,54466200.000,0,-,-,-,-,3778.4000,3777.6000,3775.8000,3775.2000,3775.0000,3780.0000,3780.6000,3782.0000,3783.0000,3785.0000,1,1,1,1,1,1,3,1,1,2
SF,IF2012,2020-05-07 09:36:09.600,3779.8000,2359,0,54466200.000,0,-,-,-,-,3778.4000,3777.6000,3775.8000,3775.2000,3775.0000,3779.8000,3782.0000,3783.0000,3785.0000,3793.0000,1,1,1,1,1,1,1,1,2,1
SF,IF2012,2020-05-07 09:36:10.100,3779.8000,2359,0,54466200.000,0,-,-,-,-,3778.4000,3777.6000,3775.8000,3775.2000,3775.0000,3779.8000,3782.0000,3783.0000,3785.0000,3793.0000,1,1,1,1,1,2,1,1,2,1
SF,IF2012,2020-05-07 09:36:11.100,3779.8000,2359,0,54466200.000,0,-,-,-,-,3778.4000,3777.6000,3775.8000,3775.2000,3775.0000,3779.6000,3779.8000,3782.0000,3783.0000,3785.0000,1,1,1,1,1,1,2,1,1,2
SF,IF2012,2020-05-07 09:36:11.600,3779.8000,2359,0,54466200.000,0,-,-,-,-,3778.4000,3777.6000,3775.8000,3775.2000,3775.0000,3779.4000,3779.6000,3782.0000,3783.0000,3785.0000,1,1,1,1,1,1,1,1,1,2
SF,IF2012,2020-05-07 09:36:12.600,3779.8000,2359,0,54466200.000,0,-,-,-,-,3778.4000,3777.6000,3775.8000,3775.2000,3775.0000,3779.4000,3782.0000,3783.0000,3785.0000,3793.0000,1,1,1,1,1,1,1,1,2,1
SF,IF2012,2020-05-07 09:36:13.600,3779.8000,2359,0,54466200.000,0,-,-,-,-,3778.4000,3777.6000,3775.8000,3775.2000,3775.0000,3779.2000,3779.4000,3782.0000,3783.0000,3785.0000,1,1,1,1,1,1,1,1,1,2
SF,IF2012,2020-05-07 09:36:14.100,3779.8000,2359,0,54466200.000,0,-,-,-,-,3777.6000,3775.8000,3775.2000,3775.0000,3772.2000,3779.2000,3779.4000,3782.0000,3783.0000,3785.0000,1,1,1,1,2,1,1,1,1,2
SF,IF2012,2020-05-07 09:36:14.600,3779.8000,2359,0,54466200.000,0,-,-,-,-,3777.8000,3777.6000,3775.8000,3775.2000,3775.0000,3779.0000,3779.2000,3782.0000,3783.0000,3785.0000,1,1,1,1,1,1,1,1,1,2
SF,IF2012,2020-05-07 09:36:15.600,3779.8000,2359,0,54466200.000,0,-,-,-,-,3777.8000,3777.6000,3775.8000,3775.2000,3775.0000,3779.0000,3782.0000,3783.0000,3785.0000,3793.0000,1,1,1,1,1,1,1,1,2,1
SF,IF2012,2020-05-07 09:36:16.100,3779.8000,2359,0,54466200.000,0,-,-,-,-,3777.8000,3777.6000,3775.8000,3775.2000,3775.0000,3782.0000,3783.0000,3785.0000,3793.0000,3798.2000,1,1,1,1,1,1,1,2,1,2
SF,IF2012,2020-05-07 09:36:16.600,3779.8000,2359,0,54466200.000,0,-,-,-,-,3777.8000,3777.6000,3775.8000,3775.2000,3775.0000,3780.6000,3781.8000,3782.0000,3783.0000,3785.0000,1,1,1,1,1,1,1,1,1,2
SF,IF2012,2020-05-07 09:36:17.100,3779.8000,2359,0,54466200.000,0,-,-,-,-,3777.8000,3777.6000,3775.8000,3775.2000,3775.0000,3780.4000,3780.6000,3782.0000,3783.0000,3785.0000,1,1,1,1,1,1,1,1,1,2
SF,IF2012,2020-05-07 09:36:17.600,3779.8000,2359,0,54466200.000,0,-,-,-,-,3778.0000,3777.8000,3777.6000,3775.8000,3775.2000,3780.4000,3782.0000,3783.0000,3785.0000,3793.0000,1,1,1,1,1,1,1,1,2,1
SF,IF2012,2020-05-07 09:36:18.100,3779.8000,2359,0,54466200.000,0,-,-,-,-,3778.2000,3778.0000,3777.6000,3775.8000,3775.2000,3780.4000,3782.0000,3783.0000,3785.0000,3793.0000,1,1,1,1,1,1,1,1,2,1
SF,IF2012,2020-05-07 09:36:19.100,3779.8000,2359,0,54466200.000,0,-,-,-,-,3778.2000,3777.6000,3775.8000,3775.2000,3775.0000,3780.4000,3782.0000,3783.0000,3785.0000,3793.0000,1,1,1,1,1,1,1,1,2,1
SF,IF2012,2020-05-07 09:36:19.600,3779.8000,2359,0,54466200.000,0,-,-,-,-,3778.2000,3777.6000,3775.8000,3775.2000,3775.0000,3780.0000,3780.2000,3780.4000,3782.0000,3783.0000,1,1,1,1,1,1,1,1,1,1
SF,IF2012,2020-05-07 09:36:20.100,3779.8000,2359,0,54466200.000,0,-,-,-,-,3778.2000,3777.6000,3775.8000,3775.2000,3775.0000,3779.8000,3780.0000,3780.2000,3782.0000,3783.0000,1,1,1,1,1,1,1,1,1,1
SF,IF2012,2020-05-07 09:36:20.600,3779.8000,2359,0,54466200.000,0,-,-,-,-,3778.2000,3777.6000,3775.8000,3775.2000,3775.0000,3779.8000,3782.0000,3783.0000,3785.0000,3793.0000,1,1,1,1,1,2,1,1,2,1
SF,IF2012,2020-05-07 09:36:21.100,3779.8000,2359,0,54466200.000,0,-,-,-,-,3778.2000,3777.6000,3775.8000,3775.2000,3775.0000,3779.6000,3779.8000,3782.0000,3783.0000,3785.0000,1,1,1,1,1,2,1,1,1,2
SF,IF2012,2020-05-07 09:36:21.600,3779.8000,2359,0,54466200.000,0,-,-,-,-,3778.2000,3777.6000,3775.8000,3775.2000,3775.0000,3779.6000,3779.8000,3782.0000,3783.0000,3785.0000,1,1,1,1,1,1,1,1,1,2
SF,IF2012,2020-05-07 09:36:22.100,3779.8000,2359,0,54466200.000,0,-,-,-,-,3778.2000,3777.6000,3775.8000,3775.2000,3775.0000,3779.8000,3782.0000,3783.0000,3785.0000,3793.0000,1,1,1,1,1,1,1,1,2,1
SF,IF2012,2020-05-07 09:36:22.600,3779.8000,2359,0,54466200.000,0,-,-,-,-,3778.2000,3777.6000,3775.8000,3775.2000,3775.0000,3779.8000,3782.0000,3783.0000,3785.0000,3788.8000,1,1,1,1,1,1,1,1,2,1
SF,IF2012,2020-05-07 09:36:23.100,3779.8000,2359,0,54466200.000,0,-,-,-,-,3778.2000,3777.6000,3775.8000,3775.2000,3775.0000,3779.6000,3779.8000,3782.0000,3783.0000,3785.0000,1,1,1,1,1,1,1,1,1,2
SF,IF2012,2020-05-07 09:36:23.600,3779.8000,2359,0,54466200.000,0,-,-,-,-,3778.2000,3777.6000,3775.8000,3775.2000,3775.0000,3779.4000,3782.0000,3783.0000,3785.0000,3788.8000,1,1,1,1,1,1,1,1,2,1
SF,IF2012,2020-05-07 09:36:25.100,3779.4000,2358,-1,55600020.000,1,0,1,双平,S,3778.2000,3777.6000,3775.8000,3775.2000,3775.0000,3782.0000,3783.0000,3785.0000,3788.8000,3793.0000,1,1,1,1,1,1,1,2,1,1
SF,IF2012,2020-05-07 09:36:25.600,3779.4000,2358,0,55600020.000,0,-,-,-,-,3778.2000,3777.6000,3775.8000,3775.2000,3775.0000,3781.8000,3782.0000,3783.0000,3785.0000,3788.8000,1,1,1,1,1,2,1,1,2,1
SF,IF2012,2020-05-07 09:36:30.600,3779.4000,2358,0,55600020.000,0,-,-,-,-,3778.4000,3778.2000,3777.6000,3775.8000,3775.2000,3781.8000,3782.0000,3783.0000,3785.0000,3788.8000,1,1,1,1,1,2,1,1,2,1
SF,IF2012,2020-05-07 09:36:31.100,3779.4000,2358,0,55600020.000,0,-,-,-,-,3778.6000,3778.4000,3777.6000,3775.8000,3775.2000,3781.6000,3781.8000,3782.0000,3783.0000,3785.0000,1,1,1,1,1,1,2,1,1,2
SF,IF2012,2020-05-07 09:36:31.600,3779.4000,2358,0,55600020.000,0,-,-,-,-,3778.6000,3778.4000,3777.6000,3775.8000,3775.2000,3781.4000,3781.6000,3782.0000,3783.0000,3785.0000,1,1,1,1,1,1,1,1,1,2
SF,IF2012,2020-05-07 09:36:32.100,3779.4000,2358,0,55600020.000,0,-,-,-,-,3778.6000,3778.4000,3777.6000,3775.8000,3775.2000,3781.2000,3781.4000,3781.6000,3782.0000,3783.0000,1,1,1,1,1,1,1,1,1,1
SF,IF2012,2020-05-07 09:36:32.600,3779.4000,2358,0,55600020.000,0,-,-,-,-,3778.6000,3778.4000,3777.6000,3775.8000,3775.2000,3781.0000,3781.2000,3781.6000,3782.0000,3783.0000,1,1,1,1,1,1,1,1,1,1
SF,IF2012,2020-05-07 09:36:33.100,3779.4000,2358,0,55600020.000,0,-,-,-,-,3778.6000,3778.4000,3777.6000,3775.8000,3775.2000,3781.0000,3782.0000,3783.0000,3785.0000,3788.8000,1,1,1,1,1,1,1,1,2,1
SF,IF2012,2020-05-07 09:36:33.600,3779.4000,2358,0,55600020.000,0,-,-,-,-,3778.8000,3778.6000,3777.6000,3775.8000,3775.2000,3781.0000,3782.0000,3783.0000,3785.0000,3788.8000,1,1,1,1,1,1,1,1,2,1
SF,IF2012,2020-05-07 09:36:34.100,3779.4000,2358,0,55600020.000,0,-,-,-,-,3779.0000,3778.8000,3777.6000,3775.8000,3775.2000,3781.0000,3782.0000,3783.0000,3785.0000,3788.8000,2,1,1,1,1,1,1,1,2,1
SF,IF2012,2020-05-07 09:36:35.600,3779.4000,2358,0,55600020.000,0,-,-,-,-,3779.2000,3779.0000,3777.6000,3775.8000,3775.2000,3781.0000,3782.0000,3783.0000,3785.0000,3788.8000,1,2,1,1,1,1,1,1,2,1
SF,IF2012,2020-05-07 09:36:36.100,3779.4000,2358,0,55600020.000,0,-,-,-,-,3779.4000,3779.2000,3779.0000,3777.6000,3775.8000,3782.0000,3783.0000,3785.0000,3788.8000,3793.0000,1,1,1,1,1,1,1,2,1,1
SF,IF2012,2020-05-07 09:36:36.600,3779.4000,2358,0,55600020.000,0,-,-,-,-,3779.8000,3779.4000,3779.0000,3777.6000,3775.8000,3781.8000,3782.0000,3783.0000,3785.0000,3788.8000,1,1,1,1,1,1,1,1,2,1
SF,IF2012,2020-05-07 09:36:37.100,3779.4000,2358,0,55600020.000,0,-,-,-,-,3780.0000,3779.8000,3779.6000,3779.0000,3777.6000,3781.8000,3782.0000,3783.0000,3785.0000,3788.8000,1,1,1,1,1,1,1,1,2,1
SF,IF2012,2020-05-07 09:36:37.600,3779.4000,2358,0,55600020.000,0,-,-,-,-,3780.2000,3780.0000,3779.8000,3779.6000,3777.6000,3782.0000,3783.0000,3785.0000,3788.8000,3793.0000,1,1,1,1,1,1,1,2,1,1
SF,IF2012,2020-05-07 09:36:38.100,3779.4000,2358,0,55600020.000,0,-,-,-,-,3780.4000,3780.2000,3779.8000,3779.6000,3777.6000,3781.8000,3782.0000,3783.0000,3785.0000,3788.8000,1,1,1,1,1,1,1,1,2,1
SF,IF2012,2020-05-07 09:36:38.600,3779.4000,2358,0,55600020.000,0,-,-,-,-,3780.4000,3780.2000,3777.6000,3775.8000,3775.2000,3781.8000,3782.0000,3783.0000,3785.0000,3788.8000,1,1,1,1,1,1,1,1,2,1
SF,IF2012,2020-05-07 09:36:39.100,3779.4000,2358,0,55600020.000,0,-,-,-,-,3780.2000,3777.6000,3775.8000,3775.2000,3775.0000,3781.6000,3781.8000,3782.0000,3783.0000,3785.0000,1,1,1,1,1,1,1,1,1,2
SF,IF2012,2020-05-07 09:36:39.600,3779.4000,2358,0,55600020.000,0,-,-,-,-,3780.2000,3777.6000,3775.8000,3775.2000,3775.0000,3781.4000,3781.6000,3782.0000,3783.0000,3785.0000,1,1,1,1,1,1,1,1,1,2
SF,IF2012,2020-05-07 09:36:40.100,3779.4000,2358,0,55600020.000,0,-,-,-,-,3780.2000,3777.6000,3775.8000,3775.2000,3775.0000,3781.4000,3782.0000,3783.0000,3785.0000,3788.8000,1,1,1,1,1,1,1,1,2,1
SF,IF2012,2020-05-07 09:36:41.100,3779.4000,2358,0,55600020.000,0,-,-,-,-,3777.6000,3775.8000,3775.2000,3775.0000,3772.2000,3781.4000,3782.0000,3783.0000,3785.0000,3788.8000,1,1,1,1,2,1,1,1,2,1
SF,IF2012,2020-05-07 09:36:41.600,3779.4000,2358,0,55600020.000,0,-,-,-,-,3778.0000,3777.8000,3777.6000,3775.2000,3775.0000,3781.4000,3782.0000,3783.0000,3785.0000,3788.8000,1,3,1,1,1,1,1,1,2,1
SF,IF2012,2020-05-07 09:36:42.100,3779.4000,2358,0,55600020.000,0,-,-,-,-,3778.2000,3778.0000,3777.8000,3777.6000,3775.2000,3781.4000,3782.0000,3783.0000,3785.0000,3788.8000,2,2,2,1,1,1,1,1,2,1
SF,IF2012,2020-05-07 09:36:42.600,3779.4000,2358,0,55600020.000,0,-,-,-,-,3778.6000,3778.2000,3778.0000,3777.8000,3777.6000,3781.4000,3782.0000,3783.0000,3785.0000,3788.8000,1,2,1,2,1,1,1,1,2,1
SF,IF2012,2020-05-07 09:36:43.100,3779.4000,2358,0,55600020.000,0,-,-,-,-,3778.8000,3778.6000,3778.2000,3778.0000,3777.8000,3781.2000,3781.4000,3782.0000,3783.0000,3785.0000,1,1,1,1,2,1,1,1,1,2
SF,IF2012,2020-05-07 09:36:43.600,3779.4000,2358,0,55600020.000,0,-,-,-,-,3779.2000,3778.8000,3778.2000,3778.0000,3777.8000,3781.0000,3781.2000,3782.0000,3783.0000,3785.0000,2,1,1,1,2,1,1,1,1,2
SF,IF2012,2020-05-07 09:36:44.100,3779.4000,2358,0,55600020.000,0,-,-,-,-,3779.4000,3779.2000,3778.2000,3778.0000,3777.8000,3781.2000,3782.0000,3783.0000,3785.0000,3788.8000,1,2,1,1,2,1,1,1,2,1
SF,IF2012,2020-05-07 09:36:44.600,3779.4000,2358,0,55600020.000,0,-,-,-,-,3779.8000,3779.6000,3779.4000,3779.2000,3778.2000,3782.0000,3783.0000,3785.0000,3788.8000,3793.0000,1,1,1,1,1,1,1,2,1,1
SF,IF2012,2020-05-07 09:36:45.100,3779.4000,2358,0,55600020.000,0,-,-,-,-,3780.0000,3779.6000,3779.2000,3778.2000,3778.0000,3781.8000,3782.0000,3783.0000,3785.0000,3788.8000,1,1,1,1,1,1,1,1,2,1
SF,IF2012,2020-05-07 09:36:45.600,3779.4000,2358,0,55600020.000,0,-,-,-,-,3780.0000,3779.6000,3779.2000,3778.2000,3778.0000,3781.8000,3782.0000,3783.0000,3785.0000,3788.8000,2,1,1,1,1,1,1,1,2,1
SF,IF2012,2020-05-07 09:36:46.100,3779.4000,2358,0,55600020.000,0,-,-,-,-,3780.0000,3779.6000,3779.2000,3778.2000,3778.0000,3781.6000,3781.8000,3782.0000,3783.0000,3785.0000,1,1,1,1,1,1,1,1,1,2
SF,IF2012,2020-05-07 09:36:46.600,3779.4000,2358,0,55600020.000,0,-,-,-,-,3780.0000,3779.6000,3779.2000,3778.2000,3778.0000,3781.4000,3782.0000,3783.0000,3785.0000,3788.8000,1,1,1,1,1,1,1,1,2,1
SF,IF2012,2020-05-07 09:36:48.100,3779.4000,2358,0,55600020.000,0,-,-,-,-,3780.2000,3780.0000,3779.2000,3778.2000,3778.0000,3781.4000,3782.0000,3783.0000,3785.0000,3788.8000,1,1,1,1,1,1,1,1,2,1
SF,IF2012,2020-05-07 09:36:48.600,3779.4000,2358,0,55600020.000,0,-,-,-,-,3780.4000,3780.2000,3779.2000,3778.2000,3778.0000,3781.4000,3782.0000,3783.0000,3785.0000,3788.8000,1,1,1,1,1,1,1,1,2,1
SF,IF2012,2020-05-07 09:36:58.100,3779.4000,2358,0,55600020.000,0,-,-,-,-,3780.4000,3779.2000,3778.2000,3778.0000,3777.8000,3781.4000,3782.0000,3783.0000,3785.0000,3788.8000,1,1,1,1,1,1,1,1,2,1
