市场代码,合约代码,时间,最新,持仓,增仓,成交额,成交量,开仓,平仓,成交类型,方向,买一价,买二价,买三价,买四价,买五价,卖一价,卖二价,卖三价,卖四价,卖五价,买一量,买二量,买三量,买四量,买五量,卖一量,卖二量,卖三量,卖四量,卖五量
SF,IF2003,2019-11-13 09:29:00.400,3885.4000,10384,0,3496860.000,3.000,-,-,-,-,3885.2000,3885.0000,3884.2000,3883.6000,3883.2000,3887.0000,3888.8000,3890.0000,3890.8000,3891.0000,1,1,1,1,1,1,2,1,2,1
SF,IF2003,2019-11-13 09:30:00.400,3882.2000,10379,-5,19807080.000,14,4,10,多平,S,3881.2000,3880.2000,3877.8000,3877.2000,3871.0000,3881.8000,3882.0000,3882.2000,3882.6000,3882.8000,1,1,1,1,2,3,1,3,1,8
SF,IF2003,2019-11-13 09:30:00.900,3881.2000,10379,0,22135980.000,2,1,1,多换,S,3880.2000,3877.8000,3877.2000,3871.0000,3870.8000,3880.4000,3881.2000,3881.4000,3881.6000,3881.8000,3,1,1,2,2,1,3,11,2,3
SF,IF2003,2019-11-13 09:30:01.400,3880.2000,10378,-1,27956640.000,5,2,3,多平,S,3877.8000,3872.4000,3871.0000,3870.6000,3870.0000,3880.0000,3880.2000,3881.2000,3881.4000,3881.6000,1,5,2,5,3,1,1,1,6,1
SF,IF2003,2019-11-13 09:30:01.900,3880.0000,10376,-2,30284640.000,2,0,2,双平,S,3880.0000,3879.2000,3879.0000,3878.2000,3878.0000,3881.2000,3881.6000,3881.8000,3882.2000,3882.6000,1,1,1,7,2,1,1,2,3,1
SF,IF2003,2019-11-13 09:30:02.400,3880.0000,10376,0,30284640.000,0,-,-,-,-,3880.0000,3879.2000,3878.2000,3878.0000,3877.8000,3881.2000,3881.6000,3881.8000,3882.2000,3882.6000,2,1,7,2,2,1,1,2,2,1
SF,IF2003,2019-11-13 09:30:02.900,3880.0000,10376,0,30284640.000,0,-,-,-,-,3880.0000,3879.2000,3878.2000,3878.0000,3877.8000,3881.0000,3881.2000,3881.6000,3881.8000,3882.2000,2,1,7,2,2,2,1,1,1,2
SF,IF2003,2019-11-13 09:30:03.400,3880.0000,10376,0,30284640.000,0,-,-,-,-,3880.2000,3880.0000,3879.2000,3878.2000,3878.0000,3881.2000,3881.6000,3881.8000,3882.2000,3882.6000,1,1,1,7,2,1,1,1,2,1
SF,IF2003,2019-11-13 09:30:03.900,3880.8000,10375,-1,31448880.000,1,0,1,双平,S,3880.2000,3880.0000,3879.2000,3878.2000,3878.0000,3881.2000,3881.6000,3881.8000,3882.2000,3882.6000,1,1,1,7,1,1,1,1,2,1
SF,IF2003,2019-11-13 09:30:04.400,3880.2000,10374,-1,32612940.000,1,0,1,双平,S,3880.0000,3879.2000,3878.2000,3878.0000,3877.8000,3881.2000,3881.8000,3882.6000,3882.8000,3883.6000,1,1,7,1,2,1,1,1,5,1
SF,IF2003,2019-11-13 09:30:04.900,3881.2000,10373,-1,33777300.000,1,0,1,双平,S,3880.0000,3879.2000,3878.2000,3878.0000,3877.8000,3881.8000,3882.6000,3882.8000,3883.6000,3884.4000,1,1,7,1,2,1,1,5,1,1
SF,IF2003,2019-11-13 09:30:05.400,3881.2000,10373,0,33777300.000,0,-,-,-,-,3880.2000,3880.0000,3879.2000,3878.2000,3877.8000,3882.8000,3884.4000,3884.6000,3884.8000,3885.0000,1,1,1,7,2,5,1,5,1,2
SF,IF2003,2019-11-13 09:30:05.900,3881.2000,10373,0,33777300.000,0,-,-,-,-,3880.2000,3880.0000,3879.2000,3878.2000,3877.8000,3881.4000,3882.4000,3882.8000,3884.4000,3884.6000,1,1,1,7,2,1,7,5,1,5
SF,IF2003,2019-11-13 09:30:06.400,3881.2000,10373,0,33777300.000,0,-,-,-,-,3880.0000,3879.2000,3878.2000,3877.8000,3872.4000,3881.4000,3882.4000,3882.8000,3884.2000,3884.4000,1,1,7,2,5,1,7,5,1,1
SF,IF2003,2019-11-13 09:30:06.900,3881.2000,10373,0,33777300.000,0,-,-,-,-,3881.6000,3880.2000,3880.0000,3879.2000,3877.8000,3882.8000,3884.2000,3884.4000,3884.6000,3884.8000,1,8,1,1,2,5,1,1,5,1
SF,IF2003,2019-11-13 09:30:07.400,3881.2000,10373,0,33777300.000,0,-,-,-,-,3880.2000,3880.0000,3879.2000,3877.8000,3872.4000,3881.2000,3882.4000,3882.8000,3884.2000,3884.4000,1,1,1,2,5,2,1,5,1,1
SF,IF2003,2019-11-13 09:30:07.900,3881.2000,10371,-2,38434740.000,4,1,3,多平,S,3880.0000,3879.2000,3877.8000,3872.4000,3871.0000,3882.4000,3882.8000,3884.2000,3884.4000,3884.8000,1,1,2,5,2,1,5,1,1,1
SF,IF2003,2019-11-13 09:30:08.400,3881.2000,10371,0,38434740.000,0,-,-,-,-,3881.2000,3880.2000,3880.0000,3879.2000,3877.8000,3882.0000,3882.4000,3882.8000,3884.2000,3884.4000,1,1,1,1,2,7,1,5,1,1
SF,IF2003,2019-11-13 09:30:08.900,3881.6000,10368,-3,41928060.000,3,0,3,双平,S,3882.4000,3880.2000,3880.0000,3879.2000,3877.8000,3882.8000,3884.2000,3884.4000,3884.8000,3885.0000,2,1,1,1,2,5,1,1,1,2
SF,IF2003,2019-11-13 09:30:09.400,3882.4000,10366,-2,45422220.000,3,0,3,多平,S,3880.2000,3880.0000,3879.2000,3877.8000,3872.4000,3882.4000,3882.8000,3884.2000,3884.4000,3884.8000,1,1,1,2,5,7,5,1,1,1
SF,IF2003,2019-11-13 09:30:10.400,3882.0000,10363,-3,48914880.000,3,0,3,双平,S,3881.2000,3879.2000,3877.8000,3872.4000,3871.2000,3882.4000,3882.8000,3884.2000,3884.4000,3884.8000,2,1,2,5,5,7,5,1,1,1
SF,IF2003,2019-11-13 09:30:10.900,3881.2000,10361,-2,51243600.000,2,0,2,双平,S,3879.2000,3877.8000,3872.4000,3871.2000,3871.0000,3881.0000,3882.0000,3882.2000,3882.4000,3882.8000,1,2,5,5,2,1,3,1,6,6
SF,IF2003,2019-11-13 09:30:11.400,3881.2000,10361,0,51243600.000,0,-,-,-,-,3879.4000,3879.2000,3877.8000,3872.4000,3871.2000,3881.0000,3882.0000,3882.2000,3882.4000,3882.8000,1,2,2,5,5,1,3,2,6,6
SF,IF2003,2019-11-13 09:30:11.900,3881.2000,10361,0,51243600.000,0,-,-,-,-,3879.4000,3879.2000,3877.8000,3872.4000,3871.2000,3881.0000,3882.0000,3882.2000,3882.4000,3882.8000,1,1,2,5,5,1,3,2,6,6
SF,IF2003,2019-11-13 09:30:12.400,3881.2000,10361,0,51243600.000,0,-,-,-,-,3879.4000,3879.2000,3877.8000,3872.4000,3871.2000,3881.0000,3882.0000,3882.2000,3882.4000,3882.8000,1,1,2,5,5,2,1,2,6,6
SF,IF2003,2019-11-13 09:30:12.900,3881.2000,10361,0,51243600.000,0,-,-,-,-,3879.4000,3879.2000,3877.8000,3872.4000,3871.2000,3881.0000,3882.0000,3882.2000,3882.4000,3882.8000,1,1,2,5,5,1,1,2,7,6
SF,IF2003,2019-11-13 09:30:13.400,3881.2000,10361,0,51243600.000,0,-,-,-,-,3879.2000,3877.8000,3872.4000,3871.2000,3871.0000,3881.0000,3882.0000,3882.2000,3882.4000,3882.8000,1,2,5,5,2,1,1,2,7,6
SF,IF2003,2019-11-13 09:30:13.900,3881.2000,10360,-1,52407960.000,1,0,1,双平,S,3879.4000,3879.2000,3877.8000,3872.4000,3871.2000,3881.0000,3882.0000,3882.2000,3882.4000,3882.8000,1,1,2,5,5,1,1,1,7,6
SF,IF2003,2019-11-13 09:30:14.400,3881.2000,10360,0,52407960.000,0,-,-,-,-,3879.4000,3879.2000,3877.8000,3876.4000,3872.4000,3880.6000,3880.8000,3881.0000,3882.0000,3882.2000,1,1,2,1,5,6,2,1,1,1
SF,IF2003,2019-11-13 09:30:14.900,3881.2000,10360,0,52407960.000,0,-,-,-,-,3879.2000,3877.8000,3876.4000,3872.4000,3871.2000,3880.2000,3880.6000,3880.8000,3881.0000,3882.2000,1,2,1,5,5,1,8,3,1,1
SF,IF2003,2019-11-13 09:30:15.400,3879.2000,10360,0,53571720.000,1,0,1,多换,S,3877.8000,3876.4000,3872.4000,3871.2000,3871.0000,3880.0000,3880.6000,3880.8000,3882.2000,3882.8000,2,1,5,5,2,2,7,2,1,6
SF,IF2003,2019-11-13 09:30:15.900,3880.0000,10360,0,54735720.000,1,0,1,多换,S,3878.2000,3878.0000,3877.8000,3872.4000,3871.2000,3879.8000,3880.0000,3880.6000,3880.8000,3882.2000,1,3,2,5,5,1,1,7,2,1
SF,IF2003,2019-11-13 09:30:16.400,3880.0000,10360,0,54735720.000,0,-,-,-,-,3878.2000,3878.0000,3877.8000,3872.4000,3871.2000,3879.6000,3879.8000,3880.0000,3880.6000,3880.8000,1,2,2,5,5,1,1,1,7,2
SF,IF2003,2019-11-13 09:30:16.900,3880.0000,10360,0,54735720.000,0,-,-,-,-,3878.2000,3878.0000,3877.8000,3877.4000,3872.4000,3879.6000,3879.8000,3880.0000,3880.6000,3880.8000,1,2,2,1,5,1,1,1,6,2
SF,IF2003,2019-11-13 09:30:17.400,3879.6000,10360,0,55899600.000,1,0,1,多换,S,3878.2000,3878.0000,3877.8000,3877.4000,3872.4000,3880.0000,3880.6000,3880.8000,3881.2000,3882.2000,1,2,2,1,5,1,6,2,1,1
SF,IF2003,2019-11-13 09:30:17.900,3879.6000,10360,0,55899600.000,0,-,-,-,-,3878.4000,3878.2000,3878.0000,3877.8000,3877.4000,3880.0000,3880.6000,3880.8000,3881.2000,3882.2000,1,1,1,2,1,1,6,2,1,1
SF,IF2003,2019-11-13 09:30:18.400,3879.6000,10360,0,55899600.000,0,-,-,-,-,3878.6000,3878.4000,3878.2000,3878.0000,3877.8000,3879.8000,3880.0000,3880.6000,3880.8000,3881.2000,1,1,1,1,2,1,1,6,2,1
SF,IF2003,2019-11-13 09:30:18.900,3879.6000,10360,0,55899600.000,0,-,-,-,-,3878.6000,3878.4000,3878.2000,3878.0000,3877.8000,3879.6000,3879.8000,3880.0000,3880.6000,3880.8000,1,1,1,1,2,1,1,1,6,2
SF,IF2003,2019-11-13 09:30:19.400,3879.6000,10360,0,55899600.000,0,-,-,-,-,3878.6000,3878.2000,3878.0000,3877.8000,3872.4000,3880.0000,3880.6000,3880.8000,3881.2000,3882.2000,1,1,1,2,5,1,6,2,1,1
SF,IF2003,2019-11-13 09:30:19.900,3879.6000,10360,0,55899600.000,0,-,-,-,-,3878.6000,3878.2000,3878.0000,3877.8000,3872.4000,3879.8000,3880.0000,3880.6000,3880.8000,3881.2000,1,1,1,2,5,1,1,6,2,1
SF,IF2003,2019-11-13 09:30:20.400,3879.6000,10360,0,55899600.000,0,-,-,-,-,3878.6000,3878.2000,3878.0000,3877.8000,3872.4000,3879.8000,3880.0000,3880.6000,3880.8000,3881.2000,1,1,1,2,5,1,1,6,1,1
SF,IF2003,2019-11-13 09:30:20.900,3879.8000,10360,0,57063540.000,1,0,1,多换,S,3878.6000,3877.8000,3872.4000,3871.2000,3871.0000,3880.0000,3880.6000,3880.8000,3881.2000,3882.2000,1,2,5,5,2,1,6,1,1,1
SF,IF2003,2019-11-13 09:30:21.400,3880.0000,10359,-1,58227540.000,1,0,1,双平,S,3878.6000,3877.8000,3872.4000,3871.2000,3871.0000,3879.6000,3879.8000,3882.8000,3884.4000,3885.0000,1,2,5,5,2,1,1,8,1,2
SF,IF2003,2019-11-13 09:30:21.900,3879.8000,10358,-1,60555420.000,2,0,2,多平,S,3878.6000,3877.8000,3872.4000,3871.2000,3871.0000,3882.8000,3884.4000,3885.0000,3887.0000,3888.8000,1,2,5,5,2,8,1,2,1,2
SF,IF2003,2019-11-13 09:30:22.400,3879.8000,10358,0,60555420.000,0,-,-,-,-,3879.0000,3878.8000,3877.8000,3872.4000,3871.2000,3880.8000,3881.8000,3882.2000,3882.4000,3882.6000,1,1,2,5,5,1,4,2,6,1
SF,IF2003,2019-11-13 09:30:22.900,3879.8000,10358,0,60555420.000,0,-,-,-,-,3879.2000,3879.0000,3877.8000,3872.4000,3871.2000,3880.6000,3881.8000,3882.4000,3882.6000,3882.8000,1,1,2,5,5,2,1,6,1,9
SF,IF2003,2019-11-13 09:30:23.400,3880.6000,10357,-1,61719600.000,1,0,1,双平,S,3879.8000,3879.2000,3879.0000,3877.8000,3872.4000,3881.8000,3882.4000,3882.6000,3882.8000,3884.4000,3,2,1,2,5,1,6,1,9,1
SF,IF2003,2019-11-13 09:30:23.900,3880.0000,10356,-1,62883600.000,1,0,1,双平,S,3879.8000,3879.2000,3879.0000,3877.8000,3872.4000,3881.6000,3882.4000,3882.6000,3882.8000,3884.4000,3,1,1,2,5,2,6,1,7,1
SF,IF2003,2019-11-13 09:30:24.400,3879.8000,10356,0,64047540.000,1,0,1,多换,S,3879.8000,3879.2000,3879.0000,3877.8000,3872.4000,3881.6000,3882.4000,3882.6000,3882.8000,3884.4000,2,1,1,2,5,1,6,1,7,3
SF,IF2003,2019-11-13 09:30:24.900,3879.8000,10355,-1,65211480.000,1,0,1,双平,S,3879.8000,3879.2000,3877.8000,3872.4000,3871.2000,3881.6000,3882.4000,3882.6000,3882.8000,3884.4000,2,1,2,5,5,1,6,1,7,3
SF,IF2003,2019-11-13 09:30:25.400,3879.8000,10355,0,65211480.000,0,-,-,-,-,3879.8000,3879.2000,3877.8000,3872.4000,3871.2000,3881.6000,3882.4000,3882.6000,3882.8000,3884.4000,2,1,2,5,5,1,6,1,7,3
SF,IF2003,2019-11-13 09:30:25.900,3879.8000,10355,0,65211480.000,0,-,-,-,-,3879.8000,3879.2000,3877.8000,3872.4000,3871.2000,3881.6000,3882.4000,3882.6000,3882.8000,3884.4000,2,1,2,5,5,1,6,1,7,3
SF,IF2003,2019-11-13 09:30:26.400,3879.8000,10355,0,65211480.000,0,-,-,-,-,3879.8000,3879.2000,3877.8000,3872.4000,3871.2000,3881.4000,3881.6000,3882.4000,3882.6000,3882.8000,2,1,2,5,5,1,1,6,1,7
SF,IF2003,2019-11-13 09:30:26.900,3879.8000,10355,0,65211480.000,0,-,-,-,-,3879.8000,3877.8000,3872.4000,3871.2000,3871.0000,3881.0000,3881.2000,3881.4000,3881.8000,3882.6000,2,2,5,5,2,1,8,1,1,1
SF,IF2003,2019-11-13 09:30:27.400,3879.8000,10353,-2,67539360.000,2,0,2,双平,S,3877.8000,3872.4000,3871.2000,3871.0000,3870.6000,3880.8000,3881.0000,3881.2000,3881.4000,3881.8000,2,5,5,2,5,3,1,6,2,1
SF,IF2003,2019-11-13 09:30:27.900,3879.8000,10353,0,67539360.000,0,-,-,-,-,3878.2000,3878.0000,3877.8000,3872.4000,3871.2000,3880.6000,3880.8000,3881.0000,3881.2000,3881.4000,1,3,2,5,5,1,3,2,6,1
SF,IF2003,2019-11-13 09:30:28.400,3880.4000,10348,-5,74524080.000,6,0,6,多平,S,3878.4000,3878.0000,3877.8000,3872.4000,3871.2000,3880.6000,3880.8000,3881.0000,3881.4000,3881.8000,1,1,2,5,5,1,2,1,1,1
SF,IF2003,2019-11-13 09:30:28.900,3880.4000,10348,0,74524080.000,0,-,-,-,-,3878.0000,3877.8000,3872.4000,3871.2000,3871.0000,3880.2000,3880.4000,3880.6000,3880.8000,3881.0000,1,2,5,5,2,1,2,1,2,1
SF,IF2003,2019-11-13 09:30:29.400,3880.4000,10348,0,74524080.000,0,-,-,-,-,3877.8000,3872.4000,3871.2000,3871.0000,3870.6000,3880.0000,3880.2000,3880.4000,3880.8000,3881.0000,2,5,5,2,5,3,1,1,2,1
SF,IF2003,2019-11-13 09:30:29.900,3880.4000,10348,0,74524080.000,0,-,-,-,-,3878.0000,3877.8000,3872.4000,3871.2000,3871.0000,3879.8000,3880.0000,3880.4000,3880.8000,3881.0000,1,2,5,5,2,1,3,1,2,1
SF,IF2003,2019-11-13 09:30:30.400,3880.4000,10348,0,74524080.000,0,-,-,-,-,3878.0000,3877.8000,3872.4000,3871.2000,3871.0000,3879.6000,3879.8000,3880.8000,3881.0000,3881.4000,3,2,5,5,2,2,1,2,1,1
SF,IF2003,2019-11-13 09:30:30.900,3880.4000,10348,0,74524080.000,0,-,-,-,-,3878.0000,3877.8000,3872.4000,3871.2000,3871.0000,3879.6000,3879.8000,3880.0000,3880.6000,3880.8000,1,2,5,5,2,2,1,1,2,2
SF,IF2003,2019-11-13 09:30:31.400,3880.4000,10348,0,74524080.000,0,-,-,-,-,3878.0000,3877.8000,3872.4000,3871.2000,3871.0000,3879.6000,3879.8000,3880.0000,3880.6000,3880.8000,1,2,5,5,2,2,2,1,3,2
SF,IF2003,2019-11-13 09:30:31.900,3880.4000,10348,0,74524080.000,0,-,-,-,-,3878.0000,3877.8000,3872.4000,3871.2000,3871.0000,3879.6000,3879.8000,3880.0000,3880.6000,3880.8000,1,2,5,5,2,2,2,1,3,2
SF,IF2003,2019-11-13 09:30:32.400,3880.4000,10348,0,74524080.000,0,-,-,-,-,3878.0000,3877.8000,3872.4000,3871.2000,3871.0000,3879.4000,3879.6000,3879.8000,3880.0000,3880.2000,1,2,5,5,2,1,2,2,1,1
SF,IF2003,2019-11-13 09:30:32.900,3880.4000,10348,0,74524080.000,0,-,-,-,-,3878.0000,3877.8000,3872.4000,3871.2000,3871.0000,3879.6000,3879.8000,3880.0000,3880.2000,3880.6000,1,2,5,5,2,1,1,1,1,2
SF,IF2003,2019-11-13 09:30:33.400,3880.4000,10348,0,74524080.000,0,-,-,-,-,3878.0000,3877.8000,3872.4000,3871.2000,3871.0000,3879.4000,3879.6000,3879.8000,3880.0000,3880.2000,1,2,5,5,2,1,1,1,1,1
SF,IF2003,2019-11-13 09:30:33.900,3880.4000,10348,0,74524080.000,0,-,-,-,-,3877.8000,3872.4000,3871.2000,3871.0000,3870.6000,3879.4000,3879.6000,3879.8000,3880.0000,3880.2000,2,5,5,2,5,1,1,1,1,1
SF,IF2003,2019-11-13 09:30:34.400,3880.4000,10348,0,74524080.000,0,-,-,-,-,3878.0000,3877.8000,3872.4000,3871.2000,3871.0000,3879.4000,3879.6000,3879.8000,3880.0000,3880.2000,1,2,5,5,2,1,1,1,1,1
SF,IF2003,2019-11-13 09:30:34.900,3880.4000,10348,0,74524080.000,0,-,-,-,-,3877.8000,3872.4000,3871.2000,3871.0000,3870.6000,3879.0000,3879.4000,3879.6000,3879.8000,3880.0000,2,5,5,2,5,1,1,1,1,1
SF,IF2003,2019-11-13 09:30:35.400,3879.0000,10347,-1,75687780.000,1,0,1,双平,S,3878.4000,3878.2000,3878.0000,3877.8000,3872.4000,3879.6000,3880.0000,3880.2000,3881.0000,3881.4000,2,3,5,2,5,1,1,1,1,1
SF,IF2003,2019-11-13 09:30:35.900,3879.0000,10347,0,75687780.000,0,-,-,-,-,3877.8000,3872.4000,3871.2000,3871.0000,3870.6000,3881.0000,3881.4000,3881.6000,3881.8000,3882.6000,2,5,5,2,5,2,1,2,1,1
SF,IF2003,2019-11-13 09:30:36.400,3879.0000,10347,0,75687780.000,0,-,-,-,-,3878.2000,3878.0000,3877.8000,3872.4000,3871.2000,3880.6000,3880.8000,3881.0000,3881.4000,3881.6000,2,5,2,5,5,3,2,2,1,2
SF,IF2003,2019-11-13 09:30:36.900,3880.4000,10347,0,82672380.000,6,3,3,多换,S,3877.8000,3872.4000,3871.2000,3871.0000,3870.6000,3880.0000,3880.4000,3880.6000,3880.8000,3881.0000,2,5,5,2,5,1,4,3,2,2
SF,IF2003,2019-11-13 09:30:37.400,3880.4000,10347,0,82672380.000,0,-,-,-,-,3878.0000,3877.8000,3872.4000,3871.2000,3871.0000,3879.8000,3880.0000,3880.4000,3880.6000,3880.8000,3,2,5,5,2,1,1,3,3,1
SF,IF2003,2019-11-13 09:30:37.900,3880.4000,10347,0,82672380.000,0,-,-,-,-,3877.8000,3872.4000,3871.2000,3871.0000,3870.6000,3879.6000,3879.8000,3880.4000,3880.8000,3881.0000,2,5,5,2,5,5,1,3,1,2
SF,IF2003,2019-11-13 09:30:38.400,3880.4000,10347,0,82672380.000,0,-,-,-,-,3877.8000,3872.4000,3871.2000,3871.0000,3870.6000,3879.4000,3879.6000,3880.0000,3880.4000,3880.8000,1,5,5,2,5,1,2,1,3,1
SF,IF2003,2019-11-13 09:30:38.900,3880.4000,10347,0,82672380.000,0,-,-,-,-,3878.0000,3877.8000,3872.4000,3871.2000,3871.0000,3879.4000,3879.6000,3879.8000,3880.4000,3880.8000,1,2,5,5,2,1,2,1,2,1
SF,IF2003,2019-11-13 09:30:39.400,3880.4000,10347,0,82672380.000,0,-,-,-,-,3877.8000,3872.4000,3871.2000,3871.0000,3870.6000,3879.2000,3879.4000,3879.6000,3879.8000,3880.4000,1,5,5,2,5,2,1,1,1,2
SF,IF2003,2019-11-13 09:30:39.900,3880.4000,10347,0,82672380.000,0,-,-,-,-,3877.8000,3872.4000,3871.2000,3871.0000,3870.6000,3879.2000,3879.4000,3879.6000,3879.8000,3880.4000,1,5,5,2,5,5,1,1,3,2
SF,IF2003,2019-11-13 09:30:40.400,3880.4000,10347,0,82672380.000,0,-,-,-,-,3877.8000,3872.4000,3871.2000,3871.0000,3870.6000,3879.2000,3879.4000,3879.6000,3879.8000,3880.4000,1,5,5,2,5,2,1,1,3,2
SF,IF2003,2019-11-13 09:30:40.900,3880.4000,10347,0,82672380.000,0,-,-,-,-,3877.8000,3872.4000,3871.2000,3871.0000,3870.6000,3879.0000,3879.2000,3879.4000,3879.6000,3879.8000,1,5,5,2,5,3,2,1,1,3
SF,IF2003,2019-11-13 09:30:41.400,3880.4000,10347,0,82672380.000,0,-,-,-,-,3877.8000,3872.4000,3871.2000,3871.0000,3870.6000,3878.8000,3879.0000,3879.2000,3879.4000,3879.6000,1,5,5,2,5,3,3,1,1,1
SF,IF2003,2019-11-13 09:30:41.900,3880.4000,10347,0,82672380.000,0,-,-,-,-,3877.8000,3872.4000,3871.2000,3871.0000,3870.6000,3878.8000,3879.0000,3879.2000,3879.4000,3879.6000,1,5,5,2,5,3,3,1,1,1
SF,IF2003,2019-11-13 09:30:42.400,3880.4000,10347,0,82672380.000,0,-,-,-,-,3877.8000,3872.4000,3871.2000,3871.0000,3870.6000,3878.8000,3879.0000,3879.2000,3879.4000,3879.6000,1,5,5,2,5,2,3,1,1,1
SF,IF2003,2019-11-13 09:30:42.900,3877.8000,10346,-1,83835720.000,1,0,1,双平,S,3872.4000,3871.2000,3871.0000,3870.6000,3870.0000,3878.8000,3879.0000,3879.2000,3879.4000,3879.6000,5,5,2,5,3,2,3,2,1,1
SF,IF2003,2019-11-13 09:30:43.400,3877.8000,10346,0,83835720.000,0,-,-,-,-,3877.8000,3876.2000,3875.8000,3875.6000,3875.2000,3878.6000,3878.8000,3879.0000,3879.2000,3879.6000,5,1,1,3,2,1,2,3,2,1
SF,IF2003,2019-11-13 09:30:43.900,3877.8000,10342,-4,88489080.000,4,0,4,双平,S,3877.8000,3875.2000,3875.0000,3874.0000,3873.2000,3878.4000,3878.8000,3879.0000,3879.2000,3879.6000,1,2,1,2,1,1,1,3,1,1
SF,IF2003,2019-11-13 09:30:44.400,3877.8000,10341,-1,89652420.000,1,0,1,双平,S,3877.8000,3875.2000,3874.0000,3873.2000,3872.8000,3878.2000,3878.4000,3878.8000,3879.0000,3879.2000,5,2,2,1,10,1,1,1,3,1
SF,IF2003,2019-11-13 09:30:44.900,3877.8000,10341,0,91979100.000,2,1,1,多换,S,3877.8000,3875.2000,3875.0000,3874.0000,3873.2000,3878.0000,3878.2000,3878.8000,3879.0000,3879.2000,3,1,1,2,1,1,1,1,3,1
SF,IF2003,2019-11-13 09:30:45.400,3877.8000,10339,-2,95469240.000,3,0,3,多平,S,3877.8000,3875.2000,3875.0000,3874.0000,3873.2000,3878.2000,3878.8000,3879.0000,3879.2000,3879.4000,2,1,1,1,1,1,1,3,1,2
SF,IF2003,2019-11-13 09:30:45.900,3877.8000,10339,0,95469240.000,0,-,-,-,-,3878.0000,3877.8000,3875.0000,3874.0000,3873.2000,3878.2000,3878.8000,3879.0000,3879.2000,3879.4000,3,2,1,1,1,1,2,3,1,2
SF,IF2003,2019-11-13 09:30:46.400,3878.2000,10339,0,96632700.000,1,0,1,多换,S,3878.4000,3878.0000,3877.8000,3875.0000,3874.0000,3878.8000,3879.0000,3879.2000,3879.4000,3879.8000,1,3,2,1,1,2,3,1,2,2
SF,IF2003,2019-11-13 09:30:46.900,3878.2000,10339,0,96632700.000,0,-,-,-,-,3878.4000,3878.0000,3877.8000,3875.0000,3874.0000,3878.6000,3878.8000,3879.2000,3879.4000,3880.0000,1,3,2,1,1,4,2,1,2,2
SF,IF2003,2019-11-13 09:30:47.400,3878.4000,10340,1,97796220.000,1,1,0,双开,S,3878.0000,3877.8000,3875.0000,3874.0000,3873.2000,3878.6000,3878.8000,3879.2000,3879.4000,3880.0000,3,2,1,1,1,1,1,1,2,2
SF,IF2003,2019-11-13 09:30:47.900,3878.4000,10340,0,97796220.000,0,-,-,-,-,3877.8000,3875.0000,3874.0000,3873.2000,3872.8000,3878.6000,3878.8000,3879.2000,3879.4000,3880.0000,2,1,1,1,10,1,1,1,2,2
SF,IF2003,2019-11-13 09:30:48.400,3877.8000,10342,2,101286300.000,3,2,1,空开,S,3875.0000,3874.0000,3873.2000,3872.8000,3872.6000,3878.6000,3879.2000,3879.4000,3880.0000,3880.2000,1,1,1,10,3,1,1,2,2,1
SF,IF2003,2019-11-13 09:30:48.900,3877.8000,10342,0,101286300.000,0,-,-,-,-,3878.2000,3877.2000,3876.8000,3876.6000,3876.4000,3878.6000,3879.2000,3879.4000,3880.0000,3880.2000,1,2,1,1,3,1,1,2,2,1
SF,IF2003,2019-11-13 09:30:49.400,3878.6000,10341,-1,103613280.000,2,0,2,多平,S,3877.2000,3876.6000,3875.4000,3875.2000,3875.0000,3879.2000,3879.4000,3880.0000,3880.2000,3880.8000,2,1,10,4,1,1,2,2,1,3
SF,IF2003,2019-11-13 09:30:49.900,3878.6000,10341,0,103613280.000,0,-,-,-,-,3875.4000,3875.2000,3875.0000,3874.0000,3873.2000,3878.8000,3879.0000,3879.2000,3879.4000,3880.0000,10,1,1,1,1,3,3,2,1,4
SF,IF2003,2019-11-13 09:30:50.400,3878.6000,10341,0,103613280.000,0,-,-,-,-,3876.2000,3875.6000,3875.4000,3875.2000,3875.0000,3879.0000,3879.2000,3880.0000,3880.8000,3881.0000,3,2,10,2,1,1,1,2,3,1
SF,IF2003,2019-11-13 09:30:50.900,3878.6000,10341,0,103613280.000,0,-,-,-,-,3876.6000,3876.4000,3876.2000,3875.6000,3875.4000,3878.8000,3879.0000,3879.2000,3880.0000,3880.8000,5,4,3,2,3,1,1,1,2,3
SF,IF2003,2019-11-13 09:30:51.400,3878.6000,10341,0,103613280.000,0,-,-,-,-,3876.8000,3876.6000,3876.4000,3875.6000,3875.4000,3878.6000,3878.8000,3879.0000,3880.0000,3880.8000,1,5,4,2,3,2,1,1,2,3
SF,IF2003,2019-11-13 09:30:51.900,3878.6000,10341,0,103613280.000,0,-,-,-,-,3876.8000,3876.6000,3876.4000,3875.6000,3875.4000,3878.6000,3879.0000,3880.0000,3880.8000,3881.0000,1,2,2,2,3,2,1,2,2,1
SF,IF2003,2019-11-13 09:30:52.400,3878.6000,10341,0,108267600.000,4,2,2,多换,S,3878.8000,3877.4000,3876.8000,3876.4000,3875.6000,3879.0000,3880.8000,3881.0000,3881.6000,3885.0000,1,1,1,1,2,1,2,1,2,2
SF,IF2003,2019-11-13 09:30:52.900,3878.8000,10341,0,109431240.000,1,0,1,多换,S,3876.4000,3875.6000,3875.4000,3875.0000,3874.0000,3878.6000,3878.8000,3879.0000,3880.8000,3881.0000,1,2,3,1,1,1,3,3,2,1
SF,IF2003,2019-11-13 09:30:53.400,3878.8000,10338,-3,112922160.000,3,0,3,双平,S,3876.6000,3876.4000,3875.6000,3875.0000,3874.0000,3879.0000,3880.8000,3881.0000,3881.6000,3885.0000,4,1,2,1,1,3,2,1,2,2
SF,IF2003,2019-11-13 09:30:53.900,3878.8000,10338,0,112922160.000,0,-,-,-,-,3876.6000,3876.4000,3875.6000,3875.0000,3874.0000,3878.4000,3878.8000,3879.0000,3880.8000,3881.0000,2,1,2,1,1,1,2,3,2,1
SF,IF2003,2019-11-13 09:30:54.400,3878.8000,10338,0,112922160.000,0,-,-,-,-,3876.6000,3875.6000,3875.0000,3874.0000,3873.2000,3878.4000,3878.8000,3879.0000,3880.8000,3881.0000,2,1,1,1,1,2,1,1,2,1
SF,IF2003,2019-11-13 09:30:54.900,3878.8000,10338,0,112922160.000,0,-,-,-,-,3877.2000,3876.8000,3876.6000,3875.6000,3875.0000,3878.6000,3878.8000,3880.8000,3881.0000,3885.0000,2,2,3,1,1,2,1,2,1,2
SF,IF2003,2019-11-13 09:30:55.400,3878.8000,10338,0,112922160.000,0,-,-,-,-,3877.4000,3876.8000,3875.6000,3875.0000,3874.0000,3879.8000,3880.4000,3880.8000,3881.0000,3885.0000,1,2,1,1,1,2,1,2,1,2
SF,IF2003,2019-11-13 09:30:55.900,3878.8000,10338,0,112922160.000,0,-,-,-,-,3877.4000,3875.6000,3875.0000,3874.0000,3873.2000,3878.2000,3878.8000,3879.4000,3879.6000,3879.8000,1,1,1,1,1,1,2,1,3,2
SF,IF2003,2019-11-13 09:30:56.400,3878.8000,10338,0,112922160.000,0,-,-,-,-,3877.4000,3875.6000,3875.0000,3874.0000,3873.2000,3878.8000,3879.2000,3879.4000,3879.6000,3879.8000,1,1,1,1,1,3,2,2,1,2
SF,IF2003,2019-11-13 09:30:56.900,3878.8000,10338,0,112922160.000,0,-,-,-,-,3877.4000,3877.2000,3875.6000,3875.0000,3874.0000,3879.2000,3879.4000,3879.6000,3879.8000,3880.8000,1,2,1,1,1,2,1,1,2,2
SF,IF2003,2019-11-13 09:30:57.400,3878.8000,10338,0,112922160.000,0,-,-,-,-,3877.4000,3875.6000,3875.0000,3874.0000,3873.2000,3879.2000,3879.4000,3879.6000,3880.8000,3881.0000,1,1,1,1,1,1,2,1,2,1
SF,IF2003,2019-11-13 09:30:57.900,3878.8000,10338,0,112922160.000,0,-,-,-,-,3877.4000,3877.2000,3875.6000,3875.0000,3874.0000,3879.2000,3879.4000,3879.6000,3880.8000,3881.0000,1,2,1,1,1,1,2,1,3,1
SF,IF2003,2019-11-13 09:30:58.400,3877.4000,10337,-1,114085380.000,1,0,1,双平,S,3875.6000,3875.0000,3874.0000,3873.2000,3872.6000,3879.0000,3879.2000,3879.4000,3879.6000,3880.8000,1,1,1,1,1,2,1,3,1,3
SF,IF2003,2019-11-13 09:30:58.900,3877.4000,10337,0,114085380.000,0,-,-,-,-,3876.0000,3875.8000,3875.6000,3875.0000,3874.0000,3878.4000,3878.6000,3879.0000,3879.2000,3879.6000,7,3,1,1,1,1,1,4,1,1
SF,IF2003,2019-11-13 09:30:59.400,3877.4000,10337,0,114085380.000,0,-,-,-,-,3876.2000,3876.0000,3875.6000,3875.0000,3874.0000,3878.2000,3878.4000,3878.6000,3878.8000,3879.0000,3,7,1,1,1,1,1,2,1,2
SF,IF2003,2019-11-13 09:30:59.900,3877.4000,10337,0,114085380.000,0,-,-,-,-,3876.6000,3876.4000,3876.2000,3876.0000,3875.6000,3878.2000,3878.4000,3878.6000,3878.8000,3879.2000,1,2,3,5,1,1,1,1,1,1
SF,IF2003,2019-11-13 09:31:00.400,3877.4000,10337,0,114085380.000,0,-,-,-,-,3876.2000,3875.6000,3875.0000,3874.0000,3873.2000,3878.0000,3878.2000,3878.4000,3878.6000,3878.8000,1,1,1,1,1,1,1,1,1,3
SF,IF2003,2019-11-13 09:31:00.900,3878.4000,10334,-3,117575640.000,3,0,3,双平,S,3876.4000,3875.6000,3875.0000,3874.0000,3873.2000,3878.8000,3879.4000,3880.8000,3881.0000,3885.0000,3,1,2,1,1,3,1,1,1,4
SF,IF2003,2019-11-13 09:31:01.400,3878.4000,10334,0,117575640.000,0,-,-,-,-,3876.4000,3875.6000,3875.0000,3874.0000,3873.2000,3878.4000,3878.6000,3879.4000,3880.8000,3881.0000,2,1,2,1,1,2,2,1,1,1
SF,IF2003,2019-11-13 09:31:01.900,3878.4000,10334,0,117575640.000,0,-,-,-,-,3876.4000,3875.6000,3875.0000,3874.0000,3873.2000,3877.8000,3878.0000,3878.2000,3878.4000,3878.6000,2,1,2,1,1,1,2,1,2,1
SF,IF2003,2019-11-13 09:31:02.400,3878.4000,10334,0,117575640.000,0,-,-,-,-,3877.4000,3876.4000,3875.6000,3875.0000,3874.0000,3877.8000,3878.2000,3878.4000,3878.6000,3879.4000,3,2,1,2,1,1,1,2,1,1
SF,IF2003,2019-11-13 09:31:02.900,3878.0000,10334,0,118739040.000,1,0,1,多换,S,3877.4000,3876.4000,3875.6000,3875.0000,3874.0000,3878.4000,3878.6000,3879.4000,3880.8000,3881.0000,3,1,1,2,1,2,1,1,1,1
SF,IF2003,2019-11-13 09:31:03.400,3878.0000,10334,0,118739040.000,0,-,-,-,-,3877.4000,3876.4000,3875.6000,3875.0000,3874.0000,3878.6000,3879.4000,3880.6000,3880.8000,3881.0000,3,1,1,2,1,1,1,2,1,1
SF,IF2003,2019-11-13 09:31:03.900,3878.0000,10334,0,118739040.000,0,-,-,-,-,3877.6000,3877.4000,3877.2000,3876.4000,3875.6000,3878.6000,3878.8000,3879.4000,3880.6000,3880.8000,1,3,1,1,1,1,2,1,2,1
SF,IF2003,2019-11-13 09:31:04.400,3878.0000,10334,0,118739040.000,0,-,-,-,-,3877.6000,3877.4000,3876.4000,3875.6000,3875.0000,3878.6000,3878.8000,3879.4000,3880.6000,3880.8000,1,3,1,1,2,1,2,1,2,1
SF,IF2003,2019-11-13 09:31:04.900,3878.0000,10334,0,118739040.000,0,-,-,-,-,3877.4000,3876.4000,3875.6000,3875.0000,3874.0000,3878.6000,3878.8000,3879.4000,3880.8000,3881.0000,3,1,1,2,1,1,2,1,1,1
SF,IF2003,2019-11-13 09:31:05.400,3878.0000,10334,0,118739040.000,0,-,-,-,-,3877.6000,3877.4000,3877.2000,3876.4000,3875.6000,3878.8000,3879.4000,3880.8000,3881.0000,3885.0000,1,3,2,1,1,2,1,1,1,4
SF,IF2003,2019-11-13 09:31:05.900,3878.0000,10334,0,118739040.000,0,-,-,-,-,3877.6000,3877.4000,3876.4000,3875.6000,3875.0000,3879.4000,3880.8000,3881.0000,3885.0000,3887.0000,1,3,1,1,2,1,1,1,4,1
SF,IF2003,2019-11-13 09:31:06.400,3878.0000,10334,0,118739040.000,0,-,-,-,-,3877.8000,3877.6000,3877.4000,3875.6000,3875.0000,3879.2000,3879.4000,3880.8000,3881.0000,3885.0000,1,1,3,1,2,4,2,1,1,4
SF,IF2003,2019-11-13 09:31:06.900,3878.0000,10334,0,118739040.000,0,-,-,-,-,3878.0000,3877.8000,3877.4000,3875.6000,3875.0000,3878.6000,3879.2000,3879.4000,3880.8000,3881.0000,1,1,3,1,2,1,3,1,1,1
SF,IF2003,2019-11-13 09:31:07.400,3878.6000,10334,0,121066200.000,2,1,1,多换,S,3878.0000,3877.4000,3875.6000,3875.0000,3874.0000,3879.2000,3879.4000,3880.8000,3881.0000,3885.0000,1,3,1,2,1,1,1,1,1,4
SF,IF2003,2019-11-13 09:31:07.900,3878.6000,10334,0,121066200.000,0,-,-,-,-,3878.6000,3878.0000,3877.8000,3877.4000,3875.6000,3879.2000,3879.4000,3879.6000,3880.8000,3881.0000,1,1,1,3,1,1,1,2,1,1
SF,IF2003,2019-11-13 09:31:08.400,3879.2000,10333,-1,122229960.000,1,0,1,双平,S,3878.6000,3877.8000,3877.4000,3875.6000,3875.0000,3879.6000,3880.8000,3881.0000,3881.2000,3885.0000,1,1,3,1,2,2,1,1,2,4
SF,IF2003,2019-11-13 09:31:08.900,3879.2000,10333,0,122229960.000,0,-,-,-,-,3878.6000,3877.8000,3877.4000,3875.6000,3875.0000,3880.8000,3881.0000,3881.2000,3885.0000,3887.0000,1,1,3,1,2,1,1,2,4,1
SF,IF2003,2019-11-13 09:31:09.400,3879.2000,10333,0,122229960.000,0,-,-,-,-,3878.8000,3878.6000,3877.8000,3877.4000,3875.6000,3880.6000,3880.8000,3881.0000,3881.2000,3885.0000,2,1,1,3,1,2,2,1,2,4
SF,IF2003,2019-11-13 09:31:09.900,3879.2000,10333,0,122229960.000,0,-,-,-,-,3878.8000,3878.6000,3877.8000,3877.4000,3875.6000,3880.6000,3880.8000,3881.0000,3885.0000,3887.0000,2,1,1,3,1,2,2,1,4,1
SF,IF2003,2019-11-13 09:31:10.400,3879.2000,10333,0,122229960.000,0,-,-,-,-,3878.8000,3878.6000,3877.8000,3877.4000,3875.6000,3880.4000,3880.8000,3881.0000,3885.0000,3887.0000,2,1,1,3,1,1,2,1,4,1
SF,IF2003,2019-11-13 09:31:10.900,3879.2000,10333,0,122229960.000,0,-,-,-,-,3878.8000,3878.6000,3877.8000,3877.4000,3875.6000,3880.8000,3881.0000,3885.0000,3887.0000,3888.8000,2,1,1,3,1,2,1,4,1,2
SF,IF2003,2019-11-13 09:31:11.400,3879.2000,10333,0,122229960.000,0,-,-,-,-,3878.8000,3878.6000,3877.8000,3877.4000,3875.6000,3880.8000,3881.0000,3881.4000,3885.0000,3887.0000,2,1,1,3,1,2,1,2,4,1
SF,IF2003,2019-11-13 09:31:11.900,3879.2000,10333,0,122229960.000,0,-,-,-,-,3878.8000,3878.6000,3877.8000,3875.6000,3875.0000,3881.0000,3881.4000,3885.0000,3887.0000,3888.8000,2,1,1,1,2,1,2,4,1,2
SF,IF2003,2019-11-13 09:31:12.900,3879.2000,10333,0,122229960.000,0,-,-,-,-,3878.8000,3878.6000,3877.8000,3875.6000,3875.0000,3880.8000,3881.0000,3881.4000,3885.0000,3887.0000,2,1,1,1,2,2,1,2,4,1
SF,IF2003,2019-11-13 09:31:13.400,3879.2000,10333,0,122229960.000,0,-,-,-,-,3878.8000,3878.6000,3877.8000,3875.6000,3875.0000,3880.6000,3880.8000,3881.0000,3881.4000,3885.0000,2,1,1,1,2,3,2,1,2,4
SF,IF2003,2019-11-13 09:31:13.900,3879.2000,10333,0,122229960.000,0,-,-,-,-,3878.8000,3878.6000,3877.8000,3875.6000,3875.0000,3880.4000,3880.6000,3880.8000,3881.0000,3881.4000,2,1,1,1,2,1,3,3,1,2
SF,IF2003,2019-11-13 09:31:14.400,3879.2000,10333,0,122229960.000,0,-,-,-,-,3878.8000,3877.8000,3875.6000,3875.0000,3872.6000,3880.4000,3880.6000,3880.8000,3881.0000,3881.4000,2,1,1,2,1,1,2,3,1,2
SF,IF2003,2019-11-13 09:31:14.900,3879.2000,10333,0,122229960.000,0,-,-,-,-,3878.8000,3877.8000,3875.6000,3875.0000,3872.6000,3880.0000,3880.2000,3880.4000,3880.8000,3881.0000,2,1,1,2,1,2,3,1,3,1
SF,IF2003,2019-11-13 09:31:15.400,3879.2000,10333,0,122229960.000,0,-,-,-,-,3878.8000,3877.8000,3875.6000,3875.0000,3872.6000,3880.0000,3880.2000,3880.4000,3880.8000,3881.0000,1,1,1,2,1,2,4,1,3,1
SF,IF2003,2019-11-13 09:31:15.900,3878.8000,10332,-1,123393600.000,1,0,1,双平,S,3877.8000,3875.6000,3875.0000,3872.6000,3872.4000,3880.0000,3880.2000,3880.4000,3880.8000,3881.0000,1,1,2,1,5,2,4,1,3,1
SF,IF2003,2019-11-13 09:31:16.400,3878.8000,10332,0,123393600.000,0,-,-,-,-,3878.0000,3877.8000,3875.6000,3875.0000,3872.6000,3880.0000,3880.2000,3880.4000,3880.8000,3881.0000,3,1,1,2,1,2,3,1,3,1
SF,IF2003,2019-11-13 09:31:16.900,3878.8000,10332,0,123393600.000,0,-,-,-,-,3878.0000,3877.8000,3875.6000,3875.0000,3872.6000,3879.8000,3880.0000,3880.2000,3880.8000,3881.0000,3,1,1,2,1,1,2,2,3,1
SF,IF2003,2019-11-13 09:31:17.400,3878.8000,10332,0,123393600.000,0,-,-,-,-,3878.0000,3877.8000,3875.6000,3875.0000,3872.6000,3879.8000,3880.0000,3880.2000,3880.8000,3881.0000,3,1,1,2,1,1,2,2,3,1
SF,IF2003,2019-11-13 09:31:17.900,3878.8000,10332,0,123393600.000,0,-,-,-,-,3878.0000,3877.8000,3875.6000,3875.0000,3872.6000,3879.6000,3879.8000,3880.0000,3880.2000,3880.8000,3,1,1,2,1,1,3,2,1,2
SF,IF2003,2019-11-13 09:31:18.400,3878.0000,10331,-1,124557000.000,1,0,1,双平,S,3878.0000,3877.8000,3875.6000,3875.0000,3872.6000,3879.4000,3879.6000,3879.8000,3880.0000,3880.2000,2,1,1,2,1,1,2,2,2,1
SF,IF2003,2019-11-13 09:31:18.900,3878.0000,10330,-1,128047200.000,3,1,2,多平,S,3878.8000,3875.6000,3875.0000,3872.6000,3872.4000,3879.4000,3879.6000,3880.2000,3880.8000,3881.0000,2,1,2,1,5,1,2,1,2,1
SF,IF2003,2019-11-13 09:31:19.400,3878.8000,10330,0,130374420.000,2,1,1,多换,S,3875.6000,3875.0000,3872.6000,3872.4000,3871.2000,3878.6000,3878.8000,3879.0000,3879.2000,3879.4000,1,2,1,5,5,1,1,1,1,1
SF,IF2003,2019-11-13 09:31:19.900,3878.8000,10330,0,130374420.000,0,-,-,-,-,3877.2000,3876.6000,3876.0000,3875.8000,3875.6000,3878.4000,3879.0000,3879.2000,3879.6000,3880.2000,2,4,7,2,2,1,1,1,2,1
SF,IF2003,2019-11-13 09:31:20.400,3878.8000,10330,0,130374420.000,0,-,-,-,-,3877.4000,3877.2000,3876.6000,3876.0000,3875.8000,3879.0000,3879.2000,3879.6000,3880.2000,3880.8000,1,1,1,7,2,1,1,2,1,2
SF,IF2003,2019-11-13 09:31:20.900,3878.8000,10330,0,130374420.000,0,-,-,-,-,3877.4000,3877.2000,3876.6000,3876.0000,3875.8000,3879.0000,3879.2000,3880.2000,3880.8000,3881.0000,1,1,1,7,2,1,3,1,2,1
SF,IF2003,2019-11-13 09:31:21.400,3878.8000,10330,0,130374420.000,0,-,-,-,-,3877.8000,3877.4000,3877.2000,3876.6000,3876.0000,3878.8000,3879.0000,3879.2000,3880.2000,3880.8000,1,1,2,1,7,2,1,3,1,2
SF,IF2003,2019-11-13 09:31:21.900,3878.8000,10330,0,130374420.000,0,-,-,-,-,3878.0000,3877.8000,3877.2000,3876.6000,3876.0000,3879.0000,3880.2000,3880.8000,3881.0000,3885.0000,1,1,2,1,7,1,1,2,1,2
SF,IF2003,2019-11-13 09:31:22.400,3877.8000,10329,-1,131537760.000,1,0,1,双平,S,3877.2000,3876.6000,3876.0000,3875.8000,3875.6000,3880.2000,3880.4000,3880.8000,3881.0000,3885.0000,1,1,7,1,2,1,2,2,3,2
SF,IF2003,2019-11-13 09:31:22.900,3877.8000,10329,0,131537760.000,0,-,-,-,-,3877.4000,3877.2000,3876.6000,3876.0000,3875.8000,3880.0000,3880.2000,3880.4000,3880.8000,3881.0000,1,1,1,7,1,1,1,2,2,3
SF,IF2003,2019-11-13 09:31:23.400,3877.8000,10329,0,131537760.000,0,-,-,-,-,3877.4000,3877.2000,3876.6000,3876.0000,3875.8000,3879.4000,3879.8000,3880.0000,3880.2000,3880.4000,1,1,1,7,1,2,3,2,1,2
SF,IF2003,2019-11-13 09:31:23.900,3877.8000,10329,0,131537760.000,0,-,-,-,-,3878.8000,3877.4000,3877.2000,3876.6000,3876.0000,3879.2000,3879.4000,3879.6000,3879.8000,3880.0000,1,1,1,1,7,1,2,1,1,2
SF,IF2003,2019-11-13 09:31:24.400,3878.8000,10328,-1,132701400.000,1,0,1,双平,S,3877.2000,3876.6000,3876.0000,3875.8000,3875.6000,3878.6000,3879.0000,3879.2000,3879.4000,3879.6000,1,1,7,1,2,1,1,1,2,1
SF,IF2003,2019-11-13 09:31:24.900,3878.8000,10328,0,132701400.000,0,-,-,-,-,3877.4000,3877.2000,3876.6000,3876.0000,3875.8000,3879.0000,3879.6000,3879.8000,3880.0000,3880.8000,1,2,1,7,1,1,1,1,1,2
SF,IF2003,2019-11-13 09:31:25.400,3878.8000,10328,0,132701400.000,0,-,-,-,-,3878.6000,3877.4000,3877.2000,3876.6000,3876.0000,3878.8000,3879.0000,3879.6000,3879.8000,3880.0000,1,1,2,1,7,1,1,1,1,1
SF,IF2003,2019-11-13 09:31:25.900,3878.8000,10327,-1,133865040.000,1,0,1,双平,S,3878.6000,3877.2000,3876.6000,3876.0000,3875.8000,3879.0000,3879.6000,3879.8000,3880.0000,3880.8000,1,2,1,7,1,1,1,1,1,2
SF,IF2003,2019-11-13 09:31:26.400,3879.0000,10326,-1,135028740.000,1,0,1,双平,S,3877.2000,3876.6000,3876.0000,3875.8000,3875.6000,3879.6000,3879.8000,3880.8000,3881.0000,3885.0000,2,1,7,1,2,1,1,2,1,2
SF,IF2003,2019-11-13 09:31:26.900,3879.0000,10326,0,135028740.000,0,-,-,-,-,3877.6000,3877.4000,3877.2000,3876.6000,3875.8000,3879.8000,3880.8000,3881.0000,3885.0000,3885.2000,10,1,2,1,1,1,2,1,2,2
SF,IF2003,2019-11-13 09:31:27.400,3879.0000,10326,0,135028740.000,0,-,-,-,-,3877.8000,3877.6000,3877.4000,3877.2000,3876.6000,3879.0000,3880.8000,3881.0000,3881.2000,3885.0000,2,7,1,2,1,1,2,1,1,2
SF,IF2003,2019-11-13 09:31:27.900,3879.0000,10326,0,135028740.000,0,-,-,-,-,3877.8000,3877.6000,3877.4000,3877.2000,3876.6000,3879.0000,3880.8000,3881.0000,3881.2000,3885.0000,2,2,1,2,1,1,2,2,1,2
SF,IF2003,2019-11-13 09:31:28.400,3879.0000,10326,0,135028740.000,0,-,-,-,-,3877.8000,3877.6000,3877.4000,3877.2000,3876.6000,3879.0000,3880.8000,3881.0000,3881.2000,3885.0000,2,2,1,2,1,1,2,2,1,2
SF,IF2003,2019-11-13 09:31:29.900,3879.0000,10326,0,135028740.000,0,-,-,-,-,3877.8000,3877.4000,3877.2000,3876.6000,3875.8000,3879.0000,3880.8000,3881.0000,3881.2000,3885.0000,2,1,2,1,1,1,2,2,1,2
SF,IF2003,2019-11-13 09:31:30.400,3879.0000,10326,0,135028740.000,0,-,-,-,-,3878.0000,3877.4000,3877.2000,3876.6000,3875.8000,3879.0000,3880.8000,3881.0000,3881.2000,3885.0000,1,1,2,1,1,1,2,2,1,2
SF,IF2003,2019-11-13 09:31:31.400,3881.0000,10329,3,140849520.000,5,4,1,空开,S,3878.0000,3877.4000,3877.2000,3876.6000,3875.8000,3881.2000,3885.0000,3885.4000,3887.0000,3888.8000,2,1,2,1,1,1,2,2,1,2
SF,IF2003,2019-11-13 09:31:31.900,3881.0000,10329,0,140849520.000,0,-,-,-,-,3878.0000,3877.4000,3877.2000,3876.6000,3875.8000,3880.6000,3881.0000,3881.2000,3885.0000,3885.4000,1,1,2,1,1,3,2,1,2,2
SF,IF2003,2019-11-13 09:31:32.400,3881.0000,10329,0,140849520.000,0,-,-,-,-,3878.0000,3877.4000,3877.2000,3876.6000,3875.8000,3880.0000,3880.2000,3880.4000,3880.6000,3881.0000,2,1,2,1,1,3,1,3,3,2
SF,IF2003,2019-11-13 09:31:32.900,3881.0000,10329,0,140849520.000,0,-,-,-,-,3878.0000,3877.4000,3877.2000,3876.6000,3875.8000,3879.8000,3880.0000,3880.2000,3880.4000,3881.0000,2,1,2,1,1,1,4,1,4,2
SF,IF2003,2019-11-13 09:31:33.400,3881.0000,10329,0,140849520.000,0,-,-,-,-,3878.0000,3877.4000,3877.2000,3876.6000,3875.8000,3879.4000,3879.8000,3880.0000,3880.2000,3880.4000,1,1,2,1,1,1,1,3,1,4
SF,IF2003,2019-11-13 09:31:33.900,3881.0000,10329,0,140849520.000,0,-,-,-,-,3878.0000,3877.4000,3877.2000,3876.6000,3875.8000,3879.4000,3879.6000,3880.0000,3880.2000,3880.4000,1,1,2,1,1,1,1,4,1,3
SF,IF2003,2019-11-13 09:31:34.400,3881.0000,10329,0,140849520.000,0,-,-,-,-,3878.0000,3877.4000,3877.2000,3876.6000,3875.8000,3879.4000,3879.6000,3880.0000,3880.2000,3880.4000,2,1,2,1,1,1,2,4,1,4
SF,IF2003,2019-11-13 09:31:34.900,3881.0000,10329,0,140849520.000,0,-,-,-,-,3877.4000,3877.2000,3876.6000,3875.8000,3875.6000,3879.0000,3879.2000,3879.4000,3879.6000,3880.0000,1,2,1,1,2,1,1,1,1,4
SF,IF2003,2019-11-13 09:31:35.400,3881.0000,10329,0,140849520.000,0,-,-,-,-,3877.6000,3877.4000,3877.2000,3876.6000,3875.8000,3879.0000,3879.4000,3879.6000,3880.0000,3880.2000,1,1,2,1,1,1,1,1,4,1
SF,IF2003,2019-11-13 09:31:35.900,3881.0000,10329,0,140849520.000,0,-,-,-,-,3877.6000,3877.4000,3877.2000,3876.6000,3875.8000,3879.0000,3879.6000,3880.0000,3880.2000,3880.4000,1,1,2,1,1,1,1,6,1,5
SF,IF2003,2019-11-13 09:31:36.400,3881.0000,10329,0,140849520.000,0,-,-,-,-,3877.6000,3877.4000,3877.2000,3876.6000,3875.8000,3878.8000,3879.0000,3879.6000,3880.0000,3880.2000,1,1,2,1,1,1,1,1,6,1
SF,IF2003,2019-11-13 09:31:36.900,3881.0000,10329,0,140849520.000,0,-,-,-,-,3877.6000,3877.4000,3877.2000,3876.6000,3875.8000,3879.0000,3879.6000,3880.0000,3880.2000,3880.4000,1,1,2,1,1,1,1,6,1,8
SF,IF2003,2019-11-13 09:31:37.900,3881.0000,10329,0,140849520.000,0,-,-,-,-,3877.6000,3877.2000,3876.6000,3875.8000,3875.6000,3879.0000,3879.6000,3880.0000,3880.2000,3880.4000,1,2,1,1,2,1,1,6,1,7
SF,IF2003,2019-11-13 09:31:38.400,3881.0000,10329,0,140849520.000,0,-,-,-,-,3878.0000,3877.6000,3877.2000,3876.6000,3875.8000,3879.0000,3879.6000,3879.8000,3880.0000,3880.4000,1,1,2,1,1,1,1,2,6,8
SF,IF2003,2019-11-13 09:31:38.900,3881.0000,10329,0,140849520.000,0,-,-,-,-,3877.2000,3876.6000,3875.8000,3875.6000,3875.0000,3879.0000,3879.8000,3880.0000,3880.4000,3880.6000,2,1,1,2,2,1,2,5,8,1
SF,IF2003,2019-11-13 09:31:39.400,3881.0000,10329,0,140849520.000,0,-,-,-,-,3877.4000,3877.2000,3876.6000,3875.8000,3875.6000,3879.0000,3879.8000,3880.0000,3880.2000,3880.4000,1,2,1,1,2,1,2,5,1,8
SF,IF2003,2019-11-13 09:31:39.900,3881.0000,10329,0,140849520.000,0,-,-,-,-,3877.8000,3877.4000,3877.2000,3876.6000,3875.8000,3879.0000,3879.8000,3880.0000,3880.2000,3880.4000,1,1,2,1,1,1,2,5,1,8
SF,IF2003,2019-11-13 09:31:40.400,3881.0000,10329,0,140849520.000,0,-,-,-,-,3877.8000,3877.2000,3876.6000,3875.8000,3875.6000,3878.8000,3879.0000,3879.8000,3880.0000,3880.2000,1,2,1,1,2,1,1,2,5,1
SF,IF2003,2019-11-13 09:31:40.900,3881.0000,10329,0,140849520.000,0,-,-,-,-,3877.8000,3877.2000,3876.6000,3875.8000,3875.6000,3878.8000,3879.0000,3879.6000,3879.8000,3880.0000,1,2,1,1,2,1,1,1,2,5
SF,IF2003,2019-11-13 09:31:41.400,3881.0000,10329,0,140849520.000,0,-,-,-,-,3877.8000,3877.2000,3876.6000,3875.8000,3875.6000,3879.0000,3879.6000,3879.8000,3880.0000,3880.4000,1,2,1,1,2,1,1,2,5,8
SF,IF2003,2019-11-13 09:31:41.900,3881.0000,10329,0,140849520.000,0,-,-,-,-,3877.8000,3877.2000,3876.6000,3875.8000,3875.6000,3878.8000,3879.0000,3879.4000,3879.6000,3879.8000,1,2,1,1,2,1,1,2,1,2
SF,IF2003,2019-11-13 09:31:42.400,3881.0000,10329,0,140849520.000,0,-,-,-,-,3877.8000,3877.2000,3876.6000,3875.8000,3875.6000,3878.8000,3879.0000,3879.4000,3879.6000,3879.8000,1,1,1,1,2,1,1,2,1,2
SF,IF2003,2019-11-13 09:31:42.900,3881.0000,10329,0,140849520.000,0,-,-,-,-,3877.8000,3877.2000,3876.6000,3875.8000,3875.6000,3878.8000,3879.0000,3879.6000,3879.8000,3880.0000,1,1,1,1,2,1,1,1,2,3
SF,IF2003,2019-11-13 09:31:43.400,3881.0000,10329,0,140849520.000,0,-,-,-,-,3877.8000,3877.2000,3876.6000,3875.8000,3875.6000,3878.8000,3879.0000,3879.6000,3879.8000,3880.0000,1,1,1,1,2,3,1,1,2,3
SF,IF2003,2019-11-13 09:31:43.900,3881.0000,10329,0,140849520.000,0,-,-,-,-,3877.8000,3877.2000,3876.6000,3875.8000,3875.6000,3878.6000,3878.8000,3879.6000,3879.8000,3880.0000,1,1,1,1,2,1,3,1,2,3
SF,IF2003,2019-11-13 09:31:44.400,3881.0000,10329,0,140849520.000,0,-,-,-,-,3877.8000,3877.2000,3876.6000,3875.8000,3875.6000,3878.6000,3879.6000,3879.8000,3880.0000,3880.4000,1,1,1,1,2,1,3,2,3,8
SF,IF2003,2019-11-13 09:31:44.900,3881.0000,10329,0,140849520.000,0,-,-,-,-,3877.8000,3877.2000,3876.6000,3875.8000,3875.6000,3878.6000,3879.6000,3879.8000,3880.0000,3880.4000,1,1,1,1,2,1,3,2,3,9
SF,IF2003,2019-11-13 09:31:46.400,3881.0000,10329,0,140849520.000,0,-,-,-,-,3877.8000,3877.2000,3876.6000,3875.8000,3875.6000,3878.6000,3879.6000,3879.8000,3880.0000,3880.4000,1,1,1,1,2,1,3,2,3,9
SF,IF2003,2019-11-13 09:31:47.900,3881.0000,10329,0,140849520.000,0,-,-,-,-,3877.8000,3877.2000,3876.6000,3875.8000,3875.6000,3878.6000,3879.6000,3879.8000,3880.0000,3880.4000,1,1,1,1,2,2,3,2,3,9
SF,IF2003,2019-11-13 09:31:48.400,3881.0000,10329,0,140849520.000,0,-,-,-,-,3877.8000,3877.2000,3876.6000,3875.8000,3875.6000,3878.6000,3879.6000,3879.8000,3880.0000,3880.4000,2,1,1,1,2,2,3,2,3,10
SF,IF2003,2019-11-13 09:31:48.900,3881.0000,10329,0,140849520.000,0,-,-,-,-,3877.8000,3877.2000,3876.6000,3875.8000,3875.6000,3878.6000,3879.6000,3879.8000,3880.0000,3880.4000,2,1,1,1,2,2,3,2,3,10
SF,IF2003,2019-11-13 09:31:49.900,3877.8000,10329,0,143176200.000,2,1,1,多换,S,3877.2000,3876.6000,3875.8000,3875.6000,3875.0000,3878.6000,3879.6000,3879.8000,3880.0000,3880.4000,1,1,1,2,2,2,3,2,3,10
SF,IF2003,2019-11-13 09:31:50.400,3877.8000,10329,0,143176200.000,0,-,-,-,-,3875.8000,3875.6000,3875.0000,3872.6000,3872.4000,3878.4000,3878.6000,3879.6000,3879.8000,3880.0000,1,2,2,1,5,3,2,2,2,3
SF,IF2003,2019-11-13 09:31:50.900,3877.8000,10329,0,143176200.000,0,-,-,-,-,3876.2000,3876.0000,3875.8000,3875.6000,3875.0000,3878.4000,3878.6000,3879.8000,3880.0000,3880.4000,2,8,1,2,2,1,2,3,3,10
SF,IF2003,2019-11-13 09:31:51.400,3877.8000,10329,0,143176200.000,0,-,-,-,-,3876.4000,3876.2000,3876.0000,3875.8000,3875.6000,3878.0000,3878.4000,3878.6000,3878.8000,3879.2000,4,2,6,1,2,1,1,2,2,2
SF,IF2003,2019-11-13 09:31:51.900,3877.8000,10329,0,143176200.000,0,-,-,-,-,3876.6000,3876.4000,3876.2000,3876.0000,3875.8000,3878.0000,3878.6000,3878.8000,3879.0000,3879.2000,1,2,2,6,1,1,2,2,2,2
SF,IF2003,2019-11-13 09:31:52.400,3877.8000,10329,0,143176200.000,0,-,-,-,-,3876.8000,3876.6000,3876.0000,3875.8000,3875.6000,3878.0000,3878.6000,3878.8000,3879.0000,3879.2000,2,3,6,1,2,1,2,2,2,2
SF,IF2003,2019-11-13 09:31:52.900,3877.8000,10329,0,143176200.000,0,-,-,-,-,3876.8000,3876.0000,3875.8000,3875.6000,3875.0000,3877.8000,3878.6000,3879.0000,3879.2000,3879.8000,2,4,1,2,2,1,2,2,2,1
SF,IF2003,2019-11-13 09:31:53.400,3877.8000,10329,0,143176200.000,0,-,-,-,-,3876.8000,3876.0000,3875.8000,3875.6000,3875.0000,3878.6000,3879.0000,3879.2000,3879.8000,3880.0000,2,4,1,2,2,2,2,4,1,1
SF,IF2003,2019-11-13 09:31:53.900,3877.8000,10329,0,143176200.000,0,-,-,-,-,3876.8000,3876.0000,3875.8000,3875.6000,3875.0000,3878.4000,3878.6000,3879.0000,3879.2000,3879.8000,2,1,1,2,2,3,2,2,4,1
SF,IF2003,2019-11-13 09:31:54.400,3877.8000,10329,0,143176200.000,0,-,-,-,-,3876.0000,3875.8000,3875.6000,3875.0000,3872.6000,3878.4000,3878.6000,3879.0000,3879.2000,3879.8000,1,1,2,2,1,5,2,2,4,1
SF,IF2003,2019-11-13 09:31:54.900,3877.8000,10329,0,143176200.000,0,-,-,-,-,3876.2000,3876.0000,3875.8000,3875.6000,3875.0000,3878.2000,3878.4000,3878.6000,3879.0000,3879.2000,2,1,1,2,2,1,5,2,2,4
SF,IF2003,2019-11-13 09:31:55.400,3877.8000,10329,0,143176200.000,0,-,-,-,-,3876.2000,3876.0000,3875.8000,3875.6000,3875.0000,3878.0000,3878.2000,3878.4000,3878.6000,3879.0000,2,1,1,2,2,2,1,2,2,2
SF,IF2003,2019-11-13 09:31:55.900,3877.8000,10329,0,143176200.000,0,-,-,-,-,3876.4000,3876.2000,3876.0000,3875.8000,3875.6000,3878.0000,3878.2000,3878.6000,3879.0000,3879.2000,2,2,1,1,2,3,1,1,2,4
SF,IF2003,2019-11-13 09:31:56.400,3877.8000,10329,0,143176200.000,0,-,-,-,-,3876.6000,3876.4000,3876.0000,3875.8000,3875.6000,3878.0000,3878.2000,3878.6000,3879.0000,3879.2000,1,2,1,1,2,3,1,1,2,4
SF,IF2003,2019-11-13 09:31:56.900,3877.8000,10329,0,143176200.000,0,-,-,-,-,3876.6000,3876.4000,3876.0000,3875.6000,3875.0000,3878.0000,3878.2000,3878.6000,3879.0000,3879.2000,1,2,1,2,2,3,1,1,2,6
SF,IF2003,2019-11-13 09:31:57.400,3877.8000,10329,0,143176200.000,0,-,-,-,-,3876.6000,3876.4000,3876.0000,3875.6000,3875.0000,3877.8000,3878.0000,3878.2000,3878.6000,3879.0000,1,2,1,2,2,1,3,1,1,2
SF,IF2003,2019-11-13 09:31:57.900,3877.8000,10329,0,143176200.000,0,-,-,-,-,3876.6000,3876.4000,3876.0000,3875.6000,3875.0000,3878.0000,3878.2000,3878.6000,3879.0000,3879.2000,1,2,1,2,2,2,1,1,2,6
SF,IF2003,2019-11-13 09:31:58.400,3877.8000,10329,0,143176200.000,0,-,-,-,-,3876.6000,3876.4000,3876.0000,3875.6000,3875.0000,3877.8000,3878.0000,3878.2000,3878.6000,3879.0000,1,2,1,1,2,1,2,1,1,2
SF,IF2003,2019-11-13 09:31:58.900,3877.8000,10329,0,143176200.000,0,-,-,-,-,3875.6000,3875.0000,3872.6000,3872.4000,3871.2000,3877.8000,3878.0000,3878.2000,3878.6000,3879.0000,1,2,1,5,5,3,2,1,1,2
SF,IF2003,2019-11-13 09:31:59.400,3877.8000,10329,0,143176200.000,0,-,-,-,-,3875.8000,3875.6000,3875.0000,3872.6000,3872.4000,3877.6000,3877.8000,3878.0000,3878.2000,3878.6000,6,1,2,1,5,1,1,1,1,1
SF,IF2003,2019-11-13 09:31:59.900,3877.8000,10329,0,143176200.000,0,-,-,-,-,3875.8000,3875.6000,3875.0000,3872.6000,3872.4000,3877.4000,3877.6000,3878.2000,3878.6000,3878.8000,6,1,2,1,5,1,1,1,1,2
SF,IF2003,2019-11-13 09:32:00.400,3877.8000,10329,0,143176200.000,0,-,-,-,-,3876.0000,3875.8000,3875.6000,3875.0000,3872.6000,3877.4000,3877.6000,3878.2000,3878.6000,3878.8000,1,4,1,2,1,1,2,1,1,2
SF,IF2003,2019-11-13 09:32:00.900,3876.0000,10329,0,144339000.000,1,0,1,多换,S,3875.8000,3875.6000,3875.0000,3872.6000,3871.2000,3877.4000,3877.6000,3878.2000,3878.6000,3878.8000,2,1,2,1,5,1,2,1,1,2
SF,IF2003,2019-11-13 09:32:01.400,3876.0000,10329,0,144339000.000,0,-,-,-,-,3876.0000,3875.8000,3875.6000,3875.0000,3872.6000,3877.4000,3877.6000,3878.2000,3878.6000,3878.8000,1,2,1,2,1,1,2,1,2,2
SF,IF2003,2019-11-13 09:32:01.900,3876.0000,10328,-1,145501800.000,1,0,1,双平,S,3875.0000,3872.6000,3871.2000,3871.0000,3870.6000,3877.2000,3877.4000,3877.6000,3878.2000,3878.6000,2,1,5,2,5,2,1,2,1,2
SF,IF2003,2019-11-13 09:32:02.400,3876.0000,10328,0,145501800.000,0,-,-,-,-,3875.0000,3872.6000,3871.2000,3871.0000,3870.6000,3877.0000,3877.2000,3877.6000,3878.0000,3878.6000,2,1,5,2,5,4,2,1,2,2
SF,IF2003,2019-11-13 09:32:02.900,3876.0000,10328,0,145501800.000,0,-,-,-,-,3875.0000,3872.6000,3871.2000,3871.0000,3870.6000,3876.8000,3877.0000,3877.6000,3878.0000,3878.6000,2,1,5,2,5,3,4,1,2,2
SF,IF2003,2019-11-13 09:32:03.400,3876.0000,10328,0,145501800.000,0,-,-,-,-,3875.0000,3872.6000,3871.2000,3871.0000,3870.6000,3876.6000,3876.8000,3877.0000,3877.6000,3878.0000,2,1,5,2,5,3,3,1,1,2
SF,IF2003,2019-11-13 09:32:03.900,3876.0000,10328,0,145501800.000,0,-,-,-,-,3875.0000,3872.6000,3871.2000,3871.0000,3870.6000,3876.4000,3876.6000,3877.0000,3877.6000,3878.0000,2,1,5,2,5,2,3,1,1,2
SF,IF2003,2019-11-13 09:32:04.400,3876.0000,10328,0,145501800.000,0,-,-,-,-,3875.2000,3875.0000,3872.6000,3871.2000,3871.0000,3876.4000,3876.6000,3877.0000,3877.6000,3878.0000,1,2,1,5,2,2,1,1,1,2
SF,IF2003,2019-11-13 09:32:04.900,3876.0000,10328,0,145501800.000,0,-,-,-,-,3875.2000,3875.0000,3872.6000,3871.2000,3871.0000,3876.2000,3876.6000,3877.0000,3877.6000,3878.0000,5,2,1,5,2,1,1,1,1,2
SF,IF2003,2019-11-13 09:32:05.400,3876.0000,10328,0,145501800.000,0,-,-,-,-,3875.0000,3872.6000,3871.2000,3871.0000,3870.6000,3876.2000,3877.0000,3877.6000,3878.0000,3878.2000,2,1,5,2,5,1,1,1,2,2
SF,IF2003,2019-11-13 09:32:05.900,3876.0000,10328,0,145501800.000,0,-,-,-,-,3875.0000,3872.6000,3871.2000,3871.0000,3870.6000,3876.0000,3876.2000,3877.6000,3878.0000,3878.2000,2,1,5,2,5,2,1,1,2,2
SF,IF2003,2019-11-13 09:32:06.400,3876.0000,10328,0,145501800.000,0,-,-,-,-,3875.0000,3872.6000,3871.2000,3871.0000,3870.6000,3875.8000,3876.0000,3877.6000,3878.0000,3878.2000,2,1,5,2,5,2,3,1,2,2
SF,IF2003,2019-11-13 09:32:06.900,3876.0000,10327,-1,147827340.000,2,0,2,多平,S,3875.0000,3872.6000,3871.2000,3871.0000,3870.6000,3876.0000,3877.6000,3878.0000,3878.2000,3878.6000,2,1,5,2,5,2,1,2,2,2
SF,IF2003,2019-11-13 09:32:07.900,3876.0000,10327,0,147827340.000,0,-,-,-,-,3875.0000,3872.6000,3871.2000,3871.0000,3870.6000,3876.0000,3877.6000,3878.0000,3878.2000,3878.8000,2,1,5,2,5,2,1,2,2,2
SF,IF2003,2019-11-13 09:32:08.400,3876.0000,10327,0,147827340.000,0,-,-,-,-,3875.0000,3872.6000,3871.2000,3871.0000,3870.6000,3875.6000,3875.8000,3876.0000,3877.6000,3878.0000,2,1,5,2,5,1,2,4,1,2
SF,IF2003,2019-11-13 09:32:08.900,3876.0000,10327,0,147827340.000,0,-,-,-,-,3875.0000,3872.6000,3871.2000,3871.0000,3870.6000,3875.4000,3875.6000,3875.8000,3876.0000,3877.6000,2,1,5,2,5,1,1,1,2,1
SF,IF2003,2019-11-13 09:32:09.400,3875.0000,10326,-1,150152340.000,2,0,2,多平,S,3872.6000,3871.2000,3871.0000,3870.6000,3870.0000,3875.4000,3875.8000,3876.0000,3877.0000,3877.6000,1,5,2,5,3,1,1,2,2,1
SF,IF2003,2019-11-13 09:32:09.900,3875.0000,10326,0,150152340.000,0,-,-,-,-,3873.8000,3873.0000,3872.8000,3872.6000,3872.4000,3875.2000,3875.8000,3876.0000,3877.0000,3877.6000,3,7,4,1,1,1,1,1,2,1
SF,IF2003,2019-11-13 09:32:10.400,3875.0000,10326,0,150152340.000,0,-,-,-,-,3874.0000,3873.8000,3873.0000,3872.8000,3872.6000,3875.0000,3875.2000,3875.8000,3876.0000,3877.0000,4,3,7,1,2,1,1,1,1,2
SF,IF2003,2019-11-13 09:32:10.900,3875.0000,10326,0,151314840.000,1,0,1,多换,S,3874.2000,3874.0000,3873.0000,3872.8000,3872.6000,3875.8000,3876.0000,3877.0000,3877.6000,3878.0000,2,4,7,1,2,1,1,2,1,4
SF,IF2003,2019-11-13 09:32:11.400,3875.0000,10326,0,151314840.000,0,-,-,-,-,3874.2000,3874.0000,3873.0000,3872.8000,3872.6000,3875.8000,3876.0000,3877.0000,3877.6000,3878.0000,2,4,7,1,2,1,1,2,1,4
SF,IF2003,2019-11-13 09:32:11.900,3875.0000,10326,0,151314840.000,0,-,-,-,-,3874.4000,3874.2000,3874.0000,3873.0000,3872.8000,3877.0000,3877.6000,3878.0000,3878.2000,3878.8000,3,2,2,7,1,2,1,4,2,2
SF,IF2003,2019-11-13 09:32:12.400,3875.0000,10326,0,151314840.000,0,-,-,-,-,3874.8000,3874.4000,3874.0000,3873.0000,3872.8000,3876.6000,3877.6000,3878.0000,3878.2000,3878.8000,4,3,1,7,1,1,1,4,2,2
SF,IF2003,2019-11-13 09:32:13.400,3875.0000,10326,0,151314840.000,0,-,-,-,-,3874.8000,3874.4000,3874.0000,3873.0000,3872.8000,3876.6000,3877.6000,3878.0000,3878.2000,3878.8000,4,3,1,7,1,1,1,4,2,2
SF,IF2003,2019-11-13 09:32:13.900,3875.0000,10326,0,151314840.000,0,-,-,-,-,3874.8000,3874.4000,3874.0000,3873.0000,3872.8000,3876.4000,3876.6000,3877.6000,3878.0000,3878.2000,4,3,1,7,1,1,1,1,4,2
SF,IF2003,2019-11-13 09:32:14.400,3875.0000,10326,0,151314840.000,0,-,-,-,-,3874.8000,3874.4000,3874.0000,3873.0000,3872.8000,3876.4000,3876.6000,3877.6000,3878.0000,3878.2000,4,3,1,7,1,2,1,1,4,2
SF,IF2003,2019-11-13 09:32:14.900,3875.0000,10326,0,151314840.000,0,-,-,-,-,3874.8000,3874.4000,3874.0000,3873.0000,3872.8000,3876.4000,3876.6000,3877.6000,3878.0000,3878.2000,4,3,1,7,1,2,1,1,4,2
SF,IF2003,2019-11-13 09:32:15.400,3875.0000,10326,0,151314840.000,0,-,-,-,-,3875.0000,3874.8000,3874.4000,3874.0000,3873.0000,3875.2000,3876.2000,3876.4000,3876.6000,3877.6000,2,1,3,1,7,1,1,2,1,1
SF,IF2003,2019-11-13 09:32:15.900,3875.2000,10325,-1,152477400.000,1,0,1,双平,S,3875.2000,3874.8000,3874.0000,3873.0000,3872.8000,3876.2000,3876.4000,3876.6000,3877.6000,3878.0000,1,1,1,7,1,2,2,1,1,2
SF,IF2003,2019-11-13 09:32:16.400,3875.2000,10325,0,152477400.000,0,-,-,-,-,3874.8000,3873.0000,3872.8000,3872.6000,3872.4000,3876.2000,3876.4000,3876.6000,3877.6000,3878.0000,1,7,1,2,1,2,1,1,1,2
SF,IF2003,2019-11-13 09:32:16.900,3875.0000,10325,0,153639900.000,1,0,1,多换,S,3875.0000,3874.8000,3873.0000,3872.8000,3872.6000,3876.2000,3876.4000,3876.6000,3877.6000,3878.0000,1,1,7,1,2,2,1,1,1,2
SF,IF2003,2019-11-13 09:32:17.400,3875.0000,10325,0,153639900.000,0,-,-,-,-,3874.8000,3873.0000,3872.8000,3872.6000,3872.4000,3876.2000,3876.4000,3876.6000,3877.6000,3878.0000,1,7,1,2,1,2,1,1,1,2
SF,IF2003,2019-11-13 09:32:17.900,3875.0000,10325,0,153639900.000,0,-,-,-,-,3875.0000,3874.8000,3874.6000,3873.0000,3872.8000,3876.2000,3876.4000,3876.6000,3877.6000,3878.0000,1,1,1,7,1,2,1,1,1,2
SF,IF2003,2019-11-13 09:32:19.900,3875.0000,10325,0,153639900.000,0,-,-,-,-,3875.0000,3874.8000,3874.6000,3873.0000,3872.8000,3876.2000,3876.4000,3876.6000,3877.6000,3878.0000,1,1,1,7,1,2,1,1,1,4
SF,IF2003,2019-11-13 09:32:20.400,3875.0000,10325,0,153639900.000,0,-,-,-,-,3875.0000,3874.8000,3874.6000,3873.0000,3872.8000,3876.0000,3876.2000,3876.6000,3877.6000,3878.0000,1,1,1,7,1,1,2,1,1,4
SF,IF2003,2019-11-13 09:32:20.900,3875.0000,10325,0,153639900.000,0,-,-,-,-,3875.0000,3874.8000,3874.6000,3873.0000,3872.8000,3875.8000,3876.0000,3876.2000,3876.6000,3877.6000,1,2,1,7,1,1,1,1,1,1
SF,IF2003,2019-11-13 09:32:21.400,3875.0000,10325,0,153639900.000,0,-,-,-,-,3875.0000,3874.8000,3874.6000,3873.0000,3872.8000,3876.2000,3876.6000,3877.6000,3878.0000,3878.2000,1,2,1,7,1,1,1,1,4,1
SF,IF2003,2019-11-13 09:32:21.900,3875.0000,10325,0,153639900.000,0,-,-,-,-,3875.0000,3874.8000,3874.6000,3873.0000,3872.8000,3876.6000,3877.6000,3878.0000,3878.2000,3878.8000,1,2,1,7,1,1,1,4,1,2
SF,IF2003,2019-11-13 09:32:22.400,3875.0000,10325,0,153639900.000,0,-,-,-,-,3875.0000,3874.8000,3874.6000,3873.0000,3872.8000,3876.4000,3876.6000,3877.6000,3878.0000,3878.2000,1,2,1,7,1,3,1,1,4,1
SF,IF2003,2019-11-13 09:32:23.400,3875.0000,10325,0,153639900.000,0,-,-,-,-,3875.0000,3874.8000,3874.6000,3873.0000,3872.8000,3876.2000,3876.4000,3876.6000,3877.6000,3878.0000,1,2,1,7,1,1,3,1,1,2
SF,IF2003,2019-11-13 09:32:23.900,3875.0000,10325,0,153639900.000,0,-,-,-,-,3875.0000,3874.8000,3874.6000,3873.0000,3872.8000,3876.2000,3876.4000,3876.6000,3877.6000,3878.0000,1,2,1,7,1,2,3,1,1,2
SF,IF2003,2019-11-13 09:32:24.400,3875.0000,10325,0,153639900.000,0,-,-,-,-,3874.8000,3874.6000,3873.0000,3872.8000,3872.6000,3876.0000,3876.2000,3876.6000,3877.6000,3878.0000,2,1,7,1,2,2,2,1,1,2
SF,IF2003,2019-11-13 09:32:24.900,3875.0000,10325,0,153639900.000,0,-,-,-,-,3874.8000,3874.6000,3873.0000,3872.8000,3872.6000,3876.0000,3876.2000,3876.6000,3877.6000,3878.0000,2,1,7,1,2,3,1,1,1,2
SF,IF2003,2019-11-13 09:32:25.900,3875.0000,10325,0,153639900.000,0,-,-,-,-,3874.8000,3874.6000,3873.0000,3872.8000,3872.6000,3875.0000,3876.0000,3876.6000,3877.6000,3878.0000,2,1,7,1,2,1,3,1,1,2
SF,IF2003,2019-11-13 09:32:26.400,3875.0000,10324,-1,154802400.000,1,0,1,双平,S,3875.0000,3874.8000,3874.6000,3873.0000,3872.8000,3875.8000,3876.0000,3876.6000,3877.6000,3878.0000,1,2,1,7,1,1,1,1,1,2
SF,IF2003,2019-11-13 09:32:26.900,3875.0000,10324,0,154802400.000,0,-,-,-,-,3874.8000,3874.6000,3873.0000,3872.8000,3872.6000,3875.6000,3875.8000,3876.6000,3877.6000,3878.0000,2,1,7,1,2,2,1,1,1,2
SF,IF2003,2019-11-13 09:32:27.900,3875.0000,10324,0,154802400.000,0,-,-,-,-,3875.0000,3874.8000,3874.6000,3873.0000,3872.8000,3875.6000,3875.8000,3876.6000,3877.6000,3877.8000,1,2,1,7,1,2,1,1,1,1
SF,IF2003,2019-11-13 09:32:28.400,3875.0000,10324,0,155964900.000,1,0,1,多换,S,3874.8000,3874.6000,3873.0000,3872.8000,3872.6000,3875.6000,3875.8000,3876.6000,3877.6000,3877.8000,2,1,7,1,2,2,1,1,1,1
SF,IF2003,2019-11-13 09:32:28.900,3875.0000,10324,0,155964900.000,0,-,-,-,-,3874.8000,3874.6000,3873.0000,3872.8000,3872.6000,3875.4000,3875.6000,3876.6000,3877.6000,3877.8000,2,1,7,1,2,1,2,1,1,1
SF,IF2003,2019-11-13 09:32:29.400,3875.0000,10324,0,155964900.000,0,-,-,-,-,3874.8000,3874.6000,3873.0000,3872.8000,3872.6000,3875.2000,3875.4000,3876.6000,3877.6000,3877.8000,2,1,7,1,2,1,1,1,1,1
SF,IF2003,2019-11-13 09:32:29.900,3874.8000,10323,-1,158289780.000,2,0,2,多平,S,3874.6000,3873.0000,3872.8000,3872.6000,3872.4000,3875.2000,3875.4000,3876.6000,3877.6000,3877.8000,1,7,1,2,1,1,1,1,1,1
SF,IF2003,2019-11-13 09:32:30.900,3874.8000,10323,0,158289780.000,0,-,-,-,-,3875.0000,3874.6000,3873.0000,3872.8000,3872.6000,3875.2000,3875.4000,3876.6000,3877.6000,3877.8000,1,1,7,1,1,1,1,1,1,1
SF,IF2003,2019-11-13 09:32:31.400,3875.0000,10324,1,159452280.000,1,1,0,双开,S,3874.6000,3873.0000,3872.8000,3872.6000,3872.4000,3875.2000,3875.4000,3876.6000,3877.6000,3877.8000,1,7,1,1,1,1,1,1,1,1
SF,IF2003,2019-11-13 09:32:31.900,3875.0000,10324,0,159452280.000,0,-,-,-,-,3874.6000,3873.0000,3872.8000,3872.6000,3872.4000,3875.2000,3875.4000,3876.6000,3877.6000,3877.8000,1,7,1,1,1,1,2,1,1,1
SF,IF2003,2019-11-13 09:32:32.400,3875.0000,10324,0,159452280.000,0,-,-,-,-,3874.6000,3873.0000,3872.8000,3872.6000,3872.4000,3875.2000,3875.4000,3876.6000,3877.6000,3877.8000,1,7,1,1,1,1,2,1,1,1
SF,IF2003,2019-11-13 09:32:33.400,3875.0000,10324,0,159452280.000,0,-,-,-,-,3874.6000,3873.0000,3872.8000,3872.6000,3872.4000,3875.2000,3875.4000,3876.6000,3877.6000,3877.8000,1,5,1,1,1,1,2,1,1,1
SF,IF2003,2019-11-13 09:32:34.400,3875.0000,10324,0,159452280.000,0,-,-,-,-,3875.2000,3874.6000,3873.0000,3872.8000,3872.6000,3875.4000,3876.6000,3877.6000,3877.8000,3878.0000,1,1,5,1,1,2,1,1,1,2
SF,IF2003,2019-11-13 09:32:34.900,3875.2000,10323,-1,160614840.000,1,0,1,双平,S,3874.6000,3873.0000,3872.8000,3872.6000,3872.4000,3875.4000,3876.6000,3877.6000,3877.8000,3878.0000,1,5,1,1,1,1,1,1,1,2
SF,IF2003,2019-11-13 09:32:35.400,3875.2000,10323,0,160614840.000,0,-,-,-,-,3874.6000,3873.0000,3872.8000,3872.6000,3872.4000,3875.2000,3875.4000,3876.6000,3877.6000,3877.8000,1,5,1,1,1,1,1,1,1,1
SF,IF2003,2019-11-13 09:32:35.900,3875.2000,10323,0,160614840.000,0,-,-,-,-,3874.6000,3873.0000,3872.8000,3872.6000,3872.4000,3875.2000,3875.4000,3876.6000,3877.6000,3877.8000,1,2,1,1,1,1,1,1,1,1
SF,IF2003,2019-11-13 09:32:37.400,3875.2000,10323,0,160614840.000,0,-,-,-,-,3874.6000,3873.0000,3872.8000,3872.6000,3872.4000,3875.2000,3875.4000,3876.6000,3877.6000,3877.8000,1,2,1,1,1,1,1,1,1,1
SF,IF2003,2019-11-13 09:32:37.900,3874.6000,10322,-1,161777220.000,1,0,1,双平,S,3872.8000,3872.6000,3872.4000,3871.8000,3871.2000,3875.2000,3875.4000,3876.6000,3877.6000,3877.8000,1,1,1,1,5,1,1,1,1,1
SF,IF2003,2019-11-13 09:32:38.400,3874.6000,10322,0,161777220.000,0,-,-,-,-,3873.0000,3872.8000,3872.6000,3872.4000,3871.8000,3875.0000,3875.2000,3877.6000,3877.8000,3878.0000,7,1,1,1,1,2,1,1,1,2
SF,IF2003,2019-11-13 09:32:38.900,3874.8000,10322,0,162939660.000,1,0,1,多换,S,3873.0000,3872.8000,3872.6000,3872.4000,3871.8000,3875.0000,3877.6000,3877.8000,3878.0000,3878.2000,7,1,1,1,1,2,1,1,2,1
SF,IF2003,2019-11-13 09:32:39.400,3874.8000,10322,0,162939660.000,0,-,-,-,-,3873.0000,3872.8000,3872.6000,3872.4000,3871.8000,3875.0000,3877.6000,3877.8000,3878.0000,3878.2000,7,1,1,1,1,2,1,1,2,1
SF,IF2003,2019-11-13 09:32:39.900,3873.0000,10321,-1,164101560.000,1,0,1,双平,S,3873.0000,3872.8000,3872.6000,3872.4000,3871.8000,3874.6000,3874.8000,3875.0000,3877.6000,3877.8000,6,1,1,1,1,1,1,2,1,1
SF,IF2003,2019-11-13 09:32:40.400,3873.0000,10321,0,164101560.000,0,-,-,-,-,3873.2000,3873.0000,3872.8000,3872.6000,3872.4000,3874.6000,3874.8000,3875.0000,3877.6000,3877.8000,1,4,1,1,1,1,1,2,1,1
SF,IF2003,2019-11-13 09:32:40.900,3873.2000,10320,-1,165263520.000,1,0,1,双平,S,3872.6000,3872.4000,3871.8000,3871.2000,3871.0000,3874.6000,3874.8000,3875.0000,3877.6000,3877.8000,1,1,1,5,6,1,1,2,1,1
SF,IF2003,2019-11-13 09:32:41.400,3873.2000,10320,0,165263520.000,0,-,-,-,-,3872.8000,3872.6000,3872.4000,3871.8000,3871.2000,3874.4000,3874.6000,3874.8000,3875.0000,3877.6000,1,1,1,1,5,1,1,1,1,1
SF,IF2003,2019-11-13 09:32:41.900,3873.2000,10320,0,165263520.000,0,-,-,-,-,3872.8000,3872.6000,3872.4000,3871.8000,3871.2000,3873.0000,3874.2000,3874.4000,3874.6000,3874.8000,1,1,1,1,5,1,1,1,1,1
SF,IF2003,2019-11-13 09:32:42.400,3873.0000,10320,0,166425420.000,1,0,1,多换,S,3873.0000,3872.8000,3872.6000,3872.4000,3871.8000,3874.4000,3874.6000,3874.8000,3875.0000,3876.6000,9,1,1,1,1,1,1,1,1,1
SF,IF2003,2019-11-13 09:32:42.900,3873.0000,10320,0,166425420.000,0,-,-,-,-,3873.0000,3872.6000,3872.4000,3871.8000,3871.2000,3874.2000,3874.4000,3874.6000,3874.8000,3875.0000,8,1,1,1,5,1,1,1,1,1
SF,IF2003,2019-11-13 09:32:43.400,3873.0000,10320,0,166425420.000,0,-,-,-,-,3873.0000,3872.6000,3872.4000,3871.8000,3871.2000,3874.2000,3874.4000,3874.6000,3874.8000,3875.0000,5,1,1,1,5,1,1,1,1,1
SF,IF2003,2019-11-13 09:32:43.900,3873.0000,10320,0,166425420.000,0,-,-,-,-,3873.0000,3872.6000,3872.4000,3871.8000,3871.2000,3874.2000,3874.4000,3874.6000,3874.8000,3875.0000,6,1,1,1,5,1,1,1,1,1
SF,IF2003,2019-11-13 09:32:44.400,3873.0000,10320,0,166425420.000,0,-,-,-,-,3873.0000,3872.6000,3872.4000,3871.8000,3871.2000,3874.2000,3874.4000,3874.6000,3874.8000,3875.0000,2,1,1,1,5,1,1,1,1,1
SF,IF2003,2019-11-13 09:32:44.900,3873.0000,10320,0,166425420.000,0,-,-,-,-,3873.0000,3872.6000,3872.4000,3871.8000,3871.2000,3874.2000,3874.4000,3874.8000,3875.0000,3875.8000,2,1,1,1,5,1,1,1,1,1
SF,IF2003,2019-11-13 09:32:45.400,3873.0000,10320,0,166425420.000,0,-,-,-,-,3873.0000,3872.6000,3872.4000,3871.8000,3871.2000,3874.2000,3874.4000,3874.8000,3875.0000,3875.8000,2,1,1,1,5,1,1,1,1,1
SF,IF2003,2019-11-13 09:32:45.900,3873.0000,10320,0,166425420.000,0,-,-,-,-,3873.0000,3872.6000,3872.4000,3871.8000,3871.2000,3874.0000,3874.2000,3874.4000,3874.8000,3875.8000,2,1,1,1,5,1,1,1,1,1
SF,IF2003,2019-11-13 09:32:46.400,3873.0000,10320,0,166425420.000,0,-,-,-,-,3873.4000,3873.0000,3872.6000,3872.4000,3871.8000,3873.8000,3874.0000,3874.4000,3874.8000,3875.8000,1,2,1,1,1,2,1,1,1,1
SF,IF2003,2019-11-13 09:32:46.900,3873.0000,10320,0,166425420.000,0,-,-,-,-,3873.4000,3873.0000,3872.6000,3872.4000,3871.8000,3873.8000,3874.0000,3874.8000,3875.8000,3876.2000,1,2,1,1,1,2,1,1,1,1
SF,IF2003,2019-11-13 09:32:47.400,3873.0000,10320,0,166425420.000,0,-,-,-,-,3873.4000,3873.0000,3872.6000,3872.4000,3871.8000,3874.0000,3874.8000,3875.8000,3876.2000,3876.6000,1,2,1,1,1,1,1,1,1,1
SF,IF2003,2019-11-13 09:32:48.400,3873.0000,10318,-2,169911540.000,3,0,3,多平,S,3872.6000,3872.4000,3871.8000,3871.2000,3871.0000,3873.0000,3874.8000,3875.8000,3876.2000,3876.6000,1,1,1,5,6,6,1,1,1,1
SF,IF2003,2019-11-13 09:32:48.900,3873.0000,10312,-6,176882940.000,6,0,6,双平,S,3873.0000,3872.8000,3872.6000,3872.4000,3871.8000,3874.8000,3875.8000,3876.2000,3876.6000,3877.6000,4,4,1,1,1,1,1,1,1,1
SF,IF2003,2019-11-13 09:32:49.400,3873.0000,10312,0,176882940.000,0,-,-,-,-,3873.0000,3872.6000,3872.4000,3871.8000,3871.2000,3874.6000,3874.8000,3875.8000,3876.2000,3876.6000,1,1,1,1,5,2,1,1,1,1
SF,IF2003,2019-11-13 09:32:49.900,3873.0000,10312,0,176882940.000,0,-,-,-,-,3873.0000,3872.6000,3872.4000,3871.8000,3871.2000,3874.2000,3874.6000,3875.8000,3876.2000,3876.6000,1,1,1,1,5,1,2,1,1,1
SF,IF2003,2019-11-13 09:32:50.400,3873.0000,10312,0,176882940.000,0,-,-,-,-,3873.0000,3872.6000,3872.4000,3871.8000,3871.2000,3874.0000,3874.2000,3875.8000,3876.2000,3876.6000,1,1,1,1,5,1,1,1,1,1
SF,IF2003,2019-11-13 09:32:50.900,3873.0000,10312,0,176882940.000,0,-,-,-,-,3873.0000,3872.6000,3872.4000,3872.0000,3871.8000,3874.0000,3874.2000,3875.8000,3876.2000,3876.6000,1,1,1,1,1,1,1,1,1,1
SF,IF2003,2019-11-13 09:32:51.400,3873.0000,10312,0,176882940.000,0,-,-,-,-,3872.6000,3872.4000,3872.0000,3871.8000,3871.2000,3874.0000,3875.8000,3876.2000,3876.6000,3877.6000,1,1,1,1,5,1,1,1,1,1
SF,IF2003,2019-11-13 09:32:51.900,3873.0000,10312,0,176882940.000,0,-,-,-,-,3872.6000,3872.4000,3872.0000,3871.8000,3871.2000,3874.0000,3875.6000,3875.8000,3876.2000,3876.6000,1,1,1,1,5,1,1,1,1,1
SF,IF2003,2019-11-13 09:32:52.900,3873.0000,10312,0,176882940.000,0,-,-,-,-,3872.6000,3872.4000,3872.0000,3871.8000,3871.2000,3873.8000,3874.0000,3875.8000,3876.2000,3876.6000,1,1,1,1,5,2,1,1,1,1
SF,IF2003,2019-11-13 09:32:53.400,3873.0000,10312,0,176882940.000,0,-,-,-,-,3872.6000,3872.4000,3872.0000,3871.8000,3871.2000,3873.6000,3873.8000,3875.8000,3876.2000,3876.6000,1,1,1,1,5,1,2,1,1,1
SF,IF2003,2019-11-13 09:32:53.900,3873.0000,10312,0,176882940.000,0,-,-,-,-,3872.6000,3872.4000,3872.0000,3871.8000,3871.2000,3873.0000,3873.6000,3873.8000,3875.8000,3876.2000,1,1,1,1,5,1,1,2,1,1
SF,IF2003,2019-11-13 09:32:54.400,3873.0000,10311,-1,178044840.000,1,0,1,双平,S,3872.8000,3872.6000,3872.4000,3872.0000,3871.8000,3873.8000,3875.8000,3876.2000,3876.6000,3877.6000,4,1,1,1,1,1,1,1,1,1
SF,IF2003,2019-11-13 09:32:54.900,3873.0000,10311,0,178044840.000,0,-,-,-,-,3873.0000,3872.6000,3872.0000,3871.8000,3871.2000,3873.6000,3873.8000,3875.8000,3876.2000,3876.6000,1,1,1,1,5,1,1,1,1,1
SF,IF2003,2019-11-13 09:32:55.900,3873.0000,10311,0,178044840.000,0,-,-,-,-,3873.0000,3872.6000,3872.0000,3871.8000,3871.2000,3873.4000,3873.6000,3875.8000,3876.2000,3876.6000,1,1,1,1,5,1,1,1,1,1
SF,IF2003,2019-11-13 09:32:56.400,3873.0000,10311,0,178044840.000,0,-,-,-,-,3873.0000,3872.8000,3872.6000,3872.0000,3871.8000,3873.4000,3875.8000,3876.2000,3876.6000,3877.6000,1,1,1,1,1,1,1,1,1,1
SF,IF2003,2019-11-13 09:32:56.900,3873.4000,10310,-1,179206860.000,1,0,1,双平,S,3873.0000,3872.8000,3872.6000,3872.0000,3871.8000,3875.8000,3876.2000,3876.6000,3877.6000,3878.0000,1,1,1,1,1,1,1,1,1,2
SF,IF2003,2019-11-13 09:32:57.400,3873.4000,10310,0,179206860.000,0,-,-,-,-,3873.0000,3872.8000,3872.6000,3872.0000,3871.8000,3874.6000,3875.4000,3875.6000,3875.8000,3876.0000,1,1,1,1,1,3,2,2,1,1
SF,IF2003,2019-11-13 09:32:57.900,3873.4000,10310,0,179206860.000,0,-,-,-,-,3873.2000,3873.0000,3872.8000,3872.6000,3872.0000,3874.4000,3875.6000,3875.8000,3876.0000,3876.2000,1,1,1,1,1,1,2,1,1,1
SF,IF2003,2019-11-13 09:32:58.400,3873.4000,10310,0,179206860.000,0,-,-,-,-,3873.0000,3872.8000,3872.6000,3872.0000,3871.8000,3874.2000,3875.6000,3875.8000,3876.0000,3876.6000,1,1,1,1,1,1,2,2,1,1
SF,IF2003,2019-11-13 09:33:00.900,3873.4000,10310,0,179206860.000,0,-,-,-,-,3873.0000,3872.8000,3872.6000,3872.0000,3871.8000,3874.0000,3874.2000,3875.6000,3875.8000,3876.0000,1,1,1,1,1,1,1,2,2,1
SF,IF2003,2019-11-13 09:33:01.400,3873.4000,10310,0,179206860.000,0,-,-,-,-,3873.0000,3872.8000,3872.6000,3872.0000,3871.8000,3873.8000,3874.0000,3875.6000,3875.8000,3876.0000,1,1,1,1,1,1,1,2,2,1
SF,IF2003,2019-11-13 09:33:01.900,3873.4000,10310,0,179206860.000,0,-,-,-,-,3872.8000,3872.6000,3872.0000,3871.8000,3871.2000,3873.8000,3874.0000,3875.6000,3875.8000,3876.0000,1,1,1,1,5,1,1,2,2,1
SF,IF2003,2019-11-13 09:33:02.400,3873.4000,10310,0,179206860.000,0,-,-,-,-,3872.8000,3872.6000,3872.0000,3871.8000,3871.2000,3873.6000,3873.8000,3875.6000,3875.8000,3876.0000,1,1,1,1,5,1,1,2,2,1
SF,IF2003,2019-11-13 09:33:02.900,3873.4000,10310,0,179206860.000,0,-,-,-,-,3873.0000,3872.8000,3872.6000,3872.0000,3871.8000,3873.6000,3875.6000,3875.8000,3876.0000,3876.6000,4,1,1,1,1,1,2,2,1,1
SF,IF2003,2019-11-13 09:33:03.400,3873.6000,10309,-1,180368940.000,1,0,1,双平,S,3873.0000,3872.8000,3872.6000,3872.0000,3871.8000,3875.6000,3875.8000,3876.0000,3876.6000,3877.6000,5,1,1,1,1,2,2,1,1,1
SF,IF2003,2019-11-13 09:33:03.900,3873.2000,10309,0,181530900.000,1,0,1,多换,S,3873.0000,3872.8000,3872.6000,3872.0000,3871.8000,3875.6000,3875.8000,3876.0000,3876.6000,3877.6000,1,1,1,1,1,2,2,1,1,1
SF,IF2003,2019-11-13 09:33:04.400,3873.2000,10309,0,181530900.000,0,-,-,-,-,3873.4000,3873.2000,3873.0000,3872.8000,3872.6000,3875.2000,3875.6000,3876.0000,3876.6000,3877.6000,2,5,1,1,1,1,1,1,1,1
SF,IF2003,2019-11-13 09:33:04.900,3873.2000,10309,0,181530900.000,0,-,-,-,-,3873.6000,3873.2000,3873.0000,3872.8000,3872.6000,3875.0000,3875.2000,3876.0000,3876.6000,3877.6000,4,2,1,1,1,3,1,1,1,1
SF,IF2003,2019-11-13 09:33:05.400,3875.0000,10306,-3,185018400.000,3,0,3,双平,S,3873.6000,3873.2000,3873.0000,3872.8000,3872.6000,3877.6000,3877.8000,3878.0000,3878.8000,3880.0000,6,2,1,1,1,1,3,2,2,1
SF,IF2003,2019-11-13 09:33:05.900,3873.8000,10305,-1,186180540.000,1,0,1,双平,S,3873.2000,3873.0000,3872.8000,3872.6000,3872.0000,3876.0000,3876.6000,3877.4000,3877.6000,3877.8000,1,1,1,1,1,1,3,2,3,4
SF,IF2003,2019-11-13 09:33:06.400,3873.8000,10305,0,186180540.000,0,-,-,-,-,3873.6000,3873.4000,3873.2000,3873.0000,3872.8000,3876.4000,3876.6000,3877.4000,3877.6000,3877.8000,3,3,1,1,1,1,1,2,3,4
SF,IF2003,2019-11-13 09:33:06.900,3873.8000,10305,0,186180540.000,0,-,-,-,-,3873.0000,3872.8000,3872.6000,3872.0000,3871.8000,3875.6000,3875.8000,3876.0000,3876.2000,3876.4000,1,1,1,1,1,1,1,3,1,1
SF,IF2003,2019-11-13 09:33:07.400,3873.8000,10305,0,186180540.000,0,-,-,-,-,3873.4000,3873.2000,3873.0000,3872.8000,3872.6000,3875.4000,3875.6000,3875.8000,3876.0000,3876.4000,2,4,1,1,1,1,1,1,1,1
SF,IF2003,2019-11-13 09:33:07.900,3873.8000,10305,0,186180540.000,0,-,-,-,-,3873.6000,3873.4000,3873.2000,3873.0000,3872.8000,3875.4000,3875.6000,3876.4000,3876.6000,3877.4000,4,2,4,1,1,1,1,1,1,2
SF,IF2003,2019-11-13 09:33:08.400,3873.8000,10305,0,186180540.000,0,-,-,-,-,3873.6000,3873.2000,3873.0000,3872.8000,3872.6000,3875.0000,3875.4000,3876.4000,3876.6000,3877.4000,4,1,1,1,1,1,1,1,1,2
SF,IF2003,2019-11-13 09:33:08.900,3875.0000,10304,-1,187343040.000,1,0,1,双平,S,3873.8000,3873.6000,3873.2000,3873.0000,3872.8000,3875.4000,3876.4000,3876.6000,3877.4000,3877.6000,1,5,1,1,1,1,1,1,2,3
SF,IF2003,2019-11-13 09:33:09.400,3875.4000,10304,0,188505660.000,1,0,1,多换,S,3873.8000,3873.6000,3873.2000,3873.0000,3872.8000,3876.4000,3876.6000,3877.4000,3877.6000,3877.8000,1,4,1,1,1,1,1,2,3,4
SF,IF2003,2019-11-13 09:33:09.900,3875.4000,10304,0,188505660.000,0,-,-,-,-,3874.0000,3873.8000,3873.2000,3873.0000,3872.8000,3875.8000,3876.0000,3876.2000,3876.4000,3876.6000,1,1,1,1,1,1,1,2,1,1
SF,IF2003,2019-11-13 09:33:10.400,3875.4000,10304,0,188505660.000,0,-,-,-,-,3874.0000,3873.8000,3873.2000,3873.0000,3872.8000,3876.2000,3876.4000,3876.6000,3877.4000,3877.6000,1,1,1,1,1,2,1,1,2,3
SF,IF2003,2019-11-13 09:33:10.900,3875.4000,10304,0,188505660.000,0,-,-,-,-,3874.0000,3873.8000,3873.2000,3873.0000,3872.8000,3875.8000,3876.0000,3876.2000,3876.4000,3876.6000,1,1,1,1,1,1,1,2,1,1
SF,IF2003,2019-11-13 09:33:11.400,3875.4000,10304,0,188505660.000,0,-,-,-,-,3874.0000,3873.2000,3873.0000,3872.8000,3872.6000,3876.0000,3876.2000,3876.4000,3876.6000,3877.4000,1,1,1,1,1,1,2,1,1,2
SF,IF2003,2019-11-13 09:33:11.900,3874.0000,10303,-1,189667860.000,1,0,1,双平,S,3873.2000,3873.0000,3872.8000,3872.6000,3872.0000,3875.6000,3875.8000,3876.0000,3876.2000,3876.4000,1,1,1,1,1,1,3,2,2,1
SF,IF2003,2019-11-13 09:33:12.400,3874.0000,10303,0,189667860.000,0,-,-,-,-,3873.2000,3873.0000,3872.8000,3872.6000,3872.0000,3875.4000,3875.6000,3875.8000,3876.0000,3876.2000,1,1,1,1,1,2,1,2,1,2
SF,IF2003,2019-11-13 09:33:12.900,3874.0000,10303,0,189667860.000,0,-,-,-,-,3873.2000,3873.0000,3872.8000,3872.6000,3872.0000,3875.4000,3875.6000,3875.8000,3876.0000,3876.2000,1,1,1,1,1,2,1,2,1,2
SF,IF2003,2019-11-13 09:33:13.400,3874.0000,10303,0,189667860.000,0,-,-,-,-,3873.2000,3873.0000,3872.8000,3872.6000,3872.0000,3875.4000,3875.6000,3875.8000,3876.0000,3876.2000,1,1,1,1,1,2,1,2,1,1
SF,IF2003,2019-11-13 09:33:13.900,3874.0000,10303,0,189667860.000,0,-,-,-,-,3873.4000,3873.2000,3873.0000,3872.8000,3872.6000,3875.0000,3875.4000,3875.6000,3875.8000,3876.2000,4,1,1,1,1,1,1,1,1,1
SF,IF2003,2019-11-13 09:33:14.400,3874.0000,10303,0,189667860.000,0,-,-,-,-,3873.4000,3873.2000,3873.0000,3872.8000,3872.6000,3875.0000,3875.4000,3875.6000,3875.8000,3876.2000,4,1,1,1,1,1,1,1,1,1
SF,IF2003,2019-11-13 09:33:14.900,3874.0000,10303,0,189667860.000,0,-,-,-,-,3874.0000,3873.4000,3873.2000,3873.0000,3872.8000,3875.0000,3875.4000,3875.6000,3875.8000,3876.2000,1,4,1,1,1,1,1,1,1,1
SF,IF2003,2019-11-13 09:33:15.400,3874.0000,10302,-1,190830060.000,1,0,1,双平,S,3873.0000,3872.8000,3872.6000,3872.0000,3871.8000,3875.6000,3875.8000,3876.2000,3876.6000,3877.2000,1,1,1,1,1,1,1,1,3,1
SF,IF2003,2019-11-13 09:33:15.900,3874.0000,10302,0,190830060.000,0,-,-,-,-,3873.0000,3872.8000,3872.6000,3872.0000,3871.8000,3874.0000,3875.4000,3875.6000,3875.8000,3876.2000,1,1,1,1,1,1,1,1,1,1
SF,IF2003,2019-11-13 09:33:16.400,3874.0000,10302,0,190830060.000,0,-,-,-,-,3873.2000,3873.0000,3872.8000,3872.6000,3872.0000,3875.4000,3875.6000,3875.8000,3876.2000,3876.6000,4,1,1,1,1,1,1,1,1,3
SF,IF2003,2019-11-13 09:33:16.900,3874.0000,10302,0,190830060.000,0,-,-,-,-,3873.0000,3872.8000,3872.6000,3872.0000,3871.8000,3875.4000,3875.6000,3875.8000,3876.2000,3876.6000,1,1,1,1,1,1,1,1,1,3
SF,IF2003,2019-11-13 09:33:17.900,3874.0000,10302,0,190830060.000,0,-,-,-,-,3873.2000,3873.0000,3872.8000,3872.6000,3872.0000,3875.4000,3875.6000,3875.8000,3876.2000,3876.6000,2,1,1,1,1,1,1,1,1,3
SF,IF2003,2019-11-13 09:33:18.400,3874.0000,10302,0,190830060.000,0,-,-,-,-,3873.0000,3872.8000,3872.6000,3872.0000,3871.8000,3875.2000,3875.4000,3875.6000,3875.8000,3876.2000,1,1,1,1,1,1,1,1,1,1
SF,IF2003,2019-11-13 09:33:18.900,3874.0000,10302,0,190830060.000,0,-,-,-,-,3873.2000,3873.0000,3872.8000,3872.6000,3872.0000,3875.0000,3875.2000,3875.4000,3875.8000,3876.2000,2,1,1,1,1,1,1,1,1,1
SF,IF2003,2019-11-13 09:33:19.400,3874.0000,10302,0,190830060.000,0,-,-,-,-,3873.0000,3872.8000,3872.6000,3872.0000,3871.8000,3875.0000,3875.2000,3875.4000,3875.8000,3876.2000,1,1,1,1,1,1,1,1,1,1
SF,IF2003,2019-11-13 09:33:19.900,3874.0000,10302,0,190830060.000,0,-,-,-,-,3873.2000,3873.0000,3872.8000,3872.6000,3872.0000,3875.0000,3875.2000,3875.4000,3875.8000,3876.2000,1,1,1,1,1,1,1,1,1,1
SF,IF2003,2019-11-13 09:33:20.400,3874.0000,10302,0,190830060.000,0,-,-,-,-,3873.0000,3872.8000,3872.6000,3872.0000,3871.8000,3874.8000,3875.0000,3875.4000,3875.8000,3876.2000,1,1,1,1,1,2,1,1,1,1
SF,IF2003,2019-11-13 09:33:20.900,3874.0000,10302,0,190830060.000,0,-,-,-,-,3873.0000,3872.8000,3872.6000,3872.0000,3871.8000,3874.6000,3874.8000,3875.4000,3875.8000,3876.2000,1,1,1,1,1,1,2,1,1,1
SF,IF2003,2019-11-13 09:33:22.900,3874.4000,10303,1,193154280.000,2,1,1,空开,S,3872.8000,3872.6000,3872.0000,3871.8000,3871.2000,3874.4000,3874.6000,3874.8000,3875.8000,3876.2000,1,1,1,1,5,1,1,1,1,1
SF,IF2003,2019-11-13 09:33:23.400,3872.8000,10304,1,194316120.000,1,1,0,双开,S,3872.6000,3872.0000,3871.8000,3871.2000,3871.0000,3872.8000,3874.2000,3874.4000,3874.6000,3874.8000,1,1,1,5,6,1,2,1,1,1
SF,IF2003,2019-11-13 09:33:23.900,3872.6000,10304,0,195477900.000,1,0,1,多换,S,3872.0000,3871.8000,3871.2000,3871.0000,3870.0000,3872.4000,3872.6000,3874.2000,3874.4000,3874.6000,1,1,5,6,1,1,1,3,2,1
SF,IF2003,2019-11-13 09:33:24.400,3872.4000,10304,0,196639620.000,1,0,1,多换,S,3872.0000,3871.8000,3871.2000,3871.0000,3870.0000,3874.2000,3874.4000,3874.6000,3875.8000,3876.2000,1,1,5,6,1,3,2,1,1,1
SF,IF2003,2019-11-13 09:33:24.900,3872.4000,10304,0,196639620.000,0,-,-,-,-,3872.4000,3872.2000,3872.0000,3871.8000,3871.2000,3874.0000,3874.2000,3874.4000,3875.8000,3876.2000,1,4,1,3,5,1,2,2,1,1
SF,IF2003,2019-11-13 09:33:25.400,3872.4000,10305,1,197801340.000,1,1,0,双开,S,3872.0000,3871.8000,3871.2000,3871.0000,3870.0000,3874.0000,3874.2000,3874.4000,3875.8000,3876.2000,1,1,5,6,1,3,2,2,1,1
SF,IF2003,2019-11-13 09:33:25.900,3872.4000,10305,0,197801340.000,0,-,-,-,-,3872.0000,3871.8000,3871.2000,3871.0000,3870.0000,3873.4000,3874.0000,3874.2000,3874.4000,3876.2000,1,3,5,6,1,1,1,1,1,1
SF,IF2003,2019-11-13 09:33:26.400,3872.4000,10305,0,197801340.000,0,-,-,-,-,3872.2000,3872.0000,3871.8000,3871.2000,3871.0000,3874.0000,3874.2000,3874.4000,3876.2000,3877.2000,4,1,3,5,6,1,1,1,1,1
SF,IF2003,2019-11-13 09:33:28.400,3872.4000,10305,0,197801340.000,0,-,-,-,-,3872.0000,3871.8000,3871.2000,3871.0000,3870.0000,3874.0000,3874.4000,3876.2000,3877.2000,3877.6000,1,3,5,6,1,1,1,1,1,2
SF,IF2003,2019-11-13 09:33:28.900,3872.4000,10305,0,197801340.000,0,-,-,-,-,3872.2000,3872.0000,3871.8000,3871.2000,3871.0000,3874.0000,3874.4000,3876.2000,3877.2000,3877.6000,1,1,3,5,6,1,1,1,1,2
SF,IF2003,2019-11-13 09:33:29.400,3872.4000,10305,0,197801340.000,0,-,-,-,-,3872.2000,3872.0000,3871.8000,3871.2000,3871.0000,3874.0000,3874.4000,3876.2000,3877.6000,3877.8000,1,1,3,5,6,1,1,1,2,3
SF,IF2003,2019-11-13 09:33:29.900,3872.4000,10305,0,197801340.000,0,-,-,-,-,3872.2000,3872.0000,3871.8000,3871.2000,3871.0000,3874.0000,3874.4000,3876.2000,3877.6000,3877.8000,1,1,3,5,6,1,1,1,2,3
SF,IF2003,2019-11-13 09:33:30.900,3874.0000,10304,-1,198963540.000,1,0,1,双平,S,3872.4000,3872.2000,3872.0000,3871.8000,3871.2000,3874.4000,3876.2000,3877.6000,3877.8000,3878.6000,1,1,1,3,5,1,1,2,3,1
SF,IF2003,2019-11-13 09:33:31.400,3874.4000,10304,0,200125860.000,1,0,1,多换,S,3872.6000,3872.4000,3872.2000,3872.0000,3871.8000,3876.2000,3877.6000,3877.8000,3878.6000,3878.8000,2,9,1,1,3,1,2,3,1,2
SF,IF2003,2019-11-13 09:33:31.900,3874.4000,10304,0,200125860.000,0,-,-,-,-,3872.8000,3872.6000,3872.4000,3872.0000,3871.8000,3875.2000,3875.4000,3876.0000,3876.2000,3877.6000,2,2,9,1,3,1,1,1,1,2
SF,IF2003,2019-11-13 09:33:32.400,3874.4000,10304,0,200125860.000,0,-,-,-,-,3873.0000,3872.8000,3872.4000,3872.0000,3871.8000,3876.2000,3877.6000,3877.8000,3878.6000,3878.8000,2,9,2,1,3,1,2,3,1,2
SF,IF2003,2019-11-13 09:33:32.900,3874.4000,10304,0,200125860.000,0,-,-,-,-,3873.4000,3873.2000,3872.8000,3872.4000,3872.0000,3875.2000,3875.6000,3876.0000,3876.2000,3876.4000,1,1,1,3,1,1,1,1,1,2
SF,IF2003,2019-11-13 09:33:33.400,3874.4000,10304,0,200125860.000,0,-,-,-,-,3873.6000,3873.4000,3873.2000,3872.8000,3872.4000,3876.2000,3876.4000,3877.6000,3877.8000,3878.6000,6,1,1,1,2,1,2,2,3,1
SF,IF2003,2019-11-13 09:33:33.900,3874.4000,10304,0,200125860.000,0,-,-,-,-,3873.6000,3873.4000,3873.2000,3872.8000,3872.4000,3875.2000,3875.4000,3876.0000,3876.2000,3876.4000,2,1,1,1,2,1,1,1,1,2
SF,IF2003,2019-11-13 09:33:34.400,3874.4000,10304,0,200125860.000,0,-,-,-,-,3873.6000,3872.4000,3872.0000,3871.8000,3871.2000,3875.2000,3876.0000,3876.2000,3876.4000,3877.6000,1,2,1,3,5,1,1,1,2,2
SF,IF2003,2019-11-13 09:33:34.900,3873.6000,10302,-2,202450080.000,2,0,2,双平,S,3872.4000,3872.0000,3871.8000,3871.2000,3871.0000,3873.6000,3874.8000,3875.0000,3875.2000,3876.0000,1,1,3,5,6,3,1,1,1,1
SF,IF2003,2019-11-13 09:33:35.400,3873.6000,10300,-2,205936320.000,3,0,3,多平,S,3872.6000,3872.4000,3872.0000,3871.8000,3871.2000,3875.0000,3875.2000,3876.0000,3876.2000,3876.4000,7,1,1,3,5,1,1,1,1,2
SF,IF2003,2019-11-13 09:33:35.900,3873.6000,10300,0,205936320.000,0,-,-,-,-,3873.0000,3872.6000,3872.4000,3872.0000,3871.8000,3874.8000,3875.0000,3875.2000,3876.0000,3876.2000,1,7,1,1,3,1,4,1,1,1
SF,IF2003,2019-11-13 09:33:37.400,3873.6000,10300,0,205936320.000,0,-,-,-,-,3873.2000,3873.0000,3872.6000,3872.4000,3872.0000,3874.8000,3875.0000,3876.0000,3876.2000,3876.4000,5,1,3,1,1,1,4,1,1,2
SF,IF2003,2019-11-13 09:33:37.900,3873.6000,10300,0,205936320.000,0,-,-,-,-,3873.2000,3872.6000,3872.4000,3872.0000,3871.8000,3875.0000,3876.2000,3876.4000,3877.6000,3877.8000,5,3,1,1,3,4,1,2,2,3
SF,IF2003,2019-11-13 09:33:38.400,3873.6000,10300,0,205936320.000,0,-,-,-,-,3873.6000,3873.2000,3872.6000,3872.4000,3872.0000,3875.0000,3876.2000,3876.4000,3877.6000,3877.8000,1,5,3,1,1,4,1,2,2,3
SF,IF2003,2019-11-13 09:33:38.900,3873.6000,10300,0,205936320.000,0,-,-,-,-,3873.8000,3873.6000,3873.2000,3872.6000,3872.4000,3875.0000,3876.2000,3877.6000,3877.8000,3878.6000,4,1,1,3,1,4,1,2,3,1
SF,IF2003,2019-11-13 09:33:39.900,3873.8000,10300,0,207098460.000,1,0,1,多换,S,3873.8000,3873.6000,3873.2000,3872.6000,3872.4000,3875.0000,3875.2000,3876.2000,3877.6000,3877.8000,3,1,1,3,1,4,1,1,2,3
SF,IF2003,2019-11-13 09:33:40.400,3873.8000,10299,-1,210584880.000,3,1,2,多平,S,3873.2000,3872.6000,3872.4000,3872.0000,3871.8000,3875.0000,3875.2000,3876.2000,3877.6000,3877.8000,1,3,1,1,3,4,1,1,2,3
SF,IF2003,2019-11-13 09:33:40.900,3873.8000,10299,0,210584880.000,0,-,-,-,-,3872.6000,3872.4000,3872.0000,3871.8000,3871.2000,3874.8000,3875.0000,3875.2000,3876.2000,3876.8000,3,1,1,3,5,5,4,1,1,2
SF,IF2003,2019-11-13 09:33:41.400,3873.8000,10299,0,210584880.000,0,-,-,-,-,3873.0000,3872.6000,3872.4000,3872.0000,3871.8000,3874.8000,3875.0000,3875.2000,3876.2000,3876.8000,3,3,1,1,3,1,4,1,1,2
SF,IF2003,2019-11-13 09:33:42.900,3873.8000,10299,0,210584880.000,0,-,-,-,-,3873.0000,3872.6000,3872.4000,3872.0000,3871.8000,3874.6000,3874.8000,3875.0000,3875.2000,3876.2000,3,3,1,1,3,1,1,3,1,1
SF,IF2003,2019-11-13 09:33:43.400,3873.8000,10299,0,210584880.000,0,-,-,-,-,3873.0000,3872.6000,3872.4000,3872.0000,3871.8000,3874.6000,3874.8000,3875.0000,3876.2000,3876.8000,3,3,1,1,3,1,1,3,1,2
SF,IF2003,2019-11-13 09:33:43.900,3873.8000,10299,0,210584880.000,0,-,-,-,-,3873.0000,3872.6000,3872.4000,3872.0000,3871.8000,3874.6000,3874.8000,3875.0000,3876.2000,3876.8000,3,3,1,1,3,1,1,3,1,2
SF,IF2003,2019-11-13 09:33:44.400,3873.8000,10299,0,210584880.000,0,-,-,-,-,3873.0000,3872.6000,3872.4000,3872.0000,3871.8000,3874.6000,3874.8000,3875.0000,3876.2000,3876.8000,2,1,1,1,3,1,1,3,1,2
SF,IF2003,2019-11-13 09:33:44.900,3873.8000,10299,0,210584880.000,0,-,-,-,-,3873.0000,3872.6000,3872.4000,3872.0000,3871.8000,3874.4000,3874.6000,3874.8000,3875.0000,3876.2000,2,1,1,1,3,4,1,1,3,1
SF,IF2003,2019-11-13 09:33:45.400,3873.8000,10299,0,210584880.000,0,-,-,-,-,3873.0000,3872.6000,3872.4000,3872.0000,3871.8000,3874.4000,3874.6000,3874.8000,3875.0000,3876.2000,2,1,1,1,3,4,1,1,3,1
SF,IF2003,2019-11-13 09:33:45.900,3873.8000,10299,0,210584880.000,0,-,-,-,-,3873.0000,3872.4000,3872.0000,3871.8000,3871.2000,3874.2000,3874.4000,3874.6000,3874.8000,3875.0000,2,1,1,3,5,1,4,1,1,3
SF,IF2003,2019-11-13 09:33:46.400,3873.8000,10299,0,210584880.000,0,-,-,-,-,3873.0000,3872.4000,3872.0000,3871.8000,3871.2000,3874.0000,3874.2000,3874.6000,3874.8000,3875.0000,2,1,1,3,5,4,1,1,1,3
SF,IF2003,2019-11-13 09:33:47.400,3873.8000,10299,0,210584880.000,0,-,-,-,-,3873.0000,3872.4000,3872.0000,3871.8000,3871.2000,3874.2000,3874.6000,3874.8000,3875.0000,3876.2000,2,1,1,3,5,1,1,1,3,1
SF,IF2003,2019-11-13 09:33:47.900,3873.8000,10299,0,210584880.000,0,-,-,-,-,3873.0000,3872.4000,3872.0000,3871.8000,3871.2000,3874.6000,3874.8000,3875.0000,3876.2000,3876.8000,2,1,1,3,5,1,1,3,1,2
SF,IF2003,2019-11-13 09:33:48.400,3873.8000,10299,0,210584880.000,0,-,-,-,-,3873.0000,3872.4000,3872.0000,3871.8000,3871.2000,3874.4000,3874.6000,3874.8000,3875.0000,3876.2000,2,1,1,3,5,5,1,1,3,1
SF,IF2003,2019-11-13 09:33:48.900,3873.8000,10299,0,210584880.000,0,-,-,-,-,3873.0000,3872.4000,3872.0000,3871.8000,3871.2000,3874.4000,3874.6000,3874.8000,3875.0000,3876.2000,2,1,1,3,5,4,1,1,3,1
SF,IF2003,2019-11-13 09:33:49.900,3873.8000,10299,0,210584880.000,0,-,-,-,-,3873.0000,3872.4000,3872.0000,3871.8000,3871.2000,3874.2000,3874.4000,3874.8000,3875.0000,3876.2000,2,1,1,3,5,2,4,1,3,1
SF,IF2003,2019-11-13 09:33:50.400,3873.8000,10299,0,210584880.000,0,-,-,-,-,3874.0000,3873.0000,3872.4000,3872.0000,3871.8000,3874.2000,3874.4000,3874.8000,3875.0000,3876.2000,1,2,1,1,3,2,4,1,3,1
SF,IF2003,2019-11-13 09:33:50.900,3874.0000,10299,0,211747080.000,1,0,1,多换,S,3873.0000,3872.4000,3872.0000,3871.8000,3871.2000,3874.0000,3874.2000,3875.0000,3876.2000,3876.8000,2,1,1,3,5,5,2,3,1,2
SF,IF2003,2019-11-13 09:33:51.900,3874.0000,10299,0,211747080.000,0,-,-,-,-,3873.0000,3872.4000,3872.0000,3871.8000,3871.2000,3874.0000,3874.2000,3875.0000,3876.2000,3876.8000,2,1,1,3,5,1,1,3,1,2
SF,IF2003,2019-11-13 09:33:53.400,3874.0000,10299,0,211747080.000,0,-,-,-,-,3873.0000,3872.4000,3872.0000,3871.8000,3871.2000,3874.0000,3874.2000,3875.0000,3876.2000,3876.6000,2,1,1,3,5,1,1,3,1,1
SF,IF2003,2019-11-13 09:33:54.400,3874.0000,10299,0,211747080.000,0,-,-,-,-,3873.0000,3872.4000,3872.0000,3871.8000,3871.2000,3874.0000,3875.0000,3876.2000,3876.6000,3876.8000,2,1,1,3,5,1,3,1,1,2
SF,IF2003,2019-11-13 09:33:55.400,3874.0000,10299,0,211747080.000,0,-,-,-,-,3873.0000,3872.4000,3872.0000,3871.8000,3871.2000,3873.8000,3874.0000,3875.0000,3876.2000,3876.6000,2,1,1,3,5,1,1,3,1,1
SF,IF2003,2019-11-13 09:33:56.400,3874.0000,10299,0,211747080.000,0,-,-,-,-,3873.0000,3872.4000,3872.0000,3871.8000,3871.2000,3874.0000,3875.0000,3876.2000,3876.6000,3876.8000,2,1,1,3,5,1,3,1,1,2
SF,IF2003,2019-11-13 09:33:57.400,3874.0000,10299,0,211747080.000,0,-,-,-,-,3873.0000,3872.4000,3872.0000,3871.8000,3871.2000,3874.0000,3875.0000,3876.0000,3876.2000,3876.6000,2,1,1,3,5,1,3,1,1,1
SF,IF2003,2019-11-13 09:33:57.900,3874.0000,10299,0,211747080.000,0,-,-,-,-,3873.0000,3872.4000,3872.0000,3871.8000,3871.2000,3873.8000,3874.0000,3875.0000,3876.0000,3876.2000,2,1,1,3,5,1,1,3,1,1
SF,IF2003,2019-11-13 09:33:58.900,3874.0000,10299,0,211747080.000,0,-,-,-,-,3873.0000,3872.4000,3872.0000,3871.8000,3871.2000,3873.8000,3874.0000,3875.0000,3876.0000,3876.2000,2,1,1,3,5,2,1,3,1,1
SF,IF2003,2019-11-13 09:33:59.900,3874.0000,10299,0,211747080.000,0,-,-,-,-,3873.0000,3872.4000,3872.0000,3871.8000,3871.2000,3873.8000,3875.0000,3876.0000,3876.2000,3876.6000,2,1,1,3,5,2,3,1,1,1
SF,IF2003,2019-11-13 09:34:00.400,3874.0000,10299,0,211747080.000,0,-,-,-,-,3873.0000,3872.4000,3872.0000,3871.8000,3871.2000,3873.6000,3873.8000,3875.0000,3876.0000,3876.2000,2,1,1,3,5,1,2,3,1,1
SF,IF2003,2019-11-13 09:34:00.900,3874.0000,10299,0,211747080.000,0,-,-,-,-,3873.0000,3872.4000,3872.0000,3871.8000,3871.2000,3873.6000,3873.8000,3875.0000,3876.0000,3876.2000,2,1,1,3,5,1,2,3,1,1
SF,IF2003,2019-11-13 09:34:01.900,3873.6000,10298,-1,212909160.000,1,0,1,双平,S,3873.2000,3873.0000,3872.4000,3872.0000,3871.8000,3873.8000,3875.0000,3876.0000,3876.2000,3876.6000,1,2,1,1,3,1,3,1,1,1
SF,IF2003,2019-11-13 09:34:02.400,3873.8000,10296,-2,215233440.000,2,0,2,双平,S,3873.4000,3873.0000,3872.4000,3872.0000,3871.8000,3875.0000,3876.0000,3876.2000,3876.6000,3876.8000,1,2,1,1,3,3,1,1,1,2
SF,IF2003,2019-11-13 09:34:02.900,3873.8000,10296,0,215233440.000,0,-,-,-,-,3873.6000,3873.0000,3872.4000,3872.0000,3871.8000,3875.0000,3876.0000,3876.2000,3876.6000,3876.8000,1,2,1,1,3,3,1,1,1,2
SF,IF2003,2019-11-13 09:34:03.400,3873.8000,10296,0,215233440.000,0,-,-,-,-,3873.8000,3873.0000,3872.4000,3872.0000,3871.8000,3875.0000,3876.2000,3876.6000,3876.8000,3877.6000,1,2,1,1,3,3,1,1,2,2
SF,IF2003,2019-11-13 09:34:03.900,3873.8000,10296,0,215233440.000,0,-,-,-,-,3873.0000,3872.4000,3872.0000,3871.8000,3871.2000,3875.0000,3876.2000,3876.6000,3876.8000,3877.6000,2,1,1,3,5,3,1,1,2,2
SF,IF2003,2019-11-13 09:34:04.400,3873.8000,10296,0,215233440.000,0,-,-,-,-,3873.2000,3873.0000,3872.4000,3872.0000,3871.8000,3874.8000,3875.0000,3875.2000,3876.2000,3876.8000,2,2,1,1,3,4,3,1,1,2
SF,IF2003,2019-11-13 09:34:04.900,3873.8000,10296,0,215233440.000,0,-,-,-,-,3873.2000,3873.0000,3872.4000,3872.0000,3871.8000,3874.8000,3875.0000,3875.2000,3876.2000,3876.8000,2,2,1,1,3,5,3,1,1,2
SF,IF2003,2019-11-13 09:34:05.400,3873.8000,10296,0,215233440.000,0,-,-,-,-,3873.2000,3873.0000,3872.4000,3872.0000,3871.8000,3875.0000,3876.2000,3876.8000,3877.6000,3877.8000,2,2,1,1,3,3,1,2,2,2
SF,IF2003,2019-11-13 09:34:05.900,3873.8000,10296,0,215233440.000,0,-,-,-,-,3873.2000,3873.0000,3872.4000,3872.0000,3871.8000,3874.8000,3875.0000,3876.2000,3876.8000,3877.6000,2,2,1,1,3,1,3,1,2,2
SF,IF2003,2019-11-13 09:34:06.400,3873.6000,10296,0,216395520.000,1,0,1,多换,S,3873.2000,3873.0000,3872.4000,3872.0000,3871.8000,3874.8000,3875.0000,3876.2000,3876.8000,3877.6000,2,2,1,1,3,1,3,1,2,2
SF,IF2003,2019-11-13 09:34:06.900,3873.6000,10296,0,216395520.000,0,-,-,-,-,3873.2000,3873.0000,3872.4000,3872.0000,3871.8000,3875.0000,3876.2000,3876.8000,3877.6000,3877.8000,2,2,1,1,3,3,1,2,2,2
SF,IF2003,2019-11-13 09:34:07.400,3873.6000,10296,0,216395520.000,0,-,-,-,-,3873.2000,3873.0000,3872.4000,3872.0000,3871.8000,3875.0000,3876.2000,3876.8000,3877.6000,3877.8000,2,2,1,1,3,3,1,2,2,2
SF,IF2003,2019-11-13 09:34:07.900,3873.6000,10296,0,216395520.000,0,-,-,-,-,3873.2000,3873.0000,3872.4000,3872.0000,3871.8000,3875.0000,3876.2000,3876.8000,3877.6000,3877.8000,3,2,1,1,3,3,1,2,2,2
SF,IF2003,2019-11-13 09:34:08.400,3873.6000,10296,0,216395520.000,0,-,-,-,-,3873.4000,3873.2000,3873.0000,3872.4000,3872.0000,3875.0000,3876.2000,3876.8000,3877.6000,3877.8000,1,3,2,1,1,3,1,2,2,2
SF,IF2003,2019-11-13 09:34:08.900,3873.6000,10296,0,216395520.000,0,-,-,-,-,3873.6000,3873.4000,3873.2000,3873.0000,3872.6000,3875.0000,3876.2000,3876.8000,3877.6000,3877.8000,1,1,2,2,1,3,1,2,2,2
SF,IF2003,2019-11-13 09:34:09.400,3873.6000,10296,0,216395520.000,0,-,-,-,-,3873.8000,3873.4000,3873.2000,3873.0000,3872.6000,3874.6000,3875.0000,3876.2000,3876.8000,3877.6000,1,1,2,2,1,1,3,1,2,2
SF,IF2003,2019-11-13 09:34:09.900,3874.6000,10295,-1,217557900.000,1,0,1,双平,S,3874.0000,3873.4000,3873.2000,3873.0000,3872.6000,3875.0000,3876.2000,3876.8000,3877.6000,3877.8000,1,1,2,2,1,3,1,2,2,2
SF,IF2003,2019-11-13 09:34:10.400,3874.6000,10295,0,217557900.000,0,-,-,-,-,3874.2000,3873.4000,3873.2000,3873.0000,3872.6000,3875.0000,3876.2000,3876.8000,3877.6000,3877.8000,1,1,2,2,1,3,1,2,2,2
SF,IF2003,2019-11-13 09:34:10.900,3874.6000,10295,0,217557900.000,0,-,-,-,-,3873.4000,3873.2000,3873.0000,3872.6000,3872.0000,3875.0000,3876.2000,3876.8000,3877.6000,3877.8000,1,2,2,1,1,3,1,2,2,2
SF,IF2003,2019-11-13 09:34:11.400,3874.6000,10295,0,217557900.000,0,-,-,-,-,3873.6000,3873.4000,3873.2000,3873.0000,3872.6000,3875.0000,3876.2000,3876.8000,3877.6000,3877.8000,1,1,2,2,1,3,1,2,2,2
SF,IF2003,2019-11-13 09:34:11.900,3874.6000,10295,0,217557900.000,0,-,-,-,-,3873.8000,3873.6000,3873.4000,3873.2000,3873.0000,3875.0000,3876.2000,3876.8000,3877.6000,3877.8000,1,1,1,2,2,3,1,2,2,2
SF,IF2003,2019-11-13 09:34:12.400,3874.6000,10295,0,217557900.000,0,-,-,-,-,3874.0000,3873.6000,3873.4000,3873.2000,3873.0000,3875.0000,3876.2000,3876.8000,3877.6000,3877.8000,1,1,1,2,2,3,1,2,2,2
SF,IF2003,2019-11-13 09:34:12.900,3874.6000,10295,0,217557900.000,0,-,-,-,-,3874.2000,3873.6000,3873.4000,3873.2000,3873.0000,3875.0000,3876.2000,3876.8000,3877.6000,3877.8000,1,1,1,1,2,3,1,2,2,2
SF,IF2003,2019-11-13 09:34:13.400,3874.6000,10295,0,217557900.000,0,-,-,-,-,3873.6000,3873.4000,3873.2000,3873.0000,3872.6000,3875.0000,3876.2000,3876.8000,3877.6000,3877.8000,1,1,1,2,1,3,1,2,2,2
SF,IF2003,2019-11-13 09:34:13.900,3874.6000,10295,0,217557900.000,0,-,-,-,-,3873.8000,3873.6000,3873.4000,3873.0000,3872.6000,3875.0000,3876.2000,3876.8000,3877.6000,3877.8000,1,1,1,2,1,3,1,2,2,2
SF,IF2003,2019-11-13 09:34:14.400,3874.6000,10295,0,217557900.000,0,-,-,-,-,3874.0000,3873.6000,3873.4000,3873.0000,3872.6000,3875.0000,3876.2000,3876.8000,3877.6000,3877.8000,2,1,1,2,1,3,1,2,2,2
SF,IF2003,2019-11-13 09:34:14.900,3874.6000,10295,0,217557900.000,0,-,-,-,-,3874.0000,3873.6000,3873.4000,3873.0000,3872.6000,3875.0000,3876.2000,3876.8000,3877.6000,3877.8000,2,1,1,2,1,3,1,2,2,2
SF,IF2003,2019-11-13 09:34:15.400,3874.6000,10295,0,217557900.000,0,-,-,-,-,3874.0000,3873.6000,3873.4000,3873.0000,3872.6000,3875.0000,3876.8000,3877.6000,3877.8000,3878.4000,3,1,1,2,1,3,2,2,2,1
SF,IF2003,2019-11-13 09:34:17.900,3874.6000,10295,0,217557900.000,0,-,-,-,-,3874.0000,3873.6000,3873.4000,3873.0000,3872.6000,3875.0000,3876.8000,3877.6000,3877.8000,3878.4000,2,1,1,2,1,3,2,2,2,1
SF,IF2003,2019-11-13 09:34:18.400,3874.0000,10294,-1,219882300.000,2,0,2,多平,S,3873.6000,3873.4000,3873.0000,3872.0000,3871.8000,3874.0000,3875.0000,3876.8000,3877.6000,3877.8000,1,1,3,1,3,1,3,2,2,2
SF,IF2003,2019-11-13 09:34:18.900,3873.4000,10293,-1,222206400.000,2,0,2,多平,S,3873.0000,3872.0000,3871.8000,3871.2000,3871.0000,3875.0000,3876.8000,3877.6000,3877.8000,3878.4000,3,1,3,5,6,3,2,2,2,1
SF,IF2003,2019-11-13 09:34:19.400,3873.4000,10292,-1,223368420.000,1,0,1,双平,S,3873.0000,3872.0000,3871.8000,3871.2000,3871.0000,3874.8000,3875.0000,3875.2000,3876.8000,3877.6000,4,1,3,5,6,4,3,1,2,2
SF,IF2003,2019-11-13 09:34:19.900,3873.4000,10292,0,223368420.000,0,-,-,-,-,3873.0000,3872.0000,3871.8000,3871.2000,3871.0000,3874.6000,3874.8000,3875.0000,3876.8000,3877.6000,3,1,3,5,6,1,4,3,2,2
SF,IF2003,2019-11-13 09:34:20.400,3873.4000,10292,0,223368420.000,0,-,-,-,-,3873.0000,3872.0000,3871.8000,3871.2000,3871.0000,3874.4000,3874.6000,3874.8000,3875.0000,3876.8000,3,1,3,5,6,1,1,3,3,2
SF,IF2003,2019-11-13 09:34:20.900,3873.4000,10292,0,223368420.000,0,-,-,-,-,3873.0000,3872.0000,3871.8000,3871.2000,3871.0000,3874.2000,3874.4000,3874.8000,3875.0000,3876.8000,3,1,3,5,6,1,1,3,3,2
SF,IF2003,2019-11-13 09:34:21.400,3873.4000,10292,0,223368420.000,0,-,-,-,-,3873.0000,3872.0000,3871.8000,3871.2000,3871.0000,3874.0000,3874.2000,3874.4000,3874.8000,3875.0000,3,1,3,5,6,1,1,1,3,3
SF,IF2003,2019-11-13 09:34:21.900,3873.4000,10292,0,223368420.000,0,-,-,-,-,3873.0000,3872.0000,3871.8000,3871.2000,3871.0000,3874.4000,3874.8000,3875.0000,3876.8000,3877.6000,3,1,3,5,6,1,3,3,2,2
SF,IF2003,2019-11-13 09:34:22.400,3873.4000,10292,0,223368420.000,0,-,-,-,-,3873.0000,3872.0000,3871.8000,3871.2000,3871.0000,3874.2000,3874.4000,3874.8000,3875.0000,3876.8000,3,1,3,5,6,1,1,3,3,2
SF,IF2003,2019-11-13 09:34:22.900,3873.4000,10292,0,223368420.000,0,-,-,-,-,3873.0000,3872.0000,3871.8000,3871.2000,3871.0000,3874.4000,3874.8000,3875.0000,3876.8000,3877.6000,3,1,3,5,6,1,3,3,2,2
SF,IF2003,2019-11-13 09:34:23.400,3873.4000,10292,0,223368420.000,0,-,-,-,-,3873.0000,3872.0000,3871.8000,3871.2000,3871.0000,3874.2000,3874.4000,3874.8000,3875.0000,3876.8000,3,1,3,5,6,1,1,3,3,2
SF,IF2003,2019-11-13 09:34:23.900,3873.4000,10292,0,223368420.000,0,-,-,-,-,3873.0000,3872.0000,3871.8000,3871.2000,3871.0000,3874.0000,3874.4000,3874.8000,3875.0000,3876.8000,3,1,3,5,6,1,1,3,3,2
SF,IF2003,2019-11-13 09:34:24.400,3873.4000,10292,0,223368420.000,0,-,-,-,-,3873.0000,3872.0000,3871.8000,3871.2000,3871.0000,3874.4000,3874.8000,3875.0000,3876.8000,3877.6000,3,1,3,5,6,1,2,3,2,2
SF,IF2003,2019-11-13 09:34:24.900,3873.4000,10292,0,223368420.000,0,-,-,-,-,3873.0000,3872.0000,3871.8000,3871.2000,3871.0000,3874.2000,3874.4000,3874.8000,3875.0000,3876.8000,3,1,3,5,6,2,1,1,3,2
SF,IF2003,2019-11-13 09:34:25.900,3874.2000,10293,1,224530680.000,1,1,0,双开,S,3873.0000,3872.0000,3871.8000,3871.2000,3871.0000,3874.2000,3874.4000,3874.8000,3875.0000,3876.8000,3,1,3,5,6,1,1,1,3,2
SF,IF2003,2019-11-13 09:34:26.900,3874.2000,10293,0,224530680.000,0,-,-,-,-,3873.2000,3873.0000,3872.0000,3871.8000,3871.2000,3874.2000,3874.4000,3874.8000,3875.0000,3876.8000,1,3,1,3,5,1,1,1,3,2
SF,IF2003,2019-11-13 09:34:27.400,3874.2000,10293,0,224530680.000,0,-,-,-,-,3873.0000,3872.0000,3871.8000,3871.2000,3871.0000,3874.4000,3874.8000,3875.0000,3876.8000,3877.6000,3,1,3,5,6,1,1,3,2,2
SF,IF2003,2019-11-13 09:34:27.900,3874.2000,10293,0,224530680.000,0,-,-,-,-,3873.2000,3873.0000,3872.0000,3871.8000,3871.2000,3874.8000,3875.0000,3876.8000,3877.6000,3877.8000,1,3,1,3,5,1,3,2,2,2
SF,IF2003,2019-11-13 09:34:28.400,3874.2000,10293,0,224530680.000,0,-,-,-,-,3873.0000,3872.0000,3871.8000,3871.2000,3871.0000,3874.4000,3874.6000,3874.8000,3875.0000,3876.8000,3,1,3,5,6,1,3,1,3,2
SF,IF2003,2019-11-13 09:34:28.900,3874.2000,10293,0,224530680.000,0,-,-,-,-,3873.2000,3873.0000,3872.0000,3871.8000,3871.2000,3874.4000,3874.6000,3874.8000,3875.0000,3876.8000,1,3,1,3,5,1,2,1,3,2
SF,IF2003,2019-11-13 09:34:29.400,3874.2000,10293,0,224530680.000,0,-,-,-,-,3873.0000,3872.0000,3871.8000,3871.2000,3871.0000,3874.2000,3874.4000,3874.8000,3875.0000,3876.8000,3,1,3,5,6,3,1,1,3,2
SF,IF2003,2019-11-13 09:34:29.900,3874.2000,10293,0,224530680.000,0,-,-,-,-,3873.2000,3873.0000,3872.0000,3871.8000,3871.2000,3874.2000,3874.4000,3874.8000,3875.0000,3876.8000,1,3,1,3,5,3,1,1,3,2
SF,IF2003,2019-11-13 09:34:30.400,3874.2000,10293,0,224530680.000,0,-,-,-,-,3873.0000,3872.0000,3871.8000,3871.2000,3871.0000,3874.2000,3874.4000,3874.8000,3875.0000,3876.8000,3,1,3,5,6,2,1,1,3,2
SF,IF2003,2019-11-13 09:34:30.900,3874.2000,10293,0,224530680.000,0,-,-,-,-,3873.2000,3873.0000,3872.0000,3871.8000,3871.2000,3874.2000,3874.8000,3875.0000,3876.8000,3877.6000,1,3,1,3,5,2,1,3,2,2
SF,IF2003,2019-11-13 09:34:31.400,3874.2000,10293,0,224530680.000,0,-,-,-,-,3873.0000,3872.0000,3871.8000,3871.2000,3871.0000,3874.2000,3874.8000,3875.0000,3876.8000,3877.6000,3,1,3,5,6,2,1,3,2,2
SF,IF2003,2019-11-13 09:34:31.900,3874.2000,10293,0,224530680.000,0,-,-,-,-,3873.2000,3873.0000,3872.0000,3871.8000,3871.2000,3874.2000,3874.8000,3875.0000,3876.8000,3877.6000,1,3,1,3,5,2,1,3,2,2
SF,IF2003,2019-11-13 09:34:32.400,3874.2000,10293,0,224530680.000,0,-,-,-,-,3873.0000,3872.0000,3871.8000,3871.2000,3871.0000,3874.2000,3874.8000,3875.0000,3876.8000,3877.6000,3,1,3,5,6,2,1,3,2,2
SF,IF2003,2019-11-13 09:34:33.400,3874.2000,10293,0,224530680.000,0,-,-,-,-,3873.2000,3873.0000,3872.0000,3871.8000,3871.2000,3874.2000,3874.8000,3875.0000,3876.8000,3877.6000,1,3,1,3,5,2,1,3,2,2
SF,IF2003,2019-11-13 09:34:33.900,3874.2000,10293,0,224530680.000,0,-,-,-,-,3873.0000,3872.0000,3871.8000,3871.2000,3871.0000,3874.2000,3874.8000,3875.0000,3876.8000,3877.6000,3,1,3,5,6,2,1,3,2,2
SF,IF2003,2019-11-13 09:34:34.400,3874.2000,10293,0,224530680.000,0,-,-,-,-,3873.2000,3873.0000,3872.0000,3871.8000,3871.2000,3874.0000,3874.2000,3874.8000,3875.0000,3876.8000,1,3,1,3,5,1,2,1,3,2
SF,IF2003,2019-11-13 09:34:34.900,3874.2000,10293,0,224530680.000,0,-,-,-,-,3873.0000,3872.0000,3871.8000,3871.2000,3871.0000,3874.8000,3875.0000,3876.8000,3877.6000,3877.8000,3,1,3,5,6,1,3,2,2,2
SF,IF2003,2019-11-13 09:34:35.400,3874.2000,10293,0,224530680.000,0,-,-,-,-,3873.0000,3872.0000,3871.8000,3871.2000,3871.0000,3874.4000,3874.6000,3874.8000,3875.0000,3876.8000,3,1,3,5,6,1,3,1,3,2
SF,IF2003,2019-11-13 09:34:35.900,3874.2000,10293,0,224530680.000,0,-,-,-,-,3873.2000,3873.0000,3872.0000,3871.8000,3871.2000,3874.2000,3874.4000,3874.6000,3874.8000,3875.0000,1,3,1,3,5,1,1,2,1,3
SF,IF2003,2019-11-13 09:34:36.400,3874.2000,10293,0,224530680.000,0,-,-,-,-,3873.4000,3873.0000,3872.0000,3871.8000,3871.2000,3874.2000,3874.4000,3874.6000,3874.8000,3875.0000,1,3,1,3,5,1,1,2,1,3
SF,IF2003,2019-11-13 09:34:36.900,3874.2000,10293,0,224530680.000,0,-,-,-,-,3873.0000,3872.0000,3871.8000,3871.2000,3871.0000,3874.2000,3874.4000,3874.6000,3874.8000,3875.0000,3,1,3,5,6,1,1,2,1,3
SF,IF2003,2019-11-13 09:34:37.400,3874.2000,10293,0,224530680.000,0,-,-,-,-,3873.2000,3873.0000,3872.0000,3871.8000,3871.2000,3874.2000,3874.4000,3874.8000,3875.0000,3876.8000,3,3,1,3,5,1,1,1,3,2
SF,IF2003,2019-11-13 09:34:37.900,3874.2000,10293,0,224530680.000,0,-,-,-,-,3873.2000,3873.0000,3872.0000,3871.8000,3871.2000,3874.2000,3874.8000,3875.0000,3876.8000,3877.6000,3,3,1,3,5,1,1,3,2,2
SF,IF2003,2019-11-13 09:34:38.400,3874.2000,10293,0,224530680.000,0,-,-,-,-,3873.2000,3873.0000,3872.0000,3871.8000,3871.2000,3874.2000,3874.8000,3875.0000,3876.8000,3877.6000,3,4,1,3,5,1,1,3,2,2
SF,IF2003,2019-11-13 09:34:38.900,3874.2000,10293,0,224530680.000,0,-,-,-,-,3873.2000,3873.0000,3872.0000,3871.8000,3871.2000,3874.2000,3874.8000,3875.0000,3876.8000,3877.6000,1,4,1,3,5,1,1,3,2,2
SF,IF2003,2019-11-13 09:34:39.400,3874.2000,10293,0,224530680.000,0,-,-,-,-,3873.4000,3873.0000,3872.0000,3871.8000,3871.2000,3874.2000,3875.0000,3876.8000,3877.6000,3877.8000,3,4,1,3,5,1,3,2,2,2
SF,IF2003,2019-11-13 09:34:39.900,3874.2000,10292,-1,225692940.000,1,0,1,双平,S,3873.4000,3873.0000,3872.0000,3871.8000,3871.2000,3875.0000,3876.8000,3877.6000,3877.8000,3878.4000,1,4,1,3,5,3,2,2,2,1
SF,IF2003,2019-11-13 09:34:40.400,3874.2000,10292,0,225692940.000,0,-,-,-,-,3873.6000,3873.0000,3872.0000,3871.8000,3871.2000,3874.8000,3875.0000,3876.8000,3877.6000,3877.8000,1,4,1,3,5,1,3,2,2,2
SF,IF2003,2019-11-13 09:34:40.900,3874.2000,10292,0,225692940.000,0,-,-,-,-,3873.0000,3872.0000,3871.8000,3871.2000,3871.0000,3874.8000,3875.0000,3876.8000,3877.6000,3877.8000,4,1,3,5,6,1,3,2,2,2
SF,IF2003,2019-11-13 09:34:41.400,3874.2000,10292,0,225692940.000,0,-,-,-,-,3873.2000,3873.0000,3872.0000,3871.8000,3871.2000,3874.6000,3874.8000,3875.0000,3876.8000,3877.6000,3,4,1,3,5,1,1,2,2,2
SF,IF2003,2019-11-13 09:34:41.900,3874.2000,10292,0,225692940.000,0,-,-,-,-,3873.2000,3873.0000,3872.0000,3871.8000,3871.2000,3875.0000,3876.8000,3877.6000,3877.8000,3878.4000,3,4,1,3,5,2,2,2,2,1
SF,IF2003,2019-11-13 09:34:42.400,3874.2000,10292,0,225692940.000,0,-,-,-,-,3873.2000,3873.0000,3872.0000,3871.8000,3871.2000,3874.8000,3875.0000,3875.2000,3876.8000,3877.6000,3,4,1,3,5,1,2,1,2,2
SF,IF2003,2019-11-13 09:34:42.900,3874.2000,10292,0,225692940.000,0,-,-,-,-,3873.2000,3873.0000,3872.0000,3871.8000,3871.2000,3875.0000,3876.8000,3877.6000,3877.8000,3878.4000,3,4,1,3,5,2,2,2,2,1
SF,IF2003,2019-11-13 09:34:43.400,3874.2000,10292,0,225692940.000,0,-,-,-,-,3873.2000,3873.0000,3872.0000,3871.8000,3871.2000,3874.6000,3874.8000,3875.0000,3876.8000,3877.6000,1,4,1,3,5,1,3,2,2,2
SF,IF2003,2019-11-13 09:34:43.900,3874.2000,10292,0,225692940.000,0,-,-,-,-,3873.0000,3872.0000,3871.8000,3871.2000,3871.0000,3874.4000,3874.6000,3874.8000,3875.0000,3876.8000,4,1,3,5,6,1,1,4,2,2
