市场代码,合约代码,时间,最新,持仓,增仓,成交额,成交量,开仓,平仓,成交类型,方向,买一价,买二价,买三价,买四价,买五价,卖一价,卖二价,卖三价,卖四价,卖五价,买一量,买二量,买三量,买四量,买五量,卖一量,卖二量,卖三量,卖四量,卖五量
SF,IF2012,2020-05-21 09:29:00.300,3781.0000,3846,0,2268600.000,2.000,-,-,-,-,3777.2000,3777.0000,3772.8000,3772.0000,3771.0000,3782.0000,3787.0000,3799.8000,3801.6000,3803.0000,1,1,1,3,1,1,1,1,1,3
SF,IF2012,2020-05-21 09:30:00.300,3781.0000,3846,0,2268600.000,0,-,-,-,-,3778.0000,3777.4000,3777.2000,3772.8000,3772.0000,3781.8000,3787.0000,3789.6000,3797.0000,3799.8000,1,1,1,1,3,8,1,3,3,1
SF,IF2012,2020-05-21 09:30:00.800,3781.0000,3846,0,2268600.000,0,-,-,-,-,3778.2000,3778.0000,3771.0000,3768.8000,3766.6000,3780.6000,3781.0000,3781.8000,3782.2000,3787.0000,1,1,4,3,1,1,1,2,1,1
SF,IF2012,2020-05-21 09:30:01.300,3781.0000,3846,0,2268600.000,0,-,-,-,-,3778.4000,3778.2000,3778.0000,3771.0000,3770.0000,3780.6000,3781.8000,3782.2000,3787.0000,3789.6000,1,2,1,4,5,1,1,1,1,3
SF,IF2012,2020-05-21 09:30:01.800,3781.8000,3845,-1,4537320.000,2,0,2,多平,S,3778.6000,3778.4000,3778.0000,3771.0000,3770.0000,3782.2000,3787.0000,3789.6000,3790.0000,3797.0000,1,1,1,4,5,1,1,3,5,3
SF,IF2012,2020-05-21 09:30:02.300,3781.8000,3845,0,4537320.000,0,-,-,-,-,3779.6000,3778.8000,3778.6000,3778.0000,3771.0000,3782.2000,3787.0000,3789.6000,3790.0000,3797.0000,1,2,1,1,4,1,1,3,5,3
SF,IF2012,2020-05-21 09:30:02.800,3781.8000,3845,0,4537320.000,0,-,-,-,-,3779.8000,3779.6000,3778.6000,3778.0000,3771.0000,3782.0000,3782.2000,3787.0000,3789.6000,3790.0000,1,1,1,1,4,1,1,1,3,5
SF,IF2012,2020-05-21 09:30:03.300,3781.8000,3845,0,4537320.000,0,-,-,-,-,3779.8000,3779.6000,3778.0000,3771.0000,3770.0000,3782.0000,3782.2000,3787.0000,3789.6000,3790.0000,2,1,1,4,5,1,1,1,3,5
SF,IF2012,2020-05-21 09:30:03.800,3781.8000,3845,0,4537320.000,0,-,-,-,-,3779.8000,3779.6000,3778.0000,3771.0000,3770.0000,3781.8000,3782.0000,3782.2000,3787.0000,3789.6000,2,1,1,4,5,1,2,1,1,3
SF,IF2012,2020-05-21 09:30:04.300,3781.8000,3845,0,4537320.000,0,-,-,-,-,3779.8000,3779.6000,3778.0000,3771.0000,3770.0000,3781.6000,3782.0000,3782.2000,3787.0000,3789.6000,2,1,1,4,5,1,1,1,1,3
SF,IF2012,2020-05-21 09:30:04.800,3782.0000,3843,-2,6806460.000,2,0,2,双平,S,3779.8000,3779.6000,3778.0000,3771.0000,3770.0000,3782.2000,3787.0000,3789.6000,3790.0000,3797.0000,2,1,1,4,5,1,1,3,5,3
SF,IF2012,2020-05-21 09:30:05.300,3782.2000,3842,-1,7941120.000,1,0,1,双平,S,3781.6000,3780.0000,3779.8000,3779.6000,3778.0000,3787.0000,3789.6000,3790.0000,3797.0000,3808.0000,1,1,2,1,1,1,3,5,3,2
SF,IF2012,2020-05-21 09:30:05.800,3782.2000,3842,0,7941120.000,0,-,-,-,-,3781.8000,3781.6000,3779.8000,3779.6000,3778.0000,3783.4000,3784.0000,3784.4000,3786.6000,3786.8000,2,1,1,1,1,1,1,1,6,3
SF,IF2012,2020-05-21 09:30:06.300,3782.2000,3842,0,7941120.000,0,-,-,-,-,3781.8000,3781.6000,3779.8000,3779.6000,3778.0000,3784.0000,3784.4000,3786.8000,3787.0000,3789.6000,2,1,1,1,1,1,1,2,1,3
SF,IF2012,2020-05-21 09:30:06.800,3782.2000,3842,0,7941120.000,0,-,-,-,-,3781.8000,3781.6000,3779.8000,3779.6000,3778.0000,3783.8000,3784.0000,3784.4000,3786.8000,3787.0000,1,1,1,1,1,1,1,1,2,1
SF,IF2012,2020-05-21 09:30:07.300,3781.8000,3841,-1,9075660.000,1,0,1,双平,S,3781.6000,3779.8000,3779.6000,3778.0000,3771.0000,3782.0000,3783.8000,3784.0000,3784.4000,3784.6000,1,1,1,1,4,1,2,1,1,1
SF,IF2012,2020-05-21 09:30:07.800,3781.6000,3840,-1,10210140.000,1,0,1,双平,S,3779.8000,3778.0000,3771.0000,3770.0000,3768.8000,3782.0000,3783.8000,3784.0000,3784.4000,3784.6000,1,1,4,5,3,1,2,1,1,1
SF,IF2012,2020-05-21 09:30:08.300,3781.6000,3840,0,10210140.000,0,-,-,-,-,3780.0000,3778.0000,3771.0000,3770.0000,3768.8000,3781.8000,3782.0000,3783.8000,3784.0000,3784.4000,1,1,4,5,3,1,1,1,1,1
SF,IF2012,2020-05-21 09:30:09.300,3780.0000,3839,-1,11344140.000,1,0,1,双平,S,3778.0000,3771.0000,3770.0000,3768.8000,3766.6000,3781.8000,3782.0000,3783.8000,3784.0000,3784.4000,1,4,5,3,1,2,1,1,1,1
SF,IF2012,2020-05-21 09:30:09.800,3780.0000,3839,0,11344140.000,0,-,-,-,-,3778.2000,3778.0000,3771.0000,3770.0000,3768.8000,3781.8000,3782.0000,3784.0000,3784.4000,3784.6000,1,1,1,5,3,2,1,1,1,1
SF,IF2012,2020-05-21 09:30:10.300,3780.0000,3839,0,11344140.000,0,-,-,-,-,3778.2000,3778.0000,3771.0000,3770.0000,3768.8000,3781.6000,3781.8000,3782.0000,3784.0000,3784.4000,1,1,1,5,3,2,2,1,1,1
SF,IF2012,2020-05-21 09:30:10.800,3780.0000,3839,0,11344140.000,0,-,-,-,-,3778.2000,3778.0000,3771.0000,3770.0000,3768.8000,3781.4000,3781.6000,3781.8000,3782.0000,3784.0000,1,1,1,5,3,1,2,1,1,1
SF,IF2012,2020-05-21 09:30:11.300,3780.0000,3839,0,11344140.000,0,-,-,-,-,3778.2000,3778.0000,3771.0000,3770.0000,3768.8000,3781.2000,3781.4000,3781.6000,3781.8000,3782.0000,1,1,1,5,3,1,2,1,1,1
SF,IF2012,2020-05-21 09:30:11.800,3780.0000,3839,0,11344140.000,0,-,-,-,-,3778.2000,3778.0000,3771.0000,3770.0000,3768.8000,3780.8000,3781.0000,3781.2000,3781.6000,3781.8000,1,1,1,5,3,1,2,1,1,1
SF,IF2012,2020-05-21 09:30:12.300,3780.0000,3839,0,11344140.000,0,-,-,-,-,3778.2000,3778.0000,3771.0000,3770.0000,3768.8000,3780.6000,3780.8000,3781.0000,3781.8000,3782.0000,1,1,1,5,3,2,1,1,1,1
SF,IF2012,2020-05-21 09:30:12.800,3780.0000,3839,0,11344140.000,0,-,-,-,-,3778.4000,3778.2000,3778.0000,3771.0000,3770.0000,3780.0000,3780.6000,3781.0000,3782.0000,3784.0000,1,1,1,1,5,1,1,1,1,1
SF,IF2012,2020-05-21 09:30:13.300,3780.0000,3839,0,11344140.000,0,-,-,-,-,3778.4000,3778.2000,3778.0000,3771.0000,3770.0000,3779.8000,3780.0000,3781.0000,3782.0000,3784.0000,1,1,1,1,5,1,1,1,1,1
SF,IF2012,2020-05-21 09:30:13.800,3780.0000,3839,0,11344140.000,0,-,-,-,-,3778.4000,3778.0000,3771.0000,3770.0000,3768.8000,3779.8000,3780.0000,3781.0000,3782.0000,3784.0000,1,1,1,5,3,1,1,1,1,1
SF,IF2012,2020-05-21 09:30:14.300,3780.0000,3839,0,11344140.000,0,-,-,-,-,3778.0000,3771.0000,3770.0000,3768.8000,3766.6000,3779.8000,3780.0000,3781.0000,3782.0000,3784.0000,1,1,5,3,1,1,1,1,1,1
SF,IF2012,2020-05-21 09:30:14.800,3780.0000,3839,0,11344140.000,0,-,-,-,-,3778.6000,3778.2000,3778.0000,3771.0000,3770.0000,3779.8000,3780.0000,3781.0000,3782.0000,3784.0000,1,1,1,1,5,1,1,1,1,1
SF,IF2012,2020-05-21 09:30:15.300,3780.0000,3839,0,11344140.000,0,-,-,-,-,3778.6000,3778.2000,3778.0000,3777.0000,3770.0000,3779.8000,3780.0000,3781.0000,3782.0000,3784.0000,1,1,1,1,5,1,1,1,1,1
SF,IF2012,2020-05-21 09:30:15.800,3780.0000,3839,0,11344140.000,0,-,-,-,-,3778.6000,3778.2000,3778.0000,3777.0000,3770.0000,3779.8000,3780.0000,3781.0000,3782.0000,3784.0000,1,1,1,1,5,1,1,1,1,1
SF,IF2012,2020-05-21 09:30:16.300,3780.0000,3839,0,11344140.000,0,-,-,-,-,3778.2000,3778.0000,3777.0000,3770.0000,3768.8000,3779.8000,3781.0000,3782.0000,3784.0000,3784.4000,1,1,1,5,3,1,1,1,1,1
SF,IF2012,2020-05-21 09:30:16.800,3780.0000,3839,0,11344140.000,0,-,-,-,-,3778.2000,3778.0000,3777.0000,3770.0000,3768.8000,3779.8000,3781.0000,3782.0000,3784.0000,3784.4000,1,2,1,5,3,1,1,1,1,1
SF,IF2012,2020-05-21 09:30:17.300,3779.8000,3838,-1,12478080.000,1,0,1,双平,S,3778.4000,3778.2000,3778.0000,3777.0000,3770.0000,3781.0000,3782.0000,3784.0000,3784.4000,3784.6000,1,1,2,1,5,1,1,1,1,1
SF,IF2012,2020-05-21 09:30:17.800,3779.8000,3838,0,12478080.000,0,-,-,-,-,3778.6000,3778.4000,3778.0000,3777.0000,3770.0000,3782.0000,3784.0000,3784.4000,3784.6000,3786.4000,2,1,2,1,5,1,1,1,1,3
SF,IF2012,2020-05-21 09:30:18.300,3779.8000,3838,0,12478080.000,0,-,-,-,-,3778.8000,3778.6000,3778.0000,3777.0000,3770.0000,3781.8000,3782.0000,3784.0000,3784.4000,3784.6000,1,2,2,1,5,1,1,1,1,1
SF,IF2012,2020-05-21 09:30:18.800,3779.8000,3838,0,12478080.000,0,-,-,-,-,3779.0000,3778.8000,3778.0000,3777.0000,3770.0000,3781.8000,3782.0000,3784.0000,3784.4000,3784.6000,2,1,2,1,5,1,1,1,1,1
SF,IF2012,2020-05-21 09:30:19.300,3779.8000,3838,0,12478080.000,0,-,-,-,-,3779.0000,3778.8000,3778.0000,3777.0000,3770.0000,3781.8000,3782.0000,3784.0000,3784.4000,3784.6000,1,1,2,1,5,1,1,1,1,1
SF,IF2012,2020-05-21 09:30:19.800,3779.8000,3838,0,12478080.000,0,-,-,-,-,3779.0000,3778.0000,3777.0000,3770.0000,3768.8000,3781.6000,3781.8000,3782.0000,3784.0000,3784.4000,1,2,1,5,3,1,1,1,1,1
SF,IF2012,2020-05-21 09:30:20.300,3779.8000,3838,0,12478080.000,0,-,-,-,-,3779.0000,3778.0000,3777.0000,3770.0000,3768.8000,3781.4000,3781.6000,3782.0000,3784.0000,3784.4000,1,2,1,5,3,1,1,1,1,1
SF,IF2012,2020-05-21 09:30:21.300,3779.0000,3837,-1,13611780.000,1,0,1,双平,S,3779.2000,3778.0000,3777.0000,3770.0000,3768.8000,3781.4000,3781.6000,3782.0000,3784.0000,3784.4000,1,2,1,5,3,1,1,1,1,1
SF,IF2012,2020-05-21 09:30:21.800,3779.0000,3837,0,13611780.000,0,-,-,-,-,3778.0000,3777.0000,3770.0000,3768.8000,3766.6000,3781.4000,3781.6000,3782.0000,3784.0000,3784.4000,2,1,5,3,1,1,1,1,1,1
SF,IF2012,2020-05-21 09:30:22.300,3779.0000,3837,0,13611780.000,0,-,-,-,-,3778.2000,3778.0000,3777.0000,3771.0000,3770.0000,3781.4000,3781.6000,3782.0000,3784.0000,3784.4000,1,2,1,1,5,1,1,1,1,1
SF,IF2012,2020-05-21 09:30:22.800,3779.0000,3837,0,13611780.000,0,-,-,-,-,3778.2000,3778.0000,3777.0000,3771.0000,3770.0000,3779.0000,3781.4000,3781.6000,3782.0000,3784.0000,1,2,1,1,5,1,1,1,1,1
SF,IF2012,2020-05-21 09:30:23.300,3779.0000,3836,-1,14745480.000,1,0,1,双平,S,3778.2000,3778.0000,3777.0000,3771.0000,3770.0000,3781.4000,3782.0000,3784.0000,3784.4000,3784.6000,1,2,1,1,5,1,1,1,1,1
SF,IF2012,2020-05-21 09:30:23.800,3779.0000,3836,0,14745480.000,0,-,-,-,-,3778.2000,3778.0000,3777.0000,3771.0000,3770.0000,3781.2000,3781.4000,3782.0000,3784.0000,3784.4000,1,2,1,1,5,1,1,1,1,1
SF,IF2012,2020-05-21 09:30:24.300,3779.0000,3836,0,14745480.000,0,-,-,-,-,3778.2000,3778.0000,3777.0000,3771.0000,3770.0000,3781.0000,3781.2000,3782.0000,3784.0000,3784.4000,1,2,1,1,5,2,1,1,1,1
SF,IF2012,2020-05-21 09:30:24.800,3779.0000,3836,0,14745480.000,0,-,-,-,-,3778.2000,3778.0000,3777.0000,3771.0000,3770.0000,3780.8000,3781.0000,3782.0000,3784.0000,3784.4000,1,2,1,1,5,1,3,1,1,1
SF,IF2012,2020-05-21 09:30:25.300,3779.0000,3836,0,14745480.000,0,-,-,-,-,3778.2000,3778.0000,3777.0000,3771.0000,3770.0000,3780.6000,3780.8000,3781.0000,3782.0000,3784.0000,1,2,1,1,5,1,1,2,1,1
SF,IF2012,2020-05-21 09:30:25.800,3779.0000,3836,0,14745480.000,0,-,-,-,-,3778.2000,3778.0000,3777.0000,3771.0000,3770.0000,3780.4000,3780.6000,3781.0000,3782.0000,3784.0000,1,2,1,1,5,1,1,2,1,1
SF,IF2012,2020-05-21 09:30:26.300,3779.0000,3836,0,14745480.000,0,-,-,-,-,3778.2000,3778.0000,3777.0000,3771.0000,3770.0000,3780.2000,3780.4000,3781.0000,3782.0000,3784.0000,1,2,1,1,5,1,1,2,1,1
SF,IF2012,2020-05-21 09:30:26.800,3779.0000,3836,0,14745480.000,0,-,-,-,-,3778.2000,3778.0000,3777.0000,3771.0000,3770.0000,3780.0000,3780.2000,3781.0000,3784.0000,3784.4000,1,2,1,1,5,1,1,2,1,1
SF,IF2012,2020-05-21 09:30:28.300,3779.0000,3836,0,14745480.000,0,-,-,-,-,3778.4000,3778.2000,3778.0000,3777.0000,3771.0000,3780.0000,3780.2000,3781.0000,3784.0000,3784.4000,1,1,2,1,1,1,1,2,1,1
SF,IF2012,2020-05-21 09:30:28.800,3779.0000,3836,0,14745480.000,0,-,-,-,-,3778.4000,3778.2000,3778.0000,3777.0000,3771.0000,3779.8000,3780.0000,3781.0000,3784.0000,3784.4000,1,1,2,1,1,1,1,2,1,1
SF,IF2012,2020-05-21 09:30:29.300,3779.0000,3836,0,14745480.000,0,-,-,-,-,3778.2000,3778.0000,3777.0000,3771.0000,3770.0000,3779.8000,3780.0000,3781.0000,3784.0000,3784.4000,1,2,1,1,5,1,1,2,1,1
SF,IF2012,2020-05-21 09:30:30.800,3779.8000,3835,-1,15879420.000,1,0,1,双平,S,3778.2000,3778.0000,3771.0000,3770.0000,3768.8000,3780.0000,3781.0000,3784.0000,3784.4000,3784.6000,1,2,1,5,3,1,2,1,1,1
SF,IF2012,2020-05-21 09:30:31.300,3779.8000,3835,0,15879420.000,0,-,-,-,-,3778.4000,3778.2000,3778.0000,3771.0000,3770.0000,3781.0000,3784.0000,3784.4000,3784.6000,3786.4000,1,1,2,1,5,2,1,1,1,3
SF,IF2012,2020-05-21 09:30:31.800,3779.8000,3835,0,15879420.000,0,-,-,-,-,3778.6000,3778.4000,3778.0000,3771.0000,3770.0000,3781.0000,3784.0000,3784.4000,3784.6000,3786.4000,1,1,2,1,5,1,1,1,1,3
SF,IF2012,2020-05-21 09:30:32.300,3779.8000,3835,0,15879420.000,0,-,-,-,-,3778.6000,3778.0000,3771.0000,3770.0000,3768.8000,3780.8000,3781.0000,3784.0000,3784.4000,3784.6000,1,2,1,5,3,1,1,1,1,1
SF,IF2012,2020-05-21 09:30:32.800,3779.8000,3835,0,15879420.000,0,-,-,-,-,3779.0000,3778.8000,3778.6000,3778.0000,3771.0000,3780.8000,3781.0000,3783.2000,3784.0000,3784.4000,1,1,1,2,1,1,1,1,1,1
SF,IF2012,2020-05-21 09:30:33.300,3779.8000,3835,0,15879420.000,0,-,-,-,-,3778.8000,3778.6000,3778.0000,3771.0000,3770.0000,3780.6000,3780.8000,3781.0000,3783.2000,3784.0000,1,1,2,1,5,1,1,1,1,1
SF,IF2012,2020-05-21 09:30:33.800,3779.8000,3835,0,15879420.000,0,-,-,-,-,3778.6000,3778.0000,3771.0000,3770.0000,3768.8000,3780.4000,3780.6000,3781.0000,3783.2000,3784.0000,1,2,1,5,3,1,1,1,1,1
SF,IF2012,2020-05-21 09:30:34.300,3779.8000,3835,0,15879420.000,0,-,-,-,-,3778.6000,3778.0000,3771.0000,3770.0000,3768.8000,3780.4000,3781.0000,3783.2000,3784.0000,3784.4000,1,2,1,5,3,1,1,1,1,1
SF,IF2012,2020-05-21 09:30:34.800,3779.8000,3835,0,15879420.000,0,-,-,-,-,3778.6000,3778.0000,3771.0000,3770.0000,3768.8000,3780.2000,3780.4000,3781.0000,3783.2000,3784.0000,1,2,1,5,3,1,1,1,1,1
SF,IF2012,2020-05-21 09:30:35.300,3779.8000,3835,0,15879420.000,0,-,-,-,-,3778.6000,3778.0000,3771.0000,3770.0000,3768.8000,3780.0000,3780.2000,3781.0000,3783.2000,3784.0000,1,2,1,5,3,1,1,1,1,1
SF,IF2012,2020-05-21 09:30:35.800,3779.8000,3835,0,15879420.000,0,-,-,-,-,3778.0000,3771.0000,3770.0000,3768.8000,3766.6000,3780.0000,3780.2000,3781.0000,3783.2000,3784.0000,2,1,5,3,1,1,1,1,1,1
SF,IF2012,2020-05-21 09:30:36.300,3779.8000,3835,0,15879420.000,0,-,-,-,-,3778.0000,3771.0000,3770.0000,3768.8000,3766.6000,3779.8000,3780.0000,3781.0000,3783.2000,3784.0000,2,1,5,3,1,1,1,1,1,1
SF,IF2012,2020-05-21 09:30:36.800,3779.8000,3835,0,15879420.000,0,-,-,-,-,3778.0000,3771.0000,3770.0000,3768.8000,3766.6000,3779.6000,3779.8000,3780.0000,3781.0000,3783.2000,2,1,5,3,1,1,1,1,1,1
SF,IF2012,2020-05-21 09:30:43.800,3779.8000,3835,0,15879420.000,0,-,-,-,-,3778.0000,3771.0000,3770.0000,3768.8000,3766.6000,3779.6000,3779.8000,3780.0000,3781.0000,3781.8000,2,1,5,3,1,1,1,1,1,3
SF,IF2012,2020-05-21 09:30:45.800,3779.8000,3835,0,15879420.000,0,-,-,-,-,3778.0000,3771.0000,3770.0000,3768.8000,3766.6000,3779.6000,3779.8000,3780.0000,3781.8000,3783.2000,2,1,5,3,1,1,1,1,3,1
SF,IF2012,2020-05-21 09:30:46.300,3779.8000,3835,0,15879420.000,0,-,-,-,-,3778.0000,3771.0000,3770.0000,3768.8000,3766.6000,3779.0000,3779.6000,3779.8000,3780.0000,3781.8000,2,1,5,3,1,1,1,1,1,3
SF,IF2012,2020-05-21 09:30:49.300,3778.0000,3835,0,17012820.000,1,0,1,多换,S,3778.0000,3771.0000,3770.0000,3768.8000,3766.6000,3779.0000,3779.6000,3779.8000,3780.0000,3781.8000,1,1,5,3,1,1,1,1,1,3
SF,IF2012,2020-05-21 09:30:49.800,3778.0000,3835,0,17012820.000,0,-,-,-,-,3778.0000,3771.0000,3770.0000,3768.8000,3766.6000,3779.0000,3779.6000,3780.0000,3781.8000,3783.2000,1,1,5,3,1,1,1,1,3,1
SF,IF2012,2020-05-21 09:30:54.300,3778.0000,3835,0,18146220.000,1,0,1,多换,S,3771.0000,3770.0000,3768.8000,3766.6000,3756.0000,3779.0000,3779.6000,3780.0000,3781.8000,3783.2000,1,5,3,1,1,1,1,1,3,1
SF,IF2012,2020-05-21 09:30:54.800,3778.0000,3835,0,18146220.000,0,-,-,-,-,3771.4000,3771.2000,3771.0000,3770.0000,3768.8000,3779.0000,3781.8000,3783.2000,3784.0000,3784.4000,7,2,1,5,3,1,3,1,1,1
SF,IF2012,2020-05-21 09:30:55.300,3778.0000,3835,0,18146220.000,0,-,-,-,-,3774.0000,3771.6000,3771.4000,3771.0000,3770.0000,3779.0000,3781.8000,3783.2000,3784.0000,3784.4000,1,2,7,1,5,1,3,1,1,1
SF,IF2012,2020-05-21 09:30:55.800,3778.0000,3835,0,18146220.000,0,-,-,-,-,3774.4000,3774.2000,3774.0000,3771.6000,3771.0000,3779.0000,3781.8000,3783.2000,3784.0000,3784.4000,7,2,1,1,1,1,3,1,1,1
SF,IF2012,2020-05-21 09:30:56.300,3778.0000,3835,0,18146220.000,0,-,-,-,-,3776.0000,3775.0000,3774.6000,3774.4000,3771.6000,3779.0000,3781.8000,3783.2000,3784.0000,3784.4000,1,1,2,7,1,1,3,1,1,1
SF,IF2012,2020-05-21 09:30:56.800,3778.0000,3835,0,18146220.000,0,-,-,-,-,3776.2000,3776.0000,3775.0000,3774.4000,3771.6000,3779.0000,3781.8000,3783.2000,3784.0000,3784.4000,2,1,1,7,1,1,3,1,1,1
SF,IF2012,2020-05-21 09:30:57.300,3778.0000,3835,0,18146220.000,0,-,-,-,-,3776.2000,3776.0000,3774.4000,3771.0000,3770.0000,3778.8000,3779.0000,3781.8000,3783.2000,3784.0000,2,1,7,1,5,1,1,3,1,1
SF,IF2012,2020-05-21 09:30:57.800,3778.0000,3835,0,18146220.000,0,-,-,-,-,3776.4000,3776.2000,3776.0000,3774.4000,3771.0000,3778.8000,3779.0000,3781.8000,3783.2000,3784.0000,1,2,1,7,1,1,1,3,1,1
SF,IF2012,2020-05-21 09:30:58.300,3778.0000,3835,0,18146220.000,0,-,-,-,-,3776.6000,3776.0000,3774.4000,3771.0000,3770.0000,3778.6000,3778.8000,3779.0000,3781.8000,3783.2000,2,1,7,1,5,1,1,1,3,1
SF,IF2012,2020-05-21 09:30:58.800,3778.0000,3835,0,18146220.000,0,-,-,-,-,3776.6000,3776.0000,3774.4000,3771.0000,3770.0000,3778.4000,3778.6000,3779.0000,3781.8000,3783.2000,1,1,7,1,5,1,1,1,3,1
SF,IF2012,2020-05-21 09:31:00.800,3778.0000,3835,0,18146220.000,0,-,-,-,-,3776.6000,3774.4000,3771.0000,3770.0000,3768.8000,3778.4000,3778.6000,3779.0000,3781.8000,3783.2000,1,7,1,5,3,1,1,1,3,1
SF,IF2012,2020-05-21 09:31:01.300,3778.0000,3835,0,18146220.000,0,-,-,-,-,3774.4000,3771.0000,3770.0000,3768.8000,3756.0000,3778.4000,3778.6000,3779.0000,3781.8000,3783.2000,7,1,5,3,1,1,1,1,3,1
SF,IF2012,2020-05-21 09:31:01.800,3778.0000,3835,0,18146220.000,0,-,-,-,-,3774.6000,3774.4000,3771.0000,3770.0000,3768.8000,3778.4000,3778.6000,3779.0000,3781.8000,3783.2000,2,7,1,5,3,1,1,1,3,1
SF,IF2012,2020-05-21 09:31:02.300,3778.0000,3835,0,18146220.000,0,-,-,-,-,3775.6000,3774.6000,3774.4000,3771.0000,3770.0000,3778.2000,3778.4000,3778.6000,3779.0000,3781.8000,1,2,7,1,5,1,1,1,1,3
SF,IF2012,2020-05-21 09:31:02.800,3778.0000,3835,0,18146220.000,0,-,-,-,-,3775.8000,3775.6000,3774.4000,3771.0000,3770.0000,3778.2000,3779.0000,3781.8000,3783.2000,3784.0000,3,1,7,1,5,1,1,3,1,1
SF,IF2012,2020-05-21 09:31:03.300,3778.0000,3835,0,18146220.000,0,-,-,-,-,3775.8000,3775.6000,3771.0000,3770.0000,3768.8000,3778.0000,3778.2000,3779.0000,3781.8000,3783.2000,4,1,1,5,3,1,1,1,3,1
SF,IF2012,2020-05-21 09:31:03.800,3778.0000,3835,0,18146220.000,0,-,-,-,-,3775.8000,3771.0000,3770.0000,3768.8000,3756.0000,3777.8000,3778.0000,3779.0000,3781.8000,3783.2000,4,1,5,3,1,1,1,1,3,1
SF,IF2012,2020-05-21 09:31:04.300,3778.0000,3835,0,18146220.000,0,-,-,-,-,3775.8000,3771.0000,3770.0000,3768.8000,3756.0000,3777.6000,3777.8000,3779.0000,3781.8000,3783.2000,2,1,5,3,1,1,1,1,3,1
SF,IF2012,2020-05-21 09:31:04.800,3778.0000,3835,0,18146220.000,0,-,-,-,-,3776.0000,3775.8000,3771.0000,3770.0000,3763.6000,3777.6000,3777.8000,3779.0000,3781.8000,3783.2000,1,2,1,5,3,1,1,1,3,1
SF,IF2012,2020-05-21 09:31:05.300,3778.0000,3835,0,18146220.000,0,-,-,-,-,3776.0000,3775.8000,3771.0000,3770.2000,3770.0000,3777.6000,3777.8000,3779.0000,3781.8000,3783.2000,1,2,1,3,5,1,1,1,3,1
SF,IF2012,2020-05-21 09:31:05.800,3778.0000,3835,0,18146220.000,0,-,-,-,-,3776.0000,3775.8000,3771.0000,3770.2000,3770.0000,3777.6000,3777.8000,3779.0000,3781.8000,3783.2000,1,2,1,3,5,1,1,1,3,1
SF,IF2012,2020-05-21 09:31:06.300,3778.0000,3835,0,18146220.000,0,-,-,-,-,3775.8000,3771.0000,3770.2000,3770.0000,3763.6000,3777.6000,3777.8000,3779.0000,3781.8000,3783.2000,2,1,3,5,3,1,1,1,3,1
SF,IF2012,2020-05-21 09:31:06.800,3778.0000,3835,0,18146220.000,0,-,-,-,-,3775.8000,3771.0000,3770.2000,3770.0000,3763.6000,3777.4000,3777.6000,3777.8000,3779.0000,3781.8000,2,1,3,5,3,1,1,1,1,3
SF,IF2012,2020-05-21 09:31:07.300,3778.0000,3835,0,18146220.000,0,-,-,-,-,3775.8000,3771.0000,3770.2000,3770.0000,3763.6000,3777.2000,3777.4000,3777.8000,3779.0000,3781.8000,2,1,3,5,3,1,1,1,1,3
SF,IF2012,2020-05-21 09:31:08.300,3778.0000,3835,0,18146220.000,0,-,-,-,-,3775.8000,3771.0000,3770.2000,3770.0000,3763.6000,3777.2000,3777.4000,3777.8000,3778.0000,3781.8000,2,1,3,5,3,1,1,1,1,3
SF,IF2012,2020-05-21 09:31:08.800,3778.0000,3835,0,18146220.000,0,-,-,-,-,3775.8000,3771.0000,3770.2000,3770.0000,3763.6000,3777.2000,3777.8000,3778.0000,3781.8000,3783.2000,2,1,3,5,3,1,1,1,3,1
SF,IF2012,2020-05-21 09:31:09.300,3778.0000,3835,0,18146220.000,0,-,-,-,-,3776.0000,3775.8000,3771.0000,3770.2000,3770.0000,3777.2000,3777.8000,3778.0000,3781.8000,3783.2000,1,2,1,3,5,1,1,1,3,1
SF,IF2012,2020-05-21 09:31:11.800,3777.2000,3834,-1,19279380.000,1,0,1,双平,S,3776.0000,3775.8000,3771.0000,3770.2000,3770.0000,3777.8000,3778.0000,3781.8000,3783.2000,3784.0000,1,2,1,3,5,1,1,3,1,1
SF,IF2012,2020-05-21 09:31:12.300,3777.2000,3834,0,19279380.000,0,-,-,-,-,3776.2000,3776.0000,3775.8000,3771.0000,3770.2000,3777.8000,3778.0000,3781.8000,3783.2000,3784.0000,1,1,1,1,3,1,1,3,1,1
SF,IF2012,2020-05-21 09:31:12.800,3777.8000,3834,0,20412720.000,1,0,1,多换,S,3776.2000,3776.0000,3775.8000,3771.0000,3770.2000,3778.0000,3781.8000,3783.2000,3784.0000,3784.4000,2,1,1,1,3,1,3,1,1,1
SF,IF2012,2020-05-21 09:31:13.300,3777.8000,3834,0,20412720.000,0,-,-,-,-,3776.4000,3776.2000,3776.0000,3775.8000,3771.0000,3778.0000,3781.8000,3783.2000,3784.0000,3784.4000,1,2,1,1,1,1,3,1,1,1
SF,IF2012,2020-05-21 09:31:13.800,3778.0000,3833,-1,21546120.000,1,0,1,双平,S,3776.6000,3776.4000,3776.2000,3776.0000,3775.8000,3781.8000,3783.2000,3784.0000,3784.4000,3784.6000,1,1,1,1,1,3,1,1,1,1
SF,IF2012,2020-05-21 09:31:14.300,3778.0000,3833,0,21546120.000,0,-,-,-,-,3777.8000,3776.8000,3776.6000,3776.2000,3776.0000,3781.6000,3781.8000,3783.2000,3784.0000,3784.4000,2,3,1,1,1,3,3,1,1,1
SF,IF2012,2020-05-21 09:31:14.800,3778.0000,3833,0,21546120.000,0,-,-,-,-,3778.0000,3777.8000,3776.8000,3776.2000,3775.8000,3779.8000,3781.6000,3781.8000,3783.2000,3784.0000,2,2,2,1,1,1,2,3,1,1
SF,IF2012,2020-05-21 09:31:15.300,3778.0000,3833,0,21546120.000,0,-,-,-,-,3778.0000,3777.8000,3777.6000,3776.8000,3776.2000,3779.6000,3781.6000,3781.8000,3783.2000,3784.0000,2,2,1,1,1,1,1,3,1,1
SF,IF2012,2020-05-21 09:31:15.800,3778.0000,3833,0,21546120.000,0,-,-,-,-,3778.2000,3778.0000,3777.8000,3776.8000,3776.2000,3779.6000,3781.6000,3781.8000,3783.2000,3784.0000,1,2,2,1,1,1,1,3,1,1
SF,IF2012,2020-05-21 09:31:17.300,3778.2000,3832,-1,22679580.000,1,0,1,双平,S,3778.0000,3777.8000,3776.8000,3776.2000,3775.8000,3778.2000,3779.6000,3781.6000,3781.8000,3783.2000,2,2,1,1,1,2,1,1,3,1
SF,IF2012,2020-05-21 09:31:17.800,3778.2000,3830,-2,24946500.000,2,0,2,双平,S,3778.0000,3777.8000,3776.8000,3776.2000,3775.8000,3779.6000,3781.6000,3781.8000,3783.2000,3784.0000,1,2,1,1,1,1,1,3,1,1
SF,IF2012,2020-05-21 09:31:18.300,3778.2000,3830,0,24946500.000,0,-,-,-,-,3778.0000,3777.8000,3776.8000,3776.2000,3775.8000,3779.6000,3781.6000,3781.8000,3783.2000,3784.0000,1,2,1,1,1,1,1,3,1,1
SF,IF2012,2020-05-21 09:31:18.800,3778.2000,3830,0,24946500.000,0,-,-,-,-,3778.0000,3777.8000,3776.8000,3775.8000,3774.0000,3779.6000,3781.6000,3781.8000,3783.2000,3784.0000,1,2,1,1,5,1,1,3,1,1
SF,IF2012,2020-05-21 09:31:20.300,3778.2000,3830,0,24946500.000,0,-,-,-,-,3778.0000,3777.8000,3776.8000,3775.8000,3774.0000,3779.6000,3781.6000,3781.8000,3783.2000,3784.0000,1,2,1,1,5,1,1,3,1,1
SF,IF2012,2020-05-21 09:31:21.300,3778.2000,3830,0,24946500.000,0,-,-,-,-,3778.4000,3778.0000,3777.8000,3776.8000,3775.8000,3779.6000,3781.6000,3781.8000,3783.2000,3784.0000,1,1,2,1,1,1,1,3,1,1
SF,IF2012,2020-05-21 09:31:22.800,3778.2000,3830,0,24946500.000,0,-,-,-,-,3778.4000,3778.0000,3777.8000,3776.8000,3775.8000,3779.6000,3781.6000,3783.2000,3784.0000,3784.4000,1,1,2,1,1,1,1,1,1,1
SF,IF2012,2020-05-21 09:31:23.800,3778.2000,3830,0,24946500.000,0,-,-,-,-,3778.4000,3778.0000,3777.8000,3776.8000,3774.0000,3779.6000,3781.6000,3783.2000,3784.0000,3784.4000,1,1,2,1,5,1,1,1,1,1
SF,IF2012,2020-05-21 09:31:26.300,3778.2000,3830,0,24946500.000,0,-,-,-,-,3778.4000,3778.0000,3777.8000,3776.8000,3774.4000,3779.6000,3781.6000,3783.2000,3784.0000,3784.4000,1,1,2,1,1,1,1,1,1,1
SF,IF2012,2020-05-21 09:31:30.300,3778.2000,3830,0,24946500.000,0,-,-,-,-,3778.8000,3778.4000,3778.0000,3777.8000,3776.8000,3779.6000,3781.6000,3783.2000,3784.0000,3784.4000,1,1,1,2,1,1,1,1,1,1
SF,IF2012,2020-05-21 09:31:30.800,3778.2000,3830,0,24946500.000,0,-,-,-,-,3778.8000,3778.4000,3778.0000,3777.8000,3776.8000,3781.6000,3783.2000,3784.0000,3784.4000,3784.6000,1,1,1,2,1,1,1,1,1,1
SF,IF2012,2020-05-21 09:31:31.300,3778.2000,3830,0,24946500.000,0,-,-,-,-,3779.0000,3778.8000,3778.4000,3777.8000,3776.8000,3783.2000,3784.0000,3784.4000,3784.6000,3785.8000,2,1,1,2,1,1,1,1,1,3
SF,IF2012,2020-05-21 09:31:31.800,3778.2000,3830,0,24946500.000,0,-,-,-,-,3779.2000,3779.0000,3778.8000,3778.4000,3777.8000,3781.2000,3783.0000,3783.2000,3784.0000,3784.4000,1,2,1,1,2,1,2,1,1,1
SF,IF2012,2020-05-21 09:31:32.300,3778.2000,3830,0,24946500.000,0,-,-,-,-,3779.4000,3779.2000,3778.8000,3778.4000,3777.8000,3783.0000,3783.2000,3784.0000,3784.4000,3784.6000,2,1,1,1,2,2,1,1,1,1
SF,IF2012,2020-05-21 09:31:32.800,3778.2000,3830,0,24946500.000,0,-,-,-,-,3779.4000,3779.2000,3778.8000,3778.4000,3777.8000,3782.8000,3783.0000,3783.2000,3784.0000,3784.4000,2,1,1,1,2,1,2,1,1,1
SF,IF2012,2020-05-21 09:31:33.300,3778.2000,3830,0,24946500.000,0,-,-,-,-,3779.6000,3779.4000,3778.8000,3778.4000,3777.8000,3782.6000,3782.8000,3783.0000,3783.2000,3784.0000,1,2,1,1,2,2,1,1,1,1
SF,IF2012,2020-05-21 09:31:33.800,3778.2000,3830,0,24946500.000,0,-,-,-,-,3779.8000,3779.6000,3778.8000,3778.4000,3777.8000,3782.6000,3783.2000,3784.0000,3784.4000,3784.6000,2,1,1,1,2,2,1,1,1,1
SF,IF2012,2020-05-21 09:31:34.300,3778.2000,3830,0,24946500.000,0,-,-,-,-,3779.8000,3779.6000,3778.8000,3778.4000,3777.8000,3782.4000,3782.6000,3783.2000,3784.0000,3784.4000,3,1,1,1,2,1,1,1,1,1
SF,IF2012,2020-05-21 09:31:34.800,3778.2000,3830,0,24946500.000,0,-,-,-,-,3779.8000,3779.6000,3778.8000,3778.4000,3777.8000,3782.2000,3782.4000,3783.2000,3784.0000,3784.4000,3,1,1,1,2,1,2,1,1,1
SF,IF2012,2020-05-21 09:31:35.300,3778.2000,3830,0,24946500.000,0,-,-,-,-,3779.8000,3778.8000,3778.4000,3777.8000,3776.8000,3782.0000,3782.2000,3782.4000,3783.2000,3784.0000,3,1,1,2,1,1,1,1,1,1
SF,IF2012,2020-05-21 09:31:35.800,3778.2000,3830,0,24946500.000,0,-,-,-,-,3779.8000,3778.8000,3778.4000,3777.8000,3776.8000,3781.8000,3782.0000,3782.4000,3783.2000,3784.0000,2,1,1,2,1,1,2,1,1,1
SF,IF2012,2020-05-21 09:31:36.300,3778.2000,3830,0,24946500.000,0,-,-,-,-,3779.8000,3778.8000,3778.4000,3777.8000,3776.8000,3781.6000,3781.8000,3782.0000,3782.4000,3783.2000,2,1,1,2,1,1,1,1,1,1
SF,IF2012,2020-05-21 09:31:36.800,3778.2000,3830,0,24946500.000,0,-,-,-,-,3779.8000,3778.8000,3778.4000,3777.8000,3776.8000,3781.4000,3781.6000,3781.8000,3782.0000,3782.4000,2,1,1,2,1,1,1,1,1,1
SF,IF2012,2020-05-21 09:31:37.300,3781.2000,3830,0,26080860.000,1,0,1,多换,S,3779.8000,3778.8000,3778.4000,3777.8000,3776.8000,3781.4000,3781.8000,3782.0000,3782.4000,3783.2000,2,1,1,2,1,1,1,1,1,1
SF,IF2012,2020-05-21 09:31:37.800,3779.8000,3829,-1,27214800.000,1,0,1,双平,S,3779.8000,3778.8000,3778.4000,3777.8000,3776.8000,3781.2000,3781.4000,3781.8000,3782.0000,3782.4000,1,1,1,2,1,1,1,1,1,1
SF,IF2012,2020-05-21 09:31:38.300,3779.8000,3829,0,27214800.000,0,-,-,-,-,3779.0000,3778.8000,3778.4000,3777.8000,3776.8000,3781.0000,3781.2000,3781.4000,3781.8000,3782.0000,1,1,1,2,1,1,1,1,1,1
SF,IF2012,2020-05-21 09:31:38.800,3779.8000,3829,0,27214800.000,0,-,-,-,-,3779.2000,3779.0000,3778.8000,3778.4000,3777.8000,3781.0000,3781.4000,3781.8000,3782.0000,3782.4000,2,1,1,1,2,1,1,1,1,1
SF,IF2012,2020-05-21 09:31:39.300,3779.8000,3829,0,27214800.000,0,-,-,-,-,3779.2000,3778.8000,3778.4000,3777.8000,3776.8000,3780.8000,3781.0000,3781.4000,3781.8000,3782.0000,2,1,1,2,1,2,1,1,1,1
SF,IF2012,2020-05-21 09:31:40.300,3779.8000,3829,0,27214800.000,0,-,-,-,-,3779.2000,3778.8000,3778.4000,3778.0000,3777.8000,3780.8000,3781.0000,3781.4000,3781.8000,3782.0000,2,1,1,1,2,2,1,1,1,1
SF,IF2012,2020-05-21 09:31:41.300,3779.8000,3829,0,27214800.000,0,-,-,-,-,3779.2000,3778.8000,3778.4000,3778.0000,3777.8000,3780.8000,3781.0000,3781.4000,3781.8000,3782.0000,2,1,1,1,2,2,1,1,1,1
SF,IF2012,2020-05-21 09:31:41.800,3779.8000,3829,0,27214800.000,0,-,-,-,-,3779.2000,3778.8000,3778.4000,3778.0000,3777.8000,3780.8000,3781.0000,3781.4000,3781.8000,3782.0000,2,1,1,1,2,1,1,1,1,1
SF,IF2012,2020-05-21 09:31:42.300,3779.8000,3829,0,27214800.000,0,-,-,-,-,3779.2000,3778.8000,3778.4000,3778.0000,3777.8000,3780.6000,3780.8000,3781.0000,3781.4000,3781.8000,2,1,1,1,2,1,1,1,1,1
SF,IF2012,2020-05-21 09:31:42.800,3779.8000,3829,0,27214800.000,0,-,-,-,-,3779.2000,3778.8000,3778.4000,3778.0000,3777.8000,3780.6000,3781.0000,3781.4000,3781.8000,3782.0000,1,1,1,1,2,1,1,1,1,1
SF,IF2012,2020-05-21 09:31:44.800,3779.2000,3828,-1,28348560.000,1,0,1,双平,S,3778.8000,3778.0000,3777.8000,3776.8000,3774.4000,3780.6000,3781.0000,3781.4000,3781.8000,3782.0000,1,1,2,1,1,1,1,1,1,1
SF,IF2012,2020-05-21 09:31:45.300,3779.2000,3828,0,28348560.000,0,-,-,-,-,3779.6000,3778.8000,3778.0000,3777.8000,3776.8000,3780.4000,3780.6000,3781.0000,3781.4000,3781.8000,1,1,1,2,1,1,1,1,3,1
SF,IF2012,2020-05-21 09:31:45.800,3779.4000,3828,0,29482380.000,1,0,1,多换,S,3778.8000,3777.8000,3776.8000,3774.4000,3774.0000,3780.2000,3780.4000,3780.6000,3781.0000,3781.4000,1,2,1,1,5,1,1,1,1,3
SF,IF2012,2020-05-21 09:31:46.300,3779.4000,3828,0,29482380.000,0,-,-,-,-,3778.8000,3777.8000,3776.8000,3774.4000,3774.0000,3780.2000,3780.6000,3781.0000,3781.4000,3781.8000,1,2,1,1,5,1,1,1,3,1
SF,IF2012,2020-05-21 09:31:46.800,3779.4000,3828,0,29482380.000,0,-,-,-,-,3778.8000,3777.8000,3776.8000,3774.4000,3774.0000,3780.0000,3780.2000,3780.6000,3781.0000,3781.4000,1,2,1,1,5,1,1,1,1,3
SF,IF2012,2020-05-21 09:31:47.800,3779.4000,3828,0,29482380.000,0,-,-,-,-,3778.8000,3777.8000,3776.8000,3774.4000,3774.0000,3779.8000,3780.0000,3780.2000,3780.6000,3781.0000,1,2,1,1,5,1,1,1,1,1
SF,IF2012,2020-05-21 09:31:48.300,3779.4000,3828,0,29482380.000,0,-,-,-,-,3778.8000,3777.8000,3776.8000,3774.4000,3774.0000,3779.8000,3780.0000,3780.2000,3781.0000,3781.4000,1,2,1,1,5,1,1,1,1,3
SF,IF2012,2020-05-21 09:31:48.800,3779.4000,3828,0,29482380.000,0,-,-,-,-,3778.8000,3777.8000,3776.8000,3774.4000,3774.0000,3779.8000,3780.0000,3780.2000,3781.0000,3781.4000,1,2,1,1,5,1,1,1,1,3
SF,IF2012,2020-05-21 09:31:49.300,3779.4000,3828,0,29482380.000,0,-,-,-,-,3778.8000,3777.8000,3776.8000,3774.4000,3774.0000,3779.8000,3780.0000,3780.2000,3781.0000,3781.4000,1,2,1,1,5,1,1,1,1,2
SF,IF2012,2020-05-21 09:31:49.800,3778.8000,3828,0,30616020.000,1,0,1,多换,S,3777.8000,3776.8000,3774.4000,3774.0000,3771.0000,3779.8000,3780.0000,3780.2000,3781.0000,3781.4000,2,1,1,5,1,1,1,1,1,2
SF,IF2012,2020-05-21 09:31:50.300,3778.8000,3828,0,30616020.000,0,-,-,-,-,3778.0000,3777.8000,3776.8000,3774.4000,3774.0000,3779.8000,3780.2000,3781.0000,3781.4000,3781.8000,1,2,1,1,5,1,1,1,2,1
SF,IF2012,2020-05-21 09:31:50.800,3778.8000,3828,0,30616020.000,0,-,-,-,-,3778.0000,3777.8000,3776.8000,3774.4000,3774.0000,3779.6000,3779.8000,3780.2000,3781.0000,3781.4000,1,2,1,1,5,1,1,1,1,2
SF,IF2012,2020-05-21 09:31:51.300,3778.8000,3828,0,30616020.000,0,-,-,-,-,3778.0000,3777.8000,3776.8000,3774.4000,3774.0000,3779.6000,3779.8000,3780.2000,3781.4000,3781.8000,1,2,1,1,5,1,1,1,2,1
SF,IF2012,2020-05-21 09:31:52.300,3778.8000,3828,0,30616020.000,0,-,-,-,-,3778.0000,3777.8000,3776.8000,3774.4000,3774.0000,3779.6000,3779.8000,3781.4000,3781.8000,3783.2000,1,2,1,1,5,1,1,2,1,1
SF,IF2012,2020-05-21 09:31:53.800,3778.8000,3828,0,30616020.000,0,-,-,-,-,3778.0000,3777.8000,3776.8000,3774.4000,3774.0000,3779.6000,3781.4000,3781.8000,3783.2000,3784.4000,1,2,1,1,5,1,2,1,1,1
SF,IF2012,2020-05-21 09:31:55.300,3778.8000,3828,0,30616020.000,0,-,-,-,-,3778.0000,3776.8000,3774.4000,3774.0000,3771.0000,3779.4000,3779.6000,3781.4000,3781.8000,3783.2000,1,1,1,5,1,1,1,2,1,1
SF,IF2012,2020-05-21 09:31:55.800,3778.8000,3828,0,30616020.000,0,-,-,-,-,3776.8000,3774.4000,3774.0000,3771.0000,3770.2000,3779.4000,3781.4000,3781.8000,3783.2000,3784.4000,1,1,5,1,3,1,2,1,1,1
SF,IF2012,2020-05-21 09:31:56.300,3778.8000,3828,0,30616020.000,0,-,-,-,-,3777.0000,3774.4000,3774.0000,3771.0000,3770.2000,3779.2000,3781.4000,3781.8000,3783.2000,3784.4000,1,1,5,1,3,1,2,1,1,1
SF,IF2012,2020-05-21 09:31:57.800,3778.8000,3828,0,30616020.000,0,-,-,-,-,3777.2000,3777.0000,3774.4000,3774.0000,3771.0000,3779.2000,3781.4000,3781.8000,3783.2000,3784.4000,1,1,1,5,1,1,2,1,1,1
SF,IF2012,2020-05-21 09:31:58.300,3779.2000,3827,-1,31749780.000,1,0,1,双平,S,3777.4000,3777.2000,3774.4000,3774.0000,3771.0000,3781.4000,3781.8000,3783.2000,3784.4000,3785.8000,2,1,1,5,1,2,1,1,1,3
SF,IF2012,2020-05-21 09:31:58.800,3779.2000,3827,0,31749780.000,0,-,-,-,-,3779.2000,3777.4000,3774.4000,3774.0000,3771.0000,3781.2000,3781.4000,3781.8000,3783.2000,3784.4000,1,2,1,5,1,1,2,1,1,1
SF,IF2012,2020-05-21 09:31:59.300,3779.2000,3827,0,31749780.000,0,-,-,-,-,3779.4000,3779.2000,3777.4000,3774.4000,3774.0000,3781.2000,3781.4000,3781.8000,3783.2000,3784.4000,1,1,1,1,5,1,2,1,1,1
SF,IF2012,2020-05-21 09:31:59.800,3779.2000,3827,0,31749780.000,0,-,-,-,-,3779.4000,3777.4000,3774.4000,3774.0000,3771.0000,3781.2000,3781.4000,3781.8000,3783.2000,3784.4000,1,1,1,5,1,1,2,1,1,1
SF,IF2012,2020-05-21 09:32:00.300,3779.2000,3827,0,31749780.000,0,-,-,-,-,3779.4000,3777.4000,3774.4000,3774.0000,3771.0000,3781.0000,3781.2000,3781.4000,3781.8000,3783.2000,1,1,1,5,1,1,1,2,1,1
SF,IF2012,2020-05-21 09:32:00.800,3779.2000,3827,0,31749780.000,0,-,-,-,-,3779.4000,3777.4000,3774.4000,3774.0000,3771.0000,3780.8000,3781.2000,3781.4000,3781.8000,3783.2000,1,1,1,5,1,3,1,2,1,1
SF,IF2012,2020-05-21 09:32:01.300,3779.2000,3827,0,31749780.000,0,-,-,-,-,3777.4000,3774.4000,3774.0000,3771.0000,3770.2000,3780.8000,3781.2000,3781.4000,3781.8000,3783.2000,1,1,5,1,3,3,1,2,1,1
SF,IF2012,2020-05-21 09:32:01.800,3779.2000,3827,0,31749780.000,0,-,-,-,-,3777.6000,3777.4000,3774.4000,3774.0000,3771.0000,3780.8000,3781.4000,3781.8000,3783.2000,3784.4000,1,1,1,5,1,1,2,1,1,1
SF,IF2012,2020-05-21 09:32:02.300,3779.2000,3827,0,31749780.000,0,-,-,-,-,3777.6000,3774.4000,3774.0000,3771.0000,3770.2000,3780.8000,3781.4000,3781.8000,3783.2000,3784.4000,1,1,5,1,3,1,2,1,1,1
SF,IF2012,2020-05-21 09:32:03.300,3779.2000,3827,0,31749780.000,0,-,-,-,-,3778.0000,3777.6000,3774.4000,3774.0000,3771.0000,3781.4000,3781.8000,3783.2000,3784.4000,3785.8000,1,1,1,5,1,2,1,1,1,3
SF,IF2012,2020-05-21 09:32:03.800,3779.2000,3827,0,31749780.000,0,-,-,-,-,3778.2000,3778.0000,3774.4000,3774.0000,3771.0000,3781.4000,3781.8000,3783.2000,3784.4000,3785.8000,1,1,1,5,1,2,1,1,1,3
SF,IF2012,2020-05-21 09:32:04.300,3779.2000,3827,0,31749780.000,0,-,-,-,-,3778.2000,3778.0000,3774.4000,3774.0000,3771.0000,3781.2000,3781.4000,3781.8000,3783.2000,3784.4000,1,1,1,5,1,1,2,1,1,1
SF,IF2012,2020-05-21 09:32:04.800,3779.2000,3827,0,31749780.000,0,-,-,-,-,3778.2000,3774.4000,3774.0000,3771.0000,3770.2000,3781.0000,3781.2000,3781.4000,3781.8000,3783.2000,1,1,5,1,3,1,1,2,1,1
SF,IF2012,2020-05-21 09:32:05.300,3779.2000,3827,0,31749780.000,0,-,-,-,-,3778.4000,3778.2000,3774.4000,3774.0000,3771.0000,3781.4000,3781.8000,3783.2000,3784.4000,3785.8000,1,1,1,5,1,2,1,1,1,3
SF,IF2012,2020-05-21 09:32:05.800,3779.2000,3827,0,31749780.000,0,-,-,-,-,3778.6000,3778.4000,3774.4000,3774.0000,3771.0000,3781.4000,3781.8000,3783.2000,3784.4000,3785.8000,1,1,1,5,1,2,1,1,1,3
SF,IF2012,2020-05-21 09:32:06.300,3779.2000,3827,0,31749780.000,0,-,-,-,-,3778.6000,3774.4000,3774.0000,3771.0000,3770.2000,3781.4000,3781.8000,3783.2000,3784.4000,3785.8000,2,1,5,1,3,2,1,1,1,3
SF,IF2012,2020-05-21 09:32:06.800,3779.2000,3827,0,31749780.000,0,-,-,-,-,3778.8000,3778.6000,3776.8000,3774.4000,3774.0000,3781.2000,3781.4000,3781.8000,3783.2000,3784.4000,2,2,1,1,5,1,2,1,1,1
SF,IF2012,2020-05-21 09:32:07.300,3779.2000,3827,0,31749780.000,0,-,-,-,-,3779.0000,3778.8000,3776.8000,3774.4000,3774.0000,3781.2000,3781.4000,3781.8000,3783.2000,3784.4000,1,2,1,1,5,2,2,1,1,1
SF,IF2012,2020-05-21 09:32:07.800,3779.2000,3827,0,31749780.000,0,-,-,-,-,3779.2000,3779.0000,3776.8000,3774.4000,3774.0000,3781.0000,3781.2000,3781.4000,3781.8000,3783.2000,1,1,1,1,5,1,2,2,1,1
SF,IF2012,2020-05-21 09:32:08.300,3779.2000,3827,0,31749780.000,0,-,-,-,-,3779.2000,3779.0000,3776.8000,3774.4000,3774.0000,3780.8000,3781.0000,3781.2000,3781.4000,3781.8000,1,1,1,1,5,3,1,1,2,1
SF,IF2012,2020-05-21 09:32:08.800,3779.2000,3827,0,31749780.000,0,-,-,-,-,3779.2000,3779.0000,3776.8000,3774.4000,3774.0000,3780.6000,3780.8000,3781.2000,3781.4000,3781.8000,1,1,1,1,5,1,3,1,2,1
SF,IF2012,2020-05-21 09:32:09.300,3779.2000,3827,0,31749780.000,0,-,-,-,-,3779.0000,3778.8000,3776.8000,3774.4000,3774.0000,3780.4000,3780.6000,3780.8000,3781.2000,3781.4000,1,1,1,1,5,2,1,1,1,2
SF,IF2012,2020-05-21 09:32:09.800,3779.2000,3827,0,31749780.000,0,-,-,-,-,3778.8000,3776.8000,3774.4000,3774.0000,3771.0000,3780.4000,3780.6000,3780.8000,3781.2000,3781.4000,1,1,1,5,1,2,1,1,1,2
SF,IF2012,2020-05-21 09:32:10.300,3779.2000,3827,0,31749780.000,0,-,-,-,-,3778.8000,3776.8000,3774.4000,3774.0000,3771.0000,3780.2000,3780.4000,3780.8000,3781.2000,3781.4000,1,1,1,5,1,2,2,1,1,2
SF,IF2012,2020-05-21 09:32:10.800,3779.2000,3827,0,31749780.000,0,-,-,-,-,3778.8000,3776.8000,3774.4000,3774.0000,3771.0000,3780.0000,3780.2000,3780.8000,3781.2000,3781.4000,1,1,1,5,1,2,2,1,1,2
SF,IF2012,2020-05-21 09:32:11.300,3779.2000,3827,0,31749780.000,0,-,-,-,-,3778.8000,3776.8000,3774.4000,3774.0000,3771.0000,3780.0000,3780.2000,3780.8000,3781.4000,3781.8000,1,1,1,5,1,2,2,1,2,1
SF,IF2012,2020-05-21 09:32:11.800,3779.2000,3827,0,31749780.000,0,-,-,-,-,3778.8000,3776.8000,3774.4000,3774.0000,3771.0000,3780.0000,3780.2000,3781.4000,3781.8000,3783.2000,1,1,1,5,1,2,1,2,1,1
SF,IF2012,2020-05-21 09:32:12.300,3779.2000,3827,0,31749780.000,0,-,-,-,-,3778.8000,3776.8000,3774.4000,3774.0000,3771.0000,3780.0000,3781.4000,3781.8000,3783.2000,3784.4000,1,1,1,5,1,1,2,1,1,1
SF,IF2012,2020-05-21 09:32:12.800,3779.2000,3827,0,31749780.000,0,-,-,-,-,3778.8000,3776.8000,3774.4000,3774.0000,3771.0000,3779.8000,3780.0000,3781.4000,3781.8000,3783.2000,1,1,1,5,1,1,1,2,1,1
SF,IF2012,2020-05-21 09:32:13.800,3779.2000,3827,0,31749780.000,0,-,-,-,-,3778.8000,3776.8000,3774.4000,3774.0000,3771.0000,3779.8000,3780.0000,3781.4000,3781.8000,3783.2000,1,1,1,5,1,1,1,2,1,1
SF,IF2012,2020-05-21 09:32:15.300,3778.8000,3827,0,32883420.000,1,0,1,多换,S,3776.8000,3774.4000,3774.0000,3771.0000,3770.2000,3779.8000,3780.0000,3781.4000,3781.8000,3783.2000,1,1,5,1,3,1,1,2,1,1
SF,IF2012,2020-05-21 09:32:15.800,3778.8000,3827,0,32883420.000,0,-,-,-,-,3777.0000,3776.8000,3774.4000,3774.0000,3771.0000,3779.6000,3781.4000,3781.8000,3783.2000,3784.4000,2,1,1,5,1,1,2,1,1,1
SF,IF2012,2020-05-21 09:32:16.800,3778.8000,3827,0,32883420.000,0,-,-,-,-,3777.2000,3777.0000,3776.8000,3774.4000,3774.0000,3779.6000,3781.4000,3781.8000,3783.2000,3784.4000,2,2,1,1,5,1,2,1,1,1
SF,IF2012,2020-05-21 09:32:17.300,3778.8000,3827,0,32883420.000,0,-,-,-,-,3777.4000,3777.2000,3776.8000,3774.4000,3774.0000,3779.4000,3779.6000,3781.0000,3781.4000,3781.8000,2,2,1,1,5,1,1,2,2,1
SF,IF2012,2020-05-21 09:32:17.800,3778.8000,3827,0,32883420.000,0,-,-,-,-,3777.6000,3777.4000,3777.2000,3776.8000,3774.4000,3779.2000,3779.4000,3781.0000,3781.4000,3781.8000,1,2,1,1,1,2,1,2,2,1
SF,IF2012,2020-05-21 09:32:18.300,3778.8000,3827,0,32883420.000,0,-,-,-,-,3777.8000,3777.4000,3777.2000,3776.8000,3774.4000,3779.0000,3779.2000,3779.4000,3781.0000,3781.4000,1,2,1,1,1,1,2,1,2,2
SF,IF2012,2020-05-21 09:32:18.800,3778.8000,3827,0,32883420.000,0,-,-,-,-,3777.4000,3777.2000,3776.8000,3774.4000,3774.0000,3779.0000,3779.2000,3781.0000,3781.4000,3781.8000,2,1,1,1,5,1,1,2,2,1
SF,IF2012,2020-05-21 09:32:19.300,3778.8000,3827,0,32883420.000,0,-,-,-,-,3777.6000,3777.4000,3777.2000,3776.8000,3774.4000,3778.8000,3779.0000,3781.0000,3781.4000,3781.8000,1,2,1,1,1,1,1,2,2,1
SF,IF2012,2020-05-21 09:32:19.800,3778.8000,3827,0,32883420.000,0,-,-,-,-,3777.4000,3777.2000,3776.8000,3774.4000,3774.0000,3778.6000,3778.8000,3779.0000,3781.0000,3781.4000,1,1,1,1,5,1,2,1,2,2
SF,IF2012,2020-05-21 09:32:20.300,3778.8000,3827,0,32883420.000,0,-,-,-,-,3777.4000,3777.2000,3776.8000,3774.4000,3774.0000,3778.6000,3778.8000,3779.0000,3781.0000,3781.4000,1,1,1,1,5,1,1,1,2,2
SF,IF2012,2020-05-21 09:32:20.800,3778.8000,3827,0,32883420.000,0,-,-,-,-,3777.2000,3776.8000,3774.4000,3774.0000,3771.0000,3778.4000,3778.6000,3778.8000,3779.0000,3779.8000,1,1,1,5,1,1,1,1,1,3
SF,IF2012,2020-05-21 09:32:21.300,3778.8000,3827,0,32883420.000,0,-,-,-,-,3777.2000,3776.8000,3774.4000,3774.0000,3771.0000,3778.6000,3778.8000,3779.8000,3781.0000,3781.4000,1,1,1,5,1,1,1,3,2,2
SF,IF2012,2020-05-21 09:32:21.800,3778.8000,3827,0,32883420.000,0,-,-,-,-,3777.2000,3776.8000,3774.4000,3774.0000,3771.0000,3778.2000,3778.4000,3778.6000,3779.8000,3781.0000,1,1,1,5,1,1,2,1,3,2
SF,IF2012,2020-05-21 09:32:22.300,3778.8000,3827,0,32883420.000,0,-,-,-,-,3777.2000,3776.8000,3774.4000,3774.0000,3771.0000,3778.2000,3778.4000,3779.8000,3781.0000,3781.4000,1,1,1,5,1,1,1,3,2,2
SF,IF2012,2020-05-21 09:32:23.800,3777.2000,3826,-1,34016580.000,1,0,1,双平,S,3776.8000,3774.4000,3774.0000,3771.0000,3770.2000,3778.2000,3778.4000,3779.8000,3781.0000,3781.4000,1,1,5,1,3,1,1,3,2,2
SF,IF2012,2020-05-21 09:32:24.300,3777.2000,3826,0,34016580.000,0,-,-,-,-,3776.8000,3774.4000,3774.0000,3771.0000,3770.2000,3778.0000,3778.2000,3779.8000,3781.0000,3781.4000,1,1,5,1,3,2,1,3,2,2
SF,IF2012,2020-05-21 09:32:24.800,3777.2000,3826,0,34016580.000,0,-,-,-,-,3776.8000,3774.4000,3774.0000,3771.0000,3770.2000,3777.8000,3778.0000,3778.2000,3779.8000,3781.0000,1,1,5,1,3,1,3,1,3,2
SF,IF2012,2020-05-21 09:32:25.300,3777.2000,3826,0,34016580.000,0,-,-,-,-,3776.8000,3774.4000,3774.0000,3771.0000,3770.2000,3777.8000,3778.0000,3778.2000,3779.8000,3781.0000,1,1,5,1,3,1,2,1,3,2
SF,IF2012,2020-05-21 09:32:29.300,3777.2000,3826,0,34016580.000,0,-,-,-,-,3776.8000,3774.4000,3774.0000,3771.0000,3770.2000,3777.8000,3778.0000,3778.2000,3779.8000,3781.0000,1,1,5,1,3,1,2,1,3,2
SF,IF2012,2020-05-21 09:32:30.800,3776.8000,3826,0,35149620.000,1,0,1,多换,S,3774.4000,3774.0000,3771.0000,3770.2000,3770.0000,3777.8000,3778.0000,3778.2000,3779.8000,3781.0000,1,5,1,3,5,1,2,1,3,2
SF,IF2012,2020-05-21 09:32:31.300,3776.8000,3826,0,35149620.000,0,-,-,-,-,3774.6000,3774.4000,3774.0000,3771.0000,3770.2000,3777.6000,3777.8000,3778.0000,3779.8000,3781.0000,3,1,5,1,3,1,1,1,3,2
SF,IF2012,2020-05-21 09:32:31.800,3776.8000,3826,0,35149620.000,0,-,-,-,-,3774.6000,3774.4000,3774.0000,3771.0000,3770.2000,3777.6000,3778.0000,3779.8000,3781.0000,3781.4000,3,1,5,1,3,1,1,3,2,2
SF,IF2012,2020-05-21 09:32:32.300,3776.8000,3826,0,35149620.000,0,-,-,-,-,3774.8000,3774.6000,3774.4000,3774.0000,3771.0000,3777.6000,3778.0000,3779.8000,3781.0000,3781.4000,1,3,1,5,1,1,1,3,2,2
SF,IF2012,2020-05-21 09:32:32.800,3776.8000,3826,0,35149620.000,0,-,-,-,-,3775.0000,3774.8000,3774.4000,3774.0000,3771.0000,3777.6000,3778.0000,3779.8000,3781.0000,3781.4000,4,1,1,5,1,1,1,3,2,2
SF,IF2012,2020-05-21 09:32:33.300,3776.8000,3826,0,35149620.000,0,-,-,-,-,3775.0000,3774.4000,3774.0000,3771.0000,3770.2000,3777.6000,3778.0000,3779.8000,3781.0000,3781.4000,4,1,5,1,3,1,1,3,2,2
SF,IF2012,2020-05-21 09:32:34.800,3776.8000,3826,0,35149620.000,0,-,-,-,-,3775.0000,3774.4000,3774.0000,3771.0000,3770.2000,3777.4000,3777.6000,3778.0000,3779.8000,3781.0000,2,1,5,1,3,1,1,1,3,2
SF,IF2012,2020-05-21 09:32:35.300,3776.8000,3826,0,35149620.000,0,-,-,-,-,3775.0000,3774.4000,3774.0000,3771.0000,3770.2000,3777.2000,3777.4000,3778.0000,3779.8000,3781.0000,2,1,5,1,3,1,2,1,3,2
SF,IF2012,2020-05-21 09:32:35.800,3776.8000,3826,0,35149620.000,0,-,-,-,-,3775.0000,3774.4000,3774.0000,3771.0000,3770.2000,3777.0000,3777.2000,3777.4000,3778.0000,3779.8000,2,1,5,1,3,1,2,1,1,3
SF,IF2012,2020-05-21 09:32:36.300,3776.8000,3826,0,35149620.000,0,-,-,-,-,3775.2000,3775.0000,3774.4000,3774.0000,3771.0000,3776.8000,3777.0000,3777.2000,3778.0000,3779.8000,1,2,1,5,1,1,1,1,1,3
SF,IF2012,2020-05-21 09:32:36.800,3776.8000,3826,0,35149620.000,0,-,-,-,-,3775.4000,3775.2000,3775.0000,3774.4000,3774.0000,3776.8000,3777.0000,3778.0000,3779.8000,3781.0000,2,2,1,1,5,1,1,1,3,2
SF,IF2012,2020-05-21 09:32:37.300,3776.8000,3826,0,35149620.000,0,-,-,-,-,3775.4000,3775.2000,3775.0000,3774.4000,3774.0000,3776.8000,3778.0000,3779.8000,3781.0000,3781.4000,2,1,1,1,5,1,1,3,2,2
SF,IF2012,2020-05-21 09:32:37.800,3776.8000,3826,0,35149620.000,0,-,-,-,-,3775.4000,3775.0000,3774.4000,3774.0000,3771.0000,3776.8000,3778.0000,3779.8000,3781.0000,3781.4000,1,1,1,5,1,1,1,3,2,2
SF,IF2012,2020-05-21 09:32:38.300,3776.8000,3826,0,35149620.000,0,-,-,-,-,3775.0000,3774.4000,3774.0000,3771.0000,3770.2000,3776.6000,3776.8000,3778.0000,3779.8000,3781.0000,1,1,5,1,3,1,1,1,3,2
SF,IF2012,2020-05-21 09:32:38.800,3776.8000,3826,0,35149620.000,0,-,-,-,-,3775.2000,3775.0000,3774.4000,3774.0000,3771.0000,3776.6000,3776.8000,3778.0000,3779.8000,3781.0000,3,1,1,5,1,1,1,1,3,2
SF,IF2012,2020-05-21 09:32:39.300,3776.8000,3826,0,35149620.000,0,-,-,-,-,3775.2000,3775.0000,3774.4000,3774.0000,3771.0000,3776.8000,3778.0000,3779.8000,3781.0000,3781.4000,3,1,1,5,1,1,1,3,2,2
SF,IF2012,2020-05-21 09:32:39.800,3776.8000,3825,-1,36282660.000,1,0,1,双平,S,3775.4000,3775.2000,3775.0000,3774.4000,3774.0000,3778.0000,3779.8000,3781.0000,3781.4000,3781.8000,1,2,1,1,5,1,3,2,2,1
SF,IF2012,2020-05-21 09:32:40.300,3776.8000,3825,0,36282660.000,0,-,-,-,-,3775.6000,3775.4000,3774.4000,3774.0000,3771.0000,3777.8000,3778.0000,3779.8000,3781.0000,3781.4000,2,2,1,5,1,1,1,3,2,2
SF,IF2012,2020-05-21 09:32:40.800,3776.8000,3825,0,36282660.000,0,-,-,-,-,3775.6000,3775.4000,3774.4000,3774.0000,3771.0000,3778.0000,3779.8000,3781.0000,3781.4000,3781.8000,3,2,1,5,1,1,3,2,2,1
SF,IF2012,2020-05-21 09:32:41.300,3776.8000,3825,0,36282660.000,0,-,-,-,-,3775.8000,3775.6000,3775.4000,3774.4000,3774.0000,3778.0000,3779.8000,3781.0000,3781.4000,3781.8000,1,3,1,1,5,1,3,2,2,1
SF,IF2012,2020-05-21 09:32:41.800,3776.8000,3825,0,36282660.000,0,-,-,-,-,3776.0000,3775.8000,3775.4000,3774.4000,3774.0000,3778.0000,3779.8000,3781.0000,3781.4000,3781.8000,3,1,1,1,5,1,3,2,2,1
SF,IF2012,2020-05-21 09:32:42.300,3777.8000,3824,-1,37416000.000,1,0,1,双平,S,3776.2000,3776.0000,3774.4000,3774.0000,3771.0000,3778.0000,3779.8000,3781.0000,3781.4000,3781.8000,2,3,1,5,1,1,3,2,2,1
SF,IF2012,2020-05-21 09:32:42.800,3777.8000,3824,0,37416000.000,0,-,-,-,-,3776.4000,3776.2000,3776.0000,3774.4000,3774.0000,3777.8000,3778.0000,3779.8000,3781.0000,3781.4000,1,1,2,1,5,2,1,3,2,2
SF,IF2012,2020-05-21 09:32:43.300,3777.8000,3824,0,37416000.000,0,-,-,-,-,3776.4000,3776.0000,3774.4000,3774.0000,3771.0000,3777.8000,3778.0000,3779.8000,3781.0000,3781.4000,2,2,1,5,1,2,1,3,2,2
SF,IF2012,2020-05-21 09:32:44.800,3777.8000,3824,0,37416000.000,0,-,-,-,-,3776.6000,3776.4000,3776.0000,3774.4000,3774.0000,3778.0000,3779.8000,3781.0000,3781.4000,3781.8000,1,2,2,1,5,1,3,2,2,1
SF,IF2012,2020-05-21 09:32:45.300,3777.8000,3824,0,37416000.000,0,-,-,-,-,3776.8000,3776.4000,3776.0000,3774.4000,3774.0000,3778.0000,3779.8000,3781.0000,3781.4000,3781.8000,2,1,2,1,5,1,3,2,2,1
SF,IF2012,2020-05-21 09:32:45.800,3777.8000,3824,0,37416000.000,0,-,-,-,-,3776.8000,3776.0000,3774.4000,3774.0000,3771.0000,3778.0000,3779.8000,3781.0000,3781.4000,3781.8000,2,2,1,5,1,1,3,2,2,1
SF,IF2012,2020-05-21 09:32:46.300,3777.8000,3824,0,37416000.000,0,-,-,-,-,3776.8000,3776.0000,3774.4000,3774.0000,3771.0000,3778.0000,3779.8000,3781.0000,3781.4000,3781.8000,1,2,1,5,1,2,3,2,2,1
SF,IF2012,2020-05-21 09:32:47.800,3777.8000,3824,0,37416000.000,0,-,-,-,-,3776.8000,3776.0000,3774.4000,3774.0000,3771.0000,3778.0000,3779.8000,3781.0000,3781.4000,3781.8000,1,2,1,5,1,1,3,2,2,1
SF,IF2012,2020-05-21 09:32:48.300,3777.8000,3824,0,37416000.000,0,-,-,-,-,3777.0000,3776.8000,3776.0000,3774.4000,3774.0000,3778.0000,3779.8000,3781.0000,3781.4000,3781.8000,1,1,2,1,5,1,3,2,2,1
SF,IF2012,2020-05-21 09:32:48.800,3777.8000,3824,0,37416000.000,0,-,-,-,-,3777.0000,3776.8000,3776.0000,3774.4000,3774.0000,3778.0000,3779.8000,3781.0000,3781.4000,3781.8000,1,1,2,1,5,1,3,2,2,1
SF,IF2012,2020-05-21 09:32:49.300,3777.8000,3824,0,37416000.000,0,-,-,-,-,3777.2000,3777.0000,3776.0000,3774.4000,3774.0000,3778.0000,3779.8000,3781.0000,3781.4000,3781.8000,2,1,2,1,5,1,3,2,2,1
SF,IF2012,2020-05-21 09:32:49.800,3778.0000,3823,-1,38549400.000,1,0,1,双平,S,3777.2000,3777.0000,3776.0000,3774.4000,3774.0000,3779.8000,3781.0000,3781.4000,3781.8000,3783.2000,1,1,2,1,5,3,2,2,1,1
SF,IF2012,2020-05-21 09:32:50.300,3778.0000,3823,0,38549400.000,0,-,-,-,-,3777.4000,3777.2000,3777.0000,3776.0000,3774.4000,3779.6000,3779.8000,3781.0000,3781.4000,3781.8000,1,1,1,1,1,1,3,2,2,1
SF,IF2012,2020-05-21 09:32:50.800,3777.6000,3823,0,39682680.000,1,0,1,多换,S,3777.4000,3776.0000,3774.4000,3774.0000,3771.0000,3779.4000,3779.6000,3779.8000,3781.0000,3781.4000,1,1,1,5,1,1,1,3,2,2
SF,IF2012,2020-05-21 09:32:51.300,3777.6000,3823,0,39682680.000,0,-,-,-,-,3777.6000,3777.4000,3776.0000,3774.4000,3774.0000,3779.2000,3779.4000,3779.8000,3781.0000,3781.4000,1,1,1,1,5,3,1,3,2,2
SF,IF2012,2020-05-21 09:32:51.800,3777.6000,3823,0,39682680.000,0,-,-,-,-,3777.6000,3777.4000,3776.0000,3774.4000,3774.0000,3779.0000,3779.2000,3779.8000,3781.0000,3781.4000,1,1,1,1,5,1,2,3,2,2
SF,IF2012,2020-05-21 09:32:52.300,3777.6000,3823,0,39682680.000,0,-,-,-,-,3777.6000,3777.4000,3776.0000,3774.4000,3774.0000,3778.8000,3779.0000,3779.8000,3781.0000,3781.4000,1,1,1,1,5,2,2,3,2,2
SF,IF2012,2020-05-21 09:32:52.800,3777.6000,3823,0,39682680.000,0,-,-,-,-,3777.6000,3776.0000,3774.4000,3774.0000,3771.0000,3778.8000,3779.0000,3779.8000,3781.0000,3781.4000,1,1,1,5,1,2,2,3,2,2
SF,IF2012,2020-05-21 09:32:53.300,3777.6000,3823,0,39682680.000,0,-,-,-,-,3777.6000,3776.0000,3774.4000,3774.0000,3771.0000,3778.8000,3779.8000,3781.0000,3781.4000,3781.8000,1,1,1,5,1,2,3,2,2,1
SF,IF2012,2020-05-21 09:32:53.800,3777.6000,3823,0,39682680.000,0,-,-,-,-,3777.6000,3776.0000,3774.4000,3774.0000,3771.0000,3778.8000,3779.8000,3781.0000,3781.4000,3781.8000,1,1,1,5,1,1,3,2,2,1
SF,IF2012,2020-05-21 09:32:54.300,3777.6000,3823,0,39682680.000,0,-,-,-,-,3777.6000,3776.0000,3774.4000,3774.0000,3771.0000,3779.8000,3781.0000,3781.4000,3781.8000,3783.2000,1,1,1,5,1,3,2,2,1,1
SF,IF2012,2020-05-21 09:32:54.800,3777.6000,3823,0,39682680.000,0,-,-,-,-,3777.8000,3777.6000,3776.0000,3774.4000,3774.0000,3779.6000,3779.8000,3781.0000,3781.4000,3781.8000,1,1,1,1,5,2,3,2,2,1
SF,IF2012,2020-05-21 09:32:55.300,3777.6000,3823,0,39682680.000,0,-,-,-,-,3777.8000,3777.6000,3776.0000,3774.4000,3774.0000,3779.4000,3779.6000,3779.8000,3781.0000,3781.4000,1,1,1,1,5,1,2,3,2,2
SF,IF2012,2020-05-21 09:32:55.800,3777.8000,3823,0,40816020.000,1,0,1,多换,S,3777.6000,3776.0000,3774.4000,3774.0000,3771.0000,3779.2000,3779.6000,3779.8000,3781.0000,3781.4000,1,1,1,5,1,4,1,3,2,2
SF,IF2012,2020-05-21 09:32:56.300,3777.6000,3822,-1,41949300.000,1,0,1,双平,S,3776.0000,3774.4000,3774.0000,3771.0000,3770.2000,3779.0000,3779.2000,3779.6000,3779.8000,3781.0000,1,1,5,1,3,1,3,1,3,2
SF,IF2012,2020-05-21 09:32:56.800,3777.6000,3822,0,41949300.000,0,-,-,-,-,3776.2000,3774.4000,3774.0000,3771.0000,3770.2000,3778.8000,3779.2000,3779.8000,3781.0000,3781.4000,1,1,5,1,3,1,1,3,2,2
SF,IF2012,2020-05-21 09:32:57.300,3777.6000,3822,0,41949300.000,0,-,-,-,-,3776.2000,3774.4000,3774.0000,3771.0000,3770.2000,3778.8000,3779.8000,3781.0000,3781.4000,3781.8000,1,1,5,1,3,1,3,2,2,1
SF,IF2012,2020-05-21 09:32:58.300,3777.6000,3822,0,41949300.000,0,-,-,-,-,3776.2000,3774.4000,3774.0000,3771.0000,3770.2000,3778.6000,3778.8000,3779.8000,3781.0000,3781.4000,1,1,5,1,3,1,1,3,2,2
SF,IF2012,2020-05-21 09:32:58.800,3777.6000,3822,0,41949300.000,0,-,-,-,-,3776.4000,3776.2000,3774.4000,3774.0000,3771.0000,3778.4000,3778.6000,3779.8000,3781.0000,3781.4000,1,1,1,5,1,1,1,3,2,2
SF,IF2012,2020-05-21 09:32:59.300,3777.6000,3822,0,41949300.000,0,-,-,-,-,3776.6000,3776.2000,3774.4000,3774.0000,3771.0000,3778.2000,3778.4000,3778.6000,3779.8000,3781.0000,1,1,1,5,1,2,2,1,3,2
SF,IF2012,2020-05-21 09:32:59.800,3777.6000,3822,0,41949300.000,0,-,-,-,-,3776.8000,3776.2000,3774.4000,3774.0000,3771.0000,3778.0000,3778.2000,3779.8000,3781.0000,3781.4000,1,1,1,5,1,2,2,3,2,2
SF,IF2012,2020-05-21 09:33:00.300,3777.6000,3822,0,41949300.000,0,-,-,-,-,3776.2000,3774.4000,3774.0000,3771.0000,3770.2000,3778.0000,3779.8000,3781.0000,3781.4000,3781.8000,1,1,5,1,3,1,3,2,2,1
SF,IF2012,2020-05-21 09:33:00.800,3777.6000,3822,0,41949300.000,0,-,-,-,-,3776.4000,3776.2000,3774.4000,3774.0000,3771.0000,3778.0000,3779.8000,3780.8000,3781.0000,3781.4000,1,1,1,5,1,1,3,1,2,2
SF,IF2012,2020-05-21 09:33:01.300,3777.6000,3822,0,41949300.000,0,-,-,-,-,3776.6000,3774.4000,3774.0000,3771.0000,3770.2000,3778.0000,3779.8000,3780.8000,3781.0000,3781.4000,4,1,5,1,3,1,3,1,2,2
SF,IF2012,2020-05-21 09:33:01.800,3777.6000,3822,0,41949300.000,0,-,-,-,-,3776.6000,3774.4000,3774.0000,3771.0000,3770.2000,3779.8000,3780.8000,3781.0000,3781.4000,3781.8000,4,1,5,1,3,3,1,2,2,1
SF,IF2012,2020-05-21 09:33:02.300,3777.6000,3822,0,41949300.000,0,-,-,-,-,3776.6000,3774.4000,3774.0000,3771.0000,3770.2000,3777.0000,3779.4000,3779.6000,3779.8000,3780.8000,1,1,5,1,3,1,1,3,3,1
SF,IF2012,2020-05-21 09:33:02.800,3777.0000,3821,-1,43082400.000,1,0,1,双平,S,3776.6000,3774.4000,3774.0000,3771.0000,3770.2000,3779.6000,3779.8000,3780.8000,3781.0000,3781.4000,1,1,5,1,3,3,3,1,2,2
SF,IF2012,2020-05-21 09:33:03.300,3776.6000,3820,-1,44215380.000,1,0,1,双平,S,3774.4000,3774.0000,3771.0000,3770.2000,3770.0000,3779.4000,3779.6000,3779.8000,3780.8000,3781.0000,1,5,1,3,5,1,3,3,1,2
SF,IF2012,2020-05-21 09:33:03.800,3776.6000,3820,0,44215380.000,0,-,-,-,-,3774.6000,3774.4000,3774.0000,3771.0000,3770.2000,3779.2000,3779.4000,3779.6000,3779.8000,3780.8000,2,1,5,1,3,2,1,1,3,1
SF,IF2012,2020-05-21 09:33:04.300,3776.6000,3820,0,44215380.000,0,-,-,-,-,3774.6000,3774.4000,3774.0000,3771.0000,3770.2000,3779.0000,3779.2000,3779.8000,3780.8000,3781.0000,2,1,5,1,3,1,2,3,1,2
SF,IF2012,2020-05-21 09:33:04.800,3776.6000,3820,0,44215380.000,0,-,-,-,-,3774.6000,3774.4000,3774.0000,3771.0000,3770.2000,3778.8000,3779.0000,3779.2000,3779.8000,3780.8000,2,1,5,1,3,1,1,1,3,1
SF,IF2012,2020-05-21 09:33:05.300,3776.6000,3820,0,44215380.000,0,-,-,-,-,3774.6000,3774.4000,3774.0000,3771.0000,3770.2000,3778.6000,3778.8000,3779.2000,3779.8000,3780.8000,2,1,5,1,3,1,1,1,3,1
SF,IF2012,2020-05-21 09:33:05.800,3776.6000,3820,0,44215380.000,0,-,-,-,-,3775.0000,3774.8000,3774.6000,3774.4000,3774.0000,3778.4000,3778.6000,3779.2000,3779.8000,3780.8000,1,1,2,1,5,1,1,1,3,1
SF,IF2012,2020-05-21 09:33:06.300,3776.6000,3820,0,44215380.000,0,-,-,-,-,3775.2000,3775.0000,3774.8000,3774.4000,3774.0000,3778.2000,3778.4000,3779.2000,3779.8000,3780.8000,2,1,1,1,5,1,1,1,3,1
SF,IF2012,2020-05-21 09:33:06.800,3776.6000,3820,0,44215380.000,0,-,-,-,-,3775.4000,3775.2000,3775.0000,3774.8000,3774.4000,3778.0000,3778.2000,3779.2000,3779.8000,3780.8000,1,2,1,1,1,1,1,1,3,1
SF,IF2012,2020-05-21 09:33:07.300,3776.6000,3820,0,44215380.000,0,-,-,-,-,3775.6000,3775.4000,3774.8000,3774.4000,3774.0000,3777.8000,3778.0000,3779.2000,3779.8000,3780.8000,2,2,1,1,5,1,1,1,3,1
SF,IF2012,2020-05-21 09:33:07.800,3776.6000,3820,0,44215380.000,0,-,-,-,-,3775.8000,3775.6000,3775.4000,3774.8000,3774.4000,3777.6000,3777.8000,3779.2000,3779.8000,3780.8000,1,2,2,1,1,1,1,1,3,1
SF,IF2012,2020-05-21 09:33:08.300,3776.6000,3820,0,44215380.000,0,-,-,-,-,3776.0000,3775.8000,3775.4000,3774.8000,3774.4000,3777.6000,3777.8000,3779.2000,3779.8000,3780.8000,4,1,2,1,1,1,1,1,3,1
SF,IF2012,2020-05-21 09:33:08.800,3776.6000,3820,0,44215380.000,0,-,-,-,-,3776.2000,3776.0000,3775.8000,3775.4000,3774.8000,3777.6000,3777.8000,3779.2000,3779.8000,3781.0000,1,3,1,2,1,1,1,1,3,2
SF,IF2012,2020-05-21 09:33:09.300,3776.6000,3820,0,44215380.000,0,-,-,-,-,3776.4000,3776.2000,3776.0000,3775.4000,3774.4000,3777.6000,3777.8000,3779.2000,3779.8000,3781.0000,3,1,1,1,1,1,1,1,3,2
SF,IF2012,2020-05-21 09:33:09.800,3776.6000,3820,0,44215380.000,0,-,-,-,-,3776.4000,3776.0000,3775.4000,3774.4000,3774.0000,3777.6000,3779.2000,3779.8000,3781.0000,3781.4000,2,1,1,1,5,1,1,3,2,2
SF,IF2012,2020-05-21 09:33:10.800,3776.6000,3820,0,44215380.000,0,-,-,-,-,3776.4000,3776.0000,3774.4000,3774.0000,3771.0000,3777.6000,3779.2000,3779.8000,3781.0000,3781.4000,2,1,1,5,1,1,1,3,2,2
SF,IF2012,2020-05-21 09:33:11.300,3777.6000,3820,0,45348660.000,1,0,1,多换,S,3777.6000,3776.4000,3776.0000,3774.4000,3774.0000,3779.2000,3779.8000,3781.0000,3781.4000,3783.2000,1,2,1,1,5,1,3,2,2,1
SF,IF2012,2020-05-21 09:33:11.800,3777.6000,3820,0,45348660.000,0,-,-,-,-,3777.6000,3776.0000,3774.4000,3774.0000,3771.0000,3779.0000,3779.8000,3781.0000,3781.4000,3783.2000,1,1,1,5,1,3,3,2,2,1
SF,IF2012,2020-05-21 09:33:12.300,3777.6000,3820,0,45348660.000,0,-,-,-,-,3777.6000,3776.0000,3774.4000,3774.0000,3771.0000,3779.0000,3779.8000,3781.0000,3781.4000,3783.2000,1,1,1,5,1,4,3,2,2,1
SF,IF2012,2020-05-21 09:33:13.800,3777.6000,3820,0,46481940.000,1,0,1,多换,S,3776.0000,3774.4000,3774.0000,3771.0000,3770.2000,3779.0000,3779.8000,3781.0000,3781.4000,3783.2000,1,1,5,1,3,4,3,2,2,1
SF,IF2012,2020-05-21 09:33:14.300,3777.6000,3820,0,46481940.000,0,-,-,-,-,3776.0000,3774.4000,3774.0000,3771.0000,3770.2000,3778.8000,3779.0000,3779.8000,3781.0000,3781.4000,1,1,5,1,3,1,1,3,2,2
SF,IF2012,2020-05-21 09:33:14.800,3777.6000,3820,0,46481940.000,0,-,-,-,-,3776.2000,3776.0000,3774.4000,3774.0000,3771.0000,3778.6000,3778.8000,3779.8000,3781.0000,3781.4000,1,1,1,5,1,1,1,3,2,2
SF,IF2012,2020-05-21 09:33:15.300,3777.6000,3820,0,46481940.000,0,-,-,-,-,3776.6000,3776.4000,3776.2000,3774.4000,3774.0000,3778.6000,3779.8000,3781.0000,3781.4000,3783.2000,1,2,2,1,5,1,3,2,2,1
SF,IF2012,2020-05-21 09:33:15.800,3777.6000,3820,0,46481940.000,0,-,-,-,-,3776.8000,3776.6000,3776.2000,3774.4000,3774.0000,3778.6000,3779.8000,3781.0000,3781.4000,3783.2000,4,1,1,1,5,1,3,2,2,1
SF,IF2012,2020-05-21 09:33:16.300,3777.6000,3820,0,46481940.000,0,-,-,-,-,3776.8000,3776.6000,3774.4000,3774.0000,3771.0000,3778.4000,3778.6000,3779.8000,3781.0000,3781.4000,4,1,1,5,1,1,1,3,2,2
SF,IF2012,2020-05-21 09:33:16.800,3777.6000,3820,0,46481940.000,0,-,-,-,-,3777.0000,3776.8000,3774.4000,3774.0000,3771.0000,3778.2000,3778.4000,3779.8000,3781.0000,3781.4000,1,3,1,5,1,1,1,3,2,2
SF,IF2012,2020-05-21 09:33:17.300,3777.6000,3820,0,46481940.000,0,-,-,-,-,3777.2000,3776.8000,3774.4000,3774.0000,3771.0000,3778.0000,3778.2000,3778.4000,3779.8000,3781.0000,1,1,1,5,1,1,1,1,3,2
SF,IF2012,2020-05-21 09:33:17.800,3777.6000,3820,0,46481940.000,0,-,-,-,-,3776.8000,3774.4000,3774.0000,3771.0000,3770.2000,3778.0000,3778.2000,3778.4000,3779.8000,3781.0000,1,1,5,1,3,1,1,1,3,2
SF,IF2012,2020-05-21 09:33:18.300,3777.6000,3820,0,46481940.000,0,-,-,-,-,3777.0000,3776.8000,3774.4000,3774.0000,3771.0000,3778.2000,3779.8000,3781.0000,3781.4000,3783.2000,1,1,1,5,1,1,3,2,2,1
SF,IF2012,2020-05-21 09:33:18.800,3777.6000,3820,0,46481940.000,0,-,-,-,-,3777.2000,3776.8000,3774.4000,3774.0000,3771.0000,3778.2000,3779.8000,3781.0000,3781.4000,3783.2000,1,1,1,5,1,1,3,2,2,1
SF,IF2012,2020-05-21 09:33:21.300,3777.6000,3820,0,46481940.000,0,-,-,-,-,3777.4000,3777.2000,3776.8000,3774.4000,3774.0000,3778.2000,3779.8000,3781.0000,3781.4000,3783.2000,1,1,1,1,5,1,3,2,2,1
SF,IF2012,2020-05-21 09:33:21.800,3777.6000,3820,0,46481940.000,0,-,-,-,-,3777.2000,3776.8000,3774.4000,3774.0000,3771.0000,3778.2000,3779.8000,3781.0000,3781.4000,3783.2000,1,1,1,5,1,1,3,2,2,1
SF,IF2012,2020-05-21 09:33:22.300,3777.6000,3820,0,46481940.000,0,-,-,-,-,3777.2000,3776.8000,3774.4000,3774.0000,3771.0000,3778.2000,3779.8000,3781.0000,3781.4000,3783.2000,1,1,1,5,1,1,4,2,2,1
SF,IF2012,2020-05-21 09:33:23.300,3777.6000,3820,0,46481940.000,0,-,-,-,-,3777.4000,3777.2000,3776.8000,3774.4000,3774.0000,3778.2000,3779.8000,3781.0000,3781.4000,3783.2000,1,1,1,1,5,1,4,2,2,1
SF,IF2012,2020-05-21 09:33:23.800,3777.6000,3820,0,46481940.000,0,-,-,-,-,3777.2000,3776.8000,3774.4000,3774.0000,3771.0000,3778.2000,3779.8000,3781.0000,3781.4000,3783.2000,1,1,1,5,1,1,4,2,2,1
SF,IF2012,2020-05-21 09:33:27.800,3777.2000,3819,-1,47615100.000,1,0,1,双平,S,3776.8000,3774.4000,3774.0000,3771.0000,3770.2000,3778.2000,3779.8000,3781.0000,3781.4000,3783.2000,1,1,5,1,3,1,4,2,2,1
SF,IF2012,2020-05-21 09:33:28.300,3777.2000,3819,0,47615100.000,0,-,-,-,-,3776.8000,3774.4000,3774.0000,3771.0000,3770.2000,3778.0000,3778.2000,3779.8000,3781.0000,3781.4000,1,1,5,1,3,2,1,4,2,2
SF,IF2012,2020-05-21 09:33:28.800,3777.2000,3819,0,47615100.000,0,-,-,-,-,3777.0000,3776.8000,3774.4000,3774.0000,3771.0000,3778.0000,3778.2000,3779.8000,3781.0000,3781.4000,1,1,1,5,1,1,1,4,2,2
SF,IF2012,2020-05-21 09:33:29.300,3777.2000,3819,0,47615100.000,0,-,-,-,-,3776.8000,3774.4000,3774.0000,3771.0000,3770.2000,3778.0000,3778.2000,3779.8000,3781.0000,3781.4000,1,1,5,1,3,1,1,4,2,2
SF,IF2012,2020-05-21 09:33:29.800,3777.2000,3819,0,47615100.000,0,-,-,-,-,3776.8000,3774.4000,3774.0000,3771.0000,3770.2000,3778.2000,3779.8000,3781.0000,3781.4000,3783.2000,1,1,5,1,3,1,4,2,2,1
SF,IF2012,2020-05-21 09:33:30.300,3777.2000,3819,0,47615100.000,0,-,-,-,-,3776.8000,3774.4000,3774.0000,3771.0000,3770.2000,3777.8000,3778.0000,3778.2000,3779.8000,3781.0000,1,1,5,1,3,1,1,1,4,2
SF,IF2012,2020-05-21 09:33:30.800,3777.2000,3819,0,47615100.000,0,-,-,-,-,3776.8000,3774.4000,3774.0000,3771.0000,3770.2000,3777.8000,3778.2000,3779.8000,3781.0000,3781.4000,1,1,5,1,3,1,1,4,2,2
SF,IF2012,2020-05-21 09:33:37.300,3777.8000,3819,0,48748440.000,1,0,1,多换,S,3776.8000,3774.4000,3774.0000,3771.0000,3770.2000,3778.2000,3779.8000,3781.0000,3781.4000,3783.2000,1,1,5,1,3,1,4,2,2,1
SF,IF2012,2020-05-21 09:33:45.800,3777.8000,3819,0,48748440.000,0,-,-,-,-,3777.0000,3776.8000,3774.4000,3774.0000,3771.0000,3778.2000,3779.8000,3781.0000,3781.4000,3783.2000,1,1,1,5,1,1,4,2,2,1
SF,IF2012,2020-05-21 09:33:46.300,3777.8000,3819,0,48748440.000,0,-,-,-,-,3776.8000,3774.4000,3774.0000,3771.0000,3770.2000,3778.2000,3779.8000,3781.0000,3781.4000,3783.2000,1,1,5,1,3,1,4,2,2,1
SF,IF2012,2020-05-21 09:33:46.800,3777.8000,3819,0,48748440.000,0,-,-,-,-,3776.8000,3774.4000,3774.0000,3771.0000,3770.2000,3778.0000,3778.2000,3779.8000,3781.0000,3781.4000,1,1,5,1,3,1,1,4,2,2
SF,IF2012,2020-05-21 09:33:47.300,3777.8000,3819,0,48748440.000,0,-,-,-,-,3776.8000,3774.4000,3774.0000,3771.0000,3770.2000,3778.0000,3778.2000,3779.8000,3781.0000,3781.4000,1,1,5,1,3,1,1,4,2,2
SF,IF2012,2020-05-21 09:33:49.300,3777.8000,3819,0,48748440.000,0,-,-,-,-,3776.8000,3774.4000,3774.0000,3771.0000,3770.2000,3778.0000,3778.2000,3779.8000,3781.0000,3781.4000,1,1,5,1,3,1,1,4,2,2
SF,IF2012,2020-05-21 09:33:51.300,3777.8000,3819,0,48748440.000,0,-,-,-,-,3776.8000,3774.4000,3774.0000,3771.0000,3770.2000,3777.8000,3778.0000,3778.2000,3779.8000,3781.0000,1,1,5,1,3,1,1,1,4,2
SF,IF2012,2020-05-21 09:33:51.800,3777.8000,3819,0,49881780.000,1,0,1,多换,S,3774.4000,3774.0000,3771.0000,3770.2000,3770.0000,3778.0000,3778.2000,3779.8000,3781.0000,3781.4000,1,5,1,3,5,1,1,4,2,2
SF,IF2012,2020-05-21 09:33:52.300,3777.8000,3819,0,49881780.000,0,-,-,-,-,3774.6000,3774.4000,3774.0000,3771.0000,3770.2000,3777.8000,3779.8000,3781.0000,3781.4000,3783.2000,2,1,5,1,3,2,4,2,2,1
SF,IF2012,2020-05-21 09:33:52.800,3777.8000,3819,0,49881780.000,0,-,-,-,-,3775.0000,3774.6000,3774.4000,3774.0000,3771.0000,3777.8000,3778.0000,3779.8000,3781.0000,3781.4000,1,2,1,5,1,2,1,4,2,2
SF,IF2012,2020-05-21 09:33:53.300,3777.8000,3819,0,49881780.000,0,-,-,-,-,3775.2000,3774.4000,3774.0000,3771.0000,3770.2000,3777.8000,3778.0000,3779.8000,3781.0000,3781.4000,3,1,5,1,3,2,1,4,2,2
SF,IF2012,2020-05-21 09:33:55.300,3777.8000,3819,0,49881780.000,0,-,-,-,-,3775.2000,3774.4000,3774.0000,3771.0000,3770.2000,3777.8000,3778.0000,3779.2000,3779.8000,3781.0000,3,1,5,1,3,2,1,1,4,2
SF,IF2012,2020-05-21 09:33:56.300,3777.8000,3819,0,49881780.000,0,-,-,-,-,3775.2000,3774.4000,3774.0000,3771.0000,3770.2000,3777.8000,3778.0000,3779.2000,3779.8000,3781.0000,1,1,5,1,3,2,1,1,4,2
SF,IF2012,2020-05-21 09:33:57.300,3777.8000,3819,0,49881780.000,0,-,-,-,-,3775.2000,3774.4000,3774.0000,3771.0000,3770.2000,3777.6000,3777.8000,3778.0000,3779.8000,3781.0000,1,1,5,1,3,1,2,1,4,2
SF,IF2012,2020-05-21 09:33:57.800,3777.8000,3819,0,49881780.000,0,-,-,-,-,3775.2000,3774.4000,3774.0000,3771.0000,3770.2000,3777.4000,3777.6000,3778.0000,3779.8000,3781.0000,1,1,5,1,3,3,1,1,4,2
SF,IF2012,2020-05-21 09:33:58.300,3777.8000,3819,0,49881780.000,0,-,-,-,-,3775.2000,3774.4000,3774.0000,3771.0000,3770.2000,3777.2000,3777.4000,3777.6000,3778.0000,3779.8000,1,1,5,1,3,1,3,1,1,4
SF,IF2012,2020-05-21 09:33:58.800,3777.8000,3819,0,49881780.000,0,-,-,-,-,3775.4000,3775.2000,3774.4000,3774.0000,3771.0000,3777.0000,3777.2000,3777.6000,3778.0000,3779.8000,1,1,1,5,1,4,1,1,1,4
SF,IF2012,2020-05-21 09:33:59.300,3777.8000,3819,0,49881780.000,0,-,-,-,-,3775.2000,3774.4000,3774.0000,3771.0000,3770.2000,3776.8000,3777.0000,3777.2000,3777.6000,3778.0000,1,1,5,1,3,1,3,1,1,1
SF,IF2012,2020-05-21 09:33:59.800,3777.8000,3819,0,49881780.000,0,-,-,-,-,3775.2000,3774.4000,3774.0000,3771.0000,3770.2000,3776.6000,3777.0000,3777.6000,3778.0000,3779.8000,1,1,5,1,3,3,1,1,1,4
SF,IF2012,2020-05-21 09:34:00.300,3777.8000,3819,0,49881780.000,0,-,-,-,-,3775.2000,3774.4000,3774.0000,3771.0000,3770.2000,3776.6000,3777.0000,3777.6000,3778.0000,3779.8000,1,1,5,1,3,2,1,1,1,4
SF,IF2012,2020-05-21 09:34:01.300,3777.8000,3819,0,49881780.000,0,-,-,-,-,3775.4000,3775.2000,3774.4000,3774.0000,3771.0000,3776.6000,3777.0000,3777.6000,3778.0000,3779.8000,1,1,1,5,1,2,1,1,1,4
SF,IF2012,2020-05-21 09:34:01.800,3777.8000,3819,0,49881780.000,0,-,-,-,-,3775.2000,3774.4000,3774.0000,3771.0000,3770.2000,3776.6000,3777.0000,3777.6000,3778.0000,3779.8000,1,1,5,1,3,1,1,1,1,4
SF,IF2012,2020-05-21 09:34:02.300,3777.8000,3819,0,49881780.000,0,-,-,-,-,3775.4000,3775.2000,3774.4000,3774.0000,3771.0000,3776.6000,3777.0000,3777.6000,3778.0000,3779.8000,1,1,1,5,1,1,1,1,1,4
SF,IF2012,2020-05-21 09:34:02.800,3777.8000,3819,0,49881780.000,0,-,-,-,-,3775.6000,3775.2000,3774.4000,3774.0000,3771.0000,3776.6000,3777.0000,3777.6000,3778.0000,3779.8000,1,1,1,5,1,1,1,1,1,4
SF,IF2012,2020-05-21 09:34:03.300,3777.8000,3819,0,49881780.000,0,-,-,-,-,3775.2000,3774.4000,3774.0000,3771.0000,3770.2000,3776.6000,3777.6000,3778.0000,3779.8000,3781.0000,1,1,5,1,3,1,1,1,4,2
SF,IF2012,2020-05-21 09:34:03.800,3777.8000,3819,0,49881780.000,0,-,-,-,-,3775.4000,3775.2000,3774.4000,3774.0000,3771.0000,3776.6000,3777.6000,3778.0000,3779.8000,3781.0000,1,1,1,5,1,1,1,1,4,2
SF,IF2012,2020-05-21 09:34:04.300,3777.8000,3819,0,49881780.000,0,-,-,-,-,3775.2000,3774.4000,3774.0000,3771.0000,3770.2000,3776.6000,3777.6000,3778.0000,3779.8000,3781.0000,1,1,5,1,3,1,1,1,4,2
SF,IF2012,2020-05-21 09:34:04.800,3777.8000,3819,0,49881780.000,0,-,-,-,-,3774.4000,3774.0000,3771.0000,3770.2000,3770.0000,3776.4000,3776.6000,3777.6000,3778.0000,3779.8000,1,5,1,3,5,2,1,1,1,4
SF,IF2012,2020-05-21 09:34:05.300,3777.8000,3819,0,49881780.000,0,-,-,-,-,3774.6000,3774.4000,3774.0000,3771.0000,3770.2000,3776.2000,3776.4000,3778.0000,3779.8000,3781.0000,2,1,5,1,3,2,3,1,4,2
SF,IF2012,2020-05-21 09:34:05.800,3776.6000,3819,0,51014760.000,1,0,1,多换,S,3775.8000,3774.6000,3774.4000,3774.0000,3771.0000,3776.0000,3776.2000,3776.4000,3778.0000,3779.8000,1,2,1,5,1,1,2,2,1,4
SF,IF2012,2020-05-21 09:34:06.300,3775.8000,3819,0,52147500.000,1,0,1,多换,S,3774.6000,3774.4000,3774.0000,3771.0000,3770.2000,3776.0000,3776.2000,3776.4000,3778.0000,3779.8000,1,1,5,1,3,1,1,1,1,4
SF,IF2012,2020-05-21 09:34:06.800,3775.8000,3819,0,52147500.000,0,-,-,-,-,3774.8000,3774.6000,3774.4000,3774.0000,3771.0000,3776.0000,3776.2000,3778.0000,3779.8000,3781.0000,1,1,1,5,1,1,1,1,4,2
SF,IF2012,2020-05-21 09:34:07.300,3775.8000,3819,0,52147500.000,0,-,-,-,-,3774.6000,3774.4000,3774.0000,3771.0000,3770.2000,3775.6000,3776.0000,3776.2000,3778.0000,3779.8000,1,1,5,1,3,1,1,1,1,4
SF,IF2012,2020-05-21 09:34:07.800,3775.8000,3819,0,52147500.000,0,-,-,-,-,3774.8000,3774.6000,3774.4000,3774.0000,3771.0000,3775.6000,3776.0000,3776.2000,3778.0000,3779.8000,1,1,1,5,1,1,1,1,1,4
SF,IF2012,2020-05-21 09:34:08.300,3775.8000,3819,0,52147500.000,0,-,-,-,-,3774.6000,3774.4000,3774.0000,3771.0000,3770.2000,3775.6000,3776.0000,3776.2000,3777.6000,3778.0000,1,1,5,1,3,1,1,1,1,1
SF,IF2012,2020-05-21 09:34:08.800,3775.8000,3819,0,52147500.000,0,-,-,-,-,3774.8000,3774.6000,3774.4000,3774.0000,3771.0000,3775.6000,3776.0000,3776.2000,3777.6000,3778.0000,1,1,1,5,1,1,1,1,1,1
SF,IF2012,2020-05-21 09:34:09.300,3775.8000,3819,0,52147500.000,0,-,-,-,-,3774.6000,3774.4000,3774.0000,3771.0000,3770.2000,3775.6000,3776.0000,3776.2000,3777.6000,3778.0000,1,1,5,1,3,1,1,1,1,1
SF,IF2012,2020-05-21 09:34:09.800,3775.8000,3820,1,53280240.000,1,1,0,双开,S,3774.8000,3774.6000,3774.4000,3774.0000,3771.0000,3776.0000,3776.2000,3777.6000,3778.0000,3779.8000,1,1,1,5,1,1,1,1,1,4
SF,IF2012,2020-05-21 09:34:10.300,3775.8000,3820,0,53280240.000,0,-,-,-,-,3774.6000,3774.4000,3774.0000,3771.0000,3770.2000,3776.0000,3776.2000,3777.6000,3778.0000,3779.8000,1,1,5,1,3,1,1,1,1,4
SF,IF2012,2020-05-21 09:34:11.300,3775.8000,3820,0,53280240.000,0,-,-,-,-,3774.8000,3774.6000,3774.4000,3774.0000,3771.0000,3776.0000,3776.2000,3777.6000,3778.0000,3779.8000,1,1,1,5,1,1,1,1,1,4
SF,IF2012,2020-05-21 09:34:11.800,3775.8000,3820,0,53280240.000,0,-,-,-,-,3775.0000,3774.6000,3774.4000,3774.0000,3771.0000,3776.0000,3776.2000,3777.6000,3778.0000,3779.8000,1,1,1,5,1,1,1,1,1,4
SF,IF2012,2020-05-21 09:34:12.300,3775.8000,3820,0,53280240.000,0,-,-,-,-,3774.6000,3774.4000,3774.0000,3771.0000,3770.2000,3776.0000,3776.2000,3777.6000,3778.0000,3779.8000,1,1,5,1,3,1,1,1,1,4
SF,IF2012,2020-05-21 09:34:12.800,3775.8000,3820,0,53280240.000,0,-,-,-,-,3774.8000,3774.6000,3774.4000,3774.0000,3771.0000,3776.0000,3776.2000,3777.6000,3778.0000,3779.8000,1,1,1,5,1,1,1,1,1,4
SF,IF2012,2020-05-21 09:34:13.300,3775.8000,3820,0,53280240.000,0,-,-,-,-,3774.6000,3774.4000,3774.0000,3771.0000,3770.2000,3776.0000,3776.2000,3777.6000,3778.0000,3779.8000,1,1,5,1,3,1,1,1,1,4
SF,IF2012,2020-05-21 09:34:13.800,3775.8000,3820,0,53280240.000,0,-,-,-,-,3774.8000,3774.6000,3774.4000,3774.0000,3771.0000,3776.0000,3776.2000,3777.6000,3778.0000,3779.8000,1,1,1,5,1,1,1,1,1,4
SF,IF2012,2020-05-21 09:34:14.300,3775.8000,3820,0,53280240.000,0,-,-,-,-,3774.6000,3774.4000,3774.0000,3771.0000,3770.2000,3776.0000,3776.2000,3777.6000,3778.0000,3779.8000,1,1,5,1,3,1,1,1,1,4
SF,IF2012,2020-05-21 09:34:15.300,3775.8000,3820,0,53280240.000,0,-,-,-,-,3774.8000,3774.6000,3774.4000,3774.0000,3771.0000,3776.0000,3776.2000,3777.6000,3778.0000,3779.8000,1,1,1,5,1,1,1,1,1,4
SF,IF2012,2020-05-21 09:34:15.800,3775.8000,3820,0,53280240.000,0,-,-,-,-,3774.6000,3774.4000,3774.0000,3771.0000,3770.2000,3776.0000,3776.2000,3777.6000,3778.0000,3779.8000,1,1,5,1,3,1,1,1,1,4
SF,IF2012,2020-05-21 09:34:16.300,3775.8000,3820,0,53280240.000,0,-,-,-,-,3774.6000,3774.4000,3774.0000,3771.0000,3770.2000,3775.6000,3775.8000,3776.0000,3777.6000,3778.0000,1,1,5,1,3,1,1,1,1,1
SF,IF2012,2020-05-21 09:34:16.800,3775.8000,3820,0,53280240.000,0,-,-,-,-,3774.8000,3774.6000,3774.4000,3774.0000,3771.0000,3775.8000,3776.0000,3777.6000,3778.0000,3779.8000,1,1,1,5,1,1,1,1,1,4
SF,IF2012,2020-05-21 09:34:17.300,3775.8000,3820,0,53280240.000,0,-,-,-,-,3774.6000,3774.4000,3774.0000,3771.0000,3770.2000,3775.8000,3776.0000,3777.6000,3778.0000,3779.8000,1,1,5,1,3,1,1,1,1,4
SF,IF2012,2020-05-21 09:34:17.800,3775.8000,3820,0,53280240.000,0,-,-,-,-,3774.8000,3774.6000,3774.4000,3774.0000,3771.0000,3775.8000,3776.0000,3777.6000,3778.0000,3779.8000,1,1,1,5,1,1,1,1,1,4
SF,IF2012,2020-05-21 09:34:18.300,3775.8000,3820,0,53280240.000,0,-,-,-,-,3775.0000,3774.6000,3774.4000,3774.0000,3771.0000,3775.8000,3776.0000,3777.6000,3778.0000,3779.8000,1,1,1,5,1,1,1,1,1,4
SF,IF2012,2020-05-21 09:34:18.800,3775.8000,3820,0,53280240.000,0,-,-,-,-,3774.6000,3774.4000,3774.0000,3771.0000,3770.2000,3775.8000,3776.0000,3777.6000,3778.0000,3779.8000,1,1,5,1,3,1,1,1,1,4
SF,IF2012,2020-05-21 09:34:19.300,3775.8000,3820,0,53280240.000,0,-,-,-,-,3774.8000,3774.6000,3774.4000,3774.0000,3771.0000,3775.8000,3777.6000,3778.0000,3779.8000,3781.0000,1,1,1,5,1,1,1,1,4,2
SF,IF2012,2020-05-21 09:34:19.800,3775.8000,3820,0,53280240.000,0,-,-,-,-,3774.6000,3774.4000,3774.0000,3771.0000,3770.2000,3775.8000,3777.6000,3778.0000,3779.8000,3781.0000,1,1,5,1,3,1,1,1,4,2
SF,IF2012,2020-05-21 09:34:21.300,3775.8000,3820,0,53280240.000,0,-,-,-,-,3774.8000,3774.6000,3774.4000,3774.0000,3771.0000,3775.8000,3777.6000,3778.0000,3779.8000,3781.0000,1,1,1,5,1,1,1,1,4,2
SF,IF2012,2020-05-21 09:34:21.800,3775.8000,3820,0,53280240.000,0,-,-,-,-,3774.6000,3774.4000,3774.0000,3771.0000,3770.2000,3775.8000,3777.6000,3778.0000,3779.8000,3781.0000,1,1,5,1,3,1,1,1,4,2
SF,IF2012,2020-05-21 09:34:22.300,3775.8000,3820,0,53280240.000,0,-,-,-,-,3774.8000,3774.6000,3774.4000,3774.0000,3771.0000,3775.8000,3777.6000,3778.0000,3779.8000,3781.0000,1,1,1,5,1,1,1,1,4,2
SF,IF2012,2020-05-21 09:34:22.800,3775.8000,3820,0,53280240.000,0,-,-,-,-,3774.6000,3774.4000,3774.0000,3771.0000,3770.2000,3775.8000,3777.6000,3778.0000,3779.8000,3781.0000,1,1,5,1,3,1,1,1,4,2
SF,IF2012,2020-05-21 09:34:23.300,3775.8000,3820,0,53280240.000,0,-,-,-,-,3774.8000,3774.6000,3774.4000,3774.0000,3771.0000,3775.8000,3777.6000,3778.0000,3779.8000,3781.0000,1,1,1,5,1,1,1,1,4,2
SF,IF2012,2020-05-21 09:34:23.800,3775.8000,3820,0,53280240.000,0,-,-,-,-,3774.6000,3774.4000,3774.0000,3771.0000,3770.2000,3775.8000,3777.6000,3778.0000,3779.8000,3781.0000,1,1,5,1,3,1,1,1,4,2
SF,IF2012,2020-05-21 09:34:24.300,3775.8000,3820,0,53280240.000,0,-,-,-,-,3774.8000,3774.6000,3774.4000,3774.0000,3771.0000,3775.8000,3777.6000,3778.0000,3779.8000,3781.0000,1,1,1,5,1,1,1,1,4,2
SF,IF2012,2020-05-21 09:34:24.800,3775.8000,3820,0,53280240.000,0,-,-,-,-,3774.8000,3774.6000,3774.4000,3774.0000,3771.0000,3775.8000,3777.6000,3778.0000,3779.8000,3781.0000,1,1,1,5,1,1,1,1,4,2
SF,IF2012,2020-05-21 09:34:25.300,3775.8000,3820,0,53280240.000,0,-,-,-,-,3774.6000,3774.4000,3774.0000,3771.0000,3770.2000,3775.6000,3775.8000,3777.6000,3778.0000,3779.8000,1,1,5,1,3,1,1,1,1,4
SF,IF2012,2020-05-21 09:34:28.300,3775.8000,3820,0,53280240.000,0,-,-,-,-,3774.6000,3774.4000,3774.0000,3771.0000,3770.2000,3775.8000,3777.6000,3778.0000,3779.8000,3781.0000,1,1,5,1,3,1,1,1,4,2
SF,IF2012,2020-05-21 09:34:29.300,3775.8000,3820,0,53280240.000,0,-,-,-,-,3774.6000,3774.4000,3774.0000,3771.0000,3770.2000,3775.4000,3775.6000,3775.8000,3777.6000,3778.0000,1,1,5,1,3,1,1,1,1,1
SF,IF2012,2020-05-21 09:34:30.800,3775.8000,3820,0,53280240.000,0,-,-,-,-,3774.6000,3774.4000,3774.0000,3771.0000,3770.2000,3775.4000,3775.8000,3777.6000,3778.0000,3779.8000,1,1,5,1,3,1,1,1,1,4
SF,IF2012,2020-05-21 09:34:33.800,3775.8000,3820,0,53280240.000,0,-,-,-,-,3774.6000,3774.4000,3774.0000,3771.0000,3770.2000,3775.2000,3775.4000,3775.8000,3777.6000,3778.0000,1,1,5,1,3,1,1,1,1,1
SF,IF2012,2020-05-21 09:34:34.300,3775.8000,3820,0,53280240.000,0,-,-,-,-,3774.4000,3774.0000,3771.0000,3770.2000,3765.0000,3775.4000,3775.8000,3777.6000,3778.0000,3779.8000,1,5,1,3,5,1,1,1,1,4
SF,IF2012,2020-05-21 09:34:34.800,3775.8000,3820,0,53280240.000,0,-,-,-,-,3774.4000,3774.0000,3771.0000,3770.2000,3765.0000,3775.8000,3777.6000,3778.0000,3779.8000,3781.0000,1,5,1,3,5,1,1,1,4,2
SF,IF2012,2020-05-21 09:34:35.300,3775.8000,3820,0,53280240.000,0,-,-,-,-,3774.4000,3774.0000,3771.0000,3770.2000,3765.0000,3775.2000,3775.8000,3777.6000,3778.0000,3779.8000,1,5,1,3,5,1,1,1,1,4
SF,IF2012,2020-05-21 09:34:35.800,3774.4000,3820,0,54412560.000,1,0,1,多换,S,3774.0000,3771.0000,3770.2000,3765.0000,3763.6000,3775.8000,3777.6000,3778.0000,3779.8000,3781.0000,5,1,3,5,3,1,1,1,4,2
SF,IF2012,2020-05-21 09:34:36.300,3774.4000,3820,0,54412560.000,0,-,-,-,-,3774.2000,3774.0000,3771.0000,3770.2000,3765.0000,3775.8000,3777.6000,3778.0000,3779.8000,3781.0000,2,5,1,3,5,1,1,1,4,2
SF,IF2012,2020-05-21 09:34:36.800,3774.4000,3820,0,54412560.000,0,-,-,-,-,3774.2000,3774.0000,3771.0000,3770.2000,3765.0000,3775.6000,3775.8000,3777.6000,3778.0000,3779.8000,2,5,1,3,5,1,1,1,1,4
SF,IF2012,2020-05-21 09:34:39.800,3774.4000,3820,0,54412560.000,0,-,-,-,-,3774.2000,3774.0000,3771.0000,3770.2000,3765.0000,3775.8000,3777.6000,3778.0000,3779.8000,3781.0000,2,5,1,3,5,1,1,1,4,2
SF,IF2012,2020-05-21 09:34:40.300,3774.4000,3820,0,54412560.000,0,-,-,-,-,3774.4000,3774.2000,3774.0000,3771.0000,3770.2000,3775.8000,3777.6000,3778.0000,3779.8000,3781.0000,1,2,5,1,3,1,1,1,4,2
SF,IF2012,2020-05-21 09:34:40.800,3774.4000,3820,0,54412560.000,0,-,-,-,-,3774.6000,3774.2000,3774.0000,3771.0000,3770.2000,3775.8000,3777.6000,3778.0000,3779.8000,3781.0000,1,1,5,1,3,1,1,1,4,2
SF,IF2012,2020-05-21 09:34:41.300,3774.4000,3820,0,54412560.000,0,-,-,-,-,3774.2000,3774.0000,3771.0000,3770.2000,3765.0000,3775.8000,3777.6000,3778.0000,3779.8000,3781.0000,1,5,1,3,5,1,1,1,4,2
SF,IF2012,2020-05-21 09:34:41.800,3774.4000,3820,0,54412560.000,0,-,-,-,-,3774.4000,3774.2000,3774.0000,3771.0000,3770.2000,3775.8000,3777.6000,3778.0000,3779.8000,3781.0000,2,1,5,1,3,1,1,1,4,2
SF,IF2012,2020-05-21 09:34:42.300,3774.4000,3820,0,54412560.000,0,-,-,-,-,3774.6000,3774.4000,3774.0000,3771.0000,3770.2000,3775.8000,3777.6000,3778.0000,3779.8000,3781.0000,1,2,5,1,3,1,1,1,4,2
SF,IF2012,2020-05-21 09:34:42.800,3774.4000,3820,0,54412560.000,0,-,-,-,-,3774.8000,3774.6000,3774.4000,3774.0000,3771.0000,3775.8000,3777.6000,3778.0000,3779.8000,3781.0000,1,1,1,5,1,1,1,1,4,2
SF,IF2012,2020-05-21 09:34:43.300,3774.4000,3820,0,54412560.000,0,-,-,-,-,3774.6000,3774.0000,3771.0000,3770.2000,3765.0000,3775.8000,3777.6000,3778.0000,3779.8000,3781.0000,1,5,1,3,5,1,1,1,4,2
SF,IF2012,2020-05-21 09:34:43.800,3775.8000,3819,-1,55545300.000,1,0,1,双平,S,3774.8000,3774.6000,3774.0000,3771.0000,3770.2000,3777.6000,3778.0000,3779.8000,3781.0000,3781.4000,1,1,5,1,3,1,1,4,2,2
SF,IF2012,2020-05-21 09:34:44.300,3775.8000,3819,0,55545300.000,0,-,-,-,-,3775.0000,3774.0000,3771.0000,3770.2000,3765.0000,3777.4000,3777.6000,3778.0000,3779.8000,3781.0000,1,5,1,3,5,2,1,1,4,2
SF,IF2012,2020-05-21 09:34:44.800,3775.8000,3819,0,55545300.000,0,-,-,-,-,3775.0000,3774.0000,3771.0000,3770.2000,3765.0000,3777.4000,3777.6000,3778.0000,3779.8000,3781.0000,2,5,1,3,5,1,1,1,4,2
SF,IF2012,2020-05-21 09:34:45.300,3775.8000,3819,0,55545300.000,0,-,-,-,-,3775.2000,3775.0000,3774.0000,3771.0000,3770.2000,3777.4000,3777.6000,3778.0000,3779.8000,3781.0000,1,1,5,1,3,1,1,1,4,2
SF,IF2012,2020-05-21 09:34:45.800,3775.8000,3819,0,55545300.000,0,-,-,-,-,3775.4000,3775.2000,3774.0000,3771.0000,3770.2000,3777.4000,3777.6000,3778.0000,3779.8000,3781.0000,1,1,5,1,3,1,1,1,4,2
SF,IF2012,2020-05-21 09:34:46.300,3775.8000,3819,0,55545300.000,0,-,-,-,-,3775.6000,3775.4000,3774.0000,3771.0000,3770.2000,3777.4000,3777.6000,3778.0000,3779.8000,3781.0000,2,1,5,1,3,1,1,1,4,2
SF,IF2012,2020-05-21 09:34:46.800,3775.8000,3819,0,55545300.000,0,-,-,-,-,3775.8000,3775.6000,3774.0000,3771.0000,3770.2000,3777.4000,3777.6000,3778.0000,3779.8000,3781.0000,1,2,5,1,3,1,1,1,4,2
SF,IF2012,2020-05-21 09:34:47.300,3775.8000,3819,0,55545300.000,0,-,-,-,-,3776.0000,3775.8000,3774.0000,3771.0000,3770.2000,3777.2000,3777.4000,3777.6000,3778.0000,3779.8000,1,1,5,1,3,1,1,1,1,4
SF,IF2012,2020-05-21 09:34:47.800,3775.8000,3819,0,55545300.000,0,-,-,-,-,3775.8000,3774.0000,3771.0000,3770.2000,3765.0000,3777.4000,3777.6000,3778.0000,3779.8000,3781.0000,1,5,1,3,5,1,1,1,4,2
SF,IF2012,2020-05-21 09:34:48.300,3775.8000,3819,0,55545300.000,0,-,-,-,-,3776.0000,3775.8000,3774.0000,3771.0000,3770.2000,3777.4000,3777.6000,3778.0000,3779.8000,3781.0000,1,1,5,1,3,1,1,1,4,2
SF,IF2012,2020-05-21 09:34:48.800,3775.8000,3819,0,55545300.000,0,-,-,-,-,3776.2000,3775.8000,3774.0000,3771.0000,3770.2000,3777.4000,3777.6000,3778.0000,3779.8000,3781.0000,1,1,5,1,3,1,1,1,4,2
SF,IF2012,2020-05-21 09:34:49.300,3775.8000,3819,0,55545300.000,0,-,-,-,-,3775.8000,3774.0000,3771.0000,3770.2000,3765.0000,3777.4000,3777.6000,3778.0000,3779.8000,3781.0000,1,5,1,3,5,1,1,1,4,2
SF,IF2012,2020-05-21 09:34:49.800,3775.8000,3819,0,55545300.000,0,-,-,-,-,3775.8000,3774.0000,3771.0000,3770.2000,3765.0000,3777.2000,3777.4000,3777.6000,3778.0000,3779.8000,1,5,1,3,5,1,1,1,1,4
SF,IF2012,2020-05-21 09:34:50.300,3775.8000,3819,0,55545300.000,0,-,-,-,-,3776.0000,3775.8000,3774.0000,3771.0000,3770.2000,3777.4000,3777.6000,3778.0000,3779.8000,3781.0000,2,1,5,1,3,1,1,1,4,2
SF,IF2012,2020-05-21 09:34:53.800,3775.8000,3819,0,55545300.000,0,-,-,-,-,3776.0000,3775.8000,3774.0000,3771.0000,3770.2000,3777.4000,3777.6000,3778.0000,3779.8000,3781.0000,1,1,5,1,3,1,1,1,4,2
SF,IF2012,2020-05-21 09:34:54.300,3775.8000,3819,0,55545300.000,0,-,-,-,-,3776.2000,3774.0000,3771.0000,3770.2000,3765.0000,3777.4000,3777.6000,3778.0000,3779.8000,3781.0000,2,5,1,3,5,1,1,1,4,2
SF,IF2012,2020-05-21 09:35:01.800,3777.6000,3817,-2,57811800.000,2,0,2,双平,S,3776.2000,3774.0000,3771.0000,3770.2000,3765.0000,3778.0000,3779.8000,3781.0000,3781.4000,3783.2000,2,5,1,3,5,1,4,2,2,1
SF,IF2012,2020-05-21 09:35:05.800,3778.0000,3817,0,58945200.000,1,0,1,多换,S,3776.4000,3776.2000,3774.0000,3771.0000,3770.2000,3779.8000,3781.0000,3781.4000,3783.2000,3785.8000,1,2,5,1,3,4,2,2,1,3
SF,IF2012,2020-05-21 09:35:06.300,3778.0000,3817,0,58945200.000,0,-,-,-,-,3776.6000,3776.4000,3774.0000,3771.0000,3770.2000,3779.6000,3779.8000,3781.0000,3781.4000,3783.2000,1,1,5,1,3,1,4,2,2,1
SF,IF2012,2020-05-21 09:35:07.300,3778.0000,3817,0,58945200.000,0,-,-,-,-,3776.6000,3774.0000,3771.0000,3770.2000,3765.0000,3779.4000,3779.6000,3779.8000,3781.0000,3781.4000,1,5,1,3,5,1,1,4,2,2
SF,IF2012,2020-05-21 09:35:07.800,3778.0000,3817,0,58945200.000,0,-,-,-,-,3776.8000,3776.6000,3774.0000,3771.0000,3770.2000,3779.2000,3779.8000,3781.0000,3781.4000,3783.2000,1,1,5,1,3,1,4,2,2,1
SF,IF2012,2020-05-21 09:35:08.300,3778.0000,3817,0,58945200.000,0,-,-,-,-,3777.0000,3774.0000,3771.0000,3770.2000,3765.0000,3779.2000,3779.8000,3781.0000,3781.4000,3783.2000,2,5,1,3,5,1,4,2,2,1
SF,IF2012,2020-05-21 09:35:10.800,3778.0000,3817,0,58945200.000,0,-,-,-,-,3777.0000,3774.0000,3771.0000,3770.2000,3765.0000,3779.2000,3779.8000,3781.0000,3781.4000,3783.2000,1,5,1,3,5,1,4,2,2,1
SF,IF2012,2020-05-21 09:35:11.300,3778.0000,3817,0,58945200.000,0,-,-,-,-,3777.0000,3774.0000,3771.0000,3770.2000,3765.0000,3779.0000,3779.2000,3779.8000,3781.0000,3781.4000,1,5,1,3,5,1,1,4,2,2
SF,IF2012,2020-05-21 09:35:11.800,3778.0000,3817,0,58945200.000,0,-,-,-,-,3777.2000,3777.0000,3774.0000,3771.0000,3770.2000,3778.8000,3779.0000,3779.2000,3779.8000,3781.0000,1,1,5,1,3,1,1,1,4,2
SF,IF2012,2020-05-21 09:35:12.300,3778.0000,3817,0,58945200.000,0,-,-,-,-,3777.4000,3774.0000,3771.0000,3770.2000,3765.0000,3778.8000,3779.0000,3779.2000,3779.8000,3781.0000,2,5,1,3,5,1,1,1,4,2
SF,IF2012,2020-05-21 09:35:12.800,3778.0000,3817,0,58945200.000,0,-,-,-,-,3777.4000,3774.0000,3771.0000,3770.2000,3765.0000,3779.0000,3779.2000,3779.8000,3781.0000,3781.4000,2,5,1,3,5,1,1,4,2,2
SF,IF2012,2020-05-21 09:35:13.300,3778.0000,3817,0,58945200.000,0,-,-,-,-,3777.4000,3774.0000,3771.0000,3770.2000,3765.0000,3778.8000,3779.0000,3779.2000,3779.8000,3781.0000,2,5,1,3,5,1,1,1,4,2
SF,IF2012,2020-05-21 09:35:14.800,3777.4000,3817,0,60078420.000,1,0,1,多换,S,3777.4000,3774.0000,3771.0000,3770.2000,3765.0000,3778.8000,3779.0000,3779.2000,3779.8000,3781.0000,1,5,1,3,5,1,1,1,4,2
SF,IF2012,2020-05-21 09:35:15.300,3777.4000,3817,0,60078420.000,0,-,-,-,-,3774.0000,3771.0000,3770.2000,3765.0000,3763.6000,3778.6000,3778.8000,3779.0000,3779.8000,3781.0000,5,1,3,5,3,1,1,1,4,2
SF,IF2012,2020-05-21 09:35:15.800,3777.4000,3817,0,60078420.000,0,-,-,-,-,3774.2000,3774.0000,3771.0000,3770.2000,3765.0000,3778.4000,3778.6000,3779.8000,3781.0000,3781.4000,2,5,1,3,5,1,1,4,2,2
SF,IF2012,2020-05-21 09:35:16.300,3777.4000,3817,0,60078420.000,0,-,-,-,-,3774.2000,3774.0000,3771.0000,3770.2000,3765.0000,3778.2000,3778.4000,3779.8000,3781.0000,3781.4000,2,5,1,3,5,1,1,4,2,2
SF,IF2012,2020-05-21 09:35:16.800,3777.4000,3817,0,60078420.000,0,-,-,-,-,3774.2000,3774.0000,3771.0000,3770.2000,3765.0000,3778.0000,3778.2000,3779.8000,3781.0000,3781.4000,2,5,1,3,5,1,1,4,2,2
SF,IF2012,2020-05-21 09:35:17.300,3777.8000,3817,0,61211760.000,1,0,1,多换,S,3775.2000,3774.4000,3774.2000,3774.0000,3771.0000,3778.0000,3779.8000,3781.0000,3781.4000,3783.2000,1,1,2,5,1,1,4,2,2,1
SF,IF2012,2020-05-21 09:35:17.800,3777.8000,3817,0,61211760.000,0,-,-,-,-,3775.4000,3775.2000,3774.4000,3774.0000,3771.0000,3778.0000,3779.8000,3781.0000,3781.4000,3783.2000,3,1,1,5,1,1,4,2,2,1
SF,IF2012,2020-05-21 09:35:18.300,3777.8000,3817,0,62345100.000,1,0,1,多换,S,3775.4000,3775.2000,3774.4000,3774.0000,3771.0000,3778.0000,3779.8000,3781.0000,3781.4000,3783.2000,3,1,1,5,1,1,4,2,2,1
SF,IF2012,2020-05-21 09:35:20.300,3777.8000,3817,0,62345100.000,0,-,-,-,-,3775.6000,3775.4000,3775.2000,3774.0000,3771.0000,3778.0000,3779.8000,3781.0000,3781.4000,3783.2000,1,3,1,5,1,1,4,2,2,1
SF,IF2012,2020-05-21 09:35:20.800,3777.8000,3817,0,62345100.000,0,-,-,-,-,3775.8000,3775.6000,3775.2000,3774.0000,3771.0000,3778.0000,3779.8000,3781.0000,3781.4000,3783.2000,3,1,1,5,1,1,4,2,2,1
SF,IF2012,2020-05-21 09:35:21.300,3777.8000,3817,0,62345100.000,0,-,-,-,-,3775.8000,3775.6000,3775.2000,3774.0000,3771.0000,3778.0000,3779.8000,3781.0000,3781.4000,3783.2000,2,1,1,5,1,1,4,2,2,1
SF,IF2012,2020-05-21 09:35:22.800,3777.8000,3817,0,62345100.000,0,-,-,-,-,3776.0000,3775.8000,3775.2000,3774.0000,3771.0000,3778.0000,3779.8000,3781.0000,3781.4000,3783.2000,1,2,1,5,1,1,4,2,2,1
SF,IF2012,2020-05-21 09:35:23.300,3777.8000,3817,0,62345100.000,0,-,-,-,-,3776.2000,3776.0000,3775.2000,3774.0000,3771.0000,3779.8000,3781.0000,3781.4000,3783.2000,3785.8000,3,2,1,5,1,4,2,2,1,3
SF,IF2012,2020-05-21 09:35:23.800,3777.8000,3817,0,62345100.000,0,-,-,-,-,3776.2000,3776.0000,3775.2000,3774.0000,3771.0000,3779.6000,3779.8000,3781.0000,3781.4000,3783.2000,1,2,1,5,1,1,4,2,2,1
SF,IF2012,2020-05-21 09:35:24.300,3777.8000,3817,0,62345100.000,0,-,-,-,-,3776.2000,3776.0000,3775.2000,3774.0000,3771.0000,3779.4000,3779.6000,3779.8000,3781.0000,3781.4000,1,2,1,5,1,1,1,4,2,2
SF,IF2012,2020-05-21 09:35:24.800,3777.8000,3817,0,62345100.000,0,-,-,-,-,3776.6000,3776.2000,3776.0000,3775.2000,3774.0000,3779.2000,3779.4000,3779.8000,3781.0000,3781.4000,1,1,2,1,5,1,1,4,2,2
SF,IF2012,2020-05-21 09:35:25.300,3777.8000,3817,0,62345100.000,0,-,-,-,-,3776.8000,3776.6000,3776.0000,3775.2000,3774.0000,3779.2000,3779.4000,3779.8000,3781.0000,3781.4000,1,1,2,1,5,1,1,4,2,2
SF,IF2012,2020-05-21 09:35:27.300,3777.8000,3817,0,62345100.000,0,-,-,-,-,3776.8000,3776.0000,3775.2000,3774.0000,3771.0000,3779.0000,3779.2000,3779.4000,3779.8000,3781.0000,1,2,1,5,1,1,1,1,4,2
SF,IF2012,2020-05-21 09:35:30.800,3777.8000,3817,0,62345100.000,0,-,-,-,-,3777.0000,3776.8000,3776.0000,3775.2000,3774.0000,3779.0000,3779.2000,3779.4000,3779.8000,3781.0000,1,1,1,1,5,1,1,1,4,2
SF,IF2012,2020-05-21 09:35:31.300,3777.8000,3817,0,62345100.000,0,-,-,-,-,3777.2000,3777.0000,3776.0000,3775.2000,3774.0000,3778.8000,3779.4000,3779.8000,3781.0000,3781.4000,2,1,1,1,5,1,1,4,2,2
SF,IF2012,2020-05-21 09:35:31.800,3777.8000,3817,0,62345100.000,0,-,-,-,-,3777.2000,3777.0000,3776.0000,3775.2000,3774.0000,3778.6000,3779.4000,3779.8000,3781.0000,3781.4000,2,1,1,1,5,1,1,4,2,2
SF,IF2012,2020-05-21 09:35:32.300,3777.8000,3817,0,62345100.000,0,-,-,-,-,3777.2000,3776.0000,3775.2000,3774.0000,3771.0000,3778.6000,3779.4000,3779.8000,3781.0000,3781.4000,2,1,1,5,1,1,1,4,2,2
SF,IF2012,2020-05-21 09:35:34.300,3778.4000,3816,-1,63478620.000,1,0,1,双平,S,3777.2000,3776.0000,3775.2000,3774.0000,3771.0000,3778.6000,3779.4000,3779.8000,3781.0000,3781.4000,2,1,1,5,1,1,1,4,2,2
SF,IF2012,2020-05-21 09:35:44.300,3777.2000,3814,-2,65744940.000,2,0,2,双平,S,3776.0000,3775.2000,3774.0000,3771.0000,3770.2000,3778.6000,3779.4000,3779.8000,3781.0000,3781.4000,1,1,5,1,3,1,1,4,2,2
SF,IF2012,2020-05-21 09:35:44.800,3777.2000,3814,0,65744940.000,0,-,-,-,-,3776.2000,3775.2000,3774.0000,3771.0000,3770.2000,3778.4000,3778.6000,3779.4000,3779.8000,3781.0000,1,1,5,1,3,1,1,1,4,2
SF,IF2012,2020-05-21 09:35:45.300,3777.2000,3814,0,65744940.000,0,-,-,-,-,3776.2000,3775.2000,3774.0000,3771.0000,3770.2000,3778.2000,3778.4000,3778.6000,3779.4000,3779.8000,1,1,5,1,3,1,1,1,1,4
SF,IF2012,2020-05-21 09:35:45.800,3778.0000,3814,0,66878340.000,1,0,1,多换,S,3776.4000,3776.2000,3775.2000,3774.0000,3771.0000,3778.2000,3779.4000,3779.8000,3781.0000,3781.4000,1,1,1,5,1,1,1,4,2,2
SF,IF2012,2020-05-21 09:35:46.300,3778.0000,3814,0,66878340.000,0,-,-,-,-,3776.6000,3776.4000,3775.2000,3774.0000,3771.0000,3778.2000,3779.4000,3779.8000,3781.0000,3781.4000,1,1,1,5,1,1,1,4,2,2
SF,IF2012,2020-05-21 09:35:47.300,3778.0000,3814,0,66878340.000,0,-,-,-,-,3776.8000,3776.6000,3776.4000,3775.2000,3774.0000,3778.2000,3779.4000,3779.8000,3781.0000,3781.4000,1,1,1,1,5,1,1,4,2,2
SF,IF2012,2020-05-21 09:35:47.800,3778.0000,3814,0,66878340.000,0,-,-,-,-,3777.0000,3776.8000,3776.4000,3775.2000,3774.0000,3779.4000,3779.8000,3781.0000,3781.4000,3783.2000,1,1,1,1,5,1,4,2,2,1
SF,IF2012,2020-05-21 09:35:48.300,3777.2000,3815,1,68011500.000,1,1,0,双开,S,3777.0000,3775.2000,3774.0000,3771.0000,3770.2000,3779.2000,3779.4000,3779.8000,3781.0000,3781.4000,1,1,5,1,3,3,1,4,2,2
SF,IF2012,2020-05-21 09:35:48.800,3777.2000,3815,0,68011500.000,0,-,-,-,-,3777.0000,3775.2000,3774.0000,3771.0000,3770.2000,3779.0000,3779.2000,3779.8000,3781.0000,3781.4000,1,1,5,1,3,1,3,4,2,2
SF,IF2012,2020-05-21 09:35:49.300,3777.2000,3815,0,68011500.000,0,-,-,-,-,3777.0000,3775.2000,3774.0000,3771.0000,3770.2000,3778.8000,3779.0000,3779.2000,3779.8000,3781.0000,1,1,5,1,3,1,1,2,4,2
SF,IF2012,2020-05-21 09:35:51.800,3777.2000,3815,0,68011500.000,0,-,-,-,-,3777.0000,3775.2000,3774.0000,3771.0000,3770.2000,3778.8000,3779.0000,3779.2000,3779.8000,3781.0000,1,1,5,1,3,1,1,1,4,2
SF,IF2012,2020-05-21 09:36:01.300,3777.2000,3815,0,68011500.000,0,-,-,-,-,3777.0000,3775.2000,3774.0000,3771.0000,3770.2000,3778.6000,3778.8000,3779.2000,3779.8000,3781.0000,1,1,5,1,3,1,1,1,4,2
SF,IF2012,2020-05-21 09:36:01.800,3777.0000,3814,-1,69144600.000,1,0,1,双平,S,3775.2000,3774.0000,3771.0000,3770.2000,3765.0000,3778.4000,3778.6000,3778.8000,3779.2000,3779.8000,1,5,1,3,5,1,1,1,1,4
SF,IF2012,2020-05-21 09:36:02.300,3777.0000,3814,0,69144600.000,0,-,-,-,-,3775.6000,3775.4000,3775.2000,3774.0000,3771.0000,3777.0000,3778.2000,3779.8000,3781.0000,3781.4000,1,1,1,5,1,1,2,4,2,2
SF,IF2012,2020-05-21 09:36:02.800,3777.0000,3815,1,70277700.000,1,1,0,双开,S,3775.8000,3774.0000,3771.0000,3770.2000,3765.0000,3778.2000,3779.8000,3781.0000,3781.4000,3783.2000,1,5,1,3,5,2,4,2,2,1
SF,IF2012,2020-05-21 09:36:03.300,3777.0000,3815,0,70277700.000,0,-,-,-,-,3775.8000,3774.0000,3771.0000,3770.2000,3765.0000,3778.0000,3778.2000,3779.8000,3781.0000,3781.4000,1,5,1,3,5,2,1,4,2,2
SF,IF2012,2020-05-21 09:36:03.800,3777.0000,3815,0,70277700.000,0,-,-,-,-,3775.8000,3774.0000,3771.0000,3770.2000,3765.0000,3777.8000,3778.0000,3779.8000,3781.0000,3781.4000,1,5,1,3,5,1,2,4,2,2
SF,IF2012,2020-05-21 09:36:04.300,3777.0000,3815,0,70277700.000,0,-,-,-,-,3775.8000,3774.0000,3771.0000,3770.2000,3765.0000,3777.0000,3777.6000,3777.8000,3778.0000,3779.8000,1,5,1,3,5,1,1,1,1,4
SF,IF2012,2020-05-21 09:36:04.800,3777.0000,3815,0,70277700.000,0,-,-,-,-,3775.8000,3774.0000,3771.0000,3770.2000,3765.0000,3777.0000,3777.6000,3777.8000,3779.8000,3781.0000,1,5,1,3,5,1,1,1,4,2
SF,IF2012,2020-05-21 09:36:05.800,3777.0000,3814,-1,71410800.000,1,0,1,双平,S,3775.8000,3774.0000,3771.0000,3770.2000,3765.0000,3777.6000,3777.8000,3779.8000,3781.0000,3781.4000,1,5,1,3,5,1,1,4,2,2
SF,IF2012,2020-05-21 09:36:06.300,3777.0000,3814,0,71410800.000,0,-,-,-,-,3775.8000,3774.0000,3771.0000,3770.2000,3765.0000,3779.8000,3781.0000,3781.4000,3783.2000,3785.8000,1,5,1,3,5,4,2,2,1,3
SF,IF2012,2020-05-21 09:36:06.800,3777.0000,3814,0,71410800.000,0,-,-,-,-,3775.8000,3774.0000,3771.0000,3770.2000,3765.0000,3779.6000,3779.8000,3781.0000,3781.4000,3783.2000,1,5,1,3,5,2,4,2,2,1
SF,IF2012,2020-05-21 09:36:10.800,3777.0000,3814,0,71410800.000,0,-,-,-,-,3775.8000,3774.0000,3771.0000,3770.2000,3765.0000,3779.4000,3779.6000,3779.8000,3781.0000,3781.4000,1,5,1,3,5,1,2,4,2,2
SF,IF2012,2020-05-21 09:36:11.300,3777.0000,3814,0,71410800.000,0,-,-,-,-,3775.8000,3774.0000,3771.0000,3770.2000,3765.0000,3779.2000,3779.4000,3779.8000,3781.0000,3781.4000,1,5,1,3,5,4,1,4,2,2
SF,IF2012,2020-05-21 09:36:11.800,3777.0000,3814,0,71410800.000,0,-,-,-,-,3775.8000,3774.0000,3771.0000,3770.2000,3765.0000,3779.2000,3779.4000,3779.8000,3781.0000,3781.4000,1,5,1,3,5,3,1,4,2,2
SF,IF2012,2020-05-21 09:36:12.300,3777.0000,3814,0,71410800.000,0,-,-,-,-,3775.8000,3774.0000,3771.0000,3770.2000,3765.0000,3779.2000,3779.8000,3781.0000,3781.4000,3783.2000,1,5,1,3,5,3,4,2,2,1
SF,IF2012,2020-05-21 09:36:14.800,3777.0000,3814,0,71410800.000,0,-,-,-,-,3775.8000,3775.0000,3774.0000,3771.0000,3770.2000,3779.2000,3779.8000,3781.0000,3781.4000,3783.2000,1,2,5,1,3,3,4,2,2,1
SF,IF2012,2020-05-21 09:36:21.300,3777.0000,3814,0,71410800.000,0,-,-,-,-,3776.2000,3775.8000,3775.0000,3774.0000,3771.0000,3779.2000,3779.8000,3781.0000,3781.4000,3783.2000,1,1,2,5,1,2,4,2,2,1
SF,IF2012,2020-05-21 09:36:21.800,3777.0000,3814,0,71410800.000,0,-,-,-,-,3776.4000,3776.2000,3775.0000,3774.0000,3771.0000,3779.2000,3779.8000,3781.0000,3781.4000,3783.2000,1,1,2,5,1,1,4,2,2,1
SF,IF2012,2020-05-21 09:36:22.300,3777.0000,3814,0,71410800.000,0,-,-,-,-,3776.6000,3776.4000,3775.0000,3774.0000,3771.0000,3779.2000,3779.8000,3781.0000,3781.4000,3783.2000,1,1,2,5,1,1,4,2,2,1
SF,IF2012,2020-05-21 09:36:22.800,3777.0000,3814,0,71410800.000,0,-,-,-,-,3776.8000,3776.6000,3775.0000,3774.0000,3771.0000,3779.2000,3779.8000,3781.0000,3781.4000,3783.2000,1,1,2,5,1,1,4,2,2,1
SF,IF2012,2020-05-21 09:36:23.300,3777.0000,3814,0,71410800.000,0,-,-,-,-,3777.0000,3776.8000,3775.0000,3774.0000,3771.0000,3779.2000,3779.8000,3781.0000,3781.4000,3783.2000,2,1,2,5,1,1,4,2,2,1
SF,IF2012,2020-05-21 09:36:23.800,3777.0000,3814,0,71410800.000,0,-,-,-,-,3777.2000,3777.0000,3775.0000,3774.0000,3771.0000,3779.2000,3779.8000,3781.0000,3781.4000,3783.2000,1,2,2,5,1,1,4,2,2,1
SF,IF2012,2020-05-21 09:36:24.300,3777.0000,3814,0,71410800.000,0,-,-,-,-,3777.4000,3777.2000,3775.0000,3774.0000,3771.0000,3779.2000,3779.8000,3781.0000,3781.4000,3783.2000,2,1,2,5,1,1,4,2,2,1
SF,IF2012,2020-05-21 09:36:24.800,3777.0000,3814,0,71410800.000,0,-,-,-,-,3777.6000,3777.4000,3775.0000,3774.0000,3771.0000,3779.2000,3779.8000,3781.0000,3781.4000,3783.2000,1,1,2,5,1,1,4,2,2,1
SF,IF2012,2020-05-21 09:36:25.800,3777.0000,3814,0,71410800.000,0,-,-,-,-,3777.6000,3777.4000,3777.0000,3775.0000,3774.0000,3779.2000,3779.8000,3781.0000,3781.4000,3783.2000,1,1,1,2,5,1,4,2,2,1
SF,IF2012,2020-05-21 09:36:26.300,3777.0000,3814,0,71410800.000,0,-,-,-,-,3777.6000,3777.0000,3775.0000,3774.0000,3771.0000,3779.2000,3779.8000,3781.0000,3781.4000,3783.2000,1,1,2,5,1,1,4,2,2,1
SF,IF2012,2020-05-21 09:36:27.300,3777.0000,3814,0,71410800.000,0,-,-,-,-,3777.8000,3777.6000,3777.0000,3775.0000,3774.0000,3779.2000,3779.8000,3781.0000,3781.4000,3783.2000,1,1,1,2,5,1,4,2,2,1
SF,IF2012,2020-05-21 09:36:27.800,3777.0000,3814,0,71410800.000,0,-,-,-,-,3778.0000,3777.8000,3777.0000,3775.0000,3774.0000,3779.2000,3779.8000,3781.0000,3781.4000,3783.2000,1,1,1,2,5,1,4,2,2,1
SF,IF2012,2020-05-21 09:36:28.800,3777.0000,3814,0,71410800.000,0,-,-,-,-,3778.0000,3777.0000,3775.0000,3774.0000,3771.0000,3779.2000,3779.8000,3781.0000,3781.4000,3783.2000,1,1,2,5,1,1,4,2,2,1
SF,IF2012,2020-05-21 09:36:30.300,3778.0000,3813,-1,72544200.000,1,0,1,双平,S,3777.0000,3775.0000,3774.0000,3771.0000,3770.2000,3779.2000,3779.8000,3781.0000,3781.4000,3783.2000,1,2,5,1,3,1,4,2,2,1
SF,IF2012,2020-05-21 09:36:30.800,3778.0000,3813,0,72544200.000,0,-,-,-,-,3777.2000,3777.0000,3775.0000,3774.0000,3771.0000,3779.0000,3779.2000,3779.8000,3781.0000,3781.4000,1,1,2,5,1,1,1,4,2,2
SF,IF2012,2020-05-21 09:36:31.300,3778.0000,3813,0,72544200.000,0,-,-,-,-,3777.2000,3777.0000,3775.0000,3774.0000,3771.0000,3778.8000,3779.0000,3779.8000,3781.0000,3781.4000,1,1,2,5,1,1,1,4,2,2
SF,IF2012,2020-05-21 09:36:32.300,3778.0000,3813,0,72544200.000,0,-,-,-,-,3777.2000,3777.0000,3775.0000,3774.0000,3771.0000,3778.6000,3778.8000,3779.0000,3779.8000,3781.0000,1,1,2,5,1,1,1,1,4,2
SF,IF2012,2020-05-21 09:36:36.300,3778.0000,3813,0,72544200.000,0,-,-,-,-,3777.2000,3777.0000,3775.0000,3774.0000,3771.0000,3778.8000,3779.0000,3779.8000,3781.0000,3781.4000,1,1,2,5,1,1,1,4,2,2
SF,IF2012,2020-05-21 09:36:36.800,3778.0000,3813,0,72544200.000,0,-,-,-,-,3777.4000,3777.2000,3777.0000,3775.0000,3774.0000,3778.8000,3779.0000,3779.8000,3781.0000,3781.4000,1,1,1,2,5,1,1,4,2,2
SF,IF2012,2020-05-21 09:36:37.300,3778.0000,3813,0,72544200.000,0,-,-,-,-,3777.6000,3777.4000,3777.0000,3775.0000,3774.0000,3778.8000,3779.0000,3779.8000,3781.0000,3781.4000,1,1,1,2,5,1,1,4,2,2
SF,IF2012,2020-05-21 09:36:37.800,3778.0000,3813,0,72544200.000,0,-,-,-,-,3777.6000,3777.0000,3775.0000,3774.0000,3771.0000,3778.8000,3779.0000,3779.8000,3781.0000,3781.4000,1,1,2,5,1,1,1,4,2,2
SF,IF2012,2020-05-21 09:36:38.300,3778.0000,3813,0,72544200.000,0,-,-,-,-,3777.6000,3777.0000,3775.0000,3774.0000,3771.0000,3778.8000,3779.8000,3781.0000,3781.4000,3783.2000,1,1,2,5,1,1,4,2,2,1
SF,IF2012,2020-05-21 09:36:39.300,3778.0000,3813,0,72544200.000,0,-,-,-,-,3777.8000,3777.6000,3777.0000,3775.0000,3774.0000,3778.8000,3779.8000,3781.0000,3781.4000,3783.2000,1,1,1,2,5,1,4,2,2,1
SF,IF2012,2020-05-21 09:36:41.300,3778.0000,3813,0,72544200.000,0,-,-,-,-,3777.6000,3777.0000,3775.0000,3774.0000,3771.0000,3778.8000,3779.8000,3781.0000,3781.4000,3783.2000,1,1,2,5,1,1,4,2,2,1
SF,IF2012,2020-05-21 09:36:42.800,3778.0000,3813,0,72544200.000,0,-,-,-,-,3778.0000,3777.6000,3777.0000,3775.0000,3774.0000,3778.8000,3779.8000,3781.0000,3781.4000,3783.2000,1,1,1,2,5,1,4,2,2,1
SF,IF2012,2020-05-21 09:36:43.300,3778.0000,3813,0,72544200.000,0,-,-,-,-,3778.0000,3777.0000,3775.0000,3774.0000,3771.0000,3778.8000,3779.8000,3781.0000,3781.4000,3783.2000,1,1,2,5,1,1,4,2,2,1
SF,IF2012,2020-05-21 09:36:43.800,3778.0000,3814,1,73677600.000,1,1,0,双开,S,3777.0000,3775.0000,3774.0000,3771.0000,3770.2000,3778.8000,3779.8000,3781.0000,3781.4000,3783.2000,1,2,5,1,3,1,4,2,2,1
SF,IF2012,2020-05-21 09:36:44.300,3778.0000,3814,0,73677600.000,0,-,-,-,-,3777.2000,3777.0000,3775.0000,3774.0000,3771.0000,3778.8000,3779.8000,3781.0000,3781.4000,3783.2000,1,1,2,5,1,1,4,2,2,1
SF,IF2012,2020-05-21 09:36:45.300,3778.0000,3814,0,73677600.000,0,-,-,-,-,3777.4000,3777.2000,3777.0000,3775.0000,3774.0000,3778.6000,3778.8000,3779.8000,3781.0000,3781.4000,2,1,1,2,5,1,1,4,2,2
SF,IF2012,2020-05-21 09:36:45.800,3778.0000,3814,0,73677600.000,0,-,-,-,-,3777.2000,3777.0000,3775.0000,3774.0000,3771.0000,3778.6000,3778.8000,3779.8000,3781.0000,3781.4000,1,1,2,5,1,1,1,4,2,2
SF,IF2012,2020-05-21 09:36:50.800,3778.0000,3814,0,73677600.000,0,-,-,-,-,3777.4000,3777.2000,3777.0000,3775.0000,3774.0000,3778.6000,3778.8000,3779.8000,3781.0000,3781.4000,1,1,1,2,5,1,1,4,2,2
SF,IF2012,2020-05-21 09:36:51.300,3778.0000,3814,0,73677600.000,0,-,-,-,-,3777.4000,3777.2000,3777.0000,3775.0000,3774.0000,3778.8000,3779.8000,3781.0000,3781.4000,3783.2000,1,1,1,2,5,1,4,2,2,1
SF,IF2012,2020-05-21 09:36:51.800,3778.0000,3814,0,73677600.000,0,-,-,-,-,3777.2000,3777.0000,3775.0000,3774.0000,3771.0000,3778.8000,3779.8000,3781.0000,3781.4000,3783.2000,1,1,2,5,1,1,4,2,2,1
SF,IF2012,2020-05-21 09:36:53.300,3778.0000,3814,0,73677600.000,0,-,-,-,-,3777.2000,3777.0000,3775.0000,3774.0000,3771.0000,3778.6000,3778.8000,3779.8000,3781.0000,3781.4000,2,1,2,5,1,1,1,4,2,2
SF,IF2012,2020-05-21 09:36:53.800,3778.0000,3814,0,73677600.000,0,-,-,-,-,3777.2000,3777.0000,3775.0000,3774.0000,3771.0000,3778.6000,3778.8000,3779.8000,3781.0000,3781.4000,1,1,2,5,1,1,1,4,2,2
SF,IF2012,2020-05-21 09:36:57.800,3778.0000,3814,0,73677600.000,0,-,-,-,-,3777.2000,3777.0000,3775.0000,3774.0000,3771.0000,3778.8000,3779.8000,3781.0000,3781.4000,3783.2000,1,1,2,5,1,1,4,2,2,1
SF,IF2012,2020-05-21 09:36:58.300,3778.0000,3814,0,73677600.000,0,-,-,-,-,3777.4000,3777.2000,3777.0000,3775.0000,3774.0000,3778.8000,3779.8000,3781.0000,3781.4000,3783.2000,1,1,1,2,5,1,4,2,2,1
SF,IF2012,2020-05-21 09:36:59.800,3778.0000,3814,0,73677600.000,0,-,-,-,-,3777.2000,3777.0000,3775.0000,3774.0000,3771.0000,3778.8000,3779.8000,3781.0000,3781.4000,3783.2000,1,1,2,5,1,1,4,2,2,1
SF,IF2012,2020-05-21 09:37:00.800,3778.0000,3814,0,73677600.000,0,-,-,-,-,3777.2000,3777.0000,3775.0000,3774.0000,3771.0000,3778.6000,3778.8000,3779.8000,3781.0000,3781.4000,1,1,2,5,1,1,1,4,2,2
SF,IF2012,2020-05-21 09:37:01.300,3778.0000,3814,0,73677600.000,0,-,-,-,-,3777.4000,3777.2000,3777.0000,3775.0000,3774.0000,3778.6000,3778.8000,3779.8000,3781.0000,3781.4000,1,1,1,2,5,1,1,4,2,2
