市场代码,合约代码,时间,最新,持仓,增仓,成交额,成交量,开仓,平仓,成交类型,方向,买一价,买二价,买三价,买四价,买五价,卖一价,卖二价,卖三价,卖四价,卖五价,买一量,买二量,买三量,买四量,买五量,卖一量,卖二量,卖三量,卖四量,卖五量
SF,IF2003,2020-01-20 09:29:00.300,4189.8000,46622,0,17597160.000,14.000,-,-,-,-,4188.8000,4188.6000,4188.0000,4187.4000,4187.2000,4189.8000,4190.0000,4190.4000,4190.6000,4191.4000,1,1,1,3,1,1,3,1,1,1
SF,IF2003,2020-01-20 09:30:00.300,4190.4000,46616,-6,45254760.000,22,8,14,多平,S,4190.4000,4190.0000,4189.8000,4189.0000,4188.8000,4191.8000,4192.0000,4192.2000,4192.4000,4192.6000,4,11,6,9,1,1,2,1,2,1
SF,IF2003,2020-01-20 09:30:00.800,4190.6000,46613,-3,52798620.000,6,1,5,多平,S,4191.8000,4190.6000,4190.4000,4190.0000,4189.8000,4192.0000,4192.2000,4192.4000,4192.6000,4193.0000,1,15,6,7,6,1,1,2,1,2
SF,IF2003,2020-01-20 09:30:01.300,4192.6000,46600,-13,72920880.000,16,1,15,多平,S,4192.0000,4191.8000,4191.6000,4191.4000,4191.0000,4193.0000,4193.8000,4194.0000,4194.2000,4195.0000,12,1,4,1,1,2,2,1,1,1
SF,IF2003,2020-01-20 09:30:01.800,4193.0000,46595,-5,81724860.000,7,1,6,多平,S,4192.6000,4192.0000,4191.8000,4190.6000,4190.4000,4193.0000,4193.8000,4194.0000,4194.2000,4195.0000,2,5,1,4,4,1,2,1,1,1
SF,IF2003,2020-01-20 09:30:02.300,4192.6000,46596,1,86755860.000,4,2,2,空开,S,4192.0000,4191.8000,4190.6000,4190.4000,4190.0000,4192.8000,4193.0000,4193.8000,4194.0000,4194.2000,5,1,4,4,8,2,1,2,1,1
SF,IF2003,2020-01-20 09:30:02.800,4192.0000,46595,-1,89271120.000,2,0,2,多平,S,4192.0000,4191.8000,4191.2000,4190.6000,4190.4000,4192.4000,4192.6000,4192.8000,4193.0000,4193.8000,4,1,1,4,4,1,1,1,1,2
SF,IF2003,2020-01-20 09:30:03.300,4192.0000,46593,-2,95559360.000,5,1,4,多平,S,4191.8000,4191.2000,4190.6000,4190.4000,4190.0000,4192.0000,4192.2000,4192.8000,4193.0000,4193.8000,1,1,4,4,8,1,1,1,1,2
SF,IF2003,2020-01-20 09:30:03.800,4190.6000,46592,-1,101846220.000,5,2,3,多平,S,4190.6000,4190.4000,4190.0000,4189.8000,4189.0000,4191.8000,4192.0000,4192.2000,4192.8000,4193.0000,2,3,8,4,2,1,3,1,1,1
SF,IF2003,2020-01-20 09:30:04.300,4190.6000,46592,0,103103400.000,1,0,1,多换,S,4191.4000,4191.2000,4191.0000,4190.8000,4190.6000,4191.6000,4191.8000,4192.0000,4192.2000,4192.8000,4,1,1,3,2,7,1,5,1,1
SF,IF2003,2020-01-20 09:30:04.800,4191.6000,46588,-4,113163060.000,8,2,6,多平,S,4191.4000,4191.0000,4190.8000,4190.6000,4190.4000,4191.6000,4191.8000,4192.0000,4192.2000,4192.8000,1,1,4,3,2,3,1,5,1,1
SF,IF2003,2020-01-20 09:30:05.300,4190.4000,46584,-4,120706440.000,6,1,5,多平,S,4190.0000,4189.8000,4189.0000,4188.6000,4188.0000,4191.4000,4191.6000,4191.8000,4192.0000,4192.2000,8,4,2,1,4,1,4,1,7,1
SF,IF2003,2020-01-20 09:30:05.800,4190.4000,46584,0,120706440.000,0,-,-,-,-,4190.2000,4190.0000,4189.8000,4189.0000,4188.6000,4191.4000,4191.6000,4191.8000,4192.0000,4192.2000,6,9,4,2,1,1,2,1,7,1
SF,IF2003,2020-01-20 09:30:06.300,4190.2000,46584,0,121963500.000,1,0,1,多换,S,4190.2000,4190.0000,4189.8000,4189.0000,4188.6000,4191.2000,4191.4000,4191.6000,4191.8000,4192.0000,5,10,4,1,1,1,1,2,1,7
SF,IF2003,2020-01-20 09:30:06.800,4190.2000,46583,-1,123220560.000,1,0,1,双平,S,4190.4000,4190.2000,4190.0000,4189.8000,4189.0000,4190.6000,4191.2000,4191.4000,4191.6000,4191.8000,1,4,10,3,1,2,2,1,2,1
SF,IF2003,2020-01-20 09:30:07.300,4191.2000,46583,0,125735280.000,2,1,1,多换,S,4190.6000,4190.4000,4190.2000,4190.0000,4189.8000,4191.4000,4191.6000,4191.8000,4192.0000,4192.2000,1,1,1,10,3,1,2,1,7,1
SF,IF2003,2020-01-20 09:30:07.800,4190.2000,46580,-3,133278120.000,6,1,5,多平,S,4190.0000,4189.8000,4189.0000,4188.6000,4188.0000,4191.2000,4191.4000,4191.6000,4191.8000,4192.0000,10,3,1,1,4,1,1,1,1,7
SF,IF2003,2020-01-20 09:30:08.300,4191.0000,46582,2,137049780.000,3,2,1,空开,S,4190.0000,4189.8000,4189.0000,4188.6000,4188.0000,4191.2000,4191.4000,4191.6000,4191.8000,4192.0000,9,4,1,1,4,1,1,1,1,6
SF,IF2003,2020-01-20 09:30:08.800,4190.2000,46580,-2,140820900.000,3,0,3,多平,S,4190.2000,4190.0000,4189.8000,4189.0000,4188.6000,4191.2000,4191.4000,4191.6000,4191.8000,4192.0000,3,8,4,1,1,1,1,1,1,6
SF,IF2003,2020-01-20 09:30:09.300,4190.2000,46580,0,140820900.000,0,-,-,-,-,4190.0000,4189.8000,4189.0000,4188.6000,4188.0000,4191.0000,4191.2000,4191.4000,4191.6000,4192.0000,7,4,1,1,4,3,1,1,1,6
SF,IF2003,2020-01-20 09:30:09.800,4190.0000,46580,0,147105900.000,5,2,3,多换,S,4190.0000,4189.8000,4189.0000,4188.6000,4188.0000,4190.4000,4191.0000,4191.2000,4191.4000,4191.6000,2,4,1,1,4,3,3,1,1,1
SF,IF2003,2020-01-20 09:30:10.300,4190.0000,46578,-2,150876960.000,3,0,3,多平,S,4189.8000,4189.0000,4188.6000,4188.0000,4187.2000,4190.2000,4190.4000,4191.0000,4191.2000,4191.4000,4,1,1,4,1,1,3,4,1,1
SF,IF2003,2020-01-20 09:30:10.800,4190.4000,46578,0,155905380.000,4,2,2,多换,S,4189.8000,4189.0000,4188.6000,4188.0000,4187.2000,4191.0000,4191.2000,4191.4000,4191.6000,4192.0000,4,1,1,4,1,4,1,1,1,6
SF,IF2003,2020-01-20 09:30:11.300,4189.8000,46577,-1,159676320.000,3,1,2,多平,S,4189.8000,4189.0000,4188.6000,4188.0000,4187.2000,4190.2000,4190.8000,4191.0000,4191.2000,4191.4000,3,1,1,4,1,1,1,2,1,1
SF,IF2003,2020-01-20 09:30:11.800,4189.8000,46574,-3,165961560.000,5,1,4,多平,S,4189.8000,4189.0000,4188.6000,4188.0000,4187.2000,4191.0000,4191.2000,4191.4000,4191.6000,4192.0000,1,1,1,4,1,2,1,1,1,6
SF,IF2003,2020-01-20 09:30:12.300,4190.0000,46571,-3,172247160.000,5,1,4,多平,S,4189.8000,4189.0000,4188.6000,4188.0000,4187.2000,4191.2000,4191.4000,4191.6000,4192.0000,4192.2000,3,1,1,4,1,1,1,1,5,1
SF,IF2003,2020-01-20 09:30:12.800,4190.0000,46570,-1,174761160.000,2,0,2,多平,S,4190.2000,4190.0000,4189.8000,4189.0000,4188.6000,4191.0000,4191.2000,4191.4000,4191.6000,4192.0000,2,1,3,1,1,3,1,1,1,5
SF,IF2003,2020-01-20 09:30:13.300,4190.6000,46569,-1,179790240.000,4,1,3,多平,S,4190.6000,4190.4000,4190.2000,4190.0000,4189.8000,4191.2000,4191.4000,4191.6000,4192.0000,4192.2000,4,6,2,6,3,1,1,1,5,1
SF,IF2003,2020-01-20 09:30:13.800,4191.2000,46565,-4,184819380.000,4,0,4,双平,S,4191.2000,4190.8000,4190.6000,4190.4000,4190.2000,4191.4000,4191.6000,4192.0000,4192.2000,4192.8000,1,3,10,7,3,1,1,5,1,2
SF,IF2003,2020-01-20 09:30:14.300,4191.4000,46563,-2,188591400.000,3,0,3,多平,S,4191.4000,4190.6000,4190.4000,4190.2000,4190.0000,4191.6000,4192.0000,4192.2000,4192.8000,4193.0000,1,1,1,2,3,1,5,1,2,1
SF,IF2003,2020-01-20 09:30:14.800,4191.4000,46562,-1,193621080.000,4,1,3,多平,S,4190.4000,4190.2000,4190.0000,4189.8000,4189.0000,4190.6000,4191.2000,4191.4000,4191.6000,4192.0000,1,2,1,3,1,1,1,2,3,5
SF,IF2003,2020-01-20 09:30:15.300,4190.6000,46561,-1,194878260.000,1,0,1,双平,S,4190.8000,4190.2000,4190.0000,4189.8000,4189.0000,4191.2000,4191.4000,4191.6000,4192.0000,4192.2000,1,2,1,3,1,1,3,1,4,1
SF,IF2003,2020-01-20 09:30:15.800,4190.6000,46561,0,194878260.000,0,-,-,-,-,4190.6000,4190.4000,4190.2000,4190.0000,4189.8000,4191.2000,4191.4000,4191.8000,4192.0000,4192.8000,1,1,2,1,3,2,2,1,4,2
SF,IF2003,2020-01-20 09:30:16.300,4190.6000,46561,0,194878260.000,0,-,-,-,-,4190.4000,4190.2000,4190.0000,4189.8000,4189.0000,4191.2000,4191.4000,4191.8000,4192.0000,4192.8000,1,2,1,3,1,3,2,1,5,2
SF,IF2003,2020-01-20 09:30:16.800,4190.6000,46560,-1,196135440.000,1,0,1,双平,S,4190.6000,4190.4000,4190.2000,4190.0000,4189.8000,4191.2000,4191.4000,4191.8000,4192.0000,4192.8000,1,2,2,1,3,3,2,1,4,2
SF,IF2003,2020-01-20 09:30:17.300,4190.6000,46557,-3,199906980.000,3,0,3,双平,S,4190.6000,4190.4000,4190.2000,4190.0000,4189.8000,4191.0000,4191.2000,4191.4000,4191.8000,4192.0000,4,2,2,1,3,1,3,2,1,4
SF,IF2003,2020-01-20 09:30:17.800,4190.6000,46557,0,199906980.000,0,-,-,-,-,4190.6000,4190.4000,4190.2000,4190.0000,4189.8000,4190.8000,4191.0000,4191.2000,4191.4000,4191.8000,1,1,2,2,3,1,3,2,2,1
SF,IF2003,2020-01-20 09:30:18.300,4190.6000,46557,0,201164160.000,1,0,1,多换,S,4190.4000,4190.2000,4190.0000,4189.8000,4189.0000,4190.8000,4191.0000,4191.2000,4191.4000,4191.8000,1,2,2,3,1,2,2,2,2,1
SF,IF2003,2020-01-20 09:30:18.800,4190.8000,46554,-3,204935880.000,3,0,3,双平,S,4190.8000,4190.4000,4190.2000,4190.0000,4189.8000,4191.0000,4191.2000,4191.4000,4191.8000,4192.0000,5,1,2,2,3,2,2,3,1,4
SF,IF2003,2020-01-20 09:30:19.300,4190.8000,46550,-4,209964900.000,4,0,4,双平,S,4190.8000,4190.6000,4190.4000,4190.2000,4190.0000,4191.0000,4191.2000,4191.4000,4191.8000,4192.0000,2,5,1,2,2,1,2,3,1,4
SF,IF2003,2020-01-20 09:30:19.800,4190.8000,46548,-2,212479380.000,2,0,2,双平,S,4190.6000,4190.4000,4190.2000,4190.0000,4189.8000,4190.8000,4191.0000,4191.2000,4191.4000,4191.8000,5,1,2,2,3,1,1,2,3,1
SF,IF2003,2020-01-20 09:30:20.300,4190.6000,46543,-5,218765280.000,5,0,5,双平,S,4190.4000,4190.2000,4190.0000,4189.8000,4189.0000,4190.8000,4191.0000,4191.2000,4191.4000,4191.8000,2,2,2,3,1,1,1,2,3,1
SF,IF2003,2020-01-20 09:30:20.800,4190.6000,46543,0,218765280.000,0,-,-,-,-,4190.4000,4190.2000,4190.0000,4189.8000,4189.0000,4190.8000,4191.0000,4191.2000,4191.4000,4191.8000,2,2,1,3,1,1,1,3,3,1
SF,IF2003,2020-01-20 09:30:21.300,4190.4000,46542,-1,221279520.000,2,0,2,多平,S,4190.2000,4190.0000,4189.8000,4189.0000,4188.6000,4190.6000,4190.8000,4191.0000,4191.2000,4191.4000,2,1,2,1,1,1,1,1,4,3
SF,IF2003,2020-01-20 09:30:21.800,4190.4000,46542,0,221279520.000,0,-,-,-,-,4190.2000,4190.0000,4189.8000,4189.0000,4188.6000,4190.6000,4190.8000,4191.0000,4191.2000,4191.4000,3,1,2,1,1,1,1,1,4,3
SF,IF2003,2020-01-20 09:30:22.300,4190.4000,46540,-2,223793820.000,2,0,2,双平,S,4190.4000,4190.2000,4190.0000,4189.8000,4189.0000,4190.8000,4191.0000,4191.2000,4191.4000,4191.8000,1,5,1,2,1,1,1,4,3,1
SF,IF2003,2020-01-20 09:30:22.800,4190.8000,46539,-1,225051060.000,1,0,1,双平,S,4190.6000,4190.4000,4190.2000,4190.0000,4189.8000,4191.0000,4191.2000,4191.4000,4191.8000,4192.0000,2,6,4,1,2,1,4,3,1,14
SF,IF2003,2020-01-20 09:30:23.300,4190.6000,46538,-1,226308240.000,1,0,1,双平,S,4190.2000,4190.0000,4189.8000,4189.0000,4188.6000,4190.4000,4190.6000,4191.0000,4191.2000,4191.4000,4,1,2,1,1,2,1,1,4,3
SF,IF2003,2020-01-20 09:30:23.800,4191.0000,46535,-3,232594260.000,5,1,4,多平,S,4190.6000,4190.4000,4190.2000,4190.0000,4189.8000,4191.2000,4191.4000,4191.8000,4192.0000,4192.8000,2,1,5,2,2,4,3,1,14,2
SF,IF2003,2020-01-20 09:30:24.300,4190.6000,46534,-1,235108620.000,2,0,2,多平,S,4190.2000,4190.0000,4189.8000,4189.0000,4188.6000,4191.0000,4191.2000,4191.4000,4191.8000,4192.0000,4,2,2,1,1,1,4,3,1,14
SF,IF2003,2020-01-20 09:30:24.800,4190.6000,46534,0,236365800.000,1,0,1,多换,S,4190.4000,4190.2000,4190.0000,4189.8000,4189.0000,4191.0000,4191.2000,4191.4000,4191.8000,4192.0000,1,4,2,2,1,1,4,3,1,14
SF,IF2003,2020-01-20 09:30:25.300,4190.4000,46533,-1,237622920.000,1,0,1,双平,S,4190.2000,4190.0000,4189.8000,4189.0000,4188.6000,4191.0000,4191.2000,4191.4000,4191.8000,4192.0000,4,2,2,1,1,1,4,3,1,14
SF,IF2003,2020-01-20 09:30:25.800,4190.2000,46532,-1,242651160.000,4,1,3,多平,S,4190.0000,4189.8000,4189.0000,4188.6000,4188.0000,4190.4000,4191.0000,4191.2000,4191.4000,4191.8000,2,2,1,1,4,1,2,4,3,1
SF,IF2003,2020-01-20 09:30:26.300,4190.4000,46530,-2,246422340.000,3,0,3,多平,S,4190.6000,4190.4000,4190.0000,4189.8000,4189.0000,4190.8000,4191.0000,4191.2000,4191.4000,4191.8000,1,5,2,2,1,1,2,4,3,1
SF,IF2003,2020-01-20 09:30:26.800,4190.4000,46524,-6,253965060.000,6,0,6,双平,S,4190.0000,4189.8000,4189.0000,4188.6000,4188.0000,4190.6000,4190.8000,4191.0000,4191.2000,4191.4000,1,2,1,1,4,1,1,2,4,3
SF,IF2003,2020-01-20 09:30:27.300,4188.8000,46519,-5,264020100.000,8,1,7,多平,S,4188.0000,4187.2000,4186.6000,4186.4000,4186.0000,4188.8000,4191.0000,4191.2000,4191.4000,4191.8000,4,1,1,1,2,1,2,4,3,1
SF,IF2003,2020-01-20 09:30:27.800,4188.8000,46517,-2,266533380.000,2,0,2,双平,S,4188.8000,4188.6000,4188.4000,4188.2000,4188.0000,4190.0000,4191.0000,4191.2000,4191.4000,4191.8000,10,1,1,3,6,1,1,4,3,1
SF,IF2003,2020-01-20 09:30:28.300,4190.0000,46516,-1,269047380.000,2,0,2,多平,S,4190.0000,4189.4000,4189.2000,4189.0000,4188.8000,4191.0000,4191.2000,4191.4000,4191.8000,4192.0000,5,4,1,3,3,1,4,3,1,14
SF,IF2003,2020-01-20 09:30:28.800,4190.0000,46516,0,269047380.000,0,-,-,-,-,4190.0000,4189.4000,4189.2000,4189.0000,4188.8000,4191.0000,4191.2000,4191.4000,4191.8000,4192.0000,5,5,1,1,3,2,4,3,1,14
SF,IF2003,2020-01-20 09:30:29.300,4190.0000,46516,0,269047380.000,0,-,-,-,-,4188.0000,4187.2000,4186.6000,4186.4000,4186.0000,4190.8000,4191.0000,4191.2000,4191.4000,4191.8000,9,1,1,1,2,1,3,4,3,1
SF,IF2003,2020-01-20 09:30:29.800,4190.0000,46515,-1,270304380.000,1,0,1,双平,S,4190.2000,4189.6000,4189.4000,4189.2000,4188.2000,4190.6000,4190.8000,4191.2000,4191.4000,4191.8000,4,4,1,1,5,2,1,4,3,1
SF,IF2003,2020-01-20 09:30:30.300,4190.0000,46512,-3,275332560.000,4,0,4,多平,S,4189.2000,4188.4000,4188.2000,4188.0000,4187.2000,4190.0000,4190.4000,4190.6000,4191.0000,4191.2000,1,1,4,11,1,1,1,1,2,4
SF,IF2003,2020-01-20 09:30:30.800,4190.0000,46512,0,275332560.000,0,-,-,-,-,4189.2000,4188.4000,4188.2000,4188.0000,4187.2000,4189.8000,4190.0000,4190.6000,4191.0000,4191.2000,1,1,4,10,1,1,3,1,2,3
SF,IF2003,2020-01-20 09:30:31.300,4189.8000,46513,1,276589500.000,1,1,0,双开,S,4189.2000,4188.2000,4188.0000,4187.2000,4186.6000,4190.0000,4190.6000,4191.0000,4191.2000,4191.4000,1,4,10,1,1,3,1,3,3,3
SF,IF2003,2020-01-20 09:30:31.800,4189.8000,46513,0,276589500.000,0,-,-,-,-,4189.4000,4189.2000,4188.2000,4188.0000,4187.2000,4190.0000,4190.6000,4191.0000,4191.2000,4191.4000,1,1,4,10,1,3,1,3,3,3
SF,IF2003,2020-01-20 09:30:32.300,4189.6000,46512,-1,277846380.000,1,0,1,双平,S,4189.4000,4188.2000,4188.0000,4187.2000,4186.6000,4190.0000,4190.6000,4191.0000,4191.2000,4191.4000,6,4,10,1,1,3,1,3,3,3
SF,IF2003,2020-01-20 09:30:32.800,4189.4000,46509,-3,281616840.000,3,0,3,双平,S,4189.4000,4188.2000,4188.0000,4187.2000,4186.6000,4190.0000,4190.6000,4191.0000,4191.2000,4191.4000,3,4,10,1,1,3,1,3,3,3
SF,IF2003,2020-01-20 09:30:33.300,4189.4000,46506,-3,285387300.000,3,0,3,双平,S,4188.2000,4188.0000,4187.2000,4186.6000,4186.4000,4189.8000,4190.0000,4190.6000,4191.0000,4191.2000,4,10,1,1,1,2,3,1,3,3
SF,IF2003,2020-01-20 09:30:33.800,4189.4000,46506,0,285387300.000,0,-,-,-,-,4189.2000,4189.0000,4188.6000,4188.4000,4188.2000,4189.4000,4189.6000,4189.8000,4190.0000,4191.0000,4,1,2,1,5,2,3,2,3,3
SF,IF2003,2020-01-20 09:30:34.300,4189.2000,46504,-2,302983800.000,14,6,8,多平,S,4188.8000,4188.6000,4188.4000,4188.2000,4188.0000,4190.6000,4191.0000,4191.2000,4191.4000,4191.8000,1,4,1,4,10,1,3,3,3,1
SF,IF2003,2020-01-20 09:30:34.800,4189.2000,46504,0,302983800.000,0,-,-,-,-,4189.0000,4188.8000,4188.4000,4188.2000,4188.0000,4189.4000,4190.4000,4190.6000,4191.0000,4191.2000,7,1,1,1,10,1,6,1,3,3
SF,IF2003,2020-01-20 09:30:35.300,4189.0000,46504,0,304240500.000,1,0,1,多换,S,4188.8000,4188.4000,4188.0000,4187.2000,4186.6000,4189.0000,4189.2000,4189.4000,4190.4000,4190.6000,1,3,9,1,1,2,1,3,5,1
SF,IF2003,2020-01-20 09:30:35.800,4188.8000,46503,-1,306753840.000,2,0,2,多平,S,4188.4000,4188.0000,4187.2000,4186.6000,4186.4000,4188.8000,4189.0000,4189.4000,4190.4000,4190.6000,3,9,1,1,1,3,1,3,5,1
SF,IF2003,2020-01-20 09:30:36.300,4188.8000,46502,-1,310523760.000,3,1,2,多平,S,4188.8000,4188.4000,4188.0000,4187.2000,4186.6000,4189.0000,4189.4000,4190.4000,4190.6000,4191.0000,2,4,9,1,1,1,3,5,1,3
SF,IF2003,2020-01-20 09:30:36.800,4188.8000,46500,-2,313037100.000,2,0,2,双平,S,4188.8000,4188.0000,4187.2000,4186.6000,4186.4000,4189.0000,4189.4000,4190.0000,4190.4000,4190.6000,1,9,1,1,1,1,3,2,5,1
SF,IF2003,2020-01-20 09:30:37.300,4188.8000,46499,-1,314293740.000,1,0,1,双平,S,4188.0000,4187.2000,4186.6000,4186.4000,4186.0000,4188.8000,4189.0000,4189.4000,4190.0000,4190.4000,4,1,1,1,2,3,1,3,2,5
SF,IF2003,2020-01-20 09:30:37.800,4188.0000,46495,-4,320575800.000,5,0,5,多平,S,4188.0000,4187.2000,4186.6000,4186.4000,4186.0000,4188.8000,4189.0000,4189.4000,4190.0000,4190.4000,1,1,1,1,3,3,1,3,2,5
SF,IF2003,2020-01-20 09:30:38.300,4187.2000,46493,-2,325601340.000,4,1,3,多平,S,4186.6000,4186.4000,4186.0000,4185.2000,4185.0000,4188.6000,4188.8000,4189.0000,4189.4000,4189.8000,1,1,3,4,1,3,4,1,3,1
SF,IF2003,2020-01-20 09:30:38.800,4187.2000,46493,0,325601340.000,0,-,-,-,-,4188.2000,4188.0000,4187.0000,4186.8000,4186.6000,4188.4000,4188.6000,4188.8000,4189.0000,4189.4000,6,4,1,5,2,2,2,4,1,3
SF,IF2003,2020-01-20 09:30:39.300,4188.4000,46493,0,328114380.000,2,1,1,多换,S,4188.4000,4188.2000,4188.0000,4187.6000,4187.4000,4188.6000,4188.8000,4189.0000,4189.4000,4189.8000,1,6,4,3,1,2,4,1,3,1
SF,IF2003,2020-01-20 09:30:39.800,4188.4000,46490,-3,333140580.000,4,0,4,多平,S,4188.4000,4188.2000,4188.0000,4187.6000,4187.4000,4188.8000,4189.0000,4189.4000,4189.8000,4190.0000,3,6,4,3,1,5,1,3,1,2
SF,IF2003,2020-01-20 09:30:40.300,4188.2000,46490,0,334397040.000,1,0,1,多换,S,4187.0000,4186.8000,4186.6000,4186.4000,4186.0000,4188.8000,4189.0000,4189.4000,4189.8000,4190.0000,1,4,2,1,7,5,1,3,1,2
SF,IF2003,2020-01-20 09:30:40.800,4188.2000,46490,0,334397040.000,0,-,-,-,-,4188.2000,4188.0000,4187.6000,4187.4000,4187.2000,4188.8000,4189.0000,4189.4000,4189.8000,4190.0000,6,5,3,1,5,5,1,3,1,2
SF,IF2003,2020-01-20 09:30:41.300,4188.0000,46490,0,335653440.000,1,0,1,多换,S,4187.4000,4187.2000,4187.0000,4186.8000,4186.4000,4188.4000,4188.8000,4189.0000,4189.4000,4189.8000,2,3,2,1,1,1,5,2,3,1
SF,IF2003,2020-01-20 09:30:41.800,4188.0000,46490,0,335653440.000,0,-,-,-,-,4187.6000,4186.4000,4186.0000,4185.2000,4185.0000,4188.2000,4188.4000,4188.8000,4189.0000,4189.4000,1,1,3,4,1,1,1,7,2,3
SF,IF2003,2020-01-20 09:30:42.300,4188.4000,46488,-2,338166480.000,2,0,2,双平,S,4188.4000,4187.8000,4186.4000,4186.0000,4185.2000,4188.8000,4189.0000,4189.4000,4189.8000,4190.0000,4,5,1,3,4,5,2,3,1,2
SF,IF2003,2020-01-20 09:30:42.800,4187.8000,46482,-6,345705240.000,6,0,6,双平,S,4186.4000,4186.0000,4185.2000,4185.0000,4183.2000,4188.4000,4188.6000,4188.8000,4189.0000,4189.4000,1,3,4,1,1,1,1,7,2,3
SF,IF2003,2020-01-20 09:30:43.300,4187.8000,46481,-1,346961580.000,1,0,1,双平,S,4188.0000,4187.8000,4187.4000,4187.2000,4186.6000,4188.2000,4188.4000,4188.8000,4189.0000,4189.4000,5,3,3,4,7,1,1,5,2,3
SF,IF2003,2020-01-20 09:30:43.800,4188.8000,46480,-1,350731200.000,3,1,2,多平,S,4188.4000,4188.2000,4188.0000,4187.8000,4187.4000,4188.8000,4189.0000,4189.4000,4189.8000,4190.4000,3,1,6,3,3,4,2,3,1,4
SF,IF2003,2020-01-20 09:30:44.300,4188.8000,46478,-2,354501060.000,3,0,3,多平,S,4188.4000,4188.2000,4188.0000,4187.8000,4187.4000,4188.8000,4189.0000,4189.4000,4189.8000,4190.4000,1,2,6,3,3,2,2,3,1,4
SF,IF2003,2020-01-20 09:30:44.800,4188.0000,46470,-8,367066200.000,10,1,9,多平,S,4188.0000,4187.8000,4187.4000,4187.2000,4187.0000,4188.4000,4188.8000,4189.0000,4189.4000,4189.8000,4,3,3,4,1,2,2,2,3,1
SF,IF2003,2020-01-20 09:30:45.300,4188.0000,46470,0,367066200.000,0,-,-,-,-,4188.2000,4188.0000,4187.8000,4187.4000,4187.2000,4188.4000,4188.8000,4189.0000,4189.2000,4189.4000,1,4,3,3,4,2,2,3,1,3
SF,IF2003,2020-01-20 09:30:45.800,4188.8000,46468,-2,372092520.000,4,1,3,多平,S,4188.4000,4188.2000,4188.0000,4187.8000,4187.4000,4189.0000,4189.2000,4189.4000,4189.8000,4190.4000,5,1,3,3,3,3,1,3,1,4
SF,IF2003,2020-01-20 09:30:46.300,4188.6000,46466,-2,374605680.000,2,0,2,双平,S,4188.6000,4188.4000,4188.2000,4188.0000,4187.4000,4189.0000,4189.2000,4189.4000,4189.8000,4190.4000,4,5,1,3,3,3,1,3,1,4
SF,IF2003,2020-01-20 09:30:46.800,4188.6000,46466,0,374605680.000,0,-,-,-,-,4188.4000,4188.2000,4188.0000,4187.4000,4187.2000,4189.0000,4189.2000,4189.4000,4189.8000,4190.4000,5,1,3,3,4,3,1,3,1,4
SF,IF2003,2020-01-20 09:30:47.300,4188.4000,46464,-2,378375240.000,3,0,3,多平,S,4188.4000,4188.2000,4188.0000,4187.4000,4187.2000,4189.0000,4189.2000,4189.4000,4189.8000,4190.4000,2,1,3,3,4,3,1,3,1,4
SF,IF2003,2020-01-20 09:30:47.800,4188.4000,46464,0,378375240.000,0,-,-,-,-,4188.2000,4188.0000,4187.4000,4187.2000,4187.0000,4188.8000,4189.0000,4189.2000,4189.4000,4189.8000,1,3,3,4,1,1,3,1,3,1
SF,IF2003,2020-01-20 09:30:48.300,4188.2000,46463,-1,379631700.000,1,0,1,双平,S,4188.0000,4187.4000,4187.2000,4187.0000,4186.8000,4189.0000,4189.2000,4189.4000,4189.8000,4190.4000,3,3,4,2,1,3,1,3,1,4
SF,IF2003,2020-01-20 09:30:48.800,4188.2000,46463,0,379631700.000,0,-,-,-,-,4188.0000,4187.4000,4187.2000,4187.0000,4186.8000,4188.8000,4189.0000,4189.2000,4189.4000,4189.8000,3,3,4,2,1,1,3,1,3,1
SF,IF2003,2020-01-20 09:30:49.300,4188.4000,46461,-2,382144740.000,2,0,2,双平,S,4188.6000,4188.4000,4188.2000,4188.0000,4187.4000,4189.0000,4189.2000,4189.4000,4189.8000,4190.4000,4,3,3,4,3,4,1,3,1,4
SF,IF2003,2020-01-20 09:30:49.800,4189.0000,46461,0,383401440.000,1,0,1,多换,S,4188.2000,4188.0000,4187.4000,4187.2000,4187.0000,4189.0000,4189.2000,4189.4000,4189.8000,4190.4000,1,4,3,4,2,3,1,3,1,4
SF,IF2003,2020-01-20 09:30:50.300,4188.4000,46460,-1,384657960.000,1,0,1,双平,S,4188.2000,4188.0000,4187.4000,4187.2000,4187.0000,4188.6000,4189.0000,4189.2000,4189.4000,4189.8000,1,4,3,4,2,1,3,1,3,1
SF,IF2003,2020-01-20 09:30:50.800,4188.4000,46460,0,384657960.000,0,-,-,-,-,4188.4000,4188.2000,4188.0000,4187.4000,4187.2000,4188.6000,4189.0000,4189.2000,4189.4000,4189.8000,5,1,4,3,4,1,3,1,3,1
SF,IF2003,2020-01-20 09:30:51.300,4188.6000,46455,-5,393453780.000,7,1,6,多平,S,4188.2000,4188.0000,4187.4000,4187.2000,4187.0000,4189.0000,4189.2000,4189.4000,4189.8000,4190.4000,1,4,3,4,2,3,2,3,1,4
SF,IF2003,2020-01-20 09:30:51.800,4188.2000,46454,-1,394710240.000,1,0,1,双平,S,4188.4000,4188.2000,4188.0000,4187.4000,4187.2000,4188.6000,4189.0000,4189.2000,4189.4000,4189.8000,4,1,4,3,4,1,3,2,3,1
SF,IF2003,2020-01-20 09:30:52.300,4188.2000,46453,-1,395966700.000,1,0,1,双平,S,4188.0000,4187.4000,4187.2000,4187.0000,4186.8000,4188.2000,4188.6000,4189.0000,4189.2000,4189.4000,3,3,4,2,1,9,2,3,2,2
SF,IF2003,2020-01-20 09:30:52.800,4188.2000,46451,-2,398479620.000,2,0,2,双平,S,4188.0000,4187.4000,4187.2000,4187.0000,4186.8000,4188.2000,4188.6000,4189.0000,4189.2000,4189.4000,3,3,4,2,1,7,1,3,2,2
SF,IF2003,2020-01-20 09:30:53.300,4188.2000,46442,-9,409787880.000,9,0,9,双平,S,4188.2000,4188.0000,4187.4000,4187.2000,4187.0000,4189.0000,4189.2000,4189.4000,4189.8000,4190.4000,5,3,3,4,2,3,2,2,1,4
SF,IF2003,2020-01-20 09:30:53.800,4188.2000,46441,-1,411044340.000,1,0,1,双平,S,4188.0000,4187.4000,4187.2000,4187.0000,4186.8000,4188.4000,4188.6000,4188.8000,4189.0000,4189.2000,3,3,4,2,1,2,1,1,3,2
SF,IF2003,2020-01-20 09:30:54.300,4188.2000,46441,0,412300800.000,1,0,1,多换,S,4187.2000,4187.0000,4186.8000,4186.6000,4186.4000,4188.4000,4188.8000,4189.0000,4189.2000,4189.4000,4,2,1,6,1,2,2,3,2,2
SF,IF2003,2020-01-20 09:30:54.800,4188.2000,46440,-1,413557260.000,1,0,1,双平,S,4187.4000,4187.2000,4187.0000,4186.8000,4186.6000,4188.4000,4188.8000,4189.0000,4189.2000,4189.4000,6,4,2,1,6,2,2,3,3,2
SF,IF2003,2020-01-20 09:30:55.300,4188.2000,46440,0,413557260.000,0,-,-,-,-,4187.2000,4187.0000,4186.6000,4186.4000,4186.0000,4187.8000,4188.2000,4188.4000,4188.8000,4189.0000,4,2,4,1,3,1,2,3,2,3
SF,IF2003,2020-01-20 09:30:55.800,4188.2000,46440,0,413557260.000,0,-,-,-,-,4187.4000,4187.2000,4187.0000,4186.6000,4186.4000,4188.2000,4188.4000,4189.0000,4189.2000,4189.4000,9,4,2,1,1,1,3,3,3,2
SF,IF2003,2020-01-20 09:30:56.300,4187.6000,46437,-3,417326100.000,3,0,3,双平,S,4187.6000,4187.4000,4187.2000,4187.0000,4186.6000,4188.2000,4188.4000,4189.0000,4189.2000,4189.4000,1,10,4,2,1,1,3,3,3,2
SF,IF2003,2020-01-20 09:30:56.800,4187.2000,46431,-6,429888060.000,10,2,8,多平,S,4187.0000,4186.6000,4186.4000,4186.0000,4185.2000,4187.2000,4187.6000,4188.2000,4188.4000,4189.0000,2,1,1,3,4,5,1,1,3,3
SF,IF2003,2020-01-20 09:30:57.300,4187.6000,46425,-6,437425140.000,6,0,6,双平,S,4187.8000,4187.6000,4187.0000,4186.6000,4186.4000,4188.4000,4189.0000,4189.2000,4189.4000,4189.8000,1,4,2,1,1,4,3,3,2,1
SF,IF2003,2020-01-20 09:30:57.800,4187.6000,46422,-3,441193980.000,3,0,3,双平,S,4187.0000,4186.6000,4186.4000,4186.0000,4185.2000,4187.8000,4188.2000,4188.4000,4189.0000,4189.2000,2,1,1,3,4,2,1,4,3,3
SF,IF2003,2020-01-20 09:30:58.300,4187.6000,46419,-3,444962460.000,3,0,3,双平,S,4186.6000,4186.4000,4186.0000,4185.2000,4185.0000,4187.6000,4187.8000,4188.2000,4188.4000,4188.6000,1,1,3,4,1,1,1,1,4,1
SF,IF2003,2020-01-20 09:30:58.800,4187.6000,46419,0,444962460.000,0,-,-,-,-,4186.6000,4186.4000,4186.0000,4185.6000,4185.2000,4187.6000,4188.2000,4188.4000,4188.6000,4189.0000,1,1,3,4,4,2,1,4,1,3
SF,IF2003,2020-01-20 09:30:59.300,4187.6000,46418,-1,446218740.000,1,0,1,双平,S,4186.4000,4186.0000,4185.2000,4185.0000,4184.6000,4187.6000,4187.8000,4188.2000,4188.4000,4188.6000,3,3,4,1,1,2,2,1,4,1
SF,IF2003,2020-01-20 09:30:59.800,4186.6000,46417,-1,447474720.000,1,0,1,双平,S,4186.4000,4186.0000,4185.2000,4185.0000,4183.2000,4187.6000,4187.8000,4188.2000,4188.4000,4188.6000,3,3,4,1,1,2,2,2,3,1
SF,IF2003,2020-01-20 09:31:00.300,4186.6000,46416,-1,448730700.000,1,0,1,双平,S,4186.4000,4186.0000,4185.2000,4185.0000,4183.2000,4187.4000,4187.6000,4187.8000,4188.0000,4188.2000,3,3,4,1,1,1,2,2,1,2
SF,IF2003,2020-01-20 09:31:00.800,4186.6000,46416,0,448730700.000,0,-,-,-,-,4186.4000,4186.0000,4185.2000,4185.0000,4183.2000,4186.6000,4187.2000,4187.4000,4187.8000,4188.0000,3,3,4,1,1,1,5,1,2,1
SF,IF2003,2020-01-20 09:31:01.300,4186.6000,46414,-2,452498640.000,3,0,3,多平,S,4186.4000,4186.0000,4185.2000,4185.0000,4183.2000,4187.2000,4187.4000,4187.8000,4188.0000,4188.2000,3,3,4,1,1,2,1,2,1,1
SF,IF2003,2020-01-20 09:31:01.800,4186.6000,46414,0,452498640.000,0,-,-,-,-,4186.6000,4186.4000,4186.0000,4185.2000,4185.0000,4187.0000,4187.2000,4187.4000,4187.8000,4188.0000,1,3,3,4,1,5,2,1,2,1
SF,IF2003,2020-01-20 09:31:02.300,4186.6000,46414,0,452498640.000,0,-,-,-,-,4186.6000,4186.4000,4186.0000,4185.4000,4185.2000,4187.0000,4187.2000,4187.4000,4187.8000,4188.0000,3,3,3,4,4,5,2,1,2,1
SF,IF2003,2020-01-20 09:31:02.800,4187.0000,46407,-7,462547500.000,8,0,8,多平,S,4186.6000,4186.4000,4186.0000,4185.2000,4185.0000,4187.8000,4188.0000,4188.2000,4188.4000,4188.6000,2,3,3,4,1,2,1,1,3,1
SF,IF2003,2020-01-20 09:31:03.300,4187.0000,46407,0,462547500.000,0,-,-,-,-,4186.8000,4186.6000,4186.4000,4186.0000,4185.2000,4187.8000,4188.0000,4188.2000,4188.4000,4188.6000,1,3,4,3,4,2,2,1,3,1
SF,IF2003,2020-01-20 09:31:03.800,4186.8000,46407,0,463803540.000,1,0,1,多换,S,4186.6000,4186.4000,4186.0000,4185.2000,4185.0000,4187.0000,4187.8000,4188.0000,4188.2000,4188.4000,3,4,3,4,1,1,2,2,1,3
SF,IF2003,2020-01-20 09:31:04.300,4187.0000,46406,-1,465059640.000,1,0,1,双平,S,4187.0000,4186.6000,4186.4000,4186.0000,4185.2000,4187.8000,4188.0000,4188.2000,4188.4000,4188.6000,1,3,4,3,4,2,2,1,3,1
SF,IF2003,2020-01-20 09:31:04.800,4187.0000,46404,-2,467571840.000,2,0,2,双平,S,4187.0000,4186.6000,4186.4000,4186.0000,4185.2000,4187.8000,4188.0000,4188.2000,4188.4000,4188.6000,1,3,4,3,4,2,2,1,3,1
SF,IF2003,2020-01-20 09:31:05.300,4187.2000,46401,-3,471340680.000,3,0,3,双平,S,4187.2000,4187.0000,4186.6000,4186.4000,4186.2000,4188.0000,4188.2000,4188.4000,4188.8000,4189.0000,2,1,3,4,4,2,1,3,1,3
SF,IF2003,2020-01-20 09:31:05.800,4188.2000,46399,-2,475109940.000,3,0,3,多平,S,4187.6000,4187.4000,4187.2000,4187.0000,4186.6000,4188.4000,4188.8000,4189.0000,4189.2000,4189.4000,5,3,2,1,2,3,1,3,3,2
SF,IF2003,2020-01-20 09:31:06.300,4188.2000,46399,0,475109940.000,0,-,-,-,-,4187.8000,4187.6000,4187.4000,4187.2000,4187.0000,4188.4000,4188.8000,4189.0000,4189.2000,4189.4000,5,7,3,4,1,3,1,3,3,2
SF,IF2003,2020-01-20 09:31:06.800,4188.4000,46395,-4,480135900.000,4,0,4,双平,S,4188.0000,4187.8000,4187.6000,4187.4000,4187.2000,4188.8000,4189.0000,4189.2000,4189.4000,4189.8000,3,7,7,3,4,1,3,3,2,1
SF,IF2003,2020-01-20 09:31:07.300,4188.0000,46392,-3,483905100.000,3,0,3,双平,S,4187.8000,4187.6000,4187.4000,4187.2000,4187.0000,4188.0000,4188.8000,4189.0000,4189.2000,4189.4000,7,7,3,4,1,1,1,3,3,2
SF,IF2003,2020-01-20 09:31:07.800,4188.0000,46391,-1,485161500.000,1,0,1,双平,S,4188.2000,4188.0000,4187.8000,4187.6000,4187.4000,4188.8000,4189.0000,4189.2000,4189.4000,4189.8000,1,3,7,7,3,1,3,3,2,1
SF,IF2003,2020-01-20 09:31:08.300,4188.0000,46391,0,485161500.000,0,-,-,-,-,4188.0000,4187.8000,4187.6000,4187.4000,4187.2000,4188.6000,4188.8000,4189.0000,4189.2000,4189.4000,1,5,7,3,4,1,1,3,3,2
SF,IF2003,2020-01-20 09:31:08.800,4187.8000,46389,-2,487674240.000,2,0,2,双平,S,4187.8000,4187.6000,4187.4000,4187.2000,4187.0000,4188.6000,4188.8000,4189.0000,4189.2000,4189.4000,4,7,3,4,1,1,3,3,3,2
SF,IF2003,2020-01-20 09:31:09.300,4187.8000,46389,0,487674240.000,0,-,-,-,-,4188.2000,4187.0000,4186.6000,4186.4000,4186.2000,4188.4000,4188.6000,4188.8000,4189.0000,4189.2000,1,1,2,4,4,3,1,3,3,3
SF,IF2003,2020-01-20 09:31:09.800,4188.2000,46388,-1,488930700.000,1,0,1,双平,S,4187.4000,4187.0000,4186.6000,4186.4000,4186.2000,4188.2000,4188.4000,4188.6000,4188.8000,4189.0000,1,1,2,4,4,7,3,1,3,3
SF,IF2003,2020-01-20 09:31:10.300,4188.2000,46388,0,488930700.000,0,-,-,-,-,4187.4000,4187.0000,4186.6000,4186.4000,4186.0000,4188.2000,4188.4000,4188.6000,4188.8000,4189.0000,1,1,2,4,3,4,3,1,3,3
SF,IF2003,2020-01-20 09:31:11.300,4188.2000,46388,0,488930700.000,0,-,-,-,-,4187.4000,4187.0000,4186.6000,4186.4000,4186.0000,4188.2000,4188.4000,4188.6000,4188.8000,4189.0000,1,1,6,4,3,6,3,1,3,3
SF,IF2003,2020-01-20 09:31:11.800,4188.2000,46387,-1,490187160.000,1,0,1,双平,S,4187.4000,4187.0000,4186.6000,4186.4000,4186.0000,4188.2000,4188.4000,4188.6000,4188.8000,4189.0000,1,1,2,2,3,5,5,1,3,3
SF,IF2003,2020-01-20 09:31:12.300,4188.2000,46387,0,490187160.000,0,-,-,-,-,4187.4000,4187.0000,4186.6000,4186.4000,4186.0000,4188.2000,4188.4000,4188.6000,4188.8000,4189.0000,1,5,2,2,3,4,5,1,1,3
SF,IF2003,2020-01-20 09:31:12.800,4187.0000,46386,-1,492699480.000,2,0,2,多平,S,4187.0000,4186.6000,4186.4000,4186.0000,4185.4000,4188.0000,4188.2000,4188.4000,4188.6000,4188.8000,4,2,2,3,1,2,4,6,1,1
SF,IF2003,2020-01-20 09:31:13.300,4187.0000,46386,0,492699480.000,0,-,-,-,-,4187.2000,4186.6000,4186.4000,4186.0000,4185.4000,4188.0000,4188.2000,4188.4000,4188.6000,4188.8000,5,2,2,3,1,2,4,6,1,1
SF,IF2003,2020-01-20 09:31:13.800,4187.4000,46384,-2,495211920.000,2,0,2,双平,S,4187.0000,4186.6000,4186.4000,4186.0000,4185.4000,4187.8000,4188.0000,4188.2000,4188.4000,4188.6000,4,2,2,3,1,2,2,4,6,1
SF,IF2003,2020-01-20 09:31:14.300,4187.8000,46383,-1,496468260.000,1,0,1,双平,S,4187.2000,4186.6000,4186.4000,4186.0000,4185.4000,4188.0000,4188.2000,4188.4000,4188.6000,4188.8000,1,2,2,3,1,2,4,6,1,1
SF,IF2003,2020-01-20 09:31:14.800,4188.0000,46383,0,497724660.000,1,0,1,多换,S,4187.2000,4186.6000,4186.4000,4186.0000,4185.4000,4188.0000,4188.2000,4188.4000,4188.6000,4188.8000,1,2,2,3,1,1,4,6,1,1
SF,IF2003,2020-01-20 09:31:15.300,4188.0000,46383,0,497724660.000,0,-,-,-,-,4187.2000,4186.6000,4186.4000,4186.0000,4185.4000,4187.8000,4188.0000,4188.2000,4188.4000,4188.6000,1,2,6,3,1,1,1,4,6,1
SF,IF2003,2020-01-20 09:31:15.800,4188.0000,46383,0,497724660.000,0,-,-,-,-,4186.6000,4186.4000,4186.2000,4186.0000,4185.4000,4187.8000,4188.0000,4188.2000,4188.4000,4188.6000,2,2,4,3,1,1,1,4,6,1
SF,IF2003,2020-01-20 09:31:16.300,4187.2000,46383,0,498980820.000,1,0,1,多换,S,4186.8000,4186.6000,4186.4000,4186.0000,4185.4000,4187.2000,4187.8000,4188.0000,4188.2000,4188.4000,2,2,2,3,1,1,2,1,4,6
SF,IF2003,2020-01-20 09:31:16.800,4187.8000,46381,-2,501493320.000,2,0,2,双平,S,4187.2000,4187.0000,4186.8000,4186.6000,4186.4000,4187.4000,4187.8000,4188.0000,4188.2000,4188.4000,6,1,2,2,2,2,1,1,2,6
SF,IF2003,2020-01-20 09:31:17.300,4188.2000,46377,-4,507774960.000,5,0,5,多平,S,4187.6000,4187.4000,4187.2000,4187.0000,4186.8000,4188.2000,4188.4000,4188.6000,4188.8000,4189.0000,1,3,6,1,2,1,6,1,1,3
SF,IF2003,2020-01-20 09:31:17.800,4188.2000,46377,0,507774960.000,0,-,-,-,-,4186.6000,4186.4000,4186.0000,4185.4000,4185.2000,4188.0000,4188.2000,4188.4000,4188.6000,4188.8000,2,2,3,1,4,3,1,6,1,1
SF,IF2003,2020-01-20 09:31:18.300,4188.2000,46377,0,507774960.000,0,-,-,-,-,4187.0000,4186.8000,4186.6000,4186.4000,4186.0000,4188.2000,4188.4000,4188.6000,4188.8000,4189.0000,5,5,2,2,3,1,6,1,1,3
SF,IF2003,2020-01-20 09:31:18.800,4187.2000,46375,-2,510287280.000,2,0,2,双平,S,4187.0000,4186.8000,4186.6000,4186.4000,4186.0000,4188.0000,4188.2000,4188.4000,4188.6000,4188.8000,6,9,2,2,3,1,1,6,1,1
SF,IF2003,2020-01-20 09:31:19.300,4187.2000,46375,0,510287280.000,0,-,-,-,-,4187.0000,4186.8000,4186.6000,4186.4000,4186.0000,4187.4000,4187.6000,4187.8000,4188.0000,4188.2000,1,6,2,2,3,1,1,1,2,1
SF,IF2003,2020-01-20 09:31:19.800,4187.6000,46374,-1,512799780.000,2,0,2,多平,S,4187.0000,4186.8000,4186.6000,4186.4000,4186.0000,4188.0000,4188.2000,4188.4000,4188.6000,4188.8000,2,2,2,2,3,3,1,6,1,1
SF,IF2003,2020-01-20 09:31:20.300,4187.6000,46374,0,512799780.000,0,-,-,-,-,4187.4000,4187.2000,4187.0000,4186.8000,4186.6000,4188.0000,4188.2000,4188.4000,4188.6000,4188.8000,1,6,2,2,2,3,1,6,1,1
SF,IF2003,2020-01-20 09:31:20.800,4187.6000,46374,0,512799780.000,0,-,-,-,-,4187.4000,4187.2000,4187.0000,4186.8000,4186.6000,4188.0000,4188.2000,4188.4000,4188.6000,4188.8000,1,6,2,2,2,2,1,6,2,1
SF,IF2003,2020-01-20 09:31:21.300,4187.4000,46370,-4,517824540.000,4,0,4,双平,S,4187.2000,4187.0000,4186.8000,4186.6000,4186.4000,4187.4000,4188.0000,4188.2000,4188.4000,4188.6000,4,2,2,2,6,6,2,1,6,2
SF,IF2003,2020-01-20 09:31:21.800,4187.8000,46361,-9,532900320.000,12,1,11,多平,S,4187.8000,4187.6000,4187.4000,4187.2000,4187.0000,4188.4000,4188.6000,4188.8000,4189.0000,4189.2000,2,9,4,4,2,5,2,1,3,3
SF,IF2003,2020-01-20 09:31:22.300,4188.4000,46360,-1,534156840.000,1,0,1,双平,S,4188.0000,4187.8000,4187.6000,4187.4000,4187.2000,4188.4000,4188.6000,4188.8000,4189.0000,4189.2000,2,4,7,4,4,4,2,1,3,3
SF,IF2003,2020-01-20 09:31:23.300,4188.8000,46355,-5,542952720.000,7,1,6,多平,S,4188.8000,4188.6000,4188.4000,4188.2000,4188.0000,4189.0000,4189.2000,4189.4000,4189.8000,4190.0000,4,4,1,1,2,3,3,2,1,4
SF,IF2003,2020-01-20 09:31:23.800,4188.2000,46346,-9,555518580.000,10,0,10,多平,S,4188.4000,4187.6000,4187.4000,4187.2000,4187.0000,4188.6000,4188.8000,4189.0000,4189.2000,4189.4000,1,4,3,4,2,4,6,3,3,2
SF,IF2003,2020-01-20 09:31:24.300,4188.4000,46345,-1,556775100.000,1,0,1,双平,S,4187.6000,4187.4000,4187.2000,4187.0000,4186.6000,4188.4000,4188.6000,4188.8000,4189.0000,4189.2000,4,3,4,2,2,3,4,2,3,3
SF,IF2003,2020-01-20 09:31:24.800,4188.4000,46345,0,556775100.000,0,-,-,-,-,4187.8000,4187.6000,4187.4000,4187.0000,4186.6000,4188.2000,4189.0000,4189.2000,4189.4000,4189.8000,2,4,3,2,2,1,3,3,2,1
SF,IF2003,2020-01-20 09:31:25.300,4188.4000,46345,0,556775100.000,0,-,-,-,-,4187.8000,4187.6000,4187.4000,4187.0000,4186.6000,4189.0000,4189.2000,4189.4000,4189.8000,4190.0000,1,4,3,2,2,3,3,2,1,4
SF,IF2003,2020-01-20 09:31:25.800,4188.8000,46343,-2,560544780.000,3,0,3,多平,S,4188.4000,4188.0000,4187.8000,4187.6000,4187.4000,4189.0000,4189.2000,4189.4000,4189.8000,4190.0000,5,1,2,4,3,3,3,2,1,4
SF,IF2003,2020-01-20 09:31:26.300,4187.8000,46337,-6,568083720.000,6,0,6,双平,S,4187.6000,4187.4000,4187.0000,4186.6000,4186.4000,4188.8000,4189.0000,4189.2000,4189.4000,4189.8000,4,4,2,2,2,7,3,3,2,1
SF,IF2003,2020-01-20 09:31:26.800,4188.8000,46336,-1,569340360.000,1,0,1,双平,S,4188.4000,4187.8000,4187.6000,4187.4000,4187.0000,4188.8000,4189.0000,4189.2000,4189.4000,4189.8000,1,2,4,4,2,1,5,3,2,1
SF,IF2003,2020-01-20 09:31:27.300,4188.4000,46336,0,570596880.000,1,0,1,多换,S,4187.8000,4187.6000,4187.4000,4187.0000,4186.6000,4188.2000,4188.4000,4188.6000,4188.8000,4189.0000,5,4,4,2,2,1,3,2,1,5
SF,IF2003,2020-01-20 09:31:27.800,4188.4000,46336,0,570596880.000,0,-,-,-,-,4187.8000,4187.6000,4187.4000,4187.0000,4186.6000,4188.2000,4188.4000,4188.8000,4189.0000,4189.2000,1,4,2,2,2,1,1,3,5,3
SF,IF2003,2020-01-20 09:31:28.300,4188.4000,46336,0,570596880.000,0,-,-,-,-,4187.8000,4187.6000,4187.4000,4187.0000,4186.6000,4188.2000,4188.4000,4188.8000,4189.0000,4189.2000,1,4,2,5,2,1,3,1,5,3
SF,IF2003,2020-01-20 09:31:28.800,4187.6000,46336,0,573109620.000,2,1,1,多换,S,4187.6000,4187.4000,4187.0000,4186.6000,4186.4000,4188.4000,4188.8000,4189.0000,4189.2000,4189.4000,3,2,2,2,2,3,1,5,3,2
SF,IF2003,2020-01-20 09:31:29.300,4187.6000,46336,0,573109620.000,0,-,-,-,-,4187.6000,4187.4000,4187.0000,4186.6000,4186.4000,4188.2000,4188.4000,4188.8000,4189.0000,4189.2000,3,2,2,2,2,1,3,2,5,3
SF,IF2003,2020-01-20 09:31:29.800,4187.6000,46336,0,573109620.000,0,-,-,-,-,4187.6000,4187.4000,4187.0000,4186.6000,4186.4000,4188.4000,4188.8000,4189.0000,4189.2000,4189.4000,3,2,2,2,2,3,2,5,3,2
SF,IF2003,2020-01-20 09:31:30.300,4187.6000,46336,0,573109620.000,0,-,-,-,-,4187.6000,4187.4000,4187.0000,4186.6000,4186.4000,4188.4000,4188.8000,4189.0000,4189.2000,4189.4000,3,1,2,2,2,3,2,5,3,2
SF,IF2003,2020-01-20 09:31:30.800,4188.4000,46335,-1,574366140.000,1,0,1,双平,S,4187.8000,4187.6000,4187.4000,4187.0000,4186.6000,4188.4000,4188.8000,4189.0000,4189.2000,4189.4000,1,3,1,2,2,2,2,5,3,2
SF,IF2003,2020-01-20 09:31:31.300,4188.4000,46335,0,574366140.000,0,-,-,-,-,4187.6000,4187.4000,4187.0000,4186.6000,4186.4000,4188.4000,4188.6000,4188.8000,4189.0000,4189.2000,3,1,6,2,2,2,1,2,5,3
SF,IF2003,2020-01-20 09:31:31.800,4188.4000,46335,0,574366140.000,0,-,-,-,-,4187.6000,4187.4000,4187.0000,4186.6000,4186.4000,4188.2000,4188.4000,4188.6000,4188.8000,4189.0000,3,1,6,2,2,1,2,3,3,5
SF,IF2003,2020-01-20 09:31:32.800,4188.4000,46335,0,574366140.000,0,-,-,-,-,4187.6000,4187.4000,4187.0000,4186.6000,4186.4000,4188.2000,4188.4000,4188.6000,4188.8000,4189.0000,3,1,6,2,2,1,2,3,3,5
SF,IF2003,2020-01-20 09:31:33.300,4187.6000,46332,-3,578134980.000,3,0,3,双平,S,4187.4000,4187.0000,4186.6000,4186.4000,4186.0000,4188.2000,4188.4000,4188.6000,4188.8000,4189.0000,1,2,2,2,3,1,2,3,3,5
SF,IF2003,2020-01-20 09:31:33.800,4187.6000,46332,0,578134980.000,0,-,-,-,-,4187.0000,4186.6000,4186.4000,4186.0000,4185.4000,4188.0000,4188.2000,4188.4000,4188.6000,4188.8000,2,2,2,3,1,1,1,2,3,3
SF,IF2003,2020-01-20 09:31:34.300,4187.6000,46332,0,578134980.000,0,-,-,-,-,4187.2000,4187.0000,4186.6000,4186.4000,4186.0000,4187.8000,4188.4000,4188.6000,4188.8000,4189.0000,1,2,6,2,3,1,2,3,3,5
SF,IF2003,2020-01-20 09:31:34.800,4187.6000,46332,0,578134980.000,0,-,-,-,-,4187.8000,4187.2000,4187.0000,4186.6000,4186.4000,4188.4000,4188.6000,4188.8000,4189.0000,4189.2000,1,1,2,2,2,2,3,2,5,3
SF,IF2003,2020-01-20 09:31:35.300,4187.8000,46331,-1,579391320.000,1,0,1,双平,S,4187.2000,4187.0000,4186.6000,4186.4000,4186.0000,4187.8000,4188.0000,4188.2000,4188.4000,4188.6000,1,2,2,2,3,3,1,4,2,4
SF,IF2003,2020-01-20 09:31:35.800,4187.2000,46330,-1,581903700.000,2,0,2,多平,S,4187.0000,4186.6000,4186.4000,4186.0000,4185.4000,4188.2000,4188.4000,4188.6000,4188.8000,4189.0000,2,2,2,3,1,1,2,3,2,5
SF,IF2003,2020-01-20 09:31:36.300,4187.2000,46330,0,581903700.000,0,-,-,-,-,4187.8000,4187.4000,4187.0000,4186.6000,4186.4000,4188.0000,4188.2000,4188.4000,4188.6000,4188.8000,1,1,2,2,3,1,3,2,3,2
SF,IF2003,2020-01-20 09:31:36.800,4187.8000,46329,-1,583160040.000,1,0,1,双平,S,4187.4000,4187.0000,4186.6000,4186.4000,4186.0000,4187.8000,4188.0000,4188.2000,4188.4000,4188.6000,1,2,2,3,3,2,2,6,2,3
SF,IF2003,2020-01-20 09:31:37.300,4187.4000,46329,0,584416260.000,1,0,1,多换,S,4187.0000,4186.6000,4186.4000,4186.0000,4185.4000,4187.2000,4187.8000,4188.2000,4188.4000,4188.6000,2,2,3,3,1,6,2,6,2,3
SF,IF2003,2020-01-20 09:31:37.800,4187.2000,46323,-6,591953220.000,6,0,6,双平,S,4187.0000,4186.6000,4186.4000,4186.0000,4185.4000,4187.8000,4188.0000,4188.2000,4188.4000,4188.6000,2,2,3,3,1,2,1,7,2,3
SF,IF2003,2020-01-20 09:31:38.300,4187.0000,46323,0,594465420.000,2,1,1,多换,S,4186.6000,4186.4000,4186.0000,4185.4000,4185.2000,4187.8000,4188.0000,4188.2000,4188.4000,4188.6000,5,3,3,1,4,2,1,6,2,3
SF,IF2003,2020-01-20 09:31:38.800,4187.0000,46323,0,594465420.000,0,-,-,-,-,4187.2000,4187.0000,4186.8000,4186.6000,4186.4000,4187.8000,4188.0000,4188.2000,4188.4000,4188.6000,1,5,3,5,3,2,1,6,3,3
SF,IF2003,2020-01-20 09:31:39.300,4187.0000,46323,0,594465420.000,0,-,-,-,-,4187.2000,4186.8000,4186.6000,4186.4000,4186.0000,4187.8000,4188.0000,4188.2000,4188.4000,4188.6000,1,2,5,3,3,2,1,6,3,3
SF,IF2003,2020-01-20 09:31:39.800,4187.0000,46323,0,594465420.000,0,-,-,-,-,4187.2000,4186.8000,4186.6000,4186.4000,4186.0000,4187.8000,4188.0000,4188.2000,4188.4000,4188.6000,1,2,2,3,3,2,1,6,3,3
SF,IF2003,2020-01-20 09:31:40.300,4187.2000,46322,-1,595721580.000,1,0,1,双平,S,4186.8000,4186.6000,4186.4000,4186.0000,4185.4000,4187.2000,4187.6000,4187.8000,4188.0000,4188.2000,5,2,3,3,1,3,1,2,1,6
SF,IF2003,2020-01-20 09:31:40.800,4187.2000,46322,0,595721580.000,0,-,-,-,-,4186.8000,4186.6000,4186.4000,4186.0000,4185.4000,4187.2000,4187.8000,4188.0000,4188.2000,4188.4000,2,2,3,3,1,5,2,1,6,3
SF,IF2003,2020-01-20 09:31:41.300,4187.2000,46321,-1,596977740.000,1,0,1,双平,S,4187.0000,4186.8000,4186.6000,4186.4000,4186.0000,4187.2000,4187.8000,4188.0000,4188.2000,4188.4000,1,1,2,3,3,5,2,1,6,3
SF,IF2003,2020-01-20 09:31:41.800,4187.4000,46314,-7,605770980.000,7,0,7,双平,S,4187.4000,4187.2000,4187.0000,4186.8000,4186.6000,4187.8000,4188.0000,4188.2000,4188.4000,4188.6000,2,2,6,1,2,2,2,6,3,3
SF,IF2003,2020-01-20 09:31:42.300,4187.4000,46314,0,605770980.000,0,-,-,-,-,4187.2000,4187.0000,4186.8000,4186.6000,4186.4000,4188.0000,4188.2000,4188.4000,4188.6000,4188.8000,9,6,1,2,3,2,5,3,3,3
SF,IF2003,2020-01-20 09:31:42.800,4188.2000,46313,-1,609540240.000,3,1,2,多平,S,4187.8000,4187.4000,4187.2000,4187.0000,4186.8000,4188.2000,4188.4000,4188.6000,4188.8000,4189.0000,5,5,10,6,1,4,3,3,3,6
SF,IF2003,2020-01-20 09:31:43.300,4187.2000,46311,-2,612052620.000,2,0,2,双平,S,4188.0000,4187.2000,4187.0000,4186.8000,4186.6000,4188.2000,4188.4000,4188.6000,4188.8000,4189.0000,1,2,6,1,2,4,4,3,3,6
SF,IF2003,2020-01-20 09:31:43.800,4188.0000,46310,-1,613309020.000,1,0,1,双平,S,4187.2000,4187.0000,4186.8000,4186.6000,4186.4000,4188.0000,4188.2000,4188.4000,4188.6000,4188.8000,2,6,1,2,3,1,4,5,3,3
SF,IF2003,2020-01-20 09:31:44.300,4188.0000,46310,0,613309020.000,0,-,-,-,-,4187.4000,4187.2000,4187.0000,4186.8000,4186.6000,4188.0000,4188.2000,4188.4000,4188.6000,4188.8000,1,2,6,1,2,1,4,5,3,3
SF,IF2003,2020-01-20 09:31:44.800,4188.0000,46310,0,613309020.000,0,-,-,-,-,4187.4000,4187.2000,4187.0000,4186.8000,4186.6000,4187.8000,4188.0000,4188.2000,4188.4000,4188.6000,1,2,6,1,2,1,1,4,5,3
SF,IF2003,2020-01-20 09:31:45.300,4188.0000,46310,0,614565420.000,1,0,1,多换,S,4187.4000,4187.2000,4187.0000,4186.8000,4186.6000,4187.8000,4188.2000,4188.4000,4188.6000,4188.8000,1,6,7,1,2,2,4,5,3,3
SF,IF2003,2020-01-20 09:31:45.800,4188.0000,46310,0,614565420.000,0,-,-,-,-,4187.4000,4187.2000,4187.0000,4186.8000,4186.6000,4187.6000,4187.8000,4188.2000,4188.4000,4188.6000,1,2,7,1,2,1,2,4,5,3
SF,IF2003,2020-01-20 09:31:46.300,4187.6000,46307,-3,618334320.000,3,0,3,双平,S,4187.6000,4187.4000,4187.2000,4187.0000,4186.8000,4187.8000,4188.2000,4188.4000,4188.6000,4188.8000,9,1,2,8,1,2,5,5,3,3
SF,IF2003,2020-01-20 09:31:46.800,4187.6000,46305,-2,624615840.000,5,1,4,多平,S,4187.6000,4187.4000,4187.2000,4187.0000,4186.8000,4188.2000,4188.4000,4188.6000,4188.8000,4189.0000,5,1,1,8,1,3,5,1,3,4
SF,IF2003,2020-01-20 09:31:47.300,4187.6000,46305,0,624615840.000,0,-,-,-,-,4187.6000,4187.4000,4187.2000,4187.0000,4186.8000,4188.2000,4188.4000,4188.6000,4188.8000,4189.0000,2,1,1,8,1,6,5,1,3,4
SF,IF2003,2020-01-20 09:31:47.800,4187.4000,46303,-2,628384620.000,3,0,3,多平,S,4187.2000,4187.0000,4186.8000,4186.6000,4186.4000,4187.4000,4188.2000,4188.4000,4188.6000,4188.8000,1,8,1,2,2,2,6,5,1,3
SF,IF2003,2020-01-20 09:31:48.300,4187.2000,46302,-1,629640780.000,1,0,1,双平,S,4187.0000,4186.8000,4186.6000,4186.4000,4186.0000,4187.2000,4187.4000,4187.6000,4188.2000,4188.4000,8,1,2,2,3,4,2,2,6,5
SF,IF2003,2020-01-20 09:31:48.800,4186.8000,46301,-1,637177320.000,6,2,4,多平,S,4186.6000,4186.4000,4186.0000,4185.4000,4185.2000,4187.0000,4187.2000,4187.4000,4187.6000,4188.2000,2,2,3,1,4,1,1,2,2,6
SF,IF2003,2020-01-20 09:31:49.300,4187.0000,46301,0,639689400.000,2,1,1,多换,S,4186.6000,4186.4000,4186.0000,4185.4000,4185.2000,4187.0000,4187.2000,4187.4000,4187.6000,4188.2000,1,2,6,1,4,1,12,2,2,6
SF,IF2003,2020-01-20 09:31:49.800,4186.6000,46300,-1,640945380.000,1,0,1,双平,S,4186.4000,4186.0000,4185.4000,4185.2000,4185.0000,4187.0000,4187.2000,4187.4000,4187.6000,4188.2000,2,6,1,4,1,1,12,3,2,6
SF,IF2003,2020-01-20 09:31:50.300,4186.6000,46300,0,640945380.000,0,-,-,-,-,4186.6000,4186.4000,4186.0000,4185.4000,4185.2000,4187.0000,4187.2000,4187.4000,4187.6000,4188.2000,5,2,6,1,4,1,12,3,2,6
SF,IF2003,2020-01-20 09:31:50.800,4186.6000,46300,0,640945380.000,0,-,-,-,-,4186.4000,4186.0000,4185.4000,4185.2000,4185.0000,4186.8000,4187.0000,4187.2000,4187.4000,4187.6000,2,6,1,4,1,1,2,12,3,2
SF,IF2003,2020-01-20 09:31:51.300,4186.8000,46300,0,644713260.000,3,1,2,多换,S,4186.0000,4185.4000,4185.2000,4185.0000,4184.6000,4187.0000,4187.2000,4187.4000,4187.6000,4188.2000,6,1,4,1,1,2,12,3,2,6
SF,IF2003,2020-01-20 09:31:51.800,4186.8000,46300,0,644713260.000,0,-,-,-,-,4186.0000,4185.4000,4185.2000,4185.0000,4184.6000,4187.0000,4187.2000,4187.4000,4187.6000,4188.2000,3,1,4,1,1,2,12,3,2,6
SF,IF2003,2020-01-20 09:31:52.300,4186.8000,46300,0,644713260.000,0,-,-,-,-,4186.4000,4186.2000,4186.0000,4185.4000,4185.2000,4186.6000,4187.0000,4187.2000,4187.4000,4187.6000,5,3,3,1,4,2,2,12,3,2
SF,IF2003,2020-01-20 09:31:52.800,4186.4000,46299,-1,648481020.000,3,1,2,多平,S,4186.0000,4185.4000,4185.2000,4185.0000,4184.6000,4186.4000,4186.6000,4186.8000,4187.0000,4187.2000,3,1,4,1,1,6,5,1,2,12
SF,IF2003,2020-01-20 09:31:53.300,4186.0000,46296,-3,654760080.000,5,1,4,多平,S,4185.4000,4185.2000,4185.0000,4184.6000,4183.2000,4186.0000,4186.2000,4186.4000,4186.6000,4186.8000,1,4,1,1,1,3,1,9,5,1
SF,IF2003,2020-01-20 09:31:53.800,4185.4000,46295,-1,656015700.000,1,0,1,双平,S,4185.2000,4185.0000,4184.8000,4184.6000,4183.2000,4185.8000,4186.0000,4186.2000,4186.4000,4186.6000,4,1,3,1,1,1,4,1,6,5
SF,IF2003,2020-01-20 09:31:54.300,4185.6000,46293,-2,663549120.000,6,2,4,多平,S,4184.6000,4183.2000,4181.0000,4180.4000,4180.2000,4185.6000,4186.0000,4186.2000,4186.4000,4186.6000,1,1,3,1,1,5,1,2,8,5
SF,IF2003,2020-01-20 09:31:54.800,4185.6000,46293,0,663549120.000,0,-,-,-,-,4184.6000,4184.4000,4183.2000,4181.0000,4180.4000,4185.4000,4185.6000,4186.0000,4186.2000,4186.4000,1,3,1,3,1,4,2,1,2,8
SF,IF2003,2020-01-20 09:31:55.300,4185.6000,46293,0,663549120.000,0,-,-,-,-,4184.6000,4183.2000,4181.0000,4180.4000,4180.2000,4185.4000,4185.6000,4186.0000,4186.2000,4186.4000,1,1,3,1,1,1,1,1,2,9
SF,IF2003,2020-01-20 09:31:55.800,4185.6000,46293,0,663549120.000,0,-,-,-,-,4185.0000,4184.6000,4184.0000,4183.2000,4181.0000,4185.4000,4185.6000,4186.0000,4186.2000,4186.4000,1,1,3,1,3,1,1,1,1,9
SF,IF2003,2020-01-20 09:31:56.300,4185.6000,46293,0,663549120.000,0,-,-,-,-,4185.0000,4184.6000,4184.0000,4183.2000,4181.0000,4186.0000,4186.2000,4186.4000,4186.6000,4186.8000,1,1,3,1,3,1,1,9,5,1
SF,IF2003,2020-01-20 09:31:56.800,4184.6000,46291,-2,667315500.000,3,0,3,多平,S,4184.0000,4183.2000,4181.0000,4180.4000,4180.2000,4184.6000,4185.4000,4185.6000,4185.8000,4186.0000,3,1,3,1,1,1,1,3,4,3
SF,IF2003,2020-01-20 09:31:57.300,4184.6000,46290,-1,668570880.000,1,0,1,双平,S,4184.8000,4184.6000,4184.4000,4184.2000,4183.2000,4185.8000,4186.0000,4186.4000,4186.6000,4186.8000,1,4,1,5,1,3,2,9,5,1
SF,IF2003,2020-01-20 09:31:57.800,4184.6000,46290,0,668570880.000,0,-,-,-,-,4184.6000,4184.4000,4184.2000,4183.2000,4181.0000,4185.6000,4185.8000,4186.0000,4186.4000,4186.6000,6,6,3,1,3,1,3,1,9,2
SF,IF2003,2020-01-20 09:31:58.300,4184.6000,46290,0,668570880.000,0,-,-,-,-,4184.8000,4184.6000,4184.4000,4183.2000,4181.0000,4185.0000,4185.6000,4185.8000,4186.0000,4186.4000,5,6,6,1,3,2,4,2,1,9
SF,IF2003,2020-01-20 09:31:58.800,4185.0000,46288,-2,673592880.000,4,1,3,多平,S,4184.8000,4184.6000,4184.4000,4183.2000,4181.0000,4185.6000,4185.8000,4186.0000,4186.4000,4186.6000,5,6,6,1,3,4,2,1,9,2
SF,IF2003,2020-01-20 09:31:59.300,4185.0000,46288,0,673592880.000,0,-,-,-,-,4185.0000,4184.8000,4184.6000,4184.4000,4183.2000,4185.6000,4185.8000,4186.0000,4186.4000,4186.6000,1,4,6,6,1,3,2,1,9,2
SF,IF2003,2020-01-20 09:31:59.800,4185.0000,46288,0,673592880.000,0,-,-,-,-,4185.0000,4184.8000,4184.6000,4184.4000,4183.2000,4185.6000,4185.8000,4186.0000,4186.4000,4186.6000,1,4,6,3,1,4,2,1,9,2
SF,IF2003,2020-01-20 09:32:00.300,4184.8000,46285,-3,677359260.000,3,0,3,双平,S,4185.2000,4184.6000,4184.0000,4183.2000,4181.0000,4185.4000,4185.6000,4186.0000,4186.4000,4186.6000,1,1,3,1,3,4,4,2,9,2
SF,IF2003,2020-01-20 09:32:00.800,4185.2000,46279,-6,684892560.000,6,0,6,双平,S,4184.6000,4183.2000,4181.0000,4180.4000,4180.2000,4185.4000,4185.6000,4186.0000,4186.2000,4186.4000,1,1,3,1,1,1,4,2,1,9
SF,IF2003,2020-01-20 09:32:01.300,4184.6000,46278,-1,686147940.000,1,0,1,双平,S,4184.6000,4183.2000,4181.0000,4180.4000,4180.2000,4185.0000,4185.2000,4185.4000,4185.6000,4185.8000,3,1,3,1,1,2,1,2,4,1
SF,IF2003,2020-01-20 09:32:01.800,4184.6000,46278,0,686147940.000,0,-,-,-,-,4183.2000,4181.0000,4180.4000,4180.2000,4180.0000,4185.0000,4185.2000,4185.4000,4185.6000,4185.8000,1,3,1,1,14,2,1,2,5,2
SF,IF2003,2020-01-20 09:32:02.300,4184.6000,46278,0,686147940.000,0,-,-,-,-,4184.6000,4184.2000,4183.4000,4183.2000,4181.0000,4184.8000,4185.0000,4185.2000,4185.6000,4185.8000,3,2,4,1,3,1,2,1,5,2
SF,IF2003,2020-01-20 09:32:02.800,4184.6000,46278,0,687403320.000,1,0,1,多换,S,4184.4000,4184.2000,4184.0000,4183.8000,4183.4000,4184.6000,4185.0000,4185.2000,4185.6000,4185.8000,3,2,2,1,7,1,2,1,4,2
SF,IF2003,2020-01-20 09:32:03.300,4184.6000,46278,0,687403320.000,0,-,-,-,-,4184.4000,4184.2000,4184.0000,4183.8000,4183.4000,4184.6000,4185.0000,4185.2000,4185.4000,4185.6000,5,2,2,1,6,1,2,1,1,1
SF,IF2003,2020-01-20 09:32:03.800,4184.6000,46277,-1,692424840.000,4,1,3,多平,S,4184.4000,4184.2000,4184.0000,4183.8000,4183.4000,4185.0000,4185.2000,4185.4000,4185.6000,4185.8000,3,2,2,1,6,2,1,1,1,2
SF,IF2003,2020-01-20 09:32:04.300,4184.6000,46277,0,692424840.000,0,-,-,-,-,4184.4000,4183.4000,4183.2000,4181.0000,4180.4000,4185.0000,4185.2000,4185.4000,4185.6000,4185.8000,2,5,1,3,1,2,1,1,1,2
SF,IF2003,2020-01-20 09:32:04.800,4184.6000,46277,0,692424840.000,0,-,-,-,-,4184.0000,4183.4000,4183.2000,4181.0000,4180.4000,4185.0000,4185.2000,4185.4000,4185.6000,4185.8000,2,5,1,3,1,2,1,1,1,2
SF,IF2003,2020-01-20 09:32:05.300,4184.6000,46277,0,692424840.000,0,-,-,-,-,4184.2000,4184.0000,4183.4000,4183.2000,4181.0000,4185.0000,4185.2000,4185.4000,4185.6000,4185.8000,2,2,5,1,3,2,1,1,1,2
SF,IF2003,2020-01-20 09:32:05.800,4184.6000,46277,0,692424840.000,0,-,-,-,-,4184.0000,4183.4000,4183.2000,4181.0000,4180.4000,4184.8000,4185.0000,4185.4000,4185.6000,4185.8000,2,3,1,3,1,2,2,1,1,2
SF,IF2003,2020-01-20 09:32:06.300,4184.6000,46277,0,692424840.000,0,-,-,-,-,4184.0000,4183.4000,4183.2000,4181.0000,4180.4000,4184.4000,4184.6000,4184.8000,4185.0000,4185.2000,2,3,1,3,1,1,1,2,2,1
SF,IF2003,2020-01-20 09:32:06.800,4184.0000,46277,0,693680040.000,1,0,1,多换,S,4184.0000,4183.4000,4183.2000,4181.0000,4180.4000,4184.4000,4184.6000,4184.8000,4185.0000,4185.2000,1,1,1,3,1,2,1,2,2,1
SF,IF2003,2020-01-20 09:32:07.300,4183.8000,46277,0,696190380.000,2,1,1,多换,S,4183.8000,4183.2000,4181.0000,4180.4000,4180.2000,4184.4000,4184.6000,4184.8000,4185.0000,4185.2000,2,1,3,1,1,2,1,2,2,1
SF,IF2003,2020-01-20 09:32:07.800,4183.8000,46277,0,696190380.000,0,-,-,-,-,4183.2000,4181.0000,4180.4000,4180.2000,4180.0000,4184.2000,4184.4000,4184.6000,4184.8000,4185.0000,1,3,1,1,14,3,2,1,1,2
SF,IF2003,2020-01-20 09:32:08.300,4184.0000,46276,-1,697445580.000,1,0,1,双平,S,4183.4000,4183.2000,4181.0000,4180.4000,4180.2000,4184.0000,4184.2000,4184.4000,4184.6000,4185.0000,8,1,3,1,1,1,3,2,1,2
SF,IF2003,2020-01-20 09:32:08.800,4184.0000,46276,0,697445580.000,0,-,-,-,-,4183.2000,4181.0000,4180.4000,4180.2000,4180.0000,4184.0000,4184.2000,4184.4000,4184.6000,4185.0000,1,3,1,1,9,1,3,2,1,2
SF,IF2003,2020-01-20 09:32:09.300,4184.0000,46276,0,697445580.000,0,-,-,-,-,4183.2000,4181.0000,4180.4000,4180.2000,4180.0000,4183.8000,4184.0000,4184.2000,4184.4000,4184.6000,1,3,1,1,9,3,4,3,2,1
SF,IF2003,2020-01-20 09:32:09.800,4184.0000,46276,0,697445580.000,0,-,-,-,-,4183.2000,4181.0000,4180.4000,4180.2000,4180.0000,4183.8000,4184.0000,4184.2000,4184.4000,4184.6000,1,3,1,1,9,2,4,3,2,1
SF,IF2003,2020-01-20 09:32:10.300,4183.8000,46275,-1,698700720.000,1,0,1,双平,S,4183.2000,4181.0000,4180.4000,4180.2000,4180.0000,4183.8000,4184.0000,4184.2000,4184.4000,4184.6000,1,3,1,1,9,1,4,3,2,1
SF,IF2003,2020-01-20 09:32:10.800,4184.0000,46274,-1,702466260.000,3,1,2,多平,S,4183.6000,4183.4000,4183.2000,4181.0000,4180.4000,4184.0000,4184.2000,4184.4000,4184.6000,4185.0000,7,2,4,3,1,1,3,2,1,2
SF,IF2003,2020-01-20 09:32:11.300,4185.0000,46267,-7,712508880.000,8,0,8,多平,S,4184.2000,4184.0000,4183.8000,4183.6000,4183.4000,4185.2000,4185.4000,4185.6000,4185.8000,4186.0000,3,5,10,7,5,1,1,1,2,1
SF,IF2003,2020-01-20 09:32:11.800,4184.4000,46264,-3,716275380.000,3,0,3,双平,S,4184.4000,4184.2000,4184.0000,4183.8000,4183.6000,4184.8000,4185.6000,4185.8000,4186.0000,4186.4000,5,2,9,12,7,1,1,2,1,3
SF,IF2003,2020-01-20 09:32:12.300,4184.8000,46264,0,717530820.000,1,0,1,多换,S,4185.0000,4184.8000,4184.4000,4184.0000,4183.8000,4185.6000,4185.8000,4186.0000,4186.4000,4186.6000,1,3,6,8,11,1,2,1,3,2
SF,IF2003,2020-01-20 09:32:12.800,4184.8000,46264,0,717530820.000,0,-,-,-,-,4184.8000,4184.4000,4184.2000,4184.0000,4183.8000,4185.0000,4185.6000,4185.8000,4186.0000,4186.4000,3,4,1,8,3,1,2,2,1,3
SF,IF2003,2020-01-20 09:32:13.300,4185.0000,46263,-1,718786320.000,1,0,1,双平,S,4185.0000,4184.8000,4184.4000,4184.2000,4184.0000,4185.6000,4185.8000,4186.0000,4186.4000,4186.6000,1,1,4,2,8,2,2,1,3,2
SF,IF2003,2020-01-20 09:32:13.800,4184.8000,46261,-2,721297260.000,2,0,2,双平,S,4184.4000,4184.2000,4184.0000,4183.8000,4183.4000,4185.6000,4185.8000,4186.0000,4186.4000,4186.6000,3,2,8,3,1,1,2,1,3,2
SF,IF2003,2020-01-20 09:32:14.300,4185.6000,46261,0,722552940.000,1,0,1,多换,S,4185.2000,4185.0000,4184.6000,4184.4000,4184.2000,4185.8000,4186.0000,4186.4000,4186.6000,4187.0000,2,11,5,3,2,2,1,3,2,2
SF,IF2003,2020-01-20 09:32:14.800,4185.8000,46260,-1,725064420.000,2,0,2,多平,S,4185.8000,4185.4000,4185.0000,4184.6000,4184.4000,4186.0000,4186.4000,4186.6000,4187.0000,4187.2000,1,5,12,4,5,1,3,2,2,11
SF,IF2003,2020-01-20 09:32:15.300,4185.4000,46260,0,727575840.000,2,1,1,多换,S,4185.4000,4185.0000,4184.6000,4184.4000,4184.2000,4186.4000,4186.6000,4187.0000,4187.2000,4187.4000,4,12,4,2,2,3,2,2,11,3
SF,IF2003,2020-01-20 09:32:15.800,4185.4000,46260,0,727575840.000,0,-,-,-,-,4186.0000,4185.6000,4185.4000,4185.0000,4184.6000,4186.4000,4186.6000,4187.0000,4187.2000,4187.4000,1,5,4,12,3,3,2,2,11,3
SF,IF2003,2020-01-20 09:32:16.300,4185.4000,46260,0,727575840.000,0,-,-,-,-,4186.0000,4185.6000,4185.4000,4185.0000,4184.6000,4186.4000,4186.6000,4187.0000,4187.2000,4187.4000,1,4,6,12,3,3,2,2,11,3
SF,IF2003,2020-01-20 09:32:16.800,4186.2000,46257,-3,732599160.000,4,0,4,多平,S,4185.6000,4185.0000,4184.6000,4184.2000,4184.0000,4186.2000,4186.4000,4186.6000,4187.0000,4187.2000,1,1,2,2,1,2,3,2,2,11
SF,IF2003,2020-01-20 09:32:17.300,4186.2000,46257,0,732599160.000,0,-,-,-,-,4185.6000,4185.4000,4185.0000,4184.6000,4184.2000,4186.2000,4186.4000,4186.6000,4187.0000,4187.2000,1,1,1,2,2,1,3,2,2,11
SF,IF2003,2020-01-20 09:32:17.800,4185.6000,46256,-1,733854840.000,1,0,1,双平,S,4185.4000,4185.0000,4184.6000,4184.2000,4184.0000,4185.8000,4186.4000,4186.6000,4187.0000,4187.2000,1,1,2,2,1,2,3,2,2,11
SF,IF2003,2020-01-20 09:32:18.300,4185.6000,46256,0,733854840.000,0,-,-,-,-,4185.4000,4185.0000,4184.6000,4184.2000,4184.0000,4185.8000,4186.4000,4186.6000,4187.0000,4187.2000,1,1,2,1,1,2,3,2,2,11
SF,IF2003,2020-01-20 09:32:18.800,4185.6000,46255,-1,735110520.000,1,0,1,双平,S,4185.4000,4185.2000,4185.0000,4184.6000,4184.0000,4185.8000,4186.4000,4186.6000,4187.0000,4187.2000,2,1,1,2,1,2,3,2,2,11
SF,IF2003,2020-01-20 09:32:19.300,4185.8000,46253,-2,738877740.000,3,0,3,多平,S,4185.8000,4185.4000,4185.2000,4185.0000,4184.6000,4186.4000,4186.6000,4187.0000,4187.2000,4187.4000,8,5,1,1,2,3,2,2,11,3
SF,IF2003,2020-01-20 09:32:19.800,4186.0000,46251,-2,741389460.000,2,0,2,双平,S,4186.0000,4185.8000,4185.4000,4185.2000,4185.0000,4186.4000,4186.6000,4187.0000,4187.2000,4187.4000,8,12,6,1,1,2,2,2,11,3
SF,IF2003,2020-01-20 09:32:20.300,4186.6000,46249,-2,746413260.000,4,1,3,多平,S,4186.8000,4186.4000,4186.0000,4185.8000,4185.6000,4187.0000,4187.2000,4187.4000,4187.6000,4188.0000,2,1,9,7,1,2,11,3,2,1
SF,IF2003,2020-01-20 09:32:20.800,4186.4000,46247,-2,750181260.000,3,0,3,多平,S,4185.6000,4185.4000,4185.2000,4185.0000,4184.6000,4186.6000,4186.8000,4187.0000,4187.2000,4187.4000,1,2,1,1,2,6,3,2,11,3
SF,IF2003,2020-01-20 09:32:21.300,4186.4000,46247,0,750181260.000,0,-,-,-,-,4185.8000,4185.6000,4185.4000,4185.2000,4185.0000,4186.6000,4187.0000,4187.2000,4187.4000,4187.6000,1,2,2,1,1,2,2,11,3,2
SF,IF2003,2020-01-20 09:32:21.800,4186.4000,46247,0,750181260.000,0,-,-,-,-,4185.6000,4185.4000,4185.2000,4185.0000,4184.6000,4186.4000,4186.6000,4186.8000,4187.0000,4187.2000,2,3,1,1,1,1,2,1,2,11
SF,IF2003,2020-01-20 09:32:22.300,4186.4000,46247,0,750181260.000,0,-,-,-,-,4185.6000,4185.4000,4185.2000,4185.0000,4184.6000,4185.8000,4186.4000,4186.6000,4186.8000,4187.0000,1,3,1,1,1,1,1,2,1,2
SF,IF2003,2020-01-20 09:32:22.800,4185.6000,46246,-1,751436940.000,1,0,1,双平,S,4185.4000,4185.2000,4185.0000,4184.6000,4184.2000,4185.8000,4186.4000,4186.6000,4186.8000,4187.0000,3,1,1,1,1,1,1,2,1,2
SF,IF2003,2020-01-20 09:32:23.300,4185.6000,46246,0,751436940.000,0,-,-,-,-,4185.4000,4185.2000,4185.0000,4184.6000,4184.2000,4185.6000,4185.8000,4186.4000,4186.6000,4186.8000,3,1,1,1,1,1,1,1,2,1
SF,IF2003,2020-01-20 09:32:23.800,4185.4000,46243,-3,755203800.000,3,0,3,双平,S,4185.4000,4185.2000,4185.0000,4184.6000,4184.2000,4185.8000,4186.4000,4186.6000,4186.8000,4187.0000,1,1,1,1,1,1,1,2,1,2
SF,IF2003,2020-01-20 09:32:24.300,4185.6000,46242,-1,760226220.000,4,1,3,多平,S,4185.6000,4185.0000,4184.6000,4184.2000,4182.4000,4185.8000,4186.4000,4186.6000,4186.8000,4187.0000,3,1,1,1,1,1,1,2,1,2
SF,IF2003,2020-01-20 09:32:24.800,4185.6000,46241,-1,763993260.000,3,1,2,多平,S,4185.0000,4184.2000,4182.4000,4182.2000,4181.2000,4185.4000,4185.6000,4185.8000,4186.4000,4186.6000,1,1,1,1,1,2,4,3,1,2
SF,IF2003,2020-01-20 09:32:25.300,4185.0000,46240,-1,765248760.000,1,0,1,双平,S,4185.2000,4184.2000,4182.4000,4182.2000,4181.2000,4185.4000,4185.6000,4185.8000,4186.6000,4186.8000,1,1,1,1,1,2,2,1,2,1
SF,IF2003,2020-01-20 09:32:25.800,4185.0000,46240,0,766504260.000,1,0,1,多换,S,4184.2000,4182.4000,4182.2000,4181.2000,4181.0000,4185.4000,4185.6000,4185.8000,4186.6000,4186.8000,1,1,1,1,3,2,6,1,2,1
SF,IF2003,2020-01-20 09:32:26.300,4185.0000,46240,0,766504260.000,0,-,-,-,-,4184.2000,4182.4000,4182.2000,4181.2000,4181.0000,4185.2000,4185.4000,4185.6000,4185.8000,4186.6000,1,1,1,1,3,4,3,6,1,2
SF,IF2003,2020-01-20 09:32:26.800,4184.2000,46240,0,767759520.000,1,0,1,多换,S,4182.4000,4182.2000,4181.2000,4181.0000,4180.4000,4185.0000,4185.2000,4185.4000,4185.6000,4185.8000,1,1,1,3,1,6,5,3,6,1
SF,IF2003,2020-01-20 09:32:27.300,4185.0000,46238,-2,770270520.000,2,0,2,双平,S,4183.4000,4183.0000,4182.6000,4182.4000,4182.2000,4185.0000,4185.2000,4185.4000,4185.6000,4185.8000,8,1,6,1,1,4,4,3,6,1
SF,IF2003,2020-01-20 09:32:27.800,4185.0000,46238,0,770270520.000,0,-,-,-,-,4184.0000,4183.6000,4183.4000,4183.0000,4182.8000,4184.8000,4185.0000,4185.2000,4185.4000,4185.6000,6,6,9,2,1,1,1,2,2,6
SF,IF2003,2020-01-20 09:32:28.300,4185.0000,46238,0,770270520.000,0,-,-,-,-,4183.6000,4183.4000,4183.0000,4182.6000,4182.4000,4184.8000,4185.0000,4185.2000,4185.4000,4185.6000,1,8,1,4,2,2,1,2,2,6
SF,IF2003,2020-01-20 09:32:28.800,4185.0000,46238,0,770270520.000,0,-,-,-,-,4183.8000,4183.6000,4183.4000,4183.0000,4182.6000,4184.8000,4185.0000,4185.2000,4185.4000,4185.6000,3,1,8,1,4,2,1,2,2,6
SF,IF2003,2020-01-20 09:32:29.300,4185.0000,46238,0,770270520.000,0,-,-,-,-,4183.8000,4183.6000,4183.4000,4183.0000,4182.6000,4184.6000,4184.8000,4185.0000,4185.2000,4185.4000,2,1,8,1,4,1,1,1,2,2
SF,IF2003,2020-01-20 09:32:29.800,4184.4000,46237,-1,771525840.000,1,0,1,双平,S,4183.8000,4183.6000,4183.4000,4183.0000,4182.6000,4184.6000,4184.8000,4185.0000,4185.2000,4185.4000,2,1,8,1,4,1,1,1,2,2
SF,IF2003,2020-01-20 09:32:30.300,4184.4000,46237,0,771525840.000,0,-,-,-,-,4183.8000,4183.6000,4183.4000,4183.0000,4182.6000,4184.6000,4184.8000,4185.0000,4185.2000,4185.4000,1,1,8,1,4,1,1,1,2,2
SF,IF2003,2020-01-20 09:32:30.800,4184.6000,46234,-3,775291620.000,3,0,3,双平,S,4183.6000,4183.4000,4183.0000,4182.6000,4182.4000,4185.0000,4185.2000,4185.4000,4185.6000,4185.8000,1,8,1,4,2,1,2,2,4,1
SF,IF2003,2020-01-20 09:32:31.300,4184.6000,46234,0,775291620.000,0,-,-,-,-,4183.8000,4183.6000,4183.4000,4183.0000,4182.6000,4184.8000,4185.0000,4185.2000,4185.4000,4185.6000,8,1,8,1,4,1,2,2,2,4
SF,IF2003,2020-01-20 09:32:31.800,4184.6000,46234,0,775291620.000,0,-,-,-,-,4183.8000,4183.6000,4183.4000,4183.0000,4182.6000,4184.8000,4185.0000,4185.2000,4185.4000,4185.6000,8,1,8,1,4,2,1,2,2,3
SF,IF2003,2020-01-20 09:32:32.300,4183.8000,46235,1,777801960.000,2,1,1,空开,S,4183.6000,4183.4000,4183.0000,4182.6000,4182.4000,4184.8000,4185.0000,4185.2000,4185.4000,4185.6000,1,8,1,4,2,2,3,2,2,3
SF,IF2003,2020-01-20 09:32:32.800,4183.8000,46236,1,781567680.000,3,2,1,空开,S,4183.8000,4183.6000,4183.4000,4183.0000,4182.6000,4185.0000,4185.2000,4185.4000,4185.6000,4185.8000,5,1,8,1,4,3,1,2,3,1
SF,IF2003,2020-01-20 09:32:33.300,4183.8000,46236,0,781567680.000,0,-,-,-,-,4183.4000,4183.0000,4182.6000,4182.4000,4182.2000,4184.6000,4184.8000,4185.0000,4185.2000,4185.4000,8,1,2,2,1,1,2,4,1,2
SF,IF2003,2020-01-20 09:32:33.800,4183.8000,46236,0,781567680.000,0,-,-,-,-,4183.4000,4183.0000,4182.6000,4182.4000,4182.2000,4184.4000,4184.6000,4184.8000,4185.0000,4185.2000,8,1,2,2,1,2,1,1,3,1
SF,IF2003,2020-01-20 09:32:34.300,4184.4000,46234,-2,784078320.000,2,0,2,双平,S,4184.4000,4183.4000,4183.0000,4182.6000,4182.4000,4184.6000,4184.8000,4185.0000,4185.2000,4185.4000,10,8,1,2,2,1,1,3,1,2
SF,IF2003,2020-01-20 09:32:34.800,4184.4000,46224,-10,796631520.000,10,0,10,双平,S,4183.4000,4183.0000,4182.6000,4182.4000,4182.2000,4183.8000,4184.6000,4184.8000,4185.0000,4185.2000,9,1,2,2,1,2,1,1,3,1
SF,IF2003,2020-01-20 09:32:35.300,4184.4000,46224,0,796631520.000,0,-,-,-,-,4183.4000,4183.0000,4182.4000,4182.2000,4181.2000,4183.8000,4184.2000,4184.4000,4184.6000,4185.0000,1,1,1,1,2,2,4,1,1,3
SF,IF2003,2020-01-20 09:32:35.800,4183.8000,46222,-2,799141800.000,2,0,2,双平,S,4183.4000,4182.4000,4182.2000,4181.2000,4181.0000,4184.2000,4184.6000,4185.0000,4185.4000,4185.6000,1,1,1,2,3,4,1,3,2,3
SF,IF2003,2020-01-20 09:32:36.300,4183.8000,46222,0,799141800.000,0,-,-,-,-,4183.4000,4182.4000,4182.2000,4181.2000,4181.0000,4184.0000,4184.6000,4185.0000,4185.4000,4185.6000,1,1,1,2,3,1,1,3,2,3
SF,IF2003,2020-01-20 09:32:36.800,4183.4000,46222,0,800396820.000,1,0,1,多换,S,4182.4000,4182.2000,4181.2000,4181.0000,4180.4000,4184.0000,4184.4000,4184.6000,4185.0000,4185.4000,1,1,2,3,1,1,1,1,3,2
SF,IF2003,2020-01-20 09:32:37.300,4183.4000,46222,0,800396820.000,0,-,-,-,-,4183.2000,4183.0000,4182.6000,4182.4000,4182.2000,4183.4000,4184.0000,4184.4000,4185.0000,4185.4000,8,5,9,1,1,2,2,1,3,2
SF,IF2003,2020-01-20 09:32:37.800,4182.6000,46218,-4,816709740.000,13,4,9,多平,S,4182.4000,4182.2000,4181.2000,4181.0000,4180.4000,4183.4000,4184.0000,4184.4000,4185.0000,4185.4000,2,1,2,3,1,2,2,1,3,2
SF,IF2003,2020-01-20 09:32:38.300,4183.2000,46215,-3,822984720.000,5,1,4,多平,S,4183.2000,4183.0000,4182.6000,4182.4000,4182.2000,4183.4000,4184.0000,4184.4000,4185.0000,4185.4000,6,5,5,3,2,2,2,1,4,2
SF,IF2003,2020-01-20 09:32:38.800,4183.2000,46215,0,822984720.000,0,-,-,-,-,4182.6000,4182.4000,4182.2000,4181.2000,4181.0000,4183.4000,4184.0000,4184.4000,4185.0000,4185.4000,1,1,2,2,3,2,2,1,4,2
SF,IF2003,2020-01-20 09:32:39.300,4183.4000,46213,-2,825494760.000,2,0,2,双平,S,4183.0000,4182.8000,4182.6000,4182.4000,4182.2000,4184.0000,4184.4000,4185.0000,4185.4000,4185.6000,6,5,1,1,2,2,1,4,2,3
SF,IF2003,2020-01-20 09:32:39.800,4183.4000,46213,0,825494760.000,0,-,-,-,-,4182.4000,4182.2000,4181.2000,4181.0000,4180.4000,4183.6000,4183.8000,4184.0000,4184.4000,4185.0000,1,2,2,3,1,2,2,2,1,4
SF,IF2003,2020-01-20 09:32:40.300,4183.4000,46213,0,825494760.000,0,-,-,-,-,4182.6000,4182.4000,4182.2000,4181.2000,4181.0000,4183.4000,4183.8000,4184.0000,4184.4000,4185.0000,1,1,2,2,3,1,1,1,1,4
SF,IF2003,2020-01-20 09:32:40.800,4183.4000,46213,0,825494760.000,0,-,-,-,-,4182.6000,4182.4000,4182.2000,4181.2000,4181.0000,4183.4000,4183.8000,4184.0000,4184.4000,4185.0000,1,1,2,2,3,1,1,1,1,4
SF,IF2003,2020-01-20 09:32:41.300,4183.4000,46213,0,825494760.000,0,-,-,-,-,4182.6000,4182.4000,4182.2000,4181.2000,4181.0000,4183.4000,4183.8000,4184.0000,4184.4000,4185.0000,1,1,2,2,3,1,1,1,1,4
SF,IF2003,2020-01-20 09:32:41.800,4183.4000,46213,0,825494760.000,0,-,-,-,-,4182.6000,4182.4000,4182.2000,4181.2000,4181.0000,4183.4000,4183.8000,4184.0000,4184.4000,4185.0000,1,1,3,2,3,1,1,1,1,4
SF,IF2003,2020-01-20 09:32:42.300,4182.6000,46212,-1,826749540.000,1,0,1,双平,S,4182.4000,4182.2000,4181.2000,4181.0000,4180.4000,4183.4000,4183.8000,4184.0000,4184.4000,4185.0000,1,3,2,3,1,1,1,2,1,4
SF,IF2003,2020-01-20 09:32:42.800,4182.6000,46212,0,826749540.000,0,-,-,-,-,4182.4000,4182.2000,4181.2000,4181.0000,4180.4000,4183.4000,4184.0000,4184.4000,4185.0000,4185.4000,1,3,2,3,1,1,2,1,4,2
SF,IF2003,2020-01-20 09:32:43.300,4183.4000,46214,2,830514540.000,3,2,1,空开,S,4183.4000,4182.6000,4182.4000,4182.2000,4181.2000,4184.0000,4184.4000,4185.0000,4185.4000,4185.6000,2,7,1,3,2,2,1,4,2,3
SF,IF2003,2020-01-20 09:32:43.800,4184.0000,46213,-1,831769740.000,1,0,1,双平,S,4183.4000,4182.6000,4182.4000,4182.2000,4181.2000,4184.0000,4184.4000,4185.0000,4185.4000,4185.6000,2,7,1,3,2,1,1,4,2,3
SF,IF2003,2020-01-20 09:32:44.300,4182.6000,46214,1,835534560.000,3,2,1,空开,S,4182.6000,4182.4000,4182.2000,4181.2000,4181.0000,4184.0000,4184.4000,4185.0000,4185.4000,4185.6000,6,1,3,2,3,1,1,4,2,3
SF,IF2003,2020-01-20 09:32:44.800,4184.0000,46214,0,836789760.000,1,0,1,多换,S,4183.6000,4183.4000,4182.8000,4182.6000,4182.4000,4184.4000,4185.0000,4185.4000,4185.6000,4185.8000,2,5,9,6,1,1,4,2,3,1
SF,IF2003,2020-01-20 09:32:45.300,4184.0000,46214,0,836789760.000,0,-,-,-,-,4183.8000,4183.6000,4183.4000,4183.0000,4182.8000,4184.4000,4185.0000,4185.4000,4185.6000,4185.8000,1,2,5,1,9,1,4,2,3,1
SF,IF2003,2020-01-20 09:32:45.800,4183.6000,46213,-1,838044840.000,1,0,1,双平,S,4183.6000,4183.4000,4183.0000,4182.8000,4182.6000,4184.4000,4185.0000,4185.4000,4185.6000,4185.8000,1,5,1,9,1,1,4,2,3,1
SF,IF2003,2020-01-20 09:32:46.300,4183.6000,46213,0,838044840.000,0,-,-,-,-,4183.6000,4183.4000,4183.0000,4182.8000,4182.6000,4184.2000,4184.4000,4185.0000,4185.4000,4185.6000,1,5,2,9,1,1,1,4,2,3
SF,IF2003,2020-01-20 09:32:46.800,4184.4000,46212,-1,839300160.000,1,0,1,双平,S,4183.6000,4183.4000,4183.0000,4182.8000,4182.6000,4185.0000,4185.4000,4185.6000,4185.8000,4187.0000,1,5,2,8,1,4,2,3,1,3
SF,IF2003,2020-01-20 09:32:47.300,4184.4000,46212,0,839300160.000,0,-,-,-,-,4183.8000,4183.0000,4182.8000,4182.4000,4182.2000,4184.4000,4184.8000,4185.0000,4185.4000,4185.6000,1,1,3,2,3,2,11,4,2,3
SF,IF2003,2020-01-20 09:32:47.800,4183.8000,46212,0,840555300.000,1,0,1,多换,S,4182.8000,4182.4000,4182.2000,4181.2000,4181.0000,4183.6000,4184.2000,4184.8000,4185.0000,4185.4000,3,2,3,2,3,1,1,5,4,2
SF,IF2003,2020-01-20 09:32:48.300,4183.8000,46212,0,840555300.000,0,-,-,-,-,4182.8000,4182.4000,4182.2000,4181.2000,4181.0000,4183.6000,4184.2000,4184.8000,4185.0000,4185.4000,3,2,3,2,3,1,1,4,4,2
SF,IF2003,2020-01-20 09:32:48.800,4183.6000,46213,1,841810380.000,1,1,0,双开,S,4183.6000,4182.8000,4182.4000,4182.2000,4181.2000,4183.8000,4184.2000,4184.8000,4185.0000,4185.4000,2,3,2,3,2,1,1,4,4,2
SF,IF2003,2020-01-20 09:32:49.300,4183.6000,46214,1,843065460.000,1,1,0,双开,S,4183.6000,4182.8000,4182.4000,4182.2000,4181.2000,4183.8000,4184.2000,4184.8000,4185.0000,4185.4000,1,3,2,3,2,1,1,4,4,2
SF,IF2003,2020-01-20 09:32:49.800,4183.6000,46214,0,843065460.000,0,-,-,-,-,4183.6000,4182.8000,4182.4000,4182.2000,4181.2000,4183.8000,4184.2000,4184.8000,4185.0000,4185.4000,1,3,2,3,2,1,1,3,4,2
SF,IF2003,2020-01-20 09:32:50.300,4183.6000,46214,0,843065460.000,0,-,-,-,-,4183.6000,4182.8000,4182.4000,4182.2000,4181.2000,4183.8000,4184.2000,4184.8000,4185.0000,4185.4000,1,3,2,3,2,1,1,3,4,2
SF,IF2003,2020-01-20 09:32:50.800,4183.6000,46214,0,843065460.000,0,-,-,-,-,4183.6000,4182.8000,4182.4000,4182.2000,4181.2000,4183.8000,4184.2000,4184.8000,4185.0000,4185.4000,1,3,2,3,2,2,1,3,4,2
SF,IF2003,2020-01-20 09:32:51.800,4183.8000,46213,-1,846830820.000,3,1,2,多平,S,4182.8000,4182.4000,4182.2000,4181.2000,4181.0000,4183.6000,4184.2000,4184.8000,4185.0000,4185.4000,3,2,3,2,3,2,1,2,4,2
SF,IF2003,2020-01-20 09:32:52.300,4183.8000,46213,0,846830820.000,0,-,-,-,-,4183.0000,4182.8000,4182.4000,4182.2000,4181.2000,4183.6000,4184.8000,4185.0000,4185.4000,4185.6000,8,3,2,3,2,2,1,4,2,3
SF,IF2003,2020-01-20 09:32:53.300,4183.0000,46212,-1,848085720.000,1,0,1,双平,S,4183.0000,4182.8000,4182.4000,4182.2000,4181.2000,4183.6000,4184.8000,4185.0000,4185.4000,4185.6000,7,3,2,3,2,3,1,4,2,3
SF,IF2003,2020-01-20 09:32:54.300,4183.0000,46212,0,848085720.000,0,-,-,-,-,4183.0000,4182.8000,4182.4000,4182.2000,4181.2000,4183.6000,4184.8000,4185.0000,4185.4000,4185.6000,7,3,2,3,2,3,1,4,2,3
SF,IF2003,2020-01-20 09:32:54.800,4183.6000,46211,-1,849340800.000,1,0,1,双平,S,4183.0000,4182.8000,4182.4000,4182.2000,4181.2000,4183.6000,4184.8000,4185.0000,4185.4000,4185.6000,7,3,2,3,2,2,1,4,2,3
SF,IF2003,2020-01-20 09:32:55.300,4183.6000,46211,0,849340800.000,0,-,-,-,-,4183.0000,4182.8000,4182.4000,4182.2000,4181.2000,4183.6000,4184.8000,4185.0000,4185.4000,4185.6000,7,3,1,3,2,2,1,4,2,3
SF,IF2003,2020-01-20 09:32:56.300,4183.6000,46211,0,849340800.000,0,-,-,-,-,4183.2000,4183.0000,4182.8000,4182.4000,4182.2000,4183.6000,4184.8000,4185.0000,4185.4000,4185.6000,1,7,3,1,3,2,1,4,2,3
SF,IF2003,2020-01-20 09:32:56.800,4183.0000,46210,-1,851850660.000,2,0,2,多平,S,4183.0000,4182.8000,4182.4000,4182.2000,4181.2000,4183.6000,4184.8000,4185.0000,4185.4000,4185.6000,6,3,1,3,2,2,1,4,2,3
SF,IF2003,2020-01-20 09:32:57.300,4183.0000,46210,0,851850660.000,0,-,-,-,-,4183.0000,4182.8000,4182.4000,4182.2000,4181.2000,4183.4000,4183.6000,4184.8000,4185.0000,4185.4000,6,3,1,3,2,1,2,1,4,2
SF,IF2003,2020-01-20 09:32:57.800,4183.0000,46210,0,851850660.000,0,-,-,-,-,4183.2000,4183.0000,4182.8000,4182.4000,4182.2000,4183.6000,4184.8000,4185.0000,4185.4000,4185.6000,1,6,3,1,3,2,1,4,2,3
SF,IF2003,2020-01-20 09:32:58.300,4183.0000,46210,0,851850660.000,0,-,-,-,-,4183.2000,4183.0000,4182.8000,4182.4000,4182.2000,4183.6000,4184.8000,4185.0000,4185.4000,4185.6000,1,6,3,1,3,2,1,4,2,3
SF,IF2003,2020-01-20 09:32:59.300,4183.0000,46209,-1,854360460.000,2,0,2,多平,S,4183.0000,4182.8000,4182.4000,4182.2000,4181.2000,4183.6000,4184.8000,4185.0000,4185.4000,4185.6000,5,3,1,3,2,2,1,4,2,3
SF,IF2003,2020-01-20 09:32:59.800,4183.0000,46209,0,854360460.000,0,-,-,-,-,4183.0000,4182.8000,4182.4000,4182.2000,4181.2000,4183.6000,4183.8000,4184.8000,4185.0000,4185.4000,5,3,1,3,2,2,1,1,3,2
SF,IF2003,2020-01-20 09:33:00.300,4183.0000,46209,0,854360460.000,0,-,-,-,-,4183.0000,4182.8000,4182.4000,4182.2000,4181.2000,4183.4000,4183.6000,4183.8000,4184.8000,4185.0000,5,3,1,3,2,1,2,1,1,3
SF,IF2003,2020-01-20 09:33:00.800,4183.4000,46210,1,855615480.000,1,1,0,双开,S,4183.0000,4182.8000,4182.4000,4182.2000,4181.2000,4183.6000,4183.8000,4184.8000,4185.0000,4185.4000,5,3,1,3,2,2,1,1,3,2
SF,IF2003,2020-01-20 09:33:01.300,4183.4000,46210,0,858125520.000,2,1,1,多换,S,4183.4000,4183.2000,4183.0000,4182.8000,4182.4000,4183.6000,4183.8000,4184.8000,4185.0000,4185.4000,1,5,3,3,1,2,1,1,3,2
SF,IF2003,2020-01-20 09:33:01.800,4183.4000,46210,0,859380540.000,1,0,1,多换,S,4183.0000,4182.8000,4182.4000,4182.2000,4181.2000,4183.6000,4183.8000,4184.8000,4185.0000,4185.4000,3,2,1,3,2,2,1,1,3,2
SF,IF2003,2020-01-20 09:33:02.300,4183.6000,46209,-1,863145660.000,3,1,2,多平,S,4183.0000,4182.8000,4182.4000,4182.2000,4181.2000,4183.8000,4184.8000,4185.0000,4185.4000,4185.6000,4,2,1,3,2,1,1,3,2,3
SF,IF2003,2020-01-20 09:33:02.800,4183.6000,46208,-1,865655880.000,2,0,2,多平,S,4183.6000,4183.4000,4183.2000,4183.0000,4182.8000,4185.4000,4185.6000,4185.8000,4187.0000,4187.2000,5,6,7,4,2,2,3,1,3,10
SF,IF2003,2020-01-20 09:33:03.300,4183.6000,46208,0,865655880.000,0,-,-,-,-,4183.6000,4183.4000,4183.2000,4183.0000,4182.8000,4185.2000,4185.4000,4185.6000,4185.8000,4187.0000,5,5,4,4,2,3,3,3,1,3
SF,IF2003,2020-01-20 09:33:03.800,4183.6000,46208,0,866910960.000,1,0,1,多换,S,4183.8000,4183.6000,4183.4000,4183.2000,4183.0000,4185.2000,4185.4000,4185.6000,4185.8000,4187.0000,5,4,5,5,4,3,3,3,1,3
SF,IF2003,2020-01-20 09:33:04.300,4183.6000,46209,1,868166040.000,1,1,0,双开,S,4183.6000,4183.4000,4183.2000,4183.0000,4182.8000,4185.0000,4185.2000,4185.4000,4185.6000,4185.8000,3,5,4,4,2,3,3,3,3,1
SF,IF2003,2020-01-20 09:33:04.800,4183.6000,46209,0,868166040.000,0,-,-,-,-,4183.4000,4183.2000,4183.0000,4182.8000,4182.4000,4184.8000,4185.0000,4185.2000,4185.4000,4185.6000,1,4,4,2,1,3,3,1,3,3
SF,IF2003,2020-01-20 09:33:05.300,4183.6000,46208,-1,869421120.000,1,0,1,双平,S,4183.4000,4183.2000,4183.0000,4182.8000,4182.4000,4183.6000,4184.8000,4185.0000,4185.2000,4185.4000,1,4,4,2,1,3,2,3,1,3
SF,IF2003,2020-01-20 09:33:05.800,4183.6000,46203,-5,875696520.000,5,0,5,双平,S,4183.6000,4183.4000,4183.2000,4183.0000,4182.8000,4184.8000,4185.0000,4185.4000,4185.6000,4185.8000,2,1,4,4,2,1,3,3,3,1
SF,IF2003,2020-01-20 09:33:06.300,4183.6000,46203,0,875696520.000,0,-,-,-,-,4183.8000,4183.6000,4183.4000,4183.2000,4183.0000,4184.6000,4184.8000,4185.0000,4185.4000,4185.6000,1,1,1,2,4,2,2,3,3,3
SF,IF2003,2020-01-20 09:33:06.800,4184.4000,46203,0,876951840.000,1,0,1,多换,S,4183.4000,4183.2000,4183.0000,4182.8000,4182.4000,4184.6000,4184.8000,4185.0000,4185.4000,4185.6000,1,2,4,2,1,1,1,3,3,3
SF,IF2003,2020-01-20 09:33:07.300,4184.8000,46204,1,878207280.000,1,1,0,双开,S,4183.6000,4183.4000,4183.2000,4183.0000,4182.8000,4185.0000,4185.4000,4185.6000,4185.8000,4187.0000,2,3,2,4,2,3,3,3,1,3
SF,IF2003,2020-01-20 09:33:07.800,4184.8000,46204,0,878207280.000,0,-,-,-,-,4183.8000,4183.6000,4183.4000,4183.2000,4183.0000,4185.4000,4185.6000,4185.8000,4187.0000,4187.2000,7,2,3,2,4,3,3,1,3,10
SF,IF2003,2020-01-20 09:33:08.300,4184.8000,46204,0,878207280.000,0,-,-,-,-,4183.8000,4183.4000,4183.2000,4183.0000,4182.8000,4185.2000,4185.4000,4185.6000,4185.8000,4187.0000,1,2,2,4,2,1,3,4,2,3
SF,IF2003,2020-01-20 09:33:08.800,4184.8000,46204,0,878207280.000,0,-,-,-,-,4183.8000,4183.4000,4183.2000,4183.0000,4182.8000,4185.0000,4185.2000,4185.4000,4185.6000,4185.8000,2,2,2,4,2,5,3,3,4,2
SF,IF2003,2020-01-20 09:33:09.300,4185.0000,46204,0,879462780.000,1,0,1,多换,S,4184.0000,4183.8000,4183.4000,4183.2000,4183.0000,4185.4000,4185.6000,4185.8000,4187.0000,4187.2000,1,2,2,2,4,3,4,2,3,10
SF,IF2003,2020-01-20 09:33:09.800,4185.0000,46204,0,879462780.000,0,-,-,-,-,4184.2000,4184.0000,4183.8000,4183.4000,4183.2000,4185.2000,4185.4000,4185.6000,4185.8000,4187.0000,1,1,1,2,2,1,3,4,2,3
SF,IF2003,2020-01-20 09:33:10.300,4185.0000,46204,0,879462780.000,0,-,-,-,-,4184.2000,4184.0000,4183.8000,4183.4000,4183.2000,4185.4000,4185.6000,4185.8000,4187.0000,4187.2000,1,1,1,2,2,4,4,2,3,10
SF,IF2003,2020-01-20 09:33:10.800,4185.0000,46204,0,879462780.000,0,-,-,-,-,4184.2000,4184.0000,4183.8000,4183.4000,4183.2000,4185.2000,4185.4000,4185.6000,4185.8000,4186.8000,1,1,1,2,2,1,4,4,2,1
SF,IF2003,2020-01-20 09:33:11.300,4185.0000,46204,0,879462780.000,0,-,-,-,-,4184.2000,4183.4000,4183.2000,4183.0000,4182.8000,4185.2000,4185.4000,4185.6000,4185.8000,4186.8000,1,2,2,1,2,1,4,4,2,1
SF,IF2003,2020-01-20 09:33:11.800,4185.0000,46204,0,879462780.000,0,-,-,-,-,4184.2000,4183.4000,4183.2000,4183.0000,4182.8000,4185.4000,4185.6000,4185.8000,4186.8000,4187.0000,2,2,2,1,2,3,4,2,1,3
SF,IF2003,2020-01-20 09:33:12.300,4184.2000,46203,-1,881973300.000,2,0,2,多平,S,4183.4000,4183.2000,4183.0000,4182.8000,4182.4000,4185.4000,4185.6000,4185.8000,4186.8000,4187.0000,2,2,1,2,1,4,4,2,1,3
SF,IF2003,2020-01-20 09:33:12.800,4184.2000,46203,0,881973300.000,0,-,-,-,-,4183.6000,4183.4000,4183.2000,4183.0000,4182.8000,4185.2000,4185.4000,4185.6000,4185.8000,4186.8000,5,2,2,1,2,3,4,4,2,1
SF,IF2003,2020-01-20 09:33:13.300,4184.2000,46203,0,881973300.000,0,-,-,-,-,4184.0000,4183.6000,4183.4000,4183.2000,4183.0000,4185.2000,4185.4000,4185.6000,4185.8000,4186.8000,8,7,2,2,1,3,4,4,2,1
SF,IF2003,2020-01-20 09:33:13.800,4184.2000,46203,0,881973300.000,0,-,-,-,-,4184.2000,4184.0000,4183.6000,4183.4000,4183.2000,4185.2000,4185.4000,4185.6000,4185.8000,4186.8000,2,8,2,2,2,3,5,4,2,1
SF,IF2003,2020-01-20 09:33:14.300,4184.2000,46203,0,881973300.000,0,-,-,-,-,4184.0000,4183.6000,4183.4000,4183.2000,4183.0000,4184.8000,4185.2000,4185.4000,4185.6000,4185.8000,8,2,2,2,1,2,3,5,4,2
SF,IF2003,2020-01-20 09:33:14.800,4184.2000,46203,0,881973300.000,0,-,-,-,-,4184.0000,4183.6000,4183.4000,4183.2000,4183.0000,4185.2000,4185.4000,4185.6000,4185.8000,4186.8000,8,1,2,2,1,2,5,4,2,1
SF,IF2003,2020-01-20 09:33:15.300,4184.2000,46203,0,881973300.000,0,-,-,-,-,4184.0000,4183.4000,4183.2000,4183.0000,4182.8000,4185.0000,4185.2000,4185.4000,4185.6000,4185.8000,8,2,2,1,2,7,2,5,4,2
SF,IF2003,2020-01-20 09:33:15.800,4184.0000,46203,0,883228500.000,1,0,1,多换,S,4184.0000,4183.4000,4183.2000,4183.0000,4182.8000,4184.6000,4185.0000,4185.2000,4185.4000,4185.6000,7,2,2,1,2,2,6,2,5,4
SF,IF2003,2020-01-20 09:33:16.300,4184.0000,46203,0,883228500.000,0,-,-,-,-,4184.0000,4183.4000,4183.2000,4183.0000,4182.8000,4184.8000,4185.0000,4185.2000,4185.4000,4185.6000,7,2,2,1,2,1,5,2,5,4
SF,IF2003,2020-01-20 09:33:16.800,4184.0000,46203,0,883228500.000,0,-,-,-,-,4184.0000,4183.4000,4183.2000,4183.0000,4182.8000,4184.8000,4185.0000,4185.2000,4185.4000,4185.6000,7,2,2,1,2,2,5,2,5,4
SF,IF2003,2020-01-20 09:33:17.300,4184.0000,46203,0,883228500.000,0,-,-,-,-,4184.0000,4183.4000,4183.2000,4183.0000,4182.8000,4184.4000,4184.8000,4185.0000,4185.2000,4185.4000,10,2,2,1,2,2,2,5,2,5
SF,IF2003,2020-01-20 09:33:17.800,4184.0000,46203,0,883228500.000,0,-,-,-,-,4184.0000,4183.4000,4183.2000,4183.0000,4182.8000,4184.8000,4185.0000,4185.2000,4185.4000,4185.6000,10,2,2,1,2,2,5,2,5,4
SF,IF2003,2020-01-20 09:33:18.300,4184.0000,46203,0,883228500.000,0,-,-,-,-,4184.0000,4183.4000,4183.2000,4183.0000,4182.8000,4184.4000,4184.8000,4185.0000,4185.2000,4185.4000,10,2,2,1,2,2,2,5,2,5
SF,IF2003,2020-01-20 09:33:18.800,4184.0000,46203,0,883228500.000,0,-,-,-,-,4184.0000,4183.4000,4183.2000,4183.0000,4182.8000,4184.8000,4185.0000,4185.2000,4185.4000,4185.6000,10,2,2,1,2,2,5,2,5,4
SF,IF2003,2020-01-20 09:33:19.300,4184.0000,46203,0,895780500.000,10,5,5,多换,S,4183.4000,4183.2000,4183.0000,4182.8000,4182.4000,4184.0000,4184.4000,4184.6000,4184.8000,4185.0000,2,2,1,2,1,1,1,2,2,5
SF,IF2003,2020-01-20 09:33:19.800,4184.0000,46203,0,895780500.000,0,-,-,-,-,4183.4000,4183.2000,4183.0000,4182.8000,4182.4000,4184.6000,4184.8000,4185.0000,4185.2000,4185.4000,2,2,1,2,1,2,2,5,1,5
SF,IF2003,2020-01-20 09:33:20.300,4184.0000,46203,0,895780500.000,0,-,-,-,-,4183.4000,4183.2000,4183.0000,4182.8000,4182.4000,4184.4000,4184.6000,4184.8000,4185.0000,4185.4000,2,2,1,2,1,1,2,2,5,3
SF,IF2003,2020-01-20 09:33:20.800,4184.0000,46203,0,895780500.000,0,-,-,-,-,4183.6000,4183.4000,4183.2000,4183.0000,4182.8000,4184.6000,4184.8000,4185.0000,4185.4000,4185.6000,1,2,2,1,2,2,2,5,3,4
SF,IF2003,2020-01-20 09:33:21.300,4184.0000,46203,0,895780500.000,0,-,-,-,-,4183.6000,4183.4000,4183.2000,4183.0000,4182.8000,4184.6000,4184.8000,4185.0000,4185.4000,4185.6000,1,2,2,1,2,1,2,5,3,4
SF,IF2003,2020-01-20 09:33:21.800,4184.0000,46203,0,895780500.000,0,-,-,-,-,4183.6000,4183.4000,4183.2000,4183.0000,4182.8000,4184.8000,4185.0000,4185.4000,4185.6000,4185.8000,1,2,2,1,2,2,5,3,4,2
SF,IF2003,2020-01-20 09:33:22.300,4184.0000,46203,0,895780500.000,0,-,-,-,-,4183.4000,4183.2000,4183.0000,4182.8000,4182.4000,4184.6000,4184.8000,4185.0000,4185.4000,4185.6000,2,2,1,2,1,1,3,5,3,4
SF,IF2003,2020-01-20 09:33:22.800,4184.0000,46203,0,895780500.000,0,-,-,-,-,4183.8000,4183.4000,4183.2000,4183.0000,4182.8000,4184.4000,4184.6000,4184.8000,4185.0000,4185.4000,2,2,2,1,2,1,1,3,5,3
SF,IF2003,2020-01-20 09:33:23.300,4183.8000,46201,-2,898290780.000,2,0,2,双平,S,4183.4000,4183.2000,4183.0000,4182.8000,4182.4000,4184.4000,4184.6000,4184.8000,4185.0000,4185.4000,2,2,1,2,1,1,1,3,5,3
SF,IF2003,2020-01-20 09:33:23.800,4183.8000,46201,0,898290780.000,0,-,-,-,-,4183.6000,4183.4000,4183.2000,4183.0000,4182.8000,4184.6000,4184.8000,4185.0000,4185.4000,4185.6000,5,2,2,1,2,1,3,5,3,4
SF,IF2003,2020-01-20 09:33:24.300,4183.8000,46201,0,898290780.000,0,-,-,-,-,4183.8000,4183.6000,4183.4000,4183.2000,4183.0000,4184.6000,4184.8000,4185.0000,4185.4000,4185.6000,1,3,2,2,1,1,3,5,3,4
SF,IF2003,2020-01-20 09:33:24.800,4183.8000,46201,0,898290780.000,0,-,-,-,-,4183.8000,4183.6000,4183.4000,4183.2000,4183.0000,4184.6000,4184.8000,4185.0000,4185.4000,4185.6000,1,3,2,2,1,1,3,6,3,4
SF,IF2003,2020-01-20 09:33:25.300,4183.8000,46201,0,898290780.000,0,-,-,-,-,4183.8000,4183.6000,4183.4000,4183.0000,4182.8000,4184.6000,4184.8000,4185.0000,4185.4000,4185.6000,1,3,2,1,2,1,2,3,3,4
SF,IF2003,2020-01-20 09:33:25.800,4183.8000,46201,0,898290780.000,0,-,-,-,-,4184.0000,4183.8000,4183.6000,4183.4000,4183.0000,4184.6000,4184.8000,4185.0000,4185.4000,4185.6000,3,1,3,2,1,1,2,3,3,4
SF,IF2003,2020-01-20 09:33:26.300,4183.8000,46201,0,898290780.000,0,-,-,-,-,4184.0000,4183.6000,4183.4000,4183.0000,4182.8000,4184.6000,4184.8000,4185.0000,4185.4000,4185.6000,3,3,2,1,2,1,2,3,3,4
SF,IF2003,2020-01-20 09:33:26.800,4183.8000,46201,0,898290780.000,0,-,-,-,-,4184.0000,4183.6000,4183.4000,4183.0000,4182.8000,4184.6000,4184.8000,4185.0000,4185.4000,4185.6000,3,3,2,1,2,1,1,3,3,4
SF,IF2003,2020-01-20 09:33:27.300,4183.8000,46201,0,898290780.000,0,-,-,-,-,4184.0000,4183.8000,4183.6000,4183.4000,4183.0000,4184.6000,4184.8000,4185.0000,4185.4000,4185.6000,3,1,3,2,1,1,1,3,3,4
SF,IF2003,2020-01-20 09:33:28.800,4184.4000,46201,0,900801480.000,2,1,1,多换,S,4184.2000,4184.0000,4183.8000,4183.6000,4183.4000,4184.8000,4185.0000,4185.4000,4185.6000,4185.8000,5,3,1,3,2,1,3,3,4,3
SF,IF2003,2020-01-20 09:33:29.300,4184.4000,46201,0,900801480.000,0,-,-,-,-,4184.0000,4183.8000,4183.6000,4183.4000,4183.0000,4184.8000,4185.0000,4185.4000,4185.6000,4185.8000,5,1,3,2,1,1,5,3,4,3
SF,IF2003,2020-01-20 09:33:29.800,4184.4000,46201,0,900801480.000,0,-,-,-,-,4184.0000,4183.8000,4183.6000,4183.4000,4183.0000,4184.8000,4185.0000,4185.4000,4185.6000,4185.8000,5,2,3,2,1,1,3,3,4,3
SF,IF2003,2020-01-20 09:33:30.300,4184.4000,46201,0,900801480.000,0,-,-,-,-,4184.0000,4183.8000,4183.6000,4183.4000,4182.8000,4184.8000,4185.0000,4185.4000,4185.6000,4185.8000,5,2,3,2,2,1,4,3,4,3
SF,IF2003,2020-01-20 09:33:31.300,4184.8000,46201,0,902056920.000,1,0,1,多换,S,4184.8000,4184.0000,4183.8000,4183.6000,4183.4000,4185.0000,4185.4000,4185.6000,4185.8000,4186.8000,4,5,2,3,2,6,3,4,3,1
SF,IF2003,2020-01-20 09:33:31.800,4184.8000,46201,0,907078680.000,4,2,2,多换,S,4184.0000,4183.8000,4183.6000,4183.4000,4182.8000,4185.0000,4185.4000,4185.6000,4185.8000,4186.8000,5,2,1,2,2,6,3,4,3,1
SF,IF2003,2020-01-20 09:33:32.300,4184.8000,46201,0,907078680.000,0,-,-,-,-,4184.0000,4183.8000,4183.6000,4183.4000,4182.8000,4184.8000,4185.0000,4185.4000,4185.6000,4185.8000,5,2,1,2,2,2,8,3,4,3
SF,IF2003,2020-01-20 09:33:32.800,4184.8000,46201,0,907078680.000,0,-,-,-,-,4184.0000,4183.8000,4183.6000,4183.4000,4182.8000,4184.8000,4185.0000,4185.4000,4185.6000,4185.8000,8,2,1,3,2,3,8,3,4,3
SF,IF2003,2020-01-20 09:33:33.300,4185.0000,46204,3,913356120.000,5,4,1,空开,S,4184.2000,4184.0000,4183.8000,4183.6000,4183.4000,4185.0000,4185.4000,4185.6000,4185.8000,4186.8000,1,8,2,1,3,1,3,4,3,1
SF,IF2003,2020-01-20 09:33:33.800,4185.0000,46204,0,913356120.000,0,-,-,-,-,4184.2000,4184.0000,4183.8000,4183.6000,4183.4000,4184.6000,4185.0000,4185.4000,4185.6000,4185.8000,1,14,2,1,3,2,2,3,4,3
SF,IF2003,2020-01-20 09:33:34.300,4185.0000,46204,0,913356120.000,0,-,-,-,-,4184.8000,4184.2000,4184.0000,4183.8000,4183.6000,4185.0000,4185.4000,4185.6000,4185.8000,4186.8000,1,1,14,2,1,4,3,4,3,1
SF,IF2003,2020-01-20 09:33:34.800,4184.8000,46204,0,914611560.000,1,0,1,多换,S,4184.2000,4184.0000,4183.8000,4183.6000,4183.4000,4184.8000,4185.0000,4185.4000,4185.6000,4185.8000,1,14,2,1,3,3,4,3,4,3
SF,IF2003,2020-01-20 09:33:35.300,4184.8000,46204,0,914611560.000,0,-,-,-,-,4184.0000,4183.8000,4183.6000,4183.4000,4182.8000,4184.6000,4184.8000,4185.0000,4185.4000,4185.6000,14,2,1,3,2,2,3,4,3,4
SF,IF2003,2020-01-20 09:33:35.800,4184.8000,46204,0,914611560.000,0,-,-,-,-,4184.0000,4183.8000,4183.6000,4183.4000,4182.8000,4184.8000,4185.0000,4185.4000,4185.6000,4185.8000,14,2,1,3,2,3,4,3,4,3
SF,IF2003,2020-01-20 09:33:36.300,4184.8000,46204,0,914611560.000,0,-,-,-,-,4184.0000,4183.8000,4183.6000,4183.4000,4182.8000,4184.8000,4185.0000,4185.4000,4185.6000,4185.8000,14,2,1,3,2,3,4,3,4,3
SF,IF2003,2020-01-20 09:33:36.800,4184.0000,46204,0,915866760.000,1,0,1,多换,S,4184.0000,4183.8000,4183.6000,4183.4000,4182.8000,4184.8000,4185.0000,4185.4000,4185.6000,4185.8000,13,2,1,3,2,3,4,3,4,3
SF,IF2003,2020-01-20 09:33:37.300,4184.0000,46205,1,918377280.000,2,1,1,空开,S,4184.0000,4183.8000,4183.6000,4183.4000,4182.8000,4184.4000,4184.8000,4185.0000,4185.4000,4185.6000,12,2,1,3,2,1,3,4,3,4
SF,IF2003,2020-01-20 09:33:37.800,4184.0000,46205,0,918377280.000,0,-,-,-,-,4184.0000,4183.8000,4183.6000,4183.4000,4182.8000,4184.8000,4185.0000,4185.4000,4185.6000,4185.8000,12,2,1,3,2,3,4,3,4,3
SF,IF2003,2020-01-20 09:33:38.300,4184.0000,46205,0,919632480.000,1,0,1,多换,S,4184.0000,4183.8000,4183.4000,4182.8000,4182.4000,4184.6000,4184.8000,4185.0000,4185.2000,4185.4000,11,2,3,2,1,2,3,4,1,3
SF,IF2003,2020-01-20 09:33:38.800,4184.0000,46205,0,919632480.000,0,-,-,-,-,4184.6000,4184.0000,4183.8000,4183.4000,4182.8000,4185.0000,4185.2000,4185.4000,4185.6000,4185.8000,1,11,2,3,2,1,1,3,4,3
SF,IF2003,2020-01-20 09:33:39.300,4184.0000,46205,0,922143000.000,2,1,1,多换,S,4184.0000,4183.8000,4183.4000,4182.8000,4182.4000,4184.2000,4184.6000,4184.8000,4185.0000,4185.2000,10,2,3,2,1,1,5,3,5,1
SF,IF2003,2020-01-20 09:33:39.800,4184.0000,46205,0,922143000.000,0,-,-,-,-,4184.4000,4184.2000,4184.0000,4183.8000,4183.4000,4184.6000,4185.0000,4185.2000,4185.4000,4185.6000,3,5,12,2,3,1,2,1,2,4
SF,IF2003,2020-01-20 09:33:40.300,4184.0000,46205,0,922143000.000,0,-,-,-,-,4184.2000,4184.0000,4183.8000,4183.4000,4182.8000,4184.8000,4185.0000,4185.2000,4185.4000,4185.6000,2,12,2,3,2,1,2,1,2,4
SF,IF2003,2020-01-20 09:33:40.800,4184.8000,46204,-1,923398440.000,1,0,1,双平,S,4184.2000,4184.0000,4183.8000,4183.4000,4182.8000,4185.0000,4185.2000,4185.4000,4185.6000,4185.8000,2,12,2,3,2,2,1,2,4,3
SF,IF2003,2020-01-20 09:33:41.800,4184.8000,46204,0,923398440.000,0,-,-,-,-,4184.2000,4184.0000,4183.8000,4183.4000,4182.8000,4185.0000,4185.2000,4185.4000,4185.6000,4185.8000,2,12,2,3,2,5,1,2,4,3
SF,IF2003,2020-01-20 09:33:42.300,4184.8000,46204,0,923398440.000,0,-,-,-,-,4184.2000,4184.0000,4183.8000,4183.4000,4182.8000,4184.6000,4185.0000,4185.2000,4185.4000,4185.6000,2,12,2,3,2,1,5,1,2,4
SF,IF2003,2020-01-20 09:33:42.800,4184.8000,46204,0,923398440.000,0,-,-,-,-,4184.2000,4184.0000,4183.8000,4183.4000,4182.8000,4185.0000,4185.2000,4185.4000,4185.6000,4185.8000,2,12,2,3,2,5,1,2,4,3
SF,IF2003,2020-01-20 09:33:43.300,4184.8000,46204,0,923398440.000,0,-,-,-,-,4184.2000,4184.0000,4183.8000,4183.4000,4182.8000,4184.8000,4185.0000,4185.2000,4185.4000,4185.6000,2,15,2,3,2,1,5,1,2,4
SF,IF2003,2020-01-20 09:33:43.800,4184.8000,46204,0,923398440.000,0,-,-,-,-,4184.2000,4184.0000,4183.8000,4183.4000,4182.8000,4184.6000,4185.0000,4185.2000,4185.4000,4185.6000,2,15,2,3,2,1,5,1,2,1
SF,IF2003,2020-01-20 09:33:44.300,4184.8000,46204,0,923398440.000,0,-,-,-,-,4184.2000,4184.0000,4183.8000,4183.4000,4182.8000,4185.0000,4185.2000,4185.4000,4185.6000,4185.8000,2,15,2,3,2,5,1,2,1,3
SF,IF2003,2020-01-20 09:33:44.800,4184.8000,46204,0,923398440.000,0,-,-,-,-,4184.0000,4183.8000,4183.4000,4182.8000,4182.4000,4185.0000,4185.2000,4185.4000,4185.6000,4185.8000,15,2,3,2,1,6,1,2,1,3
SF,IF2003,2020-01-20 09:33:45.300,4184.4000,46204,0,924653760.000,1,0,1,多换,S,4184.0000,4183.8000,4183.4000,4182.8000,4182.4000,4184.8000,4185.0000,4185.2000,4185.4000,4185.6000,15,2,3,2,1,1,6,1,2,1
SF,IF2003,2020-01-20 09:33:46.300,4184.0000,46204,0,925908960.000,1,0,1,多换,S,4184.0000,4183.8000,4183.4000,4182.8000,4182.4000,4184.8000,4185.0000,4185.2000,4185.4000,4185.6000,14,2,3,2,1,1,6,1,2,1
SF,IF2003,2020-01-20 09:33:46.800,4184.0000,46204,0,925908960.000,0,-,-,-,-,4184.6000,4184.0000,4183.8000,4183.4000,4182.8000,4185.0000,4185.2000,4185.8000,4186.0000,4186.6000,1,14,2,3,2,6,1,3,1,1
SF,IF2003,2020-01-20 09:33:47.300,4184.0000,46204,0,925908960.000,0,-,-,-,-,4184.6000,4184.0000,4183.8000,4183.4000,4182.8000,4185.0000,4185.2000,4185.8000,4186.0000,4186.6000,1,14,2,3,2,7,1,3,1,1
SF,IF2003,2020-01-20 09:33:47.800,4184.0000,46204,0,925908960.000,0,-,-,-,-,4184.6000,4184.0000,4183.8000,4183.4000,4182.8000,4185.0000,4185.2000,4185.8000,4186.0000,4186.6000,1,14,2,3,2,6,1,3,1,1
SF,IF2003,2020-01-20 09:33:48.300,4184.0000,46204,0,925908960.000,0,-,-,-,-,4184.6000,4184.0000,4183.8000,4183.4000,4182.8000,4184.8000,4185.0000,4185.2000,4185.8000,4186.0000,1,14,2,3,2,1,6,1,3,1
SF,IF2003,2020-01-20 09:33:48.800,4184.0000,46204,0,925908960.000,0,-,-,-,-,4184.6000,4184.0000,4183.8000,4183.4000,4182.8000,4184.8000,4185.0000,4185.2000,4185.8000,4186.0000,1,14,2,3,2,1,6,1,2,1
SF,IF2003,2020-01-20 09:33:49.300,4184.8000,46204,0,927164400.000,1,0,1,多换,S,4184.6000,4184.0000,4183.8000,4183.4000,4182.8000,4185.0000,4185.2000,4185.8000,4186.0000,4186.6000,1,14,2,3,2,6,1,2,1,1
SF,IF2003,2020-01-20 09:33:50.300,4184.8000,46204,0,927164400.000,0,-,-,-,-,4184.6000,4184.2000,4184.0000,4183.8000,4183.4000,4185.0000,4185.2000,4185.8000,4186.0000,4186.6000,1,12,14,2,3,3,1,2,1,1
SF,IF2003,2020-01-20 09:33:50.800,4184.8000,46204,0,927164400.000,0,-,-,-,-,4184.6000,4184.2000,4184.0000,4183.8000,4183.4000,4185.0000,4185.2000,4185.8000,4186.0000,4186.6000,1,12,14,2,3,6,1,2,1,1
SF,IF2003,2020-01-20 09:33:51.800,4184.8000,46204,0,927164400.000,0,-,-,-,-,4184.6000,4184.2000,4184.0000,4183.8000,4183.4000,4185.0000,4185.2000,4185.8000,4186.0000,4186.6000,1,12,14,2,3,3,1,2,1,1
SF,IF2003,2020-01-20 09:33:52.300,4184.6000,46202,-2,932186280.000,4,1,3,多平,S,4184.2000,4184.0000,4183.8000,4183.4000,4182.8000,4185.2000,4185.8000,4186.0000,4186.6000,4186.8000,12,14,2,3,1,1,2,1,1,1
SF,IF2003,2020-01-20 09:33:52.800,4184.6000,46202,0,932186280.000,0,-,-,-,-,4184.2000,4184.0000,4183.8000,4183.4000,4182.8000,4185.2000,4185.4000,4185.8000,4186.0000,4186.6000,12,14,2,3,1,3,1,2,1,1
SF,IF2003,2020-01-20 09:33:53.300,4184.6000,46202,0,932186280.000,0,-,-,-,-,4184.2000,4184.0000,4183.8000,4183.4000,4182.8000,4185.2000,4185.4000,4185.8000,4186.0000,4186.6000,12,14,3,3,1,3,1,2,1,1
SF,IF2003,2020-01-20 09:33:53.800,4185.2000,46202,0,933441840.000,1,0,1,多换,S,4185.0000,4184.4000,4184.2000,4184.0000,4183.8000,4185.2000,4185.4000,4185.8000,4186.0000,4186.6000,1,1,12,14,3,2,1,2,1,1
SF,IF2003,2020-01-20 09:33:54.800,4185.2000,46205,3,943486200.000,8,5,3,空开,S,4185.2000,4184.4000,4184.2000,4184.0000,4183.8000,4185.4000,4185.8000,4186.0000,4186.6000,4186.8000,1,1,12,14,3,1,2,1,1,1
SF,IF2003,2020-01-20 09:33:55.300,4185.2000,46206,1,944741760.000,1,1,0,双开,S,4184.4000,4184.2000,4184.0000,4183.8000,4183.4000,4185.2000,4185.4000,4185.8000,4186.0000,4186.6000,1,12,14,3,3,1,2,2,1,1
SF,IF2003,2020-01-20 09:33:55.800,4185.2000,46206,0,944741760.000,0,-,-,-,-,4184.4000,4184.2000,4184.0000,4183.8000,4183.4000,4185.4000,4185.8000,4186.0000,4186.6000,4186.8000,1,12,14,3,3,1,2,1,1,1
SF,IF2003,2020-01-20 09:33:56.300,4185.2000,46206,0,944741760.000,0,-,-,-,-,4184.2000,4184.0000,4183.8000,4183.4000,4182.8000,4185.4000,4185.8000,4186.0000,4186.6000,4186.8000,12,14,3,3,1,1,2,1,1,1
SF,IF2003,2020-01-20 09:33:56.800,4185.2000,46206,0,944741760.000,0,-,-,-,-,4184.2000,4184.0000,4183.8000,4183.4000,4182.8000,4184.6000,4185.4000,4185.8000,4186.0000,4186.6000,12,14,3,3,1,1,1,2,1,1
SF,IF2003,2020-01-20 09:33:57.300,4184.6000,46205,-1,945997140.000,1,0,1,双平,S,4184.8000,4184.6000,4184.2000,4184.0000,4183.8000,4185.0000,4185.4000,4185.8000,4186.0000,4186.6000,1,4,12,14,3,1,1,2,1,1
SF,IF2003,2020-01-20 09:33:57.800,4184.6000,46205,0,945997140.000,0,-,-,-,-,4184.2000,4184.0000,4183.8000,4183.4000,4182.8000,4185.0000,4185.4000,4185.8000,4186.0000,4186.6000,12,14,3,3,1,1,1,2,1,1
SF,IF2003,2020-01-20 09:33:58.800,4184.6000,46205,0,945997140.000,0,-,-,-,-,4184.2000,4184.0000,4183.8000,4183.4000,4182.8000,4185.0000,4185.4000,4185.8000,4186.0000,4186.6000,12,14,3,3,1,1,1,2,1,1
SF,IF2003,2020-01-20 09:33:59.800,4184.6000,46205,0,945997140.000,0,-,-,-,-,4184.2000,4184.0000,4183.8000,4183.4000,4182.8000,4185.0000,4185.8000,4186.0000,4186.6000,4186.8000,12,14,3,3,1,1,2,1,1,1
SF,IF2003,2020-01-20 09:34:00.300,4184.2000,46204,-1,947252400.000,1,0,1,双平,S,4184.2000,4184.0000,4183.8000,4183.4000,4182.8000,4184.8000,4185.0000,4185.8000,4186.0000,4186.6000,11,14,3,3,1,1,1,2,1,1
SF,IF2003,2020-01-20 09:34:00.800,4184.2000,46204,0,947252400.000,0,-,-,-,-,4184.2000,4184.0000,4183.8000,4183.4000,4182.8000,4184.8000,4185.0000,4185.8000,4186.0000,4186.6000,11,14,3,3,1,1,1,2,1,1
SF,IF2003,2020-01-20 09:34:01.800,4184.8000,46203,-1,948507840.000,1,0,1,双平,S,4184.2000,4184.0000,4183.8000,4183.4000,4182.8000,4185.0000,4185.8000,4186.0000,4186.6000,4186.8000,11,14,3,3,1,3,2,1,1,1
SF,IF2003,2020-01-20 09:34:02.300,4184.8000,46203,0,948507840.000,0,-,-,-,-,4184.2000,4184.0000,4183.8000,4183.4000,4182.8000,4184.8000,4185.0000,4185.8000,4186.0000,4186.6000,11,14,3,3,1,1,4,2,1,1
SF,IF2003,2020-01-20 09:34:03.800,4185.0000,46200,-3,954785280.000,5,1,4,多平,S,4184.2000,4184.0000,4183.8000,4183.4000,4182.8000,4185.8000,4186.0000,4186.6000,4186.8000,4187.0000,11,14,3,3,1,2,1,1,1,5
SF,IF2003,2020-01-20 09:34:04.300,4185.0000,46200,0,954785280.000,0,-,-,-,-,4184.8000,4184.4000,4184.2000,4184.0000,4183.8000,4185.4000,4185.6000,4185.8000,4186.0000,4186.6000,1,2,11,14,3,1,10,2,2,1
SF,IF2003,2020-01-20 09:34:04.800,4185.8000,46196,-4,963575040.000,7,1,6,多平,S,4185.6000,4185.4000,4185.0000,4184.6000,4184.4000,4185.8000,4186.0000,4186.6000,4186.8000,4187.0000,3,1,1,1,5,1,1,1,1,5
SF,IF2003,2020-01-20 09:34:05.300,4186.0000,46195,-1,966086580.000,2,0,2,多平,S,4186.0000,4185.8000,4185.4000,4185.2000,4185.0000,4186.6000,4186.8000,4187.0000,4187.2000,4187.6000,1,2,1,1,5,1,1,5,10,1
SF,IF2003,2020-01-20 09:34:05.800,4186.6000,46194,-1,967342560.000,1,0,1,双平,S,4185.8000,4185.4000,4185.2000,4185.0000,4184.2000,4186.8000,4187.0000,4187.2000,4187.6000,4187.8000,1,1,1,6,11,1,5,10,1,2
SF,IF2003,2020-01-20 09:34:06.300,4186.6000,46194,0,967342560.000,0,-,-,-,-,4185.8000,4185.4000,4185.2000,4185.0000,4184.2000,4186.0000,4186.8000,4187.0000,4187.2000,4187.6000,3,1,1,6,11,1,1,5,10,1
SF,IF2003,2020-01-20 09:34:06.800,4185.8000,46193,-1,969854040.000,2,0,2,多平,S,4185.4000,4185.0000,4184.2000,4184.0000,4183.8000,4186.0000,4186.6000,4186.8000,4187.0000,4187.2000,1,1,11,14,3,1,7,1,5,10
SF,IF2003,2020-01-20 09:34:07.300,4185.8000,46193,0,969854040.000,0,-,-,-,-,4185.0000,4184.2000,4184.0000,4183.8000,4183.4000,4186.2000,4186.6000,4186.8000,4187.0000,4187.2000,1,11,14,3,3,1,7,1,5,10
SF,IF2003,2020-01-20 09:34:07.800,4186.2000,46192,-1,972365760.000,2,0,2,多平,S,4185.2000,4185.0000,4184.2000,4184.0000,4183.8000,4186.6000,4186.8000,4187.0000,4187.2000,4187.6000,1,2,11,14,3,7,1,5,10,1
SF,IF2003,2020-01-20 09:34:08.300,4186.2000,46192,0,972365760.000,0,-,-,-,-,4185.2000,4185.0000,4184.2000,4184.0000,4183.8000,4186.0000,4186.4000,4186.6000,4186.8000,4187.0000,1,2,11,14,3,2,2,9,1,5
SF,IF2003,2020-01-20 09:34:08.800,4186.2000,46192,0,972365760.000,0,-,-,-,-,4185.2000,4185.0000,4184.2000,4184.0000,4183.8000,4185.6000,4186.0000,4186.4000,4186.6000,4186.8000,1,2,11,14,3,1,2,1,9,1
SF,IF2003,2020-01-20 09:34:09.300,4186.2000,46192,0,972365760.000,0,-,-,-,-,4185.2000,4185.0000,4184.2000,4184.0000,4183.8000,4185.4000,4185.6000,4186.0000,4186.4000,4186.6000,1,2,11,14,3,2,1,2,1,9
SF,IF2003,2020-01-20 09:34:09.800,4186.4000,46191,-1,976133100.000,3,1,2,多平,S,4185.2000,4185.0000,4184.2000,4184.0000,4183.8000,4186.6000,4186.8000,4187.0000,4187.2000,4187.6000,1,1,11,14,3,9,1,5,10,1
SF,IF2003,2020-01-20 09:34:10.300,4186.4000,46191,0,976133100.000,0,-,-,-,-,4185.4000,4185.2000,4184.2000,4184.0000,4183.8000,4186.4000,4186.6000,4186.8000,4187.0000,4187.2000,2,2,11,14,3,1,9,1,5,10
SF,IF2003,2020-01-20 09:34:10.800,4186.4000,46191,0,976133100.000,0,-,-,-,-,4185.4000,4185.2000,4184.2000,4184.0000,4183.8000,4186.2000,4186.4000,4186.6000,4186.8000,4187.0000,1,2,11,14,3,4,1,6,1,5
SF,IF2003,2020-01-20 09:34:11.300,4186.4000,46191,0,976133100.000,0,-,-,-,-,4185.4000,4185.2000,4184.2000,4184.0000,4183.8000,4185.6000,4186.0000,4186.2000,4186.6000,4186.8000,1,1,11,14,3,1,1,8,3,2
SF,IF2003,2020-01-20 09:34:11.800,4186.4000,46191,0,976133100.000,0,-,-,-,-,4185.4000,4184.2000,4184.0000,4183.8000,4183.4000,4186.0000,4186.2000,4186.6000,4186.8000,4187.0000,1,11,14,3,3,1,1,2,2,5
SF,IF2003,2020-01-20 09:34:12.800,4186.4000,46191,0,976133100.000,0,-,-,-,-,4185.4000,4185.0000,4184.2000,4184.0000,4183.8000,4186.0000,4186.2000,4186.6000,4186.8000,4187.0000,1,3,11,14,3,1,1,2,2,5
SF,IF2003,2020-01-20 09:34:13.300,4186.4000,46191,0,976133100.000,0,-,-,-,-,4185.4000,4185.0000,4184.2000,4184.0000,4183.8000,4185.6000,4186.0000,4186.2000,4186.6000,4186.8000,1,3,11,14,3,1,1,1,2,2
SF,IF2003,2020-01-20 09:34:13.800,4185.6000,46190,-1,977388780.000,1,0,1,双平,S,4185.6000,4185.4000,4185.0000,4184.2000,4184.0000,4186.0000,4186.6000,4186.8000,4187.0000,4187.2000,2,1,4,11,14,1,2,2,5,10
SF,IF2003,2020-01-20 09:34:14.300,4185.6000,46190,0,977388780.000,0,-,-,-,-,4185.4000,4185.0000,4184.2000,4184.0000,4183.8000,4186.0000,4186.6000,4186.8000,4187.0000,4187.2000,1,4,11,14,3,2,2,2,5,10
SF,IF2003,2020-01-20 09:34:14.800,4185.8000,46189,-1,979900200.000,2,0,2,多平,S,4185.4000,4185.0000,4184.2000,4184.0000,4183.8000,4186.0000,4186.6000,4186.8000,4187.0000,4187.2000,1,4,11,14,3,2,2,2,5,10
SF,IF2003,2020-01-20 09:34:15.300,4186.0000,46188,-1,984923400.000,4,1,3,多平,S,4185.6000,4185.4000,4185.0000,4184.2000,4184.0000,4186.6000,4186.8000,4187.0000,4187.2000,4187.6000,1,1,4,11,14,2,2,5,10,1
SF,IF2003,2020-01-20 09:34:16.300,4186.0000,46188,0,984923400.000,0,-,-,-,-,4185.6000,4185.4000,4185.0000,4184.2000,4184.0000,4185.8000,4186.6000,4186.8000,4187.0000,4187.2000,1,2,4,11,14,1,2,2,5,10
SF,IF2003,2020-01-20 09:34:16.800,4185.8000,46187,-1,986179140.000,1,0,1,双平,S,4186.0000,4185.4000,4185.0000,4184.2000,4184.0000,4186.6000,4186.8000,4187.0000,4187.2000,4187.6000,1,1,4,11,14,1,2,5,10,1
SF,IF2003,2020-01-20 09:34:17.300,4186.0000,46187,0,987434940.000,1,0,1,多换,S,4185.4000,4185.0000,4184.2000,4184.0000,4183.8000,4186.0000,4186.4000,4186.6000,4186.8000,4187.0000,1,4,11,14,3,1,1,1,2,5
SF,IF2003,2020-01-20 09:34:17.800,4185.6000,46188,1,988690620.000,1,1,0,双开,S,4185.4000,4185.0000,4184.2000,4184.0000,4183.8000,4186.4000,4186.6000,4186.8000,4187.0000,4187.2000,1,4,11,14,3,1,1,2,5,10
SF,IF2003,2020-01-20 09:34:18.300,4185.6000,46188,0,988690620.000,0,-,-,-,-,4186.2000,4185.6000,4185.4000,4185.0000,4184.2000,4186.4000,4186.6000,4186.8000,4187.0000,4187.2000,1,1,2,4,11,1,1,2,5,10
SF,IF2003,2020-01-20 09:34:18.800,4186.4000,46187,-1,989946540.000,1,0,1,双平,S,4186.4000,4186.2000,4185.6000,4185.4000,4185.0000,4186.8000,4187.0000,4187.2000,4187.6000,4187.8000,2,1,2,2,4,2,5,10,1,2
SF,IF2003,2020-01-20 09:34:19.300,4186.2000,46187,0,991202400.000,1,0,1,多换,S,4185.6000,4185.4000,4185.0000,4184.2000,4184.0000,4186.8000,4187.0000,4187.2000,4187.6000,4187.8000,2,2,4,11,14,2,5,10,1,2
SF,IF2003,2020-01-20 09:34:19.800,4186.2000,46187,0,991202400.000,0,-,-,-,-,4185.8000,4185.6000,4185.4000,4185.0000,4184.2000,4186.6000,4186.8000,4187.0000,4187.2000,4187.6000,1,2,2,4,11,1,2,5,10,1
SF,IF2003,2020-01-20 09:34:20.300,4186.2000,46187,0,991202400.000,0,-,-,-,-,4185.8000,4185.4000,4185.0000,4184.2000,4184.0000,4186.8000,4187.0000,4187.2000,4187.6000,4187.8000,1,1,4,11,14,2,5,10,1,2
SF,IF2003,2020-01-20 09:34:20.800,4186.2000,46187,0,991202400.000,0,-,-,-,-,4186.0000,4185.8000,4185.4000,4185.0000,4184.2000,4186.8000,4187.0000,4187.2000,4187.6000,4187.8000,3,2,1,4,11,2,5,10,1,2
SF,IF2003,2020-01-20 09:34:21.300,4186.0000,46187,0,992458200.000,1,0,1,多换,S,4186.0000,4185.8000,4185.4000,4185.0000,4184.2000,4186.8000,4187.0000,4187.2000,4187.6000,4187.8000,2,2,1,4,11,2,5,10,1,2
SF,IF2003,2020-01-20 09:34:21.800,4186.0000,46187,0,992458200.000,0,-,-,-,-,4186.0000,4185.8000,4185.4000,4185.0000,4184.2000,4186.6000,4186.8000,4187.0000,4187.2000,4187.6000,3,2,1,4,11,1,2,5,10,1
SF,IF2003,2020-01-20 09:34:22.300,4186.0000,46186,-1,996225600.000,3,1,2,多平,S,4185.8000,4185.4000,4185.0000,4184.2000,4184.0000,4186.4000,4186.6000,4186.8000,4187.0000,4187.2000,1,1,4,11,14,1,1,2,5,10
