市场代码,合约代码,时间,最新,持仓,增仓,成交额,成交量,开仓,平仓,成交类型,方向,买一价,买二价,买三价,买四价,买五价,卖一价,卖二价,卖三价,卖四价,卖五价,买一量,买二量,买三量,买四量,买五量,卖一量,卖二量,卖三量,卖四量,卖五量
SF,IF2009,2020-05-21 09:29:00.300,3816.8000,23731,0,14885520.000,13.000,-,-,-,-,3816.8000,3815.2000,3813.6000,3812.6000,3811.8000,3817.0000,3818.0000,3818.8000,3819.0000,3820.0000,1,2,1,1,1,2,1,1,1,2
SF,IF2009,2020-05-21 09:30:00.300,3816.4000,23733,2,30913080.000,14,8,6,空开,S,3813.6000,3811.8000,3810.8000,3810.2000,3810.0000,3816.4000,3816.6000,3816.8000,3817.0000,3818.0000,1,1,3,3,2,14,7,8,4,1
SF,IF2009,2020-05-21 09:30:00.800,3815.8000,23730,-3,35491260.000,4,0,4,多平,S,3813.6000,3811.8000,3810.8000,3810.0000,3808.2000,3816.0000,3816.2000,3816.4000,3816.8000,3817.0000,1,1,3,2,1,1,17,16,6,5
SF,IF2009,2020-05-21 09:30:01.300,3815.6000,23729,-1,37780800.000,2,0,2,多平,S,3815.6000,3813.8000,3813.6000,3811.8000,3810.8000,3815.8000,3816.2000,3816.4000,3816.8000,3817.0000,3,1,2,1,3,3,2,3,6,5
SF,IF2009,2020-05-21 09:30:01.800,3815.8000,23725,-4,42359760.000,4,0,4,双平,S,3813.8000,3813.6000,3811.8000,3810.8000,3810.0000,3815.2000,3816.2000,3816.4000,3816.8000,3817.0000,1,2,1,3,2,1,1,1,6,4
SF,IF2009,2020-05-21 09:30:02.300,3816.2000,23725,0,44649240.000,2,1,1,多换,S,3815.6000,3815.4000,3815.0000,3814.6000,3814.0000,3816.4000,3816.8000,3817.0000,3818.0000,3818.8000,3,3,6,3,5,1,8,4,1,1
SF,IF2009,2020-05-21 09:30:02.800,3815.6000,23723,-2,46938660.000,2,0,2,双平,S,3815.4000,3815.0000,3811.8000,3810.8000,3810.6000,3816.4000,3816.8000,3817.0000,3818.0000,3818.8000,3,3,1,3,1,1,8,4,1,1
SF,IF2009,2020-05-21 09:30:03.300,3815.6000,23722,-1,48083340.000,1,0,1,双平,S,3815.4000,3811.8000,3810.8000,3810.6000,3810.0000,3816.4000,3816.8000,3817.0000,3818.0000,3818.8000,3,1,3,1,2,1,8,4,1,1
SF,IF2009,2020-05-21 09:30:03.800,3815.6000,23722,0,48083340.000,0,-,-,-,-,3815.4000,3811.8000,3810.8000,3810.6000,3810.0000,3816.2000,3816.4000,3816.8000,3817.0000,3818.0000,3,1,3,1,2,1,3,6,4,1
SF,IF2009,2020-05-21 09:30:04.300,3816.2000,23721,-1,49228200.000,1,0,1,双平,S,3816.0000,3815.4000,3811.8000,3810.8000,3810.6000,3816.4000,3816.8000,3817.0000,3818.0000,3818.8000,2,3,1,3,1,1,4,4,1,1
SF,IF2009,2020-05-21 09:30:04.800,3816.4000,23720,-1,50373120.000,1,0,1,双平,S,3816.4000,3816.2000,3815.6000,3815.4000,3811.8000,3816.8000,3817.0000,3818.0000,3818.8000,3819.0000,1,2,5,2,1,4,4,1,1,1
SF,IF2009,2020-05-21 09:30:05.300,3816.6000,23718,-2,52663140.000,2,0,2,双平,S,3816.6000,3816.4000,3816.2000,3815.6000,3815.4000,3816.8000,3817.0000,3818.0000,3818.8000,3819.0000,3,7,1,2,2,3,4,1,1,1
SF,IF2009,2020-05-21 09:30:05.800,3816.6000,23718,0,56098080.000,3,1,2,多换,S,3816.4000,3816.2000,3815.6000,3815.4000,3811.8000,3816.8000,3817.0000,3818.0000,3818.8000,3819.0000,7,1,1,2,1,3,4,1,1,1
SF,IF2009,2020-05-21 09:30:06.300,3816.4000,23716,-2,60677760.000,4,1,3,多平,S,3816.4000,3816.2000,3815.4000,3811.8000,3810.8000,3816.6000,3816.8000,3817.0000,3818.0000,3818.8000,3,1,2,1,3,1,3,4,1,1
SF,IF2009,2020-05-21 09:30:06.800,3816.2000,23713,-3,68692440.000,7,2,5,多平,S,3815.4000,3811.8000,3810.8000,3810.6000,3810.0000,3816.6000,3816.8000,3817.0000,3818.0000,3818.8000,2,1,3,1,2,1,1,4,1,1
SF,IF2009,2020-05-21 09:30:07.300,3816.2000,23713,0,68692440.000,0,-,-,-,-,3815.4000,3811.8000,3810.8000,3810.6000,3810.0000,3816.2000,3816.4000,3816.6000,3816.8000,3817.0000,2,1,3,1,2,1,1,3,1,4
SF,IF2009,2020-05-21 09:30:07.800,3815.4000,23712,-1,70981680.000,2,0,2,多平,S,3815.6000,3811.8000,3810.8000,3810.6000,3810.0000,3816.2000,3816.6000,3816.8000,3817.0000,3817.4000,1,1,3,1,2,3,1,1,4,1
SF,IF2009,2020-05-21 09:30:08.300,3815.6000,23712,0,72126360.000,1,0,1,多换,S,3811.8000,3810.8000,3810.6000,3810.0000,3806.6000,3816.0000,3816.2000,3816.6000,3816.8000,3817.0000,1,3,1,2,1,1,3,1,1,2
SF,IF2009,2020-05-21 09:30:08.800,3815.6000,23712,0,72126360.000,0,-,-,-,-,3814.8000,3814.2000,3813.8000,3813.6000,3812.6000,3815.8000,3816.0000,3816.6000,3816.8000,3817.0000,2,4,2,3,3,1,1,1,1,2
SF,IF2009,2020-05-21 09:30:09.300,3815.6000,23712,0,72126360.000,0,-,-,-,-,3814.2000,3813.6000,3813.0000,3812.6000,3812.4000,3815.6000,3815.8000,3816.6000,3816.8000,3817.0000,1,3,1,1,3,1,3,1,1,2
SF,IF2009,2020-05-21 09:30:09.800,3813.6000,23711,-1,74415120.000,2,0,2,多平,S,3814.4000,3813.6000,3813.0000,3812.6000,3812.4000,3815.4000,3815.6000,3815.8000,3816.6000,3816.8000,1,2,1,1,3,1,1,2,1,1
SF,IF2009,2020-05-21 09:30:10.300,3813.0000,23710,-1,76703280.000,2,0,2,多平,S,3812.4000,3812.2000,3812.0000,3811.8000,3810.8000,3815.2000,3815.4000,3816.6000,3816.8000,3817.0000,1,1,6,1,1,1,4,1,1,3
SF,IF2009,2020-05-21 09:30:10.800,3813.0000,23710,0,76703280.000,0,-,-,-,-,3813.8000,3813.0000,3812.6000,3812.4000,3812.2000,3814.8000,3815.0000,3815.2000,3815.4000,3816.6000,2,1,3,1,1,1,1,3,1,1
SF,IF2009,2020-05-21 09:30:11.300,3813.0000,23710,0,76703280.000,0,-,-,-,-,3812.6000,3812.0000,3811.8000,3810.8000,3810.6000,3814.6000,3814.8000,3815.2000,3815.4000,3816.6000,3,1,1,1,1,2,6,3,1,1
SF,IF2009,2020-05-21 09:30:11.800,3812.6000,23709,-1,77847060.000,1,0,1,双平,S,3812.0000,3811.8000,3810.8000,3810.6000,3810.0000,3814.2000,3814.4000,3814.6000,3814.8000,3815.2000,1,1,1,1,2,1,5,2,8,1
SF,IF2009,2020-05-21 09:30:12.300,3812.6000,23709,0,80134620.000,2,1,1,多换,S,3812.6000,3812.2000,3811.8000,3810.8000,3810.6000,3814.0000,3814.2000,3814.8000,3815.4000,3815.8000,1,3,1,1,1,1,1,7,1,1
SF,IF2009,2020-05-21 09:30:12.800,3812.6000,23706,-3,83566440.000,3,0,3,双平,S,3812.2000,3811.8000,3810.8000,3810.6000,3810.2000,3814.2000,3814.8000,3815.4000,3815.8000,3816.6000,3,1,1,1,1,1,1,1,1,1
SF,IF2009,2020-05-21 09:30:13.300,3812.6000,23706,0,83566440.000,0,-,-,-,-,3812.4000,3812.2000,3811.8000,3810.8000,3810.6000,3814.0000,3814.2000,3814.8000,3815.4000,3815.8000,1,2,1,1,1,2,1,1,1,1
SF,IF2009,2020-05-21 09:30:13.800,3812.6000,23706,0,83566440.000,0,-,-,-,-,3812.2000,3811.8000,3810.8000,3810.6000,3810.2000,3813.6000,3813.8000,3814.0000,3814.2000,3814.8000,2,1,1,1,1,1,1,2,1,1
SF,IF2009,2020-05-21 09:30:14.300,3812.6000,23706,0,83566440.000,0,-,-,-,-,3811.8000,3810.8000,3810.6000,3810.2000,3810.0000,3813.4000,3813.6000,3814.0000,3814.2000,3814.8000,1,1,1,1,2,1,2,1,1,1
SF,IF2009,2020-05-21 09:30:14.800,3812.6000,23706,0,83566440.000,0,-,-,-,-,3812.8000,3812.0000,3811.8000,3810.8000,3810.6000,3813.4000,3813.6000,3814.2000,3814.8000,3815.8000,3,2,1,1,1,1,1,1,1,1
SF,IF2009,2020-05-21 09:30:15.300,3812.6000,23706,0,83566440.000,0,-,-,-,-,3812.0000,3811.8000,3810.8000,3810.6000,3810.2000,3813.4000,3813.6000,3814.2000,3814.8000,3815.8000,2,1,1,1,1,2,1,1,1,1
SF,IF2009,2020-05-21 09:30:15.800,3813.4000,23704,-2,85854480.000,2,0,2,双平,S,3812.2000,3812.0000,3811.8000,3810.8000,3810.6000,3813.6000,3814.2000,3814.8000,3815.8000,3816.6000,4,2,1,1,1,1,1,1,1,1
SF,IF2009,2020-05-21 09:30:16.300,3813.4000,23704,0,85854480.000,0,-,-,-,-,3812.4000,3812.2000,3812.0000,3811.8000,3810.8000,3813.6000,3814.2000,3814.8000,3815.8000,3816.6000,3,4,1,1,1,1,1,1,1,1
SF,IF2009,2020-05-21 09:30:16.800,3813.4000,23704,0,85854480.000,0,-,-,-,-,3812.4000,3812.2000,3811.8000,3810.8000,3810.6000,3813.4000,3813.6000,3814.0000,3814.2000,3814.8000,2,1,1,1,1,1,1,1,1,1
SF,IF2009,2020-05-21 09:30:17.300,3812.8000,23702,-2,89286240.000,3,0,3,多平,S,3812.8000,3812.6000,3812.4000,3811.8000,3810.8000,3814.0000,3814.2000,3814.8000,3815.8000,3816.6000,1,3,1,1,1,2,1,1,1,1
SF,IF2009,2020-05-21 09:30:17.800,3812.8000,23702,0,89286240.000,0,-,-,-,-,3813.0000,3812.8000,3812.6000,3812.4000,3811.8000,3814.0000,3814.2000,3814.8000,3815.8000,3816.6000,1,1,1,1,1,2,1,1,1,1
SF,IF2009,2020-05-21 09:30:18.300,3812.8000,23702,0,89286240.000,0,-,-,-,-,3813.0000,3812.8000,3812.6000,3811.8000,3810.8000,3814.0000,3814.2000,3814.8000,3815.8000,3816.6000,4,1,1,1,1,2,1,1,1,1
SF,IF2009,2020-05-21 09:30:18.800,3812.8000,23702,0,89286240.000,0,-,-,-,-,3813.4000,3813.0000,3812.8000,3812.6000,3812.2000,3814.0000,3814.2000,3814.8000,3815.8000,3816.0000,1,4,1,1,1,2,1,1,1,1
SF,IF2009,2020-05-21 09:30:19.300,3813.2000,23701,-1,90430200.000,1,0,1,双平,S,3813.0000,3812.4000,3812.2000,3811.8000,3810.6000,3813.8000,3814.0000,3814.2000,3814.8000,3815.8000,2,1,1,1,1,1,2,1,1,1
SF,IF2009,2020-05-21 09:30:19.800,3813.2000,23701,0,90430200.000,0,-,-,-,-,3812.4000,3812.2000,3811.8000,3810.6000,3810.0000,3813.8000,3814.0000,3814.2000,3815.8000,3816.0000,1,1,1,1,2,1,2,1,1,1
SF,IF2009,2020-05-21 09:30:20.300,3813.2000,23701,0,90430200.000,0,-,-,-,-,3812.6000,3812.4000,3812.2000,3811.8000,3810.6000,3813.8000,3814.0000,3814.2000,3815.8000,3816.0000,1,1,1,1,1,1,2,1,1,1
SF,IF2009,2020-05-21 09:30:20.800,3813.2000,23701,0,90430200.000,0,-,-,-,-,3813.0000,3812.6000,3812.4000,3812.2000,3811.8000,3813.8000,3814.0000,3814.2000,3815.0000,3815.8000,1,1,1,1,1,1,2,1,1,1
SF,IF2009,2020-05-21 09:30:21.300,3813.2000,23701,0,90430200.000,0,-,-,-,-,3813.6000,3813.0000,3812.8000,3812.6000,3812.4000,3813.8000,3814.0000,3814.2000,3815.0000,3815.8000,1,1,2,2,2,1,2,1,1,1
SF,IF2009,2020-05-21 09:30:21.800,3813.6000,23700,-1,92718360.000,2,0,2,多平,S,3813.0000,3812.8000,3812.6000,3812.4000,3812.2000,3813.8000,3814.0000,3814.2000,3815.0000,3815.8000,1,2,1,1,1,1,2,1,1,2
SF,IF2009,2020-05-21 09:30:22.300,3813.6000,23700,0,92718360.000,0,-,-,-,-,3812.8000,3812.4000,3812.2000,3811.8000,3810.6000,3813.8000,3814.0000,3814.2000,3815.0000,3815.8000,2,1,1,1,1,3,1,1,1,2
SF,IF2009,2020-05-21 09:30:22.800,3813.6000,23700,0,92718360.000,0,-,-,-,-,3812.4000,3812.2000,3811.8000,3810.6000,3810.0000,3813.8000,3814.0000,3814.2000,3815.0000,3815.8000,1,1,1,1,2,3,1,1,1,2
SF,IF2009,2020-05-21 09:30:23.300,3813.6000,23700,0,92718360.000,0,-,-,-,-,3812.4000,3812.2000,3811.8000,3810.6000,3810.0000,3813.8000,3814.0000,3814.2000,3815.0000,3815.8000,1,1,1,1,2,3,2,1,1,2
SF,IF2009,2020-05-21 09:30:23.800,3813.6000,23700,0,92718360.000,0,-,-,-,-,3812.4000,3812.2000,3811.8000,3810.6000,3810.0000,3813.8000,3814.0000,3814.2000,3815.0000,3815.8000,1,1,1,1,2,3,2,1,1,2
SF,IF2009,2020-05-21 09:30:24.300,3812.4000,23699,-1,93862080.000,1,0,1,双平,S,3812.4000,3812.2000,3811.8000,3810.6000,3810.0000,3813.8000,3814.0000,3814.2000,3815.0000,3815.8000,1,1,1,1,2,2,2,1,1,2
SF,IF2009,2020-05-21 09:30:24.800,3812.4000,23699,0,93862080.000,0,-,-,-,-,3812.4000,3812.2000,3811.8000,3810.6000,3810.0000,3813.8000,3814.0000,3814.2000,3815.0000,3815.8000,1,1,1,1,2,3,2,1,1,2
SF,IF2009,2020-05-21 09:30:25.300,3812.4000,23699,0,93862080.000,0,-,-,-,-,3812.2000,3811.8000,3810.6000,3810.0000,3806.6000,3813.8000,3814.0000,3814.2000,3815.0000,3815.8000,1,1,1,2,1,3,3,1,1,2
SF,IF2009,2020-05-21 09:30:25.800,3812.4000,23699,0,93862080.000,0,-,-,-,-,3812.4000,3812.2000,3811.8000,3810.6000,3810.0000,3813.8000,3814.0000,3814.2000,3815.0000,3815.8000,1,1,1,1,2,3,3,1,1,2
SF,IF2009,2020-05-21 09:30:26.300,3812.4000,23699,0,93862080.000,0,-,-,-,-,3812.4000,3812.2000,3811.8000,3810.6000,3810.0000,3813.6000,3813.8000,3814.0000,3814.2000,3815.0000,2,1,1,1,2,1,2,3,1,1
SF,IF2009,2020-05-21 09:30:26.800,3812.4000,23699,0,93862080.000,0,-,-,-,-,3812.4000,3812.2000,3811.8000,3810.6000,3810.0000,3813.4000,3813.6000,3813.8000,3814.0000,3814.2000,3,1,1,1,2,1,4,1,3,1
SF,IF2009,2020-05-21 09:30:27.300,3812.4000,23699,0,93862080.000,0,-,-,-,-,3812.6000,3812.4000,3812.2000,3811.8000,3810.6000,3813.6000,3813.8000,3814.0000,3814.2000,3815.0000,2,3,1,1,1,4,1,2,1,1
SF,IF2009,2020-05-21 09:30:27.800,3813.6000,23697,-2,96150240.000,2,0,2,双平,S,3813.2000,3812.8000,3812.6000,3812.4000,3812.2000,3813.6000,3813.8000,3814.0000,3814.2000,3815.0000,1,1,2,1,1,3,1,2,1,1
SF,IF2009,2020-05-21 09:30:28.300,3813.6000,23697,0,96150240.000,0,-,-,-,-,3813.2000,3812.8000,3812.6000,3812.4000,3812.2000,3813.6000,3813.8000,3814.0000,3814.2000,3815.0000,1,1,1,1,1,3,2,2,1,1
SF,IF2009,2020-05-21 09:30:28.800,3813.6000,23697,0,96150240.000,0,-,-,-,-,3813.2000,3812.4000,3812.2000,3811.8000,3810.6000,3813.6000,3813.8000,3814.0000,3814.2000,3815.0000,1,1,1,1,1,3,2,2,1,1
SF,IF2009,2020-05-21 09:30:29.300,3813.6000,23697,0,96150240.000,0,-,-,-,-,3813.2000,3812.4000,3812.2000,3811.8000,3810.6000,3813.4000,3813.6000,3813.8000,3814.0000,3814.2000,1,1,1,1,1,1,3,2,2,1
SF,IF2009,2020-05-21 09:30:29.800,3813.2000,23697,0,97294200.000,1,0,1,多换,S,3812.4000,3812.2000,3811.8000,3810.6000,3810.0000,3813.2000,3813.4000,3813.6000,3813.8000,3814.0000,2,1,1,1,2,1,1,3,2,2
SF,IF2009,2020-05-21 09:30:30.300,3813.2000,23697,0,97294200.000,0,-,-,-,-,3812.4000,3812.2000,3811.8000,3810.6000,3810.0000,3813.2000,3813.4000,3813.6000,3813.8000,3814.0000,2,1,1,1,2,1,1,3,2,2
SF,IF2009,2020-05-21 09:30:30.800,3813.2000,23697,0,97294200.000,0,-,-,-,-,3812.6000,3812.4000,3812.2000,3811.8000,3810.6000,3813.2000,3813.4000,3813.6000,3813.8000,3814.0000,1,2,1,1,1,1,1,3,2,2
SF,IF2009,2020-05-21 09:30:31.300,3812.6000,23695,-2,100725780.000,3,0,3,多平,S,3812.4000,3812.2000,3811.8000,3810.6000,3810.0000,3813.4000,3813.6000,3813.8000,3814.0000,3814.2000,3,1,1,1,2,1,3,2,2,1
SF,IF2009,2020-05-21 09:30:31.800,3812.6000,23695,0,100725780.000,0,-,-,-,-,3812.4000,3812.2000,3811.8000,3810.6000,3810.0000,3813.4000,3813.6000,3813.8000,3814.0000,3814.2000,3,1,1,1,2,1,4,2,2,1
SF,IF2009,2020-05-21 09:30:32.800,3812.6000,23695,0,100725780.000,0,-,-,-,-,3812.6000,3812.4000,3812.2000,3811.8000,3810.6000,3813.4000,3813.6000,3813.8000,3814.0000,3814.2000,2,2,1,1,1,1,4,2,1,1
SF,IF2009,2020-05-21 09:30:33.300,3813.4000,23694,-1,101869800.000,1,0,1,双平,S,3812.6000,3812.4000,3812.2000,3811.8000,3810.6000,3813.2000,3813.6000,3813.8000,3814.0000,3814.2000,2,2,1,1,1,1,4,2,1,1
SF,IF2009,2020-05-21 09:30:35.300,3812.6000,23694,0,103013580.000,1,0,1,多换,S,3812.6000,3812.4000,3812.2000,3811.8000,3810.6000,3813.0000,3813.2000,3813.6000,3813.8000,3814.0000,1,2,1,1,1,1,1,3,2,1
SF,IF2009,2020-05-21 09:30:35.800,3812.4000,23693,-1,106444800.000,3,1,2,多平,S,3812.2000,3811.8000,3810.6000,3810.0000,3806.6000,3813.0000,3813.2000,3813.6000,3813.8000,3814.0000,1,1,1,2,1,1,1,3,2,1
SF,IF2009,2020-05-21 09:30:36.300,3812.2000,23693,0,107588460.000,1,0,1,多换,S,3811.8000,3810.6000,3810.0000,3806.6000,3806.0000,3812.8000,3813.0000,3813.6000,3813.8000,3814.0000,1,1,2,1,1,1,3,3,2,1
SF,IF2009,2020-05-21 09:30:36.800,3812.2000,23693,0,107588460.000,0,-,-,-,-,3811.8000,3810.6000,3810.0000,3806.6000,3806.0000,3812.8000,3813.0000,3813.6000,3813.8000,3814.0000,1,1,2,1,1,2,2,3,3,1
SF,IF2009,2020-05-21 09:30:37.300,3812.2000,23693,0,107588460.000,0,-,-,-,-,3811.8000,3810.6000,3810.0000,3806.6000,3806.0000,3812.6000,3812.8000,3813.0000,3813.6000,3813.8000,1,1,2,1,1,1,3,1,3,3
SF,IF2009,2020-05-21 09:30:37.800,3812.2000,23693,0,107588460.000,0,-,-,-,-,3811.8000,3810.6000,3810.0000,3806.6000,3806.0000,3812.6000,3812.8000,3813.0000,3813.6000,3813.8000,1,1,2,1,1,1,1,1,3,3
SF,IF2009,2020-05-21 09:30:38.300,3812.2000,23693,0,107588460.000,0,-,-,-,-,3812.0000,3811.8000,3810.6000,3810.0000,3806.6000,3812.6000,3812.8000,3813.0000,3813.6000,3813.8000,1,1,1,2,1,1,1,1,3,3
SF,IF2009,2020-05-21 09:30:38.800,3812.2000,23693,0,107588460.000,0,-,-,-,-,3812.0000,3811.8000,3810.6000,3810.0000,3806.6000,3812.6000,3812.8000,3813.0000,3813.6000,3813.8000,1,1,1,2,1,2,1,1,3,3
SF,IF2009,2020-05-21 09:30:39.300,3812.0000,23693,0,108732060.000,1,0,1,多换,S,3811.8000,3810.6000,3810.0000,3806.6000,3806.0000,3812.4000,3812.6000,3813.0000,3813.6000,3813.8000,1,1,2,1,1,1,2,1,3,3
SF,IF2009,2020-05-21 09:30:39.800,3812.4000,23692,-1,109875780.000,1,0,1,双平,S,3812.0000,3810.6000,3810.0000,3806.6000,3806.0000,3812.6000,3813.0000,3813.6000,3813.8000,3814.0000,1,1,2,1,1,1,1,3,3,1
SF,IF2009,2020-05-21 09:30:40.300,3812.4000,23692,0,109875780.000,0,-,-,-,-,3812.0000,3810.6000,3810.0000,3806.6000,3806.0000,3812.6000,3813.0000,3813.6000,3813.8000,3814.0000,1,1,2,1,1,1,1,3,3,1
SF,IF2009,2020-05-21 09:30:40.800,3812.4000,23692,0,109875780.000,0,-,-,-,-,3812.0000,3810.6000,3810.0000,3806.6000,3806.0000,3812.6000,3813.0000,3813.6000,3813.8000,3814.0000,1,1,2,1,1,1,1,3,3,1
SF,IF2009,2020-05-21 09:30:41.300,3812.0000,23691,-1,111019380.000,1,0,1,双平,S,3810.6000,3810.0000,3806.6000,3806.0000,3805.2000,3812.4000,3812.6000,3813.0000,3813.6000,3813.8000,1,2,1,1,1,1,1,1,3,3
SF,IF2009,2020-05-21 09:30:41.800,3812.0000,23691,0,111019380.000,0,-,-,-,-,3811.2000,3810.8000,3810.6000,3810.4000,3810.0000,3812.4000,3812.6000,3813.0000,3813.6000,3813.8000,2,2,2,2,2,2,1,1,3,3
SF,IF2009,2020-05-21 09:30:42.300,3812.0000,23691,0,111019380.000,0,-,-,-,-,3811.4000,3811.2000,3810.8000,3810.6000,3810.4000,3812.4000,3812.6000,3813.0000,3813.6000,3813.8000,1,2,1,2,2,1,1,1,3,3
SF,IF2009,2020-05-21 09:30:42.800,3812.0000,23691,0,111019380.000,0,-,-,-,-,3811.2000,3810.8000,3810.6000,3810.4000,3810.0000,3812.2000,3812.4000,3812.6000,3813.0000,3813.6000,2,1,1,2,2,2,1,1,1,3
SF,IF2009,2020-05-21 09:30:43.300,3811.2000,23690,-1,113306100.000,2,0,2,多平,S,3810.8000,3810.6000,3810.4000,3810.0000,3806.6000,3812.0000,3812.2000,3812.6000,3813.0000,3813.6000,1,1,2,2,1,1,2,1,1,3
SF,IF2009,2020-05-21 09:30:43.800,3811.2000,23690,0,113306100.000,0,-,-,-,-,3811.2000,3811.0000,3810.8000,3810.6000,3810.4000,3812.0000,3812.2000,3812.6000,3813.0000,3813.6000,2,1,1,1,1,1,2,1,1,3
SF,IF2009,2020-05-21 09:30:44.300,3812.2000,23687,-3,116737020.000,3,0,3,双平,S,3811.2000,3811.0000,3810.8000,3810.6000,3810.4000,3812.6000,3813.0000,3813.6000,3813.8000,3814.0000,2,1,1,1,1,1,1,3,3,1
SF,IF2009,2020-05-21 09:30:44.800,3812.2000,23687,0,116737020.000,0,-,-,-,-,3811.4000,3811.2000,3810.8000,3810.6000,3810.4000,3812.0000,3812.6000,3813.0000,3813.6000,3813.8000,1,2,1,1,1,2,1,1,3,2
SF,IF2009,2020-05-21 09:30:45.300,3812.0000,23685,-2,119024220.000,2,0,2,双平,S,3812.0000,3811.6000,3811.4000,3811.2000,3810.8000,3812.6000,3813.0000,3813.6000,3813.8000,3814.0000,5,1,3,2,1,1,1,3,2,1
SF,IF2009,2020-05-21 09:30:45.800,3812.0000,23685,0,119024220.000,0,-,-,-,-,3812.0000,3811.6000,3811.4000,3811.2000,3810.6000,3812.4000,3812.6000,3813.0000,3813.6000,3813.8000,5,1,3,2,1,1,1,1,3,2
SF,IF2009,2020-05-21 09:30:46.300,3812.0000,23685,0,119024220.000,0,-,-,-,-,3812.0000,3811.4000,3811.2000,3810.6000,3810.4000,3812.4000,3812.6000,3813.0000,3813.6000,3813.8000,5,2,2,1,1,1,1,1,3,2
SF,IF2009,2020-05-21 09:30:46.800,3812.0000,23683,-2,121311420.000,2,0,2,双平,S,3812.0000,3811.4000,3811.2000,3810.6000,3810.4000,3812.4000,3812.6000,3813.0000,3813.6000,3813.8000,3,1,2,1,1,1,1,1,3,2
SF,IF2009,2020-05-21 09:30:47.300,3812.0000,23683,0,121311420.000,0,-,-,-,-,3812.0000,3811.4000,3811.2000,3810.6000,3810.4000,3812.4000,3812.6000,3813.0000,3813.6000,3813.8000,3,1,2,1,1,1,1,1,3,2
SF,IF2009,2020-05-21 09:30:47.800,3812.0000,23683,0,121311420.000,0,-,-,-,-,3812.0000,3811.4000,3811.2000,3810.6000,3810.4000,3812.4000,3812.6000,3813.0000,3813.6000,3813.8000,3,1,2,1,1,1,1,1,3,2
SF,IF2009,2020-05-21 09:30:48.300,3812.0000,23683,0,121311420.000,0,-,-,-,-,3812.0000,3811.4000,3811.2000,3810.6000,3810.4000,3812.4000,3812.6000,3813.0000,3813.6000,3813.8000,3,1,2,1,1,1,1,1,3,2
SF,IF2009,2020-05-21 09:30:48.800,3812.0000,23683,0,121311420.000,0,-,-,-,-,3812.0000,3811.4000,3811.2000,3810.6000,3810.4000,3812.4000,3812.6000,3813.0000,3813.6000,3813.8000,3,1,2,1,1,2,1,1,3,2
SF,IF2009,2020-05-21 09:30:50.300,3812.0000,23682,-1,122455020.000,1,0,1,双平,S,3812.0000,3811.4000,3811.2000,3810.6000,3810.4000,3812.2000,3812.4000,3812.6000,3813.0000,3813.6000,2,1,2,1,1,1,2,1,1,3
SF,IF2009,2020-05-21 09:30:50.800,3812.0000,23681,-1,123598620.000,1,0,1,双平,S,3812.0000,3811.4000,3811.2000,3810.6000,3810.4000,3812.2000,3812.4000,3812.6000,3813.0000,3813.6000,1,1,2,1,1,1,2,1,1,3
SF,IF2009,2020-05-21 09:30:51.800,3812.2000,23681,0,124742280.000,1,0,1,多换,S,3812.0000,3811.4000,3811.2000,3810.6000,3810.4000,3812.4000,3812.6000,3813.0000,3813.6000,3813.8000,1,1,2,1,1,2,1,2,3,2
SF,IF2009,2020-05-21 09:30:53.800,3812.4000,23681,0,125886000.000,1,0,1,多换,S,3812.0000,3811.4000,3811.2000,3810.6000,3810.4000,3812.4000,3812.6000,3813.0000,3813.6000,3813.8000,1,1,2,1,1,1,1,2,3,2
SF,IF2009,2020-05-21 09:30:54.300,3812.0000,23680,-1,127029600.000,1,0,1,双平,S,3811.4000,3811.2000,3810.6000,3810.4000,3810.0000,3812.4000,3812.6000,3813.0000,3813.6000,3813.8000,1,2,1,1,2,1,1,2,3,2
SF,IF2009,2020-05-21 09:30:54.800,3812.0000,23680,0,127029600.000,0,-,-,-,-,3811.4000,3811.2000,3810.6000,3810.4000,3810.0000,3812.2000,3812.4000,3812.6000,3813.0000,3813.6000,1,2,1,1,2,1,1,1,2,3
SF,IF2009,2020-05-21 09:30:55.300,3812.2000,23679,-1,128173260.000,1,0,1,双平,S,3811.4000,3811.2000,3810.6000,3810.4000,3810.0000,3812.2000,3812.4000,3812.6000,3813.0000,3813.6000,1,2,1,1,2,2,1,1,2,3
SF,IF2009,2020-05-21 09:30:55.800,3812.2000,23679,0,128173260.000,0,-,-,-,-,3811.4000,3811.2000,3810.6000,3810.4000,3810.0000,3812.2000,3812.4000,3812.6000,3813.0000,3813.6000,1,2,1,1,2,1,1,1,2,3
SF,IF2009,2020-05-21 09:30:56.800,3812.2000,23679,0,128173260.000,0,-,-,-,-,3811.4000,3811.2000,3810.6000,3810.4000,3810.0000,3812.2000,3812.4000,3812.6000,3813.0000,3813.6000,1,2,1,1,2,1,1,1,2,3
SF,IF2009,2020-05-21 09:30:57.300,3812.2000,23679,0,128173260.000,0,-,-,-,-,3812.0000,3811.2000,3810.6000,3810.4000,3810.0000,3812.2000,3812.4000,3812.6000,3813.0000,3813.6000,2,2,1,1,2,1,1,1,2,3
SF,IF2009,2020-05-21 09:30:57.800,3812.0000,23677,-2,130460460.000,2,0,2,双平,S,3811.2000,3810.6000,3810.4000,3810.0000,3806.0000,3812.4000,3812.6000,3813.0000,3813.6000,3813.8000,2,1,1,2,1,1,1,2,3,2
SF,IF2009,2020-05-21 09:30:58.300,3812.0000,23677,0,130460460.000,0,-,-,-,-,3811.2000,3810.6000,3810.4000,3810.0000,3806.0000,3812.2000,3812.4000,3812.6000,3813.0000,3813.6000,2,1,1,2,1,1,1,1,2,3
SF,IF2009,2020-05-21 09:30:58.800,3812.0000,23677,0,130460460.000,0,-,-,-,-,3811.2000,3810.6000,3810.4000,3810.0000,3806.0000,3812.2000,3812.4000,3812.6000,3813.0000,3813.6000,2,1,1,2,1,1,1,1,2,3
SF,IF2009,2020-05-21 09:30:59.800,3812.4000,23675,-2,132747840.000,2,0,2,双平,S,3812.4000,3811.2000,3810.6000,3810.4000,3810.0000,3812.6000,3813.0000,3813.6000,3813.8000,3814.0000,1,2,1,1,2,1,2,3,1,1
SF,IF2009,2020-05-21 09:31:00.300,3812.4000,23674,-1,133891560.000,1,0,1,双平,S,3811.2000,3810.6000,3810.4000,3810.0000,3806.0000,3812.6000,3813.0000,3813.6000,3813.8000,3814.0000,2,1,1,2,1,1,2,3,1,1
SF,IF2009,2020-05-21 09:31:00.800,3812.4000,23674,0,133891560.000,0,-,-,-,-,3811.4000,3811.2000,3810.6000,3810.4000,3810.0000,3812.4000,3812.6000,3813.0000,3813.6000,3813.8000,1,2,1,1,2,1,1,2,3,1
SF,IF2009,2020-05-21 09:31:01.300,3812.4000,23674,0,133891560.000,0,-,-,-,-,3811.4000,3811.2000,3810.6000,3810.4000,3810.0000,3812.4000,3812.6000,3813.0000,3813.6000,3813.8000,1,2,1,1,2,4,1,2,3,1
SF,IF2009,2020-05-21 09:31:01.800,3812.4000,23674,0,135035280.000,1,0,1,多换,S,3811.4000,3811.2000,3810.6000,3810.4000,3810.0000,3812.4000,3812.6000,3813.0000,3813.6000,3813.8000,1,2,1,1,2,4,1,2,3,1
SF,IF2009,2020-05-21 09:31:02.300,3812.4000,23674,0,135035280.000,0,-,-,-,-,3812.2000,3811.4000,3811.2000,3810.6000,3810.4000,3812.4000,3812.6000,3813.0000,3813.6000,3813.8000,1,1,2,1,1,3,1,2,3,1
SF,IF2009,2020-05-21 09:31:02.800,3812.2000,23673,-1,136178940.000,1,0,1,双平,S,3811.4000,3811.2000,3810.6000,3810.4000,3810.0000,3812.4000,3812.6000,3813.0000,3813.6000,3813.8000,1,2,1,1,2,2,1,2,3,1
SF,IF2009,2020-05-21 09:31:03.300,3812.2000,23673,0,136178940.000,0,-,-,-,-,3811.4000,3811.2000,3810.6000,3810.4000,3810.0000,3812.4000,3812.6000,3813.0000,3813.6000,3813.8000,1,2,1,1,2,1,1,2,3,1
SF,IF2009,2020-05-21 09:31:03.800,3812.2000,23673,0,136178940.000,0,-,-,-,-,3811.4000,3811.2000,3810.6000,3810.4000,3810.0000,3812.4000,3812.6000,3813.0000,3813.6000,3813.8000,1,2,1,1,2,1,1,2,3,1
SF,IF2009,2020-05-21 09:31:04.300,3812.2000,23673,0,136178940.000,0,-,-,-,-,3811.4000,3811.2000,3810.6000,3810.4000,3810.0000,3812.4000,3812.6000,3813.0000,3813.6000,3813.8000,1,2,1,1,2,4,1,2,3,1
SF,IF2009,2020-05-21 09:31:04.800,3812.4000,23672,-1,137322660.000,1,0,1,双平,S,3811.4000,3811.2000,3810.6000,3810.4000,3810.0000,3812.4000,3812.6000,3813.0000,3813.6000,3813.8000,1,2,1,1,2,1,1,2,3,1
SF,IF2009,2020-05-21 09:31:05.300,3811.4000,23671,-1,138466080.000,1,0,1,双平,S,3811.2000,3810.6000,3810.4000,3810.0000,3806.0000,3812.4000,3812.6000,3813.0000,3813.6000,3813.8000,2,1,1,2,1,1,1,2,3,1
SF,IF2009,2020-05-21 09:31:05.800,3811.4000,23671,0,138466080.000,0,-,-,-,-,3811.2000,3810.6000,3810.4000,3810.0000,3806.0000,3812.2000,3812.4000,3812.6000,3813.0000,3813.6000,2,1,1,2,1,1,1,1,2,3
SF,IF2009,2020-05-21 09:31:06.300,3811.2000,23671,0,139609440.000,1,0,1,多换,S,3811.2000,3810.6000,3810.4000,3810.0000,3806.0000,3812.2000,3812.4000,3812.6000,3813.0000,3813.6000,1,1,1,2,1,1,1,1,2,3
SF,IF2009,2020-05-21 09:31:06.800,3811.2000,23671,0,139609440.000,0,-,-,-,-,3811.2000,3810.6000,3810.0000,3806.0000,3805.2000,3812.2000,3812.4000,3812.6000,3813.0000,3813.6000,1,1,2,1,1,1,1,1,2,3
SF,IF2009,2020-05-21 09:31:10.800,3811.2000,23671,0,139609440.000,0,-,-,-,-,3811.2000,3810.6000,3810.0000,3806.0000,3805.2000,3812.2000,3812.4000,3812.6000,3813.0000,3813.6000,1,1,2,1,1,1,1,4,2,3
SF,IF2009,2020-05-21 09:31:11.300,3812.2000,23669,-2,141896760.000,2,0,2,双平,S,3812.2000,3811.2000,3810.6000,3810.0000,3806.0000,3812.4000,3812.6000,3813.0000,3813.6000,3813.8000,3,1,1,2,1,1,4,2,3,1
SF,IF2009,2020-05-21 09:31:11.800,3812.4000,23665,-4,147615240.000,5,0,5,多平,S,3812.2000,3811.2000,3810.6000,3810.0000,3806.0000,3812.6000,3813.0000,3813.6000,3813.8000,3814.2000,1,2,1,2,1,4,2,3,1,1
SF,IF2009,2020-05-21 09:31:12.300,3812.4000,23665,0,147615240.000,0,-,-,-,-,3812.2000,3811.2000,3810.6000,3810.0000,3806.0000,3812.6000,3813.0000,3813.6000,3813.8000,3815.0000,1,2,1,2,1,4,2,3,1,1
SF,IF2009,2020-05-21 09:31:12.800,3812.6000,23664,-1,148759020.000,1,0,1,双平,S,3812.2000,3811.2000,3810.6000,3810.0000,3806.0000,3812.6000,3813.0000,3813.6000,3813.8000,3815.0000,1,1,1,2,1,3,2,3,1,1
SF,IF2009,2020-05-21 09:31:13.300,3812.6000,23663,-1,152190360.000,3,1,2,多平,S,3812.2000,3811.2000,3810.6000,3810.0000,3806.0000,3813.0000,3813.6000,3813.8000,3815.0000,3815.8000,1,1,1,2,1,2,3,1,1,2
SF,IF2009,2020-05-21 09:31:13.800,3812.4000,23662,-1,153334080.000,1,0,1,双平,S,3812.4000,3812.2000,3811.2000,3810.6000,3810.0000,3813.0000,3813.6000,3813.8000,3814.4000,3815.0000,1,2,1,1,2,2,3,1,1,1
SF,IF2009,2020-05-21 09:31:14.300,3812.4000,23662,0,153334080.000,0,-,-,-,-,3812.2000,3811.2000,3810.6000,3810.0000,3806.0000,3813.0000,3813.6000,3813.8000,3814.4000,3815.0000,2,1,1,2,1,2,3,1,1,1
SF,IF2009,2020-05-21 09:31:14.800,3812.4000,23662,0,153334080.000,0,-,-,-,-,3812.2000,3811.2000,3810.6000,3810.0000,3806.0000,3813.0000,3813.6000,3813.8000,3814.4000,3815.0000,2,1,1,2,1,2,3,1,1,1
SF,IF2009,2020-05-21 09:31:15.300,3812.4000,23662,0,153334080.000,0,-,-,-,-,3812.4000,3812.2000,3811.2000,3810.6000,3810.0000,3813.0000,3813.6000,3813.8000,3814.4000,3815.0000,1,1,1,1,2,2,3,1,1,1
SF,IF2009,2020-05-21 09:31:15.800,3812.4000,23662,0,153334080.000,0,-,-,-,-,3812.4000,3812.2000,3811.2000,3810.6000,3810.0000,3813.0000,3813.6000,3813.8000,3814.4000,3815.0000,2,1,1,1,2,2,3,1,1,1
SF,IF2009,2020-05-21 09:31:16.800,3812.4000,23662,0,153334080.000,0,-,-,-,-,3812.4000,3812.2000,3811.2000,3810.6000,3810.0000,3813.0000,3813.6000,3813.8000,3814.4000,3815.0000,2,1,1,1,2,2,3,1,1,1
SF,IF2009,2020-05-21 09:31:17.300,3812.4000,23661,-1,154477800.000,1,0,1,双平,S,3812.2000,3811.2000,3810.6000,3810.0000,3806.0000,3813.0000,3813.6000,3813.8000,3814.4000,3815.0000,1,1,1,2,1,2,3,1,1,1
SF,IF2009,2020-05-21 09:31:17.800,3812.4000,23661,0,154477800.000,0,-,-,-,-,3812.2000,3811.2000,3810.6000,3810.0000,3806.0000,3813.0000,3813.6000,3813.8000,3814.4000,3815.0000,2,1,1,2,1,2,3,1,1,1
SF,IF2009,2020-05-21 09:31:18.300,3812.2000,23658,-3,157908840.000,3,0,3,双平,S,3811.2000,3810.6000,3810.0000,3806.0000,3805.2000,3812.2000,3813.0000,3813.6000,3813.8000,3814.4000,1,1,2,1,1,2,2,3,1,1
SF,IF2009,2020-05-21 09:31:18.800,3813.0000,23655,-3,161340060.000,3,0,3,双平,S,3812.6000,3812.4000,3812.0000,3811.6000,3811.4000,3813.0000,3813.6000,3813.8000,3814.4000,3815.0000,1,8,2,1,7,1,3,1,1,1
SF,IF2009,2020-05-21 09:31:19.300,3813.0000,23653,-2,163627740.000,2,0,2,双平,S,3812.4000,3811.4000,3811.2000,3810.6000,3810.0000,3812.8000,3813.6000,3813.8000,3814.4000,3815.0000,6,6,4,1,2,1,3,1,1,1
SF,IF2009,2020-05-21 09:31:19.800,3812.8000,23653,0,164771580.000,1,0,1,多换,S,3812.6000,3812.4000,3811.4000,3811.2000,3810.6000,3813.6000,3813.8000,3814.4000,3815.0000,3815.8000,1,6,6,4,1,3,1,1,1,2
SF,IF2009,2020-05-21 09:31:20.300,3812.8000,23653,0,164771580.000,0,-,-,-,-,3812.6000,3812.4000,3811.4000,3811.2000,3810.6000,3813.4000,3813.6000,3813.8000,3814.4000,3815.0000,1,5,6,4,1,1,3,1,1,1
SF,IF2009,2020-05-21 09:31:20.800,3812.8000,23653,0,164771580.000,0,-,-,-,-,3812.8000,3812.6000,3812.4000,3811.4000,3811.2000,3813.4000,3813.6000,3813.8000,3814.4000,3815.0000,3,1,5,5,4,1,3,1,1,1
SF,IF2009,2020-05-21 09:31:21.300,3812.8000,23653,0,164771580.000,0,-,-,-,-,3812.8000,3812.6000,3812.4000,3811.4000,3811.2000,3813.4000,3813.6000,3813.8000,3814.4000,3815.0000,3,2,5,5,4,1,3,1,1,1
SF,IF2009,2020-05-21 09:31:21.800,3812.8000,23653,0,164771580.000,0,-,-,-,-,3813.0000,3812.8000,3812.6000,3812.4000,3811.4000,3813.4000,3813.6000,3813.8000,3814.4000,3815.0000,1,3,2,5,5,1,3,1,1,1
SF,IF2009,2020-05-21 09:31:22.300,3812.8000,23653,0,164771580.000,0,-,-,-,-,3813.0000,3812.8000,3812.6000,3812.4000,3811.4000,3813.4000,3813.6000,3813.8000,3814.4000,3815.0000,1,3,1,5,5,1,3,1,1,1
SF,IF2009,2020-05-21 09:31:24.300,3812.8000,23649,-4,169347000.000,4,0,4,双平,S,3812.6000,3812.4000,3811.4000,3811.2000,3810.6000,3813.4000,3813.6000,3813.8000,3814.4000,3815.0000,1,5,5,4,1,1,3,1,1,1
SF,IF2009,2020-05-21 09:31:24.800,3813.2000,23649,0,170490960.000,1,0,1,多换,S,3812.4000,3811.4000,3811.2000,3810.6000,3810.0000,3813.4000,3813.6000,3813.8000,3814.4000,3815.0000,5,5,4,1,2,1,3,1,1,1
SF,IF2009,2020-05-21 09:31:25.300,3813.4000,23648,-1,171634980.000,1,0,1,双平,S,3812.4000,3811.4000,3811.2000,3810.6000,3810.0000,3813.6000,3813.8000,3814.4000,3815.0000,3815.8000,3,4,3,1,2,3,1,1,1,2
SF,IF2009,2020-05-21 09:31:25.800,3813.4000,23648,0,171634980.000,0,-,-,-,-,3812.6000,3812.4000,3811.4000,3811.2000,3810.6000,3813.0000,3813.6000,3813.8000,3814.4000,3815.0000,1,3,3,3,1,1,3,1,1,1
SF,IF2009,2020-05-21 09:31:26.800,3813.0000,23647,-1,172778880.000,1,0,1,双平,S,3812.6000,3812.4000,3811.4000,3811.2000,3810.6000,3813.6000,3813.8000,3814.4000,3815.0000,3815.8000,1,3,3,3,1,3,1,1,1,2
SF,IF2009,2020-05-21 09:31:27.300,3813.0000,23647,0,172778880.000,0,-,-,-,-,3813.4000,3812.6000,3812.4000,3811.4000,3811.2000,3813.6000,3813.8000,3814.4000,3815.0000,3815.8000,1,1,3,3,3,3,1,1,1,2
SF,IF2009,2020-05-21 09:31:27.800,3813.6000,23644,-3,176211120.000,3,0,3,双平,S,3813.4000,3812.6000,3812.4000,3811.4000,3811.2000,3813.8000,3814.4000,3815.0000,3815.8000,3816.0000,1,3,3,3,3,1,1,1,2,5
SF,IF2009,2020-05-21 09:31:28.800,3813.6000,23644,0,176211120.000,0,-,-,-,-,3813.4000,3812.6000,3812.4000,3811.4000,3811.2000,3813.8000,3814.4000,3815.0000,3815.8000,3816.0000,1,3,3,3,3,2,1,1,2,5
SF,IF2009,2020-05-21 09:31:29.300,3813.6000,23642,-2,178499280.000,2,0,2,双平,S,3813.4000,3812.6000,3812.4000,3811.4000,3811.2000,3813.8000,3814.4000,3815.0000,3815.8000,3816.0000,1,2,3,3,3,2,1,1,2,5
SF,IF2009,2020-05-21 09:31:29.800,3813.6000,23642,0,178499280.000,0,-,-,-,-,3813.4000,3812.6000,3812.4000,3811.4000,3811.2000,3813.8000,3814.4000,3815.0000,3815.8000,3816.0000,1,1,3,3,3,2,1,1,2,5
SF,IF2009,2020-05-21 09:31:30.300,3813.8000,23641,-1,180787560.000,2,0,2,多平,S,3813.4000,3812.6000,3812.4000,3811.4000,3811.2000,3814.4000,3815.0000,3815.8000,3816.0000,3816.4000,1,1,3,3,3,1,1,2,5,1
SF,IF2009,2020-05-21 09:31:30.800,3813.8000,23641,0,180787560.000,0,-,-,-,-,3813.6000,3813.4000,3812.4000,3811.4000,3811.2000,3814.0000,3815.0000,3815.8000,3816.0000,3816.4000,1,2,3,3,3,1,1,2,5,1
SF,IF2009,2020-05-21 09:31:31.300,3814.0000,23640,-1,181931760.000,1,0,1,双平,S,3814.0000,3813.6000,3813.4000,3812.4000,3811.4000,3815.0000,3815.8000,3816.0000,3816.4000,3816.6000,1,1,3,3,3,1,2,5,1,2
SF,IF2009,2020-05-21 09:31:31.800,3814.0000,23640,0,181931760.000,0,-,-,-,-,3813.4000,3812.4000,3811.4000,3811.2000,3810.6000,3814.8000,3815.0000,3815.8000,3816.0000,3816.4000,3,3,3,3,1,1,1,2,5,1
SF,IF2009,2020-05-21 09:31:32.300,3814.0000,23640,0,181931760.000,0,-,-,-,-,3813.6000,3813.4000,3812.4000,3811.4000,3811.2000,3814.8000,3815.0000,3815.8000,3816.0000,3816.4000,2,2,3,3,3,1,2,2,5,1
SF,IF2009,2020-05-21 09:31:32.800,3814.0000,23640,0,181931760.000,0,-,-,-,-,3813.6000,3813.4000,3812.4000,3811.4000,3811.2000,3814.8000,3815.0000,3815.8000,3816.0000,3816.4000,2,1,3,3,3,1,2,2,5,1
SF,IF2009,2020-05-21 09:31:33.300,3814.0000,23640,0,181931760.000,0,-,-,-,-,3813.6000,3813.4000,3812.4000,3811.4000,3811.2000,3814.8000,3815.0000,3815.8000,3816.0000,3816.4000,2,1,3,3,3,1,2,3,5,1
SF,IF2009,2020-05-21 09:31:33.800,3814.0000,23640,0,181931760.000,0,-,-,-,-,3813.6000,3813.4000,3812.4000,3811.4000,3811.2000,3814.8000,3815.0000,3815.8000,3816.0000,3816.4000,2,1,3,3,3,1,1,3,5,1
SF,IF2009,2020-05-21 09:31:34.800,3814.0000,23640,0,181931760.000,0,-,-,-,-,3813.6000,3813.4000,3813.0000,3812.4000,3811.4000,3814.8000,3815.0000,3815.8000,3816.0000,3816.4000,2,1,1,3,3,1,1,3,5,1
SF,IF2009,2020-05-21 09:31:35.300,3814.0000,23640,0,181931760.000,0,-,-,-,-,3813.6000,3813.0000,3812.4000,3811.4000,3811.2000,3814.8000,3815.0000,3815.8000,3816.0000,3816.4000,2,1,3,3,3,1,1,3,5,1
SF,IF2009,2020-05-21 09:31:35.800,3813.6000,23639,-1,183075840.000,1,0,1,双平,S,3813.6000,3813.0000,3812.4000,3811.4000,3811.2000,3814.8000,3815.0000,3815.8000,3816.0000,3816.4000,1,1,3,3,3,1,1,3,5,1
SF,IF2009,2020-05-21 09:31:37.800,3813.6000,23639,0,183075840.000,0,-,-,-,-,3813.6000,3813.0000,3812.4000,3811.4000,3811.2000,3814.6000,3814.8000,3815.0000,3815.8000,3816.0000,1,1,3,3,3,1,4,1,3,5
SF,IF2009,2020-05-21 09:31:38.300,3813.6000,23639,0,183075840.000,0,-,-,-,-,3813.6000,3813.0000,3812.4000,3811.4000,3811.2000,3814.4000,3814.6000,3814.8000,3815.0000,3815.2000,1,1,3,3,3,1,1,3,2,1
SF,IF2009,2020-05-21 09:31:38.800,3813.6000,23639,0,183075840.000,0,-,-,-,-,3813.0000,3812.4000,3811.4000,3811.2000,3810.6000,3814.4000,3814.6000,3815.0000,3815.2000,3815.8000,1,3,3,3,1,2,3,2,1,3
SF,IF2009,2020-05-21 09:31:39.300,3813.6000,23639,0,183075840.000,0,-,-,-,-,3813.2000,3813.0000,3812.4000,3811.4000,3811.2000,3814.4000,3814.6000,3815.0000,3815.2000,3815.8000,1,1,3,3,3,2,3,2,1,3
SF,IF2009,2020-05-21 09:31:39.800,3813.6000,23639,0,183075840.000,0,-,-,-,-,3813.2000,3813.0000,3812.4000,3811.4000,3811.2000,3814.4000,3814.6000,3815.0000,3815.2000,3815.8000,1,1,3,3,3,2,1,2,1,3
SF,IF2009,2020-05-21 09:31:40.300,3814.4000,23639,0,184220160.000,1,0,1,多换,S,3813.4000,3813.2000,3813.0000,3812.4000,3811.4000,3814.4000,3814.6000,3815.0000,3815.2000,3815.8000,1,1,1,3,3,1,1,2,1,3
SF,IF2009,2020-05-21 09:31:40.800,3814.4000,23639,0,184220160.000,0,-,-,-,-,3813.2000,3813.0000,3812.4000,3811.4000,3811.2000,3814.4000,3814.6000,3815.0000,3815.2000,3815.8000,1,1,3,3,3,1,1,2,1,3
SF,IF2009,2020-05-21 09:31:41.300,3814.4000,23639,0,184220160.000,0,-,-,-,-,3813.4000,3813.2000,3813.0000,3812.4000,3811.4000,3814.4000,3814.6000,3815.0000,3815.2000,3815.8000,2,5,1,4,3,1,1,2,1,3
SF,IF2009,2020-05-21 09:31:41.800,3814.4000,23639,0,184220160.000,0,-,-,-,-,3813.4000,3813.2000,3813.0000,3812.4000,3811.4000,3814.4000,3815.0000,3815.2000,3815.8000,3816.0000,2,5,1,4,3,1,2,1,3,5
SF,IF2009,2020-05-21 09:31:42.300,3814.4000,23639,0,184220160.000,0,-,-,-,-,3813.4000,3813.2000,3813.0000,3812.4000,3811.4000,3814.2000,3814.4000,3815.0000,3815.2000,3815.8000,2,1,1,4,3,1,1,2,1,3
SF,IF2009,2020-05-21 09:31:42.800,3813.4000,23638,-1,185364180.000,1,0,1,双平,S,3813.2000,3813.0000,3812.4000,3811.4000,3811.2000,3813.4000,3814.2000,3814.4000,3815.0000,3815.2000,1,1,4,3,3,1,1,1,2,1
SF,IF2009,2020-05-21 09:31:43.300,3813.4000,23637,-1,186508200.000,1,0,1,双平,S,3813.0000,3812.4000,3812.2000,3811.4000,3811.2000,3814.2000,3815.0000,3815.2000,3815.8000,3816.0000,1,4,5,3,3,3,2,1,4,5
SF,IF2009,2020-05-21 09:31:43.800,3813.4000,23637,0,186508200.000,0,-,-,-,-,3813.0000,3812.4000,3812.2000,3811.4000,3811.2000,3814.0000,3814.2000,3815.0000,3815.2000,3815.8000,1,4,5,3,3,2,1,2,1,4
SF,IF2009,2020-05-21 09:31:44.300,3813.4000,23637,0,186508200.000,0,-,-,-,-,3813.0000,3812.4000,3812.2000,3811.4000,3811.2000,3813.8000,3814.0000,3815.0000,3815.2000,3815.8000,1,4,5,3,3,1,2,2,1,4
SF,IF2009,2020-05-21 09:31:44.800,3813.4000,23637,0,186508200.000,0,-,-,-,-,3813.0000,3812.4000,3812.2000,3811.4000,3811.2000,3813.8000,3815.0000,3815.2000,3815.8000,3816.0000,1,4,5,3,3,3,2,1,4,5
SF,IF2009,2020-05-21 09:31:45.300,3813.6000,23637,0,187652280.000,1,0,1,多换,S,3813.0000,3812.4000,3812.2000,3811.4000,3811.2000,3813.8000,3815.0000,3815.2000,3815.8000,3816.0000,1,4,5,3,3,2,2,1,4,5
SF,IF2009,2020-05-21 09:31:47.300,3813.6000,23637,0,187652280.000,0,-,-,-,-,3813.0000,3812.4000,3812.2000,3811.4000,3811.2000,3813.8000,3815.0000,3815.2000,3815.8000,3816.0000,2,4,5,3,3,2,2,1,4,1
SF,IF2009,2020-05-21 09:31:47.800,3813.6000,23637,0,187652280.000,0,-,-,-,-,3813.0000,3812.4000,3812.2000,3811.4000,3811.2000,3813.8000,3814.4000,3815.0000,3815.2000,3815.8000,2,4,5,3,3,2,1,2,1,4
SF,IF2009,2020-05-21 09:31:48.300,3813.6000,23637,0,187652280.000,0,-,-,-,-,3813.2000,3813.0000,3812.4000,3812.2000,3811.4000,3813.8000,3814.4000,3815.0000,3815.2000,3815.8000,1,2,4,5,3,1,1,2,1,4
SF,IF2009,2020-05-21 09:31:48.800,3813.6000,23637,0,187652280.000,0,-,-,-,-,3813.2000,3813.0000,3812.4000,3812.2000,3811.4000,3813.8000,3814.4000,3815.0000,3815.2000,3815.8000,1,1,4,5,3,1,1,2,1,4
SF,IF2009,2020-05-21 09:31:49.300,3813.8000,23636,-1,188796420.000,1,0,1,双平,S,3813.2000,3813.0000,3812.4000,3812.2000,3811.4000,3814.4000,3815.0000,3815.2000,3815.8000,3816.0000,1,1,4,5,3,1,2,1,4,1
SF,IF2009,2020-05-21 09:31:49.800,3813.8000,23636,0,188796420.000,0,-,-,-,-,3813.0000,3812.4000,3812.2000,3811.4000,3811.2000,3814.2000,3814.4000,3815.0000,3815.2000,3815.8000,1,4,5,3,3,1,1,2,1,4
SF,IF2009,2020-05-21 09:31:50.300,3813.8000,23636,0,188796420.000,0,-,-,-,-,3813.0000,3812.4000,3812.2000,3811.4000,3811.2000,3814.2000,3814.4000,3815.0000,3815.2000,3815.8000,1,4,5,3,3,3,1,2,1,4
SF,IF2009,2020-05-21 09:31:50.800,3813.8000,23636,0,188796420.000,0,-,-,-,-,3813.0000,3812.4000,3812.2000,3811.4000,3811.2000,3814.2000,3814.4000,3815.0000,3815.2000,3815.8000,1,4,5,3,3,3,1,2,1,4
SF,IF2009,2020-05-21 09:31:51.300,3813.8000,23636,0,188796420.000,0,-,-,-,-,3813.0000,3812.4000,3812.2000,3811.4000,3811.2000,3814.2000,3814.4000,3815.0000,3815.2000,3815.8000,2,4,5,3,3,2,1,2,1,4
SF,IF2009,2020-05-21 09:31:51.800,3813.8000,23636,0,188796420.000,0,-,-,-,-,3813.2000,3813.0000,3812.4000,3812.2000,3811.4000,3814.2000,3814.4000,3815.0000,3815.2000,3815.8000,1,2,4,5,3,2,1,2,1,4
SF,IF2009,2020-05-21 09:31:52.300,3813.8000,23636,0,188796420.000,0,-,-,-,-,3813.2000,3813.0000,3812.4000,3812.2000,3811.4000,3814.0000,3814.2000,3814.4000,3815.0000,3815.2000,2,1,4,5,3,1,2,1,2,1
SF,IF2009,2020-05-21 09:31:52.800,3813.8000,23636,0,188796420.000,0,-,-,-,-,3813.0000,3812.4000,3812.2000,3811.4000,3811.2000,3814.0000,3814.2000,3814.4000,3815.0000,3815.2000,2,4,5,3,3,2,1,1,2,1
SF,IF2009,2020-05-21 09:31:53.300,3813.8000,23636,0,188796420.000,0,-,-,-,-,3813.4000,3813.0000,3812.4000,3812.2000,3811.4000,3814.0000,3814.2000,3814.4000,3815.0000,3815.2000,1,2,4,5,3,2,1,1,2,1
SF,IF2009,2020-05-21 09:31:53.800,3813.8000,23636,0,188796420.000,0,-,-,-,-,3813.4000,3813.0000,3812.4000,3812.2000,3811.4000,3814.0000,3814.2000,3814.4000,3815.0000,3815.2000,1,2,4,5,3,2,1,1,2,1
SF,IF2009,2020-05-21 09:31:54.300,3813.8000,23636,0,188796420.000,0,-,-,-,-,3813.0000,3812.4000,3812.2000,3811.4000,3811.2000,3813.2000,3814.0000,3814.2000,3814.4000,3815.0000,2,4,5,3,3,1,2,1,1,2
SF,IF2009,2020-05-21 09:31:54.800,3813.2000,23635,-1,189940380.000,1,0,1,双平,S,3813.2000,3813.0000,3812.4000,3812.2000,3811.4000,3814.0000,3814.2000,3814.4000,3815.0000,3815.2000,2,2,4,5,3,2,1,1,2,1
SF,IF2009,2020-05-21 09:31:55.300,3813.2000,23635,0,189940380.000,0,-,-,-,-,3813.0000,3812.4000,3812.2000,3811.4000,3811.2000,3814.0000,3814.2000,3814.4000,3815.0000,3815.2000,2,4,5,3,3,2,1,1,6,1
SF,IF2009,2020-05-21 09:31:55.800,3813.2000,23635,0,189940380.000,0,-,-,-,-,3813.0000,3812.4000,3812.2000,3811.4000,3811.2000,3814.0000,3814.4000,3815.0000,3815.2000,3815.8000,2,4,5,3,3,2,1,6,1,3
SF,IF2009,2020-05-21 09:31:56.300,3813.2000,23635,0,189940380.000,0,-,-,-,-,3813.2000,3813.0000,3812.4000,3812.2000,3811.4000,3813.8000,3814.0000,3814.4000,3815.0000,3815.2000,1,2,4,5,3,1,2,1,6,1
SF,IF2009,2020-05-21 09:31:56.800,3813.2000,23635,0,189940380.000,0,-,-,-,-,3813.2000,3813.0000,3812.4000,3812.2000,3811.4000,3813.8000,3814.0000,3814.4000,3815.0000,3815.2000,1,2,4,5,3,1,2,1,6,1
SF,IF2009,2020-05-21 09:31:57.300,3814.0000,23633,-2,192228780.000,2,0,2,双平,S,3813.0000,3812.4000,3812.2000,3811.4000,3811.2000,3814.0000,3814.4000,3815.0000,3815.2000,3815.8000,2,4,5,3,3,1,1,6,1,4
SF,IF2009,2020-05-21 09:31:57.800,3814.0000,23632,-1,193372980.000,1,0,1,双平,S,3814.0000,3813.2000,3813.0000,3812.4000,3812.2000,3814.4000,3815.0000,3815.2000,3815.8000,3816.0000,1,3,2,4,5,1,6,1,4,1
SF,IF2009,2020-05-21 09:31:58.300,3814.4000,23631,-1,194517300.000,1,0,1,双平,S,3814.0000,3813.2000,3813.0000,3812.4000,3812.2000,3815.0000,3815.2000,3815.8000,3816.0000,3816.4000,1,3,2,4,5,6,1,4,1,1
SF,IF2009,2020-05-21 09:31:58.800,3814.4000,23631,0,194517300.000,0,-,-,-,-,3814.2000,3814.0000,3813.2000,3813.0000,3812.4000,3814.8000,3815.0000,3815.2000,3815.8000,3816.0000,1,2,2,2,4,1,6,1,4,1
SF,IF2009,2020-05-21 09:31:59.300,3814.4000,23631,0,195661620.000,1,0,1,多换,S,3814.2000,3814.0000,3813.2000,3813.0000,3812.4000,3814.4000,3814.8000,3815.0000,3815.2000,3815.8000,1,2,1,2,4,1,1,6,1,4
SF,IF2009,2020-05-21 09:31:59.800,3814.4000,23629,-2,197950260.000,2,0,2,双平,S,3814.2000,3814.0000,3813.0000,3812.4000,3812.2000,3814.8000,3815.0000,3815.2000,3815.8000,3816.0000,1,2,2,4,5,2,6,1,4,1
SF,IF2009,2020-05-21 09:32:00.300,3814.4000,23629,0,197950260.000,0,-,-,-,-,3814.0000,3813.0000,3812.4000,3812.2000,3811.4000,3814.8000,3815.0000,3815.2000,3815.8000,3816.0000,1,2,4,5,3,2,6,1,3,1
SF,IF2009,2020-05-21 09:32:00.800,3814.0000,23628,-1,199094460.000,1,0,1,双平,S,3813.0000,3812.4000,3812.2000,3811.4000,3811.2000,3814.8000,3815.0000,3815.2000,3815.8000,3816.0000,2,4,5,3,3,1,6,1,3,1
SF,IF2009,2020-05-21 09:32:01.300,3814.0000,23628,0,199094460.000,0,-,-,-,-,3814.0000,3813.2000,3813.0000,3812.4000,3812.2000,3814.6000,3814.8000,3815.0000,3815.2000,3815.8000,3,4,2,4,5,1,1,6,1,3
SF,IF2009,2020-05-21 09:32:01.800,3814.0000,23627,-1,200238660.000,1,0,1,双平,S,3813.2000,3813.0000,3812.4000,3812.2000,3811.4000,3814.6000,3814.8000,3815.0000,3815.2000,3815.8000,2,2,4,5,3,2,1,6,1,3
SF,IF2009,2020-05-21 09:32:02.300,3814.0000,23627,0,200238660.000,0,-,-,-,-,3813.2000,3813.0000,3812.4000,3812.2000,3811.4000,3814.4000,3814.6000,3815.0000,3815.2000,3815.8000,2,2,4,5,3,4,3,6,1,3
SF,IF2009,2020-05-21 09:32:02.800,3814.0000,23627,0,200238660.000,0,-,-,-,-,3813.4000,3813.2000,3813.0000,3812.4000,3812.2000,3814.4000,3814.6000,3815.0000,3815.2000,3815.8000,5,2,2,4,5,4,2,6,1,3
SF,IF2009,2020-05-21 09:32:03.300,3814.0000,23627,0,200238660.000,0,-,-,-,-,3813.6000,3813.4000,3813.2000,3813.0000,3812.4000,3814.4000,3814.6000,3815.0000,3815.2000,3815.8000,5,2,2,3,4,1,2,6,1,3
SF,IF2009,2020-05-21 09:32:03.800,3814.0000,23627,0,200238660.000,0,-,-,-,-,3813.8000,3813.6000,3813.2000,3813.0000,3812.4000,3814.4000,3814.6000,3815.0000,3815.2000,3815.8000,1,5,2,3,4,1,2,6,1,3
SF,IF2009,2020-05-21 09:32:04.300,3814.0000,23627,0,200238660.000,0,-,-,-,-,3813.8000,3813.6000,3813.2000,3813.0000,3812.4000,3814.6000,3815.0000,3815.2000,3815.8000,3816.0000,1,5,2,3,4,1,6,1,3,1
SF,IF2009,2020-05-21 09:32:04.800,3813.8000,23626,-1,201382800.000,1,0,1,双平,S,3813.6000,3813.2000,3813.0000,3812.4000,3812.2000,3814.6000,3815.0000,3815.2000,3815.8000,3816.0000,5,2,3,4,5,1,6,1,3,1
SF,IF2009,2020-05-21 09:32:05.300,3813.8000,23626,0,201382800.000,0,-,-,-,-,3813.8000,3813.6000,3813.2000,3813.0000,3812.4000,3814.6000,3815.0000,3815.2000,3815.8000,3816.0000,2,5,2,3,4,1,6,1,3,1
SF,IF2009,2020-05-21 09:32:05.800,3813.8000,23626,0,201382800.000,0,-,-,-,-,3814.0000,3813.8000,3813.6000,3813.2000,3813.0000,3814.6000,3815.0000,3815.2000,3815.8000,3816.0000,1,3,4,2,3,1,6,1,3,1
SF,IF2009,2020-05-21 09:32:06.300,3813.8000,23626,0,201382800.000,0,-,-,-,-,3814.0000,3813.8000,3813.6000,3813.2000,3813.0000,3814.6000,3815.0000,3815.2000,3815.8000,3816.0000,1,2,4,2,3,1,6,1,3,1
SF,IF2009,2020-05-21 09:32:06.800,3814.0000,23626,0,202527000.000,1,0,1,多换,S,3814.0000,3813.8000,3813.6000,3813.2000,3813.0000,3814.6000,3815.0000,3815.2000,3815.8000,3816.0000,1,1,4,2,3,1,6,1,3,1
SF,IF2009,2020-05-21 09:32:07.300,3814.0000,23624,-2,204815400.000,2,0,2,双平,S,3814.4000,3813.8000,3813.6000,3813.2000,3813.0000,3815.0000,3815.2000,3815.8000,3816.0000,3816.4000,2,1,4,2,3,6,1,3,1,1
SF,IF2009,2020-05-21 09:32:07.800,3814.4000,23622,-2,207103920.000,2,0,2,双平,S,3813.8000,3813.6000,3813.2000,3813.0000,3812.4000,3814.4000,3814.8000,3815.0000,3815.2000,3815.8000,1,4,1,3,4,2,1,6,1,3
SF,IF2009,2020-05-21 09:32:08.300,3814.4000,23622,0,207103920.000,0,-,-,-,-,3813.8000,3813.6000,3813.2000,3813.0000,3812.4000,3814.8000,3815.0000,3815.2000,3815.8000,3816.0000,1,4,1,3,4,2,6,1,3,1
SF,IF2009,2020-05-21 09:32:08.800,3813.8000,23621,-1,208248060.000,1,0,1,双平,S,3813.6000,3813.2000,3813.0000,3812.4000,3812.2000,3814.6000,3814.8000,3815.0000,3815.2000,3815.8000,4,1,3,4,5,2,1,6,1,3
SF,IF2009,2020-05-21 09:32:09.300,3813.8000,23621,0,208248060.000,0,-,-,-,-,3813.6000,3813.0000,3812.4000,3812.2000,3811.4000,3814.4000,3814.6000,3815.0000,3815.2000,3815.8000,4,3,4,5,3,2,2,6,1,3
SF,IF2009,2020-05-21 09:32:09.800,3813.8000,23621,0,208248060.000,0,-,-,-,-,3813.6000,3813.0000,3812.4000,3812.2000,3811.4000,3814.4000,3814.6000,3815.0000,3815.2000,3815.8000,4,3,4,5,3,2,1,6,1,3
SF,IF2009,2020-05-21 09:32:10.300,3813.6000,23619,-2,210536220.000,2,0,2,双平,S,3813.6000,3813.0000,3812.4000,3812.2000,3811.4000,3814.4000,3814.6000,3815.0000,3815.2000,3815.8000,2,3,4,5,3,2,1,6,1,3
SF,IF2009,2020-05-21 09:32:10.800,3813.6000,23619,0,210536220.000,0,-,-,-,-,3813.6000,3813.0000,3812.4000,3812.2000,3811.4000,3814.2000,3814.4000,3814.6000,3815.0000,3815.2000,2,3,4,5,3,1,1,1,6,1
SF,IF2009,2020-05-21 09:32:11.300,3813.6000,23617,-2,212824380.000,2,0,2,双平,S,3813.0000,3812.4000,3812.2000,3811.4000,3811.2000,3814.2000,3814.6000,3815.0000,3815.2000,3815.8000,3,4,5,3,3,1,1,6,1,3
SF,IF2009,2020-05-21 09:32:11.800,3813.6000,23617,0,212824380.000,0,-,-,-,-,3813.2000,3813.0000,3812.4000,3812.2000,3811.4000,3814.2000,3814.6000,3815.0000,3815.2000,3815.8000,3,3,4,5,3,1,1,6,1,3
SF,IF2009,2020-05-21 09:32:12.300,3813.6000,23617,0,212824380.000,0,-,-,-,-,3813.4000,3813.2000,3813.0000,3812.4000,3812.2000,3814.2000,3814.6000,3815.0000,3815.2000,3815.8000,1,3,3,4,5,1,1,6,1,3
SF,IF2009,2020-05-21 09:32:12.800,3813.6000,23617,0,212824380.000,0,-,-,-,-,3813.2000,3813.0000,3812.4000,3812.2000,3811.4000,3814.0000,3814.2000,3814.6000,3815.0000,3815.2000,2,3,4,5,3,1,1,1,6,1
SF,IF2009,2020-05-21 09:32:13.800,3813.6000,23617,0,212824380.000,0,-,-,-,-,3813.2000,3813.0000,3812.4000,3812.2000,3811.4000,3814.0000,3814.2000,3814.4000,3814.6000,3815.0000,2,3,4,5,3,1,1,1,1,6
SF,IF2009,2020-05-21 09:32:14.300,3813.6000,23617,0,212824380.000,0,-,-,-,-,3813.2000,3813.0000,3812.4000,3812.2000,3811.4000,3814.0000,3814.2000,3814.4000,3814.6000,3815.0000,2,3,4,5,3,2,1,1,1,5
SF,IF2009,2020-05-21 09:32:15.300,3813.2000,23616,-1,213968340.000,1,0,1,双平,S,3813.0000,3812.4000,3812.2000,3811.4000,3811.2000,3813.8000,3814.0000,3814.2000,3814.4000,3814.6000,3,4,5,3,3,2,2,1,1,1
SF,IF2009,2020-05-21 09:32:16.300,3813.0000,23615,-1,217400040.000,3,1,2,多平,S,3812.4000,3812.2000,3811.4000,3811.2000,3810.6000,3813.6000,3813.8000,3814.0000,3814.2000,3814.4000,4,5,2,2,1,2,3,1,1,1
SF,IF2009,2020-05-21 09:32:16.800,3813.0000,23615,0,217400040.000,0,-,-,-,-,3812.4000,3812.2000,3811.4000,3811.2000,3810.6000,3813.6000,3813.8000,3814.0000,3814.4000,3815.0000,4,5,2,2,1,2,2,1,1,5
SF,IF2009,2020-05-21 09:32:17.300,3813.0000,23615,0,217400040.000,0,-,-,-,-,3812.4000,3812.2000,3811.4000,3811.2000,3810.6000,3813.4000,3813.6000,3813.8000,3814.0000,3814.4000,4,5,2,2,1,1,2,2,1,1
SF,IF2009,2020-05-21 09:32:17.800,3813.0000,23615,0,217400040.000,0,-,-,-,-,3812.4000,3812.2000,3811.4000,3811.2000,3810.6000,3813.4000,3813.6000,3813.8000,3814.0000,3814.4000,4,5,2,2,1,1,2,1,1,1
SF,IF2009,2020-05-21 09:32:18.800,3813.0000,23615,0,217400040.000,0,-,-,-,-,3812.4000,3812.2000,3811.4000,3811.2000,3810.6000,3813.2000,3813.4000,3813.6000,3814.0000,3814.4000,4,5,2,2,1,1,2,2,1,1
SF,IF2009,2020-05-21 09:32:19.300,3813.0000,23615,0,217400040.000,0,-,-,-,-,3812.4000,3812.2000,3811.4000,3811.2000,3810.6000,3813.2000,3813.4000,3813.6000,3814.0000,3814.4000,4,5,2,2,1,1,1,2,1,1
SF,IF2009,2020-05-21 09:32:19.800,3813.0000,23615,0,217400040.000,0,-,-,-,-,3812.4000,3812.2000,3811.4000,3811.2000,3810.6000,3813.0000,3813.2000,3813.4000,3813.6000,3814.0000,4,5,2,2,1,1,2,1,2,1
SF,IF2009,2020-05-21 09:32:20.300,3812.4000,23614,-1,219687480.000,2,0,2,多平,S,3812.4000,3812.2000,3811.4000,3811.2000,3810.6000,3813.0000,3813.2000,3813.6000,3814.0000,3814.4000,2,5,2,2,1,4,2,2,1,1
SF,IF2009,2020-05-21 09:32:20.800,3812.2000,23613,-1,223118580.000,3,1,2,多平,S,3812.2000,3811.4000,3811.2000,3810.6000,3810.0000,3812.4000,3812.6000,3813.0000,3813.2000,3813.6000,4,2,2,1,2,1,2,5,1,2
SF,IF2009,2020-05-21 09:32:21.300,3812.2000,23610,-3,226549620.000,3,0,3,双平,S,3812.2000,3811.4000,3811.2000,3810.6000,3810.0000,3813.0000,3813.6000,3814.0000,3814.4000,3814.6000,2,2,2,1,2,5,2,1,1,1
SF,IF2009,2020-05-21 09:32:21.800,3812.2000,23608,-2,228836940.000,2,0,2,双平,S,3811.2000,3810.6000,3810.0000,3806.0000,3805.2000,3812.8000,3813.0000,3813.4000,3813.6000,3814.0000,1,1,2,1,1,2,5,1,2,1
SF,IF2009,2020-05-21 09:32:22.300,3812.2000,23608,0,228836940.000,0,-,-,-,-,3811.4000,3811.2000,3810.6000,3810.0000,3806.0000,3812.8000,3813.0000,3813.4000,3814.0000,3814.4000,1,1,1,2,1,1,4,1,1,1
SF,IF2009,2020-05-21 09:32:22.800,3812.2000,23608,0,228836940.000,0,-,-,-,-,3811.6000,3811.2000,3810.6000,3810.0000,3806.0000,3812.6000,3812.8000,3813.0000,3813.4000,3814.0000,1,1,1,2,1,2,2,3,1,1
SF,IF2009,2020-05-21 09:32:23.300,3812.2000,23608,0,228836940.000,0,-,-,-,-,3811.2000,3810.6000,3810.0000,3806.0000,3805.2000,3812.4000,3812.6000,3812.8000,3813.0000,3813.4000,1,1,2,1,1,1,2,2,3,1
SF,IF2009,2020-05-21 09:32:23.800,3812.2000,23608,0,228836940.000,0,-,-,-,-,3811.2000,3810.6000,3810.0000,3806.0000,3805.2000,3812.4000,3812.8000,3813.0000,3813.4000,3814.0000,1,1,2,1,1,1,1,2,1,1
SF,IF2009,2020-05-21 09:32:24.300,3812.2000,23608,0,228836940.000,0,-,-,-,-,3811.2000,3810.6000,3810.0000,3806.0000,3805.2000,3812.2000,3812.4000,3812.8000,3813.0000,3813.4000,1,1,2,1,1,2,3,1,2,1
SF,IF2009,2020-05-21 09:32:24.800,3812.2000,23608,0,228836940.000,0,-,-,-,-,3811.4000,3811.2000,3810.6000,3810.0000,3806.0000,3812.0000,3812.2000,3812.4000,3812.8000,3813.0000,1,2,1,2,1,1,2,1,1,2
SF,IF2009,2020-05-21 09:32:25.300,3812.2000,23608,0,228836940.000,0,-,-,-,-,3811.2000,3810.6000,3810.0000,3806.0000,3805.2000,3812.0000,3812.2000,3812.4000,3812.8000,3813.0000,1,1,2,1,1,2,2,1,1,2
SF,IF2009,2020-05-21 09:32:25.800,3812.2000,23608,0,228836940.000,0,-,-,-,-,3811.2000,3810.6000,3810.0000,3806.0000,3805.2000,3812.0000,3812.2000,3812.4000,3812.8000,3813.0000,1,1,2,1,1,2,1,1,1,2
SF,IF2009,2020-05-21 09:32:26.300,3812.2000,23608,0,228836940.000,0,-,-,-,-,3811.2000,3810.6000,3810.0000,3806.0000,3805.2000,3811.8000,3812.0000,3812.2000,3812.4000,3812.8000,1,1,2,1,1,1,2,1,1,1
SF,IF2009,2020-05-21 09:32:26.800,3812.2000,23608,0,228836940.000,0,-,-,-,-,3811.2000,3810.6000,3810.0000,3807.6000,3806.0000,3811.8000,3812.0000,3812.2000,3812.4000,3812.8000,1,1,2,1,1,1,1,1,1,2
SF,IF2009,2020-05-21 09:32:27.300,3812.2000,23608,0,228836940.000,0,-,-,-,-,3811.2000,3810.6000,3810.0000,3807.6000,3806.0000,3811.8000,3812.0000,3812.2000,3812.4000,3812.8000,1,1,7,1,1,1,1,1,1,2
SF,IF2009,2020-05-21 09:32:28.800,3812.2000,23608,0,228836940.000,0,-,-,-,-,3811.2000,3810.6000,3810.0000,3807.6000,3806.0000,3811.8000,3812.0000,3812.2000,3812.4000,3812.8000,1,1,7,1,1,1,1,1,1,2
SF,IF2009,2020-05-21 09:32:29.300,3812.2000,23608,0,228836940.000,0,-,-,-,-,3811.2000,3810.6000,3810.0000,3807.6000,3806.0000,3811.8000,3812.0000,3812.4000,3812.8000,3813.0000,1,1,7,1,1,1,1,1,2,1
SF,IF2009,2020-05-21 09:32:29.800,3812.2000,23608,0,228836940.000,0,-,-,-,-,3811.2000,3810.6000,3810.0000,3807.6000,3806.0000,3811.8000,3812.0000,3812.4000,3812.8000,3813.0000,1,1,7,1,1,1,1,1,2,1
SF,IF2009,2020-05-21 09:32:30.300,3812.2000,23608,0,228836940.000,0,-,-,-,-,3811.2000,3810.6000,3810.0000,3807.6000,3806.0000,3811.8000,3812.0000,3812.4000,3812.8000,3813.0000,1,1,7,1,1,2,1,1,1,1
SF,IF2009,2020-05-21 09:32:30.800,3812.2000,23608,0,228836940.000,0,-,-,-,-,3811.2000,3810.6000,3810.0000,3807.6000,3806.0000,3811.8000,3812.0000,3812.4000,3812.8000,3813.0000,1,1,7,1,1,2,1,1,1,1
SF,IF2009,2020-05-21 09:32:31.300,3811.2000,23608,0,229980300.000,1,0,1,多换,S,3810.6000,3810.0000,3807.6000,3806.0000,3805.2000,3811.2000,3811.8000,3812.0000,3812.4000,3812.8000,1,7,1,1,1,1,2,2,1,1
SF,IF2009,2020-05-21 09:32:34.800,3810.6000,23608,0,231123480.000,1,0,1,多换,S,3810.6000,3810.0000,3807.6000,3806.0000,3805.2000,3811.2000,3811.8000,3812.0000,3812.4000,3812.8000,1,7,1,1,1,3,2,2,1,1
SF,IF2009,2020-05-21 09:32:35.300,3811.2000,23608,0,232266840.000,1,0,1,多换,S,3810.6000,3810.0000,3807.6000,3806.0000,3805.2000,3811.2000,3811.8000,3812.0000,3812.4000,3812.8000,1,7,1,1,1,2,1,2,1,1
SF,IF2009,2020-05-21 09:32:35.800,3810.6000,23609,1,233410020.000,1,1,0,双开,S,3810.0000,3807.6000,3806.0000,3805.2000,3805.0000,3811.2000,3811.8000,3812.0000,3812.4000,3812.8000,7,1,1,1,6,2,1,2,1,1
SF,IF2009,2020-05-21 09:32:36.300,3811.2000,23608,-1,235696680.000,2,0,2,多平,S,3810.2000,3810.0000,3807.6000,3806.0000,3805.2000,3811.2000,3811.8000,3812.0000,3812.4000,3812.8000,1,7,1,1,1,1,1,2,1,1
SF,IF2009,2020-05-21 09:32:36.800,3811.2000,23608,0,236840040.000,1,0,1,多换,S,3810.4000,3810.2000,3810.0000,3807.6000,3806.0000,3811.8000,3812.0000,3812.4000,3812.8000,3813.0000,1,1,7,1,1,1,2,1,1,1
SF,IF2009,2020-05-21 09:32:37.300,3811.2000,23608,0,236840040.000,0,-,-,-,-,3810.2000,3810.0000,3807.6000,3806.0000,3805.2000,3811.6000,3811.8000,3812.0000,3812.4000,3812.8000,1,7,1,1,1,1,1,2,1,1
SF,IF2009,2020-05-21 09:32:37.800,3811.2000,23608,0,236840040.000,0,-,-,-,-,3810.2000,3810.0000,3807.6000,3806.0000,3805.2000,3811.0000,3811.2000,3811.4000,3811.6000,3811.8000,1,7,1,1,1,2,6,4,4,2
SF,IF2009,2020-05-21 09:32:38.300,3811.2000,23608,0,236840040.000,0,-,-,-,-,3810.0000,3807.6000,3806.0000,3805.2000,3805.0000,3811.2000,3811.4000,3811.6000,3811.8000,3812.0000,7,1,1,1,6,6,4,3,1,2
SF,IF2009,2020-05-21 09:32:38.800,3811.2000,23608,0,236840040.000,0,-,-,-,-,3810.2000,3810.0000,3807.6000,3806.0000,3805.2000,3811.4000,3811.6000,3811.8000,3812.0000,3812.8000,2,7,1,1,1,3,1,1,2,1
SF,IF2009,2020-05-21 09:32:39.300,3811.2000,23608,0,236840040.000,0,-,-,-,-,3810.2000,3810.0000,3807.6000,3806.0000,3805.2000,3811.0000,3811.4000,3811.6000,3811.8000,3812.0000,1,7,1,1,1,1,2,1,1,2
SF,IF2009,2020-05-21 09:32:39.800,3811.0000,23608,0,237983340.000,1,0,1,多换,S,3811.0000,3810.4000,3810.0000,3807.6000,3806.0000,3811.4000,3811.6000,3811.8000,3812.0000,3812.8000,3,3,7,1,1,1,1,1,2,1
SF,IF2009,2020-05-21 09:32:40.300,3811.4000,23607,-1,242557020.000,4,1,3,多平,S,3811.0000,3810.4000,3810.0000,3807.6000,3806.0000,3812.0000,3812.8000,3814.4000,3815.0000,3815.2000,1,4,7,1,1,2,1,1,5,1
SF,IF2009,2020-05-21 09:32:40.800,3812.0000,23605,-2,244844220.000,2,0,2,双平,S,3811.6000,3811.2000,3811.0000,3810.4000,3810.0000,3812.8000,3814.4000,3815.0000,3815.2000,3815.8000,1,2,3,2,7,1,1,5,1,4
SF,IF2009,2020-05-21 09:32:41.300,3812.0000,23605,0,244844220.000,0,-,-,-,-,3812.0000,3811.6000,3811.2000,3811.0000,3810.4000,3812.4000,3812.8000,3814.4000,3815.0000,3815.8000,1,2,2,1,2,2,1,1,5,4
SF,IF2009,2020-05-21 09:32:41.800,3812.4000,23603,-2,247131660.000,2,0,2,双平,S,3812.4000,3812.0000,3811.6000,3811.2000,3810.4000,3812.8000,3814.4000,3815.0000,3815.8000,3816.0000,1,1,2,1,2,1,1,5,4,2
SF,IF2009,2020-05-21 09:32:42.300,3812.0000,23601,-2,249418980.000,2,0,2,双平,S,3811.6000,3810.4000,3810.0000,3807.6000,3806.0000,3811.8000,3812.2000,3812.4000,3812.8000,3814.4000,2,2,7,1,1,1,1,1,1,1
SF,IF2009,2020-05-21 09:32:42.800,3810.4000,23599,-2,253992540.000,4,1,3,多平,S,3810.4000,3810.0000,3807.6000,3806.0000,3805.2000,3811.0000,3812.2000,3812.4000,3812.6000,3812.8000,1,7,1,1,1,1,1,1,1,2
SF,IF2009,2020-05-21 09:32:43.300,3811.0000,23598,-1,255135840.000,1,0,1,双平,S,3811.0000,3810.6000,3810.4000,3810.0000,3807.6000,3812.4000,3812.6000,3812.8000,3814.4000,3815.0000,4,1,1,7,1,1,1,1,1,5
SF,IF2009,2020-05-21 09:32:43.800,3811.0000,23597,-1,256279140.000,1,0,1,双平,S,3811.0000,3810.4000,3810.0000,3807.6000,3806.0000,3812.0000,3812.2000,3812.4000,3812.6000,3812.8000,1,1,7,1,1,1,1,2,1,1
SF,IF2009,2020-05-21 09:32:44.300,3811.0000,23597,0,256279140.000,0,-,-,-,-,3811.2000,3811.0000,3810.4000,3810.0000,3807.6000,3812.0000,3812.2000,3812.4000,3812.6000,3812.8000,2,1,1,7,1,1,1,2,1,1
SF,IF2009,2020-05-21 09:32:44.800,3811.0000,23597,0,256279140.000,0,-,-,-,-,3811.8000,3811.2000,3811.0000,3810.4000,3810.0000,3812.0000,3812.4000,3812.8000,3814.4000,3815.0000,2,3,1,1,7,1,1,1,1,5
SF,IF2009,2020-05-21 09:32:45.300,3812.0000,23597,0,257422740.000,1,0,1,多换,S,3812.0000,3811.8000,3811.2000,3810.4000,3810.0000,3812.8000,3814.4000,3815.0000,3815.8000,3816.0000,1,2,1,1,7,1,1,5,4,2
SF,IF2009,2020-05-21 09:32:45.800,3812.0000,23597,0,257422740.000,0,-,-,-,-,3811.8000,3810.4000,3810.0000,3807.6000,3806.0000,3812.8000,3814.4000,3815.0000,3815.8000,3816.0000,2,1,7,1,1,2,1,5,4,2
SF,IF2009,2020-05-21 09:32:46.300,3812.0000,23597,0,257422740.000,0,-,-,-,-,3811.8000,3810.4000,3810.0000,3807.6000,3806.0000,3812.4000,3812.6000,3812.8000,3814.4000,3815.0000,2,1,7,1,1,2,2,2,1,5
SF,IF2009,2020-05-21 09:32:46.800,3812.0000,23597,0,257422740.000,0,-,-,-,-,3811.8000,3810.4000,3810.0000,3807.6000,3806.0000,3812.6000,3812.8000,3814.4000,3815.0000,3815.8000,2,1,7,1,1,2,2,1,5,4
SF,IF2009,2020-05-21 09:32:47.300,3812.0000,23597,0,257422740.000,0,-,-,-,-,3811.8000,3810.4000,3810.0000,3807.6000,3806.0000,3812.4000,3812.6000,3812.8000,3814.4000,3815.0000,2,1,7,1,1,1,1,2,1,5
SF,IF2009,2020-05-21 09:32:47.800,3812.0000,23597,0,257422740.000,0,-,-,-,-,3812.0000,3811.8000,3810.4000,3810.0000,3807.6000,3812.6000,3812.8000,3814.4000,3815.0000,3815.8000,1,2,1,7,1,1,2,1,5,4
SF,IF2009,2020-05-21 09:32:48.300,3812.0000,23597,0,257422740.000,0,-,-,-,-,3811.8000,3810.4000,3810.0000,3807.6000,3806.0000,3812.8000,3814.4000,3815.0000,3815.8000,3816.0000,2,1,8,1,1,1,1,5,4,2
SF,IF2009,2020-05-21 09:32:48.800,3812.0000,23597,0,257422740.000,0,-,-,-,-,3811.8000,3810.4000,3810.0000,3807.6000,3806.0000,3812.2000,3812.4000,3812.6000,3812.8000,3814.4000,2,1,8,1,1,2,7,2,2,1
SF,IF2009,2020-05-21 09:32:49.300,3812.0000,23597,0,257422740.000,0,-,-,-,-,3812.2000,3812.0000,3811.8000,3810.4000,3810.0000,3812.8000,3814.4000,3815.0000,3815.8000,3816.0000,4,2,2,1,8,1,1,5,4,2
SF,IF2009,2020-05-21 09:32:49.800,3812.0000,23597,0,257422740.000,0,-,-,-,-,3811.8000,3810.4000,3810.0000,3807.6000,3806.0000,3812.8000,3813.4000,3814.4000,3815.0000,3815.8000,2,1,8,1,1,1,1,1,5,4
SF,IF2009,2020-05-21 09:32:50.300,3812.0000,23597,0,257422740.000,0,-,-,-,-,3811.8000,3810.6000,3810.4000,3810.0000,3807.6000,3812.8000,3813.4000,3814.4000,3815.0000,3815.8000,2,1,1,8,1,2,1,1,5,4
SF,IF2009,2020-05-21 09:32:50.800,3812.0000,23597,0,257422740.000,0,-,-,-,-,3811.8000,3810.6000,3810.4000,3810.0000,3807.6000,3812.8000,3813.4000,3814.4000,3815.0000,3815.8000,2,1,1,8,1,3,1,1,5,4
SF,IF2009,2020-05-21 09:32:51.300,3812.0000,23597,0,257422740.000,0,-,-,-,-,3812.0000,3811.8000,3810.6000,3810.4000,3810.0000,3812.8000,3813.4000,3814.4000,3815.0000,3815.8000,2,2,1,1,8,3,1,1,5,4
SF,IF2009,2020-05-21 09:32:51.800,3812.0000,23597,0,257422740.000,0,-,-,-,-,3812.0000,3811.8000,3810.6000,3810.4000,3810.0000,3812.8000,3813.4000,3814.4000,3815.0000,3815.8000,1,2,1,1,8,2,1,1,5,4
SF,IF2009,2020-05-21 09:32:52.300,3812.0000,23597,0,257422740.000,0,-,-,-,-,3811.8000,3810.6000,3810.4000,3810.0000,3807.6000,3812.6000,3812.8000,3813.4000,3814.4000,3815.0000,2,1,1,8,1,1,2,1,1,5
SF,IF2009,2020-05-21 09:32:52.800,3812.0000,23597,0,257422740.000,0,-,-,-,-,3812.0000,3811.8000,3810.6000,3810.4000,3810.0000,3812.8000,3813.4000,3814.4000,3815.0000,3815.8000,1,2,1,1,8,1,1,1,5,4
SF,IF2009,2020-05-21 09:32:53.300,3812.0000,23597,0,257422740.000,0,-,-,-,-,3811.8000,3810.6000,3810.4000,3810.0000,3807.6000,3812.6000,3812.8000,3813.4000,3814.4000,3815.0000,2,1,1,8,1,1,1,1,1,5
SF,IF2009,2020-05-21 09:32:53.800,3812.0000,23597,0,257422740.000,0,-,-,-,-,3812.0000,3811.8000,3810.6000,3810.4000,3810.0000,3812.6000,3812.8000,3813.4000,3814.4000,3815.0000,1,2,1,1,8,1,1,1,1,1
SF,IF2009,2020-05-21 09:32:54.300,3812.0000,23597,0,257422740.000,0,-,-,-,-,3811.8000,3810.6000,3810.4000,3810.0000,3807.6000,3812.8000,3813.4000,3814.4000,3815.0000,3815.8000,2,1,1,8,1,1,1,1,1,4
SF,IF2009,2020-05-21 09:32:54.800,3812.0000,23597,0,257422740.000,0,-,-,-,-,3811.8000,3810.6000,3810.4000,3810.0000,3807.6000,3812.8000,3813.4000,3814.4000,3815.0000,3815.8000,2,1,1,8,1,3,1,1,1,4
SF,IF2009,2020-05-21 09:32:55.300,3812.0000,23597,0,257422740.000,0,-,-,-,-,3811.8000,3810.6000,3810.4000,3810.0000,3807.6000,3812.6000,3812.8000,3813.4000,3814.4000,3815.0000,2,1,1,8,1,1,2,1,1,1
SF,IF2009,2020-05-21 09:32:55.800,3812.0000,23597,0,257422740.000,0,-,-,-,-,3811.8000,3810.6000,3810.4000,3810.0000,3807.6000,3812.6000,3812.8000,3813.4000,3814.4000,3815.0000,2,1,1,8,1,1,1,1,1,1
SF,IF2009,2020-05-21 09:32:56.300,3812.0000,23597,0,257422740.000,0,-,-,-,-,3811.8000,3810.6000,3810.4000,3810.0000,3807.6000,3812.6000,3812.8000,3813.4000,3814.4000,3815.0000,2,1,1,8,1,2,1,1,1,1
SF,IF2009,2020-05-21 09:32:56.800,3812.0000,23597,0,257422740.000,0,-,-,-,-,3812.0000,3811.8000,3810.6000,3810.4000,3810.0000,3812.6000,3812.8000,3813.4000,3814.4000,3815.0000,1,2,1,1,8,1,1,1,1,1
SF,IF2009,2020-05-21 09:32:57.300,3812.0000,23597,0,257422740.000,0,-,-,-,-,3811.8000,3810.6000,3810.4000,3810.0000,3807.6000,3812.4000,3812.8000,3813.4000,3814.4000,3815.0000,2,1,1,8,1,1,1,1,1,1
SF,IF2009,2020-05-21 09:32:57.800,3812.0000,23597,0,257422740.000,0,-,-,-,-,3811.8000,3810.6000,3810.4000,3810.2000,3810.0000,3812.4000,3812.8000,3813.4000,3814.4000,3815.0000,2,1,1,1,8,1,1,1,1,1
SF,IF2009,2020-05-21 09:32:58.300,3812.0000,23597,0,257422740.000,0,-,-,-,-,3811.8000,3810.6000,3810.4000,3810.2000,3810.0000,3812.8000,3813.4000,3814.4000,3815.0000,3815.8000,2,1,1,1,8,1,1,1,1,4
SF,IF2009,2020-05-21 09:32:58.800,3811.8000,23597,0,258566280.000,1,0,1,多换,S,3811.8000,3810.6000,3810.4000,3810.2000,3810.0000,3812.6000,3812.8000,3813.4000,3814.4000,3815.0000,1,1,1,1,8,1,2,1,1,1
SF,IF2009,2020-05-21 09:32:59.300,3811.8000,23597,0,259709820.000,1,0,1,多换,S,3810.6000,3810.4000,3810.2000,3810.0000,3807.6000,3811.8000,3812.0000,3812.6000,3812.8000,3813.4000,1,1,1,8,1,1,1,3,2,1
SF,IF2009,2020-05-21 09:32:59.800,3811.8000,23597,0,259709820.000,0,-,-,-,-,3810.8000,3810.6000,3810.4000,3810.2000,3810.0000,3812.0000,3812.6000,3812.8000,3813.4000,3814.4000,2,1,1,1,8,1,2,2,1,1
SF,IF2009,2020-05-21 09:33:00.300,3811.8000,23597,0,259709820.000,0,-,-,-,-,3810.8000,3810.6000,3810.4000,3810.2000,3810.0000,3811.8000,3812.0000,3812.6000,3812.8000,3813.4000,2,1,1,1,8,1,1,1,2,1
SF,IF2009,2020-05-21 09:33:00.800,3811.8000,23597,0,259709820.000,0,-,-,-,-,3811.8000,3811.0000,3810.8000,3810.6000,3810.4000,3812.0000,3812.8000,3813.4000,3814.4000,3815.0000,1,2,1,1,1,1,2,1,1,1
SF,IF2009,2020-05-21 09:33:01.300,3811.8000,23597,0,260853360.000,1,0,1,多换,S,3811.0000,3810.8000,3810.6000,3810.4000,3810.2000,3812.0000,3812.8000,3813.4000,3814.4000,3815.0000,1,1,1,1,1,1,2,1,1,1
SF,IF2009,2020-05-21 09:33:01.800,3811.8000,23597,0,260853360.000,0,-,-,-,-,3811.2000,3811.0000,3810.8000,3810.6000,3810.4000,3812.0000,3812.8000,3813.4000,3814.4000,3815.0000,2,1,1,1,1,1,1,1,1,1
SF,IF2009,2020-05-21 09:33:02.300,3811.8000,23597,0,260853360.000,0,-,-,-,-,3811.2000,3810.6000,3810.4000,3810.2000,3810.0000,3812.0000,3812.8000,3813.4000,3814.4000,3815.0000,1,1,1,1,8,3,1,1,1,1
SF,IF2009,2020-05-21 09:33:02.800,3811.8000,23597,0,260853360.000,0,-,-,-,-,3810.6000,3810.4000,3810.2000,3810.0000,3807.6000,3812.0000,3812.8000,3813.4000,3814.4000,3815.0000,1,1,1,8,1,1,1,1,1,1
SF,IF2009,2020-05-21 09:33:03.300,3811.8000,23597,0,260853360.000,0,-,-,-,-,3810.8000,3810.6000,3810.4000,3810.2000,3810.0000,3812.0000,3812.8000,3813.4000,3814.4000,3815.0000,5,1,1,1,8,1,1,1,1,1
SF,IF2009,2020-05-21 09:33:03.800,3811.8000,23597,0,260853360.000,0,-,-,-,-,3810.8000,3810.6000,3810.4000,3810.2000,3810.0000,3812.0000,3812.8000,3813.4000,3814.4000,3815.0000,3,1,1,1,8,1,1,1,1,1
SF,IF2009,2020-05-21 09:33:04.300,3811.8000,23597,0,260853360.000,0,-,-,-,-,3811.0000,3810.8000,3810.6000,3810.4000,3810.2000,3812.0000,3812.8000,3813.4000,3814.4000,3815.0000,3,3,2,1,1,1,1,1,1,1
SF,IF2009,2020-05-21 09:33:04.800,3811.8000,23597,0,260853360.000,0,-,-,-,-,3811.2000,3811.0000,3810.8000,3810.6000,3810.4000,3812.0000,3812.8000,3813.4000,3814.4000,3815.0000,2,4,1,1,1,1,1,1,1,1
SF,IF2009,2020-05-21 09:33:05.300,3811.8000,23597,0,260853360.000,0,-,-,-,-,3811.2000,3811.0000,3810.8000,3810.6000,3810.2000,3812.0000,3812.8000,3813.4000,3814.4000,3815.0000,2,4,1,1,1,1,1,1,1,1
SF,IF2009,2020-05-21 09:33:05.800,3811.8000,23597,0,260853360.000,0,-,-,-,-,3811.4000,3811.2000,3811.0000,3810.8000,3810.6000,3812.0000,3812.8000,3813.4000,3814.4000,3815.0000,1,2,2,1,1,1,1,1,1,1
SF,IF2009,2020-05-21 09:33:06.300,3812.0000,23597,0,263140560.000,2,1,1,多换,S,3811.4000,3811.0000,3810.8000,3810.6000,3810.2000,3812.8000,3813.4000,3814.4000,3815.0000,3815.8000,1,2,1,1,1,1,1,1,1,4
SF,IF2009,2020-05-21 09:33:06.800,3812.0000,23597,0,263140560.000,0,-,-,-,-,3811.0000,3810.8000,3810.6000,3810.2000,3810.0000,3812.6000,3812.8000,3813.4000,3814.4000,3815.0000,2,1,1,1,8,2,1,1,1,1
SF,IF2009,2020-05-21 09:33:07.300,3812.0000,23597,0,263140560.000,0,-,-,-,-,3811.2000,3811.0000,3810.8000,3810.6000,3810.2000,3812.8000,3813.4000,3814.4000,3815.0000,3815.8000,1,2,1,1,1,1,1,1,1,4
SF,IF2009,2020-05-21 09:33:07.800,3811.4000,23596,-1,264283980.000,1,0,1,双平,S,3811.0000,3810.8000,3810.6000,3810.2000,3810.0000,3812.6000,3812.8000,3813.4000,3814.4000,3815.0000,2,1,1,1,8,1,1,1,1,1
SF,IF2009,2020-05-21 09:33:08.300,3812.4000,23596,0,265427700.000,1,0,1,多换,S,3811.2000,3811.0000,3810.8000,3810.6000,3810.2000,3812.8000,3813.4000,3814.4000,3815.0000,3815.8000,2,2,1,1,1,1,1,1,1,4
SF,IF2009,2020-05-21 09:33:08.800,3812.4000,23596,0,265427700.000,0,-,-,-,-,3811.4000,3811.2000,3811.0000,3810.8000,3810.6000,3812.8000,3813.4000,3814.4000,3815.0000,3815.8000,1,3,1,1,1,1,1,1,1,4
SF,IF2009,2020-05-21 09:33:09.300,3812.4000,23596,0,265427700.000,0,-,-,-,-,3811.6000,3811.4000,3811.2000,3811.0000,3810.6000,3812.6000,3812.8000,3813.4000,3814.4000,3815.0000,1,1,2,2,1,1,2,1,1,1
SF,IF2009,2020-05-21 09:33:09.800,3812.4000,23596,0,265427700.000,0,-,-,-,-,3811.4000,3811.2000,3811.0000,3810.6000,3810.2000,3812.4000,3812.8000,3813.4000,3814.4000,3815.0000,1,1,2,1,1,1,1,1,1,1
SF,IF2009,2020-05-21 09:33:10.300,3812.4000,23596,0,265427700.000,0,-,-,-,-,3811.8000,3811.4000,3811.2000,3811.0000,3810.6000,3812.4000,3812.8000,3813.4000,3814.4000,3815.0000,1,2,1,2,1,4,1,1,1,1
SF,IF2009,2020-05-21 09:33:10.800,3812.4000,23596,0,265427700.000,0,-,-,-,-,3811.8000,3811.6000,3811.4000,3811.0000,3810.6000,3812.4000,3812.8000,3813.4000,3814.4000,3815.0000,1,1,2,2,1,3,1,1,1,1
SF,IF2009,2020-05-21 09:33:11.300,3812.4000,23592,-4,270002580.000,4,0,4,双平,S,3811.8000,3811.4000,3811.0000,3810.6000,3810.2000,3812.8000,3813.4000,3814.4000,3815.0000,3815.8000,1,2,2,1,1,1,1,1,1,4
SF,IF2009,2020-05-21 09:33:11.800,3812.4000,23592,0,270002580.000,0,-,-,-,-,3811.8000,3811.4000,3811.0000,3810.6000,3810.2000,3812.8000,3813.4000,3814.4000,3815.0000,3815.8000,3,2,2,1,1,1,1,1,1,4
SF,IF2009,2020-05-21 09:33:12.300,3812.4000,23592,0,270002580.000,0,-,-,-,-,3812.0000,3811.8000,3811.4000,3811.0000,3810.6000,3812.8000,3813.4000,3814.4000,3815.0000,3815.8000,2,2,2,2,1,1,1,1,1,4
SF,IF2009,2020-05-21 09:33:12.800,3812.4000,23592,0,270002580.000,0,-,-,-,-,3812.0000,3811.8000,3811.4000,3811.0000,3810.6000,3812.8000,3813.4000,3814.4000,3815.0000,3815.8000,3,2,2,1,1,1,1,1,1,4
SF,IF2009,2020-05-21 09:33:13.300,3812.4000,23592,0,270002580.000,0,-,-,-,-,3812.0000,3811.8000,3811.4000,3811.0000,3810.6000,3812.8000,3813.4000,3814.4000,3815.0000,3815.8000,1,2,2,1,1,1,1,1,1,4
SF,IF2009,2020-05-21 09:33:13.800,3812.4000,23592,0,270002580.000,0,-,-,-,-,3811.8000,3811.4000,3811.0000,3810.6000,3810.2000,3812.8000,3813.4000,3814.4000,3815.0000,3815.8000,1,1,1,1,1,1,1,1,2,4
SF,IF2009,2020-05-21 09:33:14.800,3812.4000,23592,0,270002580.000,0,-,-,-,-,3812.0000,3811.8000,3811.4000,3811.0000,3810.6000,3812.8000,3813.4000,3814.4000,3815.0000,3815.8000,2,2,1,1,1,1,1,1,2,4
SF,IF2009,2020-05-21 09:33:15.300,3812.4000,23592,0,270002580.000,0,-,-,-,-,3812.0000,3811.8000,3811.4000,3811.0000,3810.6000,3812.8000,3813.4000,3814.4000,3815.0000,3815.8000,2,3,1,1,1,1,1,1,2,4
SF,IF2009,2020-05-21 09:33:15.800,3812.4000,23592,0,270002580.000,0,-,-,-,-,3812.0000,3811.8000,3811.4000,3811.0000,3810.6000,3812.8000,3813.4000,3814.4000,3815.0000,3815.8000,2,2,1,1,1,3,1,1,2,4
SF,IF2009,2020-05-21 09:33:16.300,3812.0000,23591,-1,271146180.000,1,0,1,双平,S,3811.8000,3811.4000,3811.0000,3810.6000,3810.2000,3812.8000,3813.4000,3814.4000,3815.0000,3815.8000,2,1,1,1,1,2,1,1,2,4
SF,IF2009,2020-05-21 09:33:16.800,3812.0000,23591,0,271146180.000,0,-,-,-,-,3811.8000,3811.4000,3811.0000,3810.6000,3810.2000,3812.8000,3813.4000,3814.4000,3815.0000,3815.8000,1,1,1,1,1,2,1,1,2,4
SF,IF2009,2020-05-21 09:33:17.300,3812.0000,23591,0,271146180.000,0,-,-,-,-,3811.8000,3811.4000,3811.0000,3810.6000,3810.2000,3812.6000,3812.8000,3813.4000,3814.4000,3815.0000,1,1,1,1,1,3,1,1,1,2
SF,IF2009,2020-05-21 09:33:17.800,3812.0000,23591,0,271146180.000,0,-,-,-,-,3811.8000,3811.4000,3811.0000,3810.6000,3810.2000,3812.6000,3812.8000,3813.4000,3814.4000,3815.0000,1,1,1,1,1,3,1,1,1,2
SF,IF2009,2020-05-21 09:33:18.300,3812.0000,23591,0,271146180.000,0,-,-,-,-,3811.8000,3811.4000,3811.0000,3810.6000,3810.2000,3812.6000,3812.8000,3813.4000,3814.0000,3814.4000,1,1,1,1,1,2,1,1,1,1
SF,IF2009,2020-05-21 09:33:19.300,3812.0000,23591,0,271146180.000,0,-,-,-,-,3811.8000,3811.4000,3811.0000,3810.6000,3810.2000,3812.6000,3812.8000,3813.4000,3814.0000,3814.4000,2,1,1,1,1,2,1,1,1,1
SF,IF2009,2020-05-21 09:33:19.800,3812.0000,23591,0,271146180.000,0,-,-,-,-,3811.8000,3811.4000,3811.0000,3810.6000,3810.2000,3812.8000,3813.4000,3814.0000,3814.4000,3815.0000,2,1,1,1,1,1,1,1,1,2
SF,IF2009,2020-05-21 09:33:20.800,3812.0000,23591,0,271146180.000,0,-,-,-,-,3811.8000,3811.4000,3811.2000,3811.0000,3810.2000,3812.8000,3813.4000,3814.0000,3814.4000,3815.0000,1,1,1,1,1,1,1,1,1,2
SF,IF2009,2020-05-21 09:33:21.300,3812.0000,23591,0,271146180.000,0,-,-,-,-,3812.0000,3811.8000,3811.4000,3811.2000,3811.0000,3812.8000,3813.4000,3814.0000,3814.4000,3815.0000,1,2,1,1,1,1,1,1,1,2
SF,IF2009,2020-05-21 09:33:21.800,3812.0000,23591,0,271146180.000,0,-,-,-,-,3812.0000,3811.8000,3811.4000,3811.2000,3811.0000,3812.8000,3813.4000,3814.0000,3814.4000,3815.0000,1,1,1,1,1,1,1,1,1,2
SF,IF2009,2020-05-21 09:33:23.300,3812.0000,23591,0,271146180.000,0,-,-,-,-,3812.0000,3811.8000,3811.4000,3811.2000,3811.0000,3812.8000,3813.4000,3814.0000,3814.4000,3815.0000,1,1,1,1,1,1,1,1,1,2
SF,IF2009,2020-05-21 09:33:24.300,3812.0000,23591,0,272289780.000,1,0,1,多换,S,3811.8000,3811.4000,3811.2000,3811.0000,3810.2000,3812.8000,3813.4000,3814.0000,3814.4000,3815.0000,1,1,1,1,1,1,1,1,1,2
SF,IF2009,2020-05-21 09:33:24.800,3812.0000,23591,0,272289780.000,0,-,-,-,-,3811.8000,3811.4000,3811.2000,3811.0000,3810.2000,3812.8000,3813.4000,3814.0000,3814.4000,3815.0000,1,1,1,6,1,1,1,1,1,2
SF,IF2009,2020-05-21 09:33:26.800,3812.0000,23591,0,272289780.000,0,-,-,-,-,3811.8000,3811.4000,3811.2000,3811.0000,3810.2000,3812.6000,3812.8000,3813.4000,3814.0000,3814.4000,1,1,1,6,1,2,1,1,1,1
SF,IF2009,2020-05-21 09:33:27.300,3812.0000,23591,0,272289780.000,0,-,-,-,-,3811.8000,3811.4000,3811.2000,3811.0000,3810.2000,3812.6000,3812.8000,3813.0000,3813.4000,3814.0000,1,1,1,6,1,2,1,1,1,1
SF,IF2009,2020-05-21 09:33:27.800,3811.8000,23591,0,273433320.000,1,0,1,多换,S,3811.4000,3811.2000,3811.0000,3810.2000,3810.0000,3812.6000,3812.8000,3813.0000,3813.4000,3814.0000,1,1,6,1,8,2,1,1,1,1
SF,IF2009,2020-05-21 09:33:28.300,3811.8000,23591,0,273433320.000,0,-,-,-,-,3811.2000,3811.0000,3810.2000,3810.0000,3807.6000,3812.6000,3812.8000,3813.0000,3813.4000,3814.0000,1,6,1,8,1,2,1,1,1,1
SF,IF2009,2020-05-21 09:33:28.800,3811.8000,23591,0,273433320.000,0,-,-,-,-,3811.4000,3811.2000,3811.0000,3810.2000,3810.0000,3812.8000,3813.0000,3813.4000,3814.0000,3814.4000,2,1,6,1,8,1,1,1,1,1
SF,IF2009,2020-05-21 09:33:29.300,3811.8000,23591,0,273433320.000,0,-,-,-,-,3811.4000,3811.2000,3811.0000,3810.2000,3810.0000,3812.6000,3812.8000,3813.0000,3813.4000,3814.0000,2,1,6,1,8,3,1,1,1,1
SF,IF2009,2020-05-21 09:33:30.300,3811.8000,23591,0,273433320.000,0,-,-,-,-,3811.4000,3811.2000,3811.0000,3810.2000,3810.0000,3812.6000,3812.8000,3813.0000,3813.4000,3814.0000,1,1,6,1,8,3,1,1,1,1
SF,IF2009,2020-05-21 09:33:41.800,3811.8000,23591,0,273433320.000,0,-,-,-,-,3811.4000,3811.2000,3811.0000,3810.2000,3810.0000,3812.6000,3812.8000,3813.0000,3813.4000,3814.0000,1,1,6,1,8,1,1,1,1,1
SF,IF2009,2020-05-21 09:33:44.300,3811.4000,23591,0,274576740.000,1,0,1,多换,S,3811.4000,3811.2000,3811.0000,3810.2000,3810.0000,3812.6000,3812.8000,3813.0000,3813.4000,3814.0000,1,1,6,1,8,1,1,1,1,1
SF,IF2009,2020-05-21 09:33:44.800,3811.4000,23591,0,274576740.000,0,-,-,-,-,3811.6000,3811.4000,3811.2000,3811.0000,3810.2000,3812.6000,3812.8000,3813.0000,3813.4000,3814.0000,1,1,1,6,1,1,1,1,1,1
SF,IF2009,2020-05-21 09:33:45.300,3811.4000,23591,0,274576740.000,0,-,-,-,-,3811.6000,3811.4000,3811.2000,3811.0000,3810.2000,3812.6000,3812.8000,3813.0000,3813.4000,3814.0000,1,1,1,6,1,1,1,1,1,1
SF,IF2009,2020-05-21 09:33:45.800,3811.4000,23591,0,274576740.000,0,-,-,-,-,3811.6000,3811.2000,3811.0000,3810.2000,3810.0000,3812.6000,3812.8000,3813.0000,3813.4000,3814.0000,1,1,6,1,7,1,1,1,1,1
SF,IF2009,2020-05-21 09:33:46.800,3811.4000,23591,0,274576740.000,0,-,-,-,-,3811.2000,3811.0000,3810.2000,3810.0000,3807.6000,3812.6000,3812.8000,3813.0000,3813.4000,3814.0000,1,6,1,7,1,1,1,1,1,1
SF,IF2009,2020-05-21 09:33:47.300,3811.4000,23591,0,274576740.000,0,-,-,-,-,3811.2000,3811.0000,3810.2000,3810.0000,3807.6000,3812.4000,3812.6000,3812.8000,3813.0000,3813.4000,1,6,1,7,1,3,1,1,1,1
SF,IF2009,2020-05-21 09:33:47.800,3811.4000,23591,0,274576740.000,0,-,-,-,-,3811.4000,3811.2000,3811.0000,3810.2000,3810.0000,3812.4000,3812.8000,3813.0000,3813.4000,3814.0000,1,2,6,1,7,3,1,1,1,1
SF,IF2009,2020-05-21 09:33:48.800,3811.4000,23591,0,274576740.000,0,-,-,-,-,3811.4000,3811.2000,3811.0000,3810.2000,3810.0000,3812.4000,3812.8000,3813.0000,3813.4000,3814.0000,1,2,6,1,7,2,1,1,1,1
SF,IF2009,2020-05-21 09:33:49.300,3811.4000,23591,0,274576740.000,0,-,-,-,-,3811.2000,3811.0000,3810.2000,3810.0000,3807.6000,3812.2000,3812.8000,3813.0000,3813.4000,3814.0000,2,6,1,7,1,3,1,1,1,1
SF,IF2009,2020-05-21 09:33:49.800,3811.4000,23591,0,274576740.000,0,-,-,-,-,3811.2000,3811.0000,3810.2000,3810.0000,3807.6000,3812.2000,3812.8000,3813.0000,3813.4000,3814.0000,1,6,1,7,1,3,1,1,1,1
SF,IF2009,2020-05-21 09:33:51.300,3811.2000,23592,1,275720100.000,1,1,0,双开,S,3811.0000,3810.2000,3810.0000,3807.6000,3806.0000,3812.0000,3812.2000,3812.8000,3813.0000,3813.4000,6,1,7,1,1,2,1,1,1,1
SF,IF2009,2020-05-21 09:33:51.800,3811.2000,23592,0,275720100.000,0,-,-,-,-,3811.0000,3810.2000,3810.0000,3807.6000,3806.0000,3812.0000,3812.8000,3813.0000,3813.4000,3814.0000,6,1,7,1,1,2,1,1,1,1
SF,IF2009,2020-05-21 09:33:52.300,3811.2000,23592,0,275720100.000,0,-,-,-,-,3811.0000,3810.2000,3810.0000,3807.6000,3806.0000,3811.8000,3812.8000,3813.0000,3813.4000,3814.0000,6,1,7,1,1,3,1,1,1,1
SF,IF2009,2020-05-21 09:33:53.300,3811.2000,23592,0,275720100.000,0,-,-,-,-,3811.0000,3810.2000,3810.0000,3807.6000,3806.0000,3811.2000,3811.8000,3812.8000,3813.0000,3813.4000,6,1,7,1,1,4,3,1,1,1
SF,IF2009,2020-05-21 09:33:53.800,3811.2000,23591,-1,276863460.000,1,0,1,双平,S,3811.0000,3810.2000,3810.0000,3807.6000,3806.0000,3811.2000,3811.8000,3812.8000,3813.0000,3813.4000,6,1,7,1,1,3,1,1,1,1
SF,IF2009,2020-05-21 09:33:54.300,3811.2000,23591,0,276863460.000,0,-,-,-,-,3811.0000,3810.0000,3807.6000,3806.0000,3805.2000,3811.2000,3811.8000,3812.8000,3813.0000,3813.4000,6,7,1,1,1,3,1,1,1,1
SF,IF2009,2020-05-21 09:33:55.300,3811.0000,23592,1,279150060.000,2,1,1,空开,S,3811.0000,3810.0000,3807.6000,3806.0000,3805.2000,3811.2000,3811.8000,3812.8000,3813.0000,3813.4000,4,7,1,1,1,3,1,1,1,1
SF,IF2009,2020-05-21 09:33:55.800,3811.0000,23589,-3,283723260.000,4,0,4,多平,S,3810.0000,3807.6000,3806.0000,3805.2000,3805.0000,3811.0000,3811.2000,3811.8000,3812.8000,3813.0000,7,1,1,1,6,2,3,1,1,1
SF,IF2009,2020-05-21 09:33:56.300,3811.0000,23589,0,283723260.000,0,-,-,-,-,3810.2000,3810.0000,3807.6000,3806.0000,3805.2000,3810.8000,3811.0000,3811.2000,3812.8000,3813.0000,2,7,1,1,1,2,1,3,1,1
SF,IF2009,2020-05-21 09:33:56.800,3811.0000,23589,0,283723260.000,0,-,-,-,-,3810.0000,3807.6000,3806.0000,3805.2000,3805.0000,3810.6000,3810.8000,3811.0000,3811.2000,3812.8000,7,1,1,1,6,1,4,1,3,1
SF,IF2009,2020-05-21 09:33:57.300,3810.0000,23589,0,284866260.000,1,0,1,多换,S,3810.0000,3807.6000,3806.0000,3805.2000,3805.0000,3810.6000,3810.8000,3811.0000,3811.2000,3812.8000,6,1,1,1,6,1,2,1,3,1
SF,IF2009,2020-05-21 09:33:57.800,3810.0000,23589,0,286009260.000,1,0,1,多换,S,3810.0000,3807.6000,3806.0000,3805.2000,3805.0000,3810.6000,3810.8000,3811.0000,3811.2000,3812.8000,5,1,1,1,6,1,1,1,3,1
SF,IF2009,2020-05-21 09:33:58.300,3810.0000,23589,0,286009260.000,0,-,-,-,-,3810.0000,3807.6000,3806.0000,3805.2000,3805.0000,3810.6000,3811.0000,3811.2000,3812.8000,3813.0000,5,1,1,1,6,1,1,3,1,1
SF,IF2009,2020-05-21 09:33:59.300,3810.0000,23589,0,290581260.000,4,2,2,多换,S,3810.0000,3807.6000,3806.0000,3805.2000,3805.0000,3810.6000,3811.0000,3811.2000,3812.8000,3813.0000,1,1,1,1,6,1,1,3,1,1
SF,IF2009,2020-05-21 09:33:59.800,3810.0000,23589,0,291724260.000,1,0,1,多换,S,3807.6000,3806.0000,3805.2000,3805.0000,3803.8000,3809.8000,3810.0000,3810.6000,3811.2000,3812.8000,1,1,1,6,2,1,4,1,3,1
SF,IF2009,2020-05-21 09:34:00.300,3810.0000,23589,0,291724260.000,0,-,-,-,-,3808.8000,3808.6000,3808.4000,3808.2000,3808.0000,3809.8000,3811.2000,3812.8000,3813.0000,3813.4000,2,4,1,4,6,1,3,1,1,1
SF,IF2009,2020-05-21 09:34:00.800,3810.0000,23589,0,291724260.000,0,-,-,-,-,3809.0000,3808.6000,3808.4000,3808.2000,3808.0000,3809.8000,3811.2000,3812.8000,3813.0000,3813.4000,4,1,1,3,7,1,3,1,1,1
SF,IF2009,2020-05-21 09:34:01.300,3809.8000,23589,0,292867200.000,1,0,1,多换,S,3809.0000,3808.6000,3808.4000,3808.2000,3808.0000,3811.2000,3812.8000,3813.0000,3813.4000,3814.0000,4,1,1,3,7,3,1,1,1,1
SF,IF2009,2020-05-21 09:34:01.800,3809.8000,23589,0,292867200.000,0,-,-,-,-,3809.0000,3808.6000,3808.4000,3808.2000,3808.0000,3810.8000,3811.0000,3811.2000,3812.8000,3813.0000,4,1,1,3,5,2,2,3,1,1
SF,IF2009,2020-05-21 09:34:02.300,3809.8000,23589,0,292867200.000,0,-,-,-,-,3809.2000,3809.0000,3808.6000,3808.4000,3808.2000,3810.8000,3811.0000,3811.2000,3812.8000,3813.0000,5,4,1,1,3,2,1,3,1,1
SF,IF2009,2020-05-21 09:34:02.800,3809.8000,23589,0,292867200.000,0,-,-,-,-,3809.6000,3809.4000,3809.2000,3809.0000,3808.8000,3810.6000,3811.0000,3811.2000,3812.8000,3813.0000,1,2,5,1,1,1,1,3,1,1
SF,IF2009,2020-05-21 09:34:03.300,3809.8000,23589,0,292867200.000,0,-,-,-,-,3809.4000,3809.2000,3809.0000,3808.6000,3808.4000,3810.6000,3811.0000,3811.2000,3812.8000,3813.0000,2,2,1,1,1,1,1,3,1,1
SF,IF2009,2020-05-21 09:34:03.800,3809.8000,23589,0,292867200.000,0,-,-,-,-,3809.4000,3809.2000,3809.0000,3808.6000,3808.4000,3810.4000,3810.6000,3811.0000,3811.2000,3812.8000,2,2,1,1,1,2,1,1,3,1
SF,IF2009,2020-05-21 09:34:04.300,3809.8000,23589,0,292867200.000,0,-,-,-,-,3809.4000,3809.2000,3809.0000,3808.8000,3808.6000,3810.2000,3810.4000,3811.0000,3811.2000,3812.8000,1,2,1,1,1,1,2,1,3,1
SF,IF2009,2020-05-21 09:34:04.800,3809.4000,23589,0,294010020.000,1,0,1,多换,S,3809.2000,3808.8000,3808.4000,3808.2000,3808.0000,3810.0000,3810.2000,3811.0000,3811.2000,3812.8000,1,1,1,3,4,1,3,1,3,1
SF,IF2009,2020-05-21 09:34:05.300,3809.4000,23589,0,294010020.000,0,-,-,-,-,3809.2000,3808.8000,3808.4000,3808.2000,3808.0000,3809.8000,3810.0000,3810.2000,3811.2000,3812.8000,1,1,1,2,2,1,1,3,3,1
SF,IF2009,2020-05-21 09:34:05.800,3809.2000,23588,-1,295152780.000,1,0,1,双平,S,3808.8000,3808.0000,3807.8000,3807.6000,3806.0000,3809.2000,3809.8000,3810.0000,3810.2000,3811.2000,1,1,2,1,1,1,1,1,2,3
SF,IF2009,2020-05-21 09:34:06.800,3809.2000,23588,0,295152780.000,0,-,-,-,-,3808.8000,3807.8000,3807.6000,3806.0000,3805.2000,3809.2000,3809.8000,3810.0000,3810.2000,3811.2000,1,2,1,1,1,1,1,1,2,3
SF,IF2009,2020-05-21 09:34:07.300,3809.2000,23588,0,295152780.000,0,-,-,-,-,3808.8000,3807.8000,3807.6000,3806.0000,3805.2000,3809.2000,3810.0000,3810.2000,3811.2000,3812.8000,1,2,1,1,1,2,1,2,3,1
SF,IF2009,2020-05-21 09:34:07.800,3809.2000,23588,0,295152780.000,0,-,-,-,-,3808.8000,3807.8000,3807.6000,3806.0000,3805.2000,3809.2000,3810.2000,3811.2000,3812.8000,3813.0000,1,2,1,1,1,2,2,3,1,1
SF,IF2009,2020-05-21 09:34:09.800,3808.8000,23588,0,296295420.000,1,0,1,多换,S,3807.8000,3807.6000,3806.0000,3805.2000,3805.0000,3809.2000,3810.2000,3811.2000,3812.8000,3813.0000,2,1,1,1,5,2,2,3,1,1
SF,IF2009,2020-05-21 09:34:10.300,3808.8000,23588,0,296295420.000,0,-,-,-,-,3808.0000,3807.8000,3807.6000,3806.0000,3805.2000,3809.0000,3809.2000,3811.2000,3812.8000,3813.0000,1,2,1,1,1,3,1,3,1,1
SF,IF2009,2020-05-21 09:34:10.800,3808.8000,23588,0,296295420.000,0,-,-,-,-,3808.0000,3807.8000,3807.6000,3806.0000,3805.2000,3809.0000,3809.2000,3811.2000,3812.8000,3813.0000,1,2,1,1,1,3,1,3,1,1
SF,IF2009,2020-05-21 09:34:11.300,3808.8000,23588,0,296295420.000,0,-,-,-,-,3808.2000,3808.0000,3807.8000,3807.6000,3806.0000,3809.0000,3809.2000,3811.2000,3812.8000,3813.0000,1,1,2,1,1,3,1,3,1,1
SF,IF2009,2020-05-21 09:34:11.800,3808.8000,23588,0,296295420.000,0,-,-,-,-,3808.4000,3808.2000,3807.8000,3807.6000,3806.0000,3809.0000,3809.2000,3811.2000,3812.8000,3813.0000,1,1,2,1,1,2,1,3,1,1
SF,IF2009,2020-05-21 09:34:12.300,3808.8000,23588,0,296295420.000,0,-,-,-,-,3808.2000,3807.8000,3807.6000,3806.0000,3805.2000,3808.8000,3809.0000,3809.2000,3812.8000,3813.0000,1,2,1,1,1,1,2,1,1,1
SF,IF2009,2020-05-21 09:34:15.800,3808.8000,23588,0,296295420.000,0,-,-,-,-,3808.2000,3807.8000,3807.6000,3806.0000,3805.2000,3808.8000,3809.0000,3809.2000,3812.8000,3813.0000,2,3,1,1,1,1,2,1,1,1
SF,IF2009,2020-05-21 09:34:16.300,3808.2000,23587,-1,297437880.000,1,0,1,双平,S,3808.2000,3807.8000,3807.6000,3806.0000,3805.2000,3809.0000,3812.8000,3813.0000,3813.4000,3814.0000,2,1,1,1,1,2,1,1,1,1
SF,IF2009,2020-05-21 09:34:16.800,3809.0000,23586,-1,298580580.000,1,0,1,双平,S,3809.0000,3808.6000,3808.4000,3808.2000,3808.0000,3812.8000,3813.0000,3813.4000,3814.0000,3815.0000,2,2,4,5,3,1,1,1,1,2
SF,IF2009,2020-05-21 09:34:17.300,3809.0000,23586,0,299723280.000,1,0,1,多换,S,3808.2000,3807.8000,3807.6000,3806.0000,3805.2000,3810.0000,3810.6000,3810.8000,3811.0000,3811.4000,1,1,1,1,1,2,5,1,1,4
SF,IF2009,2020-05-21 09:34:17.800,3809.0000,23586,0,299723280.000,0,-,-,-,-,3809.2000,3808.4000,3808.2000,3807.8000,3807.6000,3809.8000,3811.4000,3811.6000,3811.8000,3812.0000,2,2,2,1,1,1,2,1,2,2
SF,IF2009,2020-05-21 09:34:18.300,3809.0000,23586,0,299723280.000,0,-,-,-,-,3809.2000,3808.4000,3808.2000,3807.8000,3807.6000,3811.4000,3811.6000,3811.8000,3812.0000,3812.4000,2,1,2,1,1,2,1,2,2,14
SF,IF2009,2020-05-21 09:34:18.800,3809.0000,23586,0,299723280.000,0,-,-,-,-,3809.2000,3808.4000,3808.2000,3807.8000,3807.6000,3810.2000,3810.4000,3810.6000,3811.0000,3811.2000,1,1,2,1,1,2,5,1,4,4
SF,IF2009,2020-05-21 09:34:19.300,3809.2000,23587,1,300866040.000,1,1,0,双开,S,3808.4000,3808.2000,3807.8000,3807.6000,3806.0000,3809.2000,3810.0000,3810.4000,3810.6000,3810.8000,1,2,1,1,1,1,3,5,1,1
SF,IF2009,2020-05-21 09:34:19.800,3809.2000,23587,0,300866040.000,0,-,-,-,-,3808.2000,3807.8000,3807.6000,3806.0000,3805.0000,3809.2000,3810.2000,3810.6000,3810.8000,3811.0000,1,1,1,1,5,1,1,1,1,2
SF,IF2009,2020-05-21 09:34:20.300,3809.2000,23587,0,300866040.000,0,-,-,-,-,3808.4000,3808.2000,3807.8000,3807.6000,3806.0000,3809.2000,3810.2000,3810.6000,3810.8000,3811.0000,1,1,1,1,1,1,1,1,1,2
SF,IF2009,2020-05-21 09:34:21.800,3809.2000,23587,0,300866040.000,0,-,-,-,-,3808.4000,3808.2000,3807.8000,3807.6000,3806.0000,3809.2000,3810.2000,3810.6000,3810.8000,3811.0000,1,1,1,1,1,1,1,1,1,2
SF,IF2009,2020-05-21 09:34:22.300,3809.2000,23587,0,300866040.000,0,-,-,-,-,3808.2000,3807.8000,3807.6000,3806.0000,3805.0000,3809.2000,3810.2000,3810.6000,3810.8000,3811.0000,1,1,1,1,5,1,1,1,1,2
SF,IF2009,2020-05-21 09:34:23.300,3809.2000,23587,0,300866040.000,0,-,-,-,-,3808.2000,3807.8000,3807.6000,3806.0000,3805.0000,3809.2000,3810.2000,3810.6000,3810.8000,3811.0000,1,1,1,1,5,1,1,1,1,2
SF,IF2009,2020-05-21 09:34:23.800,3809.2000,23587,0,302008800.000,1,0,1,多换,S,3808.2000,3807.8000,3807.6000,3806.0000,3805.0000,3810.2000,3810.6000,3810.8000,3811.0000,3811.2000,1,1,1,1,5,1,1,1,2,3
SF,IF2009,2020-05-21 09:34:24.300,3809.2000,23587,0,302008800.000,0,-,-,-,-,3808.2000,3807.8000,3807.6000,3806.0000,3805.0000,3810.0000,3810.2000,3810.6000,3810.8000,3811.0000,1,1,1,1,5,4,1,1,1,2
SF,IF2009,2020-05-21 09:34:24.800,3809.2000,23587,0,302008800.000,0,-,-,-,-,3807.8000,3807.6000,3806.0000,3805.0000,3803.8000,3809.8000,3810.0000,3810.2000,3810.6000,3810.8000,1,1,1,5,2,2,4,1,1,1
SF,IF2009,2020-05-21 09:34:25.300,3809.2000,23587,0,302008800.000,0,-,-,-,-,3808.0000,3807.8000,3807.6000,3806.0000,3805.0000,3809.6000,3809.8000,3810.0000,3810.2000,3810.6000,1,1,1,1,5,2,2,2,1,1
SF,IF2009,2020-05-21 09:34:25.800,3809.2000,23587,0,302008800.000,0,-,-,-,-,3807.8000,3807.6000,3806.0000,3805.0000,3803.8000,3809.6000,3809.8000,3810.0000,3810.2000,3810.6000,2,1,1,5,2,2,2,2,1,1
SF,IF2009,2020-05-21 09:34:26.300,3809.2000,23587,0,302008800.000,0,-,-,-,-,3808.0000,3807.8000,3807.6000,3806.0000,3805.0000,3809.6000,3809.8000,3810.0000,3810.2000,3810.6000,1,2,1,1,5,2,2,2,1,1
SF,IF2009,2020-05-21 09:34:26.800,3809.2000,23587,0,302008800.000,0,-,-,-,-,3807.8000,3807.6000,3806.0000,3805.0000,3803.8000,3809.6000,3809.8000,3810.0000,3810.2000,3810.6000,2,1,1,5,2,2,2,2,1,1
SF,IF2009,2020-05-21 09:34:27.300,3809.2000,23587,0,302008800.000,0,-,-,-,-,3808.0000,3807.8000,3807.6000,3806.0000,3805.0000,3809.4000,3809.6000,3810.0000,3810.2000,3810.6000,1,2,1,1,5,2,2,2,1,1
SF,IF2009,2020-05-21 09:34:27.800,3809.2000,23587,0,302008800.000,0,-,-,-,-,3808.0000,3807.8000,3807.6000,3806.0000,3805.0000,3809.2000,3809.6000,3810.0000,3810.2000,3810.6000,1,2,1,1,5,2,1,1,1,1
SF,IF2009,2020-05-21 09:34:28.800,3808.0000,23587,0,303151200.000,1,0,1,多换,S,3807.8000,3807.6000,3806.0000,3805.0000,3803.8000,3809.2000,3809.6000,3810.0000,3810.2000,3810.6000,2,1,1,5,2,2,1,1,1,1
SF,IF2009,2020-05-21 09:34:29.300,3808.0000,23587,0,303151200.000,0,-,-,-,-,3808.0000,3807.8000,3807.6000,3806.0000,3805.0000,3809.0000,3809.6000,3810.0000,3810.2000,3810.6000,1,2,1,1,5,3,1,1,1,1
SF,IF2009,2020-05-21 09:34:29.800,3808.0000,23587,0,303151200.000,0,-,-,-,-,3808.0000,3807.8000,3807.6000,3806.0000,3805.0000,3808.8000,3809.0000,3809.6000,3810.2000,3810.6000,2,2,1,1,5,2,1,1,1,1
SF,IF2009,2020-05-21 09:34:30.300,3808.8000,23586,-1,304293840.000,1,0,1,双平,S,3808.0000,3807.8000,3807.6000,3806.0000,3805.0000,3808.8000,3809.0000,3809.6000,3810.2000,3810.6000,2,2,1,1,5,2,1,1,1,1
SF,IF2009,2020-05-21 09:34:30.800,3808.8000,23586,0,304293840.000,0,-,-,-,-,3808.4000,3808.0000,3807.8000,3807.6000,3806.0000,3808.8000,3809.0000,3809.6000,3810.2000,3810.6000,1,2,2,1,1,1,1,1,1,1
SF,IF2009,2020-05-21 09:34:31.300,3808.8000,23586,0,304293840.000,0,-,-,-,-,3808.4000,3808.0000,3807.8000,3807.6000,3806.0000,3808.8000,3809.0000,3809.6000,3810.2000,3810.6000,1,2,2,1,1,1,1,1,1,1
SF,IF2009,2020-05-21 09:34:31.800,3808.8000,23586,0,304293840.000,0,-,-,-,-,3808.4000,3808.0000,3807.8000,3807.6000,3806.0000,3808.8000,3809.0000,3809.6000,3810.2000,3810.6000,1,2,2,1,1,1,1,1,1,1
SF,IF2009,2020-05-21 09:34:32.300,3808.8000,23585,-1,305436480.000,1,0,1,双平,S,3808.4000,3808.0000,3807.8000,3807.6000,3806.0000,3809.0000,3809.6000,3810.2000,3810.6000,3810.8000,1,2,2,1,1,1,1,1,1,1
SF,IF2009,2020-05-21 09:34:32.800,3808.8000,23585,0,305436480.000,0,-,-,-,-,3808.4000,3808.0000,3807.8000,3807.6000,3806.0000,3809.0000,3809.6000,3810.2000,3810.6000,3810.8000,1,2,2,1,1,1,1,1,1,1
SF,IF2009,2020-05-21 09:34:34.800,3809.0000,23585,0,306579180.000,1,0,1,多换,S,3808.4000,3808.0000,3807.8000,3807.6000,3806.0000,3809.6000,3810.2000,3810.6000,3810.8000,3811.0000,1,2,1,1,1,1,1,1,1,2
SF,IF2009,2020-05-21 09:34:35.300,3808.4000,23585,0,307721700.000,1,0,1,多换,S,3808.0000,3807.8000,3807.6000,3806.0000,3805.0000,3809.4000,3809.6000,3810.2000,3810.8000,3811.0000,2,2,1,1,5,2,1,1,1,2
SF,IF2009,2020-05-21 09:34:35.800,3808.4000,23585,0,307721700.000,0,-,-,-,-,3808.0000,3807.8000,3807.6000,3806.0000,3805.0000,3809.2000,3809.4000,3809.6000,3810.8000,3811.0000,2,2,1,1,5,1,4,1,1,2
SF,IF2009,2020-05-21 09:34:36.300,3808.4000,23585,0,307721700.000,0,-,-,-,-,3808.0000,3807.8000,3807.6000,3806.0000,3805.0000,3809.2000,3809.4000,3809.6000,3810.8000,3811.0000,2,2,1,1,5,1,3,1,1,2
SF,IF2009,2020-05-21 09:34:36.800,3808.4000,23585,0,307721700.000,0,-,-,-,-,3808.0000,3807.8000,3807.6000,3806.0000,3805.0000,3809.0000,3809.2000,3809.4000,3809.6000,3810.8000,2,2,1,1,5,2,1,2,1,1
SF,IF2009,2020-05-21 09:34:37.300,3808.4000,23585,0,307721700.000,0,-,-,-,-,3808.0000,3807.8000,3807.6000,3806.0000,3805.0000,3809.0000,3809.2000,3809.4000,3809.6000,3810.8000,2,1,1,1,5,1,1,2,1,1
SF,IF2009,2020-05-21 09:34:37.800,3809.0000,23585,0,308864400.000,1,0,1,多换,S,3808.4000,3808.0000,3807.8000,3807.6000,3806.0000,3809.2000,3809.4000,3809.6000,3810.8000,3811.0000,1,2,1,1,1,1,2,1,1,2
SF,IF2009,2020-05-21 09:34:38.300,3809.0000,23585,0,308864400.000,0,-,-,-,-,3808.4000,3808.0000,3807.8000,3807.6000,3806.0000,3809.2000,3809.4000,3809.6000,3810.8000,3811.0000,1,2,1,1,1,1,2,1,1,2
SF,IF2009,2020-05-21 09:34:38.800,3809.0000,23585,0,308864400.000,0,-,-,-,-,3808.4000,3808.0000,3807.8000,3807.6000,3806.0000,3809.2000,3809.4000,3809.6000,3810.8000,3811.0000,2,2,1,1,1,1,2,1,1,2
SF,IF2009,2020-05-21 09:34:39.300,3809.0000,23585,0,308864400.000,0,-,-,-,-,3808.6000,3808.4000,3808.0000,3807.8000,3807.6000,3809.4000,3809.6000,3810.8000,3811.0000,3811.2000,1,4,1,1,1,2,1,1,2,4
SF,IF2009,2020-05-21 09:34:39.800,3809.0000,23585,0,308864400.000,0,-,-,-,-,3808.6000,3808.4000,3808.0000,3807.8000,3807.6000,3810.8000,3811.0000,3811.2000,3811.4000,3812.4000,3,2,1,1,1,1,2,4,5,2
SF,IF2009,2020-05-21 09:34:40.300,3809.0000,23585,0,308864400.000,0,-,-,-,-,3808.6000,3808.4000,3808.0000,3807.8000,3807.6000,3809.8000,3810.2000,3810.4000,3810.6000,3810.8000,1,2,1,1,1,2,1,4,5,1
SF,IF2009,2020-05-21 09:34:40.800,3809.0000,23585,0,308864400.000,0,-,-,-,-,3808.6000,3808.4000,3808.0000,3807.8000,3807.6000,3809.6000,3810.2000,3810.4000,3810.6000,3810.8000,1,2,1,1,1,2,6,5,6,2
SF,IF2009,2020-05-21 09:34:41.300,3809.0000,23585,0,308864400.000,0,-,-,-,-,3808.6000,3808.4000,3808.0000,3807.8000,3807.6000,3809.6000,3810.2000,3810.4000,3810.6000,3810.8000,1,2,1,1,1,2,6,5,3,1
SF,IF2009,2020-05-21 09:34:42.300,3809.0000,23585,0,308864400.000,0,-,-,-,-,3808.8000,3808.6000,3808.4000,3808.0000,3807.8000,3809.6000,3810.2000,3810.4000,3810.6000,3810.8000,2,2,1,1,1,1,6,5,3,1
SF,IF2009,2020-05-21 09:34:42.800,3809.0000,23585,0,308864400.000,0,-,-,-,-,3808.8000,3808.6000,3808.4000,3808.0000,3807.8000,3810.2000,3810.4000,3810.6000,3810.8000,3811.0000,2,1,1,1,1,6,5,3,1,1
SF,IF2009,2020-05-21 09:34:43.300,3809.0000,23585,0,308864400.000,0,-,-,-,-,3809.0000,3808.4000,3808.0000,3807.8000,3807.6000,3810.0000,3810.2000,3810.4000,3810.6000,3810.8000,3,2,1,1,1,2,6,5,3,1
SF,IF2009,2020-05-21 09:34:43.800,3809.0000,23585,0,308864400.000,0,-,-,-,-,3809.2000,3809.0000,3808.4000,3808.0000,3807.8000,3810.4000,3810.6000,3810.8000,3811.0000,3811.2000,4,4,2,1,1,5,3,1,1,3
SF,IF2009,2020-05-21 09:34:44.300,3809.0000,23585,0,308864400.000,0,-,-,-,-,3809.4000,3809.2000,3809.0000,3808.4000,3808.0000,3810.6000,3810.8000,3811.0000,3811.2000,3811.4000,3,3,1,2,1,1,1,1,1,2
SF,IF2009,2020-05-21 09:34:44.800,3809.0000,23585,0,311149800.000,2,1,1,多换,S,3809.6000,3809.4000,3809.0000,3808.4000,3808.0000,3811.2000,3812.4000,3812.6000,3812.8000,3813.4000,1,3,1,2,1,1,2,2,1,1
SF,IF2009,2020-05-21 09:34:45.300,3809.0000,23585,0,311149800.000,0,-,-,-,-,3809.8000,3809.6000,3809.4000,3809.0000,3808.4000,3811.0000,3811.2000,3811.4000,3812.4000,3812.6000,1,2,1,1,2,2,1,1,2,2
SF,IF2009,2020-05-21 09:34:45.800,3809.0000,23585,0,311149800.000,0,-,-,-,-,3809.8000,3809.4000,3809.0000,3808.4000,3808.0000,3811.0000,3811.2000,3812.4000,3812.6000,3812.8000,3,1,1,2,1,2,1,1,1,1
SF,IF2009,2020-05-21 09:34:46.300,3809.0000,23585,0,311149800.000,0,-,-,-,-,3809.8000,3809.6000,3809.4000,3809.0000,3808.4000,3811.0000,3811.2000,3812.4000,3812.6000,3812.8000,2,1,1,1,2,2,1,1,1,1
SF,IF2009,2020-05-21 09:34:48.300,3809.0000,23585,0,311149800.000,0,-,-,-,-,3809.8000,3809.6000,3809.0000,3808.4000,3808.0000,3811.0000,3811.2000,3812.4000,3812.6000,3812.8000,2,1,1,2,1,2,1,1,1,1
SF,IF2009,2020-05-21 09:34:49.300,3809.0000,23585,0,311149800.000,0,-,-,-,-,3809.8000,3809.6000,3809.0000,3808.4000,3808.0000,3810.8000,3811.0000,3811.2000,3812.4000,3812.6000,1,1,1,2,1,2,2,1,1,1
SF,IF2009,2020-05-21 09:34:49.800,3810.6000,23582,-3,314579220.000,3,0,3,双平,S,3809.8000,3809.6000,3809.0000,3808.4000,3807.8000,3810.6000,3810.8000,3811.2000,3812.4000,3812.6000,1,1,1,2,1,1,4,1,1,1
SF,IF2009,2020-05-21 09:34:50.300,3810.6000,23582,0,314579220.000,0,-,-,-,-,3810.0000,3809.8000,3809.6000,3809.0000,3808.4000,3810.8000,3811.2000,3812.4000,3812.6000,3812.8000,2,2,1,1,2,1,1,1,1,1
SF,IF2009,2020-05-21 09:34:50.800,3810.6000,23582,0,314579220.000,0,-,-,-,-,3810.2000,3810.0000,3809.8000,3809.6000,3808.4000,3810.8000,3811.2000,3812.4000,3812.6000,3812.8000,1,2,1,1,2,1,1,1,1,1
SF,IF2009,2020-05-21 09:34:51.300,3810.6000,23582,0,314579220.000,0,-,-,-,-,3810.2000,3810.0000,3809.6000,3808.4000,3807.8000,3811.0000,3811.2000,3812.4000,3812.6000,3812.8000,1,2,1,2,1,1,1,1,1,1
SF,IF2009,2020-05-21 09:34:51.800,3810.6000,23582,0,314579220.000,0,-,-,-,-,3810.2000,3809.6000,3808.4000,3807.8000,3807.6000,3811.0000,3811.2000,3812.6000,3812.8000,3813.4000,3,1,2,1,1,1,1,1,1,1
SF,IF2009,2020-05-21 09:34:52.300,3810.6000,23582,0,314579220.000,0,-,-,-,-,3810.2000,3809.6000,3808.4000,3807.8000,3807.6000,3811.0000,3811.2000,3812.6000,3812.8000,3813.4000,1,1,2,1,1,1,1,1,1,1
SF,IF2009,2020-05-21 09:34:52.800,3810.6000,23582,0,314579220.000,0,-,-,-,-,3810.2000,3809.6000,3808.4000,3807.8000,3807.6000,3811.0000,3811.2000,3812.6000,3812.8000,3813.4000,1,1,2,1,1,1,1,1,1,1
SF,IF2009,2020-05-21 09:34:53.300,3810.6000,23582,0,314579220.000,0,-,-,-,-,3810.2000,3809.6000,3808.4000,3807.8000,3807.6000,3811.0000,3811.2000,3812.6000,3812.8000,3813.4000,3,1,2,1,1,2,1,1,1,1
SF,IF2009,2020-05-21 09:34:53.800,3810.2000,23581,-1,315722280.000,1,0,1,双平,S,3809.6000,3808.4000,3807.8000,3807.6000,3806.6000,3811.0000,3811.2000,3812.6000,3812.8000,3813.4000,1,2,1,1,1,3,1,1,1,1
SF,IF2009,2020-05-21 09:34:54.300,3810.2000,23581,0,315722280.000,0,-,-,-,-,3810.4000,3809.8000,3809.6000,3808.4000,3807.8000,3811.0000,3811.2000,3812.6000,3812.8000,3813.4000,2,4,1,2,1,2,1,1,1,1
SF,IF2009,2020-05-21 09:34:54.800,3811.0000,23581,0,316865580.000,1,0,1,多换,S,3810.4000,3809.8000,3809.6000,3808.4000,3807.8000,3811.2000,3812.6000,3812.8000,3813.4000,3814.0000,1,1,1,2,1,1,1,1,6,3
SF,IF2009,2020-05-21 09:34:55.300,3811.2000,23580,-1,318008940.000,1,0,1,双平,S,3810.6000,3810.4000,3809.6000,3808.4000,3807.8000,3812.6000,3812.8000,3813.4000,3814.0000,3815.0000,1,1,1,2,1,1,1,6,3,2
SF,IF2009,2020-05-21 09:34:55.800,3811.2000,23580,0,318008940.000,0,-,-,-,-,3810.6000,3809.6000,3808.4000,3807.8000,3807.6000,3812.0000,3812.4000,3812.6000,3812.8000,3813.4000,1,1,2,1,1,4,5,1,1,6
SF,IF2009,2020-05-21 09:34:56.300,3811.2000,23580,0,318008940.000,0,-,-,-,-,3810.6000,3809.6000,3808.4000,3807.8000,3807.6000,3811.0000,3811.2000,3811.6000,3811.8000,3812.0000,1,1,2,1,1,2,2,6,5,5
SF,IF2009,2020-05-21 09:34:56.800,3811.2000,23580,0,318008940.000,0,-,-,-,-,3810.6000,3809.6000,3808.4000,3807.8000,3807.6000,3811.0000,3811.8000,3812.0000,3812.2000,3812.4000,1,1,2,1,1,2,2,5,2,4
SF,IF2009,2020-05-21 09:34:58.800,3811.0000,23580,0,319152240.000,1,0,1,多换,S,3810.6000,3809.6000,3808.4000,3807.8000,3807.6000,3811.0000,3811.8000,3812.0000,3812.2000,3812.4000,1,1,2,1,1,1,2,5,2,4
SF,IF2009,2020-05-21 09:34:59.300,3810.6000,23580,0,320295420.000,1,0,1,多换,S,3809.6000,3808.4000,3807.8000,3807.6000,3806.6000,3810.8000,3811.0000,3811.8000,3812.0000,3812.2000,1,2,1,1,1,2,1,2,5,2
SF,IF2009,2020-05-21 09:34:59.800,3811.0000,23580,0,321438720.000,1,0,1,多换,S,3809.8000,3809.6000,3808.4000,3807.8000,3807.6000,3811.8000,3812.0000,3812.2000,3812.4000,3812.6000,3,3,2,1,1,2,2,2,4,2
SF,IF2009,2020-05-21 09:35:00.300,3811.0000,23580,0,321438720.000,0,-,-,-,-,3809.8000,3809.6000,3808.4000,3807.8000,3807.6000,3811.6000,3811.8000,3812.0000,3812.2000,3812.4000,3,3,2,1,1,2,2,1,2,4
SF,IF2009,2020-05-21 09:35:00.800,3811.0000,23580,0,321438720.000,0,-,-,-,-,3810.0000,3809.8000,3809.6000,3808.4000,3807.8000,3811.4000,3811.6000,3811.8000,3812.0000,3812.2000,2,2,2,2,1,3,3,1,1,2
SF,IF2009,2020-05-21 09:35:01.300,3811.0000,23580,0,321438720.000,0,-,-,-,-,3810.2000,3810.0000,3809.6000,3808.4000,3807.8000,3811.4000,3811.6000,3811.8000,3812.0000,3812.2000,2,7,1,2,1,1,2,1,1,2
SF,IF2009,2020-05-21 09:35:01.800,3811.0000,23580,0,321438720.000,0,-,-,-,-,3810.4000,3810.2000,3810.0000,3809.6000,3808.4000,3811.6000,3811.8000,3812.0000,3812.2000,3812.4000,2,2,4,1,2,1,1,1,1,4
SF,IF2009,2020-05-21 09:35:02.300,3811.0000,23580,0,321438720.000,0,-,-,-,-,3810.6000,3810.4000,3810.0000,3809.6000,3808.4000,3812.0000,3812.2000,3812.4000,3812.6000,3812.8000,2,3,4,1,2,1,1,4,1,1
SF,IF2009,2020-05-21 09:35:02.800,3811.0000,23580,0,321438720.000,0,-,-,-,-,3810.6000,3810.4000,3810.0000,3809.6000,3808.4000,3811.8000,3812.0000,3812.2000,3812.4000,3812.6000,2,3,4,1,2,1,1,1,4,1
SF,IF2009,2020-05-21 09:35:03.300,3811.0000,23580,0,321438720.000,0,-,-,-,-,3810.6000,3810.4000,3810.0000,3809.6000,3808.4000,3811.8000,3812.0000,3812.2000,3812.4000,3812.6000,2,2,3,1,2,1,1,1,4,1
SF,IF2009,2020-05-21 09:35:04.300,3811.0000,23580,0,321438720.000,0,-,-,-,-,3810.8000,3810.6000,3810.4000,3810.0000,3809.6000,3811.8000,3812.4000,3812.8000,3813.4000,3814.0000,1,2,2,3,1,1,3,1,6,3
SF,IF2009,2020-05-21 09:35:04.800,3811.8000,23580,0,322582260.000,1,0,1,多换,S,3811.0000,3810.8000,3810.4000,3810.0000,3809.6000,3812.4000,3812.8000,3813.4000,3814.0000,3815.0000,3,3,1,3,1,1,1,6,3,2
SF,IF2009,2020-05-21 09:35:05.300,3811.8000,23580,0,322582260.000,0,-,-,-,-,3812.6000,3811.8000,3811.2000,3811.0000,3810.8000,3812.8000,3813.4000,3814.0000,3815.0000,3815.8000,3,1,4,2,1,1,6,3,2,7
SF,IF2009,2020-05-21 09:35:05.800,3812.8000,23577,-3,330588900.000,7,2,5,多平,S,3811.8000,3811.2000,3811.0000,3810.8000,3810.4000,3813.4000,3814.0000,3815.0000,3815.8000,3816.0000,1,3,1,1,1,6,3,2,7,1
SF,IF2009,2020-05-21 09:35:06.300,3812.8000,23577,0,330588900.000,0,-,-,-,-,3812.0000,3811.8000,3811.2000,3810.8000,3810.4000,3813.2000,3813.4000,3814.0000,3815.0000,3815.8000,1,1,3,1,1,2,6,3,2,7
SF,IF2009,2020-05-21 09:35:06.800,3812.8000,23577,0,330588900.000,0,-,-,-,-,3812.0000,3811.8000,3811.2000,3810.8000,3810.4000,3813.4000,3814.0000,3815.0000,3815.8000,3816.0000,2,1,2,1,1,6,3,2,7,1
SF,IF2009,2020-05-21 09:35:07.300,3812.8000,23577,0,330588900.000,0,-,-,-,-,3812.0000,3811.8000,3811.2000,3810.8000,3810.4000,3812.8000,3813.0000,3813.2000,3813.4000,3813.6000,1,1,1,1,1,6,2,6,6,2
SF,IF2009,2020-05-21 09:35:07.800,3812.8000,23577,0,330588900.000,0,-,-,-,-,3812.2000,3812.0000,3811.8000,3811.2000,3810.8000,3813.4000,3814.0000,3815.0000,3815.8000,3816.0000,3,1,1,1,1,6,3,2,7,1
SF,IF2009,2020-05-21 09:35:08.300,3812.8000,23577,0,330588900.000,0,-,-,-,-,3812.4000,3811.8000,3810.8000,3810.4000,3810.0000,3813.2000,3813.4000,3814.0000,3815.0000,3815.8000,1,1,1,1,2,1,6,3,2,7
