市场代码,合约代码,时间,最新,持仓,增仓,成交额,成交量,开仓,平仓,成交类型,方向,买一价,买二价,买三价,买四价,买五价,卖一价,卖二价,卖三价,卖四价,卖五价,买一量,买二量,买三量,买四量,买五量,卖一量,卖二量,卖三量,卖四量,卖五量
SF,IF2001,2019-12-04 09:29:00.300,3841.8000,4792,0,1152540.000,1.000,-,-,-,-,3841.8000,3841.0000,3838.0000,3837.2000,3835.4000,3843.2000,3844.8000,3847.2000,3847.8000,3848.0000,4,1,1,1,2,3,2,1,1,1
SF,IF2001,2019-12-04 09:30:00.300,3841.0000,4792,0,8067300.000,6,3,3,多换,S,3838.0000,3837.2000,3835.0000,3834.8000,3834.6000,3841.0000,3841.2000,3841.4000,3841.6000,3841.8000,1,1,3,4,3,5,1,2,3,7
SF,IF2001,2019-12-04 09:30:00.800,3841.0000,4792,0,8067300.000,0,-,-,-,-,3838.6000,3838.0000,3837.8000,3837.2000,3835.0000,3840.8000,3841.0000,3841.2000,3841.4000,3841.6000,1,1,1,1,3,2,6,2,2,3
SF,IF2001,2019-12-04 09:30:01.300,3841.0000,4792,0,8067300.000,0,-,-,-,-,3838.0000,3837.8000,3837.2000,3835.0000,3834.8000,3839.2000,3840.6000,3840.8000,3841.0000,3841.2000,1,1,1,3,3,1,1,4,5,2
SF,IF2001,2019-12-04 09:30:01.800,3841.0000,4792,0,8067300.000,0,-,-,-,-,3838.0000,3837.2000,3835.0000,3834.8000,3834.6000,3839.0000,3840.0000,3840.6000,3840.8000,3841.0000,1,1,3,3,3,1,2,1,4,5
SF,IF2001,2019-12-04 09:30:02.300,3838.0000,4790,-2,10370400.000,2,0,2,双平,S,3837.2000,3837.0000,3835.0000,3834.8000,3834.6000,3838.6000,3839.4000,3840.6000,3840.8000,3841.0000,1,1,3,3,3,1,1,1,3,1
SF,IF2001,2019-12-04 09:30:02.800,3838.0000,4790,0,10370400.000,0,-,-,-,-,3837.2000,3835.8000,3835.0000,3834.8000,3834.6000,3837.8000,3838.6000,3839.4000,3840.6000,3840.8000,1,1,3,3,3,1,1,1,1,3
SF,IF2001,2019-12-04 09:30:03.300,3837.2000,4789,-1,11521560.000,1,0,1,双平,S,3835.0000,3834.8000,3834.6000,3834.4000,3834.2000,3838.0000,3838.4000,3838.6000,3839.4000,3840.6000,3,4,3,3,3,1,1,2,1,1
SF,IF2001,2019-12-04 09:30:03.800,3837.2000,4789,0,11521560.000,0,-,-,-,-,3836.2000,3835.6000,3835.2000,3835.0000,3834.8000,3838.0000,3838.6000,3839.4000,3840.8000,3841.0000,1,3,3,4,4,1,2,1,3,1
SF,IF2001,2019-12-04 09:30:04.300,3837.2000,4789,0,11521560.000,0,-,-,-,-,3837.6000,3836.4000,3836.2000,3835.2000,3835.0000,3838.0000,3838.6000,3839.4000,3840.8000,3841.0000,1,1,1,3,3,1,2,1,1,1
SF,IF2001,2019-12-04 09:30:04.800,3838.0000,4787,-2,13824240.000,2,0,2,双平,S,3837.8000,3836.4000,3836.2000,3835.2000,3835.0000,3838.6000,3839.4000,3840.8000,3841.0000,3841.2000,5,1,1,3,3,1,1,1,1,2
SF,IF2001,2019-12-04 09:30:05.300,3837.8000,4787,0,19580940.000,5,2,3,多换,S,3835.2000,3835.0000,3834.8000,3834.6000,3834.4000,3837.4000,3837.6000,3838.2000,3838.4000,3838.6000,1,3,4,3,3,1,1,1,4,3
SF,IF2001,2019-12-04 09:30:05.800,3837.8000,4786,-1,21883620.000,2,0,2,多平,S,3835.2000,3835.0000,3834.8000,3834.6000,3834.4000,3837.4000,3837.6000,3837.8000,3838.0000,3838.2000,1,3,3,3,3,3,1,2,2,1
SF,IF2001,2019-12-04 09:30:06.300,3837.8000,4786,0,21883620.000,0,-,-,-,-,3835.2000,3835.0000,3834.8000,3834.6000,3834.4000,3837.4000,3837.6000,3837.8000,3838.0000,3838.2000,1,3,4,3,3,3,2,2,2,1
SF,IF2001,2019-12-04 09:30:06.800,3837.8000,4786,0,21883620.000,0,-,-,-,-,3835.0000,3834.8000,3834.6000,3834.4000,3834.2000,3835.8000,3836.2000,3836.8000,3837.2000,3837.4000,3,3,3,3,3,1,1,2,2,2
SF,IF2001,2019-12-04 09:30:07.300,3837.8000,4786,0,21883620.000,0,-,-,-,-,3835.0000,3834.8000,3834.6000,3834.4000,3834.2000,3835.6000,3836.0000,3836.2000,3836.6000,3836.8000,3,3,3,3,3,1,1,3,2,4
SF,IF2001,2019-12-04 09:30:07.800,3835.0000,4786,0,26486760.000,4,2,2,多换,S,3835.0000,3834.8000,3834.6000,3834.4000,3834.2000,3836.8000,3837.0000,3837.2000,3837.4000,3837.6000,2,3,3,3,3,1,1,2,1,2
SF,IF2001,2019-12-04 09:30:08.300,3835.0000,4786,0,26486760.000,0,-,-,-,-,3835.0000,3834.8000,3834.6000,3834.4000,3834.2000,3835.4000,3836.0000,3836.2000,3836.6000,3836.8000,2,3,3,3,3,1,1,1,1,2
SF,IF2001,2019-12-04 09:30:08.800,3834.8000,4786,0,29938200.000,3,1,2,多换,S,3834.8000,3834.6000,3834.4000,3834.2000,3834.0000,3835.0000,3835.8000,3836.0000,3836.2000,3836.6000,2,3,3,3,3,2,1,3,1,1
SF,IF2001,2019-12-04 09:30:09.300,3835.0000,4785,-1,32239200.000,2,0,2,多平,S,3835.0000,3834.8000,3834.6000,3834.4000,3834.2000,3837.0000,3837.2000,3837.4000,3837.6000,3837.8000,3,2,3,3,3,1,2,1,2,1
SF,IF2001,2019-12-04 09:30:09.800,3835.0000,4783,-2,36842460.000,4,1,3,多平,S,3834.8000,3834.6000,3834.4000,3834.2000,3834.0000,3835.0000,3837.4000,3837.6000,3837.8000,3838.4000,2,3,3,4,3,6,1,2,1,2
SF,IF2001,2019-12-04 09:30:10.300,3835.4000,4783,0,49501140.000,11,5,6,多换,S,3835.2000,3834.8000,3834.6000,3834.4000,3834.2000,3837.8000,3838.4000,3838.6000,3839.4000,3840.8000,1,2,3,3,4,1,2,3,1,1
SF,IF2001,2019-12-04 09:30:10.800,3835.4000,4783,0,49501140.000,0,-,-,-,-,3835.4000,3835.2000,3835.0000,3834.8000,3834.6000,3837.6000,3838.4000,3838.6000,3839.4000,3840.8000,1,2,7,2,3,2,2,3,1,1
SF,IF2001,2019-12-04 09:30:11.300,3835.8000,4781,-2,51803160.000,2,0,2,双平,S,3835.4000,3835.2000,3835.0000,3834.8000,3834.6000,3838.4000,3838.6000,3839.4000,3840.8000,3841.4000,1,2,7,2,3,1,3,1,1,1
SF,IF2001,2019-12-04 09:30:11.800,3835.4000,4779,-2,55256700.000,3,0,3,多平,S,3835.4000,3835.2000,3835.0000,3834.8000,3834.6000,3838.2000,3838.4000,3838.6000,3839.4000,3840.8000,1,3,6,2,3,1,1,3,1,1
SF,IF2001,2019-12-04 09:30:12.300,3835.4000,4779,0,55256700.000,0,-,-,-,-,3836.4000,3835.8000,3835.6000,3835.4000,3835.2000,3838.2000,3838.4000,3838.6000,3839.4000,3840.8000,1,1,2,1,5,1,1,2,1,1
SF,IF2001,2019-12-04 09:30:12.800,3838.2000,4778,-1,56408160.000,1,0,1,双平,S,3836.4000,3835.8000,3835.6000,3835.4000,3835.2000,3838.4000,3838.6000,3839.4000,3840.8000,3841.4000,1,1,2,1,5,1,2,1,1,1
SF,IF2001,2019-12-04 09:30:13.300,3838.2000,4778,0,56408160.000,0,-,-,-,-,3836.6000,3836.4000,3835.8000,3835.6000,3835.4000,3838.6000,3839.4000,3840.8000,3841.4000,3841.6000,2,1,1,2,1,1,1,1,1,2
SF,IF2001,2019-12-04 09:30:13.800,3836.6000,4774,-4,61012320.000,4,0,4,双平,S,3836.4000,3835.8000,3835.6000,3835.4000,3835.2000,3838.6000,3839.4000,3840.8000,3841.4000,3841.6000,1,1,1,1,5,1,1,1,1,2
SF,IF2001,2019-12-04 09:30:14.300,3836.6000,4774,0,61012320.000,0,-,-,-,-,3836.8000,3835.6000,3835.4000,3835.2000,3834.8000,3838.4000,3838.6000,3839.4000,3840.8000,3841.4000,1,1,2,2,3,1,1,1,1,1
SF,IF2001,2019-12-04 09:30:14.800,3836.6000,4774,0,61012320.000,0,-,-,-,-,3836.8000,3836.4000,3835.6000,3835.4000,3835.2000,3838.0000,3838.4000,3838.6000,3839.4000,3840.8000,1,1,1,2,2,1,1,3,1,1
SF,IF2001,2019-12-04 09:30:15.300,3838.0000,4774,0,62163720.000,1,0,1,多换,S,3836.8000,3836.4000,3835.6000,3835.4000,3835.2000,3838.4000,3838.6000,3839.4000,3840.8000,3841.4000,1,1,1,2,2,1,3,1,1,1
SF,IF2001,2019-12-04 09:30:15.800,3838.0000,4774,0,62163720.000,0,-,-,-,-,3836.4000,3835.6000,3835.4000,3835.2000,3834.8000,3838.6000,3839.4000,3840.8000,3841.6000,3841.8000,1,1,2,2,3,1,1,1,2,9
SF,IF2001,2019-12-04 09:30:16.300,3838.0000,4774,0,62163720.000,0,-,-,-,-,3835.6000,3835.4000,3835.2000,3834.8000,3834.6000,3838.2000,3838.6000,3839.4000,3840.8000,3841.6000,1,2,2,3,3,1,1,1,1,2
SF,IF2001,2019-12-04 09:30:16.800,3838.0000,4774,0,62163720.000,0,-,-,-,-,3836.6000,3835.6000,3835.4000,3835.2000,3834.8000,3838.0000,3838.2000,3838.4000,3838.6000,3839.4000,1,1,2,2,3,1,1,1,1,1
SF,IF2001,2019-12-04 09:30:17.300,3838.0000,4774,0,62163720.000,0,-,-,-,-,3836.6000,3836.2000,3835.6000,3835.4000,3835.2000,3838.0000,3838.2000,3838.4000,3838.6000,3839.4000,1,1,1,2,2,2,1,1,1,1
SF,IF2001,2019-12-04 09:30:17.800,3838.0000,4774,0,62163720.000,0,-,-,-,-,3836.6000,3836.2000,3835.6000,3835.4000,3835.2000,3837.8000,3838.0000,3838.6000,3839.4000,3840.8000,1,1,1,2,2,2,2,1,1,1
SF,IF2001,2019-12-04 09:30:18.300,3837.8000,4772,-2,64466400.000,2,0,2,双平,S,3837.2000,3836.8000,3836.6000,3836.4000,3836.2000,3838.0000,3838.6000,3839.4000,3840.8000,3841.6000,1,2,1,1,1,1,1,1,1,2
SF,IF2001,2019-12-04 09:30:18.800,3837.8000,4772,0,64466400.000,0,-,-,-,-,3836.8000,3836.6000,3836.4000,3836.2000,3835.6000,3838.0000,3838.6000,3839.4000,3840.8000,3841.6000,1,1,1,1,1,1,2,1,1,2
SF,IF2001,2019-12-04 09:30:19.800,3837.8000,4772,0,64466400.000,0,-,-,-,-,3836.6000,3836.4000,3836.2000,3835.6000,3835.4000,3838.0000,3838.6000,3839.4000,3840.8000,3841.6000,1,1,1,1,2,1,2,1,1,2
SF,IF2001,2019-12-04 09:30:20.300,3837.8000,4772,0,64466400.000,0,-,-,-,-,3837.2000,3836.6000,3836.4000,3836.2000,3835.6000,3838.0000,3838.6000,3839.4000,3840.8000,3841.6000,1,1,1,1,1,1,2,1,1,2
SF,IF2001,2019-12-04 09:30:20.800,3837.8000,4772,0,64466400.000,0,-,-,-,-,3837.2000,3836.6000,3836.4000,3836.2000,3835.6000,3837.6000,3838.0000,3838.6000,3839.4000,3840.8000,1,1,1,1,1,1,1,2,1,1
SF,IF2001,2019-12-04 09:30:21.300,3838.0000,4771,-1,66769140.000,2,0,2,多平,S,3837.2000,3836.6000,3836.4000,3836.2000,3835.6000,3838.6000,3839.4000,3840.8000,3841.6000,3841.8000,1,1,1,1,1,2,1,1,2,9
SF,IF2001,2019-12-04 09:30:21.800,3837.2000,4771,0,67920300.000,1,0,1,多换,S,3836.6000,3836.4000,3836.2000,3835.6000,3835.4000,3838.4000,3838.6000,3838.8000,3839.4000,3840.8000,1,1,1,1,2,2,3,1,1,1
SF,IF2001,2019-12-04 09:30:22.300,3837.2000,4771,0,67920300.000,0,-,-,-,-,3836.6000,3836.4000,3836.2000,3835.6000,3835.4000,3838.4000,3838.6000,3838.8000,3839.4000,3840.8000,1,1,1,1,2,2,3,1,1,1
SF,IF2001,2019-12-04 09:30:22.800,3837.2000,4771,0,67920300.000,0,-,-,-,-,3836.6000,3836.4000,3836.2000,3835.6000,3835.4000,3838.0000,3838.4000,3838.6000,3838.8000,3839.4000,1,1,1,1,2,1,2,3,1,1
SF,IF2001,2019-12-04 09:30:23.300,3837.2000,4771,0,67920300.000,0,-,-,-,-,3836.6000,3836.4000,3836.2000,3835.6000,3835.4000,3838.0000,3838.4000,3838.6000,3839.4000,3840.8000,1,1,1,1,2,2,1,3,1,1
SF,IF2001,2019-12-04 09:30:23.800,3838.0000,4771,0,69071700.000,1,0,1,多换,S,3836.6000,3836.4000,3836.2000,3835.6000,3835.4000,3838.0000,3838.4000,3838.6000,3839.4000,3840.8000,1,1,1,1,2,1,1,3,1,1
SF,IF2001,2019-12-04 09:30:24.300,3838.0000,4771,0,69071700.000,0,-,-,-,-,3836.6000,3836.4000,3836.2000,3835.6000,3835.4000,3838.0000,3838.4000,3838.6000,3839.4000,3840.8000,1,1,1,1,2,1,1,2,1,1
SF,IF2001,2019-12-04 09:30:25.800,3838.0000,4771,0,69071700.000,0,-,-,-,-,3836.6000,3836.4000,3836.2000,3835.6000,3835.4000,3838.0000,3838.6000,3839.4000,3840.8000,3841.6000,1,1,1,1,2,1,2,1,1,2
SF,IF2001,2019-12-04 09:30:27.300,3836.2000,4772,1,73675320.000,4,2,2,空开,S,3835.6000,3835.4000,3835.2000,3834.8000,3834.6000,3838.0000,3838.6000,3839.4000,3840.8000,3841.6000,1,1,2,3,3,1,2,1,1,2
SF,IF2001,2019-12-04 09:30:27.800,3836.2000,4772,0,73675320.000,0,-,-,-,-,3835.8000,3835.6000,3835.4000,3835.2000,3834.8000,3838.0000,3838.6000,3839.4000,3840.8000,3841.6000,1,1,1,3,3,1,2,1,1,2
SF,IF2001,2019-12-04 09:30:28.300,3836.2000,4772,0,73675320.000,0,-,-,-,-,3835.8000,3835.6000,3835.4000,3835.2000,3834.8000,3837.8000,3838.0000,3838.6000,3839.4000,3840.8000,1,1,1,3,3,1,1,2,1,1
SF,IF2001,2019-12-04 09:30:28.800,3838.0000,4771,-1,74826720.000,1,0,1,双平,S,3836.2000,3836.0000,3835.8000,3835.6000,3835.4000,3838.6000,3839.4000,3840.8000,3841.6000,3841.8000,1,2,1,1,1,2,1,1,2,9
SF,IF2001,2019-12-04 09:30:29.300,3838.0000,4771,0,74826720.000,0,-,-,-,-,3836.4000,3836.2000,3836.0000,3835.6000,3835.4000,3837.8000,3838.4000,3838.6000,3839.4000,3840.8000,1,1,3,1,1,1,1,2,1,1
SF,IF2001,2019-12-04 09:30:29.800,3838.0000,4771,0,74826720.000,0,-,-,-,-,3836.0000,3835.6000,3835.4000,3835.2000,3835.0000,3837.0000,3837.6000,3837.8000,3838.2000,3838.4000,1,1,1,3,1,1,2,2,2,3
SF,IF2001,2019-12-04 09:30:30.300,3838.0000,4771,0,74826720.000,0,-,-,-,-,3837.0000,3836.2000,3836.0000,3835.6000,3835.4000,3837.8000,3838.4000,3838.6000,3839.4000,3840.8000,1,3,2,1,1,2,1,2,1,1
SF,IF2001,2019-12-04 09:30:30.800,3838.0000,4771,0,74826720.000,0,-,-,-,-,3837.0000,3836.0000,3835.6000,3835.4000,3835.2000,3837.8000,3838.4000,3838.6000,3839.4000,3840.8000,1,1,1,1,3,3,1,2,1,1
SF,IF2001,2019-12-04 09:30:31.300,3838.0000,4771,0,74826720.000,0,-,-,-,-,3837.0000,3836.0000,3835.6000,3835.4000,3835.2000,3837.8000,3838.4000,3838.6000,3839.4000,3840.8000,1,2,1,1,3,3,1,2,1,1
SF,IF2001,2019-12-04 09:30:31.800,3838.0000,4771,0,74826720.000,0,-,-,-,-,3837.0000,3836.0000,3835.6000,3835.4000,3835.2000,3837.6000,3837.8000,3838.4000,3838.6000,3839.4000,1,2,1,1,3,1,3,1,2,1
SF,IF2001,2019-12-04 09:30:32.300,3838.0000,4771,0,74826720.000,0,-,-,-,-,3836.0000,3835.6000,3835.4000,3835.2000,3835.0000,3837.8000,3838.4000,3838.6000,3839.4000,3840.8000,2,1,1,3,1,3,1,2,1,1
SF,IF2001,2019-12-04 09:30:32.800,3838.0000,4771,0,74826720.000,0,-,-,-,-,3836.0000,3835.6000,3835.4000,3835.2000,3835.0000,3837.8000,3838.4000,3838.6000,3839.4000,3840.8000,2,1,1,3,1,4,1,2,1,1
SF,IF2001,2019-12-04 09:30:33.300,3838.0000,4771,0,74826720.000,0,-,-,-,-,3836.0000,3835.6000,3835.4000,3835.2000,3835.0000,3837.8000,3838.4000,3838.6000,3839.4000,3840.8000,5,1,1,3,1,3,1,2,1,1
SF,IF2001,2019-12-04 09:30:33.800,3838.0000,4771,0,74826720.000,0,-,-,-,-,3836.0000,3835.6000,3835.4000,3835.2000,3835.0000,3837.8000,3838.4000,3838.6000,3839.4000,3840.8000,5,1,1,3,1,3,1,2,1,1
SF,IF2001,2019-12-04 09:30:34.300,3838.0000,4770,-1,75978120.000,1,0,1,双平,S,3836.0000,3835.6000,3835.4000,3835.2000,3835.0000,3837.8000,3838.4000,3838.6000,3839.4000,3840.8000,5,1,1,3,1,2,1,2,1,1
SF,IF2001,2019-12-04 09:30:35.300,3838.0000,4770,0,75978120.000,0,-,-,-,-,3836.0000,3835.6000,3835.4000,3835.2000,3835.0000,3837.8000,3838.4000,3838.6000,3839.4000,3840.8000,4,1,1,3,1,3,1,2,1,1
SF,IF2001,2019-12-04 09:30:35.800,3838.0000,4770,0,75978120.000,0,-,-,-,-,3836.0000,3835.6000,3835.4000,3835.2000,3835.0000,3837.6000,3837.8000,3838.4000,3838.6000,3839.4000,4,1,1,3,1,2,2,1,2,1
SF,IF2001,2019-12-04 09:30:37.800,3838.0000,4770,0,75978120.000,0,-,-,-,-,3836.0000,3835.6000,3835.4000,3835.2000,3835.0000,3837.4000,3837.6000,3837.8000,3838.4000,3838.6000,4,1,1,3,1,1,2,3,1,2
SF,IF2001,2019-12-04 09:30:38.300,3838.0000,4770,0,75978120.000,0,-,-,-,-,3836.0000,3835.2000,3835.0000,3834.8000,3834.6000,3837.4000,3837.6000,3837.8000,3838.4000,3838.6000,4,3,1,3,3,1,2,3,1,2
SF,IF2001,2019-12-04 09:30:38.800,3836.0000,4770,0,77128920.000,1,0,1,多换,S,3836.0000,3835.2000,3835.0000,3834.8000,3834.6000,3837.6000,3837.8000,3838.4000,3838.6000,3839.4000,3,3,1,3,3,2,3,1,2,1
SF,IF2001,2019-12-04 09:30:39.300,3836.0000,4769,-1,78279720.000,1,0,1,双平,S,3836.0000,3835.2000,3835.0000,3834.8000,3834.6000,3837.6000,3837.8000,3838.4000,3838.6000,3839.4000,2,3,1,3,3,1,3,1,2,1
SF,IF2001,2019-12-04 09:30:39.800,3836.0000,4769,0,78279720.000,0,-,-,-,-,3836.0000,3835.2000,3835.0000,3834.8000,3834.6000,3837.8000,3838.4000,3838.6000,3839.4000,3840.8000,3,3,1,3,3,3,1,2,1,1
SF,IF2001,2019-12-04 09:30:40.300,3836.0000,4769,0,78279720.000,0,-,-,-,-,3836.2000,3836.0000,3835.2000,3835.0000,3834.8000,3837.8000,3838.4000,3838.6000,3839.4000,3840.8000,1,3,3,1,3,3,1,2,1,1
SF,IF2001,2019-12-04 09:30:40.800,3836.0000,4769,0,78279720.000,0,-,-,-,-,3836.4000,3836.2000,3836.0000,3835.2000,3835.0000,3837.8000,3838.4000,3838.6000,3839.4000,3840.8000,1,1,3,3,1,3,1,2,1,1
SF,IF2001,2019-12-04 09:30:41.300,3837.8000,4768,-1,80582400.000,2,0,2,多平,S,3836.4000,3836.2000,3836.0000,3835.2000,3835.0000,3837.8000,3838.4000,3838.6000,3839.4000,3840.8000,2,4,1,3,1,1,1,2,1,1
SF,IF2001,2019-12-04 09:30:41.800,3837.8000,4768,0,80582400.000,0,-,-,-,-,3836.4000,3836.2000,3835.2000,3835.0000,3834.8000,3837.8000,3838.4000,3838.6000,3839.4000,3840.8000,2,3,3,1,3,1,1,2,1,1
SF,IF2001,2019-12-04 09:30:42.300,3837.8000,4768,0,80582400.000,0,-,-,-,-,3836.6000,3836.4000,3836.2000,3835.2000,3835.0000,3837.8000,3838.4000,3838.6000,3839.4000,3840.8000,2,2,3,3,1,1,1,2,1,1
SF,IF2001,2019-12-04 09:30:42.800,3836.4000,4768,0,84035280.000,3,1,2,多换,S,3836.4000,3836.2000,3835.2000,3835.0000,3834.8000,3837.8000,3838.4000,3838.6000,3839.4000,3840.8000,1,3,3,1,3,1,1,2,1,1
SF,IF2001,2019-12-04 09:30:43.300,3836.4000,4768,0,84035280.000,0,-,-,-,-,3836.4000,3836.2000,3835.2000,3835.0000,3834.8000,3837.4000,3837.8000,3838.4000,3838.6000,3839.4000,1,3,3,1,3,1,2,1,2,1
SF,IF2001,2019-12-04 09:30:44.800,3837.4000,4767,-1,85186500.000,1,0,1,双平,S,3836.4000,3836.2000,3835.2000,3835.0000,3834.8000,3837.8000,3838.4000,3838.6000,3839.4000,3840.8000,1,4,3,1,3,2,1,2,1,1
SF,IF2001,2019-12-04 09:30:45.800,3837.8000,4767,0,86337840.000,1,0,1,多换,S,3836.6000,3836.4000,3836.2000,3835.2000,3835.0000,3837.8000,3838.4000,3838.6000,3839.4000,3840.8000,1,1,4,3,1,1,1,2,1,1
SF,IF2001,2019-12-04 09:30:46.300,3837.8000,4767,0,86337840.000,0,-,-,-,-,3836.6000,3836.4000,3836.2000,3835.2000,3835.0000,3837.6000,3837.8000,3838.4000,3838.6000,3839.4000,1,1,4,3,1,1,1,1,2,1
SF,IF2001,2019-12-04 09:30:46.800,3837.8000,4767,0,86337840.000,0,-,-,-,-,3837.4000,3836.6000,3836.4000,3836.2000,3835.2000,3837.8000,3838.4000,3838.6000,3839.4000,3840.8000,1,1,1,4,3,1,1,2,1,1
SF,IF2001,2019-12-04 09:30:47.300,3837.4000,4767,0,87489060.000,1,0,1,多换,S,3836.6000,3836.4000,3836.2000,3835.2000,3835.0000,3837.8000,3838.4000,3838.6000,3839.4000,3840.8000,1,1,4,3,1,1,1,2,1,1
SF,IF2001,2019-12-04 09:30:47.800,3837.4000,4767,0,87489060.000,0,-,-,-,-,3836.6000,3836.4000,3836.2000,3835.2000,3835.0000,3837.8000,3838.4000,3838.6000,3839.4000,3840.8000,1,1,4,3,1,1,1,2,1,1
SF,IF2001,2019-12-04 09:30:48.800,3837.4000,4767,0,87489060.000,0,-,-,-,-,3836.6000,3836.4000,3836.2000,3835.2000,3835.0000,3837.8000,3838.6000,3839.4000,3840.8000,3841.6000,1,1,4,3,1,1,2,1,1,2
SF,IF2001,2019-12-04 09:30:49.300,3837.8000,4766,-1,88640400.000,1,0,1,双平,S,3836.6000,3836.4000,3836.2000,3835.2000,3835.0000,3838.6000,3839.4000,3840.8000,3841.6000,3841.8000,1,1,4,3,1,2,1,1,2,4
SF,IF2001,2019-12-04 09:30:50.300,3837.8000,4766,0,88640400.000,0,-,-,-,-,3836.6000,3836.4000,3836.2000,3835.2000,3835.0000,3838.6000,3839.4000,3840.8000,3841.6000,3841.8000,2,1,4,3,1,2,1,1,2,4
SF,IF2001,2019-12-04 09:30:50.800,3836.6000,4766,0,89791380.000,1,0,1,多换,S,3836.6000,3836.4000,3836.2000,3835.2000,3835.0000,3838.4000,3838.6000,3839.4000,3840.8000,3841.6000,1,1,4,3,1,2,2,1,1,2
SF,IF2001,2019-12-04 09:30:51.800,3836.6000,4766,0,89791380.000,0,-,-,-,-,3836.8000,3836.6000,3836.4000,3836.2000,3835.2000,3838.0000,3838.6000,3839.4000,3840.8000,3841.6000,1,1,1,3,3,1,2,1,1,2
SF,IF2001,2019-12-04 09:30:52.300,3836.6000,4766,0,89791380.000,0,-,-,-,-,3837.0000,3836.8000,3836.6000,3836.4000,3836.2000,3838.6000,3839.4000,3840.8000,3841.6000,3841.8000,3,3,1,1,3,2,1,1,2,4
SF,IF2001,2019-12-04 09:30:52.800,3836.6000,4766,0,89791380.000,0,-,-,-,-,3837.0000,3836.8000,3836.6000,3836.4000,3836.2000,3838.6000,3839.4000,3840.8000,3841.6000,3841.8000,1,3,1,1,3,1,1,1,2,4
SF,IF2001,2019-12-04 09:30:53.300,3836.6000,4766,0,89791380.000,0,-,-,-,-,3837.2000,3837.0000,3836.8000,3836.6000,3836.4000,3838.6000,3839.4000,3840.8000,3841.6000,3841.8000,1,1,3,2,1,1,1,1,2,4
SF,IF2001,2019-12-04 09:30:53.800,3836.6000,4757,-9,101301180.000,10,0,10,多平,S,3836.6000,3836.4000,3836.2000,3835.2000,3835.0000,3838.6000,3839.4000,3840.8000,3841.6000,3841.8000,4,1,3,3,1,1,1,1,2,4
SF,IF2001,2019-12-04 09:30:54.300,3836.6000,4757,0,101301180.000,0,-,-,-,-,3837.0000,3836.8000,3836.6000,3836.4000,3836.2000,3838.6000,3839.4000,3840.8000,3841.6000,3841.8000,2,2,4,1,3,1,1,1,2,4
SF,IF2001,2019-12-04 09:30:55.300,3836.6000,4757,0,101301180.000,0,-,-,-,-,3837.0000,3836.8000,3836.6000,3836.4000,3836.2000,3838.6000,3839.4000,3840.8000,3841.6000,3841.8000,3,2,4,1,3,1,1,1,2,4
SF,IF2001,2019-12-04 09:30:55.800,3836.6000,4757,0,101301180.000,0,-,-,-,-,3837.2000,3837.0000,3836.8000,3836.6000,3836.4000,3838.6000,3839.4000,3840.8000,3841.6000,3841.8000,1,4,2,4,1,1,1,1,2,4
SF,IF2001,2019-12-04 09:30:56.800,3837.2000,4756,-1,102452340.000,1,0,1,双平,S,3837.0000,3836.8000,3836.6000,3836.4000,3836.2000,3837.2000,3838.6000,3839.4000,3840.8000,3841.6000,4,2,5,1,3,2,1,1,1,2
SF,IF2001,2019-12-04 09:30:57.300,3837.2000,4754,-2,104754660.000,2,0,2,双平,S,3837.2000,3837.0000,3836.6000,3836.4000,3836.2000,3838.6000,3839.4000,3840.8000,3841.6000,3841.8000,2,2,5,1,3,2,1,1,2,4
SF,IF2001,2019-12-04 09:30:57.800,3837.2000,4754,0,104754660.000,0,-,-,-,-,3837.6000,3837.4000,3837.2000,3837.0000,3836.6000,3838.6000,3839.4000,3840.8000,3841.6000,3841.8000,1,1,3,1,5,1,1,1,2,4
SF,IF2001,2019-12-04 09:30:58.300,3837.2000,4754,0,104754660.000,0,-,-,-,-,3837.2000,3837.0000,3836.6000,3836.4000,3836.2000,3838.6000,3839.4000,3840.8000,3841.6000,3841.8000,3,1,6,1,3,1,1,1,2,4
SF,IF2001,2019-12-04 09:30:59.300,3837.2000,4754,0,104754660.000,0,-,-,-,-,3837.2000,3837.0000,3836.6000,3836.4000,3836.2000,3838.6000,3839.4000,3840.8000,3841.6000,3841.8000,1,1,6,1,3,1,1,1,2,4
SF,IF2001,2019-12-04 09:30:59.800,3837.2000,4754,0,104754660.000,0,-,-,-,-,3837.0000,3836.6000,3836.4000,3836.2000,3835.6000,3838.4000,3838.6000,3839.4000,3840.8000,3841.6000,1,6,1,3,1,1,1,1,1,2
SF,IF2001,2019-12-04 09:31:01.300,3837.2000,4754,0,104754660.000,0,-,-,-,-,3836.6000,3836.4000,3836.2000,3835.6000,3835.2000,3838.2000,3838.4000,3838.6000,3839.4000,3840.8000,6,1,3,1,2,1,1,2,1,1
SF,IF2001,2019-12-04 09:31:01.800,3837.2000,4754,0,104754660.000,0,-,-,-,-,3836.6000,3836.4000,3836.2000,3835.6000,3835.2000,3838.2000,3838.4000,3838.6000,3839.4000,3840.8000,6,1,3,1,2,1,1,3,1,1
SF,IF2001,2019-12-04 09:31:02.300,3838.4000,4752,-2,107057640.000,2,0,2,双平,S,3838.4000,3836.6000,3836.4000,3836.2000,3835.2000,3838.6000,3839.4000,3840.8000,3841.6000,3841.8000,5,6,1,3,2,4,1,1,2,4
SF,IF2001,2019-12-04 09:31:02.800,3838.4000,4747,-5,112815240.000,5,0,5,双平,S,3836.6000,3836.4000,3836.2000,3835.2000,3835.0000,3838.2000,3838.4000,3838.6000,3839.4000,3840.8000,5,1,3,2,1,1,2,5,1,1
SF,IF2001,2019-12-04 09:31:03.300,3838.4000,4747,0,112815240.000,0,-,-,-,-,3836.8000,3836.6000,3836.4000,3836.2000,3835.6000,3838.6000,3839.4000,3840.8000,3841.6000,3841.8000,1,5,1,3,1,4,1,1,2,4
SF,IF2001,2019-12-04 09:31:03.800,3838.4000,4747,0,112815240.000,0,-,-,-,-,3836.6000,3836.4000,3836.2000,3835.6000,3835.2000,3838.4000,3838.6000,3838.8000,3839.4000,3840.8000,5,1,3,1,2,5,6,1,1,1
SF,IF2001,2019-12-04 09:31:04.300,3838.4000,4747,0,112815240.000,0,-,-,-,-,3836.6000,3836.4000,3836.2000,3835.2000,3835.0000,3838.0000,3838.2000,3838.4000,3838.6000,3839.4000,5,1,3,2,1,1,1,3,5,1
SF,IF2001,2019-12-04 09:31:04.800,3838.4000,4747,0,112815240.000,0,-,-,-,-,3836.6000,3836.4000,3836.2000,3835.2000,3835.0000,3838.0000,3838.2000,3838.4000,3838.6000,3839.4000,5,1,3,2,1,1,2,3,5,1
SF,IF2001,2019-12-04 09:31:05.300,3838.4000,4748,1,116269800.000,3,2,1,空开,S,3836.8000,3836.6000,3836.4000,3836.2000,3835.2000,3838.4000,3838.6000,3839.4000,3840.8000,3841.6000,1,5,1,3,2,3,4,1,1,2
SF,IF2001,2019-12-04 09:31:05.800,3838.4000,4748,0,116269800.000,0,-,-,-,-,3836.6000,3836.4000,3836.2000,3835.2000,3835.0000,3838.0000,3838.4000,3838.6000,3839.4000,3840.8000,5,1,3,2,1,1,2,5,1,1
SF,IF2001,2019-12-04 09:31:06.300,3838.4000,4748,0,116269800.000,0,-,-,-,-,3836.6000,3836.4000,3836.2000,3835.2000,3835.0000,3838.0000,3838.4000,3838.6000,3839.4000,3840.8000,6,1,3,2,1,1,2,4,1,1
SF,IF2001,2019-12-04 09:31:07.800,3838.4000,4748,0,116269800.000,0,-,-,-,-,3836.8000,3836.6000,3836.4000,3836.2000,3835.2000,3838.0000,3838.4000,3838.6000,3839.4000,3840.8000,1,6,1,3,2,1,1,4,1,1
SF,IF2001,2019-12-04 09:31:08.300,3838.4000,4748,0,116269800.000,0,-,-,-,-,3837.6000,3837.0000,3836.8000,3836.6000,3836.4000,3838.4000,3838.6000,3839.4000,3840.8000,3841.6000,1,2,2,5,1,1,3,1,1,2
SF,IF2001,2019-12-04 09:31:08.800,3838.4000,4748,0,116269800.000,0,-,-,-,-,3837.0000,3836.8000,3836.6000,3836.4000,3836.2000,3838.4000,3838.6000,3839.4000,3840.8000,3841.6000,2,2,5,1,3,1,3,1,1,2
SF,IF2001,2019-12-04 09:31:09.300,3838.4000,4748,0,116269800.000,0,-,-,-,-,3837.2000,3837.0000,3836.8000,3836.6000,3836.4000,3838.4000,3838.6000,3839.4000,3839.8000,3840.8000,1,2,2,5,1,1,3,1,1,1
SF,IF2001,2019-12-04 09:31:09.800,3838.4000,4748,0,116269800.000,0,-,-,-,-,3837.8000,3837.4000,3837.2000,3837.0000,3836.8000,3838.4000,3838.6000,3839.4000,3839.8000,3840.8000,1,1,1,1,2,1,3,1,1,1
SF,IF2001,2019-12-04 09:31:10.300,3838.4000,4748,0,116269800.000,0,-,-,-,-,3837.4000,3837.2000,3837.0000,3836.8000,3836.6000,3838.4000,3838.6000,3839.4000,3839.8000,3840.8000,1,1,1,2,5,1,3,1,1,1
SF,IF2001,2019-12-04 09:31:10.800,3838.4000,4749,1,117421320.000,1,1,0,双开,S,3837.4000,3837.2000,3837.0000,3836.8000,3836.6000,3838.6000,3839.4000,3839.8000,3840.8000,3841.6000,1,1,1,2,5,3,1,1,1,2
SF,IF2001,2019-12-04 09:31:11.800,3837.4000,4748,-1,118572540.000,1,0,1,双平,S,3837.2000,3837.0000,3836.8000,3836.6000,3836.4000,3838.6000,3839.4000,3839.8000,3840.8000,3841.6000,1,1,2,5,1,3,1,1,1,2
SF,IF2001,2019-12-04 09:31:12.300,3837.2000,4747,-1,119723700.000,1,0,1,双平,S,3837.0000,3836.8000,3836.6000,3836.4000,3836.2000,3838.4000,3838.6000,3839.4000,3839.8000,3840.8000,1,1,5,1,4,2,3,1,1,1
SF,IF2001,2019-12-04 09:31:12.800,3837.2000,4747,0,119723700.000,0,-,-,-,-,3837.0000,3836.8000,3836.6000,3836.4000,3836.2000,3838.4000,3838.6000,3839.4000,3839.8000,3840.8000,1,1,5,1,4,2,3,1,1,1
SF,IF2001,2019-12-04 09:31:14.300,3837.2000,4747,0,119723700.000,0,-,-,-,-,3837.0000,3836.8000,3836.6000,3836.4000,3836.2000,3838.4000,3838.6000,3839.4000,3839.8000,3840.8000,1,1,5,1,4,1,3,1,1,1
SF,IF2001,2019-12-04 09:31:14.800,3837.2000,4747,0,119723700.000,0,-,-,-,-,3837.2000,3837.0000,3836.6000,3836.4000,3836.2000,3838.4000,3838.6000,3839.4000,3839.8000,3840.8000,2,1,5,1,4,1,3,1,1,1
SF,IF2001,2019-12-04 09:31:15.300,3838.4000,4746,-1,120875220.000,1,0,1,双平,S,3837.2000,3837.0000,3836.6000,3836.4000,3836.2000,3838.6000,3839.4000,3839.8000,3840.8000,3841.6000,1,1,5,1,3,3,1,1,1,2
SF,IF2001,2019-12-04 09:31:15.800,3838.4000,4746,0,120875220.000,0,-,-,-,-,3837.2000,3837.0000,3836.6000,3836.4000,3836.2000,3838.6000,3839.4000,3839.8000,3840.8000,3841.6000,2,1,5,1,3,3,1,1,1,2
SF,IF2001,2019-12-04 09:31:16.300,3838.4000,4746,0,120875220.000,0,-,-,-,-,3837.8000,3837.6000,3837.2000,3837.0000,3836.6000,3838.6000,3839.4000,3839.8000,3840.8000,3841.6000,1,1,2,1,5,3,1,1,1,2
SF,IF2001,2019-12-04 09:31:16.800,3838.4000,4746,0,120875220.000,0,-,-,-,-,3837.6000,3837.2000,3837.0000,3836.6000,3836.4000,3838.6000,3839.4000,3839.8000,3840.8000,3841.6000,1,2,1,5,1,3,1,1,1,2
SF,IF2001,2019-12-04 09:31:17.800,3838.4000,4746,0,120875220.000,0,-,-,-,-,3838.4000,3837.6000,3837.2000,3837.0000,3836.6000,3838.6000,3839.4000,3839.8000,3840.8000,3841.6000,1,1,2,1,5,3,1,1,1,2
SF,IF2001,2019-12-04 09:31:18.300,3838.6000,4745,-1,124329960.000,3,1,2,多平,S,3838.4000,3837.6000,3837.2000,3837.0000,3836.6000,3839.4000,3839.8000,3840.8000,3841.6000,3841.8000,1,1,2,1,5,1,1,1,2,4
SF,IF2001,2019-12-04 09:31:18.800,3838.6000,4745,0,124329960.000,0,-,-,-,-,3838.4000,3837.6000,3837.2000,3837.0000,3836.6000,3839.2000,3839.4000,3839.8000,3840.8000,3841.6000,1,1,2,1,5,1,2,1,1,2
SF,IF2001,2019-12-04 09:31:19.300,3838.6000,4745,0,124329960.000,0,-,-,-,-,3838.4000,3837.6000,3837.2000,3837.0000,3836.6000,3839.2000,3839.4000,3839.8000,3840.8000,3841.6000,1,1,2,1,5,1,2,1,1,2
SF,IF2001,2019-12-04 09:31:21.300,3838.6000,4745,0,124329960.000,0,-,-,-,-,3838.4000,3837.8000,3837.6000,3837.2000,3837.0000,3839.4000,3839.8000,3840.8000,3841.6000,3841.8000,2,1,1,2,1,2,1,1,2,4
SF,IF2001,2019-12-04 09:31:21.800,3838.6000,4745,0,124329960.000,0,-,-,-,-,3838.4000,3837.8000,3837.6000,3837.2000,3837.0000,3839.4000,3839.8000,3840.8000,3841.6000,3841.8000,2,1,1,3,1,2,1,1,2,4
SF,IF2001,2019-12-04 09:31:22.300,3838.6000,4745,0,124329960.000,0,-,-,-,-,3838.4000,3837.8000,3837.2000,3837.0000,3836.6000,3839.2000,3839.4000,3839.8000,3840.8000,3841.6000,2,1,3,1,5,1,2,1,1,2
SF,IF2001,2019-12-04 09:31:23.300,3838.6000,4745,0,124329960.000,0,-,-,-,-,3838.4000,3837.8000,3837.2000,3837.0000,3836.6000,3839.4000,3839.8000,3840.8000,3841.6000,3841.8000,2,1,3,1,5,2,1,1,2,4
SF,IF2001,2019-12-04 09:31:23.800,3838.6000,4745,0,124329960.000,0,-,-,-,-,3838.4000,3837.8000,3837.2000,3837.0000,3836.6000,3839.8000,3840.2000,3840.8000,3841.6000,3841.8000,2,1,3,1,5,1,1,1,2,4
SF,IF2001,2019-12-04 09:31:24.300,3838.6000,4745,0,124329960.000,0,-,-,-,-,3838.4000,3837.8000,3837.2000,3837.0000,3836.6000,3839.6000,3839.8000,3840.2000,3840.8000,3841.6000,2,1,3,1,5,1,1,1,1,2
SF,IF2001,2019-12-04 09:31:24.800,3838.6000,4745,0,124329960.000,0,-,-,-,-,3839.4000,3838.4000,3837.8000,3837.2000,3837.0000,3839.6000,3839.8000,3840.2000,3840.8000,3841.6000,8,2,1,3,1,1,1,1,1,2
SF,IF2001,2019-12-04 09:31:25.300,3839.4000,4740,-5,130089060.000,5,0,5,双平,S,3839.4000,3838.4000,3837.8000,3837.2000,3837.0000,3839.6000,3839.8000,3840.2000,3840.8000,3841.6000,3,2,1,3,1,1,1,1,1,2
SF,IF2001,2019-12-04 09:31:25.800,3839.8000,4740,0,131241000.000,1,0,1,多换,S,3839.8000,3839.4000,3838.4000,3837.8000,3837.2000,3840.2000,3840.8000,3841.6000,3841.8000,3843.8000,2,3,2,1,3,1,1,2,4,1
SF,IF2001,2019-12-04 09:31:26.300,3839.4000,4737,-3,137000340.000,5,1,4,多平,S,3838.4000,3837.8000,3837.2000,3837.0000,3836.6000,3839.6000,3839.8000,3840.0000,3840.2000,3840.8000,2,1,3,1,5,2,3,1,1,1
SF,IF2001,2019-12-04 09:31:26.800,3839.4000,4737,0,137000340.000,0,-,-,-,-,3838.6000,3838.4000,3837.8000,3837.2000,3837.0000,3839.6000,3839.8000,3840.0000,3840.2000,3840.8000,1,2,1,2,1,2,2,1,1,1
SF,IF2001,2019-12-04 09:31:27.300,3839.6000,4735,-2,139304100.000,2,0,2,双平,S,3838.6000,3838.4000,3837.8000,3837.2000,3837.0000,3839.8000,3840.0000,3840.2000,3840.8000,3841.6000,1,2,1,2,1,2,1,1,2,2
SF,IF2001,2019-12-04 09:31:27.800,3839.6000,4735,0,139304100.000,0,-,-,-,-,3838.6000,3838.4000,3837.8000,3837.2000,3837.0000,3839.8000,3840.2000,3840.8000,3841.6000,3841.8000,1,2,1,2,1,2,1,2,2,4
SF,IF2001,2019-12-04 09:31:28.300,3839.6000,4735,0,139304100.000,0,-,-,-,-,3839.6000,3838.6000,3838.4000,3837.8000,3837.2000,3840.2000,3840.8000,3841.6000,3841.8000,3843.8000,2,1,2,1,2,1,2,2,4,1
SF,IF2001,2019-12-04 09:31:28.800,3839.6000,4734,-1,142759740.000,3,1,2,多平,S,3839.6000,3838.6000,3838.4000,3837.8000,3837.2000,3840.2000,3840.8000,3841.6000,3841.8000,3843.8000,1,1,2,1,2,1,2,2,4,1
SF,IF2001,2019-12-04 09:31:29.300,3839.6000,4734,0,143911620.000,1,0,1,多换,S,3838.6000,3838.4000,3837.8000,3837.2000,3837.0000,3840.2000,3840.8000,3841.6000,3841.8000,3843.8000,2,2,1,2,1,1,2,2,4,1
SF,IF2001,2019-12-04 09:31:30.300,3839.6000,4734,0,143911620.000,0,-,-,-,-,3838.6000,3838.4000,3837.8000,3837.2000,3837.0000,3839.6000,3840.2000,3840.8000,3841.6000,3841.8000,2,2,1,2,1,1,1,1,2,4
SF,IF2001,2019-12-04 09:31:30.800,3839.6000,4734,0,143911620.000,0,-,-,-,-,3838.6000,3838.4000,3837.8000,3837.2000,3837.0000,3839.6000,3840.0000,3840.8000,3841.0000,3841.6000,2,2,1,2,1,1,1,1,1,2
SF,IF2001,2019-12-04 09:31:31.300,3839.6000,4734,0,145063500.000,1,0,1,多换,S,3838.6000,3838.4000,3837.8000,3837.2000,3837.0000,3840.0000,3840.8000,3841.0000,3841.6000,3841.8000,2,2,1,2,1,1,3,1,2,4
SF,IF2001,2019-12-04 09:31:32.300,3839.6000,4734,0,145063500.000,0,-,-,-,-,3838.6000,3838.4000,3837.8000,3837.2000,3837.0000,3840.8000,3841.0000,3841.6000,3841.8000,3843.8000,2,2,1,2,1,3,1,2,4,1
SF,IF2001,2019-12-04 09:31:32.800,3839.6000,4734,0,145063500.000,0,-,-,-,-,3838.6000,3838.4000,3837.8000,3837.2000,3837.0000,3840.2000,3840.4000,3840.6000,3840.8000,3841.0000,2,2,1,2,1,1,3,3,3,1
SF,IF2001,2019-12-04 09:31:33.300,3839.6000,4734,0,145063500.000,0,-,-,-,-,3838.6000,3838.4000,3838.0000,3837.8000,3837.2000,3840.6000,3840.8000,3841.0000,3841.6000,3841.8000,2,2,1,1,2,1,2,1,2,4
SF,IF2001,2019-12-04 09:31:33.800,3839.6000,4734,0,145063500.000,0,-,-,-,-,3838.6000,3838.4000,3838.0000,3837.8000,3837.2000,3840.4000,3840.6000,3840.8000,3841.0000,3841.6000,2,2,1,1,2,1,1,2,1,2
SF,IF2001,2019-12-04 09:31:34.300,3839.6000,4734,0,145063500.000,0,-,-,-,-,3838.6000,3838.4000,3838.0000,3837.8000,3837.2000,3839.8000,3840.4000,3840.6000,3840.8000,3841.0000,2,2,1,1,2,1,1,1,2,1
SF,IF2001,2019-12-04 09:31:34.800,3839.6000,4734,0,145063500.000,0,-,-,-,-,3838.8000,3838.6000,3838.4000,3838.0000,3837.8000,3840.4000,3840.8000,3841.0000,3841.6000,3841.8000,1,2,2,1,1,1,2,1,2,4
SF,IF2001,2019-12-04 09:31:35.300,3839.6000,4734,0,145063500.000,0,-,-,-,-,3838.6000,3838.4000,3838.0000,3837.8000,3837.2000,3840.4000,3840.8000,3841.0000,3841.6000,3841.8000,2,2,1,1,2,1,2,1,2,4
SF,IF2001,2019-12-04 09:31:35.800,3839.6000,4734,0,145063500.000,0,-,-,-,-,3838.8000,3838.6000,3838.4000,3838.0000,3837.8000,3840.4000,3840.8000,3841.0000,3841.6000,3841.8000,1,2,2,1,1,1,2,1,2,4
SF,IF2001,2019-12-04 09:31:36.300,3839.6000,4734,0,145063500.000,0,-,-,-,-,3839.0000,3838.6000,3838.4000,3838.0000,3837.8000,3840.4000,3840.8000,3841.0000,3841.6000,3841.8000,1,1,2,1,1,1,2,1,2,4
SF,IF2001,2019-12-04 09:31:36.800,3839.6000,4734,0,145063500.000,0,-,-,-,-,3839.0000,3838.6000,3838.4000,3838.0000,3837.8000,3840.8000,3841.0000,3841.6000,3841.8000,3843.8000,2,1,2,1,1,2,1,2,4,1
SF,IF2001,2019-12-04 09:31:37.300,3839.6000,4734,0,145063500.000,0,-,-,-,-,3839.0000,3838.6000,3838.4000,3838.0000,3837.8000,3840.4000,3840.8000,3841.0000,3841.6000,3841.8000,2,1,2,1,1,1,2,1,2,4
SF,IF2001,2019-12-04 09:31:37.800,3839.6000,4734,0,145063500.000,0,-,-,-,-,3839.4000,3839.0000,3838.6000,3838.4000,3838.0000,3840.4000,3840.8000,3841.0000,3841.6000,3841.8000,1,2,1,2,2,1,2,1,2,4
SF,IF2001,2019-12-04 09:31:38.300,3839.6000,4734,0,145063500.000,0,-,-,-,-,3839.6000,3839.4000,3839.0000,3838.6000,3838.4000,3841.0000,3841.6000,3841.8000,3843.8000,3844.4000,1,1,1,1,2,1,2,4,1,1
SF,IF2001,2019-12-04 09:31:38.800,3839.6000,4734,0,145063500.000,0,-,-,-,-,3839.6000,3839.4000,3839.0000,3838.6000,3838.4000,3841.6000,3841.8000,3843.8000,3844.4000,3847.2000,1,1,1,2,2,2,5,1,1,1
SF,IF2001,2019-12-04 09:31:39.800,3841.6000,4734,0,146215980.000,1,0,1,多换,S,3839.8000,3839.6000,3839.4000,3839.0000,3838.6000,3841.6000,3841.8000,3843.8000,3844.4000,3847.2000,1,1,1,1,2,1,5,1,1,1
SF,IF2001,2019-12-04 09:31:40.300,3841.6000,4735,1,147368460.000,1,1,0,双开,S,3840.4000,3840.0000,3839.8000,3839.4000,3839.0000,3841.8000,3842.6000,3843.8000,3844.4000,3847.2000,1,1,1,1,1,4,1,1,1,1
SF,IF2001,2019-12-04 09:31:40.800,3841.6000,4735,0,147368460.000,0,-,-,-,-,3840.0000,3839.8000,3839.4000,3839.0000,3838.6000,3841.6000,3841.8000,3842.0000,3842.6000,3843.8000,2,1,1,1,1,2,4,1,1,1
SF,IF2001,2019-12-04 09:31:41.300,3841.6000,4735,0,147368460.000,0,-,-,-,-,3840.0000,3839.4000,3839.0000,3838.6000,3838.4000,3841.6000,3841.8000,3842.0000,3842.6000,3843.8000,2,1,1,1,2,2,5,1,1,1
SF,IF2001,2019-12-04 09:31:41.800,3841.6000,4735,0,147368460.000,0,-,-,-,-,3840.2000,3840.0000,3839.4000,3839.0000,3838.6000,3841.6000,3841.8000,3842.0000,3842.6000,3843.8000,1,2,1,1,1,2,5,1,1,1
SF,IF2001,2019-12-04 09:31:42.300,3841.6000,4735,0,147368460.000,0,-,-,-,-,3840.2000,3840.0000,3839.4000,3839.0000,3838.6000,3841.6000,3841.8000,3842.0000,3842.6000,3843.8000,1,2,1,1,1,1,5,1,1,1
SF,IF2001,2019-12-04 09:31:42.800,3841.6000,4735,0,147368460.000,0,-,-,-,-,3840.2000,3840.0000,3839.4000,3839.0000,3838.6000,3841.6000,3841.8000,3842.0000,3842.6000,3843.8000,1,2,1,1,1,1,5,1,1,1
SF,IF2001,2019-12-04 09:31:43.800,3841.6000,4735,0,147368460.000,0,-,-,-,-,3840.0000,3839.4000,3839.0000,3838.6000,3838.4000,3841.6000,3841.8000,3842.0000,3842.6000,3843.8000,1,1,1,1,2,1,5,1,1,1
SF,IF2001,2019-12-04 09:31:44.800,3841.6000,4735,0,147368460.000,0,-,-,-,-,3840.0000,3839.4000,3839.0000,3838.6000,3838.4000,3841.4000,3841.6000,3841.8000,3842.0000,3842.6000,1,1,1,1,2,1,1,5,1,1
SF,IF2001,2019-12-04 09:31:45.300,3841.6000,4735,0,147368460.000,0,-,-,-,-,3840.0000,3839.4000,3839.0000,3838.6000,3838.4000,3841.4000,3841.6000,3841.8000,3842.0000,3842.6000,1,1,2,1,2,2,1,4,1,1
SF,IF2001,2019-12-04 09:31:45.800,3841.6000,4735,0,147368460.000,0,-,-,-,-,3840.0000,3839.4000,3839.0000,3838.6000,3838.4000,3841.4000,3841.6000,3841.8000,3842.0000,3842.6000,1,1,2,1,2,2,1,5,1,1
SF,IF2001,2019-12-04 09:31:46.300,3841.6000,4735,0,147368460.000,0,-,-,-,-,3840.0000,3839.4000,3839.0000,3838.6000,3838.4000,3841.2000,3841.4000,3841.6000,3841.8000,3842.0000,1,1,2,1,2,1,3,1,5,1
SF,IF2001,2019-12-04 09:31:46.800,3841.6000,4735,0,147368460.000,0,-,-,-,-,3840.2000,3840.0000,3839.4000,3839.0000,3838.6000,3841.4000,3841.8000,3842.0000,3842.6000,3843.8000,1,1,1,2,1,3,5,1,1,1
SF,IF2001,2019-12-04 09:31:47.300,3841.6000,4735,0,147368460.000,0,-,-,-,-,3840.4000,3840.2000,3839.4000,3839.0000,3838.6000,3841.4000,3841.8000,3842.6000,3843.8000,3844.4000,1,2,1,2,1,3,4,1,1,1
SF,IF2001,2019-12-04 09:31:47.800,3841.6000,4735,0,147368460.000,0,-,-,-,-,3840.4000,3840.2000,3839.4000,3839.0000,3838.6000,3841.4000,3841.8000,3842.6000,3843.8000,3844.4000,1,2,1,2,1,1,4,1,1,1
SF,IF2001,2019-12-04 09:31:48.800,3841.8000,4734,-1,149673420.000,2,0,2,多平,S,3840.6000,3840.4000,3840.2000,3839.4000,3839.0000,3841.8000,3842.6000,3843.8000,3844.4000,3847.2000,1,1,2,1,1,3,1,1,1,1
SF,IF2001,2019-12-04 09:31:49.300,3841.8000,4734,0,149673420.000,0,-,-,-,-,3841.4000,3840.8000,3840.6000,3840.2000,3839.4000,3841.8000,3842.6000,3843.8000,3844.4000,3847.2000,1,1,1,2,1,3,1,1,1,1
SF,IF2001,2019-12-04 09:31:49.800,3841.8000,4734,0,149673420.000,0,-,-,-,-,3840.8000,3840.6000,3840.2000,3839.4000,3839.0000,3841.8000,3842.6000,3843.8000,3844.4000,3847.2000,1,1,2,1,1,3,1,1,1,1
SF,IF2001,2019-12-04 09:31:52.300,3840.8000,4734,0,150825660.000,1,0,1,多换,S,3840.2000,3839.4000,3839.0000,3838.6000,3838.4000,3841.8000,3842.6000,3843.8000,3844.4000,3847.2000,2,1,1,1,2,3,1,1,1,1
SF,IF2001,2019-12-04 09:31:52.800,3840.8000,4734,0,150825660.000,0,-,-,-,-,3841.0000,3840.2000,3839.4000,3839.0000,3838.6000,3841.8000,3842.6000,3843.8000,3844.4000,3847.2000,2,4,1,1,1,3,1,1,1,1
SF,IF2001,2019-12-04 09:31:53.300,3841.0000,4733,-1,151977960.000,1,0,1,双平,S,3840.2000,3839.4000,3839.0000,3838.6000,3838.4000,3841.8000,3842.6000,3843.8000,3844.4000,3847.2000,3,1,1,1,2,3,1,1,1,1
SF,IF2001,2019-12-04 09:31:53.800,3841.0000,4733,0,151977960.000,0,-,-,-,-,3840.2000,3839.4000,3839.0000,3838.6000,3838.4000,3841.8000,3842.6000,3843.8000,3844.4000,3847.2000,3,1,1,1,2,4,1,1,1,1
SF,IF2001,2019-12-04 09:31:54.300,3841.0000,4733,0,151977960.000,0,-,-,-,-,3840.2000,3839.4000,3839.0000,3838.6000,3838.4000,3841.8000,3842.6000,3843.8000,3844.4000,3847.2000,2,1,1,1,2,4,1,1,1,1
SF,IF2001,2019-12-04 09:31:54.800,3841.0000,4733,0,151977960.000,0,-,-,-,-,3841.0000,3840.2000,3839.4000,3839.0000,3838.6000,3841.8000,3842.6000,3843.8000,3844.4000,3847.2000,1,3,1,1,1,4,1,1,1,1
SF,IF2001,2019-12-04 09:31:55.300,3841.0000,4733,0,153130260.000,1,0,1,多换,S,3840.2000,3839.4000,3839.0000,3838.6000,3838.4000,3841.8000,3842.6000,3843.8000,3844.4000,3847.2000,3,1,1,1,2,4,1,1,1,1
SF,IF2001,2019-12-04 09:31:55.800,3841.0000,4733,0,153130260.000,0,-,-,-,-,3840.2000,3839.4000,3839.0000,3838.6000,3838.4000,3841.8000,3842.6000,3843.8000,3844.4000,3847.2000,2,1,1,1,2,4,1,1,1,1
SF,IF2001,2019-12-04 09:31:56.800,3841.0000,4733,0,153130260.000,0,-,-,-,-,3840.4000,3840.2000,3839.4000,3839.0000,3838.6000,3841.8000,3842.6000,3843.8000,3844.4000,3847.2000,1,2,1,1,1,4,1,1,1,1
SF,IF2001,2019-12-04 09:31:57.800,3841.0000,4733,0,153130260.000,0,-,-,-,-,3840.2000,3839.4000,3839.0000,3838.6000,3838.4000,3841.8000,3842.6000,3843.8000,3844.4000,3847.2000,2,1,1,1,2,4,1,1,1,1
SF,IF2001,2019-12-04 09:31:58.300,3841.0000,4733,0,153130260.000,0,-,-,-,-,3840.2000,3839.4000,3839.0000,3838.6000,3838.4000,3841.8000,3842.6000,3843.8000,3844.4000,3847.2000,1,1,1,1,2,4,1,1,1,1
SF,IF2001,2019-12-04 09:31:58.800,3841.8000,4733,0,154282800.000,1,0,1,多换,S,3840.2000,3839.4000,3839.0000,3838.6000,3838.4000,3841.8000,3842.6000,3843.8000,3844.4000,3847.2000,1,1,1,1,2,3,1,1,1,1
SF,IF2001,2019-12-04 09:31:59.300,3841.8000,4733,0,154282800.000,0,-,-,-,-,3840.2000,3839.4000,3839.0000,3838.6000,3838.4000,3841.8000,3842.0000,3842.6000,3843.8000,3844.4000,1,1,1,1,2,3,1,1,1,1
SF,IF2001,2019-12-04 09:31:59.800,3840.2000,4733,0,155434860.000,1,0,1,多换,S,3839.4000,3839.0000,3838.6000,3838.4000,3838.0000,3841.6000,3841.8000,3842.0000,3842.6000,3843.8000,1,1,1,2,1,2,5,2,1,1
SF,IF2001,2019-12-04 09:32:00.300,3840.2000,4733,0,155434860.000,0,-,-,-,-,3839.4000,3839.0000,3838.6000,3838.4000,3838.0000,3841.4000,3841.6000,3841.8000,3842.0000,3842.6000,1,1,1,2,1,1,2,4,2,1
SF,IF2001,2019-12-04 09:32:00.800,3839.4000,4733,0,156586680.000,1,0,1,多换,S,3838.8000,3838.6000,3838.4000,3838.0000,3837.2000,3841.2000,3841.4000,3841.6000,3841.8000,3842.0000,1,1,2,1,1,2,2,2,4,2
SF,IF2001,2019-12-04 09:32:01.300,3839.4000,4733,0,156586680.000,0,-,-,-,-,3839.0000,3838.8000,3838.6000,3838.4000,3838.0000,3841.0000,3841.2000,3841.6000,3841.8000,3842.0000,2,1,1,2,1,1,2,1,4,2
SF,IF2001,2019-12-04 09:32:01.800,3839.4000,4733,0,156586680.000,0,-,-,-,-,3839.0000,3838.8000,3838.6000,3838.4000,3838.0000,3840.8000,3841.0000,3841.2000,3841.6000,3841.8000,2,1,1,2,1,1,1,1,1,4
SF,IF2001,2019-12-04 09:32:02.300,3839.4000,4733,0,156586680.000,0,-,-,-,-,3839.0000,3838.8000,3838.6000,3838.4000,3838.0000,3840.6000,3840.8000,3841.2000,3841.6000,3841.8000,2,1,1,2,1,1,1,1,1,4
SF,IF2001,2019-12-04 09:32:02.800,3839.4000,4733,0,156586680.000,0,-,-,-,-,3839.0000,3838.8000,3838.6000,3838.4000,3838.0000,3840.6000,3840.8000,3841.2000,3841.6000,3841.8000,1,1,1,2,1,1,1,1,1,4
SF,IF2001,2019-12-04 09:32:03.300,3839.4000,4733,0,156586680.000,0,-,-,-,-,3839.0000,3838.8000,3838.6000,3838.4000,3838.0000,3840.6000,3840.8000,3841.2000,3841.6000,3841.8000,1,1,1,2,1,1,1,1,1,3
SF,IF2001,2019-12-04 09:32:03.800,3839.4000,4733,0,156586680.000,0,-,-,-,-,3839.0000,3838.8000,3838.6000,3838.4000,3838.0000,3840.6000,3840.8000,3841.2000,3841.6000,3841.8000,2,1,1,2,1,1,1,1,1,3
SF,IF2001,2019-12-04 09:32:04.300,3839.4000,4733,0,156586680.000,0,-,-,-,-,3839.0000,3838.8000,3838.6000,3838.4000,3838.0000,3840.8000,3841.2000,3841.6000,3841.8000,3842.0000,2,1,1,2,1,1,1,1,3,2
SF,IF2001,2019-12-04 09:32:04.800,3839.4000,4733,0,156586680.000,0,-,-,-,-,3839.2000,3839.0000,3838.8000,3838.6000,3838.4000,3840.8000,3841.2000,3841.6000,3841.8000,3842.0000,1,2,1,1,2,1,1,1,3,2
SF,IF2001,2019-12-04 09:32:05.300,3840.8000,4732,-1,157738920.000,1,0,1,双平,S,3839.4000,3839.2000,3839.0000,3838.8000,3838.6000,3841.2000,3841.6000,3841.8000,3842.0000,3842.6000,1,1,2,1,1,1,1,3,2,1
SF,IF2001,2019-12-04 09:32:05.800,3840.8000,4732,0,157738920.000,0,-,-,-,-,3839.6000,3839.4000,3839.2000,3839.0000,3838.8000,3841.2000,3841.6000,3841.8000,3842.0000,3842.6000,1,2,1,1,1,1,1,3,1,1
SF,IF2001,2019-12-04 09:32:06.300,3840.8000,4732,0,157738920.000,0,-,-,-,-,3839.8000,3839.6000,3839.4000,3839.2000,3838.8000,3841.2000,3841.6000,3841.8000,3842.0000,3842.6000,1,1,2,1,1,1,1,3,1,1
SF,IF2001,2019-12-04 09:32:06.800,3840.8000,4732,0,157738920.000,0,-,-,-,-,3839.8000,3839.6000,3839.4000,3839.2000,3838.8000,3841.2000,3841.6000,3841.8000,3842.0000,3842.6000,1,2,1,1,1,1,1,3,1,1
SF,IF2001,2019-12-04 09:32:07.300,3840.8000,4732,0,157738920.000,0,-,-,-,-,3839.8000,3839.6000,3839.4000,3839.2000,3838.8000,3841.2000,3841.8000,3842.0000,3842.6000,3843.8000,1,2,1,1,1,1,3,1,1,1
SF,IF2001,2019-12-04 09:32:08.300,3840.8000,4732,0,157738920.000,0,-,-,-,-,3840.0000,3839.8000,3839.6000,3839.4000,3838.8000,3841.2000,3841.8000,3842.6000,3843.8000,3844.4000,1,1,2,1,1,1,3,1,1,1
SF,IF2001,2019-12-04 09:32:08.800,3840.8000,4732,0,157738920.000,0,-,-,-,-,3840.2000,3840.0000,3839.8000,3839.6000,3838.8000,3841.2000,3841.8000,3842.6000,3843.8000,3844.4000,1,2,1,1,1,1,3,1,1,1
SF,IF2001,2019-12-04 09:32:09.800,3840.8000,4732,0,157738920.000,0,-,-,-,-,3840.4000,3840.2000,3840.0000,3839.8000,3839.6000,3841.8000,3842.6000,3843.8000,3844.4000,3847.2000,1,1,2,1,1,3,1,1,1,1
SF,IF2001,2019-12-04 09:32:10.300,3840.8000,4732,0,157738920.000,0,-,-,-,-,3840.6000,3840.4000,3840.2000,3839.6000,3838.8000,3841.8000,3842.6000,3843.8000,3844.4000,3847.2000,1,2,1,1,1,2,1,1,1,1
SF,IF2001,2019-12-04 09:32:10.800,3840.8000,4732,0,157738920.000,0,-,-,-,-,3840.6000,3840.4000,3840.2000,3839.6000,3838.8000,3841.8000,3842.6000,3843.8000,3844.4000,3847.2000,2,2,1,1,1,2,1,1,1,1
SF,IF2001,2019-12-04 09:32:11.300,3840.8000,4732,0,157738920.000,0,-,-,-,-,3840.2000,3839.6000,3838.8000,3838.6000,3838.4000,3841.8000,3842.6000,3843.8000,3844.4000,3847.2000,1,1,1,1,2,3,1,1,1,1
SF,IF2001,2019-12-04 09:32:11.800,3840.8000,4732,0,157738920.000,0,-,-,-,-,3840.2000,3839.6000,3838.8000,3838.6000,3838.4000,3841.8000,3842.6000,3843.8000,3844.4000,3847.2000,1,1,1,1,2,3,1,1,1,1
SF,IF2001,2019-12-04 09:32:12.800,3840.8000,4732,0,157738920.000,0,-,-,-,-,3840.4000,3840.2000,3839.6000,3838.8000,3838.6000,3841.8000,3842.6000,3843.8000,3844.4000,3847.2000,1,1,1,1,1,3,1,1,1,1
SF,IF2001,2019-12-04 09:32:14.800,3840.8000,4732,0,157738920.000,0,-,-,-,-,3840.2000,3839.6000,3838.8000,3838.6000,3838.4000,3841.8000,3842.6000,3843.8000,3844.4000,3847.2000,1,1,1,1,2,3,1,1,1,1
SF,IF2001,2019-12-04 09:32:15.800,3840.8000,4732,0,157738920.000,0,-,-,-,-,3839.6000,3838.8000,3838.6000,3838.4000,3838.0000,3841.8000,3842.0000,3842.6000,3843.8000,3844.4000,1,1,1,2,1,4,1,1,1,1
SF,IF2001,2019-12-04 09:32:16.300,3840.8000,4732,0,157738920.000,0,-,-,-,-,3839.6000,3838.8000,3838.6000,3838.4000,3838.0000,3841.8000,3842.0000,3842.6000,3843.8000,3844.4000,1,1,1,2,1,4,1,1,1,1
SF,IF2001,2019-12-04 09:32:16.800,3840.8000,4732,0,157738920.000,0,-,-,-,-,3839.6000,3838.8000,3838.6000,3838.4000,3838.0000,3841.4000,3841.6000,3841.8000,3842.0000,3842.6000,1,1,1,2,1,1,4,4,2,1
SF,IF2001,2019-12-04 09:32:17.300,3840.8000,4732,0,157738920.000,0,-,-,-,-,3839.6000,3838.8000,3838.6000,3838.4000,3838.0000,3841.2000,3841.4000,3841.6000,3841.8000,3842.0000,1,1,1,2,1,1,1,4,3,2
SF,IF2001,2019-12-04 09:32:17.800,3840.8000,4732,0,157738920.000,0,-,-,-,-,3838.8000,3838.6000,3838.4000,3838.0000,3836.6000,3841.2000,3841.4000,3841.6000,3841.8000,3842.0000,1,1,2,1,6,2,1,4,3,2
SF,IF2001,2019-12-04 09:32:18.300,3840.8000,4732,0,157738920.000,0,-,-,-,-,3839.0000,3838.8000,3838.6000,3838.4000,3838.0000,3841.0000,3841.2000,3841.4000,3841.6000,3841.8000,2,1,1,2,1,1,2,1,4,3
SF,IF2001,2019-12-04 09:32:18.800,3840.8000,4732,0,157738920.000,0,-,-,-,-,3839.0000,3838.8000,3838.6000,3838.4000,3838.0000,3840.8000,3841.0000,3841.2000,3841.4000,3841.6000,2,1,1,2,1,1,1,1,1,4
SF,IF2001,2019-12-04 09:32:19.300,3840.8000,4732,0,157738920.000,0,-,-,-,-,3839.0000,3838.8000,3838.6000,3838.4000,3838.0000,3840.8000,3841.0000,3841.4000,3841.6000,3841.8000,2,1,1,2,1,2,1,1,4,3
SF,IF2001,2019-12-04 09:32:21.300,3840.8000,4732,0,157738920.000,0,-,-,-,-,3839.0000,3838.8000,3838.6000,3838.4000,3838.0000,3840.8000,3841.0000,3841.4000,3841.6000,3841.8000,2,1,1,2,1,2,1,1,3,3
SF,IF2001,2019-12-04 09:32:21.800,3839.0000,4732,0,162345720.000,4,2,2,多换,S,3838.8000,3838.6000,3838.4000,3838.0000,3836.6000,3839.0000,3840.8000,3841.4000,3841.6000,3841.8000,1,1,2,1,6,6,2,1,3,3
SF,IF2001,2019-12-04 09:32:22.300,3839.0000,4733,1,171559260.000,8,4,4,空开,S,3839.4000,3839.0000,3838.6000,3838.4000,3838.0000,3840.8000,3841.4000,3841.6000,3841.8000,3842.0000,1,6,1,2,1,2,1,3,3,2
SF,IF2001,2019-12-04 09:32:22.800,3839.0000,4733,0,171559260.000,0,-,-,-,-,3839.4000,3839.2000,3839.0000,3838.6000,3838.4000,3840.6000,3840.8000,3841.6000,3841.8000,3842.0000,1,2,7,1,2,1,2,2,3,2
SF,IF2001,2019-12-04 09:32:23.800,3839.0000,4733,0,171559260.000,0,-,-,-,-,3839.4000,3839.2000,3839.0000,3838.6000,3838.4000,3840.6000,3840.8000,3841.6000,3841.8000,3842.0000,1,3,7,1,2,1,2,2,3,2
SF,IF2001,2019-12-04 09:32:24.300,3839.0000,4733,0,171559260.000,0,-,-,-,-,3839.4000,3839.2000,3839.0000,3838.6000,3838.4000,3840.4000,3840.8000,3841.6000,3841.8000,3842.0000,1,2,2,1,2,1,2,2,3,2
SF,IF2001,2019-12-04 09:32:24.800,3839.0000,4733,0,171559260.000,0,-,-,-,-,3839.4000,3839.2000,3839.0000,3838.6000,3838.4000,3840.4000,3840.8000,3841.0000,3841.6000,3841.8000,1,2,2,1,2,2,1,1,2,3
SF,IF2001,2019-12-04 09:32:28.300,3839.0000,4733,0,171559260.000,0,-,-,-,-,3839.4000,3839.2000,3839.0000,3838.6000,3838.4000,3840.4000,3840.8000,3841.0000,3841.6000,3841.8000,1,3,2,1,2,2,1,1,2,3
SF,IF2001,2019-12-04 09:32:28.800,3839.0000,4733,0,171559260.000,0,-,-,-,-,3839.4000,3839.2000,3839.0000,3838.6000,3838.4000,3840.4000,3840.8000,3841.0000,3841.6000,3841.8000,1,2,2,1,2,2,1,1,2,3
SF,IF2001,2019-12-04 09:32:29.300,3839.4000,4732,-1,172711080.000,1,0,1,双平,S,3839.2000,3839.0000,3838.6000,3838.4000,3838.0000,3840.4000,3840.8000,3841.0000,3841.6000,3841.8000,2,2,1,2,1,2,1,1,2,3
SF,IF2001,2019-12-04 09:32:29.800,3839.4000,4732,0,172711080.000,0,-,-,-,-,3839.0000,3838.6000,3838.4000,3838.0000,3836.6000,3840.2000,3840.4000,3841.0000,3841.6000,3841.8000,2,1,2,1,6,1,1,1,2,3
SF,IF2001,2019-12-04 09:32:30.300,3839.4000,4732,0,172711080.000,0,-,-,-,-,3839.0000,3838.6000,3838.4000,3838.0000,3836.6000,3840.0000,3840.2000,3841.0000,3841.6000,3841.8000,2,1,2,1,6,2,1,1,2,3
SF,IF2001,2019-12-04 09:32:30.800,3839.4000,4732,0,172711080.000,0,-,-,-,-,3839.0000,3838.6000,3838.4000,3838.0000,3836.6000,3840.0000,3840.2000,3841.0000,3841.6000,3841.8000,1,1,2,1,6,2,1,1,2,3
SF,IF2001,2019-12-04 09:32:31.300,3839.0000,4731,-1,173862780.000,1,0,1,双平,S,3838.4000,3838.0000,3837.4000,3836.6000,3836.0000,3839.8000,3840.0000,3840.2000,3841.0000,3841.6000,2,1,1,6,1,1,1,2,1,2
SF,IF2001,2019-12-04 09:32:31.800,3839.0000,4731,0,173862780.000,0,-,-,-,-,3838.4000,3838.0000,3837.4000,3836.6000,3836.0000,3839.6000,3839.8000,3840.2000,3841.0000,3841.6000,2,1,1,6,1,2,1,2,1,2
SF,IF2001,2019-12-04 09:32:32.800,3839.6000,4731,0,176166540.000,2,1,1,多换,S,3839.6000,3838.4000,3838.0000,3837.4000,3836.6000,3839.8000,3840.2000,3841.0000,3841.6000,3841.8000,3,2,1,1,6,1,2,1,2,3
SF,IF2001,2019-12-04 09:32:33.300,3839.6000,4731,0,179622180.000,3,1,2,多换,S,3838.4000,3838.0000,3837.4000,3836.6000,3836.0000,3839.2000,3839.4000,3839.6000,3839.8000,3840.2000,2,1,1,6,1,1,1,1,1,2
SF,IF2001,2019-12-04 09:32:33.800,3839.2000,4731,0,180773940.000,1,0,1,多换,S,3839.2000,3838.4000,3838.0000,3837.4000,3836.6000,3839.6000,3839.8000,3840.2000,3841.0000,3841.6000,4,2,1,1,6,2,1,2,1,2
SF,IF2001,2019-12-04 09:32:34.300,3839.6000,4732,1,187684740.000,6,3,3,空开,S,3839.6000,3838.4000,3838.0000,3837.4000,3836.6000,3839.8000,3840.2000,3841.0000,3841.6000,3841.8000,3,2,1,1,6,1,2,1,2,3
SF,IF2001,2019-12-04 09:32:34.800,3839.8000,4733,1,194596080.000,6,3,3,空开,S,3839.8000,3838.4000,3838.0000,3837.4000,3836.6000,3840.2000,3841.0000,3841.6000,3841.8000,3842.0000,2,2,1,1,6,1,1,2,3,2
SF,IF2001,2019-12-04 09:32:35.300,3839.8000,4733,0,196899960.000,2,1,1,多换,S,3838.4000,3838.0000,3837.4000,3836.6000,3836.0000,3839.6000,3840.2000,3841.0000,3841.6000,3841.8000,2,1,1,6,1,2,2,1,2,3
SF,IF2001,2019-12-04 09:32:35.800,3839.6000,4734,1,199203720.000,2,1,1,空开,S,3839.6000,3838.4000,3838.0000,3837.4000,3836.6000,3840.2000,3841.0000,3841.6000,3841.8000,3842.0000,3,3,1,1,6,2,1,2,3,2
SF,IF2001,2019-12-04 09:32:36.300,3840.0000,4738,4,208419240.000,8,6,2,空开,S,3838.4000,3838.0000,3837.4000,3836.6000,3836.0000,3839.2000,3839.4000,3840.0000,3840.2000,3840.4000,3,1,1,6,1,1,1,1,2,1
SF,IF2001,2019-12-04 09:32:36.800,3839.2000,4738,0,210722760.000,2,1,1,多换,S,3839.2000,3838.4000,3838.0000,3837.4000,3836.6000,3839.6000,3840.0000,3840.2000,3841.0000,3841.6000,3,2,1,1,6,2,3,2,1,2
SF,IF2001,2019-12-04 09:32:37.300,3839.2000,4738,0,214178040.000,3,1,2,多换,S,3838.4000,3838.2000,3838.0000,3837.4000,3836.6000,3839.6000,3839.8000,3840.0000,3840.2000,3841.0000,2,1,1,1,6,2,3,1,2,1
SF,IF2001,2019-12-04 09:32:37.800,3839.6000,4739,1,216481800.000,2,1,1,空开,S,3839.6000,3838.6000,3838.4000,3838.2000,3838.0000,3839.8000,3840.0000,3840.2000,3841.0000,3841.6000,3,1,2,1,1,3,1,2,1,2
SF,IF2001,2019-12-04 09:32:38.300,3839.8000,4742,3,225696960.000,8,5,3,空开,S,3838.6000,3838.4000,3838.2000,3838.0000,3837.4000,3839.8000,3840.0000,3840.2000,3841.0000,3841.6000,1,2,1,1,1,1,1,2,1,2
SF,IF2001,2019-12-04 09:32:38.800,3839.8000,4742,0,225696960.000,0,-,-,-,-,3838.8000,3838.6000,3838.4000,3838.2000,3838.0000,3839.6000,3840.2000,3841.0000,3841.6000,3841.8000,1,1,2,1,1,2,2,1,2,3
SF,IF2001,2019-12-04 09:32:39.300,3839.6000,4744,2,228000720.000,2,2,0,双开,S,3839.6000,3838.8000,3838.6000,3838.4000,3838.2000,3840.2000,3840.4000,3841.0000,3841.6000,3841.8000,3,1,1,2,1,2,1,1,2,3
SF,IF2001,2019-12-04 09:32:39.800,3839.6000,4744,0,231456360.000,3,1,2,多换,S,3838.8000,3838.4000,3838.2000,3838.0000,3837.4000,3840.0000,3840.2000,3840.4000,3841.0000,3841.6000,1,2,1,1,1,1,3,1,1,2
SF,IF2001,2019-12-04 09:32:40.300,3839.6000,4744,0,231456360.000,0,-,-,-,-,3838.8000,3838.4000,3838.2000,3838.0000,3837.4000,3839.8000,3840.0000,3840.2000,3840.4000,3840.8000,1,2,1,1,1,3,2,3,1,1
SF,IF2001,2019-12-04 09:32:40.800,3839.6000,4744,0,231456360.000,0,-,-,-,-,3838.8000,3838.4000,3838.2000,3838.0000,3837.4000,3839.8000,3840.0000,3840.2000,3840.4000,3840.6000,1,2,1,1,1,3,3,2,1,1
SF,IF2001,2019-12-04 09:32:41.300,3839.6000,4744,0,231456360.000,0,-,-,-,-,3839.0000,3838.4000,3838.2000,3838.0000,3837.4000,3839.8000,3840.0000,3840.2000,3840.4000,3840.8000,1,2,1,1,1,3,1,2,1,1
SF,IF2001,2019-12-04 09:32:41.800,3839.6000,4744,0,231456360.000,0,-,-,-,-,3839.0000,3838.4000,3838.2000,3838.0000,3837.4000,3839.8000,3840.0000,3840.2000,3840.4000,3840.8000,1,2,1,1,1,3,1,2,2,1
SF,IF2001,2019-12-04 09:32:42.300,3839.6000,4744,0,231456360.000,0,-,-,-,-,3839.0000,3838.4000,3838.2000,3838.0000,3837.4000,3839.8000,3840.0000,3840.2000,3840.4000,3840.8000,1,2,1,1,1,1,1,1,2,1
SF,IF2001,2019-12-04 09:32:42.800,3839.6000,4744,0,231456360.000,0,-,-,-,-,3839.0000,3838.4000,3838.2000,3838.0000,3837.4000,3839.8000,3840.0000,3840.2000,3840.4000,3840.8000,1,2,1,1,1,1,1,1,1,1
SF,IF2001,2019-12-04 09:32:43.300,3839.6000,4744,0,231456360.000,0,-,-,-,-,3839.0000,3838.4000,3838.2000,3838.0000,3837.4000,3839.6000,3839.8000,3840.0000,3840.2000,3840.4000,1,2,1,1,1,2,1,1,1,1
SF,IF2001,2019-12-04 09:32:43.800,3839.6000,4743,-1,233760120.000,2,0,2,多平,S,3839.0000,3838.4000,3838.2000,3838.0000,3837.4000,3839.8000,3840.0000,3840.2000,3840.4000,3840.8000,1,2,1,1,1,1,1,1,1,1
SF,IF2001,2019-12-04 09:32:44.300,3839.6000,4743,0,233760120.000,0,-,-,-,-,3839.0000,3838.4000,3838.2000,3838.0000,3837.4000,3839.8000,3840.0000,3840.2000,3840.4000,3841.0000,1,2,1,1,1,1,1,1,1,1
SF,IF2001,2019-12-04 09:32:45.300,3839.6000,4743,0,233760120.000,0,-,-,-,-,3839.2000,3839.0000,3838.4000,3838.2000,3838.0000,3840.2000,3840.4000,3841.0000,3841.6000,3841.8000,1,1,2,1,1,1,1,1,2,3
SF,IF2001,2019-12-04 09:32:45.800,3839.6000,4743,0,233760120.000,0,-,-,-,-,3839.2000,3839.0000,3838.4000,3838.2000,3838.0000,3840.2000,3840.4000,3841.0000,3841.6000,3841.8000,1,1,2,1,1,1,1,1,2,3
SF,IF2001,2019-12-04 09:32:46.300,3839.6000,4743,0,233760120.000,0,-,-,-,-,3838.4000,3838.2000,3838.0000,3837.4000,3836.6000,3840.0000,3840.2000,3840.4000,3841.0000,3841.6000,2,1,1,1,6,1,1,1,1,2
SF,IF2001,2019-12-04 09:32:46.800,3839.6000,4743,0,233760120.000,0,-,-,-,-,3838.6000,3838.4000,3838.2000,3838.0000,3837.4000,3840.0000,3840.2000,3841.0000,3841.6000,3841.8000,1,3,1,1,1,2,1,1,2,3
SF,IF2001,2019-12-04 09:32:47.300,3839.6000,4743,0,233760120.000,0,-,-,-,-,3838.8000,3838.4000,3838.2000,3838.0000,3837.4000,3840.0000,3840.2000,3841.0000,3841.6000,3841.8000,1,3,1,1,1,2,1,1,2,3
SF,IF2001,2019-12-04 09:32:47.800,3839.6000,4743,0,233760120.000,0,-,-,-,-,3838.8000,3838.4000,3838.2000,3838.0000,3837.4000,3839.8000,3840.0000,3840.2000,3841.0000,3841.6000,1,3,1,1,1,1,2,1,1,2
SF,IF2001,2019-12-04 09:32:49.300,3839.6000,4743,0,233760120.000,0,-,-,-,-,3838.8000,3838.4000,3838.2000,3838.0000,3837.4000,3839.6000,3839.8000,3840.0000,3840.2000,3841.0000,1,3,1,1,1,1,1,2,1,1
SF,IF2001,2019-12-04 09:32:49.800,3839.6000,4743,0,233760120.000,0,-,-,-,-,3838.8000,3838.4000,3838.2000,3838.0000,3837.4000,3840.0000,3840.2000,3840.4000,3841.0000,3841.6000,1,3,1,1,1,2,1,1,1,2
SF,IF2001,2019-12-04 09:32:50.300,3839.6000,4743,0,234912000.000,1,0,1,多换,S,3838.8000,3838.4000,3838.2000,3838.0000,3837.4000,3840.0000,3840.2000,3840.4000,3841.0000,3841.6000,1,3,1,1,1,2,1,1,1,2
SF,IF2001,2019-12-04 09:32:50.800,3840.0000,4743,0,236064000.000,1,0,1,多换,S,3839.0000,3838.8000,3838.4000,3838.2000,3838.0000,3840.4000,3841.0000,3841.6000,3841.8000,3842.0000,1,1,2,1,1,1,1,2,3,2
SF,IF2001,2019-12-04 09:32:51.300,3840.0000,4743,0,236064000.000,0,-,-,-,-,3839.2000,3839.0000,3838.8000,3838.4000,3838.2000,3840.6000,3841.0000,3841.6000,3841.8000,3842.0000,1,1,1,2,1,1,1,2,3,2
SF,IF2001,2019-12-04 09:32:51.800,3840.0000,4743,0,236064000.000,0,-,-,-,-,3839.2000,3839.0000,3838.8000,3838.4000,3838.2000,3840.4000,3841.0000,3841.6000,3841.8000,3842.0000,1,1,1,2,1,1,1,2,3,2
SF,IF2001,2019-12-04 09:32:52.300,3840.0000,4743,0,236064000.000,0,-,-,-,-,3839.2000,3839.0000,3838.8000,3838.4000,3838.2000,3840.2000,3840.4000,3841.0000,3841.6000,3841.8000,1,1,1,2,1,1,1,1,2,3
SF,IF2001,2019-12-04 09:32:52.800,3840.0000,4743,0,236064000.000,0,-,-,-,-,3839.2000,3839.0000,3838.8000,3838.4000,3838.2000,3840.2000,3841.0000,3841.6000,3841.8000,3842.0000,1,1,1,2,1,1,1,2,3,2
SF,IF2001,2019-12-04 09:32:53.300,3840.2000,4742,-1,237216060.000,1,0,1,双平,S,3839.4000,3839.0000,3838.8000,3838.4000,3838.2000,3841.0000,3841.6000,3841.8000,3842.0000,3842.6000,1,1,1,2,1,1,2,3,2,1
SF,IF2001,2019-12-04 09:32:53.800,3840.2000,4742,0,237216060.000,0,-,-,-,-,3839.4000,3839.0000,3838.8000,3838.4000,3838.2000,3841.0000,3841.6000,3841.8000,3842.0000,3842.6000,1,1,1,2,1,2,2,3,2,1
SF,IF2001,2019-12-04 09:32:54.800,3840.2000,4742,0,237216060.000,0,-,-,-,-,3839.4000,3839.0000,3838.8000,3838.4000,3838.2000,3840.8000,3841.0000,3841.6000,3841.8000,3842.0000,1,1,1,2,1,1,2,2,3,2
SF,IF2001,2019-12-04 09:32:55.300,3840.2000,4742,0,237216060.000,0,-,-,-,-,3839.4000,3839.0000,3838.8000,3838.4000,3838.2000,3840.6000,3840.8000,3841.0000,3841.6000,3841.8000,1,1,1,2,1,1,1,2,2,3
SF,IF2001,2019-12-04 09:32:56.300,3840.2000,4742,0,237216060.000,0,-,-,-,-,3839.4000,3839.0000,3838.8000,3838.4000,3838.2000,3840.6000,3840.8000,3841.0000,3841.2000,3841.6000,1,1,1,2,1,1,1,2,1,2
SF,IF2001,2019-12-04 09:32:56.800,3840.2000,4742,0,237216060.000,0,-,-,-,-,3839.4000,3839.0000,3838.8000,3838.4000,3838.2000,3840.6000,3840.8000,3841.0000,3841.2000,3841.6000,1,1,1,2,1,1,1,2,1,2
SF,IF2001,2019-12-04 09:32:57.300,3840.2000,4742,0,237216060.000,0,-,-,-,-,3839.6000,3839.0000,3838.8000,3838.4000,3838.2000,3840.6000,3840.8000,3841.0000,3841.2000,3841.6000,2,1,1,2,1,1,1,1,1,2
SF,IF2001,2019-12-04 09:32:57.800,3840.2000,4742,0,237216060.000,0,-,-,-,-,3839.6000,3839.0000,3838.8000,3838.4000,3838.2000,3840.8000,3841.0000,3841.2000,3841.6000,3841.8000,1,1,1,2,1,1,1,1,2,3
SF,IF2001,2019-12-04 09:32:58.300,3840.2000,4742,0,237216060.000,0,-,-,-,-,3839.8000,3839.6000,3839.0000,3838.8000,3838.4000,3840.8000,3841.0000,3841.2000,3841.6000,3841.8000,1,1,1,1,2,1,1,1,2,3
SF,IF2001,2019-12-04 09:32:58.800,3840.2000,4742,0,237216060.000,0,-,-,-,-,3839.8000,3839.6000,3839.0000,3838.8000,3838.4000,3841.2000,3841.6000,3841.8000,3842.0000,3842.6000,1,1,1,1,2,1,2,3,2,1
SF,IF2001,2019-12-04 09:32:59.300,3840.2000,4742,0,237216060.000,0,-,-,-,-,3840.0000,3839.8000,3839.0000,3838.8000,3838.4000,3841.2000,3841.6000,3841.8000,3842.0000,3842.6000,1,1,1,1,2,2,2,3,2,1
SF,IF2001,2019-12-04 09:32:59.800,3840.2000,4742,0,237216060.000,0,-,-,-,-,3840.0000,3839.8000,3839.0000,3838.8000,3838.4000,3841.2000,3841.6000,3841.8000,3842.0000,3842.6000,1,1,1,1,2,1,2,3,2,1
SF,IF2001,2019-12-04 09:33:00.300,3840.2000,4742,0,237216060.000,0,-,-,-,-,3839.0000,3838.8000,3838.4000,3838.2000,3838.0000,3841.2000,3841.6000,3841.8000,3842.0000,3842.6000,1,1,2,1,1,1,2,3,2,1
SF,IF2001,2019-12-04 09:33:00.800,3840.2000,4742,0,237216060.000,0,-,-,-,-,3839.2000,3839.0000,3838.4000,3838.2000,3838.0000,3841.0000,3841.2000,3841.6000,3841.8000,3842.0000,3,1,2,1,1,1,1,2,3,2
SF,IF2001,2019-12-04 09:33:01.300,3840.2000,4742,0,237216060.000,0,-,-,-,-,3839.4000,3839.2000,3839.0000,3838.4000,3838.2000,3841.0000,3841.2000,3841.6000,3841.8000,3842.0000,1,2,1,2,1,1,1,2,3,2
SF,IF2001,2019-12-04 09:33:01.800,3840.2000,4742,0,237216060.000,0,-,-,-,-,3839.4000,3839.0000,3838.4000,3838.2000,3838.0000,3840.8000,3841.0000,3841.6000,3841.8000,3842.0000,1,1,2,1,1,2,1,2,3,2
SF,IF2001,2019-12-04 09:33:02.300,3840.2000,4742,0,237216060.000,0,-,-,-,-,3839.4000,3839.0000,3838.4000,3838.2000,3838.0000,3840.6000,3840.8000,3841.0000,3841.6000,3841.8000,1,1,2,1,1,1,2,1,2,3
SF,IF2001,2019-12-04 09:33:03.300,3840.2000,4742,0,237216060.000,0,-,-,-,-,3839.4000,3839.0000,3838.4000,3838.2000,3838.0000,3840.4000,3840.6000,3840.8000,3841.0000,3841.6000,1,1,2,1,1,1,1,2,2,2
SF,IF2001,2019-12-04 09:33:04.800,3840.2000,4742,0,237216060.000,0,-,-,-,-,3839.4000,3839.0000,3838.4000,3838.2000,3838.0000,3840.4000,3840.6000,3840.8000,3841.0000,3841.6000,1,1,2,1,1,1,1,1,1,2
SF,IF2001,2019-12-04 09:33:06.300,3840.2000,4742,0,237216060.000,0,-,-,-,-,3839.0000,3838.4000,3838.2000,3838.0000,3837.4000,3840.2000,3840.4000,3840.6000,3840.8000,3841.0000,1,2,1,1,1,1,1,1,1,1
SF,IF2001,2019-12-04 09:33:06.800,3840.2000,4742,0,237216060.000,0,-,-,-,-,3839.0000,3838.4000,3838.2000,3838.0000,3837.4000,3839.4000,3840.4000,3840.6000,3840.8000,3841.0000,1,2,1,1,1,1,1,1,1,1
SF,IF2001,2019-12-04 09:33:07.300,3839.4000,4742,0,238367880.000,1,0,1,多换,S,3839.0000,3838.4000,3838.2000,3838.0000,3837.4000,3840.4000,3840.6000,3840.8000,3841.0000,3841.8000,2,2,1,1,1,1,1,1,1,3
SF,IF2001,2019-12-04 09:33:07.800,3839.4000,4742,0,238367880.000,0,-,-,-,-,3839.0000,3838.4000,3838.2000,3838.0000,3837.4000,3840.2000,3840.4000,3840.6000,3841.0000,3841.8000,2,2,1,1,1,3,2,1,1,3
SF,IF2001,2019-12-04 09:33:08.300,3839.4000,4742,0,238367880.000,0,-,-,-,-,3839.0000,3838.4000,3838.2000,3838.0000,3837.4000,3840.2000,3840.4000,3840.6000,3841.0000,3841.8000,1,2,1,1,1,1,2,1,1,3
SF,IF2001,2019-12-04 09:33:08.800,3839.4000,4742,0,238367880.000,0,-,-,-,-,3839.0000,3838.4000,3838.2000,3838.0000,3837.4000,3840.2000,3840.4000,3840.6000,3841.0000,3841.8000,1,2,1,1,1,2,2,1,1,3
SF,IF2001,2019-12-04 09:33:09.300,3839.4000,4742,0,238367880.000,0,-,-,-,-,3838.4000,3838.2000,3838.0000,3837.4000,3836.8000,3840.0000,3840.2000,3840.4000,3840.6000,3841.0000,2,1,1,1,1,1,2,2,1,1
SF,IF2001,2019-12-04 09:33:09.800,3839.4000,4742,0,238367880.000,0,-,-,-,-,3838.4000,3838.2000,3838.0000,3837.4000,3836.8000,3839.6000,3839.8000,3840.0000,3840.2000,3840.4000,2,1,1,1,1,1,3,2,5,1
SF,IF2001,2019-12-04 09:33:10.300,3839.4000,4742,0,238367880.000,0,-,-,-,-,3838.4000,3838.2000,3838.0000,3837.4000,3836.8000,3839.6000,3839.8000,3840.0000,3840.2000,3840.4000,2,1,1,1,1,1,4,2,4,1
SF,IF2001,2019-12-04 09:33:11.300,3839.4000,4742,0,238367880.000,0,-,-,-,-,3838.6000,3838.4000,3838.2000,3838.0000,3837.4000,3839.6000,3839.8000,3840.0000,3840.2000,3840.4000,1,2,1,1,1,1,4,2,2,1
SF,IF2001,2019-12-04 09:33:11.800,3839.4000,4742,0,238367880.000,0,-,-,-,-,3838.6000,3838.4000,3838.2000,3838.0000,3837.4000,3839.6000,3839.8000,3840.2000,3840.4000,3841.0000,1,2,1,1,1,1,2,2,1,1
SF,IF2001,2019-12-04 09:33:12.300,3839.6000,4741,-1,239519760.000,1,0,1,双平,S,3838.8000,3838.6000,3838.4000,3838.2000,3838.0000,3839.8000,3840.2000,3840.4000,3841.0000,3841.8000,1,1,2,1,1,1,1,1,1,3
SF,IF2001,2019-12-04 09:33:12.800,3839.6000,4741,0,239519760.000,0,-,-,-,-,3839.0000,3838.6000,3838.4000,3838.2000,3838.0000,3841.0000,3841.8000,3842.0000,3842.6000,3844.4000,1,1,2,1,1,1,3,2,1,1
SF,IF2001,2019-12-04 09:33:13.300,3839.6000,4741,0,239519760.000,0,-,-,-,-,3839.0000,3838.6000,3838.4000,3838.2000,3838.0000,3840.4000,3840.6000,3840.8000,3841.0000,3841.8000,1,1,2,1,1,1,3,3,1,3
SF,IF2001,2019-12-04 09:33:13.800,3839.6000,4741,0,239519760.000,0,-,-,-,-,3839.2000,3838.6000,3838.4000,3838.2000,3838.0000,3840.4000,3840.6000,3840.8000,3841.0000,3841.8000,1,1,2,1,1,2,3,3,1,3
SF,IF2001,2019-12-04 09:33:14.800,3839.6000,4741,0,239519760.000,0,-,-,-,-,3838.6000,3838.4000,3838.2000,3838.0000,3837.4000,3840.2000,3840.4000,3840.6000,3840.8000,3841.0000,1,2,1,1,1,1,2,3,3,1
SF,IF2001,2019-12-04 09:33:15.300,3839.6000,4741,0,239519760.000,0,-,-,-,-,3838.8000,3838.6000,3838.4000,3838.2000,3838.0000,3840.0000,3840.2000,3840.4000,3840.6000,3840.8000,1,1,2,1,1,1,2,1,3,2
SF,IF2001,2019-12-04 09:33:15.800,3839.6000,4741,0,239519760.000,0,-,-,-,-,3838.6000,3838.4000,3838.2000,3838.0000,3837.4000,3839.8000,3840.0000,3840.2000,3840.4000,3840.6000,1,2,1,1,1,1,1,3,1,3
SF,IF2001,2019-12-04 09:33:16.300,3839.6000,4741,0,239519760.000,0,-,-,-,-,3838.6000,3838.4000,3838.2000,3838.0000,3837.4000,3839.6000,3839.8000,3840.2000,3840.4000,3840.6000,1,2,1,1,1,1,1,3,1,3
SF,IF2001,2019-12-04 09:33:16.800,3839.6000,4741,0,239519760.000,0,-,-,-,-,3838.6000,3838.4000,3838.2000,3838.0000,3837.4000,3839.4000,3839.6000,3839.8000,3840.2000,3840.6000,1,2,1,1,1,1,2,1,3,3
SF,IF2001,2019-12-04 09:33:17.300,3839.6000,4741,0,239519760.000,0,-,-,-,-,3838.8000,3838.4000,3838.2000,3838.0000,3837.4000,3840.2000,3840.6000,3840.8000,3841.0000,3841.8000,1,2,1,1,1,1,3,2,1,3
SF,IF2001,2019-12-04 09:33:17.800,3839.6000,4741,0,239519760.000,0,-,-,-,-,3838.8000,3838.4000,3838.2000,3838.0000,3837.4000,3840.0000,3840.2000,3840.6000,3840.8000,3841.0000,1,2,1,1,1,1,1,3,2,1
SF,IF2001,2019-12-04 09:33:18.300,3839.6000,4741,0,239519760.000,0,-,-,-,-,3838.8000,3838.4000,3838.2000,3838.0000,3837.4000,3840.0000,3840.2000,3840.6000,3840.8000,3841.0000,1,2,1,1,1,1,1,3,2,1
SF,IF2001,2019-12-04 09:33:18.800,3839.6000,4741,0,239519760.000,0,-,-,-,-,3838.8000,3838.4000,3838.2000,3838.0000,3837.4000,3839.8000,3840.0000,3840.2000,3840.6000,3840.8000,1,2,1,1,1,1,1,1,3,2
SF,IF2001,2019-12-04 09:33:20.300,3839.6000,4741,0,239519760.000,0,-,-,-,-,3838.8000,3838.4000,3838.2000,3838.0000,3837.4000,3839.8000,3840.0000,3840.2000,3840.6000,3840.8000,1,2,1,1,1,1,1,2,3,2
SF,IF2001,2019-12-04 09:33:23.300,3838.8000,4741,0,240671400.000,1,0,1,多换,S,3838.4000,3838.2000,3838.0000,3837.4000,3836.8000,3839.6000,3839.8000,3840.0000,3840.2000,3840.6000,2,1,1,1,1,1,1,2,2,3
SF,IF2001,2019-12-04 09:33:23.800,3838.8000,4741,0,240671400.000,0,-,-,-,-,3838.4000,3838.2000,3838.0000,3837.4000,3836.8000,3839.8000,3840.0000,3840.2000,3840.6000,3840.8000,2,1,1,1,1,1,1,2,3,2
SF,IF2001,2019-12-04 09:33:24.300,3838.4000,4742,1,241822920.000,1,1,0,双开,S,3838.4000,3838.0000,3837.4000,3836.8000,3836.6000,3839.4000,3839.6000,3839.8000,3840.0000,3840.2000,1,1,1,1,6,1,1,1,2,1
SF,IF2001,2019-12-04 09:33:24.800,3838.4000,4742,0,241822920.000,0,-,-,-,-,3838.4000,3838.0000,3837.4000,3836.8000,3836.6000,3838.8000,3839.2000,3839.4000,3839.6000,3840.0000,1,1,1,1,6,20,1,1,1,2
SF,IF2001,2019-12-04 09:33:25.300,3838.8000,4742,0,242974560.000,1,0,1,多换,S,3838.4000,3838.0000,3837.4000,3836.8000,3836.6000,3838.8000,3839.2000,3839.6000,3840.0000,3840.2000,1,1,1,1,6,19,1,1,1,1
SF,IF2001,2019-12-04 09:33:25.800,3838.4000,4741,-1,244126080.000,1,0,1,双平,S,3838.0000,3837.4000,3836.8000,3836.6000,3836.0000,3838.2000,3838.4000,3838.8000,3839.2000,3839.6000,1,1,1,6,1,1,1,19,1,1
SF,IF2001,2019-12-04 09:33:26.300,3838.4000,4742,1,246429060.000,2,1,1,空开,S,3838.2000,3838.0000,3837.4000,3836.8000,3836.6000,3838.8000,3839.2000,3840.0000,3840.2000,3840.6000,1,1,1,1,6,19,1,1,1,1
SF,IF2001,2019-12-04 09:33:26.800,3838.4000,4742,0,246429060.000,0,-,-,-,-,3838.2000,3838.0000,3837.4000,3836.8000,3836.6000,3838.8000,3839.2000,3840.0000,3840.2000,3840.6000,1,1,1,1,6,19,1,1,1,1
SF,IF2001,2019-12-04 09:33:28.300,3838.4000,4742,0,246429060.000,0,-,-,-,-,3838.0000,3837.4000,3836.8000,3836.6000,3836.0000,3838.8000,3839.2000,3840.0000,3840.2000,3840.6000,1,1,1,6,1,19,1,1,1,1
SF,IF2001,2019-12-04 09:33:28.800,3838.4000,4742,0,246429060.000,0,-,-,-,-,3838.0000,3837.4000,3836.8000,3836.6000,3836.0000,3838.8000,3839.2000,3840.0000,3840.2000,3840.6000,1,1,1,6,1,19,1,1,1,1
SF,IF2001,2019-12-04 09:33:29.300,3838.4000,4742,0,246429060.000,0,-,-,-,-,3838.2000,3838.0000,3837.4000,3836.8000,3836.6000,3838.8000,3839.2000,3840.0000,3840.2000,3840.6000,2,1,1,1,6,19,1,1,1,1
SF,IF2001,2019-12-04 09:33:29.800,3838.2000,4741,-1,247580520.000,1,0,1,双平,S,3838.2000,3838.0000,3837.4000,3836.8000,3836.6000,3838.8000,3839.2000,3840.0000,3840.2000,3840.6000,1,1,1,1,6,19,1,1,1,1
SF,IF2001,2019-12-04 09:33:31.800,3838.2000,4740,-1,248731980.000,1,0,1,双平,S,3838.0000,3837.4000,3836.8000,3836.6000,3836.0000,3838.8000,3839.2000,3840.0000,3840.2000,3840.6000,1,1,1,6,1,19,1,1,1,1
SF,IF2001,2019-12-04 09:33:32.800,3838.0000,4739,-1,249883380.000,1,0,1,双平,S,3837.4000,3836.8000,3836.6000,3836.0000,3835.0000,3838.0000,3838.8000,3839.2000,3840.0000,3840.2000,1,1,6,1,2,1,19,1,1,1
SF,IF2001,2019-12-04 09:33:33.300,3838.0000,4739,0,251034780.000,1,0,1,多换,S,3837.4000,3836.8000,3836.6000,3836.0000,3835.0000,3838.8000,3839.2000,3840.0000,3840.2000,3840.6000,1,1,6,1,2,19,1,1,1,1
SF,IF2001,2019-12-04 09:33:33.800,3838.0000,4739,0,251034780.000,0,-,-,-,-,3837.4000,3836.8000,3836.6000,3836.0000,3835.0000,3838.6000,3838.8000,3839.2000,3840.0000,3840.2000,1,1,6,1,2,1,19,2,1,1
SF,IF2001,2019-12-04 09:33:34.800,3838.0000,4739,0,251034780.000,0,-,-,-,-,3836.8000,3836.6000,3836.0000,3835.0000,3834.8000,3838.6000,3838.8000,3839.2000,3840.0000,3840.2000,1,7,1,2,3,1,19,2,1,1
SF,IF2001,2019-12-04 09:33:35.300,3838.0000,4739,0,251034780.000,0,-,-,-,-,3836.8000,3836.6000,3836.0000,3835.0000,3834.8000,3838.4000,3838.6000,3838.8000,3839.2000,3840.0000,1,7,1,2,3,4,3,20,2,1
SF,IF2001,2019-12-04 09:33:35.800,3838.0000,4739,0,251034780.000,0,-,-,-,-,3837.0000,3836.8000,3836.6000,3836.0000,3835.0000,3838.4000,3838.6000,3838.8000,3839.2000,3840.0000,1,1,7,1,2,1,1,19,2,1
SF,IF2001,2019-12-04 09:33:36.300,3838.0000,4739,0,251034780.000,0,-,-,-,-,3837.2000,3837.0000,3836.8000,3836.6000,3836.0000,3838.6000,3838.8000,3839.2000,3840.0000,3840.2000,1,2,1,7,1,1,19,2,1,1
SF,IF2001,2019-12-04 09:33:37.300,3838.0000,4739,0,251034780.000,0,-,-,-,-,3837.4000,3837.2000,3837.0000,3836.8000,3836.6000,3838.6000,3838.8000,3839.2000,3840.0000,3840.2000,1,1,2,1,7,1,19,1,1,1
SF,IF2001,2019-12-04 09:33:37.800,3838.0000,4739,0,251034780.000,0,-,-,-,-,3837.8000,3837.4000,3837.2000,3837.0000,3836.8000,3838.6000,3838.8000,3840.0000,3840.2000,3840.8000,1,1,1,2,1,1,19,1,1,2
SF,IF2001,2019-12-04 09:33:38.800,3838.0000,4739,0,251034780.000,0,-,-,-,-,3838.0000,3837.8000,3837.4000,3837.2000,3837.0000,3838.6000,3838.8000,3840.0000,3840.2000,3840.8000,1,1,1,1,2,1,19,1,1,2
SF,IF2001,2019-12-04 09:33:39.300,3838.0000,4739,0,251034780.000,0,-,-,-,-,3837.8000,3837.2000,3837.0000,3836.8000,3836.6000,3838.6000,3838.8000,3839.4000,3840.0000,3840.2000,1,1,2,1,7,1,19,1,1,1
SF,IF2001,2019-12-04 09:33:42.300,3838.0000,4739,0,251034780.000,0,-,-,-,-,3838.4000,3837.6000,3837.2000,3837.0000,3836.8000,3838.6000,3838.8000,3839.4000,3840.0000,3840.2000,1,1,1,2,1,1,19,1,1,1
SF,IF2001,2019-12-04 09:33:42.800,3838.0000,4739,0,251034780.000,0,-,-,-,-,3838.2000,3837.6000,3837.2000,3837.0000,3836.8000,3838.6000,3838.8000,3839.4000,3840.0000,3840.2000,1,1,1,2,1,1,19,1,1,1
SF,IF2001,2019-12-04 09:33:43.300,3838.0000,4739,0,251034780.000,0,-,-,-,-,3838.4000,3837.6000,3837.2000,3837.0000,3836.8000,3838.8000,3839.4000,3840.0000,3840.2000,3840.8000,1,1,1,2,1,19,1,1,1,2
SF,IF2001,2019-12-04 09:33:43.800,3838.4000,4738,-1,252186300.000,1,0,1,双平,S,3837.6000,3837.2000,3837.0000,3836.8000,3836.6000,3837.8000,3838.8000,3839.4000,3840.0000,3840.2000,1,1,2,1,7,20,19,1,1,1
SF,IF2001,2019-12-04 09:33:44.300,3837.8000,4744,6,275213100.000,20,13,7,空开,S,3837.8000,3837.6000,3837.2000,3837.0000,3836.8000,3838.8000,3839.4000,3840.0000,3840.2000,3840.8000,1,1,1,2,1,19,1,1,1,2
SF,IF2001,2019-12-04 09:33:45.800,3837.8000,4744,0,275213100.000,0,-,-,-,-,3837.8000,3837.6000,3837.2000,3837.0000,3836.8000,3838.8000,3839.4000,3839.6000,3840.0000,3840.2000,1,1,1,2,1,19,1,2,1,1
SF,IF2001,2019-12-04 09:33:46.300,3837.8000,4744,0,275213100.000,0,-,-,-,-,3837.2000,3837.0000,3836.8000,3836.6000,3836.0000,3838.8000,3839.4000,3839.6000,3840.0000,3840.2000,1,2,1,7,1,19,1,2,1,1
SF,IF2001,2019-12-04 09:33:46.800,3837.8000,4744,0,275213100.000,0,-,-,-,-,3837.4000,3837.2000,3837.0000,3836.8000,3836.6000,3838.8000,3839.4000,3839.6000,3840.0000,3840.2000,2,1,1,1,7,19,1,2,1,1
SF,IF2001,2019-12-04 09:33:47.300,3837.8000,4744,0,275213100.000,0,-,-,-,-,3837.4000,3837.2000,3837.0000,3836.8000,3836.6000,3838.8000,3839.4000,3839.6000,3840.0000,3840.2000,2,1,1,1,7,19,1,2,1,1
SF,IF2001,2019-12-04 09:33:47.800,3837.8000,4744,0,275213100.000,0,-,-,-,-,3837.4000,3837.2000,3837.0000,3836.8000,3836.6000,3838.8000,3839.4000,3839.6000,3840.0000,3840.2000,2,1,1,1,7,19,1,2,1,1
SF,IF2001,2019-12-04 09:33:48.300,3837.8000,4744,0,275213100.000,0,-,-,-,-,3837.4000,3837.2000,3837.0000,3836.8000,3836.6000,3838.6000,3838.8000,3839.4000,3839.6000,3840.0000,2,1,1,1,8,1,19,1,2,1
SF,IF2001,2019-12-04 09:33:48.800,3837.8000,4744,0,275213100.000,0,-,-,-,-,3837.4000,3837.2000,3837.0000,3836.8000,3836.6000,3838.6000,3838.8000,3839.4000,3839.6000,3840.0000,3,1,1,1,8,1,19,1,2,1
SF,IF2001,2019-12-04 09:33:49.300,3837.8000,4744,0,275213100.000,0,-,-,-,-,3837.4000,3837.2000,3837.0000,3836.8000,3836.6000,3838.6000,3838.8000,3839.4000,3839.6000,3840.0000,2,1,1,1,8,1,19,1,2,1
SF,IF2001,2019-12-04 09:33:50.800,3838.6000,4743,-1,276364680.000,1,0,1,双平,S,3837.4000,3837.2000,3837.0000,3836.8000,3836.6000,3838.8000,3839.4000,3839.6000,3840.0000,3840.2000,2,1,1,1,8,19,1,2,1,1
SF,IF2001,2019-12-04 09:33:51.300,3838.6000,4743,0,276364680.000,0,-,-,-,-,3837.6000,3837.4000,3837.2000,3837.0000,3836.8000,3838.8000,3839.4000,3839.6000,3840.0000,3840.2000,2,2,1,1,1,19,1,2,1,1
SF,IF2001,2019-12-04 09:33:51.800,3838.6000,4743,0,276364680.000,0,-,-,-,-,3837.8000,3837.6000,3837.4000,3837.0000,3836.8000,3838.8000,3839.4000,3839.6000,3840.0000,3840.2000,1,2,2,1,1,19,1,2,1,1
SF,IF2001,2019-12-04 09:33:52.300,3838.6000,4743,0,276364680.000,0,-,-,-,-,3837.8000,3837.6000,3837.4000,3836.8000,3836.6000,3838.8000,3839.4000,3839.6000,3840.0000,3840.2000,2,2,2,1,8,19,1,2,1,1
SF,IF2001,2019-12-04 09:33:53.300,3838.6000,4743,0,276364680.000,0,-,-,-,-,3837.8000,3837.6000,3837.4000,3836.8000,3836.6000,3838.8000,3839.4000,3839.6000,3840.0000,3840.2000,1,2,2,1,8,19,1,2,1,1
SF,IF2001,2019-12-04 09:33:53.800,3838.6000,4743,0,276364680.000,0,-,-,-,-,3837.8000,3837.6000,3837.4000,3836.8000,3836.6000,3838.8000,3839.4000,3839.6000,3840.0000,3840.2000,1,2,2,2,8,19,1,2,1,1
SF,IF2001,2019-12-04 09:33:55.800,3837.8000,4742,-1,277516020.000,1,0,1,双平,S,3837.6000,3837.4000,3836.8000,3836.6000,3836.0000,3837.8000,3838.8000,3839.4000,3839.6000,3840.0000,2,2,2,8,1,9,19,1,2,1
SF,IF2001,2019-12-04 09:33:56.300,3837.8000,4737,-5,287878080.000,9,2,7,多平,S,3837.8000,3837.6000,3837.4000,3836.8000,3836.6000,3838.8000,3839.4000,3839.6000,3840.0000,3840.2000,2,2,2,2,8,19,1,2,1,1
SF,IF2001,2019-12-04 09:33:56.800,3837.8000,4737,0,287878080.000,0,-,-,-,-,3837.8000,3837.6000,3837.4000,3836.8000,3836.6000,3838.8000,3839.4000,3839.6000,3840.0000,3840.2000,6,2,2,2,8,19,1,2,1,1
SF,IF2001,2019-12-04 09:33:57.300,3837.8000,4737,0,287878080.000,0,-,-,-,-,3837.8000,3837.6000,3837.4000,3836.8000,3836.6000,3838.8000,3839.4000,3839.6000,3840.0000,3840.2000,5,3,1,2,8,19,1,2,1,1
SF,IF2001,2019-12-04 09:33:57.800,3837.8000,4737,0,287878080.000,0,-,-,-,-,3838.0000,3837.8000,3837.6000,3837.4000,3836.8000,3838.8000,3839.4000,3839.6000,3840.0000,3840.2000,1,5,1,2,2,19,1,2,1,1
SF,IF2001,2019-12-04 09:33:58.300,3837.8000,4737,0,287878080.000,0,-,-,-,-,3838.0000,3837.8000,3837.6000,3837.4000,3836.8000,3838.8000,3839.4000,3839.6000,3840.0000,3840.2000,3,5,1,2,1,19,1,2,1,1
SF,IF2001,2019-12-04 09:33:58.800,3838.8000,4737,0,289029720.000,1,0,1,多换,S,3838.0000,3837.8000,3837.6000,3837.4000,3836.8000,3838.8000,3839.4000,3839.6000,3840.0000,3840.2000,2,2,1,2,1,18,1,2,1,1
SF,IF2001,2019-12-04 09:33:59.300,3838.8000,4737,0,289029720.000,0,-,-,-,-,3838.0000,3837.8000,3837.6000,3837.4000,3836.8000,3838.8000,3839.4000,3840.0000,3840.2000,3840.8000,2,2,1,2,1,18,1,1,1,2
SF,IF2001,2019-12-04 09:33:59.800,3837.8000,4740,3,294786600.000,5,4,1,空开,S,3837.4000,3836.8000,3836.6000,3836.0000,3835.0000,3837.8000,3838.8000,3839.4000,3840.0000,3840.2000,2,1,8,1,2,15,18,1,1,1
SF,IF2001,2019-12-04 09:34:00.300,3837.8000,4742,2,301694640.000,6,4,2,空开,S,3837.4000,3836.8000,3836.6000,3836.0000,3835.0000,3837.8000,3838.8000,3839.4000,3840.0000,3840.2000,2,1,8,1,2,9,18,1,1,1
SF,IF2001,2019-12-04 09:34:00.800,3837.8000,4742,0,301694640.000,0,-,-,-,-,3837.4000,3836.8000,3836.6000,3836.0000,3835.0000,3837.8000,3838.8000,3839.4000,3840.0000,3840.2000,1,1,8,1,2,9,18,1,1,1
SF,IF2001,2019-12-04 09:34:01.300,3837.8000,4741,-1,303997200.000,2,0,2,多平,S,3836.8000,3836.6000,3836.0000,3835.0000,3834.8000,3837.8000,3838.8000,3839.4000,3840.0000,3840.2000,1,8,1,2,4,8,18,1,1,1
SF,IF2001,2019-12-04 09:34:01.800,3837.8000,4741,0,303997200.000,0,-,-,-,-,3836.8000,3836.6000,3836.0000,3835.0000,3834.8000,3837.4000,3837.8000,3838.6000,3838.8000,3839.4000,1,7,1,2,4,1,8,1,18,1
SF,IF2001,2019-12-04 09:34:02.300,3837.8000,4741,0,303997200.000,0,-,-,-,-,3836.8000,3836.6000,3836.0000,3835.0000,3834.8000,3837.8000,3838.6000,3838.8000,3839.4000,3840.0000,1,7,1,2,4,8,1,18,1,1
SF,IF2001,2019-12-04 09:34:02.800,3837.8000,4741,0,303997200.000,0,-,-,-,-,3836.8000,3836.6000,3836.0000,3835.0000,3834.8000,3837.4000,3837.8000,3838.6000,3838.8000,3839.4000,1,7,1,2,4,1,8,1,18,1
SF,IF2001,2019-12-04 09:34:03.800,3837.4000,4740,-1,305148420.000,1,0,1,双平,S,3837.4000,3836.8000,3836.6000,3836.0000,3835.0000,3837.8000,3838.6000,3838.8000,3839.4000,3840.0000,1,1,7,2,2,8,1,18,1,1
SF,IF2001,2019-12-04 09:34:05.800,3837.8000,4744,4,309753780.000,4,4,0,双开,S,3836.8000,3836.6000,3836.0000,3835.0000,3834.8000,3837.8000,3838.6000,3838.8000,3839.4000,3840.0000,1,7,2,2,4,4,1,18,1,1
SF,IF2001,2019-12-04 09:34:06.300,3837.8000,4744,0,314359140.000,4,2,2,多换,S,3838.0000,3837.8000,3837.6000,3837.4000,3837.0000,3838.8000,3839.4000,3840.0000,3840.2000,3840.8000,1,2,1,1,4,18,1,1,1,2
SF,IF2001,2019-12-04 09:34:06.800,3837.8000,4744,0,314359140.000,0,-,-,-,-,3837.8000,3837.6000,3837.4000,3837.2000,3837.0000,3838.8000,3839.4000,3840.0000,3840.2000,3840.8000,1,1,1,1,5,18,1,1,1,2
SF,IF2001,2019-12-04 09:34:07.300,3837.8000,4744,0,314359140.000,0,-,-,-,-,3837.8000,3837.6000,3837.4000,3837.2000,3837.0000,3838.8000,3839.4000,3840.0000,3840.2000,3840.8000,1,1,1,1,3,18,1,1,1,2
SF,IF2001,2019-12-04 09:34:08.300,3837.8000,4744,0,314359140.000,0,-,-,-,-,3837.6000,3837.4000,3837.2000,3837.0000,3836.8000,3838.8000,3839.4000,3840.0000,3840.2000,3840.8000,1,1,1,3,1,18,1,1,1,2
SF,IF2001,2019-12-04 09:34:08.800,3837.8000,4744,0,314359140.000,0,-,-,-,-,3837.6000,3837.4000,3837.2000,3837.0000,3836.8000,3838.8000,3839.4000,3840.0000,3840.2000,3840.8000,1,2,1,3,2,18,1,1,1,2
SF,IF2001,2019-12-04 09:34:09.300,3837.8000,4744,0,314359140.000,0,-,-,-,-,3837.8000,3837.6000,3837.4000,3837.2000,3837.0000,3838.8000,3839.4000,3840.0000,3840.2000,3840.8000,1,1,2,1,2,18,1,1,1,2
SF,IF2001,2019-12-04 09:34:11.300,3837.8000,4744,0,315510480.000,1,0,1,多换,S,3837.6000,3837.4000,3837.0000,3836.8000,3836.6000,3837.8000,3838.8000,3839.4000,3840.0000,3840.2000,1,2,2,2,7,4,18,1,1,1
SF,IF2001,2019-12-04 09:34:11.800,3837.8000,4740,-4,320115840.000,4,0,4,双平,S,3837.8000,3837.6000,3837.4000,3837.0000,3836.8000,3838.8000,3839.4000,3840.0000,3840.2000,3840.8000,3,1,1,2,2,18,1,1,1,2
SF,IF2001,2019-12-04 09:34:12.300,3837.8000,4740,0,320115840.000,0,-,-,-,-,3837.8000,3837.4000,3837.0000,3836.8000,3836.6000,3838.8000,3839.4000,3840.0000,3840.2000,3840.8000,3,1,2,2,7,18,1,1,1,2
SF,IF2001,2019-12-04 09:34:12.800,3837.8000,4740,0,320115840.000,0,-,-,-,-,3838.0000,3837.8000,3837.0000,3836.8000,3836.6000,3838.8000,3839.4000,3840.0000,3840.2000,3840.8000,1,4,2,2,7,18,1,1,1,2
SF,IF2001,2019-12-04 09:34:13.300,3837.8000,4740,0,320115840.000,0,-,-,-,-,3838.0000,3837.8000,3837.4000,3837.0000,3836.8000,3838.8000,3839.4000,3840.0000,3840.2000,3840.8000,1,5,1,2,2,18,1,1,1,2
SF,IF2001,2019-12-04 09:34:13.800,3837.8000,4740,0,320115840.000,0,-,-,-,-,3838.0000,3837.8000,3837.4000,3837.0000,3836.8000,3838.8000,3839.4000,3840.0000,3840.2000,3840.8000,1,2,2,2,2,18,1,1,1,2
SF,IF2001,2019-12-04 09:34:14.300,3837.8000,4740,0,320115840.000,0,-,-,-,-,3838.2000,3838.0000,3837.8000,3837.4000,3837.0000,3838.8000,3839.4000,3840.0000,3840.2000,3840.8000,1,1,2,2,2,18,1,1,1,2
SF,IF2001,2019-12-04 09:34:14.800,3837.8000,4740,0,320115840.000,0,-,-,-,-,3838.2000,3838.0000,3837.8000,3837.4000,3837.0000,3838.8000,3839.4000,3840.0000,3840.2000,3840.8000,1,1,1,2,2,18,1,1,1,2
SF,IF2001,2019-12-04 09:34:15.300,3838.8000,4740,0,321267480.000,1,0,1,多换,S,3838.2000,3838.0000,3837.8000,3837.6000,3837.4000,3838.8000,3839.4000,3840.0000,3840.2000,3840.8000,1,2,1,1,2,17,1,1,1,2
SF,IF2001,2019-12-04 09:34:15.800,3838.8000,4740,0,321267480.000,0,-,-,-,-,3838.2000,3838.0000,3837.8000,3837.6000,3837.4000,3838.8000,3839.4000,3840.0000,3840.2000,3840.8000,1,1,1,1,2,17,1,1,1,2
SF,IF2001,2019-12-04 09:34:16.300,3838.8000,4740,0,321267480.000,0,-,-,-,-,3838.2000,3837.8000,3837.6000,3837.4000,3837.0000,3838.8000,3839.4000,3840.0000,3840.2000,3840.8000,1,1,1,2,2,17,1,1,1,2
SF,IF2001,2019-12-04 09:34:16.800,3838.8000,4740,0,321267480.000,0,-,-,-,-,3838.0000,3837.8000,3837.6000,3837.4000,3837.0000,3838.8000,3840.0000,3840.2000,3840.8000,3841.0000,1,1,1,2,2,17,1,1,2,1
SF,IF2001,2019-12-04 09:34:18.300,3838.8000,4740,0,321267480.000,0,-,-,-,-,3838.0000,3837.8000,3837.6000,3837.4000,3837.0000,3838.8000,3839.4000,3840.0000,3840.2000,3840.8000,1,1,1,2,2,17,1,1,1,2
SF,IF2001,2019-12-04 09:34:19.800,3838.8000,4740,0,321267480.000,0,-,-,-,-,3838.2000,3838.0000,3837.8000,3837.6000,3837.4000,3838.8000,3840.0000,3840.2000,3840.8000,3841.0000,1,1,1,1,2,17,1,1,2,1
SF,IF2001,2019-12-04 09:34:20.800,3838.8000,4740,0,321267480.000,0,-,-,-,-,3838.2000,3838.0000,3837.8000,3837.6000,3837.4000,3838.8000,3840.0000,3840.2000,3840.8000,3841.0000,2,1,1,1,2,17,1,1,2,1
SF,IF2001,2019-12-04 09:34:21.300,3838.8000,4740,0,321267480.000,0,-,-,-,-,3838.4000,3838.2000,3838.0000,3837.8000,3837.6000,3838.8000,3840.0000,3840.2000,3840.8000,3841.0000,1,2,1,1,1,17,1,1,2,1
SF,IF2001,2019-12-04 09:34:22.300,3838.8000,4740,0,321267480.000,0,-,-,-,-,3838.4000,3838.2000,3838.0000,3837.8000,3837.6000,3838.8000,3840.0000,3840.2000,3840.8000,3841.0000,1,1,1,1,1,17,1,1,2,1
SF,IF2001,2019-12-04 09:34:22.800,3838.8000,4740,0,323570760.000,2,1,1,多换,S,3838.4000,3838.2000,3838.0000,3837.8000,3837.6000,3838.8000,3840.0000,3840.2000,3840.8000,3841.0000,1,1,1,1,1,15,1,1,2,1
SF,IF2001,2019-12-04 09:34:23.300,3838.8000,4741,1,325874040.000,2,1,1,空开,S,3838.4000,3838.0000,3837.8000,3837.6000,3837.4000,3838.8000,3840.0000,3840.2000,3840.8000,3841.0000,1,1,1,1,1,13,1,1,2,1
SF,IF2001,2019-12-04 09:34:23.800,3838.8000,4741,0,325874040.000,0,-,-,-,-,3838.4000,3838.0000,3837.8000,3837.6000,3837.4000,3838.8000,3840.0000,3840.2000,3840.8000,3841.0000,1,1,2,1,1,13,1,1,2,1
SF,IF2001,2019-12-04 09:34:26.800,3838.4000,4741,0,327025560.000,1,0,1,多换,S,3838.0000,3837.8000,3837.6000,3837.4000,3837.0000,3838.8000,3840.0000,3840.2000,3840.8000,3841.0000,1,2,1,1,2,13,1,1,2,1
SF,IF2001,2019-12-04 09:34:28.300,3838.4000,4741,0,327025560.000,0,-,-,-,-,3838.0000,3837.8000,3837.6000,3837.4000,3837.0000,3838.8000,3840.0000,3840.2000,3840.8000,3841.0000,1,1,1,1,2,13,1,1,2,1
SF,IF2001,2019-12-04 09:34:28.800,3838.8000,4741,0,328177200.000,1,0,1,多换,S,3838.2000,3838.0000,3837.8000,3837.6000,3837.4000,3838.8000,3840.0000,3840.2000,3840.8000,3841.0000,1,1,1,1,1,12,1,1,2,1
SF,IF2001,2019-12-04 09:34:31.800,3838.8000,4741,0,328177200.000,0,-,-,-,-,3838.2000,3838.0000,3837.8000,3837.6000,3837.4000,3838.8000,3840.0000,3840.2000,3841.0000,3841.8000,1,1,1,1,1,12,1,1,1,2
SF,IF2001,2019-12-04 09:34:32.300,3838.8000,4742,1,332783760.000,4,2,2,空开,S,3838.2000,3838.0000,3837.8000,3837.6000,3837.4000,3838.8000,3840.0000,3840.2000,3841.0000,3841.8000,2,1,1,1,1,8,1,1,1,2
SF,IF2001,2019-12-04 09:34:32.800,3838.8000,4742,0,333935400.000,1,0,1,多换,S,3838.0000,3837.8000,3837.6000,3837.4000,3837.0000,3838.8000,3840.0000,3840.2000,3841.0000,3841.8000,1,1,1,1,2,7,1,1,1,2
SF,IF2001,2019-12-04 09:34:33.300,3838.8000,4743,1,336238680.000,2,1,1,空开,S,3838.0000,3837.8000,3837.6000,3837.4000,3837.0000,3838.8000,3840.0000,3840.2000,3841.0000,3841.8000,1,1,1,1,2,5,1,1,1,2
SF,IF2001,2019-12-04 09:34:34.300,3838.8000,4743,0,337390320.000,1,0,1,多换,S,3838.2000,3838.0000,3837.8000,3837.6000,3837.4000,3838.8000,3840.0000,3840.2000,3841.0000,3841.8000,4,1,1,1,1,4,1,1,1,2
SF,IF2001,2019-12-04 09:34:34.800,3838.8000,4743,0,337390320.000,0,-,-,-,-,3838.2000,3838.0000,3837.8000,3837.6000,3837.4000,3838.8000,3840.0000,3840.2000,3841.0000,3841.8000,2,1,1,1,1,4,1,1,1,2
SF,IF2001,2019-12-04 09:34:35.300,3838.8000,4743,0,337390320.000,0,-,-,-,-,3838.4000,3838.2000,3837.8000,3837.6000,3837.4000,3838.8000,3840.0000,3840.2000,3841.0000,3841.8000,1,2,1,1,1,4,1,1,1,2
SF,IF2001,2019-12-04 09:34:36.300,3838.8000,4743,0,340845240.000,3,1,2,多换,S,3838.4000,3838.2000,3837.8000,3837.6000,3837.4000,3838.8000,3840.0000,3840.2000,3841.0000,3841.8000,1,2,1,1,1,1,1,1,1,2
SF,IF2001,2019-12-04 09:34:36.800,3838.8000,4743,0,341996880.000,1,0,1,多换,S,3838.4000,3838.2000,3837.8000,3837.6000,3837.4000,3840.0000,3840.2000,3841.0000,3841.8000,3844.4000,1,2,1,1,1,1,1,1,2,1
SF,IF2001,2019-12-04 09:34:37.300,3838.8000,4743,0,341996880.000,0,-,-,-,-,3839.0000,3838.4000,3838.2000,3837.8000,3837.6000,3839.8000,3840.0000,3840.2000,3841.0000,3841.8000,1,1,1,1,1,1,1,1,1,2
SF,IF2001,2019-12-04 09:34:37.800,3839.0000,4742,-1,343148580.000,1,0,1,双平,S,3838.4000,3838.2000,3837.8000,3837.6000,3837.4000,3839.8000,3840.0000,3840.2000,3841.0000,3841.8000,1,1,1,1,1,1,1,1,1,2
SF,IF2001,2019-12-04 09:34:38.300,3839.0000,4742,0,343148580.000,0,-,-,-,-,3838.8000,3838.4000,3838.2000,3837.8000,3837.6000,3839.8000,3840.0000,3840.2000,3841.0000,3841.8000,1,1,1,1,1,1,1,1,1,2
SF,IF2001,2019-12-04 09:34:38.800,3839.0000,4742,0,343148580.000,0,-,-,-,-,3838.8000,3838.4000,3838.2000,3837.8000,3837.6000,3839.8000,3840.0000,3840.2000,3841.0000,3841.8000,1,1,1,1,1,1,1,1,1,2
SF,IF2001,2019-12-04 09:34:39.800,3839.0000,4742,0,343148580.000,0,-,-,-,-,3838.8000,3838.4000,3837.8000,3837.6000,3837.4000,3839.8000,3840.0000,3840.2000,3841.0000,3841.8000,1,1,1,1,1,1,1,1,1,2
SF,IF2001,2019-12-04 09:34:40.300,3839.0000,4742,0,343148580.000,0,-,-,-,-,3838.8000,3838.4000,3837.8000,3837.6000,3837.4000,3839.6000,3839.8000,3840.0000,3840.2000,3841.0000,1,1,1,1,1,2,2,1,1,1
SF,IF2001,2019-12-04 09:34:40.800,3839.0000,4742,0,343148580.000,0,-,-,-,-,3838.8000,3838.4000,3837.8000,3837.6000,3837.4000,3839.8000,3840.0000,3840.2000,3841.0000,3841.8000,1,1,1,1,1,2,1,1,1,2
SF,IF2001,2019-12-04 09:34:41.300,3839.0000,4742,0,343148580.000,0,-,-,-,-,3838.8000,3838.4000,3837.8000,3837.6000,3837.4000,3839.8000,3840.0000,3840.2000,3841.0000,3841.8000,1,1,1,1,1,2,1,1,1,2
SF,IF2001,2019-12-04 09:34:41.800,3839.0000,4742,0,343148580.000,0,-,-,-,-,3838.8000,3837.8000,3837.6000,3837.4000,3837.0000,3839.8000,3840.0000,3840.2000,3841.0000,3841.8000,1,1,1,1,3,2,1,1,1,2
SF,IF2001,2019-12-04 09:34:42.300,3839.0000,4742,0,343148580.000,0,-,-,-,-,3838.8000,3837.8000,3837.6000,3837.4000,3837.0000,3839.6000,3839.8000,3840.0000,3840.2000,3841.0000,1,1,1,1,3,2,2,1,1,1
SF,IF2001,2019-12-04 09:34:42.800,3838.8000,4742,0,344300220.000,1,0,1,多换,S,3837.8000,3837.6000,3837.4000,3837.0000,3836.8000,3838.8000,3839.6000,3839.8000,3840.0000,3840.2000,1,1,1,3,2,1,2,2,1,1
SF,IF2001,2019-12-04 09:34:43.300,3838.8000,4742,0,344300220.000,0,-,-,-,-,3838.0000,3837.6000,3837.4000,3837.0000,3836.8000,3839.4000,3839.6000,3839.8000,3840.0000,3840.2000,2,1,1,2,2,1,2,1,1,1
SF,IF2001,2019-12-04 09:34:43.800,3838.8000,4742,0,344300220.000,0,-,-,-,-,3838.0000,3837.6000,3837.4000,3837.0000,3836.8000,3839.4000,3839.6000,3839.8000,3840.0000,3840.2000,2,1,1,2,2,2,2,1,1,1
SF,IF2001,2019-12-04 09:34:44.300,3838.8000,4742,0,344300220.000,0,-,-,-,-,3838.0000,3837.6000,3837.4000,3837.0000,3836.8000,3839.4000,3839.6000,3839.8000,3840.0000,3840.2000,2,1,1,2,2,2,2,1,1,1
SF,IF2001,2019-12-04 09:34:44.800,3838.8000,4742,0,344300220.000,0,-,-,-,-,3838.0000,3837.6000,3837.4000,3837.0000,3836.8000,3838.8000,3839.4000,3839.6000,3839.8000,3840.0000,2,1,1,2,2,1,2,1,1,1
SF,IF2001,2019-12-04 09:34:45.300,3839.4000,4740,-2,346603680.000,2,0,2,双平,S,3838.0000,3837.6000,3837.4000,3837.0000,3836.8000,3839.4000,3839.6000,3839.8000,3840.0000,3840.2000,2,1,1,2,2,1,1,1,1,1
SF,IF2001,2019-12-04 09:34:45.800,3839.4000,4740,0,346603680.000,0,-,-,-,-,3838.0000,3837.6000,3837.4000,3837.0000,3836.8000,3839.2000,3839.4000,3839.6000,3839.8000,3840.0000,2,1,1,2,2,1,1,1,1,1
SF,IF2001,2019-12-04 09:34:46.300,3839.4000,4740,0,346603680.000,0,-,-,-,-,3838.0000,3837.6000,3837.4000,3837.0000,3836.8000,3839.0000,3839.2000,3839.4000,3839.8000,3840.0000,3,1,1,2,2,1,1,1,1,1
SF,IF2001,2019-12-04 09:34:46.800,3839.4000,4740,0,346603680.000,0,-,-,-,-,3838.0000,3837.6000,3837.4000,3837.0000,3836.8000,3838.8000,3839.0000,3839.2000,3839.4000,3839.8000,3,1,1,2,2,1,1,1,1,1
SF,IF2001,2019-12-04 09:34:47.300,3839.4000,4740,0,346603680.000,0,-,-,-,-,3838.0000,3837.6000,3837.4000,3837.0000,3836.8000,3839.0000,3839.2000,3839.4000,3839.8000,3840.0000,3,1,1,2,2,1,1,1,1,1
SF,IF2001,2019-12-04 09:34:47.800,3839.4000,4740,0,346603680.000,0,-,-,-,-,3838.0000,3837.6000,3837.4000,3837.0000,3836.8000,3839.4000,3839.8000,3840.0000,3840.2000,3841.0000,3,1,1,2,2,1,1,1,1,1
SF,IF2001,2019-12-04 09:34:50.300,3839.4000,4740,0,346603680.000,0,-,-,-,-,3838.2000,3838.0000,3837.6000,3837.4000,3837.0000,3839.4000,3839.8000,3840.0000,3840.2000,3841.0000,1,3,1,1,2,1,1,1,1,1
SF,IF2001,2019-12-04 09:34:50.800,3839.4000,4740,0,346603680.000,0,-,-,-,-,3838.4000,3838.2000,3838.0000,3837.6000,3837.4000,3839.4000,3840.0000,3840.2000,3841.0000,3841.8000,1,1,2,1,1,1,1,1,1,2
SF,IF2001,2019-12-04 09:34:52.300,3839.4000,4739,-1,347755500.000,1,0,1,双平,S,3839.4000,3838.4000,3838.2000,3838.0000,3837.6000,3840.0000,3840.2000,3841.0000,3841.8000,3844.4000,1,1,1,2,1,1,1,1,2,1
SF,IF2001,2019-12-04 09:34:52.800,3840.0000,4740,1,348907500.000,1,1,0,双开,S,3838.6000,3838.4000,3838.2000,3838.0000,3837.6000,3840.2000,3841.0000,3841.8000,3844.4000,3846.4000,1,2,1,2,1,1,1,2,1,1
SF,IF2001,2019-12-04 09:34:53.300,3840.0000,4740,0,348907500.000,0,-,-,-,-,3839.4000,3838.8000,3838.6000,3838.4000,3838.2000,3841.0000,3841.8000,3844.4000,3846.4000,3847.2000,1,4,2,1,1,1,2,1,1,1
SF,IF2001,2019-12-04 09:34:53.800,3840.0000,4740,0,348907500.000,0,-,-,-,-,3839.6000,3839.4000,3839.2000,3838.8000,3838.6000,3841.0000,3841.8000,3844.4000,3846.4000,3847.2000,1,1,1,3,2,1,2,1,1,1
SF,IF2001,2019-12-04 09:34:54.300,3840.0000,4740,0,348907500.000,0,-,-,-,-,3839.4000,3839.2000,3838.8000,3838.6000,3838.4000,3840.8000,3841.0000,3841.8000,3844.4000,3846.4000,1,1,2,1,1,1,1,2,1,1
SF,IF2001,2019-12-04 09:34:54.800,3840.0000,4740,0,348907500.000,0,-,-,-,-,3839.4000,3838.4000,3838.2000,3838.0000,3837.6000,3839.6000,3840.8000,3841.0000,3841.8000,3844.4000,1,1,1,1,1,1,2,1,2,1
SF,IF2001,2019-12-04 09:34:55.300,3839.4000,4740,0,350059320.000,1,0,1,多换,S,3838.4000,3838.2000,3838.0000,3837.6000,3837.4000,3839.6000,3840.2000,3840.8000,3841.0000,3841.8000,1,1,1,1,1,1,1,2,1,2
SF,IF2001,2019-12-04 09:34:55.800,3839.4000,4740,0,350059320.000,0,-,-,-,-,3838.6000,3838.4000,3838.2000,3838.0000,3837.6000,3840.2000,3840.8000,3841.0000,3841.8000,3844.4000,1,1,1,1,1,1,2,1,2,1
SF,IF2001,2019-12-04 09:34:58.800,3839.4000,4740,0,350059320.000,0,-,-,-,-,3838.6000,3838.4000,3838.0000,3837.6000,3837.4000,3840.2000,3840.8000,3841.0000,3841.8000,3844.4000,1,1,1,1,1,1,2,1,2,1
SF,IF2001,2019-12-04 09:34:59.300,3839.4000,4740,0,350059320.000,0,-,-,-,-,3838.6000,3838.4000,3838.0000,3837.6000,3837.4000,3840.0000,3840.2000,3840.8000,3841.0000,3841.8000,1,1,1,1,1,1,1,1,1,2
SF,IF2001,2019-12-04 09:34:59.800,3839.4000,4740,0,350059320.000,0,-,-,-,-,3838.6000,3838.0000,3837.6000,3837.4000,3837.0000,3840.0000,3840.2000,3840.8000,3841.0000,3841.8000,1,1,1,1,2,1,1,1,1,2
SF,IF2001,2019-12-04 09:35:00.300,3838.6000,4740,0,351210900.000,1,0,1,多换,S,3838.0000,3837.6000,3837.4000,3837.0000,3836.8000,3840.0000,3840.2000,3840.8000,3841.0000,3841.8000,1,1,1,2,2,1,1,1,1,2
SF,IF2001,2019-12-04 09:35:00.800,3838.6000,4740,0,351210900.000,0,-,-,-,-,3838.2000,3838.0000,3837.6000,3837.4000,3837.0000,3840.0000,3840.2000,3840.8000,3841.0000,3841.8000,2,1,1,1,2,1,1,1,1,2
SF,IF2001,2019-12-04 09:35:01.300,3838.6000,4740,0,351210900.000,0,-,-,-,-,3838.2000,3838.0000,3837.6000,3837.4000,3837.0000,3840.0000,3840.2000,3840.8000,3841.0000,3841.8000,1,1,1,1,2,1,1,1,1,2
SF,IF2001,2019-12-04 09:35:01.800,3838.6000,4740,0,351210900.000,0,-,-,-,-,3838.2000,3838.0000,3837.6000,3837.4000,3837.0000,3839.6000,3839.8000,3840.0000,3840.2000,3840.8000,1,1,1,1,2,2,2,1,1,1
SF,IF2001,2019-12-04 09:35:02.300,3838.6000,4740,0,351210900.000,0,-,-,-,-,3838.2000,3838.0000,3837.6000,3837.4000,3837.0000,3839.4000,3839.6000,3839.8000,3840.2000,3840.8000,1,1,1,1,2,1,2,2,1,1
SF,IF2001,2019-12-04 09:35:02.800,3838.2000,4740,0,352362360.000,1,0,1,多换,S,3838.0000,3837.6000,3837.4000,3837.0000,3836.8000,3839.4000,3839.6000,3839.8000,3840.2000,3840.8000,1,1,1,2,2,2,2,2,1,1
SF,IF2001,2019-12-04 09:35:03.300,3838.2000,4741,1,354665220.000,2,1,1,空开,S,3837.6000,3837.4000,3837.0000,3836.8000,3836.6000,3839.4000,3839.6000,3839.8000,3840.2000,3840.8000,1,1,2,2,7,2,1,2,1,1
SF,IF2001,2019-12-04 09:35:03.800,3838.2000,4741,0,354665220.000,0,-,-,-,-,3837.6000,3837.0000,3836.8000,3836.6000,3835.0000,3838.8000,3839.2000,3839.4000,3839.6000,3839.8000,1,1,2,7,2,1,2,2,1,2
SF,IF2001,2019-12-04 09:35:04.300,3838.2000,4741,0,354665220.000,0,-,-,-,-,3837.6000,3837.0000,3836.8000,3836.6000,3835.0000,3838.6000,3838.8000,3839.2000,3839.4000,3839.8000,1,1,2,7,2,2,1,3,1,2
SF,IF2001,2019-12-04 09:35:04.800,3838.2000,4741,0,354665220.000,0,-,-,-,-,3837.6000,3837.0000,3836.8000,3836.6000,3835.0000,3838.2000,3838.6000,3839.2000,3839.4000,3839.8000,1,1,2,7,2,1,2,3,1,2
SF,IF2001,2019-12-04 09:35:05.800,3838.2000,4740,-1,355816680.000,1,0,1,双平,S,3837.6000,3837.0000,3836.8000,3836.6000,3835.0000,3838.6000,3839.2000,3839.4000,3839.8000,3840.2000,1,1,2,7,2,2,2,1,1,1
SF,IF2001,2019-12-04 09:35:06.300,3838.4000,4739,-1,356968200.000,1,0,1,双平,S,3837.6000,3837.0000,3836.8000,3836.6000,3835.0000,3838.6000,3839.2000,3839.4000,3839.8000,3840.2000,1,1,2,7,2,2,2,1,1,1
SF,IF2001,2019-12-04 09:35:06.800,3838.4000,4739,0,356968200.000,0,-,-,-,-,3837.6000,3837.0000,3836.8000,3836.6000,3835.0000,3839.2000,3839.4000,3839.8000,3840.2000,3841.0000,1,1,2,7,2,1,1,1,1,1
SF,IF2001,2019-12-04 09:35:07.300,3838.4000,4739,0,356968200.000,0,-,-,-,-,3837.6000,3837.0000,3836.8000,3836.6000,3835.0000,3839.0000,3839.2000,3839.4000,3839.8000,3840.2000,1,1,2,7,2,3,1,1,1,1
SF,IF2001,2019-12-04 09:35:08.300,3838.4000,4739,0,356968200.000,0,-,-,-,-,3837.6000,3837.0000,3836.8000,3836.6000,3835.0000,3838.6000,3838.8000,3839.0000,3839.2000,3839.4000,1,1,2,7,2,1,3,3,1,1
SF,IF2001,2019-12-04 09:35:08.800,3838.4000,4739,0,356968200.000,0,-,-,-,-,3837.6000,3837.0000,3836.8000,3836.6000,3835.0000,3838.4000,3838.6000,3838.8000,3839.0000,3839.2000,1,1,2,7,2,1,1,3,2,1
SF,IF2001,2019-12-04 09:35:09.300,3838.4000,4739,0,356968200.000,0,-,-,-,-,3837.6000,3837.0000,3836.8000,3836.6000,3835.0000,3838.4000,3838.8000,3839.0000,3839.2000,3839.4000,1,1,2,7,2,1,2,2,1,1
SF,IF2001,2019-12-04 09:35:09.800,3837.6000,4739,0,358119480.000,1,0,1,多换,S,3837.0000,3836.8000,3836.6000,3835.0000,3834.8000,3838.4000,3838.6000,3839.0000,3839.2000,3839.4000,1,2,7,2,4,1,1,2,1,1
SF,IF2001,2019-12-04 09:35:12.300,3837.6000,4739,0,358119480.000,0,-,-,-,-,3837.0000,3836.8000,3836.6000,3835.0000,3834.8000,3838.4000,3838.6000,3839.0000,3839.2000,3839.4000,1,2,7,2,4,1,1,2,1,1
SF,IF2001,2019-12-04 09:35:12.800,3837.6000,4739,0,358119480.000,0,-,-,-,-,3837.2000,3837.0000,3836.8000,3836.6000,3835.0000,3839.0000,3839.4000,3840.2000,3841.0000,3841.8000,2,1,2,7,2,2,1,1,1,2
SF,IF2001,2019-12-04 09:35:13.300,3837.6000,4739,0,358119480.000,0,-,-,-,-,3837.0000,3836.8000,3836.6000,3835.0000,3834.8000,3838.8000,3839.0000,3839.4000,3840.2000,3841.0000,1,2,7,2,4,1,1,1,1,1
SF,IF2001,2019-12-04 09:35:13.800,3837.6000,4739,0,358119480.000,0,-,-,-,-,3837.0000,3836.8000,3836.6000,3835.0000,3834.8000,3838.6000,3838.8000,3839.0000,3839.4000,3840.2000,1,2,7,2,4,1,2,1,1,1
SF,IF2001,2019-12-04 09:35:14.300,3837.6000,4739,0,358119480.000,0,-,-,-,-,3837.0000,3836.8000,3836.6000,3835.0000,3834.8000,3838.4000,3838.6000,3838.8000,3839.0000,3839.4000,1,2,7,2,4,1,1,1,1,1
SF,IF2001,2019-12-04 09:35:14.800,3837.6000,4739,0,358119480.000,0,-,-,-,-,3837.2000,3837.0000,3836.8000,3836.6000,3835.0000,3839.4000,3840.2000,3841.0000,3841.8000,3844.4000,4,1,2,7,2,1,1,1,2,1
SF,IF2001,2019-12-04 09:35:15.300,3837.6000,4739,0,358119480.000,0,-,-,-,-,3837.2000,3837.0000,3836.8000,3836.6000,3835.0000,3839.2000,3839.4000,3840.2000,3841.0000,3841.8000,1,1,2,7,2,3,1,1,1,2
SF,IF2001,2019-12-04 09:35:15.800,3837.6000,4739,0,358119480.000,0,-,-,-,-,3837.4000,3837.2000,3837.0000,3836.8000,3836.6000,3839.2000,3839.4000,3840.2000,3841.0000,3841.8000,1,1,1,2,7,2,1,1,1,2
SF,IF2001,2019-12-04 09:35:16.300,3837.6000,4739,0,358119480.000,0,-,-,-,-,3837.2000,3837.0000,3836.8000,3836.6000,3835.0000,3839.0000,3839.2000,3839.4000,3840.2000,3841.0000,1,1,2,7,2,1,2,1,1,1
SF,IF2001,2019-12-04 09:35:16.800,3837.6000,4739,0,358119480.000,0,-,-,-,-,3837.4000,3837.2000,3837.0000,3836.8000,3836.6000,3838.8000,3839.2000,3839.4000,3840.2000,3841.0000,2,1,1,2,7,1,1,1,1,1
SF,IF2001,2019-12-04 09:35:17.300,3837.6000,4739,0,358119480.000,0,-,-,-,-,3837.4000,3837.2000,3837.0000,3836.8000,3836.6000,3838.8000,3839.4000,3840.2000,3841.0000,3841.8000,1,1,1,2,7,1,1,1,1,2
SF,IF2001,2019-12-04 09:35:17.800,3837.6000,4739,0,358119480.000,0,-,-,-,-,3837.2000,3837.0000,3836.8000,3836.6000,3835.0000,3838.8000,3839.4000,3840.2000,3841.0000,3841.8000,1,1,2,7,2,1,1,1,1,2
SF,IF2001,2019-12-04 09:35:18.300,3837.2000,4740,1,359270640.000,1,1,0,双开,S,3837.0000,3836.8000,3836.6000,3835.0000,3834.8000,3837.2000,3838.8000,3839.4000,3840.2000,3841.0000,1,2,7,2,4,9,1,1,1,1
SF,IF2001,2019-12-04 09:35:18.800,3837.2000,4742,2,368479920.000,8,5,3,空开,S,3837.0000,3836.8000,3836.6000,3835.0000,3834.8000,3837.2000,3838.8000,3839.4000,3840.2000,3841.0000,1,1,7,2,4,1,1,1,1,1
SF,IF2001,2019-12-04 09:35:19.300,3837.2000,4742,0,369631080.000,1,0,1,多换,S,3837.4000,3837.2000,3837.0000,3836.8000,3836.6000,3838.8000,3839.4000,3840.2000,3841.0000,3841.8000,2,3,1,1,7,1,1,1,1,2
SF,IF2001,2019-12-04 09:35:19.800,3837.2000,4742,0,369631080.000,0,-,-,-,-,3837.4000,3837.2000,3837.0000,3836.8000,3836.6000,3838.8000,3839.4000,3840.2000,3841.0000,3841.8000,2,6,1,1,7,1,1,1,1,2
SF,IF2001,2019-12-04 09:35:20.300,3837.2000,4742,0,369631080.000,0,-,-,-,-,3837.4000,3837.2000,3837.0000,3836.8000,3836.6000,3838.8000,3839.4000,3840.2000,3841.0000,3841.8000,3,6,2,1,7,1,1,1,1,2
SF,IF2001,2019-12-04 09:35:20.800,3837.2000,4742,0,369631080.000,0,-,-,-,-,3837.4000,3837.2000,3837.0000,3836.8000,3836.6000,3838.8000,3839.4000,3840.2000,3841.0000,3841.8000,4,6,2,1,7,1,1,1,1,2
SF,IF2001,2019-12-04 09:35:21.300,3837.2000,4742,0,369631080.000,0,-,-,-,-,3837.6000,3837.4000,3837.2000,3837.0000,3836.8000,3838.8000,3839.4000,3840.2000,3841.0000,3841.8000,3,4,2,1,1,1,1,1,1,2
SF,IF2001,2019-12-04 09:35:21.800,3837.2000,4742,0,369631080.000,0,-,-,-,-,3837.6000,3837.4000,3837.2000,3837.0000,3836.8000,3838.8000,3839.4000,3840.2000,3841.0000,3841.8000,3,4,1,1,1,1,1,1,1,2
SF,IF2001,2019-12-04 09:35:22.800,3837.2000,4742,0,369631080.000,0,-,-,-,-,3837.6000,3837.4000,3837.2000,3837.0000,3836.8000,3838.8000,3839.4000,3840.2000,3841.0000,3841.8000,4,3,1,1,1,1,1,1,1,2
SF,IF2001,2019-12-04 09:35:23.800,3837.2000,4742,0,369631080.000,0,-,-,-,-,3837.6000,3837.4000,3837.2000,3837.0000,3836.8000,3838.8000,3839.4000,3840.2000,3841.0000,3841.8000,4,3,1,1,1,2,1,1,1,2
SF,IF2001,2019-12-04 09:35:24.300,3837.2000,4742,0,369631080.000,0,-,-,-,-,3837.6000,3837.4000,3837.2000,3837.0000,3836.8000,3838.8000,3839.4000,3840.2000,3841.0000,3841.8000,4,2,1,1,1,3,1,1,1,2
SF,IF2001,2019-12-04 09:35:24.800,3837.2000,4742,0,369631080.000,0,-,-,-,-,3837.6000,3837.4000,3837.2000,3837.0000,3836.8000,3838.8000,3839.4000,3840.2000,3841.0000,3841.8000,4,3,1,1,1,3,1,1,1,2
SF,IF2001,2019-12-04 09:35:25.300,3837.2000,4742,0,369631080.000,0,-,-,-,-,3837.6000,3837.4000,3837.2000,3837.0000,3836.8000,3838.8000,3839.4000,3840.2000,3841.0000,3841.8000,4,2,1,1,1,3,1,1,1,2
SF,IF2001,2019-12-04 09:35:25.800,3837.2000,4742,0,369631080.000,0,-,-,-,-,3837.6000,3837.4000,3837.2000,3837.0000,3836.8000,3838.8000,3839.4000,3840.2000,3841.0000,3841.8000,2,1,1,1,1,3,1,1,1,2
SF,IF2001,2019-12-04 09:35:26.300,3837.6000,4743,1,371933640.000,2,1,1,空开,S,3837.0000,3836.8000,3836.6000,3836.4000,3835.0000,3838.6000,3838.8000,3839.4000,3840.2000,3841.0000,1,1,7,1,2,1,3,1,1,1
SF,IF2001,2019-12-04 09:35:26.800,3837.6000,4743,0,371933640.000,0,-,-,-,-,3837.0000,3836.8000,3836.6000,3835.0000,3834.8000,3838.4000,3838.6000,3838.8000,3839.4000,3840.2000,1,1,7,2,3,2,2,1,3,1
SF,IF2001,2019-12-04 09:35:27.300,3837.6000,4743,0,371933640.000,0,-,-,-,-,3837.0000,3836.8000,3836.6000,3835.6000,3835.0000,3838.2000,3838.4000,3838.6000,3838.8000,3839.4000,1,1,6,1,2,2,2,2,1,1
SF,IF2001,2019-12-04 09:35:27.800,3837.6000,4743,0,371933640.000,0,-,-,-,-,3837.0000,3836.8000,3836.6000,3835.6000,3835.0000,3838.0000,3838.2000,3838.4000,3838.6000,3838.8000,1,1,6,1,2,1,2,1,2,3
