市场代码,合约代码,时间,最新,持仓,增仓,成交额,成交量,开仓,平仓,成交类型,方向,买一价,买二价,买三价,买四价,买五价,卖一价,卖二价,卖三价,卖四价,卖五价,买一量,买二量,买三量,买四量,买五量,卖一量,卖二量,卖三量,卖四量,卖五量
SF,IF2010,2020-09-04 09:29:00.000,4710.0000,7403,0,7065000.000,5.000,-,-,-,-,4710.0000,4706.2000,4703.4000,4703.0000,4702.0000,4717.8000,4719.4000,4724.4000,4726.0000,4726.8000,1,1,1,1,1,1,2,1,4,1
SF,IF2010,2020-09-04 09:30:00.500,4717.8000,7405,2,12719340.000,4,3,1,空开,S,4717.8000,4711.0000,4710.0000,4706.2000,4703.4000,4719.4000,4724.4000,4726.8000,4730.0000,4731.0000,13,7,12,1,1,2,1,1,1,1
SF,IF2010,2020-09-04 09:30:01.000,4710.0000,7407,2,45253980.000,23,12,11,空开,S,4710.0000,4706.2000,4703.0000,4702.0000,4701.0000,4713.6000,4714.2000,4717.4000,4717.8000,4718.2000,11,1,1,1,27,2,1,1,9,1
SF,IF2010,2020-09-04 09:30:01.500,4711.2000,7406,-1,62210340.000,12,5,7,多平,S,4706.2000,4703.0000,4702.0000,4701.0000,4700.2000,4710.0000,4711.2000,4712.4000,4713.4000,4713.6000,1,1,1,27,1,1,1,1,2,1
SF,IF2010,2020-09-04 09:30:02.000,4701.0000,7403,-3,72086460.000,7,2,5,多平,S,4701.0000,4700.2000,4700.0000,4699.0000,4698.0000,4706.0000,4709.8000,4710.0000,4711.2000,4713.4000,24,1,6,5,5,2,1,1,1,2
SF,IF2010,2020-09-04 09:30:02.500,4706.0000,7402,-1,76321860.000,3,1,2,多平,S,4706.4000,4704.8000,4703.4000,4701.4000,4701.2000,4710.0000,4711.2000,4713.4000,4716.4000,4716.6000,2,3,3,1,4,2,1,1,2,1
SF,IF2010,2020-09-04 09:30:03.000,4706.4000,7399,-3,80557620.000,3,0,3,双平,S,4706.6000,4706.4000,4706.2000,4706.0000,4705.2000,4709.8000,4710.0000,4711.2000,4713.4000,4714.8000,1,2,6,1,1,1,2,1,1,1
SF,IF2010,2020-09-04 09:30:03.500,4706.8000,7394,-5,89032620.000,6,0,6,多平,S,4706.8000,4706.4000,4706.2000,4705.2000,4705.0000,4710.0000,4711.2000,4713.4000,4714.8000,4716.0000,3,1,6,1,2,1,1,1,1,1
SF,IF2010,2020-09-04 09:30:04.000,4716.4000,7389,-5,97517160.000,6,0,6,多平,S,4707.4000,4707.0000,4706.8000,4706.4000,4706.2000,4716.6000,4717.4000,4717.8000,4730.0000,4736.6000,1,1,3,1,6,1,1,3,1,1
SF,IF2010,2020-09-04 09:30:04.500,4707.6000,7389,0,103166280.000,4,2,2,多换,S,4706.2000,4706.0000,4705.2000,4703.4000,4701.8000,4708.2000,4708.4000,4710.2000,4710.4000,4710.6000,6,1,2,1,1,1,2,1,1,1
SF,IF2010,2020-09-04 09:30:05.000,4710.6000,7389,0,105992580.000,2,1,1,多换,S,4709.8000,4706.2000,4706.0000,4705.2000,4703.4000,4710.8000,4711.8000,4716.4000,4716.6000,4717.4000,2,6,1,2,1,1,1,2,1,1
SF,IF2010,2020-09-04 09:30:05.500,4706.2000,7387,-2,111643260.000,4,1,3,多平,S,4706.2000,4706.0000,4705.2000,4703.4000,4701.4000,4706.8000,4709.8000,4710.6000,4712.4000,4713.2000,15,1,2,1,1,3,4,1,1,1
SF,IF2010,2020-09-04 09:30:06.000,4706.8000,7384,-3,115879380.000,3,0,3,双平,S,4706.2000,4706.0000,4705.2000,4703.4000,4701.4000,4712.6000,4713.2000,4714.6000,4715.0000,4716.0000,15,1,2,1,1,1,1,5,1,1
SF,IF2010,2020-09-04 09:30:06.500,4706.8000,7384,0,115879380.000,0,-,-,-,-,4706.8000,4706.2000,4706.0000,4705.2000,4703.4000,4708.8000,4709.0000,4709.2000,4709.8000,4710.2000,2,15,1,2,1,1,2,1,2,1
SF,IF2010,2020-09-04 09:30:07.000,4706.8000,7384,0,115879380.000,0,-,-,-,-,4707.8000,4707.4000,4707.2000,4707.0000,4706.8000,4709.8000,4712.0000,4712.4000,4713.0000,4713.2000,1,1,2,2,1,1,3,1,2,1
SF,IF2010,2020-09-04 09:30:07.500,4706.8000,7384,0,115879380.000,0,-,-,-,-,4711.0000,4708.2000,4708.0000,4707.2000,4707.0000,4712.4000,4713.0000,4714.0000,4714.6000,4714.8000,1,1,1,2,2,1,2,5,3,1
SF,IF2010,2020-09-04 09:30:08.000,4711.6000,7383,-1,127186080.000,8,3,5,多平,S,4708.2000,4708.0000,4707.2000,4707.0000,4706.8000,4711.6000,4714.0000,4714.6000,4714.8000,4715.0000,1,1,2,1,1,1,5,4,1,2
SF,IF2010,2020-09-04 09:30:08.500,4711.6000,7383,0,127186080.000,0,-,-,-,-,4708.8000,4708.4000,4707.2000,4706.8000,4706.6000,4711.4000,4714.0000,4714.6000,4715.0000,4715.2000,4,1,1,1,2,3,1,4,2,2
SF,IF2010,2020-09-04 09:30:09.000,4711.6000,7383,0,127186080.000,0,-,-,-,-,4709.2000,4708.4000,4707.2000,4707.0000,4706.8000,4711.0000,4711.2000,4711.4000,4714.0000,4714.4000,1,1,1,2,1,1,1,3,1,1
SF,IF2010,2020-09-04 09:30:09.500,4711.0000,7382,-1,128599380.000,1,0,1,双平,S,4709.4000,4709.2000,4708.8000,4707.2000,4707.0000,4711.2000,4711.4000,4714.0000,4714.4000,4714.6000,1,1,2,1,2,1,3,1,1,3
SF,IF2010,2020-09-04 09:30:10.000,4711.4000,7380,-2,131426160.000,2,0,2,双平,S,4709.8000,4709.6000,4709.4000,4708.8000,4708.6000,4711.4000,4714.0000,4714.4000,4714.6000,4715.2000,10,1,1,3,1,1,1,1,3,2
SF,IF2010,2020-09-04 09:30:10.500,4709.8000,7380,0,139903800.000,6,3,3,多换,S,4709.8000,4708.8000,4707.2000,4707.0000,4706.4000,4711.4000,4714.6000,4715.2000,4715.4000,4715.8000,5,2,1,2,1,1,3,2,2,1
SF,IF2010,2020-09-04 09:30:11.000,4709.8000,7380,0,139903800.000,0,-,-,-,-,4710.0000,4709.8000,4709.6000,4708.8000,4707.2000,4711.4000,4714.6000,4715.2000,4715.4000,4715.8000,3,5,1,2,1,1,3,2,4,1
SF,IF2010,2020-09-04 09:30:11.500,4711.2000,7379,-1,141317160.000,1,0,1,双平,S,4710.4000,4710.0000,4709.8000,4709.6000,4707.2000,4711.4000,4714.6000,4715.2000,4715.4000,4715.8000,1,3,5,1,1,1,3,2,4,2
SF,IF2010,2020-09-04 09:30:12.000,4711.4000,7378,-1,142730580.000,1,0,1,双平,S,4711.4000,4710.6000,4710.4000,4710.0000,4709.8000,4714.6000,4715.2000,4715.4000,4715.8000,4716.0000,2,1,1,3,5,3,2,4,2,4
SF,IF2010,2020-09-04 09:30:12.500,4711.4000,7378,0,142730580.000,0,-,-,-,-,4711.6000,4711.4000,4710.0000,4709.8000,4709.6000,4713.0000,4714.0000,4714.6000,4715.4000,4715.8000,2,2,3,5,1,1,1,3,4,2
SF,IF2010,2020-09-04 09:30:13.000,4714.6000,7377,-1,144144960.000,1,0,1,双平,S,4711.8000,4711.6000,4711.4000,4710.0000,4709.8000,4714.6000,4715.4000,4715.8000,4716.0000,4717.0000,1,1,2,3,5,2,4,1,3,2
SF,IF2010,2020-09-04 09:30:13.500,4714.6000,7377,0,144144960.000,0,-,-,-,-,4712.0000,4711.8000,4711.4000,4710.0000,4709.8000,4714.2000,4715.4000,4716.0000,4717.0000,4717.2000,2,1,2,3,5,1,2,3,2,1
SF,IF2010,2020-09-04 09:30:14.000,4712.0000,7375,-2,146972220.000,2,0,2,双平,S,4713.0000,4712.0000,4711.8000,4711.4000,4709.8000,4714.0000,4716.0000,4716.8000,4717.0000,4717.2000,1,1,1,2,5,1,3,2,2,1
SF,IF2010,2020-09-04 09:30:14.500,4712.0000,7375,0,148385820.000,1,0,1,多换,S,4712.0000,4711.8000,4711.4000,4709.8000,4709.6000,4713.6000,4716.0000,4716.8000,4717.0000,4717.2000,1,1,3,5,1,1,3,2,2,1
SF,IF2010,2020-09-04 09:30:15.000,4712.0000,7375,0,148385820.000,0,-,-,-,-,4711.8000,4711.4000,4709.8000,4709.6000,4707.0000,4713.0000,4716.0000,4716.8000,4717.0000,4717.2000,1,2,5,1,2,2,2,2,2,1
SF,IF2010,2020-09-04 09:30:15.500,4712.0000,7373,-2,152627220.000,3,0,3,多平,S,4712.4000,4712.0000,4711.8000,4711.6000,4711.4000,4716.0000,4716.8000,4717.0000,4717.8000,4718.0000,1,1,1,1,3,2,2,2,3,2
SF,IF2010,2020-09-04 09:30:16.000,4712.0000,7373,0,152627220.000,0,-,-,-,-,4714.4000,4714.0000,4712.6000,4712.4000,4712.0000,4716.8000,4717.8000,4718.0000,4730.0000,4748.6000,1,21,1,1,1,5,2,2,1,1
SF,IF2010,2020-09-04 09:30:16.500,4712.0000,7373,0,152627220.000,0,-,-,-,-,4714.6000,4714.4000,4714.0000,4712.4000,4712.0000,4716.8000,4717.8000,4730.0000,4748.6000,4750.0000,1,1,21,1,1,5,2,1,1,1
SF,IF2010,2020-09-04 09:30:17.000,4714.4000,7371,-2,156870180.000,3,0,3,多平,S,4714.0000,4713.2000,4712.0000,4711.4000,4709.8000,4714.4000,4716.2000,4716.8000,4717.8000,4725.0000,21,1,1,2,5,2,1,2,2,5
SF,IF2010,2020-09-04 09:30:17.500,4714.6000,7370,-1,159698880.000,2,0,2,多平,S,4714.0000,4713.2000,4712.0000,4711.4000,4711.2000,4716.2000,4716.8000,4717.8000,4720.6000,4725.0000,21,1,1,2,1,2,2,1,1,5
SF,IF2010,2020-09-04 09:30:18.000,4714.0000,7368,-2,163941480.000,3,0,3,多平,S,4714.0000,4713.2000,4711.4000,4711.2000,4709.8000,4716.0000,4716.2000,4716.8000,4717.8000,4720.0000,18,1,2,1,5,1,3,2,2,2
SF,IF2010,2020-09-04 09:30:18.500,4714.0000,7364,-4,169598280.000,4,0,4,双平,S,4714.0000,4713.2000,4711.4000,4711.2000,4709.8000,4714.4000,4715.6000,4716.2000,4717.8000,4720.6000,14,1,2,1,5,2,1,3,2,1
SF,IF2010,2020-09-04 09:30:19.000,4714.4000,7360,-4,175255320.000,4,0,4,双平,S,4714.0000,4713.2000,4711.4000,4711.2000,4709.8000,4715.6000,4716.2000,4717.6000,4717.8000,4720.6000,22,1,2,1,5,1,3,2,2,1
SF,IF2010,2020-09-04 09:30:19.500,4714.0000,7358,-2,178083720.000,2,0,2,双平,S,4714.2000,4714.0000,4713.2000,4711.4000,4711.2000,4715.4000,4715.6000,4716.2000,4717.6000,4717.8000,1,20,1,2,1,4,1,3,2,2
SF,IF2010,2020-09-04 09:30:20.000,4714.2000,7355,-3,185154780.000,5,1,4,多平,S,4714.0000,4713.2000,4711.4000,4711.2000,4709.8000,4714.4000,4714.8000,4715.4000,4715.6000,4716.2000,17,1,2,1,5,1,1,4,1,3
SF,IF2010,2020-09-04 09:30:20.500,4714.0000,7348,-7,207781980.000,16,4,12,多平,S,4714.0000,4713.2000,4711.4000,4711.2000,4709.8000,4714.2000,4714.8000,4715.4000,4715.6000,4716.2000,1,1,2,1,5,1,1,4,1,3
SF,IF2010,2020-09-04 09:30:21.000,4714.0000,7346,-2,212024640.000,3,0,3,多平,S,4713.2000,4711.4000,4711.2000,4709.8000,4709.6000,4714.8000,4715.4000,4715.6000,4716.2000,4717.8000,1,2,1,5,1,1,4,1,3,2
SF,IF2010,2020-09-04 09:30:21.500,4714.0000,7346,0,212024640.000,0,-,-,-,-,4713.2000,4711.4000,4711.2000,4709.8000,4709.6000,4714.0000,4715.4000,4715.6000,4716.2000,4716.4000,1,2,1,5,1,1,4,1,2,1
SF,IF2010,2020-09-04 09:30:22.000,4713.8000,7345,-1,214852740.000,2,0,2,多平,S,4711.4000,4711.2000,4709.8000,4709.6000,4706.4000,4713.8000,4714.0000,4715.4000,4715.6000,4716.2000,2,1,5,1,1,1,1,4,2,2
SF,IF2010,2020-09-04 09:30:22.500,4713.8000,7343,-2,226163400.000,8,3,5,多平,S,4714.2000,4709.8000,4709.6000,4706.4000,4706.2000,4715.4000,4715.6000,4716.2000,4717.8000,4725.0000,5,5,1,1,15,4,1,2,2,5
SF,IF2010,2020-09-04 09:30:23.000,4714.2000,7342,-1,236063040.000,7,3,4,多平,S,4711.2000,4710.0000,4709.8000,4709.6000,4706.4000,4712.6000,4713.4000,4713.8000,4714.0000,4714.2000,5,1,5,1,1,1,1,1,1,2
SF,IF2010,2020-09-04 09:30:23.500,4711.2000,7342,0,238889760.000,2,1,1,多换,S,4711.2000,4710.0000,4709.8000,4709.6000,4706.4000,4712.6000,4713.4000,4713.8000,4715.0000,4715.4000,3,1,5,1,1,1,1,1,1,4
SF,IF2010,2020-09-04 09:30:24.000,4711.2000,7342,0,238889760.000,0,-,-,-,-,4711.2000,4710.0000,4709.8000,4709.6000,4706.4000,4712.6000,4713.4000,4713.8000,4714.6000,4715.0000,3,1,5,1,1,1,2,1,1,1
SF,IF2010,2020-09-04 09:30:24.500,4711.2000,7342,0,238889760.000,0,-,-,-,-,4712.0000,4711.2000,4710.0000,4709.8000,4709.6000,4712.6000,4713.4000,4713.8000,4714.6000,4715.0000,1,3,1,5,1,1,2,1,1,1
SF,IF2010,2020-09-04 09:30:25.000,4712.0000,7342,0,244543440.000,4,2,2,多换,S,4711.2000,4710.0000,4709.8000,4709.6000,4706.4000,4711.8000,4713.4000,4713.8000,4715.0000,4715.4000,1,1,5,1,1,1,1,1,1,4
SF,IF2010,2020-09-04 09:30:25.500,4711.4000,7339,-3,254438040.000,7,2,5,多平,S,4710.0000,4709.8000,4709.6000,4706.4000,4706.2000,4713.4000,4713.8000,4715.0000,4715.4000,4716.0000,2,5,1,1,15,1,1,1,4,1
SF,IF2010,2020-09-04 09:30:26.000,4710.0000,7339,0,257264040.000,2,1,1,多换,S,4709.8000,4709.6000,4706.4000,4706.2000,4706.0000,4712.2000,4712.4000,4713.2000,4713.4000,4713.8000,5,1,1,15,2,1,1,1,1,1
SF,IF2010,2020-09-04 09:30:26.500,4712.0000,7339,0,260091240.000,2,1,1,多换,S,4712.0000,4710.0000,4709.8000,4709.6000,4706.4000,4713.8000,4714.6000,4715.0000,4716.0000,4716.2000,8,2,5,1,1,1,2,1,1,1
SF,IF2010,2020-09-04 09:30:27.000,4712.0000,7340,1,272813640.000,9,5,4,空开,S,4710.0000,4709.8000,4709.6000,4706.4000,4706.2000,4712.8000,4713.8000,4714.6000,4715.0000,4716.0000,1,5,1,1,15,1,1,2,1,1
SF,IF2010,2020-09-04 09:30:27.500,4712.0000,7340,0,272813640.000,0,-,-,-,-,4710.2000,4710.0000,4709.8000,4709.6000,4706.4000,4711.4000,4712.6000,4713.8000,4714.6000,4715.0000,1,1,5,1,1,1,1,1,2,1
SF,IF2010,2020-09-04 09:30:28.000,4711.4000,7339,-1,274227060.000,1,0,1,双平,S,4710.4000,4710.2000,4710.0000,4709.8000,4709.6000,4712.4000,4714.0000,4714.6000,4716.0000,4716.2000,1,1,1,5,1,1,1,2,1,1
SF,IF2010,2020-09-04 09:30:28.500,4712.4000,7338,-1,275640780.000,1,0,1,双平,S,4710.2000,4709.8000,4709.6000,4706.4000,4706.2000,4714.0000,4714.6000,4716.0000,4716.2000,4717.2000,1,5,1,1,15,1,2,1,1,2
SF,IF2010,2020-09-04 09:30:29.000,4712.4000,7338,0,275640780.000,0,-,-,-,-,4710.4000,4710.2000,4709.8000,4709.6000,4706.4000,4712.8000,4713.0000,4714.0000,4714.6000,4716.0000,1,1,5,1,1,1,2,1,2,1
SF,IF2010,2020-09-04 09:30:29.500,4712.4000,7338,0,275640780.000,0,-,-,-,-,4711.4000,4710.6000,4710.4000,4710.2000,4709.8000,4713.0000,4713.2000,4714.0000,4716.0000,4716.2000,1,1,2,1,5,1,2,1,1,1
SF,IF2010,2020-09-04 09:30:30.000,4712.4000,7338,0,275640780.000,0,-,-,-,-,4711.4000,4710.6000,4710.4000,4710.2000,4709.8000,4712.6000,4713.2000,4714.0000,4716.0000,4716.2000,1,1,1,1,5,1,3,1,1,1
SF,IF2010,2020-09-04 09:30:30.500,4712.4000,7338,0,275640780.000,0,-,-,-,-,4712.6000,4711.4000,4710.6000,4710.4000,4710.2000,4713.2000,4714.0000,4716.0000,4716.2000,4717.2000,1,1,1,1,11,3,1,1,1,3
SF,IF2010,2020-09-04 09:30:31.000,4711.4000,7338,0,278467980.000,2,1,1,多换,S,4710.6000,4710.4000,4710.2000,4709.8000,4709.6000,4714.0000,4714.2000,4716.0000,4716.2000,4717.2000,1,1,11,5,1,1,1,1,1,3
SF,IF2010,2020-09-04 09:30:31.500,4713.2000,7336,-2,281295840.000,2,0,2,双平,S,4712.6000,4710.8000,4710.6000,4710.2000,4709.8000,4714.0000,4714.2000,4716.0000,4716.2000,4717.2000,1,1,1,11,5,1,1,1,1,3
SF,IF2010,2020-09-04 09:30:32.000,4712.6000,7333,-3,285538080.000,3,0,3,双平,S,4710.8000,4710.6000,4710.2000,4709.8000,4709.6000,4713.6000,4716.0000,4716.2000,4717.2000,4717.4000,1,2,11,5,1,1,1,1,3,3
SF,IF2010,2020-09-04 09:30:32.500,4712.6000,7333,0,285538080.000,0,-,-,-,-,4711.0000,4710.8000,4710.6000,4710.2000,4709.8000,4713.8000,4716.0000,4717.2000,4717.4000,4717.8000,1,1,1,11,5,1,1,1,3,1
SF,IF2010,2020-09-04 09:30:33.000,4712.6000,7333,0,285538080.000,0,-,-,-,-,4711.2000,4711.0000,4710.6000,4710.2000,4709.8000,4716.0000,4717.0000,4717.2000,4717.4000,4717.8000,1,1,1,11,5,1,2,1,3,1
SF,IF2010,2020-09-04 09:30:33.500,4712.6000,7333,0,285538080.000,0,-,-,-,-,4711.2000,4711.0000,4710.8000,4710.2000,4709.8000,4713.6000,4715.2000,4715.8000,4716.0000,4717.0000,1,1,10,10,5,1,1,3,1,2
SF,IF2010,2020-09-04 09:30:34.000,4716.0000,7334,1,292611360.000,5,3,2,空开,S,4713.8000,4711.2000,4711.0000,4710.8000,4710.2000,4716.8000,4717.0000,4717.2000,4717.4000,4717.8000,1,1,1,10,10,1,2,2,3,1
SF,IF2010,2020-09-04 09:30:34.500,4713.8000,7334,0,294025500.000,1,0,1,多换,S,4714.0000,4710.8000,4710.2000,4709.8000,4709.6000,4715.8000,4716.6000,4716.8000,4717.0000,4717.2000,1,10,10,5,1,1,3,1,2,2
SF,IF2010,2020-09-04 09:30:35.000,4713.8000,7334,0,294025500.000,0,-,-,-,-,4710.8000,4710.2000,4709.8000,4709.6000,4707.8000,4715.0000,4715.8000,4716.6000,4716.8000,4717.2000,10,10,5,1,1,1,1,1,1,2
SF,IF2010,2020-09-04 09:30:35.500,4713.8000,7334,0,294025500.000,0,-,-,-,-,4711.2000,4711.0000,4710.8000,4710.2000,4709.8000,4714.8000,4715.8000,4716.6000,4716.8000,4717.2000,1,6,10,10,5,2,1,2,1,2
SF,IF2010,2020-09-04 09:30:36.000,4713.8000,7334,0,294025500.000,0,-,-,-,-,4711.8000,4711.4000,4711.2000,4711.0000,4710.8000,4714.8000,4715.8000,4716.0000,4716.6000,4717.2000,1,1,1,5,10,2,1,1,1,1
SF,IF2010,2020-09-04 09:30:36.500,4713.8000,7334,0,294025500.000,0,-,-,-,-,4712.0000,4711.8000,4711.2000,4711.0000,4710.8000,4714.8000,4715.4000,4715.8000,4716.0000,4716.6000,2,1,1,5,10,2,1,1,1,1
SF,IF2010,2020-09-04 09:30:37.000,4713.8000,7334,0,294025500.000,0,-,-,-,-,4712.6000,4712.4000,4712.0000,4711.8000,4711.2000,4715.8000,4716.0000,4716.6000,4717.2000,4717.4000,1,1,2,1,1,1,1,1,1,3
SF,IF2010,2020-09-04 09:30:37.500,4713.8000,7334,0,294025500.000,0,-,-,-,-,4712.8000,4712.6000,4712.4000,4712.0000,4711.8000,4715.8000,4716.6000,4717.4000,4717.8000,4720.0000,2,1,1,1,1,1,1,3,1,6
SF,IF2010,2020-09-04 09:30:38.000,4713.8000,7334,0,294025500.000,0,-,-,-,-,4713.0000,4712.8000,4712.6000,4712.4000,4712.0000,4715.6000,4715.8000,4717.4000,4717.8000,4720.0000,1,2,1,1,1,1,1,3,1,6
SF,IF2010,2020-09-04 09:30:38.500,4713.8000,7334,0,294025500.000,0,-,-,-,-,4713.2000,4713.0000,4712.6000,4712.4000,4712.0000,4717.4000,4717.8000,4720.0000,4730.0000,4748.6000,2,1,1,1,1,3,1,6,1,1
SF,IF2010,2020-09-04 09:30:39.000,4713.8000,7334,0,294025500.000,0,-,-,-,-,4713.6000,4713.4000,4713.2000,4713.0000,4712.6000,4717.4000,4717.8000,4720.0000,4725.0000,4730.0000,2,3,2,1,2,3,1,1,5,1
SF,IF2010,2020-09-04 09:30:39.500,4713.8000,7334,0,294025500.000,0,-,-,-,-,4713.8000,4713.6000,4713.4000,4713.0000,4712.6000,4717.8000,4720.0000,4722.8000,4725.0000,4730.0000,3,2,3,1,2,1,1,3,5,1
SF,IF2010,2020-09-04 09:30:40.000,4713.8000,7334,0,294025500.000,0,-,-,-,-,4715.6000,4714.0000,4713.8000,4713.6000,4713.4000,4717.6000,4717.8000,4720.0000,4722.8000,4725.0000,1,2,2,2,3,1,1,1,3,5
SF,IF2010,2020-09-04 09:30:40.500,4715.6000,7334,0,296854860.000,2,1,1,多换,S,4714.0000,4713.8000,4713.4000,4712.6000,4712.4000,4717.6000,4717.8000,4720.0000,4722.8000,4725.0000,2,1,3,1,1,1,1,1,3,5
SF,IF2010,2020-09-04 09:30:41.000,4714.2000,7333,-1,298269120.000,1,0,1,双平,S,4714.0000,4713.4000,4712.6000,4712.4000,4710.8000,4716.4000,4717.0000,4717.2000,4717.4000,4717.6000,2,1,1,1,10,1,1,1,1,1
SF,IF2010,2020-09-04 09:30:41.500,4714.2000,7333,0,298269120.000,0,-,-,-,-,4712.6000,4710.8000,4710.2000,4709.8000,4709.6000,4715.4000,4716.2000,4716.6000,4717.0000,4717.2000,1,10,10,5,1,1,1,1,1,1
SF,IF2010,2020-09-04 09:30:42.000,4714.2000,7333,0,298269120.000,0,-,-,-,-,4710.8000,4710.2000,4709.8000,4709.6000,4708.8000,4715.2000,4715.4000,4716.2000,4716.6000,4717.0000,10,10,5,1,1,1,1,2,1,1
SF,IF2010,2020-09-04 09:30:42.500,4714.2000,7333,0,298269120.000,0,-,-,-,-,4711.2000,4711.0000,4710.8000,4710.2000,4709.8000,4714.6000,4715.2000,4715.4000,4716.2000,4716.6000,1,5,10,10,5,1,1,1,1,1
SF,IF2010,2020-09-04 09:30:43.000,4714.2000,7333,0,298269120.000,0,-,-,-,-,4711.8000,4711.2000,4711.0000,4710.8000,4710.4000,4714.4000,4714.6000,4715.4000,4716.2000,4716.6000,1,1,5,10,1,1,1,1,1,1
SF,IF2010,2020-09-04 09:30:43.500,4714.2000,7333,0,298269120.000,0,-,-,-,-,4711.8000,4711.2000,4711.0000,4710.8000,4710.2000,4714.4000,4715.4000,4716.2000,4716.6000,4717.6000,1,1,1,20,10,1,1,1,1,1
SF,IF2010,2020-09-04 09:30:44.000,4714.2000,7333,0,298269120.000,0,-,-,-,-,4712.0000,4711.8000,4711.2000,4711.0000,4710.8000,4714.4000,4715.4000,4716.2000,4716.6000,4717.6000,1,1,1,1,20,1,1,1,1,1
SF,IF2010,2020-09-04 09:30:45.000,4714.2000,7333,0,298269120.000,0,-,-,-,-,4712.6000,4712.4000,4712.0000,4711.8000,4711.6000,4714.4000,4715.4000,4716.2000,4717.0000,4717.6000,1,1,1,1,1,1,1,1,3,1
SF,IF2010,2020-09-04 09:30:45.500,4714.2000,7333,0,298269120.000,0,-,-,-,-,4712.6000,4711.8000,4711.2000,4710.8000,4710.2000,4715.4000,4716.2000,4717.0000,4717.6000,4717.8000,1,1,1,20,10,1,1,3,1,1
SF,IF2010,2020-09-04 09:30:46.000,4714.2000,7333,0,298269120.000,0,-,-,-,-,4712.6000,4711.8000,4711.2000,4710.8000,4710.2000,4715.2000,4715.4000,4716.0000,4716.2000,4717.0000,1,1,1,20,10,1,1,1,1,3
SF,IF2010,2020-09-04 09:30:46.500,4714.2000,7333,0,298269120.000,0,-,-,-,-,4711.8000,4710.8000,4710.2000,4709.8000,4709.6000,4715.0000,4715.2000,4715.4000,4716.0000,4716.2000,1,20,10,5,1,1,1,1,1,1
SF,IF2010,2020-09-04 09:30:47.000,4714.2000,7333,0,298269120.000,0,-,-,-,-,4711.8000,4710.8000,4710.2000,4709.8000,4709.6000,4714.0000,4714.6000,4714.8000,4715.0000,4716.2000,1,20,10,5,1,1,1,1,3,1
SF,IF2010,2020-09-04 09:30:47.500,4714.2000,7333,0,298269120.000,0,-,-,-,-,4712.6000,4710.8000,4710.2000,4709.8000,4709.6000,4714.0000,4714.6000,4714.8000,4715.0000,4716.2000,10,20,10,5,1,1,2,1,2,1
SF,IF2010,2020-09-04 09:30:48.000,4714.2000,7333,0,298269120.000,0,-,-,-,-,4712.6000,4710.8000,4710.2000,4709.8000,4709.6000,4713.6000,4713.8000,4714.6000,4714.8000,4715.0000,10,20,10,5,1,1,1,1,1,1
SF,IF2010,2020-09-04 09:30:48.500,4713.6000,7332,-1,299683200.000,1,0,1,双平,S,4712.6000,4710.8000,4710.2000,4709.8000,4709.6000,4715.0000,4716.2000,4717.0000,4717.4000,4717.8000,10,20,10,5,1,1,1,3,1,1
SF,IF2010,2020-09-04 09:30:49.000,4713.6000,7332,0,299683200.000,0,-,-,-,-,4712.8000,4712.6000,4710.8000,4710.2000,4709.8000,4715.0000,4716.2000,4717.0000,4717.4000,4717.8000,1,10,20,10,5,1,1,3,1,1
SF,IF2010,2020-09-04 09:30:50.000,4713.6000,7332,0,299683200.000,0,-,-,-,-,4713.0000,4712.8000,4712.6000,4710.8000,4710.2000,4715.0000,4716.2000,4717.0000,4717.4000,4717.8000,1,1,10,20,10,1,1,4,1,1
SF,IF2010,2020-09-04 09:30:50.500,4715.0000,7331,-1,301097700.000,1,0,1,双平,S,4713.6000,4713.0000,4712.8000,4712.6000,4710.8000,4716.2000,4717.0000,4717.4000,4717.8000,4720.0000,2,1,1,10,20,1,4,1,1,1
SF,IF2010,2020-09-04 09:30:51.000,4715.0000,7331,0,301097700.000,0,-,-,-,-,4715.0000,4713.8000,4713.6000,4713.0000,4712.6000,4716.0000,4716.2000,4717.0000,4717.4000,4717.8000,5,2,2,1,10,1,1,4,1,1
SF,IF2010,2020-09-04 09:30:51.500,4715.0000,7332,1,303926700.000,2,1,1,空开,S,4715.0000,4713.8000,4713.6000,4712.6000,4710.8000,4716.2000,4717.0000,4717.4000,4717.8000,4720.0000,3,2,2,10,20,1,3,1,1,1
SF,IF2010,2020-09-04 09:30:52.000,4715.0000,7331,-1,306756060.000,2,0,2,多平,S,4715.0000,4713.8000,4713.6000,4712.6000,4710.8000,4717.4000,4717.8000,4720.0000,4725.0000,4730.0000,2,1,2,10,20,1,2,1,5,1
SF,IF2010,2020-09-04 09:30:52.500,4715.0000,7331,0,306756060.000,0,-,-,-,-,4715.2000,4715.0000,4713.6000,4712.6000,4710.8000,4715.6000,4716.0000,4717.2000,4717.8000,4720.0000,1,2,2,10,20,1,1,1,1,1
SF,IF2010,2020-09-04 09:30:53.000,4715.6000,7331,0,308170740.000,1,0,1,多换,S,4715.0000,4713.6000,4712.6000,4710.8000,4710.2000,4717.2000,4717.8000,4720.0000,4725.0000,4730.0000,2,2,10,20,10,1,1,1,5,1
SF,IF2010,2020-09-04 09:30:53.500,4715.6000,7331,0,308170740.000,0,-,-,-,-,4715.0000,4713.6000,4712.6000,4710.8000,4710.2000,4717.2000,4717.8000,4720.0000,4724.0000,4725.0000,2,2,10,20,10,1,1,1,1,5
SF,IF2010,2020-09-04 09:30:54.000,4715.6000,7331,0,308170740.000,0,-,-,-,-,4715.2000,4715.0000,4713.6000,4712.6000,4710.8000,4717.2000,4717.8000,4720.0000,4724.0000,4725.0000,1,2,2,10,20,1,1,1,1,5
SF,IF2010,2020-09-04 09:30:55.000,4715.6000,7331,0,308170740.000,0,-,-,-,-,4715.2000,4715.0000,4713.6000,4712.6000,4710.8000,4717.2000,4717.8000,4720.0000,4721.6000,4724.0000,1,2,2,10,20,1,1,1,1,1
SF,IF2010,2020-09-04 09:30:55.500,4715.6000,7331,0,308170740.000,0,-,-,-,-,4715.0000,4713.6000,4712.6000,4710.8000,4710.2000,4717.0000,4717.2000,4717.8000,4718.0000,4720.0000,2,2,10,20,11,1,1,1,1,1
SF,IF2010,2020-09-04 09:30:56.000,4716.4000,7331,0,309585660.000,1,0,1,多换,S,4715.0000,4713.6000,4712.6000,4710.8000,4710.2000,4717.2000,4717.8000,4718.0000,4720.0000,4721.6000,2,2,10,20,11,1,1,2,1,1
SF,IF2010,2020-09-04 09:30:56.500,4716.4000,7331,0,309585660.000,0,-,-,-,-,4715.0000,4713.6000,4712.6000,4710.8000,4710.2000,4716.2000,4716.8000,4717.2000,4717.8000,4718.0000,2,2,10,20,11,1,1,1,1,2
SF,IF2010,2020-09-04 09:30:57.000,4716.4000,7331,0,309585660.000,0,-,-,-,-,4715.0000,4713.6000,4712.6000,4710.8000,4710.2000,4716.2000,4716.4000,4716.8000,4717.2000,4717.8000,2,2,10,20,11,1,1,2,1,1
SF,IF2010,2020-09-04 09:30:57.500,4715.0000,7331,0,312414660.000,2,1,1,多换,S,4713.6000,4712.6000,4710.8000,4710.2000,4709.8000,4716.2000,4717.2000,4717.8000,4718.0000,4720.0000,2,10,20,11,5,1,1,1,1,1
SF,IF2010,2020-09-04 09:30:58.000,4715.0000,7331,0,312414660.000,0,-,-,-,-,4713.8000,4713.6000,4712.6000,4710.8000,4710.2000,4716.2000,4717.2000,4717.8000,4718.0000,4720.0000,1,2,10,20,11,1,1,1,1,1
SF,IF2010,2020-09-04 09:30:58.500,4716.0000,7331,0,313829460.000,1,0,1,多换,S,4713.6000,4712.6000,4710.8000,4710.2000,4709.8000,4716.0000,4717.2000,4717.8000,4718.0000,4720.0000,2,10,20,11,5,3,1,1,1,1
SF,IF2010,2020-09-04 09:30:59.000,4716.0000,7331,0,313829460.000,0,-,-,-,-,4713.6000,4712.6000,4710.8000,4710.2000,4709.8000,4716.0000,4717.2000,4717.8000,4718.0000,4720.0000,2,10,10,11,5,3,1,1,1,1
SF,IF2010,2020-09-04 09:30:59.500,4716.0000,7331,0,313829460.000,0,-,-,-,-,4715.0000,4713.8000,4713.6000,4712.6000,4710.8000,4717.8000,4718.0000,4720.0000,4721.6000,4724.0000,10,2,3,10,10,1,1,1,1,1
SF,IF2010,2020-09-04 09:31:00.000,4716.0000,7331,0,313829460.000,0,-,-,-,-,4715.2000,4715.0000,4713.6000,4712.6000,4710.8000,4717.6000,4717.8000,4718.0000,4720.0000,4721.6000,1,10,2,10,10,1,1,1,1,1
SF,IF2010,2020-09-04 09:31:00.500,4716.0000,7331,0,313829460.000,0,-,-,-,-,4715.2000,4715.0000,4713.6000,4712.6000,4710.8000,4716.6000,4717.6000,4717.8000,4720.0000,4721.6000,1,10,2,10,10,1,1,1,1,1
SF,IF2010,2020-09-04 09:31:01.000,4716.0000,7331,0,313829460.000,0,-,-,-,-,4715.0000,4713.6000,4712.6000,4710.8000,4710.2000,4716.4000,4717.6000,4717.8000,4720.0000,4721.6000,10,2,10,10,11,2,1,1,1,1
SF,IF2010,2020-09-04 09:31:01.500,4715.0000,7331,0,319487460.000,4,2,2,多换,S,4715.0000,4713.6000,4712.6000,4710.8000,4710.2000,4716.4000,4717.6000,4717.8000,4720.0000,4721.6000,6,2,10,10,11,2,1,1,1,1
SF,IF2010,2020-09-04 09:31:02.000,4715.0000,7331,0,319487460.000,0,-,-,-,-,4716.2000,4715.0000,4713.6000,4712.6000,4710.8000,4716.4000,4717.6000,4717.8000,4720.0000,4721.6000,1,8,2,10,10,1,2,1,1,1
SF,IF2010,2020-09-04 09:31:02.500,4715.0000,7331,0,332218320.000,9,4,5,多换,S,4713.6000,4712.6000,4710.8000,4710.2000,4709.8000,4716.2000,4717.2000,4717.6000,4717.8000,4720.0000,2,10,10,11,5,1,1,1,1,1
SF,IF2010,2020-09-04 09:31:03.000,4715.0000,7331,0,332218320.000,0,-,-,-,-,4712.6000,4710.8000,4710.2000,4709.8000,4709.6000,4715.0000,4715.8000,4716.0000,4716.2000,4717.2000,10,10,11,5,1,1,1,2,1,1
SF,IF2010,2020-09-04 09:31:03.500,4715.0000,7331,0,332218320.000,0,-,-,-,-,4712.8000,4712.6000,4710.8000,4710.2000,4709.8000,4714.8000,4715.0000,4715.8000,4716.0000,4716.2000,1,10,10,11,5,1,1,1,3,1
SF,IF2010,2020-09-04 09:31:04.000,4715.0000,7331,0,332218320.000,0,-,-,-,-,4712.6000,4710.8000,4710.2000,4709.8000,4709.6000,4714.6000,4714.8000,4715.6000,4715.8000,4716.0000,11,10,11,5,1,2,1,1,1,2
SF,IF2010,2020-09-04 09:31:04.500,4715.0000,7331,0,332218320.000,0,-,-,-,-,4712.6000,4710.8000,4710.2000,4709.8000,4709.6000,4714.2000,4714.6000,4714.8000,4715.0000,4715.6000,11,10,11,5,1,1,2,1,2,1
SF,IF2010,2020-09-04 09:31:05.000,4715.0000,7331,0,332218320.000,0,-,-,-,-,4712.6000,4710.8000,4710.2000,4709.8000,4709.6000,4713.8000,4714.4000,4714.6000,4714.8000,4715.0000,12,10,11,5,1,1,1,2,2,2
SF,IF2010,2020-09-04 09:31:05.500,4715.0000,7331,0,332218320.000,0,-,-,-,-,4712.8000,4712.6000,4710.8000,4710.2000,4709.8000,4713.8000,4714.6000,4714.8000,4715.0000,4715.6000,5,12,10,11,5,1,1,2,1,1
SF,IF2010,2020-09-04 09:31:06.000,4715.0000,7331,0,332218320.000,0,-,-,-,-,4712.8000,4712.6000,4710.8000,4710.2000,4709.8000,4713.8000,4714.6000,4714.8000,4715.0000,4715.6000,5,12,10,11,5,1,1,2,1,1
SF,IF2010,2020-09-04 09:31:06.500,4712.8000,7330,-1,333632160.000,1,0,1,双平,S,4712.8000,4712.6000,4710.8000,4710.2000,4709.8000,4713.8000,4714.6000,4714.8000,4715.0000,4716.2000,4,12,10,11,5,1,1,2,1,3
SF,IF2010,2020-09-04 09:31:07.000,4712.8000,7330,0,333632160.000,0,-,-,-,-,4713.8000,4712.8000,4712.6000,4710.8000,4710.2000,4714.6000,4714.8000,4715.0000,4716.2000,4717.6000,1,4,12,10,11,1,1,1,3,2
SF,IF2010,2020-09-04 09:31:07.500,4714.8000,7330,0,337875120.000,3,1,2,多换,S,4712.6000,4710.8000,4710.2000,4709.8000,4709.6000,4715.0000,4717.2000,4717.6000,4717.8000,4718.0000,12,10,11,5,1,1,1,2,1,1
SF,IF2010,2020-09-04 09:31:08.000,4712.8000,7329,-1,339288960.000,1,0,1,双平,S,4712.6000,4710.8000,4710.2000,4709.8000,4709.6000,4714.8000,4715.0000,4717.2000,4717.4000,4717.6000,12,10,11,5,1,1,1,1,2,3
SF,IF2010,2020-09-04 09:31:08.500,4712.8000,7329,0,339288960.000,0,-,-,-,-,4713.0000,4712.6000,4710.8000,4710.2000,4709.8000,4714.6000,4714.8000,4715.0000,4717.2000,4717.4000,1,12,10,11,5,1,1,1,1,2
SF,IF2010,2020-09-04 09:31:09.000,4712.8000,7329,0,339288960.000,0,-,-,-,-,4713.0000,4712.6000,4710.8000,4710.2000,4709.8000,4714.6000,4715.0000,4717.2000,4717.4000,4717.6000,1,12,10,11,5,1,1,1,2,2
SF,IF2010,2020-09-04 09:31:09.500,4713.0000,7328,-1,340702860.000,1,0,1,双平,S,4712.6000,4710.8000,4710.2000,4709.8000,4709.6000,4714.0000,4714.4000,4714.6000,4715.0000,4717.2000,12,10,11,5,1,1,1,2,1,1
SF,IF2010,2020-09-04 09:31:10.000,4714.0000,7328,0,342117060.000,1,0,1,多换,S,4712.6000,4710.8000,4710.2000,4709.8000,4709.6000,4714.4000,4714.6000,4715.0000,4717.2000,4717.4000,12,10,11,5,1,1,2,1,1,2
SF,IF2010,2020-09-04 09:31:10.500,4714.0000,7328,0,342117060.000,0,-,-,-,-,4712.6000,4710.8000,4710.2000,4709.8000,4709.6000,4713.8000,4714.4000,4714.6000,4715.0000,4717.2000,12,10,11,5,1,1,1,2,1,1
SF,IF2010,2020-09-04 09:31:11.000,4714.0000,7328,0,343531260.000,1,0,1,多换,S,4712.6000,4710.8000,4710.2000,4709.8000,4709.6000,4714.4000,4714.6000,4715.0000,4717.2000,4717.4000,12,10,11,5,1,1,1,1,1,2
SF,IF2010,2020-09-04 09:31:11.500,4714.0000,7328,0,343531260.000,0,-,-,-,-,4713.0000,4712.6000,4710.8000,4710.2000,4709.8000,4714.4000,4714.6000,4715.0000,4717.2000,4717.4000,11,12,10,11,5,1,1,1,1,2
SF,IF2010,2020-09-04 09:31:12.000,4714.2000,7327,-1,344945520.000,1,0,1,双平,S,4713.0000,4712.6000,4710.8000,4710.2000,4709.8000,4714.4000,4715.0000,4717.2000,4717.4000,4717.6000,11,12,10,11,5,1,1,1,2,2
SF,IF2010,2020-09-04 09:31:12.500,4713.0000,7327,0,349187220.000,3,1,2,多换,S,4713.0000,4712.6000,4710.8000,4710.2000,4709.8000,4715.0000,4717.2000,4717.4000,4717.6000,4717.8000,8,12,10,11,5,1,1,2,2,1
SF,IF2010,2020-09-04 09:31:13.000,4714.4000,7325,-2,371809200.000,16,7,9,多平,S,4714.4000,4712.6000,4710.8000,4710.2000,4709.8000,4714.8000,4715.0000,4717.4000,4717.6000,4717.8000,1,5,10,11,5,2,1,2,2,1
SF,IF2010,2020-09-04 09:31:13.500,4714.4000,7324,-1,373223520.000,1,0,1,双平,S,4712.6000,4710.8000,4710.2000,4709.8000,4709.6000,4713.0000,4714.4000,4714.8000,4715.0000,4717.4000,5,10,11,5,1,1,2,1,1,2
SF,IF2010,2020-09-04 09:31:14.000,4712.6000,7323,-1,380292420.000,5,2,3,多平,S,4712.8000,4710.8000,4710.2000,4709.8000,4709.6000,4713.0000,4714.0000,4714.4000,4715.0000,4717.4000,1,10,11,5,1,1,1,4,1,2
SF,IF2010,2020-09-04 09:31:14.500,4712.8000,7322,-1,383120160.000,2,0,2,多平,S,4710.8000,4710.2000,4709.8000,4709.6000,4708.8000,4712.8000,4714.0000,4714.4000,4715.0000,4717.4000,10,11,5,1,1,1,1,3,1,3
SF,IF2010,2020-09-04 09:31:15.000,4712.8000,7322,0,383120160.000,0,-,-,-,-,4711.0000,4710.8000,4710.2000,4709.8000,4709.6000,4714.4000,4715.0000,4717.4000,4717.6000,4717.8000,1,10,11,5,1,3,1,3,2,1
SF,IF2010,2020-09-04 09:31:15.500,4712.8000,7322,0,383120160.000,0,-,-,-,-,4711.0000,4710.8000,4710.2000,4709.8000,4709.6000,4713.8000,4714.2000,4714.4000,4715.0000,4717.4000,1,10,11,5,1,1,2,3,1,3
SF,IF2010,2020-09-04 09:31:16.000,4712.8000,7322,0,383120160.000,0,-,-,-,-,4711.0000,4710.8000,4710.2000,4709.8000,4709.6000,4713.6000,4713.8000,4714.2000,4714.4000,4715.0000,1,10,11,5,1,2,1,1,3,1
SF,IF2010,2020-09-04 09:31:16.500,4712.8000,7322,0,383120160.000,0,-,-,-,-,4710.8000,4710.2000,4709.8000,4709.6000,4708.8000,4713.4000,4713.6000,4713.8000,4714.4000,4715.0000,10,11,5,1,1,1,2,1,3,1
SF,IF2010,2020-09-04 09:31:17.000,4712.8000,7322,0,383120160.000,0,-,-,-,-,4710.8000,4710.2000,4709.8000,4709.6000,4708.8000,4712.8000,4713.2000,4713.4000,4713.8000,4714.4000,10,11,5,1,1,1,2,2,1,2
SF,IF2010,2020-09-04 09:31:17.500,4712.8000,7322,0,383120160.000,0,-,-,-,-,4710.8000,4710.2000,4709.8000,4709.6000,4708.8000,4712.8000,4713.0000,4713.2000,4713.4000,4713.8000,10,11,5,1,1,1,1,2,2,1
SF,IF2010,2020-09-04 09:31:18.000,4712.8000,7322,0,383120160.000,0,-,-,-,-,4710.8000,4710.2000,4709.8000,4709.6000,4708.8000,4712.6000,4712.8000,4713.0000,4713.2000,4713.4000,10,11,5,1,1,1,1,1,2,1
SF,IF2010,2020-09-04 09:31:18.500,4712.8000,7322,0,383120160.000,0,-,-,-,-,4710.8000,4710.2000,4709.8000,4709.6000,4708.8000,4712.6000,4712.8000,4713.0000,4713.2000,4713.4000,10,11,5,1,1,1,1,1,2,1
SF,IF2010,2020-09-04 09:31:19.000,4710.8000,7323,1,385946640.000,2,1,1,空开,S,4710.8000,4710.2000,4709.8000,4709.6000,4708.8000,4712.0000,4712.2000,4712.6000,4713.0000,4713.2000,8,11,5,1,1,1,1,2,1,1
SF,IF2010,2020-09-04 09:31:19.500,4710.8000,7323,0,385946640.000,0,-,-,-,-,4710.8000,4710.2000,4709.8000,4709.6000,4708.8000,4712.0000,4712.2000,4712.4000,4712.6000,4713.0000,8,11,5,1,1,1,1,1,1,1
SF,IF2010,2020-09-04 09:31:20.000,4712.4000,7323,0,390187620.000,3,1,2,多换,S,4710.8000,4710.2000,4709.8000,4709.6000,4708.8000,4712.6000,4713.2000,4713.8000,4714.4000,4715.0000,8,11,5,1,1,1,1,1,2,6
SF,IF2010,2020-09-04 09:31:21.000,4712.4000,7323,0,390187620.000,0,-,-,-,-,4710.8000,4710.2000,4709.8000,4709.6000,4708.8000,4712.2000,4712.6000,4713.2000,4714.4000,4715.0000,9,11,5,1,1,1,1,1,2,6
SF,IF2010,2020-09-04 09:31:21.500,4710.8000,7320,-3,401493540.000,8,2,6,多平,S,4711.0000,4710.8000,4710.2000,4710.0000,4709.8000,4712.2000,4712.6000,4713.2000,4714.2000,4715.0000,1,5,11,1,5,1,1,1,2,6
SF,IF2010,2020-09-04 09:31:22.000,4712.2000,7320,0,405734520.000,3,1,2,多换,S,4711.0000,4710.8000,4710.2000,4710.0000,4709.8000,4712.6000,4713.2000,4714.2000,4715.0000,4715.6000,1,5,11,1,5,1,1,2,6,1
SF,IF2010,2020-09-04 09:31:23.000,4711.0000,7319,-1,407147820.000,1,0,1,双平,S,4710.8000,4710.2000,4710.0000,4709.8000,4709.6000,4712.4000,4712.6000,4713.2000,4714.2000,4715.0000,5,11,1,5,1,1,1,1,2,6
SF,IF2010,2020-09-04 09:31:23.500,4711.0000,7319,0,407147820.000,0,-,-,-,-,4710.8000,4710.2000,4710.0000,4709.8000,4709.6000,4712.4000,4712.6000,4713.2000,4714.2000,4714.6000,5,11,1,5,1,1,1,1,2,1
SF,IF2010,2020-09-04 09:31:24.000,4710.8000,7319,0,408561060.000,1,0,1,多换,S,4710.8000,4710.2000,4710.0000,4709.8000,4709.6000,4711.0000,4712.4000,4712.6000,4713.2000,4714.6000,4,11,1,5,1,1,1,1,1,1
SF,IF2010,2020-09-04 09:31:24.500,4711.0000,7318,-1,409974360.000,1,0,1,双平,S,4710.8000,4710.2000,4710.0000,4709.8000,4709.6000,4712.4000,4713.0000,4713.2000,4714.6000,4715.0000,4,11,1,5,1,1,6,1,1,6
SF,IF2010,2020-09-04 09:31:25.000,4712.0000,7317,-1,411387960.000,1,0,1,双平,S,4710.8000,4710.2000,4710.0000,4709.8000,4709.6000,4712.4000,4713.0000,4713.2000,4714.6000,4715.0000,4,11,1,5,1,1,6,1,1,6
SF,IF2010,2020-09-04 09:31:25.500,4712.0000,7317,0,411387960.000,0,-,-,-,-,4710.8000,4710.2000,4710.0000,4709.8000,4709.6000,4712.4000,4713.0000,4713.2000,4714.6000,4715.0000,4,11,2,5,1,1,6,1,1,6
SF,IF2010,2020-09-04 09:31:26.000,4710.8000,7317,0,412801200.000,1,0,1,多换,S,4710.8000,4710.2000,4710.0000,4709.8000,4709.6000,4712.2000,4712.4000,4713.0000,4713.2000,4714.6000,3,11,3,5,1,1,1,6,1,1
SF,IF2010,2020-09-04 09:31:27.000,4710.8000,7317,0,412801200.000,0,-,-,-,-,4710.8000,4710.2000,4710.0000,4709.8000,4709.6000,4711.8000,4712.0000,4712.2000,4713.0000,4713.2000,3,11,3,5,1,1,1,1,6,1
SF,IF2010,2020-09-04 09:31:27.500,4711.8000,7316,-1,414214740.000,1,0,1,双平,S,4710.8000,4710.2000,4710.0000,4709.8000,4709.6000,4712.2000,4713.0000,4713.2000,4714.6000,4715.0000,3,11,3,5,1,1,6,1,1,6
SF,IF2010,2020-09-04 09:31:28.000,4711.8000,7316,0,414214740.000,0,-,-,-,-,4710.8000,4710.2000,4710.0000,4709.8000,4709.6000,4713.0000,4713.2000,4714.6000,4715.0000,4715.6000,3,11,3,5,1,6,1,1,6,1
SF,IF2010,2020-09-04 09:31:28.500,4711.8000,7316,0,414214740.000,0,-,-,-,-,4711.0000,4710.8000,4710.2000,4710.0000,4709.8000,4712.8000,4713.0000,4713.2000,4715.0000,4715.6000,4,3,11,3,5,1,6,1,1,1
SF,IF2010,2020-09-04 09:31:29.500,4711.8000,7316,0,414214740.000,0,-,-,-,-,4710.8000,4710.2000,4710.0000,4709.8000,4709.6000,4712.8000,4713.0000,4713.2000,4715.0000,4715.6000,3,11,3,5,1,1,6,1,1,1
SF,IF2010,2020-09-04 09:31:31.000,4711.8000,7316,0,414214740.000,0,-,-,-,-,4710.8000,4710.2000,4710.0000,4709.8000,4709.6000,4712.8000,4713.0000,4713.2000,4715.0000,4715.6000,3,11,3,5,1,1,6,1,1,1
SF,IF2010,2020-09-04 09:31:32.500,4710.8000,7316,0,418454460.000,3,1,2,多换,S,4710.2000,4710.0000,4709.8000,4709.6000,4708.8000,4710.8000,4712.8000,4713.0000,4713.2000,4715.0000,11,3,5,1,1,15,1,6,1,1
SF,IF2010,2020-09-04 09:31:33.000,4710.8000,7316,0,418454460.000,0,-,-,-,-,4710.2000,4710.0000,4709.8000,4709.6000,4708.8000,4710.8000,4712.8000,4713.0000,4713.2000,4715.0000,10,3,5,1,1,15,1,6,1,1
SF,IF2010,2020-09-04 09:31:33.500,4710.2000,7316,0,419867520.000,1,0,1,多换,S,4710.2000,4710.0000,4709.8000,4709.6000,4708.8000,4710.8000,4712.8000,4713.0000,4713.2000,4715.0000,9,3,5,1,1,15,1,6,1,1
SF,IF2010,2020-09-04 09:31:34.000,4710.8000,7316,0,422693820.000,2,1,1,多换,S,4710.2000,4710.0000,4709.8000,4709.6000,4708.8000,4710.8000,4712.8000,4713.0000,4713.2000,4715.0000,8,3,5,1,1,14,1,6,1,1
SF,IF2010,2020-09-04 09:31:34.500,4710.8000,7316,0,422693820.000,0,-,-,-,-,4710.2000,4710.0000,4709.8000,4709.6000,4708.8000,4710.8000,4711.4000,4712.8000,4713.0000,4713.2000,8,3,5,1,1,14,1,1,6,1
SF,IF2010,2020-09-04 09:31:35.000,4710.2000,7316,0,424106880.000,1,0,1,多换,S,4710.2000,4710.0000,4709.8000,4709.6000,4708.8000,4710.8000,4711.4000,4712.8000,4713.0000,4713.2000,7,3,5,1,1,14,1,1,6,1
SF,IF2010,2020-09-04 09:31:35.500,4710.8000,7315,-1,432586320.000,6,2,4,多平,S,4710.6000,4710.2000,4710.0000,4709.8000,4709.6000,4710.8000,4712.8000,4713.0000,4713.2000,4715.0000,1,7,3,5,1,8,1,6,1,1
SF,IF2010,2020-09-04 09:31:36.000,4710.8000,7312,-3,438239220.000,4,0,4,多平,S,4710.2000,4710.0000,4709.8000,4709.6000,4708.8000,4710.8000,4712.6000,4713.0000,4713.2000,4715.0000,7,3,5,1,1,5,1,6,1,1
SF,IF2010,2020-09-04 09:31:36.500,4710.8000,7312,0,442478940.000,3,1,2,多换,S,4710.2000,4710.0000,4709.8000,4709.6000,4708.8000,4710.8000,4712.6000,4713.0000,4713.2000,4715.0000,7,3,5,1,1,3,1,6,1,1
SF,IF2010,2020-09-04 09:31:37.000,4710.2000,7312,0,449544240.000,5,2,3,多换,S,4710.2000,4710.0000,4709.8000,4709.6000,4708.8000,4710.8000,4712.6000,4713.0000,4713.2000,4715.0000,2,3,5,1,1,4,1,6,1,1
SF,IF2010,2020-09-04 09:31:37.500,4710.2000,7312,0,449544240.000,0,-,-,-,-,4710.2000,4710.0000,4709.8000,4709.6000,4708.8000,4710.8000,4712.6000,4713.0000,4713.2000,4715.0000,2,3,5,1,1,3,1,6,1,1
SF,IF2010,2020-09-04 09:31:38.500,4710.8000,7311,-1,450957480.000,1,0,1,双平,S,4710.2000,4710.0000,4709.8000,4709.6000,4708.8000,4710.8000,4712.6000,4713.0000,4713.2000,4715.0000,2,3,5,1,1,2,1,6,1,1
SF,IF2010,2020-09-04 09:31:39.000,4710.8000,7311,0,450957480.000,0,-,-,-,-,4710.2000,4710.0000,4709.8000,4709.6000,4708.8000,4710.6000,4710.8000,4712.6000,4713.0000,4713.2000,2,3,5,1,1,1,2,1,6,1
SF,IF2010,2020-09-04 09:31:40.000,4710.8000,7311,0,450957480.000,0,-,-,-,-,4710.2000,4710.0000,4709.8000,4709.6000,4708.8000,4710.6000,4710.8000,4712.6000,4713.0000,4713.2000,2,3,5,1,1,2,2,1,6,1
SF,IF2010,2020-09-04 09:31:40.500,4710.2000,7311,0,452370540.000,1,0,1,多换,S,4710.2000,4710.0000,4709.8000,4709.6000,4708.8000,4710.6000,4710.8000,4712.6000,4713.0000,4713.2000,1,3,5,1,1,2,2,1,6,1
SF,IF2010,2020-09-04 09:31:41.000,4710.2000,7311,0,453783600.000,1,0,1,多换,S,4710.0000,4709.8000,4709.6000,4708.8000,4707.8000,4710.6000,4710.8000,4712.6000,4713.0000,4713.2000,3,5,1,1,1,2,2,1,6,1
SF,IF2010,2020-09-04 09:31:42.500,4710.0000,7311,0,455196600.000,1,0,1,多换,S,4710.0000,4709.8000,4709.6000,4708.8000,4707.8000,4710.4000,4710.6000,4710.8000,4712.6000,4713.0000,2,5,1,1,1,1,2,2,1,6
SF,IF2010,2020-09-04 09:31:43.000,4710.0000,7311,0,458022600.000,2,1,1,多换,S,4709.8000,4709.6000,4708.8000,4707.8000,4706.2000,4710.0000,4710.4000,4710.6000,4710.8000,4712.6000,5,1,1,1,5,1,1,2,2,1
SF,IF2010,2020-09-04 09:31:43.500,4709.8000,7311,0,463674360.000,4,2,2,多换,S,4709.8000,4709.6000,4708.8000,4707.8000,4706.2000,4710.0000,4710.4000,4710.6000,4710.8000,4712.6000,1,1,1,1,5,1,1,2,1,1
SF,IF2010,2020-09-04 09:31:44.000,4709.8000,7311,0,465087300.000,1,0,1,多换,S,4709.6000,4708.8000,4707.8000,4706.2000,4706.0000,4710.0000,4710.4000,4710.6000,4710.8000,4712.6000,1,1,1,5,1,1,1,2,1,1
SF,IF2010,2020-09-04 09:31:44.500,4709.6000,7311,0,466500180.000,1,0,1,多换,S,4708.8000,4707.8000,4706.2000,4706.0000,4705.0000,4709.6000,4709.8000,4710.0000,4710.4000,4710.6000,1,1,5,1,2,1,1,1,1,2
SF,IF2010,2020-09-04 09:31:45.000,4709.6000,7311,0,466500180.000,0,-,-,-,-,4708.8000,4707.8000,4706.2000,4706.0000,4705.0000,4710.0000,4710.4000,4710.6000,4710.8000,4712.6000,1,1,5,1,3,1,1,2,1,1
SF,IF2010,2020-09-04 09:31:46.000,4709.6000,7311,0,466500180.000,0,-,-,-,-,4708.8000,4707.8000,4706.2000,4706.0000,4705.0000,4710.0000,4710.4000,4710.6000,4710.8000,4712.6000,1,1,5,1,3,1,1,2,1,1
SF,IF2010,2020-09-04 09:31:47.000,4708.8000,7311,0,467912820.000,1,0,1,多换,S,4707.8000,4706.2000,4706.0000,4705.0000,4703.8000,4708.8000,4710.0000,4710.4000,4710.6000,4710.8000,1,5,1,3,1,1,1,1,2,1
SF,IF2010,2020-09-04 09:31:47.500,4708.8000,7311,0,469325460.000,1,0,1,多换,S,4708.0000,4707.8000,4706.2000,4706.0000,4705.0000,4710.0000,4710.6000,4710.8000,4712.6000,4713.0000,2,1,5,1,3,1,2,1,1,6
SF,IF2010,2020-09-04 09:31:48.500,4708.8000,7311,0,469325460.000,0,-,-,-,-,4708.0000,4707.8000,4706.2000,4706.0000,4705.0000,4709.8000,4710.0000,4710.6000,4710.8000,4712.6000,2,1,5,1,3,1,1,2,1,1
SF,IF2010,2020-09-04 09:31:49.000,4708.0000,7310,-1,473563800.000,3,1,2,多平,S,4708.0000,4707.8000,4706.2000,4706.0000,4705.0000,4710.6000,4710.8000,4712.6000,4713.0000,4713.2000,1,1,5,1,3,2,1,1,6,1
SF,IF2010,2020-09-04 09:31:49.500,4708.0000,7310,0,473563800.000,0,-,-,-,-,4708.0000,4707.8000,4706.2000,4706.0000,4705.0000,4710.4000,4710.6000,4710.8000,4712.6000,4713.0000,1,1,5,1,3,2,1,1,1,6
SF,IF2010,2020-09-04 09:31:51.500,4708.0000,7310,0,473563800.000,0,-,-,-,-,4708.0000,4707.8000,4706.2000,4706.0000,4705.0000,4710.4000,4710.6000,4710.8000,4712.6000,4713.0000,1,1,5,1,3,2,1,1,1,6
SF,IF2010,2020-09-04 09:31:52.500,4710.4000,7310,0,476390040.000,2,1,1,多换,S,4710.4000,4708.2000,4708.0000,4707.8000,4706.2000,4710.6000,4710.8000,4713.0000,4715.0000,4715.6000,1,1,1,1,5,1,1,6,1,1
SF,IF2010,2020-09-04 09:31:53.000,4710.4000,7310,0,477803160.000,1,0,1,多换,S,4708.2000,4707.8000,4706.2000,4706.0000,4705.0000,4710.4000,4710.6000,4710.8000,4713.0000,4715.0000,1,1,5,1,3,1,1,1,6,1
SF,IF2010,2020-09-04 09:31:53.500,4710.4000,7310,0,477803160.000,0,-,-,-,-,4708.4000,4708.2000,4707.8000,4706.2000,4706.0000,4710.0000,4710.4000,4710.6000,4710.8000,4713.0000,1,1,2,5,1,1,1,1,1,6
SF,IF2010,2020-09-04 09:31:54.000,4710.4000,7310,0,477803160.000,0,-,-,-,-,4708.4000,4707.8000,4706.2000,4706.0000,4705.0000,4710.0000,4710.6000,4710.8000,4713.0000,4715.0000,1,2,5,1,3,1,1,4,6,1
SF,IF2010,2020-09-04 09:31:55.000,4710.0000,7310,0,479216160.000,1,0,1,多换,S,4708.4000,4707.8000,4706.2000,4706.0000,4705.0000,4710.6000,4710.8000,4713.0000,4715.0000,4715.6000,1,2,5,1,3,1,4,6,1,1
SF,IF2010,2020-09-04 09:31:55.500,4710.6000,7311,1,480629340.000,1,1,0,双开,S,4710.6000,4708.4000,4707.8000,4706.2000,4706.0000,4710.8000,4713.0000,4715.0000,4715.6000,4716.4000,12,1,2,5,1,4,6,1,1,3
SF,IF2010,2020-09-04 09:31:56.000,4710.6000,7316,5,497587500.000,12,8,4,空开,S,4708.4000,4707.8000,4706.2000,4706.0000,4705.0000,4710.6000,4710.8000,4713.0000,4715.0000,4715.6000,1,2,5,1,3,4,4,6,3,1
SF,IF2010,2020-09-04 09:31:56.500,4710.6000,7316,0,497587500.000,0,-,-,-,-,4707.8000,4706.2000,4706.0000,4705.0000,4704.4000,4710.2000,4710.4000,4710.6000,4710.8000,4713.0000,2,5,1,3,1,2,1,3,4,6
SF,IF2010,2020-09-04 09:31:57.000,4710.6000,7316,0,497587500.000,0,-,-,-,-,4708.0000,4707.8000,4706.2000,4706.0000,4705.0000,4710.2000,4710.4000,4710.6000,4710.8000,4711.6000,1,2,5,1,3,2,1,2,4,1
SF,IF2010,2020-09-04 09:31:57.500,4710.6000,7317,1,499000680.000,1,1,0,双开,S,4708.2000,4708.0000,4707.8000,4706.2000,4706.0000,4710.2000,4710.4000,4710.6000,4710.8000,4711.6000,2,1,2,5,1,1,1,2,4,1
SF,IF2010,2020-09-04 09:31:58.000,4710.6000,7317,0,499000680.000,0,-,-,-,-,4708.2000,4708.0000,4707.8000,4706.2000,4706.0000,4710.0000,4710.2000,4710.4000,4710.6000,4710.8000,2,1,2,5,1,1,1,1,2,4
SF,IF2010,2020-09-04 09:31:58.500,4710.6000,7317,0,499000680.000,0,-,-,-,-,4708.2000,4708.0000,4707.8000,4706.2000,4706.0000,4709.8000,4710.0000,4710.2000,4710.4000,4710.6000,2,1,2,5,1,1,1,1,1,2
SF,IF2010,2020-09-04 09:31:59.000,4708.2000,7316,-1,500413140.000,1,0,1,双平,S,4708.2000,4707.8000,4706.2000,4706.0000,4705.0000,4709.8000,4710.0000,4710.2000,4710.4000,4710.6000,1,2,5,1,3,2,1,1,1,2
SF,IF2010,2020-09-04 09:31:59.500,4708.2000,7315,-1,501825600.000,1,0,1,双平,S,4707.8000,4706.2000,4706.0000,4705.0000,4704.4000,4709.6000,4709.8000,4710.0000,4710.2000,4710.4000,2,5,1,3,1,1,1,1,1,1
SF,IF2010,2020-09-04 09:32:00.000,4708.2000,7315,0,501825600.000,0,-,-,-,-,4707.8000,4706.2000,4706.0000,4705.0000,4704.4000,4709.6000,4710.0000,4710.2000,4710.4000,4710.6000,2,5,1,3,1,1,1,1,1,2
SF,IF2010,2020-09-04 09:32:00.500,4708.2000,7315,0,501825600.000,0,-,-,-,-,4707.8000,4706.2000,4706.0000,4705.0000,4704.4000,4709.2000,4709.6000,4710.0000,4710.2000,4710.4000,2,5,1,3,1,1,1,1,1,1
SF,IF2010,2020-09-04 09:32:01.000,4708.2000,7315,0,501825600.000,0,-,-,-,-,4708.0000,4707.8000,4706.2000,4706.0000,4705.0000,4709.6000,4710.0000,4710.2000,4710.4000,4710.6000,1,2,5,1,3,1,1,1,1,2
SF,IF2010,2020-09-04 09:32:01.500,4708.2000,7315,0,501825600.000,0,-,-,-,-,4709.6000,4708.2000,4708.0000,4707.8000,4706.2000,4710.2000,4710.4000,4710.6000,4710.8000,4712.0000,1,1,1,2,5,1,1,2,4,3
SF,IF2010,2020-09-04 09:32:02.000,4709.4000,7315,0,503238420.000,1,0,1,多换,S,4707.8000,4706.2000,4706.0000,4705.0000,4704.4000,4709.6000,4710.0000,4710.2000,4710.6000,4710.8000,2,5,1,3,1,2,1,1,2,4
SF,IF2010,2020-09-04 09:32:02.500,4709.4000,7315,0,503238420.000,0,-,-,-,-,4707.8000,4706.2000,4706.0000,4705.0000,4704.4000,4710.0000,4710.2000,4710.6000,4710.8000,4711.0000,2,5,1,3,1,2,1,2,4,1
SF,IF2010,2020-09-04 09:32:03.000,4707.8000,7315,0,504650760.000,1,0,1,多换,S,4707.8000,4706.2000,4706.0000,4705.0000,4704.4000,4710.0000,4710.2000,4710.6000,4710.8000,4711.0000,1,5,1,3,1,2,1,2,4,1
SF,IF2010,2020-09-04 09:32:03.500,4707.8000,7315,0,506063100.000,1,0,1,多换,S,4706.2000,4706.0000,4705.0000,4704.4000,4703.8000,4707.8000,4709.4000,4709.8000,4710.0000,4710.2000,5,1,3,1,1,1,2,2,3,1
SF,IF2010,2020-09-04 09:32:04.000,4707.8000,7315,0,506063100.000,0,-,-,-,-,4706.2000,4706.0000,4705.0000,4704.4000,4703.8000,4709.2000,4709.4000,4709.8000,4710.0000,4710.6000,5,1,3,1,1,1,2,1,8,2
SF,IF2010,2020-09-04 09:32:04.500,4706.2000,7313,-2,510298680.000,3,0,3,多平,S,4706.2000,4706.0000,4705.0000,4704.4000,4703.8000,4708.6000,4709.0000,4709.2000,4709.4000,4709.8000,2,1,3,1,1,1,4,3,2,1
SF,IF2010,2020-09-04 09:32:05.000,4706.2000,7313,0,513122400.000,2,1,1,多换,S,4706.0000,4705.0000,4704.4000,4703.8000,4702.6000,4708.4000,4708.6000,4709.0000,4709.2000,4709.4000,1,3,1,1,3,1,1,1,3,2
SF,IF2010,2020-09-04 09:32:05.500,4706.2000,7313,0,513122400.000,0,-,-,-,-,4706.0000,4705.0000,4704.4000,4703.8000,4702.6000,4708.2000,4708.4000,4708.6000,4709.2000,4709.4000,1,3,1,1,3,1,1,1,3,2
SF,IF2010,2020-09-04 09:32:06.000,4706.0000,7314,1,514534200.000,1,1,0,双开,S,4705.0000,4704.4000,4703.8000,4702.6000,4701.0000,4708.2000,4708.4000,4708.6000,4709.2000,4709.4000,3,1,1,3,22,1,1,1,3,2
SF,IF2010,2020-09-04 09:32:06.500,4706.0000,7314,0,514534200.000,0,-,-,-,-,4705.2000,4705.0000,4704.4000,4703.8000,4701.0000,4708.0000,4708.6000,4709.2000,4709.4000,4710.0000,3,3,1,1,22,1,1,2,1,3
SF,IF2010,2020-09-04 09:32:07.000,4706.0000,7314,0,514534200.000,0,-,-,-,-,4705.2000,4705.0000,4704.4000,4703.8000,4701.0000,4707.6000,4708.0000,4708.6000,4709.4000,4710.0000,3,2,1,1,22,1,1,1,1,3
SF,IF2010,2020-09-04 09:32:07.500,4706.0000,7314,0,514534200.000,0,-,-,-,-,4705.6000,4705.2000,4705.0000,4704.4000,4703.8000,4707.4000,4707.6000,4708.6000,4709.4000,4710.0000,2,3,2,1,1,1,1,1,1,3
SF,IF2010,2020-09-04 09:32:08.000,4706.0000,7314,0,514534200.000,0,-,-,-,-,4705.6000,4705.0000,4704.4000,4703.8000,4701.0000,4707.6000,4708.6000,4709.4000,4710.0000,4710.6000,2,2,1,1,22,1,1,1,3,2
SF,IF2010,2020-09-04 09:32:08.500,4706.0000,7314,0,514534200.000,0,-,-,-,-,4705.0000,4704.4000,4703.8000,4701.0000,4700.2000,4707.6000,4708.6000,4709.4000,4710.0000,4710.6000,2,1,1,22,1,1,1,1,3,2
SF,IF2010,2020-09-04 09:32:09.000,4706.0000,7314,0,514534200.000,0,-,-,-,-,4705.0000,4704.4000,4703.8000,4701.0000,4700.2000,4705.6000,4707.4000,4708.6000,4709.4000,4710.0000,2,1,1,22,1,1,3,1,1,3
SF,IF2010,2020-09-04 09:32:09.500,4705.6000,7315,1,515945880.000,1,1,0,双开,S,4705.0000,4704.4000,4703.8000,4701.0000,4700.2000,4707.4000,4708.6000,4709.4000,4710.0000,4710.6000,2,1,1,22,1,2,1,1,2,1
SF,IF2010,2020-09-04 09:32:10.000,4705.6000,7315,0,515945880.000,0,-,-,-,-,4705.2000,4705.0000,4704.4000,4703.8000,4701.0000,4707.4000,4708.6000,4709.4000,4710.0000,4710.6000,1,2,1,1,22,1,1,1,1,1
SF,IF2010,2020-09-04 09:32:10.500,4705.0000,7314,-1,520180440.000,3,1,2,多平,S,4704.4000,4703.8000,4701.0000,4700.2000,4700.0000,4705.2000,4707.4000,4708.6000,4709.4000,4710.0000,1,1,22,1,7,1,2,1,1,1
SF,IF2010,2020-09-04 09:32:11.000,4705.0000,7314,0,520180440.000,0,-,-,-,-,4704.4000,4703.8000,4701.0000,4700.2000,4700.0000,4706.6000,4707.4000,4708.6000,4709.4000,4710.0000,1,1,22,1,7,1,2,1,1,1
SF,IF2010,2020-09-04 09:32:11.500,4704.4000,7313,-1,521591760.000,1,0,1,双平,S,4703.8000,4701.0000,4700.2000,4700.0000,4699.0000,4706.4000,4706.6000,4707.4000,4708.6000,4709.4000,1,22,1,7,5,1,1,1,1,1
SF,IF2010,2020-09-04 09:32:12.000,4704.4000,7313,0,521591760.000,0,-,-,-,-,4703.8000,4701.0000,4700.2000,4700.0000,4699.0000,4704.4000,4706.2000,4706.4000,4706.6000,4707.4000,1,22,1,7,5,1,1,1,1,1
SF,IF2010,2020-09-04 09:32:12.500,4703.8000,7313,0,523002900.000,1,0,1,多换,S,4701.0000,4700.2000,4700.0000,4699.0000,4698.0000,4706.0000,4706.2000,4706.4000,4706.6000,4707.4000,22,1,7,5,5,1,1,1,1,1
SF,IF2010,2020-09-04 09:32:13.000,4703.8000,7313,0,523002900.000,0,-,-,-,-,4701.6000,4701.4000,4701.2000,4701.0000,4700.2000,4705.8000,4706.0000,4706.6000,4707.4000,4708.6000,2,1,5,22,1,2,1,1,1,1
SF,IF2010,2020-09-04 09:32:13.500,4703.8000,7313,0,523002900.000,0,-,-,-,-,4701.8000,4701.6000,4701.4000,4701.2000,4701.0000,4705.2000,4705.8000,4706.0000,4706.6000,4707.4000,1,2,1,4,22,1,2,1,1,1
SF,IF2010,2020-09-04 09:32:14.000,4703.8000,7313,0,523002900.000,0,-,-,-,-,4701.8000,4701.6000,4701.4000,4701.2000,4701.0000,4705.0000,4706.0000,4706.6000,4707.4000,4707.8000,1,2,1,4,22,1,1,1,1,1
SF,IF2010,2020-09-04 09:32:14.500,4703.8000,7313,0,523002900.000,0,-,-,-,-,4701.8000,4701.6000,4701.4000,4701.2000,4701.0000,4705.0000,4706.0000,4707.4000,4707.8000,4708.6000,1,2,1,4,22,2,1,1,1,1
SF,IF2010,2020-09-04 09:32:15.000,4701.8000,7313,0,524413440.000,1,0,1,多换,S,4701.6000,4701.4000,4701.2000,4701.0000,4700.2000,4704.8000,4705.0000,4707.4000,4707.8000,4708.6000,2,1,4,22,1,2,2,1,1,1
SF,IF2010,2020-09-04 09:32:15.500,4701.8000,7313,0,524413440.000,0,-,-,-,-,4701.6000,4701.4000,4701.0000,4700.2000,4700.0000,4704.6000,4704.8000,4705.0000,4707.4000,4707.8000,2,1,22,1,7,1,2,7,1,1
SF,IF2010,2020-09-04 09:32:16.000,4701.8000,7313,0,524413440.000,0,-,-,-,-,4701.0000,4700.2000,4700.0000,4699.0000,4698.0000,4704.4000,4704.6000,4704.8000,4705.0000,4707.4000,22,1,7,5,5,1,1,1,7,1
SF,IF2010,2020-09-04 09:32:16.500,4701.0000,7313,0,525823740.000,1,0,1,多换,S,4701.0000,4700.2000,4700.0000,4699.0000,4698.0000,4704.2000,4704.4000,4705.0000,4707.4000,4707.8000,21,1,7,5,5,2,3,7,1,1
SF,IF2010,2020-09-04 09:32:17.000,4701.0000,7313,0,525823740.000,0,-,-,-,-,4701.0000,4700.2000,4700.0000,4699.0000,4698.0000,4704.0000,4704.2000,4704.4000,4705.0000,4707.4000,21,1,7,5,5,1,2,2,7,1
SF,IF2010,2020-09-04 09:32:17.500,4701.0000,7313,0,527234040.000,1,0,1,多换,S,4701.0000,4700.2000,4700.0000,4699.0000,4698.0000,4703.4000,4703.8000,4704.0000,4704.2000,4704.4000,20,1,7,5,5,1,1,3,1,2
SF,IF2010,2020-09-04 09:32:18.000,4701.0000,7313,0,527234040.000,0,-,-,-,-,4701.0000,4700.2000,4700.0000,4699.0000,4698.0000,4703.2000,4703.4000,4704.0000,4704.4000,4705.0000,20,1,7,5,5,2,1,2,2,6
SF,IF2010,2020-09-04 09:32:18.500,4701.0000,7313,0,527234040.000,0,-,-,-,-,4701.0000,4700.2000,4700.0000,4699.0000,4698.0000,4703.2000,4703.4000,4704.0000,4704.4000,4705.0000,20,1,7,5,5,3,1,2,2,6
SF,IF2010,2020-09-04 09:32:19.000,4701.0000,7313,0,527234040.000,0,-,-,-,-,4701.0000,4700.2000,4700.0000,4699.0000,4698.0000,4703.2000,4703.4000,4704.0000,4704.4000,4705.0000,20,1,7,5,5,3,1,2,2,11
SF,IF2010,2020-09-04 09:32:19.500,4701.0000,7312,-1,528644340.000,1,0,1,双平,S,4701.0000,4700.2000,4700.0000,4699.0000,4698.0000,4703.2000,4703.4000,4704.0000,4704.4000,4705.0000,19,1,7,5,5,3,1,2,2,11
SF,IF2010,2020-09-04 09:32:20.000,4701.0000,7311,-1,530054640.000,1,0,1,双平,S,4701.2000,4701.0000,4700.2000,4700.0000,4699.0000,4703.2000,4703.4000,4704.0000,4704.4000,4705.0000,1,18,1,7,5,3,1,2,2,11
SF,IF2010,2020-09-04 09:32:20.500,4701.0000,7310,-1,537106140.000,5,2,3,多平,S,4701.0000,4700.2000,4700.0000,4699.0000,4698.0000,4701.2000,4703.2000,4703.4000,4704.0000,4705.0000,14,1,7,5,5,1,3,1,2,11
SF,IF2010,2020-09-04 09:32:21.000,4701.0000,7305,-5,554029800.000,12,3,9,多平,S,4701.0000,4700.2000,4700.0000,4699.0000,4698.0000,4703.2000,4703.4000,4705.0000,4706.4000,4707.8000,3,1,7,5,5,5,1,11,1,1
SF,IF2010,2020-09-04 09:32:21.500,4701.0000,7304,-1,558260700.000,3,1,2,多平,S,4700.2000,4700.0000,4699.0000,4698.0000,4697.0000,4700.6000,4700.8000,4701.0000,4703.2000,4703.4000,1,7,5,5,5,1,1,1,5,1
SF,IF2010,2020-09-04 09:32:22.000,4700.6000,7305,1,561080940.000,2,1,1,空开,S,4700.0000,4699.0000,4698.0000,4697.0000,4696.0000,4700.8000,4701.0000,4703.2000,4705.0000,4706.4000,7,5,5,5,5,2,3,5,11,1
SF,IF2010,2020-09-04 09:32:22.500,4700.6000,7305,0,561080940.000,0,-,-,-,-,4700.0000,4699.0000,4698.0000,4697.0000,4696.0000,4700.2000,4700.8000,4701.0000,4703.2000,4705.0000,7,5,5,5,5,1,2,4,4,11
SF,IF2010,2020-09-04 09:32:23.000,4700.0000,7306,1,566720940.000,4,2,2,空开,S,4700.0000,4699.0000,4698.0000,4697.0000,4696.0000,4701.0000,4702.8000,4703.2000,4705.0000,4706.4000,3,5,5,5,5,4,1,4,11,1
SF,IF2010,2020-09-04 09:32:23.500,4700.0000,7306,0,568130940.000,1,0,1,多换,S,4700.0000,4699.0000,4698.0000,4697.0000,4696.0000,4701.0000,4702.8000,4703.2000,4705.0000,4706.4000,3,5,5,5,5,4,1,4,11,1
SF,IF2010,2020-09-04 09:32:24.000,4701.0000,7305,-1,573772140.000,4,1,3,多平,S,4700.0000,4699.0000,4698.0000,4697.0000,4696.0000,4703.2000,4705.0000,4706.4000,4707.8000,4708.6000,3,5,5,5,5,4,11,1,1,1
SF,IF2010,2020-09-04 09:32:24.500,4701.0000,7305,0,573772140.000,0,-,-,-,-,4700.2000,4700.0000,4699.0000,4698.0000,4697.0000,4703.2000,4705.0000,4706.4000,4707.8000,4708.6000,4,3,5,5,5,2,11,1,1,1
SF,IF2010,2020-09-04 09:32:25.000,4701.0000,7305,0,573772140.000,0,-,-,-,-,4700.2000,4700.0000,4699.0000,4698.0000,4697.0000,4703.2000,4705.0000,4706.4000,4707.8000,4708.6000,4,3,5,5,5,1,11,1,1,1
SF,IF2010,2020-09-04 09:32:25.500,4703.2000,7304,-1,575183100.000,1,0,1,双平,S,4700.6000,4700.4000,4700.2000,4700.0000,4699.0000,4705.0000,4706.4000,4707.8000,4708.6000,4710.0000,1,1,4,3,5,6,1,1,1,5
SF,IF2010,2020-09-04 09:32:26.000,4703.2000,7304,0,575183100.000,0,-,-,-,-,4700.8000,4700.6000,4700.2000,4700.0000,4699.0000,4704.8000,4705.0000,4706.4000,4707.8000,4708.6000,5,1,3,3,5,1,6,1,1,1
SF,IF2010,2020-09-04 09:32:26.500,4703.2000,7304,0,575183100.000,0,-,-,-,-,4701.6000,4700.8000,4700.6000,4700.0000,4699.0000,4704.8000,4705.0000,4707.0000,4707.8000,4708.6000,2,6,1,3,5,1,6,2,1,1
SF,IF2010,2020-09-04 09:32:27.000,4703.2000,7304,0,575183100.000,0,-,-,-,-,4701.8000,4700.8000,4700.6000,4700.0000,4699.0000,4704.8000,4705.0000,4707.0000,4707.8000,4708.6000,1,2,1,3,5,1,6,2,1,1
SF,IF2010,2020-09-04 09:32:27.500,4703.2000,7304,0,575183100.000,0,-,-,-,-,4700.8000,4700.6000,4700.0000,4699.0000,4698.0000,4704.0000,4704.6000,4704.8000,4705.0000,4707.0000,1,1,3,5,5,1,2,1,6,2
SF,IF2010,2020-09-04 09:32:28.000,4703.2000,7304,0,575183100.000,0,-,-,-,-,4700.8000,4700.6000,4700.0000,4699.0000,4698.0000,4703.8000,4704.0000,4704.6000,4704.8000,4705.0000,1,1,3,5,5,1,1,1,1,6
SF,IF2010,2020-09-04 09:32:28.500,4703.2000,7304,0,575183100.000,0,-,-,-,-,4700.6000,4700.0000,4699.0000,4698.0000,4697.0000,4703.6000,4703.8000,4704.0000,4704.6000,4705.0000,1,3,5,5,5,1,1,1,1,6
SF,IF2010,2020-09-04 09:32:29.000,4703.2000,7304,0,575183100.000,0,-,-,-,-,4700.6000,4700.0000,4699.0000,4698.0000,4697.0000,4703.4000,4703.6000,4704.0000,4705.0000,4707.0000,1,3,5,5,5,1,1,1,6,2
SF,IF2010,2020-09-04 09:32:29.500,4703.2000,7304,0,575183100.000,0,-,-,-,-,4700.8000,4700.0000,4699.0000,4698.0000,4697.0000,4703.0000,4703.4000,4703.6000,4704.0000,4705.0000,1,3,5,5,5,1,1,1,1,6
SF,IF2010,2020-09-04 09:32:30.000,4703.4000,7302,-2,578005080.000,2,0,2,双平,S,4701.2000,4701.0000,4700.8000,4700.0000,4699.0000,4703.6000,4705.0000,4707.0000,4707.8000,4708.6000,2,1,1,3,5,1,6,2,1,1
SF,IF2010,2020-09-04 09:32:30.500,4703.4000,7302,0,578005080.000,0,-,-,-,-,4701.6000,4701.4000,4700.8000,4700.0000,4699.0000,4705.0000,4707.0000,4707.8000,4708.6000,4710.0000,2,3,1,3,5,6,2,1,1,5
SF,IF2010,2020-09-04 09:32:31.000,4704.8000,7301,-1,579416520.000,1,0,1,双平,S,4701.8000,4701.4000,4700.8000,4700.0000,4699.0000,4704.8000,4705.0000,4707.0000,4707.8000,4708.6000,1,2,1,3,5,1,7,2,1,1
SF,IF2010,2020-09-04 09:32:31.500,4704.8000,7301,0,579416520.000,0,-,-,-,-,4701.8000,4701.6000,4701.4000,4700.0000,4699.0000,4704.6000,4704.8000,4705.0000,4707.0000,4707.8000,1,1,2,3,5,1,1,7,2,1
SF,IF2010,2020-09-04 09:32:32.000,4704.8000,7301,0,579416520.000,0,-,-,-,-,4701.8000,4701.4000,4700.0000,4699.0000,4698.0000,4704.6000,4705.0000,4707.0000,4707.8000,4708.6000,1,1,3,5,5,1,7,2,1,1
SF,IF2010,2020-09-04 09:32:32.500,4704.8000,7301,0,580827960.000,1,0,1,多换,S,4701.8000,4701.4000,4700.0000,4699.0000,4698.0000,4704.4000,4704.6000,4705.0000,4707.0000,4707.8000,1,1,3,5,5,1,1,7,2,1
SF,IF2010,2020-09-04 09:32:33.000,4701.8000,7301,0,582238500.000,1,0,1,多换,S,4701.4000,4700.0000,4699.0000,4698.0000,4697.0000,4704.2000,4704.4000,4705.0000,4707.0000,4707.8000,1,3,5,5,5,1,1,7,2,1
SF,IF2010,2020-09-04 09:32:33.500,4701.8000,7301,0,582238500.000,0,-,-,-,-,4701.6000,4700.0000,4699.0000,4698.0000,4697.0000,4704.2000,4704.4000,4705.0000,4707.0000,4707.8000,1,3,5,5,5,1,1,7,2,1
SF,IF2010,2020-09-04 09:32:34.000,4701.8000,7301,0,582238500.000,0,-,-,-,-,4700.0000,4699.0000,4698.0000,4697.0000,4696.0000,4704.0000,4704.2000,4705.0000,4707.0000,4707.8000,3,5,5,5,5,2,1,7,2,1
SF,IF2010,2020-09-04 09:32:34.500,4701.8000,7301,0,582238500.000,0,-,-,-,-,4700.0000,4699.0000,4698.0000,4697.0000,4696.0000,4701.4000,4701.6000,4703.8000,4704.0000,4705.0000,3,5,5,5,5,3,4,1,4,7
SF,IF2010,2020-09-04 09:32:35.000,4701.6000,7301,0,583648980.000,1,0,1,多换,S,4700.0000,4699.0000,4698.0000,4697.0000,4696.0000,4703.4000,4703.8000,4704.0000,4705.0000,4707.8000,3,5,5,5,5,1,1,2,7,1
SF,IF2010,2020-09-04 09:32:35.500,4701.6000,7301,0,583648980.000,0,-,-,-,-,4701.0000,4700.4000,4700.2000,4700.0000,4699.0000,4703.2000,4703.4000,4705.0000,4707.8000,4708.6000,2,1,1,3,5,2,1,7,1,1
SF,IF2010,2020-09-04 09:32:36.000,4701.6000,7301,0,583648980.000,0,-,-,-,-,4701.0000,4700.0000,4699.0000,4698.0000,4697.0000,4703.2000,4703.4000,4705.0000,4707.8000,4708.6000,2,3,5,5,5,3,1,7,1,1
SF,IF2010,2020-09-04 09:32:36.500,4701.6000,7301,0,583648980.000,0,-,-,-,-,4701.2000,4701.0000,4700.0000,4699.0000,4698.0000,4703.2000,4705.0000,4707.8000,4708.6000,4710.0000,2,2,3,5,5,3,7,1,1,5
SF,IF2010,2020-09-04 09:32:37.000,4701.6000,7301,0,583648980.000,0,-,-,-,-,4701.2000,4701.0000,4700.0000,4699.0000,4698.0000,4703.2000,4705.0000,4705.8000,4708.6000,4710.0000,2,2,3,5,5,1,7,2,1,5
SF,IF2010,2020-09-04 09:32:37.500,4701.6000,7301,0,585059460.000,1,0,1,多换,S,4701.0000,4700.0000,4699.0000,4698.0000,4697.0000,4703.0000,4703.2000,4705.0000,4705.8000,4708.6000,2,4,5,5,5,1,1,7,2,1
SF,IF2010,2020-09-04 09:32:38.000,4701.2000,7302,1,589290420.000,3,2,1,空开,S,4700.0000,4699.0000,4698.0000,4697.0000,4696.0000,4703.0000,4703.2000,4705.0000,4705.8000,4708.6000,4,5,5,5,5,3,1,7,2,1
SF,IF2010,2020-09-04 09:32:38.500,4701.2000,7302,0,589290420.000,0,-,-,-,-,4701.2000,4700.2000,4700.0000,4699.0000,4698.0000,4702.8000,4703.0000,4705.0000,4705.8000,4708.6000,2,1,4,5,5,1,1,7,2,1
SF,IF2010,2020-09-04 09:32:39.000,4701.2000,7302,0,589290420.000,0,-,-,-,-,4700.2000,4700.0000,4699.0000,4698.0000,4697.0000,4703.0000,4705.0000,4705.8000,4707.6000,4708.6000,1,4,5,5,5,1,7,2,1,1
SF,IF2010,2020-09-04 09:32:39.500,4700.4000,7299,-3,593521260.000,3,0,3,双平,S,4700.4000,4700.2000,4700.0000,4699.0000,4698.0000,4703.0000,4705.0000,4705.8000,4707.6000,4708.6000,1,1,4,5,5,1,7,2,1,1
SF,IF2010,2020-09-04 09:32:40.000,4700.4000,7299,0,593521260.000,0,-,-,-,-,4700.6000,4700.4000,4700.0000,4699.0000,4698.0000,4705.0000,4705.8000,4707.6000,4708.6000,4710.0000,1,1,4,5,5,7,2,1,1,5
SF,IF2010,2020-09-04 09:32:40.500,4700.4000,7299,0,593521260.000,0,-,-,-,-,4700.6000,4700.0000,4699.0000,4698.0000,4697.0000,4704.8000,4705.0000,4705.8000,4707.6000,4708.6000,1,4,5,5,5,4,7,2,1,1
SF,IF2010,2020-09-04 09:32:41.000,4700.4000,7299,0,594931380.000,1,0,1,多换,S,4701.6000,4700.8000,4700.6000,4700.0000,4699.0000,4704.8000,4705.0000,4705.8000,4707.6000,4708.6000,1,1,1,4,5,3,6,2,1,1
SF,IF2010,2020-09-04 09:32:41.500,4700.4000,7299,0,594931380.000,0,-,-,-,-,4701.8000,4700.6000,4700.0000,4699.0000,4698.0000,4704.6000,4704.8000,4705.0000,4707.6000,4708.6000,2,1,4,5,5,1,1,6,1,1
SF,IF2010,2020-09-04 09:32:42.000,4700.4000,7299,0,594931380.000,0,-,-,-,-,4701.8000,4700.6000,4700.0000,4699.0000,4698.0000,4704.4000,4704.6000,4705.0000,4707.6000,4708.6000,2,1,4,5,5,1,1,6,1,1
SF,IF2010,2020-09-04 09:32:42.500,4704.4000,7297,-2,597753960.000,2,0,2,双平,S,4702.0000,4701.8000,4701.0000,4700.6000,4700.0000,4705.0000,4707.6000,4708.6000,4710.0000,4710.8000,1,2,1,1,4,6,1,1,5,1
SF,IF2010,2020-09-04 09:32:43.000,4704.4000,7297,0,597753960.000,0,-,-,-,-,4702.2000,4702.0000,4701.8000,4701.0000,4700.6000,4704.8000,4705.0000,4707.6000,4708.6000,4710.0000,3,1,2,1,1,1,1,1,1,5
SF,IF2010,2020-09-04 09:32:43.500,4704.4000,7297,0,597753960.000,0,-,-,-,-,4702.4000,4702.2000,4701.0000,4700.6000,4700.0000,4704.2000,4704.8000,4705.0000,4707.6000,4708.6000,1,3,1,1,4,1,1,1,1,1
SF,IF2010,2020-09-04 09:32:44.000,4704.4000,7297,0,597753960.000,0,-,-,-,-,4702.2000,4700.6000,4700.0000,4699.0000,4698.0000,4702.4000,4703.8000,4704.0000,4704.8000,4705.0000,3,1,4,5,5,1,1,1,1,1
SF,IF2010,2020-09-04 09:32:44.500,4702.4000,7296,-1,599164680.000,1,0,1,双平,S,4702.2000,4700.6000,4700.0000,4699.0000,4698.0000,4702.4000,4703.8000,4704.0000,4705.0000,4706.6000,3,1,4,5,5,1,1,1,1,1
SF,IF2010,2020-09-04 09:32:45.000,4702.4000,7297,1,600575400.000,1,1,0,双开,S,4702.2000,4700.6000,4700.0000,4699.0000,4698.0000,4704.0000,4705.0000,4707.6000,4708.6000,4710.0000,3,1,4,5,5,1,1,1,1,5
SF,IF2010,2020-09-04 09:32:45.500,4700.0000,7301,4,607625580.000,5,4,1,空开,S,4699.0000,4698.0000,4697.0000,4696.0000,4695.0000,4700.0000,4704.0000,4704.8000,4705.0000,4707.6000,5,5,5,5,10,1,1,1,1,1
SF,IF2010,2020-09-04 09:32:46.000,4700.0000,7301,0,609035580.000,1,0,1,多换,S,4700.8000,4700.2000,4700.0000,4699.4000,4699.2000,4704.0000,4704.8000,4707.6000,4708.6000,4710.0000,1,1,3,3,1,1,1,1,1,5
SF,IF2010,2020-09-04 09:32:46.500,4700.0000,7301,0,609035580.000,0,-,-,-,-,4701.0000,4700.2000,4700.0000,4699.2000,4699.0000,4704.8000,4707.6000,4708.6000,4710.0000,4710.8000,2,1,2,1,6,1,1,1,5,1
SF,IF2010,2020-09-04 09:32:47.000,4700.0000,7301,0,609035580.000,0,-,-,-,-,4701.2000,4701.0000,4700.2000,4700.0000,4699.2000,4703.6000,4704.4000,4705.0000,4707.6000,4708.6000,1,2,1,2,1,1,1,1,1,1
SF,IF2010,2020-09-04 09:32:47.500,4700.0000,7301,0,609035580.000,0,-,-,-,-,4701.6000,4701.4000,4701.2000,4700.2000,4700.0000,4704.4000,4705.0000,4707.6000,4708.6000,4709.2000,1,3,1,1,4,1,1,1,1,2
SF,IF2010,2020-09-04 09:32:48.000,4700.0000,7301,0,609035580.000,0,-,-,-,-,4701.8000,4701.6000,4701.4000,4701.2000,4700.2000,4705.0000,4707.6000,4708.6000,4709.2000,4710.0000,2,1,1,1,1,1,1,1,2,5
SF,IF2010,2020-09-04 09:32:48.500,4700.0000,7301,0,609035580.000,0,-,-,-,-,4702.0000,4701.8000,4701.6000,4701.4000,4701.2000,4705.0000,4707.0000,4707.6000,4708.6000,4709.2000,1,2,1,2,1,1,1,1,1,2
SF,IF2010,2020-09-04 09:32:49.000,4700.0000,7301,0,609035580.000,0,-,-,-,-,4702.2000,4702.0000,4701.6000,4701.4000,4701.2000,4705.0000,4706.2000,4707.0000,4707.6000,4708.6000,3,1,1,2,1,1,1,1,1,1
SF,IF2010,2020-09-04 09:32:49.500,4700.0000,7301,0,609035580.000,0,-,-,-,-,4702.4000,4702.2000,4702.0000,4701.6000,4701.4000,4705.0000,4706.2000,4707.0000,4707.6000,4708.6000,2,3,1,1,2,1,1,1,1,1
SF,IF2010,2020-09-04 09:32:50.000,4700.0000,7301,0,609035580.000,0,-,-,-,-,4703.0000,4702.6000,4702.4000,4702.2000,4702.0000,4705.0000,4707.0000,4707.6000,4708.6000,4710.0000,1,2,2,1,1,1,1,1,1,5
SF,IF2010,2020-09-04 09:32:50.500,4705.0000,7301,0,610447080.000,1,0,1,多换,S,4705.0000,4703.2000,4703.0000,4702.6000,4702.4000,4707.0000,4707.6000,4708.6000,4710.0000,4710.8000,2,1,1,1,2,1,1,1,5,1
SF,IF2010,2020-09-04 09:32:51.000,4705.0000,7301,0,610447080.000,0,-,-,-,-,4705.0000,4703.0000,4702.6000,4702.4000,4702.2000,4706.8000,4707.0000,4707.6000,4708.6000,4708.8000,2,1,1,2,1,3,2,1,1,1
SF,IF2010,2020-09-04 09:32:51.500,4705.0000,7302,1,613270080.000,2,1,1,空开,S,4703.0000,4702.6000,4702.4000,4702.2000,4702.0000,4705.0000,4706.4000,4706.8000,4707.0000,4707.6000,1,1,2,1,1,1,2,1,1,1
SF,IF2010,2020-09-04 09:32:52.000,4705.0000,7302,0,613270080.000,0,-,-,-,-,4703.2000,4703.0000,4702.6000,4702.4000,4702.2000,4705.0000,4707.6000,4708.6000,4708.8000,4710.0000,1,1,1,2,1,1,1,1,1,5
SF,IF2010,2020-09-04 09:32:52.500,4705.0000,7302,0,613270080.000,0,-,-,-,-,4703.2000,4703.0000,4702.6000,4702.4000,4702.2000,4704.8000,4706.2000,4707.6000,4708.6000,4708.8000,1,1,1,2,1,2,1,1,1,1
SF,IF2010,2020-09-04 09:32:53.000,4705.0000,7302,0,613270080.000,0,-,-,-,-,4703.2000,4703.0000,4702.6000,4702.4000,4702.2000,4706.2000,4707.6000,4708.6000,4708.8000,4710.0000,1,1,1,2,1,1,1,1,1,5
SF,IF2010,2020-09-04 09:32:53.500,4705.0000,7302,0,613270080.000,0,-,-,-,-,4703.4000,4703.2000,4703.0000,4702.4000,4702.2000,4706.0000,4706.2000,4707.6000,4708.6000,4708.8000,1,1,1,2,1,1,1,1,1,1
SF,IF2010,2020-09-04 09:32:54.500,4705.0000,7302,0,613270080.000,0,-,-,-,-,4703.4000,4703.2000,4703.0000,4702.4000,4702.2000,4706.0000,4706.2000,4707.6000,4708.6000,4708.8000,1,1,1,2,1,1,1,1,1,1
SF,IF2010,2020-09-04 09:32:55.000,4705.0000,7302,0,613270080.000,0,-,-,-,-,4706.0000,4703.6000,4703.4000,4703.0000,4702.4000,4707.6000,4708.6000,4710.0000,4710.8000,4712.0000,1,2,1,1,2,1,1,5,1,1
SF,IF2010,2020-09-04 09:32:55.500,4706.0000,7302,0,614681880.000,1,0,1,多换,S,4703.6000,4703.4000,4703.0000,4702.4000,4702.2000,4706.0000,4706.6000,4706.8000,4707.0000,4707.4000,1,1,1,3,1,1,3,2,1,5
SF,IF2010,2020-09-04 09:32:56.000,4706.0000,7301,-1,617505480.000,2,0,2,多平,S,4703.8000,4703.6000,4703.0000,4702.4000,4702.2000,4704.8000,4707.0000,4707.6000,4708.6000,4710.0000,2,1,1,2,1,1,1,1,1,5
SF,IF2010,2020-09-04 09:32:56.500,4704.8000,7301,0,618916920.000,1,0,1,多换,S,4704.8000,4704.0000,4703.6000,4703.0000,4702.4000,4707.0000,4707.2000,4707.6000,4710.0000,4710.8000,1,1,1,1,2,1,1,1,5,1
SF,IF2010,2020-09-04 09:32:57.000,4704.8000,7301,0,618916920.000,0,-,-,-,-,4705.2000,4705.0000,4704.8000,4704.0000,4703.6000,4706.6000,4707.2000,4707.6000,4710.0000,4710.8000,1,1,1,2,1,2,1,1,5,1
SF,IF2010,2020-09-04 09:32:57.500,4704.8000,7301,0,618916920.000,0,-,-,-,-,4705.4000,4705.2000,4704.8000,4704.0000,4703.6000,4706.6000,4707.6000,4710.0000,4710.8000,4712.0000,1,1,1,2,1,2,1,5,1,1
SF,IF2010,2020-09-04 09:32:58.000,4704.8000,7301,0,618916920.000,0,-,-,-,-,4705.4000,4705.2000,4704.8000,4704.0000,4703.6000,4707.6000,4710.0000,4710.8000,4712.0000,4712.4000,1,1,1,2,1,1,5,1,1,2
SF,IF2010,2020-09-04 09:32:58.500,4704.8000,7301,0,618916920.000,0,-,-,-,-,4705.4000,4705.2000,4704.8000,4704.0000,4703.6000,4707.6000,4710.0000,4710.8000,4712.0000,4712.4000,1,1,1,2,1,1,5,1,1,2
SF,IF2010,2020-09-04 09:32:59.000,4704.8000,7301,0,618916920.000,0,-,-,-,-,4705.4000,4705.2000,4704.8000,4704.0000,4703.6000,4707.6000,4710.8000,4712.0000,4712.4000,4715.0000,1,1,1,2,1,1,1,1,2,6
SF,IF2010,2020-09-04 09:32:59.500,4705.4000,7301,0,620328540.000,1,0,1,多换,S,4705.4000,4705.2000,4704.8000,4704.0000,4703.6000,4707.6000,4710.8000,4712.0000,4712.4000,4715.0000,1,1,1,2,1,1,1,1,2,6
SF,IF2010,2020-09-04 09:33:00.000,4705.4000,7301,0,620328540.000,0,-,-,-,-,4705.4000,4705.2000,4704.8000,4704.0000,4703.6000,4707.6000,4710.8000,4712.0000,4712.4000,4715.0000,1,1,1,2,1,1,1,1,2,6
SF,IF2010,2020-09-04 09:33:00.500,4705.4000,7301,0,620328540.000,0,-,-,-,-,4705.4000,4705.2000,4704.8000,4704.0000,4703.6000,4707.6000,4710.8000,4712.0000,4715.0000,4717.0000,1,1,1,2,1,1,1,1,6,1
SF,IF2010,2020-09-04 09:33:01.000,4705.4000,7301,0,620328540.000,0,-,-,-,-,4705.6000,4705.4000,4705.2000,4704.8000,4704.0000,4707.6000,4710.8000,4712.0000,4715.0000,4717.0000,3,1,1,1,2,1,1,1,6,1
SF,IF2010,2020-09-04 09:33:01.500,4705.4000,7301,0,620328540.000,0,-,-,-,-,4705.8000,4705.6000,4705.2000,4704.8000,4704.0000,4707.6000,4710.8000,4712.0000,4715.0000,4717.0000,1,1,1,1,2,1,1,1,6,1
SF,IF2010,2020-09-04 09:33:02.000,4705.4000,7301,0,620328540.000,0,-,-,-,-,4705.8000,4705.6000,4705.2000,4704.8000,4704.0000,4707.6000,4710.8000,4712.0000,4715.0000,4717.0000,1,1,1,1,2,1,1,1,6,1
SF,IF2010,2020-09-04 09:33:02.500,4707.2000,7301,0,621740700.000,1,0,1,多换,S,4705.8000,4705.6000,4705.2000,4704.8000,4704.0000,4707.4000,4707.6000,4710.8000,4712.0000,4715.0000,1,1,1,1,4,1,1,1,1,6
SF,IF2010,2020-09-04 09:33:03.000,4707.2000,7301,0,621740700.000,0,-,-,-,-,4705.8000,4705.6000,4705.2000,4704.8000,4704.0000,4707.2000,4707.4000,4707.6000,4710.8000,4712.0000,1,1,1,1,3,1,1,1,1,1
SF,IF2010,2020-09-04 09:33:03.500,4707.2000,7301,0,621740700.000,0,-,-,-,-,4705.8000,4705.6000,4705.2000,4704.8000,4704.0000,4707.2000,4707.4000,4707.6000,4710.8000,4712.0000,1,1,1,1,3,1,1,1,1,1
SF,IF2010,2020-09-04 09:33:04.000,4705.8000,7300,-1,623152440.000,1,0,1,双平,S,4705.2000,4704.8000,4704.0000,4703.8000,4703.0000,4706.8000,4707.4000,4707.6000,4710.8000,4712.0000,1,1,3,1,1,1,1,1,1,1
SF,IF2010,2020-09-04 09:33:04.500,4705.8000,7300,0,623152440.000,0,-,-,-,-,4705.4000,4705.2000,4704.8000,4704.0000,4703.8000,4707.6000,4710.8000,4712.0000,4715.0000,4717.0000,1,1,1,3,1,1,1,1,6,1
SF,IF2010,2020-09-04 09:33:05.000,4705.8000,7300,0,623152440.000,0,-,-,-,-,4705.2000,4704.8000,4704.0000,4703.8000,4703.0000,4706.6000,4707.6000,4710.8000,4712.0000,4715.0000,1,1,3,1,1,1,1,1,1,6
SF,IF2010,2020-09-04 09:33:05.500,4705.8000,7300,0,623152440.000,0,-,-,-,-,4705.2000,4704.0000,4703.8000,4703.0000,4702.2000,4706.6000,4707.6000,4710.8000,4712.0000,4715.0000,1,3,1,1,1,1,1,1,1,6
SF,IF2010,2020-09-04 09:33:06.000,4705.8000,7300,0,623152440.000,0,-,-,-,-,4705.2000,4704.0000,4703.8000,4703.0000,4702.2000,4706.6000,4707.6000,4710.8000,4712.0000,4715.0000,1,3,1,1,1,1,1,1,1,6
SF,IF2010,2020-09-04 09:33:06.500,4705.8000,7300,0,623152440.000,0,-,-,-,-,4705.6000,4705.4000,4705.2000,4704.0000,4703.8000,4707.6000,4708.0000,4710.8000,4712.0000,4715.0000,1,1,1,3,1,1,1,1,1,6
SF,IF2010,2020-09-04 09:33:07.500,4705.8000,7300,0,623152440.000,0,-,-,-,-,4705.8000,4705.4000,4705.2000,4704.0000,4703.8000,4707.6000,4710.8000,4712.0000,4715.0000,4717.0000,1,1,1,3,1,1,1,1,6,1
SF,IF2010,2020-09-04 09:33:09.500,4707.6000,7301,1,624564720.000,1,1,0,双开,S,4706.2000,4705.4000,4705.2000,4704.0000,4703.8000,4710.8000,4712.0000,4715.0000,4717.0000,4719.8000,1,1,1,3,1,1,1,6,1,1
SF,IF2010,2020-09-04 09:33:10.000,4707.6000,7301,0,624564720.000,0,-,-,-,-,4707.6000,4706.4000,4705.2000,4703.8000,4703.0000,4710.6000,4710.8000,4712.0000,4715.0000,4717.0000,2,3,1,1,1,4,1,1,6,1
SF,IF2010,2020-09-04 09:33:10.500,4707.6000,7301,0,624564720.000,0,-,-,-,-,4707.8000,4707.6000,4706.4000,4705.2000,4703.8000,4710.6000,4710.8000,4712.0000,4715.0000,4717.0000,1,2,2,1,1,2,1,1,6,1
SF,IF2010,2020-09-04 09:33:11.000,4707.6000,7301,0,624564720.000,0,-,-,-,-,4707.8000,4707.6000,4706.4000,4705.2000,4703.8000,4710.6000,4710.8000,4712.0000,4715.0000,4717.0000,1,2,2,1,1,1,1,1,6,1
SF,IF2010,2020-09-04 09:33:11.500,4707.6000,7301,0,624564720.000,0,-,-,-,-,4707.8000,4707.6000,4706.4000,4705.2000,4703.8000,4710.6000,4710.8000,4712.0000,4715.0000,4717.0000,1,2,2,1,1,2,1,1,6,1
SF,IF2010,2020-09-04 09:33:12.000,4707.6000,7301,0,624564720.000,0,-,-,-,-,4708.0000,4707.8000,4707.6000,4706.4000,4705.2000,4710.6000,4710.8000,4712.0000,4715.0000,4717.0000,1,1,2,2,1,2,1,1,6,1
SF,IF2010,2020-09-04 09:33:12.500,4707.6000,7301,0,624564720.000,0,-,-,-,-,4708.2000,4708.0000,4707.6000,4706.4000,4705.2000,4710.6000,4710.8000,4712.0000,4715.0000,4717.0000,1,1,2,2,1,1,1,1,6,1
SF,IF2010,2020-09-04 09:33:13.000,4707.6000,7301,0,624564720.000,0,-,-,-,-,4708.2000,4708.0000,4707.6000,4706.4000,4705.2000,4710.2000,4710.6000,4710.8000,4712.0000,4715.0000,1,1,2,2,1,1,1,1,1,6
SF,IF2010,2020-09-04 09:33:13.500,4710.2000,7301,0,625977780.000,1,0,1,多换,S,4708.2000,4708.0000,4707.6000,4706.4000,4705.2000,4710.6000,4710.8000,4712.0000,4715.0000,4717.0000,1,1,2,2,1,1,1,1,6,1
SF,IF2010,2020-09-04 09:33:14.000,4710.2000,7301,0,625977780.000,0,-,-,-,-,4708.4000,4708.2000,4708.0000,4707.6000,4706.4000,4710.6000,4710.8000,4712.0000,4715.0000,4717.0000,1,1,1,2,2,2,1,1,6,1
SF,IF2010,2020-09-04 09:33:14.500,4710.2000,7301,0,625977780.000,0,-,-,-,-,4708.2000,4708.0000,4707.6000,4706.4000,4705.2000,4710.6000,4710.8000,4712.0000,4715.0000,4717.0000,1,1,2,2,1,1,1,1,6,1
SF,IF2010,2020-09-04 09:33:15.000,4710.2000,7301,0,625977780.000,0,-,-,-,-,4708.4000,4708.2000,4708.0000,4707.6000,4706.4000,4710.8000,4712.0000,4715.0000,4717.0000,4719.8000,2,1,1,2,1,1,1,6,1,1
SF,IF2010,2020-09-04 09:33:15.500,4710.2000,7301,0,625977780.000,0,-,-,-,-,4708.6000,4708.4000,4708.0000,4707.6000,4706.4000,4710.8000,4712.0000,4715.0000,4717.0000,4719.8000,3,2,1,2,1,1,1,6,1,1
SF,IF2010,2020-09-04 09:33:16.000,4710.2000,7301,0,625977780.000,0,-,-,-,-,4708.8000,4708.6000,4708.4000,4708.0000,4707.6000,4710.8000,4712.0000,4715.0000,4717.0000,4719.8000,1,1,1,1,2,1,1,6,1,1
SF,IF2010,2020-09-04 09:33:16.500,4710.2000,7301,0,625977780.000,0,-,-,-,-,4709.0000,4708.8000,4708.6000,4708.4000,4708.0000,4710.8000,4712.0000,4713.2000,4715.0000,4717.0000,1,1,1,1,1,1,1,2,6,1
SF,IF2010,2020-09-04 09:33:17.000,4710.8000,7301,0,627391020.000,1,0,1,多换,S,4709.2000,4709.0000,4708.6000,4708.4000,4708.0000,4712.0000,4713.2000,4715.0000,4717.0000,4719.8000,2,1,1,1,1,1,2,6,1,1
SF,IF2010,2020-09-04 09:33:17.500,4710.8000,7301,0,627391020.000,0,-,-,-,-,4709.4000,4709.2000,4708.4000,4708.0000,4707.6000,4712.0000,4713.2000,4715.0000,4717.0000,4719.8000,1,2,1,1,2,1,2,6,1,1
SF,IF2010,2020-09-04 09:33:18.000,4710.8000,7301,0,627391020.000,0,-,-,-,-,4709.6000,4709.4000,4709.2000,4708.4000,4708.0000,4712.0000,4713.2000,4715.0000,4717.0000,4719.8000,1,1,1,1,1,1,2,6,1,1
SF,IF2010,2020-09-04 09:33:18.500,4710.8000,7301,0,627391020.000,0,-,-,-,-,4709.8000,4709.6000,4709.2000,4708.4000,4708.0000,4712.0000,4713.2000,4715.0000,4717.0000,4719.8000,1,1,1,1,1,1,2,6,1,1
SF,IF2010,2020-09-04 09:33:19.000,4710.8000,7301,0,627391020.000,0,-,-,-,-,4710.0000,4709.8000,4709.6000,4709.2000,4709.0000,4712.0000,4713.2000,4715.0000,4717.0000,4719.8000,2,1,1,1,2,1,2,6,1,1
SF,IF2010,2020-09-04 09:33:20.000,4710.8000,7301,0,627391020.000,0,-,-,-,-,4709.8000,4709.6000,4709.2000,4709.0000,4708.4000,4712.0000,4713.2000,4715.0000,4717.0000,4719.8000,1,1,1,2,1,1,2,6,1,1
SF,IF2010,2020-09-04 09:33:20.500,4710.8000,7301,0,627391020.000,0,-,-,-,-,4709.8000,4709.6000,4709.2000,4709.0000,4708.4000,4712.0000,4713.2000,4715.0000,4717.0000,4719.8000,1,1,1,2,1,1,2,6,1,1
SF,IF2010,2020-09-04 09:33:21.000,4710.8000,7301,0,627391020.000,0,-,-,-,-,4710.2000,4709.8000,4709.6000,4709.2000,4709.0000,4712.0000,4715.0000,4717.0000,4719.8000,4725.2000,1,1,1,1,2,1,6,1,1,1
SF,IF2010,2020-09-04 09:33:21.500,4710.8000,7301,0,627391020.000,0,-,-,-,-,4710.2000,4709.8000,4709.6000,4709.2000,4709.0000,4712.0000,4715.0000,4717.0000,4719.8000,4725.2000,1,1,1,1,2,1,6,1,1,1
SF,IF2010,2020-09-04 09:33:22.000,4710.4000,7301,0,630217740.000,2,1,1,多换,S,4710.4000,4710.2000,4709.8000,4709.2000,4709.0000,4712.0000,4715.0000,4717.0000,4719.8000,4725.2000,1,1,1,1,2,1,6,1,1,1
SF,IF2010,2020-09-04 09:33:22.500,4712.0000,7302,1,631631340.000,1,1,0,双开,S,4710.6000,4710.4000,4709.8000,4709.2000,4709.0000,4715.0000,4717.0000,4719.8000,4720.0000,4725.2000,2,1,1,1,2,1,1,1,5,1
SF,IF2010,2020-09-04 09:33:23.000,4712.0000,7302,0,631631340.000,0,-,-,-,-,4711.0000,4710.8000,4710.6000,4710.4000,4710.2000,4715.0000,4717.0000,4719.8000,4720.0000,4725.2000,1,3,2,1,2,1,1,1,5,1
SF,IF2010,2020-09-04 09:33:23.500,4712.0000,7302,0,631631340.000,0,-,-,-,-,4711.2000,4711.0000,4710.8000,4710.4000,4710.2000,4714.8000,4715.0000,4717.0000,4719.8000,4720.0000,3,1,1,1,2,1,1,1,1,5
SF,IF2010,2020-09-04 09:33:24.000,4712.0000,7302,0,631631340.000,0,-,-,-,-,4711.2000,4711.0000,4710.8000,4710.4000,4710.2000,4714.2000,4714.8000,4715.0000,4717.0000,4719.8000,2,1,1,1,2,1,1,1,1,1
SF,IF2010,2020-09-04 09:33:24.500,4712.0000,7302,0,631631340.000,0,-,-,-,-,4711.2000,4711.0000,4710.8000,4710.4000,4710.2000,4714.0000,4714.2000,4714.6000,4714.8000,4715.0000,1,1,1,1,2,1,1,1,2,1
SF,IF2010,2020-09-04 09:33:25.000,4712.0000,7302,0,631631340.000,0,-,-,-,-,4711.2000,4711.0000,4710.8000,4710.4000,4710.2000,4714.0000,4715.0000,4717.0000,4719.8000,4720.0000,1,1,1,1,2,1,1,1,1,5
SF,IF2010,2020-09-04 09:33:25.500,4714.0000,7302,0,633045540.000,1,0,1,多换,S,4711.2000,4711.0000,4710.8000,4710.4000,4710.2000,4715.0000,4717.0000,4719.8000,4720.0000,4730.0000,1,1,1,1,2,1,1,1,5,2
SF,IF2010,2020-09-04 09:33:26.000,4714.0000,7302,0,633045540.000,0,-,-,-,-,4711.4000,4711.2000,4711.0000,4710.8000,4710.4000,4714.8000,4715.0000,4717.0000,4719.8000,4720.0000,2,1,1,1,1,1,1,1,1,5
SF,IF2010,2020-09-04 09:33:26.500,4714.0000,7302,0,633045540.000,0,-,-,-,-,4711.8000,4711.6000,4711.4000,4711.0000,4710.8000,4715.0000,4717.0000,4719.8000,4720.0000,4730.0000,1,1,2,1,1,1,1,1,5,2
SF,IF2010,2020-09-04 09:33:27.000,4714.0000,7302,0,633045540.000,0,-,-,-,-,4712.0000,4711.8000,4711.4000,4711.0000,4710.8000,4715.0000,4717.0000,4719.8000,4720.0000,4730.0000,3,1,1,1,1,1,1,1,5,2
SF,IF2010,2020-09-04 09:33:27.500,4714.0000,7302,0,633045540.000,0,-,-,-,-,4714.0000,4712.6000,4712.0000,4711.8000,4711.4000,4715.0000,4717.0000,4719.8000,4720.0000,4730.0000,3,1,3,1,1,1,1,1,5,2
SF,IF2010,2020-09-04 09:33:28.000,4714.0000,7302,0,634459740.000,1,0,1,多换,S,4714.0000,4712.6000,4712.0000,4711.8000,4710.8000,4715.0000,4717.0000,4719.8000,4720.0000,4730.0000,2,1,3,1,1,2,1,1,5,2
SF,IF2010,2020-09-04 09:33:28.500,4714.0000,7300,-2,637288140.000,2,0,2,双平,S,4712.6000,4712.0000,4711.8000,4710.8000,4710.4000,4715.0000,4717.0000,4719.8000,4720.0000,4730.0000,1,3,1,1,1,1,1,1,5,2
SF,IF2010,2020-09-04 09:33:29.000,4714.0000,7300,0,637288140.000,0,-,-,-,-,4713.0000,4712.8000,4712.6000,4712.0000,4711.8000,4715.0000,4717.0000,4719.8000,4720.0000,4730.0000,2,1,1,2,1,1,1,1,5,2
SF,IF2010,2020-09-04 09:33:29.500,4714.0000,7300,0,637288140.000,0,-,-,-,-,4712.8000,4712.6000,4712.0000,4711.8000,4710.8000,4715.0000,4717.0000,4719.8000,4720.0000,4730.0000,1,1,1,1,1,1,1,1,5,2
SF,IF2010,2020-09-04 09:33:30.000,4714.0000,7300,0,637288140.000,0,-,-,-,-,4713.2000,4713.0000,4712.8000,4712.6000,4711.8000,4715.0000,4717.0000,4719.8000,4720.0000,4730.0000,1,1,1,1,1,1,1,1,5,2
SF,IF2010,2020-09-04 09:33:30.500,4714.0000,7300,0,637288140.000,0,-,-,-,-,4713.4000,4713.2000,4712.8000,4712.6000,4711.8000,4715.0000,4717.0000,4719.8000,4720.0000,4730.0000,1,1,1,1,1,1,1,1,5,2
SF,IF2010,2020-09-04 09:33:31.000,4715.0000,7299,-1,638702640.000,1,0,1,双平,S,4713.6000,4713.4000,4712.8000,4712.6000,4711.8000,4717.0000,4719.8000,4720.0000,4730.0000,4731.0000,3,1,1,1,1,1,1,5,2,1
SF,IF2010,2020-09-04 09:33:31.500,4715.0000,7299,0,638702640.000,0,-,-,-,-,4713.8000,4713.6000,4712.6000,4711.8000,4710.8000,4717.0000,4719.6000,4719.8000,4720.0000,4730.0000,2,1,1,1,1,1,1,1,5,2
SF,IF2010,2020-09-04 09:33:32.000,4715.0000,7299,0,638702640.000,0,-,-,-,-,4714.0000,4713.8000,4713.6000,4712.6000,4711.8000,4715.2000,4717.0000,4719.6000,4719.8000,4720.0000,1,3,2,1,1,1,2,1,1,5
SF,IF2010,2020-09-04 09:33:32.500,4716.8000,7299,0,641532240.000,2,1,1,多换,S,4714.2000,4714.0000,4713.8000,4713.6000,4712.6000,4719.6000,4719.8000,4720.0000,4730.0000,4731.0000,1,1,1,2,1,1,1,5,2,1
SF,IF2010,2020-09-04 09:33:33.000,4716.8000,7299,0,641532240.000,0,-,-,-,-,4714.4000,4714.2000,4714.0000,4713.8000,4713.6000,4719.4000,4719.6000,4719.8000,4720.0000,4730.0000,1,1,1,1,2,4,2,1,5,2
SF,IF2010,2020-09-04 09:33:33.500,4716.8000,7299,0,641532240.000,0,-,-,-,-,4714.6000,4714.4000,4714.0000,4713.8000,4713.6000,4719.4000,4719.6000,4719.8000,4720.0000,4730.0000,3,1,1,1,2,4,2,1,5,2
SF,IF2010,2020-09-04 09:33:34.000,4719.4000,7299,0,642948060.000,1,0,1,多换,S,4715.0000,4714.8000,4714.6000,4714.0000,4713.8000,4719.4000,4719.6000,4719.8000,4720.0000,4730.0000,2,2,3,1,1,1,2,1,5,2
SF,IF2010,2020-09-04 09:33:34.500,4719.4000,7299,0,642948060.000,0,-,-,-,-,4715.2000,4715.0000,4714.8000,4714.6000,4714.0000,4719.4000,4719.6000,4719.8000,4720.0000,4730.0000,3,2,1,2,1,3,2,1,5,2
SF,IF2010,2020-09-04 09:33:35.000,4719.4000,7299,0,642948060.000,0,-,-,-,-,4716.0000,4715.4000,4715.2000,4715.0000,4714.8000,4719.4000,4719.6000,4719.8000,4725.0000,4730.0000,1,3,3,2,1,3,2,1,5,2
SF,IF2010,2020-09-04 09:33:35.500,4719.4000,7299,0,642948060.000,0,-,-,-,-,4716.2000,4716.0000,4715.8000,4715.4000,4715.2000,4719.4000,4719.6000,4719.8000,4725.0000,4730.0000,2,1,1,3,1,1,2,1,5,2
SF,IF2010,2020-09-04 09:33:36.000,4719.4000,7299,0,644363880.000,1,0,1,多换,S,4716.8000,4716.2000,4716.0000,4715.4000,4715.2000,4719.2000,4719.4000,4719.6000,4719.8000,4725.0000,1,2,1,3,1,1,2,2,1,5
SF,IF2010,2020-09-04 09:33:36.500,4716.8000,7296,-3,650023680.000,4,0,4,多平,S,4715.4000,4715.0000,4713.8000,4713.6000,4712.6000,4719.0000,4719.2000,4719.4000,4719.6000,4719.8000,3,1,1,1,1,2,1,1,2,1
SF,IF2010,2020-09-04 09:33:37.000,4716.8000,7296,0,650023680.000,0,-,-,-,-,4715.0000,4713.8000,4713.6000,4712.6000,4710.8000,4718.8000,4719.0000,4719.2000,4719.4000,4719.6000,1,1,1,1,1,1,4,1,1,2
SF,IF2010,2020-09-04 09:33:37.500,4716.8000,7296,0,650023680.000,0,-,-,-,-,4713.8000,4713.6000,4712.6000,4710.8000,4710.2000,4717.8000,4718.6000,4718.8000,4719.0000,4719.2000,1,1,1,1,2,1,5,1,3,1
SF,IF2010,2020-09-04 09:33:38.000,4717.6000,7295,-1,651438960.000,1,0,1,双平,S,4712.6000,4710.2000,4707.6000,4706.0000,4705.0000,4717.6000,4717.8000,4718.6000,4718.8000,4719.0000,1,2,2,5,5,1,1,3,1,3
SF,IF2010,2020-09-04 09:33:38.500,4717.6000,7295,0,651438960.000,0,-,-,-,-,4712.8000,4712.6000,4710.2000,4707.6000,4706.0000,4717.4000,4717.6000,4717.8000,4718.6000,4718.8000,2,1,2,2,5,2,1,1,3,1
SF,IF2010,2020-09-04 09:33:39.000,4717.6000,7295,0,651438960.000,0,-,-,-,-,4712.8000,4712.6000,4710.2000,4707.6000,4706.0000,4713.8000,4717.0000,4717.2000,4717.4000,4717.8000,2,1,2,2,5,1,1,1,3,1
SF,IF2010,2020-09-04 09:33:39.500,4713.8000,7294,-1,652853100.000,1,0,1,双平,S,4713.0000,4712.8000,4712.6000,4710.2000,4707.6000,4716.6000,4717.0000,4717.2000,4717.4000,4717.8000,1,1,1,2,2,1,2,1,2,1
SF,IF2010,2020-09-04 09:33:40.000,4713.8000,7294,0,652853100.000,0,-,-,-,-,4713.8000,4713.6000,4713.2000,4713.0000,4712.8000,4716.4000,4717.0000,4717.2000,4717.4000,4717.8000,2,2,2,2,1,1,1,1,1,1
SF,IF2010,2020-09-04 09:33:40.500,4713.8000,7294,0,652853100.000,0,-,-,-,-,4714.0000,4713.8000,4713.6000,4713.2000,4713.0000,4716.0000,4716.4000,4717.8000,4719.6000,4719.8000,1,2,2,1,2,1,1,1,1,1
SF,IF2010,2020-09-04 09:33:41.000,4716.4000,7292,-2,655682820.000,2,0,2,双平,S,4714.2000,4714.0000,4713.8000,4713.6000,4713.2000,4717.8000,4718.8000,4719.2000,4719.8000,4725.0000,3,1,2,2,1,1,2,1,1,5
SF,IF2010,2020-09-04 09:33:41.500,4717.6000,7292,0,658513380.000,2,1,1,多换,S,4714.4000,4713.2000,4713.0000,4712.8000,4712.6000,4717.6000,4717.8000,4718.8000,4719.2000,4719.8000,1,1,1,1,1,2,1,2,1,1
SF,IF2010,2020-09-04 09:33:42.000,4717.6000,7292,0,658513380.000,0,-,-,-,-,4714.4000,4712.8000,4712.6000,4710.2000,4707.6000,4717.4000,4717.6000,4717.8000,4718.8000,4719.2000,1,1,1,2,2,1,1,1,2,1
SF,IF2010,2020-09-04 09:33:42.500,4717.6000,7292,0,658513380.000,0,-,-,-,-,4714.4000,4712.8000,4712.6000,4710.2000,4707.6000,4717.2000,4717.4000,4717.6000,4717.8000,4718.8000,1,1,1,2,2,1,2,1,1,2
SF,IF2010,2020-09-04 09:33:43.000,4717.6000,7292,0,658513380.000,0,-,-,-,-,4714.4000,4712.8000,4712.6000,4710.2000,4707.6000,4717.0000,4717.2000,4717.4000,4717.6000,4717.8000,1,1,1,2,2,3,2,3,1,1
SF,IF2010,2020-09-04 09:33:43.500,4714.4000,7292,0,659927700.000,1,0,1,多换,S,4710.2000,4707.6000,4705.0000,4703.8000,4701.0000,4714.4000,4716.0000,4716.6000,4716.8000,4717.0000,2,2,5,1,2,1,1,1,1,7
SF,IF2010,2020-09-04 09:33:44.000,4714.4000,7292,0,659927700.000,0,-,-,-,-,4711.2000,4710.4000,4710.2000,4707.6000,4705.0000,4714.2000,4714.4000,4716.0000,4716.6000,4717.0000,1,3,2,2,5,2,1,1,1,4
SF,IF2010,2020-09-04 09:33:44.500,4714.4000,7292,0,659927700.000,0,-,-,-,-,4711.4000,4711.2000,4710.4000,4710.2000,4707.6000,4714.2000,4716.0000,4716.6000,4717.0000,4717.2000,1,1,2,2,2,2,1,1,4,2
SF,IF2010,2020-09-04 09:33:45.000,4714.4000,7292,0,659927700.000,0,-,-,-,-,4711.4000,4711.2000,4710.4000,4710.2000,4707.6000,4714.2000,4714.8000,4716.0000,4716.6000,4717.0000,1,1,2,2,2,2,2,1,1,2
SF,IF2010,2020-09-04 09:33:45.500,4714.4000,7292,0,659927700.000,0,-,-,-,-,4711.6000,4711.4000,4711.2000,4710.4000,4710.2000,4714.2000,4714.8000,4716.0000,4716.6000,4717.0000,1,1,1,2,2,1,2,1,1,2
SF,IF2010,2020-09-04 09:33:46.000,4714.4000,7292,0,659927700.000,0,-,-,-,-,4711.8000,4711.6000,4711.2000,4710.4000,4710.2000,4714.2000,4714.8000,4716.0000,4716.6000,4717.0000,1,1,1,2,2,1,2,1,1,2
SF,IF2010,2020-09-04 09:33:46.500,4714.4000,7292,0,659927700.000,0,-,-,-,-,4712.2000,4711.8000,4711.6000,4711.2000,4710.4000,4714.2000,4716.0000,4716.6000,4717.0000,4717.2000,2,1,1,1,2,1,1,1,2,2
SF,IF2010,2020-09-04 09:33:47.000,4716.0000,7292,0,662756820.000,2,1,1,多换,S,4712.4000,4712.0000,4711.6000,4711.2000,4710.4000,4716.6000,4717.0000,4717.2000,4717.4000,4719.8000,5,1,1,1,2,1,2,2,3,1
SF,IF2010,2020-09-04 09:33:47.500,4716.0000,7292,0,662756820.000,0,-,-,-,-,4712.6000,4712.4000,4712.0000,4711.2000,4710.4000,4716.4000,4716.6000,4717.0000,4717.2000,4717.4000,1,4,1,1,1,2,1,1,2,3
SF,IF2010,2020-09-04 09:33:48.000,4716.0000,7292,0,662756820.000,0,-,-,-,-,4712.8000,4712.6000,4712.4000,4712.0000,4711.2000,4716.4000,4717.2000,4717.4000,4719.8000,4725.0000,2,1,3,1,1,1,2,2,1,5
SF,IF2010,2020-09-04 09:33:48.500,4716.0000,7292,0,662756820.000,0,-,-,-,-,4713.0000,4712.8000,4712.4000,4712.0000,4711.2000,4716.2000,4716.4000,4717.2000,4717.4000,4719.8000,1,2,2,1,1,2,1,1,2,1
SF,IF2010,2020-09-04 09:33:49.000,4716.0000,7292,0,662756820.000,0,-,-,-,-,4713.0000,4712.4000,4712.0000,4711.2000,4710.4000,4716.0000,4716.2000,4717.2000,4717.4000,4719.8000,1,2,1,1,1,1,3,1,2,1
SF,IF2010,2020-09-04 09:33:49.500,4716.0000,7292,0,662756820.000,0,-,-,-,-,4713.0000,4712.4000,4712.0000,4711.2000,4710.4000,4715.8000,4716.0000,4716.2000,4717.2000,4717.4000,1,2,1,1,1,1,2,3,2,2
SF,IF2010,2020-09-04 09:33:50.000,4716.0000,7292,0,662756820.000,0,-,-,-,-,4713.0000,4712.4000,4712.0000,4711.2000,4710.4000,4715.6000,4715.8000,4716.0000,4716.2000,4717.2000,1,2,1,1,1,1,1,2,2,2
SF,IF2010,2020-09-04 09:33:50.500,4716.0000,7292,0,662756820.000,0,-,-,-,-,4713.0000,4711.2000,4710.4000,4710.2000,4707.6000,4715.4000,4715.6000,4715.8000,4716.0000,4716.2000,1,1,1,2,2,2,2,1,1,1
SF,IF2010,2020-09-04 09:33:51.000,4716.0000,7292,0,662756820.000,0,-,-,-,-,4713.0000,4711.2000,4710.4000,4710.2000,4707.6000,4715.4000,4715.6000,4715.8000,4716.0000,4716.2000,1,1,1,2,2,2,2,1,1,1
SF,IF2010,2020-09-04 09:33:51.500,4716.0000,7292,0,662756820.000,0,-,-,-,-,4713.0000,4711.2000,4710.4000,4710.2000,4707.6000,4715.4000,4715.6000,4716.0000,4717.2000,4717.4000,1,1,1,2,2,1,2,1,2,1
SF,IF2010,2020-09-04 09:33:52.000,4713.2000,7291,-1,664170780.000,1,0,1,双平,S,4713.0000,4711.2000,4710.4000,4710.2000,4707.6000,4715.4000,4715.6000,4716.0000,4717.2000,4717.4000,1,1,1,2,2,1,4,1,1,1
SF,IF2010,2020-09-04 09:33:52.500,4713.2000,7291,0,664170780.000,0,-,-,-,-,4713.4000,4713.0000,4711.2000,4710.4000,4710.2000,4715.4000,4715.6000,4716.0000,4717.2000,4717.4000,2,1,1,1,2,1,4,1,1,1
SF,IF2010,2020-09-04 09:33:53.000,4713.2000,7291,0,664170780.000,0,-,-,-,-,4713.6000,4713.0000,4711.2000,4710.4000,4710.2000,4715.4000,4715.6000,4717.2000,4717.4000,4719.8000,3,1,1,1,2,1,2,1,1,1
SF,IF2010,2020-09-04 09:33:53.500,4713.2000,7291,0,664170780.000,0,-,-,-,-,4714.0000,4713.6000,4713.0000,4710.4000,4710.2000,4717.0000,4717.2000,4717.4000,4719.8000,4725.0000,2,1,1,1,2,2,1,1,1,5
SF,IF2010,2020-09-04 09:33:54.000,4713.2000,7291,0,664170780.000,0,-,-,-,-,4714.2000,4714.0000,4710.4000,4710.2000,4707.6000,4717.0000,4717.2000,4717.4000,4719.8000,4725.0000,2,2,1,2,2,2,1,2,1,5
SF,IF2010,2020-09-04 09:33:54.500,4713.2000,7291,0,664170780.000,0,-,-,-,-,4714.4000,4714.2000,4710.2000,4707.6000,4703.8000,4717.0000,4719.8000,4725.0000,4730.0000,4741.4000,2,4,2,2,1,2,1,5,2,1
SF,IF2010,2020-09-04 09:33:55.000,4713.2000,7291,0,664170780.000,0,-,-,-,-,4714.6000,4714.4000,4714.2000,4710.2000,4707.6000,4718.4000,4719.8000,4725.0000,4730.0000,4741.4000,3,2,2,2,2,2,1,5,2,1
SF,IF2010,2020-09-04 09:33:55.500,4713.2000,7291,0,664170780.000,0,-,-,-,-,4714.6000,4714.2000,4710.2000,4707.6000,4703.8000,4718.2000,4718.4000,4719.8000,4725.0000,4730.0000,3,2,2,2,1,2,3,1,5,2
SF,IF2010,2020-09-04 09:33:56.000,4713.2000,7291,0,664170780.000,0,-,-,-,-,4714.6000,4714.2000,4710.2000,4707.6000,4703.8000,4718.2000,4718.4000,4719.8000,4725.0000,4730.0000,1,1,2,2,1,2,3,1,5,2
SF,IF2010,2020-09-04 09:33:56.500,4713.2000,7291,0,664170780.000,0,-,-,-,-,4714.6000,4714.2000,4710.2000,4707.6000,4703.8000,4718.0000,4718.2000,4718.4000,4719.8000,4725.0000,1,1,2,2,1,2,2,1,1,5
SF,IF2010,2020-09-04 09:33:57.000,4713.2000,7291,0,664170780.000,0,-,-,-,-,4714.6000,4714.2000,4710.2000,4707.6000,4703.8000,4717.8000,4718.0000,4718.2000,4718.4000,4719.8000,1,1,2,2,1,2,2,1,1,1
SF,IF2010,2020-09-04 09:33:57.500,4717.6000,7291,0,665586060.000,1,0,1,多换,S,4714.6000,4710.2000,4707.6000,4703.8000,4701.0000,4717.8000,4718.0000,4718.2000,4719.8000,4725.0000,1,2,2,1,2,3,2,1,1,5
SF,IF2010,2020-09-04 09:33:58.000,4717.6000,7291,0,665586060.000,0,-,-,-,-,4714.6000,4710.2000,4707.6000,4703.8000,4701.0000,4717.8000,4718.0000,4718.2000,4719.8000,4725.0000,1,2,2,1,2,4,2,1,1,5
SF,IF2010,2020-09-04 09:33:58.500,4717.6000,7291,0,665586060.000,0,-,-,-,-,4714.6000,4710.2000,4707.6000,4703.8000,4701.0000,4717.4000,4717.8000,4718.2000,4719.8000,4725.0000,1,2,2,1,2,2,2,1,1,5
SF,IF2010,2020-09-04 09:33:59.000,4717.6000,7291,0,667001340.000,1,0,1,多换,S,4714.6000,4710.2000,4707.6000,4703.8000,4701.0000,4717.2000,4717.4000,4717.6000,4717.8000,4718.2000,1,2,2,1,2,1,2,1,2,1
SF,IF2010,2020-09-04 09:33:59.500,4717.6000,7291,0,667001340.000,0,-,-,-,-,4714.6000,4710.2000,4707.6000,4703.8000,4701.0000,4717.2000,4717.4000,4717.8000,4718.0000,4718.2000,1,2,2,1,2,1,2,2,1,1
SF,IF2010,2020-09-04 09:34:00.000,4717.6000,7291,0,667001340.000,0,-,-,-,-,4714.6000,4710.2000,4707.6000,4703.8000,4701.0000,4716.8000,4717.0000,4717.2000,4717.8000,4718.0000,1,2,2,1,2,2,2,1,2,1
SF,IF2010,2020-09-04 09:34:00.500,4714.6000,7291,0,668415720.000,1,0,1,多换,S,4710.2000,4707.6000,4703.8000,4701.0000,4700.0000,4716.6000,4716.8000,4717.0000,4717.2000,4717.8000,2,2,1,2,7,2,2,2,2,1
SF,IF2010,2020-09-04 09:34:01.000,4714.6000,7291,0,668415720.000,0,-,-,-,-,4712.4000,4711.2000,4710.4000,4710.2000,4707.6000,4716.0000,4716.4000,4716.6000,4717.0000,4717.2000,1,1,3,2,2,1,1,2,1,2
SF,IF2010,2020-09-04 09:34:01.500,4714.6000,7291,0,668415720.000,0,-,-,-,-,4712.6000,4711.2000,4710.4000,4710.2000,4707.6000,4715.8000,4716.0000,4716.4000,4716.6000,4717.0000,1,1,2,2,2,3,1,1,1,1
SF,IF2010,2020-09-04 09:34:02.000,4714.6000,7291,0,668415720.000,0,-,-,-,-,4712.6000,4711.2000,4710.4000,4710.2000,4707.6000,4715.8000,4716.0000,4716.4000,4716.6000,4717.2000,1,1,2,2,2,3,1,1,1,1
SF,IF2010,2020-09-04 09:34:02.500,4714.6000,7291,0,668415720.000,0,-,-,-,-,4712.6000,4711.2000,4710.4000,4710.2000,4707.6000,4715.0000,4715.2000,4715.8000,4716.4000,4717.8000,1,1,2,2,2,1,1,3,1,1
SF,IF2010,2020-09-04 09:34:03.000,4712.8000,7290,-1,669829560.000,1,0,1,双平,S,4712.6000,4711.2000,4710.4000,4710.2000,4707.6000,4714.8000,4715.0000,4715.2000,4715.8000,4716.4000,1,1,1,2,2,1,1,1,2,1
SF,IF2010,2020-09-04 09:34:03.500,4712.6000,7288,-2,675486060.000,4,1,3,多平,S,4715.0000,4711.2000,4710.4000,4710.2000,4707.6000,4715.2000,4715.8000,4716.4000,4717.8000,4718.0000,1,1,1,2,2,1,2,1,1,1
SF,IF2010,2020-09-04 09:34:04.000,4715.0000,7288,0,676900560.000,1,0,1,多换,S,4711.2000,4710.4000,4710.2000,4707.6000,4703.8000,4714.6000,4715.0000,4715.2000,4715.8000,4716.4000,1,1,2,2,1,1,2,1,2,1
SF,IF2010,2020-09-04 09:34:04.500,4715.0000,7288,0,676900560.000,0,-,-,-,-,4712.4000,4711.4000,4711.2000,4710.4000,4710.2000,4714.6000,4715.0000,4715.2000,4717.8000,4718.0000,1,4,1,1,2,1,1,2,1,1
SF,IF2010,2020-09-04 09:34:05.000,4715.0000,7288,0,676900560.000,0,-,-,-,-,4712.8000,4712.6000,4712.4000,4711.4000,4711.2000,4714.6000,4717.8000,4718.0000,4718.2000,4718.6000,2,2,1,3,1,1,1,1,1,1
SF,IF2010,2020-09-04 09:34:05.500,4714.6000,7288,0,678314940.000,1,0,1,多换,S,4713.8000,4713.2000,4713.0000,4712.6000,4712.4000,4717.4000,4717.8000,4718.0000,4718.2000,4718.6000,1,2,2,1,1,2,1,1,1,1
SF,IF2010,2020-09-04 09:34:06.000,4714.6000,7288,0,678314940.000,0,-,-,-,-,4714.0000,4713.8000,4713.0000,4712.6000,4712.4000,4717.2000,4717.4000,4717.8000,4718.0000,4718.2000,2,1,2,1,1,1,2,1,1,1
SF,IF2010,2020-09-04 09:34:06.500,4714.6000,7288,0,678314940.000,0,-,-,-,-,4714.0000,4713.8000,4713.0000,4712.6000,4712.4000,4717.0000,4717.2000,4717.4000,4717.8000,4718.0000,2,1,2,1,1,1,1,2,1,1
SF,IF2010,2020-09-04 09:34:07.000,4714.6000,7288,0,678314940.000,0,-,-,-,-,4714.2000,4714.0000,4713.8000,4713.0000,4712.6000,4717.0000,4717.4000,4717.8000,4718.0000,4718.2000,1,2,1,1,1,1,2,1,1,1
SF,IF2010,2020-09-04 09:34:07.500,4714.6000,7288,0,678314940.000,0,-,-,-,-,4714.4000,4714.2000,4713.8000,4713.0000,4712.6000,4717.4000,4718.0000,4718.2000,4718.6000,4719.8000,2,2,1,1,1,2,1,1,1,1
SF,IF2010,2020-09-04 09:34:08.000,4714.6000,7288,0,678314940.000,0,-,-,-,-,4714.4000,4714.2000,4713.8000,4713.0000,4712.6000,4717.2000,4717.4000,4718.0000,4718.2000,4718.6000,2,1,1,1,1,2,2,1,1,1
SF,IF2010,2020-09-04 09:34:08.500,4714.6000,7288,0,678314940.000,0,-,-,-,-,4714.4000,4714.2000,4713.8000,4713.0000,4712.6000,4717.2000,4718.0000,4718.2000,4718.6000,4719.8000,2,1,1,1,1,2,1,1,1,1
SF,IF2010,2020-09-04 09:34:09.000,4714.4000,7288,0,679729260.000,1,0,1,多换,S,4714.8000,4712.6000,4710.2000,4707.6000,4703.8000,4717.0000,4717.2000,4718.0000,4718.2000,4718.6000,1,1,2,2,1,2,2,1,2,1
SF,IF2010,2020-09-04 09:34:09.500,4714.4000,7288,0,679729260.000,0,-,-,-,-,4714.8000,4710.2000,4707.6000,4703.8000,4701.6000,4716.8000,4717.0000,4717.2000,4718.0000,4718.2000,1,2,2,1,1,1,1,2,1,1
SF,IF2010,2020-09-04 09:34:10.000,4714.4000,7288,0,679729260.000,0,-,-,-,-,4714.8000,4710.2000,4707.6000,4703.8000,4701.6000,4716.6000,4716.8000,4717.2000,4718.0000,4718.2000,1,2,2,1,1,1,1,2,1,1
SF,IF2010,2020-09-04 09:34:10.500,4714.8000,7287,-1,681143700.000,1,0,1,双平,S,4715.0000,4714.8000,4710.2000,4710.0000,4707.6000,4716.6000,4716.8000,4717.2000,4718.0000,4718.2000,1,1,2,1,2,1,1,4,1,1
SF,IF2010,2020-09-04 09:34:11.000,4714.8000,7287,0,681143700.000,0,-,-,-,-,4715.0000,4714.8000,4710.2000,4710.0000,4707.6000,4716.4000,4716.6000,4716.8000,4717.2000,4718.0000,1,1,2,1,2,1,1,1,4,1
SF,IF2010,2020-09-04 09:34:11.500,4714.8000,7287,0,681143700.000,0,-,-,-,-,4714.8000,4710.2000,4710.0000,4707.6000,4703.8000,4716.2000,4716.4000,4716.8000,4717.2000,4718.0000,1,2,1,2,1,1,2,1,4,1
SF,IF2010,2020-09-04 09:34:12.000,4714.8000,7286,-1,682558140.000,1,0,1,双平,S,4710.2000,4710.0000,4707.6000,4703.8000,4701.6000,4715.0000,4716.0000,4716.2000,4716.4000,4716.8000,2,1,2,1,1,1,1,1,2,1
SF,IF2010,2020-09-04 09:34:12.500,4715.0000,7285,-1,685387080.000,2,0,2,多平,S,4713.6000,4712.4000,4710.4000,4710.2000,4710.0000,4716.0000,4716.4000,4716.8000,4717.2000,4718.0000,1,1,4,2,1,1,1,1,2,1
SF,IF2010,2020-09-04 09:34:13.000,4715.0000,7285,0,685387080.000,0,-,-,-,-,4714.2000,4714.0000,4713.8000,4713.6000,4711.8000,4715.0000,4716.0000,4716.4000,4717.2000,4718.0000,1,1,5,2,1,1,1,1,2,1
SF,IF2010,2020-09-04 09:34:13.500,4715.0000,7284,-1,686801580.000,1,0,1,双平,S,4714.4000,4714.2000,4713.8000,4713.6000,4711.6000,4716.0000,4717.2000,4718.0000,4718.2000,4719.8000,1,1,3,2,1,1,2,1,1,1
SF,IF2010,2020-09-04 09:34:14.000,4715.0000,7284,0,686801580.000,0,-,-,-,-,4714.4000,4713.6000,4710.2000,4710.0000,4707.6000,4716.0000,4718.0000,4718.2000,4719.8000,4725.0000,1,1,2,1,2,2,1,1,1,5
SF,IF2010,2020-09-04 09:34:14.500,4715.0000,7284,0,686801580.000,0,-,-,-,-,4713.6000,4710.2000,4710.0000,4707.6000,4703.8000,4716.0000,4718.0000,4718.2000,4719.8000,4725.0000,1,2,1,2,1,2,1,1,1,5
SF,IF2010,2020-09-04 09:34:15.000,4715.0000,7284,0,686801580.000,0,-,-,-,-,4713.8000,4713.6000,4710.2000,4710.0000,4707.6000,4715.8000,4716.0000,4718.0000,4718.2000,4719.8000,1,1,2,1,2,1,2,1,1,1
SF,IF2010,2020-09-04 09:34:15.500,4714.0000,7283,-1,688215780.000,1,0,1,双平,S,4713.8000,4710.2000,4710.0000,4707.6000,4703.8000,4715.6000,4716.0000,4718.0000,4718.2000,4719.8000,1,2,1,2,1,1,2,1,1,1
SF,IF2010,2020-09-04 09:34:16.000,4714.0000,7283,0,688215780.000,0,-,-,-,-,4710.2000,4710.0000,4707.6000,4703.8000,4701.6000,4715.4000,4715.6000,4716.0000,4718.0000,4718.2000,2,1,2,1,1,1,3,2,1,1
SF,IF2010,2020-09-04 09:34:16.500,4714.0000,7283,0,688215780.000,0,-,-,-,-,4712.4000,4711.2000,4710.4000,4710.2000,4710.0000,4715.2000,4715.4000,4716.0000,4717.8000,4718.0000,1,1,4,2,1,1,1,2,1,1
SF,IF2010,2020-09-04 09:34:17.000,4714.0000,7283,0,688215780.000,0,-,-,-,-,4712.6000,4712.4000,4711.2000,4710.4000,4710.2000,4715.2000,4715.4000,4716.0000,4717.8000,4718.0000,1,1,1,2,2,1,1,2,1,1
SF,IF2010,2020-09-04 09:34:17.500,4714.0000,7283,0,688215780.000,0,-,-,-,-,4712.6000,4712.4000,4711.2000,4710.4000,4710.2000,4715.2000,4715.4000,4716.0000,4717.8000,4718.0000,1,1,1,2,2,1,1,2,1,1
SF,IF2010,2020-09-04 09:34:20.000,4714.0000,7283,0,688215780.000,0,-,-,-,-,4712.6000,4712.4000,4711.2000,4710.4000,4710.2000,4715.2000,4715.4000,4716.0000,4717.8000,4718.0000,1,1,1,2,2,1,1,2,1,1
SF,IF2010,2020-09-04 09:34:20.500,4714.0000,7283,0,688215780.000,0,-,-,-,-,4712.6000,4712.4000,4711.2000,4710.4000,4710.2000,4715.2000,4715.4000,4716.0000,4716.8000,4717.8000,1,1,1,2,2,1,1,2,1,1
SF,IF2010,2020-09-04 09:34:21.000,4714.0000,7283,0,688215780.000,0,-,-,-,-,4712.6000,4712.4000,4711.2000,4710.4000,4710.2000,4715.0000,4715.2000,4715.4000,4716.0000,4716.8000,1,1,1,2,2,1,1,1,2,1
SF,IF2010,2020-09-04 09:34:21.500,4714.0000,7283,0,688215780.000,0,-,-,-,-,4712.6000,4711.2000,4710.4000,4710.2000,4710.0000,4714.6000,4714.8000,4715.0000,4715.4000,4716.0000,1,1,2,2,1,2,1,1,1,2
SF,IF2010,2020-09-04 09:34:22.000,4712.6000,7282,-1,689629560.000,1,0,1,双平,S,4711.2000,4710.4000,4710.2000,4710.0000,4707.6000,4714.4000,4715.0000,4715.4000,4716.0000,4716.8000,1,2,2,1,2,3,1,1,2,1
SF,IF2010,2020-09-04 09:34:22.500,4712.6000,7282,0,689629560.000,0,-,-,-,-,4711.2000,4710.4000,4710.2000,4710.0000,4707.6000,4714.2000,4714.4000,4715.0000,4716.0000,4716.8000,1,2,2,1,2,1,3,1,2,1
SF,IF2010,2020-09-04 09:34:23.000,4712.6000,7282,0,689629560.000,0,-,-,-,-,4711.2000,4710.4000,4710.2000,4710.0000,4707.6000,4714.0000,4714.2000,4715.0000,4716.0000,4716.8000,1,2,2,1,2,2,1,1,2,1
SF,IF2010,2020-09-04 09:34:23.500,4712.6000,7282,0,689629560.000,0,-,-,-,-,4711.4000,4711.2000,4710.4000,4710.2000,4710.0000,4713.8000,4714.0000,4716.0000,4716.8000,4718.0000,1,1,1,2,1,1,2,2,1,1
SF,IF2010,2020-09-04 09:34:24.000,4712.6000,7282,0,689629560.000,0,-,-,-,-,4711.4000,4711.2000,4710.4000,4710.2000,4710.0000,4713.4000,4713.8000,4714.0000,4716.0000,4716.8000,1,1,1,2,1,2,1,2,2,1
SF,IF2010,2020-09-04 09:34:24.500,4713.8000,7282,0,691043700.000,1,0,1,多换,S,4711.6000,4711.4000,4711.2000,4710.4000,4710.2000,4714.0000,4716.0000,4716.8000,4718.0000,4718.6000,1,1,1,1,2,1,1,1,1,1
SF,IF2010,2020-09-04 09:34:25.000,4713.8000,7282,0,691043700.000,0,-,-,-,-,4711.8000,4711.6000,4711.4000,4711.2000,4710.4000,4714.0000,4716.0000,4716.8000,4718.0000,4718.6000,1,1,1,1,1,1,1,1,1,1
SF,IF2010,2020-09-04 09:34:25.500,4713.8000,7282,0,691043700.000,0,-,-,-,-,4711.8000,4711.6000,4711.4000,4711.2000,4710.4000,4713.6000,4716.0000,4716.8000,4718.0000,4718.6000,1,1,1,1,1,2,1,1,1,1
SF,IF2010,2020-09-04 09:34:26.000,4713.8000,7282,0,691043700.000,0,-,-,-,-,4711.6000,4711.4000,4711.2000,4710.4000,4710.2000,4713.6000,4716.0000,4716.8000,4718.0000,4718.6000,1,1,1,1,2,2,1,1,1,1
SF,IF2010,2020-09-04 09:34:26.500,4713.8000,7282,0,691043700.000,0,-,-,-,-,4711.2000,4710.4000,4710.2000,4710.0000,4707.6000,4713.4000,4716.0000,4716.8000,4718.0000,4718.6000,1,1,2,1,2,3,1,1,1,1
SF,IF2010,2020-09-04 09:34:27.000,4713.8000,7282,0,691043700.000,0,-,-,-,-,4710.2000,4710.0000,4707.6000,4703.8000,4701.6000,4711.6000,4713.4000,4715.0000,4716.0000,4716.8000,2,1,2,1,1,1,3,5,1,1
SF,IF2010,2020-09-04 09:34:27.500,4711.6000,7282,0,692457180.000,1,0,1,多换,S,4710.2000,4710.0000,4707.6000,4703.8000,4701.6000,4716.0000,4716.8000,4718.0000,4718.6000,4719.8000,2,1,2,1,1,1,1,1,1,1
SF,IF2010,2020-09-04 09:34:28.000,4711.6000,7282,0,692457180.000,0,-,-,-,-,4710.6000,4710.4000,4710.2000,4710.0000,4707.6000,4713.6000,4715.8000,4716.0000,4716.8000,4718.0000,1,1,2,1,2,2,3,1,1,1
SF,IF2010,2020-09-04 09:34:28.500,4711.6000,7282,0,692457180.000,0,-,-,-,-,4710.8000,4710.6000,4710.2000,4710.0000,4707.6000,4713.4000,4713.6000,4714.2000,4715.8000,4716.0000,2,1,2,1,2,1,2,1,1,1
SF,IF2010,2020-09-04 09:34:29.000,4711.6000,7282,0,692457180.000,0,-,-,-,-,4711.0000,4710.8000,4710.6000,4710.2000,4710.0000,4713.4000,4714.2000,4715.8000,4716.0000,4716.8000,1,2,1,2,1,1,1,1,1,1
