市场代码,合约代码,时间,最新,持仓,增仓,成交额,成交量,开仓,平仓,成交类型,方向,买一价,买二价,买三价,买四价,买五价,卖一价,卖二价,卖三价,卖四价,卖五价,买一量,买二量,买三量,买四量,买五量,卖一量,卖二量,卖三量,卖四量,卖五量
SF,IF2006,2019-12-10 09:29:00.400,3893.4000,5836,0,0.000,0.000,-,-,-,-,3883.2000,3881.4000,3878.0000,3875.6000,3875.0000,3887.2000,3889.8000,3890.8000,3892.8000,3893.0000,1,1,5,1,1,1,1,2,1,2
SF,IF2006,2019-12-10 09:30:00.400,3883.2000,5835,-1,1164960.000,1,0,1,双平,S,3881.4000,3878.4000,3878.0000,3877.0000,3875.0000,3887.4000,3889.8000,3892.8000,3893.0000,3893.6000,1,1,5,1,1,1,1,1,2,3
SF,IF2006,2019-12-10 09:30:00.900,3883.2000,5835,0,1164960.000,0,-,-,-,-,3881.6000,3881.4000,3878.4000,3878.0000,3877.0000,3887.2000,3887.4000,3889.8000,3892.8000,3893.0000,1,1,1,5,1,1,1,1,1,1
SF,IF2006,2019-12-10 09:30:02.400,3883.2000,5835,0,1164960.000,0,-,-,-,-,3881.6000,3881.4000,3878.4000,3878.0000,3877.0000,3887.0000,3887.2000,3887.4000,3889.8000,3892.8000,1,1,1,5,1,1,1,1,1,1
SF,IF2006,2019-12-10 09:30:02.900,3883.2000,5835,0,1164960.000,0,-,-,-,-,3881.6000,3881.4000,3878.4000,3878.0000,3877.0000,3886.8000,3887.0000,3887.4000,3889.8000,3892.8000,1,1,1,5,1,1,1,1,1,1
SF,IF2006,2019-12-10 09:30:03.400,3883.2000,5835,0,1164960.000,0,-,-,-,-,3884.6000,3881.6000,3881.4000,3878.4000,3878.0000,3886.8000,3887.0000,3887.4000,3889.8000,3892.8000,1,1,1,1,5,1,1,1,1,1
SF,IF2006,2019-12-10 09:30:03.900,3884.6000,5834,-1,2330340.000,1,0,1,双平,S,3881.6000,3881.4000,3878.4000,3878.0000,3877.0000,3887.0000,3887.4000,3889.8000,3892.8000,3893.0000,1,1,1,5,1,1,1,1,1,1
SF,IF2006,2019-12-10 09:30:04.400,3884.6000,5834,0,2330340.000,0,-,-,-,-,3881.6000,3881.4000,3878.4000,3878.0000,3877.0000,3884.4000,3885.2000,3886.8000,3887.0000,3887.4000,1,1,1,5,1,3,1,1,1,1
SF,IF2006,2019-12-10 09:30:04.900,3884.6000,5834,0,2330340.000,0,-,-,-,-,3881.6000,3881.4000,3878.4000,3878.0000,3877.0000,3884.2000,3884.4000,3885.2000,3886.8000,3887.0000,1,1,1,5,1,1,3,1,2,1
SF,IF2006,2019-12-10 09:30:05.400,3884.6000,5834,0,2330340.000,0,-,-,-,-,3881.6000,3881.4000,3878.4000,3878.0000,3877.0000,3884.2000,3884.4000,3885.2000,3887.0000,3887.4000,1,1,1,5,1,1,3,1,1,1
SF,IF2006,2019-12-10 09:30:05.900,3884.6000,5834,0,2330340.000,0,-,-,-,-,3881.6000,3881.4000,3878.4000,3878.0000,3877.0000,3884.2000,3887.0000,3887.4000,3889.8000,3892.8000,1,1,1,5,1,1,1,1,1,1
SF,IF2006,2019-12-10 09:30:06.400,3884.6000,5833,-1,3495720.000,1,0,1,双平,S,3884.4000,3881.6000,3881.4000,3878.4000,3878.0000,3887.0000,3887.4000,3889.8000,3892.8000,3893.0000,1,1,1,1,5,1,1,1,1,1
SF,IF2006,2019-12-10 09:30:06.900,3884.4000,5834,1,4661040.000,1,1,0,双开,S,3881.6000,3881.4000,3878.4000,3878.0000,3877.0000,3884.4000,3886.8000,3887.0000,3887.4000,3889.8000,1,1,1,5,1,2,1,1,1,1
SF,IF2006,2019-12-10 09:30:07.400,3884.4000,5834,0,4661040.000,0,-,-,-,-,3881.6000,3881.4000,3878.4000,3878.0000,3877.0000,3884.2000,3884.4000,3887.0000,3887.4000,3889.8000,1,1,1,5,1,1,2,1,1,1
SF,IF2006,2019-12-10 09:30:07.900,3884.4000,5834,0,4661040.000,0,-,-,-,-,3881.6000,3881.4000,3878.4000,3878.0000,3877.0000,3887.4000,3889.8000,3892.8000,3893.0000,3896.0000,1,1,1,5,1,1,1,1,1,5
SF,IF2006,2019-12-10 09:30:08.400,3884.4000,5834,0,4661040.000,0,-,-,-,-,3881.6000,3881.4000,3878.4000,3878.0000,3877.0000,3884.6000,3887.2000,3887.4000,3889.8000,3892.8000,1,1,1,5,1,1,1,1,1,1
SF,IF2006,2019-12-10 09:30:08.900,3884.4000,5834,0,4661040.000,0,-,-,-,-,3881.6000,3881.4000,3878.4000,3878.0000,3877.0000,3887.2000,3887.4000,3889.8000,3892.8000,3893.0000,1,1,1,5,1,1,1,1,1,1
SF,IF2006,2019-12-10 09:30:09.400,3884.4000,5834,0,4661040.000,0,-,-,-,-,3882.2000,3881.6000,3881.4000,3878.4000,3878.0000,3886.2000,3887.2000,3887.4000,3889.8000,3892.8000,1,1,1,1,5,1,1,1,1,1
SF,IF2006,2019-12-10 09:30:09.900,3884.4000,5834,0,4661040.000,0,-,-,-,-,3882.4000,3882.2000,3881.8000,3881.4000,3878.4000,3886.0000,3886.2000,3887.4000,3889.8000,3892.8000,2,1,2,1,1,1,1,1,1,1
SF,IF2006,2019-12-10 09:30:10.900,3884.4000,5834,0,4661040.000,0,-,-,-,-,3882.4000,3882.2000,3881.8000,3881.4000,3878.4000,3886.0000,3886.2000,3887.4000,3889.8000,3892.8000,1,1,2,1,1,1,1,1,1,1
SF,IF2006,2019-12-10 09:30:11.400,3886.0000,5834,0,5826840.000,1,0,1,多换,S,3882.6000,3882.4000,3882.2000,3881.8000,3881.4000,3886.2000,3887.4000,3889.8000,3892.8000,3893.0000,1,1,1,2,1,1,1,1,1,1
SF,IF2006,2019-12-10 09:30:11.900,3886.0000,5834,0,5826840.000,0,-,-,-,-,3882.8000,3882.6000,3882.2000,3881.8000,3881.4000,3886.0000,3886.2000,3887.4000,3889.8000,3892.8000,1,1,1,2,1,1,1,1,1,1
SF,IF2006,2019-12-10 09:30:12.400,3886.0000,5834,0,5826840.000,0,-,-,-,-,3882.8000,3882.2000,3881.8000,3881.4000,3878.4000,3886.0000,3886.2000,3887.4000,3889.8000,3892.8000,1,1,2,1,1,2,1,1,1,1
SF,IF2006,2019-12-10 09:30:12.900,3886.0000,5834,0,5826840.000,0,-,-,-,-,3882.8000,3882.2000,3881.8000,3881.4000,3878.4000,3886.0000,3886.2000,3887.0000,3887.4000,3889.8000,1,1,2,1,1,2,1,1,1,1
SF,IF2006,2019-12-10 09:30:13.400,3886.0000,5834,0,5826840.000,0,-,-,-,-,3882.8000,3882.2000,3881.8000,3881.4000,3878.4000,3885.8000,3886.0000,3887.0000,3887.4000,3889.8000,1,1,2,1,1,1,2,1,1,1
SF,IF2006,2019-12-10 09:30:13.900,3886.0000,5834,0,5826840.000,0,-,-,-,-,3882.8000,3882.2000,3881.8000,3881.4000,3878.4000,3885.8000,3887.0000,3887.4000,3889.8000,3892.8000,1,1,2,1,1,1,1,1,1,1
SF,IF2006,2019-12-10 09:30:14.900,3886.0000,5834,0,5826840.000,0,-,-,-,-,3882.8000,3882.2000,3881.8000,3881.4000,3878.4000,3885.6000,3885.8000,3887.0000,3887.4000,3889.8000,1,1,2,1,1,1,1,1,1,1
SF,IF2006,2019-12-10 09:30:15.400,3886.0000,5834,0,5826840.000,0,-,-,-,-,3882.8000,3882.2000,3881.8000,3881.4000,3878.4000,3885.8000,3887.0000,3887.4000,3889.8000,3892.8000,1,1,2,1,1,1,1,1,1,1
SF,IF2006,2019-12-10 09:30:15.900,3885.8000,5834,0,6992580.000,1,0,1,多换,S,3882.8000,3882.2000,3881.8000,3881.4000,3878.4000,3885.8000,3887.0000,3887.4000,3889.8000,3892.8000,1,1,2,1,1,1,1,1,1,1
SF,IF2006,2019-12-10 09:30:16.400,3885.8000,5834,0,6992580.000,0,-,-,-,-,3882.8000,3882.2000,3881.4000,3878.4000,3878.0000,3885.8000,3887.0000,3887.4000,3889.8000,3892.8000,1,1,1,1,5,1,1,1,1,1
SF,IF2006,2019-12-10 09:30:16.900,3885.8000,5833,-1,8158320.000,1,0,1,双平,S,3882.8000,3882.2000,3881.4000,3878.4000,3878.0000,3885.6000,3887.0000,3887.4000,3889.8000,3892.8000,1,1,1,1,5,1,1,1,1,1
SF,IF2006,2019-12-10 09:30:18.400,3885.8000,5833,0,8158320.000,0,-,-,-,-,3882.8000,3882.2000,3881.4000,3878.4000,3878.0000,3885.4000,3885.6000,3887.0000,3887.4000,3889.8000,1,1,1,1,5,1,1,1,1,1
SF,IF2006,2019-12-10 09:30:18.900,3885.8000,5833,0,8158320.000,0,-,-,-,-,3883.0000,3882.8000,3882.2000,3881.4000,3878.4000,3885.4000,3885.6000,3887.0000,3887.4000,3889.8000,1,1,1,1,1,1,1,1,1,1
SF,IF2006,2019-12-10 09:30:19.400,3885.8000,5833,0,8158320.000,0,-,-,-,-,3883.2000,3883.0000,3882.2000,3881.4000,3878.4000,3885.4000,3887.0000,3887.4000,3889.8000,3892.8000,1,1,1,1,1,1,1,1,1,1
SF,IF2006,2019-12-10 09:30:19.900,3885.8000,5833,0,8158320.000,0,-,-,-,-,3883.2000,3883.0000,3882.2000,3881.4000,3878.4000,3885.4000,3885.8000,3887.0000,3887.4000,3889.8000,1,1,1,1,1,1,1,1,1,1
SF,IF2006,2019-12-10 09:30:21.400,3885.8000,5833,0,8158320.000,0,-,-,-,-,3883.2000,3883.0000,3882.2000,3881.4000,3878.4000,3885.8000,3887.0000,3887.4000,3889.8000,3892.8000,1,1,1,1,1,1,1,1,1,1
SF,IF2006,2019-12-10 09:30:22.900,3885.8000,5833,0,9324060.000,1,0,1,多换,S,3883.2000,3883.0000,3882.2000,3881.4000,3878.4000,3886.2000,3887.0000,3887.4000,3889.8000,3892.8000,1,1,1,1,1,1,1,1,1,1
SF,IF2006,2019-12-10 09:30:23.400,3885.8000,5833,0,9324060.000,0,-,-,-,-,3883.2000,3883.0000,3882.2000,3881.4000,3878.4000,3885.6000,3886.2000,3887.0000,3887.4000,3889.8000,1,1,1,1,1,1,1,1,1,1
SF,IF2006,2019-12-10 09:30:23.900,3885.8000,5833,0,9324060.000,0,-,-,-,-,3883.2000,3883.0000,3882.2000,3881.4000,3878.4000,3885.6000,3886.0000,3886.2000,3887.0000,3887.4000,1,1,1,1,1,1,1,1,1,1
SF,IF2006,2019-12-10 09:30:24.400,3885.8000,5833,0,9324060.000,0,-,-,-,-,3884.4000,3883.2000,3883.0000,3882.2000,3881.4000,3885.6000,3886.0000,3886.2000,3887.0000,3887.4000,1,1,1,1,1,1,1,1,1,1
SF,IF2006,2019-12-10 09:30:24.900,3885.8000,5833,0,9324060.000,0,-,-,-,-,3884.6000,3884.4000,3883.0000,3882.2000,3881.4000,3885.4000,3885.6000,3886.0000,3886.2000,3887.0000,1,1,1,1,1,1,1,1,1,1
SF,IF2006,2019-12-10 09:30:25.400,3884.6000,5832,-1,10489440.000,1,0,1,双平,S,3884.4000,3883.0000,3882.2000,3881.4000,3878.4000,3885.6000,3886.0000,3886.2000,3887.0000,3887.4000,1,1,1,1,1,1,1,1,1,1
SF,IF2006,2019-12-10 09:30:25.900,3884.6000,5832,0,10489440.000,0,-,-,-,-,3884.6000,3884.4000,3884.0000,3883.0000,3882.2000,3885.6000,3886.0000,3886.2000,3887.0000,3887.4000,1,1,1,1,1,1,1,1,1,1
SF,IF2006,2019-12-10 09:30:26.400,3884.6000,5832,0,10489440.000,0,-,-,-,-,3884.6000,3884.4000,3884.0000,3883.0000,3882.2000,3885.6000,3886.2000,3887.0000,3887.4000,3889.8000,1,1,1,1,1,1,1,1,1,1
SF,IF2006,2019-12-10 09:30:26.900,3884.6000,5832,0,10489440.000,0,-,-,-,-,3884.6000,3884.4000,3884.0000,3883.0000,3882.2000,3885.6000,3886.2000,3887.0000,3887.4000,3889.8000,1,1,1,1,1,1,1,1,1,1
SF,IF2006,2019-12-10 09:30:27.900,3884.6000,5832,0,10489440.000,0,-,-,-,-,3884.6000,3884.0000,3883.0000,3882.2000,3881.4000,3885.4000,3885.6000,3886.2000,3887.0000,3887.4000,1,1,1,1,1,1,1,1,1,1
SF,IF2006,2019-12-10 09:30:28.400,3884.6000,5832,0,10489440.000,0,-,-,-,-,3884.6000,3884.0000,3883.0000,3882.2000,3881.4000,3885.4000,3885.6000,3886.2000,3887.0000,3887.4000,1,1,1,1,1,1,1,1,1,1
SF,IF2006,2019-12-10 09:30:30.400,3885.6000,5830,-2,12820740.000,2,0,2,双平,S,3884.6000,3884.0000,3883.0000,3882.2000,3881.4000,3886.2000,3887.0000,3887.4000,3889.8000,3892.8000,1,1,1,1,1,1,1,1,1,1
SF,IF2006,2019-12-10 09:30:30.900,3885.6000,5830,0,12820740.000,0,-,-,-,-,3884.6000,3884.0000,3883.0000,3882.2000,3881.4000,3886.2000,3887.0000,3887.4000,3889.8000,3892.8000,1,1,1,1,1,1,1,1,1,1
SF,IF2006,2019-12-10 09:30:34.400,3886.2000,5829,-1,13986600.000,1,0,1,双平,S,3886.2000,3884.6000,3884.0000,3883.0000,3882.2000,3886.4000,3887.0000,3887.4000,3889.8000,3892.8000,1,1,1,1,1,1,1,1,1,1
SF,IF2006,2019-12-10 09:30:34.900,3886.2000,5828,-1,15152460.000,1,0,1,双平,S,3884.6000,3884.0000,3883.0000,3882.2000,3881.4000,3886.4000,3887.0000,3887.4000,3889.8000,3892.8000,1,1,1,1,1,1,1,1,1,1
SF,IF2006,2019-12-10 09:30:35.400,3886.2000,5828,0,15152460.000,0,-,-,-,-,3884.6000,3884.0000,3883.0000,3882.2000,3881.4000,3886.2000,3886.4000,3887.0000,3887.4000,3889.8000,1,1,1,1,1,1,1,1,1,1
SF,IF2006,2019-12-10 09:30:35.900,3886.2000,5828,0,15152460.000,0,-,-,-,-,3884.6000,3884.0000,3883.0000,3882.2000,3881.4000,3886.4000,3887.0000,3887.4000,3889.8000,3892.8000,1,1,1,1,1,1,1,1,1,1
SF,IF2006,2019-12-10 09:30:36.400,3886.2000,5828,0,15152460.000,0,-,-,-,-,3884.8000,3884.6000,3884.0000,3883.0000,3882.2000,3886.4000,3887.0000,3887.4000,3889.8000,3892.8000,1,1,2,1,1,1,1,1,1,1
SF,IF2006,2019-12-10 09:30:36.900,3886.2000,5828,0,15152460.000,0,-,-,-,-,3885.0000,3884.8000,3884.0000,3883.0000,3882.2000,3886.4000,3887.0000,3887.4000,3889.8000,3892.8000,1,1,2,1,1,1,1,1,1,1
SF,IF2006,2019-12-10 09:30:39.400,3886.2000,5828,0,15152460.000,0,-,-,-,-,3885.0000,3884.8000,3884.0000,3883.0000,3882.2000,3886.4000,3887.0000,3887.4000,3889.8000,3892.8000,1,1,1,1,1,1,1,1,1,1
SF,IF2006,2019-12-10 09:30:40.400,3885.0000,5828,0,16317960.000,1,0,1,多换,S,3884.8000,3884.0000,3883.0000,3882.2000,3881.4000,3886.4000,3887.0000,3887.4000,3889.8000,3892.8000,1,1,1,1,1,1,1,1,1,1
SF,IF2006,2019-12-10 09:30:40.900,3885.0000,5828,0,16317960.000,0,-,-,-,-,3885.0000,3884.8000,3884.0000,3883.0000,3882.2000,3886.4000,3887.0000,3887.4000,3889.8000,3892.8000,1,1,1,1,1,1,1,1,1,1
SF,IF2006,2019-12-10 09:30:41.400,3885.0000,5828,0,16317960.000,0,-,-,-,-,3885.0000,3884.8000,3884.0000,3883.0000,3882.2000,3886.2000,3886.4000,3887.0000,3887.4000,3889.8000,1,1,1,1,1,1,1,1,1,1
SF,IF2006,2019-12-10 09:30:41.900,3885.0000,5828,0,16317960.000,0,-,-,-,-,3885.0000,3884.8000,3884.0000,3883.0000,3882.2000,3886.2000,3886.4000,3887.0000,3889.8000,3892.8000,1,1,1,1,1,1,1,1,1,1
SF,IF2006,2019-12-10 09:30:42.400,3885.0000,5828,0,16317960.000,0,-,-,-,-,3885.0000,3884.0000,3883.0000,3882.2000,3881.4000,3886.2000,3886.4000,3887.0000,3889.8000,3892.8000,1,1,1,1,1,1,1,1,1,1
SF,IF2006,2019-12-10 09:30:44.900,3885.0000,5828,0,17483460.000,1,0,1,多换,S,3884.0000,3883.0000,3882.2000,3881.4000,3878.4000,3886.2000,3886.4000,3887.0000,3889.8000,3892.8000,1,1,1,1,1,1,1,1,1,1
SF,IF2006,2019-12-10 09:30:45.400,3885.0000,5828,0,17483460.000,0,-,-,-,-,3884.2000,3884.0000,3883.0000,3882.2000,3881.4000,3886.2000,3886.4000,3887.0000,3889.8000,3892.8000,1,1,1,1,1,1,1,1,1,1
SF,IF2006,2019-12-10 09:30:45.900,3885.0000,5828,0,17483460.000,0,-,-,-,-,3884.6000,3884.2000,3884.0000,3883.0000,3882.2000,3886.2000,3886.4000,3887.0000,3889.8000,3892.8000,1,1,1,1,1,1,1,1,1,1
SF,IF2006,2019-12-10 09:30:46.400,3885.0000,5828,0,17483460.000,0,-,-,-,-,3884.8000,3884.6000,3884.0000,3883.0000,3882.2000,3886.2000,3886.4000,3887.0000,3889.8000,3892.8000,1,1,1,1,1,1,1,1,1,1
SF,IF2006,2019-12-10 09:30:46.900,3885.0000,5828,0,17483460.000,0,-,-,-,-,3884.8000,3884.0000,3883.0000,3882.2000,3881.4000,3886.2000,3886.4000,3887.0000,3889.8000,3892.8000,1,1,1,1,1,1,1,1,1,1
SF,IF2006,2019-12-10 09:30:47.900,3885.0000,5828,0,17483460.000,0,-,-,-,-,3884.8000,3884.0000,3883.6000,3883.0000,3882.2000,3886.2000,3886.4000,3887.0000,3889.8000,3892.8000,1,1,1,1,1,1,1,1,1,1
SF,IF2006,2019-12-10 09:30:48.400,3885.0000,5828,0,17483460.000,0,-,-,-,-,3884.0000,3883.6000,3883.0000,3882.2000,3881.4000,3886.0000,3886.2000,3886.4000,3887.0000,3889.8000,1,1,1,1,1,1,1,1,1,1
SF,IF2006,2019-12-10 09:30:48.900,3885.0000,5828,0,17483460.000,0,-,-,-,-,3884.2000,3884.0000,3883.6000,3883.0000,3882.2000,3886.2000,3886.4000,3887.0000,3889.8000,3892.8000,1,1,1,1,1,1,1,1,1,1
SF,IF2006,2019-12-10 09:30:49.400,3885.0000,5828,0,17483460.000,0,-,-,-,-,3885.0000,3884.2000,3884.0000,3883.6000,3883.0000,3886.2000,3886.4000,3887.0000,3889.8000,3892.8000,1,1,1,1,1,1,1,1,1,1
SF,IF2006,2019-12-10 09:30:49.900,3885.0000,5828,0,17483460.000,0,-,-,-,-,3885.0000,3884.6000,3884.2000,3884.0000,3883.6000,3886.2000,3886.4000,3887.0000,3889.8000,3892.8000,1,1,1,1,1,1,1,1,1,1
SF,IF2006,2019-12-10 09:30:50.400,3885.0000,5828,0,17483460.000,0,-,-,-,-,3885.0000,3884.6000,3884.2000,3884.0000,3883.6000,3886.0000,3886.2000,3886.4000,3887.0000,3889.8000,1,1,1,1,1,1,1,1,1,1
SF,IF2006,2019-12-10 09:30:50.900,3885.0000,5829,1,18648960.000,1,1,0,双开,S,3884.6000,3884.2000,3884.0000,3883.6000,3883.0000,3885.8000,3886.0000,3886.2000,3886.4000,3887.0000,1,1,1,1,1,1,1,1,1,1
SF,IF2006,2019-12-10 09:30:51.400,3885.8000,5829,0,19814700.000,1,0,1,多换,S,3884.8000,3884.0000,3883.6000,3883.0000,3882.2000,3886.0000,3886.2000,3886.4000,3887.0000,3889.8000,1,1,1,1,1,1,1,1,1,1
SF,IF2006,2019-12-10 09:30:51.900,3885.8000,5829,0,19814700.000,0,-,-,-,-,3884.8000,3884.0000,3883.6000,3883.0000,3882.2000,3886.4000,3887.0000,3889.8000,3892.8000,3893.0000,1,1,1,1,1,1,1,1,1,1
SF,IF2006,2019-12-10 09:30:52.400,3885.8000,5829,0,19814700.000,0,-,-,-,-,3886.0000,3884.8000,3884.0000,3883.6000,3883.2000,3886.4000,3887.0000,3889.8000,3892.8000,3893.0000,2,1,1,1,1,1,1,1,1,1
SF,IF2006,2019-12-10 09:30:52.900,3886.0000,5828,-1,22146300.000,2,0,2,多平,S,3884.8000,3884.0000,3883.6000,3883.2000,3883.0000,3886.0000,3886.4000,3887.0000,3889.8000,3892.8000,1,1,1,1,1,2,1,1,1,1
SF,IF2006,2019-12-10 09:30:53.900,3884.8000,5828,0,23311740.000,1,0,1,多换,S,3884.0000,3883.6000,3883.2000,3883.0000,3882.2000,3886.4000,3887.0000,3889.8000,3892.8000,3893.0000,1,1,1,1,1,1,1,1,1,1
SF,IF2006,2019-12-10 09:30:54.400,3884.8000,5828,0,23311740.000,0,-,-,-,-,3884.2000,3884.0000,3883.6000,3883.2000,3883.0000,3886.2000,3886.4000,3887.0000,3889.8000,3892.8000,1,1,1,1,1,1,1,1,1,1
SF,IF2006,2019-12-10 09:30:54.900,3884.8000,5828,0,23311740.000,0,-,-,-,-,3884.6000,3884.2000,3884.0000,3883.6000,3883.2000,3886.2000,3886.4000,3887.0000,3889.8000,3892.8000,1,1,1,1,1,1,1,1,1,1
SF,IF2006,2019-12-10 09:30:55.400,3884.8000,5828,0,23311740.000,0,-,-,-,-,3884.8000,3884.6000,3884.0000,3883.6000,3883.2000,3886.0000,3886.4000,3886.6000,3887.0000,3889.8000,1,1,1,1,1,1,1,1,1,1
SF,IF2006,2019-12-10 09:30:56.400,3884.8000,5828,0,23311740.000,0,-,-,-,-,3884.8000,3884.6000,3884.0000,3883.6000,3883.2000,3886.4000,3886.6000,3887.0000,3889.8000,3892.8000,1,1,1,1,1,1,1,1,1,1
SF,IF2006,2019-12-10 09:30:56.900,3884.8000,5828,0,24477180.000,1,0,1,多换,S,3884.6000,3884.0000,3883.6000,3883.2000,3883.0000,3886.2000,3886.4000,3886.6000,3887.0000,3889.8000,1,1,1,1,1,1,1,1,1,1
SF,IF2006,2019-12-10 09:30:57.400,3884.8000,5828,0,24477180.000,0,-,-,-,-,3884.6000,3884.0000,3883.6000,3883.2000,3883.0000,3886.0000,3886.2000,3886.4000,3886.6000,3887.0000,1,1,1,1,1,1,1,1,1,1
SF,IF2006,2019-12-10 09:30:57.900,3884.8000,5828,0,24477180.000,0,-,-,-,-,3884.8000,3884.6000,3884.0000,3883.6000,3883.2000,3886.0000,3886.2000,3886.4000,3887.0000,3889.8000,1,1,1,1,1,1,1,1,1,1
SF,IF2006,2019-12-10 09:30:58.400,3884.8000,5828,0,24477180.000,0,-,-,-,-,3884.8000,3884.6000,3884.0000,3883.6000,3883.2000,3885.8000,3886.2000,3886.4000,3887.0000,3889.8000,2,1,1,1,1,1,1,1,1,1
SF,IF2006,2019-12-10 09:30:58.900,3884.8000,5828,0,24477180.000,0,-,-,-,-,3884.8000,3884.6000,3884.0000,3883.6000,3883.2000,3885.8000,3886.0000,3886.2000,3886.4000,3887.0000,2,1,1,1,1,1,1,1,1,1
SF,IF2006,2019-12-10 09:30:59.900,3884.8000,5828,0,24477180.000,0,-,-,-,-,3885.0000,3884.8000,3884.6000,3884.0000,3883.6000,3886.0000,3886.4000,3887.0000,3889.8000,3892.8000,1,2,1,1,1,1,1,1,1,1
SF,IF2006,2019-12-10 09:31:00.400,3886.4000,5826,-2,26808900.000,2,0,2,双平,S,3886.4000,3886.0000,3885.0000,3884.8000,3884.6000,3887.0000,3889.8000,3892.8000,3893.0000,3896.0000,1,1,1,2,1,1,1,1,1,5
SF,IF2006,2019-12-10 09:31:00.900,3886.0000,5825,-1,29140620.000,2,0,2,多平,S,3885.0000,3884.8000,3884.0000,3883.6000,3883.2000,3887.0000,3887.4000,3889.8000,3892.8000,3893.0000,1,2,1,1,1,1,1,1,1,1
SF,IF2006,2019-12-10 09:31:01.400,3886.0000,5825,0,29140620.000,0,-,-,-,-,3885.2000,3885.0000,3884.8000,3884.0000,3883.6000,3886.8000,3887.0000,3889.8000,3892.8000,3893.0000,1,1,1,1,1,2,1,1,1,1
SF,IF2006,2019-12-10 09:31:01.900,3886.0000,5825,0,29140620.000,0,-,-,-,-,3885.2000,3885.0000,3884.8000,3884.0000,3883.6000,3886.8000,3887.0000,3889.8000,3892.8000,3893.0000,1,1,1,1,1,3,1,1,1,1
SF,IF2006,2019-12-10 09:31:02.400,3886.0000,5825,0,29140620.000,0,-,-,-,-,3885.0000,3884.0000,3883.6000,3883.2000,3883.0000,3886.8000,3887.0000,3889.8000,3892.8000,3893.0000,1,1,1,1,1,3,1,1,1,1
SF,IF2006,2019-12-10 09:31:02.900,3886.0000,5825,0,29140620.000,0,-,-,-,-,3885.0000,3884.0000,3883.6000,3883.2000,3883.0000,3886.6000,3886.8000,3887.0000,3889.8000,3892.8000,1,1,1,1,1,1,3,1,1,1
SF,IF2006,2019-12-10 09:31:03.400,3885.0000,5825,0,30306120.000,1,0,1,多换,S,3884.0000,3883.6000,3883.2000,3883.0000,3882.2000,3886.4000,3886.6000,3886.8000,3887.0000,3889.8000,1,1,1,1,1,2,1,1,1,1
SF,IF2006,2019-12-10 09:31:03.900,3885.0000,5825,0,30306120.000,0,-,-,-,-,3884.2000,3884.0000,3883.6000,3883.2000,3883.0000,3886.2000,3886.4000,3886.6000,3886.8000,3887.0000,1,1,1,1,1,2,2,1,1,1
SF,IF2006,2019-12-10 09:31:04.400,3885.0000,5825,0,30306120.000,0,-,-,-,-,3884.0000,3883.6000,3883.2000,3883.0000,3882.2000,3886.0000,3886.2000,3886.4000,3886.6000,3886.8000,1,1,1,1,1,2,2,1,1,1
SF,IF2006,2019-12-10 09:31:04.900,3885.0000,5825,0,30306120.000,0,-,-,-,-,3884.2000,3884.0000,3883.6000,3883.2000,3883.0000,3885.0000,3886.0000,3886.2000,3886.4000,3886.8000,1,1,1,2,1,1,2,2,1,1
SF,IF2006,2019-12-10 09:31:05.400,3885.0000,5825,0,31471620.000,1,0,1,多换,S,3884.2000,3884.0000,3883.6000,3883.2000,3883.0000,3886.0000,3886.2000,3886.4000,3886.8000,3887.0000,1,1,1,2,1,2,2,1,1,1
SF,IF2006,2019-12-10 09:31:05.900,3885.0000,5825,0,31471620.000,0,-,-,-,-,3885.0000,3884.2000,3884.0000,3883.6000,3883.2000,3886.0000,3886.2000,3886.4000,3886.8000,3887.0000,1,1,1,1,2,2,2,1,1,1
SF,IF2006,2019-12-10 09:31:06.400,3885.0000,5825,0,31471620.000,0,-,-,-,-,3885.0000,3884.0000,3883.6000,3883.2000,3883.0000,3886.0000,3886.2000,3886.4000,3886.8000,3887.0000,1,1,1,2,1,2,1,1,1,1
SF,IF2006,2019-12-10 09:31:06.900,3885.0000,5824,-1,32637120.000,1,0,1,双平,S,3884.0000,3883.6000,3883.2000,3883.0000,3882.2000,3885.8000,3886.0000,3886.2000,3886.4000,3886.8000,1,1,2,1,1,1,2,1,1,1
SF,IF2006,2019-12-10 09:31:07.400,3885.0000,5824,0,32637120.000,0,-,-,-,-,3884.0000,3883.6000,3883.2000,3883.0000,3882.2000,3885.6000,3885.8000,3886.0000,3886.4000,3886.8000,1,1,2,1,1,2,1,1,1,2
SF,IF2006,2019-12-10 09:31:08.400,3885.0000,5824,0,32637120.000,0,-,-,-,-,3884.0000,3883.6000,3883.2000,3883.0000,3882.2000,3885.6000,3885.8000,3886.0000,3886.4000,3886.8000,1,1,1,1,1,2,1,1,1,2
SF,IF2006,2019-12-10 09:31:08.900,3884.2000,5824,0,33802380.000,1,0,1,多换,S,3884.0000,3883.6000,3883.2000,3883.0000,3882.2000,3885.6000,3885.8000,3886.0000,3886.4000,3886.8000,1,1,1,1,1,2,1,1,1,2
SF,IF2006,2019-12-10 09:31:09.400,3884.2000,5824,0,33802380.000,0,-,-,-,-,3884.2000,3884.0000,3883.6000,3883.2000,3883.0000,3885.6000,3885.8000,3886.0000,3886.4000,3886.8000,1,2,1,1,1,2,1,1,1,2
SF,IF2006,2019-12-10 09:31:09.900,3885.6000,5823,-1,36133740.000,2,0,2,多平,S,3884.2000,3884.0000,3883.6000,3883.2000,3883.0000,3885.8000,3886.0000,3886.4000,3886.8000,3887.0000,1,2,1,1,1,1,1,1,2,1
SF,IF2006,2019-12-10 09:31:10.400,3885.8000,5822,-1,37299480.000,1,0,1,双平,S,3884.2000,3884.0000,3883.6000,3883.2000,3883.0000,3886.4000,3886.8000,3887.0000,3889.8000,3892.8000,1,2,1,1,1,1,2,1,1,1
SF,IF2006,2019-12-10 09:31:11.400,3885.8000,5822,0,37299480.000,0,-,-,-,-,3884.2000,3884.0000,3883.6000,3883.2000,3883.0000,3886.4000,3886.8000,3887.0000,3889.8000,3892.8000,1,2,1,1,2,1,2,1,1,1
SF,IF2006,2019-12-10 09:31:11.900,3885.8000,5822,0,37299480.000,0,-,-,-,-,3884.2000,3884.0000,3883.6000,3883.2000,3883.0000,3886.2000,3886.4000,3886.8000,3887.0000,3889.8000,1,1,1,1,2,1,1,2,1,1
SF,IF2006,2019-12-10 09:31:12.900,3885.8000,5822,0,37299480.000,0,-,-,-,-,3884.6000,3884.2000,3884.0000,3883.6000,3883.2000,3886.2000,3886.4000,3886.8000,3887.0000,3889.8000,1,1,1,1,1,1,1,2,1,1
SF,IF2006,2019-12-10 09:31:13.400,3885.8000,5822,0,37299480.000,0,-,-,-,-,3884.8000,3884.0000,3883.6000,3883.2000,3883.0000,3886.0000,3886.4000,3886.8000,3887.0000,3889.8000,1,1,1,1,2,1,1,2,1,1
SF,IF2006,2019-12-10 09:31:13.900,3885.8000,5822,0,37299480.000,0,-,-,-,-,3884.8000,3884.0000,3883.6000,3883.2000,3883.0000,3886.0000,3886.4000,3886.8000,3887.0000,3889.8000,1,1,1,1,2,1,1,2,1,1
SF,IF2006,2019-12-10 09:31:14.400,3885.8000,5822,0,37299480.000,0,-,-,-,-,3884.8000,3884.0000,3883.6000,3883.2000,3883.0000,3886.4000,3886.8000,3887.0000,3889.8000,3892.8000,1,1,1,1,2,1,2,1,1,1
SF,IF2006,2019-12-10 09:31:14.900,3885.8000,5822,0,37299480.000,0,-,-,-,-,3884.8000,3884.0000,3883.6000,3883.2000,3883.0000,3886.2000,3886.4000,3886.8000,3887.0000,3889.8000,1,1,1,1,2,1,1,2,1,1
SF,IF2006,2019-12-10 09:31:15.400,3885.8000,5822,0,37299480.000,0,-,-,-,-,3884.8000,3884.0000,3883.6000,3883.2000,3883.0000,3886.2000,3886.4000,3886.8000,3887.0000,3889.8000,1,1,1,1,2,1,1,2,1,1
SF,IF2006,2019-12-10 09:31:15.900,3885.8000,5822,0,37299480.000,0,-,-,-,-,3884.8000,3884.6000,3884.0000,3883.6000,3883.2000,3886.4000,3886.8000,3887.0000,3889.8000,3892.8000,1,1,1,1,1,1,2,1,1,1
SF,IF2006,2019-12-10 09:31:17.400,3885.8000,5822,0,37299480.000,0,-,-,-,-,3884.8000,3884.6000,3884.0000,3883.6000,3883.2000,3886.4000,3886.8000,3887.0000,3889.8000,3892.8000,1,1,1,1,1,1,2,1,1,1
SF,IF2006,2019-12-10 09:31:18.900,3885.8000,5822,0,37299480.000,0,-,-,-,-,3884.8000,3884.6000,3884.0000,3883.6000,3883.2000,3886.4000,3886.8000,3887.0000,3889.8000,3892.8000,1,1,1,1,1,1,2,1,1,1
SF,IF2006,2019-12-10 09:31:21.400,3885.8000,5822,0,37299480.000,0,-,-,-,-,3885.0000,3884.8000,3884.6000,3884.0000,3883.6000,3886.4000,3886.8000,3887.0000,3889.8000,3892.8000,1,1,1,1,1,1,2,1,1,1
SF,IF2006,2019-12-10 09:31:21.900,3885.8000,5822,0,37299480.000,0,-,-,-,-,3885.2000,3885.0000,3884.6000,3884.0000,3883.6000,3886.4000,3886.8000,3887.0000,3889.8000,3892.8000,1,1,1,1,1,1,2,1,1,1
SF,IF2006,2019-12-10 09:31:22.900,3885.8000,5822,0,37299480.000,0,-,-,-,-,3885.2000,3884.6000,3884.0000,3883.6000,3883.2000,3886.4000,3886.8000,3887.0000,3889.8000,3892.8000,1,1,1,1,1,1,2,1,1,1
SF,IF2006,2019-12-10 09:31:25.400,3886.4000,5821,-1,39630960.000,2,0,2,多平,S,3884.0000,3883.6000,3883.2000,3883.0000,3882.2000,3886.8000,3887.0000,3889.8000,3892.8000,3893.0000,1,1,1,2,1,2,1,1,1,1
SF,IF2006,2019-12-10 09:31:25.900,3886.4000,5821,0,39630960.000,0,-,-,-,-,3884.2000,3884.0000,3883.6000,3883.2000,3883.0000,3886.8000,3887.0000,3889.8000,3892.8000,3893.0000,1,1,1,1,2,2,1,1,1,1
SF,IF2006,2019-12-10 09:31:26.400,3886.4000,5821,0,39630960.000,0,-,-,-,-,3884.2000,3884.0000,3883.6000,3883.2000,3883.0000,3886.6000,3886.8000,3887.0000,3889.8000,3892.8000,1,1,1,1,2,1,2,1,1,1
SF,IF2006,2019-12-10 09:31:26.900,3886.4000,5821,0,39630960.000,0,-,-,-,-,3884.2000,3884.0000,3883.6000,3883.2000,3883.0000,3886.4000,3886.6000,3886.8000,3887.0000,3889.8000,1,1,1,1,2,1,1,2,1,1
SF,IF2006,2019-12-10 09:31:27.400,3886.4000,5821,0,39630960.000,0,-,-,-,-,3884.2000,3884.0000,3883.6000,3883.2000,3883.0000,3886.2000,3886.4000,3886.8000,3887.0000,3889.8000,1,1,1,1,2,1,1,2,1,1
SF,IF2006,2019-12-10 09:31:27.900,3884.4000,5820,-1,40796280.000,1,0,1,双平,S,3884.2000,3884.0000,3883.6000,3883.2000,3883.0000,3886.4000,3886.8000,3887.0000,3889.8000,3892.8000,1,1,1,1,2,1,2,1,1,1
SF,IF2006,2019-12-10 09:31:28.400,3884.4000,5820,0,40796280.000,0,-,-,-,-,3884.8000,3884.2000,3884.0000,3883.6000,3883.2000,3886.2000,3886.4000,3886.8000,3887.0000,3889.8000,1,1,1,1,1,1,1,2,1,1
SF,IF2006,2019-12-10 09:31:28.900,3884.4000,5820,0,40796280.000,0,-,-,-,-,3885.0000,3884.8000,3884.0000,3883.6000,3883.2000,3886.4000,3886.8000,3887.0000,3889.8000,3892.8000,1,1,1,1,1,1,2,1,1,1
SF,IF2006,2019-12-10 09:31:29.400,3884.4000,5820,0,40796280.000,0,-,-,-,-,3885.0000,3884.8000,3884.0000,3883.6000,3883.2000,3886.4000,3886.8000,3887.0000,3889.8000,3892.8000,1,1,1,1,1,1,2,1,1,1
SF,IF2006,2019-12-10 09:31:31.400,3884.4000,5820,0,40796280.000,0,-,-,-,-,3885.2000,3885.0000,3884.0000,3883.6000,3883.2000,3886.4000,3886.8000,3887.0000,3889.8000,3892.8000,1,1,1,1,1,1,2,1,1,1
SF,IF2006,2019-12-10 09:31:32.900,3884.4000,5820,0,40796280.000,0,-,-,-,-,3885.2000,3885.0000,3884.0000,3883.6000,3883.2000,3886.4000,3886.8000,3887.0000,3889.8000,3892.8000,1,3,1,1,1,1,2,1,1,1
SF,IF2006,2019-12-10 09:31:33.400,3884.4000,5820,0,40796280.000,0,-,-,-,-,3885.2000,3885.0000,3884.0000,3883.6000,3883.2000,3886.2000,3886.4000,3886.8000,3887.0000,3889.8000,1,2,1,1,1,1,1,2,1,1
SF,IF2006,2019-12-10 09:31:33.900,3884.4000,5820,0,40796280.000,0,-,-,-,-,3885.0000,3884.0000,3883.6000,3883.2000,3883.0000,3886.2000,3886.4000,3886.8000,3887.0000,3889.8000,2,1,1,1,2,1,1,2,1,1
SF,IF2006,2019-12-10 09:31:34.400,3884.4000,5820,0,40796280.000,0,-,-,-,-,3885.0000,3884.0000,3883.6000,3883.2000,3883.0000,3886.2000,3886.4000,3886.8000,3887.0000,3889.8000,2,1,1,1,2,1,1,2,1,1
SF,IF2006,2019-12-10 09:31:34.900,3884.4000,5820,0,40796280.000,0,-,-,-,-,3885.2000,3885.0000,3884.0000,3883.6000,3883.2000,3886.4000,3886.8000,3887.0000,3889.8000,3892.8000,1,2,1,1,1,1,2,1,1,1
SF,IF2006,2019-12-10 09:31:35.400,3884.4000,5820,0,40796280.000,0,-,-,-,-,3885.0000,3884.0000,3883.6000,3883.2000,3883.0000,3885.2000,3886.4000,3886.8000,3887.0000,3889.8000,2,1,1,1,2,1,1,2,1,1
SF,IF2006,2019-12-10 09:31:35.900,3885.2000,5820,0,41961840.000,1,0,1,多换,S,3885.0000,3884.0000,3883.6000,3883.2000,3883.0000,3886.4000,3886.8000,3887.0000,3889.8000,3892.8000,2,1,1,1,2,1,2,1,1,1
SF,IF2006,2019-12-10 09:31:36.400,3885.2000,5820,0,41961840.000,0,-,-,-,-,3885.0000,3884.0000,3883.6000,3883.2000,3883.0000,3886.4000,3886.8000,3887.0000,3889.8000,3892.8000,2,1,1,1,2,1,2,1,1,1
SF,IF2006,2019-12-10 09:31:37.900,3885.2000,5820,0,41961840.000,0,-,-,-,-,3885.2000,3885.0000,3884.0000,3883.6000,3883.2000,3886.4000,3886.8000,3887.0000,3889.8000,3892.8000,1,2,1,1,1,1,2,1,1,1
SF,IF2006,2019-12-10 09:31:38.400,3886.4000,5820,0,43127760.000,1,0,1,多换,S,3885.2000,3885.0000,3884.0000,3883.6000,3883.2000,3886.8000,3887.0000,3889.8000,3892.8000,3893.0000,1,2,1,1,1,2,1,1,1,1
SF,IF2006,2019-12-10 09:31:38.900,3886.4000,5820,0,43127760.000,0,-,-,-,-,3885.2000,3885.0000,3884.4000,3884.0000,3883.6000,3886.6000,3886.8000,3887.0000,3889.8000,3892.8000,1,2,1,1,1,1,2,1,1,1
SF,IF2006,2019-12-10 09:31:41.400,3885.2000,5820,0,44293320.000,1,0,1,多换,S,3885.0000,3884.4000,3884.0000,3883.6000,3883.2000,3886.6000,3886.8000,3887.0000,3889.8000,3892.8000,3,1,1,1,1,1,1,1,1,1
SF,IF2006,2019-12-10 09:31:41.900,3885.2000,5820,0,44293320.000,0,-,-,-,-,3885.2000,3885.0000,3884.4000,3884.0000,3883.6000,3886.6000,3886.8000,3887.0000,3889.8000,3892.8000,2,3,1,1,1,1,1,1,1,1
SF,IF2006,2019-12-10 09:31:42.400,3885.2000,5820,0,44293320.000,0,-,-,-,-,3885.2000,3885.0000,3884.4000,3884.0000,3883.6000,3886.6000,3886.8000,3887.0000,3889.8000,3892.8000,1,3,1,1,1,1,1,1,1,1
SF,IF2006,2019-12-10 09:31:45.900,3885.2000,5820,0,44293320.000,0,-,-,-,-,3885.2000,3885.0000,3884.4000,3884.0000,3883.6000,3886.6000,3886.8000,3887.0000,3889.8000,3892.8000,1,3,1,1,1,1,1,1,1,1
SF,IF2006,2019-12-10 09:31:46.900,3885.2000,5819,-1,45458880.000,1,0,1,双平,S,3885.0000,3884.4000,3884.0000,3883.6000,3883.2000,3885.2000,3886.6000,3886.8000,3887.0000,3889.8000,3,1,1,1,1,8,1,1,1,1
SF,IF2006,2019-12-10 09:31:47.400,3885.2000,5813,-6,53617800.000,7,0,7,多平,S,3885.0000,3884.4000,3884.0000,3883.6000,3883.2000,3885.2000,3886.8000,3887.0000,3889.8000,3892.8000,3,1,1,1,1,1,1,1,1,1
SF,IF2006,2019-12-10 09:31:53.900,3885.2000,5813,0,53617800.000,0,-,-,-,-,3885.0000,3884.4000,3884.0000,3883.6000,3883.2000,3885.2000,3886.8000,3887.0000,3889.8000,3890.0000,3,1,1,1,1,1,1,1,1,1
SF,IF2006,2019-12-10 09:31:54.400,3885.0000,5815,2,58279860.000,4,3,1,空开,S,3884.4000,3884.0000,3883.6000,3883.2000,3883.0000,3885.0000,3886.8000,3887.0000,3889.8000,3890.0000,1,1,1,1,1,6,1,1,1,1
SF,IF2006,2019-12-10 09:31:54.900,3885.0000,5815,0,60610860.000,2,1,1,多换,S,3884.6000,3884.4000,3884.0000,3883.6000,3883.2000,3885.0000,3886.8000,3887.0000,3889.8000,3890.0000,1,1,1,1,1,4,1,1,1,1
SF,IF2006,2019-12-10 09:31:55.400,3885.0000,5815,0,60610860.000,0,-,-,-,-,3884.4000,3884.0000,3883.6000,3883.2000,3883.0000,3885.0000,3886.8000,3887.0000,3889.8000,3890.0000,1,1,1,1,1,4,1,1,1,1
SF,IF2006,2019-12-10 09:31:55.900,3885.0000,5815,0,60610860.000,0,-,-,-,-,3884.8000,3884.6000,3884.4000,3884.0000,3883.6000,3885.0000,3886.8000,3887.0000,3889.8000,3890.0000,1,2,1,1,1,4,1,1,1,1
SF,IF2006,2019-12-10 09:31:57.400,3885.0000,5815,0,60610860.000,0,-,-,-,-,3884.6000,3884.4000,3884.0000,3883.6000,3883.2000,3885.0000,3886.8000,3887.0000,3889.8000,3890.0000,2,1,1,1,1,4,1,1,1,1
SF,IF2006,2019-12-10 09:31:57.900,3885.0000,5815,0,60610860.000,0,-,-,-,-,3884.4000,3884.0000,3883.6000,3883.2000,3883.0000,3885.0000,3886.8000,3887.0000,3889.8000,3890.0000,1,1,1,1,1,4,1,1,1,1
SF,IF2006,2019-12-10 09:31:58.900,3885.0000,5815,0,60610860.000,0,-,-,-,-,3884.4000,3884.0000,3883.6000,3883.2000,3883.0000,3884.8000,3885.0000,3886.8000,3887.0000,3889.8000,1,1,1,1,1,2,4,1,1,1
SF,IF2006,2019-12-10 09:31:59.900,3884.4000,5814,-1,61776180.000,1,0,1,双平,S,3884.0000,3883.6000,3883.2000,3883.0000,3881.4000,3884.8000,3885.0000,3886.8000,3887.0000,3889.8000,1,1,1,1,1,2,4,1,1,1
SF,IF2006,2019-12-10 09:32:01.400,3884.0000,5813,-1,62941380.000,1,0,1,双平,S,3883.6000,3883.2000,3883.0000,3881.4000,3878.4000,3884.6000,3885.0000,3886.8000,3887.0000,3889.8000,1,1,1,1,1,2,4,1,1,1
SF,IF2006,2019-12-10 09:32:04.900,3884.6000,5812,-1,64106760.000,1,0,1,双平,S,3883.6000,3883.2000,3883.0000,3881.4000,3878.4000,3884.6000,3885.0000,3886.8000,3887.0000,3889.8000,1,1,1,1,1,1,4,1,1,1
SF,IF2006,2019-12-10 09:32:05.900,3884.6000,5812,0,64106760.000,0,-,-,-,-,3883.6000,3883.2000,3883.0000,3881.4000,3878.4000,3885.0000,3886.8000,3887.0000,3889.8000,3890.0000,1,1,1,1,1,4,1,1,1,1
SF,IF2006,2019-12-10 09:32:06.400,3884.6000,5812,0,64106760.000,0,-,-,-,-,3883.6000,3883.2000,3883.0000,3881.4000,3878.4000,3884.8000,3885.0000,3886.8000,3887.0000,3889.8000,1,1,1,1,1,1,4,1,1,1
SF,IF2006,2019-12-10 09:32:10.400,3884.6000,5812,0,64106760.000,0,-,-,-,-,3884.2000,3883.6000,3883.2000,3883.0000,3881.4000,3884.8000,3885.0000,3886.8000,3887.0000,3889.8000,4,2,1,1,1,1,4,1,1,1
SF,IF2006,2019-12-10 09:32:10.900,3885.0000,5812,0,66437760.000,2,1,1,多换,S,3884.2000,3883.6000,3883.2000,3883.0000,3881.4000,3885.0000,3886.8000,3887.0000,3889.8000,3890.0000,4,2,1,1,1,2,1,1,1,1
SF,IF2006,2019-12-10 09:32:11.900,3885.0000,5812,0,66437760.000,0,-,-,-,-,3884.2000,3883.6000,3883.2000,3883.0000,3881.4000,3885.0000,3886.8000,3887.0000,3889.8000,3890.0000,4,1,1,1,1,2,1,1,1,1
SF,IF2006,2019-12-10 09:32:13.900,3885.0000,5812,0,66437760.000,0,-,-,-,-,3884.2000,3883.6000,3883.2000,3883.0000,3881.4000,3885.0000,3886.8000,3887.0000,3889.8000,3890.0000,4,1,1,1,1,2,1,1,1,1
SF,IF2006,2019-12-10 09:32:14.400,3885.0000,5812,0,66437760.000,0,-,-,-,-,3884.2000,3883.6000,3883.2000,3883.0000,3881.4000,3885.0000,3886.8000,3887.0000,3889.8000,3890.0000,4,1,1,1,1,2,1,1,1,1
SF,IF2006,2019-12-10 09:32:16.400,3885.0000,5813,1,67603260.000,1,1,0,双开,S,3884.2000,3883.6000,3883.2000,3883.0000,3881.4000,3885.0000,3886.8000,3887.0000,3889.8000,3890.0000,4,1,1,1,1,1,1,1,1,1
SF,IF2006,2019-12-10 09:32:16.900,3885.0000,5813,0,67603260.000,0,-,-,-,-,3884.6000,3884.2000,3883.6000,3883.2000,3883.0000,3885.0000,3886.8000,3887.0000,3889.8000,3890.0000,1,4,1,1,1,1,1,1,1,1
SF,IF2006,2019-12-10 09:32:17.400,3885.0000,5813,0,68768760.000,1,0,1,多换,S,3884.6000,3884.2000,3883.6000,3883.2000,3883.0000,3886.8000,3887.0000,3889.8000,3890.0000,3892.0000,1,4,1,1,1,1,1,1,1,1
SF,IF2006,2019-12-10 09:32:17.900,3885.0000,5813,0,68768760.000,0,-,-,-,-,3885.0000,3884.6000,3884.2000,3883.6000,3883.2000,3886.6000,3886.8000,3887.0000,3889.8000,3890.0000,1,1,4,1,1,2,1,1,1,1
SF,IF2006,2019-12-10 09:32:18.400,3885.0000,5813,0,68768760.000,0,-,-,-,-,3885.0000,3884.6000,3884.2000,3883.6000,3883.2000,3886.4000,3886.6000,3886.8000,3887.0000,3889.8000,1,1,4,1,1,1,1,1,1,1
SF,IF2006,2019-12-10 09:32:18.900,3885.0000,5813,0,68768760.000,0,-,-,-,-,3885.0000,3884.6000,3884.2000,3883.6000,3883.2000,3886.2000,3886.8000,3887.0000,3889.8000,3890.0000,1,1,4,1,1,2,1,1,1,1
SF,IF2006,2019-12-10 09:32:19.400,3885.0000,5813,0,68768760.000,0,-,-,-,-,3884.6000,3884.2000,3883.6000,3883.2000,3883.0000,3886.0000,3886.2000,3886.8000,3887.0000,3889.8000,1,4,1,1,1,1,1,1,1,1
SF,IF2006,2019-12-10 09:32:19.900,3885.0000,5813,0,68768760.000,0,-,-,-,-,3884.6000,3884.2000,3883.6000,3883.2000,3883.0000,3885.8000,3886.0000,3886.8000,3887.0000,3889.8000,1,4,1,1,1,1,1,1,1,1
SF,IF2006,2019-12-10 09:32:22.900,3885.0000,5813,0,68768760.000,0,-,-,-,-,3884.6000,3884.4000,3884.2000,3883.6000,3883.2000,3885.8000,3886.0000,3886.8000,3887.0000,3889.8000,1,1,4,1,1,1,1,1,1,1
SF,IF2006,2019-12-10 09:32:23.400,3885.0000,5813,0,68768760.000,0,-,-,-,-,3885.0000,3884.8000,3884.6000,3884.2000,3883.6000,3885.8000,3886.0000,3886.8000,3887.0000,3889.8000,1,1,1,4,1,1,1,1,1,1
SF,IF2006,2019-12-10 09:32:23.900,3885.0000,5813,0,68768760.000,0,-,-,-,-,3885.2000,3885.0000,3884.8000,3884.6000,3884.2000,3885.8000,3886.0000,3886.8000,3887.0000,3889.8000,1,1,1,1,4,1,1,1,1,1
SF,IF2006,2019-12-10 09:32:24.400,3885.2000,5812,-1,69934320.000,1,0,1,双平,S,3884.8000,3884.6000,3884.2000,3883.6000,3883.2000,3885.8000,3886.0000,3886.8000,3887.0000,3889.8000,1,1,4,1,1,1,1,1,1,1
SF,IF2006,2019-12-10 09:32:24.900,3885.2000,5812,0,69934320.000,0,-,-,-,-,3884.8000,3884.2000,3883.6000,3883.2000,3883.0000,3885.8000,3886.0000,3886.8000,3887.0000,3889.8000,1,4,1,1,1,1,1,1,1,1
SF,IF2006,2019-12-10 09:32:26.900,3885.2000,5812,0,69934320.000,0,-,-,-,-,3884.8000,3884.2000,3883.6000,3883.2000,3883.0000,3885.8000,3886.0000,3886.8000,3887.0000,3889.8000,1,4,1,1,1,1,1,1,1,1
SF,IF2006,2019-12-10 09:32:27.900,3885.2000,5812,0,69934320.000,0,-,-,-,-,3885.0000,3884.8000,3884.2000,3883.6000,3883.2000,3885.8000,3886.0000,3886.8000,3887.0000,3889.8000,1,1,4,1,1,1,1,1,1,1
SF,IF2006,2019-12-10 09:32:28.400,3885.2000,5812,0,69934320.000,0,-,-,-,-,3884.8000,3884.2000,3883.6000,3883.2000,3883.0000,3885.8000,3886.0000,3886.8000,3887.0000,3889.8000,1,4,1,1,1,1,1,1,1,1
SF,IF2006,2019-12-10 09:32:30.400,3885.2000,5812,0,69934320.000,0,-,-,-,-,3884.8000,3884.2000,3883.6000,3883.2000,3883.0000,3885.8000,3886.0000,3886.8000,3887.0000,3889.8000,2,4,1,1,1,1,1,1,1,1
SF,IF2006,2019-12-10 09:32:35.900,3885.2000,5812,0,69934320.000,0,-,-,-,-,3884.8000,3884.2000,3883.6000,3883.2000,3883.0000,3885.6000,3885.8000,3886.0000,3886.8000,3887.0000,2,4,1,1,1,1,1,1,1,1
SF,IF2006,2019-12-10 09:32:36.400,3885.2000,5812,0,69934320.000,0,-,-,-,-,3884.8000,3884.2000,3883.6000,3883.2000,3883.0000,3885.4000,3885.6000,3886.0000,3886.8000,3887.0000,2,4,1,1,1,1,1,1,1,1
SF,IF2006,2019-12-10 09:32:36.900,3884.8000,5811,-1,71099760.000,1,0,1,双平,S,3884.8000,3884.2000,3883.6000,3883.2000,3883.0000,3885.6000,3886.0000,3886.8000,3887.0000,3889.8000,1,4,1,1,1,1,1,1,1,1
SF,IF2006,2019-12-10 09:32:37.400,3884.8000,5811,0,71099760.000,0,-,-,-,-,3884.8000,3884.2000,3883.6000,3883.2000,3883.0000,3885.4000,3885.6000,3886.0000,3886.8000,3887.0000,1,4,1,1,1,1,1,1,1,1
SF,IF2006,2019-12-10 09:32:39.400,3884.8000,5811,0,71099760.000,0,-,-,-,-,3884.8000,3884.2000,3883.6000,3883.2000,3883.0000,3885.4000,3886.0000,3886.8000,3887.0000,3889.8000,1,4,1,1,1,1,1,1,1,1
SF,IF2006,2019-12-10 09:32:47.400,3884.8000,5811,0,71099760.000,0,-,-,-,-,3884.8000,3884.2000,3883.6000,3883.2000,3883.0000,3885.4000,3886.0000,3886.8000,3887.0000,3889.8000,1,4,1,1,1,1,1,1,1,1
SF,IF2006,2019-12-10 09:32:49.900,3885.4000,5810,-1,72265380.000,1,0,1,双平,S,3884.8000,3884.2000,3883.6000,3883.2000,3883.0000,3886.0000,3886.8000,3887.0000,3889.8000,3890.0000,1,4,1,1,1,1,1,1,1,1
SF,IF2006,2019-12-10 09:32:50.400,3885.4000,5810,0,72265380.000,0,-,-,-,-,3884.8000,3884.2000,3883.6000,3883.2000,3883.0000,3886.8000,3887.0000,3889.8000,3890.0000,3892.0000,1,4,1,1,1,1,1,1,1,1
SF,IF2006,2019-12-10 09:32:51.400,3885.4000,5810,0,72265380.000,0,-,-,-,-,3885.0000,3884.8000,3884.2000,3883.6000,3883.2000,3886.8000,3887.0000,3889.8000,3890.0000,3892.0000,1,1,4,1,1,1,1,1,1,1
SF,IF2006,2019-12-10 09:32:51.900,3885.4000,5810,0,72265380.000,0,-,-,-,-,3885.0000,3884.8000,3884.2000,3883.6000,3883.2000,3886.6000,3886.8000,3887.0000,3889.8000,3890.0000,1,1,4,1,1,1,1,1,1,1
SF,IF2006,2019-12-10 09:32:55.900,3885.4000,5810,0,72265380.000,0,-,-,-,-,3884.8000,3884.2000,3883.6000,3883.2000,3883.0000,3886.6000,3886.8000,3887.0000,3889.8000,3890.0000,1,4,1,1,1,1,1,1,1,1
SF,IF2006,2019-12-10 09:32:56.400,3885.4000,5810,0,72265380.000,0,-,-,-,-,3884.8000,3884.2000,3883.6000,3883.2000,3883.0000,3886.2000,3886.6000,3886.8000,3887.0000,3889.8000,1,4,1,1,1,1,1,1,1,1
SF,IF2006,2019-12-10 09:32:56.900,3885.4000,5810,0,72265380.000,0,-,-,-,-,3884.8000,3884.2000,3883.6000,3883.2000,3883.0000,3886.0000,3886.2000,3886.8000,3887.0000,3889.8000,1,4,1,1,1,1,1,1,1,1
SF,IF2006,2019-12-10 09:32:58.900,3885.4000,5810,0,72265380.000,0,-,-,-,-,3884.8000,3884.2000,3883.6000,3883.2000,3883.0000,3886.0000,3886.2000,3886.8000,3887.0000,3889.8000,1,4,1,1,1,1,1,1,1,1
SF,IF2006,2019-12-10 09:33:00.400,3885.4000,5810,0,72265380.000,0,-,-,-,-,3884.8000,3884.2000,3883.6000,3883.2000,3883.0000,3886.0000,3886.2000,3886.8000,3887.0000,3889.8000,1,4,1,1,1,2,1,1,1,1
SF,IF2006,2019-12-10 09:33:00.900,3885.4000,5810,0,72265380.000,0,-,-,-,-,3884.8000,3884.2000,3883.6000,3883.2000,3883.0000,3886.0000,3886.2000,3886.8000,3887.0000,3889.8000,1,4,1,1,1,2,1,1,1,1
SF,IF2006,2019-12-10 09:33:01.400,3884.8000,5809,-1,73430820.000,1,0,1,双平,S,3884.2000,3883.6000,3883.2000,3883.0000,3881.4000,3886.0000,3886.8000,3887.0000,3889.8000,3890.0000,4,1,1,1,1,2,1,1,1,1
SF,IF2006,2019-12-10 09:33:01.900,3884.8000,5809,0,73430820.000,0,-,-,-,-,3884.4000,3884.2000,3883.6000,3883.2000,3883.0000,3885.6000,3885.8000,3886.0000,3886.8000,3887.0000,2,4,1,1,1,1,1,2,1,1
SF,IF2006,2019-12-10 09:33:02.400,3884.8000,5809,0,73430820.000,0,-,-,-,-,3884.4000,3884.2000,3883.6000,3883.2000,3883.0000,3885.4000,3885.6000,3885.8000,3886.0000,3886.8000,1,4,1,1,1,1,1,1,1,1
SF,IF2006,2019-12-10 09:33:02.900,3884.4000,5809,0,74596140.000,1,0,1,多换,S,3884.2000,3883.6000,3883.2000,3883.0000,3881.4000,3885.4000,3885.6000,3885.8000,3886.0000,3886.8000,4,1,1,1,1,1,1,1,1,1
SF,IF2006,2019-12-10 09:33:03.400,3884.2000,5809,0,75761400.000,1,0,1,多换,S,3884.2000,3883.6000,3883.2000,3883.0000,3881.4000,3885.4000,3885.6000,3886.0000,3886.8000,3887.0000,3,1,1,1,1,2,1,1,1,1
SF,IF2006,2019-12-10 09:33:03.900,3884.2000,5809,0,79257180.000,3,1,2,多换,S,3883.6000,3883.2000,3883.0000,3881.4000,3881.0000,3885.2000,3885.4000,3886.0000,3886.8000,3887.0000,1,1,1,1,1,1,2,1,1,1
SF,IF2006,2019-12-10 09:33:04.400,3884.2000,5809,0,79257180.000,0,-,-,-,-,3883.6000,3883.2000,3883.0000,3881.4000,3881.0000,3884.6000,3885.0000,3885.2000,3885.4000,3886.0000,1,1,1,1,1,1,1,1,1,1
SF,IF2006,2019-12-10 09:33:04.900,3884.2000,5809,0,79257180.000,0,-,-,-,-,3883.6000,3883.2000,3883.0000,3881.4000,3881.0000,3884.6000,3885.0000,3886.0000,3886.8000,3887.0000,1,1,1,1,1,1,1,1,1,1
SF,IF2006,2019-12-10 09:33:05.400,3884.2000,5809,0,79257180.000,0,-,-,-,-,3883.6000,3883.2000,3883.0000,3881.4000,3881.0000,3884.4000,3884.6000,3886.0000,3886.8000,3887.0000,1,1,1,1,1,1,1,1,1,1
SF,IF2006,2019-12-10 09:33:08.400,3884.2000,5809,0,79257180.000,0,-,-,-,-,3883.6000,3883.2000,3883.0000,3881.4000,3881.0000,3884.4000,3884.6000,3886.0000,3886.8000,3887.0000,1,1,1,1,1,1,1,1,1,1
SF,IF2006,2019-12-10 09:33:10.900,3884.4000,5808,-1,80422500.000,1,0,1,双平,S,3883.6000,3883.2000,3883.0000,3881.4000,3881.0000,3884.6000,3886.0000,3886.8000,3887.0000,3889.8000,1,1,1,1,1,1,1,1,1,1
SF,IF2006,2019-12-10 09:33:11.400,3884.4000,5808,0,80422500.000,0,-,-,-,-,3883.8000,3883.6000,3883.2000,3883.0000,3881.4000,3886.0000,3886.8000,3887.0000,3889.8000,3890.0000,1,1,1,1,1,1,1,1,1,1
SF,IF2006,2019-12-10 09:33:11.900,3884.4000,5808,0,80422500.000,0,-,-,-,-,3883.6000,3883.2000,3883.0000,3881.4000,3881.0000,3885.4000,3885.8000,3886.0000,3886.4000,3886.8000,1,1,1,1,1,1,2,1,1,1
SF,IF2006,2019-12-10 09:33:12.400,3884.4000,5808,0,80422500.000,0,-,-,-,-,3883.6000,3883.2000,3883.0000,3881.4000,3881.0000,3885.4000,3885.8000,3886.0000,3886.4000,3886.8000,1,1,1,1,1,1,1,1,1,1
SF,IF2006,2019-12-10 09:33:12.900,3884.4000,5808,0,80422500.000,0,-,-,-,-,3883.6000,3883.2000,3883.0000,3881.4000,3881.0000,3885.2000,3885.4000,3885.8000,3886.0000,3886.4000,1,1,1,1,1,1,1,1,1,1
SF,IF2006,2019-12-10 09:33:14.400,3884.4000,5808,0,80422500.000,0,-,-,-,-,3883.6000,3883.2000,3883.0000,3881.4000,3881.0000,3885.2000,3885.4000,3885.8000,3886.0000,3886.4000,1,1,1,1,1,1,1,1,1,1
SF,IF2006,2019-12-10 09:33:14.900,3884.4000,5808,0,80422500.000,0,-,-,-,-,3883.6000,3883.2000,3883.0000,3881.4000,3881.0000,3885.0000,3885.2000,3885.4000,3885.8000,3886.0000,1,1,1,1,1,1,1,1,1,1
SF,IF2006,2019-12-10 09:33:15.400,3884.4000,5808,0,80422500.000,0,-,-,-,-,3883.6000,3883.2000,3883.0000,3881.4000,3881.0000,3885.0000,3885.8000,3886.0000,3886.4000,3886.8000,1,1,1,1,1,1,1,1,1,1
SF,IF2006,2019-12-10 09:33:17.900,3884.4000,5808,0,80422500.000,0,-,-,-,-,3883.8000,3883.6000,3883.2000,3883.0000,3881.4000,3885.0000,3885.8000,3886.0000,3886.4000,3886.8000,1,1,1,1,1,1,1,1,1,1
SF,IF2006,2019-12-10 09:33:19.400,3884.4000,5808,0,80422500.000,0,-,-,-,-,3883.8000,3883.6000,3883.2000,3883.0000,3881.4000,3885.0000,3885.8000,3886.0000,3886.4000,3886.8000,1,1,1,1,1,1,1,1,1,1
SF,IF2006,2019-12-10 09:33:21.400,3884.4000,5808,0,80422500.000,0,-,-,-,-,3883.8000,3883.6000,3883.2000,3883.0000,3881.4000,3884.8000,3885.0000,3885.8000,3886.0000,3886.4000,1,1,1,1,1,1,1,1,1,1
SF,IF2006,2019-12-10 09:33:21.900,3884.4000,5808,0,80422500.000,0,-,-,-,-,3884.0000,3883.8000,3883.6000,3883.2000,3883.0000,3884.8000,3885.0000,3885.8000,3886.0000,3886.4000,1,1,1,1,1,1,1,1,1,1
SF,IF2006,2019-12-10 09:33:23.900,3884.4000,5808,0,80422500.000,0,-,-,-,-,3884.0000,3883.6000,3883.2000,3883.0000,3881.4000,3884.8000,3885.0000,3885.8000,3886.0000,3886.4000,1,1,1,1,1,1,1,1,1,1
SF,IF2006,2019-12-10 09:33:24.400,3884.4000,5808,0,80422500.000,0,-,-,-,-,3884.0000,3883.6000,3883.2000,3883.0000,3881.4000,3884.8000,3885.8000,3886.0000,3886.4000,3886.8000,1,1,1,1,1,1,1,1,1,1
SF,IF2006,2019-12-10 09:33:24.900,3884.4000,5808,0,80422500.000,0,-,-,-,-,3884.0000,3883.6000,3883.2000,3883.0000,3881.4000,3884.8000,3885.8000,3886.0000,3886.4000,3886.8000,1,1,1,1,1,1,1,1,1,1
SF,IF2006,2019-12-10 09:33:31.400,3884.4000,5808,0,80422500.000,0,-,-,-,-,3884.2000,3884.0000,3883.6000,3883.2000,3883.0000,3884.8000,3885.8000,3886.0000,3886.4000,3886.8000,1,1,1,1,1,1,1,1,1,1
SF,IF2006,2019-12-10 09:33:34.400,3884.4000,5808,0,80422500.000,0,-,-,-,-,3884.2000,3884.0000,3883.6000,3883.2000,3883.0000,3884.8000,3885.8000,3886.0000,3886.4000,3886.8000,1,1,1,1,1,1,1,1,1,1
SF,IF2006,2019-12-10 09:33:34.900,3884.4000,5808,0,80422500.000,0,-,-,-,-,3884.2000,3883.6000,3883.2000,3883.0000,3881.4000,3884.8000,3885.8000,3886.0000,3886.4000,3886.8000,1,1,1,1,1,1,1,1,1,1
SF,IF2006,2019-12-10 09:33:35.400,3884.4000,5808,0,80422500.000,0,-,-,-,-,3884.2000,3883.6000,3883.2000,3883.0000,3881.4000,3884.8000,3885.8000,3886.0000,3886.4000,3886.8000,1,1,1,1,1,1,1,1,1,1
SF,IF2006,2019-12-10 09:33:38.400,3884.8000,5809,1,82753380.000,2,1,1,空开,S,3884.8000,3884.2000,3883.6000,3883.2000,3883.0000,3885.8000,3886.0000,3886.4000,3886.8000,3889.8000,1,1,1,1,1,1,1,1,1,1
SF,IF2006,2019-12-10 09:33:38.900,3884.8000,5809,0,83918820.000,1,0,1,多换,S,3884.2000,3883.6000,3883.2000,3883.0000,3881.4000,3885.8000,3886.0000,3886.4000,3886.8000,3889.8000,1,1,1,1,1,1,1,1,1,1
SF,IF2006,2019-12-10 09:33:39.400,3884.8000,5809,0,83918820.000,0,-,-,-,-,3884.2000,3883.6000,3883.2000,3883.0000,3881.4000,3885.6000,3885.8000,3886.0000,3886.4000,3886.8000,1,1,1,1,1,1,1,1,1,1
SF,IF2006,2019-12-10 09:33:39.900,3884.8000,5809,0,83918820.000,0,-,-,-,-,3884.2000,3883.6000,3883.2000,3883.0000,3881.4000,3885.4000,3885.6000,3886.0000,3886.4000,3886.8000,1,1,1,1,1,1,1,1,1,1
SF,IF2006,2019-12-10 09:33:40.400,3884.8000,5809,0,83918820.000,0,-,-,-,-,3884.2000,3883.6000,3883.2000,3883.0000,3881.4000,3885.4000,3886.0000,3886.4000,3886.8000,3889.8000,1,1,1,1,1,1,1,1,1,1
SF,IF2006,2019-12-10 09:33:40.900,3884.8000,5809,0,83918820.000,0,-,-,-,-,3883.6000,3883.2000,3883.0000,3881.4000,3881.0000,3885.2000,3885.4000,3886.0000,3886.4000,3886.8000,1,1,1,1,1,1,1,1,1,1
SF,IF2006,2019-12-10 09:33:41.400,3884.8000,5809,0,83918820.000,0,-,-,-,-,3883.8000,3883.6000,3883.2000,3883.0000,3881.4000,3885.2000,3885.4000,3886.0000,3886.4000,3886.8000,1,1,1,1,1,1,1,1,1,1
SF,IF2006,2019-12-10 09:33:42.400,3884.8000,5809,0,83918820.000,0,-,-,-,-,3883.8000,3883.6000,3883.2000,3883.0000,3881.4000,3885.2000,3886.0000,3886.4000,3886.8000,3889.8000,1,1,1,1,1,1,1,1,1,1
SF,IF2006,2019-12-10 09:33:42.900,3884.8000,5809,0,83918820.000,0,-,-,-,-,3883.6000,3883.2000,3883.0000,3881.4000,3881.0000,3885.0000,3885.2000,3886.0000,3886.4000,3886.8000,1,1,1,1,1,1,1,1,1,1
SF,IF2006,2019-12-10 09:33:43.400,3884.8000,5809,0,83918820.000,0,-,-,-,-,3883.6000,3883.2000,3883.0000,3881.4000,3881.0000,3885.0000,3886.0000,3886.4000,3886.8000,3889.8000,1,1,1,1,1,1,1,1,1,1
SF,IF2006,2019-12-10 09:33:43.900,3884.8000,5809,0,83918820.000,0,-,-,-,-,3883.6000,3883.2000,3883.0000,3881.4000,3881.0000,3884.8000,3885.0000,3886.0000,3886.4000,3886.8000,1,1,1,1,1,1,1,1,1,1
SF,IF2006,2019-12-10 09:33:53.900,3884.8000,5809,0,83918820.000,0,-,-,-,-,3883.6000,3883.2000,3883.0000,3881.4000,3881.0000,3884.8000,3886.0000,3886.4000,3886.8000,3889.8000,1,1,1,1,1,1,1,1,1,1
SF,IF2006,2019-12-10 09:33:54.400,3884.8000,5809,0,83918820.000,0,-,-,-,-,3883.8000,3883.6000,3883.2000,3883.0000,3881.4000,3886.0000,3886.4000,3886.8000,3889.8000,3890.0000,1,1,1,1,1,1,1,1,1,1
SF,IF2006,2019-12-10 09:33:54.900,3884.8000,5809,0,83918820.000,0,-,-,-,-,3883.6000,3883.2000,3883.0000,3881.4000,3881.0000,3885.8000,3886.0000,3886.4000,3886.8000,3889.8000,1,1,1,1,1,1,1,1,1,1
SF,IF2006,2019-12-10 09:33:55.400,3884.8000,5809,0,83918820.000,0,-,-,-,-,3883.8000,3883.6000,3883.2000,3883.0000,3881.4000,3885.8000,3886.0000,3886.4000,3886.8000,3889.8000,1,1,1,1,1,1,1,1,1,1
SF,IF2006,2019-12-10 09:33:55.900,3884.8000,5809,0,83918820.000,0,-,-,-,-,3883.6000,3883.2000,3883.0000,3881.4000,3881.0000,3885.8000,3886.0000,3886.4000,3886.8000,3889.8000,1,1,1,1,1,1,1,1,1,1
SF,IF2006,2019-12-10 09:33:56.400,3884.8000,5809,0,83918820.000,0,-,-,-,-,3883.8000,3883.6000,3883.2000,3883.0000,3881.4000,3885.8000,3886.0000,3886.4000,3886.8000,3889.8000,1,1,1,1,1,1,1,1,1,1
SF,IF2006,2019-12-10 09:33:56.900,3884.8000,5809,0,83918820.000,0,-,-,-,-,3883.6000,3883.2000,3883.0000,3881.4000,3881.0000,3885.6000,3885.8000,3886.0000,3886.4000,3886.8000,1,1,1,1,1,1,1,1,1,1
SF,IF2006,2019-12-10 09:33:57.400,3884.8000,5809,0,83918820.000,0,-,-,-,-,3883.6000,3883.2000,3883.0000,3881.4000,3881.0000,3885.6000,3886.0000,3886.4000,3886.8000,3889.8000,1,1,1,1,1,1,1,1,1,1
SF,IF2006,2019-12-10 09:33:57.900,3884.8000,5809,0,83918820.000,0,-,-,-,-,3883.8000,3883.6000,3883.2000,3883.0000,3881.4000,3885.6000,3886.0000,3886.4000,3886.8000,3889.8000,1,1,1,1,1,1,1,1,1,1
SF,IF2006,2019-12-10 09:33:58.400,3884.8000,5809,0,83918820.000,0,-,-,-,-,3883.8000,3883.6000,3883.2000,3883.0000,3881.4000,3885.4000,3885.6000,3886.0000,3886.4000,3886.8000,1,1,1,1,1,1,1,1,1,1
SF,IF2006,2019-12-10 09:33:58.900,3884.8000,5809,0,83918820.000,0,-,-,-,-,3883.6000,3883.2000,3883.0000,3881.4000,3881.0000,3885.4000,3885.6000,3886.0000,3886.4000,3886.8000,1,1,1,1,1,1,1,1,1,1
SF,IF2006,2019-12-10 09:34:00.400,3884.8000,5809,0,83918820.000,0,-,-,-,-,3883.6000,3883.2000,3883.0000,3881.4000,3881.0000,3885.2000,3885.4000,3885.6000,3886.0000,3886.4000,1,1,1,1,1,1,1,1,1,1
SF,IF2006,2019-12-10 09:34:00.900,3884.8000,5809,0,83918820.000,0,-,-,-,-,3883.8000,3883.6000,3883.2000,3883.0000,3881.4000,3885.2000,3885.4000,3885.6000,3886.0000,3886.4000,1,1,1,1,1,1,1,1,1,1
SF,IF2006,2019-12-10 09:34:03.900,3884.8000,5809,0,83918820.000,0,-,-,-,-,3884.0000,3883.8000,3883.6000,3883.2000,3883.0000,3885.2000,3885.4000,3886.0000,3886.4000,3886.8000,1,1,1,1,1,1,1,1,1,1
SF,IF2006,2019-12-10 09:34:07.400,3885.4000,5808,-1,86250000.000,2,0,2,多平,S,3884.0000,3883.8000,3883.6000,3883.2000,3883.0000,3886.0000,3886.4000,3886.8000,3889.8000,3890.0000,1,1,1,1,1,1,1,1,1,1
SF,IF2006,2019-12-10 09:34:07.900,3885.4000,5808,0,86250000.000,0,-,-,-,-,3884.2000,3884.0000,3883.6000,3883.2000,3883.0000,3886.0000,3886.8000,3889.8000,3890.0000,3892.0000,1,1,1,1,1,1,1,1,1,1
SF,IF2006,2019-12-10 09:34:08.400,3885.4000,5808,0,86250000.000,0,-,-,-,-,3884.4000,3884.2000,3884.0000,3883.6000,3883.2000,3886.0000,3886.8000,3889.8000,3890.0000,3892.0000,2,1,1,1,1,1,1,1,1,1
SF,IF2006,2019-12-10 09:34:08.900,3885.4000,5808,0,86250000.000,0,-,-,-,-,3884.4000,3884.2000,3883.6000,3883.2000,3883.0000,3886.0000,3886.8000,3889.8000,3890.0000,3892.0000,3,1,1,1,1,1,1,1,1,1
SF,IF2006,2019-12-10 09:34:09.400,3886.0000,5808,0,87415800.000,1,0,1,多换,S,3884.4000,3884.2000,3883.6000,3883.2000,3883.0000,3886.8000,3889.8000,3890.0000,3892.0000,3893.0000,3,1,1,1,1,1,1,1,1,1
SF,IF2006,2019-12-10 09:34:10.400,3886.0000,5808,0,87415800.000,0,-,-,-,-,3884.4000,3883.6000,3883.2000,3883.0000,3881.4000,3886.8000,3889.8000,3890.0000,3892.0000,3893.0000,3,1,1,1,1,1,1,1,1,1
SF,IF2006,2019-12-10 09:34:10.900,3886.0000,5808,0,87415800.000,0,-,-,-,-,3884.8000,3884.4000,3883.6000,3883.2000,3883.0000,3886.8000,3889.8000,3890.0000,3892.0000,3893.0000,1,3,1,1,1,1,1,1,1,1
SF,IF2006,2019-12-10 09:34:11.400,3886.0000,5808,0,87415800.000,0,-,-,-,-,3885.0000,3884.8000,3884.4000,3883.6000,3883.2000,3886.8000,3889.8000,3890.0000,3892.0000,3893.0000,1,1,1,1,1,1,1,1,1,1
SF,IF2006,2019-12-10 09:34:11.900,3886.8000,5807,-1,88581840.000,1,0,1,双平,S,3886.8000,3885.2000,3885.0000,3884.8000,3884.4000,3889.8000,3890.0000,3892.0000,3893.0000,3896.0000,1,1,1,1,1,1,1,1,1,5
SF,IF2006,2019-12-10 09:34:12.400,3886.8000,5807,0,89747880.000,1,0,1,多换,S,3887.0000,3886.8000,3884.8000,3883.6000,3883.2000,3889.6000,3889.8000,3890.0000,3892.0000,3893.0000,1,1,1,1,1,6,1,1,1,1
SF,IF2006,2019-12-10 09:34:12.900,3886.8000,5807,0,90913920.000,1,0,1,多换,S,3886.8000,3884.8000,3883.6000,3883.2000,3883.0000,3889.6000,3889.8000,3890.0000,3892.0000,3893.0000,1,1,1,1,1,6,1,1,1,1
SF,IF2006,2019-12-10 09:34:13.400,3886.8000,5807,0,92079960.000,1,0,1,多换,S,3884.8000,3883.6000,3883.2000,3883.0000,3881.4000,3889.2000,3889.6000,3889.8000,3890.0000,3892.0000,1,1,1,1,1,1,6,1,1,1
SF,IF2006,2019-12-10 09:34:13.900,3886.8000,5807,0,92079960.000,0,-,-,-,-,3885.0000,3884.8000,3883.6000,3883.2000,3883.0000,3889.0000,3889.2000,3889.6000,3889.8000,3890.0000,1,1,1,1,1,3,1,4,1,1
SF,IF2006,2019-12-10 09:34:14.400,3886.8000,5807,0,92079960.000,0,-,-,-,-,3885.0000,3884.8000,3883.6000,3883.2000,3883.0000,3888.6000,3888.8000,3889.0000,3889.6000,3889.8000,1,1,1,1,1,1,2,3,4,1
SF,IF2006,2019-12-10 09:34:14.900,3886.8000,5807,0,92079960.000,0,-,-,-,-,3885.0000,3884.8000,3883.6000,3883.2000,3883.0000,3888.4000,3888.6000,3888.8000,3889.0000,3889.6000,1,1,1,1,1,4,1,1,2,4
SF,IF2006,2019-12-10 09:34:15.400,3886.8000,5807,0,92079960.000,0,-,-,-,-,3885.0000,3884.8000,3883.6000,3883.2000,3883.0000,3888.4000,3888.6000,3889.0000,3889.6000,3889.8000,1,1,1,1,1,6,1,1,4,1
SF,IF2006,2019-12-10 09:34:15.900,3886.8000,5807,0,92079960.000,0,-,-,-,-,3885.2000,3885.0000,3884.8000,3883.6000,3883.2000,3888.4000,3888.6000,3889.0000,3889.6000,3889.8000,1,2,1,1,1,5,1,1,4,1
SF,IF2006,2019-12-10 09:34:16.400,3886.8000,5807,0,92079960.000,0,-,-,-,-,3885.2000,3885.0000,3884.8000,3883.6000,3883.2000,3888.0000,3888.4000,3888.6000,3889.0000,3889.6000,1,1,1,1,1,1,2,1,1,4
SF,IF2006,2019-12-10 09:34:16.900,3886.8000,5807,0,92079960.000,0,-,-,-,-,3885.4000,3885.2000,3885.0000,3884.8000,3883.6000,3888.4000,3888.6000,3889.0000,3889.6000,3889.8000,1,2,1,1,1,2,1,1,3,1
SF,IF2006,2019-12-10 09:34:17.400,3886.8000,5807,0,92079960.000,0,-,-,-,-,3885.4000,3885.2000,3885.0000,3884.8000,3883.6000,3887.6000,3888.4000,3888.6000,3889.0000,3889.6000,1,2,1,1,1,1,2,1,1,3
SF,IF2006,2019-12-10 09:34:17.900,3886.8000,5807,0,92079960.000,0,-,-,-,-,3885.4000,3885.2000,3885.0000,3884.8000,3883.6000,3887.6000,3888.4000,3889.0000,3889.6000,3889.8000,1,2,1,1,1,1,2,1,3,1
SF,IF2006,2019-12-10 09:34:19.400,3887.6000,5806,-1,93246240.000,1,0,1,双平,S,3885.6000,3885.4000,3885.2000,3885.0000,3884.8000,3888.4000,3889.6000,3889.8000,3890.0000,3892.0000,1,1,2,1,1,1,2,1,1,1
SF,IF2006,2019-12-10 09:34:19.900,3887.6000,5806,0,93246240.000,0,-,-,-,-,3886.0000,3885.8000,3885.6000,3885.2000,3885.0000,3888.4000,3889.6000,3889.8000,3890.0000,3892.0000,1,1,2,1,1,1,1,1,1,1
SF,IF2006,2019-12-10 09:34:20.400,3887.6000,5806,0,93246240.000,0,-,-,-,-,3886.2000,3886.0000,3885.8000,3885.6000,3885.2000,3888.4000,3889.6000,3889.8000,3890.0000,3892.0000,2,1,1,2,1,1,1,1,1,1
SF,IF2006,2019-12-10 09:34:20.900,3887.6000,5806,0,93246240.000,0,-,-,-,-,3886.2000,3886.0000,3885.6000,3885.2000,3885.0000,3888.4000,3889.6000,3889.8000,3890.0000,3892.0000,1,1,2,1,1,1,1,1,1,1
SF,IF2006,2019-12-10 09:34:21.400,3887.6000,5806,0,93246240.000,0,-,-,-,-,3886.6000,3886.2000,3886.0000,3885.6000,3885.2000,3888.4000,3889.6000,3889.8000,3890.0000,3892.0000,1,1,1,1,1,1,1,1,1,1
SF,IF2006,2019-12-10 09:34:21.900,3887.6000,5806,0,93246240.000,0,-,-,-,-,3886.6000,3886.0000,3885.2000,3885.0000,3883.6000,3888.2000,3888.4000,3889.6000,3889.8000,3890.0000,1,1,1,1,1,1,1,1,1,1
SF,IF2006,2019-12-10 09:34:22.400,3887.6000,5806,0,93246240.000,0,-,-,-,-,3886.8000,3886.6000,3886.0000,3885.2000,3885.0000,3888.2000,3888.4000,3889.6000,3889.8000,3890.0000,1,1,1,1,1,1,1,1,1,1
SF,IF2006,2019-12-10 09:34:23.400,3887.6000,5806,0,93246240.000,0,-,-,-,-,3887.0000,3886.8000,3886.0000,3885.2000,3885.0000,3888.2000,3888.4000,3889.6000,3889.8000,3890.0000,1,1,1,1,1,1,1,1,1,1
SF,IF2006,2019-12-10 09:34:23.900,3887.6000,5806,0,93246240.000,0,-,-,-,-,3887.0000,3886.8000,3886.0000,3885.2000,3885.0000,3888.2000,3888.4000,3889.8000,3890.0000,3892.0000,1,1,1,1,1,1,1,1,1,1
SF,IF2006,2019-12-10 09:34:24.400,3887.6000,5806,0,93246240.000,0,-,-,-,-,3887.0000,3886.8000,3886.0000,3885.2000,3883.6000,3888.2000,3888.4000,3889.8000,3890.0000,3892.0000,1,1,1,1,1,1,1,1,1,1
SF,IF2006,2019-12-10 09:34:24.900,3888.2000,5805,-1,94412700.000,1,0,1,双平,S,3886.8000,3886.0000,3883.6000,3883.2000,3883.0000,3888.4000,3889.8000,3890.0000,3892.0000,3893.0000,1,1,1,1,1,1,1,1,1,1
SF,IF2006,2019-12-10 09:34:25.900,3888.2000,5805,0,94412700.000,0,-,-,-,-,3887.0000,3886.8000,3886.0000,3883.6000,3883.2000,3888.4000,3889.8000,3890.0000,3892.0000,3893.0000,1,1,1,1,1,1,1,1,1,1
SF,IF2006,2019-12-10 09:34:26.400,3888.2000,5805,0,94412700.000,0,-,-,-,-,3887.0000,3886.8000,3886.0000,3883.6000,3883.2000,3888.2000,3888.4000,3889.8000,3890.0000,3892.0000,1,1,1,1,1,1,1,1,1,1
SF,IF2006,2019-12-10 09:34:26.900,3888.2000,5805,0,94412700.000,0,-,-,-,-,3886.8000,3886.0000,3883.6000,3883.2000,3883.0000,3888.4000,3889.8000,3890.0000,3892.0000,3893.0000,1,1,1,1,1,1,1,1,1,1
SF,IF2006,2019-12-10 09:34:27.400,3888.2000,5805,0,94412700.000,0,-,-,-,-,3886.8000,3886.0000,3883.6000,3883.2000,3883.0000,3888.2000,3888.4000,3889.8000,3890.0000,3892.0000,1,1,1,1,1,1,1,1,1,1
SF,IF2006,2019-12-10 09:34:27.900,3888.2000,5805,0,94412700.000,0,-,-,-,-,3886.8000,3886.0000,3883.6000,3883.2000,3883.0000,3887.0000,3888.4000,3889.8000,3890.0000,3892.0000,1,1,1,1,1,1,1,1,1,1
SF,IF2006,2019-12-10 09:34:28.400,3888.4000,5804,-1,96745320.000,2,0,2,多平,S,3886.8000,3886.0000,3883.6000,3883.2000,3883.0000,3889.8000,3890.0000,3892.0000,3893.0000,3896.0000,1,1,1,1,1,1,1,1,1,5
SF,IF2006,2019-12-10 09:34:28.900,3888.4000,5804,0,96745320.000,0,-,-,-,-,3886.8000,3886.0000,3883.6000,3883.2000,3883.0000,3889.0000,3889.8000,3890.0000,3892.0000,3893.0000,1,1,1,1,1,1,1,1,1,1
SF,IF2006,2019-12-10 09:34:29.400,3888.4000,5804,0,96745320.000,0,-,-,-,-,3887.0000,3886.8000,3886.0000,3883.6000,3883.2000,3889.8000,3890.0000,3892.0000,3893.0000,3896.0000,1,1,1,1,1,1,1,1,1,5
SF,IF2006,2019-12-10 09:34:29.900,3888.4000,5804,0,96745320.000,0,-,-,-,-,3887.2000,3887.0000,3886.0000,3883.6000,3883.2000,3889.0000,3889.8000,3890.0000,3892.0000,3893.0000,1,1,1,1,1,1,1,1,1,1
SF,IF2006,2019-12-10 09:34:30.400,3888.4000,5804,0,96745320.000,0,-,-,-,-,3889.0000,3887.2000,3887.0000,3886.0000,3883.6000,3889.8000,3890.0000,3892.0000,3893.0000,3896.0000,1,1,1,1,1,1,1,1,1,5
SF,IF2006,2019-12-10 09:34:30.900,3889.0000,5804,0,97912020.000,1,0,1,多换,S,3887.2000,3887.0000,3886.0000,3883.6000,3883.2000,3889.0000,3889.8000,3890.0000,3892.0000,3893.0000,1,1,1,1,1,2,1,1,1,1
SF,IF2006,2019-12-10 09:34:31.400,3889.0000,5804,0,97912020.000,0,-,-,-,-,3887.4000,3887.0000,3886.0000,3883.6000,3883.2000,3889.0000,3889.8000,3890.0000,3892.0000,3893.0000,1,1,1,1,1,1,1,1,1,1
SF,IF2006,2019-12-10 09:34:31.900,3889.0000,5804,0,97912020.000,0,-,-,-,-,3887.8000,3887.4000,3887.0000,3886.0000,3883.6000,3889.0000,3889.8000,3890.0000,3892.0000,3893.0000,1,1,1,1,1,1,1,1,1,1
SF,IF2006,2019-12-10 09:34:32.400,3887.8000,5803,-1,99078360.000,1,0,1,双平,S,3887.4000,3887.0000,3886.0000,3883.6000,3883.2000,3888.8000,3889.0000,3889.8000,3890.0000,3892.0000,1,1,1,1,1,1,1,1,1,1
SF,IF2006,2019-12-10 09:34:32.900,3887.8000,5803,0,99078360.000,0,-,-,-,-,3887.4000,3887.0000,3886.0000,3883.6000,3883.2000,3889.0000,3889.8000,3890.0000,3892.0000,3893.0000,1,1,1,1,1,1,1,1,1,1
SF,IF2006,2019-12-10 09:34:33.400,3887.8000,5803,0,99078360.000,0,-,-,-,-,3887.4000,3887.0000,3886.0000,3883.6000,3883.2000,3888.8000,3889.0000,3889.8000,3890.0000,3892.0000,1,1,1,1,1,1,1,1,1,1
SF,IF2006,2019-12-10 09:34:33.900,3887.8000,5803,0,99078360.000,0,-,-,-,-,3887.6000,3887.4000,3887.0000,3886.0000,3883.6000,3889.0000,3889.8000,3890.0000,3892.0000,3893.0000,1,1,1,1,1,1,1,1,1,1
SF,IF2006,2019-12-10 09:34:34.400,3887.8000,5803,0,99078360.000,0,-,-,-,-,3887.6000,3887.4000,3887.0000,3886.0000,3883.6000,3888.8000,3889.0000,3889.8000,3890.0000,3892.0000,1,1,1,1,1,1,1,1,1,1
SF,IF2006,2019-12-10 09:34:34.900,3887.8000,5803,0,99078360.000,0,-,-,-,-,3887.6000,3887.4000,3887.0000,3886.0000,3883.6000,3889.0000,3889.8000,3890.0000,3892.0000,3893.0000,1,1,1,1,1,1,1,1,1,1
SF,IF2006,2019-12-10 09:34:35.400,3887.8000,5803,0,99078360.000,0,-,-,-,-,3887.6000,3887.0000,3886.0000,3883.6000,3883.2000,3889.0000,3889.8000,3890.0000,3892.0000,3893.0000,1,1,1,1,1,1,1,1,1,1
SF,IF2006,2019-12-10 09:34:36.400,3887.8000,5803,0,100244700.000,1,0,1,多换,S,3887.6000,3887.0000,3886.0000,3883.6000,3883.2000,3889.0000,3889.8000,3890.0000,3892.0000,3893.0000,1,1,1,1,1,1,1,1,1,1
SF,IF2006,2019-12-10 09:34:39.900,3887.8000,5803,0,100244700.000,0,-,-,-,-,3887.0000,3886.0000,3883.6000,3883.2000,3883.0000,3889.0000,3889.8000,3890.0000,3892.0000,3893.0000,1,1,1,1,1,1,1,1,1,1
SF,IF2006,2019-12-10 09:34:40.400,3887.8000,5803,0,100244700.000,0,-,-,-,-,3887.2000,3887.0000,3883.6000,3883.2000,3883.0000,3888.8000,3889.0000,3889.8000,3890.0000,3892.0000,1,1,1,1,1,1,1,1,1,1
SF,IF2006,2019-12-10 09:34:40.900,3887.8000,5803,0,100244700.000,0,-,-,-,-,3887.2000,3887.0000,3883.6000,3883.2000,3883.0000,3887.6000,3888.8000,3889.0000,3889.8000,3890.0000,1,1,1,1,1,1,2,1,1,1
SF,IF2006,2019-12-10 09:34:41.400,3887.6000,5803,0,101410980.000,1,0,1,多换,S,3887.2000,3887.0000,3883.6000,3883.2000,3883.0000,3888.8000,3889.0000,3889.8000,3890.0000,3892.0000,1,1,1,1,1,1,1,1,1,1
SF,IF2006,2019-12-10 09:34:43.900,3887.6000,5803,0,101410980.000,0,-,-,-,-,3887.2000,3883.6000,3883.2000,3883.0000,3881.4000,3888.8000,3889.0000,3889.8000,3890.0000,3892.0000,1,1,1,1,1,1,1,1,1,1
SF,IF2006,2019-12-10 09:34:46.400,3887.2000,5803,0,102577140.000,1,0,1,多换,S,3883.6000,3883.2000,3883.0000,3881.4000,3881.0000,3888.8000,3889.0000,3889.8000,3890.0000,3892.0000,1,1,1,1,1,1,1,1,1,1
SF,IF2006,2019-12-10 09:34:46.900,3887.2000,5803,0,102577140.000,0,-,-,-,-,3884.4000,3883.8000,3883.6000,3883.2000,3883.0000,3888.8000,3889.0000,3889.8000,3890.0000,3892.0000,3,5,2,1,1,1,1,1,1,1
SF,IF2006,2019-12-10 09:34:47.400,3887.2000,5803,0,102577140.000,0,-,-,-,-,3886.6000,3885.8000,3884.6000,3884.4000,3883.8000,3888.8000,3889.0000,3889.8000,3890.0000,3892.0000,1,1,3,3,3,1,1,1,1,1
SF,IF2006,2019-12-10 09:34:47.900,3887.2000,5803,0,102577140.000,0,-,-,-,-,3886.6000,3885.8000,3885.4000,3884.6000,3884.4000,3888.8000,3889.0000,3889.8000,3890.0000,3892.0000,1,1,1,4,3,1,1,1,1,1
SF,IF2006,2019-12-10 09:34:48.400,3887.2000,5803,0,102577140.000,0,-,-,-,-,3885.8000,3885.4000,3884.6000,3884.4000,3883.8000,3888.8000,3889.0000,3889.8000,3890.0000,3892.0000,1,1,2,3,2,1,1,1,1,1
SF,IF2006,2019-12-10 09:34:48.900,3888.8000,5802,-1,103743780.000,1,0,1,双平,S,3888.8000,3885.8000,3884.6000,3884.4000,3883.8000,3889.0000,3889.8000,3890.0000,3892.0000,3893.0000,1,1,2,3,2,1,1,1,1,1
SF,IF2006,2019-12-10 09:34:49.400,3888.8000,5801,-1,104910420.000,1,0,1,双平,S,3885.8000,3884.6000,3884.4000,3883.8000,3883.6000,3888.4000,3888.6000,3888.8000,3889.0000,3889.8000,1,1,3,2,2,1,1,1,1,1
SF,IF2006,2019-12-10 09:34:49.900,3888.8000,5801,0,104910420.000,0,-,-,-,-,3886.4000,3886.2000,3885.8000,3884.6000,3884.4000,3888.4000,3888.6000,3888.8000,3889.0000,3889.8000,1,1,1,1,3,1,1,1,1,1
SF,IF2006,2019-12-10 09:34:50.400,3888.8000,5801,0,104910420.000,0,-,-,-,-,3886.8000,3886.4000,3886.2000,3885.8000,3884.6000,3888.4000,3888.6000,3888.8000,3889.0000,3889.8000,1,2,1,1,1,1,1,1,1,1
SF,IF2006,2019-12-10 09:34:51.400,3888.8000,5801,0,104910420.000,0,-,-,-,-,3887.0000,3886.8000,3886.4000,3886.2000,3885.8000,3888.4000,3888.6000,3888.8000,3889.0000,3889.8000,1,1,1,1,1,1,1,1,2,1
SF,IF2006,2019-12-10 09:34:51.900,3888.8000,5801,0,104910420.000,0,-,-,-,-,3887.0000,3886.8000,3886.4000,3886.2000,3885.8000,3888.4000,3888.6000,3888.8000,3889.0000,3889.8000,1,1,1,1,1,1,1,1,2,1
SF,IF2006,2019-12-10 09:34:52.400,3888.8000,5801,0,104910420.000,0,-,-,-,-,3887.0000,3886.8000,3886.4000,3886.2000,3885.8000,3888.4000,3888.8000,3889.0000,3889.8000,3890.0000,1,1,1,1,1,1,1,2,1,1
SF,IF2006,2019-12-10 09:34:52.900,3888.8000,5801,0,104910420.000,0,-,-,-,-,3887.2000,3886.8000,3886.4000,3886.2000,3885.8000,3888.4000,3888.8000,3889.0000,3889.8000,3890.0000,1,1,1,1,1,1,1,2,1,1
SF,IF2006,2019-12-10 09:34:54.400,3887.2000,5801,0,106076580.000,1,0,1,多换,S,3886.8000,3886.4000,3886.2000,3885.8000,3884.6000,3888.4000,3888.8000,3889.0000,3889.8000,3890.0000,1,1,1,1,1,1,1,2,1,1
SF,IF2006,2019-12-10 09:34:56.400,3887.2000,5801,0,106076580.000,0,-,-,-,-,3886.8000,3886.4000,3886.2000,3885.8000,3884.6000,3888.4000,3888.8000,3889.0000,3889.8000,3890.0000,1,1,1,1,1,1,1,1,1,1
SF,IF2006,2019-12-10 09:34:56.900,3887.2000,5801,0,106076580.000,0,-,-,-,-,3887.0000,3886.8000,3886.4000,3886.2000,3885.8000,3888.4000,3888.8000,3889.0000,3889.8000,3890.0000,1,1,1,1,1,1,1,1,1,1
SF,IF2006,2019-12-10 09:35:04.400,3887.2000,5801,0,106076580.000,0,-,-,-,-,3887.0000,3886.4000,3886.2000,3885.8000,3884.6000,3888.4000,3888.8000,3889.0000,3889.8000,3890.0000,1,1,1,1,1,1,1,1,1,1
SF,IF2006,2019-12-10 09:35:05.400,3887.2000,5801,0,106076580.000,0,-,-,-,-,3887.0000,3886.4000,3885.8000,3884.6000,3884.4000,3888.4000,3888.8000,3889.0000,3889.8000,3890.0000,1,1,1,1,1,1,1,1,1,1
SF,IF2006,2019-12-10 09:35:06.900,3887.0000,5801,0,107242680.000,1,0,1,多换,S,3886.4000,3885.8000,3884.6000,3884.4000,3883.8000,3888.4000,3888.8000,3889.0000,3889.8000,3890.0000,1,1,1,1,1,1,1,1,1,1
SF,IF2006,2019-12-10 09:35:07.400,3887.0000,5801,0,107242680.000,0,-,-,-,-,3885.8000,3884.6000,3884.4000,3883.8000,3883.6000,3887.0000,3888.4000,3888.8000,3889.0000,3889.8000,1,1,1,1,2,1,1,1,1,1
SF,IF2006,2019-12-10 09:35:07.900,3887.0000,5801,0,107242680.000,0,-,-,-,-,3885.8000,3884.6000,3883.8000,3883.6000,3883.2000,3887.0000,3888.4000,3888.8000,3889.0000,3889.8000,1,1,1,2,1,1,1,1,1,1
SF,IF2006,2019-12-10 09:35:08.400,3885.8000,5800,-1,108408420.000,1,0,1,双平,S,3883.8000,3883.6000,3883.2000,3883.0000,3881.6000,3885.8000,3887.0000,3888.4000,3888.8000,3889.0000,1,1,1,1,1,1,1,1,1,1
SF,IF2006,2019-12-10 09:35:08.900,3885.8000,5800,0,108408420.000,0,-,-,-,-,3884.8000,3884.6000,3884.0000,3883.8000,3883.6000,3887.0000,3888.4000,3888.8000,3889.0000,3889.8000,1,1,2,1,1,1,1,1,1,1
SF,IF2006,2019-12-10 09:35:09.400,3885.8000,5800,0,108408420.000,0,-,-,-,-,3884.8000,3884.0000,3883.8000,3883.6000,3883.2000,3887.0000,3888.4000,3888.8000,3889.0000,3889.8000,1,5,1,1,1,1,1,1,1,1
SF,IF2006,2019-12-10 09:35:09.900,3885.8000,5800,0,108408420.000,0,-,-,-,-,3884.8000,3884.0000,3883.8000,3883.6000,3883.2000,3887.0000,3888.4000,3888.8000,3889.0000,3889.6000,1,5,1,1,1,1,1,1,1,1
SF,IF2006,2019-12-10 09:35:10.400,3885.8000,5800,0,108408420.000,0,-,-,-,-,3885.0000,3884.8000,3884.0000,3883.8000,3883.6000,3887.0000,3888.4000,3888.8000,3889.0000,3889.6000,1,1,5,1,1,1,1,1,1,1
SF,IF2006,2019-12-10 09:35:10.900,3885.8000,5800,0,108408420.000,0,-,-,-,-,3885.0000,3884.8000,3884.0000,3883.8000,3883.6000,3887.0000,3888.4000,3888.8000,3889.0000,3889.6000,3,1,3,1,1,1,1,1,1,1
SF,IF2006,2019-12-10 09:35:11.400,3885.8000,5800,0,108408420.000,0,-,-,-,-,3885.6000,3885.0000,3884.0000,3883.8000,3883.6000,3887.0000,3888.4000,3888.8000,3889.0000,3889.6000,1,2,3,1,1,1,1,1,1,1
SF,IF2006,2019-12-10 09:35:11.900,3885.8000,5800,0,108408420.000,0,-,-,-,-,3886.0000,3885.6000,3885.0000,3884.0000,3883.8000,3887.0000,3888.4000,3888.8000,3889.0000,3889.6000,1,1,2,3,1,1,1,1,1,1
SF,IF2006,2019-12-10 09:35:12.900,3885.8000,5800,0,108408420.000,0,-,-,-,-,3886.0000,3885.0000,3884.0000,3883.8000,3883.6000,3887.0000,3888.4000,3888.8000,3889.0000,3889.6000,1,2,3,1,1,1,1,1,1,1
SF,IF2006,2019-12-10 09:35:13.400,3887.0000,5800,0,109574520.000,1,0,1,多换,S,3887.0000,3885.0000,3884.0000,3883.8000,3883.6000,3888.4000,3888.8000,3889.0000,3889.6000,3889.8000,1,2,3,1,1,1,1,1,1,1
SF,IF2006,2019-12-10 09:35:13.900,3887.0000,5800,0,110740620.000,1,0,1,多换,S,3884.0000,3883.8000,3883.6000,3883.2000,3883.0000,3888.4000,3888.8000,3889.0000,3889.6000,3889.8000,3,1,1,1,1,1,1,1,1,1
SF,IF2006,2019-12-10 09:35:14.400,3887.0000,5800,0,110740620.000,0,-,-,-,-,3885.0000,3884.4000,3884.0000,3883.8000,3883.6000,3888.2000,3888.4000,3888.8000,3889.0000,3889.6000,1,1,3,1,1,1,1,1,1,1
SF,IF2006,2019-12-10 09:35:14.900,3887.0000,5800,0,110740620.000,0,-,-,-,-,3885.0000,3884.4000,3884.0000,3883.8000,3883.6000,3888.2000,3888.4000,3888.8000,3889.0000,3889.6000,1,1,3,1,1,2,1,1,1,1
SF,IF2006,2019-12-10 09:35:15.400,3887.0000,5800,0,110740620.000,0,-,-,-,-,3885.4000,3885.0000,3884.4000,3884.0000,3883.8000,3888.0000,3888.2000,3888.4000,3888.8000,3889.0000,2,1,1,3,1,1,2,1,1,1
SF,IF2006,2019-12-10 09:35:15.900,3887.0000,5800,0,110740620.000,0,-,-,-,-,3885.4000,3884.4000,3884.0000,3883.8000,3883.6000,3888.0000,3888.4000,3888.8000,3889.0000,3889.6000,2,1,3,1,1,2,1,1,1,1
SF,IF2006,2019-12-10 09:35:16.400,3887.0000,5800,0,110740620.000,0,-,-,-,-,3885.8000,3885.4000,3884.4000,3884.0000,3883.8000,3888.0000,3888.4000,3888.8000,3889.0000,3889.6000,1,1,1,3,1,1,1,1,1,1
SF,IF2006,2019-12-10 09:35:16.900,3887.0000,5800,0,110740620.000,0,-,-,-,-,3885.8000,3885.4000,3884.0000,3883.8000,3883.6000,3888.4000,3888.8000,3889.0000,3889.6000,3889.8000,2,1,3,1,1,1,1,1,1,1
SF,IF2006,2019-12-10 09:35:17.400,3887.0000,5800,0,110740620.000,0,-,-,-,-,3886.0000,3885.8000,3884.0000,3883.8000,3883.6000,3888.4000,3888.8000,3889.0000,3889.6000,3889.8000,1,2,3,1,1,1,1,1,1,1
SF,IF2006,2019-12-10 09:35:18.400,3887.0000,5800,0,110740620.000,0,-,-,-,-,3886.0000,3885.8000,3884.0000,3883.8000,3883.6000,3888.4000,3888.8000,3889.0000,3889.6000,3889.8000,1,1,3,1,1,1,1,1,1,1
SF,IF2006,2019-12-10 09:35:19.900,3887.0000,5800,0,110740620.000,0,-,-,-,-,3885.8000,3884.0000,3883.8000,3883.6000,3883.2000,3888.2000,3888.4000,3888.8000,3889.0000,3889.6000,1,3,1,1,1,2,1,1,1,1
SF,IF2006,2019-12-10 09:35:21.400,3887.0000,5800,0,110740620.000,0,-,-,-,-,3885.8000,3884.0000,3883.8000,3883.6000,3883.2000,3888.0000,3888.2000,3888.4000,3888.8000,3889.0000,1,3,1,1,1,1,1,1,1,1
SF,IF2006,2019-12-10 09:35:22.900,3887.0000,5800,0,110740620.000,0,-,-,-,-,3886.0000,3885.8000,3884.0000,3883.8000,3883.6000,3888.0000,3888.2000,3888.4000,3888.8000,3889.0000,1,1,3,1,1,1,1,1,1,1
SF,IF2006,2019-12-10 09:35:23.400,3887.0000,5800,0,110740620.000,0,-,-,-,-,3886.0000,3884.0000,3883.8000,3883.6000,3883.2000,3888.0000,3888.2000,3888.4000,3888.8000,3889.0000,1,3,1,1,1,1,1,1,1,1
SF,IF2006,2019-12-10 09:35:24.400,3887.0000,5800,0,110740620.000,0,-,-,-,-,3884.0000,3883.8000,3883.6000,3883.2000,3881.6000,3888.0000,3888.2000,3888.4000,3888.8000,3889.0000,3,1,1,1,1,1,1,1,1,1
SF,IF2006,2019-12-10 09:35:24.900,3887.0000,5800,0,110740620.000,0,-,-,-,-,3885.0000,3884.2000,3884.0000,3883.8000,3883.6000,3887.8000,3888.0000,3888.2000,3888.4000,3888.8000,1,1,3,1,1,1,1,1,1,1
SF,IF2006,2019-12-10 09:35:25.900,3887.0000,5800,0,110740620.000,0,-,-,-,-,3885.6000,3885.0000,3884.2000,3884.0000,3883.8000,3887.8000,3888.0000,3888.2000,3888.4000,3888.8000,1,1,1,3,1,1,1,1,1,1
SF,IF2006,2019-12-10 09:35:26.400,3887.0000,5800,0,110740620.000,0,-,-,-,-,3885.8000,3885.6000,3885.0000,3884.0000,3883.8000,3887.6000,3887.8000,3888.0000,3888.2000,3888.4000,1,1,1,3,1,1,1,1,1,1
SF,IF2006,2019-12-10 09:35:29.400,3887.0000,5800,0,110740620.000,0,-,-,-,-,3885.8000,3885.6000,3885.0000,3884.0000,3883.8000,3887.4000,3887.6000,3887.8000,3888.0000,3888.2000,1,1,1,3,1,2,1,1,1,1
SF,IF2006,2019-12-10 09:35:29.900,3887.0000,5800,0,110740620.000,0,-,-,-,-,3885.8000,3885.0000,3884.0000,3883.8000,3883.6000,3887.2000,3887.4000,3888.2000,3888.4000,3888.8000,1,1,3,1,1,2,2,1,1,1
SF,IF2006,2019-12-10 09:35:33.900,3887.0000,5800,0,110740620.000,0,-,-,-,-,3885.8000,3885.0000,3883.8000,3883.6000,3883.2000,3887.2000,3887.4000,3888.2000,3888.4000,3888.8000,1,1,1,1,1,2,2,1,1,1
SF,IF2006,2019-12-10 09:35:34.400,3887.0000,5800,0,110740620.000,0,-,-,-,-,3883.8000,3883.6000,3883.2000,3881.6000,3881.4000,3887.2000,3887.4000,3888.2000,3888.4000,3888.8000,1,1,1,1,1,2,2,1,1,1
SF,IF2006,2019-12-10 09:35:34.900,3887.0000,5800,0,110740620.000,0,-,-,-,-,3884.4000,3884.0000,3883.6000,3883.2000,3881.6000,3887.2000,3887.4000,3888.2000,3888.4000,3888.8000,2,1,1,1,1,2,3,1,1,1
SF,IF2006,2019-12-10 09:35:35.400,3887.0000,5800,0,110740620.000,0,-,-,-,-,3884.6000,3884.4000,3883.6000,3883.2000,3881.6000,3886.8000,3887.2000,3887.4000,3888.4000,3888.8000,1,1,1,1,1,1,2,3,1,1
SF,IF2006,2019-12-10 09:35:35.900,3887.0000,5800,0,110740620.000,0,-,-,-,-,3884.6000,3883.6000,3883.2000,3881.6000,3881.4000,3886.6000,3886.8000,3887.2000,3887.4000,3888.4000,1,1,1,1,1,1,1,1,3,1
SF,IF2006,2019-12-10 09:35:36.400,3887.0000,5800,0,110740620.000,0,-,-,-,-,3884.6000,3883.6000,3883.2000,3881.6000,3881.4000,3886.6000,3887.2000,3887.4000,3888.4000,3888.8000,1,1,1,1,1,1,1,3,1,1
SF,IF2006,2019-12-10 09:35:38.900,3887.0000,5800,0,110740620.000,0,-,-,-,-,3884.6000,3883.6000,3883.2000,3881.6000,3881.4000,3886.6000,3887.2000,3887.4000,3888.4000,3888.8000,1,1,1,1,1,1,1,2,1,1
SF,IF2006,2019-12-10 09:35:39.400,3887.0000,5800,0,110740620.000,0,-,-,-,-,3884.8000,3884.6000,3883.6000,3883.2000,3881.6000,3886.6000,3887.2000,3887.4000,3888.4000,3888.8000,1,1,1,1,1,1,1,2,1,1
SF,IF2006,2019-12-10 09:35:39.900,3887.0000,5800,0,110740620.000,0,-,-,-,-,3885.0000,3884.8000,3883.6000,3883.2000,3881.6000,3886.4000,3886.6000,3887.2000,3887.4000,3888.4000,1,1,1,1,1,2,1,1,2,1
SF,IF2006,2019-12-10 09:35:40.400,3887.0000,5800,0,110740620.000,0,-,-,-,-,3884.8000,3883.6000,3883.2000,3881.6000,3881.4000,3886.2000,3886.4000,3887.4000,3888.4000,3888.8000,1,1,1,1,1,1,2,2,1,1
SF,IF2006,2019-12-10 09:35:40.900,3887.0000,5800,0,110740620.000,0,-,-,-,-,3885.0000,3883.6000,3883.2000,3881.6000,3881.4000,3886.2000,3886.4000,3887.4000,3888.4000,3888.8000,1,1,1,1,1,1,2,2,1,1
SF,IF2006,2019-12-10 09:35:45.900,3887.0000,5800,0,110740620.000,0,-,-,-,-,3885.0000,3883.6000,3883.2000,3881.6000,3881.4000,3886.2000,3886.4000,3888.4000,3888.8000,3889.0000,1,1,1,1,1,1,2,1,1,1
SF,IF2006,2019-12-10 09:35:51.400,3886.2000,5800,0,111906480.000,1,0,1,多换,S,3885.0000,3883.6000,3883.2000,3881.6000,3881.4000,3886.4000,3888.4000,3888.8000,3889.0000,3889.6000,1,1,1,1,1,2,1,1,1,1
SF,IF2006,2019-12-10 09:35:51.900,3886.2000,5800,0,111906480.000,0,-,-,-,-,3885.4000,3885.0000,3883.6000,3883.2000,3881.6000,3886.4000,3888.4000,3888.8000,3889.0000,3889.6000,1,1,1,1,1,2,1,1,1,1
SF,IF2006,2019-12-10 09:35:52.400,3886.2000,5800,0,111906480.000,0,-,-,-,-,3885.6000,3885.4000,3883.6000,3883.2000,3881.6000,3886.4000,3888.4000,3888.8000,3889.0000,3889.6000,1,1,1,1,1,2,1,1,1,1
SF,IF2006,2019-12-10 09:35:53.400,3886.2000,5800,0,111906480.000,0,-,-,-,-,3885.6000,3885.4000,3883.6000,3883.2000,3881.6000,3886.0000,3886.4000,3888.4000,3888.8000,3889.0000,1,1,1,1,1,2,2,1,1,1
SF,IF2006,2019-12-10 09:35:54.400,3886.0000,5799,-1,113072280.000,1,0,1,双平,S,3885.6000,3885.4000,3883.6000,3883.2000,3881.6000,3886.0000,3886.4000,3888.4000,3888.8000,3889.0000,1,1,1,1,1,1,2,1,1,1
SF,IF2006,2019-12-10 09:35:54.900,3886.0000,5799,0,114238080.000,1,0,1,多换,S,3885.6000,3885.4000,3883.6000,3883.2000,3881.6000,3886.4000,3888.4000,3888.8000,3889.0000,3889.6000,1,1,1,1,1,2,1,1,1,1
SF,IF2006,2019-12-10 09:35:56.900,3886.0000,5799,0,114238080.000,0,-,-,-,-,3885.6000,3885.4000,3883.6000,3883.2000,3881.6000,3888.4000,3888.8000,3889.0000,3889.6000,3889.8000,1,1,1,1,1,1,1,1,1,1
SF,IF2006,2019-12-10 09:35:57.400,3886.0000,5799,0,114238080.000,0,-,-,-,-,3885.6000,3885.4000,3883.6000,3883.2000,3881.6000,3888.2000,3888.4000,3888.8000,3889.0000,3889.6000,1,1,1,1,1,1,1,1,1,1
SF,IF2006,2019-12-10 09:35:57.900,3886.0000,5799,0,114238080.000,0,-,-,-,-,3885.6000,3885.4000,3883.6000,3883.2000,3881.6000,3888.0000,3888.2000,3888.4000,3888.8000,3889.0000,1,1,1,1,1,1,1,1,1,1
SF,IF2006,2019-12-10 09:35:58.400,3886.0000,5799,0,114238080.000,0,-,-,-,-,3885.6000,3885.4000,3883.6000,3883.2000,3881.6000,3887.8000,3888.0000,3888.4000,3888.8000,3889.0000,1,1,1,1,1,1,1,1,1,1
SF,IF2006,2019-12-10 09:35:58.900,3886.0000,5799,0,114238080.000,0,-,-,-,-,3885.6000,3885.4000,3883.6000,3883.2000,3881.6000,3887.8000,3888.4000,3888.8000,3889.0000,3889.6000,1,1,1,1,1,1,1,1,1,1
SF,IF2006,2019-12-10 09:35:59.400,3886.0000,5799,0,114238080.000,0,-,-,-,-,3885.6000,3883.6000,3883.2000,3881.6000,3881.4000,3887.8000,3888.4000,3888.8000,3889.0000,3889.6000,1,1,1,1,1,1,1,1,1,1
SF,IF2006,2019-12-10 09:36:00.400,3886.0000,5799,0,114238080.000,0,-,-,-,-,3885.6000,3883.6000,3883.2000,3881.6000,3881.4000,3887.8000,3888.4000,3888.8000,3889.0000,3889.6000,1,1,1,1,1,1,1,1,1,1
SF,IF2006,2019-12-10 09:36:01.400,3886.0000,5799,0,114238080.000,0,-,-,-,-,3885.6000,3883.6000,3883.2000,3881.6000,3881.4000,3887.4000,3887.8000,3888.4000,3888.8000,3889.0000,1,1,1,1,1,1,1,1,1,1
SF,IF2006,2019-12-10 09:36:01.900,3886.0000,5799,0,114238080.000,0,-,-,-,-,3883.6000,3883.2000,3881.6000,3881.4000,3881.0000,3887.2000,3887.4000,3888.4000,3888.8000,3889.0000,1,1,1,1,1,1,1,1,1,1
SF,IF2006,2019-12-10 09:36:02.400,3886.0000,5799,0,114238080.000,0,-,-,-,-,3884.6000,3884.2000,3883.8000,3883.6000,3883.2000,3887.2000,3888.4000,3888.8000,3889.0000,3889.6000,1,1,2,1,1,1,1,1,1,1
SF,IF2006,2019-12-10 09:36:02.900,3886.0000,5799,0,114238080.000,0,-,-,-,-,3884.8000,3884.6000,3884.2000,3883.8000,3883.6000,3887.2000,3888.4000,3888.8000,3889.0000,3889.6000,1,1,1,1,1,1,1,1,1,1
SF,IF2006,2019-12-10 09:36:05.400,3886.0000,5799,0,114238080.000,0,-,-,-,-,3884.8000,3884.6000,3884.2000,3883.8000,3883.6000,3887.2000,3887.4000,3888.4000,3888.8000,3889.0000,1,1,1,1,1,1,1,1,1,1
SF,IF2006,2019-12-10 09:36:05.900,3886.0000,5799,0,114238080.000,0,-,-,-,-,3884.8000,3884.6000,3884.2000,3883.8000,3883.6000,3887.2000,3888.4000,3888.8000,3889.0000,3889.6000,1,1,1,1,1,1,1,1,1,1
SF,IF2006,2019-12-10 09:36:08.400,3886.0000,5799,0,114238080.000,0,-,-,-,-,3885.0000,3884.8000,3884.6000,3884.2000,3883.8000,3887.2000,3887.4000,3888.4000,3888.8000,3889.0000,1,1,1,1,1,1,1,1,1,1
SF,IF2006,2019-12-10 09:36:08.900,3886.0000,5799,0,114238080.000,0,-,-,-,-,3885.2000,3885.0000,3884.6000,3884.2000,3883.6000,3887.2000,3887.4000,3888.4000,3888.8000,3889.0000,1,1,1,1,1,1,1,1,1,1
SF,IF2006,2019-12-10 09:36:09.900,3886.0000,5799,0,114238080.000,0,-,-,-,-,3885.2000,3884.6000,3884.2000,3883.6000,3883.2000,3887.2000,3887.4000,3888.4000,3888.8000,3889.0000,1,1,1,1,1,1,1,1,1,1
SF,IF2006,2019-12-10 09:36:12.400,3886.0000,5799,0,114238080.000,0,-,-,-,-,3885.2000,3884.6000,3884.2000,3883.6000,3883.2000,3887.2000,3888.4000,3888.8000,3889.0000,3889.6000,1,1,1,1,1,1,1,1,1,1
SF,IF2006,2019-12-10 09:36:12.900,3886.0000,5799,0,114238080.000,0,-,-,-,-,3885.2000,3884.6000,3884.2000,3883.6000,3883.2000,3887.2000,3887.4000,3888.4000,3888.8000,3889.0000,1,1,1,1,1,1,1,1,1,1
SF,IF2006,2019-12-10 09:36:13.400,3886.0000,5799,0,114238080.000,0,-,-,-,-,3885.2000,3884.6000,3884.2000,3883.6000,3883.2000,3887.2000,3888.4000,3888.8000,3889.0000,3889.6000,1,1,1,1,1,1,1,1,1,1
SF,IF2006,2019-12-10 09:36:14.400,3886.0000,5799,0,114238080.000,0,-,-,-,-,3885.2000,3884.6000,3884.2000,3883.6000,3883.2000,3887.2000,3887.4000,3888.4000,3888.8000,3889.0000,1,1,1,1,1,1,1,1,1,1
SF,IF2006,2019-12-10 09:36:15.400,3886.0000,5799,0,114238080.000,0,-,-,-,-,3885.2000,3884.6000,3884.2000,3883.6000,3883.2000,3887.2000,3888.4000,3888.8000,3889.0000,3889.6000,1,1,1,1,1,1,1,1,1,1
SF,IF2006,2019-12-10 09:36:16.900,3886.0000,5799,0,114238080.000,0,-,-,-,-,3885.2000,3884.6000,3884.2000,3883.6000,3883.2000,3887.2000,3887.4000,3888.4000,3888.8000,3889.0000,1,1,1,1,1,1,1,1,1,1
SF,IF2006,2019-12-10 09:36:17.900,3886.0000,5799,0,114238080.000,0,-,-,-,-,3885.2000,3884.6000,3884.2000,3883.6000,3883.2000,3887.2000,3888.4000,3888.8000,3889.0000,3889.6000,1,1,1,1,1,1,1,1,1,1
SF,IF2006,2019-12-10 09:36:23.400,3886.0000,5799,0,114238080.000,0,-,-,-,-,3885.2000,3884.6000,3884.2000,3883.6000,3883.2000,3887.2000,3887.4000,3888.4000,3888.8000,3889.0000,1,1,1,1,1,1,1,1,1,1
SF,IF2006,2019-12-10 09:36:23.900,3886.0000,5799,0,114238080.000,0,-,-,-,-,3885.2000,3884.6000,3884.2000,3883.6000,3883.2000,3887.2000,3887.4000,3888.4000,3888.8000,3889.0000,1,1,1,1,1,1,1,1,1,1
SF,IF2006,2019-12-10 09:36:24.400,3886.0000,5799,0,114238080.000,0,-,-,-,-,3885.2000,3884.6000,3884.2000,3883.6000,3883.2000,3887.2000,3888.4000,3888.8000,3889.0000,3889.6000,1,1,1,1,1,1,1,1,1,1
SF,IF2006,2019-12-10 09:36:24.900,3886.0000,5799,0,114238080.000,0,-,-,-,-,3885.2000,3884.6000,3884.2000,3883.6000,3883.2000,3887.2000,3887.4000,3888.4000,3888.8000,3889.0000,1,1,1,1,1,1,1,1,1,1
SF,IF2006,2019-12-10 09:36:25.400,3886.0000,5799,0,114238080.000,0,-,-,-,-,3885.2000,3884.6000,3884.2000,3883.6000,3883.2000,3887.2000,3888.4000,3888.8000,3889.0000,3889.6000,1,1,1,1,1,1,1,1,1,1
SF,IF2006,2019-12-10 09:36:27.400,3886.0000,5799,0,114238080.000,0,-,-,-,-,3885.2000,3884.6000,3884.2000,3883.6000,3883.2000,3887.2000,3887.4000,3888.4000,3888.8000,3889.0000,1,1,1,1,1,1,1,1,1,1
SF,IF2006,2019-12-10 09:36:27.900,3886.0000,5799,0,114238080.000,0,-,-,-,-,3885.2000,3884.6000,3883.6000,3883.2000,3881.6000,3887.2000,3888.4000,3888.8000,3889.0000,3889.6000,1,1,1,1,1,1,1,1,1,1
SF,IF2006,2019-12-10 09:36:28.900,3886.0000,5799,0,114238080.000,0,-,-,-,-,3885.2000,3884.6000,3883.6000,3883.2000,3881.6000,3887.2000,3887.4000,3888.4000,3888.8000,3889.0000,1,1,1,1,1,1,1,1,1,1
SF,IF2006,2019-12-10 09:36:31.400,3885.2000,5799,0,115403640.000,1,0,1,多换,S,3884.6000,3883.6000,3883.2000,3881.6000,3881.4000,3887.2000,3888.4000,3888.8000,3889.0000,3889.6000,1,1,1,1,1,1,1,1,1,1
SF,IF2006,2019-12-10 09:36:31.900,3885.2000,5799,0,115403640.000,0,-,-,-,-,3884.8000,3884.6000,3883.6000,3883.2000,3881.6000,3887.2000,3887.4000,3888.4000,3888.8000,3889.0000,1,1,1,1,1,1,1,1,1,1
SF,IF2006,2019-12-10 09:36:32.400,3885.2000,5799,0,115403640.000,0,-,-,-,-,3884.8000,3884.6000,3883.6000,3883.2000,3881.6000,3887.2000,3888.4000,3888.8000,3889.0000,3889.6000,1,1,1,1,1,1,1,1,1,1
SF,IF2006,2019-12-10 09:36:32.900,3885.2000,5799,0,115403640.000,0,-,-,-,-,3884.8000,3884.6000,3883.6000,3883.2000,3881.6000,3887.2000,3887.4000,3888.4000,3888.8000,3889.0000,1,1,1,1,1,1,1,1,1,1
SF,IF2006,2019-12-10 09:36:33.400,3885.2000,5799,0,115403640.000,0,-,-,-,-,3884.8000,3884.6000,3883.6000,3883.2000,3881.6000,3887.2000,3888.4000,3888.8000,3889.0000,3889.6000,1,1,1,1,1,1,1,1,1,1
SF,IF2006,2019-12-10 09:36:33.900,3885.2000,5799,0,115403640.000,0,-,-,-,-,3885.0000,3884.8000,3884.6000,3883.6000,3883.2000,3887.2000,3888.4000,3888.8000,3889.0000,3889.6000,1,1,1,1,1,1,1,1,1,1
SF,IF2006,2019-12-10 09:36:34.400,3885.2000,5799,0,115403640.000,0,-,-,-,-,3885.2000,3883.6000,3883.2000,3881.6000,3881.4000,3887.2000,3888.4000,3888.8000,3889.0000,3889.6000,1,1,1,1,1,1,1,1,1,1
SF,IF2006,2019-12-10 09:36:34.900,3885.2000,5799,0,115403640.000,0,-,-,-,-,3885.4000,3885.2000,3883.6000,3883.2000,3881.6000,3887.2000,3888.4000,3888.8000,3889.0000,3889.6000,1,1,1,1,1,1,1,1,1,1
SF,IF2006,2019-12-10 09:36:35.400,3885.2000,5799,0,115403640.000,0,-,-,-,-,3885.6000,3883.6000,3883.2000,3881.6000,3881.4000,3887.2000,3888.4000,3888.8000,3889.0000,3889.6000,1,1,1,1,1,1,1,1,1,1
SF,IF2006,2019-12-10 09:36:35.900,3885.2000,5799,0,115403640.000,0,-,-,-,-,3885.6000,3883.6000,3883.2000,3881.6000,3881.4000,3887.2000,3887.4000,3888.4000,3888.8000,3889.0000,1,1,1,1,1,1,1,1,1,1
SF,IF2006,2019-12-10 09:36:36.400,3885.4000,5798,-1,116569260.000,1,0,1,双平,S,3883.6000,3883.2000,3881.6000,3881.4000,3881.0000,3887.2000,3888.4000,3888.8000,3889.0000,3889.6000,1,1,1,1,1,1,1,1,1,1
SF,IF2006,2019-12-10 09:36:36.900,3885.4000,5798,0,116569260.000,0,-,-,-,-,3885.0000,3883.8000,3883.6000,3883.2000,3881.6000,3887.2000,3888.4000,3888.8000,3889.0000,3889.6000,2,5,1,2,1,1,1,1,1,1
SF,IF2006,2019-12-10 09:36:37.400,3885.4000,5798,0,116569260.000,0,-,-,-,-,3885.2000,3885.0000,3883.8000,3883.6000,3883.2000,3887.2000,3888.4000,3888.8000,3889.0000,3889.6000,3,1,2,1,2,1,1,1,1,1
SF,IF2006,2019-12-10 09:36:37.900,3885.4000,5798,0,116569260.000,0,-,-,-,-,3885.2000,3883.8000,3883.6000,3883.2000,3881.6000,3888.4000,3888.8000,3889.0000,3889.6000,3889.8000,3,1,1,2,1,1,1,1,1,1
SF,IF2006,2019-12-10 09:36:38.400,3885.4000,5798,0,116569260.000,0,-,-,-,-,3885.8000,3885.2000,3883.6000,3883.2000,3881.6000,3888.2000,3888.4000,3888.8000,3889.0000,3889.6000,1,1,1,2,1,1,2,1,1,1
SF,IF2006,2019-12-10 09:36:38.900,3885.4000,5798,0,116569260.000,0,-,-,-,-,3886.0000,3885.8000,3883.6000,3883.2000,3881.6000,3888.2000,3888.4000,3888.8000,3889.0000,3889.6000,1,1,1,2,1,1,2,1,1,1
SF,IF2006,2019-12-10 09:36:39.400,3885.4000,5798,0,116569260.000,0,-,-,-,-,3885.8000,3883.6000,3883.2000,3881.6000,3881.4000,3888.2000,3888.4000,3888.8000,3889.0000,3889.6000,1,1,2,1,1,1,2,1,1,1
SF,IF2006,2019-12-10 09:36:39.900,3885.4000,5798,0,116569260.000,0,-,-,-,-,3886.0000,3883.6000,3883.2000,3881.6000,3881.4000,3888.0000,3888.2000,3888.4000,3888.8000,3889.0000,1,1,2,1,1,1,1,1,1,1
SF,IF2006,2019-12-10 09:36:40.400,3885.4000,5798,0,116569260.000,0,-,-,-,-,3883.6000,3883.2000,3881.6000,3881.4000,3881.0000,3887.8000,3888.0000,3888.4000,3888.8000,3889.0000,1,2,1,1,1,1,1,1,1,1
SF,IF2006,2019-12-10 09:36:40.900,3885.4000,5798,0,116569260.000,0,-,-,-,-,3885.0000,3883.8000,3883.6000,3883.2000,3881.6000,3887.6000,3887.8000,3888.0000,3888.4000,3888.8000,1,6,1,2,1,1,1,1,1,1
SF,IF2006,2019-12-10 09:36:41.400,3885.4000,5798,0,116569260.000,0,-,-,-,-,3885.2000,3885.0000,3883.8000,3883.6000,3883.2000,3887.4000,3887.6000,3888.0000,3888.4000,3888.8000,1,1,5,1,2,1,1,1,1,1
SF,IF2006,2019-12-10 09:36:41.900,3885.4000,5798,0,116569260.000,0,-,-,-,-,3885.2000,3885.0000,3883.8000,3883.6000,3883.2000,3887.4000,3888.0000,3888.4000,3888.8000,3889.0000,1,1,2,1,2,2,1,1,1,1
SF,IF2006,2019-12-10 09:36:42.400,3885.2000,5797,-1,117734820.000,1,0,1,双平,S,3885.0000,3883.8000,3883.6000,3883.2000,3881.6000,3887.4000,3888.0000,3888.4000,3888.8000,3889.0000,1,2,1,2,1,2,1,1,1,1
SF,IF2006,2019-12-10 09:36:42.900,3885.2000,5797,0,117734820.000,0,-,-,-,-,3885.2000,3885.0000,3883.8000,3883.6000,3883.2000,3887.2000,3887.4000,3888.0000,3888.4000,3888.8000,1,1,2,1,2,1,2,1,1,1
SF,IF2006,2019-12-10 09:36:43.400,3885.2000,5797,0,117734820.000,0,-,-,-,-,3885.2000,3885.0000,3883.8000,3883.6000,3883.2000,3887.0000,3887.2000,3887.4000,3888.0000,3888.4000,1,1,2,1,2,1,1,1,1,1
SF,IF2006,2019-12-10 09:36:43.900,3885.2000,5797,0,117734820.000,0,-,-,-,-,3885.4000,3885.2000,3885.0000,3883.6000,3883.2000,3887.0000,3887.2000,3887.4000,3888.0000,3888.4000,2,1,1,1,2,1,1,1,1,1
SF,IF2006,2019-12-10 09:36:44.400,3885.2000,5797,0,117734820.000,0,-,-,-,-,3885.6000,3885.4000,3883.6000,3883.2000,3881.6000,3887.0000,3887.2000,3888.0000,3888.4000,3888.8000,1,2,1,2,1,1,1,1,1,1
SF,IF2006,2019-12-10 09:36:44.900,3885.2000,5797,0,117734820.000,0,-,-,-,-,3886.2000,3885.8000,3885.6000,3883.6000,3883.2000,3887.0000,3887.2000,3888.0000,3888.4000,3888.8000,1,2,1,1,2,1,1,1,1,1
SF,IF2006,2019-12-10 09:36:45.400,3885.2000,5797,0,117734820.000,0,-,-,-,-,3886.2000,3885.6000,3883.6000,3883.2000,3881.6000,3888.0000,3888.4000,3888.8000,3889.0000,3889.6000,3,1,1,2,1,1,1,1,1,1
SF,IF2006,2019-12-10 09:36:45.900,3885.2000,5797,0,117734820.000,0,-,-,-,-,3886.2000,3885.6000,3883.6000,3883.2000,3881.6000,3887.8000,3888.0000,3888.4000,3888.8000,3889.0000,1,1,1,2,1,1,1,1,1,1
SF,IF2006,2019-12-10 09:36:47.900,3885.2000,5797,0,117734820.000,0,-,-,-,-,3886.2000,3885.6000,3883.6000,3883.2000,3881.6000,3887.6000,3887.8000,3888.0000,3888.4000,3888.8000,1,1,1,2,1,1,1,1,1,1
SF,IF2006,2019-12-10 09:36:48.400,3885.2000,5797,0,117734820.000,0,-,-,-,-,3886.2000,3885.6000,3883.6000,3883.2000,3881.6000,3887.4000,3888.0000,3888.4000,3888.8000,3889.0000,1,1,1,2,1,1,1,1,1,1
SF,IF2006,2019-12-10 09:36:48.900,3886.2000,5797,0,118900680.000,1,0,1,多换,S,3885.6000,3883.6000,3883.2000,3881.6000,3881.4000,3887.4000,3888.0000,3888.4000,3888.8000,3889.0000,1,1,2,1,1,1,1,1,1,1
SF,IF2006,2019-12-10 09:36:49.400,3886.2000,5797,0,118900680.000,0,-,-,-,-,3886.0000,3885.8000,3885.6000,3883.6000,3883.2000,3887.4000,3888.0000,3888.4000,3888.8000,3889.0000,1,3,1,1,2,1,1,1,1,1
SF,IF2006,2019-12-10 09:36:49.900,3886.2000,5797,0,118900680.000,0,-,-,-,-,3885.8000,3885.6000,3883.6000,3883.2000,3881.6000,3887.4000,3888.0000,3888.4000,3888.8000,3889.0000,3,1,1,2,1,1,1,1,1,1
SF,IF2006,2019-12-10 09:36:50.400,3886.2000,5797,0,118900680.000,0,-,-,-,-,3886.0000,3885.8000,3883.6000,3883.2000,3881.6000,3887.4000,3888.0000,3888.4000,3888.8000,3889.0000,1,3,1,2,1,1,1,1,1,1
SF,IF2006,2019-12-10 09:36:50.900,3886.2000,5797,0,118900680.000,0,-,-,-,-,3886.2000,3886.0000,3885.8000,3883.6000,3883.2000,3887.4000,3888.0000,3888.4000,3888.8000,3889.0000,2,1,1,1,1,1,1,1,1,1
SF,IF2006,2019-12-10 09:36:51.400,3886.2000,5797,0,118900680.000,0,-,-,-,-,3886.2000,3886.0000,3885.8000,3883.6000,3883.2000,3888.0000,3888.4000,3888.8000,3889.0000,3889.6000,2,1,1,1,1,1,1,1,1,1
SF,IF2006,2019-12-10 09:36:51.900,3886.2000,5797,0,118900680.000,0,-,-,-,-,3886.4000,3886.2000,3883.6000,3883.2000,3881.6000,3888.0000,3888.4000,3888.8000,3889.0000,3889.6000,1,2,1,1,1,1,1,1,1,1
SF,IF2006,2019-12-10 09:36:52.400,3886.2000,5797,0,118900680.000,0,-,-,-,-,3886.6000,3886.4000,3883.6000,3883.2000,3881.6000,3888.0000,3888.4000,3888.8000,3889.0000,3889.6000,3,1,1,1,1,1,1,1,1,1
SF,IF2006,2019-12-10 09:36:52.900,3888.0000,5796,-1,120067080.000,1,0,1,双平,S,3886.8000,3886.6000,3883.6000,3883.2000,3881.6000,3887.0000,3888.4000,3888.8000,3889.0000,3889.6000,2,3,1,1,1,1,1,1,1,1
SF,IF2006,2019-12-10 09:36:53.400,3887.0000,5795,-1,121233180.000,1,0,1,双平,S,3886.8000,3883.6000,3883.2000,3881.6000,3881.4000,3888.4000,3888.8000,3889.0000,3889.6000,3889.8000,4,1,1,1,1,1,1,1,1,1
SF,IF2006,2019-12-10 09:36:53.900,3887.0000,5795,0,121233180.000,0,-,-,-,-,3886.8000,3883.6000,3883.2000,3881.6000,3881.4000,3888.2000,3888.4000,3888.8000,3889.0000,3889.6000,2,1,1,1,1,1,2,1,1,1
SF,IF2006,2019-12-10 09:36:54.900,3887.0000,5795,0,121233180.000,0,-,-,-,-,3883.6000,3883.2000,3881.6000,3881.4000,3881.0000,3888.2000,3888.4000,3888.8000,3889.0000,3889.6000,1,1,1,1,1,1,2,1,1,1
SF,IF2006,2019-12-10 09:36:55.400,3887.0000,5795,0,121233180.000,0,-,-,-,-,3885.4000,3885.2000,3883.8000,3883.6000,3883.2000,3888.0000,3888.2000,3888.4000,3888.8000,3889.0000,1,1,8,2,1,1,1,1,1,1
SF,IF2006,2019-12-10 09:36:55.900,3887.0000,5795,0,121233180.000,0,-,-,-,-,3885.6000,3885.4000,3885.2000,3883.8000,3883.6000,3887.8000,3888.4000,3888.8000,3889.0000,3889.6000,3,1,1,5,2,1,1,1,1,1
SF,IF2006,2019-12-10 09:36:56.400,3887.0000,5795,0,121233180.000,0,-,-,-,-,3885.6000,3885.4000,3883.8000,3883.6000,3883.2000,3887.8000,3888.4000,3888.8000,3889.0000,3889.6000,3,1,4,2,1,1,1,1,1,1
SF,IF2006,2019-12-10 09:36:56.900,3887.0000,5795,0,121233180.000,0,-,-,-,-,3886.0000,3885.6000,3885.4000,3883.8000,3883.6000,3887.8000,3888.4000,3888.8000,3889.0000,3889.6000,1,3,1,4,2,1,1,1,1,1
SF,IF2006,2019-12-10 09:36:57.400,3887.8000,5794,-1,122399520.000,1,0,1,双平,S,3886.2000,3886.0000,3885.6000,3885.4000,3883.8000,3888.4000,3888.8000,3889.0000,3889.6000,3889.8000,1,1,2,1,4,1,1,1,1,1
SF,IF2006,2019-12-10 09:36:57.900,3887.8000,5794,0,122399520.000,0,-,-,-,-,3886.2000,3886.0000,3885.4000,3883.8000,3883.6000,3888.2000,3888.4000,3888.8000,3889.0000,3889.6000,3,1,1,4,2,1,1,1,1,1
SF,IF2006,2019-12-10 09:36:58.400,3887.8000,5794,0,122399520.000,0,-,-,-,-,3886.2000,3885.4000,3883.8000,3883.6000,3883.2000,3888.2000,3888.4000,3888.8000,3889.0000,3889.6000,3,1,3,2,1,1,1,1,1,1
SF,IF2006,2019-12-10 09:36:58.900,3887.8000,5794,0,122399520.000,0,-,-,-,-,3886.6000,3886.2000,3884.0000,3883.8000,3883.6000,3888.2000,3888.4000,3888.8000,3889.0000,3889.6000,1,3,1,3,2,1,1,1,1,1
SF,IF2006,2019-12-10 09:36:59.900,3887.8000,5794,0,122399520.000,0,-,-,-,-,3886.8000,3886.6000,3886.2000,3884.0000,3883.8000,3888.2000,3888.4000,3888.8000,3889.0000,3889.6000,2,1,1,1,3,1,1,1,1,1
SF,IF2006,2019-12-10 09:37:00.900,3887.8000,5794,0,122399520.000,0,-,-,-,-,3886.8000,3886.6000,3886.2000,3884.0000,3883.8000,3888.0000,3888.2000,3888.4000,3888.8000,3889.0000,2,1,1,1,3,1,1,1,1,1
SF,IF2006,2019-12-10 09:37:01.400,3887.8000,5794,0,122399520.000,0,-,-,-,-,3886.8000,3886.6000,3886.2000,3884.0000,3883.8000,3888.0000,3888.2000,3888.4000,3889.0000,3889.6000,2,1,1,1,3,1,1,1,1,1
SF,IF2006,2019-12-10 09:37:01.900,3887.8000,5794,0,122399520.000,0,-,-,-,-,3886.8000,3886.2000,3884.0000,3883.8000,3883.6000,3888.0000,3888.2000,3888.4000,3889.0000,3889.6000,2,1,1,3,2,1,1,1,1,1
SF,IF2006,2019-12-10 09:37:02.400,3887.8000,5794,0,122399520.000,0,-,-,-,-,3887.0000,3886.8000,3884.0000,3883.8000,3883.6000,3888.0000,3888.4000,3889.0000,3889.6000,3889.8000,2,2,1,3,2,1,1,1,1,1
SF,IF2006,2019-12-10 09:37:02.900,3888.0000,5795,1,123565920.000,1,1,0,双开,S,3887.2000,3887.0000,3884.0000,3883.8000,3883.6000,3888.4000,3889.6000,3889.8000,3890.0000,3892.0000,2,2,1,3,2,1,1,1,1,1
SF,IF2006,2019-12-10 09:37:03.400,3888.0000,5795,0,123565920.000,0,-,-,-,-,3887.4000,3887.2000,3884.0000,3883.8000,3883.6000,3888.4000,3889.6000,3889.8000,3890.0000,3892.0000,1,2,1,3,2,1,1,1,1,1
SF,IF2006,2019-12-10 09:37:03.900,3888.4000,5796,1,124732440.000,1,1,0,双开,S,3887.6000,3887.4000,3884.0000,3883.8000,3883.6000,3889.6000,3889.8000,3890.0000,3892.0000,3893.0000,3,1,1,3,2,1,1,1,1,1
SF,IF2006,2019-12-10 09:37:04.400,3888.4000,5796,0,124732440.000,0,-,-,-,-,3887.8000,3887.6000,3884.0000,3883.8000,3883.6000,3889.4000,3889.6000,3889.8000,3890.0000,3892.0000,1,3,1,3,2,1,1,1,1,1
SF,IF2006,2019-12-10 09:37:09.400,3888.4000,5796,0,124732440.000,0,-,-,-,-,3888.0000,3887.8000,3887.6000,3884.0000,3883.8000,3889.4000,3889.6000,3889.8000,3890.0000,3892.0000,2,1,1,1,3,1,1,1,1,1
SF,IF2006,2019-12-10 09:37:09.900,3888.4000,5796,0,124732440.000,0,-,-,-,-,3888.2000,3888.0000,3884.0000,3883.8000,3883.6000,3889.6000,3889.8000,3890.0000,3892.0000,3893.0000,1,2,1,3,2,1,1,1,1,1
SF,IF2006,2019-12-10 09:37:10.400,3888.4000,5796,0,124732440.000,0,-,-,-,-,3888.4000,3888.2000,3888.0000,3884.0000,3883.8000,3889.6000,3889.8000,3890.0000,3892.0000,3893.0000,1,1,2,1,3,1,1,1,1,1
SF,IF2006,2019-12-10 09:37:10.900,3889.6000,5795,-1,125899320.000,1,0,1,双平,S,3888.6000,3888.4000,3884.0000,3883.8000,3883.6000,3889.0000,3889.8000,3890.0000,3892.0000,3893.0000,1,3,1,3,2,1,1,1,1,1
SF,IF2006,2019-12-10 09:37:11.400,3889.6000,5795,0,127066200.000,1,0,1,多换,S,3888.6000,3888.4000,3884.0000,3883.8000,3883.6000,3889.8000,3890.0000,3892.0000,3893.0000,3894.4000,2,1,1,3,2,1,1,1,1,1
SF,IF2006,2019-12-10 09:37:11.900,3889.8000,5795,0,128233140.000,1,0,1,多换,S,3888.8000,3888.6000,3884.0000,3883.8000,3883.6000,3890.0000,3892.0000,3893.0000,3894.4000,3896.0000,1,2,1,3,2,1,1,1,1,5
SF,IF2006,2019-12-10 09:37:12.400,3889.8000,5795,0,128233140.000,0,-,-,-,-,3889.2000,3889.0000,3888.8000,3884.0000,3883.8000,3890.0000,3892.0000,3893.0000,3894.4000,3896.0000,1,2,1,1,3,1,1,1,1,5
SF,IF2006,2019-12-10 09:37:13.400,3889.8000,5795,0,128233140.000,0,-,-,-,-,3889.4000,3889.2000,3888.8000,3884.0000,3883.8000,3890.0000,3892.0000,3893.0000,3894.4000,3896.0000,2,1,1,1,3,1,1,1,1,5
SF,IF2006,2019-12-10 09:37:13.900,3890.0000,5794,-1,129400140.000,1,0,1,双平,S,3889.6000,3889.4000,3884.0000,3883.8000,3883.6000,3892.0000,3893.0000,3894.4000,3896.0000,3899.4000,1,2,1,3,1,1,1,1,5,1
SF,IF2006,2019-12-10 09:37:14.400,3890.0000,5794,0,129400140.000,0,-,-,-,-,3890.0000,3889.6000,3889.4000,3884.0000,3883.8000,3891.8000,3892.0000,3893.0000,3894.4000,3896.0000,1,1,2,1,3,1,1,1,1,5
SF,IF2006,2019-12-10 09:37:14.900,3890.0000,5794,0,129400140.000,0,-,-,-,-,3890.2000,3890.0000,3889.4000,3884.0000,3883.8000,3891.8000,3892.0000,3893.0000,3894.4000,3896.0000,1,1,2,1,3,1,1,1,1,5
SF,IF2006,2019-12-10 09:37:15.900,3891.8000,5794,0,130567680.000,1,0,1,多换,S,3890.2000,3890.0000,3889.4000,3884.0000,3883.8000,3892.0000,3893.0000,3894.4000,3896.0000,3899.4000,1,1,2,1,3,1,1,1,5,1
SF,IF2006,2019-12-10 09:37:16.400,3891.8000,5794,0,130567680.000,0,-,-,-,-,3890.0000,3889.4000,3884.0000,3883.8000,3883.6000,3891.8000,3892.0000,3893.0000,3894.4000,3896.0000,1,2,1,3,1,1,1,1,1,5
SF,IF2006,2019-12-10 09:37:17.900,3890.0000,5794,0,131734680.000,1,0,1,多换,S,3884.0000,3883.8000,3883.6000,3883.2000,3881.6000,3891.6000,3891.8000,3892.0000,3893.0000,3894.4000,1,3,1,1,1,1,1,1,1,1
SF,IF2006,2019-12-10 09:37:18.400,3890.0000,5794,0,131734680.000,0,-,-,-,-,3889.4000,3885.2000,3884.4000,3884.2000,3884.0000,3891.0000,3891.4000,3891.6000,3892.0000,3893.0000,1,1,3,7,1,1,1,1,1,1
SF,IF2006,2019-12-10 09:37:18.900,3890.0000,5794,0,131734680.000,0,-,-,-,-,3885.2000,3884.4000,3884.2000,3884.0000,3883.8000,3890.8000,3891.0000,3891.6000,3892.0000,3893.0000,1,3,6,1,3,1,1,1,1,1
SF,IF2006,2019-12-10 09:37:19.400,3890.0000,5794,0,131734680.000,0,-,-,-,-,3889.4000,3887.4000,3886.0000,3885.4000,3885.2000,3890.8000,3891.0000,3891.6000,3892.0000,3893.0000,1,1,1,7,1,1,1,1,1,1
SF,IF2006,2019-12-10 09:37:19.900,3890.0000,5794,0,131734680.000,0,-,-,-,-,3885.4000,3885.2000,3884.4000,3884.2000,3884.0000,3890.8000,3891.0000,3891.6000,3892.0000,3893.0000,6,1,3,2,1,1,1,1,1,1
SF,IF2006,2019-12-10 09:37:20.400,3890.0000,5794,0,131734680.000,0,-,-,-,-,3889.0000,3885.6000,3885.4000,3885.2000,3884.4000,3890.8000,3891.0000,3891.6000,3892.0000,3893.0000,1,1,5,1,3,1,1,1,1,1
SF,IF2006,2019-12-10 09:37:20.900,3890.0000,5794,0,131734680.000,0,-,-,-,-,3889.0000,3885.8000,3885.6000,3885.4000,3885.2000,3890.8000,3891.0000,3891.6000,3892.0000,3893.0000,1,3,1,5,1,1,1,1,1,1
SF,IF2006,2019-12-10 09:37:21.400,3890.0000,5794,0,131734680.000,0,-,-,-,-,3885.8000,3885.6000,3885.4000,3885.2000,3884.4000,3890.8000,3891.0000,3891.6000,3892.0000,3893.0000,3,1,5,1,3,1,1,1,1,1
SF,IF2006,2019-12-10 09:37:21.900,3890.0000,5794,0,131734680.000,0,-,-,-,-,3888.6000,3886.0000,3885.8000,3885.4000,3885.2000,3890.8000,3891.0000,3891.6000,3892.0000,3893.0000,1,6,3,2,1,1,1,1,1,1
SF,IF2006,2019-12-10 09:37:22.400,3890.0000,5794,0,131734680.000,0,-,-,-,-,3888.8000,3888.6000,3886.0000,3885.8000,3885.4000,3890.8000,3891.0000,3891.6000,3892.0000,3893.0000,1,1,4,3,2,1,1,1,1,1
SF,IF2006,2019-12-10 09:37:26.900,3890.0000,5794,0,131734680.000,0,-,-,-,-,3889.0000,3888.8000,3888.6000,3886.0000,3885.8000,3890.8000,3891.0000,3891.6000,3892.0000,3893.0000,2,1,1,2,3,1,1,1,1,1
SF,IF2006,2019-12-10 09:37:27.400,3890.0000,5794,0,131734680.000,0,-,-,-,-,3889.2000,3889.0000,3888.6000,3886.0000,3885.8000,3890.8000,3891.0000,3891.6000,3892.0000,3893.0000,1,2,1,2,3,1,1,1,1,1
SF,IF2006,2019-12-10 09:37:27.900,3890.0000,5794,0,131734680.000,0,-,-,-,-,3889.2000,3889.0000,3886.0000,3885.8000,3885.4000,3890.8000,3891.0000,3891.6000,3892.0000,3893.0000,1,2,2,3,2,1,1,1,1,1
SF,IF2006,2019-12-10 09:37:28.400,3890.0000,5794,0,131734680.000,0,-,-,-,-,3889.2000,3889.0000,3886.0000,3885.8000,3885.4000,3891.0000,3891.6000,3892.0000,3893.0000,3894.4000,1,2,2,3,2,1,1,1,1,1
SF,IF2006,2019-12-10 09:37:28.900,3890.0000,5794,0,131734680.000,0,-,-,-,-,3889.2000,3889.0000,3886.0000,3885.8000,3885.4000,3891.6000,3892.0000,3893.0000,3894.4000,3896.0000,1,2,2,3,2,1,1,1,1,5
SF,IF2006,2019-12-10 09:37:29.400,3890.0000,5794,0,131734680.000,0,-,-,-,-,3889.2000,3889.0000,3886.0000,3885.8000,3885.4000,3891.4000,3891.6000,3892.0000,3893.0000,3894.4000,1,2,2,3,2,2,1,1,1,1
SF,IF2006,2019-12-10 09:37:29.900,3890.0000,5794,0,131734680.000,0,-,-,-,-,3889.2000,3889.0000,3886.0000,3885.8000,3885.4000,3891.4000,3891.6000,3892.0000,3893.0000,3894.4000,1,2,2,3,2,1,1,1,1,1
SF,IF2006,2019-12-10 09:37:30.400,3890.0000,5794,0,131734680.000,0,-,-,-,-,3889.2000,3889.0000,3886.4000,3886.0000,3885.8000,3891.2000,3891.4000,3891.6000,3892.0000,3893.0000,1,2,1,1,3,1,1,1,1,1
SF,IF2006,2019-12-10 09:37:30.900,3890.0000,5794,0,131734680.000,0,-,-,-,-,3889.2000,3889.0000,3886.4000,3886.0000,3885.8000,3891.0000,3891.2000,3891.6000,3892.0000,3893.0000,1,2,1,1,3,1,1,1,1,1
SF,IF2006,2019-12-10 09:37:32.400,3889.2000,5794,0,132901440.000,1,0,1,多换,S,3886.4000,3886.0000,3885.8000,3885.4000,3885.2000,3891.0000,3891.2000,3891.6000,3892.0000,3893.0000,1,1,3,2,1,1,1,1,1,1
SF,IF2006,2019-12-10 09:37:32.900,3889.2000,5794,0,132901440.000,0,-,-,-,-,3888.0000,3886.6000,3886.4000,3886.0000,3885.8000,3891.0000,3891.2000,3891.6000,3892.0000,3893.0000,1,8,1,1,3,1,1,1,1,1
SF,IF2006,2019-12-10 09:37:33.400,3889.2000,5794,0,132901440.000,0,-,-,-,-,3888.2000,3888.0000,3886.6000,3886.4000,3886.0000,3890.8000,3891.0000,3891.2000,3891.6000,3892.0000,1,1,7,1,1,1,1,1,1,1
SF,IF2006,2019-12-10 09:37:33.900,3889.2000,5794,0,132901440.000,0,-,-,-,-,3888.2000,3886.6000,3886.4000,3886.0000,3885.8000,3890.6000,3890.8000,3891.6000,3892.0000,3893.0000,1,7,1,1,3,1,1,1,1,1
SF,IF2006,2019-12-10 09:37:34.400,3889.2000,5794,0,132901440.000,0,-,-,-,-,3889.0000,3888.4000,3888.2000,3886.6000,3886.4000,3890.6000,3890.8000,3891.6000,3892.0000,3893.0000,1,2,1,4,1,1,1,1,1,1
SF,IF2006,2019-12-10 09:37:34.900,3889.2000,5794,0,132901440.000,0,-,-,-,-,3889.2000,3889.0000,3888.4000,3886.6000,3886.4000,3890.6000,3891.6000,3892.0000,3893.0000,3894.4000,1,1,2,4,1,1,1,1,1,1
