市场代码,合约代码,时间,最新,持仓,增仓,成交额,成交量,开仓,平仓,成交类型,方向,买一价,买二价,买三价,买四价,买五价,卖一价,卖二价,卖三价,卖四价,卖五价,买一量,买二量,买三量,买四量,买五量,卖一量,卖二量,卖三量,卖四量,卖五量
SF,IF2006,2019-11-20 09:29:00.000,3925.2000,3417,0,2355120.000,2.000,-,-,-,-,3914.6000,3912.6000,3910.8000,3909.4000,3908.0000,3929.4000,3930.0000,3940.0000,3943.2000,3944.6000,1,1,1,1,3,2,4,1,1,1
SF,IF2006,2019-11-20 09:30:00.500,3916.4000,3417,0,3530040.000,1,0,1,多换,S,3919.2000,3917.8000,3916.0000,3915.6000,3915.0000,3920.2000,3922.6000,3923.4000,3924.8000,3925.0000,1,1,3,3,3,1,1,2,1,3
SF,IF2006,2019-11-20 09:30:01.000,3920.2000,3416,-1,4706100.000,1,0,1,双平,S,3919.4000,3919.2000,3917.8000,3916.0000,3915.6000,3923.4000,3924.8000,3925.0000,3925.4000,3925.8000,2,1,1,3,3,2,1,3,1,1
SF,IF2006,2019-11-20 09:30:01.500,3920.2000,3416,0,4706100.000,0,-,-,-,-,3919.4000,3919.2000,3917.8000,3916.0000,3915.6000,3923.2000,3923.4000,3924.8000,3925.0000,3925.4000,1,1,1,3,3,2,2,1,3,1
SF,IF2006,2019-11-20 09:30:02.000,3920.2000,3416,0,4706100.000,0,-,-,-,-,3920.8000,3919.4000,3919.2000,3917.8000,3916.6000,3923.0000,3923.2000,3924.8000,3925.0000,3925.4000,2,1,1,1,1,1,2,1,2,1
SF,IF2006,2019-11-20 09:30:02.500,3920.2000,3416,0,4706100.000,0,-,-,-,-,3920.8000,3919.6000,3919.4000,3919.2000,3917.8000,3922.8000,3923.0000,3925.0000,3925.4000,3926.6000,2,1,1,1,1,1,1,2,1,1
SF,IF2006,2019-11-20 09:30:03.000,3920.2000,3416,0,4706100.000,0,-,-,-,-,3920.8000,3919.6000,3919.4000,3919.2000,3917.8000,3922.8000,3925.0000,3925.4000,3926.6000,3927.0000,2,1,1,1,1,1,2,1,1,5
SF,IF2006,2019-11-20 09:30:03.500,3920.2000,3416,0,4706100.000,0,-,-,-,-,3921.0000,3919.6000,3919.4000,3919.2000,3918.0000,3925.0000,3925.4000,3926.6000,3927.0000,3928.0000,1,1,1,1,1,2,1,1,5,2
SF,IF2006,2019-11-20 09:30:04.000,3920.2000,3416,0,4706100.000,0,-,-,-,-,3921.0000,3919.6000,3919.4000,3919.2000,3918.0000,3924.6000,3924.8000,3925.0000,3925.4000,3926.6000,1,1,1,1,1,1,2,2,1,1
SF,IF2006,2019-11-20 09:30:04.500,3920.2000,3416,0,4706100.000,0,-,-,-,-,3922.0000,3921.0000,3919.6000,3919.4000,3919.2000,3924.4000,3925.0000,3925.4000,3926.6000,3927.0000,2,1,1,1,1,2,2,1,1,5
SF,IF2006,2019-11-20 09:30:05.000,3920.2000,3416,0,4706100.000,0,-,-,-,-,3922.0000,3921.2000,3921.0000,3919.6000,3919.4000,3924.4000,3925.0000,3925.4000,3926.6000,3927.0000,2,1,1,1,1,2,2,1,1,5
SF,IF2006,2019-11-20 09:30:05.500,3920.2000,3416,0,4706100.000,0,-,-,-,-,3922.0000,3921.2000,3921.0000,3919.6000,3919.4000,3924.4000,3925.0000,3925.4000,3926.6000,3927.0000,2,1,1,1,1,2,2,1,1,5
SF,IF2006,2019-11-20 09:30:07.000,3920.2000,3416,0,4706100.000,0,-,-,-,-,3922.0000,3921.2000,3921.0000,3919.6000,3919.4000,3924.4000,3925.0000,3925.4000,3927.0000,3928.0000,2,1,1,1,1,2,2,1,5,2
SF,IF2006,2019-11-20 09:30:07.500,3922.0000,3416,0,5882700.000,1,0,1,多换,S,3922.0000,3921.0000,3919.6000,3919.4000,3919.2000,3924.4000,3925.0000,3925.4000,3927.0000,3928.0000,1,1,1,1,1,2,2,1,5,2
SF,IF2006,2019-11-20 09:30:08.000,3922.0000,3415,-1,7059300.000,1,0,1,双平,S,3921.0000,3919.6000,3919.4000,3919.2000,3918.0000,3922.0000,3924.4000,3925.0000,3925.4000,3927.0000,1,1,1,1,1,1,2,2,1,5
SF,IF2006,2019-11-20 09:30:08.500,3922.0000,3414,-1,8235900.000,1,0,1,双平,S,3922.2000,3921.0000,3919.6000,3919.4000,3919.2000,3925.0000,3925.4000,3927.0000,3928.0000,3928.6000,1,1,1,1,1,2,1,5,2,1
SF,IF2006,2019-11-20 09:30:09.000,3922.2000,3413,-1,9412560.000,1,0,1,双平,S,3921.4000,3921.0000,3919.4000,3919.2000,3918.0000,3924.6000,3924.8000,3925.0000,3925.4000,3927.0000,1,1,1,1,1,3,1,2,1,5
SF,IF2006,2019-11-20 09:30:09.500,3922.2000,3413,0,9412560.000,0,-,-,-,-,3919.4000,3919.2000,3918.0000,3917.8000,3917.6000,3924.2000,3924.4000,3925.0000,3925.4000,3927.0000,1,1,1,1,1,1,1,2,1,5
SF,IF2006,2019-11-20 09:30:10.000,3922.2000,3413,0,9412560.000,0,-,-,-,-,3919.6000,3919.4000,3919.2000,3918.0000,3917.8000,3924.0000,3925.0000,3925.4000,3927.0000,3928.0000,2,1,1,1,1,1,2,1,5,2
SF,IF2006,2019-11-20 09:30:10.500,3922.2000,3413,0,9412560.000,0,-,-,-,-,3919.8000,3919.6000,3919.4000,3919.2000,3918.0000,3924.0000,3925.0000,3925.4000,3927.0000,3928.0000,1,2,1,1,1,1,2,1,5,2
SF,IF2006,2019-11-20 09:30:11.000,3922.2000,3413,0,9412560.000,0,-,-,-,-,3920.0000,3919.8000,3919.4000,3919.2000,3918.0000,3925.4000,3927.0000,3928.0000,3928.6000,3944.6000,2,1,1,1,1,1,5,2,1,1
SF,IF2006,2019-11-20 09:30:11.500,3920.2000,3414,1,10588620.000,1,1,0,双开,S,3920.4000,3920.2000,3920.0000,3919.8000,3919.4000,3924.8000,3925.2000,3925.4000,3927.0000,3928.0000,2,1,2,1,1,1,2,1,5,2
SF,IF2006,2019-11-20 09:30:12.000,3920.2000,3414,0,10588620.000,0,-,-,-,-,3920.6000,3920.4000,3920.2000,3919.8000,3919.4000,3924.6000,3925.4000,3927.0000,3928.0000,3928.6000,3,3,1,1,1,1,1,5,2,1
SF,IF2006,2019-11-20 09:30:12.500,3920.2000,3414,0,10588620.000,0,-,-,-,-,3921.2000,3921.0000,3920.8000,3920.6000,3920.4000,3924.6000,3925.4000,3927.0000,3928.0000,3944.6000,1,1,1,3,1,1,1,5,2,1
SF,IF2006,2019-11-20 09:30:13.000,3920.2000,3414,0,10588620.000,0,-,-,-,-,3921.4000,3921.2000,3921.0000,3920.8000,3920.6000,3924.6000,3925.4000,3927.0000,3928.0000,3944.6000,1,1,1,1,1,1,1,5,2,1
SF,IF2006,2019-11-20 09:30:13.500,3920.2000,3414,0,10588620.000,0,-,-,-,-,3921.2000,3921.0000,3920.8000,3920.6000,3920.4000,3924.6000,3924.8000,3925.4000,3927.0000,3928.0000,1,1,1,1,1,1,1,1,5,2
SF,IF2006,2019-11-20 09:30:14.000,3920.2000,3414,0,10588620.000,0,-,-,-,-,3921.6000,3921.0000,3920.8000,3920.6000,3920.4000,3924.6000,3924.8000,3925.4000,3927.0000,3928.0000,1,1,1,1,1,1,1,1,5,2
SF,IF2006,2019-11-20 09:30:14.500,3920.2000,3414,0,10588620.000,0,-,-,-,-,3921.6000,3920.8000,3920.6000,3920.4000,3920.2000,3924.6000,3925.4000,3927.0000,3928.0000,3944.6000,1,1,1,1,1,1,1,5,2,1
SF,IF2006,2019-11-20 09:30:15.000,3920.2000,3414,0,10588620.000,0,-,-,-,-,3921.6000,3920.8000,3920.6000,3920.4000,3920.2000,3924.6000,3925.4000,3927.0000,3928.0000,3944.6000,1,1,1,2,1,1,1,5,2,1
SF,IF2006,2019-11-20 09:30:15.500,3920.2000,3414,0,10588620.000,0,-,-,-,-,3921.6000,3920.8000,3920.6000,3920.4000,3920.2000,3924.6000,3924.8000,3925.4000,3927.0000,3928.0000,1,1,1,1,1,1,1,1,5,2
SF,IF2006,2019-11-20 09:30:16.000,3920.2000,3414,0,10588620.000,0,-,-,-,-,3920.8000,3920.6000,3920.4000,3920.2000,3919.8000,3924.0000,3924.6000,3924.8000,3925.4000,3927.0000,1,1,1,1,1,1,1,1,1,5
SF,IF2006,2019-11-20 09:30:16.500,3920.2000,3414,0,10588620.000,0,-,-,-,-,3921.0000,3920.8000,3920.6000,3920.4000,3920.2000,3923.8000,3925.4000,3927.0000,3928.0000,3944.6000,1,1,1,1,1,1,1,5,2,1
SF,IF2006,2019-11-20 09:30:17.000,3920.2000,3414,0,10588620.000,0,-,-,-,-,3921.2000,3921.0000,3920.6000,3920.4000,3920.2000,3923.0000,3923.8000,3925.4000,3927.0000,3928.0000,1,1,1,1,1,1,1,1,5,2
SF,IF2006,2019-11-20 09:30:17.500,3920.2000,3414,0,10588620.000,0,-,-,-,-,3921.2000,3920.6000,3920.2000,3919.8000,3919.4000,3923.0000,3925.4000,3927.0000,3928.0000,3944.6000,1,1,1,1,1,1,1,5,2,1
SF,IF2006,2019-11-20 09:30:18.000,3923.0000,3414,0,11765520.000,1,0,1,多换,S,3921.2000,3920.6000,3920.2000,3919.8000,3919.4000,3925.4000,3927.0000,3928.0000,3944.6000,3965.6000,1,1,1,1,1,1,5,2,1,1
SF,IF2006,2019-11-20 09:30:18.500,3923.0000,3414,0,11765520.000,0,-,-,-,-,3921.2000,3920.6000,3920.2000,3919.8000,3919.4000,3924.2000,3924.6000,3924.8000,3925.4000,3927.0000,1,1,1,1,2,1,3,1,1,5
SF,IF2006,2019-11-20 09:30:19.000,3923.0000,3414,0,11765520.000,0,-,-,-,-,3923.0000,3921.2000,3920.2000,3919.8000,3919.4000,3924.0000,3924.8000,3925.4000,3927.0000,3928.0000,1,1,1,1,2,2,1,1,5,2
SF,IF2006,2019-11-20 09:30:19.500,3923.0000,3413,-1,12942420.000,1,0,1,双平,S,3920.2000,3919.8000,3919.4000,3919.2000,3917.8000,3924.0000,3924.8000,3925.4000,3927.0000,3928.0000,1,1,2,1,1,2,1,1,5,2
SF,IF2006,2019-11-20 09:30:20.000,3923.0000,3413,0,12942420.000,0,-,-,-,-,3920.4000,3920.2000,3919.8000,3919.4000,3919.2000,3924.0000,3924.8000,3925.4000,3927.0000,3928.0000,1,1,1,2,1,2,1,1,5,2
SF,IF2006,2019-11-20 09:30:20.500,3923.0000,3413,0,12942420.000,0,-,-,-,-,3920.6000,3920.4000,3920.2000,3919.8000,3919.4000,3923.8000,3925.4000,3927.0000,3928.0000,3944.6000,2,2,1,1,2,1,1,5,2,1
SF,IF2006,2019-11-20 09:30:21.000,3923.0000,3413,0,12942420.000,0,-,-,-,-,3920.8000,3920.6000,3920.4000,3920.2000,3919.8000,3923.8000,3925.4000,3927.0000,3928.0000,3944.6000,2,3,1,1,1,1,1,5,2,1
SF,IF2006,2019-11-20 09:30:21.500,3923.0000,3413,0,12942420.000,0,-,-,-,-,3921.2000,3920.8000,3920.6000,3920.4000,3920.2000,3923.8000,3925.4000,3927.0000,3928.0000,3944.6000,2,2,3,1,1,1,1,5,2,1
SF,IF2006,2019-11-20 09:30:22.000,3923.0000,3413,0,12942420.000,0,-,-,-,-,3921.4000,3921.2000,3920.8000,3920.6000,3920.4000,3923.8000,3925.4000,3927.0000,3928.0000,3944.6000,1,2,1,3,1,1,1,5,2,1
SF,IF2006,2019-11-20 09:30:22.500,3923.0000,3413,0,12942420.000,0,-,-,-,-,3921.4000,3921.2000,3920.8000,3920.6000,3920.4000,3923.8000,3925.4000,3927.0000,3944.6000,3965.6000,1,1,1,3,1,1,1,5,1,1
SF,IF2006,2019-11-20 09:30:23.000,3923.0000,3413,0,12942420.000,0,-,-,-,-,3921.4000,3920.8000,3920.6000,3920.4000,3920.2000,3923.6000,3923.8000,3925.4000,3927.0000,3944.6000,1,1,1,1,1,1,1,1,5,1
SF,IF2006,2019-11-20 09:30:23.500,3923.0000,3413,0,12942420.000,0,-,-,-,-,3921.4000,3920.8000,3920.6000,3920.4000,3920.2000,3923.6000,3925.4000,3927.0000,3944.6000,3965.6000,1,1,1,1,1,1,1,5,1,1
SF,IF2006,2019-11-20 09:30:24.000,3923.0000,3413,0,12942420.000,0,-,-,-,-,3921.4000,3920.6000,3920.4000,3920.2000,3919.8000,3923.6000,3925.4000,3927.0000,3944.6000,3965.6000,1,1,1,1,1,1,1,5,1,1
SF,IF2006,2019-11-20 09:30:24.500,3923.0000,3413,0,12942420.000,0,-,-,-,-,3921.6000,3921.4000,3920.6000,3920.4000,3920.2000,3923.6000,3925.4000,3927.0000,3944.6000,3965.6000,1,1,1,1,1,1,1,5,1,1
SF,IF2006,2019-11-20 09:30:25.000,3923.0000,3413,0,12942420.000,0,-,-,-,-,3921.8000,3921.6000,3920.6000,3920.4000,3920.2000,3923.6000,3925.4000,3927.0000,3944.6000,3965.6000,1,1,1,1,1,1,1,5,1,1
SF,IF2006,2019-11-20 09:30:25.500,3923.0000,3413,0,12942420.000,0,-,-,-,-,3921.6000,3920.6000,3920.4000,3920.2000,3919.8000,3923.6000,3925.4000,3927.0000,3944.6000,3965.6000,1,1,1,1,1,1,1,5,1,1
SF,IF2006,2019-11-20 09:30:26.000,3923.0000,3413,0,12942420.000,0,-,-,-,-,3920.6000,3920.4000,3920.2000,3919.8000,3919.4000,3923.6000,3925.4000,3927.0000,3944.6000,3965.6000,1,1,1,1,1,1,1,5,1,1
SF,IF2006,2019-11-20 09:30:26.500,3923.0000,3413,0,12942420.000,0,-,-,-,-,3920.8000,3920.6000,3920.4000,3920.2000,3919.8000,3921.4000,3923.6000,3925.4000,3927.0000,3944.6000,2,1,1,1,1,1,1,1,5,1
SF,IF2006,2019-11-20 09:30:27.000,3921.8000,3413,0,14118960.000,1,0,1,多换,S,3921.4000,3920.8000,3920.6000,3920.4000,3920.2000,3923.6000,3925.4000,3927.0000,3944.6000,3965.6000,1,2,1,1,1,1,1,5,1,1
SF,IF2006,2019-11-20 09:30:27.500,3921.8000,3413,0,14118960.000,0,-,-,-,-,3921.4000,3920.6000,3920.4000,3920.2000,3919.8000,3923.6000,3925.4000,3927.0000,3944.6000,3965.6000,1,1,1,1,1,1,1,5,1,1
SF,IF2006,2019-11-20 09:30:28.000,3921.8000,3413,0,14118960.000,0,-,-,-,-,3921.4000,3920.6000,3920.2000,3919.8000,3919.4000,3923.0000,3923.6000,3925.4000,3927.0000,3944.6000,2,1,1,1,1,1,1,1,5,1
SF,IF2006,2019-11-20 09:30:28.500,3921.8000,3413,0,14118960.000,0,-,-,-,-,3921.6000,3921.4000,3920.6000,3920.2000,3919.8000,3923.0000,3923.6000,3925.4000,3927.0000,3944.6000,1,2,1,1,1,1,1,1,5,1
SF,IF2006,2019-11-20 09:30:29.000,3921.8000,3413,0,14118960.000,0,-,-,-,-,3921.8000,3921.6000,3921.4000,3920.6000,3920.2000,3923.0000,3923.6000,3925.4000,3927.0000,3944.6000,1,1,2,1,1,1,1,1,5,1
SF,IF2006,2019-11-20 09:30:29.500,3923.0000,3412,-1,15295860.000,1,0,1,双平,S,3923.0000,3921.8000,3921.4000,3920.6000,3920.2000,3923.6000,3925.4000,3927.0000,3944.6000,3965.6000,1,1,2,1,1,1,1,5,1,1
SF,IF2006,2019-11-20 09:30:30.000,3923.0000,3412,0,16472760.000,1,0,1,多换,S,3921.8000,3921.4000,3920.6000,3920.2000,3919.8000,3923.6000,3925.4000,3927.0000,3944.6000,3965.6000,1,2,1,1,1,1,1,5,1,1
SF,IF2006,2019-11-20 09:30:31.000,3923.6000,3412,0,17649840.000,1,0,1,多换,S,3921.8000,3921.4000,3920.6000,3920.2000,3919.8000,3925.4000,3927.0000,3944.6000,3965.6000,3999.8000,1,2,1,1,1,1,5,1,1,3
SF,IF2006,2019-11-20 09:30:31.500,3922.0000,3412,0,18826440.000,1,0,1,多换,S,3921.8000,3921.4000,3920.6000,3920.4000,3920.2000,3925.2000,3925.4000,3927.0000,3944.6000,3965.6000,1,2,1,1,1,3,1,5,1,1
SF,IF2006,2019-11-20 09:30:32.000,3922.0000,3412,0,18826440.000,0,-,-,-,-,3922.2000,3921.8000,3921.4000,3920.6000,3920.2000,3925.0000,3925.2000,3925.4000,3927.0000,3944.6000,1,1,2,1,1,1,3,1,5,1
SF,IF2006,2019-11-20 09:30:32.500,3922.0000,3412,0,18826440.000,0,-,-,-,-,3922.2000,3922.0000,3921.8000,3921.4000,3920.6000,3924.8000,3925.4000,3927.0000,3944.6000,3965.6000,1,1,1,1,1,4,1,5,1,1
SF,IF2006,2019-11-20 09:30:33.000,3922.0000,3412,0,18826440.000,0,-,-,-,-,3922.4000,3922.2000,3922.0000,3921.8000,3921.4000,3924.8000,3927.0000,3944.6000,3965.6000,3999.8000,1,1,1,1,1,4,5,1,1,3
SF,IF2006,2019-11-20 09:30:33.500,3922.0000,3412,0,18826440.000,0,-,-,-,-,3922.6000,3922.4000,3922.2000,3922.0000,3921.8000,3924.8000,3927.0000,3944.6000,3965.6000,3999.8000,1,1,1,1,1,2,5,1,1,3
SF,IF2006,2019-11-20 09:30:34.000,3922.0000,3412,0,18826440.000,0,-,-,-,-,3922.6000,3922.4000,3922.2000,3922.0000,3921.8000,3924.8000,3927.0000,3944.6000,3965.6000,3999.8000,1,1,1,1,1,2,5,1,1,3
SF,IF2006,2019-11-20 09:30:34.500,3922.0000,3412,0,18826440.000,0,-,-,-,-,3922.8000,3922.4000,3922.2000,3922.0000,3921.8000,3924.8000,3927.0000,3944.6000,3965.6000,3999.8000,1,1,1,1,1,2,5,1,1,3
SF,IF2006,2019-11-20 09:30:35.000,3922.0000,3412,0,18826440.000,0,-,-,-,-,3922.8000,3922.4000,3922.2000,3922.0000,3921.8000,3924.6000,3927.0000,3944.6000,3965.6000,3999.8000,1,1,1,1,1,1,5,1,1,3
SF,IF2006,2019-11-20 09:30:35.500,3922.8000,3412,0,21180120.000,2,1,1,多换,S,3922.4000,3922.2000,3922.0000,3921.8000,3921.4000,3924.6000,3927.0000,3944.6000,3965.6000,3999.8000,1,1,1,1,1,1,5,1,1,3
SF,IF2006,2019-11-20 09:30:36.000,3922.8000,3412,0,21180120.000,0,-,-,-,-,3923.0000,3922.4000,3922.2000,3922.0000,3921.8000,3924.6000,3931.2000,3944.6000,3965.6000,3999.8000,1,1,1,1,1,1,5,1,1,3
SF,IF2006,2019-11-20 09:30:36.500,3922.8000,3412,0,21180120.000,0,-,-,-,-,3923.0000,3922.4000,3922.2000,3922.0000,3921.8000,3924.0000,3924.6000,3931.2000,3944.6000,3965.6000,1,1,1,1,1,1,1,5,1,1
SF,IF2006,2019-11-20 09:30:37.000,3922.8000,3412,0,21180120.000,0,-,-,-,-,3922.0000,3921.4000,3920.6000,3920.2000,3919.4000,3924.0000,3931.2000,3944.6000,3965.6000,3999.8000,1,1,2,1,3,1,5,1,1,3
SF,IF2006,2019-11-20 09:30:37.500,3922.8000,3412,0,21180120.000,0,-,-,-,-,3922.0000,3921.4000,3920.6000,3920.2000,3919.4000,3923.8000,3924.0000,3931.2000,3944.6000,3965.6000,1,1,2,1,3,1,1,5,1,1
SF,IF2006,2019-11-20 09:30:38.000,3922.8000,3412,0,21180120.000,0,-,-,-,-,3922.0000,3921.4000,3920.6000,3920.2000,3919.4000,3923.8000,3924.0000,3925.2000,3931.2000,3944.6000,1,1,2,1,3,1,1,1,5,1
SF,IF2006,2019-11-20 09:30:38.500,3922.8000,3412,0,21180120.000,0,-,-,-,-,3922.0000,3921.4000,3920.6000,3920.2000,3919.4000,3923.8000,3924.0000,3925.2000,3931.2000,3944.6000,1,1,2,1,3,1,1,1,5,1
SF,IF2006,2019-11-20 09:30:39.000,3922.8000,3412,0,21180120.000,0,-,-,-,-,3922.4000,3922.2000,3922.0000,3921.4000,3920.6000,3924.0000,3931.2000,3944.6000,3965.6000,3999.8000,2,1,1,1,1,1,5,1,1,3
SF,IF2006,2019-11-20 09:30:40.000,3922.8000,3412,0,21180120.000,0,-,-,-,-,3922.8000,3922.4000,3922.2000,3922.0000,3921.4000,3924.0000,3931.2000,3944.6000,3965.6000,3999.8000,1,2,1,1,1,1,5,1,1,3
SF,IF2006,2019-11-20 09:30:40.500,3924.0000,3411,-1,22357320.000,1,0,1,双平,S,3924.0000,3922.8000,3922.6000,3922.4000,3922.2000,3931.2000,3944.6000,3965.6000,3999.8000,4199.0000,1,1,1,2,1,5,1,1,3,3
SF,IF2006,2019-11-20 09:30:41.000,3924.0000,3411,0,22357320.000,0,-,-,-,-,3922.8000,3922.6000,3922.4000,3922.2000,3922.0000,3925.6000,3926.2000,3928.6000,3929.2000,3931.2000,1,1,2,1,1,3,1,1,2,8
SF,IF2006,2019-11-20 09:30:41.500,3924.0000,3411,0,22357320.000,0,-,-,-,-,3922.8000,3922.6000,3922.4000,3922.2000,3922.0000,3925.4000,3927.4000,3929.2000,3931.2000,3944.6000,1,1,2,1,1,2,1,2,8,1
SF,IF2006,2019-11-20 09:30:42.000,3924.0000,3411,0,22357320.000,0,-,-,-,-,3923.2000,3922.8000,3922.6000,3922.4000,3922.2000,3925.2000,3925.4000,3927.4000,3929.2000,3931.2000,1,1,1,1,1,1,2,1,2,8
SF,IF2006,2019-11-20 09:30:42.500,3924.0000,3411,0,22357320.000,0,-,-,-,-,3923.6000,3923.2000,3923.0000,3922.8000,3922.6000,3925.0000,3925.2000,3927.4000,3929.2000,3931.2000,1,1,1,1,1,1,1,1,2,8
SF,IF2006,2019-11-20 09:30:43.000,3924.0000,3411,0,22357320.000,0,-,-,-,-,3923.6000,3923.2000,3923.0000,3922.6000,3922.4000,3925.0000,3927.4000,3929.2000,3931.2000,3944.6000,1,1,1,1,1,1,1,2,8,1
SF,IF2006,2019-11-20 09:30:43.500,3924.0000,3411,0,22357320.000,0,-,-,-,-,3923.8000,3923.6000,3923.0000,3922.6000,3922.4000,3925.0000,3927.4000,3929.2000,3931.2000,3944.6000,1,1,1,1,1,1,1,2,8,1
SF,IF2006,2019-11-20 09:30:44.000,3924.0000,3411,0,22357320.000,0,-,-,-,-,3923.8000,3923.6000,3923.0000,3922.6000,3922.4000,3925.0000,3927.4000,3929.2000,3931.2000,3944.6000,1,1,1,1,1,1,1,2,8,1
SF,IF2006,2019-11-20 09:30:44.500,3924.0000,3411,0,22357320.000,0,-,-,-,-,3923.8000,3923.6000,3923.0000,3922.6000,3922.4000,3925.0000,3927.4000,3929.2000,3931.2000,3944.6000,1,1,1,1,1,1,1,2,8,1
SF,IF2006,2019-11-20 09:30:45.500,3924.0000,3411,0,22357320.000,0,-,-,-,-,3923.8000,3923.6000,3923.0000,3922.6000,3922.4000,3925.0000,3927.4000,3929.2000,3929.8000,3931.2000,1,1,1,1,1,1,1,2,2,8
SF,IF2006,2019-11-20 09:30:46.000,3924.0000,3411,0,22357320.000,0,-,-,-,-,3923.8000,3923.0000,3922.6000,3922.2000,3922.0000,3925.0000,3927.4000,3929.2000,3929.8000,3931.2000,1,1,1,1,1,1,1,2,2,8
SF,IF2006,2019-11-20 09:30:46.500,3924.0000,3411,0,22357320.000,0,-,-,-,-,3923.8000,3923.0000,3922.6000,3922.2000,3922.0000,3927.4000,3929.2000,3929.8000,3931.2000,3944.6000,1,1,1,1,1,1,2,2,8,1
SF,IF2006,2019-11-20 09:30:47.000,3923.8000,3411,0,23534460.000,1,0,1,多换,S,3923.0000,3922.6000,3922.2000,3922.0000,3921.8000,3923.8000,3926.6000,3927.0000,3927.2000,3927.4000,1,1,1,1,1,1,3,1,1,1
SF,IF2006,2019-11-20 09:30:47.500,3923.8000,3411,0,24711600.000,1,0,1,多换,S,3923.0000,3922.6000,3922.2000,3922.0000,3921.8000,3927.0000,3927.2000,3927.4000,3929.2000,3929.8000,1,1,1,1,1,1,1,1,2,2
SF,IF2006,2019-11-20 09:30:48.000,3923.8000,3411,0,24711600.000,0,-,-,-,-,3923.0000,3922.6000,3922.2000,3922.0000,3921.8000,3925.8000,3927.0000,3927.2000,3929.2000,3929.8000,1,1,1,1,1,3,1,1,2,2
SF,IF2006,2019-11-20 09:30:48.500,3923.8000,3411,0,24711600.000,0,-,-,-,-,3923.0000,3922.6000,3922.2000,3922.0000,3921.8000,3925.8000,3927.2000,3929.2000,3929.8000,3931.2000,1,1,1,1,1,3,1,2,2,8
SF,IF2006,2019-11-20 09:30:49.000,3923.8000,3411,0,24711600.000,0,-,-,-,-,3923.0000,3922.6000,3922.2000,3921.8000,3920.6000,3925.8000,3927.2000,3929.2000,3929.8000,3931.2000,1,1,1,1,1,3,1,2,2,8
SF,IF2006,2019-11-20 09:30:51.000,3923.8000,3411,0,24711600.000,0,-,-,-,-,3922.6000,3922.2000,3921.8000,3920.6000,3919.4000,3925.8000,3927.2000,3929.2000,3929.8000,3931.2000,1,1,1,1,3,3,1,2,2,8
SF,IF2006,2019-11-20 09:30:51.500,3923.8000,3411,0,24711600.000,0,-,-,-,-,3922.6000,3922.2000,3921.8000,3920.6000,3919.4000,3925.2000,3925.6000,3925.8000,3927.2000,3929.2000,1,1,1,1,3,1,1,3,1,2
SF,IF2006,2019-11-20 09:30:52.000,3923.8000,3411,0,24711600.000,0,-,-,-,-,3922.2000,3921.8000,3920.6000,3919.4000,3919.2000,3925.0000,3925.2000,3925.6000,3927.2000,3929.2000,1,1,1,3,1,2,1,1,1,2
SF,IF2006,2019-11-20 09:30:52.500,3923.8000,3411,0,24711600.000,0,-,-,-,-,3922.2000,3920.6000,3919.4000,3919.2000,3915.6000,3925.0000,3925.2000,3925.6000,3927.2000,3929.2000,1,1,3,1,3,2,1,1,1,2
SF,IF2006,2019-11-20 09:30:53.500,3923.8000,3411,0,24711600.000,0,-,-,-,-,3922.4000,3922.2000,3921.0000,3920.6000,3919.4000,3925.0000,3925.6000,3927.2000,3929.2000,3929.8000,2,1,1,1,3,2,1,1,2,2
SF,IF2006,2019-11-20 09:30:54.000,3923.8000,3411,0,24711600.000,0,-,-,-,-,3922.6000,3922.4000,3922.2000,3921.0000,3920.6000,3925.0000,3927.2000,3929.2000,3929.8000,3931.2000,1,3,1,1,1,2,1,2,2,8
SF,IF2006,2019-11-20 09:30:54.500,3922.6000,3412,1,25888380.000,1,1,0,双开,S,3922.4000,3922.2000,3921.0000,3920.6000,3919.4000,3924.8000,3925.0000,3927.2000,3929.2000,3929.8000,3,1,1,1,3,1,2,1,2,2
SF,IF2006,2019-11-20 09:30:55.000,3922.6000,3412,0,25888380.000,0,-,-,-,-,3922.8000,3922.4000,3921.0000,3920.6000,3919.4000,3924.6000,3927.2000,3929.2000,3929.8000,3931.2000,1,1,1,1,3,2,1,1,2,8
SF,IF2006,2019-11-20 09:30:55.500,3922.6000,3412,0,25888380.000,0,-,-,-,-,3922.8000,3921.0000,3920.6000,3919.4000,3919.2000,3924.6000,3927.2000,3929.2000,3929.8000,3931.2000,1,1,1,3,1,2,1,1,2,8
SF,IF2006,2019-11-20 09:30:57.000,3922.6000,3412,0,25888380.000,0,-,-,-,-,3923.0000,3922.8000,3921.0000,3920.6000,3919.4000,3924.6000,3927.2000,3929.2000,3929.8000,3931.2000,1,1,1,1,3,2,1,1,2,8
SF,IF2006,2019-11-20 09:30:57.500,3922.6000,3412,0,25888380.000,0,-,-,-,-,3922.8000,3921.0000,3920.6000,3919.4000,3919.2000,3924.6000,3927.2000,3929.2000,3929.8000,3931.2000,1,1,1,3,1,2,1,1,2,8
SF,IF2006,2019-11-20 09:30:58.000,3922.6000,3412,0,25888380.000,0,-,-,-,-,3922.8000,3921.0000,3920.6000,3919.4000,3919.2000,3924.6000,3927.2000,3929.2000,3929.8000,3931.2000,1,1,1,3,1,2,1,1,2,8
SF,IF2006,2019-11-20 09:30:59.000,3922.6000,3412,0,25888380.000,0,-,-,-,-,3921.0000,3920.6000,3919.4000,3919.2000,3915.6000,3924.6000,3927.2000,3929.2000,3929.8000,3931.2000,1,1,3,1,3,2,1,1,2,8
SF,IF2006,2019-11-20 09:30:59.500,3922.6000,3412,0,25888380.000,0,-,-,-,-,3921.2000,3921.0000,3920.6000,3919.4000,3919.2000,3924.6000,3927.2000,3929.2000,3929.8000,3931.2000,1,1,1,3,1,2,1,1,2,8
SF,IF2006,2019-11-20 09:31:00.000,3922.6000,3412,0,25888380.000,0,-,-,-,-,3922.0000,3921.8000,3921.6000,3921.4000,3921.2000,3924.6000,3927.2000,3929.2000,3929.8000,3931.2000,1,1,1,1,1,2,1,1,2,8
SF,IF2006,2019-11-20 09:31:00.500,3924.6000,3411,-1,27065760.000,1,0,1,双平,S,3922.2000,3922.0000,3921.8000,3921.6000,3921.4000,3924.6000,3927.2000,3929.2000,3929.8000,3931.2000,1,1,1,2,1,1,1,1,2,8
SF,IF2006,2019-11-20 09:31:01.000,3924.6000,3411,0,27065760.000,0,-,-,-,-,3922.2000,3922.0000,3921.8000,3921.4000,3920.6000,3924.0000,3924.4000,3927.2000,3929.2000,3929.8000,2,1,1,1,1,1,1,1,1,2
SF,IF2006,2019-11-20 09:31:01.500,3924.6000,3411,0,27065760.000,0,-,-,-,-,3922.2000,3922.0000,3921.8000,3921.4000,3920.6000,3923.8000,3924.0000,3927.2000,3929.2000,3929.8000,1,1,1,1,1,1,1,1,1,2
SF,IF2006,2019-11-20 09:31:02.000,3924.6000,3411,0,27065760.000,0,-,-,-,-,3922.0000,3921.8000,3921.4000,3921.2000,3920.6000,3923.8000,3924.0000,3927.2000,3929.2000,3929.8000,1,1,1,1,1,1,1,1,1,2
SF,IF2006,2019-11-20 09:31:02.500,3924.6000,3411,0,27065760.000,0,-,-,-,-,3921.8000,3921.4000,3921.2000,3920.6000,3919.2000,3923.8000,3924.0000,3927.2000,3929.2000,3929.8000,1,1,1,1,1,1,1,1,1,2
SF,IF2006,2019-11-20 09:31:03.000,3924.6000,3411,0,27065760.000,0,-,-,-,-,3921.8000,3921.4000,3921.2000,3920.6000,3920.0000,3923.8000,3924.0000,3927.2000,3929.2000,3929.8000,1,1,1,1,1,1,1,1,1,2
SF,IF2006,2019-11-20 09:31:03.500,3924.6000,3411,0,27065760.000,0,-,-,-,-,3921.8000,3921.4000,3921.2000,3920.6000,3920.0000,3923.6000,3923.8000,3927.2000,3929.2000,3929.8000,1,1,1,1,1,1,1,1,1,2
SF,IF2006,2019-11-20 09:31:04.000,3924.6000,3411,0,27065760.000,0,-,-,-,-,3921.4000,3920.6000,3920.4000,3920.0000,3919.2000,3923.4000,3923.6000,3927.2000,3929.2000,3929.8000,1,1,1,1,1,1,1,1,1,2
SF,IF2006,2019-11-20 09:31:04.500,3924.6000,3411,0,27065760.000,0,-,-,-,-,3921.4000,3921.0000,3920.6000,3920.4000,3920.0000,3923.4000,3923.6000,3927.2000,3929.2000,3929.8000,1,1,1,1,1,1,1,1,1,2
SF,IF2006,2019-11-20 09:31:05.500,3924.6000,3411,0,27065760.000,0,-,-,-,-,3921.0000,3920.6000,3920.4000,3920.2000,3920.0000,3923.2000,3923.4000,3927.2000,3929.2000,3929.8000,1,1,1,1,1,1,1,1,1,2
SF,IF2006,2019-11-20 09:31:06.000,3924.6000,3411,0,27065760.000,0,-,-,-,-,3921.0000,3920.6000,3920.4000,3920.2000,3920.0000,3921.8000,3923.0000,3923.2000,3927.2000,3929.8000,1,1,1,1,1,1,1,1,1,2
SF,IF2006,2019-11-20 09:31:06.500,3924.6000,3411,0,27065760.000,0,-,-,-,-,3921.0000,3920.6000,3920.4000,3920.2000,3920.0000,3921.8000,3923.2000,3927.2000,3929.8000,3931.2000,1,1,1,1,1,1,1,1,2,8
SF,IF2006,2019-11-20 09:31:07.000,3921.8000,3411,0,28242300.000,1,0,1,多换,S,3921.8000,3920.6000,3920.2000,3919.2000,3918.2000,3923.2000,3927.2000,3929.8000,3931.2000,3939.0000,1,1,1,1,1,1,1,2,8,1
SF,IF2006,2019-11-20 09:31:07.500,3921.8000,3411,0,28242300.000,0,-,-,-,-,3920.6000,3920.2000,3919.2000,3918.2000,3915.6000,3923.0000,3923.2000,3927.2000,3929.8000,3931.2000,1,1,1,1,3,1,1,1,2,8
SF,IF2006,2019-11-20 09:31:08.000,3921.8000,3411,0,28242300.000,0,-,-,-,-,3920.8000,3920.6000,3920.2000,3919.2000,3918.2000,3923.0000,3923.2000,3927.2000,3929.8000,3931.2000,1,1,1,1,1,1,1,1,2,8
SF,IF2006,2019-11-20 09:31:09.000,3921.8000,3411,0,28242300.000,0,-,-,-,-,3921.0000,3920.8000,3920.6000,3920.2000,3919.2000,3923.0000,3927.2000,3929.8000,3931.2000,3939.0000,1,1,1,1,1,1,1,2,8,1
SF,IF2006,2019-11-20 09:31:09.500,3921.8000,3411,0,28242300.000,0,-,-,-,-,3921.0000,3920.6000,3920.2000,3919.2000,3918.2000,3923.0000,3927.2000,3929.8000,3931.2000,3939.0000,2,1,1,1,1,1,1,2,8,1
SF,IF2006,2019-11-20 09:31:10.000,3921.8000,3411,0,28242300.000,0,-,-,-,-,3921.0000,3920.6000,3920.2000,3919.2000,3918.2000,3923.0000,3927.2000,3929.8000,3931.2000,3939.0000,1,1,1,1,1,1,1,2,8,1
SF,IF2006,2019-11-20 09:31:10.500,3921.8000,3411,0,28242300.000,0,-,-,-,-,3921.0000,3920.8000,3920.6000,3920.2000,3919.2000,3923.0000,3927.2000,3929.8000,3931.2000,3939.0000,1,1,1,1,1,1,1,2,8,1
SF,IF2006,2019-11-20 09:31:12.000,3921.8000,3411,0,28242300.000,0,-,-,-,-,3921.2000,3921.0000,3920.8000,3920.6000,3920.2000,3923.0000,3927.2000,3929.8000,3931.2000,3939.0000,1,1,1,1,1,1,1,2,8,1
SF,IF2006,2019-11-20 09:31:12.500,3921.8000,3411,0,28242300.000,0,-,-,-,-,3921.2000,3921.0000,3920.8000,3920.6000,3920.2000,3923.0000,3927.2000,3929.8000,3931.2000,3939.0000,1,1,1,1,1,1,1,2,8,1
SF,IF2006,2019-11-20 09:31:13.000,3921.8000,3411,0,28242300.000,0,-,-,-,-,3921.4000,3921.2000,3921.0000,3920.6000,3920.2000,3923.0000,3927.2000,3929.8000,3931.2000,3939.0000,1,1,1,1,1,1,1,2,8,1
SF,IF2006,2019-11-20 09:31:13.500,3921.8000,3411,0,28242300.000,0,-,-,-,-,3921.2000,3921.0000,3920.6000,3920.2000,3920.0000,3923.0000,3927.2000,3929.8000,3931.2000,3939.0000,1,1,1,1,1,1,1,2,8,1
SF,IF2006,2019-11-20 09:31:14.000,3921.8000,3411,0,28242300.000,0,-,-,-,-,3921.0000,3920.6000,3920.2000,3920.0000,3919.2000,3923.0000,3927.2000,3929.8000,3931.2000,3939.0000,1,1,1,1,1,1,1,2,8,1
SF,IF2006,2019-11-20 09:31:15.500,3921.8000,3411,0,28242300.000,0,-,-,-,-,3922.0000,3921.0000,3920.6000,3920.2000,3920.0000,3923.0000,3927.2000,3929.8000,3931.2000,3939.0000,3,1,1,2,1,1,1,2,8,1
SF,IF2006,2019-11-20 09:31:16.000,3921.8000,3411,0,28242300.000,0,-,-,-,-,3923.0000,3922.0000,3920.6000,3920.2000,3920.0000,3927.2000,3929.8000,3931.2000,3939.0000,3965.6000,1,3,1,2,1,1,2,8,1,1
SF,IF2006,2019-11-20 09:31:16.500,3921.8000,3411,0,28242300.000,0,-,-,-,-,3923.0000,3922.0000,3920.6000,3920.2000,3920.0000,3925.0000,3925.2000,3925.4000,3926.6000,3927.2000,1,3,1,2,1,3,1,1,1,1
SF,IF2006,2019-11-20 09:31:17.000,3921.8000,3411,0,28242300.000,0,-,-,-,-,3922.0000,3920.6000,3920.2000,3920.0000,3919.2000,3924.8000,3925.0000,3925.2000,3925.4000,3926.6000,3,1,2,1,1,1,3,1,1,1
SF,IF2006,2019-11-20 09:31:17.500,3921.8000,3411,0,28242300.000,0,-,-,-,-,3922.0000,3920.6000,3920.2000,3920.0000,3919.2000,3924.6000,3924.8000,3925.0000,3925.2000,3925.4000,3,1,2,1,1,2,1,1,1,1
SF,IF2006,2019-11-20 09:31:18.000,3921.8000,3411,0,28242300.000,0,-,-,-,-,3922.0000,3920.6000,3920.2000,3920.0000,3919.2000,3923.0000,3924.4000,3924.6000,3924.8000,3925.0000,3,1,2,1,1,1,1,2,1,1
SF,IF2006,2019-11-20 09:31:18.500,3921.8000,3411,0,28242300.000,0,-,-,-,-,3922.0000,3920.6000,3920.2000,3920.0000,3919.2000,3923.0000,3924.4000,3924.8000,3925.2000,3925.4000,3,1,2,1,1,1,2,1,1,1
SF,IF2006,2019-11-20 09:31:19.000,3921.8000,3411,0,28242300.000,0,-,-,-,-,3922.2000,3922.0000,3920.6000,3920.2000,3920.0000,3923.0000,3924.4000,3924.8000,3925.2000,3925.4000,1,3,1,2,1,1,2,1,1,1
SF,IF2006,2019-11-20 09:31:19.500,3921.8000,3411,0,28242300.000,0,-,-,-,-,3922.0000,3920.6000,3920.2000,3920.0000,3919.2000,3923.0000,3924.4000,3924.8000,3925.2000,3925.4000,3,1,2,1,1,1,2,1,1,1
SF,IF2006,2019-11-20 09:31:20.000,3921.8000,3411,0,28242300.000,0,-,-,-,-,3922.0000,3920.6000,3920.2000,3920.0000,3919.2000,3923.0000,3924.4000,3924.8000,3925.2000,3925.4000,3,1,2,1,1,1,2,1,1,1
SF,IF2006,2019-11-20 09:31:20.500,3921.8000,3411,0,28242300.000,0,-,-,-,-,3922.0000,3920.6000,3920.2000,3920.0000,3919.2000,3923.0000,3924.8000,3925.4000,3926.6000,3927.2000,3,1,2,1,1,1,1,1,1,1
SF,IF2006,2019-11-20 09:31:21.000,3923.0000,3411,0,29419200.000,1,0,1,多换,S,3922.0000,3920.6000,3920.2000,3920.0000,3919.2000,3924.8000,3925.4000,3926.6000,3927.2000,3931.2000,3,1,2,1,1,1,1,1,1,8
SF,IF2006,2019-11-20 09:31:21.500,3923.0000,3411,0,29419200.000,0,-,-,-,-,3922.2000,3922.0000,3920.6000,3920.2000,3920.0000,3924.6000,3924.8000,3925.4000,3926.6000,3927.2000,1,3,1,2,1,3,1,1,1,2
SF,IF2006,2019-11-20 09:31:22.500,3923.0000,3411,0,29419200.000,0,-,-,-,-,3922.2000,3922.0000,3920.6000,3920.2000,3920.0000,3924.2000,3924.6000,3924.8000,3925.4000,3926.6000,1,3,1,2,1,1,3,1,1,1
SF,IF2006,2019-11-20 09:31:23.000,3923.0000,3411,0,29419200.000,0,-,-,-,-,3922.2000,3922.0000,3920.6000,3920.2000,3920.0000,3924.0000,3924.2000,3924.6000,3924.8000,3925.4000,1,3,1,2,1,2,1,1,1,1
SF,IF2006,2019-11-20 09:31:23.500,3923.0000,3411,0,29419200.000,0,-,-,-,-,3922.2000,3922.0000,3920.6000,3920.2000,3920.0000,3924.0000,3924.6000,3924.8000,3925.4000,3926.6000,1,3,1,2,1,2,1,1,1,1
SF,IF2006,2019-11-20 09:31:25.500,3923.0000,3411,0,29419200.000,0,-,-,-,-,3922.0000,3920.6000,3920.2000,3920.0000,3919.2000,3924.0000,3924.6000,3925.4000,3926.6000,3927.2000,3,1,2,1,1,2,1,1,1,2
SF,IF2006,2019-11-20 09:31:26.000,3923.0000,3411,0,29419200.000,0,-,-,-,-,3922.0000,3920.6000,3920.2000,3920.0000,3919.2000,3924.0000,3924.6000,3925.4000,3926.6000,3927.2000,3,1,2,1,1,1,1,1,1,2
SF,IF2006,2019-11-20 09:31:26.500,3923.0000,3411,0,29419200.000,0,-,-,-,-,3922.0000,3920.6000,3920.2000,3920.0000,3919.2000,3923.8000,3924.0000,3925.4000,3926.6000,3927.2000,3,1,2,1,1,1,1,1,1,2
SF,IF2006,2019-11-20 09:31:27.000,3923.0000,3411,0,29419200.000,0,-,-,-,-,3922.0000,3920.6000,3920.2000,3920.0000,3919.2000,3923.6000,3923.8000,3925.4000,3926.6000,3927.2000,3,1,2,1,1,1,1,1,1,2
SF,IF2006,2019-11-20 09:31:27.500,3923.0000,3411,0,29419200.000,0,-,-,-,-,3922.0000,3920.6000,3920.2000,3920.0000,3919.2000,3923.8000,3925.4000,3926.6000,3927.2000,3931.2000,3,1,2,1,1,1,1,1,2,8
SF,IF2006,2019-11-20 09:31:28.000,3923.0000,3411,0,29419200.000,0,-,-,-,-,3922.2000,3922.0000,3920.6000,3920.2000,3920.0000,3923.8000,3925.4000,3926.6000,3927.2000,3931.2000,1,3,1,2,1,1,1,1,2,8
SF,IF2006,2019-11-20 09:31:29.000,3923.0000,3411,0,29419200.000,0,-,-,-,-,3922.0000,3920.6000,3920.2000,3920.0000,3919.2000,3925.4000,3927.2000,3931.2000,3939.0000,3965.6000,3,1,2,1,1,1,2,8,1,1
SF,IF2006,2019-11-20 09:31:29.500,3923.0000,3411,0,29419200.000,0,-,-,-,-,3922.0000,3920.6000,3920.2000,3920.0000,3919.2000,3925.2000,3925.4000,3927.2000,3931.2000,3939.0000,3,1,2,1,1,2,1,2,8,1
SF,IF2006,2019-11-20 09:31:30.000,3923.0000,3411,0,29419200.000,0,-,-,-,-,3922.0000,3920.6000,3920.2000,3920.0000,3919.2000,3925.0000,3925.2000,3925.4000,3927.2000,3931.2000,3,1,2,1,1,1,2,1,2,8
SF,IF2006,2019-11-20 09:31:30.500,3923.0000,3411,0,29419200.000,0,-,-,-,-,3922.2000,3922.0000,3920.6000,3920.2000,3920.0000,3924.8000,3925.0000,3927.2000,3931.2000,3939.0000,2,3,1,2,1,1,1,2,8,1
SF,IF2006,2019-11-20 09:31:31.000,3923.0000,3411,0,29419200.000,0,-,-,-,-,3922.2000,3922.0000,3920.6000,3920.2000,3920.0000,3924.2000,3925.0000,3927.2000,3931.2000,3939.0000,2,3,1,2,1,1,1,2,8,1
SF,IF2006,2019-11-20 09:31:31.500,3923.0000,3411,0,29419200.000,0,-,-,-,-,3922.4000,3922.2000,3922.0000,3920.6000,3920.2000,3924.2000,3925.0000,3927.2000,3931.2000,3939.0000,1,2,3,1,2,1,1,2,8,1
SF,IF2006,2019-11-20 09:31:32.000,3923.0000,3411,0,29419200.000,0,-,-,-,-,3922.6000,3922.4000,3922.2000,3922.0000,3920.6000,3924.2000,3925.0000,3927.2000,3931.2000,3939.0000,2,1,1,3,1,1,1,2,8,1
SF,IF2006,2019-11-20 09:31:32.500,3923.0000,3411,0,29419200.000,0,-,-,-,-,3922.6000,3922.4000,3922.2000,3922.0000,3920.6000,3925.0000,3927.2000,3931.2000,3939.0000,3965.6000,2,2,1,3,1,1,2,8,1,1
SF,IF2006,2019-11-20 09:31:33.000,3923.0000,3411,0,29419200.000,0,-,-,-,-,3922.6000,3922.4000,3922.2000,3922.0000,3920.6000,3924.8000,3925.0000,3927.2000,3931.2000,3939.0000,1,1,1,3,1,1,1,2,8,1
SF,IF2006,2019-11-20 09:31:34.000,3923.0000,3411,0,29419200.000,0,-,-,-,-,3922.6000,3922.4000,3922.2000,3922.0000,3920.6000,3924.8000,3925.0000,3927.2000,3931.2000,3939.0000,1,1,1,3,1,1,1,2,8,1
SF,IF2006,2019-11-20 09:31:35.000,3923.0000,3411,0,29419200.000,0,-,-,-,-,3922.4000,3922.2000,3922.0000,3920.6000,3920.2000,3924.8000,3925.0000,3927.2000,3931.2000,3939.0000,1,1,3,1,1,1,1,2,8,1
SF,IF2006,2019-11-20 09:31:35.500,3923.0000,3411,0,29419200.000,0,-,-,-,-,3922.6000,3922.4000,3922.2000,3922.0000,3920.6000,3924.6000,3924.8000,3925.0000,3927.2000,3931.2000,2,1,1,3,1,1,1,1,2,8
SF,IF2006,2019-11-20 09:31:36.000,3923.0000,3411,0,29419200.000,0,-,-,-,-,3923.2000,3922.6000,3922.4000,3922.2000,3922.0000,3924.6000,3925.0000,3927.2000,3931.2000,3939.0000,1,3,1,1,3,1,1,2,8,1
SF,IF2006,2019-11-20 09:31:36.500,3923.0000,3411,0,29419200.000,0,-,-,-,-,3923.2000,3922.6000,3922.4000,3922.2000,3922.0000,3924.6000,3925.0000,3927.2000,3931.2000,3939.0000,1,2,1,1,3,1,1,2,8,1
SF,IF2006,2019-11-20 09:31:37.000,3923.0000,3411,0,29419200.000,0,-,-,-,-,3923.2000,3922.6000,3922.4000,3922.2000,3922.0000,3925.0000,3927.2000,3931.2000,3939.0000,3965.6000,1,1,1,1,3,1,2,8,1,1
SF,IF2006,2019-11-20 09:31:37.500,3923.0000,3411,0,29419200.000,0,-,-,-,-,3923.2000,3922.6000,3922.4000,3922.2000,3922.0000,3924.8000,3925.0000,3927.2000,3931.2000,3939.0000,1,1,1,1,3,1,1,2,8,1
SF,IF2006,2019-11-20 09:31:40.000,3923.0000,3411,0,29419200.000,0,-,-,-,-,3923.2000,3922.6000,3922.4000,3922.2000,3920.6000,3924.8000,3925.0000,3927.2000,3931.2000,3939.0000,1,1,1,1,1,1,1,2,8,1
SF,IF2006,2019-11-20 09:31:40.500,3923.0000,3411,0,29419200.000,0,-,-,-,-,3923.2000,3922.6000,3922.4000,3922.2000,3920.6000,3925.0000,3927.2000,3931.2000,3939.0000,3965.6000,1,1,1,1,1,1,2,8,1,1
SF,IF2006,2019-11-20 09:31:41.000,3925.0000,3411,0,30596700.000,1,0,1,多换,S,3923.4000,3923.2000,3922.6000,3922.4000,3922.2000,3927.2000,3931.2000,3939.0000,3965.6000,3999.8000,1,1,1,1,1,2,8,1,1,3
SF,IF2006,2019-11-20 09:31:41.500,3925.0000,3411,0,30596700.000,0,-,-,-,-,3923.4000,3923.2000,3922.6000,3922.4000,3922.2000,3927.0000,3927.2000,3931.2000,3939.0000,3965.6000,1,1,1,1,1,4,2,8,1,1
SF,IF2006,2019-11-20 09:31:42.000,3925.0000,3411,0,30596700.000,0,-,-,-,-,3923.4000,3923.2000,3922.6000,3922.4000,3922.2000,3926.8000,3927.0000,3927.2000,3931.2000,3939.0000,1,1,1,1,1,1,4,2,8,1
SF,IF2006,2019-11-20 09:31:42.500,3925.0000,3411,0,30596700.000,0,-,-,-,-,3923.4000,3923.2000,3922.6000,3922.4000,3922.2000,3926.2000,3926.4000,3926.6000,3926.8000,3927.0000,1,1,1,1,1,1,1,2,1,1
SF,IF2006,2019-11-20 09:31:43.000,3925.0000,3411,0,30596700.000,0,-,-,-,-,3923.4000,3923.2000,3922.6000,3922.4000,3922.2000,3926.0000,3926.2000,3926.4000,3926.8000,3927.0000,1,1,1,1,1,1,1,1,1,1
SF,IF2006,2019-11-20 09:31:43.500,3925.0000,3411,0,30596700.000,0,-,-,-,-,3924.0000,3923.8000,3923.4000,3923.2000,3922.4000,3926.0000,3926.2000,3926.4000,3926.8000,3927.2000,1,1,1,1,1,1,1,1,1,2
SF,IF2006,2019-11-20 09:31:44.000,3925.0000,3411,0,30596700.000,0,-,-,-,-,3924.0000,3923.8000,3923.6000,3923.2000,3922.4000,3926.0000,3926.2000,3926.4000,3926.8000,3927.2000,1,1,1,1,1,1,1,1,1,2
SF,IF2006,2019-11-20 09:31:44.500,3925.0000,3411,0,30596700.000,0,-,-,-,-,3924.0000,3923.8000,3923.6000,3923.2000,3922.4000,3925.8000,3926.0000,3926.4000,3926.8000,3927.2000,1,1,1,1,1,1,1,1,1,2
SF,IF2006,2019-11-20 09:31:45.000,3925.0000,3411,0,30596700.000,0,-,-,-,-,3924.0000,3923.8000,3923.6000,3923.2000,3922.4000,3925.8000,3926.4000,3926.8000,3927.2000,3931.2000,1,1,1,1,1,1,1,1,2,8
SF,IF2006,2019-11-20 09:31:45.500,3925.0000,3411,0,30596700.000,0,-,-,-,-,3924.0000,3923.8000,3923.6000,3923.2000,3922.4000,3926.4000,3927.2000,3931.2000,3939.0000,3965.6000,1,1,1,1,1,1,2,8,1,1
SF,IF2006,2019-11-20 09:31:46.000,3925.0000,3411,0,30596700.000,0,-,-,-,-,3924.0000,3923.8000,3923.2000,3922.4000,3922.2000,3925.6000,3926.2000,3927.2000,3931.2000,3939.0000,1,1,1,1,1,1,1,2,8,1
SF,IF2006,2019-11-20 09:31:46.500,3925.0000,3411,0,30596700.000,0,-,-,-,-,3924.0000,3923.8000,3923.2000,3922.4000,3922.2000,3925.6000,3927.2000,3931.2000,3939.0000,3965.6000,1,1,1,1,1,1,2,8,1,1
SF,IF2006,2019-11-20 09:31:47.000,3925.0000,3411,0,30596700.000,0,-,-,-,-,3924.0000,3923.8000,3923.2000,3922.4000,3922.2000,3927.2000,3931.2000,3939.0000,3965.6000,3999.8000,1,1,1,1,1,2,8,1,1,3
SF,IF2006,2019-11-20 09:31:47.500,3925.0000,3411,0,30596700.000,0,-,-,-,-,3924.0000,3923.8000,3923.2000,3922.4000,3922.2000,3927.0000,3927.2000,3931.2000,3939.0000,3965.6000,1,1,1,1,1,2,2,8,1,1
SF,IF2006,2019-11-20 09:31:48.000,3925.0000,3411,0,30596700.000,0,-,-,-,-,3924.0000,3923.8000,3923.2000,3922.4000,3922.2000,3927.0000,3927.2000,3931.2000,3939.0000,3965.6000,1,1,1,1,1,2,2,8,1,1
SF,IF2006,2019-11-20 09:31:48.500,3925.0000,3411,0,30596700.000,0,-,-,-,-,3924.0000,3922.4000,3922.2000,3920.6000,3920.2000,3927.0000,3927.2000,3931.2000,3939.0000,3965.6000,1,1,1,1,1,2,2,8,1,1
SF,IF2006,2019-11-20 09:31:50.000,3925.0000,3411,0,30596700.000,0,-,-,-,-,3924.0000,3922.4000,3922.2000,3920.6000,3920.2000,3926.6000,3927.0000,3927.2000,3931.2000,3939.0000,1,1,1,1,1,1,2,2,8,1
SF,IF2006,2019-11-20 09:31:50.500,3926.4000,3411,0,31774620.000,1,0,1,多换,S,3924.0000,3923.8000,3922.4000,3922.2000,3920.6000,3926.6000,3927.2000,3927.6000,3931.2000,3939.0000,1,1,1,1,1,2,2,1,8,1
SF,IF2006,2019-11-20 09:31:51.000,3926.4000,3411,0,31774620.000,0,-,-,-,-,3924.2000,3924.0000,3922.4000,3922.2000,3920.6000,3926.6000,3927.2000,3931.2000,3939.0000,3965.6000,1,1,1,1,1,2,2,8,1,1
SF,IF2006,2019-11-20 09:31:52.000,3926.4000,3411,0,31774620.000,0,-,-,-,-,3924.2000,3924.0000,3922.4000,3922.2000,3920.6000,3926.0000,3926.2000,3927.2000,3931.2000,3939.0000,1,1,1,1,1,1,1,2,8,1
SF,IF2006,2019-11-20 09:31:52.500,3926.4000,3411,0,31774620.000,0,-,-,-,-,3924.2000,3924.0000,3922.4000,3922.2000,3920.6000,3926.0000,3926.2000,3927.2000,3931.2000,3939.0000,1,1,1,1,1,1,1,2,8,1
SF,IF2006,2019-11-20 09:31:53.000,3926.4000,3411,0,31774620.000,0,-,-,-,-,3924.2000,3924.0000,3922.4000,3922.2000,3920.6000,3926.0000,3927.2000,3931.2000,3939.0000,3965.6000,1,1,1,1,1,1,2,8,1,1
SF,IF2006,2019-11-20 09:31:54.000,3926.4000,3411,0,31774620.000,0,-,-,-,-,3924.4000,3924.2000,3922.4000,3922.2000,3920.6000,3926.0000,3927.2000,3931.2000,3939.0000,3965.6000,1,1,1,1,1,1,2,8,1,1
SF,IF2006,2019-11-20 09:31:54.500,3926.4000,3411,0,31774620.000,0,-,-,-,-,3922.4000,3922.2000,3920.6000,3920.2000,3919.2000,3926.0000,3927.2000,3931.2000,3939.0000,3965.6000,1,1,1,1,1,1,2,8,1,1
SF,IF2006,2019-11-20 09:31:55.000,3926.4000,3411,0,31774620.000,0,-,-,-,-,3922.8000,3922.4000,3922.2000,3920.6000,3920.2000,3926.0000,3927.2000,3931.2000,3939.0000,3965.6000,3,1,1,1,1,1,2,8,1,1
SF,IF2006,2019-11-20 09:31:55.500,3926.4000,3411,0,31774620.000,0,-,-,-,-,3923.0000,3922.8000,3922.4000,3922.2000,3920.6000,3926.0000,3927.2000,3931.2000,3939.0000,3965.6000,1,3,1,1,1,1,2,8,1,1
SF,IF2006,2019-11-20 09:31:56.000,3926.4000,3411,0,31774620.000,0,-,-,-,-,3924.0000,3923.2000,3922.4000,3922.2000,3920.6000,3926.0000,3927.2000,3931.2000,3939.0000,3965.6000,1,2,1,1,1,1,2,8,1,1
SF,IF2006,2019-11-20 09:31:56.500,3926.4000,3411,0,31774620.000,0,-,-,-,-,3924.2000,3924.0000,3922.4000,3922.2000,3920.6000,3926.0000,3927.2000,3931.2000,3939.0000,3965.6000,1,1,1,1,1,1,2,8,1,1
SF,IF2006,2019-11-20 09:31:58.000,3926.4000,3411,0,31774620.000,0,-,-,-,-,3924.2000,3922.4000,3922.2000,3920.6000,3920.2000,3925.8000,3926.0000,3927.2000,3931.2000,3939.0000,1,1,1,1,1,1,1,2,8,1
SF,IF2006,2019-11-20 09:31:58.500,3926.4000,3411,0,31774620.000,0,-,-,-,-,3924.2000,3922.4000,3922.2000,3920.6000,3920.2000,3926.0000,3927.2000,3931.2000,3939.0000,3965.6000,1,1,1,1,1,1,2,8,1,1
SF,IF2006,2019-11-20 09:31:59.000,3926.4000,3411,0,31774620.000,0,-,-,-,-,3924.2000,3922.4000,3922.2000,3920.6000,3920.2000,3926.0000,3927.2000,3931.2000,3939.0000,3965.6000,1,1,1,1,1,1,2,8,1,1
SF,IF2006,2019-11-20 09:31:59.500,3926.4000,3411,0,31774620.000,0,-,-,-,-,3924.2000,3922.4000,3922.2000,3920.6000,3920.2000,3925.8000,3926.0000,3927.2000,3931.2000,3939.0000,1,1,1,1,1,1,1,2,8,1
SF,IF2006,2019-11-20 09:32:00.000,3924.2000,3411,0,32951880.000,1,0,1,多换,S,3922.8000,3922.4000,3922.2000,3920.6000,3920.2000,3925.8000,3926.0000,3926.4000,3927.2000,3931.2000,1,1,1,1,1,1,1,1,2,8
SF,IF2006,2019-11-20 09:32:00.500,3924.2000,3411,0,32951880.000,0,-,-,-,-,3922.8000,3922.4000,3922.2000,3920.6000,3920.2000,3925.8000,3926.0000,3927.2000,3931.2000,3939.0000,1,1,1,1,1,1,1,2,8,1
SF,IF2006,2019-11-20 09:32:01.000,3924.2000,3411,0,32951880.000,0,-,-,-,-,3923.2000,3922.8000,3922.4000,3922.2000,3920.6000,3925.6000,3925.8000,3926.0000,3927.2000,3931.2000,1,1,1,1,1,1,1,1,2,8
SF,IF2006,2019-11-20 09:32:01.500,3924.2000,3411,0,32951880.000,0,-,-,-,-,3923.6000,3922.4000,3922.2000,3922.0000,3920.6000,3925.4000,3925.6000,3925.8000,3927.2000,3931.2000,1,1,1,1,1,2,1,1,2,8
SF,IF2006,2019-11-20 09:32:02.000,3924.2000,3411,0,32951880.000,0,-,-,-,-,3922.4000,3922.2000,3922.0000,3920.6000,3920.2000,3925.2000,3925.4000,3925.8000,3927.2000,3931.2000,1,1,1,1,1,1,2,1,2,8
SF,IF2006,2019-11-20 09:32:02.500,3924.2000,3411,0,32951880.000,0,-,-,-,-,3922.6000,3922.4000,3922.2000,3922.0000,3921.2000,3925.2000,3925.4000,3927.2000,3931.2000,3939.0000,2,1,1,1,1,1,2,2,8,1
SF,IF2006,2019-11-20 09:32:03.000,3924.2000,3411,0,32951880.000,0,-,-,-,-,3922.8000,3922.6000,3922.4000,3922.2000,3922.0000,3925.2000,3925.4000,3927.2000,3931.2000,3939.0000,1,2,1,1,1,1,2,2,8,1
SF,IF2006,2019-11-20 09:32:03.500,3924.2000,3411,0,32951880.000,0,-,-,-,-,3923.2000,3923.0000,3922.8000,3922.4000,3922.2000,3925.4000,3927.2000,3931.2000,3939.0000,3965.6000,1,1,1,1,1,1,2,8,1,1
SF,IF2006,2019-11-20 09:32:04.000,3924.2000,3411,0,32951880.000,0,-,-,-,-,3923.4000,3923.2000,3922.8000,3922.4000,3922.2000,3927.2000,3931.2000,3939.0000,3965.6000,3999.8000,1,2,1,1,1,2,8,1,1,3
SF,IF2006,2019-11-20 09:32:04.500,3924.2000,3411,0,32951880.000,0,-,-,-,-,3923.4000,3923.2000,3922.8000,3922.4000,3922.2000,3926.8000,3927.0000,3927.2000,3931.2000,3939.0000,1,1,1,1,1,1,3,2,8,1
SF,IF2006,2019-11-20 09:32:05.000,3924.2000,3411,0,32951880.000,0,-,-,-,-,3923.8000,3923.4000,3923.2000,3922.8000,3922.4000,3926.2000,3926.4000,3926.6000,3927.2000,3931.2000,1,1,1,1,1,1,1,3,2,8
SF,IF2006,2019-11-20 09:32:05.500,3924.2000,3411,0,32951880.000,0,-,-,-,-,3923.8000,3923.2000,3922.8000,3922.4000,3922.2000,3926.0000,3926.2000,3926.4000,3926.6000,3927.2000,1,1,1,1,1,1,1,1,1,2
SF,IF2006,2019-11-20 09:32:06.000,3924.2000,3411,0,32951880.000,0,-,-,-,-,3923.8000,3923.2000,3922.8000,3922.4000,3922.2000,3925.8000,3926.0000,3926.4000,3926.6000,3927.2000,1,1,1,1,1,1,1,1,1,2
SF,IF2006,2019-11-20 09:32:06.500,3924.2000,3411,0,32951880.000,0,-,-,-,-,3923.8000,3923.2000,3922.8000,3922.4000,3922.2000,3925.6000,3925.8000,3926.4000,3926.6000,3927.2000,1,1,1,1,1,1,1,1,1,2
SF,IF2006,2019-11-20 09:32:07.500,3924.2000,3411,0,32951880.000,0,-,-,-,-,3923.8000,3923.2000,3922.8000,3922.4000,3922.2000,3925.6000,3926.4000,3926.6000,3927.2000,3931.2000,1,1,1,1,1,1,1,1,2,8
SF,IF2006,2019-11-20 09:32:08.000,3924.2000,3411,0,32951880.000,0,-,-,-,-,3923.8000,3923.2000,3922.4000,3922.2000,3922.0000,3925.6000,3926.4000,3926.6000,3927.2000,3931.2000,1,2,1,1,1,1,1,1,2,8
SF,IF2006,2019-11-20 09:32:08.500,3924.2000,3411,0,32951880.000,0,-,-,-,-,3922.4000,3922.2000,3922.0000,3921.2000,3920.6000,3925.6000,3926.6000,3927.2000,3931.2000,3939.0000,1,1,1,1,1,1,1,2,8,1
SF,IF2006,2019-11-20 09:32:09.000,3924.2000,3411,0,32951880.000,0,-,-,-,-,3922.6000,3922.4000,3922.2000,3922.0000,3921.2000,3925.6000,3926.6000,3927.2000,3931.2000,3939.0000,2,1,1,1,1,1,1,2,8,1
SF,IF2006,2019-11-20 09:32:09.500,3924.2000,3411,0,32951880.000,0,-,-,-,-,3922.6000,3922.4000,3922.2000,3922.0000,3920.6000,3925.6000,3926.6000,3927.2000,3931.2000,3939.0000,2,1,1,1,1,1,1,2,8,1
SF,IF2006,2019-11-20 09:32:10.000,3924.2000,3411,0,32951880.000,0,-,-,-,-,3923.0000,3922.8000,3922.6000,3922.4000,3922.2000,3925.6000,3926.6000,3927.2000,3931.2000,3939.0000,2,1,2,1,1,1,1,2,8,1
SF,IF2006,2019-11-20 09:32:10.500,3924.2000,3411,0,32951880.000,0,-,-,-,-,3923.2000,3923.0000,3922.8000,3922.4000,3922.2000,3925.6000,3926.6000,3927.2000,3931.2000,3939.0000,1,2,1,1,1,1,1,2,8,1
SF,IF2006,2019-11-20 09:32:12.000,3924.2000,3411,0,32951880.000,0,-,-,-,-,3923.2000,3923.0000,3922.8000,3922.4000,3922.2000,3925.6000,3926.6000,3927.2000,3931.2000,3939.0000,1,1,1,1,1,1,1,2,8,1
SF,IF2006,2019-11-20 09:32:14.000,3924.2000,3411,0,32951880.000,0,-,-,-,-,3923.2000,3922.8000,3922.4000,3922.2000,3922.0000,3925.6000,3926.6000,3927.2000,3931.2000,3939.0000,1,1,1,1,1,1,1,2,8,1
SF,IF2006,2019-11-20 09:32:15.500,3924.2000,3411,0,32951880.000,0,-,-,-,-,3923.2000,3922.4000,3922.2000,3922.0000,3920.6000,3925.6000,3926.6000,3927.2000,3931.2000,3939.0000,1,1,1,1,1,1,1,2,8,1
SF,IF2006,2019-11-20 09:32:19.000,3924.2000,3411,0,32951880.000,0,-,-,-,-,3923.4000,3923.2000,3922.4000,3922.2000,3922.0000,3925.6000,3926.6000,3927.2000,3931.2000,3939.0000,1,1,1,1,1,1,1,2,8,1
SF,IF2006,2019-11-20 09:32:19.500,3924.2000,3411,0,32951880.000,0,-,-,-,-,3922.4000,3922.2000,3922.0000,3920.6000,3920.2000,3925.6000,3926.6000,3927.2000,3931.2000,3939.0000,1,1,1,1,1,1,1,2,8,1
SF,IF2006,2019-11-20 09:32:20.000,3924.2000,3411,0,32951880.000,0,-,-,-,-,3922.6000,3922.4000,3922.2000,3922.0000,3920.6000,3925.6000,3926.6000,3927.2000,3931.2000,3939.0000,2,1,1,1,1,1,1,2,8,1
SF,IF2006,2019-11-20 09:32:21.000,3924.2000,3411,0,32951880.000,0,-,-,-,-,3922.6000,3922.4000,3922.2000,3922.0000,3920.6000,3925.2000,3925.6000,3926.6000,3927.2000,3931.2000,2,1,1,1,1,1,1,1,2,8
SF,IF2006,2019-11-20 09:32:21.500,3924.2000,3411,0,32951880.000,0,-,-,-,-,3922.6000,3922.2000,3922.0000,3920.6000,3920.2000,3925.2000,3926.6000,3927.2000,3931.2000,3939.0000,2,1,1,1,1,1,1,2,8,1
SF,IF2006,2019-11-20 09:32:22.000,3924.2000,3411,0,32951880.000,0,-,-,-,-,3922.8000,3922.6000,3922.2000,3922.0000,3920.6000,3925.2000,3926.6000,3927.2000,3931.2000,3939.0000,1,2,1,1,1,1,1,2,8,1
SF,IF2006,2019-11-20 09:32:22.500,3924.2000,3411,0,32951880.000,0,-,-,-,-,3923.0000,3922.8000,3922.2000,3922.0000,3920.6000,3925.2000,3926.6000,3927.2000,3931.2000,3939.0000,2,1,1,1,1,1,1,2,8,1
SF,IF2006,2019-11-20 09:32:23.500,3924.2000,3411,0,32951880.000,0,-,-,-,-,3923.0000,3922.2000,3922.0000,3920.6000,3920.2000,3926.6000,3927.2000,3931.2000,3939.0000,3965.6000,2,1,1,1,1,1,2,8,1,1
SF,IF2006,2019-11-20 09:32:24.000,3924.2000,3411,0,32951880.000,0,-,-,-,-,3923.6000,3923.2000,3923.0000,3922.2000,3922.0000,3926.0000,3926.4000,3926.6000,3927.2000,3931.2000,1,1,2,1,1,1,2,1,2,8
SF,IF2006,2019-11-20 09:32:24.500,3924.2000,3411,0,32951880.000,0,-,-,-,-,3923.8000,3923.6000,3923.2000,3922.2000,3922.0000,3925.8000,3926.0000,3926.6000,3927.2000,3931.2000,1,1,1,1,1,1,1,1,2,8
SF,IF2006,2019-11-20 09:32:25.000,3924.2000,3411,0,32951880.000,0,-,-,-,-,3923.8000,3923.6000,3922.2000,3922.0000,3920.6000,3925.8000,3926.0000,3926.6000,3927.2000,3931.2000,1,1,1,1,1,1,1,1,2,8
SF,IF2006,2019-11-20 09:32:26.000,3924.2000,3411,0,32951880.000,0,-,-,-,-,3923.8000,3922.2000,3922.0000,3920.6000,3920.2000,3925.8000,3926.0000,3926.6000,3927.2000,3931.2000,1,1,1,1,1,1,1,1,2,8
SF,IF2006,2019-11-20 09:32:27.500,3924.2000,3411,0,32951880.000,0,-,-,-,-,3923.8000,3922.2000,3922.0000,3920.6000,3920.2000,3925.8000,3926.0000,3927.2000,3931.2000,3939.0000,1,1,1,1,1,1,1,2,8,1
SF,IF2006,2019-11-20 09:32:29.500,3924.2000,3411,0,32951880.000,0,-,-,-,-,3923.8000,3922.2000,3922.0000,3920.6000,3920.2000,3925.8000,3926.0000,3927.2000,3931.2000,3939.0000,1,1,1,1,1,2,1,2,8,1
SF,IF2006,2019-11-20 09:32:30.000,3924.2000,3411,0,32951880.000,0,-,-,-,-,3923.8000,3922.2000,3922.0000,3920.6000,3920.2000,3925.8000,3926.0000,3927.2000,3931.2000,3939.0000,1,1,1,1,1,2,1,2,8,1
SF,IF2006,2019-11-20 09:32:31.000,3924.2000,3411,0,32951880.000,0,-,-,-,-,3923.8000,3922.2000,3922.0000,3920.6000,3920.2000,3925.4000,3925.8000,3927.2000,3931.2000,3939.0000,1,1,1,1,1,1,2,2,8,1
SF,IF2006,2019-11-20 09:32:31.500,3924.2000,3411,0,32951880.000,0,-,-,-,-,3923.8000,3922.2000,3922.0000,3920.6000,3920.2000,3925.4000,3925.8000,3927.2000,3931.2000,3939.0000,1,1,1,1,1,1,1,2,8,1
SF,IF2006,2019-11-20 09:32:32.000,3924.2000,3411,0,32951880.000,0,-,-,-,-,3923.8000,3922.2000,3922.0000,3920.6000,3920.2000,3925.2000,3925.4000,3927.2000,3931.2000,3939.0000,1,1,1,1,1,1,1,2,8,1
SF,IF2006,2019-11-20 09:32:32.500,3924.2000,3411,0,32951880.000,0,-,-,-,-,3923.8000,3922.2000,3922.0000,3920.6000,3920.2000,3925.2000,3927.2000,3931.2000,3939.0000,3965.6000,1,1,1,1,1,1,2,8,1,1
SF,IF2006,2019-11-20 09:32:33.500,3924.2000,3411,0,32951880.000,0,-,-,-,-,3923.8000,3922.2000,3922.0000,3920.6000,3920.2000,3927.2000,3931.2000,3939.0000,3965.6000,3999.8000,1,1,1,1,1,2,8,1,1,3
SF,IF2006,2019-11-20 09:32:34.000,3924.2000,3411,0,32951880.000,0,-,-,-,-,3923.8000,3922.2000,3922.0000,3920.6000,3920.2000,3926.8000,3927.2000,3931.2000,3939.0000,3965.6000,1,1,1,1,1,3,2,8,1,1
SF,IF2006,2019-11-20 09:32:34.500,3924.2000,3411,0,32951880.000,0,-,-,-,-,3923.8000,3922.2000,3922.0000,3920.6000,3920.2000,3926.6000,3927.2000,3931.2000,3939.0000,3965.6000,1,1,1,1,1,2,2,8,1,1
SF,IF2006,2019-11-20 09:32:35.000,3924.2000,3411,0,32951880.000,0,-,-,-,-,3923.8000,3922.2000,3922.0000,3920.6000,3920.2000,3926.4000,3926.6000,3927.2000,3931.2000,3939.0000,1,1,1,1,1,2,1,2,8,1
SF,IF2006,2019-11-20 09:32:35.500,3924.2000,3411,0,32951880.000,0,-,-,-,-,3924.4000,3923.8000,3922.2000,3922.0000,3920.6000,3926.4000,3927.2000,3931.2000,3939.0000,3965.6000,1,1,1,1,1,2,2,8,1,1
SF,IF2006,2019-11-20 09:32:36.000,3924.2000,3411,0,32951880.000,0,-,-,-,-,3924.6000,3924.4000,3922.2000,3922.0000,3920.6000,3926.4000,3927.2000,3931.2000,3939.0000,3965.6000,2,1,1,1,1,2,2,8,1,1
SF,IF2006,2019-11-20 09:32:37.000,3924.2000,3411,0,32951880.000,0,-,-,-,-,3925.0000,3924.6000,3924.4000,3922.2000,3922.0000,3926.4000,3927.2000,3931.2000,3939.0000,3965.6000,1,2,1,1,1,2,2,8,1,1
SF,IF2006,2019-11-20 09:32:37.500,3924.2000,3411,0,32951880.000,0,-,-,-,-,3924.4000,3922.2000,3922.0000,3920.6000,3920.2000,3926.2000,3926.4000,3927.2000,3931.2000,3939.0000,1,1,1,1,1,1,2,2,8,1
SF,IF2006,2019-11-20 09:32:38.000,3924.2000,3411,0,32951880.000,0,-,-,-,-,3924.6000,3924.4000,3922.2000,3922.0000,3920.6000,3926.2000,3926.4000,3927.2000,3931.2000,3939.0000,2,1,1,1,1,1,2,2,8,1
SF,IF2006,2019-11-20 09:32:38.500,3924.2000,3411,0,32951880.000,0,-,-,-,-,3924.6000,3924.4000,3922.2000,3922.0000,3920.6000,3926.2000,3926.4000,3927.2000,3931.2000,3939.0000,2,1,1,1,1,1,2,1,8,1
SF,IF2006,2019-11-20 09:32:39.000,3924.2000,3411,0,32951880.000,0,-,-,-,-,3924.6000,3924.4000,3922.2000,3922.0000,3920.6000,3926.4000,3927.2000,3931.2000,3939.0000,3965.6000,2,1,1,1,1,2,1,8,1,1
SF,IF2006,2019-11-20 09:32:40.500,3924.2000,3411,0,32951880.000,0,-,-,-,-,3924.6000,3924.4000,3923.4000,3922.2000,3922.0000,3927.2000,3931.2000,3939.0000,3965.6000,3999.8000,2,1,1,1,1,1,8,1,1,3
SF,IF2006,2019-11-20 09:32:41.000,3924.2000,3411,0,32951880.000,0,-,-,-,-,3924.6000,3924.4000,3923.4000,3922.2000,3922.0000,3927.0000,3927.2000,3931.2000,3939.0000,3965.6000,2,1,1,1,1,2,1,8,1,1
SF,IF2006,2019-11-20 09:32:42.500,3924.2000,3411,0,32951880.000,0,-,-,-,-,3925.0000,3924.6000,3924.4000,3923.4000,3922.2000,3927.0000,3927.2000,3931.2000,3939.0000,3965.6000,1,2,1,1,1,2,1,8,1,1
SF,IF2006,2019-11-20 09:32:43.000,3924.2000,3411,0,32951880.000,0,-,-,-,-,3925.2000,3925.0000,3924.4000,3923.4000,3922.2000,3927.2000,3931.2000,3939.0000,3965.6000,3999.8000,2,1,1,1,1,1,8,1,1,3
SF,IF2006,2019-11-20 09:32:44.000,3924.2000,3411,0,32951880.000,0,-,-,-,-,3925.2000,3925.0000,3924.4000,3923.4000,3922.2000,3927.2000,3931.2000,3939.0000,3965.6000,3999.8000,2,1,1,1,1,1,8,1,1,3
SF,IF2006,2019-11-20 09:32:44.500,3924.2000,3411,0,32951880.000,0,-,-,-,-,3925.2000,3925.0000,3924.4000,3923.4000,3922.2000,3927.2000,3931.2000,3939.0000,3965.6000,3999.8000,2,1,1,1,1,1,8,1,1,3
SF,IF2006,2019-11-20 09:32:45.000,3924.2000,3411,0,32951880.000,0,-,-,-,-,3925.2000,3925.0000,3924.4000,3923.4000,3922.2000,3927.0000,3927.2000,3931.2000,3939.0000,3965.6000,2,1,1,1,1,1,1,8,1,1
SF,IF2006,2019-11-20 09:32:46.000,3924.2000,3411,0,32951880.000,0,-,-,-,-,3925.2000,3923.4000,3922.2000,3922.0000,3920.6000,3927.0000,3927.2000,3931.2000,3939.0000,3965.6000,2,1,1,1,1,1,1,8,1,1
SF,IF2006,2019-11-20 09:32:50.500,3925.2000,3411,0,34129440.000,1,0,1,多换,S,3925.2000,3923.4000,3922.2000,3922.0000,3920.6000,3926.8000,3927.0000,3927.2000,3931.2000,3939.0000,1,1,1,1,1,1,1,1,8,1
SF,IF2006,2019-11-20 09:32:51.000,3925.2000,3411,0,34129440.000,0,-,-,-,-,3923.4000,3922.2000,3922.0000,3920.6000,3920.2000,3926.6000,3926.8000,3927.2000,3931.2000,3939.0000,1,1,1,1,1,2,1,1,8,1
SF,IF2006,2019-11-20 09:32:51.500,3925.2000,3411,0,34129440.000,0,-,-,-,-,3924.0000,3923.4000,3922.2000,3922.0000,3920.6000,3926.6000,3926.8000,3927.2000,3931.2000,3939.0000,3,1,1,1,1,2,1,1,8,1
SF,IF2006,2019-11-20 09:32:52.000,3925.2000,3411,0,34129440.000,0,-,-,-,-,3924.4000,3924.0000,3923.4000,3922.2000,3922.0000,3926.6000,3927.2000,3931.2000,3939.0000,3965.6000,1,3,1,1,1,2,1,8,1,1
SF,IF2006,2019-11-20 09:32:52.500,3925.2000,3411,0,34129440.000,0,-,-,-,-,3924.6000,3924.4000,3924.2000,3923.4000,3922.2000,3926.6000,3927.2000,3931.2000,3939.0000,3965.6000,1,1,1,1,1,2,1,8,1,1
SF,IF2006,2019-11-20 09:32:53.000,3925.2000,3411,0,34129440.000,0,-,-,-,-,3924.6000,3924.4000,3923.4000,3922.2000,3922.0000,3926.6000,3927.2000,3931.2000,3939.0000,3965.6000,1,1,1,1,1,2,1,8,1,1
SF,IF2006,2019-11-20 09:32:54.000,3925.2000,3411,0,34129440.000,0,-,-,-,-,3924.8000,3924.6000,3924.4000,3923.4000,3922.2000,3926.6000,3927.2000,3931.2000,3939.0000,3965.6000,1,1,1,1,1,2,1,8,1,1
SF,IF2006,2019-11-20 09:32:54.500,3925.2000,3411,0,34129440.000,0,-,-,-,-,3925.6000,3925.0000,3924.8000,3924.4000,3923.4000,3927.2000,3931.2000,3939.0000,3965.6000,3999.8000,1,2,1,1,1,1,8,1,1,3
SF,IF2006,2019-11-20 09:32:55.000,3925.2000,3411,0,34129440.000,0,-,-,-,-,3925.6000,3924.8000,3924.4000,3923.4000,3922.2000,3927.0000,3927.2000,3931.2000,3939.0000,3965.6000,1,1,1,1,1,2,1,8,1,1
SF,IF2006,2019-11-20 09:32:55.500,3925.2000,3411,0,34129440.000,0,-,-,-,-,3925.6000,3924.8000,3924.4000,3923.4000,3922.2000,3927.0000,3927.2000,3931.2000,3939.0000,3965.6000,1,1,1,1,1,2,1,8,1,1
SF,IF2006,2019-11-20 09:32:56.000,3925.2000,3411,0,34129440.000,0,-,-,-,-,3925.6000,3924.8000,3924.4000,3923.4000,3922.2000,3927.2000,3931.2000,3939.0000,3965.6000,3999.8000,1,1,1,1,1,1,8,1,1,3
SF,IF2006,2019-11-20 09:32:56.500,3925.2000,3411,0,34129440.000,0,-,-,-,-,3925.6000,3924.8000,3924.4000,3923.4000,3922.2000,3927.0000,3927.2000,3931.2000,3939.0000,3965.6000,1,1,1,1,1,1,1,8,1,1
SF,IF2006,2019-11-20 09:32:57.000,3925.2000,3411,0,34129440.000,0,-,-,-,-,3925.6000,3924.8000,3923.4000,3922.2000,3922.0000,3927.0000,3927.2000,3931.2000,3939.0000,3965.6000,1,1,1,1,1,1,1,8,1,1
SF,IF2006,2019-11-20 09:32:57.500,3925.2000,3411,0,34129440.000,0,-,-,-,-,3925.8000,3925.6000,3924.8000,3923.4000,3922.2000,3927.2000,3931.2000,3939.0000,3965.6000,3999.8000,1,1,1,1,1,1,8,1,1,3
SF,IF2006,2019-11-20 09:32:59.500,3925.2000,3411,0,34129440.000,0,-,-,-,-,3925.8000,3925.6000,3925.4000,3924.8000,3923.4000,3927.2000,3931.2000,3939.0000,3965.6000,3999.8000,1,1,1,1,1,1,8,1,1,3
SF,IF2006,2019-11-20 09:33:00.000,3925.2000,3411,0,34129440.000,0,-,-,-,-,3925.6000,3925.4000,3924.8000,3923.4000,3922.2000,3927.0000,3927.2000,3931.2000,3939.0000,3965.6000,1,1,1,1,1,2,1,8,1,1
SF,IF2006,2019-11-20 09:33:00.500,3925.2000,3411,0,34129440.000,0,-,-,-,-,3925.6000,3925.4000,3923.4000,3922.2000,3922.0000,3927.0000,3927.2000,3931.2000,3939.0000,3965.6000,1,1,1,1,1,2,1,8,1,1
SF,IF2006,2019-11-20 09:33:01.000,3925.6000,3411,0,35307120.000,1,0,1,多换,S,3925.4000,3925.0000,3923.4000,3922.2000,3922.0000,3927.0000,3927.2000,3931.2000,3939.0000,3965.6000,1,1,1,1,1,2,1,8,1,1
SF,IF2006,2019-11-20 09:33:01.500,3925.6000,3411,0,35307120.000,0,-,-,-,-,3925.4000,3925.0000,3922.2000,3922.0000,3920.2000,3927.0000,3927.2000,3931.2000,3939.0000,3965.6000,1,1,1,1,1,2,1,8,1,1
SF,IF2006,2019-11-20 09:33:02.000,3925.4000,3412,1,36484740.000,1,1,0,双开,S,3925.0000,3922.2000,3922.0000,3920.2000,3920.0000,3927.0000,3927.2000,3931.2000,3939.0000,3965.6000,1,1,1,1,1,2,1,8,1,1
SF,IF2006,2019-11-20 09:33:04.000,3925.0000,3413,1,37662240.000,1,1,0,双开,S,3922.2000,3922.0000,3920.2000,3920.0000,3919.2000,3927.0000,3927.2000,3931.2000,3939.0000,3965.6000,1,1,1,1,1,2,1,8,1,1
SF,IF2006,2019-11-20 09:33:04.500,3925.0000,3413,0,37662240.000,0,-,-,-,-,3923.4000,3922.2000,3922.0000,3920.2000,3920.0000,3927.0000,3927.2000,3931.2000,3939.0000,3965.6000,3,1,1,1,1,2,1,8,1,1
SF,IF2006,2019-11-20 09:33:05.500,3925.0000,3413,0,37662240.000,0,-,-,-,-,3923.4000,3922.2000,3922.0000,3920.2000,3920.0000,3926.8000,3927.0000,3927.2000,3931.2000,3939.0000,3,1,1,1,1,1,2,1,8,1
SF,IF2006,2019-11-20 09:33:06.000,3925.0000,3413,0,37662240.000,0,-,-,-,-,3922.2000,3922.0000,3920.2000,3920.0000,3919.2000,3925.4000,3926.8000,3927.2000,3931.2000,3939.0000,1,1,1,1,1,3,1,1,8,1
SF,IF2006,2019-11-20 09:33:06.500,3925.0000,3413,0,37662240.000,0,-,-,-,-,3922.4000,3922.2000,3922.0000,3920.2000,3920.0000,3925.4000,3926.8000,3927.2000,3931.2000,3939.0000,2,1,1,1,1,3,1,1,8,1
SF,IF2006,2019-11-20 09:33:08.000,3925.0000,3413,0,37662240.000,0,-,-,-,-,3922.6000,3922.4000,3922.2000,3922.0000,3920.2000,3925.4000,3927.2000,3931.2000,3939.0000,3965.6000,1,2,1,1,1,3,1,8,1,1
SF,IF2006,2019-11-20 09:33:08.500,3925.0000,3413,0,37662240.000,0,-,-,-,-,3922.8000,3922.6000,3922.0000,3920.2000,3920.0000,3925.4000,3927.2000,3931.2000,3939.0000,3965.6000,1,1,1,1,1,3,1,8,1,1
SF,IF2006,2019-11-20 09:33:09.500,3925.0000,3413,0,37662240.000,0,-,-,-,-,3922.8000,3922.6000,3922.0000,3920.2000,3920.0000,3925.4000,3927.2000,3931.2000,3939.0000,3965.6000,1,1,2,1,1,3,1,8,1,1
SF,IF2006,2019-11-20 09:33:10.000,3925.0000,3413,0,37662240.000,0,-,-,-,-,3922.6000,3922.0000,3920.2000,3920.0000,3919.2000,3925.4000,3927.2000,3931.2000,3939.0000,3965.6000,1,2,1,1,1,4,1,8,1,1
SF,IF2006,2019-11-20 09:33:10.500,3925.0000,3413,0,37662240.000,0,-,-,-,-,3922.0000,3920.2000,3920.0000,3919.2000,3917.4000,3925.2000,3925.4000,3927.2000,3931.2000,3939.0000,2,1,1,1,3,1,3,1,8,1
SF,IF2006,2019-11-20 09:33:11.000,3925.0000,3413,0,37662240.000,0,-,-,-,-,3922.2000,3922.0000,3920.2000,3920.0000,3919.2000,3924.4000,3925.2000,3927.2000,3931.2000,3939.0000,1,1,1,1,1,3,1,1,8,1
SF,IF2006,2019-11-20 09:33:11.500,3925.0000,3413,0,37662240.000,0,-,-,-,-,3922.2000,3922.0000,3920.2000,3920.0000,3919.2000,3924.2000,3924.8000,3927.2000,3931.2000,3939.0000,2,1,1,1,1,1,1,1,8,1
SF,IF2006,2019-11-20 09:33:12.000,3925.0000,3413,0,37662240.000,0,-,-,-,-,3922.2000,3922.0000,3920.2000,3920.0000,3919.2000,3924.2000,3924.8000,3927.2000,3931.2000,3939.0000,1,1,1,1,1,1,1,1,8,1
SF,IF2006,2019-11-20 09:33:12.500,3925.0000,3413,0,37662240.000,0,-,-,-,-,3922.2000,3922.0000,3920.2000,3920.0000,3919.2000,3924.2000,3927.2000,3931.2000,3939.0000,3965.6000,1,1,1,1,1,1,1,8,1,1
SF,IF2006,2019-11-20 09:33:13.500,3925.0000,3413,0,37662240.000,0,-,-,-,-,3922.2000,3922.0000,3921.2000,3920.2000,3920.0000,3924.2000,3927.2000,3931.2000,3939.0000,3965.6000,1,1,1,1,1,1,1,8,1,1
SF,IF2006,2019-11-20 09:33:14.000,3925.0000,3413,0,37662240.000,0,-,-,-,-,3922.0000,3921.2000,3920.2000,3920.0000,3919.2000,3924.2000,3927.2000,3931.2000,3939.0000,3965.6000,1,1,1,1,1,1,1,8,1,1
SF,IF2006,2019-11-20 09:33:15.000,3925.0000,3413,0,37662240.000,0,-,-,-,-,3923.0000,3922.0000,3921.2000,3920.2000,3920.0000,3924.2000,3927.2000,3931.2000,3939.0000,3965.6000,3,1,1,1,1,1,1,8,1,1
SF,IF2006,2019-11-20 09:33:17.000,3923.0000,3413,0,38839140.000,1,0,1,多换,S,3923.0000,3922.0000,3921.2000,3920.2000,3920.0000,3924.2000,3927.2000,3931.2000,3939.0000,3965.6000,2,1,1,1,1,1,1,8,1,1
SF,IF2006,2019-11-20 09:33:20.500,3923.0000,3413,0,38839140.000,0,-,-,-,-,3923.0000,3922.0000,3921.2000,3920.2000,3920.0000,3924.2000,3927.2000,3931.2000,3939.0000,3965.6000,2,1,1,1,1,1,1,8,1,1
SF,IF2006,2019-11-20 09:33:22.000,3923.0000,3413,0,40016040.000,1,0,1,多换,S,3923.0000,3922.0000,3921.2000,3920.2000,3920.0000,3924.2000,3927.2000,3931.2000,3939.0000,3965.6000,1,1,1,1,1,1,1,8,1,1
SF,IF2006,2019-11-20 09:33:25.000,3923.0000,3412,-1,41192940.000,1,0,1,双平,S,3922.0000,3921.2000,3920.2000,3920.0000,3919.2000,3924.2000,3927.2000,3931.2000,3939.0000,3965.6000,1,1,1,1,1,1,1,8,1,1
SF,IF2006,2019-11-20 09:33:25.500,3923.0000,3412,0,41192940.000,0,-,-,-,-,3922.2000,3922.0000,3921.2000,3920.2000,3920.0000,3923.0000,3924.2000,3927.2000,3931.2000,3939.0000,1,1,1,1,1,1,1,1,8,1
SF,IF2006,2019-11-20 09:33:26.000,3923.0000,3412,0,41192940.000,0,-,-,-,-,3922.2000,3922.0000,3921.2000,3920.2000,3920.0000,3923.0000,3927.2000,3931.2000,3939.0000,3965.6000,1,1,1,1,1,1,1,8,1,1
SF,IF2006,2019-11-20 09:33:26.500,3923.0000,3412,0,41192940.000,0,-,-,-,-,3922.0000,3921.2000,3920.2000,3920.0000,3919.2000,3923.0000,3927.2000,3931.2000,3939.0000,3965.6000,1,1,1,1,1,1,1,8,1,1
SF,IF2006,2019-11-20 09:33:30.000,3923.0000,3412,0,41192940.000,0,-,-,-,-,3922.0000,3921.2000,3921.0000,3920.2000,3920.0000,3923.0000,3927.2000,3931.2000,3939.0000,3965.6000,1,1,1,1,1,1,1,8,1,1
SF,IF2006,2019-11-20 09:33:31.000,3923.0000,3412,0,42369840.000,1,0,1,多换,S,3923.0000,3922.0000,3921.2000,3921.0000,3920.2000,3927.2000,3931.2000,3939.0000,3965.6000,3999.8000,1,1,1,1,1,1,8,1,1,3
SF,IF2006,2019-11-20 09:33:31.500,3923.0000,3412,0,42369840.000,0,-,-,-,-,3923.0000,3922.4000,3922.2000,3922.0000,3921.2000,3924.4000,3925.6000,3927.0000,3927.2000,3931.2000,1,1,1,1,1,3,1,1,1,8
SF,IF2006,2019-11-20 09:33:32.000,3923.0000,3412,0,42369840.000,0,-,-,-,-,3923.0000,3922.4000,3922.2000,3922.0000,3921.2000,3927.0000,3927.2000,3931.2000,3939.0000,3965.6000,1,1,1,1,1,1,1,8,1,1
SF,IF2006,2019-11-20 09:33:32.500,3923.0000,3412,0,42369840.000,0,-,-,-,-,3923.2000,3923.0000,3922.4000,3922.2000,3922.0000,3925.4000,3926.4000,3927.0000,3927.2000,3931.2000,3,1,1,1,1,3,1,1,1,8
SF,IF2006,2019-11-20 09:33:33.000,3923.0000,3412,0,42369840.000,0,-,-,-,-,3923.2000,3923.0000,3922.4000,3922.2000,3922.0000,3925.4000,3926.4000,3927.0000,3927.2000,3931.2000,2,1,1,1,1,3,1,1,1,8
SF,IF2006,2019-11-20 09:33:33.500,3923.0000,3412,0,42369840.000,0,-,-,-,-,3923.2000,3923.0000,3922.4000,3922.2000,3922.0000,3925.2000,3925.4000,3926.4000,3927.0000,3927.2000,2,2,1,1,1,1,3,1,1,1
SF,IF2006,2019-11-20 09:33:34.000,3923.0000,3412,0,42369840.000,0,-,-,-,-,3923.2000,3923.0000,3922.4000,3922.2000,3922.0000,3924.8000,3925.2000,3926.4000,3927.0000,3927.2000,2,2,1,1,1,3,1,1,1,1
SF,IF2006,2019-11-20 09:33:34.500,3923.0000,3412,0,42369840.000,0,-,-,-,-,3923.2000,3923.0000,3922.4000,3922.2000,3922.0000,3924.8000,3925.2000,3926.4000,3927.0000,3927.2000,1,2,1,1,1,3,1,1,1,1
SF,IF2006,2019-11-20 09:33:35.000,3923.0000,3412,0,42369840.000,0,-,-,-,-,3923.0000,3922.0000,3921.2000,3921.0000,3920.2000,3924.6000,3924.8000,3926.4000,3927.0000,3927.2000,1,1,1,1,1,1,3,1,1,1
SF,IF2006,2019-11-20 09:33:35.500,3923.0000,3412,0,42369840.000,0,-,-,-,-,3923.0000,3922.0000,3921.2000,3921.0000,3920.2000,3924.4000,3924.6000,3926.4000,3927.0000,3927.2000,1,1,1,1,1,1,1,1,1,1
SF,IF2006,2019-11-20 09:33:37.500,3923.0000,3412,0,42369840.000,0,-,-,-,-,3923.2000,3923.0000,3922.0000,3921.2000,3921.0000,3924.4000,3924.6000,3926.4000,3927.0000,3927.2000,1,1,1,1,1,1,1,1,1,1
SF,IF2006,2019-11-20 09:33:38.000,3923.0000,3412,0,42369840.000,0,-,-,-,-,3923.2000,3923.0000,3922.0000,3921.2000,3921.0000,3924.4000,3926.4000,3927.0000,3927.2000,3931.2000,2,1,1,1,1,1,1,1,1,8
SF,IF2006,2019-11-20 09:33:38.500,3923.0000,3412,0,42369840.000,0,-,-,-,-,3923.4000,3923.2000,3923.0000,3922.0000,3921.2000,3926.4000,3927.0000,3927.2000,3931.2000,3939.0000,1,2,1,1,1,1,1,1,8,1
SF,IF2006,2019-11-20 09:33:39.000,3923.0000,3412,0,42369840.000,0,-,-,-,-,3923.4000,3923.2000,3923.0000,3922.0000,3921.2000,3925.8000,3927.0000,3927.2000,3931.2000,3939.0000,1,2,1,1,1,3,1,1,8,1
SF,IF2006,2019-11-20 09:33:40.000,3923.0000,3412,0,42369840.000,0,-,-,-,-,3923.8000,3923.4000,3923.2000,3923.0000,3922.0000,3925.8000,3927.2000,3931.2000,3939.0000,3965.6000,1,2,1,1,1,3,1,8,1,1
SF,IF2006,2019-11-20 09:33:40.500,3923.0000,3412,0,42369840.000,0,-,-,-,-,3923.8000,3923.4000,3923.2000,3923.0000,3922.0000,3925.8000,3927.2000,3931.2000,3939.0000,3965.6000,1,1,1,1,1,3,1,8,1,1
SF,IF2006,2019-11-20 09:33:41.000,3923.0000,3412,0,42369840.000,0,-,-,-,-,3923.8000,3923.4000,3923.2000,3923.0000,3922.8000,3925.8000,3927.2000,3931.2000,3939.0000,3965.6000,1,1,1,1,1,3,1,8,1,1
SF,IF2006,2019-11-20 09:33:42.000,3923.0000,3412,0,42369840.000,0,-,-,-,-,3923.8000,3923.2000,3923.0000,3922.8000,3922.0000,3925.8000,3927.2000,3931.2000,3939.0000,3965.6000,1,1,1,1,1,3,1,8,1,1
SF,IF2006,2019-11-20 09:33:43.000,3925.8000,3409,-3,45903060.000,3,0,3,双平,S,3925.8000,3924.8000,3923.8000,3923.2000,3923.0000,3927.0000,3927.2000,3931.2000,3939.0000,3965.6000,1,1,1,1,1,1,1,8,1,1
SF,IF2006,2019-11-20 09:33:43.500,3925.8000,3408,-1,47080800.000,1,0,1,双平,S,3923.8000,3923.2000,3923.0000,3922.8000,3922.0000,3927.0000,3927.2000,3931.2000,3939.0000,3965.6000,1,1,1,1,1,1,1,8,1,1
SF,IF2006,2019-11-20 09:33:44.000,3925.8000,3408,0,47080800.000,0,-,-,-,-,3924.6000,3923.8000,3923.2000,3923.0000,3922.8000,3927.0000,3927.2000,3931.2000,3939.0000,3965.6000,3,2,1,1,1,1,1,8,1,1
SF,IF2006,2019-11-20 09:33:44.500,3925.8000,3408,0,47080800.000,0,-,-,-,-,3924.8000,3924.0000,3923.8000,3923.2000,3923.0000,3927.0000,3927.2000,3931.2000,3939.0000,3965.6000,1,1,2,1,1,1,1,8,1,1
SF,IF2006,2019-11-20 09:33:45.000,3925.8000,3408,0,47080800.000,0,-,-,-,-,3924.8000,3924.0000,3923.8000,3923.2000,3923.0000,3926.6000,3926.8000,3927.0000,3927.2000,3931.2000,1,1,2,1,1,1,1,1,1,8
SF,IF2006,2019-11-20 09:33:45.500,3924.8000,3407,-1,48258240.000,1,0,1,双平,S,3924.0000,3923.8000,3923.2000,3923.0000,3922.8000,3926.4000,3926.6000,3926.8000,3927.2000,3931.2000,1,2,1,1,1,2,1,1,1,8
SF,IF2006,2019-11-20 09:33:46.000,3924.8000,3407,0,48258240.000,0,-,-,-,-,3924.2000,3923.8000,3923.0000,3922.8000,3922.0000,3926.0000,3926.4000,3926.6000,3927.2000,3931.2000,1,1,1,1,1,1,2,1,1,8
SF,IF2006,2019-11-20 09:33:46.500,3924.8000,3407,0,48258240.000,0,-,-,-,-,3924.2000,3923.8000,3923.0000,3922.0000,3921.2000,3925.8000,3926.0000,3926.2000,3926.6000,3927.2000,1,1,1,1,1,1,1,1,1,1
SF,IF2006,2019-11-20 09:33:49.500,3924.8000,3407,0,48258240.000,0,-,-,-,-,3924.2000,3923.8000,3923.0000,3922.0000,3921.2000,3925.8000,3926.2000,3926.6000,3927.2000,3931.2000,1,1,1,1,1,1,1,1,1,8
SF,IF2006,2019-11-20 09:33:50.000,3924.8000,3407,0,48258240.000,0,-,-,-,-,3923.8000,3923.0000,3922.0000,3921.2000,3920.2000,3925.8000,3926.2000,3926.6000,3927.2000,3931.2000,1,1,1,1,1,1,1,1,1,8
SF,IF2006,2019-11-20 09:33:50.500,3924.8000,3407,0,48258240.000,0,-,-,-,-,3924.0000,3923.8000,3923.0000,3922.0000,3921.2000,3925.8000,3926.2000,3926.6000,3927.2000,3931.2000,1,1,1,1,1,1,1,1,1,8
SF,IF2006,2019-11-20 09:33:51.000,3924.8000,3407,0,48258240.000,0,-,-,-,-,3924.0000,3923.8000,3923.0000,3922.0000,3921.2000,3925.6000,3925.8000,3926.6000,3927.2000,3931.2000,1,1,1,1,1,1,1,1,1,8
SF,IF2006,2019-11-20 09:33:51.500,3924.8000,3407,0,48258240.000,0,-,-,-,-,3924.0000,3923.8000,3923.0000,3922.0000,3921.2000,3925.4000,3925.6000,3926.6000,3927.2000,3931.2000,1,1,1,1,1,1,1,1,1,8
SF,IF2006,2019-11-20 09:33:52.500,3924.8000,3407,0,48258240.000,0,-,-,-,-,3924.0000,3923.0000,3922.0000,3921.2000,3920.2000,3925.4000,3925.6000,3926.6000,3927.2000,3931.2000,1,1,1,1,1,2,1,1,1,8
SF,IF2006,2019-11-20 09:33:53.000,3924.8000,3407,0,48258240.000,0,-,-,-,-,3924.0000,3923.0000,3922.0000,3921.2000,3920.2000,3925.4000,3925.6000,3926.6000,3927.2000,3931.2000,1,1,1,1,1,1,1,1,1,8
SF,IF2006,2019-11-20 09:33:54.000,3924.8000,3407,0,48258240.000,0,-,-,-,-,3924.0000,3923.0000,3922.0000,3921.4000,3921.2000,3925.4000,3925.6000,3926.6000,3927.2000,3931.2000,1,1,1,1,1,1,1,1,1,8
SF,IF2006,2019-11-20 09:33:55.000,3924.8000,3407,0,48258240.000,0,-,-,-,-,3924.0000,3923.0000,3922.6000,3922.0000,3921.4000,3925.4000,3927.2000,3931.2000,3939.0000,3965.6000,1,1,1,1,1,1,1,8,1,1
SF,IF2006,2019-11-20 09:33:55.500,3924.8000,3407,0,48258240.000,0,-,-,-,-,3924.2000,3924.0000,3923.0000,3922.6000,3922.0000,3925.4000,3927.2000,3931.2000,3939.0000,3965.6000,2,1,1,1,1,1,1,8,1,1
SF,IF2006,2019-11-20 09:33:56.000,3924.8000,3407,0,48258240.000,0,-,-,-,-,3924.2000,3923.0000,3922.6000,3922.0000,3921.4000,3925.4000,3927.2000,3931.2000,3939.0000,3965.6000,1,1,1,1,1,1,1,8,1,1
SF,IF2006,2019-11-20 09:33:56.500,3924.8000,3407,0,48258240.000,0,-,-,-,-,3924.4000,3924.2000,3923.0000,3922.6000,3922.0000,3927.2000,3931.2000,3939.0000,3965.6000,3999.8000,1,1,1,1,1,1,8,1,1,3
SF,IF2006,2019-11-20 09:33:57.000,3924.8000,3407,0,48258240.000,0,-,-,-,-,3924.4000,3924.2000,3923.0000,3922.6000,3922.0000,3926.4000,3926.6000,3927.2000,3931.2000,3939.0000,1,1,1,1,1,1,3,1,8,1
SF,IF2006,2019-11-20 09:33:57.500,3924.8000,3407,0,48258240.000,0,-,-,-,-,3924.4000,3924.2000,3923.0000,3922.6000,3922.0000,3926.2000,3927.2000,3931.2000,3939.0000,3965.6000,1,1,1,1,1,3,1,8,1,1
SF,IF2006,2019-11-20 09:33:58.500,3924.8000,3407,0,48258240.000,0,-,-,-,-,3924.4000,3924.2000,3923.0000,3922.6000,3922.0000,3926.2000,3927.2000,3931.2000,3939.0000,3965.6000,1,1,1,1,1,3,1,8,1,1
SF,IF2006,2019-11-20 09:33:59.000,3924.8000,3407,0,48258240.000,0,-,-,-,-,3924.6000,3924.4000,3924.2000,3923.0000,3922.6000,3926.2000,3927.2000,3931.2000,3939.0000,3965.6000,1,1,1,1,1,3,1,8,1,1
SF,IF2006,2019-11-20 09:33:59.500,3924.8000,3407,0,48258240.000,0,-,-,-,-,3924.6000,3924.2000,3923.0000,3922.6000,3922.0000,3926.2000,3927.2000,3931.2000,3939.0000,3965.6000,1,1,1,1,1,3,1,8,1,1
SF,IF2006,2019-11-20 09:34:02.500,3924.8000,3407,0,48258240.000,0,-,-,-,-,3924.6000,3924.2000,3923.0000,3922.6000,3922.0000,3926.2000,3927.2000,3931.2000,3939.0000,3965.6000,1,1,1,1,1,2,1,8,1,1
SF,IF2006,2019-11-20 09:34:03.000,3924.8000,3407,0,48258240.000,0,-,-,-,-,3924.2000,3923.0000,3922.8000,3922.6000,3922.0000,3926.2000,3927.2000,3931.2000,3939.0000,3965.6000,1,1,1,1,1,2,1,8,1,1
SF,IF2006,2019-11-20 09:34:03.500,3924.8000,3407,0,48258240.000,0,-,-,-,-,3924.4000,3924.2000,3923.0000,3922.8000,3922.6000,3926.0000,3926.2000,3927.2000,3931.2000,3939.0000,1,1,1,1,1,1,2,1,8,1
SF,IF2006,2019-11-20 09:34:04.000,3924.8000,3407,0,48258240.000,0,-,-,-,-,3924.4000,3924.2000,3923.0000,3922.8000,3922.6000,3925.8000,3926.0000,3927.2000,3931.2000,3939.0000,1,1,1,1,1,1,1,1,8,1
SF,IF2006,2019-11-20 09:34:05.000,3924.8000,3407,0,48258240.000,0,-,-,-,-,3924.4000,3924.2000,3923.0000,3922.8000,3922.6000,3925.6000,3925.8000,3926.0000,3927.2000,3931.2000,1,1,1,1,1,1,1,1,1,8
SF,IF2006,2019-11-20 09:34:05.500,3924.8000,3407,0,48258240.000,0,-,-,-,-,3924.4000,3924.2000,3924.0000,3923.0000,3922.8000,3925.6000,3926.0000,3927.2000,3931.2000,3939.0000,1,1,1,1,1,1,1,1,8,1
SF,IF2006,2019-11-20 09:34:06.500,3924.8000,3407,0,48258240.000,0,-,-,-,-,3924.4000,3924.2000,3924.0000,3923.0000,3922.8000,3924.6000,3925.6000,3926.0000,3927.2000,3931.2000,1,1,1,1,1,1,1,1,1,8
SF,IF2006,2019-11-20 09:34:07.000,3924.2000,3406,-1,51790200.000,3,1,2,多平,S,3924.0000,3922.8000,3922.6000,3922.0000,3921.2000,3924.2000,3925.6000,3927.2000,3931.2000,3939.0000,1,1,1,1,1,1,2,1,8,1
SF,IF2006,2019-11-20 09:34:07.500,3924.2000,3405,-1,52967460.000,1,0,1,双平,S,3922.8000,3922.6000,3922.0000,3921.2000,3920.2000,3925.6000,3927.2000,3931.2000,3939.0000,3965.6000,1,1,1,1,1,1,1,8,1,1
SF,IF2006,2019-11-20 09:34:08.000,3924.2000,3405,0,52967460.000,0,-,-,-,-,3923.0000,3922.6000,3922.0000,3921.2000,3920.2000,3925.4000,3927.2000,3931.2000,3939.0000,3965.6000,2,1,1,1,1,2,1,8,1,1
SF,IF2006,2019-11-20 09:34:08.500,3924.2000,3405,0,52967460.000,0,-,-,-,-,3923.4000,3922.6000,3922.0000,3921.2000,3920.2000,3925.2000,3925.4000,3927.2000,3931.2000,3939.0000,1,1,1,1,1,1,2,1,8,1
SF,IF2006,2019-11-20 09:34:09.000,3924.2000,3405,0,52967460.000,0,-,-,-,-,3923.4000,3923.2000,3923.0000,3922.0000,3921.2000,3925.0000,3925.2000,3927.2000,3931.2000,3939.0000,1,1,1,1,1,1,1,1,8,1
SF,IF2006,2019-11-20 09:34:09.500,3924.2000,3405,0,52967460.000,0,-,-,-,-,3923.4000,3923.2000,3923.0000,3922.2000,3922.0000,3925.0000,3925.2000,3927.2000,3931.2000,3939.0000,1,1,1,1,1,1,1,1,8,1
SF,IF2006,2019-11-20 09:34:10.000,3924.2000,3405,0,52967460.000,0,-,-,-,-,3923.2000,3922.2000,3922.0000,3921.2000,3920.2000,3925.0000,3925.2000,3927.2000,3931.2000,3939.0000,1,1,2,1,1,1,1,1,8,1
SF,IF2006,2019-11-20 09:34:10.500,3924.2000,3405,0,52967460.000,0,-,-,-,-,3922.2000,3922.0000,3921.2000,3920.2000,3920.0000,3925.0000,3925.2000,3927.2000,3931.2000,3939.0000,1,2,1,1,1,1,1,1,8,1
SF,IF2006,2019-11-20 09:34:11.000,3924.2000,3405,0,52967460.000,0,-,-,-,-,3922.2000,3922.0000,3921.2000,3920.2000,3920.0000,3925.0000,3927.2000,3931.2000,3939.0000,3965.6000,1,2,1,1,1,1,1,8,1,1
SF,IF2006,2019-11-20 09:34:11.500,3924.2000,3405,0,52967460.000,0,-,-,-,-,3922.4000,3922.0000,3921.2000,3920.2000,3920.0000,3925.0000,3927.2000,3931.2000,3939.0000,3965.6000,1,2,1,1,1,1,1,8,1,1
SF,IF2006,2019-11-20 09:34:12.000,3924.2000,3405,0,52967460.000,0,-,-,-,-,3922.6000,3922.4000,3922.0000,3921.2000,3920.2000,3924.8000,3925.0000,3927.2000,3931.2000,3939.0000,1,1,2,1,1,1,1,1,8,1
SF,IF2006,2019-11-20 09:34:12.500,3924.2000,3405,0,52967460.000,0,-,-,-,-,3922.6000,3922.0000,3921.2000,3920.2000,3920.0000,3924.4000,3924.6000,3927.2000,3931.2000,3939.0000,2,2,1,1,1,1,1,1,8,1
SF,IF2006,2019-11-20 09:34:13.000,3924.2000,3405,0,52967460.000,0,-,-,-,-,3922.6000,3922.0000,3921.2000,3920.2000,3920.0000,3924.2000,3924.4000,3927.2000,3931.2000,3939.0000,2,2,1,1,1,1,1,1,8,1
SF,IF2006,2019-11-20 09:34:14.000,3924.2000,3405,0,52967460.000,0,-,-,-,-,3923.0000,3922.6000,3922.0000,3921.2000,3920.2000,3924.2000,3924.4000,3927.2000,3931.2000,3939.0000,1,2,2,1,1,1,1,1,8,1
SF,IF2006,2019-11-20 09:34:14.500,3924.2000,3405,0,52967460.000,0,-,-,-,-,3923.2000,3923.0000,3922.6000,3922.0000,3921.2000,3924.4000,3927.2000,3931.2000,3939.0000,3960.0000,1,1,2,2,1,1,1,8,1,1
SF,IF2006,2019-11-20 09:34:15.000,3924.4000,3405,0,54144780.000,1,0,1,多换,S,3923.2000,3923.0000,3922.6000,3922.0000,3921.2000,3927.2000,3931.2000,3939.0000,3960.0000,3965.6000,1,1,2,2,1,1,8,1,1,1
SF,IF2006,2019-11-20 09:34:15.500,3924.4000,3405,0,54144780.000,0,-,-,-,-,3923.6000,3923.2000,3923.0000,3922.6000,3922.0000,3926.2000,3926.8000,3927.2000,3931.2000,3939.0000,1,1,1,2,1,3,1,1,8,1
SF,IF2006,2019-11-20 09:34:16.000,3924.4000,3405,0,54144780.000,0,-,-,-,-,3923.6000,3923.2000,3923.0000,3922.0000,3921.2000,3926.2000,3926.8000,3927.2000,3931.2000,3939.0000,1,1,1,1,1,3,1,1,8,1
SF,IF2006,2019-11-20 09:34:16.500,3924.4000,3405,0,54144780.000,0,-,-,-,-,3923.6000,3923.2000,3923.0000,3922.0000,3921.2000,3926.0000,3926.2000,3926.8000,3927.2000,3931.2000,1,1,1,1,1,1,3,1,1,8
SF,IF2006,2019-11-20 09:34:17.000,3924.4000,3405,0,54144780.000,0,-,-,-,-,3923.8000,3923.6000,3923.2000,3923.0000,3922.0000,3925.8000,3926.0000,3927.2000,3931.2000,3939.0000,2,1,1,1,1,2,1,1,8,1
SF,IF2006,2019-11-20 09:34:17.500,3924.4000,3405,0,54144780.000,0,-,-,-,-,3923.8000,3923.6000,3923.2000,3923.0000,3922.0000,3925.8000,3926.0000,3927.2000,3931.2000,3939.0000,1,1,1,1,1,2,1,1,8,1
SF,IF2006,2019-11-20 09:34:18.000,3924.4000,3405,0,54144780.000,0,-,-,-,-,3923.6000,3923.2000,3923.0000,3922.0000,3921.2000,3925.8000,3926.0000,3927.2000,3931.2000,3939.0000,1,1,1,1,1,2,1,1,8,1
SF,IF2006,2019-11-20 09:34:20.500,3924.4000,3405,0,54144780.000,0,-,-,-,-,3923.6000,3923.2000,3922.0000,3921.2000,3920.2000,3925.8000,3926.0000,3927.2000,3931.2000,3939.0000,1,1,1,1,1,2,1,1,8,1
SF,IF2006,2019-11-20 09:34:21.000,3924.4000,3405,0,54144780.000,0,-,-,-,-,3923.6000,3922.0000,3921.2000,3920.2000,3920.0000,3925.6000,3925.8000,3927.2000,3931.2000,3939.0000,1,1,1,1,1,1,2,1,8,1
SF,IF2006,2019-11-20 09:34:21.500,3924.4000,3405,0,54144780.000,0,-,-,-,-,3923.6000,3922.0000,3921.2000,3920.2000,3920.0000,3925.4000,3925.6000,3927.2000,3931.2000,3939.0000,1,1,1,1,1,2,1,1,8,1
SF,IF2006,2019-11-20 09:34:22.000,3924.4000,3405,0,54144780.000,0,-,-,-,-,3923.6000,3922.0000,3921.2000,3920.2000,3920.0000,3925.0000,3925.4000,3925.6000,3927.2000,3931.2000,1,1,1,1,1,3,2,1,1,8
SF,IF2006,2019-11-20 09:34:22.500,3924.4000,3405,0,54144780.000,0,-,-,-,-,3923.6000,3922.0000,3921.2000,3920.2000,3920.0000,3924.8000,3925.0000,3925.6000,3927.2000,3931.2000,1,1,1,1,1,1,3,1,1,8
SF,IF2006,2019-11-20 09:34:23.500,3924.4000,3405,0,54144780.000,0,-,-,-,-,3923.6000,3922.0000,3921.2000,3920.2000,3920.0000,3924.8000,3925.0000,3927.2000,3931.2000,3939.0000,1,1,1,1,1,1,3,1,8,1
SF,IF2006,2019-11-20 09:34:24.000,3924.4000,3405,0,54144780.000,0,-,-,-,-,3923.6000,3922.0000,3921.2000,3920.2000,3920.0000,3924.8000,3925.0000,3927.2000,3931.2000,3939.0000,1,1,1,1,1,1,3,1,8,1
SF,IF2006,2019-11-20 09:34:26.000,3924.4000,3405,0,54144780.000,0,-,-,-,-,3923.6000,3922.0000,3921.2000,3920.2000,3920.0000,3924.6000,3924.8000,3925.0000,3927.2000,3931.2000,1,1,1,1,1,1,1,3,1,8
SF,IF2006,2019-11-20 09:34:26.500,3924.4000,3405,0,54144780.000,0,-,-,-,-,3923.6000,3922.0000,3921.2000,3920.2000,3920.0000,3924.6000,3925.0000,3927.2000,3931.2000,3939.0000,1,1,1,1,1,1,3,1,8,1
SF,IF2006,2019-11-20 09:34:27.000,3924.4000,3405,0,54144780.000,0,-,-,-,-,3923.6000,3922.0000,3921.2000,3920.2000,3920.0000,3924.6000,3925.0000,3927.2000,3929.6000,3931.2000,1,1,1,1,1,1,3,1,3,8
SF,IF2006,2019-11-20 09:34:28.000,3924.4000,3405,0,54144780.000,0,-,-,-,-,3923.6000,3922.0000,3921.2000,3920.2000,3920.0000,3925.0000,3927.2000,3929.6000,3931.2000,3939.0000,1,1,1,1,1,3,1,3,8,1
SF,IF2006,2019-11-20 09:34:28.500,3924.4000,3405,0,54144780.000,0,-,-,-,-,3923.6000,3922.0000,3921.2000,3920.2000,3920.0000,3924.8000,3925.0000,3927.2000,3929.6000,3931.2000,1,1,1,1,1,1,3,1,3,8
SF,IF2006,2019-11-20 09:34:32.500,3924.4000,3405,0,54144780.000,0,-,-,-,-,3922.0000,3921.2000,3920.2000,3920.0000,3919.2000,3924.8000,3925.0000,3927.2000,3929.6000,3931.2000,1,1,1,1,1,1,3,1,3,8
SF,IF2006,2019-11-20 09:34:33.000,3924.4000,3405,0,54144780.000,0,-,-,-,-,3922.2000,3922.0000,3921.2000,3920.2000,3920.0000,3924.8000,3925.0000,3927.2000,3929.6000,3931.2000,1,1,1,1,1,1,3,1,3,8
SF,IF2006,2019-11-20 09:34:33.500,3924.4000,3405,0,54144780.000,0,-,-,-,-,3923.2000,3922.2000,3922.0000,3921.2000,3920.2000,3924.8000,3925.0000,3927.2000,3929.6000,3931.2000,1,1,1,1,1,1,3,1,3,8
SF,IF2006,2019-11-20 09:34:34.000,3924.4000,3405,0,54144780.000,0,-,-,-,-,3923.2000,3922.0000,3921.2000,3920.2000,3920.0000,3924.8000,3925.0000,3927.2000,3929.6000,3931.2000,1,1,1,1,1,1,3,1,3,8
SF,IF2006,2019-11-20 09:34:34.500,3924.4000,3405,0,54144780.000,0,-,-,-,-,3923.4000,3923.2000,3922.0000,3921.2000,3920.2000,3924.8000,3925.0000,3927.2000,3929.6000,3931.2000,1,1,1,1,1,1,3,1,3,8
SF,IF2006,2019-11-20 09:34:35.000,3924.4000,3405,0,54144780.000,0,-,-,-,-,3923.6000,3923.4000,3922.0000,3921.2000,3920.2000,3924.8000,3925.0000,3927.2000,3929.6000,3931.2000,1,1,1,1,1,1,3,1,3,8
SF,IF2006,2019-11-20 09:34:35.500,3924.4000,3405,0,54144780.000,0,-,-,-,-,3923.6000,3923.4000,3922.0000,3921.2000,3920.2000,3924.8000,3925.0000,3927.2000,3929.6000,3931.2000,1,1,1,1,1,1,3,1,3,8
SF,IF2006,2019-11-20 09:34:37.000,3924.4000,3405,0,54144780.000,0,-,-,-,-,3924.2000,3923.4000,3922.0000,3921.2000,3920.2000,3924.8000,3925.0000,3927.2000,3929.6000,3931.2000,1,1,1,1,1,1,3,1,3,8
SF,IF2006,2019-11-20 09:34:39.000,3924.2000,3405,0,55322040.000,1,0,1,多换,S,3923.4000,3923.0000,3922.0000,3921.2000,3920.2000,3924.2000,3924.8000,3925.0000,3927.2000,3929.6000,1,1,1,1,1,1,1,3,1,3
SF,IF2006,2019-11-20 09:34:39.500,3924.2000,3405,0,55322040.000,0,-,-,-,-,3923.4000,3923.0000,3922.0000,3921.2000,3920.2000,3924.2000,3925.0000,3927.2000,3929.6000,3931.2000,1,1,1,1,1,1,3,1,3,8
SF,IF2006,2019-11-20 09:34:41.500,3924.2000,3405,0,55322040.000,0,-,-,-,-,3923.4000,3922.0000,3921.2000,3920.2000,3920.0000,3924.2000,3925.0000,3927.2000,3929.6000,3931.2000,1,1,1,1,1,1,3,1,3,8
SF,IF2006,2019-11-20 09:34:42.000,3924.2000,3405,0,55322040.000,0,-,-,-,-,3923.4000,3922.4000,3922.0000,3921.2000,3920.2000,3924.2000,3925.0000,3927.2000,3929.6000,3931.2000,1,1,1,1,1,1,3,1,3,8
SF,IF2006,2019-11-20 09:34:43.000,3924.2000,3405,0,56499300.000,1,0,1,多换,S,3923.4000,3922.4000,3922.0000,3921.2000,3920.2000,3925.0000,3927.2000,3929.6000,3931.2000,3939.0000,1,1,1,1,1,3,1,3,8,1
SF,IF2006,2019-11-20 09:34:43.500,3924.2000,3405,0,56499300.000,0,-,-,-,-,3923.6000,3923.4000,3922.4000,3922.0000,3921.2000,3924.8000,3925.0000,3927.2000,3929.6000,3931.2000,1,1,1,1,1,1,3,1,3,8
SF,IF2006,2019-11-20 09:34:44.500,3924.2000,3405,0,56499300.000,0,-,-,-,-,3923.4000,3922.4000,3922.0000,3921.2000,3920.2000,3924.8000,3925.0000,3927.2000,3929.6000,3931.2000,1,1,1,1,1,1,3,1,3,8
SF,IF2006,2019-11-20 09:34:45.000,3924.2000,3405,0,56499300.000,0,-,-,-,-,3923.4000,3922.4000,3922.0000,3921.2000,3920.2000,3924.8000,3925.0000,3927.2000,3929.6000,3931.2000,1,1,1,1,1,1,3,1,3,8
SF,IF2006,2019-11-20 09:34:48.500,3924.2000,3405,0,56499300.000,0,-,-,-,-,3923.4000,3922.0000,3921.2000,3920.2000,3920.0000,3924.8000,3925.0000,3927.2000,3929.6000,3931.2000,1,1,1,1,1,1,3,1,3,8
SF,IF2006,2019-11-20 09:34:50.500,3924.2000,3405,0,56499300.000,0,-,-,-,-,3923.6000,3923.4000,3922.8000,3922.0000,3921.2000,3924.8000,3925.0000,3927.2000,3929.6000,3931.2000,1,1,1,1,1,1,3,1,3,8
SF,IF2006,2019-11-20 09:34:53.000,3923.6000,3404,-1,57676380.000,1,0,1,双平,S,3923.4000,3922.8000,3922.0000,3921.2000,3920.2000,3924.8000,3925.0000,3927.2000,3929.6000,3931.2000,1,1,1,1,1,1,3,1,3,8
SF,IF2006,2019-11-20 09:34:53.500,3923.4000,3403,-1,58853400.000,1,0,1,双平,S,3922.8000,3922.0000,3921.2000,3920.2000,3920.0000,3924.8000,3925.0000,3927.2000,3929.6000,3931.2000,1,1,1,1,1,1,3,1,3,8
SF,IF2006,2019-11-20 09:34:54.000,3923.4000,3403,0,58853400.000,0,-,-,-,-,3922.0000,3921.2000,3920.2000,3920.0000,3919.2000,3924.8000,3925.0000,3927.2000,3929.6000,3931.2000,1,1,1,1,1,1,3,1,3,8
SF,IF2006,2019-11-20 09:34:54.500,3923.4000,3403,0,58853400.000,0,-,-,-,-,3922.2000,3922.0000,3921.2000,3920.2000,3920.0000,3924.8000,3925.0000,3927.2000,3929.6000,3931.2000,1,1,1,1,1,1,3,1,3,8
SF,IF2006,2019-11-20 09:34:55.000,3923.4000,3403,0,58853400.000,0,-,-,-,-,3922.6000,3922.2000,3922.0000,3921.2000,3920.2000,3924.8000,3925.0000,3927.2000,3929.6000,3931.2000,1,1,1,1,1,1,3,1,3,8
SF,IF2006,2019-11-20 09:34:55.500,3923.4000,3403,0,58853400.000,0,-,-,-,-,3922.6000,3922.4000,3922.2000,3922.0000,3921.2000,3924.8000,3925.0000,3927.2000,3929.6000,3931.2000,1,1,1,1,1,1,3,1,3,8
SF,IF2006,2019-11-20 09:34:56.500,3923.4000,3403,0,58853400.000,0,-,-,-,-,3922.4000,3922.2000,3922.0000,3921.2000,3920.2000,3924.8000,3925.0000,3927.2000,3929.6000,3931.2000,1,1,1,1,1,1,3,1,3,8
SF,IF2006,2019-11-20 09:34:57.000,3923.4000,3403,0,58853400.000,0,-,-,-,-,3922.6000,3922.2000,3922.0000,3921.2000,3920.2000,3924.8000,3925.0000,3927.2000,3929.6000,3931.2000,1,1,1,1,1,1,3,1,3,8
SF,IF2006,2019-11-20 09:34:57.500,3923.4000,3403,0,58853400.000,0,-,-,-,-,3922.8000,3922.6000,3922.2000,3922.0000,3921.2000,3924.8000,3925.0000,3927.2000,3929.6000,3931.2000,1,2,1,1,1,1,3,1,3,8
SF,IF2006,2019-11-20 09:34:58.000,3923.4000,3403,0,58853400.000,0,-,-,-,-,3923.0000,3922.8000,3922.6000,3922.2000,3922.0000,3924.8000,3925.0000,3927.2000,3929.6000,3931.2000,2,1,1,1,1,1,3,1,3,8
SF,IF2006,2019-11-20 09:34:59.000,3923.4000,3403,0,58853400.000,0,-,-,-,-,3923.2000,3923.0000,3922.8000,3922.6000,3922.2000,3924.8000,3925.0000,3927.2000,3929.6000,3931.2000,1,2,1,1,1,1,3,1,3,8
SF,IF2006,2019-11-20 09:34:59.500,3923.4000,3403,0,58853400.000,0,-,-,-,-,3923.2000,3923.0000,3922.8000,3922.6000,3922.2000,3924.8000,3925.0000,3927.2000,3929.6000,3931.2000,1,1,1,1,1,1,3,1,3,8
SF,IF2006,2019-11-20 09:35:00.000,3923.4000,3403,0,58853400.000,0,-,-,-,-,3923.2000,3923.0000,3922.8000,3922.6000,3922.2000,3924.6000,3924.8000,3925.0000,3927.2000,3929.6000,1,1,1,1,1,1,1,3,1,3
SF,IF2006,2019-11-20 09:35:00.500,3923.4000,3403,0,58853400.000,0,-,-,-,-,3923.2000,3923.0000,3922.8000,3922.6000,3922.2000,3924.6000,3925.0000,3927.2000,3929.6000,3931.2000,1,1,1,1,1,1,3,1,3,8
SF,IF2006,2019-11-20 09:35:01.000,3923.4000,3403,0,58853400.000,0,-,-,-,-,3922.6000,3922.2000,3922.0000,3921.2000,3920.2000,3924.4000,3924.6000,3925.0000,3927.2000,3929.6000,1,1,1,1,1,1,1,3,1,3
SF,IF2006,2019-11-20 09:35:03.000,3922.6000,3403,0,60030180.000,1,0,1,多换,S,3922.2000,3922.0000,3921.2000,3920.2000,3920.0000,3922.6000,3924.4000,3924.6000,3925.0000,3927.2000,1,1,1,1,1,1,1,1,3,1
SF,IF2006,2019-11-20 09:35:03.500,3922.6000,3403,0,61206960.000,1,0,1,多换,S,3922.4000,3922.0000,3921.2000,3920.2000,3920.0000,3924.6000,3925.0000,3927.2000,3929.6000,3931.2000,1,1,1,1,1,1,3,1,3,8
SF,IF2006,2019-11-20 09:35:04.000,3922.6000,3403,0,61206960.000,0,-,-,-,-,3922.6000,3922.4000,3922.0000,3921.2000,3920.2000,3924.6000,3925.0000,3927.2000,3929.6000,3931.2000,1,1,1,1,1,1,3,1,3,8
SF,IF2006,2019-11-20 09:35:04.500,3922.6000,3403,0,61206960.000,0,-,-,-,-,3922.8000,3922.6000,3922.0000,3921.2000,3920.2000,3924.6000,3925.0000,3927.2000,3929.6000,3931.2000,1,1,1,1,1,1,3,1,3,8
SF,IF2006,2019-11-20 09:35:05.000,3922.6000,3403,0,61206960.000,0,-,-,-,-,3922.8000,3922.6000,3922.0000,3921.2000,3920.2000,3924.4000,3925.0000,3927.2000,3929.6000,3931.2000,2,2,1,1,1,1,3,1,3,8
SF,IF2006,2019-11-20 09:35:05.500,3922.6000,3403,0,61206960.000,0,-,-,-,-,3922.8000,3922.6000,3922.0000,3921.2000,3920.2000,3924.4000,3925.0000,3927.2000,3929.6000,3931.2000,1,1,1,1,1,1,3,1,3,8
SF,IF2006,2019-11-20 09:35:08.000,3922.6000,3403,0,61206960.000,0,-,-,-,-,3923.2000,3922.8000,3922.6000,3922.0000,3921.2000,3924.4000,3925.0000,3927.2000,3929.6000,3931.2000,1,1,1,1,1,1,3,1,3,8
SF,IF2006,2019-11-20 09:35:08.500,3922.6000,3403,0,61206960.000,0,-,-,-,-,3923.2000,3922.6000,3922.0000,3921.2000,3920.2000,3925.0000,3927.2000,3929.6000,3931.2000,3939.0000,1,1,1,1,1,3,1,3,8,1
SF,IF2006,2019-11-20 09:35:09.000,3923.2000,3403,0,62383920.000,1,0,1,多换,S,3923.2000,3922.6000,3922.2000,3922.0000,3921.2000,3925.0000,3925.2000,3927.2000,3929.6000,3931.2000,1,1,1,1,1,3,1,1,3,8
SF,IF2006,2019-11-20 09:35:09.500,3923.2000,3403,0,62383920.000,0,-,-,-,-,3923.2000,3922.6000,3922.0000,3921.2000,3920.2000,3924.8000,3925.0000,3927.2000,3929.6000,3931.2000,1,1,1,1,1,1,3,1,3,8
SF,IF2006,2019-11-20 09:35:10.000,3923.2000,3403,0,62383920.000,0,-,-,-,-,3923.4000,3923.2000,3922.6000,3922.0000,3921.2000,3924.8000,3925.0000,3927.2000,3929.6000,3931.2000,1,1,1,1,1,1,3,1,3,8
SF,IF2006,2019-11-20 09:35:12.000,3923.4000,3403,0,63560940.000,1,0,1,多换,S,3923.2000,3922.6000,3922.0000,3921.2000,3920.2000,3924.8000,3925.0000,3927.2000,3929.6000,3931.2000,1,1,1,1,1,1,3,1,3,8
SF,IF2006,2019-11-20 09:35:12.500,3923.4000,3403,0,63560940.000,0,-,-,-,-,3923.2000,3922.6000,3922.0000,3921.2000,3920.2000,3924.8000,3925.0000,3927.2000,3929.6000,3931.2000,2,1,1,1,1,1,3,1,3,8
SF,IF2006,2019-11-20 09:35:13.000,3923.4000,3403,0,63560940.000,0,-,-,-,-,3923.6000,3923.4000,3923.2000,3922.0000,3921.2000,3925.0000,3927.2000,3929.6000,3931.2000,3939.0000,1,1,1,1,1,3,1,3,8,1
SF,IF2006,2019-11-20 09:35:13.500,3923.4000,3403,0,63560940.000,0,-,-,-,-,3923.6000,3923.2000,3922.0000,3921.2000,3920.2000,3925.0000,3927.2000,3929.6000,3931.2000,3939.0000,2,1,1,1,1,3,1,3,8,1
SF,IF2006,2019-11-20 09:35:14.000,3923.4000,3403,0,63560940.000,0,-,-,-,-,3923.8000,3923.6000,3922.0000,3921.2000,3920.2000,3925.0000,3927.2000,3929.6000,3931.2000,3939.0000,1,2,1,1,1,3,1,3,8,1
SF,IF2006,2019-11-20 09:35:15.000,3923.4000,3403,0,63560940.000,0,-,-,-,-,3924.0000,3923.8000,3923.6000,3922.0000,3921.2000,3925.0000,3927.2000,3929.6000,3931.2000,3939.0000,1,1,2,1,1,3,1,3,8,1
SF,IF2006,2019-11-20 09:35:16.500,3923.4000,3403,0,63560940.000,0,-,-,-,-,3923.8000,3923.6000,3922.0000,3921.2000,3920.2000,3925.0000,3927.2000,3929.6000,3931.2000,3939.0000,1,1,1,1,1,3,1,3,8,1
SF,IF2006,2019-11-20 09:35:17.000,3923.4000,3403,0,63560940.000,0,-,-,-,-,3923.6000,3922.0000,3921.2000,3920.2000,3920.0000,3925.0000,3927.2000,3929.6000,3931.2000,3939.0000,1,1,1,1,1,3,1,3,8,1
SF,IF2006,2019-11-20 09:35:18.000,3923.4000,3403,0,63560940.000,0,-,-,-,-,3922.0000,3921.2000,3920.2000,3920.0000,3919.2000,3925.0000,3927.2000,3929.6000,3931.2000,3939.0000,1,1,1,1,1,3,1,3,8,1
SF,IF2006,2019-11-20 09:35:18.500,3923.4000,3403,0,63560940.000,0,-,-,-,-,3922.2000,3922.0000,3921.2000,3920.2000,3920.0000,3925.0000,3927.2000,3929.6000,3931.2000,3939.0000,2,1,1,1,1,3,1,3,8,1
SF,IF2006,2019-11-20 09:35:19.000,3923.4000,3403,0,63560940.000,0,-,-,-,-,3923.4000,3922.4000,3922.2000,3922.0000,3921.2000,3925.0000,3927.2000,3929.6000,3931.2000,3939.0000,2,1,2,1,1,3,1,3,8,1
SF,IF2006,2019-11-20 09:35:19.500,3923.4000,3403,0,63560940.000,0,-,-,-,-,3923.4000,3922.8000,3922.4000,3922.0000,3921.2000,3925.0000,3927.2000,3929.6000,3931.2000,3939.0000,2,1,1,1,1,3,1,3,8,1
SF,IF2006,2019-11-20 09:35:20.000,3923.4000,3403,0,63560940.000,0,-,-,-,-,3923.6000,3923.4000,3922.8000,3922.4000,3922.0000,3925.0000,3927.2000,3929.6000,3931.2000,3939.0000,2,2,1,1,1,3,1,3,8,1
SF,IF2006,2019-11-20 09:35:20.500,3923.4000,3403,0,63560940.000,0,-,-,-,-,3924.0000,3923.6000,3923.4000,3922.4000,3922.0000,3925.0000,3927.2000,3929.6000,3931.2000,3939.0000,1,5,2,1,1,3,1,3,8,1
SF,IF2006,2019-11-20 09:35:21.000,3923.4000,3403,0,63560940.000,0,-,-,-,-,3924.0000,3923.8000,3923.6000,3923.4000,3922.4000,3925.0000,3927.2000,3929.6000,3931.2000,3939.0000,1,1,4,2,1,3,1,3,8,1
SF,IF2006,2019-11-20 09:35:21.500,3923.4000,3403,0,63560940.000,0,-,-,-,-,3924.0000,3923.8000,3923.6000,3923.4000,3922.4000,3925.0000,3927.2000,3929.6000,3931.2000,3939.0000,1,1,3,2,1,3,1,3,8,1
SF,IF2006,2019-11-20 09:35:22.000,3923.4000,3403,0,63560940.000,0,-,-,-,-,3924.0000,3923.6000,3923.4000,3922.4000,3922.0000,3925.0000,3927.2000,3929.6000,3931.2000,3939.0000,1,2,1,1,1,3,1,3,8,1
SF,IF2006,2019-11-20 09:35:22.500,3923.4000,3403,0,63560940.000,0,-,-,-,-,3924.0000,3923.6000,3922.4000,3922.0000,3921.2000,3924.8000,3925.0000,3927.2000,3929.6000,3931.2000,1,2,1,1,1,1,3,1,3,8
SF,IF2006,2019-11-20 09:35:23.000,3924.0000,3402,-1,64738140.000,1,0,1,双平,S,3923.6000,3922.4000,3922.0000,3921.2000,3920.2000,3924.8000,3925.0000,3927.2000,3929.6000,3931.2000,1,1,1,1,1,1,3,1,3,8
SF,IF2006,2019-11-20 09:35:23.500,3923.6000,3401,-1,65915220.000,1,0,1,双平,S,3922.4000,3922.0000,3921.2000,3920.2000,3920.0000,3924.0000,3924.6000,3924.8000,3925.0000,3927.2000,1,1,1,1,1,1,1,1,4,1
SF,IF2006,2019-11-20 09:35:24.000,3923.6000,3401,0,65915220.000,0,-,-,-,-,3922.0000,3921.2000,3920.2000,3920.0000,3919.2000,3924.0000,3924.6000,3925.0000,3927.2000,3929.6000,1,1,1,1,1,1,1,4,1,3
SF,IF2006,2019-11-20 09:35:24.500,3923.6000,3401,0,65915220.000,0,-,-,-,-,3922.2000,3922.0000,3921.2000,3920.2000,3920.0000,3924.6000,3925.0000,3927.2000,3929.6000,3931.2000,1,1,1,1,1,1,4,1,3,8
SF,IF2006,2019-11-20 09:35:25.000,3923.6000,3401,0,65915220.000,0,-,-,-,-,3922.2000,3922.0000,3921.2000,3920.2000,3920.0000,3924.4000,3924.6000,3925.0000,3927.2000,3929.6000,2,1,1,1,1,1,1,4,1,3
SF,IF2006,2019-11-20 09:35:25.500,3923.6000,3401,0,65915220.000,0,-,-,-,-,3922.4000,3922.2000,3922.0000,3921.2000,3920.2000,3924.4000,3925.0000,3927.2000,3929.6000,3931.2000,1,2,1,1,1,1,4,1,3,8
SF,IF2006,2019-11-20 09:35:26.000,3923.6000,3401,0,65915220.000,0,-,-,-,-,3922.6000,3922.4000,3922.2000,3922.0000,3921.2000,3924.4000,3925.0000,3927.2000,3929.6000,3931.2000,2,1,1,1,1,1,4,1,3,8
SF,IF2006,2019-11-20 09:35:27.000,3923.6000,3401,0,65915220.000,0,-,-,-,-,3923.0000,3922.8000,3922.6000,3922.4000,3922.2000,3924.4000,3925.0000,3927.2000,3929.6000,3931.2000,1,1,2,1,1,1,4,1,3,8
SF,IF2006,2019-11-20 09:35:27.500,3923.6000,3401,0,65915220.000,0,-,-,-,-,3923.0000,3922.8000,3922.6000,3922.2000,3922.0000,3924.4000,3925.0000,3927.2000,3929.6000,3931.2000,3,1,1,1,1,1,4,1,3,8
SF,IF2006,2019-11-20 09:35:28.500,3923.6000,3401,0,65915220.000,0,-,-,-,-,3923.2000,3923.0000,3922.8000,3922.6000,3922.2000,3924.4000,3925.0000,3927.2000,3929.6000,3931.2000,1,2,1,1,1,1,4,1,3,8
SF,IF2006,2019-11-20 09:35:32.000,3923.6000,3401,0,65915220.000,0,-,-,-,-,3923.0000,3922.8000,3922.6000,3922.2000,3922.0000,3924.4000,3925.0000,3927.2000,3929.6000,3931.2000,1,1,1,1,1,1,4,1,3,8
SF,IF2006,2019-11-20 09:35:33.500,3923.6000,3401,0,65915220.000,0,-,-,-,-,3923.4000,3923.2000,3923.0000,3922.8000,3922.6000,3924.4000,3925.0000,3927.2000,3929.6000,3931.2000,1,2,1,1,1,1,4,1,3,8
SF,IF2006,2019-11-20 09:35:34.500,3923.6000,3401,0,65915220.000,0,-,-,-,-,3923.2000,3923.0000,3922.8000,3922.6000,3922.2000,3924.4000,3925.0000,3927.2000,3929.6000,3931.2000,1,1,1,1,1,1,4,1,3,8
SF,IF2006,2019-11-20 09:35:35.500,3923.6000,3401,0,65915220.000,0,-,-,-,-,3923.2000,3923.0000,3922.8000,3922.2000,3922.0000,3924.4000,3925.0000,3927.2000,3929.6000,3931.2000,1,1,1,1,1,1,4,1,3,8
SF,IF2006,2019-11-20 09:35:37.000,3923.6000,3401,0,65915220.000,0,-,-,-,-,3923.0000,3922.8000,3922.2000,3922.0000,3921.2000,3924.4000,3925.0000,3927.2000,3929.6000,3931.2000,1,1,1,1,1,1,4,1,3,8
SF,IF2006,2019-11-20 09:35:39.000,3923.6000,3401,0,65915220.000,0,-,-,-,-,3923.2000,3923.0000,3922.8000,3922.2000,3922.0000,3924.4000,3925.0000,3927.2000,3929.6000,3931.2000,2,1,1,1,1,1,4,1,3,8
SF,IF2006,2019-11-20 09:35:39.500,3923.6000,3401,0,65915220.000,0,-,-,-,-,3923.2000,3923.0000,3922.2000,3922.0000,3921.2000,3924.4000,3925.0000,3927.2000,3929.6000,3931.2000,2,1,1,1,1,1,4,1,3,8
SF,IF2006,2019-11-20 09:35:40.000,3923.6000,3401,0,65915220.000,0,-,-,-,-,3923.4000,3923.2000,3923.0000,3922.2000,3922.0000,3925.0000,3927.2000,3929.6000,3931.2000,3939.0000,1,2,1,1,1,4,1,3,8,1
SF,IF2006,2019-11-20 09:35:40.500,3923.6000,3401,0,65915220.000,0,-,-,-,-,3923.4000,3923.2000,3923.0000,3922.2000,3922.0000,3924.8000,3925.0000,3927.2000,3929.6000,3931.2000,2,2,1,1,1,1,4,1,3,8
SF,IF2006,2019-11-20 09:35:41.000,3923.6000,3401,0,65915220.000,0,-,-,-,-,3923.8000,3923.6000,3923.4000,3923.2000,3923.0000,3924.8000,3925.0000,3927.2000,3929.6000,3931.2000,1,1,2,2,1,1,4,1,3,8
SF,IF2006,2019-11-20 09:35:41.500,3923.6000,3401,0,65915220.000,0,-,-,-,-,3924.0000,3923.8000,3923.6000,3923.4000,3923.2000,3924.8000,3925.0000,3927.2000,3929.6000,3931.2000,1,1,2,2,1,1,4,1,3,8
SF,IF2006,2019-11-20 09:35:43.500,3924.8000,3400,-1,67092660.000,1,0,1,双平,S,3924.0000,3923.8000,3923.6000,3923.4000,3923.2000,3925.0000,3926.2000,3927.2000,3929.6000,3931.2000,1,1,2,2,2,4,1,1,3,8
SF,IF2006,2019-11-20 09:35:44.000,3924.8000,3400,0,67092660.000,0,-,-,-,-,3924.2000,3924.0000,3923.8000,3923.6000,3923.4000,3925.0000,3927.2000,3929.6000,3931.2000,3939.0000,1,1,1,1,2,4,1,3,8,1
SF,IF2006,2019-11-20 09:35:47.000,3924.8000,3400,0,67092660.000,0,-,-,-,-,3924.2000,3923.8000,3923.6000,3923.4000,3923.2000,3925.0000,3927.2000,3929.6000,3931.2000,3939.0000,1,1,1,2,1,4,1,3,8,1
SF,IF2006,2019-11-20 09:35:47.500,3924.8000,3400,0,67092660.000,0,-,-,-,-,3924.2000,3923.8000,3923.6000,3923.4000,3923.2000,3925.0000,3927.2000,3929.6000,3931.2000,3939.0000,1,1,1,1,1,4,1,3,8,1
SF,IF2006,2019-11-20 09:35:49.500,3924.8000,3400,0,67092660.000,0,-,-,-,-,3923.8000,3923.6000,3923.4000,3923.2000,3922.2000,3925.0000,3927.2000,3929.6000,3931.2000,3939.0000,1,1,1,1,1,4,1,3,8,1
SF,IF2006,2019-11-20 09:35:50.500,3924.8000,3400,0,67092660.000,0,-,-,-,-,3924.0000,3923.8000,3923.6000,3923.4000,3923.2000,3925.0000,3927.2000,3929.6000,3931.2000,3939.0000,1,1,1,1,1,4,1,3,8,1
SF,IF2006,2019-11-20 09:35:51.500,3924.8000,3400,0,67092660.000,0,-,-,-,-,3924.0000,3923.8000,3923.6000,3923.4000,3922.2000,3925.0000,3927.2000,3929.6000,3931.2000,3939.0000,1,1,1,1,1,4,1,3,8,1
SF,IF2006,2019-11-20 09:35:52.500,3924.0000,3398,-2,69447180.000,2,0,2,双平,S,3923.8000,3923.6000,3923.4000,3922.2000,3922.0000,3925.0000,3927.2000,3929.6000,3931.2000,3939.0000,1,1,1,1,1,4,1,3,8,1
SF,IF2006,2019-11-20 09:35:53.000,3923.8000,3397,-1,70624320.000,1,0,1,双平,S,3923.4000,3922.2000,3922.0000,3921.8000,3921.2000,3924.8000,3925.0000,3927.2000,3929.6000,3931.2000,1,1,1,1,1,1,4,1,3,8
SF,IF2006,2019-11-20 09:35:53.500,3923.8000,3397,0,70624320.000,0,-,-,-,-,3922.2000,3922.0000,3921.8000,3921.2000,3920.2000,3924.6000,3924.8000,3925.0000,3927.2000,3929.6000,1,1,1,1,1,1,1,4,1,3
SF,IF2006,2019-11-20 09:35:54.000,3923.8000,3397,0,70624320.000,0,-,-,-,-,3922.4000,3922.2000,3922.0000,3921.8000,3921.2000,3924.6000,3925.0000,3927.2000,3929.6000,3931.2000,2,1,1,1,1,2,4,1,3,8
SF,IF2006,2019-11-20 09:35:54.500,3923.8000,3397,0,70624320.000,0,-,-,-,-,3922.8000,3922.6000,3922.4000,3922.2000,3922.0000,3924.6000,3925.0000,3927.2000,3929.6000,3931.2000,1,1,2,1,1,1,4,1,3,8
SF,IF2006,2019-11-20 09:35:55.000,3923.8000,3397,0,70624320.000,0,-,-,-,-,3923.0000,3922.8000,3922.6000,3922.2000,3922.0000,3924.6000,3925.0000,3927.2000,3929.6000,3931.2000,1,2,1,1,1,1,4,1,3,8
SF,IF2006,2019-11-20 09:35:55.500,3923.8000,3397,0,70624320.000,0,-,-,-,-,3923.0000,3922.8000,3922.6000,3922.2000,3922.0000,3924.4000,3924.6000,3925.0000,3927.2000,3929.6000,1,1,1,1,1,1,1,1,1,3
SF,IF2006,2019-11-20 09:35:56.000,3923.8000,3397,0,70624320.000,0,-,-,-,-,3923.2000,3923.0000,3922.8000,3922.6000,3922.2000,3924.6000,3925.0000,3927.2000,3929.6000,3931.2000,1,2,1,1,1,1,1,1,3,8
SF,IF2006,2019-11-20 09:35:56.500,3923.8000,3397,0,70624320.000,0,-,-,-,-,3923.2000,3923.0000,3922.8000,3922.6000,3922.2000,3925.0000,3927.2000,3929.6000,3931.2000,3939.0000,2,1,1,1,1,1,1,3,8,1
SF,IF2006,2019-11-20 09:35:57.000,3923.8000,3397,0,70624320.000,0,-,-,-,-,3923.2000,3923.0000,3922.8000,3922.6000,3922.2000,3924.8000,3925.0000,3927.2000,3929.6000,3931.2000,2,1,1,1,1,1,1,1,3,8
SF,IF2006,2019-11-20 09:35:58.000,3923.8000,3397,0,70624320.000,0,-,-,-,-,3923.4000,3923.2000,3923.0000,3922.8000,3922.6000,3924.8000,3925.0000,3927.2000,3929.6000,3931.2000,1,1,1,1,1,1,1,1,3,8
SF,IF2006,2019-11-20 09:35:58.500,3923.8000,3397,0,70624320.000,0,-,-,-,-,3923.4000,3923.2000,3923.0000,3922.8000,3922.6000,3924.6000,3924.8000,3925.0000,3927.2000,3929.6000,1,1,1,1,1,1,1,1,1,3
SF,IF2006,2019-11-20 09:35:59.000,3923.8000,3397,0,70624320.000,0,-,-,-,-,3923.4000,3923.2000,3923.0000,3922.8000,3922.6000,3925.0000,3927.2000,3929.6000,3931.2000,3939.0000,1,1,1,1,1,1,1,3,8,1
SF,IF2006,2019-11-20 09:35:59.500,3923.8000,3397,0,70624320.000,0,-,-,-,-,3923.4000,3923.2000,3923.0000,3922.8000,3922.6000,3925.0000,3927.2000,3929.6000,3931.2000,3939.0000,2,1,1,1,1,1,1,3,8,1
SF,IF2006,2019-11-20 09:36:00.000,3923.8000,3397,0,70624320.000,0,-,-,-,-,3923.6000,3923.4000,3923.0000,3922.6000,3922.2000,3925.0000,3927.2000,3929.6000,3931.2000,3939.0000,1,2,1,1,1,1,1,3,8,1
SF,IF2006,2019-11-20 09:36:01.000,3923.8000,3397,0,70624320.000,0,-,-,-,-,3923.6000,3923.4000,3923.0000,3922.6000,3922.2000,3925.0000,3927.2000,3929.6000,3931.2000,3939.0000,2,1,1,1,1,1,1,3,8,1
SF,IF2006,2019-11-20 09:36:01.500,3923.8000,3397,0,70624320.000,0,-,-,-,-,3923.6000,3923.4000,3922.6000,3922.2000,3922.0000,3925.0000,3927.2000,3929.6000,3931.2000,3939.0000,2,1,1,1,1,1,1,3,8,1
SF,IF2006,2019-11-20 09:36:02.000,3923.8000,3397,0,70624320.000,0,-,-,-,-,3923.6000,3923.4000,3922.6000,3922.2000,3922.0000,3924.8000,3925.0000,3927.2000,3929.6000,3931.2000,1,1,1,1,1,1,1,1,3,8
SF,IF2006,2019-11-20 09:36:03.000,3923.8000,3397,0,70624320.000,0,-,-,-,-,3924.0000,3923.6000,3922.6000,3922.2000,3922.0000,3924.8000,3925.0000,3927.2000,3929.6000,3931.2000,1,1,1,1,1,1,1,1,3,8
SF,IF2006,2019-11-20 09:36:03.500,3923.8000,3397,0,70624320.000,0,-,-,-,-,3924.0000,3922.6000,3922.2000,3922.0000,3921.2000,3924.8000,3925.0000,3927.2000,3929.6000,3931.2000,1,1,1,1,1,1,1,1,3,8
SF,IF2006,2019-11-20 09:36:18.500,3924.0000,3397,0,71801520.000,1,0,1,多换,S,3922.6000,3922.2000,3922.0000,3921.2000,3920.2000,3924.8000,3925.0000,3927.2000,3929.6000,3931.2000,1,1,1,1,1,1,1,1,3,8
SF,IF2006,2019-11-20 09:36:19.000,3924.0000,3397,0,71801520.000,0,-,-,-,-,3922.8000,3922.6000,3922.2000,3922.0000,3921.2000,3924.6000,3924.8000,3925.0000,3927.2000,3929.6000,1,1,1,1,1,2,1,1,1,3
SF,IF2006,2019-11-20 09:36:19.500,3924.0000,3397,0,71801520.000,0,-,-,-,-,3922.8000,3922.6000,3922.2000,3922.0000,3921.2000,3924.4000,3924.6000,3925.0000,3927.2000,3929.6000,1,1,1,1,1,1,2,1,1,3
SF,IF2006,2019-11-20 09:36:20.000,3924.0000,3397,0,71801520.000,0,-,-,-,-,3922.2000,3922.0000,3921.2000,3920.2000,3920.0000,3924.4000,3924.6000,3925.0000,3927.2000,3929.6000,1,1,1,1,1,1,2,1,1,3
SF,IF2006,2019-11-20 09:36:20.500,3924.0000,3397,0,71801520.000,0,-,-,-,-,3922.4000,3922.2000,3922.0000,3921.2000,3920.2000,3924.2000,3924.4000,3924.6000,3925.0000,3927.2000,1,1,1,1,1,1,1,1,1,1
