市场代码,合约代码,时间,最新,持仓,增仓,成交额,成交量,开仓,平仓,成交类型,方向,买一价,买二价,买三价,买四价,买五价,卖一价,卖二价,卖三价,卖四价,卖五价,买一量,买二量,买三量,买四量,买五量,卖一量,卖二量,卖三量,卖四量,卖五量
SF,IF2007,2020-06-10 09:29:00.200,3954.6000,18719,0,2372760.000,2.000,-,-,-,-,3954.4000,3951.8000,3951.6000,3951.0000,3950.6000,3961.0000,3962.8000,3963.0000,3963.4000,3966.0000,3,3,1,1,1,1,1,5,1,2
SF,IF2007,2020-06-10 09:30:00.200,3954.6000,18719,0,2372760.000,0,-,-,-,-,3955.2000,3955.0000,3954.8000,3954.6000,3954.4000,3959.8000,3960.0000,3960.4000,3960.8000,3961.0000,1,3,1,5,4,1,1,2,6,1
SF,IF2007,2020-06-10 09:30:00.700,3954.6000,18719,0,2372760.000,0,-,-,-,-,3955.6000,3955.4000,3955.2000,3955.0000,3954.8000,3959.2000,3959.6000,3959.8000,3960.0000,3960.8000,2,2,3,3,1,4,4,1,3,2
SF,IF2007,2020-06-10 09:30:01.200,3954.6000,18719,0,2372760.000,0,-,-,-,-,3956.0000,3955.8000,3955.6000,3955.2000,3955.0000,3959.0000,3959.2000,3959.6000,3959.8000,3960.0000,1,5,2,3,3,4,2,1,1,3
SF,IF2007,2020-06-10 09:30:01.700,3958.8000,18718,-1,3560400.000,1,0,1,双平,S,3956.2000,3955.6000,3955.2000,3955.0000,3954.8000,3958.8000,3959.0000,3959.2000,3959.6000,3959.8000,5,2,3,3,1,2,6,2,1,1
SF,IF2007,2020-06-10 09:30:02.200,3958.8000,18718,0,3560400.000,0,-,-,-,-,3956.2000,3955.2000,3955.0000,3954.8000,3954.6000,3958.6000,3958.8000,3959.0000,3959.2000,3959.8000,1,1,3,1,5,4,3,1,2,1
SF,IF2007,2020-06-10 09:30:02.700,3958.8000,18718,0,3560400.000,0,-,-,-,-,3955.2000,3955.0000,3954.8000,3954.6000,3954.4000,3958.4000,3958.6000,3958.8000,3959.2000,3959.8000,1,3,1,5,4,5,4,2,2,1
SF,IF2007,2020-06-10 09:30:03.200,3958.8000,18718,0,4748040.000,1,0,1,多换,S,3955.4000,3955.2000,3955.0000,3954.8000,3954.6000,3958.2000,3958.4000,3958.8000,3959.8000,3960.0000,1,1,2,1,5,3,6,2,1,3
SF,IF2007,2020-06-10 09:30:03.700,3958.8000,18718,0,4748040.000,0,-,-,-,-,3956.8000,3955.6000,3955.4000,3955.2000,3955.0000,3958.0000,3958.2000,3958.4000,3958.8000,3959.8000,1,1,1,1,2,1,3,5,3,1
SF,IF2007,2020-06-10 09:30:04.200,3957.2000,18718,0,7122240.000,2,1,1,多换,S,3955.6000,3955.4000,3955.2000,3955.0000,3954.8000,3957.2000,3957.4000,3957.8000,3958.0000,3958.4000,1,1,1,2,1,1,2,4,2,4
SF,IF2007,2020-06-10 09:30:04.700,3957.2000,18718,0,7122240.000,0,-,-,-,-,3955.8000,3955.6000,3955.2000,3955.0000,3954.8000,3957.2000,3957.4000,3957.8000,3958.0000,3958.4000,1,1,1,3,1,1,3,5,2,3
SF,IF2007,2020-06-10 09:30:05.200,3957.2000,18718,0,7122240.000,0,-,-,-,-,3955.8000,3955.6000,3955.2000,3955.0000,3954.8000,3957.0000,3957.4000,3957.8000,3958.0000,3958.4000,1,1,1,3,1,1,1,4,1,2
SF,IF2007,2020-06-10 09:30:05.700,3957.2000,18718,0,7122240.000,0,-,-,-,-,3955.8000,3955.2000,3955.0000,3954.8000,3954.6000,3957.0000,3957.4000,3957.8000,3958.0000,3958.4000,1,1,3,2,4,1,1,4,1,2
SF,IF2007,2020-06-10 09:30:06.200,3955.8000,18717,-1,8308980.000,1,0,1,双平,S,3955.2000,3955.0000,3954.8000,3954.6000,3954.4000,3956.8000,3957.0000,3957.4000,3957.8000,3958.0000,1,3,2,4,4,1,1,1,3,1
SF,IF2007,2020-06-10 09:30:06.700,3955.8000,18717,0,8308980.000,0,-,-,-,-,3955.4000,3955.2000,3955.0000,3954.8000,3954.6000,3956.8000,3957.4000,3957.8000,3958.0000,3958.4000,1,1,3,2,3,1,1,3,1,2
SF,IF2007,2020-06-10 09:30:07.200,3955.8000,18717,0,8308980.000,0,-,-,-,-,3955.4000,3955.2000,3955.0000,3954.8000,3954.6000,3956.6000,3956.8000,3957.4000,3957.8000,3958.0000,1,1,3,2,3,1,1,1,3,1
SF,IF2007,2020-06-10 09:30:07.700,3955.8000,18717,0,8308980.000,0,-,-,-,-,3955.2000,3955.0000,3954.8000,3954.6000,3954.4000,3956.4000,3956.6000,3956.8000,3957.4000,3957.8000,1,2,2,3,4,3,3,1,1,3
SF,IF2007,2020-06-10 09:30:08.200,3955.8000,18717,0,8308980.000,0,-,-,-,-,3955.6000,3955.2000,3955.0000,3954.8000,3954.6000,3956.2000,3957.4000,3957.8000,3958.0000,3958.4000,1,1,2,2,3,1,1,3,1,2
SF,IF2007,2020-06-10 09:30:08.700,3956.2000,18716,-1,9495840.000,1,0,1,双平,S,3955.6000,3955.2000,3955.0000,3954.8000,3954.6000,3957.4000,3957.8000,3958.0000,3958.4000,3959.8000,1,1,2,2,3,1,3,1,2,1
SF,IF2007,2020-06-10 09:30:09.200,3956.2000,18716,0,9495840.000,0,-,-,-,-,3956.8000,3955.8000,3955.6000,3955.2000,3955.0000,3957.2000,3957.4000,3957.8000,3958.0000,3958.4000,1,1,1,1,2,5,3,1,1,2
SF,IF2007,2020-06-10 09:30:09.700,3956.8000,18716,0,10682880.000,1,0,1,多换,S,3955.8000,3955.6000,3955.2000,3955.0000,3954.8000,3956.8000,3957.2000,3957.4000,3957.8000,3958.0000,1,1,1,2,2,1,6,3,1,1
SF,IF2007,2020-06-10 09:30:10.200,3956.8000,18716,0,10682880.000,0,-,-,-,-,3955.8000,3955.6000,3955.2000,3955.0000,3954.8000,3956.8000,3957.2000,3957.4000,3957.8000,3958.0000,1,1,1,2,2,1,5,3,1,1
SF,IF2007,2020-06-10 09:30:10.700,3955.6000,18716,0,13056300.000,2,1,1,多换,S,3955.2000,3955.0000,3954.8000,3954.6000,3954.4000,3955.6000,3956.6000,3956.8000,3957.2000,3957.4000,1,2,2,3,4,3,1,1,5,2
SF,IF2007,2020-06-10 09:30:11.200,3955.4000,18713,-3,17802960.000,4,0,4,多平,S,3955.2000,3955.0000,3954.8000,3954.6000,3954.4000,3956.6000,3956.8000,3957.2000,3957.8000,3958.0000,1,2,2,3,4,1,1,5,1,1
SF,IF2007,2020-06-10 09:30:11.700,3955.4000,18713,0,17802960.000,0,-,-,-,-,3956.0000,3955.4000,3955.2000,3955.0000,3954.8000,3956.6000,3956.8000,3957.2000,3957.8000,3958.0000,1,1,1,2,2,1,1,5,1,1
SF,IF2007,2020-06-10 09:30:12.200,3957.2000,18714,1,23738040.000,5,3,2,空开,S,3955.2000,3955.0000,3954.8000,3954.6000,3954.4000,3956.6000,3957.2000,3957.8000,3958.0000,3958.4000,1,2,2,3,4,2,3,1,1,2
SF,IF2007,2020-06-10 09:30:12.700,3957.2000,18714,0,23738040.000,0,-,-,-,-,3955.4000,3955.2000,3955.0000,3954.8000,3954.6000,3957.2000,3957.8000,3958.0000,3958.4000,3959.8000,1,1,2,2,3,3,1,1,2,1
SF,IF2007,2020-06-10 09:30:13.200,3957.2000,18714,0,23738040.000,0,-,-,-,-,3955.6000,3955.4000,3955.2000,3955.0000,3954.8000,3957.0000,3957.2000,3957.8000,3958.0000,3958.4000,2,1,1,2,2,1,3,1,1,2
SF,IF2007,2020-06-10 09:30:13.700,3957.2000,18714,0,23738040.000,0,-,-,-,-,3956.8000,3955.8000,3955.6000,3955.2000,3955.0000,3957.0000,3957.2000,3957.8000,3958.0000,3958.4000,1,1,2,1,2,2,3,1,1,2
SF,IF2007,2020-06-10 09:30:14.200,3957.0000,18713,-1,27299280.000,3,1,2,多平,S,3955.8000,3955.6000,3955.2000,3955.0000,3954.8000,3957.0000,3957.2000,3957.8000,3958.0000,3958.4000,1,2,1,2,2,1,3,1,1,2
SF,IF2007,2020-06-10 09:30:14.700,3957.0000,18713,0,27299280.000,0,-,-,-,-,3956.0000,3955.8000,3955.6000,3955.2000,3955.0000,3957.0000,3957.2000,3957.8000,3958.0000,3958.4000,1,1,2,1,2,1,1,1,1,2
SF,IF2007,2020-06-10 09:30:15.200,3957.0000,18713,0,27299280.000,0,-,-,-,-,3956.2000,3956.0000,3955.6000,3955.2000,3955.0000,3957.0000,3957.2000,3957.8000,3958.0000,3958.4000,1,1,2,1,2,1,1,1,1,2
SF,IF2007,2020-06-10 09:30:15.700,3956.2000,18713,0,28486140.000,1,0,1,多换,S,3956.0000,3955.6000,3955.2000,3955.0000,3954.8000,3957.0000,3957.2000,3957.8000,3958.0000,3958.8000,1,2,1,2,2,1,1,1,1,2
SF,IF2007,2020-06-10 09:30:16.200,3956.2000,18713,0,28486140.000,0,-,-,-,-,3955.6000,3955.2000,3955.0000,3954.8000,3954.6000,3956.8000,3957.0000,3957.2000,3957.8000,3958.0000,2,1,2,2,3,1,1,1,1,1
SF,IF2007,2020-06-10 09:30:16.700,3956.2000,18713,0,28486140.000,0,-,-,-,-,3955.6000,3955.2000,3955.0000,3954.8000,3954.6000,3956.6000,3956.8000,3957.0000,3957.2000,3957.8000,2,1,2,2,3,1,1,1,1,1
SF,IF2007,2020-06-10 09:30:17.200,3956.2000,18713,0,28486140.000,0,-,-,-,-,3955.6000,3955.2000,3955.0000,3954.8000,3954.6000,3956.6000,3956.8000,3957.0000,3957.2000,3957.8000,2,1,2,2,3,1,1,1,1,1
SF,IF2007,2020-06-10 09:30:17.700,3956.2000,18713,0,28486140.000,0,-,-,-,-,3956.0000,3955.8000,3955.6000,3955.2000,3955.0000,3957.0000,3957.2000,3957.8000,3958.0000,3959.8000,1,2,2,1,2,1,1,1,1,1
SF,IF2007,2020-06-10 09:30:18.700,3956.2000,18713,0,28486140.000,0,-,-,-,-,3956.0000,3955.8000,3955.6000,3955.2000,3955.0000,3956.8000,3957.0000,3957.2000,3957.8000,3958.0000,1,2,2,1,2,2,1,1,1,1
SF,IF2007,2020-06-10 09:30:20.200,3956.6000,18712,-1,29673120.000,1,0,1,双平,S,3956.0000,3955.8000,3955.6000,3955.2000,3955.0000,3956.6000,3956.8000,3957.2000,3957.8000,3958.0000,1,2,2,1,2,1,2,1,1,1
SF,IF2007,2020-06-10 09:30:20.700,3956.6000,18711,-1,30860100.000,1,0,1,双平,S,3955.8000,3955.6000,3955.2000,3955.0000,3954.8000,3956.6000,3956.8000,3957.2000,3957.8000,3958.0000,2,2,1,2,2,1,2,1,1,1
SF,IF2007,2020-06-10 09:30:21.200,3956.6000,18711,0,30860100.000,0,-,-,-,-,3955.8000,3955.6000,3955.2000,3955.0000,3954.8000,3956.6000,3956.8000,3957.2000,3957.8000,3958.0000,1,2,1,2,2,1,2,1,1,1
SF,IF2007,2020-06-10 09:30:21.700,3956.6000,18711,0,30860100.000,0,-,-,-,-,3955.8000,3955.6000,3955.2000,3955.0000,3954.8000,3956.4000,3956.6000,3956.8000,3957.2000,3957.8000,1,2,1,2,2,1,1,2,1,1
SF,IF2007,2020-06-10 09:30:22.200,3956.6000,18711,0,30860100.000,0,-,-,-,-,3955.8000,3955.6000,3955.2000,3955.0000,3954.8000,3956.6000,3956.8000,3957.2000,3957.8000,3958.0000,2,2,1,2,2,1,2,1,1,1
SF,IF2007,2020-06-10 09:30:23.200,3956.6000,18711,0,30860100.000,0,-,-,-,-,3955.8000,3955.6000,3955.2000,3955.0000,3954.8000,3956.6000,3956.8000,3957.2000,3957.8000,3958.0000,2,2,1,2,2,1,2,1,1,1
SF,IF2007,2020-06-10 09:30:23.700,3955.8000,18710,-1,33233580.000,2,0,2,多平,S,3955.6000,3955.2000,3955.0000,3954.8000,3954.6000,3956.4000,3956.6000,3956.8000,3957.2000,3957.8000,2,1,2,2,3,2,3,2,1,1
SF,IF2007,2020-06-10 09:30:24.200,3955.6000,18712,2,35606940.000,2,2,0,双开,S,3955.2000,3955.0000,3954.8000,3954.6000,3954.4000,3956.4000,3956.8000,3957.2000,3957.8000,3958.0000,1,2,2,3,1,2,2,1,1,1
SF,IF2007,2020-06-10 09:30:24.700,3955.6000,18712,0,35606940.000,0,-,-,-,-,3955.2000,3955.0000,3954.8000,3954.6000,3954.4000,3956.2000,3956.4000,3956.8000,3957.2000,3957.8000,1,2,2,3,1,1,2,2,1,1
SF,IF2007,2020-06-10 09:30:25.200,3955.6000,18712,0,35606940.000,0,-,-,-,-,3955.2000,3955.0000,3954.8000,3954.6000,3954.4000,3956.0000,3956.2000,3956.4000,3956.8000,3957.2000,1,2,2,3,1,1,1,1,2,1
SF,IF2007,2020-06-10 09:30:25.700,3955.6000,18712,0,35606940.000,0,-,-,-,-,3955.2000,3955.0000,3954.8000,3954.6000,3954.4000,3956.0000,3956.2000,3956.4000,3956.8000,3957.2000,1,2,2,3,1,2,2,1,2,1
SF,IF2007,2020-06-10 09:30:26.700,3955.0000,18712,0,39166500.000,3,1,2,多换,S,3954.8000,3954.6000,3954.4000,3951.0000,3950.2000,3955.6000,3956.0000,3956.4000,3956.8000,3957.2000,2,3,1,2,1,1,1,1,2,1
SF,IF2007,2020-06-10 09:30:27.200,3955.6000,18712,0,40353180.000,1,0,1,多换,S,3954.8000,3954.4000,3951.0000,3950.2000,3950.0000,3955.8000,3956.0000,3956.4000,3956.8000,3957.2000,2,1,2,1,1,2,1,1,2,1
SF,IF2007,2020-06-10 09:30:28.700,3956.0000,18712,0,41539980.000,1,0,1,多换,S,3954.8000,3954.4000,3951.0000,3950.2000,3950.0000,3956.4000,3956.8000,3957.2000,3957.6000,3957.8000,2,1,2,1,1,1,2,1,2,1
SF,IF2007,2020-06-10 09:30:29.200,3956.0000,18712,0,41539980.000,0,-,-,-,-,3954.8000,3954.4000,3951.0000,3950.2000,3950.0000,3955.6000,3955.8000,3956.0000,3956.2000,3956.4000,2,1,2,1,1,2,1,2,2,1
SF,IF2007,2020-06-10 09:30:29.700,3956.0000,18712,0,41539980.000,0,-,-,-,-,3954.8000,3954.4000,3951.0000,3950.2000,3950.0000,3955.6000,3955.8000,3956.0000,3956.2000,3956.4000,2,1,2,1,1,2,1,2,3,1
SF,IF2007,2020-06-10 09:30:30.200,3954.4000,18712,0,45099180.000,3,1,2,多换,S,3951.0000,3950.2000,3950.0000,3948.2000,3946.2000,3955.4000,3956.0000,3956.2000,3956.4000,3956.8000,2,1,1,1,1,2,2,2,1,2
SF,IF2007,2020-06-10 09:30:30.700,3954.4000,18712,0,45099180.000,0,-,-,-,-,3952.0000,3951.4000,3951.2000,3951.0000,3950.2000,3955.2000,3955.4000,3956.0000,3956.2000,3956.4000,4,1,9,6,1,4,3,2,1,1
SF,IF2007,2020-06-10 09:30:31.200,3954.4000,18712,0,45099180.000,0,-,-,-,-,3952.2000,3952.0000,3951.4000,3951.2000,3951.0000,3955.2000,3955.4000,3956.0000,3956.2000,3956.4000,5,4,1,5,6,1,1,1,1,1
SF,IF2007,2020-06-10 09:30:31.700,3955.0000,18712,0,46285680.000,1,0,1,多换,S,3955.0000,3952.2000,3952.0000,3951.4000,3951.2000,3955.2000,3955.4000,3956.4000,3956.8000,3957.2000,1,6,4,1,2,1,1,1,2,1
SF,IF2007,2020-06-10 09:30:32.200,3955.2000,18709,-3,51031740.000,4,0,4,多平,S,3955.2000,3952.6000,3952.2000,3952.0000,3951.4000,3956.4000,3956.8000,3957.2000,3957.6000,3957.8000,3,1,6,4,1,1,2,1,2,1
SF,IF2007,2020-06-10 09:30:32.700,3955.2000,18706,-3,54591420.000,3,0,3,双平,S,3953.0000,3952.2000,3952.0000,3951.4000,3951.2000,3954.8000,3955.2000,3955.8000,3956.0000,3956.2000,2,6,2,1,2,1,3,1,1,5
SF,IF2007,2020-06-10 09:30:33.200,3954.8000,18705,-1,55777860.000,1,0,1,双平,S,3953.2000,3953.0000,3952.2000,3952.0000,3951.4000,3955.6000,3956.0000,3956.2000,3956.4000,3956.8000,2,2,5,2,1,1,1,2,1,2
SF,IF2007,2020-06-10 09:30:33.700,3955.6000,18705,0,56964540.000,1,0,1,多换,S,3955.2000,3955.0000,3953.4000,3953.2000,3953.0000,3955.8000,3956.2000,3956.4000,3956.8000,3957.2000,1,1,1,2,2,1,4,1,2,1
SF,IF2007,2020-06-10 09:30:34.200,3955.6000,18705,0,56964540.000,0,-,-,-,-,3955.2000,3955.0000,3953.4000,3953.2000,3953.0000,3955.8000,3956.4000,3956.8000,3957.2000,3957.8000,1,1,1,2,2,1,1,2,1,1
SF,IF2007,2020-06-10 09:30:34.700,3955.2000,18704,-1,58151100.000,1,0,1,双平,S,3955.0000,3953.4000,3953.2000,3953.0000,3952.2000,3955.8000,3956.4000,3956.8000,3957.2000,3957.8000,1,1,1,2,5,2,1,2,1,1
SF,IF2007,2020-06-10 09:30:35.200,3955.2000,18704,0,58151100.000,0,-,-,-,-,3955.0000,3953.4000,3953.2000,3953.0000,3952.2000,3955.6000,3955.8000,3956.4000,3956.8000,3957.2000,1,1,1,2,5,1,4,1,2,1
SF,IF2007,2020-06-10 09:30:35.700,3955.2000,18704,0,58151100.000,0,-,-,-,-,3955.0000,3953.4000,3953.2000,3953.0000,3952.2000,3955.6000,3955.8000,3956.4000,3956.8000,3957.2000,1,1,1,2,5,1,2,1,2,1
SF,IF2007,2020-06-10 09:30:36.200,3955.0000,18703,-1,59337600.000,1,0,1,双平,S,3953.4000,3953.2000,3953.0000,3952.2000,3952.0000,3955.6000,3955.8000,3956.4000,3956.8000,3957.2000,1,1,2,5,2,1,2,1,2,1
SF,IF2007,2020-06-10 09:30:36.700,3955.0000,18703,0,59337600.000,0,-,-,-,-,3953.6000,3953.4000,3953.0000,3952.2000,3952.0000,3955.6000,3955.8000,3956.4000,3956.8000,3957.2000,1,1,2,5,2,1,2,1,2,1
SF,IF2007,2020-06-10 09:30:37.200,3955.0000,18703,0,59337600.000,0,-,-,-,-,3953.8000,3953.6000,3953.4000,3953.0000,3952.2000,3955.6000,3955.8000,3956.0000,3956.4000,3956.8000,1,1,1,2,5,1,2,1,1,2
SF,IF2007,2020-06-10 09:30:37.700,3955.0000,18703,0,59337600.000,0,-,-,-,-,3954.0000,3953.8000,3953.0000,3952.2000,3952.0000,3955.2000,3955.6000,3955.8000,3956.0000,3956.4000,1,1,2,5,2,1,2,2,1,1
SF,IF2007,2020-06-10 09:30:38.200,3955.0000,18703,0,59337600.000,0,-,-,-,-,3954.0000,3953.0000,3952.2000,3952.0000,3951.4000,3955.2000,3955.6000,3955.8000,3956.0000,3956.4000,1,2,5,2,1,1,2,2,1,1
SF,IF2007,2020-06-10 09:30:38.700,3955.2000,18703,0,60524160.000,1,0,1,多换,S,3954.0000,3953.0000,3952.2000,3952.0000,3951.4000,3955.6000,3955.8000,3956.0000,3956.4000,3956.8000,1,2,5,2,1,2,2,1,1,2
SF,IF2007,2020-06-10 09:30:39.200,3954.0000,18703,0,61710360.000,1,0,1,多换,S,3953.0000,3952.2000,3952.0000,3951.4000,3951.0000,3955.6000,3955.8000,3956.0000,3956.4000,3956.8000,2,5,2,1,2,2,2,1,1,2
SF,IF2007,2020-06-10 09:30:39.700,3954.0000,18703,0,61710360.000,0,-,-,-,-,3953.2000,3953.0000,3952.2000,3952.0000,3951.4000,3955.4000,3955.6000,3955.8000,3956.0000,3956.4000,3,2,3,2,1,1,2,2,1,1
SF,IF2007,2020-06-10 09:30:40.200,3954.0000,18703,0,61710360.000,0,-,-,-,-,3953.2000,3953.0000,3952.2000,3952.0000,3951.4000,3955.4000,3955.6000,3955.8000,3956.0000,3956.4000,3,2,3,2,1,1,1,2,1,1
SF,IF2007,2020-06-10 09:30:40.700,3954.0000,18703,0,61710360.000,0,-,-,-,-,3953.6000,3953.2000,3953.0000,3952.2000,3952.0000,3955.2000,3955.4000,3955.6000,3955.8000,3956.0000,1,3,2,3,2,2,3,1,2,1
SF,IF2007,2020-06-10 09:30:41.200,3954.0000,18703,0,61710360.000,0,-,-,-,-,3953.8000,3953.2000,3953.0000,3952.2000,3952.0000,3955.2000,3955.4000,3955.6000,3955.8000,3956.0000,1,2,2,3,2,2,3,1,2,1
SF,IF2007,2020-06-10 09:30:42.200,3953.2000,18701,-2,64082460.000,2,0,2,双平,S,3953.2000,3953.0000,3952.2000,3952.0000,3951.4000,3955.2000,3955.4000,3955.6000,3955.8000,3956.0000,1,2,3,2,1,2,3,1,2,1
SF,IF2007,2020-06-10 09:30:42.700,3953.2000,18701,0,64082460.000,0,-,-,-,-,3953.4000,3953.2000,3953.0000,3952.2000,3952.0000,3955.0000,3955.2000,3955.6000,3955.8000,3956.0000,1,1,2,3,2,1,2,1,2,1
SF,IF2007,2020-06-10 09:30:43.200,3955.0000,18699,-2,66455400.000,2,0,2,双平,S,3955.0000,3953.4000,3953.2000,3952.2000,3952.0000,3955.2000,3955.6000,3955.8000,3956.0000,3956.4000,2,1,1,3,2,3,1,2,1,1
SF,IF2007,2020-06-10 09:30:43.700,3955.2000,18697,-2,71201460.000,4,1,3,多平,S,3953.4000,3953.2000,3952.2000,3952.0000,3951.4000,3955.2000,3955.6000,3955.8000,3956.0000,3956.4000,2,1,3,2,1,1,1,2,1,1
SF,IF2007,2020-06-10 09:30:44.200,3955.2000,18697,0,71201460.000,0,-,-,-,-,3953.4000,3953.2000,3952.2000,3952.0000,3951.4000,3955.0000,3955.2000,3955.6000,3955.8000,3956.0000,1,1,3,2,1,1,1,1,1,1
SF,IF2007,2020-06-10 09:30:45.200,3955.2000,18697,0,73574580.000,2,1,1,多换,S,3953.4000,3953.2000,3952.2000,3952.0000,3951.4000,3955.6000,3955.8000,3956.0000,3956.4000,3956.8000,1,1,3,2,1,1,1,1,1,2
SF,IF2007,2020-06-10 09:30:45.700,3955.2000,18697,0,73574580.000,0,-,-,-,-,3953.6000,3953.4000,3953.2000,3952.2000,3952.0000,3955.6000,3955.8000,3956.0000,3956.4000,3956.8000,1,2,1,3,2,1,1,1,1,2
SF,IF2007,2020-06-10 09:30:46.200,3955.2000,18697,0,73574580.000,0,-,-,-,-,3953.8000,3953.6000,3953.4000,3953.2000,3952.2000,3955.6000,3955.8000,3956.0000,3956.4000,3956.8000,1,1,2,1,3,1,1,1,1,2
SF,IF2007,2020-06-10 09:30:46.700,3955.2000,18697,0,73574580.000,0,-,-,-,-,3953.8000,3953.6000,3953.2000,3952.2000,3952.0000,3955.6000,3955.8000,3956.0000,3956.4000,3956.8000,1,1,1,3,2,1,1,1,1,2
SF,IF2007,2020-06-10 09:30:47.200,3955.2000,18697,0,73574580.000,0,-,-,-,-,3953.8000,3953.6000,3953.2000,3952.2000,3952.0000,3955.6000,3955.8000,3956.0000,3956.4000,3956.8000,1,2,1,3,2,1,1,1,1,2
SF,IF2007,2020-06-10 09:30:47.700,3955.6000,18697,0,74761260.000,1,0,1,多换,S,3955.6000,3954.0000,3953.8000,3953.6000,3953.2000,3955.8000,3956.0000,3956.4000,3956.8000,3957.2000,1,1,1,2,1,1,1,1,2,1
SF,IF2007,2020-06-10 09:30:48.200,3955.6000,18697,0,75947940.000,1,0,1,多换,S,3954.0000,3953.8000,3953.6000,3953.2000,3952.2000,3955.8000,3956.0000,3956.4000,3956.8000,3957.2000,1,1,2,1,3,1,1,1,2,1
SF,IF2007,2020-06-10 09:30:48.700,3955.6000,18697,0,75947940.000,0,-,-,-,-,3954.2000,3954.0000,3953.6000,3953.2000,3952.2000,3955.8000,3956.0000,3956.4000,3956.8000,3957.2000,1,1,2,1,3,1,1,1,2,1
SF,IF2007,2020-06-10 09:30:49.200,3955.6000,18697,0,75947940.000,0,-,-,-,-,3954.2000,3954.0000,3953.6000,3953.4000,3953.2000,3955.8000,3956.0000,3956.4000,3956.8000,3957.2000,1,1,2,2,1,1,1,1,2,1
SF,IF2007,2020-06-10 09:30:49.700,3955.6000,18697,0,75947940.000,0,-,-,-,-,3954.2000,3953.6000,3953.4000,3953.2000,3952.2000,3955.8000,3956.0000,3956.4000,3956.8000,3957.2000,1,2,2,1,3,1,1,1,2,1
SF,IF2007,2020-06-10 09:30:50.200,3955.6000,18697,0,75947940.000,0,-,-,-,-,3954.2000,3953.6000,3953.4000,3953.2000,3952.2000,3955.6000,3955.8000,3956.0000,3956.4000,3956.8000,1,2,2,1,3,1,1,1,1,2
SF,IF2007,2020-06-10 09:30:50.700,3955.6000,18697,0,75947940.000,0,-,-,-,-,3954.2000,3953.6000,3953.4000,3953.2000,3952.2000,3955.8000,3956.0000,3956.4000,3956.8000,3957.2000,1,2,2,1,3,1,1,1,2,1
SF,IF2007,2020-06-10 09:30:51.200,3955.6000,18697,0,75947940.000,0,-,-,-,-,3954.2000,3953.6000,3953.4000,3953.2000,3952.2000,3955.8000,3956.0000,3956.4000,3956.8000,3957.2000,1,2,2,1,3,1,1,1,2,1
SF,IF2007,2020-06-10 09:30:51.700,3955.6000,18697,0,75947940.000,0,-,-,-,-,3954.2000,3953.8000,3953.6000,3953.4000,3953.2000,3955.8000,3956.0000,3956.4000,3956.8000,3957.2000,1,1,2,2,1,1,1,1,2,1
SF,IF2007,2020-06-10 09:30:52.200,3955.6000,18697,0,75947940.000,0,-,-,-,-,3954.2000,3953.8000,3953.6000,3953.4000,3953.2000,3955.6000,3955.8000,3956.0000,3956.4000,3956.8000,1,1,2,2,1,1,1,1,1,2
SF,IF2007,2020-06-10 09:30:52.700,3955.6000,18697,0,75947940.000,0,-,-,-,-,3954.2000,3953.8000,3953.6000,3953.4000,3953.2000,3955.8000,3956.0000,3956.4000,3956.8000,3957.2000,1,1,2,2,1,1,1,1,2,1
SF,IF2007,2020-06-10 09:30:53.200,3955.6000,18697,0,75947940.000,0,-,-,-,-,3954.2000,3953.8000,3953.6000,3953.4000,3953.2000,3955.6000,3955.8000,3956.0000,3956.4000,3956.8000,1,1,2,2,1,2,1,1,1,2
SF,IF2007,2020-06-10 09:30:53.700,3955.6000,18697,0,75947940.000,0,-,-,-,-,3954.2000,3953.8000,3953.6000,3953.4000,3953.2000,3955.6000,3955.8000,3956.0000,3956.4000,3956.8000,1,1,2,2,1,5,2,1,1,2
SF,IF2007,2020-06-10 09:30:54.200,3954.2000,18697,0,77134200.000,1,0,1,多换,S,3953.8000,3953.6000,3953.4000,3953.2000,3952.2000,3955.6000,3955.8000,3956.0000,3956.4000,3956.8000,1,2,2,1,3,5,2,1,1,2
SF,IF2007,2020-06-10 09:30:54.700,3954.2000,18697,0,77134200.000,0,-,-,-,-,3954.0000,3953.8000,3953.6000,3953.4000,3953.2000,3955.4000,3955.6000,3955.8000,3956.0000,3956.4000,1,1,2,2,1,1,2,2,1,1
SF,IF2007,2020-06-10 09:30:55.200,3954.2000,18697,0,77134200.000,0,-,-,-,-,3954.0000,3953.8000,3953.6000,3953.4000,3953.2000,3955.4000,3955.6000,3955.8000,3956.0000,3956.4000,1,1,2,2,1,1,4,2,1,1
SF,IF2007,2020-06-10 09:30:55.700,3954.2000,18697,0,77134200.000,0,-,-,-,-,3954.0000,3953.8000,3953.6000,3953.4000,3953.2000,3955.4000,3955.6000,3955.8000,3956.0000,3956.4000,1,1,2,2,1,1,2,2,1,1
SF,IF2007,2020-06-10 09:30:56.700,3954.2000,18697,0,77134200.000,0,-,-,-,-,3954.0000,3953.8000,3953.6000,3953.4000,3953.2000,3955.4000,3955.6000,3955.8000,3956.0000,3956.4000,1,1,2,2,1,3,2,2,1,1
SF,IF2007,2020-06-10 09:30:57.200,3954.2000,18697,0,77134200.000,0,-,-,-,-,3954.0000,3953.8000,3953.6000,3953.4000,3953.2000,3955.4000,3955.6000,3955.8000,3956.0000,3956.4000,1,1,2,2,1,1,2,2,1,1
SF,IF2007,2020-06-10 09:30:57.700,3954.2000,18697,0,77134200.000,0,-,-,-,-,3954.0000,3953.8000,3953.6000,3953.4000,3953.2000,3955.2000,3955.4000,3955.6000,3955.8000,3956.0000,1,1,2,2,1,1,1,1,2,1
SF,IF2007,2020-06-10 09:30:58.200,3954.2000,18697,0,77134200.000,0,-,-,-,-,3954.0000,3953.8000,3953.6000,3953.2000,3952.2000,3955.2000,3955.4000,3955.6000,3955.8000,3956.0000,1,1,2,1,3,1,3,1,2,1
SF,IF2007,2020-06-10 09:30:58.700,3954.2000,18697,0,77134200.000,0,-,-,-,-,3954.0000,3953.8000,3953.6000,3953.2000,3952.2000,3955.2000,3955.4000,3955.6000,3955.8000,3956.0000,1,1,2,1,3,1,1,1,2,1
SF,IF2007,2020-06-10 09:30:59.200,3954.0000,18696,-1,78320400.000,1,0,1,双平,S,3953.8000,3953.6000,3953.2000,3952.2000,3952.0000,3954.0000,3955.0000,3955.2000,3955.6000,3955.8000,1,2,1,3,2,1,3,1,1,2
SF,IF2007,2020-06-10 09:30:59.700,3954.0000,18696,0,79506600.000,1,0,1,多换,S,3954.4000,3954.0000,3953.8000,3953.6000,3953.2000,3955.2000,3955.6000,3955.8000,3956.0000,3956.4000,1,1,1,1,1,1,1,2,1,1
SF,IF2007,2020-06-10 09:31:00.200,3954.4000,18696,0,80692920.000,1,0,1,多换,S,3953.8000,3953.6000,3953.2000,3952.2000,3952.0000,3954.6000,3954.8000,3955.2000,3955.6000,3955.8000,1,1,1,3,1,1,1,1,1,2
SF,IF2007,2020-06-10 09:31:00.700,3954.4000,18696,0,80692920.000,0,-,-,-,-,3954.6000,3953.8000,3953.6000,3953.2000,3952.2000,3955.0000,3955.2000,3955.6000,3955.8000,3956.0000,1,1,1,1,3,3,1,1,2,1
SF,IF2007,2020-06-10 09:31:01.200,3953.8000,18697,1,83065380.000,2,1,1,空开,S,3953.6000,3953.2000,3952.2000,3952.0000,3951.0000,3954.2000,3954.8000,3955.0000,3955.6000,3955.8000,1,1,3,1,1,1,1,1,1,2
SF,IF2007,2020-06-10 09:31:01.700,3953.6000,18697,0,84251460.000,1,0,1,多换,S,3953.2000,3952.2000,3951.0000,3950.2000,3950.0000,3954.0000,3954.2000,3954.6000,3954.8000,3955.6000,1,3,1,3,1,2,1,2,1,1
SF,IF2007,2020-06-10 09:31:02.200,3953.6000,18697,0,84251460.000,0,-,-,-,-,3952.2000,3951.0000,3950.2000,3950.0000,3948.2000,3954.0000,3954.2000,3954.8000,3955.6000,3955.8000,3,1,3,1,1,1,1,1,1,2
SF,IF2007,2020-06-10 09:31:02.700,3953.8000,18697,0,85437600.000,1,0,1,多换,S,3952.4000,3951.0000,3950.2000,3950.0000,3948.2000,3953.8000,3954.0000,3954.2000,3954.8000,3955.6000,1,1,3,1,1,3,1,1,1,1
SF,IF2007,2020-06-10 09:31:03.200,3953.8000,18697,0,85437600.000,0,-,-,-,-,3952.4000,3951.0000,3950.2000,3950.0000,3948.2000,3953.6000,3953.8000,3954.2000,3954.8000,3955.6000,1,1,3,1,1,1,1,1,1,1
SF,IF2007,2020-06-10 09:31:03.700,3953.8000,18697,0,86623740.000,1,0,1,多换,S,3952.4000,3951.0000,3950.2000,3950.0000,3948.2000,3953.8000,3954.2000,3954.8000,3955.6000,3955.8000,1,1,3,1,1,3,1,1,1,2
SF,IF2007,2020-06-10 09:31:04.200,3953.8000,18697,0,86623740.000,0,-,-,-,-,3952.4000,3951.0000,3950.2000,3950.0000,3948.2000,3953.6000,3953.8000,3954.2000,3954.8000,3955.6000,1,1,3,1,1,1,1,1,1,1
SF,IF2007,2020-06-10 09:31:04.700,3953.8000,18697,0,86623740.000,0,-,-,-,-,3952.4000,3951.0000,3950.2000,3950.0000,3948.2000,3953.6000,3953.8000,3954.2000,3954.8000,3955.6000,1,1,3,1,1,3,1,1,1,1
SF,IF2007,2020-06-10 09:31:05.200,3953.8000,18697,0,86623740.000,0,-,-,-,-,3952.4000,3951.0000,3950.2000,3950.0000,3948.2000,3953.6000,3953.8000,3954.2000,3954.8000,3955.6000,1,1,3,1,1,1,1,1,1,1
SF,IF2007,2020-06-10 09:31:05.700,3953.8000,18697,0,86623740.000,0,-,-,-,-,3952.4000,3951.0000,3950.2000,3950.0000,3948.2000,3953.6000,3953.8000,3954.2000,3954.8000,3955.6000,1,1,3,1,1,3,1,1,1,1
SF,IF2007,2020-06-10 09:31:06.200,3953.8000,18697,0,87809880.000,1,0,1,多换,S,3951.0000,3950.2000,3950.0000,3948.2000,3947.0000,3953.6000,3953.8000,3954.2000,3954.8000,3955.6000,1,3,1,1,4,1,1,1,1,1
SF,IF2007,2020-06-10 09:31:06.700,3953.8000,18697,0,87809880.000,0,-,-,-,-,3951.2000,3951.0000,3950.2000,3950.0000,3948.2000,3953.6000,3953.8000,3954.2000,3954.8000,3955.0000,6,1,3,1,1,3,1,1,1,1
SF,IF2007,2020-06-10 09:31:07.200,3951.2000,18696,-1,88995240.000,1,0,1,双平,S,3951.2000,3951.0000,3950.2000,3950.0000,3948.2000,3953.6000,3953.8000,3954.2000,3954.8000,3955.0000,4,1,3,1,1,1,1,1,1,1
SF,IF2007,2020-06-10 09:31:07.700,3951.2000,18694,-2,91365960.000,2,0,2,双平,S,3951.4000,3951.2000,3951.0000,3950.2000,3950.0000,3953.4000,3953.6000,3953.8000,3954.2000,3954.8000,1,3,1,3,1,1,1,1,1,1
SF,IF2007,2020-06-10 09:31:08.200,3951.2000,18694,0,91365960.000,0,-,-,-,-,3951.6000,3951.4000,3951.2000,3951.0000,3950.2000,3953.2000,3953.4000,3954.2000,3954.8000,3955.0000,1,1,1,1,3,1,3,1,1,1
SF,IF2007,2020-06-10 09:31:09.200,3951.2000,18694,0,91365960.000,0,-,-,-,-,3951.6000,3951.4000,3951.2000,3951.0000,3950.2000,3953.2000,3953.4000,3954.2000,3954.8000,3955.0000,1,1,1,1,3,1,3,1,1,1
SF,IF2007,2020-06-10 09:31:09.700,3951.2000,18694,0,91365960.000,0,-,-,-,-,3951.8000,3951.6000,3951.2000,3951.0000,3950.2000,3953.2000,3953.4000,3954.2000,3954.8000,3955.0000,1,1,1,1,3,1,3,1,1,1
SF,IF2007,2020-06-10 09:31:10.200,3951.6000,18692,-2,93736920.000,2,0,2,双平,S,3951.2000,3951.0000,3950.2000,3950.0000,3948.2000,3953.2000,3953.4000,3954.2000,3954.8000,3955.0000,1,1,3,1,1,1,1,1,1,1
SF,IF2007,2020-06-10 09:31:10.700,3951.4000,18691,-1,94922340.000,1,0,1,双平,S,3951.2000,3951.0000,3950.2000,3950.0000,3948.2000,3953.0000,3953.2000,3954.2000,3954.8000,3955.0000,2,1,3,1,1,1,1,1,1,1
SF,IF2007,2020-06-10 09:31:11.200,3951.4000,18691,0,94922340.000,0,-,-,-,-,3951.2000,3951.0000,3950.2000,3950.0000,3948.2000,3952.8000,3953.0000,3954.2000,3954.8000,3955.0000,2,1,3,1,1,1,1,1,1,1
SF,IF2007,2020-06-10 09:31:11.700,3951.4000,18691,0,94922340.000,0,-,-,-,-,3951.6000,3951.4000,3951.2000,3951.0000,3950.2000,3952.8000,3953.0000,3954.2000,3954.8000,3955.0000,1,1,2,1,3,1,1,1,1,1
SF,IF2007,2020-06-10 09:31:12.200,3951.4000,18691,0,94922340.000,0,-,-,-,-,3951.6000,3951.4000,3951.2000,3951.0000,3950.2000,3952.8000,3954.2000,3954.8000,3955.0000,3955.6000,1,1,2,1,3,1,1,1,1,1
SF,IF2007,2020-06-10 09:31:12.700,3952.8000,18690,-1,96108180.000,1,0,1,双平,S,3951.6000,3951.4000,3951.2000,3951.0000,3950.2000,3954.2000,3954.8000,3955.0000,3955.6000,3955.8000,1,1,2,1,3,1,1,1,1,2
SF,IF2007,2020-06-10 09:31:13.200,3952.8000,18690,0,96108180.000,0,-,-,-,-,3951.8000,3951.4000,3951.2000,3951.0000,3950.2000,3953.0000,3953.6000,3953.8000,3954.0000,3954.2000,1,1,2,1,3,1,1,2,1,1
SF,IF2007,2020-06-10 09:31:13.700,3951.6000,18689,-1,97293660.000,1,0,1,双平,S,3951.2000,3951.0000,3950.2000,3950.0000,3948.2000,3952.8000,3953.0000,3953.4000,3953.6000,3953.8000,1,1,3,1,1,1,2,1,1,2
SF,IF2007,2020-06-10 09:31:14.200,3951.6000,18689,0,97293660.000,0,-,-,-,-,3951.4000,3951.2000,3951.0000,3950.2000,3950.0000,3952.8000,3953.6000,3953.8000,3954.0000,3954.2000,2,1,1,1,1,1,1,3,2,1
SF,IF2007,2020-06-10 09:31:14.700,3952.8000,18687,-2,99665340.000,2,0,2,双平,S,3951.6000,3951.4000,3951.2000,3951.0000,3950.2000,3953.6000,3953.8000,3954.0000,3954.2000,3955.6000,1,4,1,1,1,1,3,2,1,1
SF,IF2007,2020-06-10 09:31:15.200,3952.8000,18687,0,99665340.000,0,-,-,-,-,3951.8000,3951.6000,3951.4000,3951.2000,3951.0000,3953.4000,3953.8000,3954.0000,3954.2000,3955.6000,2,2,3,3,1,1,2,1,1,1
SF,IF2007,2020-06-10 09:31:15.700,3952.8000,18687,0,99665340.000,0,-,-,-,-,3951.8000,3951.6000,3951.4000,3951.2000,3951.0000,3953.4000,3953.8000,3954.0000,3954.2000,3955.6000,2,2,3,3,1,1,2,1,1,1
SF,IF2007,2020-06-10 09:31:16.200,3953.2000,18687,0,100851300.000,1,0,1,多换,S,3951.8000,3951.6000,3951.4000,3951.2000,3951.0000,3954.0000,3954.2000,3955.6000,3955.8000,3956.0000,2,3,3,2,1,1,1,1,2,1
SF,IF2007,2020-06-10 09:31:16.700,3953.2000,18687,0,100851300.000,0,-,-,-,-,3952.0000,3951.8000,3951.6000,3951.4000,3951.2000,3953.8000,3954.0000,3954.2000,3955.6000,3955.8000,2,2,2,3,2,1,1,1,1,2
SF,IF2007,2020-06-10 09:31:17.200,3953.2000,18687,0,100851300.000,0,-,-,-,-,3952.2000,3952.0000,3951.8000,3951.6000,3951.4000,3953.8000,3954.2000,3955.6000,3955.8000,3956.0000,1,3,1,2,3,1,1,1,2,1
SF,IF2007,2020-06-10 09:31:17.700,3953.2000,18687,0,100851300.000,0,-,-,-,-,3952.2000,3952.0000,3951.8000,3951.6000,3951.4000,3953.8000,3954.2000,3955.6000,3955.8000,3956.0000,1,3,1,2,1,1,1,1,2,1
SF,IF2007,2020-06-10 09:31:18.700,3953.2000,18687,0,100851300.000,0,-,-,-,-,3952.4000,3952.2000,3952.0000,3951.8000,3951.6000,3953.8000,3954.2000,3955.6000,3955.8000,3956.0000,1,1,2,1,2,1,1,1,2,1
SF,IF2007,2020-06-10 09:31:19.200,3953.2000,18687,0,100851300.000,0,-,-,-,-,3952.4000,3952.2000,3952.0000,3951.8000,3951.6000,3953.6000,3953.8000,3954.2000,3954.6000,3955.6000,1,1,1,1,2,3,1,1,1,1
SF,IF2007,2020-06-10 09:31:19.700,3953.2000,18687,0,100851300.000,0,-,-,-,-,3952.6000,3952.4000,3952.0000,3951.8000,3951.6000,3953.8000,3954.2000,3954.6000,3955.6000,3955.8000,1,1,1,1,2,1,1,1,1,2
SF,IF2007,2020-06-10 09:31:20.200,3953.2000,18687,0,100851300.000,0,-,-,-,-,3952.6000,3952.4000,3952.0000,3951.8000,3951.6000,3953.8000,3954.2000,3954.6000,3955.6000,3955.8000,1,1,1,1,2,1,1,1,1,2
SF,IF2007,2020-06-10 09:31:20.700,3953.2000,18687,0,100851300.000,0,-,-,-,-,3952.6000,3952.4000,3952.0000,3951.8000,3951.6000,3953.8000,3954.2000,3954.6000,3955.6000,3955.8000,1,1,2,1,2,1,1,1,1,2
SF,IF2007,2020-06-10 09:31:21.200,3953.2000,18687,0,100851300.000,0,-,-,-,-,3952.6000,3952.4000,3952.0000,3951.8000,3951.6000,3954.2000,3954.6000,3955.6000,3955.8000,3956.0000,1,1,2,1,2,1,1,1,2,1
SF,IF2007,2020-06-10 09:31:21.700,3953.2000,18687,0,100851300.000,0,-,-,-,-,3952.6000,3952.4000,3952.0000,3951.8000,3951.6000,3954.2000,3954.6000,3955.6000,3955.8000,3956.0000,1,1,2,1,2,1,1,1,2,1
SF,IF2007,2020-06-10 09:31:22.200,3953.2000,18687,0,100851300.000,0,-,-,-,-,3952.6000,3952.4000,3952.0000,3951.8000,3951.6000,3954.2000,3954.6000,3955.0000,3955.6000,3955.8000,1,1,2,1,2,1,1,1,1,2
SF,IF2007,2020-06-10 09:31:22.700,3953.2000,18687,0,100851300.000,0,-,-,-,-,3952.6000,3952.4000,3952.0000,3951.8000,3951.6000,3954.0000,3954.2000,3954.6000,3955.0000,3955.6000,1,1,2,1,2,1,1,1,1,1
SF,IF2007,2020-06-10 09:31:23.200,3953.2000,18687,0,100851300.000,0,-,-,-,-,3953.2000,3952.6000,3952.4000,3952.0000,3951.8000,3954.0000,3954.2000,3954.6000,3955.0000,3955.6000,1,1,1,2,1,1,1,1,1,1
SF,IF2007,2020-06-10 09:31:23.700,3953.2000,18686,-1,102037260.000,1,0,1,双平,S,3952.6000,3952.4000,3952.0000,3951.8000,3951.6000,3954.0000,3954.2000,3954.6000,3955.0000,3955.6000,1,1,2,1,2,1,1,1,1,1
SF,IF2007,2020-06-10 09:31:24.200,3954.0000,18685,-1,103223460.000,1,0,1,双平,S,3952.6000,3952.4000,3952.0000,3951.8000,3951.6000,3954.6000,3955.0000,3955.6000,3955.8000,3956.0000,1,1,2,1,2,1,1,1,2,1
SF,IF2007,2020-06-10 09:31:24.700,3954.0000,18685,0,103223460.000,0,-,-,-,-,3952.6000,3952.4000,3952.0000,3951.8000,3951.6000,3954.6000,3955.0000,3955.6000,3955.8000,3956.0000,1,1,2,1,2,1,1,1,2,1
SF,IF2007,2020-06-10 09:31:25.200,3954.0000,18685,0,103223460.000,0,-,-,-,-,3952.6000,3952.4000,3952.0000,3951.8000,3951.6000,3954.4000,3954.6000,3955.0000,3955.6000,3955.8000,1,1,2,1,2,1,1,1,1,2
SF,IF2007,2020-06-10 09:31:25.700,3954.0000,18685,0,103223460.000,0,-,-,-,-,3953.0000,3952.6000,3952.4000,3952.0000,3951.8000,3954.4000,3954.6000,3955.0000,3955.6000,3955.8000,1,1,1,2,1,1,1,1,1,2
SF,IF2007,2020-06-10 09:31:26.200,3954.0000,18685,0,103223460.000,0,-,-,-,-,3953.2000,3953.0000,3952.4000,3952.0000,3951.8000,3954.4000,3954.6000,3955.0000,3955.6000,3955.8000,1,1,1,2,1,1,1,1,1,2
SF,IF2007,2020-06-10 09:31:26.700,3954.0000,18685,0,103223460.000,0,-,-,-,-,3953.2000,3953.0000,3952.4000,3952.0000,3951.8000,3954.6000,3955.0000,3955.6000,3955.8000,3956.0000,1,1,1,2,1,1,1,1,2,1
SF,IF2007,2020-06-10 09:31:27.200,3954.0000,18685,0,103223460.000,0,-,-,-,-,3953.2000,3953.0000,3952.4000,3952.0000,3951.8000,3954.6000,3955.0000,3955.6000,3955.8000,3956.0000,1,1,1,2,1,1,1,1,2,1
SF,IF2007,2020-06-10 09:31:28.700,3954.0000,18685,0,103223460.000,0,-,-,-,-,3953.2000,3953.0000,3952.4000,3952.0000,3951.8000,3954.6000,3955.0000,3955.6000,3955.8000,3956.0000,1,1,1,2,1,1,1,1,2,1
SF,IF2007,2020-06-10 09:31:29.200,3954.0000,18685,0,103223460.000,0,-,-,-,-,3953.4000,3953.2000,3953.0000,3952.4000,3952.0000,3954.6000,3955.0000,3955.6000,3955.8000,3956.0000,1,3,1,1,2,1,1,1,2,1
SF,IF2007,2020-06-10 09:31:29.700,3954.0000,18685,0,103223460.000,0,-,-,-,-,3953.6000,3953.4000,3953.2000,3953.0000,3952.4000,3954.6000,3955.0000,3955.6000,3955.8000,3956.0000,1,1,2,1,1,1,1,1,2,1
SF,IF2007,2020-06-10 09:31:30.200,3954.6000,18686,1,104409840.000,1,1,0,双开,S,3954.6000,3953.6000,3953.4000,3953.2000,3953.0000,3955.0000,3955.6000,3955.8000,3956.0000,3956.4000,4,1,1,2,1,1,1,2,1,1
SF,IF2007,2020-06-10 09:31:30.700,3954.6000,18686,0,109155360.000,4,2,2,多换,S,3953.6000,3953.2000,3953.0000,3952.0000,3951.8000,3955.0000,3955.6000,3955.8000,3956.0000,3956.4000,1,2,1,2,1,1,1,2,1,1
SF,IF2007,2020-06-10 09:31:31.200,3953.6000,18685,-1,110341440.000,1,0,1,双平,S,3953.2000,3953.0000,3952.0000,3951.6000,3951.4000,3954.4000,3954.8000,3955.0000,3955.6000,3955.8000,2,1,2,1,1,1,1,1,1,2
SF,IF2007,2020-06-10 09:31:31.700,3953.6000,18685,0,110341440.000,0,-,-,-,-,3953.0000,3952.0000,3951.6000,3951.4000,3951.2000,3954.2000,3954.4000,3955.0000,3955.6000,3955.8000,1,2,1,1,2,1,1,1,1,2
SF,IF2007,2020-06-10 09:31:32.200,3953.6000,18685,0,110341440.000,0,-,-,-,-,3953.2000,3953.0000,3952.0000,3951.6000,3951.4000,3954.4000,3955.0000,3955.6000,3955.8000,3956.0000,1,1,2,1,1,1,1,1,2,1
SF,IF2007,2020-06-10 09:31:32.700,3953.6000,18685,0,110341440.000,0,-,-,-,-,3953.2000,3952.0000,3951.6000,3951.4000,3951.2000,3954.4000,3955.0000,3955.6000,3955.8000,3956.0000,1,2,1,1,2,1,1,1,2,1
SF,IF2007,2020-06-10 09:31:34.700,3953.6000,18685,0,110341440.000,0,-,-,-,-,3953.2000,3952.0000,3951.6000,3951.4000,3951.2000,3954.4000,3955.0000,3955.6000,3955.8000,3956.0000,1,1,1,1,2,1,1,1,2,1
SF,IF2007,2020-06-10 09:31:35.700,3953.2000,18684,-1,111527400.000,1,0,1,双平,S,3952.0000,3951.6000,3951.4000,3951.2000,3951.0000,3954.4000,3955.0000,3955.6000,3955.8000,3956.0000,1,1,1,2,2,1,1,1,2,1
SF,IF2007,2020-06-10 09:31:36.200,3955.0000,18684,0,113900220.000,2,1,1,多换,S,3952.6000,3952.4000,3952.2000,3952.0000,3951.6000,3955.6000,3955.8000,3956.0000,3956.4000,3956.8000,1,2,3,3,1,1,2,1,1,2
SF,IF2007,2020-06-10 09:31:36.700,3955.0000,18684,0,113900220.000,0,-,-,-,-,3952.6000,3952.4000,3952.2000,3952.0000,3951.6000,3955.4000,3955.6000,3955.8000,3956.0000,3956.4000,1,2,3,3,1,1,1,2,1,1
SF,IF2007,2020-06-10 09:31:37.200,3955.0000,18684,0,113900220.000,0,-,-,-,-,3952.8000,3952.6000,3952.2000,3952.0000,3951.6000,3953.2000,3954.0000,3955.2000,3955.4000,3955.6000,1,1,2,3,1,2,1,1,4,1
SF,IF2007,2020-06-10 09:31:37.700,3953.2000,18684,0,116272140.000,2,1,1,多换,S,3953.6000,3953.2000,3953.0000,3952.8000,3952.6000,3954.0000,3954.8000,3955.4000,3955.6000,3955.8000,1,1,4,1,1,1,1,2,1,2
SF,IF2007,2020-06-10 09:31:38.200,3953.2000,18684,0,116272140.000,0,-,-,-,-,3953.6000,3953.0000,3952.8000,3952.6000,3952.2000,3954.0000,3954.8000,3955.4000,3955.6000,3955.8000,1,1,1,1,1,1,1,2,1,2
SF,IF2007,2020-06-10 09:31:38.700,3953.2000,18684,0,116272140.000,0,-,-,-,-,3953.6000,3953.0000,3952.8000,3952.6000,3952.2000,3954.0000,3954.8000,3955.0000,3955.4000,3955.6000,1,1,1,1,1,1,1,1,2,1
SF,IF2007,2020-06-10 09:31:39.700,3953.0000,18684,0,118644000.000,2,1,1,多换,S,3952.8000,3952.6000,3952.2000,3952.0000,3951.6000,3954.8000,3955.0000,3955.4000,3955.6000,3955.8000,1,1,1,3,1,1,1,2,1,2
SF,IF2007,2020-06-10 09:31:40.200,3953.0000,18684,0,118644000.000,0,-,-,-,-,3952.8000,3952.6000,3952.2000,3952.0000,3951.6000,3954.6000,3954.8000,3955.0000,3955.4000,3955.6000,1,1,1,3,1,1,1,1,1,1
SF,IF2007,2020-06-10 09:31:40.700,3953.0000,18684,0,118644000.000,0,-,-,-,-,3952.8000,3952.6000,3952.2000,3952.0000,3951.6000,3954.6000,3954.8000,3955.4000,3955.6000,3955.8000,1,1,1,3,1,2,1,1,1,2
SF,IF2007,2020-06-10 09:31:41.200,3953.0000,18683,-1,119829900.000,1,0,1,双平,S,3952.8000,3952.6000,3952.2000,3952.0000,3951.6000,3954.6000,3954.8000,3955.4000,3955.6000,3955.8000,1,1,1,3,1,2,1,1,1,2
SF,IF2007,2020-06-10 09:31:41.700,3953.0000,18683,0,119829900.000,0,-,-,-,-,3952.8000,3952.6000,3952.2000,3952.0000,3951.6000,3953.6000,3954.6000,3954.8000,3955.4000,3955.6000,2,1,1,3,1,1,2,1,1,1
SF,IF2007,2020-06-10 09:31:42.200,3953.6000,18683,0,121015980.000,1,0,1,多换,S,3952.8000,3952.2000,3952.0000,3951.6000,3951.2000,3954.4000,3954.6000,3954.8000,3955.4000,3955.6000,3,1,3,1,2,2,2,1,1,1
SF,IF2007,2020-06-10 09:31:42.700,3953.6000,18683,0,121015980.000,0,-,-,-,-,3953.0000,3952.8000,3952.2000,3952.0000,3951.6000,3954.2000,3954.4000,3954.6000,3954.8000,3955.4000,2,3,1,3,1,1,2,1,1,1
SF,IF2007,2020-06-10 09:31:43.200,3953.6000,18683,0,121015980.000,0,-,-,-,-,3953.0000,3952.8000,3952.2000,3952.0000,3951.6000,3954.4000,3954.6000,3954.8000,3955.4000,3955.6000,3,2,1,3,1,2,1,1,1,1
SF,IF2007,2020-06-10 09:31:43.700,3953.6000,18683,0,121015980.000,0,-,-,-,-,3953.4000,3953.2000,3953.0000,3952.8000,3952.2000,3954.2000,3954.4000,3954.6000,3955.4000,3955.6000,1,1,3,2,1,1,2,1,1,1
SF,IF2007,2020-06-10 09:31:44.200,3954.2000,18682,-1,122202240.000,1,0,1,双平,S,3953.4000,3953.2000,3953.0000,3952.8000,3952.2000,3954.4000,3954.6000,3955.4000,3955.6000,3955.8000,1,1,3,2,1,2,1,1,1,2
SF,IF2007,2020-06-10 09:31:44.700,3954.2000,18682,0,122202240.000,0,-,-,-,-,3953.2000,3953.0000,3952.8000,3952.2000,3952.0000,3954.4000,3954.6000,3955.4000,3955.6000,3955.8000,1,3,2,1,3,2,1,1,1,2
SF,IF2007,2020-06-10 09:31:45.200,3954.2000,18682,0,122202240.000,0,-,-,-,-,3953.4000,3953.2000,3953.0000,3952.8000,3952.2000,3954.2000,3954.4000,3954.6000,3955.4000,3955.6000,1,1,3,3,1,1,1,1,1,1
SF,IF2007,2020-06-10 09:31:45.700,3954.2000,18682,0,122202240.000,0,-,-,-,-,3953.4000,3953.2000,3953.0000,3952.8000,3952.2000,3954.2000,3954.4000,3954.6000,3955.4000,3955.6000,1,1,3,3,1,1,1,1,1,1
SF,IF2007,2020-06-10 09:31:46.200,3954.2000,18682,0,122202240.000,0,-,-,-,-,3953.4000,3953.2000,3953.0000,3952.8000,3952.2000,3954.2000,3954.4000,3954.6000,3955.4000,3955.6000,1,1,3,3,1,1,2,1,1,1
SF,IF2007,2020-06-10 09:31:46.700,3954.2000,18682,0,122202240.000,0,-,-,-,-,3953.0000,3952.8000,3952.2000,3952.0000,3951.6000,3954.2000,3954.4000,3954.6000,3955.4000,3955.6000,1,2,1,3,1,1,2,1,1,1
SF,IF2007,2020-06-10 09:31:47.700,3954.2000,18682,0,122202240.000,0,-,-,-,-,3953.0000,3952.8000,3952.2000,3952.0000,3951.6000,3954.2000,3954.4000,3954.6000,3955.4000,3955.6000,1,2,1,3,1,1,2,1,1,1
SF,IF2007,2020-06-10 09:31:48.200,3954.2000,18682,0,122202240.000,0,-,-,-,-,3953.2000,3953.0000,3952.8000,3952.2000,3952.0000,3954.2000,3954.4000,3954.6000,3955.4000,3955.6000,1,1,2,1,3,1,2,1,1,1
SF,IF2007,2020-06-10 09:31:51.700,3954.2000,18682,0,122202240.000,0,-,-,-,-,3953.2000,3953.0000,3952.8000,3952.2000,3952.0000,3954.2000,3954.4000,3954.6000,3955.4000,3955.6000,1,1,2,1,3,1,2,1,1,1
SF,IF2007,2020-06-10 09:31:52.200,3954.2000,18682,0,122202240.000,0,-,-,-,-,3953.2000,3953.0000,3952.8000,3952.2000,3952.0000,3954.2000,3954.4000,3954.6000,3955.4000,3955.6000,1,1,1,1,3,1,2,1,1,1
SF,IF2007,2020-06-10 09:31:52.700,3954.2000,18682,0,122202240.000,0,-,-,-,-,3953.0000,3952.8000,3952.6000,3952.2000,3952.0000,3954.0000,3954.2000,3954.4000,3954.6000,3955.4000,1,1,1,1,3,1,1,2,1,1
SF,IF2007,2020-06-10 09:31:53.200,3954.2000,18682,0,122202240.000,0,-,-,-,-,3953.0000,3952.8000,3952.6000,3952.2000,3952.0000,3954.0000,3954.2000,3954.4000,3954.6000,3955.4000,1,1,1,1,3,1,1,2,1,1
SF,IF2007,2020-06-10 09:31:54.200,3954.2000,18682,0,122202240.000,0,-,-,-,-,3953.0000,3952.6000,3952.2000,3952.0000,3951.6000,3953.8000,3954.0000,3954.4000,3954.6000,3955.4000,1,1,1,3,1,1,1,2,1,1
SF,IF2007,2020-06-10 09:31:54.700,3954.2000,18682,0,122202240.000,0,-,-,-,-,3952.2000,3952.0000,3951.6000,3951.2000,3951.0000,3953.8000,3954.0000,3954.4000,3954.6000,3955.4000,1,3,1,2,1,1,1,2,1,1
SF,IF2007,2020-06-10 09:31:55.200,3954.2000,18682,0,122202240.000,0,-,-,-,-,3952.4000,3952.2000,3952.0000,3951.6000,3951.2000,3953.8000,3954.4000,3954.6000,3955.4000,3955.6000,2,3,3,1,2,1,2,1,1,1
SF,IF2007,2020-06-10 09:31:55.700,3954.2000,18682,0,122202240.000,0,-,-,-,-,3952.6000,3952.4000,3952.2000,3952.0000,3951.6000,3953.6000,3953.8000,3954.4000,3954.6000,3955.4000,1,2,3,2,1,1,1,2,1,1
SF,IF2007,2020-06-10 09:31:56.200,3954.2000,18682,0,122202240.000,0,-,-,-,-,3952.6000,3952.4000,3952.2000,3952.0000,3951.6000,3953.6000,3953.8000,3954.4000,3954.6000,3955.4000,1,1,1,1,1,1,1,2,1,1
SF,IF2007,2020-06-10 09:31:56.700,3953.8000,18680,-2,124574460.000,2,0,2,双平,S,3952.4000,3952.2000,3952.0000,3951.6000,3951.2000,3954.4000,3954.6000,3955.4000,3955.6000,3955.8000,1,1,1,1,2,2,1,1,1,2
SF,IF2007,2020-06-10 09:31:57.200,3953.8000,18680,0,124574460.000,0,-,-,-,-,3953.8000,3952.4000,3952.2000,3952.0000,3951.6000,3954.4000,3954.6000,3955.4000,3955.6000,3955.8000,1,1,1,1,1,2,1,1,1,2
SF,IF2007,2020-06-10 09:31:57.700,3953.8000,18681,1,125760600.000,1,1,0,双开,S,3952.6000,3952.4000,3952.2000,3952.0000,3951.6000,3954.4000,3954.6000,3955.4000,3955.6000,3955.8000,1,1,1,1,1,2,1,1,1,2
SF,IF2007,2020-06-10 09:31:58.200,3953.8000,18681,0,125760600.000,0,-,-,-,-,3952.6000,3952.2000,3952.0000,3951.6000,3951.2000,3954.2000,3954.4000,3954.6000,3955.6000,3955.8000,1,1,1,1,2,3,2,1,1,2
SF,IF2007,2020-06-10 09:31:58.700,3953.8000,18681,0,125760600.000,0,-,-,-,-,3952.8000,3952.6000,3952.2000,3952.0000,3951.6000,3954.2000,3954.4000,3955.6000,3955.8000,3956.0000,1,1,1,1,1,1,2,1,2,3
SF,IF2007,2020-06-10 09:31:59.700,3953.8000,18681,0,125760600.000,0,-,-,-,-,3954.0000,3952.8000,3952.2000,3952.0000,3951.2000,3954.2000,3954.4000,3955.6000,3955.8000,3956.0000,2,1,1,1,2,1,2,1,2,3
SF,IF2007,2020-06-10 09:32:00.200,3954.2000,18681,0,129319260.000,3,1,2,多换,S,3952.8000,3952.2000,3952.0000,3951.2000,3951.0000,3954.4000,3955.6000,3955.8000,3956.0000,3956.4000,1,1,1,2,1,2,1,2,3,1
SF,IF2007,2020-06-10 09:32:00.700,3954.2000,18681,0,129319260.000,0,-,-,-,-,3952.8000,3952.4000,3952.2000,3952.0000,3951.2000,3954.2000,3954.4000,3955.6000,3955.8000,3956.0000,1,1,1,1,2,3,2,1,2,3
SF,IF2007,2020-06-10 09:32:01.200,3954.2000,18681,0,129319260.000,0,-,-,-,-,3952.8000,3952.2000,3952.0000,3951.2000,3951.0000,3954.2000,3954.4000,3955.6000,3955.8000,3956.0000,1,1,1,2,1,4,2,1,2,3
SF,IF2007,2020-06-10 09:32:01.700,3954.2000,18681,0,129319260.000,0,-,-,-,-,3952.8000,3952.2000,3952.0000,3951.2000,3951.0000,3953.8000,3954.0000,3954.2000,3954.4000,3955.6000,4,1,1,2,1,1,1,3,2,1
SF,IF2007,2020-06-10 09:32:02.200,3954.2000,18681,0,129319260.000,0,-,-,-,-,3952.8000,3952.2000,3952.0000,3951.2000,3951.0000,3954.0000,3954.4000,3955.6000,3955.8000,3956.0000,4,1,1,2,1,2,2,1,2,3
SF,IF2007,2020-06-10 09:32:02.700,3954.2000,18681,0,129319260.000,0,-,-,-,-,3952.8000,3952.2000,3952.0000,3951.2000,3951.0000,3953.8000,3954.0000,3954.4000,3955.6000,3955.8000,4,1,1,1,1,3,2,2,1,2
SF,IF2007,2020-06-10 09:32:03.200,3954.2000,18681,0,129319260.000,0,-,-,-,-,3952.8000,3952.2000,3952.0000,3951.6000,3951.2000,3953.8000,3954.0000,3954.4000,3955.6000,3955.8000,5,1,1,1,1,2,2,2,1,2
SF,IF2007,2020-06-10 09:32:03.700,3952.8000,18680,-1,130505100.000,1,0,1,双平,S,3952.8000,3952.2000,3952.0000,3951.6000,3951.2000,3953.8000,3954.0000,3954.4000,3955.6000,3955.8000,4,1,1,1,1,1,2,2,1,2
SF,IF2007,2020-06-10 09:32:04.200,3952.8000,18680,0,130505100.000,0,-,-,-,-,3952.8000,3952.2000,3952.0000,3951.6000,3951.2000,3953.4000,3953.6000,3953.8000,3954.0000,3954.4000,4,1,1,1,1,1,1,3,2,2
SF,IF2007,2020-06-10 09:32:04.700,3952.8000,18680,0,130505100.000,0,-,-,-,-,3952.8000,3952.2000,3952.0000,3951.6000,3951.2000,3953.4000,3953.6000,3953.8000,3954.0000,3954.4000,4,1,1,1,1,1,1,1,1,2
SF,IF2007,2020-06-10 09:32:05.700,3952.8000,18680,0,130505100.000,0,-,-,-,-,3952.8000,3952.2000,3952.0000,3951.6000,3951.2000,3953.4000,3953.8000,3954.0000,3954.4000,3955.6000,4,1,1,1,1,1,1,2,2,1
SF,IF2007,2020-06-10 09:32:06.200,3952.8000,18680,0,130505100.000,0,-,-,-,-,3952.8000,3952.2000,3952.0000,3951.6000,3951.2000,3953.4000,3953.8000,3954.0000,3954.4000,3955.6000,4,1,1,1,1,3,1,2,2,1
SF,IF2007,2020-06-10 09:32:06.700,3952.8000,18679,-1,131690940.000,1,0,1,双平,S,3952.8000,3952.2000,3952.0000,3951.6000,3951.2000,3953.4000,3953.8000,3954.0000,3954.4000,3955.6000,3,1,1,1,1,3,1,2,2,1
SF,IF2007,2020-06-10 09:32:07.200,3952.8000,18679,0,131690940.000,0,-,-,-,-,3952.8000,3952.2000,3952.0000,3951.6000,3951.4000,3953.2000,3953.4000,3954.0000,3954.4000,3955.6000,8,2,1,1,1,1,1,2,2,1
SF,IF2007,2020-06-10 09:32:07.700,3952.8000,18679,0,131690940.000,0,-,-,-,-,3952.8000,3952.2000,3952.0000,3951.4000,3951.2000,3953.2000,3953.4000,3954.0000,3954.4000,3955.6000,8,2,1,1,2,1,2,2,2,1
SF,IF2007,2020-06-10 09:32:08.700,3953.2000,18679,0,134062860.000,2,1,1,多换,S,3952.8000,3952.2000,3952.0000,3951.4000,3951.2000,3953.2000,3954.0000,3954.4000,3955.6000,3955.8000,8,2,2,1,2,1,2,2,1,2
SF,IF2007,2020-06-10 09:32:09.200,3953.2000,18678,-1,135248820.000,1,0,1,双平,S,3952.8000,3952.2000,3952.0000,3951.4000,3951.2000,3953.2000,3954.0000,3954.4000,3955.6000,3955.8000,8,2,2,1,2,2,2,2,1,2
SF,IF2007,2020-06-10 09:32:09.700,3953.2000,18678,0,135248820.000,0,-,-,-,-,3953.0000,3952.8000,3952.2000,3952.0000,3951.4000,3954.0000,3954.4000,3955.6000,3955.8000,3956.0000,1,8,2,2,1,2,2,1,2,3
SF,IF2007,2020-06-10 09:32:10.200,3953.4000,18677,-1,136434840.000,1,0,1,双平,S,3953.0000,3952.8000,3952.2000,3952.0000,3951.4000,3953.8000,3954.0000,3954.4000,3955.6000,3955.8000,1,8,2,2,1,3,2,2,1,2
SF,IF2007,2020-06-10 09:32:10.700,3953.4000,18677,0,136434840.000,0,-,-,-,-,3953.0000,3952.8000,3952.2000,3952.0000,3951.4000,3953.6000,3953.8000,3954.0000,3954.4000,3955.6000,1,8,2,2,1,2,4,2,2,1
SF,IF2007,2020-06-10 09:32:11.200,3953.6000,18677,0,137620920.000,1,0,1,多换,S,3953.0000,3952.8000,3952.2000,3952.0000,3951.4000,3953.6000,3953.8000,3954.0000,3954.4000,3955.6000,1,8,2,2,1,1,4,2,2,1
SF,IF2007,2020-06-10 09:32:11.700,3953.6000,18677,0,137620920.000,0,-,-,-,-,3953.0000,3952.8000,3952.2000,3952.0000,3951.4000,3953.8000,3954.0000,3954.4000,3955.6000,3955.8000,1,8,2,2,1,3,1,2,1,2
SF,IF2007,2020-06-10 09:32:12.200,3953.6000,18677,0,137620920.000,0,-,-,-,-,3953.0000,3952.8000,3952.2000,3952.0000,3951.6000,3953.8000,3954.4000,3955.6000,3955.8000,3956.0000,1,8,2,2,2,3,2,1,2,3
SF,IF2007,2020-06-10 09:32:12.700,3953.6000,18677,0,137620920.000,0,-,-,-,-,3953.0000,3952.8000,3952.2000,3952.0000,3951.6000,3953.8000,3954.4000,3955.6000,3955.8000,3956.0000,1,8,2,2,2,2,2,1,2,3
SF,IF2007,2020-06-10 09:32:13.200,3953.6000,18677,0,137620920.000,0,-,-,-,-,3953.0000,3952.8000,3952.2000,3952.0000,3951.4000,3953.8000,3954.4000,3955.6000,3955.8000,3956.0000,1,8,2,2,1,1,2,1,2,3
SF,IF2007,2020-06-10 09:32:14.200,3953.6000,18677,0,137620920.000,0,-,-,-,-,3953.0000,3952.8000,3952.2000,3952.0000,3951.4000,3953.8000,3954.4000,3955.6000,3955.8000,3956.0000,1,8,2,2,1,1,2,1,2,3
SF,IF2007,2020-06-10 09:32:18.200,3953.8000,18676,-1,138807060.000,1,0,1,双平,S,3953.0000,3952.8000,3952.2000,3952.0000,3951.4000,3954.4000,3955.6000,3955.8000,3956.0000,3956.4000,1,8,2,2,1,2,1,2,3,1
SF,IF2007,2020-06-10 09:32:18.700,3953.8000,18676,0,138807060.000,0,-,-,-,-,3953.0000,3952.8000,3952.2000,3952.0000,3951.4000,3954.2000,3954.4000,3955.6000,3955.8000,3956.0000,1,8,2,2,1,2,2,1,2,3
SF,IF2007,2020-06-10 09:32:19.200,3953.8000,18676,0,138807060.000,0,-,-,-,-,3953.2000,3953.0000,3952.8000,3952.2000,3952.0000,3954.2000,3954.4000,3955.6000,3955.8000,3956.0000,1,1,8,2,4,1,3,1,2,3
SF,IF2007,2020-06-10 09:32:19.700,3953.8000,18676,0,138807060.000,0,-,-,-,-,3953.2000,3953.0000,3952.8000,3952.2000,3952.0000,3954.4000,3955.6000,3955.8000,3956.0000,3956.4000,1,1,8,2,4,2,1,2,3,1
SF,IF2007,2020-06-10 09:32:20.200,3953.8000,18676,0,138807060.000,0,-,-,-,-,3953.2000,3952.8000,3952.2000,3952.0000,3951.4000,3953.8000,3954.4000,3955.6000,3955.8000,3956.0000,1,8,2,4,1,1,2,1,2,3
SF,IF2007,2020-06-10 09:32:20.700,3953.8000,18675,-1,139993200.000,1,0,1,双平,S,3954.2000,3953.4000,3953.2000,3952.8000,3952.2000,3954.4000,3955.6000,3955.8000,3956.0000,3956.4000,1,1,1,7,2,3,1,2,3,1
SF,IF2007,2020-06-10 09:32:21.200,3954.2000,18671,-4,144738420.000,4,0,4,双平,S,3953.4000,3953.2000,3952.8000,3952.2000,3952.0000,3955.6000,3955.8000,3956.0000,3956.4000,3956.6000,1,1,7,2,4,1,2,3,1,2
SF,IF2007,2020-06-10 09:32:21.700,3954.2000,18671,0,144738420.000,0,-,-,-,-,3953.2000,3952.8000,3952.2000,3952.0000,3951.4000,3954.6000,3954.8000,3955.0000,3955.2000,3955.4000,1,7,2,4,1,2,1,1,2,4
SF,IF2007,2020-06-10 09:32:22.200,3954.2000,18671,0,144738420.000,0,-,-,-,-,3953.6000,3953.2000,3952.8000,3952.2000,3952.0000,3954.8000,3955.0000,3955.6000,3955.8000,3956.0000,1,1,7,2,4,1,1,1,2,3
SF,IF2007,2020-06-10 09:32:22.700,3954.2000,18671,0,144738420.000,0,-,-,-,-,3953.2000,3952.8000,3952.2000,3952.0000,3951.4000,3954.8000,3955.0000,3955.6000,3955.8000,3956.0000,1,7,2,4,1,1,1,1,2,3
SF,IF2007,2020-06-10 09:32:23.200,3954.2000,18671,0,144738420.000,0,-,-,-,-,3953.4000,3953.2000,3952.8000,3952.2000,3952.0000,3955.6000,3955.8000,3956.0000,3956.4000,3956.6000,1,1,7,2,4,1,2,3,1,2
SF,IF2007,2020-06-10 09:32:23.700,3954.2000,18671,0,144738420.000,0,-,-,-,-,3953.4000,3953.2000,3952.8000,3952.2000,3952.0000,3955.2000,3955.4000,3955.6000,3955.8000,3956.0000,1,1,7,2,4,2,1,1,2,3
SF,IF2007,2020-06-10 09:32:24.200,3954.2000,18671,0,144738420.000,0,-,-,-,-,3953.2000,3952.8000,3952.2000,3952.0000,3951.4000,3955.0000,3955.2000,3955.4000,3955.6000,3955.8000,1,7,2,4,1,1,1,3,2,2
SF,IF2007,2020-06-10 09:32:24.700,3954.2000,18671,0,144738420.000,0,-,-,-,-,3953.2000,3952.8000,3952.2000,3952.0000,3951.4000,3955.0000,3955.2000,3955.4000,3955.6000,3955.8000,1,7,2,4,1,2,1,3,2,2
SF,IF2007,2020-06-10 09:32:25.200,3954.2000,18671,0,144738420.000,0,-,-,-,-,3953.2000,3952.8000,3952.2000,3952.0000,3951.4000,3954.8000,3955.0000,3955.2000,3955.4000,3955.6000,1,7,2,4,1,1,1,1,3,2
SF,IF2007,2020-06-10 09:32:25.700,3954.2000,18671,0,144738420.000,0,-,-,-,-,3953.4000,3953.2000,3952.8000,3952.2000,3952.0000,3954.8000,3955.0000,3955.2000,3955.4000,3955.6000,1,1,7,2,4,2,1,1,3,1
SF,IF2007,2020-06-10 09:32:26.200,3954.2000,18671,0,144738420.000,0,-,-,-,-,3953.2000,3952.8000,3952.2000,3952.0000,3951.4000,3954.8000,3955.0000,3955.2000,3955.4000,3955.6000,1,7,2,4,1,2,1,1,3,1
SF,IF2007,2020-06-10 09:32:26.700,3954.2000,18671,0,144738420.000,0,-,-,-,-,3953.2000,3952.8000,3952.2000,3952.0000,3951.4000,3954.6000,3954.8000,3955.2000,3955.4000,3955.6000,1,7,2,4,1,1,1,1,3,1
SF,IF2007,2020-06-10 09:32:27.200,3954.2000,18671,0,144738420.000,0,-,-,-,-,3953.2000,3952.8000,3952.2000,3952.0000,3951.4000,3954.6000,3954.8000,3955.2000,3955.4000,3955.6000,1,7,2,4,1,2,1,1,3,1
SF,IF2007,2020-06-10 09:32:28.200,3954.2000,18671,0,144738420.000,0,-,-,-,-,3953.2000,3952.8000,3952.2000,3952.0000,3951.4000,3954.6000,3954.8000,3955.2000,3955.4000,3955.6000,2,7,2,4,1,2,1,1,3,1
SF,IF2007,2020-06-10 09:32:28.700,3954.2000,18671,0,144738420.000,0,-,-,-,-,3953.2000,3952.8000,3952.2000,3952.0000,3951.4000,3954.6000,3954.8000,3955.2000,3955.4000,3955.6000,2,7,2,4,1,1,1,1,3,1
SF,IF2007,2020-06-10 09:32:30.200,3954.2000,18671,0,144738420.000,0,-,-,-,-,3953.4000,3953.2000,3952.8000,3952.2000,3952.0000,3954.4000,3954.6000,3954.8000,3955.2000,3955.4000,1,2,7,2,4,1,1,1,1,3
SF,IF2007,2020-06-10 09:32:30.700,3954.2000,18671,0,144738420.000,0,-,-,-,-,3953.4000,3953.2000,3952.8000,3952.2000,3952.0000,3954.4000,3954.8000,3955.2000,3955.4000,3955.6000,1,2,7,2,4,1,1,1,3,1
SF,IF2007,2020-06-10 09:32:31.700,3953.4000,18671,0,145924440.000,1,0,1,多换,S,3953.2000,3952.8000,3952.2000,3952.0000,3951.4000,3954.8000,3955.2000,3955.4000,3955.6000,3955.8000,2,7,2,4,1,1,1,3,1,2
SF,IF2007,2020-06-10 09:32:32.200,3953.4000,18671,0,145924440.000,0,-,-,-,-,3954.6000,3953.6000,3953.4000,3953.2000,3952.8000,3954.8000,3955.2000,3955.4000,3955.6000,3955.8000,1,1,1,2,7,1,1,3,1,2
SF,IF2007,2020-06-10 09:32:32.700,3954.6000,18670,-1,147110820.000,1,0,1,双平,S,3953.6000,3953.2000,3952.8000,3952.2000,3952.0000,3954.8000,3955.2000,3955.4000,3955.6000,3955.8000,1,2,7,2,4,1,1,2,1,2
SF,IF2007,2020-06-10 09:32:33.200,3954.6000,18670,0,147110820.000,0,-,-,-,-,3953.6000,3953.4000,3953.2000,3952.8000,3952.2000,3954.8000,3955.2000,3955.4000,3955.6000,3955.8000,1,1,4,7,2,1,1,2,1,2
SF,IF2007,2020-06-10 09:32:34.200,3954.6000,18670,0,147110820.000,0,-,-,-,-,3953.6000,3953.4000,3953.2000,3952.8000,3952.2000,3955.2000,3955.4000,3955.6000,3955.8000,3956.0000,1,1,4,7,2,1,2,1,2,3
SF,IF2007,2020-06-10 09:32:34.700,3953.6000,18669,-1,148296900.000,1,0,1,双平,S,3953.4000,3953.2000,3952.8000,3952.2000,3952.0000,3955.2000,3955.4000,3955.6000,3955.8000,3956.0000,1,4,7,2,4,1,2,1,2,5
SF,IF2007,2020-06-10 09:32:35.200,3953.6000,18669,0,148296900.000,0,-,-,-,-,3953.4000,3953.2000,3952.8000,3952.2000,3952.0000,3955.0000,3955.2000,3955.4000,3955.6000,3955.8000,1,4,7,2,4,1,1,2,1,2
SF,IF2007,2020-06-10 09:32:35.700,3953.6000,18669,0,148296900.000,0,-,-,-,-,3953.6000,3953.4000,3953.2000,3952.8000,3952.2000,3955.0000,3955.2000,3955.4000,3955.6000,3955.8000,1,1,4,7,2,3,1,2,1,2
SF,IF2007,2020-06-10 09:32:36.200,3953.6000,18669,0,148296900.000,0,-,-,-,-,3953.6000,3953.4000,3953.2000,3952.8000,3952.2000,3954.8000,3955.0000,3955.2000,3955.4000,3955.6000,1,1,4,7,2,1,2,1,2,1
SF,IF2007,2020-06-10 09:32:36.700,3953.6000,18669,0,148296900.000,0,-,-,-,-,3953.4000,3953.2000,3952.8000,3952.2000,3952.0000,3954.8000,3955.0000,3955.2000,3955.4000,3955.6000,1,4,7,2,4,2,2,1,2,1
SF,IF2007,2020-06-10 09:32:38.200,3953.6000,18669,0,148296900.000,0,-,-,-,-,3953.6000,3953.4000,3953.2000,3952.8000,3952.2000,3954.8000,3955.0000,3955.2000,3955.4000,3955.6000,2,1,3,7,2,2,2,1,2,1
SF,IF2007,2020-06-10 09:32:38.700,3953.6000,18669,0,148296900.000,0,-,-,-,-,3953.8000,3953.6000,3953.4000,3953.2000,3952.8000,3955.0000,3955.2000,3955.4000,3955.6000,3955.8000,1,2,1,3,7,1,1,2,1,2
SF,IF2007,2020-06-10 09:32:39.200,3953.6000,18669,0,148296900.000,0,-,-,-,-,3953.6000,3953.4000,3953.2000,3952.8000,3952.2000,3955.2000,3955.4000,3955.6000,3955.8000,3956.0000,2,1,3,7,2,1,2,1,2,3
SF,IF2007,2020-06-10 09:32:40.200,3953.6000,18669,0,148296900.000,0,-,-,-,-,3953.8000,3953.6000,3953.4000,3953.2000,3952.8000,3955.2000,3955.4000,3955.6000,3955.8000,3956.0000,1,3,1,3,7,1,2,1,2,3
SF,IF2007,2020-06-10 09:32:41.200,3953.6000,18669,0,148296900.000,0,-,-,-,-,3953.6000,3953.4000,3953.2000,3952.8000,3952.2000,3955.2000,3955.4000,3955.6000,3955.8000,3956.0000,3,1,3,7,2,1,2,1,2,3
SF,IF2007,2020-06-10 09:32:41.700,3953.6000,18669,0,148296900.000,0,-,-,-,-,3953.8000,3953.6000,3953.4000,3953.2000,3952.8000,3955.6000,3955.8000,3956.0000,3956.4000,3956.6000,1,1,1,3,7,1,2,3,1,2
SF,IF2007,2020-06-10 09:32:42.200,3953.6000,18669,0,148296900.000,0,-,-,-,-,3953.6000,3953.4000,3953.2000,3952.8000,3952.2000,3955.2000,3955.6000,3955.8000,3956.0000,3956.4000,1,1,3,7,2,1,1,2,3,1
SF,IF2007,2020-06-10 09:32:42.700,3953.6000,18669,0,148296900.000,0,-,-,-,-,3953.8000,3953.6000,3953.4000,3953.2000,3952.8000,3955.2000,3955.6000,3955.8000,3956.0000,3956.4000,1,1,1,3,7,1,1,2,3,1
SF,IF2007,2020-06-10 09:32:43.200,3953.6000,18669,0,148296900.000,0,-,-,-,-,3953.8000,3953.6000,3953.4000,3953.2000,3952.8000,3955.6000,3955.8000,3956.0000,3956.4000,3956.6000,2,1,1,3,7,1,2,3,1,2
SF,IF2007,2020-06-10 09:32:43.700,3953.6000,18669,0,148296900.000,0,-,-,-,-,3953.8000,3953.6000,3953.4000,3953.2000,3952.8000,3955.4000,3955.6000,3955.8000,3956.0000,3956.4000,1,1,1,3,7,2,1,2,3,1
SF,IF2007,2020-06-10 09:32:44.200,3953.6000,18669,0,148296900.000,0,-,-,-,-,3953.8000,3953.6000,3953.4000,3953.2000,3952.8000,3955.2000,3955.4000,3955.6000,3955.8000,3956.0000,1,1,1,3,7,1,2,1,2,3
SF,IF2007,2020-06-10 09:32:44.700,3953.6000,18669,0,148296900.000,0,-,-,-,-,3954.0000,3953.8000,3953.6000,3953.4000,3953.2000,3955.2000,3955.4000,3955.6000,3955.8000,3956.0000,1,1,1,1,3,1,2,1,2,4
SF,IF2007,2020-06-10 09:32:45.200,3953.6000,18669,0,148296900.000,0,-,-,-,-,3954.0000,3953.8000,3953.6000,3953.4000,3953.2000,3955.2000,3955.4000,3955.6000,3955.8000,3956.0000,1,1,1,1,2,1,2,1,2,4
SF,IF2007,2020-06-10 09:32:45.700,3953.6000,18669,0,148296900.000,0,-,-,-,-,3954.0000,3953.8000,3953.6000,3953.4000,3953.2000,3955.4000,3955.6000,3955.8000,3956.0000,3956.4000,1,2,1,1,2,2,1,2,4,1
SF,IF2007,2020-06-10 09:32:46.700,3953.6000,18669,0,148296900.000,0,-,-,-,-,3954.0000,3953.8000,3953.6000,3953.4000,3953.2000,3955.4000,3955.6000,3955.8000,3956.0000,3956.4000,1,2,1,1,2,1,1,2,4,1
SF,IF2007,2020-06-10 09:32:47.200,3953.6000,18669,0,148296900.000,0,-,-,-,-,3954.0000,3953.8000,3953.6000,3953.4000,3953.2000,3955.6000,3955.8000,3956.0000,3956.4000,3956.6000,1,2,1,1,2,1,2,4,1,2
SF,IF2007,2020-06-10 09:32:48.200,3953.6000,18669,0,148296900.000,0,-,-,-,-,3955.0000,3954.2000,3953.8000,3953.6000,3953.4000,3955.6000,3955.8000,3956.0000,3956.4000,3956.6000,1,1,2,1,1,1,2,4,1,2
SF,IF2007,2020-06-10 09:32:48.700,3953.6000,18669,0,148296900.000,0,-,-,-,-,3955.0000,3954.2000,3953.8000,3953.6000,3953.4000,3955.6000,3955.8000,3956.0000,3956.4000,3956.6000,1,3,2,1,1,1,2,4,1,2
SF,IF2007,2020-06-10 09:32:49.200,3953.6000,18669,0,148296900.000,0,-,-,-,-,3955.0000,3954.2000,3953.8000,3953.6000,3953.4000,3955.6000,3955.8000,3956.0000,3956.4000,3956.6000,1,2,2,1,1,1,2,4,1,2
SF,IF2007,2020-06-10 09:32:49.700,3955.0000,18670,1,149483400.000,1,1,0,双开,S,3954.2000,3953.8000,3953.6000,3953.4000,3953.2000,3955.6000,3955.8000,3956.0000,3956.4000,3956.6000,2,2,1,1,2,1,2,4,1,2
SF,IF2007,2020-06-10 09:32:50.200,3955.0000,18670,0,149483400.000,0,-,-,-,-,3954.4000,3954.2000,3953.8000,3953.6000,3953.4000,3955.6000,3955.8000,3956.0000,3956.4000,3956.6000,1,1,2,1,1,1,2,4,1,2
SF,IF2007,2020-06-10 09:32:51.700,3955.0000,18670,0,149483400.000,0,-,-,-,-,3954.4000,3953.8000,3953.6000,3953.4000,3953.2000,3955.6000,3955.8000,3956.0000,3956.4000,3956.6000,1,3,1,1,1,1,2,4,1,2
SF,IF2007,2020-06-10 09:32:52.200,3955.0000,18670,0,149483400.000,0,-,-,-,-,3953.8000,3953.6000,3953.4000,3953.2000,3953.0000,3955.6000,3955.8000,3956.0000,3956.4000,3956.6000,3,1,1,1,1,1,2,4,1,2
SF,IF2007,2020-06-10 09:32:52.700,3955.0000,18670,0,149483400.000,0,-,-,-,-,3954.4000,3953.8000,3953.6000,3953.4000,3953.2000,3955.6000,3955.8000,3956.0000,3956.4000,3956.6000,1,2,1,1,1,1,2,4,1,2
SF,IF2007,2020-06-10 09:32:53.200,3954.4000,18670,0,150669720.000,1,0,1,多换,S,3954.0000,3953.8000,3953.6000,3953.4000,3953.2000,3955.6000,3955.8000,3956.0000,3956.4000,3956.6000,2,2,1,1,1,1,2,4,1,2
SF,IF2007,2020-06-10 09:32:53.700,3954.4000,18670,0,150669720.000,0,-,-,-,-,3954.2000,3954.0000,3953.8000,3953.6000,3953.4000,3955.6000,3955.8000,3956.0000,3956.4000,3956.6000,1,2,2,1,1,1,2,4,1,2
SF,IF2007,2020-06-10 09:32:54.200,3954.4000,18670,0,150669720.000,0,-,-,-,-,3954.2000,3953.8000,3953.4000,3953.2000,3953.0000,3955.6000,3955.8000,3956.0000,3956.4000,3956.6000,2,2,1,1,1,1,2,4,1,2
SF,IF2007,2020-06-10 09:32:54.700,3954.4000,18670,0,150669720.000,0,-,-,-,-,3954.2000,3953.8000,3953.4000,3953.2000,3953.0000,3955.6000,3955.8000,3956.0000,3956.4000,3956.6000,2,1,1,1,1,1,2,4,1,2
SF,IF2007,2020-06-10 09:32:58.700,3954.4000,18670,0,150669720.000,0,-,-,-,-,3954.2000,3953.8000,3953.4000,3953.2000,3953.0000,3955.6000,3955.8000,3956.0000,3956.4000,3956.6000,3,1,1,1,1,1,2,4,1,2
SF,IF2007,2020-06-10 09:32:59.200,3954.4000,18670,0,150669720.000,0,-,-,-,-,3954.4000,3954.2000,3953.8000,3953.4000,3953.2000,3955.6000,3955.8000,3956.0000,3956.4000,3956.6000,1,3,1,1,1,1,2,4,1,2
SF,IF2007,2020-06-10 09:32:59.700,3954.4000,18670,0,150669720.000,0,-,-,-,-,3954.4000,3954.2000,3953.8000,3953.4000,3953.2000,3955.6000,3955.8000,3956.0000,3956.4000,3956.6000,1,2,1,1,1,1,2,4,1,2
SF,IF2007,2020-06-10 09:33:00.200,3955.6000,18670,0,151856400.000,1,0,1,多换,S,3954.4000,3954.2000,3953.8000,3953.4000,3953.2000,3955.8000,3956.0000,3956.4000,3956.6000,3957.0000,2,2,1,1,1,2,4,1,2,1
SF,IF2007,2020-06-10 09:33:01.200,3955.6000,18670,0,151856400.000,0,-,-,-,-,3954.6000,3954.4000,3954.2000,3953.8000,3953.4000,3955.8000,3956.0000,3956.4000,3956.6000,3957.0000,1,2,1,1,1,2,4,1,2,1
SF,IF2007,2020-06-10 09:33:01.700,3955.6000,18670,0,151856400.000,0,-,-,-,-,3954.6000,3954.4000,3954.2000,3953.8000,3953.4000,3955.8000,3956.0000,3956.4000,3956.6000,3957.0000,1,1,1,1,1,2,4,1,2,1
SF,IF2007,2020-06-10 09:33:02.200,3955.6000,18670,0,151856400.000,0,-,-,-,-,3954.8000,3954.6000,3954.4000,3954.2000,3953.8000,3955.8000,3956.0000,3956.4000,3956.6000,3957.0000,1,1,1,4,1,2,4,1,2,1
SF,IF2007,2020-06-10 09:33:02.700,3955.6000,18670,0,151856400.000,0,-,-,-,-,3954.8000,3954.6000,3954.2000,3953.8000,3953.4000,3955.8000,3956.0000,3956.4000,3956.6000,3957.0000,1,1,4,1,1,2,4,1,2,1
SF,IF2007,2020-06-10 09:33:04.200,3955.8000,18669,-1,154229880.000,2,0,2,多平,S,3954.8000,3954.6000,3954.2000,3953.8000,3953.4000,3956.0000,3956.4000,3956.6000,3957.0000,3957.2000,1,1,4,1,1,4,1,2,1,1
SF,IF2007,2020-06-10 09:33:04.700,3955.8000,18669,0,154229880.000,0,-,-,-,-,3955.0000,3954.2000,3953.8000,3953.4000,3953.2000,3956.0000,3956.4000,3956.6000,3957.0000,3957.2000,1,4,1,1,1,4,1,2,1,1
SF,IF2007,2020-06-10 09:33:05.700,3956.0000,18668,-1,157790280.000,3,1,2,多平,S,3955.4000,3955.0000,3954.2000,3953.8000,3953.4000,3956.0000,3956.4000,3956.6000,3957.0000,3957.2000,1,1,4,1,1,1,1,2,1,1
SF,IF2007,2020-06-10 09:33:06.200,3956.0000,18668,0,158977080.000,1,0,1,多换,S,3955.8000,3955.4000,3955.2000,3955.0000,3954.2000,3956.6000,3957.0000,3957.2000,3957.8000,3958.0000,1,1,3,1,4,2,1,1,1,2
SF,IF2007,2020-06-10 09:33:06.700,3956.0000,18668,0,158977080.000,0,-,-,-,-,3956.0000,3955.8000,3955.4000,3955.2000,3955.0000,3956.6000,3957.0000,3957.2000,3957.8000,3958.0000,10,1,1,3,1,2,1,1,1,2
SF,IF2007,2020-06-10 09:33:07.200,3956.0000,18668,0,158977080.000,0,-,-,-,-,3956.0000,3955.8000,3955.4000,3955.2000,3955.0000,3956.6000,3957.0000,3957.2000,3957.8000,3958.0000,10,1,1,1,1,2,1,1,1,2
SF,IF2007,2020-06-10 09:33:07.700,3956.0000,18668,0,158977080.000,0,-,-,-,-,3956.0000,3955.8000,3955.4000,3955.0000,3954.8000,3956.6000,3957.0000,3957.2000,3957.8000,3958.0000,10,1,1,1,1,2,1,1,1,2
SF,IF2007,2020-06-10 09:33:08.200,3956.0000,18668,0,160163880.000,1,0,1,多换,S,3956.0000,3955.8000,3955.4000,3955.0000,3954.8000,3956.6000,3957.0000,3957.2000,3957.8000,3958.0000,10,1,1,1,1,2,1,1,1,2
SF,IF2007,2020-06-10 09:33:09.700,3956.6000,18668,0,162537840.000,2,1,1,多换,S,3956.0000,3955.8000,3955.4000,3955.0000,3954.8000,3957.0000,3957.2000,3957.8000,3958.0000,3959.4000,10,1,1,1,1,1,1,1,2,1
SF,IF2007,2020-06-10 09:33:10.700,3956.6000,18668,0,162537840.000,0,-,-,-,-,3956.2000,3956.0000,3955.8000,3955.4000,3954.8000,3957.0000,3957.2000,3957.8000,3958.0000,3959.4000,1,10,1,1,1,1,1,1,2,1
SF,IF2007,2020-06-10 09:33:11.200,3956.0000,18667,-1,167285100.000,4,1,3,多平,S,3956.0000,3955.8000,3955.4000,3954.8000,3954.2000,3957.0000,3957.2000,3957.8000,3958.0000,3959.4000,7,1,1,1,4,1,1,1,4,1
SF,IF2007,2020-06-10 09:33:11.700,3956.0000,18667,0,167285100.000,0,-,-,-,-,3956.0000,3955.8000,3955.4000,3954.8000,3954.2000,3956.8000,3957.0000,3957.2000,3957.8000,3958.0000,7,1,1,1,4,2,1,1,1,4
SF,IF2007,2020-06-10 09:33:12.200,3956.0000,18667,0,167285100.000,0,-,-,-,-,3956.0000,3955.8000,3955.4000,3955.0000,3954.8000,3956.8000,3957.0000,3957.2000,3957.8000,3958.0000,7,1,1,1,1,3,1,1,1,4
SF,IF2007,2020-06-10 09:33:12.700,3956.8000,18667,0,169659180.000,2,1,1,多换,S,3956.0000,3955.8000,3955.4000,3955.0000,3954.8000,3956.8000,3957.0000,3957.2000,3957.8000,3958.0000,7,1,1,1,1,1,1,1,1,4
SF,IF2007,2020-06-10 09:33:13.200,3956.8000,18667,0,169659180.000,0,-,-,-,-,3956.0000,3955.8000,3955.4000,3955.0000,3954.8000,3956.8000,3957.0000,3957.2000,3957.8000,3958.0000,7,1,1,1,1,1,1,1,1,4
SF,IF2007,2020-06-10 09:33:14.200,3956.8000,18667,0,169659180.000,0,-,-,-,-,3956.0000,3955.8000,3955.4000,3955.0000,3954.8000,3956.6000,3957.0000,3957.2000,3957.8000,3958.0000,7,1,1,1,1,1,1,1,1,4
SF,IF2007,2020-06-10 09:33:14.700,3955.8000,18673,6,179153520.000,8,7,1,空开,S,3956.0000,3955.4000,3955.0000,3954.8000,3954.2000,3956.6000,3957.0000,3957.2000,3957.8000,3958.0000,1,1,1,1,4,1,1,1,1,4
SF,IF2007,2020-06-10 09:33:15.200,3956.4000,18672,-1,181527240.000,2,0,2,多平,S,3955.4000,3955.0000,3954.8000,3954.2000,3953.8000,3956.6000,3957.0000,3957.2000,3957.8000,3958.0000,1,1,1,4,1,1,1,1,1,4
SF,IF2007,2020-06-10 09:33:15.700,3956.4000,18672,0,183901080.000,2,1,1,多换,S,3955.4000,3955.0000,3954.8000,3954.2000,3953.8000,3956.6000,3957.0000,3957.2000,3957.8000,3958.0000,1,1,1,4,1,1,1,1,1,4
SF,IF2007,2020-06-10 09:33:16.200,3956.4000,18672,0,183901080.000,0,-,-,-,-,3955.4000,3955.0000,3954.8000,3954.2000,3953.8000,3956.4000,3956.6000,3957.0000,3957.2000,3957.8000,1,1,1,4,1,2,1,1,1,1
SF,IF2007,2020-06-10 09:33:16.700,3956.4000,18672,0,183901080.000,0,-,-,-,-,3955.4000,3955.0000,3954.8000,3954.2000,3953.8000,3956.4000,3956.6000,3957.0000,3957.2000,3957.8000,1,1,1,4,1,1,1,1,1,1
SF,IF2007,2020-06-10 09:33:17.200,3956.4000,18672,0,183901080.000,0,-,-,-,-,3955.4000,3955.0000,3954.8000,3954.2000,3953.8000,3956.2000,3956.4000,3957.0000,3957.2000,3957.8000,1,1,1,4,1,1,1,1,1,1
SF,IF2007,2020-06-10 09:33:17.700,3956.4000,18672,0,183901080.000,0,-,-,-,-,3955.4000,3955.0000,3954.8000,3954.2000,3953.8000,3956.2000,3956.4000,3957.0000,3957.2000,3957.8000,1,1,1,4,1,2,1,1,1,1
SF,IF2007,2020-06-10 09:33:18.200,3956.4000,18672,0,183901080.000,0,-,-,-,-,3955.4000,3955.0000,3954.8000,3954.2000,3953.8000,3956.2000,3956.4000,3957.0000,3957.2000,3957.8000,1,1,1,4,1,2,1,1,1,1
SF,IF2007,2020-06-10 09:33:18.700,3956.4000,18672,0,183901080.000,0,-,-,-,-,3955.4000,3955.0000,3954.8000,3954.2000,3953.8000,3956.2000,3956.4000,3957.0000,3957.2000,3957.8000,1,1,1,4,1,1,1,1,1,1
SF,IF2007,2020-06-10 09:33:19.200,3956.4000,18672,0,183901080.000,0,-,-,-,-,3956.0000,3955.4000,3955.0000,3954.8000,3954.2000,3956.2000,3957.0000,3957.2000,3957.8000,3958.0000,1,1,1,1,4,1,1,1,1,4
SF,IF2007,2020-06-10 09:33:19.700,3956.2000,18672,0,186274740.000,2,1,1,多换,S,3955.4000,3955.0000,3954.8000,3954.2000,3953.8000,3956.6000,3957.0000,3957.2000,3957.8000,3958.0000,1,1,1,4,1,1,1,1,1,4
SF,IF2007,2020-06-10 09:33:20.200,3956.2000,18672,0,186274740.000,0,-,-,-,-,3955.6000,3955.4000,3955.0000,3954.8000,3954.2000,3956.6000,3957.0000,3957.2000,3957.8000,3958.0000,1,1,1,2,4,1,1,1,3,4
SF,IF2007,2020-06-10 09:33:20.700,3956.2000,18672,0,186274740.000,0,-,-,-,-,3955.6000,3955.4000,3955.0000,3954.8000,3954.2000,3956.2000,3956.6000,3957.0000,3957.2000,3957.8000,1,1,1,2,4,1,1,1,1,3
SF,IF2007,2020-06-10 09:33:21.200,3955.6000,18672,0,187461420.000,1,0,1,多换,S,3955.4000,3955.0000,3954.8000,3954.2000,3953.8000,3956.6000,3957.0000,3957.2000,3957.8000,3958.0000,1,1,2,4,1,1,1,1,1,4
SF,IF2007,2020-06-10 09:33:22.200,3955.6000,18672,0,187461420.000,0,-,-,-,-,3955.4000,3955.0000,3954.8000,3954.2000,3953.8000,3956.6000,3957.0000,3957.2000,3957.8000,3958.0000,1,2,2,4,1,1,1,1,1,4
SF,IF2007,2020-06-10 09:33:22.700,3955.6000,18672,0,187461420.000,0,-,-,-,-,3955.4000,3955.0000,3954.8000,3954.2000,3953.8000,3956.6000,3957.0000,3957.2000,3957.8000,3958.0000,1,2,2,4,1,1,1,1,1,4
SF,IF2007,2020-06-10 09:33:23.200,3955.6000,18672,0,187461420.000,0,-,-,-,-,3955.4000,3955.0000,3954.8000,3954.2000,3953.8000,3956.6000,3957.0000,3957.2000,3957.8000,3958.0000,1,2,1,4,1,1,1,1,1,4
SF,IF2007,2020-06-10 09:33:23.700,3955.6000,18672,0,187461420.000,0,-,-,-,-,3955.6000,3955.4000,3955.0000,3954.8000,3954.2000,3956.6000,3956.8000,3957.0000,3957.2000,3957.8000,1,1,2,1,4,1,1,1,1,1
SF,IF2007,2020-06-10 09:33:24.200,3956.0000,18672,0,188648220.000,1,0,1,多换,S,3955.6000,3955.4000,3955.0000,3954.2000,3953.8000,3956.6000,3956.8000,3957.0000,3957.2000,3957.8000,1,1,2,4,1,1,1,1,1,1
SF,IF2007,2020-06-10 09:33:24.700,3956.6000,18672,0,189835200.000,1,0,1,多换,S,3955.6000,3955.4000,3955.0000,3954.2000,3953.8000,3956.8000,3957.0000,3957.2000,3957.8000,3958.0000,1,1,2,4,1,1,1,1,1,3
SF,IF2007,2020-06-10 09:33:25.700,3956.6000,18672,0,189835200.000,0,-,-,-,-,3955.6000,3955.4000,3955.0000,3954.2000,3953.8000,3956.8000,3957.0000,3957.2000,3957.8000,3958.0000,2,1,2,4,1,1,1,1,1,3
SF,IF2007,2020-06-10 09:33:26.700,3956.6000,18672,0,189835200.000,0,-,-,-,-,3955.8000,3955.6000,3955.4000,3955.0000,3954.2000,3956.6000,3956.8000,3957.0000,3957.2000,3957.8000,1,1,1,2,4,1,1,1,1,1
SF,IF2007,2020-06-10 09:33:27.200,3956.6000,18672,0,189835200.000,0,-,-,-,-,3955.8000,3955.6000,3955.4000,3955.0000,3954.2000,3956.6000,3956.8000,3957.0000,3957.2000,3957.8000,1,1,1,2,4,1,1,1,1,1
SF,IF2007,2020-06-10 09:33:27.700,3955.8000,18673,1,191021940.000,1,1,0,双开,S,3955.8000,3955.4000,3955.0000,3954.2000,3953.8000,3956.2000,3956.6000,3956.8000,3957.0000,3957.2000,1,1,2,4,1,1,1,1,1,1
SF,IF2007,2020-06-10 09:33:28.200,3955.8000,18675,2,193395420.000,2,2,0,双开,S,3955.4000,3955.0000,3954.2000,3953.8000,3953.2000,3955.6000,3956.2000,3956.6000,3956.8000,3957.0000,1,2,4,1,1,3,1,1,1,1
SF,IF2007,2020-06-10 09:33:28.700,3955.6000,18677,2,196955400.000,3,2,1,空开,S,3955.0000,3954.2000,3953.8000,3953.2000,3952.8000,3955.6000,3956.2000,3956.6000,3956.8000,3957.0000,2,4,1,1,5,1,2,1,1,1
SF,IF2007,2020-06-10 09:33:29.200,3955.6000,18678,1,198142080.000,1,1,0,双开,S,3955.0000,3954.2000,3953.8000,3953.2000,3952.8000,3956.2000,3956.6000,3956.8000,3957.0000,3957.8000,3,4,1,1,5,2,1,1,1,1
SF,IF2007,2020-06-10 09:33:29.700,3955.6000,18678,0,198142080.000,0,-,-,-,-,3955.4000,3955.0000,3954.2000,3953.8000,3953.2000,3956.2000,3956.6000,3956.8000,3957.0000,3957.8000,2,2,4,1,1,2,1,1,1,1
SF,IF2007,2020-06-10 09:33:30.200,3955.6000,18678,0,198142080.000,0,-,-,-,-,3955.6000,3955.4000,3955.0000,3954.2000,3953.8000,3956.2000,3956.6000,3956.8000,3957.0000,3957.8000,1,1,2,4,1,2,1,1,1,1
SF,IF2007,2020-06-10 09:33:30.700,3955.6000,18678,0,198142080.000,0,-,-,-,-,3955.8000,3955.6000,3955.4000,3955.0000,3954.2000,3956.2000,3956.6000,3956.8000,3957.0000,3957.8000,1,1,1,2,4,2,1,1,1,1
SF,IF2007,2020-06-10 09:33:31.200,3955.6000,18678,0,198142080.000,0,-,-,-,-,3955.0000,3954.2000,3953.8000,3953.2000,3952.8000,3956.2000,3956.6000,3956.8000,3957.0000,3957.8000,3,4,1,1,5,2,1,1,1,1
SF,IF2007,2020-06-10 09:33:31.700,3955.6000,18678,0,198142080.000,0,-,-,-,-,3955.0000,3954.2000,3953.8000,3953.2000,3952.8000,3956.2000,3956.6000,3956.8000,3957.0000,3957.8000,3,4,1,1,5,2,1,1,1,1
SF,IF2007,2020-06-10 09:33:32.200,3955.8000,18679,1,199328820.000,1,1,0,双开,S,3955.0000,3954.2000,3953.8000,3953.2000,3952.8000,3956.2000,3956.6000,3956.8000,3957.0000,3957.8000,4,4,1,1,5,2,1,1,1,1
SF,IF2007,2020-06-10 09:33:33.200,3955.6000,18680,1,200515500.000,1,1,0,双开,S,3955.2000,3955.0000,3954.2000,3953.8000,3953.2000,3956.2000,3956.6000,3956.8000,3957.0000,3957.8000,1,3,4,1,1,2,1,1,1,1
SF,IF2007,2020-06-10 09:33:33.700,3956.2000,18680,0,202889220.000,2,1,1,多换,S,3955.4000,3955.2000,3955.0000,3954.2000,3953.8000,3956.6000,3956.8000,3957.0000,3957.8000,3958.0000,1,1,4,4,1,1,1,1,1,3
SF,IF2007,2020-06-10 09:33:34.200,3956.2000,18680,0,202889220.000,0,-,-,-,-,3955.4000,3955.0000,3954.2000,3953.8000,3953.2000,3956.6000,3956.8000,3957.0000,3957.8000,3958.0000,2,4,4,1,1,1,1,1,1,3
SF,IF2007,2020-06-10 09:33:34.700,3955.4000,18681,1,205262460.000,2,1,1,空开,S,3955.0000,3954.2000,3953.8000,3953.2000,3952.8000,3955.2000,3956.6000,3956.8000,3957.0000,3957.8000,4,4,1,1,5,1,1,1,1,1
SF,IF2007,2020-06-10 09:33:35.200,3955.2000,18681,0,206449020.000,1,0,1,多换,S,3955.4000,3955.0000,3954.2000,3953.8000,3953.2000,3956.2000,3956.6000,3956.8000,3957.0000,3957.8000,3,4,4,1,1,1,1,1,1,1
SF,IF2007,2020-06-10 09:33:35.700,3955.2000,18681,0,206449020.000,0,-,-,-,-,3955.4000,3955.0000,3954.2000,3953.8000,3953.2000,3956.2000,3956.4000,3956.6000,3956.8000,3957.0000,2,5,4,1,1,1,1,1,1,1
SF,IF2007,2020-06-10 09:33:36.200,3955.2000,18681,0,206449020.000,0,-,-,-,-,3955.6000,3955.4000,3955.0000,3954.2000,3953.8000,3956.2000,3956.4000,3956.6000,3956.8000,3957.0000,1,1,10,4,1,2,1,1,1,1
SF,IF2007,2020-06-10 09:33:36.700,3955.2000,18681,0,206449020.000,0,-,-,-,-,3955.6000,3955.0000,3954.2000,3953.8000,3953.2000,3956.2000,3956.4000,3956.6000,3956.8000,3957.0000,1,10,4,1,1,2,1,1,1,1
SF,IF2007,2020-06-10 09:33:37.200,3955.2000,18681,0,206449020.000,0,-,-,-,-,3955.8000,3955.0000,3954.2000,3953.8000,3953.2000,3956.2000,3956.4000,3956.6000,3956.8000,3957.0000,1,10,4,1,1,1,1,1,1,1
SF,IF2007,2020-06-10 09:33:38.200,3955.2000,18681,0,206449020.000,0,-,-,-,-,3956.0000,3955.0000,3954.2000,3953.8000,3953.2000,3956.2000,3956.4000,3956.6000,3956.8000,3957.0000,1,9,4,1,1,1,1,1,1,1
SF,IF2007,2020-06-10 09:33:38.700,3956.0000,18681,0,208822620.000,2,1,1,多换,S,3956.2000,3955.0000,3954.2000,3953.8000,3953.2000,3956.4000,3956.6000,3956.8000,3957.0000,3957.8000,1,9,4,1,1,1,1,1,1,1
SF,IF2007,2020-06-10 09:33:39.200,3956.4000,18681,0,210009540.000,1,0,1,多换,S,3955.0000,3954.2000,3953.8000,3953.2000,3952.8000,3956.6000,3956.8000,3957.0000,3957.8000,3958.0000,9,4,1,1,5,1,1,1,3,3
SF,IF2007,2020-06-10 09:33:39.700,3956.4000,18681,0,210009540.000,0,-,-,-,-,3955.0000,3954.2000,3953.8000,3953.2000,3952.8000,3956.0000,3956.4000,3956.6000,3956.8000,3957.0000,9,4,1,1,5,1,1,1,1,1
SF,IF2007,2020-06-10 09:33:40.200,3956.4000,18681,0,210009540.000,0,-,-,-,-,3955.0000,3954.2000,3953.8000,3953.2000,3952.8000,3956.0000,3956.4000,3956.6000,3956.8000,3957.0000,9,4,1,1,5,1,2,1,1,1
SF,IF2007,2020-06-10 09:33:40.700,3956.4000,18681,0,210009540.000,0,-,-,-,-,3955.0000,3954.2000,3953.8000,3953.2000,3952.8000,3956.0000,3956.6000,3956.8000,3957.0000,3957.8000,9,4,1,1,5,1,1,1,1,3
SF,IF2007,2020-06-10 09:33:44.200,3956.4000,18681,0,210009540.000,0,-,-,-,-,3955.0000,3954.2000,3953.8000,3953.2000,3952.8000,3956.0000,3956.6000,3956.8000,3957.0000,3957.8000,9,4,1,1,5,1,1,1,1,1
SF,IF2007,2020-06-10 09:33:44.700,3956.4000,18681,0,210009540.000,0,-,-,-,-,3955.2000,3955.0000,3954.2000,3953.8000,3953.2000,3956.0000,3956.6000,3956.8000,3957.0000,3957.8000,1,9,4,1,1,1,1,1,1,1
SF,IF2007,2020-06-10 09:33:45.200,3956.4000,18681,0,210009540.000,0,-,-,-,-,3955.0000,3954.2000,3953.8000,3953.2000,3952.8000,3956.0000,3956.6000,3956.8000,3957.0000,3957.8000,9,4,1,1,5,1,1,1,1,1
SF,IF2007,2020-06-10 09:33:45.700,3956.4000,18681,0,210009540.000,0,-,-,-,-,3955.0000,3954.2000,3953.8000,3953.2000,3952.8000,3956.0000,3956.6000,3956.8000,3957.0000,3957.8000,4,4,1,1,5,1,1,1,1,1
SF,IF2007,2020-06-10 09:33:46.200,3956.4000,18681,0,210009540.000,0,-,-,-,-,3955.2000,3955.0000,3954.2000,3953.8000,3953.2000,3956.0000,3956.6000,3956.8000,3957.0000,3957.8000,5,4,4,1,1,1,1,1,1,1
SF,IF2007,2020-06-10 09:33:47.200,3956.4000,18681,0,210009540.000,0,-,-,-,-,3955.2000,3955.0000,3954.2000,3953.8000,3953.2000,3956.0000,3956.6000,3956.8000,3957.0000,3957.8000,5,4,4,1,1,1,1,1,1,1
SF,IF2007,2020-06-10 09:33:48.200,3956.4000,18681,0,210009540.000,0,-,-,-,-,3955.2000,3955.0000,3954.2000,3953.8000,3953.2000,3956.6000,3956.8000,3957.0000,3957.8000,3958.0000,5,4,4,1,1,1,1,1,1,3
SF,IF2007,2020-06-10 09:33:49.200,3956.4000,18681,0,210009540.000,0,-,-,-,-,3955.2000,3955.0000,3954.2000,3953.8000,3953.2000,3956.4000,3956.6000,3956.8000,3957.0000,3957.4000,5,4,4,1,1,1,1,1,1,1
SF,IF2007,2020-06-10 09:33:50.700,3956.4000,18681,0,210009540.000,0,-,-,-,-,3955.2000,3955.0000,3954.2000,3953.8000,3953.2000,3956.2000,3956.4000,3956.6000,3956.8000,3957.0000,5,4,4,1,1,1,1,1,1,1
SF,IF2007,2020-06-10 09:33:51.200,3956.4000,18680,-1,211196460.000,1,0,1,双平,S,3955.2000,3955.0000,3954.2000,3953.8000,3953.2000,3956.4000,3956.6000,3956.8000,3957.0000,3957.4000,5,4,4,1,1,1,1,1,1,1
SF,IF2007,2020-06-10 09:33:51.700,3956.4000,18680,0,211196460.000,0,-,-,-,-,3955.2000,3955.0000,3954.2000,3953.8000,3953.2000,3956.0000,3956.2000,3956.4000,3956.6000,3956.8000,5,4,4,1,1,1,1,1,1,1
SF,IF2007,2020-06-10 09:33:52.200,3956.4000,18680,0,211196460.000,0,-,-,-,-,3955.2000,3955.0000,3954.2000,3953.8000,3953.2000,3956.0000,3956.2000,3956.4000,3956.6000,3956.8000,5,4,4,1,1,1,2,1,1,1
SF,IF2007,2020-06-10 09:33:53.200,3956.4000,18680,0,211196460.000,0,-,-,-,-,3955.2000,3955.0000,3954.2000,3953.8000,3953.2000,3956.0000,3956.2000,3956.4000,3956.6000,3956.8000,5,4,4,1,1,1,1,2,1,1
SF,IF2007,2020-06-10 09:33:53.700,3956.4000,18680,0,211196460.000,0,-,-,-,-,3955.6000,3955.2000,3955.0000,3954.2000,3953.8000,3956.0000,3956.2000,3956.4000,3956.6000,3956.8000,1,5,4,4,1,1,1,2,1,1
SF,IF2007,2020-06-10 09:33:54.200,3955.6000,18680,0,213569820.000,2,1,1,多换,S,3955.2000,3955.0000,3954.4000,3954.2000,3953.8000,3956.4000,3956.6000,3956.8000,3957.0000,3957.4000,5,3,1,4,1,2,1,1,1,1
SF,IF2007,2020-06-10 09:33:54.700,3955.2000,18680,0,217129500.000,3,1,2,多换,S,3955.2000,3955.0000,3954.4000,3954.2000,3953.8000,3956.2000,3956.4000,3956.6000,3956.8000,3957.0000,2,3,1,4,1,2,2,1,1,1
SF,IF2007,2020-06-10 09:33:55.200,3955.2000,18680,0,217129500.000,0,-,-,-,-,3955.2000,3955.0000,3954.4000,3954.2000,3953.8000,3955.8000,3956.0000,3956.2000,3956.4000,3956.6000,2,3,1,4,1,1,1,2,2,1
SF,IF2007,2020-06-10 09:33:55.700,3955.2000,18680,0,217129500.000,0,-,-,-,-,3955.2000,3955.0000,3954.4000,3954.2000,3953.8000,3955.8000,3956.0000,3956.2000,3956.4000,3956.6000,2,3,1,4,1,1,2,1,2,1
SF,IF2007,2020-06-10 09:33:56.200,3955.2000,18680,0,219502620.000,2,1,1,多换,S,3955.0000,3954.4000,3954.2000,3953.8000,3953.2000,3955.2000,3955.6000,3956.0000,3956.2000,3956.4000,3,1,4,1,1,1,1,1,1,2
SF,IF2007,2020-06-10 09:33:56.700,3955.0000,18679,-1,223062120.000,3,1,2,多平,S,3954.4000,3954.2000,3953.8000,3953.2000,3952.8000,3955.2000,3955.6000,3956.0000,3956.2000,3956.4000,1,4,1,1,5,1,1,2,1,2
SF,IF2007,2020-06-10 09:33:59.200,3955.2000,18679,0,224248680.000,1,0,1,多换,S,3954.4000,3954.2000,3953.8000,3953.2000,3952.8000,3955.6000,3956.0000,3956.2000,3956.4000,3956.6000,1,4,1,1,5,1,2,1,2,1
SF,IF2007,2020-06-10 09:33:59.700,3955.2000,18679,0,224248680.000,0,-,-,-,-,3954.2000,3953.8000,3953.2000,3952.8000,3952.2000,3955.2000,3955.4000,3955.6000,3956.0000,3956.2000,4,2,1,5,2,1,1,1,2,1
SF,IF2007,2020-06-10 09:34:00.200,3955.2000,18679,0,224248680.000,0,-,-,-,-,3954.2000,3953.8000,3953.2000,3952.8000,3952.2000,3955.0000,3955.2000,3955.4000,3955.6000,3956.0000,4,2,1,5,2,1,1,1,1,2
SF,IF2007,2020-06-10 09:34:00.700,3955.2000,18679,0,224248680.000,0,-,-,-,-,3954.2000,3953.8000,3953.2000,3952.8000,3952.2000,3955.0000,3955.4000,3955.6000,3956.0000,3956.2000,4,2,1,5,2,1,1,1,2,1
SF,IF2007,2020-06-10 09:34:01.200,3955.2000,18679,0,224248680.000,0,-,-,-,-,3954.2000,3953.8000,3953.2000,3952.8000,3952.2000,3955.2000,3955.4000,3955.6000,3956.0000,3956.2000,4,2,1,5,2,1,1,1,1,1
SF,IF2007,2020-06-10 09:34:03.200,3954.2000,18681,2,226621200.000,2,2,0,双开,S,3954.2000,3953.8000,3953.2000,3952.8000,3952.2000,3955.2000,3955.4000,3955.6000,3956.0000,3956.2000,2,2,1,5,2,1,1,1,1,1
SF,IF2007,2020-06-10 09:34:03.700,3953.8000,18684,3,230179860.000,3,3,0,双开,S,3953.8000,3953.2000,3952.8000,3952.2000,3952.0000,3955.0000,3955.2000,3955.4000,3956.0000,3956.2000,1,1,5,2,5,3,1,1,1,1
SF,IF2007,2020-06-10 09:34:04.200,3953.8000,18683,-1,231366000.000,1,0,1,双平,S,3952.8000,3952.2000,3952.0000,3951.2000,3950.2000,3953.8000,3954.2000,3954.8000,3955.0000,3955.2000,5,2,5,2,1,1,1,2,2,1
SF,IF2007,2020-06-10 09:34:04.700,3953.8000,18683,0,231366000.000,0,-,-,-,-,3952.8000,3952.2000,3952.0000,3951.2000,3950.2000,3953.6000,3953.8000,3954.2000,3954.8000,3955.0000,5,2,5,2,1,1,1,1,2,2
SF,IF2007,2020-06-10 09:34:05.200,3953.8000,18683,0,231366000.000,0,-,-,-,-,3952.8000,3952.2000,3952.0000,3951.2000,3950.2000,3953.4000,3953.6000,3954.2000,3954.8000,3955.0000,5,2,5,2,1,1,1,1,2,2
SF,IF2007,2020-06-10 09:34:05.700,3953.4000,18682,-1,232552020.000,1,0,1,双平,S,3952.8000,3952.2000,3952.0000,3951.2000,3950.2000,3953.6000,3954.2000,3954.8000,3955.0000,3955.2000,5,2,5,2,1,1,1,2,2,1
SF,IF2007,2020-06-10 09:34:06.200,3953.4000,18682,0,232552020.000,0,-,-,-,-,3953.4000,3952.8000,3952.2000,3952.0000,3951.2000,3953.6000,3954.2000,3954.8000,3955.0000,3955.2000,1,5,2,5,2,1,1,2,2,1
SF,IF2007,2020-06-10 09:34:06.700,3953.4000,18682,0,233738040.000,1,0,1,多换,S,3953.4000,3952.8000,3952.2000,3952.0000,3951.2000,3953.6000,3954.2000,3954.8000,3955.0000,3955.2000,1,5,2,5,2,1,1,2,1,1
SF,IF2007,2020-06-10 09:34:07.200,3953.4000,18682,0,234924060.000,1,0,1,多换,S,3952.8000,3952.2000,3952.0000,3951.2000,3950.2000,3953.6000,3954.2000,3954.8000,3955.0000,3955.2000,5,2,5,2,1,1,1,1,1,1
SF,IF2007,2020-06-10 09:34:08.200,3953.4000,18682,0,234924060.000,0,-,-,-,-,3952.8000,3952.2000,3952.0000,3951.2000,3950.2000,3953.6000,3954.2000,3954.8000,3955.2000,3956.2000,5,2,5,2,1,1,1,1,1,1
SF,IF2007,2020-06-10 09:34:09.200,3953.6000,18681,-1,236110140.000,1,0,1,双平,S,3952.8000,3952.2000,3952.0000,3951.2000,3950.2000,3954.2000,3954.8000,3955.2000,3956.2000,3956.4000,5,2,5,2,1,1,1,1,1,1
SF,IF2007,2020-06-10 09:34:10.700,3952.8000,18680,-1,237295980.000,1,0,1,双平,S,3952.8000,3952.2000,3952.0000,3951.2000,3950.2000,3954.0000,3954.2000,3954.8000,3955.2000,3956.2000,4,1,5,2,1,2,1,1,1,1
SF,IF2007,2020-06-10 09:34:11.200,3952.8000,18680,0,237295980.000,0,-,-,-,-,3952.8000,3952.2000,3952.0000,3951.2000,3950.2000,3953.4000,3953.8000,3954.0000,3954.2000,3955.2000,4,1,5,2,1,1,1,2,1,1
SF,IF2007,2020-06-10 09:34:11.700,3952.8000,18677,-3,242039340.000,4,0,4,多平,S,3952.2000,3952.0000,3951.2000,3950.2000,3950.0000,3952.4000,3953.4000,3953.8000,3954.0000,3954.2000,1,5,2,1,1,1,1,1,2,1
SF,IF2007,2020-06-10 09:34:12.200,3952.8000,18677,0,242039340.000,0,-,-,-,-,3952.0000,3951.2000,3950.2000,3950.0000,3949.4000,3952.4000,3953.4000,3954.0000,3954.2000,3955.2000,5,2,1,1,3,1,3,2,1,1
SF,IF2007,2020-06-10 09:34:12.700,3952.0000,18674,-3,247967340.000,5,1,4,多平,S,3951.2000,3950.2000,3950.0000,3949.4000,3947.0000,3952.4000,3953.4000,3954.0000,3954.2000,3955.2000,2,1,1,3,4,1,3,2,1,1
SF,IF2007,2020-06-10 09:34:13.200,3952.4000,18672,-2,253895280.000,5,1,4,多平,S,3951.2000,3950.2000,3950.0000,3949.4000,3947.0000,3953.4000,3954.0000,3954.2000,3955.2000,3956.4000,1,1,1,3,4,2,2,1,1,1
SF,IF2007,2020-06-10 09:34:13.700,3952.4000,18672,0,255081000.000,1,0,1,多换,S,3951.2000,3950.2000,3950.0000,3949.4000,3947.0000,3952.6000,3952.8000,3953.0000,3953.2000,3953.4000,1,1,1,3,4,2,2,1,6,2
SF,IF2007,2020-06-10 09:34:14.200,3952.6000,18672,0,256266780.000,1,0,1,多换,S,3951.2000,3950.2000,3950.0000,3949.4000,3947.0000,3952.6000,3952.8000,3953.0000,3953.2000,3953.4000,1,1,1,3,4,1,2,1,8,2
SF,IF2007,2020-06-10 09:34:15.200,3952.6000,18672,0,256266780.000,0,-,-,-,-,3951.2000,3950.2000,3950.0000,3949.4000,3947.0000,3952.6000,3953.0000,3953.2000,3953.4000,3954.2000,1,1,1,3,4,1,1,4,2,1
SF,IF2007,2020-06-10 09:34:15.700,3952.6000,18673,1,258638340.000,2,1,1,空开,S,3951.2000,3950.2000,3950.0000,3949.4000,3947.0000,3952.6000,3953.0000,3953.2000,3953.4000,3954.2000,1,1,1,3,4,2,1,4,2,1
SF,IF2007,2020-06-10 09:34:16.200,3952.6000,18674,1,261009900.000,2,1,1,空开,S,3951.2000,3950.2000,3950.0000,3947.8000,3947.0000,3953.0000,3953.2000,3953.4000,3954.2000,3955.2000,1,1,1,3,4,1,3,2,1,1
SF,IF2007,2020-06-10 09:34:16.700,3952.6000,18674,0,263381460.000,2,1,1,多换,S,3951.2000,3950.2000,3950.0000,3947.8000,3947.0000,3952.4000,3952.6000,3952.8000,3953.2000,3953.4000,1,1,1,3,4,1,3,2,3,2
SF,IF2007,2020-06-10 09:34:17.200,3952.4000,18674,0,265752540.000,2,1,1,多换,S,3950.2000,3950.0000,3947.8000,3947.0000,3946.8000,3951.8000,3952.0000,3952.2000,3952.6000,3952.8000,1,1,3,4,1,1,1,1,3,3
SF,IF2007,2020-06-10 09:34:17.700,3952.4000,18674,0,266938260.000,1,0,1,多换,S,3950.4000,3950.2000,3950.0000,3947.8000,3947.0000,3952.0000,3952.2000,3952.6000,3952.8000,3953.2000,1,1,1,3,4,2,1,2,3,3
SF,IF2007,2020-06-10 09:34:18.200,3952.4000,18674,0,270495420.000,3,1,2,多换,S,3950.4000,3950.2000,3950.0000,3947.8000,3947.0000,3952.0000,3952.6000,3952.8000,3953.2000,3953.4000,1,1,1,3,4,1,2,2,3,2
SF,IF2007,2020-06-10 09:34:18.700,3952.4000,18674,0,270495420.000,0,-,-,-,-,3950.2000,3950.0000,3947.8000,3947.0000,3946.8000,3951.8000,3952.0000,3952.4000,3952.6000,3952.8000,1,1,3,4,1,1,1,1,2,2
SF,IF2007,2020-06-10 09:34:19.200,3952.0000,18674,0,271681020.000,1,0,1,多换,S,3950.4000,3950.2000,3950.0000,3947.8000,3947.0000,3952.0000,3952.6000,3952.8000,3953.2000,3953.4000,3,1,1,3,4,1,2,2,3,2
SF,IF2007,2020-06-10 09:34:19.700,3952.0000,18675,1,272866620.000,1,1,0,双开,S,3951.0000,3950.4000,3950.2000,3950.0000,3947.8000,3952.0000,3952.6000,3952.8000,3953.2000,3953.4000,1,1,1,1,3,1,2,2,3,2
SF,IF2007,2020-06-10 09:34:20.200,3952.0000,18674,-1,275237820.000,2,0,2,多平,S,3952.0000,3951.2000,3951.0000,3950.6000,3950.2000,3952.6000,3952.8000,3953.2000,3953.4000,3954.2000,1,1,1,2,1,2,2,3,2,1
SF,IF2007,2020-06-10 09:34:20.700,3952.0000,18674,0,276423420.000,1,0,1,多换,S,3951.4000,3951.2000,3951.0000,3950.6000,3950.2000,3952.6000,3952.8000,3953.2000,3953.4000,3954.2000,1,1,1,2,1,2,1,1,2,1
SF,IF2007,2020-06-10 09:34:21.200,3952.0000,18674,0,276423420.000,0,-,-,-,-,3951.6000,3951.4000,3951.2000,3950.6000,3950.2000,3953.2000,3953.4000,3954.2000,3955.2000,3956.4000,1,1,1,2,1,1,2,1,1,1
SF,IF2007,2020-06-10 09:34:21.700,3952.0000,18674,0,276423420.000,0,-,-,-,-,3951.6000,3951.4000,3951.2000,3950.6000,3950.2000,3952.8000,3953.0000,3953.2000,3953.4000,3954.2000,1,1,1,2,1,1,2,1,2,1
SF,IF2007,2020-06-10 09:34:22.200,3951.6000,18674,0,277608900.000,1,0,1,多换,S,3951.8000,3950.6000,3950.2000,3950.0000,3947.8000,3952.6000,3952.8000,3953.0000,3953.2000,3953.4000,1,2,1,1,3,2,1,2,1,2
SF,IF2007,2020-06-10 09:34:22.700,3951.6000,18674,0,278794380.000,1,0,1,多换,S,3950.6000,3950.2000,3950.0000,3947.8000,3947.0000,3951.8000,3952.4000,3952.6000,3953.2000,3953.4000,2,1,1,3,4,1,1,2,1,2
SF,IF2007,2020-06-10 09:34:23.200,3951.6000,18674,0,278794380.000,0,-,-,-,-,3950.6000,3950.2000,3950.0000,3947.8000,3947.0000,3952.4000,3952.6000,3953.2000,3953.4000,3954.2000,2,1,1,3,4,1,2,1,2,1
SF,IF2007,2020-06-10 09:34:23.700,3951.6000,18674,0,278794380.000,0,-,-,-,-,3951.2000,3951.0000,3950.8000,3950.6000,3950.2000,3952.2000,3952.6000,3953.2000,3953.4000,3954.2000,1,1,1,2,1,1,2,1,2,1
SF,IF2007,2020-06-10 09:34:24.200,3951.6000,18674,0,278794380.000,0,-,-,-,-,3951.2000,3951.0000,3950.8000,3950.6000,3950.2000,3952.6000,3953.2000,3953.4000,3954.2000,3955.2000,1,1,1,2,1,2,1,2,1,1
SF,IF2007,2020-06-10 09:34:24.700,3951.6000,18674,0,278794380.000,0,-,-,-,-,3951.2000,3950.8000,3950.6000,3950.2000,3950.0000,3953.2000,3953.4000,3954.2000,3955.2000,3956.4000,1,1,2,1,1,1,2,1,1,1
SF,IF2007,2020-06-10 09:34:25.200,3951.6000,18674,0,278794380.000,0,-,-,-,-,3951.6000,3951.4000,3951.2000,3950.6000,3950.2000,3953.0000,3954.2000,3955.2000,3956.4000,3956.6000,1,1,1,2,1,1,1,1,1,1
SF,IF2007,2020-06-10 09:34:25.700,3951.2000,18672,-2,281165220.000,2,0,2,双平,S,3950.6000,3950.2000,3950.0000,3947.8000,3947.0000,3954.2000,3955.2000,3956.4000,3956.6000,3956.8000,2,1,1,3,4,1,1,1,1,1
SF,IF2007,2020-06-10 09:34:26.200,3951.2000,18672,0,281165220.000,0,-,-,-,-,3950.8000,3950.6000,3950.2000,3950.0000,3947.8000,3952.8000,3953.0000,3953.2000,3953.4000,3953.6000,1,2,1,1,3,1,2,2,3,4
SF,IF2007,2020-06-10 09:34:26.700,3951.2000,18672,0,281165220.000,0,-,-,-,-,3951.0000,3950.8000,3950.6000,3950.2000,3950.0000,3952.6000,3953.0000,3953.2000,3953.4000,3953.6000,1,1,2,1,1,2,2,3,3,4
SF,IF2007,2020-06-10 09:34:27.200,3951.2000,18672,0,281165220.000,0,-,-,-,-,3951.0000,3950.8000,3950.6000,3950.2000,3950.0000,3952.6000,3953.0000,3953.2000,3953.4000,3953.6000,1,1,2,1,1,2,2,4,3,4
SF,IF2007,2020-06-10 09:34:27.700,3951.2000,18672,0,281165220.000,0,-,-,-,-,3951.2000,3950.8000,3950.6000,3950.2000,3950.0000,3952.6000,3953.0000,3953.2000,3953.4000,3953.6000,1,1,2,1,1,2,2,4,3,4
SF,IF2007,2020-06-10 09:34:28.200,3951.2000,18672,0,281165220.000,0,-,-,-,-,3951.2000,3950.8000,3950.6000,3950.2000,3950.0000,3952.6000,3953.0000,3953.2000,3953.4000,3953.6000,3,1,2,1,1,1,2,3,2,4
SF,IF2007,2020-06-10 09:34:28.700,3951.2000,18672,0,281165220.000,0,-,-,-,-,3951.2000,3950.6000,3950.2000,3950.0000,3947.8000,3952.6000,3953.0000,3953.2000,3953.4000,3953.6000,3,2,1,1,3,1,2,3,2,4
SF,IF2007,2020-06-10 09:34:29.200,3951.2000,18672,0,281165220.000,0,-,-,-,-,3951.2000,3950.6000,3950.2000,3950.0000,3947.8000,3952.6000,3953.0000,3953.2000,3953.4000,3953.6000,1,2,1,1,3,1,2,3,2,4
SF,IF2007,2020-06-10 09:34:29.700,3951.2000,18672,0,281165220.000,0,-,-,-,-,3951.6000,3951.4000,3951.2000,3950.6000,3950.2000,3953.0000,3953.2000,3953.4000,3953.6000,3954.2000,1,1,1,2,1,2,1,1,4,1
SF,IF2007,2020-06-10 09:34:30.700,3951.2000,18672,0,281165220.000,0,-,-,-,-,3951.6000,3951.4000,3951.2000,3950.6000,3950.2000,3953.2000,3953.6000,3954.2000,3955.2000,3956.4000,1,1,1,2,1,1,3,1,1,1
SF,IF2007,2020-06-10 09:34:31.200,3951.2000,18672,0,281165220.000,0,-,-,-,-,3951.8000,3951.4000,3951.2000,3950.6000,3950.2000,3954.2000,3955.2000,3956.4000,3956.6000,3956.8000,3,1,1,2,1,1,1,1,1,1
SF,IF2007,2020-06-10 09:34:31.700,3951.2000,18672,0,281165220.000,0,-,-,-,-,3951.8000,3951.4000,3951.2000,3950.6000,3950.2000,3953.8000,3954.0000,3954.2000,3955.2000,3956.4000,1,1,1,2,1,2,2,1,1,1
SF,IF2007,2020-06-10 09:34:32.200,3951.2000,18672,0,281165220.000,0,-,-,-,-,3951.4000,3951.2000,3950.6000,3950.2000,3950.0000,3951.8000,3953.6000,3954.0000,3954.2000,3955.2000,1,1,2,1,1,1,3,2,1,1
SF,IF2007,2020-06-10 09:34:32.700,3951.8000,18671,-1,282350760.000,1,0,1,双平,S,3951.8000,3951.4000,3951.2000,3950.6000,3950.2000,3953.6000,3954.0000,3954.2000,3955.2000,3956.4000,2,1,1,2,1,3,2,1,1,1
SF,IF2007,2020-06-10 09:34:33.200,3951.8000,18671,0,282350760.000,0,-,-,-,-,3952.0000,3951.8000,3951.4000,3951.2000,3950.6000,3953.4000,3953.6000,3954.0000,3954.2000,3955.2000,1,2,1,1,2,1,1,2,1,1
SF,IF2007,2020-06-10 09:34:33.700,3951.8000,18671,0,282350760.000,0,-,-,-,-,3952.0000,3951.8000,3951.4000,3951.2000,3950.6000,3953.4000,3953.6000,3954.0000,3954.2000,3955.2000,1,2,1,1,2,1,1,2,1,1
SF,IF2007,2020-06-10 09:34:34.200,3951.8000,18671,0,282350760.000,0,-,-,-,-,3952.2000,3952.0000,3951.8000,3951.4000,3951.2000,3953.2000,3953.4000,3953.6000,3954.0000,3954.2000,1,1,2,1,1,1,1,1,2,1
SF,IF2007,2020-06-10 09:34:34.700,3951.8000,18670,-1,283536300.000,1,0,1,双平,S,3952.0000,3951.8000,3951.4000,3951.2000,3950.6000,3953.4000,3953.6000,3954.0000,3954.2000,3955.2000,1,2,1,1,2,1,1,2,1,1
SF,IF2007,2020-06-10 09:34:35.200,3951.8000,18670,0,283536300.000,0,-,-,-,-,3952.0000,3951.8000,3951.4000,3951.2000,3950.6000,3953.4000,3953.6000,3954.0000,3954.2000,3955.2000,1,2,2,1,2,1,1,2,1,1
SF,IF2007,2020-06-10 09:34:35.700,3951.8000,18670,0,283536300.000,0,-,-,-,-,3952.2000,3952.0000,3951.8000,3951.4000,3951.2000,3953.0000,3953.2000,3953.4000,3953.6000,3954.2000,1,1,2,1,1,2,1,1,1,1
SF,IF2007,2020-06-10 09:34:36.200,3951.8000,18670,0,283536300.000,0,-,-,-,-,3952.0000,3951.8000,3951.4000,3951.2000,3950.6000,3953.0000,3953.2000,3953.4000,3953.6000,3954.2000,1,2,1,1,2,1,1,1,1,1
SF,IF2007,2020-06-10 09:34:36.700,3951.8000,18670,0,283536300.000,0,-,-,-,-,3951.8000,3951.2000,3950.6000,3950.2000,3950.0000,3952.8000,3953.2000,3953.4000,3953.6000,3954.2000,2,1,2,1,1,1,1,1,1,1
SF,IF2007,2020-06-10 09:34:37.200,3951.8000,18670,0,283536300.000,0,-,-,-,-,3951.8000,3951.2000,3950.6000,3950.2000,3950.0000,3952.8000,3953.2000,3953.4000,3953.6000,3954.2000,1,1,2,1,1,1,1,1,1,1
SF,IF2007,2020-06-10 09:34:37.700,3951.8000,18670,0,283536300.000,0,-,-,-,-,3951.8000,3951.2000,3950.6000,3950.2000,3950.0000,3952.6000,3953.2000,3953.4000,3953.6000,3954.2000,1,1,2,1,1,1,1,1,1,1
SF,IF2007,2020-06-10 09:34:38.200,3951.8000,18670,0,283536300.000,0,-,-,-,-,3951.8000,3951.2000,3950.6000,3950.2000,3950.0000,3952.6000,3952.8000,3953.2000,3953.4000,3953.6000,1,1,2,1,1,1,1,1,1,1
SF,IF2007,2020-06-10 09:34:39.700,3951.8000,18670,0,283536300.000,0,-,-,-,-,3952.0000,3951.8000,3951.2000,3950.6000,3950.2000,3953.2000,3954.2000,3955.2000,3956.4000,3956.6000,6,1,1,2,1,1,1,1,1,1
SF,IF2007,2020-06-10 09:34:40.200,3953.2000,18670,0,284722260.000,1,0,1,多换,S,3952.0000,3951.8000,3951.2000,3950.6000,3950.2000,3954.2000,3955.2000,3956.4000,3956.6000,3956.8000,6,1,1,2,1,1,1,1,1,2
SF,IF2007,2020-06-10 09:34:40.700,3953.2000,18670,0,284722260.000,0,-,-,-,-,3952.0000,3951.8000,3951.2000,3950.6000,3950.2000,3953.2000,3953.4000,3953.6000,3953.8000,3954.0000,5,1,1,2,1,3,3,4,2,5
SF,IF2007,2020-06-10 09:34:41.200,3952.0000,18670,0,288279060.000,3,1,2,多换,S,3952.0000,3951.8000,3951.2000,3950.6000,3950.2000,3953.4000,3953.6000,3953.8000,3954.0000,3954.2000,2,1,2,2,1,1,1,1,4,1
SF,IF2007,2020-06-10 09:34:41.700,3952.0000,18670,0,289464660.000,1,0,1,多换,S,3952.0000,3951.8000,3951.2000,3950.6000,3950.2000,3953.4000,3953.6000,3953.8000,3954.0000,3954.2000,1,1,2,2,1,1,1,1,4,1
SF,IF2007,2020-06-10 09:34:42.200,3952.0000,18670,0,289464660.000,0,-,-,-,-,3952.0000,3951.8000,3951.2000,3950.6000,3950.2000,3953.2000,3953.4000,3953.6000,3953.8000,3954.0000,1,1,2,2,1,2,3,1,1,4
SF,IF2007,2020-06-10 09:34:42.700,3952.0000,18670,0,289464660.000,0,-,-,-,-,3952.0000,3951.8000,3951.2000,3950.6000,3950.2000,3952.6000,3952.8000,3953.0000,3953.2000,3953.4000,1,1,2,2,1,1,1,1,3,2
SF,IF2007,2020-06-10 09:34:43.200,3952.0000,18670,0,289464660.000,0,-,-,-,-,3952.0000,3951.8000,3951.2000,3950.6000,3950.2000,3952.6000,3952.8000,3953.0000,3953.2000,3953.4000,1,1,1,2,1,1,1,1,3,2
SF,IF2007,2020-06-10 09:34:43.700,3952.0000,18671,1,290650260.000,1,1,0,双开,S,3951.8000,3951.2000,3950.6000,3950.2000,3950.0000,3953.0000,3953.2000,3953.4000,3953.8000,3954.0000,1,1,2,1,1,1,3,2,1,4
SF,IF2007,2020-06-10 09:34:44.200,3951.8000,18672,1,291835800.000,1,1,0,双开,S,3951.2000,3950.6000,3950.2000,3950.0000,3947.8000,3952.8000,3953.2000,3953.4000,3954.0000,3954.2000,1,2,1,1,3,2,3,2,3,1
SF,IF2007,2020-06-10 09:34:44.700,3951.8000,18672,0,291835800.000,0,-,-,-,-,3951.2000,3950.6000,3950.2000,3950.0000,3947.8000,3952.4000,3952.6000,3952.8000,3953.2000,3953.4000,1,2,1,1,3,2,2,2,3,2
SF,IF2007,2020-06-10 09:34:46.700,3951.8000,18672,0,291835800.000,0,-,-,-,-,3951.2000,3950.6000,3950.2000,3950.0000,3947.8000,3952.4000,3952.6000,3952.8000,3953.2000,3953.4000,1,2,1,1,3,2,2,1,3,2
SF,IF2007,2020-06-10 09:34:47.700,3951.8000,18672,0,291835800.000,0,-,-,-,-,3951.2000,3950.6000,3950.2000,3950.0000,3947.8000,3952.2000,3952.4000,3952.6000,3952.8000,3953.2000,1,2,1,1,3,1,2,2,1,3
SF,IF2007,2020-06-10 09:34:48.700,3951.8000,18672,0,291835800.000,0,-,-,-,-,3950.6000,3950.2000,3950.0000,3947.8000,3947.0000,3952.2000,3952.4000,3952.6000,3952.8000,3953.2000,2,1,1,3,4,1,2,2,1,3
SF,IF2007,2020-06-10 09:34:49.200,3951.8000,18672,0,291835800.000,0,-,-,-,-,3950.8000,3950.6000,3950.2000,3950.0000,3947.8000,3952.0000,3952.2000,3952.4000,3952.6000,3952.8000,1,2,1,1,3,1,1,1,2,1
SF,IF2007,2020-06-10 09:34:49.700,3951.8000,18672,0,291835800.000,0,-,-,-,-,3950.8000,3950.6000,3950.2000,3950.0000,3947.8000,3952.0000,3952.2000,3952.4000,3952.6000,3952.8000,1,2,1,1,3,1,1,1,2,1
SF,IF2007,2020-06-10 09:34:50.200,3951.8000,18672,0,291835800.000,0,-,-,-,-,3950.8000,3950.6000,3950.2000,3950.0000,3947.8000,3951.8000,3952.0000,3952.2000,3952.4000,3952.6000,1,2,1,1,3,1,1,1,1,2
SF,IF2007,2020-06-10 09:34:50.700,3951.8000,18672,0,291835800.000,0,-,-,-,-,3950.8000,3950.2000,3950.0000,3947.8000,3947.0000,3951.8000,3952.0000,3952.2000,3952.4000,3952.6000,1,1,1,3,4,2,1,1,1,2
SF,IF2007,2020-06-10 09:34:51.200,3951.8000,18672,0,291835800.000,0,-,-,-,-,3950.8000,3950.2000,3950.0000,3947.8000,3947.0000,3951.4000,3951.8000,3952.0000,3952.2000,3952.4000,1,1,1,3,4,1,2,1,1,1
SF,IF2007,2020-06-10 09:34:51.700,3951.8000,18672,0,291835800.000,0,-,-,-,-,3950.2000,3950.0000,3947.8000,3947.0000,3946.8000,3950.8000,3951.4000,3951.8000,3952.0000,3952.2000,1,1,3,4,1,1,1,2,2,1
SF,IF2007,2020-06-10 09:34:52.200,3951.8000,18672,0,291835800.000,0,-,-,-,-,3950.2000,3950.0000,3947.8000,3947.0000,3946.8000,3950.8000,3951.2000,3951.4000,3951.8000,3952.0000,1,1,3,4,1,1,1,1,2,1
SF,IF2007,2020-06-10 09:34:52.700,3951.8000,18672,0,291835800.000,0,-,-,-,-,3950.2000,3950.0000,3947.8000,3947.0000,3946.8000,3950.8000,3951.4000,3951.8000,3952.0000,3952.2000,1,1,3,4,1,1,1,1,1,1
SF,IF2007,2020-06-10 09:34:53.200,3950.8000,18672,0,293021040.000,1,0,1,多换,S,3950.2000,3950.0000,3947.8000,3947.0000,3946.8000,3951.4000,3951.8000,3952.0000,3952.2000,3952.4000,1,1,3,4,1,1,1,1,1,1
SF,IF2007,2020-06-10 09:34:53.700,3950.8000,18672,0,294206280.000,1,0,1,多换,S,3950.8000,3950.2000,3950.0000,3947.8000,3947.0000,3951.0000,3951.2000,3951.4000,3951.8000,3952.0000,1,1,1,3,4,1,1,1,1,1
SF,IF2007,2020-06-10 09:34:54.200,3950.8000,18672,0,295391520.000,1,0,1,多换,S,3950.8000,3950.2000,3950.0000,3947.0000,3946.8000,3951.4000,3951.8000,3952.0000,3952.2000,3952.4000,1,1,1,4,1,1,1,1,1,1
SF,IF2007,2020-06-10 09:34:54.700,3950.2000,18672,0,297761820.000,2,1,1,多换,S,3950.0000,3947.0000,3946.8000,3946.2000,3945.8000,3950.8000,3951.2000,3951.4000,3951.8000,3952.0000,1,4,1,1,2,1,4,1,1,1
SF,IF2007,2020-06-10 09:34:55.200,3950.2000,18672,0,297761820.000,0,-,-,-,-,3950.0000,3947.0000,3946.8000,3946.2000,3945.8000,3951.2000,3951.4000,3951.8000,3952.0000,3952.2000,1,4,1,4,2,5,1,1,1,1
SF,IF2007,2020-06-10 09:34:55.700,3950.6000,18672,0,298947000.000,1,0,1,多换,S,3950.0000,3947.0000,3946.8000,3946.2000,3945.8000,3950.8000,3951.2000,3951.4000,3951.8000,3952.0000,1,4,1,4,2,1,5,1,1,1
SF,IF2007,2020-06-10 09:34:56.200,3950.8000,18673,1,301317480.000,2,1,1,空开,S,3950.0000,3947.0000,3946.8000,3946.2000,3945.8000,3951.2000,3951.4000,3951.8000,3952.0000,3952.2000,1,4,1,4,2,4,1,1,1,1
SF,IF2007,2020-06-10 09:34:56.700,3950.8000,18673,0,301317480.000,0,-,-,-,-,3950.8000,3950.0000,3946.8000,3946.2000,3945.8000,3951.0000,3951.2000,3951.4000,3951.8000,3952.0000,1,1,1,4,2,1,3,1,1,1
SF,IF2007,2020-06-10 09:34:57.200,3950.8000,18675,2,303687960.000,2,2,0,双开,S,3950.0000,3949.2000,3946.8000,3946.2000,3945.8000,3951.2000,3951.4000,3951.8000,3952.0000,3952.2000,1,1,1,4,2,3,1,1,1,1
SF,IF2007,2020-06-10 09:34:57.700,3950.8000,18675,0,303687960.000,0,-,-,-,-,3950.0000,3949.2000,3946.8000,3946.4000,3946.2000,3950.8000,3951.0000,3951.2000,3951.4000,3951.8000,1,1,1,4,4,1,1,4,1,1
SF,IF2007,2020-06-10 09:34:58.200,3950.0000,18674,-1,304872960.000,1,0,1,双平,S,3949.2000,3946.8000,3946.4000,3946.2000,3945.8000,3950.6000,3950.8000,3951.2000,3951.4000,3951.8000,1,1,4,4,2,1,1,5,1,1
SF,IF2007,2020-06-10 09:34:58.700,3950.0000,18674,0,304872960.000,0,-,-,-,-,3946.8000,3946.4000,3946.2000,3945.8000,3945.0000,3950.0000,3950.6000,3950.8000,3951.2000,3952.0000,1,4,4,2,5,1,1,1,5,1
SF,IF2007,2020-06-10 09:34:59.200,3950.0000,18674,0,304872960.000,0,-,-,-,-,3947.0000,3946.8000,3946.4000,3946.2000,3945.8000,3949.8000,3950.4000,3950.6000,3950.8000,3951.2000,4,2,4,4,2,1,1,2,1,5
SF,IF2007,2020-06-10 09:34:59.700,3950.6000,18674,0,309613440.000,4,2,2,多换,S,3950.6000,3948.4000,3947.6000,3947.2000,3947.0000,3950.8000,3951.0000,3951.2000,3952.0000,3952.4000,1,1,1,2,5,1,1,5,1,1
SF,IF2007,2020-06-10 09:35:00.200,3950.6000,18674,0,311983800.000,2,1,1,多换,S,3949.8000,3947.6000,3947.2000,3947.0000,3946.8000,3950.6000,3950.8000,3951.0000,3951.2000,3952.0000,1,1,2,5,1,2,1,1,2,1
SF,IF2007,2020-06-10 09:35:00.700,3947.6000,18674,0,314353020.000,2,1,1,多换,S,3947.2000,3947.0000,3946.8000,3946.2000,3945.8000,3949.8000,3950.0000,3950.4000,3950.6000,3951.0000,2,4,1,4,2,1,2,7,1,1
SF,IF2007,2020-06-10 09:35:01.200,3949.8000,18675,1,315537960.000,1,1,0,双开,S,3947.8000,3947.4000,3947.2000,3946.8000,3946.2000,3949.8000,3950.0000,3950.2000,3950.4000,3950.6000,1,4,2,1,4,6,2,1,6,1
SF,IF2007,2020-06-10 09:35:01.700,3949.8000,18675,0,315537960.000,0,-,-,-,-,3948.0000,3947.4000,3947.2000,3946.8000,3946.2000,3949.8000,3950.0000,3950.2000,3950.4000,3950.6000,5,1,1,1,3,6,2,1,6,1
SF,IF2007,2020-06-10 09:35:02.200,3949.8000,18675,0,315537960.000,0,-,-,-,-,3948.0000,3947.4000,3947.2000,3946.8000,3945.8000,3949.6000,3949.8000,3950.0000,3950.2000,3950.4000,5,1,1,1,2,4,6,3,1,4
SF,IF2007,2020-06-10 09:35:02.700,3949.8000,18675,0,315537960.000,0,-,-,-,-,3948.0000,3947.4000,3947.2000,3946.8000,3945.8000,3948.6000,3948.8000,3949.0000,3949.2000,3949.4000,4,2,1,1,2,1,1,1,1,2
SF,IF2007,2020-06-10 09:35:03.200,3948.6000,18674,-1,316722540.000,1,0,1,双平,S,3948.0000,3947.4000,3947.2000,3946.8000,3945.8000,3948.8000,3949.2000,3949.4000,3949.6000,3949.8000,3,2,1,1,2,1,1,1,3,6
SF,IF2007,2020-06-10 09:35:03.700,3948.6000,18674,0,316722540.000,0,-,-,-,-,3948.0000,3947.4000,3947.2000,3946.8000,3945.8000,3948.8000,3949.2000,3949.4000,3949.6000,3949.8000,3,1,1,1,2,1,1,1,3,7
