市场代码,合约代码,时间,最新,持仓,增仓,成交额,成交量,开仓,平仓,成交类型,方向,买一价,买二价,买三价,买四价,买五价,卖一价,卖二价,卖三价,卖四价,卖五价,买一量,买二量,买三量,买四量,买五量,卖一量,卖二量,卖三量,卖四量,卖五量
SF,IF2009,2020-04-13 09:29:00.100,3640.0000,18333,0,5460000.000,5.000,-,-,-,-,3636.0000,3634.4000,3630.6000,3630.2000,3630.0000,3640.0000,3650.0000,3652.0000,3656.0000,3656.4000,1,1,1,1,4,8,12,1,2,1
SF,IF2009,2020-04-13 09:30:00.100,3636.2000,18333,0,6550860.000,1,0,1,多换,S,3636.2000,3636.0000,3634.4000,3630.6000,3630.2000,3637.0000,3638.0000,3640.0000,3650.0000,3652.0000,1,2,1,1,1,1,1,15,12,1
SF,IF2009,2020-04-13 09:30:00.600,3637.0000,18331,-2,9824160.000,3,0,3,多平,S,3637.2000,3636.6000,3636.4000,3636.2000,3636.0000,3638.0000,3638.4000,3638.8000,3639.0000,3640.0000,8,3,11,4,2,1,1,2,1,15
SF,IF2009,2020-04-13 09:30:01.100,3637.0000,18331,0,10915260.000,1,0,1,多换,S,3637.2000,3636.4000,3636.2000,3636.0000,3634.4000,3638.0000,3640.0000,3650.0000,3656.0000,3656.4000,10,4,4,2,1,1,15,12,2,1
SF,IF2009,2020-04-13 09:30:01.600,3637.2000,18331,0,13097820.000,2,1,1,多换,S,3637.4000,3637.2000,3636.4000,3636.2000,3636.0000,3640.0000,3650.0000,3656.0000,3656.4000,3658.6000,1,9,2,3,2,15,12,2,1,1
SF,IF2009,2020-04-13 09:30:02.100,3637.2000,18331,0,13097820.000,0,-,-,-,-,3637.6000,3637.4000,3637.2000,3636.4000,3636.2000,3639.8000,3640.0000,3645.0000,3650.0000,3656.0000,1,1,9,2,3,1,15,5,12,2
SF,IF2009,2020-04-13 09:30:02.600,3637.2000,18331,0,13097820.000,0,-,-,-,-,3637.8000,3637.6000,3637.2000,3636.4000,3636.2000,3639.8000,3640.0000,3650.0000,3656.0000,3656.4000,1,1,9,1,1,1,15,17,2,1
SF,IF2009,2020-04-13 09:30:03.100,3637.2000,18331,0,13097820.000,0,-,-,-,-,3638.2000,3638.0000,3637.8000,3637.2000,3636.4000,3639.8000,3640.0000,3650.0000,3656.0000,3656.4000,1,1,1,9,1,1,15,17,2,1
SF,IF2009,2020-04-13 09:30:03.600,3638.0000,18331,0,14189220.000,1,0,1,多换,S,3637.2000,3636.4000,3636.2000,3636.0000,3634.4000,3638.0000,3639.6000,3639.8000,3640.0000,3650.0000,9,1,1,3,1,1,1,1,15,17
SF,IF2009,2020-04-13 09:30:04.100,3639.6000,18331,0,15281100.000,1,0,1,多换,S,3637.4000,3637.2000,3636.4000,3636.2000,3636.0000,3638.2000,3639.8000,3640.0000,3650.0000,3656.0000,1,9,1,1,3,7,1,15,17,2
SF,IF2009,2020-04-13 09:30:04.600,3638.2000,18326,-5,20738400.000,5,0,5,双平,S,3637.4000,3637.2000,3636.4000,3636.2000,3636.0000,3638.2000,3639.8000,3640.0000,3644.4000,3650.0000,1,9,1,1,3,2,1,15,2,17
SF,IF2009,2020-04-13 09:30:05.100,3638.2000,18325,-1,22921320.000,2,0,2,多平,S,3638.8000,3638.4000,3638.2000,3638.0000,3637.6000,3639.8000,3640.0000,3644.4000,3650.0000,3656.0000,5,15,7,1,3,1,15,2,17,2
SF,IF2009,2020-04-13 09:30:05.600,3638.6000,18323,-2,26196060.000,3,0,3,多平,S,3639.0000,3638.4000,3638.2000,3638.0000,3637.6000,3640.0000,3644.4000,3650.0000,3656.0000,3656.4000,2,15,7,1,3,15,2,17,2,1
SF,IF2009,2020-04-13 09:30:06.100,3639.0000,18321,-2,28379460.000,2,0,2,双平,S,3639.4000,3638.4000,3638.2000,3637.6000,3636.4000,3639.8000,3640.0000,3644.4000,3650.0000,3656.0000,1,15,1,3,1,1,15,2,17,2
SF,IF2009,2020-04-13 09:30:06.600,3639.4000,18321,0,29471280.000,1,0,1,多换,S,3638.4000,3638.2000,3637.6000,3636.4000,3636.2000,3639.8000,3640.0000,3644.4000,3650.0000,3656.0000,15,1,3,1,1,1,15,2,17,2
SF,IF2009,2020-04-13 09:30:07.100,3639.4000,18321,0,29471280.000,0,-,-,-,-,3638.6000,3638.4000,3638.2000,3637.6000,3636.4000,3639.8000,3640.0000,3644.4000,3650.0000,3656.0000,1,15,1,3,1,1,15,2,17,2
SF,IF2009,2020-04-13 09:30:07.600,3639.4000,18321,0,29471280.000,0,-,-,-,-,3638.6000,3638.4000,3638.2000,3637.6000,3636.4000,3639.8000,3640.0000,3644.4000,3650.0000,3656.0000,1,16,1,3,1,1,15,2,17,2
SF,IF2009,2020-04-13 09:30:08.100,3639.4000,18321,0,29471280.000,0,-,-,-,-,3638.6000,3638.4000,3638.2000,3637.6000,3636.2000,3640.0000,3644.4000,3650.0000,3656.0000,3656.4000,1,15,1,3,1,15,2,17,2,1
SF,IF2009,2020-04-13 09:30:08.600,3639.4000,18321,0,29471280.000,0,-,-,-,-,3638.6000,3638.4000,3637.6000,3636.2000,3636.0000,3639.8000,3640.0000,3644.4000,3650.0000,3656.0000,1,15,1,1,3,1,15,2,17,2
SF,IF2009,2020-04-13 09:30:09.100,3639.4000,18321,0,29471280.000,0,-,-,-,-,3638.6000,3638.4000,3636.2000,3636.0000,3634.4000,3640.0000,3644.4000,3650.0000,3656.0000,3656.4000,1,15,1,3,1,15,2,17,2,1
SF,IF2009,2020-04-13 09:30:09.600,3639.4000,18321,0,29471280.000,0,-,-,-,-,3638.6000,3638.4000,3636.2000,3636.0000,3634.4000,3639.8000,3640.0000,3644.4000,3650.0000,3656.0000,1,15,1,3,1,1,15,2,17,2
SF,IF2009,2020-04-13 09:30:10.100,3639.4000,18321,0,29471280.000,0,-,-,-,-,3638.6000,3638.4000,3636.2000,3636.0000,3634.4000,3640.0000,3644.4000,3650.0000,3656.0000,3656.4000,1,15,1,3,1,15,2,17,2,1
SF,IF2009,2020-04-13 09:30:10.600,3639.4000,18321,0,29471280.000,0,-,-,-,-,3639.8000,3638.8000,3638.6000,3638.4000,3636.2000,3640.0000,3644.4000,3650.0000,3656.0000,3656.4000,6,2,1,15,1,15,2,17,2,1
SF,IF2009,2020-04-13 09:30:11.100,3640.0000,18313,-8,38207100.000,8,0,8,双平,S,3639.8000,3638.6000,3638.4000,3636.2000,3636.0000,3640.0000,3644.4000,3650.0000,3656.0000,3656.4000,3,1,15,1,3,10,2,16,2,1
SF,IF2009,2020-04-13 09:30:11.600,3640.0000,18307,-6,44759100.000,6,0,6,双平,S,3639.8000,3638.6000,3638.4000,3636.2000,3636.0000,3640.0000,3644.4000,3650.0000,3656.0000,3656.4000,3,1,15,1,3,4,2,16,2,1
SF,IF2009,2020-04-13 09:30:12.100,3640.0000,18303,-4,49127100.000,4,0,4,双平,S,3640.0000,3638.6000,3638.4000,3636.2000,3636.0000,3644.4000,3650.0000,3656.0000,3656.4000,3665.0000,5,1,15,1,3,2,16,2,1,2
SF,IF2009,2020-04-13 09:30:12.600,3640.0000,18303,0,49127100.000,0,-,-,-,-,3640.2000,3640.0000,3638.4000,3636.2000,3636.0000,3643.2000,3644.2000,3644.4000,3650.0000,3656.0000,1,5,15,1,2,2,4,2,16,2
SF,IF2009,2020-04-13 09:30:13.100,3640.0000,18303,0,49127100.000,0,-,-,-,-,3640.2000,3640.0000,3638.4000,3636.2000,3636.0000,3643.0000,3643.2000,3644.2000,3644.4000,3650.0000,4,5,15,1,2,4,2,1,2,16
SF,IF2009,2020-04-13 09:30:13.600,3640.0000,18303,0,49127100.000,0,-,-,-,-,3640.2000,3640.0000,3638.4000,3636.2000,3636.0000,3643.0000,3643.2000,3644.2000,3644.4000,3650.0000,4,5,15,1,2,4,2,1,2,16
SF,IF2009,2020-04-13 09:30:14.100,3640.0000,18303,0,49127100.000,0,-,-,-,-,3640.2000,3640.0000,3638.4000,3636.2000,3636.0000,3642.0000,3643.0000,3643.2000,3644.2000,3644.4000,1,5,15,1,2,1,4,2,1,2
SF,IF2009,2020-04-13 09:30:14.600,3640.0000,18303,0,49127100.000,0,-,-,-,-,3640.4000,3640.2000,3640.0000,3638.6000,3638.4000,3641.8000,3643.0000,3643.2000,3644.2000,3644.4000,1,1,5,1,15,1,3,2,1,2
SF,IF2009,2020-04-13 09:30:15.100,3640.0000,18303,0,49127100.000,0,-,-,-,-,3640.6000,3640.4000,3640.0000,3638.6000,3638.4000,3643.0000,3643.2000,3644.4000,3650.0000,3656.0000,1,1,5,1,15,3,1,2,16,1
SF,IF2009,2020-04-13 09:30:15.600,3640.0000,18303,0,49127100.000,0,-,-,-,-,3640.6000,3640.4000,3640.0000,3638.6000,3638.4000,3642.8000,3643.0000,3643.2000,3644.4000,3650.0000,2,1,5,1,15,1,1,1,2,16
SF,IF2009,2020-04-13 09:30:16.100,3640.0000,18303,0,49127100.000,0,-,-,-,-,3640.6000,3640.4000,3640.0000,3638.6000,3638.4000,3642.6000,3643.2000,3644.4000,3650.0000,3656.0000,2,1,5,1,15,1,1,2,16,1
SF,IF2009,2020-04-13 09:30:16.600,3640.0000,18303,0,49127100.000,0,-,-,-,-,3640.6000,3640.0000,3638.6000,3638.4000,3636.2000,3642.4000,3642.6000,3643.2000,3644.4000,3650.0000,3,5,1,15,1,1,1,1,2,16
SF,IF2009,2020-04-13 09:30:17.100,3640.0000,18303,0,49127100.000,0,-,-,-,-,3640.6000,3640.0000,3638.6000,3638.4000,3636.2000,3642.6000,3643.2000,3644.4000,3650.0000,3656.0000,3,5,1,15,1,1,1,2,16,1
SF,IF2009,2020-04-13 09:30:17.600,3640.0000,18303,0,49127100.000,0,-,-,-,-,3640.6000,3640.0000,3638.6000,3638.4000,3636.2000,3642.4000,3642.6000,3643.2000,3644.4000,3650.0000,3,5,1,15,1,1,1,1,2,16
SF,IF2009,2020-04-13 09:30:18.100,3642.4000,18302,-1,50219820.000,1,0,1,双平,S,3640.6000,3640.0000,3638.6000,3638.4000,3636.2000,3642.6000,3643.2000,3644.4000,3650.0000,3656.0000,3,5,1,15,1,1,1,2,16,1
SF,IF2009,2020-04-13 09:30:18.600,3642.4000,18302,0,50219820.000,0,-,-,-,-,3640.6000,3640.4000,3640.0000,3638.6000,3638.4000,3642.4000,3642.6000,3643.2000,3644.4000,3650.0000,3,1,5,1,15,1,1,1,2,16
SF,IF2009,2020-04-13 09:30:19.100,3642.4000,18302,0,50219820.000,0,-,-,-,-,3640.8000,3640.6000,3640.0000,3638.6000,3638.4000,3642.4000,3642.6000,3643.2000,3644.4000,3650.0000,1,2,5,1,15,1,1,1,2,16
SF,IF2009,2020-04-13 09:30:19.600,3640.6000,18300,-2,52404240.000,2,0,2,双平,S,3640.6000,3640.0000,3638.6000,3638.4000,3636.2000,3642.4000,3642.6000,3643.2000,3644.4000,3650.0000,1,5,1,15,1,1,1,1,2,16
SF,IF2009,2020-04-13 09:30:20.100,3640.6000,18299,-1,53496420.000,1,0,1,双平,S,3640.0000,3638.6000,3638.4000,3636.2000,3636.0000,3642.2000,3642.4000,3642.6000,3643.2000,3644.4000,5,1,15,1,1,1,1,1,1,2
SF,IF2009,2020-04-13 09:30:20.600,3642.0000,18299,0,54589020.000,1,0,1,多换,S,3640.2000,3640.0000,3638.6000,3638.4000,3636.2000,3642.0000,3642.2000,3643.2000,3644.4000,3650.0000,1,5,1,15,1,2,1,1,2,16
SF,IF2009,2020-04-13 09:30:21.100,3642.0000,18299,0,54589020.000,0,-,-,-,-,3640.2000,3640.0000,3638.6000,3638.4000,3636.2000,3641.8000,3642.0000,3642.2000,3643.2000,3644.4000,1,5,1,15,1,1,1,1,1,2
SF,IF2009,2020-04-13 09:30:21.600,3642.0000,18299,0,54589020.000,0,-,-,-,-,3640.2000,3640.0000,3638.6000,3638.4000,3636.2000,3641.8000,3642.0000,3642.2000,3643.2000,3644.4000,1,5,1,15,1,1,1,1,1,2
SF,IF2009,2020-04-13 09:30:22.100,3640.0000,18301,2,57865080.000,3,2,1,空开,S,3640.0000,3638.6000,3638.4000,3636.2000,3636.0000,3641.8000,3642.0000,3642.2000,3643.2000,3644.4000,3,1,15,1,1,1,1,1,1,2
SF,IF2009,2020-04-13 09:30:22.600,3640.0000,18301,0,57865080.000,0,-,-,-,-,3640.2000,3640.0000,3638.6000,3638.4000,3636.2000,3641.6000,3641.8000,3642.0000,3643.2000,3644.4000,1,3,1,15,1,2,1,1,1,2
SF,IF2009,2020-04-13 09:30:23.100,3640.0000,18301,0,57865080.000,0,-,-,-,-,3640.0000,3638.6000,3638.4000,3636.2000,3636.0000,3641.4000,3641.6000,3642.0000,3643.2000,3644.4000,3,1,15,1,1,1,3,1,1,2
SF,IF2009,2020-04-13 09:30:23.600,3641.2000,18301,0,58957440.000,1,0,1,多换,S,3640.0000,3638.6000,3638.4000,3636.2000,3636.0000,3641.4000,3641.6000,3642.0000,3643.2000,3644.4000,3,1,15,1,1,1,1,1,1,2
SF,IF2009,2020-04-13 09:30:24.100,3640.0000,18301,0,60049440.000,1,0,1,多换,S,3640.0000,3638.6000,3638.4000,3636.2000,3636.0000,3641.4000,3641.6000,3642.0000,3643.2000,3644.4000,2,1,15,1,1,1,1,1,1,2
SF,IF2009,2020-04-13 09:30:24.600,3640.0000,18301,0,61141440.000,1,0,1,多换,S,3640.0000,3638.6000,3638.4000,3636.2000,3636.0000,3640.2000,3641.4000,3641.6000,3642.0000,3643.2000,1,1,15,1,1,1,1,1,1,1
SF,IF2009,2020-04-13 09:30:25.100,3640.0000,18301,0,62233440.000,1,0,1,多换,S,3638.6000,3638.4000,3636.2000,3636.0000,3634.4000,3640.2000,3641.4000,3641.6000,3642.0000,3643.2000,1,15,1,1,1,1,1,1,1,1
SF,IF2009,2020-04-13 09:30:25.600,3640.0000,18301,0,62233440.000,0,-,-,-,-,3638.8000,3638.6000,3638.4000,3636.2000,3636.0000,3640.2000,3641.4000,3641.6000,3642.0000,3643.2000,2,1,15,1,1,1,1,1,1,1
SF,IF2009,2020-04-13 09:30:26.100,3640.0000,18301,0,63325440.000,1,0,1,多换,S,3638.8000,3638.6000,3638.4000,3636.2000,3636.0000,3640.0000,3640.2000,3641.6000,3642.0000,3643.2000,2,1,15,1,1,1,1,1,1,1
SF,IF2009,2020-04-13 09:30:26.600,3640.0000,18301,0,63325440.000,0,-,-,-,-,3638.8000,3638.6000,3638.4000,3636.2000,3636.0000,3640.0000,3640.2000,3641.6000,3642.0000,3643.2000,2,1,15,1,1,1,1,1,1,1
SF,IF2009,2020-04-13 09:30:27.100,3640.0000,18301,0,63325440.000,0,-,-,-,-,3638.8000,3638.6000,3638.4000,3636.2000,3636.0000,3640.0000,3640.2000,3641.6000,3642.0000,3642.2000,2,1,15,1,1,1,1,1,1,1
SF,IF2009,2020-04-13 09:30:27.600,3638.8000,18300,-1,64417080.000,1,0,1,双平,S,3638.8000,3638.6000,3638.4000,3636.2000,3636.0000,3639.8000,3640.0000,3640.2000,3641.6000,3642.0000,1,1,15,1,1,1,1,1,1,1
SF,IF2009,2020-04-13 09:30:28.100,3638.8000,18300,0,64417080.000,0,-,-,-,-,3638.8000,3638.6000,3638.4000,3636.2000,3636.0000,3640.0000,3640.2000,3641.6000,3642.0000,3642.2000,1,1,15,1,1,1,1,1,1,1
SF,IF2009,2020-04-13 09:30:28.600,3638.8000,18300,0,64417080.000,0,-,-,-,-,3638.8000,3638.6000,3638.4000,3636.2000,3636.0000,3639.8000,3640.0000,3640.2000,3641.6000,3642.0000,1,1,15,1,1,1,1,1,1,1
SF,IF2009,2020-04-13 09:30:29.100,3639.6000,18300,0,65508960.000,1,0,1,多换,S,3638.6000,3638.4000,3636.2000,3636.0000,3634.4000,3639.6000,3640.2000,3641.6000,3642.0000,3642.2000,1,15,1,1,1,2,1,1,1,1
SF,IF2009,2020-04-13 09:30:29.600,3639.6000,18300,0,65508960.000,0,-,-,-,-,3638.6000,3638.4000,3636.2000,3636.0000,3634.4000,3639.6000,3640.2000,3641.6000,3642.0000,3642.2000,1,15,1,1,1,2,1,1,1,1
SF,IF2009,2020-04-13 09:30:30.100,3639.6000,18300,0,65508960.000,0,-,-,-,-,3638.6000,3638.4000,3636.2000,3636.0000,3634.4000,3639.6000,3640.2000,3641.6000,3642.0000,3642.2000,2,15,1,1,1,2,1,1,1,1
SF,IF2009,2020-04-13 09:30:30.600,3638.6000,18300,0,67692120.000,2,1,1,多换,S,3638.4000,3636.2000,3636.0000,3634.4000,3634.0000,3638.8000,3639.6000,3640.2000,3641.6000,3642.0000,15,1,1,1,1,1,2,1,1,1
SF,IF2009,2020-04-13 09:30:31.100,3638.4000,18297,-3,84064920.000,15,6,9,多平,S,3636.2000,3636.0000,3634.4000,3634.0000,3633.0000,3638.2000,3638.8000,3639.6000,3640.2000,3641.6000,1,1,1,1,1,4,1,1,1,1
SF,IF2009,2020-04-13 09:30:31.600,3638.4000,18297,0,84064920.000,0,-,-,-,-,3636.4000,3636.2000,3636.0000,3634.4000,3634.0000,3638.0000,3638.2000,3638.8000,3639.6000,3640.2000,2,1,2,1,1,1,4,1,1,1
SF,IF2009,2020-04-13 09:30:32.100,3638.4000,18297,0,84064920.000,0,-,-,-,-,3636.4000,3636.2000,3636.0000,3634.4000,3634.0000,3638.0000,3638.2000,3638.8000,3639.6000,3640.2000,2,1,2,1,1,1,2,1,1,1
SF,IF2009,2020-04-13 09:30:33.100,3638.0000,18296,-1,85156320.000,1,0,1,双平,S,3638.0000,3636.6000,3636.4000,3636.2000,3636.0000,3638.8000,3639.6000,3640.2000,3641.6000,3642.2000,1,1,2,1,2,1,1,1,1,1
SF,IF2009,2020-04-13 09:30:33.600,3638.0000,18297,1,86247720.000,1,1,0,双开,S,3636.4000,3636.2000,3636.0000,3634.4000,3634.0000,3637.8000,3638.6000,3638.8000,3640.2000,3641.6000,1,1,3,1,1,3,2,1,1,1
SF,IF2009,2020-04-13 09:30:34.100,3638.0000,18297,0,86247720.000,0,-,-,-,-,3636.6000,3636.4000,3636.2000,3636.0000,3634.4000,3640.2000,3641.6000,3642.2000,3644.4000,3650.0000,1,1,1,3,1,1,1,2,2,16
SF,IF2009,2020-04-13 09:30:34.600,3638.0000,18297,0,86247720.000,0,-,-,-,-,3636.8000,3636.2000,3636.0000,3634.4000,3634.0000,3639.8000,3640.2000,3641.6000,3642.2000,3644.4000,1,1,3,1,1,1,1,1,2,2
SF,IF2009,2020-04-13 09:30:35.100,3638.0000,18297,0,86247720.000,0,-,-,-,-,3636.8000,3636.2000,3636.0000,3634.4000,3634.0000,3639.6000,3639.8000,3640.2000,3641.6000,3642.2000,1,1,3,1,1,1,1,1,1,2
SF,IF2009,2020-04-13 09:30:35.600,3638.0000,18297,0,86247720.000,0,-,-,-,-,3636.8000,3636.2000,3636.0000,3634.4000,3634.0000,3638.8000,3639.6000,3639.8000,3640.2000,3641.6000,1,1,3,1,1,1,1,1,1,1
SF,IF2009,2020-04-13 09:30:36.100,3638.0000,18297,0,86247720.000,0,-,-,-,-,3636.8000,3636.2000,3636.0000,3634.4000,3634.0000,3638.6000,3638.8000,3639.8000,3640.2000,3641.6000,1,1,3,1,1,2,1,1,1,1
SF,IF2009,2020-04-13 09:30:36.600,3638.0000,18297,0,86247720.000,0,-,-,-,-,3638.0000,3636.8000,3636.2000,3636.0000,3634.4000,3638.6000,3638.8000,3639.8000,3640.2000,3641.6000,1,1,1,3,1,2,1,1,1,1
SF,IF2009,2020-04-13 09:30:37.100,3638.0000,18298,1,88430520.000,2,1,1,空开,S,3636.8000,3636.2000,3636.0000,3634.4000,3634.0000,3637.8000,3638.6000,3638.8000,3639.8000,3641.6000,1,1,3,1,1,1,2,1,1,1
SF,IF2009,2020-04-13 09:30:37.600,3636.8000,18297,-1,89521560.000,1,0,1,双平,S,3636.2000,3636.0000,3634.4000,3634.0000,3633.0000,3638.6000,3638.8000,3639.8000,3641.6000,3642.2000,1,3,1,1,1,1,1,1,1,2
SF,IF2009,2020-04-13 09:30:38.100,3638.6000,18297,0,91704720.000,2,1,1,多换,S,3636.4000,3636.2000,3636.0000,3634.4000,3634.0000,3638.8000,3639.8000,3641.6000,3642.2000,3644.4000,1,1,3,1,1,1,1,1,2,2
SF,IF2009,2020-04-13 09:30:38.600,3638.6000,18297,0,91704720.000,0,-,-,-,-,3636.6000,3636.4000,3636.2000,3636.0000,3634.4000,3638.8000,3639.8000,3641.6000,3642.2000,3644.4000,1,1,1,2,1,1,1,1,2,2
SF,IF2009,2020-04-13 09:30:39.100,3638.6000,18297,0,91704720.000,0,-,-,-,-,3636.6000,3636.4000,3636.2000,3636.0000,3634.4000,3638.6000,3638.8000,3639.8000,3641.6000,3642.2000,1,1,1,2,1,1,1,1,1,2
SF,IF2009,2020-04-13 09:30:39.600,3638.6000,18297,0,91704720.000,0,-,-,-,-,3636.8000,3636.6000,3636.4000,3636.2000,3636.0000,3638.4000,3638.6000,3638.8000,3639.8000,3641.6000,1,1,1,1,2,1,1,1,1,1
SF,IF2009,2020-04-13 09:30:40.100,3638.6000,18297,0,91704720.000,0,-,-,-,-,3637.0000,3636.4000,3636.2000,3636.0000,3634.4000,3638.2000,3638.8000,3639.8000,3641.6000,3642.2000,1,1,1,2,1,1,1,1,1,2
SF,IF2009,2020-04-13 09:30:40.600,3638.6000,18297,0,91704720.000,0,-,-,-,-,3638.6000,3637.0000,3636.4000,3636.2000,3636.0000,3638.8000,3639.8000,3641.6000,3642.2000,3644.4000,1,1,1,1,2,1,1,1,2,2
SF,IF2009,2020-04-13 09:30:41.100,3638.6000,18297,0,92796300.000,1,0,1,多换,S,3636.4000,3636.2000,3636.0000,3634.4000,3634.0000,3638.4000,3638.6000,3638.8000,3639.8000,3641.6000,1,1,2,1,1,1,1,1,1,1
SF,IF2009,2020-04-13 09:30:41.600,3638.6000,18297,0,92796300.000,0,-,-,-,-,3636.6000,3636.4000,3636.2000,3636.0000,3634.4000,3638.2000,3638.4000,3638.8000,3639.8000,3641.6000,2,1,1,2,1,1,1,1,1,1
SF,IF2009,2020-04-13 09:30:42.100,3638.6000,18297,0,92796300.000,0,-,-,-,-,3636.6000,3636.4000,3636.2000,3636.0000,3634.4000,3638.8000,3639.8000,3641.6000,3642.2000,3644.4000,2,1,1,2,1,1,1,1,2,2
SF,IF2009,2020-04-13 09:30:42.600,3636.6000,18293,-4,97160400.000,4,0,4,双平,S,3636.6000,3636.4000,3636.2000,3636.0000,3634.4000,3638.6000,3639.8000,3641.6000,3642.2000,3644.4000,1,1,1,2,1,1,1,1,2,2
SF,IF2009,2020-04-13 09:30:43.100,3636.6000,18293,0,97160400.000,0,-,-,-,-,3636.8000,3636.4000,3636.2000,3636.0000,3634.4000,3638.4000,3638.6000,3638.8000,3639.8000,3641.6000,1,1,1,2,1,1,1,1,1,1
SF,IF2009,2020-04-13 09:30:43.600,3636.6000,18293,0,97160400.000,0,-,-,-,-,3637.0000,3636.2000,3636.0000,3634.4000,3634.0000,3638.6000,3639.8000,3641.6000,3642.2000,3644.4000,1,1,2,1,1,1,1,1,2,2
SF,IF2009,2020-04-13 09:30:44.100,3638.6000,18293,0,98251980.000,1,0,1,多换,S,3637.2000,3636.2000,3636.0000,3634.4000,3634.0000,3639.8000,3641.6000,3642.2000,3644.4000,3650.0000,1,1,2,1,1,1,1,2,2,16
SF,IF2009,2020-04-13 09:30:44.600,3638.6000,18293,0,98251980.000,0,-,-,-,-,3638.4000,3638.2000,3637.4000,3636.8000,3636.2000,3639.8000,3641.6000,3642.2000,3644.4000,3650.0000,1,1,1,1,1,1,1,2,2,16
SF,IF2009,2020-04-13 09:30:45.100,3638.6000,18293,0,98251980.000,0,-,-,-,-,3638.4000,3638.2000,3637.4000,3636.8000,3636.6000,3639.6000,3639.8000,3641.6000,3642.2000,3644.4000,1,1,1,1,1,2,1,1,2,2
SF,IF2009,2020-04-13 09:30:45.600,3638.6000,18293,0,98251980.000,0,-,-,-,-,3638.4000,3638.2000,3637.4000,3636.8000,3636.6000,3639.6000,3639.8000,3641.6000,3642.2000,3644.4000,1,1,1,1,1,2,1,1,2,2
SF,IF2009,2020-04-13 09:30:46.100,3638.4000,18292,-1,99343500.000,1,0,1,双平,S,3638.2000,3637.4000,3636.8000,3636.6000,3636.2000,3638.8000,3639.6000,3639.8000,3641.6000,3642.2000,1,1,1,1,1,1,2,1,1,2
SF,IF2009,2020-04-13 09:30:46.600,3638.2000,18292,0,100434960.000,1,0,1,多换,S,3638.2000,3637.4000,3636.8000,3636.6000,3636.2000,3639.6000,3641.6000,3642.2000,3644.4000,3650.0000,1,1,1,1,1,1,1,2,2,16
SF,IF2009,2020-04-13 09:30:47.100,3638.2000,18292,0,100434960.000,0,-,-,-,-,3638.2000,3637.4000,3636.8000,3636.6000,3636.2000,3639.4000,3639.6000,3641.6000,3642.2000,3644.4000,1,1,1,1,1,1,1,1,2,2
SF,IF2009,2020-04-13 09:30:47.600,3638.2000,18292,0,100434960.000,0,-,-,-,-,3638.2000,3637.4000,3636.8000,3636.6000,3636.2000,3638.8000,3639.2000,3641.6000,3642.2000,3644.4000,1,1,1,1,1,1,2,1,2,2
SF,IF2009,2020-04-13 09:30:48.100,3639.2000,18292,0,101526720.000,1,0,1,多换,S,3638.2000,3637.4000,3636.8000,3636.6000,3636.2000,3641.6000,3642.2000,3644.4000,3648.0000,3650.0000,1,1,1,1,1,1,2,2,1,16
SF,IF2009,2020-04-13 09:30:48.600,3639.2000,18292,0,101526720.000,0,-,-,-,-,3638.4000,3638.2000,3636.8000,3636.2000,3636.0000,3641.4000,3641.6000,3642.2000,3644.4000,3648.0000,1,1,1,1,2,1,2,2,2,1
SF,IF2009,2020-04-13 09:30:49.100,3639.2000,18292,0,101526720.000,0,-,-,-,-,3638.4000,3638.2000,3636.2000,3636.0000,3634.4000,3641.2000,3641.4000,3641.6000,3642.2000,3644.4000,1,1,1,2,1,2,1,1,2,2
SF,IF2009,2020-04-13 09:30:49.600,3639.2000,18292,0,101526720.000,0,-,-,-,-,3638.4000,3638.2000,3636.6000,3636.2000,3636.0000,3640.2000,3641.0000,3641.2000,3641.6000,3642.2000,1,1,1,1,2,2,1,2,1,2
SF,IF2009,2020-04-13 09:30:50.100,3639.2000,18292,0,101526720.000,0,-,-,-,-,3638.6000,3638.4000,3638.2000,3636.6000,3636.2000,3640.0000,3640.2000,3641.0000,3641.2000,3641.6000,1,1,1,1,1,2,2,1,1,1
SF,IF2009,2020-04-13 09:30:50.600,3640.0000,18292,0,102618720.000,1,0,1,多换,S,3638.8000,3638.2000,3636.6000,3636.2000,3636.0000,3640.2000,3641.0000,3641.2000,3641.6000,3642.2000,2,1,1,1,2,2,1,1,1,2
SF,IF2009,2020-04-13 09:30:51.100,3640.0000,18292,0,102618720.000,0,-,-,-,-,3638.8000,3638.2000,3636.6000,3636.2000,3636.0000,3640.2000,3641.0000,3641.2000,3641.6000,3642.2000,2,1,1,1,2,2,1,1,1,2
SF,IF2009,2020-04-13 09:30:52.100,3640.0000,18292,0,102618720.000,0,-,-,-,-,3638.8000,3638.2000,3636.6000,3636.2000,3636.0000,3640.2000,3641.0000,3641.2000,3642.2000,3644.4000,2,1,1,1,2,2,1,1,2,2
SF,IF2009,2020-04-13 09:30:52.600,3640.0000,18292,0,102618720.000,0,-,-,-,-,3638.8000,3638.2000,3636.6000,3636.2000,3636.0000,3640.0000,3640.2000,3641.0000,3641.2000,3642.2000,2,1,1,1,2,1,2,1,1,2
SF,IF2009,2020-04-13 09:30:53.100,3640.0000,18292,0,102618720.000,0,-,-,-,-,3638.8000,3638.2000,3636.6000,3636.2000,3636.0000,3640.2000,3641.0000,3641.2000,3642.2000,3644.4000,2,1,1,1,2,2,1,1,2,2
SF,IF2009,2020-04-13 09:30:53.600,3640.2000,18293,1,103710780.000,1,1,0,双开,S,3640.0000,3638.8000,3638.2000,3636.6000,3636.2000,3640.2000,3641.0000,3641.2000,3642.2000,3644.4000,1,2,1,1,1,1,1,1,2,2
SF,IF2009,2020-04-13 09:30:54.100,3640.0000,18292,-1,104802780.000,1,0,1,双平,S,3639.0000,3638.8000,3638.2000,3636.6000,3636.2000,3640.2000,3641.0000,3641.2000,3642.2000,3644.4000,1,1,1,1,1,1,1,1,2,2
SF,IF2009,2020-04-13 09:30:54.600,3640.0000,18292,0,104802780.000,0,-,-,-,-,3639.0000,3638.8000,3638.2000,3636.6000,3636.2000,3640.0000,3640.2000,3641.0000,3641.2000,3642.2000,1,1,1,1,1,1,1,1,1,1
SF,IF2009,2020-04-13 09:30:55.100,3640.2000,18293,1,106986840.000,2,1,1,空开,S,3640.2000,3638.8000,3638.2000,3636.6000,3636.2000,3641.0000,3641.2000,3642.2000,3644.4000,3648.0000,1,1,1,1,1,2,1,1,2,1
SF,IF2009,2020-04-13 09:30:55.600,3640.2000,18293,0,108078900.000,1,0,1,多换,S,3638.8000,3638.2000,3636.6000,3636.2000,3636.0000,3640.8000,3641.0000,3641.2000,3642.2000,3644.4000,1,1,1,1,2,1,1,1,1,2
SF,IF2009,2020-04-13 09:30:56.100,3640.2000,18293,0,108078900.000,0,-,-,-,-,3639.0000,3638.8000,3638.2000,3636.6000,3636.2000,3640.8000,3641.0000,3641.2000,3642.2000,3644.4000,1,1,1,1,1,1,1,1,1,2
SF,IF2009,2020-04-13 09:30:56.600,3640.2000,18293,0,108078900.000,0,-,-,-,-,3639.2000,3639.0000,3638.2000,3636.6000,3636.2000,3641.0000,3641.2000,3642.2000,3644.4000,3648.0000,2,1,1,1,1,1,1,1,2,1
SF,IF2009,2020-04-13 09:30:57.100,3640.2000,18293,0,108078900.000,0,-,-,-,-,3639.6000,3639.2000,3639.0000,3638.6000,3638.2000,3640.8000,3641.0000,3642.2000,3644.4000,3648.0000,1,2,1,1,1,1,1,1,2,1
SF,IF2009,2020-04-13 09:30:57.600,3640.2000,18293,0,108078900.000,0,-,-,-,-,3639.6000,3639.2000,3638.6000,3638.2000,3636.6000,3640.8000,3641.0000,3642.2000,3644.4000,3648.0000,1,1,1,1,1,1,1,1,2,1
SF,IF2009,2020-04-13 09:30:58.100,3640.8000,18292,-1,110263020.000,2,0,2,多平,S,3639.2000,3638.6000,3638.2000,3636.6000,3636.2000,3641.0000,3642.2000,3644.4000,3648.0000,3650.0000,1,1,1,1,1,1,1,2,1,16
SF,IF2009,2020-04-13 09:30:58.600,3640.8000,18292,0,110263020.000,0,-,-,-,-,3639.4000,3639.2000,3638.6000,3638.2000,3636.6000,3640.8000,3641.0000,3642.2000,3644.4000,3648.0000,1,1,1,1,1,1,1,1,2,1
SF,IF2009,2020-04-13 09:30:59.100,3640.8000,18292,0,110263020.000,0,-,-,-,-,3639.6000,3638.6000,3638.2000,3636.6000,3636.2000,3641.0000,3642.2000,3644.4000,3645.0000,3648.0000,2,1,1,1,1,1,1,2,7,1
SF,IF2009,2020-04-13 09:30:59.600,3639.6000,18291,-1,111354900.000,1,0,1,双平,S,3639.6000,3638.6000,3638.2000,3636.6000,3636.2000,3640.8000,3641.0000,3642.2000,3644.4000,3645.0000,1,1,1,1,1,1,1,1,2,7
SF,IF2009,2020-04-13 09:31:00.100,3639.6000,18291,0,111354900.000,0,-,-,-,-,3638.6000,3638.2000,3636.6000,3636.2000,3636.0000,3640.6000,3640.8000,3641.0000,3642.2000,3644.4000,1,1,1,1,2,1,1,1,1,2
SF,IF2009,2020-04-13 09:31:00.600,3639.6000,18291,0,111354900.000,0,-,-,-,-,3638.8000,3638.6000,3638.2000,3636.6000,3636.2000,3640.6000,3641.0000,3642.2000,3644.4000,3645.0000,2,1,1,1,1,1,1,1,2,7
SF,IF2009,2020-04-13 09:31:01.100,3639.6000,18291,0,111354900.000,0,-,-,-,-,3638.8000,3638.6000,3638.2000,3636.6000,3636.2000,3640.4000,3640.6000,3641.0000,3642.2000,3644.4000,2,1,1,1,1,1,1,1,1,2
SF,IF2009,2020-04-13 09:31:01.600,3640.4000,18291,0,112447020.000,1,0,1,多换,S,3638.8000,3638.6000,3638.2000,3636.6000,3636.2000,3640.6000,3641.0000,3642.2000,3644.4000,3645.0000,3,1,1,1,1,1,1,1,2,7
SF,IF2009,2020-04-13 09:31:02.100,3640.4000,18291,0,112447020.000,0,-,-,-,-,3638.8000,3638.6000,3638.2000,3636.6000,3636.2000,3640.0000,3640.4000,3640.6000,3641.0000,3642.2000,3,1,1,1,1,1,1,1,1,1
SF,IF2009,2020-04-13 09:31:02.600,3640.4000,18291,0,113539140.000,1,0,1,多换,S,3638.8000,3638.6000,3638.2000,3636.6000,3636.2000,3639.8000,3640.0000,3640.6000,3641.0000,3642.2000,2,1,1,1,1,1,1,1,1,1
SF,IF2009,2020-04-13 09:31:03.100,3640.4000,18291,0,113539140.000,0,-,-,-,-,3638.8000,3638.6000,3638.2000,3636.6000,3636.2000,3639.8000,3640.0000,3641.0000,3642.2000,3644.4000,2,1,1,1,1,1,1,1,1,2
SF,IF2009,2020-04-13 09:31:03.600,3640.4000,18291,0,113539140.000,0,-,-,-,-,3638.8000,3638.6000,3638.2000,3636.6000,3636.2000,3639.8000,3640.0000,3641.0000,3642.2000,3644.4000,1,1,1,1,1,1,1,1,1,2
SF,IF2009,2020-04-13 09:31:04.100,3639.8000,18292,1,115722720.000,2,1,1,空开,S,3638.6000,3638.2000,3636.6000,3636.2000,3636.0000,3640.0000,3641.0000,3642.2000,3644.4000,3645.0000,1,1,1,1,3,1,1,1,2,7
SF,IF2009,2020-04-13 09:31:04.600,3639.8000,18292,0,115722720.000,0,-,-,-,-,3639.8000,3638.8000,3638.6000,3638.2000,3636.6000,3640.0000,3641.0000,3642.2000,3644.4000,3645.0000,1,1,1,1,1,1,1,1,2,7
SF,IF2009,2020-04-13 09:31:05.100,3640.0000,18291,-1,116814720.000,1,0,1,双平,S,3639.8000,3638.8000,3638.6000,3638.2000,3636.6000,3641.0000,3642.2000,3644.4000,3645.0000,3648.0000,1,1,1,1,1,1,1,2,7,1
SF,IF2009,2020-04-13 09:31:05.600,3640.0000,18291,0,116814720.000,0,-,-,-,-,3639.8000,3638.8000,3638.6000,3638.2000,3636.6000,3640.8000,3641.0000,3642.2000,3644.4000,3645.0000,1,1,1,1,1,1,1,1,2,7
SF,IF2009,2020-04-13 09:31:06.600,3639.8000,18293,2,118998600.000,2,2,0,双开,S,3638.8000,3638.6000,3638.2000,3636.6000,3636.2000,3639.6000,3640.8000,3641.0000,3642.2000,3644.4000,1,1,1,1,1,5,1,1,1,2
SF,IF2009,2020-04-13 09:31:07.100,3639.8000,18293,0,118998600.000,0,-,-,-,-,3638.8000,3638.6000,3638.2000,3638.0000,3636.6000,3640.8000,3641.0000,3642.2000,3644.4000,3645.0000,1,1,1,1,1,1,1,1,2,7
SF,IF2009,2020-04-13 09:31:07.600,3639.8000,18293,0,118998600.000,0,-,-,-,-,3638.6000,3638.2000,3638.0000,3636.6000,3636.2000,3640.6000,3640.8000,3641.0000,3642.2000,3644.4000,1,1,1,1,1,1,1,1,1,2
SF,IF2009,2020-04-13 09:31:08.100,3639.8000,18293,0,118998600.000,0,-,-,-,-,3638.8000,3638.6000,3638.2000,3638.0000,3636.6000,3640.4000,3640.6000,3641.0000,3642.2000,3644.4000,2,1,1,1,1,1,1,1,1,2
SF,IF2009,2020-04-13 09:31:08.600,3639.8000,18293,0,118998600.000,0,-,-,-,-,3638.8000,3638.6000,3638.2000,3638.0000,3636.6000,3640.2000,3640.4000,3640.6000,3641.0000,3642.2000,2,1,1,1,1,1,2,1,1,1
SF,IF2009,2020-04-13 09:31:09.100,3640.2000,18292,-1,121182300.000,2,0,2,多平,S,3638.8000,3638.6000,3638.2000,3638.0000,3636.6000,3640.4000,3640.6000,3641.0000,3642.2000,3644.4000,1,1,1,1,1,2,1,1,1,2
SF,IF2009,2020-04-13 09:31:09.600,3640.2000,18292,0,121182300.000,0,-,-,-,-,3638.6000,3638.2000,3638.0000,3636.6000,3636.2000,3640.0000,3640.2000,3640.4000,3640.6000,3641.0000,1,1,1,1,1,1,1,1,1,1
SF,IF2009,2020-04-13 09:31:10.100,3640.2000,18292,0,121182300.000,0,-,-,-,-,3638.8000,3638.6000,3638.2000,3638.0000,3636.6000,3640.0000,3640.4000,3640.6000,3641.0000,3642.2000,2,1,1,1,1,1,1,1,1,1
SF,IF2009,2020-04-13 09:31:10.600,3640.2000,18292,0,121182300.000,0,-,-,-,-,3638.8000,3638.6000,3638.2000,3638.0000,3636.6000,3639.8000,3640.0000,3640.4000,3640.6000,3641.0000,1,1,1,1,1,1,1,1,1,1
SF,IF2009,2020-04-13 09:31:11.100,3640.2000,18292,0,121182300.000,0,-,-,-,-,3638.6000,3638.2000,3638.0000,3636.6000,3636.2000,3639.8000,3640.0000,3640.4000,3640.6000,3641.0000,1,1,1,1,1,1,1,1,1,1
SF,IF2009,2020-04-13 09:31:11.600,3640.2000,18292,0,121182300.000,0,-,-,-,-,3638.6000,3638.2000,3638.0000,3636.6000,3636.2000,3639.8000,3640.0000,3640.4000,3640.6000,3641.0000,1,1,1,1,1,1,1,1,1,1
SF,IF2009,2020-04-13 09:31:12.100,3640.2000,18292,0,121182300.000,0,-,-,-,-,3638.6000,3638.2000,3638.0000,3636.6000,3636.2000,3639.8000,3640.4000,3640.6000,3641.0000,3642.2000,1,1,1,1,1,1,1,1,1,1
SF,IF2009,2020-04-13 09:31:12.600,3640.2000,18292,0,121182300.000,0,-,-,-,-,3638.6000,3638.2000,3638.0000,3636.6000,3636.2000,3639.6000,3639.8000,3640.4000,3640.6000,3641.0000,1,1,1,1,1,2,1,1,1,1
SF,IF2009,2020-04-13 09:31:13.100,3640.2000,18292,0,121182300.000,0,-,-,-,-,3638.6000,3638.2000,3638.0000,3636.6000,3636.2000,3639.4000,3639.6000,3640.4000,3640.6000,3641.0000,1,1,1,1,1,1,2,1,1,1
SF,IF2009,2020-04-13 09:31:13.600,3638.6000,18292,0,122273880.000,1,0,1,多换,S,3638.2000,3638.0000,3636.6000,3636.2000,3636.0000,3638.4000,3639.4000,3639.6000,3640.4000,3641.0000,1,1,1,1,3,4,2,2,1,1
SF,IF2009,2020-04-13 09:31:14.100,3638.6000,18292,0,123365460.000,1,0,1,多换,S,3638.2000,3638.0000,3636.6000,3636.2000,3636.0000,3639.4000,3639.6000,3640.4000,3641.0000,3642.2000,1,1,1,1,3,2,2,1,1,1
SF,IF2009,2020-04-13 09:31:14.600,3639.2000,18293,1,125548680.000,2,1,1,空开,S,3638.4000,3638.0000,3636.6000,3636.2000,3636.0000,3639.4000,3639.6000,3640.4000,3641.0000,3642.2000,1,1,1,1,3,2,2,1,1,1
SF,IF2009,2020-04-13 09:31:15.100,3639.2000,18293,0,125548680.000,0,-,-,-,-,3638.4000,3638.0000,3636.6000,3636.2000,3636.0000,3639.4000,3639.6000,3640.4000,3641.0000,3642.2000,1,1,1,1,3,2,2,1,1,1
SF,IF2009,2020-04-13 09:31:15.600,3639.2000,18293,0,125548680.000,0,-,-,-,-,3638.4000,3638.2000,3638.0000,3636.6000,3636.2000,3639.4000,3639.6000,3640.4000,3641.0000,3642.2000,1,1,1,1,1,2,2,1,1,1
SF,IF2009,2020-04-13 09:31:16.100,3639.2000,18293,0,125548680.000,0,-,-,-,-,3638.4000,3638.2000,3638.0000,3636.6000,3636.2000,3639.2000,3639.4000,3639.6000,3640.4000,3641.0000,1,1,1,1,1,1,1,2,1,1
SF,IF2009,2020-04-13 09:31:16.600,3639.2000,18293,0,125548680.000,0,-,-,-,-,3638.4000,3638.2000,3638.0000,3636.6000,3636.2000,3639.2000,3639.6000,3640.4000,3641.0000,3642.2000,1,1,1,1,1,1,2,1,1,1
SF,IF2009,2020-04-13 09:31:17.100,3639.2000,18294,1,126640440.000,1,1,0,双开,S,3638.6000,3638.4000,3638.2000,3638.0000,3636.6000,3639.6000,3640.4000,3641.0000,3642.2000,3644.4000,1,1,1,1,1,2,1,1,1,2
SF,IF2009,2020-04-13 09:31:17.600,3639.2000,18294,0,126640440.000,0,-,-,-,-,3638.4000,3638.2000,3638.0000,3636.6000,3636.2000,3639.6000,3640.4000,3641.0000,3642.2000,3644.4000,1,1,1,1,1,2,1,1,1,2
SF,IF2009,2020-04-13 09:31:18.100,3639.2000,18294,0,126640440.000,0,-,-,-,-,3638.6000,3638.4000,3638.2000,3638.0000,3636.6000,3639.6000,3640.4000,3641.0000,3642.2000,3644.4000,1,1,1,2,1,2,1,1,1,2
SF,IF2009,2020-04-13 09:31:18.600,3639.6000,18294,0,128824200.000,2,1,1,多换,S,3638.8000,3638.2000,3638.0000,3636.6000,3636.2000,3640.4000,3641.0000,3642.2000,3644.4000,3645.0000,2,1,2,1,1,1,1,1,2,7
SF,IF2009,2020-04-13 09:31:19.100,3639.6000,18294,0,128824200.000,0,-,-,-,-,3638.8000,3638.2000,3638.0000,3636.6000,3636.2000,3641.0000,3642.2000,3644.4000,3645.0000,3648.0000,2,1,2,1,1,1,1,2,7,1
SF,IF2009,2020-04-13 09:31:19.600,3639.6000,18294,0,128824200.000,0,-,-,-,-,3638.8000,3638.2000,3638.0000,3636.6000,3636.2000,3640.8000,3641.0000,3642.2000,3644.4000,3645.0000,1,1,2,1,1,1,1,1,2,7
SF,IF2009,2020-04-13 09:31:20.100,3639.6000,18294,0,128824200.000,0,-,-,-,-,3640.4000,3639.0000,3638.8000,3638.2000,3638.0000,3640.8000,3641.0000,3642.2000,3644.4000,3645.0000,1,1,1,1,2,1,1,1,2,7
SF,IF2009,2020-04-13 09:31:20.600,3639.6000,18294,0,128824200.000,0,-,-,-,-,3640.4000,3638.8000,3638.2000,3638.0000,3636.6000,3640.8000,3641.0000,3642.2000,3644.4000,3645.0000,1,1,1,2,1,1,1,1,2,7
SF,IF2009,2020-04-13 09:31:21.100,3640.4000,18294,0,129916320.000,1,0,1,多换,S,3638.8000,3638.2000,3638.0000,3636.6000,3636.2000,3640.8000,3641.0000,3642.2000,3644.4000,3645.0000,1,1,2,1,1,1,1,1,2,7
SF,IF2009,2020-04-13 09:31:21.600,3640.4000,18294,0,129916320.000,0,-,-,-,-,3639.0000,3638.8000,3638.2000,3638.0000,3636.6000,3640.2000,3640.8000,3641.0000,3642.2000,3644.4000,1,1,1,2,1,3,1,1,1,2
SF,IF2009,2020-04-13 09:31:22.100,3640.4000,18294,0,129916320.000,0,-,-,-,-,3639.2000,3638.8000,3638.2000,3638.0000,3636.6000,3640.0000,3640.2000,3641.0000,3642.2000,3644.4000,1,1,1,2,1,1,3,1,1,2
SF,IF2009,2020-04-13 09:31:22.600,3640.4000,18294,0,131008440.000,1,0,1,多换,S,3639.4000,3638.8000,3638.2000,3638.0000,3636.6000,3640.2000,3641.0000,3642.2000,3644.4000,3645.0000,1,1,1,2,1,3,1,1,2,7
SF,IF2009,2020-04-13 09:31:23.100,3640.4000,18294,0,131008440.000,0,-,-,-,-,3638.8000,3638.2000,3638.0000,3636.6000,3636.2000,3641.0000,3642.2000,3644.4000,3645.0000,3646.0000,1,1,2,1,1,1,1,2,7,1
SF,IF2009,2020-04-13 09:31:23.600,3640.4000,18294,0,131008440.000,0,-,-,-,-,3638.8000,3638.2000,3638.0000,3636.6000,3636.2000,3640.8000,3641.0000,3642.2000,3644.4000,3645.0000,1,1,2,1,1,2,1,1,2,7
SF,IF2009,2020-04-13 09:31:24.100,3640.4000,18294,0,131008440.000,0,-,-,-,-,3639.0000,3638.8000,3638.2000,3638.0000,3636.6000,3639.8000,3640.8000,3641.0000,3642.2000,3644.4000,1,1,1,2,1,3,1,1,1,2
SF,IF2009,2020-04-13 09:31:24.600,3639.8000,18291,-3,134284260.000,3,0,3,双平,S,3639.2000,3638.2000,3638.0000,3636.6000,3636.2000,3640.8000,3641.0000,3642.2000,3644.4000,3645.0000,2,1,2,1,1,1,1,1,2,7
SF,IF2009,2020-04-13 09:31:25.100,3639.8000,18291,0,134284260.000,0,-,-,-,-,3639.2000,3638.2000,3638.0000,3636.6000,3636.2000,3641.0000,3642.2000,3644.4000,3645.0000,3646.0000,2,1,2,1,1,1,1,2,7,1
SF,IF2009,2020-04-13 09:31:25.600,3639.8000,18291,0,134284260.000,0,-,-,-,-,3639.2000,3638.2000,3638.0000,3636.6000,3636.2000,3640.8000,3641.0000,3642.2000,3644.4000,3645.0000,2,1,2,1,1,1,1,1,2,7
SF,IF2009,2020-04-13 09:31:26.100,3639.8000,18291,0,134284260.000,0,-,-,-,-,3639.8000,3639.2000,3638.2000,3638.0000,3636.6000,3640.8000,3641.0000,3642.2000,3644.4000,3645.0000,1,2,1,2,1,1,1,1,2,7
SF,IF2009,2020-04-13 09:31:26.600,3639.8000,18291,0,135376200.000,1,0,1,多换,S,3639.2000,3638.2000,3638.0000,3636.6000,3636.2000,3640.8000,3641.0000,3642.2000,3644.4000,3645.0000,1,1,2,1,1,1,1,1,2,7
SF,IF2009,2020-04-13 09:31:27.100,3639.8000,18291,0,135376200.000,0,-,-,-,-,3639.4000,3639.2000,3638.2000,3638.0000,3636.6000,3640.8000,3641.0000,3642.2000,3644.4000,3645.0000,1,1,1,2,1,1,1,1,2,7
SF,IF2009,2020-04-13 09:31:27.600,3639.8000,18291,0,135376200.000,0,-,-,-,-,3639.6000,3638.6000,3638.2000,3638.0000,3636.6000,3640.8000,3641.0000,3642.2000,3644.4000,3645.0000,2,1,1,2,1,1,1,1,2,7
SF,IF2009,2020-04-13 09:31:28.100,3639.8000,18291,0,135376200.000,0,-,-,-,-,3640.8000,3639.6000,3638.6000,3638.2000,3638.0000,3641.0000,3642.2000,3644.4000,3645.0000,3646.0000,1,2,1,1,2,1,1,2,7,1
SF,IF2009,2020-04-13 09:31:28.600,3639.8000,18291,0,135376200.000,0,-,-,-,-,3640.8000,3639.6000,3638.6000,3638.2000,3638.0000,3641.0000,3642.2000,3644.4000,3645.0000,3646.0000,1,1,1,1,2,1,1,2,7,1
SF,IF2009,2020-04-13 09:31:29.100,3641.0000,18291,0,136468500.000,1,0,1,多换,S,3640.8000,3639.6000,3638.6000,3638.2000,3638.0000,3642.2000,3644.4000,3645.0000,3646.0000,3648.0000,1,1,1,1,2,1,2,7,1,1
SF,IF2009,2020-04-13 09:31:29.600,3641.0000,18291,0,136468500.000,0,-,-,-,-,3640.8000,3640.6000,3639.8000,3639.6000,3638.6000,3641.6000,3642.0000,3642.2000,3644.4000,3645.0000,1,1,2,1,1,1,2,1,2,7
SF,IF2009,2020-04-13 09:31:30.100,3641.0000,18291,0,136468500.000,0,-,-,-,-,3641.0000,3640.8000,3640.6000,3639.8000,3639.6000,3641.6000,3642.0000,3642.2000,3644.4000,3645.0000,2,1,1,2,1,1,2,1,2,7
SF,IF2009,2020-04-13 09:31:30.600,3641.0000,18290,-1,138653100.000,2,0,2,多平,S,3640.8000,3640.6000,3639.8000,3639.6000,3638.6000,3641.0000,3641.6000,3642.0000,3642.2000,3644.4000,1,1,2,1,1,7,1,2,1,2
SF,IF2009,2020-04-13 09:31:31.100,3640.8000,18291,1,140837580.000,2,1,1,空开,S,3640.6000,3639.8000,3639.6000,3638.6000,3638.2000,3640.8000,3641.0000,3641.6000,3642.0000,3642.2000,1,2,1,1,1,2,8,1,2,1
SF,IF2009,2020-04-13 09:31:31.600,3641.0000,18286,-5,146298660.000,5,0,5,双平,S,3640.0000,3639.8000,3638.6000,3638.2000,3638.0000,3641.0000,3641.6000,3642.0000,3642.2000,3644.4000,1,2,1,1,2,6,1,2,1,2
SF,IF2009,2020-04-13 09:31:32.100,3641.0000,18286,0,146298660.000,0,-,-,-,-,3640.8000,3640.2000,3640.0000,3639.8000,3638.6000,3641.0000,3641.6000,3642.0000,3642.2000,3644.4000,1,1,1,2,1,7,1,2,1,2
SF,IF2009,2020-04-13 09:31:32.600,3640.8000,18286,0,147390900.000,1,0,1,多换,S,3640.2000,3640.0000,3639.8000,3638.6000,3638.2000,3640.6000,3640.8000,3641.0000,3641.6000,3642.0000,1,1,2,1,1,1,1,7,1,2
SF,IF2009,2020-04-13 09:31:33.100,3641.0000,18286,0,148483200.000,1,0,1,多换,S,3640.8000,3640.2000,3640.0000,3639.8000,3638.6000,3641.0000,3641.6000,3642.0000,3642.2000,3644.4000,1,1,1,2,1,5,1,2,1,2
SF,IF2009,2020-04-13 09:31:33.600,3640.8000,18285,-1,149575440.000,1,0,1,双平,S,3640.2000,3640.0000,3639.8000,3638.6000,3638.2000,3641.0000,3641.6000,3642.0000,3642.2000,3644.4000,1,1,2,1,1,5,1,2,1,2
SF,IF2009,2020-04-13 09:31:34.100,3641.0000,18285,0,150667740.000,1,0,1,多换,S,3640.2000,3640.0000,3639.8000,3638.6000,3638.2000,3641.0000,3641.6000,3642.0000,3642.2000,3644.4000,1,1,2,1,1,4,1,2,1,2
SF,IF2009,2020-04-13 09:31:34.600,3641.0000,18285,0,151760040.000,1,0,1,多换,S,3640.0000,3639.8000,3638.6000,3638.2000,3638.0000,3641.0000,3641.6000,3642.0000,3642.2000,3644.4000,1,2,1,1,4,3,1,2,1,2
SF,IF2009,2020-04-13 09:31:35.100,3641.0000,18285,0,151760040.000,0,-,-,-,-,3640.2000,3640.0000,3639.8000,3638.6000,3638.2000,3640.8000,3641.0000,3641.6000,3642.0000,3642.2000,1,1,2,1,1,1,3,1,2,1
SF,IF2009,2020-04-13 09:31:35.600,3641.0000,18286,1,152852340.000,1,1,0,双开,S,3640.0000,3639.8000,3638.6000,3638.2000,3638.0000,3641.0000,3641.2000,3641.6000,3642.0000,3642.2000,1,2,1,1,4,3,1,1,2,1
SF,IF2009,2020-04-13 09:31:36.100,3641.0000,18285,-1,153944640.000,1,0,1,双平,S,3640.0000,3639.8000,3638.6000,3638.2000,3638.0000,3641.0000,3641.2000,3641.6000,3642.0000,3642.2000,1,2,1,1,4,2,1,1,2,1
SF,IF2009,2020-04-13 09:31:36.600,3641.0000,18285,0,155036940.000,1,0,1,多换,S,3640.2000,3640.0000,3639.8000,3638.6000,3638.2000,3641.0000,3641.2000,3641.6000,3642.0000,3642.2000,1,4,2,1,1,1,1,1,2,1
SF,IF2009,2020-04-13 09:31:37.100,3641.0000,18285,0,156129240.000,1,0,1,多换,S,3640.2000,3640.0000,3639.8000,3638.6000,3638.2000,3641.2000,3641.6000,3642.0000,3642.2000,3644.4000,1,4,2,1,1,1,1,2,1,2
SF,IF2009,2020-04-13 09:31:37.600,3641.0000,18285,0,156129240.000,0,-,-,-,-,3640.2000,3640.0000,3639.8000,3638.6000,3638.2000,3641.2000,3641.6000,3642.0000,3642.2000,3644.4000,1,6,2,1,1,1,1,2,1,2
SF,IF2009,2020-04-13 09:31:38.100,3641.2000,18285,0,157221600.000,1,0,1,多换,S,3641.2000,3640.4000,3640.2000,3640.0000,3639.8000,3641.6000,3642.0000,3642.2000,3644.4000,3646.0000,1,1,1,6,2,1,2,1,2,1
SF,IF2009,2020-04-13 09:31:38.600,3641.2000,18285,0,158313960.000,1,0,1,多换,S,3640.2000,3640.0000,3639.8000,3638.6000,3638.2000,3641.2000,3641.6000,3642.0000,3642.2000,3644.4000,1,6,2,1,1,1,1,2,1,2
SF,IF2009,2020-04-13 09:31:39.100,3641.6000,18285,0,159406440.000,1,0,1,多换,S,3640.2000,3640.0000,3639.8000,3638.6000,3638.2000,3642.0000,3642.2000,3644.4000,3646.0000,3648.0000,1,6,2,1,1,2,1,2,1,1
SF,IF2009,2020-04-13 09:31:39.600,3641.8000,18285,0,160498980.000,1,0,1,多换,S,3640.4000,3640.2000,3640.0000,3639.8000,3638.6000,3642.0000,3642.2000,3644.4000,3646.0000,3648.0000,1,1,6,2,1,2,1,2,1,1
SF,IF2009,2020-04-13 09:31:40.100,3641.8000,18285,0,160498980.000,0,-,-,-,-,3640.6000,3640.0000,3639.8000,3638.6000,3638.2000,3642.0000,3642.2000,3644.4000,3646.0000,3648.0000,2,6,2,1,1,2,1,2,1,1
SF,IF2009,2020-04-13 09:31:40.600,3642.0000,18285,0,161591580.000,1,0,1,多换,S,3640.6000,3640.0000,3639.8000,3638.6000,3638.2000,3642.0000,3642.2000,3644.4000,3646.0000,3648.0000,2,6,2,1,1,1,1,2,1,1
SF,IF2009,2020-04-13 09:31:41.600,3642.0000,18285,0,162684180.000,1,0,1,多换,S,3642.0000,3640.6000,3640.0000,3639.8000,3638.6000,3642.2000,3644.4000,3646.0000,3648.0000,3650.0000,1,2,6,2,1,1,2,1,1,16
SF,IF2009,2020-04-13 09:31:42.100,3642.0000,18284,-1,165961980.000,3,1,2,多平,S,3640.6000,3640.0000,3639.8000,3638.6000,3638.2000,3642.2000,3644.4000,3646.0000,3648.0000,3650.0000,1,6,2,1,1,1,2,1,1,16
SF,IF2009,2020-04-13 09:31:42.600,3642.0000,18284,0,165961980.000,0,-,-,-,-,3640.8000,3640.6000,3640.0000,3639.8000,3638.6000,3642.0000,3642.2000,3644.4000,3646.0000,3648.0000,1,1,6,2,1,2,1,2,1,1
SF,IF2009,2020-04-13 09:31:43.100,3642.0000,18284,0,167054580.000,1,0,1,多换,S,3640.6000,3640.0000,3639.8000,3638.6000,3638.2000,3642.2000,3644.4000,3646.0000,3648.0000,3650.0000,1,6,2,1,1,1,2,1,1,16
SF,IF2009,2020-04-13 09:31:44.100,3642.2000,18284,0,168147240.000,1,0,1,多换,S,3642.0000,3640.8000,3640.6000,3640.0000,3639.8000,3644.4000,3646.0000,3648.0000,3650.0000,3656.0000,1,2,1,6,2,2,1,1,16,1
SF,IF2009,2020-04-13 09:31:44.600,3642.0000,18283,-1,169239840.000,1,0,1,双平,S,3640.8000,3640.6000,3640.0000,3639.8000,3638.6000,3642.0000,3642.2000,3643.2000,3644.2000,3644.4000,1,1,6,2,1,3,3,4,6,2
SF,IF2009,2020-04-13 09:31:45.100,3642.0000,18283,0,170332440.000,1,0,1,多换,S,3641.0000,3640.0000,3639.8000,3638.6000,3638.2000,3642.0000,3642.2000,3643.2000,3644.2000,3644.4000,4,6,2,1,1,3,3,4,16,2
SF,IF2009,2020-04-13 09:31:45.600,3642.0000,18282,-1,171425040.000,1,0,1,双平,S,3641.2000,3641.0000,3640.6000,3640.0000,3639.8000,3642.0000,3643.2000,3644.2000,3644.4000,3646.0000,2,2,1,6,2,1,4,16,2,1
SF,IF2009,2020-04-13 09:31:46.100,3641.4000,18280,-2,173609880.000,2,0,2,双平,S,3641.4000,3640.6000,3640.0000,3639.8000,3638.6000,3642.0000,3643.2000,3644.2000,3644.4000,3646.0000,3,1,6,2,1,1,4,15,2,1
SF,IF2009,2020-04-13 09:31:46.600,3642.0000,18279,-1,174702480.000,1,0,1,双平,S,3642.0000,3641.4000,3641.2000,3640.6000,3640.0000,3643.2000,3644.2000,3644.4000,3646.0000,3648.0000,1,4,1,1,6,4,6,2,1,1
SF,IF2009,2020-04-13 09:31:47.100,3642.0000,18279,0,174702480.000,0,-,-,-,-,3642.0000,3641.4000,3641.2000,3640.6000,3640.0000,3643.0000,3643.2000,3644.2000,3644.4000,3646.0000,2,3,1,1,6,2,2,3,2,1
SF,IF2009,2020-04-13 09:31:48.100,3642.0000,18279,0,174702480.000,0,-,-,-,-,3642.0000,3641.4000,3641.2000,3640.6000,3640.0000,3643.0000,3643.2000,3644.2000,3644.4000,3646.0000,2,3,1,1,6,2,3,3,2,1
SF,IF2009,2020-04-13 09:31:49.100,3642.0000,18279,0,174702480.000,0,-,-,-,-,3642.0000,3641.4000,3641.2000,3640.6000,3640.0000,3643.0000,3643.2000,3644.2000,3644.4000,3646.0000,2,3,1,1,6,2,2,3,2,1
SF,IF2009,2020-04-13 09:31:49.600,3642.8000,18279,0,175795320.000,1,0,1,多换,S,3642.0000,3641.4000,3641.2000,3640.6000,3640.0000,3643.0000,3643.2000,3644.2000,3644.4000,3646.0000,2,3,1,1,6,2,3,3,2,1
SF,IF2009,2020-04-13 09:31:50.100,3642.8000,18279,0,175795320.000,0,-,-,-,-,3642.0000,3641.4000,3641.2000,3640.6000,3640.0000,3643.0000,3643.2000,3644.2000,3644.4000,3646.0000,2,3,1,1,6,2,2,3,2,1
SF,IF2009,2020-04-13 09:31:51.100,3643.0000,18279,0,176888220.000,1,0,1,多换,S,3642.0000,3641.4000,3641.2000,3640.8000,3640.6000,3643.0000,3643.2000,3644.2000,3644.4000,3646.0000,2,3,1,2,1,1,3,3,2,1
SF,IF2009,2020-04-13 09:31:51.600,3643.0000,18279,0,176888220.000,0,-,-,-,-,3642.2000,3642.0000,3641.4000,3641.2000,3640.8000,3643.0000,3643.2000,3644.2000,3644.4000,3646.0000,1,2,2,1,2,1,2,3,2,1
SF,IF2009,2020-04-13 09:31:52.100,3643.0000,18279,0,176888220.000,0,-,-,-,-,3642.2000,3642.0000,3641.2000,3640.8000,3640.6000,3643.2000,3644.2000,3644.4000,3646.0000,3648.0000,3,2,1,2,1,1,3,2,1,1
SF,IF2009,2020-04-13 09:31:53.100,3643.0000,18279,0,176888220.000,0,-,-,-,-,3642.4000,3642.2000,3642.0000,3641.2000,3640.8000,3643.2000,3644.2000,3644.4000,3646.0000,3648.0000,1,3,2,1,2,1,3,2,1,1
SF,IF2009,2020-04-13 09:31:53.600,3643.0000,18278,-1,177981120.000,1,0,1,双平,S,3642.2000,3642.0000,3641.2000,3640.8000,3640.6000,3642.8000,3643.2000,3644.2000,3644.4000,3646.0000,3,2,1,2,1,1,1,3,2,1
SF,IF2009,2020-04-13 09:31:54.100,3643.0000,18278,0,177981120.000,0,-,-,-,-,3642.4000,3642.2000,3642.0000,3641.2000,3640.8000,3643.2000,3644.2000,3644.4000,3646.0000,3648.0000,3,1,2,1,2,1,3,2,1,1
SF,IF2009,2020-04-13 09:31:56.600,3643.0000,18278,0,177981120.000,0,-,-,-,-,3642.4000,3642.2000,3642.0000,3641.2000,3640.8000,3643.2000,3644.2000,3644.4000,3646.0000,3648.0000,2,1,2,1,2,1,3,2,1,1
SF,IF2009,2020-04-13 09:31:57.100,3642.4000,18277,-1,179073840.000,1,0,1,双平,S,3642.4000,3642.2000,3642.0000,3641.2000,3640.8000,3643.0000,3643.2000,3644.2000,3644.4000,3646.0000,1,1,2,1,2,1,1,3,2,1
SF,IF2009,2020-04-13 09:31:57.600,3643.0000,18278,1,180166740.000,1,1,0,双开,S,3642.4000,3642.2000,3642.0000,3641.2000,3640.8000,3643.2000,3644.2000,3644.4000,3646.0000,3648.0000,1,1,2,1,2,1,3,2,1,1
SF,IF2009,2020-04-13 09:31:58.100,3643.0000,18278,0,180166740.000,0,-,-,-,-,3642.0000,3641.2000,3640.8000,3640.6000,3640.0000,3643.0000,3643.2000,3644.2000,3644.4000,3646.0000,2,1,2,1,6,1,3,3,2,1
SF,IF2009,2020-04-13 09:31:58.600,3643.0000,18278,0,180166740.000,0,-,-,-,-,3642.0000,3641.2000,3640.8000,3640.6000,3640.0000,3642.8000,3643.0000,3643.2000,3644.2000,3644.4000,2,1,2,1,6,1,1,1,3,2
SF,IF2009,2020-04-13 09:31:59.100,3643.0000,18278,0,180166740.000,0,-,-,-,-,3642.0000,3641.2000,3640.8000,3640.6000,3640.0000,3642.8000,3643.0000,3643.2000,3644.2000,3644.4000,2,1,2,1,6,1,1,3,3,2
SF,IF2009,2020-04-13 09:31:59.600,3642.0000,18278,0,181259340.000,1,0,1,多换,S,3642.0000,3641.2000,3640.8000,3640.6000,3640.0000,3642.8000,3643.0000,3643.2000,3644.2000,3644.4000,1,1,2,1,6,1,1,3,3,2
SF,IF2009,2020-04-13 09:32:00.100,3642.0000,18278,0,182351940.000,1,0,1,多换,S,3641.2000,3640.8000,3640.6000,3640.0000,3639.8000,3642.8000,3643.0000,3643.2000,3644.2000,3644.4000,1,2,1,6,2,1,1,3,3,2
SF,IF2009,2020-04-13 09:32:00.600,3642.0000,18278,0,182351940.000,0,-,-,-,-,3641.4000,3641.2000,3640.8000,3640.6000,3640.0000,3642.6000,3642.8000,3643.0000,3643.2000,3644.2000,2,1,2,1,6,2,1,1,3,3
SF,IF2009,2020-04-13 09:32:01.100,3641.4000,18277,-1,183444360.000,1,0,1,双平,S,3641.2000,3640.8000,3640.6000,3640.0000,3639.8000,3642.4000,3642.6000,3643.0000,3643.2000,3644.2000,1,2,1,6,2,2,4,1,3,3
SF,IF2009,2020-04-13 09:32:01.600,3641.4000,18277,0,183444360.000,0,-,-,-,-,3641.2000,3640.8000,3640.6000,3640.0000,3639.8000,3642.2000,3642.4000,3642.6000,3643.2000,3644.2000,1,2,1,6,2,1,3,2,3,3
SF,IF2009,2020-04-13 09:32:02.100,3641.2000,18277,0,184536720.000,1,0,1,多换,S,3640.8000,3640.6000,3640.0000,3639.8000,3639.0000,3642.0000,3642.2000,3642.4000,3642.6000,3643.2000,2,1,6,2,1,2,1,1,2,3
SF,IF2009,2020-04-13 09:32:02.600,3641.8000,18277,0,185629260.000,1,0,1,多换,S,3640.8000,3640.6000,3640.0000,3639.8000,3639.0000,3641.8000,3642.0000,3642.4000,3642.6000,3643.2000,2,1,6,2,1,1,2,1,2,2
SF,IF2009,2020-04-13 09:32:03.100,3641.8000,18277,0,185629260.000,0,-,-,-,-,3640.8000,3640.6000,3640.0000,3639.8000,3639.0000,3641.6000,3641.8000,3642.4000,3642.6000,3643.2000,2,1,6,2,1,2,2,1,2,2
SF,IF2009,2020-04-13 09:32:03.600,3640.8000,18277,0,186721500.000,1,0,1,多换,S,3640.8000,3640.6000,3640.0000,3639.8000,3639.0000,3641.6000,3641.8000,3642.4000,3642.6000,3643.2000,1,1,6,2,1,2,2,1,2,2
SF,IF2009,2020-04-13 09:32:04.600,3641.6000,18277,0,187813980.000,1,0,1,多换,S,3640.8000,3640.6000,3640.0000,3639.8000,3639.0000,3641.6000,3641.8000,3642.4000,3642.6000,3642.8000,1,1,6,2,1,1,2,1,2,1
SF,IF2009,2020-04-13 09:32:05.100,3641.6000,18277,0,187813980.000,0,-,-,-,-,3640.8000,3640.6000,3640.0000,3639.8000,3639.0000,3641.8000,3642.4000,3642.6000,3642.8000,3643.2000,1,1,6,2,1,2,1,2,1,2
SF,IF2009,2020-04-13 09:32:05.600,3641.6000,18277,0,187813980.000,0,-,-,-,-,3640.8000,3640.6000,3640.0000,3639.8000,3639.0000,3641.8000,3642.4000,3642.6000,3643.2000,3644.2000,1,1,6,2,1,1,1,2,2,3
SF,IF2009,2020-04-13 09:32:06.100,3641.6000,18277,0,187813980.000,0,-,-,-,-,3640.8000,3640.6000,3640.0000,3639.8000,3639.0000,3641.8000,3642.4000,3642.6000,3643.2000,3644.2000,1,1,6,2,1,1,1,2,2,3
SF,IF2009,2020-04-13 09:32:07.100,3640.8000,18277,0,188906220.000,1,0,1,多换,S,3640.6000,3640.0000,3639.8000,3639.0000,3638.2000,3641.8000,3642.4000,3642.6000,3643.2000,3644.2000,1,6,2,1,1,1,1,2,2,3
SF,IF2009,2020-04-13 09:32:07.600,3640.8000,18277,0,188906220.000,0,-,-,-,-,3640.6000,3640.0000,3639.8000,3639.0000,3638.2000,3641.8000,3642.4000,3642.6000,3643.2000,3644.2000,1,6,2,1,1,1,1,2,2,3
SF,IF2009,2020-04-13 09:32:08.100,3640.8000,18277,0,188906220.000,0,-,-,-,-,3640.6000,3640.0000,3639.8000,3639.0000,3638.2000,3641.6000,3641.8000,3642.4000,3642.6000,3643.2000,1,6,2,1,1,1,1,1,2,2
SF,IF2009,2020-04-13 09:32:08.600,3640.8000,18277,0,188906220.000,0,-,-,-,-,3640.6000,3640.0000,3639.8000,3639.0000,3638.2000,3641.6000,3641.8000,3642.4000,3642.6000,3643.0000,1,6,2,1,1,1,1,1,2,1
SF,IF2009,2020-04-13 09:32:09.100,3640.8000,18277,0,188906220.000,0,-,-,-,-,3640.6000,3640.0000,3639.8000,3639.0000,3638.2000,3641.6000,3641.8000,3642.4000,3642.6000,3643.2000,1,6,2,1,1,2,1,1,2,2
SF,IF2009,2020-04-13 09:32:11.100,3640.8000,18277,0,188906220.000,0,-,-,-,-,3640.6000,3640.0000,3639.8000,3639.0000,3638.2000,3641.6000,3641.8000,3642.4000,3642.6000,3643.2000,1,6,2,1,1,2,1,1,2,2
SF,IF2009,2020-04-13 09:32:11.600,3640.8000,18277,0,188906220.000,0,-,-,-,-,3640.8000,3640.6000,3640.0000,3639.8000,3639.0000,3641.6000,3641.8000,3642.4000,3642.6000,3643.2000,2,1,6,2,1,2,1,1,2,2
SF,IF2009,2020-04-13 09:32:12.100,3640.8000,18277,0,188906220.000,0,-,-,-,-,3640.8000,3640.6000,3640.0000,3639.8000,3639.0000,3641.6000,3641.8000,3642.4000,3642.6000,3643.2000,2,1,6,2,1,1,1,1,2,2
SF,IF2009,2020-04-13 09:32:12.600,3640.8000,18276,-1,189998460.000,1,0,1,双平,S,3640.8000,3640.6000,3640.0000,3639.8000,3639.0000,3641.6000,3641.8000,3642.4000,3642.6000,3643.2000,1,1,6,2,1,1,1,1,2,2
SF,IF2009,2020-04-13 09:32:14.600,3640.8000,18276,0,189998460.000,0,-,-,-,-,3640.8000,3640.6000,3640.0000,3639.8000,3639.0000,3641.6000,3641.8000,3642.4000,3642.6000,3643.2000,2,1,6,2,1,1,1,1,2,2
SF,IF2009,2020-04-13 09:32:15.100,3640.8000,18276,0,189998460.000,0,-,-,-,-,3640.6000,3640.0000,3639.8000,3639.0000,3638.2000,3641.6000,3641.8000,3642.4000,3642.6000,3643.2000,1,6,2,1,1,1,1,1,2,2
SF,IF2009,2020-04-13 09:32:17.600,3641.6000,18276,0,191090940.000,1,0,1,多换,S,3640.8000,3640.6000,3640.0000,3639.8000,3639.0000,3642.4000,3642.6000,3643.2000,3644.2000,3644.4000,1,1,6,2,1,1,2,2,3,2
SF,IF2009,2020-04-13 09:32:18.100,3641.6000,18276,0,191090940.000,0,-,-,-,-,3640.6000,3640.0000,3639.8000,3639.0000,3638.2000,3642.2000,3642.4000,3642.6000,3643.2000,3644.2000,1,6,2,1,1,2,1,2,2,3
SF,IF2009,2020-04-13 09:32:18.600,3641.6000,18276,0,191090940.000,0,-,-,-,-,3641.0000,3640.8000,3640.6000,3640.0000,3639.8000,3642.0000,3642.2000,3642.4000,3642.6000,3643.2000,1,2,1,6,2,1,2,1,2,2
SF,IF2009,2020-04-13 09:32:19.100,3641.6000,18276,0,191090940.000,0,-,-,-,-,3641.2000,3641.0000,3640.6000,3640.0000,3639.8000,3642.4000,3642.6000,3643.2000,3644.2000,3644.4000,2,1,1,6,2,1,2,2,3,2
SF,IF2009,2020-04-13 09:32:19.600,3641.2000,18274,-2,193275720.000,2,0,2,双平,S,3641.2000,3640.6000,3640.0000,3639.8000,3639.0000,3642.4000,3643.2000,3644.2000,3644.4000,3646.0000,1,1,6,2,1,1,2,3,2,1
SF,IF2009,2020-04-13 09:32:20.100,3642.4000,18273,-1,194368440.000,1,0,1,双平,S,3641.4000,3641.0000,3640.6000,3640.0000,3639.8000,3643.2000,3644.2000,3644.4000,3646.0000,3648.0000,2,1,1,6,2,2,3,2,1,1
SF,IF2009,2020-04-13 09:32:20.600,3642.4000,18273,0,194368440.000,0,-,-,-,-,3641.4000,3641.0000,3640.6000,3640.0000,3639.8000,3643.0000,3643.2000,3644.2000,3644.4000,3646.0000,2,1,1,6,2,2,2,3,2,1
SF,IF2009,2020-04-13 09:32:21.100,3642.4000,18273,0,194368440.000,0,-,-,-,-,3641.6000,3641.4000,3641.0000,3640.6000,3640.0000,3643.0000,3643.2000,3644.2000,3644.4000,3646.0000,1,2,1,1,6,2,2,3,2,1
SF,IF2009,2020-04-13 09:32:21.600,3642.4000,18273,0,194368440.000,0,-,-,-,-,3641.6000,3641.4000,3641.0000,3640.6000,3640.0000,3643.0000,3643.2000,3644.2000,3644.4000,3646.0000,1,1,1,1,6,2,2,3,2,1
SF,IF2009,2020-04-13 09:32:22.100,3642.4000,18273,0,194368440.000,0,-,-,-,-,3641.0000,3640.6000,3640.0000,3639.8000,3639.0000,3643.0000,3643.2000,3644.2000,3644.4000,3646.0000,1,1,6,2,1,2,3,3,2,1
SF,IF2009,2020-04-13 09:32:22.600,3642.4000,18273,0,194368440.000,0,-,-,-,-,3641.2000,3641.0000,3640.6000,3640.0000,3639.8000,3642.8000,3643.0000,3643.2000,3644.2000,3644.4000,3,1,1,6,2,1,2,3,3,2
SF,IF2009,2020-04-13 09:32:23.100,3642.4000,18273,0,194368440.000,0,-,-,-,-,3641.2000,3641.0000,3640.6000,3640.0000,3639.8000,3642.6000,3642.8000,3643.2000,3644.2000,3644.4000,1,1,1,8,2,5,3,3,3,2
SF,IF2009,2020-04-13 09:32:23.600,3642.4000,18273,0,194368440.000,0,-,-,-,-,3641.2000,3641.0000,3640.6000,3640.0000,3639.8000,3642.4000,3642.6000,3642.8000,3643.2000,3644.2000,1,1,1,8,2,1,5,1,3,3
SF,IF2009,2020-04-13 09:32:24.100,3642.4000,18273,0,194368440.000,0,-,-,-,-,3641.2000,3641.0000,3640.6000,3640.0000,3639.8000,3642.2000,3642.4000,3642.6000,3642.8000,3643.2000,1,1,1,6,2,1,1,3,1,3
SF,IF2009,2020-04-13 09:32:24.600,3642.4000,18273,0,194368440.000,0,-,-,-,-,3641.2000,3641.0000,3640.6000,3640.0000,3639.8000,3642.2000,3642.4000,3642.6000,3642.8000,3643.2000,1,1,1,6,2,1,1,3,1,3
SF,IF2009,2020-04-13 09:32:25.100,3642.4000,18273,0,194368440.000,0,-,-,-,-,3641.2000,3641.0000,3640.6000,3640.0000,3639.8000,3642.2000,3642.4000,3642.6000,3642.8000,3643.2000,1,1,1,6,2,1,1,3,1,3
SF,IF2009,2020-04-13 09:32:26.100,3642.4000,18273,0,194368440.000,0,-,-,-,-,3641.2000,3641.0000,3640.6000,3640.0000,3639.8000,3642.2000,3642.4000,3642.6000,3642.8000,3643.2000,1,1,1,6,2,1,1,3,1,3
SF,IF2009,2020-04-13 09:32:26.600,3642.4000,18273,0,194368440.000,0,-,-,-,-,3641.2000,3641.0000,3640.6000,3640.0000,3639.8000,3642.4000,3642.6000,3642.8000,3643.2000,3644.2000,1,1,1,6,2,1,3,1,3,3
SF,IF2009,2020-04-13 09:32:28.100,3642.4000,18273,0,194368440.000,0,-,-,-,-,3641.2000,3641.0000,3640.6000,3640.0000,3639.8000,3642.4000,3642.6000,3642.8000,3643.2000,3644.2000,1,1,1,6,2,1,3,1,3,3
SF,IF2009,2020-04-13 09:32:28.600,3642.4000,18273,0,194368440.000,0,-,-,-,-,3641.0000,3640.6000,3640.0000,3639.8000,3639.0000,3642.2000,3642.4000,3642.6000,3642.8000,3643.2000,1,1,6,2,1,1,1,3,1,3
SF,IF2009,2020-04-13 09:32:29.100,3642.4000,18273,0,194368440.000,0,-,-,-,-,3641.0000,3640.6000,3640.0000,3639.8000,3639.0000,3642.2000,3642.4000,3642.6000,3642.8000,3643.2000,1,1,6,2,1,1,1,3,1,3
SF,IF2009,2020-04-13 09:32:29.600,3642.4000,18273,0,194368440.000,0,-,-,-,-,3641.2000,3641.0000,3640.6000,3640.0000,3639.8000,3642.2000,3642.4000,3642.6000,3642.8000,3643.2000,1,1,1,6,2,1,1,3,1,3
SF,IF2009,2020-04-13 09:32:30.100,3642.4000,18273,0,194368440.000,0,-,-,-,-,3641.2000,3641.0000,3640.6000,3640.0000,3639.8000,3642.2000,3642.4000,3642.6000,3642.8000,3643.2000,1,1,1,7,2,1,1,3,1,3
SF,IF2009,2020-04-13 09:32:30.600,3642.4000,18273,0,194368440.000,0,-,-,-,-,3641.2000,3641.0000,3640.6000,3640.0000,3639.8000,3642.2000,3642.4000,3642.6000,3642.8000,3643.2000,2,1,1,7,2,1,1,3,1,3
SF,IF2009,2020-04-13 09:32:31.100,3642.4000,18273,0,194368440.000,0,-,-,-,-,3641.6000,3641.4000,3641.2000,3641.0000,3640.6000,3642.4000,3642.6000,3642.8000,3643.2000,3644.2000,1,1,1,1,1,1,3,1,3,3
SF,IF2009,2020-04-13 09:32:31.600,3642.4000,18273,0,194368440.000,0,-,-,-,-,3641.6000,3641.4000,3641.2000,3641.0000,3640.6000,3642.6000,3642.8000,3643.2000,3644.2000,3644.4000,1,1,1,1,1,3,1,3,3,3
SF,IF2009,2020-04-13 09:32:32.100,3642.4000,18273,0,194368440.000,0,-,-,-,-,3642.0000,3641.4000,3641.2000,3641.0000,3640.6000,3642.6000,3643.2000,3644.2000,3644.4000,3646.0000,1,1,1,1,1,3,3,3,3,1
SF,IF2009,2020-04-13 09:32:32.600,3642.0000,18272,-1,195461040.000,1,0,1,双平,S,3641.4000,3641.2000,3641.0000,3640.6000,3640.0000,3642.6000,3643.2000,3644.2000,3644.4000,3646.0000,1,1,1,1,7,3,3,3,3,1
SF,IF2009,2020-04-13 09:32:33.100,3642.0000,18272,0,195461040.000,0,-,-,-,-,3641.4000,3641.2000,3641.0000,3640.6000,3640.0000,3642.4000,3642.6000,3643.2000,3644.2000,3644.4000,1,1,1,1,7,1,3,3,3,3
SF,IF2009,2020-04-13 09:32:33.600,3642.0000,18272,0,195461040.000,0,-,-,-,-,3641.4000,3641.2000,3641.0000,3640.6000,3640.0000,3642.4000,3642.6000,3643.2000,3644.2000,3644.4000,1,1,1,1,7,1,3,3,3,3
SF,IF2009,2020-04-13 09:32:34.100,3641.4000,18272,0,196553460.000,1,0,1,多换,S,3641.0000,3640.6000,3640.0000,3639.8000,3639.0000,3641.4000,3642.2000,3642.4000,3642.6000,3643.2000,1,1,7,2,1,1,1,1,3,3
SF,IF2009,2020-04-13 09:32:34.600,3641.4000,18272,0,196553460.000,0,-,-,-,-,3641.0000,3640.6000,3640.0000,3639.8000,3639.0000,3642.4000,3642.6000,3643.2000,3644.2000,3644.4000,1,1,7,2,1,1,3,3,3,3
SF,IF2009,2020-04-13 09:32:35.100,3641.0000,18272,0,197645760.000,1,0,1,多换,S,3640.6000,3640.0000,3639.8000,3639.0000,3638.2000,3642.2000,3642.4000,3642.6000,3643.0000,3643.2000,1,7,2,1,1,2,1,2,1,3
SF,IF2009,2020-04-13 09:32:35.600,3641.0000,18272,0,197645760.000,0,-,-,-,-,3640.8000,3640.6000,3640.0000,3639.8000,3639.0000,3642.2000,3642.6000,3643.0000,3643.2000,3644.2000,1,1,7,2,1,4,2,1,3,3
SF,IF2009,2020-04-13 09:32:36.100,3641.0000,18272,0,197645760.000,0,-,-,-,-,3640.8000,3640.6000,3640.0000,3639.8000,3639.0000,3642.0000,3642.2000,3642.6000,3643.0000,3643.2000,1,1,7,2,1,1,3,2,1,3
SF,IF2009,2020-04-13 09:32:36.600,3640.8000,18271,-1,198738000.000,1,0,1,双平,S,3640.6000,3640.0000,3639.8000,3639.0000,3638.2000,3641.8000,3642.0000,3642.2000,3642.6000,3643.0000,1,8,2,1,1,2,3,1,2,1
SF,IF2009,2020-04-13 09:32:37.100,3640.8000,18271,0,198738000.000,0,-,-,-,-,3640.6000,3640.0000,3639.8000,3639.0000,3638.2000,3641.6000,3641.8000,3642.2000,3642.6000,3643.0000,1,8,2,1,1,2,2,1,2,1
SF,IF2009,2020-04-13 09:32:37.600,3640.8000,18271,0,198738000.000,0,-,-,-,-,3640.6000,3640.0000,3639.8000,3639.0000,3638.2000,3641.4000,3641.6000,3641.8000,3642.2000,3642.6000,1,8,2,1,1,1,2,1,1,2
SF,IF2009,2020-04-13 09:32:38.100,3640.8000,18271,0,198738000.000,0,-,-,-,-,3640.6000,3640.0000,3639.8000,3639.0000,3638.2000,3641.2000,3641.4000,3641.6000,3642.2000,3642.4000,1,8,2,1,1,2,1,1,1,1
SF,IF2009,2020-04-13 09:32:38.600,3640.6000,18271,0,199830180.000,1,0,1,多换,S,3640.0000,3639.8000,3639.0000,3638.2000,3638.0000,3641.2000,3641.4000,3641.6000,3642.2000,3642.4000,8,2,1,1,3,2,1,1,1,1
SF,IF2009,2020-04-13 09:32:39.100,3640.6000,18271,0,199830180.000,0,-,-,-,-,3640.2000,3640.0000,3639.8000,3639.0000,3638.2000,3641.2000,3641.4000,3642.2000,3642.4000,3642.6000,1,8,2,1,1,1,1,1,1,2
SF,IF2009,2020-04-13 09:32:40.100,3640.6000,18271,0,199830180.000,0,-,-,-,-,3640.2000,3640.0000,3639.8000,3639.0000,3638.2000,3641.2000,3641.4000,3642.2000,3642.4000,3642.6000,1,8,2,1,1,1,1,1,1,2
SF,IF2009,2020-04-13 09:32:40.600,3640.6000,18271,0,199830180.000,0,-,-,-,-,3640.0000,3639.8000,3639.0000,3638.2000,3638.0000,3641.0000,3641.2000,3641.4000,3642.2000,3642.4000,8,2,1,1,3,1,1,1,1,1
SF,IF2009,2020-04-13 09:32:41.100,3640.6000,18271,0,199830180.000,0,-,-,-,-,3640.0000,3639.8000,3639.0000,3638.2000,3638.0000,3640.8000,3641.4000,3642.2000,3642.4000,3642.6000,8,2,1,1,3,1,1,1,1,2
SF,IF2009,2020-04-13 09:32:41.600,3640.0000,18271,0,200922180.000,1,0,1,多换,S,3640.0000,3639.8000,3639.0000,3638.2000,3638.0000,3640.8000,3641.4000,3642.2000,3642.4000,3642.6000,7,2,1,1,3,1,1,1,1,2
SF,IF2009,2020-04-13 09:32:42.100,3640.0000,18271,0,203106180.000,2,1,1,多换,S,3640.0000,3639.8000,3639.0000,3638.2000,3638.0000,3640.6000,3640.8000,3641.4000,3642.2000,3642.4000,5,2,1,1,3,1,2,1,1,1
SF,IF2009,2020-04-13 09:32:42.600,3640.0000,18269,-2,207474180.000,4,1,3,多平,S,3640.0000,3639.8000,3639.0000,3638.2000,3638.0000,3640.6000,3640.8000,3641.4000,3642.2000,3642.4000,1,2,1,1,3,1,1,1,1,1
SF,IF2009,2020-04-13 09:32:43.100,3640.0000,18269,0,208566180.000,1,0,1,多换,S,3639.8000,3639.0000,3638.2000,3638.0000,3636.6000,3640.6000,3640.8000,3641.4000,3642.2000,3642.4000,2,1,1,3,2,1,1,1,1,1
SF,IF2009,2020-04-13 09:32:43.600,3640.0000,18269,0,208566180.000,0,-,-,-,-,3639.8000,3639.0000,3638.2000,3638.0000,3636.6000,3640.6000,3640.8000,3641.4000,3642.2000,3642.4000,2,1,1,3,2,1,1,1,1,1
SF,IF2009,2020-04-13 09:32:44.100,3640.0000,18269,0,208566180.000,0,-,-,-,-,3639.8000,3639.0000,3638.2000,3638.0000,3636.6000,3640.6000,3641.4000,3642.2000,3642.4000,3642.6000,2,1,1,3,2,1,2,1,1,2
SF,IF2009,2020-04-13 09:32:44.600,3640.6000,18269,0,209658360.000,1,0,1,多换,S,3640.0000,3639.8000,3639.0000,3638.2000,3638.0000,3641.4000,3642.2000,3642.4000,3642.6000,3643.2000,1,2,1,1,3,2,1,1,2,3
SF,IF2009,2020-04-13 09:32:45.100,3639.8000,18268,-1,210750300.000,1,0,1,双平,S,3639.8000,3639.0000,3638.2000,3638.0000,3636.6000,3640.4000,3641.2000,3641.4000,3642.2000,3642.4000,1,1,1,3,2,1,5,2,1,1
SF,IF2009,2020-04-13 09:32:45.600,3639.8000,18268,0,210750300.000,0,-,-,-,-,3639.8000,3639.0000,3638.2000,3638.0000,3636.6000,3641.0000,3641.2000,3641.4000,3642.2000,3642.4000,1,1,1,3,2,1,2,2,1,1
SF,IF2009,2020-04-13 09:32:46.100,3639.8000,18267,-1,211842240.000,1,0,1,双平,S,3639.0000,3638.2000,3638.0000,3636.6000,3636.2000,3640.4000,3640.8000,3641.0000,3641.2000,3641.4000,1,1,3,2,1,1,5,1,1,1
SF,IF2009,2020-04-13 09:32:46.600,3639.8000,18267,0,211842240.000,0,-,-,-,-,3639.2000,3639.0000,3638.2000,3638.0000,3636.6000,3640.2000,3641.0000,3641.2000,3641.4000,3642.4000,2,2,1,3,2,1,1,1,1,1
SF,IF2009,2020-04-13 09:32:47.100,3639.8000,18267,0,211842240.000,0,-,-,-,-,3639.2000,3639.0000,3638.2000,3638.0000,3636.6000,3641.0000,3641.2000,3641.4000,3642.4000,3642.6000,4,1,1,3,2,1,1,1,1,2
SF,IF2009,2020-04-13 09:32:47.600,3639.8000,18267,0,211842240.000,0,-,-,-,-,3639.4000,3639.2000,3639.0000,3638.2000,3638.0000,3640.8000,3641.0000,3641.2000,3641.4000,3642.4000,1,3,1,1,3,1,1,1,1,1
SF,IF2009,2020-04-13 09:32:48.100,3639.4000,18266,-1,212934060.000,1,0,1,双平,S,3639.6000,3639.4000,3639.0000,3638.2000,3638.0000,3640.8000,3641.0000,3641.2000,3641.4000,3642.4000,1,1,1,1,3,2,1,1,1,1
SF,IF2009,2020-04-13 09:32:48.600,3639.6000,18265,-1,214025940.000,1,0,1,双平,S,3639.6000,3639.0000,3638.2000,3638.0000,3636.6000,3640.6000,3640.8000,3641.0000,3641.2000,3642.4000,1,1,1,3,2,1,2,1,1,1
SF,IF2009,2020-04-13 09:32:49.100,3639.6000,18264,-1,215117820.000,1,0,1,双平,S,3639.0000,3638.2000,3638.0000,3636.6000,3636.2000,3640.6000,3640.8000,3641.0000,3641.2000,3642.4000,1,1,3,2,1,1,2,1,1,1
SF,IF2009,2020-04-13 09:32:49.600,3639.6000,18264,0,215117820.000,0,-,-,-,-,3639.2000,3639.0000,3638.2000,3638.0000,3636.6000,3640.4000,3640.6000,3641.0000,3642.4000,3642.6000,2,1,1,3,2,1,1,1,1,2
SF,IF2009,2020-04-13 09:32:50.100,3639.6000,18264,0,215117820.000,0,-,-,-,-,3639.2000,3639.0000,3638.2000,3638.0000,3636.6000,3640.6000,3641.0000,3642.4000,3642.6000,3643.2000,2,1,1,3,2,1,1,1,2,2
SF,IF2009,2020-04-13 09:32:50.600,3639.6000,18264,0,215117820.000,0,-,-,-,-,3639.2000,3639.0000,3638.2000,3638.0000,3636.6000,3640.6000,3641.0000,3642.4000,3642.6000,3643.2000,2,1,1,3,2,1,1,1,2,2
SF,IF2009,2020-04-13 09:32:51.600,3639.6000,18264,0,215117820.000,0,-,-,-,-,3639.2000,3639.0000,3638.2000,3638.0000,3636.6000,3640.4000,3641.0000,3642.4000,3642.6000,3643.2000,2,1,1,3,2,1,1,1,2,2
SF,IF2009,2020-04-13 09:32:52.100,3639.6000,18264,0,215117820.000,0,-,-,-,-,3639.4000,3639.2000,3639.0000,3638.2000,3638.0000,3640.4000,3641.0000,3642.4000,3642.6000,3643.2000,1,2,1,1,3,1,1,1,2,2
SF,IF2009,2020-04-13 09:32:52.600,3639.6000,18264,0,215117820.000,0,-,-,-,-,3639.2000,3639.0000,3638.2000,3638.0000,3636.6000,3640.4000,3641.0000,3642.4000,3642.6000,3643.2000,1,1,1,3,2,1,1,1,2,2
SF,IF2009,2020-04-13 09:32:53.100,3639.6000,18264,0,215117820.000,0,-,-,-,-,3639.2000,3639.0000,3638.2000,3638.0000,3636.6000,3640.4000,3641.0000,3642.4000,3642.6000,3643.2000,2,1,1,3,2,1,1,1,2,2
SF,IF2009,2020-04-13 09:32:53.600,3639.2000,18263,-1,216209580.000,1,0,1,双平,S,3639.2000,3639.0000,3638.2000,3638.0000,3636.6000,3640.4000,3641.0000,3642.4000,3642.6000,3643.2000,1,1,1,3,2,1,1,1,2,2
SF,IF2009,2020-04-13 09:32:54.100,3639.2000,18263,0,216209580.000,0,-,-,-,-,3639.2000,3639.0000,3638.2000,3638.0000,3636.6000,3640.4000,3641.0000,3641.6000,3642.4000,3642.6000,1,1,1,3,2,1,1,1,1,2
SF,IF2009,2020-04-13 09:32:54.600,3639.2000,18263,0,216209580.000,0,-,-,-,-,3640.0000,3639.2000,3639.0000,3638.2000,3638.0000,3640.4000,3641.0000,3641.6000,3642.4000,3642.6000,2,1,1,1,3,1,1,1,1,2
SF,IF2009,2020-04-13 09:32:55.100,3640.0000,18264,1,218393580.000,2,1,1,空开,S,3639.2000,3639.0000,3638.2000,3638.0000,3636.6000,3641.0000,3641.6000,3642.4000,3642.6000,3643.2000,1,1,1,3,2,1,1,1,2,2
SF,IF2009,2020-04-13 09:32:55.600,3640.0000,18264,0,218393580.000,0,-,-,-,-,3639.4000,3639.2000,3639.0000,3638.2000,3638.0000,3640.8000,3641.0000,3641.6000,3642.4000,3642.6000,1,1,1,1,3,2,1,1,1,2
SF,IF2009,2020-04-13 09:32:56.100,3639.4000,18263,-1,219485400.000,1,0,1,双平,S,3639.2000,3639.0000,3638.2000,3638.0000,3636.6000,3640.6000,3640.8000,3641.0000,3641.6000,3642.4000,1,1,1,3,2,1,1,1,1,1
SF,IF2009,2020-04-13 09:32:56.600,3639.4000,18263,0,219485400.000,0,-,-,-,-,3639.4000,3639.2000,3639.0000,3638.2000,3638.0000,3641.0000,3641.6000,3642.4000,3642.6000,3643.2000,2,1,1,1,3,1,1,1,2,2
SF,IF2009,2020-04-13 09:32:57.100,3639.4000,18263,0,219485400.000,0,-,-,-,-,3639.2000,3639.0000,3638.2000,3638.0000,3636.6000,3640.8000,3641.0000,3641.6000,3642.4000,3642.6000,1,1,1,3,2,5,1,1,1,2
SF,IF2009,2020-04-13 09:32:57.600,3639.4000,18263,0,219485400.000,0,-,-,-,-,3639.4000,3639.2000,3639.0000,3638.2000,3638.0000,3641.0000,3641.6000,3642.4000,3642.6000,3643.2000,2,1,1,1,3,1,1,1,2,2
SF,IF2009,2020-04-13 09:32:58.100,3639.4000,18263,0,219485400.000,0,-,-,-,-,3639.4000,3639.2000,3639.0000,3638.2000,3638.0000,3640.8000,3641.0000,3641.6000,3642.4000,3642.6000,1,1,1,1,3,3,1,1,1,2
SF,IF2009,2020-04-13 09:32:58.600,3639.4000,18263,0,219485400.000,0,-,-,-,-,3639.4000,3639.2000,3639.0000,3638.2000,3638.0000,3640.8000,3641.0000,3641.6000,3642.4000,3642.6000,1,1,1,1,3,4,1,1,1,2
SF,IF2009,2020-04-13 09:33:00.100,3639.4000,18263,0,219485400.000,0,-,-,-,-,3639.6000,3639.4000,3639.2000,3639.0000,3638.2000,3640.8000,3641.0000,3641.6000,3642.4000,3642.6000,1,1,1,1,1,4,1,1,1,2
SF,IF2009,2020-04-13 09:33:00.600,3639.4000,18263,0,219485400.000,0,-,-,-,-,3639.6000,3639.2000,3639.0000,3638.2000,3638.0000,3640.6000,3640.8000,3641.0000,3642.4000,3642.6000,1,1,1,1,3,3,2,1,1,2
SF,IF2009,2020-04-13 09:33:01.100,3639.4000,18263,0,219485400.000,0,-,-,-,-,3639.6000,3639.2000,3639.0000,3638.2000,3638.0000,3640.6000,3640.8000,3641.0000,3642.4000,3642.6000,1,1,1,1,3,2,1,1,1,2
SF,IF2009,2020-04-13 09:33:01.600,3639.2000,18263,0,221669040.000,2,1,1,多换,S,3639.0000,3638.2000,3638.0000,3636.6000,3636.2000,3640.4000,3640.6000,3641.0000,3642.4000,3642.6000,1,1,3,2,1,3,2,1,1,2
SF,IF2009,2020-04-13 09:33:02.100,3639.2000,18263,0,221669040.000,0,-,-,-,-,3639.2000,3639.0000,3638.2000,3638.0000,3636.6000,3640.2000,3640.4000,3640.6000,3641.0000,3642.4000,1,1,1,3,2,1,3,2,1,1
SF,IF2009,2020-04-13 09:33:02.600,3639.2000,18263,0,221669040.000,0,-,-,-,-,3639.2000,3639.0000,3638.2000,3638.0000,3636.6000,3640.2000,3640.4000,3640.6000,3641.0000,3642.4000,1,1,1,3,2,3,3,1,1,1
SF,IF2009,2020-04-13 09:33:03.100,3639.2000,18263,0,221669040.000,0,-,-,-,-,3639.2000,3639.0000,3638.2000,3638.0000,3636.6000,3640.0000,3640.2000,3640.4000,3640.6000,3641.0000,1,1,1,3,2,1,3,3,1,1
SF,IF2009,2020-04-13 09:33:03.600,3639.2000,18263,0,221669040.000,0,-,-,-,-,3639.2000,3639.0000,3638.2000,3638.0000,3636.6000,3640.0000,3640.2000,3640.4000,3640.6000,3641.0000,1,1,1,3,2,1,1,2,1,1
SF,IF2009,2020-04-13 09:33:04.100,3639.2000,18263,0,221669040.000,0,-,-,-,-,3639.2000,3639.0000,3638.2000,3638.0000,3636.6000,3640.0000,3640.2000,3640.4000,3640.6000,3641.0000,1,1,1,3,2,1,1,2,1,1
SF,IF2009,2020-04-13 09:33:05.100,3639.2000,18263,0,221669040.000,0,-,-,-,-,3639.2000,3639.0000,3638.2000,3638.0000,3636.6000,3640.0000,3640.2000,3640.4000,3640.6000,3641.0000,1,1,1,3,2,1,1,1,1,1
SF,IF2009,2020-04-13 09:33:06.600,3639.2000,18263,0,221669040.000,0,-,-,-,-,3639.2000,3639.0000,3638.2000,3638.0000,3636.6000,3640.0000,3640.2000,3640.4000,3640.6000,3641.0000,1,1,1,3,2,1,1,1,1,1
SF,IF2009,2020-04-13 09:33:07.100,3639.2000,18262,-1,222760800.000,1,0,1,双平,S,3639.0000,3638.2000,3638.0000,3636.6000,3636.2000,3640.0000,3640.2000,3640.4000,3640.6000,3641.0000,1,1,3,2,1,1,1,1,1,1
SF,IF2009,2020-04-13 09:33:07.600,3639.2000,18262,0,222760800.000,0,-,-,-,-,3639.0000,3638.2000,3638.0000,3636.6000,3636.2000,3640.0000,3640.2000,3640.4000,3640.6000,3641.0000,1,1,3,2,1,1,1,1,1,1
SF,IF2009,2020-04-13 09:33:08.100,3639.2000,18262,0,222760800.000,0,-,-,-,-,3639.0000,3638.2000,3638.0000,3636.6000,3636.2000,3639.8000,3640.0000,3640.2000,3640.6000,3641.0000,1,1,3,2,1,1,1,1,1,1
SF,IF2009,2020-04-13 09:33:08.600,3639.2000,18262,0,222760800.000,0,-,-,-,-,3639.0000,3638.2000,3638.0000,3636.6000,3636.2000,3639.8000,3640.0000,3640.2000,3640.6000,3641.0000,1,1,3,2,1,1,1,1,1,1
SF,IF2009,2020-04-13 09:33:09.100,3639.2000,18262,0,222760800.000,0,-,-,-,-,3639.0000,3638.2000,3638.0000,3636.6000,3636.2000,3639.6000,3639.8000,3640.0000,3640.6000,3641.0000,1,1,3,2,1,2,1,3,1,1
SF,IF2009,2020-04-13 09:33:09.600,3639.0000,18262,0,223852500.000,1,0,1,多换,S,3638.2000,3638.0000,3636.6000,3636.2000,3636.0000,3639.0000,3639.4000,3639.6000,3640.0000,3640.6000,1,3,2,1,5,3,2,3,3,1
SF,IF2009,2020-04-13 09:33:10.100,3638.8000,18262,0,226035600.000,2,1,1,多换,S,3638.0000,3636.6000,3636.2000,3636.0000,3635.8000,3638.8000,3639.0000,3639.4000,3639.6000,3640.0000,3,2,1,5,1,6,1,1,1,3
SF,IF2009,2020-04-13 09:33:10.600,3638.0000,18262,0,227127000.000,1,0,1,多换,S,3638.0000,3636.6000,3636.2000,3636.0000,3635.8000,3638.8000,3639.0000,3639.4000,3639.6000,3640.0000,2,2,1,5,1,6,1,1,1,3
SF,IF2009,2020-04-13 09:33:11.100,3638.0000,18262,0,227127000.000,0,-,-,-,-,3638.0000,3636.6000,3636.2000,3636.0000,3635.8000,3638.6000,3638.8000,3639.0000,3639.6000,3640.0000,2,2,1,5,1,2,6,1,1,3
SF,IF2009,2020-04-13 09:33:11.600,3638.0000,18260,-2,229309800.000,2,0,2,双平,S,3636.6000,3636.2000,3636.0000,3635.8000,3635.0000,3637.4000,3638.4000,3638.6000,3638.8000,3639.0000,2,1,5,1,2,1,4,1,3,1
SF,IF2009,2020-04-13 09:33:12.100,3638.0000,18260,0,229309800.000,0,-,-,-,-,3636.8000,3636.6000,3636.2000,3636.0000,3635.8000,3638.4000,3638.6000,3638.8000,3639.0000,3639.6000,2,2,1,5,1,2,1,3,1,1
SF,IF2009,2020-04-13 09:33:12.600,3638.0000,18260,0,229309800.000,0,-,-,-,-,3636.8000,3636.6000,3636.2000,3636.0000,3635.8000,3638.2000,3638.4000,3638.8000,3639.0000,3640.0000,2,2,1,5,1,6,2,3,1,3
SF,IF2009,2020-04-13 09:33:13.100,3638.0000,18260,0,229309800.000,0,-,-,-,-,3637.0000,3636.8000,3636.6000,3636.2000,3636.0000,3638.0000,3638.2000,3638.8000,3639.0000,3640.0000,1,1,2,1,5,3,5,3,1,3
SF,IF2009,2020-04-13 09:33:13.600,3638.0000,18260,0,229309800.000,0,-,-,-,-,3637.2000,3637.0000,3636.6000,3636.2000,3636.0000,3638.0000,3638.2000,3638.8000,3639.0000,3640.0000,1,1,2,1,5,1,4,3,1,3
SF,IF2009,2020-04-13 09:33:14.100,3638.0000,18260,0,229309800.000,0,-,-,-,-,3637.4000,3637.2000,3636.6000,3636.2000,3636.0000,3638.2000,3638.8000,3639.0000,3640.0000,3640.2000,1,2,2,1,5,1,3,1,3,1
SF,IF2009,2020-04-13 09:33:14.600,3638.0000,18260,0,229309800.000,0,-,-,-,-,3637.4000,3637.2000,3636.6000,3636.2000,3636.0000,3638.0000,3638.2000,3638.8000,3639.0000,3640.0000,1,2,2,1,5,1,1,3,1,3
SF,IF2009,2020-04-13 09:33:15.100,3638.0000,18260,0,229309800.000,0,-,-,-,-,3637.6000,3637.2000,3636.6000,3636.2000,3636.0000,3638.2000,3638.8000,3639.0000,3640.0000,3640.2000,1,1,2,1,5,1,3,1,3,1
SF,IF2009,2020-04-13 09:33:15.600,3638.0000,18260,0,229309800.000,0,-,-,-,-,3637.8000,3637.6000,3637.2000,3636.6000,3636.2000,3638.2000,3638.8000,3639.0000,3640.0000,3640.2000,1,1,1,2,1,1,3,1,3,1
SF,IF2009,2020-04-13 09:33:16.100,3638.0000,18260,0,229309800.000,0,-,-,-,-,3637.8000,3637.2000,3636.6000,3636.2000,3636.0000,3638.2000,3638.8000,3639.0000,3640.0000,3640.2000,1,1,2,1,5,1,3,1,3,1
SF,IF2009,2020-04-13 09:33:17.600,3638.0000,18260,0,229309800.000,0,-,-,-,-,3637.2000,3636.6000,3636.2000,3636.0000,3635.8000,3638.2000,3638.8000,3639.0000,3640.0000,3640.2000,1,2,1,5,1,1,3,1,3,1
SF,IF2009,2020-04-13 09:33:18.100,3637.4000,18259,-1,230401020.000,1,0,1,双平,S,3637.2000,3636.6000,3636.2000,3636.0000,3635.8000,3638.2000,3638.8000,3639.0000,3640.0000,3640.2000,1,2,1,5,1,1,3,1,3,1
SF,IF2009,2020-04-13 09:33:18.600,3638.2000,18259,0,231492480.000,1,0,1,多换,S,3637.4000,3637.2000,3636.6000,3636.2000,3636.0000,3638.8000,3640.0000,3640.2000,3642.4000,3642.6000,1,1,2,1,5,3,3,1,1,2
SF,IF2009,2020-04-13 09:33:19.100,3638.2000,18259,0,231492480.000,0,-,-,-,-,3637.4000,3637.2000,3636.6000,3636.2000,3636.0000,3638.2000,3638.6000,3638.8000,3640.0000,3640.2000,1,1,2,1,5,2,4,3,3,1
SF,IF2009,2020-04-13 09:33:19.600,3638.2000,18259,0,231492480.000,0,-,-,-,-,3637.4000,3637.2000,3636.6000,3636.2000,3636.0000,3638.2000,3638.6000,3638.8000,3640.0000,3640.2000,1,1,2,1,5,2,1,3,3,1
SF,IF2009,2020-04-13 09:33:20.100,3638.2000,18259,0,231492480.000,0,-,-,-,-,3637.4000,3637.2000,3636.6000,3636.2000,3636.0000,3638.0000,3638.2000,3638.6000,3638.8000,3640.0000,1,1,2,1,5,1,2,1,3,3
SF,IF2009,2020-04-13 09:33:20.600,3638.2000,18259,0,231492480.000,0,-,-,-,-,3637.4000,3637.2000,3636.6000,3636.2000,3636.0000,3638.0000,3638.2000,3638.6000,3638.8000,3640.0000,1,1,2,1,5,2,2,1,3,3
SF,IF2009,2020-04-13 09:33:21.100,3638.0000,18258,-1,233675280.000,2,0,2,多平,S,3637.4000,3637.2000,3636.6000,3636.2000,3636.0000,3638.2000,3638.6000,3638.8000,3640.0000,3640.2000,1,1,2,1,5,2,1,1,3,1
SF,IF2009,2020-04-13 09:33:21.600,3638.2000,18257,-1,234766740.000,1,0,1,双平,S,3637.4000,3637.2000,3636.6000,3636.2000,3636.0000,3638.2000,3638.6000,3638.8000,3640.0000,3640.2000,1,1,2,1,5,1,1,1,3,1
SF,IF2009,2020-04-13 09:33:22.100,3638.2000,18257,0,234766740.000,0,-,-,-,-,3637.6000,3637.4000,3636.6000,3636.2000,3636.0000,3638.8000,3639.8000,3640.0000,3640.2000,3642.6000,2,1,2,1,5,1,1,3,1,2
SF,IF2009,2020-04-13 09:33:22.600,3638.2000,18257,0,234766740.000,0,-,-,-,-,3637.6000,3637.4000,3636.6000,3636.2000,3636.0000,3639.8000,3640.0000,3640.2000,3642.6000,3644.0000,2,1,2,1,5,1,3,1,2,1
SF,IF2009,2020-04-13 09:33:23.100,3638.2000,18257,0,234766740.000,0,-,-,-,-,3637.8000,3637.6000,3636.6000,3636.2000,3636.0000,3639.6000,3639.8000,3640.0000,3640.2000,3642.6000,2,1,2,1,5,4,1,3,1,2
SF,IF2009,2020-04-13 09:33:23.600,3638.2000,18257,0,234766740.000,0,-,-,-,-,3638.0000,3637.8000,3636.6000,3636.2000,3636.0000,3639.4000,3639.6000,3639.8000,3640.0000,3640.2000,2,2,2,1,5,1,2,1,1,1
SF,IF2009,2020-04-13 09:33:24.100,3638.2000,18257,0,234766740.000,0,-,-,-,-,3638.0000,3636.6000,3636.2000,3636.0000,3635.8000,3639.6000,3639.8000,3640.0000,3640.2000,3642.6000,2,2,1,5,1,2,1,1,1,2
SF,IF2009,2020-04-13 09:33:24.600,3638.2000,18257,0,234766740.000,0,-,-,-,-,3638.4000,3638.2000,3638.0000,3636.6000,3636.2000,3639.6000,3639.8000,3640.0000,3640.2000,3642.6000,1,1,2,2,1,2,1,1,1,2
SF,IF2009,2020-04-13 09:33:25.100,3638.2000,18257,0,234766740.000,0,-,-,-,-,3638.2000,3636.6000,3636.2000,3636.0000,3635.8000,3639.4000,3639.6000,3639.8000,3640.0000,3640.2000,1,2,1,5,1,2,2,1,1,1
SF,IF2009,2020-04-13 09:33:25.600,3638.2000,18256,-1,235858200.000,1,0,1,双平,S,3636.6000,3636.2000,3636.0000,3635.8000,3635.0000,3637.4000,3638.8000,3639.2000,3639.4000,3639.8000,2,1,5,1,2,1,1,3,2,1
SF,IF2009,2020-04-13 09:33:26.100,3637.4000,18255,-1,236949420.000,1,0,1,双平,S,3637.4000,3636.8000,3636.6000,3636.2000,3636.0000,3639.2000,3639.4000,3639.8000,3640.0000,3640.2000,3,2,2,1,5,2,1,1,1,1
SF,IF2009,2020-04-13 09:33:26.600,3637.4000,18255,0,236949420.000,0,-,-,-,-,3637.6000,3637.4000,3636.6000,3636.2000,3636.0000,3639.0000,3639.2000,3639.4000,3639.8000,3640.0000,2,1,2,1,5,1,2,1,1,1
SF,IF2009,2020-04-13 09:33:27.100,3637.4000,18255,0,236949420.000,0,-,-,-,-,3637.0000,3636.6000,3636.2000,3636.0000,3635.8000,3638.8000,3639.0000,3639.8000,3640.0000,3640.2000,1,2,1,5,1,7,2,1,1,1
SF,IF2009,2020-04-13 09:33:27.600,3637.4000,18255,0,236949420.000,0,-,-,-,-,3637.2000,3637.0000,3636.6000,3636.2000,3636.0000,3638.8000,3639.0000,3639.8000,3640.0000,3640.2000,2,1,2,1,5,2,1,1,1,1
SF,IF2009,2020-04-13 09:33:28.100,3637.4000,18255,0,236949420.000,0,-,-,-,-,3637.2000,3637.0000,3636.6000,3636.2000,3636.0000,3638.6000,3638.8000,3639.0000,3639.8000,3640.0000,2,1,2,1,5,2,3,1,1,1
SF,IF2009,2020-04-13 09:33:28.600,3637.4000,18255,0,236949420.000,0,-,-,-,-,3637.2000,3637.0000,3636.6000,3636.2000,3636.0000,3638.4000,3638.6000,3638.8000,3639.0000,3639.8000,2,1,2,1,5,1,1,3,1,1
SF,IF2009,2020-04-13 09:33:29.100,3637.4000,18255,0,236949420.000,0,-,-,-,-,3637.2000,3637.0000,3636.6000,3636.2000,3636.0000,3638.4000,3638.8000,3639.0000,3639.8000,3640.0000,2,1,2,1,5,1,2,1,1,1
SF,IF2009,2020-04-13 09:33:30.100,3637.4000,18255,0,236949420.000,0,-,-,-,-,3637.2000,3637.0000,3636.6000,3636.2000,3636.0000,3638.2000,3638.4000,3638.8000,3639.0000,3639.8000,2,1,2,1,5,1,1,2,1,1
SF,IF2009,2020-04-13 09:33:31.600,3637.4000,18255,0,236949420.000,0,-,-,-,-,3637.2000,3637.0000,3636.6000,3636.2000,3636.0000,3638.2000,3638.4000,3638.8000,3639.0000,3639.8000,2,1,2,1,5,1,1,1,1,1
SF,IF2009,2020-04-13 09:33:32.100,3637.4000,18255,0,236949420.000,0,-,-,-,-,3637.2000,3637.0000,3636.6000,3636.2000,3636.0000,3638.2000,3638.8000,3639.0000,3639.8000,3640.0000,2,1,2,1,5,1,1,1,1,1
SF,IF2009,2020-04-13 09:33:32.600,3637.4000,18255,0,236949420.000,0,-,-,-,-,3637.2000,3637.0000,3636.6000,3636.2000,3636.0000,3638.2000,3638.8000,3639.0000,3639.2000,3639.8000,2,1,2,1,5,1,1,1,1,1
SF,IF2009,2020-04-13 09:33:33.100,3637.4000,18255,0,236949420.000,0,-,-,-,-,3637.2000,3637.0000,3636.6000,3636.2000,3636.0000,3638.2000,3638.8000,3639.0000,3639.2000,3639.8000,2,1,2,1,5,1,1,1,1,1
SF,IF2009,2020-04-13 09:33:33.600,3637.4000,18255,0,236949420.000,0,-,-,-,-,3637.2000,3637.0000,3636.6000,3636.2000,3636.0000,3638.2000,3638.8000,3639.0000,3639.2000,3639.8000,1,1,2,1,5,1,1,1,1,1
SF,IF2009,2020-04-13 09:33:34.100,3637.4000,18255,0,236949420.000,0,-,-,-,-,3637.4000,3637.0000,3636.6000,3636.2000,3636.0000,3638.2000,3638.8000,3639.0000,3639.2000,3639.8000,1,1,2,1,5,1,1,1,1,1
SF,IF2009,2020-04-13 09:33:34.600,3637.4000,18254,-1,238040640.000,1,0,1,双平,S,3637.0000,3636.6000,3636.2000,3636.0000,3635.8000,3638.2000,3638.8000,3639.0000,3639.2000,3639.8000,1,2,1,5,1,1,1,1,1,1
SF,IF2009,2020-04-13 09:33:35.100,3637.4000,18254,0,238040640.000,0,-,-,-,-,3637.0000,3636.6000,3636.2000,3636.0000,3635.8000,3638.0000,3638.2000,3638.8000,3639.0000,3639.2000,1,2,1,5,1,2,1,1,1,1
SF,IF2009,2020-04-13 09:33:35.600,3637.4000,18254,0,238040640.000,0,-,-,-,-,3637.2000,3637.0000,3636.6000,3636.2000,3636.0000,3638.2000,3638.8000,3639.0000,3639.2000,3639.8000,2,1,2,1,5,1,1,1,1,1
SF,IF2009,2020-04-13 09:33:36.100,3637.4000,18254,0,238040640.000,0,-,-,-,-,3637.0000,3636.6000,3636.2000,3636.0000,3635.8000,3638.0000,3638.2000,3638.8000,3639.0000,3639.2000,1,2,1,5,1,2,1,1,1,1
SF,IF2009,2020-04-13 09:33:36.600,3637.8000,18253,-1,239131980.000,1,0,1,双平,S,3637.0000,3636.6000,3636.2000,3636.0000,3635.8000,3638.0000,3638.2000,3638.8000,3639.0000,3639.2000,1,2,1,5,1,2,1,1,1,1
SF,IF2009,2020-04-13 09:33:37.100,3637.8000,18253,0,240223320.000,1,0,1,多换,S,3637.0000,3636.6000,3636.2000,3636.0000,3635.8000,3638.0000,3638.2000,3638.8000,3639.0000,3639.2000,1,2,1,5,1,2,1,1,1,1
SF,IF2009,2020-04-13 09:33:38.100,3637.8000,18253,0,240223320.000,0,-,-,-,-,3637.0000,3636.6000,3636.2000,3636.0000,3635.8000,3638.0000,3638.2000,3638.8000,3639.0000,3639.2000,1,2,1,5,1,2,1,1,1,1
SF,IF2009,2020-04-13 09:33:38.600,3637.8000,18253,0,240223320.000,0,-,-,-,-,3637.0000,3636.6000,3636.2000,3636.0000,3635.8000,3637.6000,3637.8000,3638.0000,3638.8000,3639.0000,1,2,1,5,1,1,1,2,1,1
SF,IF2009,2020-04-13 09:33:39.100,3637.8000,18253,0,240223320.000,0,-,-,-,-,3637.0000,3636.6000,3636.2000,3636.0000,3635.8000,3637.6000,3637.8000,3638.0000,3638.8000,3639.0000,1,2,1,5,1,1,1,1,1,1
SF,IF2009,2020-04-13 09:33:40.100,3637.6000,18252,-1,241314600.000,1,0,1,双平,S,3637.0000,3636.6000,3636.2000,3636.0000,3635.8000,3637.8000,3638.0000,3638.8000,3639.0000,3639.2000,1,2,1,5,1,1,1,1,1,1
SF,IF2009,2020-04-13 09:33:41.100,3637.6000,18252,0,241314600.000,0,-,-,-,-,3637.0000,3636.6000,3636.2000,3636.0000,3635.8000,3637.8000,3638.0000,3638.8000,3639.0000,3639.2000,1,2,1,5,1,1,2,1,1,1
SF,IF2009,2020-04-13 09:33:41.600,3637.6000,18252,0,241314600.000,0,-,-,-,-,3637.0000,3636.6000,3636.2000,3636.0000,3635.8000,3637.8000,3638.0000,3638.8000,3639.0000,3639.2000,1,2,1,5,1,1,1,1,1,1
SF,IF2009,2020-04-13 09:33:42.600,3637.6000,18252,0,241314600.000,0,-,-,-,-,3637.0000,3636.6000,3636.2000,3636.0000,3635.8000,3637.8000,3638.0000,3638.8000,3639.0000,3639.2000,1,2,1,5,1,1,2,1,1,1
SF,IF2009,2020-04-13 09:33:43.100,3637.0000,18251,-1,242405700.000,1,0,1,双平,S,3636.6000,3636.2000,3636.0000,3635.8000,3635.0000,3637.8000,3638.0000,3638.8000,3639.0000,3639.2000,2,1,5,1,2,1,1,1,1,1
SF,IF2009,2020-04-13 09:33:43.600,3637.0000,18251,0,242405700.000,0,-,-,-,-,3636.8000,3636.6000,3636.2000,3636.0000,3635.8000,3637.8000,3638.8000,3639.0000,3639.2000,3639.8000,2,2,1,5,1,1,1,1,1,1
SF,IF2009,2020-04-13 09:33:44.100,3637.0000,18251,0,242405700.000,0,-,-,-,-,3636.8000,3636.6000,3636.2000,3636.0000,3635.8000,3637.8000,3638.2000,3638.8000,3639.0000,3639.8000,1,2,1,5,1,1,1,1,1,1
SF,IF2009,2020-04-13 09:33:45.100,3637.8000,18252,1,243497040.000,1,1,0,双开,S,3637.8000,3636.8000,3636.6000,3636.2000,3636.0000,3638.2000,3638.8000,3639.0000,3639.8000,3642.6000,1,1,2,1,5,1,1,1,1,2
SF,IF2009,2020-04-13 09:33:45.600,3637.8000,18252,0,244588380.000,1,0,1,多换,S,3636.8000,3636.6000,3636.2000,3636.0000,3635.8000,3637.8000,3638.0000,3638.2000,3638.8000,3639.0000,1,2,1,5,1,2,3,1,1,1
SF,IF2009,2020-04-13 09:33:46.100,3638.0000,18252,0,245679780.000,1,0,1,多换,S,3636.8000,3636.6000,3636.2000,3636.0000,3635.8000,3638.2000,3638.8000,3639.0000,3639.8000,3642.6000,1,2,1,5,1,1,1,1,1,2
SF,IF2009,2020-04-13 09:33:46.600,3638.0000,18252,0,245679780.000,0,-,-,-,-,3636.8000,3636.6000,3636.2000,3636.0000,3635.8000,3637.2000,3637.6000,3638.0000,3638.2000,3638.8000,1,2,1,5,1,1,2,3,1,1
SF,IF2009,2020-04-13 09:33:47.100,3638.0000,18252,0,245679780.000,0,-,-,-,-,3637.2000,3636.8000,3636.6000,3636.2000,3636.0000,3638.0000,3638.2000,3638.8000,3639.0000,3639.8000,2,1,2,1,5,1,1,1,1,1
SF,IF2009,2020-04-13 09:33:47.600,3637.0000,18252,0,246770880.000,1,0,1,多换,S,3636.8000,3636.6000,3636.2000,3636.0000,3635.8000,3638.8000,3639.0000,3639.8000,3642.6000,3644.0000,1,2,1,5,1,1,1,1,2,1
SF,IF2009,2020-04-13 09:33:48.100,3637.0000,18252,0,246770880.000,0,-,-,-,-,3636.8000,3636.6000,3636.2000,3636.0000,3635.8000,3638.6000,3638.8000,3639.0000,3639.8000,3642.6000,1,2,1,5,1,5,3,1,1,2
SF,IF2009,2020-04-13 09:33:48.600,3637.0000,18252,0,246770880.000,0,-,-,-,-,3637.0000,3636.8000,3636.6000,3636.2000,3636.0000,3638.4000,3638.6000,3638.8000,3639.8000,3642.6000,1,1,2,1,5,3,4,1,1,2
SF,IF2009,2020-04-13 09:33:49.100,3637.0000,18252,0,246770880.000,0,-,-,-,-,3637.2000,3636.6000,3636.2000,3636.0000,3635.8000,3638.2000,3638.4000,3638.6000,3638.8000,3639.8000,1,2,1,5,1,2,1,3,1,1
SF,IF2009,2020-04-13 09:33:49.600,3637.0000,18252,0,246770880.000,0,-,-,-,-,3637.2000,3636.6000,3636.2000,3636.0000,3635.8000,3638.0000,3638.2000,3638.6000,3638.8000,3639.8000,1,2,1,5,1,1,1,1,1,1
SF,IF2009,2020-04-13 09:33:50.100,3637.0000,18252,0,246770880.000,0,-,-,-,-,3637.2000,3636.6000,3636.2000,3636.0000,3635.8000,3638.6000,3638.8000,3639.8000,3642.6000,3644.0000,1,2,1,5,1,1,2,1,2,1
SF,IF2009,2020-04-13 09:33:50.600,3637.0000,18252,0,246770880.000,0,-,-,-,-,3637.2000,3636.6000,3636.2000,3636.0000,3635.8000,3638.4000,3638.6000,3638.8000,3639.8000,3642.6000,1,2,1,5,1,3,1,3,1,2
SF,IF2009,2020-04-13 09:33:51.100,3637.2000,18251,-1,247862040.000,1,0,1,双平,S,3636.6000,3636.2000,3636.0000,3635.8000,3635.0000,3638.2000,3638.4000,3638.8000,3639.8000,3642.6000,2,1,5,1,2,2,2,3,1,2
SF,IF2009,2020-04-13 09:33:51.600,3637.2000,18251,0,247862040.000,0,-,-,-,-,3636.6000,3636.2000,3636.0000,3635.8000,3635.0000,3637.6000,3638.0000,3638.2000,3638.8000,3639.8000,2,1,5,1,2,1,6,2,3,1
SF,IF2009,2020-04-13 09:33:52.100,3637.2000,18251,0,247862040.000,0,-,-,-,-,3636.8000,3636.6000,3636.2000,3636.0000,3635.8000,3637.6000,3638.0000,3638.2000,3638.8000,3639.8000,1,2,1,5,1,1,4,2,3,1
SF,IF2009,2020-04-13 09:33:52.600,3636.6000,18251,0,248953020.000,1,0,1,多换,S,3636.6000,3636.2000,3636.0000,3635.8000,3635.0000,3637.6000,3638.0000,3638.2000,3638.8000,3639.8000,1,1,5,1,2,1,2,2,3,1
SF,IF2009,2020-04-13 09:33:53.100,3636.6000,18251,0,248953020.000,0,-,-,-,-,3636.6000,3636.2000,3636.0000,3635.8000,3635.0000,3637.4000,3637.6000,3638.0000,3638.2000,3638.8000,1,1,5,1,2,2,1,2,1,3
SF,IF2009,2020-04-13 09:33:53.600,3636.2000,18250,-1,251134860.000,2,0,2,多平,S,3636.0000,3635.8000,3635.0000,3634.4000,3634.0000,3637.4000,3638.0000,3638.2000,3638.8000,3639.8000,5,1,2,1,3,2,2,1,3,1
SF,IF2009,2020-04-13 09:33:54.100,3636.2000,18250,0,251134860.000,0,-,-,-,-,3636.2000,3636.0000,3635.8000,3635.0000,3634.4000,3636.8000,3637.4000,3638.0000,3638.2000,3638.8000,1,5,1,2,1,1,2,2,1,3
SF,IF2009,2020-04-13 09:33:54.600,3636.0000,18250,0,252225660.000,1,0,1,多换,S,3636.0000,3635.8000,3635.0000,3634.4000,3634.0000,3636.8000,3637.2000,3637.4000,3638.0000,3638.2000,4,1,2,1,3,1,1,1,2,1
SF,IF2009,2020-04-13 09:33:55.100,3636.0000,18250,0,252225660.000,0,-,-,-,-,3636.0000,3635.8000,3635.0000,3634.4000,3634.0000,3636.6000,3636.8000,3638.0000,3638.2000,3638.8000,4,1,2,1,3,4,1,2,1,3
SF,IF2009,2020-04-13 09:33:55.600,3636.0000,18247,-3,255498060.000,3,0,3,双平,S,3636.0000,3635.8000,3635.0000,3634.4000,3634.0000,3636.6000,3638.0000,3638.2000,3638.8000,3639.8000,1,1,2,1,3,3,2,1,3,1
SF,IF2009,2020-04-13 09:33:56.100,3635.8000,18247,0,257679600.000,2,1,1,多换,S,3635.0000,3634.4000,3634.0000,3633.0000,3630.6000,3636.2000,3636.4000,3636.6000,3637.8000,3638.0000,2,1,3,1,1,1,1,5,1,2
SF,IF2009,2020-04-13 09:33:56.600,3635.8000,18247,0,257679600.000,0,-,-,-,-,3635.2000,3635.0000,3634.4000,3634.0000,3633.0000,3636.0000,3636.2000,3636.6000,3637.8000,3638.0000,1,2,1,3,1,2,2,2,1,2
SF,IF2009,2020-04-13 09:33:57.100,3635.8000,18247,0,257679600.000,0,-,-,-,-,3635.2000,3635.0000,3634.4000,3634.0000,3633.0000,3636.2000,3636.6000,3637.8000,3638.0000,3638.2000,1,2,1,3,1,2,2,1,2,1
SF,IF2009,2020-04-13 09:33:57.600,3635.8000,18247,0,257679600.000,0,-,-,-,-,3635.0000,3634.4000,3634.0000,3633.0000,3630.6000,3636.0000,3636.6000,3637.8000,3638.0000,3638.2000,2,1,3,1,1,2,1,1,2,1
SF,IF2009,2020-04-13 09:33:58.100,3635.8000,18247,0,257679600.000,0,-,-,-,-,3635.0000,3634.4000,3634.0000,3633.0000,3630.6000,3635.8000,3636.0000,3636.6000,3637.8000,3638.0000,2,1,3,1,1,1,2,1,1,2
SF,IF2009,2020-04-13 09:33:58.600,3635.8000,18247,0,257679600.000,0,-,-,-,-,3635.0000,3634.4000,3634.0000,3633.0000,3630.6000,3636.0000,3636.6000,3637.8000,3638.0000,3638.2000,2,1,3,1,1,1,1,1,2,1
SF,IF2009,2020-04-13 09:33:59.100,3635.8000,18247,0,257679600.000,0,-,-,-,-,3635.0000,3634.4000,3634.0000,3633.0000,3630.6000,3635.8000,3636.0000,3636.6000,3637.8000,3638.0000,2,1,3,1,1,2,1,1,1,2
SF,IF2009,2020-04-13 09:33:59.600,3635.8000,18247,0,257679600.000,0,-,-,-,-,3635.0000,3634.4000,3634.0000,3633.0000,3630.6000,3635.6000,3635.8000,3636.6000,3637.8000,3638.0000,2,1,3,1,1,2,1,1,1,2
SF,IF2009,2020-04-13 09:34:00.100,3635.8000,18247,0,257679600.000,0,-,-,-,-,3635.0000,3634.4000,3634.0000,3633.0000,3630.6000,3635.4000,3635.6000,3636.6000,3637.8000,3638.0000,2,1,3,1,1,1,1,1,1,2
SF,IF2009,2020-04-13 09:34:00.600,3635.8000,18247,0,257679600.000,0,-,-,-,-,3635.0000,3634.4000,3634.0000,3633.0000,3630.6000,3635.6000,3636.6000,3637.8000,3638.0000,3638.2000,2,1,3,1,1,1,1,1,2,1
SF,IF2009,2020-04-13 09:34:01.100,3635.0000,18247,0,258770100.000,1,0,1,多换,S,3635.0000,3634.4000,3634.0000,3633.0000,3630.6000,3635.6000,3636.6000,3637.8000,3638.0000,3638.2000,1,1,3,1,1,1,1,1,2,1
SF,IF2009,2020-04-13 09:34:01.600,3635.0000,18247,0,258770100.000,0,-,-,-,-,3635.0000,3634.4000,3634.0000,3633.0000,3630.6000,3635.4000,3635.6000,3636.6000,3637.8000,3638.0000,1,1,3,1,1,1,1,1,1,2
SF,IF2009,2020-04-13 09:34:02.100,3635.0000,18247,0,259860600.000,1,0,1,多换,S,3634.4000,3634.0000,3633.0000,3630.6000,3630.2000,3634.8000,3635.0000,3635.2000,3636.6000,3637.8000,1,3,1,1,1,2,3,2,1,1
SF,IF2009,2020-04-13 09:34:02.600,3635.0000,18247,0,259860600.000,0,-,-,-,-,3634.4000,3634.0000,3633.0000,3630.6000,3630.2000,3634.8000,3635.0000,3636.6000,3637.8000,3638.0000,1,3,1,1,1,6,4,1,1,2
SF,IF2009,2020-04-13 09:34:03.100,3635.0000,18247,0,259860600.000,0,-,-,-,-,3634.4000,3634.0000,3633.0000,3630.6000,3630.2000,3634.6000,3634.8000,3635.0000,3636.6000,3637.8000,1,3,1,1,1,2,4,3,1,1
SF,IF2009,2020-04-13 09:34:03.600,3634.4000,18246,-1,260950920.000,1,0,1,双平,S,3634.0000,3633.0000,3630.6000,3630.2000,3630.0000,3634.4000,3634.6000,3634.8000,3635.0000,3636.6000,3,1,1,1,5,1,2,4,3,1
SF,IF2009,2020-04-13 09:34:04.100,3634.4000,18246,0,260950920.000,0,-,-,-,-,3634.0000,3633.0000,3630.6000,3630.2000,3630.0000,3634.2000,3634.4000,3634.8000,3635.0000,3636.6000,3,1,1,1,5,2,5,4,3,1
SF,IF2009,2020-04-13 09:34:04.600,3634.4000,18246,0,260950920.000,0,-,-,-,-,3634.0000,3633.0000,3630.6000,3630.2000,3630.0000,3634.2000,3634.4000,3634.8000,3635.0000,3636.6000,3,1,1,1,5,4,7,4,3,1
SF,IF2009,2020-04-13 09:34:05.100,3634.0000,18246,0,263131320.000,2,1,1,多换,S,3634.0000,3633.0000,3630.6000,3630.2000,3630.0000,3634.2000,3634.4000,3634.8000,3635.0000,3636.6000,1,1,1,1,5,3,7,4,3,1
SF,IF2009,2020-04-13 09:34:05.600,3634.0000,18246,0,263131320.000,0,-,-,-,-,3634.0000,3633.0000,3630.6000,3630.2000,3630.0000,3634.2000,3634.4000,3634.8000,3635.0000,3636.6000,1,1,1,1,5,3,5,4,3,1
SF,IF2009,2020-04-13 09:34:06.100,3634.0000,18246,0,264221520.000,1,0,1,多换,S,3633.0000,3630.6000,3630.2000,3630.0000,3625.0000,3634.0000,3634.2000,3634.4000,3634.8000,3635.0000,1,1,1,5,6,3,3,5,4,3
SF,IF2009,2020-04-13 09:34:06.600,3633.0000,18247,1,265311420.000,1,1,0,双开,S,3630.6000,3630.2000,3630.0000,3625.0000,3624.4000,3632.6000,3633.8000,3634.0000,3634.4000,3634.8000,1,1,5,6,1,1,2,1,5,4
SF,IF2009,2020-04-13 09:34:07.100,3633.0000,18247,0,265311420.000,0,-,-,-,-,3632.6000,3631.6000,3630.8000,3630.6000,3630.2000,3633.8000,3634.0000,3634.4000,3634.8000,3635.0000,2,1,2,1,1,2,1,5,4,3
SF,IF2009,2020-04-13 09:34:07.600,3633.0000,18247,0,265311420.000,0,-,-,-,-,3632.8000,3631.6000,3630.8000,3630.6000,3630.2000,3633.8000,3634.0000,3634.4000,3634.8000,3635.0000,1,1,1,1,1,1,1,3,4,3
SF,IF2009,2020-04-13 09:34:08.100,3633.8000,18247,0,266401560.000,1,0,1,多换,S,3632.8000,3631.6000,3630.8000,3630.6000,3630.2000,3634.0000,3634.4000,3634.8000,3635.0000,3636.6000,1,1,1,1,1,1,2,4,3,1
SF,IF2009,2020-04-13 09:34:08.600,3633.8000,18247,0,266401560.000,0,-,-,-,-,3632.8000,3630.8000,3630.6000,3630.2000,3630.0000,3634.0000,3634.4000,3635.0000,3636.6000,3637.8000,1,1,1,1,5,1,2,2,1,1
SF,IF2009,2020-04-13 09:34:09.100,3633.8000,18247,0,266401560.000,0,-,-,-,-,3633.0000,3632.8000,3630.8000,3630.6000,3630.2000,3634.4000,3636.6000,3637.8000,3638.0000,3639.8000,1,1,1,1,1,2,1,1,1,1
SF,IF2009,2020-04-13 09:34:09.600,3633.8000,18247,0,266401560.000,0,-,-,-,-,3633.2000,3633.0000,3630.8000,3630.6000,3630.2000,3634.4000,3636.6000,3637.8000,3638.0000,3639.8000,1,1,1,1,1,2,1,1,1,1
SF,IF2009,2020-04-13 09:34:10.100,3633.8000,18247,0,266401560.000,0,-,-,-,-,3633.0000,3630.6000,3630.2000,3630.0000,3625.0000,3634.2000,3634.4000,3636.6000,3637.8000,3638.0000,1,1,1,5,6,2,3,1,1,1
SF,IF2009,2020-04-13 09:34:10.600,3633.8000,18247,0,266401560.000,0,-,-,-,-,3633.2000,3633.0000,3630.6000,3630.2000,3630.0000,3634.4000,3636.6000,3637.8000,3638.0000,3639.8000,1,1,1,1,5,2,1,1,1,1
SF,IF2009,2020-04-13 09:34:11.100,3634.2000,18246,-1,267491820.000,1,0,1,双平,S,3633.0000,3630.6000,3630.2000,3630.0000,3625.0000,3634.2000,3634.4000,3636.6000,3637.8000,3638.0000,1,1,1,5,6,1,4,1,1,1
SF,IF2009,2020-04-13 09:34:11.600,3634.2000,18246,0,267491820.000,0,-,-,-,-,3630.6000,3630.2000,3630.0000,3625.0000,3624.4000,3634.0000,3634.4000,3636.6000,3637.8000,3638.0000,1,1,5,6,1,1,2,1,1,1
SF,IF2009,2020-04-13 09:34:12.100,3634.2000,18246,0,267491820.000,0,-,-,-,-,3632.4000,3630.8000,3630.6000,3630.2000,3630.0000,3633.0000,3633.8000,3634.0000,3634.2000,3634.4000,1,3,1,1,5,3,1,1,1,1
SF,IF2009,2020-04-13 09:34:12.600,3633.0000,18246,0,270761520.000,3,1,2,多换,S,3632.4000,3630.8000,3630.6000,3630.2000,3630.0000,3633.8000,3634.0000,3634.2000,3634.4000,3635.8000,1,3,1,1,5,1,1,1,1,1
SF,IF2009,2020-04-13 09:34:13.100,3633.0000,18246,0,270761520.000,0,-,-,-,-,3632.4000,3630.8000,3630.6000,3630.2000,3630.0000,3633.6000,3633.8000,3634.2000,3634.4000,3635.8000,1,2,1,1,5,2,1,1,1,1
SF,IF2009,2020-04-13 09:34:13.600,3633.0000,18246,0,270761520.000,0,-,-,-,-,3632.4000,3630.8000,3630.6000,3630.2000,3630.0000,3633.6000,3633.8000,3634.2000,3634.4000,3635.8000,1,2,1,1,5,3,1,1,1,1
SF,IF2009,2020-04-13 09:34:14.100,3632.4000,18245,-1,271851240.000,1,0,1,双平,S,3630.8000,3630.6000,3630.2000,3630.0000,3625.0000,3633.6000,3634.2000,3634.4000,3635.8000,3636.6000,2,1,1,5,6,2,1,1,1,1
SF,IF2009,2020-04-13 09:34:14.600,3632.4000,18245,0,271851240.000,0,-,-,-,-,3631.2000,3630.8000,3630.6000,3630.2000,3630.0000,3633.4000,3633.6000,3634.2000,3634.4000,3635.8000,1,2,1,1,5,1,1,1,1,1
SF,IF2009,2020-04-13 09:34:15.100,3632.4000,18245,0,271851240.000,0,-,-,-,-,3631.4000,3630.8000,3630.6000,3630.2000,3630.0000,3633.4000,3634.2000,3634.4000,3635.8000,3636.6000,1,1,1,1,5,1,1,1,1,1
SF,IF2009,2020-04-13 09:34:15.600,3632.4000,18245,0,271851240.000,0,-,-,-,-,3631.4000,3630.8000,3630.6000,3630.2000,3630.0000,3633.2000,3633.4000,3634.2000,3634.4000,3635.8000,1,1,1,1,5,2,1,1,1,1
SF,IF2009,2020-04-13 09:34:16.600,3632.4000,18245,0,271851240.000,0,-,-,-,-,3633.0000,3631.4000,3630.8000,3630.6000,3630.2000,3633.2000,3633.4000,3634.2000,3634.4000,3635.8000,1,1,1,1,1,2,1,1,1,1
SF,IF2009,2020-04-13 09:34:17.100,3632.4000,18245,0,271851240.000,0,-,-,-,-,3633.0000,3631.4000,3630.8000,3630.6000,3630.2000,3633.2000,3634.2000,3634.4000,3635.8000,3636.6000,1,1,1,1,1,2,1,1,1,1
SF,IF2009,2020-04-13 09:34:17.600,3633.0000,18244,-1,272941140.000,1,0,1,双平,S,3631.4000,3630.8000,3630.6000,3630.2000,3630.0000,3633.2000,3634.2000,3634.4000,3635.8000,3636.6000,1,1,1,1,5,2,1,1,1,1
SF,IF2009,2020-04-13 09:34:18.100,3633.0000,18244,0,272941140.000,0,-,-,-,-,3631.6000,3631.4000,3630.8000,3630.6000,3630.2000,3633.2000,3634.2000,3634.4000,3635.8000,3636.6000,1,1,1,1,1,1,1,1,1,1
SF,IF2009,2020-04-13 09:34:18.600,3633.0000,18244,0,272941140.000,0,-,-,-,-,3631.8000,3631.6000,3630.8000,3630.6000,3630.2000,3633.0000,3633.2000,3634.2000,3634.4000,3635.8000,1,1,1,1,1,1,1,1,1,1
SF,IF2009,2020-04-13 09:34:19.100,3633.0000,18244,0,272941140.000,0,-,-,-,-,3631.8000,3630.8000,3630.6000,3630.2000,3630.0000,3632.8000,3633.0000,3634.2000,3634.4000,3635.8000,1,1,1,1,5,2,2,1,1,1
SF,IF2009,2020-04-13 09:34:19.600,3633.0000,18244,0,272941140.000,0,-,-,-,-,3631.8000,3630.8000,3630.6000,3630.2000,3630.0000,3632.8000,3634.2000,3634.4000,3635.8000,3636.6000,1,1,1,1,5,2,1,1,1,1
SF,IF2009,2020-04-13 09:34:20.100,3631.8000,18243,-1,274030680.000,1,0,1,双平,S,3630.8000,3630.6000,3630.2000,3630.0000,3625.0000,3634.2000,3634.4000,3635.8000,3636.6000,3638.0000,1,1,1,5,6,1,1,1,1,1
SF,IF2009,2020-04-13 09:34:20.600,3631.8000,18243,0,274030680.000,0,-,-,-,-,3631.0000,3630.6000,3630.2000,3630.0000,3625.0000,3633.6000,3633.8000,3634.0000,3634.2000,3634.4000,1,1,1,5,6,2,1,2,1,3
SF,IF2009,2020-04-13 09:34:21.100,3631.8000,18243,0,274030680.000,0,-,-,-,-,3631.0000,3630.6000,3630.2000,3630.0000,3625.0000,3633.4000,3633.6000,3633.8000,3634.2000,3634.4000,1,1,1,5,6,3,2,1,1,3
SF,IF2009,2020-04-13 09:34:21.600,3631.8000,18243,0,274030680.000,0,-,-,-,-,3631.0000,3630.6000,3630.2000,3630.0000,3625.0000,3633.2000,3633.4000,3633.6000,3634.2000,3634.4000,1,1,1,5,6,2,3,2,1,3
SF,IF2009,2020-04-13 09:34:22.100,3631.8000,18243,0,274030680.000,0,-,-,-,-,3631.0000,3630.6000,3630.2000,3630.0000,3625.0000,3633.0000,3633.2000,3633.4000,3633.6000,3634.2000,1,1,1,5,6,3,2,1,2,1
SF,IF2009,2020-04-13 09:34:22.600,3631.8000,18243,0,274030680.000,0,-,-,-,-,3631.0000,3630.6000,3630.2000,3630.0000,3625.0000,3632.8000,3633.0000,3633.2000,3633.6000,3634.2000,1,1,1,5,6,1,3,2,2,1
SF,IF2009,2020-04-13 09:34:23.100,3631.8000,18243,0,274030680.000,0,-,-,-,-,3631.0000,3630.6000,3630.2000,3630.0000,3625.0000,3632.6000,3633.0000,3633.6000,3634.2000,3634.4000,1,1,1,5,6,3,1,2,2,3
SF,IF2009,2020-04-13 09:34:23.600,3631.8000,18243,0,274030680.000,0,-,-,-,-,3631.0000,3630.6000,3630.2000,3630.0000,3625.0000,3632.6000,3633.0000,3633.6000,3634.2000,3634.4000,1,1,1,5,6,2,1,2,2,3
SF,IF2009,2020-04-13 09:34:24.100,3631.8000,18243,0,274030680.000,0,-,-,-,-,3631.0000,3630.6000,3630.2000,3630.0000,3625.0000,3632.6000,3633.0000,3633.6000,3634.2000,3634.4000,1,1,1,5,6,2,1,2,2,3
SF,IF2009,2020-04-13 09:34:24.600,3632.6000,18242,-1,276210240.000,2,0,2,多平,S,3632.6000,3631.2000,3631.0000,3630.6000,3630.2000,3633.0000,3633.6000,3634.2000,3634.4000,3636.6000,1,2,1,1,1,1,2,2,3,1
SF,IF2009,2020-04-13 09:34:25.100,3632.6000,18243,1,277300020.000,1,1,0,双开,S,3631.2000,3631.0000,3630.6000,3630.2000,3630.0000,3634.2000,3634.4000,3636.6000,3638.0000,3639.8000,2,1,1,1,5,2,3,1,1,1
SF,IF2009,2020-04-13 09:34:25.600,3631.8000,18242,-1,278389560.000,1,0,1,双平,S,3631.4000,3631.2000,3630.6000,3630.2000,3630.0000,3634.2000,3634.4000,3636.6000,3638.0000,3639.8000,1,2,1,1,5,2,3,1,1,1
SF,IF2009,2020-04-13 09:34:26.100,3631.8000,18242,0,278389560.000,0,-,-,-,-,3631.4000,3631.2000,3630.6000,3630.2000,3630.0000,3634.0000,3634.2000,3634.4000,3636.6000,3638.0000,1,1,1,1,5,5,2,3,1,1
SF,IF2009,2020-04-13 09:34:26.600,3631.8000,18242,0,278389560.000,0,-,-,-,-,3631.4000,3631.2000,3630.6000,3630.2000,3630.0000,3634.0000,3634.2000,3634.4000,3636.6000,3638.0000,1,1,1,1,5,3,1,3,1,1
SF,IF2009,2020-04-13 09:34:27.100,3631.4000,18241,-1,279478980.000,1,0,1,双平,S,3631.2000,3630.6000,3630.2000,3630.0000,3625.0000,3634.0000,3634.2000,3634.4000,3636.6000,3639.8000,1,1,1,6,6,3,1,3,1,1
SF,IF2009,2020-04-13 09:34:27.600,3631.4000,18241,0,279478980.000,0,-,-,-,-,3631.4000,3631.2000,3630.6000,3630.2000,3630.0000,3634.0000,3634.2000,3634.4000,3636.6000,3639.8000,1,1,1,1,6,2,1,3,1,1
SF,IF2009,2020-04-13 09:34:28.100,3631.4000,18241,0,279478980.000,0,-,-,-,-,3631.4000,3631.2000,3630.6000,3630.2000,3630.0000,3633.8000,3634.0000,3634.2000,3634.4000,3636.6000,3,1,1,1,6,2,2,1,3,1
SF,IF2009,2020-04-13 09:34:28.600,3631.4000,18241,0,279478980.000,0,-,-,-,-,3631.4000,3631.2000,3630.6000,3630.2000,3630.0000,3633.6000,3634.2000,3634.4000,3636.6000,3639.8000,1,1,1,1,6,4,1,3,1,1
SF,IF2009,2020-04-13 09:34:29.100,3631.4000,18241,0,279478980.000,0,-,-,-,-,3630.6000,3630.2000,3630.0000,3625.0000,3624.4000,3632.8000,3633.2000,3633.4000,3633.6000,3634.2000,1,1,6,6,1,1,2,2,2,1
SF,IF2009,2020-04-13 09:34:29.600,3631.4000,18241,0,279478980.000,0,-,-,-,-,3630.8000,3630.6000,3630.2000,3630.0000,3625.0000,3632.6000,3632.8000,3633.2000,3633.4000,3634.2000,1,1,1,6,6,1,2,2,2,1
SF,IF2009,2020-04-13 09:34:30.100,3631.4000,18241,0,279478980.000,0,-,-,-,-,3630.6000,3630.2000,3630.0000,3625.0000,3624.4000,3632.4000,3632.6000,3632.8000,3634.2000,3634.4000,1,1,6,6,1,1,1,3,1,3
SF,IF2009,2020-04-13 09:34:30.600,3631.4000,18241,0,279478980.000,0,-,-,-,-,3630.6000,3630.2000,3630.0000,3625.0000,3624.4000,3632.2000,3632.4000,3632.8000,3634.2000,3634.4000,1,1,6,6,1,1,2,3,1,3
SF,IF2009,2020-04-13 09:34:31.100,3632.0000,18240,-1,281657820.000,2,0,2,多平,S,3630.8000,3630.6000,3630.2000,3630.0000,3625.0000,3632.0000,3632.2000,3632.8000,3634.2000,3634.4000,1,1,1,6,6,1,1,3,1,3
SF,IF2009,2020-04-13 09:34:31.600,3632.0000,18240,0,281657820.000,0,-,-,-,-,3630.8000,3630.6000,3630.2000,3630.0000,3625.0000,3632.2000,3632.8000,3634.2000,3634.4000,3639.8000,1,1,1,6,6,1,3,1,3,1
SF,IF2009,2020-04-13 09:34:32.100,3632.0000,18240,0,281657820.000,0,-,-,-,-,3630.8000,3630.6000,3630.2000,3630.0000,3625.0000,3632.0000,3632.8000,3633.0000,3634.4000,3639.8000,1,1,1,6,6,1,3,1,3,1
SF,IF2009,2020-04-13 09:34:32.600,3632.0000,18240,0,281657820.000,0,-,-,-,-,3630.8000,3630.6000,3630.2000,3630.0000,3625.0000,3632.0000,3632.8000,3633.0000,3634.4000,3639.8000,1,1,1,6,6,1,4,1,3,1
SF,IF2009,2020-04-13 09:34:33.100,3632.0000,18240,0,281657820.000,0,-,-,-,-,3630.8000,3630.6000,3630.2000,3630.0000,3625.0000,3632.8000,3633.0000,3634.4000,3639.8000,3640.0000,1,1,1,6,6,2,1,3,1,5
SF,IF2009,2020-04-13 09:34:33.600,3632.0000,18240,0,281657820.000,0,-,-,-,-,3630.8000,3630.6000,3630.2000,3630.0000,3625.0000,3632.6000,3632.8000,3633.0000,3634.4000,3639.8000,1,1,1,6,6,3,4,1,3,1
SF,IF2009,2020-04-13 09:34:34.100,3632.0000,18240,0,281657820.000,0,-,-,-,-,3630.6000,3630.2000,3630.0000,3625.0000,3624.4000,3632.6000,3632.8000,3633.0000,3634.4000,3639.8000,1,1,6,6,1,4,4,1,3,1
SF,IF2009,2020-04-13 09:34:34.600,3632.0000,18240,0,281657820.000,0,-,-,-,-,3630.6000,3630.2000,3630.0000,3625.0000,3624.4000,3632.4000,3632.6000,3632.8000,3633.0000,3634.4000,1,1,6,6,1,1,3,4,1,3
