市场代码,合约代码,时间,最新,持仓,增仓,成交额,成交量,开仓,平仓,成交类型,方向,买一价,买二价,买三价,买四价,买五价,卖一价,卖二价,卖三价,卖四价,卖五价,买一量,买二量,买三量,买四量,买五量,卖一量,卖二量,卖三量,卖四量,卖五量
SF,IF2012,2020-05-11 09:29:00.100,3838.6000,2499,0,8061060.000,7.000,-,-,-,-,3830.0000,3822.6000,3820.6000,3819.6000,3817.2000,3842.4000,3843.8000,3848.6000,3866.0000,3873.8000,1,1,1,1,4,1,1,3,1,1
SF,IF2012,2020-05-11 09:30:00.100,3838.6000,2499,0,8061060.000,0,-,-,-,-,3830.0000,3827.0000,3822.6000,3819.6000,3817.2000,3837.0000,3840.0000,3841.6000,3841.8000,3842.0000,1,1,1,1,4,1,1,1,1,6
SF,IF2012,2020-05-11 09:30:00.600,3827.0000,2499,0,10358160.000,2,1,1,多换,S,3822.6000,3819.6000,3817.2000,3816.8000,3816.6000,3835.2000,3835.6000,3836.6000,3836.8000,3837.0000,1,1,3,1,1,1,1,2,2,1
SF,IF2012,2020-05-11 09:30:01.100,3823.0000,2498,-1,11505060.000,1,0,1,双平,S,3823.0000,3822.8000,3822.6000,3819.6000,3816.6000,3830.0000,3834.8000,3835.0000,3836.8000,3837.0000,5,4,1,1,1,1,6,1,1,1
SF,IF2012,2020-05-11 09:30:01.600,3823.0000,2498,0,11505060.000,0,-,-,-,-,3823.2000,3823.0000,3822.8000,3822.6000,3816.6000,3829.6000,3829.8000,3834.8000,3836.8000,3837.0000,4,5,2,1,1,1,1,5,1,1
SF,IF2012,2020-05-11 09:30:02.100,3823.0000,2498,0,11505060.000,0,-,-,-,-,3823.4000,3823.2000,3822.8000,3822.6000,3816.6000,3829.4000,3829.6000,3834.8000,3836.8000,3837.0000,5,3,2,1,1,2,1,5,1,1
SF,IF2012,2020-05-11 09:30:02.600,3823.0000,2498,0,11505060.000,0,-,-,-,-,3823.6000,3822.8000,3822.6000,3816.6000,3813.0000,3829.0000,3829.4000,3834.8000,3837.0000,3838.6000,1,2,1,1,2,1,2,5,1,1
SF,IF2012,2020-05-11 09:30:03.100,3823.0000,2498,0,11505060.000,0,-,-,-,-,3823.6000,3822.6000,3816.6000,3807.0000,3780.0000,3828.8000,3829.0000,3834.8000,3837.0000,3838.6000,1,1,1,2,2,2,1,5,1,1
SF,IF2012,2020-05-11 09:30:03.600,3823.0000,2498,0,11505060.000,0,-,-,-,-,3823.6000,3822.6000,3816.6000,3807.0000,3780.0000,3828.4000,3828.8000,3834.8000,3837.0000,3838.6000,1,1,1,2,2,1,2,5,1,1
SF,IF2012,2020-05-11 09:30:04.100,3823.0000,2498,0,11505060.000,0,-,-,-,-,3823.6000,3822.6000,3816.6000,3807.0000,3780.0000,3828.2000,3828.4000,3834.8000,3837.0000,3838.6000,1,1,1,2,2,2,1,5,1,1
SF,IF2012,2020-05-11 09:30:05.100,3823.0000,2498,0,11505060.000,0,-,-,-,-,3823.8000,3823.6000,3822.6000,3816.6000,3807.0000,3828.2000,3834.8000,3837.0000,3838.6000,3839.4000,1,1,1,1,2,2,5,1,1,1
SF,IF2012,2020-05-11 09:30:05.600,3823.0000,2498,0,11505060.000,0,-,-,-,-,3824.2000,3824.0000,3822.6000,3816.6000,3807.0000,3828.0000,3828.2000,3834.8000,3837.0000,3838.6000,1,1,1,1,2,1,2,5,1,1
SF,IF2012,2020-05-11 09:30:06.100,3823.0000,2498,0,11505060.000,0,-,-,-,-,3824.4000,3824.2000,3824.0000,3822.6000,3816.6000,3827.8000,3834.8000,3837.0000,3838.6000,3839.4000,2,1,2,1,1,2,5,1,1,1
SF,IF2012,2020-05-11 09:30:06.600,3823.0000,2498,0,11505060.000,0,-,-,-,-,3825.0000,3824.4000,3822.6000,3816.6000,3807.0000,3827.8000,3834.8000,3837.0000,3838.6000,3839.4000,1,1,1,1,2,2,5,1,1,1
SF,IF2012,2020-05-11 09:30:07.100,3825.0000,2496,-2,13800060.000,2,0,2,双平,S,3822.6000,3816.6000,3807.0000,3780.0000,3733.6000,3827.8000,3834.8000,3837.0000,3838.6000,3839.4000,1,1,2,2,2,2,5,1,1,1
SF,IF2012,2020-05-11 09:30:07.600,3825.0000,2496,0,13800060.000,0,-,-,-,-,3824.2000,3823.0000,3822.8000,3822.6000,3816.6000,3827.8000,3834.8000,3837.0000,3840.0000,3840.8000,1,5,2,1,1,2,5,1,1,1
SF,IF2012,2020-05-11 09:30:08.100,3825.0000,2496,0,13800060.000,0,-,-,-,-,3824.4000,3824.2000,3822.8000,3822.6000,3816.6000,3827.8000,3834.8000,3837.0000,3840.0000,3840.8000,1,1,1,1,1,2,5,1,1,1
SF,IF2012,2020-05-11 09:30:09.600,3825.0000,2496,0,13800060.000,0,-,-,-,-,3824.6000,3824.4000,3824.2000,3822.8000,3822.6000,3827.8000,3834.8000,3837.0000,3840.0000,3840.8000,1,1,1,1,1,2,5,1,1,1
SF,IF2012,2020-05-11 09:30:10.100,3825.0000,2496,0,13800060.000,0,-,-,-,-,3824.8000,3824.6000,3824.2000,3822.8000,3822.6000,3827.8000,3834.8000,3837.0000,3840.0000,3840.8000,2,1,1,1,1,1,5,1,1,1
SF,IF2012,2020-05-11 09:30:10.600,3825.0000,2496,0,13800060.000,0,-,-,-,-,3824.8000,3824.6000,3824.4000,3824.2000,3822.8000,3827.8000,3834.8000,3837.0000,3840.0000,3840.8000,2,1,1,1,1,1,5,1,1,1
SF,IF2012,2020-05-11 09:30:11.600,3825.0000,2496,0,13800060.000,0,-,-,-,-,3824.8000,3824.6000,3824.4000,3824.2000,3822.8000,3827.8000,3834.8000,3837.0000,3840.0000,3840.8000,2,1,1,1,1,1,5,1,1,1
SF,IF2012,2020-05-11 09:30:12.600,3825.0000,2496,0,13800060.000,0,-,-,-,-,3824.8000,3824.4000,3824.2000,3822.8000,3822.6000,3827.8000,3834.8000,3837.0000,3840.0000,3840.8000,2,1,1,1,2,1,5,1,1,1
SF,IF2012,2020-05-11 09:30:13.100,3825.0000,2496,0,13800060.000,0,-,-,-,-,3825.0000,3824.8000,3824.4000,3824.2000,3822.8000,3827.8000,3830.0000,3834.8000,3837.0000,3840.8000,1,2,1,1,1,1,1,5,1,1
SF,IF2012,2020-05-11 09:30:13.600,3825.0000,2496,0,13800060.000,0,-,-,-,-,3825.2000,3824.8000,3824.4000,3824.2000,3822.8000,3830.0000,3834.8000,3837.0000,3840.8000,3842.2000,2,1,1,1,1,1,5,1,1,1
SF,IF2012,2020-05-11 09:30:14.100,3825.0000,2496,0,13800060.000,0,-,-,-,-,3825.4000,3825.2000,3824.4000,3824.2000,3822.8000,3829.8000,3830.0000,3834.8000,3837.0000,3840.8000,1,2,1,1,1,1,1,5,1,1
SF,IF2012,2020-05-11 09:30:14.600,3825.0000,2496,0,13800060.000,0,-,-,-,-,3825.6000,3825.4000,3825.2000,3824.4000,3824.2000,3829.8000,3830.0000,3834.8000,3837.0000,3840.8000,1,3,1,1,1,1,1,5,1,1
SF,IF2012,2020-05-11 09:30:15.100,3825.0000,2496,0,13800060.000,0,-,-,-,-,3825.8000,3825.6000,3825.4000,3824.4000,3824.2000,3829.8000,3830.0000,3834.8000,3837.0000,3840.8000,2,1,2,1,1,1,1,5,1,1
SF,IF2012,2020-05-11 09:30:15.600,3825.0000,2496,0,13800060.000,0,-,-,-,-,3826.0000,3825.8000,3825.4000,3824.4000,3824.2000,3829.8000,3830.0000,3834.8000,3837.0000,3840.8000,1,2,1,1,1,1,1,5,1,1
SF,IF2012,2020-05-11 09:30:16.100,3825.0000,2496,0,13800060.000,0,-,-,-,-,3826.4000,3826.0000,3825.4000,3824.4000,3824.2000,3829.6000,3829.8000,3830.0000,3834.8000,3837.0000,1,1,1,1,1,1,1,1,5,1
SF,IF2012,2020-05-11 09:30:16.600,3825.0000,2496,0,13800060.000,0,-,-,-,-,3826.6000,3826.4000,3824.4000,3824.2000,3822.8000,3829.4000,3829.6000,3830.0000,3834.8000,3837.0000,1,1,1,1,1,1,1,1,5,1
SF,IF2012,2020-05-11 09:30:17.100,3825.0000,2496,0,13800060.000,0,-,-,-,-,3826.4000,3824.4000,3824.2000,3822.8000,3822.6000,3829.4000,3829.6000,3830.0000,3834.8000,3837.0000,1,1,1,1,2,1,1,1,5,1
SF,IF2012,2020-05-11 09:30:17.600,3825.0000,2496,0,13800060.000,0,-,-,-,-,3826.4000,3824.4000,3824.2000,3822.8000,3822.6000,3829.2000,3829.4000,3830.0000,3834.8000,3837.0000,1,1,1,1,2,1,1,1,5,1
SF,IF2012,2020-05-11 09:30:18.100,3825.0000,2496,0,13800060.000,0,-,-,-,-,3824.4000,3824.2000,3822.8000,3822.6000,3821.6000,3829.0000,3829.2000,3830.0000,3834.8000,3837.0000,1,1,1,2,1,1,1,1,5,1
SF,IF2012,2020-05-11 09:30:18.600,3825.0000,2496,0,13800060.000,0,-,-,-,-,3825.0000,3824.6000,3824.4000,3822.8000,3822.6000,3828.8000,3829.0000,3830.0000,3834.8000,3837.0000,1,1,1,1,2,2,1,1,5,1
SF,IF2012,2020-05-11 09:30:19.100,3825.0000,2496,0,13800060.000,0,-,-,-,-,3825.2000,3825.0000,3824.6000,3824.4000,3822.8000,3828.8000,3830.0000,3834.8000,3837.0000,3840.8000,2,1,1,1,1,1,1,5,1,1
SF,IF2012,2020-05-11 09:30:19.600,3825.0000,2496,0,13800060.000,0,-,-,-,-,3825.2000,3825.0000,3824.4000,3822.8000,3822.6000,3828.6000,3828.8000,3830.0000,3834.8000,3837.0000,2,21,1,1,2,1,1,1,5,1
SF,IF2012,2020-05-11 09:30:20.100,3825.0000,2496,0,13800060.000,0,-,-,-,-,3825.6000,3825.2000,3825.0000,3824.4000,3822.8000,3828.4000,3828.6000,3830.0000,3834.8000,3837.0000,1,1,21,1,1,1,1,1,5,1
SF,IF2012,2020-05-11 09:30:20.600,3825.0000,2495,-1,14947560.000,1,0,1,双平,S,3825.6000,3825.0000,3824.4000,3822.8000,3822.6000,3828.2000,3828.4000,3830.0000,3834.8000,3837.0000,1,21,1,1,1,1,1,1,5,1
SF,IF2012,2020-05-11 09:30:21.100,3825.0000,2495,0,14947560.000,0,-,-,-,-,3825.8000,3825.6000,3825.0000,3824.4000,3822.8000,3828.2000,3828.4000,3830.0000,3834.8000,3837.0000,1,1,21,1,1,1,1,1,5,1
SF,IF2012,2020-05-11 09:30:21.600,3825.0000,2495,0,14947560.000,0,-,-,-,-,3825.8000,3825.6000,3825.0000,3824.4000,3822.8000,3828.2000,3828.4000,3830.0000,3834.8000,3837.0000,1,1,21,1,1,1,1,1,5,1
SF,IF2012,2020-05-11 09:30:23.100,3825.0000,2495,0,14947560.000,0,-,-,-,-,3826.0000,3825.8000,3825.6000,3825.0000,3824.4000,3828.2000,3828.4000,3830.0000,3834.8000,3837.0000,1,1,1,21,1,1,1,1,5,1
SF,IF2012,2020-05-11 09:30:23.600,3825.0000,2495,0,14947560.000,0,-,-,-,-,3826.2000,3826.0000,3825.8000,3825.6000,3825.0000,3828.0000,3828.2000,3834.8000,3837.0000,3840.8000,1,1,1,1,21,1,1,5,1,1
SF,IF2012,2020-05-11 09:30:24.600,3825.0000,2495,0,14947560.000,0,-,-,-,-,3826.6000,3826.2000,3825.8000,3825.0000,3824.4000,3828.0000,3828.2000,3834.8000,3837.0000,3840.8000,1,1,1,22,1,1,1,5,1,1
SF,IF2012,2020-05-11 09:30:25.600,3828.0000,2494,-1,16095960.000,1,0,1,双平,S,3826.6000,3826.2000,3825.8000,3825.0000,3824.4000,3828.2000,3834.8000,3837.0000,3840.8000,3842.2000,1,1,1,22,1,1,5,1,1,1
SF,IF2012,2020-05-11 09:30:27.100,3834.8000,2493,-1,18394860.000,2,0,2,多平,S,3827.0000,3826.6000,3826.2000,3825.8000,3825.0000,3834.8000,3837.0000,3840.8000,3842.2000,3865.0000,1,1,1,1,21,4,1,1,1,1
SF,IF2012,2020-05-11 09:30:27.600,3834.8000,2493,0,18394860.000,0,-,-,-,-,3827.2000,3827.0000,3826.6000,3825.8000,3825.0000,3834.4000,3834.6000,3834.8000,3837.0000,3840.8000,1,1,1,1,21,1,2,4,1,1
SF,IF2012,2020-05-11 09:30:28.100,3834.8000,2493,0,18394860.000,0,-,-,-,-,3827.2000,3827.0000,3826.6000,3825.0000,3824.4000,3833.6000,3834.0000,3834.2000,3834.4000,3837.0000,1,1,1,21,1,1,4,2,1,1
SF,IF2012,2020-05-11 09:30:28.600,3834.8000,2493,0,18394860.000,0,-,-,-,-,3827.6000,3827.2000,3826.6000,3825.0000,3824.4000,3832.8000,3833.2000,3833.4000,3833.6000,3834.2000,1,1,1,21,1,1,5,4,1,1
SF,IF2012,2020-05-11 09:30:29.100,3834.8000,2493,0,18394860.000,0,-,-,-,-,3827.8000,3827.6000,3827.4000,3825.0000,3824.4000,3831.8000,3832.4000,3832.6000,3832.8000,3833.0000,1,1,1,21,1,1,1,5,1,2
SF,IF2012,2020-05-11 09:30:29.600,3834.8000,2493,0,18394860.000,0,-,-,-,-,3827.8000,3827.6000,3827.4000,3825.0000,3824.4000,3831.4000,3831.6000,3831.8000,3832.8000,3833.0000,1,1,1,21,1,1,2,1,1,2
SF,IF2012,2020-05-11 09:30:30.100,3834.8000,2493,0,18394860.000,0,-,-,-,-,3827.8000,3827.4000,3825.0000,3824.4000,3822.8000,3831.2000,3831.4000,3831.8000,3832.8000,3833.0000,1,1,21,1,1,2,2,1,1,2
SF,IF2012,2020-05-11 09:30:30.600,3834.8000,2493,0,18394860.000,0,-,-,-,-,3827.8000,3827.4000,3825.0000,3824.4000,3822.8000,3830.8000,3831.0000,3831.2000,3831.4000,3832.8000,1,1,21,1,1,1,1,2,1,1
SF,IF2012,2020-05-11 09:30:31.100,3834.8000,2493,0,18394860.000,0,-,-,-,-,3827.8000,3827.4000,3825.0000,3824.4000,3822.8000,3830.6000,3830.8000,3831.0000,3831.4000,3832.4000,1,1,21,1,1,2,1,1,1,1
SF,IF2012,2020-05-11 09:30:31.600,3834.8000,2493,0,18394860.000,0,-,-,-,-,3828.0000,3827.8000,3827.4000,3825.0000,3824.4000,3830.2000,3830.6000,3830.8000,3831.4000,3832.4000,2,1,1,21,1,1,2,1,1,1
SF,IF2012,2020-05-11 09:30:32.100,3834.8000,2493,0,18394860.000,0,-,-,-,-,3828.2000,3828.0000,3827.4000,3825.0000,3824.4000,3829.6000,3830.2000,3830.6000,3832.4000,3832.8000,1,2,1,21,1,1,1,2,1,1
SF,IF2012,2020-05-11 09:30:32.600,3829.6000,2492,-1,19543740.000,1,0,1,双平,S,3828.6000,3828.2000,3828.0000,3825.0000,3824.4000,3830.6000,3832.4000,3832.6000,3832.8000,3833.0000,1,1,1,20,1,1,1,1,1,3
SF,IF2012,2020-05-11 09:30:33.100,3829.6000,2492,0,19543740.000,0,-,-,-,-,3828.8000,3828.6000,3828.2000,3828.0000,3825.0000,3832.4000,3832.6000,3833.0000,3833.2000,3833.6000,1,1,2,1,20,1,1,3,6,5
SF,IF2012,2020-05-11 09:30:33.600,3829.6000,2492,0,19543740.000,0,-,-,-,-,3829.2000,3829.0000,3828.8000,3828.2000,3825.0000,3832.0000,3832.2000,3832.6000,3833.0000,3833.2000,1,1,1,2,20,1,1,1,2,5
SF,IF2012,2020-05-11 09:30:34.100,3829.6000,2492,0,19543740.000,0,-,-,-,-,3829.2000,3829.0000,3828.8000,3828.2000,3825.0000,3831.8000,3832.0000,3833.2000,3833.6000,3834.0000,1,1,1,2,20,1,1,5,4,1
SF,IF2012,2020-05-11 09:30:34.600,3829.0000,2492,0,20692440.000,1,0,1,多换,S,3828.2000,3825.0000,3822.8000,3822.6000,3821.6000,3829.2000,3831.8000,3832.0000,3833.2000,3833.6000,2,20,1,1,1,1,2,1,1,3
SF,IF2012,2020-05-11 09:30:35.100,3832.0000,2493,1,26438640.000,5,3,2,空开,S,3832.4000,3828.6000,3828.4000,3828.2000,3825.0000,3833.6000,3834.2000,3834.6000,3837.0000,3840.8000,17,1,1,2,20,3,1,4,1,1
SF,IF2012,2020-05-11 09:30:35.600,3832.4000,2496,3,37935840.000,10,6,4,空开,S,3832.4000,3828.6000,3828.4000,3828.2000,3825.0000,3833.6000,3834.2000,3834.4000,3834.6000,3834.8000,7,1,1,2,20,3,1,1,4,1
SF,IF2012,2020-05-11 09:30:36.100,3832.4000,2496,0,40235280.000,2,1,1,多换,S,3832.4000,3828.6000,3828.4000,3828.2000,3825.0000,3834.8000,3837.0000,3840.8000,3842.2000,3865.0000,5,1,1,2,20,1,1,1,1,1
SF,IF2012,2020-05-11 09:30:36.600,3832.4000,2497,1,41385000.000,1,1,0,双开,S,3832.4000,3828.6000,3828.4000,3828.2000,3825.0000,3834.4000,3836.6000,3837.0000,3840.8000,3842.2000,4,1,1,2,20,4,4,1,1,1
SF,IF2012,2020-05-11 09:30:37.100,3832.4000,2499,2,44834160.000,3,2,1,空开,S,3832.4000,3828.6000,3828.4000,3828.2000,3825.0000,3834.4000,3836.6000,3837.0000,3837.2000,3837.6000,1,1,1,2,20,1,5,1,1,1
SF,IF2012,2020-05-11 09:30:37.600,3832.4000,2499,0,45983880.000,1,0,1,多换,S,3828.6000,3828.4000,3828.2000,3825.0000,3822.8000,3832.0000,3834.2000,3834.4000,3836.6000,3837.0000,1,1,2,20,1,1,1,1,5,1
SF,IF2012,2020-05-11 09:30:38.100,3832.4000,2499,0,45983880.000,0,-,-,-,-,3828.8000,3828.6000,3828.2000,3825.0000,3824.8000,3831.8000,3832.0000,3834.2000,3834.4000,3836.6000,1,1,2,20,1,1,1,1,1,6
SF,IF2012,2020-05-11 09:30:38.600,3832.4000,2499,0,45983880.000,0,-,-,-,-,3829.2000,3828.8000,3828.2000,3825.0000,3824.8000,3831.8000,3832.4000,3834.2000,3834.4000,3836.6000,1,1,2,20,1,1,1,2,1,5
SF,IF2012,2020-05-11 09:30:39.100,3832.4000,2499,0,45983880.000,0,-,-,-,-,3829.8000,3829.4000,3829.2000,3828.2000,3825.0000,3831.8000,3832.4000,3834.2000,3834.4000,3835.8000,1,2,1,1,20,1,1,2,1,1
SF,IF2012,2020-05-11 09:30:39.600,3832.4000,2499,0,45983880.000,0,-,-,-,-,3830.0000,3829.8000,3829.4000,3829.2000,3828.2000,3832.4000,3833.4000,3834.2000,3834.4000,3835.8000,1,1,1,1,1,1,1,2,1,1
SF,IF2012,2020-05-11 09:30:40.100,3832.4000,2499,0,45983880.000,0,-,-,-,-,3830.0000,3829.8000,3829.4000,3829.2000,3828.2000,3832.4000,3833.4000,3834.2000,3834.4000,3834.8000,1,1,1,1,1,1,1,2,1,1
SF,IF2012,2020-05-11 09:30:40.600,3830.0000,2499,0,47132880.000,1,0,1,多换,S,3829.8000,3829.4000,3829.2000,3828.2000,3825.0000,3832.4000,3833.4000,3834.2000,3834.4000,3834.8000,1,1,1,1,20,1,1,2,1,1
SF,IF2012,2020-05-11 09:30:41.100,3830.0000,2499,0,47132880.000,0,-,-,-,-,3830.0000,3829.4000,3829.2000,3828.2000,3825.0000,3832.4000,3833.4000,3834.2000,3834.4000,3834.8000,1,1,1,1,20,1,1,2,1,1
SF,IF2012,2020-05-11 09:30:41.600,3830.0000,2499,0,47132880.000,0,-,-,-,-,3830.0000,3829.4000,3829.2000,3828.2000,3825.0000,3832.0000,3832.4000,3833.4000,3834.2000,3834.4000,1,1,1,1,20,1,1,1,1,1
SF,IF2012,2020-05-11 09:30:42.100,3830.0000,2499,0,48281880.000,1,0,1,多换,S,3830.4000,3829.2000,3828.2000,3825.0000,3824.8000,3832.0000,3832.4000,3833.4000,3834.2000,3834.4000,1,1,1,20,1,1,1,1,1,1
SF,IF2012,2020-05-11 09:30:42.600,3830.0000,2499,0,48281880.000,0,-,-,-,-,3830.4000,3828.2000,3825.0000,3824.8000,3822.8000,3832.0000,3832.4000,3833.4000,3834.2000,3834.4000,1,1,20,1,1,1,1,1,1,1
SF,IF2012,2020-05-11 09:30:43.100,3830.0000,2499,0,48281880.000,0,-,-,-,-,3830.4000,3828.2000,3824.8000,3822.8000,3822.6000,3832.0000,3832.4000,3833.4000,3834.2000,3834.4000,1,1,1,1,1,1,2,1,1,1
SF,IF2012,2020-05-11 09:30:44.100,3830.0000,2499,0,48281880.000,0,-,-,-,-,3830.4000,3828.2000,3824.8000,3822.8000,3822.6000,3832.0000,3832.4000,3833.4000,3834.2000,3834.6000,1,1,1,1,1,1,2,1,1,1
SF,IF2012,2020-05-11 09:30:45.100,3830.4000,2500,1,49431000.000,1,1,0,双开,S,3828.2000,3824.8000,3822.8000,3822.6000,3821.6000,3832.0000,3832.4000,3833.4000,3834.2000,3834.6000,1,1,1,1,1,1,2,1,1,1
SF,IF2012,2020-05-11 09:30:45.600,3830.4000,2500,0,49431000.000,0,-,-,-,-,3828.6000,3828.2000,3824.8000,3822.8000,3822.6000,3831.8000,3832.0000,3832.4000,3833.4000,3834.2000,1,1,1,1,1,1,1,2,1,1
SF,IF2012,2020-05-11 09:30:46.100,3830.4000,2500,0,49431000.000,0,-,-,-,-,3829.2000,3828.6000,3828.2000,3822.8000,3822.6000,3831.8000,3832.0000,3832.4000,3833.4000,3834.2000,1,1,1,1,1,1,1,2,1,1
SF,IF2012,2020-05-11 09:30:46.600,3830.4000,2500,0,49431000.000,0,-,-,-,-,3829.2000,3829.0000,3828.6000,3828.2000,3827.0000,3831.4000,3831.8000,3832.0000,3832.4000,3833.4000,2,1,1,1,1,1,1,1,2,1
SF,IF2012,2020-05-11 09:30:47.100,3829.2000,2499,-1,50579760.000,1,0,1,双平,S,3829.2000,3829.0000,3828.6000,3828.2000,3827.0000,3831.4000,3831.8000,3832.0000,3832.4000,3833.4000,1,1,1,1,1,1,1,1,2,1
SF,IF2012,2020-05-11 09:30:47.600,3829.2000,2499,0,50579760.000,0,-,-,-,-,3829.2000,3829.0000,3828.6000,3828.2000,3827.0000,3831.4000,3831.6000,3831.8000,3832.4000,3833.4000,1,1,1,1,1,1,1,1,2,1
SF,IF2012,2020-05-11 09:30:48.100,3829.2000,2499,0,50579760.000,0,-,-,-,-,3829.2000,3829.0000,3828.6000,3828.2000,3827.0000,3831.4000,3831.8000,3832.4000,3833.4000,3834.2000,1,1,1,1,1,2,1,2,1,1
SF,IF2012,2020-05-11 09:30:48.600,3829.2000,2499,0,50579760.000,0,-,-,-,-,3829.6000,3829.0000,3828.6000,3828.2000,3827.0000,3831.4000,3831.8000,3832.4000,3833.4000,3834.6000,1,1,1,1,1,2,1,2,1,1
SF,IF2012,2020-05-11 09:30:49.100,3829.2000,2499,0,50579760.000,0,-,-,-,-,3829.6000,3829.4000,3829.0000,3828.6000,3828.2000,3831.4000,3832.4000,3833.4000,3834.6000,3834.8000,1,1,1,1,1,2,1,1,1,1
SF,IF2012,2020-05-11 09:30:49.600,3829.2000,2499,0,50579760.000,0,-,-,-,-,3829.6000,3829.4000,3829.0000,3828.6000,3828.2000,3831.4000,3832.4000,3833.4000,3834.6000,3834.8000,1,1,1,1,1,2,1,1,1,1
SF,IF2012,2020-05-11 09:30:50.100,3829.2000,2499,0,50579760.000,0,-,-,-,-,3829.6000,3829.0000,3828.6000,3828.2000,3827.0000,3831.2000,3831.4000,3832.4000,3833.4000,3834.6000,1,1,1,1,1,1,1,1,1,1
SF,IF2012,2020-05-11 09:30:51.600,3829.2000,2499,0,50579760.000,0,-,-,-,-,3829.6000,3829.0000,3828.6000,3828.2000,3827.0000,3831.0000,3831.2000,3831.4000,3832.4000,3833.4000,1,1,1,1,1,1,1,1,1,1
SF,IF2012,2020-05-11 09:30:52.100,3829.2000,2499,0,50579760.000,0,-,-,-,-,3829.0000,3828.6000,3828.2000,3827.0000,3822.8000,3831.0000,3831.2000,3831.4000,3832.4000,3833.4000,1,1,1,1,1,1,1,1,1,1
SF,IF2012,2020-05-11 09:30:52.600,3829.2000,2499,0,50579760.000,0,-,-,-,-,3829.2000,3829.0000,3828.2000,3827.0000,3822.8000,3831.0000,3831.2000,3831.4000,3832.4000,3834.0000,2,1,1,1,1,1,1,1,1,1
SF,IF2012,2020-05-11 09:30:53.100,3829.2000,2499,0,50579760.000,0,-,-,-,-,3829.6000,3829.2000,3829.0000,3828.2000,3827.0000,3831.2000,3831.4000,3832.4000,3834.6000,3834.8000,1,3,1,1,1,1,1,1,1,1
SF,IF2012,2020-05-11 09:30:53.600,3829.2000,2499,0,50579760.000,0,-,-,-,-,3829.6000,3829.2000,3829.0000,3828.2000,3827.0000,3831.2000,3831.4000,3832.4000,3834.6000,3834.8000,1,3,1,1,1,1,1,1,1,1
SF,IF2012,2020-05-11 09:30:54.100,3829.2000,2499,0,50579760.000,0,-,-,-,-,3830.0000,3829.6000,3829.2000,3829.0000,3828.2000,3831.2000,3831.4000,3832.4000,3834.6000,3834.8000,20,1,3,1,1,1,1,1,1,1
SF,IF2012,2020-05-11 09:30:54.600,3829.4000,2499,0,51728580.000,1,0,1,多换,S,3830.0000,3829.6000,3829.2000,3828.2000,3827.0000,3831.2000,3831.4000,3832.4000,3834.6000,3834.8000,19,1,2,1,1,1,1,1,1,1
SF,IF2012,2020-05-11 09:30:55.100,3829.4000,2499,0,52877400.000,1,0,1,多换,S,3830.0000,3829.2000,3828.2000,3827.0000,3822.8000,3831.2000,3831.4000,3832.4000,3834.6000,3834.8000,18,1,1,1,1,1,1,1,1,1
SF,IF2012,2020-05-11 09:30:55.600,3829.4000,2499,0,52877400.000,0,-,-,-,-,3830.0000,3829.2000,3828.2000,3827.0000,3822.8000,3831.2000,3831.4000,3832.4000,3834.6000,3834.8000,18,1,1,1,1,1,1,1,1,1
SF,IF2012,2020-05-11 09:30:56.100,3829.4000,2499,0,52877400.000,0,-,-,-,-,3830.2000,3830.0000,3829.2000,3828.2000,3827.0000,3831.2000,3831.4000,3832.4000,3834.6000,3834.8000,1,18,1,1,1,2,1,1,1,1
SF,IF2012,2020-05-11 09:30:56.600,3830.0000,2499,0,54026400.000,1,0,1,多换,S,3830.0000,3829.2000,3828.2000,3827.0000,3822.8000,3831.2000,3831.4000,3832.4000,3834.6000,3834.8000,18,1,1,1,1,2,1,1,1,1
SF,IF2012,2020-05-11 09:30:57.100,3830.0000,2499,0,55175400.000,1,0,1,多换,S,3830.0000,3829.2000,3828.2000,3827.0000,3822.8000,3831.2000,3831.4000,3832.4000,3834.6000,3834.8000,17,1,1,1,1,1,1,1,1,1
SF,IF2012,2020-05-11 09:30:57.600,3830.0000,2500,1,56324400.000,1,1,0,双开,S,3830.0000,3829.2000,3828.2000,3827.0000,3822.8000,3831.2000,3831.4000,3832.4000,3834.6000,3834.8000,16,1,1,1,1,1,1,1,1,1
SF,IF2012,2020-05-11 09:30:58.600,3830.0000,2501,1,57473400.000,1,1,0,双开,S,3830.0000,3829.2000,3828.2000,3827.0000,3822.8000,3831.0000,3831.2000,3831.4000,3832.4000,3834.6000,15,1,1,1,1,1,1,1,1,1
SF,IF2012,2020-05-11 09:30:59.100,3830.0000,2501,0,57473400.000,0,-,-,-,-,3830.0000,3829.2000,3828.2000,3827.0000,3822.8000,3831.0000,3831.2000,3831.4000,3832.4000,3834.6000,15,1,1,1,1,2,1,1,1,3
SF,IF2012,2020-05-11 09:30:59.600,3830.0000,2502,1,58622400.000,1,1,0,双开,S,3830.0000,3829.2000,3828.2000,3827.0000,3822.8000,3831.0000,3831.2000,3831.4000,3832.4000,3834.6000,14,1,1,1,1,2,1,1,1,3
SF,IF2012,2020-05-11 09:31:00.100,3830.0000,2502,0,58622400.000,0,-,-,-,-,3830.2000,3830.0000,3829.2000,3828.2000,3827.0000,3831.0000,3831.2000,3831.4000,3832.4000,3834.6000,1,14,1,1,1,2,1,1,1,3
SF,IF2012,2020-05-11 09:31:00.600,3830.0000,2502,0,59771400.000,1,0,1,多换,S,3830.0000,3829.2000,3828.2000,3827.0000,3822.8000,3831.0000,3831.4000,3832.4000,3834.6000,3834.8000,14,1,1,1,1,2,1,1,3,1
SF,IF2012,2020-05-11 09:31:01.100,3830.0000,2502,0,59771400.000,0,-,-,-,-,3830.0000,3829.2000,3828.2000,3827.0000,3822.8000,3831.0000,3831.4000,3832.4000,3834.6000,3834.8000,14,1,1,1,1,1,1,1,3,1
SF,IF2012,2020-05-11 09:31:01.600,3831.0000,2501,-1,60920700.000,1,0,1,双平,S,3830.0000,3829.2000,3828.2000,3827.0000,3822.8000,3831.4000,3832.4000,3834.6000,3834.8000,3835.0000,14,1,1,1,1,1,1,3,1,4
SF,IF2012,2020-05-11 09:31:02.100,3831.0000,2501,0,60920700.000,0,-,-,-,-,3830.0000,3829.2000,3827.0000,3822.8000,3822.6000,3831.4000,3832.4000,3833.8000,3834.6000,3834.8000,15,1,1,1,1,1,1,1,3,1
SF,IF2012,2020-05-11 09:31:02.600,3831.0000,2501,0,60920700.000,0,-,-,-,-,3830.2000,3830.0000,3829.2000,3827.0000,3822.8000,3831.4000,3832.4000,3833.8000,3834.6000,3834.8000,1,15,1,1,1,1,1,1,3,1
SF,IF2012,2020-05-11 09:31:03.100,3831.0000,2501,0,60920700.000,0,-,-,-,-,3830.2000,3830.0000,3829.2000,3827.0000,3822.8000,3831.4000,3832.4000,3834.6000,3834.8000,3835.0000,1,15,1,1,1,1,1,3,1,4
SF,IF2012,2020-05-11 09:31:04.100,3831.4000,2501,0,62070120.000,1,0,1,多换,S,3830.0000,3829.2000,3827.0000,3822.8000,3822.6000,3832.4000,3834.6000,3834.8000,3835.0000,3835.2000,15,1,1,1,1,1,3,1,4,1
SF,IF2012,2020-05-11 09:31:04.600,3831.4000,2501,0,62070120.000,0,-,-,-,-,3830.0000,3829.2000,3827.0000,3822.8000,3822.6000,3831.2000,3832.2000,3832.4000,3834.6000,3834.8000,15,1,1,1,1,2,1,1,3,1
SF,IF2012,2020-05-11 09:31:05.100,3831.4000,2501,0,62070120.000,0,-,-,-,-,3830.0000,3829.2000,3827.0000,3822.8000,3822.6000,3831.2000,3832.2000,3832.4000,3834.6000,3834.8000,15,1,1,1,1,1,1,1,3,1
SF,IF2012,2020-05-11 09:31:05.600,3831.4000,2501,0,62070120.000,0,-,-,-,-,3830.0000,3829.2000,3827.0000,3822.8000,3822.6000,3831.2000,3832.2000,3832.4000,3834.6000,3834.8000,14,1,1,1,1,1,1,1,3,1
SF,IF2012,2020-05-11 09:31:06.100,3831.4000,2501,0,63219540.000,1,0,1,多换,S,3830.0000,3829.2000,3827.0000,3822.8000,3822.6000,3831.0000,3832.2000,3832.4000,3834.6000,3834.8000,14,1,1,1,1,1,1,1,3,1
SF,IF2012,2020-05-11 09:31:06.600,3831.4000,2501,0,63219540.000,0,-,-,-,-,3830.0000,3829.2000,3827.0000,3822.8000,3822.6000,3831.0000,3832.2000,3832.4000,3832.6000,3834.6000,14,1,1,1,1,1,1,1,1,3
SF,IF2012,2020-05-11 09:31:07.600,3831.4000,2501,0,63219540.000,0,-,-,-,-,3830.0000,3829.2000,3827.0000,3822.8000,3822.6000,3831.0000,3832.2000,3832.4000,3832.6000,3834.4000,14,1,1,1,1,1,1,1,1,1
SF,IF2012,2020-05-11 09:31:10.100,3830.0000,2501,0,64368540.000,1,0,1,多换,S,3830.0000,3829.2000,3827.0000,3822.8000,3822.6000,3832.2000,3832.4000,3832.6000,3834.4000,3834.6000,13,1,1,1,1,1,1,1,1,3
SF,IF2012,2020-05-11 09:31:11.600,3830.0000,2502,1,65517540.000,1,1,0,双开,S,3830.0000,3829.2000,3827.0000,3822.8000,3822.6000,3831.8000,3832.2000,3832.4000,3832.6000,3834.4000,12,1,1,1,1,1,1,1,1,1
SF,IF2012,2020-05-11 09:31:12.100,3830.0000,2502,0,65517540.000,0,-,-,-,-,3830.0000,3829.2000,3827.0000,3822.8000,3822.6000,3831.6000,3831.8000,3832.4000,3832.6000,3834.4000,12,1,1,1,1,1,1,1,1,1
SF,IF2012,2020-05-11 09:31:13.100,3831.6000,2505,3,70114020.000,4,3,1,空开,S,3830.0000,3829.2000,3827.0000,3822.8000,3822.6000,3831.0000,3831.8000,3832.4000,3832.6000,3834.4000,9,1,1,1,1,1,1,1,1,1
SF,IF2012,2020-05-11 09:31:13.600,3830.0000,2505,0,72412320.000,2,1,1,多换,S,3830.0000,3829.2000,3827.0000,3822.8000,3822.6000,3832.4000,3832.6000,3834.4000,3834.6000,3834.8000,8,1,1,1,1,1,1,1,3,1
SF,IF2012,2020-05-11 09:31:14.100,3830.0000,2505,0,72412320.000,0,-,-,-,-,3830.2000,3830.0000,3827.0000,3822.8000,3822.6000,3832.2000,3832.4000,3832.6000,3833.8000,3834.6000,1,8,1,1,1,1,1,1,1,3
SF,IF2012,2020-05-11 09:31:14.600,3830.0000,2504,-1,73561320.000,1,0,1,双平,S,3830.0000,3827.0000,3822.8000,3822.6000,3818.0000,3832.2000,3832.4000,3832.6000,3833.8000,3834.6000,10,1,1,1,1,1,1,1,1,3
SF,IF2012,2020-05-11 09:31:15.100,3830.0000,2504,0,73561320.000,0,-,-,-,-,3830.0000,3827.0000,3822.8000,3822.6000,3818.0000,3832.2000,3832.4000,3832.6000,3834.6000,3834.8000,10,1,1,1,1,1,1,1,3,1
SF,IF2012,2020-05-11 09:31:15.600,3830.0000,2504,0,73561320.000,0,-,-,-,-,3830.0000,3827.0000,3822.8000,3822.6000,3818.0000,3832.2000,3832.4000,3834.6000,3834.8000,3835.0000,10,1,1,1,1,1,1,3,1,4
SF,IF2012,2020-05-11 09:31:16.100,3830.0000,2504,0,73561320.000,0,-,-,-,-,3830.0000,3827.0000,3822.8000,3822.6000,3818.0000,3832.2000,3832.4000,3832.6000,3834.6000,3834.8000,10,1,1,1,1,1,1,1,3,1
SF,IF2012,2020-05-11 09:31:16.600,3830.0000,2504,0,73561320.000,0,-,-,-,-,3830.0000,3827.0000,3822.8000,3822.6000,3818.0000,3832.2000,3832.4000,3832.6000,3833.2000,3834.6000,10,1,1,1,1,1,1,1,1,3
SF,IF2012,2020-05-11 09:31:17.100,3830.0000,2504,0,73561320.000,0,-,-,-,-,3830.0000,3827.0000,3822.8000,3822.6000,3818.0000,3831.8000,3832.2000,3832.4000,3832.6000,3833.2000,10,1,1,1,1,1,1,1,1,1
SF,IF2012,2020-05-11 09:31:17.600,3830.0000,2504,0,73561320.000,0,-,-,-,-,3830.0000,3827.0000,3822.8000,3822.6000,3818.0000,3831.8000,3832.2000,3832.4000,3832.6000,3833.2000,10,1,1,1,1,1,1,1,1,1
SF,IF2012,2020-05-11 09:31:18.600,3830.0000,2504,0,73561320.000,0,-,-,-,-,3830.0000,3827.0000,3822.8000,3822.6000,3818.0000,3831.6000,3831.8000,3832.2000,3832.4000,3832.6000,10,1,1,1,1,3,1,1,1,1
SF,IF2012,2020-05-11 09:31:20.100,3830.0000,2504,0,73561320.000,0,-,-,-,-,3830.0000,3827.0000,3822.8000,3822.6000,3818.0000,3831.2000,3831.6000,3831.8000,3832.2000,3832.4000,10,1,1,1,1,1,2,1,1,1
SF,IF2012,2020-05-11 09:31:20.600,3830.0000,2504,0,73561320.000,0,-,-,-,-,3830.0000,3827.0000,3822.8000,3822.6000,3818.0000,3831.2000,3831.6000,3831.8000,3832.2000,3832.4000,10,1,1,1,1,1,1,1,1,1
SF,IF2012,2020-05-11 09:31:21.100,3830.0000,2504,0,73561320.000,0,-,-,-,-,3830.0000,3827.0000,3822.8000,3822.6000,3818.0000,3831.6000,3831.8000,3832.2000,3832.4000,3832.6000,10,1,1,1,1,1,1,1,1,1
SF,IF2012,2020-05-11 09:31:21.600,3830.0000,2504,0,73561320.000,0,-,-,-,-,3830.8000,3830.0000,3827.0000,3822.8000,3822.6000,3831.6000,3831.8000,3832.2000,3832.4000,3832.6000,1,10,1,1,1,1,1,1,1,1
SF,IF2012,2020-05-11 09:31:22.100,3830.0000,2504,0,73561320.000,0,-,-,-,-,3830.8000,3830.0000,3827.0000,3822.8000,3822.6000,3831.6000,3831.8000,3832.2000,3832.4000,3832.6000,1,10,1,1,1,1,1,1,1,1
SF,IF2012,2020-05-11 09:31:23.100,3830.8000,2504,0,74710560.000,1,0,1,多换,S,3830.0000,3827.0000,3822.8000,3822.6000,3818.0000,3830.8000,3831.6000,3831.8000,3832.2000,3832.4000,10,1,1,1,1,1,1,1,1,1
SF,IF2012,2020-05-11 09:31:23.600,3830.8000,2504,0,74710560.000,0,-,-,-,-,3830.0000,3827.0000,3822.8000,3822.6000,3818.0000,3830.8000,3831.6000,3831.8000,3832.2000,3832.4000,10,1,1,1,1,2,1,1,1,1
SF,IF2012,2020-05-11 09:31:24.100,3830.8000,2503,-1,77009040.000,2,0,2,多平,S,3830.0000,3827.0000,3822.8000,3822.6000,3818.0000,3831.6000,3831.8000,3832.2000,3832.4000,3832.6000,10,1,1,1,1,1,1,1,1,1
SF,IF2012,2020-05-11 09:31:25.600,3830.0000,2503,0,79307040.000,2,1,1,多换,S,3830.0000,3827.0000,3822.8000,3822.6000,3818.0000,3831.8000,3832.2000,3832.4000,3832.6000,3833.2000,8,1,1,1,1,1,1,1,1,1
SF,IF2012,2020-05-11 09:31:26.100,3830.0000,2503,0,79307040.000,0,-,-,-,-,3830.0000,3827.0000,3822.8000,3822.6000,3818.0000,3831.6000,3831.8000,3832.4000,3832.6000,3833.2000,8,1,1,1,1,2,1,1,1,1
SF,IF2012,2020-05-11 09:31:30.600,3830.0000,2503,0,79307040.000,0,-,-,-,-,3830.0000,3827.0000,3822.8000,3822.6000,3818.0000,3831.6000,3831.8000,3832.4000,3832.6000,3833.2000,8,1,1,1,1,2,1,1,1,1
SF,IF2012,2020-05-11 09:31:31.100,3830.0000,2503,0,79307040.000,0,-,-,-,-,3830.2000,3830.0000,3827.0000,3822.8000,3822.6000,3831.6000,3831.8000,3832.4000,3832.6000,3833.2000,1,8,1,1,1,2,1,1,1,1
SF,IF2012,2020-05-11 09:31:31.600,3830.0000,2503,0,79307040.000,0,-,-,-,-,3830.2000,3830.0000,3827.0000,3822.8000,3822.6000,3831.6000,3831.8000,3832.4000,3832.6000,3833.2000,1,8,1,1,1,1,1,1,1,1
SF,IF2012,2020-05-11 09:31:32.100,3830.0000,2503,0,79307040.000,0,-,-,-,-,3830.2000,3830.0000,3827.0000,3822.8000,3822.6000,3831.8000,3832.4000,3832.6000,3833.2000,3834.6000,1,8,1,1,1,1,1,1,1,2
SF,IF2012,2020-05-11 09:31:34.100,3830.0000,2503,0,79307040.000,0,-,-,-,-,3830.2000,3830.0000,3827.0000,3822.8000,3822.6000,3831.8000,3832.4000,3832.6000,3833.2000,3834.6000,1,8,1,1,1,1,1,1,1,2
SF,IF2012,2020-05-11 09:31:34.600,3830.0000,2503,0,79307040.000,0,-,-,-,-,3830.0000,3827.0000,3822.8000,3822.6000,3818.0000,3831.8000,3832.4000,3832.6000,3833.2000,3834.6000,8,1,1,1,1,1,1,1,1,2
SF,IF2012,2020-05-11 09:31:35.100,3830.0000,2503,0,79307040.000,0,-,-,-,-,3830.4000,3830.0000,3827.0000,3822.8000,3822.6000,3831.8000,3832.4000,3832.6000,3833.2000,3834.6000,1,8,1,1,1,1,1,1,1,2
SF,IF2012,2020-05-11 09:31:37.100,3830.0000,2503,0,79307040.000,0,-,-,-,-,3830.4000,3830.0000,3827.0000,3822.8000,3822.6000,3831.8000,3832.4000,3833.2000,3834.6000,3834.8000,1,8,1,1,1,1,1,1,2,2
SF,IF2012,2020-05-11 09:31:37.600,3830.0000,2503,0,79307040.000,0,-,-,-,-,3830.4000,3830.0000,3827.0000,3822.8000,3822.6000,3831.8000,3832.4000,3833.2000,3834.6000,3834.8000,1,6,1,1,1,1,1,1,2,2
SF,IF2012,2020-05-11 09:31:38.100,3830.0000,2503,0,79307040.000,0,-,-,-,-,3830.4000,3830.0000,3827.0000,3822.8000,3822.6000,3831.8000,3832.4000,3833.2000,3834.6000,3834.8000,1,6,1,1,1,1,1,1,2,1
SF,IF2012,2020-05-11 09:31:38.600,3830.0000,2503,0,79307040.000,0,-,-,-,-,3830.4000,3830.0000,3827.0000,3822.8000,3822.6000,3831.8000,3832.4000,3833.2000,3834.6000,3834.8000,1,6,1,1,1,1,1,1,2,1
SF,IF2012,2020-05-11 09:31:39.600,3831.8000,2503,0,80456580.000,1,0,1,多换,S,3830.4000,3830.0000,3827.0000,3822.8000,3822.6000,3832.4000,3833.2000,3834.6000,3834.8000,3835.2000,1,6,1,1,1,1,1,2,1,2
SF,IF2012,2020-05-11 09:31:40.100,3831.8000,2503,0,80456580.000,0,-,-,-,-,3830.6000,3830.4000,3830.0000,3827.0000,3822.8000,3832.4000,3833.2000,3834.6000,3834.8000,3835.2000,1,1,6,1,1,1,1,2,1,2
SF,IF2012,2020-05-11 09:31:40.600,3831.8000,2503,0,80456580.000,0,-,-,-,-,3830.6000,3830.4000,3830.0000,3827.0000,3822.8000,3832.4000,3833.2000,3834.6000,3834.8000,3835.2000,1,1,6,1,1,1,1,2,1,2
SF,IF2012,2020-05-11 09:31:41.100,3831.8000,2503,0,80456580.000,0,-,-,-,-,3830.8000,3830.6000,3830.4000,3830.0000,3827.0000,3832.4000,3834.6000,3834.8000,3835.2000,3835.8000,1,1,1,6,1,1,2,1,2,1
SF,IF2012,2020-05-11 09:31:41.600,3831.8000,2503,0,80456580.000,0,-,-,-,-,3831.0000,3830.8000,3830.4000,3830.0000,3827.0000,3832.4000,3834.6000,3834.8000,3835.2000,3835.8000,1,1,1,6,1,1,2,1,2,1
SF,IF2012,2020-05-11 09:31:42.600,3831.8000,2503,0,80456580.000,0,-,-,-,-,3831.0000,3830.8000,3830.4000,3830.0000,3827.0000,3832.4000,3834.6000,3834.8000,3835.2000,3835.8000,1,1,1,6,1,1,2,1,1,1
SF,IF2012,2020-05-11 09:31:43.100,3832.4000,2502,-1,81606300.000,1,0,1,双平,S,3831.0000,3830.8000,3830.4000,3830.0000,3827.0000,3834.6000,3834.8000,3835.2000,3835.8000,3836.8000,1,1,1,6,1,2,1,1,1,6
SF,IF2012,2020-05-11 09:31:43.600,3832.4000,2502,0,81606300.000,0,-,-,-,-,3831.0000,3830.8000,3830.4000,3830.0000,3827.0000,3834.4000,3834.6000,3834.8000,3835.2000,3835.8000,1,1,1,6,1,2,2,1,1,1
SF,IF2012,2020-05-11 09:31:44.100,3832.4000,2502,0,81606300.000,0,-,-,-,-,3831.2000,3831.0000,3830.8000,3830.4000,3830.0000,3834.4000,3834.6000,3834.8000,3835.8000,3836.8000,1,1,1,1,6,2,2,1,1,6
SF,IF2012,2020-05-11 09:31:44.600,3832.4000,2502,0,81606300.000,0,-,-,-,-,3831.4000,3831.2000,3830.8000,3830.4000,3830.0000,3834.4000,3834.6000,3834.8000,3835.8000,3836.8000,1,1,1,1,6,2,2,1,1,6
SF,IF2012,2020-05-11 09:31:45.100,3832.4000,2502,0,81606300.000,0,-,-,-,-,3831.4000,3831.2000,3831.0000,3830.8000,3830.4000,3834.4000,3834.6000,3836.8000,3837.0000,3838.2000,1,1,2,1,1,2,2,6,1,1
SF,IF2012,2020-05-11 09:31:46.100,3832.4000,2502,0,81606300.000,0,-,-,-,-,3831.8000,3831.4000,3831.0000,3830.8000,3830.4000,3834.4000,3834.6000,3836.8000,3837.0000,3838.2000,1,1,2,1,1,2,2,6,1,1
SF,IF2012,2020-05-11 09:31:46.600,3832.4000,2502,0,81606300.000,0,-,-,-,-,3832.0000,3831.8000,3831.0000,3830.8000,3830.4000,3834.4000,3834.6000,3836.8000,3837.0000,3838.2000,1,1,2,1,1,1,2,5,1,1
SF,IF2012,2020-05-11 09:31:47.100,3832.4000,2502,0,81606300.000,0,-,-,-,-,3832.4000,3832.0000,3831.0000,3830.8000,3830.4000,3834.6000,3836.8000,3837.0000,3837.4000,3838.2000,1,1,2,1,1,2,5,1,1,1
SF,IF2012,2020-05-11 09:31:47.600,3832.4000,2502,0,81606300.000,0,-,-,-,-,3832.6000,3832.4000,3831.0000,3830.8000,3830.4000,3834.6000,3836.8000,3837.0000,3837.4000,3838.2000,1,1,2,1,1,2,4,1,1,1
SF,IF2012,2020-05-11 09:31:48.100,3832.4000,2502,0,81606300.000,0,-,-,-,-,3832.4000,3831.0000,3830.8000,3830.4000,3830.0000,3834.4000,3834.6000,3836.8000,3837.0000,3837.4000,1,2,1,1,6,1,2,4,1,1
SF,IF2012,2020-05-11 09:31:48.600,3834.6000,2502,0,83907000.000,2,1,1,多换,S,3832.4000,3830.8000,3830.4000,3827.0000,3822.8000,3836.8000,3837.0000,3837.4000,3838.2000,3838.4000,1,1,1,1,1,4,1,1,1,1
SF,IF2012,2020-05-11 09:31:49.100,3834.6000,2502,0,83907000.000,0,-,-,-,-,3832.6000,3832.4000,3830.8000,3830.4000,3827.0000,3836.6000,3836.8000,3837.0000,3837.4000,3838.2000,1,1,1,1,1,2,4,1,1,1
SF,IF2012,2020-05-11 09:31:49.600,3834.6000,2502,0,83907000.000,0,-,-,-,-,3833.0000,3832.6000,3830.8000,3830.4000,3827.0000,3836.6000,3836.8000,3837.0000,3837.4000,3838.2000,1,1,1,1,1,2,4,1,1,1
SF,IF2012,2020-05-11 09:31:50.100,3834.6000,2502,0,83907000.000,0,-,-,-,-,3833.2000,3833.0000,3830.8000,3830.4000,3827.0000,3836.6000,3837.0000,3837.4000,3838.2000,3838.4000,1,1,1,1,1,2,1,1,1,5
SF,IF2012,2020-05-11 09:31:50.600,3834.6000,2502,0,83907000.000,0,-,-,-,-,3833.2000,3833.0000,3830.8000,3830.4000,3827.0000,3836.6000,3837.0000,3837.4000,3838.2000,3838.4000,1,1,1,1,1,2,1,1,1,5
SF,IF2012,2020-05-11 09:31:51.100,3834.6000,2502,0,83907000.000,0,-,-,-,-,3833.4000,3833.2000,3830.8000,3830.4000,3827.0000,3836.6000,3837.0000,3837.4000,3838.2000,3838.4000,1,1,1,1,1,2,1,1,1,5
SF,IF2012,2020-05-11 09:31:51.600,3834.6000,2502,0,83907000.000,0,-,-,-,-,3833.6000,3833.4000,3830.8000,3830.4000,3827.0000,3834.6000,3836.4000,3836.6000,3837.0000,3837.4000,1,1,1,1,1,1,1,2,1,1
SF,IF2012,2020-05-11 09:31:52.100,3834.6000,2501,-1,85057380.000,1,0,1,双平,S,3833.6000,3833.4000,3830.8000,3830.4000,3827.0000,3836.4000,3836.6000,3837.0000,3838.2000,3838.4000,1,1,1,1,1,1,2,1,1,4
SF,IF2012,2020-05-11 09:31:52.600,3833.6000,2500,-1,86207460.000,1,0,1,双平,S,3833.4000,3830.8000,3830.4000,3827.0000,3822.8000,3835.4000,3836.2000,3836.4000,3836.6000,3837.0000,1,1,1,1,1,1,1,1,1,1
SF,IF2012,2020-05-11 09:31:53.100,3833.6000,2500,0,86207460.000,0,-,-,-,-,3833.8000,3833.6000,3830.8000,3830.4000,3827.0000,3835.4000,3836.2000,3836.4000,3836.6000,3837.0000,1,1,1,1,1,1,1,1,1,1
SF,IF2012,2020-05-11 09:31:53.600,3833.6000,2500,0,86207460.000,0,-,-,-,-,3834.0000,3833.8000,3830.8000,3830.4000,3827.0000,3835.4000,3836.2000,3836.4000,3836.6000,3837.0000,2,1,1,1,1,1,1,1,1,1
SF,IF2012,2020-05-11 09:31:54.600,3833.6000,2500,0,86207460.000,0,-,-,-,-,3834.2000,3834.0000,3830.8000,3830.4000,3827.0000,3834.6000,3835.4000,3836.2000,3836.6000,3837.0000,1,2,1,1,1,1,1,1,1,1
SF,IF2012,2020-05-11 09:31:55.100,3834.0000,2499,-1,87357660.000,1,0,1,双平,S,3834.0000,3830.8000,3830.4000,3827.0000,3822.8000,3834.6000,3835.4000,3836.2000,3837.0000,3838.2000,1,1,1,1,1,1,1,1,1,1
SF,IF2012,2020-05-11 09:31:55.600,3834.6000,2498,-1,88508040.000,1,0,1,双平,S,3830.8000,3830.4000,3827.0000,3822.8000,3822.6000,3835.4000,3836.2000,3837.0000,3838.2000,3838.8000,1,1,1,1,1,1,1,1,1,1
SF,IF2012,2020-05-11 09:31:56.100,3834.6000,2498,0,88508040.000,0,-,-,-,-,3831.2000,3831.0000,3830.8000,3830.4000,3827.0000,3835.2000,3835.4000,3837.0000,3838.2000,3838.8000,1,7,1,1,1,1,1,1,1,1
SF,IF2012,2020-05-11 09:31:56.600,3834.6000,2498,0,88508040.000,0,-,-,-,-,3832.6000,3831.4000,3831.2000,3830.8000,3830.4000,3835.2000,3835.4000,3837.0000,3838.2000,3838.8000,1,1,1,1,1,1,1,1,1,1
SF,IF2012,2020-05-11 09:31:57.100,3834.6000,2498,0,88508040.000,0,-,-,-,-,3833.0000,3832.8000,3832.6000,3831.8000,3830.8000,3835.2000,3835.4000,3837.0000,3838.2000,3838.8000,2,1,1,1,1,1,1,1,1,1
SF,IF2012,2020-05-11 09:31:57.600,3834.6000,2498,0,88508040.000,0,-,-,-,-,3833.2000,3833.0000,3832.6000,3831.8000,3830.8000,3835.4000,3837.0000,3838.2000,3838.8000,3839.4000,1,2,1,1,1,1,1,1,1,1
SF,IF2012,2020-05-11 09:31:58.100,3834.6000,2498,0,88508040.000,0,-,-,-,-,3833.6000,3833.2000,3833.0000,3830.8000,3827.0000,3835.4000,3837.0000,3838.2000,3838.4000,3838.8000,1,1,1,1,1,1,1,1,1,1
SF,IF2012,2020-05-11 09:31:58.600,3834.6000,2498,0,88508040.000,0,-,-,-,-,3833.6000,3833.4000,3833.2000,3833.0000,3830.8000,3835.4000,3837.0000,3838.2000,3838.4000,3838.8000,1,1,1,1,1,1,1,1,1,1
SF,IF2012,2020-05-11 09:31:59.100,3834.6000,2498,0,88508040.000,0,-,-,-,-,3833.8000,3833.6000,3833.4000,3833.0000,3830.8000,3835.4000,3837.0000,3838.2000,3838.4000,3838.8000,1,1,1,1,1,1,1,1,1,1
SF,IF2012,2020-05-11 09:31:59.600,3834.6000,2498,0,88508040.000,0,-,-,-,-,3833.8000,3833.6000,3833.4000,3833.0000,3830.8000,3835.4000,3837.0000,3838.2000,3838.4000,3838.8000,1,1,1,1,1,1,1,1,1,1
SF,IF2012,2020-05-11 09:32:00.100,3834.6000,2498,0,88508040.000,0,-,-,-,-,3834.0000,3833.8000,3833.4000,3833.0000,3830.8000,3835.4000,3837.0000,3838.2000,3838.4000,3838.8000,1,1,1,1,1,1,1,1,1,1
SF,IF2012,2020-05-11 09:32:00.600,3834.6000,2498,0,88508040.000,0,-,-,-,-,3833.8000,3833.0000,3830.8000,3827.0000,3822.8000,3835.2000,3835.4000,3837.0000,3838.2000,3838.4000,1,1,1,1,1,2,1,1,1,1
SF,IF2012,2020-05-11 09:32:01.100,3835.2000,2498,0,89658600.000,1,0,1,多换,S,3834.2000,3833.8000,3833.0000,3830.8000,3827.0000,3835.4000,3837.0000,3838.2000,3838.4000,3838.8000,1,1,1,1,1,1,1,1,1,1
SF,IF2012,2020-05-11 09:32:01.600,3835.4000,2498,0,90809220.000,1,0,1,多换,S,3835.4000,3834.2000,3834.0000,3833.8000,3833.0000,3837.0000,3838.2000,3838.4000,3838.8000,3839.4000,5,1,2,1,1,1,1,1,1,1
SF,IF2012,2020-05-11 09:32:02.100,3835.4000,2498,0,91959840.000,1,0,1,多换,S,3835.4000,3833.0000,3830.8000,3827.0000,3822.8000,3836.6000,3836.8000,3837.0000,3838.2000,3838.4000,4,1,1,1,1,1,1,1,1,1
SF,IF2012,2020-05-11 09:32:02.600,3835.4000,2498,0,94261080.000,2,1,1,多换,S,3835.4000,3833.0000,3827.0000,3822.8000,3822.6000,3836.4000,3836.6000,3837.0000,3838.2000,3838.4000,2,1,1,1,1,1,1,1,1,1
SF,IF2012,2020-05-11 09:32:03.100,3835.4000,2498,0,94261080.000,0,-,-,-,-,3835.4000,3833.0000,3827.0000,3822.8000,3822.6000,3836.2000,3836.4000,3837.0000,3838.2000,3838.4000,2,1,1,1,1,1,1,1,1,1
SF,IF2012,2020-05-11 09:32:03.600,3835.4000,2498,0,94261080.000,0,-,-,-,-,3835.4000,3833.0000,3827.0000,3822.8000,3822.6000,3836.2000,3836.4000,3837.0000,3838.2000,3838.8000,2,1,1,1,1,1,1,1,1,1
SF,IF2012,2020-05-11 09:32:05.100,3835.4000,2498,0,95411700.000,1,0,1,多换,S,3835.4000,3833.0000,3827.0000,3822.8000,3822.6000,3836.2000,3836.4000,3837.0000,3838.2000,3838.8000,1,1,1,1,1,1,1,1,1,1
SF,IF2012,2020-05-11 09:32:07.100,3835.4000,2498,0,95411700.000,0,-,-,-,-,3835.4000,3833.0000,3827.0000,3822.8000,3822.6000,3836.2000,3836.4000,3837.0000,3837.6000,3838.2000,1,1,1,1,1,1,1,1,1,1
SF,IF2012,2020-05-11 09:32:08.100,3835.4000,2498,0,95411700.000,0,-,-,-,-,3835.4000,3833.0000,3827.0000,3822.8000,3822.6000,3836.2000,3836.4000,3837.0000,3838.2000,3838.8000,1,1,1,1,1,1,1,1,1,1
SF,IF2012,2020-05-11 09:32:08.600,3835.4000,2498,0,95411700.000,0,-,-,-,-,3835.4000,3833.0000,3827.0000,3822.8000,3822.6000,3836.2000,3836.4000,3837.0000,3838.2000,3838.8000,1,1,1,1,1,1,1,1,1,1
SF,IF2012,2020-05-11 09:32:10.100,3835.4000,2498,0,95411700.000,0,-,-,-,-,3835.4000,3833.0000,3827.0000,3822.8000,3822.6000,3836.4000,3837.0000,3838.2000,3838.8000,3839.4000,1,1,1,1,1,1,1,1,1,1
SF,IF2012,2020-05-11 09:32:10.600,3835.4000,2498,0,95411700.000,0,-,-,-,-,3835.4000,3833.0000,3827.0000,3822.8000,3822.6000,3836.2000,3836.4000,3837.0000,3838.2000,3838.8000,1,1,1,1,1,1,1,1,1,1
SF,IF2012,2020-05-11 09:32:14.600,3836.4000,2496,-2,97713480.000,2,0,2,双平,S,3835.4000,3833.0000,3827.0000,3822.8000,3822.6000,3837.0000,3838.2000,3838.8000,3839.4000,3840.6000,1,1,1,1,1,1,1,1,1,4
SF,IF2012,2020-05-11 09:32:15.100,3837.0000,2496,0,98864580.000,1,0,1,多换,S,3836.2000,3835.6000,3835.4000,3833.0000,3827.0000,3838.2000,3838.8000,3839.4000,3840.6000,3840.8000,1,4,1,1,1,1,1,1,4,2
SF,IF2012,2020-05-11 09:32:15.600,3837.0000,2496,0,98864580.000,0,-,-,-,-,3836.4000,3835.6000,3835.4000,3833.0000,3827.0000,3838.2000,3838.8000,3839.4000,3840.6000,3840.8000,1,2,1,1,1,1,1,1,4,2
SF,IF2012,2020-05-11 09:32:16.100,3837.0000,2496,0,98864580.000,0,-,-,-,-,3836.4000,3835.6000,3835.4000,3833.0000,3827.0000,3838.2000,3838.8000,3840.6000,3840.8000,3842.2000,2,2,1,1,1,1,1,4,2,1
SF,IF2012,2020-05-11 09:32:16.600,3837.0000,2496,0,98864580.000,0,-,-,-,-,3836.6000,3836.4000,3835.6000,3835.4000,3833.0000,3838.2000,3838.8000,3840.8000,3842.2000,3861.2000,1,2,2,1,1,1,1,2,1,1
SF,IF2012,2020-05-11 09:32:17.100,3837.0000,2496,0,98864580.000,0,-,-,-,-,3836.8000,3836.4000,3835.6000,3835.4000,3833.0000,3838.2000,3838.8000,3840.8000,3842.2000,3842.8000,3,1,2,1,1,1,1,1,1,4
SF,IF2012,2020-05-11 09:32:17.600,3837.0000,2496,0,98864580.000,0,-,-,-,-,3836.8000,3836.4000,3835.6000,3835.4000,3833.0000,3838.2000,3838.8000,3840.8000,3842.2000,3842.8000,3,1,1,1,1,1,1,1,1,4
SF,IF2012,2020-05-11 09:32:18.100,3837.0000,2496,0,98864580.000,0,-,-,-,-,3837.0000,3836.8000,3836.4000,3835.6000,3835.4000,3838.2000,3838.8000,3840.8000,3842.2000,3842.8000,1,3,1,1,1,1,1,1,1,4
SF,IF2012,2020-05-11 09:32:18.600,3837.0000,2496,0,98864580.000,0,-,-,-,-,3837.0000,3836.8000,3836.4000,3835.6000,3835.4000,3838.2000,3838.8000,3840.8000,3842.2000,3842.8000,1,1,1,1,1,1,1,1,1,4
SF,IF2012,2020-05-11 09:32:22.600,3837.0000,2496,0,98864580.000,0,-,-,-,-,3837.0000,3836.8000,3836.4000,3835.6000,3835.4000,3838.2000,3838.8000,3840.8000,3842.2000,3842.4000,1,1,1,1,1,1,1,1,1,4
SF,IF2012,2020-05-11 09:32:24.100,3838.2000,2497,1,100016040.000,1,1,0,双开,S,3837.0000,3836.8000,3836.4000,3835.6000,3835.4000,3838.8000,3840.8000,3842.2000,3842.4000,3842.8000,1,1,1,1,1,1,1,1,4,4
SF,IF2012,2020-05-11 09:32:24.600,3838.2000,2497,0,100016040.000,0,-,-,-,-,3837.2000,3837.0000,3836.4000,3835.6000,3835.4000,3838.8000,3840.8000,3842.2000,3842.4000,3842.8000,1,1,1,1,1,1,1,1,4,4
SF,IF2012,2020-05-11 09:32:25.100,3838.2000,2497,0,100016040.000,0,-,-,-,-,3837.2000,3837.0000,3836.4000,3835.6000,3835.4000,3838.8000,3840.8000,3842.2000,3842.4000,3842.8000,2,1,1,1,1,1,1,1,4,4
SF,IF2012,2020-05-11 09:32:25.600,3838.8000,2497,0,101167680.000,1,0,1,多换,S,3837.6000,3837.4000,3837.2000,3837.0000,3836.4000,3837.8000,3840.8000,3842.2000,3842.4000,3842.8000,1,2,1,1,1,1,1,1,4,4
SF,IF2012,2020-05-11 09:32:26.100,3837.8000,2498,1,102319020.000,1,1,0,双开,S,3837.6000,3837.0000,3836.4000,3835.4000,3833.0000,3840.8000,3842.2000,3842.8000,3844.2000,3861.2000,1,1,1,1,1,1,1,4,2,1
SF,IF2012,2020-05-11 09:32:26.600,3837.8000,2498,0,102319020.000,0,-,-,-,-,3837.8000,3837.6000,3837.0000,3836.4000,3835.4000,3840.6000,3840.8000,3842.2000,3842.8000,3844.2000,1,1,1,1,1,1,1,1,4,2
SF,IF2012,2020-05-11 09:32:27.100,3837.8000,2498,0,102319020.000,0,-,-,-,-,3838.2000,3838.0000,3837.8000,3837.0000,3836.4000,3840.6000,3840.8000,3842.2000,3842.8000,3844.2000,1,1,2,1,1,1,1,1,4,1
SF,IF2012,2020-05-11 09:32:27.600,3837.8000,2498,0,102319020.000,0,-,-,-,-,3838.4000,3838.2000,3838.0000,3837.8000,3837.0000,3840.8000,3842.2000,3842.8000,3844.2000,3849.2000,1,2,2,1,1,1,1,4,1,1
SF,IF2012,2020-05-11 09:32:28.100,3837.8000,2498,0,102319020.000,0,-,-,-,-,3838.8000,3838.4000,3838.2000,3837.0000,3836.4000,3840.4000,3840.6000,3840.8000,3842.2000,3842.8000,1,1,1,1,1,1,1,1,1,4
SF,IF2012,2020-05-11 09:32:28.600,3837.8000,2498,0,102319020.000,0,-,-,-,-,3838.2000,3837.0000,3836.4000,3835.4000,3827.0000,3840.2000,3840.4000,3840.8000,3842.2000,3844.2000,1,1,1,1,1,1,1,1,1,1
SF,IF2012,2020-05-11 09:32:29.100,3837.8000,2498,0,102319020.000,0,-,-,-,-,3838.4000,3837.0000,3836.4000,3835.4000,3827.0000,3840.2000,3840.4000,3840.8000,3842.2000,3844.2000,1,1,1,1,1,1,1,1,1,1
SF,IF2012,2020-05-11 09:32:29.600,3837.8000,2498,0,102319020.000,0,-,-,-,-,3838.4000,3837.0000,3836.4000,3835.4000,3827.0000,3840.2000,3840.4000,3840.8000,3842.2000,3844.2000,3,1,1,1,1,1,1,1,1,1
SF,IF2012,2020-05-11 09:32:30.100,3837.8000,2498,0,102319020.000,0,-,-,-,-,3836.4000,3835.4000,3827.0000,3822.8000,3822.6000,3840.2000,3840.4000,3840.8000,3842.2000,3844.2000,1,1,1,1,1,1,1,1,1,1
SF,IF2012,2020-05-11 09:32:30.600,3837.8000,2498,0,102319020.000,0,-,-,-,-,3837.0000,3836.8000,3836.6000,3835.4000,3827.0000,3840.0000,3840.2000,3840.8000,3842.2000,3844.2000,1,1,1,1,1,1,1,1,1,1
SF,IF2012,2020-05-11 09:32:31.100,3837.8000,2498,0,102319020.000,0,-,-,-,-,3837.4000,3837.2000,3837.0000,3836.8000,3835.4000,3840.0000,3840.2000,3840.8000,3842.2000,3844.2000,1,1,1,1,1,1,1,1,1,1
SF,IF2012,2020-05-11 09:32:31.600,3837.8000,2498,0,102319020.000,0,-,-,-,-,3837.6000,3837.4000,3837.2000,3837.0000,3835.4000,3840.0000,3840.2000,3840.8000,3842.2000,3844.2000,1,2,1,1,1,1,1,1,1,1
SF,IF2012,2020-05-11 09:32:32.100,3837.8000,2498,0,102319020.000,0,-,-,-,-,3838.0000,3837.8000,3837.6000,3837.2000,3835.4000,3840.8000,3842.2000,3844.2000,3845.2000,3849.2000,1,2,1,1,1,1,1,1,4,1
SF,IF2012,2020-05-11 09:32:32.600,3837.8000,2498,0,102319020.000,0,-,-,-,-,3838.2000,3838.0000,3837.8000,3837.2000,3835.4000,3840.8000,3842.2000,3844.2000,3845.2000,3849.2000,3,1,2,1,1,1,1,1,4,1
SF,IF2012,2020-05-11 09:32:33.100,3837.8000,2498,0,102319020.000,0,-,-,-,-,3838.6000,3838.2000,3838.0000,3837.8000,3837.2000,3840.8000,3842.2000,3844.2000,3845.2000,3849.2000,1,3,1,2,1,1,1,1,4,1
SF,IF2012,2020-05-11 09:32:33.600,3837.8000,2498,0,102319020.000,0,-,-,-,-,3838.8000,3838.6000,3838.2000,3838.0000,3837.8000,3840.8000,3842.2000,3844.2000,3845.2000,3849.2000,1,1,2,1,1,1,1,1,4,1
SF,IF2012,2020-05-11 09:32:34.100,3837.8000,2498,0,102319020.000,0,-,-,-,-,3839.0000,3838.8000,3838.6000,3838.0000,3835.4000,3840.8000,3842.2000,3844.2000,3845.2000,3849.2000,2,1,1,1,1,1,1,1,4,1
SF,IF2012,2020-05-11 09:32:34.600,3837.8000,2498,0,102319020.000,0,-,-,-,-,3838.0000,3835.4000,3827.0000,3822.8000,3822.6000,3840.6000,3840.8000,3842.2000,3844.2000,3845.2000,1,1,1,1,1,1,1,1,1,4
SF,IF2012,2020-05-11 09:32:35.100,3837.8000,2498,0,102319020.000,0,-,-,-,-,3838.4000,3838.2000,3838.0000,3835.4000,3827.0000,3840.6000,3840.8000,3842.2000,3844.2000,3845.2000,2,2,1,1,1,1,1,1,1,4
SF,IF2012,2020-05-11 09:32:35.600,3837.8000,2498,0,102319020.000,0,-,-,-,-,3838.6000,3838.4000,3838.2000,3838.0000,3835.4000,3840.6000,3840.8000,3842.2000,3844.2000,3845.2000,1,2,1,1,1,1,1,1,1,4
SF,IF2012,2020-05-11 09:32:36.100,3837.8000,2498,0,102319020.000,0,-,-,-,-,3838.8000,3838.6000,3838.4000,3838.2000,3838.0000,3840.6000,3840.8000,3842.2000,3844.2000,3845.2000,1,2,1,1,1,1,1,1,1,4
SF,IF2012,2020-05-11 09:32:36.600,3837.8000,2498,0,102319020.000,0,-,-,-,-,3839.0000,3838.8000,3838.6000,3838.2000,3838.0000,3840.6000,3840.8000,3842.2000,3844.2000,3845.2000,1,1,1,1,1,1,1,1,1,4
SF,IF2012,2020-05-11 09:32:37.100,3837.8000,2498,0,102319020.000,0,-,-,-,-,3838.6000,3835.4000,3827.0000,3822.8000,3822.6000,3840.6000,3840.8000,3842.2000,3844.2000,3845.2000,1,1,1,1,1,1,1,1,1,4
SF,IF2012,2020-05-11 09:32:37.600,3840.6000,2498,0,103471200.000,1,0,1,多换,S,3839.2000,3835.4000,3827.0000,3822.8000,3822.6000,3840.8000,3842.2000,3844.2000,3845.2000,3849.2000,2,1,1,1,1,1,1,1,4,1
SF,IF2012,2020-05-11 09:32:38.100,3840.6000,2498,0,103471200.000,0,-,-,-,-,3835.4000,3827.0000,3822.8000,3822.6000,3821.2000,3840.8000,3842.2000,3844.2000,3845.2000,3849.2000,1,1,1,1,1,1,1,1,4,1
SF,IF2012,2020-05-11 09:32:38.600,3840.6000,2498,0,103471200.000,0,-,-,-,-,3837.8000,3835.8000,3835.6000,3835.4000,3827.0000,3840.6000,3840.8000,3842.2000,3844.2000,3845.2000,1,6,2,1,1,1,1,1,1,4
SF,IF2012,2020-05-11 09:32:39.100,3840.6000,2498,0,103471200.000,0,-,-,-,-,3838.2000,3838.0000,3837.8000,3835.8000,3835.6000,3840.6000,3840.8000,3842.2000,3844.2000,3845.2000,1,3,1,5,1,1,1,1,1,4
SF,IF2012,2020-05-11 09:32:39.600,3840.8000,2497,-1,104623440.000,1,0,1,双平,S,3840.8000,3838.4000,3838.2000,3837.8000,3835.8000,3842.2000,3844.2000,3845.2000,3849.2000,3861.2000,2,3,1,1,5,1,1,4,1,1
SF,IF2012,2020-05-11 09:32:40.100,3840.8000,2497,0,105775680.000,1,0,1,多换,S,3841.0000,3840.8000,3838.4000,3838.2000,3837.8000,3841.8000,3842.0000,3842.2000,3844.2000,3845.2000,1,1,2,1,1,1,1,1,1,4
SF,IF2012,2020-05-11 09:32:40.600,3841.0000,2497,0,106927980.000,1,0,1,多换,S,3840.8000,3838.4000,3838.2000,3837.8000,3835.8000,3841.8000,3842.0000,3842.2000,3844.2000,3845.2000,1,2,1,1,5,1,1,1,1,4
SF,IF2012,2020-05-11 09:32:41.100,3841.0000,2497,0,106927980.000,0,-,-,-,-,3840.8000,3838.4000,3838.2000,3837.8000,3835.8000,3841.0000,3841.8000,3842.0000,3842.2000,3844.2000,1,2,1,1,5,1,1,1,1,1
SF,IF2012,2020-05-11 09:32:41.600,3840.8000,2498,1,108080220.000,1,1,0,双开,S,3838.4000,3838.2000,3837.8000,3835.8000,3835.6000,3841.0000,3841.8000,3842.0000,3842.2000,3844.2000,1,1,1,5,1,1,1,1,1,1
SF,IF2012,2020-05-11 09:32:42.100,3840.8000,2498,0,108080220.000,0,-,-,-,-,3838.8000,3838.4000,3837.8000,3835.8000,3835.6000,3841.0000,3841.8000,3842.0000,3842.2000,3844.2000,2,1,1,5,1,1,1,1,1,1
SF,IF2012,2020-05-11 09:32:42.600,3840.8000,2498,0,108080220.000,0,-,-,-,-,3839.0000,3838.8000,3837.8000,3835.8000,3835.6000,3841.0000,3841.8000,3842.0000,3842.2000,3844.2000,3,2,1,5,1,1,1,1,1,1
SF,IF2012,2020-05-11 09:32:43.600,3840.8000,2498,0,108080220.000,0,-,-,-,-,3839.0000,3838.8000,3837.8000,3835.8000,3835.6000,3841.0000,3841.8000,3842.0000,3842.2000,3844.2000,2,1,1,5,1,1,1,1,1,1
SF,IF2012,2020-05-11 09:32:44.100,3840.8000,2498,0,108080220.000,0,-,-,-,-,3839.2000,3839.0000,3838.8000,3837.8000,3835.8000,3841.0000,3841.8000,3842.0000,3842.2000,3844.2000,3,2,1,1,5,1,1,1,1,1
SF,IF2012,2020-05-11 09:32:44.600,3840.8000,2498,0,108080220.000,0,-,-,-,-,3839.4000,3839.2000,3839.0000,3837.8000,3835.8000,3841.0000,3841.8000,3842.2000,3844.2000,3845.2000,1,4,1,1,5,1,1,1,1,4
SF,IF2012,2020-05-11 09:32:45.100,3840.8000,2498,0,108080220.000,0,-,-,-,-,3839.6000,3839.4000,3839.2000,3839.0000,3837.8000,3841.0000,3842.2000,3844.2000,3845.2000,3845.4000,2,1,2,1,1,1,1,1,4,1
SF,IF2012,2020-05-11 09:32:45.600,3841.0000,2499,1,109232520.000,1,1,0,双开,S,3839.8000,3839.6000,3839.2000,3839.0000,3837.8000,3841.6000,3842.2000,3845.2000,3845.4000,3849.2000,1,2,1,1,1,1,1,4,1,1
SF,IF2012,2020-05-11 09:32:46.600,3841.0000,2499,0,109232520.000,0,-,-,-,-,3839.8000,3839.6000,3839.2000,3837.8000,3835.8000,3841.6000,3842.2000,3845.2000,3845.4000,3849.2000,1,2,1,1,5,1,1,4,1,1
SF,IF2012,2020-05-11 09:32:47.100,3841.0000,2499,0,109232520.000,0,-,-,-,-,3840.2000,3839.8000,3839.6000,3837.8000,3835.8000,3841.4000,3841.6000,3842.2000,3845.2000,3845.4000,1,1,2,1,5,1,1,1,4,1
SF,IF2012,2020-05-11 09:32:47.600,3841.4000,2498,-1,110384940.000,1,0,1,双平,S,3840.2000,3840.0000,3837.8000,3835.8000,3835.6000,3841.6000,3842.2000,3845.2000,3845.4000,3849.2000,1,1,1,5,1,1,1,4,1,1
SF,IF2012,2020-05-11 09:32:48.100,3841.4000,2498,0,110384940.000,0,-,-,-,-,3840.4000,3840.2000,3840.0000,3837.8000,3835.8000,3841.6000,3842.2000,3845.2000,3845.4000,3851.2000,2,1,1,1,5,1,1,4,1,1
SF,IF2012,2020-05-11 09:32:48.600,3841.4000,2498,0,110384940.000,0,-,-,-,-,3840.8000,3840.6000,3840.4000,3840.0000,3837.8000,3841.6000,3842.2000,3845.2000,3845.4000,3849.0000,1,1,1,1,1,1,1,4,1,1
SF,IF2012,2020-05-11 09:32:49.100,3841.6000,2498,0,111537420.000,1,0,1,多换,S,3840.8000,3840.4000,3840.0000,3837.8000,3835.8000,3842.2000,3845.2000,3845.4000,3849.0000,3851.2000,1,1,1,1,5,1,4,1,1,1
SF,IF2012,2020-05-11 09:32:49.600,3841.6000,2498,0,111537420.000,0,-,-,-,-,3841.0000,3840.8000,3840.0000,3837.8000,3835.8000,3842.2000,3845.2000,3845.4000,3849.0000,3851.2000,2,1,1,1,5,1,4,1,1,1
SF,IF2012,2020-05-11 09:32:50.100,3842.2000,2498,0,112690080.000,1,0,1,多换,S,3841.4000,3841.2000,3841.0000,3837.8000,3835.8000,3845.2000,3845.4000,3849.0000,3851.2000,3865.0000,1,1,2,1,5,4,1,1,1,1
SF,IF2012,2020-05-11 09:32:50.600,3842.2000,2498,0,112690080.000,0,-,-,-,-,3841.0000,3837.8000,3835.8000,3835.6000,3835.4000,3844.4000,3845.0000,3845.4000,3847.4000,3849.0000,1,1,5,1,1,1,2,1,4,1
SF,IF2012,2020-05-11 09:32:51.100,3842.2000,2498,0,112690080.000,0,-,-,-,-,3841.2000,3841.0000,3837.8000,3835.8000,3835.6000,3844.2000,3844.4000,3845.4000,3847.4000,3849.0000,2,1,1,5,1,1,1,1,4,1
SF,IF2012,2020-05-11 09:32:51.600,3842.2000,2498,0,112690080.000,0,-,-,-,-,3841.0000,3837.8000,3835.8000,3835.6000,3835.4000,3843.8000,3844.0000,3844.2000,3847.4000,3849.0000,1,1,5,1,1,1,1,1,4,1
SF,IF2012,2020-05-11 09:32:52.100,3842.2000,2498,0,112690080.000,0,-,-,-,-,3841.2000,3841.0000,3837.8000,3835.8000,3835.6000,3843.6000,3843.8000,3844.2000,3847.4000,3849.0000,1,1,1,5,1,1,1,1,4,1
SF,IF2012,2020-05-11 09:32:52.600,3842.2000,2498,0,112690080.000,0,-,-,-,-,3841.0000,3837.8000,3835.8000,3835.6000,3835.4000,3843.2000,3843.4000,3843.6000,3843.8000,3844.2000,1,1,5,1,1,1,1,1,1,1
SF,IF2012,2020-05-11 09:32:53.100,3842.2000,2498,0,112690080.000,0,-,-,-,-,3841.0000,3837.8000,3835.8000,3835.6000,3835.4000,3843.2000,3843.4000,3844.2000,3847.4000,3849.0000,1,1,5,1,1,1,1,1,4,1
SF,IF2012,2020-05-11 09:32:53.600,3842.2000,2498,0,112690080.000,0,-,-,-,-,3841.0000,3837.8000,3835.8000,3835.6000,3835.4000,3843.0000,3843.2000,3844.2000,3847.4000,3849.0000,1,1,5,1,1,3,1,1,4,1
SF,IF2012,2020-05-11 09:32:54.600,3842.2000,2498,0,112690080.000,0,-,-,-,-,3841.0000,3837.8000,3835.8000,3835.6000,3835.0000,3842.8000,3843.0000,3843.2000,3844.2000,3847.4000,1,1,5,1,1,1,2,1,1,4
SF,IF2012,2020-05-11 09:32:55.100,3842.2000,2498,0,112690080.000,0,-,-,-,-,3841.0000,3837.8000,3835.8000,3835.6000,3835.0000,3842.8000,3843.2000,3844.2000,3847.4000,3849.0000,1,1,5,1,1,1,1,1,4,1
SF,IF2012,2020-05-11 09:32:55.600,3842.2000,2498,0,112690080.000,0,-,-,-,-,3841.0000,3837.8000,3835.8000,3835.6000,3835.0000,3842.4000,3842.6000,3842.8000,3844.2000,3847.4000,1,1,5,1,1,1,1,2,1,4
SF,IF2012,2020-05-11 09:32:57.100,3842.2000,2498,0,112690080.000,0,-,-,-,-,3841.0000,3837.8000,3835.8000,3835.6000,3835.0000,3842.2000,3842.4000,3842.6000,3842.8000,3844.2000,1,1,5,1,1,1,1,1,1,1
SF,IF2012,2020-05-11 09:32:59.600,3842.2000,2498,0,112690080.000,0,-,-,-,-,3841.0000,3837.8000,3835.8000,3835.6000,3835.0000,3842.2000,3842.4000,3842.6000,3842.8000,3844.2000,1,1,5,1,1,1,1,1,1,1
SF,IF2012,2020-05-11 09:33:00.100,3842.2000,2498,0,112690080.000,0,-,-,-,-,3841.0000,3837.8000,3835.8000,3835.6000,3835.0000,3842.2000,3842.8000,3844.2000,3846.6000,3847.4000,1,1,5,1,1,1,1,1,4,4
SF,IF2012,2020-05-11 09:33:00.600,3841.0000,2499,1,113842380.000,1,1,0,双开,S,3837.8000,3835.8000,3835.6000,3835.0000,3833.0000,3842.2000,3842.8000,3844.2000,3846.6000,3847.4000,1,5,1,1,1,1,1,1,4,4
SF,IF2012,2020-05-11 09:33:01.100,3841.0000,2499,0,113842380.000,0,-,-,-,-,3838.2000,3838.0000,3837.8000,3835.8000,3835.6000,3842.0000,3842.2000,3842.8000,3846.6000,3847.4000,1,1,1,5,1,1,1,1,4,4
SF,IF2012,2020-05-11 09:33:01.600,3841.0000,2499,0,113842380.000,0,-,-,-,-,3838.2000,3835.8000,3835.6000,3835.0000,3833.0000,3841.8000,3842.0000,3842.2000,3842.8000,3846.6000,1,5,1,1,1,1,1,1,1,4
SF,IF2012,2020-05-11 09:33:02.100,3841.0000,2499,0,113842380.000,0,-,-,-,-,3839.0000,3838.8000,3838.4000,3838.2000,3835.8000,3841.6000,3841.8000,3842.2000,3842.8000,3846.6000,1,1,2,1,5,1,1,1,1,4
SF,IF2012,2020-05-11 09:33:02.600,3841.0000,2499,0,113842380.000,0,-,-,-,-,3839.4000,3839.0000,3838.4000,3835.8000,3835.6000,3841.6000,3841.8000,3842.8000,3846.6000,3847.4000,2,1,1,5,1,1,1,1,4,4
SF,IF2012,2020-05-11 09:33:03.100,3841.0000,2499,0,113842380.000,0,-,-,-,-,3839.6000,3839.4000,3839.0000,3838.4000,3835.8000,3841.8000,3842.8000,3846.6000,3847.4000,3849.0000,1,2,1,1,5,1,1,4,4,1
SF,IF2012,2020-05-11 09:33:03.600,3841.0000,2499,0,113842380.000,0,-,-,-,-,3840.0000,3839.6000,3839.4000,3839.0000,3835.8000,3841.8000,3842.8000,3846.6000,3847.4000,3849.0000,1,1,1,1,5,1,1,4,4,1
SF,IF2012,2020-05-11 09:33:04.100,3841.0000,2499,0,113842380.000,0,-,-,-,-,3840.0000,3839.8000,3839.6000,3839.0000,3835.8000,3842.8000,3846.6000,3847.4000,3849.0000,3851.2000,1,1,1,1,5,1,4,4,1,1
SF,IF2012,2020-05-11 09:33:04.600,3841.0000,2499,0,113842380.000,0,-,-,-,-,3840.2000,3840.0000,3839.8000,3839.0000,3835.8000,3842.8000,3846.6000,3847.4000,3849.0000,3851.2000,2,1,1,1,5,1,4,4,1,1
SF,IF2012,2020-05-11 09:33:05.100,3841.0000,2499,0,113842380.000,0,-,-,-,-,3840.6000,3840.2000,3839.0000,3835.8000,3835.6000,3842.8000,3846.6000,3847.4000,3849.0000,3851.2000,1,1,1,5,1,1,4,4,1,1
SF,IF2012,2020-05-11 09:33:05.600,3841.0000,2499,0,113842380.000,0,-,-,-,-,3840.6000,3840.4000,3839.0000,3835.8000,3835.6000,3842.8000,3846.6000,3847.4000,3849.0000,3851.2000,2,1,1,5,1,1,4,4,1,1
SF,IF2012,2020-05-11 09:33:06.100,3841.0000,2499,0,113842380.000,0,-,-,-,-,3840.8000,3840.6000,3840.4000,3839.0000,3835.8000,3846.6000,3847.4000,3849.0000,3851.2000,3865.0000,1,2,1,1,5,4,4,1,1,1
SF,IF2012,2020-05-11 09:33:06.600,3841.0000,2499,0,113842380.000,0,-,-,-,-,3841.2000,3840.8000,3840.4000,3839.0000,3835.8000,3844.0000,3846.4000,3846.6000,3847.4000,3849.0000,1,1,1,1,5,1,2,4,4,1
SF,IF2012,2020-05-11 09:33:07.100,3841.0000,2499,0,113842380.000,0,-,-,-,-,3841.4000,3841.2000,3840.4000,3839.0000,3835.8000,3844.0000,3846.4000,3846.6000,3847.4000,3849.0000,2,1,1,1,5,1,2,4,4,1
SF,IF2012,2020-05-11 09:33:07.600,3841.0000,2499,0,113842380.000,0,-,-,-,-,3842.8000,3841.8000,3841.6000,3841.4000,3840.4000,3846.4000,3847.4000,3849.0000,3851.2000,3865.0000,1,1,1,2,1,2,4,1,1,1
SF,IF2012,2020-05-11 09:33:08.100,3841.0000,2499,0,113842380.000,0,-,-,-,-,3843.2000,3842.8000,3841.8000,3841.6000,3835.6000,3846.4000,3847.4000,3849.0000,3851.2000,3865.0000,1,1,1,5,1,2,4,1,1,1
SF,IF2012,2020-05-11 09:33:08.600,3841.0000,2499,0,113842380.000,0,-,-,-,-,3843.2000,3842.8000,3841.8000,3835.6000,3835.0000,3846.2000,3846.4000,3847.4000,3849.0000,3851.2000,1,1,1,1,1,1,2,4,1,1
SF,IF2012,2020-05-11 09:33:09.100,3841.0000,2499,0,113842380.000,0,-,-,-,-,3843.4000,3843.2000,3842.8000,3841.8000,3835.6000,3846.0000,3846.2000,3849.0000,3849.6000,3851.2000,1,1,1,1,1,1,1,1,4,1
SF,IF2012,2020-05-11 09:33:09.600,3846.0000,2499,0,114996180.000,1,0,1,多换,S,3843.8000,3843.6000,3843.4000,3842.8000,3841.8000,3849.0000,3849.6000,3851.2000,3865.0000,3866.0000,1,1,2,1,1,1,4,1,1,1
SF,IF2012,2020-05-11 09:33:10.100,3846.0000,2499,0,114996180.000,0,-,-,-,-,3844.0000,3843.8000,3843.4000,3842.8000,3841.8000,3846.6000,3848.8000,3849.0000,3849.6000,3851.2000,1,1,1,1,1,1,1,1,4,1
SF,IF2012,2020-05-11 09:33:10.600,3846.0000,2499,0,114996180.000,0,-,-,-,-,3844.0000,3842.8000,3841.8000,3835.6000,3835.0000,3846.6000,3849.0000,3849.6000,3851.2000,3865.0000,1,1,1,1,1,1,1,4,1,1
SF,IF2012,2020-05-11 09:33:11.100,3846.4000,2499,0,116150100.000,1,0,1,多换,S,3844.0000,3842.8000,3841.8000,3835.6000,3835.0000,3846.4000,3846.6000,3849.0000,3849.6000,3851.2000,1,1,1,1,1,1,1,1,4,1
SF,IF2012,2020-05-11 09:33:11.600,3846.4000,2499,0,116150100.000,0,-,-,-,-,3844.2000,3842.8000,3842.2000,3841.8000,3840.4000,3846.4000,3849.0000,3849.6000,3851.2000,3865.0000,1,1,1,1,1,1,1,4,1,1
SF,IF2012,2020-05-11 09:33:12.100,3846.4000,2499,0,116150100.000,0,-,-,-,-,3844.2000,3842.8000,3842.2000,3841.8000,3840.4000,3845.6000,3846.4000,3849.0000,3849.6000,3851.2000,2,1,1,1,1,1,2,1,4,1
SF,IF2012,2020-05-11 09:33:12.600,3846.4000,2499,0,116150100.000,0,-,-,-,-,3842.8000,3842.2000,3841.8000,3840.4000,3835.6000,3846.4000,3849.6000,3851.2000,3865.0000,3866.0000,1,1,1,1,1,2,4,1,1,1
SF,IF2012,2020-05-11 09:33:13.100,3846.4000,2499,0,116150100.000,0,-,-,-,-,3843.2000,3843.0000,3842.8000,3842.2000,3841.8000,3846.2000,3846.4000,3851.2000,3865.0000,3866.0000,1,1,1,1,1,1,2,1,1,1
SF,IF2012,2020-05-11 09:33:13.600,3846.4000,2499,0,116150100.000,0,-,-,-,-,3843.2000,3842.8000,3842.2000,3841.8000,3840.4000,3845.8000,3846.2000,3846.4000,3851.2000,3852.4000,1,1,1,1,1,1,2,1,1,1
SF,IF2012,2020-05-11 09:33:14.100,3846.4000,2499,0,116150100.000,0,-,-,-,-,3843.4000,3843.2000,3842.8000,3842.2000,3841.8000,3845.8000,3846.0000,3846.2000,3846.4000,3851.2000,1,1,1,1,1,1,1,2,1,1
SF,IF2012,2020-05-11 09:33:14.600,3846.4000,2499,0,116150100.000,0,-,-,-,-,3843.6000,3843.4000,3842.8000,3842.2000,3841.8000,3845.2000,3845.8000,3846.2000,3846.4000,3851.2000,1,1,1,1,1,1,1,2,1,1
SF,IF2012,2020-05-11 09:33:15.100,3846.4000,2499,0,116150100.000,0,-,-,-,-,3843.8000,3843.6000,3842.8000,3842.2000,3841.8000,3845.2000,3845.8000,3846.2000,3846.4000,3851.2000,1,1,1,1,1,1,1,2,1,1
SF,IF2012,2020-05-11 09:33:15.600,3846.4000,2499,0,116150100.000,0,-,-,-,-,3843.8000,3843.6000,3842.8000,3842.2000,3841.8000,3845.2000,3845.8000,3846.2000,3846.4000,3851.2000,2,1,1,1,1,1,1,2,2,1
SF,IF2012,2020-05-11 09:33:16.100,3843.6000,2498,-1,117303180.000,1,0,1,双平,S,3842.8000,3842.2000,3841.8000,3840.4000,3835.6000,3845.2000,3845.8000,3846.2000,3846.4000,3851.2000,1,1,1,1,1,1,1,2,2,1
SF,IF2012,2020-05-11 09:33:16.600,3843.6000,2498,0,117303180.000,0,-,-,-,-,3843.0000,3842.8000,3842.2000,3841.8000,3840.4000,3845.2000,3845.8000,3846.2000,3846.4000,3851.2000,1,1,1,1,1,1,1,1,2,1
SF,IF2012,2020-05-11 09:33:17.100,3843.6000,2498,0,117303180.000,0,-,-,-,-,3843.0000,3842.8000,3842.2000,3841.8000,3835.6000,3845.2000,3845.8000,3846.2000,3846.4000,3851.2000,2,1,1,1,1,1,1,1,2,1
SF,IF2012,2020-05-11 09:33:17.600,3843.6000,2498,0,117303180.000,0,-,-,-,-,3842.8000,3835.6000,3835.0000,3833.0000,3827.0000,3845.0000,3845.2000,3845.8000,3846.4000,3851.2000,1,1,1,1,1,1,1,1,1,1
SF,IF2012,2020-05-11 09:33:18.100,3842.8000,2499,1,118456020.000,1,1,0,双开,S,3840.2000,3835.6000,3835.0000,3833.0000,3827.0000,3844.8000,3845.0000,3845.2000,3845.8000,3846.4000,1,1,1,1,1,1,1,1,1,1
SF,IF2012,2020-05-11 09:33:18.600,3842.8000,2499,0,118456020.000,0,-,-,-,-,3840.6000,3840.4000,3840.2000,3835.6000,3835.0000,3844.8000,3845.0000,3845.2000,3845.8000,3846.4000,1,1,1,1,1,1,1,1,1,1
SF,IF2012,2020-05-11 09:33:19.100,3842.8000,2499,0,118456020.000,0,-,-,-,-,3841.2000,3840.2000,3835.6000,3835.0000,3833.0000,3844.2000,3844.6000,3844.8000,3845.2000,3846.4000,1,1,1,1,1,3,1,1,1,1
SF,IF2012,2020-05-11 09:33:19.600,3842.8000,2499,0,118456020.000,0,-,-,-,-,3841.4000,3835.6000,3835.0000,3833.0000,3827.0000,3844.0000,3844.2000,3845.2000,3846.4000,3846.6000,1,1,1,1,1,1,3,1,1,1
SF,IF2012,2020-05-11 09:33:20.100,3842.8000,2499,0,118456020.000,0,-,-,-,-,3841.4000,3838.4000,3835.6000,3835.0000,3833.0000,3844.0000,3844.2000,3845.2000,3846.4000,3846.6000,1,1,1,1,1,2,3,1,1,1
SF,IF2012,2020-05-11 09:33:20.600,3842.8000,2499,0,118456020.000,0,-,-,-,-,3841.4000,3838.4000,3835.6000,3835.0000,3833.0000,3843.6000,3844.0000,3844.2000,3845.2000,3846.2000,1,1,1,1,1,2,2,1,1,4
SF,IF2012,2020-05-11 09:33:21.100,3842.8000,2499,0,118456020.000,0,-,-,-,-,3841.4000,3838.4000,3835.6000,3835.4000,3835.0000,3843.6000,3844.0000,3844.2000,3845.2000,3846.2000,1,1,1,1,1,3,1,1,1,4
SF,IF2012,2020-05-11 09:33:22.100,3842.8000,2499,0,118456020.000,0,-,-,-,-,3841.4000,3838.4000,3835.6000,3835.4000,3835.0000,3843.6000,3844.0000,3844.2000,3845.2000,3846.2000,1,1,1,1,1,2,1,1,1,4
SF,IF2012,2020-05-11 09:33:23.100,3842.8000,2499,0,118456020.000,0,-,-,-,-,3841.8000,3841.4000,3838.4000,3835.6000,3835.4000,3843.6000,3844.0000,3844.2000,3845.2000,3846.2000,1,1,1,1,1,2,1,1,1,4
SF,IF2012,2020-05-11 09:33:23.600,3842.8000,2499,0,118456020.000,0,-,-,-,-,3841.8000,3838.4000,3835.6000,3835.4000,3835.0000,3844.0000,3844.2000,3845.2000,3845.6000,3846.2000,1,1,1,1,1,1,1,1,2,4
SF,IF2012,2020-05-11 09:33:24.100,3842.8000,2499,0,118456020.000,0,-,-,-,-,3838.4000,3835.6000,3835.4000,3835.0000,3833.0000,3843.0000,3843.8000,3844.0000,3845.2000,3845.6000,1,1,1,1,1,1,1,1,1,2
SF,IF2012,2020-05-11 09:33:24.600,3842.8000,2499,0,118456020.000,0,-,-,-,-,3840.4000,3838.6000,3838.4000,3835.6000,3835.4000,3843.0000,3844.0000,3845.2000,3845.6000,3846.2000,1,7,1,1,1,1,1,1,2,4
SF,IF2012,2020-05-11 09:33:25.100,3842.8000,2499,0,118456020.000,0,-,-,-,-,3840.8000,3840.4000,3838.4000,3835.6000,3835.4000,3843.0000,3844.0000,3845.2000,3846.2000,3846.4000,1,1,1,1,1,1,1,1,4,1
SF,IF2012,2020-05-11 09:33:25.600,3842.8000,2499,0,118456020.000,0,-,-,-,-,3841.0000,3840.8000,3840.4000,3838.4000,3835.6000,3843.0000,3844.0000,3845.2000,3846.2000,3846.4000,1,1,1,1,1,1,1,1,4,1
SF,IF2012,2020-05-11 09:33:26.100,3842.8000,2499,0,118456020.000,0,-,-,-,-,3841.2000,3841.0000,3840.4000,3838.4000,3835.6000,3843.0000,3844.0000,3845.2000,3846.2000,3846.4000,2,1,1,1,1,1,1,1,4,1
SF,IF2012,2020-05-11 09:33:27.600,3842.8000,2499,0,118456020.000,0,-,-,-,-,3841.0000,3838.4000,3835.6000,3835.4000,3835.0000,3843.0000,3844.0000,3845.2000,3846.2000,3846.4000,1,1,1,1,1,1,1,1,4,1
SF,IF2012,2020-05-11 09:33:28.100,3842.8000,2499,0,118456020.000,0,-,-,-,-,3838.4000,3835.6000,3835.4000,3835.0000,3833.0000,3843.0000,3844.0000,3845.2000,3846.2000,3846.4000,1,1,1,1,1,1,1,1,4,1
SF,IF2012,2020-05-11 09:33:28.600,3842.8000,2499,0,118456020.000,0,-,-,-,-,3839.4000,3838.6000,3838.4000,3835.6000,3835.4000,3843.0000,3844.0000,3845.2000,3846.2000,3846.4000,1,1,1,1,1,1,1,1,4,1
SF,IF2012,2020-05-11 09:33:29.100,3842.8000,2499,0,118456020.000,0,-,-,-,-,3839.4000,3838.4000,3835.6000,3835.4000,3835.0000,3843.0000,3845.2000,3846.2000,3846.4000,3846.6000,1,1,1,1,1,1,1,4,1,1
SF,IF2012,2020-05-11 09:33:29.600,3842.8000,2499,0,118456020.000,0,-,-,-,-,3839.6000,3839.4000,3838.4000,3835.6000,3835.4000,3843.0000,3845.2000,3846.2000,3846.4000,3846.6000,1,1,1,1,1,2,1,4,1,1
SF,IF2012,2020-05-11 09:33:30.100,3842.8000,2499,0,118456020.000,0,-,-,-,-,3839.6000,3839.4000,3838.4000,3835.6000,3835.4000,3842.8000,3843.0000,3845.2000,3846.2000,3846.4000,1,1,1,1,1,1,2,1,4,1
SF,IF2012,2020-05-11 09:33:30.600,3842.8000,2499,0,118456020.000,0,-,-,-,-,3840.0000,3839.6000,3838.4000,3835.6000,3835.4000,3842.8000,3843.0000,3845.2000,3846.2000,3846.4000,2,1,1,1,1,1,2,1,4,1
SF,IF2012,2020-05-11 09:33:31.100,3840.0000,2498,-1,119608020.000,1,0,1,双平,S,3840.0000,3839.8000,3838.4000,3835.6000,3835.4000,3842.8000,3843.0000,3845.2000,3846.2000,3846.4000,1,1,1,1,1,1,2,1,4,1
SF,IF2012,2020-05-11 09:33:31.600,3840.0000,2498,0,119608020.000,0,-,-,-,-,3840.2000,3839.8000,3838.4000,3835.6000,3835.4000,3842.6000,3842.8000,3843.0000,3845.2000,3846.2000,1,1,1,1,1,1,1,2,1,4
SF,IF2012,2020-05-11 09:33:32.100,3840.0000,2498,0,119608020.000,0,-,-,-,-,3840.2000,3838.4000,3835.6000,3835.4000,3835.0000,3843.0000,3845.2000,3846.2000,3846.4000,3850.0000,1,1,1,1,1,2,1,4,1,1
SF,IF2012,2020-05-11 09:33:32.600,3840.0000,2498,0,120760020.000,1,0,1,多换,S,3838.4000,3835.6000,3835.4000,3835.0000,3833.0000,3842.4000,3843.0000,3845.2000,3846.2000,3846.4000,1,1,1,1,1,2,2,1,4,1
SF,IF2012,2020-05-11 09:33:33.100,3840.0000,2498,0,120760020.000,0,-,-,-,-,3839.2000,3838.6000,3835.6000,3835.4000,3835.0000,3842.0000,3842.4000,3843.0000,3845.2000,3846.2000,1,1,1,1,1,1,1,2,1,4
SF,IF2012,2020-05-11 09:33:33.600,3840.0000,2498,0,120760020.000,0,-,-,-,-,3839.4000,3839.2000,3838.8000,3838.6000,3835.6000,3842.0000,3843.0000,3845.2000,3846.2000,3850.0000,1,1,6,3,1,1,1,1,4,1
SF,IF2012,2020-05-11 09:33:34.100,3840.0000,2498,0,120760020.000,0,-,-,-,-,3839.8000,3839.4000,3839.2000,3838.6000,3835.6000,3843.0000,3845.2000,3846.2000,3850.0000,3851.2000,1,1,1,1,1,1,1,4,1,1
SF,IF2012,2020-05-11 09:33:34.600,3840.0000,2498,0,120760020.000,0,-,-,-,-,3840.2000,3839.4000,3839.2000,3835.6000,3835.4000,3841.8000,3843.0000,3845.2000,3846.2000,3850.0000,1,1,1,1,1,1,1,1,4,1
SF,IF2012,2020-05-11 09:33:35.100,3840.0000,2498,0,120760020.000,0,-,-,-,-,3840.4000,3839.4000,3835.6000,3835.4000,3835.0000,3843.0000,3845.2000,3846.2000,3850.0000,3851.2000,1,1,1,1,1,1,1,4,1,1
SF,IF2012,2020-05-11 09:33:35.600,3840.0000,2498,0,120760020.000,0,-,-,-,-,3835.6000,3835.4000,3835.0000,3833.0000,3828.0000,3842.8000,3843.0000,3845.2000,3846.2000,3850.0000,1,1,1,1,1,1,1,1,4,1
SF,IF2012,2020-05-11 09:33:36.100,3840.0000,2498,0,120760020.000,0,-,-,-,-,3839.4000,3836.0000,3835.8000,3835.6000,3835.4000,3842.8000,3843.0000,3845.2000,3846.2000,3850.0000,1,6,2,1,1,1,1,1,4,1
SF,IF2012,2020-05-11 09:33:36.600,3840.0000,2498,0,120760020.000,0,-,-,-,-,3839.4000,3836.4000,3836.0000,3835.8000,3835.6000,3842.4000,3842.8000,3843.0000,3845.2000,3846.2000,1,2,6,2,1,1,1,1,1,4
SF,IF2012,2020-05-11 09:33:37.100,3840.0000,2498,0,120760020.000,0,-,-,-,-,3839.4000,3836.4000,3836.0000,3835.8000,3835.6000,3842.2000,3842.4000,3843.0000,3845.2000,3846.2000,1,2,6,2,1,1,1,1,1,4
SF,IF2012,2020-05-11 09:33:37.600,3840.0000,2498,0,120760020.000,0,-,-,-,-,3839.4000,3836.4000,3836.0000,3835.8000,3835.6000,3842.0000,3842.2000,3842.4000,3843.0000,3845.2000,1,2,6,2,1,1,2,1,1,1
SF,IF2012,2020-05-11 09:33:38.600,3840.0000,2498,0,120760020.000,0,-,-,-,-,3836.4000,3836.0000,3835.8000,3835.6000,3835.4000,3842.0000,3842.2000,3842.4000,3843.0000,3845.2000,2,6,2,1,1,1,2,1,1,1
SF,IF2012,2020-05-11 09:33:39.100,3840.0000,2498,0,120760020.000,0,-,-,-,-,3838.8000,3836.8000,3836.4000,3835.8000,3835.6000,3842.0000,3842.2000,3842.4000,3843.0000,3845.2000,1,6,2,2,1,1,2,1,1,1
SF,IF2012,2020-05-11 09:33:39.600,3840.0000,2498,0,120760020.000,0,-,-,-,-,3838.8000,3836.8000,3836.4000,3835.8000,3835.6000,3841.4000,3841.6000,3842.0000,3843.0000,3845.2000,1,6,2,2,1,3,1,1,1,1
SF,IF2012,2020-05-11 09:33:40.100,3840.0000,2498,0,120760020.000,0,-,-,-,-,3838.8000,3836.8000,3836.4000,3835.8000,3835.6000,3841.4000,3841.6000,3843.0000,3845.2000,3846.2000,1,6,2,2,1,3,1,1,1,4
SF,IF2012,2020-05-11 09:33:40.600,3840.0000,2498,0,120760020.000,0,-,-,-,-,3838.8000,3836.8000,3836.4000,3835.8000,3835.6000,3841.2000,3841.4000,3841.6000,3842.0000,3843.0000,1,6,2,2,1,1,3,1,1,1
SF,IF2012,2020-05-11 09:33:41.100,3839.0000,2498,0,121911720.000,1,0,1,多换,S,3840.0000,3838.8000,3836.8000,3836.4000,3835.8000,3841.4000,3842.0000,3843.0000,3845.2000,3846.2000,1,1,6,2,2,3,1,1,1,4
SF,IF2012,2020-05-11 09:33:41.600,3840.0000,2499,1,123063720.000,1,1,0,双开,S,3838.8000,3836.8000,3836.4000,3835.8000,3835.6000,3841.0000,3841.4000,3842.0000,3843.0000,3845.2000,1,6,2,2,1,1,3,1,1,1
SF,IF2012,2020-05-11 09:33:42.100,3840.0000,2499,0,123063720.000,0,-,-,-,-,3840.2000,3838.8000,3836.8000,3836.4000,3835.8000,3841.4000,3842.0000,3843.0000,3845.2000,3846.2000,1,1,6,2,2,2,1,1,1,4
SF,IF2012,2020-05-11 09:33:42.600,3840.0000,2499,0,123063720.000,0,-,-,-,-,3840.2000,3838.8000,3836.8000,3836.4000,3835.8000,3841.4000,3843.0000,3845.2000,3846.2000,3850.0000,1,1,6,2,2,2,1,1,4,1
SF,IF2012,2020-05-11 09:33:43.600,3840.0000,2499,0,123063720.000,0,-,-,-,-,3838.8000,3836.8000,3836.4000,3835.8000,3835.6000,3841.4000,3843.0000,3845.2000,3846.2000,3850.0000,1,6,2,2,1,2,1,1,4,1
SF,IF2012,2020-05-11 09:33:44.100,3840.0000,2499,0,123063720.000,0,-,-,-,-,3838.8000,3836.8000,3836.4000,3835.8000,3835.6000,3843.0000,3845.2000,3846.2000,3850.0000,3851.2000,1,6,2,2,1,1,1,4,1,1
SF,IF2012,2020-05-11 09:33:44.600,3840.0000,2499,0,123063720.000,0,-,-,-,-,3839.0000,3838.8000,3836.8000,3836.4000,3835.8000,3842.8000,3843.0000,3845.2000,3846.2000,3850.0000,1,1,6,2,2,1,1,1,4,1
SF,IF2012,2020-05-11 09:33:45.100,3840.0000,2499,0,123063720.000,0,-,-,-,-,3839.0000,3836.8000,3836.4000,3835.8000,3835.6000,3842.6000,3843.0000,3845.2000,3846.2000,3850.0000,1,6,2,2,1,1,1,1,4,1
SF,IF2012,2020-05-11 09:33:45.600,3840.0000,2499,0,123063720.000,0,-,-,-,-,3839.0000,3836.8000,3836.4000,3835.8000,3835.6000,3842.2000,3842.6000,3843.0000,3845.2000,3846.2000,1,6,2,2,1,2,1,1,1,4
SF,IF2012,2020-05-11 09:33:46.100,3840.0000,2499,0,123063720.000,0,-,-,-,-,3839.2000,3839.0000,3836.8000,3836.4000,3835.8000,3841.8000,3842.2000,3842.6000,3843.0000,3845.2000,1,1,6,2,2,2,2,1,1,1
SF,IF2012,2020-05-11 09:33:46.600,3840.0000,2499,0,123063720.000,0,-,-,-,-,3839.2000,3839.0000,3836.8000,3836.4000,3835.8000,3841.8000,3842.4000,3842.6000,3843.0000,3845.2000,1,1,6,2,2,4,1,1,1,1
SF,IF2012,2020-05-11 09:33:47.100,3840.0000,2499,0,123063720.000,0,-,-,-,-,3839.2000,3836.8000,3836.4000,3835.8000,3835.6000,3841.8000,3842.4000,3842.6000,3843.0000,3845.2000,1,6,2,2,1,4,1,1,1,1
SF,IF2012,2020-05-11 09:33:47.600,3840.0000,2499,0,123063720.000,0,-,-,-,-,3839.2000,3836.8000,3836.4000,3835.8000,3835.6000,3841.6000,3841.8000,3842.4000,3842.6000,3843.0000,1,6,2,2,1,1,4,1,1,1
SF,IF2012,2020-05-11 09:33:48.100,3840.0000,2499,0,123063720.000,0,-,-,-,-,3836.8000,3836.4000,3835.8000,3835.6000,3835.4000,3841.4000,3841.6000,3842.4000,3842.6000,3845.2000,6,2,2,1,1,4,2,1,1,1
SF,IF2012,2020-05-11 09:33:48.600,3840.0000,2499,0,123063720.000,0,-,-,-,-,3838.6000,3836.8000,3836.4000,3835.8000,3835.6000,3841.4000,3841.6000,3842.4000,3842.6000,3845.2000,1,6,2,2,1,2,1,1,1,1
SF,IF2012,2020-05-11 09:33:49.100,3840.0000,2499,0,123063720.000,0,-,-,-,-,3838.6000,3836.8000,3836.4000,3835.8000,3835.6000,3841.2000,3841.6000,3842.4000,3842.6000,3845.2000,1,6,2,2,1,1,1,1,1,1
SF,IF2012,2020-05-11 09:33:49.600,3840.0000,2499,0,123063720.000,0,-,-,-,-,3838.6000,3837.2000,3836.8000,3835.8000,3835.6000,3841.2000,3842.4000,3842.6000,3845.2000,3846.2000,1,2,6,2,1,1,1,1,1,4
SF,IF2012,2020-05-11 09:33:50.100,3838.6000,2498,-1,124215300.000,1,0,1,双平,S,3837.2000,3836.8000,3835.8000,3835.6000,3835.4000,3841.2000,3842.4000,3842.6000,3845.2000,3846.2000,2,6,2,1,1,1,1,1,1,4
SF,IF2012,2020-05-11 09:33:52.100,3838.6000,2498,0,124215300.000,0,-,-,-,-,3837.8000,3837.2000,3836.8000,3835.8000,3835.6000,3841.2000,3842.4000,3842.6000,3845.2000,3846.2000,1,2,6,2,1,1,1,1,1,4
SF,IF2012,2020-05-11 09:33:52.600,3838.6000,2498,0,124215300.000,0,-,-,-,-,3838.0000,3837.8000,3837.2000,3836.8000,3835.8000,3841.2000,3842.4000,3842.6000,3845.2000,3846.2000,1,1,2,6,2,1,1,1,1,4
SF,IF2012,2020-05-11 09:33:53.100,3838.6000,2498,0,124215300.000,0,-,-,-,-,3838.2000,3838.0000,3837.8000,3837.2000,3836.8000,3841.2000,3842.6000,3845.2000,3846.2000,3850.0000,1,1,1,2,6,1,1,1,4,1
SF,IF2012,2020-05-11 09:33:53.600,3838.6000,2498,0,124215300.000,0,-,-,-,-,3838.4000,3838.2000,3837.8000,3837.2000,3836.8000,3841.2000,3842.6000,3845.2000,3846.2000,3850.0000,2,1,1,2,6,1,1,1,4,1
SF,IF2012,2020-05-11 09:33:54.100,3838.6000,2498,0,124215300.000,0,-,-,-,-,3838.4000,3838.2000,3837.8000,3837.2000,3836.8000,3842.6000,3845.2000,3846.2000,3850.0000,3851.2000,2,1,1,2,6,1,1,4,1,1
SF,IF2012,2020-05-11 09:33:54.600,3838.6000,2498,0,124215300.000,0,-,-,-,-,3838.8000,3838.4000,3837.8000,3837.2000,3836.8000,3842.4000,3845.2000,3846.2000,3850.0000,3851.2000,2,1,1,2,6,1,1,4,1,1
SF,IF2012,2020-05-11 09:33:55.100,3838.6000,2498,0,124215300.000,0,-,-,-,-,3839.0000,3838.8000,3838.6000,3837.8000,3837.2000,3842.4000,3845.2000,3846.2000,3850.0000,3851.2000,2,2,1,1,2,1,1,4,1,1
SF,IF2012,2020-05-11 09:33:55.600,3838.6000,2498,0,124215300.000,0,-,-,-,-,3839.0000,3838.8000,3837.8000,3837.2000,3836.8000,3842.4000,3845.2000,3846.2000,3850.0000,3851.2000,2,2,1,2,6,1,1,4,1,1
SF,IF2012,2020-05-11 09:33:56.100,3838.6000,2498,0,124215300.000,0,-,-,-,-,3839.2000,3839.0000,3838.8000,3837.8000,3837.2000,3842.0000,3842.4000,3845.2000,3846.2000,3850.0000,2,1,1,1,2,1,1,1,4,1
SF,IF2012,2020-05-11 09:33:56.600,3838.6000,2498,0,124215300.000,0,-,-,-,-,3839.2000,3839.0000,3838.8000,3837.8000,3837.2000,3841.8000,3845.2000,3846.2000,3850.0000,3851.2000,2,1,1,1,2,2,1,4,1,1
SF,IF2012,2020-05-11 09:33:57.100,3838.6000,2498,0,124215300.000,0,-,-,-,-,3839.2000,3839.0000,3837.8000,3837.2000,3836.8000,3841.8000,3845.2000,3846.2000,3850.0000,3851.2000,2,1,1,2,6,2,1,4,1,1
SF,IF2012,2020-05-11 09:33:58.100,3838.6000,2498,0,124215300.000,0,-,-,-,-,3839.2000,3839.0000,3837.8000,3837.2000,3836.8000,3841.6000,3841.8000,3845.2000,3846.2000,3850.0000,2,1,1,2,6,2,2,1,4,1
SF,IF2012,2020-05-11 09:33:58.600,3838.6000,2498,0,124215300.000,0,-,-,-,-,3839.2000,3839.0000,3837.8000,3837.2000,3836.8000,3841.4000,3841.6000,3845.2000,3846.2000,3850.0000,2,1,1,2,6,2,2,1,4,1
SF,IF2012,2020-05-11 09:33:59.100,3838.6000,2498,0,124215300.000,0,-,-,-,-,3839.4000,3839.2000,3837.8000,3837.2000,3836.8000,3841.4000,3841.6000,3845.2000,3846.2000,3850.0000,1,1,1,2,6,2,2,1,4,1
SF,IF2012,2020-05-11 09:33:59.600,3838.6000,2498,0,124215300.000,0,-,-,-,-,3839.4000,3837.8000,3837.2000,3836.8000,3835.8000,3845.2000,3846.2000,3850.0000,3851.2000,3852.4000,1,1,2,6,2,1,4,1,1,1
SF,IF2012,2020-05-11 09:34:00.100,3838.6000,2498,0,124215300.000,0,-,-,-,-,3839.6000,3837.2000,3836.8000,3835.8000,3835.6000,3841.2000,3843.0000,3845.0000,3845.2000,3846.2000,1,2,6,2,1,2,1,1,1,4
SF,IF2012,2020-05-11 09:34:00.600,3838.6000,2498,0,124215300.000,0,-,-,-,-,3839.6000,3837.2000,3836.8000,3835.8000,3835.6000,3843.0000,3845.2000,3846.2000,3850.0000,3851.2000,1,2,6,2,1,1,1,4,1,1
SF,IF2012,2020-05-11 09:34:01.100,3838.6000,2498,0,124215300.000,0,-,-,-,-,3839.8000,3839.6000,3837.2000,3836.8000,3835.8000,3841.0000,3842.8000,3843.0000,3845.2000,3846.2000,1,1,2,6,2,2,1,2,1,4
SF,IF2012,2020-05-11 09:34:01.600,3838.6000,2498,0,124215300.000,0,-,-,-,-,3837.2000,3836.8000,3835.8000,3835.6000,3835.4000,3842.2000,3843.0000,3845.2000,3846.2000,3850.0000,2,6,2,1,1,1,2,1,4,1
SF,IF2012,2020-05-11 09:34:02.100,3838.6000,2498,0,124215300.000,0,-,-,-,-,3837.6000,3837.4000,3837.2000,3835.8000,3835.6000,3842.0000,3842.2000,3843.0000,3845.2000,3846.2000,6,1,2,2,1,1,1,2,1,4
SF,IF2012,2020-05-11 09:34:02.600,3838.6000,2498,0,124215300.000,0,-,-,-,-,3837.8000,3837.6000,3837.2000,3835.8000,3835.6000,3842.0000,3842.2000,3843.0000,3845.2000,3846.2000,1,6,2,2,1,1,1,2,1,4
SF,IF2012,2020-05-11 09:34:03.100,3838.6000,2498,0,124215300.000,0,-,-,-,-,3838.2000,3837.8000,3837.6000,3837.2000,3835.8000,3841.8000,3842.0000,3842.2000,3843.0000,3845.2000,1,2,6,2,2,1,1,1,2,1
SF,IF2012,2020-05-11 09:34:03.600,3838.6000,2498,0,124215300.000,0,-,-,-,-,3838.4000,3838.2000,3837.8000,3837.2000,3835.8000,3841.8000,3842.0000,3843.0000,3845.2000,3846.2000,1,1,1,2,2,1,1,3,1,4
SF,IF2012,2020-05-11 09:34:04.100,3838.6000,2498,0,124215300.000,0,-,-,-,-,3838.2000,3837.8000,3837.2000,3835.8000,3835.6000,3841.8000,3842.0000,3843.0000,3845.2000,3846.2000,1,1,2,2,1,1,1,3,1,4
SF,IF2012,2020-05-11 09:34:04.600,3838.6000,2498,0,124215300.000,0,-,-,-,-,3838.6000,3837.2000,3835.8000,3835.6000,3835.4000,3841.4000,3842.0000,3842.2000,3843.0000,3845.2000,1,2,2,1,1,1,1,1,2,1
SF,IF2012,2020-05-11 09:34:05.100,3838.6000,2498,0,124215300.000,0,-,-,-,-,3837.2000,3835.8000,3835.6000,3835.4000,3835.0000,3841.2000,3842.0000,3842.2000,3843.0000,3845.2000,2,2,1,1,1,2,1,1,1,1
SF,IF2012,2020-05-11 09:34:05.600,3838.6000,2498,0,124215300.000,0,-,-,-,-,3837.2000,3835.8000,3835.6000,3835.4000,3835.0000,3842.0000,3842.2000,3843.0000,3845.2000,3846.2000,2,2,1,1,1,1,1,1,1,4
SF,IF2012,2020-05-11 09:34:06.100,3837.2000,2498,0,125366460.000,1,0,1,多换,S,3837.2000,3837.0000,3835.8000,3835.6000,3835.4000,3841.4000,3842.0000,3842.2000,3843.0000,3845.2000,1,1,2,1,1,1,1,1,1,1
SF,IF2012,2020-05-11 09:34:06.600,3837.2000,2498,0,125366460.000,0,-,-,-,-,3837.4000,3837.2000,3837.0000,3835.8000,3835.6000,3841.4000,3842.2000,3843.0000,3845.2000,3846.2000,1,1,1,2,1,1,1,1,1,4
SF,IF2012,2020-05-11 09:34:07.100,3837.2000,2498,0,125366460.000,0,-,-,-,-,3837.4000,3837.0000,3835.8000,3835.6000,3835.4000,3841.0000,3843.0000,3845.2000,3846.2000,3850.0000,1,1,2,1,1,1,1,1,4,1
SF,IF2012,2020-05-11 09:34:07.600,3837.2000,2498,0,125366460.000,0,-,-,-,-,3837.8000,3837.6000,3837.0000,3835.8000,3835.6000,3842.2000,3843.0000,3845.2000,3846.2000,3850.0000,1,1,1,2,1,1,1,1,4,1
SF,IF2012,2020-05-11 09:34:08.100,3837.2000,2498,0,125366460.000,0,-,-,-,-,3838.0000,3837.8000,3837.6000,3837.0000,3835.8000,3842.0000,3842.2000,3843.0000,3845.2000,3846.2000,1,1,1,1,2,2,1,1,1,4
SF,IF2012,2020-05-11 09:34:09.600,3837.2000,2498,0,125366460.000,0,-,-,-,-,3838.2000,3838.0000,3837.6000,3837.0000,3835.8000,3841.6000,3842.0000,3842.2000,3843.0000,3845.2000,1,1,1,1,2,1,2,1,1,1
SF,IF2012,2020-05-11 09:34:10.100,3837.2000,2498,0,125366460.000,0,-,-,-,-,3838.4000,3838.2000,3837.0000,3835.8000,3835.6000,3841.2000,3841.6000,3842.0000,3843.0000,3845.2000,1,1,1,2,1,1,2,1,1,1
SF,IF2012,2020-05-11 09:34:10.600,3837.2000,2498,0,125366460.000,0,-,-,-,-,3838.4000,3838.2000,3837.0000,3835.8000,3835.6000,3841.0000,3841.6000,3843.0000,3845.2000,3846.2000,1,1,1,2,1,2,2,1,1,4
SF,IF2012,2020-05-11 09:34:11.100,3837.2000,2498,0,125366460.000,0,-,-,-,-,3838.4000,3837.0000,3835.8000,3835.6000,3835.4000,3841.0000,3841.6000,3843.0000,3845.2000,3846.2000,1,1,2,1,1,3,1,1,1,4
SF,IF2012,2020-05-11 09:34:11.600,3837.2000,2498,0,125366460.000,0,-,-,-,-,3838.4000,3837.0000,3835.8000,3835.6000,3835.4000,3841.0000,3841.6000,3842.0000,3843.0000,3845.2000,1,1,2,1,1,2,1,1,1,1
SF,IF2012,2020-05-11 09:34:12.600,3837.2000,2498,0,125366460.000,0,-,-,-,-,3838.4000,3837.0000,3835.8000,3835.6000,3835.0000,3840.8000,3841.0000,3841.6000,3842.0000,3843.0000,1,1,2,1,1,2,2,1,1,1
SF,IF2012,2020-05-11 09:34:13.100,3837.2000,2498,0,125366460.000,0,-,-,-,-,3838.6000,3837.0000,3835.8000,3835.6000,3835.0000,3840.8000,3841.6000,3842.0000,3843.0000,3845.2000,1,1,2,1,1,2,1,1,1,1
SF,IF2012,2020-05-11 09:34:13.600,3837.2000,2498,0,125366460.000,0,-,-,-,-,3838.6000,3837.0000,3835.8000,3835.6000,3835.0000,3840.8000,3843.0000,3845.2000,3846.2000,3850.0000,1,1,2,1,1,1,1,1,4,1
SF,IF2012,2020-05-11 09:34:14.100,3837.2000,2498,0,125366460.000,0,-,-,-,-,3838.6000,3837.0000,3835.8000,3835.6000,3835.0000,3840.8000,3843.0000,3843.6000,3845.2000,3846.2000,1,1,2,1,1,1,1,1,1,4
SF,IF2012,2020-05-11 09:34:15.100,3837.2000,2498,0,125366460.000,0,-,-,-,-,3839.0000,3838.6000,3837.0000,3835.8000,3835.6000,3840.8000,3843.0000,3843.6000,3845.2000,3846.2000,1,1,1,2,1,1,1,1,1,4
SF,IF2012,2020-05-11 09:34:15.600,3837.2000,2498,0,125366460.000,0,-,-,-,-,3839.0000,3838.6000,3837.0000,3835.8000,3835.6000,3840.8000,3843.0000,3843.6000,3845.2000,3846.2000,1,1,1,2,1,1,1,1,1,4
SF,IF2012,2020-05-11 09:34:16.600,3837.2000,2498,0,125366460.000,0,-,-,-,-,3839.0000,3838.6000,3837.0000,3835.8000,3835.6000,3840.8000,3843.6000,3845.2000,3846.2000,3850.0000,1,1,1,2,1,1,1,1,4,1
SF,IF2012,2020-05-11 09:34:17.100,3837.2000,2498,0,125366460.000,0,-,-,-,-,3838.6000,3837.0000,3835.8000,3835.6000,3835.0000,3840.8000,3843.6000,3845.2000,3846.2000,3850.0000,1,1,2,1,1,1,1,1,4,1
SF,IF2012,2020-05-11 09:34:18.100,3837.2000,2498,0,125366460.000,0,-,-,-,-,3838.8000,3838.6000,3837.0000,3835.8000,3835.6000,3840.8000,3843.6000,3845.2000,3846.2000,3850.0000,1,1,1,2,1,1,1,1,4,1
SF,IF2012,2020-05-11 09:34:18.600,3837.2000,2498,0,125366460.000,0,-,-,-,-,3838.6000,3837.0000,3835.8000,3835.6000,3835.0000,3840.8000,3843.6000,3845.2000,3846.2000,3850.0000,1,1,2,1,1,1,1,1,4,1
SF,IF2012,2020-05-11 09:34:20.100,3837.2000,2498,0,125366460.000,0,-,-,-,-,3838.8000,3838.6000,3837.0000,3835.8000,3835.6000,3840.8000,3843.6000,3845.2000,3846.2000,3850.0000,1,1,1,2,1,1,1,1,4,1
SF,IF2012,2020-05-11 09:34:22.600,3837.2000,2498,0,125366460.000,0,-,-,-,-,3839.0000,3838.8000,3838.6000,3837.0000,3835.8000,3840.8000,3843.6000,3845.2000,3846.2000,3850.0000,1,1,1,1,2,1,1,1,4,1
SF,IF2012,2020-05-11 09:34:23.100,3837.2000,2498,0,125366460.000,0,-,-,-,-,3839.0000,3838.8000,3838.6000,3837.0000,3835.8000,3840.8000,3845.2000,3846.2000,3850.0000,3852.4000,1,1,1,1,2,1,1,4,1,1
SF,IF2012,2020-05-11 09:34:24.100,3837.2000,2498,0,125366460.000,0,-,-,-,-,3839.2000,3839.0000,3838.6000,3837.0000,3835.8000,3840.8000,3845.2000,3846.2000,3850.0000,3852.4000,1,1,1,1,2,1,1,4,1,1
SF,IF2012,2020-05-11 09:34:25.600,3837.2000,2498,0,125366460.000,0,-,-,-,-,3839.2000,3839.0000,3838.6000,3837.0000,3835.8000,3840.6000,3840.8000,3845.2000,3846.2000,3850.0000,1,1,1,1,2,1,1,1,4,1
SF,IF2012,2020-05-11 09:34:26.100,3837.2000,2498,0,125366460.000,0,-,-,-,-,3839.2000,3839.0000,3838.6000,3837.0000,3835.8000,3840.6000,3845.2000,3846.2000,3850.0000,3852.4000,1,1,1,1,2,1,1,4,1,1
SF,IF2012,2020-05-11 09:34:26.600,3839.2000,2498,0,126518220.000,1,0,1,多换,S,3839.0000,3838.6000,3837.0000,3835.8000,3835.6000,3840.6000,3845.2000,3846.2000,3850.0000,3852.4000,1,1,1,2,1,1,1,4,1,1
SF,IF2012,2020-05-11 09:34:28.600,3839.2000,2498,0,126518220.000,0,-,-,-,-,3838.6000,3837.0000,3835.8000,3835.6000,3835.0000,3840.6000,3845.2000,3846.2000,3850.0000,3852.4000,1,1,2,1,1,1,1,4,1,1
SF,IF2012,2020-05-11 09:34:31.600,3839.2000,2498,0,126518220.000,0,-,-,-,-,3838.8000,3838.6000,3837.0000,3835.8000,3835.6000,3840.6000,3845.2000,3846.2000,3850.0000,3852.4000,1,1,1,2,1,1,1,4,1,1
SF,IF2012,2020-05-11 09:34:34.100,3839.2000,2498,0,126518220.000,0,-,-,-,-,3839.0000,3838.8000,3838.6000,3837.0000,3835.8000,3840.6000,3845.2000,3846.2000,3850.0000,3852.4000,1,1,1,1,2,1,1,4,1,1
SF,IF2012,2020-05-11 09:34:36.600,3839.2000,2498,0,126518220.000,0,-,-,-,-,3838.8000,3838.6000,3837.0000,3835.8000,3835.6000,3840.6000,3845.2000,3846.2000,3850.0000,3852.4000,1,1,1,2,1,1,1,4,1,1
SF,IF2012,2020-05-11 09:34:37.600,3839.2000,2498,0,126518220.000,0,-,-,-,-,3839.2000,3838.6000,3837.0000,3835.8000,3835.6000,3840.6000,3845.2000,3846.2000,3850.0000,3852.4000,1,1,1,2,1,1,1,4,1,1
SF,IF2012,2020-05-11 09:34:38.100,3840.6000,2499,1,127670400.000,1,1,0,双开,S,3839.2000,3838.6000,3837.0000,3835.8000,3835.6000,3845.2000,3846.2000,3850.0000,3852.4000,3865.0000,1,1,1,2,1,1,4,1,1,1
SF,IF2012,2020-05-11 09:34:38.600,3840.6000,2499,0,127670400.000,0,-,-,-,-,3839.4000,3839.2000,3837.0000,3835.8000,3835.6000,3843.4000,3845.2000,3846.2000,3850.0000,3852.4000,2,1,1,2,1,1,1,4,1,1
SF,IF2012,2020-05-11 09:34:39.600,3840.6000,2499,0,127670400.000,0,-,-,-,-,3839.8000,3839.4000,3839.2000,3837.0000,3835.8000,3843.4000,3845.2000,3846.2000,3850.0000,3852.4000,1,1,1,1,2,1,1,4,1,1
SF,IF2012,2020-05-11 09:34:40.100,3840.6000,2499,0,127670400.000,0,-,-,-,-,3840.0000,3839.8000,3837.0000,3835.8000,3835.6000,3843.4000,3845.2000,3846.2000,3850.0000,3852.4000,1,1,1,2,1,1,1,4,1,1
SF,IF2012,2020-05-11 09:34:40.600,3840.6000,2499,0,127670400.000,0,-,-,-,-,3840.0000,3837.0000,3835.8000,3835.6000,3835.0000,3843.0000,3843.4000,3845.2000,3846.2000,3850.0000,2,1,2,1,1,1,1,1,4,1
SF,IF2012,2020-05-11 09:34:41.100,3840.6000,2499,0,127670400.000,0,-,-,-,-,3840.0000,3837.0000,3835.8000,3835.6000,3835.0000,3843.0000,3843.2000,3843.4000,3845.2000,3846.2000,2,1,2,1,1,1,1,1,1,4
SF,IF2012,2020-05-11 09:34:41.600,3840.6000,2499,0,127670400.000,0,-,-,-,-,3840.0000,3837.0000,3835.8000,3835.6000,3835.0000,3842.8000,3843.0000,3843.4000,3845.2000,3846.2000,1,1,2,1,1,1,1,1,1,4
SF,IF2012,2020-05-11 09:34:42.600,3840.6000,2499,0,127670400.000,0,-,-,-,-,3840.0000,3837.0000,3835.8000,3835.6000,3835.0000,3842.8000,3843.4000,3845.2000,3846.2000,3850.0000,1,1,2,1,1,1,1,2,4,1
SF,IF2012,2020-05-11 09:34:44.600,3840.6000,2499,0,127670400.000,0,-,-,-,-,3840.0000,3837.0000,3835.8000,3835.6000,3835.0000,3842.8000,3843.4000,3845.0000,3845.2000,3846.2000,1,1,2,1,1,1,1,1,2,4
SF,IF2012,2020-05-11 09:34:48.100,3840.6000,2499,0,127670400.000,0,-,-,-,-,3840.0000,3837.0000,3835.8000,3835.6000,3835.0000,3842.6000,3842.8000,3843.4000,3845.0000,3845.2000,1,1,2,1,1,1,1,1,1,1
SF,IF2012,2020-05-11 09:34:48.600,3840.6000,2499,0,127670400.000,0,-,-,-,-,3837.0000,3835.8000,3835.6000,3835.0000,3833.0000,3842.6000,3842.8000,3843.4000,3845.0000,3845.2000,1,2,1,1,1,1,1,1,1,1
SF,IF2012,2020-05-11 09:34:49.100,3840.6000,2499,0,127670400.000,0,-,-,-,-,3837.6000,3837.4000,3837.2000,3837.0000,3835.8000,3842.6000,3842.8000,3843.4000,3845.0000,3845.2000,1,6,1,1,2,1,1,1,1,1
SF,IF2012,2020-05-11 09:34:49.600,3840.6000,2499,0,127670400.000,0,-,-,-,-,3838.0000,3837.8000,3837.6000,3837.2000,3837.0000,3842.4000,3842.6000,3843.4000,3845.0000,3845.2000,6,1,1,2,1,1,1,1,1,1
SF,IF2012,2020-05-11 09:34:50.100,3840.6000,2499,0,127670400.000,0,-,-,-,-,3838.0000,3837.6000,3837.2000,3837.0000,3835.8000,3842.4000,3842.6000,3843.4000,3845.0000,3845.2000,6,1,2,1,2,1,1,1,1,1
SF,IF2012,2020-05-11 09:34:50.600,3840.6000,2499,0,127670400.000,0,-,-,-,-,3838.6000,3838.0000,3837.6000,3837.2000,3837.0000,3842.4000,3842.6000,3843.4000,3845.0000,3845.2000,1,6,1,2,1,1,1,1,1,1
SF,IF2012,2020-05-11 09:34:51.100,3840.6000,2499,0,127670400.000,0,-,-,-,-,3838.6000,3838.0000,3837.6000,3837.2000,3837.0000,3842.4000,3842.6000,3843.4000,3845.0000,3845.2000,1,6,1,1,1,1,1,1,1,1
SF,IF2012,2020-05-11 09:34:51.600,3840.6000,2499,0,127670400.000,0,-,-,-,-,3838.8000,3838.6000,3838.0000,3837.6000,3837.2000,3842.4000,3842.6000,3843.4000,3845.0000,3845.2000,1,1,6,1,1,1,1,1,1,1
SF,IF2012,2020-05-11 09:34:52.100,3840.6000,2499,0,127670400.000,0,-,-,-,-,3839.0000,3838.8000,3838.6000,3838.0000,3837.6000,3842.4000,3843.4000,3844.0000,3845.0000,3845.2000,1,1,1,6,1,1,1,1,1,1
SF,IF2012,2020-05-11 09:34:52.600,3840.6000,2499,0,127670400.000,0,-,-,-,-,3839.0000,3838.8000,3838.6000,3838.0000,3837.6000,3843.4000,3844.0000,3845.0000,3845.2000,3846.2000,1,1,1,6,1,1,1,1,1,4
SF,IF2012,2020-05-11 09:34:53.100,3840.6000,2499,0,127670400.000,0,-,-,-,-,3839.2000,3839.0000,3838.8000,3838.0000,3837.6000,3843.4000,3844.0000,3845.0000,3845.2000,3846.2000,1,1,1,6,1,1,1,1,1,4
SF,IF2012,2020-05-11 09:34:53.600,3840.6000,2499,0,127670400.000,0,-,-,-,-,3839.4000,3839.2000,3838.0000,3837.6000,3837.2000,3843.4000,3844.0000,3845.0000,3845.2000,3846.2000,1,2,6,1,1,1,1,1,1,4
SF,IF2012,2020-05-11 09:34:54.600,3840.6000,2499,0,127670400.000,0,-,-,-,-,3839.4000,3839.2000,3838.0000,3837.6000,3837.2000,3843.4000,3844.0000,3845.0000,3845.2000,3846.2000,1,1,6,1,1,1,1,1,1,4
SF,IF2012,2020-05-11 09:34:55.600,3840.6000,2499,0,127670400.000,0,-,-,-,-,3839.4000,3839.2000,3838.0000,3837.6000,3837.2000,3843.0000,3843.4000,3844.0000,3845.0000,3845.2000,1,1,6,1,1,1,1,1,1,1
SF,IF2012,2020-05-11 09:34:56.100,3840.6000,2499,0,127670400.000,0,-,-,-,-,3840.0000,3839.4000,3839.2000,3838.0000,3837.6000,3843.0000,3843.2000,3845.0000,3845.2000,3846.2000,1,1,1,6,1,2,1,1,1,4
SF,IF2012,2020-05-11 09:34:56.600,3840.6000,2499,0,127670400.000,0,-,-,-,-,3840.2000,3840.0000,3839.2000,3838.0000,3837.6000,3842.8000,3843.0000,3845.0000,3845.2000,3846.2000,1,1,1,6,1,2,3,1,1,4
SF,IF2012,2020-05-11 09:34:57.100,3840.6000,2499,0,127670400.000,0,-,-,-,-,3840.2000,3840.0000,3839.2000,3838.0000,3837.6000,3842.6000,3842.8000,3843.0000,3845.0000,3845.2000,1,1,1,6,1,1,2,1,1,1
SF,IF2012,2020-05-11 09:34:57.600,3842.6000,2500,1,128823180.000,1,1,0,双开,S,3840.0000,3838.0000,3837.6000,3837.2000,3837.0000,3842.6000,3842.8000,3843.0000,3845.0000,3845.2000,1,6,1,1,1,1,2,1,1,1
SF,IF2012,2020-05-11 09:34:58.600,3842.6000,2500,0,128823180.000,0,-,-,-,-,3840.2000,3840.0000,3838.0000,3837.6000,3837.2000,3842.2000,3842.6000,3842.8000,3843.0000,3845.0000,1,1,6,1,1,1,1,1,1,1
SF,IF2012,2020-05-11 09:34:59.100,3842.6000,2500,0,128823180.000,0,-,-,-,-,3840.2000,3840.0000,3838.0000,3837.6000,3837.2000,3842.2000,3842.4000,3842.6000,3842.8000,3843.0000,1,1,6,1,1,1,1,1,1,1
SF,IF2012,2020-05-11 09:34:59.600,3842.6000,2500,0,128823180.000,0,-,-,-,-,3840.2000,3840.0000,3838.0000,3837.2000,3837.0000,3842.2000,3842.4000,3842.6000,3842.8000,3843.0000,1,1,6,1,1,1,1,1,1,1
SF,IF2012,2020-05-11 09:35:00.100,3842.6000,2500,0,128823180.000,0,-,-,-,-,3840.2000,3840.0000,3837.2000,3837.0000,3835.8000,3842.2000,3842.4000,3842.6000,3842.8000,3843.0000,1,1,1,1,2,1,1,1,1,1
SF,IF2012,2020-05-11 09:35:00.600,3842.6000,2500,0,128823180.000,0,-,-,-,-,3840.2000,3840.0000,3837.2000,3837.0000,3835.8000,3842.0000,3842.2000,3842.4000,3842.8000,3845.0000,1,1,1,1,2,1,1,1,1,1
SF,IF2012,2020-05-11 09:35:01.100,3842.6000,2500,0,128823180.000,0,-,-,-,-,3840.2000,3840.0000,3837.2000,3837.0000,3835.8000,3842.0000,3842.2000,3842.4000,3845.0000,3845.2000,1,1,1,1,2,2,1,1,1,1
SF,IF2012,2020-05-11 09:35:01.600,3842.6000,2500,0,128823180.000,0,-,-,-,-,3840.2000,3840.0000,3837.2000,3837.0000,3835.8000,3841.8000,3842.0000,3842.2000,3842.4000,3845.0000,1,1,1,1,2,1,3,1,1,1
SF,IF2012,2020-05-11 09:35:02.100,3842.6000,2500,0,128823180.000,0,-,-,-,-,3840.4000,3840.2000,3840.0000,3837.2000,3837.0000,3841.8000,3842.0000,3842.2000,3842.4000,3845.0000,1,1,1,1,1,1,3,1,1,1
SF,IF2012,2020-05-11 09:35:02.600,3842.6000,2500,0,128823180.000,0,-,-,-,-,3840.4000,3840.2000,3840.0000,3837.2000,3837.0000,3841.8000,3842.0000,3842.2000,3842.4000,3845.0000,1,1,1,1,1,1,2,1,1,1
SF,IF2012,2020-05-11 09:35:03.100,3842.6000,2500,0,128823180.000,0,-,-,-,-,3840.2000,3840.0000,3837.2000,3837.0000,3835.8000,3841.8000,3842.0000,3842.2000,3842.4000,3845.0000,1,1,1,1,2,1,2,1,1,1
SF,IF2012,2020-05-11 09:35:04.100,3842.6000,2500,0,128823180.000,0,-,-,-,-,3840.2000,3840.0000,3837.2000,3837.0000,3835.8000,3841.6000,3841.8000,3842.0000,3842.2000,3842.4000,1,1,1,1,2,1,1,2,1,1
SF,IF2012,2020-05-11 09:35:04.600,3842.6000,2500,0,128823180.000,0,-,-,-,-,3840.0000,3837.0000,3835.8000,3835.6000,3835.0000,3841.6000,3841.8000,3842.0000,3842.2000,3842.4000,1,1,2,1,1,1,1,1,1,1
SF,IF2012,2020-05-11 09:35:05.600,3842.6000,2500,0,128823180.000,0,-,-,-,-,3840.2000,3840.0000,3837.0000,3835.8000,3835.6000,3841.6000,3841.8000,3842.0000,3842.2000,3842.4000,1,1,1,2,1,1,1,1,1,1
SF,IF2012,2020-05-11 09:35:06.100,3842.6000,2500,0,128823180.000,0,-,-,-,-,3840.2000,3840.0000,3837.0000,3835.8000,3835.6000,3841.6000,3841.8000,3842.4000,3842.6000,3843.0000,2,1,1,2,1,1,1,1,1,1
SF,IF2012,2020-05-11 09:35:06.600,3841.8000,2499,-1,131128200.000,2,0,2,多平,S,3840.2000,3840.0000,3837.0000,3835.8000,3835.6000,3842.4000,3842.6000,3843.0000,3845.0000,3845.2000,2,1,1,2,1,1,1,1,1,1
SF,IF2012,2020-05-11 09:35:07.100,3841.8000,2499,0,131128200.000,0,-,-,-,-,3840.2000,3840.0000,3837.0000,3835.8000,3835.6000,3842.4000,3842.6000,3845.0000,3845.2000,3849.0000,2,1,1,2,1,1,1,1,1,1
SF,IF2012,2020-05-11 09:35:07.600,3841.8000,2499,0,131128200.000,0,-,-,-,-,3840.2000,3840.0000,3837.0000,3835.8000,3835.6000,3842.4000,3845.0000,3845.2000,3849.0000,3850.0000,1,1,1,2,1,1,2,1,1,1
SF,IF2012,2020-05-11 09:35:08.100,3841.8000,2499,0,131128200.000,0,-,-,-,-,3840.4000,3840.2000,3840.0000,3837.0000,3835.8000,3845.0000,3845.2000,3849.0000,3850.0000,3852.4000,1,1,1,1,2,2,1,1,1,1
SF,IF2012,2020-05-11 09:35:08.600,3840.6000,2499,0,132280380.000,1,0,1,多换,S,3840.4000,3840.2000,3840.0000,3837.0000,3835.8000,3843.0000,3844.8000,3845.0000,3845.2000,3849.0000,1,1,1,1,2,1,1,2,1,1
SF,IF2012,2020-05-11 09:35:09.100,3840.6000,2499,0,132280380.000,0,-,-,-,-,3840.2000,3840.0000,3837.0000,3835.8000,3835.6000,3843.0000,3844.0000,3844.8000,3845.0000,3845.2000,1,1,1,2,1,1,1,1,2,1
SF,IF2012,2020-05-11 09:35:10.100,3840.6000,2499,0,132280380.000,0,-,-,-,-,3840.6000,3840.0000,3837.0000,3835.8000,3835.6000,3843.0000,3844.0000,3844.8000,3845.0000,3845.2000,1,1,1,2,1,1,1,1,2,1
SF,IF2012,2020-05-11 09:35:10.600,3840.6000,2499,0,132280380.000,0,-,-,-,-,3840.8000,3840.6000,3840.0000,3837.0000,3835.8000,3842.8000,3843.0000,3844.0000,3844.8000,3845.0000,1,1,1,1,2,1,1,1,1,2
SF,IF2012,2020-05-11 09:35:11.600,3840.6000,2499,0,132280380.000,0,-,-,-,-,3840.8000,3840.6000,3840.0000,3837.0000,3835.8000,3842.8000,3844.0000,3844.8000,3845.0000,3845.2000,1,1,1,1,2,1,1,1,2,1
SF,IF2012,2020-05-11 09:35:12.100,3842.8000,2500,1,133433220.000,1,1,0,双开,S,3841.0000,3840.8000,3840.6000,3840.0000,3837.0000,3842.6000,3844.0000,3844.8000,3845.0000,3845.2000,1,1,1,1,1,1,1,1,2,1
SF,IF2012,2020-05-11 09:35:12.600,3842.8000,2500,0,133433220.000,0,-,-,-,-,3841.2000,3841.0000,3840.6000,3840.0000,3837.0000,3842.6000,3844.0000,3844.8000,3845.0000,3845.2000,1,1,1,1,1,1,1,1,2,1
SF,IF2012,2020-05-11 09:35:13.100,3842.8000,2500,0,133433220.000,0,-,-,-,-,3841.2000,3841.0000,3840.6000,3840.0000,3837.0000,3842.6000,3844.0000,3844.8000,3845.0000,3845.2000,1,1,1,1,1,1,1,1,1,1
SF,IF2012,2020-05-11 09:35:13.600,3842.6000,2500,0,134586000.000,1,0,1,多换,S,3841.2000,3841.0000,3840.6000,3840.0000,3837.0000,3844.0000,3844.8000,3845.0000,3845.2000,3846.2000,1,1,1,1,1,1,1,1,1,1
SF,IF2012,2020-05-11 09:35:14.100,3842.6000,2500,0,134586000.000,0,-,-,-,-,3841.2000,3840.6000,3840.0000,3837.0000,3835.8000,3843.8000,3844.0000,3844.8000,3845.0000,3845.2000,1,1,1,1,2,1,1,1,1,1
SF,IF2012,2020-05-11 09:35:14.600,3842.6000,2500,0,134586000.000,0,-,-,-,-,3841.4000,3841.2000,3840.6000,3840.0000,3837.0000,3843.8000,3844.0000,3844.8000,3845.0000,3845.2000,1,1,1,1,1,1,1,1,1,1
SF,IF2012,2020-05-11 09:35:15.100,3842.6000,2500,0,134586000.000,0,-,-,-,-,3841.6000,3841.4000,3840.0000,3837.0000,3835.8000,3844.0000,3844.8000,3845.0000,3845.2000,3846.2000,1,2,1,1,2,1,1,1,1,1
SF,IF2012,2020-05-11 09:35:15.600,3842.6000,2500,0,134586000.000,0,-,-,-,-,3841.6000,3841.4000,3840.0000,3837.0000,3835.8000,3843.8000,3844.0000,3844.8000,3845.0000,3845.2000,1,1,1,1,2,2,1,1,1,1
SF,IF2012,2020-05-11 09:35:16.100,3842.6000,2500,0,134586000.000,0,-,-,-,-,3841.4000,3840.0000,3837.0000,3835.8000,3835.6000,3843.4000,3843.8000,3844.0000,3844.8000,3845.0000,1,1,1,2,1,1,2,1,1,1
SF,IF2012,2020-05-11 09:35:16.600,3842.6000,2500,0,134586000.000,0,-,-,-,-,3840.0000,3837.0000,3835.8000,3835.6000,3835.0000,3843.2000,3843.4000,3843.8000,3844.0000,3844.8000,1,1,2,1,1,1,1,1,1,1
SF,IF2012,2020-05-11 09:35:17.100,3842.6000,2500,0,134586000.000,0,-,-,-,-,3840.2000,3840.0000,3837.0000,3835.8000,3835.6000,3843.0000,3843.2000,3843.8000,3844.0000,3845.0000,1,1,1,2,1,1,1,1,1,1
SF,IF2012,2020-05-11 09:35:17.600,3842.6000,2500,0,134586000.000,0,-,-,-,-,3840.2000,3840.0000,3837.0000,3835.8000,3835.6000,3842.8000,3843.0000,3843.8000,3844.0000,3845.0000,1,1,1,2,1,1,2,1,1,1
SF,IF2012,2020-05-11 09:35:18.100,3842.6000,2500,0,134586000.000,0,-,-,-,-,3840.2000,3840.0000,3837.0000,3835.8000,3835.6000,3842.8000,3843.0000,3843.2000,3845.0000,3845.2000,1,1,1,2,1,1,2,1,1,1
SF,IF2012,2020-05-11 09:35:18.600,3842.6000,2500,0,134586000.000,0,-,-,-,-,3840.2000,3840.0000,3837.0000,3835.8000,3835.6000,3842.8000,3843.0000,3843.2000,3845.0000,3845.2000,1,1,1,2,1,1,2,1,1,1
SF,IF2012,2020-05-11 09:35:19.100,3842.6000,2500,0,134586000.000,0,-,-,-,-,3840.2000,3840.0000,3837.0000,3835.8000,3835.6000,3842.4000,3842.6000,3842.8000,3843.0000,3843.2000,1,1,1,2,1,1,1,1,1,1
SF,IF2012,2020-05-11 09:35:19.600,3842.6000,2500,0,134586000.000,0,-,-,-,-,3840.2000,3840.0000,3837.0000,3835.8000,3835.6000,3842.2000,3842.4000,3842.6000,3843.0000,3843.2000,1,1,1,2,1,1,1,1,1,1
SF,IF2012,2020-05-11 09:35:20.100,3842.6000,2500,0,134586000.000,0,-,-,-,-,3840.2000,3840.0000,3837.0000,3835.8000,3835.6000,3842.2000,3842.4000,3842.6000,3843.0000,3843.2000,1,1,1,2,1,1,1,1,1,1
SF,IF2012,2020-05-11 09:35:20.600,3842.6000,2500,0,134586000.000,0,-,-,-,-,3840.2000,3840.0000,3837.0000,3835.8000,3835.6000,3842.4000,3842.6000,3843.0000,3843.2000,3845.0000,1,1,1,2,1,1,1,1,1,1
SF,IF2012,2020-05-11 09:35:21.600,3842.6000,2500,0,134586000.000,0,-,-,-,-,3840.2000,3840.0000,3837.0000,3835.8000,3835.6000,3842.6000,3843.0000,3843.2000,3845.0000,3845.2000,1,1,1,2,1,1,1,1,1,1
SF,IF2012,2020-05-11 09:35:22.600,3842.6000,2500,0,134586000.000,0,-,-,-,-,3840.2000,3840.0000,3837.0000,3835.8000,3835.6000,3842.4000,3842.6000,3843.0000,3843.2000,3845.0000,1,1,1,2,1,1,1,1,1,1
SF,IF2012,2020-05-11 09:35:23.100,3842.6000,2500,0,134586000.000,0,-,-,-,-,3840.4000,3840.2000,3840.0000,3837.0000,3835.8000,3842.0000,3842.2000,3842.4000,3842.6000,3843.0000,1,1,1,1,2,1,1,1,1,1
SF,IF2012,2020-05-11 09:35:24.600,3840.4000,2501,1,135738120.000,1,1,0,双开,S,3840.2000,3840.0000,3837.0000,3835.8000,3835.6000,3840.4000,3842.0000,3842.2000,3842.4000,3842.6000,1,1,1,2,1,1,1,1,1,1
SF,IF2012,2020-05-11 09:35:25.100,3840.4000,2501,0,136890240.000,1,0,1,多换,S,3840.2000,3840.0000,3837.0000,3835.8000,3835.6000,3841.8000,3842.0000,3842.2000,3842.4000,3843.0000,1,1,1,2,1,1,2,1,1,1
SF,IF2012,2020-05-11 09:35:25.600,3840.4000,2501,0,136890240.000,0,-,-,-,-,3840.2000,3840.0000,3837.0000,3835.8000,3835.6000,3841.8000,3842.0000,3842.2000,3842.4000,3843.0000,1,1,1,2,1,1,1,1,1,1
SF,IF2012,2020-05-11 09:35:26.100,3840.4000,2501,0,136890240.000,0,-,-,-,-,3840.2000,3840.0000,3837.0000,3835.8000,3835.6000,3841.8000,3842.0000,3842.4000,3843.0000,3843.2000,1,1,1,2,1,1,1,1,1,1
SF,IF2012,2020-05-11 09:35:26.600,3840.4000,2501,0,136890240.000,0,-,-,-,-,3840.4000,3840.2000,3840.0000,3837.0000,3835.8000,3841.8000,3842.0000,3842.4000,3843.0000,3843.2000,1,1,1,1,2,1,1,1,1,1
