市场代码,合约代码,时间,最新,持仓,增仓,成交额,成交量,开仓,平仓,成交类型,方向,买一价,买二价,买三价,买四价,买五价,卖一价,卖二价,卖三价,卖四价,卖五价,买一量,买二量,买三量,买四量,买五量,卖一量,卖二量,卖三量,卖四量,卖五量
SF,IF2009,2020-04-22 09:29:00.300,3624.0000,20050,0,2174400.000,2.000,-,-,-,-,3624.0000,3620.6000,3619.8000,3619.4000,3618.2000,3629.0000,3636.0000,3638.0000,3639.0000,3639.8000,1,3,1,1,1,1,1,2,2,2
SF,IF2009,2020-04-22 09:30:00.300,3624.0000,20048,-2,4348800.000,2,0,2,双平,S,3621.0000,3620.6000,3619.4000,3618.0000,3615.0000,3627.4000,3628.6000,3628.8000,3629.0000,3636.0000,1,1,1,1,1,1,3,3,1,1
SF,IF2009,2020-04-22 09:30:00.800,3627.4000,20049,1,6524220.000,2,1,1,空开,S,3624.0000,3621.4000,3621.2000,3621.0000,3620.6000,3627.0000,3627.2000,3628.8000,3629.0000,3636.0000,1,5,3,1,1,1,1,3,1,1
SF,IF2009,2020-04-22 09:30:01.300,3627.4000,20049,0,6524220.000,0,-,-,-,-,3624.4000,3624.2000,3624.0000,3621.0000,3619.4000,3628.8000,3629.0000,3636.0000,3638.0000,3639.0000,1,3,1,1,1,3,1,1,2,1
SF,IF2009,2020-04-22 09:30:01.800,3627.4000,20049,0,6524220.000,0,-,-,-,-,3624.8000,3624.6000,3624.4000,3624.0000,3623.0000,3628.6000,3628.8000,3629.0000,3635.0000,3636.0000,4,3,1,1,1,1,5,1,5,1
SF,IF2009,2020-04-22 09:30:02.300,3627.4000,20049,0,6524220.000,0,-,-,-,-,3625.2000,3625.0000,3624.8000,3624.0000,3623.0000,3628.6000,3628.8000,3629.0000,3635.0000,3636.0000,1,4,4,1,1,1,3,1,5,1
SF,IF2009,2020-04-22 09:30:02.800,3627.4000,20049,0,6524220.000,0,-,-,-,-,3625.6000,3625.4000,3625.2000,3624.0000,3623.0000,3628.8000,3629.0000,3635.0000,3636.0000,3638.0000,4,4,1,1,1,2,1,5,1,1
SF,IF2009,2020-04-22 09:30:03.300,3626.0000,20048,-1,8700660.000,2,0,2,多平,S,3625.8000,3625.6000,3624.0000,3623.0000,3621.0000,3628.8000,3629.0000,3635.0000,3636.0000,3638.0000,4,4,1,1,1,1,1,5,1,1
SF,IF2009,2020-04-22 09:30:03.800,3626.0000,20048,0,8700660.000,0,-,-,-,-,3626.2000,3625.8000,3624.0000,3623.0000,3621.0000,3628.6000,3628.8000,3629.0000,3634.4000,3635.0000,4,4,1,1,1,1,1,1,1,5
SF,IF2009,2020-04-22 09:30:04.300,3626.0000,20048,0,8700660.000,0,-,-,-,-,3626.4000,3626.2000,3626.0000,3624.0000,3623.0000,3628.8000,3629.0000,3634.4000,3635.0000,3636.0000,4,4,1,1,1,1,1,1,5,1
SF,IF2009,2020-04-22 09:30:04.800,3626.0000,20048,0,8700660.000,0,-,-,-,-,3627.0000,3626.4000,3626.0000,3624.0000,3623.0000,3628.6000,3628.8000,3629.0000,3634.4000,3635.0000,1,4,1,1,1,1,1,1,1,5
SF,IF2009,2020-04-22 09:30:05.300,3626.4000,20047,-1,10876500.000,2,0,2,多平,S,3626.4000,3626.0000,3624.0000,3623.0000,3621.0000,3628.6000,3628.8000,3629.0000,3634.4000,3635.0000,2,1,1,1,1,1,1,1,1,5
SF,IF2009,2020-04-22 09:30:05.800,3626.4000,20047,0,10876500.000,0,-,-,-,-,3626.6000,3626.4000,3626.0000,3624.0000,3623.0000,3628.0000,3628.6000,3628.8000,3629.0000,3634.4000,1,2,1,1,1,1,1,1,1,1
SF,IF2009,2020-04-22 09:30:06.300,3626.4000,20047,0,10876500.000,0,-,-,-,-,3626.8000,3626.4000,3626.0000,3624.0000,3623.0000,3627.8000,3628.0000,3628.8000,3629.0000,3634.4000,1,1,1,1,1,1,1,1,1,1
SF,IF2009,2020-04-22 09:30:06.800,3626.4000,20047,0,10876500.000,0,-,-,-,-,3624.0000,3623.0000,3621.0000,3620.0000,3619.4000,3626.6000,3627.0000,3627.8000,3628.0000,3628.8000,1,1,1,5,1,1,1,1,1,1
SF,IF2009,2020-04-22 09:30:07.300,3626.4000,20047,0,10876500.000,0,-,-,-,-,3624.4000,3624.2000,3624.0000,3623.0000,3621.0000,3626.4000,3626.6000,3627.0000,3628.0000,3628.8000,4,2,1,1,1,2,1,1,1,1
SF,IF2009,2020-04-22 09:30:07.800,3624.0000,20043,-4,15225660.000,4,0,4,双平,S,3623.0000,3621.0000,3620.0000,3619.4000,3618.0000,3624.0000,3626.4000,3626.6000,3627.0000,3628.0000,1,1,5,1,1,1,1,1,1,1
SF,IF2009,2020-04-22 09:30:08.300,3624.0000,20042,-1,16312860.000,1,0,1,双平,S,3624.2000,3623.4000,3623.0000,3621.0000,3620.0000,3624.4000,3626.4000,3626.6000,3627.0000,3628.0000,5,4,1,1,6,1,1,1,1,1
SF,IF2009,2020-04-22 09:30:08.800,3626.4000,20041,-1,18488100.000,2,0,2,多平,S,3624.6000,3624.4000,3623.0000,3621.0000,3620.0000,3626.6000,3627.0000,3628.0000,3628.8000,3629.0000,5,4,1,1,6,1,1,1,1,1
SF,IF2009,2020-04-22 09:30:09.300,3626.4000,20041,0,18488100.000,0,-,-,-,-,3624.8000,3624.6000,3624.4000,3623.0000,3621.0000,3626.4000,3626.6000,3627.0000,3628.0000,3628.8000,2,5,4,1,1,1,1,1,1,1
SF,IF2009,2020-04-22 09:30:09.800,3624.8000,20039,-2,20663460.000,2,0,2,双平,S,3624.8000,3624.6000,3624.4000,3623.0000,3621.0000,3626.6000,3627.0000,3628.0000,3628.8000,3629.0000,1,5,4,1,1,1,1,1,1,1
SF,IF2009,2020-04-22 09:30:10.300,3624.8000,20039,0,20663460.000,0,-,-,-,-,3625.2000,3625.0000,3624.8000,3624.6000,3623.0000,3626.6000,3627.0000,3628.0000,3628.8000,3629.0000,4,1,1,5,1,1,1,1,1,1
SF,IF2009,2020-04-22 09:30:10.800,3624.8000,20039,0,20663460.000,0,-,-,-,-,3625.4000,3625.2000,3625.0000,3624.6000,3623.0000,3626.6000,3627.0000,3628.0000,3628.8000,3629.0000,1,4,1,5,1,1,1,1,1,1
SF,IF2009,2020-04-22 09:30:11.300,3624.8000,20039,0,20663460.000,0,-,-,-,-,3625.4000,3625.2000,3625.0000,3624.6000,3623.0000,3626.6000,3627.0000,3628.0000,3628.8000,3629.0000,1,4,1,5,1,1,1,1,1,1
SF,IF2009,2020-04-22 09:30:11.800,3625.4000,20038,-1,21751080.000,1,0,1,双平,S,3625.0000,3624.6000,3623.0000,3621.0000,3620.0000,3626.4000,3626.6000,3627.0000,3628.0000,3628.8000,1,5,1,1,6,1,1,1,1,1
SF,IF2009,2020-04-22 09:30:12.300,3625.2000,20037,-1,22838640.000,1,0,1,双平,S,3625.0000,3624.6000,3623.0000,3621.0000,3620.0000,3626.4000,3627.0000,3628.0000,3628.8000,3629.0000,1,5,1,1,6,1,1,1,1,1
SF,IF2009,2020-04-22 09:30:12.800,3625.2000,20037,0,22838640.000,0,-,-,-,-,3625.2000,3625.0000,3624.6000,3623.0000,3621.0000,3626.4000,3627.0000,3628.0000,3628.8000,3629.0000,1,1,5,1,1,1,1,1,1,1
SF,IF2009,2020-04-22 09:30:13.300,3626.2000,20035,-2,25014360.000,2,0,2,双平,S,3625.4000,3625.2000,3625.0000,3624.6000,3623.0000,3627.0000,3628.0000,3628.8000,3629.0000,3634.4000,4,1,1,5,1,1,1,1,1,1
SF,IF2009,2020-04-22 09:30:13.800,3626.2000,20035,0,25014360.000,0,-,-,-,-,3625.6000,3625.4000,3625.0000,3624.6000,3623.0000,3627.0000,3628.0000,3628.8000,3629.0000,3634.4000,1,4,1,5,1,1,1,1,1,1
SF,IF2009,2020-04-22 09:30:14.300,3626.2000,20035,0,25014360.000,0,-,-,-,-,3625.8000,3625.6000,3625.0000,3624.6000,3623.0000,3628.0000,3628.8000,3629.0000,3634.4000,3635.0000,4,1,1,5,1,1,1,1,1,5
SF,IF2009,2020-04-22 09:30:14.800,3626.2000,20035,0,25014360.000,0,-,-,-,-,3626.0000,3625.8000,3625.0000,3624.6000,3623.0000,3626.8000,3628.0000,3628.8000,3629.0000,3634.4000,1,4,1,5,1,1,2,1,1,1
SF,IF2009,2020-04-22 09:30:15.300,3626.8000,20034,-1,26102400.000,1,0,1,双平,S,3626.2000,3625.0000,3624.6000,3623.0000,3621.0000,3628.0000,3628.8000,3629.0000,3634.4000,3635.0000,4,1,5,1,1,1,1,1,1,5
SF,IF2009,2020-04-22 09:30:15.800,3626.8000,20034,0,26102400.000,0,-,-,-,-,3626.2000,3625.0000,3624.6000,3623.0000,3621.0000,3626.8000,3627.8000,3628.0000,3628.8000,3629.0000,4,1,5,1,1,1,1,2,1,1
SF,IF2009,2020-04-22 09:30:16.300,3626.8000,20034,0,26102400.000,0,-,-,-,-,3626.2000,3625.0000,3624.6000,3623.0000,3621.0000,3627.8000,3628.0000,3628.8000,3629.0000,3634.4000,4,1,5,1,1,1,1,1,1,1
SF,IF2009,2020-04-22 09:30:16.800,3626.2000,20034,0,27190260.000,1,0,1,多换,S,3626.2000,3625.0000,3624.6000,3623.0000,3621.0000,3627.6000,3627.8000,3628.0000,3628.8000,3629.0000,3,1,5,1,1,1,1,1,1,1
SF,IF2009,2020-04-22 09:30:17.300,3626.2000,20034,0,27190260.000,0,-,-,-,-,3626.0000,3625.0000,3624.6000,3623.0000,3621.0000,3627.4000,3627.6000,3628.0000,3628.8000,3629.0000,1,1,5,1,1,1,1,1,1,1
SF,IF2009,2020-04-22 09:30:17.800,3626.2000,20034,0,27190260.000,0,-,-,-,-,3626.0000,3625.0000,3624.6000,3623.0000,3621.0000,3627.6000,3628.0000,3628.8000,3629.0000,3634.4000,1,1,5,1,1,1,1,1,1,1
SF,IF2009,2020-04-22 09:30:18.300,3626.0000,20033,-1,28278060.000,1,0,1,双平,S,3625.0000,3624.6000,3623.0000,3621.0000,3620.0000,3627.4000,3627.6000,3628.0000,3628.8000,3629.0000,1,5,1,1,6,1,1,1,1,1
SF,IF2009,2020-04-22 09:30:18.800,3626.0000,20033,0,28278060.000,0,-,-,-,-,3625.4000,3625.0000,3624.6000,3623.0000,3621.0000,3625.8000,3627.6000,3628.0000,3628.8000,3629.0000,3,1,5,1,1,1,1,1,1,1
SF,IF2009,2020-04-22 09:30:19.300,3625.8000,20033,0,29365800.000,1,0,1,多换,S,3625.8000,3625.4000,3625.0000,3624.6000,3623.0000,3628.0000,3628.8000,3629.0000,3634.4000,3635.0000,1,3,1,5,1,1,1,1,1,5
SF,IF2009,2020-04-22 09:30:19.800,3628.0000,20034,1,30454200.000,1,1,0,双开,S,3626.2000,3625.0000,3624.6000,3623.0000,3621.0000,3628.8000,3629.0000,3634.4000,3635.0000,3636.0000,3,1,5,1,1,1,1,1,5,1
SF,IF2009,2020-04-22 09:30:20.300,3628.0000,20034,0,30454200.000,0,-,-,-,-,3626.2000,3625.0000,3624.6000,3623.0000,3621.0000,3628.6000,3628.8000,3629.0000,3634.4000,3635.0000,3,1,5,1,1,2,1,1,1,5
SF,IF2009,2020-04-22 09:30:20.800,3628.6000,20032,-2,32631300.000,2,0,2,双平,S,3626.2000,3625.0000,3624.6000,3623.0000,3621.0000,3628.6000,3628.8000,3629.0000,3634.4000,3635.0000,3,1,5,1,1,1,1,1,1,5
SF,IF2009,2020-04-22 09:30:21.300,3626.4000,20031,-1,33719220.000,1,0,1,双平,S,3626.2000,3625.0000,3624.6000,3623.0000,3621.0000,3628.6000,3628.8000,3629.0000,3634.4000,3635.0000,3,1,5,1,1,1,1,1,1,5
SF,IF2009,2020-04-22 09:30:21.800,3626.4000,20030,-1,34807140.000,1,0,1,双平,S,3626.2000,3625.0000,3624.6000,3623.0000,3621.0000,3628.6000,3628.8000,3629.0000,3634.4000,3635.0000,3,1,5,1,1,1,1,1,1,5
SF,IF2009,2020-04-22 09:30:22.300,3626.4000,20030,0,34807140.000,0,-,-,-,-,3626.4000,3626.2000,3625.0000,3624.6000,3623.0000,3628.2000,3628.6000,3628.8000,3629.0000,3634.4000,1,3,1,5,1,1,1,1,1,1
SF,IF2009,2020-04-22 09:30:22.800,3626.4000,20029,-1,35895060.000,1,0,1,双平,S,3626.8000,3626.4000,3625.0000,3624.6000,3623.0000,3628.2000,3628.6000,3628.8000,3629.0000,3634.4000,2,1,2,5,1,1,1,1,1,1
SF,IF2009,2020-04-22 09:30:23.300,3628.2000,20029,0,36983520.000,1,0,1,多换,S,3628.2000,3626.8000,3626.4000,3625.6000,3625.0000,3628.6000,3628.8000,3629.0000,3634.4000,3635.0000,1,2,1,1,2,1,1,1,1,5
SF,IF2009,2020-04-22 09:30:23.800,3628.2000,20029,0,38071980.000,1,0,1,多换,S,3626.8000,3626.4000,3625.6000,3625.0000,3624.6000,3628.6000,3628.8000,3629.0000,3634.4000,3635.0000,2,1,1,2,5,1,1,1,1,5
SF,IF2009,2020-04-22 09:30:24.300,3626.8000,20027,-2,40248120.000,2,0,2,双平,S,3626.8000,3626.4000,3625.6000,3625.0000,3624.6000,3628.6000,3628.8000,3629.0000,3629.8000,3634.4000,1,1,1,2,5,1,1,1,1,1
SF,IF2009,2020-04-22 09:30:24.800,3626.8000,20027,0,40248120.000,0,-,-,-,-,3626.4000,3625.6000,3625.0000,3624.6000,3624.4000,3628.6000,3628.8000,3629.0000,3629.8000,3634.4000,1,1,2,5,1,1,1,1,1,1
SF,IF2009,2020-04-22 09:30:25.300,3626.8000,20027,0,40248120.000,0,-,-,-,-,3626.6000,3626.4000,3625.6000,3625.0000,3624.6000,3628.4000,3628.6000,3628.8000,3629.0000,3629.2000,1,1,1,3,5,1,2,1,1,1
SF,IF2009,2020-04-22 09:30:25.800,3626.8000,20027,0,40248120.000,0,-,-,-,-,3626.4000,3625.6000,3625.0000,3624.6000,3624.4000,3628.2000,3628.4000,3628.8000,3629.0000,3629.2000,1,1,3,5,1,2,2,1,1,1
SF,IF2009,2020-04-22 09:30:26.300,3626.8000,20027,0,40248120.000,0,-,-,-,-,3626.4000,3625.6000,3625.0000,3624.6000,3624.4000,3628.2000,3628.4000,3628.8000,3629.0000,3629.2000,1,1,3,5,1,2,2,1,1,1
SF,IF2009,2020-04-22 09:30:26.800,3626.8000,20027,0,40248120.000,0,-,-,-,-,3626.4000,3625.6000,3625.0000,3624.6000,3624.4000,3628.2000,3628.4000,3628.8000,3629.0000,3629.2000,1,1,3,5,1,2,1,1,1,1
SF,IF2009,2020-04-22 09:30:27.300,3626.8000,20027,0,40248120.000,0,-,-,-,-,3626.6000,3626.4000,3625.6000,3625.0000,3624.6000,3628.2000,3628.4000,3628.8000,3629.0000,3629.2000,1,1,1,3,5,1,1,1,1,1
SF,IF2009,2020-04-22 09:30:27.800,3626.8000,20027,0,40248120.000,0,-,-,-,-,3626.4000,3625.6000,3625.0000,3624.6000,3624.4000,3628.0000,3628.2000,3628.4000,3628.8000,3629.0000,1,1,3,5,1,1,1,1,1,1
SF,IF2009,2020-04-22 09:30:28.300,3626.8000,20027,0,40248120.000,0,-,-,-,-,3626.4000,3625.6000,3625.0000,3624.6000,3624.4000,3628.0000,3628.2000,3628.4000,3628.8000,3629.0000,1,1,3,5,1,1,1,1,1,1
SF,IF2009,2020-04-22 09:30:28.800,3626.4000,20026,-1,41336040.000,1,0,1,双平,S,3625.6000,3625.0000,3624.6000,3624.4000,3623.0000,3628.0000,3628.2000,3628.4000,3628.8000,3629.0000,1,3,5,1,1,1,1,1,1,1
SF,IF2009,2020-04-22 09:30:29.300,3626.4000,20026,0,41336040.000,0,-,-,-,-,3625.6000,3625.0000,3624.6000,3624.4000,3623.0000,3627.8000,3628.0000,3628.8000,3629.0000,3629.2000,1,3,5,1,1,2,1,1,1,1
SF,IF2009,2020-04-22 09:30:29.800,3626.4000,20026,0,41336040.000,0,-,-,-,-,3625.6000,3625.0000,3624.6000,3624.4000,3623.0000,3627.6000,3627.8000,3628.8000,3629.0000,3629.2000,1,3,5,1,1,1,2,1,1,1
SF,IF2009,2020-04-22 09:30:30.300,3626.4000,20026,0,41336040.000,0,-,-,-,-,3626.4000,3625.6000,3625.0000,3624.6000,3624.4000,3627.4000,3627.6000,3628.8000,3629.0000,3629.2000,5,1,3,5,1,1,1,1,1,1
SF,IF2009,2020-04-22 09:30:30.800,3626.4000,20026,0,42423960.000,1,0,1,多换,S,3626.4000,3625.6000,3625.0000,3624.6000,3624.4000,3627.4000,3627.6000,3628.8000,3629.0000,3629.2000,4,1,3,5,1,1,1,1,1,1
SF,IF2009,2020-04-22 09:30:31.300,3626.4000,20026,0,46775640.000,4,2,2,多换,S,3625.6000,3625.0000,3624.6000,3624.4000,3623.0000,3627.2000,3627.4000,3628.8000,3629.0000,3629.2000,1,3,5,1,1,1,1,1,1,1
SF,IF2009,2020-04-22 09:30:31.800,3625.6000,20026,0,47863320.000,1,0,1,多换,S,3625.0000,3624.6000,3624.4000,3623.0000,3621.0000,3625.6000,3627.2000,3628.8000,3629.0000,3629.2000,3,5,1,1,1,1,1,1,1,1
SF,IF2009,2020-04-22 09:30:32.300,3625.6000,20025,-1,48951000.000,1,0,1,双平,S,3625.0000,3624.6000,3623.0000,3621.0000,3620.0000,3627.2000,3628.8000,3629.0000,3629.2000,3629.8000,3,5,1,1,6,1,1,1,1,1
SF,IF2009,2020-04-22 09:30:32.800,3625.6000,20025,0,48951000.000,0,-,-,-,-,3625.0000,3624.6000,3623.0000,3621.0000,3620.0000,3626.4000,3627.0000,3627.2000,3628.8000,3629.0000,3,5,1,1,6,1,1,1,1,1
SF,IF2009,2020-04-22 09:30:33.300,3625.0000,20023,-2,51126000.000,2,0,2,双平,S,3625.8000,3625.0000,3624.6000,3623.0000,3621.0000,3626.2000,3626.4000,3627.0000,3628.8000,3629.0000,5,1,5,1,1,1,1,1,1,1
SF,IF2009,2020-04-22 09:30:33.800,3625.8000,20023,0,56564700.000,5,2,3,多换,S,3625.0000,3624.6000,3623.0000,3621.0000,3620.0000,3625.8000,3626.4000,3628.8000,3629.0000,3629.2000,1,5,1,1,6,2,1,1,1,2
SF,IF2009,2020-04-22 09:30:34.300,3625.0000,20023,0,57652200.000,1,0,1,多换,S,3624.6000,3623.0000,3621.0000,3620.0000,3619.4000,3625.0000,3625.6000,3625.8000,3626.4000,3628.8000,5,1,1,6,1,5,1,2,1,1
SF,IF2009,2020-04-22 09:30:34.800,3625.0000,20020,-3,60914700.000,3,0,3,双平,S,3624.6000,3623.0000,3621.0000,3620.0000,3619.4000,3625.0000,3625.6000,3625.8000,3626.4000,3628.8000,5,1,1,6,1,5,1,2,1,1
SF,IF2009,2020-04-22 09:30:35.300,3625.0000,20020,0,60914700.000,0,-,-,-,-,3624.6000,3623.0000,3621.0000,3620.0000,3619.4000,3625.0000,3625.6000,3625.8000,3626.4000,3628.8000,5,1,1,6,1,5,1,2,2,1
SF,IF2009,2020-04-22 09:30:35.800,3625.0000,20020,0,60914700.000,0,-,-,-,-,3624.6000,3623.0000,3621.0000,3620.0000,3619.4000,3625.0000,3625.8000,3626.4000,3628.8000,3629.0000,5,1,1,6,1,5,2,2,1,1
SF,IF2009,2020-04-22 09:30:36.300,3625.0000,20020,0,60914700.000,0,-,-,-,-,3624.6000,3623.0000,3621.0000,3620.0000,3619.4000,3625.0000,3625.8000,3626.4000,3628.8000,3629.0000,5,1,1,6,1,6,2,2,1,1
SF,IF2009,2020-04-22 09:30:36.800,3624.6000,20016,-4,65264220.000,4,0,4,双平,S,3624.8000,3624.6000,3623.0000,3621.0000,3620.0000,3625.0000,3625.8000,3626.4000,3628.8000,3629.0000,1,1,1,1,6,6,2,2,1,1
SF,IF2009,2020-04-22 09:30:37.300,3625.0000,20013,-3,68526660.000,3,0,3,双平,S,3624.6000,3623.0000,3621.0000,3620.0000,3619.4000,3625.0000,3625.8000,3626.4000,3628.8000,3629.0000,1,1,1,6,1,4,2,2,1,1
SF,IF2009,2020-04-22 09:30:37.800,3625.0000,20013,0,68526660.000,0,-,-,-,-,3624.6000,3623.0000,3621.0000,3620.0000,3619.4000,3625.0000,3625.8000,3626.4000,3628.8000,3629.0000,1,1,1,6,1,4,2,2,1,1
SF,IF2009,2020-04-22 09:30:38.300,3625.0000,20013,0,68526660.000,0,-,-,-,-,3624.6000,3623.0000,3621.0000,3620.0000,3619.4000,3625.0000,3625.8000,3626.4000,3628.8000,3629.0000,2,1,1,6,1,4,2,2,1,1
SF,IF2009,2020-04-22 09:30:38.800,3624.6000,20012,-1,70701420.000,2,0,2,多平,S,3623.0000,3621.0000,3620.0000,3619.4000,3618.0000,3624.8000,3625.0000,3626.4000,3628.8000,3629.0000,1,1,6,1,1,1,4,2,1,1
SF,IF2009,2020-04-22 09:30:39.300,3624.6000,20012,0,70701420.000,0,-,-,-,-,3623.0000,3621.0000,3620.0000,3619.4000,3618.0000,3624.6000,3624.8000,3625.0000,3626.4000,3628.8000,1,1,6,1,1,1,1,4,3,1
SF,IF2009,2020-04-22 09:30:39.800,3624.6000,20012,0,70701420.000,0,-,-,-,-,3623.4000,3623.0000,3621.0000,3620.0000,3619.4000,3624.6000,3624.8000,3625.0000,3626.4000,3628.8000,1,1,1,6,1,1,1,4,3,1
SF,IF2009,2020-04-22 09:30:40.300,3624.6000,20011,-1,71788800.000,1,0,1,双平,S,3623.4000,3623.0000,3621.0000,3620.0000,3619.4000,3624.8000,3625.0000,3626.4000,3628.8000,3629.0000,1,1,1,6,1,1,4,3,1,1
SF,IF2009,2020-04-22 09:30:40.800,3624.6000,20011,0,71788800.000,0,-,-,-,-,3623.4000,3623.0000,3621.0000,3620.0000,3619.4000,3624.8000,3625.0000,3626.4000,3628.8000,3629.0000,1,1,1,6,1,1,4,3,1,1
SF,IF2009,2020-04-22 09:30:41.300,3624.6000,20011,0,71788800.000,0,-,-,-,-,3624.6000,3623.6000,3623.0000,3621.0000,3620.0000,3624.8000,3625.0000,3626.4000,3628.2000,3628.8000,1,1,1,1,6,1,4,3,1,1
SF,IF2009,2020-04-22 09:30:41.800,3624.6000,20010,-1,72876180.000,1,0,1,双平,S,3623.6000,3623.0000,3621.0000,3620.0000,3619.4000,3624.8000,3625.0000,3626.4000,3628.2000,3628.8000,1,1,1,6,1,1,4,3,1,1
SF,IF2009,2020-04-22 09:30:42.300,3624.6000,20010,0,72876180.000,0,-,-,-,-,3623.6000,3623.0000,3621.0000,3620.0000,3619.4000,3624.8000,3625.0000,3626.4000,3628.2000,3628.8000,1,1,1,6,1,1,4,2,1,1
SF,IF2009,2020-04-22 09:30:42.800,3624.6000,20010,0,72876180.000,0,-,-,-,-,3623.6000,3623.0000,3621.0000,3620.0000,3619.4000,3624.8000,3625.0000,3626.4000,3628.2000,3628.8000,1,1,1,6,1,1,4,2,1,1
SF,IF2009,2020-04-22 09:30:43.300,3624.6000,20010,0,72876180.000,0,-,-,-,-,3623.0000,3621.0000,3620.0000,3619.4000,3618.0000,3624.8000,3625.0000,3626.4000,3628.2000,3628.8000,1,1,6,1,1,1,4,2,1,1
SF,IF2009,2020-04-22 09:30:43.800,3624.6000,20010,0,72876180.000,0,-,-,-,-,3623.0000,3621.0000,3620.0000,3619.4000,3618.0000,3624.8000,3625.0000,3626.4000,3628.2000,3628.8000,1,1,6,1,1,1,4,2,1,1
SF,IF2009,2020-04-22 09:30:44.300,3624.6000,20010,0,72876180.000,0,-,-,-,-,3623.0000,3621.0000,3620.0000,3619.4000,3618.0000,3624.6000,3624.8000,3625.0000,3626.4000,3628.2000,1,1,6,1,1,1,1,4,2,1
SF,IF2009,2020-04-22 09:30:44.800,3624.6000,20010,0,72876180.000,0,-,-,-,-,3623.2000,3623.0000,3621.0000,3620.0000,3619.4000,3624.6000,3624.8000,3625.0000,3626.4000,3628.2000,1,1,1,6,1,1,1,4,2,1
SF,IF2009,2020-04-22 09:30:45.300,3624.6000,20010,0,72876180.000,0,-,-,-,-,3623.2000,3623.0000,3621.0000,3620.0000,3619.4000,3624.6000,3624.8000,3625.0000,3626.4000,3628.2000,1,1,1,6,1,1,1,4,2,1
SF,IF2009,2020-04-22 09:30:45.800,3624.6000,20010,0,73963560.000,1,0,1,多换,S,3623.2000,3623.0000,3621.0000,3620.0000,3619.4000,3624.6000,3624.8000,3625.0000,3626.4000,3628.2000,1,1,1,6,1,1,1,4,2,1
SF,IF2009,2020-04-22 09:30:46.300,3624.6000,20010,0,73963560.000,0,-,-,-,-,3623.2000,3623.0000,3621.0000,3620.0000,3619.4000,3624.6000,3624.8000,3625.0000,3626.4000,3628.2000,1,1,1,6,1,1,1,4,2,1
SF,IF2009,2020-04-22 09:30:46.800,3624.6000,20010,0,73963560.000,0,-,-,-,-,3623.2000,3623.0000,3621.0000,3620.0000,3619.4000,3624.6000,3624.8000,3625.0000,3626.4000,3628.2000,1,1,1,6,1,1,1,4,2,1
SF,IF2009,2020-04-22 09:30:47.300,3624.6000,20010,0,73963560.000,0,-,-,-,-,3623.2000,3623.0000,3621.0000,3620.0000,3619.4000,3624.4000,3624.6000,3624.8000,3625.0000,3626.4000,1,1,1,6,1,1,1,1,4,2
SF,IF2009,2020-04-22 09:30:47.800,3624.6000,20010,0,73963560.000,0,-,-,-,-,3623.2000,3623.0000,3621.0000,3620.0000,3619.4000,3624.6000,3624.8000,3625.0000,3626.4000,3628.2000,1,1,1,6,1,1,1,4,2,1
SF,IF2009,2020-04-22 09:30:48.300,3624.6000,20010,0,73963560.000,0,-,-,-,-,3623.2000,3623.0000,3621.0000,3620.0000,3619.4000,3624.4000,3624.6000,3624.8000,3625.0000,3626.4000,1,1,1,6,1,1,1,1,4,2
SF,IF2009,2020-04-22 09:30:48.800,3624.6000,20010,0,73963560.000,0,-,-,-,-,3623.0000,3621.0000,3620.0000,3619.4000,3618.0000,3624.4000,3624.6000,3624.8000,3625.0000,3626.4000,1,1,6,1,1,1,1,1,4,2
SF,IF2009,2020-04-22 09:30:49.300,3624.6000,20010,0,73963560.000,0,-,-,-,-,3623.0000,3621.0000,3620.0000,3619.4000,3618.0000,3624.4000,3624.6000,3624.8000,3625.0000,3626.4000,2,1,6,1,1,1,1,1,4,2
SF,IF2009,2020-04-22 09:30:49.800,3624.6000,20010,0,73963560.000,0,-,-,-,-,3623.0000,3621.0000,3620.0000,3619.4000,3618.0000,3624.4000,3624.6000,3624.8000,3625.0000,3626.4000,2,1,6,1,1,1,1,1,4,2
SF,IF2009,2020-04-22 09:30:50.800,3624.6000,20010,0,73963560.000,0,-,-,-,-,3623.0000,3621.0000,3620.0000,3619.4000,3618.0000,3624.4000,3624.6000,3624.8000,3625.0000,3626.4000,2,1,1,1,1,1,1,1,4,2
SF,IF2009,2020-04-22 09:30:52.300,3624.6000,20010,0,73963560.000,0,-,-,-,-,3623.0000,3622.2000,3621.0000,3620.0000,3619.4000,3624.4000,3624.6000,3624.8000,3625.0000,3626.4000,2,1,1,1,1,1,1,1,4,2
SF,IF2009,2020-04-22 09:30:52.800,3624.6000,20010,0,73963560.000,0,-,-,-,-,3623.0000,3622.2000,3621.0000,3620.0000,3619.4000,3624.4000,3624.6000,3624.8000,3625.0000,3626.4000,2,1,1,1,1,1,1,1,4,2
SF,IF2009,2020-04-22 09:30:53.800,3624.6000,20010,0,73963560.000,0,-,-,-,-,3623.0000,3622.2000,3621.0000,3620.0000,3619.4000,3624.4000,3624.6000,3625.0000,3626.4000,3628.0000,2,1,1,1,1,1,1,4,2,1
SF,IF2009,2020-04-22 09:30:54.300,3624.6000,20010,0,73963560.000,0,-,-,-,-,3623.0000,3622.2000,3621.0000,3620.0000,3619.4000,3624.4000,3624.6000,3625.0000,3626.4000,3628.0000,2,1,2,1,1,1,1,4,2,1
SF,IF2009,2020-04-22 09:30:54.800,3623.0000,20010,0,75050460.000,1,0,1,多换,S,3623.0000,3622.2000,3621.0000,3620.0000,3619.4000,3624.4000,3624.6000,3625.0000,3626.4000,3628.0000,1,1,2,1,1,1,1,4,2,1
SF,IF2009,2020-04-22 09:30:55.300,3623.0000,20010,0,75050460.000,0,-,-,-,-,3623.0000,3622.2000,3621.0000,3620.0000,3619.4000,3624.4000,3624.6000,3625.0000,3626.4000,3628.0000,1,1,2,1,1,1,1,4,2,1
SF,IF2009,2020-04-22 09:30:57.300,3623.0000,20010,0,75050460.000,0,-,-,-,-,3623.2000,3623.0000,3622.2000,3621.0000,3620.0000,3624.4000,3624.6000,3625.0000,3626.4000,3626.6000,1,1,1,2,1,1,1,1,2,1
SF,IF2009,2020-04-22 09:30:57.800,3623.0000,20010,0,75050460.000,0,-,-,-,-,3623.2000,3623.0000,3622.2000,3621.0000,3620.0000,3624.4000,3624.6000,3625.0000,3626.4000,3626.6000,1,1,1,2,1,1,1,1,2,1
SF,IF2009,2020-04-22 09:30:58.300,3623.0000,20010,0,75050460.000,0,-,-,-,-,3623.4000,3623.2000,3623.0000,3622.2000,3621.0000,3624.6000,3625.0000,3626.4000,3626.6000,3628.0000,1,1,1,1,2,1,1,2,1,1
SF,IF2009,2020-04-22 09:30:58.800,3623.6000,20008,-2,77224920.000,2,0,2,双平,S,3623.4000,3623.2000,3623.0000,3622.2000,3621.0000,3625.0000,3626.4000,3626.6000,3628.0000,3628.2000,1,1,1,1,2,1,2,1,1,1
SF,IF2009,2020-04-22 09:30:59.300,3623.6000,20008,0,77224920.000,0,-,-,-,-,3623.4000,3623.2000,3623.0000,3622.2000,3621.0000,3625.0000,3626.4000,3626.6000,3628.0000,3628.2000,1,1,1,1,2,1,2,1,1,1
SF,IF2009,2020-04-22 09:30:59.800,3625.0000,20008,0,78312420.000,1,0,1,多换,S,3623.6000,3623.4000,3623.2000,3623.0000,3622.2000,3626.4000,3626.6000,3628.0000,3628.2000,3628.8000,1,1,1,1,1,2,1,1,1,1
SF,IF2009,2020-04-22 09:31:00.300,3625.0000,20008,0,78312420.000,0,-,-,-,-,3623.8000,3623.2000,3623.0000,3622.2000,3621.0000,3626.2000,3626.4000,3626.6000,3628.0000,3628.8000,1,1,1,1,2,1,2,1,1,1
SF,IF2009,2020-04-22 09:31:00.800,3625.0000,20008,0,78312420.000,0,-,-,-,-,3624.0000,3623.8000,3623.2000,3623.0000,3622.2000,3626.2000,3626.4000,3626.6000,3628.0000,3628.8000,1,1,1,1,1,1,2,1,1,1
SF,IF2009,2020-04-22 09:31:01.300,3624.2000,20007,-1,79399680.000,1,0,1,双平,S,3624.0000,3623.2000,3623.0000,3622.2000,3621.0000,3624.2000,3626.2000,3626.4000,3626.6000,3628.0000,1,1,1,1,2,3,1,2,1,1
SF,IF2009,2020-04-22 09:31:01.800,3624.2000,20004,-3,82661460.000,3,0,3,双平,S,3624.6000,3624.4000,3624.2000,3624.0000,3623.2000,3626.4000,3626.6000,3628.0000,3628.8000,3629.0000,3,1,3,1,1,2,1,1,1,1
SF,IF2009,2020-04-22 09:31:02.300,3624.2000,20004,0,82661460.000,0,-,-,-,-,3624.8000,3624.2000,3624.0000,3623.2000,3623.0000,3626.4000,3626.6000,3628.0000,3628.8000,3629.0000,2,2,1,1,2,1,1,1,1,1
SF,IF2009,2020-04-22 09:31:02.800,3624.2000,20004,0,82661460.000,0,-,-,-,-,3624.8000,3624.2000,3624.0000,3623.2000,3623.0000,3626.4000,3626.6000,3628.0000,3628.8000,3629.0000,2,2,1,1,2,1,1,1,1,1
SF,IF2009,2020-04-22 09:31:03.300,3624.2000,20004,0,82661460.000,0,-,-,-,-,3625.2000,3624.8000,3624.2000,3623.2000,3623.0000,3626.2000,3626.4000,3626.6000,3628.0000,3628.8000,1,2,2,1,2,1,1,1,1,1
SF,IF2009,2020-04-22 09:31:03.800,3626.2000,20003,-1,83749320.000,1,0,1,双平,S,3625.2000,3624.8000,3624.2000,3623.2000,3623.0000,3626.4000,3626.6000,3628.0000,3628.8000,3629.0000,1,2,2,1,2,1,1,1,1,1
SF,IF2009,2020-04-22 09:31:04.300,3625.2000,20001,-2,85924500.000,2,0,2,双平,S,3624.8000,3624.2000,3623.2000,3623.0000,3622.2000,3625.2000,3626.4000,3626.6000,3628.0000,3628.8000,1,2,1,2,1,1,1,1,1,1
SF,IF2009,2020-04-22 09:31:04.800,3625.2000,20000,-1,87012060.000,1,0,1,双平,S,3625.2000,3625.0000,3624.2000,3623.2000,3623.0000,3626.4000,3626.6000,3628.0000,3628.8000,3629.0000,1,1,2,1,2,1,1,1,1,1
SF,IF2009,2020-04-22 09:31:05.300,3625.2000,20000,0,87012060.000,0,-,-,-,-,3625.0000,3624.2000,3623.2000,3623.0000,3622.2000,3625.2000,3626.4000,3626.6000,3628.0000,3628.8000,1,2,1,2,1,20,1,1,1,1
SF,IF2009,2020-04-22 09:31:05.800,3625.2000,19984,-16,104413020.000,16,0,16,双平,S,3625.0000,3624.2000,3623.2000,3623.0000,3622.2000,3625.2000,3626.4000,3626.6000,3628.0000,3628.8000,1,2,1,2,1,4,1,1,1,1
SF,IF2009,2020-04-22 09:31:06.300,3625.2000,19980,-4,108763260.000,4,0,4,双平,S,3625.0000,3624.2000,3623.2000,3623.0000,3622.2000,3626.4000,3626.6000,3628.0000,3628.8000,3629.0000,1,2,1,2,1,1,1,1,1,1
SF,IF2009,2020-04-22 09:31:06.800,3625.2000,19980,0,108763260.000,0,-,-,-,-,3624.2000,3623.2000,3623.0000,3622.2000,3621.0000,3626.2000,3626.4000,3626.6000,3628.0000,3628.8000,2,1,2,1,2,1,1,1,1,1
SF,IF2009,2020-04-22 09:31:07.300,3625.2000,19980,0,108763260.000,0,-,-,-,-,3624.6000,3624.4000,3624.2000,3623.2000,3623.0000,3626.2000,3626.4000,3626.6000,3628.0000,3628.8000,1,1,2,1,2,1,1,1,1,1
SF,IF2009,2020-04-22 09:31:07.800,3626.4000,19981,1,110939040.000,2,1,1,空开,S,3624.4000,3624.2000,3623.2000,3623.0000,3622.2000,3626.6000,3628.0000,3628.8000,3629.0000,3629.2000,1,2,1,2,1,1,1,1,1,2
SF,IF2009,2020-04-22 09:31:08.300,3626.4000,19981,0,110939040.000,0,-,-,-,-,3624.8000,3624.4000,3624.2000,3623.2000,3623.0000,3626.4000,3626.6000,3628.0000,3628.8000,3629.0000,1,1,2,1,2,1,1,1,1,1
SF,IF2009,2020-04-22 09:31:08.800,3626.4000,19981,0,110939040.000,0,-,-,-,-,3624.4000,3624.2000,3623.2000,3623.0000,3622.2000,3626.4000,3626.6000,3628.0000,3628.8000,3629.0000,1,2,1,2,1,2,1,1,1,1
SF,IF2009,2020-04-22 09:31:09.300,3626.4000,19981,0,110939040.000,0,-,-,-,-,3624.4000,3624.2000,3623.2000,3623.0000,3622.2000,3626.4000,3626.6000,3628.0000,3628.8000,3629.0000,1,2,1,2,1,2,1,1,1,1
SF,IF2009,2020-04-22 09:31:09.800,3626.4000,19981,0,110939040.000,0,-,-,-,-,3624.2000,3623.2000,3623.0000,3622.2000,3622.0000,3626.4000,3626.6000,3628.0000,3628.8000,3629.0000,2,1,2,1,1,2,1,1,1,1
SF,IF2009,2020-04-22 09:31:10.300,3626.4000,19981,0,110939040.000,0,-,-,-,-,3624.4000,3624.2000,3623.2000,3623.0000,3622.2000,3626.4000,3626.6000,3628.0000,3628.8000,3629.0000,1,2,1,2,1,2,1,1,1,1
SF,IF2009,2020-04-22 09:31:10.800,3626.4000,19980,-1,112026960.000,1,0,1,双平,S,3624.6000,3624.4000,3624.2000,3623.2000,3623.0000,3626.4000,3626.6000,3628.0000,3628.8000,3629.0000,1,1,2,1,2,2,1,1,1,1
SF,IF2009,2020-04-22 09:31:11.300,3626.4000,19980,0,112026960.000,0,-,-,-,-,3624.8000,3624.2000,3623.2000,3623.0000,3622.2000,3626.4000,3626.6000,3628.0000,3628.8000,3629.0000,1,2,1,2,1,2,1,1,1,1
SF,IF2009,2020-04-22 09:31:11.800,3626.4000,19980,0,113114880.000,1,0,1,多换,S,3625.0000,3624.2000,3624.0000,3623.2000,3623.0000,3626.4000,3626.6000,3628.0000,3628.8000,3629.0000,2,2,1,1,2,1,1,1,1,1
SF,IF2009,2020-04-22 09:31:15.300,3626.4000,19980,0,113114880.000,0,-,-,-,-,3625.0000,3624.2000,3624.0000,3623.2000,3623.0000,3626.4000,3626.6000,3628.0000,3628.8000,3629.0000,2,2,1,1,2,1,1,1,1,1
SF,IF2009,2020-04-22 09:31:17.800,3626.4000,19980,0,114202800.000,1,0,1,多换,S,3625.0000,3624.2000,3624.0000,3623.2000,3623.0000,3626.6000,3627.0000,3628.0000,3628.8000,3629.0000,2,2,1,1,2,1,1,1,1,1
SF,IF2009,2020-04-22 09:31:18.300,3626.4000,19980,0,114202800.000,0,-,-,-,-,3625.0000,3624.2000,3624.0000,3623.2000,3623.0000,3626.6000,3627.0000,3628.0000,3628.8000,3629.0000,2,2,2,1,2,1,1,1,1,1
SF,IF2009,2020-04-22 09:31:18.800,3626.4000,19980,0,114202800.000,0,-,-,-,-,3625.0000,3624.2000,3624.0000,3623.2000,3623.0000,3626.4000,3626.6000,3627.0000,3628.0000,3628.8000,2,2,2,1,2,1,1,1,1,1
SF,IF2009,2020-04-22 09:31:19.300,3626.4000,19980,0,114202800.000,0,-,-,-,-,3625.0000,3624.2000,3624.0000,3623.2000,3623.0000,3626.6000,3627.0000,3628.0000,3628.8000,3629.0000,2,2,2,1,2,1,1,1,1,1
SF,IF2009,2020-04-22 09:31:20.300,3626.6000,19980,0,115290780.000,1,0,1,多换,S,3625.0000,3624.2000,3624.0000,3623.2000,3623.0000,3627.0000,3628.0000,3628.8000,3629.0000,3629.2000,2,2,2,1,2,1,1,1,1,2
SF,IF2009,2020-04-22 09:31:22.300,3626.6000,19980,0,115290780.000,0,-,-,-,-,3625.0000,3624.2000,3624.0000,3623.2000,3623.0000,3627.0000,3628.0000,3628.8000,3629.0000,3629.2000,2,2,2,1,2,1,1,1,1,2
SF,IF2009,2020-04-22 09:31:23.300,3626.6000,19980,0,115290780.000,0,-,-,-,-,3625.2000,3625.0000,3624.2000,3624.0000,3623.2000,3627.0000,3628.0000,3628.8000,3629.0000,3629.2000,3,2,2,2,1,1,1,1,1,2
SF,IF2009,2020-04-22 09:31:23.800,3626.6000,19980,0,115290780.000,0,-,-,-,-,3625.4000,3625.2000,3624.2000,3624.0000,3623.2000,3627.0000,3628.0000,3628.8000,3629.0000,3629.2000,2,3,2,2,1,1,1,1,1,2
SF,IF2009,2020-04-22 09:31:24.800,3627.0000,19981,1,116378880.000,1,1,0,双开,S,3625.4000,3625.2000,3624.2000,3624.0000,3623.2000,3628.0000,3628.8000,3629.0000,3629.2000,3629.8000,2,3,2,2,1,1,1,1,2,2
SF,IF2009,2020-04-22 09:31:25.300,3627.0000,19981,0,116378880.000,0,-,-,-,-,3625.4000,3625.2000,3624.2000,3624.0000,3623.2000,3627.8000,3628.0000,3628.8000,3629.0000,3629.2000,1,3,2,2,1,2,1,1,1,2
SF,IF2009,2020-04-22 09:31:25.800,3627.0000,19981,0,116378880.000,0,-,-,-,-,3625.4000,3624.2000,3624.0000,3623.2000,3623.0000,3627.8000,3628.0000,3628.8000,3629.0000,3629.2000,1,2,2,1,2,2,1,1,1,2
SF,IF2009,2020-04-22 09:31:26.300,3627.0000,19981,0,116378880.000,0,-,-,-,-,3625.8000,3625.4000,3624.2000,3624.0000,3623.2000,3627.8000,3628.0000,3628.8000,3629.0000,3629.2000,1,1,2,2,1,1,1,1,1,2
SF,IF2009,2020-04-22 09:31:26.800,3627.0000,19981,0,116378880.000,0,-,-,-,-,3626.0000,3625.8000,3624.2000,3624.0000,3623.2000,3628.0000,3628.8000,3629.0000,3629.2000,3629.8000,2,1,2,2,1,1,1,1,2,2
SF,IF2009,2020-04-22 09:31:27.300,3627.0000,19981,0,116378880.000,0,-,-,-,-,3626.0000,3625.8000,3624.2000,3624.0000,3623.2000,3627.8000,3628.0000,3628.8000,3629.0000,3629.2000,2,1,2,2,1,1,1,1,1,2
SF,IF2009,2020-04-22 09:31:27.800,3627.0000,19981,0,116378880.000,0,-,-,-,-,3626.0000,3624.2000,3624.0000,3623.2000,3623.0000,3627.8000,3628.0000,3628.8000,3629.0000,3629.2000,2,2,2,1,2,1,1,1,1,2
SF,IF2009,2020-04-22 09:31:29.300,3627.0000,19981,0,116378880.000,0,-,-,-,-,3627.0000,3626.0000,3624.2000,3624.0000,3623.2000,3627.8000,3628.0000,3628.8000,3629.0000,3629.2000,1,2,2,2,1,1,1,1,1,2
SF,IF2009,2020-04-22 09:31:29.800,3627.0000,19980,-1,117466980.000,1,0,1,双平,S,3626.0000,3624.0000,3623.2000,3623.0000,3622.0000,3627.8000,3628.0000,3628.8000,3629.0000,3629.2000,1,2,1,2,1,1,1,1,1,2
SF,IF2009,2020-04-22 09:31:30.300,3627.0000,19980,0,117466980.000,0,-,-,-,-,3626.2000,3626.0000,3624.0000,3623.2000,3623.0000,3627.8000,3628.0000,3628.8000,3629.0000,3629.2000,1,1,2,1,2,1,1,1,1,2
SF,IF2009,2020-04-22 09:31:30.800,3627.0000,19980,0,117466980.000,0,-,-,-,-,3626.4000,3625.0000,3624.0000,3623.2000,3623.0000,3627.8000,3628.0000,3628.8000,3629.0000,3629.2000,1,1,2,1,2,1,1,1,1,2
SF,IF2009,2020-04-22 09:31:31.300,3626.4000,19979,-1,118554900.000,1,0,1,双平,S,3625.0000,3624.0000,3623.2000,3623.0000,3622.0000,3627.6000,3627.8000,3628.0000,3628.8000,3629.0000,1,2,1,2,1,1,1,1,1,1
SF,IF2009,2020-04-22 09:31:31.800,3626.4000,19979,0,118554900.000,0,-,-,-,-,3625.2000,3625.0000,3624.0000,3623.2000,3623.0000,3627.4000,3628.0000,3628.8000,3629.0000,3629.2000,1,1,2,1,2,2,1,1,1,2
SF,IF2009,2020-04-22 09:31:33.300,3626.4000,19979,0,118554900.000,0,-,-,-,-,3625.2000,3625.0000,3624.0000,3623.2000,3623.0000,3627.4000,3628.0000,3628.8000,3629.0000,3629.2000,1,1,2,1,2,1,1,1,1,2
SF,IF2009,2020-04-22 09:31:33.800,3626.4000,19979,0,118554900.000,0,-,-,-,-,3625.2000,3625.0000,3624.0000,3623.2000,3623.0000,3627.4000,3628.0000,3628.8000,3629.0000,3629.2000,1,1,2,1,2,1,2,1,1,2
SF,IF2009,2020-04-22 09:31:34.800,3627.4000,19978,-1,119643120.000,1,0,1,双平,S,3625.2000,3625.0000,3624.0000,3623.2000,3623.0000,3628.0000,3628.8000,3629.0000,3629.2000,3629.8000,1,1,2,1,2,2,1,1,2,2
SF,IF2009,2020-04-22 09:31:35.300,3627.4000,19978,0,119643120.000,0,-,-,-,-,3625.6000,3625.2000,3625.0000,3624.0000,3623.2000,3627.8000,3628.0000,3628.8000,3629.0000,3629.2000,1,1,1,2,1,1,2,1,1,2
SF,IF2009,2020-04-22 09:31:35.800,3625.8000,19978,0,120730860.000,1,0,1,多换,S,3625.0000,3624.0000,3623.2000,3623.0000,3622.0000,3625.2000,3627.8000,3628.0000,3628.8000,3629.0000,1,2,2,2,1,4,1,2,1,1
SF,IF2009,2020-04-22 09:31:36.300,3625.2000,19978,0,125081460.000,4,2,2,多换,S,3625.4000,3625.2000,3625.0000,3624.0000,3623.2000,3628.0000,3628.8000,3629.0000,3629.2000,3629.8000,1,4,1,2,2,2,1,1,2,2
SF,IF2009,2020-04-22 09:31:36.800,3625.2000,19978,0,125081460.000,0,-,-,-,-,3625.6000,3625.4000,3625.2000,3625.0000,3624.0000,3627.8000,3628.0000,3628.8000,3629.0000,3629.2000,1,1,2,1,2,1,2,1,1,2
SF,IF2009,2020-04-22 09:31:37.300,3625.2000,19978,0,125081460.000,0,-,-,-,-,3626.0000,3625.6000,3625.4000,3625.2000,3625.0000,3627.8000,3628.0000,3628.8000,3629.0000,3629.2000,1,2,1,2,1,1,2,1,1,2
SF,IF2009,2020-04-22 09:31:37.800,3625.2000,19978,0,125081460.000,0,-,-,-,-,3626.2000,3626.0000,3625.6000,3625.4000,3625.2000,3627.6000,3627.8000,3628.0000,3628.8000,3629.0000,2,1,1,1,3,1,1,2,1,1
SF,IF2009,2020-04-22 09:31:38.300,3625.2000,19978,0,125081460.000,0,-,-,-,-,3626.0000,3625.6000,3625.4000,3625.2000,3625.0000,3627.4000,3628.0000,3628.8000,3629.0000,3629.2000,1,1,1,3,1,5,2,1,1,2
SF,IF2009,2020-04-22 09:31:38.800,3627.2000,19977,-1,126169620.000,1,0,1,双平,S,3625.6000,3625.4000,3625.2000,3625.0000,3624.0000,3627.2000,3627.4000,3628.0000,3628.8000,3629.0000,1,1,3,1,2,3,2,2,1,1
SF,IF2009,2020-04-22 09:31:39.300,3625.8000,19976,-1,127257360.000,1,0,1,双平,S,3625.8000,3625.6000,3625.4000,3625.2000,3625.0000,3627.0000,3628.0000,3628.8000,3629.0000,3629.2000,2,1,1,3,1,4,2,1,1,2
SF,IF2009,2020-04-22 09:31:39.800,3625.8000,19976,0,127257360.000,0,-,-,-,-,3625.8000,3625.4000,3625.2000,3625.0000,3624.0000,3626.8000,3627.0000,3628.0000,3628.8000,3629.0000,1,1,2,1,2,3,1,2,1,1
SF,IF2009,2020-04-22 09:31:40.300,3625.8000,19975,-1,128345100.000,1,0,1,双平,S,3625.4000,3625.2000,3625.0000,3624.0000,3623.4000,3626.6000,3626.8000,3627.0000,3628.0000,3628.8000,1,2,1,2,1,1,3,1,2,1
SF,IF2009,2020-04-22 09:31:40.800,3625.8000,19975,0,128345100.000,0,-,-,-,-,3625.2000,3625.0000,3624.0000,3623.4000,3623.2000,3626.4000,3628.0000,3628.8000,3629.0000,3629.2000,2,1,2,1,2,5,2,1,1,2
SF,IF2009,2020-04-22 09:31:41.300,3625.8000,19975,0,128345100.000,0,-,-,-,-,3625.4000,3625.2000,3625.0000,3624.0000,3623.4000,3626.4000,3628.0000,3628.8000,3629.0000,3629.2000,1,2,1,2,1,4,2,1,1,2
SF,IF2009,2020-04-22 09:31:42.300,3625.4000,19974,-1,129432720.000,1,0,1,双平,S,3625.2000,3625.0000,3624.0000,3623.4000,3623.2000,3626.2000,3626.4000,3628.0000,3628.8000,3629.0000,2,1,2,1,2,3,1,2,1,1
SF,IF2009,2020-04-22 09:31:42.800,3626.0000,19971,-3,132695640.000,3,0,3,双平,S,3625.0000,3624.0000,3623.4000,3623.2000,3623.0000,3626.0000,3628.0000,3628.8000,3629.0000,3629.2000,1,2,1,2,2,4,2,1,1,2
SF,IF2009,2020-04-22 09:31:43.300,3626.0000,19971,0,132695640.000,0,-,-,-,-,3625.0000,3624.0000,3623.2000,3623.0000,3622.0000,3626.0000,3628.0000,3628.8000,3629.0000,3629.2000,1,2,2,2,1,4,2,1,1,2
SF,IF2009,2020-04-22 09:31:43.800,3625.0000,19971,0,133783140.000,1,0,1,多换,S,3624.0000,3623.2000,3623.0000,3622.0000,3621.0000,3625.8000,3626.0000,3628.0000,3628.8000,3629.0000,2,2,2,1,2,2,2,2,1,1
SF,IF2009,2020-04-22 09:31:44.300,3625.0000,19971,0,133783140.000,0,-,-,-,-,3624.2000,3624.0000,3623.2000,3623.0000,3622.0000,3625.6000,3625.8000,3626.0000,3628.0000,3628.8000,1,2,2,2,1,1,2,1,2,1
SF,IF2009,2020-04-22 09:31:44.800,3625.4000,19971,0,134870760.000,1,0,1,多换,S,3624.2000,3624.0000,3623.2000,3623.0000,3622.0000,3625.8000,3626.0000,3628.0000,3628.8000,3629.0000,1,2,2,2,1,2,1,2,1,1
SF,IF2009,2020-04-22 09:31:45.300,3625.4000,19971,0,134870760.000,0,-,-,-,-,3624.2000,3624.0000,3623.2000,3623.0000,3622.0000,3625.6000,3626.0000,3628.0000,3628.8000,3629.0000,1,2,2,2,1,3,1,2,1,1
SF,IF2009,2020-04-22 09:31:45.800,3625.4000,19971,0,134870760.000,0,-,-,-,-,3624.2000,3624.0000,3623.2000,3623.0000,3622.2000,3625.6000,3626.0000,3628.0000,3628.8000,3629.0000,1,2,2,2,1,3,1,2,1,1
SF,IF2009,2020-04-22 09:31:46.800,3625.4000,19971,0,134870760.000,0,-,-,-,-,3624.2000,3624.0000,3623.2000,3623.0000,3622.2000,3625.4000,3625.6000,3626.0000,3628.0000,3628.8000,1,2,2,2,1,2,1,1,2,1
SF,IF2009,2020-04-22 09:31:47.300,3625.4000,19971,0,134870760.000,0,-,-,-,-,3624.4000,3624.2000,3624.0000,3623.2000,3623.0000,3628.0000,3628.8000,3629.0000,3629.2000,3629.8000,1,1,2,2,2,2,1,1,2,2
SF,IF2009,2020-04-22 09:31:47.800,3625.4000,19971,0,134870760.000,0,-,-,-,-,3624.6000,3624.4000,3624.0000,3623.2000,3623.0000,3627.4000,3627.8000,3628.0000,3628.8000,3629.0000,1,1,2,2,2,1,4,2,1,1
SF,IF2009,2020-04-22 09:31:48.300,3625.4000,19971,0,134870760.000,0,-,-,-,-,3624.6000,3624.2000,3624.0000,3623.2000,3623.0000,3627.2000,3627.4000,3628.0000,3628.8000,3629.0000,1,1,2,2,2,3,1,2,1,1
SF,IF2009,2020-04-22 09:31:48.800,3625.4000,19971,0,134870760.000,0,-,-,-,-,3624.6000,3624.2000,3624.0000,3623.2000,3623.0000,3627.0000,3627.2000,3628.0000,3628.8000,3629.0000,2,1,2,2,2,2,1,2,1,1
SF,IF2009,2020-04-22 09:31:49.300,3625.4000,19971,0,134870760.000,0,-,-,-,-,3624.8000,3624.6000,3624.2000,3624.0000,3623.2000,3626.8000,3627.2000,3628.0000,3628.8000,3629.0000,1,2,1,2,2,3,1,2,1,1
SF,IF2009,2020-04-22 09:31:49.800,3625.4000,19971,0,134870760.000,0,-,-,-,-,3625.0000,3624.8000,3624.6000,3624.2000,3624.0000,3626.6000,3626.8000,3627.2000,3628.0000,3628.8000,2,1,1,1,2,3,1,1,2,1
SF,IF2009,2020-04-22 09:31:50.300,3625.0000,19970,-1,135958260.000,1,0,1,双平,S,3625.0000,3624.8000,3624.6000,3624.2000,3624.0000,3626.2000,3626.4000,3626.6000,3628.0000,3628.8000,2,1,1,1,2,1,3,1,2,1
SF,IF2009,2020-04-22 09:31:50.800,3625.0000,19969,-1,137045760.000,1,0,1,双平,S,3624.8000,3624.6000,3624.2000,3624.0000,3623.2000,3626.0000,3626.2000,3626.4000,3628.0000,3628.8000,1,1,1,2,2,3,1,1,2,1
SF,IF2009,2020-04-22 09:31:51.300,3626.0000,19968,-1,138133560.000,1,0,1,双平,S,3625.0000,3624.6000,3624.2000,3624.0000,3623.2000,3626.0000,3626.2000,3626.4000,3626.8000,3628.0000,1,1,1,2,2,2,1,1,1,2
SF,IF2009,2020-04-22 09:31:51.800,3626.2000,19967,-1,139221420.000,1,0,1,双平,S,3625.0000,3624.6000,3624.2000,3624.0000,3623.2000,3626.4000,3626.8000,3628.0000,3628.8000,3629.0000,1,1,2,2,2,1,1,2,1,1
SF,IF2009,2020-04-22 09:31:52.300,3626.2000,19967,0,139221420.000,0,-,-,-,-,3625.0000,3624.6000,3624.2000,3624.0000,3623.2000,3626.2000,3626.4000,3626.8000,3628.0000,3628.8000,1,1,2,3,2,2,1,1,2,1
SF,IF2009,2020-04-22 09:31:52.800,3626.2000,19967,0,139221420.000,0,-,-,-,-,3625.0000,3624.6000,3624.2000,3624.0000,3623.2000,3626.2000,3626.4000,3626.8000,3628.0000,3628.8000,1,1,2,3,2,2,1,1,2,1
SF,IF2009,2020-04-22 09:31:53.300,3626.2000,19967,0,139221420.000,0,-,-,-,-,3624.2000,3624.0000,3623.2000,3623.0000,3622.2000,3626.0000,3626.2000,3626.8000,3628.0000,3628.8000,2,3,2,2,1,2,1,1,2,1
SF,IF2009,2020-04-22 09:31:53.800,3626.2000,19967,0,139221420.000,0,-,-,-,-,3624.4000,3624.2000,3624.0000,3623.2000,3623.0000,3625.8000,3626.0000,3628.0000,3628.8000,3629.0000,2,2,3,2,2,1,2,2,1,1
SF,IF2009,2020-04-22 09:31:54.300,3626.2000,19967,0,139221420.000,0,-,-,-,-,3624.4000,3624.2000,3624.0000,3623.2000,3623.0000,3626.0000,3628.0000,3628.8000,3629.0000,3629.2000,2,2,3,2,2,2,2,1,1,2
SF,IF2009,2020-04-22 09:31:54.800,3626.2000,19967,0,139221420.000,0,-,-,-,-,3624.4000,3624.2000,3624.0000,3623.2000,3623.0000,3625.8000,3626.0000,3628.0000,3628.8000,3629.0000,2,1,3,2,2,2,1,2,1,1
SF,IF2009,2020-04-22 09:31:55.300,3626.0000,19967,0,140309220.000,1,0,1,多换,S,3624.4000,3624.2000,3624.0000,3623.2000,3623.0000,3625.8000,3626.0000,3628.0000,3628.8000,3629.0000,2,1,3,2,2,1,1,2,1,1
SF,IF2009,2020-04-22 09:31:55.800,3626.0000,19967,0,140309220.000,0,-,-,-,-,3624.4000,3624.2000,3624.0000,3623.2000,3623.0000,3625.6000,3626.0000,3628.0000,3628.8000,3629.0000,2,1,3,2,2,1,1,2,1,1
SF,IF2009,2020-04-22 09:31:56.300,3626.0000,19967,0,140309220.000,0,-,-,-,-,3624.4000,3624.2000,3624.0000,3623.2000,3623.0000,3626.0000,3628.0000,3628.8000,3629.0000,3629.2000,2,1,3,2,2,1,2,1,1,2
SF,IF2009,2020-04-22 09:31:56.800,3626.0000,19967,0,140309220.000,0,-,-,-,-,3624.4000,3624.2000,3624.0000,3623.2000,3623.0000,3625.8000,3626.0000,3628.0000,3628.8000,3629.0000,2,1,3,2,2,1,1,2,1,1
SF,IF2009,2020-04-22 09:31:57.300,3626.0000,19967,0,140309220.000,0,-,-,-,-,3624.4000,3624.2000,3624.0000,3623.2000,3623.0000,3625.6000,3626.0000,3628.0000,3628.8000,3629.0000,2,1,3,2,2,1,1,2,1,1
SF,IF2009,2020-04-22 09:31:57.800,3626.0000,19967,0,140309220.000,0,-,-,-,-,3624.4000,3624.2000,3624.0000,3623.2000,3623.0000,3626.0000,3628.0000,3628.8000,3629.0000,3629.2000,1,1,3,2,2,1,2,1,1,2
SF,IF2009,2020-04-22 09:31:58.300,3626.0000,19967,0,140309220.000,0,-,-,-,-,3624.4000,3624.2000,3624.0000,3623.2000,3623.0000,3625.8000,3626.0000,3628.0000,3628.8000,3629.0000,1,1,3,2,2,1,1,2,1,1
SF,IF2009,2020-04-22 09:31:58.800,3626.0000,19967,0,140309220.000,0,-,-,-,-,3624.4000,3624.2000,3624.0000,3623.2000,3623.0000,3625.6000,3628.0000,3628.8000,3629.0000,3629.2000,1,1,3,2,2,2,2,1,1,2
SF,IF2009,2020-04-22 09:31:59.300,3626.0000,19967,0,140309220.000,0,-,-,-,-,3625.0000,3624.4000,3624.2000,3624.0000,3623.2000,3625.6000,3628.0000,3628.8000,3629.0000,3629.2000,1,1,1,3,2,2,2,1,1,2
SF,IF2009,2020-04-22 09:31:59.800,3626.0000,19967,0,140309220.000,0,-,-,-,-,3625.0000,3624.4000,3624.2000,3624.0000,3623.2000,3625.6000,3628.0000,3628.8000,3629.0000,3629.2000,1,1,1,3,2,1,2,1,1,2
SF,IF2009,2020-04-22 09:32:00.300,3625.0000,19966,-1,141396720.000,1,0,1,双平,S,3624.4000,3624.2000,3624.0000,3623.2000,3623.0000,3628.0000,3628.8000,3629.0000,3629.2000,3629.8000,1,1,3,2,2,2,1,1,2,2
SF,IF2009,2020-04-22 09:32:00.800,3625.0000,19966,0,141396720.000,0,-,-,-,-,3624.4000,3624.2000,3624.0000,3623.2000,3623.0000,3627.4000,3627.6000,3627.8000,3628.0000,3628.8000,1,1,3,2,2,1,1,3,2,1
SF,IF2009,2020-04-22 09:32:01.300,3625.0000,19966,0,141396720.000,0,-,-,-,-,3624.2000,3624.0000,3623.2000,3623.0000,3622.2000,3626.8000,3627.2000,3627.4000,3627.8000,3628.0000,1,3,2,2,1,1,1,1,2,2
SF,IF2009,2020-04-22 09:32:01.800,3624.2000,19965,-1,142483980.000,1,0,1,双平,S,3624.0000,3623.2000,3623.0000,3622.2000,3621.0000,3626.2000,3626.4000,3626.6000,3626.8000,3627.4000,3,2,2,1,2,1,1,1,1,1
SF,IF2009,2020-04-22 09:32:02.300,3624.2000,19965,0,142483980.000,0,-,-,-,-,3624.0000,3623.2000,3623.0000,3622.2000,3621.0000,3625.8000,3626.0000,3626.6000,3627.4000,3627.8000,3,2,2,1,2,1,2,1,1,2
SF,IF2009,2020-04-22 09:32:02.800,3624.2000,19965,0,142483980.000,0,-,-,-,-,3624.0000,3623.2000,3623.0000,3622.2000,3621.0000,3625.4000,3625.6000,3625.8000,3626.0000,3627.4000,3,2,2,1,2,2,2,2,3,1
SF,IF2009,2020-04-22 09:32:03.300,3624.2000,19965,0,142483980.000,0,-,-,-,-,3624.2000,3624.0000,3623.2000,3623.0000,3622.2000,3625.0000,3625.2000,3625.4000,3625.6000,3625.8000,1,3,2,2,1,1,1,2,1,1
SF,IF2009,2020-04-22 09:32:03.800,3624.2000,19965,0,142483980.000,0,-,-,-,-,3624.2000,3624.0000,3623.2000,3623.0000,3622.2000,3624.8000,3625.4000,3625.6000,3625.8000,3626.0000,1,3,2,2,1,1,2,1,1,3
SF,IF2009,2020-04-22 09:32:04.300,3624.2000,19965,0,142483980.000,0,-,-,-,-,3624.2000,3624.0000,3623.2000,3623.0000,3622.2000,3624.6000,3625.6000,3625.8000,3626.0000,3627.8000,1,3,2,2,1,1,1,1,2,2
SF,IF2009,2020-04-22 09:32:04.800,3624.2000,19965,0,143571240.000,1,0,1,多换,S,3624.0000,3623.2000,3623.0000,3622.2000,3621.0000,3624.4000,3625.6000,3625.8000,3626.0000,3627.8000,3,2,2,1,2,1,1,1,2,2
SF,IF2009,2020-04-22 09:32:05.300,3624.2000,19965,0,143571240.000,0,-,-,-,-,3624.0000,3623.2000,3623.0000,3622.2000,3621.0000,3625.6000,3625.8000,3626.0000,3627.8000,3628.0000,3,2,2,1,2,1,1,2,2,2
SF,IF2009,2020-04-22 09:32:05.800,3625.4000,19965,0,144658860.000,1,0,1,多换,S,3624.0000,3623.6000,3623.2000,3623.0000,3622.2000,3625.4000,3625.6000,3625.8000,3626.0000,3627.8000,3,1,2,2,1,2,1,1,2,2
SF,IF2009,2020-04-22 09:32:06.300,3625.4000,19965,0,144658860.000,0,-,-,-,-,3624.0000,3623.6000,3623.2000,3623.0000,3622.2000,3625.0000,3625.2000,3625.4000,3625.8000,3626.0000,3,1,2,2,1,1,1,1,1,2
SF,IF2009,2020-04-22 09:32:06.800,3625.4000,19965,0,144658860.000,0,-,-,-,-,3624.0000,3623.6000,3623.2000,3623.0000,3622.2000,3624.8000,3625.0000,3625.2000,3625.8000,3626.0000,3,1,2,2,1,1,1,1,1,2
SF,IF2009,2020-04-22 09:32:07.300,3625.4000,19965,0,144658860.000,0,-,-,-,-,3624.0000,3623.6000,3623.2000,3623.0000,3622.2000,3624.6000,3625.0000,3625.2000,3625.8000,3626.0000,3,1,2,2,1,1,1,1,1,2
SF,IF2009,2020-04-22 09:32:07.800,3624.4000,19963,-2,149007780.000,4,1,3,多平,S,3624.0000,3623.6000,3623.2000,3623.0000,3622.2000,3625.0000,3625.2000,3625.6000,3625.8000,3626.0000,1,1,2,2,1,1,2,1,1,1
SF,IF2009,2020-04-22 09:32:08.300,3624.0000,19962,-1,150094980.000,1,0,1,双平,S,3623.6000,3623.2000,3623.0000,3622.2000,3621.0000,3624.8000,3625.2000,3625.6000,3625.8000,3626.0000,1,2,2,1,2,3,1,1,1,1
SF,IF2009,2020-04-22 09:32:08.800,3624.0000,19962,0,150094980.000,0,-,-,-,-,3623.6000,3623.2000,3623.0000,3622.2000,3621.0000,3624.6000,3624.8000,3625.2000,3625.4000,3625.8000,1,2,2,1,2,1,2,1,1,1
SF,IF2009,2020-04-22 09:32:09.300,3624.0000,19962,0,150094980.000,0,-,-,-,-,3623.6000,3623.2000,3623.0000,3622.2000,3621.0000,3624.4000,3624.8000,3625.2000,3625.8000,3626.0000,1,2,2,1,2,3,1,1,1,1
SF,IF2009,2020-04-22 09:32:09.800,3624.2000,19961,-1,152269320.000,2,0,2,多平,S,3623.2000,3623.0000,3622.2000,3621.0000,3620.0000,3623.6000,3624.2000,3624.4000,3625.2000,3625.8000,2,2,1,2,2,3,1,2,2,1
SF,IF2009,2020-04-22 09:32:10.300,3624.2000,19961,0,152269320.000,0,-,-,-,-,3623.2000,3623.0000,3622.2000,3621.0000,3620.0000,3623.6000,3624.2000,3624.4000,3625.2000,3625.8000,2,2,1,2,2,3,1,1,2,1
SF,IF2009,2020-04-22 09:32:10.800,3624.2000,19960,-1,153356580.000,1,0,1,双平,S,3623.2000,3623.0000,3622.2000,3621.0000,3620.0000,3623.6000,3624.2000,3624.4000,3625.2000,3625.8000,2,3,1,2,2,2,2,1,2,1
SF,IF2009,2020-04-22 09:32:11.300,3624.2000,19960,0,153356580.000,0,-,-,-,-,3623.2000,3623.0000,3622.2000,3621.0000,3620.0000,3623.6000,3624.2000,3625.2000,3625.8000,3626.0000,2,3,1,2,2,2,2,2,1,1
SF,IF2009,2020-04-22 09:32:12.300,3624.2000,19960,0,153356580.000,0,-,-,-,-,3623.2000,3623.0000,3622.2000,3621.0000,3620.0000,3623.6000,3624.2000,3625.2000,3625.8000,3626.0000,2,3,1,2,2,2,2,2,1,1
SF,IF2009,2020-04-22 09:32:13.300,3623.6000,19958,-2,155530740.000,2,0,2,双平,S,3623.2000,3623.0000,3622.2000,3621.0000,3620.0000,3624.2000,3624.8000,3625.2000,3625.8000,3626.0000,2,3,1,2,2,2,1,1,1,1
SF,IF2009,2020-04-22 09:32:13.800,3623.6000,19958,0,155530740.000,0,-,-,-,-,3623.2000,3623.0000,3622.2000,3621.0000,3620.0000,3624.0000,3624.2000,3624.8000,3625.2000,3625.8000,2,3,1,2,2,1,2,1,1,1
SF,IF2009,2020-04-22 09:32:14.300,3623.6000,19958,0,155530740.000,0,-,-,-,-,3623.2000,3623.0000,3622.2000,3621.0000,3620.0000,3624.2000,3624.8000,3625.2000,3625.8000,3626.0000,2,3,1,2,2,2,1,1,1,1
SF,IF2009,2020-04-22 09:32:14.800,3623.6000,19958,0,155530740.000,0,-,-,-,-,3623.2000,3623.0000,3622.2000,3621.0000,3620.0000,3624.0000,3624.2000,3624.8000,3625.2000,3625.8000,2,3,1,2,2,1,1,1,1,1
SF,IF2009,2020-04-22 09:32:15.300,3623.6000,19958,0,155530740.000,0,-,-,-,-,3623.2000,3623.0000,3622.2000,3621.0000,3620.0000,3624.2000,3624.8000,3625.2000,3625.8000,3626.0000,2,3,1,2,2,1,1,1,1,1
SF,IF2009,2020-04-22 09:32:15.800,3623.6000,19958,0,155530740.000,0,-,-,-,-,3623.2000,3623.0000,3622.2000,3621.0000,3620.0000,3624.0000,3624.2000,3625.2000,3625.8000,3626.0000,2,3,1,2,2,1,1,1,1,1
SF,IF2009,2020-04-22 09:32:16.300,3623.6000,19958,0,155530740.000,0,-,-,-,-,3623.2000,3623.0000,3622.2000,3621.0000,3620.0000,3624.2000,3625.2000,3625.8000,3626.0000,3627.8000,2,3,1,2,2,1,1,1,1,1
SF,IF2009,2020-04-22 09:32:16.800,3623.6000,19958,0,155530740.000,0,-,-,-,-,3623.8000,3623.4000,3623.2000,3623.0000,3622.2000,3624.0000,3624.2000,3625.2000,3625.8000,3626.0000,1,1,2,3,1,1,1,1,1,1
SF,IF2009,2020-04-22 09:32:18.800,3624.0000,19957,-1,156617940.000,1,0,1,双平,S,3623.8000,3623.4000,3623.2000,3623.0000,3622.2000,3624.2000,3625.2000,3625.8000,3626.0000,3627.8000,1,1,2,3,1,1,1,1,1,1
SF,IF2009,2020-04-22 09:32:19.300,3623.8000,19956,-1,157705080.000,1,0,1,双平,S,3623.4000,3623.2000,3623.0000,3622.2000,3621.0000,3624.2000,3625.2000,3625.8000,3626.0000,3627.8000,1,2,3,1,2,1,1,1,1,1
SF,IF2009,2020-04-22 09:32:23.300,3623.2000,19954,-2,159879060.000,2,0,2,双平,S,3623.2000,3623.0000,3622.2000,3621.0000,3620.0000,3624.2000,3625.2000,3625.8000,3626.0000,3627.8000,1,3,1,2,2,1,1,1,1,1
SF,IF2009,2020-04-22 09:32:23.800,3623.2000,19954,0,159879060.000,0,-,-,-,-,3623.2000,3623.0000,3622.2000,3621.0000,3620.0000,3624.0000,3624.2000,3625.2000,3625.8000,3626.0000,1,3,1,2,2,1,1,1,1,1
SF,IF2009,2020-04-22 09:32:24.300,3623.2000,19954,0,159879060.000,0,-,-,-,-,3623.2000,3623.0000,3622.2000,3621.0000,3620.0000,3623.8000,3625.2000,3626.0000,3627.8000,3628.0000,1,3,1,2,2,1,1,1,1,2
SF,IF2009,2020-04-22 09:32:24.800,3623.2000,19953,-1,160966020.000,1,0,1,双平,S,3623.0000,3622.2000,3621.0000,3620.0000,3619.4000,3623.8000,3624.0000,3625.2000,3626.0000,3627.8000,3,1,2,2,1,1,2,1,1,1
SF,IF2009,2020-04-22 09:32:25.300,3623.2000,19953,0,160966020.000,0,-,-,-,-,3623.0000,3622.2000,3621.0000,3620.0000,3619.4000,3623.8000,3624.0000,3626.0000,3628.0000,3628.8000,3,1,2,2,1,1,1,1,2,1
SF,IF2009,2020-04-22 09:32:25.800,3623.2000,19953,0,160966020.000,0,-,-,-,-,3623.0000,3622.2000,3621.0000,3620.0000,3619.4000,3623.8000,3624.0000,3626.0000,3628.0000,3628.8000,3,1,2,2,1,2,1,1,2,1
SF,IF2009,2020-04-22 09:32:26.800,3623.2000,19953,0,160966020.000,0,-,-,-,-,3623.0000,3622.2000,3621.0000,3620.0000,3619.4000,3623.8000,3624.0000,3626.0000,3626.6000,3628.0000,3,1,2,2,1,2,1,1,1,2
SF,IF2009,2020-04-22 09:32:27.800,3623.8000,19954,1,164227380.000,3,2,1,空开,S,3623.8000,3623.0000,3622.2000,3621.0000,3620.0000,3626.0000,3626.6000,3628.0000,3628.8000,3629.0000,7,3,1,2,2,1,1,2,1,1
SF,IF2009,2020-04-22 09:32:28.300,3623.8000,19955,1,169663080.000,5,3,2,空开,S,3623.8000,3623.0000,3622.2000,3621.0000,3620.0000,3624.0000,3624.4000,3624.8000,3625.0000,3625.6000,2,3,1,2,2,1,1,1,1,9
SF,IF2009,2020-04-22 09:32:28.800,3623.8000,19955,0,171837360.000,2,1,1,多换,S,3623.0000,3622.2000,3621.0000,3620.0000,3619.4000,3624.0000,3624.4000,3624.8000,3625.0000,3625.6000,3,1,2,2,1,1,4,1,1,9
SF,IF2009,2020-04-22 09:32:29.300,3623.8000,19955,0,171837360.000,0,-,-,-,-,3623.0000,3622.2000,3621.0000,3620.0000,3619.4000,3623.6000,3624.0000,3624.4000,3624.8000,3625.0000,3,1,2,2,1,1,1,3,1,1
SF,IF2009,2020-04-22 09:32:29.800,3623.8000,19955,0,171837360.000,0,-,-,-,-,3623.2000,3623.0000,3622.2000,3621.0000,3620.0000,3624.0000,3624.8000,3625.6000,3625.8000,3626.0000,1,3,1,2,2,2,1,9,2,1
SF,IF2009,2020-04-22 09:32:30.300,3623.2000,19954,-1,172924320.000,1,0,1,双平,S,3623.0000,3622.2000,3621.0000,3620.0000,3619.4000,3624.8000,3625.6000,3625.8000,3626.0000,3626.6000,3,1,2,2,1,1,9,2,1,1
SF,IF2009,2020-04-22 09:32:30.800,3623.2000,19954,0,172924320.000,0,-,-,-,-,3623.0000,3622.2000,3621.0000,3620.0000,3619.4000,3624.2000,3624.6000,3624.8000,3625.0000,3625.6000,3,1,2,2,1,1,1,1,1,9
SF,IF2009,2020-04-22 09:32:31.300,3623.2000,19954,0,172924320.000,0,-,-,-,-,3623.0000,3622.2000,3621.0000,3620.0000,3619.4000,3624.0000,3624.2000,3624.4000,3624.8000,3625.0000,3,1,2,2,1,1,1,2,1,1
SF,IF2009,2020-04-22 09:32:31.800,3623.2000,19954,0,172924320.000,0,-,-,-,-,3623.0000,3622.2000,3621.0000,3620.0000,3619.4000,3624.2000,3624.4000,3624.8000,3625.0000,3625.6000,3,1,2,2,1,1,2,1,1,9
SF,IF2009,2020-04-22 09:32:32.300,3623.2000,19954,0,172924320.000,0,-,-,-,-,3623.0000,3622.2000,3621.0000,3620.0000,3619.4000,3624.0000,3624.2000,3624.4000,3624.8000,3625.0000,3,1,2,2,1,1,1,1,1,1
SF,IF2009,2020-04-22 09:32:32.800,3623.2000,19954,0,172924320.000,0,-,-,-,-,3623.0000,3622.2000,3621.0000,3620.0000,3619.4000,3623.8000,3624.0000,3624.2000,3624.8000,3625.0000,3,1,2,2,1,1,1,1,1,1
SF,IF2009,2020-04-22 09:32:33.300,3623.2000,19954,0,172924320.000,0,-,-,-,-,3623.0000,3622.2000,3621.0000,3620.0000,3619.4000,3624.0000,3624.2000,3624.8000,3625.6000,3625.8000,4,1,2,2,1,1,1,1,9,2
SF,IF2009,2020-04-22 09:32:33.800,3623.2000,19954,0,172924320.000,0,-,-,-,-,3623.2000,3623.0000,3622.2000,3621.0000,3620.0000,3624.2000,3624.8000,3625.6000,3625.8000,3626.0000,2,4,1,2,2,1,1,9,2,1
SF,IF2009,2020-04-22 09:32:34.300,3623.2000,19954,0,172924320.000,0,-,-,-,-,3623.4000,3623.0000,3622.2000,3621.0000,3620.0000,3624.2000,3624.8000,3625.6000,3625.8000,3626.0000,2,4,1,2,2,1,1,9,2,1
SF,IF2009,2020-04-22 09:32:34.800,3623.2000,19953,-1,174011280.000,1,0,1,双平,S,3623.0000,3622.2000,3621.0000,3620.0000,3619.4000,3624.2000,3624.8000,3625.6000,3625.8000,3626.0000,4,1,2,2,1,1,1,9,2,1
SF,IF2009,2020-04-22 09:32:35.300,3623.2000,19953,0,175098240.000,1,0,1,多换,S,3623.2000,3623.0000,3622.2000,3621.0000,3620.0000,3624.8000,3625.6000,3625.8000,3626.0000,3626.6000,1,4,1,2,2,1,9,2,1,1
SF,IF2009,2020-04-22 09:32:35.800,3623.2000,19953,0,175098240.000,0,-,-,-,-,3623.8000,3623.0000,3622.2000,3621.0000,3620.0000,3624.4000,3624.6000,3624.8000,3625.6000,3625.8000,2,4,1,2,2,3,2,1,2,2
SF,IF2009,2020-04-22 09:32:36.300,3623.2000,19953,0,175098240.000,0,-,-,-,-,3623.8000,3623.0000,3622.2000,3621.0000,3620.0000,3624.4000,3624.6000,3624.8000,3625.6000,3625.8000,2,4,1,2,2,3,1,1,2,2
SF,IF2009,2020-04-22 09:32:36.800,3623.2000,19953,0,175098240.000,0,-,-,-,-,3623.8000,3623.0000,3622.2000,3621.0000,3620.0000,3625.6000,3625.8000,3626.0000,3626.6000,3627.8000,2,4,1,2,2,2,2,1,1,2
SF,IF2009,2020-04-22 09:32:37.300,3623.2000,19953,0,175098240.000,0,-,-,-,-,3623.8000,3623.0000,3622.2000,3621.0000,3620.0000,3625.4000,3625.6000,3625.8000,3626.0000,3626.6000,2,4,1,2,2,2,2,2,1,1
SF,IF2009,2020-04-22 09:32:37.800,3623.2000,19953,0,175098240.000,0,-,-,-,-,3624.0000,3623.8000,3623.0000,3622.2000,3621.0000,3625.2000,3625.4000,3625.6000,3625.8000,3626.6000,2,2,4,1,2,1,2,2,2,1
SF,IF2009,2020-04-22 09:32:38.300,3623.2000,19953,0,175098240.000,0,-,-,-,-,3624.0000,3623.8000,3623.0000,3622.2000,3621.0000,3625.2000,3625.4000,3625.8000,3626.6000,3627.8000,1,2,4,1,2,1,1,2,1,2
SF,IF2009,2020-04-22 09:32:38.800,3623.2000,19953,0,175098240.000,0,-,-,-,-,3623.8000,3623.0000,3622.2000,3621.0000,3620.0000,3625.2000,3625.4000,3625.8000,3626.6000,3627.8000,2,4,1,2,2,1,1,2,1,2
SF,IF2009,2020-04-22 09:32:39.300,3623.2000,19953,0,175098240.000,0,-,-,-,-,3623.8000,3623.0000,3622.2000,3621.0000,3620.0000,3625.0000,3625.2000,3625.4000,3625.8000,3626.6000,2,4,1,2,2,1,1,1,2,1
SF,IF2009,2020-04-22 09:32:39.800,3623.2000,19953,0,175098240.000,0,-,-,-,-,3624.0000,3623.8000,3623.0000,3622.2000,3621.0000,3624.8000,3625.2000,3625.4000,3625.8000,3626.6000,1,2,4,1,2,3,1,1,2,1
SF,IF2009,2020-04-22 09:32:40.300,3624.8000,19950,-3,178360560.000,3,0,3,双平,S,3623.8000,3623.0000,3622.2000,3621.0000,3620.0000,3624.0000,3625.4000,3625.8000,3626.6000,3627.8000,2,4,1,2,2,1,1,2,1,2
SF,IF2009,2020-04-22 09:32:40.800,3624.0000,19949,-1,179447760.000,1,0,1,双平,S,3624.2000,3624.0000,3623.8000,3623.0000,3622.2000,3625.8000,3626.6000,3627.8000,3628.0000,3628.8000,3,3,2,4,1,2,1,2,2,1
SF,IF2009,2020-04-22 09:32:41.300,3624.0000,19949,0,179447760.000,0,-,-,-,-,3624.0000,3623.8000,3623.2000,3623.0000,3622.2000,3625.6000,3625.8000,3626.6000,3627.8000,3628.0000,2,2,1,4,1,3,1,1,2,2
SF,IF2009,2020-04-22 09:32:41.800,3624.0000,19949,0,181622160.000,2,1,1,多换,S,3624.0000,3623.8000,3623.0000,3622.2000,3621.0000,3625.6000,3625.8000,3626.6000,3627.8000,3628.0000,1,2,4,1,2,2,1,1,2,2
SF,IF2009,2020-04-22 09:32:42.300,3624.0000,19949,0,181622160.000,0,-,-,-,-,3623.8000,3623.0000,3622.2000,3621.0000,3620.0000,3625.4000,3625.6000,3625.8000,3626.6000,3627.8000,2,4,1,2,2,2,2,1,1,2
SF,IF2009,2020-04-22 09:32:42.800,3624.0000,19949,0,181622160.000,0,-,-,-,-,3623.8000,3623.0000,3622.2000,3621.0000,3620.0000,3625.2000,3625.4000,3625.8000,3626.6000,3627.8000,2,4,1,2,2,2,1,1,1,2
SF,IF2009,2020-04-22 09:32:43.800,3624.0000,19949,0,181622160.000,0,-,-,-,-,3624.0000,3623.8000,3623.0000,3622.2000,3621.0000,3624.8000,3625.2000,3625.4000,3625.8000,3626.6000,1,2,4,1,2,1,1,1,1,1
SF,IF2009,2020-04-22 09:32:44.300,3624.0000,19949,0,181622160.000,0,-,-,-,-,3623.8000,3623.0000,3622.2000,3621.0000,3620.0000,3625.0000,3625.2000,3625.4000,3625.8000,3626.6000,2,6,1,2,2,1,2,1,1,1
SF,IF2009,2020-04-22 09:32:44.800,3624.0000,19949,0,181622160.000,0,-,-,-,-,3624.0000,3623.8000,3623.0000,3622.2000,3621.0000,3625.0000,3625.2000,3626.6000,3627.8000,3628.0000,2,2,6,1,2,1,1,1,2,2
SF,IF2009,2020-04-22 09:32:45.300,3625.0000,19948,-1,182709660.000,1,0,1,双平,S,3624.2000,3624.0000,3623.8000,3623.0000,3622.2000,3625.2000,3626.6000,3627.8000,3628.0000,3628.8000,1,1,2,6,1,1,1,2,2,1
SF,IF2009,2020-04-22 09:32:45.800,3625.0000,19948,0,182709660.000,0,-,-,-,-,3623.8000,3623.6000,3623.0000,3622.2000,3621.0000,3625.2000,3626.6000,3627.8000,3628.0000,3628.8000,2,1,5,1,2,1,1,2,2,1
SF,IF2009,2020-04-22 09:32:46.300,3625.0000,19948,0,182709660.000,0,-,-,-,-,3624.2000,3624.0000,3623.8000,3623.6000,3623.0000,3625.2000,3626.6000,3627.8000,3628.0000,3628.8000,1,1,2,1,5,1,1,2,2,1
SF,IF2009,2020-04-22 09:32:46.800,3625.0000,19948,0,182709660.000,0,-,-,-,-,3624.2000,3623.8000,3623.6000,3623.0000,3622.2000,3625.2000,3626.6000,3627.8000,3628.0000,3628.8000,1,2,1,5,1,1,1,2,2,1
SF,IF2009,2020-04-22 09:32:47.300,3625.0000,19948,0,182709660.000,0,-,-,-,-,3624.2000,3623.8000,3623.6000,3623.0000,3622.2000,3625.0000,3625.2000,3626.6000,3627.8000,3628.0000,1,2,1,5,1,2,2,1,2,2
SF,IF2009,2020-04-22 09:32:47.800,3624.2000,19947,-1,183796920.000,1,0,1,双平,S,3623.8000,3623.6000,3623.0000,3622.2000,3621.0000,3625.0000,3625.2000,3626.6000,3627.8000,3628.0000,2,1,5,1,2,1,2,1,2,2
SF,IF2009,2020-04-22 09:32:48.300,3624.2000,19947,0,183796920.000,0,-,-,-,-,3623.8000,3623.0000,3622.2000,3621.0000,3620.0000,3624.8000,3625.0000,3625.2000,3626.6000,3627.8000,2,5,1,2,2,1,1,2,1,2
SF,IF2009,2020-04-22 09:32:49.300,3624.2000,19947,0,183796920.000,0,-,-,-,-,3623.8000,3623.0000,3622.2000,3621.0000,3620.0000,3624.6000,3625.0000,3625.2000,3626.6000,3627.8000,2,5,1,2,2,1,1,2,1,2
SF,IF2009,2020-04-22 09:32:49.800,3624.2000,19947,0,183796920.000,0,-,-,-,-,3623.8000,3623.0000,3622.2000,3621.0000,3620.0000,3625.0000,3625.2000,3626.6000,3627.8000,3628.0000,2,5,1,2,2,1,2,1,2,2
SF,IF2009,2020-04-22 09:32:50.300,3624.2000,19947,0,183796920.000,0,-,-,-,-,3623.8000,3623.0000,3622.2000,3621.0000,3620.0000,3624.8000,3625.0000,3625.2000,3626.6000,3627.8000,2,5,1,2,2,3,1,2,1,2
SF,IF2009,2020-04-22 09:32:50.800,3623.8000,19946,-1,185971200.000,2,0,2,多平,S,3623.0000,3622.2000,3621.0000,3620.0000,3619.4000,3624.6000,3624.8000,3625.2000,3626.6000,3627.8000,5,1,2,2,1,2,1,2,1,2
SF,IF2009,2020-04-22 09:32:51.300,3623.8000,19946,0,185971200.000,0,-,-,-,-,3623.2000,3623.0000,3622.2000,3621.0000,3620.0000,3624.4000,3624.6000,3624.8000,3625.2000,3626.6000,1,5,1,2,2,1,2,1,2,1
SF,IF2009,2020-04-22 09:32:51.800,3623.8000,19946,0,185971200.000,0,-,-,-,-,3623.0000,3622.2000,3621.0000,3620.0000,3619.4000,3624.4000,3624.6000,3625.2000,3626.6000,3627.8000,5,1,2,2,1,1,2,2,1,2
SF,IF2009,2020-04-22 09:32:52.300,3623.8000,19946,0,185971200.000,0,-,-,-,-,3623.2000,3623.0000,3622.2000,3621.0000,3620.0000,3624.2000,3624.4000,3624.6000,3625.2000,3626.6000,1,5,1,2,2,1,1,1,2,1
SF,IF2009,2020-04-22 09:32:52.800,3623.8000,19946,0,185971200.000,0,-,-,-,-,3623.0000,3622.2000,3621.0000,3620.0000,3619.4000,3624.2000,3624.4000,3624.6000,3625.2000,3626.6000,5,1,2,2,1,1,1,1,2,1
SF,IF2009,2020-04-22 09:32:53.300,3623.8000,19946,0,185971200.000,0,-,-,-,-,3623.2000,3623.0000,3622.2000,3621.0000,3620.0000,3624.2000,3624.6000,3625.2000,3626.6000,3627.8000,1,5,1,2,2,1,1,2,1,2
SF,IF2009,2020-04-22 09:32:53.800,3623.8000,19946,0,185971200.000,0,-,-,-,-,3623.0000,3622.2000,3621.0000,3620.0000,3619.4000,3624.2000,3624.6000,3625.2000,3626.6000,3627.8000,5,1,2,2,1,1,1,2,1,2
SF,IF2009,2020-04-22 09:32:54.300,3623.8000,19946,0,185971200.000,0,-,-,-,-,3623.2000,3623.0000,3622.2000,3621.0000,3620.0000,3624.2000,3624.6000,3625.2000,3626.6000,3627.8000,2,5,1,2,2,1,1,2,1,2
SF,IF2009,2020-04-22 09:32:54.800,3623.8000,19946,0,185971200.000,0,-,-,-,-,3623.2000,3623.0000,3622.2000,3621.0000,3620.0000,3624.6000,3625.2000,3626.6000,3627.8000,3628.0000,2,5,1,2,2,1,2,1,2,1
SF,IF2009,2020-04-22 09:32:55.300,3623.8000,19946,0,185971200.000,0,-,-,-,-,3623.2000,3623.0000,3622.2000,3621.0000,3620.0000,3624.6000,3624.8000,3625.2000,3626.6000,3627.8000,2,5,1,2,2,1,1,2,1,2
SF,IF2009,2020-04-22 09:32:55.800,3623.8000,19946,0,185971200.000,0,-,-,-,-,3623.6000,3623.2000,3623.0000,3622.2000,3621.0000,3625.2000,3626.6000,3627.8000,3628.0000,3628.8000,1,1,5,1,2,2,1,2,1,1
SF,IF2009,2020-04-22 09:32:56.300,3623.8000,19946,0,185971200.000,0,-,-,-,-,3623.8000,3623.0000,3622.2000,3621.0000,3620.0000,3625.0000,3625.2000,3626.6000,3627.8000,3628.0000,1,5,1,2,2,3,1,1,2,1
SF,IF2009,2020-04-22 09:32:56.800,3623.8000,19946,0,185971200.000,0,-,-,-,-,3623.8000,3623.0000,3622.2000,3621.0000,3620.0000,3625.2000,3626.6000,3627.8000,3628.0000,3628.8000,1,5,1,2,2,1,1,2,1,1
SF,IF2009,2020-04-22 09:32:57.300,3623.8000,19946,0,185971200.000,0,-,-,-,-,3624.2000,3624.0000,3623.0000,3622.2000,3621.0000,3625.2000,3626.6000,3627.8000,3628.0000,3628.8000,1,1,5,1,2,1,1,2,1,1
SF,IF2009,2020-04-22 09:32:57.800,3623.8000,19946,0,185971200.000,0,-,-,-,-,3624.2000,3623.0000,3622.2000,3621.0000,3620.0000,3625.2000,3626.6000,3627.8000,3628.0000,3628.8000,1,5,1,2,2,1,1,2,1,1
SF,IF2009,2020-04-22 09:32:59.300,3623.8000,19946,0,185971200.000,0,-,-,-,-,3623.0000,3622.2000,3621.0000,3620.0000,3619.4000,3624.2000,3625.2000,3626.6000,3627.8000,3628.0000,5,1,2,2,1,1,1,1,2,1
SF,IF2009,2020-04-22 09:32:59.800,3624.2000,19946,0,187058460.000,1,0,1,多换,S,3624.2000,3623.4000,3623.2000,3623.0000,3622.2000,3625.2000,3626.6000,3627.8000,3628.0000,3628.8000,1,1,2,5,1,1,1,2,1,1
SF,IF2009,2020-04-22 09:33:00.300,3624.2000,19946,0,187058460.000,0,-,-,-,-,3623.4000,3623.0000,3622.2000,3621.0000,3620.0000,3625.2000,3626.6000,3627.8000,3628.0000,3628.8000,1,5,1,2,2,1,1,2,1,1
SF,IF2009,2020-04-22 09:33:00.800,3625.2000,19944,-2,189233580.000,2,0,2,双平,S,3623.8000,3623.6000,3623.4000,3623.0000,3622.2000,3626.6000,3627.8000,3628.0000,3628.8000,3629.0000,1,1,1,5,1,1,2,1,1,1
SF,IF2009,2020-04-22 09:33:01.300,3625.2000,19944,0,189233580.000,0,-,-,-,-,3624.2000,3623.0000,3622.8000,3622.2000,3621.0000,3626.4000,3626.6000,3627.8000,3628.0000,3628.8000,1,5,1,1,2,2,1,2,1,1
SF,IF2009,2020-04-22 09:33:01.800,3625.2000,19944,0,189233580.000,0,-,-,-,-,3624.2000,3624.0000,3623.0000,3622.8000,3622.2000,3626.4000,3626.6000,3627.8000,3628.0000,3628.8000,1,1,5,1,1,1,1,2,1,1
SF,IF2009,2020-04-22 09:33:02.300,3625.2000,19944,0,189233580.000,0,-,-,-,-,3624.6000,3623.0000,3622.8000,3622.2000,3621.0000,3626.4000,3626.6000,3627.8000,3628.0000,3628.8000,1,5,1,1,2,1,1,2,1,1
SF,IF2009,2020-04-22 09:33:02.800,3625.2000,19944,0,189233580.000,0,-,-,-,-,3625.2000,3625.0000,3624.8000,3623.0000,3622.8000,3626.4000,3626.6000,3628.0000,3628.8000,3629.0000,1,1,1,5,1,1,1,1,1,1
SF,IF2009,2020-04-22 09:33:03.300,3625.2000,19944,0,189233580.000,0,-,-,-,-,3625.4000,3625.2000,3624.6000,3623.0000,3622.8000,3626.4000,3626.6000,3628.0000,3628.8000,3629.0000,1,1,1,5,1,1,1,1,1,1
SF,IF2009,2020-04-22 09:33:03.800,3625.2000,19944,0,189233580.000,0,-,-,-,-,3625.6000,3625.2000,3624.6000,3623.0000,3622.8000,3626.6000,3628.0000,3628.8000,3629.0000,3629.2000,1,1,1,5,1,1,1,1,1,2
SF,IF2009,2020-04-22 09:33:04.300,3625.2000,19944,0,189233580.000,0,-,-,-,-,3625.6000,3625.2000,3624.6000,3623.0000,3622.8000,3626.4000,3626.6000,3628.0000,3628.8000,3629.0000,1,1,1,5,1,1,1,1,1,1
SF,IF2009,2020-04-22 09:33:04.800,3625.2000,19944,0,189233580.000,0,-,-,-,-,3625.2000,3624.6000,3623.0000,3622.8000,3621.0000,3626.4000,3626.6000,3628.0000,3628.8000,3629.0000,1,1,5,1,2,1,1,1,1,1
SF,IF2009,2020-04-22 09:33:05.300,3625.2000,19944,0,189233580.000,0,-,-,-,-,3625.4000,3625.2000,3624.6000,3623.0000,3622.8000,3626.4000,3626.6000,3628.0000,3628.8000,3629.0000,1,1,1,5,1,1,1,1,1,1
SF,IF2009,2020-04-22 09:33:05.800,3625.2000,19944,0,189233580.000,0,-,-,-,-,3625.4000,3625.2000,3624.6000,3623.0000,3622.8000,3626.6000,3628.0000,3628.8000,3629.0000,3629.2000,1,1,1,5,1,1,1,1,1,2
SF,IF2009,2020-04-22 09:33:06.300,3625.2000,19944,0,189233580.000,0,-,-,-,-,3625.2000,3624.6000,3623.0000,3622.8000,3621.0000,3626.6000,3628.0000,3628.6000,3628.8000,3629.0000,1,1,5,1,2,1,1,2,1,1
SF,IF2009,2020-04-22 09:33:06.800,3625.2000,19944,0,189233580.000,0,-,-,-,-,3625.4000,3625.2000,3624.6000,3623.0000,3622.8000,3626.6000,3628.0000,3628.6000,3628.8000,3629.0000,1,1,1,5,1,1,1,2,1,1
SF,IF2009,2020-04-22 09:33:07.300,3625.2000,19944,0,189233580.000,0,-,-,-,-,3625.6000,3625.2000,3624.6000,3623.0000,3622.8000,3626.6000,3628.0000,3628.6000,3628.8000,3629.0000,1,1,1,5,1,1,1,2,1,1
SF,IF2009,2020-04-22 09:33:07.800,3625.2000,19944,0,189233580.000,0,-,-,-,-,3625.2000,3624.6000,3623.0000,3622.8000,3621.0000,3626.6000,3628.0000,3628.6000,3628.8000,3629.0000,1,1,5,1,2,1,1,2,1,1
SF,IF2009,2020-04-22 09:33:08.300,3625.2000,19944,0,189233580.000,0,-,-,-,-,3625.2000,3624.6000,3623.0000,3622.8000,3621.0000,3626.6000,3628.0000,3628.6000,3628.8000,3629.0000,1,1,5,1,2,1,1,2,1,1
SF,IF2009,2020-04-22 09:33:09.300,3625.2000,19944,0,189233580.000,0,-,-,-,-,3625.6000,3625.2000,3624.6000,3623.0000,3622.8000,3626.6000,3628.0000,3628.6000,3628.8000,3629.0000,1,1,1,5,1,1,1,2,1,1
SF,IF2009,2020-04-22 09:33:12.300,3625.2000,19944,0,189233580.000,0,-,-,-,-,3625.8000,3625.2000,3624.6000,3623.0000,3622.8000,3626.6000,3628.0000,3628.6000,3628.8000,3629.0000,1,1,1,5,1,2,1,2,1,1
SF,IF2009,2020-04-22 09:33:12.800,3625.2000,19944,0,189233580.000,0,-,-,-,-,3625.2000,3624.6000,3623.0000,3622.8000,3621.0000,3626.6000,3628.0000,3628.6000,3628.8000,3629.0000,1,1,5,1,2,2,1,2,1,1
SF,IF2009,2020-04-22 09:33:13.300,3625.2000,19944,0,189233580.000,0,-,-,-,-,3625.2000,3624.6000,3623.0000,3622.8000,3621.0000,3626.4000,3626.6000,3628.0000,3628.6000,3628.8000,1,1,5,1,2,1,2,1,2,1
SF,IF2009,2020-04-22 09:33:13.800,3625.2000,19944,0,189233580.000,0,-,-,-,-,3625.4000,3625.2000,3624.6000,3623.0000,3622.8000,3626.6000,3628.0000,3628.6000,3628.8000,3629.0000,1,1,1,4,1,2,1,2,1,1
SF,IF2009,2020-04-22 09:33:14.300,3625.2000,19944,0,189233580.000,0,-,-,-,-,3625.6000,3625.2000,3624.6000,3623.0000,3622.8000,3626.6000,3628.0000,3628.6000,3628.8000,3629.0000,1,1,1,4,1,2,1,2,1,1
SF,IF2009,2020-04-22 09:33:14.800,3626.6000,19944,0,190321560.000,1,0,1,多换,S,3625.6000,3625.2000,3624.6000,3623.0000,3622.8000,3626.6000,3628.0000,3628.6000,3628.8000,3629.0000,1,1,1,4,1,1,1,2,1,1
SF,IF2009,2020-04-22 09:33:15.300,3626.6000,19944,0,190321560.000,0,-,-,-,-,3625.8000,3625.2000,3624.6000,3623.0000,3622.8000,3626.6000,3628.0000,3628.6000,3628.8000,3629.0000,1,1,1,4,1,1,1,2,1,1
SF,IF2009,2020-04-22 09:33:15.800,3626.6000,19943,-1,191409540.000,1,0,1,双平,S,3625.2000,3624.6000,3623.0000,3622.8000,3621.0000,3628.0000,3628.6000,3628.8000,3629.0000,3629.2000,1,1,4,1,2,1,2,1,1,2
SF,IF2009,2020-04-22 09:33:16.300,3626.6000,19943,0,191409540.000,0,-,-,-,-,3625.6000,3625.2000,3623.0000,3622.8000,3621.0000,3627.8000,3628.0000,3628.6000,3628.8000,3629.0000,1,1,4,1,2,2,1,2,1,1
SF,IF2009,2020-04-22 09:33:16.800,3626.6000,19943,0,191409540.000,0,-,-,-,-,3625.8000,3625.6000,3625.2000,3623.0000,3622.8000,3627.8000,3628.0000,3628.6000,3628.8000,3629.0000,1,1,1,4,1,3,1,2,1,1
SF,IF2009,2020-04-22 09:33:17.300,3626.6000,19943,0,191409540.000,0,-,-,-,-,3625.2000,3623.0000,3622.8000,3621.0000,3620.0000,3627.6000,3627.8000,3628.0000,3628.6000,3628.8000,1,4,1,2,2,2,3,1,2,1
SF,IF2009,2020-04-22 09:33:17.800,3626.6000,19943,0,191409540.000,0,-,-,-,-,3625.6000,3625.2000,3623.0000,3622.8000,3621.0000,3627.4000,3628.0000,3628.6000,3628.8000,3629.0000,2,1,4,1,2,2,1,2,1,1
SF,IF2009,2020-04-22 09:33:18.300,3626.6000,19943,0,191409540.000,0,-,-,-,-,3626.0000,3625.8000,3625.6000,3625.2000,3623.0000,3627.2000,3627.4000,3628.0000,3628.6000,3628.8000,1,1,1,1,4,1,2,1,2,1
SF,IF2009,2020-04-22 09:33:18.800,3626.6000,19943,0,191409540.000,0,-,-,-,-,3626.2000,3625.6000,3625.2000,3623.0000,3622.8000,3627.4000,3628.6000,3628.8000,3629.0000,3629.2000,1,1,1,4,1,1,2,1,1,2
SF,IF2009,2020-04-22 09:33:19.300,3626.6000,19943,0,191409540.000,0,-,-,-,-,3626.2000,3625.6000,3625.2000,3623.0000,3622.8000,3628.6000,3628.8000,3629.0000,3629.2000,3629.8000,1,1,1,4,1,2,1,1,2,1
SF,IF2009,2020-04-22 09:33:19.800,3626.6000,19943,0,191409540.000,0,-,-,-,-,3625.6000,3625.2000,3623.0000,3622.8000,3621.0000,3628.2000,3628.4000,3628.6000,3628.8000,3629.0000,1,1,4,1,2,1,3,3,4,1
SF,IF2009,2020-04-22 09:33:20.300,3626.6000,19943,0,191409540.000,0,-,-,-,-,3625.6000,3625.2000,3623.0000,3622.8000,3621.0000,3628.0000,3628.4000,3628.6000,3628.8000,3629.0000,1,1,4,1,2,2,1,1,3,1
SF,IF2009,2020-04-22 09:33:20.800,3626.6000,19943,0,191409540.000,0,-,-,-,-,3626.0000,3625.6000,3625.2000,3623.0000,3622.8000,3627.8000,3628.0000,3628.4000,3628.6000,3628.8000,1,1,1,4,1,2,2,1,1,1
SF,IF2009,2020-04-22 09:33:21.300,3626.6000,19943,0,191409540.000,0,-,-,-,-,3626.4000,3626.2000,3625.2000,3623.0000,3622.8000,3627.6000,3627.8000,3628.0000,3628.4000,3628.6000,1,1,1,4,1,1,1,1,1,1
SF,IF2009,2020-04-22 09:33:21.800,3626.6000,19943,0,191409540.000,0,-,-,-,-,3625.2000,3623.0000,3622.8000,3621.0000,3620.0000,3627.6000,3627.8000,3628.0000,3628.4000,3628.6000,1,4,1,2,2,1,1,1,1,1
SF,IF2009,2020-04-22 09:33:22.300,3626.6000,19943,0,191409540.000,0,-,-,-,-,3625.8000,3625.6000,3625.2000,3623.0000,3622.8000,3627.4000,3627.6000,3627.8000,3628.4000,3628.6000,1,1,1,4,1,1,1,1,1,1
SF,IF2009,2020-04-22 09:33:22.800,3626.6000,19943,0,191409540.000,0,-,-,-,-,3626.0000,3625.8000,3625.6000,3625.2000,3623.0000,3627.4000,3627.6000,3627.8000,3628.4000,3628.6000,1,1,1,1,4,1,1,1,1,1
SF,IF2009,2020-04-22 09:33:23.300,3626.6000,19943,0,191409540.000,0,-,-,-,-,3626.2000,3625.6000,3625.2000,3623.0000,3622.8000,3627.6000,3628.4000,3628.6000,3628.8000,3629.2000,1,1,1,4,1,1,1,1,1,2
SF,IF2009,2020-04-22 09:33:23.800,3626.6000,19943,0,191409540.000,0,-,-,-,-,3625.2000,3623.0000,3622.8000,3621.0000,3620.0000,3627.2000,3627.4000,3627.6000,3628.4000,3628.6000,1,4,1,2,2,1,1,1,1,1
SF,IF2009,2020-04-22 09:33:24.300,3626.6000,19943,0,191409540.000,0,-,-,-,-,3626.0000,3625.8000,3625.4000,3625.2000,3623.0000,3627.0000,3628.4000,3628.6000,3628.8000,3629.2000,1,1,2,1,4,3,1,1,1,2
SF,IF2009,2020-04-22 09:33:24.800,3626.6000,19943,0,191409540.000,0,-,-,-,-,3626.0000,3625.8000,3625.2000,3623.0000,3622.8000,3626.8000,3627.0000,3628.4000,3628.6000,3628.8000,1,1,1,4,1,1,2,1,1,1
SF,IF2009,2020-04-22 09:33:25.300,3626.6000,19943,0,191409540.000,0,-,-,-,-,3626.0000,3625.8000,3625.2000,3623.0000,3622.8000,3626.6000,3627.0000,3628.4000,3628.6000,3628.8000,1,1,1,4,1,1,1,1,1,1
SF,IF2009,2020-04-22 09:33:25.800,3626.6000,19943,0,191409540.000,0,-,-,-,-,3626.0000,3625.8000,3625.2000,3623.0000,3622.8000,3627.0000,3628.4000,3628.6000,3628.8000,3629.2000,1,1,1,4,1,1,1,1,1,2
SF,IF2009,2020-04-22 09:33:27.300,3626.6000,19943,0,191409540.000,0,-,-,-,-,3626.0000,3625.2000,3623.0000,3622.8000,3621.0000,3627.0000,3628.4000,3628.6000,3628.8000,3629.2000,1,1,4,1,2,1,1,1,1,2
SF,IF2009,2020-04-22 09:33:27.800,3626.8000,19942,-1,192497580.000,1,0,1,双平,S,3626.0000,3625.2000,3623.0000,3622.8000,3621.0000,3626.8000,3627.0000,3628.4000,3628.6000,3628.8000,1,1,4,1,2,1,1,1,1,1
SF,IF2009,2020-04-22 09:33:28.300,3626.8000,19942,0,192497580.000,0,-,-,-,-,3626.0000,3625.2000,3623.0000,3622.8000,3621.0000,3627.0000,3628.4000,3628.6000,3628.8000,3629.2000,1,1,4,1,2,1,1,1,1,2
SF,IF2009,2020-04-22 09:33:29.300,3626.8000,19942,0,192497580.000,0,-,-,-,-,3626.0000,3625.2000,3625.0000,3623.0000,3622.8000,3627.0000,3628.4000,3628.6000,3628.8000,3629.2000,1,1,1,4,1,1,1,1,1,2
SF,IF2009,2020-04-22 09:33:30.300,3626.8000,19942,0,192497580.000,0,-,-,-,-,3626.0000,3625.2000,3625.0000,3623.0000,3622.8000,3627.0000,3628.4000,3628.6000,3628.8000,3629.2000,1,1,1,4,1,1,1,1,1,2
SF,IF2009,2020-04-22 09:33:30.800,3626.8000,19942,0,192497580.000,0,-,-,-,-,3626.8000,3626.0000,3625.2000,3625.0000,3623.0000,3628.4000,3628.6000,3628.8000,3629.2000,3629.8000,1,1,1,1,4,1,1,1,2,1
SF,IF2009,2020-04-22 09:33:31.300,3626.8000,19941,-1,193585620.000,1,0,1,双平,S,3626.0000,3625.2000,3625.0000,3623.0000,3622.8000,3628.0000,3628.2000,3628.4000,3628.8000,3629.2000,1,1,1,4,1,7,5,1,1,2
SF,IF2009,2020-04-22 09:33:31.800,3626.8000,19941,0,193585620.000,0,-,-,-,-,3626.0000,3625.2000,3625.0000,3623.0000,3622.8000,3627.8000,3628.0000,3628.2000,3628.4000,3628.8000,1,1,1,4,1,5,7,3,1,1
SF,IF2009,2020-04-22 09:33:32.800,3626.8000,19941,0,193585620.000,0,-,-,-,-,3626.0000,3625.2000,3625.0000,3623.0000,3622.8000,3627.4000,3627.8000,3628.0000,3628.2000,3628.4000,1,1,1,4,1,2,5,7,3,1
SF,IF2009,2020-04-22 09:33:33.300,3626.8000,19941,0,193585620.000,0,-,-,-,-,3626.0000,3625.2000,3625.0000,3623.0000,3622.8000,3627.2000,3627.4000,3627.8000,3628.0000,3628.2000,1,1,1,4,1,3,2,3,7,3
SF,IF2009,2020-04-22 09:33:33.800,3626.8000,19941,0,193585620.000,0,-,-,-,-,3626.0000,3625.2000,3625.0000,3623.0000,3622.8000,3627.2000,3627.4000,3627.8000,3628.0000,3628.2000,1,1,1,4,1,3,2,2,7,3
SF,IF2009,2020-04-22 09:33:34.300,3626.8000,19941,0,193585620.000,0,-,-,-,-,3626.0000,3625.2000,3625.0000,3623.0000,3622.8000,3627.0000,3627.2000,3627.4000,3627.8000,3628.2000,1,1,1,4,1,1,3,1,2,3
SF,IF2009,2020-04-22 09:33:34.800,3626.8000,19941,0,193585620.000,0,-,-,-,-,3626.0000,3625.2000,3625.0000,3623.0000,3622.8000,3627.0000,3627.2000,3627.8000,3628.2000,3628.8000,1,1,1,4,1,1,2,2,3,1
SF,IF2009,2020-04-22 09:33:35.300,3626.8000,19941,0,193585620.000,0,-,-,-,-,3626.0000,3625.2000,3625.0000,3623.0000,3622.8000,3627.0000,3627.2000,3627.8000,3628.2000,3628.6000,1,1,1,4,1,1,1,1,3,2
SF,IF2009,2020-04-22 09:33:35.800,3626.0000,19941,0,194673420.000,1,0,1,多换,S,3625.2000,3625.0000,3623.0000,3622.8000,3621.0000,3626.8000,3627.0000,3627.8000,3628.2000,3628.6000,1,1,4,1,2,2,1,1,3,2
SF,IF2009,2020-04-22 09:33:36.300,3626.0000,19941,0,194673420.000,0,-,-,-,-,3625.2000,3625.0000,3623.0000,3622.8000,3621.0000,3626.8000,3627.8000,3628.2000,3628.6000,3628.8000,1,1,3,1,2,2,1,3,2,1
SF,IF2009,2020-04-22 09:33:36.800,3626.0000,19941,0,194673420.000,0,-,-,-,-,3625.2000,3625.0000,3623.0000,3622.8000,3621.0000,3626.6000,3626.8000,3627.8000,3628.2000,3628.6000,1,1,3,1,2,1,2,1,3,2
SF,IF2009,2020-04-22 09:33:37.300,3626.0000,19941,0,194673420.000,0,-,-,-,-,3625.2000,3625.0000,3623.0000,3622.8000,3621.0000,3626.2000,3626.4000,3627.8000,3628.2000,3628.6000,1,1,3,1,2,1,2,1,3,2
SF,IF2009,2020-04-22 09:33:37.800,3626.0000,19941,0,194673420.000,0,-,-,-,-,3625.2000,3625.0000,3623.0000,3622.8000,3621.0000,3626.0000,3626.2000,3627.8000,3628.2000,3628.6000,1,1,3,1,2,2,1,1,3,2
SF,IF2009,2020-04-22 09:33:38.300,3626.0000,19941,0,194673420.000,0,-,-,-,-,3625.2000,3625.0000,3623.0000,3622.8000,3621.0000,3626.0000,3627.8000,3628.2000,3628.6000,3628.8000,1,2,3,1,2,2,1,3,2,1
SF,IF2009,2020-04-22 09:33:38.800,3625.2000,19940,-1,195760980.000,1,0,1,双平,S,3625.0000,3623.0000,3622.8000,3621.0000,3620.0000,3626.0000,3627.8000,3628.2000,3628.6000,3628.8000,2,3,1,2,2,2,1,3,2,1
SF,IF2009,2020-04-22 09:33:39.300,3625.2000,19940,0,195760980.000,0,-,-,-,-,3625.0000,3623.0000,3622.8000,3621.0000,3620.0000,3625.8000,3626.0000,3627.8000,3628.2000,3628.6000,2,3,1,2,2,2,2,1,3,2
SF,IF2009,2020-04-22 09:33:39.800,3625.0000,19939,-1,196848480.000,1,0,1,双平,S,3625.0000,3623.0000,3622.8000,3621.0000,3620.0000,3626.0000,3627.8000,3628.2000,3628.6000,3628.8000,1,3,1,2,2,1,1,3,2,1
SF,IF2009,2020-04-22 09:33:40.800,3625.0000,19939,0,196848480.000,0,-,-,-,-,3625.0000,3623.0000,3622.8000,3621.0000,3620.0000,3625.8000,3626.0000,3627.8000,3628.2000,3628.6000,1,3,1,2,2,1,1,1,3,2
SF,IF2009,2020-04-22 09:33:41.300,3625.0000,19939,0,196848480.000,0,-,-,-,-,3625.0000,3623.0000,3622.8000,3621.0000,3620.0000,3625.6000,3627.8000,3628.2000,3628.6000,3628.8000,1,3,1,2,2,2,1,3,2,1
SF,IF2009,2020-04-22 09:33:41.800,3625.0000,19939,0,196848480.000,0,-,-,-,-,3625.0000,3623.0000,3622.8000,3621.0000,3620.0000,3625.6000,3627.8000,3628.2000,3628.6000,3628.8000,1,3,1,2,2,1,1,3,2,1
SF,IF2009,2020-04-22 09:33:42.300,3625.6000,19939,0,197936160.000,1,0,1,多换,S,3625.0000,3623.0000,3622.8000,3621.0000,3620.0000,3627.8000,3628.2000,3628.6000,3628.8000,3629.2000,1,3,1,2,2,1,3,2,1,2
SF,IF2009,2020-04-22 09:33:42.800,3627.0000,19939,0,199024260.000,1,0,1,多换,S,3625.0000,3623.0000,3622.8000,3621.0000,3620.0000,3627.4000,3627.6000,3627.8000,3628.2000,3628.6000,1,3,1,2,2,8,2,5,2,2
SF,IF2009,2020-04-22 09:33:43.300,3627.0000,19939,0,199024260.000,0,-,-,-,-,3625.0000,3623.0000,3622.8000,3621.0000,3620.0000,3627.0000,3627.2000,3627.4000,3627.8000,3628.2000,1,3,1,2,2,1,6,7,4,2
SF,IF2009,2020-04-22 09:33:43.800,3627.0000,19939,0,199024260.000,0,-,-,-,-,3625.2000,3625.0000,3623.0000,3622.8000,3621.0000,3626.8000,3627.2000,3627.4000,3627.8000,3628.2000,2,2,3,1,2,5,3,7,4,2
SF,IF2009,2020-04-22 09:33:44.300,3627.0000,19939,0,199024260.000,0,-,-,-,-,3625.2000,3625.0000,3623.0000,3622.8000,3621.0000,3626.8000,3627.0000,3627.2000,3627.4000,3627.8000,2,2,3,1,2,4,1,3,7,4
SF,IF2009,2020-04-22 09:33:44.800,3627.0000,19939,0,199024260.000,0,-,-,-,-,3625.2000,3625.0000,3623.0000,3622.8000,3621.0000,3626.8000,3627.0000,3627.2000,3627.8000,3628.2000,2,2,3,1,2,4,1,2,4,2
SF,IF2009,2020-04-22 09:33:45.300,3627.0000,19939,0,199024260.000,0,-,-,-,-,3625.4000,3625.2000,3625.0000,3623.0000,3622.8000,3626.8000,3627.0000,3627.2000,3627.8000,3628.2000,1,2,2,3,1,4,1,2,3,2
SF,IF2009,2020-04-22 09:33:45.800,3627.0000,19939,0,199024260.000,0,-,-,-,-,3625.4000,3625.2000,3625.0000,3623.0000,3622.8000,3626.6000,3626.8000,3627.0000,3627.2000,3627.8000,1,1,2,3,1,1,3,1,2,3
SF,IF2009,2020-04-22 09:33:46.300,3627.0000,19939,0,199024260.000,0,-,-,-,-,3625.4000,3625.2000,3625.0000,3623.0000,3622.8000,3626.4000,3626.6000,3627.0000,3627.2000,3627.8000,1,1,2,3,1,1,1,1,1,3
SF,IF2009,2020-04-22 09:33:47.300,3627.0000,19939,0,199024260.000,0,-,-,-,-,3625.4000,3625.0000,3623.0000,3622.8000,3621.0000,3626.4000,3626.6000,3627.0000,3627.2000,3627.8000,1,2,3,1,2,1,1,1,1,3
SF,IF2009,2020-04-22 09:33:47.800,3626.6000,19939,0,200112240.000,1,0,1,多换,S,3625.0000,3623.0000,3622.8000,3621.0000,3620.0000,3627.0000,3627.2000,3627.8000,3628.2000,3628.6000,2,3,1,2,2,1,1,3,2,2
SF,IF2009,2020-04-22 09:33:48.300,3626.6000,19939,0,200112240.000,0,-,-,-,-,3625.2000,3625.0000,3623.0000,3622.8000,3621.0000,3626.8000,3627.0000,3627.8000,3628.2000,3628.6000,2,2,3,1,2,2,1,3,2,2
SF,IF2009,2020-04-22 09:33:48.800,3626.6000,19939,0,200112240.000,0,-,-,-,-,3625.4000,3625.2000,3625.0000,3623.0000,3622.8000,3626.6000,3626.8000,3627.0000,3627.8000,3628.2000,1,1,2,3,1,1,2,1,3,2
SF,IF2009,2020-04-22 09:33:49.300,3626.6000,19939,0,200112240.000,0,-,-,-,-,3625.0000,3623.0000,3622.8000,3621.0000,3620.0000,3627.8000,3628.2000,3628.6000,3628.8000,3629.2000,2,3,1,2,2,3,2,2,1,2
SF,IF2009,2020-04-22 09:33:49.800,3626.6000,19939,0,200112240.000,0,-,-,-,-,3626.8000,3625.0000,3623.0000,3622.8000,3621.0000,3627.4000,3627.6000,3627.8000,3628.2000,3628.6000,2,2,3,1,2,9,2,4,2,2
SF,IF2009,2020-04-22 09:33:50.300,3626.8000,19937,-2,202288320.000,2,0,2,双平,S,3625.0000,3623.0000,3622.8000,3621.0000,3620.0000,3626.6000,3626.8000,3627.2000,3627.4000,3627.6000,2,3,1,2,2,1,2,2,8,1
SF,IF2009,2020-04-22 09:33:50.800,3626.8000,19937,0,202288320.000,0,-,-,-,-,3625.2000,3625.0000,3623.0000,3622.8000,3621.0000,3626.8000,3627.0000,3627.2000,3627.4000,3627.6000,2,2,3,1,2,1,1,1,8,1
SF,IF2009,2020-04-22 09:33:51.300,3626.8000,19937,0,202288320.000,0,-,-,-,-,3625.2000,3625.0000,3623.0000,3622.8000,3621.0000,3626.8000,3627.0000,3627.2000,3627.4000,3627.6000,1,2,3,1,2,1,2,1,8,1
SF,IF2009,2020-04-22 09:33:51.800,3626.8000,19937,0,202288320.000,0,-,-,-,-,3625.4000,3625.0000,3623.0000,3622.8000,3621.0000,3626.8000,3627.0000,3627.2000,3627.4000,3627.6000,2,2,3,1,2,1,2,1,8,1
SF,IF2009,2020-04-22 09:33:52.800,3626.8000,19937,0,202288320.000,0,-,-,-,-,3625.4000,3625.0000,3623.0000,3622.8000,3621.0000,3626.8000,3627.2000,3627.4000,3627.6000,3627.8000,2,2,3,1,2,1,1,8,1,3
SF,IF2009,2020-04-22 09:33:53.300,3626.8000,19937,0,202288320.000,0,-,-,-,-,3625.8000,3625.4000,3625.0000,3623.0000,3622.8000,3626.8000,3627.2000,3627.4000,3627.6000,3627.8000,1,1,2,3,1,1,1,1,1,3
SF,IF2009,2020-04-22 09:33:53.800,3626.8000,19937,0,202288320.000,0,-,-,-,-,3625.8000,3625.0000,3623.0000,3622.8000,3621.0000,3626.8000,3627.2000,3627.4000,3627.6000,3627.8000,1,2,3,1,2,1,1,1,1,4
SF,IF2009,2020-04-22 09:33:54.300,3626.8000,19937,0,202288320.000,0,-,-,-,-,3625.8000,3625.2000,3625.0000,3623.0000,3622.8000,3626.8000,3627.2000,3627.4000,3627.6000,3627.8000,1,1,2,3,1,1,1,1,1,4
SF,IF2009,2020-04-22 09:33:56.300,3626.8000,19937,0,202288320.000,0,-,-,-,-,3625.8000,3625.2000,3625.0000,3623.0000,3622.8000,3626.8000,3627.0000,3627.2000,3627.4000,3627.6000,1,1,3,3,1,1,1,1,1,1
SF,IF2009,2020-04-22 09:33:56.800,3626.8000,19937,0,202288320.000,0,-,-,-,-,3625.8000,3625.0000,3623.0000,3622.8000,3621.0000,3626.8000,3627.0000,3627.2000,3627.4000,3627.6000,1,3,3,1,2,1,1,1,1,1
SF,IF2009,2020-04-22 09:33:57.300,3626.8000,19937,0,203376360.000,1,0,1,多换,S,3625.8000,3625.0000,3623.0000,3622.8000,3621.0000,3627.0000,3627.2000,3627.4000,3627.6000,3627.8000,1,3,3,1,2,1,1,1,1,4
SF,IF2009,2020-04-22 09:33:57.800,3626.8000,19937,0,203376360.000,0,-,-,-,-,3625.0000,3623.0000,3622.8000,3621.0000,3620.0000,3626.8000,3627.0000,3627.2000,3627.4000,3627.6000,3,3,1,2,2,1,1,1,1,1
SF,IF2009,2020-04-22 09:33:58.300,3626.8000,19937,0,203376360.000,0,-,-,-,-,3625.4000,3625.2000,3625.0000,3623.0000,3622.8000,3627.0000,3627.6000,3627.8000,3628.2000,3628.6000,1,2,3,3,1,1,1,4,2,2
SF,IF2009,2020-04-22 09:33:58.800,3626.8000,19937,0,203376360.000,0,-,-,-,-,3625.6000,3625.0000,3623.0000,3622.8000,3621.0000,3627.0000,3627.6000,3627.8000,3628.2000,3628.6000,2,3,3,1,2,1,1,1,2,2
SF,IF2009,2020-04-22 09:33:59.300,3626.8000,19937,0,203376360.000,0,-,-,-,-,3625.6000,3625.0000,3623.0000,3622.8000,3621.0000,3627.0000,3627.6000,3627.8000,3628.2000,3628.6000,2,3,3,1,2,1,1,1,2,2
SF,IF2009,2020-04-22 09:33:59.800,3626.8000,19937,0,203376360.000,0,-,-,-,-,3625.6000,3625.0000,3623.0000,3622.8000,3621.0000,3627.0000,3627.6000,3627.8000,3628.0000,3628.2000,2,3,3,1,2,2,1,1,1,2
SF,IF2009,2020-04-22 09:34:00.300,3626.8000,19937,0,203376360.000,0,-,-,-,-,3625.8000,3625.6000,3625.0000,3623.0000,3622.8000,3627.0000,3627.6000,3627.8000,3628.0000,3628.2000,1,2,3,3,1,2,1,1,1,2
SF,IF2009,2020-04-22 09:34:00.800,3626.8000,19937,0,203376360.000,0,-,-,-,-,3626.0000,3625.8000,3625.0000,3623.0000,3622.8000,3627.0000,3627.6000,3627.8000,3628.0000,3628.2000,2,1,3,3,1,2,1,1,1,2
SF,IF2009,2020-04-22 09:34:01.300,3627.0000,19937,0,204464460.000,1,0,1,多换,S,3626.0000,3625.8000,3625.0000,3623.0000,3622.8000,3627.0000,3627.6000,3627.8000,3628.0000,3628.2000,1,1,3,3,1,1,1,1,1,2
SF,IF2009,2020-04-22 09:34:01.800,3627.0000,19937,0,204464460.000,0,-,-,-,-,3626.2000,3625.0000,3623.0000,3622.8000,3621.0000,3627.0000,3627.6000,3627.8000,3628.0000,3628.2000,1,3,3,1,2,1,1,1,1,2
SF,IF2009,2020-04-22 09:34:02.300,3627.0000,19937,0,204464460.000,0,-,-,-,-,3626.2000,3625.0000,3624.0000,3623.0000,3622.8000,3627.0000,3627.6000,3627.8000,3628.0000,3628.2000,1,3,3,3,1,3,1,1,1,2
SF,IF2009,2020-04-22 09:34:02.800,3627.0000,19937,0,204464460.000,0,-,-,-,-,3625.2000,3625.0000,3624.0000,3623.0000,3622.8000,3626.8000,3627.0000,3627.6000,3627.8000,3628.0000,1,3,3,3,1,1,3,1,1,1
SF,IF2009,2020-04-22 09:34:03.300,3627.0000,19937,0,204464460.000,0,-,-,-,-,3625.4000,3625.2000,3625.0000,3624.0000,3623.0000,3626.8000,3627.0000,3627.6000,3627.8000,3628.0000,2,2,3,3,3,1,3,1,1,1
SF,IF2009,2020-04-22 09:34:03.800,3627.0000,19937,0,204464460.000,0,-,-,-,-,3625.8000,3625.4000,3625.2000,3625.0000,3624.0000,3626.8000,3627.0000,3627.6000,3627.8000,3628.0000,1,1,2,3,3,1,3,1,1,1
SF,IF2009,2020-04-22 09:34:04.300,3627.0000,19937,0,204464460.000,0,-,-,-,-,3625.8000,3625.2000,3625.0000,3624.0000,3623.0000,3626.8000,3627.0000,3627.6000,3627.8000,3628.0000,1,2,3,3,3,1,2,1,1,1
SF,IF2009,2020-04-22 09:34:04.800,3627.0000,19935,-2,207728700.000,3,0,3,多平,S,3626.0000,3625.2000,3625.0000,3624.0000,3623.0000,3627.6000,3627.8000,3628.0000,3628.2000,3628.6000,2,2,3,3,3,1,1,1,2,2
SF,IF2009,2020-04-22 09:34:05.300,3627.0000,19935,0,207728700.000,0,-,-,-,-,3626.2000,3626.0000,3625.2000,3625.0000,3624.0000,3627.8000,3628.0000,3628.2000,3628.6000,3628.8000,1,1,2,3,3,1,1,2,2,1
SF,IF2009,2020-04-22 09:34:05.800,3627.0000,19935,0,207728700.000,0,-,-,-,-,3626.4000,3625.2000,3625.0000,3624.0000,3623.0000,3627.8000,3628.0000,3628.6000,3628.8000,3629.2000,2,2,3,3,3,1,1,2,1,2
SF,IF2009,2020-04-22 09:34:06.300,3627.0000,19935,0,207728700.000,0,-,-,-,-,3626.8000,3626.4000,3625.2000,3625.0000,3624.0000,3627.8000,3628.0000,3628.6000,3628.8000,3629.2000,1,1,1,3,3,1,1,2,1,2
SF,IF2009,2020-04-22 09:34:06.800,3627.0000,19935,0,207728700.000,0,-,-,-,-,3626.8000,3625.2000,3625.0000,3624.0000,3623.0000,3627.8000,3628.0000,3628.8000,3629.2000,3629.8000,1,1,3,3,3,1,1,1,2,1
SF,IF2009,2020-04-22 09:34:08.300,3627.0000,19935,0,207728700.000,0,-,-,-,-,3627.0000,3625.2000,3625.0000,3624.0000,3623.0000,3627.8000,3628.0000,3628.8000,3629.2000,3629.8000,1,1,3,3,3,1,1,1,2,1
SF,IF2009,2020-04-22 09:34:08.800,3628.0000,19933,-2,209905440.000,2,0,2,双平,S,3625.2000,3625.0000,3624.0000,3623.0000,3622.8000,3628.8000,3629.2000,3629.8000,3634.4000,3635.0000,1,3,3,3,1,1,2,1,1,6
SF,IF2009,2020-04-22 09:34:09.300,3628.0000,19933,0,209905440.000,0,-,-,-,-,3627.8000,3625.4000,3625.2000,3625.0000,3624.0000,3628.6000,3628.8000,3629.2000,3629.8000,3634.4000,1,2,1,3,3,1,2,2,1,1
SF,IF2009,2020-04-22 09:34:09.800,3627.8000,19932,-1,210993780.000,1,0,1,双平,S,3626.0000,3625.4000,3625.2000,3625.0000,3624.0000,3628.2000,3628.6000,3628.8000,3629.2000,3629.8000,1,2,1,3,3,1,1,2,2,1
SF,IF2009,2020-04-22 09:34:10.300,3627.8000,19932,0,210993780.000,0,-,-,-,-,3626.4000,3626.0000,3625.4000,3625.0000,3624.0000,3628.6000,3628.8000,3629.2000,3629.8000,3634.4000,2,1,2,3,3,1,2,2,1,1
SF,IF2009,2020-04-22 09:34:10.800,3627.8000,19932,0,210993780.000,0,-,-,-,-,3626.8000,3626.6000,3626.4000,3626.0000,3625.4000,3628.8000,3629.2000,3629.8000,3634.4000,3635.0000,1,1,1,1,2,1,2,1,1,6
SF,IF2009,2020-04-22 09:34:11.300,3627.8000,19932,0,210993780.000,0,-,-,-,-,3627.0000,3626.8000,3626.0000,3625.4000,3625.0000,3628.8000,3629.2000,3629.8000,3634.4000,3635.0000,2,2,1,2,3,1,2,1,1,6
SF,IF2009,2020-04-22 09:34:11.800,3627.8000,19932,0,210993780.000,0,-,-,-,-,3627.4000,3627.2000,3627.0000,3626.8000,3626.0000,3628.8000,3629.2000,3629.8000,3634.4000,3635.0000,1,1,1,2,1,1,2,1,1,6
SF,IF2009,2020-04-22 09:34:12.300,3627.8000,19932,0,210993780.000,0,-,-,-,-,3627.6000,3627.4000,3627.2000,3626.8000,3626.0000,3628.8000,3629.2000,3629.8000,3634.4000,3635.0000,1,1,2,1,1,1,2,1,1,6
SF,IF2009,2020-04-22 09:34:12.800,3627.8000,19932,0,210993780.000,0,-,-,-,-,3627.2000,3626.8000,3626.0000,3625.4000,3625.0000,3628.8000,3629.2000,3629.8000,3634.4000,3635.0000,1,1,1,1,3,1,2,1,1,6
SF,IF2009,2020-04-22 09:34:13.300,3627.8000,19932,0,210993780.000,0,-,-,-,-,3627.4000,3627.2000,3626.8000,3626.0000,3625.4000,3628.8000,3629.2000,3629.8000,3634.4000,3635.0000,2,1,1,1,1,1,2,1,1,6
SF,IF2009,2020-04-22 09:34:13.800,3627.8000,19932,0,210993780.000,0,-,-,-,-,3627.8000,3627.4000,3627.2000,3626.8000,3626.0000,3628.8000,3629.2000,3629.8000,3634.4000,3635.0000,1,1,1,1,1,1,2,1,1,6
SF,IF2009,2020-04-22 09:34:14.300,3627.8000,19931,-1,212082120.000,1,0,1,双平,S,3627.2000,3626.8000,3626.0000,3625.4000,3625.0000,3628.8000,3629.2000,3629.8000,3634.4000,3635.0000,1,1,1,1,3,1,2,1,1,6
SF,IF2009,2020-04-22 09:34:14.800,3627.8000,19931,0,212082120.000,0,-,-,-,-,3627.4000,3627.2000,3626.0000,3625.4000,3625.0000,3628.8000,3629.2000,3629.8000,3634.4000,3635.0000,1,1,1,1,3,1,2,1,1,6
SF,IF2009,2020-04-22 09:34:15.300,3627.8000,19931,0,212082120.000,0,-,-,-,-,3627.6000,3627.2000,3626.0000,3625.4000,3625.0000,3628.8000,3629.2000,3629.8000,3634.4000,3635.0000,1,1,1,1,3,1,2,1,1,6
SF,IF2009,2020-04-22 09:34:15.800,3627.8000,19931,0,212082120.000,0,-,-,-,-,3627.2000,3626.0000,3625.4000,3625.0000,3624.0000,3628.6000,3628.8000,3629.2000,3629.8000,3634.4000,1,1,1,3,3,1,1,2,1,1
SF,IF2009,2020-04-22 09:34:16.300,3628.8000,19931,0,213170760.000,1,0,1,多换,S,3627.4000,3627.2000,3626.0000,3625.4000,3625.0000,3629.2000,3629.8000,3634.4000,3635.0000,3636.0000,1,1,1,1,3,2,1,1,6,2
SF,IF2009,2020-04-22 09:34:16.800,3628.8000,19931,0,213170760.000,0,-,-,-,-,3627.6000,3627.2000,3626.0000,3625.4000,3625.0000,3629.0000,3629.2000,3629.4000,3629.8000,3634.4000,1,1,1,1,3,2,2,1,1,1
SF,IF2009,2020-04-22 09:34:17.300,3628.8000,19931,0,213170760.000,0,-,-,-,-,3627.8000,3627.2000,3626.0000,3625.4000,3625.0000,3628.6000,3629.0000,3629.2000,3629.4000,3629.8000,1,1,1,1,3,1,1,2,1,1
SF,IF2009,2020-04-22 09:34:17.800,3628.8000,19931,0,213170760.000,0,-,-,-,-,3627.2000,3626.0000,3625.4000,3625.0000,3624.0000,3629.2000,3629.4000,3629.8000,3634.4000,3635.0000,1,1,1,3,3,2,1,1,1,6
SF,IF2009,2020-04-22 09:34:18.300,3628.8000,19931,0,213170760.000,0,-,-,-,-,3627.4000,3627.2000,3626.0000,3625.8000,3625.4000,3629.0000,3629.2000,3629.8000,3634.4000,3635.0000,1,1,1,1,1,1,2,1,1,6
SF,IF2009,2020-04-22 09:34:18.800,3628.8000,19931,0,213170760.000,0,-,-,-,-,3627.2000,3626.0000,3625.8000,3625.4000,3625.0000,3628.8000,3629.2000,3629.8000,3634.4000,3635.0000,1,1,1,1,3,3,2,1,1,6
SF,IF2009,2020-04-22 09:34:19.300,3628.8000,19931,0,213170760.000,0,-,-,-,-,3627.4000,3627.2000,3626.0000,3625.8000,3625.4000,3629.2000,3629.8000,3634.4000,3635.0000,3636.0000,1,1,1,1,1,2,1,1,6,2
SF,IF2009,2020-04-22 09:34:19.800,3628.8000,19931,0,213170760.000,0,-,-,-,-,3627.6000,3626.0000,3625.8000,3625.4000,3625.0000,3629.2000,3629.8000,3634.4000,3635.0000,3636.0000,1,1,1,1,3,2,1,1,6,2
SF,IF2009,2020-04-22 09:34:20.300,3628.8000,19931,0,213170760.000,0,-,-,-,-,3626.0000,3625.8000,3625.4000,3625.0000,3624.0000,3629.0000,3629.2000,3629.8000,3634.4000,3635.0000,1,1,1,3,3,1,2,1,1,6
SF,IF2009,2020-04-22 09:34:20.800,3628.8000,19931,0,213170760.000,0,-,-,-,-,3627.4000,3626.2000,3626.0000,3625.8000,3625.4000,3629.2000,3629.8000,3634.4000,3635.0000,3636.0000,1,2,1,1,1,2,1,1,6,2
SF,IF2009,2020-04-22 09:34:21.300,3628.8000,19931,0,213170760.000,0,-,-,-,-,3627.6000,3627.4000,3626.2000,3626.0000,3625.8000,3628.8000,3629.0000,3629.2000,3629.4000,3629.8000,1,1,2,1,1,2,2,2,1,1
SF,IF2009,2020-04-22 09:34:21.800,3628.8000,19931,0,213170760.000,0,-,-,-,-,3627.4000,3626.2000,3626.0000,3625.8000,3625.4000,3628.8000,3629.0000,3629.2000,3629.4000,3629.8000,1,2,1,1,1,2,1,2,1,1
SF,IF2009,2020-04-22 09:34:22.300,3628.8000,19931,0,213170760.000,0,-,-,-,-,3626.2000,3626.0000,3625.8000,3625.4000,3625.0000,3628.6000,3629.0000,3629.2000,3629.4000,3629.8000,2,1,1,1,3,1,1,2,1,1
SF,IF2009,2020-04-22 09:34:22.800,3628.8000,19931,0,213170760.000,0,-,-,-,-,3626.8000,3626.2000,3626.0000,3625.8000,3625.0000,3628.4000,3628.6000,3629.2000,3629.4000,3629.8000,1,1,1,1,3,1,1,2,1,1
SF,IF2009,2020-04-22 09:34:23.300,3628.8000,19931,0,213170760.000,0,-,-,-,-,3627.0000,3626.8000,3626.2000,3626.0000,3625.8000,3628.2000,3628.4000,3629.2000,3629.4000,3629.8000,1,1,1,1,1,1,2,2,1,1
SF,IF2009,2020-04-22 09:34:23.800,3628.8000,19931,0,213170760.000,0,-,-,-,-,3626.8000,3626.2000,3626.0000,3625.8000,3625.0000,3628.2000,3628.4000,3629.2000,3629.4000,3629.8000,1,1,1,1,3,1,1,2,1,1
SF,IF2009,2020-04-22 09:34:24.300,3628.8000,19931,0,213170760.000,0,-,-,-,-,3627.0000,3626.8000,3626.2000,3626.0000,3625.8000,3628.2000,3628.4000,3629.2000,3629.4000,3629.8000,1,1,1,1,1,1,1,2,1,1
SF,IF2009,2020-04-22 09:34:24.800,3628.8000,19931,0,213170760.000,0,-,-,-,-,3626.8000,3626.2000,3626.0000,3625.8000,3625.0000,3628.2000,3628.4000,3629.2000,3629.4000,3629.8000,1,1,1,1,3,1,1,2,1,1
SF,IF2009,2020-04-22 09:34:25.300,3628.8000,19931,0,213170760.000,0,-,-,-,-,3627.0000,3626.8000,3626.2000,3626.0000,3625.8000,3628.2000,3628.4000,3629.2000,3629.4000,3629.8000,1,1,1,1,1,1,1,2,1,1
SF,IF2009,2020-04-22 09:34:25.800,3628.8000,19931,0,213170760.000,0,-,-,-,-,3628.2000,3626.8000,3626.2000,3626.0000,3625.8000,3629.2000,3629.4000,3629.8000,3634.4000,3635.0000,1,1,1,1,1,2,1,1,1,6
SF,IF2009,2020-04-22 09:34:26.300,3628.2000,19930,-1,214259220.000,1,0,1,双平,S,3626.8000,3626.2000,3626.0000,3625.8000,3625.0000,3628.2000,3628.8000,3629.0000,3629.2000,3629.4000,1,1,1,1,3,1,1,3,2,1
SF,IF2009,2020-04-22 09:34:26.800,3628.2000,19930,0,214259220.000,0,-,-,-,-,3628.2000,3626.8000,3626.2000,3626.0000,3625.8000,3628.8000,3629.0000,3629.2000,3629.4000,3629.8000,1,1,1,1,1,1,1,2,1,1
SF,IF2009,2020-04-22 09:34:27.300,3628.2000,19929,-1,215347680.000,1,0,1,双平,S,3626.8000,3626.2000,3626.0000,3625.8000,3625.0000,3627.0000,3628.2000,3628.6000,3628.8000,3629.0000,1,1,1,1,3,1,1,1,1,1
SF,IF2009,2020-04-22 09:34:27.800,3627.0000,19928,-1,216435780.000,1,0,1,双平,S,3627.0000,3626.2000,3626.0000,3625.8000,3625.0000,3628.8000,3629.0000,3629.2000,3629.4000,3629.8000,1,1,1,1,3,1,1,2,1,1
SF,IF2009,2020-04-22 09:34:28.300,3627.0000,19928,0,216435780.000,0,-,-,-,-,3626.4000,3626.2000,3626.0000,3625.8000,3625.0000,3628.4000,3628.6000,3628.8000,3629.0000,3629.2000,1,1,1,1,3,2,1,1,1,2
SF,IF2009,2020-04-22 09:34:28.800,3627.0000,19928,0,216435780.000,0,-,-,-,-,3626.6000,3626.4000,3626.2000,3626.0000,3625.8000,3628.2000,3628.4000,3629.0000,3629.2000,3629.4000,2,1,1,1,1,1,2,1,2,1
SF,IF2009,2020-04-22 09:34:29.300,3627.0000,19928,0,216435780.000,0,-,-,-,-,3626.2000,3626.0000,3625.0000,3624.0000,3623.0000,3628.0000,3628.2000,3628.4000,3629.0000,3629.2000,1,1,3,3,3,1,1,1,1,2
SF,IF2009,2020-04-22 09:34:29.800,3627.0000,19928,0,216435780.000,0,-,-,-,-,3626.6000,3626.4000,3626.2000,3626.0000,3625.0000,3628.2000,3628.4000,3629.0000,3629.2000,3629.4000,1,1,1,1,3,1,1,1,2,1
SF,IF2009,2020-04-22 09:34:30.300,3627.0000,19928,0,216435780.000,0,-,-,-,-,3626.8000,3626.6000,3626.2000,3626.0000,3625.0000,3628.2000,3628.4000,3629.0000,3629.2000,3629.4000,2,1,1,2,3,1,1,1,2,1
SF,IF2009,2020-04-22 09:34:30.800,3627.0000,19928,0,216435780.000,0,-,-,-,-,3627.2000,3626.8000,3626.6000,3626.2000,3626.0000,3628.2000,3628.4000,3629.0000,3629.2000,3629.4000,1,1,1,1,2,1,1,1,2,1
SF,IF2009,2020-04-22 09:34:31.300,3627.0000,19928,0,216435780.000,0,-,-,-,-,3627.2000,3626.6000,3626.2000,3626.0000,3625.0000,3628.2000,3628.4000,3629.0000,3629.2000,3629.4000,1,2,1,2,3,1,1,1,2,1
SF,IF2009,2020-04-22 09:34:31.800,3627.0000,19928,0,216435780.000,0,-,-,-,-,3626.6000,3626.2000,3626.0000,3625.0000,3624.0000,3628.0000,3628.4000,3629.0000,3629.2000,3629.4000,2,1,2,3,3,1,1,1,2,1
SF,IF2009,2020-04-22 09:34:32.300,3627.0000,19928,0,216435780.000,0,-,-,-,-,3626.6000,3626.2000,3626.0000,3625.0000,3624.0000,3628.4000,3629.0000,3629.2000,3629.4000,3629.8000,2,1,2,3,3,1,1,2,1,1
SF,IF2009,2020-04-22 09:34:32.800,3627.0000,19928,0,216435780.000,0,-,-,-,-,3626.8000,3626.6000,3626.2000,3626.0000,3625.0000,3628.2000,3628.4000,3629.0000,3629.2000,3629.4000,1,2,1,2,3,1,1,1,2,1
SF,IF2009,2020-04-22 09:34:33.300,3627.0000,19928,0,216435780.000,0,-,-,-,-,3626.8000,3626.6000,3626.2000,3626.0000,3625.0000,3628.0000,3628.4000,3629.0000,3629.2000,3629.4000,1,2,1,2,3,1,1,1,2,1
SF,IF2009,2020-04-22 09:34:33.800,3627.0000,19928,0,216435780.000,0,-,-,-,-,3627.0000,3626.8000,3626.2000,3626.0000,3625.0000,3628.4000,3629.0000,3629.2000,3629.4000,3629.8000,1,1,1,2,3,1,1,2,1,1
SF,IF2009,2020-04-22 09:34:34.300,3628.2000,19928,0,217524240.000,1,0,1,多换,S,3627.2000,3627.0000,3626.8000,3626.2000,3626.0000,3628.4000,3629.0000,3629.2000,3629.4000,3629.8000,1,1,2,1,2,1,1,2,1,1
SF,IF2009,2020-04-22 09:34:34.800,3628.2000,19928,0,217524240.000,0,-,-,-,-,3627.4000,3627.0000,3626.8000,3626.2000,3626.0000,3629.0000,3629.2000,3629.4000,3629.8000,3634.4000,2,1,2,1,2,1,2,1,1,1
SF,IF2009,2020-04-22 09:34:35.300,3628.2000,19928,0,217524240.000,0,-,-,-,-,3627.4000,3627.0000,3626.8000,3626.2000,3626.0000,3628.8000,3629.0000,3629.2000,3629.4000,3629.8000,1,1,2,1,2,1,1,2,1,1
SF,IF2009,2020-04-22 09:34:35.800,3628.2000,19928,0,217524240.000,0,-,-,-,-,3627.6000,3627.0000,3626.8000,3626.2000,3626.0000,3629.0000,3629.2000,3629.4000,3629.8000,3634.4000,1,1,2,1,2,1,2,1,1,1
SF,IF2009,2020-04-22 09:34:36.300,3628.2000,19928,0,217524240.000,0,-,-,-,-,3627.8000,3627.6000,3627.0000,3626.8000,3626.2000,3629.0000,3629.2000,3629.4000,3629.8000,3634.4000,1,1,1,1,1,1,2,1,1,1
SF,IF2009,2020-04-22 09:34:36.800,3628.2000,19928,0,217524240.000,0,-,-,-,-,3628.0000,3627.6000,3627.0000,3626.8000,3626.2000,3629.0000,3629.2000,3629.4000,3629.8000,3634.4000,1,1,1,1,1,1,2,1,1,1
SF,IF2009,2020-04-22 09:34:37.300,3628.2000,19928,0,217524240.000,0,-,-,-,-,3627.6000,3627.0000,3626.8000,3626.2000,3626.0000,3629.0000,3629.2000,3629.4000,3629.8000,3634.4000,1,1,1,1,2,1,2,1,1,1
SF,IF2009,2020-04-22 09:34:37.800,3628.2000,19928,0,217524240.000,0,-,-,-,-,3627.8000,3627.6000,3627.0000,3626.8000,3626.2000,3629.0000,3629.2000,3629.4000,3629.8000,3634.4000,1,1,1,1,1,1,2,1,1,1
SF,IF2009,2020-04-22 09:34:38.300,3628.2000,19928,0,217524240.000,0,-,-,-,-,3628.0000,3627.6000,3627.0000,3626.8000,3626.2000,3629.0000,3629.2000,3629.4000,3629.8000,3634.4000,1,1,1,1,1,1,2,1,1,1
SF,IF2009,2020-04-22 09:34:38.800,3627.6000,19928,0,218612520.000,1,0,1,多换,S,3627.0000,3626.8000,3626.2000,3626.0000,3625.0000,3629.0000,3629.2000,3629.8000,3634.4000,3635.0000,1,1,1,2,3,1,2,1,1,6
SF,IF2009,2020-04-22 09:34:39.300,3627.6000,19928,0,218612520.000,0,-,-,-,-,3627.2000,3627.0000,3626.2000,3626.0000,3625.0000,3629.0000,3629.2000,3629.8000,3634.4000,3635.0000,2,1,1,2,3,1,2,1,1,6
SF,IF2009,2020-04-22 09:34:39.800,3627.6000,19928,0,218612520.000,0,-,-,-,-,3627.6000,3627.4000,3627.2000,3627.0000,3626.2000,3628.6000,3629.0000,3629.2000,3629.8000,3634.4000,1,1,1,1,1,1,1,2,1,1
SF,IF2009,2020-04-22 09:34:40.300,3627.6000,19928,0,218612520.000,0,-,-,-,-,3627.8000,3627.4000,3627.0000,3626.2000,3626.0000,3628.6000,3629.2000,3629.8000,3634.4000,3635.0000,2,1,1,1,2,1,2,1,1,6
SF,IF2009,2020-04-22 09:34:40.800,3628.6000,19927,-1,219701100.000,1,0,1,双平,S,3627.8000,3627.4000,3627.0000,3626.2000,3626.0000,3629.2000,3629.8000,3634.4000,3635.0000,3636.0000,1,1,1,1,2,2,1,1,6,2
SF,IF2009,2020-04-22 09:34:41.300,3628.6000,19927,0,219701100.000,0,-,-,-,-,3628.2000,3628.0000,3627.4000,3627.0000,3626.2000,3629.2000,3629.8000,3634.4000,3635.0000,3636.0000,1,1,1,1,1,2,1,1,6,2
SF,IF2009,2020-04-22 09:34:41.800,3629.2000,19925,-2,221878620.000,2,0,2,双平,S,3628.4000,3628.2000,3627.4000,3627.0000,3626.2000,3629.8000,3634.4000,3635.0000,3636.0000,3638.0000,1,1,1,1,1,1,1,6,2,2
SF,IF2009,2020-04-22 09:34:42.300,3629.2000,19925,0,221878620.000,0,-,-,-,-,3628.6000,3627.4000,3627.0000,3626.2000,3626.0000,3629.8000,3634.4000,3635.0000,3636.0000,3638.0000,1,1,1,1,2,1,1,6,2,2
SF,IF2009,2020-04-22 09:34:42.800,3629.2000,19925,0,221878620.000,0,-,-,-,-,3628.8000,3627.4000,3627.0000,3626.2000,3626.0000,3629.8000,3634.4000,3635.0000,3636.0000,3638.0000,1,1,1,1,2,1,1,6,2,2
SF,IF2009,2020-04-22 09:34:43.300,3629.8000,19924,-1,222967560.000,1,0,1,双平,S,3629.0000,3627.4000,3627.0000,3626.2000,3626.0000,3634.4000,3635.0000,3636.0000,3638.0000,3639.8000,1,1,1,1,2,1,6,2,2,2
SF,IF2009,2020-04-22 09:34:43.800,3629.8000,19924,0,222967560.000,0,-,-,-,-,3627.4000,3627.0000,3626.2000,3626.0000,3625.0000,3631.2000,3632.0000,3632.2000,3633.6000,3634.0000,1,1,1,2,8,2,1,2,1,8
SF,IF2009,2020-04-22 09:34:44.300,3629.8000,19924,0,222967560.000,0,-,-,-,-,3627.4000,3627.0000,3626.2000,3626.0000,3625.0000,3630.8000,3631.0000,3631.2000,3632.0000,3632.2000,1,1,1,2,8,7,1,3,1,2
SF,IF2009,2020-04-22 09:34:44.800,3629.8000,19924,0,222967560.000,0,-,-,-,-,3627.8000,3627.4000,3627.0000,3626.2000,3626.0000,3630.6000,3630.8000,3631.0000,3631.2000,3632.0000,1,1,1,1,2,2,8,1,2,1
SF,IF2009,2020-04-22 09:34:45.300,3629.8000,19924,0,222967560.000,0,-,-,-,-,3627.8000,3627.0000,3626.2000,3626.0000,3625.0000,3630.2000,3630.4000,3630.6000,3630.8000,3631.0000,1,1,1,2,3,2,1,2,9,1
SF,IF2009,2020-04-22 09:34:45.800,3629.8000,19924,0,222967560.000,0,-,-,-,-,3628.2000,3627.8000,3627.0000,3626.2000,3626.0000,3630.0000,3630.2000,3630.4000,3630.6000,3631.0000,1,2,1,1,2,1,1,1,2,1
