市场代码,合约代码,时间,最新,持仓,增仓,成交额,成交量,开仓,平仓,成交类型,方向,买一价,买二价,买三价,买四价,买五价,卖一价,卖二价,卖三价,卖四价,卖五价,买一量,买二量,买三量,买四量,买五量,卖一量,卖二量,卖三量,卖四量,卖五量
SF,IF2009,2020-03-02 09:29:00.200,3900.6000,8908,0,3510540.000,3.000,-,-,-,-,3900.4000,3896.2000,3892.6000,3891.8000,3891.4000,3905.0000,3914.6000,3915.0000,3918.0000,3919.4000,1,1,1,1,1,1,1,1,1,1
SF,IF2009,2020-03-02 09:30:00.200,3909.8000,8904,-4,9373800.000,5,0,5,多平,S,3910.0000,3909.6000,3909.4000,3909.2000,3909.0000,3914.6000,3915.0000,3918.0000,3919.4000,3924.8000,1,1,1,1,1,1,1,1,1,1
SF,IF2009,2020-03-02 09:30:00.700,3928.8000,8897,-7,18784380.000,8,0,8,多平,S,3911.6000,3910.2000,3910.0000,3909.8000,3909.6000,3950.0000,3955.6000,3959.0000,3959.2000,3967.8000,1,5,1,1,1,1,1,1,4,2
SF,IF2009,2020-03-02 09:30:01.200,3928.8000,8897,0,18784380.000,0,-,-,-,-,3911.8000,3911.6000,3910.2000,3910.0000,3909.8000,3916.8000,3917.8000,3918.6000,3921.0000,3923.4000,7,1,4,3,1,1,2,1,1,1
SF,IF2009,2020-03-02 09:30:01.700,3916.8000,8896,-1,19959420.000,1,0,1,双平,S,3912.0000,3911.8000,3911.6000,3910.2000,3910.0000,3924.8000,3948.8000,3949.8000,3950.0000,3955.6000,1,4,2,3,2,1,2,4,1,1
SF,IF2009,2020-03-02 09:30:02.200,3916.8000,8896,0,19959420.000,0,-,-,-,-,3912.2000,3912.0000,3911.8000,3911.6000,3910.2000,3921.6000,3922.8000,3923.4000,3923.6000,3924.0000,7,1,1,2,3,2,1,1,1,1
SF,IF2009,2020-03-02 09:30:02.700,3916.8000,8896,0,19959420.000,0,-,-,-,-,3915.6000,3912.6000,3912.2000,3912.0000,3911.8000,3921.2000,3921.6000,3922.8000,3924.0000,3924.6000,1,1,7,1,1,1,2,1,1,1
SF,IF2009,2020-03-02 09:30:03.200,3921.2000,8896,0,21135780.000,1,0,1,多换,S,3917.0000,3916.0000,3915.8000,3915.6000,3912.2000,3921.6000,3922.8000,3924.6000,3928.0000,3948.8000,1,1,7,2,2,2,2,1,1,2
SF,IF2009,2020-03-02 09:30:03.700,3921.6000,8895,-1,22312260.000,1,0,1,双平,S,3918.0000,3917.2000,3917.0000,3916.8000,3916.2000,3921.6000,3922.8000,3924.6000,3927.4000,3928.0000,1,6,1,2,1,1,1,1,1,1
SF,IF2009,2020-03-02 09:30:04.200,3921.6000,8894,-1,24665220.000,2,0,2,多平,S,3921.2000,3918.2000,3917.2000,3917.0000,3916.8000,3922.8000,3924.6000,3927.4000,3948.8000,3949.8000,1,3,2,1,1,1,1,1,2,2
SF,IF2009,2020-03-02 09:30:04.700,3922.6000,8893,-1,25842000.000,1,0,1,双平,S,3921.2000,3918.2000,3917.2000,3917.0000,3916.8000,3922.6000,3922.8000,3927.4000,3948.8000,3950.0000,1,3,1,1,1,1,1,1,2,1
SF,IF2009,2020-03-02 09:30:05.200,3922.8000,8892,-1,28195620.000,2,0,2,多平,S,3924.8000,3921.4000,3921.2000,3918.2000,3917.2000,3927.4000,3948.8000,3950.0000,3955.6000,3959.0000,2,3,1,2,1,1,2,1,1,1
SF,IF2009,2020-03-02 09:30:05.700,3927.0000,8891,-1,31728600.000,3,1,2,多平,S,3921.4000,3921.2000,3919.6000,3918.2000,3917.2000,3927.0000,3927.4000,3948.8000,3950.0000,3955.6000,1,1,1,2,1,1,1,2,1,1
SF,IF2009,2020-03-02 09:30:06.200,3927.0000,8891,0,31728600.000,0,-,-,-,-,3921.6000,3921.4000,3921.2000,3919.6000,3918.2000,3926.8000,3927.0000,3937.0000,3948.8000,3950.0000,2,1,1,1,1,1,1,1,2,1
SF,IF2009,2020-03-02 09:30:06.700,3927.0000,8891,0,31728600.000,0,-,-,-,-,3922.4000,3921.6000,3921.4000,3921.2000,3918.2000,3925.8000,3926.8000,3927.0000,3927.4000,3937.0000,2,1,1,2,1,1,1,1,1,1
SF,IF2009,2020-03-02 09:30:07.200,3927.0000,8891,0,31728600.000,0,-,-,-,-,3922.6000,3922.4000,3921.6000,3921.4000,3921.2000,3925.6000,3925.8000,3926.4000,3927.0000,3927.4000,1,2,1,1,2,1,1,1,1,1
SF,IF2009,2020-03-02 09:30:07.700,3925.8000,8890,-1,34084080.000,2,0,2,多平,S,3922.8000,3922.4000,3922.2000,3921.6000,3921.4000,3926.4000,3927.0000,3927.4000,3948.8000,3950.0000,1,2,1,1,1,1,1,1,2,1
SF,IF2009,2020-03-02 09:30:08.200,3925.8000,8890,0,34084080.000,0,-,-,-,-,3923.0000,3922.8000,3922.4000,3922.2000,3921.2000,3926.2000,3926.4000,3927.0000,3927.4000,3948.8000,1,1,2,1,1,2,1,1,1,2
SF,IF2009,2020-03-02 09:30:08.700,3926.2000,8889,-1,36439800.000,2,0,2,多平,S,3926.2000,3923.0000,3922.8000,3922.4000,3922.2000,3927.0000,3927.4000,3934.4000,3948.8000,3950.0000,3,1,1,2,1,1,1,1,2,1
SF,IF2009,2020-03-02 09:30:09.200,3927.0000,8887,-2,38795760.000,2,0,2,双平,S,3926.4000,3926.2000,3923.0000,3922.8000,3922.4000,3927.4000,3934.4000,3948.8000,3950.0000,3955.6000,1,2,1,1,2,1,1,2,1,1
SF,IF2009,2020-03-02 09:30:09.700,3927.2000,8886,-1,42330000.000,3,1,2,多平,S,3927.0000,3926.2000,3923.0000,3922.8000,3922.4000,3927.4000,3929.8000,3934.4000,3936.0000,3948.8000,5,2,1,1,2,1,1,1,1,2
SF,IF2009,2020-03-02 09:30:10.200,3927.4000,8882,-4,48220860.000,5,0,5,多平,S,3927.0000,3926.2000,3923.0000,3922.8000,3922.4000,3929.8000,3934.4000,3936.0000,3948.8000,3950.0000,5,2,1,1,2,1,1,1,2,1
SF,IF2009,2020-03-02 09:30:10.700,3927.4000,8882,0,48220860.000,0,-,-,-,-,3927.4000,3927.2000,3927.0000,3926.2000,3922.4000,3929.2000,3929.6000,3934.4000,3936.0000,3948.8000,1,4,5,2,2,3,1,1,1,2
SF,IF2009,2020-03-02 09:30:11.200,3927.4000,8882,0,49399080.000,1,0,1,多换,S,3927.6000,3927.4000,3927.2000,3927.0000,3926.2000,3929.2000,3929.6000,3934.4000,3936.0000,3948.8000,1,1,3,6,2,2,1,1,1,2
SF,IF2009,2020-03-02 09:30:11.700,3927.4000,8880,-2,51755520.000,2,0,2,双平,S,3927.2000,3927.0000,3926.2000,3922.4000,3921.2000,3929.2000,3929.6000,3934.4000,3936.0000,3948.8000,3,6,2,2,1,2,1,1,1,2
SF,IF2009,2020-03-02 09:30:12.200,3929.2000,8881,1,52934280.000,1,1,0,双开,S,3927.4000,3927.2000,3927.0000,3926.2000,3922.4000,3929.2000,3929.6000,3934.4000,3936.0000,3948.8000,1,3,6,2,2,1,1,1,1,2
SF,IF2009,2020-03-02 09:30:12.700,3929.2000,8881,0,54113040.000,1,0,1,多换,S,3927.4000,3927.2000,3927.0000,3926.2000,3922.4000,3929.6000,3934.4000,3936.0000,3948.8000,3950.0000,1,1,6,2,2,1,1,1,2,1
SF,IF2009,2020-03-02 09:30:13.200,3927.6000,8880,-1,55291320.000,1,0,1,双平,S,3927.4000,3927.2000,3927.0000,3926.2000,3921.2000,3929.2000,3929.6000,3934.4000,3948.8000,3950.0000,1,1,6,2,1,1,1,1,2,1
SF,IF2009,2020-03-02 09:30:13.700,3929.2000,8879,-1,56470080.000,1,0,1,双平,S,3927.4000,3927.2000,3927.0000,3926.2000,3921.2000,3929.6000,3934.4000,3948.8000,3950.0000,3955.6000,1,1,6,2,1,1,1,2,1,1
SF,IF2009,2020-03-02 09:30:14.200,3929.6000,8878,-1,57648960.000,1,0,1,双平,S,3927.4000,3927.2000,3927.0000,3926.2000,3921.2000,3941.6000,3948.8000,3950.0000,3955.6000,3959.0000,1,1,6,2,1,1,2,1,1,1
SF,IF2009,2020-03-02 09:30:14.700,3929.6000,8878,0,57648960.000,0,-,-,-,-,3927.6000,3927.4000,3927.2000,3927.0000,3926.2000,3931.2000,3933.0000,3933.6000,3933.8000,3935.4000,2,1,1,6,2,1,1,2,1,1
SF,IF2009,2020-03-02 09:30:15.200,3929.6000,8878,0,57648960.000,0,-,-,-,-,3927.8000,3927.6000,3927.0000,3926.2000,3921.2000,3931.2000,3933.0000,3933.6000,3933.8000,3935.4000,3,1,6,2,1,1,1,2,1,1
SF,IF2009,2020-03-02 09:30:15.700,3929.6000,8878,0,57648960.000,0,-,-,-,-,3928.0000,3927.8000,3927.6000,3927.0000,3926.2000,3931.2000,3933.0000,3933.6000,3935.4000,3935.8000,1,3,1,6,2,1,1,2,1,1
SF,IF2009,2020-03-02 09:30:16.200,3931.2000,8878,0,58828320.000,1,0,1,多换,S,3931.6000,3928.2000,3928.0000,3927.8000,3927.6000,3933.0000,3933.6000,3935.4000,3935.8000,3936.2000,1,2,1,2,1,1,1,1,1,1
SF,IF2009,2020-03-02 09:30:16.700,3931.6000,8878,0,60007800.000,1,0,1,多换,S,3928.2000,3928.0000,3927.8000,3927.6000,3927.0000,3932.8000,3933.0000,3933.6000,3935.4000,3935.8000,2,1,1,1,6,1,1,1,1,1
SF,IF2009,2020-03-02 09:30:17.200,3931.2000,8879,1,62367060.000,2,1,1,空开,S,3928.4000,3928.2000,3928.0000,3927.0000,3926.2000,3933.6000,3935.4000,3935.8000,3936.2000,3937.2000,2,2,1,6,2,1,1,1,1,1
SF,IF2009,2020-03-02 09:30:17.700,3933.4000,8877,-2,64726740.000,2,0,2,双平,S,3931.4000,3928.6000,3928.4000,3928.0000,3927.0000,3933.6000,3935.4000,3935.8000,3937.2000,3939.4000,1,2,2,1,6,1,1,1,1,1
SF,IF2009,2020-03-02 09:30:18.200,3931.4000,8877,0,65906160.000,1,0,1,多换,S,3931.6000,3928.8000,3928.6000,3928.4000,3927.0000,3933.4000,3933.6000,3935.4000,3935.8000,3937.2000,2,1,1,1,6,1,1,1,1,1
SF,IF2009,2020-03-02 09:30:18.700,3933.4000,8876,-1,67086180.000,1,0,1,双平,S,3931.6000,3928.8000,3928.6000,3928.4000,3927.0000,3933.6000,3935.8000,3937.2000,3939.4000,3939.8000,2,1,1,1,6,1,1,1,1,1
SF,IF2009,2020-03-02 09:30:19.200,3933.4000,8876,0,67086180.000,0,-,-,-,-,3931.6000,3928.6000,3928.4000,3927.0000,3926.2000,3933.6000,3935.8000,3937.2000,3939.4000,3939.8000,2,1,1,6,2,1,1,1,1,1
SF,IF2009,2020-03-02 09:30:19.700,3931.6000,8875,-1,68265660.000,1,0,1,双平,S,3931.6000,3928.6000,3928.4000,3927.0000,3926.2000,3933.6000,3935.8000,3937.2000,3939.4000,3939.8000,1,1,1,6,2,1,1,1,1,1
SF,IF2009,2020-03-02 09:30:20.200,3931.6000,8875,0,68265660.000,0,-,-,-,-,3931.8000,3931.6000,3928.6000,3928.4000,3927.0000,3933.6000,3935.8000,3937.2000,3939.4000,3939.8000,1,1,1,1,6,1,1,1,1,1
SF,IF2009,2020-03-02 09:30:20.700,3931.6000,8874,-1,69445140.000,1,0,1,双平,S,3931.8000,3931.6000,3928.6000,3928.4000,3927.0000,3933.6000,3935.8000,3937.2000,3939.4000,3939.8000,1,1,1,1,6,1,1,1,1,1
SF,IF2009,2020-03-02 09:30:21.200,3931.6000,8874,0,69445140.000,0,-,-,-,-,3931.8000,3931.6000,3928.6000,3928.4000,3927.0000,3933.6000,3935.8000,3937.2000,3939.4000,3939.8000,1,1,1,1,6,2,1,1,1,1
SF,IF2009,2020-03-02 09:30:21.700,3933.6000,8874,0,71805300.000,2,1,1,多换,S,3931.8000,3931.6000,3928.6000,3928.4000,3927.0000,3935.8000,3937.2000,3939.4000,3939.8000,3941.4000,1,1,1,1,6,1,1,1,1,3
SF,IF2009,2020-03-02 09:30:22.200,3933.6000,8874,0,71805300.000,0,-,-,-,-,3933.6000,3932.0000,3931.8000,3931.6000,3927.0000,3935.4000,3935.6000,3937.2000,3939.4000,3939.8000,6,1,1,1,6,1,2,1,1,1
SF,IF2009,2020-03-02 09:30:22.700,3935.4000,8873,-1,76526220.000,4,1,3,多平,S,3935.4000,3933.6000,3932.0000,3931.8000,3931.6000,3935.6000,3937.2000,3939.8000,3941.4000,3949.0000,1,4,1,1,1,2,1,1,2,1
SF,IF2009,2020-03-02 09:30:23.200,3932.0000,8872,-1,83606760.000,6,2,4,多平,S,3931.8000,3931.6000,3927.0000,3926.2000,3921.2000,3935.4000,3937.2000,3939.8000,3941.4000,3949.0000,1,1,6,2,1,7,1,1,2,1
SF,IF2009,2020-03-02 09:30:23.700,3932.0000,8872,0,83606760.000,0,-,-,-,-,3932.0000,3931.8000,3931.6000,3927.0000,3926.2000,3935.4000,3937.2000,3939.8000,3941.4000,3949.0000,2,1,1,6,2,7,1,1,2,1
SF,IF2009,2020-03-02 09:30:24.200,3932.0000,8872,0,83606760.000,0,-,-,-,-,3932.2000,3932.0000,3927.0000,3926.2000,3921.2000,3933.8000,3934.4000,3935.0000,3935.4000,3937.2000,3,2,1,2,1,1,1,2,7,1
SF,IF2009,2020-03-02 09:30:24.700,3932.0000,8872,0,83606760.000,0,-,-,-,-,3932.2000,3927.0000,3926.2000,3921.2000,3909.8000,3934.4000,3935.0000,3935.4000,3935.6000,3937.2000,3,1,2,1,1,1,2,1,1,1
SF,IF2009,2020-03-02 09:30:25.200,3932.0000,8872,0,83606760.000,0,-,-,-,-,3932.2000,3927.0000,3926.2000,3921.2000,3909.8000,3934.4000,3935.0000,3935.4000,3935.6000,3937.2000,3,1,2,1,1,1,1,1,1,1
SF,IF2009,2020-03-02 09:30:25.700,3932.0000,8872,0,83606760.000,0,-,-,-,-,3932.2000,3927.0000,3926.2000,3921.2000,3909.8000,3934.4000,3935.4000,3935.6000,3937.2000,3941.4000,3,1,2,1,1,1,1,1,1,2
SF,IF2009,2020-03-02 09:30:26.200,3932.0000,8872,0,83606760.000,0,-,-,-,-,3932.2000,3927.0000,3926.2000,3921.2000,3909.8000,3934.4000,3935.4000,3935.6000,3937.2000,3941.4000,3,1,2,1,1,1,1,1,1,2
SF,IF2009,2020-03-02 09:30:26.700,3932.0000,8872,0,83606760.000,0,-,-,-,-,3932.2000,3927.0000,3926.2000,3921.2000,3909.8000,3933.8000,3934.4000,3935.4000,3935.6000,3937.2000,3,1,2,1,1,1,2,1,1,1
SF,IF2009,2020-03-02 09:30:27.200,3933.8000,8871,-1,84786900.000,1,0,1,双平,S,3932.2000,3927.0000,3926.2000,3921.2000,3909.8000,3934.4000,3935.4000,3935.6000,3937.0000,3937.2000,3,1,2,1,1,1,1,1,1,1
SF,IF2009,2020-03-02 09:30:27.700,3933.8000,8871,0,84786900.000,0,-,-,-,-,3932.2000,3927.0000,3926.2000,3921.2000,3909.8000,3934.4000,3935.4000,3935.6000,3937.0000,3937.2000,3,1,2,1,1,1,1,1,1,1
SF,IF2009,2020-03-02 09:30:28.200,3932.4000,8870,-1,85966620.000,1,0,1,双平,S,3932.2000,3927.0000,3926.2000,3921.2000,3909.8000,3934.4000,3935.4000,3935.6000,3937.0000,3937.2000,2,1,2,1,1,1,1,1,1,1
SF,IF2009,2020-03-02 09:30:28.700,3934.4000,8870,0,87146940.000,1,0,1,多换,S,3934.4000,3932.2000,3927.0000,3926.2000,3921.2000,3935.4000,3935.6000,3937.0000,3937.2000,3938.0000,2,2,1,2,1,1,1,1,1,1
SF,IF2009,2020-03-02 09:30:29.200,3934.4000,8868,-2,89507580.000,2,0,2,双平,S,3932.2000,3927.0000,3926.2000,3921.2000,3909.8000,3935.4000,3935.6000,3937.0000,3937.2000,3938.0000,2,1,2,1,1,1,1,1,1,1
SF,IF2009,2020-03-02 09:30:29.700,3934.4000,8868,0,89507580.000,0,-,-,-,-,3932.4000,3932.2000,3927.0000,3921.2000,3909.8000,3935.4000,3935.6000,3937.0000,3937.2000,3938.0000,1,2,1,1,1,1,1,1,1,1
SF,IF2009,2020-03-02 09:30:30.200,3932.4000,8867,-1,90687300.000,1,0,1,双平,S,3932.6000,3932.2000,3927.0000,3921.2000,3909.8000,3935.2000,3935.4000,3935.6000,3937.0000,3937.2000,1,2,1,1,1,1,2,1,1,1
SF,IF2009,2020-03-02 09:30:30.700,3932.4000,8867,0,90687300.000,0,-,-,-,-,3932.8000,3932.6000,3932.2000,3927.0000,3921.2000,3935.0000,3935.2000,3935.4000,3935.6000,3937.0000,1,1,1,1,1,1,2,2,1,1
SF,IF2009,2020-03-02 09:30:31.200,3932.4000,8867,0,90687300.000,0,-,-,-,-,3933.8000,3932.8000,3932.6000,3932.2000,3927.0000,3934.8000,3935.0000,3935.2000,3935.4000,3935.6000,1,1,1,1,1,1,2,1,2,1
SF,IF2009,2020-03-02 09:30:31.700,3934.8000,8866,-1,93047880.000,2,0,2,多平,S,3934.4000,3932.8000,3932.6000,3927.0000,3921.2000,3935.0000,3935.2000,3935.4000,3935.6000,3937.0000,5,1,1,1,1,1,1,2,1,1
SF,IF2009,2020-03-02 09:30:32.200,3934.8000,8866,0,100129920.000,6,3,3,多换,S,3932.8000,3927.0000,3921.2000,3909.8000,3905.0000,3934.8000,3935.0000,3935.4000,3935.6000,3937.0000,1,1,1,1,2,1,1,2,1,1
SF,IF2009,2020-03-02 09:30:32.700,3934.8000,8866,0,100129920.000,0,-,-,-,-,3932.8000,3927.0000,3921.2000,3909.8000,3905.0000,3934.0000,3935.4000,3935.6000,3937.0000,3937.2000,1,1,1,1,2,1,2,1,1,1
SF,IF2009,2020-03-02 09:30:33.200,3934.8000,8866,0,100129920.000,0,-,-,-,-,3932.8000,3927.0000,3921.2000,3909.8000,3905.0000,3934.0000,3935.4000,3935.6000,3937.0000,3937.2000,1,1,1,1,2,1,2,1,1,1
SF,IF2009,2020-03-02 09:30:33.700,3932.8000,8865,-1,101309760.000,1,0,1,双平,S,3927.0000,3921.2000,3909.8000,3905.0000,3901.2000,3933.8000,3934.0000,3935.0000,3935.4000,3935.6000,1,1,1,2,2,1,1,1,2,1
SF,IF2009,2020-03-02 09:30:34.200,3932.8000,8865,0,101309760.000,0,-,-,-,-,3930.4000,3930.0000,3929.2000,3927.2000,3927.0000,3933.6000,3934.0000,3935.0000,3935.4000,3935.6000,1,1,3,4,2,2,1,1,2,1
SF,IF2009,2020-03-02 09:30:34.700,3932.8000,8865,0,101309760.000,0,-,-,-,-,3929.2000,3927.2000,3927.0000,3921.2000,3909.8000,3933.4000,3933.6000,3933.8000,3934.0000,3935.0000,1,4,2,1,1,1,2,1,1,1
SF,IF2009,2020-03-02 09:30:35.200,3932.8000,8865,0,101309760.000,0,-,-,-,-,3929.4000,3927.2000,3927.0000,3921.2000,3909.8000,3933.2000,3933.8000,3934.0000,3935.0000,3935.4000,1,3,2,1,1,2,1,1,1,2
SF,IF2009,2020-03-02 09:30:36.200,3932.8000,8865,0,101309760.000,0,-,-,-,-,3929.4000,3927.2000,3927.0000,3921.2000,3909.8000,3932.8000,3933.2000,3933.8000,3934.0000,3935.0000,1,3,1,1,1,1,1,1,1,1
SF,IF2009,2020-03-02 09:30:36.700,3932.8000,8865,0,101309760.000,0,-,-,-,-,3929.6000,3929.4000,3927.2000,3927.0000,3921.2000,3932.6000,3932.8000,3933.2000,3933.8000,3934.0000,1,1,1,1,1,1,1,1,1,1
SF,IF2009,2020-03-02 09:30:37.200,3929.8000,8864,-1,102488700.000,1,0,1,双平,S,3929.6000,3927.2000,3927.0000,3921.2000,3909.8000,3932.6000,3932.8000,3933.2000,3933.8000,3934.0000,1,1,1,1,1,1,1,1,1,1
SF,IF2009,2020-03-02 09:30:37.700,3929.8000,8864,0,102488700.000,0,-,-,-,-,3927.2000,3927.0000,3921.2000,3909.8000,3905.0000,3932.4000,3932.6000,3932.8000,3933.2000,3933.8000,1,1,1,1,2,1,1,1,1,1
SF,IF2009,2020-03-02 09:30:38.200,3929.8000,8864,0,102488700.000,0,-,-,-,-,3927.4000,3927.0000,3921.2000,3909.8000,3905.0000,3932.2000,3932.4000,3932.6000,3933.8000,3934.0000,1,3,1,1,2,3,1,1,1,1
SF,IF2009,2020-03-02 09:30:38.700,3929.8000,8864,0,102488700.000,0,-,-,-,-,3927.0000,3921.2000,3909.8000,3905.0000,3901.2000,3932.0000,3932.2000,3932.6000,3933.8000,3934.0000,3,1,1,2,2,3,3,1,1,1
SF,IF2009,2020-03-02 09:30:39.200,3929.8000,8864,0,102488700.000,0,-,-,-,-,3927.0000,3921.2000,3909.8000,3905.0000,3901.2000,3931.8000,3932.0000,3932.6000,3933.8000,3934.0000,3,1,1,2,2,3,3,1,1,1
SF,IF2009,2020-03-02 09:30:39.700,3929.8000,8864,0,102488700.000,0,-,-,-,-,3927.0000,3921.2000,3909.8000,3905.0000,3901.2000,3931.2000,3931.6000,3931.8000,3932.0000,3932.6000,3,1,1,2,2,1,3,3,3,1
SF,IF2009,2020-03-02 09:30:40.200,3929.8000,8864,0,102488700.000,0,-,-,-,-,3927.0000,3921.2000,3909.8000,3905.0000,3901.2000,3931.0000,3931.2000,3931.4000,3931.6000,3932.0000,1,1,1,2,2,2,1,1,3,3
SF,IF2009,2020-03-02 09:30:40.700,3929.8000,8864,0,102488700.000,0,-,-,-,-,3927.2000,3927.0000,3921.2000,3909.8000,3905.0000,3930.8000,3931.0000,3931.2000,3931.4000,3931.6000,1,1,1,1,2,1,2,1,1,2
SF,IF2009,2020-03-02 09:30:41.200,3929.8000,8864,0,102488700.000,0,-,-,-,-,3927.2000,3927.0000,3921.2000,3909.8000,3905.0000,3930.6000,3930.8000,3931.2000,3931.4000,3932.0000,1,1,1,1,2,2,1,1,1,1
SF,IF2009,2020-03-02 09:30:41.700,3929.8000,8864,0,102488700.000,0,-,-,-,-,3927.2000,3927.0000,3921.2000,3909.8000,3905.0000,3930.6000,3930.8000,3931.2000,3931.4000,3932.0000,1,1,1,1,2,2,1,1,1,1
SF,IF2009,2020-03-02 09:30:42.200,3929.8000,8864,0,102488700.000,0,-,-,-,-,3927.4000,3927.2000,3927.0000,3921.2000,3909.8000,3930.6000,3930.8000,3931.2000,3931.4000,3932.0000,1,1,1,1,1,2,1,1,1,1
SF,IF2009,2020-03-02 09:30:42.700,3929.8000,8864,0,102488700.000,0,-,-,-,-,3927.4000,3927.2000,3927.0000,3926.8000,3921.2000,3930.6000,3930.8000,3931.2000,3932.0000,3932.6000,1,1,1,1,1,1,1,1,1,1
SF,IF2009,2020-03-02 09:30:43.200,3929.8000,8864,0,102488700.000,0,-,-,-,-,3927.2000,3927.0000,3926.8000,3921.2000,3909.8000,3930.4000,3930.6000,3930.8000,3931.2000,3932.0000,1,1,1,1,1,2,1,1,1,1
SF,IF2009,2020-03-02 09:30:43.700,3929.8000,8864,0,102488700.000,0,-,-,-,-,3927.2000,3927.0000,3926.8000,3921.2000,3909.8000,3930.4000,3930.6000,3930.8000,3931.2000,3932.0000,1,1,1,1,1,1,1,1,1,1
SF,IF2009,2020-03-02 09:30:44.700,3927.4000,8863,-1,103666920.000,1,0,1,双平,S,3927.2000,3927.0000,3926.8000,3921.2000,3909.8000,3930.6000,3930.8000,3931.2000,3932.6000,3933.8000,1,1,1,1,1,1,1,1,1,1
SF,IF2009,2020-03-02 09:30:45.200,3927.4000,8863,0,103666920.000,0,-,-,-,-,3927.0000,3926.8000,3921.2000,3909.8000,3905.0000,3927.2000,3930.4000,3930.6000,3930.8000,3931.2000,2,1,1,1,2,1,1,1,1,1
SF,IF2009,2020-03-02 09:30:45.700,3927.0000,8863,0,107201280.000,3,1,2,多换,S,3926.8000,3921.2000,3909.8000,3905.0000,3901.2000,3930.0000,3930.2000,3930.4000,3930.8000,3931.2000,1,1,1,2,2,1,1,1,1,1
SF,IF2009,2020-03-02 09:30:46.200,3927.0000,8863,0,107201280.000,0,-,-,-,-,3926.8000,3921.2000,3909.8000,3905.0000,3901.2000,3929.8000,3930.0000,3930.2000,3930.4000,3930.8000,1,1,1,2,2,1,1,1,1,1
SF,IF2009,2020-03-02 09:30:46.700,3927.0000,8863,0,107201280.000,0,-,-,-,-,3926.8000,3921.2000,3909.8000,3905.0000,3901.2000,3929.6000,3929.8000,3930.0000,3930.2000,3930.4000,1,1,1,2,2,1,1,1,1,1
SF,IF2009,2020-03-02 09:30:47.200,3927.0000,8863,0,107201280.000,0,-,-,-,-,3926.8000,3921.2000,3909.8000,3905.0000,3901.2000,3929.4000,3929.6000,3930.4000,3930.8000,3931.2000,1,1,1,2,2,1,1,1,1,1
SF,IF2009,2020-03-02 09:30:47.700,3927.0000,8863,0,107201280.000,0,-,-,-,-,3926.8000,3921.2000,3909.8000,3905.0000,3901.2000,3929.4000,3929.6000,3930.4000,3930.8000,3931.2000,1,1,1,2,2,1,2,1,1,1
SF,IF2009,2020-03-02 09:30:48.200,3927.0000,8863,0,107201280.000,0,-,-,-,-,3926.8000,3921.2000,3909.8000,3905.0000,3901.2000,3927.4000,3929.2000,3929.4000,3929.6000,3930.4000,1,1,1,2,2,1,1,1,2,1
SF,IF2009,2020-03-02 09:30:48.700,3927.4000,8860,-3,110735820.000,3,0,3,双平,S,3926.8000,3921.2000,3909.8000,3905.0000,3901.2000,3929.2000,3929.6000,3930.4000,3930.8000,3931.2000,1,1,1,2,2,1,1,1,1,1
SF,IF2009,2020-03-02 09:30:49.200,3927.4000,8860,0,110735820.000,0,-,-,-,-,3927.0000,3926.8000,3921.2000,3909.8000,3905.0000,3929.6000,3930.8000,3931.2000,3932.6000,3933.6000,1,1,1,1,2,1,1,1,1,1
SF,IF2009,2020-03-02 09:30:49.700,3927.4000,8860,0,110735820.000,0,-,-,-,-,3927.0000,3926.8000,3921.2000,3909.8000,3905.0000,3929.6000,3930.8000,3931.2000,3932.6000,3933.6000,1,1,1,1,2,1,1,1,1,1
SF,IF2009,2020-03-02 09:30:50.200,3927.4000,8860,0,110735820.000,0,-,-,-,-,3927.0000,3926.8000,3921.2000,3909.8000,3905.0000,3929.6000,3930.8000,3931.2000,3932.6000,3933.6000,1,1,1,1,2,1,1,1,1,1
SF,IF2009,2020-03-02 09:30:50.700,3927.4000,8860,0,110735820.000,0,-,-,-,-,3927.2000,3927.0000,3926.8000,3921.2000,3909.8000,3929.6000,3930.8000,3931.2000,3932.6000,3933.6000,1,1,1,1,1,1,1,1,1,1
SF,IF2009,2020-03-02 09:30:51.200,3927.4000,8859,-1,111914040.000,1,0,1,双平,S,3927.2000,3926.8000,3921.2000,3909.8000,3905.0000,3929.6000,3930.8000,3932.6000,3933.6000,3933.8000,1,1,1,1,2,2,1,1,1,1
SF,IF2009,2020-03-02 09:30:51.700,3929.6000,8859,0,113092920.000,1,0,1,多换,S,3927.4000,3927.2000,3926.8000,3921.2000,3909.8000,3929.6000,3930.8000,3932.6000,3933.6000,3933.8000,1,1,1,1,1,1,1,1,1,1
SF,IF2009,2020-03-02 09:30:52.200,3929.6000,8859,0,114271800.000,1,0,1,多换,S,3927.4000,3927.2000,3926.8000,3921.2000,3909.8000,3930.8000,3932.6000,3932.8000,3933.8000,3934.0000,1,1,1,1,1,1,1,1,1,1
SF,IF2009,2020-03-02 09:30:52.700,3929.6000,8859,0,114271800.000,0,-,-,-,-,3927.4000,3927.2000,3926.8000,3921.2000,3909.8000,3930.6000,3930.8000,3932.6000,3932.8000,3933.8000,1,1,1,1,1,1,1,1,1,1
SF,IF2009,2020-03-02 09:30:53.200,3929.6000,8859,0,114271800.000,0,-,-,-,-,3927.4000,3927.2000,3926.8000,3921.2000,3909.8000,3930.6000,3930.8000,3932.6000,3933.8000,3934.0000,1,1,1,1,1,1,1,1,1,1
SF,IF2009,2020-03-02 09:30:53.700,3929.6000,8859,0,114271800.000,0,-,-,-,-,3930.0000,3927.4000,3927.2000,3926.8000,3921.2000,3930.8000,3932.6000,3933.8000,3934.0000,3935.4000,1,1,1,1,1,1,1,1,1,2
SF,IF2009,2020-03-02 09:30:54.200,3930.0000,8858,-1,115450800.000,1,0,1,双平,S,3927.4000,3927.2000,3926.8000,3921.2000,3909.8000,3930.6000,3930.8000,3932.6000,3933.8000,3934.0000,1,1,1,1,1,1,1,1,1,1
SF,IF2009,2020-03-02 09:30:54.700,3930.0000,8858,0,115450800.000,0,-,-,-,-,3927.4000,3927.2000,3926.8000,3921.2000,3909.8000,3930.4000,3930.6000,3930.8000,3932.6000,3933.8000,1,1,1,1,1,1,1,1,1,1
SF,IF2009,2020-03-02 09:30:55.200,3927.6000,8856,-2,117807360.000,2,0,2,双平,S,3927.4000,3927.2000,3926.8000,3921.2000,3909.8000,3930.4000,3930.6000,3930.8000,3932.6000,3933.8000,1,1,1,1,1,1,1,1,1,1
SF,IF2009,2020-03-02 09:30:55.700,3930.6000,8857,1,118986540.000,1,1,0,双开,S,3930.6000,3927.4000,3927.2000,3926.8000,3921.2000,3930.8000,3932.6000,3933.8000,3934.0000,3935.4000,4,1,1,1,1,1,1,1,1,2
SF,IF2009,2020-03-02 09:30:56.200,3930.8000,8857,0,124882500.000,5,2,3,多换,S,3926.8000,3921.2000,3909.8000,3905.0000,3901.2000,3932.6000,3933.8000,3934.0000,3935.4000,3935.6000,1,1,1,2,2,1,1,1,2,1
SF,IF2009,2020-03-02 09:30:56.700,3927.0000,8856,-1,126060600.000,1,0,1,双平,S,3930.6000,3927.8000,3927.0000,3926.8000,3921.2000,3932.4000,3932.6000,3933.8000,3934.0000,3935.4000,1,1,3,1,1,2,1,1,1,2
SF,IF2009,2020-03-02 09:30:57.200,3930.6000,8856,0,127239780.000,1,0,1,多换,S,3927.8000,3927.0000,3926.8000,3921.2000,3909.8000,3932.4000,3932.6000,3933.8000,3934.0000,3935.4000,1,3,1,1,1,2,1,1,1,2
SF,IF2009,2020-03-02 09:30:57.700,3930.6000,8856,0,127239780.000,0,-,-,-,-,3928.0000,3927.8000,3927.6000,3927.0000,3926.8000,3930.6000,3932.4000,3932.6000,3933.8000,3934.0000,1,1,1,2,1,2,1,1,1,1
SF,IF2009,2020-03-02 09:30:58.200,3930.6000,8856,0,127239780.000,0,-,-,-,-,3928.4000,3928.2000,3928.0000,3927.8000,3927.0000,3930.6000,3932.4000,3932.6000,3933.8000,3934.0000,1,1,1,1,2,2,2,1,1,1
SF,IF2009,2020-03-02 09:30:58.700,3930.6000,8856,0,127239780.000,0,-,-,-,-,3928.2000,3928.0000,3927.0000,3926.8000,3921.2000,3930.6000,3932.4000,3932.6000,3933.8000,3934.0000,1,1,2,2,1,2,2,1,1,1
SF,IF2009,2020-03-02 09:30:59.200,3930.6000,8856,0,127239780.000,0,-,-,-,-,3928.2000,3928.0000,3927.0000,3926.8000,3921.2000,3930.6000,3932.4000,3932.6000,3933.8000,3934.0000,1,1,2,2,1,2,2,1,1,1
SF,IF2009,2020-03-02 09:30:59.700,3930.6000,8856,0,127239780.000,0,-,-,-,-,3928.4000,3928.2000,3928.0000,3927.0000,3926.8000,3930.4000,3930.6000,3932.4000,3932.6000,3933.8000,12,1,1,2,2,1,2,2,1,1
SF,IF2009,2020-03-02 09:31:00.200,3930.6000,8856,0,127239780.000,0,-,-,-,-,3928.0000,3927.0000,3926.8000,3921.2000,3909.8000,3930.4000,3930.6000,3932.4000,3932.6000,3933.8000,1,2,2,1,1,1,2,2,1,1
SF,IF2009,2020-03-02 09:31:00.700,3930.6000,8856,0,127239780.000,0,-,-,-,-,3928.0000,3927.0000,3926.8000,3921.2000,3909.8000,3930.4000,3930.6000,3932.4000,3932.6000,3933.8000,1,2,2,1,1,1,2,2,1,1
SF,IF2009,2020-03-02 09:31:01.200,3930.6000,8856,0,127239780.000,0,-,-,-,-,3928.0000,3927.0000,3926.8000,3921.2000,3909.8000,3932.4000,3932.6000,3933.8000,3934.0000,3935.4000,1,2,2,1,1,2,1,1,1,2
SF,IF2009,2020-03-02 09:31:01.700,3930.6000,8856,0,127239780.000,0,-,-,-,-,3929.2000,3928.2000,3928.0000,3927.0000,3926.8000,3932.4000,3932.6000,3933.8000,3934.0000,3935.4000,1,1,1,2,2,2,1,1,1,2
SF,IF2009,2020-03-02 09:31:02.200,3930.6000,8856,0,127239780.000,0,-,-,-,-,3929.4000,3929.2000,3928.2000,3927.0000,3926.8000,3932.4000,3932.6000,3933.8000,3934.0000,3935.4000,1,1,1,2,2,2,1,1,1,2
SF,IF2009,2020-03-02 09:31:02.700,3930.6000,8856,0,127239780.000,0,-,-,-,-,3930.0000,3929.4000,3929.2000,3928.2000,3927.0000,3932.2000,3932.4000,3932.6000,3933.8000,3934.0000,2,1,3,1,2,1,2,1,1,1
SF,IF2009,2020-03-02 09:31:03.200,3932.4000,8853,-3,131957280.000,4,0,4,多平,S,3930.0000,3929.4000,3929.2000,3927.0000,3926.8000,3932.4000,3932.6000,3933.8000,3934.0000,3935.4000,2,1,3,2,2,1,1,1,1,2
SF,IF2009,2020-03-02 09:31:03.700,3932.4000,8853,0,131957280.000,0,-,-,-,-,3930.2000,3930.0000,3929.2000,3927.0000,3926.8000,3932.2000,3932.4000,3932.6000,3933.8000,3934.0000,1,2,3,2,2,1,1,1,1,1
SF,IF2009,2020-03-02 09:31:04.200,3932.4000,8853,0,131957280.000,0,-,-,-,-,3930.4000,3930.2000,3930.0000,3929.2000,3927.0000,3932.2000,3932.4000,3932.6000,3933.8000,3934.0000,1,1,2,3,1,1,1,1,1,1
SF,IF2009,2020-03-02 09:31:04.700,3932.4000,8853,0,131957280.000,0,-,-,-,-,3930.2000,3930.0000,3929.2000,3927.0000,3926.8000,3932.2000,3932.4000,3932.6000,3933.8000,3934.0000,1,2,3,1,2,1,1,1,1,1
SF,IF2009,2020-03-02 09:31:05.700,3930.4000,8852,-1,133136400.000,1,0,1,双平,S,3930.2000,3930.0000,3929.2000,3927.0000,3926.8000,3932.2000,3932.4000,3932.6000,3933.8000,3934.0000,1,2,3,1,2,1,1,1,1,1
SF,IF2009,2020-03-02 09:31:06.200,3930.4000,8852,0,133136400.000,0,-,-,-,-,3930.2000,3930.0000,3929.2000,3927.0000,3926.8000,3932.2000,3932.4000,3932.6000,3933.8000,3934.0000,1,2,3,1,2,1,1,1,1,1
SF,IF2009,2020-03-02 09:31:06.700,3930.2000,8851,-1,134315460.000,1,0,1,双平,S,3930.0000,3929.2000,3927.0000,3926.8000,3921.2000,3932.2000,3932.4000,3932.6000,3933.8000,3934.0000,2,3,1,2,1,1,1,1,1,1
SF,IF2009,2020-03-02 09:31:07.200,3930.2000,8851,0,134315460.000,0,-,-,-,-,3930.0000,3929.2000,3927.0000,3926.8000,3921.2000,3932.2000,3932.4000,3932.6000,3933.8000,3934.0000,2,3,1,2,1,1,1,1,1,1
SF,IF2009,2020-03-02 09:31:07.700,3932.0000,8851,0,135495060.000,1,0,1,多换,S,3930.4000,3930.0000,3929.2000,3927.0000,3926.8000,3932.2000,3932.4000,3932.6000,3933.8000,3934.0000,1,2,3,1,2,2,1,1,1,1
SF,IF2009,2020-03-02 09:31:08.200,3932.2000,8851,0,137854380.000,2,1,1,多换,S,3930.4000,3930.0000,3929.2000,3927.0000,3926.8000,3932.4000,3932.6000,3933.8000,3934.0000,3935.4000,1,2,3,1,2,1,1,1,1,2
SF,IF2009,2020-03-02 09:31:08.700,3932.2000,8851,0,137854380.000,0,-,-,-,-,3930.4000,3930.0000,3929.2000,3927.0000,3926.8000,3932.4000,3932.6000,3933.8000,3934.0000,3935.4000,1,2,3,1,2,1,1,1,1,2
SF,IF2009,2020-03-02 09:31:09.700,3932.2000,8851,0,137854380.000,0,-,-,-,-,3930.0000,3929.2000,3927.0000,3926.8000,3921.2000,3932.4000,3932.6000,3933.8000,3934.0000,3935.4000,2,3,1,2,1,1,1,1,1,2
SF,IF2009,2020-03-02 09:31:10.700,3932.2000,8851,0,137854380.000,0,-,-,-,-,3930.0000,3929.2000,3927.0000,3926.8000,3921.2000,3932.2000,3932.4000,3932.6000,3933.8000,3934.0000,2,3,1,2,1,1,2,1,1,1
SF,IF2009,2020-03-02 09:31:11.200,3930.0000,8851,0,140212380.000,2,1,1,多换,S,3929.2000,3927.0000,3926.8000,3921.2000,3909.8000,3932.2000,3932.4000,3932.6000,3933.8000,3934.0000,1,1,2,1,1,2,2,1,1,1
SF,IF2009,2020-03-02 09:31:11.700,3930.0000,8851,0,140212380.000,0,-,-,-,-,3929.2000,3927.0000,3926.8000,3921.2000,3909.8000,3932.2000,3932.4000,3932.6000,3933.8000,3934.0000,1,1,2,1,1,2,2,1,1,1
SF,IF2009,2020-03-02 09:31:12.200,3930.0000,8851,0,140212380.000,0,-,-,-,-,3927.0000,3926.8000,3921.2000,3909.8000,3905.0000,3932.0000,3932.2000,3932.4000,3932.6000,3933.8000,1,2,1,1,2,1,1,2,1,1
SF,IF2009,2020-03-02 09:31:12.700,3930.0000,8851,0,140212380.000,0,-,-,-,-,3927.2000,3927.0000,3926.8000,3921.2000,3909.8000,3931.8000,3932.0000,3932.2000,3932.4000,3932.6000,1,1,2,1,1,2,1,1,2,1
SF,IF2009,2020-03-02 09:31:13.200,3930.0000,8851,0,140212380.000,0,-,-,-,-,3927.2000,3927.0000,3926.8000,3921.2000,3909.8000,3931.6000,3931.8000,3932.2000,3932.4000,3932.6000,1,1,1,1,1,2,2,1,2,1
SF,IF2009,2020-03-02 09:31:13.700,3930.0000,8851,0,140212380.000,0,-,-,-,-,3927.2000,3927.0000,3926.8000,3921.2000,3909.8000,3931.0000,3931.4000,3931.6000,3931.8000,3932.0000,1,1,1,1,1,1,1,2,1,1
SF,IF2009,2020-03-02 09:31:14.200,3930.0000,8851,0,140212380.000,0,-,-,-,-,3927.2000,3927.0000,3926.8000,3921.2000,3909.8000,3930.8000,3931.0000,3931.6000,3931.8000,3932.0000,1,1,1,1,1,2,1,1,1,1
SF,IF2009,2020-03-02 09:31:14.700,3930.0000,8851,0,140212380.000,0,-,-,-,-,3927.2000,3927.0000,3926.8000,3921.2000,3909.8000,3930.8000,3931.8000,3932.0000,3932.2000,3932.4000,1,1,1,1,1,1,2,1,1,2
SF,IF2009,2020-03-02 09:31:15.200,3930.0000,8851,0,140212380.000,0,-,-,-,-,3927.2000,3927.0000,3926.8000,3921.2000,3909.8000,3930.6000,3930.8000,3931.8000,3932.0000,3932.2000,1,1,1,1,1,2,1,2,1,1
SF,IF2009,2020-03-02 09:31:16.200,3930.0000,8851,0,140212380.000,0,-,-,-,-,3927.2000,3927.0000,3926.8000,3921.2000,3909.8000,3930.0000,3930.6000,3930.8000,3931.8000,3932.0000,1,1,1,1,1,1,1,1,2,1
SF,IF2009,2020-03-02 09:31:16.700,3930.0000,8851,0,140212380.000,0,-,-,-,-,3927.0000,3926.8000,3921.2000,3909.8000,3905.0000,3930.0000,3930.6000,3930.8000,3931.8000,3932.0000,1,1,1,1,2,1,1,1,2,1
SF,IF2009,2020-03-02 09:31:17.200,3930.0000,8851,0,140212380.000,0,-,-,-,-,3927.2000,3927.0000,3926.8000,3921.2000,3909.8000,3930.0000,3930.6000,3930.8000,3931.8000,3932.0000,1,1,1,1,1,1,1,1,2,1
SF,IF2009,2020-03-02 09:31:18.700,3930.0000,8851,0,140212380.000,0,-,-,-,-,3927.2000,3926.8000,3921.2000,3909.8000,3905.0000,3929.8000,3930.0000,3930.6000,3930.8000,3931.8000,1,1,1,1,2,1,1,1,1,2
SF,IF2009,2020-03-02 09:31:19.200,3930.0000,8851,0,140212380.000,0,-,-,-,-,3926.8000,3921.2000,3909.8000,3905.0000,3891.4000,3929.8000,3930.0000,3930.6000,3930.8000,3931.8000,1,1,1,2,1,1,1,1,1,2
SF,IF2009,2020-03-02 09:31:19.700,3930.0000,8851,0,140212380.000,0,-,-,-,-,3926.8000,3921.2000,3909.8000,3905.0000,3891.4000,3929.8000,3930.0000,3930.6000,3930.8000,3931.0000,1,1,1,2,1,1,1,1,1,1
SF,IF2009,2020-03-02 09:31:20.200,3930.0000,8851,0,140212380.000,0,-,-,-,-,3926.8000,3921.2000,3909.8000,3905.0000,3891.4000,3929.2000,3929.8000,3930.6000,3930.8000,3931.0000,1,1,1,2,1,1,1,1,1,1
SF,IF2009,2020-03-02 09:31:20.700,3930.0000,8851,0,140212380.000,0,-,-,-,-,3927.0000,3926.8000,3921.2000,3909.8000,3905.0000,3929.2000,3929.8000,3930.6000,3931.0000,3931.8000,1,1,1,1,2,1,1,1,1,1
SF,IF2009,2020-03-02 09:31:21.200,3930.0000,8851,0,140212380.000,0,-,-,-,-,3926.8000,3921.2000,3909.8000,3905.0000,3891.4000,3929.0000,3929.2000,3929.8000,3930.6000,3931.0000,1,1,1,2,1,1,1,1,1,1
SF,IF2009,2020-03-02 09:31:21.700,3926.8000,8852,1,141390420.000,1,1,0,双开,S,3921.2000,3909.8000,3905.0000,3891.4000,3880.0000,3929.2000,3929.8000,3930.6000,3931.0000,3931.8000,1,1,2,1,1,1,1,1,1,1
SF,IF2009,2020-03-02 09:31:22.200,3926.8000,8852,0,141390420.000,0,-,-,-,-,3924.8000,3923.6000,3922.8000,3921.6000,3921.4000,3926.8000,3929.0000,3929.2000,3929.8000,3930.6000,1,1,1,3,4,1,2,1,1,1
SF,IF2009,2020-03-02 09:31:22.700,3926.8000,8852,0,142568460.000,1,0,1,多换,S,3925.4000,3925.0000,3924.8000,3923.6000,3922.8000,3928.8000,3929.8000,3930.6000,3931.0000,3931.8000,2,2,1,1,1,1,1,1,1,1
SF,IF2009,2020-03-02 09:31:23.200,3926.8000,8852,0,142568460.000,0,-,-,-,-,3925.4000,3925.0000,3924.8000,3923.6000,3922.8000,3928.8000,3929.8000,3930.6000,3931.0000,3931.8000,2,1,1,1,1,1,1,1,1,1
SF,IF2009,2020-03-02 09:31:23.700,3926.8000,8852,0,142568460.000,0,-,-,-,-,3925.4000,3925.0000,3924.8000,3923.6000,3922.8000,3928.8000,3929.8000,3930.6000,3931.0000,3931.8000,2,1,1,1,1,1,1,1,1,1
SF,IF2009,2020-03-02 09:31:24.200,3926.8000,8852,0,142568460.000,0,-,-,-,-,3925.6000,3925.4000,3924.8000,3923.6000,3922.8000,3928.8000,3929.8000,3930.6000,3931.0000,3931.8000,1,2,1,1,1,1,1,1,1,1
SF,IF2009,2020-03-02 09:31:25.200,3926.8000,8852,0,142568460.000,0,-,-,-,-,3925.6000,3925.4000,3924.8000,3923.6000,3922.8000,3928.8000,3929.8000,3930.6000,3931.0000,3931.8000,1,2,1,1,1,2,1,1,1,1
SF,IF2009,2020-03-02 09:31:25.700,3926.8000,8852,0,142568460.000,0,-,-,-,-,3925.4000,3924.8000,3923.6000,3922.8000,3921.6000,3928.8000,3929.8000,3930.6000,3931.0000,3931.8000,2,1,1,1,1,2,1,1,1,1
SF,IF2009,2020-03-02 09:31:26.200,3926.8000,8852,0,142568460.000,0,-,-,-,-,3925.4000,3924.8000,3923.6000,3922.8000,3921.6000,3928.8000,3929.8000,3930.6000,3931.0000,3931.8000,2,1,1,1,1,3,1,1,1,1
SF,IF2009,2020-03-02 09:31:26.700,3926.8000,8852,0,142568460.000,0,-,-,-,-,3925.4000,3924.8000,3923.6000,3922.8000,3921.6000,3928.2000,3928.8000,3929.8000,3930.6000,3931.0000,2,1,1,1,1,1,2,1,1,1
SF,IF2009,2020-03-02 09:31:27.200,3925.6000,8850,-2,146102280.000,3,0,3,多平,S,3925.8000,3925.4000,3924.8000,3923.6000,3922.8000,3928.8000,3929.8000,3930.6000,3931.0000,3931.8000,1,2,1,1,1,2,1,1,1,1
SF,IF2009,2020-03-02 09:31:27.700,3925.6000,8850,0,146102280.000,0,-,-,-,-,3926.0000,3925.8000,3925.4000,3924.8000,3923.6000,3928.2000,3928.8000,3929.8000,3930.6000,3931.0000,1,1,2,1,1,1,2,1,1,1
SF,IF2009,2020-03-02 09:31:28.200,3928.2000,8850,0,147280740.000,1,0,1,多换,S,3926.0000,3925.8000,3925.4000,3924.8000,3923.6000,3928.8000,3929.8000,3930.6000,3931.0000,3931.8000,1,1,2,1,1,2,1,1,1,1
SF,IF2009,2020-03-02 09:31:28.700,3928.2000,8850,0,147280740.000,0,-,-,-,-,3927.0000,3926.0000,3925.8000,3925.4000,3924.8000,3928.8000,3929.8000,3930.6000,3931.0000,3931.8000,1,1,1,2,1,2,1,1,1,1
SF,IF2009,2020-03-02 09:31:29.200,3928.2000,8850,0,147280740.000,0,-,-,-,-,3927.0000,3926.4000,3925.8000,3925.4000,3924.8000,3928.8000,3929.8000,3930.6000,3931.0000,3931.8000,1,1,1,2,1,2,1,1,1,1
SF,IF2009,2020-03-02 09:31:29.700,3928.2000,8850,0,147280740.000,0,-,-,-,-,3927.0000,3926.4000,3925.8000,3925.4000,3924.8000,3928.8000,3929.8000,3930.6000,3931.0000,3931.8000,1,1,1,2,1,2,1,1,1,1
SF,IF2009,2020-03-02 09:31:30.200,3928.2000,8850,0,147280740.000,0,-,-,-,-,3926.4000,3925.8000,3925.4000,3924.8000,3922.8000,3928.8000,3929.8000,3930.6000,3931.0000,3931.8000,1,1,2,1,1,3,1,1,1,1
SF,IF2009,2020-03-02 09:31:30.700,3928.8000,8849,-1,150816660.000,3,1,2,多平,S,3928.8000,3926.6000,3925.8000,3925.4000,3924.8000,3929.8000,3930.6000,3931.0000,3931.8000,3932.0000,1,2,1,2,1,1,1,1,1,2
SF,IF2009,2020-03-02 09:31:31.700,3928.8000,8848,-1,151995300.000,1,0,1,双平,S,3926.6000,3925.8000,3925.4000,3924.8000,3922.8000,3929.8000,3930.6000,3931.0000,3931.8000,3932.0000,2,1,2,1,1,1,1,1,1,2
SF,IF2009,2020-03-02 09:31:32.200,3928.8000,8848,0,151995300.000,0,-,-,-,-,3927.0000,3926.8000,3926.6000,3925.8000,3925.4000,3929.8000,3930.6000,3931.0000,3931.8000,3932.0000,1,1,2,1,2,1,1,1,1,2
SF,IF2009,2020-03-02 09:31:32.700,3928.8000,8848,0,151995300.000,0,-,-,-,-,3927.0000,3926.8000,3926.6000,3925.4000,3924.8000,3929.8000,3930.6000,3931.0000,3931.8000,3932.0000,2,1,2,2,1,2,1,1,1,2
SF,IF2009,2020-03-02 09:31:33.200,3928.8000,8848,0,151995300.000,0,-,-,-,-,3927.0000,3926.6000,3925.4000,3924.8000,3922.8000,3929.6000,3929.8000,3930.6000,3931.0000,3931.8000,2,2,2,1,1,1,2,1,1,1
SF,IF2009,2020-03-02 09:31:33.700,3928.8000,8848,0,151995300.000,0,-,-,-,-,3927.0000,3926.6000,3925.4000,3924.8000,3922.8000,3929.8000,3930.6000,3931.0000,3931.8000,3932.0000,1,2,2,1,1,2,1,1,1,2
SF,IF2009,2020-03-02 09:31:34.200,3928.8000,8848,0,151995300.000,0,-,-,-,-,3927.0000,3926.6000,3925.4000,3924.8000,3923.0000,3929.6000,3929.8000,3930.6000,3931.0000,3931.8000,1,2,2,1,1,1,2,1,1,1
SF,IF2009,2020-03-02 09:31:35.700,3928.8000,8848,0,151995300.000,0,-,-,-,-,3927.0000,3925.4000,3924.8000,3923.0000,3922.8000,3929.6000,3929.8000,3930.6000,3931.0000,3931.8000,1,2,1,1,1,2,2,1,1,1
SF,IF2009,2020-03-02 09:31:36.200,3928.8000,8848,0,151995300.000,0,-,-,-,-,3925.4000,3924.8000,3923.0000,3922.8000,3921.6000,3929.6000,3929.8000,3930.6000,3931.0000,3931.8000,2,1,1,1,1,1,2,1,1,1
SF,IF2009,2020-03-02 09:31:36.700,3928.8000,8848,0,151995300.000,0,-,-,-,-,3925.6000,3925.4000,3924.8000,3923.0000,3922.8000,3929.4000,3929.6000,3929.8000,3930.6000,3931.0000,2,2,1,1,1,1,1,2,1,1
SF,IF2009,2020-03-02 09:31:37.200,3928.8000,8848,0,151995300.000,0,-,-,-,-,3925.8000,3925.6000,3925.4000,3924.8000,3922.8000,3929.4000,3929.6000,3929.8000,3930.6000,3931.0000,1,2,2,1,1,1,1,2,1,1
SF,IF2009,2020-03-02 09:31:37.700,3928.8000,8848,0,151995300.000,0,-,-,-,-,3926.0000,3925.8000,3925.6000,3925.4000,3924.8000,3929.4000,3929.6000,3929.8000,3930.6000,3931.0000,2,1,1,2,1,1,1,2,1,1
SF,IF2009,2020-03-02 09:31:38.200,3928.8000,8848,0,151995300.000,0,-,-,-,-,3926.4000,3926.0000,3925.8000,3925.6000,3925.4000,3929.4000,3929.6000,3929.8000,3930.6000,3931.0000,1,1,1,1,2,1,1,2,1,1
SF,IF2009,2020-03-02 09:31:38.700,3928.8000,8848,0,151995300.000,0,-,-,-,-,3928.8000,3926.4000,3926.0000,3925.8000,3925.6000,3929.2000,3929.6000,3929.8000,3930.6000,3931.0000,1,1,1,1,1,1,1,2,1,1
SF,IF2009,2020-03-02 09:31:39.200,3928.8000,8847,-1,153173940.000,1,0,1,双平,S,3926.0000,3925.8000,3925.6000,3925.4000,3924.8000,3929.2000,3929.6000,3929.8000,3930.6000,3931.0000,1,1,1,2,1,1,1,2,1,1
SF,IF2009,2020-03-02 09:31:39.700,3928.8000,8847,0,153173940.000,0,-,-,-,-,3927.0000,3926.2000,3926.0000,3925.8000,3925.6000,3929.6000,3929.8000,3930.6000,3931.0000,3931.8000,1,2,1,1,1,1,2,1,1,1
SF,IF2009,2020-03-02 09:31:40.700,3928.8000,8847,0,153173940.000,0,-,-,-,-,3926.2000,3926.0000,3925.8000,3925.6000,3925.4000,3929.4000,3929.6000,3929.8000,3930.6000,3931.0000,2,1,1,1,2,1,1,2,1,1
SF,IF2009,2020-03-02 09:31:41.200,3928.8000,8847,0,153173940.000,0,-,-,-,-,3926.2000,3926.0000,3925.8000,3925.6000,3925.4000,3927.0000,3929.4000,3929.6000,3929.8000,3930.6000,2,1,1,1,2,1,1,1,2,1
SF,IF2009,2020-03-02 09:31:41.700,3927.0000,8847,0,154352040.000,1,0,1,多换,S,3927.0000,3926.2000,3926.0000,3925.8000,3925.6000,3929.6000,3929.8000,3930.6000,3931.0000,3931.8000,1,1,1,1,1,1,2,1,1,1
SF,IF2009,2020-03-02 09:31:42.200,3927.0000,8847,0,154352040.000,0,-,-,-,-,3927.0000,3926.2000,3926.0000,3925.8000,3925.6000,3929.2000,3929.4000,3929.6000,3929.8000,3930.6000,1,1,1,1,1,1,1,1,2,1
SF,IF2009,2020-03-02 09:31:42.700,3927.0000,8847,0,154352040.000,0,-,-,-,-,3926.2000,3926.0000,3925.8000,3925.6000,3925.4000,3929.2000,3929.4000,3929.6000,3929.8000,3930.6000,1,1,1,1,2,1,1,1,2,1
SF,IF2009,2020-03-02 09:31:43.200,3927.0000,8847,0,154352040.000,0,-,-,-,-,3926.4000,3926.2000,3926.0000,3925.8000,3925.6000,3929.2000,3929.6000,3929.8000,3930.6000,3931.0000,1,1,1,1,1,1,1,2,1,1
SF,IF2009,2020-03-02 09:31:43.700,3927.0000,8847,0,154352040.000,0,-,-,-,-,3926.0000,3925.8000,3925.6000,3925.4000,3924.8000,3929.2000,3929.6000,3929.8000,3930.6000,3931.0000,1,1,1,2,1,1,1,2,1,1
SF,IF2009,2020-03-02 09:31:44.200,3927.0000,8847,0,154352040.000,0,-,-,-,-,3926.2000,3926.0000,3925.8000,3925.6000,3925.4000,3929.0000,3929.2000,3929.6000,3929.8000,3930.6000,1,1,1,1,2,1,1,1,2,1
SF,IF2009,2020-03-02 09:31:45.200,3927.0000,8847,0,154352040.000,0,-,-,-,-,3926.0000,3925.8000,3925.6000,3925.4000,3924.8000,3929.0000,3929.2000,3929.6000,3929.8000,3930.6000,1,1,1,2,1,1,2,1,2,1
SF,IF2009,2020-03-02 09:31:46.200,3927.0000,8847,0,154352040.000,0,-,-,-,-,3925.4000,3924.8000,3923.4000,3922.8000,3921.6000,3929.0000,3929.2000,3929.6000,3929.8000,3930.6000,2,1,1,1,1,1,2,1,2,1
SF,IF2009,2020-03-02 09:31:46.700,3927.0000,8847,0,154352040.000,0,-,-,-,-,3925.4000,3924.8000,3923.4000,3922.8000,3921.6000,3926.2000,3926.4000,3928.8000,3929.2000,3929.6000,2,1,1,1,1,1,1,2,2,1
SF,IF2009,2020-03-02 09:31:47.200,3926.4000,8846,-1,156707820.000,2,0,2,多平,S,3925.4000,3924.8000,3923.4000,3922.8000,3921.4000,3928.8000,3929.2000,3929.6000,3929.8000,3930.6000,2,1,1,1,1,2,2,1,2,1
SF,IF2009,2020-03-02 09:31:47.700,3926.4000,8846,0,157885740.000,1,0,1,多换,S,3925.4000,3924.8000,3923.4000,3922.8000,3921.4000,3928.8000,3929.2000,3929.6000,3929.8000,3930.6000,2,1,1,1,1,1,2,1,2,1
SF,IF2009,2020-03-02 09:31:48.700,3926.4000,8846,0,157885740.000,0,-,-,-,-,3925.4000,3924.8000,3923.4000,3922.8000,3921.4000,3928.6000,3928.8000,3929.2000,3929.6000,3929.8000,2,1,1,1,1,2,1,2,1,2
SF,IF2009,2020-03-02 09:31:49.200,3926.4000,8846,0,157885740.000,0,-,-,-,-,3925.4000,3924.8000,3923.4000,3922.8000,3921.4000,3928.6000,3928.8000,3929.2000,3929.6000,3929.8000,2,1,1,1,1,2,1,2,1,2
SF,IF2009,2020-03-02 09:31:49.700,3928.6000,8846,0,159064320.000,1,0,1,多换,S,3925.4000,3924.8000,3923.4000,3922.8000,3921.4000,3928.6000,3928.8000,3929.2000,3929.6000,3929.8000,2,1,1,1,1,1,1,2,1,2
SF,IF2009,2020-03-02 09:31:50.200,3928.6000,8846,0,159064320.000,0,-,-,-,-,3926.2000,3925.4000,3924.8000,3923.4000,3922.8000,3928.6000,3928.8000,3929.2000,3929.6000,3929.8000,1,2,1,1,1,1,1,2,1,2
SF,IF2009,2020-03-02 09:31:50.700,3926.2000,8846,0,160242180.000,1,0,1,多换,S,3925.4000,3924.8000,3923.4000,3922.8000,3921.4000,3929.2000,3929.6000,3929.8000,3930.6000,3931.0000,2,1,1,1,1,2,1,2,1,1
SF,IF2009,2020-03-02 09:31:51.700,3926.2000,8846,0,160242180.000,0,-,-,-,-,3925.6000,3925.4000,3924.8000,3923.4000,3922.8000,3928.8000,3929.2000,3929.6000,3929.8000,3930.6000,2,2,1,1,1,1,2,1,2,1
SF,IF2009,2020-03-02 09:31:52.200,3926.2000,8846,0,160242180.000,0,-,-,-,-,3925.4000,3924.8000,3923.4000,3922.8000,3921.4000,3928.8000,3929.2000,3929.6000,3929.8000,3930.6000,2,1,1,1,1,1,2,1,2,1
SF,IF2009,2020-03-02 09:31:54.200,3925.4000,8846,0,161419800.000,1,0,1,多换,S,3925.4000,3924.8000,3923.4000,3922.8000,3921.4000,3928.8000,3929.2000,3929.6000,3929.8000,3930.6000,1,1,1,1,1,1,2,1,2,1
SF,IF2009,2020-03-02 09:31:54.700,3925.4000,8846,0,161419800.000,0,-,-,-,-,3925.4000,3924.8000,3923.4000,3922.8000,3921.4000,3928.8000,3929.2000,3929.6000,3929.8000,3930.6000,1,1,1,1,1,1,2,1,2,1
SF,IF2009,2020-03-02 09:31:55.200,3925.4000,8846,0,161419800.000,0,-,-,-,-,3925.4000,3924.8000,3923.4000,3922.8000,3921.4000,3928.8000,3929.2000,3929.6000,3929.8000,3930.6000,1,1,1,1,1,1,2,1,2,1
SF,IF2009,2020-03-02 09:31:55.700,3925.4000,8846,0,161419800.000,0,-,-,-,-,3925.4000,3924.8000,3923.4000,3922.8000,3921.4000,3928.8000,3929.2000,3929.6000,3929.8000,3930.6000,1,1,1,1,1,1,2,1,2,1
SF,IF2009,2020-03-02 09:31:56.200,3925.4000,8846,0,161419800.000,0,-,-,-,-,3925.4000,3924.8000,3923.4000,3922.8000,3921.4000,3928.6000,3928.8000,3929.2000,3929.6000,3929.8000,1,1,1,1,1,1,1,2,1,2
SF,IF2009,2020-03-02 09:31:56.700,3925.4000,8846,0,161419800.000,0,-,-,-,-,3925.4000,3924.8000,3923.4000,3922.8000,3921.4000,3928.6000,3928.8000,3929.2000,3929.6000,3929.8000,1,1,1,1,1,1,1,2,1,2
SF,IF2009,2020-03-02 09:31:57.200,3925.4000,8847,1,162597420.000,1,1,0,双开,S,3924.8000,3923.4000,3922.8000,3921.4000,3921.2000,3928.6000,3928.8000,3929.2000,3929.6000,3929.8000,1,1,1,1,1,1,1,2,1,2
SF,IF2009,2020-03-02 09:31:57.700,3925.4000,8847,0,162597420.000,0,-,-,-,-,3925.0000,3924.8000,3923.4000,3922.8000,3921.4000,3928.4000,3928.6000,3929.2000,3929.6000,3929.8000,1,1,1,1,1,1,1,2,1,2
SF,IF2009,2020-03-02 09:31:58.200,3925.4000,8847,0,162597420.000,0,-,-,-,-,3925.0000,3924.8000,3923.4000,3922.8000,3921.4000,3928.4000,3928.6000,3929.2000,3929.6000,3929.8000,1,1,1,1,1,1,1,2,1,2
SF,IF2009,2020-03-02 09:31:58.700,3925.4000,8847,0,162597420.000,0,-,-,-,-,3925.0000,3924.8000,3923.4000,3922.8000,3921.4000,3928.2000,3928.4000,3929.2000,3929.6000,3929.8000,1,1,1,1,1,1,1,2,1,2
SF,IF2009,2020-03-02 09:31:59.200,3925.4000,8847,0,162597420.000,0,-,-,-,-,3925.2000,3924.8000,3923.4000,3922.8000,3921.4000,3928.2000,3929.2000,3929.6000,3929.8000,3930.6000,2,1,1,1,1,1,2,1,2,1
SF,IF2009,2020-03-02 09:31:59.700,3925.4000,8847,0,162597420.000,0,-,-,-,-,3925.2000,3924.8000,3923.4000,3922.8000,3921.4000,3928.2000,3929.2000,3929.6000,3929.8000,3930.6000,1,1,1,1,1,2,2,1,2,1
SF,IF2009,2020-03-02 09:32:00.200,3925.4000,8847,0,162597420.000,0,-,-,-,-,3925.2000,3924.8000,3923.4000,3921.4000,3921.2000,3928.2000,3929.2000,3929.6000,3929.8000,3930.6000,1,1,1,1,1,2,2,1,2,1
SF,IF2009,2020-03-02 09:32:00.700,3925.4000,8847,0,162597420.000,0,-,-,-,-,3925.4000,3925.2000,3924.8000,3923.4000,3921.4000,3928.2000,3929.2000,3929.6000,3929.8000,3930.6000,1,1,1,1,1,2,2,1,2,1
SF,IF2009,2020-03-02 09:32:01.200,3925.4000,8847,0,162597420.000,0,-,-,-,-,3925.6000,3925.4000,3925.2000,3924.8000,3923.4000,3928.2000,3929.2000,3929.6000,3929.8000,3930.6000,4,1,1,1,1,1,2,1,2,1
SF,IF2009,2020-03-02 09:32:01.700,3925.4000,8847,0,162597420.000,0,-,-,-,-,3926.0000,3925.8000,3925.6000,3925.2000,3924.8000,3928.2000,3929.2000,3929.6000,3929.8000,3930.6000,1,2,3,1,1,1,2,1,2,1
SF,IF2009,2020-03-02 09:32:02.200,3928.2000,8847,0,163775880.000,1,0,1,多换,S,3926.4000,3926.2000,3925.6000,3925.2000,3924.8000,3929.2000,3929.6000,3929.8000,3930.6000,3931.2000,1,5,3,1,1,2,1,2,1,1
SF,IF2009,2020-03-02 09:32:02.700,3928.2000,8847,0,163775880.000,0,-,-,-,-,3926.6000,3926.2000,3925.6000,3925.2000,3924.8000,3929.2000,3929.6000,3929.8000,3930.6000,3931.2000,4,4,3,1,1,2,1,2,1,1
SF,IF2009,2020-03-02 09:32:03.200,3928.2000,8847,0,163775880.000,0,-,-,-,-,3927.0000,3926.6000,3926.2000,3925.6000,3925.2000,3929.2000,3929.6000,3929.8000,3930.6000,3931.2000,1,3,4,2,1,3,1,2,1,1
SF,IF2009,2020-03-02 09:32:03.700,3928.2000,8847,0,163775880.000,0,-,-,-,-,3927.4000,3927.2000,3926.6000,3926.2000,3925.6000,3929.2000,3929.6000,3929.8000,3930.6000,3931.2000,1,3,2,4,2,3,1,2,1,1
SF,IF2009,2020-03-02 09:32:04.200,3928.2000,8847,0,163775880.000,0,-,-,-,-,3927.6000,3927.2000,3926.6000,3926.2000,3925.6000,3929.2000,3929.6000,3929.8000,3930.6000,3931.8000,1,3,2,4,2,3,1,2,1,1
SF,IF2009,2020-03-02 09:32:04.700,3928.2000,8847,0,163775880.000,0,-,-,-,-,3927.8000,3927.2000,3926.6000,3926.2000,3925.6000,3929.2000,3929.6000,3929.8000,3930.6000,3931.8000,1,3,2,3,2,3,1,2,1,1
SF,IF2009,2020-03-02 09:32:05.200,3929.2000,8848,1,164954640.000,1,1,0,双开,S,3928.0000,3927.2000,3926.6000,3926.2000,3925.6000,3929.2000,3929.6000,3929.8000,3930.6000,3931.8000,1,3,2,3,2,2,1,2,1,1
SF,IF2009,2020-03-02 09:32:05.700,3929.2000,8848,0,164954640.000,0,-,-,-,-,3927.2000,3926.6000,3926.2000,3925.6000,3925.2000,3929.2000,3929.6000,3929.8000,3930.6000,3931.8000,3,2,3,2,1,2,1,2,1,1
SF,IF2009,2020-03-02 09:32:06.200,3929.2000,8848,0,164954640.000,0,-,-,-,-,3927.4000,3927.2000,3926.6000,3926.2000,3925.6000,3929.2000,3929.6000,3929.8000,3930.6000,3931.8000,2,3,2,2,2,2,1,2,1,1
SF,IF2009,2020-03-02 09:32:06.700,3929.2000,8848,0,164954640.000,0,-,-,-,-,3927.6000,3927.4000,3927.2000,3926.6000,3926.2000,3929.2000,3929.6000,3929.8000,3930.6000,3931.8000,3,1,3,2,2,3,1,2,1,1
SF,IF2009,2020-03-02 09:32:07.200,3929.2000,8849,1,166133400.000,1,1,0,双开,S,3927.8000,3927.6000,3927.2000,3926.6000,3926.2000,3929.2000,3929.6000,3929.8000,3930.6000,3931.8000,2,2,3,2,2,2,1,2,1,1
SF,IF2009,2020-03-02 09:32:07.700,3929.2000,8849,0,166133400.000,0,-,-,-,-,3928.0000,3927.6000,3927.2000,3926.6000,3926.2000,3929.2000,3929.6000,3929.8000,3930.6000,3931.8000,1,2,2,2,2,2,1,2,1,1
SF,IF2009,2020-03-02 09:32:08.200,3929.2000,8849,0,166133400.000,0,-,-,-,-,3928.2000,3927.6000,3927.2000,3926.6000,3926.2000,3929.2000,3929.6000,3929.8000,3930.6000,3931.8000,2,2,2,2,2,2,1,2,1,1
SF,IF2009,2020-03-02 09:32:08.700,3929.2000,8849,0,168490920.000,2,1,1,多换,S,3928.2000,3927.6000,3927.2000,3926.6000,3926.2000,3929.6000,3929.8000,3930.6000,3931.8000,3932.0000,2,2,2,2,2,1,2,1,1,3
SF,IF2009,2020-03-02 09:32:09.200,3929.6000,8849,0,169669800.000,1,0,1,多换,S,3928.4000,3928.2000,3927.6000,3927.2000,3926.6000,3929.8000,3930.6000,3931.8000,3932.0000,3932.4000,2,2,2,2,2,2,1,1,3,2
SF,IF2009,2020-03-02 09:32:09.700,3929.6000,8849,0,169669800.000,0,-,-,-,-,3928.6000,3928.4000,3928.2000,3927.6000,3927.2000,3929.8000,3930.6000,3931.8000,3932.0000,3932.4000,1,1,2,2,2,2,1,1,3,2
SF,IF2009,2020-03-02 09:32:10.200,3929.6000,8849,0,169669800.000,0,-,-,-,-,3927.6000,3927.2000,3926.6000,3926.2000,3925.6000,3929.6000,3929.8000,3930.6000,3931.8000,3932.0000,2,2,2,1,1,1,2,1,1,3
SF,IF2009,2020-03-02 09:32:10.700,3929.6000,8849,0,169669800.000,0,-,-,-,-,3927.8000,3927.6000,3927.2000,3926.6000,3926.2000,3929.6000,3929.8000,3930.6000,3931.8000,3932.0000,3,2,2,2,1,1,2,1,1,3
SF,IF2009,2020-03-02 09:32:11.200,3929.6000,8849,0,169669800.000,0,-,-,-,-,3928.0000,3927.8000,3927.6000,3927.2000,3926.6000,3929.6000,3929.8000,3930.6000,3931.8000,3932.0000,1,2,2,2,2,1,2,1,1,3
SF,IF2009,2020-03-02 09:32:11.700,3929.6000,8849,0,170848680.000,1,0,1,多换,S,3928.2000,3928.0000,3927.8000,3927.6000,3927.2000,3929.8000,3930.6000,3931.8000,3932.0000,3932.4000,2,1,2,2,2,2,1,1,3,2
SF,IF2009,2020-03-02 09:32:12.200,3929.6000,8849,0,170848680.000,0,-,-,-,-,3928.4000,3928.2000,3928.0000,3927.8000,3927.6000,3929.8000,3930.6000,3931.8000,3932.0000,3932.4000,2,1,1,1,2,2,1,1,3,2
SF,IF2009,2020-03-02 09:32:12.700,3929.6000,8849,0,170848680.000,0,-,-,-,-,3928.6000,3928.4000,3928.2000,3928.0000,3927.8000,3929.8000,3930.6000,3931.8000,3932.0000,3932.4000,3,1,1,1,1,2,1,1,3,2
SF,IF2009,2020-03-02 09:32:13.200,3929.6000,8849,0,170848680.000,0,-,-,-,-,3928.8000,3928.6000,3928.2000,3928.0000,3927.8000,3929.8000,3930.6000,3931.8000,3932.0000,3932.4000,1,2,1,1,1,3,1,1,3,2
SF,IF2009,2020-03-02 09:32:13.700,3929.8000,8849,0,174385500.000,3,1,2,多换,S,3929.0000,3928.8000,3928.6000,3928.2000,3928.0000,3930.6000,3931.8000,3932.0000,3932.4000,3932.6000,2,1,2,1,1,1,1,3,2,1
SF,IF2009,2020-03-02 09:32:14.200,3929.8000,8849,0,174385500.000,0,-,-,-,-,3929.2000,3928.8000,3928.6000,3928.2000,3928.0000,3930.6000,3931.8000,3932.0000,3932.4000,3932.6000,1,1,2,1,1,1,1,3,2,1
SF,IF2009,2020-03-02 09:32:14.700,3929.8000,8849,0,174385500.000,0,-,-,-,-,3928.8000,3928.6000,3928.2000,3928.0000,3927.8000,3930.6000,3931.8000,3932.0000,3932.4000,3932.6000,1,2,1,1,1,1,1,3,2,1
SF,IF2009,2020-03-02 09:32:15.200,3929.8000,8849,0,174385500.000,0,-,-,-,-,3929.0000,3928.8000,3928.6000,3928.2000,3928.0000,3930.6000,3931.8000,3932.0000,3932.4000,3932.6000,1,1,2,1,1,1,1,3,2,1
SF,IF2009,2020-03-02 09:32:15.700,3929.8000,8849,0,174385500.000,0,-,-,-,-,3929.2000,3929.0000,3928.6000,3928.2000,3928.0000,3930.6000,3931.8000,3932.0000,3932.4000,3932.6000,3,1,2,1,1,1,1,3,2,1
SF,IF2009,2020-03-02 09:32:16.200,3929.8000,8849,0,174385500.000,0,-,-,-,-,3929.4000,3929.2000,3929.0000,3928.6000,3928.2000,3930.6000,3931.8000,3932.0000,3932.4000,3932.6000,2,2,1,2,1,1,1,3,2,1
SF,IF2009,2020-03-02 09:32:16.700,3929.8000,8849,0,174385500.000,0,-,-,-,-,3929.6000,3929.4000,3929.2000,3929.0000,3928.6000,3930.6000,3931.8000,3932.0000,3932.4000,3932.6000,2,1,1,1,2,1,1,3,2,1
SF,IF2009,2020-03-02 09:32:17.200,3930.6000,8849,0,176743860.000,2,1,1,多换,S,3930.6000,3929.8000,3929.6000,3929.4000,3929.2000,3931.8000,3932.0000,3932.4000,3932.6000,3933.0000,1,2,2,1,1,1,3,2,1,1
SF,IF2009,2020-03-02 09:32:17.700,3930.6000,8849,0,176743860.000,0,-,-,-,-,3931.0000,3930.8000,3930.6000,3929.8000,3929.6000,3931.8000,3932.0000,3932.4000,3932.6000,3933.0000,1,1,1,2,2,1,3,2,1,1
SF,IF2009,2020-03-02 09:32:18.200,3930.6000,8849,0,176743860.000,0,-,-,-,-,3931.0000,3930.8000,3930.6000,3929.8000,3929.6000,3931.8000,3932.0000,3932.4000,3932.6000,3933.0000,1,1,1,1,2,1,3,2,1,1
SF,IF2009,2020-03-02 09:32:18.700,3930.6000,8849,0,176743860.000,0,-,-,-,-,3930.8000,3930.6000,3929.8000,3929.6000,3929.4000,3931.8000,3932.0000,3932.4000,3932.6000,3933.0000,1,1,1,2,1,1,3,2,1,1
SF,IF2009,2020-03-02 09:32:19.200,3930.8000,8848,-1,177923100.000,1,0,1,双平,S,3930.6000,3929.8000,3929.6000,3929.4000,3929.2000,3931.8000,3932.0000,3932.4000,3932.6000,3933.0000,1,1,2,1,1,1,3,2,1,1
SF,IF2009,2020-03-02 09:32:19.700,3930.6000,8847,-1,179102280.000,1,0,1,双平,S,3929.6000,3929.4000,3929.0000,3928.6000,3928.0000,3931.8000,3932.0000,3932.4000,3932.6000,3933.0000,1,1,1,1,1,1,3,2,1,1
SF,IF2009,2020-03-02 09:32:20.200,3930.6000,8847,0,179102280.000,0,-,-,-,-,3929.8000,3929.6000,3929.4000,3929.0000,3928.6000,3931.6000,3931.8000,3932.0000,3932.4000,3932.6000,1,1,1,1,1,1,1,3,2,1
SF,IF2009,2020-03-02 09:32:20.700,3929.4000,8844,-3,182638920.000,3,0,3,双平,S,3929.0000,3928.6000,3923.4000,3921.2000,3917.0000,3931.6000,3931.8000,3932.0000,3932.4000,3932.6000,1,1,1,1,3,1,1,3,2,1
SF,IF2009,2020-03-02 09:32:21.200,3929.6000,8845,1,183817800.000,1,1,0,双开,S,3929.0000,3928.6000,3923.4000,3921.2000,3917.0000,3931.4000,3931.6000,3931.8000,3932.0000,3932.4000,1,1,1,1,3,1,1,1,3,2
SF,IF2009,2020-03-02 09:32:21.700,3929.6000,8845,0,183817800.000,0,-,-,-,-,3929.2000,3928.6000,3923.4000,3921.2000,3917.0000,3931.2000,3931.4000,3931.6000,3931.8000,3932.0000,1,1,1,1,3,2,2,1,1,3
SF,IF2009,2020-03-02 09:32:22.200,3929.6000,8845,0,183817800.000,0,-,-,-,-,3928.6000,3923.4000,3921.2000,3917.0000,3912.0000,3931.0000,3931.2000,3931.4000,3931.6000,3931.8000,1,1,1,3,1,1,2,1,1,1
SF,IF2009,2020-03-02 09:32:22.700,3929.6000,8845,0,183817800.000,0,-,-,-,-,3923.4000,3921.2000,3917.0000,3912.0000,3905.0000,3930.8000,3931.0000,3931.4000,3931.6000,3931.8000,1,1,3,1,1,2,1,1,1,1
SF,IF2009,2020-03-02 09:32:23.200,3929.6000,8845,0,183817800.000,0,-,-,-,-,3925.4000,3924.8000,3923.8000,3923.6000,3923.4000,3930.6000,3931.6000,3931.8000,3932.0000,3932.4000,2,1,1,3,2,3,1,1,3,2
SF,IF2009,2020-03-02 09:32:23.700,3929.6000,8845,0,183817800.000,0,-,-,-,-,3930.0000,3925.6000,3925.4000,3924.8000,3923.8000,3930.6000,3931.6000,3931.8000,3932.0000,3932.4000,1,2,2,1,1,3,1,1,3,2
SF,IF2009,2020-03-02 09:32:24.200,3930.0000,8845,0,184996800.000,1,0,1,多换,S,3925.6000,3923.8000,3923.6000,3923.4000,3921.2000,3930.6000,3931.6000,3931.8000,3932.0000,3932.4000,1,1,2,2,1,1,1,1,3,2
SF,IF2009,2020-03-02 09:32:24.700,3930.4000,8845,0,186175920.000,1,0,1,多换,S,3925.8000,3925.6000,3923.8000,3923.6000,3923.4000,3930.6000,3931.6000,3931.8000,3932.0000,3932.4000,2,1,1,2,2,1,1,1,3,2
SF,IF2009,2020-03-02 09:32:25.200,3930.4000,8845,0,186175920.000,0,-,-,-,-,3927.0000,3926.0000,3925.8000,3925.6000,3923.8000,3930.6000,3931.6000,3931.8000,3932.0000,3932.4000,1,1,2,1,1,1,1,1,3,2
SF,IF2009,2020-03-02 09:32:25.700,3930.4000,8845,0,186175920.000,0,-,-,-,-,3927.2000,3926.0000,3925.6000,3923.8000,3923.6000,3930.6000,3931.6000,3931.8000,3932.0000,3932.4000,3,1,1,1,2,1,1,1,3,2
SF,IF2009,2020-03-02 09:32:26.200,3930.4000,8845,0,186175920.000,0,-,-,-,-,3927.2000,3926.0000,3925.6000,3923.8000,3923.6000,3931.6000,3931.8000,3932.0000,3932.4000,3932.6000,3,1,1,1,2,1,1,3,2,1
SF,IF2009,2020-03-02 09:32:26.700,3930.4000,8845,0,186175920.000,0,-,-,-,-,3927.4000,3927.2000,3926.0000,3925.6000,3923.8000,3931.4000,3931.6000,3931.8000,3932.0000,3932.4000,1,3,1,1,1,2,1,1,3,2
SF,IF2009,2020-03-02 09:32:27.200,3930.4000,8845,0,186175920.000,0,-,-,-,-,3927.6000,3927.4000,3927.2000,3926.0000,3923.8000,3930.6000,3931.4000,3931.6000,3931.8000,3932.0000,2,1,2,1,1,1,2,1,1,3
SF,IF2009,2020-03-02 09:32:27.700,3930.4000,8845,0,186175920.000,0,-,-,-,-,3928.0000,3927.8000,3927.6000,3927.4000,3927.2000,3930.6000,3931.4000,3931.6000,3931.8000,3932.0000,1,1,1,1,1,1,2,1,1,3
SF,IF2009,2020-03-02 09:32:28.200,3930.6000,8845,0,187355100.000,1,0,1,多换,S,3928.4000,3928.2000,3927.6000,3927.4000,3927.2000,3931.4000,3931.6000,3931.8000,3932.0000,3932.4000,1,1,1,1,1,2,1,1,3,2
SF,IF2009,2020-03-02 09:32:28.700,3931.4000,8845,0,188534520.000,1,0,1,多换,S,3928.6000,3928.4000,3927.6000,3927.4000,3927.2000,3931.6000,3931.8000,3932.0000,3932.4000,3932.6000,3,1,1,1,1,1,1,3,2,1
SF,IF2009,2020-03-02 09:32:29.200,3931.4000,8845,0,188534520.000,0,-,-,-,-,3928.6000,3928.4000,3927.6000,3927.4000,3927.2000,3931.6000,3931.8000,3932.0000,3932.4000,3932.6000,3,1,1,1,1,1,1,3,2,1
SF,IF2009,2020-03-02 09:32:29.700,3931.4000,8845,0,188534520.000,0,-,-,-,-,3929.0000,3928.6000,3927.6000,3927.4000,3927.2000,3931.6000,3931.8000,3932.0000,3932.4000,3932.6000,1,3,1,1,1,1,1,3,2,1
SF,IF2009,2020-03-02 09:32:30.200,3931.4000,8845,0,188534520.000,0,-,-,-,-,3929.2000,3928.6000,3927.6000,3927.4000,3923.8000,3931.4000,3931.6000,3931.8000,3932.0000,3932.4000,1,2,1,1,1,2,1,1,3,2
SF,IF2009,2020-03-02 09:32:30.700,3931.4000,8845,0,188534520.000,0,-,-,-,-,3929.2000,3928.6000,3927.6000,3927.4000,3923.8000,3931.4000,3931.6000,3931.8000,3932.0000,3932.4000,1,2,1,1,1,2,2,1,3,2
SF,IF2009,2020-03-02 09:32:35.200,3931.4000,8845,0,188534520.000,0,-,-,-,-,3929.6000,3929.4000,3929.2000,3928.6000,3927.6000,3931.4000,3931.6000,3931.8000,3932.0000,3932.4000,1,1,1,1,1,2,2,1,3,2
SF,IF2009,2020-03-02 09:32:35.700,3929.6000,8844,-1,189713400.000,1,0,1,双平,S,3929.4000,3929.2000,3928.6000,3927.6000,3927.4000,3931.4000,3931.6000,3931.8000,3932.0000,3932.4000,1,1,1,1,1,3,2,1,3,2
SF,IF2009,2020-03-02 09:32:37.200,3929.6000,8844,0,189713400.000,0,-,-,-,-,3929.8000,3929.4000,3929.2000,3928.6000,3927.4000,3931.4000,3931.6000,3931.8000,3932.0000,3932.4000,1,1,1,1,1,2,2,1,3,2
SF,IF2009,2020-03-02 09:32:37.700,3929.6000,8844,0,189713400.000,0,-,-,-,-,3930.0000,3929.8000,3929.6000,3929.2000,3928.6000,3931.4000,3931.6000,3931.8000,3932.0000,3932.4000,1,1,1,1,1,2,2,1,3,2
SF,IF2009,2020-03-02 09:32:38.200,3929.6000,8844,0,189713400.000,0,-,-,-,-,3930.0000,3929.8000,3929.2000,3928.6000,3927.4000,3931.4000,3931.6000,3931.8000,3932.0000,3932.4000,1,1,1,1,1,1,2,1,3,2
SF,IF2009,2020-03-02 09:32:38.700,3929.6000,8844,0,189713400.000,0,-,-,-,-,3930.2000,3930.0000,3929.8000,3929.2000,3928.6000,3931.4000,3931.6000,3931.8000,3932.0000,3932.4000,2,1,1,1,1,1,2,1,3,2
SF,IF2009,2020-03-02 09:32:39.200,3931.6000,8844,0,193251780.000,3,1,2,多换,S,3930.4000,3930.2000,3929.8000,3929.2000,3928.6000,3931.8000,3932.0000,3932.4000,3932.6000,3933.0000,1,2,1,1,1,1,3,2,1,1
SF,IF2009,2020-03-02 09:32:39.700,3931.6000,8844,0,193251780.000,0,-,-,-,-,3930.6000,3930.4000,3930.2000,3929.2000,3923.8000,3931.8000,3932.0000,3932.4000,3932.6000,3933.0000,2,1,2,1,1,1,3,2,1,1
SF,IF2009,2020-03-02 09:32:40.200,3931.6000,8844,0,193251780.000,0,-,-,-,-,3930.8000,3930.6000,3930.2000,3929.2000,3923.8000,3931.8000,3932.0000,3932.4000,3932.6000,3933.0000,1,2,2,1,1,1,3,2,1,1
SF,IF2009,2020-03-02 09:32:40.700,3931.8000,8844,0,194431320.000,1,0,1,多换,S,3931.0000,3930.6000,3930.2000,3923.8000,3923.6000,3932.0000,3932.4000,3932.6000,3933.0000,3933.8000,2,1,2,1,2,3,2,1,1,1
SF,IF2009,2020-03-02 09:32:41.700,3931.8000,8844,0,194431320.000,0,-,-,-,-,3931.0000,3930.6000,3930.2000,3923.8000,3923.6000,3931.8000,3932.0000,3932.4000,3932.6000,3933.0000,2,1,2,1,2,1,3,2,1,1
SF,IF2009,2020-03-02 09:32:42.200,3931.8000,8844,0,195610860.000,1,0,1,多换,S,3931.0000,3930.6000,3930.2000,3923.8000,3923.6000,3932.0000,3932.4000,3932.6000,3933.0000,3933.8000,2,1,2,1,2,3,2,1,1,1
SF,IF2009,2020-03-02 09:32:43.200,3930.6000,8842,-2,199148640.000,3,0,3,多平,S,3930.2000,3923.8000,3923.6000,3923.4000,3921.2000,3932.0000,3932.4000,3932.6000,3933.0000,3933.8000,2,1,2,2,1,3,2,1,1,1
SF,IF2009,2020-03-02 09:32:43.700,3930.6000,8842,0,199148640.000,0,-,-,-,-,3930.4000,3930.2000,3923.8000,3923.6000,3923.4000,3931.8000,3932.0000,3932.4000,3932.6000,3932.8000,1,2,1,2,2,1,3,2,1,1
SF,IF2009,2020-03-02 09:32:44.200,3930.6000,8842,0,199148640.000,0,-,-,-,-,3930.4000,3930.2000,3923.8000,3923.6000,3923.4000,3931.8000,3932.0000,3932.4000,3932.6000,3932.8000,1,1,1,2,2,1,3,2,1,1
SF,IF2009,2020-03-02 09:32:44.700,3930.6000,8842,0,199148640.000,0,-,-,-,-,3930.6000,3930.4000,3930.2000,3923.8000,3923.6000,3931.8000,3932.0000,3932.4000,3932.6000,3932.8000,1,1,1,1,2,2,3,2,1,1
SF,IF2009,2020-03-02 09:32:45.200,3930.6000,8842,0,199148640.000,0,-,-,-,-,3930.8000,3930.6000,3930.2000,3923.8000,3923.6000,3931.8000,3932.0000,3932.4000,3932.6000,3932.8000,1,1,1,1,2,1,3,2,1,1
SF,IF2009,2020-03-02 09:32:46.700,3930.8000,8842,0,200327880.000,1,0,1,多换,S,3930.6000,3930.2000,3923.8000,3923.6000,3923.4000,3931.8000,3932.0000,3932.4000,3932.6000,3932.8000,1,1,1,2,2,1,3,2,1,1
SF,IF2009,2020-03-02 09:32:47.200,3930.6000,8841,-1,201507060.000,1,0,1,双平,S,3930.2000,3923.8000,3923.6000,3923.4000,3921.2000,3931.6000,3931.8000,3932.0000,3932.4000,3932.6000,1,1,2,2,1,1,1,3,2,1
SF,IF2009,2020-03-02 09:32:48.200,3930.6000,8841,0,201507060.000,0,-,-,-,-,3930.2000,3923.8000,3923.6000,3923.4000,3921.2000,3931.6000,3931.8000,3932.0000,3932.4000,3932.6000,1,1,2,2,1,1,1,2,2,1
SF,IF2009,2020-03-02 09:32:48.700,3930.6000,8841,0,201507060.000,0,-,-,-,-,3930.4000,3930.2000,3923.8000,3923.6000,3923.4000,3931.6000,3931.8000,3932.0000,3932.4000,3932.6000,1,1,1,2,2,1,1,2,2,1
SF,IF2009,2020-03-02 09:32:49.700,3930.6000,8841,0,201507060.000,0,-,-,-,-,3930.6000,3930.4000,3923.8000,3923.6000,3923.4000,3931.6000,3931.8000,3932.0000,3932.4000,3932.6000,1,1,1,2,2,1,1,2,2,1
SF,IF2009,2020-03-02 09:32:50.700,3930.6000,8841,0,201507060.000,0,-,-,-,-,3930.6000,3930.4000,3923.8000,3923.6000,3923.4000,3931.6000,3931.8000,3932.0000,3932.4000,3932.6000,1,1,1,2,2,2,1,2,2,1
SF,IF2009,2020-03-02 09:32:51.200,3930.6000,8841,0,201507060.000,0,-,-,-,-,3930.6000,3930.4000,3925.0000,3923.8000,3923.6000,3931.6000,3931.8000,3932.0000,3932.4000,3932.6000,1,1,1,1,2,2,1,2,2,1
SF,IF2009,2020-03-02 09:32:51.700,3931.8000,8840,-1,205045560.000,3,1,2,多平,S,3930.6000,3930.4000,3925.0000,3923.8000,3923.6000,3932.0000,3932.4000,3932.6000,3932.8000,3933.0000,1,1,1,1,2,2,2,1,1,1
SF,IF2009,2020-03-02 09:32:52.200,3932.0000,8839,-1,207404760.000,2,0,2,多平,S,3930.6000,3930.4000,3925.0000,3923.8000,3923.6000,3932.4000,3932.6000,3932.8000,3933.0000,3933.8000,1,1,1,1,2,2,1,1,1,1
SF,IF2009,2020-03-02 09:32:52.700,3932.0000,8839,0,207404760.000,0,-,-,-,-,3930.8000,3930.6000,3930.4000,3925.0000,3923.8000,3932.4000,3932.6000,3932.8000,3933.0000,3933.8000,1,1,1,1,1,2,1,1,1,1
SF,IF2009,2020-03-02 09:32:53.200,3932.0000,8839,0,207404760.000,0,-,-,-,-,3931.0000,3930.8000,3930.4000,3925.0000,3923.8000,3932.4000,3932.6000,3932.8000,3933.0000,3933.8000,1,1,1,1,1,2,1,1,1,1
SF,IF2009,2020-03-02 09:32:53.700,3932.0000,8839,0,207404760.000,0,-,-,-,-,3931.6000,3931.2000,3931.0000,3930.8000,3930.4000,3932.4000,3932.6000,3932.8000,3933.0000,3933.8000,1,2,1,1,1,2,1,1,1,1
SF,IF2009,2020-03-02 09:32:54.200,3932.0000,8839,0,207404760.000,0,-,-,-,-,3931.6000,3931.2000,3931.0000,3930.8000,3930.4000,3932.4000,3932.6000,3932.8000,3933.0000,3933.8000,1,2,1,1,1,2,1,1,1,1
SF,IF2009,2020-03-02 09:32:54.700,3932.0000,8839,0,207404760.000,0,-,-,-,-,3931.6000,3931.2000,3931.0000,3930.8000,3930.4000,3932.4000,3932.6000,3932.8000,3933.0000,3933.8000,1,1,1,1,1,2,1,1,1,1
SF,IF2009,2020-03-02 09:32:55.200,3932.0000,8839,0,207404760.000,0,-,-,-,-,3931.6000,3931.2000,3931.0000,3930.8000,3930.4000,3932.4000,3932.6000,3932.8000,3933.0000,3933.8000,1,1,1,1,1,2,1,1,1,1
SF,IF2009,2020-03-02 09:32:55.700,3932.0000,8839,0,207404760.000,0,-,-,-,-,3931.6000,3931.2000,3931.0000,3930.8000,3930.4000,3932.4000,3932.6000,3932.8000,3933.0000,3933.8000,1,1,1,1,1,2,1,1,1,1
SF,IF2009,2020-03-02 09:32:56.200,3932.0000,8839,0,207404760.000,0,-,-,-,-,3931.6000,3931.2000,3931.0000,3930.8000,3930.4000,3932.4000,3932.6000,3932.8000,3933.0000,3933.8000,1,1,1,1,1,2,1,1,1,1
SF,IF2009,2020-03-02 09:32:56.700,3932.4000,8839,0,209764200.000,2,1,1,多换,S,3931.6000,3931.2000,3931.0000,3930.8000,3930.4000,3932.4000,3932.6000,3932.8000,3933.0000,3933.8000,1,1,1,1,1,1,1,1,1,1
SF,IF2009,2020-03-02 09:32:57.200,3932.4000,8839,0,210943920.000,1,0,1,多换,S,3931.8000,3931.6000,3931.2000,3930.8000,3930.4000,3932.6000,3932.8000,3933.0000,3933.8000,3934.0000,1,1,1,1,1,1,1,1,1,1
SF,IF2009,2020-03-02 09:32:57.700,3932.4000,8839,0,210943920.000,0,-,-,-,-,3931.8000,3931.6000,3931.2000,3930.8000,3930.4000,3932.6000,3932.8000,3933.0000,3933.8000,3934.0000,1,1,1,1,1,1,1,1,1,1
SF,IF2009,2020-03-02 09:32:58.200,3932.4000,8839,0,210943920.000,0,-,-,-,-,3931.8000,3931.6000,3931.2000,3930.8000,3930.4000,3932.6000,3932.8000,3933.0000,3933.8000,3934.0000,1,1,1,1,1,1,1,1,1,1
SF,IF2009,2020-03-02 09:32:58.700,3932.4000,8839,0,210943920.000,0,-,-,-,-,3931.8000,3931.6000,3931.2000,3930.8000,3930.4000,3932.6000,3932.8000,3933.0000,3933.8000,3934.0000,1,1,1,1,1,1,1,1,1,1
SF,IF2009,2020-03-02 09:32:59.200,3932.4000,8839,0,210943920.000,0,-,-,-,-,3931.8000,3931.6000,3931.2000,3930.8000,3930.4000,3932.6000,3932.8000,3933.0000,3933.8000,3934.0000,1,1,1,1,1,1,1,1,1,1
SF,IF2009,2020-03-02 09:32:59.700,3932.6000,8839,0,212123700.000,1,0,1,多换,S,3931.8000,3931.6000,3931.2000,3930.8000,3930.6000,3932.8000,3933.0000,3933.8000,3934.0000,3934.8000,1,1,1,1,1,1,1,1,1,3
SF,IF2009,2020-03-02 09:33:00.700,3932.8000,8839,0,213303540.000,1,0,1,多换,S,3931.8000,3931.6000,3931.2000,3930.8000,3930.6000,3933.0000,3933.8000,3934.0000,3934.8000,3935.0000,1,1,1,1,1,1,1,1,3,1
SF,IF2009,2020-03-02 09:33:01.200,3933.0000,8838,-1,214483440.000,1,0,1,双平,S,3932.0000,3931.8000,3931.6000,3931.2000,3930.6000,3933.8000,3934.0000,3934.8000,3935.0000,3935.4000,1,1,1,1,1,1,1,3,1,2
SF,IF2009,2020-03-02 09:33:01.700,3933.0000,8838,0,214483440.000,0,-,-,-,-,3932.2000,3932.0000,3931.6000,3931.2000,3930.6000,3933.8000,3934.0000,3934.8000,3935.0000,3935.4000,1,1,1,1,1,1,1,3,1,2
SF,IF2009,2020-03-02 09:33:02.200,3933.0000,8838,0,214483440.000,0,-,-,-,-,3932.2000,3932.0000,3931.6000,3931.2000,3930.6000,3933.6000,3933.8000,3934.0000,3934.8000,3935.0000,1,1,1,1,1,2,1,1,3,1
SF,IF2009,2020-03-02 09:33:03.200,3933.0000,8838,0,214483440.000,0,-,-,-,-,3932.2000,3932.0000,3931.6000,3931.2000,3930.6000,3933.6000,3933.8000,3934.0000,3934.8000,3935.0000,1,1,1,1,1,2,1,1,3,1
SF,IF2009,2020-03-02 09:33:03.700,3933.0000,8838,0,214483440.000,0,-,-,-,-,3932.2000,3931.6000,3931.2000,3930.6000,3930.2000,3933.8000,3934.0000,3934.8000,3935.0000,3935.4000,1,1,1,1,2,1,1,3,1,2
SF,IF2009,2020-03-02 09:33:04.200,3933.0000,8838,0,214483440.000,0,-,-,-,-,3932.4000,3932.2000,3931.6000,3931.2000,3930.6000,3933.6000,3933.8000,3934.0000,3934.8000,3935.0000,1,1,1,1,1,2,1,1,3,1
SF,IF2009,2020-03-02 09:33:04.700,3932.4000,8837,-1,215663160.000,1,0,1,双平,S,3931.6000,3931.2000,3930.6000,3930.2000,3925.0000,3933.4000,3933.8000,3934.0000,3934.8000,3935.0000,1,1,1,2,1,1,1,1,3,1
SF,IF2009,2020-03-02 09:33:05.200,3932.4000,8837,0,215663160.000,0,-,-,-,-,3931.6000,3931.2000,3930.6000,3930.2000,3925.0000,3933.2000,3933.4000,3933.8000,3934.0000,3934.8000,1,1,1,2,1,1,1,1,1,3
SF,IF2009,2020-03-02 09:33:05.700,3932.4000,8837,0,215663160.000,0,-,-,-,-,3931.6000,3931.2000,3930.6000,3930.2000,3925.0000,3933.8000,3934.0000,3934.8000,3935.0000,3935.4000,1,1,1,2,1,1,1,3,1,2
SF,IF2009,2020-03-02 09:33:06.200,3932.4000,8837,0,215663160.000,0,-,-,-,-,3931.8000,3931.6000,3931.2000,3930.6000,3930.2000,3933.8000,3934.0000,3934.8000,3935.0000,3935.4000,2,1,1,1,2,1,1,3,1,2
SF,IF2009,2020-03-02 09:33:06.700,3932.4000,8837,0,215663160.000,0,-,-,-,-,3931.8000,3931.6000,3931.2000,3930.6000,3930.2000,3933.6000,3933.8000,3934.0000,3934.8000,3935.0000,2,1,1,1,2,2,1,1,3,1
SF,IF2009,2020-03-02 09:33:07.200,3932.4000,8837,0,215663160.000,0,-,-,-,-,3931.8000,3931.6000,3931.2000,3930.6000,3930.2000,3933.8000,3934.0000,3934.8000,3935.0000,3935.4000,2,1,1,1,2,1,1,3,1,2
SF,IF2009,2020-03-02 09:33:07.700,3932.4000,8837,0,215663160.000,0,-,-,-,-,3931.8000,3931.6000,3931.2000,3930.6000,3930.2000,3933.6000,3933.8000,3934.0000,3934.8000,3935.0000,2,1,1,1,2,2,1,1,3,1
SF,IF2009,2020-03-02 09:33:08.200,3932.4000,8837,0,215663160.000,0,-,-,-,-,3931.8000,3931.6000,3931.2000,3930.6000,3930.2000,3933.8000,3934.0000,3934.8000,3935.0000,3935.4000,2,1,1,1,2,1,1,3,1,2
SF,IF2009,2020-03-02 09:33:09.700,3932.4000,8837,0,215663160.000,0,-,-,-,-,3931.8000,3931.6000,3931.2000,3930.6000,3930.2000,3933.8000,3934.0000,3934.8000,3935.0000,3935.4000,2,1,1,1,2,1,1,3,1,2
SF,IF2009,2020-03-02 09:33:10.200,3932.4000,8837,0,215663160.000,0,-,-,-,-,3931.8000,3931.6000,3931.2000,3930.6000,3930.2000,3933.8000,3934.0000,3934.8000,3935.0000,3935.4000,2,1,1,1,2,1,1,3,1,2
SF,IF2009,2020-03-02 09:33:10.700,3932.4000,8837,0,215663160.000,0,-,-,-,-,3931.8000,3931.6000,3931.2000,3930.6000,3930.2000,3933.8000,3934.0000,3934.8000,3935.0000,3935.4000,2,1,1,1,2,1,1,3,1,2
SF,IF2009,2020-03-02 09:33:11.200,3933.8000,8837,0,216843300.000,1,0,1,多换,S,3931.8000,3931.6000,3931.2000,3930.6000,3930.2000,3934.0000,3934.8000,3935.0000,3935.4000,3935.6000,2,1,1,1,2,1,3,1,2,1
SF,IF2009,2020-03-02 09:33:11.700,3933.8000,8837,0,216843300.000,0,-,-,-,-,3931.8000,3931.6000,3931.2000,3930.6000,3930.2000,3934.0000,3934.8000,3935.0000,3935.4000,3935.6000,2,1,1,1,2,1,3,1,2,1
SF,IF2009,2020-03-02 09:33:12.200,3933.8000,8837,0,216843300.000,0,-,-,-,-,3931.8000,3931.6000,3931.2000,3930.6000,3930.2000,3934.0000,3934.8000,3935.0000,3935.4000,3935.6000,2,1,1,1,2,1,3,1,2,1
SF,IF2009,2020-03-02 09:33:12.700,3933.8000,8837,0,216843300.000,0,-,-,-,-,3931.8000,3931.6000,3931.2000,3930.6000,3930.2000,3934.0000,3934.8000,3935.0000,3935.4000,3935.6000,2,1,1,1,2,1,3,1,2,1
SF,IF2009,2020-03-02 09:33:13.200,3934.0000,8837,0,218023500.000,1,0,1,多换,S,3934.0000,3931.8000,3931.6000,3931.2000,3930.6000,3934.8000,3935.0000,3935.4000,3935.6000,3935.8000,1,2,1,1,1,3,1,2,1,1
SF,IF2009,2020-03-02 09:33:13.700,3934.0000,8836,-1,219203700.000,1,0,1,双平,S,3934.0000,3932.0000,3931.8000,3931.6000,3931.2000,3934.8000,3935.0000,3935.4000,3935.6000,3935.8000,1,1,2,1,1,3,1,2,1,1
SF,IF2009,2020-03-02 09:33:14.200,3934.0000,8835,-1,220383900.000,1,0,1,双平,S,3932.0000,3931.8000,3931.6000,3931.2000,3930.6000,3934.8000,3935.0000,3935.4000,3935.6000,3935.8000,1,2,1,1,1,3,1,2,1,1
SF,IF2009,2020-03-02 09:33:14.700,3934.0000,8835,0,220383900.000,0,-,-,-,-,3932.2000,3932.0000,3931.6000,3931.2000,3930.6000,3934.8000,3935.0000,3935.4000,3935.6000,3935.8000,4,1,1,1,1,3,1,2,1,1
SF,IF2009,2020-03-02 09:33:15.200,3934.0000,8835,0,220383900.000,0,-,-,-,-,3932.2000,3932.0000,3931.6000,3931.2000,3930.6000,3934.8000,3935.0000,3935.4000,3935.6000,3935.8000,4,1,1,1,1,3,1,2,1,1
SF,IF2009,2020-03-02 09:33:15.700,3934.0000,8835,0,220383900.000,0,-,-,-,-,3932.2000,3932.0000,3931.6000,3931.2000,3930.6000,3934.6000,3934.8000,3935.0000,3935.4000,3935.6000,2,1,1,1,1,2,3,1,2,1
SF,IF2009,2020-03-02 09:33:16.200,3934.0000,8835,0,220383900.000,0,-,-,-,-,3932.2000,3931.6000,3931.2000,3930.6000,3930.2000,3934.4000,3934.6000,3934.8000,3935.0000,3935.4000,1,1,1,1,2,2,2,3,1,2
SF,IF2009,2020-03-02 09:33:16.700,3932.2000,8835,0,221563560.000,1,0,1,多换,S,3931.6000,3931.2000,3930.6000,3930.2000,3925.0000,3932.2000,3934.2000,3934.4000,3934.6000,3934.8000,1,1,1,2,1,1,1,2,1,3
SF,IF2009,2020-03-02 09:33:17.200,3932.2000,8834,-1,222743220.000,1,0,1,双平,S,3932.2000,3931.6000,3931.2000,3930.6000,3930.2000,3934.2000,3934.6000,3934.8000,3935.0000,3935.4000,1,1,1,1,2,1,1,3,1,2
SF,IF2009,2020-03-02 09:33:17.700,3932.2000,8834,0,222743220.000,0,-,-,-,-,3932.2000,3931.6000,3931.2000,3930.6000,3930.2000,3934.0000,3934.2000,3934.6000,3934.8000,3935.0000,1,1,1,1,2,2,1,1,3,1
SF,IF2009,2020-03-02 09:33:18.700,3932.2000,8834,0,222743220.000,0,-,-,-,-,3932.2000,3931.6000,3931.2000,3930.6000,3930.2000,3934.2000,3934.6000,3934.8000,3935.0000,3935.4000,1,1,1,1,2,1,1,3,1,2
SF,IF2009,2020-03-02 09:33:20.200,3932.2000,8834,0,222743220.000,0,-,-,-,-,3932.2000,3931.6000,3931.2000,3930.6000,3930.2000,3934.2000,3934.6000,3934.8000,3935.0000,3935.4000,1,1,1,1,2,1,1,3,1,2
SF,IF2009,2020-03-02 09:33:20.700,3932.2000,8834,0,222743220.000,0,-,-,-,-,3932.4000,3932.2000,3931.6000,3931.2000,3930.6000,3934.6000,3934.8000,3935.0000,3935.4000,3935.6000,1,1,1,1,1,1,3,1,2,1
SF,IF2009,2020-03-02 09:33:21.200,3932.2000,8834,0,222743220.000,0,-,-,-,-,3932.6000,3932.4000,3931.6000,3931.2000,3930.6000,3934.6000,3934.8000,3935.0000,3935.4000,3935.6000,1,1,1,1,1,1,3,1,2,1
SF,IF2009,2020-03-02 09:33:21.700,3932.2000,8834,0,222743220.000,0,-,-,-,-,3932.8000,3932.6000,3931.6000,3931.2000,3930.6000,3934.6000,3934.8000,3935.0000,3935.4000,3935.6000,1,1,1,1,1,1,3,1,2,1
SF,IF2009,2020-03-02 09:33:22.700,3932.2000,8834,0,222743220.000,0,-,-,-,-,3932.8000,3932.6000,3931.6000,3931.2000,3930.6000,3934.6000,3934.8000,3935.0000,3935.4000,3935.6000,1,1,1,1,1,1,3,1,2,1
SF,IF2009,2020-03-02 09:33:24.200,3934.6000,8834,0,223923600.000,1,0,1,多换,S,3934.6000,3932.8000,3932.6000,3931.6000,3931.2000,3934.8000,3935.0000,3935.4000,3935.6000,3935.8000,1,1,1,1,1,3,1,2,1,1
SF,IF2009,2020-03-02 09:33:24.700,3934.6000,8833,-1,225103980.000,1,0,1,双平,S,3932.6000,3931.6000,3931.2000,3930.6000,3930.2000,3934.6000,3934.8000,3935.0000,3935.4000,3935.6000,1,1,1,1,2,1,3,1,2,1
SF,IF2009,2020-03-02 09:33:25.200,3934.6000,8833,0,225103980.000,0,-,-,-,-,3932.8000,3932.6000,3931.6000,3931.2000,3930.6000,3934.6000,3934.8000,3935.0000,3935.4000,3935.6000,1,1,1,1,1,1,3,1,2,1
SF,IF2009,2020-03-02 09:33:25.700,3934.6000,8833,0,226284360.000,1,0,1,多换,S,3934.6000,3932.8000,3931.6000,3931.2000,3930.6000,3934.8000,3935.0000,3935.4000,3935.6000,3935.8000,2,1,1,1,1,3,1,2,1,1
SF,IF2009,2020-03-02 09:33:26.200,3934.8000,8828,-5,232186440.000,5,0,5,双平,S,3932.8000,3931.6000,3931.2000,3930.6000,3930.2000,3935.0000,3935.4000,3935.6000,3935.8000,3936.6000,1,1,1,1,2,1,2,1,1,1
SF,IF2009,2020-03-02 09:33:26.700,3934.8000,8828,0,232186440.000,0,-,-,-,-,3932.8000,3931.6000,3931.2000,3930.6000,3930.2000,3934.6000,3935.0000,3935.4000,3935.6000,3935.8000,1,1,1,1,2,1,1,2,1,1
SF,IF2009,2020-03-02 09:33:27.200,3935.0000,8827,-1,233366940.000,1,0,1,双平,S,3932.8000,3931.6000,3931.2000,3930.6000,3930.2000,3935.4000,3935.6000,3935.8000,3936.6000,3938.0000,1,1,1,1,2,2,1,1,1,2
SF,IF2009,2020-03-02 09:33:27.700,3935.0000,8827,0,233366940.000,0,-,-,-,-,3932.8000,3931.6000,3931.2000,3930.6000,3930.2000,3935.4000,3935.6000,3935.8000,3936.6000,3938.0000,1,1,1,1,2,2,1,1,1,2
SF,IF2009,2020-03-02 09:33:28.200,3935.0000,8827,0,233366940.000,0,-,-,-,-,3932.8000,3931.6000,3931.2000,3930.6000,3930.2000,3935.4000,3935.6000,3935.8000,3936.6000,3938.0000,1,1,1,1,2,2,1,1,1,2
SF,IF2009,2020-03-02 09:33:28.700,3933.0000,8827,0,234546840.000,1,0,1,多换,S,3932.8000,3931.6000,3931.2000,3930.6000,3930.2000,3935.4000,3935.6000,3935.8000,3936.6000,3938.0000,1,1,1,1,2,2,1,1,1,2
SF,IF2009,2020-03-02 09:33:29.200,3933.0000,8827,0,234546840.000,0,-,-,-,-,3933.0000,3932.8000,3931.6000,3931.2000,3930.6000,3935.2000,3935.4000,3935.6000,3935.8000,3936.6000,1,1,1,1,1,1,2,1,1,1
SF,IF2009,2020-03-02 09:33:29.700,3935.2000,8826,-1,235727400.000,1,0,1,双平,S,3933.0000,3932.8000,3931.6000,3931.2000,3930.6000,3935.4000,3935.6000,3935.8000,3936.6000,3938.0000,1,1,1,1,1,2,1,1,1,2
SF,IF2009,2020-03-02 09:33:30.200,3935.4000,8826,0,236908020.000,1,0,1,多换,S,3933.2000,3933.0000,3931.6000,3931.2000,3930.6000,3935.4000,3935.6000,3935.8000,3936.6000,3938.0000,1,1,1,1,1,1,1,1,1,2
SF,IF2009,2020-03-02 09:33:30.700,3935.4000,8826,0,238088640.000,1,0,1,多换,S,3933.2000,3933.0000,3931.6000,3931.2000,3930.6000,3935.6000,3935.8000,3936.6000,3938.0000,3943.2000,1,3,1,1,1,1,1,1,2,1
SF,IF2009,2020-03-02 09:33:31.200,3935.4000,8826,0,238088640.000,0,-,-,-,-,3933.2000,3933.0000,3931.6000,3931.2000,3930.6000,3935.6000,3935.8000,3936.6000,3938.0000,3943.2000,1,1,1,1,1,1,1,1,2,1
SF,IF2009,2020-03-02 09:33:31.700,3935.4000,8826,0,238088640.000,0,-,-,-,-,3933.2000,3933.0000,3931.6000,3931.2000,3930.6000,3935.6000,3935.8000,3936.6000,3938.0000,3943.2000,1,3,1,1,1,1,1,1,2,1
SF,IF2009,2020-03-02 09:33:32.200,3935.4000,8826,0,238088640.000,0,-,-,-,-,3933.8000,3933.2000,3931.6000,3931.2000,3930.6000,3935.0000,3935.6000,3935.8000,3936.6000,3938.0000,1,1,1,1,1,1,1,1,1,2
SF,IF2009,2020-03-02 09:33:32.700,3935.0000,8825,-1,239269140.000,1,0,1,双平,S,3934.0000,3931.6000,3931.2000,3930.6000,3930.2000,3935.6000,3935.8000,3936.6000,3938.0000,3943.2000,1,1,1,1,2,1,1,1,2,1
SF,IF2009,2020-03-02 09:33:33.200,3934.0000,8825,0,240449340.000,1,0,1,多换,S,3931.6000,3931.2000,3930.6000,3930.2000,3923.4000,3935.4000,3935.6000,3935.8000,3936.6000,3938.0000,1,1,1,2,1,2,1,1,1,2
SF,IF2009,2020-03-02 09:33:33.700,3934.0000,8825,0,240449340.000,0,-,-,-,-,3931.8000,3931.6000,3931.2000,3930.6000,3930.2000,3935.6000,3935.8000,3936.6000,3938.0000,3943.2000,4,1,1,1,2,1,1,1,2,1
SF,IF2009,2020-03-02 09:33:34.200,3934.0000,8825,0,240449340.000,0,-,-,-,-,3935.4000,3933.0000,3932.0000,3931.8000,3931.6000,3935.6000,3935.8000,3936.6000,3938.0000,3943.2000,1,2,1,4,1,1,1,1,2,1
SF,IF2009,2020-03-02 09:33:34.700,3935.4000,8825,0,241629960.000,1,0,1,多换,S,3933.0000,3932.0000,3931.8000,3931.6000,3930.6000,3935.6000,3935.8000,3936.6000,3938.0000,3943.2000,2,2,4,1,1,1,1,1,2,1
SF,IF2009,2020-03-02 09:33:35.200,3935.4000,8825,0,241629960.000,0,-,-,-,-,3935.2000,3933.2000,3933.0000,3932.0000,3931.8000,3935.6000,3935.8000,3936.6000,3938.0000,3943.2000,21,1,2,1,3,1,1,1,2,1
SF,IF2009,2020-03-02 09:33:35.700,3935.8000,8823,-2,243991380.000,2,0,2,双平,S,3935.2000,3933.6000,3933.2000,3933.0000,3932.0000,3936.6000,3938.0000,3943.2000,3949.0000,3950.0000,21,1,1,2,1,1,2,1,1,4
SF,IF2009,2020-03-02 09:33:36.200,3935.8000,8823,0,243991380.000,0,-,-,-,-,3935.2000,3933.2000,3933.0000,3932.0000,3931.8000,3936.4000,3936.6000,3938.0000,3943.2000,3949.0000,21,1,2,1,3,1,1,2,1,1
SF,IF2009,2020-03-02 09:33:36.700,3935.8000,8823,0,243991380.000,0,-,-,-,-,3935.8000,3935.2000,3933.2000,3933.0000,3931.8000,3936.6000,3938.0000,3943.2000,3949.0000,3950.0000,1,21,1,2,1,1,2,1,1,4
SF,IF2009,2020-03-02 09:33:37.200,3936.6000,8822,-1,245172360.000,1,0,1,双平,S,3935.8000,3935.2000,3933.2000,3933.0000,3931.8000,3938.0000,3943.2000,3949.0000,3950.0000,3955.6000,1,21,1,2,1,2,1,1,4,1
SF,IF2009,2020-03-02 09:33:37.700,3936.6000,8822,0,245172360.000,0,-,-,-,-,3935.2000,3933.2000,3933.0000,3931.8000,3931.6000,3937.6000,3937.8000,3938.0000,3943.2000,3949.0000,21,1,2,1,1,2,1,2,1,1
SF,IF2009,2020-03-02 09:33:38.200,3936.6000,8822,0,245172360.000,0,-,-,-,-,3935.4000,3935.2000,3933.0000,3931.8000,3931.6000,3937.4000,3937.8000,3938.0000,3943.2000,3949.0000,1,21,2,1,1,2,1,2,1,1
SF,IF2009,2020-03-02 09:33:38.700,3937.2000,8822,0,246353520.000,1,0,1,多换,S,3935.2000,3933.0000,3931.8000,3931.6000,3930.6000,3937.2000,3938.0000,3943.2000,3945.0000,3949.0000,21,2,1,1,1,2,2,1,1,1
SF,IF2009,2020-03-02 09:33:39.200,3937.2000,8822,0,247534680.000,1,0,1,多换,S,3935.4000,3935.2000,3933.0000,3931.8000,3931.6000,3938.0000,3943.2000,3945.0000,3949.0000,3950.0000,1,21,2,1,1,2,1,1,1,3
SF,IF2009,2020-03-02 09:33:39.700,3937.2000,8822,0,247534680.000,0,-,-,-,-,3935.4000,3935.2000,3933.0000,3931.8000,3931.6000,3937.6000,3938.0000,3943.2000,3945.0000,3949.0000,1,21,2,1,1,1,2,1,1,1
SF,IF2009,2020-03-02 09:33:40.200,3937.2000,8822,0,247534680.000,0,-,-,-,-,3935.6000,3935.4000,3935.2000,3933.0000,3931.8000,3938.0000,3943.2000,3945.0000,3949.0000,3950.0000,1,1,21,2,1,2,1,1,1,3
SF,IF2009,2020-03-02 09:33:40.700,3937.2000,8822,0,247534680.000,0,-,-,-,-,3935.8000,3935.6000,3935.2000,3933.0000,3931.8000,3937.8000,3938.0000,3943.2000,3945.0000,3949.0000,1,1,21,2,1,2,2,1,1,1
SF,IF2009,2020-03-02 09:33:41.200,3937.2000,8822,0,247534680.000,0,-,-,-,-,3935.8000,3935.6000,3935.2000,3933.0000,3931.8000,3937.6000,3943.2000,3945.0000,3949.0000,3950.0000,1,1,21,2,1,2,1,1,1,3
SF,IF2009,2020-03-02 09:33:41.700,3937.2000,8822,0,247534680.000,0,-,-,-,-,3935.8000,3935.6000,3935.2000,3933.0000,3931.8000,3937.6000,3943.2000,3945.0000,3949.0000,3950.0000,1,1,21,2,1,2,1,1,1,3
SF,IF2009,2020-03-02 09:33:42.200,3936.0000,8821,-1,248715480.000,1,0,1,双平,S,3935.8000,3935.6000,3935.2000,3933.0000,3931.8000,3943.2000,3945.0000,3949.0000,3950.0000,3955.6000,1,1,21,2,1,1,1,1,3,1
SF,IF2009,2020-03-02 09:33:42.700,3936.0000,8821,0,248715480.000,0,-,-,-,-,3936.4000,3936.0000,3935.8000,3935.2000,3933.0000,3943.0000,3943.2000,3945.0000,3949.0000,3950.0000,1,2,1,21,2,7,1,1,1,3
SF,IF2009,2020-03-02 09:33:43.200,3936.0000,8821,0,248715480.000,0,-,-,-,-,3936.6000,3936.4000,3936.0000,3935.2000,3935.0000,3937.6000,3942.8000,3943.0000,3943.2000,3945.0000,2,1,1,21,2,1,3,7,1,1
SF,IF2009,2020-03-02 09:33:43.700,3936.4000,8810,-11,262888020.000,12,0,12,多平,S,3935.2000,3935.0000,3933.0000,3931.6000,3930.6000,3942.8000,3943.0000,3943.2000,3945.0000,3949.0000,21,2,2,1,1,3,6,1,1,1
SF,IF2009,2020-03-02 09:33:44.200,3936.4000,8810,0,262888020.000,0,-,-,-,-,3938.0000,3935.4000,3935.2000,3935.0000,3931.6000,3942.4000,3942.6000,3942.8000,3943.0000,3943.2000,1,2,21,2,1,2,3,3,4,1
SF,IF2009,2020-03-02 09:33:44.700,3938.0000,8809,-1,265250820.000,2,0,2,多平,S,3935.4000,3935.2000,3935.0000,3931.6000,3930.6000,3942.0000,3942.2000,3942.4000,3942.6000,3943.0000,1,21,2,1,1,1,6,2,1,4
SF,IF2009,2020-03-02 09:33:45.200,3938.0000,8809,0,265250820.000,0,-,-,-,-,3935.4000,3935.2000,3935.0000,3931.6000,3930.6000,3941.8000,3942.0000,3942.2000,3942.6000,3943.0000,1,21,2,1,1,4,1,2,1,2
SF,IF2009,2020-03-02 09:33:45.700,3938.0000,8809,0,265250820.000,0,-,-,-,-,3935.4000,3935.2000,3935.0000,3931.6000,3930.6000,3941.6000,3941.8000,3942.2000,3942.6000,3943.0000,1,21,2,1,1,3,4,1,1,2
SF,IF2009,2020-03-02 09:33:46.200,3938.0000,8809,0,265250820.000,0,-,-,-,-,3935.6000,3935.4000,3935.2000,3935.0000,3931.6000,3941.2000,3941.4000,3941.6000,3941.8000,3942.2000,1,1,21,2,1,1,6,3,1,1
SF,IF2009,2020-03-02 09:33:46.700,3938.0000,8809,0,265250820.000,0,-,-,-,-,3935.8000,3935.6000,3935.2000,3935.0000,3931.6000,3941.0000,3941.4000,3941.6000,3941.8000,3942.2000,1,1,21,2,1,3,3,2,1,1
SF,IF2009,2020-03-02 09:33:47.200,3938.0000,8809,0,265250820.000,0,-,-,-,-,3935.8000,3935.6000,3935.2000,3935.0000,3931.6000,3940.8000,3941.0000,3941.4000,3941.6000,3941.8000,1,1,21,2,1,3,4,1,2,1
SF,IF2009,2020-03-02 09:33:47.700,3938.0000,8809,0,265250820.000,0,-,-,-,-,3935.8000,3935.2000,3935.0000,3931.6000,3930.6000,3940.6000,3940.8000,3941.0000,3941.4000,3941.6000,1,21,2,1,1,3,3,2,1,1
SF,IF2009,2020-03-02 09:33:48.200,3938.0000,8809,0,265250820.000,0,-,-,-,-,3935.8000,3935.2000,3935.0000,3931.6000,3930.6000,3940.4000,3940.6000,3941.0000,3941.4000,3941.6000,1,21,2,1,1,4,3,2,1,1
SF,IF2009,2020-03-02 09:33:48.700,3938.0000,8809,0,265250820.000,0,-,-,-,-,3935.8000,3935.2000,3935.0000,3931.6000,3930.6000,3940.2000,3940.4000,3940.6000,3941.0000,3941.4000,1,21,2,1,1,4,4,1,1,1
SF,IF2009,2020-03-02 09:33:49.200,3938.0000,8809,0,265250820.000,0,-,-,-,-,3935.8000,3935.2000,3935.0000,3931.6000,3930.6000,3940.0000,3940.2000,3940.4000,3940.6000,3941.0000,1,21,2,1,1,1,4,3,1,1
SF,IF2009,2020-03-02 09:33:49.700,3938.0000,8809,0,265250820.000,0,-,-,-,-,3935.8000,3935.2000,3935.0000,3931.6000,3930.6000,3939.8000,3940.0000,3940.2000,3940.4000,3940.6000,1,21,2,1,1,3,1,2,1,1
SF,IF2009,2020-03-02 09:33:50.200,3939.6000,8809,0,266432700.000,1,0,1,多换,S,3935.8000,3935.2000,3935.0000,3931.6000,3930.6000,3939.8000,3940.2000,3940.4000,3940.6000,3941.0000,1,21,2,1,1,3,1,1,1,1
SF,IF2009,2020-03-02 09:33:50.700,3939.6000,8809,0,266432700.000,0,-,-,-,-,3935.8000,3935.2000,3935.0000,3931.6000,3930.6000,3939.6000,3939.8000,3940.2000,3940.4000,3940.6000,1,21,2,1,1,2,2,1,1,1
SF,IF2009,2020-03-02 09:33:51.200,3939.6000,8809,0,266432700.000,0,-,-,-,-,3936.0000,3935.8000,3935.2000,3935.0000,3931.6000,3939.4000,3939.6000,3939.8000,3940.2000,3940.4000,1,1,21,2,1,2,1,1,1,1
SF,IF2009,2020-03-02 09:33:51.700,3939.6000,8809,0,266432700.000,0,-,-,-,-,3936.2000,3936.0000,3935.2000,3935.0000,3931.6000,3939.4000,3939.8000,3940.2000,3940.4000,3940.6000,1,1,21,2,1,2,1,1,1,1
SF,IF2009,2020-03-02 09:33:52.200,3939.6000,8809,0,266432700.000,0,-,-,-,-,3936.2000,3936.0000,3935.2000,3935.0000,3931.6000,3939.4000,3939.8000,3940.2000,3940.4000,3940.6000,1,1,21,2,1,1,1,1,1,1
SF,IF2009,2020-03-02 09:33:52.700,3939.6000,8809,0,266432700.000,0,-,-,-,-,3936.2000,3935.2000,3935.0000,3931.6000,3930.6000,3939.2000,3939.4000,3939.8000,3940.2000,3940.6000,1,21,2,1,1,4,1,1,1,1
SF,IF2009,2020-03-02 09:33:53.200,3939.6000,8809,0,266432700.000,0,-,-,-,-,3936.2000,3935.2000,3935.0000,3931.6000,3930.6000,3939.0000,3939.2000,3939.4000,3939.8000,3940.2000,1,20,2,1,1,1,3,1,1,1
SF,IF2009,2020-03-02 09:33:53.700,3939.6000,8809,0,266432700.000,0,-,-,-,-,3936.2000,3935.2000,3935.0000,3931.6000,3930.6000,3938.8000,3939.0000,3939.4000,3939.8000,3940.2000,1,20,2,1,1,1,1,1,1,1
SF,IF2009,2020-03-02 09:33:54.200,3939.6000,8809,0,266432700.000,0,-,-,-,-,3936.2000,3935.8000,3935.2000,3935.0000,3931.6000,3938.8000,3939.0000,3940.2000,3940.6000,3941.0000,1,1,20,2,1,1,1,1,1,1
SF,IF2009,2020-03-02 09:33:54.700,3939.6000,8809,0,266432700.000,0,-,-,-,-,3936.2000,3935.8000,3935.2000,3935.0000,3931.6000,3939.0000,3940.2000,3940.6000,3941.0000,3941.6000,1,1,20,2,1,1,1,1,1,1
SF,IF2009,2020-03-02 09:33:55.200,3939.6000,8809,0,266432700.000,0,-,-,-,-,3936.2000,3935.8000,3935.2000,3935.0000,3931.6000,3938.8000,3939.0000,3940.2000,3940.6000,3941.0000,1,1,20,2,1,1,1,1,1,1
SF,IF2009,2020-03-02 09:33:55.700,3939.6000,8809,0,266432700.000,0,-,-,-,-,3936.2000,3935.8000,3935.2000,3935.0000,3931.6000,3938.6000,3938.8000,3940.2000,3940.6000,3941.0000,1,1,20,2,1,1,1,1,1,1
SF,IF2009,2020-03-02 09:33:56.200,3940.2000,8810,1,268796640.000,2,1,1,空开,S,3940.2000,3936.2000,3935.0000,3931.6000,3930.6000,3940.6000,3941.0000,3941.6000,3943.0000,3943.2000,18,1,2,1,1,1,1,1,1,1
SF,IF2009,2020-03-02 09:33:56.700,3940.2000,8810,0,290073720.000,18,9,9,多换,S,3938.8000,3935.0000,3931.6000,3930.6000,3930.2000,3939.0000,3940.4000,3940.6000,3941.0000,3941.6000,1,2,1,1,2,1,3,1,1,1
SF,IF2009,2020-03-02 09:33:57.200,3938.8000,8810,0,291255360.000,1,0,1,多换,S,3935.0000,3931.6000,3930.6000,3930.2000,3923.4000,3938.8000,3939.0000,3940.4000,3940.6000,3941.0000,2,1,1,2,1,1,1,1,1,1
SF,IF2009,2020-03-02 09:33:57.700,3938.8000,8810,0,291255360.000,0,-,-,-,-,3935.2000,3935.0000,3931.6000,3930.6000,3930.2000,3938.6000,3938.8000,3939.0000,3940.0000,3940.4000,1,2,1,1,2,2,1,1,1,1
SF,IF2009,2020-03-02 09:33:58.200,3938.8000,8810,0,291255360.000,0,-,-,-,-,3935.2000,3935.0000,3931.6000,3930.6000,3930.2000,3938.4000,3938.6000,3939.0000,3940.0000,3940.4000,1,2,1,1,2,2,2,1,1,1
SF,IF2009,2020-03-02 09:33:58.700,3938.8000,8810,0,291255360.000,0,-,-,-,-,3935.2000,3935.0000,3931.6000,3930.6000,3930.2000,3938.2000,3938.4000,3938.6000,3939.0000,3940.0000,1,2,1,1,2,2,2,1,1,1
SF,IF2009,2020-03-02 09:33:59.200,3938.8000,8810,0,291255360.000,0,-,-,-,-,3936.6000,3935.2000,3935.0000,3930.6000,3930.2000,3938.0000,3938.2000,3939.0000,3940.0000,3940.4000,1,1,2,1,2,1,1,1,1,1
SF,IF2009,2020-03-02 09:33:59.700,3937.8000,8807,-3,295980360.000,4,0,4,多平,S,3935.2000,3935.0000,3930.6000,3930.2000,3923.4000,3938.0000,3939.0000,3940.0000,3940.4000,3940.6000,1,2,1,2,1,1,1,2,1,1
SF,IF2009,2020-03-02 09:34:00.200,3937.8000,8807,0,295980360.000,0,-,-,-,-,3935.2000,3935.0000,3930.6000,3930.2000,3923.4000,3937.8000,3938.0000,3939.0000,3940.0000,3940.4000,1,2,1,2,1,1,1,1,2,1
SF,IF2009,2020-03-02 09:34:00.700,3937.8000,8806,-1,298343040.000,2,0,2,多平,S,3935.4000,3935.2000,3935.0000,3930.6000,3930.2000,3939.0000,3940.0000,3940.4000,3940.6000,3941.0000,1,1,4,1,2,1,2,1,1,1
SF,IF2009,2020-03-02 09:34:01.200,3937.8000,8806,0,298343040.000,0,-,-,-,-,3935.6000,3935.4000,3935.0000,3930.6000,3930.2000,3938.0000,3938.8000,3939.0000,3940.0000,3940.4000,1,1,4,1,2,1,2,1,2,1
SF,IF2009,2020-03-02 09:34:01.700,3938.0000,8806,0,299524440.000,1,0,1,多换,S,3935.8000,3935.6000,3935.0000,3930.6000,3930.2000,3938.8000,3939.0000,3940.0000,3940.4000,3940.6000,1,1,4,1,2,1,1,2,1,1
SF,IF2009,2020-03-02 09:34:02.200,3938.0000,8806,0,299524440.000,0,-,-,-,-,3936.0000,3935.0000,3930.6000,3930.2000,3923.4000,3938.6000,3938.8000,3939.0000,3940.0000,3940.4000,1,4,1,2,1,2,1,1,2,1
SF,IF2009,2020-03-02 09:34:02.700,3938.0000,8806,0,299524440.000,0,-,-,-,-,3936.0000,3935.0000,3930.6000,3930.2000,3923.4000,3938.6000,3938.8000,3939.0000,3940.0000,3940.6000,1,4,1,2,1,1,1,1,2,1
SF,IF2009,2020-03-02 09:34:03.200,3938.0000,8806,0,299524440.000,0,-,-,-,-,3936.0000,3935.0000,3930.2000,3923.4000,3920.0000,3939.0000,3940.0000,3940.6000,3941.0000,3941.6000,1,4,2,1,1,1,2,1,1,1
SF,IF2009,2020-03-02 09:34:03.700,3938.0000,8806,0,299524440.000,0,-,-,-,-,3936.2000,3936.0000,3935.0000,3930.2000,3923.4000,3939.0000,3940.0000,3940.6000,3941.0000,3941.6000,1,1,4,2,1,1,2,1,1,1
SF,IF2009,2020-03-02 09:34:04.200,3936.4000,8805,-1,300705360.000,1,0,1,双平,S,3936.4000,3936.2000,3935.0000,3930.2000,3923.4000,3938.8000,3939.0000,3940.0000,3940.6000,3941.0000,1,1,4,2,1,1,1,2,1,1
SF,IF2009,2020-03-02 09:34:04.700,3936.4000,8805,0,300705360.000,0,-,-,-,-,3936.6000,3936.4000,3935.0000,3930.2000,3923.4000,3938.8000,3939.0000,3940.0000,3940.6000,3941.0000,1,1,4,2,1,1,1,2,1,1
SF,IF2009,2020-03-02 09:34:05.200,3936.4000,8805,0,300705360.000,0,-,-,-,-,3936.8000,3936.6000,3935.0000,3930.2000,3923.4000,3939.0000,3940.0000,3940.6000,3941.0000,3941.6000,1,1,4,2,1,1,2,1,1,1
SF,IF2009,2020-03-02 09:34:05.700,3936.4000,8805,0,300705360.000,0,-,-,-,-,3936.8000,3936.6000,3935.0000,3930.2000,3923.4000,3938.6000,3939.0000,3940.0000,3940.6000,3941.0000,1,1,4,2,1,1,1,2,1,1
SF,IF2009,2020-03-02 09:34:06.200,3936.4000,8805,0,300705360.000,0,-,-,-,-,3936.8000,3936.6000,3935.0000,3930.2000,3923.4000,3938.6000,3939.0000,3940.0000,3940.6000,3941.0000,1,1,4,2,1,1,1,2,1,1
SF,IF2009,2020-03-02 09:34:06.700,3936.4000,8805,0,300705360.000,0,-,-,-,-,3936.8000,3936.6000,3935.0000,3930.2000,3923.4000,3938.6000,3939.0000,3940.0000,3940.6000,3941.0000,1,1,4,2,1,1,1,2,1,1
SF,IF2009,2020-03-02 09:34:07.200,3936.8000,8804,-1,301886400.000,1,0,1,双平,S,3936.6000,3935.0000,3930.2000,3923.4000,3920.0000,3938.4000,3939.0000,3940.0000,3940.6000,3941.0000,1,4,2,1,1,3,1,2,2,1
SF,IF2009,2020-03-02 09:34:07.700,3936.8000,8804,0,301886400.000,0,-,-,-,-,3935.0000,3930.2000,3923.4000,3920.0000,3912.0000,3938.4000,3939.0000,3940.0000,3940.6000,3941.0000,4,2,1,1,1,3,1,2,2,1
SF,IF2009,2020-03-02 09:34:08.200,3936.8000,8804,0,301886400.000,0,-,-,-,-,3935.2000,3935.0000,3930.2000,3923.4000,3920.0000,3938.4000,3939.0000,3940.0000,3940.6000,3941.0000,1,4,2,1,1,1,1,2,2,1
SF,IF2009,2020-03-02 09:34:08.700,3938.0000,8803,-1,303067800.000,1,0,1,双平,S,3935.4000,3935.2000,3935.0000,3930.2000,3923.4000,3938.0000,3938.4000,3939.0000,3940.0000,3940.6000,1,1,4,2,1,1,2,1,2,2
SF,IF2009,2020-03-02 09:34:09.200,3938.0000,8803,0,303067800.000,0,-,-,-,-,3935.4000,3935.0000,3930.2000,3923.4000,3920.0000,3937.8000,3938.0000,3938.4000,3939.0000,3940.0000,1,4,2,1,1,2,1,1,1,2
SF,IF2009,2020-03-02 09:34:09.700,3938.0000,8803,0,303067800.000,0,-,-,-,-,3935.0000,3930.2000,3923.4000,3920.0000,3912.0000,3937.8000,3938.4000,3939.0000,3940.0000,3940.6000,4,2,1,1,1,3,1,1,1,2
SF,IF2009,2020-03-02 09:34:10.200,3938.0000,8803,0,303067800.000,0,-,-,-,-,3935.2000,3935.0000,3930.2000,3923.4000,3920.0000,3937.8000,3938.4000,3939.0000,3940.0000,3940.6000,3,4,2,1,1,3,1,1,1,2
SF,IF2009,2020-03-02 09:34:10.700,3938.0000,8803,0,303067800.000,0,-,-,-,-,3935.2000,3935.0000,3930.2000,3923.4000,3920.0000,3937.8000,3938.4000,3939.0000,3940.0000,3940.6000,2,4,2,1,1,1,1,1,1,2
SF,IF2009,2020-03-02 09:34:11.200,3938.0000,8803,0,303067800.000,0,-,-,-,-,3935.6000,3935.2000,3935.0000,3930.2000,3923.4000,3937.8000,3938.4000,3939.0000,3940.0000,3940.6000,1,2,4,2,1,1,1,1,1,2
SF,IF2009,2020-03-02 09:34:11.700,3938.0000,8803,0,303067800.000,0,-,-,-,-,3935.8000,3935.6000,3935.0000,3930.2000,3923.4000,3937.8000,3938.4000,3939.0000,3940.0000,3940.6000,2,1,4,2,1,1,1,1,1,2
SF,IF2009,2020-03-02 09:34:12.200,3938.0000,8803,0,303067800.000,0,-,-,-,-,3936.6000,3935.8000,3935.0000,3930.2000,3923.4000,3938.4000,3939.0000,3940.0000,3940.6000,3941.0000,1,1,4,2,1,1,1,1,2,1
SF,IF2009,2020-03-02 09:34:12.700,3938.0000,8803,0,303067800.000,0,-,-,-,-,3936.6000,3935.8000,3935.0000,3930.2000,3923.4000,3938.2000,3938.4000,3939.0000,3940.0000,3940.6000,1,1,4,2,1,2,1,1,1,2
SF,IF2009,2020-03-02 09:34:13.200,3938.0000,8803,0,303067800.000,0,-,-,-,-,3936.6000,3935.8000,3935.0000,3930.2000,3923.4000,3938.0000,3938.2000,3938.4000,3939.0000,3940.0000,1,1,4,2,1,1,1,1,1,1
SF,IF2009,2020-03-02 09:34:13.700,3938.0000,8803,0,303067800.000,0,-,-,-,-,3936.6000,3935.8000,3935.0000,3930.2000,3923.4000,3938.0000,3938.2000,3938.4000,3939.0000,3940.0000,1,1,4,2,1,1,1,1,1,1
SF,IF2009,2020-03-02 09:34:14.200,3938.0000,8803,0,303067800.000,0,-,-,-,-,3936.6000,3935.0000,3930.2000,3923.4000,3920.0000,3937.8000,3938.4000,3939.0000,3940.0000,3940.4000,1,4,2,1,1,1,1,1,1,1
SF,IF2009,2020-03-02 09:34:14.700,3938.0000,8803,0,303067800.000,0,-,-,-,-,3936.6000,3935.0000,3930.2000,3923.4000,3920.0000,3937.8000,3938.4000,3939.0000,3940.0000,3940.6000,1,4,2,1,1,1,1,1,1,1
SF,IF2009,2020-03-02 09:34:15.200,3938.0000,8803,0,303067800.000,0,-,-,-,-,3936.6000,3935.0000,3930.2000,3923.4000,3920.0000,3938.4000,3939.0000,3940.0000,3940.6000,3941.0000,1,4,2,1,1,1,1,1,1,1
SF,IF2009,2020-03-02 09:34:15.700,3938.0000,8803,0,303067800.000,0,-,-,-,-,3936.6000,3935.0000,3930.2000,3923.4000,3920.0000,3938.2000,3938.4000,3939.0000,3940.0000,3940.6000,1,4,2,1,1,1,1,1,1,1
SF,IF2009,2020-03-02 09:34:16.200,3938.0000,8803,0,303067800.000,0,-,-,-,-,3936.6000,3935.0000,3930.2000,3923.4000,3920.0000,3938.0000,3938.2000,3938.4000,3939.0000,3940.0000,1,4,2,1,1,1,1,1,1,1
SF,IF2009,2020-03-02 09:34:16.700,3938.0000,8803,0,303067800.000,0,-,-,-,-,3936.6000,3935.0000,3930.2000,3923.4000,3920.0000,3937.8000,3938.0000,3938.4000,3939.0000,3940.0000,1,4,2,1,1,1,1,1,1,2
SF,IF2009,2020-03-02 09:34:17.200,3938.0000,8803,0,303067800.000,0,-,-,-,-,3936.6000,3935.0000,3930.2000,3923.4000,3920.0000,3937.8000,3938.4000,3939.0000,3940.0000,3940.6000,1,4,2,1,1,1,1,1,2,1
SF,IF2009,2020-03-02 09:34:18.200,3936.6000,8803,0,304248780.000,1,0,1,多换,S,3935.0000,3930.2000,3923.4000,3920.0000,3912.0000,3937.8000,3938.4000,3939.0000,3940.0000,3940.6000,4,2,1,1,1,1,1,1,2,1
SF,IF2009,2020-03-02 09:34:18.700,3936.6000,8803,0,304248780.000,0,-,-,-,-,3935.2000,3935.0000,3930.2000,3923.4000,3920.0000,3937.8000,3938.4000,3939.0000,3940.0000,3940.6000,2,4,2,1,1,1,1,1,2,1
SF,IF2009,2020-03-02 09:34:19.200,3936.6000,8803,0,304248780.000,0,-,-,-,-,3935.2000,3935.0000,3930.2000,3923.4000,3920.0000,3937.4000,3937.8000,3938.4000,3939.0000,3940.0000,1,4,2,1,1,1,1,1,1,2
SF,IF2009,2020-03-02 09:34:19.700,3936.6000,8803,0,304248780.000,0,-,-,-,-,3935.0000,3930.2000,3923.4000,3920.0000,3912.0000,3937.4000,3937.8000,3938.4000,3939.0000,3940.0000,4,2,1,1,1,1,1,1,1,2
SF,IF2009,2020-03-02 09:34:20.200,3936.6000,8803,0,304248780.000,0,-,-,-,-,3935.2000,3935.0000,3930.2000,3923.4000,3920.0000,3937.2000,3937.8000,3938.4000,3939.0000,3940.0000,2,4,2,1,1,1,1,1,1,2
SF,IF2009,2020-03-02 09:34:20.700,3936.6000,8803,0,304248780.000,0,-,-,-,-,3935.2000,3935.0000,3930.2000,3923.4000,3920.0000,3937.0000,3938.4000,3939.0000,3940.0000,3940.6000,1,4,2,1,1,2,1,1,2,1
SF,IF2009,2020-03-02 09:34:21.700,3936.6000,8803,0,304248780.000,0,-,-,-,-,3935.2000,3935.0000,3930.2000,3923.4000,3920.0000,3937.0000,3938.4000,3939.0000,3940.0000,3940.6000,1,4,2,1,1,1,1,1,2,1
SF,IF2009,2020-03-02 09:34:22.200,3936.6000,8803,0,304248780.000,0,-,-,-,-,3935.0000,3930.2000,3923.4000,3920.0000,3912.0000,3936.8000,3937.0000,3938.4000,3939.0000,3940.0000,4,2,1,1,1,1,1,1,1,2
SF,IF2009,2020-03-02 09:34:22.700,3936.6000,8803,0,304248780.000,0,-,-,-,-,3935.0000,3930.2000,3923.4000,3920.0000,3912.0000,3936.6000,3938.4000,3939.0000,3939.6000,3940.0000,4,2,1,1,1,2,1,1,1,2
SF,IF2009,2020-03-02 09:34:23.200,3936.6000,8803,0,304248780.000,0,-,-,-,-,3935.0000,3930.2000,3923.4000,3920.0000,3912.0000,3936.4000,3936.6000,3937.0000,3938.4000,3939.0000,4,2,1,1,1,1,1,1,1,1
SF,IF2009,2020-03-02 09:34:23.700,3936.6000,8803,0,304248780.000,0,-,-,-,-,3935.0000,3930.2000,3923.4000,3920.0000,3912.0000,3936.2000,3937.0000,3938.4000,3939.0000,3940.0000,4,2,1,1,1,2,1,1,1,2
SF,IF2009,2020-03-02 09:34:24.200,3936.6000,8803,0,304248780.000,0,-,-,-,-,3935.0000,3930.2000,3923.4000,3920.0000,3912.0000,3936.2000,3937.0000,3938.4000,3939.0000,3940.0000,4,2,1,1,1,1,1,1,1,2
SF,IF2009,2020-03-02 09:34:24.700,3936.6000,8803,0,304248780.000,0,-,-,-,-,3935.0000,3930.2000,3923.4000,3920.0000,3912.0000,3936.2000,3937.0000,3938.4000,3939.0000,3940.0000,2,2,1,1,1,1,1,1,1,2
SF,IF2009,2020-03-02 09:34:25.200,3935.0000,8803,0,305429280.000,1,0,1,多换,S,3935.0000,3930.2000,3923.4000,3920.0000,3912.0000,3936.2000,3937.0000,3938.4000,3939.0000,3940.0000,1,2,1,1,1,1,1,1,1,2
SF,IF2009,2020-03-02 09:34:25.700,3935.0000,8803,0,305429280.000,0,-,-,-,-,3935.0000,3930.2000,3923.4000,3920.0000,3912.0000,3936.2000,3937.0000,3938.4000,3939.0000,3940.0000,1,2,1,1,1,1,1,1,1,1
SF,IF2009,2020-03-02 09:34:26.200,3935.0000,8803,0,306609780.000,1,0,1,多换,S,3930.2000,3923.4000,3920.0000,3912.0000,3908.0000,3936.0000,3936.2000,3937.0000,3938.4000,3939.0000,2,1,1,1,1,1,1,1,1,1
SF,IF2009,2020-03-02 09:34:26.700,3935.0000,8803,0,306609780.000,0,-,-,-,-,3930.4000,3930.2000,3923.4000,3920.0000,3912.0000,3935.0000,3935.8000,3936.0000,3937.0000,3938.4000,4,2,1,1,1,1,1,1,1,1
SF,IF2009,2020-03-02 09:34:27.200,3935.0000,8803,0,306609780.000,0,-,-,-,-,3931.2000,3930.4000,3930.2000,3923.4000,3920.0000,3934.8000,3935.0000,3937.0000,3938.4000,3939.0000,1,5,2,1,1,1,1,1,1,1
SF,IF2009,2020-03-02 09:34:27.700,3935.0000,8803,0,306609780.000,0,-,-,-,-,3931.4000,3931.2000,3930.2000,3923.4000,3920.0000,3934.8000,3935.0000,3937.0000,3938.4000,3939.0000,3,1,2,1,1,1,1,1,1,1
SF,IF2009,2020-03-02 09:34:28.200,3935.0000,8803,0,306609780.000,0,-,-,-,-,3931.8000,3931.4000,3931.2000,3930.2000,3923.4000,3934.8000,3935.0000,3937.0000,3938.4000,3939.0000,1,3,1,2,1,1,1,1,1,1
SF,IF2009,2020-03-02 09:34:28.700,3935.0000,8803,0,306609780.000,0,-,-,-,-,3932.0000,3931.4000,3930.2000,3923.4000,3920.0000,3934.6000,3935.0000,3937.0000,3938.4000,3939.0000,2,1,2,1,1,1,1,1,1,1
SF,IF2009,2020-03-02 09:34:29.200,3935.0000,8803,0,306609780.000,0,-,-,-,-,3932.4000,3932.0000,3931.4000,3930.2000,3923.4000,3934.6000,3934.8000,3935.0000,3937.0000,3938.4000,1,2,1,2,1,1,1,1,1,1
SF,IF2009,2020-03-02 09:34:29.700,3935.0000,8803,0,306609780.000,0,-,-,-,-,3932.6000,3932.4000,3931.4000,3930.2000,3923.4000,3934.6000,3934.8000,3935.0000,3937.0000,3938.4000,2,1,1,2,1,1,1,1,1,1
SF,IF2009,2020-03-02 09:34:30.200,3935.0000,8803,0,306609780.000,0,-,-,-,-,3932.8000,3932.6000,3931.4000,3930.2000,3923.4000,3934.8000,3935.0000,3937.0000,3938.4000,3939.0000,1,2,1,2,1,1,1,1,1,1
SF,IF2009,2020-03-02 09:34:30.700,3935.0000,8803,0,306609780.000,0,-,-,-,-,3933.0000,3931.4000,3930.2000,3923.4000,3920.0000,3934.8000,3935.0000,3937.0000,3938.4000,3939.0000,3,1,2,1,1,1,1,1,1,1
SF,IF2009,2020-03-02 09:34:31.200,3935.0000,8803,0,306609780.000,0,-,-,-,-,3931.4000,3930.2000,3923.4000,3920.0000,3912.0000,3934.8000,3935.0000,3937.0000,3938.4000,3939.0000,1,2,1,1,1,1,1,1,1,1
SF,IF2009,2020-03-02 09:34:31.700,3935.0000,8803,0,306609780.000,0,-,-,-,-,3931.8000,3931.6000,3931.4000,3930.2000,3923.4000,3934.8000,3935.0000,3937.0000,3938.4000,3939.0000,1,3,1,2,1,1,1,1,1,1
SF,IF2009,2020-03-02 09:34:32.200,3935.0000,8803,0,306609780.000,0,-,-,-,-,3932.0000,3931.6000,3931.4000,3930.2000,3923.4000,3934.8000,3935.0000,3937.0000,3938.4000,3939.0000,2,1,1,2,1,1,1,1,1,1
SF,IF2009,2020-03-02 09:34:32.700,3935.0000,8803,0,306609780.000,0,-,-,-,-,3932.2000,3932.0000,3931.4000,3930.2000,3923.4000,3934.8000,3935.0000,3937.0000,3938.4000,3939.0000,1,2,1,2,1,1,1,1,1,1
SF,IF2009,2020-03-02 09:34:33.200,3935.0000,8803,0,306609780.000,0,-,-,-,-,3932.4000,3932.2000,3931.4000,3930.2000,3923.4000,3934.8000,3935.0000,3937.0000,3938.4000,3939.0000,2,1,1,2,1,1,1,1,1,1
SF,IF2009,2020-03-02 09:34:33.700,3935.0000,8803,0,306609780.000,0,-,-,-,-,3932.4000,3931.4000,3930.2000,3923.4000,3920.0000,3934.6000,3934.8000,3935.0000,3937.0000,3938.4000,2,1,2,1,1,2,1,1,1,1
SF,IF2009,2020-03-02 09:34:34.200,3935.0000,8803,0,306609780.000,0,-,-,-,-,3931.4000,3930.2000,3923.4000,3920.0000,3912.0000,3932.0000,3934.6000,3934.8000,3935.0000,3937.0000,1,2,1,1,1,1,1,1,1,1
SF,IF2009,2020-03-02 09:34:34.700,3932.0000,8802,-1,307789380.000,1,0,1,双平,S,3932.0000,3931.6000,3931.4000,3930.2000,3923.4000,3934.8000,3935.0000,3937.0000,3938.4000,3939.0000,1,1,1,2,1,1,1,1,1,1
SF,IF2009,2020-03-02 09:34:35.200,3932.0000,8802,0,307789380.000,0,-,-,-,-,3932.2000,3930.2000,3923.4000,3920.0000,3912.0000,3934.6000,3934.8000,3935.0000,3937.0000,3938.4000,2,2,1,1,1,2,1,1,1,1
SF,IF2009,2020-03-02 09:34:35.700,3932.0000,8802,0,307789380.000,0,-,-,-,-,3932.2000,3930.2000,3923.4000,3920.0000,3912.0000,3934.6000,3934.8000,3935.0000,3937.0000,3938.4000,1,2,1,1,1,2,1,1,1,1
SF,IF2009,2020-03-02 09:34:36.200,3932.0000,8802,0,307789380.000,0,-,-,-,-,3930.2000,3923.4000,3920.0000,3912.0000,3908.0000,3934.4000,3934.6000,3934.8000,3935.0000,3937.0000,2,1,1,1,1,2,1,1,1,1
SF,IF2009,2020-03-02 09:34:36.700,3932.0000,8802,0,307789380.000,0,-,-,-,-,3930.4000,3930.2000,3923.4000,3920.0000,3912.0000,3934.4000,3934.8000,3935.0000,3937.0000,3938.4000,2,2,1,1,1,1,1,1,1,1
SF,IF2009,2020-03-02 09:34:37.200,3932.0000,8802,0,307789380.000,0,-,-,-,-,3930.4000,3930.2000,3923.4000,3920.0000,3912.0000,3934.2000,3934.4000,3934.8000,3935.0000,3937.0000,2,2,1,1,1,1,1,1,1,1
SF,IF2009,2020-03-02 09:34:37.700,3932.0000,8802,0,307789380.000,0,-,-,-,-,3930.4000,3930.2000,3923.4000,3920.0000,3912.0000,3934.0000,3934.2000,3934.4000,3934.8000,3935.0000,2,2,1,1,1,1,1,1,1,1
