市场代码,合约代码,时间,最新,持仓,增仓,成交额,成交量,开仓,平仓,成交类型,方向,买一价,买二价,买三价,买四价,买五价,卖一价,卖二价,卖三价,卖四价,卖五价,买一量,买二量,买三量,买四量,买五量,卖一量,卖二量,卖三量,卖四量,卖五量
SF,IF2006,2020-04-15 09:29:00.200,3741.8000,41871,0,23573340.000,21.000,-,-,-,-,3740.0000,3738.0000,3737.0000,3736.2000,3736.0000,3742.0000,3742.6000,3744.0000,3744.6000,3745.0000,1,1,1,1,7,8,1,1,2,10
SF,IF2006,2020-04-15 09:30:00.200,3737.0000,41869,-2,26937840.000,3,0,3,多平,S,3736.2000,3736.0000,3735.6000,3734.0000,3733.6000,3739.8000,3740.0000,3740.8000,3741.6000,3741.8000,1,7,1,3,2,5,4,2,5,5
SF,IF2006,2020-04-15 09:30:00.700,3739.4000,41868,-1,29181420.000,2,0,2,多平,S,3738.2000,3737.8000,3736.8000,3736.4000,3736.2000,3738.8000,3739.4000,3739.6000,3739.8000,3740.0000,1,1,1,2,1,1,3,4,6,7
SF,IF2006,2020-04-15 09:30:01.200,3738.6000,41864,-4,37032060.000,7,1,6,多平,S,3738.4000,3737.8000,3736.4000,3736.2000,3736.0000,3738.8000,3739.6000,3740.0000,3740.8000,3741.8000,1,1,1,1,7,1,4,6,2,2
SF,IF2006,2020-04-15 09:30:01.700,3738.8000,41861,-3,41519100.000,4,0,4,多平,S,3738.8000,3738.6000,3738.4000,3738.2000,3737.8000,3739.6000,3740.0000,3741.2000,3741.8000,3742.0000,1,2,1,1,1,2,6,2,2,14
SF,IF2006,2020-04-15 09:30:02.200,3739.6000,41860,-1,43762620.000,2,0,2,多平,S,3739.0000,3738.8000,3738.6000,3738.2000,3737.8000,3740.0000,3741.2000,3741.8000,3742.0000,3742.6000,2,1,2,1,1,4,2,2,14,1
SF,IF2006,2020-04-15 09:30:02.700,3739.2000,41859,-1,44884380.000,1,0,1,双平,S,3739.2000,3739.0000,3738.8000,3738.6000,3738.2000,3740.0000,3741.0000,3741.2000,3741.8000,3742.0000,5,2,2,2,1,3,1,1,4,14
SF,IF2006,2020-04-15 09:30:03.200,3740.0000,41859,0,46006380.000,1,0,1,多换,S,3739.4000,3739.2000,3739.0000,3738.8000,3738.6000,3740.0000,3741.8000,3742.0000,3742.6000,3744.0000,6,2,1,4,2,2,4,14,1,1
SF,IF2006,2020-04-15 09:30:03.700,3740.0000,41860,1,48250380.000,2,1,1,空开,S,3739.6000,3739.4000,3739.0000,3738.8000,3738.6000,3741.8000,3742.0000,3742.6000,3744.0000,3744.6000,2,5,1,4,2,4,14,1,1,2
SF,IF2006,2020-04-15 09:30:04.200,3739.8000,41859,-1,49372320.000,1,0,1,双平,S,3739.8000,3739.6000,3739.0000,3738.8000,3738.6000,3741.8000,3742.0000,3742.6000,3744.0000,3744.6000,4,2,1,4,2,4,14,1,1,2
SF,IF2006,2020-04-15 09:30:04.700,3741.8000,41861,2,51617400.000,2,2,0,双开,S,3740.2000,3740.0000,3739.8000,3739.0000,3738.8000,3741.8000,3742.0000,3742.6000,3744.0000,3744.6000,2,8,4,1,4,1,14,1,1,2
SF,IF2006,2020-04-15 09:30:05.200,3741.8000,41855,-6,61719720.000,9,1,8,多平,S,3740.4000,3740.2000,3740.0000,3739.8000,3739.0000,3742.0000,3742.6000,3744.0000,3744.6000,3744.8000,7,1,4,1,1,9,2,1,2,1
SF,IF2006,2020-04-15 09:30:05.700,3741.8000,41855,0,61719720.000,0,-,-,-,-,3740.6000,3740.4000,3740.0000,3739.8000,3739.0000,3742.0000,3742.6000,3744.0000,3744.6000,3744.8000,1,6,5,1,1,9,2,1,2,1
SF,IF2006,2020-04-15 09:30:06.200,3741.8000,41855,0,61719720.000,0,-,-,-,-,3740.8000,3740.6000,3740.4000,3740.0000,3739.8000,3741.8000,3742.0000,3742.6000,3744.0000,3744.6000,4,1,1,5,1,2,9,1,1,2
SF,IF2006,2020-04-15 09:30:06.700,3741.6000,41852,-3,65086680.000,3,0,3,双平,S,3741.0000,3740.8000,3740.6000,3740.4000,3740.0000,3741.8000,3742.0000,3742.6000,3744.0000,3744.6000,1,2,1,1,5,2,9,1,1,1
SF,IF2006,2020-04-15 09:30:07.200,3741.6000,41851,-1,67331460.000,2,0,2,多平,S,3741.2000,3740.8000,3740.6000,3740.4000,3740.0000,3741.8000,3742.0000,3742.6000,3744.0000,3744.6000,1,1,1,1,3,2,9,1,1,1
SF,IF2006,2020-04-15 09:30:07.700,3740.4000,41849,-2,70698180.000,3,0,3,多平,S,3740.0000,3739.8000,3739.0000,3738.8000,3738.2000,3741.2000,3741.6000,3741.8000,3742.0000,3742.6000,3,1,1,4,1,1,2,1,9,1
SF,IF2006,2020-04-15 09:30:08.200,3741.0000,41848,-1,74064960.000,3,1,2,多平,S,3740.0000,3739.0000,3738.8000,3738.2000,3738.0000,3741.0000,3741.2000,3741.6000,3742.0000,3742.6000,3,1,2,1,1,1,2,1,8,1
SF,IF2006,2020-04-15 09:30:08.700,3740.0000,41845,-3,77430960.000,3,0,3,双平,S,3739.0000,3738.8000,3738.2000,3738.0000,3737.8000,3740.0000,3740.8000,3741.0000,3742.0000,3742.6000,1,2,1,1,1,1,1,3,8,1
SF,IF2006,2020-04-15 09:30:09.200,3740.0000,41844,-1,78552960.000,1,0,1,双平,S,3739.2000,3739.0000,3738.8000,3738.2000,3738.0000,3740.0000,3740.8000,3741.0000,3742.0000,3742.6000,1,1,2,1,1,2,1,1,8,1
SF,IF2006,2020-04-15 09:30:09.700,3740.0000,41843,-1,79674960.000,1,0,1,双平,S,3739.0000,3738.8000,3738.2000,3738.0000,3737.8000,3740.0000,3740.8000,3741.0000,3742.0000,3742.6000,1,2,2,1,1,2,2,1,8,1
SF,IF2006,2020-04-15 09:30:10.200,3740.0000,41843,0,79674960.000,0,-,-,-,-,3739.0000,3738.8000,3738.2000,3738.0000,3737.8000,3739.8000,3740.0000,3740.8000,3741.6000,3742.0000,1,2,2,1,1,2,4,1,1,8
SF,IF2006,2020-04-15 09:30:10.700,3740.0000,41839,-4,85284960.000,5,0,5,多平,S,3739.0000,3738.8000,3738.2000,3738.0000,3737.8000,3740.0000,3740.8000,3741.6000,3742.0000,3742.6000,1,2,2,1,1,2,1,1,8,1
SF,IF2006,2020-04-15 09:30:11.200,3740.0000,41836,-3,88650960.000,3,0,3,双平,S,3739.0000,3738.8000,3738.2000,3738.0000,3737.8000,3740.8000,3741.6000,3742.0000,3742.6000,3744.0000,1,2,2,1,1,1,1,9,1,1
SF,IF2006,2020-04-15 09:30:11.700,3741.6000,41825,-11,100994460.000,11,0,11,双平,S,3738.8000,3738.2000,3738.0000,3737.8000,3736.2000,3740.6000,3740.8000,3742.0000,3742.6000,3744.0000,2,2,1,1,1,1,1,10,1,1
SF,IF2006,2020-04-15 09:30:12.200,3738.8000,41824,-1,103237740.000,2,0,2,多平,S,3738.2000,3738.0000,3737.8000,3736.2000,3736.0000,3740.6000,3740.8000,3741.2000,3742.0000,3742.6000,2,1,1,1,8,1,1,1,10,1
SF,IF2006,2020-04-15 09:30:12.700,3740.0000,41824,0,104359740.000,1,0,1,多换,S,3740.0000,3738.4000,3738.2000,3738.0000,3737.8000,3740.6000,3740.8000,3741.2000,3742.0000,3742.6000,4,7,2,1,1,1,1,1,10,1
SF,IF2006,2020-04-15 09:30:13.200,3740.8000,41821,-3,108848160.000,4,0,4,多平,S,3740.2000,3740.0000,3738.4000,3738.2000,3738.0000,3741.2000,3742.0000,3742.6000,3744.0000,3744.6000,1,4,6,2,1,2,10,1,1,1
SF,IF2006,2020-04-15 09:30:13.700,3740.2000,41820,-1,111092580.000,2,0,2,多平,S,3740.2000,3740.0000,3738.4000,3738.2000,3738.0000,3742.0000,3742.6000,3742.8000,3744.0000,3744.6000,1,4,6,2,1,10,1,1,1,1
SF,IF2006,2020-04-15 09:30:14.200,3740.2000,41819,-1,112214640.000,1,0,1,双平,S,3740.2000,3740.0000,3738.4000,3738.2000,3738.0000,3741.6000,3742.0000,3742.6000,3742.8000,3744.0000,4,4,6,2,1,1,11,1,1,1
SF,IF2006,2020-04-15 09:30:14.700,3740.2000,41818,-1,113336700.000,1,0,1,双平,S,3740.2000,3740.0000,3738.4000,3738.2000,3738.0000,3741.6000,3742.0000,3742.6000,3742.8000,3744.0000,3,4,5,2,1,1,11,1,1,1
SF,IF2006,2020-04-15 09:30:15.200,3740.2000,41817,-1,115580820.000,2,0,2,多平,S,3740.0000,3738.4000,3738.2000,3738.0000,3737.8000,3740.4000,3741.4000,3741.6000,3742.0000,3742.6000,4,5,2,1,1,1,2,1,11,1
SF,IF2006,2020-04-15 09:30:15.700,3740.2000,41815,-2,118947120.000,3,0,3,多平,S,3740.0000,3738.4000,3738.2000,3738.0000,3737.8000,3740.8000,3741.4000,3741.8000,3742.0000,3742.6000,4,5,2,1,1,1,2,1,11,1
SF,IF2006,2020-04-15 09:30:16.200,3740.0000,41816,1,120069120.000,1,1,0,双开,S,3740.0000,3738.4000,3738.2000,3738.0000,3737.8000,3740.2000,3740.8000,3741.4000,3741.8000,3742.0000,3,5,2,1,1,1,1,2,2,11
SF,IF2006,2020-04-15 09:30:16.700,3740.0000,41816,0,123435120.000,3,1,2,多换,S,3738.4000,3738.2000,3738.0000,3737.8000,3736.2000,3740.2000,3740.8000,3741.8000,3742.0000,3742.8000,5,2,1,1,1,1,3,2,11,1
SF,IF2006,2020-04-15 09:30:17.200,3740.0000,41816,0,123435120.000,0,-,-,-,-,3738.4000,3738.2000,3738.0000,3737.8000,3736.2000,3739.8000,3740.0000,3740.2000,3740.8000,3741.6000,5,2,1,1,1,1,2,1,2,1
SF,IF2006,2020-04-15 09:30:17.700,3740.0000,41816,0,123435120.000,0,-,-,-,-,3738.4000,3738.2000,3738.0000,3737.8000,3736.2000,3739.8000,3740.0000,3740.2000,3740.8000,3741.6000,4,2,1,1,1,3,3,1,2,2
SF,IF2006,2020-04-15 09:30:18.200,3738.4000,41815,-1,124556640.000,1,0,1,双平,S,3738.4000,3738.2000,3738.0000,3737.8000,3736.2000,3739.6000,3739.8000,3740.0000,3740.2000,3740.8000,3,2,2,1,1,2,1,3,1,2
SF,IF2006,2020-04-15 09:30:18.700,3738.4000,41815,0,125678160.000,1,0,1,多换,S,3738.4000,3738.2000,3738.0000,3737.8000,3737.6000,3739.4000,3739.8000,3740.0000,3740.2000,3741.0000,3,2,2,1,1,2,1,3,1,1
SF,IF2006,2020-04-15 09:30:19.200,3739.4000,41814,-1,126799980.000,1,0,1,双平,S,3738.4000,3738.2000,3738.0000,3737.8000,3737.6000,3739.4000,3739.8000,3740.0000,3740.2000,3741.0000,3,2,2,1,1,1,1,3,1,1
SF,IF2006,2020-04-15 09:30:19.700,3739.4000,41814,0,126799980.000,0,-,-,-,-,3738.6000,3738.4000,3738.2000,3738.0000,3737.8000,3739.4000,3739.8000,3740.0000,3740.2000,3741.0000,2,3,2,2,1,2,1,3,1,1
SF,IF2006,2020-04-15 09:30:20.200,3739.4000,41814,0,126799980.000,0,-,-,-,-,3738.8000,3738.6000,3738.2000,3738.0000,3737.8000,3739.4000,3739.8000,3740.0000,3740.2000,3741.0000,4,2,2,2,1,2,1,3,1,1
SF,IF2006,2020-04-15 09:30:20.700,3738.6000,41811,-3,132408120.000,5,1,4,多平,S,3738.2000,3738.0000,3737.8000,3737.6000,3736.2000,3739.4000,3739.8000,3740.0000,3740.2000,3741.0000,2,2,1,1,1,2,1,3,1,1
SF,IF2006,2020-04-15 09:30:21.200,3738.6000,41811,0,132408120.000,0,-,-,-,-,3738.2000,3738.0000,3737.8000,3737.6000,3736.2000,3738.4000,3739.0000,3739.2000,3739.4000,3740.0000,2,2,1,1,1,1,1,1,1,3
SF,IF2006,2020-04-15 09:30:21.700,3738.4000,41811,0,133529640.000,1,0,1,多换,S,3738.4000,3738.2000,3738.0000,3737.8000,3737.6000,3739.0000,3739.2000,3740.0000,3740.2000,3741.0000,2,2,2,1,1,1,1,3,1,1
SF,IF2006,2020-04-15 09:30:22.200,3739.0000,41810,-1,134651340.000,1,0,1,双平,S,3738.4000,3738.2000,3738.0000,3737.8000,3737.6000,3740.0000,3740.2000,3741.0000,3741.2000,3741.6000,13,2,2,1,1,3,1,2,2,1
SF,IF2006,2020-04-15 09:30:22.700,3739.0000,41810,0,134651340.000,0,-,-,-,-,3738.8000,3738.6000,3738.4000,3738.2000,3738.0000,3739.0000,3739.8000,3740.0000,3740.2000,3741.0000,1,2,13,2,2,3,1,4,11,2
SF,IF2006,2020-04-15 09:30:23.200,3739.0000,41808,-2,136894740.000,2,0,2,双平,S,3738.8000,3738.6000,3738.4000,3738.2000,3738.0000,3739.0000,3739.8000,3740.0000,3740.2000,3741.0000,1,1,13,2,2,1,1,4,11,2
SF,IF2006,2020-04-15 09:30:23.700,3739.0000,41808,0,136894740.000,0,-,-,-,-,3738.6000,3738.4000,3738.2000,3738.0000,3737.8000,3739.0000,3739.8000,3740.0000,3740.2000,3741.0000,1,13,2,2,1,1,1,4,11,1
SF,IF2006,2020-04-15 09:30:24.200,3738.4000,41808,0,138016260.000,1,0,1,多换,S,3738.4000,3738.2000,3738.0000,3737.8000,3737.6000,3739.0000,3739.8000,3740.0000,3740.2000,3741.0000,12,2,2,1,1,1,2,4,11,1
SF,IF2006,2020-04-15 09:30:24.700,3738.4000,41808,0,140259300.000,2,1,1,多换,S,3738.4000,3738.2000,3738.0000,3737.8000,3737.6000,3739.0000,3739.8000,3740.0000,3740.2000,3741.0000,10,2,2,1,1,2,2,4,11,1
SF,IF2006,2020-04-15 09:30:25.200,3738.4000,41808,0,140259300.000,0,-,-,-,-,3738.4000,3738.2000,3738.0000,3737.8000,3737.6000,3738.6000,3739.0000,3739.8000,3740.0000,3740.2000,10,2,2,1,1,1,5,2,4,11
SF,IF2006,2020-04-15 09:30:25.700,3738.6000,41807,-1,144745440.000,4,1,3,多平,S,3738.4000,3738.2000,3738.0000,3737.8000,3737.6000,3738.8000,3739.0000,3739.8000,3740.0000,3740.2000,7,3,2,1,1,1,5,2,4,11
SF,IF2006,2020-04-15 09:30:26.200,3738.4000,41808,1,149231520.000,4,2,2,空开,S,3738.4000,3738.2000,3738.0000,3737.8000,3737.6000,3738.8000,3739.0000,3739.8000,3740.0000,3740.2000,3,3,2,1,1,1,5,2,4,11
SF,IF2006,2020-04-15 09:30:26.700,3738.4000,41808,0,149231520.000,0,-,-,-,-,3738.4000,3738.2000,3738.0000,3737.8000,3737.6000,3738.8000,3739.0000,3739.8000,3740.0000,3740.2000,3,4,2,1,1,1,5,2,4,11
SF,IF2006,2020-04-15 09:30:27.200,3738.4000,41808,0,150353040.000,1,0,1,多换,S,3738.4000,3738.2000,3738.0000,3737.8000,3737.6000,3739.0000,3739.8000,3740.0000,3740.2000,3740.8000,2,4,2,1,1,5,3,4,11,2
SF,IF2006,2020-04-15 09:30:27.700,3738.4000,41808,0,150353040.000,0,-,-,-,-,3738.4000,3738.2000,3738.0000,3737.8000,3737.6000,3738.6000,3738.8000,3739.0000,3739.8000,3740.0000,2,4,2,1,1,1,2,1,3,4
SF,IF2006,2020-04-15 09:30:28.200,3738.8000,41807,-1,153717780.000,3,1,2,多平,S,3738.4000,3738.2000,3738.0000,3737.8000,3737.6000,3739.0000,3739.8000,3740.0000,3740.2000,3740.8000,1,4,2,1,1,1,3,4,10,2
SF,IF2006,2020-04-15 09:30:28.700,3738.8000,41807,0,153717780.000,0,-,-,-,-,3738.4000,3738.2000,3738.0000,3737.8000,3737.6000,3739.0000,3739.8000,3740.0000,3740.2000,3740.8000,1,4,2,1,1,1,3,4,10,2
SF,IF2006,2020-04-15 09:30:29.200,3738.4000,41807,0,154839300.000,1,0,1,多换,S,3738.2000,3738.0000,3737.8000,3737.6000,3736.0000,3739.0000,3739.8000,3740.0000,3740.2000,3740.8000,4,2,1,1,8,1,3,4,10,2
SF,IF2006,2020-04-15 09:30:29.700,3739.0000,41803,-4,159326040.000,4,0,4,双平,S,3739.0000,3738.4000,3738.2000,3738.0000,3737.8000,3739.8000,3740.0000,3740.2000,3740.8000,3741.0000,1,2,4,2,1,3,4,10,2,3
SF,IF2006,2020-04-15 09:30:30.200,3739.0000,41802,-1,160447740.000,1,0,1,双平,S,3738.2000,3738.0000,3737.8000,3737.6000,3736.0000,3738.4000,3739.0000,3739.2000,3739.6000,3739.8000,4,2,1,3,8,1,2,1,6,9
SF,IF2006,2020-04-15 09:30:30.700,3738.4000,41799,-3,163812240.000,3,0,3,双平,S,3738.2000,3738.0000,3737.8000,3737.6000,3736.0000,3738.4000,3739.6000,3739.8000,3740.0000,3740.2000,3,2,1,3,8,3,4,4,5,10
SF,IF2006,2020-04-15 09:30:31.200,3738.2000,41798,-1,164933700.000,1,0,1,双平,S,3738.2000,3738.0000,3737.8000,3737.6000,3736.0000,3738.4000,3739.0000,3739.6000,3739.8000,3740.0000,2,2,1,3,8,3,1,4,3,5
SF,IF2006,2020-04-15 09:30:31.700,3738.2000,41797,-1,167176620.000,2,0,2,多平,S,3738.0000,3737.8000,3737.6000,3736.0000,3735.6000,3738.4000,3739.0000,3739.6000,3739.8000,3740.0000,2,1,3,8,1,3,1,4,3,5
SF,IF2006,2020-04-15 09:30:32.200,3738.4000,41797,0,169419660.000,2,1,1,多换,S,3738.0000,3737.8000,3737.6000,3736.0000,3735.6000,3738.4000,3739.0000,3739.2000,3739.6000,3739.8000,2,1,3,8,1,1,1,1,4,3
SF,IF2006,2020-04-15 09:30:32.700,3738.4000,41797,0,170541180.000,1,0,1,多换,S,3738.4000,3738.0000,3737.8000,3737.6000,3736.0000,3738.6000,3739.0000,3739.2000,3739.6000,3739.8000,2,2,1,3,8,1,2,1,4,3
SF,IF2006,2020-04-15 09:30:33.200,3738.4000,41797,0,171662700.000,1,0,1,多换,S,3738.4000,3738.0000,3737.8000,3737.6000,3736.0000,3738.6000,3739.0000,3739.2000,3739.6000,3739.8000,1,2,1,3,8,1,2,1,4,3
SF,IF2006,2020-04-15 09:30:33.700,3738.4000,41797,0,173905800.000,2,1,1,多换,S,3738.0000,3737.8000,3737.6000,3736.0000,3735.6000,3739.0000,3739.2000,3739.6000,3739.8000,3740.0000,2,1,3,8,1,2,1,4,3,4
SF,IF2006,2020-04-15 09:30:34.200,3738.4000,41797,0,173905800.000,0,-,-,-,-,3738.2000,3738.0000,3737.8000,3737.6000,3736.0000,3738.8000,3739.0000,3739.2000,3739.6000,3739.8000,2,2,1,3,8,2,2,1,3,2
SF,IF2006,2020-04-15 09:30:34.700,3738.2000,41797,0,175027260.000,1,0,1,多换,S,3738.2000,3738.0000,3737.8000,3737.6000,3736.0000,3738.8000,3739.0000,3739.2000,3739.6000,3739.8000,1,2,1,3,8,1,2,1,3,2
SF,IF2006,2020-04-15 09:30:35.200,3738.2000,41797,0,175027260.000,0,-,-,-,-,3738.6000,3738.4000,3738.2000,3738.0000,3737.8000,3739.0000,3739.2000,3739.6000,3739.8000,3740.0000,1,1,1,2,1,2,1,3,1,3
SF,IF2006,2020-04-15 09:30:35.700,3739.0000,41796,-1,176148960.000,1,0,1,双平,S,3738.6000,3738.2000,3738.0000,3737.8000,3737.6000,3739.0000,3739.2000,3739.6000,3739.8000,3740.0000,1,1,2,1,3,1,1,3,1,3
SF,IF2006,2020-04-15 09:30:36.700,3739.0000,41796,0,176148960.000,0,-,-,-,-,3738.6000,3738.2000,3738.0000,3737.8000,3737.6000,3739.0000,3739.2000,3739.6000,3739.8000,3740.0000,1,1,2,1,3,1,1,3,1,3
SF,IF2006,2020-04-15 09:30:37.200,3739.0000,41796,0,176148960.000,0,-,-,-,-,3738.6000,3738.2000,3738.0000,3737.8000,3737.6000,3739.0000,3739.2000,3739.6000,3739.8000,3740.0000,1,1,2,1,3,1,1,3,1,3
SF,IF2006,2020-04-15 09:30:37.700,3739.0000,41796,0,176148960.000,0,-,-,-,-,3738.6000,3738.0000,3737.8000,3737.6000,3736.0000,3739.0000,3739.2000,3739.6000,3739.8000,3740.0000,1,2,1,3,8,1,1,3,1,3
SF,IF2006,2020-04-15 09:30:38.200,3739.0000,41796,0,176148960.000,0,-,-,-,-,3738.6000,3738.0000,3737.8000,3737.6000,3736.0000,3739.0000,3739.2000,3739.6000,3739.8000,3740.0000,1,2,1,3,8,1,1,3,1,5
SF,IF2006,2020-04-15 09:30:38.700,3739.0000,41796,0,176148960.000,0,-,-,-,-,3738.6000,3738.0000,3737.8000,3737.6000,3736.0000,3738.8000,3739.0000,3739.2000,3739.6000,3739.8000,1,2,1,3,8,1,1,1,3,1
SF,IF2006,2020-04-15 09:30:39.700,3738.6000,41796,0,177270540.000,1,0,1,多换,S,3738.0000,3737.8000,3737.6000,3736.0000,3735.6000,3738.8000,3739.0000,3739.2000,3739.6000,3739.8000,3,1,3,8,1,1,1,1,3,1
SF,IF2006,2020-04-15 09:30:40.200,3738.6000,41796,0,177270540.000,0,-,-,-,-,3738.2000,3738.0000,3737.8000,3737.6000,3736.0000,3738.8000,3739.0000,3739.2000,3739.6000,3739.8000,2,3,1,3,8,1,2,1,3,1
SF,IF2006,2020-04-15 09:30:40.700,3738.8000,41795,-1,178392180.000,1,0,1,双平,S,3738.2000,3738.0000,3737.8000,3737.6000,3736.0000,3739.0000,3739.2000,3739.6000,3739.8000,3740.0000,2,3,1,3,8,2,1,3,1,5
SF,IF2006,2020-04-15 09:30:41.200,3738.8000,41795,0,178392180.000,0,-,-,-,-,3738.4000,3738.2000,3738.0000,3737.8000,3737.6000,3739.0000,3739.2000,3739.6000,3739.8000,3740.0000,2,2,3,1,3,2,1,3,1,5
SF,IF2006,2020-04-15 09:30:41.700,3739.0000,41793,-2,180635580.000,2,0,2,双平,S,3738.6000,3738.4000,3738.2000,3738.0000,3737.8000,3739.2000,3739.6000,3739.8000,3740.0000,3740.6000,1,2,1,3,1,1,2,1,5,1
SF,IF2006,2020-04-15 09:30:42.200,3738.8000,41792,-1,181757220.000,1,0,1,双平,S,3738.4000,3738.2000,3738.0000,3737.8000,3737.6000,3739.2000,3739.6000,3739.8000,3740.0000,3740.6000,2,1,3,1,3,1,2,1,5,1
SF,IF2006,2020-04-15 09:30:42.700,3738.8000,41792,0,181757220.000,0,-,-,-,-,3738.4000,3738.2000,3738.0000,3737.8000,3737.6000,3739.0000,3739.2000,3739.6000,3739.8000,3740.0000,3,1,3,1,3,1,1,2,1,5
SF,IF2006,2020-04-15 09:30:43.200,3739.0000,41791,-1,182878920.000,1,0,1,双平,S,3739.0000,3738.6000,3738.4000,3738.2000,3738.0000,3739.2000,3739.6000,3739.8000,3740.0000,3740.6000,2,1,4,1,3,1,2,1,5,1
SF,IF2006,2020-04-15 09:30:43.700,3739.2000,41790,-1,184000680.000,1,0,1,双平,S,3739.0000,3738.4000,3738.2000,3738.0000,3737.8000,3739.6000,3739.8000,3740.0000,3740.6000,3741.0000,2,4,1,3,1,2,1,5,1,1
SF,IF2006,2020-04-15 09:30:44.200,3739.0000,41789,-1,185122380.000,1,0,1,双平,S,3739.0000,3738.4000,3738.2000,3738.0000,3737.8000,3739.6000,3739.8000,3740.0000,3740.6000,3741.0000,1,3,1,3,1,1,1,5,1,1
SF,IF2006,2020-04-15 09:30:44.700,3739.0000,41789,0,185122380.000,0,-,-,-,-,3739.0000,3738.8000,3738.4000,3738.2000,3738.0000,3739.8000,3740.0000,3740.6000,3741.0000,3741.4000,1,3,3,1,3,1,5,1,1,2
SF,IF2006,2020-04-15 09:30:45.200,3739.0000,41789,0,185122380.000,0,-,-,-,-,3739.0000,3738.8000,3738.4000,3738.2000,3738.0000,3739.8000,3740.0000,3741.0000,3741.4000,3742.0000,2,3,3,1,3,1,5,1,2,10
SF,IF2006,2020-04-15 09:30:45.700,3739.0000,41789,0,185122380.000,0,-,-,-,-,3739.6000,3739.0000,3738.8000,3738.4000,3738.2000,3739.8000,3740.0000,3741.0000,3741.4000,3742.0000,1,2,3,3,1,1,5,2,2,10
SF,IF2006,2020-04-15 09:30:46.200,3739.6000,41789,0,187366200.000,2,1,1,多换,S,3739.0000,3738.8000,3738.4000,3738.2000,3738.0000,3740.0000,3741.0000,3741.4000,3742.0000,3742.2000,2,3,2,1,3,5,2,2,10,1
SF,IF2006,2020-04-15 09:30:46.700,3739.6000,41789,0,187366200.000,0,-,-,-,-,3739.2000,3739.0000,3738.8000,3738.4000,3738.2000,3739.6000,3740.0000,3741.0000,3741.4000,3742.0000,2,2,3,2,1,1,5,1,2,10
SF,IF2006,2020-04-15 09:30:47.200,3739.6000,41788,-1,188488080.000,1,0,1,双平,S,3739.2000,3739.0000,3738.8000,3738.4000,3738.2000,3740.0000,3741.0000,3741.4000,3742.0000,3742.2000,2,2,3,2,1,5,1,2,10,1
SF,IF2006,2020-04-15 09:30:47.700,3739.6000,41788,0,188488080.000,0,-,-,-,-,3739.4000,3739.2000,3739.0000,3738.8000,3738.4000,3740.0000,3741.0000,3741.4000,3742.0000,3742.2000,1,2,1,3,2,5,1,2,10,1
SF,IF2006,2020-04-15 09:30:48.200,3739.6000,41788,0,188488080.000,0,-,-,-,-,3739.4000,3739.2000,3739.0000,3738.8000,3738.4000,3740.0000,3741.0000,3741.4000,3742.0000,3742.2000,1,1,1,3,2,5,1,2,10,1
SF,IF2006,2020-04-15 09:30:48.700,3739.6000,41788,0,188488080.000,0,-,-,-,-,3739.6000,3739.4000,3739.2000,3739.0000,3738.8000,3740.0000,3741.0000,3742.0000,3742.2000,3742.8000,1,1,1,1,3,5,1,10,1,1
SF,IF2006,2020-04-15 09:30:49.200,3740.0000,41784,-4,194098080.000,5,0,5,多平,S,3739.4000,3739.2000,3739.0000,3738.8000,3738.4000,3741.0000,3742.0000,3742.2000,3742.8000,3743.6000,1,1,1,3,2,1,10,1,1,1
SF,IF2006,2020-04-15 09:30:49.700,3740.0000,41784,0,194098080.000,0,-,-,-,-,3740.2000,3739.6000,3739.4000,3739.0000,3738.8000,3740.8000,3741.0000,3741.8000,3742.0000,3742.2000,1,3,1,1,3,1,1,1,10,1
SF,IF2006,2020-04-15 09:30:50.200,3740.0000,41784,0,194098080.000,0,-,-,-,-,3740.2000,3739.6000,3739.4000,3739.0000,3738.8000,3740.8000,3741.0000,3742.0000,3742.2000,3742.8000,1,2,1,1,3,1,1,10,1,1
SF,IF2006,2020-04-15 09:30:50.700,3741.0000,41784,0,195220380.000,1,0,1,多换,S,3740.2000,3739.6000,3739.0000,3738.8000,3738.4000,3742.0000,3742.2000,3742.8000,3743.6000,3744.0000,1,2,1,3,2,10,1,1,1,1
SF,IF2006,2020-04-15 09:30:51.200,3741.0000,41784,0,195220380.000,0,-,-,-,-,3740.4000,3740.2000,3739.6000,3739.0000,3738.8000,3741.8000,3742.0000,3742.2000,3742.8000,3743.6000,2,1,1,1,3,11,11,3,1,1
SF,IF2006,2020-04-15 09:30:51.700,3740.4000,41783,-1,196342500.000,1,0,1,双平,S,3740.8000,3740.2000,3739.6000,3739.0000,3738.8000,3741.6000,3741.8000,3742.0000,3742.2000,3742.8000,1,1,1,1,3,1,11,11,3,1
SF,IF2006,2020-04-15 09:30:52.200,3740.8000,41782,-1,197464740.000,1,0,1,双平,S,3739.0000,3738.8000,3738.4000,3738.2000,3738.0000,3740.6000,3740.8000,3741.2000,3741.4000,3741.6000,1,3,2,2,3,2,1,2,7,3
SF,IF2006,2020-04-15 09:30:52.700,3740.6000,41781,-1,198586920.000,1,0,1,双平,S,3739.2000,3739.0000,3738.8000,3738.4000,3738.2000,3740.4000,3741.2000,3741.4000,3741.6000,3741.8000,3,1,3,2,2,8,1,1,2,5
SF,IF2006,2020-04-15 09:30:53.200,3740.6000,41781,0,198586920.000,0,-,-,-,-,3739.2000,3739.0000,3738.8000,3738.4000,3738.2000,3740.2000,3740.4000,3741.2000,3741.4000,3741.6000,2,1,3,2,2,2,6,1,2,2
SF,IF2006,2020-04-15 09:30:53.700,3740.6000,41780,-1,199709100.000,1,0,1,双平,S,3739.4000,3739.2000,3739.0000,3738.8000,3738.4000,3740.2000,3740.4000,3741.2000,3741.4000,3741.6000,2,2,1,3,2,2,6,1,2,2
SF,IF2006,2020-04-15 09:30:54.200,3740.6000,41780,0,200831280.000,1,0,1,多换,S,3739.4000,3739.2000,3739.0000,3738.8000,3738.4000,3740.2000,3740.4000,3741.2000,3741.4000,3741.6000,2,1,1,3,2,2,5,1,2,2
SF,IF2006,2020-04-15 09:30:54.700,3740.2000,41781,1,205318800.000,4,2,2,空开,S,3740.2000,3738.8000,3738.4000,3738.2000,3738.0000,3740.4000,3741.2000,3741.4000,3741.6000,3741.8000,2,3,2,2,3,4,1,2,2,1
SF,IF2006,2020-04-15 09:30:55.200,3740.2000,41781,0,207562920.000,2,1,1,多换,S,3738.8000,3738.4000,3738.2000,3738.0000,3737.6000,3740.2000,3740.4000,3741.2000,3741.4000,3741.6000,3,2,2,3,3,2,2,1,2,2
SF,IF2006,2020-04-15 09:30:55.700,3739.0000,41780,-1,208684620.000,1,0,1,双平,S,3739.0000,3738.8000,3738.4000,3738.2000,3738.0000,3740.0000,3740.2000,3741.2000,3741.4000,3741.6000,2,3,2,2,3,1,1,1,1,2
SF,IF2006,2020-04-15 09:30:56.200,3739.0000,41780,0,208684620.000,0,-,-,-,-,3739.0000,3738.8000,3738.4000,3738.2000,3738.0000,3739.8000,3740.2000,3741.0000,3741.2000,3741.4000,2,3,2,2,3,1,1,1,1,1
SF,IF2006,2020-04-15 09:30:56.700,3739.0000,41780,0,208684620.000,0,-,-,-,-,3739.2000,3739.0000,3738.8000,3738.4000,3738.2000,3739.8000,3741.0000,3741.2000,3741.4000,3741.6000,1,3,3,2,2,1,1,1,1,1
SF,IF2006,2020-04-15 09:30:57.200,3739.2000,41778,-2,210928320.000,2,0,2,双平,S,3739.0000,3738.8000,3738.4000,3738.2000,3738.0000,3741.0000,3741.2000,3741.4000,3741.6000,3741.8000,2,3,2,2,3,1,1,1,1,1
SF,IF2006,2020-04-15 09:30:57.700,3739.2000,41778,0,210928320.000,0,-,-,-,-,3739.2000,3739.0000,3738.8000,3738.4000,3738.2000,3740.2000,3740.8000,3741.0000,3741.4000,3741.6000,2,3,3,2,2,1,3,1,1,1
SF,IF2006,2020-04-15 09:30:58.200,3739.2000,41778,0,213171840.000,2,1,1,多换,S,3739.4000,3739.2000,3739.0000,3738.8000,3738.4000,3740.2000,3740.8000,3741.0000,3741.4000,3741.6000,1,1,2,3,2,1,3,1,1,1
SF,IF2006,2020-04-15 09:30:58.700,3740.0000,41778,0,214293840.000,1,0,1,多换,S,3740.0000,3739.4000,3739.0000,3738.8000,3738.4000,3740.2000,3740.8000,3741.0000,3741.4000,3741.6000,3,1,2,3,2,2,3,1,1,1
SF,IF2006,2020-04-15 09:30:59.200,3740.8000,41779,1,222148680.000,7,4,3,空开,S,3740.0000,3739.4000,3739.0000,3738.8000,3738.4000,3741.0000,3741.4000,3741.6000,3741.8000,3742.0000,1,1,2,3,2,1,1,1,1,11
SF,IF2006,2020-04-15 09:30:59.700,3740.8000,41779,0,222148680.000,0,-,-,-,-,3740.0000,3739.4000,3739.0000,3738.8000,3738.4000,3740.8000,3741.0000,3741.4000,3741.6000,3741.8000,11,1,2,3,2,3,2,1,1,1
SF,IF2006,2020-04-15 09:31:00.200,3740.0000,41779,0,224392680.000,2,1,1,多换,S,3740.0000,3739.4000,3739.0000,3738.8000,3738.4000,3740.4000,3740.8000,3741.0000,3741.4000,3741.6000,9,1,2,3,2,1,2,1,1,1
SF,IF2006,2020-04-15 09:31:00.700,3740.0000,41779,0,225514680.000,1,0,1,多换,S,3740.0000,3739.4000,3739.0000,3738.8000,3738.4000,3740.2000,3740.4000,3740.8000,3741.0000,3741.4000,8,1,2,3,2,1,1,2,1,1
SF,IF2006,2020-04-15 09:31:01.200,3740.0000,41779,0,227758680.000,2,1,1,多换,S,3740.0000,3739.4000,3739.0000,3738.8000,3738.4000,3740.4000,3740.6000,3740.8000,3741.4000,3741.6000,6,1,2,3,2,1,1,2,1,1
SF,IF2006,2020-04-15 09:31:01.700,3740.2000,41779,0,233368800.000,5,2,3,多换,S,3740.0000,3739.4000,3739.0000,3738.8000,3738.4000,3740.4000,3740.6000,3740.8000,3741.4000,3741.6000,3,1,2,3,2,3,1,2,2,1
SF,IF2006,2020-04-15 09:31:02.200,3740.0000,41779,0,236734800.000,3,1,2,多换,S,3739.0000,3738.8000,3738.4000,3738.2000,3738.0000,3740.0000,3740.2000,3740.4000,3740.6000,3740.8000,2,3,2,2,3,1,1,3,1,1
SF,IF2006,2020-04-15 09:31:02.700,3740.0000,41779,0,236734800.000,0,-,-,-,-,3739.0000,3738.8000,3738.4000,3738.2000,3738.0000,3740.0000,3740.2000,3740.4000,3740.6000,3740.8000,2,3,2,2,3,4,1,1,1,2
SF,IF2006,2020-04-15 09:31:03.200,3740.0000,41781,2,238978800.000,2,2,0,双开,S,3739.0000,3738.8000,3738.4000,3738.2000,3738.0000,3740.2000,3740.4000,3740.6000,3740.8000,3741.4000,2,3,2,2,3,1,1,1,2,2
SF,IF2006,2020-04-15 09:31:03.700,3739.8000,41780,-1,241222500.000,2,0,2,多平,S,3739.2000,3739.0000,3738.8000,3738.4000,3738.2000,3740.0000,3740.2000,3740.4000,3740.6000,3740.8000,3,2,3,2,2,1,1,1,1,2
SF,IF2006,2020-04-15 09:31:04.200,3740.0000,41781,1,242344500.000,1,1,0,双开,S,3740.0000,3739.2000,3739.0000,3738.8000,3738.4000,3740.2000,3740.4000,3740.6000,3740.8000,3741.4000,1,3,2,3,2,1,1,1,2,2
SF,IF2006,2020-04-15 09:31:04.700,3740.0000,41781,0,243466500.000,1,0,1,多换,S,3739.2000,3739.0000,3738.8000,3738.4000,3738.2000,3740.4000,3740.8000,3741.4000,3741.6000,3742.0000,1,2,3,2,2,1,2,2,1,11
SF,IF2006,2020-04-15 09:31:05.200,3740.0000,41781,0,246832260.000,3,1,2,多换,S,3739.0000,3738.8000,3738.4000,3738.2000,3738.0000,3740.0000,3740.2000,3740.4000,3740.8000,3741.4000,2,3,2,2,3,4,5,2,2,1
SF,IF2006,2020-04-15 09:31:05.700,3740.0000,41781,0,246832260.000,0,-,-,-,-,3739.0000,3738.8000,3738.4000,3738.2000,3738.0000,3739.8000,3740.0000,3740.2000,3740.4000,3740.8000,2,3,2,2,3,2,2,4,1,2
SF,IF2006,2020-04-15 09:31:06.200,3740.0000,41781,0,246832260.000,0,-,-,-,-,3739.0000,3738.8000,3738.4000,3738.2000,3738.0000,3739.8000,3740.0000,3740.2000,3740.4000,3740.8000,2,3,2,2,3,2,2,4,1,1
SF,IF2006,2020-04-15 09:31:06.700,3739.6000,41780,-1,251319420.000,4,1,3,多平,S,3738.8000,3738.4000,3738.2000,3738.0000,3737.6000,3739.6000,3740.0000,3740.2000,3740.4000,3740.8000,3,2,2,3,3,3,2,3,1,1
SF,IF2006,2020-04-15 09:31:07.200,3739.6000,41779,-1,252441300.000,1,0,1,双平,S,3738.8000,3738.4000,3738.2000,3738.0000,3737.6000,3739.2000,3739.4000,3739.6000,3740.0000,3740.2000,3,2,2,3,3,1,1,3,2,3
SF,IF2006,2020-04-15 09:31:07.700,3739.6000,41779,0,252441300.000,0,-,-,-,-,3738.8000,3738.4000,3738.2000,3738.0000,3737.6000,3739.2000,3739.4000,3739.6000,3740.0000,3740.2000,3,2,2,3,3,1,1,3,2,1
SF,IF2006,2020-04-15 09:31:08.200,3738.8000,41778,-1,254684580.000,2,0,2,多平,S,3738.8000,3738.4000,3738.2000,3738.0000,3737.6000,3739.2000,3739.4000,3739.6000,3740.0000,3740.2000,2,2,2,3,3,1,1,4,2,1
SF,IF2006,2020-04-15 09:31:08.700,3739.2000,41777,-1,258049620.000,3,1,2,多平,S,3738.4000,3738.2000,3738.0000,3737.6000,3736.0000,3739.2000,3739.4000,3739.6000,3740.0000,3740.2000,2,2,3,3,8,1,1,4,2,1
SF,IF2006,2020-04-15 09:31:09.200,3738.4000,41776,-1,259171140.000,1,0,1,双平,S,3738.4000,3738.2000,3738.0000,3737.6000,3736.0000,3739.2000,3739.6000,3740.0000,3740.2000,3740.4000,1,1,3,3,8,3,3,2,1,2
SF,IF2006,2020-04-15 09:31:09.700,3738.4000,41776,0,259171140.000,0,-,-,-,-,3738.4000,3738.2000,3738.0000,3737.6000,3736.0000,3738.8000,3739.6000,3740.0000,3740.2000,3740.4000,1,1,3,3,8,1,3,2,1,2
SF,IF2006,2020-04-15 09:31:10.200,3738.8000,41775,-1,260292780.000,1,0,1,双平,S,3738.4000,3738.2000,3738.0000,3737.6000,3736.0000,3739.2000,3739.6000,3740.0000,3740.2000,3740.4000,1,1,3,3,8,2,3,2,1,2
SF,IF2006,2020-04-15 09:31:10.700,3738.8000,41775,0,260292780.000,0,-,-,-,-,3738.4000,3738.2000,3738.0000,3737.6000,3736.0000,3739.0000,3739.2000,3739.6000,3740.0000,3740.2000,1,1,3,3,8,1,2,3,2,1
SF,IF2006,2020-04-15 09:31:11.200,3738.8000,41775,0,260292780.000,0,-,-,-,-,3738.4000,3738.2000,3738.0000,3737.6000,3736.0000,3738.8000,3739.0000,3739.2000,3739.6000,3740.0000,1,1,3,3,8,1,1,3,3,2
SF,IF2006,2020-04-15 09:31:11.700,3738.8000,41775,0,260292780.000,0,-,-,-,-,3738.4000,3738.2000,3738.0000,3737.6000,3736.0000,3738.8000,3739.0000,3739.2000,3739.6000,3740.0000,1,1,3,3,8,2,1,3,3,2
SF,IF2006,2020-04-15 09:31:12.200,3738.6000,41773,-2,262535880.000,2,0,2,双平,S,3738.2000,3738.0000,3737.6000,3736.0000,3735.6000,3738.8000,3739.0000,3739.2000,3739.6000,3740.0000,1,3,3,8,1,2,1,3,3,2
SF,IF2006,2020-04-15 09:31:12.700,3738.6000,41773,0,262535880.000,0,-,-,-,-,3738.2000,3738.0000,3737.6000,3736.0000,3735.6000,3738.6000,3738.8000,3739.0000,3739.2000,3739.6000,1,3,3,8,1,1,1,1,3,3
SF,IF2006,2020-04-15 09:31:13.200,3738.2000,41772,-1,263657340.000,1,0,1,双平,S,3738.0000,3737.6000,3736.0000,3735.6000,3735.0000,3738.6000,3738.8000,3739.0000,3739.2000,3739.6000,3,3,8,1,4,1,1,1,3,2
SF,IF2006,2020-04-15 09:31:13.700,3738.2000,41772,0,263657340.000,0,-,-,-,-,3738.0000,3737.6000,3736.0000,3735.6000,3735.0000,3738.4000,3738.6000,3738.8000,3739.2000,3739.6000,3,3,8,1,4,1,1,1,3,2
SF,IF2006,2020-04-15 09:31:14.200,3738.0000,41771,-1,267021540.000,3,1,2,多平,S,3737.6000,3736.0000,3735.6000,3735.0000,3733.6000,3738.2000,3738.4000,3738.6000,3738.8000,3739.2000,3,8,1,4,2,1,1,1,1,3
SF,IF2006,2020-04-15 09:31:14.700,3738.0000,41771,0,267021540.000,0,-,-,-,-,3737.6000,3736.0000,3735.6000,3735.0000,3733.6000,3738.0000,3738.2000,3738.4000,3738.8000,3739.2000,3,8,1,4,2,1,2,1,1,3
SF,IF2006,2020-04-15 09:31:15.200,3737.6000,41771,0,270385380.000,3,1,2,多换,S,3736.0000,3735.6000,3735.0000,3733.6000,3733.2000,3738.0000,3738.2000,3738.4000,3738.8000,3739.2000,8,1,4,2,1,2,2,1,1,3
SF,IF2006,2020-04-15 09:31:15.700,3737.6000,41771,0,270385380.000,0,-,-,-,-,3736.2000,3736.0000,3735.6000,3735.0000,3733.6000,3737.8000,3738.0000,3738.2000,3738.4000,3738.8000,5,8,1,2,2,7,2,1,1,1
SF,IF2006,2020-04-15 09:31:16.200,3737.6000,41771,0,270385380.000,0,-,-,-,-,3736.2000,3736.0000,3735.6000,3735.0000,3733.6000,3737.6000,3737.8000,3738.0000,3738.2000,3738.4000,5,8,1,2,2,2,5,3,1,1
SF,IF2006,2020-04-15 09:31:16.700,3737.6000,41771,0,270385380.000,0,-,-,-,-,3736.4000,3736.2000,3736.0000,3735.6000,3735.0000,3737.4000,3737.6000,3737.8000,3738.0000,3738.2000,3,4,8,1,2,2,2,4,2,1
SF,IF2006,2020-04-15 09:31:17.200,3737.6000,41771,0,270385380.000,0,-,-,-,-,3736.8000,3736.6000,3736.4000,3736.2000,3736.0000,3737.2000,3737.4000,3737.6000,3737.8000,3738.0000,1,2,3,2,8,1,2,2,4,2
SF,IF2006,2020-04-15 09:31:17.700,3737.6000,41771,0,270385380.000,0,-,-,-,-,3736.8000,3736.2000,3736.0000,3735.6000,3735.0000,3737.2000,3737.4000,3737.6000,3737.8000,3738.0000,1,2,8,1,2,1,2,1,4,2
SF,IF2006,2020-04-15 09:31:18.200,3738.2000,41770,-1,283840920.000,12,5,7,多平,S,3736.2000,3736.0000,3735.6000,3735.0000,3733.6000,3738.4000,3738.8000,3739.2000,3739.6000,3740.0000,2,8,1,2,2,1,1,3,1,8
SF,IF2006,2020-04-15 09:31:18.700,3738.2000,41770,0,283840920.000,0,-,-,-,-,3736.8000,3736.4000,3736.2000,3736.0000,3735.6000,3737.6000,3737.8000,3738.0000,3738.2000,3738.4000,1,4,2,9,1,3,2,1,5,2
SF,IF2006,2020-04-15 09:31:19.200,3737.0000,41769,-1,284962020.000,1,0,1,双平,S,3737.0000,3736.8000,3736.4000,3736.2000,3736.0000,3738.2000,3738.4000,3738.8000,3739.2000,3739.6000,1,1,2,2,9,4,2,1,4,1
SF,IF2006,2020-04-15 09:31:19.700,3737.0000,41769,0,284962020.000,0,-,-,-,-,3737.2000,3737.0000,3736.8000,3736.4000,3736.2000,3738.0000,3738.2000,3738.4000,3738.8000,3739.2000,2,3,1,2,2,1,2,1,1,4
SF,IF2006,2020-04-15 09:31:20.200,3737.0000,41767,-2,287204220.000,2,0,2,双平,S,3737.0000,3736.8000,3736.4000,3736.2000,3736.0000,3737.8000,3738.0000,3738.2000,3738.4000,3738.8000,3,1,2,2,9,2,1,2,2,1
SF,IF2006,2020-04-15 09:31:20.700,3737.0000,41767,0,287204220.000,0,-,-,-,-,3737.0000,3736.8000,3736.4000,3736.2000,3736.0000,3737.8000,3738.0000,3738.2000,3738.4000,3738.8000,1,1,2,2,9,1,1,2,2,1
SF,IF2006,2020-04-15 09:31:21.200,3737.0000,41763,-4,292810980.000,5,0,5,多平,S,3737.0000,3736.8000,3736.4000,3736.2000,3736.0000,3738.4000,3738.6000,3738.8000,3739.2000,3739.6000,1,1,1,2,9,2,1,1,4,1
SF,IF2006,2020-04-15 09:31:21.700,3737.0000,41763,0,292810980.000,0,-,-,-,-,3737.2000,3737.0000,3736.8000,3736.2000,3736.0000,3737.6000,3738.2000,3738.4000,3738.8000,3739.2000,3,4,1,2,9,1,2,2,1,4
SF,IF2006,2020-04-15 09:31:22.200,3737.6000,41762,-1,293932260.000,1,0,1,双平,S,3737.2000,3737.0000,3736.8000,3736.2000,3736.0000,3738.2000,3738.4000,3738.8000,3739.2000,3739.6000,3,4,1,2,9,2,2,1,3,1
SF,IF2006,2020-04-15 09:31:22.700,3737.6000,41762,0,293932260.000,0,-,-,-,-,3738.0000,3737.4000,3737.2000,3737.0000,3736.8000,3738.2000,3738.4000,3738.8000,3739.2000,3739.6000,10,4,3,2,1,2,3,1,4,1
SF,IF2006,2020-04-15 09:31:23.200,3737.6000,41762,0,293932260.000,0,-,-,-,-,3738.0000,3737.4000,3737.2000,3737.0000,3736.8000,3738.2000,3738.4000,3738.8000,3739.2000,3739.6000,10,4,2,1,2,2,3,1,4,1
SF,IF2006,2020-04-15 09:31:23.700,3738.0000,41759,-3,300661080.000,6,1,5,多平,S,3738.0000,3737.4000,3737.2000,3737.0000,3736.8000,3738.8000,3739.2000,3739.6000,3740.0000,3740.4000,8,4,2,1,2,1,3,1,2,2
SF,IF2006,2020-04-15 09:31:24.200,3738.0000,41759,0,300661080.000,0,-,-,-,-,3738.2000,3738.0000,3737.4000,3737.2000,3737.0000,3738.8000,3739.0000,3739.2000,3739.6000,3740.0000,2,8,2,2,1,1,1,3,1,2
SF,IF2006,2020-04-15 09:31:24.700,3738.0000,41759,0,301782480.000,1,0,1,多换,S,3738.2000,3738.0000,3737.4000,3737.2000,3737.0000,3738.8000,3739.0000,3739.2000,3739.6000,3740.0000,2,8,2,1,1,1,1,3,1,2
SF,IF2006,2020-04-15 09:31:25.200,3738.0000,41759,0,301782480.000,0,-,-,-,-,3738.2000,3738.0000,3737.4000,3737.2000,3737.0000,3738.6000,3738.8000,3739.0000,3739.2000,3739.6000,2,8,2,1,1,1,1,1,3,1
SF,IF2006,2020-04-15 09:31:25.700,3738.6000,41758,-1,302904060.000,1,0,1,双平,S,3738.2000,3738.0000,3737.4000,3737.2000,3737.0000,3738.8000,3739.0000,3739.2000,3739.6000,3740.0000,1,8,2,1,1,1,1,3,1,1
SF,IF2006,2020-04-15 09:31:26.200,3738.8000,41758,0,304025700.000,1,0,1,多换,S,3738.6000,3738.2000,3738.0000,3737.4000,3737.2000,3739.0000,3739.2000,3739.6000,3740.0000,3740.4000,1,1,8,2,1,1,3,1,1,1
SF,IF2006,2020-04-15 09:31:26.700,3739.0000,41757,-1,305147400.000,1,0,1,双平,S,3738.6000,3738.2000,3738.0000,3737.4000,3737.2000,3739.2000,3739.6000,3740.0000,3740.4000,3740.8000,1,1,8,2,1,3,1,1,1,1
SF,IF2006,2020-04-15 09:31:27.200,3739.2000,41757,0,306269160.000,1,0,1,多换,S,3738.6000,3738.0000,3737.4000,3737.2000,3737.0000,3739.2000,3739.6000,3740.0000,3740.4000,3740.8000,2,8,2,1,1,2,1,1,1,1
SF,IF2006,2020-04-15 09:31:27.700,3739.2000,41755,-2,308512680.000,2,0,2,双平,S,3738.8000,3738.6000,3738.0000,3737.4000,3737.2000,3739.6000,3740.0000,3740.4000,3740.8000,3741.6000,2,2,8,2,1,1,1,1,1,1
SF,IF2006,2020-04-15 09:31:28.200,3739.2000,41755,0,308512680.000,0,-,-,-,-,3738.8000,3738.6000,3738.0000,3737.4000,3737.2000,3739.4000,3739.6000,3740.0000,3740.4000,3740.8000,2,2,8,2,1,1,1,1,1,1
SF,IF2006,2020-04-15 09:31:29.700,3738.8000,41755,0,309634320.000,1,0,1,多换,S,3738.8000,3738.6000,3738.0000,3737.4000,3737.2000,3739.4000,3739.6000,3740.0000,3740.4000,3740.8000,1,2,8,2,1,1,1,1,1,1
SF,IF2006,2020-04-15 09:31:30.200,3738.8000,41755,0,309634320.000,0,-,-,-,-,3738.8000,3738.6000,3738.0000,3737.4000,3737.2000,3739.2000,3739.4000,3739.6000,3740.0000,3740.4000,1,2,8,2,1,1,1,1,1,1
SF,IF2006,2020-04-15 09:31:30.700,3739.2000,41754,-1,310756080.000,1,0,1,双平,S,3738.8000,3738.6000,3738.0000,3737.4000,3737.2000,3739.4000,3739.6000,3740.0000,3740.4000,3740.8000,1,2,8,2,1,1,1,1,1,1
SF,IF2006,2020-04-15 09:31:31.200,3739.6000,41752,-2,314121600.000,3,0,3,多平,S,3739.6000,3739.4000,3738.8000,3738.6000,3738.0000,3740.0000,3740.4000,3740.8000,3741.6000,3742.0000,1,2,1,2,8,2,1,1,1,5
SF,IF2006,2020-04-15 09:31:31.700,3739.6000,41752,0,316365480.000,2,1,1,多换,S,3739.4000,3738.8000,3738.6000,3738.0000,3737.4000,3739.6000,3740.0000,3740.4000,3740.8000,3741.6000,2,1,2,8,2,1,1,1,1,1
SF,IF2006,2020-04-15 09:31:32.200,3739.6000,41752,0,317487360.000,1,0,1,多换,S,3739.4000,3738.8000,3738.6000,3738.0000,3737.4000,3740.0000,3740.4000,3740.8000,3741.6000,3742.0000,2,1,2,8,2,1,1,1,1,6
SF,IF2006,2020-04-15 09:31:32.700,3739.6000,41752,0,317487360.000,0,-,-,-,-,3739.4000,3738.8000,3738.6000,3738.0000,3737.4000,3739.8000,3740.0000,3740.4000,3740.8000,3741.6000,2,1,2,8,2,1,4,1,1,1
SF,IF2006,2020-04-15 09:31:33.200,3739.6000,41752,0,317487360.000,0,-,-,-,-,3739.6000,3739.4000,3738.8000,3738.6000,3738.0000,3739.8000,3740.0000,3740.4000,3740.8000,3741.6000,1,2,1,2,8,1,2,1,1,1
SF,IF2006,2020-04-15 09:31:33.700,3739.4000,41750,-2,321974820.000,4,1,3,多平,S,3738.8000,3738.6000,3738.0000,3737.4000,3737.2000,3739.4000,3740.0000,3740.4000,3740.8000,3741.6000,1,2,8,2,1,3,3,1,1,1
SF,IF2006,2020-04-15 09:31:35.200,3739.4000,41750,0,321974820.000,0,-,-,-,-,3738.8000,3738.6000,3738.0000,3737.4000,3737.2000,3739.2000,3739.4000,3740.0000,3740.4000,3740.8000,1,2,8,2,1,1,5,3,1,1
SF,IF2006,2020-04-15 09:31:35.700,3739.2000,41749,-1,323096580.000,1,0,1,双平,S,3739.0000,3738.8000,3738.6000,3738.0000,3737.4000,3739.4000,3740.0000,3740.4000,3740.8000,3741.6000,1,1,2,8,2,5,4,1,1,1
SF,IF2006,2020-04-15 09:31:36.200,3739.2000,41749,0,324218340.000,1,0,1,多换,S,3739.0000,3738.8000,3738.6000,3738.0000,3737.4000,3739.4000,3740.0000,3740.4000,3740.6000,3740.8000,1,1,2,8,2,6,5,1,1,1
SF,IF2006,2020-04-15 09:31:36.700,3738.8000,41747,-2,326461680.000,2,0,2,双平,S,3738.6000,3738.0000,3737.4000,3737.2000,3737.0000,3739.4000,3740.0000,3740.4000,3740.6000,3740.8000,2,8,2,1,1,6,5,1,1,1
SF,IF2006,2020-04-15 09:31:37.200,3738.8000,41747,0,326461680.000,0,-,-,-,-,3738.8000,3738.6000,3738.0000,3737.4000,3737.2000,3739.4000,3740.0000,3740.4000,3740.6000,3740.8000,1,2,8,2,1,6,5,1,1,1
SF,IF2006,2020-04-15 09:31:37.700,3738.8000,41747,0,326461680.000,0,-,-,-,-,3738.8000,3738.6000,3738.0000,3737.4000,3737.2000,3739.2000,3739.4000,3740.0000,3740.4000,3740.6000,1,2,8,2,1,1,6,5,1,1
SF,IF2006,2020-04-15 09:31:38.200,3739.2000,41747,0,327583440.000,1,0,1,多换,S,3739.2000,3738.8000,3738.6000,3738.0000,3737.4000,3739.4000,3740.0000,3740.4000,3740.6000,3740.8000,1,1,2,8,2,6,5,1,1,1
SF,IF2006,2020-04-15 09:31:38.700,3739.4000,41745,-2,329827080.000,2,0,2,双平,S,3739.2000,3738.8000,3738.6000,3738.0000,3737.4000,3739.4000,3740.0000,3740.4000,3740.6000,3740.8000,1,1,2,8,2,4,5,1,1,1
SF,IF2006,2020-04-15 09:31:39.200,3739.4000,41742,-3,334314360.000,4,0,4,多平,S,3739.4000,3739.2000,3738.8000,3738.6000,3738.0000,3740.0000,3740.4000,3740.6000,3740.8000,3741.6000,1,1,1,2,8,5,1,1,1,1
SF,IF2006,2020-04-15 09:31:39.700,3740.0000,41742,0,335436360.000,1,0,1,多换,S,3739.4000,3739.2000,3738.8000,3738.6000,3738.0000,3740.0000,3740.4000,3740.6000,3740.8000,3741.6000,1,2,1,2,8,4,1,1,1,1
SF,IF2006,2020-04-15 09:31:40.200,3739.6000,41742,0,336558240.000,1,0,1,多换,S,3739.4000,3739.2000,3738.8000,3738.6000,3738.0000,3739.8000,3740.0000,3740.4000,3740.6000,3740.8000,1,2,1,2,8,1,4,1,1,1
SF,IF2006,2020-04-15 09:31:40.700,3739.8000,41742,0,337680180.000,1,0,1,多换,S,3739.8000,3739.4000,3739.2000,3738.8000,3738.6000,3740.0000,3740.4000,3740.6000,3740.8000,3741.6000,1,1,2,1,2,4,1,1,1,1
SF,IF2006,2020-04-15 09:31:41.200,3739.8000,41742,0,338802120.000,1,0,1,多换,S,3739.4000,3739.2000,3738.8000,3738.6000,3738.0000,3739.8000,3740.0000,3740.4000,3740.6000,3740.8000,1,2,1,2,8,1,4,1,1,1
SF,IF2006,2020-04-15 09:31:41.700,3739.8000,41742,0,338802120.000,0,-,-,-,-,3739.4000,3739.2000,3738.8000,3738.6000,3738.0000,3739.6000,3739.8000,3740.0000,3740.4000,3740.6000,2,2,1,2,8,1,1,4,1,1
SF,IF2006,2020-04-15 09:31:42.200,3739.8000,41742,0,341046000.000,2,1,1,多换,S,3739.4000,3739.2000,3738.8000,3738.6000,3738.0000,3740.0000,3740.4000,3740.6000,3740.8000,3741.6000,2,2,1,2,8,4,1,1,1,1
SF,IF2006,2020-04-15 09:31:42.700,3739.4000,41742,0,342167820.000,1,0,1,多换,S,3739.4000,3739.2000,3738.8000,3738.6000,3738.0000,3740.0000,3740.4000,3740.6000,3740.8000,3741.6000,3,2,1,2,8,4,1,1,1,1
SF,IF2006,2020-04-15 09:31:43.200,3740.0000,41741,-1,346655580.000,4,1,3,多平,S,3739.4000,3739.2000,3738.8000,3738.6000,3738.0000,3740.0000,3740.4000,3740.6000,3740.8000,3741.6000,2,2,1,2,8,5,1,1,1,1
SF,IF2006,2020-04-15 09:31:43.700,3740.0000,41742,1,348899580.000,2,1,1,空开,S,3739.4000,3739.2000,3738.8000,3738.6000,3738.0000,3740.0000,3740.4000,3740.6000,3740.8000,3741.6000,2,2,1,2,8,4,1,1,1,1
SF,IF2006,2020-04-15 09:31:44.200,3740.0000,41742,0,348899580.000,0,-,-,-,-,3739.4000,3739.2000,3738.8000,3738.6000,3738.0000,3739.6000,3740.0000,3740.4000,3740.6000,3740.8000,2,2,1,2,8,1,2,1,1,1
SF,IF2006,2020-04-15 09:31:44.700,3739.6000,41741,-1,350021460.000,1,0,1,双平,S,3739.6000,3739.4000,3739.2000,3738.8000,3738.6000,3739.8000,3740.0000,3740.4000,3740.6000,3740.8000,2,2,2,1,2,1,1,1,1,1
SF,IF2006,2020-04-15 09:31:45.200,3740.0000,41739,-2,353387340.000,3,0,3,多平,S,3740.0000,3739.6000,3739.4000,3739.2000,3738.8000,3740.4000,3740.6000,3740.8000,3741.4000,3742.0000,9,2,2,2,1,1,1,1,1,6
SF,IF2006,2020-04-15 09:31:45.700,3740.0000,41739,0,353387340.000,0,-,-,-,-,3740.0000,3739.6000,3739.4000,3739.2000,3738.8000,3740.4000,3740.6000,3740.8000,3741.4000,3742.0000,9,2,2,3,1,1,1,1,1,6
SF,IF2006,2020-04-15 09:31:46.200,3740.0000,41739,0,353387340.000,0,-,-,-,-,3740.0000,3739.6000,3739.4000,3739.2000,3738.8000,3740.2000,3740.4000,3740.6000,3740.8000,3741.4000,9,2,2,3,1,1,1,1,1,1
SF,IF2006,2020-04-15 09:31:46.700,3740.0000,41739,0,353387340.000,0,-,-,-,-,3740.0000,3739.6000,3739.4000,3739.2000,3738.8000,3740.2000,3740.4000,3740.6000,3740.8000,3741.4000,9,2,2,3,1,1,1,1,1,1
SF,IF2006,2020-04-15 09:31:47.700,3740.2000,41738,-1,354509400.000,1,0,1,双平,S,3740.0000,3739.6000,3739.4000,3739.2000,3738.8000,3740.4000,3740.6000,3740.8000,3741.4000,3742.0000,10,2,2,2,1,1,1,1,1,6
SF,IF2006,2020-04-15 09:31:48.200,3740.0000,41739,1,356753520.000,2,1,1,空开,S,3740.0000,3739.6000,3739.4000,3739.2000,3738.8000,3740.6000,3740.8000,3741.4000,3742.0000,3742.2000,9,2,2,2,1,1,1,1,6,2
SF,IF2006,2020-04-15 09:31:48.700,3740.0000,41739,0,356753520.000,0,-,-,-,-,3740.0000,3739.6000,3739.4000,3739.2000,3738.8000,3740.6000,3740.8000,3741.4000,3742.0000,3742.2000,9,3,2,2,1,1,1,1,6,2
SF,IF2006,2020-04-15 09:31:49.200,3740.0000,41739,0,356753520.000,0,-,-,-,-,3740.0000,3739.6000,3739.4000,3739.2000,3738.8000,3740.6000,3740.8000,3741.4000,3742.0000,3742.2000,9,3,2,2,1,1,2,1,6,2
SF,IF2006,2020-04-15 09:31:49.700,3740.0000,41739,0,356753520.000,0,-,-,-,-,3740.2000,3740.0000,3739.6000,3739.4000,3739.2000,3740.6000,3740.8000,3741.4000,3742.0000,3742.2000,4,9,3,2,2,1,1,1,6,2
SF,IF2006,2020-04-15 09:31:50.200,3740.0000,41739,0,356753520.000,0,-,-,-,-,3740.2000,3740.0000,3739.6000,3739.4000,3739.2000,3740.4000,3740.6000,3740.8000,3741.4000,3742.0000,4,9,3,2,2,1,1,2,1,6
SF,IF2006,2020-04-15 09:31:50.700,3740.0000,41739,0,356753520.000,0,-,-,-,-,3740.2000,3740.0000,3739.6000,3739.4000,3739.2000,3740.4000,3740.6000,3740.8000,3741.4000,3742.0000,4,9,3,2,2,1,1,1,1,6
SF,IF2006,2020-04-15 09:31:51.200,3740.0000,41739,0,357875520.000,1,0,1,多换,S,3740.2000,3740.0000,3739.6000,3739.4000,3739.2000,3740.4000,3740.6000,3740.8000,3741.4000,3742.0000,4,8,3,2,2,1,1,1,1,6
SF,IF2006,2020-04-15 09:31:51.700,3740.4000,41739,0,358997640.000,1,0,1,多换,S,3740.2000,3740.0000,3739.6000,3739.4000,3739.2000,3740.6000,3740.8000,3741.4000,3742.0000,3742.2000,3,8,3,2,2,1,1,1,6,2
SF,IF2006,2020-04-15 09:31:52.200,3740.4000,41739,0,358997640.000,0,-,-,-,-,3740.2000,3740.0000,3739.6000,3739.4000,3739.2000,3740.6000,3740.8000,3741.4000,3742.0000,3742.2000,3,8,3,2,2,1,1,1,6,2
SF,IF2006,2020-04-15 09:31:52.700,3740.8000,41739,0,361242060.000,2,1,1,多换,S,3740.4000,3740.2000,3740.0000,3739.6000,3739.2000,3740.8000,3741.4000,3742.0000,3742.2000,3742.8000,3,3,8,3,2,1,1,6,2,1
SF,IF2006,2020-04-15 09:31:53.200,3740.2000,41739,0,366852540.000,5,2,3,多换,S,3740.2000,3740.0000,3739.6000,3739.2000,3738.6000,3740.8000,3741.0000,3741.4000,3742.0000,3742.2000,1,8,3,2,1,2,1,1,6,2
SF,IF2006,2020-04-15 09:31:53.700,3740.8000,41739,0,367974780.000,1,0,1,多换,S,3740.2000,3740.0000,3739.6000,3739.2000,3738.6000,3740.8000,3741.4000,3742.0000,3742.2000,3742.8000,2,8,3,2,1,1,1,6,2,1
SF,IF2006,2020-04-15 09:31:54.200,3740.8000,41739,0,367974780.000,0,-,-,-,-,3740.2000,3740.0000,3739.6000,3739.2000,3738.6000,3740.8000,3741.4000,3742.0000,3742.2000,3742.8000,2,8,3,2,1,1,1,6,2,1
SF,IF2006,2020-04-15 09:31:54.700,3740.8000,41739,0,367974780.000,0,-,-,-,-,3740.2000,3740.0000,3739.6000,3739.2000,3738.6000,3740.8000,3741.4000,3742.0000,3742.2000,3742.8000,2,8,3,2,1,2,1,6,2,1
SF,IF2006,2020-04-15 09:31:55.200,3740.2000,41739,0,370219080.000,2,1,1,多换,S,3740.2000,3740.0000,3739.6000,3739.2000,3738.6000,3740.8000,3741.0000,3741.4000,3742.0000,3742.2000,1,8,3,1,1,2,1,1,6,2
SF,IF2006,2020-04-15 09:31:56.200,3740.0000,41738,-1,373585380.000,3,1,2,多平,S,3740.0000,3739.6000,3739.2000,3738.6000,3738.0000,3740.8000,3741.0000,3741.4000,3742.0000,3742.2000,7,3,1,1,8,1,1,1,6,2
SF,IF2006,2020-04-15 09:31:56.700,3740.0000,41738,0,373585380.000,0,-,-,-,-,3740.0000,3739.8000,3739.6000,3739.2000,3738.6000,3740.2000,3740.8000,3741.0000,3741.4000,3742.0000,7,1,3,1,1,2,1,1,1,6
SF,IF2006,2020-04-15 09:31:57.200,3740.0000,41736,-2,378073740.000,4,1,3,多平,S,3740.2000,3740.0000,3739.8000,3739.6000,3739.2000,3741.0000,3741.4000,3742.0000,3742.2000,3742.8000,1,6,1,3,1,1,1,6,2,1
SF,IF2006,2020-04-15 09:31:57.700,3740.2000,41735,-1,380317860.000,2,0,2,多平,S,3740.0000,3739.8000,3739.6000,3739.2000,3738.6000,3740.8000,3741.0000,3741.4000,3742.0000,3742.2000,6,1,3,1,1,4,2,1,6,2
SF,IF2006,2020-04-15 09:31:58.200,3739.8000,41735,0,388171800.000,7,3,4,多换,S,3739.6000,3739.2000,3738.6000,3738.0000,3737.0000,3740.2000,3740.6000,3740.8000,3741.0000,3741.4000,3,1,1,8,1,1,8,4,1,1
SF,IF2006,2020-04-15 09:31:58.700,3739.6000,41735,0,389293680.000,1,0,1,多换,S,3739.6000,3739.2000,3738.6000,3738.0000,3737.0000,3740.0000,3740.2000,3740.6000,3740.8000,3741.0000,2,1,1,9,1,1,1,8,4,1
SF,IF2006,2020-04-15 09:31:59.200,3739.6000,41735,0,391537440.000,2,1,1,多换,S,3739.2000,3738.6000,3738.0000,3737.0000,3736.8000,3740.0000,3740.2000,3740.6000,3740.8000,3741.0000,1,1,9,1,2,1,1,8,4,1
SF,IF2006,2020-04-15 09:31:59.700,3739.2000,41735,0,392659200.000,1,0,1,多换,S,3738.6000,3738.0000,3737.0000,3736.8000,3736.4000,3739.6000,3739.8000,3740.0000,3740.6000,3740.8000,1,9,1,2,1,1,3,4,7,2
SF,IF2006,2020-04-15 09:32:00.200,3739.6000,41735,0,393781080.000,1,0,1,多换,S,3738.8000,3738.6000,3738.0000,3737.0000,3736.8000,3739.6000,3739.8000,3740.0000,3740.6000,3740.8000,1,1,9,1,2,2,2,4,2,1
SF,IF2006,2020-04-15 09:32:00.700,3739.6000,41735,0,393781080.000,0,-,-,-,-,3738.8000,3738.6000,3738.0000,3737.0000,3736.8000,3739.6000,3739.8000,3740.0000,3740.6000,3740.8000,1,1,9,1,2,3,2,1,2,1
SF,IF2006,2020-04-15 09:32:01.200,3739.6000,41735,0,393781080.000,0,-,-,-,-,3738.6000,3738.0000,3737.0000,3736.8000,3736.4000,3739.4000,3739.6000,3739.8000,3740.0000,3740.6000,1,9,1,2,1,1,3,1,1,2
SF,IF2006,2020-04-15 09:32:01.700,3739.6000,41735,0,393781080.000,0,-,-,-,-,3738.6000,3738.0000,3737.0000,3736.8000,3736.4000,3739.2000,3739.4000,3739.6000,3739.8000,3740.0000,1,9,1,2,1,1,3,1,1,1
SF,IF2006,2020-04-15 09:32:02.200,3739.6000,41735,0,393781080.000,0,-,-,-,-,3738.6000,3738.0000,3737.0000,3736.8000,3736.4000,3739.6000,3739.8000,3740.0000,3740.6000,3740.8000,1,9,1,2,1,1,1,1,2,1
SF,IF2006,2020-04-15 09:32:02.700,3738.8000,41734,-1,394902720.000,1,0,1,双平,S,3738.8000,3738.6000,3738.0000,3737.0000,3736.8000,3739.6000,3739.8000,3740.0000,3740.6000,3740.8000,2,1,9,1,2,1,1,1,2,1
SF,IF2006,2020-04-15 09:32:03.200,3738.8000,41734,0,394902720.000,0,-,-,-,-,3739.0000,3738.8000,3738.6000,3738.0000,3737.0000,3739.4000,3739.6000,3739.8000,3740.0000,3740.6000,2,2,1,9,1,1,1,1,2,2
SF,IF2006,2020-04-15 09:32:03.700,3738.8000,41734,0,394902720.000,0,-,-,-,-,3739.0000,3738.8000,3738.6000,3738.0000,3737.0000,3739.6000,3739.8000,3740.0000,3740.6000,3740.8000,2,1,1,9,1,2,1,2,2,1
SF,IF2006,2020-04-15 09:32:04.200,3738.8000,41734,0,394902720.000,0,-,-,-,-,3739.2000,3739.0000,3738.6000,3738.0000,3737.0000,3739.4000,3739.6000,3739.8000,3740.0000,3740.6000,5,1,1,9,1,1,2,1,2,2
SF,IF2006,2020-04-15 09:32:04.700,3739.2000,41733,-1,396024480.000,1,0,1,双平,S,3739.2000,3738.6000,3738.0000,3737.0000,3736.8000,3739.6000,3739.8000,3740.0000,3740.6000,3740.8000,4,1,9,1,2,2,1,2,2,1
SF,IF2006,2020-04-15 09:32:05.200,3739.4000,41731,-2,399389820.000,3,0,3,多平,S,3739.2000,3738.6000,3738.0000,3737.0000,3736.8000,3739.6000,3739.8000,3740.0000,3740.6000,3740.8000,2,1,9,1,2,4,1,2,2,2
SF,IF2006,2020-04-15 09:32:05.700,3739.2000,41730,-1,400511580.000,1,0,1,双平,S,3739.2000,3738.6000,3738.0000,3737.0000,3736.8000,3739.6000,3739.8000,3740.0000,3740.6000,3740.8000,1,1,9,1,2,4,1,2,2,2
SF,IF2006,2020-04-15 09:32:06.200,3739.2000,41730,0,400511580.000,0,-,-,-,-,3739.2000,3738.6000,3738.0000,3737.0000,3736.8000,3739.6000,3740.0000,3740.6000,3740.8000,3741.0000,1,1,9,1,2,2,2,2,2,1
SF,IF2006,2020-04-15 09:32:06.700,3739.6000,41730,0,402755340.000,2,1,1,多换,S,3739.2000,3738.6000,3738.0000,3737.0000,3736.8000,3740.0000,3740.6000,3740.8000,3741.0000,3741.4000,1,1,9,1,2,1,2,3,1,1
SF,IF2006,2020-04-15 09:32:07.200,3739.6000,41730,0,402755340.000,0,-,-,-,-,3739.2000,3738.6000,3738.0000,3737.0000,3736.8000,3739.8000,3740.0000,3740.6000,3740.8000,3741.0000,3,1,9,1,2,1,4,2,3,1
SF,IF2006,2020-04-15 09:32:07.700,3739.6000,41730,0,402755340.000,0,-,-,-,-,3739.2000,3738.6000,3738.0000,3737.0000,3736.8000,3740.0000,3740.6000,3740.8000,3741.0000,3741.4000,3,1,9,1,2,4,2,3,1,1
SF,IF2006,2020-04-15 09:32:08.200,3739.6000,41730,0,402755340.000,0,-,-,-,-,3739.2000,3738.6000,3738.0000,3737.0000,3736.8000,3739.8000,3740.0000,3740.4000,3740.6000,3740.8000,3,1,9,1,2,1,1,1,2,3
SF,IF2006,2020-04-15 09:32:08.700,3739.8000,41730,0,403877280.000,1,0,1,多换,S,3739.2000,3738.6000,3738.0000,3737.0000,3736.8000,3740.0000,3740.4000,3740.6000,3740.8000,3741.0000,2,1,9,1,2,1,1,2,3,1
SF,IF2006,2020-04-15 09:32:09.200,3739.8000,41729,-1,406120980.000,2,0,2,多平,S,3738.6000,3738.0000,3737.0000,3736.8000,3736.4000,3740.0000,3740.4000,3740.6000,3740.8000,3741.0000,1,9,1,2,1,5,1,2,3,1
SF,IF2006,2020-04-15 09:32:09.700,3739.8000,41729,0,410608740.000,4,2,2,多换,S,3738.8000,3738.6000,3738.0000,3737.0000,3736.8000,3739.8000,3740.0000,3740.4000,3740.6000,3740.8000,2,1,9,1,2,2,5,1,2,3
SF,IF2006,2020-04-15 09:32:10.200,3739.8000,41729,0,410608740.000,0,-,-,-,-,3738.8000,3738.6000,3738.0000,3737.0000,3736.8000,3739.6000,3739.8000,3740.0000,3740.4000,3740.6000,1,1,9,1,2,3,2,5,1,2
SF,IF2006,2020-04-15 09:32:10.700,3739.8000,41729,0,410608740.000,0,-,-,-,-,3738.8000,3738.0000,3737.0000,3736.8000,3736.4000,3739.6000,3739.8000,3740.0000,3740.4000,3740.6000,1,9,1,2,1,2,1,4,1,2
SF,IF2006,2020-04-15 09:32:11.200,3739.6000,41729,0,411730620.000,1,0,1,多换,S,3738.8000,3738.0000,3737.0000,3736.8000,3736.4000,3739.6000,3740.0000,3740.4000,3740.6000,3740.8000,1,9,1,2,1,2,4,1,2,3
SF,IF2006,2020-04-15 09:32:11.700,3739.6000,41729,0,411730620.000,0,-,-,-,-,3738.8000,3738.0000,3737.0000,3736.8000,3736.4000,3739.4000,3739.6000,3740.0000,3740.4000,3740.6000,1,9,1,2,1,1,2,4,1,2
SF,IF2006,2020-04-15 09:32:12.200,3739.6000,41729,0,411730620.000,0,-,-,-,-,3738.8000,3738.0000,3737.0000,3736.8000,3736.4000,3739.4000,3739.6000,3740.0000,3740.4000,3740.6000,1,9,1,2,1,1,1,4,1,2
SF,IF2006,2020-04-15 09:32:12.700,3739.4000,41728,-1,412852440.000,1,0,1,双平,S,3738.8000,3738.0000,3737.0000,3736.8000,3736.4000,3739.4000,3739.6000,3740.0000,3740.4000,3740.6000,2,9,1,2,1,1,1,4,1,2
SF,IF2006,2020-04-15 09:32:13.200,3739.4000,41728,0,412852440.000,0,-,-,-,-,3739.0000,3738.8000,3738.6000,3738.0000,3737.0000,3740.0000,3740.4000,3740.6000,3740.8000,3741.0000,1,2,1,9,1,4,1,2,3,1
SF,IF2006,2020-04-15 09:32:13.700,3739.4000,41728,0,412852440.000,0,-,-,-,-,3739.0000,3738.8000,3738.6000,3738.0000,3737.0000,3739.6000,3739.8000,3740.0000,3740.4000,3740.6000,2,1,1,10,1,1,5,5,1,2
SF,IF2006,2020-04-15 09:32:14.200,3739.4000,41728,0,412852440.000,0,-,-,-,-,3739.4000,3739.0000,3738.8000,3738.6000,3738.0000,3739.6000,3739.8000,3740.0000,3740.4000,3740.6000,4,2,2,1,10,1,3,6,1,2
SF,IF2006,2020-04-15 09:32:14.700,3739.4000,41724,-4,418461540.000,5,0,5,多平,S,3739.0000,3738.8000,3738.6000,3738.0000,3737.6000,3739.4000,3739.6000,3739.8000,3740.0000,3740.4000,2,2,1,10,1,2,3,3,6,1
SF,IF2006,2020-04-15 09:32:15.200,3738.8000,41723,-1,421826580.000,3,1,2,多平,S,3738.8000,3738.6000,3738.0000,3737.6000,3737.0000,3739.4000,3739.6000,3739.8000,3740.0000,3740.4000,1,1,10,1,1,4,2,1,6,1
SF,IF2006,2020-04-15 09:32:15.700,3739.4000,41723,0,425192040.000,3,1,2,多换,S,3738.8000,3738.6000,3738.0000,3737.6000,3737.0000,3739.2000,3739.4000,3739.6000,3739.8000,3740.0000,2,1,10,1,1,1,1,2,1,6
SF,IF2006,2020-04-15 09:32:16.200,3739.0000,41722,-1,427435380.000,2,0,2,多平,S,3738.8000,3738.6000,3738.0000,3737.6000,3737.0000,3739.2000,3739.4000,3739.6000,3739.8000,3740.0000,1,1,10,1,1,1,1,2,1,6
SF,IF2006,2020-04-15 09:32:16.700,3738.8000,41721,-1,428557020.000,1,0,1,双平,S,3738.8000,3738.6000,3738.0000,3737.6000,3737.0000,3739.2000,3739.4000,3739.6000,3739.8000,3740.0000,2,1,10,1,1,1,1,2,1,6
SF,IF2006,2020-04-15 09:32:17.200,3738.8000,41722,1,430800300.000,2,1,1,空开,S,3738.6000,3738.0000,3737.6000,3737.0000,3736.8000,3739.0000,3739.2000,3739.4000,3739.6000,3739.8000,1,10,1,1,2,1,2,1,2,1
SF,IF2006,2020-04-15 09:32:17.700,3738.6000,41721,-1,431921880.000,1,0,1,双平,S,3738.0000,3737.6000,3737.0000,3736.8000,3736.4000,3739.0000,3739.2000,3739.4000,3739.6000,3739.8000,10,1,1,2,1,1,2,1,2,1
SF,IF2006,2020-04-15 09:32:18.200,3738.6000,41721,0,431921880.000,0,-,-,-,-,3738.0000,3737.6000,3737.0000,3736.8000,3736.4000,3738.6000,3739.0000,3739.2000,3739.6000,3739.8000,10,1,1,2,1,1,6,2,2,1
SF,IF2006,2020-04-15 09:32:18.700,3738.6000,41721,0,433043460.000,1,0,1,多换,S,3738.0000,3737.6000,3737.0000,3736.8000,3736.4000,3738.6000,3739.0000,3739.2000,3739.6000,3739.8000,10,1,2,2,1,1,6,2,2,1
SF,IF2006,2020-04-15 09:32:19.200,3738.6000,41721,0,433043460.000,0,-,-,-,-,3738.0000,3737.6000,3737.0000,3736.8000,3736.4000,3738.6000,3739.0000,3739.2000,3739.6000,3739.8000,10,1,2,2,1,5,6,2,2,1
SF,IF2006,2020-04-15 09:32:19.700,3738.6000,41721,0,433043460.000,0,-,-,-,-,3738.0000,3737.6000,3737.0000,3736.8000,3736.4000,3738.6000,3739.0000,3739.2000,3739.6000,3739.8000,10,1,2,2,1,5,5,2,2,1
SF,IF2006,2020-04-15 09:32:20.200,3738.0000,41722,1,434164860.000,1,1,0,双开,S,3738.0000,3737.6000,3737.0000,3736.8000,3736.4000,3738.6000,3738.8000,3739.0000,3739.2000,3739.6000,9,1,2,2,1,5,1,4,2,2
SF,IF2006,2020-04-15 09:32:20.700,3738.0000,41721,-1,444257460.000,9,4,5,多平,S,3737.6000,3737.0000,3736.8000,3736.4000,3736.0000,3738.6000,3739.0000,3739.2000,3739.6000,3739.8000,1,2,2,1,9,5,4,2,2,1
SF,IF2006,2020-04-15 09:32:21.200,3738.0000,41721,0,444257460.000,0,-,-,-,-,3737.6000,3737.0000,3736.8000,3736.4000,3736.0000,3738.6000,3738.8000,3739.0000,3739.2000,3739.8000,1,2,2,1,9,2,1,1,1,1
SF,IF2006,2020-04-15 09:32:21.700,3738.0000,41721,0,444257460.000,0,-,-,-,-,3737.6000,3737.0000,3736.8000,3736.4000,3736.0000,3738.6000,3739.0000,3739.2000,3739.8000,3740.0000,1,2,2,1,9,2,1,1,1,5
SF,IF2006,2020-04-15 09:32:22.200,3738.0000,41721,0,444257460.000,0,-,-,-,-,3738.0000,3737.6000,3737.0000,3736.8000,3736.4000,3738.6000,3739.0000,3739.2000,3739.8000,3740.0000,1,1,2,2,1,2,1,1,1,5
SF,IF2006,2020-04-15 09:32:22.700,3738.0000,41720,-1,445378860.000,1,0,1,双平,S,3737.6000,3737.0000,3736.8000,3736.4000,3736.0000,3738.6000,3739.0000,3739.2000,3739.8000,3740.0000,1,2,2,1,9,2,1,1,1,5
SF,IF2006,2020-04-15 09:32:23.200,3738.0000,41720,0,445378860.000,0,-,-,-,-,3737.8000,3737.6000,3737.0000,3736.8000,3736.4000,3738.4000,3738.6000,3738.8000,3739.0000,3739.2000,1,1,2,2,1,4,2,1,1,1
SF,IF2006,2020-04-15 09:32:23.700,3738.0000,41720,0,445378860.000,0,-,-,-,-,3737.8000,3737.6000,3737.0000,3736.8000,3736.4000,3738.4000,3738.6000,3739.0000,3739.2000,3740.0000,1,1,2,2,1,2,2,1,1,5
SF,IF2006,2020-04-15 09:32:24.200,3738.0000,41720,0,445378860.000,0,-,-,-,-,3737.8000,3737.6000,3737.0000,3736.8000,3736.4000,3738.6000,3739.0000,3739.2000,3740.0000,3740.4000,1,1,2,2,1,2,1,1,5,1
SF,IF2006,2020-04-15 09:32:24.700,3738.6000,41719,-1,446500440.000,1,0,1,双平,S,3737.8000,3737.6000,3737.0000,3736.8000,3736.4000,3738.6000,3739.0000,3739.2000,3740.0000,3740.4000,1,1,2,2,1,1,1,1,5,1
SF,IF2006,2020-04-15 09:32:25.200,3738.6000,41719,0,446500440.000,0,-,-,-,-,3737.8000,3737.6000,3737.0000,3736.8000,3736.6000,3738.6000,3739.0000,3739.2000,3740.0000,3740.4000,3,1,2,2,1,1,1,1,5,1
SF,IF2006,2020-04-15 09:32:25.700,3738.6000,41719,0,446500440.000,0,-,-,-,-,3737.8000,3737.6000,3737.0000,3736.8000,3736.6000,3738.4000,3738.6000,3738.8000,3739.0000,3739.2000,3,1,2,2,1,1,1,1,1,1
SF,IF2006,2020-04-15 09:32:26.200,3738.6000,41719,0,446500440.000,0,-,-,-,-,3737.8000,3737.6000,3737.0000,3736.8000,3736.6000,3738.4000,3738.6000,3739.0000,3739.2000,3740.0000,3,1,2,2,1,1,1,2,1,6
SF,IF2006,2020-04-15 09:32:26.700,3738.6000,41719,0,447622020.000,1,0,1,多换,S,3737.8000,3737.6000,3737.0000,3736.8000,3736.6000,3739.0000,3739.2000,3740.0000,3740.4000,3740.6000,2,1,2,2,1,2,1,6,1,2
SF,IF2006,2020-04-15 09:32:27.200,3738.6000,41719,0,447622020.000,0,-,-,-,-,3737.8000,3737.6000,3737.0000,3736.8000,3736.6000,3738.8000,3739.0000,3739.2000,3740.0000,3740.4000,2,1,2,2,1,6,3,1,6,1
SF,IF2006,2020-04-15 09:32:27.700,3738.6000,41719,0,447622020.000,0,-,-,-,-,3737.8000,3737.6000,3737.0000,3736.8000,3736.6000,3738.6000,3738.8000,3739.0000,3739.2000,3740.0000,2,1,2,2,1,2,2,3,1,6
SF,IF2006,2020-04-15 09:32:28.200,3738.8000,41720,1,449865300.000,2,1,1,空开,S,3737.8000,3737.6000,3737.0000,3736.8000,3736.6000,3739.0000,3739.2000,3740.0000,3740.4000,3740.6000,2,1,2,2,1,3,1,6,1,2
SF,IF2006,2020-04-15 09:32:28.700,3738.8000,41720,0,449865300.000,0,-,-,-,-,3737.8000,3737.6000,3737.0000,3736.8000,3736.6000,3738.8000,3739.0000,3739.2000,3740.0000,3740.4000,2,1,2,2,1,3,3,1,6,1
SF,IF2006,2020-04-15 09:32:29.200,3738.4000,41721,1,450986820.000,1,1,0,双开,S,3738.4000,3737.8000,3737.6000,3737.0000,3736.8000,3738.6000,3738.8000,3739.0000,3739.2000,3740.0000,2,2,1,2,2,1,1,3,1,6
SF,IF2006,2020-04-15 09:32:29.700,3738.6000,41721,0,453229920.000,2,1,1,多换,S,3738.4000,3737.8000,3737.6000,3737.0000,3736.8000,3739.0000,3739.2000,3740.0000,3740.4000,3740.6000,1,2,1,2,2,3,1,6,1,2
SF,IF2006,2020-04-15 09:32:30.200,3738.6000,41721,0,453229920.000,0,-,-,-,-,3738.4000,3737.8000,3737.6000,3737.0000,3736.8000,3739.0000,3739.2000,3740.0000,3740.4000,3740.6000,1,2,1,2,1,3,1,6,1,2
SF,IF2006,2020-04-15 09:32:30.700,3738.6000,41721,0,453229920.000,0,-,-,-,-,3738.4000,3737.8000,3737.6000,3737.0000,3736.8000,3738.6000,3739.0000,3739.2000,3740.0000,3740.4000,1,2,1,2,1,3,3,1,6,1
SF,IF2006,2020-04-15 09:32:31.200,3738.6000,41721,0,454351500.000,1,0,1,多换,S,3738.4000,3737.8000,3737.6000,3737.0000,3736.8000,3739.0000,3739.2000,3740.0000,3740.4000,3740.6000,1,2,1,2,1,3,1,6,1,2
SF,IF2006,2020-04-15 09:32:31.700,3738.6000,41721,0,454351500.000,0,-,-,-,-,3738.4000,3737.8000,3737.6000,3737.0000,3736.8000,3738.8000,3739.0000,3739.2000,3740.0000,3740.4000,1,2,1,2,1,1,3,1,6,1
SF,IF2006,2020-04-15 09:32:32.200,3738.6000,41721,0,454351500.000,0,-,-,-,-,3738.4000,3737.8000,3737.6000,3737.0000,3736.8000,3738.8000,3739.0000,3739.2000,3740.0000,3740.4000,1,2,1,2,1,1,3,1,6,1
SF,IF2006,2020-04-15 09:32:32.700,3738.6000,41721,0,454351500.000,0,-,-,-,-,3738.4000,3737.8000,3737.6000,3737.0000,3736.8000,3738.8000,3739.0000,3739.2000,3740.0000,3740.4000,1,2,1,2,1,1,3,1,6,1
SF,IF2006,2020-04-15 09:32:33.200,3738.4000,41721,0,455473020.000,1,0,1,多换,S,3737.8000,3737.6000,3737.0000,3736.8000,3736.6000,3738.8000,3739.0000,3739.2000,3740.0000,3740.4000,2,1,2,1,1,1,3,1,6,1
SF,IF2006,2020-04-15 09:32:34.700,3738.4000,41721,0,455473020.000,0,-,-,-,-,3738.6000,3737.8000,3737.6000,3737.0000,3736.8000,3738.8000,3739.0000,3739.2000,3740.0000,3740.4000,1,2,1,2,1,1,3,1,6,1
SF,IF2006,2020-04-15 09:32:35.200,3738.6000,41721,0,456594600.000,1,0,1,多换,S,3737.8000,3737.6000,3737.0000,3736.8000,3736.6000,3738.6000,3738.8000,3739.0000,3739.2000,3740.0000,2,1,2,1,1,1,1,3,1,6
SF,IF2006,2020-04-15 09:32:35.700,3738.6000,41721,0,456594600.000,0,-,-,-,-,3737.8000,3737.6000,3737.0000,3736.8000,3736.6000,3738.6000,3738.8000,3739.0000,3739.2000,3740.0000,2,1,2,1,1,1,1,3,1,6
SF,IF2006,2020-04-15 09:32:36.700,3738.6000,41721,0,456594600.000,0,-,-,-,-,3737.8000,3737.6000,3737.0000,3736.8000,3736.6000,3738.2000,3738.6000,3738.8000,3739.0000,3739.2000,2,1,2,1,1,1,1,1,3,1
SF,IF2006,2020-04-15 09:32:37.200,3737.8000,41720,-1,459958620.000,3,1,2,多平,S,3738.2000,3737.6000,3737.0000,3736.8000,3736.6000,3738.6000,3738.8000,3739.0000,3740.0000,3740.4000,1,1,2,1,1,2,1,3,6,1
SF,IF2006,2020-04-15 09:32:37.700,3737.8000,41720,0,459958620.000,0,-,-,-,-,3738.2000,3737.8000,3737.6000,3737.0000,3736.8000,3738.4000,3738.6000,3738.8000,3739.0000,3740.0000,1,1,1,2,1,1,2,1,3,6
SF,IF2006,2020-04-15 09:32:38.200,3738.2000,41720,0,461080080.000,1,0,1,多换,S,3737.8000,3737.6000,3737.0000,3736.8000,3736.6000,3738.4000,3738.6000,3738.8000,3739.0000,3740.0000,1,1,2,1,1,1,2,1,3,6
SF,IF2006,2020-04-15 09:32:39.200,3738.2000,41720,0,461080080.000,0,-,-,-,-,3737.8000,3737.6000,3737.0000,3736.8000,3736.6000,3738.6000,3738.8000,3739.0000,3740.0000,3740.4000,1,1,2,1,1,2,1,3,6,1
SF,IF2006,2020-04-15 09:32:39.700,3738.2000,41720,0,461080080.000,0,-,-,-,-,3737.8000,3737.6000,3737.0000,3736.8000,3736.6000,3738.6000,3738.8000,3739.0000,3740.0000,3740.4000,3,1,2,1,1,3,2,3,6,1
SF,IF2006,2020-04-15 09:32:40.200,3738.2000,41720,0,461080080.000,0,-,-,-,-,3737.8000,3737.6000,3737.0000,3736.8000,3736.6000,3738.4000,3738.6000,3738.8000,3739.0000,3740.0000,3,1,2,1,1,1,2,1,3,6
SF,IF2006,2020-04-15 09:32:40.700,3738.2000,41720,0,461080080.000,0,-,-,-,-,3738.4000,3737.8000,3737.6000,3737.0000,3736.8000,3738.6000,3738.8000,3739.0000,3740.0000,3740.4000,1,3,1,2,1,2,1,3,6,1
SF,IF2006,2020-04-15 09:32:41.200,3738.2000,41720,0,461080080.000,0,-,-,-,-,3738.4000,3737.8000,3737.6000,3737.0000,3736.8000,3738.6000,3738.8000,3739.0000,3740.0000,3740.4000,1,2,1,2,1,2,1,3,6,1
SF,IF2006,2020-04-15 09:32:41.700,3737.8000,41717,-3,464444220.000,3,0,3,双平,S,3737.6000,3737.0000,3736.8000,3736.6000,3736.4000,3738.6000,3738.8000,3739.0000,3740.0000,3740.4000,1,2,1,1,1,2,1,3,6,1
SF,IF2006,2020-04-15 09:32:42.200,3738.6000,41715,-2,466687380.000,2,0,2,双平,S,3737.8000,3737.6000,3737.0000,3736.8000,3736.6000,3738.8000,3739.0000,3740.0000,3740.4000,3740.6000,2,1,2,1,1,1,2,6,1,2
SF,IF2006,2020-04-15 09:32:42.700,3738.8000,41714,-1,467809020.000,1,0,1,双平,S,3738.6000,3738.0000,3737.8000,3737.6000,3737.0000,3739.0000,3740.0000,3740.4000,3740.6000,3740.8000,1,1,2,1,2,2,6,1,2,1
SF,IF2006,2020-04-15 09:32:43.200,3739.0000,41714,0,470052420.000,2,1,1,多换,S,3738.6000,3738.0000,3737.8000,3737.6000,3737.0000,3740.0000,3740.4000,3740.6000,3740.8000,3741.0000,1,1,1,1,2,6,1,2,1,1
SF,IF2006,2020-04-15 09:32:43.700,3739.0000,41714,0,470052420.000,0,-,-,-,-,3738.6000,3737.8000,3737.6000,3737.0000,3736.8000,3739.4000,3739.8000,3740.0000,3740.4000,3740.6000,1,1,1,2,1,1,12,8,1,2
SF,IF2006,2020-04-15 09:32:44.200,3739.0000,41714,0,470052420.000,0,-,-,-,-,3737.8000,3737.6000,3737.0000,3736.8000,3736.6000,3739.2000,3739.8000,3740.0000,3740.4000,3740.6000,1,1,2,1,1,2,12,8,1,2
SF,IF2006,2020-04-15 09:32:44.700,3739.0000,41715,1,472295820.000,2,1,1,空开,S,3738.0000,3737.8000,3737.6000,3737.0000,3736.8000,3739.2000,3739.8000,3740.0000,3740.4000,3740.6000,1,1,1,2,1,1,12,8,1,2
SF,IF2006,2020-04-15 09:32:45.200,3739.0000,41715,0,472295820.000,0,-,-,-,-,3738.2000,3737.8000,3737.6000,3737.0000,3736.8000,3739.0000,3739.2000,3739.8000,3740.0000,3740.4000,1,1,1,2,1,1,1,12,8,1
SF,IF2006,2020-04-15 09:32:45.700,3739.0000,41715,0,473417520.000,1,0,1,多换,S,3737.8000,3737.6000,3737.0000,3736.8000,3736.6000,3739.0000,3739.2000,3739.8000,3740.0000,3740.4000,1,1,2,1,1,1,1,12,8,1
SF,IF2006,2020-04-15 09:32:46.200,3739.0000,41715,0,473417520.000,0,-,-,-,-,3738.0000,3737.8000,3737.6000,3737.0000,3736.8000,3738.8000,3739.0000,3739.2000,3739.8000,3740.0000,1,1,1,2,1,1,2,1,11,8
SF,IF2006,2020-04-15 09:32:46.700,3739.0000,41715,0,473417520.000,0,-,-,-,-,3738.2000,3737.8000,3737.6000,3737.0000,3736.8000,3738.8000,3739.0000,3739.2000,3739.8000,3740.0000,1,1,1,2,1,2,1,1,7,8
SF,IF2006,2020-04-15 09:32:47.200,3739.0000,41715,0,474539220.000,1,0,1,多换,S,3737.8000,3737.6000,3737.0000,3736.8000,3736.6000,3738.8000,3739.2000,3739.8000,3740.0000,3740.4000,1,1,2,1,1,1,1,7,8,1
SF,IF2006,2020-04-15 09:32:47.700,3738.0000,41714,-1,475660620.000,1,0,1,双平,S,3738.0000,3737.8000,3737.6000,3737.0000,3736.8000,3738.8000,3739.2000,3739.8000,3740.0000,3740.4000,1,1,1,2,1,1,1,8,8,1
SF,IF2006,2020-04-15 09:32:48.200,3738.0000,41714,0,475660620.000,0,-,-,-,-,3737.8000,3737.6000,3737.0000,3736.8000,3736.6000,3738.8000,3739.2000,3739.8000,3740.0000,3740.4000,1,1,2,1,1,2,1,8,8,1
SF,IF2006,2020-04-15 09:32:48.700,3738.0000,41714,0,475660620.000,0,-,-,-,-,3737.8000,3737.6000,3737.0000,3736.8000,3736.6000,3738.6000,3739.2000,3739.8000,3740.0000,3740.4000,1,1,2,1,1,2,1,8,8,1
SF,IF2006,2020-04-15 09:32:49.200,3738.0000,41714,0,475660620.000,0,-,-,-,-,3738.0000,3737.6000,3737.0000,3736.8000,3736.6000,3738.4000,3738.6000,3738.8000,3739.2000,3739.8000,4,1,2,1,1,2,2,1,1,3
SF,IF2006,2020-04-15 09:32:51.200,3738.0000,41716,2,480146220.000,4,3,1,空开,S,3737.8000,3737.6000,3737.0000,3736.8000,3736.6000,3738.4000,3738.6000,3738.8000,3739.2000,3739.8000,1,1,2,1,1,2,2,1,1,3
SF,IF2006,2020-04-15 09:32:51.700,3738.0000,41716,0,480146220.000,0,-,-,-,-,3737.8000,3737.6000,3737.0000,3736.8000,3736.6000,3738.4000,3738.6000,3738.8000,3739.2000,3739.8000,1,1,2,1,1,2,2,1,1,3
SF,IF2006,2020-04-15 09:32:52.200,3738.0000,41716,0,480146220.000,0,-,-,-,-,3737.8000,3737.6000,3737.0000,3736.8000,3736.6000,3738.2000,3738.4000,3738.6000,3738.8000,3739.2000,1,1,2,1,1,1,1,2,1,1
SF,IF2006,2020-04-15 09:32:52.700,3737.8000,41716,0,481267560.000,1,0,1,多换,S,3737.6000,3737.0000,3736.8000,3736.6000,3736.4000,3738.2000,3738.4000,3738.6000,3738.8000,3739.8000,1,2,1,1,1,1,1,2,1,3
SF,IF2006,2020-04-15 09:32:53.200,3737.6000,41715,-1,482388840.000,1,0,1,双平,S,3737.0000,3736.8000,3736.6000,3736.4000,3736.0000,3738.2000,3738.6000,3738.8000,3739.8000,3740.0000,2,1,1,1,9,2,2,1,3,7
SF,IF2006,2020-04-15 09:32:53.700,3737.6000,41715,0,482388840.000,0,-,-,-,-,3737.2000,3737.0000,3736.8000,3736.6000,3736.4000,3738.2000,3738.6000,3738.8000,3739.8000,3740.0000,4,2,1,1,1,2,1,1,3,7
SF,IF2006,2020-04-15 09:32:54.200,3737.6000,41715,0,482388840.000,0,-,-,-,-,3738.0000,3737.6000,3737.2000,3737.0000,3736.8000,3738.2000,3738.6000,3738.8000,3739.8000,3740.0000,1,1,4,2,1,2,1,1,3,7
SF,IF2006,2020-04-15 09:32:54.700,3737.6000,41715,0,482388840.000,0,-,-,-,-,3738.0000,3737.6000,3737.2000,3737.0000,3736.8000,3738.2000,3738.6000,3738.8000,3739.8000,3740.0000,1,1,2,2,1,2,1,1,3,7
SF,IF2006,2020-04-15 09:32:55.200,3738.0000,41714,-1,483510240.000,1,0,1,双平,S,3737.6000,3737.2000,3737.0000,3736.8000,3736.6000,3738.2000,3738.6000,3738.8000,3739.8000,3740.0000,1,2,2,1,1,2,1,1,3,7
SF,IF2006,2020-04-15 09:32:56.700,3738.2000,41713,-1,485753160.000,2,0,2,多平,S,3737.8000,3737.6000,3737.2000,3737.0000,3736.8000,3738.6000,3738.8000,3739.8000,3740.0000,3740.4000,1,1,2,2,1,1,1,3,7,1
SF,IF2006,2020-04-15 09:32:57.200,3738.0000,41712,-1,486874560.000,1,0,1,双平,S,3737.8000,3737.6000,3737.2000,3737.0000,3736.8000,3738.8000,3739.8000,3740.0000,3740.4000,3740.6000,2,1,2,2,1,1,3,7,1,2
SF,IF2006,2020-04-15 09:32:57.700,3738.0000,41712,0,486874560.000,0,-,-,-,-,3738.0000,3737.8000,3737.6000,3737.2000,3737.0000,3738.6000,3738.8000,3739.8000,3740.0000,3740.4000,1,2,1,1,2,3,1,3,7,1
SF,IF2006,2020-04-15 09:32:58.200,3738.0000,41712,0,486874560.000,0,-,-,-,-,3738.0000,3737.8000,3737.6000,3737.2000,3737.0000,3738.8000,3739.8000,3740.0000,3740.4000,3740.6000,1,2,1,1,2,1,3,7,1,2
SF,IF2006,2020-04-15 09:32:58.700,3738.0000,41712,0,486874560.000,0,-,-,-,-,3738.2000,3738.0000,3737.6000,3737.2000,3737.0000,3738.8000,3739.8000,3740.0000,3740.4000,3740.6000,1,3,1,1,2,1,3,7,1,2
SF,IF2006,2020-04-15 09:32:59.200,3738.8000,41711,-1,487996200.000,1,0,1,双平,S,3738.4000,3738.0000,3737.6000,3737.0000,3736.8000,3739.8000,3740.0000,3740.4000,3740.6000,3740.8000,1,3,2,2,1,3,7,1,2,1
SF,IF2006,2020-04-15 09:32:59.700,3738.0000,41709,-2,491360640.000,3,0,3,多平,S,3737.6000,3737.0000,3736.8000,3736.6000,3736.4000,3738.0000,3739.4000,3739.6000,3739.8000,3740.0000,2,2,3,1,1,5,5,5,3,8
SF,IF2006,2020-04-15 09:33:00.200,3738.0000,41704,-5,496967640.000,5,0,5,双平,S,3738.4000,3738.0000,3737.8000,3737.6000,3737.0000,3739.8000,3740.0000,3740.4000,3740.6000,3740.8000,2,5,5,2,2,3,7,1,2,1
SF,IF2006,2020-04-15 09:33:00.700,3738.0000,41704,0,496967640.000,0,-,-,-,-,3738.0000,3737.8000,3737.6000,3737.0000,3736.8000,3739.4000,3739.6000,3739.8000,3740.0000,3740.4000,4,4,2,2,3,5,2,3,8,1
SF,IF2006,2020-04-15 09:33:01.200,3738.0000,41704,0,496967640.000,0,-,-,-,-,3738.2000,3738.0000,3737.8000,3737.6000,3737.0000,3739.2000,3739.6000,3739.8000,3740.0000,3740.4000,2,2,1,2,2,3,1,3,8,1
SF,IF2006,2020-04-15 09:33:01.700,3738.0000,41704,0,496967640.000,0,-,-,-,-,3738.2000,3738.0000,3737.8000,3737.6000,3737.0000,3739.2000,3739.6000,3739.8000,3740.0000,3740.4000,2,7,1,2,2,3,1,3,8,1
SF,IF2006,2020-04-15 09:33:02.200,3738.0000,41704,0,496967640.000,0,-,-,-,-,3738.2000,3738.0000,3737.8000,3737.6000,3737.0000,3739.2000,3739.6000,3739.8000,3740.0000,3740.4000,2,7,1,2,2,4,1,3,7,1
SF,IF2006,2020-04-15 09:33:02.700,3738.6000,41701,-3,500332380.000,3,0,3,双平,S,3738.2000,3738.0000,3737.8000,3737.6000,3737.0000,3739.2000,3739.6000,3739.8000,3740.0000,3740.4000,2,8,1,2,2,3,1,3,7,1
SF,IF2006,2020-04-15 09:33:03.200,3738.6000,41701,0,500332380.000,0,-,-,-,-,3738.2000,3738.0000,3737.8000,3737.6000,3737.0000,3739.2000,3739.6000,3739.8000,3740.0000,3740.4000,2,8,1,2,2,3,1,3,7,1
SF,IF2006,2020-04-15 09:33:03.700,3739.2000,41698,-3,503697420.000,3,0,3,双平,S,3739.2000,3738.4000,3738.2000,3738.0000,3737.8000,3739.6000,3739.8000,3740.0000,3740.4000,3740.6000,5,1,2,8,1,1,3,7,1,2
SF,IF2006,2020-04-15 09:33:04.200,3739.2000,41694,-4,508184460.000,4,0,4,双平,S,3739.2000,3738.4000,3738.2000,3738.0000,3737.8000,3739.8000,3740.0000,3740.4000,3740.6000,3740.8000,1,1,1,8,1,3,6,1,2,1
SF,IF2006,2020-04-15 09:33:04.700,3739.2000,41694,0,508184460.000,0,-,-,-,-,3739.2000,3738.4000,3738.2000,3738.0000,3737.8000,3739.8000,3740.0000,3740.4000,3740.6000,3740.8000,1,1,1,8,1,3,6,1,2,1
SF,IF2006,2020-04-15 09:33:05.200,3739.2000,41693,-1,509306220.000,1,0,1,双平,S,3738.4000,3738.2000,3738.0000,3737.8000,3737.6000,3739.8000,3740.0000,3740.4000,3740.6000,3740.8000,1,1,8,1,1,2,6,1,2,1
SF,IF2006,2020-04-15 09:33:05.700,3739.2000,41693,0,509306220.000,0,-,-,-,-,3738.6000,3738.4000,3738.2000,3738.0000,3737.8000,3739.8000,3740.0000,3740.4000,3740.6000,3740.8000,2,1,1,8,1,2,6,1,2,1
SF,IF2006,2020-04-15 09:33:06.200,3739.2000,41693,0,509306220.000,0,-,-,-,-,3738.8000,3738.6000,3738.4000,3738.2000,3738.0000,3739.6000,3739.8000,3740.0000,3740.4000,3740.6000,1,2,1,1,7,3,2,6,1,2
SF,IF2006,2020-04-15 09:33:06.700,3739.2000,41693,0,509306220.000,0,-,-,-,-,3738.6000,3738.4000,3738.2000,3738.0000,3737.8000,3739.8000,3740.0000,3740.4000,3740.6000,3740.8000,1,1,1,7,1,2,6,1,2,1
SF,IF2006,2020-04-15 09:33:07.200,3739.2000,41693,0,509306220.000,0,-,-,-,-,3738.8000,3738.6000,3738.4000,3738.2000,3738.0000,3739.6000,3739.8000,3740.0000,3740.4000,3740.6000,2,1,1,1,7,3,2,6,1,2
SF,IF2006,2020-04-15 09:33:07.700,3739.2000,41693,0,509306220.000,0,-,-,-,-,3738.8000,3738.6000,3738.4000,3738.2000,3738.0000,3739.8000,3740.0000,3740.2000,3740.4000,3740.6000,1,1,1,1,7,2,6,1,1,2
SF,IF2006,2020-04-15 09:33:08.200,3739.2000,41693,0,509306220.000,0,-,-,-,-,3738.4000,3738.2000,3738.0000,3737.8000,3737.6000,3739.4000,3739.6000,3739.8000,3740.0000,3740.2000,1,1,7,1,1,5,5,3,7,1
SF,IF2006,2020-04-15 09:33:08.700,3739.2000,41693,0,509306220.000,0,-,-,-,-,3738.2000,3738.0000,3737.8000,3737.6000,3737.0000,3739.0000,3739.2000,3739.4000,3739.6000,3739.8000,1,7,1,1,2,5,1,6,5,3
SF,IF2006,2020-04-15 09:33:09.200,3739.2000,41693,0,509306220.000,0,-,-,-,-,3738.4000,3738.2000,3738.0000,3737.8000,3737.6000,3738.8000,3739.2000,3739.4000,3739.6000,3739.8000,1,1,7,1,1,3,1,6,3,3
SF,IF2006,2020-04-15 09:33:09.700,3739.2000,41692,-1,510427980.000,1,0,1,双平,S,3738.2000,3738.0000,3737.8000,3737.6000,3737.0000,3738.8000,3739.2000,3739.4000,3739.6000,3739.8000,1,7,1,1,2,2,1,6,3,3
SF,IF2006,2020-04-15 09:33:10.200,3738.8000,41691,-1,511549620.000,1,0,1,双平,S,3738.4000,3738.2000,3738.0000,3737.8000,3737.6000,3738.8000,3739.2000,3739.4000,3739.6000,3739.8000,1,1,7,1,1,1,1,6,3,3
SF,IF2006,2020-04-15 09:33:10.700,3739.2000,41689,-2,513793020.000,2,0,2,双平,S,3738.8000,3738.2000,3738.0000,3737.8000,3737.6000,3739.4000,3739.6000,3739.8000,3740.0000,3740.2000,1,1,7,1,1,6,3,3,6,1
SF,IF2006,2020-04-15 09:33:11.200,3739.4000,41685,-4,518280300.000,4,0,4,双平,S,3738.8000,3738.2000,3738.0000,3737.6000,3737.0000,3739.2000,3739.4000,3739.6000,3739.8000,3740.0000,2,1,7,1,2,3,1,3,3,6
SF,IF2006,2020-04-15 09:33:11.700,3739.2000,41682,-3,521645580.000,3,0,3,双平,S,3739.2000,3739.0000,3738.8000,3738.2000,3738.0000,3739.8000,3740.0000,3740.2000,3740.4000,3740.6000,2,2,1,1,7,2,6,1,1,1
SF,IF2006,2020-04-15 09:33:12.200,3739.2000,41682,0,521645580.000,0,-,-,-,-,3739.2000,3739.0000,3738.8000,3738.2000,3738.0000,3739.8000,3740.0000,3740.2000,3740.4000,3740.6000,1,1,3,1,7,2,6,1,1,1
SF,IF2006,2020-04-15 09:33:12.700,3739.2000,41680,-2,525010860.000,3,0,3,多平,S,3739.2000,3739.0000,3738.8000,3738.2000,3738.0000,3739.8000,3740.0000,3740.2000,3740.4000,3740.6000,1,1,3,1,7,2,6,1,1,1
SF,IF2006,2020-04-15 09:33:13.200,3739.2000,41680,0,525010860.000,0,-,-,-,-,3739.2000,3739.0000,3738.8000,3738.2000,3738.0000,3739.8000,3740.0000,3740.2000,3740.4000,3740.6000,1,1,3,1,7,2,5,1,1,1
SF,IF2006,2020-04-15 09:33:13.700,3739.8000,41679,-1,526132800.000,1,0,1,双平,S,3739.2000,3739.0000,3738.8000,3738.2000,3738.0000,3739.8000,3740.0000,3740.2000,3740.4000,3740.6000,1,2,3,1,7,1,5,1,1,1
SF,IF2006,2020-04-15 09:33:14.200,3739.8000,41678,-1,527254740.000,1,0,1,双平,S,3739.4000,3739.2000,3739.0000,3738.8000,3738.2000,3740.0000,3740.2000,3740.4000,3741.0000,3741.4000,1,1,2,3,1,3,1,1,1,1
SF,IF2006,2020-04-15 09:33:14.700,3739.8000,41678,0,527254740.000,0,-,-,-,-,3739.2000,3739.0000,3738.8000,3738.2000,3738.0000,3740.0000,3740.2000,3740.4000,3741.0000,3741.4000,1,2,1,1,7,3,1,1,1,1
SF,IF2006,2020-04-15 09:33:15.200,3739.8000,41678,0,527254740.000,0,-,-,-,-,3739.4000,3739.2000,3739.0000,3738.8000,3738.2000,3740.0000,3740.2000,3740.4000,3741.0000,3741.4000,1,1,2,1,1,3,1,1,1,1
SF,IF2006,2020-04-15 09:33:15.700,3739.8000,41678,0,527254740.000,0,-,-,-,-,3739.4000,3739.2000,3739.0000,3738.8000,3738.2000,3740.0000,3740.2000,3740.4000,3741.0000,3741.4000,1,1,2,1,1,3,1,1,1,1
SF,IF2006,2020-04-15 09:33:16.200,3740.0000,41679,1,528376740.000,1,1,0,双开,S,3739.4000,3739.2000,3739.0000,3738.8000,3738.2000,3740.0000,3740.2000,3740.4000,3741.0000,3741.4000,1,1,2,1,2,4,1,1,1,1
SF,IF2006,2020-04-15 09:33:16.700,3740.0000,41679,0,529498740.000,1,0,1,多换,S,3739.4000,3739.2000,3739.0000,3738.8000,3738.2000,3740.0000,3740.2000,3740.4000,3741.0000,3741.4000,3,1,2,1,2,1,1,1,1,1
SF,IF2006,2020-04-15 09:33:17.200,3740.0000,41679,0,530620740.000,1,0,1,多换,S,3739.4000,3739.2000,3739.0000,3738.8000,3738.2000,3740.2000,3740.4000,3741.0000,3741.4000,3742.0000,4,1,2,1,2,1,1,1,1,5
SF,IF2006,2020-04-15 09:33:18.200,3740.0000,41679,0,530620740.000,0,-,-,-,-,3739.4000,3739.2000,3739.0000,3738.8000,3738.2000,3740.2000,3740.4000,3741.0000,3741.4000,3742.0000,5,1,2,1,2,1,1,1,1,5
SF,IF2006,2020-04-15 09:33:18.700,3740.2000,41678,-1,531742800.000,1,0,1,双平,S,3739.6000,3739.4000,3739.2000,3739.0000,3738.8000,3740.4000,3741.0000,3741.4000,3742.0000,3742.2000,1,5,1,2,1,1,1,1,5,2
SF,IF2006,2020-04-15 09:33:19.200,3740.2000,41678,0,531742800.000,0,-,-,-,-,3739.6000,3739.4000,3739.2000,3739.0000,3738.8000,3740.4000,3741.0000,3741.4000,3742.0000,3742.2000,3,5,1,2,1,1,1,1,5,2
SF,IF2006,2020-04-15 09:33:19.700,3740.2000,41678,0,531742800.000,0,-,-,-,-,3739.6000,3739.4000,3739.2000,3739.0000,3738.8000,3740.4000,3741.0000,3741.4000,3742.0000,3742.2000,3,5,1,2,1,1,1,1,5,2
SF,IF2006,2020-04-15 09:33:20.200,3740.2000,41678,0,531742800.000,0,-,-,-,-,3739.6000,3739.4000,3739.2000,3739.0000,3738.8000,3740.0000,3740.4000,3741.0000,3741.4000,3742.0000,3,3,1,2,1,1,2,1,1,5
SF,IF2006,2020-04-15 09:33:20.700,3740.2000,41678,0,531742800.000,0,-,-,-,-,3739.6000,3739.4000,3739.0000,3738.8000,3738.2000,3740.4000,3741.0000,3741.4000,3742.0000,3742.2000,3,3,2,1,2,1,1,1,5,2
SF,IF2006,2020-04-15 09:33:21.200,3739.4000,41673,-5,538473900.000,6,0,6,多平,S,3739.0000,3738.8000,3738.2000,3738.0000,3737.6000,3739.6000,3740.2000,3740.4000,3741.0000,3741.4000,2,1,2,7,1,3,2,1,1,1
SF,IF2006,2020-04-15 09:33:21.700,3739.0000,41672,-1,539595600.000,1,0,1,双平,S,3738.8000,3738.2000,3738.0000,3737.6000,3737.0000,3739.2000,3739.4000,3739.6000,3740.2000,3740.4000,1,2,7,1,4,1,2,3,2,1
SF,IF2006,2020-04-15 09:33:22.200,3739.0000,41672,0,539595600.000,0,-,-,-,-,3738.8000,3738.2000,3738.0000,3737.6000,3737.0000,3739.2000,3739.4000,3739.6000,3740.2000,3740.4000,1,2,7,1,4,1,1,3,2,1
SF,IF2006,2020-04-15 09:33:22.700,3739.0000,41672,0,539595600.000,0,-,-,-,-,3738.8000,3738.2000,3738.0000,3737.6000,3737.0000,3739.2000,3739.4000,3739.6000,3740.2000,3740.4000,1,2,7,1,4,1,1,3,2,1
SF,IF2006,2020-04-15 09:33:23.200,3739.0000,41672,0,539595600.000,0,-,-,-,-,3738.8000,3738.2000,3738.0000,3737.6000,3737.0000,3739.2000,3739.4000,3739.6000,3740.2000,3740.4000,1,2,7,1,4,1,1,3,2,1
SF,IF2006,2020-04-15 09:33:23.700,3739.0000,41672,0,539595600.000,0,-,-,-,-,3738.8000,3738.2000,3738.0000,3737.6000,3737.0000,3739.0000,3739.2000,3739.4000,3739.6000,3740.2000,1,2,7,1,4,5,2,1,3,2
SF,IF2006,2020-04-15 09:33:24.200,3738.8000,41672,0,540717240.000,1,0,1,多换,S,3738.2000,3738.0000,3737.6000,3737.0000,3736.8000,3738.8000,3739.2000,3739.4000,3739.6000,3740.2000,2,7,1,4,3,2,2,1,3,2
SF,IF2006,2020-04-15 09:33:24.700,3738.8000,41672,0,540717240.000,0,-,-,-,-,3738.2000,3738.0000,3737.6000,3737.0000,3736.8000,3739.2000,3739.6000,3740.2000,3740.4000,3740.8000,2,7,1,4,3,2,3,1,1,1
SF,IF2006,2020-04-15 09:33:25.200,3738.8000,41672,0,540717240.000,0,-,-,-,-,3738.2000,3738.0000,3737.6000,3737.0000,3736.8000,3739.0000,3739.2000,3739.6000,3740.2000,3740.4000,2,7,1,4,3,2,1,3,1,1
SF,IF2006,2020-04-15 09:33:25.700,3738.8000,41672,0,540717240.000,0,-,-,-,-,3738.2000,3738.0000,3737.6000,3737.0000,3736.8000,3739.2000,3739.6000,3740.2000,3740.4000,3740.8000,2,7,1,4,3,1,3,1,1,1
SF,IF2006,2020-04-15 09:33:26.200,3738.8000,41672,0,540717240.000,0,-,-,-,-,3738.2000,3738.0000,3737.6000,3737.0000,3736.8000,3738.8000,3739.0000,3739.2000,3739.6000,3740.2000,2,7,1,4,3,3,2,2,3,1
SF,IF2006,2020-04-15 09:33:26.700,3738.8000,41672,0,540717240.000,0,-,-,-,-,3738.2000,3738.0000,3737.6000,3737.0000,3736.8000,3738.4000,3738.6000,3738.8000,3739.0000,3739.2000,2,7,1,4,3,3,2,3,2,1
SF,IF2006,2020-04-15 09:33:27.200,3738.4000,41670,-2,544081680.000,3,0,3,多平,S,3738.0000,3737.6000,3737.0000,3736.8000,3736.6000,3738.4000,3738.6000,3738.8000,3739.0000,3739.2000,7,1,4,3,3,2,1,3,2,1
SF,IF2006,2020-04-15 09:33:27.700,3738.4000,41670,0,544081680.000,0,-,-,-,-,3738.0000,3737.6000,3737.0000,3736.8000,3736.6000,3738.2000,3738.4000,3738.6000,3738.8000,3739.0000,7,1,4,3,3,4,2,1,3,2
SF,IF2006,2020-04-15 09:33:28.200,3738.0000,41670,0,550810080.000,6,3,3,多换,S,3738.0000,3737.6000,3737.0000,3736.8000,3736.6000,3738.2000,3738.4000,3738.6000,3738.8000,3739.0000,1,1,4,3,3,4,2,1,5,2
SF,IF2006,2020-04-15 09:33:28.700,3738.0000,41669,-1,551931480.000,1,0,1,双平,S,3737.6000,3737.0000,3736.8000,3736.6000,3736.4000,3738.0000,3738.2000,3738.6000,3738.8000,3739.0000,1,4,3,3,3,2,4,1,5,2
SF,IF2006,2020-04-15 09:33:29.200,3737.6000,41669,0,553052760.000,1,0,1,多换,S,3737.0000,3736.8000,3736.6000,3736.4000,3736.2000,3738.0000,3738.2000,3738.6000,3738.8000,3739.0000,4,3,3,3,2,1,4,1,5,2
SF,IF2006,2020-04-15 09:33:29.700,3738.0000,41669,0,554174160.000,1,0,1,多换,S,3737.0000,3736.8000,3736.6000,3736.4000,3736.2000,3738.0000,3738.2000,3738.8000,3739.0000,3739.2000,4,3,3,3,2,2,4,5,2,1
SF,IF2006,2020-04-15 09:33:30.200,3738.0000,41669,0,554174160.000,0,-,-,-,-,3737.0000,3736.8000,3736.6000,3736.4000,3736.2000,3738.0000,3738.2000,3738.8000,3739.0000,3739.2000,4,3,3,3,2,5,4,5,2,1
SF,IF2006,2020-04-15 09:33:30.700,3738.0000,41669,0,554174160.000,0,-,-,-,-,3737.0000,3736.8000,3736.6000,3736.4000,3736.2000,3737.8000,3738.0000,3738.2000,3738.8000,3739.2000,4,3,3,3,2,3,5,4,5,1
SF,IF2006,2020-04-15 09:33:31.200,3738.0000,41669,0,554174160.000,0,-,-,-,-,3737.0000,3736.8000,3736.6000,3736.4000,3736.2000,3737.6000,3737.8000,3738.0000,3738.2000,3738.8000,4,3,3,3,2,4,2,4,4,5
SF,IF2006,2020-04-15 09:33:31.700,3738.0000,41669,0,554174160.000,0,-,-,-,-,3737.0000,3736.8000,3736.6000,3736.4000,3736.2000,3737.4000,3737.6000,3737.8000,3738.0000,3738.2000,4,3,3,3,2,1,3,2,4,4
SF,IF2006,2020-04-15 09:33:32.200,3737.0000,41667,-2,556416480.000,2,0,2,双平,S,3737.0000,3736.8000,3736.6000,3736.4000,3736.2000,3737.2000,3737.6000,3737.8000,3738.0000,3738.2000,3,3,3,3,2,1,3,2,4,4
SF,IF2006,2020-04-15 09:33:32.700,3737.0000,41667,0,558658740.000,2,1,1,多换,S,3737.0000,3736.8000,3736.6000,3736.4000,3736.2000,3737.6000,3737.8000,3738.0000,3738.2000,3738.8000,2,2,3,3,2,2,2,4,4,2
SF,IF2006,2020-04-15 09:33:33.200,3737.6000,41665,-2,560901300.000,2,0,2,双平,S,3737.0000,3736.8000,3736.6000,3736.4000,3736.2000,3737.8000,3738.0000,3738.2000,3738.8000,3739.2000,2,2,3,3,2,1,4,4,2,1
SF,IF2006,2020-04-15 09:33:33.700,3737.6000,41665,0,560901300.000,0,-,-,-,-,3737.4000,3737.2000,3737.0000,3736.8000,3736.6000,3738.0000,3738.2000,3738.8000,3739.2000,3739.6000,1,3,2,2,3,4,4,2,1,5
SF,IF2006,2020-04-15 09:33:34.200,3737.6000,41665,0,560901300.000,0,-,-,-,-,3737.4000,3737.2000,3737.0000,3736.8000,3736.6000,3738.0000,3738.2000,3738.8000,3739.2000,3739.6000,1,3,2,2,3,4,4,2,1,5
SF,IF2006,2020-04-15 09:33:34.700,3737.6000,41664,-1,562022580.000,1,0,1,双平,S,3737.4000,3737.2000,3737.0000,3736.8000,3736.6000,3738.0000,3738.2000,3738.8000,3739.2000,3739.6000,1,3,3,2,3,4,4,2,1,5
SF,IF2006,2020-04-15 09:33:35.200,3737.6000,41664,0,562022580.000,0,-,-,-,-,3737.4000,3737.2000,3737.0000,3736.8000,3736.6000,3738.0000,3738.2000,3738.8000,3739.2000,3739.6000,1,2,3,2,3,4,4,2,1,5
SF,IF2006,2020-04-15 09:33:35.700,3737.6000,41664,0,562022580.000,0,-,-,-,-,3737.4000,3737.2000,3737.0000,3736.8000,3736.6000,3738.0000,3738.2000,3738.8000,3739.2000,3739.6000,1,1,2,2,3,4,4,2,1,5
SF,IF2006,2020-04-15 09:33:36.200,3737.6000,41664,0,562022580.000,0,-,-,-,-,3737.4000,3737.2000,3737.0000,3736.8000,3736.6000,3738.0000,3738.2000,3738.8000,3739.2000,3739.6000,1,1,2,2,3,4,4,2,1,5
SF,IF2006,2020-04-15 09:33:37.200,3737.6000,41664,0,562022580.000,0,-,-,-,-,3737.4000,3737.2000,3737.0000,3736.8000,3736.6000,3738.0000,3738.2000,3738.8000,3739.2000,3739.6000,1,2,2,2,4,4,4,2,1,5
SF,IF2006,2020-04-15 09:33:37.700,3737.6000,41664,0,562022580.000,0,-,-,-,-,3737.4000,3737.2000,3737.0000,3736.8000,3736.6000,3738.0000,3738.8000,3739.2000,3739.6000,3740.2000,1,2,2,2,4,3,2,1,5,1
SF,IF2006,2020-04-15 09:33:38.200,3737.6000,41664,0,562022580.000,0,-,-,-,-,3737.4000,3737.2000,3737.0000,3736.8000,3736.6000,3737.8000,3738.0000,3738.8000,3739.2000,3739.6000,1,2,4,2,4,4,3,2,1,5
SF,IF2006,2020-04-15 09:33:38.700,3737.6000,41664,0,562022580.000,0,-,-,-,-,3737.4000,3737.2000,3737.0000,3736.8000,3736.6000,3737.8000,3738.0000,3738.8000,3739.2000,3739.6000,1,3,4,2,4,4,3,2,1,5
SF,IF2006,2020-04-15 09:33:39.200,3737.4000,41663,-1,563143800.000,1,0,1,双平,S,3737.2000,3737.0000,3736.8000,3736.6000,3736.4000,3737.4000,3737.8000,3738.0000,3738.8000,3739.2000,3,4,2,4,3,2,4,3,2,1
SF,IF2006,2020-04-15 09:33:39.700,3737.8000,41661,-2,566507580.000,3,0,3,多平,S,3737.2000,3737.0000,3736.8000,3736.6000,3736.4000,3737.8000,3738.0000,3738.8000,3739.2000,3739.6000,3,4,2,4,3,3,3,2,1,5
SF,IF2006,2020-04-15 09:33:40.200,3737.8000,41661,0,567628920.000,1,0,1,多换,S,3737.2000,3737.0000,3736.8000,3736.6000,3736.4000,3737.8000,3738.0000,3738.8000,3739.2000,3739.6000,3,4,2,4,3,2,3,2,1,5
SF,IF2006,2020-04-15 09:33:40.700,3737.8000,41661,0,567628920.000,0,-,-,-,-,3737.4000,3737.2000,3737.0000,3736.8000,3736.6000,3737.8000,3738.0000,3738.8000,3739.2000,3739.6000,1,3,4,2,4,2,3,2,1,5
SF,IF2006,2020-04-15 09:33:41.200,3737.4000,41660,-1,568750140.000,1,0,1,双平,S,3737.4000,3737.2000,3737.0000,3736.8000,3736.6000,3737.8000,3738.0000,3738.8000,3739.2000,3739.6000,1,3,4,2,4,2,3,2,1,5
SF,IF2006,2020-04-15 09:33:42.700,3737.4000,41660,0,568750140.000,0,-,-,-,-,3737.4000,3737.2000,3737.0000,3736.8000,3736.6000,3737.8000,3738.0000,3738.8000,3739.2000,3739.6000,1,3,5,2,4,2,3,2,1,5
SF,IF2006,2020-04-15 09:33:43.700,3737.4000,41660,0,568750140.000,0,-,-,-,-,3737.4000,3737.2000,3737.0000,3736.8000,3736.6000,3737.8000,3738.0000,3738.8000,3739.2000,3739.6000,1,3,5,2,4,2,3,2,1,5
SF,IF2006,2020-04-15 09:33:44.200,3737.4000,41660,0,568750140.000,0,-,-,-,-,3737.4000,3737.2000,3737.0000,3736.8000,3736.6000,3737.8000,3738.0000,3738.8000,3739.2000,3739.6000,1,3,5,2,4,2,3,2,1,5
SF,IF2006,2020-04-15 09:33:45.200,3737.4000,41660,0,569871360.000,1,0,1,多换,S,3737.2000,3737.0000,3736.8000,3736.6000,3736.4000,3737.4000,3737.8000,3738.0000,3738.8000,3739.2000,3,5,2,4,3,1,2,3,2,1
SF,IF2006,2020-04-15 09:33:45.700,3737.2000,41660,0,572113680.000,2,1,1,多换,S,3737.0000,3736.8000,3736.6000,3736.4000,3736.2000,3737.4000,3737.8000,3738.0000,3738.8000,3739.2000,5,2,4,3,2,1,2,3,2,1
SF,IF2006,2020-04-15 09:33:46.200,3737.2000,41660,0,572113680.000,0,-,-,-,-,3737.0000,3736.8000,3736.6000,3736.4000,3736.2000,3737.4000,3737.8000,3738.0000,3738.8000,3739.2000,5,2,4,3,2,1,2,3,2,1
SF,IF2006,2020-04-15 09:33:46.700,3737.2000,41660,0,572113680.000,0,-,-,-,-,3737.2000,3737.0000,3736.8000,3736.6000,3736.4000,3737.4000,3737.8000,3738.0000,3738.8000,3739.2000,1,5,2,4,3,3,2,3,2,1
SF,IF2006,2020-04-15 09:33:47.200,3737.2000,41659,-1,573234840.000,1,0,1,双平,S,3737.0000,3736.8000,3736.6000,3736.4000,3736.2000,3737.4000,3737.8000,3738.0000,3738.8000,3739.2000,5,2,4,3,2,3,2,3,2,1
SF,IF2006,2020-04-15 09:33:47.700,3737.0000,41659,0,574355940.000,1,0,1,多换,S,3737.0000,3736.8000,3736.6000,3736.4000,3736.2000,3737.4000,3737.8000,3738.0000,3738.8000,3739.2000,4,2,4,3,2,3,2,3,2,1
SF,IF2006,2020-04-15 09:33:49.200,3737.0000,41660,1,575477040.000,1,1,0,双开,S,3737.0000,3736.8000,3736.6000,3736.4000,3736.2000,3737.4000,3737.8000,3738.0000,3738.8000,3739.2000,3,2,4,3,2,3,2,3,2,1
SF,IF2006,2020-04-15 09:33:49.700,3737.0000,41660,0,575477040.000,0,-,-,-,-,3737.0000,3736.8000,3736.6000,3736.4000,3736.2000,3737.2000,3737.4000,3737.8000,3738.0000,3738.8000,3,2,4,3,2,1,3,2,3,2
SF,IF2006,2020-04-15 09:33:50.700,3737.0000,41657,-3,581082540.000,5,1,4,多平,S,3736.8000,3736.6000,3736.4000,3736.2000,3736.0000,3737.2000,3737.4000,3737.8000,3738.0000,3738.8000,2,4,3,2,10,1,3,2,3,2
SF,IF2006,2020-04-15 09:33:51.200,3737.4000,41660,3,585567360.000,4,3,1,空开,S,3736.8000,3736.6000,3736.4000,3736.2000,3736.0000,3737.0000,3737.8000,3738.0000,3738.8000,3739.2000,2,4,3,2,10,1,2,3,2,1
SF,IF2006,2020-04-15 09:33:51.700,3736.8000,41658,-2,588930600.000,3,0,3,多平,S,3736.8000,3736.6000,3736.4000,3736.2000,3736.0000,3738.0000,3738.8000,3739.2000,3739.6000,3740.2000,1,4,3,2,10,3,2,1,5,1
SF,IF2006,2020-04-15 09:33:52.200,3736.8000,41658,0,588930600.000,0,-,-,-,-,3736.8000,3736.6000,3736.4000,3736.2000,3736.0000,3737.6000,3737.8000,3738.0000,3738.8000,3739.2000,1,4,3,2,10,5,4,4,2,1
SF,IF2006,2020-04-15 09:33:52.700,3736.8000,41658,0,588930600.000,0,-,-,-,-,3736.8000,3736.6000,3736.4000,3736.2000,3736.0000,3737.8000,3738.0000,3738.8000,3739.2000,3739.6000,1,4,3,2,10,3,4,2,1,5
SF,IF2006,2020-04-15 09:33:53.200,3736.8000,41658,0,588930600.000,0,-,-,-,-,3736.8000,3736.6000,3736.4000,3736.2000,3736.0000,3737.6000,3737.8000,3738.0000,3738.8000,3739.2000,1,4,3,2,10,2,3,4,2,1
SF,IF2006,2020-04-15 09:33:53.700,3736.8000,41658,0,590051640.000,1,0,1,多换,S,3736.6000,3736.4000,3736.2000,3736.0000,3735.8000,3737.8000,3738.0000,3738.8000,3739.2000,3739.6000,4,3,2,10,3,3,4,2,1,5
SF,IF2006,2020-04-15 09:33:54.200,3736.8000,41658,0,590051640.000,0,-,-,-,-,3736.6000,3736.4000,3736.2000,3736.0000,3735.8000,3736.8000,3737.0000,3737.6000,3737.8000,3738.0000,4,3,2,10,3,1,1,2,3,4
SF,IF2006,2020-04-15 09:33:54.700,3736.8000,41657,-1,591172680.000,1,0,1,双平,S,3736.6000,3736.4000,3736.2000,3736.0000,3735.8000,3737.0000,3737.6000,3737.8000,3738.0000,3738.8000,4,3,2,10,3,1,1,3,4,2
SF,IF2006,2020-04-15 09:33:55.200,3737.0000,41656,-1,592293780.000,1,0,1,双平,S,3736.6000,3736.4000,3736.2000,3736.0000,3735.8000,3737.6000,3737.8000,3738.0000,3738.8000,3739.2000,4,3,2,10,3,1,3,4,2,1
SF,IF2006,2020-04-15 09:33:55.700,3737.0000,41656,0,592293780.000,0,-,-,-,-,3736.8000,3736.6000,3736.4000,3736.2000,3736.0000,3737.6000,3737.8000,3738.0000,3738.8000,3739.2000,3,4,3,2,10,1,3,4,2,1
SF,IF2006,2020-04-15 09:33:56.200,3737.0000,41656,0,592293780.000,0,-,-,-,-,3737.0000,3736.8000,3736.6000,3736.4000,3736.2000,3737.6000,3737.8000,3738.0000,3738.8000,3739.2000,3,1,4,3,2,1,3,4,2,1
SF,IF2006,2020-04-15 09:33:56.700,3737.0000,41655,-1,593414880.000,1,0,1,双平,S,3737.0000,3736.8000,3736.6000,3736.4000,3736.2000,3737.8000,3738.0000,3738.8000,3739.2000,3739.6000,2,1,4,3,2,3,4,2,1,5
SF,IF2006,2020-04-15 09:33:57.200,3736.8000,41654,-1,595657020.000,2,0,2,多平,S,3736.6000,3736.4000,3736.2000,3736.0000,3735.8000,3737.8000,3738.0000,3738.8000,3739.2000,3739.6000,4,3,2,10,3,3,4,2,1,5
SF,IF2006,2020-04-15 09:33:57.700,3736.8000,41654,0,595657020.000,0,-,-,-,-,3736.8000,3736.6000,3736.4000,3736.2000,3736.0000,3737.8000,3738.0000,3738.8000,3739.2000,3739.6000,3,4,3,2,10,4,4,2,1,5
SF,IF2006,2020-04-15 09:33:58.200,3736.8000,41654,0,595657020.000,0,-,-,-,-,3736.8000,3736.6000,3736.4000,3736.2000,3736.0000,3737.8000,3738.0000,3738.8000,3739.2000,3739.6000,3,4,3,2,10,2,4,2,1,5
SF,IF2006,2020-04-15 09:33:58.700,3737.8000,41653,-1,596778360.000,1,0,1,双平,S,3736.8000,3736.6000,3736.4000,3736.2000,3736.0000,3738.0000,3738.8000,3739.2000,3739.6000,3740.2000,3,4,3,2,10,4,2,1,5,1
SF,IF2006,2020-04-15 09:33:59.200,3738.0000,41651,-2,599021160.000,2,0,2,双平,S,3737.0000,3736.8000,3736.6000,3736.4000,3736.2000,3738.0000,3738.8000,3739.2000,3739.6000,3740.2000,5,4,4,3,2,1,2,1,5,1
SF,IF2006,2020-04-15 09:33:59.700,3738.0000,41650,-1,600142560.000,1,0,1,双平,S,3737.2000,3737.0000,3736.8000,3736.6000,3736.4000,3738.8000,3739.2000,3739.6000,3740.2000,3740.4000,4,4,2,4,3,2,1,5,1,1
SF,IF2006,2020-04-15 09:34:00.200,3737.8000,41650,0,601263900.000,1,0,1,多换,S,3737.4000,3737.2000,3736.8000,3736.6000,3736.4000,3738.6000,3738.8000,3739.2000,3739.6000,3740.2000,3,3,1,4,3,2,2,1,5,1
SF,IF2006,2020-04-15 09:34:00.700,3737.8000,41650,0,601263900.000,0,-,-,-,-,3737.6000,3737.4000,3737.2000,3736.8000,3736.6000,3738.6000,3738.8000,3739.2000,3739.6000,3740.2000,5,2,1,1,4,1,2,1,5,1
SF,IF2006,2020-04-15 09:34:01.200,3737.8000,41650,0,601263900.000,0,-,-,-,-,3737.8000,3737.6000,3737.4000,3737.2000,3736.8000,3738.4000,3738.6000,3738.8000,3739.2000,3739.6000,1,4,2,1,1,1,3,2,1,5
SF,IF2006,2020-04-15 09:34:01.700,3737.6000,41648,-2,603506460.000,2,0,2,双平,S,3737.4000,3737.2000,3736.6000,3736.4000,3736.2000,3738.4000,3738.6000,3738.8000,3739.2000,3739.6000,1,1,4,2,2,2,3,2,1,5
SF,IF2006,2020-04-15 09:34:02.200,3738.2000,41648,0,604627920.000,1,0,1,多换,S,3737.4000,3737.2000,3736.6000,3736.4000,3736.2000,3738.4000,3738.6000,3738.8000,3739.2000,3739.6000,1,1,4,2,2,2,3,2,1,5
SF,IF2006,2020-04-15 09:34:02.700,3737.4000,41648,0,605749140.000,1,0,1,多换,S,3737.2000,3736.6000,3736.4000,3736.2000,3736.0000,3738.4000,3738.6000,3738.8000,3739.2000,3739.6000,1,4,2,2,10,2,3,2,1,5
SF,IF2006,2020-04-15 09:34:03.200,3736.4000,41646,-2,611353980.000,5,1,4,多平,S,3736.4000,3736.2000,3736.0000,3735.8000,3735.6000,3738.2000,3738.4000,3738.6000,3738.8000,3739.0000,1,2,10,5,1,3,1,3,2,1
SF,IF2006,2020-04-15 09:34:03.700,3737.8000,41645,-1,612475320.000,1,0,1,双平,S,3736.8000,3736.6000,3736.4000,3736.2000,3736.0000,3738.0000,3738.2000,3738.6000,3738.8000,3739.0000,1,3,2,2,10,3,3,3,2,1
SF,IF2006,2020-04-15 09:34:04.200,3737.8000,41645,0,612475320.000,0,-,-,-,-,3737.0000,3736.8000,3736.6000,3736.4000,3736.2000,3737.8000,3738.0000,3738.2000,3738.6000,3738.8000,1,2,2,1,2,2,3,1,1,2
SF,IF2006,2020-04-15 09:34:04.700,3737.8000,41645,0,612475320.000,0,-,-,-,-,3737.0000,3736.8000,3736.6000,3736.4000,3736.2000,3737.8000,3738.0000,3738.2000,3738.6000,3738.8000,1,2,2,1,2,2,2,1,1,2
SF,IF2006,2020-04-15 09:34:05.200,3737.8000,41645,0,612475320.000,0,-,-,-,-,3737.2000,3737.0000,3736.8000,3736.6000,3736.4000,3737.4000,3737.8000,3738.0000,3738.2000,3738.6000,2,1,2,2,1,1,2,2,1,1
SF,IF2006,2020-04-15 09:34:05.700,3737.4000,41643,-2,614717760.000,2,0,2,双平,S,3737.2000,3737.0000,3736.8000,3736.6000,3736.4000,3738.2000,3738.6000,3738.8000,3739.0000,3739.2000,2,1,2,2,1,1,1,2,1,1
SF,IF2006,2020-04-15 09:34:06.200,3738.8000,41643,0,616960980.000,2,1,1,多换,S,3737.4000,3737.2000,3736.8000,3736.6000,3736.4000,3738.8000,3739.0000,3739.2000,3739.6000,3740.2000,2,2,2,2,1,1,1,1,5,2
SF,IF2006,2020-04-15 09:34:06.700,3738.8000,41643,0,616960980.000,0,-,-,-,-,3737.6000,3737.4000,3737.2000,3737.0000,3736.8000,3738.6000,3738.8000,3739.0000,3739.2000,3739.6000,2,2,2,1,2,1,1,1,1,5
SF,IF2006,2020-04-15 09:34:07.200,3738.8000,41643,0,616960980.000,0,-,-,-,-,3737.8000,3737.6000,3737.4000,3737.2000,3737.0000,3738.6000,3738.8000,3739.0000,3739.2000,3739.6000,2,3,1,1,2,1,1,1,1,5
SF,IF2006,2020-04-15 09:34:07.700,3738.0000,41642,-1,618082380.000,1,0,1,双平,S,3738.0000,3737.8000,3737.6000,3737.4000,3737.2000,3738.8000,3739.0000,3739.2000,3739.6000,3740.2000,1,2,2,1,1,1,1,1,5,2
SF,IF2006,2020-04-15 09:34:08.200,3738.0000,41641,-1,619203780.000,1,0,1,双平,S,3737.8000,3737.6000,3737.4000,3737.2000,3737.0000,3738.6000,3738.8000,3739.0000,3739.2000,3739.6000,1,2,1,1,2,1,1,1,1,5
SF,IF2006,2020-04-15 09:34:08.700,3738.0000,41641,0,619203780.000,0,-,-,-,-,3738.0000,3737.8000,3737.6000,3737.4000,3737.2000,3738.6000,3738.8000,3739.0000,3739.2000,3739.6000,1,1,2,1,1,1,1,1,1,5
SF,IF2006,2020-04-15 09:34:09.200,3738.0000,41640,-1,620325180.000,1,0,1,双平,S,3737.8000,3737.6000,3737.2000,3737.0000,3736.8000,3738.4000,3738.6000,3738.8000,3739.0000,3739.2000,2,1,1,2,2,1,2,1,1,1
SF,IF2006,2020-04-15 09:34:09.700,3737.8000,41639,-1,622567860.000,2,0,2,多平,S,3737.6000,3737.2000,3737.0000,3736.8000,3736.4000,3738.2000,3738.4000,3738.8000,3739.0000,3739.2000,1,1,2,2,1,2,2,1,1,1
SF,IF2006,2020-04-15 09:34:10.200,3737.8000,41639,0,622567860.000,0,-,-,-,-,3737.6000,3737.2000,3737.0000,3736.8000,3736.4000,3738.2000,3738.4000,3738.8000,3739.0000,3739.2000,1,1,2,2,1,2,1,1,1,1
SF,IF2006,2020-04-15 09:34:10.700,3738.2000,41638,-1,623689320.000,1,0,1,双平,S,3737.2000,3737.0000,3736.8000,3736.6000,3736.4000,3737.8000,3738.2000,3738.4000,3738.8000,3739.0000,1,2,2,1,1,1,1,1,1,1
SF,IF2006,2020-04-15 09:34:11.200,3737.8000,41637,-1,624810660.000,1,0,1,双平,S,3737.2000,3737.0000,3736.8000,3736.6000,3736.4000,3737.8000,3738.0000,3738.2000,3738.8000,3739.0000,1,2,2,1,1,1,1,1,1,1
SF,IF2006,2020-04-15 09:34:11.700,3737.2000,41636,-1,625931820.000,1,0,1,双平,S,3737.0000,3736.8000,3736.6000,3736.4000,3736.2000,3737.2000,3737.8000,3738.0000,3738.2000,3738.8000,2,2,1,1,2,3,1,1,1,1
SF,IF2006,2020-04-15 09:34:12.200,3737.2000,41633,-3,629295300.000,3,0,3,双平,S,3737.2000,3737.0000,3736.8000,3736.6000,3736.4000,3737.8000,3738.0000,3738.2000,3738.8000,3739.0000,1,2,2,1,1,1,1,1,1,1
SF,IF2006,2020-04-15 09:34:13.200,3737.2000,41633,0,629295300.000,0,-,-,-,-,3737.2000,3737.0000,3736.8000,3736.6000,3736.4000,3737.8000,3738.0000,3738.2000,3738.8000,3739.0000,1,2,2,1,1,1,1,1,1,1
SF,IF2006,2020-04-15 09:34:13.700,3737.2000,41633,0,629295300.000,0,-,-,-,-,3737.4000,3737.2000,3737.0000,3736.8000,3736.6000,3737.8000,3738.0000,3738.2000,3738.8000,3739.0000,1,1,2,2,1,1,1,1,1,1
SF,IF2006,2020-04-15 09:34:14.200,3737.2000,41633,0,629295300.000,0,-,-,-,-,3737.6000,3737.2000,3737.0000,3736.8000,3736.6000,3737.8000,3738.0000,3738.2000,3738.8000,3739.0000,1,1,2,2,1,1,1,1,1,2
SF,IF2006,2020-04-15 09:34:14.700,3737.2000,41632,-1,630416460.000,1,0,1,双平,S,3737.4000,3737.2000,3737.0000,3736.8000,3736.4000,3737.8000,3738.0000,3738.2000,3738.8000,3739.0000,1,1,2,2,1,1,1,1,1,2
SF,IF2006,2020-04-15 09:34:16.200,3737.2000,41632,0,630416460.000,0,-,-,-,-,3737.4000,3737.2000,3737.0000,3736.8000,3736.4000,3737.8000,3738.0000,3738.2000,3738.4000,3738.8000,1,5,2,2,1,1,2,1,3,1
SF,IF2006,2020-04-15 09:34:17.200,3737.2000,41632,0,630416460.000,0,-,-,-,-,3737.4000,3737.2000,3737.0000,3736.8000,3736.4000,3737.8000,3738.0000,3738.2000,3738.4000,3738.8000,1,5,2,2,1,1,1,1,3,1
SF,IF2006,2020-04-15 09:34:17.700,3737.2000,41632,0,630416460.000,0,-,-,-,-,3737.4000,3737.2000,3737.0000,3736.8000,3736.4000,3737.8000,3738.0000,3738.2000,3738.4000,3738.8000,1,5,2,2,1,1,1,1,3,1
SF,IF2006,2020-04-15 09:34:18.700,3738.0000,41634,2,632659200.000,2,2,0,双开,S,3737.4000,3737.2000,3737.0000,3736.8000,3736.4000,3738.2000,3738.4000,3738.8000,3739.0000,3739.2000,1,5,2,2,1,1,3,1,2,1
SF,IF2006,2020-04-15 09:34:19.700,3738.0000,41634,0,632659200.000,0,-,-,-,-,3737.6000,3737.4000,3737.2000,3737.0000,3736.8000,3738.2000,3738.4000,3738.8000,3739.0000,3739.2000,1,1,5,2,2,1,3,1,2,1
SF,IF2006,2020-04-15 09:34:20.200,3738.0000,41634,0,632659200.000,0,-,-,-,-,3737.6000,3737.4000,3737.2000,3737.0000,3736.8000,3738.2000,3738.4000,3738.8000,3739.0000,3739.2000,1,1,5,2,2,2,3,1,3,1
SF,IF2006,2020-04-15 09:34:20.700,3738.2000,41634,0,633780660.000,1,0,1,多换,S,3737.6000,3737.4000,3737.2000,3737.0000,3736.8000,3738.4000,3738.8000,3739.0000,3739.2000,3739.6000,1,1,5,2,2,3,1,3,1,5
SF,IF2006,2020-04-15 09:34:21.200,3738.2000,41633,-1,634902120.000,1,0,1,双平,S,3737.6000,3737.4000,3737.2000,3737.0000,3736.8000,3738.2000,3738.4000,3738.8000,3739.0000,3739.2000,1,1,5,2,2,2,3,1,3,1
SF,IF2006,2020-04-15 09:34:21.700,3738.2000,41633,0,634902120.000,0,-,-,-,-,3737.6000,3737.4000,3737.2000,3737.0000,3736.8000,3738.0000,3738.2000,3738.4000,3738.8000,3739.0000,1,1,4,2,2,1,2,3,1,3
SF,IF2006,2020-04-15 09:34:22.200,3737.6000,41633,0,636023400.000,1,0,1,多换,S,3737.2000,3737.0000,3736.8000,3736.4000,3736.2000,3738.0000,3738.2000,3738.4000,3738.8000,3739.0000,4,2,2,1,2,1,2,3,1,3
SF,IF2006,2020-04-15 09:34:22.700,3737.6000,41633,0,636023400.000,0,-,-,-,-,3737.2000,3737.0000,3736.8000,3736.4000,3736.2000,3738.0000,3738.2000,3738.4000,3738.8000,3739.0000,4,2,2,1,2,2,2,3,1,2
SF,IF2006,2020-04-15 09:34:23.200,3737.6000,41633,0,636023400.000,0,-,-,-,-,3737.2000,3737.0000,3736.8000,3736.4000,3736.2000,3738.0000,3738.2000,3738.4000,3738.8000,3739.0000,4,2,2,1,2,1,2,3,1,2
SF,IF2006,2020-04-15 09:34:23.700,3737.6000,41633,0,636023400.000,0,-,-,-,-,3737.2000,3737.0000,3736.8000,3736.4000,3736.2000,3738.0000,3738.2000,3738.4000,3738.8000,3739.0000,4,3,2,1,2,1,2,3,1,2
SF,IF2006,2020-04-15 09:34:24.200,3737.6000,41633,0,636023400.000,0,-,-,-,-,3737.2000,3737.0000,3736.8000,3736.4000,3736.2000,3738.0000,3738.2000,3738.4000,3738.8000,3739.0000,4,3,2,1,2,2,2,3,1,2
SF,IF2006,2020-04-15 09:34:24.700,3737.2000,41633,0,637144560.000,1,0,1,多换,S,3737.2000,3737.0000,3736.8000,3736.4000,3736.2000,3738.0000,3738.2000,3738.4000,3738.8000,3739.0000,3,3,2,1,2,2,2,3,1,2
SF,IF2006,2020-04-15 09:34:25.200,3737.2000,41633,0,638265720.000,1,0,1,多换,S,3737.2000,3737.0000,3736.8000,3736.4000,3736.2000,3738.0000,3738.2000,3738.4000,3738.8000,3739.0000,2,3,2,1,2,2,2,3,1,2
SF,IF2006,2020-04-15 09:34:25.700,3737.2000,41633,0,639386880.000,1,0,1,多换,S,3737.2000,3737.0000,3736.8000,3736.4000,3736.2000,3737.8000,3738.0000,3738.2000,3738.4000,3738.8000,1,3,2,1,2,3,2,2,3,1
SF,IF2006,2020-04-15 09:34:26.200,3737.2000,41632,-1,640508040.000,1,0,1,双平,S,3737.2000,3737.0000,3736.8000,3736.4000,3736.2000,3737.8000,3738.0000,3738.2000,3738.4000,3738.8000,1,3,2,1,2,3,2,2,3,1
SF,IF2006,2020-04-15 09:34:26.700,3737.2000,41632,0,640508040.000,0,-,-,-,-,3737.2000,3737.0000,3736.8000,3736.4000,3736.2000,3737.8000,3738.0000,3738.4000,3738.8000,3739.0000,1,3,2,1,2,3,2,3,1,2
SF,IF2006,2020-04-15 09:34:27.200,3737.2000,41632,0,640508040.000,0,-,-,-,-,3737.4000,3737.2000,3737.0000,3736.8000,3736.4000,3738.0000,3738.4000,3738.8000,3739.0000,3739.2000,1,1,3,2,1,2,3,1,2,1
