市场代码,合约代码,时间,最新,持仓,增仓,成交额,成交量,开仓,平仓,成交类型,方向,买一价,买二价,买三价,买四价,买五价,卖一价,卖二价,卖三价,卖四价,卖五价,买一量,买二量,买三量,买四量,买五量,卖一量,卖二量,卖三量,卖四量,卖五量
SF,IF2003,2019-12-16 09:29:00.000,3986.2000,29028,0,15546180.000,13.000,-,-,-,-,3986.0000,3985.2000,3980.4000,3980.0000,3976.8000,3986.2000,3988.0000,3988.6000,3989.0000,3989.8000,7,1,2,6,1,1,1,3,1,1
SF,IF2003,2019-12-16 09:30:00.500,3983.8000,29033,5,78882660.000,53,29,24,空开,S,3976.8000,3975.0000,3972.6000,3972.0000,3971.6000,3984.4000,3984.8000,3985.0000,3985.2000,3985.4000,1,1,1,1,1,3,1,11,1,1
SF,IF2003,2019-12-16 09:30:01.000,3983.8000,29033,0,78882660.000,0,-,-,-,-,3977.8000,3976.8000,3975.8000,3975.0000,3972.6000,3980.4000,3982.4000,3983.4000,3984.2000,3984.4000,2,2,3,1,1,1,2,2,10,3
SF,IF2003,2019-12-16 09:30:01.500,3977.8000,29028,-5,92008980.000,11,3,8,多平,S,3975.8000,3975.0000,3972.6000,3972.0000,3971.6000,3977.8000,3978.0000,3978.2000,3978.4000,3978.8000,3,1,1,1,1,1,2,1,3,1
SF,IF2003,2019-12-16 09:30:02.000,3977.8000,29027,-1,94395660.000,2,0,2,多平,S,3975.8000,3975.0000,3972.8000,3972.6000,3972.0000,3977.4000,3977.6000,3977.8000,3980.2000,3981.6000,3,1,1,1,1,1,13,2,4,1
SF,IF2003,2019-12-16 09:30:02.500,3975.8000,29027,0,97974300.000,3,1,2,多换,S,3976.0000,3975.8000,3975.0000,3972.8000,3972.6000,3977.2000,3977.4000,3977.6000,3977.8000,3981.6000,1,1,1,1,1,11,4,5,3,1
SF,IF2003,2019-12-16 09:30:03.000,3977.2000,29028,1,106325640.000,7,4,3,空开,S,3976.0000,3975.8000,3975.0000,3972.8000,3972.6000,3977.2000,3977.4000,3977.6000,3977.8000,3981.6000,1,1,1,1,1,9,1,1,8,1
SF,IF2003,2019-12-16 09:30:03.500,3976.0000,29026,-2,108711240.000,2,0,2,双平,S,3975.8000,3975.0000,3972.8000,3972.6000,3972.0000,3976.0000,3976.6000,3977.0000,3977.2000,3977.6000,1,1,1,1,1,20,2,1,9,1
SF,IF2003,2019-12-16 09:30:04.000,3976.0000,29023,-3,113482380.000,4,0,4,多平,S,3975.0000,3972.8000,3972.6000,3972.0000,3971.6000,3975.8000,3976.0000,3977.0000,3977.2000,3977.6000,1,1,1,1,1,11,19,1,1,1
SF,IF2003,2019-12-16 09:30:04.500,3975.8000,29019,-4,121831560.000,7,1,6,多平,S,3975.0000,3972.8000,3972.6000,3972.0000,3971.6000,3975.8000,3976.0000,3977.0000,3977.2000,3977.6000,2,1,1,1,1,6,19,1,1,1
SF,IF2003,2019-12-16 09:30:05.000,3975.0000,29017,-2,127794900.000,5,1,4,多平,S,3975.0000,3972.8000,3972.6000,3972.0000,3971.6000,3975.8000,3976.0000,3977.2000,3977.6000,3977.8000,2,1,1,1,1,3,19,1,1,7
SF,IF2003,2019-12-16 09:30:05.500,3975.8000,29014,-3,131373120.000,3,0,3,双平,S,3975.8000,3975.2000,3975.0000,3972.8000,3972.6000,3976.0000,3977.2000,3977.6000,3977.8000,3981.6000,2,3,1,1,1,19,1,1,7,1
SF,IF2003,2019-12-16 09:30:06.000,3975.8000,29012,-2,133758660.000,2,0,2,双平,S,3975.8000,3975.4000,3975.2000,3974.0000,3972.8000,3976.0000,3977.2000,3977.8000,3981.6000,3983.2000,5,2,12,1,1,18,1,7,1,1
SF,IF2003,2019-12-16 09:30:06.500,3976.0000,29009,-3,140915400.000,6,1,5,多平,S,3975.8000,3975.4000,3975.2000,3975.0000,3974.0000,3976.0000,3977.2000,3977.8000,3983.2000,3984.4000,5,2,12,1,1,13,1,7,1,1
SF,IF2003,2019-12-16 09:30:07.000,3976.0000,29007,-2,150457680.000,8,3,5,多平,S,3975.8000,3975.2000,3975.0000,3974.0000,3972.8000,3976.0000,3977.2000,3977.8000,3983.2000,3984.4000,1,8,1,1,1,7,1,7,1,1
SF,IF2003,2019-12-16 09:30:07.500,3975.8000,28999,-8,162385500.000,10,1,9,多平,S,3975.2000,3975.0000,3974.0000,3972.8000,3972.6000,3977.2000,3977.8000,3983.2000,3984.4000,3985.0000,4,1,1,1,1,1,7,1,1,9
SF,IF2003,2019-12-16 09:30:08.000,3975.8000,28999,0,163578240.000,1,0,1,多换,S,3976.0000,3975.4000,3975.2000,3975.0000,3974.0000,3977.0000,3977.2000,3977.8000,3983.2000,3984.4000,1,2,2,3,1,1,2,3,1,1
SF,IF2003,2019-12-16 09:30:08.500,3977.0000,28999,0,164771340.000,1,0,1,多换,S,3976.2000,3976.0000,3975.4000,3975.2000,3975.0000,3977.2000,3977.8000,3983.2000,3984.4000,3985.0000,1,1,12,2,3,1,3,1,1,14
SF,IF2003,2019-12-16 09:30:09.000,3976.4000,28995,-4,171929700.000,6,1,5,多平,S,3976.4000,3976.2000,3976.0000,3975.8000,3975.4000,3977.8000,3983.2000,3984.4000,3985.0000,3985.2000,6,3,3,1,12,3,1,1,14,1
SF,IF2003,2019-12-16 09:30:09.500,3976.4000,28995,0,171929700.000,0,-,-,-,-,3976.6000,3976.4000,3976.2000,3976.0000,3975.8000,3977.8000,3983.2000,3984.4000,3985.0000,3985.2000,1,12,2,3,1,3,1,1,14,1
SF,IF2003,2019-12-16 09:30:10.000,3977.8000,28993,-2,175509720.000,3,0,3,多平,S,3977.8000,3976.8000,3976.6000,3976.4000,3976.2000,3983.2000,3984.4000,3985.0000,3985.2000,3985.6000,1,11,10,3,1,1,1,14,1,1
SF,IF2003,2019-12-16 09:30:10.500,3980.0000,28993,0,182672700.000,6,3,3,多换,S,3978.6000,3978.0000,3977.8000,3977.4000,3976.8000,3980.0000,3980.2000,3980.4000,3980.6000,3981.6000,2,7,3,1,1,1,1,2,2,1
SF,IF2003,2019-12-16 09:30:11.000,3980.0000,28993,0,182672700.000,0,-,-,-,-,3978.8000,3978.6000,3978.0000,3977.8000,3977.4000,3979.6000,3979.8000,3980.2000,3981.6000,3983.0000,6,2,1,3,1,2,6,1,1,6
SF,IF2003,2019-12-16 09:30:11.500,3979.0000,28986,-7,193416360.000,9,1,8,多平,S,3979.0000,3978.8000,3978.0000,3977.8000,3977.4000,3979.4000,3979.6000,3979.8000,3980.2000,3981.6000,1,6,1,3,1,2,2,3,1,1
SF,IF2003,2019-12-16 09:30:12.000,3979.0000,28986,0,195803760.000,2,1,1,多换,S,3979.4000,3979.2000,3979.0000,3978.8000,3977.8000,3979.8000,3980.2000,3981.6000,3983.0000,3984.4000,1,5,1,1,3,2,1,1,1,1
SF,IF2003,2019-12-16 09:30:12.500,3979.8000,28986,0,199385340.000,3,1,2,多换,S,3979.6000,3979.4000,3979.0000,3978.8000,3977.8000,3979.8000,3980.2000,3981.4000,3981.6000,3983.0000,4,1,1,1,3,1,1,1,1,1
SF,IF2003,2019-12-16 09:30:13.000,3983.0000,28987,1,211327560.000,10,5,5,空开,S,3983.2000,3979.8000,3979.4000,3979.0000,3978.8000,3984.4000,3985.0000,3985.2000,3985.6000,3985.8000,4,2,1,1,1,1,14,1,1,1
SF,IF2003,2019-12-16 09:30:13.500,3979.8000,28984,-3,219688980.000,7,2,5,多平,S,3979.0000,3978.8000,3977.8000,3977.0000,3976.2000,3979.4000,3980.6000,3981.2000,3981.4000,3981.6000,1,1,3,1,1,2,1,2,2,1
SF,IF2003,2019-12-16 09:30:14.000,3979.4000,28979,-5,225658380.000,5,0,5,双平,S,3980.4000,3979.8000,3979.0000,3977.8000,3976.2000,3982.2000,3983.2000,3983.4000,3984.2000,3984.4000,1,1,2,4,1,1,3,1,2,1
SF,IF2003,2019-12-16 09:30:14.500,3980.4000,28977,-2,228046620.000,2,0,2,双平,S,3980.6000,3979.8000,3979.0000,3977.8000,3976.2000,3981.4000,3982.0000,3982.2000,3983.4000,3984.2000,1,1,2,4,1,1,1,1,1,1
SF,IF2003,2019-12-16 09:30:15.000,3979.8000,28975,-2,236406480.000,7,2,5,多平,S,3979.0000,3977.8000,3976.2000,3976.0000,3975.8000,3982.6000,3983.4000,3984.2000,3984.4000,3985.0000,1,2,1,4,3,1,2,1,1,14
SF,IF2003,2019-12-16 09:30:15.500,3980.6000,28975,0,238794480.000,2,1,1,多换,S,3979.6000,3979.4000,3978.8000,3977.8000,3976.2000,3980.6000,3982.2000,3982.4000,3982.6000,3983.4000,1,1,1,2,1,1,2,2,1,3
SF,IF2003,2019-12-16 09:30:16.000,3977.8000,28976,1,243569280.000,4,2,2,空开,S,3977.8000,3976.2000,3976.0000,3975.8000,3975.4000,3980.4000,3982.2000,3982.4000,3982.6000,3983.4000,1,1,4,3,1,2,3,1,3,3
SF,IF2003,2019-12-16 09:30:16.500,3977.8000,28976,0,243569280.000,0,-,-,-,-,3979.6000,3979.4000,3978.0000,3977.8000,3976.2000,3980.2000,3980.4000,3982.2000,3982.6000,3983.4000,1,1,1,1,1,2,2,3,4,2
SF,IF2003,2019-12-16 09:30:17.000,3980.0000,28975,-1,250733160.000,6,2,4,多平,S,3978.0000,3977.8000,3976.2000,3976.0000,3975.4000,3980.0000,3980.2000,3980.4000,3982.2000,3982.6000,1,1,1,4,1,2,2,1,3,4
SF,IF2003,2019-12-16 09:30:17.500,3979.6000,28974,-1,253120500.000,2,0,2,多平,S,3978.0000,3977.8000,3977.6000,3976.2000,3976.0000,3979.8000,3980.0000,3980.2000,3980.4000,3982.2000,1,1,1,1,4,1,2,1,1,3
SF,IF2003,2019-12-16 09:30:18.000,3979.8000,28974,0,255508320.000,2,1,1,多换,S,3979.4000,3978.6000,3978.2000,3978.0000,3977.8000,3979.8000,3980.0000,3980.4000,3982.2000,3982.6000,1,1,1,1,1,1,2,1,3,2
SF,IF2003,2019-12-16 09:30:18.500,3979.4000,28974,0,256702140.000,1,0,1,多换,S,3978.6000,3978.2000,3978.0000,3977.8000,3976.2000,3979.8000,3980.0000,3980.4000,3981.2000,3981.6000,1,1,1,1,1,1,1,1,1,1
SF,IF2003,2019-12-16 09:30:19.000,3979.8000,28972,-2,259090020.000,2,0,2,双平,S,3978.6000,3978.2000,3978.0000,3977.8000,3976.4000,3980.0000,3980.4000,3981.2000,3981.6000,3982.2000,1,1,1,1,1,1,1,1,1,1
SF,IF2003,2019-12-16 09:30:19.500,3979.8000,28972,0,259090020.000,0,-,-,-,-,3979.0000,3978.8000,3978.6000,3977.8000,3976.4000,3979.4000,3979.8000,3980.0000,3981.0000,3981.2000,1,1,1,1,1,1,4,2,1,1
SF,IF2003,2019-12-16 09:30:20.000,3979.0000,28972,0,263865300.000,4,2,2,多换,S,3978.6000,3977.8000,3976.4000,3976.2000,3976.0000,3979.8000,3980.0000,3981.0000,3981.2000,3981.6000,1,1,1,1,3,2,2,1,1,1
SF,IF2003,2019-12-16 09:30:20.500,3979.6000,28972,0,266253060.000,2,1,1,多换,S,3978.6000,3977.8000,3976.4000,3976.2000,3976.0000,3979.8000,3980.0000,3981.0000,3981.2000,3981.6000,1,1,1,1,3,2,1,1,1,1
SF,IF2003,2019-12-16 09:30:21.000,3979.8000,28971,-1,267447000.000,1,0,1,双平,S,3979.4000,3978.6000,3977.8000,3976.4000,3976.2000,3979.8000,3980.0000,3981.0000,3981.2000,3981.6000,1,1,1,1,1,5,1,1,1,1
SF,IF2003,2019-12-16 09:30:21.500,3979.6000,28966,-5,276997440.000,8,1,7,多平,S,3977.8000,3976.4000,3976.2000,3976.0000,3975.4000,3979.8000,3980.0000,3981.0000,3981.6000,3982.6000,1,1,1,2,1,5,1,1,1,1
SF,IF2003,2019-12-16 09:30:22.000,3979.8000,28966,0,280579140.000,3,1,2,多换,S,3978.0000,3977.8000,3976.4000,3976.2000,3976.0000,3979.2000,3979.8000,3980.0000,3981.0000,3981.6000,3,1,1,1,3,1,5,1,1,1
SF,IF2003,2019-12-16 09:30:22.500,3979.8000,28966,0,284160960.000,3,1,2,多换,S,3978.0000,3977.8000,3976.4000,3976.2000,3976.0000,3979.8000,3980.0000,3981.0000,3981.2000,3981.6000,2,1,1,1,3,5,1,1,1,1
SF,IF2003,2019-12-16 09:30:23.000,3978.0000,28963,-3,287741160.000,3,0,3,双平,S,3977.8000,3976.4000,3976.2000,3976.0000,3975.4000,3978.0000,3979.4000,3979.6000,3979.8000,3980.0000,1,1,1,2,1,2,1,2,4,1
SF,IF2003,2019-12-16 09:30:23.500,3979.4000,28961,-2,291321780.000,3,0,3,多平,S,3978.6000,3978.2000,3977.8000,3976.4000,3976.2000,3979.6000,3979.8000,3980.0000,3981.0000,3981.2000,2,1,1,1,1,3,4,1,1,1
SF,IF2003,2019-12-16 09:30:24.000,3979.4000,28961,0,292515600.000,1,0,1,多换,S,3978.8000,3978.6000,3978.0000,3977.8000,3976.4000,3979.6000,3979.8000,3980.0000,3981.0000,3981.2000,1,2,1,1,1,4,4,1,1,1
SF,IF2003,2019-12-16 09:30:24.500,3979.6000,28961,0,293709480.000,1,0,1,多换,S,3978.8000,3978.6000,3978.0000,3977.8000,3976.4000,3979.6000,3979.8000,3980.0000,3981.0000,3981.2000,1,2,2,1,1,3,4,1,2,1
SF,IF2003,2019-12-16 09:30:25.000,3979.8000,28958,-3,298484820.000,4,0,4,多平,S,3978.0000,3977.8000,3976.4000,3976.2000,3976.0000,3979.8000,3980.0000,3981.0000,3981.2000,3981.6000,4,1,1,1,2,3,1,1,1,1
SF,IF2003,2019-12-16 09:30:25.500,3979.8000,28958,0,298484820.000,0,-,-,-,-,3978.4000,3978.0000,3977.8000,3976.4000,3976.2000,3979.4000,3979.6000,3979.8000,3980.0000,3980.4000,1,4,1,1,1,1,1,5,1,1
SF,IF2003,2019-12-16 09:30:26.000,3979.8000,28957,-1,305648160.000,6,2,4,多平,S,3978.6000,3978.0000,3977.8000,3976.4000,3976.2000,3979.8000,3980.0000,3980.4000,3981.0000,3981.2000,1,3,1,1,1,2,1,1,1,1
SF,IF2003,2019-12-16 09:30:26.500,3978.6000,28957,0,306841740.000,1,0,1,多换,S,3978.6000,3978.0000,3977.8000,3976.4000,3976.2000,3979.0000,3979.2000,3979.6000,3979.8000,3980.0000,1,3,1,1,1,2,3,1,2,1
SF,IF2003,2019-12-16 09:30:27.000,3978.0000,28956,-1,310422120.000,3,1,2,多平,S,3978.0000,3977.8000,3976.6000,3976.0000,3975.0000,3978.6000,3979.6000,3979.8000,3980.0000,3980.4000,1,1,2,2,4,1,1,2,1,1
SF,IF2003,2019-12-16 09:30:27.500,3978.6000,28956,0,311615700.000,1,0,1,多换,S,3978.0000,3977.8000,3976.6000,3976.0000,3975.0000,3979.6000,3980.0000,3980.8000,3981.0000,3981.6000,1,1,2,2,4,1,1,1,1,1
SF,IF2003,2019-12-16 09:30:28.000,3980.0000,28956,0,315197520.000,3,1,2,多换,S,3979.6000,3978.6000,3978.0000,3977.8000,3976.6000,3980.8000,3981.0000,3981.6000,3982.8000,3985.0000,12,2,2,1,2,1,1,1,1,5
SF,IF2003,2019-12-16 09:30:28.500,3979.6000,28951,-5,322360800.000,6,0,6,多平,S,3979.6000,3978.6000,3978.0000,3977.8000,3976.6000,3979.8000,3980.0000,3980.2000,3980.8000,3981.0000,6,2,2,1,2,3,1,1,1,1
SF,IF2003,2019-12-16 09:30:29.000,3979.6000,28948,-3,333105720.000,9,3,6,多平,S,3979.8000,3978.8000,3978.6000,3978.0000,3976.6000,3981.6000,3982.8000,3985.0000,3985.2000,3986.0000,2,1,2,2,2,1,1,5,1,10
SF,IF2003,2019-12-16 09:30:29.500,3980.0000,28947,-1,336687600.000,3,1,2,多平,S,3979.0000,3978.8000,3978.6000,3978.0000,3976.6000,3979.8000,3980.0000,3980.2000,3981.0000,3981.4000,2,1,3,1,2,2,1,2,2,1
SF,IF2003,2019-12-16 09:30:30.000,3978.8000,28946,-1,341462400.000,4,1,3,多平,S,3978.6000,3978.0000,3976.6000,3976.0000,3975.0000,3979.4000,3979.6000,3979.8000,3980.8000,3981.0000,3,1,2,2,4,1,1,2,1,2
SF,IF2003,2019-12-16 09:30:30.500,3979.4000,28944,-2,343849860.000,2,0,2,双平,S,3978.6000,3978.0000,3976.6000,3976.0000,3975.0000,3979.6000,3979.8000,3980.8000,3981.0000,3981.6000,3,1,2,2,4,1,2,1,2,1
SF,IF2003,2019-12-16 09:30:31.000,3979.6000,28942,-2,349818300.000,5,1,4,多平,S,3978.0000,3976.6000,3976.0000,3975.0000,3974.0000,3979.4000,3979.8000,3980.6000,3981.0000,3981.6000,1,2,2,4,1,1,2,1,2,1
SF,IF2003,2019-12-16 09:30:31.500,3979.4000,28945,3,355786380.000,5,4,1,空开,S,3976.6000,3976.0000,3975.0000,3974.0000,3972.8000,3979.6000,3980.4000,3980.6000,3981.0000,3981.6000,2,2,4,1,1,1,1,1,2,1
SF,IF2003,2019-12-16 09:30:32.000,3979.6000,28946,1,359367900.000,3,2,1,空开,S,3978.0000,3977.0000,3976.8000,3976.6000,3976.0000,3980.2000,3980.4000,3981.0000,3981.6000,3982.4000,1,1,2,2,2,1,1,2,1,1
SF,IF2003,2019-12-16 09:30:32.500,3979.6000,28946,0,359367900.000,0,-,-,-,-,3978.2000,3978.0000,3977.6000,3977.0000,3976.6000,3978.4000,3979.2000,3979.4000,3979.6000,3980.2000,1,2,1,1,2,1,1,1,1,1
SF,IF2003,2019-12-16 09:30:33.000,3978.4000,28945,-1,360561420.000,1,0,1,双平,S,3978.6000,3978.0000,3977.6000,3977.0000,3976.6000,3979.4000,3979.6000,3979.8000,3980.0000,3980.2000,1,2,1,1,2,1,1,1,1,1
SF,IF2003,2019-12-16 09:30:33.500,3978.4000,28945,0,360561420.000,0,-,-,-,-,3978.6000,3978.2000,3978.0000,3977.0000,3976.6000,3979.4000,3979.6000,3979.8000,3980.0000,3980.2000,1,1,2,1,2,1,1,1,1,1
SF,IF2003,2019-12-16 09:30:34.000,3979.8000,28944,-1,367723500.000,6,2,4,多平,S,3978.0000,3977.0000,3976.6000,3976.0000,3975.2000,3980.0000,3981.6000,3982.4000,3982.8000,3985.0000,1,1,2,2,1,1,2,1,2,5
SF,IF2003,2019-12-16 09:30:34.500,3979.4000,28943,-1,368917320.000,1,0,1,双平,S,3978.4000,3978.2000,3978.0000,3977.8000,3977.0000,3979.6000,3981.6000,3982.4000,3982.8000,3985.0000,1,1,2,1,1,1,2,1,1,5
SF,IF2003,2019-12-16 09:30:35.000,3979.6000,28943,0,370111200.000,1,0,1,多换,S,3979.6000,3978.6000,3978.4000,3978.2000,3978.0000,3980.4000,3981.6000,3982.4000,3982.8000,3985.0000,2,2,1,1,1,1,2,1,1,5
SF,IF2003,2019-12-16 09:30:35.500,3979.6000,28943,0,373692840.000,3,1,2,多换,S,3978.8000,3978.6000,3978.4000,3978.2000,3978.0000,3979.6000,3979.8000,3980.4000,3980.6000,3980.8000,1,1,1,1,1,2,2,1,1,1
SF,IF2003,2019-12-16 09:30:36.000,3979.6000,28943,0,373692840.000,0,-,-,-,-,3978.8000,3978.6000,3978.4000,3978.2000,3978.0000,3979.6000,3979.8000,3980.4000,3980.6000,3980.8000,2,1,1,1,1,3,1,1,1,1
SF,IF2003,2019-12-16 09:30:36.500,3979.6000,28943,0,377274420.000,3,1,2,多换,S,3978.8000,3978.6000,3978.4000,3978.0000,3977.8000,3979.6000,3979.8000,3980.4000,3980.6000,3980.8000,2,1,2,1,1,1,1,1,1,1
SF,IF2003,2019-12-16 09:30:37.000,3979.0000,28940,-3,383243160.000,5,1,4,多平,S,3978.8000,3978.6000,3978.4000,3978.0000,3977.8000,3979.6000,3979.8000,3980.4000,3980.6000,3980.8000,2,1,2,1,1,1,1,1,1,1
SF,IF2003,2019-12-16 09:30:37.500,3979.6000,28939,-1,384437040.000,1,0,1,双平,S,3978.8000,3978.6000,3978.4000,3978.0000,3977.8000,3980.4000,3980.6000,3980.8000,3981.6000,3982.8000,2,1,2,1,1,1,1,1,1,1
SF,IF2003,2019-12-16 09:30:38.500,3978.8000,28939,0,386824320.000,2,1,1,多换,S,3978.6000,3978.4000,3978.0000,3977.8000,3977.0000,3978.8000,3980.4000,3980.6000,3980.8000,3981.6000,1,2,1,1,1,1,1,1,1,1
SF,IF2003,2019-12-16 09:30:39.000,3979.6000,28938,-1,391599360.000,4,1,3,多平,S,3978.8000,3978.6000,3978.4000,3978.0000,3977.8000,3979.6000,3980.4000,3980.6000,3980.8000,3981.6000,3,1,2,1,1,13,1,1,1,1
SF,IF2003,2019-12-16 09:30:39.500,3978.8000,28937,-1,395180400.000,3,1,2,多平,S,3978.8000,3978.4000,3978.0000,3977.8000,3977.0000,3979.6000,3980.4000,3980.6000,3980.8000,3981.6000,2,2,1,1,1,13,1,1,1,1
SF,IF2003,2019-12-16 09:30:40.000,3978.8000,28937,0,396374040.000,1,0,1,多换,S,3978.8000,3978.4000,3978.0000,3977.8000,3977.0000,3979.6000,3980.0000,3980.4000,3980.6000,3980.8000,8,2,1,1,1,13,1,1,1,1
SF,IF2003,2019-12-16 09:30:40.500,3978.8000,28937,0,398761320.000,2,1,1,多换,S,3978.8000,3978.4000,3978.0000,3977.8000,3977.0000,3979.6000,3980.0000,3980.4000,3980.8000,3981.6000,8,2,1,1,1,13,1,1,1,1
SF,IF2003,2019-12-16 09:30:41.000,3978.8000,28937,0,398761320.000,0,-,-,-,-,3978.8000,3978.4000,3978.0000,3977.8000,3977.0000,3979.6000,3979.8000,3980.0000,3980.4000,3980.8000,8,2,1,1,1,13,2,1,1,1
SF,IF2003,2019-12-16 09:30:41.500,3979.4000,28936,-1,403536060.000,4,1,3,多平,S,3978.8000,3978.4000,3978.0000,3977.8000,3977.0000,3979.6000,3979.8000,3980.0000,3980.2000,3980.4000,3,2,1,1,1,14,2,1,1,1
SF,IF2003,2019-12-16 09:30:42.000,3978.8000,28933,-3,407116980.000,3,0,3,双平,S,3978.4000,3978.0000,3977.8000,3977.0000,3976.6000,3979.4000,3979.6000,3979.8000,3980.0000,3980.2000,2,1,1,1,2,1,14,2,1,1
SF,IF2003,2019-12-16 09:30:42.500,3978.8000,28932,-1,411891180.000,4,1,3,多平,S,3978.0000,3977.8000,3977.0000,3976.6000,3976.0000,3978.8000,3979.6000,3979.8000,3980.0000,3980.2000,1,1,1,2,3,1,14,2,1,1
SF,IF2003,2019-12-16 09:30:43.000,3979.4000,28933,1,419053200.000,6,3,3,空开,S,3979.4000,3978.0000,3977.8000,3977.0000,3976.6000,3979.6000,3979.8000,3980.0000,3980.2000,3980.4000,8,1,1,1,2,14,2,1,1,1
SF,IF2003,2019-12-16 09:30:43.500,3979.4000,28933,0,428603760.000,8,4,4,多换,S,3978.0000,3977.8000,3977.0000,3976.6000,3976.4000,3979.2000,3979.4000,3979.6000,3979.8000,3980.0000,1,1,1,2,1,2,3,14,2,1
SF,IF2003,2019-12-16 09:30:44.000,3978.0000,28934,1,429797160.000,1,1,0,双开,S,3977.8000,3977.0000,3976.6000,3976.4000,3976.0000,3978.0000,3979.0000,3979.2000,3979.4000,3979.6000,1,1,2,1,3,1,1,1,3,14
SF,IF2003,2019-12-16 09:30:44.500,3978.0000,28934,0,432183960.000,2,1,1,多换,S,3978.0000,3977.8000,3977.0000,3976.6000,3976.4000,3979.0000,3979.2000,3979.4000,3979.6000,3979.8000,8,1,1,2,1,1,1,3,14,2
SF,IF2003,2019-12-16 09:30:45.000,3978.0000,28934,0,432183960.000,0,-,-,-,-,3978.2000,3978.0000,3977.8000,3977.0000,3976.6000,3979.0000,3979.2000,3979.4000,3979.6000,3979.8000,1,5,1,1,2,2,1,3,14,2
SF,IF2003,2019-12-16 09:30:45.500,3978.0000,28935,1,435764220.000,3,2,1,空开,S,3978.0000,3977.8000,3977.0000,3976.6000,3976.4000,3978.2000,3979.0000,3979.2000,3979.4000,3979.6000,3,1,1,2,1,1,2,1,1,14
SF,IF2003,2019-12-16 09:30:46.000,3978.2000,28934,-1,436957680.000,1,0,1,双平,S,3978.4000,3978.2000,3978.0000,3977.8000,3977.0000,3979.0000,3979.2000,3979.4000,3979.6000,3979.8000,1,5,3,1,1,2,2,1,14,2
SF,IF2003,2019-12-16 09:30:46.500,3978.4000,28934,0,438151200.000,1,0,1,多换,S,3978.2000,3978.0000,3977.8000,3977.0000,3976.6000,3978.4000,3979.0000,3979.2000,3979.4000,3979.6000,7,3,1,1,2,1,2,3,1,13
SF,IF2003,2019-12-16 09:30:47.000,3979.2000,28934,0,441732180.000,3,1,2,多换,S,3978.4000,3978.2000,3978.0000,3977.8000,3977.0000,3979.2000,3979.4000,3979.6000,3979.8000,3980.0000,1,5,3,1,1,2,1,13,2,1
SF,IF2003,2019-12-16 09:30:47.500,3978.2000,28934,0,445312680.000,3,1,2,多换,S,3978.2000,3978.0000,3977.8000,3977.0000,3976.6000,3979.2000,3979.4000,3979.6000,3979.8000,3980.0000,4,3,1,1,2,2,1,13,2,1
SF,IF2003,2019-12-16 09:30:48.000,3979.2000,28934,0,447700200.000,2,1,1,多换,S,3979.2000,3978.2000,3978.0000,3977.8000,3977.0000,3979.4000,3979.6000,3979.8000,3980.0000,3980.2000,3,4,3,1,1,1,13,2,1,1
SF,IF2003,2019-12-16 09:30:48.500,3978.4000,28933,-1,452475000.000,4,1,3,多平,S,3978.2000,3978.0000,3977.8000,3977.0000,3976.6000,3978.4000,3979.0000,3979.2000,3979.4000,3979.6000,4,3,1,1,2,1,1,3,1,13
SF,IF2003,2019-12-16 09:30:49.000,3979.0000,28929,-4,459637200.000,6,1,5,多平,S,3979.0000,3978.4000,3978.2000,3978.0000,3977.8000,3979.4000,3979.6000,3979.8000,3980.0000,3980.2000,2,2,4,3,1,1,13,2,1,1
SF,IF2003,2019-12-16 09:30:49.500,3979.0000,28929,0,459637200.000,0,-,-,-,-,3978.6000,3978.4000,3978.2000,3978.0000,3977.8000,3979.4000,3979.6000,3979.8000,3980.0000,3980.2000,1,2,4,3,1,1,13,2,1,1
SF,IF2003,2019-12-16 09:30:50.000,3979.0000,28929,0,459637200.000,0,-,-,-,-,3979.4000,3978.6000,3978.4000,3978.2000,3978.0000,3979.6000,3979.8000,3980.0000,3980.2000,3980.4000,3,1,2,4,3,13,2,1,1,1
SF,IF2003,2019-12-16 09:30:50.500,3979.4000,28929,0,463218660.000,3,1,2,多换,S,3978.4000,3978.2000,3978.0000,3977.8000,3977.2000,3979.0000,3979.4000,3979.6000,3979.8000,3980.0000,2,4,3,2,1,2,4,13,2,1
SF,IF2003,2019-12-16 09:30:51.000,3979.4000,28929,0,463218660.000,0,-,-,-,-,3978.2000,3978.0000,3977.8000,3977.2000,3977.0000,3979.0000,3979.4000,3979.6000,3979.8000,3980.0000,4,3,2,1,2,2,4,13,2,1
SF,IF2003,2019-12-16 09:30:51.500,3979.4000,28929,0,463218660.000,0,-,-,-,-,3978.2000,3978.0000,3977.8000,3977.2000,3977.0000,3978.8000,3979.0000,3979.4000,3979.6000,3979.8000,4,3,2,1,2,2,3,4,13,2
SF,IF2003,2019-12-16 09:30:52.000,3978.8000,28928,-1,464412300.000,1,0,1,双平,S,3978.2000,3978.0000,3977.8000,3977.2000,3977.0000,3978.8000,3979.0000,3979.4000,3979.6000,3979.8000,4,3,2,1,2,1,3,4,13,2
SF,IF2003,2019-12-16 09:30:52.500,3978.8000,28928,0,464412300.000,0,-,-,-,-,3978.4000,3978.2000,3978.0000,3977.8000,3977.2000,3978.8000,3979.0000,3979.4000,3979.6000,3979.8000,1,4,3,2,1,1,3,4,13,2
SF,IF2003,2019-12-16 09:30:53.000,3978.8000,28927,-1,465605940.000,1,0,1,双平,S,3978.4000,3978.2000,3978.0000,3977.8000,3977.2000,3979.0000,3979.4000,3979.6000,3979.8000,3980.0000,2,4,3,2,1,3,4,13,2,1
SF,IF2003,2019-12-16 09:30:53.500,3978.8000,28927,0,465605940.000,0,-,-,-,-,3978.6000,3978.4000,3978.2000,3978.0000,3977.8000,3979.0000,3979.4000,3979.6000,3979.8000,3980.0000,1,1,4,3,2,3,4,14,2,1
SF,IF2003,2019-12-16 09:30:54.000,3978.8000,28927,0,467993220.000,2,1,1,多换,S,3978.6000,3978.4000,3978.2000,3978.0000,3977.8000,3979.0000,3979.4000,3979.6000,3979.8000,3980.0000,1,1,4,3,2,3,4,14,2,1
SF,IF2003,2019-12-16 09:30:54.500,3978.6000,28927,0,469186800.000,1,0,1,多换,S,3978.6000,3978.4000,3978.2000,3978.0000,3977.8000,3979.0000,3979.4000,3979.6000,3979.8000,3980.0000,1,1,4,3,2,3,4,14,2,1
SF,IF2003,2019-12-16 09:30:55.000,3979.0000,28927,0,472767900.000,3,1,2,多换,S,3979.0000,3978.6000,3978.4000,3978.2000,3978.0000,3979.4000,3979.6000,3979.8000,3980.0000,3980.2000,1,3,1,4,4,2,14,2,1,1
SF,IF2003,2019-12-16 09:30:55.500,3979.0000,28927,0,472767900.000,0,-,-,-,-,3978.6000,3978.4000,3978.2000,3978.0000,3977.8000,3979.0000,3979.6000,3979.8000,3980.0000,3980.2000,3,1,4,4,2,4,14,2,1,1
SF,IF2003,2019-12-16 09:30:56.000,3979.0000,28927,0,476348880.000,3,1,2,多换,S,3978.6000,3978.4000,3978.2000,3978.0000,3977.8000,3979.6000,3979.8000,3980.0000,3980.2000,3980.4000,2,1,4,4,2,14,2,1,1,1
SF,IF2003,2019-12-16 09:30:56.500,3978.6000,28927,0,477542460.000,1,0,1,多换,S,3978.6000,3978.4000,3978.2000,3978.0000,3977.8000,3979.4000,3979.6000,3979.8000,3980.0000,3980.2000,1,1,4,4,2,1,14,2,1,1
SF,IF2003,2019-12-16 09:30:57.000,3978.6000,28928,1,478736040.000,1,1,0,双开,S,3978.4000,3978.2000,3978.0000,3977.8000,3977.0000,3978.6000,3979.4000,3979.6000,3979.8000,3980.0000,1,4,4,2,2,1,1,14,2,1
SF,IF2003,2019-12-16 09:30:57.500,3978.6000,28928,0,479929620.000,1,0,1,多换,S,3978.6000,3978.4000,3978.2000,3978.0000,3977.8000,3979.4000,3979.6000,3979.8000,3980.0000,3980.2000,3,1,4,4,2,1,14,2,1,1
SF,IF2003,2019-12-16 09:30:58.000,3978.2000,28930,2,482316600.000,2,2,0,双开,S,3978.2000,3978.0000,3977.8000,3977.0000,3976.6000,3979.4000,3979.6000,3979.8000,3980.0000,3980.2000,3,4,2,2,2,1,14,2,1,1
SF,IF2003,2019-12-16 09:30:58.500,3978.2000,28930,0,483510060.000,1,0,1,多换,S,3978.2000,3978.0000,3977.8000,3977.0000,3976.6000,3979.2000,3979.4000,3979.6000,3979.8000,3980.0000,2,4,2,2,2,1,1,14,2,1
SF,IF2003,2019-12-16 09:30:59.000,3978.2000,28932,2,485896980.000,2,2,0,双开,S,3978.0000,3977.8000,3977.0000,3976.6000,3976.4000,3979.2000,3979.4000,3979.6000,3979.8000,3980.0000,4,2,2,2,1,2,1,14,2,1
SF,IF2003,2019-12-16 09:30:59.500,3978.2000,28932,0,485896980.000,0,-,-,-,-,3978.0000,3977.8000,3977.0000,3976.6000,3976.4000,3978.6000,3979.2000,3979.6000,3979.8000,3980.0000,4,2,2,2,1,3,2,14,2,1
SF,IF2003,2019-12-16 09:31:00.000,3978.0000,28935,3,489477180.000,3,3,0,双开,S,3978.2000,3978.0000,3977.8000,3977.0000,3976.6000,3978.6000,3979.2000,3979.6000,3979.8000,3980.0000,1,1,2,2,2,3,2,14,2,1
SF,IF2003,2019-12-16 09:31:00.500,3978.2000,28934,-1,490670640.000,1,0,1,双平,S,3978.0000,3977.8000,3977.0000,3976.6000,3976.4000,3978.4000,3978.6000,3979.2000,3979.6000,3979.8000,1,2,2,2,1,2,3,2,14,2
SF,IF2003,2019-12-16 09:31:01.000,3978.0000,28933,-1,491864040.000,1,0,1,双平,S,3977.8000,3977.0000,3976.6000,3976.4000,3976.0000,3978.0000,3978.4000,3978.6000,3979.2000,3979.6000,2,2,2,1,2,2,2,3,2,14
SF,IF2003,2019-12-16 09:31:01.500,3978.6000,28937,4,504991260.000,11,7,4,空开,S,3977.0000,3976.6000,3976.4000,3976.0000,3975.2000,3978.6000,3979.2000,3979.6000,3979.8000,3980.0000,2,2,1,2,1,2,2,14,2,1
SF,IF2003,2019-12-16 09:31:02.000,3979.6000,28937,0,519316080.000,12,6,6,多换,S,3977.2000,3977.0000,3976.6000,3976.4000,3976.0000,3979.6000,3979.8000,3980.0000,3980.2000,3980.4000,1,2,2,1,2,9,2,1,1,1
SF,IF2003,2019-12-16 09:31:02.500,3977.2000,28938,1,526476600.000,6,3,3,空开,S,3977.2000,3977.0000,3976.6000,3976.4000,3976.0000,3979.4000,3979.6000,3979.8000,3980.0000,3980.2000,4,2,2,1,2,1,7,2,1,1
SF,IF2003,2019-12-16 09:31:03.000,3977.2000,28934,-4,531249240.000,4,0,4,双平,S,3977.0000,3976.6000,3976.4000,3976.0000,3975.2000,3979.2000,3979.4000,3979.6000,3979.8000,3980.0000,2,2,1,2,1,1,1,7,2,1
SF,IF2003,2019-12-16 09:31:03.500,3977.2000,28934,0,533635560.000,2,1,1,多换,S,3977.0000,3976.6000,3976.4000,3976.0000,3975.2000,3978.0000,3978.6000,3979.0000,3979.2000,3979.6000,2,2,1,2,1,1,1,2,2,7
SF,IF2003,2019-12-16 09:31:04.000,3977.2000,28934,0,533635560.000,0,-,-,-,-,3977.2000,3977.0000,3976.6000,3976.4000,3976.0000,3978.0000,3978.4000,3978.6000,3978.8000,3979.0000,1,2,2,1,2,1,1,1,1,1
SF,IF2003,2019-12-16 09:31:04.500,3977.8000,28934,0,534828900.000,1,0,1,多换,S,3977.6000,3977.4000,3977.0000,3976.6000,3976.4000,3978.0000,3978.2000,3978.4000,3978.6000,3978.8000,1,1,2,2,1,2,1,1,1,1
SF,IF2003,2019-12-16 09:31:05.000,3977.8000,28934,0,534828900.000,0,-,-,-,-,3977.4000,3977.0000,3976.6000,3976.4000,3976.0000,3978.0000,3978.2000,3978.4000,3978.6000,3978.8000,1,2,2,1,2,2,1,1,1,1
SF,IF2003,2019-12-16 09:31:05.500,3977.4000,28933,-1,537215460.000,2,0,2,多平,S,3977.2000,3977.0000,3976.6000,3976.4000,3976.0000,3977.4000,3978.0000,3978.4000,3978.6000,3978.8000,1,2,2,1,2,1,2,1,1,1
SF,IF2003,2019-12-16 09:31:06.000,3977.4000,28933,0,538408680.000,1,0,1,多换,S,3977.4000,3977.2000,3977.0000,3976.6000,3976.4000,3978.0000,3978.4000,3978.6000,3978.8000,3979.0000,4,1,2,2,1,2,1,1,1,2
SF,IF2003,2019-12-16 09:31:06.500,3977.6000,28931,-2,543181920.000,4,1,3,多平,S,3977.2000,3977.0000,3976.6000,3976.4000,3976.0000,3978.0000,3978.4000,3978.6000,3978.8000,3979.0000,1,2,2,1,2,1,1,1,1,2
SF,IF2003,2019-12-16 09:31:07.000,3977.4000,28933,2,546761760.000,3,2,1,空开,S,3977.2000,3977.0000,3976.6000,3976.4000,3976.0000,3978.6000,3978.8000,3979.0000,3979.4000,3979.6000,1,2,2,1,2,1,1,2,1,9
SF,IF2003,2019-12-16 09:31:07.500,3977.2000,28934,1,549148140.000,2,1,1,空开,S,3977.2000,3977.0000,3976.6000,3976.4000,3976.0000,3978.4000,3978.6000,3978.8000,3979.0000,3979.4000,1,2,2,1,2,1,1,1,2,1
SF,IF2003,2019-12-16 09:31:08.000,3977.2000,28933,-1,550341300.000,1,0,1,双平,S,3978.0000,3977.2000,3977.0000,3976.6000,3976.4000,3978.4000,3978.6000,3978.8000,3979.0000,3979.4000,19,2,2,2,1,1,1,1,2,2
SF,IF2003,2019-12-16 09:31:08.500,3978.6000,28932,-1,552728400.000,2,0,2,多平,S,3978.0000,3977.2000,3977.0000,3976.6000,3976.4000,3979.0000,3979.4000,3979.6000,3979.8000,3980.0000,19,2,2,2,1,1,2,8,2,1
SF,IF2003,2019-12-16 09:31:09.000,3978.2000,28929,-3,556308840.000,3,0,3,双平,S,3978.2000,3978.0000,3977.0000,3976.6000,3976.4000,3979.0000,3979.4000,3979.6000,3979.8000,3980.0000,1,20,2,2,1,1,2,8,2,2
SF,IF2003,2019-12-16 09:31:09.500,3978.2000,28929,0,556308840.000,0,-,-,-,-,3978.2000,3978.0000,3977.0000,3976.6000,3976.4000,3979.4000,3979.6000,3979.8000,3980.2000,3980.4000,1,21,2,2,1,1,7,2,1,1
SF,IF2003,2019-12-16 09:31:10.000,3978.2000,28929,0,556308840.000,0,-,-,-,-,3978.2000,3978.0000,3977.0000,3976.6000,3976.4000,3979.4000,3979.6000,3979.8000,3980.2000,3980.4000,1,20,2,2,1,1,7,2,1,1
SF,IF2003,2019-12-16 09:31:10.500,3978.2000,28929,0,556308840.000,0,-,-,-,-,3978.2000,3978.0000,3977.0000,3976.6000,3976.4000,3979.4000,3979.6000,3979.8000,3980.2000,3980.4000,1,19,2,2,1,1,7,2,1,1
SF,IF2003,2019-12-16 09:31:11.000,3978.2000,28929,0,556308840.000,0,-,-,-,-,3978.2000,3978.0000,3977.0000,3976.6000,3976.4000,3979.2000,3979.4000,3979.6000,3979.8000,3980.2000,1,19,2,2,1,2,1,7,2,1
SF,IF2003,2019-12-16 09:31:12.500,3978.0000,28930,1,558695700.000,2,1,1,空开,S,3978.2000,3978.0000,3977.0000,3976.6000,3976.4000,3979.2000,3979.4000,3979.6000,3979.8000,3980.2000,1,18,3,2,1,2,1,7,2,1
SF,IF2003,2019-12-16 09:31:13.000,3979.2000,28929,-1,563470740.000,4,1,3,多平,S,3979.0000,3978.6000,3978.2000,3978.0000,3977.0000,3979.4000,3979.6000,3979.8000,3980.2000,3980.4000,1,1,1,18,3,1,7,2,1,1
SF,IF2003,2019-12-16 09:31:13.500,3979.4000,28928,-1,564664560.000,1,0,1,双平,S,3978.6000,3978.4000,3978.2000,3978.0000,3977.0000,3979.6000,3979.8000,3980.2000,3980.4000,3980.6000,1,1,1,18,3,7,2,1,1,1
SF,IF2003,2019-12-16 09:31:14.000,3978.8000,28927,-1,568245780.000,3,1,2,多平,S,3978.6000,3978.4000,3978.2000,3978.0000,3977.0000,3979.6000,3979.8000,3980.2000,3980.4000,3981.4000,3,1,1,18,3,7,2,1,1,1
SF,IF2003,2019-12-16 09:31:14.500,3979.4000,28926,-1,569439600.000,1,0,1,双平,S,3978.6000,3978.4000,3978.2000,3978.0000,3977.0000,3979.6000,3979.8000,3980.2000,3980.4000,3981.4000,3,1,1,18,3,7,2,1,1,1
SF,IF2003,2019-12-16 09:31:15.000,3978.6000,28922,-4,576601320.000,6,1,5,多平,S,3978.0000,3977.0000,3976.6000,3976.4000,3976.0000,3978.6000,3979.6000,3979.8000,3980.2000,3980.4000,18,3,2,1,2,1,6,2,1,1
SF,IF2003,2019-12-16 09:31:15.500,3978.6000,28922,0,577794900.000,1,0,1,多换,S,3978.8000,3978.6000,3978.4000,3978.2000,3978.0000,3979.6000,3979.8000,3980.2000,3980.4000,3981.4000,1,4,2,1,18,6,2,1,1,1
SF,IF2003,2019-12-16 09:31:16.000,3978.6000,28922,0,577794900.000,0,-,-,-,-,3978.8000,3978.6000,3978.2000,3978.0000,3977.0000,3979.6000,3979.8000,3980.2000,3980.4000,3981.4000,1,3,1,18,3,6,2,1,1,1
SF,IF2003,2019-12-16 09:31:16.500,3978.8000,28922,0,580182180.000,2,1,1,多换,S,3979.2000,3979.0000,3978.8000,3978.6000,3978.2000,3979.6000,3979.8000,3980.2000,3980.4000,3981.4000,19,1,3,3,1,6,2,1,1,1
SF,IF2003,2019-12-16 09:31:17.000,3979.4000,28917,-5,587345400.000,6,0,6,多平,S,3979.4000,3979.2000,3979.0000,3978.8000,3978.6000,3979.6000,3979.8000,3980.2000,3980.4000,3981.4000,1,19,1,3,1,1,2,1,1,1
SF,IF2003,2019-12-16 09:31:17.500,3979.2000,28919,2,590926740.000,3,2,1,空开,S,3979.2000,3979.0000,3978.8000,3978.6000,3978.2000,3979.6000,3979.8000,3980.2000,3980.4000,3982.8000,17,1,3,1,1,1,2,1,1,1
SF,IF2003,2019-12-16 09:31:18.000,3979.6000,28919,0,592120620.000,1,0,1,多换,S,3979.6000,3979.2000,3979.0000,3978.8000,3978.6000,3979.8000,3980.2000,3980.4000,3981.0000,3982.8000,2,17,1,3,1,2,1,1,1,1
SF,IF2003,2019-12-16 09:31:18.500,3979.6000,28919,0,592120620.000,0,-,-,-,-,3979.6000,3979.2000,3979.0000,3978.8000,3978.6000,3979.8000,3980.2000,3980.4000,3981.0000,3982.8000,1,17,1,3,1,2,1,1,1,1
SF,IF2003,2019-12-16 09:31:19.000,3979.6000,28918,-1,593314500.000,1,0,1,双平,S,3979.2000,3979.0000,3978.8000,3978.6000,3978.2000,3979.8000,3980.2000,3980.4000,3981.0000,3982.8000,17,1,2,1,2,2,1,1,1,1
SF,IF2003,2019-12-16 09:31:19.500,3979.6000,28918,0,593314500.000,0,-,-,-,-,3979.2000,3979.0000,3978.6000,3978.2000,3978.0000,3979.6000,3979.8000,3980.2000,3980.4000,3981.0000,17,2,1,2,18,2,2,1,1,1
SF,IF2003,2019-12-16 09:31:20.000,3979.2000,28919,1,595702140.000,2,1,1,空开,S,3979.2000,3979.0000,3978.6000,3978.2000,3978.0000,3979.8000,3980.2000,3980.4000,3981.0000,3981.4000,16,2,1,2,18,2,1,1,1,1
SF,IF2003,2019-12-16 09:31:20.500,3979.2000,28919,0,598089660.000,2,1,1,多换,S,3979.2000,3979.0000,3978.6000,3978.2000,3978.0000,3979.8000,3980.2000,3981.0000,3981.4000,3982.8000,14,2,1,2,18,2,1,1,1,1
SF,IF2003,2019-12-16 09:31:21.000,3979.2000,28920,1,614802300.000,14,7,7,空开,S,3979.0000,3978.2000,3978.0000,3977.0000,3976.6000,3979.2000,3979.8000,3980.2000,3981.0000,3981.4000,1,2,18,2,2,1,5,1,1,1
SF,IF2003,2019-12-16 09:31:22.000,3979.2000,28921,1,615996060.000,1,1,0,双开,S,3979.0000,3978.2000,3978.0000,3977.0000,3976.6000,3979.8000,3980.2000,3980.8000,3981.0000,3981.4000,1,2,18,2,2,5,1,1,1,1
SF,IF2003,2019-12-16 09:31:22.500,3979.8000,28919,-2,618383940.000,2,0,2,双平,S,3979.0000,3978.2000,3978.0000,3977.0000,3976.6000,3979.8000,3980.2000,3980.8000,3981.0000,3981.4000,3,2,18,2,2,1,1,1,1,1
SF,IF2003,2019-12-16 09:31:23.000,3979.8000,28918,-1,619577880.000,1,0,1,双平,S,3979.8000,3979.4000,3979.2000,3979.0000,3978.2000,3980.2000,3980.8000,3981.0000,3981.4000,3982.8000,1,2,2,3,1,1,1,1,1,1
SF,IF2003,2019-12-16 09:31:23.500,3979.8000,28919,1,621965760.000,2,1,1,空开,S,3979.8000,3979.4000,3979.2000,3979.0000,3978.2000,3980.2000,3981.0000,3981.4000,3982.8000,3983.2000,2,1,2,3,1,1,1,1,1,1
SF,IF2003,2019-12-16 09:31:24.000,3980.2000,28919,0,623159820.000,1,0,1,多换,S,3979.8000,3979.4000,3979.2000,3979.0000,3978.2000,3981.0000,3981.4000,3982.8000,3984.0000,3984.8000,2,2,2,1,1,1,1,1,1,1
SF,IF2003,2019-12-16 09:31:24.500,3979.8000,28919,0,625547760.000,2,1,1,多换,S,3980.0000,3979.8000,3979.4000,3979.2000,3979.0000,3981.4000,3982.8000,3984.0000,3984.8000,3985.0000,1,1,2,1,1,1,1,1,1,6
SF,IF2003,2019-12-16 09:31:25.000,3979.8000,28919,0,625547760.000,0,-,-,-,-,3980.2000,3980.0000,3979.8000,3979.4000,3979.2000,3981.2000,3982.8000,3984.0000,3984.8000,3985.0000,1,2,1,2,1,1,1,1,1,6
SF,IF2003,2019-12-16 09:31:25.500,3979.8000,28920,1,627935640.000,2,1,1,空开,S,3979.8000,3979.4000,3979.2000,3979.0000,3978.2000,3980.2000,3981.0000,3981.6000,3982.8000,3984.0000,1,2,1,1,1,2,1,1,1,1
SF,IF2003,2019-12-16 09:31:26.000,3980.2000,28920,0,630323760.000,2,1,1,多换,S,3980.2000,3979.8000,3979.4000,3979.2000,3979.0000,3981.0000,3981.6000,3982.8000,3984.0000,3984.8000,3,1,2,1,1,2,1,1,1,1
SF,IF2003,2019-12-16 09:31:26.500,3980.2000,28920,0,630323760.000,0,-,-,-,-,3980.4000,3980.2000,3979.8000,3979.4000,3979.0000,3981.0000,3981.6000,3982.8000,3984.0000,3984.8000,2,1,1,2,1,2,1,1,1,1
SF,IF2003,2019-12-16 09:31:27.000,3980.2000,28920,0,630323760.000,0,-,-,-,-,3980.4000,3980.2000,3979.8000,3979.4000,3979.0000,3981.0000,3981.8000,3982.8000,3984.0000,3984.8000,3,1,1,1,1,2,2,1,1,1
SF,IF2003,2019-12-16 09:31:27.500,3980.2000,28920,0,630323760.000,0,-,-,-,-,3980.6000,3980.4000,3980.2000,3980.0000,3979.8000,3981.0000,3981.8000,3982.8000,3984.0000,3984.8000,1,3,1,1,1,2,2,1,1,1
SF,IF2003,2019-12-16 09:31:28.000,3980.2000,28919,-1,631517820.000,1,0,1,双平,S,3980.4000,3980.2000,3980.0000,3979.8000,3979.6000,3981.0000,3981.8000,3982.8000,3984.0000,3984.8000,3,1,1,2,1,2,2,1,1,1
SF,IF2003,2019-12-16 09:31:28.500,3980.2000,28919,0,631517820.000,0,-,-,-,-,3980.4000,3980.2000,3980.0000,3979.8000,3979.6000,3981.0000,3981.8000,3982.8000,3984.0000,3984.8000,4,1,1,2,1,2,2,1,1,1
SF,IF2003,2019-12-16 09:31:30.000,3981.0000,28919,0,633906420.000,2,1,1,多换,S,3980.4000,3980.2000,3980.0000,3979.8000,3979.4000,3981.8000,3982.8000,3984.0000,3984.8000,3985.2000,4,1,1,2,1,2,1,1,1,1
SF,IF2003,2019-12-16 09:31:30.500,3981.0000,28919,0,633906420.000,0,-,-,-,-,3981.0000,3980.6000,3980.4000,3980.2000,3980.0000,3981.4000,3981.8000,3982.8000,3984.0000,3984.8000,1,2,3,1,1,1,2,1,1,1
SF,IF2003,2019-12-16 09:31:31.000,3981.2000,28920,1,638684400.000,4,2,2,空开,S,3981.4000,3981.0000,3980.6000,3980.4000,3980.2000,3982.8000,3983.2000,3984.8000,3985.2000,3985.8000,1,6,1,3,1,1,1,1,1,1
SF,IF2003,2019-12-16 09:31:31.500,3981.4000,28920,0,641073240.000,2,1,1,多换,S,3981.0000,3980.4000,3980.2000,3980.0000,3979.8000,3982.2000,3982.8000,3983.2000,3984.8000,3985.2000,6,3,1,1,2,1,1,1,1,1
SF,IF2003,2019-12-16 09:31:32.000,3981.0000,28921,1,643461900.000,2,1,1,空开,S,3981.0000,3980.4000,3980.2000,3980.0000,3979.8000,3982.2000,3982.8000,3983.2000,3984.8000,3985.2000,5,3,1,1,2,2,1,2,1,1
SF,IF2003,2019-12-16 09:31:32.500,3981.0000,28922,1,644656200.000,1,1,0,双开,S,3981.0000,3980.4000,3980.2000,3980.0000,3979.8000,3982.0000,3982.2000,3982.8000,3983.2000,3984.8000,4,3,1,1,2,1,1,1,2,1
SF,IF2003,2019-12-16 09:31:33.000,3981.0000,28922,0,644656200.000,0,-,-,-,-,3981.0000,3980.4000,3980.2000,3980.0000,3979.8000,3982.0000,3982.2000,3982.8000,3983.2000,3984.8000,5,2,1,1,2,1,1,1,2,1
SF,IF2003,2019-12-16 09:31:34.000,3981.0000,28922,0,644656200.000,0,-,-,-,-,3981.0000,3980.4000,3980.2000,3980.0000,3979.8000,3982.0000,3982.2000,3982.8000,3983.2000,3984.8000,5,2,1,1,2,1,1,1,2,1
SF,IF2003,2019-12-16 09:31:34.500,3981.0000,28924,2,647044800.000,2,2,0,双开,S,3981.0000,3980.4000,3980.2000,3980.0000,3979.8000,3982.0000,3982.2000,3982.8000,3983.2000,3984.8000,2,2,1,1,2,3,1,1,2,1
SF,IF2003,2019-12-16 09:31:35.000,3981.0000,28925,1,648239100.000,1,1,0,双开,S,3981.0000,3980.4000,3980.2000,3980.0000,3979.8000,3982.0000,3982.2000,3982.8000,3983.2000,3984.8000,1,1,1,1,2,1,1,1,2,1
SF,IF2003,2019-12-16 09:31:35.500,3981.8000,28925,0,649433640.000,1,0,1,多换,S,3981.0000,3980.4000,3980.2000,3980.0000,3979.8000,3982.0000,3982.2000,3982.8000,3983.2000,3984.8000,1,1,1,1,2,3,1,1,2,1
SF,IF2003,2019-12-16 09:31:36.000,3981.0000,28925,0,650627940.000,1,0,1,多换,S,3980.2000,3980.0000,3979.8000,3979.4000,3979.0000,3981.0000,3981.8000,3982.0000,3982.2000,3982.8000,1,1,2,1,3,2,1,2,1,1
SF,IF2003,2019-12-16 09:31:36.500,3981.8000,28927,2,654211080.000,3,2,1,空开,S,3980.6000,3980.4000,3980.2000,3980.0000,3979.8000,3982.0000,3982.2000,3982.8000,3983.2000,3984.8000,1,2,1,1,2,1,1,1,2,1
SF,IF2003,2019-12-16 09:31:37.000,3981.0000,28927,0,655405380.000,1,0,1,多换,S,3980.4000,3980.2000,3980.0000,3979.8000,3979.4000,3980.6000,3981.0000,3982.0000,3982.2000,3982.8000,1,1,1,2,1,4,1,2,1,1
SF,IF2003,2019-12-16 09:31:37.500,3980.6000,28926,-1,662570460.000,6,2,4,多平,S,3980.4000,3980.2000,3980.0000,3979.8000,3979.4000,3981.0000,3982.0000,3982.2000,3982.8000,3983.2000,1,1,1,2,1,1,2,1,1,2
SF,IF2003,2019-12-16 09:31:38.000,3981.0000,28927,1,663764760.000,1,1,0,双开,S,3980.4000,3980.0000,3979.8000,3979.4000,3979.0000,3980.6000,3982.0000,3982.2000,3982.8000,3983.2000,1,1,2,1,3,1,2,1,1,2
SF,IF2003,2019-12-16 09:31:38.500,3980.6000,28927,0,664958940.000,1,0,1,多换,S,3980.4000,3980.0000,3979.8000,3979.4000,3979.0000,3982.0000,3982.2000,3982.8000,3983.0000,3983.2000,1,1,2,1,4,2,1,1,1,2
SF,IF2003,2019-12-16 09:31:39.000,3980.4000,28927,0,666153060.000,1,0,1,多换,S,3980.0000,3979.8000,3979.4000,3979.0000,3978.0000,3981.8000,3982.0000,3982.2000,3982.8000,3983.0000,1,2,1,4,18,2,3,1,1,1
SF,IF2003,2019-12-16 09:31:39.500,3980.4000,28927,0,666153060.000,0,-,-,-,-,3980.0000,3979.8000,3979.4000,3979.0000,3978.0000,3980.4000,3981.6000,3981.8000,3982.0000,3982.2000,1,2,1,4,18,2,1,2,3,1
SF,IF2003,2019-12-16 09:31:40.000,3980.0000,28927,0,667347060.000,1,0,1,多换,S,3979.8000,3979.4000,3979.0000,3978.0000,3977.0000,3980.4000,3981.6000,3981.8000,3982.0000,3982.8000,2,1,4,18,3,2,2,2,2,1
SF,IF2003,2019-12-16 09:31:40.500,3980.0000,28927,0,667347060.000,0,-,-,-,-,3979.8000,3979.4000,3979.0000,3978.0000,3977.0000,3980.4000,3981.6000,3981.8000,3982.0000,3982.8000,1,1,4,18,3,2,2,2,3,1
SF,IF2003,2019-12-16 09:31:41.000,3980.0000,28927,0,667347060.000,0,-,-,-,-,3979.8000,3979.4000,3979.0000,3978.0000,3977.0000,3980.4000,3981.6000,3981.8000,3982.0000,3982.8000,1,1,4,18,3,2,4,2,3,1
SF,IF2003,2019-12-16 09:31:41.500,3980.4000,28929,2,669735300.000,2,2,0,双开,S,3980.4000,3979.8000,3979.4000,3979.0000,3978.0000,3981.6000,3981.8000,3982.0000,3982.8000,3983.2000,11,1,1,4,18,4,2,2,1,1
SF,IF2003,2019-12-16 09:31:42.000,3980.4000,28929,0,669735300.000,0,-,-,-,-,3980.4000,3979.8000,3979.4000,3979.0000,3978.0000,3981.0000,3981.4000,3981.6000,3981.8000,3982.0000,12,1,1,4,18,1,1,6,1,2
SF,IF2003,2019-12-16 09:31:42.500,3980.4000,28931,2,672123540.000,2,2,0,双开,S,3980.4000,3979.8000,3979.4000,3979.0000,3978.0000,3981.0000,3981.4000,3981.6000,3981.8000,3982.0000,10,1,1,4,18,1,1,5,1,1
SF,IF2003,2019-12-16 09:31:43.000,3980.4000,28931,0,672123540.000,0,-,-,-,-,3980.4000,3979.8000,3979.4000,3979.0000,3978.0000,3981.0000,3981.4000,3981.6000,3981.8000,3982.0000,10,1,1,4,18,1,1,4,1,1
SF,IF2003,2019-12-16 09:31:43.500,3980.4000,28931,0,672123540.000,0,-,-,-,-,3980.4000,3979.8000,3979.4000,3979.0000,3978.0000,3981.0000,3981.4000,3981.6000,3981.8000,3982.0000,10,1,1,4,19,3,1,4,1,2
SF,IF2003,2019-12-16 09:31:44.000,3980.4000,28933,2,675705900.000,3,2,1,空开,S,3980.4000,3979.8000,3979.4000,3979.0000,3978.0000,3981.0000,3981.4000,3981.6000,3981.8000,3982.0000,7,1,1,4,19,3,1,4,1,2
SF,IF2003,2019-12-16 09:31:44.500,3981.0000,28934,1,680483100.000,4,2,2,空开,S,3981.0000,3980.4000,3980.2000,3979.8000,3979.4000,3981.4000,3981.6000,3981.8000,3982.0000,3982.8000,9,7,1,1,1,1,4,1,2,1
SF,IF2003,2019-12-16 09:31:45.000,3981.0000,28938,4,691231800.000,9,6,3,空开,S,3980.4000,3980.2000,3979.8000,3979.4000,3979.0000,3981.0000,3981.2000,3981.4000,3981.6000,3981.8000,7,1,1,1,4,1,2,1,4,1
SF,IF2003,2019-12-16 09:31:45.500,3981.0000,28938,0,691231800.000,0,-,-,-,-,3980.4000,3980.2000,3979.8000,3979.4000,3979.0000,3981.0000,3981.2000,3981.4000,3981.6000,3981.8000,7,1,1,1,4,1,2,1,3,1
SF,IF2003,2019-12-16 09:31:46.500,3980.4000,28941,3,694814340.000,3,3,0,双开,S,3980.4000,3980.2000,3979.8000,3979.6000,3979.4000,3981.2000,3981.4000,3981.6000,3981.8000,3982.0000,5,1,1,1,1,2,1,3,1,1
SF,IF2003,2019-12-16 09:31:48.000,3981.2000,28943,2,699591780.000,4,3,1,空开,S,3981.2000,3980.6000,3980.4000,3980.2000,3979.8000,3981.4000,3981.6000,3981.8000,3982.0000,3982.8000,9,1,5,1,1,1,3,1,1,1
SF,IF2003,2019-12-16 09:31:48.500,3981.2000,28944,1,703174860.000,3,2,1,空开,S,3981.2000,3980.6000,3980.4000,3980.2000,3980.0000,3981.4000,3981.6000,3981.8000,3982.0000,3982.8000,6,1,5,1,1,1,3,1,2,1
SF,IF2003,2019-12-16 09:31:49.000,3981.2000,28944,0,710341020.000,6,3,3,多换,S,3981.0000,3980.6000,3980.4000,3980.2000,3980.0000,3981.2000,3981.4000,3981.6000,3981.8000,3982.0000,5,1,5,1,1,1,1,3,1,2
SF,IF2003,2019-12-16 09:31:49.500,3981.0000,28948,4,715118220.000,4,4,0,双开,S,3981.0000,3980.6000,3980.4000,3980.2000,3980.0000,3981.4000,3981.6000,3982.0000,3982.8000,3983.2000,1,1,5,1,1,1,3,2,1,1
SF,IF2003,2019-12-16 09:31:50.000,3981.0000,28949,1,716312520.000,1,1,0,双开,S,3980.6000,3980.4000,3980.2000,3980.0000,3979.8000,3981.4000,3981.6000,3982.0000,3982.8000,3983.2000,1,5,1,1,1,1,2,2,1,1
SF,IF2003,2019-12-16 09:31:50.500,3981.2000,28953,4,722284080.000,5,4,1,空开,S,3980.6000,3980.4000,3980.2000,3980.0000,3979.8000,3981.0000,3981.4000,3981.6000,3982.0000,3982.8000,1,5,1,1,1,20,2,2,2,1
SF,IF2003,2019-12-16 09:31:51.000,3980.6000,28954,1,723478260.000,1,1,0,双开,S,3980.4000,3980.2000,3980.0000,3979.8000,3979.6000,3980.6000,3981.0000,3981.2000,3981.4000,3982.0000,5,1,1,1,1,1,20,1,1,2
SF,IF2003,2019-12-16 09:31:52.000,3980.6000,28955,1,724672440.000,1,1,0,双开,S,3980.4000,3980.2000,3980.0000,3979.8000,3979.6000,3980.6000,3981.0000,3981.2000,3981.4000,3982.0000,5,1,1,1,1,1,20,1,1,2
SF,IF2003,2019-12-16 09:31:52.500,3980.6000,28954,-1,725866620.000,1,0,1,双平,S,3980.6000,3980.4000,3980.2000,3980.0000,3979.8000,3981.0000,3981.2000,3981.4000,3982.0000,3982.8000,1,5,1,1,1,20,1,1,2,1
SF,IF2003,2019-12-16 09:31:53.000,3980.6000,28953,-1,727060800.000,1,0,1,双平,S,3980.4000,3980.2000,3980.0000,3979.8000,3979.4000,3981.0000,3981.2000,3981.4000,3982.0000,3982.8000,5,1,1,1,1,20,2,1,2,1
SF,IF2003,2019-12-16 09:31:53.500,3980.4000,28955,2,729449100.000,2,2,0,双开,S,3980.4000,3980.2000,3980.0000,3979.8000,3979.4000,3981.0000,3981.2000,3981.4000,3982.0000,3982.8000,4,1,1,1,1,20,2,1,2,2
SF,IF2003,2019-12-16 09:31:54.000,3981.0000,28951,-4,734226300.000,4,0,4,双平,S,3980.4000,3980.2000,3980.0000,3979.8000,3979.4000,3981.0000,3981.2000,3982.0000,3982.8000,3983.2000,4,1,1,1,1,16,2,2,2,1
SF,IF2003,2019-12-16 09:31:54.500,3980.4000,28951,0,735420420.000,1,0,1,多换,S,3980.4000,3980.2000,3980.0000,3979.8000,3979.4000,3981.0000,3981.2000,3982.0000,3982.8000,3983.2000,3,1,1,1,1,16,2,2,1,1
SF,IF2003,2019-12-16 09:31:55.000,3980.4000,28953,2,737808660.000,2,2,0,双开,S,3980.4000,3980.2000,3980.0000,3979.8000,3979.4000,3981.0000,3981.2000,3982.0000,3982.8000,3983.2000,1,1,1,1,1,16,2,2,1,1
SF,IF2003,2019-12-16 09:31:56.000,3980.4000,28953,0,737808660.000,0,-,-,-,-,3980.4000,3980.2000,3980.0000,3979.8000,3979.4000,3981.0000,3981.2000,3982.0000,3982.8000,3983.2000,1,1,1,1,1,16,2,2,1,1
SF,IF2003,2019-12-16 09:31:57.000,3981.0000,28952,-1,739002960.000,1,0,1,双平,S,3980.4000,3980.2000,3980.0000,3979.8000,3979.4000,3981.0000,3981.2000,3982.0000,3982.8000,3983.2000,1,1,1,1,1,15,2,2,1,1
SF,IF2003,2019-12-16 09:31:57.500,3981.0000,28953,1,756917040.000,15,8,7,空开,S,3980.0000,3979.8000,3979.4000,3979.0000,3978.6000,3981.0000,3981.2000,3982.0000,3982.8000,3983.2000,1,1,1,5,1,2,2,2,1,1
SF,IF2003,2019-12-16 09:31:58.000,3981.0000,28953,0,756917040.000,0,-,-,-,-,3980.0000,3979.8000,3979.4000,3979.0000,3978.6000,3980.8000,3981.0000,3981.2000,3982.0000,3982.8000,1,1,1,5,1,1,2,2,2,1
SF,IF2003,2019-12-16 09:31:58.500,3980.0000,28954,1,758111040.000,1,1,0,双开,S,3979.8000,3979.4000,3979.0000,3978.6000,3978.0000,3980.0000,3980.8000,3981.0000,3981.2000,3982.0000,1,1,5,1,19,1,1,2,2,2
SF,IF2003,2019-12-16 09:31:59.000,3980.0000,28955,1,760499040.000,2,1,1,空开,S,3979.8000,3979.4000,3979.0000,3978.6000,3978.0000,3980.8000,3981.0000,3981.2000,3982.0000,3982.8000,1,1,4,1,19,2,2,2,2,1
SF,IF2003,2019-12-16 09:31:59.500,3980.0000,28955,0,761693040.000,1,0,1,多换,S,3979.8000,3979.4000,3979.0000,3978.6000,3978.0000,3980.6000,3980.8000,3981.0000,3981.2000,3982.0000,1,1,4,1,19,1,2,2,2,2
SF,IF2003,2019-12-16 09:32:00.500,3979.8000,28956,1,764080920.000,2,1,1,空开,S,3979.4000,3979.0000,3978.0000,3977.8000,3977.4000,3980.6000,3980.8000,3981.0000,3981.2000,3982.0000,1,4,19,1,1,1,2,3,2,2
SF,IF2003,2019-12-16 09:32:01.000,3979.8000,28956,0,764080920.000,0,-,-,-,-,3979.6000,3979.4000,3979.0000,3978.0000,3977.8000,3979.8000,3980.4000,3980.6000,3981.0000,3981.2000,1,1,4,19,1,4,4,2,3,2
SF,IF2003,2019-12-16 09:32:01.500,3979.4000,28957,1,765274740.000,1,1,0,双开,S,3979.0000,3978.0000,3977.4000,3977.0000,3976.6000,3979.2000,3979.4000,3980.4000,3980.6000,3981.0000,4,19,1,3,2,2,1,1,2,3
SF,IF2003,2019-12-16 09:32:02.000,3979.4000,28958,1,768856080.000,3,2,1,空开,S,3979.4000,3979.2000,3979.0000,3978.0000,3977.4000,3980.4000,3980.6000,3981.0000,3981.2000,3982.0000,1,5,4,19,1,1,2,3,2,2
SF,IF2003,2019-12-16 09:32:02.500,3979.4000,28960,2,771243720.000,2,2,0,双开,S,3979.4000,3979.2000,3979.0000,3978.0000,3977.4000,3980.4000,3980.6000,3981.0000,3981.2000,3981.8000,1,4,4,19,1,1,2,3,2,1
SF,IF2003,2019-12-16 09:32:03.000,3980.4000,28959,-1,772437840.000,1,0,1,双平,S,3979.2000,3979.0000,3978.0000,3977.4000,3977.0000,3980.6000,3981.0000,3981.2000,3981.8000,3982.0000,3,4,19,1,3,1,3,2,2,2
SF,IF2003,2019-12-16 09:32:03.500,3980.4000,28959,0,772437840.000,0,-,-,-,-,3979.4000,3979.2000,3979.0000,3978.0000,3977.4000,3980.4000,3980.6000,3981.0000,3981.2000,3981.8000,2,3,4,19,1,1,1,3,2,2
SF,IF2003,2019-12-16 09:32:04.000,3980.4000,28958,-1,773631960.000,1,0,1,双平,S,3979.6000,3979.4000,3979.2000,3979.0000,3978.0000,3980.4000,3981.0000,3981.2000,3981.8000,3982.0000,2,3,3,4,19,1,3,2,2,2
SF,IF2003,2019-12-16 09:32:04.500,3980.4000,28958,0,773631960.000,0,-,-,-,-,3979.6000,3979.4000,3979.2000,3979.0000,3978.0000,3980.4000,3981.0000,3981.2000,3981.8000,3982.0000,2,1,3,4,20,1,3,1,2,2
SF,IF2003,2019-12-16 09:32:05.000,3980.4000,28958,0,774826080.000,1,0,1,多换,S,3979.6000,3979.4000,3979.2000,3979.0000,3978.0000,3980.4000,3981.0000,3981.2000,3981.8000,3982.0000,3,1,3,4,20,2,3,1,2,2
SF,IF2003,2019-12-16 09:32:05.500,3980.4000,28957,-1,780796140.000,5,2,3,多平,S,3980.4000,3979.4000,3979.2000,3979.0000,3978.0000,3981.0000,3981.2000,3981.8000,3982.0000,3982.8000,16,1,3,4,20,3,1,2,2,1
SF,IF2003,2019-12-16 09:32:06.000,3980.4000,28960,3,798707940.000,15,9,6,空开,S,3980.4000,3979.4000,3979.2000,3979.0000,3978.0000,3981.0000,3981.2000,3981.8000,3982.0000,3982.8000,1,1,3,4,20,3,1,2,2,1
SF,IF2003,2019-12-16 09:32:06.500,3980.4000,28961,1,799902060.000,1,1,0,双开,S,3979.4000,3979.2000,3979.0000,3978.0000,3977.0000,3980.2000,3980.4000,3980.6000,3980.8000,3981.0000,1,3,4,20,3,1,4,1,2,3
SF,IF2003,2019-12-16 09:32:07.000,3979.4000,28961,0,801095880.000,1,0,1,多换,S,3979.2000,3979.0000,3978.0000,3977.0000,3976.6000,3979.4000,3980.2000,3980.4000,3980.6000,3980.8000,3,4,20,3,2,1,1,4,1,1
SF,IF2003,2019-12-16 09:32:07.500,3979.4000,28961,0,802289700.000,1,0,1,多换,S,3979.4000,3979.2000,3979.0000,3978.0000,3977.0000,3980.2000,3980.4000,3980.8000,3981.0000,3981.2000,3,2,4,20,3,1,1,1,3,1
SF,IF2003,2019-12-16 09:32:08.000,3980.2000,28961,0,803483760.000,1,0,1,多换,S,3979.4000,3979.2000,3979.0000,3978.0000,3977.0000,3980.4000,3980.8000,3981.0000,3981.2000,3981.4000,1,2,4,20,3,1,1,3,1,1
SF,IF2003,2019-12-16 09:32:08.500,3979.4000,28961,0,805871460.000,2,1,1,多换,S,3979.4000,3979.2000,3979.0000,3978.0000,3977.0000,3980.0000,3980.2000,3980.8000,3981.0000,3981.2000,1,2,5,20,3,1,1,1,3,1
SF,IF2003,2019-12-16 09:32:09.000,3980.2000,28960,-1,808259520.000,2,0,2,多平,S,3979.4000,3979.2000,3979.0000,3978.0000,3977.0000,3980.8000,3981.0000,3981.2000,3981.4000,3981.8000,1,2,5,20,3,2,3,2,1,2
SF,IF2003,2019-12-16 09:32:09.500,3979.4000,28958,-2,810647220.000,2,0,2,双平,S,3979.2000,3979.0000,3978.8000,3978.0000,3977.0000,3979.4000,3980.6000,3980.8000,3981.0000,3981.2000,2,5,1,20,3,2,1,2,3,2
SF,IF2003,2019-12-16 09:32:10.000,3979.4000,28956,-2,813034860.000,2,0,2,双平,S,3979.6000,3979.4000,3979.2000,3979.0000,3978.8000,3980.6000,3980.8000,3981.0000,3981.2000,3981.4000,4,3,2,5,1,1,2,3,1,1
SF,IF2003,2019-12-16 09:32:10.500,3980.6000,28955,-1,814229040.000,1,0,1,双平,S,3979.4000,3979.2000,3979.0000,3978.8000,3978.0000,3980.8000,3981.0000,3981.2000,3981.4000,3981.8000,1,2,6,1,20,2,3,1,1,1
SF,IF2003,2019-12-16 09:32:11.000,3980.6000,28955,0,814229040.000,0,-,-,-,-,3979.6000,3979.4000,3979.2000,3979.0000,3978.8000,3980.6000,3980.8000,3981.0000,3981.2000,3981.4000,1,1,2,6,1,2,2,3,1,1
SF,IF2003,2019-12-16 09:32:11.500,3979.6000,28955,0,815422920.000,1,0,1,多换,S,3979.4000,3979.2000,3979.0000,3978.8000,3978.0000,3979.6000,3980.4000,3980.6000,3980.8000,3981.0000,1,2,6,1,20,1,1,3,2,3
SF,IF2003,2019-12-16 09:32:12.000,3979.6000,28955,0,816616800.000,1,0,1,多换,S,3979.2000,3979.0000,3978.8000,3978.0000,3977.0000,3980.4000,3980.6000,3980.8000,3981.0000,3981.2000,2,6,1,20,3,1,3,2,3,1
SF,IF2003,2019-12-16 09:32:12.500,3979.2000,28955,0,819004320.000,2,1,1,多换,S,3979.0000,3978.8000,3978.0000,3977.0000,3976.6000,3980.2000,3980.4000,3980.6000,3980.8000,3981.0000,6,1,20,3,2,2,1,3,2,3
SF,IF2003,2019-12-16 09:32:13.000,3979.2000,28955,0,819004320.000,0,-,-,-,-,3979.2000,3979.0000,3978.8000,3978.0000,3977.0000,3980.2000,3980.6000,3980.8000,3981.0000,3981.2000,2,7,1,20,3,1,3,2,3,1
SF,IF2003,2019-12-16 09:32:13.500,3979.2000,28955,0,819004320.000,0,-,-,-,-,3979.2000,3979.0000,3978.8000,3978.0000,3977.0000,3980.2000,3980.6000,3980.8000,3981.0000,3981.2000,2,7,1,20,3,1,3,3,3,1
SF,IF2003,2019-12-16 09:32:14.000,3979.2000,28953,-2,821391840.000,2,0,2,双平,S,3979.0000,3978.8000,3978.0000,3977.0000,3976.6000,3979.2000,3980.2000,3980.6000,3980.8000,3981.0000,7,1,20,3,2,2,1,2,2,3
SF,IF2003,2019-12-16 09:32:14.500,3979.2000,28953,0,824973120.000,3,1,2,多换,S,3979.2000,3979.0000,3978.8000,3978.0000,3977.0000,3980.2000,3980.6000,3980.8000,3981.0000,3981.2000,3,7,1,20,3,1,2,2,3,1
SF,IF2003,2019-12-16 09:32:15.000,3979.2000,28953,0,824973120.000,0,-,-,-,-,3979.0000,3978.8000,3978.0000,3977.0000,3976.6000,3980.2000,3980.6000,3980.8000,3981.0000,3981.2000,7,1,20,3,2,1,2,2,3,1
SF,IF2003,2019-12-16 09:32:15.500,3979.2000,28953,0,824973120.000,0,-,-,-,-,3979.4000,3979.0000,3978.8000,3978.0000,3977.0000,3980.2000,3980.6000,3980.8000,3981.0000,3981.2000,1,7,1,20,3,1,2,2,3,1
SF,IF2003,2019-12-16 09:32:16.000,3979.0000,28955,2,827360580.000,2,2,0,双开,S,3979.0000,3978.8000,3978.0000,3977.0000,3976.6000,3980.0000,3980.2000,3980.6000,3980.8000,3981.0000,6,1,20,3,2,4,1,2,2,4
SF,IF2003,2019-12-16 09:32:16.500,3979.0000,28956,1,829747980.000,2,1,1,空开,S,3979.0000,3978.8000,3978.0000,3977.0000,3976.6000,3979.4000,3979.8000,3980.6000,3980.8000,3981.0000,4,1,20,3,2,2,1,2,2,4
SF,IF2003,2019-12-16 09:32:17.000,3980.6000,28953,-3,835717800.000,5,1,4,多平,S,3979.4000,3979.0000,3978.8000,3978.0000,3977.0000,3980.8000,3981.0000,3981.2000,3981.4000,3981.8000,5,4,1,20,3,2,4,1,1,3
SF,IF2003,2019-12-16 09:32:17.500,3979.6000,28953,0,836911680.000,1,0,1,多换,S,3979.4000,3979.0000,3978.8000,3978.0000,3977.0000,3980.2000,3980.6000,3980.8000,3981.0000,3981.2000,2,3,1,20,3,1,1,2,4,1
SF,IF2003,2019-12-16 09:32:18.000,3979.6000,28953,0,836911680.000,0,-,-,-,-,3979.4000,3979.2000,3979.0000,3978.8000,3978.0000,3980.2000,3980.6000,3980.8000,3981.0000,3981.2000,2,2,3,1,20,2,1,2,4,1
SF,IF2003,2019-12-16 09:32:18.500,3979.6000,28953,0,836911680.000,0,-,-,-,-,3979.4000,3979.2000,3979.0000,3978.8000,3978.0000,3980.0000,3980.2000,3980.6000,3980.8000,3981.0000,2,2,3,1,20,1,2,1,2,4
SF,IF2003,2019-12-16 09:32:19.000,3979.6000,28953,0,836911680.000,0,-,-,-,-,3979.4000,3979.2000,3979.0000,3978.8000,3978.0000,3980.0000,3980.2000,3980.6000,3980.8000,3981.0000,2,1,3,1,20,1,2,1,2,4
SF,IF2003,2019-12-16 09:32:19.500,3979.6000,28953,0,836911680.000,0,-,-,-,-,3979.4000,3979.2000,3979.0000,3978.8000,3978.0000,3980.0000,3980.2000,3980.6000,3980.8000,3981.0000,2,1,3,1,20,1,2,1,2,4
SF,IF2003,2019-12-16 09:32:20.500,3980.0000,28954,1,841687260.000,4,2,2,空开,S,3979.2000,3979.0000,3978.8000,3978.0000,3977.0000,3980.2000,3980.6000,3980.8000,3981.0000,3981.2000,1,3,1,20,3,2,1,2,4,1
SF,IF2003,2019-12-16 09:32:21.000,3980.0000,28954,0,841687260.000,0,-,-,-,-,3979.2000,3979.0000,3978.8000,3978.0000,3977.0000,3980.2000,3980.6000,3980.8000,3981.0000,3981.2000,2,3,1,20,3,2,1,2,4,1
SF,IF2003,2019-12-16 09:32:21.500,3980.0000,28954,0,841687260.000,0,-,-,-,-,3979.2000,3979.0000,3978.8000,3978.0000,3977.0000,3980.2000,3980.6000,3980.8000,3981.0000,3981.2000,2,3,1,20,3,1,1,2,4,1
SF,IF2003,2019-12-16 09:32:22.000,3980.2000,28954,0,842881320.000,1,0,1,多换,S,3980.2000,3979.4000,3979.2000,3979.0000,3978.8000,3980.6000,3980.8000,3981.0000,3981.2000,3981.8000,1,2,2,3,1,1,2,4,1,3
SF,IF2003,2019-12-16 09:32:22.500,3980.2000,28954,0,842881320.000,0,-,-,-,-,3980.2000,3979.4000,3979.2000,3979.0000,3978.8000,3980.8000,3981.0000,3981.2000,3981.8000,3982.0000,1,2,2,3,1,2,4,1,3,1
SF,IF2003,2019-12-16 09:32:23.000,3980.2000,28954,0,842881320.000,0,-,-,-,-,3980.2000,3979.4000,3979.2000,3979.0000,3978.8000,3980.8000,3981.0000,3981.2000,3981.8000,3982.0000,1,3,2,3,1,2,4,1,3,1
SF,IF2003,2019-12-16 09:32:23.500,3980.2000,28954,0,842881320.000,0,-,-,-,-,3980.2000,3979.6000,3979.4000,3979.2000,3979.0000,3980.8000,3981.0000,3981.2000,3981.8000,3982.0000,1,1,2,2,3,2,4,1,3,1
SF,IF2003,2019-12-16 09:32:24.000,3980.8000,28953,-1,845269800.000,2,0,2,多平,S,3980.8000,3980.4000,3980.2000,3979.6000,3979.4000,3981.0000,3981.2000,3981.8000,3982.0000,3982.8000,1,1,2,1,1,4,1,3,1,1
SF,IF2003,2019-12-16 09:32:24.500,3980.4000,28952,-1,847658160.000,2,0,2,多平,S,3980.2000,3979.6000,3979.4000,3979.2000,3979.0000,3981.0000,3981.2000,3981.8000,3982.0000,3982.8000,2,1,1,1,3,4,1,3,1,1
SF,IF2003,2019-12-16 09:32:25.000,3980.4000,28952,0,847658160.000,0,-,-,-,-,3980.2000,3979.6000,3979.4000,3979.2000,3979.0000,3981.0000,3981.2000,3981.8000,3982.0000,3982.8000,2,1,1,1,3,4,1,3,1,1
SF,IF2003,2019-12-16 09:32:25.500,3980.4000,28952,0,847658160.000,0,-,-,-,-,3980.2000,3979.4000,3979.2000,3979.0000,3978.8000,3980.8000,3981.0000,3981.2000,3981.8000,3982.0000,3,1,1,3,1,1,4,1,3,1
SF,IF2003,2019-12-16 09:32:26.000,3980.8000,28951,-1,848852400.000,1,0,1,双平,S,3980.2000,3979.4000,3979.0000,3978.8000,3978.0000,3981.0000,3981.2000,3981.8000,3982.0000,3982.8000,3,1,3,1,22,4,1,3,1,1
SF,IF2003,2019-12-16 09:32:26.500,3980.2000,28952,1,851240520.000,2,1,1,空开,S,3980.2000,3979.4000,3979.0000,3978.8000,3978.0000,3981.0000,3981.2000,3981.8000,3982.0000,3982.8000,1,1,3,1,22,4,1,3,1,1
SF,IF2003,2019-12-16 09:32:27.000,3980.2000,28952,0,851240520.000,0,-,-,-,-,3980.2000,3979.4000,3979.0000,3978.8000,3978.0000,3981.0000,3981.2000,3981.8000,3982.0000,3982.8000,2,1,3,1,22,4,1,3,1,1
SF,IF2003,2019-12-16 09:32:27.500,3980.2000,28952,0,851240520.000,0,-,-,-,-,3980.2000,3979.4000,3979.0000,3978.8000,3978.0000,3981.0000,3981.2000,3981.8000,3982.0000,3982.8000,2,1,3,2,22,4,1,3,1,1
SF,IF2003,2019-12-16 09:32:28.000,3980.2000,28952,0,851240520.000,0,-,-,-,-,3980.2000,3979.4000,3979.0000,3978.8000,3978.0000,3981.0000,3981.2000,3981.8000,3982.0000,3982.8000,2,1,3,2,22,4,1,3,1,1
SF,IF2003,2019-12-16 09:32:29.000,3980.2000,28952,0,853628640.000,2,1,1,多换,S,3979.4000,3979.0000,3978.8000,3978.0000,3977.0000,3981.0000,3981.2000,3981.8000,3982.0000,3982.8000,1,3,2,22,3,4,1,3,1,1
SF,IF2003,2019-12-16 09:32:29.500,3980.2000,28951,-1,854822700.000,1,0,1,双平,S,3980.0000,3979.8000,3979.6000,3979.4000,3979.0000,3980.8000,3981.0000,3981.2000,3981.8000,3982.0000,1,1,3,4,3,1,4,1,3,1
SF,IF2003,2019-12-16 09:32:30.000,3980.0000,28951,0,856016700.000,1,0,1,多换,S,3979.8000,3979.6000,3979.4000,3979.0000,3978.8000,3980.0000,3980.8000,3981.0000,3981.2000,3981.8000,2,5,4,3,2,1,1,4,1,3
SF,IF2003,2019-12-16 09:32:30.500,3980.8000,28950,-1,858404940.000,2,0,2,多平,S,3980.8000,3980.4000,3980.2000,3980.0000,3979.8000,3981.0000,3981.2000,3981.8000,3982.0000,3982.8000,2,3,1,8,3,4,1,3,1,1
SF,IF2003,2019-12-16 09:32:31.000,3980.8000,28950,0,858404940.000,0,-,-,-,-,3980.2000,3980.0000,3979.8000,3979.6000,3979.4000,3980.8000,3981.0000,3981.2000,3981.8000,3982.0000,1,3,1,4,2,2,4,1,3,1
SF,IF2003,2019-12-16 09:32:31.500,3980.8000,28950,0,858404940.000,0,-,-,-,-,3980.2000,3980.0000,3979.8000,3979.6000,3979.4000,3980.8000,3981.0000,3981.2000,3981.8000,3982.0000,1,4,1,4,2,2,4,1,3,1
SF,IF2003,2019-12-16 09:32:32.000,3980.8000,28950,0,859599180.000,1,0,1,多换,S,3980.2000,3980.0000,3979.8000,3979.6000,3979.4000,3980.8000,3981.0000,3981.2000,3981.8000,3982.0000,1,4,1,4,2,1,4,1,3,1
SF,IF2003,2019-12-16 09:32:32.500,3980.8000,28950,0,860793420.000,1,0,1,多换,S,3980.2000,3980.0000,3979.8000,3979.6000,3979.4000,3981.0000,3981.2000,3981.8000,3982.0000,3982.8000,1,4,1,4,2,4,1,3,1,1
SF,IF2003,2019-12-16 09:32:33.000,3980.2000,28950,0,861987480.000,1,0,1,多换,S,3980.0000,3979.8000,3979.6000,3979.4000,3979.0000,3980.2000,3981.0000,3981.2000,3981.8000,3982.0000,4,1,4,2,3,1,4,1,3,1
SF,IF2003,2019-12-16 09:32:33.500,3980.2000,28950,0,863181540.000,1,0,1,多换,S,3980.2000,3980.0000,3979.8000,3979.6000,3979.4000,3981.0000,3981.2000,3981.8000,3982.0000,3982.8000,11,4,1,4,2,4,1,3,1,1
SF,IF2003,2019-12-16 09:32:34.000,3980.2000,28950,0,863181540.000,0,-,-,-,-,3980.4000,3980.2000,3980.0000,3979.8000,3979.6000,3981.0000,3981.2000,3981.8000,3982.0000,3982.8000,1,5,4,1,4,4,1,3,1,1
SF,IF2003,2019-12-16 09:32:34.500,3980.2000,28951,1,865569660.000,2,1,1,空开,S,3980.4000,3980.2000,3980.0000,3979.8000,3979.6000,3980.8000,3981.0000,3981.2000,3981.8000,3982.0000,1,4,3,2,4,1,4,1,3,1
SF,IF2003,2019-12-16 09:32:35.000,3980.2000,28951,0,865569660.000,0,-,-,-,-,3980.4000,3980.2000,3980.0000,3979.8000,3979.6000,3980.8000,3981.0000,3981.2000,3981.8000,3982.0000,1,4,3,2,4,1,4,1,3,1
SF,IF2003,2019-12-16 09:32:35.500,3980.4000,28951,0,866763780.000,1,0,1,多换,S,3980.2000,3980.0000,3979.8000,3979.6000,3979.4000,3980.4000,3980.8000,3981.0000,3981.2000,3981.8000,4,2,2,4,1,1,1,4,1,3
SF,IF2003,2019-12-16 09:32:36.000,3980.4000,28951,0,867957900.000,1,0,1,多换,S,3980.2000,3980.0000,3979.8000,3979.6000,3979.4000,3980.8000,3981.0000,3981.2000,3981.8000,3982.0000,6,2,2,4,1,1,5,1,3,1
SF,IF2003,2019-12-16 09:32:36.500,3980.2000,28948,-3,871540080.000,3,0,3,双平,S,3980.0000,3979.8000,3979.6000,3979.4000,3979.2000,3980.2000,3980.8000,3981.0000,3981.2000,3981.8000,1,2,4,1,1,2,1,5,1,3
SF,IF2003,2019-12-16 09:32:37.000,3980.8000,28948,0,875122440.000,3,1,2,多换,S,3980.2000,3980.0000,3979.8000,3979.6000,3979.4000,3981.0000,3981.2000,3981.8000,3982.0000,3982.2000,1,1,2,4,1,5,1,3,1,2
SF,IF2003,2019-12-16 09:32:37.500,3980.8000,28948,0,875122440.000,0,-,-,-,-,3980.2000,3980.0000,3979.8000,3979.4000,3979.2000,3980.8000,3981.0000,3981.2000,3981.8000,3982.0000,1,1,2,1,1,4,5,1,3,1
SF,IF2003,2019-12-16 09:32:38.000,3980.2000,28947,-1,876316500.000,1,0,1,双平,S,3979.8000,3979.4000,3979.2000,3979.0000,3978.8000,3980.2000,3980.8000,3981.0000,3981.2000,3981.8000,2,1,1,3,1,1,4,5,1,3
SF,IF2003,2019-12-16 09:32:38.500,3980.2000,28947,0,878704620.000,2,1,1,多换,S,3979.8000,3979.4000,3979.2000,3979.0000,3978.8000,3980.2000,3980.8000,3981.0000,3981.2000,3981.8000,2,1,1,3,1,2,4,5,1,3
SF,IF2003,2019-12-16 09:32:39.000,3980.2000,28947,0,878704620.000,0,-,-,-,-,3979.8000,3979.4000,3979.2000,3979.0000,3978.8000,3980.2000,3980.8000,3981.0000,3981.2000,3981.8000,1,1,1,3,1,2,5,5,1,3
SF,IF2003,2019-12-16 09:32:39.500,3980.2000,28947,0,878704620.000,0,-,-,-,-,3979.8000,3979.4000,3979.0000,3978.8000,3978.0000,3980.2000,3980.8000,3981.0000,3981.2000,3981.8000,1,1,3,1,22,2,5,5,1,3
SF,IF2003,2019-12-16 09:32:40.000,3980.2000,28947,0,878704620.000,0,-,-,-,-,3979.8000,3979.4000,3979.0000,3978.8000,3978.0000,3980.2000,3980.8000,3981.0000,3981.2000,3981.8000,1,1,3,1,22,2,5,5,1,3
SF,IF2003,2019-12-16 09:32:40.500,3980.2000,28947,0,878704620.000,0,-,-,-,-,3979.8000,3979.4000,3979.0000,3978.8000,3978.0000,3980.0000,3980.2000,3980.8000,3981.0000,3981.2000,1,1,4,1,22,2,2,4,5,1
SF,IF2003,2019-12-16 09:32:41.000,3979.8000,28947,0,879898560.000,1,0,1,多换,S,3979.4000,3979.0000,3978.8000,3978.0000,3977.0000,3980.0000,3980.2000,3980.8000,3981.0000,3981.2000,1,4,1,22,4,2,2,4,5,1
SF,IF2003,2019-12-16 09:32:41.500,3979.4000,28949,2,882286200.000,2,2,0,双开,S,3979.0000,3978.8000,3978.0000,3977.0000,3976.4000,3980.0000,3980.8000,3981.0000,3981.2000,3981.8000,4,1,22,4,1,2,4,5,1,3
SF,IF2003,2019-12-16 09:32:42.000,3979.4000,28949,0,882286200.000,0,-,-,-,-,3979.0000,3978.8000,3978.0000,3977.0000,3976.4000,3980.0000,3980.8000,3981.0000,3981.2000,3981.8000,5,1,22,4,1,2,4,5,1,3
SF,IF2003,2019-12-16 09:32:42.500,3979.0000,28951,2,884673600.000,2,2,0,双开,S,3979.0000,3978.8000,3978.0000,3977.0000,3976.4000,3979.8000,3980.0000,3980.8000,3981.0000,3981.2000,3,1,22,4,1,1,2,4,5,1
SF,IF2003,2019-12-16 09:32:43.000,3979.0000,28951,0,884673600.000,0,-,-,-,-,3979.0000,3978.8000,3978.0000,3977.0000,3976.4000,3979.8000,3980.0000,3980.8000,3981.0000,3981.2000,3,1,22,4,1,2,2,4,5,1
SF,IF2003,2019-12-16 09:32:43.500,3979.0000,28952,1,887061000.000,2,1,1,空开,S,3979.0000,3978.8000,3978.0000,3977.0000,3976.4000,3979.8000,3980.0000,3980.8000,3981.0000,3981.2000,1,1,22,4,1,2,1,4,5,1
SF,IF2003,2019-12-16 09:32:44.000,3979.0000,28952,0,887061000.000,0,-,-,-,-,3979.2000,3979.0000,3978.8000,3978.0000,3977.0000,3979.6000,3979.8000,3980.0000,3980.8000,3981.0000,1,1,1,22,4,1,1,1,4,5
SF,IF2003,2019-12-16 09:32:44.500,3979.0000,28952,0,887061000.000,0,-,-,-,-,3979.0000,3978.8000,3978.0000,3977.0000,3976.4000,3979.2000,3979.6000,3979.8000,3980.0000,3980.8000,1,1,22,4,1,2,1,3,1,4
SF,IF2003,2019-12-16 09:32:45.000,3979.6000,28953,1,890642400.000,3,2,1,空开,S,3979.2000,3979.0000,3978.8000,3978.0000,3977.0000,3979.8000,3980.0000,3980.8000,3981.0000,3981.2000,2,2,1,22,4,3,1,4,5,1
SF,IF2003,2019-12-16 09:32:45.500,3979.8000,28951,-2,893030220.000,2,0,2,双平,S,3979.0000,3978.8000,3978.0000,3977.0000,3976.4000,3979.8000,3980.0000,3980.8000,3981.0000,3981.2000,2,1,22,4,1,2,1,4,5,1
SF,IF2003,2019-12-16 09:32:46.000,3979.2000,28951,0,895417740.000,2,1,1,多换,S,3979.0000,3978.8000,3978.2000,3978.0000,3977.0000,3979.6000,3979.8000,3980.0000,3980.8000,3981.0000,2,1,1,22,3,1,2,1,4,5
SF,IF2003,2019-12-16 09:32:46.500,3979.2000,28951,0,895417740.000,0,-,-,-,-,3979.2000,3979.0000,3978.8000,3978.2000,3978.0000,3979.6000,3979.8000,3980.0000,3980.8000,3981.0000,4,2,1,1,22,1,3,1,4,5
SF,IF2003,2019-12-16 09:32:47.000,3979.2000,28951,0,896611500.000,1,0,1,多换,S,3979.0000,3978.8000,3978.2000,3978.0000,3977.0000,3979.2000,3979.6000,3979.8000,3980.0000,3980.8000,2,1,1,22,3,1,1,3,1,4
SF,IF2003,2019-12-16 09:32:47.500,3979.2000,28951,0,897805260.000,1,0,1,多换,S,3979.4000,3979.2000,3979.0000,3978.8000,3978.2000,3979.6000,3979.8000,3980.0000,3980.8000,3981.0000,1,1,1,1,1,1,3,1,4,5
SF,IF2003,2019-12-16 09:32:48.000,3979.4000,28950,-1,898999080.000,1,0,1,双平,S,3979.2000,3979.0000,3978.8000,3978.2000,3978.0000,3979.4000,3979.6000,3979.8000,3980.0000,3980.8000,1,1,1,1,22,3,1,3,1,4
SF,IF2003,2019-12-16 09:32:48.500,3979.6000,28949,-1,902580600.000,3,1,2,多平,S,3979.6000,3979.2000,3979.0000,3978.8000,3978.2000,3979.8000,3980.0000,3980.8000,3981.0000,3981.2000,1,4,1,1,1,3,1,4,5,1
SF,IF2003,2019-12-16 09:32:49.000,3979.6000,28948,-1,903774480.000,1,0,1,双平,S,3979.2000,3979.0000,3978.8000,3978.2000,3978.0000,3979.6000,3979.8000,3980.0000,3980.8000,3981.0000,1,1,1,1,22,6,5,1,1,5
SF,IF2003,2019-12-16 09:32:49.500,3979.6000,28948,0,903774480.000,0,-,-,-,-,3979.2000,3979.0000,3978.8000,3978.2000,3978.0000,3979.6000,3979.8000,3980.0000,3980.8000,3981.0000,2,1,1,1,22,5,5,1,1,5
SF,IF2003,2019-12-16 09:32:50.000,3979.2000,28948,0,906162000.000,2,1,1,多换,S,3979.0000,3978.8000,3978.2000,3978.0000,3977.0000,3979.2000,3979.4000,3979.6000,3979.8000,3980.0000,1,1,1,22,3,1,1,2,5,1
SF,IF2003,2019-12-16 09:32:50.500,3979.2000,28948,0,906162000.000,0,-,-,-,-,3979.0000,3978.8000,3978.2000,3978.0000,3977.0000,3979.4000,3979.6000,3979.8000,3980.0000,3980.8000,1,1,1,22,3,1,2,5,1,1
SF,IF2003,2019-12-16 09:32:51.000,3979.4000,28948,0,907355820.000,1,0,1,多换,S,3979.0000,3978.8000,3978.2000,3978.0000,3977.0000,3979.6000,3979.8000,3980.0000,3980.8000,3981.0000,1,1,1,22,3,2,5,1,1,5
SF,IF2003,2019-12-16 09:32:51.500,3979.4000,28948,0,907355820.000,0,-,-,-,-,3979.4000,3979.2000,3979.0000,3978.8000,3978.2000,3979.6000,3979.8000,3980.0000,3980.8000,3981.0000,2,1,1,1,1,2,5,1,1,5
SF,IF2003,2019-12-16 09:32:52.000,3979.4000,28948,0,907355820.000,0,-,-,-,-,3979.4000,3979.2000,3979.0000,3978.8000,3978.2000,3979.6000,3979.8000,3980.0000,3980.8000,3981.0000,1,3,1,1,1,2,5,1,1,5
SF,IF2003,2019-12-16 09:32:52.500,3979.4000,28948,0,907355820.000,0,-,-,-,-,3979.4000,3979.2000,3979.0000,3978.8000,3978.2000,3979.8000,3980.0000,3980.8000,3981.0000,3981.2000,1,2,1,1,1,5,1,1,5,1
SF,IF2003,2019-12-16 09:32:53.000,3979.4000,28948,0,908549640.000,1,0,1,多换,S,3979.2000,3979.0000,3978.8000,3978.2000,3978.0000,3979.4000,3979.8000,3980.0000,3980.8000,3981.0000,2,1,1,1,22,1,5,1,1,5
SF,IF2003,2019-12-16 09:32:53.500,3979.4000,28948,0,909743460.000,1,0,1,多换,S,3979.4000,3979.2000,3979.0000,3978.8000,3978.2000,3979.8000,3980.0000,3980.8000,3981.0000,3981.2000,2,2,1,1,1,5,1,1,5,1
SF,IF2003,2019-12-16 09:32:54.000,3979.4000,28948,0,912131100.000,2,1,1,多换,S,3979.2000,3979.0000,3978.8000,3978.2000,3978.0000,3979.8000,3980.0000,3980.8000,3981.0000,3981.2000,2,1,1,1,23,5,1,1,5,1
SF,IF2003,2019-12-16 09:32:54.500,3979.4000,28948,0,912131100.000,0,-,-,-,-,3979.2000,3979.0000,3978.8000,3978.2000,3978.0000,3979.4000,3979.6000,3979.8000,3980.0000,3980.8000,2,1,1,1,23,2,2,5,1,1
SF,IF2003,2019-12-16 09:32:55.000,3979.4000,28948,0,912131100.000,0,-,-,-,-,3979.2000,3979.0000,3978.8000,3978.2000,3978.0000,3979.4000,3979.6000,3979.8000,3980.0000,3980.8000,2,1,1,1,23,2,1,5,1,1
SF,IF2003,2019-12-16 09:32:55.500,3979.4000,28948,0,914518740.000,2,1,1,多换,S,3979.2000,3979.0000,3978.8000,3978.2000,3978.0000,3979.6000,3979.8000,3980.0000,3980.8000,3981.0000,1,1,1,1,23,1,5,1,1,5
SF,IF2003,2019-12-16 09:32:56.500,3979.2000,28948,0,915712500.000,1,0,1,多换,S,3979.0000,3978.8000,3978.2000,3978.0000,3977.0000,3979.4000,3979.6000,3979.8000,3980.0000,3980.8000,2,1,1,23,3,1,1,5,1,1
SF,IF2003,2019-12-16 09:32:57.000,3979.0000,28949,1,918099900.000,2,1,1,空开,S,3978.8000,3978.2000,3978.0000,3977.0000,3976.4000,3979.6000,3979.8000,3980.0000,3980.8000,3981.0000,1,1,23,3,1,1,5,1,1,5
SF,IF2003,2019-12-16 09:32:57.500,3979.0000,28949,0,918099900.000,0,-,-,-,-,3978.8000,3978.2000,3978.0000,3977.0000,3976.4000,3979.2000,3979.6000,3979.8000,3980.0000,3980.8000,1,1,23,3,1,1,1,5,1,1
SF,IF2003,2019-12-16 09:32:58.000,3978.8000,28950,1,920487300.000,2,1,1,空开,S,3978.2000,3978.0000,3977.0000,3976.4000,3976.0000,3978.8000,3979.6000,3979.8000,3980.0000,3980.8000,1,23,3,1,11,1,1,5,1,1
SF,IF2003,2019-12-16 09:32:58.500,3978.8000,28950,0,921680940.000,1,0,1,多换,S,3979.0000,3978.8000,3978.4000,3978.2000,3978.0000,3979.6000,3979.8000,3980.0000,3980.8000,3981.0000,4,3,4,2,24,1,5,1,1,5
SF,IF2003,2019-12-16 09:32:59.000,3979.4000,28949,-1,924068580.000,2,0,2,多平,S,3979.0000,3978.8000,3978.4000,3978.2000,3978.0000,3979.4000,3979.6000,3979.8000,3980.0000,3980.8000,1,3,4,4,24,1,1,5,1,1
SF,IF2003,2019-12-16 09:32:59.500,3979.0000,28949,0,925262280.000,1,0,1,多换,S,3978.8000,3978.4000,3978.2000,3978.0000,3977.0000,3979.6000,3979.8000,3980.0000,3980.8000,3981.0000,2,5,4,24,3,1,5,1,1,5
SF,IF2003,2019-12-16 09:33:00.000,3979.4000,28949,0,926456100.000,1,0,1,多换,S,3978.8000,3978.4000,3978.2000,3978.0000,3977.0000,3979.6000,3979.8000,3980.0000,3980.8000,3981.0000,2,5,3,24,3,2,5,1,1,5
SF,IF2003,2019-12-16 09:33:00.500,3979.4000,28949,0,926456100.000,0,-,-,-,-,3978.8000,3978.4000,3978.2000,3978.0000,3977.0000,3979.6000,3979.8000,3980.8000,3981.0000,3981.2000,2,5,3,24,3,2,5,1,5,1
SF,IF2003,2019-12-16 09:33:01.000,3979.4000,28949,0,926456100.000,0,-,-,-,-,3978.4000,3978.2000,3978.0000,3977.0000,3976.4000,3979.6000,3979.8000,3980.8000,3981.0000,3981.2000,5,1,24,3,1,2,5,1,5,1
SF,IF2003,2019-12-16 09:33:01.500,3978.4000,28944,-5,932423760.000,5,0,5,双平,S,3978.4000,3978.2000,3978.0000,3977.0000,3976.4000,3979.4000,3979.6000,3979.8000,3980.8000,3981.0000,1,1,24,3,1,1,2,5,1,5
SF,IF2003,2019-12-16 09:33:02.000,3978.4000,28944,0,934810800.000,2,1,1,多换,S,3978.8000,3978.4000,3978.2000,3978.0000,3977.0000,3979.4000,3979.6000,3979.8000,3980.8000,3981.0000,1,1,1,24,3,1,2,5,1,5
SF,IF2003,2019-12-16 09:33:02.500,3978.4000,28944,0,934810800.000,0,-,-,-,-,3978.4000,3978.2000,3978.0000,3977.0000,3976.4000,3978.8000,3979.4000,3979.6000,3979.8000,3980.8000,1,1,24,3,1,1,1,2,5,1
SF,IF2003,2019-12-16 09:33:03.000,3978.8000,28944,0,938391720.000,3,1,2,多换,S,3978.8000,3978.2000,3978.0000,3977.0000,3976.4000,3979.2000,3979.6000,3979.8000,3980.8000,3981.0000,2,1,24,3,1,1,2,5,1,5
SF,IF2003,2019-12-16 09:33:03.500,3978.8000,28942,-2,940779000.000,2,0,2,双平,S,3978.2000,3978.0000,3977.0000,3976.4000,3976.0000,3978.4000,3979.2000,3979.6000,3979.8000,3980.8000,1,24,3,1,11,2,1,3,5,1
SF,IF2003,2019-12-16 09:33:04.000,3978.4000,28940,-2,943166040.000,2,0,2,双平,S,3978.6000,3978.4000,3978.2000,3978.0000,3977.0000,3978.8000,3979.2000,3979.6000,3979.8000,3980.8000,1,11,1,24,3,2,1,3,5,1
SF,IF2003,2019-12-16 09:33:04.500,3978.8000,28940,0,945553320.000,2,1,1,多换,S,3978.8000,3978.4000,3978.2000,3978.0000,3977.0000,3979.2000,3979.6000,3979.8000,3980.8000,3981.0000,1,4,1,24,3,1,3,5,1,5
SF,IF2003,2019-12-16 09:33:05.000,3978.8000,28940,0,945553320.000,0,-,-,-,-,3978.8000,3978.4000,3978.2000,3978.0000,3977.0000,3979.2000,3979.6000,3979.8000,3980.8000,3981.0000,1,4,2,24,3,1,3,5,1,5
SF,IF2003,2019-12-16 09:33:05.500,3978.8000,28941,1,946746960.000,1,1,0,双开,S,3978.4000,3978.2000,3978.0000,3977.0000,3976.4000,3978.6000,3978.8000,3979.2000,3979.6000,3979.8000,5,2,24,3,1,5,1,1,3,5
SF,IF2003,2019-12-16 09:33:06.000,3978.6000,28936,-5,952714860.000,5,0,5,双平,S,3978.4000,3978.2000,3978.0000,3977.0000,3976.4000,3978.8000,3979.2000,3979.6000,3979.8000,3980.0000,5,2,24,3,1,2,1,3,5,1
SF,IF2003,2019-12-16 09:33:06.500,3978.8000,28934,-2,956295720.000,3,0,3,多平,S,3978.4000,3978.2000,3978.0000,3977.0000,3976.4000,3979.6000,3979.8000,3980.0000,3980.8000,3981.0000,4,2,23,3,1,3,5,1,1,5
SF,IF2003,2019-12-16 09:33:07.000,3978.8000,28934,0,956295720.000,0,-,-,-,-,3978.6000,3978.4000,3978.2000,3978.0000,3977.0000,3979.2000,3979.4000,3979.6000,3979.8000,3980.0000,1,2,2,23,3,1,6,3,3,1
SF,IF2003,2019-12-16 09:33:07.500,3978.4000,28932,-2,959876340.000,3,0,3,多平,S,3978.2000,3978.0000,3977.0000,3976.4000,3976.0000,3978.6000,3979.0000,3979.4000,3979.6000,3979.8000,2,23,3,1,11,3,2,6,2,3
SF,IF2003,2019-12-16 09:33:08.000,3978.4000,28932,0,959876340.000,0,-,-,-,-,3978.2000,3978.0000,3977.0000,3976.4000,3976.0000,3978.6000,3979.0000,3979.4000,3979.6000,3979.8000,2,23,3,1,11,5,2,2,2,3
SF,IF2003,2019-12-16 09:33:08.500,3978.4000,28932,0,959876340.000,0,-,-,-,-,3978.2000,3978.0000,3977.0000,3976.4000,3976.0000,3978.6000,3979.0000,3979.4000,3979.6000,3979.8000,2,23,3,1,11,5,2,2,2,3
SF,IF2003,2019-12-16 09:33:09.000,3978.2000,28930,-2,962263260.000,2,0,2,双平,S,3978.0000,3977.8000,3977.0000,3976.4000,3976.0000,3978.6000,3979.0000,3979.2000,3979.4000,3979.6000,23,1,3,1,11,5,2,1,1,2
SF,IF2003,2019-12-16 09:33:09.500,3978.2000,28930,0,962263260.000,0,-,-,-,-,3978.0000,3977.8000,3977.0000,3976.4000,3976.0000,3978.2000,3978.6000,3978.8000,3979.0000,3979.2000,23,1,3,1,11,1,5,1,2,1
SF,IF2003,2019-12-16 09:33:10.000,3978.2000,28930,0,978970920.000,14,7,7,多换,S,3978.0000,3977.0000,3976.4000,3976.0000,3975.0000,3978.4000,3978.6000,3978.8000,3979.0000,3979.2000,10,3,1,11,4,2,5,1,1,1
SF,IF2003,2019-12-16 09:33:10.500,3978.2000,28930,0,981357780.000,2,1,1,多换,S,3978.0000,3977.0000,3976.4000,3976.0000,3975.0000,3978.6000,3978.8000,3979.0000,3979.2000,3979.6000,9,3,1,11,4,5,1,1,1,2
SF,IF2003,2019-12-16 09:33:11.000,3978.4000,28930,0,983744700.000,2,1,1,多换,S,3978.0000,3977.0000,3976.4000,3976.0000,3975.0000,3978.4000,3978.6000,3978.8000,3979.6000,3979.8000,8,3,1,11,4,1,4,1,2,3
SF,IF2003,2019-12-16 09:33:11.500,3978.0000,28930,0,987324900.000,3,1,2,多换,S,3978.0000,3977.0000,3976.4000,3976.0000,3975.0000,3978.4000,3978.6000,3978.8000,3979.6000,3979.8000,5,3,1,11,4,1,4,1,2,3
SF,IF2003,2019-12-16 09:33:12.000,3978.0000,28930,0,988518300.000,1,0,1,多换,S,3978.0000,3977.0000,3976.4000,3976.0000,3975.0000,3978.2000,3978.4000,3978.6000,3978.8000,3979.6000,4,3,1,11,4,2,1,2,1,2
SF,IF2003,2019-12-16 09:33:12.500,3978.2000,28929,-1,990905220.000,2,0,2,多平,S,3978.2000,3978.0000,3977.0000,3976.4000,3976.0000,3978.4000,3978.8000,3979.6000,3979.8000,3980.0000,1,4,3,1,11,1,1,2,3,1
SF,IF2003,2019-12-16 09:33:13.000,3978.2000,28929,0,994485660.000,3,1,2,多换,S,3978.0000,3977.0000,3976.4000,3976.0000,3975.0000,3978.2000,3978.8000,3979.6000,3979.8000,3980.0000,4,3,1,11,4,1,1,2,3,1
SF,IF2003,2019-12-16 09:33:13.500,3978.2000,28929,0,995679120.000,1,0,1,多换,S,3978.2000,3978.0000,3977.0000,3976.4000,3976.0000,3978.8000,3979.6000,3979.8000,3980.0000,3980.8000,1,4,3,1,11,1,2,3,1,1
SF,IF2003,2019-12-16 09:33:14.000,3978.0000,28930,1,998065980.000,2,1,1,空开,S,3978.0000,3977.0000,3976.4000,3976.0000,3975.0000,3978.2000,3978.8000,3979.6000,3979.8000,3980.0000,3,3,1,11,4,2,1,2,3,1
SF,IF2003,2019-12-16 09:33:15.500,3978.0000,28929,-1,1001646180.000,3,1,2,多平,S,3977.0000,3976.4000,3976.0000,3975.0000,3974.0000,3978.0000,3978.2000,3978.8000,3979.6000,3979.8000,3,1,11,4,1,7,2,1,2,3
SF,IF2003,2019-12-16 09:33:16.000,3977.2000,28927,-2,1007612940.000,5,1,4,多平,S,3977.2000,3977.0000,3976.4000,3976.0000,3975.0000,3978.0000,3978.2000,3978.8000,3979.6000,3979.8000,3,5,1,11,4,3,2,1,2,3
SF,IF2003,2019-12-16 09:33:16.500,3977.2000,28927,0,1007612940.000,0,-,-,-,-,3977.2000,3977.0000,3976.4000,3976.0000,3975.0000,3978.0000,3978.2000,3978.8000,3979.6000,3979.8000,3,5,1,11,4,3,2,1,2,3
SF,IF2003,2019-12-16 09:33:17.000,3977.2000,28927,0,1007612940.000,0,-,-,-,-,3977.4000,3977.2000,3977.0000,3976.4000,3976.0000,3978.0000,3978.2000,3978.8000,3979.6000,3979.8000,1,2,5,1,11,3,2,1,2,3
SF,IF2003,2019-12-16 09:33:17.500,3977.2000,28927,0,1007612940.000,0,-,-,-,-,3977.4000,3977.2000,3977.0000,3976.4000,3976.0000,3978.0000,3978.2000,3978.8000,3979.6000,3979.8000,2,2,5,1,11,3,3,1,2,3
SF,IF2003,2019-12-16 09:33:18.000,3977.2000,28927,0,1007612940.000,0,-,-,-,-,3977.4000,3977.2000,3977.0000,3976.4000,3976.0000,3978.0000,3978.2000,3978.8000,3979.6000,3979.8000,1,2,3,1,11,3,3,1,2,3
SF,IF2003,2019-12-16 09:33:18.500,3977.2000,28927,0,1007612940.000,0,-,-,-,-,3977.4000,3977.2000,3977.0000,3976.4000,3976.0000,3978.0000,3978.2000,3978.8000,3979.6000,3979.8000,1,2,3,1,11,3,1,1,2,3
SF,IF2003,2019-12-16 09:33:19.000,3977.4000,28927,0,1008806160.000,1,0,1,多换,S,3977.2000,3977.0000,3976.4000,3976.0000,3975.0000,3977.4000,3978.0000,3978.2000,3978.8000,3979.6000,2,3,1,11,5,1,3,1,1,2
SF,IF2003,2019-12-16 09:33:19.500,3978.0000,28927,0,1011192780.000,2,1,1,多换,S,3977.8000,3977.6000,3977.4000,3977.2000,3977.0000,3978.0000,3978.2000,3978.8000,3979.6000,3979.8000,3,1,9,3,3,2,1,1,2,3
SF,IF2003,2019-12-16 09:33:20.000,3978.0000,28927,0,1011192780.000,0,-,-,-,-,3977.4000,3977.2000,3977.0000,3976.4000,3976.0000,3978.0000,3978.2000,3978.8000,3979.6000,3979.8000,3,2,3,1,11,2,1,1,2,3
SF,IF2003,2019-12-16 09:33:21.000,3978.0000,28927,0,1011192780.000,0,-,-,-,-,3977.6000,3977.4000,3977.2000,3977.0000,3976.4000,3978.0000,3978.2000,3978.8000,3979.6000,3979.8000,1,3,2,3,1,2,1,1,1,3
SF,IF2003,2019-12-16 09:33:21.500,3977.4000,28929,2,1013579220.000,2,2,0,双开,S,3977.2000,3977.0000,3976.4000,3976.0000,3975.0000,3977.8000,3978.0000,3978.2000,3978.8000,3979.6000,2,3,1,11,5,1,2,1,1,1
SF,IF2003,2019-12-16 09:33:22.000,3977.4000,28929,0,1013579220.000,0,-,-,-,-,3977.2000,3977.0000,3976.4000,3976.0000,3975.6000,3977.8000,3978.0000,3978.2000,3978.8000,3979.6000,2,3,1,11,1,1,2,1,1,1
SF,IF2003,2019-12-16 09:33:22.500,3977.2000,28929,0,1015965540.000,2,1,1,多换,S,3977.0000,3976.4000,3976.0000,3975.6000,3975.0000,3977.8000,3978.0000,3978.2000,3978.8000,3979.6000,3,1,11,1,5,1,2,1,1,1
SF,IF2003,2019-12-16 09:33:23.000,3977.8000,28929,0,1017158880.000,1,0,1,多换,S,3977.4000,3977.2000,3977.0000,3976.4000,3976.0000,3978.0000,3978.2000,3978.8000,3979.6000,3979.8000,1,2,3,1,11,2,1,1,1,3
SF,IF2003,2019-12-16 09:33:23.500,3977.6000,28930,1,1019545440.000,2,1,1,空开,S,3977.2000,3977.0000,3976.4000,3976.0000,3975.6000,3978.0000,3978.2000,3978.8000,3979.6000,3979.8000,2,5,1,11,1,2,1,1,1,3
SF,IF2003,2019-12-16 09:33:24.000,3977.6000,28930,0,1019545440.000,0,-,-,-,-,3977.6000,3977.2000,3977.0000,3976.4000,3976.0000,3978.0000,3978.2000,3978.8000,3979.6000,3979.8000,1,2,3,1,11,2,1,1,1,3
SF,IF2003,2019-12-16 09:33:24.500,3977.6000,28930,0,1019545440.000,0,-,-,-,-,3977.6000,3977.4000,3977.2000,3977.0000,3976.4000,3978.0000,3978.2000,3978.8000,3979.6000,3979.8000,1,1,2,3,1,3,1,1,1,3
SF,IF2003,2019-12-16 09:33:25.000,3977.6000,28930,0,1020738720.000,1,0,1,多换,S,3977.2000,3977.0000,3976.4000,3976.0000,3975.6000,3977.6000,3978.0000,3978.2000,3978.8000,3979.6000,2,3,1,11,1,1,3,1,1,1
SF,IF2003,2019-12-16 09:33:25.500,3978.2000,28927,-3,1026705660.000,5,1,4,多平,S,3977.8000,3977.6000,3977.2000,3977.0000,3976.4000,3978.8000,3979.6000,3979.8000,3980.0000,3980.8000,3,8,2,3,1,1,1,3,1,1
SF,IF2003,2019-12-16 09:33:26.000,3978.2000,28927,0,1026705660.000,0,-,-,-,-,3977.6000,3977.2000,3977.0000,3976.4000,3976.0000,3977.8000,3978.8000,3979.6000,3979.8000,3980.0000,2,1,3,1,11,2,1,1,3,1
SF,IF2003,2019-12-16 09:33:26.500,3977.8000,28927,0,1031479020.000,4,2,2,多换,S,3977.8000,3977.6000,3977.4000,3977.2000,3977.0000,3978.8000,3979.6000,3979.8000,3980.0000,3980.8000,1,1,1,1,3,1,1,3,1,1
SF,IF2003,2019-12-16 09:33:27.000,3977.8000,28927,0,1031479020.000,0,-,-,-,-,3977.8000,3977.6000,3977.4000,3977.2000,3977.0000,3978.8000,3979.6000,3979.8000,3980.0000,3980.8000,4,1,1,1,3,1,1,3,1,1
SF,IF2003,2019-12-16 09:33:27.500,3977.8000,28927,0,1033865700.000,2,1,1,多换,S,3977.8000,3977.4000,3977.2000,3977.0000,3976.4000,3978.8000,3979.6000,3979.8000,3980.0000,3980.8000,4,1,1,3,1,1,1,3,1,1
SF,IF2003,2019-12-16 09:33:28.000,3977.8000,28927,0,1033865700.000,0,-,-,-,-,3977.8000,3977.4000,3977.2000,3977.0000,3976.4000,3978.6000,3978.8000,3979.6000,3979.8000,3980.0000,1,1,1,3,1,2,1,1,3,1
SF,IF2003,2019-12-16 09:33:28.500,3977.8000,28927,0,1033865700.000,0,-,-,-,-,3978.0000,3977.8000,3977.4000,3977.2000,3977.0000,3978.6000,3978.8000,3979.6000,3979.8000,3980.0000,1,2,1,1,3,1,1,1,3,1
SF,IF2003,2019-12-16 09:33:29.000,3977.8000,28927,0,1033865700.000,0,-,-,-,-,3977.8000,3977.4000,3977.2000,3977.0000,3976.4000,3978.0000,3978.6000,3978.8000,3979.6000,3979.8000,2,1,1,3,1,2,1,1,1,3
SF,IF2003,2019-12-16 09:33:29.500,3978.0000,28927,0,1036252500.000,2,1,1,多换,S,3977.8000,3977.4000,3977.2000,3977.0000,3976.4000,3978.6000,3978.8000,3979.6000,3979.8000,3980.0000,2,1,1,3,1,1,1,1,3,2
SF,IF2003,2019-12-16 09:33:30.000,3978.0000,28927,0,1036252500.000,0,-,-,-,-,3977.8000,3977.2000,3977.0000,3976.4000,3976.0000,3978.6000,3978.8000,3979.6000,3979.8000,3980.0000,1,1,3,1,11,1,1,1,3,2
SF,IF2003,2019-12-16 09:33:30.500,3977.8000,28928,1,1038639240.000,2,1,1,空开,S,3977.6000,3977.2000,3977.0000,3976.4000,3976.0000,3978.6000,3978.8000,3979.0000,3979.6000,3979.8000,5,1,3,1,11,1,1,1,1,3
SF,IF2003,2019-12-16 09:33:31.500,3977.8000,28928,0,1038639240.000,0,-,-,-,-,3977.8000,3977.6000,3977.2000,3977.0000,3976.4000,3978.6000,3978.8000,3979.6000,3979.8000,3980.0000,1,5,1,3,1,1,1,1,3,2
SF,IF2003,2019-12-16 09:33:32.000,3977.8000,28928,0,1038639240.000,0,-,-,-,-,3977.8000,3977.6000,3977.2000,3977.0000,3976.4000,3978.6000,3978.8000,3979.6000,3979.8000,3980.0000,1,5,1,3,1,1,1,1,3,2
SF,IF2003,2019-12-16 09:33:32.500,3977.8000,28928,0,1038639240.000,0,-,-,-,-,3977.6000,3977.2000,3977.0000,3976.4000,3976.0000,3977.8000,3978.4000,3978.6000,3978.8000,3979.6000,5,1,3,1,11,2,1,1,1,1
SF,IF2003,2019-12-16 09:33:33.000,3977.8000,28928,0,1041025920.000,2,1,1,多换,S,3977.6000,3977.2000,3977.0000,3976.4000,3976.0000,3978.6000,3978.8000,3979.6000,3979.8000,3980.0000,5,1,3,1,11,1,1,1,3,2
SF,IF2003,2019-12-16 09:33:33.500,3977.8000,28928,0,1041025920.000,0,-,-,-,-,3977.6000,3977.2000,3977.0000,3976.4000,3976.0000,3978.4000,3978.6000,3978.8000,3979.8000,3980.0000,5,1,3,1,11,1,2,1,3,2
SF,IF2003,2019-12-16 09:33:34.000,3977.8000,28928,0,1041025920.000,0,-,-,-,-,3977.6000,3977.2000,3977.0000,3976.4000,3976.0000,3978.6000,3978.8000,3979.8000,3980.0000,3980.2000,5,1,3,1,11,2,1,3,2,1
SF,IF2003,2019-12-16 09:33:34.500,3977.8000,28928,0,1041025920.000,0,-,-,-,-,3977.6000,3977.2000,3977.0000,3976.4000,3976.0000,3978.4000,3978.6000,3978.8000,3979.8000,3980.0000,5,1,3,1,11,2,2,1,3,2
SF,IF2003,2019-12-16 09:33:35.500,3977.6000,28928,0,1043412480.000,2,1,1,多换,S,3977.6000,3977.2000,3977.0000,3976.4000,3976.0000,3978.4000,3978.6000,3978.8000,3979.8000,3980.0000,4,1,3,1,11,2,2,1,3,2
SF,IF2003,2019-12-16 09:33:36.000,3977.6000,28928,0,1045799040.000,2,1,1,多换,S,3977.6000,3977.0000,3976.4000,3976.0000,3975.6000,3978.2000,3978.4000,3978.8000,3979.8000,3980.0000,2,3,1,11,1,2,2,1,3,2
SF,IF2003,2019-12-16 09:33:36.500,3977.6000,28930,2,1048185600.000,2,2,0,双开,S,3977.0000,3976.4000,3976.0000,3975.6000,3975.0000,3977.6000,3978.0000,3978.2000,3978.4000,3978.8000,3,1,11,1,5,2,1,2,2,1
SF,IF2003,2019-12-16 09:33:37.000,3977.6000,28930,0,1048185600.000,0,-,-,-,-,3977.0000,3976.4000,3976.0000,3975.6000,3975.0000,3977.4000,3978.0000,3978.2000,3978.4000,3978.8000,3,1,11,1,5,1,1,2,2,1
SF,IF2003,2019-12-16 09:33:37.500,3977.4000,28930,0,1049378820.000,1,0,1,多换,S,3977.4000,3977.2000,3977.0000,3976.4000,3976.0000,3978.0000,3978.2000,3978.4000,3978.8000,3979.8000,4,1,3,1,11,1,1,1,1,3
SF,IF2003,2019-12-16 09:33:38.000,3977.4000,28930,0,1049378820.000,0,-,-,-,-,3977.4000,3977.0000,3976.4000,3976.0000,3975.6000,3978.0000,3978.2000,3978.4000,3978.8000,3979.8000,1,3,1,11,1,1,1,1,1,3
SF,IF2003,2019-12-16 09:33:38.500,3977.4000,28930,0,1049378820.000,0,-,-,-,-,3977.4000,3977.0000,3976.4000,3976.0000,3975.6000,3978.0000,3978.2000,3978.4000,3978.8000,3979.8000,1,3,1,11,1,1,1,1,1,3
SF,IF2003,2019-12-16 09:33:39.000,3977.4000,28930,0,1049378820.000,0,-,-,-,-,3978.0000,3977.6000,3977.4000,3977.0000,3976.4000,3978.4000,3978.8000,3979.8000,3980.0000,3980.2000,1,1,2,3,1,1,1,3,2,1
SF,IF2003,2019-12-16 09:33:39.500,3977.4000,28930,0,1049378820.000,0,-,-,-,-,3978.0000,3977.6000,3977.4000,3977.0000,3976.4000,3978.4000,3978.8000,3979.8000,3980.0000,3980.2000,1,2,2,3,1,1,1,3,2,1
SF,IF2003,2019-12-16 09:33:40.000,3978.0000,28929,-1,1050572220.000,1,0,1,双平,S,3977.6000,3977.4000,3977.0000,3976.4000,3976.0000,3978.0000,3978.4000,3978.8000,3979.8000,3980.0000,2,1,3,1,11,1,1,1,3,2
SF,IF2003,2019-12-16 09:33:40.500,3978.0000,28929,0,1051765620.000,1,0,1,多换,S,3977.6000,3977.4000,3977.0000,3976.4000,3976.0000,3978.0000,3978.2000,3978.4000,3978.8000,3979.8000,1,1,3,2,11,1,1,1,1,3
SF,IF2003,2019-12-16 09:33:41.000,3978.0000,28929,0,1051765620.000,0,-,-,-,-,3977.4000,3977.0000,3976.4000,3976.0000,3975.6000,3978.0000,3978.2000,3978.4000,3978.8000,3979.8000,1,3,2,11,1,1,1,1,1,3
SF,IF2003,2019-12-16 09:33:41.500,3977.4000,28929,0,1052958840.000,1,0,1,多换,S,3977.0000,3976.4000,3976.0000,3975.6000,3975.0000,3978.2000,3978.4000,3978.8000,3979.8000,3980.0000,3,2,11,1,5,1,1,1,3,2
SF,IF2003,2019-12-16 09:33:42.000,3977.4000,28929,0,1052958840.000,0,-,-,-,-,3977.2000,3977.0000,3976.6000,3976.4000,3976.0000,3978.0000,3978.2000,3978.4000,3978.8000,3979.8000,2,3,2,2,11,4,1,1,1,3
SF,IF2003,2019-12-16 09:33:42.500,3977.4000,28929,0,1052958840.000,0,-,-,-,-,3977.2000,3977.0000,3976.6000,3976.4000,3976.0000,3978.0000,3978.2000,3978.4000,3978.8000,3979.8000,1,3,2,2,11,4,1,1,1,3
SF,IF2003,2019-12-16 09:33:43.000,3977.4000,28929,0,1052958840.000,0,-,-,-,-,3977.2000,3977.0000,3976.6000,3976.4000,3976.0000,3978.0000,3978.2000,3978.4000,3978.8000,3979.8000,1,4,2,2,11,4,1,1,1,3
SF,IF2003,2019-12-16 09:33:43.500,3977.4000,28929,0,1052958840.000,0,-,-,-,-,3977.2000,3977.0000,3976.6000,3976.4000,3976.0000,3977.8000,3978.0000,3978.2000,3978.4000,3978.8000,1,4,2,2,11,1,4,1,1,1
SF,IF2003,2019-12-16 09:33:44.000,3977.4000,28929,0,1052958840.000,0,-,-,-,-,3977.2000,3977.0000,3976.6000,3976.4000,3976.0000,3977.8000,3978.0000,3978.2000,3978.4000,3978.8000,1,4,2,1,11,1,4,1,1,1
SF,IF2003,2019-12-16 09:33:44.500,3977.4000,28929,0,1052958840.000,0,-,-,-,-,3977.0000,3976.6000,3976.4000,3976.0000,3975.6000,3977.8000,3978.0000,3978.2000,3978.4000,3978.8000,4,2,1,11,1,1,4,1,1,1
SF,IF2003,2019-12-16 09:33:45.500,3977.8000,28930,1,1055345280.000,2,1,1,空开,S,3977.0000,3976.6000,3976.4000,3976.0000,3975.6000,3978.2000,3978.4000,3978.8000,3979.0000,3979.8000,3,2,1,11,1,1,2,1,1,3
SF,IF2003,2019-12-16 09:33:46.000,3977.8000,28930,0,1055345280.000,0,-,-,-,-,3977.0000,3976.6000,3976.4000,3976.0000,3975.6000,3978.0000,3978.2000,3978.4000,3978.8000,3979.0000,3,2,1,11,1,1,1,2,1,1
SF,IF2003,2019-12-16 09:33:46.500,3977.8000,28930,0,1055345280.000,0,-,-,-,-,3977.0000,3976.6000,3976.4000,3976.0000,3975.6000,3978.0000,3978.2000,3978.4000,3978.8000,3979.0000,4,2,1,11,1,5,1,2,1,1
SF,IF2003,2019-12-16 09:33:47.000,3977.8000,28930,0,1055345280.000,0,-,-,-,-,3977.2000,3977.0000,3976.6000,3976.4000,3976.0000,3977.8000,3978.0000,3978.2000,3978.4000,3978.8000,2,4,2,1,11,1,5,1,2,1
SF,IF2003,2019-12-16 09:33:47.500,3977.8000,28930,0,1055345280.000,0,-,-,-,-,3977.2000,3977.0000,3976.6000,3976.4000,3976.0000,3977.8000,3978.0000,3978.2000,3978.4000,3978.8000,1,4,2,1,11,1,5,1,2,1
SF,IF2003,2019-12-16 09:33:48.000,3977.2000,28930,0,1056538440.000,1,0,1,多换,S,3977.0000,3976.6000,3976.4000,3976.0000,3975.6000,3977.2000,3977.6000,3977.8000,3978.0000,3978.2000,4,2,1,11,1,1,1,1,4,1
SF,IF2003,2019-12-16 09:33:48.500,3977.2000,28930,0,1056538440.000,0,-,-,-,-,3977.0000,3976.6000,3976.4000,3976.0000,3975.6000,3977.6000,3977.8000,3978.4000,3978.8000,3979.0000,5,2,1,11,1,1,1,2,1,1
SF,IF2003,2019-12-16 09:33:49.000,3977.0000,28929,-1,1057731540.000,1,0,1,双平,S,3977.0000,3976.6000,3976.4000,3976.0000,3975.6000,3977.6000,3977.8000,3978.4000,3978.8000,3979.0000,4,2,1,11,1,1,1,2,1,1
SF,IF2003,2019-12-16 09:33:49.500,3977.0000,28929,0,1057731540.000,0,-,-,-,-,3977.2000,3977.0000,3976.6000,3976.4000,3976.0000,3977.6000,3977.8000,3978.4000,3978.8000,3979.0000,1,4,2,1,11,1,1,2,1,1
SF,IF2003,2019-12-16 09:33:50.000,3977.0000,28929,0,1057731540.000,0,-,-,-,-,3977.2000,3977.0000,3976.6000,3976.4000,3976.0000,3977.6000,3978.4000,3978.8000,3979.0000,3979.8000,1,4,2,1,11,1,2,1,1,3
SF,IF2003,2019-12-16 09:33:50.500,3977.0000,28928,-1,1060117800.000,2,0,2,多平,S,3977.0000,3976.6000,3976.4000,3976.0000,3975.6000,3977.2000,3977.6000,3978.4000,3978.8000,3979.0000,3,2,1,11,1,3,1,2,1,1
SF,IF2003,2019-12-16 09:33:51.000,3977.2000,28927,-1,1061310960.000,1,0,1,双平,S,3977.0000,3976.6000,3976.4000,3976.0000,3975.6000,3977.6000,3978.4000,3978.8000,3979.0000,3979.8000,3,2,1,11,1,1,2,1,1,3
SF,IF2003,2019-12-16 09:33:51.500,3977.0000,28927,0,1062504060.000,1,0,1,多换,S,3977.0000,3976.6000,3976.4000,3976.0000,3975.6000,3977.4000,3977.6000,3978.4000,3978.8000,3979.0000,2,2,1,11,1,1,1,2,1,1
SF,IF2003,2019-12-16 09:33:52.000,3977.6000,28926,-1,1063697340.000,1,0,1,双平,S,3977.0000,3976.6000,3976.4000,3976.0000,3975.6000,3978.4000,3978.8000,3979.0000,3979.8000,3980.0000,2,2,1,11,1,2,1,1,3,2
SF,IF2003,2019-12-16 09:33:52.500,3977.4000,28924,-2,1066083780.000,2,0,2,双平,S,3977.2000,3977.0000,3976.6000,3976.4000,3976.0000,3978.2000,3978.4000,3978.8000,3979.0000,3979.8000,2,2,2,1,11,5,2,1,1,3
SF,IF2003,2019-12-16 09:33:53.000,3977.4000,28924,0,1066083780.000,0,-,-,-,-,3977.2000,3977.0000,3976.6000,3976.4000,3976.0000,3978.2000,3978.4000,3978.8000,3979.0000,3979.8000,2,2,2,1,11,3,2,1,1,3
SF,IF2003,2019-12-16 09:33:53.500,3977.2000,28924,0,1069663380.000,3,1,2,多换,S,3977.2000,3977.0000,3976.6000,3976.4000,3976.0000,3978.2000,3978.4000,3978.8000,3979.0000,3979.8000,1,2,2,1,11,1,2,1,1,3
SF,IF2003,2019-12-16 09:33:54.000,3977.2000,28924,0,1069663380.000,0,-,-,-,-,3977.0000,3976.6000,3976.4000,3976.0000,3975.6000,3978.0000,3978.2000,3978.4000,3978.8000,3979.0000,2,2,1,11,1,2,2,2,1,1
SF,IF2003,2019-12-16 09:33:54.500,3977.2000,28924,0,1069663380.000,0,-,-,-,-,3977.4000,3977.0000,3976.6000,3976.4000,3976.0000,3977.8000,3978.0000,3978.4000,3978.8000,3979.0000,1,2,2,1,11,1,2,2,1,1
SF,IF2003,2019-12-16 09:33:55.000,3977.8000,28924,0,1070856720.000,1,0,1,多换,S,3977.0000,3976.6000,3976.4000,3976.0000,3975.6000,3977.2000,3978.0000,3978.4000,3978.8000,3979.0000,2,2,1,11,1,6,2,2,1,1
SF,IF2003,2019-12-16 09:33:55.500,3977.2000,28918,-6,1078015680.000,6,0,6,双平,S,3977.0000,3976.6000,3976.4000,3976.0000,3975.6000,3978.0000,3978.4000,3978.8000,3979.0000,3979.8000,2,2,1,11,1,2,2,1,1,3
SF,IF2003,2019-12-16 09:33:56.000,3977.2000,28918,0,1078015680.000,0,-,-,-,-,3977.4000,3977.2000,3977.0000,3976.6000,3976.4000,3978.0000,3978.4000,3978.8000,3979.0000,3979.8000,1,1,2,2,1,1,2,1,1,3
SF,IF2003,2019-12-16 09:33:56.500,3977.2000,28918,0,1078015680.000,0,-,-,-,-,3977.2000,3977.0000,3976.6000,3976.4000,3976.0000,3978.0000,3978.4000,3978.8000,3979.0000,3979.8000,2,2,2,1,11,1,2,1,2,3
SF,IF2003,2019-12-16 09:33:57.000,3977.2000,28918,0,1078015680.000,0,-,-,-,-,3977.2000,3977.0000,3976.6000,3976.4000,3976.0000,3978.0000,3978.4000,3978.8000,3979.0000,3979.8000,2,2,2,1,11,2,2,1,2,3
SF,IF2003,2019-12-16 09:33:57.500,3977.2000,28918,0,1078015680.000,0,-,-,-,-,3977.2000,3977.0000,3976.6000,3976.4000,3976.0000,3977.8000,3978.0000,3978.4000,3978.8000,3979.0000,1,2,2,1,11,1,2,2,1,2
SF,IF2003,2019-12-16 09:33:58.000,3977.2000,28918,0,1078015680.000,0,-,-,-,-,3977.0000,3976.6000,3976.4000,3976.0000,3975.6000,3977.8000,3978.0000,3978.4000,3978.8000,3979.0000,2,2,1,11,1,1,2,2,1,2
SF,IF2003,2019-12-16 09:33:58.500,3977.2000,28918,0,1078015680.000,0,-,-,-,-,3977.2000,3977.0000,3976.6000,3976.4000,3976.0000,3977.8000,3978.0000,3978.4000,3978.8000,3979.0000,1,2,2,1,11,1,2,2,1,2
SF,IF2003,2019-12-16 09:33:59.000,3977.2000,28917,-1,1079208840.000,1,0,1,双平,S,3977.0000,3976.6000,3976.4000,3976.0000,3975.6000,3977.2000,3977.8000,3978.0000,3978.4000,3978.8000,2,2,1,11,1,2,1,2,2,1
SF,IF2003,2019-12-16 09:33:59.500,3977.2000,28915,-2,1081595160.000,2,0,2,双平,S,3977.2000,3977.0000,3976.6000,3976.4000,3976.0000,3977.8000,3978.0000,3978.4000,3978.8000,3979.0000,3,2,3,1,11,1,2,2,1,2
SF,IF2003,2019-12-16 09:34:00.000,3977.8000,28915,0,1082788500.000,1,0,1,多换,S,3977.0000,3976.6000,3976.4000,3976.0000,3975.6000,3978.0000,3978.4000,3978.8000,3979.0000,3979.8000,2,3,1,11,1,2,2,1,2,3
SF,IF2003,2019-12-16 09:34:00.500,3977.8000,28915,0,1082788500.000,0,-,-,-,-,3977.2000,3977.0000,3976.6000,3976.4000,3976.0000,3978.0000,3978.4000,3978.8000,3979.0000,3979.8000,7,2,3,1,11,2,2,1,2,3
SF,IF2003,2019-12-16 09:34:01.000,3977.4000,28915,0,1083981720.000,1,0,1,多换,S,3977.4000,3977.2000,3977.0000,3976.6000,3976.4000,3978.0000,3978.4000,3978.8000,3979.0000,3979.8000,1,7,2,3,1,1,2,1,2,3
SF,IF2003,2019-12-16 09:34:01.500,3977.4000,28914,-1,1086368160.000,2,0,2,多平,S,3977.2000,3977.0000,3976.6000,3976.4000,3976.0000,3978.0000,3978.4000,3978.8000,3979.0000,3979.8000,7,2,3,1,11,1,1,1,2,3
SF,IF2003,2019-12-16 09:34:02.000,3978.0000,28913,-1,1087561560.000,1,0,1,双平,S,3978.0000,3977.6000,3977.4000,3977.2000,3977.0000,3978.4000,3978.8000,3979.0000,3979.8000,3980.0000,1,1,1,7,2,1,1,2,3,3
SF,IF2003,2019-12-16 09:34:02.500,3978.0000,28913,0,1087561560.000,0,-,-,-,-,3978.2000,3977.6000,3977.4000,3977.2000,3977.0000,3978.4000,3978.8000,3979.0000,3979.8000,3980.0000,1,1,3,7,2,1,1,2,3,2
SF,IF2003,2019-12-16 09:34:03.000,3978.4000,28913,0,1088755080.000,1,0,1,多换,S,3977.6000,3977.4000,3977.2000,3977.0000,3976.6000,3978.8000,3979.0000,3979.8000,3980.0000,3980.8000,1,2,5,2,2,1,2,3,2,1
SF,IF2003,2019-12-16 09:34:03.500,3978.4000,28913,0,1088755080.000,0,-,-,-,-,3978.4000,3977.8000,3977.6000,3977.2000,3977.0000,3978.8000,3979.0000,3979.8000,3980.0000,3980.8000,5,1,2,6,2,2,2,3,2,1
SF,IF2003,2019-12-16 09:34:04.000,3978.4000,28913,0,1094722680.000,5,2,3,多换,S,3977.6000,3977.2000,3977.0000,3976.6000,3976.4000,3978.4000,3978.6000,3978.8000,3979.0000,3979.8000,2,6,2,2,1,2,4,3,2,3
SF,IF2003,2019-12-16 09:34:04.500,3978.4000,28913,0,1094722680.000,0,-,-,-,-,3977.8000,3977.6000,3977.2000,3977.0000,3976.6000,3978.4000,3978.8000,3979.0000,3979.8000,3980.0000,1,2,6,2,2,2,2,2,3,2
SF,IF2003,2019-12-16 09:34:05.000,3978.4000,28913,0,1094722680.000,0,-,-,-,-,3977.8000,3977.6000,3977.2000,3977.0000,3976.6000,3978.4000,3978.8000,3979.0000,3979.8000,3980.0000,1,1,6,2,2,2,2,2,3,2
SF,IF2003,2019-12-16 09:34:05.500,3978.4000,28913,0,1094722680.000,0,-,-,-,-,3978.0000,3977.8000,3977.2000,3977.0000,3976.6000,3978.4000,3978.8000,3979.0000,3979.8000,3980.0000,1,1,6,2,2,2,1,2,3,2
SF,IF2003,2019-12-16 09:34:06.000,3978.4000,28913,0,1097109720.000,2,1,1,多换,S,3978.6000,3978.4000,3978.0000,3977.8000,3977.2000,3978.8000,3979.0000,3979.8000,3980.0000,3980.8000,1,4,1,7,6,1,2,3,1,1
SF,IF2003,2019-12-16 09:34:06.500,3979.0000,28910,-3,1100690760.000,3,0,3,双平,S,3979.0000,3978.8000,3978.4000,3978.0000,3977.8000,3979.8000,3980.0000,3980.8000,3981.0000,3981.2000,1,1,2,3,3,3,1,1,4,1
SF,IF2003,2019-12-16 09:34:07.000,3979.0000,28910,0,1100690760.000,0,-,-,-,-,3979.2000,3978.8000,3978.4000,3977.8000,3977.2000,3979.8000,3980.0000,3980.8000,3981.0000,3981.2000,2,1,2,2,6,3,1,1,4,1
SF,IF2003,2019-12-16 09:34:07.500,3979.0000,28910,0,1100690760.000,0,-,-,-,-,3979.2000,3978.8000,3978.4000,3977.8000,3977.2000,3979.8000,3980.0000,3980.8000,3981.0000,3981.2000,2,1,2,1,6,3,1,1,4,1
SF,IF2003,2019-12-16 09:34:08.000,3979.2000,28910,0,1101884520.000,1,0,1,多换,S,3978.8000,3978.4000,3977.8000,3977.2000,3977.0000,3979.8000,3980.0000,3980.8000,3981.0000,3981.2000,1,2,1,6,2,3,1,1,4,1
SF,IF2003,2019-12-16 09:34:08.500,3979.2000,28910,0,1101884520.000,0,-,-,-,-,3978.8000,3978.4000,3977.8000,3977.2000,3977.0000,3979.6000,3979.8000,3980.0000,3980.8000,3981.0000,1,2,1,6,2,1,3,1,1,4
SF,IF2003,2019-12-16 09:34:09.000,3979.2000,28910,0,1101884520.000,0,-,-,-,-,3978.8000,3978.4000,3977.8000,3977.2000,3977.0000,3979.4000,3979.6000,3979.8000,3980.0000,3980.6000,1,2,1,6,2,1,1,3,1,3
SF,IF2003,2019-12-16 09:34:09.500,3978.8000,28910,0,1103078160.000,1,0,1,多换,S,3978.8000,3978.4000,3977.8000,3977.2000,3977.0000,3979.4000,3979.6000,3979.8000,3980.0000,3980.6000,4,2,1,6,2,2,1,3,1,3
SF,IF2003,2019-12-16 09:34:10.000,3979.4000,28911,1,1104271980.000,1,1,0,双开,S,3978.4000,3977.2000,3977.0000,3976.6000,3976.4000,3979.4000,3979.6000,3979.8000,3980.0000,3980.6000,2,6,2,2,1,1,1,3,2,3
SF,IF2003,2019-12-16 09:34:10.500,3979.0000,28911,0,1106659500.000,2,1,1,多换,S,3978.6000,3978.4000,3977.2000,3977.0000,3976.6000,3979.6000,3979.8000,3980.0000,3980.6000,3980.8000,2,2,6,2,2,1,3,2,3,1
SF,IF2003,2019-12-16 09:34:11.000,3979.0000,28911,0,1106659500.000,0,-,-,-,-,3978.6000,3978.4000,3977.2000,3977.0000,3976.6000,3978.8000,3979.6000,3979.8000,3980.0000,3980.6000,3,4,6,2,2,1,1,3,2,3
SF,IF2003,2019-12-16 09:34:11.500,3978.8000,28910,-1,1107853140.000,1,0,1,双平,S,3979.0000,3978.8000,3978.6000,3978.4000,3977.2000,3979.4000,3979.8000,3980.0000,3980.6000,3980.8000,1,4,3,2,6,1,3,2,3,1
SF,IF2003,2019-12-16 09:34:12.000,3978.8000,28910,0,1107853140.000,0,-,-,-,-,3978.8000,3978.6000,3978.4000,3977.2000,3977.0000,3979.8000,3980.0000,3980.6000,3980.8000,3981.0000,11,3,2,6,2,3,2,3,1,4
SF,IF2003,2019-12-16 09:34:12.500,3978.8000,28909,-1,1109046780.000,1,0,1,双平,S,3978.6000,3978.4000,3977.2000,3977.0000,3976.6000,3979.0000,3979.6000,3979.8000,3980.0000,3980.6000,2,2,6,2,2,1,2,3,2,3
SF,IF2003,2019-12-16 09:34:13.000,3979.0000,28909,0,1110240480.000,1,0,1,多换,S,3978.6000,3977.2000,3977.0000,3976.6000,3976.4000,3979.6000,3979.8000,3980.0000,3980.6000,3980.8000,1,6,2,2,1,2,3,2,3,1
SF,IF2003,2019-12-16 09:34:13.500,3979.0000,28909,0,1110240480.000,0,-,-,-,-,3978.6000,3977.2000,3977.0000,3976.6000,3976.4000,3979.6000,3979.8000,3980.0000,3980.6000,3980.8000,1,6,2,2,1,2,3,2,3,1
SF,IF2003,2019-12-16 09:34:14.000,3979.0000,28909,0,1110240480.000,0,-,-,-,-,3977.2000,3977.0000,3976.6000,3976.4000,3976.0000,3978.6000,3979.4000,3979.6000,3979.8000,3980.0000,6,2,2,1,11,4,3,1,3,2
SF,IF2003,2019-12-16 09:34:14.500,3979.0000,28909,0,1110240480.000,0,-,-,-,-,3977.8000,3977.4000,3977.2000,3977.0000,3976.6000,3978.4000,3978.6000,3979.4000,3979.8000,3980.0000,1,7,6,2,2,1,4,2,3,2
SF,IF2003,2019-12-16 09:34:15.000,3978.0000,28909,0,1111433880.000,1,0,1,多换,S,3977.8000,3977.4000,3977.2000,3977.0000,3976.6000,3978.4000,3978.6000,3979.4000,3979.8000,3980.0000,3,6,5,2,2,1,1,2,3,2
SF,IF2003,2019-12-16 09:34:15.500,3978.4000,28909,0,1112627400.000,1,0,1,多换,S,3978.0000,3977.4000,3977.2000,3977.0000,3976.6000,3978.6000,3979.4000,3979.8000,3980.0000,3980.6000,1,6,5,3,2,1,1,3,2,3
SF,IF2003,2019-12-16 09:34:16.000,3979.4000,28909,0,1115014800.000,2,1,1,多换,S,3978.4000,3978.2000,3978.0000,3977.4000,3977.2000,3979.8000,3980.0000,3980.6000,3980.8000,3981.0000,1,1,7,6,5,3,2,3,1,4
SF,IF2003,2019-12-16 09:34:16.500,3979.6000,28909,0,1116208680.000,1,0,1,多换,S,3978.4000,3978.0000,3977.4000,3977.2000,3977.0000,3979.6000,3979.8000,3980.0000,3980.6000,3980.8000,2,2,5,5,3,3,4,2,3,1
SF,IF2003,2019-12-16 09:34:17.000,3979.6000,28909,0,1116208680.000,0,-,-,-,-,3978.6000,3978.4000,3978.0000,3977.4000,3977.2000,3979.4000,3979.6000,3979.8000,3980.0000,3980.6000,1,2,2,5,5,3,2,4,2,3
SF,IF2003,2019-12-16 09:34:17.500,3979.6000,28909,0,1116208680.000,0,-,-,-,-,3978.6000,3978.4000,3978.0000,3977.4000,3977.2000,3979.4000,3979.6000,3979.8000,3980.0000,3980.6000,1,2,2,5,5,4,2,4,2,3
SF,IF2003,2019-12-16 09:34:18.000,3979.6000,28909,0,1116208680.000,0,-,-,-,-,3978.4000,3978.0000,3977.4000,3977.2000,3977.0000,3979.2000,3979.4000,3979.6000,3979.8000,3980.0000,1,2,5,5,3,1,4,2,4,2
SF,IF2003,2019-12-16 09:34:18.500,3978.4000,28907,-2,1118595720.000,2,0,2,双平,S,3978.0000,3977.4000,3977.2000,3977.0000,3976.6000,3978.4000,3979.2000,3979.4000,3979.6000,3979.8000,2,5,5,3,2,1,1,1,2,4
SF,IF2003,2019-12-16 09:34:19.000,3978.4000,28907,0,1118595720.000,0,-,-,-,-,3978.2000,3978.0000,3977.4000,3977.2000,3977.0000,3978.4000,3979.2000,3979.6000,3979.8000,3980.0000,1,2,5,5,3,1,1,1,4,2
SF,IF2003,2019-12-16 09:34:19.500,3978.2000,28906,-1,1119789180.000,1,0,1,双平,S,3978.0000,3977.4000,3977.2000,3977.0000,3976.6000,3978.4000,3979.2000,3979.6000,3979.8000,3980.0000,1,4,5,3,2,1,1,1,4,2
SF,IF2003,2019-12-16 09:34:20.000,3978.2000,28906,0,1119789180.000,0,-,-,-,-,3977.4000,3977.2000,3977.0000,3976.6000,3976.4000,3978.2000,3978.4000,3979.2000,3979.6000,3979.8000,4,5,3,2,1,1,1,1,1,4
SF,IF2003,2019-12-16 09:34:20.500,3978.4000,28907,1,1120982700.000,1,1,0,双开,S,3978.0000,3977.6000,3977.4000,3977.2000,3977.0000,3979.6000,3979.8000,3980.0000,3980.6000,3980.8000,1,2,4,5,3,1,4,2,3,2
SF,IF2003,2019-12-16 09:34:21.000,3978.4000,28907,0,1120982700.000,0,-,-,-,-,3978.0000,3977.6000,3977.4000,3977.2000,3977.0000,3979.0000,3979.4000,3979.6000,3979.8000,3980.0000,1,4,5,5,3,1,4,1,4,2
SF,IF2003,2019-12-16 09:34:21.500,3978.4000,28907,0,1120982700.000,0,-,-,-,-,3978.0000,3977.6000,3977.4000,3977.2000,3977.0000,3978.8000,3979.0000,3979.4000,3979.8000,3980.0000,1,4,5,5,3,2,1,4,4,2
SF,IF2003,2019-12-16 09:34:22.000,3978.4000,28907,0,1120982700.000,0,-,-,-,-,3978.0000,3977.6000,3977.4000,3977.2000,3977.0000,3978.8000,3979.0000,3979.4000,3979.8000,3980.0000,1,4,5,5,3,2,1,1,4,2
