市场代码,合约代码,时间,最新,持仓,增仓,成交额,成交量,开仓,平仓,成交类型,方向,买一价,买二价,买三价,买四价,买五价,卖一价,卖二价,卖三价,卖四价,卖五价,买一量,买二量,买三量,买四量,买五量,卖一量,卖二量,卖三量,卖四量,卖五量
SF,IF2008,2020-06-29 09:29:00.200,4058.6000,1762,0,1217580.000,1.000,-,-,-,-,4058.6000,4056.0000,4054.2000,4053.6000,4053.2000,4067.0000,4069.0000,4070.4000,4071.0000,4073.0000,2,1,1,10,1,1,1,1,1,1
SF,IF2008,2020-06-29 09:30:00.200,4058.6000,1762,0,1217580.000,0,-,-,-,-,4063.6000,4060.2000,4059.8000,4058.8000,4058.6000,4066.8000,4067.0000,4069.0000,4070.4000,4071.0000,1,1,1,3,2,1,1,1,1,1
SF,IF2008,2020-06-29 09:30:00.700,4066.6000,1762,0,2437560.000,1,0,1,多换,S,4064.0000,4063.8000,4063.6000,4060.2000,4059.8000,4066.6000,4067.0000,4069.0000,4071.0000,4074.6000,1,6,2,1,1,3,1,1,1,1
SF,IF2008,2020-06-29 09:30:01.200,4066.6000,1762,0,2437560.000,0,-,-,-,-,4065.6000,4064.2000,4064.0000,4063.8000,4060.2000,4067.0000,4069.0000,4071.0000,4074.6000,4079.0000,1,3,2,3,1,1,1,1,1,1
SF,IF2008,2020-06-29 09:30:01.700,4067.0000,1761,-1,3657660.000,1,0,1,双平,S,4067.8000,4067.2000,4065.8000,4064.2000,4063.8000,4069.0000,4071.0000,4074.6000,4075.0000,4079.0000,1,1,2,1,3,1,1,1,5,1
SF,IF2008,2020-06-29 09:30:02.200,4067.8000,1760,-1,4878000.000,1,0,1,双平,S,4068.0000,4067.2000,4064.2000,4063.8000,4061.2000,4069.0000,4074.6000,4075.0000,4079.0000,4087.0000,1,1,1,1,1,1,1,5,1,3
SF,IF2008,2020-06-29 09:30:02.700,4067.8000,1760,0,6098340.000,1,0,1,多换,S,4064.2000,4063.8000,4062.2000,4061.2000,4060.2000,4069.0000,4074.6000,4075.0000,4079.0000,4087.0000,1,1,1,1,1,1,1,5,1,3
SF,IF2008,2020-06-29 09:30:03.200,4067.8000,1760,0,6098340.000,0,-,-,-,-,4067.2000,4066.6000,4065.6000,4064.4000,4064.2000,4069.0000,4074.6000,4075.0000,4079.0000,4087.0000,1,2,1,3,1,1,1,5,1,3
SF,IF2008,2020-06-29 09:30:03.700,4068.8000,1760,0,8539620.000,2,1,1,多换,S,4067.8000,4067.2000,4066.6000,4064.4000,4064.2000,4069.0000,4074.6000,4075.0000,4079.0000,4087.0000,1,1,2,1,1,1,1,5,1,3
SF,IF2008,2020-06-29 09:30:04.200,4068.8000,1760,0,8539620.000,0,-,-,-,-,4067.8000,4067.2000,4066.6000,4065.0000,4064.4000,4069.0000,4074.6000,4075.0000,4079.0000,4087.0000,1,1,2,1,1,2,1,5,1,3
SF,IF2008,2020-06-29 09:30:04.700,4068.8000,1760,0,8539620.000,0,-,-,-,-,4067.8000,4067.2000,4066.6000,4065.0000,4063.6000,4069.0000,4074.6000,4075.0000,4079.0000,4087.0000,1,1,2,1,1,1,1,5,1,3
SF,IF2008,2020-06-29 09:30:06.200,4067.8000,1760,0,9759960.000,1,0,1,多换,S,4066.6000,4065.0000,4063.6000,4060.0000,4059.0000,4069.0000,4074.6000,4075.0000,4079.0000,4087.0000,2,1,1,5,1,1,1,5,1,3
SF,IF2008,2020-06-29 09:30:06.700,4066.8000,1759,-1,10980000.000,1,0,1,双平,S,4066.6000,4063.6000,4060.0000,4059.0000,4058.8000,4068.8000,4069.0000,4074.6000,4075.0000,4079.0000,2,1,5,1,1,1,2,1,5,1
SF,IF2008,2020-06-29 09:30:07.200,4066.8000,1759,0,10980000.000,0,-,-,-,-,4060.0000,4059.0000,4058.8000,4044.6000,4042.0000,4068.8000,4069.0000,4074.6000,4075.0000,4079.0000,5,1,1,1,1,1,1,1,5,1
SF,IF2008,2020-06-29 09:30:07.700,4066.8000,1759,0,10980000.000,0,-,-,-,-,4065.4000,4065.2000,4064.0000,4060.2000,4060.0000,4068.8000,4069.0000,4074.6000,4075.0000,4079.0000,1,2,1,2,5,2,1,1,5,1
SF,IF2008,2020-06-29 09:30:08.200,4066.8000,1759,0,10980000.000,0,-,-,-,-,4065.8000,4065.6000,4064.0000,4062.6000,4060.0000,4068.8000,4069.0000,4074.6000,4075.0000,4079.0000,1,2,1,1,5,2,1,1,5,1
SF,IF2008,2020-06-29 09:30:08.700,4066.8000,1759,0,10980000.000,0,-,-,-,-,4065.8000,4065.6000,4064.0000,4062.6000,4060.0000,4067.8000,4068.8000,4069.0000,4074.6000,4075.0000,1,2,1,1,5,1,2,1,1,5
SF,IF2008,2020-06-29 09:30:09.200,4066.8000,1759,0,10980000.000,0,-,-,-,-,4064.0000,4062.6000,4059.0000,4058.8000,4055.0000,4067.6000,4067.8000,4069.0000,4074.6000,4075.0000,1,1,1,1,5,1,1,1,1,5
SF,IF2008,2020-06-29 09:30:09.700,4066.8000,1759,0,10980000.000,0,-,-,-,-,4064.4000,4064.2000,4064.0000,4059.0000,4058.8000,4067.6000,4067.8000,4069.0000,4074.6000,4075.0000,1,2,1,1,1,1,1,1,1,5
SF,IF2008,2020-06-29 09:30:10.200,4064.4000,1758,-1,12199320.000,1,0,1,双平,S,4064.0000,4059.0000,4058.8000,4055.0000,4044.6000,4067.4000,4067.6000,4067.8000,4069.0000,4074.6000,1,1,1,5,1,1,2,1,1,1
SF,IF2008,2020-06-29 09:30:10.700,4064.4000,1758,0,12199320.000,0,-,-,-,-,4059.0000,4058.8000,4055.0000,4044.6000,4038.0000,4067.2000,4067.4000,4067.8000,4069.0000,4074.6000,1,1,5,1,1,1,2,1,1,1
SF,IF2008,2020-06-29 09:30:11.200,4064.4000,1758,0,12199320.000,0,-,-,-,-,4064.0000,4062.6000,4062.4000,4059.2000,4059.0000,4067.2000,4067.4000,4067.8000,4069.0000,4074.6000,1,1,2,2,1,2,1,1,1,1
SF,IF2008,2020-06-29 09:30:11.700,4064.4000,1758,0,12199320.000,0,-,-,-,-,4064.0000,4062.6000,4062.4000,4061.0000,4059.0000,4067.2000,4067.8000,4069.0000,4074.6000,4075.0000,1,1,2,1,1,2,1,1,1,5
SF,IF2008,2020-06-29 09:30:12.200,4064.4000,1758,0,12199320.000,0,-,-,-,-,4064.0000,4062.6000,4062.4000,4061.4000,4061.0000,4067.2000,4067.8000,4069.0000,4074.6000,4075.0000,1,1,2,1,1,2,1,1,1,5
SF,IF2008,2020-06-29 09:30:12.700,4064.4000,1758,0,12199320.000,0,-,-,-,-,4064.4000,4062.6000,4062.4000,4061.4000,4059.0000,4067.0000,4067.2000,4067.8000,4069.0000,4074.6000,1,1,2,1,1,1,1,1,1,1
SF,IF2008,2020-06-29 09:30:13.200,4064.4000,1758,0,12199320.000,0,-,-,-,-,4064.4000,4062.6000,4062.4000,4059.0000,4055.0000,4066.8000,4067.0000,4067.8000,4069.0000,4074.6000,2,1,2,1,5,1,1,1,1,1
SF,IF2008,2020-06-29 09:30:13.700,4064.4000,1758,0,12199320.000,0,-,-,-,-,4064.4000,4062.6000,4062.4000,4059.0000,4055.0000,4066.8000,4067.0000,4067.8000,4069.0000,4074.6000,3,1,2,1,5,1,1,1,1,1
SF,IF2008,2020-06-29 09:30:14.200,4064.4000,1758,0,12199320.000,0,-,-,-,-,4064.6000,4064.4000,4062.4000,4059.0000,4055.0000,4067.0000,4067.8000,4069.0000,4074.6000,4075.0000,2,2,2,1,5,1,1,1,1,5
SF,IF2008,2020-06-29 09:30:15.200,4067.0000,1757,-1,13419420.000,1,0,1,双平,S,4064.6000,4064.4000,4062.4000,4059.0000,4055.0000,4067.8000,4069.0000,4074.6000,4075.0000,4088.0000,2,1,2,1,5,1,1,1,5,4
SF,IF2008,2020-06-29 09:30:15.700,4065.0000,1757,0,14638920.000,1,0,1,多换,S,4065.0000,4064.8000,4064.6000,4064.4000,4059.0000,4067.8000,4069.0000,4074.6000,4075.0000,4088.0000,1,3,1,1,1,1,1,1,5,4
SF,IF2008,2020-06-29 09:30:16.200,4065.0000,1757,0,14638920.000,0,-,-,-,-,4065.2000,4065.0000,4064.8000,4064.4000,4059.0000,4067.8000,4069.0000,4074.6000,4075.0000,4088.0000,1,1,3,1,1,1,1,1,5,4
SF,IF2008,2020-06-29 09:30:16.700,4065.0000,1757,0,15858420.000,1,0,1,多换,S,4064.8000,4064.4000,4059.0000,4055.0000,4044.6000,4067.6000,4067.8000,4069.0000,4074.6000,4075.0000,2,1,1,5,1,1,1,1,1,5
SF,IF2008,2020-06-29 09:30:17.200,4065.0000,1757,0,15858420.000,0,-,-,-,-,4065.4000,4064.8000,4064.4000,4059.0000,4055.0000,4067.6000,4067.8000,4069.0000,4074.6000,4075.0000,1,2,1,1,5,1,1,1,1,5
SF,IF2008,2020-06-29 09:30:17.700,4065.0000,1757,0,15858420.000,0,-,-,-,-,4065.4000,4064.8000,4064.4000,4059.0000,4055.0000,4067.6000,4067.8000,4069.0000,4074.6000,4075.0000,1,2,1,1,5,1,1,1,1,5
SF,IF2008,2020-06-29 09:30:18.700,4065.4000,1757,0,17078040.000,1,0,1,多换,S,4064.8000,4059.0000,4055.0000,4044.6000,4038.0000,4065.4000,4067.6000,4067.8000,4069.0000,4074.6000,2,1,5,1,1,1,1,1,1,1
SF,IF2008,2020-06-29 09:30:19.200,4065.4000,1757,0,18297660.000,1,0,1,多换,S,4059.0000,4055.0000,4044.6000,4038.0000,4024.4000,4067.6000,4067.8000,4069.0000,4074.6000,4075.0000,1,5,1,1,5,1,1,1,1,5
SF,IF2008,2020-06-29 09:30:19.700,4065.4000,1757,0,18297660.000,0,-,-,-,-,4064.4000,4064.2000,4064.0000,4059.2000,4059.0000,4067.6000,4067.8000,4069.0000,4074.6000,4075.0000,1,2,1,1,2,1,1,1,1,5
SF,IF2008,2020-06-29 09:30:20.200,4065.4000,1757,0,18297660.000,0,-,-,-,-,4064.8000,4064.6000,4064.4000,4064.0000,4061.6000,4067.6000,4067.8000,4068.0000,4069.0000,4074.6000,1,2,1,1,1,1,1,1,1,1
SF,IF2008,2020-06-29 09:30:20.700,4065.4000,1757,0,18297660.000,0,-,-,-,-,4064.8000,4064.6000,4064.0000,4061.6000,4059.0000,4067.6000,4067.8000,4068.0000,4069.0000,4074.6000,2,2,1,1,1,1,1,1,1,1
SF,IF2008,2020-06-29 09:30:21.200,4065.4000,1757,0,18297660.000,0,-,-,-,-,4064.8000,4064.6000,4064.0000,4061.6000,4061.4000,4067.6000,4068.0000,4069.0000,4074.6000,4075.0000,1,2,1,1,2,1,1,1,1,5
SF,IF2008,2020-06-29 09:30:21.700,4065.0000,1757,0,19517160.000,1,0,1,多换,S,4065.0000,4064.6000,4064.0000,4061.6000,4061.4000,4067.6000,4069.0000,4074.6000,4075.0000,4088.0000,1,2,1,1,2,1,1,1,5,4
SF,IF2008,2020-06-29 09:30:22.200,4065.0000,1756,-1,20736660.000,1,0,1,双平,S,4065.2000,4065.0000,4064.6000,4064.0000,4061.6000,4067.6000,4069.0000,4074.6000,4075.0000,4088.0000,1,1,2,1,1,1,1,1,5,4
SF,IF2008,2020-06-29 09:30:22.700,4065.0000,1756,0,20736660.000,0,-,-,-,-,4065.2000,4065.0000,4064.6000,4064.0000,4061.6000,4067.6000,4069.0000,4075.0000,4088.0000,4098.0000,1,1,2,1,1,1,1,5,4,4
SF,IF2008,2020-06-29 09:30:23.200,4065.0000,1755,-1,21956160.000,1,0,1,双平,S,4065.4000,4065.2000,4064.0000,4061.6000,4059.0000,4067.6000,4069.0000,4075.0000,4088.0000,4098.0000,2,1,1,1,1,1,1,5,4,4
SF,IF2008,2020-06-29 09:30:23.700,4065.0000,1755,0,23175660.000,1,0,1,多换,S,4065.4000,4065.2000,4064.0000,4061.6000,4059.0000,4067.6000,4069.0000,4075.0000,4088.0000,4098.0000,2,1,1,1,1,1,1,5,4,4
SF,IF2008,2020-06-29 09:30:24.200,4065.0000,1755,0,23175660.000,0,-,-,-,-,4065.4000,4065.2000,4064.0000,4061.6000,4059.0000,4067.6000,4069.0000,4075.0000,4088.0000,4098.0000,2,1,1,1,1,1,1,5,4,4
SF,IF2008,2020-06-29 09:30:25.700,4067.6000,1754,-1,24395940.000,1,0,1,双平,S,4065.6000,4065.4000,4065.2000,4064.0000,4061.6000,4069.0000,4075.0000,4088.0000,4098.0000,4098.2000,2,2,1,1,1,1,5,4,4,1
SF,IF2008,2020-06-29 09:30:26.200,4067.6000,1754,0,24395940.000,0,-,-,-,-,4066.0000,4065.8000,4065.6000,4064.0000,4061.6000,4068.8000,4069.0000,4075.0000,4088.0000,4098.0000,1,2,2,1,1,1,1,5,4,4
SF,IF2008,2020-06-29 09:30:26.700,4067.6000,1754,0,24395940.000,0,-,-,-,-,4066.2000,4066.0000,4065.8000,4064.0000,4061.6000,4068.8000,4069.0000,4075.0000,4088.0000,4098.0000,2,1,2,1,1,1,1,5,4,4
SF,IF2008,2020-06-29 09:30:27.200,4067.6000,1754,0,24395940.000,0,-,-,-,-,4066.4000,4066.2000,4065.8000,4064.0000,4061.6000,4069.0000,4075.0000,4088.0000,4098.0000,4098.2000,2,1,2,1,1,1,5,4,4,1
SF,IF2008,2020-06-29 09:30:27.700,4066.6000,1755,1,25615920.000,1,1,0,双开,S,4066.6000,4065.8000,4064.0000,4061.6000,4059.0000,4069.0000,4075.0000,4098.2000,4099.0000,4104.4000,3,2,1,1,1,1,5,1,5,5
SF,IF2008,2020-06-29 09:30:28.200,4066.6000,1755,0,25615920.000,0,-,-,-,-,4067.2000,4066.8000,4066.6000,4065.8000,4061.6000,4069.0000,4075.0000,4098.2000,4099.0000,4104.4000,1,2,3,2,1,1,5,1,5,5
SF,IF2008,2020-06-29 09:30:28.700,4066.6000,1755,0,25615920.000,0,-,-,-,-,4067.6000,4067.4000,4067.2000,4066.8000,4066.6000,4069.0000,4075.0000,4098.2000,4099.0000,4104.4000,1,2,2,2,1,1,5,1,5,5
SF,IF2008,2020-06-29 09:30:29.200,4069.0000,1754,-1,26836620.000,1,0,1,双平,S,4067.6000,4067.4000,4067.2000,4066.8000,4066.6000,4075.0000,4098.2000,4099.0000,4104.4000,4118.2000,1,2,1,2,1,5,1,5,5,1
SF,IF2008,2020-06-29 09:30:29.700,4069.0000,1754,0,26836620.000,0,-,-,-,-,4067.8000,4067.4000,4067.2000,4066.8000,4061.6000,4070.0000,4072.0000,4072.2000,4073.6000,4074.8000,1,1,1,1,1,1,1,1,1,2
SF,IF2008,2020-06-29 09:30:30.200,4069.0000,1754,0,26836620.000,0,-,-,-,-,4067.8000,4067.2000,4066.8000,4061.6000,4059.0000,4072.0000,4072.2000,4073.6000,4074.8000,4075.0000,1,1,1,1,1,1,1,1,2,6
SF,IF2008,2020-06-29 09:30:30.700,4069.0000,1754,0,26836620.000,0,-,-,-,-,4067.8000,4066.8000,4059.0000,4055.0000,4044.6000,4070.0000,4071.8000,4072.0000,4072.2000,4073.6000,1,1,1,5,1,1,3,1,1,1
SF,IF2008,2020-06-29 09:30:31.200,4069.0000,1754,0,26836620.000,0,-,-,-,-,4067.8000,4066.8000,4059.0000,4055.0000,4044.6000,4069.8000,4070.0000,4071.8000,4072.2000,4073.6000,1,1,1,5,1,1,1,3,1,1
SF,IF2008,2020-06-29 09:30:31.700,4069.0000,1754,0,26836620.000,0,-,-,-,-,4067.8000,4066.8000,4059.0000,4055.0000,4044.6000,4069.8000,4070.0000,4071.8000,4072.2000,4073.6000,1,1,1,5,1,1,1,3,1,1
SF,IF2008,2020-06-29 09:30:32.200,4069.0000,1754,0,26836620.000,0,-,-,-,-,4067.8000,4066.8000,4059.0000,4055.0000,4044.6000,4069.6000,4069.8000,4070.0000,4071.8000,4072.2000,1,1,1,5,1,1,1,1,3,1
SF,IF2008,2020-06-29 09:30:32.700,4066.8000,1754,0,29277000.000,2,1,1,多换,S,4059.0000,4055.0000,4044.6000,4038.0000,4024.4000,4066.2000,4069.6000,4070.0000,4071.8000,4072.2000,1,5,1,1,5,1,1,1,3,1
SF,IF2008,2020-06-29 09:30:33.200,4066.4000,1753,-1,31716840.000,2,0,2,多平,S,4067.2000,4066.2000,4063.0000,4062.8000,4060.4000,4069.6000,4070.0000,4071.8000,4073.6000,4074.2000,1,1,1,2,1,1,1,2,1,1
SF,IF2008,2020-06-29 09:30:33.700,4066.4000,1753,0,31716840.000,0,-,-,-,-,4067.4000,4067.2000,4066.2000,4063.0000,4062.8000,4069.6000,4071.8000,4073.6000,4074.2000,4075.0000,1,1,1,1,2,1,2,1,1,5
SF,IF2008,2020-06-29 09:30:34.200,4066.4000,1753,0,31716840.000,0,-,-,-,-,4067.4000,4067.2000,4066.2000,4063.2000,4063.0000,4069.6000,4071.8000,4073.6000,4074.2000,4075.0000,1,1,1,2,1,1,2,1,1,5
SF,IF2008,2020-06-29 09:30:34.700,4069.6000,1752,-1,32937720.000,1,0,1,双平,S,4067.4000,4063.2000,4063.0000,4062.8000,4062.4000,4071.8000,4073.6000,4074.2000,4075.0000,4098.2000,1,2,1,2,1,2,1,1,5,1
SF,IF2008,2020-06-29 09:30:35.200,4069.6000,1752,0,32937720.000,0,-,-,-,-,4067.4000,4063.2000,4063.0000,4062.8000,4062.6000,4070.0000,4071.8000,4073.6000,4074.2000,4075.0000,1,2,1,3,2,1,2,1,1,5
SF,IF2008,2020-06-29 09:30:35.700,4069.6000,1752,0,32937720.000,0,-,-,-,-,4063.2000,4063.0000,4062.8000,4062.6000,4062.4000,4069.8000,4070.0000,4071.8000,4073.6000,4074.2000,2,3,3,2,1,1,1,2,1,1
SF,IF2008,2020-06-29 09:30:36.200,4069.6000,1752,0,32937720.000,0,-,-,-,-,4067.2000,4066.6000,4066.4000,4063.4000,4063.2000,4069.8000,4071.8000,4073.6000,4074.2000,4075.0000,1,1,2,1,2,1,2,1,1,5
SF,IF2008,2020-06-29 09:30:36.700,4069.6000,1752,0,32937720.000,0,-,-,-,-,4067.8000,4067.6000,4067.4000,4067.2000,4063.2000,4071.8000,4073.6000,4074.2000,4075.0000,4098.2000,1,2,1,1,2,2,1,1,5,1
SF,IF2008,2020-06-29 09:30:37.200,4069.6000,1752,0,32937720.000,0,-,-,-,-,4068.0000,4067.6000,4067.2000,4063.2000,4063.0000,4071.6000,4073.6000,4074.2000,4075.0000,4098.2000,2,2,1,2,2,1,1,1,5,1
SF,IF2008,2020-06-29 09:30:37.700,4069.6000,1752,0,32937720.000,0,-,-,-,-,4068.0000,4067.2000,4063.2000,4062.8000,4062.6000,4070.0000,4071.6000,4073.6000,4074.2000,4075.0000,1,1,2,1,2,1,2,1,1,5
SF,IF2008,2020-06-29 09:30:38.200,4070.0000,1752,0,34158720.000,1,0,1,多换,S,4068.0000,4067.2000,4066.0000,4062.8000,4062.6000,4071.6000,4073.6000,4074.2000,4075.0000,4098.2000,1,1,2,1,2,2,1,1,5,1
SF,IF2008,2020-06-29 09:30:38.700,4070.0000,1752,0,34158720.000,0,-,-,-,-,4068.0000,4067.2000,4066.0000,4062.8000,4062.6000,4071.4000,4071.6000,4073.6000,4074.2000,4075.0000,1,1,2,1,2,1,1,1,1,5
SF,IF2008,2020-06-29 09:30:40.200,4070.0000,1752,0,34158720.000,0,-,-,-,-,4068.0000,4067.2000,4066.0000,4062.8000,4062.6000,4071.4000,4071.6000,4073.6000,4074.2000,4075.0000,2,1,2,1,2,1,1,1,1,5
SF,IF2008,2020-06-29 09:30:40.700,4070.0000,1752,0,34158720.000,0,-,-,-,-,4068.6000,4068.4000,4068.2000,4068.0000,4067.2000,4071.4000,4071.6000,4073.6000,4074.2000,4075.0000,1,2,1,2,1,1,1,1,1,5
SF,IF2008,2020-06-29 09:30:41.200,4070.0000,1752,0,34158720.000,0,-,-,-,-,4068.8000,4068.6000,4068.4000,4068.2000,4067.2000,4071.4000,4071.6000,4073.6000,4074.2000,4080.0000,2,1,2,1,1,1,1,1,1,5
SF,IF2008,2020-06-29 09:30:41.700,4070.0000,1752,0,34158720.000,0,-,-,-,-,4069.0000,4068.8000,4068.4000,4068.2000,4067.2000,4073.6000,4074.2000,4080.0000,4098.2000,4099.0000,2,1,2,1,1,1,1,5,1,5
SF,IF2008,2020-06-29 09:30:42.200,4070.0000,1752,0,34158720.000,0,-,-,-,-,4069.2000,4069.0000,4068.4000,4067.2000,4066.0000,4073.4000,4074.2000,4080.0000,4098.2000,4099.0000,3,1,2,1,2,1,1,5,1,5
SF,IF2008,2020-06-29 09:30:42.700,4070.0000,1752,0,34158720.000,0,-,-,-,-,4069.2000,4068.4000,4067.2000,4066.0000,4065.0000,4073.2000,4073.4000,4074.2000,4080.0000,4098.2000,3,2,1,2,1,2,1,1,5,1
SF,IF2008,2020-06-29 09:30:43.200,4073.0000,1752,0,36602520.000,2,1,1,多换,S,4070.4000,4070.0000,4069.4000,4069.2000,4068.4000,4074.2000,4080.0000,4098.2000,4099.0000,4104.4000,1,1,3,3,2,1,5,1,5,5
SF,IF2008,2020-06-29 09:30:43.700,4074.0000,1752,0,37824720.000,1,0,1,多换,S,4070.6000,4070.0000,4069.2000,4068.4000,4066.0000,4074.0000,4074.2000,4080.0000,4098.2000,4099.0000,1,1,2,2,2,1,1,5,1,5
SF,IF2008,2020-06-29 09:30:44.200,4074.0000,1752,0,37824720.000,0,-,-,-,-,4070.6000,4070.0000,4069.2000,4068.4000,4066.0000,4074.0000,4077.4000,4080.0000,4098.2000,4099.0000,1,1,2,2,2,2,1,5,1,5
SF,IF2008,2020-06-29 09:30:44.700,4074.0000,1752,0,37824720.000,0,-,-,-,-,4070.0000,4069.2000,4068.4000,4066.0000,4065.0000,4073.8000,4074.0000,4077.4000,4080.0000,4098.2000,1,2,2,2,1,1,2,1,5,1
SF,IF2008,2020-06-29 09:30:45.200,4074.0000,1752,0,37824720.000,0,-,-,-,-,4070.0000,4069.2000,4068.4000,4066.0000,4065.0000,4073.8000,4074.0000,4077.4000,4080.0000,4098.2000,1,2,2,2,1,1,2,1,5,1
SF,IF2008,2020-06-29 09:30:45.700,4074.0000,1752,0,37824720.000,0,-,-,-,-,4070.0000,4069.2000,4068.4000,4066.0000,4065.0000,4073.8000,4074.0000,4074.8000,4077.4000,4080.0000,1,2,2,2,1,1,1,1,1,5
SF,IF2008,2020-06-29 09:30:46.200,4070.2000,1752,0,40266900.000,2,1,1,多换,S,4070.0000,4069.2000,4068.4000,4066.0000,4065.0000,4073.6000,4073.8000,4074.0000,4074.8000,4077.4000,1,1,2,2,1,2,1,1,1,1
SF,IF2008,2020-06-29 09:30:46.700,4070.0000,1753,1,41487900.000,1,1,0,双开,S,4069.2000,4068.4000,4066.0000,4065.0000,4062.8000,4073.4000,4073.6000,4074.0000,4074.8000,4077.4000,1,2,2,1,1,1,2,1,1,1
SF,IF2008,2020-06-29 09:30:47.200,4070.0000,1753,0,41487900.000,0,-,-,-,-,4069.4000,4069.2000,4068.4000,4066.0000,4065.0000,4073.4000,4073.6000,4074.0000,4074.8000,4077.4000,1,1,2,2,1,1,2,1,1,1
SF,IF2008,2020-06-29 09:30:47.700,4070.0000,1753,0,41487900.000,0,-,-,-,-,4070.0000,4069.8000,4069.4000,4069.2000,4066.0000,4073.0000,4073.4000,4073.6000,4074.0000,4077.4000,1,3,1,1,2,1,1,2,1,1
SF,IF2008,2020-06-29 09:30:48.200,4070.0000,1753,0,41487900.000,0,-,-,-,-,4070.0000,4069.8000,4069.2000,4066.0000,4065.0000,4072.8000,4073.0000,4073.6000,4074.0000,4077.4000,2,5,1,2,1,1,1,2,1,1
SF,IF2008,2020-06-29 09:30:48.700,4070.0000,1753,0,41487900.000,0,-,-,-,-,4070.2000,4070.0000,4069.8000,4066.0000,4065.0000,4072.8000,4073.6000,4074.0000,4077.4000,4080.0000,1,1,4,2,1,1,2,1,1,5
SF,IF2008,2020-06-29 09:30:49.200,4070.0000,1753,0,41487900.000,0,-,-,-,-,4070.2000,4070.0000,4069.8000,4066.0000,4065.0000,4072.8000,4073.6000,4074.0000,4077.4000,4080.0000,2,1,4,2,1,1,2,1,1,5
SF,IF2008,2020-06-29 09:30:49.700,4070.0000,1753,0,41487900.000,0,-,-,-,-,4070.2000,4070.0000,4069.8000,4066.0000,4065.0000,4072.8000,4073.6000,4074.0000,4077.4000,4080.0000,1,1,4,2,1,1,2,1,1,5
SF,IF2008,2020-06-29 09:30:50.200,4070.0000,1753,0,41487900.000,0,-,-,-,-,4070.4000,4070.2000,4069.8000,4066.0000,4065.0000,4072.8000,4073.6000,4074.0000,4077.4000,4080.0000,1,1,4,2,1,1,2,1,1,5
SF,IF2008,2020-06-29 09:30:50.700,4070.0000,1753,0,41487900.000,0,-,-,-,-,4070.6000,4070.2000,4069.8000,4066.0000,4065.0000,4072.6000,4072.8000,4073.6000,4074.0000,4077.4000,1,1,3,2,1,1,1,2,1,1
SF,IF2008,2020-06-29 09:30:51.200,4070.0000,1753,0,41487900.000,0,-,-,-,-,4070.6000,4069.8000,4066.0000,4065.0000,4062.4000,4072.4000,4073.6000,4074.0000,4077.4000,4080.0000,1,3,2,1,1,1,2,1,1,5
SF,IF2008,2020-06-29 09:30:51.700,4070.0000,1753,0,41487900.000,0,-,-,-,-,4070.8000,4070.6000,4069.8000,4066.0000,4065.0000,4072.4000,4073.6000,4074.0000,4077.4000,4080.0000,1,1,3,2,1,1,2,1,1,5
SF,IF2008,2020-06-29 09:30:52.200,4070.0000,1753,0,41487900.000,0,-,-,-,-,4070.8000,4069.8000,4066.0000,4065.0000,4062.4000,4072.4000,4073.6000,4074.0000,4077.4000,4080.0000,1,3,2,1,1,1,2,1,1,5
SF,IF2008,2020-06-29 09:30:52.700,4070.0000,1753,0,41487900.000,0,-,-,-,-,4070.8000,4069.8000,4066.0000,4065.0000,4062.4000,4072.4000,4073.6000,4074.0000,4077.4000,4080.0000,2,3,2,1,1,2,2,1,1,5
SF,IF2008,2020-06-29 09:30:53.700,4070.0000,1753,0,41487900.000,0,-,-,-,-,4070.8000,4069.8000,4066.0000,4065.0000,4062.4000,4072.4000,4073.6000,4074.0000,4077.4000,4080.0000,1,3,2,1,1,2,2,1,1,5
SF,IF2008,2020-06-29 09:30:54.200,4072.4000,1752,-1,43931340.000,2,0,2,多平,S,4070.8000,4069.8000,4066.0000,4065.0000,4062.4000,4073.6000,4074.0000,4077.4000,4080.0000,4098.2000,1,3,2,1,1,2,1,1,5,1
SF,IF2008,2020-06-29 09:30:54.700,4072.4000,1752,0,43931340.000,0,-,-,-,-,4071.0000,4070.8000,4069.8000,4066.0000,4065.0000,4073.6000,4074.0000,4077.4000,4080.0000,4098.2000,1,1,3,2,1,2,1,1,5,1
SF,IF2008,2020-06-29 09:30:55.200,4072.4000,1752,0,43931340.000,0,-,-,-,-,4071.0000,4070.8000,4069.8000,4066.0000,4065.0000,4073.6000,4074.0000,4077.4000,4080.0000,4098.2000,1,1,3,2,1,2,1,1,5,1
SF,IF2008,2020-06-29 09:30:55.700,4072.4000,1752,0,43931340.000,0,-,-,-,-,4071.0000,4070.8000,4069.8000,4066.0000,4065.0000,4073.6000,4074.0000,4077.4000,4080.0000,4098.2000,2,1,3,2,1,2,1,1,5,1
SF,IF2008,2020-06-29 09:30:56.200,4072.4000,1752,0,43931340.000,0,-,-,-,-,4071.0000,4070.8000,4069.8000,4066.0000,4065.0000,4073.6000,4074.0000,4077.4000,4080.0000,4098.2000,2,1,3,2,1,2,1,1,5,1
SF,IF2008,2020-06-29 09:30:56.700,4072.4000,1752,0,43931340.000,0,-,-,-,-,4071.2000,4071.0000,4069.8000,4066.0000,4065.0000,4073.6000,4074.0000,4077.4000,4080.0000,4098.2000,1,2,3,2,1,2,1,1,5,1
SF,IF2008,2020-06-29 09:30:57.200,4072.4000,1752,0,43931340.000,0,-,-,-,-,4071.4000,4071.2000,4069.8000,4065.0000,4062.4000,4073.6000,4074.0000,4077.4000,4078.4000,4080.0000,1,1,3,1,1,1,1,1,1,5
SF,IF2008,2020-06-29 09:30:58.200,4071.4000,1751,-1,45152760.000,1,0,1,双平,S,4071.2000,4069.8000,4065.0000,4062.4000,4061.0000,4071.4000,4073.4000,4073.6000,4074.0000,4077.4000,1,3,1,1,1,1,1,2,1,1
SF,IF2008,2020-06-29 09:30:58.700,4071.4000,1750,-1,47595540.000,2,0,2,多平,S,4069.8000,4065.0000,4062.4000,4061.0000,4059.2000,4071.2000,4073.4000,4073.6000,4074.0000,4077.4000,1,1,1,1,1,1,1,2,1,1
SF,IF2008,2020-06-29 09:30:59.200,4069.8000,1750,0,48816480.000,1,0,1,多换,S,4065.0000,4062.4000,4061.0000,4059.2000,4059.0000,4069.8000,4073.4000,4073.6000,4074.0000,4077.4000,1,1,1,1,1,1,1,1,1,1
SF,IF2008,2020-06-29 09:30:59.700,4069.8000,1750,0,50037420.000,1,0,1,多换,S,4068.4000,4068.2000,4065.2000,4065.0000,4062.4000,4069.6000,4073.6000,4074.0000,4077.4000,4078.4000,1,2,1,2,1,1,1,1,1,1
SF,IF2008,2020-06-29 09:31:00.200,4069.8000,1749,-1,51258360.000,1,0,1,双平,S,4068.6000,4065.2000,4065.0000,4062.4000,4061.0000,4073.6000,4074.0000,4077.4000,4078.4000,4080.0000,1,1,2,1,1,1,1,1,1,5
SF,IF2008,2020-06-29 09:31:00.700,4069.8000,1749,0,51258360.000,0,-,-,-,-,4069.6000,4069.4000,4068.8000,4068.6000,4066.0000,4073.4000,4073.6000,4074.0000,4077.4000,4078.4000,1,2,1,1,2,2,1,1,1,1
SF,IF2008,2020-06-29 09:31:01.200,4069.8000,1749,0,52479300.000,1,0,1,多换,S,4069.8000,4069.6000,4069.4000,4069.2000,4066.0000,4073.4000,4073.6000,4074.0000,4077.4000,4078.4000,2,1,2,1,2,2,1,1,1,1
SF,IF2008,2020-06-29 09:31:01.700,4069.8000,1749,0,53700240.000,1,0,1,多换,S,4069.6000,4069.4000,4069.2000,4066.0000,4065.2000,4073.2000,4073.4000,4073.6000,4074.0000,4077.4000,1,2,1,2,1,1,2,1,1,1
SF,IF2008,2020-06-29 09:31:02.200,4069.8000,1749,0,53700240.000,0,-,-,-,-,4069.6000,4069.4000,4069.2000,4069.0000,4066.0000,4072.2000,4073.0000,4073.2000,4073.4000,4073.6000,1,2,1,1,2,1,1,1,1,1
SF,IF2008,2020-06-29 09:31:02.700,4069.8000,1749,0,53700240.000,0,-,-,-,-,4069.8000,4069.2000,4069.0000,4066.0000,4065.2000,4072.0000,4073.6000,4074.0000,4077.4000,4078.4000,3,1,1,2,1,1,1,1,1,1
SF,IF2008,2020-06-29 09:31:03.200,4069.8000,1749,0,53700240.000,0,-,-,-,-,4070.4000,4070.2000,4070.0000,4069.8000,4069.0000,4072.0000,4073.6000,4074.0000,4077.4000,4078.4000,1,2,1,3,1,1,1,1,1,1
SF,IF2008,2020-06-29 09:31:03.700,4072.0000,1748,-1,54921840.000,1,0,1,双平,S,4070.6000,4070.4000,4070.2000,4069.8000,4069.0000,4073.6000,4074.0000,4077.4000,4078.4000,4080.0000,1,1,2,3,1,1,1,1,1,5
SF,IF2008,2020-06-29 09:31:04.200,4072.0000,1748,0,54921840.000,0,-,-,-,-,4070.6000,4070.4000,4070.2000,4069.0000,4066.0000,4073.4000,4073.6000,4074.0000,4077.4000,4078.4000,1,1,2,1,2,2,1,1,1,1
SF,IF2008,2020-06-29 09:31:04.700,4072.0000,1748,0,54921840.000,0,-,-,-,-,4070.6000,4070.4000,4070.2000,4069.0000,4066.0000,4073.4000,4073.6000,4074.0000,4077.4000,4078.4000,1,1,2,1,2,2,1,1,1,1
SF,IF2008,2020-06-29 09:31:05.200,4072.0000,1748,0,54921840.000,0,-,-,-,-,4070.6000,4070.4000,4070.2000,4069.0000,4066.0000,4073.2000,4073.4000,4073.6000,4074.0000,4077.4000,1,1,2,1,2,1,2,1,1,1
SF,IF2008,2020-06-29 09:31:05.700,4072.0000,1748,0,54921840.000,0,-,-,-,-,4070.8000,4070.6000,4070.4000,4070.2000,4069.0000,4073.0000,4073.2000,4073.6000,4074.0000,4077.4000,1,1,1,2,1,1,1,1,1,1
SF,IF2008,2020-06-29 09:31:06.200,4073.0000,1747,-1,56143740.000,1,0,1,双平,S,4070.8000,4070.6000,4070.4000,4070.2000,4069.0000,4073.2000,4073.6000,4074.0000,4077.4000,4078.4000,2,1,1,2,1,1,1,1,1,1
SF,IF2008,2020-06-29 09:31:06.700,4073.2000,1746,-1,57365700.000,1,0,1,双平,S,4071.0000,4070.8000,4070.6000,4070.2000,4069.0000,4073.6000,4074.0000,4077.4000,4078.4000,4080.0000,2,2,1,2,1,1,1,1,1,5
SF,IF2008,2020-06-29 09:31:07.200,4073.2000,1746,0,57365700.000,0,-,-,-,-,4071.2000,4071.0000,4070.2000,4069.0000,4066.0000,4074.0000,4077.4000,4078.4000,4080.0000,4099.0000,3,2,2,1,2,1,1,1,5,5
SF,IF2008,2020-06-29 09:31:07.700,4071.6000,1746,0,58587180.000,1,0,1,多换,S,4071.4000,4071.2000,4069.0000,4065.2000,4065.0000,4077.4000,4078.4000,4080.0000,4099.0000,4104.4000,4,3,3,1,6,1,1,5,5,5
SF,IF2008,2020-06-29 09:31:08.200,4071.6000,1746,0,58587180.000,0,-,-,-,-,4072.0000,4071.6000,4071.4000,4071.2000,4069.0000,4076.6000,4076.8000,4077.2000,4077.4000,4078.4000,1,4,1,1,3,1,3,4,1,1
SF,IF2008,2020-06-29 09:31:08.700,4071.6000,1746,0,58587180.000,0,-,-,-,-,4072.2000,4072.0000,4071.2000,4069.0000,4065.2000,4076.4000,4076.6000,4076.8000,4077.2000,4077.4000,2,1,1,3,1,2,1,3,2,1
SF,IF2008,2020-06-29 09:31:09.200,4071.6000,1746,0,58587180.000,0,-,-,-,-,4072.2000,4072.0000,4071.2000,4069.0000,4065.2000,4076.2000,4076.4000,4076.6000,4076.8000,4077.2000,2,1,1,3,1,1,2,1,3,2
SF,IF2008,2020-06-29 09:31:09.700,4071.6000,1746,0,58587180.000,0,-,-,-,-,4072.2000,4072.0000,4071.2000,4069.0000,4065.2000,4076.0000,4076.2000,4076.6000,4076.8000,4077.4000,2,1,1,3,1,2,1,1,1,1
SF,IF2008,2020-06-29 09:31:10.200,4071.6000,1746,0,58587180.000,0,-,-,-,-,4072.6000,4072.4000,4072.2000,4071.2000,4069.0000,4076.0000,4076.2000,4076.6000,4076.8000,4077.4000,2,1,2,1,3,2,1,1,1,1
SF,IF2008,2020-06-29 09:31:10.700,4071.6000,1746,0,58587180.000,0,-,-,-,-,4073.0000,4072.8000,4072.4000,4071.2000,4069.0000,4076.0000,4076.2000,4076.6000,4076.8000,4077.4000,2,2,1,1,3,2,1,1,1,1
SF,IF2008,2020-06-29 09:31:11.200,4071.6000,1746,0,58587180.000,0,-,-,-,-,4073.2000,4073.0000,4072.4000,4071.2000,4069.0000,4075.8000,4076.0000,4076.2000,4076.6000,4076.8000,2,2,1,1,3,1,2,1,1,1
SF,IF2008,2020-06-29 09:31:11.700,4071.6000,1746,0,58587180.000,0,-,-,-,-,4073.2000,4073.0000,4069.0000,4065.2000,4065.0000,4075.6000,4075.8000,4076.0000,4076.2000,4076.6000,2,2,1,1,6,1,1,1,1,1
SF,IF2008,2020-06-29 09:31:12.200,4073.2000,1745,-1,59809140.000,1,0,1,双平,S,4073.0000,4069.0000,4065.2000,4065.0000,4062.4000,4075.4000,4075.6000,4075.8000,4076.0000,4076.2000,2,1,1,6,1,1,2,1,1,1
SF,IF2008,2020-06-29 09:31:12.700,4073.0000,1743,-2,62252940.000,2,0,2,双平,S,4069.0000,4065.2000,4065.0000,4062.4000,4061.0000,4073.0000,4075.2000,4075.4000,4075.8000,4076.0000,1,1,6,1,1,1,4,2,1,1
SF,IF2008,2020-06-29 09:31:13.200,4073.0000,1743,0,62252940.000,0,-,-,-,-,4069.2000,4069.0000,4065.2000,4065.0000,4062.4000,4072.8000,4073.0000,4075.4000,4076.0000,4076.2000,2,1,1,6,1,1,1,1,1,1
SF,IF2008,2020-06-29 09:31:13.700,4073.0000,1743,0,62252940.000,0,-,-,-,-,4070.2000,4069.4000,4069.2000,4069.0000,4065.2000,4072.8000,4073.0000,4075.4000,4076.0000,4076.2000,1,3,1,1,1,1,1,1,1,1
SF,IF2008,2020-06-29 09:31:14.200,4073.0000,1743,0,62252940.000,0,-,-,-,-,4070.4000,4069.4000,4069.0000,4065.2000,4065.0000,4072.6000,4072.8000,4073.0000,4076.0000,4077.4000,2,3,1,1,6,1,1,1,1,1
SF,IF2008,2020-06-29 09:31:14.700,4073.0000,1743,0,62252940.000,0,-,-,-,-,4070.4000,4069.4000,4069.0000,4065.2000,4065.0000,4072.4000,4072.6000,4073.0000,4076.0000,4077.4000,2,2,1,1,6,1,1,1,1,1
SF,IF2008,2020-06-29 09:31:15.200,4073.0000,1743,0,62252940.000,0,-,-,-,-,4070.4000,4069.4000,4069.0000,4065.2000,4065.0000,4072.4000,4073.0000,4076.0000,4077.4000,4080.0000,2,2,1,1,6,1,1,1,1,5
SF,IF2008,2020-06-29 09:31:15.700,4073.0000,1743,0,62252940.000,0,-,-,-,-,4070.8000,4070.6000,4070.4000,4069.4000,4069.0000,4072.4000,4073.0000,4076.0000,4077.4000,4080.0000,1,1,1,2,1,1,1,1,1,5
SF,IF2008,2020-06-29 09:31:16.200,4073.0000,1743,0,62252940.000,0,-,-,-,-,4071.0000,4070.8000,4070.6000,4069.4000,4069.0000,4072.4000,4073.0000,4076.0000,4077.4000,4080.0000,2,1,1,2,1,1,1,1,1,5
SF,IF2008,2020-06-29 09:31:16.700,4071.2000,1742,-1,64696020.000,2,0,2,多平,S,4071.0000,4070.8000,4070.6000,4069.4000,4069.0000,4073.0000,4076.0000,4077.4000,4080.0000,4099.0000,3,1,1,2,1,1,1,1,5,5
SF,IF2008,2020-06-29 09:31:17.200,4071.2000,1744,2,68360640.000,3,2,1,空开,S,4071.2000,4071.0000,4070.8000,4070.6000,4069.4000,4076.0000,4077.4000,4080.0000,4099.0000,4104.4000,3,3,1,1,2,1,1,5,5,5
SF,IF2008,2020-06-29 09:31:17.700,4071.2000,1744,0,68360640.000,0,-,-,-,-,4071.6000,4071.2000,4070.6000,4069.4000,4069.0000,4074.4000,4075.8000,4076.0000,4077.4000,4080.0000,1,3,1,2,1,1,1,1,1,5
SF,IF2008,2020-06-29 09:31:18.200,4071.2000,1744,0,68360640.000,0,-,-,-,-,4071.8000,4071.6000,4071.4000,4071.2000,4070.6000,4074.2000,4076.0000,4077.4000,4080.0000,4099.0000,2,1,1,2,1,1,1,1,5,5
SF,IF2008,2020-06-29 09:31:18.700,4071.2000,1744,0,68360640.000,0,-,-,-,-,4072.0000,4071.8000,4070.6000,4069.0000,4065.2000,4074.2000,4076.0000,4077.4000,4080.0000,4099.0000,1,1,1,1,1,1,1,1,5,5
SF,IF2008,2020-06-29 09:31:19.200,4071.2000,1744,0,68360640.000,0,-,-,-,-,4072.2000,4072.0000,4070.6000,4069.0000,4065.2000,4074.2000,4076.0000,4077.4000,4080.0000,4099.0000,1,2,1,1,1,1,1,1,5,5
SF,IF2008,2020-06-29 09:31:19.700,4072.2000,1744,0,69582300.000,1,0,1,多换,S,4072.0000,4070.6000,4069.0000,4065.2000,4065.0000,4074.2000,4076.0000,4077.4000,4080.0000,4099.0000,1,1,1,1,6,1,1,1,5,5
SF,IF2008,2020-06-29 09:31:20.200,4072.0000,1744,0,70803900.000,1,0,1,多换,S,4070.6000,4069.0000,4065.2000,4065.0000,4062.4000,4073.6000,4074.0000,4074.2000,4076.0000,4077.4000,1,1,1,6,1,1,1,1,1,1
SF,IF2008,2020-06-29 09:31:20.700,4070.8000,1743,-1,73246380.000,2,0,2,多平,S,4069.0000,4065.2000,4065.0000,4062.4000,4061.0000,4073.4000,4076.0000,4077.4000,4080.0000,4099.0000,1,1,6,1,1,2,1,1,5,5
SF,IF2008,2020-06-29 09:31:21.200,4070.8000,1743,0,73246380.000,0,-,-,-,-,4071.2000,4069.2000,4069.0000,4065.0000,4062.4000,4073.4000,4076.0000,4077.4000,4080.0000,4099.0000,1,5,1,6,1,2,1,1,5,5
SF,IF2008,2020-06-29 09:31:21.700,4070.8000,1743,0,73246380.000,0,-,-,-,-,4071.2000,4069.2000,4069.0000,4065.0000,4062.4000,4073.4000,4076.0000,4077.4000,4080.0000,4099.0000,1,4,1,6,1,2,1,1,5,5
SF,IF2008,2020-06-29 09:31:22.700,4070.8000,1743,0,73246380.000,0,-,-,-,-,4071.2000,4069.2000,4069.0000,4068.0000,4065.0000,4073.4000,4076.0000,4077.4000,4080.0000,4099.0000,1,3,1,1,6,2,1,1,5,5
SF,IF2008,2020-06-29 09:31:23.200,4070.8000,1743,0,73246380.000,0,-,-,-,-,4069.2000,4069.0000,4068.0000,4065.0000,4062.4000,4072.8000,4073.2000,4073.4000,4076.0000,4077.4000,2,1,1,6,1,1,1,2,1,1
SF,IF2008,2020-06-29 09:31:23.700,4070.8000,1743,0,73246380.000,0,-,-,-,-,4069.6000,4069.4000,4069.2000,4069.0000,4068.0000,4072.6000,4072.8000,4073.2000,4076.0000,4077.4000,1,1,2,1,1,2,2,1,1,1
SF,IF2008,2020-06-29 09:31:24.200,4070.8000,1743,0,73246380.000,0,-,-,-,-,4070.0000,4069.2000,4069.0000,4068.0000,4065.6000,4072.4000,4072.6000,4072.8000,4073.2000,4076.0000,1,2,1,1,1,1,2,2,1,1
SF,IF2008,2020-06-29 09:31:24.700,4070.0000,1742,-1,74467380.000,1,0,1,双平,S,4069.0000,4068.0000,4065.6000,4065.0000,4062.4000,4072.2000,4072.4000,4072.8000,4073.2000,4076.0000,1,1,1,1,1,2,2,1,1,1
SF,IF2008,2020-06-29 09:31:25.200,4070.0000,1742,0,74467380.000,0,-,-,-,-,4069.2000,4069.0000,4068.0000,4065.6000,4065.0000,4072.2000,4072.4000,4072.8000,4073.2000,4076.0000,1,1,1,1,1,3,2,1,1,1
SF,IF2008,2020-06-29 09:31:25.700,4069.0000,1741,-1,76908840.000,2,0,2,多平,S,4068.0000,4065.6000,4065.0000,4062.4000,4061.0000,4072.0000,4072.2000,4072.4000,4072.8000,4073.2000,1,1,1,1,1,1,3,1,1,1
SF,IF2008,2020-06-29 09:31:26.200,4069.0000,1741,0,76908840.000,0,-,-,-,-,4068.0000,4065.6000,4065.0000,4062.4000,4061.0000,4071.8000,4072.0000,4072.2000,4072.4000,4072.8000,1,1,1,1,1,2,1,1,1,1
SF,IF2008,2020-06-29 09:31:26.700,4069.0000,1741,0,76908840.000,0,-,-,-,-,4068.2000,4068.0000,4065.6000,4065.0000,4062.4000,4071.6000,4071.8000,4072.0000,4072.2000,4072.4000,1,1,1,1,1,1,2,1,1,1
SF,IF2008,2020-06-29 09:31:27.200,4069.0000,1741,0,76908840.000,0,-,-,-,-,4068.2000,4068.0000,4065.6000,4065.0000,4062.4000,4071.4000,4071.6000,4072.2000,4072.4000,4072.8000,1,1,1,1,1,2,1,1,1,1
SF,IF2008,2020-06-29 09:31:27.700,4069.0000,1741,0,76908840.000,0,-,-,-,-,4068.0000,4065.6000,4065.0000,4062.4000,4061.0000,4071.4000,4071.6000,4072.2000,4072.8000,4073.2000,1,1,1,1,1,2,1,1,1,1
SF,IF2008,2020-06-29 09:31:28.200,4069.0000,1741,0,76908840.000,0,-,-,-,-,4068.0000,4065.6000,4065.0000,4062.4000,4061.0000,4071.4000,4071.6000,4072.2000,4072.8000,4073.2000,1,1,1,1,1,2,1,1,1,1
SF,IF2008,2020-06-29 09:31:28.700,4069.0000,1741,0,76908840.000,0,-,-,-,-,4068.0000,4065.6000,4065.0000,4062.4000,4061.0000,4071.2000,4071.4000,4072.2000,4072.8000,4073.2000,1,1,1,1,1,1,2,1,1,1
SF,IF2008,2020-06-29 09:31:29.200,4069.0000,1741,0,76908840.000,0,-,-,-,-,4065.6000,4065.0000,4064.8000,4062.4000,4061.0000,4071.0000,4071.2000,4072.2000,4072.8000,4076.0000,1,1,1,1,1,2,2,1,1,1
SF,IF2008,2020-06-29 09:31:29.700,4069.0000,1741,0,76908840.000,0,-,-,-,-,4065.8000,4065.6000,4065.0000,4064.8000,4062.4000,4070.4000,4070.8000,4071.0000,4071.2000,4072.2000,5,1,1,1,1,1,2,2,1,1
SF,IF2008,2020-06-29 09:31:30.200,4070.2000,1742,1,79350900.000,2,1,1,空开,S,4067.8000,4065.8000,4065.6000,4065.0000,4064.8000,4070.2000,4070.4000,4070.8000,4071.2000,4072.8000,1,5,1,1,1,2,1,2,1,1
SF,IF2008,2020-06-29 09:31:30.700,4070.2000,1742,0,79350900.000,0,-,-,-,-,4067.8000,4065.8000,4065.6000,4065.0000,4064.8000,4070.0000,4070.2000,4070.4000,4070.8000,4072.8000,1,2,1,1,1,2,2,1,2,1
SF,IF2008,2020-06-29 09:31:31.200,4067.8000,1742,0,80571240.000,1,0,1,多换,S,4065.8000,4065.6000,4065.0000,4064.8000,4062.4000,4069.8000,4070.0000,4070.2000,4070.4000,4070.8000,2,1,1,1,1,2,2,1,1,2
SF,IF2008,2020-06-29 09:31:31.700,4067.8000,1742,0,80571240.000,0,-,-,-,-,4066.0000,4065.8000,4065.6000,4065.0000,4064.8000,4069.6000,4069.8000,4070.0000,4070.2000,4070.4000,1,2,1,1,1,1,2,1,1,1
SF,IF2008,2020-06-29 09:31:32.200,4067.8000,1742,0,80571240.000,0,-,-,-,-,4066.0000,4065.8000,4065.6000,4065.0000,4064.8000,4069.4000,4069.6000,4070.4000,4070.8000,4072.8000,1,2,1,1,1,1,1,1,2,1
SF,IF2008,2020-06-29 09:31:32.700,4067.8000,1742,0,80571240.000,0,-,-,-,-,4066.0000,4065.8000,4065.6000,4065.0000,4064.8000,4069.2000,4069.4000,4070.4000,4070.8000,4072.8000,1,2,1,1,1,1,1,1,1,1
SF,IF2008,2020-06-29 09:31:33.200,4067.8000,1742,0,80571240.000,0,-,-,-,-,4066.2000,4066.0000,4065.8000,4065.6000,4065.0000,4069.0000,4069.2000,4070.4000,4070.8000,4072.8000,1,1,2,1,1,1,1,1,1,1
SF,IF2008,2020-06-29 09:31:33.700,4067.8000,1742,0,80571240.000,0,-,-,-,-,4066.2000,4065.8000,4065.6000,4065.0000,4064.8000,4068.8000,4069.0000,4070.4000,4070.8000,4072.8000,1,2,1,1,1,1,1,1,1,1
SF,IF2008,2020-06-29 09:31:34.200,4067.8000,1742,0,80571240.000,0,-,-,-,-,4066.4000,4065.8000,4065.6000,4065.0000,4064.8000,4068.6000,4068.8000,4070.4000,4072.8000,4076.0000,1,2,1,1,1,1,1,1,1,1
SF,IF2008,2020-06-29 09:31:34.700,4067.8000,1742,0,80571240.000,0,-,-,-,-,4066.6000,4066.4000,4065.8000,4065.6000,4065.0000,4068.4000,4068.6000,4070.4000,4072.8000,4076.0000,1,1,2,1,1,1,1,1,1,1
SF,IF2008,2020-06-29 09:31:35.700,4066.6000,1741,-1,83011740.000,2,0,2,多平,S,4066.4000,4065.8000,4065.6000,4065.0000,4064.8000,4068.6000,4070.4000,4072.8000,4076.0000,4077.4000,1,2,1,1,1,1,1,1,1,1
SF,IF2008,2020-06-29 09:31:36.200,4066.6000,1741,0,84231720.000,1,0,1,多换,S,4066.4000,4065.8000,4065.6000,4065.0000,4064.8000,4068.6000,4070.4000,4072.8000,4076.0000,4077.4000,1,2,1,1,1,1,1,1,1,1
SF,IF2008,2020-06-29 09:31:36.700,4066.6000,1741,0,84231720.000,0,-,-,-,-,4066.4000,4065.8000,4065.6000,4065.0000,4064.8000,4068.4000,4068.6000,4070.4000,4072.8000,4076.0000,1,2,1,1,1,1,1,1,1,1
SF,IF2008,2020-06-29 09:31:37.200,4066.6000,1740,-1,86672160.000,2,0,2,多平,S,4066.6000,4066.4000,4065.8000,4065.6000,4065.0000,4070.4000,4072.8000,4076.0000,4077.4000,4080.0000,1,1,2,1,1,1,1,1,1,5
SF,IF2008,2020-06-29 09:31:37.700,4066.6000,1740,0,86672160.000,0,-,-,-,-,4066.6000,4065.8000,4065.6000,4065.0000,4064.8000,4070.0000,4070.2000,4070.4000,4072.8000,4076.0000,1,2,1,1,1,1,3,1,1,1
SF,IF2008,2020-06-29 09:31:38.200,4066.6000,1740,0,87892140.000,1,0,1,多换,S,4065.8000,4065.6000,4065.0000,4064.8000,4062.4000,4069.8000,4070.0000,4070.2000,4070.4000,4072.8000,2,1,1,1,1,4,1,2,1,1
SF,IF2008,2020-06-29 09:31:38.700,4066.6000,1740,0,87892140.000,0,-,-,-,-,4066.0000,4065.8000,4065.6000,4065.0000,4064.8000,4069.8000,4070.0000,4070.2000,4070.4000,4072.8000,2,2,1,1,1,4,1,2,1,1
SF,IF2008,2020-06-29 09:31:39.200,4066.6000,1740,0,87892140.000,0,-,-,-,-,4066.0000,4065.8000,4065.6000,4065.0000,4064.8000,4069.4000,4069.8000,4070.0000,4070.2000,4070.4000,2,2,1,1,1,1,3,1,2,1
SF,IF2008,2020-06-29 09:31:39.700,4066.6000,1740,0,87892140.000,0,-,-,-,-,4066.0000,4065.8000,4065.6000,4065.0000,4064.8000,4069.2000,4069.4000,4069.8000,4070.0000,4070.2000,2,2,1,1,1,2,1,1,1,2
SF,IF2008,2020-06-29 09:31:40.200,4066.6000,1740,0,87892140.000,0,-,-,-,-,4066.0000,4065.8000,4065.6000,4065.0000,4064.8000,4069.0000,4069.2000,4069.4000,4069.8000,4070.0000,2,2,1,1,1,1,2,1,1,1
SF,IF2008,2020-06-29 09:31:40.700,4066.6000,1740,0,87892140.000,0,-,-,-,-,4066.0000,4065.8000,4065.6000,4065.0000,4064.8000,4068.8000,4069.8000,4070.0000,4070.2000,4070.4000,2,2,1,1,1,2,1,1,2,1
SF,IF2008,2020-06-29 09:31:41.700,4066.6000,1740,0,87892140.000,0,-,-,-,-,4066.0000,4065.8000,4065.6000,4065.0000,4064.8000,4068.8000,4069.8000,4070.0000,4070.2000,4070.4000,1,2,1,1,1,2,1,1,2,1
SF,IF2008,2020-06-29 09:31:42.200,4066.6000,1740,0,87892140.000,0,-,-,-,-,4066.2000,4066.0000,4065.8000,4065.6000,4065.0000,4068.8000,4069.8000,4070.0000,4070.2000,4070.4000,1,1,2,1,2,2,1,1,2,1
SF,IF2008,2020-06-29 09:31:42.700,4066.6000,1740,0,87892140.000,0,-,-,-,-,4066.4000,4065.8000,4065.6000,4065.0000,4064.8000,4068.8000,4069.8000,4070.0000,4070.2000,4070.4000,1,2,1,2,1,2,1,1,2,1
SF,IF2008,2020-06-29 09:31:43.200,4066.6000,1740,0,87892140.000,0,-,-,-,-,4065.6000,4065.0000,4064.8000,4062.4000,4061.0000,4068.6000,4068.8000,4069.8000,4070.0000,4070.2000,1,2,1,1,1,1,2,1,1,2
SF,IF2008,2020-06-29 09:31:43.700,4066.6000,1740,0,87892140.000,0,-,-,-,-,4065.8000,4065.6000,4065.0000,4064.8000,4062.4000,4068.4000,4068.6000,4069.8000,4070.0000,4070.2000,1,1,2,1,1,2,1,1,1,2
SF,IF2008,2020-06-29 09:31:44.200,4066.6000,1740,0,87892140.000,0,-,-,-,-,4065.8000,4065.6000,4065.0000,4064.8000,4062.4000,4068.4000,4068.6000,4069.8000,4070.0000,4070.2000,1,1,2,1,1,1,1,1,1,2
SF,IF2008,2020-06-29 09:31:44.700,4066.6000,1740,0,87892140.000,0,-,-,-,-,4065.8000,4065.6000,4065.0000,4064.8000,4062.4000,4068.2000,4068.4000,4068.6000,4069.8000,4070.0000,1,1,2,1,1,1,1,1,1,1
SF,IF2008,2020-06-29 09:31:45.200,4066.6000,1740,0,87892140.000,0,-,-,-,-,4065.6000,4065.0000,4064.8000,4062.4000,4061.0000,4067.8000,4068.0000,4068.2000,4068.6000,4069.8000,1,2,1,1,1,1,2,2,1,1
SF,IF2008,2020-06-29 09:31:45.700,4066.6000,1740,0,87892140.000,0,-,-,-,-,4065.6000,4065.0000,4064.8000,4062.4000,4061.0000,4067.6000,4068.0000,4068.2000,4068.6000,4070.4000,1,2,1,1,1,2,1,1,1,1
SF,IF2008,2020-06-29 09:31:46.200,4066.6000,1740,0,87892140.000,0,-,-,-,-,4065.6000,4065.0000,4064.8000,4062.4000,4061.0000,4067.6000,4068.0000,4068.2000,4070.4000,4072.8000,1,2,1,1,1,2,1,1,1,1
SF,IF2008,2020-06-29 09:31:46.700,4066.6000,1740,0,87892140.000,0,-,-,-,-,4065.6000,4065.0000,4062.4000,4061.0000,4060.8000,4067.6000,4070.4000,4072.8000,4076.0000,4077.4000,1,2,1,1,1,2,1,1,1,1
SF,IF2008,2020-06-29 09:31:47.200,4066.6000,1740,0,87892140.000,0,-,-,-,-,4065.8000,4065.6000,4065.0000,4062.4000,4061.0000,4067.6000,4070.4000,4072.8000,4076.0000,4077.4000,1,1,2,1,1,2,1,1,1,1
SF,IF2008,2020-06-29 09:31:47.700,4066.6000,1740,0,87892140.000,0,-,-,-,-,4065.6000,4065.0000,4062.4000,4061.0000,4060.8000,4067.4000,4067.6000,4070.4000,4072.8000,4076.0000,1,2,1,1,1,1,2,1,1,1
SF,IF2008,2020-06-29 09:31:48.200,4066.6000,1740,0,87892140.000,0,-,-,-,-,4065.6000,4065.0000,4062.4000,4061.0000,4060.8000,4067.2000,4067.4000,4067.6000,4070.4000,4072.8000,1,2,1,1,1,1,1,1,1,1
SF,IF2008,2020-06-29 09:31:48.700,4065.6000,1739,-1,89111820.000,1,0,1,双平,S,4065.0000,4062.4000,4061.0000,4060.8000,4059.0000,4067.2000,4067.4000,4067.6000,4072.8000,4076.0000,2,1,1,1,1,2,1,1,1,1
SF,IF2008,2020-06-29 09:31:49.200,4065.6000,1739,0,89111820.000,0,-,-,-,-,4065.0000,4062.4000,4061.0000,4060.8000,4059.0000,4067.0000,4067.2000,4072.8000,4076.0000,4077.4000,2,1,1,1,1,3,2,1,1,1
SF,IF2008,2020-06-29 09:31:49.700,4065.6000,1739,0,89111820.000,0,-,-,-,-,4065.0000,4062.4000,4061.0000,4060.8000,4059.0000,4066.8000,4067.0000,4067.2000,4072.8000,4076.0000,2,1,1,1,1,2,3,1,1,1
SF,IF2008,2020-06-29 09:31:50.200,4065.6000,1739,0,89111820.000,0,-,-,-,-,4065.0000,4062.4000,4061.0000,4060.8000,4059.0000,4066.6000,4066.8000,4067.0000,4067.2000,4072.8000,2,1,1,1,1,3,2,3,1,1
SF,IF2008,2020-06-29 09:31:50.700,4065.6000,1739,0,89111820.000,0,-,-,-,-,4065.0000,4062.4000,4061.0000,4060.8000,4059.0000,4066.4000,4066.6000,4066.8000,4067.0000,4067.2000,2,1,1,1,1,1,2,1,1,1
SF,IF2008,2020-06-29 09:31:51.200,4065.6000,1739,0,89111820.000,0,-,-,-,-,4065.0000,4062.4000,4061.0000,4060.8000,4059.0000,4066.4000,4066.6000,4067.0000,4067.2000,4072.8000,2,1,1,1,1,1,2,1,1,1
SF,IF2008,2020-06-29 09:31:51.700,4065.6000,1739,0,89111820.000,0,-,-,-,-,4065.0000,4062.4000,4061.0000,4060.8000,4059.0000,4066.2000,4066.4000,4066.6000,4067.0000,4067.2000,2,1,1,1,1,1,1,2,2,1
SF,IF2008,2020-06-29 09:31:52.200,4065.0000,1739,0,91550820.000,2,1,1,多换,S,4062.4000,4061.0000,4060.8000,4059.0000,4055.0000,4065.6000,4066.0000,4066.2000,4066.6000,4067.0000,1,1,1,1,5,1,1,2,2,2
SF,IF2008,2020-06-29 09:31:52.700,4065.0000,1739,0,91550820.000,0,-,-,-,-,4062.6000,4062.4000,4061.0000,4060.8000,4059.0000,4065.4000,4065.6000,4066.2000,4067.0000,4067.2000,1,1,1,1,1,3,2,1,1,1
SF,IF2008,2020-06-29 09:31:53.200,4065.0000,1739,0,91550820.000,0,-,-,-,-,4061.0000,4059.0000,4055.0000,4024.4000,4023.0000,4065.4000,4065.6000,4066.2000,4067.0000,4067.2000,1,1,5,5,1,3,2,1,1,1
SF,IF2008,2020-06-29 09:31:53.700,4065.0000,1739,0,91550820.000,0,-,-,-,-,4061.2000,4061.0000,4059.0000,4055.0000,4024.4000,4065.4000,4065.6000,4066.2000,4067.0000,4067.2000,1,1,1,5,5,3,1,1,1,1
SF,IF2008,2020-06-29 09:31:54.200,4065.0000,1739,0,91550820.000,0,-,-,-,-,4061.2000,4061.0000,4059.0000,4055.0000,4052.8000,4065.4000,4065.6000,4066.2000,4067.0000,4067.2000,1,1,1,5,1,3,1,1,1,1
SF,IF2008,2020-06-29 09:31:54.700,4065.0000,1739,0,91550820.000,0,-,-,-,-,4063.0000,4061.2000,4061.0000,4059.0000,4055.0000,4065.2000,4065.4000,4065.6000,4066.2000,4067.0000,1,1,1,1,5,2,3,1,1,1
SF,IF2008,2020-06-29 09:31:55.200,4065.0000,1739,0,91550820.000,0,-,-,-,-,4063.0000,4061.0000,4059.0000,4055.0000,4052.8000,4065.0000,4065.2000,4065.4000,4065.6000,4066.2000,1,1,1,5,1,2,2,1,1,1
SF,IF2008,2020-06-29 09:31:55.700,4065.0000,1739,0,91550820.000,0,-,-,-,-,4061.0000,4059.0000,4055.0000,4052.8000,4024.4000,4065.0000,4065.2000,4065.4000,4065.6000,4066.2000,1,1,5,1,5,2,2,1,1,1
SF,IF2008,2020-06-29 09:31:56.200,4065.0000,1739,0,91550820.000,0,-,-,-,-,4062.4000,4061.2000,4061.0000,4059.0000,4055.0000,4064.0000,4065.0000,4065.4000,4065.6000,4066.2000,1,1,1,1,5,1,2,1,1,1
SF,IF2008,2020-06-29 09:31:56.700,4065.0000,1739,0,91550820.000,0,-,-,-,-,4062.6000,4062.4000,4061.0000,4059.0000,4055.0000,4065.0000,4065.4000,4065.6000,4067.0000,4070.0000,1,1,1,1,5,2,1,1,1,5
SF,IF2008,2020-06-29 09:31:57.200,4065.0000,1740,1,92770320.000,1,1,0,双开,S,4061.0000,4059.0000,4055.0000,4052.8000,4024.4000,4065.0000,4065.4000,4065.6000,4067.0000,4070.0000,1,1,5,1,5,2,1,1,1,5
SF,IF2008,2020-06-29 09:31:57.700,4065.0000,1740,0,92770320.000,0,-,-,-,-,4061.8000,4061.2000,4061.0000,4059.0000,4055.0000,4065.0000,4065.4000,4065.6000,4067.0000,4070.0000,1,1,1,1,5,2,1,1,1,5
SF,IF2008,2020-06-29 09:31:58.200,4065.0000,1740,0,92770320.000,0,-,-,-,-,4062.0000,4061.8000,4061.0000,4059.0000,4055.0000,4064.0000,4064.8000,4065.0000,4065.4000,4065.6000,1,1,1,1,5,1,1,2,1,1
SF,IF2008,2020-06-29 09:31:58.700,4065.0000,1740,0,92770320.000,0,-,-,-,-,4062.0000,4061.0000,4059.0000,4055.0000,4052.8000,4063.8000,4064.0000,4064.8000,4065.0000,4065.4000,1,1,1,5,1,1,1,1,1,1
SF,IF2008,2020-06-29 09:31:59.200,4065.0000,1740,0,92770320.000,0,-,-,-,-,4061.0000,4059.0000,4055.0000,4052.8000,4024.4000,4063.4000,4063.6000,4063.8000,4064.0000,4064.4000,1,1,5,1,5,1,1,1,1,1
SF,IF2008,2020-06-29 09:31:59.700,4065.0000,1740,0,92770320.000,0,-,-,-,-,4061.8000,4061.0000,4059.0000,4055.0000,4052.8000,4063.2000,4063.4000,4064.0000,4064.4000,4070.0000,1,1,1,5,1,2,1,1,1,5
SF,IF2008,2020-06-29 09:32:00.200,4061.8000,1740,0,93988860.000,1,0,1,多换,S,4061.8000,4061.0000,4059.0000,4055.0000,4052.8000,4063.2000,4063.4000,4064.0000,4064.4000,4070.0000,1,1,1,5,1,1,1,1,1,5
SF,IF2008,2020-06-29 09:32:00.700,4061.8000,1740,0,93988860.000,0,-,-,-,-,4061.8000,4061.0000,4059.0000,4055.0000,4052.8000,4063.2000,4064.0000,4064.4000,4070.0000,4076.0000,1,1,1,5,1,1,1,1,5,1
SF,IF2008,2020-06-29 09:32:01.200,4061.8000,1740,0,93988860.000,0,-,-,-,-,4061.0000,4060.2000,4059.0000,4055.0000,4052.8000,4063.2000,4064.0000,4064.4000,4070.0000,4076.0000,1,3,1,5,1,1,1,1,5,1
SF,IF2008,2020-06-29 09:32:01.700,4061.8000,1740,0,93988860.000,0,-,-,-,-,4061.2000,4061.0000,4060.2000,4059.0000,4055.0000,4063.0000,4063.2000,4064.0000,4064.4000,4070.0000,1,1,3,1,5,1,1,1,1,5
SF,IF2008,2020-06-29 09:32:02.700,4061.8000,1740,0,93988860.000,0,-,-,-,-,4061.2000,4061.0000,4060.2000,4059.0000,4055.0000,4062.8000,4063.0000,4063.2000,4064.0000,4064.4000,1,1,3,1,5,1,1,1,1,1
SF,IF2008,2020-06-29 09:32:03.200,4061.2000,1739,-1,95207220.000,1,0,1,双平,S,4061.0000,4060.2000,4059.0000,4055.0000,4052.8000,4063.0000,4063.2000,4064.0000,4064.4000,4070.0000,1,3,1,5,1,1,1,1,1,5
SF,IF2008,2020-06-29 09:32:03.700,4061.2000,1739,0,95207220.000,0,-,-,-,-,4061.0000,4060.2000,4059.0000,4055.0000,4052.8000,4062.8000,4063.0000,4064.0000,4064.4000,4070.0000,1,3,1,5,1,1,1,1,1,5
SF,IF2008,2020-06-29 09:32:04.200,4061.2000,1739,0,95207220.000,0,-,-,-,-,4061.0000,4060.2000,4059.0000,4055.0000,4052.8000,4062.8000,4064.0000,4064.4000,4070.0000,4076.0000,1,3,1,5,1,1,1,1,5,1
SF,IF2008,2020-06-29 09:32:06.700,4062.8000,1738,-1,96426060.000,1,0,1,双平,S,4061.0000,4060.2000,4059.0000,4055.0000,4052.8000,4064.0000,4064.4000,4070.0000,4076.0000,4077.4000,1,3,1,5,1,1,1,5,1,1
SF,IF2008,2020-06-29 09:32:07.200,4062.8000,1738,0,96426060.000,0,-,-,-,-,4061.2000,4061.0000,4060.2000,4059.0000,4055.0000,4063.8000,4064.0000,4064.4000,4070.0000,4076.0000,1,1,3,1,5,3,1,1,5,1
SF,IF2008,2020-06-29 09:32:07.700,4064.0000,1736,-2,101302680.000,4,1,3,多平,S,4061.4000,4061.2000,4061.0000,4060.2000,4059.0000,4064.4000,4070.0000,4076.0000,4077.4000,4099.0000,1,2,1,3,1,1,5,1,1,5
SF,IF2008,2020-06-29 09:32:08.200,4064.0000,1736,0,101302680.000,0,-,-,-,-,4061.6000,4061.4000,4061.0000,4060.2000,4059.0000,4070.0000,4076.0000,4077.4000,4099.0000,4104.4000,1,2,1,3,1,5,1,1,5,5
SF,IF2008,2020-06-29 09:32:08.700,4064.0000,1736,0,101302680.000,0,-,-,-,-,4062.8000,4061.8000,4061.4000,4061.0000,4060.2000,4065.2000,4065.6000,4067.0000,4067.2000,4069.8000,1,1,1,1,3,1,1,2,1,5
SF,IF2008,2020-06-29 09:32:09.200,4064.0000,1736,0,101302680.000,0,-,-,-,-,4063.0000,4062.8000,4061.0000,4060.2000,4059.0000,4065.0000,4065.2000,4065.6000,4067.2000,4067.4000,1,2,1,3,1,1,1,1,1,1
SF,IF2008,2020-06-29 09:32:09.700,4064.0000,1736,0,101302680.000,0,-,-,-,-,4063.0000,4062.8000,4060.2000,4059.0000,4055.0000,4065.0000,4065.6000,4067.2000,4067.4000,4069.8000,1,1,3,1,5,1,1,1,1,3
SF,IF2008,2020-06-29 09:32:10.200,4064.0000,1736,0,101302680.000,0,-,-,-,-,4063.0000,4062.8000,4060.2000,4059.0000,4055.0000,4065.0000,4065.6000,4067.2000,4067.4000,4069.8000,1,1,3,1,5,1,1,1,1,3
SF,IF2008,2020-06-29 09:32:10.700,4064.0000,1736,0,101302680.000,0,-,-,-,-,4063.0000,4062.8000,4060.2000,4059.0000,4055.0000,4065.0000,4065.6000,4067.2000,4067.4000,4069.8000,1,1,3,1,5,1,1,1,1,3
SF,IF2008,2020-06-29 09:32:11.200,4064.0000,1736,0,101302680.000,0,-,-,-,-,4063.0000,4062.8000,4060.2000,4059.0000,4055.0000,4064.0000,4065.0000,4065.6000,4067.2000,4067.4000,1,1,3,1,5,1,1,1,1,1
SF,IF2008,2020-06-29 09:32:11.700,4064.0000,1736,0,101302680.000,0,-,-,-,-,4062.8000,4060.2000,4059.0000,4055.0000,4052.8000,4065.0000,4065.6000,4067.2000,4067.4000,4069.8000,1,3,1,5,1,1,1,1,1,3
SF,IF2008,2020-06-29 09:32:12.200,4064.0000,1736,0,101302680.000,0,-,-,-,-,4063.0000,4062.8000,4060.2000,4059.0000,4055.0000,4064.8000,4065.0000,4065.6000,4067.2000,4067.4000,1,1,3,1,5,1,1,1,1,1
SF,IF2008,2020-06-29 09:32:12.700,4064.0000,1736,0,101302680.000,0,-,-,-,-,4063.0000,4062.8000,4060.2000,4059.0000,4055.0000,4064.6000,4064.8000,4065.6000,4067.2000,4067.4000,2,1,3,1,5,1,1,1,1,1
SF,IF2008,2020-06-29 09:32:13.200,4064.0000,1736,0,101302680.000,0,-,-,-,-,4063.0000,4062.8000,4060.2000,4059.0000,4055.0000,4064.6000,4065.6000,4067.2000,4067.4000,4069.8000,1,1,3,1,5,1,1,1,1,3
SF,IF2008,2020-06-29 09:32:13.700,4062.8000,1735,-1,103740420.000,2,0,2,多平,S,4060.2000,4059.0000,4055.0000,4054.4000,4052.8000,4064.6000,4065.6000,4067.2000,4067.4000,4069.8000,3,1,5,1,1,2,1,1,1,3
SF,IF2008,2020-06-29 09:32:14.200,4062.8000,1735,0,103740420.000,0,-,-,-,-,4060.8000,4060.4000,4060.2000,4059.0000,4055.0000,4063.4000,4063.8000,4064.4000,4064.6000,4067.2000,2,1,3,1,5,1,1,1,2,1
SF,IF2008,2020-06-29 09:32:14.700,4062.8000,1735,0,103740420.000,0,-,-,-,-,4061.0000,4060.2000,4059.0000,4055.0000,4054.4000,4063.2000,4063.4000,4067.2000,4067.4000,4069.8000,1,3,1,5,1,2,2,1,1,3
SF,IF2008,2020-06-29 09:32:15.200,4061.0000,1734,-1,104958720.000,1,0,1,双平,S,4060.2000,4059.0000,4055.0000,4054.4000,4052.8000,4063.2000,4063.4000,4067.2000,4067.4000,4069.8000,3,1,5,1,1,1,2,1,1,3
SF,IF2008,2020-06-29 09:32:15.700,4061.0000,1734,0,104958720.000,0,-,-,-,-,4060.4000,4060.2000,4059.0000,4055.0000,4054.4000,4063.0000,4063.2000,4063.4000,4067.2000,4067.4000,2,3,1,5,1,2,1,2,1,1
SF,IF2008,2020-06-29 09:32:16.200,4061.0000,1734,0,104958720.000,0,-,-,-,-,4060.2000,4059.0000,4054.4000,4052.8000,4050.0000,4062.8000,4063.0000,4063.4000,4067.4000,4069.8000,3,1,1,1,5,1,2,1,1,3
SF,IF2008,2020-06-29 09:32:16.700,4061.0000,1734,0,104958720.000,0,-,-,-,-,4060.2000,4059.0000,4054.4000,4052.8000,4050.0000,4061.2000,4061.6000,4062.6000,4062.8000,4067.4000,3,1,1,1,5,1,1,1,2,1
SF,IF2008,2020-06-29 09:32:17.200,4061.2000,1734,0,106177080.000,1,0,1,多换,S,4060.2000,4059.0000,4054.4000,4052.8000,4050.0000,4062.6000,4062.8000,4067.4000,4069.8000,4070.0000,3,1,1,1,5,1,1,1,3,5
SF,IF2008,2020-06-29 09:32:17.700,4061.2000,1734,0,106177080.000,0,-,-,-,-,4060.2000,4059.0000,4054.4000,4052.8000,4050.0000,4062.2000,4062.4000,4062.6000,4063.6000,4069.8000,3,1,1,1,5,1,1,2,1,3
SF,IF2008,2020-06-29 09:32:18.200,4061.2000,1734,0,106177080.000,0,-,-,-,-,4060.2000,4059.0000,4054.4000,4052.8000,4050.0000,4062.0000,4062.2000,4062.6000,4063.6000,4069.8000,3,1,1,1,5,2,1,1,1,3
SF,IF2008,2020-06-29 09:32:18.700,4061.2000,1734,0,106177080.000,0,-,-,-,-,4060.2000,4059.0000,4054.4000,4052.8000,4050.0000,4062.0000,4062.6000,4063.6000,4069.8000,4070.0000,3,1,1,1,5,2,1,1,3,5
SF,IF2008,2020-06-29 09:32:19.200,4061.2000,1734,0,106177080.000,0,-,-,-,-,4060.2000,4059.0000,4054.4000,4052.8000,4050.0000,4061.8000,4062.0000,4063.6000,4069.8000,4070.0000,3,1,1,1,5,1,2,1,3,5
SF,IF2008,2020-06-29 09:32:20.200,4061.2000,1734,0,106177080.000,0,-,-,-,-,4060.4000,4060.2000,4059.0000,4054.4000,4052.8000,4061.8000,4062.0000,4063.6000,4069.8000,4070.0000,1,3,1,1,1,1,2,1,3,5
SF,IF2008,2020-06-29 09:32:20.700,4061.2000,1734,0,106177080.000,0,-,-,-,-,4060.4000,4060.2000,4059.0000,4054.4000,4052.8000,4061.6000,4061.8000,4063.6000,4069.8000,4070.0000,1,3,1,1,1,1,1,1,3,5
SF,IF2008,2020-06-29 09:32:21.200,4061.2000,1734,0,106177080.000,0,-,-,-,-,4060.2000,4059.0000,4054.4000,4052.8000,4050.0000,4061.6000,4063.6000,4069.8000,4070.0000,4094.0000,3,1,1,1,5,1,1,3,5,1
SF,IF2008,2020-06-29 09:32:23.200,4061.2000,1734,0,106177080.000,0,-,-,-,-,4060.4000,4060.2000,4059.0000,4054.4000,4052.8000,4061.6000,4063.6000,4069.8000,4070.0000,4094.0000,1,3,1,1,1,1,1,3,5,1
SF,IF2008,2020-06-29 09:32:23.700,4061.2000,1734,0,106177080.000,0,-,-,-,-,4060.4000,4060.2000,4059.0000,4054.4000,4052.8000,4063.6000,4069.8000,4070.0000,4094.0000,4099.0000,1,3,1,1,1,1,3,5,1,5
SF,IF2008,2020-06-29 09:32:24.200,4061.2000,1734,0,106177080.000,0,-,-,-,-,4060.6000,4060.4000,4060.2000,4059.0000,4054.4000,4062.4000,4063.4000,4063.6000,4069.8000,4070.0000,1,1,3,1,1,1,2,1,3,5
SF,IF2008,2020-06-29 09:32:24.700,4061.2000,1734,0,106177080.000,0,-,-,-,-,4060.6000,4060.4000,4060.2000,4059.0000,4054.4000,4062.4000,4063.4000,4063.6000,4069.8000,4070.0000,2,1,3,1,1,1,1,1,3,5
SF,IF2008,2020-06-29 09:32:25.200,4060.6000,1733,-1,107395260.000,1,0,1,双平,S,4060.6000,4060.4000,4060.2000,4059.0000,4054.4000,4062.2000,4062.4000,4063.6000,4069.8000,4070.0000,1,1,3,1,1,1,1,1,3,5
SF,IF2008,2020-06-29 09:32:25.700,4060.6000,1733,0,108613440.000,1,0,1,多换,S,4060.4000,4060.2000,4059.0000,4054.4000,4052.8000,4062.0000,4062.2000,4063.6000,4069.8000,4070.0000,1,3,1,1,1,1,1,1,3,5
SF,IF2008,2020-06-29 09:32:26.200,4060.6000,1733,0,108613440.000,0,-,-,-,-,4060.2000,4059.0000,4054.4000,4052.8000,4050.0000,4061.8000,4062.0000,4063.6000,4069.8000,4070.0000,3,1,1,1,5,1,2,1,3,5
SF,IF2008,2020-06-29 09:32:26.700,4060.6000,1733,0,108613440.000,0,-,-,-,-,4060.2000,4059.0000,4054.4000,4052.8000,4050.0000,4061.8000,4063.6000,4069.8000,4070.0000,4094.0000,3,1,1,1,5,1,1,3,5,1
SF,IF2008,2020-06-29 09:32:27.200,4060.6000,1733,0,108613440.000,0,-,-,-,-,4060.2000,4059.0000,4054.4000,4052.8000,4050.0000,4061.8000,4063.6000,4069.8000,4070.0000,4094.0000,3,1,1,1,5,2,1,3,5,1
SF,IF2008,2020-06-29 09:32:28.200,4060.2000,1732,-1,109831500.000,1,0,1,双平,S,4060.2000,4059.0000,4054.4000,4052.8000,4050.0000,4061.8000,4063.6000,4069.8000,4070.0000,4094.0000,2,1,1,1,5,2,1,3,5,1
SF,IF2008,2020-06-29 09:32:28.700,4060.2000,1730,-2,112267620.000,2,0,2,双平,S,4059.0000,4054.4000,4052.8000,4050.0000,4034.0000,4061.8000,4063.6000,4069.8000,4070.0000,4094.0000,1,1,1,5,1,2,1,3,5,1
SF,IF2008,2020-06-29 09:32:29.200,4060.2000,1730,0,112267620.000,0,-,-,-,-,4059.0000,4054.4000,4052.8000,4050.0000,4034.0000,4061.6000,4061.8000,4063.6000,4069.8000,4070.0000,2,1,1,5,1,2,1,1,3,5
SF,IF2008,2020-06-29 09:32:29.700,4060.2000,1730,0,112267620.000,0,-,-,-,-,4059.0000,4054.4000,4052.8000,4050.0000,4034.0000,4061.4000,4061.6000,4063.6000,4069.8000,4070.0000,1,1,1,5,1,2,2,1,3,5
SF,IF2008,2020-06-29 09:32:30.200,4060.2000,1730,0,112267620.000,0,-,-,-,-,4059.0000,4054.4000,4052.8000,4050.0000,4034.0000,4061.2000,4061.4000,4063.6000,4069.8000,4070.0000,1,1,1,5,1,1,2,1,3,5
SF,IF2008,2020-06-29 09:32:30.700,4059.0000,1730,0,113485320.000,1,0,1,多换,S,4054.4000,4052.8000,4050.0000,4034.0000,4024.4000,4060.8000,4061.2000,4063.6000,4069.8000,4070.0000,1,1,5,1,5,1,2,1,3,5
SF,IF2008,2020-06-29 09:32:31.200,4059.0000,1730,0,113485320.000,0,-,-,-,-,4057.6000,4056.8000,4054.6000,4054.4000,4052.8000,4060.6000,4060.8000,4061.2000,4063.6000,4069.8000,2,1,5,1,1,2,1,1,1,3
SF,IF2008,2020-06-29 09:32:31.700,4059.0000,1730,0,113485320.000,0,-,-,-,-,4057.6000,4056.8000,4054.6000,4054.4000,4052.8000,4060.4000,4060.6000,4063.6000,4069.8000,4070.0000,1,1,5,1,1,2,2,1,3,5
SF,IF2008,2020-06-29 09:32:32.200,4059.0000,1730,0,113485320.000,0,-,-,-,-,4056.8000,4054.6000,4054.4000,4052.8000,4050.0000,4060.2000,4060.4000,4063.6000,4069.8000,4070.0000,1,5,1,1,5,2,2,1,3,5
SF,IF2008,2020-06-29 09:32:32.700,4059.0000,1730,0,113485320.000,0,-,-,-,-,4054.6000,4054.4000,4052.8000,4050.0000,4034.0000,4060.0000,4060.2000,4063.6000,4069.8000,4070.0000,3,1,1,5,1,1,2,1,3,5
SF,IF2008,2020-06-29 09:32:33.200,4059.0000,1730,0,113485320.000,0,-,-,-,-,4055.8000,4054.6000,4054.4000,4052.8000,4050.0000,4059.8000,4060.0000,4069.8000,4070.0000,4094.0000,1,4,1,1,5,2,1,3,5,1
SF,IF2008,2020-06-29 09:32:33.700,4059.0000,1730,0,113485320.000,0,-,-,-,-,4056.0000,4054.6000,4054.4000,4052.8000,4050.0000,4059.8000,4060.0000,4069.8000,4070.0000,4094.0000,2,3,1,1,5,2,1,3,5,1
SF,IF2008,2020-06-29 09:32:34.200,4059.0000,1730,0,113485320.000,0,-,-,-,-,4056.0000,4054.6000,4054.4000,4052.8000,4050.0000,4059.8000,4069.8000,4070.0000,4094.0000,4099.0000,2,3,1,1,5,2,3,5,1,5
SF,IF2008,2020-06-29 09:32:34.700,4059.0000,1730,0,113485320.000,0,-,-,-,-,4056.2000,4056.0000,4054.6000,4054.4000,4052.8000,4059.6000,4059.8000,4069.8000,4070.0000,4094.0000,1,2,3,1,1,1,2,3,5,1
SF,IF2008,2020-06-29 09:32:35.200,4059.0000,1730,0,113485320.000,0,-,-,-,-,4056.8000,4056.4000,4056.2000,4056.0000,4054.6000,4059.4000,4059.6000,4069.8000,4070.0000,4094.0000,1,2,1,1,2,1,1,3,5,1
SF,IF2008,2020-06-29 09:32:35.700,4059.0000,1730,0,113485320.000,0,-,-,-,-,4057.0000,4056.8000,4056.4000,4056.2000,4056.0000,4059.4000,4069.8000,4070.0000,4094.0000,4099.0000,1,1,1,1,1,1,3,5,1,5
SF,IF2008,2020-06-29 09:32:36.200,4059.0000,1730,0,113485320.000,0,-,-,-,-,4057.0000,4056.8000,4056.4000,4056.2000,4056.0000,4059.4000,4069.8000,4070.0000,4094.0000,4099.0000,1,1,1,1,1,1,3,5,1,5
SF,IF2008,2020-06-29 09:32:36.700,4059.4000,1729,-1,114703140.000,1,0,1,双平,S,4057.4000,4057.2000,4057.0000,4056.8000,4056.4000,4069.8000,4070.0000,4094.0000,4099.0000,4100.0000,1,1,1,1,1,3,5,1,5,1
SF,IF2008,2020-06-29 09:32:37.200,4059.4000,1729,0,114703140.000,0,-,-,-,-,4057.8000,4057.6000,4057.2000,4056.8000,4056.4000,4060.8000,4062.4000,4063.4000,4064.0000,4068.4000,1,3,1,1,1,1,2,1,1,3
SF,IF2008,2020-06-29 09:32:37.700,4059.4000,1729,0,114703140.000,0,-,-,-,-,4058.0000,4057.6000,4057.2000,4056.8000,4056.4000,4062.4000,4063.4000,4064.0000,4068.4000,4069.6000,2,1,1,1,1,2,1,1,3,2
SF,IF2008,2020-06-29 09:32:38.200,4059.4000,1729,0,114703140.000,0,-,-,-,-,4058.4000,4058.0000,4057.6000,4056.8000,4056.4000,4061.4000,4062.2000,4063.4000,4064.0000,4068.4000,1,2,1,1,1,1,1,1,1,3
SF,IF2008,2020-06-29 09:32:38.700,4059.4000,1729,0,114703140.000,0,-,-,-,-,4059.0000,4058.6000,4057.6000,4054.4000,4050.0000,4061.4000,4062.2000,4063.4000,4064.0000,4068.4000,1,2,1,1,5,1,1,1,1,3
SF,IF2008,2020-06-29 09:32:39.200,4059.2000,1729,0,115920900.000,1,0,1,多换,S,4058.6000,4057.6000,4054.4000,4050.0000,4034.0000,4061.2000,4061.4000,4063.4000,4064.0000,4068.4000,2,1,1,5,1,2,1,1,1,3
SF,IF2008,2020-06-29 09:32:39.700,4059.2000,1729,0,115920900.000,0,-,-,-,-,4058.6000,4057.6000,4054.4000,4050.0000,4034.0000,4061.2000,4063.4000,4064.0000,4068.4000,4069.6000,2,1,1,5,1,2,1,1,3,1
SF,IF2008,2020-06-29 09:32:40.200,4059.2000,1729,0,115920900.000,0,-,-,-,-,4058.6000,4057.6000,4054.4000,4050.0000,4034.0000,4061.0000,4061.2000,4063.4000,4064.0000,4068.4000,2,1,1,5,1,1,2,1,1,3
SF,IF2008,2020-06-29 09:32:40.700,4059.2000,1729,0,115920900.000,0,-,-,-,-,4059.0000,4058.6000,4057.6000,4054.4000,4050.0000,4060.8000,4061.0000,4063.4000,4064.0000,4068.4000,1,1,1,1,5,2,1,1,1,3
SF,IF2008,2020-06-29 09:32:41.200,4059.2000,1729,0,115920900.000,0,-,-,-,-,4058.6000,4057.6000,4054.4000,4050.0000,4034.0000,4060.6000,4060.8000,4063.4000,4064.0000,4068.4000,1,1,1,5,1,1,2,1,1,3
SF,IF2008,2020-06-29 09:32:41.700,4058.8000,1730,1,118356240.000,2,1,1,空开,S,4057.6000,4054.4000,4050.0000,4034.0000,4024.4000,4060.4000,4064.0000,4068.4000,4069.6000,4069.8000,1,1,5,1,5,1,1,3,1,4
SF,IF2008,2020-06-29 09:32:42.200,4058.8000,1730,0,118356240.000,0,-,-,-,-,4058.8000,4057.8000,4057.6000,4054.4000,4050.0000,4060.4000,4064.0000,4068.4000,4069.6000,4069.8000,1,1,1,1,5,1,1,3,1,4
SF,IF2008,2020-06-29 09:32:42.700,4058.8000,1730,0,118356240.000,0,-,-,-,-,4058.8000,4057.8000,4057.6000,4054.6000,4054.4000,4060.2000,4060.4000,4064.0000,4068.4000,4069.6000,1,1,1,3,1,1,1,1,3,1
SF,IF2008,2020-06-29 09:32:43.700,4058.8000,1730,0,118356240.000,0,-,-,-,-,4058.8000,4057.8000,4057.6000,4054.6000,4054.4000,4060.2000,4060.4000,4064.0000,4069.6000,4069.8000,1,1,1,3,1,1,1,1,1,4
SF,IF2008,2020-06-29 09:32:44.200,4058.8000,1730,0,118356240.000,0,-,-,-,-,4058.8000,4057.6000,4054.6000,4054.4000,4050.0000,4060.2000,4060.4000,4064.0000,4069.6000,4069.8000,1,1,3,1,5,2,1,1,1,4
SF,IF2008,2020-06-29 09:32:45.200,4058.8000,1729,-1,119573880.000,1,0,1,双平,S,4057.6000,4054.6000,4054.4000,4050.0000,4034.0000,4060.2000,4060.4000,4064.0000,4069.6000,4069.8000,1,3,1,5,1,2,1,1,1,4
SF,IF2008,2020-06-29 09:32:45.700,4058.8000,1729,0,119573880.000,0,-,-,-,-,4054.6000,4054.4000,4050.0000,4034.0000,4024.4000,4060.0000,4060.2000,4064.0000,4069.6000,4069.8000,3,1,5,1,5,1,2,1,1,4
SF,IF2008,2020-06-29 09:32:46.200,4058.8000,1729,0,119573880.000,0,-,-,-,-,4057.0000,4054.8000,4054.6000,4054.4000,4050.0000,4059.8000,4060.0000,4064.0000,4069.6000,4069.8000,1,3,3,1,5,2,1,1,1,4
SF,IF2008,2020-06-29 09:32:46.700,4058.8000,1729,0,119573880.000,0,-,-,-,-,4057.0000,4054.8000,4054.6000,4054.4000,4050.0000,4059.0000,4059.6000,4059.8000,4064.0000,4069.6000,1,3,3,1,5,1,2,2,1,1
SF,IF2008,2020-06-29 09:32:47.200,4058.8000,1729,0,119573880.000,0,-,-,-,-,4054.8000,4054.6000,4054.4000,4050.0000,4034.0000,4058.8000,4059.0000,4069.6000,4069.8000,4070.0000,3,3,1,5,1,2,2,1,4,5
SF,IF2008,2020-06-29 09:32:47.700,4058.8000,1729,0,119573880.000,0,-,-,-,-,4057.2000,4056.4000,4054.8000,4054.6000,4054.4000,4058.8000,4059.0000,4069.6000,4069.8000,4070.0000,1,1,3,3,1,1,1,1,5,5
SF,IF2008,2020-06-29 09:32:48.200,4058.8000,1729,0,119573880.000,0,-,-,-,-,4056.4000,4054.8000,4054.6000,4054.4000,4050.0000,4058.8000,4059.0000,4069.6000,4069.8000,4070.0000,1,3,3,1,5,1,1,1,5,5
SF,IF2008,2020-06-29 09:32:48.700,4058.8000,1729,0,119573880.000,0,-,-,-,-,4056.8000,4056.6000,4054.8000,4054.6000,4054.4000,4058.8000,4069.6000,4069.8000,4070.0000,4094.0000,1,1,2,3,1,1,1,5,5,1
SF,IF2008,2020-06-29 09:32:49.200,4058.8000,1729,0,119573880.000,0,-,-,-,-,4057.0000,4056.8000,4054.8000,4054.6000,4054.4000,4058.8000,4069.6000,4069.8000,4070.0000,4094.0000,1,1,2,3,1,1,1,5,5,1
SF,IF2008,2020-06-29 09:32:49.700,4058.8000,1729,0,119573880.000,0,-,-,-,-,4057.0000,4056.8000,4055.8000,4054.8000,4054.6000,4058.8000,4069.6000,4069.8000,4070.0000,4094.0000,1,1,5,2,3,2,1,5,5,1
SF,IF2008,2020-06-29 09:32:50.200,4058.8000,1729,0,122009160.000,2,1,1,多换,S,4057.2000,4057.0000,4056.8000,4055.8000,4054.8000,4069.6000,4069.8000,4070.0000,4094.0000,4099.0000,1,1,1,5,2,1,5,5,1,5
SF,IF2008,2020-06-29 09:32:50.700,4058.8000,1729,0,122009160.000,0,-,-,-,-,4057.4000,4057.2000,4055.8000,4054.8000,4054.6000,4059.2000,4061.2000,4061.6000,4064.0000,4067.8000,2,1,5,2,3,1,1,2,1,3
SF,IF2008,2020-06-29 09:32:51.200,4059.2000,1729,0,124444680.000,2,1,1,多换,S,4057.2000,4055.8000,4054.8000,4054.6000,4054.4000,4059.0000,4061.6000,4067.8000,4069.4000,4069.6000,1,5,2,3,1,1,2,3,2,3
SF,IF2008,2020-06-29 09:32:51.700,4059.0000,1729,0,125662380.000,1,0,1,多换,S,4057.6000,4057.4000,4057.2000,4055.8000,4054.8000,4061.6000,4067.8000,4069.4000,4069.6000,4069.8000,1,1,1,5,2,2,3,1,2,4
SF,IF2008,2020-06-29 09:32:52.200,4059.0000,1729,0,125662380.000,0,-,-,-,-,4057.8000,4057.2000,4055.8000,4054.8000,4054.6000,4061.0000,4061.4000,4061.6000,4067.0000,4067.8000,1,1,5,2,3,1,3,2,2,3
SF,IF2008,2020-06-29 09:32:52.700,4059.0000,1729,0,125662380.000,0,-,-,-,-,4057.8000,4057.2000,4055.8000,4054.8000,4054.6000,4060.8000,4061.0000,4061.6000,4067.0000,4067.8000,1,1,5,2,3,1,2,2,2,3
SF,IF2008,2020-06-29 09:32:53.200,4059.0000,1729,0,125662380.000,0,-,-,-,-,4057.8000,4057.2000,4055.8000,4054.8000,4054.6000,4060.0000,4060.8000,4061.6000,4067.0000,4067.8000,1,1,5,2,3,2,3,2,2,3
SF,IF2008,2020-06-29 09:32:53.700,4059.0000,1729,0,125662380.000,0,-,-,-,-,4057.8000,4057.2000,4055.8000,4054.8000,4054.6000,4059.8000,4060.0000,4060.8000,4061.6000,4067.0000,1,1,5,2,3,2,2,1,2,2
SF,IF2008,2020-06-29 09:32:54.200,4059.0000,1729,0,125662380.000,0,-,-,-,-,4057.8000,4055.8000,4054.8000,4054.6000,4054.4000,4059.8000,4060.0000,4061.6000,4067.0000,4067.8000,1,5,2,3,1,2,2,2,2,3
SF,IF2008,2020-06-29 09:32:54.700,4057.8000,1729,0,126879720.000,1,0,1,多换,S,4055.8000,4054.6000,4054.4000,4050.0000,4034.0000,4057.8000,4059.6000,4059.8000,4060.0000,4061.6000,5,3,1,5,1,1,1,2,2,2
SF,IF2008,2020-06-29 09:32:55.200,4057.8000,1728,-1,129314400.000,2,0,2,多平,S,4056.8000,4056.2000,4056.0000,4055.8000,4054.6000,4060.0000,4061.6000,4067.0000,4067.8000,4068.4000,1,1,1,5,3,2,2,2,3,1
SF,IF2008,2020-06-29 09:32:55.700,4057.8000,1728,0,129314400.000,0,-,-,-,-,4057.0000,4056.8000,4055.8000,4054.6000,4054.4000,4059.8000,4060.0000,4061.6000,4067.0000,4067.8000,1,1,5,3,1,3,2,2,2,3
SF,IF2008,2020-06-29 09:32:56.200,4057.0000,1727,-1,130531500.000,1,0,1,双平,S,4055.8000,4054.6000,4054.4000,4050.0000,4034.0000,4059.6000,4059.8000,4060.0000,4061.6000,4067.0000,5,3,1,5,1,1,2,2,2,2
SF,IF2008,2020-06-29 09:32:56.700,4057.0000,1727,0,130531500.000,0,-,-,-,-,4056.2000,4056.0000,4055.8000,4054.6000,4054.4000,4059.4000,4059.6000,4060.0000,4061.6000,4067.0000,1,1,5,3,1,4,1,2,2,2
SF,IF2008,2020-06-29 09:32:57.200,4057.0000,1727,0,130531500.000,0,-,-,-,-,4055.8000,4054.6000,4054.4000,4050.0000,4034.0000,4059.4000,4059.6000,4060.0000,4061.6000,4067.0000,5,3,1,5,1,3,1,1,2,2
SF,IF2008,2020-06-29 09:32:57.700,4057.0000,1727,0,130531500.000,0,-,-,-,-,4055.8000,4054.6000,4054.4000,4050.0000,4034.0000,4059.0000,4059.4000,4061.6000,4067.0000,4067.8000,5,3,1,5,1,1,3,2,2,3
SF,IF2008,2020-06-29 09:32:58.200,4057.0000,1727,0,130531500.000,0,-,-,-,-,4056.0000,4055.8000,4054.6000,4054.4000,4045.0000,4058.8000,4059.0000,4061.6000,4067.0000,4067.8000,1,5,3,1,5,2,1,2,2,3
SF,IF2008,2020-06-29 09:32:58.700,4057.0000,1727,0,130531500.000,0,-,-,-,-,4055.8000,4054.6000,4054.4000,4045.0000,4034.0000,4058.8000,4059.0000,4061.6000,4067.0000,4067.8000,5,3,1,5,1,2,1,2,2,3
SF,IF2008,2020-06-29 09:32:59.200,4057.0000,1727,0,130531500.000,0,-,-,-,-,4056.2000,4056.0000,4055.8000,4054.6000,4054.4000,4058.6000,4058.8000,4059.0000,4061.6000,4067.0000,1,1,5,3,1,1,2,1,2,2
SF,IF2008,2020-06-29 09:32:59.700,4057.0000,1727,0,130531500.000,0,-,-,-,-,4056.2000,4055.8000,4054.6000,4054.4000,4045.0000,4058.4000,4058.6000,4059.0000,4061.6000,4067.0000,1,5,3,1,5,2,1,1,2,2
SF,IF2008,2020-06-29 09:33:00.200,4057.0000,1727,0,130531500.000,0,-,-,-,-,4056.2000,4055.8000,4054.6000,4054.4000,4045.0000,4058.4000,4058.6000,4059.0000,4061.6000,4067.0000,1,5,3,1,5,3,1,1,2,2
SF,IF2008,2020-06-29 09:33:00.700,4057.0000,1727,0,130531500.000,0,-,-,-,-,4056.2000,4055.8000,4054.6000,4054.4000,4045.0000,4058.4000,4059.0000,4061.6000,4067.0000,4067.8000,1,5,3,1,5,3,1,2,2,3
SF,IF2008,2020-06-29 09:33:01.200,4057.0000,1727,0,130531500.000,0,-,-,-,-,4055.8000,4054.6000,4054.4000,4045.0000,4034.0000,4058.4000,4059.0000,4061.6000,4067.0000,4067.8000,5,3,1,5,1,3,1,2,2,3
SF,IF2008,2020-06-29 09:33:01.700,4057.0000,1727,0,130531500.000,0,-,-,-,-,4055.8000,4054.6000,4054.4000,4045.0000,4034.0000,4058.4000,4059.0000,4061.6000,4067.0000,4067.8000,5,3,1,5,1,3,1,2,2,3
SF,IF2008,2020-06-29 09:33:02.200,4057.0000,1727,0,130531500.000,0,-,-,-,-,4055.8000,4054.6000,4054.4000,4045.0000,4034.0000,4058.4000,4059.0000,4061.6000,4067.0000,4067.8000,5,3,1,5,1,3,1,2,2,3
SF,IF2008,2020-06-29 09:33:02.700,4055.8000,1729,2,132964980.000,2,2,0,双开,S,4055.8000,4054.6000,4054.4000,4045.0000,4034.0000,4058.0000,4058.2000,4058.4000,4059.0000,4061.6000,3,3,1,5,1,1,2,3,1,2
SF,IF2008,2020-06-29 09:33:03.200,4055.8000,1729,0,132964980.000,0,-,-,-,-,4055.8000,4054.6000,4054.4000,4045.0000,4034.0000,4057.8000,4058.0000,4058.2000,4058.4000,4061.6000,3,3,1,5,1,2,1,1,1,2
SF,IF2008,2020-06-29 09:33:03.700,4055.8000,1729,0,132964980.000,0,-,-,-,-,4055.8000,4054.6000,4054.4000,4045.0000,4034.0000,4057.8000,4058.2000,4058.4000,4061.6000,4067.0000,3,3,1,5,1,2,1,1,2,2
SF,IF2008,2020-06-29 09:33:04.200,4055.8000,1729,0,132964980.000,0,-,-,-,-,4055.8000,4054.6000,4054.4000,4045.0000,4034.0000,4057.8000,4058.4000,4061.6000,4067.0000,4067.8000,3,3,1,5,1,2,1,2,2,3
SF,IF2008,2020-06-29 09:33:05.200,4055.8000,1729,0,134181720.000,1,0,1,多换,S,4055.8000,4054.6000,4054.4000,4045.0000,4034.0000,4057.2000,4057.6000,4057.8000,4061.6000,4067.0000,2,3,1,5,1,1,1,2,2,2
SF,IF2008,2020-06-29 09:33:05.700,4055.8000,1729,0,134181720.000,0,-,-,-,-,4055.8000,4054.6000,4054.4000,4045.0000,4034.0000,4057.0000,4057.2000,4057.8000,4061.6000,4067.0000,2,3,1,5,1,1,1,1,2,2
SF,IF2008,2020-06-29 09:33:06.200,4055.8000,1729,0,136615200.000,2,1,1,多换,S,4054.6000,4054.4000,4045.0000,4034.0000,4024.4000,4057.0000,4057.8000,4061.6000,4067.0000,4069.4000,3,1,5,1,5,1,1,2,2,1
SF,IF2008,2020-06-29 09:33:06.700,4054.6000,1727,-2,139047960.000,2,0,2,双平,S,4054.6000,4054.4000,4045.0000,4034.0000,4024.4000,4055.8000,4056.8000,4057.0000,4060.0000,4061.6000,1,1,5,1,5,4,7,1,5,2
SF,IF2008,2020-06-29 09:33:07.200,4054.4000,1727,0,141480660.000,2,1,1,多换,S,4045.0000,4034.0000,4024.4000,4023.0000,4017.6000,4055.6000,4055.8000,4056.6000,4056.8000,4057.0000,5,1,5,1,1,1,3,1,5,1
SF,IF2008,2020-06-29 09:33:07.700,4054.4000,1727,0,141480660.000,0,-,-,-,-,4053.2000,4052.4000,4051.4000,4051.2000,4046.0000,4055.6000,4055.8000,4056.6000,4056.8000,4060.0000,1,1,1,1,1,1,3,1,3,5
SF,IF2008,2020-06-29 09:33:08.200,4054.4000,1727,0,141480660.000,0,-,-,-,-,4053.4000,4053.2000,4052.4000,4051.4000,4051.2000,4055.6000,4055.8000,4056.6000,4056.8000,4060.0000,1,1,1,1,1,1,3,1,3,5
SF,IF2008,2020-06-29 09:33:08.700,4054.4000,1727,0,141480660.000,0,-,-,-,-,4053.4000,4052.4000,4051.4000,4051.2000,4046.0000,4055.6000,4055.8000,4056.6000,4060.0000,4069.4000,2,1,1,1,1,1,3,1,5,1
SF,IF2008,2020-06-29 09:33:09.200,4054.4000,1727,0,141480660.000,0,-,-,-,-,4053.4000,4052.4000,4051.4000,4051.2000,4045.2000,4055.6000,4055.8000,4056.6000,4060.0000,4069.4000,1,1,1,1,5,1,3,1,5,1
SF,IF2008,2020-06-29 09:33:09.700,4054.4000,1727,0,141480660.000,0,-,-,-,-,4053.4000,4052.4000,4051.4000,4051.2000,4045.2000,4055.6000,4055.8000,4060.0000,4069.4000,4069.6000,1,1,1,1,5,1,3,5,1,1
SF,IF2008,2020-06-29 09:33:11.200,4054.4000,1727,0,141480660.000,0,-,-,-,-,4053.4000,4052.4000,4051.4000,4051.2000,4045.2000,4055.6000,4055.8000,4060.0000,4069.4000,4069.6000,1,1,1,1,3,1,3,5,1,1
SF,IF2008,2020-06-29 09:33:11.700,4054.4000,1727,0,141480660.000,0,-,-,-,-,4053.6000,4053.4000,4052.4000,4051.4000,4051.2000,4055.6000,4055.8000,4060.0000,4069.4000,4069.6000,1,1,1,1,1,1,3,5,1,1
SF,IF2008,2020-06-29 09:33:12.200,4054.4000,1727,0,141480660.000,0,-,-,-,-,4053.8000,4053.6000,4052.4000,4051.4000,4051.2000,4055.6000,4055.8000,4060.0000,4069.4000,4069.6000,1,1,1,1,1,1,3,5,1,1
SF,IF2008,2020-06-29 09:33:12.700,4054.4000,1727,0,141480660.000,0,-,-,-,-,4053.8000,4052.4000,4051.4000,4051.2000,4045.2000,4055.6000,4055.8000,4060.0000,4069.4000,4069.6000,1,1,1,1,2,1,3,5,1,1
SF,IF2008,2020-06-29 09:33:13.200,4054.4000,1727,0,141480660.000,0,-,-,-,-,4053.8000,4052.4000,4051.4000,4051.2000,4045.2000,4055.6000,4055.8000,4060.0000,4069.4000,4069.6000,2,1,1,1,2,1,3,5,1,1
SF,IF2008,2020-06-29 09:33:13.700,4054.4000,1727,0,141480660.000,0,-,-,-,-,4053.8000,4052.4000,4051.4000,4051.2000,4045.2000,4055.6000,4055.8000,4060.0000,4069.4000,4069.6000,1,1,1,1,2,1,3,5,1,1
SF,IF2008,2020-06-29 09:33:15.200,4055.6000,1727,0,142697340.000,1,0,1,多换,S,4053.8000,4052.4000,4051.4000,4051.2000,4045.2000,4055.8000,4060.0000,4069.4000,4069.6000,4069.8000,1,1,1,1,2,3,5,1,1,2
SF,IF2008,2020-06-29 09:33:15.700,4055.6000,1727,0,142697340.000,0,-,-,-,-,4054.0000,4053.8000,4052.4000,4051.4000,4051.2000,4060.0000,4069.4000,4069.6000,4069.8000,4084.2000,1,1,1,1,1,5,1,1,2,1
SF,IF2008,2020-06-29 09:33:16.200,4055.6000,1727,0,142697340.000,0,-,-,-,-,4054.2000,4054.0000,4052.4000,4051.4000,4051.2000,4056.4000,4057.2000,4057.4000,4057.6000,4059.0000,1,2,1,1,1,1,1,1,1,1
SF,IF2008,2020-06-29 09:33:16.700,4055.6000,1727,0,142697340.000,0,-,-,-,-,4054.4000,4054.2000,4052.4000,4051.2000,4045.2000,4057.2000,4057.4000,4057.6000,4059.0000,4059.8000,1,2,1,1,2,1,1,1,1,3
SF,IF2008,2020-06-29 09:33:17.200,4055.6000,1727,0,142697340.000,0,-,-,-,-,4054.6000,4054.4000,4052.4000,4051.2000,4045.2000,4057.0000,4057.2000,4057.4000,4057.6000,4059.0000,1,2,1,1,2,2,1,1,1,1
SF,IF2008,2020-06-29 09:33:17.700,4055.6000,1727,0,142697340.000,0,-,-,-,-,4054.8000,4054.6000,4052.4000,4051.2000,4045.2000,4057.0000,4057.2000,4057.4000,4057.6000,4059.0000,1,2,1,1,2,1,1,1,1,1
SF,IF2008,2020-06-29 09:33:18.200,4055.6000,1727,0,142697340.000,0,-,-,-,-,4055.0000,4054.8000,4052.4000,4051.2000,4045.2000,4057.0000,4057.2000,4057.4000,4059.0000,4059.8000,1,2,1,1,2,1,1,1,1,2
SF,IF2008,2020-06-29 09:33:18.700,4055.2000,1727,0,143913900.000,1,0,1,多换,S,4055.0000,4054.8000,4052.4000,4051.2000,4045.2000,4057.0000,4059.0000,4059.8000,4060.0000,4069.4000,1,1,1,1,2,1,1,2,5,1
SF,IF2008,2020-06-29 09:33:19.200,4055.2000,1727,0,143913900.000,0,-,-,-,-,4055.2000,4055.0000,4052.4000,4051.2000,4045.2000,4059.0000,4059.8000,4065.0000,4069.4000,4069.6000,1,2,1,1,2,1,2,5,1,1
SF,IF2008,2020-06-29 09:33:19.700,4055.2000,1727,0,143913900.000,0,-,-,-,-,4055.4000,4055.2000,4045.2000,4045.0000,4024.4000,4058.0000,4058.8000,4059.0000,4059.8000,4065.0000,1,1,2,5,5,1,1,1,2,5
SF,IF2008,2020-06-29 09:33:20.200,4055.2000,1727,0,143913900.000,0,-,-,-,-,4055.4000,4045.2000,4045.0000,4024.4000,4024.2000,4057.8000,4059.0000,4059.8000,4065.0000,4069.4000,1,2,5,5,1,1,1,2,5,1
SF,IF2008,2020-06-29 09:33:20.700,4055.2000,1727,0,143913900.000,0,-,-,-,-,4055.4000,4054.0000,4045.2000,4045.0000,4024.4000,4057.8000,4059.0000,4059.8000,4065.0000,4069.4000,1,1,2,5,5,1,1,2,5,1
SF,IF2008,2020-06-29 09:33:21.200,4055.2000,1727,0,143913900.000,0,-,-,-,-,4055.6000,4055.4000,4054.0000,4045.2000,4045.0000,4057.6000,4059.0000,4059.8000,4065.0000,4069.4000,1,2,1,2,5,1,1,2,5,1
SF,IF2008,2020-06-29 09:33:21.700,4055.2000,1727,0,143913900.000,0,-,-,-,-,4055.8000,4055.6000,4055.4000,4054.0000,4045.2000,4059.8000,4065.0000,4069.4000,4069.6000,4069.8000,1,1,1,1,2,2,5,1,1,2
SF,IF2008,2020-06-29 09:33:22.200,4055.2000,1727,0,143913900.000,0,-,-,-,-,4058.0000,4056.0000,4055.8000,4055.4000,4054.0000,4059.2000,4059.4000,4059.6000,4059.8000,4065.0000,1,1,1,1,1,1,1,3,2,5
SF,IF2008,2020-06-29 09:33:22.700,4058.0000,1727,0,145131300.000,1,0,1,多换,S,4055.8000,4054.0000,4045.2000,4045.0000,4024.4000,4059.0000,4059.2000,4059.8000,4065.0000,4069.4000,1,1,2,5,5,1,1,3,5,1
SF,IF2008,2020-06-29 09:33:23.200,4058.0000,1727,0,145131300.000,0,-,-,-,-,4056.2000,4056.0000,4055.8000,4054.0000,4045.2000,4059.0000,4059.8000,4065.0000,4069.4000,4069.6000,1,1,1,1,2,1,3,5,1,1
SF,IF2008,2020-06-29 09:33:23.700,4058.0000,1727,0,145131300.000,0,-,-,-,-,4056.4000,4056.2000,4054.0000,4045.2000,4045.0000,4059.0000,4059.8000,4065.0000,4069.4000,4069.6000,2,2,1,2,5,1,1,5,1,1
SF,IF2008,2020-06-29 09:33:24.200,4058.0000,1727,0,145131300.000,0,-,-,-,-,4056.4000,4054.0000,4045.2000,4045.0000,4024.4000,4059.0000,4059.8000,4065.0000,4069.4000,4069.6000,2,1,2,5,5,1,1,5,1,1
SF,IF2008,2020-06-29 09:33:24.700,4058.0000,1727,0,145131300.000,0,-,-,-,-,4056.6000,4056.4000,4056.0000,4054.0000,4045.2000,4059.0000,4059.8000,4065.0000,4069.4000,4069.6000,1,2,1,1,2,1,1,5,1,1
SF,IF2008,2020-06-29 09:33:25.200,4058.0000,1727,0,145131300.000,0,-,-,-,-,4056.8000,4056.6000,4056.0000,4054.0000,4045.2000,4058.8000,4059.8000,4065.0000,4069.4000,4069.6000,3,1,1,1,2,1,1,5,1,1
SF,IF2008,2020-06-29 09:33:25.700,4058.8000,1727,0,146348940.000,1,0,1,多换,S,4056.8000,4056.6000,4056.0000,4054.0000,4045.2000,4059.8000,4065.0000,4069.4000,4069.6000,4069.8000,4,1,1,1,2,1,5,1,1,2
SF,IF2008,2020-06-29 09:33:26.200,4058.8000,1727,0,146348940.000,0,-,-,-,-,4056.8000,4056.0000,4054.0000,4045.2000,4045.0000,4059.8000,4065.0000,4069.4000,4069.6000,4069.8000,4,1,1,2,5,1,5,1,1,2
SF,IF2008,2020-06-29 09:33:26.700,4059.8000,1727,0,147566880.000,1,0,1,多换,S,4056.8000,4054.0000,4045.2000,4045.0000,4024.4000,4065.0000,4069.4000,4069.6000,4069.8000,4084.2000,4,1,2,5,5,5,1,1,2,1
SF,IF2008,2020-06-29 09:33:27.200,4059.8000,1727,0,147566880.000,0,-,-,-,-,4058.0000,4056.8000,4054.0000,4045.2000,4045.0000,4061.0000,4061.2000,4061.4000,4064.0000,4064.8000,1,4,1,2,5,1,2,1,1,6
SF,IF2008,2020-06-29 09:33:27.700,4059.8000,1727,0,147566880.000,0,-,-,-,-,4058.2000,4058.0000,4056.8000,4054.0000,4045.2000,4060.8000,4061.0000,4061.2000,4064.8000,4065.0000,1,1,1,1,2,2,1,1,4,6
SF,IF2008,2020-06-29 09:33:28.200,4059.8000,1727,0,147566880.000,0,-,-,-,-,4058.2000,4056.8000,4054.0000,4045.2000,4045.0000,4060.8000,4061.2000,4064.8000,4065.0000,4069.6000,1,1,1,2,5,1,1,3,6,1
SF,IF2008,2020-06-29 09:33:28.700,4059.8000,1727,0,147566880.000,0,-,-,-,-,4058.2000,4056.8000,4054.0000,4045.2000,4045.0000,4060.8000,4061.2000,4064.8000,4065.0000,4069.6000,1,1,1,2,5,2,1,3,6,1
SF,IF2008,2020-06-29 09:33:29.200,4059.8000,1727,0,147566880.000,0,-,-,-,-,4058.2000,4054.0000,4045.2000,4045.0000,4024.4000,4060.8000,4061.2000,4064.8000,4065.0000,4069.6000,1,1,2,5,5,3,1,3,6,1
SF,IF2008,2020-06-29 09:33:29.700,4059.8000,1727,0,147566880.000,0,-,-,-,-,4058.2000,4054.0000,4045.2000,4045.0000,4024.4000,4060.6000,4060.8000,4061.2000,4064.8000,4065.0000,1,1,2,5,5,1,3,1,3,6
SF,IF2008,2020-06-29 09:33:30.200,4059.8000,1727,0,147566880.000,0,-,-,-,-,4058.2000,4054.0000,4045.2000,4045.0000,4024.4000,4060.4000,4060.6000,4061.2000,4064.8000,4065.0000,1,1,2,5,5,1,1,1,3,6
SF,IF2008,2020-06-29 09:33:30.700,4059.8000,1727,0,147566880.000,0,-,-,-,-,4058.2000,4054.0000,4045.2000,4045.0000,4024.4000,4060.4000,4060.6000,4061.2000,4064.8000,4065.0000,1,1,2,5,5,1,1,1,3,6
SF,IF2008,2020-06-29 09:33:31.200,4059.8000,1727,0,147566880.000,0,-,-,-,-,4058.2000,4054.0000,4045.2000,4045.0000,4024.4000,4060.4000,4060.6000,4061.2000,4064.8000,4065.0000,1,1,2,5,5,1,1,1,3,6
SF,IF2008,2020-06-29 09:33:31.700,4059.8000,1727,0,147566880.000,0,-,-,-,-,4058.2000,4054.0000,4045.2000,4045.0000,4024.4000,4060.4000,4064.8000,4065.0000,4069.6000,4069.8000,1,1,2,5,5,1,3,6,1,2
SF,IF2008,2020-06-29 09:33:32.200,4059.8000,1727,0,147566880.000,0,-,-,-,-,4058.2000,4054.0000,4045.2000,4045.0000,4024.4000,4060.4000,4064.8000,4065.0000,4069.6000,4069.8000,1,1,2,5,5,1,3,6,1,2
SF,IF2008,2020-06-29 09:33:32.700,4059.8000,1727,0,147566880.000,0,-,-,-,-,4058.4000,4058.2000,4054.0000,4045.2000,4045.0000,4060.4000,4064.8000,4065.0000,4069.6000,4069.8000,1,2,1,2,5,1,3,6,1,2
SF,IF2008,2020-06-29 09:33:33.200,4059.8000,1727,0,147566880.000,0,-,-,-,-,4058.6000,4058.4000,4058.2000,4054.0000,4045.2000,4064.8000,4065.0000,4069.6000,4069.8000,4084.2000,1,1,1,1,2,3,6,1,2,1
SF,IF2008,2020-06-29 09:33:33.700,4059.8000,1727,0,147566880.000,0,-,-,-,-,4058.6000,4054.0000,4045.2000,4045.0000,4024.4000,4061.8000,4062.0000,4063.4000,4064.0000,4064.6000,1,1,2,5,5,1,1,1,1,3
SF,IF2008,2020-06-29 09:33:34.200,4059.8000,1727,0,147566880.000,0,-,-,-,-,4058.6000,4054.0000,4045.2000,4045.0000,4024.4000,4061.4000,4061.6000,4061.8000,4063.4000,4064.0000,1,1,2,5,5,1,2,1,1,1
SF,IF2008,2020-06-29 09:33:34.700,4059.8000,1727,0,147566880.000,0,-,-,-,-,4058.8000,4054.0000,4045.2000,4045.0000,4024.4000,4061.2000,4063.4000,4064.0000,4064.8000,4069.6000,1,1,2,5,5,2,1,1,3,1
SF,IF2008,2020-06-29 09:33:35.200,4059.8000,1727,0,147566880.000,0,-,-,-,-,4054.0000,4045.2000,4045.0000,4024.4000,4024.2000,4061.0000,4061.2000,4063.4000,4064.0000,4064.8000,1,2,5,5,1,1,2,1,1,3
SF,IF2008,2020-06-29 09:33:35.700,4059.8000,1727,0,147566880.000,0,-,-,-,-,4057.4000,4056.8000,4054.4000,4054.2000,4054.0000,4060.8000,4063.4000,4064.0000,4064.8000,4069.6000,1,1,1,1,1,2,1,1,3,1
SF,IF2008,2020-06-29 09:33:36.200,4059.8000,1727,0,147566880.000,0,-,-,-,-,4056.8000,4054.4000,4054.2000,4054.0000,4045.0000,4060.6000,4060.8000,4064.0000,4064.8000,4069.6000,1,1,1,1,5,1,2,1,3,1
SF,IF2008,2020-06-29 09:33:36.700,4059.8000,1727,0,147566880.000,0,-,-,-,-,4057.0000,4054.4000,4054.0000,4045.0000,4024.4000,4060.4000,4060.6000,4064.8000,4069.6000,4069.8000,1,1,1,5,5,3,1,3,1,2
SF,IF2008,2020-06-29 09:33:37.200,4059.8000,1727,0,147566880.000,0,-,-,-,-,4054.4000,4054.0000,4045.0000,4024.4000,4024.2000,4060.4000,4064.8000,4069.8000,4070.0000,4084.2000,1,1,5,5,1,3,3,2,5,1
SF,IF2008,2020-06-29 09:33:37.700,4059.8000,1727,0,147566880.000,0,-,-,-,-,4055.6000,4054.6000,4054.4000,4054.0000,4045.0000,4060.0000,4060.2000,4060.4000,4064.8000,4069.8000,1,4,1,1,5,1,1,3,3,2
SF,IF2008,2020-06-29 09:33:38.200,4059.8000,1727,0,147566880.000,0,-,-,-,-,4055.6000,4054.6000,4054.4000,4054.0000,4045.0000,4059.8000,4060.0000,4060.4000,4064.8000,4069.8000,1,4,1,1,5,2,1,1,3,2
SF,IF2008,2020-06-29 09:33:38.700,4059.8000,1727,0,147566880.000,0,-,-,-,-,4055.8000,4055.6000,4054.6000,4054.4000,4054.0000,4059.4000,4059.6000,4059.8000,4060.4000,4064.8000,1,1,3,1,1,1,2,2,1,3
SF,IF2008,2020-06-29 09:33:39.200,4059.8000,1727,0,147566880.000,0,-,-,-,-,4055.8000,4054.6000,4054.4000,4054.0000,4046.2000,4059.0000,4059.2000,4059.4000,4059.6000,4060.4000,1,1,1,1,3,1,2,1,1,1
SF,IF2008,2020-06-29 09:33:39.700,4059.8000,1727,0,147566880.000,0,-,-,-,-,4055.8000,4054.6000,4054.4000,4054.0000,4046.2000,4058.8000,4059.4000,4059.6000,4060.4000,4064.8000,1,1,1,1,3,2,1,1,1,3
SF,IF2008,2020-06-29 09:33:40.200,4059.8000,1727,0,147566880.000,0,-,-,-,-,4055.8000,4054.6000,4054.4000,4054.0000,4046.2000,4058.8000,4059.4000,4059.6000,4064.8000,4069.8000,1,1,1,1,3,3,1,1,3,2
SF,IF2008,2020-06-29 09:33:41.700,4055.8000,1727,0,148783620.000,1,0,1,多换,S,4054.6000,4054.4000,4054.0000,4046.2000,4045.0000,4058.8000,4059.4000,4059.6000,4064.8000,4069.8000,1,1,1,3,5,3,1,1,3,2
SF,IF2008,2020-06-29 09:33:42.200,4055.8000,1727,0,148783620.000,0,-,-,-,-,4054.8000,4054.6000,4054.4000,4054.0000,4046.2000,4058.6000,4058.8000,4059.4000,4059.6000,4064.8000,3,1,1,1,3,1,2,1,1,3
SF,IF2008,2020-06-29 09:33:42.700,4055.8000,1727,0,148783620.000,0,-,-,-,-,4054.8000,4054.6000,4054.4000,4054.0000,4046.2000,4058.4000,4058.6000,4058.8000,4059.4000,4059.6000,2,1,1,1,3,1,2,1,1,1
SF,IF2008,2020-06-29 09:33:43.200,4055.8000,1727,0,148783620.000,0,-,-,-,-,4055.6000,4055.0000,4054.8000,4054.6000,4054.4000,4058.2000,4058.4000,4058.6000,4058.8000,4059.4000,1,1,1,1,1,1,1,2,1,1
SF,IF2008,2020-06-29 09:33:43.700,4055.8000,1727,0,148783620.000,0,-,-,-,-,4055.6000,4055.0000,4054.8000,4054.6000,4054.4000,4058.0000,4058.2000,4058.6000,4058.8000,4059.4000,1,1,1,1,1,1,2,1,1,1
SF,IF2008,2020-06-29 09:33:44.200,4055.8000,1727,0,148783620.000,0,-,-,-,-,4054.8000,4054.6000,4054.4000,4054.0000,4046.2000,4057.8000,4058.0000,4058.2000,4058.6000,4058.8000,1,1,1,1,3,1,1,1,1,1
SF,IF2008,2020-06-29 09:33:44.700,4057.6000,1727,0,150000900.000,1,0,1,多换,S,4055.0000,4054.8000,4054.6000,4054.4000,4054.0000,4057.8000,4058.2000,4058.6000,4059.4000,4059.6000,1,1,1,1,1,1,1,1,1,1
SF,IF2008,2020-06-29 09:33:45.200,4057.6000,1727,0,150000900.000,0,-,-,-,-,4054.0000,4046.2000,4045.0000,4024.4000,4024.2000,4057.6000,4057.8000,4058.6000,4059.4000,4059.6000,1,3,5,5,1,2,1,1,1,1
SF,IF2008,2020-06-29 09:33:45.700,4054.6000,1728,1,151217280.000,1,1,0,双开,S,4054.4000,4054.2000,4054.0000,4046.2000,4045.0000,4057.4000,4057.6000,4058.6000,4059.4000,4059.6000,1,1,1,3,5,1,2,1,1,1
SF,IF2008,2020-06-29 09:33:46.200,4054.6000,1728,0,151217280.000,0,-,-,-,-,4054.0000,4046.2000,4045.0000,4024.4000,4024.2000,4056.8000,4057.2000,4057.4000,4057.6000,4058.6000,1,3,5,5,1,1,1,2,1,1
SF,IF2008,2020-06-29 09:33:46.700,4054.0000,1729,1,152433480.000,1,1,0,双开,S,4046.2000,4045.0000,4024.4000,4024.2000,4023.0000,4054.0000,4056.6000,4056.8000,4057.4000,4057.6000,3,5,5,1,1,3,2,1,1,1
SF,IF2008,2020-06-29 09:33:47.200,4054.0000,1729,0,157298280.000,4,2,2,多换,S,4054.2000,4051.2000,4050.2000,4047.0000,4046.4000,4056.8000,4057.6000,4059.4000,4059.6000,4064.8000,1,1,1,1,10,1,1,1,1,3
SF,IF2008,2020-06-29 09:33:47.700,4054.2000,1729,0,158514540.000,1,0,1,多换,S,4054.2000,4051.2000,4050.2000,4047.0000,4046.4000,4056.6000,4056.8000,4057.6000,4064.8000,4069.8000,1,1,1,1,9,2,1,1,3,2
SF,IF2008,2020-06-29 09:33:48.200,4054.2000,1730,1,159730800.000,1,1,0,双开,S,4051.2000,4050.2000,4046.4000,4046.2000,4045.0000,4054.2000,4056.4000,4056.6000,4056.8000,4057.6000,1,1,6,3,5,1,1,2,1,1
SF,IF2008,2020-06-29 09:33:48.700,4054.2000,1730,0,160947060.000,1,0,1,多换,S,4051.4000,4051.2000,4050.2000,4049.6000,4046.4000,4054.0000,4056.4000,4056.8000,4060.0000,4064.8000,3,1,1,1,5,1,1,1,5,3
SF,IF2008,2020-06-29 09:33:49.200,4054.2000,1730,0,162163320.000,1,0,1,多换,S,4052.2000,4051.6000,4051.4000,4051.2000,4049.6000,4056.4000,4056.8000,4060.0000,4064.8000,4069.8000,1,2,3,1,1,1,1,5,3,2
SF,IF2008,2020-06-29 09:33:49.700,4054.2000,1730,0,162163320.000,0,-,-,-,-,4053.0000,4052.4000,4051.8000,4051.6000,4051.4000,4056.2000,4056.8000,4060.0000,4064.8000,4069.8000,1,3,1,1,2,1,1,5,3,2
SF,IF2008,2020-06-29 09:33:50.200,4054.2000,1730,0,162163320.000,0,-,-,-,-,4053.2000,4052.4000,4051.8000,4051.6000,4051.4000,4056.2000,4056.8000,4064.8000,4065.0000,4069.8000,4,1,1,1,2,1,1,3,5,2
SF,IF2008,2020-06-29 09:33:50.700,4054.2000,1730,0,162163320.000,0,-,-,-,-,4053.4000,4053.2000,4052.4000,4051.8000,4051.4000,4056.2000,4056.8000,4064.8000,4065.0000,4069.8000,1,3,1,1,2,1,1,3,5,2
SF,IF2008,2020-06-29 09:33:51.200,4054.2000,1730,0,162163320.000,0,-,-,-,-,4054.0000,4053.6000,4053.4000,4053.2000,4052.4000,4056.2000,4056.8000,4064.8000,4065.0000,4069.8000,1,2,1,1,1,1,1,3,5,2
SF,IF2008,2020-06-29 09:33:51.700,4054.2000,1730,0,162163320.000,0,-,-,-,-,4054.2000,4054.0000,4053.4000,4052.4000,4051.2000,4056.8000,4064.8000,4065.0000,4069.8000,4084.2000,2,2,1,1,1,1,3,5,2,1
SF,IF2008,2020-06-29 09:33:52.200,4054.2000,1730,0,162163320.000,0,-,-,-,-,4054.2000,4054.0000,4053.4000,4052.4000,4052.2000,4056.6000,4056.8000,4064.8000,4065.0000,4069.8000,1,1,1,1,1,1,1,3,5,2
SF,IF2008,2020-06-29 09:33:52.700,4054.2000,1730,0,162163320.000,0,-,-,-,-,4054.2000,4054.0000,4053.4000,4052.4000,4052.2000,4056.4000,4056.6000,4056.8000,4064.8000,4065.0000,1,1,1,1,1,1,2,1,3,5
SF,IF2008,2020-06-29 09:33:53.200,4054.2000,1731,1,163379580.000,1,1,0,双开,S,4054.0000,4053.4000,4052.4000,4052.2000,4051.2000,4056.2000,4056.4000,4056.6000,4056.8000,4064.8000,1,1,1,1,1,1,1,1,1,3
SF,IF2008,2020-06-29 09:33:53.700,4054.2000,1731,0,163379580.000,0,-,-,-,-,4054.2000,4054.0000,4053.4000,4052.4000,4052.2000,4056.2000,4056.4000,4056.6000,4056.8000,4064.8000,1,1,1,1,1,1,1,1,1,3
SF,IF2008,2020-06-29 09:33:54.200,4054.2000,1731,0,163379580.000,0,-,-,-,-,4054.2000,4054.0000,4053.4000,4052.4000,4052.2000,4056.2000,4056.4000,4056.8000,4064.8000,4065.0000,1,1,1,1,1,1,1,1,3,5
SF,IF2008,2020-06-29 09:33:58.200,4054.2000,1731,0,163379580.000,0,-,-,-,-,4054.2000,4054.0000,4053.4000,4052.4000,4051.2000,4056.2000,4056.4000,4056.8000,4064.8000,4065.0000,1,1,1,1,1,1,1,1,3,5
SF,IF2008,2020-06-29 09:33:58.700,4054.2000,1731,0,163379580.000,0,-,-,-,-,4054.2000,4054.0000,4052.4000,4051.2000,4046.4000,4056.2000,4056.4000,4056.8000,4064.8000,4065.0000,1,1,1,1,3,1,1,1,3,5
SF,IF2008,2020-06-29 09:33:59.200,4054.2000,1731,0,163379580.000,0,-,-,-,-,4054.2000,4054.0000,4053.2000,4052.4000,4051.2000,4056.2000,4056.4000,4056.8000,4064.8000,4065.0000,1,1,1,1,1,1,1,1,3,5
SF,IF2008,2020-06-29 09:34:00.700,4054.2000,1732,1,164595840.000,1,1,0,双开,S,4054.0000,4053.2000,4052.4000,4051.2000,4046.4000,4054.6000,4056.0000,4056.2000,4056.4000,4064.8000,1,1,1,1,3,1,1,1,1,3
SF,IF2008,2020-06-29 09:34:01.200,4054.0000,1734,2,167028240.000,2,2,0,双开,S,4053.2000,4052.4000,4051.2000,4046.4000,4046.2000,4054.4000,4054.6000,4056.0000,4056.4000,4064.8000,1,1,1,3,3,1,1,1,1,3
SF,IF2008,2020-06-29 09:34:01.700,4053.2000,1735,1,168244200.000,1,1,0,双开,S,4051.2000,4046.4000,4046.2000,4045.0000,4024.4000,4054.4000,4054.6000,4056.0000,4056.4000,4064.8000,1,3,3,5,5,2,1,1,1,3
SF,IF2008,2020-06-29 09:34:02.200,4053.2000,1735,0,168244200.000,0,-,-,-,-,4051.8000,4051.4000,4051.2000,4046.4000,4046.2000,4054.2000,4054.6000,4064.8000,4065.0000,4069.8000,1,1,1,3,3,1,1,3,5,2
SF,IF2008,2020-06-29 09:34:02.700,4053.2000,1735,0,168244200.000,0,-,-,-,-,4052.0000,4051.8000,4051.2000,4046.4000,4046.2000,4054.2000,4054.6000,4064.8000,4065.0000,4069.8000,1,1,1,3,3,1,1,3,5,2
SF,IF2008,2020-06-29 09:34:03.200,4053.2000,1735,0,168244200.000,0,-,-,-,-,4052.0000,4051.8000,4051.2000,4046.4000,4046.2000,4054.0000,4054.2000,4054.6000,4064.8000,4065.0000,1,1,1,3,3,2,2,1,3,5
SF,IF2008,2020-06-29 09:34:03.700,4053.2000,1735,0,168244200.000,0,-,-,-,-,4051.8000,4051.2000,4046.4000,4046.2000,4045.0000,4053.8000,4054.0000,4054.6000,4064.8000,4065.0000,1,1,3,3,5,2,2,1,3,5
SF,IF2008,2020-06-29 09:34:04.200,4053.2000,1735,0,168244200.000,0,-,-,-,-,4051.8000,4051.2000,4049.0000,4046.4000,4046.2000,4053.6000,4053.8000,4054.0000,4054.6000,4064.8000,1,1,1,3,3,1,2,1,1,3
SF,IF2008,2020-06-29 09:34:04.700,4053.2000,1735,0,168244200.000,0,-,-,-,-,4049.0000,4046.4000,4046.2000,4045.0000,4024.4000,4053.6000,4053.8000,4054.0000,4054.6000,4064.8000,1,3,3,5,5,1,2,1,1,3
SF,IF2008,2020-06-29 09:34:05.200,4053.2000,1735,0,168244200.000,0,-,-,-,-,4050.6000,4049.2000,4049.0000,4046.2000,4045.0000,4053.4000,4054.6000,4064.8000,4065.0000,4069.8000,1,3,1,3,5,1,1,3,5,2
SF,IF2008,2020-06-29 09:34:05.700,4053.2000,1735,0,168244200.000,0,-,-,-,-,4050.8000,4049.2000,4049.0000,4046.2000,4045.0000,4053.2000,4053.4000,4054.6000,4064.8000,4065.0000,2,2,1,3,5,2,1,1,3,5
SF,IF2008,2020-06-29 09:34:06.200,4053.2000,1735,0,168244200.000,0,-,-,-,-,4051.0000,4050.8000,4049.2000,4049.0000,4046.2000,4053.0000,4053.2000,4054.6000,4064.8000,4065.0000,2,1,2,1,3,1,2,1,3,5
SF,IF2008,2020-06-29 09:34:06.700,4053.2000,1735,0,168244200.000,0,-,-,-,-,4051.0000,4050.8000,4049.2000,4049.0000,4046.2000,4052.8000,4053.0000,4054.6000,4064.8000,4065.0000,2,1,2,1,3,1,1,1,3,5
SF,IF2008,2020-06-29 09:34:07.200,4053.2000,1735,0,168244200.000,0,-,-,-,-,4051.2000,4051.0000,4049.2000,4049.0000,4048.2000,4053.0000,4054.6000,4064.8000,4065.0000,4069.8000,1,2,2,1,1,1,1,3,5,2
SF,IF2008,2020-06-29 09:34:07.700,4053.0000,1735,0,169460100.000,1,0,1,多换,S,4051.2000,4051.0000,4049.0000,4048.2000,4045.0000,4054.6000,4064.8000,4065.0000,4069.8000,4084.2000,2,2,1,1,5,1,3,5,2,1
SF,IF2008,2020-06-29 09:34:08.200,4053.0000,1735,0,169460100.000,0,-,-,-,-,4051.4000,4051.2000,4051.0000,4049.0000,4048.2000,4054.4000,4054.6000,4064.8000,4065.0000,4069.8000,1,1,2,1,1,2,1,3,5,2
SF,IF2008,2020-06-29 09:34:08.700,4051.6000,1735,0,170675580.000,1,0,1,多换,S,4051.4000,4051.0000,4049.0000,4048.2000,4045.0000,4054.4000,4054.6000,4064.8000,4065.0000,4069.8000,2,2,1,1,5,2,1,3,5,2
SF,IF2008,2020-06-29 09:34:09.200,4051.6000,1735,0,170675580.000,0,-,-,-,-,4051.6000,4051.4000,4051.0000,4049.0000,4048.2000,4054.4000,4054.6000,4064.8000,4065.0000,4069.8000,1,2,2,1,1,2,1,3,5,2
SF,IF2008,2020-06-29 09:34:09.700,4051.6000,1735,0,170675580.000,0,-,-,-,-,4051.4000,4051.0000,4049.0000,4048.2000,4045.0000,4054.4000,4054.6000,4064.8000,4065.0000,4069.8000,1,2,1,1,5,2,1,3,5,2
SF,IF2008,2020-06-29 09:34:10.700,4051.6000,1735,0,170675580.000,0,-,-,-,-,4051.4000,4051.0000,4049.0000,4048.2000,4045.0000,4054.4000,4054.6000,4064.8000,4065.0000,4069.8000,2,2,1,1,5,2,1,3,5,2
SF,IF2008,2020-06-29 09:34:11.200,4051.6000,1735,0,170675580.000,0,-,-,-,-,4051.4000,4051.0000,4049.0000,4048.2000,4045.0000,4054.4000,4054.6000,4064.8000,4065.0000,4069.8000,1,2,1,1,5,2,1,3,5,2
SF,IF2008,2020-06-29 09:34:13.700,4051.6000,1735,0,170675580.000,0,-,-,-,-,4051.4000,4051.0000,4049.0000,4048.2000,4045.0000,4051.6000,4054.4000,4054.6000,4064.8000,4065.0000,1,2,1,1,5,4,2,1,3,5
SF,IF2008,2020-06-29 09:34:14.200,4051.6000,1735,0,175537500.000,4,2,2,多换,S,4051.8000,4051.0000,4049.0000,4048.2000,4045.0000,4054.4000,4054.6000,4064.8000,4065.0000,4069.8000,2,1,1,1,5,2,1,3,5,2
SF,IF2008,2020-06-29 09:34:14.700,4051.6000,1735,0,175537500.000,0,-,-,-,-,4051.8000,4051.0000,4049.0000,4048.2000,4045.0000,4054.4000,4054.6000,4064.8000,4065.0000,4069.8000,1,1,1,1,5,2,1,3,5,2
SF,IF2008,2020-06-29 09:34:16.200,4051.6000,1735,0,175537500.000,0,-,-,-,-,4051.8000,4051.0000,4049.0000,4048.2000,4045.0000,4054.4000,4054.6000,4064.8000,4065.0000,4069.8000,1,2,1,1,5,2,1,3,5,2
SF,IF2008,2020-06-29 09:34:16.700,4051.6000,1735,0,175537500.000,0,-,-,-,-,4051.8000,4051.0000,4049.0000,4048.2000,4045.0000,4054.2000,4054.4000,4054.6000,4064.8000,4065.0000,2,2,1,1,5,1,2,1,3,5
SF,IF2008,2020-06-29 09:34:17.200,4051.6000,1735,0,175537500.000,0,-,-,-,-,4051.8000,4051.0000,4049.0000,4048.2000,4045.0000,4054.0000,4054.2000,4054.6000,4064.8000,4065.0000,2,2,1,1,5,2,2,1,3,5
SF,IF2008,2020-06-29 09:34:17.700,4051.6000,1735,0,175537500.000,0,-,-,-,-,4051.8000,4051.0000,4049.0000,4048.2000,4045.0000,4053.8000,4054.0000,4054.2000,4054.6000,4064.8000,2,2,1,1,5,2,2,2,1,3
SF,IF2008,2020-06-29 09:34:18.200,4051.6000,1735,0,175537500.000,0,-,-,-,-,4051.8000,4051.0000,4049.0000,4048.2000,4045.0000,4053.6000,4053.8000,4054.2000,4054.6000,4064.8000,1,2,1,1,5,2,2,2,1,3
SF,IF2008,2020-06-29 09:34:18.700,4051.6000,1735,0,175537500.000,0,-,-,-,-,4051.8000,4051.0000,4049.0000,4048.2000,4045.0000,4053.4000,4053.6000,4053.8000,4054.2000,4054.6000,1,2,1,1,5,1,2,2,1,1
SF,IF2008,2020-06-29 09:34:19.200,4051.6000,1735,0,175537500.000,0,-,-,-,-,4051.8000,4051.0000,4049.0000,4048.2000,4045.0000,4053.2000,4053.6000,4053.8000,4054.2000,4054.6000,1,2,1,1,5,1,1,2,1,1
SF,IF2008,2020-06-29 09:34:19.700,4053.2000,1735,0,176753460.000,1,0,1,多换,S,4051.8000,4051.0000,4049.0000,4048.2000,4045.0000,4053.6000,4053.8000,4054.6000,4064.8000,4065.0000,1,2,1,1,5,1,2,1,3,5
SF,IF2008,2020-06-29 09:34:20.200,4053.2000,1735,0,176753460.000,0,-,-,-,-,4051.8000,4051.0000,4049.0000,4048.2000,4045.0000,4053.4000,4053.6000,4054.6000,4064.8000,4065.0000,1,1,1,1,5,1,1,1,3,5
SF,IF2008,2020-06-29 09:34:20.700,4053.4000,1735,0,177969480.000,1,0,1,多换,S,4051.8000,4051.0000,4049.0000,4045.0000,4043.0000,4053.6000,4054.6000,4064.8000,4065.0000,4069.8000,1,1,1,5,3,1,1,3,5,2
SF,IF2008,2020-06-29 09:34:21.200,4052.0000,1735,0,180401160.000,2,1,1,多换,S,4052.0000,4051.8000,4051.0000,4049.0000,4045.0000,4054.6000,4064.8000,4065.0000,4069.8000,4084.2000,1,1,1,1,5,1,3,5,2,1
SF,IF2008,2020-06-29 09:34:21.700,4052.2000,1735,0,182833200.000,2,1,1,多换,S,4052.2000,4052.0000,4051.8000,4051.0000,4049.0000,4064.8000,4065.0000,4069.8000,4084.2000,4099.0000,1,1,1,1,1,3,5,2,1,5
SF,IF2008,2020-06-29 09:34:22.200,4052.2000,1735,0,182833200.000,0,-,-,-,-,4052.4000,4052.2000,4051.8000,4051.0000,4049.0000,4056.8000,4057.0000,4057.6000,4064.6000,4064.8000,1,1,1,1,1,2,1,1,4,4
SF,IF2008,2020-06-29 09:34:22.700,4052.2000,1735,0,182833200.000,0,-,-,-,-,4052.6000,4052.4000,4051.8000,4051.0000,4049.0000,4056.6000,4056.8000,4057.0000,4057.6000,4064.6000,3,3,1,1,1,1,1,1,1,2
SF,IF2008,2020-06-29 09:34:23.200,4052.2000,1735,0,182833200.000,0,-,-,-,-,4052.8000,4052.6000,4052.4000,4051.8000,4051.0000,4056.6000,4057.6000,4064.6000,4064.8000,4065.0000,1,1,1,1,1,1,1,2,3,5
SF,IF2008,2020-06-29 09:34:23.700,4052.2000,1735,0,182833200.000,0,-,-,-,-,4053.0000,4052.8000,4052.4000,4051.8000,4051.0000,4056.6000,4057.6000,4064.6000,4064.8000,4065.0000,2,1,1,1,1,1,1,2,3,5
SF,IF2008,2020-06-29 09:34:24.200,4052.2000,1735,0,182833200.000,0,-,-,-,-,4053.0000,4051.8000,4051.0000,4049.0000,4045.0000,4056.6000,4057.6000,4064.6000,4064.8000,4065.0000,2,1,1,1,5,2,1,2,3,5
SF,IF2008,2020-06-29 09:34:24.700,4052.2000,1735,0,182833200.000,0,-,-,-,-,4053.2000,4053.0000,4051.8000,4051.0000,4049.0000,4056.4000,4056.6000,4057.6000,4064.6000,4064.8000,1,2,1,1,1,1,2,1,2,3
SF,IF2008,2020-06-29 09:34:25.200,4052.2000,1735,0,182833200.000,0,-,-,-,-,4053.4000,4053.0000,4051.8000,4051.0000,4045.0000,4056.2000,4056.4000,4057.6000,4064.6000,4064.8000,1,1,1,1,5,2,1,1,2,3
SF,IF2008,2020-06-29 09:34:25.700,4053.4000,1736,1,184049220.000,1,1,0,双开,S,4051.8000,4051.0000,4045.0000,4043.0000,4024.4000,4056.0000,4056.2000,4056.4000,4057.6000,4064.6000,1,1,5,3,5,2,1,1,1,2
SF,IF2008,2020-06-29 09:34:26.200,4053.4000,1736,0,184049220.000,0,-,-,-,-,4052.0000,4051.8000,4051.0000,4045.0000,4043.0000,4055.8000,4056.0000,4056.4000,4057.6000,4064.6000,1,1,1,5,3,2,1,1,1,1
SF,IF2008,2020-06-29 09:34:26.700,4053.4000,1736,0,184049220.000,0,-,-,-,-,4052.0000,4051.8000,4051.0000,4045.0000,4043.0000,4055.6000,4055.8000,4057.6000,4064.6000,4064.8000,1,1,1,5,3,1,2,1,1,3
SF,IF2008,2020-06-29 09:34:27.200,4053.4000,1736,0,184049220.000,0,-,-,-,-,4052.0000,4051.8000,4051.0000,4045.0000,4043.0000,4055.4000,4055.6000,4055.8000,4057.6000,4064.6000,1,1,1,5,3,1,1,1,1,1
SF,IF2008,2020-06-29 09:34:27.700,4053.4000,1736,0,184049220.000,0,-,-,-,-,4052.4000,4052.2000,4052.0000,4051.8000,4051.0000,4055.2000,4057.6000,4064.6000,4064.8000,4065.0000,1,1,2,1,1,1,1,1,3,5
SF,IF2008,2020-06-29 09:34:28.200,4053.4000,1736,0,184049220.000,0,-,-,-,-,4052.6000,4052.2000,4051.8000,4051.0000,4045.0000,4055.0000,4055.2000,4057.6000,4064.6000,4064.8000,1,1,1,1,5,2,1,1,1,3
SF,IF2008,2020-06-29 09:34:28.700,4053.4000,1736,0,184049220.000,0,-,-,-,-,4051.8000,4051.0000,4050.4000,4045.0000,4043.0000,4054.8000,4055.0000,4057.6000,4064.6000,4064.8000,1,1,1,5,3,1,2,1,1,3
SF,IF2008,2020-06-29 09:34:29.200,4053.4000,1736,0,184049220.000,0,-,-,-,-,4052.0000,4051.8000,4051.0000,4050.4000,4045.0000,4054.6000,4054.8000,4055.0000,4057.6000,4064.6000,1,1,1,1,5,2,1,1,1,1
SF,IF2008,2020-06-29 09:34:29.700,4053.4000,1736,0,184049220.000,0,-,-,-,-,4051.8000,4051.0000,4050.4000,4045.0000,4043.0000,4054.4000,4054.6000,4055.0000,4057.6000,4064.6000,1,1,1,5,3,1,2,1,1,1
SF,IF2008,2020-06-29 09:34:30.200,4053.4000,1736,0,184049220.000,0,-,-,-,-,4051.8000,4051.0000,4050.4000,4045.0000,4043.0000,4054.2000,4054.4000,4054.6000,4055.0000,4057.6000,1,1,1,5,3,1,1,1,1,1
SF,IF2008,2020-06-29 09:34:30.700,4051.8000,1736,0,185264760.000,1,0,1,多换,S,4051.0000,4050.4000,4045.0000,4043.0000,4024.4000,4054.0000,4054.2000,4054.6000,4055.0000,4064.6000,1,1,5,3,5,2,2,1,1,1
SF,IF2008,2020-06-29 09:34:31.200,4051.8000,1736,0,185264760.000,0,-,-,-,-,4051.0000,4050.4000,4043.0000,4040.0000,4024.4000,4053.8000,4054.0000,4054.6000,4064.6000,4064.8000,1,1,3,5,5,2,2,1,1,3
SF,IF2008,2020-06-29 09:34:31.700,4051.8000,1736,0,185264760.000,0,-,-,-,-,4051.0000,4050.4000,4043.0000,4040.0000,4024.4000,4053.6000,4053.8000,4054.0000,4054.6000,4064.6000,1,1,3,5,5,2,2,1,1,1
SF,IF2008,2020-06-29 09:34:32.200,4051.0000,1735,-1,186480060.000,1,0,1,双平,S,4050.4000,4043.0000,4040.0000,4024.4000,4024.2000,4053.0000,4053.2000,4053.4000,4053.6000,4053.8000,1,3,5,5,1,1,1,1,2,1
SF,IF2008,2020-06-29 09:34:32.700,4051.0000,1735,0,186480060.000,0,-,-,-,-,4050.4000,4043.0000,4040.0000,4024.4000,4024.2000,4052.8000,4053.0000,4053.2000,4053.6000,4054.0000,1,3,5,5,1,2,1,1,1,1
SF,IF2008,2020-06-29 09:34:33.200,4051.0000,1735,0,186480060.000,0,-,-,-,-,4050.4000,4043.0000,4040.0000,4024.4000,4024.2000,4052.6000,4052.8000,4053.0000,4053.2000,4053.6000,1,3,5,5,1,2,2,1,1,1
SF,IF2008,2020-06-29 09:34:33.700,4050.4000,1735,0,187695180.000,1,0,1,多换,S,4043.0000,4040.0000,4024.4000,4024.2000,4023.0000,4052.4000,4052.6000,4053.0000,4053.2000,4053.6000,3,5,5,1,1,4,1,1,1,1
SF,IF2008,2020-06-29 09:34:34.200,4050.4000,1735,0,187695180.000,0,-,-,-,-,4047.4000,4045.8000,4044.8000,4043.2000,4043.0000,4052.2000,4052.4000,4052.6000,4053.2000,4054.0000,1,1,1,3,3,1,3,1,1,1
SF,IF2008,2020-06-29 09:34:34.700,4050.4000,1735,0,187695180.000,0,-,-,-,-,4047.6000,4045.8000,4044.8000,4043.2000,4043.0000,4051.2000,4052.0000,4052.4000,4052.6000,4054.0000,1,1,1,2,3,1,3,1,1,1
SF,IF2008,2020-06-29 09:34:35.200,4050.4000,1735,0,187695180.000,0,-,-,-,-,4047.6000,4045.8000,4044.8000,4043.2000,4043.0000,4051.0000,4051.2000,4052.0000,4052.4000,4052.6000,1,1,1,2,3,13,1,1,1,1
SF,IF2008,2020-06-29 09:34:35.700,4050.4000,1735,0,187695180.000,0,-,-,-,-,4045.8000,4044.8000,4043.2000,4043.0000,4040.0000,4050.8000,4051.0000,4051.2000,4052.0000,4052.4000,1,1,2,3,5,1,2,1,1,1
SF,IF2008,2020-06-29 09:34:36.200,4050.4000,1735,0,187695180.000,0,-,-,-,-,4046.4000,4046.0000,4045.8000,4044.8000,4043.2000,4050.6000,4050.8000,4051.2000,4052.4000,4052.6000,1,1,1,1,2,2,1,1,1,1
SF,IF2008,2020-06-29 09:34:36.700,4050.4000,1735,0,187695180.000,0,-,-,-,-,4046.6000,4046.4000,4045.8000,4044.8000,4043.2000,4050.6000,4050.8000,4051.2000,4052.4000,4052.6000,1,1,1,1,2,2,1,1,1,1
SF,IF2008,2020-06-29 09:34:37.200,4050.4000,1735,0,187695180.000,0,-,-,-,-,4046.8000,4046.6000,4046.4000,4045.8000,4044.8000,4050.6000,4050.8000,4052.4000,4055.0000,4064.6000,1,1,1,1,1,2,1,1,5,1
SF,IF2008,2020-06-29 09:34:37.700,4050.4000,1735,0,187695180.000,0,-,-,-,-,4047.2000,4047.0000,4046.8000,4045.8000,4044.8000,4050.6000,4050.8000,4052.4000,4055.0000,4064.6000,1,2,1,1,1,1,1,1,5,1
SF,IF2008,2020-06-29 09:34:38.200,4050.4000,1735,0,187695180.000,0,-,-,-,-,4047.4000,4047.0000,4046.8000,4045.8000,4044.8000,4050.4000,4050.6000,4050.8000,4052.4000,4055.0000,2,1,1,1,1,1,1,1,1,5
