市场代码,合约代码,时间,最新,持仓,增仓,成交额,成交量,开仓,平仓,成交类型,方向,买一价,买二价,买三价,买四价,买五价,卖一价,卖二价,卖三价,卖四价,卖五价,买一量,买二量,买三量,买四量,买五量,卖一量,卖二量,卖三量,卖四量,卖五量
SF,IF2001,2019-12-06 09:29:00.100,3880.0000,6097,0,0.000,0.000,-,-,-,-,3890.0000,3887.0000,3882.2000,3881.8000,3881.6000,3891.8000,3894.0000,3894.6000,3895.2000,3896.6000,1,1,1,2,2,1,1,1,1,1
SF,IF2001,2019-12-06 09:30:00.100,3887.4000,6094,-3,8163480.000,7,2,5,多平,S,3882.2000,3881.6000,3880.4000,3880.0000,3879.6000,3887.4000,3887.6000,3887.8000,3888.4000,3888.6000,1,2,1,1,4,1,2,1,1,1
SF,IF2001,2019-12-06 09:30:00.600,3882.8000,6091,-3,11660760.000,3,0,3,双平,S,3882.4000,3882.0000,3880.4000,3880.0000,3878.2000,3884.6000,3885.0000,3886.2000,3887.2000,3887.4000,1,1,1,1,2,1,1,1,5,1
SF,IF2001,2019-12-06 09:30:01.100,3883.4000,6090,-1,12825780.000,1,0,1,双平,S,3880.4000,3880.0000,3878.8000,3878.2000,3878.0000,3881.8000,3882.8000,3883.6000,3884.0000,3884.4000,1,1,1,2,2,1,2,1,1,4
SF,IF2001,2019-12-06 09:30:01.600,3883.4000,6090,0,12825780.000,0,-,-,-,-,3880.8000,3880.6000,3880.4000,3880.0000,3878.8000,3884.4000,3885.0000,3886.2000,3887.0000,3887.2000,1,2,2,1,1,5,1,2,1,4
SF,IF2001,2019-12-06 09:30:02.100,3883.4000,6090,0,12825780.000,0,-,-,-,-,3882.0000,3881.8000,3881.2000,3881.0000,3880.8000,3883.8000,3884.4000,3885.2000,3886.0000,3886.2000,1,4,1,3,1,1,5,3,1,2
SF,IF2001,2019-12-06 09:30:02.600,3883.4000,6090,0,12825780.000,0,-,-,-,-,3882.2000,3881.8000,3881.6000,3881.0000,3880.8000,3883.0000,3883.6000,3884.4000,3885.8000,3886.0000,2,4,2,1,1,1,1,5,1,1
SF,IF2001,2019-12-06 09:30:03.100,3883.4000,6090,0,12825780.000,0,-,-,-,-,3882.2000,3881.8000,3881.6000,3881.4000,3881.0000,3883.6000,3884.4000,3885.8000,3886.0000,3886.2000,2,4,2,1,1,1,5,1,1,2
SF,IF2001,2019-12-06 09:30:03.600,3883.4000,6090,0,12825780.000,0,-,-,-,-,3882.2000,3881.6000,3881.4000,3881.0000,3880.8000,3883.6000,3884.4000,3885.2000,3885.8000,3886.0000,2,2,1,1,1,1,5,1,1,1
SF,IF2001,2019-12-06 09:30:04.100,3883.4000,6090,0,12825780.000,0,-,-,-,-,3882.2000,3881.6000,3881.4000,3881.0000,3880.8000,3882.8000,3883.4000,3883.6000,3884.4000,3885.2000,2,2,1,1,1,1,2,2,4,1
SF,IF2001,2019-12-06 09:30:04.600,3883.4000,6090,0,12825780.000,0,-,-,-,-,3882.2000,3881.6000,3881.4000,3881.0000,3880.8000,3883.4000,3883.6000,3884.4000,3885.2000,3885.8000,2,2,1,1,1,2,2,4,1,1
SF,IF2001,2019-12-06 09:30:05.100,3883.4000,6090,0,12825780.000,0,-,-,-,-,3882.2000,3881.6000,3881.4000,3881.0000,3880.8000,3883.2000,3883.4000,3883.6000,3884.4000,3885.2000,2,2,1,1,1,2,1,2,3,1
SF,IF2001,2019-12-06 09:30:05.600,3882.2000,6089,-1,13990440.000,1,0,1,双平,S,3882.2000,3881.4000,3880.8000,3880.6000,3880.4000,3882.4000,3883.0000,3883.2000,3883.4000,3883.6000,1,1,1,2,1,1,1,3,1,2
SF,IF2001,2019-12-06 09:30:06.100,3882.2000,6089,0,15155100.000,1,0,1,多换,S,3880.8000,3880.4000,3880.0000,3878.8000,3878.0000,3882.0000,3882.2000,3882.8000,3883.2000,3883.4000,1,1,1,1,2,1,5,1,3,1
SF,IF2001,2019-12-06 09:30:06.600,3882.2000,6089,0,15155100.000,0,-,-,-,-,3881.0000,3880.8000,3880.4000,3880.0000,3878.8000,3881.8000,3882.0000,3882.2000,3882.8000,3883.2000,1,1,1,1,1,1,1,4,1,3
SF,IF2001,2019-12-06 09:30:07.100,3882.0000,6088,-1,16319700.000,1,0,1,双平,S,3881.4000,3881.0000,3880.8000,3880.4000,3880.0000,3882.2000,3883.2000,3883.4000,3883.6000,3884.4000,2,2,1,1,1,4,1,1,2,3
SF,IF2001,2019-12-06 09:30:07.600,3881.0000,6086,-2,18648420.000,2,0,2,双平,S,3880.8000,3880.4000,3880.0000,3878.8000,3878.0000,3881.6000,3882.2000,3882.4000,3883.2000,3883.4000,1,1,1,1,2,1,2,1,1,1
SF,IF2001,2019-12-06 09:30:08.100,3881.0000,6086,0,18648420.000,0,-,-,-,-,3881.0000,3880.8000,3880.4000,3880.0000,3878.8000,3883.2000,3883.4000,3883.6000,3884.4000,3885.8000,1,1,1,1,1,1,1,2,3,1
SF,IF2001,2019-12-06 09:30:08.600,3881.0000,6086,0,18648420.000,0,-,-,-,-,3881.2000,3880.8000,3880.4000,3880.0000,3878.8000,3882.8000,3883.0000,3883.2000,3883.6000,3884.4000,1,1,1,1,1,1,2,1,2,3
SF,IF2001,2019-12-06 09:30:09.100,3881.0000,6086,0,18648420.000,0,-,-,-,-,3881.2000,3880.8000,3880.4000,3880.0000,3878.8000,3882.6000,3882.8000,3883.2000,3883.6000,3884.4000,1,1,1,1,1,2,1,1,1,3
SF,IF2001,2019-12-06 09:30:09.600,3881.0000,6084,-2,20977020.000,2,0,2,双平,S,3881.2000,3880.8000,3880.4000,3880.0000,3878.8000,3882.6000,3882.8000,3883.2000,3883.6000,3884.4000,1,1,1,1,1,1,1,1,1,3
SF,IF2001,2019-12-06 09:30:10.100,3881.0000,6084,0,20977020.000,0,-,-,-,-,3881.2000,3880.8000,3880.4000,3880.0000,3878.8000,3882.6000,3882.8000,3883.2000,3883.6000,3884.4000,1,1,1,1,1,1,1,1,1,3
SF,IF2001,2019-12-06 09:30:10.600,3881.0000,6084,0,20977020.000,0,-,-,-,-,3881.2000,3880.8000,3880.4000,3880.0000,3878.8000,3882.6000,3882.8000,3883.2000,3883.6000,3884.4000,1,1,1,1,1,1,1,1,1,3
SF,IF2001,2019-12-06 09:30:11.100,3881.0000,6084,0,20977020.000,0,-,-,-,-,3881.4000,3880.8000,3880.4000,3880.0000,3878.8000,3881.8000,3882.4000,3882.6000,3882.8000,3883.2000,2,1,1,1,1,1,1,1,1,1
SF,IF2001,2019-12-06 09:30:11.600,3881.4000,6083,-1,22141440.000,1,0,1,双平,S,3881.4000,3880.8000,3880.4000,3880.0000,3878.8000,3882.4000,3882.6000,3882.8000,3883.2000,3883.6000,2,1,1,1,1,3,1,1,1,1
SF,IF2001,2019-12-06 09:30:12.100,3881.4000,6082,-1,23305860.000,1,0,1,双平,S,3880.8000,3880.4000,3880.0000,3878.8000,3878.0000,3882.2000,3882.4000,3882.8000,3883.2000,3883.6000,1,1,1,1,2,1,1,1,1,1
SF,IF2001,2019-12-06 09:30:12.600,3881.4000,6082,0,23305860.000,0,-,-,-,-,3880.8000,3880.4000,3880.0000,3878.8000,3878.0000,3882.2000,3882.4000,3882.8000,3883.2000,3883.6000,1,1,1,1,2,1,2,1,1,1
SF,IF2001,2019-12-06 09:30:13.100,3881.4000,6082,0,23305860.000,0,-,-,-,-,3881.2000,3880.8000,3880.4000,3880.0000,3878.8000,3881.4000,3882.2000,3882.4000,3882.8000,3883.2000,1,1,1,1,1,3,1,2,1,1
SF,IF2001,2019-12-06 09:30:13.600,3881.2000,6081,-1,24470220.000,1,0,1,双平,S,3880.8000,3880.4000,3880.0000,3878.8000,3878.0000,3881.4000,3882.0000,3882.4000,3882.8000,3883.6000,1,1,1,1,2,3,1,2,1,1
SF,IF2001,2019-12-06 09:30:14.600,3880.8000,6081,0,25634460.000,1,0,1,多换,S,3880.0000,3879.6000,3878.8000,3878.0000,3876.4000,3881.4000,3882.0000,3882.4000,3882.8000,3883.6000,1,1,1,2,1,3,2,2,1,1
SF,IF2001,2019-12-06 09:30:15.100,3880.8000,6081,0,25634460.000,0,-,-,-,-,3880.0000,3879.6000,3878.8000,3878.0000,3876.4000,3881.2000,3881.4000,3882.0000,3882.4000,3882.8000,1,1,1,2,1,2,3,2,2,1
SF,IF2001,2019-12-06 09:30:15.600,3880.8000,6081,0,25634460.000,0,-,-,-,-,3880.2000,3880.0000,3879.6000,3878.8000,3878.0000,3881.2000,3881.4000,3882.0000,3882.4000,3882.8000,1,1,1,1,2,2,3,1,2,1
SF,IF2001,2019-12-06 09:30:16.600,3880.8000,6081,0,25634460.000,0,-,-,-,-,3880.2000,3880.0000,3879.6000,3878.8000,3878.0000,3881.2000,3881.4000,3882.0000,3882.4000,3882.8000,1,1,1,1,2,1,3,1,2,1
SF,IF2001,2019-12-06 09:30:17.100,3880.8000,6081,0,25634460.000,0,-,-,-,-,3880.2000,3880.0000,3879.6000,3878.8000,3878.0000,3881.2000,3881.4000,3882.0000,3882.4000,3882.8000,1,1,1,1,2,1,3,1,1,1
SF,IF2001,2019-12-06 09:30:17.600,3880.8000,6081,0,25634460.000,0,-,-,-,-,3880.2000,3880.0000,3879.6000,3878.8000,3878.0000,3881.2000,3881.4000,3882.0000,3882.4000,3882.8000,1,1,1,1,2,1,3,1,1,1
SF,IF2001,2019-12-06 09:30:18.100,3880.8000,6081,0,25634460.000,0,-,-,-,-,3880.2000,3880.0000,3879.6000,3878.8000,3878.0000,3881.4000,3882.0000,3882.4000,3882.8000,3883.6000,1,1,1,1,2,3,1,1,1,1
SF,IF2001,2019-12-06 09:30:19.600,3880.8000,6081,0,25634460.000,0,-,-,-,-,3880.2000,3880.0000,3879.6000,3878.8000,3878.0000,3881.4000,3882.0000,3882.4000,3882.8000,3883.6000,2,1,1,1,2,3,1,1,1,1
SF,IF2001,2019-12-06 09:30:20.100,3880.8000,6081,0,25634460.000,0,-,-,-,-,3880.2000,3880.0000,3879.6000,3878.8000,3878.0000,3881.4000,3882.4000,3882.8000,3883.6000,3884.4000,2,1,1,1,2,3,1,1,1,3
SF,IF2001,2019-12-06 09:30:20.600,3880.8000,6081,0,25634460.000,0,-,-,-,-,3880.4000,3880.2000,3880.0000,3879.6000,3878.8000,3881.4000,3882.8000,3883.6000,3884.4000,3887.2000,3,3,1,1,1,3,1,1,3,2
SF,IF2001,2019-12-06 09:30:23.600,3880.8000,6081,0,25634460.000,0,-,-,-,-,3880.4000,3880.2000,3880.0000,3879.6000,3878.8000,3881.4000,3882.8000,3883.6000,3884.4000,3887.2000,2,3,1,1,1,3,1,1,3,2
SF,IF2001,2019-12-06 09:30:24.100,3880.8000,6081,0,25634460.000,0,-,-,-,-,3880.4000,3880.2000,3880.0000,3879.6000,3878.8000,3881.2000,3881.4000,3882.8000,3883.6000,3884.4000,2,3,1,1,1,1,3,1,1,3
SF,IF2001,2019-12-06 09:30:25.100,3880.4000,6080,-1,26798580.000,1,0,1,双平,S,3880.4000,3880.2000,3880.0000,3879.6000,3878.8000,3881.2000,3881.4000,3882.8000,3883.6000,3884.4000,1,3,1,1,1,1,3,1,1,3
SF,IF2001,2019-12-06 09:30:27.600,3880.4000,6080,0,26798580.000,0,-,-,-,-,3880.2000,3880.0000,3879.6000,3878.8000,3878.0000,3881.2000,3881.4000,3882.8000,3883.6000,3884.4000,3,1,1,1,2,1,3,1,1,3
SF,IF2001,2019-12-06 09:30:29.100,3880.4000,6080,0,26798580.000,0,-,-,-,-,3880.2000,3880.0000,3879.6000,3878.8000,3878.0000,3881.2000,3881.4000,3882.8000,3883.6000,3884.4000,2,1,1,1,2,1,3,1,1,3
SF,IF2001,2019-12-06 09:30:29.600,3880.2000,6078,-2,29126760.000,2,0,2,双平,S,3880.2000,3880.0000,3879.6000,3878.8000,3878.0000,3881.2000,3881.4000,3882.8000,3883.6000,3884.4000,1,1,1,1,2,1,3,1,1,3
SF,IF2001,2019-12-06 09:30:30.600,3880.2000,6078,0,29126760.000,0,-,-,-,-,3880.2000,3880.0000,3879.6000,3878.8000,3878.0000,3881.2000,3881.4000,3882.0000,3882.8000,3883.6000,1,1,1,1,2,1,3,1,1,1
SF,IF2001,2019-12-06 09:30:32.100,3880.2000,6078,0,29126760.000,0,-,-,-,-,3880.2000,3880.0000,3879.6000,3878.8000,3878.0000,3881.2000,3881.4000,3882.0000,3882.8000,3883.6000,1,1,1,1,2,1,3,1,1,1
SF,IF2001,2019-12-06 09:30:32.600,3880.2000,6078,0,29126760.000,0,-,-,-,-,3880.4000,3880.2000,3880.0000,3879.6000,3878.8000,3881.2000,3881.4000,3882.0000,3882.8000,3883.6000,1,1,1,1,1,1,3,1,1,1
SF,IF2001,2019-12-06 09:30:33.100,3881.2000,6078,0,30291120.000,1,0,1,多换,S,3881.2000,3880.4000,3880.2000,3880.0000,3879.6000,3881.4000,3882.0000,3882.8000,3883.6000,3884.4000,1,2,1,1,1,3,1,1,1,3
SF,IF2001,2019-12-06 09:30:33.600,3881.2000,6078,0,31455480.000,1,0,1,多换,S,3880.4000,3880.2000,3880.0000,3879.6000,3878.8000,3881.4000,3882.0000,3882.8000,3883.6000,3884.4000,2,1,1,1,1,3,1,1,1,3
SF,IF2001,2019-12-06 09:30:34.100,3881.2000,6078,0,31455480.000,0,-,-,-,-,3880.4000,3880.2000,3880.0000,3879.6000,3878.8000,3881.4000,3882.8000,3883.6000,3884.4000,3887.2000,3,1,1,1,1,3,1,1,3,2
SF,IF2001,2019-12-06 09:30:34.600,3881.2000,6078,0,31455480.000,0,-,-,-,-,3880.6000,3880.4000,3880.2000,3880.0000,3879.6000,3881.4000,3882.8000,3883.6000,3884.4000,3887.2000,1,3,1,1,1,3,1,1,3,2
SF,IF2001,2019-12-06 09:30:36.100,3881.2000,6078,0,31455480.000,0,-,-,-,-,3880.8000,3880.6000,3880.4000,3880.2000,3880.0000,3881.4000,3882.8000,3883.6000,3884.4000,3887.2000,1,1,3,1,1,3,1,1,3,2
SF,IF2001,2019-12-06 09:30:36.600,3881.2000,6078,0,31455480.000,0,-,-,-,-,3881.0000,3880.8000,3880.6000,3880.4000,3880.2000,3881.4000,3882.8000,3883.6000,3884.4000,3887.2000,1,1,1,3,1,3,1,1,3,2
SF,IF2001,2019-12-06 09:30:37.100,3881.2000,6078,0,31455480.000,0,-,-,-,-,3880.8000,3880.6000,3880.4000,3880.2000,3880.0000,3881.4000,3882.8000,3883.6000,3884.4000,3887.2000,1,1,3,1,1,3,1,1,3,2
SF,IF2001,2019-12-06 09:30:41.100,3881.4000,6075,-3,34948740.000,3,0,3,双平,S,3880.8000,3880.6000,3880.4000,3880.2000,3880.0000,3882.8000,3883.6000,3884.4000,3887.2000,3888.6000,1,1,3,1,1,1,1,3,2,2
SF,IF2001,2019-12-06 09:30:41.600,3881.4000,6075,0,34948740.000,0,-,-,-,-,3881.4000,3881.0000,3880.8000,3880.6000,3880.4000,3882.6000,3882.8000,3883.6000,3884.4000,3887.2000,1,3,1,1,3,1,1,1,3,2
SF,IF2001,2019-12-06 09:30:42.100,3881.4000,6075,0,34948740.000,0,-,-,-,-,3881.4000,3881.0000,3880.8000,3880.6000,3880.4000,3882.6000,3882.8000,3883.6000,3884.4000,3887.2000,1,4,1,1,3,1,1,1,3,2
SF,IF2001,2019-12-06 09:30:42.600,3882.6000,6074,-1,36113520.000,1,0,1,双平,S,3881.4000,3881.0000,3880.8000,3880.6000,3880.4000,3882.2000,3882.8000,3883.6000,3884.4000,3886.4000,1,4,1,2,3,1,1,1,3,2
SF,IF2001,2019-12-06 09:30:43.100,3882.6000,6073,-1,37278300.000,1,0,1,双平,S,3882.4000,3882.2000,3881.2000,3881.0000,3880.6000,3883.6000,3884.4000,3886.4000,3887.2000,3888.6000,1,1,1,4,2,1,3,2,2,2
SF,IF2001,2019-12-06 09:30:43.600,3882.6000,6073,0,37278300.000,0,-,-,-,-,3882.4000,3881.6000,3881.2000,3881.0000,3880.6000,3883.4000,3883.6000,3884.4000,3886.4000,3887.2000,1,2,1,4,2,1,1,3,2,2
SF,IF2001,2019-12-06 09:30:44.100,3882.6000,6073,0,37278300.000,0,-,-,-,-,3882.4000,3881.6000,3881.2000,3881.0000,3880.6000,3883.4000,3883.6000,3884.4000,3887.2000,3888.6000,1,2,1,3,2,1,1,3,2,2
SF,IF2001,2019-12-06 09:30:44.600,3882.6000,6073,0,37278300.000,0,-,-,-,-,3881.6000,3881.2000,3881.0000,3880.6000,3880.4000,3883.4000,3883.6000,3884.4000,3887.2000,3888.6000,2,1,3,2,2,1,1,3,2,2
SF,IF2001,2019-12-06 09:30:45.100,3882.6000,6073,0,37278300.000,0,-,-,-,-,3881.8000,3881.6000,3881.2000,3881.0000,3880.6000,3883.4000,3883.6000,3884.4000,3887.2000,3888.6000,2,2,1,3,2,1,1,3,2,2
SF,IF2001,2019-12-06 09:30:45.600,3882.6000,6073,0,37278300.000,0,-,-,-,-,3882.0000,3881.8000,3881.6000,3881.2000,3881.0000,3883.4000,3883.6000,3884.4000,3886.4000,3887.2000,1,1,2,1,3,1,1,3,2,2
SF,IF2001,2019-12-06 09:30:46.100,3882.6000,6073,0,37278300.000,0,-,-,-,-,3882.0000,3881.8000,3881.6000,3881.2000,3881.0000,3883.4000,3884.4000,3886.4000,3887.2000,3888.6000,3,1,2,1,2,1,1,2,2,2
SF,IF2001,2019-12-06 09:30:46.600,3882.6000,6073,0,37278300.000,0,-,-,-,-,3882.2000,3882.0000,3881.6000,3881.2000,3881.0000,3883.4000,3884.4000,3886.4000,3887.2000,3888.6000,1,3,2,1,2,1,1,2,2,2
SF,IF2001,2019-12-06 09:30:47.100,3883.4000,6073,0,38443320.000,1,0,1,多换,S,3883.4000,3882.2000,3882.0000,3881.6000,3881.2000,3884.4000,3886.4000,3887.2000,3888.6000,3889.0000,3,1,3,2,1,1,2,2,2,1
SF,IF2001,2019-12-06 09:30:47.600,3883.4000,6073,0,38443320.000,0,-,-,-,-,3883.4000,3882.0000,3881.6000,3881.2000,3881.0000,3884.0000,3884.2000,3884.4000,3886.4000,3887.2000,1,3,1,1,1,1,1,1,2,2
SF,IF2001,2019-12-06 09:30:48.100,3884.0000,6072,-1,39608520.000,1,0,1,双平,S,3883.4000,3882.0000,3881.6000,3881.2000,3881.0000,3884.2000,3884.4000,3886.4000,3887.2000,3888.6000,1,3,1,1,1,1,1,2,2,2
SF,IF2001,2019-12-06 09:30:48.600,3884.2000,6071,-1,40773780.000,1,0,1,双平,S,3883.4000,3882.0000,3881.6000,3881.2000,3881.0000,3884.4000,3886.4000,3887.2000,3888.6000,3889.0000,1,3,1,1,1,1,2,2,2,1
SF,IF2001,2019-12-06 09:30:50.100,3884.2000,6071,0,40773780.000,0,-,-,-,-,3883.4000,3882.0000,3881.6000,3881.2000,3881.0000,3884.4000,3886.4000,3887.2000,3888.6000,3889.0000,1,3,1,1,1,1,2,2,1,1
SF,IF2001,2019-12-06 09:30:50.600,3884.2000,6071,0,40773780.000,0,-,-,-,-,3883.4000,3882.0000,3881.6000,3881.2000,3881.0000,3884.2000,3884.4000,3886.4000,3887.2000,3888.6000,1,3,1,1,1,3,1,2,2,1
SF,IF2001,2019-12-06 09:30:51.100,3884.2000,6071,0,40773780.000,0,-,-,-,-,3882.0000,3881.6000,3881.2000,3881.0000,3880.6000,3884.2000,3884.4000,3886.4000,3887.2000,3888.6000,3,1,1,1,2,1,1,2,2,1
SF,IF2001,2019-12-06 09:30:51.600,3884.2000,6071,0,40773780.000,0,-,-,-,-,3882.2000,3882.0000,3881.6000,3881.2000,3881.0000,3884.0000,3884.2000,3884.4000,3886.4000,3887.2000,1,3,1,1,1,1,1,1,2,2
SF,IF2001,2019-12-06 09:30:52.100,3884.2000,6071,0,40773780.000,0,-,-,-,-,3882.2000,3882.0000,3881.6000,3881.2000,3881.0000,3884.0000,3884.2000,3884.4000,3886.4000,3887.2000,1,1,1,1,1,2,1,1,2,2
SF,IF2001,2019-12-06 09:30:52.600,3884.2000,6071,0,40773780.000,0,-,-,-,-,3882.2000,3882.0000,3881.6000,3881.2000,3881.0000,3883.8000,3884.0000,3884.2000,3884.4000,3887.2000,1,1,1,1,1,1,2,1,2,2
SF,IF2001,2019-12-06 09:30:53.100,3882.2000,6070,-1,41938440.000,1,0,1,双平,S,3882.0000,3881.6000,3881.2000,3881.0000,3880.6000,3883.6000,3883.8000,3884.0000,3884.2000,3884.4000,1,1,1,1,2,1,1,1,1,2
SF,IF2001,2019-12-06 09:30:53.600,3882.2000,6070,0,41938440.000,0,-,-,-,-,3882.2000,3882.0000,3881.6000,3881.2000,3881.0000,3883.6000,3883.8000,3884.2000,3884.4000,3887.2000,2,1,1,1,1,1,1,1,2,2
SF,IF2001,2019-12-06 09:30:54.100,3882.2000,6070,0,41938440.000,0,-,-,-,-,3882.2000,3882.0000,3881.6000,3881.2000,3881.0000,3883.6000,3883.8000,3884.2000,3884.4000,3887.2000,1,1,1,1,1,1,1,1,4,2
SF,IF2001,2019-12-06 09:30:55.100,3882.2000,6069,-1,43103100.000,1,0,1,双平,S,3881.2000,3881.0000,3880.6000,3880.4000,3880.0000,3883.6000,3883.8000,3884.2000,3884.4000,3887.2000,1,1,2,2,1,2,1,1,4,2
SF,IF2001,2019-12-06 09:30:55.600,3882.2000,6069,0,43103100.000,0,-,-,-,-,3881.4000,3881.2000,3881.0000,3880.6000,3880.4000,3883.4000,3883.6000,3884.2000,3884.4000,3887.2000,2,2,1,2,2,1,1,1,4,2
SF,IF2001,2019-12-06 09:30:56.100,3882.2000,6069,0,43103100.000,0,-,-,-,-,3881.4000,3881.2000,3881.0000,3880.6000,3880.4000,3882.2000,3883.4000,3883.6000,3884.2000,3884.4000,2,2,1,2,2,1,2,1,1,4
SF,IF2001,2019-12-06 09:30:56.600,3882.2000,6068,-1,44267760.000,1,0,1,双平,S,3881.4000,3881.2000,3881.0000,3880.6000,3880.4000,3883.0000,3883.4000,3883.6000,3884.2000,3884.4000,1,2,1,2,2,1,2,1,1,4
SF,IF2001,2019-12-06 09:30:57.100,3882.2000,6068,0,44267760.000,0,-,-,-,-,3881.6000,3881.4000,3881.2000,3881.0000,3880.6000,3883.0000,3883.4000,3883.6000,3884.2000,3884.4000,1,2,2,1,2,1,1,1,1,4
SF,IF2001,2019-12-06 09:30:57.600,3882.2000,6068,0,44267760.000,0,-,-,-,-,3881.8000,3881.6000,3881.4000,3881.2000,3881.0000,3883.0000,3883.4000,3883.6000,3884.2000,3884.4000,1,1,1,2,1,1,1,1,1,4
SF,IF2001,2019-12-06 09:30:58.100,3882.2000,6068,0,44267760.000,0,-,-,-,-,3881.8000,3881.6000,3881.4000,3881.2000,3881.0000,3883.0000,3883.4000,3883.6000,3884.2000,3884.4000,1,1,1,2,1,1,1,1,1,4
SF,IF2001,2019-12-06 09:30:59.600,3882.2000,6068,0,44267760.000,0,-,-,-,-,3881.8000,3881.6000,3881.4000,3881.2000,3881.0000,3883.0000,3883.4000,3883.6000,3884.4000,3886.0000,1,1,1,2,1,1,1,1,4,1
SF,IF2001,2019-12-06 09:31:01.100,3882.2000,6068,0,44267760.000,0,-,-,-,-,3881.8000,3881.4000,3881.2000,3881.0000,3880.6000,3883.0000,3883.4000,3883.6000,3884.4000,3886.0000,1,1,1,1,2,1,1,1,4,1
SF,IF2001,2019-12-06 09:31:02.100,3882.2000,6068,0,44267760.000,0,-,-,-,-,3881.8000,3881.4000,3881.2000,3881.0000,3880.6000,3883.0000,3883.4000,3883.6000,3884.4000,3886.0000,1,1,1,1,2,1,1,1,4,1
SF,IF2001,2019-12-06 09:31:02.600,3882.2000,6068,0,44267760.000,0,-,-,-,-,3881.4000,3881.2000,3881.0000,3880.6000,3880.4000,3882.8000,3883.0000,3883.6000,3884.4000,3886.0000,1,1,1,2,3,1,1,1,4,1
SF,IF2001,2019-12-06 09:31:03.100,3882.2000,6068,0,44267760.000,0,-,-,-,-,3881.6000,3881.4000,3881.2000,3881.0000,3880.6000,3882.8000,3883.0000,3883.6000,3884.4000,3886.0000,1,1,1,1,2,1,1,1,4,1
SF,IF2001,2019-12-06 09:31:04.100,3882.8000,6067,-1,45432600.000,1,0,1,双平,S,3882.8000,3881.6000,3881.4000,3881.2000,3880.6000,3883.0000,3883.6000,3884.4000,3886.0000,3887.2000,1,1,1,1,1,1,1,4,1,2
SF,IF2001,2019-12-06 09:31:04.600,3882.8000,6066,-1,46597440.000,1,0,1,双平,S,3881.6000,3881.4000,3881.2000,3880.6000,3880.4000,3882.8000,3883.6000,3884.4000,3886.0000,3887.2000,1,1,1,1,2,2,1,4,1,2
SF,IF2001,2019-12-06 09:31:05.100,3882.8000,6066,0,46597440.000,0,-,-,-,-,3881.6000,3881.2000,3880.6000,3880.4000,3880.0000,3882.8000,3883.6000,3884.4000,3886.0000,3887.2000,1,1,1,2,1,2,1,4,1,2
SF,IF2001,2019-12-06 09:31:05.600,3882.8000,6066,0,46597440.000,0,-,-,-,-,3881.6000,3881.2000,3880.6000,3880.4000,3880.0000,3882.8000,3883.6000,3884.4000,3887.2000,3888.6000,1,1,1,2,1,1,1,4,2,1
SF,IF2001,2019-12-06 09:31:06.100,3882.8000,6066,0,46597440.000,0,-,-,-,-,3881.6000,3881.2000,3880.6000,3880.4000,3880.0000,3882.8000,3883.6000,3884.4000,3887.2000,3888.6000,1,1,1,2,1,1,1,4,2,1
SF,IF2001,2019-12-06 09:31:06.600,3882.8000,6065,-1,47762280.000,1,0,1,双平,S,3881.6000,3881.2000,3880.6000,3880.4000,3880.0000,3883.6000,3884.4000,3887.2000,3888.6000,3889.0000,1,1,1,2,1,1,4,2,1,1
SF,IF2001,2019-12-06 09:31:07.100,3882.8000,6065,0,47762280.000,0,-,-,-,-,3881.6000,3881.2000,3880.6000,3880.4000,3880.0000,3883.6000,3884.4000,3887.2000,3888.6000,3889.0000,1,1,1,2,1,1,4,2,1,1
SF,IF2001,2019-12-06 09:31:07.600,3882.8000,6065,0,47762280.000,0,-,-,-,-,3881.6000,3881.2000,3880.6000,3880.4000,3880.0000,3883.6000,3884.4000,3887.2000,3888.6000,3889.0000,1,1,1,2,1,1,4,2,1,1
SF,IF2001,2019-12-06 09:31:08.100,3882.8000,6065,0,47762280.000,0,-,-,-,-,3881.8000,3881.6000,3881.2000,3880.6000,3880.4000,3883.4000,3883.6000,3884.4000,3887.2000,3888.6000,1,1,1,1,2,1,1,4,2,1
SF,IF2001,2019-12-06 09:31:08.600,3882.8000,6065,0,47762280.000,0,-,-,-,-,3882.0000,3881.8000,3881.2000,3880.6000,3880.4000,3883.4000,3883.6000,3884.4000,3884.6000,3887.2000,1,1,1,1,2,1,1,4,1,2
SF,IF2001,2019-12-06 09:31:10.100,3882.8000,6065,0,47762280.000,0,-,-,-,-,3882.0000,3881.8000,3881.2000,3880.6000,3880.4000,3883.2000,3883.4000,3883.6000,3884.4000,3884.6000,1,3,1,1,2,1,1,1,4,1
SF,IF2001,2019-12-06 09:31:10.600,3883.2000,6063,-2,50092080.000,2,0,2,双平,S,3882.0000,3881.8000,3881.2000,3880.6000,3880.4000,3883.4000,3883.6000,3884.4000,3884.6000,3887.2000,1,3,1,1,2,1,1,4,1,2
SF,IF2001,2019-12-06 09:31:11.100,3883.4000,6062,-1,51257100.000,1,0,1,双平,S,3882.0000,3881.8000,3881.2000,3880.6000,3880.4000,3884.4000,3884.6000,3887.2000,3888.6000,3889.0000,1,3,1,1,2,4,1,2,1,1
SF,IF2001,2019-12-06 09:31:11.600,3883.4000,6062,0,51257100.000,0,-,-,-,-,3882.0000,3881.8000,3881.2000,3880.6000,3880.4000,3884.2000,3884.4000,3884.6000,3887.2000,3888.6000,1,3,1,1,2,2,4,1,2,1
SF,IF2001,2019-12-06 09:31:12.100,3883.4000,6062,0,51257100.000,0,-,-,-,-,3882.4000,3882.2000,3882.0000,3881.8000,3881.2000,3884.2000,3884.4000,3884.6000,3887.2000,3888.6000,1,1,2,3,1,1,4,1,2,1
SF,IF2001,2019-12-06 09:31:12.600,3883.4000,6062,0,51257100.000,0,-,-,-,-,3882.6000,3882.4000,3882.2000,3882.0000,3881.8000,3884.2000,3884.4000,3884.6000,3887.2000,3888.6000,1,1,1,1,3,1,4,1,2,1
SF,IF2001,2019-12-06 09:31:13.600,3883.4000,6062,0,51257100.000,0,-,-,-,-,3882.6000,3882.4000,3882.0000,3881.8000,3881.2000,3884.0000,3884.2000,3884.4000,3884.6000,3887.2000,1,1,1,2,1,1,1,4,1,2
SF,IF2001,2019-12-06 09:31:14.100,3883.4000,6062,0,51257100.000,0,-,-,-,-,3882.0000,3881.8000,3881.2000,3880.6000,3880.4000,3883.0000,3883.8000,3884.0000,3884.4000,3884.6000,1,2,1,1,2,2,1,3,4,1
SF,IF2001,2019-12-06 09:31:14.600,3883.4000,6062,0,51257100.000,0,-,-,-,-,3882.4000,3882.2000,3882.0000,3881.8000,3881.2000,3883.0000,3883.8000,3884.0000,3884.4000,3884.6000,1,1,1,2,1,2,1,2,4,1
SF,IF2001,2019-12-06 09:31:15.100,3883.4000,6062,0,51257100.000,0,-,-,-,-,3882.2000,3882.0000,3881.8000,3881.2000,3880.6000,3883.0000,3883.8000,3884.0000,3884.4000,3884.6000,1,1,2,1,1,2,1,2,3,1
SF,IF2001,2019-12-06 09:31:15.600,3883.4000,6062,0,51257100.000,0,-,-,-,-,3882.2000,3882.0000,3881.8000,3881.2000,3880.6000,3883.0000,3883.8000,3884.0000,3884.4000,3884.6000,1,1,2,1,1,2,1,1,3,1
SF,IF2001,2019-12-06 09:31:17.600,3883.4000,6062,0,51257100.000,0,-,-,-,-,3882.2000,3882.0000,3881.8000,3881.2000,3880.6000,3883.0000,3883.4000,3883.8000,3884.0000,3884.4000,1,1,2,1,1,2,2,1,1,3
SF,IF2001,2019-12-06 09:31:18.100,3883.4000,6062,0,51257100.000,0,-,-,-,-,3882.2000,3882.0000,3881.8000,3881.2000,3880.6000,3883.0000,3883.4000,3883.8000,3884.4000,3884.6000,1,1,2,1,1,2,2,1,3,1
SF,IF2001,2019-12-06 09:31:18.600,3883.4000,6062,0,51257100.000,0,-,-,-,-,3882.2000,3882.0000,3881.8000,3881.2000,3880.6000,3883.0000,3883.4000,3883.8000,3884.4000,3884.6000,1,1,2,1,1,2,2,1,3,1
SF,IF2001,2019-12-06 09:31:19.100,3883.4000,6062,0,51257100.000,0,-,-,-,-,3882.2000,3882.0000,3881.8000,3881.2000,3880.6000,3883.0000,3883.4000,3883.8000,3884.4000,3884.6000,1,1,2,1,1,2,2,1,3,1
SF,IF2001,2019-12-06 09:31:20.600,3883.0000,6062,0,52422000.000,1,0,1,多换,S,3882.2000,3882.0000,3881.8000,3881.2000,3880.6000,3883.0000,3883.4000,3883.8000,3884.4000,3884.6000,1,1,2,1,1,1,2,1,3,1
SF,IF2001,2019-12-06 09:31:23.100,3882.2000,6061,-1,53586660.000,1,0,1,双平,S,3882.0000,3881.8000,3881.2000,3880.6000,3880.4000,3883.0000,3883.4000,3883.8000,3884.4000,3884.6000,2,2,1,1,4,1,2,1,3,1
SF,IF2001,2019-12-06 09:31:23.600,3882.0000,6061,0,55915860.000,2,1,1,多换,S,3881.8000,3881.2000,3880.6000,3880.4000,3880.0000,3882.8000,3883.0000,3883.4000,3884.4000,3884.6000,2,1,1,4,1,1,1,2,3,1
SF,IF2001,2019-12-06 09:31:24.100,3882.0000,6061,0,55915860.000,0,-,-,-,-,3881.8000,3881.2000,3880.6000,3880.4000,3880.0000,3882.8000,3883.0000,3883.4000,3884.4000,3884.6000,2,1,1,4,1,1,2,2,3,1
SF,IF2001,2019-12-06 09:31:24.600,3881.8000,6061,0,58244940.000,2,1,1,多换,S,3880.6000,3880.4000,3880.0000,3879.6000,3878.0000,3882.8000,3883.0000,3883.4000,3884.4000,3884.6000,1,4,1,1,3,1,2,2,3,1
SF,IF2001,2019-12-06 09:31:25.100,3881.8000,6061,0,58244940.000,0,-,-,-,-,3880.8000,3880.6000,3880.4000,3880.0000,3879.6000,3882.8000,3883.0000,3883.4000,3884.4000,3884.6000,2,1,2,1,1,1,2,2,3,1
SF,IF2001,2019-12-06 09:31:25.600,3881.8000,6061,0,58244940.000,0,-,-,-,-,3880.8000,3880.6000,3880.4000,3880.0000,3879.6000,3882.8000,3883.0000,3883.4000,3884.4000,3884.6000,2,1,2,1,1,1,2,2,3,1
SF,IF2001,2019-12-06 09:31:26.100,3881.8000,6061,0,58244940.000,0,-,-,-,-,3881.0000,3880.8000,3880.6000,3880.4000,3880.0000,3882.8000,3883.0000,3883.4000,3884.4000,3884.6000,1,2,1,2,1,1,2,2,3,1
SF,IF2001,2019-12-06 09:31:26.600,3881.8000,6061,0,58244940.000,0,-,-,-,-,3881.2000,3881.0000,3880.6000,3880.4000,3880.0000,3882.6000,3882.8000,3883.0000,3883.4000,3884.4000,2,2,1,2,1,1,1,2,2,3
SF,IF2001,2019-12-06 09:31:27.100,3881.8000,6061,0,58244940.000,0,-,-,-,-,3881.2000,3881.0000,3880.6000,3880.4000,3880.0000,3882.4000,3882.6000,3883.0000,3883.4000,3884.4000,1,2,1,2,1,1,1,2,2,3
SF,IF2001,2019-12-06 09:31:27.600,3881.8000,6061,0,58244940.000,0,-,-,-,-,3881.2000,3881.0000,3880.6000,3880.4000,3880.0000,3882.6000,3883.0000,3883.4000,3884.4000,3884.6000,1,2,1,2,1,1,2,2,3,1
SF,IF2001,2019-12-06 09:31:28.100,3881.8000,6061,0,58244940.000,0,-,-,-,-,3881.2000,3881.0000,3880.6000,3880.4000,3880.0000,3883.0000,3883.4000,3884.4000,3884.6000,3887.2000,1,2,1,2,1,2,2,3,1,2
SF,IF2001,2019-12-06 09:31:28.600,3881.8000,6061,0,58244940.000,0,-,-,-,-,3882.6000,3881.2000,3881.0000,3880.6000,3880.4000,3882.8000,3883.0000,3883.4000,3884.4000,3884.6000,3,1,1,1,2,2,2,2,3,1
SF,IF2001,2019-12-06 09:31:29.100,3882.8000,6061,0,60574560.000,2,1,1,多换,S,3882.6000,3881.4000,3881.2000,3881.0000,3880.6000,3882.8000,3883.0000,3883.4000,3884.4000,3884.6000,2,1,2,1,1,1,2,2,3,1
SF,IF2001,2019-12-06 09:31:29.600,3882.8000,6061,0,60574560.000,0,-,-,-,-,3881.4000,3881.2000,3881.0000,3880.6000,3880.4000,3883.0000,3883.4000,3884.4000,3884.6000,3887.2000,1,2,1,1,2,2,2,3,1,2
SF,IF2001,2019-12-06 09:31:30.100,3882.8000,6061,0,60574560.000,0,-,-,-,-,3881.6000,3881.4000,3881.2000,3881.0000,3880.6000,3883.0000,3883.4000,3884.4000,3884.6000,3886.2000,2,1,1,1,1,2,2,3,1,2
SF,IF2001,2019-12-06 09:31:30.600,3882.8000,6061,0,60574560.000,0,-,-,-,-,3881.8000,3881.6000,3881.4000,3881.2000,3880.6000,3883.0000,3883.4000,3884.4000,3884.6000,3886.2000,1,2,1,1,1,2,2,3,1,2
SF,IF2001,2019-12-06 09:31:31.100,3882.8000,6061,0,60574560.000,0,-,-,-,-,3881.6000,3881.4000,3881.2000,3880.6000,3880.4000,3883.0000,3883.4000,3884.4000,3884.6000,3886.2000,2,1,1,1,2,2,2,3,1,2
SF,IF2001,2019-12-06 09:31:31.600,3882.8000,6061,0,60574560.000,0,-,-,-,-,3881.6000,3881.4000,3881.2000,3880.6000,3880.4000,3882.8000,3883.0000,3883.4000,3884.4000,3884.6000,1,1,1,1,2,1,2,2,3,1
SF,IF2001,2019-12-06 09:31:32.100,3882.8000,6061,0,60574560.000,0,-,-,-,-,3881.6000,3881.2000,3880.6000,3880.4000,3880.2000,3882.8000,3883.0000,3883.4000,3884.4000,3884.6000,1,1,1,2,2,1,2,1,3,1
SF,IF2001,2019-12-06 09:31:33.600,3882.8000,6061,0,60574560.000,0,-,-,-,-,3881.6000,3881.2000,3880.6000,3880.4000,3880.2000,3883.0000,3883.4000,3884.4000,3884.6000,3886.2000,1,1,1,2,2,2,1,3,1,2
SF,IF2001,2019-12-06 09:31:34.100,3882.8000,6061,0,60574560.000,0,-,-,-,-,3881.6000,3881.2000,3880.6000,3880.4000,3880.2000,3883.0000,3883.4000,3884.4000,3884.6000,3886.2000,1,1,1,2,2,2,1,3,1,2
SF,IF2001,2019-12-06 09:31:38.100,3882.8000,6061,0,60574560.000,0,-,-,-,-,3881.6000,3881.2000,3880.6000,3880.4000,3880.2000,3883.0000,3883.4000,3883.6000,3884.4000,3884.6000,1,1,1,2,2,2,1,1,3,1
SF,IF2001,2019-12-06 09:31:39.600,3882.8000,6061,0,60574560.000,0,-,-,-,-,3881.6000,3881.2000,3880.6000,3880.4000,3880.2000,3882.8000,3883.0000,3883.4000,3883.6000,3884.4000,1,1,1,2,2,1,2,1,1,3
SF,IF2001,2019-12-06 09:31:40.100,3882.8000,6061,0,60574560.000,0,-,-,-,-,3881.6000,3881.2000,3880.6000,3880.4000,3880.2000,3882.8000,3883.0000,3883.4000,3883.6000,3884.4000,1,1,1,2,2,1,2,1,1,3
SF,IF2001,2019-12-06 09:31:41.600,3882.8000,6061,0,60574560.000,0,-,-,-,-,3881.6000,3881.2000,3880.6000,3880.4000,3880.0000,3883.0000,3883.4000,3883.6000,3884.4000,3884.6000,1,1,1,2,1,2,1,1,3,1
SF,IF2001,2019-12-06 09:31:42.600,3882.8000,6061,0,60574560.000,0,-,-,-,-,3881.6000,3881.2000,3880.6000,3880.4000,3880.0000,3882.8000,3883.0000,3883.4000,3883.6000,3884.4000,1,1,1,2,1,1,2,1,1,3
SF,IF2001,2019-12-06 09:31:44.100,3882.8000,6061,0,60574560.000,0,-,-,-,-,3881.6000,3881.2000,3880.6000,3880.4000,3880.0000,3882.8000,3883.0000,3883.4000,3883.6000,3884.4000,1,1,1,2,1,2,2,1,1,3
SF,IF2001,2019-12-06 09:31:44.600,3882.8000,6061,0,60574560.000,0,-,-,-,-,3881.6000,3881.2000,3880.6000,3880.4000,3880.0000,3882.8000,3883.0000,3883.4000,3883.6000,3884.4000,1,1,1,2,1,1,2,1,1,3
SF,IF2001,2019-12-06 09:31:45.100,3882.8000,6061,0,60574560.000,0,-,-,-,-,3880.6000,3880.4000,3880.0000,3879.6000,3878.0000,3882.6000,3882.8000,3883.0000,3883.4000,3883.6000,1,2,1,1,3,1,1,2,1,1
SF,IF2001,2019-12-06 09:31:45.600,3882.8000,6061,0,60574560.000,0,-,-,-,-,3880.8000,3880.6000,3880.4000,3880.0000,3879.6000,3881.4000,3882.6000,3882.8000,3883.0000,3883.4000,3,1,2,1,1,11,1,1,2,1
SF,IF2001,2019-12-06 09:31:46.100,3881.4000,6050,-11,73383180.000,11,0,11,双平,S,3881.4000,3880.8000,3880.6000,3880.4000,3880.0000,3882.8000,3883.0000,3883.4000,3883.6000,3884.4000,8,2,1,2,1,1,2,1,1,3
SF,IF2001,2019-12-06 09:31:46.600,3881.4000,6050,0,73383180.000,0,-,-,-,-,3881.4000,3880.8000,3880.6000,3880.4000,3880.0000,3882.6000,3882.8000,3883.0000,3883.4000,3883.6000,8,2,1,2,1,2,1,2,1,1
SF,IF2001,2019-12-06 09:31:47.100,3881.4000,6050,0,73383180.000,0,-,-,-,-,3881.4000,3880.8000,3880.6000,3880.4000,3880.0000,3882.6000,3882.8000,3883.0000,3883.4000,3883.6000,7,1,1,2,1,2,1,2,1,1
SF,IF2001,2019-12-06 09:31:47.600,3881.4000,6050,0,73383180.000,0,-,-,-,-,3880.8000,3880.6000,3880.4000,3880.0000,3879.6000,3882.6000,3882.8000,3883.0000,3883.4000,3883.6000,1,1,2,1,1,1,1,2,1,1
SF,IF2001,2019-12-06 09:31:48.100,3881.4000,6050,0,73383180.000,0,-,-,-,-,3881.0000,3880.8000,3880.6000,3880.4000,3880.0000,3882.6000,3882.8000,3883.0000,3883.4000,3883.6000,2,1,1,2,1,1,1,2,1,1
SF,IF2001,2019-12-06 09:31:48.600,3881.4000,6050,0,73383180.000,0,-,-,-,-,3881.0000,3880.8000,3880.6000,3880.4000,3880.0000,3882.8000,3883.0000,3883.4000,3883.6000,3884.4000,2,1,1,2,1,1,2,1,1,3
SF,IF2001,2019-12-06 09:31:49.100,3881.4000,6050,0,73383180.000,0,-,-,-,-,3881.0000,3880.8000,3880.6000,3880.4000,3880.0000,3882.8000,3883.0000,3883.4000,3883.6000,3884.4000,1,1,1,4,1,1,2,1,1,3
SF,IF2001,2019-12-06 09:31:49.600,3881.4000,6050,0,73383180.000,0,-,-,-,-,3881.2000,3881.0000,3880.8000,3880.6000,3880.4000,3882.8000,3883.0000,3883.4000,3883.6000,3884.4000,2,1,1,1,4,1,2,1,1,3
SF,IF2001,2019-12-06 09:31:50.100,3881.4000,6050,0,73383180.000,0,-,-,-,-,3881.4000,3881.2000,3880.8000,3880.6000,3880.4000,3882.8000,3883.0000,3883.4000,3883.6000,3884.4000,1,2,1,1,4,1,2,1,1,3
SF,IF2001,2019-12-06 09:31:50.600,3881.4000,6050,0,73383180.000,0,-,-,-,-,3881.4000,3881.2000,3880.8000,3880.6000,3880.4000,3882.8000,3883.0000,3883.4000,3883.6000,3884.4000,1,1,1,1,4,1,2,1,1,3
SF,IF2001,2019-12-06 09:31:51.100,3881.4000,6050,0,73383180.000,0,-,-,-,-,3881.6000,3881.4000,3880.8000,3880.6000,3880.4000,3882.8000,3883.0000,3883.4000,3883.6000,3884.4000,1,1,1,1,4,1,2,1,1,3
SF,IF2001,2019-12-06 09:31:51.600,3881.4000,6050,0,73383180.000,0,-,-,-,-,3881.6000,3881.4000,3880.8000,3880.6000,3880.4000,3882.8000,3883.0000,3883.4000,3883.6000,3884.4000,1,1,1,1,4,1,2,1,1,3
SF,IF2001,2019-12-06 09:31:52.600,3881.4000,6050,0,73383180.000,0,-,-,-,-,3881.6000,3881.4000,3880.8000,3880.6000,3880.4000,3883.0000,3883.4000,3883.6000,3884.4000,3884.6000,1,1,1,1,4,2,1,1,3,1
SF,IF2001,2019-12-06 09:31:53.100,3881.4000,6050,0,73383180.000,0,-,-,-,-,3881.6000,3881.4000,3880.8000,3880.6000,3880.4000,3882.6000,3883.0000,3883.4000,3883.6000,3884.4000,1,1,1,1,4,1,2,1,1,3
SF,IF2001,2019-12-06 09:31:53.600,3881.4000,6050,0,73383180.000,0,-,-,-,-,3881.6000,3881.4000,3880.8000,3880.6000,3880.4000,3882.6000,3883.0000,3883.4000,3883.6000,3884.4000,1,1,1,1,4,1,2,1,1,3
SF,IF2001,2019-12-06 09:31:54.100,3881.4000,6050,0,73383180.000,0,-,-,-,-,3881.6000,3881.4000,3880.8000,3880.6000,3880.4000,3882.6000,3883.0000,3883.4000,3883.6000,3884.4000,1,1,1,1,4,1,2,1,1,3
SF,IF2001,2019-12-06 09:31:54.600,3881.4000,6050,0,73383180.000,0,-,-,-,-,3881.6000,3881.4000,3880.8000,3880.6000,3880.4000,3883.0000,3883.4000,3883.6000,3884.4000,3884.6000,1,1,1,1,4,2,1,1,3,1
SF,IF2001,2019-12-06 09:31:55.100,3881.4000,6050,0,73383180.000,0,-,-,-,-,3881.8000,3881.6000,3880.8000,3880.6000,3880.4000,3883.0000,3883.4000,3883.6000,3884.4000,3884.6000,1,1,1,1,4,2,1,1,3,1
SF,IF2001,2019-12-06 09:31:55.600,3881.4000,6050,0,73383180.000,0,-,-,-,-,3881.8000,3881.6000,3881.2000,3880.8000,3880.6000,3882.8000,3883.0000,3883.4000,3883.6000,3884.4000,1,1,1,1,1,1,2,1,1,3
SF,IF2001,2019-12-06 09:31:56.600,3881.4000,6050,0,73383180.000,0,-,-,-,-,3881.8000,3881.6000,3881.2000,3880.8000,3880.6000,3883.0000,3883.4000,3883.6000,3884.4000,3884.6000,1,1,1,1,1,2,1,1,3,1
SF,IF2001,2019-12-06 09:31:58.100,3881.4000,6050,0,73383180.000,0,-,-,-,-,3882.0000,3881.8000,3881.2000,3880.8000,3880.6000,3883.0000,3883.4000,3883.6000,3884.4000,3884.6000,1,1,1,1,1,2,1,1,3,1
SF,IF2001,2019-12-06 09:31:59.600,3881.4000,6050,0,73383180.000,0,-,-,-,-,3881.8000,3881.2000,3880.8000,3880.6000,3880.4000,3883.0000,3883.4000,3883.6000,3884.4000,3884.6000,1,1,1,1,4,2,1,1,3,1
SF,IF2001,2019-12-06 09:32:01.100,3881.4000,6050,0,73383180.000,0,-,-,-,-,3882.0000,3881.8000,3881.2000,3880.8000,3880.6000,3883.0000,3883.4000,3883.6000,3884.4000,3884.6000,1,1,1,1,1,2,1,1,3,1
SF,IF2001,2019-12-06 09:32:01.600,3881.4000,6050,0,73383180.000,0,-,-,-,-,3882.0000,3881.8000,3881.2000,3880.8000,3880.6000,3883.0000,3883.4000,3883.6000,3884.4000,3884.6000,2,1,1,1,1,2,1,1,3,1
SF,IF2001,2019-12-06 09:32:02.100,3883.0000,6050,0,74548080.000,1,0,1,多换,S,3882.0000,3881.8000,3881.2000,3880.8000,3880.6000,3883.0000,3883.4000,3883.6000,3884.4000,3884.6000,2,1,1,1,1,1,1,1,3,1
SF,IF2001,2019-12-06 09:32:02.600,3883.0000,6049,-1,75712980.000,1,0,1,双平,S,3882.0000,3881.8000,3881.2000,3880.8000,3880.6000,3883.4000,3883.6000,3884.4000,3884.6000,3885.0000,2,1,1,1,1,1,1,3,1,1
SF,IF2001,2019-12-06 09:32:03.100,3883.0000,6049,0,75712980.000,0,-,-,-,-,3882.2000,3882.0000,3881.8000,3881.2000,3880.8000,3883.4000,3883.6000,3884.4000,3884.6000,3885.0000,1,2,1,1,1,1,1,3,1,1
SF,IF2001,2019-12-06 09:32:03.600,3883.0000,6049,0,75712980.000,0,-,-,-,-,3882.2000,3882.0000,3881.8000,3881.2000,3880.8000,3883.2000,3883.4000,3883.6000,3884.4000,3884.6000,1,2,1,1,1,1,1,1,3,1
SF,IF2001,2019-12-06 09:32:04.100,3883.0000,6049,0,75712980.000,0,-,-,-,-,3882.0000,3881.8000,3881.2000,3880.8000,3880.6000,3883.2000,3883.4000,3883.6000,3884.4000,3884.6000,2,1,1,1,1,2,1,1,3,1
SF,IF2001,2019-12-06 09:32:05.100,3883.0000,6049,0,75712980.000,0,-,-,-,-,3882.0000,3881.8000,3881.2000,3880.8000,3880.6000,3883.2000,3883.4000,3883.6000,3884.4000,3884.6000,2,1,1,1,1,2,1,1,3,1
SF,IF2001,2019-12-06 09:32:05.600,3883.0000,6049,0,75712980.000,0,-,-,-,-,3882.0000,3881.8000,3881.2000,3880.8000,3880.6000,3883.2000,3883.4000,3883.6000,3884.4000,3884.6000,2,1,1,1,1,1,1,1,3,1
SF,IF2001,2019-12-06 09:32:06.100,3883.2000,6049,0,76877940.000,1,0,1,多换,S,3882.0000,3881.8000,3881.2000,3880.8000,3880.6000,3883.4000,3883.6000,3884.4000,3884.6000,3885.0000,2,1,1,1,1,1,1,3,1,1
SF,IF2001,2019-12-06 09:32:06.600,3883.2000,6049,0,76877940.000,0,-,-,-,-,3882.2000,3882.0000,3881.2000,3880.8000,3880.6000,3883.4000,3883.6000,3884.4000,3884.6000,3885.0000,2,2,1,1,1,1,1,3,1,1
SF,IF2001,2019-12-06 09:32:07.100,3883.4000,6049,0,78042960.000,1,0,1,多换,S,3882.2000,3882.0000,3881.2000,3880.8000,3880.6000,3883.6000,3884.4000,3884.6000,3885.0000,3887.2000,5,2,1,1,1,1,3,1,1,2
SF,IF2001,2019-12-06 09:32:07.600,3883.6000,6049,0,79208040.000,1,0,1,多换,S,3882.2000,3882.0000,3881.2000,3880.8000,3880.6000,3884.4000,3884.6000,3885.0000,3887.2000,3888.6000,5,2,1,1,1,3,1,1,2,1
SF,IF2001,2019-12-06 09:32:08.100,3883.6000,6049,0,79208040.000,0,-,-,-,-,3882.2000,3882.0000,3881.2000,3880.8000,3880.6000,3884.4000,3884.6000,3885.0000,3887.2000,3888.6000,7,1,1,1,1,3,1,1,2,1
SF,IF2001,2019-12-06 09:32:08.600,3883.6000,6049,0,79208040.000,0,-,-,-,-,3882.4000,3882.2000,3882.0000,3881.2000,3880.8000,3884.2000,3884.4000,3884.6000,3885.0000,3887.2000,2,7,1,1,1,1,3,1,1,2
SF,IF2001,2019-12-06 09:32:09.100,3883.6000,6049,0,79208040.000,0,-,-,-,-,3882.6000,3882.4000,3882.2000,3882.0000,3881.2000,3884.2000,3884.4000,3884.6000,3885.0000,3887.2000,1,2,5,1,1,1,3,1,1,2
SF,IF2001,2019-12-06 09:32:09.600,3883.6000,6049,0,79208040.000,0,-,-,-,-,3882.6000,3882.4000,3882.2000,3882.0000,3881.2000,3884.4000,3884.6000,3885.0000,3887.2000,3888.6000,1,2,5,1,1,3,1,1,2,1
SF,IF2001,2019-12-06 09:32:10.100,3883.6000,6049,0,79208040.000,0,-,-,-,-,3882.8000,3882.6000,3882.4000,3882.2000,3882.0000,3884.4000,3884.6000,3885.0000,3885.2000,3887.2000,2,1,1,5,1,2,1,1,1,2
SF,IF2001,2019-12-06 09:32:10.600,3883.6000,6049,0,79208040.000,0,-,-,-,-,3883.0000,3882.8000,3882.4000,3882.2000,3882.0000,3884.4000,3884.6000,3885.0000,3885.2000,3887.2000,1,3,1,5,1,2,1,1,1,2
SF,IF2001,2019-12-06 09:32:11.100,3883.6000,6049,0,79208040.000,0,-,-,-,-,3883.0000,3882.8000,3882.4000,3882.2000,3882.0000,3884.4000,3884.6000,3885.0000,3885.2000,3887.2000,1,3,1,5,1,2,1,1,1,2
SF,IF2001,2019-12-06 09:32:11.600,3883.2000,6049,0,80373000.000,1,0,1,多换,S,3883.0000,3882.8000,3882.4000,3882.2000,3882.0000,3884.4000,3884.6000,3885.0000,3885.2000,3887.2000,1,3,1,5,1,2,1,1,1,2
SF,IF2001,2019-12-06 09:32:12.100,3883.2000,6049,0,80373000.000,0,-,-,-,-,3883.0000,3882.8000,3882.4000,3882.2000,3882.0000,3884.4000,3884.6000,3885.0000,3885.2000,3887.2000,1,2,1,5,1,2,1,1,1,2
SF,IF2001,2019-12-06 09:32:12.600,3883.2000,6049,0,80373000.000,0,-,-,-,-,3883.0000,3882.8000,3882.4000,3882.2000,3882.0000,3884.4000,3884.6000,3885.0000,3885.2000,3887.2000,2,2,1,5,1,2,1,1,1,2
SF,IF2001,2019-12-06 09:32:13.100,3884.4000,6048,-1,82703640.000,2,0,2,多平,S,3883.6000,3883.2000,3883.0000,3882.8000,3882.4000,3884.6000,3885.0000,3886.0000,3886.2000,3887.2000,1,2,2,2,1,1,1,1,1,2
SF,IF2001,2019-12-06 09:32:13.600,3885.0000,6046,-2,85034520.000,2,0,2,双平,S,3884.8000,3884.4000,3884.0000,3883.8000,3883.2000,3886.0000,3888.6000,3889.6000,3889.8000,3891.0000,2,1,1,2,5,1,1,2,2,1
SF,IF2001,2019-12-06 09:32:14.100,3885.0000,6046,0,85034520.000,0,-,-,-,-,3884.8000,3884.6000,3883.8000,3883.2000,3883.0000,3885.8000,3886.0000,3886.6000,3888.6000,3889.6000,1,3,2,5,1,1,1,1,1,2
SF,IF2001,2019-12-06 09:32:14.600,3885.8000,6046,0,86200260.000,1,0,1,多换,S,3884.8000,3884.6000,3883.8000,3883.2000,3883.0000,3886.0000,3886.6000,3888.6000,3889.6000,3889.8000,1,3,3,5,1,1,1,1,2,2
SF,IF2001,2019-12-06 09:32:15.100,3885.8000,6046,0,86200260.000,0,-,-,-,-,3884.8000,3884.6000,3883.8000,3883.2000,3883.0000,3885.8000,3886.0000,3886.6000,3888.6000,3889.6000,1,3,3,5,1,1,1,1,1,2
SF,IF2001,2019-12-06 09:32:15.600,3885.8000,6046,0,86200260.000,0,-,-,-,-,3884.8000,3883.8000,3883.2000,3883.0000,3882.4000,3885.8000,3886.0000,3886.6000,3888.6000,3889.6000,1,3,5,1,1,1,1,1,1,2
SF,IF2001,2019-12-06 09:32:16.100,3884.8000,6045,-1,87365700.000,1,0,1,双平,S,3883.8000,3883.2000,3883.0000,3882.4000,3882.2000,3885.8000,3886.0000,3886.6000,3888.6000,3889.6000,3,5,1,1,1,1,1,1,1,2
SF,IF2001,2019-12-06 09:32:16.600,3884.8000,6045,0,87365700.000,0,-,-,-,-,3883.8000,3883.2000,3883.0000,3882.4000,3882.2000,3885.6000,3885.8000,3886.0000,3886.6000,3888.6000,3,5,1,1,1,1,1,1,1,1
SF,IF2001,2019-12-06 09:32:17.100,3884.8000,6045,0,87365700.000,0,-,-,-,-,3884.4000,3884.2000,3884.0000,3883.8000,3883.6000,3885.6000,3885.8000,3886.0000,3886.6000,3888.6000,1,2,1,3,1,1,2,1,1,1
SF,IF2001,2019-12-06 09:32:17.600,3885.4000,6043,-2,89696640.000,2,0,2,双平,S,3883.8000,3883.2000,3883.0000,3882.4000,3882.2000,3885.6000,3885.8000,3886.0000,3886.6000,3888.6000,3,5,1,1,1,1,2,1,1,1
SF,IF2001,2019-12-06 09:32:18.100,3885.6000,6043,0,90862320.000,1,0,1,多换,S,3883.8000,3883.2000,3883.0000,3882.4000,3882.2000,3885.6000,3885.8000,3886.0000,3886.6000,3888.6000,1,3,1,1,1,1,2,1,1,1
SF,IF2001,2019-12-06 09:32:18.600,3885.6000,6043,0,90862320.000,0,-,-,-,-,3883.8000,3883.2000,3883.0000,3882.2000,3882.0000,3885.4000,3885.6000,3885.8000,3886.0000,3886.6000,1,3,1,1,1,1,1,2,1,1
SF,IF2001,2019-12-06 09:32:19.600,3885.6000,6043,0,90862320.000,0,-,-,-,-,3883.8000,3883.2000,3883.0000,3882.2000,3882.0000,3885.4000,3885.6000,3885.8000,3886.0000,3886.6000,1,2,1,1,1,1,1,2,1,1
SF,IF2001,2019-12-06 09:32:20.600,3883.8000,6042,-1,92027460.000,1,0,1,双平,S,3883.0000,3882.2000,3882.0000,3881.2000,3880.6000,3884.8000,3885.2000,3885.4000,3885.6000,3885.8000,1,1,1,1,1,1,2,1,1,2
SF,IF2001,2019-12-06 09:32:21.100,3883.8000,6042,0,92027460.000,0,-,-,-,-,3883.2000,3883.0000,3882.2000,3882.0000,3881.2000,3884.6000,3884.8000,3885.2000,3885.4000,3885.6000,1,1,1,1,1,1,1,4,1,1
SF,IF2001,2019-12-06 09:32:21.600,3884.4000,6041,-1,94357740.000,2,0,2,多平,S,3882.2000,3882.0000,3881.2000,3880.6000,3880.4000,3884.6000,3884.8000,3885.2000,3885.4000,3885.6000,1,1,1,1,2,1,1,4,1,1
SF,IF2001,2019-12-06 09:32:22.100,3884.4000,6041,0,94357740.000,0,-,-,-,-,3882.4000,3882.2000,3882.0000,3881.2000,3880.6000,3884.6000,3884.8000,3885.2000,3885.4000,3885.6000,2,1,1,1,1,1,1,2,1,1
SF,IF2001,2019-12-06 09:32:22.600,3884.4000,6041,0,94357740.000,0,-,-,-,-,3882.4000,3882.2000,3882.0000,3881.2000,3880.6000,3884.0000,3884.4000,3884.6000,3884.8000,3885.2000,1,1,1,1,1,1,1,1,1,2
SF,IF2001,2019-12-06 09:32:23.100,3884.4000,6041,0,94357740.000,0,-,-,-,-,3882.6000,3882.4000,3882.2000,3882.0000,3881.2000,3883.2000,3884.0000,3884.6000,3884.8000,3885.2000,2,1,1,1,1,2,1,1,1,1
SF,IF2001,2019-12-06 09:32:23.600,3884.4000,6041,0,94357740.000,0,-,-,-,-,3882.6000,3882.4000,3882.2000,3882.0000,3881.2000,3883.2000,3884.0000,3884.6000,3884.8000,3885.2000,2,1,1,1,2,2,1,1,1,1
SF,IF2001,2019-12-06 09:32:24.100,3883.2000,6040,-1,95522700.000,1,0,1,双平,S,3882.6000,3882.4000,3882.2000,3882.0000,3881.2000,3883.2000,3884.0000,3884.6000,3884.8000,3885.2000,2,1,1,1,2,1,1,1,1,1
SF,IF2001,2019-12-06 09:32:24.600,3882.8000,6033,-7,103676700.000,7,0,7,双平,S,3882.6000,3882.2000,3882.0000,3881.2000,3880.6000,3884.6000,3884.8000,3885.2000,3885.6000,3885.8000,2,1,1,2,1,1,1,1,1,2
SF,IF2001,2019-12-06 09:32:25.100,3882.8000,6033,0,103676700.000,0,-,-,-,-,3882.8000,3882.6000,3882.2000,3882.0000,3881.2000,3884.4000,3884.6000,3884.8000,3885.2000,3885.6000,1,1,1,1,2,1,1,1,1,1
SF,IF2001,2019-12-06 09:32:25.600,3882.8000,6033,0,103676700.000,0,-,-,-,-,3882.2000,3882.0000,3881.2000,3880.6000,3880.4000,3884.2000,3884.4000,3884.8000,3885.2000,3885.6000,1,1,2,1,2,1,1,1,1,1
SF,IF2001,2019-12-06 09:32:26.100,3882.8000,6033,0,103676700.000,0,-,-,-,-,3883.0000,3882.6000,3882.4000,3882.2000,3882.0000,3884.2000,3884.8000,3885.2000,3885.6000,3885.8000,2,1,3,1,1,1,1,1,1,2
SF,IF2001,2019-12-06 09:32:26.600,3882.8000,6033,0,103676700.000,0,-,-,-,-,3883.0000,3882.6000,3882.4000,3882.2000,3882.0000,3884.2000,3884.8000,3885.2000,3885.6000,3885.8000,2,2,4,1,1,1,1,1,1,2
SF,IF2001,2019-12-06 09:32:27.100,3882.8000,6033,0,103676700.000,0,-,-,-,-,3883.0000,3882.6000,3882.4000,3882.2000,3882.0000,3884.2000,3884.8000,3885.2000,3885.6000,3885.8000,4,1,3,1,1,1,1,1,1,2
SF,IF2001,2019-12-06 09:32:27.600,3882.8000,6033,0,103676700.000,0,-,-,-,-,3883.0000,3882.6000,3882.4000,3882.2000,3882.0000,3884.2000,3884.8000,3885.2000,3885.6000,3885.8000,1,1,3,1,3,1,1,1,1,2
SF,IF2001,2019-12-06 09:32:28.600,3882.8000,6033,0,103676700.000,0,-,-,-,-,3883.2000,3883.0000,3882.6000,3882.4000,3882.2000,3884.2000,3884.8000,3885.2000,3885.6000,3885.8000,2,1,1,3,1,1,1,1,1,2
SF,IF2001,2019-12-06 09:32:29.100,3882.8000,6033,0,103676700.000,0,-,-,-,-,3883.2000,3883.0000,3882.6000,3882.4000,3882.2000,3884.8000,3885.2000,3885.6000,3885.8000,3886.0000,3,1,1,3,1,1,1,1,2,1
SF,IF2001,2019-12-06 09:32:29.600,3882.8000,6033,0,103676700.000,0,-,-,-,-,3883.4000,3883.2000,3883.0000,3882.6000,3882.4000,3885.6000,3885.8000,3886.0000,3886.6000,3888.6000,3,3,2,1,2,1,2,1,1,1
SF,IF2001,2019-12-06 09:32:30.100,3882.8000,6033,0,103676700.000,0,-,-,-,-,3883.4000,3883.2000,3883.0000,3882.6000,3882.4000,3885.4000,3885.6000,3885.8000,3886.0000,3886.6000,3,3,2,1,2,1,1,2,1,1
SF,IF2001,2019-12-06 09:32:30.600,3882.8000,6033,0,103676700.000,0,-,-,-,-,3883.6000,3883.4000,3883.2000,3883.0000,3882.6000,3885.4000,3885.6000,3885.8000,3886.0000,3886.6000,2,2,2,2,1,1,1,2,1,1
SF,IF2001,2019-12-06 09:32:31.100,3882.8000,6033,0,103676700.000,0,-,-,-,-,3883.8000,3883.6000,3883.4000,3883.2000,3883.0000,3885.4000,3885.6000,3885.8000,3886.0000,3886.6000,1,3,2,2,2,1,1,2,1,1
SF,IF2001,2019-12-06 09:32:31.600,3882.8000,6033,0,103676700.000,0,-,-,-,-,3883.8000,3883.6000,3883.4000,3883.2000,3883.0000,3885.4000,3885.6000,3885.8000,3886.0000,3886.6000,1,2,2,2,2,1,1,2,1,1
SF,IF2001,2019-12-06 09:32:32.100,3882.8000,6033,0,103676700.000,0,-,-,-,-,3883.6000,3883.4000,3883.2000,3883.0000,3882.6000,3885.2000,3885.4000,3885.6000,3885.8000,3886.0000,1,2,2,2,1,1,1,1,2,1
SF,IF2001,2019-12-06 09:32:32.600,3882.8000,6033,0,103676700.000,0,-,-,-,-,3883.4000,3883.2000,3883.0000,3882.6000,3882.4000,3885.0000,3885.2000,3885.6000,3885.8000,3886.0000,2,2,2,1,1,1,1,1,2,1
SF,IF2001,2019-12-06 09:32:33.100,3882.8000,6033,0,103676700.000,0,-,-,-,-,3883.6000,3883.4000,3883.2000,3883.0000,3882.6000,3885.0000,3885.2000,3885.6000,3885.8000,3886.0000,1,2,2,2,1,1,1,1,2,1
SF,IF2001,2019-12-06 09:32:33.600,3882.8000,6033,0,103676700.000,0,-,-,-,-,3883.8000,3883.6000,3883.4000,3883.2000,3883.0000,3885.0000,3885.6000,3885.8000,3886.0000,3886.6000,2,3,1,2,2,1,1,2,1,1
SF,IF2001,2019-12-06 09:32:34.100,3882.8000,6033,0,103676700.000,0,-,-,-,-,3883.8000,3883.6000,3883.4000,3883.2000,3883.0000,3885.0000,3885.6000,3885.8000,3886.0000,3886.6000,2,3,1,2,2,1,1,1,1,1
SF,IF2001,2019-12-06 09:32:34.600,3883.2000,6025,-8,114161340.000,9,0,9,多平,S,3883.0000,3882.6000,3882.4000,3882.2000,3882.0000,3883.2000,3885.0000,3885.6000,3885.8000,3886.0000,2,1,1,1,1,3,1,1,1,1
SF,IF2001,2019-12-06 09:32:35.100,3883.2000,6022,-3,117656220.000,3,0,3,双平,S,3884.0000,3883.6000,3883.4000,3883.2000,3883.0000,3885.0000,3885.6000,3885.8000,3886.0000,3886.6000,1,1,2,23,2,1,1,1,1,1
SF,IF2001,2019-12-06 09:32:35.600,3883.2000,6022,0,117656220.000,0,-,-,-,-,3884.2000,3884.0000,3883.8000,3883.4000,3883.2000,3885.0000,3885.6000,3885.8000,3886.0000,3886.6000,2,1,1,1,12,1,1,1,1,1
SF,IF2001,2019-12-06 09:32:36.100,3883.2000,6022,0,117656220.000,0,-,-,-,-,3884.4000,3884.2000,3883.4000,3883.2000,3883.0000,3885.0000,3885.6000,3885.8000,3886.0000,3886.6000,1,1,2,12,2,1,1,1,1,1
SF,IF2001,2019-12-06 09:32:36.600,3883.2000,6022,0,117656220.000,0,-,-,-,-,3884.6000,3884.4000,3883.4000,3883.2000,3883.0000,3885.0000,3885.6000,3885.8000,3886.0000,3886.6000,1,1,5,11,1,1,1,1,1,1
SF,IF2001,2019-12-06 09:32:37.100,3883.2000,6022,0,117656220.000,0,-,-,-,-,3884.8000,3884.6000,3883.8000,3883.4000,3883.2000,3885.0000,3885.6000,3885.8000,3886.0000,3886.6000,1,1,1,5,5,1,1,1,1,1
SF,IF2001,2019-12-06 09:32:37.600,3885.0000,6021,-1,118821720.000,1,0,1,双平,S,3884.8000,3883.8000,3883.4000,3883.2000,3883.0000,3885.4000,3885.6000,3885.8000,3886.0000,3886.6000,1,1,5,5,1,1,1,1,1,1
SF,IF2001,2019-12-06 09:32:38.100,3884.8000,6021,0,119987160.000,1,0,1,多换,S,3883.8000,3883.4000,3883.2000,3883.0000,3882.6000,3885.4000,3885.6000,3885.8000,3886.0000,3886.6000,1,6,4,1,1,1,1,1,1,1
SF,IF2001,2019-12-06 09:32:38.600,3884.8000,6021,0,119987160.000,0,-,-,-,-,3883.8000,3883.4000,3883.2000,3883.0000,3882.6000,3885.2000,3885.4000,3885.6000,3885.8000,3886.0000,1,7,4,1,1,2,1,1,1,1
SF,IF2001,2019-12-06 09:32:39.100,3884.8000,6021,0,119987160.000,0,-,-,-,-,3883.8000,3883.4000,3883.2000,3883.0000,3882.4000,3885.2000,3885.4000,3885.6000,3885.8000,3886.0000,1,6,4,1,1,2,1,1,1,1
SF,IF2001,2019-12-06 09:32:39.600,3884.8000,6021,0,119987160.000,0,-,-,-,-,3884.0000,3883.8000,3883.4000,3883.2000,3883.0000,3884.8000,3885.2000,3885.4000,3885.6000,3885.8000,1,1,6,4,1,1,2,1,1,1
SF,IF2001,2019-12-06 09:32:40.100,3884.8000,6021,0,119987160.000,0,-,-,-,-,3884.0000,3883.8000,3883.4000,3883.2000,3883.0000,3884.8000,3885.2000,3885.4000,3885.6000,3885.8000,1,1,6,4,1,1,1,1,1,1
SF,IF2001,2019-12-06 09:32:41.600,3884.8000,6021,0,119987160.000,0,-,-,-,-,3883.8000,3883.4000,3883.2000,3883.0000,3882.4000,3884.8000,3885.2000,3885.4000,3885.6000,3885.8000,1,6,4,1,1,1,1,1,1,1
SF,IF2001,2019-12-06 09:32:43.100,3884.8000,6021,0,119987160.000,0,-,-,-,-,3884.0000,3883.8000,3883.4000,3883.2000,3883.0000,3884.8000,3885.2000,3885.4000,3885.6000,3885.8000,1,1,6,4,1,1,1,1,1,1
SF,IF2001,2019-12-06 09:32:44.100,3884.8000,6021,0,119987160.000,0,-,-,-,-,3883.8000,3883.4000,3883.2000,3883.0000,3882.4000,3884.8000,3885.2000,3885.4000,3885.6000,3885.8000,1,6,4,1,1,1,1,1,1,1
SF,IF2001,2019-12-06 09:32:45.100,3884.8000,6021,0,121152600.000,1,0,1,多换,S,3883.8000,3883.4000,3883.2000,3883.0000,3882.4000,3885.2000,3885.4000,3885.6000,3885.8000,3886.0000,1,6,4,1,1,1,1,1,1,1
SF,IF2001,2019-12-06 09:32:45.600,3884.8000,6021,0,121152600.000,0,-,-,-,-,3884.2000,3884.0000,3883.8000,3883.4000,3883.2000,3885.2000,3885.4000,3885.6000,3885.8000,3886.0000,1,1,1,6,4,1,1,1,1,1
SF,IF2001,2019-12-06 09:32:46.100,3884.8000,6021,0,121152600.000,0,-,-,-,-,3884.2000,3884.0000,3883.8000,3883.4000,3883.2000,3885.2000,3885.4000,3885.6000,3885.8000,3886.0000,1,1,2,6,4,1,1,1,1,1
SF,IF2001,2019-12-06 09:32:46.600,3884.8000,6021,0,121152600.000,0,-,-,-,-,3884.2000,3884.0000,3883.8000,3883.4000,3883.2000,3885.2000,3885.4000,3885.6000,3885.8000,3886.0000,1,1,2,6,4,1,1,1,1,1
SF,IF2001,2019-12-06 09:32:47.100,3885.2000,6020,-1,122318160.000,1,0,1,双平,S,3885.2000,3884.2000,3883.8000,3883.4000,3883.2000,3885.4000,3885.6000,3885.8000,3886.0000,3886.6000,1,1,2,6,4,1,1,1,1,1
SF,IF2001,2019-12-06 09:32:47.600,3885.2000,6019,-1,123483720.000,1,0,1,双平,S,3884.2000,3883.8000,3883.4000,3883.2000,3883.0000,3885.2000,3885.4000,3885.6000,3885.8000,3886.0000,1,2,6,2,1,3,1,1,1,1
SF,IF2001,2019-12-06 09:32:48.100,3885.2000,6019,0,123483720.000,0,-,-,-,-,3884.2000,3883.8000,3883.4000,3883.2000,3883.0000,3885.2000,3885.4000,3885.6000,3885.8000,3886.0000,1,2,6,2,1,2,1,1,1,1
SF,IF2001,2019-12-06 09:32:48.600,3885.2000,6019,0,123483720.000,0,-,-,-,-,3884.2000,3883.8000,3883.4000,3883.0000,3882.4000,3885.2000,3885.4000,3885.6000,3885.8000,3886.0000,1,2,6,1,1,2,1,1,1,1
SF,IF2001,2019-12-06 09:32:49.100,3885.2000,6019,0,123483720.000,0,-,-,-,-,3883.8000,3883.4000,3883.0000,3882.4000,3882.2000,3885.2000,3885.4000,3885.6000,3885.8000,3886.0000,2,5,1,1,1,2,1,1,1,1
SF,IF2001,2019-12-06 09:32:49.600,3885.2000,6019,0,123483720.000,0,-,-,-,-,3883.8000,3883.4000,3883.0000,3882.4000,3882.2000,3884.8000,3885.0000,3885.2000,3885.4000,3885.6000,1,3,2,1,1,1,2,2,1,1
SF,IF2001,2019-12-06 09:32:50.100,3885.2000,6019,0,123483720.000,0,-,-,-,-,3883.8000,3883.4000,3883.0000,3882.4000,3882.2000,3884.8000,3885.0000,3885.2000,3885.4000,3885.6000,1,3,3,1,1,1,2,2,1,1
SF,IF2001,2019-12-06 09:32:50.600,3885.2000,6019,0,123483720.000,0,-,-,-,-,3883.8000,3883.4000,3883.0000,3882.4000,3882.2000,3884.8000,3885.0000,3885.2000,3885.4000,3885.6000,1,1,3,1,1,1,3,2,1,1
SF,IF2001,2019-12-06 09:32:51.100,3885.2000,6019,0,123483720.000,0,-,-,-,-,3883.8000,3883.4000,3883.0000,3882.4000,3882.2000,3885.0000,3885.2000,3885.4000,3885.6000,3885.8000,1,1,3,1,1,2,1,1,1,1
SF,IF2001,2019-12-06 09:32:51.600,3885.2000,6019,0,123483720.000,0,-,-,-,-,3883.8000,3883.4000,3883.0000,3882.4000,3882.2000,3885.2000,3885.4000,3885.6000,3885.8000,3886.0000,1,1,3,1,1,1,1,1,1,1
SF,IF2001,2019-12-06 09:32:52.100,3885.2000,6019,0,123483720.000,0,-,-,-,-,3883.8000,3883.4000,3883.0000,3882.4000,3882.2000,3885.2000,3885.4000,3885.6000,3885.8000,3886.0000,1,1,3,1,1,1,1,1,1,1
SF,IF2001,2019-12-06 09:32:52.600,3885.2000,6019,0,123483720.000,0,-,-,-,-,3883.8000,3883.4000,3883.0000,3882.4000,3882.2000,3885.0000,3885.2000,3885.4000,3885.6000,3885.8000,1,1,3,1,1,2,1,1,1,1
SF,IF2001,2019-12-06 09:32:53.100,3885.2000,6019,0,123483720.000,0,-,-,-,-,3883.8000,3883.4000,3883.0000,3882.4000,3882.2000,3885.0000,3885.4000,3885.6000,3885.8000,3886.0000,1,1,3,1,1,2,1,1,1,1
SF,IF2001,2019-12-06 09:32:53.600,3883.8000,6020,1,124648860.000,1,1,0,双开,S,3883.4000,3883.0000,3882.4000,3882.2000,3882.0000,3885.0000,3885.4000,3885.6000,3885.8000,3886.0000,1,3,1,1,1,1,1,1,1,1
SF,IF2001,2019-12-06 09:32:54.100,3883.8000,6020,0,124648860.000,0,-,-,-,-,3883.6000,3883.4000,3883.0000,3882.4000,3882.2000,3884.8000,3885.0000,3885.4000,3885.6000,3885.8000,2,1,3,1,1,2,1,1,1,1
SF,IF2001,2019-12-06 09:32:54.600,3883.8000,6020,0,124648860.000,0,-,-,-,-,3883.6000,3883.4000,3883.0000,3882.4000,3882.2000,3884.8000,3885.0000,3885.4000,3885.6000,3885.8000,2,1,3,1,1,1,1,1,1,1
SF,IF2001,2019-12-06 09:32:55.100,3883.8000,6020,0,124648860.000,0,-,-,-,-,3883.6000,3883.0000,3882.4000,3882.2000,3882.0000,3884.8000,3885.0000,3885.4000,3885.6000,3885.8000,2,3,1,1,1,1,1,1,1,1
SF,IF2001,2019-12-06 09:32:55.600,3883.8000,6020,0,124648860.000,0,-,-,-,-,3883.6000,3883.0000,3882.4000,3882.2000,3882.0000,3884.8000,3885.0000,3885.4000,3885.6000,3885.8000,3,3,1,1,1,1,1,1,1,1
SF,IF2001,2019-12-06 09:32:56.100,3883.8000,6020,0,124648860.000,0,-,-,-,-,3883.6000,3883.0000,3882.4000,3882.2000,3882.0000,3884.6000,3884.8000,3885.0000,3885.4000,3885.6000,3,3,1,1,1,1,1,1,1,1
SF,IF2001,2019-12-06 09:32:57.100,3883.8000,6020,0,124648860.000,0,-,-,-,-,3883.6000,3883.0000,3882.4000,3882.2000,3882.0000,3884.6000,3884.8000,3885.0000,3885.4000,3885.6000,3,3,1,1,1,1,1,1,1,1
SF,IF2001,2019-12-06 09:32:57.600,3883.8000,6020,0,124648860.000,0,-,-,-,-,3883.6000,3883.0000,3882.4000,3882.2000,3882.0000,3884.8000,3885.0000,3885.4000,3885.6000,3885.8000,3,3,1,1,1,1,1,1,1,1
SF,IF2001,2019-12-06 09:32:58.600,3883.8000,6020,0,124648860.000,0,-,-,-,-,3883.8000,3883.6000,3883.0000,3882.4000,3882.2000,3885.0000,3885.2000,3885.4000,3885.6000,3885.8000,1,4,2,1,1,1,1,1,1,1
SF,IF2001,2019-12-06 09:32:59.100,3883.8000,6020,0,124648860.000,0,-,-,-,-,3884.0000,3883.8000,3883.6000,3883.0000,3882.4000,3885.4000,3885.6000,3885.8000,3886.0000,3886.6000,1,1,4,2,1,1,1,1,1,1
SF,IF2001,2019-12-06 09:32:59.600,3883.8000,6020,0,124648860.000,0,-,-,-,-,3884.0000,3883.8000,3883.6000,3883.0000,3882.4000,3885.4000,3885.6000,3885.8000,3886.0000,3886.6000,2,1,4,2,1,1,1,1,1,1
SF,IF2001,2019-12-06 09:33:00.100,3883.8000,6020,0,124648860.000,0,-,-,-,-,3884.2000,3884.0000,3883.8000,3883.6000,3883.0000,3885.4000,3885.6000,3885.8000,3886.0000,3886.6000,1,2,1,4,2,1,1,1,1,1
SF,IF2001,2019-12-06 09:33:00.600,3883.8000,6020,0,124648860.000,0,-,-,-,-,3884.2000,3884.0000,3883.8000,3883.6000,3883.0000,3885.4000,3885.6000,3885.8000,3886.0000,3886.6000,1,2,2,4,2,1,1,1,1,1
SF,IF2001,2019-12-06 09:33:01.100,3883.8000,6020,0,124648860.000,0,-,-,-,-,3884.0000,3883.8000,3883.6000,3883.0000,3882.4000,3885.4000,3885.6000,3885.8000,3886.0000,3886.6000,2,2,4,2,1,1,1,1,1,1
SF,IF2001,2019-12-06 09:33:01.600,3883.8000,6020,0,124648860.000,0,-,-,-,-,3884.2000,3884.0000,3883.8000,3883.6000,3883.0000,3885.4000,3885.6000,3885.8000,3886.0000,3886.6000,2,2,2,3,2,1,1,1,1,1
SF,IF2001,2019-12-06 09:33:02.100,3883.8000,6020,0,124648860.000,0,-,-,-,-,3884.4000,3884.2000,3884.0000,3883.8000,3883.6000,3885.4000,3885.8000,3886.0000,3886.6000,3887.0000,1,3,1,2,2,1,1,1,1,1
SF,IF2001,2019-12-06 09:33:02.600,3885.4000,6019,-1,125814480.000,1,0,1,双平,S,3884.4000,3884.2000,3884.0000,3883.8000,3883.6000,3886.0000,3886.6000,3887.0000,3888.4000,3888.6000,2,3,1,2,2,1,1,1,2,1
SF,IF2001,2019-12-06 09:33:03.100,3885.4000,6019,0,125814480.000,0,-,-,-,-,3884.4000,3884.2000,3884.0000,3883.8000,3883.6000,3885.8000,3886.0000,3886.6000,3887.0000,3888.4000,2,2,1,2,2,2,1,1,1,2
SF,IF2001,2019-12-06 09:33:04.100,3885.4000,6019,0,125814480.000,0,-,-,-,-,3884.4000,3884.2000,3884.0000,3883.8000,3883.6000,3886.0000,3886.6000,3887.0000,3888.4000,3888.6000,2,2,1,2,2,1,1,1,2,1
SF,IF2001,2019-12-06 09:33:04.600,3885.4000,6019,0,125814480.000,0,-,-,-,-,3884.6000,3884.4000,3884.2000,3884.0000,3883.8000,3886.0000,3886.6000,3887.0000,3888.4000,3888.6000,1,2,2,1,2,1,1,1,2,1
SF,IF2001,2019-12-06 09:33:05.100,3885.4000,6019,0,125814480.000,0,-,-,-,-,3884.8000,3884.6000,3884.4000,3884.2000,3884.0000,3886.0000,3886.6000,3887.0000,3888.4000,3888.6000,1,1,1,2,1,1,1,1,2,1
SF,IF2001,2019-12-06 09:33:06.100,3885.4000,6019,0,125814480.000,0,-,-,-,-,3884.8000,3884.6000,3884.4000,3884.2000,3884.0000,3886.0000,3886.6000,3887.0000,3888.4000,3888.6000,1,2,1,2,1,1,1,1,2,1
SF,IF2001,2019-12-06 09:33:07.100,3886.0000,6018,-1,126980280.000,1,0,1,双平,S,3884.8000,3884.6000,3884.4000,3884.2000,3884.0000,3886.6000,3887.0000,3888.4000,3888.6000,3889.6000,1,2,1,2,1,1,1,2,1,2
SF,IF2001,2019-12-06 09:33:07.600,3886.0000,6018,0,126980280.000,0,-,-,-,-,3884.8000,3884.6000,3884.4000,3884.2000,3884.0000,3886.4000,3886.6000,3887.0000,3888.4000,3888.6000,1,2,1,2,1,1,1,1,2,1
SF,IF2001,2019-12-06 09:33:08.600,3886.0000,6018,0,126980280.000,0,-,-,-,-,3884.8000,3884.6000,3884.4000,3884.2000,3884.0000,3886.4000,3886.6000,3887.0000,3888.4000,3888.6000,1,2,1,2,1,1,1,1,2,1
SF,IF2001,2019-12-06 09:33:09.100,3886.0000,6018,0,126980280.000,0,-,-,-,-,3885.0000,3884.8000,3884.6000,3884.4000,3884.0000,3886.4000,3886.6000,3887.0000,3888.4000,3888.6000,3,1,2,1,1,1,1,1,2,1
SF,IF2001,2019-12-06 09:33:09.600,3886.0000,6018,0,126980280.000,0,-,-,-,-,3885.2000,3885.0000,3884.6000,3884.4000,3884.0000,3886.4000,3886.6000,3887.0000,3888.4000,3888.6000,1,3,2,1,1,1,1,1,2,1
SF,IF2001,2019-12-06 09:33:10.100,3886.0000,6018,0,126980280.000,0,-,-,-,-,3885.2000,3885.0000,3884.6000,3884.4000,3884.0000,3886.4000,3886.6000,3887.0000,3888.4000,3888.6000,1,2,2,1,1,1,1,1,2,1
SF,IF2001,2019-12-06 09:33:10.600,3886.0000,6018,0,126980280.000,0,-,-,-,-,3885.2000,3884.6000,3884.4000,3884.0000,3883.8000,3886.4000,3886.6000,3887.0000,3888.4000,3888.6000,1,4,1,1,1,2,1,1,2,1
SF,IF2001,2019-12-06 09:33:11.100,3886.0000,6018,0,126980280.000,0,-,-,-,-,3885.2000,3884.6000,3884.4000,3884.0000,3883.8000,3886.2000,3886.4000,3886.6000,3887.0000,3888.4000,1,4,1,1,1,1,2,1,1,2
SF,IF2001,2019-12-06 09:33:11.600,3886.0000,6018,0,126980280.000,0,-,-,-,-,3884.6000,3884.4000,3884.0000,3883.8000,3883.6000,3886.0000,3886.2000,3886.4000,3886.6000,3887.0000,4,1,1,1,2,1,1,2,1,1
SF,IF2001,2019-12-06 09:33:12.100,3886.0000,6018,0,126980280.000,0,-,-,-,-,3884.6000,3884.4000,3884.2000,3884.0000,3883.8000,3886.0000,3886.2000,3886.4000,3886.6000,3887.0000,1,1,2,1,1,1,1,2,1,1
SF,IF2001,2019-12-06 09:33:12.600,3886.0000,6018,0,126980280.000,0,-,-,-,-,3884.8000,3884.6000,3884.4000,3884.2000,3884.0000,3886.0000,3886.2000,3886.4000,3886.6000,3887.0000,1,1,1,2,1,1,1,2,1,1
SF,IF2001,2019-12-06 09:33:13.100,3886.0000,6018,0,126980280.000,0,-,-,-,-,3884.8000,3884.6000,3884.4000,3884.2000,3884.0000,3886.2000,3886.4000,3886.6000,3887.0000,3888.4000,1,1,1,2,1,1,2,1,1,2
SF,IF2001,2019-12-06 09:33:13.600,3886.0000,6018,0,126980280.000,0,-,-,-,-,3884.8000,3884.6000,3884.4000,3884.2000,3884.0000,3886.2000,3886.4000,3886.6000,3886.8000,3887.0000,1,1,1,2,1,1,2,1,1,1
SF,IF2001,2019-12-06 09:33:14.100,3886.0000,6018,0,126980280.000,0,-,-,-,-,3884.8000,3884.6000,3884.4000,3884.2000,3884.0000,3886.2000,3886.4000,3886.6000,3886.8000,3887.0000,1,1,1,2,1,1,2,1,1,1
SF,IF2001,2019-12-06 09:33:15.600,3884.8000,6017,-1,128145720.000,1,0,1,双平,S,3884.6000,3884.4000,3884.2000,3884.0000,3883.8000,3884.8000,3886.2000,3886.4000,3886.6000,3886.8000,1,1,2,1,1,1,1,2,1,1
SF,IF2001,2019-12-06 09:33:16.100,3884.8000,6016,-1,129311160.000,1,0,1,双平,S,3884.8000,3884.6000,3884.4000,3884.2000,3884.0000,3886.2000,3886.4000,3886.6000,3886.8000,3887.0000,6,1,1,2,1,1,2,1,1,1
SF,IF2001,2019-12-06 09:33:16.600,3884.8000,6016,0,129311160.000,0,-,-,-,-,3884.8000,3884.6000,3884.4000,3884.2000,3884.0000,3886.0000,3886.2000,3886.4000,3886.6000,3886.8000,7,1,1,2,1,1,1,2,1,1
SF,IF2001,2019-12-06 09:33:17.100,3884.8000,6016,0,129311160.000,0,-,-,-,-,3885.0000,3884.8000,3884.6000,3884.4000,3884.2000,3886.0000,3886.4000,3886.6000,3886.8000,3887.0000,2,6,1,1,2,1,2,1,1,1
SF,IF2001,2019-12-06 09:33:17.600,3884.8000,6016,0,129311160.000,0,-,-,-,-,3885.0000,3884.8000,3884.6000,3884.4000,3884.2000,3886.0000,3886.4000,3886.6000,3886.8000,3887.0000,1,2,1,1,2,1,2,1,1,1
SF,IF2001,2019-12-06 09:33:19.100,3884.8000,6016,0,129311160.000,0,-,-,-,-,3885.0000,3884.8000,3884.6000,3884.4000,3884.2000,3886.0000,3886.4000,3886.6000,3886.8000,3887.0000,2,2,1,1,2,1,2,1,1,1
SF,IF2001,2019-12-06 09:33:19.600,3885.0000,6015,-1,130476660.000,1,0,1,双平,S,3884.8000,3884.6000,3884.4000,3884.2000,3884.0000,3885.0000,3886.0000,3886.4000,3886.6000,3886.8000,2,1,1,2,1,11,1,2,1,1
SF,IF2001,2019-12-06 09:33:20.100,3885.0000,6010,-5,139800660.000,8,1,7,多平,S,3884.6000,3884.4000,3884.2000,3884.0000,3883.8000,3885.0000,3886.0000,3886.4000,3886.6000,3886.8000,1,1,2,1,1,3,1,2,1,1
SF,IF2001,2019-12-06 09:33:20.600,3885.0000,6009,-1,140966160.000,1,0,1,双平,S,3884.2000,3883.8000,3883.6000,3883.0000,3882.4000,3885.0000,3886.0000,3886.4000,3886.6000,3886.8000,2,1,1,1,1,2,1,2,1,1
SF,IF2001,2019-12-06 09:33:21.100,3885.0000,6009,0,140966160.000,0,-,-,-,-,3884.4000,3884.2000,3883.8000,3883.6000,3883.0000,3885.0000,3886.0000,3886.4000,3886.6000,3886.8000,1,3,1,1,1,2,1,2,1,1
SF,IF2001,2019-12-06 09:33:21.600,3885.0000,6009,0,140966160.000,0,-,-,-,-,3884.4000,3884.2000,3883.8000,3883.6000,3883.0000,3885.0000,3886.0000,3886.4000,3886.6000,3886.8000,1,1,3,1,1,2,1,2,1,1
SF,IF2001,2019-12-06 09:33:22.100,3885.0000,6009,0,142131660.000,1,0,1,多换,S,3884.4000,3884.2000,3883.8000,3883.6000,3883.0000,3885.0000,3886.0000,3886.4000,3886.6000,3886.8000,1,1,3,1,1,1,1,2,1,1
SF,IF2001,2019-12-06 09:33:22.600,3885.0000,6009,0,142131660.000,0,-,-,-,-,3883.8000,3883.6000,3883.0000,3882.2000,3882.0000,3885.0000,3885.8000,3886.0000,3886.4000,3886.6000,3,1,1,1,1,1,1,1,2,1
SF,IF2001,2019-12-06 09:33:23.100,3885.0000,6009,0,142131660.000,0,-,-,-,-,3884.2000,3884.0000,3883.8000,3883.6000,3883.0000,3885.0000,3885.8000,3886.0000,3886.4000,3886.6000,1,2,3,2,1,1,1,1,2,1
SF,IF2001,2019-12-06 09:33:23.600,3885.0000,6009,0,142131660.000,0,-,-,-,-,3883.8000,3883.6000,3883.0000,3882.2000,3882.0000,3885.0000,3885.8000,3886.0000,3886.4000,3886.6000,3,1,1,1,1,1,1,1,2,1
SF,IF2001,2019-12-06 09:33:24.100,3885.0000,6009,0,142131660.000,0,-,-,-,-,3884.0000,3883.8000,3883.6000,3883.2000,3883.0000,3885.0000,3885.8000,3886.0000,3886.4000,3886.6000,1,1,1,2,1,1,1,1,2,1
SF,IF2001,2019-12-06 09:33:24.600,3885.0000,6009,0,142131660.000,0,-,-,-,-,3884.0000,3883.8000,3883.6000,3883.2000,3883.0000,3885.0000,3885.8000,3886.0000,3886.4000,3886.6000,2,1,1,2,1,1,1,1,2,1
SF,IF2001,2019-12-06 09:33:25.100,3884.0000,6008,-1,143296860.000,1,0,1,双平,S,3883.8000,3883.6000,3883.2000,3883.0000,3882.2000,3884.0000,3885.0000,3885.8000,3886.0000,3886.4000,1,1,2,1,1,12,1,1,1,2
SF,IF2001,2019-12-06 09:33:25.600,3884.0000,5996,-12,157279260.000,12,0,12,双平,S,3884.2000,3884.0000,3883.8000,3883.6000,3883.2000,3885.0000,3885.8000,3886.0000,3886.4000,3886.6000,1,2,1,2,2,1,1,1,2,1
SF,IF2001,2019-12-06 09:33:26.100,3884.0000,5996,0,157279260.000,0,-,-,-,-,3884.2000,3884.0000,3883.8000,3883.6000,3883.2000,3885.0000,3885.8000,3886.0000,3886.4000,3886.6000,1,5,1,1,2,1,1,1,2,1
SF,IF2001,2019-12-06 09:33:27.100,3884.0000,5996,0,157279260.000,0,-,-,-,-,3884.2000,3884.0000,3883.8000,3883.6000,3883.2000,3885.0000,3885.8000,3886.0000,3886.4000,3886.6000,1,4,2,1,2,1,1,1,2,1
SF,IF2001,2019-12-06 09:33:27.600,3884.0000,5996,0,157279260.000,0,-,-,-,-,3884.2000,3884.0000,3883.8000,3883.6000,3883.2000,3885.0000,3885.8000,3886.0000,3886.4000,3886.6000,1,1,2,1,2,1,1,1,2,1
SF,IF2001,2019-12-06 09:33:28.100,3884.0000,5996,0,157279260.000,0,-,-,-,-,3884.2000,3884.0000,3883.8000,3883.6000,3883.0000,3885.0000,3885.8000,3886.0000,3886.4000,3886.6000,1,3,2,1,1,1,1,1,2,1
SF,IF2001,2019-12-06 09:33:28.600,3884.0000,5996,0,157279260.000,0,-,-,-,-,3884.2000,3884.0000,3883.8000,3883.6000,3883.0000,3884.8000,3885.0000,3885.8000,3886.4000,3886.6000,1,3,2,1,1,1,1,1,2,1
SF,IF2001,2019-12-06 09:33:29.100,3884.0000,5996,0,157279260.000,0,-,-,-,-,3884.0000,3883.8000,3883.6000,3883.0000,3882.2000,3884.8000,3885.0000,3885.8000,3886.4000,3886.6000,1,2,1,1,1,1,1,1,2,1
SF,IF2001,2019-12-06 09:33:29.600,3884.0000,5996,0,157279260.000,0,-,-,-,-,3883.8000,3883.6000,3883.0000,3882.2000,3882.0000,3884.6000,3884.8000,3885.0000,3885.8000,3886.4000,1,1,1,1,1,1,1,2,1,2
SF,IF2001,2019-12-06 09:33:30.100,3884.0000,5996,0,157279260.000,0,-,-,-,-,3883.8000,3883.6000,3883.2000,3883.0000,3882.2000,3884.6000,3884.8000,3885.0000,3885.8000,3886.4000,1,1,2,1,1,1,1,2,1,2
SF,IF2001,2019-12-06 09:33:30.600,3884.0000,5996,0,157279260.000,0,-,-,-,-,3883.8000,3883.6000,3883.2000,3883.0000,3882.2000,3884.8000,3885.0000,3885.8000,3886.4000,3886.6000,1,1,2,1,1,1,1,1,2,1
SF,IF2001,2019-12-06 09:33:31.100,3884.0000,5996,0,157279260.000,0,-,-,-,-,3883.8000,3883.6000,3883.4000,3883.2000,3883.0000,3884.8000,3885.0000,3885.8000,3886.4000,3886.6000,1,1,1,2,1,1,1,1,2,1
SF,IF2001,2019-12-06 09:33:31.600,3884.0000,5996,0,157279260.000,0,-,-,-,-,3883.6000,3883.4000,3883.2000,3883.0000,3882.2000,3884.8000,3885.0000,3885.8000,3886.4000,3886.6000,1,1,2,1,1,1,1,1,2,1
SF,IF2001,2019-12-06 09:33:32.100,3884.0000,5996,0,157279260.000,0,-,-,-,-,3883.6000,3883.4000,3883.2000,3883.0000,3882.6000,3884.8000,3885.0000,3885.8000,3886.4000,3886.6000,1,1,2,1,1,1,1,1,2,1
SF,IF2001,2019-12-06 09:33:32.600,3884.0000,5996,0,157279260.000,0,-,-,-,-,3884.2000,3883.6000,3883.4000,3883.0000,3882.6000,3884.6000,3884.8000,3885.0000,3885.8000,3886.4000,1,1,1,1,3,1,1,1,1,2
SF,IF2001,2019-12-06 09:33:33.100,3884.2000,5996,0,158444520.000,1,0,1,多换,S,3883.6000,3883.4000,3883.0000,3882.6000,3882.2000,3884.2000,3884.6000,3885.0000,3885.8000,3886.4000,1,1,1,3,1,1,1,1,1,2
SF,IF2001,2019-12-06 09:33:33.600,3884.2000,5996,0,158444520.000,0,-,-,-,-,3883.6000,3883.4000,3883.0000,3882.6000,3882.2000,3885.0000,3885.8000,3886.4000,3886.6000,3886.8000,1,1,1,3,1,1,1,2,1,1
SF,IF2001,2019-12-06 09:33:34.100,3884.2000,5996,0,158444520.000,0,-,-,-,-,3883.6000,3883.4000,3883.0000,3882.6000,3882.2000,3884.8000,3885.0000,3885.8000,3886.4000,3886.6000,1,1,1,3,1,1,1,1,2,1
SF,IF2001,2019-12-06 09:33:34.600,3884.2000,5996,0,158444520.000,0,-,-,-,-,3883.6000,3883.4000,3883.0000,3882.6000,3882.2000,3884.8000,3885.0000,3885.8000,3886.4000,3886.6000,1,1,1,3,1,2,1,1,2,1
SF,IF2001,2019-12-06 09:33:35.100,3884.2000,5996,0,158444520.000,0,-,-,-,-,3883.6000,3883.0000,3882.6000,3882.2000,3882.0000,3884.4000,3884.8000,3885.0000,3885.8000,3886.4000,1,1,2,1,1,1,2,1,1,2
SF,IF2001,2019-12-06 09:33:36.100,3884.2000,5996,0,158444520.000,0,-,-,-,-,3883.6000,3883.0000,3882.2000,3882.0000,3881.2000,3884.4000,3884.8000,3885.0000,3885.8000,3886.4000,1,1,1,3,1,1,2,1,1,2
SF,IF2001,2019-12-06 09:33:36.600,3884.2000,5996,0,158444520.000,0,-,-,-,-,3883.6000,3883.2000,3883.0000,3882.2000,3882.0000,3884.4000,3884.8000,3885.0000,3885.8000,3886.4000,1,1,2,1,3,1,2,1,1,2
SF,IF2001,2019-12-06 09:33:37.600,3884.2000,5996,0,158444520.000,0,-,-,-,-,3883.6000,3883.2000,3883.0000,3882.2000,3882.0000,3884.4000,3884.8000,3885.0000,3885.8000,3886.4000,1,1,2,1,3,1,2,1,1,2
SF,IF2001,2019-12-06 09:33:38.100,3884.2000,5996,0,158444520.000,0,-,-,-,-,3883.6000,3883.2000,3883.0000,3882.2000,3882.0000,3884.8000,3885.0000,3885.8000,3886.4000,3886.6000,1,1,2,1,3,2,1,1,2,1
SF,IF2001,2019-12-06 09:33:38.600,3884.4000,5996,0,159609840.000,1,0,1,多换,S,3884.4000,3883.6000,3883.2000,3883.0000,3882.2000,3884.8000,3885.0000,3885.8000,3886.4000,3886.6000,1,1,1,2,1,2,1,1,2,1
SF,IF2001,2019-12-06 09:33:39.100,3884.4000,5996,0,160775160.000,1,0,1,多换,S,3883.6000,3883.2000,3883.0000,3882.2000,3882.0000,3884.4000,3884.6000,3884.8000,3885.0000,3885.8000,1,1,2,1,3,3,1,2,1,1
SF,IF2001,2019-12-06 09:33:39.600,3884.4000,5996,0,160775160.000,0,-,-,-,-,3883.6000,3883.2000,3883.0000,3882.2000,3882.0000,3884.4000,3884.8000,3885.0000,3885.8000,3886.4000,1,1,2,1,3,1,2,1,1,2
SF,IF2001,2019-12-06 09:33:41.100,3884.4000,5996,0,160775160.000,0,-,-,-,-,3883.6000,3883.2000,3883.0000,3882.2000,3882.0000,3884.4000,3884.8000,3885.0000,3885.8000,3886.4000,1,1,1,1,3,2,2,1,1,2
SF,IF2001,2019-12-06 09:33:42.100,3884.4000,5996,0,160775160.000,0,-,-,-,-,3883.6000,3883.2000,3883.0000,3882.8000,3882.2000,3884.4000,3884.8000,3885.0000,3885.8000,3886.4000,1,1,1,1,1,2,2,1,1,2
SF,IF2001,2019-12-06 09:33:46.600,3883.6000,5996,0,161940240.000,1,0,1,多换,S,3883.2000,3883.0000,3882.8000,3882.2000,3882.0000,3884.2000,3884.4000,3884.8000,3885.0000,3885.8000,1,1,1,1,3,1,2,2,1,1
SF,IF2001,2019-12-06 09:33:47.100,3883.6000,5996,0,161940240.000,0,-,-,-,-,3883.2000,3883.0000,3882.8000,3882.2000,3882.0000,3884.4000,3884.8000,3885.0000,3885.8000,3886.4000,1,1,1,1,3,2,2,1,1,1
SF,IF2001,2019-12-06 09:33:48.100,3883.6000,5996,0,161940240.000,0,-,-,-,-,3883.2000,3883.0000,3882.8000,3882.2000,3882.0000,3884.4000,3884.8000,3885.0000,3885.8000,3886.4000,1,1,1,1,3,1,2,1,1,1
SF,IF2001,2019-12-06 09:33:48.600,3883.6000,5996,0,161940240.000,0,-,-,-,-,3883.6000,3883.4000,3883.2000,3883.0000,3882.8000,3884.4000,3885.0000,3885.8000,3886.4000,3886.6000,1,5,2,1,1,1,1,1,1,1
SF,IF2001,2019-12-06 09:33:49.100,3884.4000,5995,-1,163105560.000,1,0,1,双平,S,3883.8000,3883.6000,3883.4000,3883.2000,3883.0000,3885.8000,3886.4000,3886.6000,3886.8000,3887.0000,2,2,5,2,1,1,1,1,2,1
SF,IF2001,2019-12-06 09:33:49.600,3884.4000,5995,0,163105560.000,0,-,-,-,-,3884.4000,3884.0000,3883.8000,3883.6000,3883.4000,3885.6000,3885.8000,3886.4000,3886.6000,3886.8000,1,1,2,2,5,1,1,1,1,2
SF,IF2001,2019-12-06 09:33:50.100,3884.4000,5995,0,163105560.000,0,-,-,-,-,3884.4000,3884.0000,3883.8000,3883.6000,3883.4000,3885.6000,3885.8000,3886.4000,3886.6000,3886.8000,1,1,2,2,4,1,1,1,1,1
SF,IF2001,2019-12-06 09:33:50.600,3884.4000,5995,0,163105560.000,0,-,-,-,-,3884.4000,3884.0000,3883.8000,3883.6000,3883.4000,3885.6000,3885.8000,3886.4000,3886.6000,3886.8000,6,3,2,2,3,1,1,1,1,1
SF,IF2001,2019-12-06 09:33:51.100,3884.4000,5995,0,163105560.000,0,-,-,-,-,3884.4000,3884.0000,3883.8000,3883.6000,3883.4000,3885.6000,3885.8000,3886.4000,3886.6000,3886.8000,6,2,2,2,3,1,1,1,1,1
SF,IF2001,2019-12-06 09:33:52.100,3884.4000,5995,0,163105560.000,0,-,-,-,-,3884.4000,3884.0000,3883.8000,3883.6000,3883.4000,3885.8000,3886.4000,3886.6000,3886.8000,3887.0000,5,2,2,2,3,1,1,1,1,1
SF,IF2001,2019-12-06 09:33:52.600,3884.4000,5995,0,163105560.000,0,-,-,-,-,3884.6000,3884.4000,3884.0000,3883.8000,3883.6000,3885.8000,3886.4000,3886.6000,3886.8000,3887.0000,1,5,1,2,2,1,1,1,1,1
SF,IF2001,2019-12-06 09:33:53.100,3884.4000,5995,0,163105560.000,0,-,-,-,-,3884.6000,3884.4000,3884.0000,3883.8000,3883.6000,3885.6000,3885.8000,3886.4000,3886.6000,3886.8000,1,5,1,2,1,1,1,1,1,1
SF,IF2001,2019-12-06 09:33:57.100,3884.6000,5995,0,164270940.000,1,0,1,多换,S,3884.4000,3883.8000,3883.6000,3883.4000,3883.2000,3885.6000,3885.8000,3886.4000,3886.6000,3886.8000,5,2,1,2,4,1,1,1,1,1
SF,IF2001,2019-12-06 09:33:57.600,3884.6000,5995,0,164270940.000,0,-,-,-,-,3884.4000,3883.8000,3883.6000,3883.4000,3883.2000,3885.4000,3885.6000,3885.8000,3886.4000,3886.6000,5,2,1,2,4,2,1,1,1,1
SF,IF2001,2019-12-06 09:33:58.100,3884.6000,5995,0,164270940.000,0,-,-,-,-,3884.4000,3883.8000,3883.6000,3883.4000,3883.2000,3885.2000,3885.4000,3885.6000,3885.8000,3886.0000,5,2,1,2,4,1,2,1,1,1
SF,IF2001,2019-12-06 09:33:58.600,3884.4000,5993,-2,166601580.000,2,0,2,双平,S,3884.4000,3883.8000,3883.4000,3883.2000,3883.0000,3885.2000,3885.4000,3885.6000,3885.8000,3886.0000,3,2,2,4,1,2,2,1,1,1
SF,IF2001,2019-12-06 09:33:59.100,3884.4000,5990,-3,170097540.000,3,0,3,双平,S,3883.4000,3883.2000,3883.0000,3882.2000,3882.0000,3884.4000,3884.8000,3885.2000,3885.4000,3885.6000,2,4,1,1,1,2,1,2,2,1
SF,IF2001,2019-12-06 09:33:59.600,3884.4000,5990,0,170097540.000,0,-,-,-,-,3883.4000,3883.2000,3883.0000,3882.2000,3882.0000,3885.2000,3885.4000,3885.6000,3885.8000,3886.0000,2,4,1,1,1,2,2,1,1,1
SF,IF2001,2019-12-06 09:34:00.100,3884.4000,5990,0,170097540.000,0,-,-,-,-,3883.6000,3883.2000,3883.0000,3882.2000,3882.0000,3885.0000,3885.2000,3885.6000,3885.8000,3886.0000,2,4,1,1,1,4,2,1,1,1
SF,IF2001,2019-12-06 09:34:00.600,3884.4000,5990,0,170097540.000,0,-,-,-,-,3883.6000,3883.2000,3883.0000,3882.2000,3882.0000,3885.0000,3885.2000,3885.6000,3885.8000,3886.0000,2,4,1,1,1,4,2,1,1,1
SF,IF2001,2019-12-06 09:34:01.100,3884.4000,5990,0,170097540.000,0,-,-,-,-,3883.2000,3883.0000,3882.2000,3882.0000,3880.6000,3884.2000,3884.8000,3885.0000,3885.2000,3885.8000,2,1,1,1,1,1,2,4,2,1
SF,IF2001,2019-12-06 09:34:01.600,3884.4000,5990,0,170097540.000,0,-,-,-,-,3883.2000,3883.0000,3882.2000,3882.0000,3880.6000,3884.8000,3885.0000,3885.2000,3885.8000,3886.0000,1,1,3,1,1,2,4,2,1,1
SF,IF2001,2019-12-06 09:34:02.100,3884.4000,5990,0,170097540.000,0,-,-,-,-,3883.4000,3883.2000,3883.0000,3882.2000,3882.0000,3884.8000,3885.0000,3885.2000,3885.8000,3886.0000,2,1,1,3,1,2,4,1,1,1
SF,IF2001,2019-12-06 09:34:02.600,3884.4000,5990,0,170097540.000,0,-,-,-,-,3883.4000,3883.2000,3883.0000,3882.2000,3882.0000,3884.6000,3884.8000,3885.0000,3885.2000,3885.8000,2,1,1,3,1,2,2,2,1,1
SF,IF2001,2019-12-06 09:34:03.100,3884.4000,5990,0,170097540.000,0,-,-,-,-,3883.4000,3883.2000,3883.0000,3882.2000,3882.0000,3884.4000,3884.6000,3884.8000,3885.0000,3885.8000,2,1,1,3,1,1,2,2,2,1
SF,IF2001,2019-12-06 09:34:03.600,3884.4000,5990,0,170097540.000,0,-,-,-,-,3883.2000,3883.0000,3882.2000,3882.0000,3880.6000,3884.4000,3884.6000,3884.8000,3885.0000,3885.8000,1,1,3,1,1,1,2,2,2,1
SF,IF2001,2019-12-06 09:34:04.100,3884.4000,5990,0,170097540.000,0,-,-,-,-,3883.2000,3883.0000,3882.2000,3882.0000,3880.6000,3883.8000,3884.4000,3884.6000,3884.8000,3885.0000,1,1,3,1,1,1,1,2,2,3
SF,IF2001,2019-12-06 09:34:04.600,3884.4000,5990,0,170097540.000,0,-,-,-,-,3883.2000,3883.0000,3882.2000,3882.0000,3880.6000,3884.4000,3884.6000,3884.8000,3885.0000,3885.8000,1,1,3,1,1,1,2,2,3,1
SF,IF2001,2019-12-06 09:34:05.100,3884.4000,5990,0,170097540.000,0,-,-,-,-,3883.2000,3883.0000,3882.2000,3882.0000,3880.6000,3883.4000,3884.2000,3884.4000,3884.8000,3885.0000,1,1,3,1,1,1,2,1,2,3
SF,IF2001,2019-12-06 09:34:05.600,3883.2000,5989,-1,172427580.000,2,0,2,多平,S,3883.0000,3882.2000,3882.0000,3880.6000,3880.0000,3884.2000,3884.4000,3884.8000,3885.0000,3885.8000,1,3,1,1,2,2,1,2,3,1
SF,IF2001,2019-12-06 09:34:06.100,3883.2000,5989,0,172427580.000,0,-,-,-,-,3883.0000,3882.2000,3882.0000,3880.6000,3880.0000,3884.0000,3884.2000,3884.4000,3884.8000,3885.0000,1,3,1,1,2,1,2,1,1,3
SF,IF2001,2019-12-06 09:34:06.600,3883.2000,5989,0,172427580.000,0,-,-,-,-,3883.0000,3882.2000,3882.0000,3880.6000,3880.0000,3884.2000,3884.4000,3884.8000,3885.0000,3885.8000,1,3,1,1,2,2,1,1,3,1
SF,IF2001,2019-12-06 09:34:07.100,3883.2000,5989,0,172427580.000,0,-,-,-,-,3883.0000,3882.2000,3882.0000,3880.6000,3880.0000,3883.8000,3884.2000,3884.4000,3884.8000,3885.0000,1,3,1,1,2,1,2,1,1,3
SF,IF2001,2019-12-06 09:34:07.600,3883.0000,5989,0,173592480.000,1,0,1,多换,S,3882.2000,3882.0000,3880.6000,3880.0000,3878.0000,3884.2000,3884.4000,3884.8000,3885.0000,3885.8000,3,1,1,2,3,2,1,1,3,1
SF,IF2001,2019-12-06 09:34:08.100,3883.0000,5989,0,173592480.000,0,-,-,-,-,3882.4000,3882.2000,3882.0000,3881.6000,3880.6000,3883.6000,3884.0000,3884.2000,3884.4000,3884.8000,2,1,1,1,1,1,1,2,1,1
SF,IF2001,2019-12-06 09:34:08.600,3883.0000,5989,0,173592480.000,0,-,-,-,-,3882.4000,3882.0000,3881.6000,3881.4000,3880.6000,3883.6000,3884.0000,3884.2000,3884.4000,3884.8000,2,1,2,1,1,1,1,2,1,1
SF,IF2001,2019-12-06 09:34:09.100,3883.0000,5989,0,173592480.000,0,-,-,-,-,3882.4000,3882.0000,3881.6000,3881.4000,3880.6000,3883.6000,3884.0000,3884.2000,3884.4000,3884.8000,2,1,2,1,1,1,1,2,1,1
SF,IF2001,2019-12-06 09:34:09.600,3883.4000,5987,-2,175922400.000,2,0,2,双平,S,3882.0000,3881.6000,3881.4000,3880.6000,3880.0000,3883.6000,3884.0000,3884.2000,3884.4000,3884.8000,1,2,1,1,2,1,1,2,1,1
SF,IF2001,2019-12-06 09:34:10.100,3883.4000,5987,0,175922400.000,0,-,-,-,-,3882.2000,3882.0000,3881.6000,3881.4000,3880.6000,3883.4000,3883.6000,3884.0000,3884.2000,3884.4000,2,1,2,1,1,2,1,1,2,1
SF,IF2001,2019-12-06 09:34:10.600,3883.4000,5987,0,175922400.000,0,-,-,-,-,3882.2000,3882.0000,3881.6000,3881.4000,3880.8000,3883.2000,3883.4000,3883.6000,3884.0000,3884.2000,2,1,1,1,1,1,2,1,1,2
SF,IF2001,2019-12-06 09:34:11.100,3884.0000,5982,-5,181747740.000,5,0,5,双平,S,3882.2000,3882.0000,3881.4000,3880.8000,3880.6000,3884.2000,3884.8000,3885.0000,3885.8000,3886.0000,2,1,1,2,1,2,1,1,1,1
SF,IF2001,2019-12-06 09:34:11.600,3884.0000,5982,0,181747740.000,0,-,-,-,-,3882.0000,3881.4000,3880.8000,3880.6000,3880.0000,3884.0000,3884.2000,3884.8000,3885.0000,3885.8000,1,1,2,1,2,3,2,2,1,1
SF,IF2001,2019-12-06 09:34:12.100,3884.0000,5982,0,181747740.000,0,-,-,-,-,3882.6000,3882.0000,3881.4000,3880.8000,3880.6000,3883.8000,3884.0000,3884.8000,3885.0000,3885.8000,1,1,1,2,1,3,3,2,1,1
SF,IF2001,2019-12-06 09:34:12.600,3882.6000,5981,-1,182912520.000,1,0,1,双平,S,3882.0000,3881.4000,3880.8000,3880.6000,3880.0000,3883.2000,3883.6000,3883.8000,3884.0000,3884.8000,1,1,2,1,2,1,1,3,1,2
SF,IF2001,2019-12-06 09:34:13.100,3882.6000,5981,0,182912520.000,0,-,-,-,-,3882.0000,3881.4000,3880.8000,3880.6000,3880.0000,3883.6000,3883.8000,3884.0000,3884.8000,3885.0000,1,1,2,1,2,1,5,2,2,1
SF,IF2001,2019-12-06 09:34:13.600,3882.6000,5981,0,182912520.000,0,-,-,-,-,3882.0000,3881.4000,3880.8000,3880.6000,3880.0000,3883.2000,3883.4000,3883.6000,3883.8000,3884.0000,1,1,2,1,2,1,3,2,4,2
SF,IF2001,2019-12-06 09:34:14.100,3882.6000,5981,0,182912520.000,0,-,-,-,-,3882.0000,3881.4000,3880.8000,3880.6000,3880.0000,3883.2000,3883.4000,3883.6000,3883.8000,3884.0000,1,1,2,1,2,1,4,2,4,2
SF,IF2001,2019-12-06 09:34:14.600,3882.6000,5981,0,182912520.000,0,-,-,-,-,3882.2000,3882.0000,3881.4000,3880.8000,3880.6000,3883.8000,3884.0000,3884.8000,3885.0000,3885.8000,2,1,1,2,1,3,2,1,1,1
SF,IF2001,2019-12-06 09:34:15.100,3882.6000,5981,0,182912520.000,0,-,-,-,-,3882.4000,3882.2000,3882.0000,3881.4000,3880.8000,3883.8000,3884.0000,3884.8000,3885.0000,3885.8000,1,2,1,1,2,3,1,1,1,1
SF,IF2001,2019-12-06 09:34:15.600,3882.0000,5979,-2,187571160.000,4,1,3,多平,S,3881.4000,3880.8000,3880.6000,3880.0000,3878.0000,3881.8000,3883.8000,3884.0000,3884.6000,3884.8000,1,2,1,2,3,9,3,1,1,1
SF,IF2001,2019-12-06 09:34:16.100,3881.8000,5970,-9,198052020.000,9,0,9,双平,S,3881.8000,3881.6000,3881.4000,3880.8000,3880.6000,3883.8000,3884.0000,3884.2000,3884.6000,3884.8000,6,2,1,2,1,2,1,1,1,1
SF,IF2001,2019-12-06 09:34:16.600,3881.8000,5970,0,198052020.000,0,-,-,-,-,3882.0000,3881.8000,3881.4000,3880.6000,3880.0000,3883.6000,3883.8000,3884.0000,3884.2000,3884.6000,2,4,1,1,2,4,2,3,1,1
SF,IF2001,2019-12-06 09:34:17.100,3881.8000,5970,0,198052020.000,0,-,-,-,-,3882.0000,3881.8000,3881.4000,3880.6000,3880.0000,3883.4000,3883.6000,3883.8000,3884.0000,3884.6000,1,4,1,1,2,1,5,3,2,1
SF,IF2001,2019-12-06 09:34:17.600,3881.8000,5970,0,198052020.000,0,-,-,-,-,3882.0000,3881.8000,3881.4000,3880.6000,3880.0000,3883.2000,3883.6000,3883.8000,3884.0000,3884.6000,1,1,1,1,2,4,3,3,2,1
SF,IF2001,2019-12-06 09:34:18.100,3881.8000,5970,0,198052020.000,0,-,-,-,-,3882.0000,3881.8000,3881.4000,3880.6000,3880.0000,3883.2000,3883.6000,3883.8000,3884.0000,3884.8000,1,1,3,1,2,4,1,3,2,1
SF,IF2001,2019-12-06 09:34:18.600,3881.8000,5970,0,198052020.000,0,-,-,-,-,3882.0000,3881.8000,3881.4000,3880.6000,3880.0000,3883.2000,3883.8000,3884.0000,3884.8000,3885.0000,1,1,2,1,2,3,3,2,1,1
SF,IF2001,2019-12-06 09:34:19.100,3881.8000,5970,0,198052020.000,0,-,-,-,-,3882.0000,3881.8000,3881.6000,3881.4000,3880.6000,3883.0000,3883.2000,3883.8000,3884.0000,3884.2000,1,1,2,1,1,1,3,3,2,1
SF,IF2001,2019-12-06 09:34:19.600,3881.8000,5970,0,198052020.000,0,-,-,-,-,3882.0000,3881.8000,3881.6000,3881.4000,3880.6000,3882.8000,3883.0000,3883.2000,3883.8000,3884.0000,1,1,2,2,1,2,1,1,3,2
SF,IF2001,2019-12-06 09:34:20.100,3881.8000,5970,0,198052020.000,0,-,-,-,-,3882.0000,3881.8000,3881.6000,3881.4000,3880.6000,3882.8000,3883.2000,3883.8000,3884.0000,3884.8000,1,1,2,2,1,2,1,3,2,1
SF,IF2001,2019-12-06 09:34:21.100,3881.8000,5970,0,198052020.000,0,-,-,-,-,3882.0000,3881.8000,3881.6000,3881.4000,3880.6000,3882.8000,3883.2000,3883.8000,3884.0000,3884.8000,2,1,2,2,1,2,1,3,2,1
SF,IF2001,2019-12-06 09:34:22.100,3881.8000,5970,0,198052020.000,0,-,-,-,-,3882.0000,3881.8000,3881.4000,3880.6000,3880.0000,3882.8000,3883.2000,3883.8000,3884.0000,3884.8000,1,1,2,1,2,2,1,3,2,1
SF,IF2001,2019-12-06 09:34:22.600,3881.8000,5970,0,198052020.000,0,-,-,-,-,3881.4000,3880.6000,3880.0000,3878.0000,3877.6000,3882.6000,3882.8000,3883.4000,3883.8000,3884.0000,3,1,2,3,1,1,2,1,3,2
SF,IF2001,2019-12-06 09:34:23.100,3881.8000,5970,0,198052020.000,0,-,-,-,-,3881.4000,3880.6000,3880.0000,3878.0000,3877.6000,3882.4000,3882.6000,3883.4000,3883.8000,3884.0000,1,1,2,3,1,2,2,1,3,2
SF,IF2001,2019-12-06 09:34:23.600,3881.8000,5970,0,198052020.000,0,-,-,-,-,3881.4000,3881.0000,3880.6000,3880.0000,3878.0000,3882.4000,3882.6000,3883.4000,3883.8000,3884.0000,1,2,1,2,3,2,2,1,2,2
SF,IF2001,2019-12-06 09:34:24.100,3881.8000,5970,0,198052020.000,0,-,-,-,-,3881.6000,3881.4000,3881.0000,3880.6000,3880.0000,3882.4000,3882.6000,3883.4000,3883.8000,3884.0000,1,1,2,1,2,2,1,1,2,2
SF,IF2001,2019-12-06 09:34:24.600,3881.8000,5970,0,198052020.000,0,-,-,-,-,3881.8000,3881.6000,3881.4000,3881.0000,3880.6000,3882.4000,3882.6000,3883.4000,3883.8000,3884.0000,1,1,1,1,1,2,1,1,2,2
SF,IF2001,2019-12-06 09:34:25.100,3881.6000,5967,-3,201545520.000,3,0,3,双平,S,3881.6000,3880.6000,3880.4000,3880.0000,3878.0000,3881.8000,3882.4000,3882.6000,3882.8000,3883.4000,2,1,1,2,2,1,2,1,1,1
SF,IF2001,2019-12-06 09:34:25.600,3881.8000,5967,0,202710060.000,1,0,1,多换,S,3881.6000,3880.6000,3880.4000,3880.0000,3878.0000,3882.4000,3882.6000,3882.8000,3883.4000,3883.8000,1,1,1,2,2,2,1,1,1,2
SF,IF2001,2019-12-06 09:34:26.600,3881.8000,5967,0,202710060.000,0,-,-,-,-,3881.6000,3880.6000,3880.4000,3880.0000,3878.0000,3882.4000,3882.6000,3883.8000,3884.0000,3884.8000,1,1,1,2,2,2,1,2,2,1
SF,IF2001,2019-12-06 09:34:27.100,3881.8000,5967,0,202710060.000,0,-,-,-,-,3881.6000,3881.2000,3880.6000,3880.4000,3880.0000,3882.4000,3882.6000,3883.8000,3884.0000,3884.8000,1,1,1,1,2,2,1,2,2,1
SF,IF2001,2019-12-06 09:34:28.100,3881.8000,5967,0,202710060.000,0,-,-,-,-,3881.8000,3881.6000,3881.2000,3880.4000,3880.0000,3882.4000,3882.6000,3883.8000,3884.0000,3884.8000,2,1,1,1,2,2,1,2,2,1
SF,IF2001,2019-12-06 09:34:29.100,3881.8000,5967,0,202710060.000,0,-,-,-,-,3881.6000,3881.2000,3880.4000,3880.0000,3878.0000,3882.4000,3882.6000,3883.8000,3884.0000,3884.8000,1,1,1,2,2,2,1,2,2,1
SF,IF2001,2019-12-06 09:34:29.600,3881.8000,5967,0,202710060.000,0,-,-,-,-,3881.6000,3881.2000,3880.4000,3880.0000,3878.0000,3882.4000,3882.6000,3883.8000,3884.0000,3884.8000,1,1,1,2,2,2,1,2,2,1
SF,IF2001,2019-12-06 09:34:32.100,3881.6000,5966,-1,203874540.000,1,0,1,双平,S,3881.2000,3880.4000,3880.0000,3878.0000,3877.6000,3882.4000,3882.6000,3883.0000,3883.8000,3884.0000,1,1,2,2,1,2,1,1,2,2
SF,IF2001,2019-12-06 09:34:32.600,3881.6000,5966,0,203874540.000,0,-,-,-,-,3881.2000,3880.4000,3880.0000,3878.0000,3877.6000,3882.2000,3882.4000,3882.6000,3883.0000,3883.8000,1,1,2,2,1,1,2,1,1,2
SF,IF2001,2019-12-06 09:34:33.100,3881.6000,5966,0,203874540.000,0,-,-,-,-,3881.2000,3880.4000,3880.0000,3878.0000,3877.6000,3882.0000,3882.2000,3882.6000,3883.0000,3883.8000,1,1,2,2,1,2,1,1,1,2
SF,IF2001,2019-12-06 09:34:33.600,3881.6000,5966,0,203874540.000,0,-,-,-,-,3881.2000,3880.4000,3880.0000,3878.0000,3877.6000,3882.0000,3882.6000,3883.0000,3883.8000,3884.0000,1,1,2,2,1,2,1,1,2,1
SF,IF2001,2019-12-06 09:34:36.100,3881.2000,5964,-2,206203260.000,2,0,2,双平,S,3880.4000,3880.0000,3878.0000,3877.6000,3876.4000,3881.0000,3882.0000,3882.6000,3883.0000,3883.8000,1,2,2,1,1,11,2,1,1,2
SF,IF2001,2019-12-06 09:34:36.600,3881.0000,5956,-8,219010560.000,11,1,10,多平,S,3881.0000,3880.8000,3880.6000,3880.4000,3880.0000,3882.0000,3882.6000,3883.0000,3883.8000,3884.0000,4,2,2,1,2,2,1,1,2,1
SF,IF2001,2019-12-06 09:34:37.100,3881.0000,5956,0,219010560.000,0,-,-,-,-,3881.0000,3880.6000,3880.4000,3880.0000,3878.0000,3881.8000,3882.0000,3882.2000,3883.0000,3883.8000,5,1,1,2,2,1,2,1,1,2
SF,IF2001,2019-12-06 09:34:37.600,3881.0000,5956,0,219010560.000,0,-,-,-,-,3881.0000,3880.6000,3880.4000,3880.0000,3878.0000,3882.0000,3882.2000,3883.0000,3883.8000,3884.0000,2,1,1,2,2,2,1,1,2,1
SF,IF2001,2019-12-06 09:34:38.100,3881.0000,5956,0,219010560.000,0,-,-,-,-,3881.0000,3880.6000,3880.4000,3880.0000,3878.0000,3882.0000,3882.2000,3883.0000,3883.8000,3884.0000,2,1,1,2,2,2,1,1,2,1
SF,IF2001,2019-12-06 09:34:39.100,3881.0000,5956,0,219010560.000,0,-,-,-,-,3881.0000,3880.6000,3880.4000,3880.0000,3878.0000,3882.0000,3882.2000,3883.0000,3883.8000,3884.0000,2,1,1,2,2,2,1,1,2,1
SF,IF2001,2019-12-06 09:34:40.100,3881.0000,5956,0,219010560.000,0,-,-,-,-,3881.0000,3880.6000,3880.4000,3880.0000,3878.0000,3881.8000,3882.0000,3882.2000,3883.0000,3883.8000,1,1,1,2,2,1,2,1,2,1
SF,IF2001,2019-12-06 09:34:40.600,3881.0000,5956,0,219010560.000,0,-,-,-,-,3881.0000,3880.6000,3880.4000,3880.0000,3878.0000,3881.6000,3882.2000,3883.0000,3883.8000,3884.0000,1,1,1,2,2,2,1,2,1,1
SF,IF2001,2019-12-06 09:34:41.100,3881.0000,5956,0,219010560.000,0,-,-,-,-,3880.6000,3880.4000,3880.0000,3878.0000,3877.6000,3881.6000,3882.2000,3883.0000,3883.8000,3884.0000,1,1,2,2,1,2,1,2,1,1
SF,IF2001,2019-12-06 09:34:42.600,3881.0000,5956,0,219010560.000,0,-,-,-,-,3881.0000,3880.6000,3880.0000,3879.6000,3878.0000,3881.6000,3882.2000,3883.0000,3883.8000,3884.0000,1,1,2,1,2,2,1,2,1,1
SF,IF2001,2019-12-06 09:34:43.100,3881.0000,5957,1,220174860.000,1,1,0,双开,S,3880.6000,3880.0000,3879.6000,3878.0000,3877.6000,3882.2000,3883.0000,3883.8000,3884.0000,3884.8000,2,2,1,2,1,1,2,1,1,1
SF,IF2001,2019-12-06 09:34:43.600,3881.0000,5957,0,220174860.000,0,-,-,-,-,3880.8000,3880.6000,3880.0000,3879.6000,3878.0000,3882.0000,3882.2000,3883.0000,3883.8000,3884.0000,2,2,2,1,2,4,1,2,1,1
SF,IF2001,2019-12-06 09:34:44.100,3881.0000,5957,0,220174860.000,0,-,-,-,-,3880.6000,3880.0000,3879.6000,3878.0000,3877.6000,3881.8000,3882.0000,3882.2000,3883.0000,3883.8000,1,2,1,2,1,1,3,1,2,1
SF,IF2001,2019-12-06 09:34:44.600,3881.0000,5957,0,220174860.000,0,-,-,-,-,3880.6000,3880.0000,3879.6000,3878.0000,3877.6000,3881.6000,3882.0000,3882.2000,3883.0000,3883.8000,1,2,1,2,1,2,1,1,2,1
SF,IF2001,2019-12-06 09:34:45.100,3881.0000,5957,0,220174860.000,0,-,-,-,-,3880.6000,3880.0000,3879.6000,3878.0000,3877.6000,3881.6000,3882.2000,3883.0000,3883.8000,3884.0000,1,2,1,2,1,2,1,2,1,1
SF,IF2001,2019-12-06 09:34:46.600,3881.0000,5957,0,220174860.000,0,-,-,-,-,3880.0000,3879.6000,3878.0000,3877.6000,3876.4000,3881.6000,3882.2000,3883.0000,3883.8000,3884.0000,2,1,2,1,1,2,1,2,1,1
SF,IF2001,2019-12-06 09:34:47.100,3881.0000,5957,0,220174860.000,0,-,-,-,-,3880.0000,3879.6000,3878.0000,3877.6000,3876.4000,3880.6000,3881.4000,3881.6000,3882.2000,3883.0000,2,1,2,1,1,1,3,2,1,2
SF,IF2001,2019-12-06 09:34:47.600,3881.0000,5957,0,220174860.000,0,-,-,-,-,3880.0000,3878.8000,3878.0000,3877.6000,3876.4000,3881.4000,3881.6000,3882.2000,3883.0000,3883.8000,2,1,2,1,1,4,2,1,2,1
SF,IF2001,2019-12-06 09:34:48.100,3881.0000,5957,0,220174860.000,0,-,-,-,-,3880.0000,3878.8000,3878.0000,3877.6000,3876.4000,3881.2000,3881.4000,3882.2000,3883.0000,3883.8000,2,1,2,1,1,3,3,1,2,1
SF,IF2001,2019-12-06 09:34:48.600,3881.0000,5957,0,220174860.000,0,-,-,-,-,3880.0000,3878.8000,3878.0000,3877.6000,3876.4000,3881.2000,3881.4000,3882.2000,3883.0000,3883.8000,2,1,2,1,1,2,2,1,2,1
SF,IF2001,2019-12-06 09:34:49.100,3881.0000,5957,0,220174860.000,0,-,-,-,-,3880.0000,3878.8000,3878.0000,3877.6000,3876.4000,3881.0000,3881.2000,3881.4000,3882.2000,3883.0000,2,1,2,1,1,1,2,2,1,2
SF,IF2001,2019-12-06 09:34:49.600,3881.0000,5957,0,220174860.000,0,-,-,-,-,3880.0000,3878.8000,3878.0000,3877.6000,3876.4000,3880.8000,3881.0000,3881.4000,3882.2000,3883.0000,2,1,2,1,1,2,1,2,1,2
SF,IF2001,2019-12-06 09:34:50.600,3881.0000,5957,0,220174860.000,0,-,-,-,-,3880.0000,3878.8000,3878.0000,3877.6000,3876.4000,3880.8000,3881.4000,3882.2000,3883.0000,3883.8000,2,1,2,1,1,2,2,1,2,1
SF,IF2001,2019-12-06 09:34:52.600,3881.0000,5957,0,220174860.000,0,-,-,-,-,3880.0000,3878.8000,3878.0000,3877.6000,3876.4000,3880.8000,3881.4000,3882.2000,3882.6000,3883.0000,2,1,2,1,1,2,2,1,2,2
SF,IF2001,2019-12-06 09:34:53.600,3881.0000,5957,0,220174860.000,0,-,-,-,-,3880.0000,3879.8000,3878.8000,3878.0000,3877.6000,3880.8000,3881.4000,3882.2000,3882.6000,3883.0000,2,1,1,2,1,2,2,1,2,2
SF,IF2001,2019-12-06 09:34:56.100,3880.8000,5957,0,222503340.000,2,1,1,多换,S,3880.0000,3879.8000,3878.8000,3878.0000,3877.6000,3881.4000,3882.2000,3882.6000,3883.0000,3883.8000,2,1,1,2,1,2,1,2,2,1
SF,IF2001,2019-12-06 09:34:56.600,3880.8000,5957,0,222503340.000,0,-,-,-,-,3880.0000,3879.8000,3878.8000,3878.0000,3877.6000,3881.2000,3881.4000,3882.2000,3882.6000,3883.0000,2,1,1,2,1,2,2,1,2,2
SF,IF2001,2019-12-06 09:34:57.100,3880.8000,5957,0,222503340.000,0,-,-,-,-,3880.2000,3880.0000,3879.8000,3878.8000,3878.0000,3881.2000,3881.4000,3882.2000,3882.6000,3883.0000,2,2,1,1,2,2,2,1,2,2
SF,IF2001,2019-12-06 09:34:57.600,3880.8000,5957,0,222503340.000,0,-,-,-,-,3880.2000,3880.0000,3879.8000,3878.8000,3878.0000,3881.0000,3881.2000,3881.4000,3882.2000,3882.6000,2,2,1,1,2,1,2,1,1,2
SF,IF2001,2019-12-06 09:34:58.100,3880.8000,5957,0,222503340.000,0,-,-,-,-,3880.2000,3880.0000,3879.8000,3878.8000,3878.0000,3880.8000,3881.0000,3881.4000,3882.2000,3882.6000,1,2,1,1,2,2,1,1,1,2
SF,IF2001,2019-12-06 09:34:58.600,3880.8000,5957,0,222503340.000,0,-,-,-,-,3880.2000,3880.0000,3879.8000,3878.8000,3878.0000,3880.8000,3881.4000,3882.2000,3882.6000,3883.0000,1,2,1,1,2,2,1,1,2,1
SF,IF2001,2019-12-06 09:35:00.600,3880.8000,5956,-1,224831820.000,2,0,2,多平,S,3880.2000,3880.0000,3879.8000,3878.8000,3878.0000,3881.4000,3882.2000,3882.6000,3883.0000,3883.8000,2,2,1,1,2,1,1,2,1,1
SF,IF2001,2019-12-06 09:35:01.100,3880.8000,5956,0,224831820.000,0,-,-,-,-,3880.2000,3880.0000,3879.8000,3878.8000,3878.0000,3881.4000,3882.2000,3883.0000,3883.8000,3884.0000,2,2,1,1,2,1,1,1,1,1
SF,IF2001,2019-12-06 09:35:01.600,3880.8000,5956,0,224831820.000,0,-,-,-,-,3880.4000,3880.2000,3880.0000,3879.8000,3879.6000,3881.4000,3882.2000,3883.0000,3883.8000,3884.0000,2,4,2,1,1,1,1,1,1,1
SF,IF2001,2019-12-06 09:35:02.600,3880.8000,5956,0,224831820.000,0,-,-,-,-,3880.4000,3880.2000,3880.0000,3879.8000,3879.6000,3881.4000,3882.2000,3883.0000,3883.8000,3884.0000,1,2,2,1,1,1,1,1,1,1
SF,IF2001,2019-12-06 09:35:03.100,3880.4000,5956,0,225995940.000,1,0,1,多换,S,3880.2000,3880.0000,3879.8000,3879.6000,3878.8000,3881.2000,3881.4000,3882.2000,3883.0000,3883.8000,1,2,1,1,1,2,1,1,1,1
SF,IF2001,2019-12-06 09:35:03.600,3880.4000,5956,0,225995940.000,0,-,-,-,-,3880.6000,3880.4000,3880.2000,3880.0000,3879.8000,3881.2000,3881.4000,3882.2000,3883.0000,3883.8000,1,2,3,2,1,2,1,1,1,1
SF,IF2001,2019-12-06 09:35:04.100,3880.2000,5954,-2,228324120.000,2,0,2,双平,S,3880.0000,3879.8000,3878.8000,3878.0000,3877.6000,3880.4000,3881.0000,3881.2000,3881.4000,3882.2000,2,1,1,2,1,2,2,2,1,1
SF,IF2001,2019-12-06 09:35:04.600,3880.4000,5954,0,230652360.000,2,1,1,多换,S,3880.0000,3879.8000,3878.8000,3878.0000,3877.6000,3881.0000,3881.2000,3881.4000,3882.2000,3883.0000,2,1,1,2,1,1,2,1,1,1
SF,IF2001,2019-12-06 09:35:05.100,3880.4000,5954,0,230652360.000,0,-,-,-,-,3880.0000,3879.8000,3878.8000,3878.0000,3877.6000,3880.8000,3881.2000,3881.4000,3882.2000,3883.0000,2,1,1,2,1,1,2,1,1,1
SF,IF2001,2019-12-06 09:35:05.600,3880.4000,5954,0,230652360.000,0,-,-,-,-,3880.4000,3880.0000,3879.8000,3878.8000,3878.0000,3881.2000,3881.4000,3882.2000,3883.0000,3883.8000,1,2,1,1,2,2,1,1,1,1
SF,IF2001,2019-12-06 09:35:06.100,3880.4000,5954,0,230652360.000,0,-,-,-,-,3880.4000,3880.0000,3879.8000,3878.8000,3878.0000,3881.2000,3881.4000,3882.2000,3883.0000,3883.8000,1,2,1,1,2,2,1,1,1,1
SF,IF2001,2019-12-06 09:35:06.600,3880.0000,5953,-1,232980480.000,2,0,2,多平,S,3880.0000,3879.8000,3878.8000,3878.0000,3877.6000,3881.2000,3881.4000,3882.2000,3883.0000,3883.8000,1,1,1,2,1,2,1,1,1,1
SF,IF2001,2019-12-06 09:35:07.100,3881.2000,5953,0,235309200.000,2,1,1,多换,S,3881.2000,3880.2000,3880.0000,3879.8000,3879.6000,3881.4000,3882.2000,3883.0000,3883.8000,3884.0000,1,1,2,1,1,1,1,1,1,1
SF,IF2001,2019-12-06 09:35:07.600,3881.4000,5955,2,243459780.000,7,4,3,空开,S,3881.4000,3880.0000,3879.8000,3879.6000,3878.8000,3882.2000,3883.0000,3883.8000,3884.0000,3886.2000,1,2,1,1,1,1,1,1,1,1
SF,IF2001,2019-12-06 09:35:08.100,3882.0000,5955,0,245788800.000,2,1,1,多换,S,3880.0000,3879.8000,3879.6000,3878.8000,3878.0000,3882.0000,3882.2000,3883.0000,3883.8000,3884.0000,2,1,1,1,2,1,1,1,1,1
SF,IF2001,2019-12-06 09:35:08.600,3882.0000,5955,0,245788800.000,0,-,-,-,-,3880.6000,3880.4000,3880.2000,3880.0000,3879.8000,3882.2000,3883.0000,3883.8000,3884.0000,3886.2000,1,2,5,2,1,1,1,1,1,1
SF,IF2001,2019-12-06 09:35:09.100,3882.0000,5955,0,245788800.000,0,-,-,-,-,3880.8000,3880.6000,3880.4000,3880.2000,3880.0000,3882.2000,3883.0000,3883.8000,3884.0000,3886.2000,2,1,2,3,2,1,1,1,1,1
SF,IF2001,2019-12-06 09:35:09.600,3882.0000,5955,0,245788800.000,0,-,-,-,-,3880.8000,3880.2000,3880.0000,3879.8000,3879.6000,3882.0000,3883.0000,3883.8000,3884.0000,3886.2000,3,2,2,1,1,1,1,1,1,1
SF,IF2001,2019-12-06 09:35:10.100,3882.0000,5955,0,245788800.000,0,-,-,-,-,3880.8000,3880.2000,3880.0000,3879.8000,3879.6000,3882.0000,3882.8000,3883.0000,3883.8000,3884.0000,3,2,2,1,1,1,1,1,1,1
SF,IF2001,2019-12-06 09:35:10.600,3882.0000,5955,0,245788800.000,0,-,-,-,-,3880.8000,3880.2000,3880.0000,3879.8000,3879.6000,3882.8000,3883.0000,3883.8000,3884.0000,3886.2000,3,1,2,1,1,1,1,1,1,1
SF,IF2001,2019-12-06 09:35:11.100,3882.0000,5955,0,245788800.000,0,-,-,-,-,3880.8000,3880.2000,3880.0000,3879.8000,3879.6000,3882.6000,3883.0000,3883.8000,3884.0000,3886.2000,2,1,2,1,1,4,1,1,1,1
SF,IF2001,2019-12-06 09:35:11.600,3882.0000,5955,0,245788800.000,0,-,-,-,-,3881.0000,3880.8000,3880.4000,3880.2000,3880.0000,3882.4000,3882.6000,3883.0000,3883.8000,3884.0000,1,2,1,1,2,1,3,1,1,1
SF,IF2001,2019-12-06 09:35:12.100,3882.0000,5955,0,245788800.000,0,-,-,-,-,3881.2000,3881.0000,3880.4000,3880.2000,3880.0000,3882.2000,3882.4000,3882.6000,3883.0000,3883.8000,2,1,1,1,2,1,1,3,1,1
SF,IF2001,2019-12-06 09:35:12.600,3882.0000,5955,0,245788800.000,0,-,-,-,-,3881.2000,3880.4000,3880.2000,3880.0000,3879.8000,3882.4000,3882.6000,3883.0000,3883.8000,3884.0000,2,1,1,2,1,1,3,1,1,1
SF,IF2001,2019-12-06 09:35:13.100,3882.0000,5955,0,245788800.000,0,-,-,-,-,3881.2000,3880.2000,3880.0000,3879.8000,3879.6000,3882.2000,3882.4000,3882.6000,3883.0000,3883.8000,2,1,2,1,1,1,1,3,1,1
SF,IF2001,2019-12-06 09:35:13.600,3882.0000,5955,0,245788800.000,0,-,-,-,-,3881.2000,3880.2000,3880.0000,3879.8000,3879.6000,3882.4000,3882.6000,3883.0000,3883.8000,3884.0000,2,2,2,1,1,1,3,1,1,1
SF,IF2001,2019-12-06 09:35:15.100,3882.0000,5955,0,245788800.000,0,-,-,-,-,3881.2000,3880.2000,3880.0000,3879.8000,3879.6000,3882.4000,3882.6000,3883.0000,3883.8000,3884.0000,2,2,2,1,1,2,3,1,1,1
SF,IF2001,2019-12-06 09:35:16.100,3882.0000,5955,0,245788800.000,0,-,-,-,-,3881.2000,3880.4000,3880.2000,3880.0000,3879.8000,3882.4000,3882.6000,3883.0000,3883.8000,3884.0000,2,1,2,2,1,2,3,1,1,1
SF,IF2001,2019-12-06 09:35:16.600,3882.0000,5955,0,245788800.000,0,-,-,-,-,3881.2000,3880.4000,3880.2000,3880.0000,3879.8000,3882.2000,3882.4000,3882.6000,3883.0000,3883.8000,2,1,2,2,1,1,1,1,1,1
SF,IF2001,2019-12-06 09:35:17.100,3881.2000,5953,-2,248117520.000,2,0,2,双平,S,3880.4000,3880.2000,3880.0000,3879.8000,3879.6000,3882.4000,3882.6000,3883.0000,3883.8000,3884.0000,1,2,2,1,1,1,1,1,1,1
SF,IF2001,2019-12-06 09:35:17.600,3881.2000,5953,0,248117520.000,0,-,-,-,-,3880.6000,3880.4000,3880.2000,3880.0000,3879.8000,3882.2000,3882.4000,3882.6000,3883.0000,3883.8000,2,1,2,2,1,1,1,1,1,1
SF,IF2001,2019-12-06 09:35:18.100,3881.2000,5953,0,248117520.000,0,-,-,-,-,3880.6000,3880.4000,3880.2000,3880.0000,3879.6000,3882.2000,3882.4000,3882.6000,3883.0000,3883.8000,3,1,2,2,1,1,1,1,1,1
SF,IF2001,2019-12-06 09:35:18.600,3881.2000,5953,0,248117520.000,0,-,-,-,-,3880.6000,3880.4000,3880.2000,3880.0000,3879.6000,3882.0000,3882.2000,3882.6000,3883.0000,3883.8000,4,1,2,2,1,1,1,1,1,1
SF,IF2001,2019-12-06 09:35:19.100,3881.2000,5953,0,248117520.000,0,-,-,-,-,3880.8000,3880.6000,3880.4000,3880.2000,3880.0000,3882.0000,3882.2000,3882.6000,3883.0000,3883.8000,2,4,1,2,2,1,1,1,1,1
SF,IF2001,2019-12-06 09:35:19.600,3881.2000,5953,0,248117520.000,0,-,-,-,-,3881.0000,3880.8000,3880.6000,3880.4000,3880.2000,3882.2000,3882.6000,3883.0000,3883.8000,3884.0000,2,2,2,1,2,1,1,1,1,1
SF,IF2001,2019-12-06 09:35:20.100,3881.2000,5953,0,248117520.000,0,-,-,-,-,3881.0000,3880.8000,3880.6000,3880.4000,3880.2000,3882.2000,3882.6000,3883.0000,3883.8000,3884.0000,2,1,2,1,2,1,1,1,1,1
SF,IF2001,2019-12-06 09:35:20.600,3881.2000,5953,0,248117520.000,0,-,-,-,-,3881.0000,3880.6000,3880.4000,3880.2000,3880.0000,3882.0000,3882.2000,3882.6000,3883.0000,3883.8000,2,1,1,2,2,1,1,1,1,1
SF,IF2001,2019-12-06 09:35:21.100,3881.2000,5953,0,248117520.000,0,-,-,-,-,3881.0000,3880.6000,3880.4000,3880.2000,3880.0000,3881.8000,3882.2000,3883.0000,3883.8000,3884.0000,2,1,1,2,2,1,1,1,1,1
SF,IF2001,2019-12-06 09:35:21.600,3881.2000,5953,0,248117520.000,0,-,-,-,-,3881.0000,3880.6000,3880.4000,3880.2000,3880.0000,3882.2000,3883.0000,3883.8000,3884.0000,3885.0000,2,1,1,2,2,1,1,1,1,1
SF,IF2001,2019-12-06 09:35:23.600,3881.2000,5953,0,248117520.000,0,-,-,-,-,3881.0000,3880.4000,3880.2000,3880.0000,3879.6000,3882.2000,3883.0000,3883.8000,3884.0000,3885.0000,2,1,2,2,1,1,1,1,1,1
SF,IF2001,2019-12-06 09:35:24.100,3881.2000,5953,0,248117520.000,0,-,-,-,-,3881.0000,3880.4000,3880.2000,3880.0000,3879.6000,3882.0000,3882.2000,3883.0000,3883.8000,3884.0000,2,1,2,2,1,1,1,1,1,1
SF,IF2001,2019-12-06 09:35:24.600,3881.2000,5953,0,248117520.000,0,-,-,-,-,3881.0000,3880.4000,3880.2000,3880.0000,3879.6000,3883.0000,3883.8000,3884.0000,3885.0000,3886.2000,2,1,2,2,1,1,1,1,1,1
SF,IF2001,2019-12-06 09:35:25.100,3881.2000,5953,0,248117520.000,0,-,-,-,-,3881.2000,3881.0000,3880.4000,3880.2000,3880.0000,3882.6000,3882.8000,3883.0000,3883.8000,3884.0000,1,2,1,2,2,1,4,1,1,1
SF,IF2001,2019-12-06 09:35:25.600,3881.2000,5953,0,248117520.000,0,-,-,-,-,3881.4000,3881.2000,3880.4000,3880.2000,3880.0000,3882.6000,3882.8000,3883.0000,3883.8000,3884.0000,2,1,1,2,2,1,4,1,1,1
SF,IF2001,2019-12-06 09:35:26.100,3881.2000,5953,0,248117520.000,0,-,-,-,-,3881.4000,3880.4000,3880.2000,3880.0000,3879.6000,3882.6000,3882.8000,3883.0000,3883.8000,3884.0000,2,1,2,2,1,1,4,1,1,1
SF,IF2001,2019-12-06 09:35:27.600,3881.2000,5953,0,248117520.000,0,-,-,-,-,3881.4000,3880.4000,3880.2000,3880.0000,3879.6000,3882.6000,3882.8000,3883.0000,3883.8000,3884.0000,2,1,2,2,1,1,3,1,1,1
SF,IF2001,2019-12-06 09:35:28.100,3881.2000,5953,0,248117520.000,0,-,-,-,-,3881.4000,3880.4000,3880.2000,3880.0000,3879.6000,3882.6000,3882.8000,3883.0000,3883.8000,3884.0000,2,1,2,2,1,1,1,1,1,1
SF,IF2001,2019-12-06 09:35:28.600,3881.2000,5953,0,248117520.000,0,-,-,-,-,3881.4000,3881.2000,3880.4000,3880.2000,3880.0000,3882.6000,3882.8000,3883.0000,3883.8000,3884.0000,2,2,1,2,2,1,1,1,1,1
SF,IF2001,2019-12-06 09:35:30.600,3882.6000,5953,0,249282300.000,1,0,1,多换,S,3882.6000,3881.4000,3881.2000,3880.4000,3880.2000,3882.8000,3883.0000,3883.8000,3884.0000,3884.2000,2,2,2,1,2,1,1,1,1,1
SF,IF2001,2019-12-06 09:35:31.100,3882.6000,5951,-2,251611860.000,2,0,2,双平,S,3881.4000,3881.2000,3880.4000,3880.2000,3880.0000,3883.0000,3883.8000,3884.0000,3884.2000,3885.0000,2,2,1,2,2,1,1,1,1,1
SF,IF2001,2019-12-06 09:35:31.600,3882.6000,5951,0,251611860.000,0,-,-,-,-,3882.6000,3881.6000,3881.4000,3881.2000,3880.4000,3883.0000,3883.8000,3884.0000,3884.2000,3885.0000,3,1,2,2,1,1,1,1,1,1
SF,IF2001,2019-12-06 09:35:32.100,3882.6000,5953,2,255106200.000,3,2,1,空开,S,3881.6000,3881.4000,3881.2000,3880.4000,3880.2000,3882.8000,3883.0000,3883.8000,3884.0000,3884.2000,1,2,2,1,1,1,1,1,1,1
SF,IF2001,2019-12-06 09:35:32.600,3882.6000,5953,0,255106200.000,0,-,-,-,-,3881.8000,3881.2000,3880.4000,3880.2000,3880.0000,3883.0000,3883.8000,3884.0000,3884.2000,3885.0000,2,2,1,1,2,1,1,1,1,1
SF,IF2001,2019-12-06 09:35:33.100,3882.6000,5953,0,255106200.000,0,-,-,-,-,3881.8000,3881.2000,3880.4000,3880.2000,3880.0000,3882.8000,3883.0000,3883.8000,3884.0000,3884.2000,2,2,1,1,2,1,1,1,1,1
