市场代码,合约代码,时间,最新,持仓,增仓,成交额,成交量,开仓,平仓,成交类型,方向,买一价,买二价,买三价,买四价,买五价,卖一价,卖二价,卖三价,卖四价,卖五价,买一量,买二量,买三量,买四量,买五量,卖一量,卖二量,卖三量,卖四量,卖五量
SF,IF2003,2019-12-20 09:29:00.400,4067.0000,36319,0,13421100.000,11.000,-,-,-,-,4065.4000,4064.4000,4064.0000,4063.4000,4062.4000,4067.4000,4067.8000,4069.6000,4070.0000,4072.8000,5,5,1,5,5,1,4,2,1,1
SF,IF2003,2019-12-20 09:30:00.400,4067.8000,36316,-3,21961740.000,7,2,5,多平,S,4068.0000,4067.4000,4065.4000,4065.2000,4065.0000,4069.2000,4069.6000,4070.0000,4072.8000,4074.0000,1,2,4,3,1,2,2,1,1,1
SF,IF2003,2019-12-20 09:30:00.900,4068.0000,36314,-2,26843760.000,4,1,3,多平,S,4067.8000,4067.4000,4065.4000,4065.2000,4065.0000,4068.8000,4069.0000,4069.2000,4069.6000,4070.0000,3,2,4,3,1,6,6,2,2,1
SF,IF2003,2019-12-20 09:30:01.400,4067.4000,36314,0,31725000.000,4,2,2,多换,S,4067.4000,4065.8000,4065.4000,4065.2000,4065.0000,4068.6000,4068.8000,4069.0000,4069.2000,4069.6000,1,1,4,3,1,6,6,4,2,2
SF,IF2003,2019-12-20 09:30:01.900,4067.4000,36312,-2,35385660.000,3,0,3,多平,S,4065.8000,4065.4000,4065.2000,4065.0000,4064.4000,4068.2000,4068.4000,4068.6000,4068.8000,4069.0000,1,4,3,1,5,1,5,5,1,4
SF,IF2003,2019-12-20 09:30:02.400,4068.0000,36311,-1,37825860.000,2,0,2,多平,S,4066.0000,4065.8000,4065.4000,4065.2000,4065.0000,4068.0000,4068.2000,4068.4000,4068.6000,4068.8000,3,2,4,3,1,6,2,5,5,1
SF,IF2003,2019-12-20 09:30:02.900,4066.0000,36308,-3,41485260.000,3,0,3,双平,S,4065.8000,4065.4000,4065.2000,4065.0000,4064.4000,4066.0000,4067.6000,4067.8000,4068.0000,4068.2000,2,4,3,1,5,1,1,12,5,1
SF,IF2003,2019-12-20 09:30:03.400,4067.8000,36306,-2,52466520.000,9,3,6,多平,S,4065.8000,4065.4000,4065.2000,4065.0000,4064.4000,4067.8000,4068.0000,4068.2000,4068.6000,4068.8000,1,4,3,2,5,5,5,1,5,1
SF,IF2003,2019-12-20 09:30:03.900,4065.2000,36302,-4,58564560.000,5,0,5,多平,S,4065.2000,4065.0000,4064.4000,4063.4000,4062.4000,4065.8000,4067.2000,4067.6000,4067.8000,4068.0000,2,2,5,5,5,1,1,8,6,6
SF,IF2003,2019-12-20 09:30:04.400,4065.6000,36300,-2,61003980.000,2,0,2,双平,S,4066.0000,4065.8000,4065.6000,4065.4000,4065.2000,4067.2000,4067.6000,4067.8000,4068.0000,4068.6000,2,2,3,1,3,2,7,1,6,1
SF,IF2003,2019-12-20 09:30:04.900,4067.2000,36298,-2,64663920.000,3,0,3,多平,S,4066.2000,4066.0000,4065.8000,4065.6000,4065.2000,4067.6000,4067.8000,4068.0000,4068.6000,4068.8000,2,2,1,2,3,1,1,2,1,2
SF,IF2003,2019-12-20 09:30:05.400,4067.4000,36293,-5,71983080.000,6,0,6,多平,S,4067.2000,4065.8000,4065.6000,4065.2000,4065.0000,4067.4000,4067.6000,4067.8000,4068.0000,4068.6000,1,1,1,3,3,2,1,1,2,1
SF,IF2003,2019-12-20 09:30:05.900,4065.2000,36290,-3,79301340.000,6,1,5,多平,S,4066.0000,4065.0000,4064.4000,4063.4000,4062.4000,4067.2000,4067.4000,4067.6000,4068.0000,4068.6000,1,3,5,5,5,1,2,1,2,1
SF,IF2003,2019-12-20 09:30:06.400,4065.2000,36290,0,80520900.000,1,0,1,多换,S,4065.0000,4064.4000,4063.4000,4062.4000,4060.4000,4067.4000,4068.0000,4068.6000,4068.8000,4069.2000,3,5,5,5,1,2,2,1,2,2
SF,IF2003,2019-12-20 09:30:06.900,4065.2000,36289,-1,81740460.000,1,0,1,双平,S,4065.4000,4065.2000,4065.0000,4064.4000,4063.4000,4066.0000,4067.2000,4067.4000,4068.0000,4068.6000,1,8,4,5,5,5,4,1,2,1
SF,IF2003,2019-12-20 09:30:07.400,4065.6000,36279,-10,93938220.000,10,0,10,双平,S,4066.0000,4065.6000,4065.4000,4065.2000,4065.0000,4067.2000,4067.4000,4068.0000,4068.6000,4068.8000,6,3,1,2,3,7,1,1,1,2
SF,IF2003,2019-12-20 09:30:07.900,4067.2000,36279,0,100038960.000,5,2,3,多换,S,4066.2000,4066.0000,4065.6000,4065.0000,4064.4000,4067.4000,4068.0000,4068.6000,4068.8000,4069.2000,5,6,2,3,5,1,1,1,2,2
SF,IF2003,2019-12-20 09:30:08.400,4067.2000,36279,0,100038960.000,0,-,-,-,-,4066.4000,4066.2000,4066.0000,4065.6000,4065.0000,4068.0000,4068.6000,4068.8000,4069.2000,4069.6000,1,5,6,2,3,1,1,1,2,3
SF,IF2003,2019-12-20 09:30:08.900,4068.0000,36277,-2,102479760.000,2,0,2,双平,S,4068.0000,4066.8000,4066.6000,4066.4000,4066.2000,4068.6000,4068.8000,4069.2000,4069.6000,4069.8000,1,1,4,1,2,1,1,2,3,1
SF,IF2003,2019-12-20 09:30:09.400,4068.6000,36271,-6,109802940.000,6,0,6,双平,S,4066.8000,4066.6000,4066.4000,4066.2000,4066.0000,4068.8000,4069.2000,4069.6000,4069.8000,4070.0000,1,2,1,2,5,1,2,3,1,1
SF,IF2003,2019-12-20 09:30:09.900,4068.8000,36271,0,115905900.000,5,2,3,多换,S,4067.2000,4067.0000,4066.8000,4066.4000,4066.2000,4069.2000,4069.6000,4069.8000,4070.0000,4072.0000,5,4,1,1,2,2,3,1,1,1
SF,IF2003,2019-12-20 09:30:10.400,4069.2000,36270,-1,123229680.000,6,2,4,多平,S,4067.4000,4067.2000,4067.0000,4066.8000,4066.2000,4069.2000,4069.6000,4069.8000,4070.0000,4072.0000,3,5,2,2,2,2,3,1,1,1
SF,IF2003,2019-12-20 09:30:10.900,4069.2000,36270,0,123229680.000,0,-,-,-,-,4067.6000,4067.4000,4067.2000,4067.0000,4066.8000,4069.0000,4069.2000,4069.6000,4069.8000,4070.0000,1,2,5,2,2,5,3,3,1,1
SF,IF2003,2019-12-20 09:30:11.400,4069.6000,36270,0,130554360.000,6,3,3,多换,S,4069.2000,4069.0000,4067.8000,4067.6000,4067.4000,4069.6000,4069.8000,4070.0000,4072.0000,4072.8000,1,5,1,3,1,2,1,1,1,1
SF,IF2003,2019-12-20 09:30:11.900,4069.4000,36270,0,143982600.000,11,5,6,多换,S,4069.2000,4067.8000,4067.6000,4067.4000,4067.2000,4069.6000,4069.8000,4070.0000,4072.0000,4072.8000,1,1,2,1,5,2,1,1,1,1
SF,IF2003,2019-12-20 09:30:12.400,4069.4000,36269,-1,152528220.000,7,3,4,多平,S,4069.2000,4068.8000,4067.8000,4067.6000,4067.4000,4069.4000,4069.6000,4069.8000,4070.0000,4072.0000,1,1,1,2,1,5,2,1,1,1
SF,IF2003,2019-12-20 09:30:12.900,4069.6000,36270,1,158632380.000,5,3,2,空开,S,4069.6000,4068.8000,4067.8000,4067.6000,4067.4000,4069.8000,4070.0000,4072.0000,4072.8000,4073.8000,2,1,1,2,1,1,1,1,2,1
SF,IF2003,2019-12-20 09:30:13.400,4067.6000,36266,-4,165955680.000,6,1,5,多平,S,4067.4000,4067.2000,4067.0000,4066.8000,4066.2000,4069.8000,4070.0000,4072.0000,4072.8000,4073.8000,1,5,1,2,2,1,1,1,2,1
SF,IF2003,2019-12-20 09:30:13.900,4067.6000,36266,0,165955680.000,0,-,-,-,-,4068.0000,4067.8000,4067.6000,4067.4000,4067.2000,4069.6000,4069.8000,4070.0000,4072.0000,4072.8000,1,3,6,1,5,1,1,1,1,2
SF,IF2003,2019-12-20 09:30:14.400,4067.6000,36266,0,165955680.000,0,-,-,-,-,4068.2000,4068.0000,4067.8000,4067.6000,4067.4000,4069.4000,4069.6000,4069.8000,4070.0000,4072.0000,2,1,2,4,1,1,1,1,1,1
SF,IF2003,2019-12-20 09:30:14.900,4069.4000,36264,-2,174499560.000,7,2,5,多平,S,4067.8000,4067.6000,4067.4000,4067.2000,4067.0000,4069.4000,4069.6000,4069.8000,4070.0000,4072.0000,2,4,1,5,1,1,1,1,1,1
SF,IF2003,2019-12-20 09:30:15.400,4069.2000,36259,-5,181822320.000,6,0,6,多平,S,4068.0000,4067.8000,4067.6000,4067.4000,4067.2000,4069.4000,4069.6000,4069.8000,4070.0000,4072.0000,2,2,2,1,5,1,1,1,1,1
SF,IF2003,2019-12-20 09:30:15.900,4069.2000,36258,-1,190367640.000,7,3,4,多平,S,4068.2000,4068.0000,4067.8000,4067.6000,4067.4000,4069.4000,4069.6000,4069.8000,4070.0000,4072.0000,1,2,2,2,1,1,1,1,2,1
SF,IF2003,2019-12-20 09:30:16.400,4069.4000,36259,1,200134140.000,8,4,4,空开,S,4069.4000,4068.4000,4067.8000,4067.4000,4067.2000,4069.6000,4069.8000,4070.0000,4072.0000,4072.8000,12,1,2,1,5,1,1,3,1,2
SF,IF2003,2019-12-20 09:30:16.900,4069.4000,36259,0,214783980.000,12,6,6,多换,S,4067.8000,4067.2000,4067.0000,4066.2000,4066.0000,4068.6000,4069.0000,4069.4000,4069.6000,4069.8000,2,5,2,2,5,5,1,1,1,1
SF,IF2003,2019-12-20 09:30:17.400,4067.8000,36255,-4,219665400.000,4,0,4,双平,S,4067.2000,4067.0000,4066.2000,4066.0000,4065.4000,4067.6000,4068.4000,4068.6000,4069.4000,4069.6000,5,2,2,5,1,1,1,5,1,1
SF,IF2003,2019-12-20 09:30:17.900,4068.6000,36252,-3,223326780.000,3,0,3,双平,S,4068.0000,4067.4000,4067.2000,4067.0000,4066.2000,4068.6000,4069.8000,4070.0000,4072.0000,4072.8000,1,3,5,2,2,4,1,3,1,2
SF,IF2003,2019-12-20 09:30:18.400,4068.6000,36252,0,223326780.000,0,-,-,-,-,4068.0000,4067.8000,4067.2000,4067.0000,4066.2000,4068.2000,4068.4000,4068.6000,4069.8000,4070.0000,1,1,5,2,2,5,1,4,1,3
SF,IF2003,2019-12-20 09:30:18.900,4068.4000,36249,-3,226988160.000,3,0,3,双平,S,4067.8000,4067.2000,4067.0000,4066.2000,4066.0000,4068.6000,4069.4000,4069.8000,4070.0000,4072.0000,1,5,2,2,5,4,1,1,2,1
SF,IF2003,2019-12-20 09:30:19.400,4068.4000,36249,0,228208680.000,1,0,1,多换,S,4067.8000,4067.2000,4067.0000,4066.2000,4066.0000,4068.4000,4068.6000,4069.4000,4069.8000,4070.0000,1,5,2,2,5,5,4,1,1,2
SF,IF2003,2019-12-20 09:30:19.900,4068.4000,36249,0,234311280.000,5,2,3,多换,S,4068.4000,4067.8000,4067.2000,4067.0000,4066.2000,4068.6000,4069.4000,4069.8000,4070.0000,4072.0000,6,1,5,2,2,4,1,1,2,1
SF,IF2003,2019-12-20 09:30:20.400,4068.4000,36249,0,236752320.000,2,1,1,多换,S,4068.4000,4067.8000,4067.2000,4067.0000,4066.2000,4069.2000,4069.4000,4069.8000,4070.0000,4072.0000,4,1,5,2,2,1,1,1,3,1
SF,IF2003,2019-12-20 09:30:20.900,4069.2000,36249,0,244075980.000,6,3,3,多换,S,4068.4000,4067.8000,4067.2000,4067.0000,4066.2000,4069.4000,4069.8000,4070.0000,4072.0000,4072.8000,4,1,5,2,2,1,1,3,1,2
SF,IF2003,2019-12-20 09:30:21.400,4069.2000,36249,0,245296740.000,1,0,1,多换,S,4068.6000,4068.4000,4067.8000,4067.2000,4067.0000,4069.4000,4069.8000,4070.0000,4072.0000,4072.8000,2,4,1,5,2,1,1,3,1,2
SF,IF2003,2019-12-20 09:30:21.900,4069.2000,36249,0,251400540.000,5,2,3,多换,S,4068.6000,4068.4000,4067.8000,4067.2000,4067.0000,4069.2000,4069.4000,4069.8000,4070.0000,4072.0000,2,4,1,5,2,3,1,1,3,1
SF,IF2003,2019-12-20 09:30:22.400,4069.2000,36249,0,256283400.000,4,2,2,多换,S,4069.2000,4068.4000,4067.8000,4067.2000,4067.0000,4069.4000,4069.8000,4070.0000,4072.0000,4072.8000,3,4,1,5,2,1,1,3,1,2
SF,IF2003,2019-12-20 09:30:22.900,4069.4000,36251,2,266049300.000,8,5,3,空开,S,4069.4000,4068.4000,4067.8000,4067.2000,4067.0000,4069.8000,4070.0000,4072.0000,4072.8000,4073.8000,1,3,1,5,2,1,4,1,2,1
SF,IF2003,2019-12-20 09:30:23.400,4069.6000,36251,0,273374520.000,6,3,3,多换,S,4068.6000,4068.4000,4067.8000,4067.2000,4067.0000,4069.6000,4069.8000,4070.0000,4072.0000,4072.8000,2,3,1,5,2,2,1,4,1,2
SF,IF2003,2019-12-20 09:30:23.900,4069.6000,36251,0,279478920.000,5,2,3,多换,S,4068.8000,4068.6000,4068.4000,4067.8000,4067.2000,4069.6000,4069.8000,4070.0000,4072.0000,4072.8000,1,2,3,1,5,3,1,4,1,2
SF,IF2003,2019-12-20 09:30:24.400,4069.6000,36251,0,280699800.000,1,0,1,多换,S,4069.6000,4069.0000,4068.8000,4068.6000,4068.4000,4069.8000,4070.0000,4072.0000,4072.8000,4073.8000,4,1,1,2,3,1,4,1,2,1
SF,IF2003,2019-12-20 09:30:24.900,4069.4000,36251,0,292907760.000,10,5,5,多换,S,4068.8000,4068.6000,4068.4000,4067.8000,4067.2000,4069.4000,4069.8000,4070.0000,4072.0000,4072.8000,1,2,3,1,5,3,1,4,1,2
SF,IF2003,2019-12-20 09:30:25.400,4069.8000,36251,0,295349640.000,2,1,1,多换,S,4069.8000,4069.6000,4068.8000,4068.6000,4068.4000,4070.0000,4072.0000,4072.8000,4073.8000,4074.0000,3,1,1,2,3,5,1,2,1,1
SF,IF2003,2019-12-20 09:30:25.900,4069.4000,36249,-2,303895560.000,7,2,5,多平,S,4069.4000,4068.6000,4068.4000,4067.2000,4067.0000,4069.8000,4070.0000,4072.0000,4072.8000,4073.8000,4,1,3,5,2,1,5,1,2,1
SF,IF2003,2019-12-20 09:30:26.400,4069.8000,36249,0,318544020.000,12,6,6,多换,S,4069.8000,4068.4000,4067.2000,4067.0000,4066.0000,4070.0000,4072.0000,4072.8000,4073.8000,4074.0000,4,2,5,2,5,5,1,2,1,1
SF,IF2003,2019-12-20 09:30:26.900,4069.8000,36249,0,325869660.000,6,3,3,多换,S,4069.8000,4068.4000,4067.2000,4067.0000,4066.0000,4070.0000,4072.0000,4072.8000,4073.8000,4074.0000,3,2,5,2,5,6,1,2,1,1
SF,IF2003,2019-12-20 09:30:27.400,4069.8000,36250,1,327090600.000,1,1,0,双开,S,4069.8000,4068.4000,4067.2000,4067.0000,4066.0000,4070.0000,4072.0000,4072.8000,4073.8000,4074.0000,2,2,5,2,5,6,1,2,1,1
SF,IF2003,2019-12-20 09:30:27.900,4070.0000,36249,-1,328311600.000,1,0,1,双平,S,4069.8000,4068.4000,4067.2000,4067.0000,4066.0000,4070.0000,4072.0000,4072.8000,4073.8000,4074.0000,2,2,5,2,5,5,1,2,1,1
SF,IF2003,2019-12-20 09:30:28.400,4070.0000,36250,1,333195480.000,4,2,2,空开,S,4068.4000,4067.2000,4067.0000,4066.0000,4065.4000,4069.0000,4070.0000,4072.0000,4072.8000,4073.8000,2,5,2,5,1,1,3,1,2,1
SF,IF2003,2019-12-20 09:30:28.900,4069.0000,36249,-1,334416180.000,1,0,1,双平,S,4069.0000,4068.6000,4068.4000,4067.2000,4067.0000,4070.0000,4072.0000,4072.8000,4073.8000,4074.0000,3,3,2,5,2,3,1,2,1,1
SF,IF2003,2019-12-20 09:30:29.400,4069.0000,36249,0,334416180.000,0,-,-,-,-,4069.2000,4069.0000,4068.6000,4068.4000,4067.2000,4070.0000,4070.2000,4072.0000,4072.8000,4073.8000,1,2,1,2,5,3,1,1,2,1
SF,IF2003,2019-12-20 09:30:29.900,4069.0000,36249,0,334416180.000,0,-,-,-,-,4069.2000,4069.0000,4068.6000,4068.4000,4067.2000,4070.0000,4070.2000,4072.0000,4072.8000,4073.8000,1,4,1,2,5,3,1,1,2,1
SF,IF2003,2019-12-20 09:30:30.400,4070.0000,36248,-1,336858180.000,2,0,2,多平,S,4069.2000,4069.0000,4068.6000,4068.4000,4067.2000,4070.0000,4070.2000,4072.0000,4072.8000,4073.8000,2,4,1,2,5,1,1,1,2,1
SF,IF2003,2019-12-20 09:30:30.900,4070.0000,36249,1,338079180.000,1,1,0,双开,S,4069.2000,4069.0000,4068.6000,4068.4000,4067.2000,4069.8000,4070.2000,4072.0000,4072.8000,4073.8000,2,4,1,2,5,1,1,1,2,1
SF,IF2003,2019-12-20 09:30:31.400,4069.8000,36247,-2,340521060.000,2,0,2,双平,S,4069.8000,4069.4000,4069.2000,4069.0000,4068.6000,4070.2000,4072.0000,4072.8000,4073.8000,4074.0000,1,1,2,2,1,1,1,2,1,1
SF,IF2003,2019-12-20 09:30:31.900,4069.0000,36241,-6,350287740.000,8,1,7,多平,S,4068.4000,4067.2000,4067.0000,4066.0000,4065.4000,4069.8000,4072.0000,4072.6000,4072.8000,4073.8000,2,5,2,5,1,1,1,6,2,1
SF,IF2003,2019-12-20 09:30:32.400,4069.8000,36238,-3,353950560.000,3,0,3,双平,S,4069.2000,4068.6000,4068.4000,4067.2000,4067.0000,4069.4000,4072.0000,4072.6000,4072.8000,4073.8000,1,3,2,5,1,3,1,6,2,1
SF,IF2003,2019-12-20 09:30:32.900,4069.4000,36235,-3,357613020.000,3,0,3,双平,S,4070.0000,4069.4000,4069.2000,4068.6000,4068.4000,4072.0000,4072.6000,4072.8000,4073.8000,4074.0000,1,2,1,1,2,1,6,2,1,1
SF,IF2003,2019-12-20 09:30:33.400,4069.2000,36233,-2,371045820.000,11,4,7,多平,S,4068.4000,4067.2000,4067.0000,4066.0000,4065.4000,4071.6000,4071.8000,4072.0000,4072.6000,4072.8000,2,5,1,5,1,3,3,1,6,2
SF,IF2003,2019-12-20 09:30:33.900,4069.2000,36233,0,371045820.000,0,-,-,-,-,4068.6000,4068.4000,4067.2000,4067.0000,4066.0000,4071.4000,4071.6000,4071.8000,4072.0000,4072.6000,2,3,5,1,5,2,3,1,1,6
SF,IF2003,2019-12-20 09:30:34.400,4069.2000,36233,0,371045820.000,0,-,-,-,-,4068.6000,4068.4000,4067.8000,4067.2000,4067.0000,4071.2000,4071.4000,4071.6000,4071.8000,4072.0000,2,3,1,5,1,1,1,2,1,1
SF,IF2003,2019-12-20 09:30:34.900,4069.2000,36233,0,371045820.000,0,-,-,-,-,4068.6000,4068.4000,4067.8000,4067.2000,4067.0000,4071.0000,4071.2000,4071.6000,4071.8000,4072.0000,2,3,1,5,1,1,2,3,1,1
SF,IF2003,2019-12-20 09:30:35.400,4069.2000,36233,0,371045820.000,0,-,-,-,-,4068.6000,4068.4000,4067.8000,4067.2000,4067.0000,4071.0000,4071.2000,4071.6000,4071.8000,4072.0000,2,3,1,5,1,1,1,3,1,2
SF,IF2003,2019-12-20 09:30:35.900,4071.0000,36233,0,372267120.000,1,0,1,多换,S,4068.8000,4068.6000,4068.4000,4067.8000,4067.2000,4071.2000,4071.6000,4071.8000,4072.0000,4072.6000,8,2,3,1,5,1,3,1,2,6
SF,IF2003,2019-12-20 09:30:36.400,4071.0000,36231,-2,374709720.000,2,0,2,双平,S,4069.0000,4068.8000,4068.6000,4068.4000,4067.8000,4070.8000,4071.2000,4071.6000,4071.8000,4072.0000,1,8,1,3,1,1,3,2,1,2
SF,IF2003,2019-12-20 09:30:36.900,4071.0000,36231,0,375931020.000,1,0,1,多换,S,4069.2000,4069.0000,4068.8000,4068.6000,4068.4000,4071.2000,4071.6000,4072.0000,4072.6000,4072.8000,2,1,8,1,3,3,2,2,6,3
SF,IF2003,2019-12-20 09:30:37.400,4071.0000,36231,0,377152320.000,1,0,1,多换,S,4069.4000,4069.2000,4069.0000,4068.8000,4068.6000,4071.2000,4071.6000,4072.0000,4072.6000,4072.8000,1,2,1,7,1,1,2,2,6,3
SF,IF2003,2019-12-20 09:30:37.900,4071.2000,36231,0,380815920.000,3,1,2,多换,S,4071.2000,4069.6000,4069.4000,4069.2000,4069.0000,4071.6000,4071.8000,4072.0000,4072.6000,4072.8000,2,1,1,1,1,2,2,3,6,3
SF,IF2003,2019-12-20 09:30:38.400,4071.2000,36230,-1,388144080.000,6,2,4,多平,S,4069.4000,4068.8000,4068.4000,4067.8000,4067.2000,4071.2000,4071.4000,4071.6000,4071.8000,4072.0000,1,7,3,1,5,5,3,1,2,3
SF,IF2003,2019-12-20 09:30:38.900,4069.6000,36229,-1,389364960.000,1,0,1,双平,S,4069.6000,4069.4000,4068.8000,4068.4000,4067.8000,4070.6000,4070.8000,4071.0000,4071.2000,4071.4000,1,1,4,3,1,1,5,2,12,3
SF,IF2003,2019-12-20 09:30:39.400,4070.2000,36228,-1,390586020.000,1,0,1,双平,S,4069.8000,4068.4000,4067.8000,4067.2000,4067.0000,4070.2000,4070.6000,4070.8000,4071.2000,4071.4000,1,3,1,5,1,4,2,5,12,2
SF,IF2003,2019-12-20 09:30:39.900,4069.8000,36227,-1,391806960.000,1,0,1,双平,S,4068.4000,4067.8000,4067.2000,4067.0000,4066.6000,4069.8000,4070.0000,4070.2000,4070.6000,4070.8000,3,1,5,1,1,4,2,4,1,5
SF,IF2003,2019-12-20 09:30:40.400,4069.8000,36226,-1,393027900.000,1,0,1,双平,S,4068.6000,4068.4000,4067.8000,4067.2000,4067.0000,4069.6000,4069.8000,4070.0000,4070.2000,4070.8000,1,3,1,5,1,2,4,5,4,5
SF,IF2003,2019-12-20 09:30:40.900,4068.6000,36225,-1,396690240.000,3,1,2,多平,S,4068.4000,4067.8000,4067.2000,4067.0000,4066.6000,4069.8000,4070.0000,4070.2000,4071.2000,4071.4000,3,1,5,1,1,4,5,4,9,4
SF,IF2003,2019-12-20 09:30:41.400,4069.6000,36220,-5,402794640.000,5,0,5,双平,S,4068.6000,4068.4000,4067.8000,4067.2000,4067.0000,4069.6000,4069.8000,4070.0000,4070.2000,4071.0000,1,3,1,5,1,1,4,5,4,1
SF,IF2003,2019-12-20 09:30:41.900,4069.8000,36220,0,405236520.000,2,1,1,多换,S,4068.6000,4068.4000,4067.8000,4067.2000,4067.0000,4069.8000,4070.0000,4070.2000,4071.0000,4071.2000,2,3,1,5,1,2,5,4,1,9
SF,IF2003,2019-12-20 09:30:42.400,4069.8000,36220,0,405236520.000,0,-,-,-,-,4068.8000,4068.6000,4068.4000,4067.8000,4067.2000,4069.8000,4070.0000,4070.2000,4071.0000,4071.2000,2,1,2,1,5,2,5,4,1,9
SF,IF2003,2019-12-20 09:30:42.900,4069.8000,36220,0,405236520.000,0,-,-,-,-,4069.0000,4068.8000,4068.4000,4067.8000,4067.2000,4069.6000,4069.8000,4070.0000,4070.2000,4071.0000,1,3,2,1,5,5,2,5,4,1
SF,IF2003,2019-12-20 09:30:43.400,4068.8000,36213,-7,415002420.000,8,0,8,多平,S,4068.4000,4067.8000,4067.2000,4067.0000,4066.6000,4068.6000,4069.8000,4070.0000,4070.2000,4071.0000,2,1,5,1,1,3,2,5,4,1
SF,IF2003,2019-12-20 09:30:43.900,4068.6000,36210,-3,418664160.000,3,0,3,双平,S,4068.8000,4068.6000,4068.4000,4067.8000,4067.2000,4069.8000,4071.0000,4071.2000,4071.4000,4071.6000,3,6,3,1,5,1,1,1,4,1
SF,IF2003,2019-12-20 09:30:44.400,4068.6000,36210,0,418664160.000,0,-,-,-,-,4069.0000,4068.8000,4068.6000,4068.4000,4067.8000,4069.8000,4071.0000,4071.2000,4071.4000,4071.6000,2,2,8,3,1,1,1,1,4,1
SF,IF2003,2019-12-20 09:30:44.900,4068.6000,36210,0,422325900.000,3,1,2,多换,S,4069.0000,4068.8000,4068.6000,4068.4000,4067.8000,4069.8000,4071.0000,4071.2000,4071.4000,4071.6000,2,2,8,3,1,1,1,1,3,1
SF,IF2003,2019-12-20 09:30:45.400,4069.2000,36209,-1,423546660.000,1,0,1,双平,S,4069.0000,4068.8000,4068.6000,4068.4000,4067.8000,4069.8000,4071.0000,4071.2000,4071.4000,4071.6000,2,2,8,3,1,1,1,1,3,1
SF,IF2003,2019-12-20 09:30:45.900,4068.8000,36206,-3,428429460.000,4,0,4,多平,S,4068.8000,4068.6000,4068.4000,4067.8000,4067.6000,4071.0000,4071.2000,4071.4000,4071.6000,4072.0000,1,8,3,1,1,1,1,3,1,2
SF,IF2003,2019-12-20 09:30:46.400,4068.8000,36206,0,428429460.000,0,-,-,-,-,4069.0000,4068.6000,4068.4000,4067.8000,4067.6000,4070.0000,4070.6000,4070.8000,4071.0000,4071.2000,2,8,3,1,1,5,1,3,2,1
SF,IF2003,2019-12-20 09:30:46.900,4068.8000,36206,0,428429460.000,0,-,-,-,-,4069.2000,4069.0000,4068.6000,4068.4000,4067.8000,4070.0000,4070.8000,4071.0000,4071.2000,4071.4000,1,1,7,3,1,5,3,1,1,2
SF,IF2003,2019-12-20 09:30:47.400,4068.8000,36206,0,428429460.000,0,-,-,-,-,4068.6000,4068.4000,4067.8000,4067.6000,4067.2000,4069.8000,4070.0000,4070.8000,4071.0000,4071.2000,7,3,1,1,5,1,5,3,1,1
SF,IF2003,2019-12-20 09:30:47.900,4068.8000,36206,0,428429460.000,0,-,-,-,-,4068.8000,4068.6000,4068.4000,4067.8000,4067.6000,4069.8000,4070.0000,4070.8000,4071.0000,4071.2000,3,7,3,1,1,1,5,2,1,1
SF,IF2003,2019-12-20 09:30:48.400,4069.6000,36206,0,429650340.000,1,0,1,多换,S,4068.8000,4068.6000,4068.4000,4067.8000,4067.6000,4069.8000,4070.0000,4070.8000,4071.0000,4071.2000,1,7,3,1,1,2,5,1,1,1
SF,IF2003,2019-12-20 09:30:48.900,4069.6000,36206,0,430871220.000,1,0,1,多换,S,4068.8000,4068.6000,4068.4000,4067.8000,4067.6000,4069.6000,4069.8000,4070.0000,4070.8000,4071.0000,1,7,3,1,1,1,1,5,1,1
SF,IF2003,2019-12-20 09:30:49.400,4069.6000,36206,0,430871220.000,0,-,-,-,-,4068.8000,4068.6000,4068.4000,4067.8000,4067.6000,4069.6000,4069.8000,4070.8000,4071.0000,4071.2000,1,7,3,1,1,1,1,1,1,1
SF,IF2003,2019-12-20 09:30:49.900,4068.6000,36207,1,439415280.000,7,4,3,空开,S,4068.4000,4067.8000,4067.6000,4067.2000,4067.0000,4068.6000,4069.8000,4070.8000,4071.0000,4071.2000,3,1,1,5,1,40,1,1,1,1
SF,IF2003,2019-12-20 09:30:50.400,4068.6000,36209,2,463826820.000,20,11,9,空开,S,4068.4000,4067.8000,4067.6000,4067.2000,4067.0000,4068.6000,4069.8000,4070.6000,4070.8000,4071.0000,2,1,1,5,1,21,1,1,1,1
SF,IF2003,2019-12-20 09:30:50.900,4068.6000,36211,2,468709140.000,4,3,1,空开,S,4068.4000,4067.8000,4067.6000,4067.2000,4067.0000,4068.6000,4069.8000,4070.6000,4070.8000,4071.0000,2,1,1,5,1,17,1,1,1,1
SF,IF2003,2019-12-20 09:30:51.400,4068.4000,36210,-1,471150180.000,2,0,2,多平,S,4067.8000,4067.6000,4067.2000,4067.0000,4066.6000,4068.4000,4068.6000,4068.8000,4069.8000,4070.6000,1,1,5,1,1,3,17,1,1,1
SF,IF2003,2019-12-20 09:30:51.900,4068.4000,36208,-2,473591220.000,2,0,2,双平,S,4068.0000,4067.8000,4067.6000,4067.2000,4067.0000,4068.4000,4068.6000,4068.8000,4069.8000,4070.6000,4,1,1,5,1,1,17,1,1,1
SF,IF2003,2019-12-20 09:30:52.400,4068.4000,36207,-1,474811740.000,1,0,1,双平,S,4068.0000,4067.8000,4067.6000,4067.2000,4067.0000,4068.4000,4068.6000,4068.8000,4069.8000,4070.6000,3,1,1,5,1,1,17,1,1,1
SF,IF2003,2019-12-20 09:30:52.900,4068.6000,36207,0,480914580.000,5,2,3,多换,S,4068.0000,4067.8000,4067.6000,4067.2000,4067.0000,4068.6000,4068.8000,4069.0000,4069.8000,4070.6000,3,1,1,5,1,13,1,1,1,1
SF,IF2003,2019-12-20 09:30:53.400,4068.6000,36208,1,482135160.000,1,1,0,双开,S,4068.2000,4068.0000,4067.8000,4067.6000,4067.2000,4068.6000,4068.8000,4069.0000,4069.8000,4070.6000,2,3,1,1,5,12,1,1,1,1
SF,IF2003,2019-12-20 09:30:53.900,4068.6000,36208,0,484576320.000,2,1,1,多换,S,4068.2000,4068.0000,4067.8000,4067.6000,4067.2000,4068.6000,4068.8000,4069.0000,4069.8000,4070.6000,2,3,1,1,5,10,1,1,1,1
SF,IF2003,2019-12-20 09:30:54.400,4068.6000,36209,1,485796900.000,1,1,0,双开,S,4068.2000,4068.0000,4067.8000,4067.6000,4067.2000,4068.6000,4068.8000,4069.0000,4069.8000,4070.6000,1,3,1,1,5,9,1,1,1,1
SF,IF2003,2019-12-20 09:30:54.900,4068.0000,36208,-1,489458160.000,3,1,2,多平,S,4068.0000,4067.8000,4067.6000,4067.2000,4067.0000,4068.6000,4068.8000,4069.0000,4069.8000,4070.6000,1,1,1,5,1,9,1,1,1,1
SF,IF2003,2019-12-20 09:30:55.400,4068.0000,36208,0,489458160.000,0,-,-,-,-,4068.0000,4067.8000,4067.6000,4067.2000,4067.0000,4068.4000,4068.6000,4068.8000,4069.0000,4069.8000,1,1,1,5,1,1,9,1,1,1
SF,IF2003,2019-12-20 09:30:55.900,4068.6000,36207,-1,493119840.000,3,1,2,多平,S,4068.0000,4067.8000,4067.6000,4067.2000,4067.0000,4068.6000,4068.8000,4069.0000,4069.8000,4070.6000,1,1,1,5,1,7,1,1,1,1
SF,IF2003,2019-12-20 09:30:56.900,4068.6000,36207,0,493119840.000,0,-,-,-,-,4068.0000,4067.8000,4067.6000,4067.2000,4067.0000,4068.6000,4068.8000,4069.0000,4069.8000,4070.6000,1,1,1,5,1,7,1,1,1,1
SF,IF2003,2019-12-20 09:30:57.400,4068.6000,36208,1,494340420.000,1,1,0,双开,S,4068.0000,4067.8000,4067.6000,4067.2000,4067.0000,4068.6000,4068.8000,4069.0000,4069.8000,4070.6000,1,1,1,5,1,6,1,1,1,2
SF,IF2003,2019-12-20 09:30:58.400,4068.0000,36207,-1,495560820.000,1,0,1,双平,S,4067.8000,4067.6000,4067.2000,4067.0000,4066.6000,4068.0000,4068.6000,4068.8000,4069.0000,4069.8000,1,1,5,1,1,2,6,1,1,1
SF,IF2003,2019-12-20 09:30:58.900,4068.0000,36204,-3,501662760.000,5,1,4,多平,S,4068.0000,4067.6000,4067.2000,4067.0000,4066.6000,4068.4000,4068.6000,4068.8000,4069.0000,4069.8000,3,1,5,1,1,5,6,1,1,1
SF,IF2003,2019-12-20 09:30:59.400,4068.0000,36202,-2,504103560.000,2,0,2,双平,S,4067.6000,4067.2000,4067.0000,4066.6000,4066.0000,4068.0000,4068.6000,4068.8000,4069.0000,4069.8000,1,5,1,1,5,1,6,1,1,1
SF,IF2003,2019-12-20 09:30:59.900,4068.0000,36202,0,504103560.000,0,-,-,-,-,4067.6000,4067.2000,4067.0000,4066.6000,4066.0000,4068.0000,4068.6000,4068.8000,4069.0000,4069.8000,1,5,1,1,5,3,7,1,1,1
SF,IF2003,2019-12-20 09:31:00.900,4068.0000,36200,-2,506544240.000,2,0,2,双平,S,4067.2000,4067.0000,4066.6000,4066.0000,4065.4000,4068.0000,4068.6000,4068.8000,4069.0000,4069.4000,5,1,1,5,1,3,7,1,1,2
SF,IF2003,2019-12-20 09:31:01.400,4068.0000,36200,0,506544240.000,0,-,-,-,-,4067.4000,4067.2000,4067.0000,4066.6000,4066.0000,4067.8000,4068.0000,4068.6000,4068.8000,4069.0000,3,5,1,1,5,2,3,7,2,1
SF,IF2003,2019-12-20 09:31:01.900,4068.0000,36200,0,507764640.000,1,0,1,多换,S,4067.4000,4067.2000,4067.0000,4066.6000,4066.0000,4067.8000,4068.0000,4068.6000,4068.8000,4069.0000,3,5,1,1,5,1,3,7,2,2
SF,IF2003,2019-12-20 09:31:03.400,4067.4000,36200,0,510205200.000,2,1,1,多换,S,4067.4000,4067.2000,4067.0000,4066.6000,4066.0000,4068.0000,4068.6000,4068.8000,4069.0000,4069.4000,2,5,1,1,5,3,1,2,2,2
SF,IF2003,2019-12-20 09:31:03.900,4067.4000,36200,0,510205200.000,0,-,-,-,-,4067.4000,4067.2000,4067.0000,4066.6000,4066.0000,4067.8000,4068.0000,4068.6000,4068.8000,4069.0000,2,5,1,1,5,5,3,1,2,2
SF,IF2003,2019-12-20 09:31:04.400,4067.4000,36199,-1,512645760.000,2,0,2,多平,S,4067.4000,4067.2000,4067.0000,4066.6000,4066.0000,4068.0000,4068.6000,4068.8000,4069.0000,4069.4000,1,5,1,1,5,3,1,2,2,2
SF,IF2003,2019-12-20 09:31:05.400,4067.4000,36199,0,512645760.000,0,-,-,-,-,4067.6000,4067.4000,4067.2000,4067.0000,4066.6000,4068.0000,4068.6000,4068.8000,4069.0000,4069.4000,2,1,5,1,1,3,1,2,2,2
SF,IF2003,2019-12-20 09:31:05.900,4067.6000,36199,0,513866040.000,1,0,1,多换,S,4067.6000,4067.2000,4067.0000,4066.6000,4066.0000,4068.0000,4068.6000,4068.8000,4069.0000,4069.4000,2,5,1,1,5,3,1,2,2,2
SF,IF2003,2019-12-20 09:31:06.400,4068.0000,36197,-2,516306720.000,2,0,2,双平,S,4067.2000,4067.0000,4066.6000,4066.0000,4065.4000,4068.0000,4068.6000,4068.8000,4069.0000,4070.6000,5,1,1,5,1,2,1,2,2,2
SF,IF2003,2019-12-20 09:31:06.900,4068.0000,36197,0,516306720.000,0,-,-,-,-,4067.4000,4067.2000,4067.0000,4066.6000,4066.0000,4067.8000,4068.0000,4068.6000,4068.8000,4069.0000,3,5,1,1,5,1,2,1,2,2
SF,IF2003,2019-12-20 09:31:07.400,4067.8000,36196,-1,517527060.000,1,0,1,双平,S,4067.4000,4067.2000,4067.0000,4066.6000,4066.0000,4068.0000,4068.6000,4068.8000,4069.0000,4070.6000,3,5,1,1,5,2,1,2,2,2
SF,IF2003,2019-12-20 09:31:07.900,4068.0000,36194,-2,519967860.000,2,0,2,双平,S,4067.4000,4067.2000,4067.0000,4066.6000,4066.0000,4068.6000,4068.8000,4069.0000,4070.6000,4071.2000,3,5,1,1,5,1,2,2,2,1
SF,IF2003,2019-12-20 09:31:08.400,4068.0000,36194,0,519967860.000,0,-,-,-,-,4067.6000,4067.4000,4067.2000,4067.0000,4066.6000,4068.4000,4068.6000,4068.8000,4069.0000,4070.6000,2,3,5,1,1,1,1,2,2,2
SF,IF2003,2019-12-20 09:31:08.900,4068.0000,36194,0,519967860.000,0,-,-,-,-,4068.0000,4067.8000,4067.6000,4067.2000,4067.0000,4068.4000,4068.6000,4068.8000,4069.0000,4070.6000,2,7,1,5,1,1,1,2,2,2
SF,IF2003,2019-12-20 09:31:09.400,4068.4000,36193,-1,521188380.000,1,0,1,双平,S,4067.8000,4067.6000,4067.2000,4067.0000,4066.6000,4068.6000,4068.8000,4069.0000,4070.6000,4071.2000,6,1,5,1,1,1,2,2,2,1
SF,IF2003,2019-12-20 09:31:09.900,4067.8000,36194,1,522408720.000,1,1,0,双开,S,4067.8000,4067.6000,4067.2000,4067.0000,4066.6000,4068.6000,4068.8000,4069.0000,4070.6000,4071.2000,4,1,5,1,1,1,2,2,2,1
SF,IF2003,2019-12-20 09:31:10.400,4067.8000,36194,0,522408720.000,0,-,-,-,-,4068.0000,4067.8000,4067.6000,4067.2000,4067.0000,4068.4000,4068.6000,4068.8000,4069.0000,4070.6000,2,4,1,5,1,1,1,2,2,2
SF,IF2003,2019-12-20 09:31:10.900,4067.8000,36194,0,522408720.000,0,-,-,-,-,4067.8000,4067.6000,4067.2000,4067.0000,4066.6000,4068.6000,4068.8000,4069.0000,4070.6000,4071.2000,4,1,5,1,1,1,2,2,2,1
SF,IF2003,2019-12-20 09:31:11.400,4067.8000,36194,0,522408720.000,0,-,-,-,-,4068.0000,4067.8000,4067.6000,4067.2000,4067.0000,4068.4000,4068.6000,4068.8000,4069.0000,4070.6000,1,4,1,5,1,1,1,2,2,2
SF,IF2003,2019-12-20 09:31:11.900,4068.0000,36193,-1,524849520.000,2,0,2,多平,S,4067.8000,4067.6000,4067.2000,4067.0000,4066.6000,4068.6000,4068.8000,4069.0000,4070.6000,4071.0000,4,1,5,1,1,1,2,2,2,1
SF,IF2003,2019-12-20 09:31:12.400,4068.0000,36193,0,524849520.000,0,-,-,-,-,4068.0000,4067.8000,4067.6000,4067.2000,4067.0000,4068.6000,4068.8000,4069.0000,4070.6000,4071.0000,2,4,1,5,1,1,2,2,2,1
SF,IF2003,2019-12-20 09:31:12.900,4068.0000,36193,0,524849520.000,0,-,-,-,-,4067.8000,4067.6000,4067.2000,4067.0000,4066.6000,4068.0000,4068.4000,4068.6000,4068.8000,4069.0000,4,1,5,1,1,1,1,1,2,2
SF,IF2003,2019-12-20 09:31:13.400,4067.8000,36193,0,529730880.000,4,2,2,多换,S,4067.2000,4067.0000,4066.6000,4066.0000,4065.4000,4067.8000,4068.6000,4068.8000,4069.0000,4070.6000,5,1,1,5,2,1,1,2,2,2
SF,IF2003,2019-12-20 09:31:13.900,4067.8000,36192,-1,530951220.000,1,0,1,双平,S,4067.4000,4067.2000,4067.0000,4066.6000,4066.0000,4068.6000,4068.8000,4069.0000,4070.6000,4071.0000,2,5,1,1,5,1,2,2,2,1
SF,IF2003,2019-12-20 09:31:14.400,4068.4000,36192,0,532171740.000,1,0,1,多换,S,4067.6000,4067.2000,4067.0000,4066.6000,4066.0000,4068.4000,4068.6000,4068.8000,4069.0000,4070.6000,1,5,1,1,5,1,1,2,2,2
SF,IF2003,2019-12-20 09:31:14.900,4067.2000,36191,-1,534612180.000,2,0,2,多平,S,4067.2000,4067.0000,4066.6000,4066.0000,4065.4000,4068.0000,4068.4000,4068.6000,4068.8000,4069.0000,4,1,1,5,2,5,1,1,2,2
SF,IF2003,2019-12-20 09:31:15.400,4067.2000,36191,0,534612180.000,0,-,-,-,-,4067.4000,4067.2000,4067.0000,4066.6000,4066.0000,4068.6000,4068.8000,4069.0000,4070.6000,4071.0000,4,4,1,1,5,1,2,2,2,1
SF,IF2003,2019-12-20 09:31:15.900,4067.2000,36191,0,534612180.000,0,-,-,-,-,4067.6000,4067.4000,4067.2000,4067.0000,4066.6000,4068.4000,4068.6000,4068.8000,4069.0000,4070.6000,1,3,4,1,1,2,1,2,2,2
SF,IF2003,2019-12-20 09:31:16.400,4067.2000,36191,0,534612180.000,0,-,-,-,-,4067.6000,4067.4000,4067.2000,4067.0000,4066.6000,4068.4000,4068.6000,4068.8000,4069.0000,4070.6000,1,1,4,1,1,2,1,2,2,2
SF,IF2003,2019-12-20 09:31:16.900,4067.2000,36190,-1,535832340.000,1,0,1,双平,S,4067.2000,4067.0000,4066.6000,4066.0000,4065.4000,4068.4000,4068.6000,4068.8000,4069.0000,4070.6000,4,1,1,5,2,2,1,2,2,2
SF,IF2003,2019-12-20 09:31:17.400,4067.2000,36190,0,535832340.000,0,-,-,-,-,4068.0000,4067.4000,4067.2000,4067.0000,4066.6000,4068.4000,4068.6000,4068.8000,4069.0000,4070.6000,1,1,4,1,1,2,1,2,2,2
SF,IF2003,2019-12-20 09:31:17.900,4068.0000,36190,0,537052740.000,1,0,1,多换,S,4067.4000,4067.2000,4067.0000,4066.6000,4066.0000,4068.0000,4068.4000,4068.6000,4068.8000,4069.0000,1,4,1,1,5,6,1,1,2,2
SF,IF2003,2019-12-20 09:31:18.400,4068.0000,36190,0,537052740.000,0,-,-,-,-,4067.6000,4067.4000,4067.2000,4067.0000,4066.6000,4068.0000,4068.4000,4068.6000,4068.8000,4069.0000,1,1,4,1,1,1,1,1,2,2
SF,IF2003,2019-12-20 09:31:19.400,4067.6000,36190,0,539493420.000,2,1,1,多换,S,4067.4000,4067.2000,4067.0000,4066.6000,4066.0000,4067.6000,4068.4000,4068.6000,4068.8000,4069.0000,1,4,1,1,5,15,1,1,2,2
SF,IF2003,2019-12-20 09:31:19.900,4067.6000,36191,1,559017900.000,16,8,8,空开,S,4067.4000,4067.2000,4067.0000,4066.6000,4066.0000,4068.0000,4068.4000,4068.6000,4068.8000,4069.0000,2,4,1,1,5,1,1,1,2,2
SF,IF2003,2019-12-20 09:31:20.400,4067.6000,36191,0,559017900.000,0,-,-,-,-,4067.6000,4067.4000,4067.2000,4067.0000,4066.6000,4068.0000,4068.6000,4068.8000,4069.0000,4070.6000,2,2,4,1,1,1,1,2,2,2
SF,IF2003,2019-12-20 09:31:20.900,4067.6000,36189,-2,561458460.000,2,0,2,双平,S,4067.8000,4067.6000,4067.4000,4067.2000,4067.0000,4068.0000,4068.6000,4068.8000,4069.0000,4070.6000,1,2,1,4,1,1,1,2,2,2
SF,IF2003,2019-12-20 09:31:21.400,4067.8000,36188,-1,562678800.000,1,0,1,双平,S,4067.6000,4067.2000,4067.0000,4066.6000,4066.0000,4067.8000,4068.0000,4068.6000,4068.8000,4069.0000,3,4,1,1,5,2,1,1,2,2
SF,IF2003,2019-12-20 09:31:21.900,4067.8000,36188,0,562678800.000,0,-,-,-,-,4067.6000,4067.2000,4067.0000,4066.6000,4066.0000,4068.0000,4068.6000,4068.8000,4069.0000,4070.6000,2,4,1,1,5,1,1,2,2,2
SF,IF2003,2019-12-20 09:31:22.400,4067.8000,36188,0,562678800.000,0,-,-,-,-,4067.6000,4067.2000,4067.0000,4066.6000,4066.0000,4068.0000,4068.6000,4068.8000,4069.0000,4070.6000,2,4,1,1,5,1,1,2,2,2
SF,IF2003,2019-12-20 09:31:22.900,4067.6000,36186,-2,565119360.000,2,0,2,双平,S,4067.2000,4067.0000,4066.6000,4066.0000,4065.4000,4068.0000,4068.6000,4068.8000,4069.0000,4070.6000,4,1,1,5,2,1,1,2,2,2
SF,IF2003,2019-12-20 09:31:23.400,4067.6000,36186,0,565119360.000,0,-,-,-,-,4067.2000,4067.0000,4066.6000,4066.0000,4065.4000,4067.6000,4067.8000,4068.0000,4068.6000,4068.8000,4,1,1,5,2,1,1,1,1,2
SF,IF2003,2019-12-20 09:31:24.400,4067.6000,36186,0,565119360.000,0,-,-,-,-,4067.2000,4067.0000,4066.8000,4066.6000,4066.0000,4067.6000,4067.8000,4068.0000,4068.6000,4068.8000,4,1,2,1,5,1,1,1,2,2
SF,IF2003,2019-12-20 09:31:24.900,4067.6000,36186,0,565119360.000,0,-,-,-,-,4067.2000,4067.0000,4066.8000,4066.6000,4066.0000,4067.6000,4068.0000,4068.6000,4068.8000,4069.0000,4,1,2,1,5,1,1,2,2,2
SF,IF2003,2019-12-20 09:31:26.400,4067.2000,36187,1,566339520.000,1,1,0,双开,S,4067.2000,4067.0000,4066.8000,4066.6000,4066.0000,4067.6000,4068.0000,4068.6000,4068.8000,4069.0000,3,1,2,1,5,1,1,2,2,2
SF,IF2003,2019-12-20 09:31:27.400,4067.2000,36187,0,567559680.000,1,0,1,多换,S,4067.2000,4067.0000,4066.8000,4066.6000,4066.0000,4067.6000,4068.0000,4068.6000,4068.8000,4069.0000,2,1,2,1,5,1,1,2,2,2
SF,IF2003,2019-12-20 09:31:28.900,4067.2000,36187,0,568779840.000,1,0,1,多换,S,4067.2000,4067.0000,4066.8000,4066.6000,4066.0000,4067.6000,4068.0000,4068.6000,4068.8000,4069.0000,1,1,2,1,5,1,1,2,2,2
SF,IF2003,2019-12-20 09:31:29.900,4067.2000,36187,0,568779840.000,0,-,-,-,-,4067.2000,4067.0000,4066.8000,4066.6000,4066.0000,4067.6000,4068.0000,4068.6000,4068.8000,4069.0000,1,1,2,1,5,1,1,2,2,2
SF,IF2003,2019-12-20 09:31:30.400,4067.6000,36186,-1,570000120.000,1,0,1,双平,S,4067.2000,4067.0000,4066.8000,4066.6000,4066.0000,4068.0000,4068.6000,4068.8000,4069.0000,4070.6000,1,1,2,1,5,1,2,2,2,2
SF,IF2003,2019-12-20 09:31:30.900,4067.2000,36186,0,571220280.000,1,0,1,多换,S,4067.2000,4067.0000,4066.8000,4066.6000,4066.0000,4068.0000,4068.6000,4068.8000,4069.0000,4070.6000,1,1,2,1,5,1,2,2,2,2
SF,IF2003,2019-12-20 09:31:31.400,4067.2000,36186,0,571220280.000,0,-,-,-,-,4067.2000,4067.0000,4066.8000,4066.6000,4066.0000,4067.8000,4068.0000,4068.6000,4068.8000,4069.0000,1,1,2,1,5,1,2,2,2,2
SF,IF2003,2019-12-20 09:31:31.900,4067.2000,36186,0,572440440.000,1,0,1,多换,S,4067.0000,4066.8000,4066.6000,4066.0000,4065.4000,4068.0000,4068.6000,4068.8000,4069.0000,4070.6000,1,2,1,5,2,1,2,2,2,2
SF,IF2003,2019-12-20 09:31:32.400,4067.2000,36186,0,572440440.000,0,-,-,-,-,4067.0000,4066.8000,4066.6000,4066.0000,4065.4000,4068.0000,4068.6000,4068.8000,4069.0000,4070.6000,1,2,1,5,2,2,2,2,2,2
SF,IF2003,2019-12-20 09:31:32.900,4067.2000,36186,0,572440440.000,0,-,-,-,-,4067.0000,4066.8000,4066.6000,4066.0000,4065.4000,4068.0000,4068.6000,4068.8000,4069.0000,4070.6000,1,2,1,5,2,3,2,2,2,2
SF,IF2003,2019-12-20 09:31:33.900,4067.2000,36186,0,572440440.000,0,-,-,-,-,4067.0000,4066.8000,4066.6000,4066.0000,4065.4000,4068.0000,4068.6000,4068.8000,4069.0000,4070.6000,2,2,1,5,2,3,2,2,2,2
SF,IF2003,2019-12-20 09:31:34.400,4068.0000,36185,-1,573660840.000,1,0,1,双平,S,4067.0000,4066.8000,4066.6000,4066.0000,4065.4000,4068.0000,4068.6000,4068.8000,4069.0000,4070.6000,2,2,1,5,2,2,2,2,2,2
SF,IF2003,2019-12-20 09:31:34.900,4068.0000,36185,0,573660840.000,0,-,-,-,-,4067.2000,4067.0000,4066.8000,4066.6000,4066.0000,4067.6000,4068.0000,4068.6000,4068.8000,4069.0000,1,2,2,1,5,5,2,2,2,2
SF,IF2003,2019-12-20 09:31:35.400,4067.6000,36183,-2,576101400.000,2,0,2,双平,S,4067.0000,4066.8000,4066.6000,4066.0000,4065.4000,4067.6000,4068.0000,4068.6000,4068.8000,4069.0000,2,2,1,5,2,3,1,2,2,2
SF,IF2003,2019-12-20 09:31:35.900,4067.6000,36182,-1,577321680.000,1,0,1,双平,S,4067.0000,4066.8000,4066.6000,4066.0000,4065.4000,4067.6000,4068.0000,4068.6000,4068.8000,4069.0000,2,2,1,5,2,3,1,2,2,2
SF,IF2003,2019-12-20 09:31:36.400,4067.6000,36181,-1,578541960.000,1,0,1,双平,S,4067.0000,4066.8000,4066.6000,4066.0000,4065.4000,4067.6000,4068.0000,4068.6000,4068.8000,4069.0000,2,2,1,5,2,2,1,2,2,2
SF,IF2003,2019-12-20 09:31:36.900,4067.6000,36181,0,578541960.000,0,-,-,-,-,4067.0000,4066.8000,4066.6000,4066.0000,4065.4000,4067.4000,4067.6000,4068.0000,4068.6000,4068.8000,2,2,1,5,2,5,2,1,2,2
SF,IF2003,2019-12-20 09:31:37.400,4067.0000,36182,1,579762060.000,1,1,0,双开,S,4067.0000,4066.8000,4066.6000,4066.0000,4065.4000,4067.4000,4067.6000,4068.0000,4068.6000,4068.8000,1,2,1,5,2,5,1,1,2,2
SF,IF2003,2019-12-20 09:31:37.900,4067.4000,36182,0,580982280.000,1,0,1,多换,S,4067.0000,4066.8000,4066.6000,4066.0000,4065.4000,4068.0000,4068.6000,4068.8000,4069.0000,4070.6000,1,2,1,5,2,2,2,2,2,2
SF,IF2003,2019-12-20 09:31:38.400,4067.4000,36182,0,580982280.000,0,-,-,-,-,4067.2000,4067.0000,4066.8000,4066.6000,4066.0000,4068.0000,4068.2000,4068.6000,4068.8000,4069.0000,1,1,2,1,5,2,1,2,2,2
SF,IF2003,2019-12-20 09:31:38.900,4067.4000,36182,0,580982280.000,0,-,-,-,-,4067.2000,4067.0000,4066.8000,4066.6000,4066.0000,4068.0000,4068.2000,4068.6000,4068.8000,4069.0000,2,1,2,1,5,3,1,2,2,2
SF,IF2003,2019-12-20 09:31:39.900,4067.2000,36181,-1,582202440.000,1,0,1,双平,S,4067.0000,4066.8000,4066.6000,4066.0000,4065.4000,4068.0000,4068.2000,4068.6000,4068.8000,4069.0000,1,2,1,5,2,4,1,2,2,2
SF,IF2003,2019-12-20 09:31:40.400,4067.2000,36180,-1,583422600.000,1,0,1,双平,S,4067.0000,4066.8000,4066.6000,4066.0000,4065.4000,4067.8000,4068.0000,4068.2000,4068.6000,4068.8000,1,2,1,5,2,5,4,1,2,2
SF,IF2003,2019-12-20 09:31:40.900,4067.2000,36180,0,583422600.000,0,-,-,-,-,4067.0000,4066.8000,4066.6000,4066.0000,4065.4000,4067.8000,4068.0000,4068.2000,4068.6000,4068.8000,1,2,1,5,2,5,4,1,2,2
SF,IF2003,2019-12-20 09:31:41.400,4067.2000,36180,0,583422600.000,0,-,-,-,-,4067.0000,4066.8000,4066.6000,4066.0000,4065.4000,4067.6000,4068.0000,4068.2000,4068.6000,4068.8000,1,2,1,5,2,2,4,1,2,2
SF,IF2003,2019-12-20 09:31:41.900,4067.2000,36180,0,583422600.000,0,-,-,-,-,4067.0000,4066.8000,4066.6000,4066.0000,4065.4000,4067.6000,4068.0000,4068.2000,4068.6000,4068.8000,1,2,1,5,2,2,4,1,3,2
SF,IF2003,2019-12-20 09:31:42.400,4067.2000,36180,0,583422600.000,0,-,-,-,-,4067.0000,4066.8000,4066.6000,4066.0000,4065.4000,4067.6000,4068.0000,4068.2000,4068.6000,4068.8000,1,2,1,5,2,1,5,1,3,2
SF,IF2003,2019-12-20 09:31:42.900,4067.0000,36180,0,584642700.000,1,0,1,多换,S,4066.8000,4066.6000,4066.0000,4065.4000,4065.2000,4067.6000,4068.0000,4068.2000,4068.6000,4068.8000,2,1,5,2,1,1,5,1,3,2
SF,IF2003,2019-12-20 09:31:43.400,4067.0000,36180,0,584642700.000,0,-,-,-,-,4066.8000,4066.6000,4066.0000,4065.4000,4065.2000,4067.4000,4067.6000,4068.0000,4068.2000,4068.6000,2,1,5,2,1,1,1,5,1,3
SF,IF2003,2019-12-20 09:31:43.900,4067.0000,36180,0,584642700.000,0,-,-,-,-,4067.4000,4066.8000,4066.6000,4066.0000,4065.4000,4067.6000,4068.0000,4068.2000,4068.6000,4068.8000,1,2,1,5,2,1,5,1,3,2
SF,IF2003,2019-12-20 09:31:44.400,4067.4000,36179,-1,585862920.000,1,0,1,双平,S,4067.2000,4066.8000,4066.6000,4066.0000,4065.4000,4067.4000,4068.0000,4068.2000,4068.6000,4068.8000,1,2,1,5,2,1,5,1,3,2
SF,IF2003,2019-12-20 09:31:44.900,4067.2000,36178,-1,587083080.000,1,0,1,双平,S,4066.8000,4066.6000,4066.0000,4065.4000,4065.2000,4068.0000,4068.2000,4068.6000,4068.8000,4069.0000,2,1,5,2,1,5,1,3,2,1
SF,IF2003,2019-12-20 09:31:45.400,4067.2000,36178,0,587083080.000,0,-,-,-,-,4066.8000,4066.6000,4066.0000,4065.4000,4065.2000,4067.8000,4068.0000,4068.2000,4068.6000,4068.8000,2,1,5,2,1,5,5,1,3,2
SF,IF2003,2019-12-20 09:31:45.900,4067.2000,36178,0,587083080.000,0,-,-,-,-,4066.8000,4066.6000,4066.0000,4065.4000,4065.2000,4067.6000,4067.8000,4068.0000,4068.2000,4068.6000,2,1,5,2,1,2,5,5,1,3
SF,IF2003,2019-12-20 09:31:46.400,4067.2000,36178,0,587083080.000,0,-,-,-,-,4066.8000,4066.6000,4066.0000,4065.4000,4065.2000,4067.4000,4067.6000,4068.0000,4068.2000,4068.6000,2,1,5,2,1,1,1,5,1,3
SF,IF2003,2019-12-20 09:31:46.900,4067.2000,36178,0,587083080.000,0,-,-,-,-,4066.8000,4066.6000,4066.0000,4065.4000,4065.2000,4067.4000,4068.0000,4068.2000,4068.6000,4068.8000,2,1,5,2,1,1,5,1,3,2
SF,IF2003,2019-12-20 09:31:47.900,4067.4000,36178,0,588303300.000,1,0,1,多换,S,4067.4000,4066.8000,4066.6000,4066.0000,4065.4000,4068.0000,4068.2000,4068.6000,4068.8000,4069.0000,1,2,1,5,2,6,1,3,2,1
SF,IF2003,2019-12-20 09:31:48.400,4067.4000,36178,0,589523520.000,1,0,1,多换,S,4066.8000,4066.6000,4066.0000,4065.4000,4065.2000,4067.2000,4067.4000,4068.0000,4068.2000,4068.6000,2,1,5,2,1,1,5,6,1,3
SF,IF2003,2019-12-20 09:31:48.900,4067.2000,36177,-1,590743680.000,1,0,1,双平,S,4066.8000,4066.6000,4066.0000,4065.4000,4065.2000,4068.0000,4068.2000,4068.6000,4068.8000,4069.0000,2,1,5,2,1,6,1,3,2,1
SF,IF2003,2019-12-20 09:31:49.400,4068.0000,36178,1,604166880.000,11,6,5,空开,S,4068.0000,4066.8000,4066.6000,4066.0000,4065.4000,4068.2000,4068.6000,4068.8000,4069.0000,4070.6000,4,2,1,5,2,1,3,2,1,2
SF,IF2003,2019-12-20 09:31:49.900,4068.0000,36177,-1,610268880.000,5,2,3,多平,S,4066.8000,4066.6000,4066.0000,4065.4000,4065.2000,4068.0000,4068.2000,4068.6000,4068.8000,4069.0000,2,1,5,2,2,5,1,3,2,1
SF,IF2003,2019-12-20 09:31:50.400,4068.0000,36177,0,610268880.000,0,-,-,-,-,4066.8000,4066.6000,4066.2000,4066.0000,4065.4000,4067.8000,4068.0000,4068.2000,4068.6000,4068.8000,2,1,1,5,2,1,3,1,3,2
SF,IF2003,2019-12-20 09:31:50.900,4068.0000,36177,0,610268880.000,0,-,-,-,-,4066.8000,4066.6000,4066.2000,4066.0000,4065.4000,4067.8000,4068.0000,4068.2000,4068.6000,4068.8000,2,1,1,5,2,1,3,1,3,2
SF,IF2003,2019-12-20 09:31:51.400,4068.0000,36177,0,610268880.000,0,-,-,-,-,4066.8000,4066.6000,4066.2000,4066.0000,4065.4000,4067.6000,4067.8000,4068.0000,4068.2000,4068.6000,2,1,1,5,2,1,1,3,1,3
SF,IF2003,2019-12-20 09:31:52.400,4068.0000,36177,0,610268880.000,0,-,-,-,-,4066.8000,4066.6000,4066.2000,4066.0000,4065.4000,4067.6000,4067.8000,4068.0000,4068.2000,4068.6000,3,1,1,5,2,1,1,3,1,3
SF,IF2003,2019-12-20 09:31:52.900,4068.0000,36177,0,610268880.000,0,-,-,-,-,4066.8000,4066.6000,4066.2000,4066.0000,4065.4000,4068.0000,4068.2000,4068.6000,4068.8000,4069.0000,3,1,1,5,2,3,1,3,2,1
SF,IF2003,2019-12-20 09:31:53.400,4068.0000,36177,0,610268880.000,0,-,-,-,-,4066.8000,4066.6000,4066.2000,4066.0000,4065.4000,4067.8000,4068.0000,4068.2000,4068.6000,4068.8000,3,1,1,5,2,1,3,1,3,2
SF,IF2003,2019-12-20 09:31:53.900,4068.0000,36177,0,610268880.000,0,-,-,-,-,4066.8000,4066.6000,4066.2000,4066.0000,4065.4000,4067.4000,4067.8000,4068.0000,4068.2000,4068.6000,3,1,1,5,2,5,1,3,1,3
SF,IF2003,2019-12-20 09:31:54.400,4068.0000,36177,0,610268880.000,0,-,-,-,-,4066.8000,4066.6000,4066.2000,4066.0000,4065.4000,4067.4000,4067.6000,4067.8000,4068.0000,4068.2000,3,1,1,5,2,5,1,1,3,1
SF,IF2003,2019-12-20 09:31:54.900,4068.0000,36177,0,610268880.000,0,-,-,-,-,4067.4000,4066.8000,4066.6000,4066.2000,4066.0000,4067.6000,4067.8000,4068.0000,4068.2000,4068.6000,1,3,1,1,5,1,1,3,1,3
SF,IF2003,2019-12-20 09:31:55.400,4067.4000,36176,-1,611489100.000,1,0,1,双平,S,4066.8000,4066.6000,4066.2000,4066.0000,4065.4000,4067.4000,4067.6000,4067.8000,4068.2000,4068.6000,3,1,1,5,2,3,1,1,1,3
SF,IF2003,2019-12-20 09:31:55.900,4067.4000,36176,0,611489100.000,0,-,-,-,-,4066.8000,4066.6000,4066.2000,4066.0000,4065.4000,4067.6000,4067.8000,4068.2000,4068.6000,4068.8000,3,1,1,5,2,1,1,2,3,2
SF,IF2003,2019-12-20 09:31:56.400,4066.8000,36176,0,612709140.000,1,0,1,多换,S,4066.8000,4066.6000,4066.2000,4066.0000,4065.4000,4067.6000,4067.8000,4068.2000,4068.6000,4068.8000,2,1,1,5,2,1,1,2,3,2
SF,IF2003,2019-12-20 09:31:57.400,4066.8000,36176,0,612709140.000,0,-,-,-,-,4066.8000,4066.6000,4066.2000,4066.0000,4065.4000,4067.4000,4067.6000,4067.8000,4068.2000,4068.6000,2,1,1,5,2,5,1,1,2,3
SF,IF2003,2019-12-20 09:31:57.900,4066.8000,36176,0,612709140.000,0,-,-,-,-,4066.8000,4066.6000,4066.2000,4066.0000,4065.4000,4067.2000,4067.6000,4067.8000,4068.2000,4068.6000,2,1,1,5,2,1,1,1,2,3
SF,IF2003,2019-12-20 09:31:58.400,4067.2000,36176,0,613929300.000,1,0,1,多换,S,4066.8000,4066.6000,4066.2000,4066.0000,4065.4000,4067.6000,4067.8000,4068.2000,4068.6000,4068.8000,2,1,1,5,2,1,1,2,3,1
SF,IF2003,2019-12-20 09:31:58.900,4067.2000,36176,0,613929300.000,0,-,-,-,-,4066.8000,4066.6000,4066.2000,4066.0000,4065.4000,4067.4000,4067.6000,4067.8000,4068.2000,4068.6000,2,1,1,5,2,6,1,1,2,3
SF,IF2003,2019-12-20 09:31:59.400,4067.2000,36176,0,613929300.000,0,-,-,-,-,4066.8000,4066.6000,4066.2000,4066.0000,4065.4000,4067.4000,4067.6000,4067.8000,4068.2000,4068.6000,2,1,1,5,2,1,1,1,2,3
SF,IF2003,2019-12-20 09:31:59.900,4067.4000,36176,0,615149520.000,1,0,1,多换,S,4066.8000,4066.6000,4066.2000,4066.0000,4065.4000,4067.6000,4067.8000,4068.2000,4068.6000,4068.8000,2,1,1,5,2,1,1,2,3,1
SF,IF2003,2019-12-20 09:32:00.400,4067.4000,36176,0,615149520.000,0,-,-,-,-,4066.8000,4066.6000,4066.2000,4066.0000,4065.4000,4067.4000,4067.6000,4067.8000,4068.2000,4068.6000,2,1,1,5,2,1,1,1,2,3
SF,IF2003,2019-12-20 09:32:00.900,4067.4000,36176,0,615149520.000,0,-,-,-,-,4066.8000,4066.6000,4066.2000,4066.0000,4065.4000,4067.6000,4067.8000,4068.2000,4068.6000,4068.8000,2,1,1,5,2,1,1,2,3,1
SF,IF2003,2019-12-20 09:32:01.400,4067.4000,36176,0,615149520.000,0,-,-,-,-,4066.8000,4066.6000,4066.2000,4066.0000,4065.4000,4067.4000,4067.6000,4067.8000,4068.2000,4068.6000,2,1,1,5,2,5,1,1,2,3
SF,IF2003,2019-12-20 09:32:01.900,4067.4000,36176,0,615149520.000,0,-,-,-,-,4066.8000,4066.6000,4066.2000,4066.0000,4065.4000,4067.2000,4067.4000,4067.6000,4068.2000,4068.6000,2,1,1,5,2,5,5,1,2,3
SF,IF2003,2019-12-20 09:32:02.400,4066.8000,36176,0,616369560.000,1,0,1,多换,S,4066.8000,4066.6000,4066.2000,4066.0000,4065.4000,4067.4000,4067.6000,4068.2000,4068.6000,4068.8000,1,1,1,5,2,5,1,2,3,1
SF,IF2003,2019-12-20 09:32:02.900,4067.2000,36173,-3,621250080.000,4,0,4,多平,S,4066.6000,4066.2000,4066.0000,4065.4000,4065.2000,4067.2000,4067.4000,4067.6000,4068.2000,4068.6000,1,1,5,2,2,2,5,1,2,3
SF,IF2003,2019-12-20 09:32:03.400,4066.6000,36173,0,622470060.000,1,0,1,多换,S,4066.4000,4066.2000,4066.0000,4065.4000,4065.2000,4066.6000,4067.2000,4067.4000,4067.6000,4068.2000,1,1,5,2,2,1,2,5,1,2
SF,IF2003,2019-12-20 09:32:03.900,4066.6000,36173,0,623690040.000,1,0,1,多换,S,4066.6000,4066.4000,4066.2000,4066.0000,4065.4000,4067.2000,4067.4000,4067.6000,4068.2000,4068.6000,2,1,4,5,2,2,5,1,2,1
SF,IF2003,2019-12-20 09:32:04.400,4066.6000,36173,0,624910020.000,1,0,1,多换,S,4066.4000,4066.2000,4066.0000,4065.4000,4065.2000,4067.0000,4067.2000,4067.4000,4067.6000,4068.2000,1,4,5,2,2,5,2,5,1,2
SF,IF2003,2019-12-20 09:32:04.900,4066.4000,36174,1,626129940.000,1,1,0,双开,S,4066.2000,4066.0000,4065.4000,4065.2000,4065.0000,4067.2000,4067.4000,4067.6000,4068.2000,4068.6000,4,5,2,2,2,2,5,1,2,1
SF,IF2003,2019-12-20 09:32:05.400,4066.4000,36174,0,626129940.000,0,-,-,-,-,4066.2000,4066.0000,4065.4000,4065.2000,4065.0000,4066.4000,4067.0000,4067.6000,4068.2000,4068.6000,4,5,2,2,2,1,1,1,2,1
SF,IF2003,2019-12-20 09:32:05.900,4066.4000,36173,-1,627349860.000,1,0,1,双平,S,4066.6000,4066.4000,4066.2000,4066.0000,4065.4000,4067.0000,4067.6000,4068.2000,4068.6000,4068.8000,1,3,4,5,2,1,1,2,1,1
SF,IF2003,2019-12-20 09:32:06.400,4066.4000,36173,0,627349860.000,0,-,-,-,-,4066.4000,4066.2000,4066.0000,4065.4000,4065.2000,4066.8000,4067.6000,4068.2000,4068.6000,4068.8000,1,4,5,2,2,1,1,2,1,1
SF,IF2003,2019-12-20 09:32:06.900,4066.8000,36172,-1,628569900.000,1,0,1,双平,S,4066.2000,4066.0000,4065.4000,4065.2000,4065.0000,4067.6000,4068.2000,4068.6000,4068.8000,4069.0000,4,5,2,2,2,1,2,1,1,1
SF,IF2003,2019-12-20 09:32:07.400,4066.8000,36172,0,628569900.000,0,-,-,-,-,4066.2000,4066.0000,4065.4000,4065.2000,4065.0000,4067.2000,4067.4000,4067.6000,4068.2000,4068.6000,4,5,2,2,2,5,2,2,2,1
SF,IF2003,2019-12-20 09:32:07.900,4066.8000,36172,0,628569900.000,0,-,-,-,-,4066.4000,4066.2000,4066.0000,4065.4000,4065.2000,4067.2000,4067.4000,4067.6000,4068.2000,4068.6000,1,2,5,2,2,5,1,2,2,1
SF,IF2003,2019-12-20 09:32:08.400,4066.8000,36172,0,628569900.000,0,-,-,-,-,4066.2000,4066.0000,4065.4000,4065.2000,4065.0000,4066.8000,4067.0000,4067.2000,4067.4000,4067.6000,5,5,2,2,2,5,1,5,1,1
SF,IF2003,2019-12-20 09:32:08.900,4066.8000,36172,0,628569900.000,0,-,-,-,-,4066.2000,4066.0000,4065.4000,4065.2000,4065.0000,4067.0000,4067.2000,4067.4000,4067.6000,4068.2000,5,5,2,2,2,1,5,1,1,2
SF,IF2003,2019-12-20 09:32:09.400,4066.2000,36173,1,629789760.000,1,1,0,双开,S,4066.2000,4066.0000,4065.4000,4065.2000,4065.0000,4067.0000,4067.2000,4067.4000,4068.2000,4068.6000,1,5,2,2,2,2,5,1,2,1
SF,IF2003,2019-12-20 09:32:09.900,4066.2000,36173,0,629789760.000,0,-,-,-,-,4066.2000,4066.0000,4065.4000,4065.2000,4065.0000,4067.0000,4067.2000,4067.4000,4068.2000,4068.6000,4,5,2,2,2,1,5,1,2,1
SF,IF2003,2019-12-20 09:32:10.400,4066.2000,36173,0,631009620.000,1,0,1,多换,S,4066.2000,4066.0000,4065.4000,4065.2000,4065.0000,4067.0000,4067.2000,4067.4000,4068.2000,4068.6000,3,5,2,2,2,1,5,1,2,1
SF,IF2003,2019-12-20 09:32:10.900,4066.2000,36173,0,631009620.000,0,-,-,-,-,4066.0000,4065.4000,4065.2000,4065.0000,4064.4000,4067.0000,4067.2000,4067.4000,4068.2000,4068.6000,5,2,2,2,5,1,5,1,2,1
SF,IF2003,2019-12-20 09:32:11.400,4066.2000,36173,0,631009620.000,0,-,-,-,-,4066.0000,4065.4000,4065.2000,4065.0000,4064.4000,4066.4000,4067.0000,4067.2000,4067.4000,4068.2000,6,2,2,2,5,1,1,5,1,2
SF,IF2003,2019-12-20 09:32:11.900,4066.2000,36173,0,631009620.000,0,-,-,-,-,4066.0000,4065.4000,4065.2000,4065.0000,4064.4000,4066.4000,4067.0000,4067.2000,4067.4000,4068.2000,6,2,3,2,5,1,1,5,1,2
SF,IF2003,2019-12-20 09:32:12.400,4066.2000,36173,0,631009620.000,0,-,-,-,-,4066.2000,4066.0000,4065.4000,4065.2000,4065.0000,4066.4000,4067.2000,4067.4000,4068.2000,4068.6000,1,6,2,3,2,1,5,1,2,1
SF,IF2003,2019-12-20 09:32:12.900,4066.2000,36173,0,631009620.000,0,-,-,-,-,4066.2000,4066.0000,4065.6000,4065.4000,4065.2000,4066.4000,4067.0000,4067.2000,4067.4000,4068.2000,4,6,1,2,3,1,1,5,1,2
SF,IF2003,2019-12-20 09:32:13.400,4066.4000,36173,0,632229540.000,1,0,1,多换,S,4066.4000,4066.2000,4066.0000,4065.6000,4065.4000,4067.0000,4067.2000,4067.4000,4068.2000,4068.6000,1,1,6,1,2,1,5,1,2,1
SF,IF2003,2019-12-20 09:32:13.900,4066.4000,36173,0,633449460.000,1,0,1,多换,S,4066.2000,4066.0000,4065.6000,4065.4000,4065.2000,4066.4000,4066.8000,4067.0000,4067.2000,4068.2000,1,6,1,2,3,1,2,1,5,2
SF,IF2003,2019-12-20 09:32:14.400,4066.4000,36172,-1,634669380.000,1,0,1,双平,S,4066.2000,4066.0000,4065.6000,4065.4000,4065.2000,4066.8000,4067.0000,4067.2000,4068.2000,4068.6000,1,6,1,2,3,2,1,5,2,1
SF,IF2003,2019-12-20 09:32:14.900,4066.2000,36173,1,635889240.000,1,1,0,双开,S,4066.0000,4065.6000,4065.4000,4065.2000,4065.0000,4066.8000,4067.0000,4068.2000,4068.6000,4068.8000,6,1,2,3,2,2,1,2,1,1
SF,IF2003,2019-12-20 09:32:15.400,4066.2000,36173,0,635889240.000,0,-,-,-,-,4066.2000,4066.0000,4065.6000,4065.4000,4065.2000,4067.0000,4067.6000,4068.2000,4068.6000,4068.8000,1,6,1,2,3,1,1,2,1,1
SF,IF2003,2019-12-20 09:32:15.900,4066.2000,36173,0,638328960.000,2,1,1,多换,S,4066.0000,4065.6000,4065.4000,4065.2000,4065.0000,4067.0000,4067.6000,4068.2000,4068.6000,4068.8000,6,1,2,2,2,1,1,2,1,1
SF,IF2003,2019-12-20 09:32:16.400,4066.2000,36173,0,638328960.000,0,-,-,-,-,4066.0000,4065.6000,4065.4000,4065.2000,4065.0000,4066.8000,4067.0000,4067.6000,4068.2000,4068.6000,6,1,2,2,2,1,1,1,2,1
SF,IF2003,2019-12-20 09:32:16.900,4066.2000,36173,0,638328960.000,0,-,-,-,-,4066.2000,4066.0000,4065.6000,4065.4000,4065.2000,4066.8000,4067.0000,4067.6000,4068.2000,4068.6000,1,6,1,2,2,1,1,1,2,1
SF,IF2003,2019-12-20 09:32:17.900,4066.2000,36172,-1,639548820.000,1,0,1,双平,S,4066.0000,4065.6000,4065.4000,4065.2000,4065.0000,4066.8000,4067.0000,4067.6000,4068.2000,4068.6000,6,1,2,2,2,1,1,1,2,1
SF,IF2003,2019-12-20 09:32:18.400,4066.2000,36172,0,639548820.000,0,-,-,-,-,4066.0000,4065.6000,4065.4000,4065.2000,4065.0000,4066.8000,4067.0000,4067.6000,4068.2000,4068.6000,6,1,2,2,3,1,1,1,2,1
SF,IF2003,2019-12-20 09:32:18.900,4066.2000,36172,0,639548820.000,0,-,-,-,-,4066.0000,4065.6000,4065.4000,4065.2000,4065.0000,4066.2000,4066.8000,4067.0000,4067.6000,4068.2000,6,1,2,2,3,1,1,1,1,2
SF,IF2003,2019-12-20 09:32:19.400,4066.2000,36171,-1,640768680.000,1,0,1,双平,S,4066.2000,4066.0000,4065.6000,4065.4000,4065.2000,4066.8000,4067.0000,4067.6000,4068.2000,4068.6000,5,6,1,2,2,1,1,1,2,1
SF,IF2003,2019-12-20 09:32:19.900,4066.2000,36171,0,640768680.000,0,-,-,-,-,4066.2000,4066.0000,4065.6000,4065.4000,4065.2000,4066.8000,4067.0000,4067.6000,4068.2000,4068.6000,6,6,1,2,2,1,1,1,2,1
SF,IF2003,2019-12-20 09:32:20.400,4066.2000,36170,-1,643208400.000,2,0,2,多平,S,4066.2000,4066.0000,4065.6000,4065.4000,4065.2000,4066.8000,4067.0000,4067.6000,4068.2000,4068.6000,1,6,1,2,2,1,1,1,2,1
SF,IF2003,2019-12-20 09:32:20.900,4066.2000,36170,0,643208400.000,0,-,-,-,-,4066.0000,4065.6000,4065.4000,4065.2000,4065.0000,4066.8000,4067.0000,4067.6000,4068.2000,4068.6000,6,1,2,2,3,1,1,1,2,1
SF,IF2003,2019-12-20 09:32:22.900,4066.2000,36170,0,643208400.000,0,-,-,-,-,4066.0000,4065.6000,4065.4000,4065.2000,4065.0000,4066.4000,4066.8000,4067.0000,4067.6000,4068.2000,6,1,2,2,3,4,1,1,1,2
SF,IF2003,2019-12-20 09:32:23.400,4066.8000,36164,-6,650527980.000,6,0,6,双平,S,4066.0000,4065.6000,4065.4000,4065.2000,4065.0000,4067.0000,4067.6000,4068.2000,4068.6000,4068.8000,6,1,2,2,3,1,1,2,1,1
SF,IF2003,2019-12-20 09:32:23.900,4066.8000,36164,0,650527980.000,0,-,-,-,-,4066.0000,4065.6000,4065.4000,4065.2000,4065.0000,4066.6000,4067.0000,4067.6000,4068.2000,4068.6000,6,1,2,2,3,5,1,1,2,1
SF,IF2003,2019-12-20 09:32:24.400,4066.0000,36164,0,651747780.000,1,0,1,多换,S,4066.0000,4065.6000,4065.4000,4065.2000,4065.0000,4067.0000,4067.6000,4068.2000,4068.6000,4068.8000,5,1,2,2,3,1,1,2,1,1
SF,IF2003,2019-12-20 09:32:24.900,4066.0000,36164,0,652967580.000,1,0,1,多换,S,4066.0000,4065.6000,4065.4000,4065.2000,4065.0000,4066.8000,4067.0000,4067.6000,4068.2000,4068.6000,4,1,2,2,3,1,2,1,2,1
SF,IF2003,2019-12-20 09:32:25.400,4066.0000,36164,0,652967580.000,0,-,-,-,-,4066.0000,4065.6000,4065.4000,4065.2000,4065.0000,4066.6000,4067.0000,4067.6000,4068.2000,4068.6000,4,1,2,2,3,5,2,1,2,1
SF,IF2003,2019-12-20 09:32:25.900,4066.0000,36165,1,654187380.000,1,1,0,双开,S,4066.0000,4065.6000,4065.4000,4065.2000,4065.0000,4067.0000,4067.6000,4068.2000,4068.6000,4068.8000,3,1,2,2,3,2,1,2,1,1
SF,IF2003,2019-12-20 09:32:26.400,4066.0000,36165,0,654187380.000,0,-,-,-,-,4066.0000,4065.6000,4065.4000,4065.2000,4065.0000,4066.8000,4067.0000,4067.6000,4068.2000,4068.6000,3,1,2,2,3,2,1,1,2,1
SF,IF2003,2019-12-20 09:32:26.900,4066.0000,36165,0,654187380.000,0,-,-,-,-,4066.0000,4065.6000,4065.4000,4065.2000,4065.0000,4066.6000,4066.8000,4067.0000,4067.6000,4068.2000,3,1,2,2,3,5,1,1,1,2
SF,IF2003,2019-12-20 09:32:27.400,4066.0000,36165,0,654187380.000,0,-,-,-,-,4066.0000,4065.6000,4065.4000,4065.2000,4065.0000,4066.4000,4066.6000,4066.8000,4067.0000,4067.6000,3,2,2,2,3,5,5,1,1,1
SF,IF2003,2019-12-20 09:32:28.400,4066.0000,36165,0,654187380.000,0,-,-,-,-,4066.0000,4065.6000,4065.4000,4065.2000,4065.0000,4066.4000,4066.6000,4066.8000,4067.0000,4067.6000,2,2,2,2,3,5,5,1,1,1
SF,IF2003,2019-12-20 09:32:29.400,4066.0000,36165,0,654187380.000,0,-,-,-,-,4066.2000,4066.0000,4065.6000,4065.4000,4065.2000,4066.4000,4066.6000,4066.8000,4067.0000,4067.6000,3,2,2,2,2,5,5,1,1,1
SF,IF2003,2019-12-20 09:32:29.900,4066.0000,36163,-2,659066760.000,4,1,3,多平,S,4066.0000,4065.6000,4065.4000,4065.2000,4065.0000,4066.4000,4066.6000,4066.8000,4067.0000,4067.6000,1,2,2,2,3,5,5,1,1,1
SF,IF2003,2019-12-20 09:32:30.400,4066.4000,36163,0,661506480.000,2,1,1,多换,S,4065.6000,4065.4000,4065.2000,4065.0000,4064.4000,4066.4000,4066.6000,4067.0000,4067.6000,4068.2000,2,2,2,3,5,4,5,1,1,2
SF,IF2003,2019-12-20 09:32:30.900,4066.4000,36163,0,661506480.000,0,-,-,-,-,4065.6000,4065.4000,4065.2000,4065.0000,4064.4000,4066.2000,4066.4000,4066.6000,4067.0000,4067.6000,2,2,2,3,5,1,4,5,1,1
SF,IF2003,2019-12-20 09:32:31.400,4065.6000,36164,1,662726160.000,1,1,0,双开,S,4065.6000,4065.4000,4065.2000,4065.0000,4064.4000,4066.2000,4066.4000,4066.6000,4067.0000,4067.6000,1,2,2,3,5,1,4,5,1,1
SF,IF2003,2019-12-20 09:32:33.400,4065.6000,36164,0,662726160.000,0,-,-,-,-,4065.6000,4065.4000,4065.2000,4065.0000,4064.4000,4066.2000,4066.4000,4066.6000,4067.0000,4067.6000,1,2,2,3,5,2,4,5,1,1
SF,IF2003,2019-12-20 09:32:33.900,4066.0000,36162,-2,667604880.000,4,1,3,多平,S,4065.6000,4065.2000,4065.0000,4064.4000,4063.4000,4066.0000,4066.2000,4066.4000,4066.6000,4067.0000,1,2,3,5,5,4,2,4,5,1
SF,IF2003,2019-12-20 09:32:34.400,4065.6000,36161,-1,668824560.000,1,0,1,双平,S,4065.2000,4065.0000,4064.4000,4063.4000,4062.6000,4065.6000,4065.8000,4066.0000,4066.2000,4066.4000,2,3,5,5,1,1,1,3,2,4
SF,IF2003,2019-12-20 09:32:34.900,4065.6000,36161,0,668824560.000,0,-,-,-,-,4065.2000,4065.0000,4064.4000,4063.4000,4062.6000,4065.6000,4065.8000,4066.2000,4066.4000,4066.6000,2,3,5,5,1,1,1,2,4,5
SF,IF2003,2019-12-20 09:32:35.400,4065.6000,36161,0,668824560.000,0,-,-,-,-,4065.2000,4065.0000,4064.4000,4063.4000,4062.6000,4065.6000,4065.8000,4066.2000,4066.4000,4066.6000,2,3,5,5,1,1,1,1,4,5
SF,IF2003,2019-12-20 09:32:36.400,4065.2000,36160,-1,670044120.000,1,0,1,双平,S,4065.2000,4065.0000,4064.4000,4063.4000,4062.6000,4065.8000,4066.2000,4066.4000,4066.6000,4067.0000,1,3,5,5,1,1,1,4,5,1
SF,IF2003,2019-12-20 09:32:36.900,4065.6000,36161,1,673702920.000,3,2,1,空开,S,4065.0000,4064.4000,4063.4000,4062.6000,4062.4000,4065.8000,4066.2000,4066.4000,4066.6000,4067.0000,3,5,5,1,5,1,1,4,5,1
SF,IF2003,2019-12-20 09:32:37.400,4065.0000,36161,0,674922420.000,1,0,1,多换,S,4065.0000,4064.4000,4063.4000,4062.6000,4062.4000,4065.8000,4066.2000,4066.4000,4066.6000,4067.0000,2,5,5,1,5,2,1,4,5,1
SF,IF2003,2019-12-20 09:32:37.900,4065.0000,36161,0,674922420.000,0,-,-,-,-,4065.0000,4064.4000,4063.4000,4062.6000,4062.4000,4065.6000,4065.8000,4066.2000,4066.4000,4066.6000,2,5,5,1,5,9,6,1,4,5
SF,IF2003,2019-12-20 09:32:38.400,4065.0000,36160,-1,677361420.000,2,0,2,多平,S,4064.4000,4063.4000,4062.6000,4062.4000,4060.4000,4065.6000,4065.8000,4066.2000,4066.4000,4066.6000,5,5,1,5,1,9,6,1,4,5
SF,IF2003,2019-12-20 09:32:38.900,4064.4000,36159,-1,678580740.000,1,0,1,双平,S,4064.4000,4063.4000,4062.6000,4062.4000,4060.4000,4065.0000,4065.4000,4065.6000,4065.8000,4066.2000,4,5,1,5,1,1,2,8,6,1
SF,IF2003,2019-12-20 09:32:39.400,4064.4000,36158,-1,679800060.000,1,0,1,双平,S,4064.4000,4063.4000,4062.6000,4062.4000,4060.4000,4065.0000,4065.2000,4065.6000,4065.8000,4066.2000,3,5,1,5,1,1,1,3,6,1
SF,IF2003,2019-12-20 09:32:39.900,4064.4000,36158,0,679800060.000,0,-,-,-,-,4064.4000,4063.4000,4062.6000,4062.4000,4060.4000,4065.0000,4065.2000,4065.6000,4065.8000,4066.2000,3,5,1,5,1,1,1,3,1,1
SF,IF2003,2019-12-20 09:32:41.900,4065.0000,36157,-1,681019560.000,1,0,1,双平,S,4064.4000,4063.4000,4062.6000,4062.4000,4060.4000,4065.2000,4065.6000,4065.8000,4066.2000,4067.0000,3,5,1,5,1,1,3,1,1,1
SF,IF2003,2019-12-20 09:32:42.400,4064.4000,36157,0,682238880.000,1,0,1,多换,S,4064.4000,4063.4000,4062.6000,4062.4000,4060.4000,4065.2000,4065.6000,4065.8000,4066.2000,4068.2000,2,5,1,5,1,1,1,1,1,2
SF,IF2003,2019-12-20 09:32:42.900,4064.4000,36157,0,683458200.000,1,0,1,多换,S,4064.4000,4063.4000,4062.6000,4062.4000,4060.4000,4065.6000,4065.8000,4066.2000,4068.2000,4068.6000,1,5,1,5,1,1,1,1,2,1
SF,IF2003,2019-12-20 09:32:43.400,4064.4000,36157,0,684677520.000,1,0,1,多换,S,4063.8000,4063.4000,4062.6000,4062.4000,4060.4000,4065.4000,4065.6000,4065.8000,4066.2000,4068.2000,1,5,1,5,1,3,2,1,1,2
SF,IF2003,2019-12-20 09:32:43.900,4064.4000,36157,0,684677520.000,0,-,-,-,-,4064.0000,4063.8000,4063.4000,4062.6000,4062.4000,4065.4000,4065.6000,4065.8000,4066.2000,4068.2000,2,1,5,1,5,1,1,1,1,2
SF,IF2003,2019-12-20 09:32:44.400,4064.4000,36157,0,684677520.000,0,-,-,-,-,4064.0000,4063.8000,4063.4000,4062.6000,4062.4000,4065.2000,4065.4000,4065.6000,4065.8000,4066.2000,2,1,5,1,5,1,1,1,1,1
SF,IF2003,2019-12-20 09:32:44.900,4064.4000,36157,0,684677520.000,0,-,-,-,-,4065.0000,4064.0000,4063.8000,4063.4000,4062.6000,4065.2000,4065.4000,4065.6000,4065.8000,4066.2000,1,2,1,5,1,1,1,1,1,1
SF,IF2003,2019-12-20 09:32:45.400,4065.0000,36156,-1,685897020.000,1,0,1,双平,S,4064.4000,4064.0000,4063.8000,4063.4000,4062.6000,4065.0000,4065.2000,4065.4000,4065.6000,4065.8000,1,1,1,5,1,2,1,1,1,1
SF,IF2003,2019-12-20 09:32:45.900,4064.4000,36155,-1,687116340.000,1,0,1,双平,S,4064.2000,4064.0000,4063.8000,4063.4000,4062.6000,4065.0000,4065.2000,4065.4000,4065.6000,4065.8000,1,1,1,5,1,2,1,1,1,1
SF,IF2003,2019-12-20 09:32:46.400,4064.4000,36155,0,687116340.000,0,-,-,-,-,4064.2000,4064.0000,4063.8000,4063.4000,4062.6000,4064.8000,4065.0000,4065.2000,4065.4000,4065.6000,2,1,1,5,1,1,2,1,1,1
SF,IF2003,2019-12-20 09:32:46.900,4064.4000,36154,-1,688335660.000,1,0,1,双平,S,4064.2000,4064.0000,4063.8000,4063.4000,4062.6000,4064.8000,4065.0000,4065.2000,4065.4000,4065.6000,2,1,1,5,1,1,1,1,1,1
SF,IF2003,2019-12-20 09:32:47.900,4064.2000,36154,0,689554920.000,1,0,1,多换,S,4064.2000,4064.0000,4063.8000,4063.4000,4062.6000,4064.8000,4065.0000,4065.2000,4065.4000,4065.6000,2,1,1,5,1,1,1,1,1,1
SF,IF2003,2019-12-20 09:32:48.400,4064.2000,36154,0,689554920.000,0,-,-,-,-,4064.2000,4064.0000,4063.8000,4063.4000,4062.6000,4064.8000,4065.0000,4065.2000,4065.4000,4065.6000,2,1,1,5,1,1,1,1,1,1
SF,IF2003,2019-12-20 09:32:48.900,4064.2000,36154,0,689554920.000,0,-,-,-,-,4064.2000,4064.0000,4063.8000,4063.4000,4063.2000,4064.8000,4065.0000,4065.2000,4065.4000,4065.6000,2,1,1,5,1,1,1,1,1,1
SF,IF2003,2019-12-20 09:32:49.400,4064.2000,36154,0,689554920.000,0,-,-,-,-,4064.2000,4064.0000,4063.8000,4063.4000,4063.2000,4064.8000,4065.0000,4065.2000,4065.6000,4066.2000,2,1,1,5,1,1,1,1,1,1
SF,IF2003,2019-12-20 09:32:49.900,4064.2000,36154,0,689554920.000,0,-,-,-,-,4064.2000,4064.0000,4063.8000,4063.4000,4063.2000,4065.0000,4065.2000,4065.6000,4066.2000,4067.0000,2,1,1,5,1,1,1,1,1,1
SF,IF2003,2019-12-20 09:32:50.400,4064.2000,36154,0,689554920.000,0,-,-,-,-,4064.2000,4064.0000,4063.8000,4063.4000,4063.2000,4064.8000,4065.0000,4065.2000,4065.6000,4066.2000,2,1,1,5,1,1,1,1,1,1
SF,IF2003,2019-12-20 09:32:50.900,4064.6000,36153,-1,690774300.000,1,0,1,双平,S,4064.2000,4063.8000,4063.4000,4063.2000,4062.6000,4064.8000,4065.2000,4065.6000,4066.2000,4067.0000,2,1,5,1,1,1,1,1,1,1
SF,IF2003,2019-12-20 09:32:51.400,4065.2000,36152,-1,691993860.000,1,0,1,双平,S,4064.2000,4063.8000,4063.4000,4063.2000,4062.6000,4065.6000,4066.2000,4067.0000,4068.2000,4068.6000,2,1,5,1,1,1,1,1,2,1
SF,IF2003,2019-12-20 09:32:51.900,4065.2000,36152,0,691993860.000,0,-,-,-,-,4064.2000,4063.8000,4063.4000,4063.2000,4062.6000,4065.2000,4065.4000,4065.6000,4066.2000,4067.0000,2,1,5,1,1,2,5,1,1,1
SF,IF2003,2019-12-20 09:32:52.400,4065.2000,36152,0,691993860.000,0,-,-,-,-,4065.0000,4064.2000,4063.8000,4063.4000,4063.2000,4065.2000,4065.4000,4065.6000,4066.2000,4067.0000,1,2,1,5,1,2,5,1,1,1
SF,IF2003,2019-12-20 09:32:52.900,4065.0000,36152,0,694432860.000,2,1,1,多换,S,4064.2000,4063.8000,4063.4000,4063.2000,4062.6000,4065.4000,4065.6000,4066.2000,4067.0000,4068.2000,2,1,5,1,1,5,1,1,1,2
SF,IF2003,2019-12-20 09:32:53.400,4064.2000,36152,0,695652120.000,1,0,1,多换,S,4064.2000,4063.8000,4063.4000,4063.2000,4062.6000,4065.2000,4065.4000,4065.6000,4066.2000,4067.0000,1,1,5,1,1,1,5,1,1,1
SF,IF2003,2019-12-20 09:32:53.900,4064.2000,36152,0,695652120.000,0,-,-,-,-,4064.2000,4063.8000,4063.4000,4063.2000,4062.6000,4065.0000,4065.4000,4065.6000,4066.2000,4067.0000,1,1,5,1,1,1,5,1,1,1
SF,IF2003,2019-12-20 09:32:54.400,4064.2000,36152,0,695652120.000,0,-,-,-,-,4064.2000,4063.8000,4063.4000,4063.2000,4062.6000,4065.0000,4065.4000,4065.6000,4066.2000,4067.0000,1,1,5,1,1,1,5,1,1,1
SF,IF2003,2019-12-20 09:32:55.400,4064.2000,36152,0,695652120.000,0,-,-,-,-,4064.2000,4063.8000,4063.4000,4063.2000,4062.6000,4065.0000,4065.4000,4065.6000,4066.2000,4067.0000,1,1,5,1,1,1,6,1,1,1
SF,IF2003,2019-12-20 09:32:55.900,4064.2000,36152,0,695652120.000,0,-,-,-,-,4064.2000,4063.8000,4063.4000,4063.2000,4062.6000,4065.4000,4065.6000,4066.2000,4067.0000,4068.2000,1,2,5,1,1,6,1,1,1,2
SF,IF2003,2019-12-20 09:32:56.400,4064.2000,36152,0,695652120.000,0,-,-,-,-,4064.2000,4063.8000,4063.4000,4063.2000,4062.6000,4065.2000,4065.4000,4065.6000,4066.2000,4067.0000,1,2,5,1,1,4,6,1,1,1
SF,IF2003,2019-12-20 09:32:56.900,4064.2000,36152,0,695652120.000,0,-,-,-,-,4064.2000,4064.0000,4063.8000,4063.4000,4063.2000,4064.8000,4065.0000,4065.2000,4065.4000,4065.6000,1,1,2,5,1,5,9,1,5,1
SF,IF2003,2019-12-20 09:32:57.400,4064.6000,36153,1,696871500.000,1,1,0,双开,S,4064.2000,4064.0000,4063.8000,4063.4000,4063.2000,4064.6000,4064.8000,4065.0000,4065.2000,4065.4000,1,1,2,5,1,1,5,7,1,3
SF,IF2003,2019-12-20 09:32:57.900,4064.2000,36152,-1,698090760.000,1,0,1,双平,S,4064.0000,4063.8000,4063.4000,4063.2000,4062.6000,4064.6000,4064.8000,4065.0000,4065.2000,4065.4000,1,2,5,1,1,6,5,8,1,3
SF,IF2003,2019-12-20 09:32:58.400,4064.2000,36152,0,698090760.000,0,-,-,-,-,4064.0000,4063.8000,4063.4000,4063.2000,4062.6000,4064.4000,4064.6000,4064.8000,4065.0000,4065.2000,1,2,5,1,1,5,6,5,8,1
SF,IF2003,2019-12-20 09:32:58.900,4064.2000,36152,0,698090760.000,0,-,-,-,-,4064.0000,4063.8000,4063.4000,4063.2000,4062.6000,4064.4000,4064.6000,4064.8000,4065.0000,4065.2000,2,2,5,1,1,5,6,5,7,1
SF,IF2003,2019-12-20 09:33:00.400,4064.4000,36152,0,699310080.000,1,0,1,多换,S,4064.0000,4063.8000,4063.4000,4063.2000,4062.6000,4064.6000,4065.0000,4065.2000,4065.4000,4066.2000,2,2,5,1,1,1,7,1,3,1
SF,IF2003,2019-12-20 09:33:00.900,4064.4000,36152,0,699310080.000,0,-,-,-,-,4064.0000,4063.8000,4063.4000,4063.2000,4062.6000,4064.6000,4065.0000,4065.2000,4065.4000,4066.2000,2,2,5,1,1,1,6,1,3,1
SF,IF2003,2019-12-20 09:33:01.400,4064.4000,36152,0,699310080.000,0,-,-,-,-,4064.0000,4063.8000,4063.4000,4063.2000,4062.6000,4064.6000,4065.0000,4065.2000,4065.4000,4066.2000,2,2,5,1,1,1,5,1,3,1
SF,IF2003,2019-12-20 09:33:01.900,4064.4000,36152,0,699310080.000,0,-,-,-,-,4064.0000,4063.8000,4063.4000,4063.2000,4062.6000,4065.0000,4065.2000,4065.4000,4066.2000,4067.0000,2,2,5,1,1,5,1,3,1,1
SF,IF2003,2019-12-20 09:33:02.400,4064.4000,36152,0,699310080.000,0,-,-,-,-,4064.0000,4063.8000,4063.4000,4063.2000,4062.6000,4064.4000,4065.0000,4065.2000,4065.4000,4066.2000,2,2,5,1,1,5,7,1,3,1
SF,IF2003,2019-12-20 09:33:02.900,4064.2000,36146,-6,706625700.000,6,0,6,双平,S,4064.0000,4063.8000,4063.4000,4063.2000,4062.6000,4064.4000,4065.0000,4065.2000,4065.4000,4066.2000,2,2,5,1,1,4,7,2,3,1
SF,IF2003,2019-12-20 09:33:03.400,4064.2000,36146,0,706625700.000,0,-,-,-,-,4064.0000,4063.8000,4063.4000,4063.2000,4062.6000,4065.0000,4065.2000,4065.4000,4066.2000,4067.0000,2,2,5,1,1,7,2,3,1,1
SF,IF2003,2019-12-20 09:33:03.900,4064.2000,36146,0,706625700.000,0,-,-,-,-,4064.2000,4064.0000,4063.8000,4063.4000,4063.2000,4065.0000,4065.2000,4065.4000,4066.2000,4067.0000,1,2,2,5,1,7,2,3,1,1
SF,IF2003,2019-12-20 09:33:04.400,4064.2000,36145,-1,707844960.000,1,0,1,双平,S,4064.0000,4063.8000,4063.4000,4063.2000,4062.6000,4064.2000,4065.0000,4065.2000,4065.4000,4066.2000,2,2,5,1,1,5,7,2,3,1
SF,IF2003,2019-12-20 09:33:04.900,4064.2000,36145,0,707844960.000,0,-,-,-,-,4064.0000,4063.8000,4063.4000,4063.2000,4062.6000,4064.2000,4065.0000,4065.2000,4065.4000,4066.2000,2,2,5,1,1,5,7,1,3,1
SF,IF2003,2019-12-20 09:33:05.400,4064.2000,36145,0,709064220.000,1,0,1,多换,S,4064.0000,4063.8000,4063.4000,4063.2000,4062.6000,4064.2000,4065.0000,4065.2000,4065.4000,4066.2000,2,2,5,1,1,4,5,1,3,1
SF,IF2003,2019-12-20 09:33:05.900,4064.2000,36142,-3,713941260.000,4,0,4,多平,S,4064.0000,4063.8000,4063.4000,4063.2000,4062.6000,4065.0000,4065.2000,4065.4000,4066.2000,4067.0000,2,2,5,1,1,5,1,3,1,1
SF,IF2003,2019-12-20 09:33:06.900,4064.2000,36142,0,713941260.000,0,-,-,-,-,4064.0000,4063.8000,4063.4000,4063.2000,4062.6000,4064.4000,4065.0000,4065.2000,4065.4000,4066.2000,4,2,5,1,1,5,3,1,3,1
SF,IF2003,2019-12-20 09:33:07.400,4064.2000,36142,0,713941260.000,0,-,-,-,-,4064.0000,4063.8000,4063.4000,4063.2000,4062.6000,4065.0000,4065.2000,4065.4000,4066.2000,4067.0000,4,2,5,1,1,3,1,3,1,1
SF,IF2003,2019-12-20 09:33:07.900,4064.2000,36142,0,713941260.000,0,-,-,-,-,4064.0000,4063.8000,4063.4000,4063.2000,4062.6000,4064.6000,4065.0000,4065.2000,4065.4000,4066.2000,4,2,5,1,1,5,3,1,3,1
SF,IF2003,2019-12-20 09:33:08.400,4064.2000,36142,0,713941260.000,0,-,-,-,-,4064.2000,4064.0000,4063.8000,4063.4000,4063.2000,4064.6000,4065.0000,4065.2000,4065.4000,4066.2000,1,4,2,5,1,5,3,1,3,1
SF,IF2003,2019-12-20 09:33:09.900,4064.6000,36140,-2,717599280.000,3,0,3,多平,S,4064.0000,4063.8000,4063.4000,4063.2000,4062.6000,4064.6000,4065.0000,4065.2000,4065.4000,4066.2000,4,2,5,1,1,3,3,1,3,1
SF,IF2003,2019-12-20 09:33:10.400,4064.6000,36139,-1,718818660.000,1,0,1,双平,S,4064.0000,4063.8000,4063.4000,4063.2000,4062.6000,4064.2000,4065.0000,4065.2000,4065.4000,4066.2000,4,2,5,1,1,1,3,1,3,1
SF,IF2003,2019-12-20 09:33:10.900,4064.2000,36137,-2,721257180.000,2,0,2,双平,S,4064.0000,4063.8000,4063.4000,4063.2000,4062.6000,4065.0000,4065.2000,4065.4000,4066.2000,4067.0000,4,2,5,1,1,3,1,3,1,1
SF,IF2003,2019-12-20 09:33:11.400,4064.0000,36136,-1,723695580.000,2,0,2,多平,S,4064.0000,4063.8000,4063.4000,4063.2000,4062.6000,4064.8000,4065.0000,4065.2000,4065.4000,4066.2000,2,2,5,1,1,14,4,1,3,1
SF,IF2003,2019-12-20 09:33:11.900,4064.0000,36134,-2,726133980.000,2,0,2,双平,S,4063.8000,4063.4000,4063.2000,4062.6000,4062.4000,4064.0000,4064.8000,4065.0000,4065.2000,4065.4000,2,5,1,1,5,1,12,4,1,3
SF,IF2003,2019-12-20 09:33:12.400,4064.0000,36134,0,726133980.000,0,-,-,-,-,4063.8000,4063.4000,4063.2000,4062.6000,4062.4000,4064.6000,4064.8000,4065.0000,4065.2000,4065.4000,2,5,1,1,5,5,11,4,1,3
SF,IF2003,2019-12-20 09:33:12.900,4063.8000,36135,1,727353120.000,1,1,0,双开,S,4064.2000,4063.8000,4063.4000,4063.2000,4062.6000,4064.4000,4064.6000,4064.8000,4065.0000,4065.2000,1,1,5,1,1,10,5,10,4,1
SF,IF2003,2019-12-20 09:33:13.400,4063.8000,36136,1,729791520.000,2,1,1,空开,S,4063.4000,4063.2000,4062.6000,4062.4000,4060.4000,4063.8000,4064.2000,4064.4000,4064.6000,4064.8000,5,1,1,5,1,2,3,9,5,10
SF,IF2003,2019-12-20 09:33:13.900,4063.8000,36136,0,729791520.000,0,-,-,-,-,4063.4000,4063.2000,4062.6000,4062.4000,4060.4000,4063.6000,4063.8000,4064.2000,4064.4000,4064.6000,5,1,1,5,1,1,2,2,9,5
SF,IF2003,2019-12-20 09:33:14.400,4063.6000,36135,-1,731010600.000,1,0,1,双平,S,4063.4000,4063.2000,4062.6000,4062.4000,4060.4000,4063.8000,4064.2000,4064.4000,4064.6000,4064.8000,5,1,1,5,1,2,2,9,5,4
SF,IF2003,2019-12-20 09:33:14.900,4063.4000,36134,-1,732229620.000,1,0,1,双平,S,4063.4000,4063.2000,4062.6000,4062.4000,4060.4000,4063.8000,4064.2000,4064.4000,4064.6000,4064.8000,4,1,1,5,1,1,3,9,5,4
SF,IF2003,2019-12-20 09:33:15.400,4063.8000,36134,0,733448760.000,1,0,1,多换,S,4063.4000,4063.2000,4062.6000,4062.4000,4060.4000,4064.2000,4064.4000,4064.6000,4064.8000,4065.0000,4,1,1,5,1,3,9,5,4,6
SF,IF2003,2019-12-20 09:33:15.900,4063.8000,36134,0,733448760.000,0,-,-,-,-,4063.4000,4063.2000,4062.6000,4062.4000,4060.4000,4064.2000,4064.4000,4064.6000,4064.8000,4065.0000,4,1,1,5,1,3,8,5,4,6
SF,IF2003,2019-12-20 09:33:16.400,4063.8000,36134,0,733448760.000,0,-,-,-,-,4063.4000,4063.2000,4062.6000,4062.4000,4060.4000,4064.0000,4064.2000,4064.4000,4064.6000,4064.8000,4,1,1,5,1,2,3,8,5,3
SF,IF2003,2019-12-20 09:33:16.900,4063.8000,36134,0,733448760.000,0,-,-,-,-,4063.4000,4063.2000,4062.6000,4062.4000,4060.4000,4064.0000,4064.2000,4064.4000,4064.6000,4064.8000,4,2,1,5,1,2,3,8,5,3
SF,IF2003,2019-12-20 09:33:17.900,4063.4000,36133,-1,734667780.000,1,0,1,双平,S,4063.4000,4063.2000,4062.6000,4062.4000,4060.4000,4064.0000,4064.2000,4064.4000,4064.6000,4064.8000,3,2,1,5,1,2,3,8,5,3
SF,IF2003,2019-12-20 09:33:18.400,4063.4000,36133,0,734667780.000,0,-,-,-,-,4063.4000,4063.2000,4062.6000,4062.4000,4060.4000,4064.0000,4064.2000,4064.4000,4064.6000,4064.8000,3,2,1,5,1,1,3,8,5,3
SF,IF2003,2019-12-20 09:33:18.900,4063.4000,36133,0,734667780.000,0,-,-,-,-,4063.4000,4063.2000,4062.6000,4062.4000,4060.4000,4063.8000,4064.0000,4064.2000,4064.4000,4064.6000,3,2,1,5,1,2,1,1,8,5
SF,IF2003,2019-12-20 09:33:19.400,4063.4000,36133,0,734667780.000,0,-,-,-,-,4063.4000,4063.2000,4062.6000,4062.4000,4060.4000,4064.2000,4064.4000,4064.6000,4064.8000,4065.0000,3,2,1,5,1,1,8,5,3,5
SF,IF2003,2019-12-20 09:33:19.900,4063.4000,36133,0,734667780.000,0,-,-,-,-,4063.4000,4063.2000,4062.6000,4062.4000,4060.4000,4064.2000,4064.4000,4064.6000,4064.8000,4065.0000,3,2,1,5,1,4,8,5,3,5
SF,IF2003,2019-12-20 09:33:20.400,4063.4000,36133,0,734667780.000,0,-,-,-,-,4063.4000,4063.2000,4062.6000,4062.4000,4060.4000,4064.0000,4064.2000,4064.4000,4064.6000,4064.8000,3,2,1,5,1,2,4,8,5,3
SF,IF2003,2019-12-20 09:33:20.900,4063.4000,36133,0,734667780.000,0,-,-,-,-,4063.4000,4063.2000,4062.6000,4062.4000,4060.4000,4064.0000,4064.2000,4064.4000,4064.6000,4064.8000,3,2,1,6,1,2,1,8,5,3
SF,IF2003,2019-12-20 09:33:22.400,4063.4000,36133,0,738324840.000,3,1,2,多换,S,4063.2000,4062.6000,4062.4000,4060.4000,4060.2000,4063.4000,4064.0000,4064.2000,4064.4000,4064.6000,2,1,6,1,2,3,2,1,8,5
SF,IF2003,2019-12-20 09:33:22.900,4063.4000,36134,1,741981900.000,3,2,1,空开,S,4063.4000,4063.2000,4062.6000,4062.4000,4060.4000,4064.0000,4064.2000,4064.4000,4064.8000,4065.0000,2,2,1,6,1,1,1,2,2,5
SF,IF2003,2019-12-20 09:33:23.400,4063.4000,36134,0,741981900.000,0,-,-,-,-,4063.4000,4063.2000,4062.6000,4062.4000,4060.4000,4064.0000,4064.2000,4064.4000,4064.8000,4065.0000,2,2,1,6,1,1,1,2,2,5
SF,IF2003,2019-12-20 09:33:24.400,4063.4000,36134,0,741981900.000,0,-,-,-,-,4063.4000,4063.2000,4062.6000,4062.4000,4060.4000,4064.0000,4064.2000,4064.4000,4064.8000,4065.0000,4,2,1,6,1,1,1,2,2,5
SF,IF2003,2019-12-20 09:33:24.900,4063.4000,36134,0,741981900.000,0,-,-,-,-,4063.4000,4063.2000,4062.6000,4062.4000,4060.4000,4064.2000,4064.4000,4064.8000,4065.0000,4065.2000,4,2,1,6,1,1,2,2,5,1
SF,IF2003,2019-12-20 09:33:25.400,4063.4000,36133,-1,743200920.000,1,0,1,双平,S,4063.4000,4063.2000,4062.6000,4062.4000,4060.4000,4064.0000,4064.2000,4064.4000,4064.8000,4065.0000,3,2,1,6,1,1,1,2,2,5
SF,IF2003,2019-12-20 09:33:25.900,4063.4000,36133,0,743200920.000,0,-,-,-,-,4063.4000,4063.2000,4062.6000,4062.4000,4060.4000,4064.2000,4064.4000,4064.8000,4065.0000,4065.2000,3,2,1,6,1,1,2,2,5,1
SF,IF2003,2019-12-20 09:33:26.400,4063.4000,36133,0,743200920.000,0,-,-,-,-,4063.4000,4063.2000,4062.6000,4062.4000,4060.4000,4064.2000,4064.8000,4065.0000,4065.2000,4065.4000,3,2,1,6,1,1,2,5,1,1
SF,IF2003,2019-12-20 09:33:26.900,4063.4000,36133,0,743200920.000,0,-,-,-,-,4063.4000,4063.2000,4062.6000,4062.4000,4060.4000,4064.2000,4064.8000,4065.0000,4065.2000,4065.4000,3,2,1,6,1,2,2,5,1,1
SF,IF2003,2019-12-20 09:33:27.400,4063.4000,36133,0,743200920.000,0,-,-,-,-,4063.4000,4063.2000,4062.6000,4062.4000,4060.4000,4064.0000,4064.2000,4064.8000,4065.0000,4065.2000,3,2,1,6,1,1,1,2,5,1
SF,IF2003,2019-12-20 09:33:27.900,4064.0000,36132,-1,744420120.000,1,0,1,双平,S,4063.4000,4063.2000,4062.6000,4062.4000,4060.4000,4064.2000,4064.8000,4065.0000,4065.2000,4065.4000,2,2,1,6,1,1,2,5,1,1
SF,IF2003,2019-12-20 09:33:28.400,4064.0000,36132,0,744420120.000,0,-,-,-,-,4063.4000,4063.2000,4062.8000,4062.6000,4062.4000,4064.2000,4064.6000,4064.8000,4065.0000,4065.2000,2,2,1,1,6,1,1,2,5,1
SF,IF2003,2019-12-20 09:33:28.900,4064.0000,36132,0,744420120.000,0,-,-,-,-,4063.6000,4063.4000,4063.2000,4062.8000,4062.6000,4064.2000,4064.6000,4064.8000,4065.0000,4065.2000,1,2,2,1,1,1,1,2,5,1
SF,IF2003,2019-12-20 09:33:30.900,4064.0000,36132,0,744420120.000,0,-,-,-,-,4063.6000,4063.4000,4063.2000,4062.8000,4062.6000,4064.0000,4064.2000,4064.6000,4064.8000,4065.0000,1,2,2,1,1,5,1,1,2,5
SF,IF2003,2019-12-20 09:33:31.900,4064.0000,36128,-4,749296920.000,4,0,4,双平,S,4063.6000,4063.4000,4063.2000,4062.8000,4062.6000,4064.0000,4064.2000,4064.6000,4064.8000,4065.0000,1,2,2,1,1,1,1,1,2,5
SF,IF2003,2019-12-20 09:33:32.400,4064.0000,36127,-1,750516120.000,1,0,1,双平,S,4063.8000,4063.6000,4063.4000,4063.2000,4062.8000,4064.2000,4064.6000,4064.8000,4065.0000,4065.2000,1,1,2,2,1,1,1,2,5,1
SF,IF2003,2019-12-20 09:33:32.900,4064.0000,36127,0,750516120.000,0,-,-,-,-,4063.6000,4063.4000,4063.2000,4062.8000,4062.6000,4064.2000,4064.6000,4065.0000,4065.2000,4065.4000,1,2,2,1,1,1,1,5,1,1
SF,IF2003,2019-12-20 09:33:33.900,4064.0000,36127,0,750516120.000,0,-,-,-,-,4063.6000,4063.4000,4063.2000,4062.8000,4062.6000,4064.2000,4064.6000,4065.0000,4065.2000,4065.4000,1,2,2,1,1,6,1,5,1,1
SF,IF2003,2019-12-20 09:33:34.400,4064.0000,36127,0,750516120.000,0,-,-,-,-,4063.4000,4063.2000,4062.8000,4062.6000,4062.4000,4064.2000,4064.6000,4065.0000,4065.2000,4065.4000,2,2,1,1,6,6,1,5,1,1
SF,IF2003,2019-12-20 09:33:34.900,4064.2000,36125,-2,752954580.000,2,0,2,双平,S,4063.6000,4063.4000,4063.2000,4062.8000,4062.6000,4064.2000,4064.6000,4065.0000,4065.2000,4065.4000,1,2,2,1,1,5,1,5,1,1
SF,IF2003,2019-12-20 09:33:35.400,4064.2000,36125,0,752954580.000,0,-,-,-,-,4063.6000,4063.4000,4063.2000,4062.8000,4062.6000,4064.0000,4064.2000,4064.6000,4065.0000,4065.2000,1,2,2,1,1,5,5,1,5,1
SF,IF2003,2019-12-20 09:33:36.400,4064.0000,36124,-1,754173780.000,1,0,1,双平,S,4064.4000,4063.8000,4063.6000,4063.4000,4063.2000,4064.6000,4065.0000,4065.2000,4065.4000,4066.2000,1,2,1,2,2,1,5,1,1,1
SF,IF2003,2019-12-20 09:33:36.900,4064.6000,36125,1,755393160.000,1,1,0,双开,S,4064.6000,4064.4000,4063.8000,4063.4000,4063.2000,4065.0000,4065.2000,4065.4000,4066.2000,4067.0000,3,1,2,2,2,5,1,1,1,1
SF,IF2003,2019-12-20 09:33:37.400,4065.0000,36124,-1,757832160.000,2,0,2,多平,S,4064.8000,4063.8000,4063.4000,4063.2000,4062.8000,4065.0000,4065.2000,4065.4000,4066.2000,4067.0000,1,2,2,2,1,3,1,1,1,1
SF,IF2003,2019-12-20 09:33:37.900,4065.0000,36123,-1,760271160.000,2,0,2,多平,S,4064.8000,4063.8000,4063.4000,4063.2000,4062.8000,4065.0000,4065.2000,4065.4000,4066.2000,4067.0000,1,2,2,2,1,1,1,1,1,2
SF,IF2003,2019-12-20 09:33:38.400,4065.0000,36122,-1,761490660.000,1,0,1,双平,S,4064.8000,4064.2000,4063.8000,4063.4000,4063.2000,4065.2000,4065.4000,4066.2000,4067.0000,4068.2000,1,1,2,2,2,1,1,1,2,2
SF,IF2003,2019-12-20 09:33:39.400,4065.0000,36122,0,761490660.000,0,-,-,-,-,4064.8000,4064.2000,4064.0000,4063.8000,4063.4000,4065.2000,4065.4000,4066.2000,4067.0000,4068.2000,1,1,1,2,2,1,1,1,2,2
SF,IF2003,2019-12-20 09:33:40.400,4065.0000,36121,-1,765149160.000,3,1,2,多平,S,4064.8000,4064.2000,4064.0000,4063.4000,4063.2000,4065.0000,4065.2000,4065.4000,4066.2000,4067.0000,1,1,1,2,2,2,1,1,1,2
SF,IF2003,2019-12-20 09:33:40.900,4064.8000,36121,0,766368600.000,1,0,1,多换,S,4064.2000,4064.0000,4063.4000,4063.2000,4062.8000,4065.2000,4065.4000,4066.2000,4067.0000,4068.2000,1,1,2,2,1,1,1,1,2,2
SF,IF2003,2019-12-20 09:33:41.400,4064.8000,36121,0,766368600.000,0,-,-,-,-,4064.4000,4064.2000,4064.0000,4063.4000,4063.2000,4065.0000,4065.2000,4065.4000,4065.6000,4066.2000,2,1,1,2,2,2,2,1,4,1
SF,IF2003,2019-12-20 09:33:41.900,4064.8000,36121,0,766368600.000,0,-,-,-,-,4064.4000,4064.2000,4064.0000,4063.4000,4063.2000,4064.8000,4065.2000,4065.4000,4065.6000,4066.2000,2,1,1,2,2,5,2,1,4,1
SF,IF2003,2019-12-20 09:33:42.400,4064.8000,36121,0,766368600.000,0,-,-,-,-,4064.4000,4064.2000,4064.0000,4063.4000,4063.2000,4064.6000,4064.8000,4065.2000,4065.4000,4065.6000,2,1,1,2,2,1,5,2,1,4
SF,IF2003,2019-12-20 09:33:42.900,4064.8000,36121,0,766368600.000,0,-,-,-,-,4064.2000,4064.0000,4063.4000,4063.2000,4062.8000,4064.6000,4064.8000,4065.2000,4065.4000,4065.6000,1,1,2,2,1,6,5,2,1,4
SF,IF2003,2019-12-20 09:33:43.400,4064.8000,36121,0,766368600.000,0,-,-,-,-,4064.2000,4064.0000,4063.4000,4063.2000,4062.8000,4064.6000,4064.8000,4065.2000,4065.4000,4066.2000,1,1,2,2,1,6,5,2,1,1
SF,IF2003,2019-12-20 09:33:44.400,4064.6000,36120,-1,767587980.000,1,0,1,双平,S,4064.6000,4064.2000,4064.0000,4063.4000,4063.2000,4064.8000,4065.2000,4065.4000,4066.2000,4067.0000,1,1,1,2,2,5,2,1,1,2
SF,IF2003,2019-12-20 09:33:44.900,4064.8000,36119,-1,770026800.000,2,0,2,多平,S,4064.2000,4064.0000,4063.8000,4063.4000,4063.2000,4064.8000,4065.2000,4065.4000,4066.2000,4067.0000,1,1,1,2,2,4,1,1,1,2
SF,IF2003,2019-12-20 09:33:45.400,4064.8000,36119,0,770026800.000,0,-,-,-,-,4064.2000,4064.0000,4063.8000,4063.4000,4063.2000,4064.8000,4065.2000,4065.4000,4066.2000,4067.0000,1,1,1,2,2,4,5,1,1,2
SF,IF2003,2019-12-20 09:33:45.900,4064.8000,36119,0,770026800.000,0,-,-,-,-,4064.2000,4064.0000,4063.8000,4063.4000,4063.2000,4064.8000,4065.2000,4065.4000,4066.2000,4067.0000,1,1,1,2,2,4,5,1,1,2
SF,IF2003,2019-12-20 09:33:46.400,4064.8000,36119,0,770026800.000,0,-,-,-,-,4064.4000,4064.2000,4064.0000,4063.8000,4063.4000,4064.8000,4065.2000,4065.4000,4066.2000,4067.0000,1,1,1,1,2,4,5,1,1,2
SF,IF2003,2019-12-20 09:33:46.900,4064.8000,36119,0,770026800.000,0,-,-,-,-,4064.2000,4064.0000,4063.8000,4063.4000,4063.2000,4064.8000,4065.2000,4065.4000,4066.2000,4067.0000,1,1,1,2,2,4,5,1,1,2
SF,IF2003,2019-12-20 09:33:47.400,4064.8000,36119,0,770026800.000,0,-,-,-,-,4064.6000,4064.2000,4064.0000,4063.8000,4063.4000,4065.2000,4065.4000,4066.2000,4067.0000,4068.2000,1,1,1,1,2,5,1,1,2,2
SF,IF2003,2019-12-20 09:33:47.900,4064.8000,36119,0,770026800.000,0,-,-,-,-,4064.8000,4064.6000,4064.2000,4064.0000,4063.8000,4065.0000,4065.2000,4065.4000,4066.2000,4067.0000,1,1,1,1,1,6,5,2,1,2
SF,IF2003,2019-12-20 09:33:48.400,4064.8000,36119,0,771246240.000,1,0,1,多换,S,4064.6000,4064.2000,4064.0000,4063.8000,4063.4000,4064.8000,4065.0000,4065.2000,4065.4000,4066.2000,1,1,1,1,2,2,5,5,2,1
SF,IF2003,2019-12-20 09:33:48.900,4064.6000,36118,-1,772465620.000,1,0,1,双平,S,4064.2000,4064.0000,4063.8000,4063.4000,4063.2000,4064.6000,4065.0000,4065.2000,4065.4000,4066.2000,1,1,1,2,2,1,5,5,2,1
SF,IF2003,2019-12-20 09:33:49.400,4064.6000,36118,0,772465620.000,0,-,-,-,-,4064.2000,4064.0000,4063.8000,4063.4000,4063.2000,4065.0000,4065.2000,4065.4000,4066.2000,4067.0000,1,1,1,2,2,5,5,2,1,2
SF,IF2003,2019-12-20 09:33:50.900,4064.8000,36119,1,773685060.000,1,1,0,双开,S,4064.2000,4064.0000,4063.8000,4063.4000,4063.2000,4064.8000,4065.0000,4065.2000,4065.4000,4066.2000,1,1,1,2,2,5,5,5,2,1
SF,IF2003,2019-12-20 09:33:51.400,4064.8000,36119,0,773685060.000,0,-,-,-,-,4064.2000,4064.0000,4063.8000,4063.4000,4063.2000,4064.6000,4064.8000,4065.0000,4065.2000,4065.4000,1,1,2,2,2,1,5,5,5,2
SF,IF2003,2019-12-20 09:33:51.900,4064.8000,36119,0,773685060.000,0,-,-,-,-,4064.2000,4064.0000,4063.8000,4063.4000,4063.2000,4065.0000,4065.2000,4065.4000,4066.2000,4067.0000,1,1,2,2,2,5,5,2,1,2
SF,IF2003,2019-12-20 09:33:52.400,4064.8000,36119,0,773685060.000,0,-,-,-,-,4064.2000,4064.0000,4063.8000,4063.4000,4063.2000,4065.0000,4065.2000,4065.4000,4066.2000,4067.0000,1,1,2,2,2,5,5,2,1,2
SF,IF2003,2019-12-20 09:33:52.900,4064.8000,36119,0,773685060.000,0,-,-,-,-,4064.2000,4064.0000,4063.8000,4063.4000,4063.2000,4064.8000,4065.0000,4065.2000,4065.4000,4066.2000,1,1,2,2,2,1,5,5,2,1
SF,IF2003,2019-12-20 09:33:53.900,4064.8000,36119,0,773685060.000,0,-,-,-,-,4064.2000,4064.0000,4063.8000,4063.4000,4063.2000,4064.8000,4065.0000,4065.2000,4065.4000,4066.2000,1,1,2,2,2,6,5,5,2,1
SF,IF2003,2019-12-20 09:33:55.900,4064.8000,36119,0,773685060.000,0,-,-,-,-,4064.2000,4064.0000,4063.8000,4063.4000,4063.2000,4064.6000,4064.8000,4065.0000,4065.2000,4065.4000,1,1,2,2,2,5,11,5,5,2
SF,IF2003,2019-12-20 09:33:56.400,4064.8000,36119,0,773685060.000,0,-,-,-,-,4064.2000,4064.0000,4063.8000,4063.4000,4063.2000,4064.6000,4064.8000,4065.0000,4065.2000,4065.4000,1,1,2,2,2,5,11,5,1,2
SF,IF2003,2019-12-20 09:33:56.900,4064.8000,36119,0,773685060.000,0,-,-,-,-,4064.2000,4064.0000,4063.8000,4063.4000,4063.2000,4064.4000,4064.6000,4064.8000,4065.0000,4065.2000,1,1,2,2,2,5,5,11,5,1
SF,IF2003,2019-12-20 09:33:57.400,4064.8000,36119,0,773685060.000,0,-,-,-,-,4064.2000,4064.0000,4063.8000,4063.4000,4063.2000,4064.8000,4065.0000,4065.2000,4065.4000,4066.2000,1,1,2,2,2,10,5,1,2,1
SF,IF2003,2019-12-20 09:33:57.900,4064.8000,36119,0,773685060.000,0,-,-,-,-,4064.2000,4064.0000,4063.8000,4063.4000,4063.2000,4064.8000,4065.0000,4065.2000,4065.4000,4066.2000,1,1,2,2,2,10,5,1,2,1
SF,IF2003,2019-12-20 09:33:58.400,4064.8000,36119,0,773685060.000,0,-,-,-,-,4064.2000,4064.0000,4063.8000,4063.4000,4063.2000,4064.6000,4064.8000,4065.0000,4065.2000,4065.4000,1,1,2,2,2,1,10,5,1,2
SF,IF2003,2019-12-20 09:33:58.900,4064.8000,36119,0,773685060.000,0,-,-,-,-,4064.2000,4064.0000,4063.8000,4063.4000,4063.2000,4064.6000,4064.8000,4065.0000,4065.2000,4065.4000,1,1,2,2,2,1,5,5,1,2
SF,IF2003,2019-12-20 09:33:59.900,4064.8000,36119,0,773685060.000,0,-,-,-,-,4064.2000,4064.0000,4063.8000,4063.6000,4063.4000,4064.6000,4064.8000,4065.0000,4065.2000,4065.4000,1,1,2,1,2,1,5,5,1,2
SF,IF2003,2019-12-20 09:34:00.400,4064.8000,36119,0,773685060.000,0,-,-,-,-,4064.2000,4064.0000,4063.8000,4063.6000,4063.4000,4064.8000,4065.0000,4065.2000,4065.4000,4066.2000,1,1,2,1,2,5,5,1,2,1
SF,IF2003,2019-12-20 09:34:00.900,4064.8000,36119,0,773685060.000,0,-,-,-,-,4064.2000,4064.0000,4063.8000,4063.6000,4063.4000,4064.8000,4065.2000,4065.4000,4066.2000,4067.0000,1,1,2,1,2,5,1,2,1,2
SF,IF2003,2019-12-20 09:34:01.900,4064.8000,36119,0,773685060.000,0,-,-,-,-,4064.2000,4064.0000,4063.8000,4063.6000,4063.4000,4064.8000,4065.2000,4065.4000,4066.2000,4067.0000,1,1,2,1,2,5,1,2,1,2
SF,IF2003,2019-12-20 09:34:02.400,4064.2000,36119,0,774904320.000,1,0,1,多换,S,4064.0000,4063.8000,4063.6000,4063.4000,4063.2000,4064.8000,4065.2000,4065.4000,4066.2000,4067.0000,1,2,1,2,2,5,1,2,1,2
SF,IF2003,2019-12-20 09:34:02.900,4064.2000,36119,0,774904320.000,0,-,-,-,-,4064.2000,4064.0000,4063.8000,4063.6000,4063.4000,4064.8000,4065.2000,4065.4000,4066.2000,4067.0000,1,2,2,1,2,5,1,2,1,2
SF,IF2003,2019-12-20 09:34:03.400,4064.2000,36119,0,774904320.000,0,-,-,-,-,4064.2000,4064.0000,4063.8000,4063.6000,4063.4000,4064.4000,4064.6000,4064.8000,4065.2000,4065.4000,1,2,2,1,2,3,1,5,1,2
SF,IF2003,2019-12-20 09:34:03.900,4064.0000,36115,-4,781000380.000,5,0,5,多平,S,4063.8000,4063.6000,4063.4000,4063.2000,4062.8000,4064.0000,4064.4000,4064.6000,4064.8000,4065.2000,2,1,2,2,1,1,3,1,5,1
SF,IF2003,2019-12-20 09:34:04.400,4064.0000,36114,-1,782219580.000,1,0,1,双平,S,4064.2000,4064.0000,4063.8000,4063.6000,4063.4000,4064.4000,4064.6000,4064.8000,4065.2000,4065.4000,1,1,2,1,2,3,1,5,1,2
SF,IF2003,2019-12-20 09:34:04.900,4064.4000,36113,-1,783438900.000,1,0,1,双平,S,4063.8000,4063.6000,4063.4000,4063.2000,4062.8000,4064.4000,4064.6000,4064.8000,4065.2000,4065.4000,2,1,2,2,1,2,1,5,1,2
SF,IF2003,2019-12-20 09:34:05.400,4063.8000,36113,0,785877180.000,2,1,1,多换,S,4063.6000,4063.4000,4063.2000,4062.8000,4062.6000,4063.8000,4064.4000,4064.6000,4064.8000,4065.2000,1,2,2,1,1,3,2,1,5,1
SF,IF2003,2019-12-20 09:34:05.900,4063.8000,36107,-6,794411160.000,7,0,7,多平,S,4063.6000,4063.4000,4063.2000,4062.8000,4062.6000,4063.8000,4064.4000,4064.6000,4064.8000,4065.4000,1,2,2,1,1,1,2,1,5,1
SF,IF2003,2019-12-20 09:34:06.400,4063.8000,36107,0,795630300.000,1,0,1,多换,S,4063.6000,4063.4000,4063.2000,4062.8000,4062.6000,4064.4000,4064.6000,4064.8000,4065.0000,4065.4000,1,2,2,1,1,2,1,5,1,1
SF,IF2003,2019-12-20 09:34:06.900,4063.8000,36107,0,795630300.000,0,-,-,-,-,4063.6000,4063.4000,4063.2000,4062.8000,4062.6000,4064.2000,4064.4000,4064.6000,4064.8000,4065.0000,1,2,2,1,1,1,2,1,5,1
SF,IF2003,2019-12-20 09:34:07.400,4063.6000,36107,0,796849380.000,1,0,1,多换,S,4063.4000,4063.2000,4062.8000,4062.6000,4062.4000,4063.6000,4064.2000,4064.4000,4064.6000,4064.8000,2,2,1,1,6,1,1,2,1,5
SF,IF2003,2019-12-20 09:34:07.900,4063.6000,36107,0,799287540.000,2,1,1,多换,S,4063.6000,4063.4000,4063.2000,4062.8000,4062.6000,4064.2000,4064.4000,4064.8000,4065.0000,4065.2000,4,2,2,1,1,1,2,5,1,4
SF,IF2003,2019-12-20 09:34:08.400,4064.2000,36106,-1,800506800.000,1,0,1,双平,S,4063.6000,4063.4000,4063.2000,4062.8000,4062.6000,4064.4000,4064.8000,4065.0000,4065.2000,4065.4000,5,2,2,1,1,2,5,1,4,1
SF,IF2003,2019-12-20 09:34:08.900,4064.2000,36106,0,800506800.000,0,-,-,-,-,4063.6000,4063.4000,4063.2000,4062.8000,4062.6000,4064.8000,4065.0000,4065.2000,4065.4000,4066.2000,5,2,2,1,1,5,1,4,1,1
SF,IF2003,2019-12-20 09:34:09.400,4064.2000,36106,0,800506800.000,0,-,-,-,-,4063.8000,4063.6000,4063.4000,4063.2000,4062.8000,4064.6000,4064.8000,4065.0000,4065.2000,4065.4000,1,5,2,2,1,2,5,1,4,1
SF,IF2003,2019-12-20 09:34:09.900,4064.2000,36106,0,800506800.000,0,-,-,-,-,4064.0000,4063.8000,4063.6000,4063.4000,4063.2000,4064.6000,4064.8000,4065.0000,4065.2000,4065.4000,1,1,5,2,2,1,5,1,4,1
SF,IF2003,2019-12-20 09:34:10.400,4064.2000,36106,0,800506800.000,0,-,-,-,-,4063.8000,4063.6000,4063.4000,4063.2000,4062.8000,4064.8000,4065.0000,4065.2000,4065.4000,4066.2000,1,5,2,2,1,5,1,4,1,1
SF,IF2003,2019-12-20 09:34:10.900,4064.2000,36106,0,800506800.000,0,-,-,-,-,4063.8000,4063.6000,4063.4000,4063.2000,4062.8000,4064.6000,4064.8000,4065.0000,4065.2000,4065.4000,1,5,2,2,1,1,5,1,4,1
SF,IF2003,2019-12-20 09:34:11.400,4064.2000,36106,0,800506800.000,0,-,-,-,-,4063.6000,4063.4000,4063.2000,4062.8000,4062.6000,4064.6000,4064.8000,4065.0000,4065.2000,4065.4000,5,2,2,1,1,1,5,1,4,1
SF,IF2003,2019-12-20 09:34:11.900,4064.2000,36106,0,800506800.000,0,-,-,-,-,4063.8000,4063.6000,4063.4000,4063.2000,4062.8000,4064.4000,4064.6000,4064.8000,4065.0000,4065.2000,2,5,2,2,1,1,1,5,1,4
SF,IF2003,2019-12-20 09:34:12.400,4064.4000,36105,-1,801726120.000,1,0,1,双平,S,4063.6000,4063.4000,4063.2000,4062.8000,4062.6000,4064.6000,4064.8000,4065.0000,4065.2000,4065.4000,5,2,2,1,1,1,5,1,4,1
SF,IF2003,2019-12-20 09:34:12.900,4064.4000,36105,0,801726120.000,0,-,-,-,-,4063.8000,4063.6000,4063.4000,4063.2000,4062.8000,4064.4000,4064.6000,4064.8000,4065.0000,4065.2000,2,5,2,2,1,1,1,5,1,4
SF,IF2003,2019-12-20 09:34:13.400,4064.4000,36105,0,801726120.000,0,-,-,-,-,4063.6000,4063.4000,4063.2000,4062.8000,4062.6000,4063.8000,4064.4000,4064.6000,4064.8000,4065.0000,6,2,2,1,1,1,1,1,5,1
SF,IF2003,2019-12-20 09:34:13.900,4063.8000,36105,0,802945260.000,1,0,1,多换,S,4063.8000,4063.6000,4063.4000,4063.2000,4062.8000,4064.4000,4064.6000,4064.8000,4065.0000,4065.2000,5,2,2,2,1,1,1,5,1,4
SF,IF2003,2019-12-20 09:34:14.400,4063.8000,36105,0,802945260.000,0,-,-,-,-,4063.8000,4063.6000,4063.4000,4063.2000,4062.8000,4064.4000,4064.6000,4064.8000,4065.0000,4065.2000,5,2,2,2,1,1,1,5,1,4
SF,IF2003,2019-12-20 09:34:14.900,4063.8000,36105,0,802945260.000,0,-,-,-,-,4064.0000,4063.6000,4063.4000,4063.2000,4062.8000,4064.6000,4064.8000,4065.0000,4065.2000,4065.4000,1,2,2,2,1,1,5,1,4,1
SF,IF2003,2019-12-20 09:34:15.400,4064.0000,36104,-1,804164460.000,1,0,1,双平,S,4063.6000,4063.4000,4063.2000,4062.8000,4062.6000,4064.4000,4064.6000,4064.8000,4065.0000,4065.2000,2,2,2,1,1,1,1,5,1,4
SF,IF2003,2019-12-20 09:34:15.900,4064.0000,36104,0,804164460.000,0,-,-,-,-,4063.8000,4063.6000,4063.4000,4063.2000,4062.8000,4064.2000,4064.4000,4064.8000,4065.0000,4065.2000,1,2,2,2,1,1,1,5,1,4
SF,IF2003,2019-12-20 09:34:16.400,4064.0000,36104,0,804164460.000,0,-,-,-,-,4063.8000,4063.6000,4063.4000,4063.2000,4062.8000,4064.2000,4064.4000,4064.8000,4065.0000,4065.2000,1,2,3,2,1,1,1,5,1,4
SF,IF2003,2019-12-20 09:34:16.900,4064.0000,36104,0,804164460.000,0,-,-,-,-,4063.8000,4063.6000,4063.4000,4063.2000,4062.8000,4064.2000,4064.8000,4065.0000,4065.2000,4065.4000,1,2,3,2,1,1,5,1,4,1
SF,IF2003,2019-12-20 09:34:19.400,4063.8000,36103,-1,805383600.000,1,0,1,双平,S,4063.6000,4063.4000,4063.2000,4062.8000,4062.6000,4064.2000,4064.8000,4065.0000,4065.2000,4065.4000,2,3,2,1,1,1,5,1,4,1
SF,IF2003,2019-12-20 09:34:19.900,4063.6000,36103,0,806602680.000,1,0,1,多换,S,4063.6000,4063.4000,4063.2000,4062.8000,4062.6000,4064.2000,4064.8000,4065.0000,4065.2000,4065.4000,1,3,2,1,1,1,5,1,4,1
SF,IF2003,2019-12-20 09:34:21.400,4064.2000,36103,0,807821940.000,1,0,1,多换,S,4063.6000,4063.4000,4063.2000,4062.8000,4062.6000,4064.8000,4065.0000,4065.2000,4065.4000,4066.2000,1,3,2,1,1,5,1,4,1,1
SF,IF2003,2019-12-20 09:34:21.900,4064.2000,36103,0,807821940.000,0,-,-,-,-,4063.6000,4063.4000,4063.2000,4062.8000,4062.6000,4064.6000,4064.8000,4065.0000,4065.2000,4065.4000,1,3,2,1,1,5,5,1,4,1
SF,IF2003,2019-12-20 09:34:22.400,4063.6000,36103,0,809041020.000,1,0,1,多换,S,4063.4000,4063.2000,4062.8000,4062.6000,4062.4000,4064.6000,4064.8000,4065.0000,4065.2000,4065.4000,3,2,1,1,6,5,5,1,4,1
SF,IF2003,2019-12-20 09:34:22.900,4063.6000,36103,0,809041020.000,0,-,-,-,-,4063.8000,4063.6000,4063.4000,4063.2000,4062.8000,4064.6000,4064.8000,4065.0000,4065.2000,4065.4000,1,1,3,2,1,1,5,1,4,1
SF,IF2003,2019-12-20 09:34:23.900,4063.6000,36103,0,809041020.000,0,-,-,-,-,4063.8000,4063.6000,4063.4000,4063.2000,4062.8000,4064.6000,4064.8000,4065.0000,4065.2000,4065.4000,1,1,3,2,1,1,6,1,4,1
SF,IF2003,2019-12-20 09:34:24.400,4063.6000,36103,0,809041020.000,0,-,-,-,-,4063.8000,4063.6000,4063.4000,4063.2000,4062.8000,4064.6000,4064.8000,4065.0000,4065.2000,4065.4000,1,1,3,2,1,6,6,1,4,1
SF,IF2003,2019-12-20 09:34:24.900,4063.8000,36102,-1,810260160.000,1,0,1,双平,S,4063.8000,4063.6000,4063.4000,4063.2000,4062.8000,4064.0000,4064.4000,4064.6000,4064.8000,4065.0000,1,1,3,2,1,3,1,5,6,1
SF,IF2003,2019-12-20 09:34:25.400,4064.4000,36102,0,816356220.000,5,2,3,多换,S,4063.4000,4063.2000,4062.8000,4062.6000,4062.4000,4064.6000,4064.8000,4065.0000,4065.2000,4065.4000,3,2,1,1,6,5,6,1,4,1
SF,IF2003,2019-12-20 09:34:25.900,4064.4000,36102,0,816356220.000,0,-,-,-,-,4063.6000,4063.4000,4063.2000,4062.8000,4062.6000,4063.8000,4064.4000,4064.6000,4064.8000,4065.0000,4,3,2,1,1,1,1,5,6,1
SF,IF2003,2019-12-20 09:34:26.400,4063.8000,36102,0,817575360.000,1,0,1,多换,S,4063.8000,4063.6000,4063.4000,4063.2000,4062.8000,4064.4000,4064.6000,4064.8000,4065.0000,4065.2000,3,3,3,2,1,1,5,6,1,4
SF,IF2003,2019-12-20 09:34:26.900,4063.8000,36102,0,817575360.000,0,-,-,-,-,4063.8000,4063.6000,4063.4000,4063.2000,4062.8000,4064.6000,4064.8000,4065.0000,4065.2000,4065.4000,2,3,3,2,1,5,6,1,4,1
SF,IF2003,2019-12-20 09:34:27.400,4063.8000,36102,0,817575360.000,0,-,-,-,-,4063.6000,4063.4000,4063.2000,4062.8000,4062.6000,4063.8000,4064.4000,4064.6000,4064.8000,4065.0000,2,3,2,1,1,1,1,5,6,1
SF,IF2003,2019-12-20 09:34:27.900,4063.8000,36101,-1,818794500.000,1,0,1,双平,S,4063.6000,4063.4000,4063.2000,4062.8000,4062.6000,4064.4000,4064.6000,4064.8000,4065.0000,4065.2000,2,3,2,1,1,1,5,6,1,4
SF,IF2003,2019-12-20 09:34:28.400,4063.8000,36101,0,818794500.000,0,-,-,-,-,4063.6000,4063.4000,4063.2000,4062.8000,4062.6000,4064.2000,4064.4000,4064.6000,4064.8000,4065.0000,2,3,2,1,1,1,1,5,6,1
SF,IF2003,2019-12-20 09:34:28.900,4064.2000,36101,0,820013760.000,1,0,1,多换,S,4063.6000,4063.4000,4063.2000,4062.8000,4062.6000,4064.4000,4064.6000,4064.8000,4065.0000,4065.2000,2,3,2,1,1,6,5,6,1,4
SF,IF2003,2019-12-20 09:34:29.400,4064.2000,36101,0,820013760.000,0,-,-,-,-,4063.6000,4063.4000,4063.2000,4062.8000,4062.6000,4064.0000,4064.4000,4064.6000,4064.8000,4065.0000,2,3,2,1,1,1,6,5,6,1
SF,IF2003,2019-12-20 09:34:30.400,4064.2000,36101,0,820013760.000,0,-,-,-,-,4063.6000,4063.4000,4063.2000,4062.8000,4062.6000,4064.0000,4064.2000,4064.4000,4064.6000,4064.8000,2,3,2,1,1,5,1,6,5,6
SF,IF2003,2019-12-20 09:34:30.900,4064.2000,36101,0,820013760.000,0,-,-,-,-,4063.6000,4063.4000,4063.2000,4062.8000,4062.6000,4064.2000,4064.4000,4064.6000,4064.8000,4065.0000,2,3,2,1,1,1,5,5,6,1
SF,IF2003,2019-12-20 09:34:31.400,4063.6000,36101,0,821232840.000,1,0,1,多换,S,4063.6000,4063.4000,4063.2000,4062.8000,4062.6000,4064.2000,4064.4000,4064.6000,4064.8000,4065.0000,1,3,2,1,1,1,5,5,6,1
SF,IF2003,2019-12-20 09:34:32.400,4063.6000,36101,0,821232840.000,0,-,-,-,-,4063.6000,4063.4000,4063.2000,4062.8000,4062.6000,4064.2000,4064.4000,4064.6000,4064.8000,4065.0000,1,3,2,1,1,1,5,5,6,1
SF,IF2003,2019-12-20 09:34:32.900,4063.6000,36101,0,821232840.000,0,-,-,-,-,4063.6000,4063.4000,4063.2000,4062.8000,4062.6000,4064.2000,4064.4000,4064.6000,4064.8000,4065.0000,1,3,2,1,1,4,5,5,6,1
SF,IF2003,2019-12-20 09:34:33.400,4063.6000,36101,0,821232840.000,0,-,-,-,-,4063.6000,4063.4000,4063.2000,4062.8000,4062.6000,4064.2000,4064.4000,4064.6000,4064.8000,4065.0000,1,3,2,1,1,1,5,5,6,1
SF,IF2003,2019-12-20 09:34:33.900,4063.6000,36101,0,821232840.000,0,-,-,-,-,4063.6000,4063.4000,4063.2000,4062.8000,4062.6000,4064.2000,4064.4000,4064.6000,4064.8000,4065.0000,1,3,2,1,1,1,5,5,6,1
SF,IF2003,2019-12-20 09:34:34.400,4063.6000,36101,0,821232840.000,0,-,-,-,-,4063.6000,4063.4000,4063.2000,4062.8000,4062.6000,4064.0000,4064.2000,4064.4000,4064.6000,4064.8000,1,3,2,1,1,3,1,5,5,6
SF,IF2003,2019-12-20 09:34:34.900,4063.6000,36102,1,822451920.000,1,1,0,双开,S,4063.4000,4063.2000,4062.8000,4062.6000,4062.4000,4064.0000,4064.2000,4064.4000,4064.6000,4064.8000,3,2,1,1,1,3,1,5,5,6
SF,IF2003,2019-12-20 09:34:36.900,4063.6000,36102,0,822451920.000,0,-,-,-,-,4063.4000,4063.2000,4062.8000,4062.6000,4062.4000,4064.0000,4064.2000,4064.4000,4064.6000,4064.8000,3,2,2,1,1,3,1,5,5,6
SF,IF2003,2019-12-20 09:34:37.400,4064.0000,36101,-1,823671120.000,1,0,1,双平,S,4063.4000,4063.2000,4062.8000,4062.6000,4062.4000,4064.0000,4064.2000,4064.4000,4064.6000,4064.8000,3,2,2,1,1,2,1,5,5,6
SF,IF2003,2019-12-20 09:34:37.900,4064.0000,36100,-1,824890320.000,1,0,1,双平,S,4063.6000,4063.4000,4063.2000,4062.8000,4062.6000,4064.0000,4064.2000,4064.4000,4064.6000,4064.8000,2,3,2,2,1,1,1,5,6,6
SF,IF2003,2019-12-20 09:34:38.400,4064.0000,36100,0,824890320.000,0,-,-,-,-,4063.6000,4063.4000,4063.2000,4062.8000,4062.6000,4064.2000,4064.4000,4064.6000,4064.8000,4065.0000,2,3,2,2,1,1,5,6,6,1
SF,IF2003,2019-12-20 09:34:38.900,4064.0000,36100,0,824890320.000,0,-,-,-,-,4063.8000,4063.6000,4063.4000,4063.2000,4062.8000,4064.2000,4064.6000,4064.8000,4065.0000,4065.4000,1,2,3,2,2,1,6,6,1,1
SF,IF2003,2019-12-20 09:34:39.900,4064.0000,36100,0,824890320.000,0,-,-,-,-,4063.4000,4063.2000,4062.8000,4062.6000,4062.4000,4064.2000,4064.6000,4064.8000,4065.0000,4065.4000,3,2,2,1,1,1,6,6,1,1
SF,IF2003,2019-12-20 09:34:40.400,4063.4000,36101,1,826109340.000,1,1,0,双开,S,4063.4000,4063.2000,4062.8000,4062.6000,4062.4000,4064.2000,4064.6000,4064.8000,4065.0000,4065.4000,2,2,2,1,1,2,6,6,1,1
SF,IF2003,2019-12-20 09:34:40.900,4063.4000,36101,0,826109340.000,0,-,-,-,-,4063.4000,4063.2000,4062.8000,4062.6000,4062.4000,4064.2000,4064.6000,4064.8000,4065.0000,4065.4000,2,2,2,1,1,2,6,6,1,1
SF,IF2003,2019-12-20 09:34:41.400,4063.4000,36101,0,826109340.000,0,-,-,-,-,4063.4000,4063.2000,4062.8000,4062.6000,4062.4000,4064.2000,4064.6000,4064.8000,4065.0000,4065.4000,2,2,2,1,1,2,6,6,1,1
SF,IF2003,2019-12-20 09:34:41.900,4063.4000,36101,0,826109340.000,0,-,-,-,-,4063.4000,4063.2000,4062.8000,4062.6000,4062.4000,4064.2000,4064.6000,4064.8000,4065.0000,4065.4000,2,2,2,1,1,2,1,6,1,1
SF,IF2003,2019-12-20 09:34:42.400,4063.4000,36101,0,826109340.000,0,-,-,-,-,4063.4000,4063.2000,4062.8000,4062.6000,4062.4000,4063.8000,4064.2000,4064.6000,4064.8000,4065.0000,2,2,2,1,1,1,1,1,6,1
SF,IF2003,2019-12-20 09:34:42.900,4063.8000,36101,0,827328480.000,1,0,1,多换,S,4063.4000,4063.2000,4062.8000,4062.6000,4062.4000,4064.2000,4064.6000,4064.8000,4065.0000,4065.4000,2,2,2,1,1,1,1,6,1,1
SF,IF2003,2019-12-20 09:34:43.400,4063.8000,36101,0,827328480.000,0,-,-,-,-,4063.6000,4063.4000,4063.2000,4062.8000,4062.6000,4064.2000,4064.4000,4064.6000,4064.8000,4065.0000,6,2,2,2,1,1,1,1,6,1
SF,IF2003,2019-12-20 09:34:43.900,4063.8000,36101,0,827328480.000,0,-,-,-,-,4063.6000,4063.4000,4063.2000,4062.8000,4062.6000,4064.2000,4064.4000,4064.6000,4064.8000,4065.0000,5,2,2,2,1,1,1,1,6,1
SF,IF2003,2019-12-20 09:34:44.400,4063.8000,36101,0,827328480.000,0,-,-,-,-,4063.8000,4063.6000,4063.4000,4063.2000,4062.8000,4064.2000,4064.4000,4064.6000,4064.8000,4065.0000,1,5,2,2,2,1,1,1,6,1
SF,IF2003,2019-12-20 09:34:44.900,4063.8000,36101,0,827328480.000,0,-,-,-,-,4064.0000,4063.6000,4063.4000,4063.2000,4062.8000,4064.2000,4064.4000,4064.6000,4064.8000,4065.0000,1,5,2,2,2,1,1,1,6,1
SF,IF2003,2019-12-20 09:34:45.400,4064.0000,36100,-1,828547680.000,1,0,1,双平,S,4063.6000,4063.4000,4063.2000,4062.8000,4062.6000,4064.2000,4064.4000,4064.6000,4064.8000,4065.0000,5,2,2,2,1,1,1,1,6,1
SF,IF2003,2019-12-20 09:34:45.900,4063.8000,36100,0,829766820.000,1,0,1,多换,S,4063.8000,4063.6000,4063.4000,4063.2000,4062.8000,4064.2000,4064.4000,4064.6000,4064.8000,4065.0000,1,5,2,2,2,1,1,1,6,1
SF,IF2003,2019-12-20 09:34:46.400,4063.8000,36099,-1,830985960.000,1,0,1,双平,S,4063.6000,4063.4000,4063.2000,4062.8000,4062.6000,4064.0000,4064.2000,4064.4000,4064.6000,4064.8000,5,2,2,2,1,5,1,1,1,6
SF,IF2003,2019-12-20 09:34:46.900,4063.8000,36099,0,830985960.000,0,-,-,-,-,4063.8000,4063.6000,4063.4000,4063.2000,4062.8000,4064.2000,4064.4000,4064.6000,4064.8000,4065.0000,1,5,2,2,2,1,1,1,6,1
SF,IF2003,2019-12-20 09:34:49.900,4063.8000,36099,0,830985960.000,0,-,-,-,-,4063.6000,4063.4000,4063.2000,4062.8000,4062.6000,4064.2000,4064.4000,4064.6000,4064.8000,4065.0000,5,2,2,2,1,1,1,1,6,1
SF,IF2003,2019-12-20 09:34:51.400,4063.6000,36100,1,832205040.000,1,1,0,双开,S,4063.6000,4063.4000,4063.2000,4062.8000,4062.6000,4064.2000,4064.4000,4064.6000,4064.8000,4065.0000,4,2,2,2,1,1,1,1,6,1
