市场代码,合约代码,时间,最新,持仓,增仓,成交额,成交量,开仓,平仓,成交类型,方向,买一价,买二价,买三价,买四价,买五价,卖一价,卖二价,卖三价,卖四价,卖五价,买一量,买二量,买三量,买四量,买五量,卖一量,卖二量,卖三量,卖四量,卖五量
SF,IF2009,2020-04-09 09:29:00.400,3686.0000,17316,0,11058000.000,10.000,-,-,-,-,3684.0000,3683.0000,3681.8000,3680.0000,3678.2000,3687.0000,3688.0000,3688.6000,3690.0000,3692.0000,1,2,1,2,2,2,1,1,2,2
SF,IF2009,2020-04-09 09:30:00.400,3687.0000,17313,-3,14376300.000,3,0,3,双平,S,3686.0000,3685.0000,3684.2000,3684.0000,3683.0000,3688.0000,3688.6000,3689.2000,3690.0000,3692.0000,1,1,3,1,2,1,1,1,2,2
SF,IF2009,2020-04-09 09:30:00.900,3686.6000,17312,-1,15482280.000,1,0,1,双平,S,3686.2000,3686.0000,3685.0000,3684.2000,3684.0000,3687.4000,3688.0000,3688.6000,3689.2000,3690.0000,2,2,1,3,1,1,1,1,1,2
SF,IF2009,2020-04-09 09:30:01.400,3687.4000,17311,-1,16588500.000,1,0,1,双平,S,3687.4000,3686.4000,3686.2000,3686.0000,3685.0000,3688.0000,3688.6000,3689.2000,3690.0000,3692.0000,1,1,3,2,1,1,1,1,2,2
SF,IF2009,2020-04-09 09:30:01.900,3687.4000,17311,0,16588500.000,0,-,-,-,-,3687.4000,3687.2000,3686.8000,3686.4000,3686.2000,3688.0000,3688.6000,3689.2000,3690.0000,3692.0000,2,1,1,1,3,1,1,1,2,2
SF,IF2009,2020-04-09 09:30:02.400,3688.0000,17310,-1,17694900.000,1,0,1,双平,S,3687.4000,3686.4000,3686.2000,3686.0000,3685.0000,3688.6000,3689.2000,3690.0000,3692.0000,3694.0000,1,1,3,3,1,1,1,2,2,4
SF,IF2009,2020-04-09 09:30:02.900,3686.4000,17308,-2,19906980.000,2,0,2,双平,S,3686.2000,3686.0000,3685.0000,3684.2000,3683.0000,3688.0000,3688.6000,3688.8000,3689.2000,3690.0000,3,3,1,1,2,1,1,1,1,2
SF,IF2009,2020-04-09 09:30:03.400,3688.0000,17307,-1,21013380.000,1,0,1,双平,S,3687.2000,3687.0000,3686.8000,3686.2000,3686.0000,3688.6000,3688.8000,3689.2000,3690.0000,3692.0000,2,1,1,3,3,1,1,1,2,2
SF,IF2009,2020-04-09 09:30:03.900,3688.4000,17306,-1,23226120.000,2,0,2,多平,S,3688.0000,3686.2000,3686.0000,3685.0000,3684.2000,3688.2000,3688.6000,3688.8000,3689.2000,3690.0000,1,2,2,1,1,1,1,1,1,2
SF,IF2009,2020-04-09 09:30:04.400,3688.4000,17306,0,23226120.000,0,-,-,-,-,3686.2000,3686.0000,3685.0000,3684.2000,3683.0000,3688.2000,3688.6000,3688.8000,3689.2000,3690.0000,2,2,1,1,2,1,1,1,1,2
SF,IF2009,2020-04-09 09:30:04.900,3688.4000,17306,0,23226120.000,0,-,-,-,-,3687.2000,3686.8000,3686.4000,3686.2000,3686.0000,3688.2000,3688.6000,3688.8000,3689.2000,3690.0000,2,2,2,2,3,1,1,1,1,3
SF,IF2009,2020-04-09 09:30:05.400,3687.4000,17306,0,24332340.000,1,0,1,多换,S,3687.2000,3686.8000,3686.4000,3686.2000,3686.0000,3687.8000,3688.6000,3688.8000,3689.2000,3690.0000,2,2,2,1,3,1,1,1,1,3
SF,IF2009,2020-04-09 09:30:05.900,3687.4000,17306,0,24332340.000,0,-,-,-,-,3687.0000,3686.2000,3686.0000,3685.0000,3684.2000,3687.8000,3688.6000,3688.8000,3689.2000,3690.0000,1,1,3,2,1,1,1,1,1,3
SF,IF2009,2020-04-09 09:30:06.400,3687.8000,17305,-1,25438680.000,1,0,1,双平,S,3686.2000,3686.0000,3685.0000,3684.2000,3683.0000,3687.6000,3688.6000,3688.8000,3689.2000,3690.0000,1,3,2,1,2,1,1,1,1,3
SF,IF2009,2020-04-09 09:30:06.900,3687.8000,17305,0,25438680.000,0,-,-,-,-,3686.2000,3686.0000,3685.0000,3684.2000,3683.0000,3687.6000,3688.6000,3688.8000,3689.2000,3690.0000,1,2,2,1,2,1,1,1,1,3
SF,IF2009,2020-04-09 09:30:07.400,3687.8000,17305,0,25438680.000,0,-,-,-,-,3686.2000,3686.0000,3685.0000,3684.2000,3683.0000,3687.4000,3688.6000,3688.8000,3689.2000,3690.0000,1,2,2,1,2,1,1,1,1,3
SF,IF2009,2020-04-09 09:30:07.900,3687.8000,17305,0,25438680.000,0,-,-,-,-,3686.0000,3685.0000,3684.2000,3683.0000,3681.6000,3687.4000,3688.6000,3688.8000,3689.2000,3690.0000,1,2,1,2,1,1,1,1,1,3
SF,IF2009,2020-04-09 09:30:08.400,3687.8000,17305,0,26545020.000,1,0,1,多换,S,3688.2000,3686.0000,3685.0000,3684.2000,3683.0000,3688.6000,3688.8000,3689.2000,3690.0000,3690.2000,1,1,2,1,2,1,1,1,3,2
SF,IF2009,2020-04-09 09:30:08.900,3686.0000,17305,0,28757280.000,2,1,1,多换,S,3685.0000,3684.2000,3683.0000,3681.6000,3680.0000,3688.2000,3688.6000,3688.8000,3689.2000,3690.0000,2,1,2,1,6,2,1,1,1,3
SF,IF2009,2020-04-09 09:30:09.400,3686.0000,17305,0,28757280.000,0,-,-,-,-,3685.2000,3685.0000,3684.2000,3683.0000,3681.6000,3688.2000,3688.6000,3688.8000,3689.2000,3690.0000,2,2,1,2,1,2,1,2,1,3
SF,IF2009,2020-04-09 09:30:10.400,3686.0000,17305,0,28757280.000,0,-,-,-,-,3686.0000,3685.6000,3685.4000,3685.2000,3685.0000,3688.2000,3688.6000,3688.8000,3689.2000,3690.0000,3,1,1,2,2,2,1,2,1,3
SF,IF2009,2020-04-09 09:30:10.900,3686.0000,17305,0,28757280.000,0,-,-,-,-,3686.2000,3686.0000,3685.6000,3685.4000,3685.0000,3688.2000,3688.6000,3688.8000,3689.2000,3690.0000,2,3,1,1,2,1,1,2,1,3
SF,IF2009,2020-04-09 09:30:11.400,3688.2000,17305,0,29863740.000,1,0,1,多换,S,3686.2000,3685.4000,3685.0000,3684.6000,3684.2000,3688.0000,3688.6000,3688.8000,3689.2000,3690.0000,2,1,2,1,1,1,1,2,1,3
SF,IF2009,2020-04-09 09:30:11.900,3688.2000,17305,0,29863740.000,0,-,-,-,-,3686.4000,3686.2000,3685.4000,3685.0000,3684.6000,3688.0000,3688.6000,3688.8000,3689.2000,3690.0000,1,1,1,2,1,1,1,2,1,3
SF,IF2009,2020-04-09 09:30:12.400,3686.4000,17304,-1,30969660.000,1,0,1,双平,S,3686.2000,3686.0000,3685.4000,3685.0000,3684.6000,3686.4000,3688.0000,3688.2000,3688.6000,3688.8000,1,1,1,2,1,2,1,2,1,2
SF,IF2009,2020-04-09 09:30:12.900,3688.0000,17304,0,34287900.000,3,1,2,多换,S,3686.0000,3685.4000,3685.0000,3684.6000,3684.2000,3688.2000,3688.6000,3688.8000,3689.2000,3690.0000,1,1,2,1,1,2,1,2,1,3
SF,IF2009,2020-04-09 09:30:13.400,3688.0000,17304,0,34287900.000,0,-,-,-,-,3686.2000,3686.0000,3685.4000,3685.0000,3684.6000,3688.2000,3688.6000,3688.8000,3689.2000,3690.0000,1,1,1,2,1,2,1,2,1,3
SF,IF2009,2020-04-09 09:30:13.900,3688.0000,17304,0,34287900.000,0,-,-,-,-,3686.2000,3686.0000,3685.4000,3685.0000,3684.6000,3688.2000,3688.6000,3688.8000,3689.2000,3690.0000,1,1,1,2,1,2,1,2,1,3
SF,IF2009,2020-04-09 09:30:14.400,3688.0000,17304,0,34287900.000,0,-,-,-,-,3686.2000,3686.0000,3685.4000,3685.0000,3684.6000,3688.2000,3688.6000,3688.8000,3689.2000,3690.0000,1,1,1,2,1,2,1,2,1,3
SF,IF2009,2020-04-09 09:30:14.900,3688.0000,17304,0,34287900.000,0,-,-,-,-,3686.2000,3686.0000,3685.4000,3685.0000,3684.6000,3688.2000,3688.6000,3688.8000,3690.0000,3692.0000,1,1,1,2,1,2,1,2,3,2
SF,IF2009,2020-04-09 09:30:15.400,3686.2000,17303,-1,35393760.000,1,0,1,双平,S,3685.0000,3684.6000,3684.2000,3683.0000,3680.0000,3688.2000,3688.6000,3688.8000,3690.0000,3692.0000,2,1,1,2,6,2,1,2,3,2
SF,IF2009,2020-04-09 09:30:15.900,3686.2000,17303,0,35393760.000,0,-,-,-,-,3685.6000,3685.2000,3685.0000,3684.6000,3684.2000,3686.2000,3688.0000,3688.2000,3688.6000,3688.8000,1,1,2,1,1,1,1,3,1,2
SF,IF2009,2020-04-09 09:30:16.400,3686.2000,17303,0,35393760.000,0,-,-,-,-,3685.6000,3685.2000,3685.0000,3684.6000,3684.2000,3686.2000,3688.0000,3688.2000,3688.6000,3688.8000,1,1,2,1,1,2,1,2,1,2
SF,IF2009,2020-04-09 09:30:16.900,3686.2000,17301,-2,38711340.000,3,0,3,多平,S,3685.6000,3685.2000,3685.0000,3684.6000,3684.2000,3688.0000,3688.2000,3688.6000,3688.8000,3689.6000,1,1,2,1,1,1,2,1,2,2
SF,IF2009,2020-04-09 09:30:17.400,3686.2000,17301,0,38711340.000,0,-,-,-,-,3685.6000,3685.2000,3685.0000,3684.6000,3684.2000,3687.2000,3687.4000,3688.0000,3688.2000,3688.6000,1,1,2,1,1,1,1,1,4,1
SF,IF2009,2020-04-09 09:30:17.900,3686.2000,17301,0,38711340.000,0,-,-,-,-,3685.6000,3685.0000,3684.6000,3684.2000,3683.0000,3688.0000,3688.2000,3688.6000,3688.8000,3690.0000,1,2,1,1,2,1,4,1,2,4
SF,IF2009,2020-04-09 09:30:18.400,3685.6000,17301,0,39817020.000,1,0,1,多换,S,3685.0000,3684.6000,3684.2000,3683.0000,3680.0000,3687.2000,3687.4000,3687.8000,3688.0000,3688.2000,2,1,1,2,6,1,1,1,1,4
SF,IF2009,2020-04-09 09:30:18.900,3687.0000,17301,0,40923120.000,1,0,1,多换,S,3685.0000,3684.6000,3684.2000,3683.0000,3680.0000,3687.4000,3688.0000,3688.2000,3688.6000,3688.8000,2,1,1,2,6,1,1,4,1,2
SF,IF2009,2020-04-09 09:30:19.400,3687.0000,17301,0,40923120.000,0,-,-,-,-,3685.0000,3684.6000,3684.2000,3683.0000,3680.0000,3687.4000,3688.0000,3688.2000,3688.6000,3688.8000,2,1,1,2,6,1,1,4,1,2
SF,IF2009,2020-04-09 09:30:19.900,3687.0000,17301,0,40923120.000,0,-,-,-,-,3685.0000,3684.6000,3684.2000,3683.0000,3680.0000,3687.2000,3687.4000,3688.0000,3688.2000,3688.6000,2,1,1,2,6,1,1,1,4,1
SF,IF2009,2020-04-09 09:30:20.400,3687.0000,17301,0,40923120.000,0,-,-,-,-,3685.2000,3685.0000,3684.6000,3684.2000,3683.0000,3687.2000,3687.4000,3688.0000,3688.2000,3688.6000,1,2,1,1,2,1,1,2,4,1
SF,IF2009,2020-04-09 09:30:20.900,3687.0000,17301,0,40923120.000,0,-,-,-,-,3685.2000,3685.0000,3684.6000,3684.2000,3683.0000,3687.2000,3687.4000,3688.0000,3688.2000,3688.6000,1,2,1,1,2,1,1,4,4,1
SF,IF2009,2020-04-09 09:30:21.400,3687.0000,17301,0,40923120.000,0,-,-,-,-,3685.2000,3685.0000,3684.6000,3684.2000,3683.0000,3687.2000,3687.4000,3688.0000,3688.2000,3688.6000,1,2,1,1,2,1,1,4,4,1
SF,IF2009,2020-04-09 09:30:21.900,3685.2000,17301,0,42028680.000,1,0,1,多换,S,3685.0000,3684.6000,3684.2000,3683.0000,3680.0000,3687.2000,3687.4000,3688.0000,3688.2000,3688.6000,2,1,1,2,6,1,1,4,4,1
SF,IF2009,2020-04-09 09:30:22.900,3685.2000,17301,0,42028680.000,0,-,-,-,-,3685.0000,3684.6000,3684.2000,3683.0000,3680.0000,3686.8000,3687.2000,3687.4000,3688.0000,3688.2000,2,1,1,2,6,1,1,1,4,4
SF,IF2009,2020-04-09 09:30:23.400,3685.2000,17301,0,42028680.000,0,-,-,-,-,3685.0000,3684.6000,3684.2000,3683.0000,3680.0000,3686.8000,3687.0000,3687.2000,3687.4000,3688.0000,2,1,1,2,6,1,2,1,1,4
SF,IF2009,2020-04-09 09:30:23.900,3685.2000,17301,0,42028680.000,0,-,-,-,-,3685.2000,3685.0000,3684.6000,3684.2000,3683.0000,3686.6000,3686.8000,3687.0000,3687.2000,3687.4000,1,2,1,1,2,1,1,2,1,1
SF,IF2009,2020-04-09 09:30:24.400,3685.2000,17301,0,42028680.000,0,-,-,-,-,3685.6000,3685.0000,3684.6000,3684.2000,3683.0000,3686.2000,3686.4000,3686.8000,3687.0000,3687.2000,1,2,1,1,2,1,1,1,2,1
SF,IF2009,2020-04-09 09:30:24.900,3685.6000,17300,-1,43134360.000,1,0,1,双平,S,3685.0000,3684.6000,3684.2000,3683.0000,3680.0000,3686.2000,3686.8000,3687.0000,3687.2000,3687.4000,2,1,1,2,6,1,1,2,1,1
SF,IF2009,2020-04-09 09:30:25.400,3685.6000,17300,0,43134360.000,0,-,-,-,-,3685.0000,3684.6000,3684.2000,3683.0000,3680.0000,3686.2000,3687.0000,3687.2000,3687.4000,3688.0000,2,1,1,2,6,1,2,1,1,1
SF,IF2009,2020-04-09 09:30:26.900,3685.6000,17300,0,43134360.000,0,-,-,-,-,3685.8000,3685.0000,3684.6000,3684.2000,3683.0000,3686.2000,3687.0000,3687.2000,3687.4000,3688.0000,1,2,1,1,2,1,3,1,1,3
SF,IF2009,2020-04-09 09:30:27.400,3685.8000,17300,0,44240100.000,1,0,1,多换,S,3685.0000,3684.6000,3684.2000,3683.0000,3680.0000,3686.2000,3687.0000,3687.2000,3687.4000,3688.0000,2,1,1,2,6,1,3,1,1,3
SF,IF2009,2020-04-09 09:30:27.900,3685.8000,17300,0,44240100.000,0,-,-,-,-,3685.2000,3685.0000,3684.6000,3684.2000,3683.0000,3686.2000,3687.0000,3687.2000,3687.4000,3688.0000,1,2,1,1,2,1,3,1,1,3
SF,IF2009,2020-04-09 09:30:28.400,3685.8000,17300,0,44240100.000,0,-,-,-,-,3685.0000,3684.6000,3684.2000,3683.0000,3680.0000,3685.8000,3686.2000,3687.0000,3687.2000,3687.4000,2,1,1,2,6,1,1,3,1,1
SF,IF2009,2020-04-09 09:30:28.900,3685.0000,17300,0,45345600.000,1,0,1,多换,S,3685.0000,3684.6000,3684.2000,3683.0000,3680.0000,3685.8000,3686.2000,3687.0000,3687.2000,3687.4000,1,1,1,2,6,1,1,3,1,1
SF,IF2009,2020-04-09 09:30:29.400,3685.0000,17299,-1,46451100.000,1,0,1,双平,S,3684.6000,3684.2000,3683.0000,3680.0000,3678.2000,3685.8000,3686.2000,3687.0000,3687.2000,3687.4000,1,1,2,6,2,1,1,4,1,1
SF,IF2009,2020-04-09 09:30:29.900,3685.0000,17299,0,46451100.000,0,-,-,-,-,3684.6000,3684.2000,3683.0000,3680.0000,3678.2000,3685.8000,3686.2000,3687.0000,3687.2000,3687.4000,1,1,2,6,2,1,1,4,1,1
SF,IF2009,2020-04-09 09:30:30.400,3685.0000,17299,0,46451100.000,0,-,-,-,-,3684.6000,3684.2000,3683.0000,3680.0000,3678.2000,3685.6000,3685.8000,3686.2000,3687.0000,3687.2000,1,1,2,6,2,2,1,1,4,1
SF,IF2009,2020-04-09 09:30:31.400,3684.6000,17299,0,47556480.000,1,0,1,多换,S,3684.2000,3683.0000,3680.0000,3678.2000,3678.0000,3685.0000,3685.6000,3685.8000,3686.2000,3687.0000,1,2,6,2,2,1,2,1,1,4
SF,IF2009,2020-04-09 09:30:31.900,3684.2000,17299,0,48661740.000,1,0,1,多换,S,3683.0000,3680.0000,3678.2000,3678.0000,3675.0000,3685.0000,3685.6000,3685.8000,3686.2000,3687.0000,2,5,2,2,1,1,2,2,1,4
SF,IF2009,2020-04-09 09:30:32.400,3684.2000,17299,0,48661740.000,0,-,-,-,-,3683.2000,3683.0000,3682.8000,3680.0000,3678.2000,3685.0000,3685.6000,3685.8000,3686.2000,3687.0000,1,2,2,5,2,1,2,2,1,4
SF,IF2009,2020-04-09 09:30:32.900,3684.2000,17299,0,48661740.000,0,-,-,-,-,3683.4000,3683.0000,3682.8000,3680.0000,3678.2000,3685.0000,3685.6000,3685.8000,3686.2000,3687.0000,2,2,2,5,2,1,2,2,1,4
SF,IF2009,2020-04-09 09:30:33.400,3684.2000,17299,0,48661740.000,0,-,-,-,-,3683.6000,3683.4000,3683.0000,3682.8000,3680.0000,3685.0000,3685.6000,3685.8000,3686.2000,3687.0000,1,2,2,2,5,1,2,2,1,4
SF,IF2009,2020-04-09 09:30:33.900,3684.2000,17299,0,48661740.000,0,-,-,-,-,3683.8000,3683.6000,3683.4000,3683.0000,3682.8000,3685.0000,3685.6000,3685.8000,3686.2000,3687.0000,1,1,1,2,2,1,2,2,1,4
SF,IF2009,2020-04-09 09:30:34.400,3684.2000,17299,0,48661740.000,0,-,-,-,-,3684.0000,3683.8000,3683.0000,3682.8000,3680.0000,3685.0000,3685.6000,3685.8000,3686.2000,3687.0000,1,1,2,2,5,1,2,2,1,4
SF,IF2009,2020-04-09 09:30:34.900,3684.2000,17299,0,48661740.000,0,-,-,-,-,3683.8000,3683.0000,3682.8000,3680.0000,3678.2000,3685.0000,3685.6000,3685.8000,3686.2000,3687.0000,1,2,2,5,2,1,2,2,1,4
SF,IF2009,2020-04-09 09:30:35.400,3684.2000,17299,0,48661740.000,0,-,-,-,-,3684.0000,3683.0000,3682.8000,3680.0000,3678.2000,3685.0000,3685.6000,3685.8000,3686.2000,3687.0000,1,2,2,5,2,1,2,2,1,4
SF,IF2009,2020-04-09 09:30:35.900,3684.2000,17299,0,48661740.000,0,-,-,-,-,3684.2000,3683.0000,3682.8000,3680.0000,3678.2000,3685.0000,3685.6000,3685.8000,3686.2000,3687.0000,1,2,2,5,2,1,2,2,1,4
SF,IF2009,2020-04-09 09:30:36.400,3684.2000,17299,0,48661740.000,0,-,-,-,-,3684.4000,3683.0000,3682.8000,3680.0000,3678.2000,3685.0000,3685.6000,3685.8000,3686.2000,3687.0000,1,2,2,5,2,1,2,2,1,4
SF,IF2009,2020-04-09 09:30:36.900,3684.4000,17298,-1,49767060.000,1,0,1,双平,S,3683.0000,3682.8000,3680.0000,3678.2000,3678.0000,3684.8000,3685.0000,3685.6000,3685.8000,3686.2000,2,2,5,2,2,1,1,2,2,1
SF,IF2009,2020-04-09 09:30:37.400,3684.4000,17298,0,49767060.000,0,-,-,-,-,3683.2000,3683.0000,3682.8000,3680.0000,3678.2000,3685.0000,3685.6000,3685.8000,3686.2000,3687.0000,2,2,3,5,2,1,2,2,1,4
SF,IF2009,2020-04-09 09:30:37.900,3684.4000,17298,0,49767060.000,0,-,-,-,-,3683.2000,3683.0000,3682.8000,3680.0000,3678.2000,3685.0000,3685.6000,3685.8000,3686.2000,3687.0000,2,3,3,5,2,1,2,2,1,4
SF,IF2009,2020-04-09 09:30:38.400,3684.4000,17298,0,49767060.000,0,-,-,-,-,3683.4000,3683.2000,3683.0000,3682.8000,3680.0000,3684.0000,3685.0000,3685.6000,3685.8000,3686.2000,1,2,3,3,5,1,1,2,2,1
SF,IF2009,2020-04-09 09:30:38.900,3684.0000,17298,0,50872260.000,1,0,1,多换,S,3684.0000,3683.2000,3683.0000,3682.8000,3680.0000,3685.0000,3685.6000,3685.8000,3686.2000,3687.0000,1,2,2,3,5,1,2,2,1,4
SF,IF2009,2020-04-09 09:30:39.400,3684.0000,17298,0,50872260.000,0,-,-,-,-,3684.0000,3683.2000,3683.0000,3682.8000,3680.0000,3684.8000,3685.0000,3685.6000,3685.8000,3686.2000,1,1,2,3,5,1,1,2,2,1
SF,IF2009,2020-04-09 09:30:39.900,3684.0000,17298,0,50872260.000,0,-,-,-,-,3683.2000,3683.0000,3682.8000,3680.0000,3678.2000,3685.0000,3685.6000,3685.8000,3686.2000,3687.0000,1,2,2,5,2,1,2,2,1,4
SF,IF2009,2020-04-09 09:30:40.400,3684.0000,17298,0,50872260.000,0,-,-,-,-,3683.2000,3683.0000,3682.8000,3680.0000,3678.2000,3685.0000,3685.6000,3685.8000,3686.2000,3687.0000,1,3,2,5,2,1,2,2,1,4
SF,IF2009,2020-04-09 09:30:40.900,3685.0000,17298,0,51977760.000,1,0,1,多换,S,3683.4000,3683.2000,3683.0000,3682.8000,3680.0000,3685.6000,3685.8000,3686.2000,3687.0000,3687.2000,2,1,3,2,5,2,2,1,4,1
SF,IF2009,2020-04-09 09:30:41.400,3685.0000,17298,0,51977760.000,0,-,-,-,-,3683.6000,3683.4000,3683.0000,3682.8000,3680.0000,3685.6000,3685.8000,3686.2000,3687.0000,3687.2000,1,3,3,2,5,2,2,1,4,1
SF,IF2009,2020-04-09 09:30:41.900,3685.0000,17298,0,51977760.000,0,-,-,-,-,3683.6000,3683.4000,3683.0000,3682.8000,3680.0000,3685.4000,3685.6000,3685.8000,3686.2000,3687.0000,2,3,3,2,5,1,2,2,1,4
SF,IF2009,2020-04-09 09:30:42.400,3685.0000,17298,0,51977760.000,0,-,-,-,-,3683.6000,3683.4000,3683.0000,3682.8000,3680.0000,3685.6000,3685.8000,3686.2000,3687.0000,3687.2000,2,3,3,2,5,2,2,1,4,1
SF,IF2009,2020-04-09 09:30:42.900,3685.0000,17298,0,51977760.000,0,-,-,-,-,3683.6000,3683.4000,3683.0000,3682.8000,3680.0000,3685.6000,3685.8000,3686.2000,3687.0000,3687.2000,1,3,3,2,5,2,2,1,4,1
SF,IF2009,2020-04-09 09:30:43.400,3685.6000,17297,-1,54189120.000,2,0,2,多平,S,3683.8000,3683.6000,3683.4000,3683.0000,3682.8000,3685.2000,3685.8000,3686.2000,3687.0000,3687.4000,1,1,3,3,2,1,2,1,4,1
SF,IF2009,2020-04-09 09:30:43.900,3685.2000,17296,-1,55294680.000,1,0,1,双平,S,3685.2000,3684.0000,3683.8000,3683.4000,3683.0000,3685.8000,3686.2000,3687.0000,3687.4000,3688.0000,1,2,1,3,3,2,1,4,1,3
SF,IF2009,2020-04-09 09:30:44.400,3685.8000,17295,-1,57506160.000,2,0,2,多平,S,3685.2000,3684.2000,3684.0000,3683.8000,3683.4000,3686.0000,3686.2000,3687.0000,3687.4000,3688.0000,1,1,1,1,2,1,1,4,1,3
SF,IF2009,2020-04-09 09:30:44.900,3685.8000,17295,0,57506160.000,0,-,-,-,-,3684.2000,3684.0000,3683.8000,3683.4000,3683.0000,3686.0000,3686.2000,3687.0000,3687.4000,3688.0000,1,1,1,2,3,1,1,4,1,3
SF,IF2009,2020-04-09 09:30:45.400,3686.0000,17295,0,58611960.000,1,0,1,多换,S,3685.4000,3684.4000,3683.8000,3683.4000,3683.0000,3686.2000,3687.0000,3687.4000,3688.0000,3688.2000,1,1,1,2,3,1,4,1,3,4
SF,IF2009,2020-04-09 09:30:45.900,3686.0000,17295,0,58611960.000,0,-,-,-,-,3686.0000,3685.4000,3684.4000,3683.8000,3683.4000,3686.2000,3687.0000,3687.4000,3688.0000,3688.2000,1,1,1,1,2,1,4,1,3,4
SF,IF2009,2020-04-09 09:30:46.400,3686.0000,17294,-1,60823560.000,2,0,2,多平,S,3685.4000,3684.4000,3683.8000,3683.4000,3683.0000,3686.2000,3687.0000,3688.0000,3688.2000,3688.6000,1,1,1,1,3,1,4,4,4,1
SF,IF2009,2020-04-09 09:30:46.900,3685.4000,17293,-1,61929180.000,1,0,1,双平,S,3684.4000,3683.8000,3683.4000,3683.0000,3682.8000,3686.2000,3687.0000,3688.0000,3688.2000,3688.6000,2,1,1,3,2,1,4,4,4,1
SF,IF2009,2020-04-09 09:30:47.400,3685.4000,17293,0,61929180.000,0,-,-,-,-,3684.6000,3684.4000,3683.8000,3683.4000,3683.0000,3686.2000,3687.0000,3687.4000,3688.0000,3688.2000,2,2,1,1,3,1,4,1,4,4
SF,IF2009,2020-04-09 09:30:47.900,3686.2000,17292,-1,63035040.000,1,0,1,双平,S,3685.6000,3684.8000,3684.6000,3684.4000,3683.8000,3687.0000,3687.4000,3688.0000,3688.2000,3688.6000,1,2,2,1,1,4,1,4,4,1
SF,IF2009,2020-04-09 09:30:48.400,3686.2000,17292,0,63035040.000,0,-,-,-,-,3685.6000,3684.8000,3684.4000,3683.8000,3683.0000,3686.8000,3687.0000,3687.4000,3688.0000,3688.2000,1,4,1,1,4,1,4,1,6,4
SF,IF2009,2020-04-09 09:30:48.900,3686.2000,17292,0,63035040.000,0,-,-,-,-,3685.6000,3684.8000,3684.4000,3683.8000,3683.0000,3687.0000,3687.4000,3688.0000,3688.2000,3688.6000,1,3,1,1,4,4,1,6,4,1
SF,IF2009,2020-04-09 09:30:49.400,3687.0000,17291,-1,64141140.000,1,0,1,双平,S,3686.0000,3685.6000,3684.8000,3684.4000,3683.8000,3687.0000,3687.4000,3688.0000,3688.2000,3688.6000,1,1,2,1,1,3,1,6,4,1
SF,IF2009,2020-04-09 09:30:49.900,3685.6000,17290,-1,66352620.000,2,0,2,多平,S,3684.8000,3684.4000,3683.8000,3683.0000,3682.8000,3685.6000,3687.0000,3687.4000,3688.0000,3688.2000,2,1,1,4,2,1,3,1,6,4
SF,IF2009,2020-04-09 09:30:50.400,3685.6000,17289,-1,67458300.000,1,0,1,双平,S,3685.8000,3685.6000,3684.8000,3684.4000,3683.8000,3687.0000,3687.4000,3688.0000,3688.2000,3688.6000,1,1,2,1,1,3,1,6,4,1
SF,IF2009,2020-04-09 09:30:50.900,3685.6000,17289,0,67458300.000,0,-,-,-,-,3685.8000,3685.6000,3684.8000,3684.4000,3683.8000,3686.8000,3687.0000,3687.4000,3688.0000,3688.2000,1,1,2,1,1,1,3,1,6,4
SF,IF2009,2020-04-09 09:30:51.400,3685.6000,17289,0,67458300.000,0,-,-,-,-,3685.8000,3684.8000,3684.4000,3683.8000,3683.0000,3686.0000,3687.0000,3687.4000,3688.0000,3688.2000,1,1,1,1,4,1,3,1,6,4
SF,IF2009,2020-04-09 09:30:51.900,3684.8000,17289,0,68563740.000,1,0,1,多换,S,3683.8000,3683.0000,3682.8000,3680.0000,3678.2000,3686.0000,3687.0000,3687.4000,3688.0000,3688.2000,1,4,2,5,2,1,3,1,6,4
SF,IF2009,2020-04-09 09:30:52.400,3684.8000,17289,0,68563740.000,0,-,-,-,-,3684.0000,3683.8000,3683.0000,3682.8000,3680.0000,3686.0000,3687.0000,3687.4000,3688.0000,3688.2000,1,1,4,2,5,1,3,1,6,4
SF,IF2009,2020-04-09 09:30:52.900,3684.8000,17289,0,68563740.000,0,-,-,-,-,3684.4000,3684.2000,3684.0000,3683.8000,3683.0000,3686.0000,3687.0000,3687.4000,3688.0000,3688.2000,1,1,3,1,4,1,3,1,6,4
SF,IF2009,2020-04-09 09:30:53.400,3684.8000,17289,0,68563740.000,0,-,-,-,-,3684.8000,3684.6000,3684.4000,3684.0000,3683.8000,3685.6000,3686.0000,3686.6000,3687.0000,3687.4000,1,2,1,2,1,1,1,1,3,1
SF,IF2009,2020-04-09 09:30:53.900,3685.6000,17288,-1,69669420.000,1,0,1,双平,S,3685.6000,3685.0000,3684.8000,3684.6000,3684.4000,3686.0000,3686.6000,3687.0000,3687.4000,3688.0000,1,2,1,1,1,1,1,3,1,6
SF,IF2009,2020-04-09 09:30:54.400,3685.6000,17287,-1,70775100.000,1,0,1,双平,S,3684.8000,3684.4000,3684.0000,3683.0000,3682.8000,3686.0000,3686.6000,3687.0000,3687.4000,3688.0000,1,1,1,4,2,1,1,3,1,6
SF,IF2009,2020-04-09 09:30:54.900,3686.0000,17287,0,71880900.000,1,0,1,多换,S,3686.0000,3685.0000,3684.8000,3684.6000,3684.4000,3686.6000,3687.0000,3687.4000,3688.0000,3688.2000,1,1,1,1,1,1,3,1,6,4
SF,IF2009,2020-04-09 09:30:55.400,3686.0000,17287,0,72986700.000,1,0,1,多换,S,3684.8000,3684.6000,3684.4000,3683.0000,3682.8000,3686.4000,3686.6000,3687.0000,3687.4000,3688.0000,1,1,2,4,2,1,1,3,1,6
SF,IF2009,2020-04-09 09:30:55.900,3686.0000,17287,0,72986700.000,0,-,-,-,-,3684.8000,3684.6000,3684.4000,3683.0000,3682.8000,3686.6000,3687.0000,3687.4000,3688.0000,3688.2000,1,1,2,4,2,1,3,1,6,4
SF,IF2009,2020-04-09 09:30:56.400,3686.0000,17287,0,72986700.000,0,-,-,-,-,3685.2000,3685.0000,3684.8000,3684.6000,3684.4000,3686.4000,3686.6000,3687.0000,3687.4000,3688.0000,1,4,1,1,1,1,1,3,1,6
SF,IF2009,2020-04-09 09:30:56.900,3686.0000,17287,0,72986700.000,0,-,-,-,-,3685.2000,3685.0000,3684.8000,3684.6000,3684.4000,3686.6000,3687.0000,3687.4000,3688.0000,3688.2000,1,5,1,1,1,1,3,1,6,4
SF,IF2009,2020-04-09 09:30:57.400,3686.0000,17287,0,72986700.000,0,-,-,-,-,3685.2000,3685.0000,3684.8000,3684.6000,3684.4000,3686.4000,3686.6000,3687.0000,3687.4000,3688.0000,1,5,1,1,1,1,1,3,1,6
SF,IF2009,2020-04-09 09:30:57.900,3686.0000,17287,0,72986700.000,0,-,-,-,-,3686.2000,3685.2000,3685.0000,3684.8000,3684.6000,3686.6000,3687.0000,3687.4000,3688.0000,3688.2000,1,1,5,1,1,1,3,1,6,4
SF,IF2009,2020-04-09 09:30:58.400,3686.2000,17287,0,74092560.000,1,0,1,多换,S,3685.2000,3685.0000,3684.8000,3684.6000,3683.0000,3686.4000,3686.6000,3687.0000,3687.4000,3688.0000,1,4,1,1,4,1,1,3,1,6
SF,IF2009,2020-04-09 09:30:58.900,3686.2000,17286,-1,75198420.000,1,0,1,双平,S,3685.2000,3685.0000,3684.8000,3684.6000,3683.0000,3686.2000,3686.6000,3687.0000,3687.4000,3688.0000,1,2,1,1,4,1,1,3,1,6
SF,IF2009,2020-04-09 09:30:59.400,3686.2000,17285,-1,76304280.000,1,0,1,双平,S,3686.2000,3685.2000,3685.0000,3684.6000,3684.4000,3686.6000,3687.0000,3687.4000,3688.0000,3688.2000,1,1,1,1,1,1,3,1,6,4
SF,IF2009,2020-04-09 09:30:59.900,3686.2000,17284,-1,77410140.000,1,0,1,双平,S,3685.0000,3684.4000,3683.0000,3682.8000,3680.0000,3686.6000,3687.0000,3687.4000,3688.0000,3688.2000,1,1,4,2,5,1,3,1,6,4
SF,IF2009,2020-04-09 09:31:00.400,3686.2000,17284,0,77410140.000,0,-,-,-,-,3685.2000,3685.0000,3684.4000,3683.0000,3682.8000,3686.6000,3687.0000,3687.4000,3688.0000,3688.2000,1,1,1,4,2,1,3,1,6,4
SF,IF2009,2020-04-09 09:31:00.900,3686.2000,17284,0,77410140.000,0,-,-,-,-,3685.4000,3685.2000,3685.0000,3683.4000,3683.0000,3686.6000,3687.0000,3687.4000,3688.0000,3688.2000,1,2,1,1,4,1,3,1,6,4
SF,IF2009,2020-04-09 09:31:01.400,3686.2000,17284,0,77410140.000,0,-,-,-,-,3685.6000,3685.0000,3683.4000,3683.0000,3682.8000,3686.6000,3687.0000,3687.4000,3688.0000,3688.2000,1,21,1,4,2,1,3,1,6,4
SF,IF2009,2020-04-09 09:31:01.900,3686.2000,17284,0,77410140.000,0,-,-,-,-,3685.6000,3685.0000,3683.4000,3683.0000,3682.8000,3686.4000,3686.6000,3687.0000,3687.4000,3688.0000,1,21,1,4,2,1,1,3,1,6
SF,IF2009,2020-04-09 09:31:02.400,3686.2000,17284,0,77410140.000,0,-,-,-,-,3685.0000,3684.4000,3683.4000,3683.0000,3682.8000,3686.6000,3687.0000,3687.4000,3688.0000,3688.2000,21,1,1,4,2,1,3,1,6,4
SF,IF2009,2020-04-09 09:31:02.900,3686.2000,17284,0,77410140.000,0,-,-,-,-,3685.2000,3685.0000,3684.4000,3683.4000,3683.0000,3686.4000,3686.6000,3687.0000,3687.4000,3688.0000,2,21,1,1,4,1,1,3,1,6
SF,IF2009,2020-04-09 09:31:03.400,3686.2000,17284,0,77410140.000,0,-,-,-,-,3685.2000,3685.0000,3684.4000,3683.4000,3683.0000,3686.6000,3687.0000,3687.4000,3688.0000,3688.2000,2,21,1,1,4,1,3,1,6,4
SF,IF2009,2020-04-09 09:31:05.400,3685.2000,17284,0,79621680.000,2,1,1,多换,S,3685.2000,3685.0000,3683.4000,3683.0000,3682.8000,3687.0000,3687.4000,3688.0000,3688.2000,3688.6000,1,21,1,4,2,3,1,6,4,1
SF,IF2009,2020-04-09 09:31:05.900,3686.8000,17283,-1,80727720.000,1,0,1,双平,S,3685.4000,3685.2000,3685.0000,3683.4000,3683.0000,3686.8000,3687.0000,3687.4000,3688.0000,3688.2000,1,1,21,1,4,1,3,1,6,2
SF,IF2009,2020-04-09 09:31:06.400,3686.8000,17282,-1,81833760.000,1,0,1,双平,S,3685.6000,3685.4000,3685.2000,3685.0000,3683.4000,3687.0000,3687.4000,3688.0000,3688.2000,3688.6000,1,1,1,21,1,3,1,6,2,1
SF,IF2009,2020-04-09 09:31:06.900,3686.8000,17282,0,81833760.000,0,-,-,-,-,3685.8000,3685.4000,3685.0000,3683.4000,3683.0000,3687.0000,3687.4000,3688.0000,3688.2000,3688.6000,1,1,21,1,4,3,1,6,2,1
SF,IF2009,2020-04-09 09:31:07.400,3687.0000,17281,-1,82939860.000,1,0,1,双平,S,3685.8000,3685.2000,3685.0000,3683.4000,3683.0000,3687.0000,3687.4000,3688.0000,3688.2000,3688.6000,2,1,21,1,4,2,1,6,2,1
SF,IF2009,2020-04-09 09:31:07.900,3687.0000,17281,0,84045960.000,1,0,1,多换,S,3686.0000,3685.8000,3685.6000,3685.2000,3685.0000,3687.0000,3687.4000,3688.0000,3688.2000,3688.6000,2,2,1,1,21,2,1,6,2,1
SF,IF2009,2020-04-09 09:31:08.400,3687.0000,17280,-1,85152060.000,1,0,1,双平,S,3686.0000,3685.8000,3685.6000,3685.2000,3685.0000,3687.0000,3687.4000,3688.0000,3688.2000,3688.6000,1,2,1,1,21,1,1,6,2,1
SF,IF2009,2020-04-09 09:31:08.900,3687.0000,17280,0,85152060.000,0,-,-,-,-,3685.8000,3685.6000,3685.2000,3685.0000,3684.6000,3687.0000,3687.4000,3688.0000,3688.2000,3688.6000,1,1,1,21,1,1,1,6,2,1
SF,IF2009,2020-04-09 09:31:09.400,3687.0000,17280,0,85152060.000,0,-,-,-,-,3686.0000,3685.8000,3685.6000,3685.2000,3685.0000,3687.0000,3687.4000,3688.0000,3688.2000,3688.6000,2,1,1,1,21,1,1,7,2,1
SF,IF2009,2020-04-09 09:31:09.900,3687.0000,17280,0,85152060.000,0,-,-,-,-,3686.0000,3685.8000,3685.6000,3685.2000,3685.0000,3687.0000,3687.4000,3688.0000,3688.2000,3688.6000,2,1,1,1,21,1,1,7,2,1
SF,IF2009,2020-04-09 09:31:10.400,3687.0000,17280,0,85152060.000,0,-,-,-,-,3686.0000,3685.8000,3685.6000,3685.4000,3685.2000,3687.0000,3687.4000,3688.0000,3688.2000,3688.6000,3,1,1,1,1,1,1,7,2,1
SF,IF2009,2020-04-09 09:31:10.900,3687.0000,17280,0,85152060.000,0,-,-,-,-,3686.0000,3685.8000,3685.6000,3685.4000,3685.2000,3687.0000,3687.4000,3688.0000,3688.2000,3688.6000,2,1,1,1,1,2,1,7,2,1
SF,IF2009,2020-04-09 09:31:11.400,3687.0000,17279,-1,87364260.000,2,0,2,多平,S,3686.0000,3685.6000,3685.4000,3685.2000,3685.0000,3686.8000,3687.0000,3687.4000,3688.0000,3688.2000,2,1,1,1,21,1,2,1,7,2
SF,IF2009,2020-04-09 09:31:12.400,3687.0000,17279,0,87364260.000,0,-,-,-,-,3686.0000,3685.6000,3685.4000,3685.2000,3685.0000,3686.8000,3687.0000,3687.4000,3687.6000,3688.0000,1,1,1,1,21,1,2,1,1,7
SF,IF2009,2020-04-09 09:31:12.900,3687.0000,17279,0,87364260.000,0,-,-,-,-,3685.2000,3685.0000,3683.4000,3683.0000,3682.8000,3686.0000,3686.8000,3687.0000,3687.4000,3687.6000,1,21,1,4,2,2,1,2,1,1
SF,IF2009,2020-04-09 09:31:13.400,3686.0000,17277,-2,90681660.000,3,0,3,多平,S,3685.4000,3685.2000,3685.0000,3683.4000,3683.0000,3686.8000,3687.0000,3687.4000,3687.6000,3688.0000,2,1,21,1,4,1,2,1,1,7
SF,IF2009,2020-04-09 09:31:13.900,3686.0000,17277,0,90681660.000,0,-,-,-,-,3685.6000,3685.4000,3685.2000,3685.0000,3683.4000,3686.8000,3687.0000,3687.4000,3687.6000,3688.0000,2,2,1,21,1,1,2,1,1,7
SF,IF2009,2020-04-09 09:31:14.400,3686.0000,17277,0,90681660.000,0,-,-,-,-,3685.6000,3685.4000,3685.2000,3685.0000,3683.4000,3686.8000,3687.0000,3687.4000,3687.6000,3688.0000,2,1,1,21,1,1,4,1,1,7
SF,IF2009,2020-04-09 09:31:14.900,3686.0000,17277,0,90681660.000,0,-,-,-,-,3685.6000,3685.4000,3685.0000,3683.4000,3683.0000,3686.8000,3687.0000,3687.4000,3687.6000,3688.0000,2,1,21,1,4,1,4,1,1,7
SF,IF2009,2020-04-09 09:31:15.400,3686.0000,17277,0,90681660.000,0,-,-,-,-,3685.8000,3685.6000,3685.4000,3685.0000,3683.4000,3686.8000,3687.0000,3687.4000,3687.6000,3688.0000,1,1,1,21,1,1,4,1,1,7
SF,IF2009,2020-04-09 09:31:15.900,3685.6000,17276,-1,92893080.000,2,0,2,多平,S,3685.0000,3683.4000,3683.0000,3682.8000,3680.0000,3686.6000,3686.8000,3687.0000,3687.4000,3687.6000,21,1,4,2,5,1,1,4,1,1
SF,IF2009,2020-04-09 09:31:16.400,3685.6000,17276,0,92893080.000,0,-,-,-,-,3685.2000,3685.0000,3683.4000,3683.0000,3682.8000,3686.4000,3686.8000,3687.0000,3687.4000,3687.6000,1,21,1,4,2,1,1,4,1,1
SF,IF2009,2020-04-09 09:31:16.900,3685.6000,17276,0,92893080.000,0,-,-,-,-,3685.0000,3683.4000,3683.0000,3682.8000,3680.0000,3686.2000,3687.0000,3687.4000,3687.6000,3688.0000,21,1,4,2,5,2,4,1,1,7
SF,IF2009,2020-04-09 09:31:17.900,3685.6000,17276,0,92893080.000,0,-,-,-,-,3685.0000,3683.4000,3683.0000,3682.8000,3680.0000,3686.2000,3687.0000,3687.4000,3687.6000,3688.0000,21,1,4,2,5,1,4,1,1,7
SF,IF2009,2020-04-09 09:31:18.400,3686.2000,17275,-1,93998940.000,1,0,1,双平,S,3685.2000,3685.0000,3683.4000,3683.0000,3682.8000,3687.0000,3687.4000,3687.6000,3688.0000,3688.2000,1,21,1,4,2,4,1,1,7,2
SF,IF2009,2020-04-09 09:31:18.900,3685.0000,17275,0,95104440.000,1,0,1,多换,S,3685.2000,3685.0000,3683.4000,3683.0000,3682.8000,3686.8000,3687.0000,3687.2000,3687.4000,3687.6000,1,20,1,4,2,2,4,1,1,1
SF,IF2009,2020-04-09 09:31:19.400,3685.0000,17275,0,95104440.000,0,-,-,-,-,3685.2000,3685.0000,3683.4000,3683.0000,3682.8000,3686.8000,3687.0000,3687.2000,3687.4000,3687.6000,1,20,1,4,2,2,4,1,1,1
SF,IF2009,2020-04-09 09:31:19.900,3685.2000,17274,-1,96210000.000,1,0,1,双平,S,3685.0000,3683.4000,3683.0000,3682.8000,3680.0000,3686.8000,3687.0000,3687.2000,3687.4000,3687.6000,20,1,4,2,5,2,4,1,1,1
SF,IF2009,2020-04-09 09:31:20.400,3685.0000,17274,0,98421000.000,2,1,1,多换,S,3685.0000,3684.8000,3683.4000,3683.0000,3682.8000,3686.4000,3686.6000,3686.8000,3687.0000,3687.2000,18,13,1,4,2,1,2,3,4,1
SF,IF2009,2020-04-09 09:31:20.900,3685.0000,17274,0,103948500.000,5,2,3,多换,S,3685.0000,3684.8000,3683.4000,3683.0000,3682.8000,3686.2000,3686.4000,3686.6000,3686.8000,3687.0000,13,13,1,4,2,2,1,1,1,4
SF,IF2009,2020-04-09 09:31:21.400,3685.0000,17274,0,103948500.000,0,-,-,-,-,3685.0000,3684.8000,3683.4000,3683.0000,3682.8000,3686.2000,3686.4000,3686.6000,3686.8000,3687.0000,13,13,1,4,2,2,2,1,1,4
SF,IF2009,2020-04-09 09:31:23.400,3685.0000,17274,0,103948500.000,0,-,-,-,-,3685.0000,3684.8000,3683.4000,3683.0000,3682.8000,3686.2000,3686.4000,3686.6000,3686.8000,3687.0000,13,13,1,4,2,2,1,1,1,4
SF,IF2009,2020-04-09 09:31:23.900,3685.0000,17274,0,103948500.000,0,-,-,-,-,3685.0000,3684.8000,3683.4000,3683.0000,3682.8000,3686.2000,3686.4000,3686.6000,3686.8000,3687.0000,13,13,1,4,2,3,1,1,1,4
SF,IF2009,2020-04-09 09:31:24.900,3685.0000,17274,0,103948500.000,0,-,-,-,-,3685.0000,3684.8000,3683.4000,3683.0000,3682.8000,3686.2000,3686.4000,3686.6000,3686.8000,3687.0000,13,13,1,4,2,3,1,1,1,3
SF,IF2009,2020-04-09 09:31:25.400,3685.0000,17274,0,105054000.000,1,0,1,多换,S,3685.0000,3684.8000,3683.4000,3683.0000,3682.8000,3686.2000,3686.4000,3686.6000,3686.8000,3687.0000,12,13,1,4,2,3,1,1,1,3
SF,IF2009,2020-04-09 09:31:25.900,3685.0000,17274,0,105054000.000,0,-,-,-,-,3685.0000,3684.8000,3683.4000,3683.0000,3682.8000,3686.0000,3686.2000,3686.4000,3686.6000,3686.8000,12,13,1,4,2,1,3,1,1,1
SF,IF2009,2020-04-09 09:31:26.400,3685.0000,17274,0,105054000.000,0,-,-,-,-,3685.0000,3684.8000,3683.4000,3683.0000,3682.8000,3686.0000,3686.2000,3686.4000,3686.6000,3686.8000,12,13,1,4,2,1,2,1,1,1
SF,IF2009,2020-04-09 09:31:26.900,3685.0000,17274,0,105054000.000,0,-,-,-,-,3685.2000,3685.0000,3684.8000,3683.4000,3683.0000,3685.8000,3686.0000,3686.4000,3686.8000,3687.0000,1,12,13,1,4,2,2,1,1,3
SF,IF2009,2020-04-09 09:31:27.400,3685.2000,17273,-1,106159560.000,1,0,1,双平,S,3685.0000,3684.8000,3683.4000,3683.0000,3682.8000,3685.2000,3685.8000,3686.0000,3686.8000,3687.0000,12,13,1,4,2,1,3,2,1,3
SF,IF2009,2020-04-09 09:31:27.900,3685.2000,17273,0,107265120.000,1,0,1,多换,S,3685.0000,3684.8000,3683.4000,3683.0000,3682.8000,3685.8000,3686.0000,3686.4000,3686.8000,3687.0000,12,13,1,4,2,2,2,1,1,3
SF,IF2009,2020-04-09 09:31:28.400,3685.2000,17273,0,107265120.000,0,-,-,-,-,3685.0000,3684.8000,3683.4000,3683.0000,3682.8000,3685.8000,3686.0000,3686.4000,3686.8000,3687.0000,12,13,1,4,2,1,1,1,1,3
SF,IF2009,2020-04-09 09:31:28.900,3685.2000,17273,0,107265120.000,0,-,-,-,-,3685.0000,3684.8000,3683.4000,3683.0000,3682.8000,3685.8000,3686.0000,3686.4000,3686.8000,3687.0000,12,13,1,4,2,1,1,1,2,3
SF,IF2009,2020-04-09 09:31:31.400,3685.2000,17273,0,107265120.000,0,-,-,-,-,3685.0000,3684.8000,3683.4000,3683.0000,3682.8000,3685.8000,3686.0000,3686.4000,3686.8000,3687.0000,12,13,1,4,2,1,1,1,2,3
SF,IF2009,2020-04-09 09:31:31.900,3685.0000,17273,0,108370620.000,1,0,1,多换,S,3685.0000,3684.8000,3683.4000,3683.0000,3682.8000,3685.8000,3686.0000,3686.4000,3686.8000,3687.0000,11,13,1,4,2,1,1,1,2,3
SF,IF2009,2020-04-09 09:31:32.400,3685.8000,17272,-1,109476360.000,1,0,1,双平,S,3685.0000,3684.8000,3683.4000,3683.0000,3682.8000,3686.0000,3686.4000,3686.8000,3687.0000,3687.2000,11,13,1,4,2,1,1,2,3,1
SF,IF2009,2020-04-09 09:31:32.900,3685.8000,17272,0,109476360.000,0,-,-,-,-,3685.0000,3684.8000,3683.4000,3683.0000,3682.8000,3686.0000,3686.4000,3686.8000,3687.0000,3687.2000,11,13,1,4,2,1,1,2,3,1
SF,IF2009,2020-04-09 09:31:33.900,3685.0000,17273,1,110581860.000,1,1,0,双开,S,3685.0000,3684.8000,3683.4000,3683.0000,3682.8000,3685.8000,3686.0000,3686.4000,3686.8000,3687.0000,10,13,1,4,2,1,1,1,2,3
SF,IF2009,2020-04-09 09:31:34.400,3685.0000,17273,0,110581860.000,0,-,-,-,-,3685.0000,3684.8000,3683.4000,3683.0000,3682.8000,3685.8000,3686.0000,3686.4000,3686.8000,3687.0000,10,13,1,3,2,1,1,1,2,3
SF,IF2009,2020-04-09 09:31:34.900,3685.0000,17273,0,110581860.000,0,-,-,-,-,3685.0000,3684.8000,3683.4000,3683.0000,3682.8000,3685.8000,3686.0000,3686.4000,3686.8000,3687.0000,10,13,1,3,2,2,1,1,2,3
SF,IF2009,2020-04-09 09:31:35.400,3685.0000,17273,0,110581860.000,0,-,-,-,-,3685.0000,3684.8000,3683.4000,3683.0000,3682.8000,3685.8000,3686.0000,3686.4000,3686.8000,3687.0000,10,13,1,3,2,3,1,1,2,3
SF,IF2009,2020-04-09 09:31:35.900,3685.0000,17273,0,110581860.000,0,-,-,-,-,3685.0000,3684.8000,3683.4000,3683.0000,3682.8000,3685.8000,3686.0000,3686.4000,3686.8000,3687.0000,10,13,1,3,2,2,1,1,2,3
SF,IF2009,2020-04-09 09:31:36.400,3685.0000,17274,1,111687360.000,1,1,0,双开,S,3685.0000,3684.8000,3683.4000,3683.0000,3682.8000,3685.8000,3686.0000,3686.4000,3686.8000,3687.0000,9,13,1,3,2,2,1,1,2,3
SF,IF2009,2020-04-09 09:31:36.900,3685.0000,17274,0,111687360.000,0,-,-,-,-,3685.0000,3684.8000,3683.4000,3683.0000,3682.8000,3685.6000,3685.8000,3686.0000,3686.4000,3686.8000,9,13,1,3,2,1,1,1,1,2
SF,IF2009,2020-04-09 09:31:38.400,3685.0000,17274,0,111687360.000,0,-,-,-,-,3685.0000,3684.8000,3683.4000,3683.0000,3682.8000,3685.4000,3685.6000,3685.8000,3686.0000,3686.4000,9,13,1,3,2,1,1,1,1,1
SF,IF2009,2020-04-09 09:31:38.900,3685.0000,17274,0,112792860.000,1,0,1,多换,S,3685.0000,3684.8000,3683.4000,3683.0000,3682.8000,3685.4000,3685.6000,3685.8000,3686.0000,3686.4000,8,13,1,3,2,1,1,1,1,1
SF,IF2009,2020-04-09 09:31:39.400,3685.0000,17274,0,112792860.000,0,-,-,-,-,3685.0000,3684.8000,3683.4000,3683.0000,3682.8000,3685.4000,3685.6000,3685.8000,3686.0000,3686.4000,8,13,1,3,2,1,1,1,1,1
SF,IF2009,2020-04-09 09:31:39.900,3685.0000,17274,0,112792860.000,0,-,-,-,-,3685.0000,3684.8000,3683.4000,3683.0000,3682.8000,3685.6000,3685.8000,3686.0000,3686.4000,3686.6000,8,13,1,3,2,1,1,1,1,1
SF,IF2009,2020-04-09 09:31:40.900,3685.0000,17274,0,113898360.000,1,0,1,多换,S,3685.0000,3684.8000,3683.4000,3683.0000,3682.8000,3685.6000,3685.8000,3686.0000,3686.4000,3686.6000,7,13,1,3,2,1,1,1,1,1
SF,IF2009,2020-04-09 09:31:41.400,3685.0000,17274,0,113898360.000,0,-,-,-,-,3685.0000,3684.8000,3683.4000,3683.0000,3682.8000,3685.6000,3685.8000,3686.0000,3686.4000,3686.6000,7,13,1,3,2,1,1,1,1,1
SF,IF2009,2020-04-09 09:31:42.400,3685.0000,17274,0,113898360.000,0,-,-,-,-,3685.0000,3684.8000,3683.4000,3683.0000,3682.8000,3685.6000,3685.8000,3686.0000,3686.4000,3686.6000,7,13,1,3,2,1,1,1,1,1
SF,IF2009,2020-04-09 09:31:45.400,3685.0000,17274,0,113898360.000,0,-,-,-,-,3685.0000,3684.8000,3683.4000,3683.0000,3682.8000,3685.6000,3685.8000,3686.4000,3686.6000,3686.8000,7,13,1,3,2,1,1,1,1,1
SF,IF2009,2020-04-09 09:31:45.900,3685.0000,17274,0,116109360.000,2,1,1,多换,S,3685.0000,3684.8000,3683.4000,3683.0000,3682.8000,3685.6000,3685.8000,3686.4000,3686.6000,3686.8000,5,13,1,3,2,1,1,1,1,1
SF,IF2009,2020-04-09 09:31:46.900,3685.0000,17274,0,117214860.000,1,0,1,多换,S,3685.0000,3684.8000,3683.4000,3683.0000,3682.8000,3685.6000,3685.8000,3686.4000,3686.6000,3686.8000,4,13,1,3,2,1,2,1,1,1
SF,IF2009,2020-04-09 09:31:47.900,3685.0000,17274,0,119425860.000,2,1,1,多换,S,3685.0000,3684.8000,3683.4000,3683.0000,3682.8000,3685.6000,3685.8000,3686.4000,3686.6000,3686.8000,2,13,1,3,2,1,2,1,1,1
SF,IF2009,2020-04-09 09:31:48.400,3685.0000,17274,0,121636860.000,2,1,1,多换,S,3684.8000,3683.4000,3683.0000,3682.8000,3680.0000,3685.6000,3685.8000,3686.4000,3686.6000,3686.8000,13,1,3,2,5,1,2,1,1,1
SF,IF2009,2020-04-09 09:31:48.900,3684.8000,17274,0,122742300.000,1,0,1,多换,S,3684.8000,3683.4000,3683.0000,3682.8000,3680.0000,3685.6000,3685.8000,3686.4000,3686.6000,3686.8000,12,1,3,2,5,1,2,1,1,1
SF,IF2009,2020-04-09 09:31:49.400,3684.8000,17274,0,122742300.000,0,-,-,-,-,3684.8000,3683.4000,3683.0000,3682.8000,3680.0000,3685.4000,3685.6000,3685.8000,3686.4000,3686.6000,12,1,3,2,8,1,3,2,1,1
SF,IF2009,2020-04-09 09:31:50.400,3684.8000,17274,0,122742300.000,0,-,-,-,-,3684.8000,3683.4000,3683.0000,3682.8000,3680.0000,3685.4000,3685.6000,3685.8000,3686.4000,3686.6000,12,1,3,2,8,1,3,2,1,1
SF,IF2009,2020-04-09 09:31:51.400,3684.8000,17274,0,122742300.000,0,-,-,-,-,3684.8000,3683.4000,3683.0000,3682.8000,3681.2000,3685.4000,3685.6000,3685.8000,3686.4000,3686.6000,12,1,3,2,1,1,3,2,1,1
SF,IF2009,2020-04-09 09:31:53.900,3684.8000,17274,0,122742300.000,0,-,-,-,-,3684.8000,3683.4000,3683.0000,3682.8000,3681.2000,3685.4000,3685.6000,3685.8000,3686.4000,3686.6000,12,1,3,2,1,1,3,2,1,1
SF,IF2009,2020-04-09 09:31:54.400,3684.8000,17274,0,122742300.000,0,-,-,-,-,3684.8000,3683.4000,3683.0000,3682.8000,3681.2000,3685.0000,3685.4000,3685.6000,3685.8000,3686.4000,12,1,3,2,1,6,1,3,2,1
SF,IF2009,2020-04-09 09:31:54.900,3685.0000,17270,-4,127164300.000,4,0,4,双平,S,3684.8000,3683.4000,3683.0000,3682.8000,3681.2000,3685.0000,3685.4000,3685.6000,3685.8000,3686.4000,12,1,3,2,1,2,1,3,2,1
SF,IF2009,2020-04-09 09:31:55.400,3685.0000,17269,-1,128269800.000,1,0,1,双平,S,3684.8000,3683.4000,3683.0000,3682.8000,3681.2000,3685.0000,3685.4000,3685.6000,3685.8000,3686.4000,12,1,3,2,1,1,1,3,2,1
SF,IF2009,2020-04-09 09:31:55.900,3685.0000,17268,-1,129375300.000,1,0,1,双平,S,3684.8000,3683.4000,3683.0000,3682.8000,3681.2000,3685.4000,3685.6000,3685.8000,3686.4000,3686.6000,12,1,3,2,1,1,3,2,1,1
SF,IF2009,2020-04-09 09:31:56.400,3684.8000,17268,0,130480740.000,1,0,1,多换,S,3684.8000,3683.4000,3683.0000,3682.8000,3681.2000,3685.4000,3685.6000,3685.8000,3686.4000,3686.6000,11,1,3,2,1,1,3,2,1,1
SF,IF2009,2020-04-09 09:31:56.900,3684.8000,17268,0,130480740.000,0,-,-,-,-,3684.8000,3683.4000,3683.0000,3682.8000,3681.2000,3685.4000,3685.6000,3685.8000,3686.4000,3686.6000,11,1,3,2,1,1,2,2,1,1
SF,IF2009,2020-04-09 09:31:57.400,3684.8000,17268,0,130480740.000,0,-,-,-,-,3684.8000,3683.4000,3683.0000,3682.8000,3681.2000,3685.6000,3685.8000,3686.4000,3686.6000,3686.8000,11,1,3,2,1,2,2,1,1,1
SF,IF2009,2020-04-09 09:31:57.900,3684.8000,17268,0,130480740.000,0,-,-,-,-,3684.8000,3683.4000,3683.0000,3682.8000,3681.2000,3685.0000,3685.6000,3685.8000,3686.4000,3686.6000,11,1,3,2,1,1,3,2,1,1
SF,IF2009,2020-04-09 09:31:58.400,3684.8000,17268,0,133797060.000,3,1,2,多换,S,3684.8000,3683.4000,3683.0000,3682.8000,3681.2000,3685.0000,3685.6000,3685.8000,3686.4000,3686.6000,8,1,3,2,1,1,2,2,1,1
SF,IF2009,2020-04-09 09:31:58.900,3684.8000,17268,0,133797060.000,0,-,-,-,-,3684.8000,3683.4000,3683.0000,3682.8000,3681.2000,3685.0000,3685.6000,3685.8000,3686.4000,3686.6000,8,1,3,2,1,1,2,2,1,1
SF,IF2009,2020-04-09 09:31:59.900,3685.0000,17269,1,134902560.000,1,1,0,双开,S,3685.0000,3684.8000,3683.4000,3683.0000,3682.8000,3685.6000,3685.8000,3686.4000,3686.6000,3687.0000,9,8,1,3,2,2,2,1,1,1
SF,IF2009,2020-04-09 09:32:00.400,3685.0000,17269,0,134902560.000,0,-,-,-,-,3685.0000,3684.8000,3683.4000,3683.0000,3682.8000,3685.6000,3685.8000,3686.4000,3686.6000,3687.0000,9,8,1,3,2,3,2,1,1,1
SF,IF2009,2020-04-09 09:32:00.900,3685.0000,17269,0,134902560.000,0,-,-,-,-,3685.0000,3684.8000,3683.4000,3683.0000,3682.8000,3685.6000,3685.8000,3686.4000,3686.6000,3687.0000,9,8,1,3,2,3,2,1,1,1
SF,IF2009,2020-04-09 09:32:01.400,3685.0000,17269,0,136008060.000,1,0,1,多换,S,3685.0000,3684.8000,3683.4000,3683.0000,3682.8000,3685.6000,3685.8000,3686.4000,3686.6000,3687.0000,8,8,1,3,2,3,2,1,1,1
SF,IF2009,2020-04-09 09:32:03.400,3685.0000,17269,0,136008060.000,0,-,-,-,-,3685.0000,3684.8000,3683.4000,3683.0000,3682.8000,3685.6000,3685.8000,3686.4000,3686.6000,3687.0000,8,8,1,3,2,2,2,1,1,1
SF,IF2009,2020-04-09 09:32:06.900,3685.0000,17269,0,136008060.000,0,-,-,-,-,3685.0000,3684.8000,3683.4000,3683.0000,3682.8000,3685.6000,3685.8000,3686.4000,3686.6000,3687.0000,8,8,1,3,2,3,2,1,1,1
SF,IF2009,2020-04-09 09:32:07.400,3685.0000,17269,0,136008060.000,0,-,-,-,-,3685.0000,3684.8000,3683.4000,3683.0000,3682.8000,3685.4000,3685.6000,3685.8000,3686.4000,3686.6000,8,8,1,3,2,2,3,2,1,1
SF,IF2009,2020-04-09 09:32:07.900,3685.0000,17269,0,136008060.000,0,-,-,-,-,3685.0000,3684.8000,3683.4000,3683.0000,3682.8000,3685.4000,3685.6000,3685.8000,3686.4000,3686.6000,8,8,1,3,2,1,3,2,1,1
SF,IF2009,2020-04-09 09:32:08.900,3685.0000,17269,0,136008060.000,0,-,-,-,-,3685.0000,3684.8000,3683.4000,3683.0000,3682.8000,3685.4000,3685.6000,3685.8000,3686.4000,3686.6000,8,8,1,3,2,1,4,2,1,1
SF,IF2009,2020-04-09 09:32:09.400,3685.0000,17269,0,140430060.000,4,2,2,多换,S,3685.0000,3684.8000,3683.4000,3683.0000,3682.8000,3685.2000,3685.4000,3685.6000,3685.8000,3686.4000,4,8,1,3,2,1,1,4,2,1
SF,IF2009,2020-04-09 09:32:09.900,3685.0000,17269,0,143746560.000,3,1,2,多换,S,3685.0000,3684.8000,3683.4000,3683.0000,3682.8000,3685.2000,3685.4000,3685.6000,3685.8000,3686.4000,1,8,1,3,2,1,2,4,2,1
SF,IF2009,2020-04-09 09:32:10.400,3685.0000,17269,0,144852060.000,1,0,1,多换,S,3684.8000,3683.4000,3683.0000,3682.8000,3681.2000,3685.2000,3685.4000,3685.6000,3685.8000,3686.4000,8,1,3,2,1,1,2,4,2,1
SF,IF2009,2020-04-09 09:32:10.900,3684.8000,17269,0,145957500.000,1,0,1,多换,S,3684.8000,3683.4000,3683.0000,3682.8000,3681.2000,3685.2000,3685.4000,3685.6000,3685.8000,3686.4000,7,1,3,2,1,1,2,4,2,1
SF,IF2009,2020-04-09 09:32:12.400,3685.2000,17269,0,147063060.000,1,0,1,多换,S,3685.2000,3684.8000,3683.4000,3683.0000,3682.8000,3685.4000,3685.6000,3685.8000,3686.4000,3686.6000,4,7,1,3,2,2,4,2,1,1
SF,IF2009,2020-04-09 09:32:13.400,3685.2000,17269,0,147063060.000,0,-,-,-,-,3685.2000,3684.8000,3683.4000,3683.0000,3682.8000,3685.4000,3685.6000,3685.8000,3686.4000,3686.6000,4,7,1,3,2,2,4,3,1,1
SF,IF2009,2020-04-09 09:32:13.900,3685.4000,17269,0,149274300.000,2,1,1,多换,S,3685.2000,3684.8000,3683.4000,3683.0000,3682.8000,3685.6000,3685.8000,3686.4000,3686.6000,3687.0000,4,7,1,3,2,2,3,1,1,1
SF,IF2009,2020-04-09 09:32:14.400,3685.6000,17267,-2,151485660.000,2,0,2,双平,S,3685.2000,3684.8000,3683.4000,3683.0000,3682.8000,3685.8000,3686.4000,3686.6000,3687.0000,3687.2000,4,7,1,3,2,3,1,1,1,1
SF,IF2009,2020-04-09 09:32:14.900,3685.8000,17266,-1,153697140.000,2,0,2,多平,S,3685.2000,3684.8000,3683.4000,3683.0000,3682.8000,3685.8000,3686.4000,3686.6000,3687.0000,3687.2000,4,7,1,3,2,1,1,1,1,1
SF,IF2009,2020-04-09 09:32:15.400,3685.8000,17266,0,154802880.000,1,0,1,多换,S,3685.4000,3685.2000,3684.8000,3683.4000,3683.0000,3686.4000,3686.6000,3687.0000,3687.2000,3687.6000,1,4,7,1,3,1,1,1,1,1
SF,IF2009,2020-04-09 09:32:15.900,3685.8000,17266,0,154802880.000,0,-,-,-,-,3685.2000,3684.8000,3683.4000,3683.0000,3682.8000,3686.4000,3686.6000,3687.0000,3687.2000,3687.6000,4,7,1,3,2,1,1,1,1,1
SF,IF2009,2020-04-09 09:32:16.400,3685.8000,17266,0,154802880.000,0,-,-,-,-,3685.4000,3685.2000,3684.8000,3683.4000,3683.0000,3686.4000,3686.6000,3687.0000,3687.2000,3687.6000,1,4,7,1,3,1,1,1,1,1
SF,IF2009,2020-04-09 09:32:16.900,3685.8000,17266,0,154802880.000,0,-,-,-,-,3685.4000,3685.2000,3684.8000,3683.4000,3683.0000,3686.4000,3686.6000,3687.0000,3687.2000,3687.6000,1,4,7,1,3,1,1,1,1,1
SF,IF2009,2020-04-09 09:32:20.400,3685.8000,17266,0,154802880.000,0,-,-,-,-,3685.4000,3685.2000,3684.8000,3683.4000,3683.0000,3686.0000,3686.4000,3686.6000,3687.0000,3687.2000,1,4,7,1,3,2,1,1,1,1
SF,IF2009,2020-04-09 09:32:21.900,3686.0000,17264,-2,157014480.000,2,0,2,双平,S,3685.4000,3685.2000,3684.8000,3683.4000,3683.0000,3686.4000,3686.6000,3687.0000,3687.2000,3687.6000,1,4,7,1,3,1,1,1,1,1
SF,IF2009,2020-04-09 09:32:22.400,3686.0000,17264,0,157014480.000,0,-,-,-,-,3685.2000,3684.8000,3683.4000,3683.0000,3682.8000,3686.4000,3686.6000,3687.0000,3687.2000,3687.6000,4,7,1,3,2,1,1,1,1,1
SF,IF2009,2020-04-09 09:32:22.900,3685.4000,17263,-1,158120100.000,1,0,1,双平,S,3685.4000,3685.2000,3684.8000,3683.4000,3683.0000,3686.4000,3686.6000,3687.0000,3687.2000,3687.6000,2,4,7,1,3,1,1,1,1,1
SF,IF2009,2020-04-09 09:32:23.900,3685.4000,17263,0,158120100.000,0,-,-,-,-,3685.6000,3685.4000,3685.2000,3684.8000,3683.4000,3686.4000,3686.6000,3687.0000,3687.2000,3687.6000,1,1,4,7,1,1,1,1,1,1
SF,IF2009,2020-04-09 09:32:24.400,3685.4000,17263,0,158120100.000,0,-,-,-,-,3685.2000,3684.8000,3683.4000,3683.0000,3682.8000,3686.4000,3686.6000,3687.0000,3687.2000,3687.6000,4,7,1,3,2,2,1,1,1,1
SF,IF2009,2020-04-09 09:32:24.900,3686.4000,17263,0,159226020.000,1,0,1,多换,S,3685.4000,3685.2000,3684.8000,3683.4000,3683.0000,3686.4000,3686.6000,3687.0000,3687.2000,3687.6000,1,4,7,1,3,1,1,1,1,1
SF,IF2009,2020-04-09 09:32:25.400,3686.4000,17263,0,159226020.000,0,-,-,-,-,3685.4000,3685.2000,3684.8000,3683.4000,3683.0000,3686.4000,3686.6000,3687.0000,3687.2000,3687.6000,1,4,7,1,3,1,1,1,1,1
SF,IF2009,2020-04-09 09:32:26.400,3686.4000,17263,0,159226020.000,0,-,-,-,-,3685.6000,3685.4000,3685.2000,3684.8000,3683.4000,3686.4000,3686.6000,3687.0000,3687.2000,3687.6000,1,1,4,7,1,1,1,1,1,1
SF,IF2009,2020-04-09 09:32:26.900,3686.4000,17263,0,159226020.000,0,-,-,-,-,3685.4000,3685.2000,3684.8000,3683.4000,3683.0000,3686.4000,3686.6000,3687.0000,3687.2000,3687.6000,1,4,7,1,3,1,1,1,1,1
SF,IF2009,2020-04-09 09:32:27.400,3686.4000,17263,0,159226020.000,0,-,-,-,-,3685.6000,3685.4000,3685.2000,3684.8000,3683.4000,3686.2000,3686.6000,3687.2000,3687.6000,3688.0000,2,1,4,7,1,1,1,1,1,6
SF,IF2009,2020-04-09 09:32:27.900,3686.4000,17263,0,159226020.000,0,-,-,-,-,3685.6000,3685.4000,3685.2000,3684.8000,3683.4000,3686.2000,3686.6000,3687.2000,3687.6000,3688.0000,1,1,4,7,1,1,1,1,1,6
SF,IF2009,2020-04-09 09:32:28.400,3686.4000,17262,-1,160331940.000,1,0,1,双平,S,3685.4000,3685.2000,3684.8000,3683.4000,3683.0000,3686.6000,3687.2000,3687.6000,3688.0000,3688.2000,1,4,7,1,3,1,1,1,6,2
SF,IF2009,2020-04-09 09:32:28.900,3686.4000,17262,0,160331940.000,0,-,-,-,-,3685.6000,3685.4000,3685.2000,3684.8000,3683.4000,3686.6000,3687.2000,3687.6000,3688.0000,3688.2000,1,1,4,7,1,1,1,1,6,2
SF,IF2009,2020-04-09 09:32:29.400,3686.4000,17262,0,160331940.000,0,-,-,-,-,3685.6000,3685.4000,3685.2000,3684.8000,3683.4000,3686.6000,3687.2000,3687.6000,3688.0000,3688.2000,1,1,4,7,1,1,1,1,6,2
SF,IF2009,2020-04-09 09:32:29.900,3686.4000,17262,0,160331940.000,0,-,-,-,-,3685.6000,3685.4000,3685.2000,3684.8000,3683.4000,3686.6000,3687.2000,3687.6000,3688.0000,3688.2000,1,1,4,7,1,3,1,1,6,2
SF,IF2009,2020-04-09 09:32:30.900,3686.4000,17262,0,160331940.000,0,-,-,-,-,3685.6000,3685.4000,3685.2000,3684.8000,3683.4000,3686.6000,3687.6000,3688.0000,3688.2000,3688.6000,1,1,4,7,1,3,1,6,2,1
SF,IF2009,2020-04-09 09:32:31.400,3686.4000,17262,0,160331940.000,0,-,-,-,-,3685.8000,3685.4000,3685.2000,3684.8000,3683.4000,3686.6000,3687.6000,3688.0000,3688.2000,3688.6000,1,1,4,7,1,3,1,6,2,1
SF,IF2009,2020-04-09 09:32:31.900,3686.4000,17262,0,160331940.000,0,-,-,-,-,3685.4000,3685.2000,3684.8000,3683.4000,3683.0000,3686.6000,3687.6000,3688.0000,3688.2000,3688.6000,2,4,7,1,3,3,1,6,2,1
SF,IF2009,2020-04-09 09:32:32.400,3686.4000,17262,0,160331940.000,0,-,-,-,-,3685.6000,3685.4000,3685.2000,3684.8000,3683.4000,3686.6000,3687.6000,3688.0000,3688.2000,3688.6000,3,2,4,7,1,3,1,6,2,1
SF,IF2009,2020-04-09 09:32:32.900,3686.4000,17262,0,160331940.000,0,-,-,-,-,3685.8000,3685.6000,3685.4000,3685.2000,3684.8000,3686.6000,3687.6000,3688.0000,3688.2000,3688.6000,1,2,2,4,7,3,1,6,2,1
SF,IF2009,2020-04-09 09:32:33.400,3686.4000,17262,0,160331940.000,0,-,-,-,-,3685.8000,3685.6000,3685.4000,3685.2000,3684.8000,3686.6000,3687.6000,3688.0000,3688.2000,3688.6000,1,1,2,4,7,3,1,6,2,1
SF,IF2009,2020-04-09 09:32:34.400,3686.4000,17262,0,160331940.000,0,-,-,-,-,3685.6000,3685.4000,3685.2000,3684.8000,3683.4000,3686.6000,3687.6000,3688.0000,3688.2000,3688.6000,1,2,4,7,1,3,1,6,2,1
SF,IF2009,2020-04-09 09:32:34.900,3686.4000,17262,0,160331940.000,0,-,-,-,-,3685.4000,3685.2000,3684.8000,3683.4000,3683.0000,3686.4000,3686.6000,3687.6000,3688.0000,3688.2000,2,4,7,1,2,2,3,1,6,2
SF,IF2009,2020-04-09 09:32:35.400,3686.4000,17262,0,160331940.000,0,-,-,-,-,3685.4000,3685.2000,3684.8000,3683.4000,3683.0000,3686.2000,3686.4000,3686.6000,3687.6000,3688.0000,2,4,7,1,2,1,1,3,1,6
SF,IF2009,2020-04-09 09:32:35.900,3686.4000,17262,0,160331940.000,0,-,-,-,-,3685.6000,3685.4000,3685.2000,3684.8000,3683.4000,3686.6000,3687.6000,3688.0000,3688.2000,3688.6000,1,2,4,7,1,3,1,6,2,1
SF,IF2009,2020-04-09 09:32:36.400,3686.4000,17262,0,160331940.000,0,-,-,-,-,3685.4000,3685.2000,3684.8000,3683.4000,3683.0000,3686.4000,3686.6000,3687.6000,3688.0000,3688.2000,2,4,7,1,2,2,3,1,6,2
SF,IF2009,2020-04-09 09:32:36.900,3686.4000,17262,0,160331940.000,0,-,-,-,-,3685.4000,3685.2000,3684.8000,3683.4000,3683.0000,3686.4000,3686.6000,3687.6000,3688.0000,3688.2000,1,4,7,1,2,2,3,1,6,2
SF,IF2009,2020-04-09 09:32:37.400,3686.4000,17262,0,160331940.000,0,-,-,-,-,3685.4000,3685.2000,3684.8000,3683.4000,3683.0000,3686.4000,3686.6000,3687.6000,3688.0000,3688.2000,1,4,7,1,2,2,3,1,6,2
SF,IF2009,2020-04-09 09:32:38.400,3686.4000,17263,1,161437860.000,1,1,0,双开,S,3685.4000,3685.2000,3684.8000,3683.4000,3683.0000,3686.4000,3686.6000,3687.6000,3688.0000,3688.2000,1,4,7,1,2,1,3,1,6,2
SF,IF2009,2020-04-09 09:32:38.900,3686.4000,17263,0,161437860.000,0,-,-,-,-,3685.8000,3685.4000,3685.2000,3684.8000,3683.4000,3686.0000,3686.2000,3686.4000,3686.6000,3687.6000,1,1,4,7,1,1,1,2,3,1
SF,IF2009,2020-04-09 09:32:39.400,3685.8000,17263,0,162543600.000,1,0,1,多换,S,3685.4000,3685.2000,3684.8000,3683.4000,3683.0000,3686.0000,3686.2000,3686.4000,3686.6000,3687.6000,1,4,7,1,2,1,1,2,3,1
SF,IF2009,2020-04-09 09:32:39.900,3685.8000,17263,0,162543600.000,0,-,-,-,-,3685.4000,3685.2000,3684.8000,3683.4000,3683.0000,3686.0000,3686.4000,3686.6000,3687.6000,3688.0000,1,4,7,1,2,1,2,3,1,6
SF,IF2009,2020-04-09 09:32:41.400,3685.8000,17263,0,162543600.000,0,-,-,-,-,3685.4000,3685.2000,3684.8000,3683.4000,3683.0000,3686.0000,3686.4000,3686.6000,3687.6000,3688.0000,1,4,7,1,2,2,2,3,1,6
SF,IF2009,2020-04-09 09:32:41.900,3685.4000,17263,0,163649220.000,1,0,1,多换,S,3685.2000,3684.8000,3683.4000,3683.0000,3682.8000,3686.0000,3686.4000,3686.6000,3687.6000,3688.0000,4,7,1,2,2,2,2,3,1,6
SF,IF2009,2020-04-09 09:32:42.900,3685.4000,17263,0,163649220.000,0,-,-,-,-,3685.2000,3684.8000,3683.4000,3683.0000,3682.8000,3686.0000,3686.4000,3686.6000,3687.6000,3688.0000,4,7,1,2,2,2,2,3,1,6
SF,IF2009,2020-04-09 09:32:45.400,3685.4000,17263,0,163649220.000,0,-,-,-,-,3685.8000,3685.2000,3684.8000,3683.4000,3683.0000,3686.0000,3686.4000,3686.6000,3687.6000,3688.0000,1,4,7,1,2,2,2,3,1,6
SF,IF2009,2020-04-09 09:32:45.900,3685.8000,17263,0,164754960.000,1,0,1,多换,S,3685.2000,3684.8000,3683.4000,3683.0000,3682.8000,3686.0000,3686.4000,3686.6000,3687.6000,3688.0000,4,7,1,2,2,2,2,3,1,6
SF,IF2009,2020-04-09 09:32:46.400,3685.8000,17263,0,164754960.000,0,-,-,-,-,3685.4000,3685.2000,3684.8000,3683.4000,3683.0000,3686.0000,3686.4000,3686.6000,3687.6000,3688.0000,1,4,7,1,2,1,2,3,1,6
SF,IF2009,2020-04-09 09:32:46.900,3686.0000,17264,1,165860760.000,1,1,0,双开,S,3685.6000,3685.2000,3684.8000,3683.4000,3683.0000,3686.4000,3686.6000,3687.6000,3688.0000,3688.2000,1,4,7,1,2,1,3,1,6,2
SF,IF2009,2020-04-09 09:32:47.400,3686.0000,17264,0,165860760.000,0,-,-,-,-,3685.2000,3684.8000,3683.4000,3683.0000,3682.8000,3685.6000,3686.0000,3686.2000,3686.4000,3686.6000,4,7,1,2,2,1,1,1,1,3
SF,IF2009,2020-04-09 09:32:47.900,3685.4000,17263,-1,168072060.000,2,0,2,多平,S,3685.4000,3685.2000,3684.8000,3683.4000,3683.0000,3686.2000,3686.4000,3686.6000,3687.6000,3688.0000,1,4,7,1,2,1,1,3,1,6
SF,IF2009,2020-04-09 09:32:48.400,3685.4000,17263,0,168072060.000,0,-,-,-,-,3685.6000,3685.2000,3684.8000,3683.4000,3683.0000,3686.2000,3686.4000,3686.6000,3687.6000,3688.0000,1,4,7,1,2,1,1,3,1,6
SF,IF2009,2020-04-09 09:32:48.900,3686.4000,17261,-2,170283840.000,2,0,2,双平,S,3685.2000,3684.8000,3683.4000,3683.0000,3682.8000,3686.6000,3687.6000,3688.0000,3688.2000,3688.6000,4,7,1,2,2,3,1,6,2,1
SF,IF2009,2020-04-09 09:32:49.400,3686.4000,17261,0,170283840.000,0,-,-,-,-,3685.4000,3685.2000,3684.8000,3683.4000,3683.0000,3686.6000,3687.6000,3688.0000,3688.2000,3688.6000,2,4,7,1,2,3,1,6,2,1
SF,IF2009,2020-04-09 09:32:49.900,3686.4000,17261,0,170283840.000,0,-,-,-,-,3685.4000,3685.2000,3684.8000,3683.4000,3683.0000,3686.4000,3686.6000,3687.6000,3688.0000,3688.2000,2,4,7,1,2,1,3,1,6,2
SF,IF2009,2020-04-09 09:32:50.900,3686.4000,17261,0,170283840.000,0,-,-,-,-,3685.4000,3685.2000,3684.8000,3683.4000,3683.0000,3686.2000,3686.6000,3687.6000,3688.0000,3688.2000,2,4,7,1,2,1,3,1,6,2
SF,IF2009,2020-04-09 09:32:51.400,3686.4000,17261,0,170283840.000,0,-,-,-,-,3685.4000,3685.2000,3684.8000,3683.4000,3683.0000,3686.6000,3687.6000,3688.0000,3688.2000,3688.6000,1,4,7,1,2,3,1,6,2,1
SF,IF2009,2020-04-09 09:32:51.900,3685.4000,17261,0,171389460.000,1,0,1,多换,S,3685.2000,3684.8000,3683.4000,3683.0000,3682.8000,3686.0000,3686.4000,3686.6000,3687.6000,3688.0000,4,7,1,2,2,1,3,3,1,6
SF,IF2009,2020-04-09 09:32:52.400,3685.4000,17261,0,171389460.000,0,-,-,-,-,3685.2000,3684.8000,3683.4000,3683.0000,3682.8000,3686.0000,3686.4000,3686.6000,3687.6000,3688.0000,4,7,1,2,2,1,2,3,1,6
SF,IF2009,2020-04-09 09:32:53.400,3685.4000,17261,0,171389460.000,0,-,-,-,-,3685.2000,3684.8000,3683.4000,3683.0000,3682.8000,3686.0000,3686.2000,3686.4000,3686.6000,3687.6000,4,7,1,2,2,1,1,1,3,1
SF,IF2009,2020-04-09 09:32:53.900,3685.4000,17261,0,171389460.000,0,-,-,-,-,3685.2000,3684.8000,3683.4000,3683.0000,3682.8000,3686.0000,3686.2000,3686.4000,3686.6000,3687.6000,4,7,1,2,2,1,1,1,3,1
SF,IF2009,2020-04-09 09:32:55.400,3685.4000,17261,0,171389460.000,0,-,-,-,-,3685.2000,3684.8000,3683.4000,3683.0000,3682.8000,3686.2000,3686.4000,3686.6000,3687.6000,3688.0000,4,7,1,2,2,1,1,3,1,6
SF,IF2009,2020-04-09 09:32:56.400,3685.4000,17261,0,171389460.000,0,-,-,-,-,3685.2000,3684.8000,3683.4000,3683.0000,3682.8000,3686.2000,3686.4000,3686.6000,3687.6000,3688.0000,4,7,1,2,2,1,1,3,1,6
SF,IF2009,2020-04-09 09:32:56.900,3685.4000,17261,0,171389460.000,0,-,-,-,-,3685.2000,3684.8000,3683.4000,3683.0000,3682.8000,3686.0000,3686.2000,3686.4000,3686.6000,3687.6000,4,7,1,2,2,2,1,1,3,1
SF,IF2009,2020-04-09 09:32:57.400,3685.4000,17261,0,171389460.000,0,-,-,-,-,3685.2000,3684.8000,3683.4000,3683.0000,3682.8000,3686.0000,3686.2000,3686.4000,3686.6000,3687.6000,4,7,1,2,2,1,1,1,3,1
SF,IF2009,2020-04-09 09:32:57.900,3685.4000,17261,0,171389460.000,0,-,-,-,-,3685.2000,3684.8000,3683.4000,3683.0000,3682.8000,3686.0000,3686.2000,3686.4000,3686.6000,3687.6000,4,7,1,2,2,2,2,1,2,1
SF,IF2009,2020-04-09 09:32:58.400,3685.4000,17261,0,171389460.000,0,-,-,-,-,3685.2000,3684.8000,3683.4000,3683.0000,3682.8000,3686.0000,3686.2000,3686.4000,3686.6000,3687.6000,4,7,1,2,2,1,2,1,2,1
SF,IF2009,2020-04-09 09:32:58.900,3686.0000,17261,0,172495260.000,1,0,1,多换,S,3685.2000,3684.8000,3683.4000,3683.0000,3682.8000,3686.0000,3686.2000,3686.4000,3686.6000,3687.6000,4,7,1,2,2,5,2,1,2,1
SF,IF2009,2020-04-09 09:32:59.900,3685.2000,17262,1,173600820.000,1,1,0,双开,S,3685.2000,3684.8000,3683.4000,3683.0000,3682.8000,3686.0000,3686.2000,3686.4000,3686.6000,3687.6000,3,7,1,2,2,6,2,1,2,1
SF,IF2009,2020-04-09 09:33:00.900,3685.2000,17262,0,173600820.000,0,-,-,-,-,3685.2000,3684.8000,3683.4000,3683.0000,3682.8000,3686.0000,3686.2000,3686.4000,3686.6000,3687.6000,3,7,1,2,2,5,2,2,2,1
SF,IF2009,2020-04-09 09:33:02.400,3685.2000,17262,0,173600820.000,0,-,-,-,-,3685.2000,3684.8000,3683.4000,3683.0000,3682.8000,3686.0000,3686.2000,3686.4000,3686.6000,3687.6000,3,7,1,2,2,6,2,2,2,1
SF,IF2009,2020-04-09 09:33:02.900,3685.2000,17262,0,173600820.000,0,-,-,-,-,3685.2000,3684.8000,3683.4000,3683.0000,3682.8000,3686.0000,3686.2000,3686.4000,3686.6000,3687.6000,3,7,1,2,2,5,2,2,2,1
SF,IF2009,2020-04-09 09:33:03.900,3685.2000,17262,0,173600820.000,0,-,-,-,-,3685.2000,3684.8000,3683.4000,3683.0000,3682.8000,3686.0000,3686.2000,3686.4000,3686.6000,3687.6000,3,7,1,2,2,5,2,2,2,1
SF,IF2009,2020-04-09 09:33:06.400,3685.2000,17262,0,173600820.000,0,-,-,-,-,3685.2000,3684.8000,3683.4000,3683.0000,3682.8000,3686.0000,3686.2000,3686.4000,3686.6000,3687.6000,3,7,1,2,2,5,2,2,2,1
SF,IF2009,2020-04-09 09:33:06.900,3685.2000,17262,0,173600820.000,0,-,-,-,-,3685.4000,3685.2000,3684.8000,3683.4000,3683.0000,3686.0000,3686.2000,3686.4000,3686.6000,3687.6000,1,3,7,1,2,5,2,2,2,1
SF,IF2009,2020-04-09 09:33:07.400,3685.2000,17262,0,173600820.000,0,-,-,-,-,3685.2000,3684.8000,3683.4000,3683.0000,3682.8000,3686.0000,3686.2000,3686.4000,3686.6000,3687.6000,3,7,1,2,2,5,2,2,2,1
SF,IF2009,2020-04-09 09:33:09.400,3685.2000,17262,0,173600820.000,0,-,-,-,-,3685.2000,3684.8000,3683.4000,3683.0000,3682.8000,3686.0000,3686.2000,3686.4000,3686.6000,3687.6000,3,7,1,2,2,6,2,2,2,1
SF,IF2009,2020-04-09 09:33:09.900,3685.2000,17262,0,174706380.000,1,0,1,多换,S,3685.2000,3684.8000,3683.4000,3683.0000,3682.8000,3686.0000,3686.2000,3686.4000,3686.6000,3687.6000,2,7,1,2,2,5,2,2,2,1
SF,IF2009,2020-04-09 09:33:10.400,3685.2000,17262,0,175811940.000,1,0,1,多换,S,3685.2000,3684.8000,3683.4000,3683.0000,3682.8000,3686.0000,3686.2000,3686.4000,3686.6000,3687.6000,1,7,1,2,2,5,2,2,2,1
SF,IF2009,2020-04-09 09:33:10.900,3685.2000,17262,0,176917500.000,1,0,1,多换,S,3684.8000,3683.4000,3683.0000,3682.8000,3682.0000,3686.0000,3686.2000,3686.4000,3686.6000,3687.6000,7,1,2,2,1,6,2,2,2,1
SF,IF2009,2020-04-09 09:33:12.900,3685.2000,17262,0,176917500.000,0,-,-,-,-,3685.0000,3684.8000,3683.4000,3683.0000,3682.8000,3686.0000,3686.2000,3686.4000,3686.6000,3687.6000,1,7,1,2,2,6,2,2,2,1
SF,IF2009,2020-04-09 09:33:13.400,3685.2000,17262,0,176917500.000,0,-,-,-,-,3684.8000,3683.4000,3683.0000,3682.8000,3682.0000,3685.8000,3686.0000,3686.2000,3686.4000,3686.6000,7,1,2,2,1,1,6,2,2,2
SF,IF2009,2020-04-09 09:33:13.900,3685.2000,17262,0,176917500.000,0,-,-,-,-,3684.8000,3683.4000,3683.0000,3682.8000,3682.0000,3686.0000,3686.2000,3686.4000,3686.6000,3687.6000,7,1,2,2,1,6,2,2,2,1
SF,IF2009,2020-04-09 09:33:16.400,3685.2000,17262,0,176917500.000,0,-,-,-,-,3684.8000,3683.4000,3683.0000,3682.8000,3682.0000,3685.8000,3686.0000,3686.2000,3686.4000,3686.6000,7,1,2,2,1,1,5,2,2,2
SF,IF2009,2020-04-09 09:33:16.900,3685.2000,17262,0,176917500.000,0,-,-,-,-,3684.8000,3683.4000,3683.0000,3682.8000,3682.0000,3685.8000,3686.0000,3686.2000,3686.4000,3686.6000,7,1,2,2,1,2,5,2,2,2
SF,IF2009,2020-04-09 09:33:17.900,3685.2000,17262,0,176917500.000,0,-,-,-,-,3684.8000,3683.4000,3683.0000,3682.8000,3682.0000,3685.8000,3686.0000,3686.2000,3686.4000,3686.6000,7,1,2,2,1,2,6,2,2,2
SF,IF2009,2020-04-09 09:33:18.400,3685.2000,17262,0,176917500.000,0,-,-,-,-,3684.8000,3683.4000,3683.0000,3682.8000,3682.0000,3685.8000,3686.0000,3686.2000,3686.4000,3686.6000,7,1,2,2,1,2,6,2,2,2
SF,IF2009,2020-04-09 09:33:22.400,3685.2000,17262,0,176917500.000,0,-,-,-,-,3684.8000,3683.4000,3683.0000,3682.8000,3682.0000,3685.8000,3686.0000,3686.2000,3686.4000,3686.6000,7,1,2,2,1,2,6,1,2,2
SF,IF2009,2020-04-09 09:33:27.400,3685.2000,17262,0,176917500.000,0,-,-,-,-,3685.0000,3684.8000,3683.4000,3683.0000,3682.8000,3685.8000,3686.0000,3686.2000,3686.4000,3686.6000,1,7,1,2,2,2,6,1,2,2
SF,IF2009,2020-04-09 09:33:27.900,3685.2000,17262,0,176917500.000,0,-,-,-,-,3684.8000,3683.4000,3683.0000,3682.8000,3682.0000,3685.8000,3686.0000,3686.2000,3686.4000,3686.6000,7,1,2,2,1,2,6,1,2,2
SF,IF2009,2020-04-09 09:33:28.900,3685.2000,17262,0,176917500.000,0,-,-,-,-,3684.8000,3683.4000,3683.0000,3682.8000,3682.0000,3685.8000,3686.0000,3686.2000,3686.4000,3686.6000,7,1,2,2,1,1,6,1,2,2
SF,IF2009,2020-04-09 09:33:30.400,3685.2000,17262,0,176917500.000,0,-,-,-,-,3685.0000,3684.8000,3683.4000,3683.0000,3682.8000,3685.6000,3685.8000,3686.0000,3686.2000,3686.4000,1,7,1,2,2,4,1,6,1,2
SF,IF2009,2020-04-09 09:33:30.900,3685.2000,17262,0,176917500.000,0,-,-,-,-,3685.0000,3684.8000,3683.4000,3683.0000,3682.8000,3685.6000,3685.8000,3686.0000,3686.2000,3686.4000,2,7,1,2,2,4,1,5,1,2
SF,IF2009,2020-04-09 09:33:31.400,3685.2000,17262,0,176917500.000,0,-,-,-,-,3685.0000,3684.8000,3683.4000,3683.0000,3682.8000,3685.6000,3685.8000,3686.0000,3686.2000,3686.4000,1,7,1,2,2,4,1,5,1,1
SF,IF2009,2020-04-09 09:33:32.900,3685.6000,17261,-1,178023180.000,1,0,1,双平,S,3685.0000,3684.8000,3683.4000,3683.0000,3682.8000,3685.6000,3685.8000,3686.0000,3686.2000,3686.4000,1,7,1,2,2,3,1,5,1,1
SF,IF2009,2020-04-09 09:33:33.400,3685.6000,17258,-3,181340220.000,3,0,3,双平,S,3685.2000,3685.0000,3684.8000,3683.4000,3683.0000,3685.8000,3686.0000,3686.2000,3686.4000,3686.6000,1,1,7,1,2,1,5,1,1,2
SF,IF2009,2020-04-09 09:33:33.900,3685.6000,17258,0,181340220.000,0,-,-,-,-,3685.2000,3685.0000,3684.8000,3683.4000,3683.0000,3685.8000,3686.0000,3686.2000,3686.4000,3686.6000,1,1,7,1,2,1,5,1,1,2
SF,IF2009,2020-04-09 09:33:34.900,3685.6000,17258,0,181340220.000,0,-,-,-,-,3685.2000,3685.0000,3684.8000,3683.4000,3683.0000,3685.8000,3686.0000,3686.2000,3686.4000,3686.6000,1,1,7,1,2,1,6,1,1,2
SF,IF2009,2020-04-09 09:33:35.400,3685.6000,17258,0,181340220.000,0,-,-,-,-,3685.2000,3685.0000,3684.8000,3683.4000,3683.0000,3685.8000,3686.0000,3686.2000,3686.4000,3686.6000,1,1,7,1,2,1,5,1,1,2
SF,IF2009,2020-04-09 09:33:35.900,3685.6000,17258,0,181340220.000,0,-,-,-,-,3685.0000,3684.8000,3683.4000,3683.0000,3682.8000,3685.8000,3686.0000,3686.2000,3686.4000,3686.6000,1,7,1,2,2,1,5,1,1,2
SF,IF2009,2020-04-09 09:33:36.900,3685.6000,17258,0,181340220.000,0,-,-,-,-,3685.0000,3684.8000,3683.4000,3683.0000,3682.8000,3685.8000,3686.0000,3686.2000,3686.4000,3686.6000,1,7,1,2,2,1,6,1,1,2
SF,IF2009,2020-04-09 09:33:37.400,3685.6000,17258,0,181340220.000,0,-,-,-,-,3685.0000,3684.8000,3683.4000,3683.0000,3682.8000,3685.8000,3686.0000,3686.2000,3686.4000,3686.6000,1,7,1,2,2,1,5,1,1,2
SF,IF2009,2020-04-09 09:33:37.900,3685.6000,17258,0,181340220.000,0,-,-,-,-,3685.0000,3684.8000,3683.4000,3683.0000,3682.8000,3685.8000,3686.0000,3686.2000,3686.4000,3686.6000,1,7,1,2,2,1,6,1,1,2
SF,IF2009,2020-04-09 09:33:38.400,3685.0000,17257,-1,182445720.000,1,0,1,双平,S,3684.8000,3683.4000,3683.0000,3682.8000,3682.0000,3685.8000,3686.0000,3686.2000,3686.4000,3686.6000,7,1,2,2,1,1,6,1,1,2
SF,IF2009,2020-04-09 09:33:38.900,3684.8000,17257,0,186867480.000,4,2,2,多换,S,3684.8000,3683.4000,3683.0000,3682.8000,3682.0000,3685.8000,3686.0000,3686.2000,3686.4000,3686.6000,3,1,2,2,1,1,6,1,1,2
SF,IF2009,2020-04-09 09:33:39.900,3684.8000,17257,0,189078360.000,2,1,1,多换,S,3684.8000,3683.4000,3683.0000,3682.8000,3682.0000,3685.6000,3685.8000,3686.0000,3686.2000,3686.4000,1,1,2,2,1,1,1,6,1,1
SF,IF2009,2020-04-09 09:33:41.400,3684.8000,17257,0,189078360.000,0,-,-,-,-,3684.8000,3683.4000,3683.0000,3682.8000,3682.0000,3685.8000,3686.0000,3686.2000,3686.4000,3686.6000,1,1,2,2,1,1,6,1,1,2
SF,IF2009,2020-04-09 09:33:41.900,3684.8000,17257,0,189078360.000,0,-,-,-,-,3684.8000,3683.4000,3683.0000,3682.8000,3682.0000,3685.6000,3685.8000,3686.0000,3686.2000,3686.4000,1,1,2,2,1,1,1,6,1,1
SF,IF2009,2020-04-09 09:33:44.400,3684.8000,17257,0,189078360.000,0,-,-,-,-,3684.8000,3683.4000,3683.0000,3682.8000,3682.0000,3685.6000,3685.8000,3686.0000,3686.2000,3686.4000,1,1,2,2,1,1,1,5,1,1
SF,IF2009,2020-04-09 09:33:45.400,3684.8000,17257,0,190183800.000,1,0,1,多换,S,3683.4000,3683.0000,3682.8000,3682.0000,3680.0000,3685.6000,3685.8000,3686.0000,3686.2000,3686.4000,1,2,2,1,11,1,1,5,1,1
SF,IF2009,2020-04-09 09:33:45.900,3684.8000,17257,0,190183800.000,0,-,-,-,-,3684.0000,3683.8000,3683.6000,3683.4000,3683.0000,3685.4000,3685.6000,3685.8000,3686.0000,3686.2000,1,2,1,1,2,1,1,1,5,1
SF,IF2009,2020-04-09 09:33:46.400,3684.8000,17257,0,190183800.000,0,-,-,-,-,3684.2000,3684.0000,3683.8000,3683.4000,3683.0000,3685.6000,3685.8000,3686.0000,3686.2000,3686.6000,2,1,2,1,2,1,1,5,1,2
SF,IF2009,2020-04-09 09:33:46.900,3684.8000,17257,0,190183800.000,0,-,-,-,-,3684.2000,3683.8000,3683.4000,3683.0000,3682.8000,3685.6000,3685.8000,3686.0000,3686.2000,3686.6000,2,1,1,2,2,1,1,5,1,2
SF,IF2009,2020-04-09 09:33:47.400,3684.8000,17257,0,190183800.000,0,-,-,-,-,3684.4000,3684.2000,3683.8000,3683.4000,3683.0000,3685.6000,3685.8000,3686.0000,3686.6000,3687.6000,1,2,1,1,2,1,1,5,2,1
SF,IF2009,2020-04-09 09:33:47.900,3684.8000,17257,0,190183800.000,0,-,-,-,-,3684.2000,3683.4000,3683.0000,3682.8000,3682.0000,3685.2000,3685.6000,3685.8000,3686.0000,3686.6000,1,1,2,2,1,1,1,1,5,2
SF,IF2009,2020-04-09 09:33:48.400,3684.8000,17257,0,190183800.000,0,-,-,-,-,3684.6000,3684.4000,3684.2000,3683.4000,3683.0000,3685.2000,3685.6000,3685.8000,3686.0000,3686.6000,1,1,1,1,2,1,1,1,5,2
SF,IF2009,2020-04-09 09:33:48.900,3684.8000,17257,0,190183800.000,0,-,-,-,-,3684.6000,3684.2000,3683.4000,3683.0000,3682.8000,3685.2000,3685.6000,3685.8000,3686.0000,3686.6000,1,1,1,2,2,1,1,1,5,2
SF,IF2009,2020-04-09 09:33:49.400,3684.8000,17257,0,190183800.000,0,-,-,-,-,3684.6000,3684.2000,3683.4000,3683.0000,3682.8000,3685.2000,3685.6000,3685.8000,3686.0000,3686.6000,1,1,1,2,2,1,1,1,5,2
SF,IF2009,2020-04-09 09:33:50.900,3684.8000,17257,0,190183800.000,0,-,-,-,-,3684.6000,3684.2000,3683.4000,3683.0000,3682.8000,3685.2000,3685.6000,3685.8000,3686.6000,3687.6000,1,1,1,2,2,1,1,1,2,1
SF,IF2009,2020-04-09 09:33:54.400,3684.8000,17257,0,190183800.000,0,-,-,-,-,3684.2000,3683.4000,3683.0000,3682.8000,3682.0000,3684.8000,3685.2000,3685.6000,3685.8000,3686.6000,1,1,2,2,1,1,1,1,1,2
SF,IF2009,2020-04-09 09:33:56.400,3684.8000,17257,0,190183800.000,0,-,-,-,-,3684.2000,3683.4000,3683.0000,3682.8000,3682.0000,3684.6000,3684.8000,3685.2000,3685.6000,3685.8000,1,1,2,2,1,1,1,1,1,1
SF,IF2009,2020-04-09 09:33:56.900,3684.8000,17257,0,190183800.000,0,-,-,-,-,3683.4000,3683.0000,3682.8000,3682.0000,3680.0000,3684.6000,3684.8000,3685.2000,3685.6000,3685.8000,1,2,2,1,11,1,1,1,1,1
SF,IF2009,2020-04-09 09:33:57.400,3684.8000,17257,0,190183800.000,0,-,-,-,-,3683.6000,3683.4000,3683.0000,3682.8000,3682.0000,3684.6000,3684.8000,3685.2000,3685.6000,3685.8000,5,1,2,2,1,1,1,1,1,1
SF,IF2009,2020-04-09 09:33:57.900,3684.8000,17257,0,190183800.000,0,-,-,-,-,3683.6000,3683.4000,3683.0000,3682.8000,3682.0000,3684.6000,3684.8000,3685.2000,3685.6000,3685.8000,5,1,2,2,1,1,1,1,1,1
SF,IF2009,2020-04-09 09:33:58.400,3684.8000,17255,-2,192394620.000,2,0,2,双平,S,3683.8000,3683.6000,3683.4000,3683.0000,3682.8000,3685.2000,3685.6000,3685.8000,3686.6000,3687.6000,1,4,1,2,2,1,1,1,2,1
SF,IF2009,2020-04-09 09:33:58.900,3684.8000,17255,0,192394620.000,0,-,-,-,-,3684.0000,3683.8000,3683.6000,3683.4000,3683.0000,3685.2000,3685.6000,3685.8000,3686.6000,3687.6000,1,1,2,1,2,1,1,1,2,1
SF,IF2009,2020-04-09 09:33:59.400,3684.8000,17255,0,192394620.000,0,-,-,-,-,3684.0000,3683.8000,3683.6000,3683.4000,3683.0000,3685.2000,3685.6000,3685.8000,3686.0000,3686.6000,1,1,2,1,2,1,1,1,2,2
SF,IF2009,2020-04-09 09:33:59.900,3684.8000,17255,0,192394620.000,0,-,-,-,-,3684.0000,3683.6000,3683.4000,3683.0000,3682.8000,3685.2000,3685.6000,3685.8000,3686.0000,3686.6000,1,2,1,2,2,1,1,1,2,2
SF,IF2009,2020-04-09 09:34:00.400,3684.8000,17255,0,192394620.000,0,-,-,-,-,3683.6000,3683.4000,3683.0000,3682.8000,3682.0000,3685.0000,3685.2000,3685.6000,3685.8000,3686.0000,2,1,2,2,1,3,1,1,1,2
SF,IF2009,2020-04-09 09:34:00.900,3684.8000,17255,0,192394620.000,0,-,-,-,-,3683.6000,3683.4000,3683.0000,3682.0000,3680.0000,3685.0000,3685.2000,3685.6000,3685.8000,3686.0000,1,1,2,1,11,3,1,1,1,2
SF,IF2009,2020-04-09 09:34:01.400,3684.8000,17255,0,192394620.000,0,-,-,-,-,3683.4000,3683.0000,3682.0000,3680.0000,3678.2000,3685.0000,3685.2000,3685.6000,3685.8000,3686.0000,1,2,1,11,2,2,1,1,1,2
SF,IF2009,2020-04-09 09:34:01.900,3684.8000,17255,0,192394620.000,0,-,-,-,-,3683.4000,3683.0000,3682.0000,3680.0000,3678.2000,3684.6000,3685.0000,3685.2000,3685.6000,3685.8000,1,2,1,11,2,1,2,1,1,1
SF,IF2009,2020-04-09 09:34:02.400,3684.8000,17255,0,192394620.000,0,-,-,-,-,3683.4000,3683.0000,3682.0000,3680.0000,3678.2000,3684.4000,3685.2000,3685.6000,3686.0000,3686.6000,1,2,1,6,2,3,1,1,2,2
SF,IF2009,2020-04-09 09:34:02.900,3684.8000,17255,0,192394620.000,0,-,-,-,-,3683.4000,3683.0000,3682.0000,3680.0000,3678.2000,3684.2000,3684.4000,3685.2000,3685.6000,3686.0000,1,2,1,6,2,1,2,1,1,2
SF,IF2009,2020-04-09 09:34:03.400,3683.4000,17255,0,193499640.000,1,0,1,多换,S,3683.0000,3682.0000,3680.0000,3678.2000,3678.0000,3684.0000,3684.4000,3685.2000,3685.6000,3686.0000,2,1,6,2,3,2,1,1,1,2
SF,IF2009,2020-04-09 09:34:03.900,3683.8000,17255,0,194604780.000,1,0,1,多换,S,3683.4000,3683.0000,3682.0000,3680.0000,3678.2000,3684.0000,3684.4000,3685.2000,3685.6000,3686.0000,1,2,1,6,2,2,1,1,1,2
SF,IF2009,2020-04-09 09:34:04.400,3683.4000,17254,-1,195709800.000,1,0,1,双平,S,3683.0000,3682.0000,3681.4000,3680.0000,3678.2000,3684.0000,3684.4000,3685.2000,3685.6000,3686.0000,2,1,1,6,2,2,1,1,1,2
SF,IF2009,2020-04-09 09:34:04.900,3683.4000,17254,0,195709800.000,0,-,-,-,-,3683.0000,3682.0000,3681.4000,3680.0000,3678.2000,3683.8000,3684.0000,3685.2000,3686.0000,3686.6000,2,1,1,6,2,2,2,1,2,2
SF,IF2009,2020-04-09 09:34:05.400,3683.4000,17254,0,195709800.000,0,-,-,-,-,3683.0000,3682.0000,3681.4000,3680.0000,3678.2000,3683.8000,3684.0000,3685.2000,3686.0000,3686.6000,2,1,1,6,2,2,1,1,2,2
SF,IF2009,2020-04-09 09:34:05.900,3683.0000,17254,0,197919600.000,2,1,1,多换,S,3682.0000,3681.4000,3680.0000,3678.2000,3678.0000,3683.6000,3683.8000,3684.0000,3685.2000,3686.0000,1,1,6,2,3,1,2,1,1,2
SF,IF2009,2020-04-09 09:34:06.400,3683.0000,17254,0,197919600.000,0,-,-,-,-,3682.2000,3682.0000,3681.4000,3680.0000,3678.2000,3683.4000,3683.8000,3684.0000,3685.2000,3686.0000,1,1,1,6,2,1,2,1,1,2
SF,IF2009,2020-04-09 09:34:06.900,3683.0000,17254,0,197919600.000,0,-,-,-,-,3682.2000,3682.0000,3681.4000,3680.0000,3678.2000,3683.2000,3683.8000,3684.0000,3685.2000,3686.0000,2,1,1,6,2,1,2,1,1,2
SF,IF2009,2020-04-09 09:34:07.400,3683.0000,17254,0,197919600.000,0,-,-,-,-,3682.2000,3682.0000,3681.4000,3680.0000,3678.2000,3683.8000,3684.0000,3685.2000,3686.0000,3686.6000,1,1,1,6,2,2,1,1,2,2
SF,IF2009,2020-04-09 09:34:07.900,3683.0000,17254,0,197919600.000,0,-,-,-,-,3682.4000,3682.2000,3682.0000,3681.4000,3680.0000,3683.6000,3683.8000,3684.0000,3685.2000,3686.0000,1,1,1,1,6,1,2,1,1,2
SF,IF2009,2020-04-09 09:34:08.400,3683.0000,17254,0,197919600.000,0,-,-,-,-,3682.2000,3682.0000,3681.4000,3680.0000,3678.2000,3683.4000,3683.8000,3684.0000,3685.2000,3686.0000,1,1,1,6,2,1,2,1,1,2
SF,IF2009,2020-04-09 09:34:08.900,3683.0000,17254,0,197919600.000,0,-,-,-,-,3682.2000,3682.0000,3681.4000,3680.0000,3678.2000,3683.8000,3684.0000,3685.2000,3686.0000,3686.6000,1,1,1,6,2,2,1,1,2,2
SF,IF2009,2020-04-09 09:34:09.400,3683.0000,17254,0,197919600.000,0,-,-,-,-,3682.2000,3682.0000,3681.4000,3680.0000,3678.2000,3683.6000,3683.8000,3684.0000,3685.2000,3686.0000,1,1,1,6,2,1,2,1,1,2
SF,IF2009,2020-04-09 09:34:09.900,3682.2000,17254,0,199024260.000,1,0,1,多换,S,3682.0000,3681.4000,3680.0000,3678.2000,3678.0000,3683.8000,3684.0000,3685.2000,3686.0000,3686.6000,1,1,6,2,3,2,1,1,2,2
SF,IF2009,2020-04-09 09:34:10.400,3682.2000,17254,0,199024260.000,0,-,-,-,-,3682.0000,3681.4000,3680.0000,3678.2000,3678.0000,3683.6000,3683.8000,3684.0000,3685.2000,3686.0000,1,1,6,2,3,1,2,1,1,2
SF,IF2009,2020-04-09 09:34:10.900,3682.2000,17254,0,199024260.000,0,-,-,-,-,3682.0000,3681.4000,3680.0000,3678.2000,3678.0000,3682.8000,3683.4000,3683.8000,3684.0000,3685.2000,1,1,6,2,3,1,2,1,1,1
SF,IF2009,2020-04-09 09:34:11.400,3682.0000,17253,-1,200128860.000,1,0,1,双平,S,3681.4000,3680.0000,3678.2000,3678.0000,3675.2000,3682.0000,3682.6000,3682.8000,3683.4000,3683.6000,1,6,2,3,1,1,1,1,1,1
SF,IF2009,2020-04-09 09:34:11.900,3682.0000,17253,0,200128860.000,0,-,-,-,-,3681.4000,3680.0000,3678.2000,3678.0000,3675.2000,3682.0000,3682.8000,3683.4000,3683.6000,3683.8000,1,6,2,3,1,1,1,1,1,1
SF,IF2009,2020-04-09 09:34:12.400,3682.0000,17252,-1,201233460.000,1,0,1,双平,S,3681.4000,3680.0000,3678.2000,3678.0000,3675.2000,3682.8000,3683.4000,3683.6000,3683.8000,3684.0000,1,6,2,3,1,1,1,1,1,1
SF,IF2009,2020-04-09 09:34:12.900,3682.0000,17252,0,201233460.000,0,-,-,-,-,3681.4000,3680.0000,3678.2000,3678.0000,3675.2000,3682.6000,3682.8000,3683.6000,3683.8000,3684.0000,1,6,2,3,1,2,1,1,1,1
SF,IF2009,2020-04-09 09:34:13.400,3682.0000,17252,0,201233460.000,0,-,-,-,-,3681.6000,3681.4000,3680.0000,3678.2000,3678.0000,3683.8000,3684.0000,3685.2000,3686.0000,3686.6000,4,1,6,2,3,1,1,1,2,2
SF,IF2009,2020-04-09 09:34:13.900,3681.6000,17252,0,202337940.000,1,0,1,多换,S,3681.6000,3681.4000,3680.0000,3678.2000,3678.0000,3682.8000,3683.6000,3683.8000,3684.0000,3685.2000,1,1,6,2,3,1,2,1,1,1
SF,IF2009,2020-04-09 09:34:14.400,3681.6000,17252,0,202337940.000,0,-,-,-,-,3681.4000,3680.0000,3678.2000,3678.0000,3675.2000,3682.2000,3682.6000,3682.8000,3683.6000,3683.8000,1,6,2,3,1,1,2,1,1,1
SF,IF2009,2020-04-09 09:34:14.900,3681.6000,17252,0,202337940.000,0,-,-,-,-,3681.4000,3680.0000,3678.2000,3678.0000,3675.2000,3682.8000,3683.6000,3683.8000,3684.0000,3685.2000,1,6,2,3,1,1,1,1,1,1
SF,IF2009,2020-04-09 09:34:15.400,3681.6000,17252,0,202337940.000,0,-,-,-,-,3681.6000,3681.4000,3680.0000,3678.2000,3678.0000,3682.8000,3683.6000,3683.8000,3684.0000,3685.2000,1,1,6,2,3,1,1,1,1,1
SF,IF2009,2020-04-09 09:34:15.900,3681.6000,17252,0,202337940.000,0,-,-,-,-,3681.8000,3681.6000,3681.4000,3680.0000,3678.2000,3682.8000,3683.6000,3683.8000,3684.0000,3685.2000,1,1,1,6,2,1,1,1,1,1
SF,IF2009,2020-04-09 09:34:16.900,3681.6000,17252,0,202337940.000,0,-,-,-,-,3681.8000,3681.6000,3681.4000,3680.0000,3678.2000,3682.8000,3683.8000,3684.0000,3685.2000,3686.0000,1,1,1,6,2,1,1,1,1,2
SF,IF2009,2020-04-09 09:34:17.400,3681.6000,17252,0,202337940.000,0,-,-,-,-,3681.8000,3681.6000,3681.4000,3680.0000,3678.2000,3683.8000,3684.0000,3685.2000,3686.0000,3686.6000,1,1,1,6,2,1,1,1,2,2
SF,IF2009,2020-04-09 09:34:17.900,3681.6000,17252,0,202337940.000,0,-,-,-,-,3682.0000,3681.4000,3680.0000,3678.2000,3678.0000,3683.6000,3683.8000,3684.0000,3685.2000,3686.0000,1,1,6,2,4,2,1,1,1,2
SF,IF2009,2020-04-09 09:34:18.400,3681.6000,17252,0,202337940.000,0,-,-,-,-,3682.0000,3681.4000,3680.0000,3678.2000,3678.0000,3683.6000,3683.8000,3684.0000,3685.2000,3686.0000,1,1,6,2,4,2,1,1,1,2
SF,IF2009,2020-04-09 09:34:18.900,3681.6000,17252,0,202337940.000,0,-,-,-,-,3681.4000,3680.0000,3678.2000,3678.0000,3675.2000,3682.8000,3683.6000,3683.8000,3684.0000,3685.2000,1,6,2,4,1,1,2,1,1,1
SF,IF2009,2020-04-09 09:34:19.400,3681.6000,17252,0,202337940.000,0,-,-,-,-,3681.8000,3681.6000,3681.4000,3680.0000,3678.2000,3683.6000,3683.8000,3684.0000,3685.2000,3686.0000,1,2,1,6,2,1,1,1,1,2
SF,IF2009,2020-04-09 09:34:19.900,3681.6000,17252,0,202337940.000,0,-,-,-,-,3681.8000,3681.6000,3681.4000,3680.0000,3678.2000,3683.4000,3683.6000,3683.8000,3684.0000,3685.2000,1,1,1,6,2,1,1,1,1,1
SF,IF2009,2020-04-09 09:34:20.400,3681.6000,17252,0,202337940.000,0,-,-,-,-,3681.6000,3680.0000,3678.2000,3678.0000,3675.2000,3682.0000,3683.2000,3683.8000,3684.0000,3685.2000,1,6,2,4,1,2,2,1,1,1
SF,IF2009,2020-04-09 09:34:20.900,3681.6000,17252,0,202337940.000,0,-,-,-,-,3681.6000,3680.0000,3678.2000,3678.0000,3675.2000,3682.0000,3683.2000,3683.8000,3684.0000,3685.2000,1,6,2,4,1,2,1,1,1,1
SF,IF2009,2020-04-09 09:34:21.400,3681.6000,17252,0,202337940.000,0,-,-,-,-,3681.6000,3680.0000,3678.2000,3678.0000,3675.2000,3682.0000,3683.2000,3683.8000,3684.0000,3685.2000,1,6,2,4,1,2,1,1,1,1
SF,IF2009,2020-04-09 09:34:21.900,3681.6000,17251,-1,203442420.000,1,0,1,双平,S,3680.0000,3678.2000,3678.0000,3675.2000,3675.0000,3682.0000,3683.2000,3683.8000,3684.0000,3685.2000,6,2,4,1,16,2,1,1,1,1
SF,IF2009,2020-04-09 09:34:22.400,3681.6000,17251,0,203442420.000,0,-,-,-,-,3680.8000,3680.6000,3680.2000,3680.0000,3678.2000,3682.0000,3683.2000,3683.8000,3684.0000,3685.2000,1,1,4,6,2,2,1,1,1,1
SF,IF2009,2020-04-09 09:34:22.900,3681.6000,17251,0,203442420.000,0,-,-,-,-,3681.0000,3680.8000,3680.6000,3680.0000,3678.2000,3682.0000,3683.2000,3683.8000,3684.0000,3685.2000,4,1,1,6,2,2,1,1,1,1
SF,IF2009,2020-04-09 09:34:23.400,3682.0000,17249,-2,205651620.000,2,0,2,双平,S,3681.2000,3681.0000,3680.0000,3678.2000,3678.0000,3683.2000,3683.8000,3684.0000,3685.2000,3686.0000,2,2,6,2,4,1,1,1,1,2
SF,IF2009,2020-04-09 09:34:23.900,3682.0000,17249,0,205651620.000,0,-,-,-,-,3681.8000,3681.6000,3681.4000,3680.0000,3678.2000,3683.2000,3683.8000,3684.0000,3685.2000,3686.0000,1,1,4,6,2,1,1,1,1,2
SF,IF2009,2020-04-09 09:34:24.400,3682.0000,17249,0,205651620.000,0,-,-,-,-,3682.2000,3682.0000,3681.8000,3681.6000,3680.2000,3683.8000,3684.0000,3685.2000,3686.0000,3686.6000,2,2,1,1,1,1,1,1,2,2
SF,IF2009,2020-04-09 09:34:24.900,3682.0000,17249,0,205651620.000,0,-,-,-,-,3682.4000,3681.8000,3681.6000,3680.2000,3680.0000,3683.8000,3684.0000,3685.2000,3686.0000,3686.6000,4,1,2,1,6,1,1,1,2,2
SF,IF2009,2020-04-09 09:34:25.400,3682.0000,17249,0,205651620.000,0,-,-,-,-,3682.8000,3682.4000,3680.2000,3680.0000,3678.2000,3683.8000,3685.2000,3686.0000,3686.6000,3687.0000,1,4,1,6,2,1,1,2,2,1
SF,IF2009,2020-04-09 09:34:25.900,3682.0000,17249,0,205651620.000,0,-,-,-,-,3680.2000,3680.0000,3678.2000,3678.0000,3675.2000,3683.6000,3683.8000,3685.2000,3686.0000,3686.6000,1,6,2,4,1,2,1,1,2,2
SF,IF2009,2020-04-09 09:34:26.400,3682.0000,17249,0,205651620.000,0,-,-,-,-,3681.8000,3681.6000,3680.8000,3680.4000,3680.2000,3683.4000,3683.6000,3683.8000,3685.2000,3686.0000,1,1,1,1,1,1,1,1,1,2
SF,IF2009,2020-04-09 09:34:26.900,3681.8000,17250,1,207860760.000,2,1,1,空开,S,3681.6000,3680.8000,3680.4000,3680.2000,3680.0000,3683.0000,3683.2000,3683.8000,3685.2000,3686.0000,1,1,1,1,6,1,2,1,1,2
SF,IF2009,2020-04-09 09:34:27.400,3681.8000,17250,0,207860760.000,0,-,-,-,-,3681.6000,3680.8000,3680.4000,3680.2000,3680.0000,3683.0000,3683.2000,3683.8000,3685.2000,3686.0000,1,1,1,1,6,1,1,1,1,2
SF,IF2009,2020-04-09 09:34:27.900,3681.8000,17250,0,207860760.000,0,-,-,-,-,3681.8000,3681.6000,3680.8000,3680.2000,3680.0000,3683.0000,3683.2000,3683.8000,3685.2000,3686.0000,1,1,1,1,6,1,1,1,1,2
SF,IF2009,2020-04-09 09:34:28.400,3681.6000,17248,-2,210069780.000,2,0,2,双平,S,3680.8000,3680.2000,3680.0000,3678.2000,3678.0000,3683.0000,3683.2000,3683.8000,3685.2000,3686.0000,1,1,6,2,4,1,1,1,1,2
SF,IF2009,2020-04-09 09:34:28.900,3681.6000,17248,0,210069780.000,0,-,-,-,-,3681.4000,3681.2000,3681.0000,3680.8000,3680.2000,3683.0000,3683.2000,3683.8000,3685.2000,3686.0000,1,3,1,1,1,1,1,1,1,2
SF,IF2009,2020-04-09 09:34:29.400,3681.6000,17248,0,210069780.000,0,-,-,-,-,3681.6000,3681.4000,3681.2000,3680.8000,3680.2000,3683.0000,3683.2000,3683.8000,3685.2000,3686.0000,1,1,3,1,1,1,1,1,1,2
SF,IF2009,2020-04-09 09:34:30.400,3681.6000,17248,0,210069780.000,0,-,-,-,-,3681.6000,3681.4000,3681.2000,3680.8000,3680.2000,3683.0000,3683.2000,3683.8000,3685.2000,3686.0000,1,1,3,1,1,1,1,1,1,2
SF,IF2009,2020-04-09 09:34:30.900,3681.6000,17248,0,210069780.000,0,-,-,-,-,3681.6000,3681.4000,3681.2000,3680.8000,3680.2000,3682.8000,3683.0000,3683.2000,3683.8000,3685.2000,1,1,3,1,1,1,1,1,1,1
SF,IF2009,2020-04-09 09:34:31.400,3681.6000,17248,0,210069780.000,0,-,-,-,-,3681.8000,3681.6000,3681.4000,3681.2000,3680.8000,3683.0000,3683.2000,3683.8000,3685.2000,3686.0000,2,1,1,1,1,1,1,1,1,2
SF,IF2009,2020-04-09 09:34:31.900,3681.6000,17248,0,210069780.000,0,-,-,-,-,3681.4000,3681.2000,3680.2000,3680.0000,3678.2000,3682.8000,3683.0000,3683.8000,3685.2000,3686.0000,1,1,1,5,2,2,1,1,1,2
SF,IF2009,2020-04-09 09:34:32.400,3681.6000,17248,0,210069780.000,0,-,-,-,-,3681.4000,3680.2000,3680.0000,3678.2000,3678.0000,3682.8000,3683.0000,3683.8000,3685.2000,3686.0000,1,1,5,2,4,2,1,1,1,2
SF,IF2009,2020-04-09 09:34:32.900,3681.6000,17248,0,210069780.000,0,-,-,-,-,3681.4000,3680.2000,3680.0000,3678.2000,3678.0000,3682.8000,3683.0000,3683.8000,3685.2000,3686.0000,1,1,5,2,4,2,1,1,1,2
SF,IF2009,2020-04-09 09:34:33.400,3681.6000,17248,0,210069780.000,0,-,-,-,-,3681.6000,3681.4000,3680.2000,3680.0000,3678.2000,3682.8000,3683.0000,3683.8000,3685.2000,3686.0000,1,1,1,5,2,1,1,1,1,2
SF,IF2009,2020-04-09 09:34:33.900,3681.6000,17245,-3,213383220.000,3,0,3,双平,S,3680.2000,3680.0000,3678.2000,3678.0000,3675.2000,3681.4000,3683.0000,3683.8000,3685.2000,3686.0000,1,5,2,4,1,1,1,1,1,2
SF,IF2009,2020-04-09 09:34:34.400,3681.6000,17244,-1,214487700.000,1,0,1,双平,S,3681.6000,3681.4000,3680.8000,3680.4000,3680.2000,3682.0000,3682.8000,3683.0000,3685.2000,3686.0000,1,1,1,1,1,1,1,1,1,2
SF,IF2009,2020-04-09 09:34:34.900,3682.0000,17243,-1,215592300.000,1,0,1,双平,S,3681.6000,3681.4000,3680.8000,3680.2000,3680.0000,3682.8000,3683.0000,3685.2000,3686.0000,3686.6000,1,1,1,1,5,1,1,1,2,2
SF,IF2009,2020-04-09 09:34:35.400,3682.0000,17243,0,215592300.000,0,-,-,-,-,3681.6000,3681.4000,3680.8000,3680.6000,3680.2000,3682.0000,3682.8000,3683.0000,3685.2000,3686.0000,1,1,1,1,1,1,1,1,1,2
SF,IF2009,2020-04-09 09:34:35.900,3682.0000,17242,-1,216696900.000,1,0,1,双平,S,3681.6000,3681.4000,3680.8000,3680.6000,3680.2000,3682.6000,3682.8000,3683.0000,3685.2000,3686.0000,1,1,1,1,1,2,1,1,1,2
SF,IF2009,2020-04-09 09:34:36.400,3682.0000,17242,0,216696900.000,0,-,-,-,-,3681.6000,3681.4000,3680.8000,3680.2000,3680.0000,3682.4000,3682.6000,3682.8000,3683.0000,3685.2000,1,1,1,1,5,2,2,1,1,1
SF,IF2009,2020-04-09 09:34:36.900,3682.0000,17242,0,216696900.000,0,-,-,-,-,3681.6000,3681.4000,3680.8000,3680.2000,3680.0000,3682.4000,3682.6000,3683.0000,3685.2000,3686.0000,1,1,1,1,5,2,2,1,1,2
SF,IF2009,2020-04-09 09:34:37.400,3682.0000,17242,0,216696900.000,0,-,-,-,-,3681.6000,3681.4000,3680.8000,3680.2000,3680.0000,3682.4000,3683.0000,3685.2000,3686.0000,3686.6000,1,1,1,1,5,3,1,1,2,2
SF,IF2009,2020-04-09 09:34:37.900,3682.0000,17242,0,216696900.000,0,-,-,-,-,3681.6000,3681.4000,3680.8000,3680.2000,3680.0000,3682.4000,3683.0000,3685.2000,3686.0000,3686.6000,1,1,1,1,5,3,1,1,2,2
SF,IF2009,2020-04-09 09:34:38.400,3682.0000,17242,0,216696900.000,0,-,-,-,-,3682.0000,3681.6000,3681.4000,3680.8000,3680.2000,3682.4000,3683.0000,3685.2000,3686.0000,3686.6000,1,1,1,1,1,3,1,1,2,2
SF,IF2009,2020-04-09 09:34:39.400,3682.0000,17242,0,216696900.000,0,-,-,-,-,3682.0000,3681.6000,3681.4000,3680.8000,3680.2000,3682.4000,3683.0000,3685.2000,3686.0000,3686.6000,1,1,1,1,1,2,1,1,2,2
SF,IF2009,2020-04-09 09:34:39.900,3682.0000,17242,0,216696900.000,0,-,-,-,-,3682.0000,3681.6000,3681.4000,3680.2000,3680.0000,3682.2000,3682.4000,3683.0000,3685.2000,3686.0000,1,1,1,1,5,1,2,1,1,2
SF,IF2009,2020-04-09 09:34:40.400,3682.0000,17241,-1,217801500.000,1,0,1,双平,S,3681.6000,3681.4000,3680.2000,3680.0000,3678.4000,3682.4000,3683.0000,3685.2000,3686.0000,3686.6000,1,1,1,5,1,2,1,1,2,2
SF,IF2009,2020-04-09 09:34:40.900,3682.0000,17241,0,217801500.000,0,-,-,-,-,3681.6000,3681.4000,3680.2000,3680.0000,3678.4000,3682.4000,3683.0000,3685.2000,3686.0000,3686.6000,1,1,1,5,1,1,1,1,2,2
SF,IF2009,2020-04-09 09:34:41.400,3682.0000,17241,0,217801500.000,0,-,-,-,-,3681.6000,3681.4000,3680.2000,3680.0000,3678.4000,3682.0000,3682.2000,3682.4000,3683.0000,3685.2000,1,1,1,5,1,1,1,1,1,1
SF,IF2009,2020-04-09 09:34:41.900,3682.0000,17241,0,217801500.000,0,-,-,-,-,3681.6000,3681.4000,3680.2000,3680.0000,3678.4000,3682.0000,3682.4000,3683.0000,3685.2000,3686.0000,1,1,1,5,1,1,1,1,1,2
SF,IF2009,2020-04-09 09:34:42.400,3682.0000,17241,0,217801500.000,0,-,-,-,-,3681.6000,3681.4000,3680.2000,3680.0000,3678.4000,3682.0000,3682.4000,3683.0000,3685.2000,3686.0000,1,1,1,5,1,2,1,1,1,2
SF,IF2009,2020-04-09 09:34:42.900,3682.0000,17241,0,217801500.000,0,-,-,-,-,3681.6000,3681.4000,3680.2000,3680.0000,3678.4000,3681.8000,3682.0000,3682.4000,3683.0000,3685.2000,1,1,1,5,1,1,2,1,1,1
SF,IF2009,2020-04-09 09:34:43.400,3681.6000,17241,0,218905980.000,1,0,1,多换,S,3681.4000,3680.2000,3680.0000,3678.4000,3678.2000,3682.0000,3682.2000,3682.4000,3683.0000,3685.2000,1,1,6,1,2,2,1,1,1,1
SF,IF2009,2020-04-09 09:34:43.900,3681.4000,17240,-1,220010400.000,1,0,1,双平,S,3680.2000,3680.0000,3678.4000,3678.2000,3678.0000,3681.8000,3682.0000,3682.4000,3683.0000,3685.2000,1,6,1,2,2,1,2,1,1,1
SF,IF2009,2020-04-09 09:34:44.400,3681.4000,17240,0,220010400.000,0,-,-,-,-,3680.2000,3680.0000,3678.2000,3678.0000,3676.0000,3681.6000,3682.0000,3682.2000,3682.4000,3683.0000,1,6,2,2,1,1,2,1,1,1
SF,IF2009,2020-04-09 09:34:44.900,3681.4000,17240,0,220010400.000,0,-,-,-,-,3680.2000,3680.0000,3678.2000,3678.0000,3676.0000,3681.4000,3682.0000,3682.2000,3682.4000,3683.0000,1,6,2,2,1,1,2,1,1,1
SF,IF2009,2020-04-09 09:34:45.400,3681.4000,17240,0,220010400.000,0,-,-,-,-,3680.2000,3680.0000,3678.2000,3678.0000,3676.0000,3682.0000,3682.2000,3682.4000,3683.0000,3685.2000,1,6,2,2,1,2,1,1,1,1
SF,IF2009,2020-04-09 09:34:45.900,3681.4000,17240,0,220010400.000,0,-,-,-,-,3680.0000,3678.2000,3678.0000,3676.0000,3675.2000,3681.8000,3682.0000,3682.2000,3683.0000,3685.2000,6,2,2,1,1,2,2,1,1,1
SF,IF2009,2020-04-09 09:34:46.400,3681.4000,17240,0,220010400.000,0,-,-,-,-,3680.0000,3678.2000,3678.0000,3676.0000,3675.2000,3681.6000,3681.8000,3682.0000,3682.2000,3683.0000,6,2,2,1,1,1,2,2,1,1
SF,IF2009,2020-04-09 09:34:46.900,3681.4000,17240,0,220010400.000,0,-,-,-,-,3680.0000,3678.2000,3678.0000,3676.0000,3675.2000,3681.4000,3681.8000,3682.0000,3682.2000,3683.0000,6,2,2,1,1,1,1,2,1,1
SF,IF2009,2020-04-09 09:34:47.400,3681.4000,17240,0,220010400.000,0,-,-,-,-,3680.0000,3678.2000,3678.0000,3676.0000,3675.2000,3681.8000,3682.0000,3682.2000,3683.0000,3685.2000,6,2,2,1,1,1,2,1,1,1
SF,IF2009,2020-04-09 09:34:47.900,3681.4000,17240,0,220010400.000,0,-,-,-,-,3680.0000,3678.2000,3678.0000,3676.0000,3675.2000,3681.6000,3681.8000,3682.0000,3682.2000,3683.0000,6,2,2,1,1,1,1,2,1,1
SF,IF2009,2020-04-09 09:34:48.400,3681.4000,17240,0,220010400.000,0,-,-,-,-,3680.2000,3680.0000,3678.2000,3678.0000,3676.0000,3681.4000,3682.0000,3682.2000,3683.0000,3685.2000,1,6,2,2,1,2,2,1,1,1
SF,IF2009,2020-04-09 09:34:48.900,3681.4000,17240,0,220010400.000,0,-,-,-,-,3680.4000,3680.2000,3680.0000,3678.2000,3678.0000,3681.4000,3682.0000,3682.2000,3683.0000,3685.2000,1,1,6,2,2,2,2,1,1,1
SF,IF2009,2020-04-09 09:34:49.400,3681.4000,17240,0,220010400.000,0,-,-,-,-,3680.4000,3680.2000,3680.0000,3678.2000,3678.0000,3681.4000,3682.0000,3682.2000,3683.0000,3685.2000,1,1,6,2,2,2,2,1,1,1
SF,IF2009,2020-04-09 09:34:50.400,3681.4000,17240,0,220010400.000,0,-,-,-,-,3680.4000,3680.2000,3680.0000,3678.2000,3678.0000,3681.2000,3681.4000,3682.0000,3682.2000,3683.0000,1,1,6,2,2,1,2,2,1,1
SF,IF2009,2020-04-09 09:34:50.900,3681.4000,17240,0,220010400.000,0,-,-,-,-,3680.0000,3678.2000,3678.0000,3675.2000,3675.0000,3682.0000,3682.2000,3683.0000,3685.2000,3686.0000,6,2,2,1,16,2,1,1,1,2
SF,IF2009,2020-04-09 09:34:51.400,3681.4000,17240,0,220010400.000,0,-,-,-,-,3680.0000,3678.2000,3678.0000,3675.2000,3675.0000,3681.8000,3682.0000,3682.2000,3683.0000,3685.2000,6,2,2,1,16,2,2,1,1,1
SF,IF2009,2020-04-09 09:34:51.900,3681.4000,17240,0,220010400.000,0,-,-,-,-,3680.4000,3680.0000,3678.2000,3678.0000,3675.2000,3681.8000,3682.0000,3682.2000,3683.0000,3685.2000,1,6,2,2,1,2,2,1,1,1
SF,IF2009,2020-04-09 09:34:52.400,3681.4000,17240,0,220010400.000,0,-,-,-,-,3680.4000,3680.0000,3678.2000,3678.0000,3675.2000,3681.4000,3681.8000,3682.0000,3682.2000,3683.0000,1,6,2,2,1,1,2,2,1,1
SF,IF2009,2020-04-09 09:34:52.900,3681.4000,17240,0,220010400.000,0,-,-,-,-,3680.0000,3678.2000,3678.0000,3675.2000,3675.0000,3681.2000,3681.4000,3681.8000,3682.0000,3682.2000,6,2,2,1,16,1,2,1,2,1
SF,IF2009,2020-04-09 09:34:53.400,3681.4000,17240,0,220010400.000,0,-,-,-,-,3680.0000,3678.2000,3678.0000,3675.2000,3675.0000,3681.8000,3682.0000,3682.2000,3683.0000,3685.2000,6,2,2,1,16,1,2,1,1,1
SF,IF2009,2020-04-09 09:34:53.900,3681.4000,17240,0,220010400.000,0,-,-,-,-,3680.0000,3678.2000,3678.0000,3675.2000,3675.0000,3681.6000,3681.8000,3682.0000,3682.2000,3683.0000,6,2,2,1,16,1,1,2,1,1
SF,IF2009,2020-04-09 09:34:54.400,3681.4000,17240,0,220010400.000,0,-,-,-,-,3680.4000,3680.0000,3678.2000,3678.0000,3675.2000,3681.4000,3681.8000,3682.0000,3682.2000,3683.0000,1,6,2,2,1,1,1,2,1,1
SF,IF2009,2020-04-09 09:34:54.900,3681.4000,17240,0,220010400.000,0,-,-,-,-,3680.4000,3680.0000,3678.2000,3678.0000,3675.2000,3681.8000,3682.0000,3682.2000,3683.0000,3685.2000,1,6,2,2,1,1,2,1,1,1
SF,IF2009,2020-04-09 09:34:55.400,3681.4000,17240,0,220010400.000,0,-,-,-,-,3680.4000,3680.0000,3678.2000,3678.0000,3675.2000,3681.6000,3681.8000,3682.0000,3682.2000,3683.0000,1,6,2,2,1,1,2,2,1,1
SF,IF2009,2020-04-09 09:34:55.900,3681.4000,17240,0,220010400.000,0,-,-,-,-,3680.4000,3680.0000,3678.2000,3678.0000,3675.2000,3681.4000,3681.8000,3682.0000,3682.2000,3683.0000,1,6,2,2,1,1,2,2,1,1
SF,IF2009,2020-04-09 09:34:56.400,3681.4000,17240,0,220010400.000,0,-,-,-,-,3680.4000,3680.0000,3678.2000,3678.0000,3675.2000,3681.4000,3681.8000,3682.0000,3682.2000,3685.2000,1,6,2,2,1,2,2,1,1,1
SF,IF2009,2020-04-09 09:34:56.900,3681.4000,17240,0,220010400.000,0,-,-,-,-,3680.0000,3678.2000,3678.0000,3675.2000,3675.0000,3681.4000,3681.8000,3682.0000,3682.2000,3685.2000,6,2,2,1,16,2,2,1,1,1
SF,IF2009,2020-04-09 09:34:57.400,3681.4000,17240,0,220010400.000,0,-,-,-,-,3680.0000,3678.2000,3678.0000,3675.2000,3675.0000,3681.4000,3681.8000,3682.0000,3682.2000,3685.2000,6,2,2,1,16,1,2,1,1,1
SF,IF2009,2020-04-09 09:34:58.900,3681.4000,17240,0,220010400.000,0,-,-,-,-,3680.0000,3678.2000,3678.0000,3675.2000,3675.0000,3681.4000,3681.8000,3682.0000,3685.2000,3686.0000,6,2,2,1,16,1,2,1,1,2
SF,IF2009,2020-04-09 09:34:59.400,3681.4000,17240,0,220010400.000,0,-,-,-,-,3680.4000,3680.2000,3680.0000,3678.2000,3678.0000,3681.2000,3681.4000,3681.8000,3682.0000,3685.2000,1,1,6,2,2,1,1,2,1,1
SF,IF2009,2020-04-09 09:34:59.900,3681.4000,17240,0,220010400.000,0,-,-,-,-,3680.2000,3680.0000,3678.2000,3678.0000,3675.2000,3681.4000,3681.8000,3682.0000,3685.2000,3686.0000,1,6,2,2,1,1,2,1,1,2
SF,IF2009,2020-04-09 09:35:01.400,3681.4000,17240,0,220010400.000,0,-,-,-,-,3680.8000,3680.2000,3680.0000,3678.2000,3678.0000,3681.4000,3681.8000,3682.0000,3685.2000,3686.0000,1,1,6,2,2,1,2,1,1,2
SF,IF2009,2020-04-09 09:35:01.900,3681.4000,17239,-1,222219240.000,2,0,2,多平,S,3680.8000,3680.2000,3680.0000,3678.2000,3678.0000,3681.0000,3681.8000,3682.0000,3685.2000,3686.0000,1,1,7,2,2,1,2,1,1,2
SF,IF2009,2020-04-09 09:35:02.400,3681.0000,17237,-2,224427840.000,2,0,2,双平,S,3680.8000,3680.2000,3680.0000,3678.2000,3678.0000,3681.8000,3682.0000,3685.2000,3686.0000,3686.6000,1,1,7,2,2,1,1,1,2,2
SF,IF2009,2020-04-09 09:35:02.900,3681.8000,17237,0,225532380.000,1,0,1,多换,S,3681.0000,3680.8000,3680.2000,3680.0000,3678.2000,3682.0000,3685.2000,3686.0000,3686.6000,3687.0000,1,1,1,7,2,1,1,2,2,1
SF,IF2009,2020-04-09 09:35:03.400,3681.8000,17237,0,225532380.000,0,-,-,-,-,3681.2000,3680.8000,3680.2000,3680.0000,3678.2000,3682.0000,3685.2000,3686.0000,3686.6000,3687.0000,1,1,1,7,2,1,1,2,2,1
SF,IF2009,2020-04-09 09:35:03.900,3682.0000,17237,0,226636980.000,1,0,1,多换,S,3680.8000,3680.2000,3680.0000,3678.2000,3678.0000,3685.2000,3686.0000,3686.6000,3687.0000,3687.6000,1,1,7,2,2,1,2,2,1,1
SF,IF2009,2020-04-09 09:35:04.400,3682.0000,17237,0,226636980.000,0,-,-,-,-,3680.8000,3680.2000,3680.0000,3678.2000,3678.0000,3682.8000,3683.0000,3683.2000,3683.8000,3684.0000,1,1,7,2,2,1,1,1,1,3
SF,IF2009,2020-04-09 09:35:04.900,3682.0000,17237,0,226636980.000,0,-,-,-,-,3681.0000,3680.8000,3680.0000,3678.2000,3678.0000,3682.6000,3682.8000,3683.0000,3683.2000,3683.8000,2,1,7,2,2,3,1,1,1,1
SF,IF2009,2020-04-09 09:35:05.400,3682.0000,17237,0,226636980.000,0,-,-,-,-,3681.0000,3680.8000,3680.0000,3678.2000,3678.0000,3682.6000,3682.8000,3683.2000,3683.8000,3684.0000,2,1,7,2,2,3,1,1,1,3
SF,IF2009,2020-04-09 09:35:05.900,3682.0000,17237,0,226636980.000,0,-,-,-,-,3681.0000,3680.8000,3680.0000,3678.2000,3678.0000,3682.4000,3682.6000,3682.8000,3683.2000,3683.8000,2,1,7,2,2,2,2,1,1,1
SF,IF2009,2020-04-09 09:35:06.400,3682.0000,17237,0,226636980.000,0,-,-,-,-,3681.0000,3680.8000,3680.0000,3678.2000,3678.0000,3682.4000,3682.6000,3682.8000,3683.2000,3683.8000,2,1,7,2,2,2,1,1,1,1
SF,IF2009,2020-04-09 09:35:06.900,3682.0000,17237,0,226636980.000,0,-,-,-,-,3681.0000,3680.8000,3680.0000,3678.2000,3678.0000,3682.4000,3682.6000,3682.8000,3683.2000,3683.8000,2,1,7,2,2,2,1,1,1,1
SF,IF2009,2020-04-09 09:35:07.400,3682.0000,17237,0,226636980.000,0,-,-,-,-,3681.0000,3680.8000,3680.0000,3678.2000,3678.0000,3682.6000,3682.8000,3683.2000,3683.8000,3684.0000,2,1,7,2,2,1,1,1,1,3
SF,IF2009,2020-04-09 09:35:08.400,3682.0000,17237,0,226636980.000,0,-,-,-,-,3681.0000,3680.8000,3680.0000,3678.2000,3678.0000,3682.0000,3682.4000,3682.6000,3682.8000,3683.2000,2,1,7,2,2,2,1,1,1,1
SF,IF2009,2020-04-09 09:35:08.900,3682.0000,17237,0,226636980.000,0,-,-,-,-,3681.2000,3681.0000,3680.8000,3680.0000,3678.2000,3682.0000,3682.6000,3683.2000,3684.0000,3685.0000,1,1,1,7,2,2,1,1,3,2
SF,IF2009,2020-04-09 09:35:09.400,3682.0000,17237,0,228846180.000,2,1,1,多换,S,3681.2000,3680.8000,3680.0000,3678.2000,3678.0000,3682.6000,3683.2000,3684.0000,3685.0000,3685.2000,1,1,7,2,2,1,1,3,2,1
SF,IF2009,2020-04-09 09:35:09.900,3682.0000,17237,0,228846180.000,0,-,-,-,-,3681.4000,3681.2000,3680.8000,3680.0000,3678.2000,3682.6000,3683.2000,3684.0000,3685.0000,3685.2000,1,1,1,7,2,1,1,3,2,1
SF,IF2009,2020-04-09 09:35:10.400,3682.0000,17237,0,228846180.000,0,-,-,-,-,3681.2000,3680.8000,3680.0000,3678.2000,3678.0000,3682.6000,3683.2000,3684.0000,3685.0000,3685.2000,1,1,7,2,2,1,1,2,2,1
SF,IF2009,2020-04-09 09:35:10.900,3682.0000,17237,0,228846180.000,0,-,-,-,-,3681.4000,3681.2000,3680.8000,3680.0000,3678.2000,3682.6000,3683.2000,3684.0000,3685.0000,3685.2000,1,1,1,7,2,1,1,2,2,1
SF,IF2009,2020-04-09 09:35:11.400,3682.0000,17237,0,228846180.000,0,-,-,-,-,3681.2000,3680.8000,3680.0000,3678.2000,3678.0000,3683.2000,3684.0000,3685.0000,3685.2000,3686.0000,1,1,7,2,2,1,2,2,1,2
SF,IF2009,2020-04-09 09:35:11.900,3682.0000,17237,0,228846180.000,0,-,-,-,-,3681.4000,3681.2000,3680.8000,3680.0000,3678.2000,3683.0000,3683.2000,3684.0000,3685.0000,3685.2000,1,1,1,7,2,2,2,2,2,1
SF,IF2009,2020-04-09 09:35:12.400,3682.0000,17237,0,228846180.000,0,-,-,-,-,3681.6000,3680.8000,3680.0000,3678.2000,3678.0000,3683.0000,3683.2000,3684.0000,3685.0000,3685.2000,1,1,7,2,2,4,2,2,2,1
SF,IF2009,2020-04-09 09:35:12.900,3682.0000,17237,0,228846180.000,0,-,-,-,-,3681.0000,3680.8000,3680.0000,3678.2000,3678.0000,3683.0000,3683.2000,3684.0000,3685.0000,3685.2000,1,1,7,2,2,2,2,2,2,1
SF,IF2009,2020-04-09 09:35:13.400,3682.0000,17237,0,228846180.000,0,-,-,-,-,3681.2000,3681.0000,3680.8000,3680.0000,3678.2000,3682.6000,3683.0000,3683.2000,3684.0000,3685.0000,1,1,1,7,2,2,2,2,2,2
SF,IF2009,2020-04-09 09:35:13.900,3682.0000,17237,0,228846180.000,0,-,-,-,-,3681.4000,3681.0000,3680.8000,3680.0000,3678.2000,3682.6000,3683.0000,3683.2000,3684.0000,3685.0000,1,1,1,7,2,2,1,1,2,2
SF,IF2009,2020-04-09 09:35:14.400,3682.0000,17237,0,228846180.000,0,-,-,-,-,3681.6000,3680.8000,3680.0000,3678.2000,3678.0000,3682.4000,3682.6000,3682.8000,3683.0000,3683.2000,1,1,7,2,2,2,1,1,1,1
SF,IF2009,2020-04-09 09:35:14.900,3682.0000,17237,0,228846180.000,0,-,-,-,-,3681.0000,3680.8000,3680.0000,3678.2000,3678.0000,3682.6000,3683.0000,3684.0000,3685.0000,3685.2000,1,1,7,2,2,1,1,2,2,1
SF,IF2009,2020-04-09 09:35:15.400,3682.0000,17237,0,228846180.000,0,-,-,-,-,3681.2000,3681.0000,3680.8000,3680.0000,3678.2000,3682.6000,3683.0000,3684.0000,3685.0000,3685.2000,1,1,1,7,2,1,1,2,2,1
SF,IF2009,2020-04-09 09:35:15.900,3682.0000,17237,0,228846180.000,0,-,-,-,-,3681.4000,3681.0000,3680.8000,3680.0000,3678.2000,3682.6000,3683.0000,3684.0000,3685.0000,3685.2000,1,1,1,7,2,1,1,2,2,1
SF,IF2009,2020-04-09 09:35:16.400,3682.0000,17237,0,228846180.000,0,-,-,-,-,3681.6000,3681.0000,3680.8000,3680.0000,3678.2000,3682.6000,3683.0000,3684.0000,3685.0000,3685.2000,1,1,1,7,2,1,1,2,2,1
SF,IF2009,2020-04-09 09:35:16.900,3682.0000,17237,0,228846180.000,0,-,-,-,-,3681.0000,3680.8000,3680.0000,3678.2000,3678.0000,3682.6000,3683.0000,3684.0000,3685.0000,3685.2000,1,1,7,2,2,1,1,2,2,1
SF,IF2009,2020-04-09 09:35:17.400,3682.0000,17237,0,228846180.000,0,-,-,-,-,3681.2000,3681.0000,3680.8000,3680.0000,3678.2000,3682.6000,3683.0000,3684.0000,3685.0000,3685.2000,1,1,1,7,2,1,1,2,2,1
SF,IF2009,2020-04-09 09:35:17.900,3682.0000,17237,0,228846180.000,0,-,-,-,-,3681.4000,3681.0000,3680.8000,3680.0000,3678.2000,3682.6000,3683.0000,3684.0000,3685.0000,3685.2000,1,1,1,7,2,1,1,2,2,1
SF,IF2009,2020-04-09 09:35:18.400,3682.0000,17237,0,228846180.000,0,-,-,-,-,3681.4000,3681.0000,3680.8000,3680.0000,3678.2000,3682.6000,3683.0000,3684.0000,3685.0000,3685.2000,1,1,1,7,2,1,1,2,2,1
SF,IF2009,2020-04-09 09:35:18.900,3682.0000,17237,0,228846180.000,0,-,-,-,-,3681.0000,3680.8000,3680.0000,3678.2000,3678.0000,3682.6000,3683.0000,3684.0000,3685.0000,3685.2000,1,1,7,2,2,1,1,2,2,1
SF,IF2009,2020-04-09 09:35:19.400,3682.0000,17237,0,228846180.000,0,-,-,-,-,3681.2000,3681.0000,3680.8000,3680.0000,3678.2000,3682.4000,3682.6000,3684.0000,3685.0000,3685.2000,1,1,1,7,2,2,1,2,2,1
SF,IF2009,2020-04-09 09:35:19.900,3682.0000,17237,0,228846180.000,0,-,-,-,-,3681.4000,3681.0000,3680.8000,3680.0000,3678.2000,3682.6000,3684.0000,3685.0000,3685.2000,3686.0000,1,2,1,7,2,1,2,2,1,2
SF,IF2009,2020-04-09 09:35:20.400,3682.6000,17236,-1,229950960.000,1,0,1,双平,S,3681.6000,3681.0000,3680.8000,3680.0000,3678.2000,3682.4000,3684.0000,3685.0000,3685.2000,3686.0000,1,2,1,7,2,2,2,2,1,2
SF,IF2009,2020-04-09 09:35:20.900,3682.6000,17236,0,232160520.000,2,1,1,多换,S,3682.4000,3681.8000,3681.6000,3681.4000,3681.0000,3685.0000,3685.2000,3686.0000,3686.6000,3687.0000,1,1,3,1,1,2,1,2,2,1
SF,IF2009,2020-04-09 09:35:21.400,3682.6000,17236,0,232160520.000,0,-,-,-,-,3682.4000,3681.6000,3681.4000,3681.0000,3680.8000,3684.6000,3684.8000,3685.2000,3686.0000,3686.6000,1,5,1,1,1,1,1,1,2,2
SF,IF2009,2020-04-09 09:35:21.900,3682.6000,17236,0,232160520.000,0,-,-,-,-,3682.4000,3681.6000,3681.4000,3681.0000,3680.8000,3684.4000,3685.0000,3685.2000,3686.0000,3686.6000,1,5,1,1,1,1,1,1,2,2
SF,IF2009,2020-04-09 09:35:22.400,3682.6000,17236,0,232160520.000,0,-,-,-,-,3682.6000,3682.4000,3681.6000,3680.8000,3680.0000,3684.2000,3684.4000,3685.0000,3685.2000,3686.0000,1,1,5,1,7,1,1,1,1,2
SF,IF2009,2020-04-09 09:35:22.900,3682.6000,17236,0,232160520.000,0,-,-,-,-,3682.6000,3682.4000,3681.6000,3680.8000,3680.0000,3684.0000,3684.2000,3685.0000,3685.2000,3686.0000,1,1,5,1,7,2,1,2,1,2
SF,IF2009,2020-04-09 09:35:23.400,3682.6000,17236,0,232160520.000,0,-,-,-,-,3682.4000,3682.0000,3681.6000,3680.8000,3680.0000,3684.0000,3685.0000,3685.2000,3686.0000,3686.6000,1,1,5,1,7,2,2,1,2,2
SF,IF2009,2020-04-09 09:35:23.900,3682.6000,17236,0,232160520.000,0,-,-,-,-,3682.4000,3682.0000,3681.6000,3680.8000,3680.0000,3683.6000,3684.0000,3685.0000,3685.2000,3686.0000,1,1,5,1,7,1,2,2,1,2
SF,IF2009,2020-04-09 09:35:24.400,3682.6000,17236,0,232160520.000,0,-,-,-,-,3682.4000,3682.0000,3681.6000,3680.8000,3680.0000,3683.6000,3684.0000,3685.0000,3685.2000,3686.0000,1,1,5,1,7,1,1,2,1,2
SF,IF2009,2020-04-09 09:35:24.900,3682.6000,17236,0,232160520.000,0,-,-,-,-,3682.4000,3682.0000,3681.6000,3680.8000,3680.0000,3683.6000,3684.0000,3685.0000,3685.2000,3686.0000,1,1,5,1,7,1,1,2,1,2
SF,IF2009,2020-04-09 09:35:25.400,3682.6000,17236,0,232160520.000,0,-,-,-,-,3682.6000,3682.4000,3681.6000,3680.8000,3680.0000,3683.6000,3684.0000,3685.0000,3685.2000,3686.0000,2,1,5,1,7,1,1,2,1,2
