市场代码,合约代码,时间,最新,持仓,增仓,成交额,成交量,开仓,平仓,成交类型,方向,买一价,买二价,买三价,买四价,买五价,卖一价,卖二价,卖三价,卖四价,卖五价,买一量,买二量,买三量,买四量,买五量,卖一量,卖二量,卖三量,卖四量,卖五量
SF,IF2011,2020-09-23 09:29:00.100,4596.0000,1694,0,16545600.000,12.000,-,-,-,-,4596.0000,4595.0000,4594.0000,4593.0000,4592.0000,4596.6000,4597.6000,4598.2000,4599.4000,4599.8000,2,10,10,10,10,4,4,4,1,4
SF,IF2011,2020-09-23 09:30:00.100,4596.6000,1694,0,23440320.000,5,2,3,多换,S,4596.6000,4596.0000,4595.0000,4594.0000,4593.0000,4597.6000,4598.2000,4599.4000,4599.8000,4601.4000,11,1,10,10,10,4,4,1,4,4
SF,IF2011,2020-09-23 09:30:00.600,4597.6000,1694,0,27578100.000,3,1,2,多换,S,4596.6000,4596.0000,4595.0000,4594.0000,4593.0000,4602.8000,4604.0000,4605.0000,4611.0000,4616.2000,11,1,10,10,10,1,1,1,3,1
SF,IF2011,2020-09-23 09:30:01.100,4599.0000,1694,0,28957800.000,1,0,1,多换,S,4596.6000,4596.0000,4595.0000,4594.0000,4593.0000,4599.4000,4600.2000,4600.4000,4600.8000,4602.6000,11,1,10,10,10,1,1,2,1,1
SF,IF2011,2020-09-23 09:30:01.600,4599.0000,1694,0,28957800.000,0,-,-,-,-,4599.4000,4597.2000,4596.6000,4596.0000,4595.0000,4600.8000,4602.6000,4602.8000,4605.0000,4608.8000,1,1,11,1,10,1,1,1,1,1
SF,IF2011,2020-09-23 09:30:02.100,4599.4000,1695,1,33097260.000,3,2,1,空开,S,4597.2000,4596.6000,4596.0000,4595.0000,4594.0000,4600.2000,4600.4000,4600.8000,4602.6000,4602.8000,1,11,1,10,10,1,2,1,1,1
SF,IF2011,2020-09-23 09:30:02.600,4599.4000,1695,0,33097260.000,0,-,-,-,-,4596.6000,4596.0000,4595.0000,4594.0000,4593.0000,4600.2000,4600.4000,4600.8000,4602.6000,4602.8000,11,1,10,10,10,1,2,1,1,1
SF,IF2011,2020-09-23 09:30:03.100,4599.4000,1695,0,33097260.000,0,-,-,-,-,4596.6000,4596.0000,4595.0000,4594.0000,4593.0000,4598.4000,4599.0000,4600.0000,4600.2000,4602.8000,11,1,10,10,10,2,2,2,2,1
SF,IF2011,2020-09-23 09:30:03.600,4598.4000,1694,-1,34476780.000,1,0,1,双平,S,4596.6000,4596.0000,4595.0000,4594.0000,4593.0000,4599.0000,4600.0000,4600.2000,4602.8000,4605.0000,11,1,10,10,10,1,2,2,1,1
SF,IF2011,2020-09-23 09:30:04.100,4598.4000,1694,0,34476780.000,0,-,-,-,-,4596.6000,4596.0000,4595.0000,4594.0000,4593.0000,4600.0000,4600.2000,4602.8000,4605.0000,4608.8000,11,1,10,10,10,2,2,1,1,1
SF,IF2011,2020-09-23 09:30:04.600,4598.4000,1694,0,34476780.000,0,-,-,-,-,4596.6000,4596.0000,4595.0000,4594.0000,4593.0000,4599.0000,4599.8000,4600.0000,4600.2000,4602.8000,11,1,10,10,10,2,1,2,2,1
SF,IF2011,2020-09-23 09:30:05.100,4598.4000,1694,0,34476780.000,0,-,-,-,-,4596.6000,4596.0000,4595.0000,4594.0000,4593.0000,4597.4000,4598.0000,4599.0000,4599.8000,4600.0000,11,1,10,10,10,1,1,2,1,2
SF,IF2011,2020-09-23 09:30:05.600,4598.4000,1694,0,34476780.000,0,-,-,-,-,4596.6000,4596.0000,4595.0000,4594.0000,4593.0000,4598.0000,4599.0000,4599.4000,4599.8000,4600.0000,11,1,10,10,10,1,1,1,1,1
SF,IF2011,2020-09-23 09:30:06.100,4598.4000,1694,0,34476780.000,0,-,-,-,-,4596.6000,4596.0000,4595.0000,4594.0000,4593.0000,4599.0000,4599.4000,4599.8000,4600.0000,4600.2000,11,1,10,10,10,1,1,1,1,1
SF,IF2011,2020-09-23 09:30:06.600,4598.4000,1694,0,34476780.000,0,-,-,-,-,4596.6000,4596.0000,4595.0000,4594.0000,4593.0000,4597.6000,4598.0000,4598.4000,4598.6000,4599.0000,11,1,10,10,10,1,1,1,1,2
SF,IF2011,2020-09-23 09:30:07.100,4598.4000,1694,0,34476780.000,0,-,-,-,-,4596.6000,4596.0000,4595.0000,4594.0000,4593.0000,4598.4000,4598.6000,4599.0000,4600.0000,4600.2000,11,1,10,10,10,1,1,2,1,1
SF,IF2011,2020-09-23 09:30:07.600,4598.4000,1694,0,34476780.000,0,-,-,-,-,4596.6000,4596.0000,4595.0000,4594.0000,4593.0000,4597.6000,4598.0000,4598.4000,4598.6000,4600.0000,11,1,10,10,10,2,1,1,1,1
SF,IF2011,2020-09-23 09:30:08.100,4598.4000,1694,0,34476780.000,0,-,-,-,-,4598.0000,4596.6000,4596.0000,4595.0000,4594.0000,4598.4000,4598.6000,4600.0000,4600.2000,4602.8000,1,11,1,10,10,1,1,1,1,1
SF,IF2011,2020-09-23 09:30:08.600,4598.0000,1694,0,35856180.000,1,0,1,多换,S,4596.6000,4596.0000,4595.0000,4594.0000,4593.0000,4598.4000,4600.2000,4602.8000,4605.0000,4605.8000,11,1,10,10,10,1,1,1,1,1
SF,IF2011,2020-09-23 09:30:09.100,4598.0000,1694,0,35856180.000,0,-,-,-,-,4596.6000,4596.2000,4596.0000,4595.0000,4594.0000,4598.4000,4600.2000,4602.8000,4605.0000,4605.8000,11,4,1,10,10,1,1,1,1,1
SF,IF2011,2020-09-23 09:30:09.600,4598.4000,1694,0,37235700.000,1,0,1,多换,S,4596.6000,4596.2000,4596.0000,4595.0000,4594.0000,4600.2000,4602.8000,4605.0000,4605.8000,4608.8000,11,4,1,10,10,1,1,1,1,1
SF,IF2011,2020-09-23 09:30:10.100,4600.0000,1693,-1,38615700.000,1,0,1,双平,S,4596.6000,4596.2000,4596.0000,4595.0000,4594.0000,4600.2000,4602.8000,4605.0000,4605.8000,4608.8000,11,4,1,10,10,1,1,1,1,1
SF,IF2011,2020-09-23 09:30:10.600,4600.0000,1693,0,38615700.000,0,-,-,-,-,4596.8000,4596.6000,4596.2000,4596.0000,4595.0000,4600.2000,4602.8000,4605.0000,4605.8000,4608.8000,2,11,4,1,10,1,1,1,1,1
SF,IF2011,2020-09-23 09:30:11.100,4600.2000,1693,0,39995760.000,1,0,1,多换,S,4597.2000,4596.8000,4596.6000,4596.2000,4596.0000,4602.8000,4605.0000,4605.8000,4608.8000,4611.0000,1,2,11,4,1,1,1,1,1,3
SF,IF2011,2020-09-23 09:30:11.600,4600.2000,1693,0,39995760.000,0,-,-,-,-,4598.4000,4598.0000,4597.6000,4597.4000,4597.2000,4601.6000,4601.8000,4602.8000,4605.0000,4605.8000,1,1,1,1,1,1,2,1,1,1
SF,IF2011,2020-09-23 09:30:12.100,4600.2000,1693,0,39995760.000,0,-,-,-,-,4598.4000,4598.0000,4597.6000,4597.4000,4597.2000,4602.8000,4605.0000,4605.8000,4608.8000,4611.0000,1,1,1,1,1,1,1,1,1,3
SF,IF2011,2020-09-23 09:30:12.600,4600.2000,1693,0,39995760.000,0,-,-,-,-,4598.6000,4598.0000,4597.2000,4596.8000,4596.6000,4601.8000,4602.2000,4602.8000,4605.0000,4605.8000,1,1,1,1,11,2,1,1,1,1
SF,IF2011,2020-09-23 09:30:13.100,4600.2000,1693,0,39995760.000,0,-,-,-,-,4599.0000,4598.6000,4598.0000,4596.8000,4596.6000,4602.8000,4605.0000,4605.8000,4608.8000,4611.0000,1,1,1,1,11,1,1,1,1,3
SF,IF2011,2020-09-23 09:30:13.600,4600.2000,1693,0,39995760.000,0,-,-,-,-,4599.2000,4599.0000,4598.0000,4596.8000,4596.6000,4602.8000,4605.0000,4607.2000,4608.8000,4611.0000,1,1,1,1,11,1,1,1,1,3
SF,IF2011,2020-09-23 09:30:14.100,4600.2000,1693,0,39995760.000,0,-,-,-,-,4600.8000,4600.2000,4599.2000,4599.0000,4596.8000,4602.8000,4605.0000,4607.2000,4608.8000,4611.0000,1,1,1,1,1,1,1,1,1,3
SF,IF2011,2020-09-23 09:30:14.600,4602.8000,1692,-1,41376600.000,1,0,1,双平,S,4600.8000,4600.2000,4599.2000,4599.0000,4596.8000,4605.0000,4607.2000,4608.8000,4611.0000,4616.2000,1,1,1,1,1,1,1,1,3,1
SF,IF2011,2020-09-23 09:30:15.100,4602.8000,1692,0,41376600.000,0,-,-,-,-,4601.0000,4600.8000,4600.2000,4596.6000,4596.2000,4604.2000,4604.6000,4605.0000,4607.2000,4608.8000,1,2,1,11,4,1,2,1,1,1
SF,IF2011,2020-09-23 09:30:15.600,4602.8000,1692,0,41376600.000,0,-,-,-,-,4601.0000,4600.8000,4600.2000,4596.6000,4596.2000,4604.0000,4604.6000,4605.0000,4607.2000,4608.8000,1,2,1,11,4,1,2,1,1,1
SF,IF2011,2020-09-23 09:30:16.100,4602.8000,1692,0,41376600.000,0,-,-,-,-,4600.8000,4600.2000,4596.6000,4596.2000,4596.0000,4603.8000,4604.0000,4604.6000,4605.0000,4607.2000,2,1,11,4,1,1,1,2,1,1
SF,IF2011,2020-09-23 09:30:16.600,4602.8000,1692,0,41376600.000,0,-,-,-,-,4600.8000,4600.2000,4596.6000,4596.2000,4596.0000,4603.8000,4604.6000,4605.0000,4607.2000,4608.8000,2,1,11,4,1,1,2,1,1,1
SF,IF2011,2020-09-23 09:30:17.100,4602.8000,1692,0,41376600.000,0,-,-,-,-,4596.6000,4596.2000,4596.0000,4595.0000,4594.0000,4603.4000,4603.8000,4604.6000,4605.0000,4607.2000,11,4,1,15,10,1,1,2,1,1
SF,IF2011,2020-09-23 09:30:17.600,4602.8000,1692,0,41376600.000,0,-,-,-,-,4600.2000,4599.0000,4598.4000,4597.2000,4596.8000,4603.2000,4603.4000,4604.6000,4605.0000,4607.2000,1,1,1,2,3,1,1,2,1,1
SF,IF2011,2020-09-23 09:30:18.100,4602.8000,1692,0,41376600.000,0,-,-,-,-,4600.8000,4600.2000,4597.2000,4596.8000,4596.6000,4603.4000,4604.6000,4605.0000,4607.2000,4608.8000,2,1,2,2,12,1,2,1,1,1
SF,IF2011,2020-09-23 09:30:18.600,4602.8000,1692,0,41376600.000,0,-,-,-,-,4600.8000,4600.2000,4597.2000,4596.8000,4596.6000,4604.6000,4605.0000,4607.2000,4608.8000,4611.0000,2,1,2,1,12,2,1,1,1,3
SF,IF2011,2020-09-23 09:30:19.100,4602.8000,1692,0,41376600.000,0,-,-,-,-,4597.2000,4596.8000,4596.6000,4596.2000,4596.0000,4603.8000,4604.4000,4604.6000,4605.0000,4607.2000,1,1,12,4,1,1,1,2,1,1
SF,IF2011,2020-09-23 09:30:19.600,4602.8000,1692,0,41376600.000,0,-,-,-,-,4599.0000,4598.4000,4598.0000,4597.8000,4597.4000,4603.6000,4603.8000,4604.0000,4604.6000,4605.0000,1,1,1,1,1,1,1,1,2,1
SF,IF2011,2020-09-23 09:30:20.100,4602.8000,1692,0,41376600.000,0,-,-,-,-,4600.2000,4599.6000,4599.0000,4598.4000,4597.4000,4603.4000,4603.6000,4604.6000,4605.0000,4607.2000,1,1,1,1,1,1,1,2,1,1
SF,IF2011,2020-09-23 09:30:21.100,4602.8000,1692,0,41376600.000,0,-,-,-,-,4600.2000,4599.6000,4599.0000,4598.4000,4597.2000,4603.4000,4603.6000,4604.6000,4605.0000,4607.2000,1,1,1,1,2,1,1,1,1,1
SF,IF2011,2020-09-23 09:30:21.600,4602.8000,1692,0,41376600.000,0,-,-,-,-,4599.6000,4599.0000,4598.4000,4597.2000,4596.8000,4603.2000,4603.4000,4603.6000,4604.6000,4605.0000,1,1,1,2,1,1,1,1,1,1
SF,IF2011,2020-09-23 09:30:22.100,4602.8000,1692,0,41376600.000,0,-,-,-,-,4599.0000,4598.4000,4597.2000,4596.8000,4596.6000,4603.0000,4603.2000,4603.4000,4605.0000,4607.2000,1,1,2,1,11,1,3,1,1,1
SF,IF2011,2020-09-23 09:30:22.600,4602.8000,1692,0,41376600.000,0,-,-,-,-,4599.4000,4599.0000,4598.4000,4597.2000,4596.8000,4602.6000,4602.8000,4603.0000,4603.2000,4605.0000,1,1,1,2,1,1,2,1,2,1
SF,IF2011,2020-09-23 09:30:23.100,4602.8000,1692,0,41376600.000,0,-,-,-,-,4599.4000,4599.0000,4598.4000,4597.2000,4596.6000,4602.6000,4602.8000,4603.0000,4603.2000,4605.0000,1,1,1,1,11,1,2,1,2,1
SF,IF2011,2020-09-23 09:30:23.600,4602.8000,1692,0,41376600.000,0,-,-,-,-,4599.0000,4598.4000,4597.2000,4596.6000,4596.2000,4602.4000,4602.8000,4603.0000,4603.2000,4605.0000,1,1,1,11,4,1,2,1,2,1
SF,IF2011,2020-09-23 09:30:24.100,4602.8000,1692,0,41376600.000,0,-,-,-,-,4599.0000,4598.4000,4597.2000,4596.6000,4596.2000,4602.2000,4602.4000,4602.8000,4603.0000,4603.2000,1,1,1,11,4,1,1,1,1,2
SF,IF2011,2020-09-23 09:30:24.600,4602.8000,1692,0,41376600.000,0,-,-,-,-,4599.0000,4598.4000,4597.2000,4596.6000,4596.2000,4602.0000,4602.4000,4602.8000,4603.0000,4603.2000,1,1,1,11,4,1,1,1,1,2
SF,IF2011,2020-09-23 09:30:25.100,4602.8000,1692,0,41376600.000,0,-,-,-,-,4599.0000,4598.4000,4597.2000,4596.6000,4596.2000,4601.8000,4602.8000,4603.0000,4603.2000,4605.0000,1,1,1,11,4,1,1,1,2,1
SF,IF2011,2020-09-23 09:30:25.600,4599.0000,1692,0,42756300.000,1,0,1,多换,S,4598.4000,4597.2000,4596.6000,4596.2000,4596.0000,4601.8000,4602.8000,4603.0000,4603.2000,4605.0000,1,1,11,4,1,1,1,1,2,1
SF,IF2011,2020-09-23 09:30:26.100,4599.0000,1692,0,42756300.000,0,-,-,-,-,4598.6000,4596.6000,4596.2000,4596.0000,4595.0000,4601.6000,4601.8000,4602.8000,4603.0000,4603.2000,1,11,4,1,10,1,1,1,1,1
SF,IF2011,2020-09-23 09:30:26.600,4599.0000,1692,0,42756300.000,0,-,-,-,-,4596.6000,4596.2000,4596.0000,4595.0000,4594.0000,4601.6000,4601.8000,4602.8000,4603.0000,4603.2000,11,4,1,10,10,1,1,1,1,1
SF,IF2011,2020-09-23 09:30:27.100,4599.0000,1692,0,42756300.000,0,-,-,-,-,4598.0000,4596.6000,4596.2000,4596.0000,4595.0000,4601.4000,4601.6000,4601.8000,4602.8000,4605.0000,1,11,4,1,10,1,1,1,1,1
SF,IF2011,2020-09-23 09:30:27.600,4599.0000,1692,0,42756300.000,0,-,-,-,-,4598.6000,4598.4000,4598.0000,4596.6000,4596.2000,4601.4000,4605.0000,4607.2000,4611.0000,4616.2000,1,1,1,11,4,1,1,1,3,1
SF,IF2011,2020-09-23 09:30:28.100,4599.0000,1692,0,42756300.000,0,-,-,-,-,4598.6000,4598.4000,4598.0000,4596.6000,4596.2000,4605.0000,4607.2000,4611.0000,4616.2000,4620.0000,1,1,1,11,4,1,1,3,1,5
SF,IF2011,2020-09-23 09:30:28.600,4599.0000,1692,0,42756300.000,0,-,-,-,-,4598.4000,4598.0000,4596.6000,4596.2000,4596.0000,4601.8000,4602.6000,4603.0000,4603.2000,4603.6000,1,1,11,4,1,1,1,1,2,1
SF,IF2011,2020-09-23 09:30:29.100,4599.0000,1692,0,42756300.000,0,-,-,-,-,4598.0000,4596.6000,4596.2000,4596.0000,4595.0000,4601.6000,4601.8000,4602.6000,4603.0000,4603.2000,1,11,4,1,10,1,1,1,1,1
SF,IF2011,2020-09-23 09:30:29.600,4599.0000,1692,0,42756300.000,0,-,-,-,-,4598.4000,4598.2000,4598.0000,4596.6000,4596.2000,4601.4000,4601.8000,4602.6000,4603.0000,4603.6000,1,1,1,11,4,1,1,1,1,1
SF,IF2011,2020-09-23 09:30:30.100,4599.0000,1692,0,42756300.000,0,-,-,-,-,4598.2000,4598.0000,4596.6000,4596.2000,4596.0000,4601.4000,4601.8000,4602.6000,4603.0000,4603.6000,1,1,11,4,1,1,1,1,1,1
SF,IF2011,2020-09-23 09:30:30.600,4599.0000,1692,0,42756300.000,0,-,-,-,-,4598.2000,4596.6000,4596.2000,4596.0000,4595.0000,4600.4000,4600.8000,4601.8000,4603.0000,4603.6000,1,11,4,1,10,1,1,1,1,1
SF,IF2011,2020-09-23 09:30:31.100,4600.2000,1693,1,44136360.000,1,1,0,双开,S,4596.6000,4596.2000,4596.0000,4595.0000,4594.0000,4600.4000,4600.8000,4601.4000,4601.8000,4603.0000,11,4,1,10,10,1,1,2,1,1
SF,IF2011,2020-09-23 09:30:31.600,4600.2000,1693,0,44136360.000,0,-,-,-,-,4597.2000,4596.6000,4596.2000,4596.0000,4595.0000,4600.2000,4600.4000,4600.8000,4601.4000,4603.0000,1,11,4,1,10,2,1,1,2,1
SF,IF2011,2020-09-23 09:30:32.100,4600.2000,1693,0,44136360.000,0,-,-,-,-,4596.6000,4596.2000,4596.0000,4595.0000,4594.0000,4600.2000,4600.4000,4600.8000,4601.4000,4603.0000,11,4,1,10,10,1,1,1,2,1
SF,IF2011,2020-09-23 09:30:32.600,4600.2000,1693,0,44136360.000,0,-,-,-,-,4596.6000,4596.2000,4596.0000,4595.0000,4594.0000,4599.6000,4600.0000,4600.2000,4600.4000,4600.8000,11,4,1,10,10,1,1,1,1,1
SF,IF2011,2020-09-23 09:30:33.100,4600.2000,1693,0,44136360.000,0,-,-,-,-,4596.6000,4596.2000,4596.0000,4595.0000,4594.0000,4599.6000,4600.0000,4600.8000,4601.4000,4603.0000,11,4,1,10,10,1,1,1,2,1
SF,IF2011,2020-09-23 09:30:33.600,4600.2000,1693,0,44136360.000,0,-,-,-,-,4596.8000,4596.6000,4596.2000,4596.0000,4595.0000,4597.2000,4599.4000,4599.6000,4600.0000,4600.8000,1,11,4,1,10,3,1,1,1,1
SF,IF2011,2020-09-23 09:30:34.100,4597.2000,1693,0,48273840.000,3,1,2,多换,S,4597.2000,4596.8000,4596.6000,4596.2000,4596.0000,4599.4000,4600.0000,4600.8000,4601.4000,4603.0000,1,1,11,4,1,1,1,1,2,1
SF,IF2011,2020-09-23 09:30:34.600,4597.2000,1693,0,48273840.000,0,-,-,-,-,4598.0000,4597.4000,4596.8000,4596.6000,4596.2000,4599.4000,4601.4000,4603.0000,4604.6000,4605.0000,1,1,1,11,4,1,2,1,1,1
SF,IF2011,2020-09-23 09:30:35.100,4597.2000,1693,0,48273840.000,0,-,-,-,-,4598.4000,4598.2000,4598.0000,4597.4000,4596.8000,4601.4000,4603.0000,4604.6000,4605.0000,4607.2000,1,1,1,1,1,2,1,1,1,1
SF,IF2011,2020-09-23 09:30:35.600,4597.2000,1693,0,48273840.000,0,-,-,-,-,4598.4000,4598.2000,4598.0000,4597.4000,4596.6000,4601.2000,4601.4000,4603.0000,4604.6000,4605.0000,1,1,1,1,11,1,2,1,1,1
SF,IF2011,2020-09-23 09:30:36.100,4597.2000,1693,0,48273840.000,0,-,-,-,-,4598.6000,4598.4000,4598.2000,4598.0000,4597.4000,4601.0000,4601.2000,4601.4000,4603.0000,4604.6000,1,1,1,1,1,1,1,2,1,1
SF,IF2011,2020-09-23 09:30:36.600,4598.6000,1693,0,49653420.000,1,0,1,多换,S,4598.2000,4597.4000,4596.6000,4596.2000,4596.0000,4598.6000,4600.6000,4600.8000,4601.0000,4601.2000,1,1,11,4,1,1,1,2,1,1
SF,IF2011,2020-09-23 09:30:37.100,4598.6000,1693,0,51033000.000,1,0,1,多换,S,4597.4000,4596.6000,4596.2000,4596.0000,4595.0000,4598.6000,4600.6000,4600.8000,4601.0000,4601.2000,1,11,4,1,10,1,1,2,1,1
SF,IF2011,2020-09-23 09:30:37.600,4598.6000,1693,0,52412580.000,1,0,1,多换,S,4596.6000,4596.2000,4596.0000,4595.0000,4594.0000,4598.6000,4600.6000,4600.8000,4601.2000,4601.4000,11,4,1,10,10,1,1,2,1,2
SF,IF2011,2020-09-23 09:30:38.100,4598.6000,1693,0,52412580.000,0,-,-,-,-,4596.8000,4596.6000,4596.2000,4596.0000,4595.0000,4598.4000,4598.6000,4600.6000,4600.8000,4601.2000,1,11,4,1,10,1,1,1,2,1
SF,IF2011,2020-09-23 09:30:39.600,4598.6000,1693,0,52412580.000,0,-,-,-,-,4596.8000,4596.6000,4596.2000,4596.0000,4595.0000,4598.4000,4598.6000,4600.6000,4600.8000,4601.2000,1,11,4,1,10,1,1,1,2,1
SF,IF2011,2020-09-23 09:30:41.100,4598.6000,1693,0,52412580.000,0,-,-,-,-,4596.6000,4596.2000,4596.0000,4595.0000,4594.0000,4598.4000,4598.6000,4600.6000,4600.8000,4601.2000,11,4,1,10,10,1,1,1,2,1
SF,IF2011,2020-09-23 09:30:42.600,4598.6000,1693,0,52412580.000,0,-,-,-,-,4596.6000,4596.2000,4596.0000,4595.0000,4594.0000,4598.4000,4598.6000,4600.6000,4600.8000,4601.2000,11,4,1,10,10,1,1,1,1,1
SF,IF2011,2020-09-23 09:30:43.100,4598.6000,1693,0,52412580.000,0,-,-,-,-,4596.6000,4596.2000,4596.0000,4595.0000,4594.0000,4598.4000,4598.6000,4600.6000,4600.8000,4601.2000,11,4,1,10,10,1,1,1,1,1
SF,IF2011,2020-09-23 09:30:43.600,4598.6000,1693,0,52412580.000,0,-,-,-,-,4596.8000,4596.6000,4596.2000,4596.0000,4595.0000,4598.4000,4598.6000,4600.6000,4600.8000,4601.2000,1,11,4,1,10,1,1,1,1,1
SF,IF2011,2020-09-23 09:30:44.100,4598.4000,1693,0,53792100.000,1,0,1,多换,S,4596.8000,4596.6000,4596.2000,4596.0000,4595.0000,4598.6000,4600.6000,4600.8000,4601.2000,4601.4000,1,11,4,1,10,1,1,1,1,2
SF,IF2011,2020-09-23 09:30:44.600,4598.4000,1693,0,53792100.000,0,-,-,-,-,4597.0000,4596.8000,4596.6000,4596.2000,4596.0000,4598.4000,4598.6000,4600.6000,4600.8000,4601.2000,1,1,11,4,1,1,1,1,1,1
SF,IF2011,2020-09-23 09:30:45.100,4598.4000,1693,0,53792100.000,0,-,-,-,-,4597.0000,4596.6000,4596.2000,4596.0000,4595.0000,4598.4000,4598.6000,4600.6000,4600.8000,4601.2000,1,11,4,1,10,1,1,1,1,1
SF,IF2011,2020-09-23 09:30:45.600,4598.4000,1693,0,53792100.000,0,-,-,-,-,4597.0000,4596.6000,4596.2000,4596.0000,4595.0000,4598.4000,4598.6000,4600.6000,4600.8000,4601.2000,1,11,4,1,10,1,1,1,1,1
SF,IF2011,2020-09-23 09:30:48.100,4598.4000,1693,0,55171620.000,1,0,1,多换,S,4597.0000,4596.6000,4596.2000,4596.0000,4595.0000,4598.6000,4600.6000,4600.8000,4601.2000,4601.4000,1,11,4,1,10,1,1,1,1,2
SF,IF2011,2020-09-23 09:30:48.600,4598.4000,1693,0,55171620.000,0,-,-,-,-,4597.2000,4597.0000,4596.6000,4596.2000,4596.0000,4598.6000,4600.6000,4600.8000,4601.4000,4603.0000,1,1,11,4,1,1,1,1,2,1
SF,IF2011,2020-09-23 09:30:49.100,4598.6000,1692,-1,56551200.000,1,0,1,双平,S,4598.4000,4598.0000,4597.4000,4597.2000,4597.0000,4600.6000,4600.8000,4601.4000,4603.0000,4605.0000,1,1,1,1,1,1,1,2,1,1
SF,IF2011,2020-09-23 09:30:49.600,4598.6000,1692,0,56551200.000,0,-,-,-,-,4598.6000,4598.4000,4598.0000,4597.4000,4597.0000,4600.4000,4600.8000,4601.4000,4603.0000,4605.0000,1,1,1,1,1,1,1,2,1,1
SF,IF2011,2020-09-23 09:30:50.100,4598.6000,1692,0,57930780.000,1,0,1,多换,S,4598.0000,4597.4000,4597.0000,4596.6000,4596.2000,4600.4000,4600.8000,4601.4000,4603.0000,4605.0000,1,1,1,11,4,1,1,2,1,1
SF,IF2011,2020-09-23 09:30:50.600,4598.6000,1692,0,57930780.000,0,-,-,-,-,4598.2000,4597.4000,4597.0000,4596.6000,4596.2000,4600.2000,4600.4000,4600.8000,4601.4000,4603.0000,1,1,1,11,4,1,1,1,2,1
SF,IF2011,2020-09-23 09:30:51.100,4598.6000,1692,0,57930780.000,0,-,-,-,-,4598.2000,4597.4000,4597.0000,4596.6000,4596.2000,4600.0000,4600.2000,4600.4000,4600.8000,4601.4000,1,1,1,11,4,1,1,1,1,2
SF,IF2011,2020-09-23 09:30:51.600,4598.6000,1692,0,57930780.000,0,-,-,-,-,4598.2000,4597.4000,4597.0000,4596.6000,4596.2000,4599.8000,4600.0000,4600.2000,4600.4000,4600.8000,1,1,1,11,4,1,1,1,1,1
SF,IF2011,2020-09-23 09:30:54.600,4598.6000,1692,0,57930780.000,0,-,-,-,-,4598.2000,4597.4000,4597.0000,4596.6000,4596.2000,4599.8000,4600.0000,4600.2000,4600.4000,4600.8000,1,1,1,11,4,1,1,1,1,1
SF,IF2011,2020-09-23 09:30:56.100,4598.6000,1692,0,57930780.000,0,-,-,-,-,4598.2000,4597.4000,4597.0000,4596.6000,4596.2000,4599.8000,4600.0000,4600.2000,4600.8000,4601.4000,1,1,5,11,4,1,1,1,1,2
SF,IF2011,2020-09-23 09:30:56.600,4598.6000,1692,0,57930780.000,0,-,-,-,-,4598.2000,4597.4000,4597.0000,4596.6000,4596.2000,4599.8000,4600.2000,4600.8000,4601.4000,4603.0000,1,1,5,11,4,1,1,1,2,1
SF,IF2011,2020-09-23 09:30:57.100,4598.6000,1692,0,57930780.000,0,-,-,-,-,4598.4000,4598.2000,4597.4000,4597.0000,4596.6000,4599.8000,4600.2000,4600.8000,4601.4000,4603.0000,1,1,1,5,11,1,1,1,2,1
SF,IF2011,2020-09-23 09:30:57.600,4598.6000,1692,0,57930780.000,0,-,-,-,-,4598.2000,4597.4000,4597.0000,4596.6000,4596.2000,4599.8000,4600.2000,4600.8000,4601.4000,4603.0000,1,1,4,11,4,1,1,1,2,1
SF,IF2011,2020-09-23 09:30:58.100,4598.6000,1692,0,57930780.000,0,-,-,-,-,4598.4000,4598.2000,4597.4000,4597.0000,4596.6000,4599.8000,4600.2000,4600.8000,4601.4000,4603.0000,1,1,1,4,11,1,1,1,2,1
SF,IF2011,2020-09-23 09:30:58.600,4598.6000,1692,0,57930780.000,0,-,-,-,-,4598.6000,4598.2000,4597.4000,4597.0000,4596.6000,4599.8000,4600.2000,4600.8000,4601.4000,4603.0000,1,1,1,4,11,1,1,1,2,1
SF,IF2011,2020-09-23 09:30:59.100,4599.8000,1692,0,59310720.000,1,0,1,多换,S,4598.6000,4598.2000,4597.4000,4597.0000,4596.6000,4600.2000,4600.8000,4601.4000,4603.0000,4605.0000,1,1,1,4,11,1,1,2,1,1
SF,IF2011,2020-09-23 09:30:59.600,4599.8000,1692,0,59310720.000,0,-,-,-,-,4598.6000,4598.2000,4597.4000,4597.0000,4596.6000,4600.8000,4601.4000,4603.0000,4605.0000,4606.0000,1,1,1,4,11,1,2,1,1,6
SF,IF2011,2020-09-23 09:31:00.100,4599.8000,1692,0,59310720.000,0,-,-,-,-,4598.6000,4598.2000,4597.4000,4597.0000,4596.6000,4600.6000,4600.8000,4601.4000,4603.0000,4605.0000,1,1,1,4,11,1,1,2,1,1
SF,IF2011,2020-09-23 09:31:00.600,4599.8000,1692,0,59310720.000,0,-,-,-,-,4598.8000,4598.6000,4598.2000,4597.4000,4597.0000,4601.4000,4603.0000,4605.0000,4606.0000,4607.2000,2,1,1,1,4,2,1,1,6,1
SF,IF2011,2020-09-23 09:31:01.100,4599.0000,1692,0,60690420.000,1,0,1,多换,S,4599.0000,4598.8000,4598.6000,4598.2000,4597.4000,4601.2000,4601.4000,4603.0000,4605.0000,4606.0000,1,2,1,1,1,1,2,1,1,6
SF,IF2011,2020-09-23 09:31:01.600,4601.2000,1691,-1,62070780.000,1,0,1,双平,S,4599.0000,4598.8000,4598.6000,4598.2000,4597.4000,4601.4000,4603.0000,4605.0000,4606.0000,4607.2000,1,2,1,1,1,2,1,1,6,1
SF,IF2011,2020-09-23 09:31:02.100,4601.2000,1691,0,62070780.000,0,-,-,-,-,4599.2000,4599.0000,4598.8000,4598.6000,4598.2000,4601.4000,4603.0000,4605.0000,4606.0000,4607.2000,2,1,1,1,1,2,1,1,6,1
SF,IF2011,2020-09-23 09:31:02.600,4601.2000,1691,0,62070780.000,0,-,-,-,-,4599.2000,4599.0000,4598.8000,4598.6000,4598.2000,4601.4000,4605.0000,4606.0000,4607.2000,4611.0000,2,1,1,1,1,2,1,6,1,3
SF,IF2011,2020-09-23 09:31:03.100,4601.2000,1691,0,62070780.000,0,-,-,-,-,4600.2000,4599.4000,4599.2000,4599.0000,4598.8000,4601.4000,4605.0000,4606.0000,4607.2000,4611.0000,1,1,2,1,1,2,1,6,1,3
SF,IF2011,2020-09-23 09:31:03.600,4601.2000,1691,0,62070780.000,0,-,-,-,-,4599.4000,4599.2000,4599.0000,4598.6000,4597.0000,4601.4000,4605.0000,4606.0000,4607.2000,4611.0000,1,2,1,1,4,2,1,6,1,3
SF,IF2011,2020-09-23 09:31:04.100,4601.2000,1691,0,62070780.000,0,-,-,-,-,4599.6000,4599.4000,4599.2000,4599.0000,4598.6000,4601.4000,4605.0000,4606.0000,4607.2000,4611.0000,1,1,1,1,1,2,1,6,1,3
SF,IF2011,2020-09-23 09:31:04.600,4601.2000,1691,0,62070780.000,0,-,-,-,-,4599.8000,4599.6000,4599.4000,4599.2000,4599.0000,4601.4000,4605.0000,4606.0000,4607.2000,4611.0000,1,1,1,1,1,2,1,6,1,3
SF,IF2011,2020-09-23 09:31:12.600,4601.2000,1691,0,62070780.000,0,-,-,-,-,4600.2000,4599.8000,4599.6000,4599.4000,4599.2000,4601.4000,4605.0000,4606.0000,4607.2000,4611.0000,1,1,1,1,1,2,1,6,1,3
SF,IF2011,2020-09-23 09:31:13.100,4601.2000,1691,0,62070780.000,0,-,-,-,-,4599.8000,4599.6000,4599.4000,4599.2000,4599.0000,4601.4000,4605.0000,4606.0000,4607.2000,4611.0000,1,1,1,1,1,2,1,6,1,3
SF,IF2011,2020-09-23 09:31:13.600,4601.2000,1691,0,62070780.000,0,-,-,-,-,4600.2000,4600.0000,4599.8000,4599.4000,4599.2000,4601.4000,4605.0000,4606.0000,4607.2000,4611.0000,1,1,1,1,1,2,1,6,1,3
SF,IF2011,2020-09-23 09:31:14.100,4601.2000,1691,0,62070780.000,0,-,-,-,-,4600.4000,4600.0000,4599.8000,4599.4000,4599.2000,4601.4000,4605.0000,4606.0000,4607.2000,4611.0000,1,1,1,1,1,2,1,6,1,3
SF,IF2011,2020-09-23 09:31:14.600,4601.4000,1691,0,63451200.000,1,0,1,多换,S,4600.4000,4600.0000,4599.8000,4599.4000,4599.2000,4601.4000,4605.0000,4606.0000,4607.2000,4611.0000,1,1,1,1,1,1,1,6,1,3
SF,IF2011,2020-09-23 09:31:18.600,4601.4000,1691,0,63451200.000,0,-,-,-,-,4600.8000,4600.4000,4600.0000,4599.8000,4599.4000,4601.4000,4605.0000,4606.0000,4607.2000,4611.0000,1,1,1,1,1,1,1,6,1,3
SF,IF2011,2020-09-23 09:31:19.100,4601.4000,1691,0,63451200.000,0,-,-,-,-,4600.4000,4600.0000,4599.8000,4599.4000,4599.2000,4601.4000,4605.0000,4606.0000,4609.6000,4611.0000,1,1,1,1,1,1,1,6,1,3
SF,IF2011,2020-09-23 09:31:19.600,4601.4000,1690,-1,64831620.000,1,0,1,双平,S,4600.4000,4600.0000,4599.8000,4599.4000,4599.2000,4605.0000,4606.0000,4609.6000,4611.0000,4615.0000,1,1,1,1,1,1,6,1,3,3
SF,IF2011,2020-09-23 09:31:20.100,4601.4000,1690,0,64831620.000,0,-,-,-,-,4600.4000,4599.8000,4599.4000,4597.0000,4596.6000,4602.6000,4603.6000,4603.8000,4604.4000,4604.6000,1,1,1,4,11,1,2,1,1,3
SF,IF2011,2020-09-23 09:31:21.600,4600.4000,1690,0,66211740.000,1,0,1,多换,S,4599.8000,4599.4000,4597.0000,4596.6000,4596.2000,4602.6000,4603.6000,4603.8000,4604.6000,4604.8000,1,1,4,11,4,2,2,1,1,3
SF,IF2011,2020-09-23 09:31:22.100,4600.4000,1690,0,66211740.000,0,-,-,-,-,4599.8000,4599.4000,4597.0000,4596.6000,4596.2000,4601.8000,4602.4000,4602.6000,4603.6000,4603.8000,1,1,4,11,4,1,2,1,2,1
SF,IF2011,2020-09-23 09:31:22.600,4599.8000,1690,0,67591680.000,1,0,1,多换,S,4599.4000,4597.0000,4596.6000,4596.2000,4596.0000,4601.6000,4601.8000,4602.4000,4602.6000,4603.6000,1,4,11,4,1,3,1,1,1,1
SF,IF2011,2020-09-23 09:31:23.100,4599.4000,1686,-4,74490780.000,5,0,5,多平,S,4600.2000,4597.0000,4596.6000,4596.2000,4596.0000,4601.0000,4601.4000,4601.6000,4602.4000,4602.6000,4,4,11,4,1,1,1,3,1,1
SF,IF2011,2020-09-23 09:31:23.600,4600.2000,1682,-4,80011020.000,4,0,4,双平,S,4597.0000,4596.6000,4596.2000,4596.0000,4595.0000,4600.2000,4600.8000,4601.4000,4601.6000,4602.4000,4,11,4,1,10,1,3,1,2,1
SF,IF2011,2020-09-23 09:31:24.100,4600.2000,1682,0,80011020.000,0,-,-,-,-,4598.0000,4597.2000,4597.0000,4596.6000,4596.2000,4600.0000,4600.2000,4600.8000,4601.6000,4602.4000,1,2,4,11,4,1,1,2,2,1
SF,IF2011,2020-09-23 09:31:24.600,4600.2000,1682,0,80011020.000,0,-,-,-,-,4597.2000,4597.0000,4596.6000,4596.2000,4596.0000,4600.0000,4600.2000,4600.8000,4601.6000,4602.4000,2,4,11,4,1,1,1,2,2,1
SF,IF2011,2020-09-23 09:31:25.100,4600.2000,1682,0,80011020.000,0,-,-,-,-,4597.2000,4597.0000,4596.6000,4596.2000,4596.0000,4600.0000,4600.2000,4600.8000,4601.6000,4602.4000,2,4,11,4,1,1,1,2,2,1
SF,IF2011,2020-09-23 09:31:25.600,4597.2000,1682,0,81390180.000,1,0,1,多换,S,4597.2000,4597.0000,4596.6000,4596.2000,4596.0000,4600.0000,4600.2000,4600.8000,4601.6000,4602.4000,1,4,11,4,1,1,1,2,2,1
SF,IF2011,2020-09-23 09:31:26.100,4597.2000,1682,0,81390180.000,0,-,-,-,-,4597.4000,4597.2000,4597.0000,4596.6000,4596.2000,4599.8000,4600.0000,4600.2000,4600.8000,4601.6000,1,1,4,11,4,1,1,1,2,2
SF,IF2011,2020-09-23 09:31:26.600,4597.2000,1682,0,81390180.000,0,-,-,-,-,4597.4000,4597.0000,4596.6000,4596.2000,4596.0000,4599.6000,4599.8000,4600.0000,4600.2000,4600.8000,1,4,11,4,1,1,1,1,1,2
SF,IF2011,2020-09-23 09:31:27.100,4597.2000,1682,0,81390180.000,0,-,-,-,-,4597.0000,4596.6000,4596.2000,4596.0000,4595.0000,4599.4000,4599.6000,4600.0000,4600.2000,4600.8000,4,11,4,1,10,1,1,1,1,2
SF,IF2011,2020-09-23 09:31:27.600,4597.2000,1682,0,81390180.000,0,-,-,-,-,4597.2000,4597.0000,4596.6000,4596.2000,4596.0000,4599.4000,4599.6000,4600.0000,4600.8000,4601.6000,1,4,11,4,1,1,1,1,2,2
SF,IF2011,2020-09-23 09:31:28.100,4597.2000,1682,0,82769340.000,1,0,1,多换,S,4598.4000,4597.2000,4597.0000,4596.6000,4596.2000,4599.2000,4599.6000,4600.0000,4600.8000,4601.6000,1,1,4,11,4,1,1,1,2,2
SF,IF2011,2020-09-23 09:31:28.600,4599.0000,1682,0,84149040.000,1,0,1,多换,S,4597.0000,4596.6000,4596.2000,4596.0000,4595.0000,4599.2000,4599.6000,4600.0000,4600.8000,4601.6000,4,11,4,1,10,1,1,1,2,2
SF,IF2011,2020-09-23 09:31:29.100,4599.0000,1682,0,84149040.000,0,-,-,-,-,4597.2000,4597.0000,4596.6000,4596.2000,4596.0000,4599.2000,4599.6000,4600.0000,4600.8000,4601.6000,1,4,11,4,1,1,1,1,2,2
SF,IF2011,2020-09-23 09:31:29.600,4599.2000,1683,1,85528800.000,1,1,0,双开,S,4599.2000,4597.4000,4597.2000,4597.0000,4596.6000,4599.6000,4600.0000,4600.8000,4601.6000,4603.6000,1,1,1,4,11,1,1,2,2,1
SF,IF2011,2020-09-23 09:31:30.100,4599.2000,1684,1,86908560.000,1,1,0,双开,S,4597.4000,4597.0000,4596.6000,4596.2000,4596.0000,4599.6000,4600.0000,4600.8000,4601.6000,4603.6000,1,4,11,4,1,1,1,2,2,1
SF,IF2011,2020-09-23 09:31:30.600,4599.2000,1684,0,86908560.000,0,-,-,-,-,4597.6000,4597.4000,4597.0000,4596.6000,4596.2000,4599.2000,4599.6000,4600.0000,4600.8000,4601.6000,1,1,4,11,4,1,1,1,2,1
SF,IF2011,2020-09-23 09:31:31.100,4599.2000,1684,0,86908560.000,0,-,-,-,-,4597.0000,4596.6000,4596.2000,4596.0000,4595.0000,4599.2000,4599.6000,4600.0000,4600.8000,4603.6000,4,11,4,1,10,1,1,1,2,1
SF,IF2011,2020-09-23 09:31:31.600,4599.2000,1684,0,86908560.000,0,-,-,-,-,4597.2000,4597.0000,4596.6000,4596.2000,4596.0000,4599.0000,4599.2000,4599.6000,4600.0000,4600.8000,1,4,11,4,1,1,1,1,1,2
SF,IF2011,2020-09-23 09:31:32.100,4599.2000,1684,0,86908560.000,0,-,-,-,-,4597.0000,4596.6000,4596.2000,4596.0000,4595.0000,4598.8000,4599.0000,4599.6000,4600.0000,4600.8000,4,11,4,1,10,1,1,1,1,2
SF,IF2011,2020-09-23 09:31:32.600,4599.2000,1684,0,86908560.000,0,-,-,-,-,4597.0000,4596.6000,4596.2000,4596.0000,4595.0000,4597.2000,4598.8000,4599.0000,4599.6000,4600.0000,4,11,4,1,10,1,1,1,1,1
SF,IF2011,2020-09-23 09:31:33.100,4597.2000,1685,1,88287720.000,1,1,0,双开,S,4597.2000,4597.0000,4596.6000,4596.2000,4596.0000,4598.8000,4599.0000,4599.6000,4600.0000,4600.8000,1,4,11,4,1,1,1,1,1,1
SF,IF2011,2020-09-23 09:31:33.600,4597.2000,1685,0,88287720.000,0,-,-,-,-,4597.0000,4596.6000,4596.2000,4596.0000,4595.0000,4598.6000,4598.8000,4599.0000,4599.6000,4600.0000,4,11,4,1,10,2,1,1,1,1
SF,IF2011,2020-09-23 09:31:34.100,4597.2000,1685,0,88287720.000,0,-,-,-,-,4597.0000,4596.6000,4596.2000,4596.0000,4595.0000,4598.4000,4598.6000,4599.0000,4599.6000,4600.0000,4,11,4,1,10,1,2,1,1,1
SF,IF2011,2020-09-23 09:31:34.600,4597.2000,1685,0,88287720.000,0,-,-,-,-,4597.0000,4596.6000,4596.2000,4596.0000,4595.0000,4598.4000,4598.6000,4599.0000,4599.6000,4600.8000,4,11,4,1,10,1,2,1,1,1
SF,IF2011,2020-09-23 09:31:35.100,4597.2000,1685,0,88287720.000,0,-,-,-,-,4597.0000,4596.6000,4596.2000,4596.0000,4595.0000,4598.2000,4598.4000,4598.6000,4599.0000,4599.6000,4,11,4,1,10,1,1,2,1,1
SF,IF2011,2020-09-23 09:31:39.600,4597.0000,1685,0,89666820.000,1,0,1,多换,S,4597.0000,4596.6000,4596.2000,4596.0000,4595.0000,4598.2000,4598.4000,4598.6000,4599.0000,4599.6000,3,11,4,1,10,1,1,2,1,1
SF,IF2011,2020-09-23 09:31:40.100,4597.0000,1683,-2,92425020.000,2,0,2,双平,S,4597.0000,4596.6000,4596.2000,4596.0000,4595.0000,4598.0000,4598.2000,4598.6000,4599.0000,4599.6000,1,11,4,1,10,1,1,2,1,1
SF,IF2011,2020-09-23 09:31:40.600,4597.0000,1683,0,93804120.000,1,0,1,多换,S,4596.6000,4596.2000,4596.0000,4595.0000,4594.0000,4597.8000,4598.0000,4598.2000,4598.6000,4599.0000,11,4,1,10,10,1,1,1,2,1
SF,IF2011,2020-09-23 09:31:41.100,4597.0000,1683,0,93804120.000,0,-,-,-,-,4596.6000,4596.2000,4596.0000,4595.0000,4594.0000,4598.0000,4598.2000,4598.6000,4599.0000,4600.8000,11,4,1,10,10,1,1,2,1,1
SF,IF2011,2020-09-23 09:31:41.600,4597.0000,1683,0,93804120.000,0,-,-,-,-,4596.6000,4596.2000,4596.0000,4595.0000,4594.0000,4597.8000,4598.0000,4598.2000,4598.6000,4599.0000,11,4,1,10,10,1,1,1,2,1
SF,IF2011,2020-09-23 09:31:47.100,4597.8000,1683,0,95183460.000,1,0,1,多换,S,4596.6000,4596.2000,4596.0000,4595.0000,4594.0000,4598.0000,4598.2000,4598.6000,4599.0000,4600.8000,11,4,1,10,10,1,1,2,1,1
SF,IF2011,2020-09-23 09:31:47.600,4597.8000,1683,0,95183460.000,0,-,-,-,-,4596.8000,4596.6000,4596.2000,4596.0000,4595.0000,4598.0000,4598.2000,4598.6000,4600.8000,4603.8000,2,11,4,1,10,1,1,2,1,1
SF,IF2011,2020-09-23 09:31:48.100,4597.8000,1683,0,95183460.000,0,-,-,-,-,4596.8000,4596.6000,4596.2000,4596.0000,4595.0000,4598.0000,4598.2000,4598.6000,4600.8000,4603.8000,2,11,4,1,10,1,1,1,1,1
SF,IF2011,2020-09-23 09:31:48.600,4597.8000,1683,0,95183460.000,0,-,-,-,-,4596.8000,4596.6000,4596.2000,4596.0000,4595.0000,4598.2000,4598.6000,4600.8000,4603.8000,4605.0000,2,11,4,1,10,1,1,1,1,1
SF,IF2011,2020-09-23 09:31:49.100,4597.8000,1683,0,95183460.000,0,-,-,-,-,4596.8000,4596.6000,4596.2000,4596.0000,4595.0000,4598.2000,4598.6000,4603.8000,4605.0000,4606.0000,2,11,4,1,10,1,1,1,1,6
SF,IF2011,2020-09-23 09:31:49.600,4597.8000,1683,0,95183460.000,0,-,-,-,-,4596.8000,4596.6000,4596.2000,4596.0000,4595.0000,4598.2000,4598.6000,4603.8000,4605.0000,4606.0000,2,11,4,1,10,1,1,1,1,6
SF,IF2011,2020-09-23 09:31:53.100,4596.8000,1682,-1,97941540.000,2,0,2,多平,S,4596.6000,4596.2000,4596.0000,4595.0000,4594.0000,4598.2000,4598.6000,4603.8000,4605.0000,4606.0000,11,4,1,10,10,1,1,1,1,6
SF,IF2011,2020-09-23 09:31:53.600,4596.8000,1682,0,97941540.000,0,-,-,-,-,4596.6000,4596.2000,4596.0000,4595.0000,4594.0000,4598.0000,4598.2000,4598.6000,4603.8000,4605.0000,11,4,1,10,10,1,1,1,1,1
SF,IF2011,2020-09-23 09:31:54.100,4596.8000,1682,0,97941540.000,0,-,-,-,-,4596.6000,4596.2000,4596.0000,4595.0000,4594.0000,4597.8000,4598.0000,4598.2000,4598.6000,4603.8000,11,4,1,10,10,1,1,1,1,1
SF,IF2011,2020-09-23 09:31:55.600,4597.8000,1682,0,99320880.000,1,0,1,多换,S,4596.6000,4596.2000,4596.0000,4595.0000,4594.0000,4598.0000,4598.2000,4598.6000,4603.8000,4605.0000,11,4,1,10,10,1,1,1,1,1
SF,IF2011,2020-09-23 09:31:56.100,4597.8000,1682,0,99320880.000,0,-,-,-,-,4596.8000,4596.6000,4596.2000,4596.0000,4595.0000,4598.2000,4598.6000,4603.8000,4605.0000,4606.0000,1,11,4,1,10,1,1,1,1,6
SF,IF2011,2020-09-23 09:31:56.600,4597.8000,1682,0,99320880.000,0,-,-,-,-,4596.8000,4596.6000,4596.2000,4596.0000,4595.0000,4598.2000,4598.6000,4603.8000,4605.0000,4606.0000,1,11,4,1,10,1,1,1,1,6
SF,IF2011,2020-09-23 09:32:01.100,4596.8000,1682,0,100699920.000,1,0,1,多换,S,4596.6000,4596.2000,4596.0000,4595.0000,4594.0000,4598.2000,4598.6000,4603.8000,4605.0000,4606.0000,11,4,1,10,10,1,1,1,1,6
SF,IF2011,2020-09-23 09:32:01.600,4596.8000,1682,0,100699920.000,0,-,-,-,-,4596.6000,4596.2000,4596.0000,4595.0000,4594.0000,4598.0000,4598.2000,4598.6000,4603.8000,4605.0000,11,4,1,10,10,2,1,1,1,1
SF,IF2011,2020-09-23 09:32:02.100,4596.8000,1682,0,100699920.000,0,-,-,-,-,4596.6000,4596.2000,4596.0000,4595.0000,4594.0000,4597.8000,4598.0000,4598.2000,4598.6000,4603.8000,11,4,1,10,10,1,2,1,1,1
SF,IF2011,2020-09-23 09:32:02.600,4596.6000,1677,-5,107594820.000,5,0,5,双平,S,4596.6000,4596.2000,4596.0000,4595.0000,4594.0000,4597.6000,4597.8000,4598.0000,4598.2000,4598.6000,6,4,1,10,10,1,1,1,1,1
SF,IF2011,2020-09-23 09:32:03.100,4596.6000,1671,-6,115868700.000,6,0,6,双平,S,4596.2000,4596.0000,4595.0000,4594.0000,4593.0000,4596.8000,4597.2000,4597.4000,4597.6000,4597.8000,4,1,10,10,10,1,1,1,3,1
SF,IF2011,2020-09-23 09:32:03.600,4596.2000,1667,-4,121384140.000,4,0,4,双平,S,4596.0000,4595.0000,4594.0000,4593.0000,4592.0000,4597.4000,4597.6000,4597.8000,4598.0000,4598.2000,1,10,10,10,10,1,1,1,1,1
SF,IF2011,2020-09-23 09:32:04.100,4596.2000,1667,0,121384140.000,0,-,-,-,-,4596.0000,4595.0000,4594.0000,4593.0000,4592.0000,4597.2000,4597.4000,4597.6000,4597.8000,4598.0000,1,10,10,10,10,1,1,1,1,1
SF,IF2011,2020-09-23 09:32:04.600,4596.2000,1667,0,121384140.000,0,-,-,-,-,4596.0000,4595.0000,4594.0000,4593.0000,4592.0000,4597.0000,4597.2000,4597.4000,4597.6000,4597.8000,1,10,10,10,10,1,2,1,1,1
SF,IF2011,2020-09-23 09:32:05.100,4596.2000,1667,0,121384140.000,0,-,-,-,-,4596.0000,4595.0000,4594.0000,4593.0000,4592.0000,4597.0000,4597.2000,4597.4000,4597.6000,4597.8000,1,10,10,10,10,1,2,1,1,1
SF,IF2011,2020-09-23 09:32:05.600,4596.0000,1667,0,122762940.000,1,0,1,多换,S,4595.0000,4594.0000,4593.0000,4592.0000,4591.0000,4596.8000,4597.0000,4597.2000,4597.4000,4597.6000,10,10,10,10,10,2,1,2,1,1
SF,IF2011,2020-09-23 09:32:06.100,4596.0000,1667,0,122762940.000,0,-,-,-,-,4595.0000,4594.0000,4593.0000,4592.0000,4591.0000,4596.8000,4597.0000,4597.2000,4597.4000,4597.6000,10,10,10,10,10,2,1,2,1,1
SF,IF2011,2020-09-23 09:32:06.600,4596.0000,1667,0,122762940.000,0,-,-,-,-,4595.0000,4594.0000,4593.0000,4592.0000,4591.0000,4596.6000,4596.8000,4597.0000,4597.2000,4597.4000,10,10,10,10,10,1,1,1,2,1
SF,IF2011,2020-09-23 09:32:07.100,4596.0000,1667,0,122762940.000,0,-,-,-,-,4595.0000,4594.0000,4593.0000,4592.0000,4591.0000,4596.6000,4596.8000,4597.0000,4597.2000,4597.4000,10,10,10,10,10,1,1,1,1,1
SF,IF2011,2020-09-23 09:32:14.600,4596.0000,1667,0,122762940.000,0,-,-,-,-,4595.0000,4594.0000,4593.0000,4592.0000,4591.0000,4596.6000,4596.8000,4597.0000,4597.2000,4597.4000,10,10,10,10,10,1,1,1,1,1
SF,IF2011,2020-09-23 09:32:15.600,4596.0000,1667,0,122762940.000,0,-,-,-,-,4595.0000,4594.0000,4593.0000,4592.0000,4591.0000,4596.6000,4596.8000,4597.0000,4597.2000,4597.4000,10,10,10,10,10,1,1,1,1,1
SF,IF2011,2020-09-23 09:32:19.100,4596.6000,1667,0,124141920.000,1,0,1,多换,S,4595.0000,4594.0000,4593.0000,4592.0000,4591.0000,4596.8000,4597.0000,4597.2000,4597.4000,4597.6000,10,10,10,10,10,1,1,1,1,1
SF,IF2011,2020-09-23 09:32:19.600,4596.6000,1667,0,124141920.000,0,-,-,-,-,4595.2000,4595.0000,4594.0000,4593.0000,4592.0000,4596.8000,4597.0000,4597.2000,4597.4000,4597.6000,1,10,10,10,10,1,1,1,1,1
SF,IF2011,2020-09-23 09:32:20.100,4596.8000,1666,-1,126899940.000,2,0,2,多平,S,4595.2000,4595.0000,4594.0000,4593.0000,4592.0000,4597.0000,4597.2000,4597.4000,4603.8000,4605.0000,1,10,10,10,10,1,1,1,1,1
SF,IF2011,2020-09-23 09:32:20.600,4597.4000,1666,0,129658260.000,2,1,1,多换,S,4595.4000,4595.2000,4595.0000,4594.0000,4593.0000,4603.8000,4605.0000,4606.0000,4611.0000,4611.8000,1,1,10,10,10,1,1,6,3,1
SF,IF2011,2020-09-23 09:32:21.100,4597.4000,1666,0,129658260.000,0,-,-,-,-,4595.4000,4595.0000,4594.0000,4593.0000,4592.0000,4598.8000,4599.0000,4599.6000,4600.0000,4600.2000,1,10,10,10,10,2,3,2,1,2
SF,IF2011,2020-09-23 09:32:21.600,4597.4000,1666,0,129658260.000,0,-,-,-,-,4595.4000,4595.0000,4594.0000,4593.0000,4592.0000,4598.4000,4599.0000,4600.0000,4600.2000,4603.6000,1,10,10,10,10,2,3,1,2,1
SF,IF2011,2020-09-23 09:32:22.100,4599.0000,1667,1,133797000.000,3,2,1,空开,S,4595.4000,4595.0000,4594.0000,4593.0000,4592.0000,4599.0000,4600.0000,4600.2000,4602.0000,4603.6000,1,10,10,10,10,2,1,2,1,1
SF,IF2011,2020-09-23 09:32:22.600,4599.0000,1667,0,133797000.000,0,-,-,-,-,4595.4000,4595.0000,4594.0000,4593.0000,4592.0000,4598.8000,4599.0000,4600.0000,4600.2000,4602.0000,1,10,10,10,10,3,2,1,2,1
SF,IF2011,2020-09-23 09:32:23.100,4599.0000,1667,0,133797000.000,0,-,-,-,-,4596.0000,4595.4000,4595.0000,4594.0000,4593.0000,4598.6000,4598.8000,4599.0000,4600.0000,4600.2000,1,1,10,10,10,1,3,2,1,2
SF,IF2011,2020-09-23 09:32:23.600,4599.0000,1667,0,133797000.000,0,-,-,-,-,4596.2000,4596.0000,4595.4000,4595.0000,4594.0000,4598.8000,4599.0000,4600.0000,4600.2000,4602.0000,1,1,1,10,10,2,1,1,2,1
SF,IF2011,2020-09-23 09:32:24.100,4599.0000,1667,0,133797000.000,0,-,-,-,-,4596.2000,4596.0000,4595.4000,4595.0000,4594.0000,4600.2000,4602.0000,4605.0000,4606.0000,4611.8000,1,1,1,10,10,2,1,1,6,1
SF,IF2011,2020-09-23 09:32:24.600,4599.0000,1667,0,133797000.000,0,-,-,-,-,4596.4000,4596.2000,4596.0000,4595.4000,4595.0000,4599.8000,4600.0000,4600.2000,4602.0000,4602.4000,1,1,1,1,10,2,2,2,1,1
SF,IF2011,2020-09-23 09:32:25.100,4599.0000,1667,0,133797000.000,0,-,-,-,-,4596.6000,4596.4000,4596.2000,4596.0000,4595.4000,4599.6000,4600.0000,4600.2000,4602.0000,4602.4000,1,1,1,1,1,3,2,2,1,1
SF,IF2011,2020-09-23 09:32:25.600,4599.0000,1667,0,133797000.000,0,-,-,-,-,4596.6000,4596.4000,4596.2000,4596.0000,4595.4000,4599.6000,4600.0000,4600.2000,4602.0000,4602.4000,1,1,1,1,1,3,1,2,1,1
SF,IF2011,2020-09-23 09:32:26.100,4599.0000,1667,0,133797000.000,0,-,-,-,-,4596.6000,4596.4000,4596.2000,4596.0000,4595.4000,4599.6000,4600.0000,4600.2000,4602.0000,4602.4000,1,1,1,1,1,2,1,2,1,1
SF,IF2011,2020-09-23 09:32:26.600,4599.0000,1667,0,133797000.000,0,-,-,-,-,4596.6000,4596.4000,4596.2000,4596.0000,4595.4000,4600.0000,4602.0000,4602.4000,4605.0000,4606.0000,1,1,1,1,1,1,1,1,1,6
SF,IF2011,2020-09-23 09:32:27.600,4599.0000,1667,0,133797000.000,0,-,-,-,-,4596.6000,4596.4000,4596.2000,4596.0000,4595.0000,4600.0000,4602.0000,4602.4000,4605.0000,4606.0000,1,1,1,1,10,1,1,1,1,6
SF,IF2011,2020-09-23 09:32:28.100,4599.0000,1667,0,133797000.000,0,-,-,-,-,4596.6000,4596.2000,4596.0000,4595.0000,4594.0000,4599.8000,4600.0000,4602.0000,4602.4000,4605.0000,1,1,1,10,10,2,1,1,1,1
SF,IF2011,2020-09-23 09:32:28.600,4599.0000,1667,0,133797000.000,0,-,-,-,-,4596.6000,4596.2000,4596.0000,4595.0000,4594.0000,4599.0000,4599.6000,4599.8000,4600.0000,4602.0000,1,1,1,10,10,1,2,2,1,1
SF,IF2011,2020-09-23 09:32:29.100,4599.0000,1667,0,133797000.000,0,-,-,-,-,4596.0000,4595.0000,4594.0000,4593.0000,4592.0000,4598.6000,4599.0000,4599.2000,4599.4000,4599.6000,1,10,10,10,10,2,2,1,1,2
SF,IF2011,2020-09-23 09:32:29.600,4599.0000,1667,0,133797000.000,0,-,-,-,-,4595.0000,4594.0000,4593.0000,4592.0000,4591.0000,4598.6000,4599.0000,4599.2000,4599.4000,4599.6000,10,10,10,10,10,2,2,1,1,1
SF,IF2011,2020-09-23 09:32:30.100,4599.0000,1667,0,133797000.000,0,-,-,-,-,4595.2000,4595.0000,4594.0000,4593.0000,4592.0000,4598.4000,4599.0000,4599.4000,4599.6000,4605.0000,2,10,10,10,10,3,2,1,1,1
SF,IF2011,2020-09-23 09:32:30.600,4599.0000,1667,0,133797000.000,0,-,-,-,-,4596.0000,4595.2000,4595.0000,4594.0000,4593.0000,4598.4000,4599.0000,4599.4000,4605.0000,4606.0000,1,2,10,10,10,3,1,1,1,6
SF,IF2011,2020-09-23 09:32:31.100,4599.0000,1667,0,133797000.000,0,-,-,-,-,4596.0000,4595.6000,4595.2000,4595.0000,4594.0000,4599.0000,4599.4000,4605.0000,4606.0000,4611.8000,1,1,2,10,10,1,1,1,6,1
SF,IF2011,2020-09-23 09:32:31.600,4599.0000,1667,0,133797000.000,0,-,-,-,-,4596.2000,4596.0000,4595.6000,4595.2000,4595.0000,4599.4000,4605.0000,4606.0000,4611.8000,4615.0000,1,1,1,2,10,1,1,6,1,3
SF,IF2011,2020-09-23 09:32:32.100,4599.0000,1667,0,133797000.000,0,-,-,-,-,4596.4000,4596.2000,4596.0000,4595.6000,4595.2000,4599.4000,4605.0000,4606.0000,4611.8000,4615.0000,1,1,1,1,1,1,1,6,1,3
SF,IF2011,2020-09-23 09:32:32.600,4599.0000,1667,0,133797000.000,0,-,-,-,-,4596.6000,4596.4000,4596.2000,4596.0000,4595.2000,4599.4000,4605.0000,4606.0000,4611.8000,4615.0000,1,1,2,1,1,1,1,6,1,3
SF,IF2011,2020-09-23 09:32:33.600,4599.0000,1667,0,133797000.000,0,-,-,-,-,4596.6000,4596.4000,4596.2000,4596.0000,4595.0000,4599.4000,4605.0000,4606.0000,4611.8000,4615.0000,1,1,1,1,10,1,1,6,1,3
SF,IF2011,2020-09-23 09:32:34.100,4599.0000,1667,0,133797000.000,0,-,-,-,-,4597.0000,4596.6000,4596.2000,4596.0000,4595.0000,4599.2000,4599.4000,4605.0000,4606.0000,4611.8000,1,1,1,1,10,2,1,1,6,1
SF,IF2011,2020-09-23 09:32:34.600,4599.0000,1667,0,133797000.000,0,-,-,-,-,4597.0000,4596.2000,4596.0000,4595.0000,4594.0000,4599.0000,4599.2000,4599.4000,4605.0000,4606.0000,1,1,1,10,10,1,2,1,1,6
SF,IF2011,2020-09-23 09:32:35.100,4599.0000,1667,0,133797000.000,0,-,-,-,-,4597.0000,4596.2000,4596.0000,4595.0000,4594.0000,4598.8000,4599.0000,4599.4000,4605.0000,4606.0000,1,1,1,10,10,2,2,1,1,6
SF,IF2011,2020-09-23 09:32:35.600,4599.0000,1667,0,133797000.000,0,-,-,-,-,4597.0000,4596.2000,4596.0000,4595.0000,4594.0000,4598.8000,4599.4000,4605.0000,4606.0000,4611.8000,1,1,1,10,10,2,1,1,6,1
SF,IF2011,2020-09-23 09:32:36.100,4599.0000,1667,0,133797000.000,0,-,-,-,-,4597.0000,4596.2000,4596.0000,4595.0000,4594.0000,4598.8000,4599.4000,4605.0000,4606.0000,4611.8000,1,1,1,10,10,2,1,1,6,1
SF,IF2011,2020-09-23 09:32:36.600,4599.0000,1667,0,133797000.000,0,-,-,-,-,4597.0000,4596.0000,4595.0000,4594.0000,4593.0000,4598.8000,4599.4000,4605.0000,4606.0000,4611.8000,1,1,10,10,10,2,1,1,6,1
SF,IF2011,2020-09-23 09:32:37.600,4597.0000,1666,-1,135176100.000,1,0,1,双平,S,4596.0000,4595.0000,4594.0000,4593.0000,4592.0000,4597.0000,4598.8000,4599.4000,4605.0000,4606.0000,1,10,10,10,10,1,2,1,1,6
SF,IF2011,2020-09-23 09:32:38.100,4597.0000,1666,0,135176100.000,0,-,-,-,-,4595.0000,4594.0000,4593.0000,4592.0000,4591.0000,4597.0000,4598.8000,4599.4000,4605.0000,4606.0000,10,10,10,10,10,1,2,1,1,6
SF,IF2011,2020-09-23 09:32:39.100,4597.0000,1666,0,135176100.000,0,-,-,-,-,4595.2000,4595.0000,4594.0000,4593.0000,4592.0000,4597.0000,4598.8000,4599.4000,4605.0000,4606.0000,1,10,10,10,10,1,2,1,1,6
SF,IF2011,2020-09-23 09:32:39.600,4597.0000,1666,0,135176100.000,0,-,-,-,-,4595.2000,4595.0000,4594.0000,4593.0000,4592.0000,4597.0000,4598.8000,4599.4000,4605.0000,4606.0000,1,10,10,10,10,1,2,1,1,6
SF,IF2011,2020-09-23 09:32:40.100,4597.0000,1666,0,135176100.000,0,-,-,-,-,4596.2000,4596.0000,4595.2000,4595.0000,4594.0000,4597.0000,4598.8000,4605.0000,4606.0000,4611.8000,1,1,1,10,10,1,2,1,6,1
SF,IF2011,2020-09-23 09:32:40.600,4597.0000,1666,0,135176100.000,0,-,-,-,-,4595.0000,4594.0000,4593.0000,4592.0000,4591.0000,4597.0000,4605.0000,4606.0000,4611.8000,4615.0000,10,10,10,10,10,1,1,6,1,3
SF,IF2011,2020-09-23 09:32:41.100,4597.0000,1665,-1,136555200.000,1,0,1,双平,S,4596.0000,4595.4000,4595.2000,4595.0000,4594.0000,4605.0000,4606.0000,4611.8000,4615.0000,4620.0000,1,1,1,10,10,1,6,1,3,5
SF,IF2011,2020-09-23 09:32:41.600,4597.0000,1665,0,136555200.000,0,-,-,-,-,4596.0000,4595.4000,4595.2000,4595.0000,4594.0000,4599.0000,4599.4000,4599.8000,4600.0000,4600.2000,1,1,1,10,10,1,2,1,1,3
SF,IF2011,2020-09-23 09:32:42.100,4597.0000,1665,0,136555200.000,0,-,-,-,-,4596.2000,4596.0000,4595.4000,4595.2000,4595.0000,4599.0000,4599.4000,4600.0000,4600.2000,4600.4000,1,1,1,1,10,1,2,1,2,1
SF,IF2011,2020-09-23 09:32:42.600,4597.0000,1665,0,136555200.000,0,-,-,-,-,4596.0000,4595.4000,4595.0000,4594.0000,4593.0000,4598.8000,4599.0000,4600.0000,4600.2000,4600.4000,1,1,10,10,10,3,1,1,2,1
SF,IF2011,2020-09-23 09:32:43.100,4597.0000,1665,0,136555200.000,0,-,-,-,-,4596.0000,4595.4000,4595.0000,4594.0000,4593.0000,4598.6000,4598.8000,4599.0000,4600.0000,4600.2000,1,1,10,10,10,2,1,1,1,2
SF,IF2011,2020-09-23 09:32:43.600,4597.0000,1665,0,136555200.000,0,-,-,-,-,4596.0000,4595.4000,4595.0000,4594.0000,4593.0000,4598.4000,4598.8000,4599.0000,4600.0000,4600.2000,1,1,10,10,10,2,1,1,1,2
SF,IF2011,2020-09-23 09:32:44.100,4597.0000,1665,0,136555200.000,0,-,-,-,-,4596.0000,4595.4000,4595.0000,4594.0000,4593.0000,4598.4000,4599.0000,4600.0000,4600.2000,4601.8000,1,1,10,10,10,2,1,1,2,1
SF,IF2011,2020-09-23 09:32:45.100,4597.0000,1665,0,136555200.000,0,-,-,-,-,4596.2000,4596.0000,4595.0000,4594.0000,4593.0000,4598.4000,4599.0000,4600.0000,4600.2000,4601.8000,1,1,10,10,10,2,1,1,2,1
SF,IF2011,2020-09-23 09:32:45.600,4597.0000,1665,0,136555200.000,0,-,-,-,-,4596.2000,4596.0000,4595.6000,4595.0000,4594.0000,4598.4000,4599.0000,4600.0000,4600.2000,4601.8000,1,1,2,10,10,2,1,1,2,1
SF,IF2011,2020-09-23 09:32:46.100,4597.0000,1665,0,136555200.000,0,-,-,-,-,4596.2000,4595.6000,4595.0000,4594.0000,4593.0000,4598.2000,4599.0000,4600.0000,4600.2000,4605.0000,1,2,10,10,10,2,1,1,2,1
SF,IF2011,2020-09-23 09:32:46.600,4597.0000,1665,0,136555200.000,0,-,-,-,-,4596.2000,4595.6000,4595.0000,4594.0000,4593.0000,4598.0000,4598.2000,4599.0000,4600.0000,4600.2000,1,2,10,10,10,1,2,1,1,1
SF,IF2011,2020-09-23 09:32:47.100,4596.2000,1664,-1,137934060.000,1,0,1,双平,S,4595.6000,4595.0000,4594.0000,4593.0000,4592.0000,4597.4000,4598.0000,4599.0000,4600.0000,4600.2000,2,10,10,10,10,2,1,1,1,1
SF,IF2011,2020-09-23 09:32:48.100,4596.2000,1664,0,137934060.000,0,-,-,-,-,4595.6000,4595.0000,4594.0000,4593.0000,4592.0000,4599.0000,4600.0000,4600.2000,4605.0000,4606.0000,2,10,10,10,10,1,1,1,1,6
SF,IF2011,2020-09-23 09:32:48.600,4596.2000,1664,0,137934060.000,0,-,-,-,-,4595.6000,4595.0000,4594.0000,4593.0000,4592.0000,4598.0000,4599.0000,4600.0000,4600.2000,4605.0000,2,10,10,10,10,2,2,1,1,1
SF,IF2011,2020-09-23 09:32:49.100,4596.2000,1664,0,137934060.000,0,-,-,-,-,4596.0000,4595.6000,4595.0000,4594.0000,4593.0000,4598.0000,4599.0000,4600.0000,4600.2000,4605.0000,1,2,10,10,10,2,2,1,1,1
SF,IF2011,2020-09-23 09:32:50.100,4596.2000,1664,0,137934060.000,0,-,-,-,-,4595.6000,4595.0000,4594.0000,4593.0000,4592.0000,4598.0000,4599.0000,4600.0000,4600.2000,4605.0000,2,10,10,10,10,2,2,1,1,1
SF,IF2011,2020-09-23 09:32:50.600,4596.2000,1664,0,137934060.000,0,-,-,-,-,4595.6000,4595.0000,4594.0000,4593.0000,4592.0000,4597.8000,4599.0000,4600.0000,4600.2000,4605.0000,2,10,10,10,10,2,2,1,1,1
SF,IF2011,2020-09-23 09:32:51.100,4596.2000,1664,0,137934060.000,0,-,-,-,-,4595.6000,4595.0000,4594.0000,4593.0000,4592.0000,4597.4000,4597.6000,4599.0000,4600.0000,4600.2000,2,10,10,10,10,2,1,2,1,1
SF,IF2011,2020-09-23 09:32:51.600,4596.2000,1664,0,137934060.000,0,-,-,-,-,4595.6000,4595.0000,4594.0000,4593.0000,4592.0000,4597.0000,4597.2000,4597.6000,4600.0000,4600.2000,2,10,10,10,10,2,1,1,1,1
SF,IF2011,2020-09-23 09:32:52.100,4596.2000,1664,0,137934060.000,0,-,-,-,-,4595.6000,4595.0000,4594.0000,4593.0000,4592.0000,4597.0000,4597.6000,4600.0000,4600.2000,4605.0000,2,10,10,10,10,2,1,1,1,1
SF,IF2011,2020-09-23 09:32:53.100,4596.2000,1664,0,137934060.000,0,-,-,-,-,4595.6000,4595.0000,4594.0000,4593.0000,4592.0000,4597.0000,4600.0000,4600.2000,4605.0000,4606.0000,2,10,10,10,10,2,1,1,1,6
SF,IF2011,2020-09-23 09:32:53.600,4596.2000,1664,0,137934060.000,0,-,-,-,-,4595.6000,4595.0000,4594.0000,4593.0000,4592.0000,4597.0000,4600.0000,4600.2000,4605.0000,4606.0000,2,10,10,10,10,2,1,1,1,6
SF,IF2011,2020-09-23 09:32:54.100,4597.0000,1663,-1,140692260.000,2,0,2,多平,S,4595.6000,4595.0000,4594.0000,4593.0000,4592.0000,4600.0000,4600.2000,4605.0000,4606.0000,4610.0000,2,10,10,10,10,1,1,1,6,5
SF,IF2011,2020-09-23 09:32:54.600,4597.0000,1663,0,140692260.000,0,-,-,-,-,4595.6000,4595.0000,4594.0000,4593.0000,4592.0000,4597.6000,4598.0000,4598.8000,4599.0000,4599.8000,2,10,10,10,10,2,1,1,2,3
SF,IF2011,2020-09-23 09:32:55.100,4597.0000,1663,0,140692260.000,0,-,-,-,-,4595.6000,4595.0000,4594.0000,4593.0000,4592.0000,4597.6000,4598.0000,4598.8000,4599.0000,4599.8000,2,10,10,10,10,2,1,1,2,1
SF,IF2011,2020-09-23 09:32:55.600,4597.0000,1663,0,140692260.000,0,-,-,-,-,4595.6000,4595.0000,4594.0000,4593.0000,4592.0000,4598.8000,4599.0000,4599.8000,4600.0000,4600.2000,2,10,10,10,10,1,1,1,1,1
SF,IF2011,2020-09-23 09:32:56.100,4598.6000,1664,1,142071840.000,1,1,0,双开,S,4595.6000,4595.0000,4594.0000,4593.0000,4592.0000,4598.6000,4598.8000,4599.0000,4599.8000,4600.0000,2,10,10,10,10,1,1,1,1,1
SF,IF2011,2020-09-23 09:32:56.600,4598.6000,1664,0,142071840.000,0,-,-,-,-,4595.6000,4595.0000,4594.0000,4593.0000,4592.0000,4597.8000,4598.8000,4599.0000,4599.8000,4600.0000,2,10,10,10,10,1,1,1,1,1
SF,IF2011,2020-09-23 09:32:57.100,4598.6000,1664,0,142071840.000,0,-,-,-,-,4595.6000,4595.0000,4594.0000,4593.0000,4592.0000,4597.6000,4598.8000,4599.0000,4599.8000,4600.0000,2,10,10,10,10,1,1,1,1,1
SF,IF2011,2020-09-23 09:32:57.600,4598.6000,1664,0,142071840.000,0,-,-,-,-,4595.6000,4595.0000,4594.0000,4593.0000,4592.0000,4599.0000,4599.8000,4600.0000,4600.2000,4605.0000,2,10,10,10,10,1,1,1,1,1
SF,IF2011,2020-09-23 09:32:58.100,4598.6000,1664,0,142071840.000,0,-,-,-,-,4595.6000,4595.0000,4594.0000,4593.0000,4592.0000,4597.2000,4598.0000,4598.4000,4598.6000,4598.8000,2,10,10,10,10,1,1,1,1,1
SF,IF2011,2020-09-23 09:32:58.600,4598.6000,1664,0,142071840.000,0,-,-,-,-,4595.6000,4595.0000,4594.0000,4593.0000,4592.0000,4597.0000,4597.2000,4598.0000,4598.2000,4598.8000,2,10,10,10,10,1,1,1,1,1
SF,IF2011,2020-09-23 09:32:59.600,4598.6000,1664,0,142071840.000,0,-,-,-,-,4595.6000,4595.0000,4594.0000,4593.0000,4592.0000,4598.2000,4598.8000,4599.0000,4599.8000,4600.0000,2,10,10,10,10,1,1,1,1,1
SF,IF2011,2020-09-23 09:33:00.100,4595.6000,1662,-2,144829200.000,2,0,2,双平,S,4595.0000,4594.0000,4593.0000,4592.0000,4591.0000,4596.8000,4597.2000,4597.6000,4597.8000,4598.0000,10,10,10,10,10,1,1,1,1,2
SF,IF2011,2020-09-23 09:33:00.600,4595.6000,1662,0,144829200.000,0,-,-,-,-,4595.0000,4594.0000,4593.0000,4592.0000,4591.0000,4596.8000,4597.2000,4597.6000,4598.0000,4598.2000,10,10,10,10,10,1,1,1,2,1
SF,IF2011,2020-09-23 09:33:01.100,4595.6000,1662,0,144829200.000,0,-,-,-,-,4595.0000,4594.0000,4593.0000,4592.0000,4591.0000,4596.6000,4596.8000,4597.2000,4597.6000,4598.0000,10,10,10,10,10,1,1,1,1,2
SF,IF2011,2020-09-23 09:33:02.100,4595.0000,1662,0,150343200.000,4,2,2,多换,S,4595.0000,4594.0000,4593.0000,4592.0000,4591.0000,4596.6000,4596.8000,4597.2000,4597.6000,4598.0000,6,10,10,10,10,1,1,1,1,2
SF,IF2011,2020-09-23 09:33:03.100,4595.0000,1662,0,150343200.000,0,-,-,-,-,4595.0000,4594.0000,4593.0000,4592.0000,4591.0000,4596.6000,4596.8000,4597.2000,4597.6000,4598.0000,6,10,10,10,10,1,1,1,1,2
SF,IF2011,2020-09-23 09:33:04.100,4595.0000,1662,0,150343200.000,0,-,-,-,-,4595.0000,4594.0000,4593.0000,4592.0000,4591.0000,4596.6000,4596.8000,4597.2000,4597.6000,4598.0000,6,10,10,10,10,1,1,1,1,2
SF,IF2011,2020-09-23 09:33:04.600,4595.0000,1662,0,153100200.000,2,1,1,多换,S,4595.0000,4594.0000,4593.0000,4592.0000,4591.0000,4596.2000,4596.8000,4597.2000,4597.6000,4598.0000,4,10,10,10,10,1,1,1,1,2
SF,IF2011,2020-09-23 09:33:05.600,4595.0000,1662,0,158614200.000,4,2,2,多换,S,4594.0000,4593.0000,4592.0000,4591.0000,4590.0000,4596.2000,4596.8000,4597.2000,4597.6000,4598.0000,10,10,10,10,10,1,1,1,1,2
SF,IF2011,2020-09-23 09:33:06.100,4595.0000,1662,0,158614200.000,0,-,-,-,-,4594.0000,4593.0000,4592.0000,4591.0000,4590.0000,4595.8000,4596.8000,4597.2000,4597.6000,4598.0000,10,10,10,10,10,1,1,1,1,2
SF,IF2011,2020-09-23 09:33:06.600,4595.0000,1662,0,158614200.000,0,-,-,-,-,4594.0000,4593.0000,4592.0000,4591.0000,4590.0000,4595.6000,4596.8000,4597.2000,4598.0000,4599.8000,10,10,10,10,10,1,1,1,2,1
SF,IF2011,2020-09-23 09:33:07.600,4595.0000,1662,0,158614200.000,0,-,-,-,-,4594.0000,4593.0000,4592.0000,4591.0000,4590.0000,4595.4000,4595.6000,4596.8000,4598.0000,4599.8000,10,10,10,10,10,1,1,1,1,1
SF,IF2011,2020-09-23 09:33:08.100,4594.0000,1662,0,161370600.000,2,1,1,多换,S,4594.0000,4593.0000,4592.0000,4591.0000,4590.0000,4595.0000,4595.4000,4596.8000,4598.0000,4599.8000,8,10,10,10,10,1,1,1,1,1
SF,IF2011,2020-09-23 09:33:08.600,4594.0000,1662,0,171018000.000,7,3,4,多换,S,4594.0000,4593.0000,4592.0000,4591.0000,4590.0000,4594.8000,4595.4000,4596.8000,4598.0000,4599.8000,2,10,10,10,10,1,1,1,1,1
SF,IF2011,2020-09-23 09:33:09.600,4594.8000,1661,-1,172396440.000,1,0,1,双平,S,4594.0000,4593.0000,4592.0000,4591.0000,4590.0000,4595.4000,4596.8000,4599.8000,4605.0000,4606.0000,2,10,10,10,10,1,1,1,1,6
SF,IF2011,2020-09-23 09:33:10.100,4594.8000,1661,0,172396440.000,0,-,-,-,-,4594.0000,4593.0000,4592.0000,4591.0000,4590.0000,4596.8000,4599.8000,4605.0000,4606.0000,4610.0000,2,10,10,10,10,1,1,1,6,5
SF,IF2011,2020-09-23 09:33:10.600,4594.8000,1661,0,172396440.000,0,-,-,-,-,4594.0000,4593.0000,4592.0000,4591.0000,4590.0000,4596.0000,4596.8000,4599.8000,4605.0000,4606.0000,2,10,10,10,10,1,1,1,1,6
SF,IF2011,2020-09-23 09:33:11.100,4594.8000,1661,0,172396440.000,0,-,-,-,-,4594.0000,4593.0000,4592.0000,4591.0000,4590.0000,4596.0000,4596.8000,4599.8000,4605.0000,4606.0000,2,10,10,10,10,1,1,1,1,6
SF,IF2011,2020-09-23 09:33:11.600,4594.8000,1661,0,172396440.000,0,-,-,-,-,4594.0000,4593.0000,4592.0000,4591.0000,4590.0000,4596.0000,4596.8000,4599.8000,4605.0000,4606.0000,2,10,10,10,10,1,1,1,1,6
SF,IF2011,2020-09-23 09:33:12.600,4594.8000,1661,0,172396440.000,0,-,-,-,-,4594.0000,4593.0000,4592.0000,4591.0000,4590.0000,4595.8000,4596.0000,4596.8000,4599.8000,4605.0000,2,10,10,10,10,1,1,1,1,1
SF,IF2011,2020-09-23 09:33:13.100,4594.8000,1661,0,172396440.000,0,-,-,-,-,4594.0000,4593.0000,4592.0000,4591.0000,4590.0000,4596.0000,4596.8000,4599.8000,4605.0000,4606.0000,2,10,10,10,10,1,1,1,1,6
SF,IF2011,2020-09-23 09:33:13.600,4594.8000,1661,0,172396440.000,0,-,-,-,-,4594.0000,4593.0000,4592.0000,4591.0000,4590.0000,4596.0000,4596.8000,4605.0000,4606.0000,4610.0000,2,10,10,10,10,1,1,1,6,5
SF,IF2011,2020-09-23 09:33:16.100,4594.8000,1661,0,172396440.000,0,-,-,-,-,4594.0000,4593.0000,4592.0000,4591.0000,4590.0000,4596.0000,4596.8000,4605.0000,4606.0000,4610.0000,2,10,10,10,10,1,1,1,6,5
SF,IF2011,2020-09-23 09:33:16.600,4594.8000,1661,0,172396440.000,0,-,-,-,-,4594.0000,4593.0000,4592.0000,4591.0000,4590.0000,4596.0000,4596.8000,4605.0000,4606.0000,4610.0000,2,10,10,10,10,1,1,1,6,5
SF,IF2011,2020-09-23 09:33:17.600,4594.8000,1661,0,172396440.000,0,-,-,-,-,4594.0000,4593.0000,4592.0000,4591.0000,4590.0000,4596.0000,4596.8000,4605.0000,4606.0000,4610.0000,2,10,10,10,10,2,1,1,6,5
SF,IF2011,2020-09-23 09:33:18.100,4594.8000,1661,0,172396440.000,0,-,-,-,-,4594.0000,4593.0000,4592.0000,4591.0000,4590.0000,4595.8000,4596.8000,4605.0000,4606.0000,4610.0000,2,10,10,10,10,3,1,1,6,5
SF,IF2011,2020-09-23 09:33:18.600,4594.8000,1661,0,172396440.000,0,-,-,-,-,4594.0000,4593.0000,4592.0000,4591.0000,4590.0000,4595.6000,4595.8000,4596.8000,4605.0000,4606.0000,2,10,10,10,10,1,2,1,1,6
SF,IF2011,2020-09-23 09:33:19.100,4594.8000,1661,0,172396440.000,0,-,-,-,-,4594.0000,4593.0000,4592.0000,4591.0000,4590.0000,4595.6000,4595.8000,4596.8000,4605.0000,4606.0000,2,10,10,10,10,2,2,1,1,6
SF,IF2011,2020-09-23 09:33:19.600,4594.8000,1661,0,172396440.000,0,-,-,-,-,4594.0000,4593.0000,4592.0000,4591.0000,4590.0000,4595.6000,4595.8000,4596.8000,4605.0000,4606.0000,2,10,10,10,10,2,2,1,1,6
SF,IF2011,2020-09-23 09:33:21.600,4594.8000,1661,0,172396440.000,0,-,-,-,-,4594.0000,4593.0000,4592.0000,4591.0000,4590.0000,4595.6000,4595.8000,4596.8000,4605.0000,4606.0000,2,10,10,10,10,1,2,1,1,6
SF,IF2011,2020-09-23 09:33:22.100,4594.8000,1661,0,172396440.000,0,-,-,-,-,4594.0000,4593.0000,4592.0000,4591.0000,4590.0000,4595.6000,4595.8000,4596.8000,4605.0000,4606.0000,2,10,10,10,10,1,2,1,1,6
SF,IF2011,2020-09-23 09:33:24.100,4594.8000,1661,0,172396440.000,0,-,-,-,-,4594.0000,4593.0000,4592.0000,4591.0000,4590.0000,4595.4000,4595.6000,4595.8000,4596.8000,4605.0000,2,10,10,10,10,1,2,2,1,1
SF,IF2011,2020-09-23 09:33:24.600,4594.8000,1661,0,172396440.000,0,-,-,-,-,4594.0000,4593.0000,4592.0000,4591.0000,4590.0000,4595.6000,4595.8000,4596.8000,4605.0000,4606.0000,2,10,10,10,10,1,2,1,1,6
SF,IF2011,2020-09-23 09:33:25.100,4594.0000,1662,1,176531100.000,3,2,1,空开,S,4593.0000,4592.0000,4591.0000,4590.0000,4589.0000,4594.0000,4595.4000,4595.6000,4595.8000,4596.8000,10,10,10,10,10,1,2,1,2,1
SF,IF2011,2020-09-23 09:33:25.600,4593.0000,1663,1,179287200.000,2,1,1,空开,S,4593.0000,4592.0000,4591.0000,4590.0000,4589.0000,4595.6000,4596.8000,4605.0000,4606.0000,4610.0000,9,10,10,10,10,1,1,1,6,5
SF,IF2011,2020-09-23 09:33:26.100,4593.0000,1663,0,179287200.000,0,-,-,-,-,4593.0000,4592.0000,4591.0000,4590.0000,4589.0000,4595.0000,4595.4000,4595.6000,4596.8000,4605.0000,9,10,10,10,10,1,2,1,1,1
SF,IF2011,2020-09-23 09:33:26.600,4593.0000,1663,0,179287200.000,0,-,-,-,-,4593.0000,4592.0000,4591.0000,4590.0000,4589.0000,4595.4000,4595.6000,4596.8000,4605.0000,4606.0000,9,10,10,10,10,1,1,1,1,6
SF,IF2011,2020-09-23 09:33:27.100,4593.0000,1663,0,179287200.000,0,-,-,-,-,4593.0000,4592.0000,4591.0000,4590.0000,4589.0000,4595.6000,4596.8000,4605.0000,4606.0000,4610.0000,9,10,10,10,10,1,1,1,6,5
SF,IF2011,2020-09-23 09:33:27.600,4593.0000,1663,0,179287200.000,0,-,-,-,-,4593.0000,4592.0000,4591.0000,4590.0000,4589.0000,4595.6000,4596.8000,4605.0000,4606.0000,4610.0000,9,10,10,10,10,1,1,1,6,5
SF,IF2011,2020-09-23 09:33:28.100,4593.0000,1663,0,179287200.000,0,-,-,-,-,4593.0000,4592.0000,4591.0000,4590.0000,4589.0000,4595.6000,4596.8000,4605.0000,4606.0000,4610.0000,9,10,10,10,10,1,1,1,6,5
SF,IF2011,2020-09-23 09:33:28.600,4593.0000,1663,0,179287200.000,0,-,-,-,-,4593.0000,4592.0000,4591.0000,4590.0000,4589.0000,4596.8000,4605.0000,4606.0000,4610.0000,4615.0000,9,10,10,10,10,1,1,6,5,3
SF,IF2011,2020-09-23 09:33:29.100,4593.0000,1663,0,179287200.000,0,-,-,-,-,4593.6000,4593.4000,4593.2000,4593.0000,4592.0000,4596.6000,4596.8000,4605.0000,4606.0000,4610.0000,1,1,2,9,10,1,2,1,6,5
SF,IF2011,2020-09-23 09:33:29.600,4593.0000,1663,0,179287200.000,0,-,-,-,-,4593.2000,4593.0000,4592.0000,4591.0000,4590.0000,4596.4000,4596.6000,4596.8000,4605.0000,4606.0000,2,9,10,10,10,1,1,2,1,6
SF,IF2011,2020-09-23 09:33:30.100,4593.0000,1663,0,179287200.000,0,-,-,-,-,4593.6000,4593.4000,4593.2000,4593.0000,4592.0000,4596.0000,4596.4000,4596.8000,4605.0000,4606.0000,1,1,2,9,10,1,1,2,1,6
SF,IF2011,2020-09-23 09:33:30.600,4593.0000,1663,0,179287200.000,0,-,-,-,-,4593.6000,4593.2000,4593.0000,4592.0000,4591.0000,4596.0000,4596.4000,4596.8000,4605.0000,4606.0000,1,1,9,10,10,1,1,1,1,6
SF,IF2011,2020-09-23 09:33:31.100,4593.0000,1663,0,179287200.000,0,-,-,-,-,4593.2000,4593.0000,4592.0000,4591.0000,4590.0000,4595.8000,4596.4000,4596.8000,4605.0000,4606.0000,1,9,10,10,10,1,1,1,1,6
SF,IF2011,2020-09-23 09:33:31.600,4593.0000,1663,0,179287200.000,0,-,-,-,-,4593.6000,4593.4000,4593.2000,4593.0000,4592.0000,4595.8000,4596.8000,4605.0000,4606.0000,4610.0000,1,1,1,9,10,1,1,1,6,5
SF,IF2011,2020-09-23 09:33:32.100,4593.0000,1663,0,179287200.000,0,-,-,-,-,4593.6000,4593.4000,4593.2000,4593.0000,4592.0000,4595.8000,4596.8000,4605.0000,4606.0000,4610.0000,1,1,1,9,10,1,1,1,6,5
SF,IF2011,2020-09-23 09:33:32.600,4593.0000,1663,0,179287200.000,0,-,-,-,-,4593.6000,4593.4000,4593.2000,4593.0000,4592.0000,4595.8000,4596.8000,4605.0000,4606.0000,4610.0000,1,1,1,9,10,1,1,1,6,5
SF,IF2011,2020-09-23 09:33:33.100,4593.6000,1664,1,182043360.000,2,1,1,空开,S,4593.4000,4593.2000,4593.0000,4592.0000,4591.0000,4593.6000,4605.0000,4606.0000,4610.0000,4615.0000,1,1,9,10,10,1,1,6,5,3
SF,IF2011,2020-09-23 09:33:33.600,4593.6000,1665,1,183421440.000,1,1,0,双开,S,4593.6000,4593.4000,4593.2000,4593.0000,4592.0000,4605.0000,4606.0000,4610.0000,4615.0000,4615.8000,1,1,1,9,10,1,6,5,3,1
SF,IF2011,2020-09-23 09:33:34.100,4593.6000,1665,0,183421440.000,0,-,-,-,-,4594.8000,4593.8000,4593.6000,4593.2000,4593.0000,4597.2000,4597.6000,4598.0000,4598.2000,4598.4000,1,1,1,1,9,1,1,1,1,1
SF,IF2011,2020-09-23 09:33:34.600,4593.6000,1665,0,183421440.000,0,-,-,-,-,4594.8000,4594.2000,4593.8000,4593.6000,4593.0000,4598.4000,4599.0000,4600.0000,4600.2000,4604.8000,1,1,1,1,9,1,2,1,1,1
SF,IF2011,2020-09-23 09:33:35.100,4593.6000,1665,0,183421440.000,0,-,-,-,-,4595.0000,4594.8000,4594.2000,4593.6000,4593.0000,4599.0000,4600.0000,4600.2000,4604.8000,4605.0000,1,1,1,1,9,1,1,1,1,1
SF,IF2011,2020-09-23 09:33:35.600,4593.6000,1665,0,183421440.000,0,-,-,-,-,4595.0000,4594.8000,4594.2000,4593.6000,4593.0000,4598.4000,4598.8000,4599.0000,4600.0000,4600.2000,1,1,1,1,9,1,3,2,1,1
SF,IF2011,2020-09-23 09:33:36.100,4593.6000,1665,0,183421440.000,0,-,-,-,-,4595.0000,4594.8000,4593.6000,4593.0000,4592.0000,4597.8000,4598.2000,4598.8000,4599.0000,4600.0000,1,1,1,9,10,1,1,2,2,1
SF,IF2011,2020-09-23 09:33:36.600,4593.6000,1665,0,183421440.000,0,-,-,-,-,4594.8000,4593.6000,4593.0000,4592.0000,4591.0000,4597.6000,4598.2000,4598.8000,4599.0000,4600.0000,1,1,9,10,10,1,1,2,2,1
SF,IF2011,2020-09-23 09:33:37.100,4593.6000,1665,0,183421440.000,0,-,-,-,-,4593.6000,4593.0000,4592.0000,4591.0000,4590.0000,4597.4000,4598.2000,4598.8000,4599.0000,4600.0000,1,9,10,10,10,2,1,2,2,1
SF,IF2011,2020-09-23 09:33:37.600,4593.6000,1665,0,183421440.000,0,-,-,-,-,4593.8000,4593.6000,4593.0000,4592.0000,4591.0000,4597.0000,4597.2000,4597.4000,4598.8000,4599.0000,1,1,9,10,10,1,1,2,1,1
SF,IF2011,2020-09-23 09:33:38.100,4593.6000,1665,0,183421440.000,0,-,-,-,-,4593.8000,4593.6000,4593.0000,4592.0000,4591.0000,4597.0000,4599.0000,4600.0000,4600.2000,4604.8000,1,1,9,10,10,1,1,1,1,1
SF,IF2011,2020-09-23 09:33:39.100,4593.6000,1665,0,183421440.000,0,-,-,-,-,4593.8000,4593.6000,4593.0000,4592.0000,4591.0000,4597.0000,4599.0000,4600.0000,4600.2000,4604.8000,1,1,9,11,10,1,1,1,1,1
SF,IF2011,2020-09-23 09:33:39.600,4593.6000,1665,0,183421440.000,0,-,-,-,-,4594.0000,4593.8000,4593.6000,4593.0000,4592.0000,4597.0000,4599.0000,4600.0000,4600.2000,4604.8000,1,1,1,9,11,1,1,1,1,1
SF,IF2011,2020-09-23 09:33:40.100,4593.6000,1665,0,183421440.000,0,-,-,-,-,4594.8000,4594.0000,4593.8000,4593.6000,4593.0000,4597.0000,4599.0000,4600.0000,4600.2000,4604.8000,1,1,1,1,9,1,1,1,1,1
SF,IF2011,2020-09-23 09:33:40.600,4593.6000,1665,0,183421440.000,0,-,-,-,-,4594.8000,4594.0000,4593.8000,4593.6000,4593.0000,4599.0000,4600.0000,4600.2000,4604.8000,4605.0000,1,1,1,1,9,1,1,1,1,1
SF,IF2011,2020-09-23 09:33:41.100,4593.6000,1665,0,183421440.000,0,-,-,-,-,4595.0000,4594.8000,4594.0000,4593.6000,4593.0000,4597.8000,4598.2000,4598.4000,4599.0000,4600.0000,1,1,1,1,9,1,1,2,2,1
SF,IF2011,2020-09-23 09:33:41.600,4593.6000,1665,0,183421440.000,0,-,-,-,-,4594.8000,4594.0000,4593.6000,4593.0000,4592.0000,4597.8000,4598.2000,4598.4000,4599.0000,4600.0000,1,1,1,9,11,1,1,2,2,1
SF,IF2011,2020-09-23 09:33:42.600,4593.6000,1665,0,183421440.000,0,-,-,-,-,4594.8000,4594.0000,4593.6000,4593.0000,4592.0000,4597.8000,4598.2000,4598.4000,4599.0000,4600.0000,1,1,1,9,11,1,1,2,2,1
SF,IF2011,2020-09-23 09:33:43.100,4593.6000,1665,0,183421440.000,0,-,-,-,-,4594.8000,4594.0000,4593.6000,4593.0000,4592.0000,4597.6000,4597.8000,4598.4000,4599.0000,4600.0000,1,1,1,9,11,1,1,2,2,1
SF,IF2011,2020-09-23 09:33:43.600,4593.6000,1665,0,183421440.000,0,-,-,-,-,4594.8000,4594.0000,4593.6000,4593.0000,4592.0000,4597.6000,4598.4000,4599.0000,4600.0000,4600.2000,1,1,1,9,11,1,2,2,1,1
SF,IF2011,2020-09-23 09:33:44.100,4593.6000,1665,0,183421440.000,0,-,-,-,-,4593.6000,4593.0000,4592.0000,4591.0000,4590.0000,4597.6000,4598.4000,4599.0000,4600.0000,4600.2000,1,9,11,10,10,1,2,2,1,1
SF,IF2011,2020-09-23 09:33:44.600,4593.6000,1665,0,183421440.000,0,-,-,-,-,4593.6000,4593.0000,4592.0000,4591.0000,4590.0000,4597.2000,4597.4000,4597.6000,4598.4000,4599.0000,1,9,11,10,10,1,2,1,2,2
SF,IF2011,2020-09-23 09:33:45.100,4593.6000,1665,0,183421440.000,0,-,-,-,-,4593.6000,4593.0000,4592.0000,4591.0000,4590.0000,4597.0000,4597.2000,4598.4000,4600.0000,4600.2000,1,9,11,10,10,2,3,1,1,1
SF,IF2011,2020-09-23 09:33:45.600,4593.6000,1665,0,183421440.000,0,-,-,-,-,4593.6000,4593.0000,4592.0000,4591.0000,4590.0000,4596.8000,4597.0000,4597.2000,4597.4000,4598.4000,1,9,11,10,10,2,2,2,1,1
SF,IF2011,2020-09-23 09:33:46.600,4593.6000,1665,0,183421440.000,0,-,-,-,-,4593.6000,4593.0000,4592.0000,4591.0000,4590.0000,4596.6000,4596.8000,4597.0000,4597.2000,4597.4000,1,9,11,10,10,1,1,1,2,1
SF,IF2011,2020-09-23 09:33:47.100,4593.6000,1665,0,183421440.000,0,-,-,-,-,4593.6000,4593.0000,4592.0000,4591.0000,4590.0000,4596.6000,4596.8000,4597.2000,4597.4000,4598.4000,1,9,11,10,10,1,1,1,1,1
SF,IF2011,2020-09-23 09:33:49.100,4593.6000,1665,0,183421440.000,0,-,-,-,-,4593.6000,4593.0000,4592.0000,4591.0000,4590.0000,4596.8000,4597.4000,4598.4000,4600.0000,4604.8000,1,9,11,10,10,1,1,1,1,1
SF,IF2011,2020-09-23 09:33:50.100,4593.6000,1665,0,183421440.000,0,-,-,-,-,4593.6000,4593.0000,4592.0000,4591.0000,4590.0000,4596.4000,4596.8000,4597.4000,4598.4000,4600.0000,1,9,11,10,10,1,2,1,1,1
SF,IF2011,2020-09-23 09:33:50.600,4593.6000,1665,0,183421440.000,0,-,-,-,-,4593.6000,4593.0000,4592.0000,4591.0000,4590.0000,4596.2000,4596.4000,4596.8000,4597.4000,4598.4000,1,9,11,10,10,1,1,1,1,1
SF,IF2011,2020-09-23 09:33:51.100,4593.6000,1665,0,183421440.000,0,-,-,-,-,4593.6000,4593.0000,4592.0000,4591.0000,4590.0000,4596.0000,4596.2000,4596.8000,4597.4000,4598.4000,1,9,11,10,10,1,1,1,1,1
SF,IF2011,2020-09-23 09:33:52.100,4593.6000,1665,0,183421440.000,0,-,-,-,-,4593.6000,4593.0000,4592.0000,4591.0000,4590.0000,4596.0000,4596.8000,4597.4000,4598.4000,4600.0000,1,9,11,10,10,1,1,1,1,1
SF,IF2011,2020-09-23 09:33:55.100,4596.0000,1665,0,184800240.000,1,0,1,多换,S,4593.6000,4593.0000,4592.0000,4591.0000,4590.0000,4597.4000,4598.4000,4600.0000,4604.8000,4605.0000,1,9,11,10,10,1,1,1,1,1
SF,IF2011,2020-09-23 09:33:55.600,4596.0000,1665,0,184800240.000,0,-,-,-,-,4593.8000,4593.6000,4593.0000,4592.0000,4591.0000,4597.0000,4597.2000,4597.4000,4598.4000,4600.0000,1,1,9,11,10,1,3,1,1,1
SF,IF2011,2020-09-23 09:33:56.100,4596.0000,1665,0,184800240.000,0,-,-,-,-,4593.8000,4593.6000,4593.0000,4592.0000,4591.0000,4597.0000,4597.2000,4597.4000,4598.4000,4600.0000,1,1,9,11,10,1,1,1,1,1
SF,IF2011,2020-09-23 09:33:57.600,4596.0000,1665,0,184800240.000,0,-,-,-,-,4594.8000,4593.8000,4593.6000,4593.0000,4592.0000,4597.0000,4597.2000,4597.4000,4598.4000,4600.0000,1,1,1,9,11,1,1,1,1,1
SF,IF2011,2020-09-23 09:33:58.100,4596.0000,1665,0,184800240.000,0,-,-,-,-,4595.0000,4594.8000,4593.8000,4593.6000,4593.0000,4597.4000,4600.0000,4604.8000,4605.0000,4606.0000,1,1,1,1,9,1,1,1,1,6
SF,IF2011,2020-09-23 09:33:58.600,4597.4000,1664,-1,186179460.000,1,0,1,双平,S,4596.2000,4595.0000,4593.8000,4593.6000,4593.0000,4600.0000,4604.8000,4605.0000,4606.0000,4610.0000,1,1,1,1,9,1,1,1,6,5
SF,IF2011,2020-09-23 09:33:59.100,4597.4000,1664,0,186179460.000,0,-,-,-,-,4596.4000,4596.2000,4595.0000,4593.6000,4593.0000,4599.0000,4599.2000,4600.0000,4605.0000,4606.0000,1,1,1,1,9,1,1,1,1,6
SF,IF2011,2020-09-23 09:33:59.600,4597.4000,1664,0,186179460.000,0,-,-,-,-,4596.2000,4595.0000,4593.6000,4593.0000,4592.0000,4600.0000,4605.0000,4606.0000,4610.0000,4615.0000,1,1,1,9,11,1,1,6,5,3
SF,IF2011,2020-09-23 09:34:00.100,4597.4000,1664,0,186179460.000,0,-,-,-,-,4596.4000,4595.0000,4593.6000,4593.0000,4592.0000,4598.6000,4599.0000,4600.0000,4605.0000,4606.0000,1,1,1,9,11,1,3,1,1,6
SF,IF2011,2020-09-23 09:34:00.600,4597.4000,1664,0,186179460.000,0,-,-,-,-,4596.6000,4595.0000,4593.6000,4593.0000,4592.0000,4598.4000,4599.0000,4600.0000,4605.0000,4606.0000,1,1,1,9,11,1,1,1,1,6
SF,IF2011,2020-09-23 09:34:01.100,4597.4000,1664,0,186179460.000,0,-,-,-,-,4596.6000,4595.0000,4593.6000,4593.0000,4592.0000,4598.8000,4599.0000,4600.0000,4605.0000,4606.0000,1,1,1,9,11,1,1,1,1,6
SF,IF2011,2020-09-23 09:34:02.600,4597.4000,1664,0,186179460.000,0,-,-,-,-,4596.6000,4595.0000,4593.6000,4593.0000,4592.0000,4598.8000,4599.0000,4600.0000,4605.0000,4606.0000,1,2,1,9,11,1,1,1,1,6
SF,IF2011,2020-09-23 09:34:04.100,4597.4000,1664,0,186179460.000,0,-,-,-,-,4596.6000,4595.0000,4593.6000,4593.0000,4592.0000,4598.8000,4599.0000,4600.0000,4605.0000,4606.0000,1,2,1,9,11,1,1,1,1,6
SF,IF2011,2020-09-23 09:34:05.600,4597.4000,1664,0,186179460.000,0,-,-,-,-,4595.0000,4593.6000,4593.0000,4592.0000,4591.0000,4598.8000,4599.0000,4600.0000,4605.0000,4606.0000,2,1,9,11,10,1,1,1,1,6
SF,IF2011,2020-09-23 09:34:06.100,4597.4000,1664,0,186179460.000,0,-,-,-,-,4596.2000,4595.0000,4593.6000,4593.0000,4592.0000,4598.6000,4598.8000,4599.0000,4600.0000,4605.0000,1,2,1,9,11,1,1,1,1,1
SF,IF2011,2020-09-23 09:34:06.600,4597.4000,1664,0,186179460.000,0,-,-,-,-,4596.4000,4596.2000,4595.0000,4593.6000,4593.0000,4598.8000,4600.0000,4605.0000,4606.0000,4615.0000,1,1,2,1,9,1,1,1,6,8
SF,IF2011,2020-09-23 09:34:07.100,4597.4000,1664,0,186179460.000,0,-,-,-,-,4596.6000,4596.4000,4595.0000,4593.6000,4593.0000,4599.8000,4600.0000,4605.0000,4606.0000,4615.0000,1,1,2,1,9,1,1,1,6,8
SF,IF2011,2020-09-23 09:34:07.600,4597.4000,1664,0,186179460.000,0,-,-,-,-,4596.6000,4596.4000,4595.0000,4593.6000,4593.0000,4598.8000,4599.0000,4599.4000,4599.6000,4599.8000,1,1,1,1,9,1,2,1,1,1
SF,IF2011,2020-09-23 09:34:08.100,4597.4000,1664,0,186179460.000,0,-,-,-,-,4596.6000,4596.4000,4595.0000,4593.6000,4593.0000,4599.4000,4599.6000,4599.8000,4600.0000,4605.0000,1,1,1,1,9,1,1,1,1,1
SF,IF2011,2020-09-23 09:34:08.600,4597.4000,1664,0,186179460.000,0,-,-,-,-,4595.0000,4593.6000,4593.0000,4592.0000,4591.0000,4598.8000,4599.0000,4599.2000,4600.0000,4605.0000,1,1,9,11,10,1,2,2,1,1
SF,IF2011,2020-09-23 09:34:09.100,4597.4000,1664,0,186179460.000,0,-,-,-,-,4595.2000,4595.0000,4593.6000,4593.0000,4592.0000,4598.2000,4598.4000,4598.6000,4598.8000,4599.0000,1,1,1,9,11,1,1,3,1,1
SF,IF2011,2020-09-23 09:34:09.600,4597.4000,1664,0,186179460.000,0,-,-,-,-,4595.0000,4593.6000,4593.0000,4592.0000,4591.0000,4597.8000,4598.0000,4598.4000,4598.6000,4598.8000,1,1,9,11,10,1,2,1,2,1
SF,IF2011,2020-09-23 09:34:10.100,4597.4000,1664,0,186179460.000,0,-,-,-,-,4595.0000,4593.6000,4593.0000,4592.0000,4591.0000,4597.4000,4597.6000,4598.0000,4598.4000,4598.6000,1,1,9,11,10,1,3,1,1,2
SF,IF2011,2020-09-23 09:34:10.600,4597.4000,1664,0,186179460.000,0,-,-,-,-,4595.0000,4593.6000,4593.0000,4592.0000,4591.0000,4596.8000,4597.2000,4597.4000,4597.6000,4598.0000,1,1,9,11,10,2,2,1,1,1
SF,IF2011,2020-09-23 09:34:11.100,4597.4000,1664,0,186179460.000,0,-,-,-,-,4595.0000,4593.6000,4593.0000,4592.0000,4591.0000,4597.2000,4597.4000,4597.6000,4598.0000,4598.4000,1,1,9,11,10,2,1,1,1,1
SF,IF2011,2020-09-23 09:34:11.600,4597.4000,1664,0,186179460.000,0,-,-,-,-,4595.2000,4595.0000,4593.6000,4593.0000,4592.0000,4597.2000,4597.4000,4598.0000,4598.4000,4598.6000,2,1,1,9,11,1,1,1,1,1
SF,IF2011,2020-09-23 09:34:12.100,4597.4000,1664,0,186179460.000,0,-,-,-,-,4595.2000,4595.0000,4593.6000,4593.0000,4592.0000,4597.4000,4598.0000,4598.4000,4598.6000,4600.0000,2,1,1,9,11,1,1,1,1,1
SF,IF2011,2020-09-23 09:34:13.600,4597.4000,1664,0,186179460.000,0,-,-,-,-,4595.2000,4595.0000,4593.6000,4593.0000,4592.0000,4597.2000,4597.4000,4598.0000,4598.4000,4598.6000,1,1,1,9,11,2,1,1,1,1
SF,IF2011,2020-09-23 09:34:14.100,4597.4000,1664,0,186179460.000,0,-,-,-,-,4595.0000,4593.6000,4593.0000,4592.0000,4591.0000,4596.8000,4597.0000,4597.2000,4598.0000,4598.4000,1,1,9,11,10,1,1,1,1,1
SF,IF2011,2020-09-23 09:34:14.600,4597.4000,1664,0,186179460.000,0,-,-,-,-,4595.0000,4593.6000,4593.0000,4592.0000,4591.0000,4596.6000,4596.8000,4597.0000,4597.2000,4598.0000,1,1,9,11,10,2,2,1,1,1
SF,IF2011,2020-09-23 09:34:15.100,4597.4000,1664,0,186179460.000,0,-,-,-,-,4595.0000,4593.6000,4593.0000,4592.0000,4591.0000,4596.6000,4596.8000,4597.0000,4597.2000,4598.0000,1,1,9,11,10,2,2,1,1,1
SF,IF2011,2020-09-23 09:34:15.600,4597.4000,1664,0,186179460.000,0,-,-,-,-,4595.0000,4593.6000,4593.0000,4592.0000,4591.0000,4596.6000,4597.0000,4597.2000,4598.0000,4598.4000,1,1,9,11,10,1,1,1,1,1
SF,IF2011,2020-09-23 09:34:16.100,4596.6000,1664,0,187558440.000,1,0,1,多换,S,4595.2000,4595.0000,4593.6000,4593.0000,4592.0000,4597.0000,4598.0000,4598.4000,4598.6000,4600.0000,2,1,1,9,11,1,1,1,1,1
SF,IF2011,2020-09-23 09:34:16.600,4596.6000,1664,0,187558440.000,0,-,-,-,-,4595.2000,4595.0000,4593.6000,4593.0000,4592.0000,4597.0000,4598.4000,4598.6000,4600.0000,4605.0000,2,1,1,9,11,1,1,1,1,1
SF,IF2011,2020-09-23 09:34:17.100,4596.6000,1664,0,187558440.000,0,-,-,-,-,4595.2000,4595.0000,4593.6000,4593.0000,4592.0000,4597.0000,4598.4000,4600.0000,4605.0000,4606.0000,2,1,1,9,11,1,1,1,1,6
SF,IF2011,2020-09-23 09:34:17.600,4596.6000,1664,0,187558440.000,0,-,-,-,-,4595.2000,4595.0000,4593.6000,4593.0000,4592.0000,4597.0000,4600.0000,4605.0000,4606.0000,4615.0000,2,1,1,9,11,1,1,1,6,8
SF,IF2011,2020-09-23 09:34:18.600,4596.6000,1664,0,187558440.000,0,-,-,-,-,4596.0000,4595.2000,4595.0000,4593.6000,4593.0000,4597.0000,4600.0000,4605.0000,4606.0000,4615.0000,1,1,1,1,9,1,1,1,6,8
SF,IF2011,2020-09-23 09:34:19.100,4596.6000,1664,0,187558440.000,0,-,-,-,-,4596.0000,4595.0000,4593.6000,4593.0000,4592.0000,4597.0000,4600.0000,4605.0000,4606.0000,4615.0000,1,1,1,9,11,1,1,1,6,8
SF,IF2011,2020-09-23 09:34:20.600,4597.0000,1663,-1,188937540.000,1,0,1,双平,S,4596.0000,4595.0000,4593.6000,4593.0000,4592.0000,4600.0000,4605.0000,4606.0000,4615.0000,4615.8000,1,1,1,9,11,1,1,6,8,1
SF,IF2011,2020-09-23 09:34:21.100,4597.0000,1663,0,188937540.000,0,-,-,-,-,4596.2000,4596.0000,4595.0000,4593.6000,4593.0000,4598.8000,4599.0000,4599.8000,4600.0000,4605.0000,2,1,1,1,9,1,1,2,1,1
SF,IF2011,2020-09-23 09:34:21.600,4597.0000,1663,0,188937540.000,0,-,-,-,-,4596.2000,4596.0000,4595.0000,4593.6000,4593.0000,4598.6000,4599.0000,4599.8000,4600.0000,4605.0000,1,1,1,1,9,1,1,1,1,1
SF,IF2011,2020-09-23 09:34:23.100,4597.0000,1663,0,188937540.000,0,-,-,-,-,4596.2000,4596.0000,4595.0000,4593.6000,4593.0000,4598.6000,4599.0000,4599.8000,4600.0000,4605.0000,1,1,1,1,9,2,1,1,1,1
SF,IF2011,2020-09-23 09:34:23.600,4597.0000,1663,0,188937540.000,0,-,-,-,-,4596.0000,4595.0000,4593.6000,4593.0000,4592.0000,4598.4000,4598.6000,4599.0000,4599.8000,4600.0000,1,1,1,9,10,1,1,1,1,1
SF,IF2011,2020-09-23 09:34:24.100,4597.0000,1663,0,188937540.000,0,-,-,-,-,4596.0000,4595.0000,4593.6000,4593.0000,4592.0000,4598.0000,4598.2000,4599.0000,4599.8000,4600.0000,1,1,1,9,10,1,1,1,1,1
SF,IF2011,2020-09-23 09:34:24.600,4597.0000,1663,0,188937540.000,0,-,-,-,-,4596.0000,4595.0000,4593.6000,4593.0000,4592.0000,4598.2000,4599.0000,4599.8000,4600.0000,4605.0000,1,1,1,9,10,1,1,1,1,1
SF,IF2011,2020-09-23 09:34:25.100,4597.0000,1663,0,188937540.000,0,-,-,-,-,4596.0000,4595.0000,4593.6000,4593.0000,4592.0000,4598.0000,4598.2000,4599.0000,4599.8000,4600.0000,1,1,1,9,10,1,1,1,1,1
SF,IF2011,2020-09-23 09:34:25.600,4597.0000,1663,0,188937540.000,0,-,-,-,-,4596.0000,4595.0000,4593.6000,4593.0000,4592.0000,4598.2000,4599.0000,4599.8000,4600.0000,4605.0000,1,1,1,9,10,1,1,1,1,1
SF,IF2011,2020-09-23 09:34:26.100,4597.0000,1663,0,188937540.000,0,-,-,-,-,4596.0000,4595.0000,4593.6000,4593.0000,4592.0000,4598.0000,4598.2000,4599.0000,4599.8000,4600.0000,1,1,1,9,10,1,1,1,1,1
SF,IF2011,2020-09-23 09:34:26.600,4597.0000,1663,0,188937540.000,0,-,-,-,-,4596.0000,4595.0000,4593.6000,4593.0000,4592.0000,4597.8000,4599.0000,4599.8000,4600.0000,4605.0000,1,1,1,9,10,2,1,1,1,1
SF,IF2011,2020-09-23 09:34:27.600,4597.0000,1663,0,188937540.000,0,-,-,-,-,4596.0000,4595.0000,4593.6000,4593.0000,4592.0000,4597.6000,4597.8000,4599.0000,4599.8000,4600.0000,1,1,1,9,10,1,1,1,1,1
SF,IF2011,2020-09-23 09:34:28.100,4597.0000,1663,0,188937540.000,0,-,-,-,-,4596.0000,4595.0000,4593.6000,4593.0000,4592.0000,4597.2000,4597.4000,4599.8000,4600.0000,4605.0000,1,1,1,9,10,2,1,1,1,1
SF,IF2011,2020-09-23 09:34:28.600,4597.0000,1663,0,188937540.000,0,-,-,-,-,4596.0000,4595.0000,4593.6000,4593.0000,4592.0000,4597.4000,4599.8000,4600.0000,4605.0000,4606.0000,1,1,1,9,10,1,1,1,1,6
SF,IF2011,2020-09-23 09:34:29.100,4596.0000,1663,0,190316340.000,1,0,1,多换,S,4595.0000,4593.6000,4593.0000,4592.0000,4591.0000,4597.4000,4600.0000,4605.0000,4606.0000,4615.0000,1,1,9,10,10,1,1,1,6,8
SF,IF2011,2020-09-23 09:34:29.600,4596.0000,1663,0,190316340.000,0,-,-,-,-,4595.2000,4595.0000,4593.6000,4593.0000,4592.0000,4597.4000,4600.0000,4605.0000,4606.0000,4615.0000,1,1,1,9,10,2,1,1,6,8
SF,IF2011,2020-09-23 09:34:30.100,4596.0000,1663,0,190316340.000,0,-,-,-,-,4595.0000,4593.6000,4593.0000,4592.0000,4591.0000,4597.0000,4597.2000,4597.4000,4600.0000,4605.0000,1,1,9,10,10,1,1,1,1,1
SF,IF2011,2020-09-23 09:34:30.600,4596.0000,1663,0,190316340.000,0,-,-,-,-,4595.0000,4593.6000,4593.0000,4592.0000,4591.0000,4596.6000,4596.8000,4597.2000,4600.0000,4605.0000,1,1,9,10,10,1,2,1,1,1
SF,IF2011,2020-09-23 09:34:31.100,4596.0000,1663,0,190316340.000,0,-,-,-,-,4595.0000,4593.6000,4593.0000,4592.0000,4591.0000,4596.4000,4596.8000,4597.2000,4600.0000,4605.0000,1,1,9,10,10,1,2,1,1,1
SF,IF2011,2020-09-23 09:34:32.600,4596.0000,1663,0,190316340.000,0,-,-,-,-,4595.0000,4593.6000,4593.0000,4592.0000,4591.0000,4596.2000,4596.8000,4597.2000,4600.0000,4605.0000,1,1,9,10,10,1,2,1,1,1
SF,IF2011,2020-09-23 09:34:33.100,4596.0000,1663,0,190316340.000,0,-,-,-,-,4595.0000,4593.6000,4593.0000,4592.0000,4591.0000,4596.8000,4597.2000,4600.0000,4605.0000,4606.0000,1,1,9,10,10,1,1,1,1,6
SF,IF2011,2020-09-23 09:34:33.600,4596.0000,1663,0,190316340.000,0,-,-,-,-,4595.0000,4593.6000,4593.0000,4592.0000,4591.0000,4596.6000,4596.8000,4597.2000,4600.0000,4605.0000,1,1,9,10,10,1,1,1,1,1
SF,IF2011,2020-09-23 09:34:35.100,4596.0000,1663,0,190316340.000,0,-,-,-,-,4595.0000,4593.6000,4593.0000,4592.0000,4591.0000,4596.4000,4596.8000,4597.2000,4600.0000,4605.0000,1,1,9,10,10,1,1,1,1,1
SF,IF2011,2020-09-23 09:34:35.600,4596.0000,1663,0,190316340.000,0,-,-,-,-,4595.0000,4593.6000,4593.0000,4592.0000,4591.0000,4596.2000,4596.8000,4597.2000,4600.0000,4605.0000,1,1,9,10,10,1,1,1,1,1
SF,IF2011,2020-09-23 09:34:36.100,4596.0000,1663,0,190316340.000,0,-,-,-,-,4595.0000,4593.6000,4593.0000,4592.0000,4591.0000,4596.8000,4597.2000,4600.0000,4605.0000,4606.0000,1,1,9,10,10,1,1,1,1,6
SF,IF2011,2020-09-23 09:34:36.600,4596.0000,1663,0,190316340.000,0,-,-,-,-,4595.0000,4593.6000,4593.0000,4592.0000,4591.0000,4596.6000,4596.8000,4597.2000,4600.0000,4605.0000,1,1,9,10,10,1,1,1,1,1
SF,IF2011,2020-09-23 09:34:38.100,4596.0000,1663,0,190316340.000,0,-,-,-,-,4595.0000,4593.6000,4593.0000,4592.0000,4591.0000,4596.4000,4596.8000,4597.2000,4600.0000,4605.0000,1,1,9,10,10,1,1,1,1,1
SF,IF2011,2020-09-23 09:34:38.600,4596.0000,1663,0,190316340.000,0,-,-,-,-,4595.0000,4593.6000,4593.0000,4592.0000,4591.0000,4596.2000,4596.8000,4597.2000,4600.0000,4605.0000,1,1,9,10,10,1,1,1,1,1
SF,IF2011,2020-09-23 09:34:39.100,4596.0000,1663,0,190316340.000,0,-,-,-,-,4595.0000,4593.6000,4593.0000,4592.0000,4591.0000,4596.0000,4596.8000,4597.2000,4600.0000,4605.0000,1,1,9,10,10,1,1,1,1,1
SF,IF2011,2020-09-23 09:34:40.600,4596.0000,1663,0,190316340.000,0,-,-,-,-,4595.0000,4594.8000,4593.6000,4593.0000,4592.0000,4596.0000,4596.8000,4597.2000,4600.0000,4605.0000,1,1,1,9,10,1,1,1,1,1
SF,IF2011,2020-09-23 09:34:42.100,4596.0000,1663,0,190316340.000,0,-,-,-,-,4595.0000,4594.8000,4593.6000,4593.0000,4592.0000,4596.8000,4597.2000,4600.0000,4605.0000,4606.0000,1,1,1,9,10,1,1,1,1,6
SF,IF2011,2020-09-23 09:34:42.600,4596.0000,1663,0,190316340.000,0,-,-,-,-,4595.0000,4594.8000,4593.6000,4593.0000,4592.0000,4596.2000,4596.8000,4597.2000,4600.0000,4605.0000,1,1,1,9,10,1,1,1,1,1
SF,IF2011,2020-09-23 09:34:43.100,4595.0000,1663,0,191694840.000,1,0,1,多换,S,4594.8000,4593.6000,4593.0000,4592.0000,4591.0000,4595.6000,4596.8000,4597.2000,4600.0000,4605.0000,1,1,9,10,10,1,1,1,1,1
SF,IF2011,2020-09-23 09:34:43.600,4595.6000,1663,0,193073520.000,1,0,1,多换,S,4595.0000,4594.8000,4593.6000,4593.0000,4592.0000,4597.2000,4600.0000,4605.0000,4606.0000,4615.0000,1,1,1,9,10,1,1,1,6,8
SF,IF2011,2020-09-23 09:34:44.100,4595.6000,1663,0,193073520.000,0,-,-,-,-,4595.0000,4594.8000,4593.6000,4593.0000,4592.0000,4596.8000,4597.0000,4597.2000,4600.0000,4605.0000,1,1,1,9,10,1,1,1,1,1
SF,IF2011,2020-09-23 09:34:44.600,4595.6000,1663,0,193073520.000,0,-,-,-,-,4594.8000,4593.6000,4593.0000,4592.0000,4591.0000,4596.8000,4597.0000,4597.2000,4600.0000,4605.0000,1,1,9,10,10,1,1,1,1,1
SF,IF2011,2020-09-23 09:34:47.100,4595.6000,1663,0,193073520.000,0,-,-,-,-,4594.8000,4593.6000,4593.0000,4592.0000,4591.0000,4596.6000,4596.8000,4597.0000,4597.2000,4600.0000,1,1,9,10,10,1,1,1,1,1
SF,IF2011,2020-09-23 09:34:48.100,4595.6000,1663,0,193073520.000,0,-,-,-,-,4594.8000,4593.6000,4593.0000,4592.0000,4591.0000,4596.0000,4596.6000,4596.8000,4597.0000,4597.2000,1,1,9,10,10,1,1,1,1,1
SF,IF2011,2020-09-23 09:34:48.600,4595.6000,1663,0,193073520.000,0,-,-,-,-,4594.8000,4593.6000,4593.0000,4592.0000,4591.0000,4596.0000,4596.6000,4596.8000,4597.0000,4597.2000,1,1,9,10,10,2,1,1,1,1
SF,IF2011,2020-09-23 09:34:49.100,4595.6000,1663,0,193073520.000,0,-,-,-,-,4594.8000,4593.6000,4593.0000,4592.0000,4591.0000,4596.0000,4596.6000,4596.8000,4597.0000,4597.2000,1,1,9,10,10,1,1,1,1,1
SF,IF2011,2020-09-23 09:34:51.600,4595.6000,1663,0,193073520.000,0,-,-,-,-,4594.8000,4593.6000,4593.0000,4592.0000,4591.0000,4596.0000,4596.8000,4597.0000,4597.2000,4600.0000,1,1,9,10,10,1,1,1,1,1
SF,IF2011,2020-09-23 09:34:52.100,4595.6000,1663,0,193073520.000,0,-,-,-,-,4594.8000,4593.6000,4593.0000,4592.0000,4591.0000,4595.6000,4595.8000,4596.0000,4596.8000,4597.0000,1,1,9,10,10,1,1,1,1,1
SF,IF2011,2020-09-23 09:34:54.100,4594.8000,1662,-1,194451960.000,1,0,1,双平,S,4593.6000,4593.0000,4592.0000,4591.0000,4590.0000,4593.8000,4595.6000,4595.8000,4596.0000,4596.8000,1,9,10,10,10,1,1,1,1,1
SF,IF2011,2020-09-23 09:34:54.600,4593.8000,1662,0,195830100.000,1,0,1,多换,S,4593.8000,4593.6000,4593.0000,4592.0000,4591.0000,4595.8000,4596.0000,4596.8000,4597.0000,4597.2000,1,1,9,10,10,1,1,1,1,1
SF,IF2011,2020-09-23 09:34:55.100,4593.8000,1662,0,195830100.000,0,-,-,-,-,4594.0000,4593.8000,4593.6000,4593.0000,4592.0000,4595.8000,4596.0000,4596.8000,4597.0000,4597.2000,1,1,1,9,10,1,1,1,1,1
SF,IF2011,2020-09-23 09:34:56.600,4593.8000,1662,0,195830100.000,0,-,-,-,-,4594.0000,4593.8000,4593.6000,4593.0000,4592.0000,4595.0000,4595.6000,4595.8000,4596.0000,4596.8000,1,1,1,9,10,1,1,1,1,1
SF,IF2011,2020-09-23 09:34:57.100,4593.8000,1662,0,195830100.000,0,-,-,-,-,4593.0000,4592.0000,4591.0000,4590.0000,4589.0000,4595.0000,4595.6000,4595.8000,4596.0000,4596.8000,9,10,10,10,10,1,1,1,1,1
SF,IF2011,2020-09-23 09:34:57.600,4593.8000,1662,0,195830100.000,0,-,-,-,-,4593.0000,4592.0000,4591.0000,4590.0000,4589.0000,4595.0000,4595.6000,4595.8000,4596.0000,4596.8000,9,10,10,10,10,1,1,1,1,1
SF,IF2011,2020-09-23 09:34:58.100,4593.8000,1662,0,195830100.000,0,-,-,-,-,4593.0000,4592.0000,4591.0000,4590.0000,4589.0000,4595.0000,4595.6000,4595.8000,4596.0000,4596.8000,9,10,10,10,10,1,1,1,1,1
SF,IF2011,2020-09-23 09:34:58.600,4593.8000,1662,0,195830100.000,0,-,-,-,-,4593.0000,4592.0000,4591.0000,4590.0000,4589.0000,4595.0000,4595.6000,4595.8000,4596.0000,4596.8000,9,10,10,10,10,1,1,1,1,1
SF,IF2011,2020-09-23 09:34:59.100,4593.8000,1662,0,195830100.000,0,-,-,-,-,4593.2000,4593.0000,4592.0000,4591.0000,4590.0000,4595.0000,4595.6000,4595.8000,4596.0000,4596.8000,1,9,10,10,10,1,1,1,1,1
SF,IF2011,2020-09-23 09:35:00.600,4593.8000,1662,0,195830100.000,0,-,-,-,-,4593.2000,4593.0000,4592.0000,4591.0000,4590.0000,4595.0000,4595.8000,4596.0000,4596.8000,4597.0000,1,9,10,10,10,1,1,1,1,1
SF,IF2011,2020-09-23 09:35:01.100,4593.8000,1662,0,195830100.000,0,-,-,-,-,4593.0000,4592.0000,4591.0000,4590.0000,4589.0000,4594.8000,4595.0000,4595.8000,4596.0000,4596.8000,9,10,10,10,10,1,1,1,1,1
SF,IF2011,2020-09-23 09:35:02.100,4593.0000,1662,0,198585900.000,2,1,1,多换,S,4593.0000,4592.0000,4591.0000,4590.0000,4589.0000,4594.8000,4595.0000,4595.8000,4596.0000,4596.8000,7,10,10,10,10,1,1,1,1,1
SF,IF2011,2020-09-23 09:35:02.600,4593.0000,1662,0,206853300.000,6,3,3,多换,S,4593.0000,4592.0000,4591.0000,4590.0000,4589.0000,4594.0000,4594.8000,4595.0000,4596.0000,4596.8000,1,10,10,10,10,1,2,1,1,1
SF,IF2011,2020-09-23 09:35:03.100,4593.0000,1662,0,206853300.000,0,-,-,-,-,4593.0000,4592.0000,4591.0000,4590.0000,4589.0000,4594.8000,4596.8000,4605.0000,4606.0000,4615.0000,1,10,10,10,10,1,1,1,6,8
SF,IF2011,2020-09-23 09:35:05.100,4593.0000,1662,0,206853300.000,0,-,-,-,-,4593.0000,4592.0000,4591.0000,4590.0000,4589.0000,4594.8000,4596.8000,4605.0000,4606.0000,4615.0000,1,10,10,10,10,2,1,1,6,8
SF,IF2011,2020-09-23 09:35:05.600,4593.0000,1662,0,208231200.000,1,0,1,多换,S,4592.0000,4591.0000,4590.0000,4589.0000,4588.0000,4594.0000,4594.6000,4594.8000,4596.8000,4605.0000,10,10,10,10,11,1,1,2,1,1
SF,IF2011,2020-09-23 09:35:06.100,4593.0000,1662,0,208231200.000,0,-,-,-,-,4592.0000,4591.0000,4590.0000,4589.0000,4588.0000,4593.0000,4594.4000,4594.6000,4594.8000,4596.8000,10,10,10,10,11,1,2,1,2,1
SF,IF2011,2020-09-23 09:35:06.600,4593.0000,1662,0,208231200.000,0,-,-,-,-,4592.0000,4591.0000,4590.0000,4589.0000,4588.0000,4593.0000,4594.6000,4594.8000,4605.0000,4606.0000,10,10,10,10,11,1,1,2,1,6
SF,IF2011,2020-09-23 09:35:07.100,4593.0000,1662,0,208231200.000,0,-,-,-,-,4592.0000,4591.0000,4590.0000,4589.0000,4588.0000,4593.0000,4594.6000,4594.8000,4605.0000,4606.0000,10,10,10,10,11,2,1,2,1,6
SF,IF2011,2020-09-23 09:35:07.600,4592.0000,1662,0,209608800.000,1,0,1,多换,S,4592.0000,4591.0000,4590.0000,4589.0000,4588.0000,4593.0000,4594.6000,4594.8000,4605.0000,4606.0000,9,10,10,10,11,2,1,1,1,6
SF,IF2011,2020-09-23 09:35:08.100,4592.0000,1662,0,210986400.000,1,0,1,多换,S,4592.0000,4591.0000,4590.0000,4589.0000,4588.0000,4592.6000,4593.0000,4594.6000,4594.8000,4605.0000,8,10,10,10,11,1,2,1,1,1
SF,IF2011,2020-09-23 09:35:08.600,4592.0000,1662,0,216496800.000,4,2,2,多换,S,4592.0000,4591.0000,4590.0000,4589.0000,4588.0000,4592.6000,4593.0000,4594.6000,4594.8000,4605.0000,4,10,10,10,11,1,2,1,1,1
SF,IF2011,2020-09-23 09:35:09.100,4592.0000,1662,0,222007200.000,4,2,2,多换,S,4591.0000,4590.0000,4589.0000,4588.0000,4587.0000,4591.8000,4592.4000,4593.0000,4594.6000,4594.8000,10,10,10,11,10,2,1,2,1,1
SF,IF2011,2020-09-23 09:35:09.600,4592.0000,1662,0,222007200.000,0,-,-,-,-,4591.0000,4590.0000,4589.0000,4588.0000,4587.0000,4591.6000,4591.8000,4592.0000,4592.4000,4593.0000,10,10,10,11,10,1,2,2,1,2
SF,IF2011,2020-09-23 09:35:10.100,4591.0000,1664,2,224761800.000,2,2,0,双开,S,4591.0000,4590.0000,4589.0000,4588.0000,4587.0000,4591.4000,4591.6000,4591.8000,4592.0000,4592.4000,8,10,10,11,10,1,1,1,2,1
SF,IF2011,2020-09-23 09:35:10.600,4591.2000,1664,0,228893880.000,3,1,2,多换,S,4591.0000,4590.0000,4589.0000,4588.0000,4587.0000,4592.4000,4593.0000,4594.6000,4605.0000,4606.0000,8,10,10,11,10,1,1,1,1,6
SF,IF2011,2020-09-23 09:35:11.100,4591.0000,1666,2,231648480.000,2,2,0,双开,S,4591.0000,4590.0000,4589.0000,4588.0000,4587.0000,4591.4000,4591.8000,4592.0000,4592.2000,4592.8000,6,10,10,11,10,1,1,1,5,1
SF,IF2011,2020-09-23 09:35:11.600,4591.0000,1668,2,234403080.000,2,2,0,双开,S,4591.0000,4590.0000,4589.0000,4588.0000,4587.0000,4591.2000,4591.4000,4591.8000,4592.0000,4592.2000,4,10,10,11,10,1,1,1,1,5
SF,IF2011,2020-09-23 09:35:12.100,4591.0000,1671,3,239912280.000,4,3,1,空开,S,4590.0000,4589.0000,4588.0000,4587.0000,4586.0000,4590.8000,4591.2000,4591.8000,4592.0000,4592.2000,10,10,11,10,10,1,1,1,1,4
SF,IF2011,2020-09-23 09:35:12.600,4591.0000,1671,0,239912280.000,0,-,-,-,-,4590.0000,4589.0000,4588.0000,4587.0000,4586.0000,4590.8000,4591.0000,4591.8000,4592.0000,4592.2000,10,10,11,10,10,1,1,1,1,4
SF,IF2011,2020-09-23 09:35:13.100,4590.0000,1671,0,241289280.000,1,0,1,多换,S,4590.0000,4589.0000,4588.0000,4587.0000,4586.0000,4590.8000,4591.0000,4591.8000,4592.0000,4592.2000,9,10,11,10,10,1,2,1,1,4
SF,IF2011,2020-09-23 09:35:13.600,4590.0000,1671,0,242666280.000,1,0,1,多换,S,4590.0000,4589.0000,4588.0000,4587.0000,4586.0000,4590.6000,4590.8000,4591.0000,4591.8000,4592.0000,8,10,11,10,10,1,1,2,1,1
SF,IF2011,2020-09-23 09:35:14.100,4590.0000,1671,0,242666280.000,0,-,-,-,-,4590.0000,4589.0000,4588.0000,4587.0000,4586.0000,4590.4000,4590.6000,4590.8000,4591.0000,4591.8000,8,10,11,10,10,1,1,1,2,1
SF,IF2011,2020-09-23 09:35:14.600,4591.0000,1670,-1,249552420.000,5,2,3,多平,S,4590.0000,4589.0000,4588.0000,4587.0000,4586.0000,4591.8000,4592.2000,4593.0000,4600.0000,4605.0000,8,10,11,10,10,1,1,1,1,1
SF,IF2011,2020-09-23 09:35:15.100,4591.0000,1670,0,249552420.000,0,-,-,-,-,4590.2000,4590.0000,4589.0000,4588.0000,4587.0000,4593.0000,4600.0000,4605.0000,4606.0000,4615.0000,1,8,10,11,10,1,1,1,6,8
SF,IF2011,2020-09-23 09:35:15.600,4591.0000,1670,0,249552420.000,0,-,-,-,-,4590.2000,4590.0000,4589.0000,4588.0000,4587.0000,4593.0000,4600.0000,4605.0000,4606.0000,4615.0000,1,8,10,11,10,1,1,1,6,8
SF,IF2011,2020-09-23 09:35:16.100,4591.0000,1670,0,249552420.000,0,-,-,-,-,4590.4000,4590.2000,4590.0000,4589.0000,4588.0000,4593.0000,4600.0000,4605.0000,4606.0000,4615.0000,1,1,8,10,11,1,1,1,6,8
SF,IF2011,2020-09-23 09:35:16.600,4591.0000,1670,0,249552420.000,0,-,-,-,-,4590.6000,4590.4000,4590.0000,4589.0000,4588.0000,4593.0000,4600.0000,4605.0000,4606.0000,4615.0000,1,1,8,10,11,1,1,1,6,8
SF,IF2011,2020-09-23 09:35:17.100,4591.0000,1670,0,249552420.000,0,-,-,-,-,4590.6000,4590.0000,4589.0000,4588.0000,4587.0000,4593.0000,4600.0000,4605.0000,4606.0000,4615.0000,1,8,10,11,10,1,1,1,6,8
SF,IF2011,2020-09-23 09:35:17.600,4591.0000,1670,0,249552420.000,0,-,-,-,-,4590.6000,4590.0000,4589.0000,4588.0000,4587.0000,4592.8000,4593.0000,4600.0000,4605.0000,4606.0000,2,8,10,11,10,1,1,1,1,6
SF,IF2011,2020-09-23 09:35:18.100,4591.0000,1670,0,249552420.000,0,-,-,-,-,4590.6000,4590.0000,4589.0000,4588.0000,4587.0000,4592.8000,4593.0000,4600.0000,4605.0000,4606.0000,2,8,10,11,10,1,1,1,1,6
SF,IF2011,2020-09-23 09:35:19.600,4591.0000,1670,0,249552420.000,0,-,-,-,-,4590.6000,4590.0000,4589.0000,4588.0000,4587.0000,4593.0000,4600.0000,4605.0000,4606.0000,4615.0000,2,8,10,11,10,1,1,1,6,8
SF,IF2011,2020-09-23 09:35:20.100,4591.0000,1670,0,249552420.000,0,-,-,-,-,4590.6000,4590.0000,4589.0000,4588.0000,4587.0000,4593.0000,4600.0000,4605.0000,4606.0000,4615.0000,2,8,10,11,10,1,1,1,6,8
SF,IF2011,2020-09-23 09:35:20.600,4591.0000,1670,0,249552420.000,0,-,-,-,-,4590.6000,4590.0000,4589.0000,4588.0000,4587.0000,4593.0000,4600.0000,4605.0000,4606.0000,4615.0000,2,8,10,11,10,1,1,1,6,8
SF,IF2011,2020-09-23 09:35:21.100,4591.0000,1670,0,249552420.000,0,-,-,-,-,4590.6000,4590.0000,4589.0000,4588.0000,4587.0000,4593.0000,4600.0000,4605.0000,4606.0000,4615.0000,2,8,10,11,10,1,1,1,6,8
SF,IF2011,2020-09-23 09:35:21.600,4593.0000,1670,0,250930320.000,1,0,1,多换,S,4590.6000,4590.0000,4589.0000,4588.0000,4587.0000,4600.0000,4605.0000,4606.0000,4615.0000,4615.8000,3,8,10,11,10,1,1,6,8,1
SF,IF2011,2020-09-23 09:35:22.100,4593.0000,1670,0,250930320.000,0,-,-,-,-,4590.8000,4590.6000,4590.0000,4589.0000,4588.0000,4594.6000,4594.8000,4595.4000,4595.8000,4596.0000,3,3,8,10,11,1,1,1,1,1
SF,IF2011,2020-09-23 09:35:22.600,4593.0000,1670,0,250930320.000,0,-,-,-,-,4591.0000,4590.8000,4590.6000,4590.0000,4589.0000,4595.4000,4595.8000,4596.0000,4596.8000,4599.8000,1,3,2,8,10,1,1,1,1,2
SF,IF2011,2020-09-23 09:35:23.100,4593.0000,1670,0,250930320.000,0,-,-,-,-,4591.2000,4591.0000,4590.8000,4590.6000,4590.0000,4595.2000,4595.4000,4595.8000,4596.0000,4596.8000,1,1,1,2,8,1,1,1,1,1
SF,IF2011,2020-09-23 09:35:23.600,4593.0000,1670,0,250930320.000,0,-,-,-,-,4591.4000,4591.2000,4590.6000,4590.0000,4589.0000,4595.2000,4595.4000,4595.8000,4596.0000,4596.8000,1,1,2,8,10,1,1,1,1,1
SF,IF2011,2020-09-23 09:35:24.100,4593.0000,1670,0,250930320.000,0,-,-,-,-,4591.4000,4590.6000,4590.0000,4589.0000,4588.0000,4595.0000,4595.2000,4595.4000,4595.8000,4596.0000,1,2,8,10,11,2,1,1,1,1
SF,IF2011,2020-09-23 09:35:24.600,4593.0000,1670,0,250930320.000,0,-,-,-,-,4591.4000,4590.6000,4590.0000,4589.0000,4588.0000,4594.8000,4595.0000,4595.4000,4595.8000,4596.0000,1,2,8,10,11,2,2,1,1,1
SF,IF2011,2020-09-23 09:35:25.100,4593.0000,1670,0,250930320.000,0,-,-,-,-,4591.4000,4590.6000,4590.0000,4589.0000,4588.0000,4594.8000,4595.0000,4595.4000,4595.8000,4596.0000,1,2,8,10,11,2,2,1,1,1
SF,IF2011,2020-09-23 09:35:25.600,4593.0000,1670,0,250930320.000,0,-,-,-,-,4591.4000,4590.6000,4590.0000,4589.0000,4588.0000,4594.8000,4595.0000,4595.4000,4595.8000,4596.0000,1,2,8,10,11,2,1,1,1,1
SF,IF2011,2020-09-23 09:35:26.100,4593.0000,1670,0,250930320.000,0,-,-,-,-,4591.4000,4590.6000,4590.0000,4589.0000,4588.0000,4594.2000,4595.0000,4595.4000,4595.8000,4596.0000,1,2,8,10,11,1,1,1,1,1
SF,IF2011,2020-09-23 09:35:26.600,4593.0000,1670,0,250930320.000,0,-,-,-,-,4591.4000,4590.6000,4590.0000,4589.0000,4588.0000,4595.0000,4595.4000,4595.8000,4596.0000,4596.8000,1,2,8,10,11,1,1,1,1,1
SF,IF2011,2020-09-23 09:35:27.100,4593.0000,1670,0,250930320.000,0,-,-,-,-,4591.6000,4591.4000,4590.6000,4590.0000,4589.0000,4595.0000,4595.4000,4595.8000,4596.0000,4596.8000,1,1,2,8,10,1,1,1,1,1
SF,IF2011,2020-09-23 09:35:27.600,4593.0000,1670,0,250930320.000,0,-,-,-,-,4592.0000,4591.8000,4591.6000,4590.6000,4590.0000,4595.0000,4595.4000,4595.8000,4596.0000,4596.8000,1,1,1,1,8,1,1,1,1,1
SF,IF2011,2020-09-23 09:35:28.100,4593.0000,1670,0,250930320.000,0,-,-,-,-,4592.2000,4592.0000,4591.6000,4590.6000,4590.0000,4595.4000,4595.8000,4596.0000,4596.8000,4600.0000,1,1,1,1,8,1,1,1,1,1
SF,IF2011,2020-09-23 09:35:28.600,4593.0000,1670,0,250930320.000,0,-,-,-,-,4592.2000,4592.0000,4591.6000,4590.6000,4590.0000,4596.0000,4596.8000,4600.0000,4605.0000,4606.0000,1,1,1,1,8,1,1,1,1,6
SF,IF2011,2020-09-23 09:35:29.100,4593.0000,1670,0,250930320.000,0,-,-,-,-,4592.4000,4592.2000,4592.0000,4591.6000,4590.6000,4595.8000,4596.0000,4596.8000,4600.0000,4605.0000,2,1,1,1,1,1,1,1,1,1
SF,IF2011,2020-09-23 09:35:29.600,4593.0000,1670,0,250930320.000,0,-,-,-,-,4592.6000,4592.4000,4592.0000,4591.6000,4590.6000,4596.8000,4600.0000,4605.0000,4606.0000,4610.0000,1,2,1,1,1,1,1,1,6,5
SF,IF2011,2020-09-23 09:35:30.100,4593.0000,1670,0,250930320.000,0,-,-,-,-,4592.8000,4592.6000,4592.4000,4592.0000,4591.6000,4596.0000,4596.2000,4596.6000,4596.8000,4600.0000,1,1,1,1,1,1,1,2,1,1
SF,IF2011,2020-09-23 09:35:30.600,4593.0000,1670,0,250930320.000,0,-,-,-,-,4593.0000,4592.8000,4592.4000,4592.0000,4591.6000,4596.8000,4600.0000,4605.0000,4606.0000,4610.0000,2,1,1,1,1,1,1,1,6,5
SF,IF2011,2020-09-23 09:35:31.100,4593.0000,1670,0,250930320.000,0,-,-,-,-,4593.4000,4593.2000,4593.0000,4592.4000,4591.6000,4596.8000,4600.0000,4605.0000,4606.0000,4610.0000,1,1,2,1,1,1,1,1,6,5
SF,IF2011,2020-09-23 09:35:31.600,4593.0000,1670,0,250930320.000,0,-,-,-,-,4593.6000,4593.4000,4593.2000,4593.0000,4592.4000,4596.8000,4600.0000,4605.0000,4606.0000,4610.0000,1,1,1,1,1,1,1,1,6,5
SF,IF2011,2020-09-23 09:35:32.100,4593.0000,1670,0,250930320.000,0,-,-,-,-,4593.6000,4593.4000,4593.2000,4593.0000,4592.4000,4600.0000,4605.0000,4606.0000,4610.0000,4615.0000,1,1,1,1,1,1,1,6,5,3
SF,IF2011,2020-09-23 09:35:32.600,4593.0000,1670,0,250930320.000,0,-,-,-,-,4593.8000,4593.6000,4593.4000,4593.0000,4592.4000,4598.0000,4598.4000,4599.0000,4599.8000,4600.0000,1,1,1,1,1,1,1,2,2,1
SF,IF2011,2020-09-23 09:35:33.100,4593.0000,1670,0,250930320.000,0,-,-,-,-,4594.0000,4593.8000,4593.4000,4593.0000,4592.4000,4597.8000,4598.0000,4598.4000,4599.0000,4599.8000,1,1,1,1,1,1,1,1,2,1
SF,IF2011,2020-09-23 09:35:33.600,4593.0000,1670,0,250930320.000,0,-,-,-,-,4594.2000,4594.0000,4593.4000,4593.0000,4592.4000,4597.8000,4598.0000,4598.4000,4599.0000,4600.0000,1,1,1,1,1,1,1,1,2,1
SF,IF2011,2020-09-23 09:35:34.100,4593.0000,1670,0,250930320.000,0,-,-,-,-,4594.8000,4594.4000,4594.2000,4593.0000,4592.4000,4598.0000,4598.4000,4599.0000,4600.0000,4605.0000,1,1,1,1,1,1,1,2,1,1
SF,IF2011,2020-09-23 09:35:34.600,4593.0000,1670,0,250930320.000,0,-,-,-,-,4595.0000,4594.8000,4594.2000,4593.0000,4592.4000,4597.8000,4598.0000,4598.4000,4599.0000,4600.0000,1,1,1,1,1,1,1,1,2,1
SF,IF2011,2020-09-23 09:35:35.100,4593.0000,1670,0,250930320.000,0,-,-,-,-,4595.0000,4594.2000,4593.0000,4590.6000,4590.0000,4597.8000,4598.0000,4598.4000,4599.0000,4600.0000,1,1,1,1,8,1,1,1,2,1
SF,IF2011,2020-09-23 09:35:35.600,4593.0000,1670,0,250930320.000,0,-,-,-,-,4595.0000,4594.2000,4593.0000,4590.6000,4590.0000,4598.0000,4599.0000,4600.0000,4605.0000,4606.0000,1,1,1,1,8,1,2,1,1,6
SF,IF2011,2020-09-23 09:35:36.100,4593.0000,1670,0,250930320.000,0,-,-,-,-,4595.0000,4594.2000,4590.6000,4590.0000,4589.0000,4597.8000,4598.0000,4599.0000,4600.0000,4605.0000,1,1,1,8,10,1,1,2,1,1
SF,IF2011,2020-09-23 09:35:38.600,4593.0000,1670,0,250930320.000,0,-,-,-,-,4595.0000,4594.2000,4590.6000,4590.0000,4589.0000,4597.6000,4597.8000,4598.0000,4599.0000,4600.0000,1,1,1,8,10,1,1,1,1,1
SF,IF2011,2020-09-23 09:35:39.100,4593.0000,1670,0,250930320.000,0,-,-,-,-,4594.2000,4590.6000,4590.0000,4589.0000,4588.0000,4596.8000,4597.2000,4597.4000,4597.6000,4598.0000,1,1,8,10,11,1,1,1,1,1
SF,IF2011,2020-09-23 09:35:39.600,4593.0000,1670,0,250930320.000,0,-,-,-,-,4594.4000,4590.6000,4590.0000,4589.0000,4588.0000,4597.2000,4597.4000,4597.6000,4598.0000,4600.0000,1,1,8,10,11,1,1,1,1,1
SF,IF2011,2020-09-23 09:35:40.100,4593.0000,1670,0,250930320.000,0,-,-,-,-,4594.4000,4590.6000,4590.0000,4589.0000,4588.0000,4597.4000,4597.6000,4598.0000,4600.0000,4605.0000,1,1,8,10,11,1,1,1,1,1
SF,IF2011,2020-09-23 09:35:41.100,4593.0000,1670,0,250930320.000,0,-,-,-,-,4594.4000,4590.6000,4590.0000,4589.0000,4588.0000,4597.2000,4597.4000,4597.6000,4598.0000,4600.0000,1,1,8,10,11,1,1,1,1,1
SF,IF2011,2020-09-23 09:35:41.600,4593.0000,1670,0,250930320.000,0,-,-,-,-,4594.6000,4594.4000,4590.6000,4590.0000,4589.0000,4598.0000,4600.0000,4605.0000,4606.0000,4610.0000,1,1,1,8,10,1,1,1,6,5
SF,IF2011,2020-09-23 09:35:42.100,4593.0000,1670,0,250930320.000,0,-,-,-,-,4594.8000,4594.6000,4590.6000,4590.0000,4589.0000,4598.0000,4600.0000,4605.0000,4606.0000,4610.0000,2,1,1,8,10,1,1,1,6,5
SF,IF2011,2020-09-23 09:35:42.600,4593.0000,1670,0,250930320.000,0,-,-,-,-,4594.8000,4594.6000,4590.6000,4590.0000,4589.0000,4598.0000,4600.0000,4605.0000,4606.0000,4610.0000,2,1,1,8,10,1,1,1,6,5
SF,IF2011,2020-09-23 09:35:43.100,4593.0000,1670,0,250930320.000,0,-,-,-,-,4595.0000,4594.8000,4594.6000,4590.6000,4590.0000,4598.0000,4600.0000,4605.0000,4606.0000,4610.0000,1,2,1,1,8,1,1,1,6,5
SF,IF2011,2020-09-23 09:35:43.600,4593.0000,1670,0,250930320.000,0,-,-,-,-,4595.4000,4595.2000,4595.0000,4594.8000,4594.6000,4598.0000,4600.0000,4605.0000,4606.0000,4610.0000,1,1,1,1,1,1,1,1,6,5
SF,IF2011,2020-09-23 09:35:44.100,4593.0000,1670,0,250930320.000,0,-,-,-,-,4595.6000,4595.0000,4594.6000,4590.6000,4590.0000,4598.0000,4600.0000,4605.0000,4606.0000,4610.0000,1,1,1,1,8,1,1,1,6,5
SF,IF2011,2020-09-23 09:35:48.100,4593.0000,1670,0,250930320.000,0,-,-,-,-,4596.2000,4595.6000,4595.0000,4594.6000,4590.6000,4598.0000,4600.0000,4605.0000,4606.0000,4610.0000,1,1,1,1,1,1,1,1,6,5
SF,IF2011,2020-09-23 09:35:48.600,4593.0000,1670,0,250930320.000,0,-,-,-,-,4596.4000,4596.2000,4595.0000,4594.6000,4590.6000,4598.0000,4600.0000,4605.0000,4606.0000,4610.0000,1,1,1,1,1,1,1,1,6,5
SF,IF2011,2020-09-23 09:35:49.100,4598.0000,1669,-1,252309720.000,1,0,1,双平,S,4596.6000,4596.2000,4595.0000,4594.6000,4590.6000,4600.0000,4605.0000,4606.0000,4610.0000,4615.0000,1,1,1,1,1,1,1,6,5,3
SF,IF2011,2020-09-23 09:35:49.600,4598.0000,1669,0,252309720.000,0,-,-,-,-,4596.8000,4596.6000,4596.2000,4595.0000,4590.6000,4599.8000,4600.0000,4605.0000,4606.0000,4610.0000,1,1,1,1,1,1,1,1,6,5
