市场代码,合约代码,时间,最新,持仓,增仓,成交额,成交量,开仓,平仓,成交类型,方向,买一价,买二价,买三价,买四价,买五价,卖一价,卖二价,卖三价,卖四价,卖五价,买一量,买二量,买三量,买四量,买五量,卖一量,卖二量,卖三量,卖四量,卖五量
SF,IF2009,2020-05-12 09:29:00.300,3830.0000,21587,0,32172000.000,28.000,-,-,-,-,3830.0000,3826.0000,3825.2000,3825.0000,3821.0000,3830.6000,3830.8000,3832.8000,3836.0000,3836.4000,2,5,1,1,1,1,1,5,6,1
SF,IF2009,2020-05-12 09:30:00.300,3830.8000,21587,0,35619660.000,3,1,2,多换,S,3830.8000,3830.6000,3830.4000,3830.0000,3826.0000,3832.8000,3835.6000,3836.0000,3836.4000,3838.0000,13,1,7,2,5,5,1,5,1,1
SF,IF2009,2020-05-12 09:30:00.800,3830.8000,21586,-1,36768900.000,1,0,1,双平,S,3831.6000,3831.0000,3830.8000,3830.6000,3830.4000,3832.8000,3835.6000,3836.0000,3836.4000,3838.0000,1,8,13,1,1,5,1,5,1,1
SF,IF2009,2020-05-12 09:30:01.300,3832.8000,21582,-4,41368260.000,4,0,4,双平,S,3831.8000,3831.6000,3831.0000,3830.8000,3830.6000,3832.8000,3836.0000,3836.4000,3838.0000,3839.0000,3,1,6,13,1,1,5,1,1,10
SF,IF2009,2020-05-12 09:30:01.800,3832.8000,21581,-1,42518100.000,1,0,1,双平,S,3831.8000,3831.6000,3831.0000,3830.8000,3830.6000,3832.6000,3836.0000,3836.4000,3838.0000,3839.0000,3,1,7,13,1,1,5,2,1,10
SF,IF2009,2020-05-12 09:30:02.300,3832.6000,21580,-1,43667880.000,1,0,1,双平,S,3831.8000,3831.6000,3831.0000,3830.8000,3830.6000,3836.0000,3836.4000,3838.0000,3839.0000,3840.0000,3,1,7,13,1,5,2,1,10,1
SF,IF2009,2020-05-12 09:30:02.800,3832.6000,21580,0,43667880.000,0,-,-,-,-,3832.0000,3831.8000,3831.0000,3830.8000,3830.6000,3835.2000,3835.8000,3836.0000,3836.4000,3839.0000,1,3,7,13,1,4,2,5,2,10
SF,IF2009,2020-05-12 09:30:03.300,3832.6000,21580,0,43667880.000,0,-,-,-,-,3832.2000,3832.0000,3831.8000,3830.8000,3830.6000,3835.0000,3835.4000,3836.0000,3836.4000,3839.0000,3,7,1,13,1,2,1,5,1,10
SF,IF2009,2020-05-12 09:30:03.800,3832.6000,21580,0,43667880.000,0,-,-,-,-,3832.8000,3832.4000,3832.2000,3831.8000,3830.8000,3835.0000,3836.0000,3836.4000,3839.0000,3840.0000,3,6,3,1,13,1,5,1,10,1
SF,IF2009,2020-05-12 09:30:04.300,3835.0000,21578,-2,45968880.000,2,0,2,双平,S,3833.0000,3832.2000,3831.8000,3831.2000,3830.8000,3836.0000,3839.0000,3840.0000,3841.4000,3843.6000,3,1,1,1,13,5,10,1,1,1
SF,IF2009,2020-05-12 09:30:04.800,3835.0000,21578,0,45968880.000,0,-,-,-,-,3833.0000,3831.8000,3831.2000,3830.8000,3830.6000,3835.2000,3835.8000,3836.0000,3839.0000,3840.0000,3,1,1,13,1,1,2,5,10,1
SF,IF2009,2020-05-12 09:30:05.300,3833.0000,21574,-4,50569740.000,4,0,4,双平,S,3831.8000,3831.2000,3830.8000,3830.0000,3826.0000,3835.8000,3836.0000,3839.0000,3840.0000,3843.6000,1,1,13,2,5,1,5,10,1,1
SF,IF2009,2020-05-12 09:30:05.800,3833.0000,21574,0,50569740.000,0,-,-,-,-,3833.0000,3832.0000,3831.8000,3831.2000,3830.8000,3835.4000,3835.6000,3835.8000,3836.0000,3839.0000,3,2,2,1,13,1,1,1,5,10
SF,IF2009,2020-05-12 09:30:06.300,3833.0000,21574,0,50569740.000,0,-,-,-,-,3833.0000,3832.0000,3831.8000,3831.2000,3830.8000,3835.2000,3835.4000,3835.8000,3836.0000,3839.0000,3,2,2,1,13,3,2,1,5,10
SF,IF2009,2020-05-12 09:30:06.800,3833.0000,21574,0,50569740.000,0,-,-,-,-,3832.0000,3831.8000,3831.2000,3830.8000,3830.0000,3835.0000,3835.2000,3835.4000,3835.8000,3836.0000,2,1,1,13,2,1,4,2,1,5
SF,IF2009,2020-05-12 09:30:07.300,3833.0000,21574,0,50569740.000,0,-,-,-,-,3832.0000,3831.8000,3830.8000,3830.0000,3826.0000,3834.4000,3834.8000,3835.0000,3835.2000,3835.4000,2,1,13,2,5,1,1,1,3,1
SF,IF2009,2020-05-12 09:30:07.800,3833.0000,21574,0,50569740.000,0,-,-,-,-,3833.8000,3833.4000,3832.2000,3830.8000,3830.0000,3834.0000,3834.2000,3834.4000,3834.8000,3835.0000,1,3,1,13,2,1,1,1,1,1
SF,IF2009,2020-05-12 09:30:08.300,3834.2000,21572,-2,55170300.000,4,1,3,多平,S,3832.2000,3831.8000,3830.8000,3830.0000,3826.0000,3834.4000,3834.8000,3835.0000,3835.4000,3836.0000,3,1,13,2,5,1,1,1,1,5
SF,IF2009,2020-05-12 09:30:08.800,3834.2000,21572,0,55170300.000,0,-,-,-,-,3830.8000,3830.0000,3826.0000,3825.2000,3825.0000,3834.2000,3834.4000,3834.8000,3835.0000,3835.4000,13,2,5,1,6,1,1,1,1,1
SF,IF2009,2020-05-12 09:30:09.300,3834.2000,21572,0,55170300.000,0,-,-,-,-,3831.8000,3831.0000,3830.8000,3830.0000,3826.0000,3834.0000,3834.2000,3834.4000,3834.8000,3835.0000,1,2,13,2,5,1,1,1,1,1
SF,IF2009,2020-05-12 09:30:09.800,3834.2000,21572,0,55170300.000,0,-,-,-,-,3831.0000,3830.8000,3830.0000,3826.0000,3825.2000,3833.8000,3834.0000,3834.4000,3834.8000,3835.0000,2,13,2,5,1,1,1,1,1,1
SF,IF2009,2020-05-12 09:30:10.300,3834.2000,21572,0,56320560.000,1,0,1,多换,S,3831.0000,3830.8000,3830.0000,3826.0000,3825.2000,3833.6000,3833.8000,3834.0000,3834.4000,3834.8000,1,13,2,5,1,1,1,1,1,1
SF,IF2009,2020-05-12 09:30:10.800,3834.2000,21572,0,56320560.000,0,-,-,-,-,3831.0000,3830.8000,3830.0000,3826.0000,3825.2000,3833.4000,3833.6000,3834.0000,3834.4000,3834.8000,1,13,2,5,1,1,1,1,1,1
SF,IF2009,2020-05-12 09:30:11.300,3834.2000,21572,0,56320560.000,0,-,-,-,-,3831.0000,3830.8000,3830.0000,3826.0000,3825.2000,3833.2000,3833.4000,3833.6000,3834.0000,3834.4000,1,13,2,5,1,1,1,2,1,1
SF,IF2009,2020-05-12 09:30:11.800,3834.0000,21572,0,57470760.000,1,0,1,多换,S,3831.8000,3831.6000,3831.2000,3831.0000,3830.8000,3833.6000,3834.4000,3834.8000,3835.4000,3836.0000,1,1,1,1,13,2,1,1,1,5
SF,IF2009,2020-05-12 09:30:12.300,3830.8000,21570,-2,63217260.000,5,1,4,多平,S,3830.8000,3830.0000,3826.0000,3825.2000,3825.0000,3831.8000,3833.4000,3833.6000,3834.4000,3835.4000,10,2,5,1,6,1,1,2,1,1
SF,IF2009,2020-05-12 09:30:12.800,3831.8000,21569,-1,64366800.000,1,0,1,双平,S,3832.4000,3832.0000,3830.8000,3830.0000,3826.0000,3833.4000,3833.6000,3834.4000,3835.4000,3836.0000,1,1,10,2,5,1,1,1,1,5
SF,IF2009,2020-05-12 09:30:13.300,3833.2000,21568,-1,65516760.000,1,0,1,双平,S,3832.4000,3831.0000,3830.8000,3830.0000,3826.0000,3833.4000,3833.8000,3834.4000,3835.4000,3836.0000,1,3,10,2,5,1,1,1,1,5
SF,IF2009,2020-05-12 09:30:13.800,3832.4000,21568,0,66666480.000,1,0,1,多换,S,3831.0000,3830.8000,3830.0000,3826.0000,3825.2000,3832.2000,3832.4000,3833.4000,3833.8000,3834.0000,3,10,2,5,1,3,1,1,1,1
SF,IF2009,2020-05-12 09:30:14.300,3832.2000,21568,0,68965800.000,2,1,1,多换,S,3832.2000,3831.8000,3831.0000,3830.8000,3830.0000,3832.4000,3833.2000,3833.4000,3834.0000,3835.0000,1,1,1,10,2,1,1,1,1,1
SF,IF2009,2020-05-12 09:30:14.800,3832.4000,21567,-1,70115520.000,1,0,1,双平,S,3831.0000,3830.8000,3830.0000,3826.0000,3825.2000,3833.2000,3833.4000,3834.0000,3835.0000,3835.4000,1,10,2,5,1,1,1,1,1,1
SF,IF2009,2020-05-12 09:30:15.300,3832.4000,21567,0,70115520.000,0,-,-,-,-,3831.0000,3830.8000,3830.0000,3826.0000,3825.2000,3833.0000,3833.2000,3834.0000,3835.0000,3835.4000,1,10,2,5,1,2,1,1,1,1
SF,IF2009,2020-05-12 09:30:15.800,3832.4000,21567,0,70115520.000,0,-,-,-,-,3831.2000,3831.0000,3830.8000,3830.0000,3826.0000,3833.0000,3833.2000,3834.0000,3835.0000,3835.4000,1,1,10,2,5,2,1,1,1,1
SF,IF2009,2020-05-12 09:30:16.300,3832.4000,21567,0,70115520.000,0,-,-,-,-,3831.2000,3831.0000,3830.8000,3830.0000,3826.0000,3833.0000,3833.2000,3834.0000,3835.0000,3835.4000,1,1,10,2,5,1,1,1,1,1
SF,IF2009,2020-05-12 09:30:17.300,3830.8000,21565,-2,75861900.000,5,1,4,多平,S,3830.8000,3830.0000,3826.0000,3825.2000,3825.0000,3833.0000,3834.0000,3835.0000,3835.4000,3836.0000,7,2,5,1,6,1,1,1,1,5
SF,IF2009,2020-05-12 09:30:17.800,3830.8000,21565,0,75861900.000,0,-,-,-,-,3830.8000,3830.0000,3826.0000,3825.2000,3825.0000,3832.8000,3833.0000,3834.0000,3835.0000,3835.4000,7,2,5,1,6,1,1,1,1,1
SF,IF2009,2020-05-12 09:30:18.300,3830.8000,21565,0,75861900.000,0,-,-,-,-,3830.8000,3830.0000,3826.0000,3825.2000,3825.0000,3832.6000,3832.8000,3834.0000,3835.0000,3835.4000,7,2,5,1,6,4,1,1,1,1
SF,IF2009,2020-05-12 09:30:18.800,3830.8000,21565,0,75861900.000,0,-,-,-,-,3831.0000,3830.8000,3830.0000,3826.0000,3825.2000,3832.4000,3832.6000,3832.8000,3834.0000,3835.4000,1,7,2,5,1,1,4,1,1,1
SF,IF2009,2020-05-12 09:30:19.300,3830.8000,21565,0,75861900.000,0,-,-,-,-,3831.0000,3830.8000,3830.0000,3826.0000,3825.2000,3832.2000,3832.6000,3832.8000,3834.0000,3835.4000,1,7,2,5,1,2,3,1,1,1
SF,IF2009,2020-05-12 09:30:19.800,3832.0000,21564,-1,77011500.000,1,0,1,双平,S,3831.0000,3830.8000,3830.0000,3826.0000,3825.2000,3832.0000,3832.2000,3832.6000,3832.8000,3834.0000,1,7,2,5,1,1,1,3,1,1
SF,IF2009,2020-05-12 09:30:20.300,3832.0000,21564,0,77011500.000,0,-,-,-,-,3830.8000,3830.0000,3826.0000,3825.2000,3825.0000,3831.8000,3832.6000,3832.8000,3834.0000,3834.4000,7,2,5,1,6,3,2,1,1,1
SF,IF2009,2020-05-12 09:30:20.800,3832.0000,21563,-1,78161100.000,1,0,1,双平,S,3830.8000,3830.0000,3826.0000,3825.2000,3825.0000,3831.8000,3832.6000,3834.0000,3834.4000,3835.4000,7,2,5,1,6,2,2,1,1,1
SF,IF2009,2020-05-12 09:30:21.300,3832.0000,21563,0,78161100.000,0,-,-,-,-,3830.8000,3830.0000,3826.0000,3825.2000,3825.0000,3831.8000,3834.0000,3835.4000,3836.0000,3837.8000,7,2,5,1,6,1,1,1,5,1
SF,IF2009,2020-05-12 09:30:21.800,3830.8000,21562,-1,79310340.000,1,0,1,双平,S,3830.8000,3830.0000,3826.0000,3825.2000,3825.0000,3834.0000,3835.4000,3836.0000,3837.8000,3839.0000,6,2,5,1,6,1,1,5,1,10
SF,IF2009,2020-05-12 09:30:22.300,3830.8000,21562,0,79310340.000,0,-,-,-,-,3830.8000,3830.0000,3826.0000,3825.2000,3825.0000,3832.8000,3833.0000,3833.8000,3834.0000,3835.4000,6,2,5,1,6,1,1,4,2,1
SF,IF2009,2020-05-12 09:30:22.800,3830.8000,21562,0,79310340.000,0,-,-,-,-,3831.0000,3830.8000,3830.0000,3826.0000,3825.2000,3832.6000,3833.0000,3833.8000,3834.0000,3835.4000,1,6,2,5,1,2,1,3,2,1
SF,IF2009,2020-05-12 09:30:23.300,3830.8000,21562,0,79310340.000,0,-,-,-,-,3830.8000,3830.0000,3826.0000,3825.2000,3825.0000,3832.4000,3832.6000,3832.8000,3833.0000,3833.8000,6,2,5,1,6,2,1,1,1,2
SF,IF2009,2020-05-12 09:30:23.800,3830.8000,21562,0,79310340.000,0,-,-,-,-,3830.8000,3830.0000,3826.0000,3825.2000,3825.0000,3832.2000,3832.4000,3832.8000,3833.0000,3833.8000,6,2,5,1,6,2,1,1,1,2
SF,IF2009,2020-05-12 09:30:24.300,3830.8000,21562,0,79310340.000,0,-,-,-,-,3830.8000,3830.0000,3826.0000,3825.2000,3825.0000,3832.0000,3832.2000,3832.8000,3833.0000,3833.8000,6,2,5,1,6,1,2,1,1,2
SF,IF2009,2020-05-12 09:30:24.800,3830.8000,21562,0,79310340.000,0,-,-,-,-,3830.8000,3830.0000,3826.0000,3825.2000,3825.0000,3831.8000,3832.2000,3833.0000,3833.2000,3833.8000,6,2,5,1,6,1,1,1,1,2
SF,IF2009,2020-05-12 09:30:25.300,3830.8000,21562,0,79310340.000,0,-,-,-,-,3831.0000,3830.8000,3830.0000,3826.0000,3825.2000,3831.8000,3832.2000,3833.0000,3833.2000,3834.0000,2,6,2,5,1,1,1,1,1,1
SF,IF2009,2020-05-12 09:30:25.800,3830.8000,21562,0,79310340.000,0,-,-,-,-,3831.0000,3830.8000,3830.0000,3826.0000,3825.2000,3832.2000,3833.0000,3833.2000,3834.0000,3835.4000,2,6,2,5,1,1,1,1,1,1
SF,IF2009,2020-05-12 09:30:26.300,3830.8000,21562,0,79310340.000,0,-,-,-,-,3831.0000,3830.8000,3830.0000,3826.0000,3825.2000,3832.0000,3832.2000,3833.0000,3833.2000,3834.0000,2,6,2,5,1,2,1,1,1,1
SF,IF2009,2020-05-12 09:30:26.800,3830.8000,21562,0,79310340.000,0,-,-,-,-,3830.8000,3830.0000,3826.0000,3825.2000,3825.0000,3831.8000,3832.0000,3832.2000,3833.0000,3833.2000,6,2,5,1,6,1,1,1,1,1
SF,IF2009,2020-05-12 09:30:27.300,3830.8000,21562,0,79310340.000,0,-,-,-,-,3830.8000,3830.0000,3826.0000,3825.2000,3825.0000,3832.0000,3832.2000,3832.8000,3833.0000,3833.2000,6,2,5,1,6,1,1,1,1,1
SF,IF2009,2020-05-12 09:30:27.800,3830.8000,21562,0,79310340.000,0,-,-,-,-,3830.8000,3830.0000,3825.2000,3825.0000,3824.2000,3832.0000,3832.2000,3832.8000,3833.0000,3833.2000,6,2,1,6,1,1,1,1,1,1
SF,IF2009,2020-05-12 09:30:28.300,3830.8000,21562,0,79310340.000,0,-,-,-,-,3830.8000,3830.0000,3825.2000,3825.0000,3824.2000,3831.8000,3832.0000,3832.2000,3832.8000,3833.0000,6,2,1,6,1,3,1,1,1,1
SF,IF2009,2020-05-12 09:30:28.800,3830.8000,21562,0,79310340.000,0,-,-,-,-,3830.8000,3830.0000,3825.2000,3825.0000,3824.2000,3831.8000,3832.0000,3832.2000,3832.8000,3833.0000,6,2,1,6,1,2,1,1,1,1
SF,IF2009,2020-05-12 09:30:30.300,3831.8000,21561,-1,80459880.000,1,0,1,双平,S,3830.8000,3830.0000,3825.2000,3825.0000,3824.2000,3831.8000,3832.0000,3832.2000,3832.8000,3833.0000,6,2,1,6,1,1,1,1,1,1
SF,IF2009,2020-05-12 09:30:30.800,3831.8000,21561,0,80459880.000,0,-,-,-,-,3831.0000,3830.8000,3830.0000,3825.2000,3825.0000,3831.8000,3832.0000,3832.2000,3832.8000,3833.0000,1,6,2,1,6,1,1,1,1,1
SF,IF2009,2020-05-12 09:30:31.300,3831.8000,21561,0,80459880.000,0,-,-,-,-,3831.0000,3830.8000,3830.0000,3825.2000,3825.0000,3832.0000,3832.2000,3832.8000,3833.0000,3833.2000,1,6,2,1,6,1,1,1,1,1
SF,IF2009,2020-05-12 09:30:31.800,3832.2000,21560,-1,82759140.000,2,0,2,多平,S,3831.2000,3831.0000,3830.8000,3830.0000,3825.2000,3832.8000,3833.2000,3834.0000,3835.4000,3836.0000,1,1,6,2,1,1,1,1,1,5
SF,IF2009,2020-05-12 09:30:32.300,3832.2000,21560,0,82759140.000,0,-,-,-,-,3830.8000,3830.0000,3825.2000,3825.0000,3824.2000,3832.6000,3832.8000,3834.0000,3835.4000,3836.0000,6,2,1,6,1,1,1,1,1,5
SF,IF2009,2020-05-12 09:30:32.800,3832.2000,21560,0,82759140.000,0,-,-,-,-,3831.0000,3830.8000,3830.0000,3825.2000,3825.0000,3832.8000,3834.0000,3835.4000,3836.0000,3837.8000,2,6,2,1,6,1,1,1,5,1
SF,IF2009,2020-05-12 09:30:33.300,3832.2000,21560,0,82759140.000,0,-,-,-,-,3831.2000,3831.0000,3830.8000,3830.0000,3825.2000,3832.8000,3833.2000,3834.0000,3835.4000,3836.0000,1,1,6,2,1,1,1,1,1,5
SF,IF2009,2020-05-12 09:30:33.800,3832.6000,21560,0,83908920.000,1,0,1,多换,S,3832.6000,3831.4000,3831.0000,3830.8000,3830.0000,3832.8000,3833.2000,3834.0000,3835.4000,3836.0000,1,1,1,6,2,1,1,1,1,5
SF,IF2009,2020-05-12 09:30:34.300,3832.6000,21560,0,85058700.000,1,0,1,多换,S,3831.0000,3830.8000,3830.0000,3825.2000,3825.0000,3832.4000,3832.8000,3833.2000,3834.0000,3836.0000,1,6,2,1,6,5,1,1,1,5
SF,IF2009,2020-05-12 09:30:34.800,3832.6000,21560,0,85058700.000,0,-,-,-,-,3831.2000,3831.0000,3830.8000,3830.0000,3825.2000,3832.8000,3833.2000,3834.0000,3836.0000,3837.8000,2,1,6,2,1,1,1,1,5,1
SF,IF2009,2020-05-12 09:30:35.300,3832.6000,21560,0,85058700.000,0,-,-,-,-,3831.4000,3831.2000,3831.0000,3830.8000,3830.0000,3832.8000,3834.0000,3836.0000,3837.8000,3839.0000,1,1,1,6,2,1,1,5,1,10
SF,IF2009,2020-05-12 09:30:35.800,3832.6000,21560,0,85058700.000,0,-,-,-,-,3831.6000,3831.2000,3831.0000,3830.8000,3830.0000,3832.8000,3834.0000,3836.0000,3837.8000,3839.0000,1,1,1,6,2,1,1,5,1,10
SF,IF2009,2020-05-12 09:30:36.300,3832.6000,21560,0,85058700.000,0,-,-,-,-,3831.8000,3831.6000,3831.0000,3830.8000,3830.0000,3832.8000,3833.8000,3834.0000,3836.0000,3837.8000,1,1,1,6,2,1,1,1,5,1
SF,IF2009,2020-05-12 09:30:36.800,3832.6000,21560,0,85058700.000,0,-,-,-,-,3832.0000,3831.8000,3831.6000,3831.0000,3830.8000,3832.8000,3834.0000,3836.0000,3837.8000,3839.0000,1,1,1,1,6,1,1,5,1,10
SF,IF2009,2020-05-12 09:30:37.300,3832.8000,21559,-1,86208540.000,1,0,1,双平,S,3832.2000,3831.8000,3831.6000,3831.0000,3830.8000,3834.0000,3836.0000,3837.8000,3839.0000,3840.0000,1,1,1,1,6,1,5,1,10,2
SF,IF2009,2020-05-12 09:30:37.800,3832.8000,21559,0,86208540.000,0,-,-,-,-,3833.2000,3832.4000,3832.2000,3831.8000,3831.0000,3834.0000,3836.0000,3837.8000,3839.0000,3840.0000,1,1,1,1,1,1,5,1,10,2
SF,IF2009,2020-05-12 09:30:38.300,3832.8000,21559,0,86208540.000,0,-,-,-,-,3833.2000,3832.2000,3831.8000,3831.0000,3830.8000,3834.0000,3836.0000,3837.8000,3839.0000,3840.0000,1,1,1,1,6,1,5,1,10,2
SF,IF2009,2020-05-12 09:30:38.800,3832.8000,21560,1,87358380.000,1,1,0,双开,S,3831.8000,3831.0000,3830.8000,3830.0000,3825.2000,3832.2000,3833.8000,3834.0000,3836.0000,3837.8000,1,1,6,2,1,1,1,1,5,1
SF,IF2009,2020-05-12 09:30:39.300,3832.2000,21560,0,88508040.000,1,0,1,多换,S,3833.0000,3832.2000,3832.0000,3831.8000,3831.0000,3833.8000,3834.0000,3836.0000,3837.8000,3839.0000,1,2,1,1,1,1,1,5,1,10
SF,IF2009,2020-05-12 09:30:39.800,3832.2000,21560,0,88508040.000,0,-,-,-,-,3833.0000,3832.2000,3831.8000,3831.0000,3830.8000,3834.0000,3836.0000,3837.8000,3839.0000,3840.0000,1,2,1,1,6,1,5,1,10,2
SF,IF2009,2020-05-12 09:30:40.300,3832.2000,21560,0,88508040.000,0,-,-,-,-,3832.2000,3831.8000,3831.0000,3830.8000,3830.0000,3836.0000,3837.8000,3839.0000,3840.0000,3843.6000,2,1,1,6,2,5,1,10,2,1
SF,IF2009,2020-05-12 09:30:40.800,3832.2000,21560,0,88508040.000,0,-,-,-,-,3832.6000,3832.4000,3832.2000,3831.8000,3831.0000,3834.6000,3835.2000,3835.8000,3836.0000,3837.8000,2,1,3,1,1,3,4,1,5,1
SF,IF2009,2020-05-12 09:30:41.300,3832.2000,21560,0,88508040.000,0,-,-,-,-,3832.8000,3832.4000,3832.2000,3831.8000,3831.0000,3834.6000,3835.2000,3835.8000,3836.0000,3837.8000,1,1,3,1,1,3,4,1,5,1
SF,IF2009,2020-05-12 09:30:41.800,3832.2000,21560,0,88508040.000,0,-,-,-,-,3833.0000,3832.8000,3832.4000,3832.2000,3831.8000,3834.6000,3835.2000,3835.8000,3836.0000,3837.8000,1,1,1,3,1,3,4,1,5,1
SF,IF2009,2020-05-12 09:30:42.300,3832.2000,21560,0,88508040.000,0,-,-,-,-,3833.2000,3832.8000,3832.4000,3832.2000,3831.8000,3834.6000,3835.2000,3835.8000,3836.0000,3837.8000,1,1,1,3,1,3,2,1,5,1
SF,IF2009,2020-05-12 09:30:42.800,3832.2000,21560,0,88508040.000,0,-,-,-,-,3833.4000,3833.2000,3832.8000,3832.4000,3832.2000,3834.6000,3835.2000,3835.8000,3836.0000,3837.8000,1,1,1,1,3,3,1,1,5,1
SF,IF2009,2020-05-12 09:30:43.300,3832.2000,21560,0,88508040.000,0,-,-,-,-,3833.6000,3833.2000,3832.4000,3832.2000,3831.8000,3834.6000,3835.2000,3835.8000,3836.0000,3837.8000,1,1,1,3,1,3,1,1,5,1
SF,IF2009,2020-05-12 09:30:43.800,3832.2000,21560,0,88508040.000,0,-,-,-,-,3833.2000,3832.4000,3832.2000,3831.8000,3831.0000,3834.6000,3835.2000,3835.8000,3836.0000,3837.8000,1,1,3,1,1,3,1,1,5,1
SF,IF2009,2020-05-12 09:30:44.300,3832.2000,21560,0,88508040.000,0,-,-,-,-,3832.4000,3832.2000,3831.8000,3831.0000,3830.8000,3834.4000,3834.6000,3835.2000,3835.8000,3836.0000,1,3,1,1,6,2,3,1,1,5
SF,IF2009,2020-05-12 09:30:44.800,3832.2000,21560,0,88508040.000,0,-,-,-,-,3832.6000,3832.4000,3832.2000,3831.8000,3831.0000,3833.2000,3834.4000,3834.6000,3835.0000,3835.2000,1,1,2,2,1,1,2,3,2,1
SF,IF2009,2020-05-12 09:30:45.300,3832.2000,21560,0,88508040.000,0,-,-,-,-,3832.8000,3832.4000,3832.2000,3831.8000,3831.0000,3833.2000,3834.4000,3834.6000,3835.0000,3835.2000,1,1,2,2,1,1,2,3,2,1
SF,IF2009,2020-05-12 09:30:45.800,3832.2000,21560,0,88508040.000,0,-,-,-,-,3832.8000,3832.4000,3832.2000,3831.8000,3831.0000,3833.2000,3834.6000,3834.8000,3835.0000,3835.2000,1,1,3,2,1,1,3,1,2,1
SF,IF2009,2020-05-12 09:30:47.300,3832.2000,21560,0,88508040.000,0,-,-,-,-,3832.8000,3832.4000,3832.2000,3831.8000,3831.0000,3834.6000,3834.8000,3835.0000,3835.2000,3835.8000,1,1,3,2,1,3,1,2,1,1
SF,IF2009,2020-05-12 09:30:47.800,3832.2000,21560,0,88508040.000,0,-,-,-,-,3833.0000,3832.8000,3832.4000,3832.2000,3831.8000,3834.6000,3834.8000,3835.0000,3835.2000,3835.6000,1,1,1,3,2,3,1,2,1,1
SF,IF2009,2020-05-12 09:30:48.300,3832.2000,21560,0,88508040.000,0,-,-,-,-,3832.4000,3832.2000,3831.8000,3831.0000,3830.8000,3832.8000,3834.4000,3834.6000,3834.8000,3835.0000,1,3,2,1,6,1,2,3,1,2
SF,IF2009,2020-05-12 09:30:48.800,3832.8000,21559,-1,89657880.000,1,0,1,双平,S,3832.2000,3831.8000,3831.0000,3830.8000,3830.0000,3834.4000,3834.6000,3834.8000,3835.0000,3835.2000,3,2,1,6,2,2,3,1,2,1
SF,IF2009,2020-05-12 09:30:49.300,3832.8000,21559,0,89657880.000,0,-,-,-,-,3832.2000,3831.8000,3831.0000,3830.8000,3830.0000,3833.0000,3834.6000,3834.8000,3835.0000,3835.2000,3,2,1,6,2,1,3,1,2,1
SF,IF2009,2020-05-12 09:30:49.800,3833.0000,21558,-1,90807780.000,1,0,1,双平,S,3832.4000,3832.2000,3831.8000,3831.0000,3830.8000,3834.2000,3834.6000,3834.8000,3835.0000,3835.2000,1,3,2,1,6,1,3,1,2,1
SF,IF2009,2020-05-12 09:30:50.300,3833.0000,21558,0,90807780.000,0,-,-,-,-,3832.6000,3832.2000,3831.8000,3831.0000,3830.8000,3834.6000,3834.8000,3835.0000,3835.2000,3835.6000,1,3,2,1,6,3,1,2,1,1
SF,IF2009,2020-05-12 09:30:50.800,3833.0000,21558,0,90807780.000,0,-,-,-,-,3832.8000,3832.2000,3831.8000,3831.0000,3830.8000,3834.6000,3834.8000,3835.0000,3835.2000,3835.6000,1,3,2,1,6,3,1,2,1,1
SF,IF2009,2020-05-12 09:30:51.300,3833.0000,21558,0,90807780.000,0,-,-,-,-,3833.0000,3832.2000,3831.8000,3831.0000,3830.8000,3834.4000,3834.6000,3834.8000,3835.0000,3835.2000,1,3,2,1,6,2,3,1,2,1
SF,IF2009,2020-05-12 09:30:51.800,3833.0000,21558,0,90807780.000,0,-,-,-,-,3833.2000,3832.2000,3831.8000,3831.0000,3830.8000,3834.4000,3834.6000,3835.0000,3835.2000,3835.6000,1,3,2,1,6,2,3,2,1,1
SF,IF2009,2020-05-12 09:30:52.300,3833.0000,21558,0,90807780.000,0,-,-,-,-,3832.2000,3831.8000,3831.0000,3830.8000,3830.0000,3834.4000,3834.6000,3835.0000,3835.2000,3835.6000,3,2,1,6,2,2,3,2,1,1
SF,IF2009,2020-05-12 09:30:52.800,3833.0000,21558,0,90807780.000,0,-,-,-,-,3832.2000,3831.8000,3831.0000,3830.8000,3830.0000,3834.4000,3834.6000,3835.0000,3835.2000,3835.6000,3,2,1,6,2,2,3,2,2,1
SF,IF2009,2020-05-12 09:30:53.800,3833.0000,21558,0,90807780.000,0,-,-,-,-,3832.2000,3831.8000,3831.0000,3830.8000,3830.0000,3834.2000,3834.4000,3834.6000,3835.0000,3835.2000,3,2,1,6,2,1,2,3,2,2
SF,IF2009,2020-05-12 09:30:54.300,3834.2000,21557,-1,91958040.000,1,0,1,双平,S,3832.4000,3832.2000,3831.8000,3831.0000,3830.8000,3834.4000,3834.6000,3835.0000,3835.2000,3835.6000,1,3,2,1,6,2,3,2,2,1
SF,IF2009,2020-05-12 09:30:54.800,3834.2000,21557,0,91958040.000,0,-,-,-,-,3832.6000,3832.2000,3831.8000,3831.0000,3830.8000,3834.6000,3835.0000,3835.2000,3835.6000,3835.8000,1,3,2,1,6,3,2,1,1,3
SF,IF2009,2020-05-12 09:30:55.300,3834.2000,21557,0,91958040.000,0,-,-,-,-,3832.8000,3832.2000,3831.8000,3831.0000,3830.8000,3834.0000,3834.4000,3834.6000,3835.0000,3835.2000,1,3,2,1,6,1,2,3,2,1
SF,IF2009,2020-05-12 09:30:55.800,3834.2000,21557,0,91958040.000,0,-,-,-,-,3833.0000,3832.2000,3831.8000,3831.0000,3830.8000,3834.0000,3834.4000,3834.6000,3835.0000,3835.2000,1,3,2,1,6,1,2,3,2,1
SF,IF2009,2020-05-12 09:30:56.300,3834.2000,21557,0,91958040.000,0,-,-,-,-,3833.2000,3832.2000,3831.8000,3831.0000,3830.8000,3833.4000,3834.0000,3834.4000,3834.6000,3835.0000,1,3,2,1,6,1,1,2,3,2
SF,IF2009,2020-05-12 09:30:56.800,3833.2000,21556,-1,93108000.000,1,0,1,双平,S,3832.2000,3831.8000,3831.0000,3830.8000,3830.0000,3833.4000,3834.0000,3834.4000,3834.6000,3835.0000,3,2,1,6,2,1,1,2,3,2
SF,IF2009,2020-05-12 09:30:57.300,3833.2000,21556,0,93108000.000,0,-,-,-,-,3832.4000,3832.2000,3831.8000,3831.0000,3830.8000,3833.4000,3834.0000,3834.4000,3834.6000,3835.0000,2,3,2,1,6,1,1,2,3,2
SF,IF2009,2020-05-12 09:30:57.800,3833.2000,21556,0,93108000.000,0,-,-,-,-,3832.4000,3832.2000,3831.8000,3831.0000,3830.8000,3833.4000,3834.0000,3834.6000,3835.0000,3835.2000,2,3,2,1,6,1,1,3,2,1
SF,IF2009,2020-05-12 09:30:58.300,3833.2000,21556,0,93108000.000,0,-,-,-,-,3832.6000,3832.4000,3832.2000,3831.8000,3831.0000,3833.4000,3834.0000,3834.6000,3835.0000,3835.2000,1,1,3,2,1,1,1,3,2,1
SF,IF2009,2020-05-12 09:30:58.800,3833.2000,21556,0,93108000.000,0,-,-,-,-,3832.4000,3832.2000,3831.8000,3831.0000,3830.8000,3833.4000,3834.0000,3834.6000,3835.0000,3835.2000,1,3,2,1,6,1,1,3,2,1
SF,IF2009,2020-05-12 09:30:59.300,3833.2000,21556,0,93108000.000,0,-,-,-,-,3832.6000,3832.4000,3832.2000,3831.8000,3831.0000,3833.4000,3834.0000,3834.6000,3835.0000,3835.2000,1,1,3,2,1,1,1,3,2,1
SF,IF2009,2020-05-12 09:30:59.800,3833.2000,21556,0,93108000.000,0,-,-,-,-,3832.6000,3832.2000,3831.8000,3831.0000,3830.8000,3833.4000,3834.0000,3834.6000,3835.0000,3835.2000,1,3,2,1,6,1,1,3,2,1
SF,IF2009,2020-05-12 09:31:00.800,3833.4000,21557,1,94258020.000,1,1,0,双开,S,3833.4000,3832.6000,3832.2000,3831.8000,3831.0000,3834.0000,3834.6000,3835.0000,3835.2000,3835.6000,1,1,3,2,1,1,3,2,1,1
SF,IF2009,2020-05-12 09:31:01.300,3833.4000,21557,0,94258020.000,0,-,-,-,-,3833.4000,3832.6000,3832.2000,3831.8000,3831.0000,3833.8000,3834.0000,3834.6000,3835.0000,3835.2000,1,1,3,2,1,1,1,3,2,1
SF,IF2009,2020-05-12 09:31:01.800,3833.4000,21557,0,94258020.000,0,-,-,-,-,3833.4000,3832.6000,3832.2000,3831.8000,3831.0000,3833.8000,3834.0000,3834.2000,3834.6000,3835.0000,1,1,3,2,1,1,1,1,3,2
SF,IF2009,2020-05-12 09:31:02.800,3833.8000,21557,0,97708320.000,3,1,2,多换,S,3832.6000,3832.2000,3831.8000,3831.0000,3830.8000,3834.0000,3834.2000,3834.6000,3835.0000,3835.2000,1,3,2,1,6,1,1,3,2,1
SF,IF2009,2020-05-12 09:31:03.300,3833.8000,21557,0,97708320.000,0,-,-,-,-,3832.2000,3831.8000,3831.0000,3830.8000,3830.0000,3833.8000,3834.0000,3834.2000,3834.6000,3835.0000,3,2,1,6,2,2,1,1,3,2
SF,IF2009,2020-05-12 09:31:03.800,3833.8000,21557,0,97708320.000,0,-,-,-,-,3832.4000,3831.8000,3831.0000,3830.8000,3830.0000,3833.8000,3834.0000,3834.2000,3834.6000,3835.0000,3,2,1,6,2,1,1,1,3,2
SF,IF2009,2020-05-12 09:31:04.300,3833.8000,21557,0,97708320.000,0,-,-,-,-,3832.6000,3832.4000,3831.8000,3831.0000,3830.8000,3833.8000,3834.0000,3834.2000,3834.6000,3835.0000,1,4,2,1,6,1,1,1,3,2
SF,IF2009,2020-05-12 09:31:04.800,3833.8000,21557,0,97708320.000,0,-,-,-,-,3832.4000,3831.8000,3831.0000,3830.8000,3830.0000,3833.6000,3833.8000,3834.0000,3834.2000,3834.6000,3,2,1,6,2,1,1,2,1,3
SF,IF2009,2020-05-12 09:31:05.300,3833.8000,21557,0,97708320.000,0,-,-,-,-,3833.0000,3832.4000,3831.8000,3831.0000,3830.8000,3833.8000,3834.0000,3834.2000,3834.6000,3835.0000,1,3,2,1,6,1,1,1,3,2
SF,IF2009,2020-05-12 09:31:05.800,3833.8000,21557,0,97708320.000,0,-,-,-,-,3833.0000,3832.4000,3831.8000,3831.0000,3830.8000,3834.0000,3834.2000,3834.6000,3835.0000,3835.2000,1,1,2,1,6,1,1,3,2,1
SF,IF2009,2020-05-12 09:31:06.300,3833.8000,21557,0,97708320.000,0,-,-,-,-,3833.2000,3833.0000,3831.8000,3831.0000,3830.8000,3834.0000,3834.2000,3834.6000,3835.0000,3835.2000,1,1,2,1,6,1,1,3,2,1
SF,IF2009,2020-05-12 09:31:06.800,3833.8000,21557,0,97708320.000,0,-,-,-,-,3833.2000,3833.0000,3831.8000,3831.0000,3830.8000,3834.0000,3834.2000,3834.6000,3835.0000,3835.2000,1,1,2,1,6,1,1,3,2,1
SF,IF2009,2020-05-12 09:31:07.800,3833.4000,21555,-2,100008540.000,2,0,2,双平,S,3833.2000,3833.0000,3831.8000,3831.0000,3830.8000,3834.2000,3834.6000,3835.0000,3835.6000,3835.8000,1,1,2,1,6,1,3,2,1,3
SF,IF2009,2020-05-12 09:31:08.300,3834.2000,21554,-1,101158800.000,1,0,1,双平,S,3833.2000,3833.0000,3831.8000,3831.0000,3830.8000,3834.6000,3835.0000,3835.6000,3835.8000,3836.0000,1,1,2,1,6,3,2,1,3,6
SF,IF2009,2020-05-12 09:31:08.800,3833.2000,21554,0,102308760.000,1,0,1,多换,S,3833.0000,3831.8000,3831.0000,3830.8000,3830.0000,3833.2000,3834.4000,3834.6000,3835.0000,3835.6000,1,2,1,6,2,1,2,3,2,1
SF,IF2009,2020-05-12 09:31:09.300,3833.2000,21554,0,103458720.000,1,0,1,多换,S,3833.4000,3833.2000,3833.0000,3831.8000,3831.0000,3834.6000,3835.0000,3835.6000,3835.8000,3836.0000,2,2,1,2,1,3,2,1,3,6
SF,IF2009,2020-05-12 09:31:09.800,3833.2000,21554,0,103458720.000,0,-,-,-,-,3833.4000,3833.2000,3833.0000,3831.8000,3831.0000,3834.4000,3834.6000,3835.0000,3835.6000,3835.8000,2,2,1,2,1,2,3,2,1,3
SF,IF2009,2020-05-12 09:31:10.300,3833.2000,21554,0,103458720.000,0,-,-,-,-,3833.2000,3833.0000,3831.8000,3831.0000,3830.8000,3834.4000,3834.6000,3835.0000,3835.6000,3835.8000,2,1,2,1,6,2,3,2,1,3
SF,IF2009,2020-05-12 09:31:10.800,3833.2000,21553,-1,104608680.000,1,0,1,双平,S,3833.2000,3833.0000,3831.8000,3831.0000,3830.8000,3834.4000,3834.6000,3835.0000,3835.6000,3835.8000,2,2,2,1,6,2,3,2,1,3
SF,IF2009,2020-05-12 09:31:11.300,3833.2000,21553,0,104608680.000,0,-,-,-,-,3833.4000,3833.2000,3833.0000,3831.8000,3831.0000,3834.2000,3834.4000,3834.6000,3835.0000,3835.6000,1,2,2,2,1,1,1,3,2,1
SF,IF2009,2020-05-12 09:31:11.800,3833.2000,21553,0,104608680.000,0,-,-,-,-,3834.2000,3833.4000,3833.2000,3833.0000,3831.8000,3834.6000,3835.0000,3835.6000,3835.8000,3836.0000,1,2,2,1,2,3,2,1,3,6
SF,IF2009,2020-05-12 09:31:12.300,3834.6000,21552,-1,105759060.000,1,0,1,双平,S,3834.2000,3833.4000,3833.2000,3833.0000,3831.8000,3834.6000,3835.0000,3835.6000,3835.8000,3836.0000,1,2,3,1,2,2,2,1,3,6
SF,IF2009,2020-05-12 09:31:12.800,3834.6000,21552,0,105759060.000,0,-,-,-,-,3834.2000,3833.4000,3833.2000,3833.0000,3831.8000,3834.6000,3835.0000,3835.6000,3835.8000,3836.0000,1,2,3,1,2,2,2,1,3,6
SF,IF2009,2020-05-12 09:31:13.300,3834.6000,21551,-1,106909440.000,1,0,1,双平,S,3834.4000,3834.2000,3834.0000,3833.4000,3833.2000,3834.6000,3835.0000,3835.6000,3835.8000,3836.0000,1,1,1,2,3,1,2,1,3,6
SF,IF2009,2020-05-12 09:31:13.800,3834.6000,21551,0,106909440.000,0,-,-,-,-,3834.4000,3834.2000,3834.0000,3833.8000,3833.4000,3834.6000,3835.0000,3835.6000,3835.8000,3836.0000,1,1,1,1,2,1,2,1,3,6
SF,IF2009,2020-05-12 09:31:14.300,3834.6000,21549,-2,109210140.000,2,0,2,双平,S,3834.2000,3834.0000,3833.8000,3833.4000,3833.2000,3835.0000,3835.6000,3835.8000,3836.0000,3837.8000,1,1,1,2,3,2,1,3,6,1
SF,IF2009,2020-05-12 09:31:15.300,3834.6000,21549,0,109210140.000,0,-,-,-,-,3834.2000,3834.0000,3833.8000,3833.4000,3833.2000,3835.6000,3835.8000,3836.0000,3837.8000,3839.0000,1,1,1,1,3,1,3,6,1,10
SF,IF2009,2020-05-12 09:31:15.800,3834.6000,21549,0,109210140.000,0,-,-,-,-,3834.2000,3834.0000,3833.8000,3833.4000,3833.2000,3835.4000,3835.6000,3835.8000,3836.0000,3837.8000,1,1,1,1,3,3,1,3,6,1
SF,IF2009,2020-05-12 09:31:16.300,3834.6000,21549,0,109210140.000,0,-,-,-,-,3834.2000,3834.0000,3833.8000,3833.4000,3833.2000,3835.2000,3835.4000,3835.6000,3835.8000,3836.0000,1,1,1,1,3,1,2,1,3,6
SF,IF2009,2020-05-12 09:31:16.800,3834.6000,21549,0,109210140.000,0,-,-,-,-,3834.2000,3834.0000,3833.8000,3833.4000,3833.2000,3835.0000,3835.4000,3835.6000,3835.8000,3836.0000,1,1,1,1,3,1,1,1,3,6
SF,IF2009,2020-05-12 09:31:17.300,3834.6000,21549,0,109210140.000,0,-,-,-,-,3834.4000,3834.2000,3834.0000,3833.8000,3833.4000,3835.0000,3835.4000,3835.6000,3835.8000,3836.0000,1,1,1,1,1,1,1,1,3,6
SF,IF2009,2020-05-12 09:31:17.800,3834.6000,21549,0,109210140.000,0,-,-,-,-,3834.6000,3834.4000,3834.2000,3834.0000,3833.8000,3835.0000,3835.6000,3835.8000,3836.0000,3837.8000,1,1,1,1,1,1,1,3,6,1
SF,IF2009,2020-05-12 09:31:18.300,3835.0000,21548,-1,110360640.000,1,0,1,双平,S,3834.6000,3834.4000,3834.2000,3834.0000,3833.8000,3835.0000,3835.6000,3835.8000,3836.0000,3837.8000,1,1,1,1,1,2,1,3,6,1
SF,IF2009,2020-05-12 09:31:18.800,3835.0000,21546,-2,112661640.000,2,0,2,双平,S,3835.0000,3834.6000,3834.4000,3834.2000,3834.0000,3835.6000,3835.8000,3836.0000,3837.8000,3839.0000,1,1,1,1,1,1,3,6,1,10
SF,IF2009,2020-05-12 09:31:19.300,3835.0000,21546,0,112661640.000,0,-,-,-,-,3835.2000,3835.0000,3834.4000,3834.2000,3834.0000,3835.6000,3835.8000,3836.0000,3837.8000,3839.0000,2,1,1,1,1,1,3,6,1,10
SF,IF2009,2020-05-12 09:31:19.800,3835.6000,21546,0,113812320.000,1,0,1,多换,S,3835.6000,3835.2000,3835.0000,3834.4000,3834.0000,3835.8000,3836.0000,3837.8000,3839.0000,3840.0000,2,2,1,1,1,3,6,1,10,2
SF,IF2009,2020-05-12 09:31:20.300,3835.6000,21544,-2,116113680.000,2,0,2,双平,S,3835.6000,3835.2000,3835.0000,3834.4000,3834.0000,3835.8000,3836.0000,3837.8000,3839.0000,3840.0000,2,2,1,1,1,3,6,1,10,2
SF,IF2009,2020-05-12 09:31:20.800,3835.6000,21544,0,117264360.000,1,0,1,多换,S,3835.6000,3835.2000,3835.0000,3834.4000,3834.0000,3835.8000,3836.0000,3837.8000,3839.0000,3840.0000,1,2,1,1,1,3,1,1,10,2
SF,IF2009,2020-05-12 09:31:21.800,3835.8000,21543,-1,118415100.000,1,0,1,双平,S,3835.6000,3835.2000,3835.0000,3834.4000,3834.0000,3835.8000,3836.0000,3837.8000,3839.0000,3840.0000,1,2,1,1,1,2,1,1,10,2
SF,IF2009,2020-05-12 09:31:22.800,3835.6000,21543,0,119565780.000,1,0,1,多换,S,3835.2000,3835.0000,3834.4000,3834.0000,3833.8000,3835.8000,3836.0000,3837.8000,3839.0000,3840.0000,2,1,1,1,1,2,1,1,10,2
SF,IF2009,2020-05-12 09:31:23.300,3835.6000,21542,-1,124168080.000,4,1,3,多平,S,3834.4000,3834.0000,3833.8000,3833.2000,3833.0000,3835.8000,3836.0000,3837.8000,3839.0000,3840.0000,1,1,1,1,2,2,1,1,10,2
SF,IF2009,2020-05-12 09:31:23.800,3835.6000,21542,0,124168080.000,0,-,-,-,-,3834.4000,3833.8000,3833.2000,3833.0000,3831.8000,3835.6000,3835.8000,3836.0000,3837.8000,3839.0000,1,1,1,2,1,2,2,1,1,10
SF,IF2009,2020-05-12 09:31:24.300,3835.6000,21542,0,124168080.000,0,-,-,-,-,3834.4000,3833.8000,3833.2000,3833.0000,3831.8000,3835.6000,3835.8000,3836.0000,3837.8000,3839.0000,1,1,1,2,1,3,2,1,1,10
SF,IF2009,2020-05-12 09:31:24.800,3835.6000,21542,0,124168080.000,0,-,-,-,-,3834.4000,3833.8000,3833.2000,3833.0000,3831.8000,3835.6000,3835.8000,3836.0000,3837.8000,3839.0000,1,1,1,2,1,3,2,1,1,10
SF,IF2009,2020-05-12 09:31:25.300,3835.6000,21542,0,124168080.000,0,-,-,-,-,3834.4000,3833.8000,3833.2000,3833.0000,3831.8000,3835.6000,3835.8000,3836.0000,3837.8000,3839.0000,1,1,1,2,1,4,2,1,1,10
SF,IF2009,2020-05-12 09:31:25.800,3835.6000,21542,0,124168080.000,0,-,-,-,-,3834.6000,3834.4000,3833.8000,3833.2000,3833.0000,3835.6000,3835.8000,3836.0000,3837.8000,3839.0000,1,1,1,1,2,3,2,1,1,10
SF,IF2009,2020-05-12 09:31:26.300,3835.6000,21542,0,124168080.000,0,-,-,-,-,3834.6000,3834.4000,3833.8000,3833.2000,3833.0000,3835.6000,3835.8000,3836.0000,3837.8000,3839.0000,1,1,1,1,2,3,2,1,1,10
SF,IF2009,2020-05-12 09:31:26.800,3835.6000,21542,0,125318760.000,1,0,1,多换,S,3834.6000,3834.4000,3833.8000,3833.2000,3833.0000,3835.6000,3835.8000,3836.0000,3837.8000,3839.0000,1,1,1,1,2,2,2,1,1,10
SF,IF2009,2020-05-12 09:31:27.300,3835.6000,21542,0,125318760.000,0,-,-,-,-,3834.4000,3833.8000,3833.2000,3833.0000,3831.8000,3835.4000,3835.6000,3835.8000,3836.0000,3837.8000,1,1,1,2,1,1,2,2,1,1
SF,IF2009,2020-05-12 09:31:27.800,3835.6000,21542,0,125318760.000,0,-,-,-,-,3834.4000,3833.8000,3833.2000,3833.0000,3831.8000,3835.4000,3835.6000,3835.8000,3836.0000,3837.8000,1,1,1,2,1,1,2,2,1,1
SF,IF2009,2020-05-12 09:31:28.300,3835.6000,21542,0,125318760.000,0,-,-,-,-,3833.8000,3833.2000,3833.0000,3831.8000,3831.0000,3835.4000,3835.6000,3835.8000,3836.0000,3836.8000,1,1,2,1,1,1,2,2,1,3
SF,IF2009,2020-05-12 09:31:28.800,3835.6000,21542,0,125318760.000,0,-,-,-,-,3833.8000,3833.2000,3833.0000,3831.8000,3831.0000,3835.2000,3835.4000,3835.6000,3835.8000,3836.0000,1,1,2,1,1,1,1,2,2,1
SF,IF2009,2020-05-12 09:31:29.300,3835.6000,21542,0,125318760.000,0,-,-,-,-,3834.0000,3833.8000,3833.2000,3833.0000,3831.8000,3835.0000,3835.6000,3835.8000,3836.0000,3836.8000,3,1,1,2,1,1,2,2,1,3
SF,IF2009,2020-05-12 09:31:29.800,3835.6000,21542,0,125318760.000,0,-,-,-,-,3834.0000,3833.8000,3833.2000,3833.0000,3831.8000,3835.0000,3835.6000,3835.8000,3836.0000,3836.8000,2,1,1,2,1,1,2,2,1,3
SF,IF2009,2020-05-12 09:31:30.300,3835.6000,21542,0,125318760.000,0,-,-,-,-,3834.0000,3833.8000,3833.2000,3833.0000,3831.8000,3835.0000,3835.6000,3835.8000,3836.0000,3836.8000,3,2,1,2,1,1,2,2,1,3
SF,IF2009,2020-05-12 09:31:30.800,3835.0000,21541,-1,126469260.000,1,0,1,双平,S,3834.2000,3834.0000,3833.8000,3833.2000,3833.0000,3835.6000,3835.8000,3836.0000,3836.8000,3837.8000,1,3,2,1,2,2,2,1,3,1
SF,IF2009,2020-05-12 09:31:31.300,3835.0000,21541,0,126469260.000,0,-,-,-,-,3834.4000,3834.0000,3833.8000,3833.2000,3833.0000,3835.6000,3835.8000,3836.0000,3836.8000,3837.8000,2,2,2,1,2,2,2,1,3,1
SF,IF2009,2020-05-12 09:31:31.800,3835.0000,21541,0,126469260.000,0,-,-,-,-,3834.6000,3834.4000,3834.0000,3833.8000,3833.2000,3835.6000,3835.8000,3836.0000,3836.8000,3837.8000,1,1,2,2,1,2,2,1,3,1
SF,IF2009,2020-05-12 09:31:32.300,3835.0000,21541,0,126469260.000,0,-,-,-,-,3834.4000,3834.0000,3833.8000,3833.2000,3833.0000,3835.6000,3835.8000,3836.0000,3836.8000,3837.8000,1,2,2,1,2,2,2,1,3,1
SF,IF2009,2020-05-12 09:31:32.800,3835.0000,21541,0,126469260.000,0,-,-,-,-,3834.0000,3833.8000,3833.2000,3833.0000,3831.8000,3835.4000,3835.6000,3835.8000,3836.0000,3836.8000,2,2,1,2,1,1,2,2,1,3
SF,IF2009,2020-05-12 09:31:33.300,3835.0000,21541,0,126469260.000,0,-,-,-,-,3834.0000,3833.8000,3833.2000,3833.0000,3831.8000,3835.4000,3835.6000,3835.8000,3836.0000,3836.8000,1,2,1,2,1,1,2,2,1,3
SF,IF2009,2020-05-12 09:31:33.800,3835.0000,21541,0,126469260.000,0,-,-,-,-,3834.2000,3834.0000,3833.8000,3833.2000,3833.0000,3835.4000,3835.6000,3835.8000,3836.0000,3836.2000,1,1,2,1,2,1,7,2,1,2
SF,IF2009,2020-05-12 09:31:34.300,3835.0000,21541,0,126469260.000,0,-,-,-,-,3834.2000,3833.8000,3833.2000,3833.0000,3831.8000,3835.2000,3835.4000,3835.6000,3835.8000,3836.0000,1,1,1,2,1,1,1,7,2,1
SF,IF2009,2020-05-12 09:31:34.800,3835.0000,21541,0,126469260.000,0,-,-,-,-,3834.2000,3833.8000,3833.2000,3833.0000,3831.8000,3835.4000,3835.6000,3835.8000,3836.0000,3836.2000,1,1,1,2,1,1,7,2,1,2
SF,IF2009,2020-05-12 09:31:35.300,3835.0000,21541,0,126469260.000,0,-,-,-,-,3834.4000,3834.2000,3834.0000,3833.8000,3833.2000,3835.4000,3835.6000,3835.8000,3836.0000,3836.2000,1,1,1,1,1,1,7,2,1,2
SF,IF2009,2020-05-12 09:31:37.300,3835.4000,21540,-1,127619880.000,1,0,1,双平,S,3834.4000,3834.2000,3834.0000,3833.8000,3833.2000,3835.6000,3835.8000,3836.0000,3836.2000,3836.8000,1,1,1,1,1,7,2,1,2,3
SF,IF2009,2020-05-12 09:31:37.800,3835.4000,21540,0,127619880.000,0,-,-,-,-,3834.4000,3834.2000,3834.0000,3833.8000,3833.2000,3835.6000,3835.8000,3836.0000,3836.2000,3836.8000,1,1,1,1,1,7,2,1,2,3
SF,IF2009,2020-05-12 09:31:38.300,3835.4000,21540,0,127619880.000,0,-,-,-,-,3834.6000,3834.4000,3834.2000,3834.0000,3833.8000,3835.6000,3835.8000,3836.0000,3836.2000,3836.8000,1,1,1,1,1,7,3,1,2,3
SF,IF2009,2020-05-12 09:31:39.800,3835.4000,21540,0,127619880.000,0,-,-,-,-,3834.6000,3834.4000,3834.2000,3834.0000,3833.8000,3835.6000,3835.8000,3836.0000,3836.2000,3836.8000,1,1,1,1,1,7,3,2,2,3
SF,IF2009,2020-05-12 09:31:40.300,3835.4000,21540,0,127619880.000,0,-,-,-,-,3834.8000,3834.6000,3834.2000,3834.0000,3833.8000,3835.6000,3835.8000,3836.0000,3836.2000,3836.8000,1,1,1,1,1,7,3,2,2,3
SF,IF2009,2020-05-12 09:31:40.800,3835.4000,21540,0,127619880.000,0,-,-,-,-,3834.6000,3834.0000,3833.8000,3833.2000,3833.0000,3835.6000,3835.8000,3836.0000,3836.2000,3836.8000,1,1,1,1,2,7,3,2,2,3
SF,IF2009,2020-05-12 09:31:41.300,3835.4000,21540,0,127619880.000,0,-,-,-,-,3834.6000,3834.0000,3833.8000,3833.2000,3833.0000,3835.6000,3835.8000,3836.0000,3836.2000,3836.8000,1,1,1,1,2,8,3,2,2,3
SF,IF2009,2020-05-12 09:31:44.300,3834.6000,21539,-1,128770260.000,1,0,1,双平,S,3834.0000,3833.8000,3833.2000,3833.0000,3831.8000,3835.6000,3835.8000,3836.0000,3836.2000,3836.8000,1,1,1,2,1,8,3,2,2,3
SF,IF2009,2020-05-12 09:31:44.800,3834.6000,21539,0,128770260.000,0,-,-,-,-,3834.2000,3834.0000,3833.8000,3833.2000,3833.0000,3835.4000,3835.6000,3835.8000,3836.0000,3836.2000,1,3,2,1,2,2,8,3,2,2
SF,IF2009,2020-05-12 09:31:45.300,3834.6000,21539,0,128770260.000,0,-,-,-,-,3835.4000,3834.4000,3834.2000,3834.0000,3833.8000,3835.6000,3835.8000,3836.0000,3836.2000,3836.8000,1,1,3,3,2,8,3,2,2,3
SF,IF2009,2020-05-12 09:31:45.800,3835.4000,21538,-1,129920880.000,1,0,1,双平,S,3834.2000,3834.0000,3833.8000,3833.2000,3833.0000,3835.6000,3835.8000,3836.0000,3836.2000,3836.8000,3,3,2,1,2,8,3,2,2,3
SF,IF2009,2020-05-12 09:31:46.300,3835.4000,21538,0,129920880.000,0,-,-,-,-,3834.2000,3834.0000,3833.8000,3833.2000,3833.0000,3835.4000,3835.6000,3835.8000,3836.0000,3836.2000,1,3,2,1,2,1,8,3,2,2
SF,IF2009,2020-05-12 09:31:46.800,3835.4000,21538,0,129920880.000,0,-,-,-,-,3834.4000,3834.2000,3834.0000,3833.8000,3833.2000,3835.4000,3835.6000,3835.8000,3836.0000,3836.2000,1,1,3,2,1,1,8,3,2,2
SF,IF2009,2020-05-12 09:31:47.300,3835.4000,21538,0,129920880.000,0,-,-,-,-,3834.2000,3834.0000,3833.8000,3833.2000,3833.0000,3835.4000,3835.6000,3835.8000,3836.0000,3836.2000,1,3,2,1,2,1,8,3,2,2
SF,IF2009,2020-05-12 09:31:47.800,3835.4000,21538,0,129920880.000,0,-,-,-,-,3835.0000,3834.4000,3834.2000,3834.0000,3833.8000,3835.4000,3835.6000,3835.8000,3836.0000,3836.2000,1,1,1,3,2,1,8,3,2,2
SF,IF2009,2020-05-12 09:31:48.300,3835.4000,21538,0,129920880.000,0,-,-,-,-,3835.0000,3834.2000,3834.0000,3833.8000,3833.2000,3835.4000,3835.6000,3835.8000,3836.0000,3836.2000,1,1,3,2,1,1,8,3,2,2
SF,IF2009,2020-05-12 09:31:48.800,3835.4000,21538,0,129920880.000,0,-,-,-,-,3835.0000,3834.2000,3834.0000,3833.8000,3833.2000,3835.4000,3835.6000,3835.8000,3836.0000,3836.2000,1,1,3,2,1,1,8,3,2,2
SF,IF2009,2020-05-12 09:31:50.300,3835.4000,21538,0,129920880.000,0,-,-,-,-,3835.0000,3834.2000,3834.0000,3833.8000,3833.2000,3835.4000,3835.6000,3835.8000,3836.0000,3836.2000,1,1,3,2,1,1,8,3,1,2
SF,IF2009,2020-05-12 09:31:51.300,3835.0000,21538,0,131071380.000,1,0,1,多换,S,3834.2000,3834.0000,3833.8000,3833.2000,3833.0000,3835.4000,3835.6000,3835.8000,3836.0000,3836.2000,1,3,2,1,2,1,8,3,1,2
SF,IF2009,2020-05-12 09:31:51.800,3835.0000,21538,0,131071380.000,0,-,-,-,-,3834.4000,3834.2000,3834.0000,3833.8000,3833.2000,3835.4000,3835.6000,3835.8000,3836.0000,3836.2000,1,1,3,2,1,1,8,3,1,2
SF,IF2009,2020-05-12 09:31:52.300,3835.0000,21538,0,131071380.000,0,-,-,-,-,3834.6000,3834.4000,3834.0000,3833.8000,3833.2000,3835.4000,3835.6000,3835.8000,3836.0000,3836.2000,1,1,3,2,1,1,8,3,1,2
SF,IF2009,2020-05-12 09:31:53.800,3835.0000,21538,0,131071380.000,0,-,-,-,-,3834.6000,3834.4000,3834.0000,3833.8000,3833.2000,3835.4000,3835.6000,3835.8000,3836.0000,3836.2000,1,1,3,2,1,1,8,3,1,2
SF,IF2009,2020-05-12 09:31:54.300,3835.4000,21537,-1,132222000.000,1,0,1,双平,S,3834.6000,3834.4000,3834.0000,3833.8000,3833.2000,3835.6000,3835.8000,3836.0000,3836.2000,3836.8000,1,1,3,2,1,8,3,1,2,3
SF,IF2009,2020-05-12 09:31:54.800,3835.6000,21536,-1,133372680.000,1,0,1,双平,S,3834.6000,3834.4000,3834.0000,3833.8000,3833.2000,3835.6000,3835.8000,3836.0000,3836.2000,3836.8000,1,1,3,2,1,7,3,1,2,3
SF,IF2009,2020-05-12 09:31:55.300,3835.6000,21534,-2,135674040.000,2,0,2,双平,S,3834.6000,3834.4000,3834.0000,3833.8000,3833.2000,3835.6000,3835.8000,3836.0000,3836.2000,3836.8000,1,1,3,2,1,5,3,1,2,3
SF,IF2009,2020-05-12 09:31:55.800,3835.6000,21534,0,135674040.000,0,-,-,-,-,3834.8000,3834.6000,3834.4000,3834.0000,3833.8000,3835.6000,3835.8000,3836.0000,3836.2000,3836.8000,1,1,1,3,2,5,3,1,2,3
SF,IF2009,2020-05-12 09:31:56.300,3835.6000,21534,0,135674040.000,0,-,-,-,-,3835.0000,3834.4000,3834.0000,3833.8000,3833.2000,3835.6000,3835.8000,3836.0000,3836.2000,3836.8000,1,1,3,2,1,5,3,1,2,3
SF,IF2009,2020-05-12 09:31:56.800,3835.6000,21534,0,135674040.000,0,-,-,-,-,3835.0000,3834.4000,3834.0000,3833.8000,3833.2000,3835.6000,3835.8000,3836.0000,3836.2000,3836.8000,1,1,3,2,1,5,3,1,2,3
SF,IF2009,2020-05-12 09:31:57.300,3835.0000,21533,-1,136824540.000,1,0,1,双平,S,3834.4000,3834.0000,3833.8000,3833.2000,3833.0000,3835.4000,3835.6000,3835.8000,3836.0000,3836.2000,1,3,2,1,2,1,5,3,1,2
SF,IF2009,2020-05-12 09:31:57.800,3835.0000,21533,0,136824540.000,0,-,-,-,-,3834.6000,3834.4000,3834.0000,3833.8000,3833.0000,3835.4000,3835.6000,3835.8000,3836.0000,3836.2000,2,1,3,2,2,1,5,3,1,2
SF,IF2009,2020-05-12 09:31:58.300,3835.0000,21533,0,136824540.000,0,-,-,-,-,3834.6000,3834.0000,3833.8000,3833.0000,3831.8000,3835.4000,3835.6000,3835.8000,3836.0000,3836.2000,1,3,2,2,1,1,5,3,1,2
SF,IF2009,2020-05-12 09:31:59.300,3835.4000,21533,0,137975160.000,1,0,1,多换,S,3834.6000,3834.0000,3833.8000,3833.0000,3831.8000,3835.6000,3835.8000,3836.0000,3836.2000,3836.8000,1,3,2,2,1,5,3,1,2,3
SF,IF2009,2020-05-12 09:32:00.800,3835.6000,21528,-5,143728560.000,5,0,5,双平,S,3835.4000,3834.6000,3834.0000,3833.8000,3833.0000,3835.8000,3836.0000,3836.2000,3836.8000,3837.8000,2,1,3,2,2,3,1,2,3,1
SF,IF2009,2020-05-12 09:32:01.300,3835.4000,21528,0,146029800.000,2,1,1,多换,S,3834.0000,3833.8000,3833.0000,3831.8000,3831.0000,3835.6000,3835.8000,3836.0000,3836.2000,3836.8000,3,2,2,1,1,1,3,1,2,3
SF,IF2009,2020-05-12 09:32:01.800,3835.4000,21528,0,146029800.000,0,-,-,-,-,3834.2000,3834.0000,3833.8000,3833.0000,3831.8000,3835.4000,3835.8000,3836.0000,3836.2000,3836.8000,2,4,2,2,1,1,3,1,2,3
SF,IF2009,2020-05-12 09:32:02.300,3835.4000,21528,0,146029800.000,0,-,-,-,-,3834.2000,3834.0000,3833.8000,3833.0000,3831.8000,3835.4000,3835.8000,3836.0000,3836.2000,3836.8000,2,4,2,2,1,1,3,1,2,3
SF,IF2009,2020-05-12 09:32:02.800,3835.4000,21528,0,146029800.000,0,-,-,-,-,3834.2000,3834.0000,3833.8000,3833.0000,3831.8000,3835.4000,3835.8000,3836.0000,3836.2000,3836.4000,2,4,2,2,1,1,3,1,2,1
SF,IF2009,2020-05-12 09:32:03.300,3835.4000,21528,0,146029800.000,0,-,-,-,-,3834.2000,3834.0000,3833.8000,3833.0000,3831.8000,3835.4000,3835.8000,3836.0000,3836.2000,3836.4000,1,4,2,2,1,1,3,1,2,1
SF,IF2009,2020-05-12 09:32:03.800,3835.4000,21528,0,146029800.000,0,-,-,-,-,3834.4000,3834.2000,3834.0000,3833.8000,3833.0000,3835.4000,3835.8000,3836.0000,3836.2000,3836.4000,5,1,4,2,2,1,3,1,2,1
SF,IF2009,2020-05-12 09:32:04.300,3835.4000,21528,0,147180420.000,1,0,1,多换,S,3834.4000,3834.2000,3834.0000,3833.8000,3833.0000,3835.8000,3836.0000,3836.2000,3836.4000,3836.8000,5,1,4,2,2,3,1,2,1,3
SF,IF2009,2020-05-12 09:32:04.800,3835.4000,21528,0,147180420.000,0,-,-,-,-,3834.6000,3834.4000,3834.0000,3833.8000,3833.0000,3835.6000,3835.8000,3836.0000,3836.2000,3836.4000,1,2,4,2,2,2,3,1,2,1
SF,IF2009,2020-05-12 09:32:05.300,3835.4000,21528,0,147180420.000,0,-,-,-,-,3834.6000,3834.4000,3834.0000,3833.8000,3833.0000,3835.8000,3836.0000,3836.2000,3836.8000,3837.8000,1,2,4,2,2,3,1,2,3,1
SF,IF2009,2020-05-12 09:32:05.800,3835.4000,21528,0,147180420.000,0,-,-,-,-,3834.8000,3834.6000,3834.4000,3834.0000,3833.8000,3835.8000,3836.0000,3836.2000,3836.8000,3837.8000,1,1,1,4,2,3,1,2,3,1
SF,IF2009,2020-05-12 09:32:06.300,3835.4000,21528,0,147180420.000,0,-,-,-,-,3835.0000,3834.8000,3834.6000,3834.4000,3834.0000,3835.8000,3836.0000,3836.2000,3836.8000,3837.8000,2,3,1,1,4,3,1,2,3,1
SF,IF2009,2020-05-12 09:32:06.800,3835.8000,21527,-1,148331160.000,1,0,1,双平,S,3835.0000,3834.8000,3834.6000,3834.4000,3834.0000,3835.8000,3836.0000,3836.2000,3836.8000,3837.8000,2,2,1,1,4,2,1,2,3,1
SF,IF2009,2020-05-12 09:32:07.800,3835.8000,21527,0,148331160.000,0,-,-,-,-,3835.2000,3835.0000,3834.8000,3834.6000,3834.4000,3835.8000,3836.0000,3836.2000,3836.8000,3837.8000,2,2,2,1,1,2,1,2,3,1
SF,IF2009,2020-05-12 09:32:09.300,3835.8000,21526,-1,149481900.000,1,0,1,双平,S,3835.2000,3835.0000,3834.8000,3834.6000,3834.4000,3835.8000,3836.0000,3836.2000,3836.8000,3837.8000,2,2,2,1,1,1,1,2,3,1
SF,IF2009,2020-05-12 09:32:09.800,3835.8000,21525,-1,150632640.000,1,0,1,双平,S,3835.2000,3835.0000,3834.8000,3834.6000,3834.4000,3836.0000,3836.2000,3836.8000,3837.8000,3838.6000,2,2,2,1,1,1,2,3,1,1
SF,IF2009,2020-05-12 09:32:10.800,3835.8000,21525,0,150632640.000,0,-,-,-,-,3835.2000,3835.0000,3834.8000,3834.6000,3834.4000,3836.0000,3836.2000,3836.8000,3837.8000,3838.6000,2,2,2,1,1,1,2,3,1,1
SF,IF2009,2020-05-12 09:32:11.300,3835.8000,21525,0,150632640.000,0,-,-,-,-,3835.4000,3835.2000,3835.0000,3834.8000,3834.4000,3836.0000,3836.2000,3836.8000,3837.8000,3838.6000,1,2,2,2,1,1,2,3,1,1
SF,IF2009,2020-05-12 09:32:13.300,3836.0000,21526,1,151783440.000,1,1,0,双开,S,3835.4000,3835.2000,3835.0000,3834.8000,3834.4000,3836.2000,3836.8000,3837.8000,3838.6000,3839.0000,1,2,2,2,1,2,3,1,1,10
SF,IF2009,2020-05-12 09:32:14.300,3836.0000,21526,0,151783440.000,0,-,-,-,-,3835.4000,3835.2000,3835.0000,3834.8000,3834.4000,3836.2000,3836.8000,3837.8000,3838.6000,3839.0000,1,2,2,2,1,2,3,1,1,10
SF,IF2009,2020-05-12 09:32:14.800,3836.0000,21526,0,151783440.000,0,-,-,-,-,3836.0000,3835.4000,3835.2000,3835.0000,3834.8000,3836.2000,3836.8000,3837.8000,3838.6000,3839.0000,1,1,2,2,2,2,3,1,1,10
SF,IF2009,2020-05-12 09:32:15.300,3836.0000,21526,0,151783440.000,0,-,-,-,-,3835.4000,3835.2000,3835.0000,3834.8000,3834.4000,3836.2000,3836.8000,3837.8000,3838.6000,3839.0000,1,2,2,2,1,2,3,1,1,10
SF,IF2009,2020-05-12 09:32:15.800,3836.2000,21526,0,154085160.000,2,1,1,多换,S,3835.6000,3835.4000,3835.2000,3835.0000,3834.8000,3836.8000,3837.8000,3838.6000,3839.0000,3840.0000,1,1,2,2,2,3,1,1,10,2
SF,IF2009,2020-05-12 09:32:16.300,3836.2000,21526,0,154085160.000,0,-,-,-,-,3835.8000,3835.6000,3835.2000,3835.0000,3834.8000,3836.8000,3837.8000,3838.6000,3839.0000,3840.0000,1,1,2,2,2,3,1,1,10,2
SF,IF2009,2020-05-12 09:32:17.300,3836.2000,21526,0,154085160.000,0,-,-,-,-,3835.8000,3835.6000,3835.2000,3835.0000,3834.8000,3836.8000,3837.8000,3838.6000,3839.0000,3840.0000,1,1,2,2,2,3,1,1,10,2
SF,IF2009,2020-05-12 09:32:17.800,3836.2000,21526,0,154085160.000,0,-,-,-,-,3836.0000,3835.8000,3835.2000,3835.0000,3834.8000,3836.8000,3837.8000,3838.6000,3839.0000,3840.0000,1,1,2,2,2,3,1,1,10,2
SF,IF2009,2020-05-12 09:32:18.300,3836.2000,21526,0,154085160.000,0,-,-,-,-,3835.8000,3835.2000,3835.0000,3834.8000,3834.4000,3836.8000,3837.8000,3838.6000,3839.0000,3840.0000,1,2,2,2,1,3,1,1,10,2
SF,IF2009,2020-05-12 09:32:18.800,3836.2000,21526,0,154085160.000,0,-,-,-,-,3835.8000,3835.2000,3835.0000,3834.8000,3834.4000,3836.8000,3837.8000,3838.6000,3839.0000,3840.0000,1,2,2,2,1,3,1,1,10,2
SF,IF2009,2020-05-12 09:32:19.800,3836.2000,21526,0,154085160.000,0,-,-,-,-,3835.8000,3835.2000,3835.0000,3834.8000,3834.4000,3836.8000,3837.8000,3838.6000,3839.0000,3840.0000,1,2,2,2,1,3,1,1,10,2
SF,IF2009,2020-05-12 09:32:20.300,3836.8000,21524,-2,156387240.000,2,0,2,双平,S,3835.8000,3835.2000,3835.0000,3834.8000,3834.4000,3836.8000,3837.8000,3838.6000,3839.0000,3840.0000,1,2,2,2,1,1,1,1,10,2
SF,IF2009,2020-05-12 09:32:20.800,3836.8000,21524,0,156387240.000,0,-,-,-,-,3836.0000,3835.8000,3835.2000,3835.0000,3834.8000,3836.8000,3837.8000,3838.6000,3839.0000,3840.0000,2,1,2,2,2,1,1,1,10,2
SF,IF2009,2020-05-12 09:32:21.300,3836.8000,21523,-1,157538280.000,1,0,1,双平,S,3836.2000,3836.0000,3835.2000,3835.0000,3834.8000,3837.8000,3838.6000,3839.0000,3840.0000,3842.6000,1,2,2,2,2,1,1,10,2,1
SF,IF2009,2020-05-12 09:32:21.800,3836.8000,21523,0,157538280.000,0,-,-,-,-,3836.4000,3836.2000,3835.2000,3835.0000,3834.8000,3837.6000,3837.8000,3838.6000,3839.0000,3840.0000,2,1,2,2,2,1,1,1,10,2
SF,IF2009,2020-05-12 09:32:22.300,3836.8000,21523,0,157538280.000,0,-,-,-,-,3836.6000,3836.4000,3835.2000,3835.0000,3834.8000,3837.8000,3838.6000,3839.0000,3840.0000,3842.6000,1,1,2,2,2,1,1,10,2,1
SF,IF2009,2020-05-12 09:32:22.800,3837.8000,21523,0,158689620.000,1,0,1,多换,S,3836.8000,3836.6000,3836.4000,3835.2000,3834.4000,3838.6000,3839.0000,3840.0000,3842.6000,3843.6000,2,3,1,2,1,1,10,2,1,1
SF,IF2009,2020-05-12 09:32:23.300,3837.8000,21523,0,158689620.000,0,-,-,-,-,3837.0000,3836.6000,3836.4000,3835.2000,3834.0000,3838.4000,3838.6000,3839.0000,3840.0000,3842.6000,3,2,1,2,4,2,1,10,2,1
SF,IF2009,2020-05-12 09:32:23.800,3837.8000,21523,0,158689620.000,0,-,-,-,-,3837.0000,3836.6000,3836.4000,3834.0000,3833.8000,3838.2000,3838.4000,3838.6000,3839.0000,3840.0000,1,2,2,4,2,1,1,1,10,2
SF,IF2009,2020-05-12 09:32:24.300,3837.8000,21523,0,158689620.000,0,-,-,-,-,3837.0000,3836.6000,3836.4000,3834.0000,3833.8000,3838.0000,3838.6000,3839.0000,3840.0000,3840.4000,1,2,2,4,2,1,1,10,2,1
SF,IF2009,2020-05-12 09:32:24.800,3837.8000,21523,0,158689620.000,0,-,-,-,-,3837.0000,3836.6000,3836.4000,3834.0000,3833.8000,3838.0000,3838.6000,3839.0000,3840.0000,3840.4000,1,2,1,4,2,2,1,10,2,1
SF,IF2009,2020-05-12 09:32:25.300,3837.8000,21523,0,158689620.000,0,-,-,-,-,3836.6000,3836.4000,3834.0000,3833.8000,3833.0000,3837.0000,3838.0000,3838.6000,3839.0000,3840.0000,2,1,4,2,1,1,2,1,10,2
SF,IF2009,2020-05-12 09:32:25.800,3837.0000,21522,-1,159840720.000,1,0,1,双平,S,3837.2000,3837.0000,3836.8000,3836.4000,3834.0000,3838.0000,3838.6000,3839.0000,3840.0000,3840.4000,1,1,1,2,4,1,1,10,2,1
SF,IF2009,2020-05-12 09:32:26.800,3837.0000,21522,0,159840720.000,0,-,-,-,-,3837.0000,3836.8000,3836.4000,3834.0000,3833.8000,3838.0000,3838.6000,3839.0000,3840.0000,3840.4000,1,1,2,4,2,1,2,10,2,1
SF,IF2009,2020-05-12 09:32:27.300,3837.0000,21522,0,159840720.000,0,-,-,-,-,3837.0000,3836.4000,3834.0000,3833.8000,3833.0000,3837.8000,3838.0000,3838.6000,3839.0000,3840.0000,1,2,4,2,1,1,1,2,10,2
SF,IF2009,2020-05-12 09:32:27.800,3837.6000,21520,-2,162143340.000,2,0,2,双平,S,3837.6000,3837.2000,3837.0000,3836.8000,3836.4000,3838.0000,3838.6000,3839.0000,3840.0000,3840.4000,1,1,1,1,2,1,2,10,2,1
SF,IF2009,2020-05-12 09:32:28.300,3838.0000,21519,-1,163294740.000,1,0,1,双平,S,3837.2000,3837.0000,3836.8000,3836.4000,3835.0000,3838.6000,3839.0000,3840.0000,3840.4000,3842.6000,1,1,1,2,5,2,10,2,1,1
SF,IF2009,2020-05-12 09:32:28.800,3838.0000,21519,0,163294740.000,0,-,-,-,-,3837.4000,3837.0000,3836.8000,3836.4000,3834.0000,3838.6000,3839.0000,3840.0000,3840.4000,3842.6000,5,1,1,1,4,2,10,2,1,1
SF,IF2009,2020-05-12 09:32:29.300,3838.6000,21517,-2,165597900.000,2,0,2,双平,S,3837.6000,3837.4000,3837.0000,3836.8000,3836.4000,3839.0000,3840.0000,3840.4000,3842.6000,3843.6000,4,2,1,1,1,10,2,1,1,1
SF,IF2009,2020-05-12 09:32:29.800,3838.6000,21517,0,165597900.000,0,-,-,-,-,3837.8000,3837.6000,3837.4000,3837.0000,3836.8000,3838.8000,3839.0000,3840.0000,3840.4000,3842.6000,2,3,1,1,1,1,10,2,1,1
SF,IF2009,2020-05-12 09:32:30.300,3838.6000,21517,0,165597900.000,0,-,-,-,-,3837.8000,3837.6000,3837.4000,3837.0000,3836.8000,3839.0000,3840.0000,3840.4000,3842.6000,3843.6000,5,1,1,1,1,10,2,1,1,1
SF,IF2009,2020-05-12 09:32:30.800,3838.6000,21517,0,165597900.000,0,-,-,-,-,3837.8000,3837.0000,3836.8000,3836.4000,3834.0000,3838.8000,3839.0000,3840.0000,3840.4000,3842.6000,1,1,1,1,4,2,10,2,1,1
SF,IF2009,2020-05-12 09:32:31.300,3838.6000,21517,0,165597900.000,0,-,-,-,-,3837.0000,3836.8000,3836.4000,3834.0000,3833.8000,3838.8000,3839.0000,3840.0000,3840.4000,3842.6000,1,1,1,4,2,1,10,2,1,1
SF,IF2009,2020-05-12 09:32:31.800,3838.6000,21517,0,165597900.000,0,-,-,-,-,3837.2000,3837.0000,3836.8000,3836.4000,3834.0000,3838.8000,3839.0000,3840.0000,3840.4000,3842.6000,5,1,1,1,4,1,10,2,1,1
SF,IF2009,2020-05-12 09:32:32.300,3838.6000,21517,0,165597900.000,0,-,-,-,-,3837.4000,3837.2000,3837.0000,3836.8000,3836.4000,3838.8000,3839.0000,3840.0000,3840.4000,3842.6000,2,3,1,1,1,1,10,2,1,1
SF,IF2009,2020-05-12 09:32:32.800,3838.6000,21517,0,165597900.000,0,-,-,-,-,3837.6000,3837.4000,3837.2000,3837.0000,3836.8000,3838.8000,3839.0000,3840.0000,3840.4000,3842.6000,2,2,2,1,1,1,10,2,1,1
SF,IF2009,2020-05-12 09:32:33.300,3838.6000,21517,0,165597900.000,0,-,-,-,-,3837.6000,3837.4000,3837.2000,3837.0000,3836.8000,3838.8000,3839.0000,3840.0000,3840.4000,3842.6000,1,1,1,1,1,1,10,2,1,1
SF,IF2009,2020-05-12 09:32:34.800,3838.6000,21517,0,165597900.000,0,-,-,-,-,3837.6000,3837.4000,3837.2000,3837.0000,3836.8000,3838.6000,3838.8000,3839.0000,3840.0000,3840.4000,1,1,1,1,1,2,1,10,2,1
SF,IF2009,2020-05-12 09:32:35.300,3838.6000,21517,0,165597900.000,0,-,-,-,-,3837.4000,3837.2000,3837.0000,3836.8000,3834.0000,3837.6000,3838.4000,3838.6000,3840.0000,3840.4000,1,1,1,1,4,2,1,1,2,1
SF,IF2009,2020-05-12 09:32:35.800,3837.6000,21515,-2,167900520.000,2,0,2,双平,S,3837.8000,3837.6000,3837.2000,3837.0000,3836.8000,3840.0000,3840.4000,3842.6000,3843.6000,3845.0000,1,1,1,1,1,2,1,1,1,1
SF,IF2009,2020-05-12 09:32:36.300,3837.6000,21515,0,167900520.000,0,-,-,-,-,3837.8000,3837.2000,3837.0000,3836.8000,3834.0000,3839.2000,3839.6000,3839.8000,3840.0000,3840.4000,1,1,1,1,4,1,1,2,2,1
SF,IF2009,2020-05-12 09:32:36.800,3837.6000,21515,0,167900520.000,0,-,-,-,-,3837.2000,3837.0000,3836.8000,3834.0000,3833.8000,3839.0000,3839.2000,3839.6000,3839.8000,3840.0000,1,1,1,4,2,2,1,2,1,2
SF,IF2009,2020-05-12 09:32:37.300,3837.6000,21515,0,167900520.000,0,-,-,-,-,3837.4000,3837.0000,3834.0000,3833.8000,3833.0000,3838.8000,3839.0000,3839.6000,3840.0000,3840.4000,2,1,4,2,1,1,1,1,2,1
SF,IF2009,2020-05-12 09:32:37.800,3837.6000,21515,0,167900520.000,0,-,-,-,-,3837.4000,3837.0000,3834.0000,3833.8000,3833.0000,3838.2000,3838.6000,3839.6000,3840.0000,3840.4000,1,1,4,2,1,1,2,1,2,1
SF,IF2009,2020-05-12 09:32:38.300,3837.6000,21515,0,167900520.000,0,-,-,-,-,3837.4000,3837.0000,3834.0000,3833.8000,3833.0000,3838.2000,3838.6000,3839.6000,3840.0000,3840.4000,1,1,4,2,1,1,1,1,2,1
SF,IF2009,2020-05-12 09:32:38.800,3838.2000,21514,-1,169051980.000,1,0,1,双平,S,3837.4000,3837.0000,3834.0000,3833.8000,3833.0000,3838.6000,3839.6000,3840.0000,3840.4000,3842.6000,1,1,4,2,1,1,1,2,1,1
SF,IF2009,2020-05-12 09:32:39.300,3838.2000,21514,0,169051980.000,0,-,-,-,-,3837.0000,3834.0000,3833.8000,3833.0000,3831.8000,3838.6000,3839.6000,3840.0000,3840.4000,3842.6000,1,4,2,1,1,1,1,2,1,1
SF,IF2009,2020-05-12 09:32:39.800,3838.2000,21514,0,169051980.000,0,-,-,-,-,3837.2000,3837.0000,3834.0000,3833.8000,3833.0000,3838.4000,3838.6000,3839.6000,3840.0000,3840.4000,2,2,4,2,1,1,1,1,2,1
SF,IF2009,2020-05-12 09:32:40.300,3838.2000,21514,0,169051980.000,0,-,-,-,-,3837.0000,3834.0000,3833.8000,3833.0000,3831.8000,3838.2000,3839.6000,3840.0000,3840.4000,3842.6000,1,4,2,1,1,2,1,2,1,1
SF,IF2009,2020-05-12 09:32:41.800,3838.2000,21514,0,169051980.000,0,-,-,-,-,3837.0000,3834.0000,3833.8000,3833.0000,3831.8000,3837.4000,3838.0000,3838.2000,3839.6000,3840.0000,1,4,2,1,1,3,2,1,1,2
SF,IF2009,2020-05-12 09:32:42.300,3837.0000,21513,-1,170203080.000,1,0,1,双平,S,3834.0000,3833.8000,3833.0000,3831.8000,3831.0000,3837.4000,3838.0000,3838.2000,3839.6000,3840.0000,4,2,1,1,1,3,1,1,3,2
SF,IF2009,2020-05-12 09:32:42.800,3837.0000,21513,0,170203080.000,0,-,-,-,-,3836.0000,3835.6000,3834.4000,3834.2000,3834.0000,3837.2000,3837.4000,3838.0000,3839.6000,3840.0000,2,1,7,4,4,1,3,1,3,2
SF,IF2009,2020-05-12 09:32:43.300,3837.0000,21513,0,170203080.000,0,-,-,-,-,3836.2000,3836.0000,3835.0000,3834.4000,3834.2000,3837.4000,3838.0000,3839.6000,3840.0000,3840.4000,2,1,1,7,2,3,1,3,2,1
SF,IF2009,2020-05-12 09:32:43.800,3837.0000,21513,0,170203080.000,0,-,-,-,-,3836.4000,3836.2000,3836.0000,3835.0000,3834.4000,3837.4000,3839.6000,3840.0000,3840.4000,3842.6000,3,2,1,1,7,3,3,2,1,1
SF,IF2009,2020-05-12 09:32:44.300,3837.0000,21513,0,170203080.000,0,-,-,-,-,3836.8000,3836.6000,3836.4000,3836.2000,3836.0000,3837.4000,3839.6000,3840.0000,3840.4000,3842.6000,1,3,4,1,1,3,3,2,1,1
SF,IF2009,2020-05-12 09:32:44.800,3837.4000,21512,-1,172505520.000,2,0,2,多平,S,3836.6000,3836.4000,3836.0000,3835.0000,3834.4000,3837.4000,3839.6000,3840.0000,3840.4000,3841.8000,2,2,1,2,7,1,3,2,1,3
SF,IF2009,2020-05-12 09:32:46.300,3837.4000,21512,0,173656740.000,1,0,1,多换,S,3836.6000,3836.4000,3836.0000,3835.0000,3834.4000,3839.6000,3840.0000,3840.4000,3841.8000,3842.6000,1,2,1,2,7,3,2,1,3,1
SF,IF2009,2020-05-12 09:32:46.800,3837.4000,21512,0,173656740.000,0,-,-,-,-,3836.8000,3836.6000,3836.4000,3836.0000,3835.0000,3838.8000,3839.4000,3839.6000,3840.0000,3840.4000,1,1,1,1,2,1,5,3,2,1
SF,IF2009,2020-05-12 09:32:47.300,3837.4000,21512,0,173656740.000,0,-,-,-,-,3837.4000,3837.0000,3836.4000,3835.0000,3834.4000,3838.4000,3838.6000,3839.4000,3839.6000,3840.0000,1,1,1,2,7,1,3,4,3,2
SF,IF2009,2020-05-12 09:32:47.800,3837.0000,21511,-1,175959060.000,2,0,2,多平,S,3835.0000,3834.4000,3834.0000,3833.8000,3833.0000,3838.2000,3838.4000,3838.6000,3839.4000,3839.6000,2,7,4,2,1,3,1,2,4,2
SF,IF2009,2020-05-12 09:32:48.300,3837.0000,21511,0,175959060.000,0,-,-,-,-,3835.2000,3835.0000,3834.0000,3833.8000,3833.0000,3838.2000,3838.6000,3839.4000,3839.6000,3840.0000,10,2,4,2,1,2,2,2,2,2
SF,IF2009,2020-05-12 09:32:48.800,3837.0000,21511,0,175959060.000,0,-,-,-,-,3835.6000,3835.4000,3835.2000,3835.0000,3834.0000,3838.0000,3838.2000,3838.6000,3839.4000,3839.6000,1,2,3,2,4,2,2,2,2,2
SF,IF2009,2020-05-12 09:32:49.300,3837.0000,21511,0,175959060.000,0,-,-,-,-,3835.8000,3835.4000,3835.0000,3834.0000,3833.8000,3837.8000,3838.0000,3838.6000,3839.4000,3839.6000,2,2,1,4,2,1,2,1,2,2
SF,IF2009,2020-05-12 09:32:49.800,3837.0000,21511,0,175959060.000,0,-,-,-,-,3836.0000,3835.8000,3835.4000,3835.0000,3834.0000,3837.8000,3838.0000,3838.6000,3839.4000,3839.6000,2,2,2,1,4,1,2,1,2,2
SF,IF2009,2020-05-12 09:32:50.300,3837.0000,21511,0,175959060.000,0,-,-,-,-,3836.2000,3836.0000,3835.8000,3835.4000,3835.0000,3837.8000,3838.0000,3838.6000,3839.4000,3839.6000,2,1,1,2,1,1,2,1,2,2
SF,IF2009,2020-05-12 09:32:50.800,3837.0000,21511,0,175959060.000,0,-,-,-,-,3836.2000,3835.8000,3835.4000,3835.0000,3834.0000,3837.4000,3837.6000,3837.8000,3838.0000,3838.6000,2,1,2,1,4,1,2,1,2,1
SF,IF2009,2020-05-12 09:32:51.300,3836.2000,21510,-1,177109920.000,1,0,1,双平,S,3835.8000,3835.4000,3835.0000,3834.0000,3833.8000,3837.2000,3837.6000,3838.0000,3838.6000,3839.4000,1,2,1,4,2,3,1,3,1,2
SF,IF2009,2020-05-12 09:32:51.800,3835.8000,21509,-1,178260660.000,1,0,1,双平,S,3835.4000,3835.0000,3834.0000,3833.8000,3833.0000,3837.0000,3837.2000,3837.6000,3838.0000,3838.6000,1,1,4,2,1,1,2,1,3,1
SF,IF2009,2020-05-12 09:32:52.300,3835.4000,21508,-1,179411280.000,1,0,1,双平,S,3835.0000,3834.0000,3833.8000,3833.0000,3831.8000,3835.6000,3836.6000,3836.8000,3838.0000,3838.6000,1,4,2,1,1,3,1,3,3,1
SF,IF2009,2020-05-12 09:32:52.800,3835.4000,21508,0,179411280.000,0,-,-,-,-,3835.0000,3834.0000,3833.8000,3833.0000,3831.8000,3836.8000,3838.0000,3838.6000,3839.4000,3839.6000,1,4,2,1,1,1,1,1,1,2
SF,IF2009,2020-05-12 09:32:53.300,3835.4000,21508,0,179411280.000,0,-,-,-,-,3835.2000,3835.0000,3834.0000,3833.8000,3833.0000,3836.6000,3836.8000,3838.0000,3838.6000,3839.4000,1,2,4,2,1,2,1,1,1,1
SF,IF2009,2020-05-12 09:32:53.800,3835.4000,21508,0,179411280.000,0,-,-,-,-,3835.2000,3835.0000,3834.0000,3833.8000,3833.0000,3836.4000,3836.6000,3838.0000,3838.6000,3839.4000,1,1,4,2,1,2,2,1,1,1
SF,IF2009,2020-05-12 09:32:54.300,3835.4000,21508,0,179411280.000,0,-,-,-,-,3835.4000,3835.2000,3835.0000,3834.0000,3833.8000,3836.4000,3836.6000,3838.0000,3838.6000,3839.4000,1,2,1,4,2,2,2,1,1,1
SF,IF2009,2020-05-12 09:32:54.800,3836.4000,21508,0,180562200.000,1,0,1,多换,S,3835.4000,3835.2000,3835.0000,3834.0000,3833.8000,3836.6000,3838.0000,3838.6000,3839.4000,3839.6000,1,1,1,4,2,1,1,1,1,2
SF,IF2009,2020-05-12 09:32:55.300,3836.4000,21508,0,180562200.000,0,-,-,-,-,3835.6000,3835.4000,3835.0000,3834.0000,3833.8000,3836.6000,3838.0000,3838.6000,3839.4000,3839.6000,1,1,1,4,2,1,1,1,1,2
SF,IF2009,2020-05-12 09:32:55.800,3836.4000,21508,0,180562200.000,0,-,-,-,-,3835.6000,3835.4000,3835.0000,3834.0000,3833.8000,3838.0000,3838.6000,3839.4000,3839.6000,3840.0000,1,1,1,4,2,1,1,1,2,2
SF,IF2009,2020-05-12 09:32:56.300,3836.4000,21508,0,180562200.000,0,-,-,-,-,3835.6000,3835.0000,3834.0000,3833.8000,3833.0000,3837.4000,3837.6000,3837.8000,3838.0000,3838.6000,1,1,4,2,1,2,1,2,1,1
SF,IF2009,2020-05-12 09:32:56.800,3836.4000,21508,0,180562200.000,0,-,-,-,-,3835.6000,3835.0000,3834.0000,3833.8000,3833.0000,3837.2000,3837.4000,3837.8000,3838.0000,3838.6000,1,1,4,2,1,2,2,1,1,1
SF,IF2009,2020-05-12 09:32:57.300,3835.6000,21507,-1,181712880.000,1,0,1,双平,S,3835.0000,3834.0000,3833.8000,3833.0000,3831.8000,3836.8000,3837.0000,3837.2000,3837.8000,3838.0000,1,4,2,1,1,1,1,4,1,1
SF,IF2009,2020-05-12 09:32:57.800,3835.6000,21507,0,181712880.000,0,-,-,-,-,3835.2000,3835.0000,3834.0000,3833.8000,3833.0000,3836.6000,3836.8000,3837.2000,3837.8000,3838.0000,1,1,4,2,1,3,1,1,1,1
SF,IF2009,2020-05-12 09:32:58.300,3835.6000,21507,0,181712880.000,0,-,-,-,-,3835.2000,3835.0000,3834.0000,3833.8000,3833.0000,3836.4000,3836.6000,3837.2000,3838.0000,3838.6000,2,1,4,2,1,1,2,1,1,1
SF,IF2009,2020-05-12 09:32:58.800,3835.6000,21507,0,181712880.000,0,-,-,-,-,3835.2000,3835.0000,3834.0000,3833.8000,3833.0000,3835.6000,3836.2000,3836.6000,3837.2000,3838.0000,1,1,4,2,1,1,1,2,1,1
SF,IF2009,2020-05-12 09:32:59.300,3835.6000,21506,-1,182863560.000,1,0,1,双平,S,3835.4000,3835.2000,3835.0000,3834.0000,3833.8000,3836.6000,3837.2000,3838.0000,3838.6000,3839.4000,1,1,1,4,2,2,1,1,1,1
SF,IF2009,2020-05-12 09:32:59.800,3835.6000,21506,0,182863560.000,0,-,-,-,-,3835.6000,3835.4000,3835.0000,3834.0000,3833.8000,3836.4000,3836.6000,3838.0000,3838.6000,3839.4000,1,1,1,4,2,1,2,1,1,1
SF,IF2009,2020-05-12 09:33:00.300,3835.6000,21506,0,182863560.000,0,-,-,-,-,3835.6000,3835.4000,3835.0000,3834.0000,3833.8000,3838.0000,3838.6000,3839.4000,3839.6000,3840.0000,1,1,1,4,2,1,1,1,2,2
SF,IF2009,2020-05-12 09:33:00.800,3835.6000,21506,0,182863560.000,0,-,-,-,-,3835.6000,3835.0000,3834.0000,3833.8000,3833.0000,3836.2000,3837.2000,3837.4000,3837.8000,3838.0000,1,1,4,2,1,1,1,1,1,1
SF,IF2009,2020-05-12 09:33:01.300,3835.6000,21506,0,182863560.000,0,-,-,-,-,3835.6000,3835.0000,3834.0000,3833.8000,3833.0000,3836.2000,3837.2000,3837.8000,3838.0000,3838.6000,1,1,4,2,1,1,1,1,1,1
SF,IF2009,2020-05-12 09:33:03.800,3835.6000,21505,-1,184014240.000,1,0,1,双平,S,3835.0000,3834.0000,3833.8000,3833.0000,3831.8000,3836.2000,3837.2000,3837.8000,3838.0000,3838.6000,1,4,2,1,1,1,1,1,1,1
SF,IF2009,2020-05-12 09:33:04.300,3835.6000,21505,0,184014240.000,0,-,-,-,-,3835.0000,3834.0000,3833.8000,3833.0000,3831.8000,3836.0000,3836.2000,3837.2000,3838.0000,3838.6000,1,4,2,1,1,2,1,1,1,1
SF,IF2009,2020-05-12 09:33:04.800,3835.6000,21505,0,184014240.000,0,-,-,-,-,3835.0000,3834.0000,3833.8000,3833.0000,3831.8000,3835.8000,3836.0000,3836.2000,3837.2000,3838.0000,1,4,2,1,1,2,1,1,1,1
SF,IF2009,2020-05-12 09:33:05.300,3835.6000,21505,0,184014240.000,0,-,-,-,-,3835.0000,3834.0000,3833.8000,3833.0000,3831.8000,3835.8000,3836.0000,3836.2000,3837.2000,3838.0000,1,4,2,1,1,1,1,1,1,1
SF,IF2009,2020-05-12 09:33:08.800,3836.0000,21505,0,186315780.000,2,1,1,多换,S,3836.0000,3835.0000,3834.0000,3833.8000,3833.0000,3836.2000,3837.2000,3838.0000,3838.6000,3839.4000,1,1,4,2,1,1,1,1,1,1
SF,IF2009,2020-05-12 09:33:09.300,3836.0000,21505,0,186315780.000,0,-,-,-,-,3836.0000,3835.0000,3834.0000,3833.8000,3833.0000,3836.2000,3837.2000,3838.0000,3838.2000,3838.6000,1,1,4,2,1,1,1,1,1,1
SF,IF2009,2020-05-12 09:33:10.300,3836.0000,21505,0,187466580.000,1,0,1,多换,S,3835.0000,3834.0000,3833.8000,3833.0000,3831.8000,3836.2000,3837.2000,3838.0000,3838.2000,3838.6000,1,4,2,1,1,1,1,1,1,1
SF,IF2009,2020-05-12 09:33:10.800,3836.0000,21505,0,187466580.000,0,-,-,-,-,3835.2000,3835.0000,3834.0000,3833.8000,3833.0000,3837.2000,3838.0000,3838.2000,3838.6000,3839.4000,2,1,4,2,1,1,1,1,1,1
SF,IF2009,2020-05-12 09:33:11.300,3836.0000,21505,0,187466580.000,0,-,-,-,-,3835.2000,3835.0000,3834.0000,3833.8000,3833.0000,3836.8000,3837.0000,3837.2000,3838.0000,3838.2000,1,1,4,2,1,1,2,1,1,1
SF,IF2009,2020-05-12 09:33:11.800,3836.0000,21505,0,187466580.000,0,-,-,-,-,3835.2000,3835.0000,3834.0000,3833.8000,3833.0000,3836.0000,3836.6000,3836.8000,3837.2000,3838.0000,1,1,4,2,1,1,2,1,1,1
SF,IF2009,2020-05-12 09:33:12.300,3836.0000,21505,0,187466580.000,0,-,-,-,-,3835.6000,3835.2000,3835.0000,3834.0000,3833.8000,3836.0000,3836.6000,3837.2000,3838.0000,3838.2000,1,1,1,4,2,1,1,1,1,1
SF,IF2009,2020-05-12 09:33:12.800,3836.0000,21504,-1,188617380.000,1,0,1,双平,S,3835.6000,3835.2000,3835.0000,3834.0000,3833.8000,3836.6000,3837.2000,3838.0000,3838.2000,3838.6000,1,1,1,4,2,1,1,1,1,1
SF,IF2009,2020-05-12 09:33:13.300,3836.0000,21504,0,188617380.000,0,-,-,-,-,3835.6000,3835.2000,3835.0000,3834.0000,3833.8000,3836.4000,3836.6000,3837.2000,3838.0000,3838.2000,1,1,1,4,2,1,1,1,1,1
SF,IF2009,2020-05-12 09:33:13.800,3835.6000,21504,0,189768060.000,1,0,1,多换,S,3835.2000,3835.0000,3834.0000,3833.8000,3833.0000,3836.6000,3837.2000,3838.0000,3838.2000,3838.6000,1,1,4,2,1,1,1,1,1,1
SF,IF2009,2020-05-12 09:33:14.300,3835.6000,21504,0,189768060.000,0,-,-,-,-,3835.2000,3835.0000,3834.0000,3833.8000,3833.0000,3836.4000,3836.6000,3838.0000,3838.2000,3838.6000,1,1,4,2,1,1,1,1,1,1
SF,IF2009,2020-05-12 09:33:14.800,3835.6000,21504,0,189768060.000,0,-,-,-,-,3835.4000,3835.2000,3835.0000,3834.0000,3833.8000,3838.0000,3838.2000,3838.6000,3839.4000,3839.6000,1,1,1,4,2,1,1,1,1,2
SF,IF2009,2020-05-12 09:33:15.300,3835.6000,21504,0,189768060.000,0,-,-,-,-,3835.6000,3835.4000,3835.0000,3834.0000,3833.8000,3837.8000,3838.0000,3838.2000,3838.6000,3839.4000,1,1,1,4,2,1,1,1,1,1
SF,IF2009,2020-05-12 09:33:15.800,3835.6000,21504,0,189768060.000,0,-,-,-,-,3835.6000,3835.4000,3835.0000,3834.0000,3833.8000,3837.8000,3838.0000,3838.2000,3838.6000,3839.4000,1,1,1,4,2,2,1,1,1,1
SF,IF2009,2020-05-12 09:33:16.300,3835.6000,21504,0,189768060.000,0,-,-,-,-,3835.6000,3835.4000,3835.0000,3834.0000,3833.8000,3837.8000,3838.0000,3838.2000,3838.6000,3839.4000,1,1,1,4,2,2,1,1,1,1
SF,IF2009,2020-05-12 09:33:16.800,3837.8000,21504,0,190919400.000,1,0,1,多换,S,3835.8000,3835.6000,3835.4000,3835.0000,3834.0000,3838.0000,3838.2000,3838.6000,3839.4000,3839.6000,1,1,1,1,4,1,1,1,1,2
SF,IF2009,2020-05-12 09:33:17.300,3837.8000,21504,0,192070740.000,1,0,1,多换,S,3836.0000,3835.8000,3835.0000,3834.0000,3833.8000,3838.0000,3838.2000,3838.6000,3839.4000,3839.6000,1,1,1,4,2,1,1,1,1,2
SF,IF2009,2020-05-12 09:33:17.800,3837.8000,21504,0,192070740.000,0,-,-,-,-,3836.0000,3835.8000,3835.0000,3834.0000,3833.8000,3837.8000,3838.2000,3838.6000,3839.4000,3839.6000,1,1,1,4,2,3,1,1,1,2
SF,IF2009,2020-05-12 09:33:18.300,3837.8000,21504,0,192070740.000,0,-,-,-,-,3836.0000,3835.0000,3834.0000,3833.8000,3833.0000,3837.6000,3837.8000,3838.2000,3838.6000,3839.4000,1,1,4,2,1,2,2,1,1,1
SF,IF2009,2020-05-12 09:33:18.800,3837.8000,21504,0,192070740.000,0,-,-,-,-,3836.0000,3835.0000,3834.0000,3833.8000,3833.0000,3837.4000,3837.8000,3838.2000,3838.6000,3839.4000,1,1,4,2,1,2,1,1,1,1
SF,IF2009,2020-05-12 09:33:19.300,3837.8000,21504,0,192070740.000,0,-,-,-,-,3836.0000,3835.0000,3834.0000,3833.8000,3833.0000,3837.2000,3837.4000,3837.8000,3838.2000,3838.6000,1,1,4,2,1,1,2,1,1,1
SF,IF2009,2020-05-12 09:33:19.800,3837.8000,21504,0,192070740.000,0,-,-,-,-,3836.0000,3835.0000,3834.0000,3833.8000,3833.0000,3837.0000,3837.4000,3837.8000,3838.2000,3838.6000,1,1,4,2,1,1,2,1,1,1
SF,IF2009,2020-05-12 09:33:20.300,3836.0000,21504,0,193221540.000,1,0,1,多换,S,3835.0000,3834.0000,3833.8000,3833.0000,3831.8000,3836.8000,3837.0000,3837.4000,3837.8000,3838.2000,1,4,2,1,1,1,1,2,2,1
SF,IF2009,2020-05-12 09:33:20.800,3836.0000,21504,0,193221540.000,0,-,-,-,-,3835.4000,3835.2000,3835.0000,3834.0000,3833.8000,3836.6000,3837.0000,3837.4000,3837.8000,3838.2000,1,2,1,4,2,2,1,1,2,1
SF,IF2009,2020-05-12 09:33:21.300,3836.0000,21504,0,193221540.000,0,-,-,-,-,3835.6000,3835.4000,3835.2000,3835.0000,3834.6000,3836.4000,3836.6000,3837.0000,3837.6000,3837.8000,1,1,1,1,1,1,1,1,1,3
SF,IF2009,2020-05-12 09:33:21.800,3836.0000,21504,0,193221540.000,0,-,-,-,-,3836.4000,3835.6000,3835.2000,3835.0000,3834.6000,3836.6000,3837.6000,3837.8000,3838.2000,3838.6000,1,1,1,1,1,1,1,3,1,1
SF,IF2009,2020-05-12 09:33:22.300,3836.4000,21504,0,194372460.000,1,0,1,多换,S,3835.6000,3835.2000,3835.0000,3834.6000,3834.0000,3836.4000,3836.6000,3837.2000,3837.6000,3837.8000,1,1,1,1,4,1,1,1,1,2
SF,IF2009,2020-05-12 09:33:22.800,3836.4000,21504,0,194372460.000,0,-,-,-,-,3835.6000,3835.2000,3835.0000,3834.6000,3834.0000,3837.2000,3837.6000,3837.8000,3838.2000,3838.6000,1,1,1,1,4,1,1,2,1,1
SF,IF2009,2020-05-12 09:33:23.300,3836.4000,21504,0,194372460.000,0,-,-,-,-,3835.6000,3835.2000,3835.0000,3834.6000,3834.0000,3836.8000,3837.0000,3837.6000,3837.8000,3838.2000,1,1,1,1,4,1,4,1,2,1
SF,IF2009,2020-05-12 09:33:23.800,3836.4000,21504,0,194372460.000,0,-,-,-,-,3835.6000,3835.2000,3835.0000,3834.6000,3834.0000,3836.6000,3836.8000,3837.0000,3837.8000,3838.2000,1,1,1,1,4,2,2,2,2,1
SF,IF2009,2020-05-12 09:33:24.300,3836.4000,21504,0,194372460.000,0,-,-,-,-,3835.2000,3835.0000,3834.6000,3834.0000,3833.8000,3836.4000,3836.6000,3836.8000,3837.0000,3837.8000,1,1,1,4,2,1,1,2,2,2
SF,IF2009,2020-05-12 09:33:24.800,3836.4000,21504,0,194372460.000,0,-,-,-,-,3835.4000,3835.2000,3835.0000,3834.6000,3834.0000,3836.2000,3836.6000,3837.0000,3837.8000,3838.2000,1,1,1,1,4,1,1,1,2,1
SF,IF2009,2020-05-12 09:33:25.300,3836.4000,21504,0,194372460.000,0,-,-,-,-,3835.4000,3835.2000,3835.0000,3834.6000,3834.0000,3836.6000,3837.0000,3837.8000,3838.2000,3838.6000,1,1,1,1,4,1,1,2,1,1
SF,IF2009,2020-05-12 09:33:25.800,3836.4000,21504,0,194372460.000,0,-,-,-,-,3835.4000,3835.2000,3835.0000,3834.6000,3834.0000,3836.4000,3836.6000,3837.0000,3837.8000,3838.2000,1,1,1,1,4,1,1,1,2,1
SF,IF2009,2020-05-12 09:33:26.300,3836.4000,21504,0,194372460.000,0,-,-,-,-,3835.4000,3835.2000,3835.0000,3834.6000,3834.0000,3836.6000,3837.0000,3837.8000,3838.2000,3838.6000,1,1,1,1,4,1,1,2,1,1
SF,IF2009,2020-05-12 09:33:26.800,3836.4000,21504,0,194372460.000,0,-,-,-,-,3835.4000,3835.0000,3834.6000,3834.0000,3833.8000,3836.4000,3836.6000,3837.0000,3837.8000,3838.2000,1,1,1,4,2,1,1,1,2,1
SF,IF2009,2020-05-12 09:33:27.300,3836.4000,21504,0,194372460.000,0,-,-,-,-,3835.4000,3835.0000,3834.6000,3834.0000,3833.8000,3836.2000,3836.4000,3836.6000,3837.0000,3837.8000,1,1,1,4,2,1,1,1,1,2
SF,IF2009,2020-05-12 09:33:27.800,3836.4000,21504,0,194372460.000,0,-,-,-,-,3835.4000,3835.0000,3834.6000,3834.0000,3833.8000,3836.0000,3836.4000,3836.6000,3837.0000,3837.8000,1,1,1,4,2,1,1,1,1,2
SF,IF2009,2020-05-12 09:33:28.300,3836.4000,21504,0,194372460.000,0,-,-,-,-,3835.0000,3834.6000,3834.0000,3833.8000,3833.0000,3835.8000,3836.4000,3836.6000,3837.0000,3837.8000,1,1,4,2,1,1,1,1,1,2
SF,IF2009,2020-05-12 09:33:28.800,3836.4000,21504,0,194372460.000,0,-,-,-,-,3835.0000,3834.6000,3834.0000,3833.8000,3833.0000,3836.6000,3837.0000,3837.8000,3838.2000,3838.6000,1,1,4,2,1,1,1,2,1,1
SF,IF2009,2020-05-12 09:33:29.300,3836.4000,21504,0,194372460.000,0,-,-,-,-,3835.2000,3835.0000,3834.6000,3834.0000,3833.8000,3836.2000,3836.4000,3836.6000,3837.0000,3837.8000,1,1,1,4,2,2,2,1,2,2
SF,IF2009,2020-05-12 09:33:29.800,3836.4000,21504,0,194372460.000,0,-,-,-,-,3835.8000,3835.2000,3835.0000,3834.6000,3834.0000,3836.0000,3836.2000,3836.4000,3836.6000,3837.0000,1,1,1,1,4,1,2,1,1,2
SF,IF2009,2020-05-12 09:33:30.300,3836.4000,21503,-1,196674120.000,2,0,2,多平,S,3835.2000,3835.0000,3834.6000,3834.0000,3833.8000,3836.6000,3837.0000,3837.8000,3838.2000,3838.6000,1,1,1,4,2,1,2,2,1,1
SF,IF2009,2020-05-12 09:33:30.800,3836.4000,21503,0,196674120.000,0,-,-,-,-,3835.2000,3835.0000,3834.6000,3834.0000,3833.8000,3836.4000,3836.6000,3837.0000,3837.8000,3838.2000,1,1,1,4,2,1,1,2,2,1
SF,IF2009,2020-05-12 09:33:31.300,3836.4000,21503,0,196674120.000,0,-,-,-,-,3835.2000,3835.0000,3834.6000,3834.0000,3833.8000,3836.2000,3836.6000,3837.0000,3837.8000,3838.2000,1,1,1,4,2,3,1,2,2,1
SF,IF2009,2020-05-12 09:33:31.800,3836.4000,21503,0,196674120.000,0,-,-,-,-,3835.0000,3834.6000,3834.0000,3833.8000,3833.0000,3836.0000,3836.2000,3836.6000,3837.0000,3837.8000,1,1,4,2,1,1,2,1,2,2
SF,IF2009,2020-05-12 09:33:32.300,3836.4000,21503,0,196674120.000,0,-,-,-,-,3835.0000,3834.6000,3834.0000,3833.8000,3833.0000,3835.8000,3836.2000,3836.6000,3837.0000,3837.8000,1,1,4,2,1,1,2,1,2,2
SF,IF2009,2020-05-12 09:33:32.800,3836.4000,21503,0,196674120.000,0,-,-,-,-,3835.0000,3834.6000,3834.0000,3833.8000,3833.0000,3835.6000,3836.2000,3836.6000,3837.0000,3837.8000,1,1,4,2,1,1,2,1,2,2
SF,IF2009,2020-05-12 09:33:33.300,3836.4000,21503,0,196674120.000,0,-,-,-,-,3835.0000,3834.6000,3834.0000,3833.8000,3833.0000,3836.6000,3837.0000,3837.8000,3838.2000,3838.6000,1,1,4,2,1,1,2,2,1,1
SF,IF2009,2020-05-12 09:33:33.800,3836.4000,21503,0,196674120.000,0,-,-,-,-,3835.2000,3835.0000,3834.6000,3834.0000,3833.8000,3836.4000,3836.6000,3836.8000,3837.0000,3837.8000,1,1,1,4,2,1,1,1,2,2
SF,IF2009,2020-05-12 09:33:34.300,3836.4000,21503,0,196674120.000,0,-,-,-,-,3835.2000,3835.0000,3834.6000,3834.0000,3833.8000,3836.8000,3837.0000,3837.8000,3838.2000,3838.6000,1,1,1,4,2,1,2,2,1,1
SF,IF2009,2020-05-12 09:33:34.800,3836.4000,21503,0,196674120.000,0,-,-,-,-,3835.2000,3835.0000,3834.6000,3834.0000,3833.8000,3836.6000,3836.8000,3837.0000,3837.8000,3838.2000,1,1,1,4,2,2,1,2,2,1
SF,IF2009,2020-05-12 09:33:35.300,3836.4000,21503,0,196674120.000,0,-,-,-,-,3835.2000,3835.0000,3834.6000,3834.0000,3833.8000,3836.4000,3836.6000,3836.8000,3837.0000,3837.8000,1,1,1,4,2,1,1,1,2,2
SF,IF2009,2020-05-12 09:33:35.800,3836.4000,21503,0,196674120.000,0,-,-,-,-,3835.4000,3835.2000,3835.0000,3834.6000,3834.0000,3836.8000,3837.0000,3837.8000,3838.2000,3838.6000,1,1,1,1,4,1,2,2,1,1
SF,IF2009,2020-05-12 09:33:36.300,3835.4000,21501,-2,198975420.000,2,0,2,双平,S,3835.0000,3834.6000,3834.0000,3833.8000,3833.0000,3835.2000,3836.6000,3836.8000,3837.0000,3837.8000,1,1,4,2,1,4,2,1,2,2
SF,IF2009,2020-05-12 09:33:36.800,3835.2000,21497,-4,203577660.000,4,0,4,双平,S,3835.4000,3835.2000,3835.0000,3834.6000,3834.0000,3836.6000,3836.8000,3837.0000,3837.8000,3838.2000,1,1,1,1,4,1,1,2,2,1
SF,IF2009,2020-05-12 09:33:37.300,3835.2000,21497,0,203577660.000,0,-,-,-,-,3835.4000,3835.0000,3834.6000,3834.0000,3833.8000,3836.4000,3836.6000,3836.8000,3837.0000,3837.8000,1,1,1,4,2,2,1,1,2,2
SF,IF2009,2020-05-12 09:33:37.800,3835.2000,21497,0,203577660.000,0,-,-,-,-,3835.0000,3834.6000,3834.0000,3833.8000,3833.0000,3836.2000,3836.4000,3836.6000,3836.8000,3837.0000,1,1,4,2,1,1,2,1,1,2
SF,IF2009,2020-05-12 09:33:38.300,3835.2000,21497,0,203577660.000,0,-,-,-,-,3835.2000,3835.0000,3834.6000,3834.0000,3833.8000,3836.6000,3836.8000,3837.0000,3837.8000,3838.2000,1,1,1,4,2,1,1,2,2,1
SF,IF2009,2020-05-12 09:33:38.800,3835.2000,21497,0,203577660.000,0,-,-,-,-,3835.2000,3835.0000,3834.6000,3834.0000,3833.8000,3836.4000,3836.6000,3836.8000,3837.0000,3837.8000,1,1,1,4,2,1,1,1,1,2
SF,IF2009,2020-05-12 09:33:39.300,3835.2000,21497,0,203577660.000,0,-,-,-,-,3835.2000,3835.0000,3834.6000,3834.0000,3833.8000,3836.2000,3836.6000,3836.8000,3837.0000,3837.8000,1,1,1,4,2,1,1,1,1,2
SF,IF2009,2020-05-12 09:33:39.800,3835.2000,21497,0,203577660.000,0,-,-,-,-,3835.4000,3835.2000,3835.0000,3834.6000,3834.0000,3836.6000,3836.8000,3837.0000,3837.8000,3838.2000,1,1,1,1,4,1,1,1,2,1
SF,IF2009,2020-05-12 09:33:40.300,3835.2000,21497,0,203577660.000,0,-,-,-,-,3835.6000,3835.4000,3835.0000,3834.6000,3834.0000,3836.4000,3836.6000,3836.8000,3837.0000,3837.8000,1,2,1,1,4,1,1,1,1,2
SF,IF2009,2020-05-12 09:33:40.800,3835.2000,21497,0,203577660.000,0,-,-,-,-,3835.6000,3835.4000,3835.0000,3834.6000,3834.0000,3836.8000,3837.0000,3837.8000,3838.2000,3838.6000,1,2,1,1,4,1,1,2,1,1
SF,IF2009,2020-05-12 09:33:41.300,3835.2000,21497,0,203577660.000,0,-,-,-,-,3836.4000,3835.6000,3835.4000,3835.0000,3834.6000,3836.6000,3836.8000,3837.0000,3837.8000,3838.2000,1,1,2,1,1,1,1,1,2,1
SF,IF2009,2020-05-12 09:33:41.800,3836.4000,21497,0,204728580.000,1,0,1,多换,S,3835.8000,3835.6000,3835.4000,3835.0000,3834.6000,3836.8000,3837.0000,3837.8000,3838.2000,3838.6000,1,1,1,1,1,1,1,2,1,1
SF,IF2009,2020-05-12 09:33:42.800,3836.4000,21497,0,204728580.000,0,-,-,-,-,3835.8000,3835.6000,3835.4000,3835.0000,3834.6000,3836.6000,3836.8000,3837.0000,3837.8000,3838.2000,1,1,1,1,1,1,1,1,2,1
SF,IF2009,2020-05-12 09:33:43.300,3836.4000,21497,0,205879500.000,1,0,1,多换,S,3835.0000,3834.6000,3834.0000,3833.8000,3833.0000,3836.4000,3836.8000,3837.0000,3837.8000,3838.2000,1,1,4,2,1,1,1,1,2,1
SF,IF2009,2020-05-12 09:33:43.800,3836.4000,21497,0,205879500.000,0,-,-,-,-,3835.4000,3835.2000,3835.0000,3834.6000,3834.0000,3836.8000,3837.0000,3837.8000,3838.2000,3838.6000,1,3,1,1,4,1,1,2,1,1
SF,IF2009,2020-05-12 09:33:44.300,3836.4000,21497,0,205879500.000,0,-,-,-,-,3835.6000,3835.2000,3835.0000,3834.6000,3834.0000,3836.6000,3836.8000,3837.0000,3837.8000,3838.2000,1,2,1,1,4,2,1,1,2,1
SF,IF2009,2020-05-12 09:33:44.800,3836.4000,21497,0,205879500.000,0,-,-,-,-,3835.6000,3835.2000,3835.0000,3834.6000,3834.0000,3836.4000,3836.6000,3836.8000,3837.0000,3837.8000,1,2,1,1,4,1,1,1,1,2
SF,IF2009,2020-05-12 09:33:45.300,3836.4000,21497,0,205879500.000,0,-,-,-,-,3835.6000,3835.2000,3835.0000,3834.6000,3834.0000,3836.6000,3836.8000,3837.0000,3837.8000,3838.2000,1,2,1,1,4,1,1,1,2,1
SF,IF2009,2020-05-12 09:33:45.800,3836.4000,21497,0,205879500.000,0,-,-,-,-,3835.8000,3835.6000,3835.2000,3835.0000,3834.6000,3836.8000,3837.0000,3837.8000,3838.2000,3838.6000,1,1,2,1,1,1,1,2,1,1
SF,IF2009,2020-05-12 09:33:46.300,3836.4000,21497,0,205879500.000,0,-,-,-,-,3836.4000,3835.6000,3835.2000,3835.0000,3834.6000,3836.6000,3836.8000,3837.0000,3837.8000,3838.2000,5,1,2,1,1,1,1,1,2,1
SF,IF2009,2020-05-12 09:33:46.800,3836.8000,21496,-1,208181520.000,2,0,2,多平,S,3836.4000,3835.6000,3835.2000,3835.0000,3834.6000,3837.0000,3837.8000,3838.2000,3838.6000,3839.4000,5,1,1,1,1,1,2,1,1,1
SF,IF2009,2020-05-12 09:33:47.300,3837.0000,21495,-1,209332620.000,1,0,1,双平,S,3836.4000,3835.6000,3835.0000,3834.6000,3834.0000,3837.8000,3838.2000,3838.6000,3839.4000,3839.6000,5,1,1,1,4,2,1,1,1,5
SF,IF2009,2020-05-12 09:33:47.800,3837.0000,21495,0,209332620.000,0,-,-,-,-,3836.6000,3836.4000,3835.0000,3834.6000,3834.0000,3837.8000,3838.2000,3838.6000,3839.4000,3839.6000,1,5,1,1,4,2,1,1,1,5
SF,IF2009,2020-05-12 09:33:48.300,3837.0000,21495,0,209332620.000,0,-,-,-,-,3836.8000,3836.6000,3836.4000,3835.0000,3834.6000,3837.8000,3838.2000,3839.4000,3839.6000,3840.0000,1,1,5,1,1,2,1,1,5,2
SF,IF2009,2020-05-12 09:33:48.800,3837.8000,21495,0,210483960.000,1,0,1,多换,S,3837.0000,3836.8000,3836.4000,3835.0000,3834.6000,3837.8000,3838.2000,3839.4000,3839.6000,3840.0000,2,3,6,1,1,1,1,1,5,2
SF,IF2009,2020-05-12 09:33:49.300,3837.8000,21495,0,210483960.000,0,-,-,-,-,3837.2000,3837.0000,3836.8000,3836.4000,3835.0000,3837.8000,3838.2000,3839.6000,3840.0000,3840.4000,1,1,2,6,1,1,1,5,2,2
SF,IF2009,2020-05-12 09:33:49.800,3837.8000,21495,0,211635300.000,1,0,1,多换,S,3837.2000,3837.0000,3836.8000,3836.4000,3835.0000,3838.2000,3839.6000,3840.0000,3840.4000,3840.8000,1,1,1,6,1,1,5,2,2,1
SF,IF2009,2020-05-12 09:33:50.300,3837.8000,21495,0,211635300.000,0,-,-,-,-,3837.8000,3837.4000,3837.2000,3836.8000,3836.4000,3838.2000,3839.6000,3840.0000,3840.4000,3840.8000,1,3,1,1,6,1,5,2,2,1
SF,IF2009,2020-05-12 09:33:50.800,3838.2000,21493,-2,213938220.000,2,0,2,双平,S,3837.8000,3837.4000,3837.2000,3836.8000,3836.4000,3839.6000,3840.0000,3840.4000,3840.8000,3841.8000,1,1,1,1,6,5,2,2,1,3
SF,IF2009,2020-05-12 09:33:51.300,3838.2000,21493,0,213938220.000,0,-,-,-,-,3838.0000,3837.8000,3837.4000,3837.2000,3836.8000,3839.4000,3839.6000,3840.0000,3840.4000,3840.8000,1,1,1,1,1,2,5,2,2,1
SF,IF2009,2020-05-12 09:33:51.800,3838.2000,21493,0,213938220.000,0,-,-,-,-,3837.8000,3837.4000,3836.8000,3836.4000,3835.0000,3839.2000,3839.4000,3839.6000,3840.0000,3840.4000,1,1,1,6,1,1,1,5,2,2
SF,IF2009,2020-05-12 09:33:52.300,3838.2000,21493,0,213938220.000,0,-,-,-,-,3838.0000,3837.8000,3837.4000,3836.8000,3836.4000,3839.0000,3839.6000,3840.0000,3840.4000,3840.8000,2,1,1,1,6,1,5,2,2,1
SF,IF2009,2020-05-12 09:33:52.800,3838.2000,21493,0,213938220.000,0,-,-,-,-,3838.0000,3837.8000,3836.8000,3836.4000,3835.0000,3839.6000,3840.0000,3840.4000,3840.8000,3841.8000,2,1,1,6,1,5,2,2,1,3
SF,IF2009,2020-05-12 09:33:53.300,3838.2000,21493,0,213938220.000,0,-,-,-,-,3838.2000,3838.0000,3837.8000,3836.8000,3836.4000,3839.4000,3839.6000,3840.0000,3840.4000,3840.8000,1,1,1,1,6,2,5,2,2,1
SF,IF2009,2020-05-12 09:33:53.800,3838.2000,21493,0,213938220.000,0,-,-,-,-,3838.4000,3838.2000,3837.8000,3836.8000,3836.4000,3839.6000,3840.0000,3840.4000,3840.8000,3841.8000,1,1,1,1,6,5,2,2,1,3
SF,IF2009,2020-05-12 09:33:54.300,3838.2000,21493,0,213938220.000,0,-,-,-,-,3838.6000,3838.4000,3838.2000,3837.8000,3836.8000,3839.6000,3840.0000,3840.4000,3840.8000,3841.8000,1,1,1,1,1,5,2,2,1,3
SF,IF2009,2020-05-12 09:33:54.800,3838.2000,21493,0,213938220.000,0,-,-,-,-,3839.2000,3838.8000,3838.6000,3838.4000,3836.8000,3839.4000,3839.6000,3840.0000,3840.4000,3840.8000,1,1,3,1,1,1,5,2,2,1
SF,IF2009,2020-05-12 09:33:55.300,3839.2000,21493,0,215089980.000,1,0,1,多换,S,3838.6000,3838.4000,3836.8000,3836.4000,3835.0000,3839.4000,3839.6000,3840.0000,3840.4000,3840.8000,2,1,1,6,1,1,5,2,2,1
SF,IF2009,2020-05-12 09:33:55.800,3839.4000,21493,0,216241800.000,1,0,1,多换,S,3839.4000,3839.0000,3838.8000,3838.6000,3836.8000,3839.6000,3840.0000,3840.4000,3840.8000,3841.8000,1,1,2,2,1,5,2,2,1,3
SF,IF2009,2020-05-12 09:33:56.300,3839.4000,21492,-1,217393620.000,1,0,1,双平,S,3839.0000,3836.8000,3836.4000,3835.0000,3834.6000,3839.6000,3840.0000,3840.4000,3840.8000,3841.8000,1,1,6,1,1,5,2,2,1,3
SF,IF2009,2020-05-12 09:33:56.800,3839.0000,21491,-1,218545320.000,1,0,1,双平,S,3836.8000,3836.4000,3835.0000,3834.6000,3834.0000,3839.4000,3839.6000,3840.0000,3840.4000,3840.8000,1,6,1,1,3,1,5,2,2,1
SF,IF2009,2020-05-12 09:33:57.300,3839.0000,21491,0,218545320.000,0,-,-,-,-,3837.8000,3837.2000,3837.0000,3836.8000,3836.4000,3839.2000,3839.4000,3839.6000,3840.0000,3840.4000,1,7,2,1,6,1,1,5,2,2
SF,IF2009,2020-05-12 09:33:57.800,3839.0000,21491,0,218545320.000,0,-,-,-,-,3838.0000,3837.2000,3837.0000,3836.8000,3836.4000,3839.0000,3839.2000,3839.6000,3840.0000,3840.4000,1,7,1,1,6,1,1,5,2,2
SF,IF2009,2020-05-12 09:33:58.300,3839.0000,21491,0,218545320.000,0,-,-,-,-,3838.2000,3838.0000,3837.0000,3836.8000,3836.4000,3839.0000,3839.6000,3840.0000,3840.4000,3840.8000,1,2,1,1,6,1,5,2,2,1
SF,IF2009,2020-05-12 09:33:58.800,3839.0000,21491,0,218545320.000,0,-,-,-,-,3838.0000,3837.0000,3836.8000,3836.4000,3835.0000,3839.0000,3839.6000,3840.0000,3840.4000,3840.8000,2,1,1,6,1,1,5,2,2,1
SF,IF2009,2020-05-12 09:33:59.300,3839.0000,21491,0,218545320.000,0,-,-,-,-,3838.0000,3837.0000,3836.8000,3836.4000,3835.0000,3839.0000,3839.6000,3840.0000,3840.4000,3840.8000,1,1,1,6,1,1,5,2,2,1
SF,IF2009,2020-05-12 09:33:59.800,3839.0000,21491,0,218545320.000,0,-,-,-,-,3838.0000,3837.0000,3836.8000,3836.4000,3835.0000,3839.0000,3839.6000,3840.0000,3840.4000,3840.8000,1,1,1,6,1,1,5,2,2,2
SF,IF2009,2020-05-12 09:34:00.300,3838.8000,21491,0,220848360.000,2,1,1,多换,S,3837.0000,3836.8000,3836.4000,3835.0000,3834.6000,3838.8000,3839.0000,3839.6000,3840.0000,3840.4000,1,1,6,1,1,1,1,5,2,2
SF,IF2009,2020-05-12 09:34:00.800,3838.8000,21491,0,220848360.000,0,-,-,-,-,3837.2000,3837.0000,3836.8000,3836.4000,3835.0000,3838.6000,3838.8000,3839.6000,3840.0000,3840.4000,1,1,1,6,1,2,1,5,2,2
SF,IF2009,2020-05-12 09:34:01.300,3838.8000,21491,0,220848360.000,0,-,-,-,-,3836.4000,3835.0000,3834.6000,3834.0000,3833.8000,3838.4000,3838.6000,3839.6000,3840.0000,3840.4000,5,1,1,3,2,2,1,5,2,2
SF,IF2009,2020-05-12 09:34:01.800,3838.8000,21491,0,220848360.000,0,-,-,-,-,3837.4000,3836.6000,3836.4000,3835.0000,3834.6000,3838.2000,3839.6000,3840.0000,3840.4000,3840.8000,1,4,5,1,1,2,5,2,2,2
SF,IF2009,2020-05-12 09:34:02.300,3838.8000,21491,0,220848360.000,0,-,-,-,-,3837.8000,3837.4000,3836.8000,3836.6000,3836.4000,3838.0000,3838.2000,3839.6000,3840.0000,3840.4000,1,1,1,1,5,1,1,5,2,2
SF,IF2009,2020-05-12 09:34:02.800,3838.2000,21490,-1,221999820.000,1,0,1,双平,S,3837.8000,3837.4000,3836.8000,3836.6000,3836.4000,3839.6000,3840.0000,3840.4000,3840.8000,3841.8000,1,1,1,1,5,5,2,2,2,3
SF,IF2009,2020-05-12 09:34:03.300,3838.2000,21490,0,221999820.000,0,-,-,-,-,3837.8000,3837.4000,3836.8000,3836.6000,3836.4000,3838.6000,3839.4000,3839.6000,3840.0000,3840.4000,1,1,1,1,5,1,4,5,2,2
SF,IF2009,2020-05-12 09:34:03.800,3838.2000,21490,0,221999820.000,0,-,-,-,-,3837.8000,3837.4000,3836.8000,3836.6000,3836.4000,3838.6000,3839.4000,3839.6000,3840.0000,3840.4000,1,1,1,1,5,1,3,5,2,2
SF,IF2009,2020-05-12 09:34:04.300,3838.2000,21490,0,221999820.000,0,-,-,-,-,3838.0000,3837.8000,3837.4000,3836.8000,3836.6000,3838.6000,3839.4000,3839.6000,3840.0000,3840.4000,1,1,1,1,1,1,2,5,2,2
SF,IF2009,2020-05-12 09:34:04.800,3838.2000,21490,0,221999820.000,0,-,-,-,-,3838.0000,3837.8000,3837.4000,3836.8000,3836.6000,3839.4000,3839.6000,3840.0000,3840.4000,3840.8000,1,1,1,1,1,1,5,2,2,2
SF,IF2009,2020-05-12 09:34:05.300,3838.2000,21490,0,221999820.000,0,-,-,-,-,3838.0000,3837.8000,3836.8000,3836.6000,3836.4000,3839.2000,3839.4000,3839.6000,3840.0000,3840.4000,1,1,1,1,5,2,1,5,2,2
SF,IF2009,2020-05-12 09:34:05.800,3838.2000,21490,0,221999820.000,0,-,-,-,-,3837.8000,3836.8000,3836.6000,3836.4000,3836.0000,3839.0000,3839.2000,3839.6000,3840.0000,3840.4000,1,1,1,5,1,2,1,5,2,2
SF,IF2009,2020-05-12 09:34:06.300,3838.2000,21490,0,221999820.000,0,-,-,-,-,3837.8000,3836.8000,3836.6000,3836.4000,3836.0000,3839.0000,3839.6000,3840.0000,3840.4000,3840.8000,1,1,1,5,1,1,5,2,2,2
SF,IF2009,2020-05-12 09:34:06.800,3838.2000,21490,0,221999820.000,0,-,-,-,-,3838.0000,3837.8000,3836.8000,3836.6000,3836.4000,3838.4000,3838.8000,3839.0000,3839.6000,3840.0000,1,1,1,1,5,1,1,1,5,2
SF,IF2009,2020-05-12 09:34:08.800,3838.0000,21488,-2,224302740.000,2,0,2,双平,S,3837.8000,3836.8000,3836.6000,3836.4000,3836.0000,3838.8000,3839.0000,3839.6000,3840.0000,3840.4000,1,1,1,5,1,1,1,5,2,2
SF,IF2009,2020-05-12 09:34:09.300,3838.0000,21488,0,224302740.000,0,-,-,-,-,3838.0000,3837.8000,3836.8000,3836.4000,3836.0000,3838.2000,3839.0000,3839.6000,3840.0000,3840.4000,1,1,1,5,1,1,1,5,2,2
SF,IF2009,2020-05-12 09:34:09.800,3838.2000,21487,-1,226605660.000,2,0,2,多平,S,3838.2000,3838.0000,3837.8000,3836.8000,3836.4000,3839.6000,3840.0000,3840.4000,3840.8000,3841.8000,1,1,1,1,5,5,2,2,2,3
SF,IF2009,2020-05-12 09:34:10.300,3838.2000,21487,0,226605660.000,0,-,-,-,-,3838.4000,3838.2000,3837.8000,3836.8000,3836.4000,3839.6000,3840.0000,3840.4000,3840.8000,3841.8000,2,1,1,1,5,5,2,2,2,3
SF,IF2009,2020-05-12 09:34:10.800,3838.2000,21487,0,226605660.000,0,-,-,-,-,3838.6000,3838.4000,3838.2000,3837.8000,3836.8000,3839.6000,3840.0000,3840.4000,3840.8000,3841.8000,2,1,1,1,1,5,2,2,2,3
SF,IF2009,2020-05-12 09:34:11.300,3839.6000,21487,0,228909420.000,2,1,1,多换,S,3838.8000,3838.6000,3837.8000,3836.8000,3836.4000,3839.6000,3840.0000,3840.4000,3840.8000,3841.8000,1,2,1,1,5,3,2,2,2,3
SF,IF2009,2020-05-12 09:34:11.800,3839.6000,21487,0,228909420.000,0,-,-,-,-,3838.8000,3838.6000,3837.8000,3836.8000,3836.4000,3839.6000,3840.0000,3840.4000,3840.8000,3841.8000,1,1,1,1,5,3,2,2,2,3
SF,IF2009,2020-05-12 09:34:12.300,3839.6000,21487,0,228909420.000,0,-,-,-,-,3838.8000,3837.8000,3836.8000,3836.4000,3836.0000,3839.6000,3840.0000,3840.4000,3840.8000,3841.8000,1,1,1,5,1,3,2,2,2,3
SF,IF2009,2020-05-12 09:34:12.800,3839.6000,21487,0,228909420.000,0,-,-,-,-,3838.8000,3837.8000,3836.8000,3836.4000,3836.0000,3839.6000,3839.8000,3840.0000,3840.4000,3840.8000,1,1,1,5,1,3,1,2,2,2
SF,IF2009,2020-05-12 09:34:13.300,3839.6000,21487,0,228909420.000,0,-,-,-,-,3839.0000,3838.8000,3837.8000,3836.8000,3836.4000,3839.6000,3839.8000,3840.0000,3840.4000,3840.8000,1,1,1,1,5,3,1,2,2,2
SF,IF2009,2020-05-12 09:34:13.800,3839.0000,21486,-1,230061120.000,1,0,1,双平,S,3837.8000,3836.8000,3836.4000,3836.0000,3835.0000,3839.6000,3839.8000,3840.0000,3840.4000,3840.8000,1,1,5,1,1,3,1,2,2,2
SF,IF2009,2020-05-12 09:34:14.300,3839.0000,21486,0,230061120.000,0,-,-,-,-,3838.0000,3837.8000,3836.8000,3836.4000,3836.0000,3839.4000,3839.6000,3839.8000,3840.0000,3840.4000,2,1,1,5,1,2,3,1,2,2
SF,IF2009,2020-05-12 09:34:14.800,3839.0000,21486,0,230061120.000,0,-,-,-,-,3838.2000,3838.0000,3837.8000,3836.8000,3836.4000,3839.4000,3839.6000,3839.8000,3840.0000,3840.4000,1,1,1,1,5,1,3,1,2,2
SF,IF2009,2020-05-12 09:34:15.300,3839.6000,21484,-2,232364820.000,2,0,2,双平,S,3838.4000,3838.2000,3837.8000,3836.8000,3836.4000,3839.6000,3839.8000,3840.0000,3840.4000,3840.8000,2,1,1,1,5,2,1,2,2,2
SF,IF2009,2020-05-12 09:34:15.800,3839.6000,21483,-1,234668580.000,2,0,2,多平,S,3838.6000,3838.4000,3837.8000,3836.8000,3836.4000,3839.8000,3840.0000,3840.4000,3840.8000,3841.8000,2,1,1,1,5,1,2,2,2,3
SF,IF2009,2020-05-12 09:34:16.300,3839.8000,21483,0,235820520.000,1,0,1,多换,S,3839.6000,3839.0000,3838.8000,3838.6000,3837.8000,3840.0000,3840.4000,3840.8000,3841.8000,3842.6000,1,1,2,1,1,2,2,2,3,1
SF,IF2009,2020-05-12 09:34:16.800,3840.0000,21482,-1,238124520.000,2,0,2,多平,S,3839.6000,3838.8000,3837.8000,3836.8000,3836.4000,3840.4000,3840.8000,3841.8000,3842.6000,3843.4000,1,8,1,1,5,2,2,3,1,1
SF,IF2009,2020-05-12 09:34:17.300,3840.0000,21482,0,238124520.000,0,-,-,-,-,3839.8000,3839.6000,3838.8000,3837.8000,3836.8000,3840.4000,3840.8000,3841.8000,3842.6000,3843.4000,1,1,8,1,1,2,2,3,1,1
SF,IF2009,2020-05-12 09:34:17.800,3840.4000,21480,-2,240428760.000,2,0,2,双平,S,3840.0000,3839.8000,3839.6000,3838.8000,3837.8000,3840.8000,3841.8000,3842.6000,3843.4000,3843.6000,1,1,1,8,1,2,3,1,1,1
SF,IF2009,2020-05-12 09:34:18.300,3840.4000,21480,0,240428760.000,0,-,-,-,-,3840.2000,3840.0000,3839.6000,3838.8000,3837.8000,3840.8000,3841.8000,3842.6000,3843.4000,3843.6000,1,1,1,8,1,2,3,1,1,1
SF,IF2009,2020-05-12 09:34:19.800,3840.8000,21479,-1,241581000.000,1,0,1,双平,S,3840.2000,3840.0000,3839.6000,3838.8000,3837.8000,3840.8000,3841.8000,3842.6000,3843.4000,3843.6000,1,1,1,8,1,1,3,1,1,1
SF,IF2009,2020-05-12 09:34:20.300,3840.8000,21479,0,242733240.000,1,0,1,多换,S,3840.4000,3840.0000,3839.6000,3838.8000,3837.8000,3841.8000,3842.6000,3843.4000,3843.6000,3845.0000,1,1,1,8,1,3,1,1,1,2
SF,IF2009,2020-05-12 09:34:20.800,3840.8000,21479,0,242733240.000,0,-,-,-,-,3840.6000,3840.0000,3839.6000,3838.8000,3837.8000,3841.6000,3841.8000,3842.6000,3843.4000,3843.6000,1,1,1,8,1,1,3,1,1,1
SF,IF2009,2020-05-12 09:34:21.300,3840.8000,21479,0,242733240.000,0,-,-,-,-,3840.6000,3840.0000,3839.6000,3838.8000,3837.8000,3841.8000,3842.6000,3843.4000,3843.6000,3845.0000,1,1,1,8,1,3,1,1,1,2
SF,IF2009,2020-05-12 09:34:21.800,3840.8000,21479,0,242733240.000,0,-,-,-,-,3840.6000,3840.0000,3839.6000,3838.8000,3837.8000,3841.6000,3841.8000,3842.6000,3843.4000,3843.6000,1,1,1,8,1,1,3,1,1,1
SF,IF2009,2020-05-12 09:34:22.300,3840.8000,21479,0,242733240.000,0,-,-,-,-,3840.6000,3840.0000,3839.6000,3838.8000,3837.8000,3841.8000,3842.6000,3843.4000,3843.6000,3845.0000,1,1,1,8,1,3,1,1,1,2
SF,IF2009,2020-05-12 09:34:22.800,3840.8000,21479,0,242733240.000,0,-,-,-,-,3840.6000,3840.0000,3839.6000,3838.8000,3837.8000,3841.6000,3841.8000,3842.6000,3843.4000,3843.6000,1,1,1,8,1,1,3,1,1,1
SF,IF2009,2020-05-12 09:34:23.300,3840.8000,21479,0,242733240.000,0,-,-,-,-,3841.6000,3841.0000,3840.8000,3840.6000,3840.0000,3841.8000,3842.6000,3843.4000,3843.6000,3845.0000,1,1,1,1,1,3,1,1,1,2
SF,IF2009,2020-05-12 09:34:23.800,3841.4000,21478,-1,243885660.000,1,0,1,双平,S,3841.0000,3840.6000,3840.0000,3839.8000,3839.6000,3841.8000,3842.6000,3843.4000,3843.6000,3845.0000,1,1,1,1,1,3,1,1,1,2
SF,IF2009,2020-05-12 09:34:24.300,3841.0000,21477,-1,245037960.000,1,0,1,双平,S,3840.6000,3840.0000,3839.8000,3839.6000,3838.8000,3841.6000,3841.8000,3842.6000,3843.4000,3843.6000,1,1,1,1,8,1,3,1,1,1
SF,IF2009,2020-05-12 09:34:24.800,3841.0000,21477,0,245037960.000,0,-,-,-,-,3840.6000,3840.0000,3839.8000,3839.6000,3838.8000,3841.8000,3842.6000,3843.4000,3843.6000,3845.0000,1,1,1,1,8,3,1,1,1,2
SF,IF2009,2020-05-12 09:34:25.300,3841.6000,21476,-1,247342920.000,2,0,2,多平,S,3840.6000,3840.0000,3839.8000,3839.6000,3838.8000,3841.6000,3841.8000,3842.6000,3843.4000,3843.6000,1,1,1,1,8,1,3,1,1,1
SF,IF2009,2020-05-12 09:34:25.800,3841.6000,21476,0,247342920.000,0,-,-,-,-,3840.0000,3839.8000,3839.6000,3838.8000,3837.8000,3841.6000,3841.8000,3842.0000,3842.6000,3843.4000,1,1,1,8,1,2,3,1,1,1
SF,IF2009,2020-05-12 09:34:26.300,3841.6000,21476,0,247342920.000,0,-,-,-,-,3840.2000,3840.0000,3839.8000,3839.6000,3838.8000,3841.4000,3841.6000,3841.8000,3842.0000,3842.6000,1,1,1,1,8,1,2,3,1,1
SF,IF2009,2020-05-12 09:34:26.800,3841.6000,21476,0,247342920.000,0,-,-,-,-,3840.2000,3840.0000,3839.8000,3839.6000,3838.8000,3841.2000,3841.8000,3842.0000,3842.6000,3843.4000,1,1,1,1,8,3,3,1,1,1
SF,IF2009,2020-05-12 09:34:27.300,3841.6000,21476,0,247342920.000,0,-,-,-,-,3840.2000,3840.0000,3839.8000,3839.6000,3838.8000,3841.2000,3841.8000,3842.0000,3842.6000,3843.4000,1,1,1,1,8,2,3,1,1,1
SF,IF2009,2020-05-12 09:34:27.800,3841.6000,21476,0,247342920.000,0,-,-,-,-,3840.0000,3839.8000,3839.6000,3838.8000,3837.8000,3841.2000,3841.8000,3842.0000,3842.6000,3843.4000,1,1,1,8,1,2,3,1,1,1
SF,IF2009,2020-05-12 09:34:28.300,3841.2000,21475,-1,248495280.000,1,0,1,双平,S,3840.0000,3839.8000,3839.6000,3838.8000,3837.8000,3841.2000,3841.8000,3842.0000,3842.6000,3843.4000,1,1,1,8,1,2,3,1,1,1
SF,IF2009,2020-05-12 09:34:28.800,3840.0000,21475,0,249647280.000,1,0,1,多换,S,3839.8000,3839.6000,3838.8000,3837.8000,3836.0000,3841.0000,3841.2000,3841.8000,3842.0000,3842.6000,1,1,1,1,1,3,1,3,1,1
SF,IF2009,2020-05-12 09:34:29.300,3839.6000,21473,-2,251951100.000,2,0,2,双平,S,3838.8000,3837.8000,3836.0000,3835.0000,3834.6000,3840.8000,3841.0000,3841.8000,3842.0000,3842.6000,1,1,1,1,1,3,1,3,1,1
SF,IF2009,2020-05-12 09:34:29.800,3839.6000,21473,0,251951100.000,0,-,-,-,-,3839.0000,3838.8000,3837.8000,3836.0000,3835.0000,3840.6000,3840.8000,3841.8000,3842.0000,3842.6000,1,1,1,1,1,1,2,3,1,1
SF,IF2009,2020-05-12 09:34:30.300,3839.6000,21473,0,251951100.000,0,-,-,-,-,3839.0000,3838.8000,3837.8000,3836.0000,3835.0000,3840.4000,3840.8000,3841.2000,3841.8000,3842.0000,1,1,1,1,1,2,1,1,3,1
SF,IF2009,2020-05-12 09:34:30.800,3839.6000,21473,0,251951100.000,0,-,-,-,-,3839.4000,3839.2000,3839.0000,3838.8000,3837.8000,3840.4000,3841.2000,3841.6000,3841.8000,3842.0000,2,1,1,1,1,2,1,1,3,1
SF,IF2009,2020-05-12 09:34:31.300,3839.6000,21473,0,251951100.000,0,-,-,-,-,3839.6000,3838.8000,3837.8000,3836.0000,3835.0000,3841.6000,3841.8000,3842.0000,3842.6000,3843.4000,1,1,1,1,1,1,3,1,1,1
SF,IF2009,2020-05-12 09:34:31.800,3839.6000,21473,0,251951100.000,0,-,-,-,-,3839.6000,3838.8000,3837.8000,3836.0000,3835.0000,3841.0000,3841.2000,3841.4000,3841.6000,3841.8000,1,1,1,1,1,1,1,2,1,3
SF,IF2009,2020-05-12 09:34:32.300,3839.6000,21473,0,251951100.000,0,-,-,-,-,3839.6000,3838.8000,3837.8000,3836.0000,3835.0000,3840.8000,3841.0000,3841.2000,3841.4000,3841.6000,1,1,1,1,1,2,1,1,1,1
SF,IF2009,2020-05-12 09:34:33.300,3839.6000,21473,0,251951100.000,0,-,-,-,-,3839.8000,3839.6000,3838.8000,3837.8000,3836.0000,3840.8000,3841.0000,3841.4000,3841.6000,3841.8000,1,1,1,1,1,1,1,1,1,3
SF,IF2009,2020-05-12 09:34:33.800,3839.6000,21473,0,251951100.000,0,-,-,-,-,3839.6000,3838.8000,3837.8000,3836.0000,3835.0000,3840.6000,3840.8000,3841.0000,3841.6000,3841.8000,1,1,1,1,1,1,1,1,1,3
SF,IF2009,2020-05-12 09:34:34.300,3839.6000,21473,0,251951100.000,0,-,-,-,-,3838.8000,3837.8000,3836.0000,3835.0000,3834.6000,3840.4000,3841.6000,3841.8000,3842.0000,3842.6000,1,1,1,1,1,1,1,3,1,1
SF,IF2009,2020-05-12 09:34:34.800,3839.6000,21473,0,251951100.000,0,-,-,-,-,3839.4000,3839.0000,3838.8000,3837.8000,3836.0000,3840.4000,3841.6000,3841.8000,3842.0000,3842.6000,1,3,1,1,1,1,1,3,1,1
SF,IF2009,2020-05-12 09:34:35.300,3839.6000,21473,0,251951100.000,0,-,-,-,-,3839.0000,3838.8000,3837.8000,3836.0000,3835.0000,3840.2000,3840.4000,3841.6000,3841.8000,3842.0000,1,1,1,1,1,1,1,1,3,1
SF,IF2009,2020-05-12 09:34:35.800,3839.6000,21473,0,251951100.000,0,-,-,-,-,3839.0000,3838.8000,3837.8000,3836.0000,3835.0000,3840.2000,3840.4000,3841.6000,3841.8000,3842.0000,1,1,1,1,1,1,1,1,3,1
SF,IF2009,2020-05-12 09:34:36.300,3840.2000,21473,0,253103160.000,1,0,1,多换,S,3840.2000,3839.2000,3839.0000,3838.8000,3837.8000,3840.4000,3841.6000,3841.8000,3842.0000,3842.6000,4,1,1,1,1,1,1,3,1,1
SF,IF2009,2020-05-12 09:34:36.800,3840.2000,21473,0,257711400.000,4,2,2,多换,S,3839.0000,3838.8000,3837.8000,3836.0000,3835.0000,3840.4000,3841.6000,3841.8000,3842.0000,3842.6000,1,1,1,1,1,1,1,3,1,1
SF,IF2009,2020-05-12 09:34:37.300,3840.2000,21473,0,257711400.000,0,-,-,-,-,3839.2000,3839.0000,3838.8000,3837.8000,3836.0000,3840.4000,3841.6000,3841.8000,3842.0000,3842.6000,1,1,1,1,1,1,1,3,1,1
SF,IF2009,2020-05-12 09:34:37.800,3840.2000,21473,0,257711400.000,0,-,-,-,-,3839.4000,3839.0000,3838.8000,3837.8000,3836.0000,3840.4000,3841.6000,3841.8000,3842.0000,3842.6000,1,1,1,1,1,1,1,3,1,1
SF,IF2009,2020-05-12 09:34:38.300,3840.2000,21473,0,257711400.000,0,-,-,-,-,3839.4000,3839.0000,3838.8000,3837.8000,3836.0000,3840.4000,3841.6000,3841.8000,3842.0000,3842.6000,1,1,1,1,1,1,1,3,1,1
SF,IF2009,2020-05-12 09:34:38.800,3840.2000,21473,0,257711400.000,0,-,-,-,-,3839.6000,3839.4000,3838.8000,3837.8000,3836.0000,3841.6000,3841.8000,3842.0000,3842.6000,3842.8000,1,1,1,1,1,1,3,1,1,1
SF,IF2009,2020-05-12 09:34:39.300,3840.2000,21473,0,257711400.000,0,-,-,-,-,3839.6000,3839.4000,3838.8000,3837.8000,3836.0000,3840.0000,3841.2000,3841.4000,3841.6000,3841.8000,1,1,1,1,1,2,2,2,1,3
SF,IF2009,2020-05-12 09:34:39.800,3840.2000,21473,0,257711400.000,0,-,-,-,-,3838.8000,3837.8000,3836.0000,3835.0000,3834.6000,3840.0000,3841.2000,3841.4000,3841.6000,3841.8000,1,1,1,1,1,2,1,1,1,3
SF,IF2009,2020-05-12 09:34:40.300,3840.2000,21473,0,257711400.000,0,-,-,-,-,3839.0000,3838.8000,3837.8000,3836.0000,3835.0000,3840.0000,3841.2000,3841.4000,3841.6000,3841.8000,3,1,1,1,1,2,1,1,1,3
SF,IF2009,2020-05-12 09:34:40.800,3840.2000,21473,0,257711400.000,0,-,-,-,-,3839.0000,3838.8000,3837.8000,3836.0000,3835.0000,3840.0000,3841.2000,3841.4000,3841.6000,3841.8000,2,1,1,1,1,2,1,1,1,3
SF,IF2009,2020-05-12 09:34:41.800,3840.2000,21472,-1,258863460.000,1,0,1,双平,S,3839.4000,3839.0000,3838.8000,3837.8000,3836.0000,3840.0000,3841.2000,3841.4000,3841.6000,3841.8000,2,2,1,1,1,1,1,1,1,3
SF,IF2009,2020-05-12 09:34:42.300,3840.2000,21471,-1,260015520.000,1,0,1,双平,S,3839.0000,3838.8000,3837.8000,3836.0000,3835.0000,3841.2000,3841.4000,3841.6000,3841.8000,3842.0000,2,1,1,1,1,1,1,1,3,1
SF,IF2009,2020-05-12 09:34:42.800,3840.2000,21471,0,260015520.000,0,-,-,-,-,3839.0000,3838.8000,3837.8000,3836.0000,3835.0000,3841.0000,3841.2000,3841.4000,3841.6000,3841.8000,2,1,1,1,1,1,1,2,1,3
SF,IF2009,2020-05-12 09:34:43.300,3840.2000,21471,0,260015520.000,0,-,-,-,-,3839.4000,3839.2000,3839.0000,3838.8000,3837.8000,3840.8000,3841.0000,3841.2000,3841.4000,3841.6000,1,1,1,1,1,3,1,1,2,1
SF,IF2009,2020-05-12 09:34:43.800,3840.6000,21471,0,261167700.000,1,0,1,多换,S,3839.0000,3838.8000,3837.8000,3836.0000,3835.0000,3839.4000,3840.6000,3840.8000,3841.2000,3841.4000,1,1,1,1,1,1,1,2,1,2
SF,IF2009,2020-05-12 09:34:44.300,3839.6000,21472,1,262319580.000,1,1,0,双开,S,3839.6000,3839.0000,3838.8000,3837.8000,3836.0000,3840.6000,3840.8000,3841.2000,3841.4000,3841.6000,1,1,1,1,1,1,2,1,2,1
SF,IF2009,2020-05-12 09:34:44.800,3839.6000,21472,0,262319580.000,0,-,-,-,-,3839.0000,3838.8000,3837.8000,3836.0000,3835.0000,3840.4000,3840.6000,3840.8000,3841.2000,3841.4000,1,1,1,1,1,2,1,1,1,2
