市场代码,合约代码,时间,最新,持仓,增仓,成交额,成交量,开仓,平仓,成交类型,方向,买一价,买二价,买三价,买四价,买五价,卖一价,卖二价,卖三价,卖四价,卖五价,买一量,买二量,买三量,买四量,买五量,卖一量,卖二量,卖三量,卖四量,卖五量
SF,IF2009,2020-04-24 09:29:00.300,3648.4000,19974,0,12039720.000,11.000,-,-,-,-,3647.0000,3646.2000,3645.2000,3644.0000,3642.0000,3648.6000,3652.4000,3654.0000,3655.0000,3655.2000,1,1,1,1,1,1,1,1,2,1
SF,IF2009,2020-04-24 09:30:00.300,3648.0000,19974,0,15322800.000,3,1,2,多换,S,3646.2000,3645.2000,3644.0000,3642.2000,3642.0000,3647.0000,3648.4000,3652.4000,3654.0000,3655.0000,1,1,1,1,1,2,2,1,1,2
SF,IF2009,2020-04-24 09:30:00.800,3646.4000,19973,-1,17510820.000,2,0,2,多平,S,3646.2000,3645.2000,3644.0000,3642.2000,3642.0000,3647.0000,3648.4000,3652.4000,3654.0000,3655.0000,1,1,1,1,1,1,1,1,1,2
SF,IF2009,2020-04-24 09:30:01.300,3647.0000,19971,-2,19698840.000,2,0,2,双平,S,3647.0000,3646.2000,3645.2000,3644.0000,3642.2000,3648.4000,3652.4000,3654.0000,3655.0000,3658.0000,1,1,1,1,1,1,1,1,2,2
SF,IF2009,2020-04-24 09:30:01.800,3647.0000,19969,-2,22981140.000,3,0,3,多平,S,3646.2000,3645.2000,3644.0000,3642.2000,3642.0000,3646.4000,3648.4000,3655.0000,3658.0000,3660.0000,1,1,1,1,1,3,1,7,2,1
SF,IF2009,2020-04-24 09:30:02.300,3648.4000,19967,-2,27357420.000,4,1,3,多平,S,3645.2000,3644.0000,3642.2000,3642.0000,3641.0000,3655.0000,3658.0000,3660.0000,3661.0000,3666.0000,1,1,1,1,1,7,2,1,1,1
SF,IF2009,2020-04-24 09:30:02.800,3648.4000,19967,0,27357420.000,0,-,-,-,-,3645.4000,3645.2000,3644.0000,3642.2000,3642.0000,3648.0000,3648.2000,3649.8000,3650.4000,3651.2000,1,1,1,1,1,1,2,2,3,1
SF,IF2009,2020-04-24 09:30:03.300,3648.4000,19967,0,27357420.000,0,-,-,-,-,3645.2000,3644.0000,3642.2000,3642.0000,3641.0000,3647.6000,3647.8000,3649.8000,3650.4000,3651.2000,1,1,1,1,1,7,4,1,3,1
SF,IF2009,2020-04-24 09:30:03.800,3648.4000,19967,0,27357420.000,0,-,-,-,-,3645.2000,3645.0000,3644.0000,3642.2000,3642.0000,3647.4000,3648.2000,3649.8000,3650.4000,3651.2000,1,1,1,1,1,3,1,1,3,1
SF,IF2009,2020-04-24 09:30:04.300,3648.4000,19967,0,27357420.000,0,-,-,-,-,3645.2000,3645.0000,3644.0000,3642.2000,3642.0000,3647.4000,3647.6000,3648.2000,3650.4000,3651.2000,1,1,1,1,1,2,1,1,3,1
SF,IF2009,2020-04-24 09:30:04.800,3648.4000,19967,0,27357420.000,0,-,-,-,-,3645.2000,3645.0000,3644.0000,3642.2000,3642.0000,3647.2000,3647.4000,3647.6000,3648.2000,3648.4000,1,1,1,1,1,2,2,1,1,2
SF,IF2009,2020-04-24 09:30:05.300,3645.2000,19966,-1,28450980.000,1,0,1,双平,S,3645.0000,3644.0000,3642.2000,3642.0000,3641.0000,3647.0000,3647.2000,3647.6000,3648.4000,3650.4000,1,1,1,1,1,3,2,1,2,2
SF,IF2009,2020-04-24 09:30:05.800,3645.2000,19966,0,28450980.000,0,-,-,-,-,3645.0000,3644.0000,3642.2000,3642.0000,3641.0000,3645.2000,3647.0000,3647.2000,3648.4000,3650.4000,1,1,1,1,1,1,3,1,2,2
SF,IF2009,2020-04-24 09:30:06.300,3645.2000,19966,0,29544540.000,1,0,1,多换,S,3645.0000,3644.0000,3642.2000,3642.0000,3641.0000,3647.0000,3647.2000,3648.4000,3650.4000,3653.4000,1,1,1,1,1,3,1,2,2,3
SF,IF2009,2020-04-24 09:30:06.800,3645.2000,19966,0,29544540.000,0,-,-,-,-,3645.0000,3644.0000,3642.2000,3642.0000,3641.0000,3647.0000,3647.2000,3648.4000,3650.4000,3653.4000,1,1,1,1,1,2,1,2,2,3
SF,IF2009,2020-04-24 09:30:07.300,3645.0000,19966,0,30638040.000,1,0,1,多换,S,3644.0000,3642.2000,3642.0000,3641.0000,3640.0000,3647.0000,3647.2000,3648.2000,3648.4000,3650.4000,1,1,1,1,1,2,1,2,2,2
SF,IF2009,2020-04-24 09:30:07.800,3645.0000,19966,0,30638040.000,0,-,-,-,-,3644.0000,3642.2000,3642.0000,3641.0000,3640.0000,3647.0000,3647.2000,3647.6000,3648.2000,3648.4000,1,1,1,1,1,2,1,1,3,2
SF,IF2009,2020-04-24 09:30:08.800,3647.0000,19966,0,31732140.000,1,0,1,多换,S,3644.2000,3644.0000,3642.2000,3642.0000,3641.0000,3647.0000,3647.2000,3647.6000,3647.8000,3648.2000,1,1,1,1,1,1,1,1,1,3
SF,IF2009,2020-04-24 09:30:09.300,3647.0000,19966,0,31732140.000,0,-,-,-,-,3644.4000,3644.2000,3644.0000,3642.2000,3642.0000,3647.0000,3647.2000,3647.6000,3647.8000,3648.2000,2,1,1,1,1,1,1,1,1,3
SF,IF2009,2020-04-24 09:30:09.800,3647.0000,19966,0,31732140.000,0,-,-,-,-,3644.6000,3644.4000,3644.0000,3642.2000,3642.0000,3647.0000,3647.2000,3647.6000,3647.8000,3648.2000,2,2,1,1,1,1,1,1,1,3
SF,IF2009,2020-04-24 09:30:10.300,3647.0000,19966,0,31732140.000,0,-,-,-,-,3644.8000,3644.6000,3644.4000,3644.0000,3642.2000,3647.0000,3648.2000,3648.4000,3650.4000,3653.4000,3,2,1,1,1,1,2,2,2,3
SF,IF2009,2020-04-24 09:30:10.800,3647.0000,19966,0,31732140.000,0,-,-,-,-,3645.0000,3644.8000,3644.4000,3644.0000,3642.2000,3648.2000,3648.4000,3650.4000,3653.4000,3654.4000,6,3,1,1,1,1,2,2,3,1
SF,IF2009,2020-04-24 09:30:11.300,3647.0000,19966,0,31732140.000,0,-,-,-,-,3645.2000,3645.0000,3644.8000,3644.4000,3644.0000,3648.2000,3648.4000,3650.4000,3653.4000,3654.4000,1,6,2,1,1,1,2,2,3,1
SF,IF2009,2020-04-24 09:30:11.800,3645.6000,19965,-1,32825820.000,1,0,1,双平,S,3646.6000,3645.4000,3645.2000,3645.0000,3644.8000,3648.4000,3650.4000,3652.2000,3653.4000,3654.4000,1,2,1,3,2,2,2,1,3,1
SF,IF2009,2020-04-24 09:30:12.300,3645.6000,19965,0,32825820.000,0,-,-,-,-,3646.6000,3645.4000,3645.2000,3645.0000,3644.8000,3648.4000,3650.4000,3652.2000,3654.4000,3654.8000,1,2,1,3,2,2,2,1,1,1
SF,IF2009,2020-04-24 09:30:12.800,3645.6000,19965,0,32825820.000,0,-,-,-,-,3646.8000,3646.6000,3645.6000,3645.4000,3645.2000,3650.4000,3652.2000,3654.4000,3654.8000,3655.0000,1,1,1,2,1,2,1,1,1,7
SF,IF2009,2020-04-24 09:30:13.300,3645.6000,19965,0,32825820.000,0,-,-,-,-,3647.0000,3646.8000,3645.6000,3645.4000,3645.2000,3649.0000,3650.2000,3650.4000,3652.2000,3654.4000,1,1,1,1,1,1,1,3,1,1
SF,IF2009,2020-04-24 09:30:13.800,3645.6000,19965,0,32825820.000,0,-,-,-,-,3647.2000,3647.0000,3645.6000,3645.4000,3645.2000,3649.0000,3650.2000,3650.4000,3652.2000,3654.4000,1,1,1,1,1,1,1,1,1,1
SF,IF2009,2020-04-24 09:30:14.300,3645.6000,19965,0,32825820.000,0,-,-,-,-,3647.2000,3647.0000,3645.6000,3645.4000,3645.2000,3649.0000,3649.6000,3650.2000,3650.4000,3652.2000,1,1,1,1,1,1,1,1,1,1
SF,IF2009,2020-04-24 09:30:14.800,3649.0000,19966,1,33920520.000,1,1,0,双开,S,3647.2000,3647.0000,3645.6000,3645.4000,3645.2000,3649.6000,3650.2000,3650.4000,3652.2000,3654.4000,1,1,1,2,1,1,1,1,1,1
SF,IF2009,2020-04-24 09:30:15.300,3649.0000,19966,0,33920520.000,0,-,-,-,-,3647.4000,3647.2000,3645.4000,3645.2000,3645.0000,3649.4000,3649.6000,3649.8000,3650.4000,3652.2000,1,1,2,1,3,1,1,1,1,1
SF,IF2009,2020-04-24 09:30:15.800,3649.0000,19966,0,33920520.000,0,-,-,-,-,3647.6000,3647.4000,3645.4000,3645.2000,3645.0000,3649.2000,3649.4000,3649.6000,3650.4000,3652.2000,1,1,2,1,3,1,1,1,1,1
SF,IF2009,2020-04-24 09:30:16.300,3649.0000,19966,0,33920520.000,0,-,-,-,-,3647.6000,3647.4000,3645.4000,3645.2000,3645.0000,3649.2000,3649.4000,3649.6000,3650.4000,3652.2000,1,1,2,1,3,2,1,1,1,1
SF,IF2009,2020-04-24 09:30:16.800,3649.0000,19966,0,33920520.000,0,-,-,-,-,3647.6000,3647.4000,3645.4000,3645.2000,3645.0000,3649.2000,3649.4000,3649.6000,3650.4000,3652.2000,1,1,2,1,3,1,1,1,1,1
SF,IF2009,2020-04-24 09:30:17.800,3649.0000,19966,0,33920520.000,0,-,-,-,-,3647.6000,3647.4000,3645.4000,3645.2000,3645.0000,3649.0000,3649.2000,3649.6000,3650.4000,3651.8000,1,1,2,1,3,1,1,1,1,1
SF,IF2009,2020-04-24 09:30:18.300,3647.6000,19965,-1,35014800.000,1,0,1,双平,S,3647.4000,3645.4000,3645.2000,3645.0000,3644.8000,3649.0000,3649.6000,3650.4000,3651.8000,3652.2000,1,2,1,3,2,1,1,1,1,1
SF,IF2009,2020-04-24 09:30:19.300,3647.4000,19964,-1,36109020.000,1,0,1,双平,S,3645.4000,3645.2000,3645.0000,3644.8000,3644.0000,3649.0000,3649.6000,3650.4000,3651.8000,3652.2000,2,1,3,2,1,1,1,1,1,1
SF,IF2009,2020-04-24 09:30:19.800,3647.4000,19964,0,36109020.000,0,-,-,-,-,3645.6000,3645.4000,3645.0000,3644.8000,3644.0000,3648.8000,3649.0000,3649.6000,3650.4000,3651.8000,2,3,3,2,1,1,1,1,1,1
SF,IF2009,2020-04-24 09:30:20.300,3647.4000,19964,0,36109020.000,0,-,-,-,-,3645.8000,3645.6000,3645.4000,3645.0000,3644.8000,3648.6000,3648.8000,3650.4000,3651.8000,3652.2000,1,2,1,3,2,1,3,1,1,2
SF,IF2009,2020-04-24 09:30:20.800,3647.4000,19964,0,36109020.000,0,-,-,-,-,3646.0000,3645.8000,3645.6000,3645.4000,3645.0000,3647.6000,3648.6000,3648.8000,3650.4000,3651.8000,1,1,1,1,3,1,2,1,1,1
SF,IF2009,2020-04-24 09:30:21.300,3647.6000,19964,0,38297580.000,2,1,1,多换,S,3646.2000,3646.0000,3645.6000,3645.4000,3645.0000,3648.8000,3650.4000,3651.8000,3652.2000,3654.4000,3,1,1,1,3,1,1,1,2,1
SF,IF2009,2020-04-24 09:30:21.800,3647.6000,19964,0,38297580.000,0,-,-,-,-,3646.4000,3646.2000,3645.6000,3645.4000,3645.0000,3648.8000,3650.4000,3651.8000,3652.2000,3654.4000,1,2,1,1,3,1,1,1,2,1
SF,IF2009,2020-04-24 09:30:22.300,3647.6000,19964,0,38297580.000,0,-,-,-,-,3646.8000,3646.6000,3646.4000,3646.2000,3645.6000,3650.4000,3651.8000,3652.2000,3654.4000,3654.8000,1,1,1,1,1,1,1,2,1,1
SF,IF2009,2020-04-24 09:30:22.800,3647.6000,19964,0,38297580.000,0,-,-,-,-,3647.0000,3646.8000,3646.2000,3645.6000,3645.4000,3650.2000,3650.4000,3651.8000,3652.2000,3654.4000,2,1,1,1,1,2,1,1,2,1
SF,IF2009,2020-04-24 09:30:23.300,3647.6000,19964,0,38297580.000,0,-,-,-,-,3647.0000,3646.8000,3646.2000,3645.6000,3645.4000,3649.8000,3650.2000,3650.4000,3651.8000,3652.2000,2,1,1,1,1,1,2,1,1,2
SF,IF2009,2020-04-24 09:30:23.800,3647.6000,19964,0,38297580.000,0,-,-,-,-,3647.4000,3647.0000,3646.8000,3645.6000,3645.4000,3649.8000,3650.2000,3650.4000,3651.8000,3652.2000,1,2,1,1,1,1,1,1,1,2
SF,IF2009,2020-04-24 09:30:24.300,3647.6000,19964,0,38297580.000,0,-,-,-,-,3647.6000,3647.4000,3647.0000,3646.8000,3645.6000,3649.8000,3650.2000,3650.4000,3651.8000,3652.2000,1,1,1,1,1,1,1,1,1,2
SF,IF2009,2020-04-24 09:30:24.800,3647.6000,19963,-1,39391860.000,1,0,1,双平,S,3647.4000,3647.0000,3646.8000,3645.6000,3645.4000,3649.8000,3650.2000,3650.4000,3651.8000,3652.2000,1,1,1,1,1,1,1,1,1,2
SF,IF2009,2020-04-24 09:30:25.300,3647.6000,19963,0,39391860.000,0,-,-,-,-,3647.4000,3647.0000,3646.8000,3645.6000,3645.4000,3649.8000,3650.2000,3650.4000,3651.8000,3652.2000,1,1,1,1,1,1,1,1,1,2
SF,IF2009,2020-04-24 09:30:25.800,3647.6000,19963,0,39391860.000,0,-,-,-,-,3647.8000,3647.0000,3646.8000,3645.6000,3645.4000,3649.8000,3650.2000,3650.4000,3651.8000,3652.2000,1,1,1,1,1,1,1,1,1,2
SF,IF2009,2020-04-24 09:30:26.300,3647.6000,19963,0,39391860.000,0,-,-,-,-,3648.0000,3647.8000,3647.0000,3646.8000,3645.6000,3649.6000,3650.2000,3650.4000,3651.8000,3652.2000,2,1,1,1,1,1,1,1,1,2
SF,IF2009,2020-04-24 09:30:26.800,3647.6000,19963,0,39391860.000,0,-,-,-,-,3648.0000,3647.8000,3647.0000,3646.8000,3645.6000,3650.2000,3650.4000,3651.8000,3652.2000,3654.4000,2,1,1,1,1,1,1,1,2,1
SF,IF2009,2020-04-24 09:30:27.300,3647.6000,19963,0,39391860.000,0,-,-,-,-,3648.0000,3647.8000,3647.0000,3646.8000,3645.6000,3650.4000,3651.8000,3652.2000,3654.4000,3654.8000,1,1,1,1,1,1,1,2,1,1
SF,IF2009,2020-04-24 09:30:27.800,3647.6000,19963,0,39391860.000,0,-,-,-,-,3648.2000,3648.0000,3647.8000,3647.0000,3646.8000,3650.4000,3651.8000,3652.2000,3654.4000,3654.8000,1,1,1,1,1,1,1,2,1,1
SF,IF2009,2020-04-24 09:30:28.300,3647.6000,19963,0,39391860.000,0,-,-,-,-,3648.4000,3648.2000,3646.8000,3645.0000,3644.0000,3652.2000,3654.4000,3654.8000,3655.0000,3658.0000,3,4,1,3,1,2,1,1,7,2
SF,IF2009,2020-04-24 09:30:28.800,3647.6000,19963,0,39391860.000,0,-,-,-,-,3648.4000,3648.2000,3645.0000,3644.0000,3642.2000,3652.0000,3652.2000,3652.4000,3654.4000,3654.8000,2,4,3,1,1,2,2,1,1,1
SF,IF2009,2020-04-24 09:30:29.300,3647.6000,19963,0,39391860.000,0,-,-,-,-,3648.8000,3648.4000,3648.2000,3645.0000,3644.0000,3652.0000,3652.2000,3654.4000,3654.8000,3655.0000,2,2,2,3,1,2,2,1,1,7
SF,IF2009,2020-04-24 09:30:29.800,3647.6000,19963,0,39391860.000,0,-,-,-,-,3649.2000,3649.0000,3648.8000,3648.2000,3645.0000,3651.8000,3652.0000,3652.2000,3654.4000,3654.8000,1,1,4,2,3,1,2,2,1,1
SF,IF2009,2020-04-24 09:30:30.300,3647.6000,19963,0,39391860.000,0,-,-,-,-,3649.4000,3649.2000,3648.8000,3648.2000,3646.0000,3651.6000,3651.8000,3652.2000,3654.4000,3654.8000,1,1,3,2,1,2,1,2,1,1
SF,IF2009,2020-04-24 09:30:30.800,3647.6000,19963,0,39391860.000,0,-,-,-,-,3649.4000,3648.8000,3648.2000,3646.0000,3645.0000,3651.6000,3651.8000,3652.2000,3654.4000,3654.8000,1,1,2,1,3,2,1,2,1,1
SF,IF2009,2020-04-24 09:30:31.300,3647.6000,19963,0,39391860.000,0,-,-,-,-,3649.4000,3648.8000,3648.2000,3647.8000,3647.6000,3651.4000,3651.6000,3651.8000,3652.2000,3654.4000,1,1,2,1,1,1,2,1,2,1
SF,IF2009,2020-04-24 09:30:31.800,3647.6000,19963,0,39391860.000,0,-,-,-,-,3649.6000,3649.4000,3648.8000,3648.2000,3647.8000,3651.2000,3651.4000,3651.8000,3652.2000,3654.4000,1,1,1,2,1,3,1,1,2,1
SF,IF2009,2020-04-24 09:30:32.300,3647.6000,19963,0,39391860.000,0,-,-,-,-,3649.4000,3648.8000,3648.2000,3647.8000,3647.6000,3651.2000,3652.2000,3654.4000,3654.8000,3655.0000,1,1,2,1,1,1,2,1,1,7
SF,IF2009,2020-04-24 09:30:32.800,3647.6000,19963,0,39391860.000,0,-,-,-,-,3649.6000,3649.4000,3648.8000,3648.2000,3647.8000,3651.0000,3652.2000,3654.4000,3654.8000,3655.0000,1,1,1,2,1,1,2,1,1,7
SF,IF2009,2020-04-24 09:30:33.300,3647.6000,19963,0,39391860.000,0,-,-,-,-,3649.4000,3648.8000,3648.2000,3647.8000,3647.6000,3650.8000,3652.2000,3654.4000,3654.8000,3655.0000,1,1,2,1,1,1,2,1,1,7
SF,IF2009,2020-04-24 09:30:33.800,3647.6000,19963,0,39391860.000,0,-,-,-,-,3649.4000,3648.8000,3648.2000,3647.8000,3647.6000,3652.2000,3654.4000,3654.8000,3655.0000,3658.0000,1,1,2,1,1,2,1,1,7,2
SF,IF2009,2020-04-24 09:30:34.300,3647.6000,19963,0,39391860.000,0,-,-,-,-,3650.0000,3649.4000,3648.8000,3648.2000,3647.8000,3652.0000,3652.2000,3654.4000,3654.8000,3655.0000,1,1,1,2,1,1,2,1,1,7
SF,IF2009,2020-04-24 09:30:34.800,3647.6000,19963,0,39391860.000,0,-,-,-,-,3650.0000,3649.4000,3648.8000,3648.2000,3647.8000,3651.8000,3652.0000,3652.2000,3654.4000,3654.8000,1,1,1,2,1,3,1,2,1,1
SF,IF2009,2020-04-24 09:30:35.300,3647.6000,19963,0,39391860.000,0,-,-,-,-,3650.0000,3649.4000,3648.8000,3648.2000,3647.8000,3651.8000,3652.2000,3654.4000,3654.8000,3655.0000,1,1,1,2,1,3,2,1,1,7
SF,IF2009,2020-04-24 09:30:35.800,3647.6000,19963,0,39391860.000,0,-,-,-,-,3650.0000,3649.4000,3648.8000,3648.2000,3647.8000,3651.8000,3652.2000,3654.4000,3654.8000,3655.0000,1,1,1,2,1,1,2,1,1,7
SF,IF2009,2020-04-24 09:30:36.300,3647.6000,19963,0,39391860.000,0,-,-,-,-,3650.0000,3649.4000,3648.8000,3648.2000,3647.8000,3651.6000,3652.2000,3654.4000,3654.8000,3655.0000,1,1,1,2,1,1,2,1,1,7
SF,IF2009,2020-04-24 09:30:36.800,3647.6000,19963,0,39391860.000,0,-,-,-,-,3650.0000,3649.4000,3648.8000,3648.2000,3647.8000,3651.4000,3652.2000,3654.4000,3654.8000,3655.0000,1,1,1,2,1,1,1,1,1,7
SF,IF2009,2020-04-24 09:30:37.300,3647.6000,19963,0,39391860.000,0,-,-,-,-,3650.0000,3649.4000,3648.8000,3648.2000,3647.8000,3652.2000,3654.4000,3655.0000,3658.0000,3660.0000,1,1,1,2,1,1,1,7,2,6
SF,IF2009,2020-04-24 09:30:37.800,3650.0000,19962,-1,40486860.000,1,0,1,双平,S,3650.0000,3648.8000,3648.2000,3647.8000,3647.6000,3652.2000,3654.4000,3655.0000,3655.8000,3658.0000,1,1,2,1,1,1,1,7,2,2
SF,IF2009,2020-04-24 09:30:38.800,3650.0000,19962,0,40486860.000,0,-,-,-,-,3650.8000,3650.0000,3648.8000,3648.2000,3647.8000,3652.2000,3654.4000,3655.0000,3655.8000,3658.0000,1,1,1,2,1,1,1,7,2,2
SF,IF2009,2020-04-24 09:30:39.300,3650.8000,19962,0,41582100.000,1,0,1,多换,S,3650.2000,3650.0000,3648.8000,3648.2000,3647.8000,3652.0000,3652.2000,3654.4000,3655.0000,3655.8000,1,1,1,2,1,2,1,1,7,2
SF,IF2009,2020-04-24 09:30:39.800,3650.8000,19962,0,41582100.000,0,-,-,-,-,3650.4000,3650.2000,3650.0000,3648.8000,3648.2000,3652.0000,3652.2000,3654.4000,3655.0000,3655.8000,1,1,1,1,2,2,1,1,7,2
SF,IF2009,2020-04-24 09:30:40.300,3650.8000,19962,0,41582100.000,0,-,-,-,-,3650.2000,3650.0000,3648.8000,3648.2000,3647.8000,3652.0000,3652.2000,3654.4000,3655.0000,3655.8000,1,1,1,2,1,2,1,1,7,2
SF,IF2009,2020-04-24 09:30:40.800,3650.8000,19962,0,41582100.000,0,-,-,-,-,3650.2000,3650.0000,3648.8000,3648.2000,3647.8000,3652.0000,3652.2000,3654.4000,3655.0000,3655.8000,1,1,1,2,1,2,1,1,7,2
SF,IF2009,2020-04-24 09:30:41.300,3650.8000,19962,0,41582100.000,0,-,-,-,-,3650.4000,3650.2000,3650.0000,3648.8000,3648.2000,3652.0000,3652.2000,3654.4000,3655.0000,3655.8000,1,1,1,1,2,2,1,1,7,2
SF,IF2009,2020-04-24 09:30:41.800,3650.8000,19962,0,41582100.000,0,-,-,-,-,3650.2000,3650.0000,3648.8000,3648.2000,3647.8000,3652.0000,3652.2000,3654.4000,3655.0000,3658.0000,1,1,1,2,1,1,1,1,7,2
SF,IF2009,2020-04-24 09:30:42.300,3650.8000,19962,0,41582100.000,0,-,-,-,-,3650.4000,3650.2000,3650.0000,3648.8000,3648.2000,3651.8000,3652.2000,3654.4000,3655.0000,3658.0000,1,1,1,1,2,1,1,1,7,2
SF,IF2009,2020-04-24 09:30:42.800,3650.8000,19962,0,41582100.000,0,-,-,-,-,3650.2000,3650.0000,3648.8000,3648.2000,3647.8000,3652.2000,3654.4000,3655.0000,3658.0000,3660.0000,1,1,1,2,1,1,1,7,2,6
SF,IF2009,2020-04-24 09:30:43.300,3650.8000,19962,0,41582100.000,0,-,-,-,-,3650.4000,3650.2000,3650.0000,3648.8000,3648.2000,3652.0000,3652.2000,3654.4000,3655.0000,3658.0000,1,1,1,1,2,1,1,1,7,2
SF,IF2009,2020-04-24 09:30:43.800,3650.8000,19962,0,41582100.000,0,-,-,-,-,3650.2000,3650.0000,3648.8000,3648.2000,3647.8000,3651.8000,3652.2000,3654.4000,3655.0000,3658.0000,1,1,1,2,1,1,1,1,7,2
SF,IF2009,2020-04-24 09:30:44.300,3650.8000,19962,0,41582100.000,0,-,-,-,-,3650.4000,3650.2000,3650.0000,3648.8000,3648.2000,3652.2000,3654.4000,3655.0000,3658.0000,3660.0000,1,1,1,1,2,1,1,7,2,6
SF,IF2009,2020-04-24 09:30:44.800,3650.8000,19962,0,41582100.000,0,-,-,-,-,3650.2000,3650.0000,3648.8000,3648.2000,3647.8000,3652.0000,3652.2000,3654.4000,3655.0000,3658.0000,1,1,1,2,1,2,1,1,7,2
SF,IF2009,2020-04-24 09:30:45.300,3650.8000,19962,0,41582100.000,0,-,-,-,-,3650.2000,3650.0000,3648.8000,3648.2000,3647.8000,3652.0000,3652.2000,3654.4000,3655.0000,3658.0000,1,1,1,2,1,2,1,1,7,2
SF,IF2009,2020-04-24 09:30:45.800,3650.8000,19962,0,41582100.000,0,-,-,-,-,3650.2000,3650.0000,3648.8000,3648.2000,3647.8000,3652.0000,3652.2000,3654.4000,3655.0000,3658.0000,1,1,1,2,1,2,1,1,7,2
SF,IF2009,2020-04-24 09:30:46.300,3650.8000,19962,0,41582100.000,0,-,-,-,-,3650.2000,3650.0000,3648.8000,3648.2000,3646.0000,3651.8000,3652.0000,3652.2000,3654.4000,3655.0000,1,1,1,2,1,1,2,1,1,7
SF,IF2009,2020-04-24 09:30:46.800,3650.8000,19962,0,41582100.000,0,-,-,-,-,3650.2000,3650.0000,3648.8000,3648.2000,3646.0000,3651.6000,3651.8000,3652.0000,3652.2000,3654.4000,1,1,1,2,1,3,1,1,1,1
SF,IF2009,2020-04-24 09:30:48.300,3650.8000,19962,0,41582100.000,0,-,-,-,-,3650.2000,3650.0000,3648.8000,3648.2000,3646.0000,3651.6000,3651.8000,3652.2000,3654.4000,3655.0000,1,1,1,2,1,3,1,1,1,7
SF,IF2009,2020-04-24 09:30:48.800,3650.8000,19962,0,41582100.000,0,-,-,-,-,3650.2000,3650.0000,3648.8000,3648.2000,3646.0000,3651.6000,3651.8000,3652.2000,3654.4000,3655.0000,1,1,1,2,1,1,1,1,1,7
SF,IF2009,2020-04-24 09:30:49.300,3650.8000,19962,0,41582100.000,0,-,-,-,-,3650.2000,3650.0000,3648.8000,3648.2000,3646.0000,3651.4000,3651.8000,3652.2000,3654.4000,3655.0000,1,1,1,2,1,1,1,1,1,7
SF,IF2009,2020-04-24 09:30:49.800,3650.8000,19962,0,41582100.000,0,-,-,-,-,3650.2000,3650.0000,3648.8000,3648.2000,3646.0000,3651.2000,3651.6000,3651.8000,3652.2000,3654.4000,1,1,1,2,1,1,3,1,1,1
SF,IF2009,2020-04-24 09:30:50.300,3650.8000,19962,0,41582100.000,0,-,-,-,-,3650.2000,3650.0000,3648.8000,3648.2000,3646.0000,3651.0000,3651.6000,3651.8000,3652.2000,3654.4000,1,1,1,2,1,1,3,1,1,1
SF,IF2009,2020-04-24 09:30:50.800,3650.8000,19962,0,41582100.000,0,-,-,-,-,3650.2000,3650.0000,3648.8000,3648.2000,3646.0000,3650.8000,3651.6000,3651.8000,3652.2000,3654.4000,1,1,1,2,1,1,3,1,1,1
SF,IF2009,2020-04-24 09:30:51.300,3650.8000,19962,0,41582100.000,0,-,-,-,-,3650.2000,3650.0000,3648.8000,3648.2000,3646.0000,3651.6000,3651.8000,3652.2000,3654.4000,3655.0000,1,1,1,2,1,3,1,1,1,7
SF,IF2009,2020-04-24 09:30:51.800,3650.8000,19962,0,41582100.000,0,-,-,-,-,3650.2000,3650.0000,3648.8000,3648.2000,3646.0000,3651.4000,3651.6000,3651.8000,3652.2000,3654.4000,1,1,1,2,1,1,3,1,1,1
SF,IF2009,2020-04-24 09:30:52.300,3650.8000,19962,0,41582100.000,0,-,-,-,-,3650.2000,3650.0000,3648.8000,3648.2000,3646.0000,3651.2000,3651.6000,3651.8000,3652.2000,3654.4000,1,1,1,2,1,1,3,1,1,1
SF,IF2009,2020-04-24 09:30:52.800,3650.8000,19962,0,41582100.000,0,-,-,-,-,3650.2000,3650.0000,3648.8000,3648.2000,3646.0000,3651.0000,3651.6000,3652.2000,3654.4000,3655.0000,1,1,1,2,1,1,3,1,1,8
SF,IF2009,2020-04-24 09:30:53.300,3650.2000,19961,-1,42677160.000,1,0,1,双平,S,3650.0000,3648.8000,3648.2000,3646.0000,3645.0000,3651.6000,3652.2000,3654.4000,3655.0000,3658.0000,1,1,2,1,5,3,1,1,8,2
SF,IF2009,2020-04-24 09:30:53.800,3650.2000,19961,0,42677160.000,0,-,-,-,-,3650.0000,3648.8000,3648.2000,3646.0000,3645.0000,3651.4000,3651.6000,3652.2000,3654.4000,3655.0000,1,1,2,1,5,2,3,1,1,8
SF,IF2009,2020-04-24 09:30:54.300,3650.2000,19961,0,42677160.000,0,-,-,-,-,3650.0000,3648.8000,3646.0000,3645.0000,3644.0000,3650.4000,3651.2000,3651.4000,3651.6000,3652.2000,1,1,1,5,1,1,1,2,4,1
SF,IF2009,2020-04-24 09:30:54.800,3650.0000,19960,-1,43772160.000,1,0,1,双平,S,3648.8000,3646.0000,3645.0000,3644.0000,3642.2000,3650.4000,3651.2000,3651.4000,3651.6000,3652.2000,1,1,5,1,1,1,1,1,4,1
SF,IF2009,2020-04-24 09:30:55.300,3650.0000,19960,0,43772160.000,0,-,-,-,-,3648.8000,3646.0000,3645.0000,3644.0000,3642.2000,3650.2000,3650.4000,3651.6000,3652.2000,3654.4000,1,1,5,1,1,3,1,4,1,1
SF,IF2009,2020-04-24 09:30:55.800,3650.0000,19960,0,43772160.000,0,-,-,-,-,3648.8000,3646.0000,3645.0000,3644.0000,3642.2000,3650.2000,3650.4000,3651.6000,3652.2000,3654.4000,1,1,5,1,1,3,1,4,1,1
SF,IF2009,2020-04-24 09:30:56.300,3648.8000,19959,-1,44866800.000,1,0,1,双平,S,3646.0000,3645.0000,3644.0000,3642.2000,3642.0000,3650.0000,3650.2000,3650.4000,3651.6000,3652.2000,1,5,1,1,1,1,3,1,4,1
SF,IF2009,2020-04-24 09:30:56.800,3648.8000,19959,0,44866800.000,0,-,-,-,-,3646.2000,3646.0000,3645.0000,3644.0000,3642.2000,3649.8000,3650.0000,3650.4000,3651.6000,3652.2000,2,1,5,1,1,3,1,1,4,1
SF,IF2009,2020-04-24 09:30:57.800,3648.8000,19959,0,44866800.000,0,-,-,-,-,3646.2000,3646.0000,3645.0000,3644.0000,3642.2000,3649.8000,3650.4000,3651.6000,3652.2000,3654.4000,2,1,4,1,1,3,1,4,1,1
SF,IF2009,2020-04-24 09:30:58.300,3648.8000,19959,0,44866800.000,0,-,-,-,-,3646.2000,3646.0000,3645.0000,3644.0000,3642.2000,3649.4000,3649.8000,3650.4000,3651.6000,3652.2000,1,1,4,1,1,1,3,1,4,1
SF,IF2009,2020-04-24 09:30:58.800,3648.8000,19959,0,44866800.000,0,-,-,-,-,3646.2000,3646.0000,3645.0000,3644.0000,3642.2000,3649.2000,3649.4000,3650.4000,3651.6000,3652.2000,1,1,4,1,1,3,1,1,4,1
SF,IF2009,2020-04-24 09:30:59.300,3648.8000,19959,0,44866800.000,0,-,-,-,-,3646.4000,3646.2000,3646.0000,3645.0000,3644.0000,3649.2000,3649.4000,3650.4000,3651.6000,3652.2000,1,1,1,4,1,1,1,1,4,1
SF,IF2009,2020-04-24 09:30:59.800,3648.8000,19959,0,44866800.000,0,-,-,-,-,3646.4000,3646.2000,3646.0000,3645.0000,3644.6000,3649.4000,3650.4000,3651.6000,3652.2000,3654.4000,1,1,1,4,1,1,1,4,1,1
SF,IF2009,2020-04-24 09:31:00.300,3648.8000,19959,0,44866800.000,0,-,-,-,-,3646.6000,3646.4000,3646.2000,3646.0000,3645.0000,3649.2000,3649.4000,3650.4000,3651.6000,3652.2000,1,1,1,1,4,2,1,1,4,1
SF,IF2009,2020-04-24 09:31:00.800,3648.8000,19959,0,44866800.000,0,-,-,-,-,3646.6000,3646.4000,3646.2000,3646.0000,3645.0000,3649.0000,3649.2000,3649.4000,3650.4000,3651.6000,1,1,1,1,4,1,2,1,1,4
SF,IF2009,2020-04-24 09:31:01.300,3648.8000,19959,0,44866800.000,0,-,-,-,-,3646.6000,3646.4000,3646.2000,3646.0000,3645.0000,3648.8000,3649.0000,3649.2000,3649.4000,3650.4000,1,1,1,1,4,1,1,1,1,1
SF,IF2009,2020-04-24 09:31:01.800,3648.8000,19959,0,44866800.000,0,-,-,-,-,3646.6000,3646.4000,3646.2000,3646.0000,3645.0000,3648.6000,3648.8000,3649.2000,3649.4000,3650.4000,1,1,1,1,4,2,1,1,1,1
SF,IF2009,2020-04-24 09:31:02.300,3648.8000,19959,0,44866800.000,0,-,-,-,-,3646.8000,3646.6000,3646.4000,3646.2000,3646.0000,3648.6000,3648.8000,3649.4000,3650.4000,3651.6000,1,1,1,1,1,2,1,1,1,4
SF,IF2009,2020-04-24 09:31:02.800,3648.8000,19959,0,44866800.000,0,-,-,-,-,3647.0000,3646.4000,3646.2000,3646.0000,3645.0000,3648.8000,3649.4000,3650.4000,3651.6000,3652.2000,2,1,1,1,4,1,1,1,4,1
SF,IF2009,2020-04-24 09:31:03.300,3648.8000,19959,0,44866800.000,0,-,-,-,-,3647.0000,3646.4000,3646.2000,3646.0000,3645.0000,3648.6000,3648.8000,3649.4000,3650.4000,3651.6000,2,1,1,1,4,1,1,1,1,4
SF,IF2009,2020-04-24 09:31:03.800,3648.8000,19959,0,44866800.000,0,-,-,-,-,3647.0000,3646.4000,3646.2000,3646.0000,3645.0000,3648.4000,3650.4000,3651.6000,3652.2000,3654.4000,1,1,1,1,4,2,1,4,1,1
SF,IF2009,2020-04-24 09:31:04.300,3648.8000,19959,0,44866800.000,0,-,-,-,-,3646.4000,3646.2000,3646.0000,3645.0000,3644.6000,3648.4000,3650.4000,3651.6000,3652.2000,3654.4000,1,1,1,4,1,2,1,4,1,1
SF,IF2009,2020-04-24 09:31:04.800,3648.8000,19959,0,44866800.000,0,-,-,-,-,3646.6000,3646.2000,3646.0000,3645.0000,3644.6000,3648.0000,3648.2000,3648.4000,3651.6000,3652.2000,1,1,1,4,1,1,1,2,4,1
SF,IF2009,2020-04-24 09:31:05.300,3648.8000,19959,0,44866800.000,0,-,-,-,-,3646.8000,3646.2000,3646.0000,3645.0000,3644.6000,3648.2000,3648.4000,3651.6000,3652.2000,3654.4000,1,1,1,4,1,1,1,4,1,1
SF,IF2009,2020-04-24 09:31:05.800,3648.8000,19959,0,44866800.000,0,-,-,-,-,3646.2000,3646.0000,3645.0000,3644.6000,3644.0000,3648.0000,3648.4000,3651.6000,3652.2000,3654.4000,1,1,4,1,1,2,1,4,1,1
SF,IF2009,2020-04-24 09:31:06.300,3648.6000,19959,0,45961380.000,1,0,1,多换,S,3646.4000,3646.2000,3646.0000,3645.0000,3644.6000,3648.0000,3648.4000,3651.6000,3652.2000,3654.4000,1,1,1,4,1,1,1,4,1,1
SF,IF2009,2020-04-24 09:31:06.800,3648.6000,19959,0,45961380.000,0,-,-,-,-,3646.6000,3646.2000,3646.0000,3645.0000,3644.6000,3648.4000,3651.6000,3652.2000,3654.4000,3655.0000,1,1,1,4,1,1,4,1,1,8
SF,IF2009,2020-04-24 09:31:07.300,3648.6000,19959,0,45961380.000,0,-,-,-,-,3646.8000,3646.2000,3646.0000,3645.0000,3644.6000,3648.4000,3651.6000,3652.2000,3654.4000,3655.0000,2,1,1,4,1,1,4,1,1,8
SF,IF2009,2020-04-24 09:31:07.800,3648.6000,19959,0,45961380.000,0,-,-,-,-,3646.8000,3646.2000,3646.0000,3645.0000,3644.6000,3648.2000,3648.4000,3651.6000,3652.2000,3654.4000,1,1,1,2,1,2,1,4,1,1
SF,IF2009,2020-04-24 09:31:08.300,3648.6000,19959,0,45961380.000,0,-,-,-,-,3647.0000,3646.8000,3646.2000,3646.0000,3645.0000,3648.2000,3648.4000,3651.6000,3652.2000,3654.4000,1,1,1,1,2,2,1,4,1,1
SF,IF2009,2020-04-24 09:31:08.800,3648.4000,19958,-1,47055900.000,1,0,1,双平,S,3646.2000,3646.0000,3645.0000,3644.6000,3644.0000,3648.0000,3648.2000,3651.6000,3652.2000,3654.4000,1,1,1,1,1,3,1,4,1,1
SF,IF2009,2020-04-24 09:31:09.300,3648.4000,19958,0,47055900.000,0,-,-,-,-,3646.2000,3646.0000,3645.0000,3644.6000,3644.0000,3648.0000,3648.2000,3651.6000,3652.2000,3654.4000,1,1,1,1,1,3,1,4,1,1
SF,IF2009,2020-04-24 09:31:09.800,3648.4000,19958,0,47055900.000,0,-,-,-,-,3646.2000,3646.0000,3645.0000,3644.6000,3644.0000,3647.8000,3648.0000,3648.2000,3651.6000,3652.2000,1,1,1,1,1,2,3,2,3,1
SF,IF2009,2020-04-24 09:31:10.300,3648.4000,19958,0,47055900.000,0,-,-,-,-,3646.0000,3645.0000,3644.6000,3644.0000,3642.2000,3647.6000,3647.8000,3648.0000,3648.2000,3651.6000,1,1,1,1,1,3,3,1,1,3
SF,IF2009,2020-04-24 09:31:10.800,3648.4000,19958,0,47055900.000,0,-,-,-,-,3646.0000,3645.0000,3644.6000,3644.0000,3642.2000,3647.4000,3647.6000,3648.0000,3648.2000,3651.6000,1,1,1,1,1,2,3,2,1,3
SF,IF2009,2020-04-24 09:31:11.300,3648.4000,19958,0,47055900.000,0,-,-,-,-,3646.6000,3646.0000,3645.0000,3644.6000,3644.0000,3647.4000,3647.6000,3648.0000,3648.2000,3651.6000,1,1,1,1,1,3,2,2,1,3
SF,IF2009,2020-04-24 09:31:11.800,3648.4000,19958,0,47055900.000,0,-,-,-,-,3646.6000,3646.0000,3645.0000,3644.6000,3644.0000,3647.4000,3647.6000,3648.0000,3651.6000,3652.2000,1,1,1,1,1,1,2,2,3,1
SF,IF2009,2020-04-24 09:31:12.300,3646.6000,19957,-1,48149880.000,1,0,1,双平,S,3646.0000,3645.0000,3644.6000,3644.0000,3642.2000,3647.2000,3647.4000,3647.6000,3648.0000,3651.6000,1,1,1,1,1,2,1,3,2,3
SF,IF2009,2020-04-24 09:31:12.800,3646.0000,19957,0,49243680.000,1,0,1,多换,S,3645.0000,3644.6000,3644.0000,3642.2000,3642.0000,3646.6000,3647.0000,3647.2000,3647.6000,3648.0000,1,1,1,1,1,1,1,2,2,2
SF,IF2009,2020-04-24 09:31:13.300,3646.0000,19957,0,49243680.000,0,-,-,-,-,3645.2000,3645.0000,3644.6000,3644.0000,3642.2000,3646.6000,3647.0000,3647.2000,3647.6000,3648.0000,2,1,1,1,1,1,1,1,2,2
SF,IF2009,2020-04-24 09:31:13.800,3646.0000,19957,0,49243680.000,0,-,-,-,-,3645.2000,3645.0000,3644.0000,3642.2000,3642.0000,3646.4000,3647.0000,3647.2000,3647.6000,3648.0000,1,1,1,1,1,1,1,1,2,2
SF,IF2009,2020-04-24 09:31:14.300,3646.0000,19957,0,49243680.000,0,-,-,-,-,3645.0000,3644.0000,3642.2000,3642.0000,3641.0000,3646.2000,3647.6000,3648.0000,3651.6000,3652.2000,1,1,1,1,1,4,1,2,3,1
SF,IF2009,2020-04-24 09:31:14.800,3646.0000,19957,0,49243680.000,0,-,-,-,-,3645.0000,3644.0000,3642.2000,3642.0000,3641.0000,3646.2000,3647.6000,3648.0000,3651.6000,3652.2000,1,1,1,1,1,2,1,2,3,1
SF,IF2009,2020-04-24 09:31:15.300,3642.0000,19955,-2,53615640.000,4,1,3,多平,S,3641.0000,3640.0000,3636.0000,3635.0000,3630.2000,3644.6000,3646.2000,3647.6000,3648.0000,3651.6000,1,2,1,5,1,1,2,1,1,3
SF,IF2009,2020-04-24 09:31:15.800,3642.0000,19955,0,53615640.000,0,-,-,-,-,3641.4000,3641.2000,3641.0000,3640.0000,3636.0000,3644.4000,3644.6000,3645.0000,3647.6000,3648.0000,2,3,2,2,1,2,1,1,1,1
SF,IF2009,2020-04-24 09:31:16.300,3642.0000,19955,0,53615640.000,0,-,-,-,-,3641.6000,3641.2000,3641.0000,3640.0000,3636.0000,3644.2000,3644.4000,3645.0000,3647.6000,3648.0000,1,2,1,2,1,2,2,1,1,1
SF,IF2009,2020-04-24 09:31:16.800,3642.0000,19955,0,53615640.000,0,-,-,-,-,3643.0000,3641.2000,3641.0000,3640.0000,3636.0000,3644.0000,3644.2000,3647.6000,3648.0000,3650.0000,1,2,1,2,1,2,2,1,1,6
SF,IF2009,2020-04-24 09:31:17.300,3642.6000,19955,0,54708420.000,1,0,1,多换,S,3642.0000,3641.2000,3641.0000,3640.0000,3636.0000,3643.0000,3643.8000,3647.6000,3648.0000,3650.0000,1,2,1,2,1,1,2,1,1,6
SF,IF2009,2020-04-24 09:31:17.800,3642.0000,19955,0,55801020.000,1,0,1,多换,S,3641.2000,3641.0000,3640.0000,3636.0000,3630.2000,3642.0000,3642.8000,3643.8000,3647.6000,3648.0000,2,1,2,1,1,1,1,2,1,1
SF,IF2009,2020-04-24 09:31:18.300,3642.0000,19955,0,55801020.000,0,-,-,-,-,3641.2000,3641.0000,3640.0000,3636.0000,3630.2000,3642.0000,3643.8000,3647.6000,3648.0000,3650.0000,1,1,2,1,1,1,2,3,1,6
SF,IF2009,2020-04-24 09:31:19.300,3642.0000,19955,0,55801020.000,0,-,-,-,-,3641.2000,3641.0000,3640.0000,3638.6000,3636.0000,3642.0000,3643.8000,3647.6000,3650.0000,3651.6000,1,1,2,1,1,1,2,3,6,3
SF,IF2009,2020-04-24 09:31:19.800,3642.0000,19955,0,56893620.000,1,0,1,多换,S,3641.2000,3641.0000,3640.0000,3638.6000,3636.0000,3641.6000,3643.8000,3647.6000,3650.0000,3651.6000,1,1,3,1,1,2,2,3,6,3
SF,IF2009,2020-04-24 09:31:20.300,3642.0000,19953,-2,59078820.000,2,0,2,双平,S,3641.2000,3641.0000,3640.0000,3638.6000,3636.0000,3643.8000,3647.6000,3650.0000,3651.6000,3652.2000,1,1,3,1,1,2,2,6,3,1
SF,IF2009,2020-04-24 09:31:20.800,3642.0000,19953,0,59078820.000,0,-,-,-,-,3641.2000,3641.0000,3640.0000,3638.6000,3636.0000,3643.6000,3643.8000,3647.6000,3650.0000,3651.6000,1,1,3,1,1,3,1,2,6,3
SF,IF2009,2020-04-24 09:31:21.300,3642.0000,19953,0,59078820.000,0,-,-,-,-,3641.4000,3641.2000,3641.0000,3640.0000,3638.6000,3643.4000,3643.6000,3647.6000,3650.0000,3651.6000,1,1,1,3,1,1,3,2,6,3
SF,IF2009,2020-04-24 09:31:21.800,3642.0000,19953,0,59078820.000,0,-,-,-,-,3641.6000,3641.4000,3641.2000,3641.0000,3640.0000,3643.2000,3643.6000,3647.6000,3650.0000,3651.6000,1,1,1,1,3,2,1,2,6,3
SF,IF2009,2020-04-24 09:31:22.300,3642.0000,19953,0,59078820.000,0,-,-,-,-,3641.8000,3641.2000,3641.0000,3640.0000,3638.6000,3643.2000,3647.6000,3647.8000,3650.0000,3651.6000,2,1,1,3,1,1,2,2,6,3
SF,IF2009,2020-04-24 09:31:22.800,3642.0000,19953,0,59078820.000,0,-,-,-,-,3641.8000,3641.6000,3641.2000,3641.0000,3640.0000,3647.6000,3647.8000,3650.0000,3651.6000,3652.2000,2,1,1,1,3,2,2,6,3,1
SF,IF2009,2020-04-24 09:31:23.300,3642.0000,19953,0,59078820.000,0,-,-,-,-,3642.0000,3641.8000,3641.6000,3641.2000,3641.0000,3644.8000,3645.0000,3645.2000,3645.4000,3645.6000,2,1,1,1,1,1,2,1,1,1
SF,IF2009,2020-04-24 09:31:23.800,3642.0000,19953,0,60171420.000,1,0,1,多换,S,3642.0000,3641.2000,3641.0000,3640.0000,3636.0000,3644.6000,3644.8000,3645.4000,3645.6000,3647.2000,3,1,1,3,1,5,1,1,1,7
SF,IF2009,2020-04-24 09:31:24.300,3642.0000,19953,0,60171420.000,0,-,-,-,-,3642.0000,3641.2000,3641.0000,3640.6000,3640.0000,3644.6000,3644.8000,3645.4000,3645.6000,3647.2000,3,1,1,1,3,4,1,1,1,7
SF,IF2009,2020-04-24 09:31:24.800,3642.0000,19953,0,60171420.000,0,-,-,-,-,3642.0000,3641.2000,3641.0000,3640.6000,3640.0000,3644.6000,3645.4000,3645.6000,3647.2000,3647.4000,2,1,1,1,3,4,1,1,7,2
SF,IF2009,2020-04-24 09:31:25.800,3642.0000,19953,0,60171420.000,0,-,-,-,-,3642.0000,3641.2000,3641.0000,3640.6000,3640.0000,3644.6000,3644.8000,3645.4000,3645.6000,3647.2000,2,1,1,1,3,4,1,1,1,7
SF,IF2009,2020-04-24 09:31:26.300,3642.0000,19953,0,60171420.000,0,-,-,-,-,3642.0000,3641.2000,3641.0000,3640.6000,3640.0000,3644.6000,3645.4000,3645.6000,3647.2000,3647.4000,2,1,1,1,3,3,1,1,7,2
SF,IF2009,2020-04-24 09:31:26.800,3642.0000,19953,0,60171420.000,0,-,-,-,-,3642.0000,3641.2000,3641.0000,3640.6000,3640.0000,3644.6000,3644.8000,3645.4000,3645.6000,3647.2000,2,1,1,1,3,3,1,1,1,7
SF,IF2009,2020-04-24 09:31:27.300,3642.0000,19953,0,60171420.000,0,-,-,-,-,3642.0000,3641.2000,3641.0000,3640.6000,3640.0000,3644.6000,3644.8000,3645.4000,3645.6000,3647.2000,2,1,1,1,3,3,1,1,1,7
SF,IF2009,2020-04-24 09:31:27.800,3642.0000,19953,0,60171420.000,0,-,-,-,-,3642.0000,3641.2000,3641.0000,3640.6000,3640.0000,3644.4000,3644.6000,3644.8000,3645.4000,3645.6000,2,1,1,1,3,2,3,1,1,1
SF,IF2009,2020-04-24 09:31:28.300,3642.0000,19953,0,60171420.000,0,-,-,-,-,3642.0000,3641.2000,3641.0000,3640.6000,3640.0000,3644.2000,3644.4000,3644.8000,3645.4000,3645.6000,2,1,1,1,3,3,2,1,1,1
SF,IF2009,2020-04-24 09:31:28.800,3642.0000,19953,0,60171420.000,0,-,-,-,-,3642.0000,3641.2000,3641.0000,3640.0000,3636.0000,3643.8000,3644.0000,3644.2000,3644.4000,3644.8000,2,1,1,3,1,1,1,3,1,1
SF,IF2009,2020-04-24 09:31:29.300,3642.0000,19953,0,60171420.000,0,-,-,-,-,3642.0000,3641.2000,3641.0000,3640.0000,3636.0000,3643.6000,3643.8000,3644.0000,3644.4000,3644.8000,2,1,1,3,1,4,1,1,1,1
SF,IF2009,2020-04-24 09:31:29.800,3642.0000,19951,-2,62356620.000,2,0,2,双平,S,3641.2000,3641.0000,3640.0000,3636.0000,3630.2000,3643.6000,3643.8000,3644.0000,3644.4000,3644.8000,1,1,3,1,1,4,1,1,1,1
SF,IF2009,2020-04-24 09:31:30.300,3642.0000,19951,0,62356620.000,0,-,-,-,-,3641.2000,3641.0000,3640.0000,3636.0000,3630.2000,3643.6000,3644.0000,3644.8000,3645.4000,3645.6000,1,1,3,1,1,3,1,1,1,1
SF,IF2009,2020-04-24 09:31:30.800,3642.0000,19951,0,62356620.000,0,-,-,-,-,3641.2000,3641.0000,3640.0000,3636.0000,3630.2000,3643.4000,3643.6000,3644.0000,3644.8000,3645.4000,1,1,3,1,1,4,3,1,1,1
SF,IF2009,2020-04-24 09:31:31.300,3642.0000,19951,0,62356620.000,0,-,-,-,-,3641.2000,3641.0000,3640.0000,3636.0000,3630.2000,3643.2000,3643.4000,3644.0000,3644.8000,3645.4000,1,1,3,1,1,3,4,1,1,1
SF,IF2009,2020-04-24 09:31:31.800,3642.0000,19951,0,62356620.000,0,-,-,-,-,3641.4000,3641.2000,3641.0000,3640.0000,3636.0000,3642.0000,3643.0000,3643.2000,3643.4000,3644.0000,1,1,1,3,1,5,1,3,4,1
SF,IF2009,2020-04-24 09:31:32.300,3642.0000,19951,0,67819620.000,5,2,3,多换,S,3641.2000,3641.0000,3640.0000,3636.0000,3630.2000,3643.2000,3643.4000,3644.0000,3644.8000,3645.4000,1,1,3,1,1,3,4,1,1,1
SF,IF2009,2020-04-24 09:31:32.800,3642.0000,19951,0,67819620.000,0,-,-,-,-,3641.4000,3641.2000,3641.0000,3640.0000,3636.0000,3643.0000,3643.2000,3643.4000,3644.0000,3644.8000,1,1,1,3,1,1,3,4,1,1
SF,IF2009,2020-04-24 09:31:33.300,3642.0000,19951,0,67819620.000,0,-,-,-,-,3641.6000,3641.2000,3641.0000,3640.0000,3636.0000,3642.8000,3643.2000,3643.4000,3644.0000,3644.8000,1,1,1,3,1,2,1,4,1,1
SF,IF2009,2020-04-24 09:31:33.800,3642.0000,19951,0,67819620.000,0,-,-,-,-,3641.2000,3641.0000,3640.0000,3636.0000,3630.2000,3642.6000,3642.8000,3643.2000,3643.4000,3644.0000,1,1,3,1,1,1,2,1,4,1
SF,IF2009,2020-04-24 09:31:34.300,3642.0000,19951,0,67819620.000,0,-,-,-,-,3641.4000,3641.2000,3641.0000,3640.0000,3636.0000,3642.8000,3643.2000,3643.4000,3644.0000,3644.8000,1,1,1,3,1,2,1,4,1,1
SF,IF2009,2020-04-24 09:31:34.800,3642.0000,19951,0,67819620.000,0,-,-,-,-,3641.6000,3641.2000,3641.0000,3640.0000,3636.0000,3643.4000,3644.0000,3644.8000,3645.4000,3645.6000,1,1,1,3,1,4,1,1,1,1
SF,IF2009,2020-04-24 09:31:35.300,3642.0000,19951,0,67819620.000,0,-,-,-,-,3641.8000,3641.2000,3641.0000,3640.0000,3636.0000,3643.2000,3643.4000,3644.0000,3644.8000,3645.4000,1,1,1,3,1,1,4,1,1,1
SF,IF2009,2020-04-24 09:31:35.800,3642.0000,19951,0,67819620.000,0,-,-,-,-,3642.0000,3641.2000,3641.0000,3640.0000,3636.0000,3643.4000,3644.0000,3644.8000,3645.4000,3645.6000,1,1,2,3,1,4,1,1,1,1
SF,IF2009,2020-04-24 09:31:36.300,3642.0000,19951,0,67819620.000,0,-,-,-,-,3642.2000,3641.2000,3641.0000,3640.0000,3636.0000,3643.4000,3644.0000,3644.8000,3645.4000,3645.6000,1,1,2,3,1,4,1,1,1,1
SF,IF2009,2020-04-24 09:31:36.800,3642.0000,19951,0,67819620.000,0,-,-,-,-,3642.4000,3641.2000,3641.0000,3640.0000,3636.0000,3643.4000,3644.0000,3644.8000,3645.4000,3645.6000,1,1,2,3,1,4,1,1,1,1
SF,IF2009,2020-04-24 09:31:37.300,3642.0000,19951,0,67819620.000,0,-,-,-,-,3641.2000,3641.0000,3640.0000,3636.0000,3630.2000,3643.2000,3643.4000,3644.0000,3644.8000,3645.4000,1,2,3,1,1,1,4,1,1,1
SF,IF2009,2020-04-24 09:31:37.800,3642.0000,19951,0,67819620.000,0,-,-,-,-,3641.4000,3641.2000,3641.0000,3640.0000,3636.0000,3643.0000,3643.4000,3644.0000,3644.8000,3645.4000,1,1,2,3,1,1,4,1,1,1
SF,IF2009,2020-04-24 09:31:38.300,3642.0000,19951,0,67819620.000,0,-,-,-,-,3641.6000,3641.2000,3641.0000,3640.0000,3636.0000,3643.4000,3644.0000,3644.8000,3645.4000,3645.6000,1,1,2,3,1,4,1,1,1,1
SF,IF2009,2020-04-24 09:31:38.800,3642.0000,19951,0,67819620.000,0,-,-,-,-,3641.8000,3641.2000,3641.0000,3640.0000,3636.0000,3643.2000,3643.4000,3644.0000,3644.8000,3645.4000,1,1,2,3,1,1,4,1,1,1
SF,IF2009,2020-04-24 09:31:39.300,3642.0000,19951,0,67819620.000,0,-,-,-,-,3642.0000,3641.2000,3641.0000,3640.0000,3636.0000,3643.4000,3644.0000,3644.8000,3645.4000,3645.6000,1,1,2,3,1,4,1,1,1,1
SF,IF2009,2020-04-24 09:31:39.800,3642.0000,19951,0,67819620.000,0,-,-,-,-,3641.2000,3641.0000,3640.6000,3640.0000,3636.0000,3643.4000,3644.0000,3644.8000,3645.4000,3645.6000,1,2,1,3,1,4,1,1,1,1
SF,IF2009,2020-04-24 09:31:40.300,3642.0000,19951,0,67819620.000,0,-,-,-,-,3641.2000,3641.0000,3640.6000,3640.0000,3636.0000,3643.2000,3643.4000,3644.0000,3644.8000,3645.4000,1,2,1,3,1,3,4,1,1,1
SF,IF2009,2020-04-24 09:31:40.800,3642.0000,19951,0,67819620.000,0,-,-,-,-,3641.4000,3641.2000,3641.0000,3640.6000,3640.0000,3643.0000,3643.2000,3643.4000,3644.0000,3644.8000,1,1,2,1,3,1,3,4,1,1
SF,IF2009,2020-04-24 09:31:41.300,3642.0000,19951,0,67819620.000,0,-,-,-,-,3641.2000,3641.0000,3640.0000,3639.8000,3636.0000,3642.8000,3643.2000,3643.4000,3644.0000,3644.8000,1,2,3,1,1,3,1,4,1,1
SF,IF2009,2020-04-24 09:31:41.800,3641.4000,19951,0,68912040.000,1,0,1,多换,S,3641.4000,3641.2000,3641.0000,3640.0000,3639.8000,3642.8000,3643.2000,3643.4000,3644.0000,3644.8000,1,1,2,3,1,2,1,4,1,1
SF,IF2009,2020-04-24 09:31:42.300,3641.4000,19951,0,68912040.000,0,-,-,-,-,3641.4000,3641.2000,3641.0000,3640.0000,3639.8000,3642.6000,3642.8000,3643.2000,3643.4000,3644.0000,1,1,2,3,1,1,1,1,4,1
SF,IF2009,2020-04-24 09:31:42.800,3641.4000,19951,0,68912040.000,0,-,-,-,-,3641.4000,3641.2000,3641.0000,3640.0000,3639.8000,3642.4000,3643.2000,3643.4000,3644.0000,3644.8000,1,1,2,3,1,1,1,4,1,1
SF,IF2009,2020-04-24 09:31:43.300,3642.2000,19950,-1,70004700.000,1,0,1,双平,S,3641.4000,3641.2000,3641.0000,3640.0000,3639.8000,3643.2000,3643.4000,3644.0000,3644.8000,3645.4000,1,1,2,3,1,1,4,1,1,1
SF,IF2009,2020-04-24 09:31:43.800,3641.4000,19950,0,71097120.000,1,0,1,多换,S,3641.2000,3641.0000,3640.0000,3639.8000,3636.0000,3643.0000,3643.2000,3643.4000,3644.0000,3644.8000,1,2,3,1,1,3,1,4,1,1
SF,IF2009,2020-04-24 09:31:44.300,3641.4000,19950,0,71097120.000,0,-,-,-,-,3641.2000,3641.0000,3640.0000,3639.8000,3636.0000,3642.8000,3643.0000,3643.4000,3644.0000,3644.8000,1,2,3,1,1,1,3,4,1,1
SF,IF2009,2020-04-24 09:31:44.800,3641.4000,19950,0,71097120.000,0,-,-,-,-,3641.2000,3641.0000,3640.0000,3639.8000,3636.0000,3642.6000,3642.8000,3643.4000,3644.0000,3644.8000,1,2,3,1,3,3,2,4,1,1
SF,IF2009,2020-04-24 09:31:45.800,3642.6000,19949,-1,73282680.000,2,0,2,多平,S,3641.4000,3641.2000,3641.0000,3640.0000,3639.8000,3642.6000,3642.8000,3643.4000,3644.0000,3644.8000,1,1,2,3,1,1,2,4,1,1
SF,IF2009,2020-04-24 09:31:46.300,3641.6000,19949,0,74375160.000,1,0,1,多换,S,3641.6000,3641.2000,3641.0000,3640.0000,3639.8000,3642.8000,3643.4000,3644.0000,3644.8000,3647.2000,2,1,2,3,1,1,4,1,1,7
SF,IF2009,2020-04-24 09:31:46.800,3642.8000,19948,-1,75468000.000,1,0,1,双平,S,3642.6000,3641.6000,3641.2000,3641.0000,3640.0000,3643.4000,3644.0000,3644.8000,3647.2000,3647.4000,1,2,1,2,3,4,1,1,7,2
SF,IF2009,2020-04-24 09:31:47.300,3642.8000,19948,0,75468000.000,0,-,-,-,-,3642.6000,3641.6000,3641.2000,3641.0000,3640.0000,3643.4000,3644.0000,3644.8000,3647.2000,3647.4000,1,1,1,2,3,4,1,1,7,2
SF,IF2009,2020-04-24 09:31:47.800,3642.6000,19948,0,76560780.000,1,0,1,多换,S,3641.6000,3641.2000,3641.0000,3640.0000,3639.8000,3643.4000,3644.0000,3644.8000,3647.2000,3647.4000,1,1,2,3,1,4,1,1,7,2
SF,IF2009,2020-04-24 09:31:48.300,3642.6000,19948,0,76560780.000,0,-,-,-,-,3641.8000,3641.6000,3641.2000,3641.0000,3640.0000,3642.6000,3643.4000,3644.0000,3644.8000,3647.2000,1,1,1,2,3,1,4,1,1,7
SF,IF2009,2020-04-24 09:31:48.800,3642.6000,19947,-1,77653560.000,1,0,1,双平,S,3642.0000,3641.6000,3641.2000,3641.0000,3640.0000,3643.4000,3644.0000,3644.8000,3647.2000,3647.4000,1,1,1,2,3,4,1,1,7,2
SF,IF2009,2020-04-24 09:31:49.300,3642.6000,19947,0,77653560.000,0,-,-,-,-,3642.0000,3641.6000,3641.2000,3641.0000,3640.0000,3643.2000,3643.4000,3644.0000,3644.8000,3647.2000,1,1,1,2,3,1,4,1,1,7
SF,IF2009,2020-04-24 09:31:49.800,3642.6000,19947,0,77653560.000,0,-,-,-,-,3642.2000,3642.0000,3641.6000,3641.2000,3641.0000,3643.4000,3644.0000,3644.8000,3647.2000,3647.4000,1,1,1,1,2,4,1,1,7,2
SF,IF2009,2020-04-24 09:31:50.300,3642.6000,19947,0,77653560.000,0,-,-,-,-,3642.0000,3641.6000,3641.2000,3641.0000,3640.0000,3643.4000,3644.0000,3644.8000,3647.2000,3647.4000,1,1,1,2,3,4,1,1,7,2
SF,IF2009,2020-04-24 09:31:50.800,3642.6000,19947,0,77653560.000,0,-,-,-,-,3642.2000,3642.0000,3641.6000,3641.2000,3641.0000,3643.4000,3644.0000,3644.8000,3647.2000,3647.4000,1,1,1,1,2,4,1,1,7,2
SF,IF2009,2020-04-24 09:31:51.300,3642.4000,19946,-1,78746280.000,1,0,1,双平,S,3642.0000,3641.6000,3641.2000,3641.0000,3640.0000,3643.4000,3644.0000,3647.2000,3647.4000,3647.6000,1,1,1,2,3,4,1,7,2,2
SF,IF2009,2020-04-24 09:31:51.800,3642.4000,19946,0,78746280.000,0,-,-,-,-,3642.0000,3641.6000,3641.2000,3641.0000,3640.0000,3643.2000,3643.4000,3644.0000,3647.2000,3647.4000,1,1,1,2,3,1,4,1,7,2
SF,IF2009,2020-04-24 09:31:52.300,3643.4000,19945,-1,79839300.000,1,0,1,双平,S,3642.0000,3641.6000,3641.2000,3641.0000,3640.0000,3643.4000,3644.0000,3647.2000,3647.4000,3647.6000,1,1,1,2,3,3,1,7,2,2
SF,IF2009,2020-04-24 09:31:55.300,3643.4000,19945,0,79839300.000,0,-,-,-,-,3642.2000,3642.0000,3641.6000,3641.2000,3641.0000,3643.4000,3644.0000,3647.2000,3647.4000,3647.6000,1,1,1,1,2,3,1,7,2,2
SF,IF2009,2020-04-24 09:31:58.800,3643.4000,19942,-3,83118360.000,3,0,3,双平,S,3642.2000,3642.0000,3641.6000,3641.2000,3641.0000,3644.0000,3647.2000,3647.4000,3647.6000,3648.6000,1,5,1,1,2,1,6,2,2,2
SF,IF2009,2020-04-24 09:31:59.300,3643.4000,19942,0,83118360.000,0,-,-,-,-,3642.2000,3642.0000,3641.6000,3641.2000,3641.0000,3647.6000,3648.6000,3649.4000,3650.0000,3652.2000,1,5,1,1,2,2,2,1,7,1
SF,IF2009,2020-04-24 09:31:59.800,3642.4000,19941,-1,84211080.000,1,0,1,双平,S,3642.2000,3642.0000,3641.6000,3641.2000,3641.0000,3647.4000,3647.6000,3647.8000,3648.6000,3649.4000,1,5,1,1,2,9,3,2,2,1
SF,IF2009,2020-04-24 09:32:00.300,3642.4000,19941,0,84211080.000,0,-,-,-,-,3642.2000,3642.0000,3641.6000,3641.2000,3641.0000,3644.8000,3645.0000,3645.2000,3645.4000,3645.6000,1,5,1,1,2,1,2,1,1,1
SF,IF2009,2020-04-24 09:32:00.800,3642.4000,19941,0,84211080.000,0,-,-,-,-,3642.2000,3642.0000,3641.6000,3641.2000,3641.0000,3644.6000,3645.4000,3645.6000,3646.0000,3647.2000,1,5,1,1,2,3,1,1,1,3
SF,IF2009,2020-04-24 09:32:01.300,3642.4000,19941,0,84211080.000,0,-,-,-,-,3642.2000,3642.0000,3641.6000,3641.2000,3641.0000,3644.2000,3644.6000,3644.8000,3645.4000,3645.6000,1,5,1,1,2,1,3,1,1,1
SF,IF2009,2020-04-24 09:32:01.800,3642.4000,19941,0,84211080.000,0,-,-,-,-,3642.2000,3642.0000,3641.2000,3641.0000,3640.0000,3644.0000,3644.8000,3645.4000,3645.6000,3646.0000,1,5,1,2,3,5,1,1,1,1
SF,IF2009,2020-04-24 09:32:02.300,3642.2000,19940,-1,85303740.000,1,0,1,双平,S,3642.0000,3641.2000,3641.0000,3640.0000,3639.8000,3643.6000,3644.0000,3644.8000,3645.4000,3645.6000,5,1,2,3,1,1,4,1,1,1
SF,IF2009,2020-04-24 09:32:02.800,3642.0000,19939,-1,89674140.000,4,1,3,多平,S,3642.0000,3641.2000,3641.0000,3640.0000,3639.8000,3643.4000,3644.8000,3645.4000,3645.6000,3646.0000,1,1,2,3,1,5,1,1,1,1
SF,IF2009,2020-04-24 09:32:03.300,3642.0000,19939,0,90766740.000,1,0,1,多换,S,3641.2000,3641.0000,3640.0000,3639.8000,3636.0000,3643.0000,3643.2000,3643.4000,3644.8000,3645.4000,1,2,3,1,3,1,1,3,1,1
SF,IF2009,2020-04-24 09:32:03.800,3642.0000,19939,0,90766740.000,0,-,-,-,-,3641.2000,3641.0000,3640.0000,3639.8000,3636.0000,3642.6000,3642.8000,3643.0000,3644.8000,3645.4000,1,2,3,1,3,1,4,1,1,1
SF,IF2009,2020-04-24 09:32:04.300,3642.0000,19939,0,90766740.000,0,-,-,-,-,3641.2000,3641.0000,3640.0000,3639.8000,3636.0000,3642.2000,3642.4000,3642.8000,3644.8000,3646.0000,1,2,3,1,3,1,3,2,1,1
SF,IF2009,2020-04-24 09:32:04.800,3642.0000,19939,0,90766740.000,0,-,-,-,-,3641.2000,3641.0000,3640.0000,3639.8000,3636.0000,3642.0000,3642.2000,3642.8000,3644.8000,3646.0000,1,2,3,1,3,1,1,2,1,1
SF,IF2009,2020-04-24 09:32:05.300,3642.0000,19939,0,90766740.000,0,-,-,-,-,3641.2000,3641.0000,3640.0000,3639.8000,3636.0000,3641.8000,3642.8000,3644.8000,3646.0000,3647.2000,1,2,3,1,3,1,2,1,1,3
SF,IF2009,2020-04-24 09:32:05.800,3642.0000,19939,0,90766740.000,0,-,-,-,-,3641.2000,3641.0000,3640.0000,3639.8000,3636.0000,3642.8000,3644.8000,3646.0000,3647.2000,3647.4000,1,2,3,1,3,2,1,1,3,6
SF,IF2009,2020-04-24 09:32:06.300,3642.0000,19939,0,90766740.000,0,-,-,-,-,3641.4000,3641.2000,3641.0000,3640.0000,3639.8000,3642.6000,3642.8000,3644.8000,3647.2000,3647.4000,2,1,2,3,1,1,2,1,3,6
SF,IF2009,2020-04-24 09:32:06.800,3642.0000,19939,0,90766740.000,0,-,-,-,-,3641.6000,3641.4000,3641.2000,3641.0000,3640.0000,3642.4000,3642.8000,3644.8000,3647.2000,3647.4000,1,1,1,2,3,1,2,1,3,6
SF,IF2009,2020-04-24 09:32:07.300,3642.0000,19939,0,90766740.000,0,-,-,-,-,3641.4000,3641.2000,3641.0000,3640.0000,3639.8000,3642.2000,3642.8000,3644.8000,3647.2000,3647.4000,1,1,2,3,1,1,2,1,3,6
SF,IF2009,2020-04-24 09:32:07.800,3642.0000,19939,0,90766740.000,0,-,-,-,-,3641.4000,3641.2000,3641.0000,3640.0000,3639.8000,3642.8000,3644.8000,3647.2000,3647.4000,3647.6000,1,1,2,3,1,2,1,3,6,2
SF,IF2009,2020-04-24 09:32:08.300,3642.0000,19939,0,90766740.000,0,-,-,-,-,3641.4000,3641.2000,3641.0000,3640.0000,3639.8000,3642.6000,3642.8000,3644.8000,3647.2000,3647.4000,1,1,2,3,1,1,1,1,3,6
SF,IF2009,2020-04-24 09:32:08.800,3642.0000,19939,0,90766740.000,0,-,-,-,-,3641.4000,3641.0000,3640.0000,3639.8000,3636.0000,3642.4000,3642.8000,3644.8000,3647.2000,3647.4000,1,2,3,1,3,2,1,1,3,6
SF,IF2009,2020-04-24 09:32:09.300,3642.0000,19939,0,90766740.000,0,-,-,-,-,3641.4000,3641.0000,3640.0000,3639.8000,3636.0000,3642.4000,3642.8000,3644.8000,3647.2000,3647.4000,1,2,3,1,3,1,1,1,3,6
SF,IF2009,2020-04-24 09:32:09.800,3642.0000,19939,0,90766740.000,0,-,-,-,-,3641.4000,3641.0000,3640.0000,3639.8000,3636.0000,3642.8000,3644.8000,3647.2000,3647.4000,3647.6000,1,2,3,1,3,1,1,3,6,2
SF,IF2009,2020-04-24 09:32:10.300,3642.0000,19939,0,90766740.000,0,-,-,-,-,3641.8000,3641.4000,3641.0000,3640.0000,3639.8000,3642.6000,3642.8000,3644.8000,3647.2000,3647.4000,1,1,2,3,1,1,1,1,3,6
SF,IF2009,2020-04-24 09:32:10.800,3642.0000,19939,0,90766740.000,0,-,-,-,-,3642.0000,3641.4000,3641.0000,3640.0000,3639.8000,3642.8000,3644.8000,3647.2000,3647.4000,3647.6000,1,1,2,3,1,1,1,3,6,2
SF,IF2009,2020-04-24 09:32:11.300,3642.6000,19938,-1,91859520.000,1,0,1,双平,S,3642.0000,3641.4000,3641.0000,3640.0000,3639.8000,3644.8000,3647.2000,3647.4000,3647.6000,3648.6000,1,1,2,3,1,1,3,6,2,2
SF,IF2009,2020-04-24 09:32:11.800,3642.6000,19938,0,91859520.000,0,-,-,-,-,3642.0000,3641.4000,3641.0000,3640.0000,3639.8000,3644.4000,3644.6000,3644.8000,3645.0000,3647.2000,1,1,2,3,1,1,3,3,2,3
SF,IF2009,2020-04-24 09:32:12.300,3642.6000,19938,0,91859520.000,0,-,-,-,-,3642.0000,3641.4000,3641.0000,3640.0000,3639.8000,3644.0000,3644.2000,3644.8000,3645.0000,3647.2000,1,1,2,3,1,1,3,3,2,3
SF,IF2009,2020-04-24 09:32:12.800,3642.6000,19938,0,91859520.000,0,-,-,-,-,3642.0000,3641.4000,3641.0000,3640.0000,3639.8000,3643.8000,3644.8000,3645.0000,3647.2000,3647.4000,1,1,2,3,1,6,3,2,3,6
SF,IF2009,2020-04-24 09:32:13.300,3642.6000,19938,0,91859520.000,0,-,-,-,-,3642.0000,3641.4000,3641.0000,3640.0000,3639.8000,3643.6000,3643.8000,3644.0000,3644.8000,3645.0000,1,1,2,3,1,1,5,1,3,2
SF,IF2009,2020-04-24 09:32:13.800,3642.6000,19938,0,91859520.000,0,-,-,-,-,3642.0000,3641.4000,3641.0000,3640.0000,3639.8000,3643.4000,3643.6000,3643.8000,3644.8000,3645.0000,1,1,2,3,1,4,1,2,3,2
SF,IF2009,2020-04-24 09:32:14.300,3642.6000,19938,0,91859520.000,0,-,-,-,-,3642.0000,3641.4000,3641.0000,3640.0000,3639.8000,3643.2000,3643.4000,3643.8000,3644.8000,3645.0000,1,1,2,3,1,1,5,1,3,2
SF,IF2009,2020-04-24 09:32:14.800,3642.6000,19938,0,91859520.000,0,-,-,-,-,3642.0000,3641.4000,3641.0000,3640.0000,3639.8000,3643.0000,3643.2000,3643.4000,3643.8000,3644.8000,1,1,2,3,1,3,1,1,1,3
SF,IF2009,2020-04-24 09:32:15.300,3642.0000,19937,-1,92952120.000,1,0,1,双平,S,3641.4000,3641.0000,3640.0000,3639.8000,3636.0000,3642.0000,3643.0000,3643.2000,3643.4000,3643.8000,1,2,3,1,3,1,3,1,1,1
SF,IF2009,2020-04-24 09:32:15.800,3642.0000,19936,-1,94044720.000,1,0,1,双平,S,3641.6000,3641.4000,3641.0000,3640.0000,3639.8000,3643.0000,3643.2000,3643.4000,3643.8000,3644.8000,1,1,2,3,1,2,1,1,1,3
SF,IF2009,2020-04-24 09:32:16.300,3642.0000,19936,0,94044720.000,0,-,-,-,-,3641.8000,3641.4000,3641.0000,3640.0000,3639.8000,3643.0000,3643.2000,3643.8000,3644.8000,3645.0000,1,1,2,3,1,2,1,1,3,2
SF,IF2009,2020-04-24 09:32:16.800,3642.0000,19936,0,94044720.000,0,-,-,-,-,3641.4000,3641.0000,3640.0000,3639.8000,3636.0000,3642.8000,3643.0000,3643.2000,3643.8000,3644.8000,1,2,3,1,3,1,1,1,1,3
SF,IF2009,2020-04-24 09:32:17.300,3642.0000,19936,0,94044720.000,0,-,-,-,-,3641.8000,3641.6000,3641.4000,3641.0000,3640.0000,3643.0000,3643.2000,3643.8000,3644.8000,3645.0000,1,1,1,2,3,1,1,1,3,2
SF,IF2009,2020-04-24 09:32:17.800,3642.0000,19936,0,94044720.000,0,-,-,-,-,3641.8000,3641.4000,3641.0000,3640.0000,3639.8000,3643.2000,3643.8000,3644.8000,3645.0000,3647.2000,2,1,2,3,1,1,1,3,2,3
SF,IF2009,2020-04-24 09:32:18.800,3642.0000,19936,0,94044720.000,0,-,-,-,-,3642.0000,3641.8000,3641.4000,3641.0000,3640.0000,3643.2000,3643.8000,3644.8000,3645.0000,3647.2000,1,1,1,2,3,1,1,3,2,3
SF,IF2009,2020-04-24 09:32:19.300,3642.0000,19936,0,94044720.000,0,-,-,-,-,3641.8000,3641.4000,3641.0000,3640.0000,3639.8000,3642.0000,3643.0000,3643.2000,3643.8000,3644.8000,1,1,2,3,1,1,1,1,1,3
SF,IF2009,2020-04-24 09:32:19.800,3642.0000,19935,-1,95137320.000,1,0,1,双平,S,3641.8000,3641.4000,3641.0000,3640.0000,3639.8000,3643.2000,3643.8000,3644.8000,3645.0000,3647.2000,1,1,2,3,1,1,1,3,2,3
SF,IF2009,2020-04-24 09:32:20.300,3642.0000,19935,0,95137320.000,0,-,-,-,-,3642.0000,3641.8000,3641.4000,3641.0000,3640.0000,3643.2000,3643.8000,3644.8000,3645.0000,3647.2000,1,1,1,2,3,1,1,3,2,3
SF,IF2009,2020-04-24 09:32:20.800,3642.0000,19935,0,96229920.000,1,0,1,多换,S,3641.8000,3641.4000,3641.0000,3640.0000,3639.8000,3643.2000,3643.8000,3644.8000,3645.0000,3647.2000,1,1,2,3,1,1,1,2,2,3
SF,IF2009,2020-04-24 09:32:21.300,3642.0000,19935,0,96229920.000,0,-,-,-,-,3642.0000,3641.8000,3641.4000,3641.0000,3640.0000,3643.2000,3643.8000,3644.8000,3645.0000,3647.2000,1,1,1,2,3,1,1,2,2,3
SF,IF2009,2020-04-24 09:32:21.800,3642.0000,19935,0,96229920.000,0,-,-,-,-,3641.8000,3641.4000,3641.0000,3640.0000,3639.8000,3643.2000,3643.8000,3644.8000,3645.0000,3647.2000,1,1,2,3,1,1,1,2,2,3
SF,IF2009,2020-04-24 09:32:22.300,3642.0000,19935,0,96229920.000,0,-,-,-,-,3642.0000,3641.8000,3641.4000,3641.0000,3640.0000,3643.2000,3643.8000,3644.8000,3645.0000,3647.2000,1,1,1,2,3,1,1,2,2,3
SF,IF2009,2020-04-24 09:32:22.800,3643.2000,19934,-1,97322880.000,1,0,1,双平,S,3642.2000,3641.8000,3641.4000,3641.0000,3640.0000,3647.2000,3647.4000,3647.6000,3648.6000,3649.4000,1,1,1,2,3,3,6,2,2,1
SF,IF2009,2020-04-24 09:32:23.300,3643.2000,19934,0,97322880.000,0,-,-,-,-,3641.8000,3641.4000,3641.0000,3640.0000,3639.8000,3642.0000,3645.6000,3645.8000,3647.0000,3647.6000,1,1,3,3,1,1,1,1,6,2
SF,IF2009,2020-04-24 09:32:23.800,3642.0000,19934,0,98415480.000,1,0,1,多换,S,3643.2000,3642.0000,3641.8000,3641.4000,3641.0000,3645.6000,3646.4000,3647.0000,3647.6000,3648.6000,1,5,1,1,3,1,1,6,2,2
SF,IF2009,2020-04-24 09:32:24.300,3643.2000,19934,0,99508440.000,1,0,1,多换,S,3642.0000,3641.8000,3641.4000,3641.0000,3640.0000,3644.8000,3645.2000,3645.4000,3645.6000,3646.4000,3,1,1,3,3,1,2,4,1,1
SF,IF2009,2020-04-24 09:32:24.800,3643.2000,19934,0,99508440.000,0,-,-,-,-,3642.0000,3641.8000,3641.4000,3641.0000,3640.0000,3643.2000,3644.4000,3644.6000,3644.8000,3645.0000,3,1,1,3,3,1,2,3,2,2
SF,IF2009,2020-04-24 09:32:25.300,3643.2000,19934,0,99508440.000,0,-,-,-,-,3642.0000,3641.8000,3641.4000,3641.0000,3640.0000,3643.0000,3643.2000,3644.6000,3644.8000,3645.0000,3,1,1,3,3,1,1,3,2,2
SF,IF2009,2020-04-24 09:32:25.800,3642.0000,19934,0,100601040.000,1,0,1,多换,S,3642.0000,3641.8000,3641.4000,3641.0000,3640.0000,3643.0000,3644.6000,3644.8000,3645.0000,3645.4000,2,1,1,3,3,1,3,2,3,1
SF,IF2009,2020-04-24 09:32:26.300,3642.0000,19934,0,100601040.000,0,-,-,-,-,3642.0000,3641.8000,3641.4000,3641.0000,3640.0000,3643.0000,3644.0000,3644.6000,3644.8000,3645.0000,2,1,1,3,3,1,1,3,2,2
SF,IF2009,2020-04-24 09:32:26.800,3642.0000,19934,0,100601040.000,0,-,-,-,-,3641.8000,3641.4000,3641.0000,3640.0000,3639.8000,3642.8000,3644.0000,3644.6000,3644.8000,3645.0000,1,1,3,3,1,2,1,3,2,2
SF,IF2009,2020-04-24 09:32:27.300,3642.0000,19934,0,100601040.000,0,-,-,-,-,3641.8000,3641.4000,3641.0000,3640.0000,3639.8000,3642.8000,3644.0000,3644.6000,3644.8000,3645.0000,1,1,3,3,1,2,1,3,2,2
SF,IF2009,2020-04-24 09:32:27.800,3642.8000,19934,0,101693880.000,1,0,1,多换,S,3641.8000,3641.4000,3641.0000,3640.0000,3639.8000,3642.8000,3644.0000,3644.6000,3644.8000,3645.0000,1,1,3,3,1,1,1,3,2,2
SF,IF2009,2020-04-24 09:32:28.800,3641.8000,19934,0,102786420.000,1,0,1,多换,S,3641.4000,3641.0000,3640.0000,3639.8000,3636.0000,3642.6000,3644.0000,3644.6000,3644.8000,3645.0000,1,3,3,1,3,1,1,3,2,2
SF,IF2009,2020-04-24 09:32:29.300,3642.4000,19935,1,103879140.000,1,1,0,双开,S,3641.4000,3641.0000,3640.0000,3639.8000,3636.0000,3642.4000,3644.0000,3644.6000,3644.8000,3645.0000,1,3,3,1,3,2,1,3,2,2
SF,IF2009,2020-04-24 09:32:29.800,3641.4000,19935,0,104971560.000,1,0,1,多换,S,3641.0000,3640.0000,3639.8000,3636.0000,3634.0000,3642.2000,3642.4000,3644.0000,3644.6000,3644.8000,3,3,1,3,1,1,1,1,3,2
SF,IF2009,2020-04-24 09:32:30.300,3641.4000,19935,0,104971560.000,0,-,-,-,-,3641.0000,3640.0000,3639.8000,3636.0000,3634.0000,3641.4000,3642.0000,3644.0000,3644.6000,3644.8000,3,3,1,3,1,1,2,1,3,2
SF,IF2009,2020-04-24 09:32:30.800,3641.0000,19933,-2,108248460.000,3,0,3,多平,S,3640.0000,3639.8000,3636.0000,3634.0000,3632.0000,3641.0000,3644.0000,3644.6000,3644.8000,3645.0000,3,1,3,1,2,3,1,3,2,2
SF,IF2009,2020-04-24 09:32:31.300,3641.0000,19933,0,108248460.000,0,-,-,-,-,3640.0000,3639.8000,3636.0000,3634.0000,3632.0000,3640.6000,3641.0000,3644.0000,3644.6000,3644.8000,3,1,3,1,2,1,3,1,3,2
SF,IF2009,2020-04-24 09:32:31.800,3641.0000,19933,0,108248460.000,0,-,-,-,-,3640.0000,3639.8000,3636.0000,3634.0000,3632.0000,3640.6000,3644.0000,3644.6000,3644.8000,3645.0000,3,1,3,1,2,1,1,3,2,2
SF,IF2009,2020-04-24 09:32:32.300,3641.0000,19933,0,108248460.000,0,-,-,-,-,3640.0000,3639.8000,3636.0000,3634.0000,3632.0000,3644.0000,3644.6000,3644.8000,3645.0000,3646.4000,3,1,3,1,2,1,3,1,2,1
SF,IF2009,2020-04-24 09:32:32.800,3641.0000,19933,0,109340760.000,1,0,1,多换,S,3640.0000,3639.8000,3636.0000,3634.0000,3632.0000,3641.4000,3641.8000,3642.0000,3642.6000,3643.2000,3,1,3,1,2,1,1,1,1,3
SF,IF2009,2020-04-24 09:32:33.300,3641.0000,19933,0,109340760.000,0,-,-,-,-,3640.0000,3639.8000,3636.0000,3634.0000,3632.0000,3641.0000,3641.2000,3641.4000,3642.0000,3642.6000,3,1,3,1,2,1,3,1,1,1
SF,IF2009,2020-04-24 09:32:33.800,3641.0000,19933,0,109340760.000,0,-,-,-,-,3640.0000,3639.8000,3636.0000,3634.0000,3632.0000,3640.8000,3641.4000,3642.0000,3642.6000,3643.2000,3,1,3,1,2,4,1,1,1,3
SF,IF2009,2020-04-24 09:32:34.300,3640.8000,19931,-2,111525240.000,2,0,2,双平,S,3640.0000,3639.8000,3636.0000,3634.0000,3632.0000,3642.0000,3642.6000,3643.2000,3643.6000,3643.8000,3,1,3,1,2,1,1,3,6,1
SF,IF2009,2020-04-24 09:32:34.800,3640.8000,19931,0,111525240.000,0,-,-,-,-,3640.0000,3639.8000,3636.0000,3634.0000,3632.0000,3641.8000,3642.0000,3642.6000,3643.2000,3643.6000,3,1,3,1,2,5,1,1,3,6
SF,IF2009,2020-04-24 09:32:35.300,3640.8000,19931,0,111525240.000,0,-,-,-,-,3640.0000,3639.8000,3636.0000,3634.0000,3632.0000,3641.4000,3641.8000,3642.0000,3642.6000,3643.2000,3,1,3,1,2,1,5,1,1,3
SF,IF2009,2020-04-24 09:32:35.800,3640.8000,19931,0,111525240.000,0,-,-,-,-,3640.0000,3639.8000,3636.0000,3634.0000,3632.0000,3641.2000,3641.8000,3642.0000,3642.6000,3643.2000,3,1,3,1,2,2,2,1,1,3
SF,IF2009,2020-04-24 09:32:36.300,3640.8000,19931,0,111525240.000,0,-,-,-,-,3640.2000,3640.0000,3639.8000,3636.0000,3634.0000,3641.2000,3641.8000,3642.0000,3642.6000,3643.2000,1,3,1,3,1,2,1,1,1,3
SF,IF2009,2020-04-24 09:32:36.800,3640.8000,19931,0,111525240.000,0,-,-,-,-,3640.2000,3640.0000,3639.8000,3636.0000,3634.0000,3641.8000,3642.0000,3642.6000,3643.2000,3643.6000,1,3,1,3,1,1,1,1,3,6
SF,IF2009,2020-04-24 09:32:37.300,3640.8000,19931,0,111525240.000,0,-,-,-,-,3640.0000,3639.8000,3636.0000,3634.0000,3632.0000,3641.4000,3641.6000,3641.8000,3642.0000,3642.6000,3,1,3,1,2,1,4,1,1,1
SF,IF2009,2020-04-24 09:32:37.800,3640.8000,19931,0,111525240.000,0,-,-,-,-,3640.0000,3639.8000,3636.0000,3634.0000,3632.0000,3641.2000,3641.8000,3642.0000,3642.6000,3643.2000,3,1,3,1,2,2,1,1,1,3
SF,IF2009,2020-04-24 09:32:38.300,3640.8000,19931,0,111525240.000,0,-,-,-,-,3640.2000,3640.0000,3639.8000,3636.0000,3634.0000,3641.2000,3641.8000,3642.0000,3642.6000,3643.2000,1,3,1,3,1,2,1,1,1,3
SF,IF2009,2020-04-24 09:32:38.800,3640.8000,19931,0,111525240.000,0,-,-,-,-,3640.0000,3639.8000,3636.0000,3634.0000,3632.0000,3641.2000,3641.4000,3641.8000,3642.0000,3642.6000,3,1,3,1,2,2,1,1,1,1
SF,IF2009,2020-04-24 09:32:39.300,3640.8000,19931,0,111525240.000,0,-,-,-,-,3640.2000,3640.0000,3639.8000,3636.0000,3634.0000,3641.2000,3641.8000,3642.0000,3642.6000,3643.2000,1,3,1,3,1,2,1,1,1,3
SF,IF2009,2020-04-24 09:32:39.800,3640.8000,19931,0,111525240.000,0,-,-,-,-,3640.2000,3640.0000,3639.8000,3636.0000,3634.0000,3641.2000,3641.4000,3641.8000,3642.0000,3642.6000,1,3,1,3,1,1,1,1,1,1
SF,IF2009,2020-04-24 09:32:40.300,3640.8000,19931,0,111525240.000,0,-,-,-,-,3640.0000,3639.8000,3636.0000,3634.0000,3632.0000,3641.2000,3641.4000,3641.8000,3642.0000,3642.6000,3,1,3,1,3,1,1,1,1,1
SF,IF2009,2020-04-24 09:32:40.800,3640.8000,19931,0,111525240.000,0,-,-,-,-,3640.0000,3639.8000,3639.0000,3636.0000,3634.0000,3641.0000,3641.2000,3641.4000,3641.8000,3642.0000,3,1,1,3,1,1,1,1,1,1
SF,IF2009,2020-04-24 09:32:41.300,3640.8000,19931,0,111525240.000,0,-,-,-,-,3640.0000,3639.8000,3639.0000,3636.0000,3634.0000,3640.8000,3641.0000,3641.4000,3641.8000,3642.0000,3,1,1,3,1,1,1,1,1,1
SF,IF2009,2020-04-24 09:32:41.800,3640.8000,19930,-1,112617480.000,1,0,1,双平,S,3640.0000,3639.8000,3639.0000,3636.0000,3634.0000,3641.0000,3641.8000,3642.0000,3642.6000,3643.2000,3,1,1,3,1,1,1,1,1,3
SF,IF2009,2020-04-24 09:32:42.300,3640.8000,19930,0,112617480.000,0,-,-,-,-,3640.2000,3640.0000,3639.8000,3639.0000,3636.0000,3641.8000,3642.0000,3642.6000,3643.2000,3643.6000,2,3,1,1,3,1,1,1,3,6
SF,IF2009,2020-04-24 09:32:42.800,3640.8000,19930,0,112617480.000,0,-,-,-,-,3640.4000,3640.2000,3640.0000,3639.8000,3639.0000,3642.0000,3643.2000,3643.6000,3644.8000,3645.0000,1,1,3,1,1,1,3,6,1,2
SF,IF2009,2020-04-24 09:32:43.300,3640.8000,19930,0,112617480.000,0,-,-,-,-,3640.6000,3640.0000,3639.8000,3639.0000,3636.0000,3643.2000,3644.8000,3645.0000,3647.6000,3648.6000,2,3,1,1,3,3,1,2,2,2
SF,IF2009,2020-04-24 09:32:43.800,3640.8000,19930,0,112617480.000,0,-,-,-,-,3640.0000,3639.8000,3639.0000,3636.0000,3634.0000,3642.8000,3643.0000,3643.2000,3644.8000,3645.0000,3,1,1,3,1,2,4,3,1,2
SF,IF2009,2020-04-24 09:32:44.300,3640.8000,19930,0,112617480.000,0,-,-,-,-,3640.8000,3640.0000,3639.8000,3639.0000,3636.0000,3642.6000,3642.8000,3643.0000,3643.2000,3644.8000,1,3,1,1,3,3,2,1,3,1
SF,IF2009,2020-04-24 09:32:44.800,3640.8000,19930,0,112617480.000,0,-,-,-,-,3641.0000,3640.8000,3640.0000,3639.8000,3639.0000,3642.4000,3642.6000,3642.8000,3643.0000,3643.2000,1,1,3,1,1,1,3,2,1,3
SF,IF2009,2020-04-24 09:32:45.300,3640.8000,19930,0,112617480.000,0,-,-,-,-,3640.8000,3640.0000,3639.8000,3639.0000,3636.0000,3642.2000,3642.6000,3642.8000,3643.0000,3643.2000,1,3,1,1,3,2,1,2,1,3
SF,IF2009,2020-04-24 09:32:45.800,3643.0000,19926,-4,116988540.000,4,0,4,双平,S,3641.0000,3640.8000,3640.0000,3639.8000,3639.0000,3643.2000,3644.8000,3645.0000,3647.6000,3648.6000,1,1,3,1,1,3,1,2,2,2
SF,IF2009,2020-04-24 09:32:46.300,3643.2000,19923,-3,120267420.000,3,0,3,双平,S,3641.4000,3640.8000,3640.0000,3639.8000,3639.0000,3644.8000,3645.0000,3647.6000,3648.6000,3649.4000,1,1,3,1,1,1,2,2,2,1
SF,IF2009,2020-04-24 09:32:46.800,3643.2000,19923,0,120267420.000,0,-,-,-,-,3640.0000,3639.8000,3639.0000,3636.0000,3634.0000,3644.6000,3644.8000,3645.0000,3647.6000,3648.6000,3,1,1,3,1,2,3,2,2,2
SF,IF2009,2020-04-24 09:32:47.300,3643.2000,19923,0,120267420.000,0,-,-,-,-,3641.8000,3641.0000,3640.8000,3640.2000,3640.0000,3644.6000,3644.8000,3645.0000,3647.6000,3648.6000,1,1,1,3,3,2,3,2,2,2
SF,IF2009,2020-04-24 09:32:47.800,3643.2000,19923,0,120267420.000,0,-,-,-,-,3641.8000,3641.0000,3640.8000,3640.2000,3640.0000,3644.2000,3644.4000,3644.6000,3644.8000,3645.0000,1,1,1,3,2,1,1,2,3,2
SF,IF2009,2020-04-24 09:32:48.300,3643.2000,19923,0,120267420.000,0,-,-,-,-,3641.8000,3641.0000,3640.8000,3640.2000,3640.0000,3643.8000,3644.0000,3644.4000,3644.8000,3645.0000,1,1,1,3,2,2,2,1,3,2
SF,IF2009,2020-04-24 09:32:48.800,3643.2000,19923,0,120267420.000,0,-,-,-,-,3642.0000,3641.8000,3641.0000,3640.8000,3640.2000,3643.6000,3643.8000,3644.0000,3644.8000,3645.0000,2,1,1,1,3,1,1,2,2,2
SF,IF2009,2020-04-24 09:32:49.300,3643.2000,19923,0,120267420.000,0,-,-,-,-,3642.2000,3642.0000,3641.8000,3641.0000,3640.8000,3644.0000,3644.8000,3645.0000,3647.6000,3648.6000,1,1,1,1,1,2,2,2,2,2
SF,IF2009,2020-04-24 09:32:49.800,3642.4000,19922,-1,121360140.000,1,0,1,双平,S,3641.8000,3641.0000,3640.8000,3640.2000,3640.0000,3643.8000,3644.0000,3644.8000,3645.0000,3647.6000,1,1,1,2,2,1,1,2,2,2
SF,IF2009,2020-04-24 09:32:50.300,3642.4000,19922,0,121360140.000,0,-,-,-,-,3642.4000,3641.0000,3640.8000,3640.2000,3640.0000,3643.6000,3644.8000,3645.0000,3647.6000,3648.6000,1,1,1,2,2,2,2,2,2,2
SF,IF2009,2020-04-24 09:32:50.800,3642.4000,19922,0,121360140.000,0,-,-,-,-,3642.4000,3641.0000,3640.8000,3640.2000,3640.0000,3643.4000,3643.6000,3644.8000,3645.0000,3647.6000,1,1,1,2,2,1,2,2,2,2
SF,IF2009,2020-04-24 09:32:51.300,3642.4000,19922,0,121360140.000,0,-,-,-,-,3642.4000,3641.0000,3640.8000,3640.2000,3640.0000,3643.2000,3643.4000,3643.6000,3644.8000,3645.0000,1,1,1,2,2,1,1,1,2,2
SF,IF2009,2020-04-24 09:32:51.800,3642.4000,19922,0,121360140.000,0,-,-,-,-,3642.4000,3641.0000,3640.8000,3640.2000,3640.0000,3644.8000,3645.0000,3647.6000,3648.6000,3649.4000,1,1,1,3,2,2,2,2,2,1
SF,IF2009,2020-04-24 09:32:52.300,3642.4000,19922,0,121360140.000,0,-,-,-,-,3642.4000,3641.0000,3640.8000,3640.2000,3640.0000,3644.6000,3644.8000,3645.0000,3647.6000,3648.6000,1,1,1,3,2,1,2,2,2,2
SF,IF2009,2020-04-24 09:32:52.800,3642.4000,19922,0,121360140.000,0,-,-,-,-,3642.4000,3641.0000,3640.8000,3640.2000,3640.0000,3644.6000,3644.8000,3645.0000,3647.6000,3648.6000,1,1,1,3,2,1,2,2,2,2
SF,IF2009,2020-04-24 09:32:53.300,3642.4000,19922,0,121360140.000,0,-,-,-,-,3642.4000,3641.0000,3640.8000,3640.2000,3640.0000,3644.4000,3644.6000,3644.8000,3645.0000,3647.6000,1,1,1,3,2,1,1,2,2,2
SF,IF2009,2020-04-24 09:32:53.800,3642.4000,19922,0,121360140.000,0,-,-,-,-,3642.4000,3641.0000,3640.8000,3640.2000,3640.0000,3644.2000,3644.4000,3644.8000,3645.0000,3647.6000,1,1,1,3,2,2,1,2,2,2
SF,IF2009,2020-04-24 09:32:54.300,3642.4000,19922,0,121360140.000,0,-,-,-,-,3642.4000,3641.0000,3640.8000,3640.2000,3640.0000,3644.2000,3644.4000,3644.8000,3645.0000,3647.6000,1,1,1,3,2,2,1,2,2,2
SF,IF2009,2020-04-24 09:32:54.800,3642.4000,19921,-1,122452860.000,1,0,1,双平,S,3641.0000,3640.8000,3640.2000,3640.0000,3639.8000,3644.0000,3644.2000,3644.8000,3645.0000,3647.6000,1,1,3,2,1,2,2,2,2,2
SF,IF2009,2020-04-24 09:32:55.300,3642.4000,19921,0,122452860.000,0,-,-,-,-,3641.6000,3641.2000,3641.0000,3640.8000,3640.2000,3643.8000,3644.0000,3644.4000,3644.8000,3645.0000,1,1,1,1,2,1,1,1,2,2
SF,IF2009,2020-04-24 09:32:55.800,3642.4000,19921,0,122452860.000,0,-,-,-,-,3642.4000,3641.2000,3641.0000,3640.8000,3640.2000,3643.4000,3643.8000,3644.4000,3644.8000,3645.0000,1,1,1,1,2,1,1,1,2,2
SF,IF2009,2020-04-24 09:32:56.300,3642.4000,19921,0,122452860.000,0,-,-,-,-,3642.4000,3641.2000,3641.0000,3640.8000,3640.2000,3643.8000,3644.4000,3644.8000,3645.0000,3647.6000,1,1,1,1,2,1,1,2,2,2
SF,IF2009,2020-04-24 09:32:56.800,3642.4000,19921,0,122452860.000,0,-,-,-,-,3642.4000,3641.2000,3641.0000,3640.8000,3640.2000,3643.6000,3644.4000,3644.8000,3645.0000,3647.6000,1,1,1,1,2,1,1,2,2,2
SF,IF2009,2020-04-24 09:32:57.300,3642.4000,19921,0,122452860.000,0,-,-,-,-,3642.6000,3642.4000,3641.2000,3641.0000,3640.8000,3643.4000,3644.4000,3644.8000,3645.0000,3647.6000,1,1,1,1,1,1,1,2,2,2
SF,IF2009,2020-04-24 09:32:57.800,3642.4000,19921,0,122452860.000,0,-,-,-,-,3642.4000,3641.2000,3641.0000,3640.8000,3640.2000,3644.4000,3644.8000,3645.0000,3647.6000,3648.6000,1,1,1,1,3,1,1,2,2,2
SF,IF2009,2020-04-24 09:32:58.300,3642.4000,19921,0,122452860.000,0,-,-,-,-,3642.6000,3642.4000,3641.2000,3641.0000,3640.8000,3644.2000,3644.8000,3645.0000,3647.6000,3648.6000,1,1,1,1,1,1,1,2,2,2
SF,IF2009,2020-04-24 09:32:58.800,3642.4000,19921,0,122452860.000,0,-,-,-,-,3643.2000,3642.8000,3642.4000,3641.2000,3641.0000,3644.0000,3644.8000,3647.6000,3648.6000,3649.4000,1,2,1,1,1,1,1,2,2,1
SF,IF2009,2020-04-24 09:32:59.300,3644.0000,19920,-1,123546060.000,1,0,1,双平,S,3644.0000,3643.2000,3642.8000,3642.4000,3641.2000,3647.6000,3648.6000,3649.4000,3650.0000,3652.2000,2,3,1,1,2,2,2,1,2,1
SF,IF2009,2020-04-24 09:32:59.800,3644.0000,19918,-2,125732460.000,2,0,2,双平,S,3642.4000,3641.2000,3640.2000,3640.0000,3639.8000,3644.0000,3644.6000,3644.8000,3645.0000,3645.2000,1,2,3,2,1,2,1,2,2,1
SF,IF2009,2020-04-24 09:33:00.300,3644.0000,19918,0,125732460.000,0,-,-,-,-,3642.6000,3642.4000,3641.2000,3640.2000,3640.0000,3644.0000,3644.8000,3645.0000,3645.2000,3646.4000,2,1,2,3,2,2,1,2,1,1
SF,IF2009,2020-04-24 09:33:00.800,3644.0000,19916,-2,127918860.000,2,0,2,双平,S,3642.6000,3642.4000,3641.2000,3640.2000,3640.0000,3644.8000,3645.0000,3645.2000,3646.4000,3647.2000,1,1,2,3,2,1,2,1,1,6
SF,IF2009,2020-04-24 09:33:01.300,3644.0000,19916,0,127918860.000,0,-,-,-,-,3642.8000,3642.4000,3641.2000,3640.2000,3640.0000,3644.4000,3644.6000,3644.8000,3645.0000,3645.2000,1,1,2,3,2,1,1,2,2,1
SF,IF2009,2020-04-24 09:33:01.800,3644.0000,19916,0,127918860.000,0,-,-,-,-,3642.8000,3642.4000,3641.2000,3640.2000,3640.0000,3644.2000,3644.8000,3645.0000,3645.2000,3646.4000,1,1,2,3,2,3,2,2,1,1
SF,IF2009,2020-04-24 09:33:02.300,3644.0000,19916,0,127918860.000,0,-,-,-,-,3642.8000,3641.2000,3640.2000,3640.0000,3639.8000,3643.8000,3644.2000,3644.8000,3645.0000,3645.2000,1,2,3,2,1,1,2,2,2,1
SF,IF2009,2020-04-24 09:33:02.800,3644.0000,19916,0,127918860.000,0,-,-,-,-,3643.0000,3642.8000,3641.2000,3640.2000,3640.0000,3644.8000,3645.0000,3645.2000,3646.4000,3647.2000,1,1,2,3,2,1,2,1,1,6
SF,IF2009,2020-04-24 09:33:03.300,3643.2000,19914,-2,130104780.000,2,0,2,双平,S,3643.2000,3642.8000,3642.0000,3641.2000,3640.2000,3644.6000,3644.8000,3646.4000,3647.2000,3647.4000,2,1,1,2,3,1,1,1,6,3
SF,IF2009,2020-04-24 09:33:03.800,3643.2000,19914,0,130104780.000,0,-,-,-,-,3643.6000,3643.2000,3642.8000,3642.0000,3641.2000,3646.4000,3647.2000,3647.4000,3647.6000,3648.6000,1,4,1,1,2,1,6,2,2,2
SF,IF2009,2020-04-24 09:33:04.300,3643.2000,19914,0,130104780.000,0,-,-,-,-,3643.2000,3642.8000,3642.0000,3641.2000,3640.2000,3646.0000,3646.2000,3647.4000,3647.6000,3648.6000,3,1,1,2,3,1,1,1,2,2
SF,IF2009,2020-04-24 09:33:04.800,3643.2000,19914,0,130104780.000,0,-,-,-,-,3644.0000,3643.4000,3643.2000,3642.8000,3642.0000,3645.8000,3647.0000,3647.4000,3647.6000,3648.6000,1,1,3,1,1,1,1,1,2,2
SF,IF2009,2020-04-24 09:33:05.300,3643.4000,19914,0,132290820.000,2,1,1,多换,S,3644.2000,3643.2000,3642.8000,3642.0000,3641.2000,3645.6000,3645.8000,3647.0000,3647.4000,3647.6000,1,3,1,1,1,1,1,1,1,2
SF,IF2009,2020-04-24 09:33:05.800,3643.4000,19914,0,132290820.000,0,-,-,-,-,3643.2000,3642.8000,3642.0000,3641.2000,3640.2000,3644.0000,3644.2000,3645.2000,3645.4000,3647.0000,3,1,1,1,3,1,1,1,2,1
SF,IF2009,2020-04-24 09:33:06.300,3644.0000,19913,-1,133384020.000,1,0,1,双平,S,3642.8000,3642.0000,3641.2000,3640.2000,3640.0000,3645.4000,3647.0000,3647.4000,3647.6000,3648.6000,1,1,1,3,2,1,1,1,2,2
SF,IF2009,2020-04-24 09:33:06.800,3644.0000,19913,0,133384020.000,0,-,-,-,-,3642.8000,3642.0000,3641.2000,3640.2000,3640.0000,3645.0000,3645.4000,3647.0000,3647.4000,3647.6000,1,1,1,3,2,1,1,1,1,2
SF,IF2009,2020-04-24 09:33:07.300,3644.0000,19913,0,133384020.000,0,-,-,-,-,3642.8000,3642.0000,3641.2000,3640.2000,3640.0000,3644.8000,3645.0000,3647.0000,3647.4000,3647.6000,1,1,1,3,2,2,1,1,1,2
SF,IF2009,2020-04-24 09:33:07.800,3644.0000,19913,0,133384020.000,0,-,-,-,-,3643.2000,3643.0000,3642.8000,3642.0000,3641.2000,3644.6000,3644.8000,3645.0000,3647.0000,3647.4000,1,1,1,1,1,1,2,1,1,1
SF,IF2009,2020-04-24 09:33:08.300,3644.0000,19913,0,133384020.000,0,-,-,-,-,3642.8000,3642.0000,3641.2000,3640.2000,3640.0000,3644.2000,3644.8000,3647.0000,3647.4000,3647.6000,1,1,1,3,2,2,3,1,1,2
SF,IF2009,2020-04-24 09:33:08.800,3644.0000,19913,0,133384020.000,0,-,-,-,-,3643.2000,3643.0000,3642.8000,3642.0000,3641.2000,3644.8000,3647.0000,3647.4000,3647.6000,3648.6000,3,1,1,1,1,2,1,1,2,2
SF,IF2009,2020-04-24 09:33:09.300,3644.0000,19913,0,133384020.000,0,-,-,-,-,3642.8000,3642.0000,3641.2000,3640.2000,3640.0000,3644.6000,3644.8000,3647.0000,3647.4000,3647.6000,1,1,1,3,2,3,3,1,1,2
SF,IF2009,2020-04-24 09:33:09.800,3644.0000,19913,0,133384020.000,0,-,-,-,-,3643.2000,3643.0000,3642.8000,3642.0000,3641.2000,3644.2000,3644.6000,3644.8000,3647.0000,3647.4000,1,1,1,1,1,2,3,3,1,1
SF,IF2009,2020-04-24 09:33:10.300,3644.0000,19913,0,133384020.000,0,-,-,-,-,3642.8000,3642.0000,3641.2000,3640.2000,3640.0000,3644.2000,3644.8000,3647.0000,3647.4000,3647.6000,1,1,1,3,2,2,2,1,1,2
SF,IF2009,2020-04-24 09:33:10.800,3644.0000,19913,0,133384020.000,0,-,-,-,-,3643.0000,3642.8000,3642.0000,3641.2000,3640.2000,3644.2000,3644.8000,3647.0000,3647.4000,3647.6000,1,1,1,1,3,2,2,1,1,2
SF,IF2009,2020-04-24 09:33:11.300,3644.0000,19913,0,133384020.000,0,-,-,-,-,3643.2000,3642.8000,3642.0000,3641.2000,3640.2000,3644.2000,3644.8000,3647.0000,3647.4000,3647.6000,4,1,1,1,3,2,2,1,1,2
SF,IF2009,2020-04-24 09:33:11.800,3644.0000,19913,0,133384020.000,0,-,-,-,-,3643.2000,3642.8000,3642.0000,3640.2000,3640.0000,3644.2000,3644.8000,3647.0000,3647.4000,3647.6000,4,1,1,3,2,2,2,1,1,2
SF,IF2009,2020-04-24 09:33:12.800,3644.0000,19913,0,133384020.000,0,-,-,-,-,3644.0000,3643.2000,3642.8000,3642.0000,3640.2000,3644.2000,3644.8000,3647.0000,3647.4000,3647.6000,1,4,1,1,3,2,2,1,1,2
SF,IF2009,2020-04-24 09:33:13.300,3644.0000,19912,-1,134477220.000,1,0,1,双平,S,3643.2000,3642.8000,3642.0000,3640.2000,3640.0000,3644.2000,3644.8000,3647.0000,3647.4000,3647.6000,3,1,2,3,2,2,1,1,1,2
SF,IF2009,2020-04-24 09:33:13.800,3644.0000,19912,0,134477220.000,0,-,-,-,-,3643.2000,3642.8000,3642.0000,3640.2000,3640.0000,3644.2000,3644.8000,3647.0000,3647.4000,3647.6000,3,1,2,3,2,2,1,1,1,2
SF,IF2009,2020-04-24 09:33:14.300,3644.0000,19912,0,134477220.000,0,-,-,-,-,3643.2000,3642.8000,3642.0000,3640.2000,3640.0000,3644.2000,3644.8000,3647.0000,3647.4000,3647.6000,3,1,2,3,2,2,1,1,1,2
SF,IF2009,2020-04-24 09:33:16.300,3644.0000,19912,0,134477220.000,0,-,-,-,-,3642.8000,3642.0000,3640.2000,3640.0000,3639.8000,3644.0000,3644.2000,3644.8000,3647.0000,3647.4000,1,3,3,2,1,1,2,1,1,1
SF,IF2009,2020-04-24 09:33:16.800,3644.0000,19912,0,134477220.000,0,-,-,-,-,3642.8000,3642.0000,3640.2000,3640.0000,3639.8000,3644.2000,3644.8000,3647.0000,3647.4000,3647.6000,1,3,3,2,1,2,1,1,1,2
SF,IF2009,2020-04-24 09:33:17.300,3644.0000,19912,0,134477220.000,0,-,-,-,-,3642.8000,3642.0000,3640.2000,3640.0000,3639.8000,3643.8000,3644.0000,3644.2000,3644.8000,3647.0000,1,3,3,2,1,2,1,2,1,1
SF,IF2009,2020-04-24 09:33:17.800,3644.0000,19912,0,134477220.000,0,-,-,-,-,3642.8000,3642.0000,3640.2000,3640.0000,3639.8000,3643.8000,3644.2000,3644.8000,3647.0000,3647.4000,1,3,3,2,1,2,2,1,1,1
SF,IF2009,2020-04-24 09:33:18.800,3644.0000,19912,0,134477220.000,0,-,-,-,-,3642.8000,3642.0000,3640.2000,3640.0000,3639.8000,3643.6000,3644.2000,3644.8000,3647.0000,3647.4000,1,3,3,2,1,2,2,1,1,1
SF,IF2009,2020-04-24 09:33:19.300,3644.0000,19912,0,134477220.000,0,-,-,-,-,3642.8000,3642.0000,3640.2000,3640.0000,3639.8000,3644.2000,3644.8000,3647.0000,3647.4000,3647.6000,1,3,3,2,1,2,1,1,1,2
SF,IF2009,2020-04-24 09:33:19.800,3644.0000,19912,0,134477220.000,0,-,-,-,-,3642.8000,3642.0000,3640.2000,3640.0000,3639.8000,3643.8000,3644.0000,3644.2000,3644.8000,3647.0000,1,3,3,2,1,2,1,2,1,1
SF,IF2009,2020-04-24 09:33:20.300,3644.0000,19912,0,134477220.000,0,-,-,-,-,3642.8000,3642.0000,3640.2000,3640.0000,3639.8000,3643.8000,3644.2000,3644.8000,3647.0000,3647.4000,1,3,3,2,1,2,2,1,1,1
SF,IF2009,2020-04-24 09:33:21.800,3644.0000,19912,0,134477220.000,0,-,-,-,-,3642.8000,3642.0000,3640.2000,3640.0000,3639.8000,3643.8000,3644.2000,3644.8000,3647.0000,3647.4000,1,3,3,2,1,2,2,1,1,1
SF,IF2009,2020-04-24 09:33:22.300,3642.8000,19911,-1,135570060.000,1,0,1,双平,S,3642.0000,3640.2000,3640.0000,3639.8000,3639.0000,3643.6000,3644.2000,3644.8000,3647.0000,3647.4000,3,3,2,1,1,3,2,1,1,1
SF,IF2009,2020-04-24 09:33:22.800,3642.8000,19911,0,135570060.000,0,-,-,-,-,3642.0000,3640.2000,3640.0000,3639.8000,3639.0000,3643.6000,3644.2000,3644.8000,3647.0000,3647.4000,3,3,2,1,1,1,2,1,1,1
SF,IF2009,2020-04-24 09:33:23.300,3642.8000,19911,0,135570060.000,0,-,-,-,-,3642.0000,3640.2000,3640.0000,3639.8000,3639.0000,3643.4000,3643.6000,3644.2000,3644.8000,3647.0000,3,3,2,1,1,2,1,2,1,1
SF,IF2009,2020-04-24 09:33:24.300,3642.8000,19911,0,135570060.000,0,-,-,-,-,3642.0000,3640.2000,3640.0000,3639.8000,3639.0000,3643.0000,3643.4000,3643.6000,3644.2000,3644.8000,3,3,2,1,1,2,1,1,2,1
SF,IF2009,2020-04-24 09:33:24.800,3642.8000,19911,0,135570060.000,0,-,-,-,-,3642.0000,3640.2000,3640.0000,3639.8000,3639.0000,3643.0000,3643.6000,3644.2000,3644.8000,3647.0000,3,3,2,1,1,2,1,2,1,1
SF,IF2009,2020-04-24 09:33:25.300,3643.0000,19910,-1,136662960.000,1,0,1,双平,S,3642.2000,3642.0000,3640.2000,3640.0000,3639.8000,3643.6000,3644.2000,3644.8000,3647.0000,3647.4000,2,3,3,2,1,1,2,1,1,1
SF,IF2009,2020-04-24 09:33:25.800,3643.0000,19910,0,136662960.000,0,-,-,-,-,3643.0000,3642.6000,3642.2000,3642.0000,3640.2000,3643.6000,3644.2000,3644.8000,3647.0000,3647.4000,1,1,1,3,3,1,2,1,1,1
SF,IF2009,2020-04-24 09:33:26.300,3644.2000,19909,-1,138849300.000,2,0,2,多平,S,3643.0000,3642.0000,3640.2000,3640.0000,3639.8000,3644.2000,3644.8000,3647.0000,3647.4000,3647.6000,1,3,3,2,1,1,1,1,1,2
SF,IF2009,2020-04-24 09:33:26.800,3644.2000,19909,0,138849300.000,0,-,-,-,-,3643.2000,3643.0000,3642.0000,3640.2000,3640.0000,3644.2000,3644.8000,3647.0000,3647.4000,3647.6000,2,1,3,3,2,1,1,1,1,2
SF,IF2009,2020-04-24 09:33:27.300,3644.2000,19909,0,138849300.000,0,-,-,-,-,3643.2000,3643.0000,3642.0000,3640.2000,3640.0000,3644.2000,3644.8000,3647.0000,3647.4000,3647.6000,1,1,3,3,2,1,1,1,1,2
SF,IF2009,2020-04-24 09:33:27.800,3644.2000,19909,0,138849300.000,0,-,-,-,-,3643.8000,3643.2000,3643.0000,3642.0000,3640.2000,3644.2000,3644.8000,3647.0000,3647.4000,3647.6000,1,1,1,3,3,1,1,1,1,2
SF,IF2009,2020-04-24 09:33:28.300,3643.8000,19909,0,139942440.000,1,0,1,多换,S,3643.0000,3642.0000,3640.2000,3640.0000,3639.8000,3643.8000,3644.2000,3644.8000,3647.0000,3647.4000,1,3,3,2,1,1,1,1,1,1
SF,IF2009,2020-04-24 09:33:28.800,3643.8000,19909,0,139942440.000,0,-,-,-,-,3643.2000,3643.0000,3642.0000,3640.2000,3640.0000,3643.8000,3644.2000,3644.8000,3647.0000,3647.4000,4,1,3,3,2,1,1,1,1,1
SF,IF2009,2020-04-24 09:33:29.300,3643.8000,19909,0,139942440.000,0,-,-,-,-,3643.0000,3642.0000,3640.2000,3640.0000,3639.8000,3644.2000,3644.8000,3647.0000,3647.4000,3647.6000,1,3,3,2,1,1,1,1,1,2
SF,IF2009,2020-04-24 09:33:29.800,3643.8000,19909,0,139942440.000,0,-,-,-,-,3643.2000,3643.0000,3642.0000,3640.2000,3640.0000,3644.0000,3644.2000,3644.8000,3647.0000,3647.4000,5,1,3,3,2,1,1,1,1,1
SF,IF2009,2020-04-24 09:33:30.300,3643.8000,19909,0,139942440.000,0,-,-,-,-,3643.0000,3642.0000,3640.2000,3640.0000,3639.8000,3644.2000,3644.8000,3647.0000,3647.4000,3647.6000,1,3,3,2,1,1,1,1,1,2
SF,IF2009,2020-04-24 09:33:30.800,3643.8000,19909,0,139942440.000,0,-,-,-,-,3643.0000,3642.0000,3640.2000,3640.0000,3639.8000,3644.0000,3644.2000,3644.8000,3647.0000,3647.4000,1,3,3,2,1,1,1,1,1,1
SF,IF2009,2020-04-24 09:33:31.300,3643.0000,19909,0,141035340.000,1,0,1,多换,S,3642.0000,3640.2000,3640.0000,3639.8000,3639.0000,3643.8000,3644.2000,3644.8000,3647.0000,3647.4000,3,3,2,1,1,1,1,1,1,1
SF,IF2009,2020-04-24 09:33:31.800,3643.6000,19909,0,142128420.000,1,0,1,多换,S,3642.2000,3642.0000,3640.2000,3640.0000,3639.8000,3644.2000,3644.8000,3647.0000,3647.4000,3647.6000,1,3,3,2,1,1,1,1,1,2
SF,IF2009,2020-04-24 09:33:32.300,3643.6000,19909,0,142128420.000,0,-,-,-,-,3642.4000,3642.0000,3640.2000,3640.0000,3639.8000,3644.0000,3644.2000,3644.8000,3647.0000,3647.4000,1,3,3,2,1,1,1,1,1,1
SF,IF2009,2020-04-24 09:33:32.800,3643.6000,19909,0,142128420.000,0,-,-,-,-,3642.6000,3642.0000,3640.2000,3640.0000,3639.8000,3643.8000,3644.2000,3644.8000,3647.0000,3647.4000,1,3,3,2,1,1,1,1,1,1
SF,IF2009,2020-04-24 09:33:33.300,3643.6000,19909,0,142128420.000,0,-,-,-,-,3642.0000,3640.2000,3640.0000,3639.8000,3639.0000,3643.6000,3643.8000,3644.2000,3644.8000,3647.0000,3,3,2,1,1,1,1,1,1,1
SF,IF2009,2020-04-24 09:33:33.800,3643.6000,19909,0,142128420.000,0,-,-,-,-,3642.2000,3642.0000,3640.2000,3640.0000,3639.8000,3643.8000,3644.2000,3644.8000,3647.0000,3647.4000,2,3,2,2,1,1,1,1,1,1
SF,IF2009,2020-04-24 09:33:34.300,3643.6000,19909,0,142128420.000,0,-,-,-,-,3642.2000,3642.0000,3640.2000,3640.0000,3639.8000,3643.8000,3644.2000,3644.8000,3647.0000,3647.4000,1,3,2,2,1,1,1,1,1,1
SF,IF2009,2020-04-24 09:33:34.800,3643.6000,19909,0,142128420.000,0,-,-,-,-,3642.4000,3642.0000,3640.2000,3640.0000,3639.8000,3643.8000,3644.2000,3644.8000,3647.0000,3647.4000,2,3,2,2,1,1,1,1,1,1
SF,IF2009,2020-04-24 09:33:35.300,3643.6000,19909,0,142128420.000,0,-,-,-,-,3642.8000,3642.4000,3642.0000,3640.2000,3640.0000,3643.8000,3644.2000,3644.8000,3647.0000,3647.4000,1,1,3,2,2,1,1,1,1,1
SF,IF2009,2020-04-24 09:33:35.800,3643.6000,19909,0,142128420.000,0,-,-,-,-,3643.0000,3642.0000,3640.2000,3640.0000,3639.8000,3643.8000,3644.2000,3644.8000,3647.0000,3647.4000,1,3,2,2,1,1,1,1,1,1
SF,IF2009,2020-04-24 09:33:36.300,3643.8000,19908,-1,143221560.000,1,0,1,双平,S,3643.2000,3642.0000,3640.2000,3640.0000,3639.8000,3644.2000,3644.8000,3647.0000,3647.4000,3647.6000,1,3,2,2,1,1,1,1,1,2
SF,IF2009,2020-04-24 09:33:36.800,3643.8000,19908,0,143221560.000,0,-,-,-,-,3643.4000,3643.2000,3642.0000,3640.2000,3640.0000,3644.2000,3644.8000,3647.0000,3647.4000,3647.6000,1,1,3,2,2,1,1,1,1,2
SF,IF2009,2020-04-24 09:33:37.300,3643.8000,19908,0,143221560.000,0,-,-,-,-,3642.0000,3640.2000,3640.0000,3639.8000,3639.0000,3644.2000,3644.8000,3647.0000,3647.4000,3647.6000,3,2,2,1,1,1,1,1,1,2
SF,IF2009,2020-04-24 09:33:37.800,3643.8000,19908,0,143221560.000,0,-,-,-,-,3642.4000,3642.0000,3640.2000,3640.0000,3639.8000,3644.2000,3644.8000,3647.0000,3647.4000,3647.6000,1,3,2,2,1,1,1,1,1,2
SF,IF2009,2020-04-24 09:33:38.300,3643.8000,19908,0,143221560.000,0,-,-,-,-,3642.6000,3642.0000,3640.2000,3640.0000,3639.8000,3644.2000,3644.8000,3647.0000,3647.4000,3647.6000,1,3,2,2,1,1,1,1,1,2
SF,IF2009,2020-04-24 09:33:38.800,3643.8000,19908,0,143221560.000,0,-,-,-,-,3642.8000,3642.0000,3640.2000,3640.0000,3639.8000,3644.0000,3644.2000,3647.0000,3647.4000,3647.6000,1,3,2,2,1,2,1,1,1,2
SF,IF2009,2020-04-24 09:33:39.300,3643.8000,19908,0,143221560.000,0,-,-,-,-,3642.0000,3640.2000,3640.0000,3639.8000,3639.0000,3642.8000,3643.8000,3644.0000,3644.2000,3647.0000,3,2,2,1,1,1,2,1,1,1
SF,IF2009,2020-04-24 09:33:39.800,3643.8000,19908,0,143221560.000,0,-,-,-,-,3642.0000,3640.2000,3640.0000,3639.8000,3639.0000,3642.8000,3643.8000,3644.0000,3644.2000,3647.0000,3,2,2,1,1,1,1,1,1,1
SF,IF2009,2020-04-24 09:33:40.300,3642.0000,19907,-1,146499360.000,3,1,2,多平,S,3640.2000,3640.0000,3639.8000,3639.0000,3638.2000,3643.8000,3644.0000,3644.2000,3647.0000,3647.4000,1,2,1,1,1,1,1,1,1,1
SF,IF2009,2020-04-24 09:33:40.800,3642.0000,19907,0,146499360.000,0,-,-,-,-,3641.0000,3640.8000,3640.4000,3640.2000,3640.0000,3643.6000,3643.8000,3644.2000,3647.0000,3647.6000,1,1,1,1,2,4,1,1,1,2
SF,IF2009,2020-04-24 09:33:41.300,3642.0000,19907,0,146499360.000,0,-,-,-,-,3642.0000,3640.8000,3640.4000,3640.2000,3640.0000,3643.2000,3643.6000,3644.2000,3647.0000,3647.6000,1,1,1,1,1,1,4,1,1,2
SF,IF2009,2020-04-24 09:33:41.800,3642.0000,19906,-1,147591960.000,1,0,1,双平,S,3640.4000,3640.2000,3640.0000,3639.8000,3639.0000,3642.0000,3642.6000,3643.0000,3643.2000,3643.6000,1,1,1,1,1,1,1,3,1,2
SF,IF2009,2020-04-24 09:33:42.300,3642.0000,19906,0,147591960.000,0,-,-,-,-,3641.0000,3640.8000,3640.6000,3640.4000,3640.2000,3642.0000,3643.0000,3643.2000,3643.6000,3644.2000,1,1,2,1,1,1,2,1,2,1
SF,IF2009,2020-04-24 09:33:42.800,3642.0000,19906,0,147591960.000,0,-,-,-,-,3640.4000,3640.2000,3640.0000,3639.8000,3639.0000,3641.8000,3643.0000,3643.6000,3644.2000,3647.0000,1,1,1,1,1,1,2,2,1,1
SF,IF2009,2020-04-24 09:33:43.300,3642.0000,19906,0,147591960.000,0,-,-,-,-,3640.6000,3640.4000,3640.2000,3640.0000,3639.8000,3643.0000,3643.6000,3644.2000,3647.0000,3647.6000,1,1,1,1,1,2,2,1,1,2
SF,IF2009,2020-04-24 09:33:43.800,3642.0000,19906,0,147591960.000,0,-,-,-,-,3640.4000,3640.2000,3640.0000,3639.8000,3639.0000,3642.6000,3642.8000,3643.0000,3643.6000,3644.2000,1,1,1,1,1,1,1,2,1,1
SF,IF2009,2020-04-24 09:33:44.300,3642.0000,19906,0,147591960.000,0,-,-,-,-,3640.4000,3640.2000,3640.0000,3639.8000,3639.0000,3642.4000,3642.6000,3643.6000,3644.2000,3647.0000,1,1,1,1,1,3,1,1,1,1
SF,IF2009,2020-04-24 09:33:44.800,3642.0000,19906,0,147591960.000,0,-,-,-,-,3640.8000,3640.6000,3640.4000,3640.2000,3640.0000,3642.4000,3643.6000,3644.2000,3647.0000,3647.6000,1,2,1,1,1,2,1,1,1,2
SF,IF2009,2020-04-24 09:33:45.300,3642.0000,19906,0,147591960.000,0,-,-,-,-,3641.0000,3640.4000,3640.2000,3640.0000,3639.8000,3642.2000,3642.4000,3643.6000,3644.2000,3647.0000,1,1,1,1,1,1,2,1,1,1
SF,IF2009,2020-04-24 09:33:45.800,3642.0000,19906,0,147591960.000,0,-,-,-,-,3641.2000,3640.4000,3640.2000,3640.0000,3639.8000,3642.0000,3642.4000,3643.6000,3644.2000,3647.0000,1,1,1,1,1,1,1,1,1,1
SF,IF2009,2020-04-24 09:33:46.300,3642.0000,19906,0,147591960.000,0,-,-,-,-,3640.4000,3640.2000,3640.0000,3639.8000,3639.0000,3642.4000,3643.6000,3644.2000,3647.0000,3647.6000,1,1,1,1,1,1,1,1,1,2
SF,IF2009,2020-04-24 09:33:46.800,3642.0000,19906,0,147591960.000,0,-,-,-,-,3640.6000,3640.4000,3640.2000,3640.0000,3639.8000,3641.2000,3642.2000,3642.4000,3643.6000,3644.2000,1,1,1,1,1,1,2,1,1,1
SF,IF2009,2020-04-24 09:33:47.300,3642.0000,19906,0,147591960.000,0,-,-,-,-,3640.4000,3640.2000,3640.0000,3639.8000,3639.0000,3641.2000,3642.2000,3642.4000,3643.6000,3644.2000,1,1,1,1,1,1,1,1,1,1
SF,IF2009,2020-04-24 09:33:47.800,3640.4000,19905,-1,148684080.000,1,0,1,双平,S,3640.2000,3640.0000,3639.8000,3639.0000,3638.2000,3641.4000,3642.2000,3642.4000,3643.6000,3644.2000,1,1,1,1,1,1,1,1,1,1
SF,IF2009,2020-04-24 09:33:48.300,3640.0000,19904,-1,150868140.000,2,0,2,多平,S,3639.8000,3639.0000,3638.2000,3638.0000,3636.0000,3641.2000,3641.4000,3642.2000,3643.6000,3644.2000,1,1,1,1,4,2,2,1,1,1
SF,IF2009,2020-04-24 09:33:48.800,3640.0000,19904,0,150868140.000,0,-,-,-,-,3639.8000,3639.0000,3638.2000,3638.0000,3636.0000,3640.8000,3641.0000,3641.2000,3641.4000,3642.2000,1,1,1,1,4,1,2,1,2,1
SF,IF2009,2020-04-24 09:33:49.300,3639.8000,19904,0,151960080.000,1,0,1,多换,S,3639.0000,3638.2000,3638.0000,3636.0000,3634.0000,3640.6000,3641.0000,3641.4000,3642.2000,3643.6000,1,1,1,4,1,3,1,2,1,1
SF,IF2009,2020-04-24 09:33:49.800,3640.4000,19903,-1,153052200.000,1,0,1,双平,S,3639.2000,3639.0000,3638.2000,3638.0000,3636.0000,3640.4000,3640.6000,3641.0000,3641.4000,3642.2000,1,1,1,1,4,1,2,1,2,1
SF,IF2009,2020-04-24 09:33:50.300,3640.4000,19903,0,153052200.000,0,-,-,-,-,3639.4000,3639.0000,3638.2000,3638.0000,3636.0000,3640.6000,3641.0000,3641.4000,3642.2000,3643.6000,2,1,1,1,4,1,1,2,1,1
SF,IF2009,2020-04-24 09:33:50.800,3640.6000,19902,-1,154144380.000,1,0,1,双平,S,3639.6000,3639.4000,3639.0000,3638.2000,3638.0000,3641.0000,3641.4000,3642.2000,3643.6000,3644.2000,1,1,1,1,1,1,1,1,1,1
SF,IF2009,2020-04-24 09:33:51.300,3640.6000,19902,0,154144380.000,0,-,-,-,-,3640.0000,3639.8000,3639.0000,3638.2000,3638.0000,3643.6000,3644.2000,3647.0000,3647.6000,3648.0000,3,1,1,1,1,1,1,1,2,1
SF,IF2009,2020-04-24 09:33:51.800,3640.6000,19902,0,154144380.000,0,-,-,-,-,3640.0000,3639.0000,3638.2000,3638.0000,3636.0000,3642.2000,3642.6000,3643.2000,3643.4000,3643.6000,2,1,1,1,4,1,1,6,2,1
SF,IF2009,2020-04-24 09:33:52.300,3640.6000,19902,0,154144380.000,0,-,-,-,-,3640.0000,3639.0000,3638.2000,3636.0000,3634.0000,3642.0000,3642.2000,3642.6000,3643.4000,3644.2000,2,1,1,4,1,2,1,1,1,1
SF,IF2009,2020-04-24 09:33:52.800,3640.6000,19902,0,154144380.000,0,-,-,-,-,3640.2000,3640.0000,3639.0000,3638.2000,3636.0000,3642.0000,3642.2000,3643.4000,3644.2000,3647.6000,2,2,1,1,4,1,1,1,1,2
SF,IF2009,2020-04-24 09:33:53.300,3640.2000,19902,0,155236440.000,1,0,1,多换,S,3640.4000,3640.2000,3640.0000,3639.0000,3638.2000,3641.8000,3642.0000,3642.2000,3643.4000,3644.2000,1,1,2,1,1,1,1,1,1,1
SF,IF2009,2020-04-24 09:33:53.800,3640.2000,19902,0,155236440.000,0,-,-,-,-,3640.2000,3640.0000,3639.0000,3638.2000,3636.0000,3642.0000,3642.2000,3643.4000,3644.2000,3647.6000,1,2,1,1,4,1,1,1,1,2
SF,IF2009,2020-04-24 09:33:54.300,3640.2000,19902,0,155236440.000,0,-,-,-,-,3640.4000,3640.2000,3640.0000,3639.0000,3638.2000,3641.8000,3642.0000,3642.2000,3643.4000,3644.2000,1,1,2,1,1,1,1,1,1,1
SF,IF2009,2020-04-24 09:33:54.800,3640.2000,19902,0,155236440.000,0,-,-,-,-,3640.2000,3640.0000,3639.0000,3638.2000,3636.0000,3642.0000,3642.2000,3643.4000,3644.0000,3644.2000,1,2,1,1,4,1,1,1,1,1
SF,IF2009,2020-04-24 09:33:55.300,3640.2000,19902,0,155236440.000,0,-,-,-,-,3640.2000,3640.0000,3639.0000,3638.2000,3636.0000,3641.8000,3642.0000,3642.2000,3643.4000,3644.0000,1,2,1,1,4,1,1,1,1,1
SF,IF2009,2020-04-24 09:33:55.800,3640.2000,19902,0,155236440.000,0,-,-,-,-,3640.2000,3640.0000,3639.0000,3638.2000,3636.0000,3641.6000,3642.0000,3642.2000,3643.4000,3644.0000,1,2,1,1,4,1,1,1,1,1
SF,IF2009,2020-04-24 09:33:56.300,3640.2000,19902,0,155236440.000,0,-,-,-,-,3640.6000,3640.0000,3639.0000,3638.2000,3636.0000,3642.0000,3642.2000,3643.4000,3644.0000,3644.2000,1,2,1,1,4,1,1,1,1,1
SF,IF2009,2020-04-24 09:33:56.800,3640.2000,19902,0,155236440.000,0,-,-,-,-,3640.6000,3640.0000,3639.0000,3638.2000,3636.0000,3642.0000,3642.2000,3643.4000,3644.0000,3644.2000,1,2,1,1,4,1,1,1,1,1
SF,IF2009,2020-04-24 09:33:58.800,3640.2000,19902,0,155236440.000,0,-,-,-,-,3641.0000,3640.8000,3640.0000,3639.0000,3638.2000,3642.0000,3642.2000,3644.0000,3644.2000,3645.0000,1,2,2,1,1,1,1,1,1,1
SF,IF2009,2020-04-24 09:33:59.300,3642.0000,19901,-1,156329040.000,1,0,1,双平,S,3641.2000,3640.8000,3640.0000,3639.0000,3638.2000,3644.0000,3644.2000,3645.0000,3647.6000,3648.6000,1,2,2,1,1,1,1,1,2,2
SF,IF2009,2020-04-24 09:33:59.800,3642.0000,19901,0,156329040.000,0,-,-,-,-,3640.8000,3640.0000,3639.0000,3638.2000,3636.0000,3643.2000,3643.6000,3643.8000,3644.0000,3644.2000,2,2,1,1,4,1,1,2,1,1
SF,IF2009,2020-04-24 09:34:00.300,3642.0000,19901,0,156329040.000,0,-,-,-,-,3641.2000,3640.8000,3640.0000,3639.0000,3638.2000,3642.0000,3642.6000,3643.0000,3643.2000,3644.0000,1,1,2,1,1,1,1,3,1,1
SF,IF2009,2020-04-24 09:34:00.800,3642.0000,19901,0,156329040.000,0,-,-,-,-,3640.8000,3640.0000,3639.0000,3638.2000,3636.0000,3641.2000,3642.8000,3643.0000,3643.2000,3644.0000,1,2,1,1,4,1,1,3,1,2
SF,IF2009,2020-04-24 09:34:01.300,3641.2000,19900,-1,157421400.000,1,0,1,双平,S,3641.2000,3641.0000,3640.8000,3640.0000,3639.0000,3643.0000,3643.2000,3644.0000,3644.2000,3645.0000,1,1,2,2,1,3,1,1,1,1
SF,IF2009,2020-04-24 09:34:01.800,3641.2000,19900,0,157421400.000,0,-,-,-,-,3640.8000,3640.0000,3639.0000,3638.2000,3636.0000,3642.8000,3643.0000,3643.2000,3644.0000,3644.2000,2,2,2,1,4,1,2,1,1,1
SF,IF2009,2020-04-24 09:34:02.300,3641.2000,19900,0,157421400.000,0,-,-,-,-,3641.0000,3640.8000,3640.0000,3639.0000,3638.2000,3643.0000,3643.2000,3644.0000,3644.2000,3645.0000,4,2,2,2,1,2,1,1,1,1
SF,IF2009,2020-04-24 09:34:02.800,3641.2000,19900,0,157421400.000,0,-,-,-,-,3641.2000,3641.0000,3640.8000,3640.0000,3639.0000,3643.0000,3643.2000,3644.0000,3644.2000,3645.0000,1,3,2,2,2,2,1,1,1,1
SF,IF2009,2020-04-24 09:34:03.300,3641.2000,19900,0,157421400.000,0,-,-,-,-,3641.6000,3641.4000,3641.0000,3640.8000,3640.0000,3643.0000,3643.2000,3644.0000,3644.2000,3645.0000,1,2,1,2,2,2,1,1,1,1
SF,IF2009,2020-04-24 09:34:03.800,3641.2000,19900,0,157421400.000,0,-,-,-,-,3641.6000,3641.4000,3641.0000,3640.8000,3640.0000,3643.0000,3643.2000,3644.0000,3644.2000,3645.0000,1,1,1,2,2,1,1,1,1,1
SF,IF2009,2020-04-24 09:34:04.300,3641.2000,19900,0,157421400.000,0,-,-,-,-,3641.8000,3641.6000,3641.4000,3641.0000,3640.8000,3643.0000,3643.2000,3644.0000,3644.2000,3645.0000,1,1,1,1,2,1,1,1,1,1
SF,IF2009,2020-04-24 09:34:04.800,3641.2000,19900,0,157421400.000,0,-,-,-,-,3641.4000,3641.0000,3640.8000,3640.0000,3639.0000,3643.0000,3644.0000,3644.2000,3645.0000,3647.6000,1,1,2,2,2,2,1,1,1,2
SF,IF2009,2020-04-24 09:34:05.300,3641.2000,19900,0,157421400.000,0,-,-,-,-,3641.6000,3640.8000,3640.0000,3639.0000,3638.2000,3642.8000,3643.0000,3644.0000,3644.2000,3645.0000,1,2,2,2,1,1,2,1,1,1
SF,IF2009,2020-04-24 09:34:05.800,3641.2000,19900,0,157421400.000,0,-,-,-,-,3640.8000,3640.0000,3639.0000,3638.2000,3636.0000,3642.6000,3643.0000,3644.0000,3644.2000,3645.0000,2,2,2,1,4,2,2,1,1,1
SF,IF2009,2020-04-24 09:34:06.300,3641.2000,19900,0,157421400.000,0,-,-,-,-,3640.8000,3640.0000,3639.0000,3638.2000,3636.0000,3642.4000,3642.6000,3643.0000,3644.0000,3644.2000,1,2,2,1,4,1,2,1,1,1
SF,IF2009,2020-04-24 09:34:06.800,3641.2000,19900,0,157421400.000,0,-,-,-,-,3641.0000,3640.8000,3640.0000,3639.0000,3638.2000,3642.0000,3642.4000,3643.0000,3644.0000,3644.2000,2,2,2,2,1,2,1,1,1,1
SF,IF2009,2020-04-24 09:34:07.300,3641.2000,19900,0,157421400.000,0,-,-,-,-,3640.8000,3640.0000,3639.0000,3638.2000,3636.0000,3642.0000,3642.4000,3643.0000,3644.0000,3644.2000,1,2,2,1,4,2,1,1,1,1
SF,IF2009,2020-04-24 09:34:07.800,3641.2000,19900,0,157421400.000,0,-,-,-,-,3641.0000,3640.8000,3640.0000,3639.0000,3638.2000,3642.0000,3642.4000,3643.0000,3644.0000,3644.2000,2,2,2,2,1,2,1,1,1,1
SF,IF2009,2020-04-24 09:34:08.300,3641.2000,19900,0,157421400.000,0,-,-,-,-,3641.2000,3641.0000,3640.8000,3640.0000,3639.0000,3642.0000,3642.4000,3643.0000,3644.0000,3644.2000,1,1,2,2,2,2,1,1,1,1
SF,IF2009,2020-04-24 09:34:08.800,3641.2000,19900,0,157421400.000,0,-,-,-,-,3640.8000,3640.0000,3639.0000,3638.2000,3636.0000,3642.0000,3642.4000,3643.0000,3644.0000,3644.2000,1,2,2,1,4,2,1,1,1,1
SF,IF2009,2020-04-24 09:34:09.300,3641.2000,19900,0,157421400.000,0,-,-,-,-,3641.0000,3640.8000,3640.0000,3639.0000,3638.2000,3642.0000,3642.4000,3643.0000,3644.0000,3644.2000,1,1,2,2,1,2,1,1,1,1
SF,IF2009,2020-04-24 09:34:10.800,3641.2000,19899,-1,158513760.000,1,0,1,双平,S,3641.2000,3641.0000,3640.8000,3640.0000,3639.0000,3642.0000,3642.4000,3643.0000,3644.0000,3644.2000,1,1,1,2,2,2,1,1,1,1
SF,IF2009,2020-04-24 09:34:11.300,3642.0000,19899,0,160698960.000,2,1,1,多换,S,3641.0000,3640.8000,3640.0000,3639.0000,3638.2000,3642.4000,3643.0000,3644.0000,3644.2000,3645.0000,1,1,2,2,1,1,1,1,1,1
SF,IF2009,2020-04-24 09:34:11.800,3642.0000,19899,0,160698960.000,0,-,-,-,-,3641.6000,3641.4000,3641.0000,3640.8000,3640.0000,3642.4000,3643.0000,3644.0000,3644.2000,3645.0000,1,1,1,1,2,1,1,1,1,1
SF,IF2009,2020-04-24 09:34:12.300,3642.0000,19899,0,160698960.000,0,-,-,-,-,3641.6000,3641.0000,3640.8000,3640.0000,3639.0000,3643.0000,3644.0000,3644.2000,3645.0000,3647.6000,1,1,1,2,2,1,1,1,1,2
SF,IF2009,2020-04-24 09:34:12.800,3642.0000,19899,0,160698960.000,0,-,-,-,-,3641.6000,3641.0000,3640.8000,3640.0000,3639.0000,3642.8000,3643.0000,3644.0000,3644.2000,3645.0000,1,1,1,2,2,1,1,1,1,1
SF,IF2009,2020-04-24 09:34:13.300,3642.0000,19899,0,160698960.000,0,-,-,-,-,3641.8000,3641.6000,3641.0000,3640.8000,3640.0000,3643.0000,3644.0000,3644.2000,3645.0000,3647.6000,1,1,1,1,2,1,1,1,1,2
SF,IF2009,2020-04-24 09:34:13.800,3642.0000,19899,0,160698960.000,0,-,-,-,-,3641.6000,3640.8000,3640.0000,3639.0000,3638.2000,3642.8000,3643.0000,3644.0000,3644.2000,3645.0000,1,1,2,2,1,2,1,1,1,1
SF,IF2009,2020-04-24 09:34:14.300,3643.0000,19898,-1,161791860.000,1,0,1,双平,S,3641.8000,3641.6000,3640.8000,3640.0000,3639.0000,3644.0000,3644.2000,3645.0000,3647.6000,3648.6000,1,1,1,2,2,1,1,1,2,2
SF,IF2009,2020-04-24 09:34:14.800,3643.0000,19898,0,161791860.000,0,-,-,-,-,3642.0000,3641.8000,3641.6000,3640.8000,3640.0000,3643.8000,3644.0000,3644.2000,3645.0000,3647.6000,1,1,1,1,2,1,1,1,1,2
SF,IF2009,2020-04-24 09:34:15.300,3643.0000,19898,0,161791860.000,0,-,-,-,-,3642.0000,3641.6000,3640.8000,3640.0000,3639.0000,3643.6000,3643.8000,3644.0000,3644.2000,3645.0000,1,1,1,2,2,1,1,1,1,1
SF,IF2009,2020-04-24 09:34:15.800,3643.0000,19898,0,161791860.000,0,-,-,-,-,3642.0000,3641.6000,3640.8000,3640.0000,3639.0000,3643.4000,3643.8000,3644.0000,3644.2000,3645.0000,1,1,1,2,2,1,1,1,1,1
SF,IF2009,2020-04-24 09:34:16.300,3643.0000,19898,0,161791860.000,0,-,-,-,-,3642.0000,3641.6000,3640.8000,3640.0000,3639.0000,3643.2000,3643.8000,3644.0000,3644.2000,3645.0000,1,1,1,2,2,1,1,1,1,1
SF,IF2009,2020-04-24 09:34:16.800,3643.0000,19898,0,161791860.000,0,-,-,-,-,3642.2000,3642.0000,3641.6000,3640.8000,3640.2000,3643.8000,3644.0000,3644.2000,3645.0000,3647.6000,1,1,1,1,1,1,1,1,1,2
SF,IF2009,2020-04-24 09:34:17.300,3643.0000,19898,0,161791860.000,0,-,-,-,-,3642.0000,3641.6000,3640.8000,3640.2000,3640.0000,3643.6000,3643.8000,3644.0000,3644.2000,3645.0000,1,1,1,1,2,1,1,1,1,1
SF,IF2009,2020-04-24 09:34:17.800,3643.0000,19898,0,161791860.000,0,-,-,-,-,3642.2000,3642.0000,3641.6000,3640.8000,3640.2000,3643.4000,3643.8000,3644.0000,3644.2000,3645.0000,1,1,1,1,1,1,1,1,1,1
SF,IF2009,2020-04-24 09:34:18.300,3643.0000,19898,0,161791860.000,0,-,-,-,-,3642.4000,3642.0000,3641.6000,3640.8000,3640.2000,3643.8000,3644.0000,3644.2000,3645.0000,3647.6000,1,1,1,1,1,1,1,1,1,2
SF,IF2009,2020-04-24 09:34:18.800,3643.0000,19898,0,161791860.000,0,-,-,-,-,3642.0000,3641.6000,3640.8000,3640.2000,3640.0000,3643.6000,3643.8000,3644.0000,3644.2000,3645.0000,1,1,1,1,2,1,1,1,1,1
SF,IF2009,2020-04-24 09:34:19.300,3643.0000,19898,0,161791860.000,0,-,-,-,-,3642.2000,3642.0000,3641.6000,3640.8000,3640.2000,3644.0000,3644.2000,3645.0000,3647.6000,3648.6000,1,1,1,1,1,1,1,1,2,2
SF,IF2009,2020-04-24 09:34:19.800,3643.0000,19898,0,161791860.000,0,-,-,-,-,3642.4000,3642.2000,3641.6000,3640.8000,3640.2000,3643.8000,3644.0000,3644.2000,3645.0000,3647.6000,1,1,1,1,1,1,1,1,1,2
SF,IF2009,2020-04-24 09:34:20.300,3643.0000,19898,0,161791860.000,0,-,-,-,-,3642.4000,3642.2000,3641.6000,3640.8000,3640.2000,3644.0000,3644.2000,3645.0000,3647.6000,3648.6000,1,1,1,1,1,1,1,1,2,2
SF,IF2009,2020-04-24 09:34:20.800,3643.0000,19898,0,161791860.000,0,-,-,-,-,3642.6000,3642.4000,3641.6000,3640.8000,3640.2000,3643.8000,3644.0000,3644.2000,3645.0000,3647.6000,1,1,1,1,1,1,1,1,1,2
SF,IF2009,2020-04-24 09:34:21.300,3643.0000,19898,0,161791860.000,0,-,-,-,-,3642.4000,3641.6000,3640.8000,3640.2000,3640.0000,3643.6000,3644.0000,3644.2000,3645.0000,3647.6000,1,1,1,1,2,1,1,1,1,2
SF,IF2009,2020-04-24 09:34:21.800,3643.0000,19898,0,161791860.000,0,-,-,-,-,3642.6000,3642.4000,3641.6000,3640.8000,3640.2000,3644.0000,3644.2000,3645.0000,3647.6000,3648.6000,1,1,1,1,1,1,1,1,2,2
SF,IF2009,2020-04-24 09:34:22.300,3643.0000,19898,0,161791860.000,0,-,-,-,-,3642.6000,3642.4000,3641.6000,3640.8000,3640.2000,3644.0000,3644.2000,3645.0000,3647.6000,3648.6000,1,1,1,1,1,1,1,1,2,2
SF,IF2009,2020-04-24 09:34:22.800,3643.0000,19898,0,161791860.000,0,-,-,-,-,3642.6000,3642.4000,3641.6000,3640.8000,3640.2000,3643.8000,3644.0000,3644.2000,3645.0000,3647.6000,1,1,1,1,1,1,1,1,1,2
SF,IF2009,2020-04-24 09:34:23.300,3643.0000,19898,0,161791860.000,0,-,-,-,-,3642.4000,3641.6000,3640.8000,3640.2000,3640.0000,3644.0000,3644.2000,3645.0000,3647.6000,3648.6000,1,1,1,1,2,1,1,1,2,2
SF,IF2009,2020-04-24 09:34:23.800,3643.0000,19898,0,161791860.000,0,-,-,-,-,3641.6000,3640.8000,3640.2000,3640.0000,3639.8000,3643.8000,3644.0000,3644.2000,3644.4000,3645.0000,1,1,1,2,1,2,1,1,3,1
SF,IF2009,2020-04-24 09:34:24.300,3643.0000,19898,0,161791860.000,0,-,-,-,-,3642.0000,3641.6000,3640.8000,3640.2000,3640.0000,3643.6000,3643.8000,3644.0000,3644.2000,3644.4000,1,1,1,1,2,1,1,1,1,3
SF,IF2009,2020-04-24 09:34:24.800,3643.0000,19898,0,161791860.000,0,-,-,-,-,3641.6000,3640.8000,3640.2000,3640.0000,3639.8000,3643.4000,3643.6000,3644.0000,3644.2000,3644.4000,1,1,1,2,1,2,1,1,1,3
SF,IF2009,2020-04-24 09:34:25.300,3643.0000,19898,0,161791860.000,0,-,-,-,-,3641.6000,3640.8000,3640.2000,3640.0000,3639.8000,3643.4000,3643.6000,3644.0000,3644.2000,3644.4000,1,1,1,2,1,2,1,1,1,3
SF,IF2009,2020-04-24 09:34:25.800,3643.0000,19898,0,161791860.000,0,-,-,-,-,3641.6000,3640.8000,3640.2000,3640.0000,3639.8000,3643.0000,3643.4000,3643.6000,3644.0000,3644.2000,1,1,1,2,1,1,2,1,1,1
SF,IF2009,2020-04-24 09:34:26.300,3643.0000,19898,0,161791860.000,0,-,-,-,-,3641.6000,3640.8000,3640.2000,3640.0000,3639.8000,3642.8000,3643.0000,3643.4000,3643.6000,3644.0000,1,1,1,2,1,1,1,1,1,1
SF,IF2009,2020-04-24 09:34:26.800,3643.0000,19898,0,161791860.000,0,-,-,-,-,3641.8000,3641.6000,3640.8000,3640.2000,3640.0000,3643.4000,3643.6000,3644.0000,3644.2000,3644.4000,1,1,1,1,2,1,1,1,1,3
SF,IF2009,2020-04-24 09:34:27.300,3643.0000,19898,0,161791860.000,0,-,-,-,-,3641.6000,3640.8000,3640.2000,3640.0000,3639.8000,3643.2000,3643.4000,3643.6000,3644.2000,3644.4000,1,1,1,2,1,2,1,1,1,3
SF,IF2009,2020-04-24 09:34:27.800,3643.0000,19898,0,161791860.000,0,-,-,-,-,3641.6000,3640.8000,3640.2000,3640.0000,3639.8000,3643.0000,3643.2000,3643.4000,3643.6000,3644.2000,1,1,1,2,1,1,1,1,1,1
SF,IF2009,2020-04-24 09:34:28.300,3643.0000,19898,0,161791860.000,0,-,-,-,-,3641.6000,3640.8000,3640.2000,3640.0000,3639.8000,3643.0000,3643.4000,3643.6000,3644.2000,3644.4000,1,1,1,2,1,1,1,1,1,3
SF,IF2009,2020-04-24 09:34:28.800,3643.0000,19898,0,161791860.000,0,-,-,-,-,3641.6000,3640.8000,3640.2000,3640.0000,3639.8000,3642.8000,3643.0000,3643.4000,3643.6000,3644.2000,1,1,1,2,1,1,1,1,1,1
SF,IF2009,2020-04-24 09:34:29.300,3643.0000,19898,0,161791860.000,0,-,-,-,-,3641.8000,3641.6000,3640.8000,3640.2000,3640.0000,3643.4000,3643.6000,3644.2000,3644.4000,3645.0000,1,1,1,1,2,1,1,1,3,1
SF,IF2009,2020-04-24 09:34:29.800,3643.0000,19898,0,161791860.000,0,-,-,-,-,3641.6000,3640.8000,3640.2000,3640.0000,3639.8000,3643.2000,3643.4000,3643.6000,3644.2000,3644.4000,1,1,1,2,1,1,1,1,1,3
SF,IF2009,2020-04-24 09:34:30.300,3643.0000,19898,0,161791860.000,0,-,-,-,-,3641.6000,3640.8000,3640.2000,3640.0000,3639.8000,3643.0000,3643.4000,3643.6000,3644.2000,3644.4000,1,1,1,2,1,2,1,1,1,3
SF,IF2009,2020-04-24 09:34:30.800,3643.0000,19898,0,161791860.000,0,-,-,-,-,3642.0000,3641.6000,3640.8000,3640.2000,3640.0000,3642.8000,3643.0000,3643.6000,3644.2000,3644.4000,4,1,1,1,2,1,1,1,1,3
