市场代码,合约代码,时间,最新,持仓,增仓,成交额,成交量,开仓,平仓,成交类型,方向,买一价,买二价,买三价,买四价,买五价,卖一价,卖二价,卖三价,卖四价,卖五价,买一量,买二量,买三量,买四量,买五量,卖一量,卖二量,卖三量,卖四量,卖五量
SF,IF2012,2020-06-30 09:29:00.400,4001.0000,16034,0,19204800.000,16.000,-,-,-,-,4000.8000,4000.6000,4000.0000,3999.0000,3998.8000,4004.0000,4014.0000,4018.6000,4019.0000,4019.6000,1,1,3,1,1,2,2,1,1,1
SF,IF2012,2020-06-30 09:30:00.400,4004.0000,16034,0,21607200.000,2,1,1,多换,S,4007.0000,4006.0000,4005.8000,4005.4000,4005.2000,4013.0000,4014.0000,4018.2000,4018.4000,4019.0000,1,2,1,1,2,1,2,1,2,1
SF,IF2012,2020-06-30 09:30:00.900,4004.0000,16033,-1,22808400.000,1,0,1,双平,S,4007.6000,4007.4000,4007.2000,4007.0000,4006.0000,4012.0000,4013.0000,4014.0000,4018.2000,4018.4000,1,3,1,1,2,1,1,2,1,2
SF,IF2012,2020-06-30 09:30:01.400,4004.0000,16033,0,22808400.000,0,-,-,-,-,4008.0000,4007.8000,4007.6000,4007.2000,4007.0000,4013.0000,4014.0000,4018.2000,4018.4000,4019.0000,3,1,1,1,1,1,2,1,2,1
SF,IF2012,2020-06-30 09:30:01.900,4004.0000,16033,0,22808400.000,0,-,-,-,-,4008.8000,4008.6000,4008.2000,4008.0000,4007.2000,4013.0000,4014.0000,4018.2000,4018.4000,4019.0000,1,2,2,3,1,1,2,1,2,1
SF,IF2012,2020-06-30 09:30:02.400,4013.0000,16032,-1,24012300.000,1,0,1,双平,S,4012.0000,4009.4000,4009.2000,4009.0000,4008.6000,4014.0000,4018.2000,4018.4000,4019.0000,4019.6000,5,1,4,2,2,2,1,2,1,1
SF,IF2012,2020-06-30 09:30:02.900,4013.8000,16031,-1,28827780.000,4,1,3,多平,S,4012.2000,4012.0000,4009.2000,4008.6000,4007.2000,4014.0000,4018.2000,4018.4000,4019.0000,4019.6000,2,3,5,2,1,2,1,2,1,1
SF,IF2012,2020-06-30 09:30:03.400,4013.0000,16030,-1,30031680.000,1,0,1,双平,S,4012.8000,4012.2000,4012.0000,4009.2000,4008.6000,4014.0000,4018.4000,4019.0000,4019.6000,4020.0000,1,2,3,5,2,2,2,1,1,5
SF,IF2012,2020-06-30 09:30:03.900,4013.0000,16030,0,30031680.000,0,-,-,-,-,4013.0000,4012.2000,4012.0000,4009.2000,4008.6000,4013.8000,4014.0000,4018.4000,4019.0000,4019.6000,1,1,3,5,2,2,2,2,1,1
SF,IF2012,2020-06-30 09:30:04.400,4013.6000,16029,-1,32439840.000,2,0,2,多平,S,4012.2000,4012.0000,4009.2000,4008.0000,4007.2000,4013.8000,4014.0000,4018.4000,4019.0000,4019.6000,1,3,5,1,1,2,2,2,1,1
SF,IF2012,2020-06-30 09:30:04.900,4012.2000,16028,-1,34847220.000,2,0,2,多平,S,4013.0000,4012.0000,4009.2000,4008.0000,4007.2000,4013.8000,4014.0000,4019.0000,4019.6000,4020.0000,1,3,5,1,1,2,2,1,1,5
SF,IF2012,2020-06-30 09:30:05.400,4014.0000,16026,-2,39663780.000,4,1,3,多平,S,4013.2000,4013.0000,4012.6000,4012.0000,4009.2000,4014.0000,4019.0000,4019.6000,4020.0000,4023.0000,1,1,1,3,4,1,1,1,5,2
SF,IF2012,2020-06-30 09:30:05.900,4014.0000,16025,-1,40867980.000,1,0,1,双平,S,4013.2000,4013.0000,4012.6000,4012.0000,4009.2000,4014.4000,4019.0000,4019.6000,4020.0000,4023.0000,1,1,1,3,3,1,1,1,5,2
SF,IF2012,2020-06-30 09:30:06.400,4014.4000,16023,-2,43276620.000,2,0,2,双平,S,4013.2000,4013.0000,4012.6000,4012.0000,4010.0000,4019.0000,4019.6000,4020.0000,4023.0000,4024.0000,1,1,1,3,2,1,1,5,2,2
SF,IF2012,2020-06-30 09:30:06.900,4014.4000,16023,0,43276620.000,0,-,-,-,-,4013.2000,4013.0000,4012.6000,4012.0000,4010.0000,4017.2000,4018.8000,4019.0000,4019.6000,4020.0000,1,1,1,3,2,1,3,1,1,5
SF,IF2012,2020-06-30 09:30:07.400,4014.4000,16023,0,43276620.000,0,-,-,-,-,4013.2000,4013.0000,4012.6000,4012.0000,4010.0000,4017.0000,4017.2000,4018.8000,4019.0000,4019.6000,1,1,1,3,2,2,1,1,1,1
SF,IF2012,2020-06-30 09:30:07.900,4017.0000,16023,0,45686820.000,2,1,1,多换,S,4013.4000,4013.2000,4013.0000,4012.6000,4012.0000,4017.2000,4018.8000,4019.0000,4019.6000,4020.0000,1,2,1,1,3,1,1,1,1,5
SF,IF2012,2020-06-30 09:30:08.400,4017.0000,16023,0,45686820.000,0,-,-,-,-,4013.6000,4013.4000,4013.2000,4013.0000,4012.6000,4017.2000,4019.0000,4019.6000,4020.0000,4023.0000,1,1,1,1,1,1,1,1,5,2
SF,IF2012,2020-06-30 09:30:08.900,4017.0000,16023,0,45686820.000,0,-,-,-,-,4013.8000,4013.6000,4013.2000,4013.0000,4012.6000,4017.0000,4017.2000,4019.0000,4019.6000,4020.0000,1,1,1,1,1,1,1,1,1,5
SF,IF2012,2020-06-30 09:30:09.400,4017.0000,16023,0,45686820.000,0,-,-,-,-,4014.2000,4014.0000,4013.8000,4013.0000,4012.6000,4017.0000,4017.2000,4019.0000,4019.6000,4020.0000,1,1,1,1,1,1,1,1,1,5
SF,IF2012,2020-06-30 09:30:09.900,4017.0000,16023,0,45686820.000,0,-,-,-,-,4014.4000,4014.2000,4013.0000,4012.0000,4009.2000,4017.0000,4019.0000,4019.4000,4019.6000,4020.0000,2,1,1,3,3,4,1,1,1,5
SF,IF2012,2020-06-30 09:30:10.400,4017.0000,16022,-1,48097020.000,2,0,2,多平,S,4014.4000,4014.2000,4013.0000,4012.0000,4009.2000,4017.0000,4019.0000,4019.6000,4020.0000,4023.0000,2,1,1,3,3,2,1,1,5,2
SF,IF2012,2020-06-30 09:30:10.900,4014.6000,16022,0,49301400.000,1,0,1,多换,S,4014.6000,4014.4000,4014.2000,4013.0000,4012.0000,4016.8000,4017.0000,4019.0000,4019.6000,4020.0000,2,2,1,1,3,1,2,1,1,5
SF,IF2012,2020-06-30 09:30:11.400,4014.6000,16022,0,50505780.000,1,0,1,多换,S,4014.8000,4014.6000,4013.0000,4012.0000,4011.2000,4017.0000,4019.0000,4019.6000,4020.0000,4023.0000,3,2,1,3,1,2,1,1,5,2
SF,IF2012,2020-06-30 09:30:11.900,4014.6000,16021,-1,51710160.000,1,0,1,双平,S,4014.8000,4013.0000,4012.0000,4011.2000,4009.2000,4016.8000,4017.0000,4019.0000,4019.6000,4020.0000,2,1,3,1,3,2,2,1,1,5
SF,IF2012,2020-06-30 09:30:12.400,4014.6000,16021,0,51710160.000,0,-,-,-,-,4014.8000,4013.0000,4012.0000,4011.2000,4009.2000,4016.6000,4016.8000,4017.0000,4019.0000,4019.6000,1,1,3,1,3,2,2,2,1,1
SF,IF2012,2020-06-30 09:30:12.900,4016.4000,16020,-1,54119460.000,2,0,2,多平,S,4013.6000,4013.0000,4012.0000,4011.2000,4009.2000,4016.6000,4016.8000,4017.0000,4019.0000,4019.6000,1,1,3,1,3,2,1,2,1,1
SF,IF2012,2020-06-30 09:30:13.400,4016.4000,16020,0,54119460.000,0,-,-,-,-,4014.4000,4013.8000,4013.6000,4013.0000,4012.0000,4016.4000,4017.0000,4017.2000,4019.0000,4019.6000,1,2,1,1,3,1,2,1,1,1
SF,IF2012,2020-06-30 09:30:13.900,4016.4000,16020,0,54119460.000,0,-,-,-,-,4014.6000,4014.4000,4013.8000,4013.6000,4013.0000,4016.4000,4017.0000,4017.2000,4019.0000,4019.6000,1,1,1,1,1,1,2,1,1,1
SF,IF2012,2020-06-30 09:30:14.400,4016.4000,16020,0,54119460.000,0,-,-,-,-,4014.6000,4014.4000,4013.8000,4013.6000,4013.0000,4016.2000,4016.4000,4017.0000,4017.2000,4019.0000,1,1,1,1,1,1,1,2,1,1
SF,IF2012,2020-06-30 09:30:14.900,4014.4000,16019,-1,56528160.000,2,0,2,多平,S,4013.6000,4013.0000,4012.0000,4009.2000,4007.2000,4014.6000,4016.2000,4016.4000,4017.0000,4017.2000,1,1,3,3,1,1,1,1,2,1
SF,IF2012,2020-06-30 09:30:15.900,4014.6000,16017,-2,58936920.000,2,0,2,双平,S,4013.6000,4013.0000,4012.0000,4009.2000,4007.2000,4016.2000,4016.4000,4016.8000,4017.0000,4017.2000,1,1,3,3,1,1,1,1,2,1
SF,IF2012,2020-06-30 09:30:16.400,4013.8000,16016,-1,60141060.000,1,0,1,双平,S,4013.6000,4013.0000,4012.0000,4009.8000,4009.2000,4016.0000,4016.2000,4016.8000,4017.0000,4017.2000,1,1,3,1,3,2,1,1,2,1
SF,IF2012,2020-06-30 09:30:16.900,4013.6000,16015,-1,61345140.000,1,0,1,双平,S,4013.0000,4012.0000,4009.8000,4009.2000,4007.2000,4013.6000,4014.8000,4015.8000,4016.0000,4016.8000,1,3,1,3,1,4,1,1,2,1
SF,IF2012,2020-06-30 09:30:17.400,4013.6000,16012,-3,64957140.000,3,0,3,双平,S,4013.0000,4012.0000,4009.8000,4009.2000,4007.2000,4013.6000,4014.8000,4015.8000,4016.0000,4016.8000,1,3,1,3,1,3,1,1,1,1
SF,IF2012,2020-06-30 09:30:17.900,4013.6000,16010,-2,67365300.000,2,0,2,双平,S,4013.0000,4012.0000,4009.8000,4009.2000,4007.2000,4013.6000,4014.8000,4015.8000,4016.0000,4016.8000,1,3,1,3,1,1,1,1,1,1
SF,IF2012,2020-06-30 09:30:18.400,4014.8000,16008,-2,69773820.000,2,0,2,双平,S,4013.0000,4012.0000,4009.8000,4009.2000,4007.2000,4015.8000,4016.0000,4016.8000,4017.0000,4017.2000,1,3,1,3,1,1,1,1,2,1
SF,IF2012,2020-06-30 09:30:18.900,4014.8000,16008,0,69773820.000,0,-,-,-,-,4013.6000,4013.0000,4012.0000,4009.8000,4009.2000,4015.6000,4015.8000,4016.8000,4017.0000,4017.2000,1,1,3,1,3,2,1,1,2,1
SF,IF2012,2020-06-30 09:30:19.400,4014.8000,16008,0,70978260.000,1,0,1,多换,S,4013.0000,4012.0000,4009.8000,4009.2000,4007.2000,4015.4000,4015.6000,4016.8000,4017.0000,4017.2000,1,3,1,3,1,1,2,1,2,1
SF,IF2012,2020-06-30 09:30:19.900,4014.8000,16008,0,70978260.000,0,-,-,-,-,4013.8000,4013.0000,4012.0000,4009.8000,4009.2000,4015.2000,4015.4000,4015.6000,4016.8000,4017.0000,1,1,3,1,3,1,1,1,1,2
SF,IF2012,2020-06-30 09:30:20.400,4014.8000,16008,0,70978260.000,0,-,-,-,-,4013.8000,4013.0000,4012.0000,4009.8000,4009.2000,4015.0000,4015.6000,4016.8000,4017.0000,4017.2000,1,1,3,1,3,2,1,1,2,1
SF,IF2012,2020-06-30 09:30:20.900,4014.8000,16008,0,70978260.000,0,-,-,-,-,4013.8000,4013.6000,4013.0000,4012.0000,4009.8000,4015.0000,4015.6000,4016.8000,4017.0000,4017.2000,1,1,1,3,1,2,1,1,2,1
SF,IF2012,2020-06-30 09:30:21.400,4014.8000,16008,0,70978260.000,0,-,-,-,-,4013.8000,4013.6000,4013.0000,4012.0000,4009.8000,4015.0000,4016.4000,4016.8000,4017.0000,4017.2000,1,1,1,3,1,2,2,1,2,1
SF,IF2012,2020-06-30 09:30:21.900,4015.0000,16008,0,72182760.000,1,0,1,多换,S,4013.8000,4013.6000,4013.0000,4012.0000,4009.8000,4015.0000,4016.0000,4016.4000,4016.8000,4017.0000,1,1,1,3,1,1,1,2,1,2
SF,IF2012,2020-06-30 09:30:22.400,4015.0000,16008,0,72182760.000,0,-,-,-,-,4013.8000,4013.6000,4013.0000,4012.0000,4009.8000,4015.0000,4016.0000,4016.4000,4016.8000,4017.0000,1,1,2,3,1,1,1,2,1,2
SF,IF2012,2020-06-30 09:30:23.400,4015.0000,16008,0,72182760.000,0,-,-,-,-,4013.8000,4013.6000,4013.0000,4012.0000,4009.8000,4015.0000,4016.0000,4016.4000,4016.8000,4017.0000,1,1,2,3,1,1,1,2,1,2
SF,IF2012,2020-06-30 09:30:24.400,4015.0000,16007,-1,73387260.000,1,0,1,双平,S,4013.8000,4013.6000,4013.0000,4012.0000,4009.8000,4015.0000,4016.4000,4016.8000,4017.0000,4017.2000,1,1,2,3,1,1,2,1,2,1
SF,IF2012,2020-06-30 09:30:24.900,4015.0000,16007,0,74591760.000,1,0,1,多换,S,4013.8000,4013.6000,4013.0000,4012.0000,4009.8000,4015.0000,4016.2000,4016.4000,4016.6000,4016.8000,1,1,2,3,1,1,1,2,1,1
SF,IF2012,2020-06-30 09:30:25.400,4015.0000,16007,0,74591760.000,0,-,-,-,-,4013.8000,4013.6000,4013.0000,4012.0000,4009.8000,4014.8000,4015.0000,4016.2000,4016.4000,4016.6000,1,1,2,3,1,1,1,1,2,1
SF,IF2012,2020-06-30 09:30:25.900,4015.0000,16007,0,74591760.000,0,-,-,-,-,4013.8000,4013.6000,4013.0000,4012.0000,4009.8000,4014.8000,4015.0000,4016.2000,4016.4000,4016.6000,1,1,2,3,1,1,1,1,2,1
SF,IF2012,2020-06-30 09:30:26.400,4015.0000,16007,0,74591760.000,0,-,-,-,-,4014.0000,4013.8000,4013.6000,4013.0000,4012.0000,4015.0000,4016.2000,4016.4000,4016.6000,4016.8000,1,1,1,2,3,1,1,2,1,1
SF,IF2012,2020-06-30 09:30:26.900,4015.0000,16007,0,74591760.000,0,-,-,-,-,4014.0000,4013.8000,4013.6000,4013.0000,4012.0000,4014.4000,4015.0000,4016.4000,4016.6000,4016.8000,1,1,1,2,3,1,1,2,1,1
SF,IF2012,2020-06-30 09:30:27.400,4014.4000,16006,-1,75796080.000,1,0,1,双平,S,4014.0000,4013.8000,4013.6000,4013.0000,4012.0000,4015.0000,4016.4000,4016.6000,4016.8000,4017.0000,1,1,1,2,3,1,2,1,1,2
SF,IF2012,2020-06-30 09:30:28.900,4014.4000,16006,0,75796080.000,0,-,-,-,-,4014.0000,4013.8000,4013.6000,4013.0000,4012.0000,4015.0000,4016.4000,4016.6000,4016.8000,4017.0000,1,1,1,2,3,1,2,1,1,2
SF,IF2012,2020-06-30 09:30:29.400,4014.0000,16005,-1,78204780.000,2,0,2,多平,S,4013.8000,4013.6000,4013.0000,4012.0000,4010.0000,4014.0000,4016.4000,4016.6000,4016.8000,4017.0000,1,1,2,3,1,1,2,1,1,2
SF,IF2012,2020-06-30 09:30:29.900,4014.0000,16004,-1,79408980.000,1,0,1,双平,S,4014.0000,4013.8000,4013.6000,4013.0000,4012.8000,4016.4000,4016.6000,4016.8000,4017.0000,4017.2000,2,1,1,2,1,2,1,1,2,1
SF,IF2012,2020-06-30 09:30:30.400,4014.0000,16004,0,80613180.000,1,0,1,多换,S,4014.0000,4013.8000,4013.6000,4013.0000,4012.8000,4015.2000,4016.2000,4016.4000,4016.6000,4016.8000,3,1,1,2,1,1,1,2,1,1
SF,IF2012,2020-06-30 09:30:30.900,4015.2000,16004,0,81817740.000,1,0,1,多换,S,4014.4000,4014.0000,4013.8000,4013.6000,4013.0000,4016.2000,4016.4000,4016.8000,4017.0000,4017.2000,1,3,1,1,2,1,2,1,2,1
SF,IF2012,2020-06-30 09:30:31.400,4015.2000,16004,0,81817740.000,0,-,-,-,-,4014.4000,4014.0000,4013.8000,4013.6000,4013.0000,4016.0000,4016.2000,4016.4000,4016.8000,4017.0000,1,3,1,1,2,1,1,2,1,2
SF,IF2012,2020-06-30 09:30:31.900,4015.2000,16004,0,81817740.000,0,-,-,-,-,4014.4000,4014.0000,4013.8000,4013.6000,4013.0000,4014.8000,4016.0000,4016.2000,4016.4000,4016.8000,1,3,1,1,2,2,1,1,2,1
SF,IF2012,2020-06-30 09:30:32.400,4014.8000,16003,-1,84226620.000,2,0,2,多平,S,4014.8000,4014.4000,4014.0000,4013.8000,4013.6000,4016.0000,4016.2000,4016.4000,4016.8000,4017.0000,1,1,3,1,1,1,1,2,1,2
SF,IF2012,2020-06-30 09:30:32.900,4016.0000,16002,-1,85431420.000,1,0,1,双平,S,4014.4000,4014.0000,4013.8000,4013.6000,4013.4000,4016.4000,4016.8000,4017.0000,4017.2000,4019.0000,1,2,1,1,1,2,1,2,1,1
SF,IF2012,2020-06-30 09:30:33.400,4016.0000,16002,0,85431420.000,0,-,-,-,-,4014.4000,4014.0000,4013.8000,4013.6000,4013.4000,4016.2000,4016.4000,4016.8000,4017.0000,4017.2000,1,2,1,1,1,2,2,1,2,1
SF,IF2012,2020-06-30 09:30:34.900,4016.0000,16002,0,85431420.000,0,-,-,-,-,4014.4000,4014.0000,4013.8000,4013.6000,4013.4000,4015.8000,4016.2000,4016.4000,4016.8000,4017.0000,1,2,1,1,1,1,2,2,1,2
SF,IF2012,2020-06-30 09:30:35.400,4016.0000,16002,0,85431420.000,0,-,-,-,-,4014.4000,4014.0000,4013.8000,4013.6000,4013.4000,4015.6000,4015.8000,4016.2000,4016.4000,4016.8000,1,2,1,1,1,1,1,1,2,1
SF,IF2012,2020-06-30 09:30:35.900,4016.0000,16002,0,85431420.000,0,-,-,-,-,4014.4000,4014.0000,4013.8000,4013.6000,4013.4000,4015.6000,4016.2000,4016.4000,4016.8000,4017.0000,1,2,1,1,1,1,1,2,1,2
SF,IF2012,2020-06-30 09:30:36.400,4016.0000,16002,0,85431420.000,0,-,-,-,-,4014.4000,4014.0000,4013.8000,4013.6000,4013.4000,4015.6000,4016.2000,4016.4000,4016.8000,4017.0000,1,2,1,1,1,1,1,2,1,2
SF,IF2012,2020-06-30 09:30:36.900,4015.6000,16002,0,86636100.000,1,0,1,多换,S,4015.6000,4014.4000,4014.0000,4013.8000,4013.6000,4016.2000,4016.4000,4016.8000,4017.0000,4017.2000,1,1,1,1,1,1,2,1,2,1
SF,IF2012,2020-06-30 09:30:37.400,4015.6000,16002,0,90250140.000,3,1,2,多换,S,4014.4000,4014.0000,4013.8000,4013.6000,4013.4000,4016.0000,4016.4000,4016.8000,4017.0000,4017.2000,1,1,1,1,1,1,2,1,2,1
SF,IF2012,2020-06-30 09:30:37.900,4015.6000,16002,0,90250140.000,0,-,-,-,-,4014.6000,4014.4000,4014.0000,4013.8000,4013.6000,4015.6000,4016.0000,4016.4000,4016.8000,4017.0000,1,1,1,1,1,1,1,2,1,2
SF,IF2012,2020-06-30 09:30:38.400,4015.6000,16002,0,92659140.000,2,1,1,多换,S,4014.0000,4013.8000,4013.6000,4013.4000,4013.0000,4016.0000,4016.4000,4016.8000,4017.0000,4017.2000,1,1,1,1,2,1,2,1,2,1
SF,IF2012,2020-06-30 09:30:38.900,4015.6000,16002,0,92659140.000,0,-,-,-,-,4014.2000,4014.0000,4013.8000,4013.6000,4013.4000,4015.6000,4015.8000,4016.0000,4016.4000,4016.8000,1,1,1,1,1,1,1,1,2,1
SF,IF2012,2020-06-30 09:30:39.900,4014.2000,16002,0,93863400.000,1,0,1,多换,S,4015.0000,4014.0000,4013.8000,4013.6000,4013.4000,4015.6000,4015.8000,4016.0000,4016.4000,4016.8000,1,1,1,1,1,1,1,1,2,1
SF,IF2012,2020-06-30 09:30:40.400,4015.0000,16001,-1,95067900.000,1,0,1,双平,S,4014.0000,4013.8000,4013.6000,4013.0000,4012.8000,4015.4000,4015.6000,4016.4000,4016.8000,4017.0000,1,1,1,2,1,1,1,2,1,2
SF,IF2012,2020-06-30 09:30:41.900,4015.4000,16001,0,96272520.000,1,0,1,多换,S,4014.0000,4013.8000,4013.6000,4013.0000,4012.8000,4015.6000,4016.4000,4016.8000,4017.0000,4017.2000,2,1,1,2,1,1,2,1,2,1
SF,IF2012,2020-06-30 09:30:42.400,4015.4000,16001,0,97477140.000,1,0,1,多换,S,4014.2000,4014.0000,4013.8000,4013.6000,4013.0000,4015.6000,4016.4000,4016.8000,4017.0000,4017.2000,1,2,1,1,2,1,2,1,2,1
SF,IF2012,2020-06-30 09:30:43.400,4015.4000,16001,0,97477140.000,0,-,-,-,-,4014.2000,4014.0000,4013.8000,4013.6000,4013.0000,4015.4000,4015.6000,4016.4000,4016.8000,4017.0000,1,2,1,1,2,1,1,2,1,2
SF,IF2012,2020-06-30 09:30:43.900,4015.4000,16001,0,97477140.000,0,-,-,-,-,4014.0000,4013.8000,4013.6000,4013.0000,4012.8000,4015.0000,4015.2000,4015.4000,4015.6000,4016.4000,2,1,1,2,1,1,1,1,1,2
SF,IF2012,2020-06-30 09:30:44.400,4014.0000,16002,1,98681340.000,1,1,0,双开,S,4014.0000,4013.8000,4013.6000,4013.0000,4012.8000,4014.8000,4015.0000,4015.2000,4015.4000,4015.6000,1,1,1,2,1,1,1,1,1,1
SF,IF2012,2020-06-30 09:30:45.900,4014.8000,16002,0,102294120.000,3,1,2,多换,S,4013.6000,4013.0000,4012.8000,4012.0000,4010.0000,4015.0000,4015.2000,4015.4000,4015.6000,4016.4000,1,2,1,3,2,1,1,1,1,2
SF,IF2012,2020-06-30 09:30:46.400,4014.8000,16002,0,102294120.000,0,-,-,-,-,4013.6000,4013.0000,4012.0000,4010.0000,4009.8000,4015.0000,4015.4000,4015.6000,4016.4000,4016.8000,1,2,3,2,1,1,1,1,2,1
SF,IF2012,2020-06-30 09:30:46.900,4013.6000,16002,0,103498200.000,1,0,1,多换,S,4013.0000,4012.0000,4010.0000,4009.8000,4009.2000,4014.8000,4015.0000,4015.4000,4015.6000,4016.4000,2,3,2,1,3,1,1,1,1,2
SF,IF2012,2020-06-30 09:30:47.400,4013.6000,16002,0,103498200.000,0,-,-,-,-,4013.0000,4012.0000,4010.0000,4009.8000,4009.2000,4014.6000,4014.8000,4015.0000,4015.4000,4015.6000,2,3,2,1,3,4,1,1,1,1
SF,IF2012,2020-06-30 09:30:47.900,4013.6000,16002,0,103498200.000,0,-,-,-,-,4013.0000,4012.0000,4010.0000,4009.8000,4009.2000,4014.6000,4015.0000,4015.4000,4015.6000,4016.4000,2,3,2,1,3,4,1,1,1,2
SF,IF2012,2020-06-30 09:30:48.400,4013.6000,16002,0,103498200.000,0,-,-,-,-,4013.2000,4013.0000,4012.0000,4010.0000,4009.8000,4014.6000,4015.0000,4015.4000,4015.6000,4016.4000,1,2,3,2,1,4,1,1,1,2
SF,IF2012,2020-06-30 09:30:48.900,4013.0000,16003,1,105906060.000,2,1,1,空开,S,4013.0000,4012.0000,4010.0000,4009.8000,4008.0000,4014.4000,4014.6000,4015.0000,4015.4000,4015.6000,1,3,2,1,1,1,4,1,1,1
SF,IF2012,2020-06-30 09:30:49.400,4013.0000,16002,-1,107109960.000,1,0,1,双平,S,4012.0000,4010.0000,4009.8000,4008.0000,4005.8000,4013.2000,4014.4000,4014.6000,4015.0000,4015.4000,3,2,1,1,1,1,1,4,1,1
SF,IF2012,2020-06-30 09:30:49.900,4013.0000,16002,0,107109960.000,0,-,-,-,-,4012.0000,4010.0000,4009.8000,4008.0000,4005.0000,4013.2000,4014.4000,4014.6000,4015.0000,4015.6000,3,2,1,1,5,1,1,4,1,1
SF,IF2012,2020-06-30 09:30:50.400,4013.0000,16002,0,107109960.000,0,-,-,-,-,4013.6000,4012.2000,4012.0000,4010.0000,4009.8000,4014.4000,4014.6000,4015.0000,4015.6000,4016.4000,1,1,3,2,1,2,4,1,1,2
SF,IF2012,2020-06-30 09:30:50.900,4013.6000,16000,-2,109518120.000,2,0,2,双平,S,4012.2000,4012.0000,4010.0000,4009.8000,4008.0000,4014.4000,4014.6000,4015.0000,4015.6000,4016.4000,1,3,2,1,1,2,4,1,1,2
SF,IF2012,2020-06-30 09:30:51.400,4013.6000,16000,0,109518120.000,0,-,-,-,-,4012.2000,4012.0000,4010.0000,4009.8000,4008.0000,4014.2000,4014.4000,4014.6000,4015.0000,4015.6000,1,3,2,1,1,1,2,4,1,1
SF,IF2012,2020-06-30 09:30:51.900,4013.6000,16000,0,109518120.000,0,-,-,-,-,4012.2000,4012.0000,4010.0000,4009.8000,4008.0000,4013.6000,4014.2000,4014.4000,4014.6000,4015.0000,1,5,2,1,1,1,1,1,4,1
SF,IF2012,2020-06-30 09:30:52.400,4013.6000,16000,0,109518120.000,0,-,-,-,-,4012.4000,4012.2000,4012.0000,4010.0000,4009.8000,4013.4000,4014.2000,4014.4000,4014.6000,4015.0000,1,1,4,2,1,1,1,1,4,1
SF,IF2012,2020-06-30 09:30:52.900,4013.6000,16000,0,109518120.000,0,-,-,-,-,4012.4000,4012.2000,4012.0000,4010.0000,4009.8000,4013.4000,4014.2000,4014.4000,4014.6000,4015.0000,1,1,3,2,1,1,1,1,4,1
SF,IF2012,2020-06-30 09:30:53.400,4013.6000,16000,0,109518120.000,0,-,-,-,-,4012.0000,4010.0000,4009.8000,4008.0000,4005.0000,4012.8000,4013.4000,4014.2000,4014.4000,4014.6000,3,2,1,1,5,1,1,1,1,4
SF,IF2012,2020-06-30 09:30:53.900,4012.8000,15999,-1,110721960.000,1,0,1,双平,S,4013.2000,4012.0000,4010.0000,4009.8000,4008.0000,4013.4000,4014.2000,4014.4000,4014.6000,4015.0000,1,3,2,1,1,1,1,1,4,1
SF,IF2012,2020-06-30 09:30:54.400,4013.2000,15998,-1,111925920.000,1,0,1,双平,S,4012.0000,4010.0000,4009.8000,4008.0000,4005.0000,4013.2000,4014.4000,4014.6000,4015.0000,4015.6000,3,2,1,1,5,1,1,4,1,1
SF,IF2012,2020-06-30 09:30:54.900,4013.2000,15998,0,111925920.000,0,-,-,-,-,4012.0000,4010.0000,4009.8000,4008.0000,4005.0000,4013.0000,4013.2000,4014.4000,4014.6000,4015.0000,3,2,1,1,5,1,1,1,4,1
SF,IF2012,2020-06-30 09:30:55.400,4013.2000,15997,-1,113129880.000,1,0,1,双平,S,4012.6000,4012.0000,4010.0000,4009.8000,4008.0000,4013.2000,4014.4000,4014.6000,4015.0000,4015.6000,1,5,2,1,1,1,1,4,1,1
SF,IF2012,2020-06-30 09:30:55.900,4012.6000,15998,1,114333660.000,1,1,0,双开,S,4012.0000,4010.0000,4009.8000,4008.0000,4005.0000,4013.2000,4014.4000,4014.6000,4015.0000,4015.6000,5,2,1,1,5,1,1,4,1,1
SF,IF2012,2020-06-30 09:30:56.400,4013.2000,15997,-1,115537620.000,1,0,1,双平,S,4013.6000,4012.0000,4010.0000,4009.8000,4008.0000,4014.4000,4014.6000,4015.0000,4015.6000,4015.8000,1,5,2,1,1,1,4,1,1,1
SF,IF2012,2020-06-30 09:30:56.900,4014.4000,15996,-1,116741940.000,1,0,1,双平,S,4013.6000,4012.0000,4010.0000,4009.8000,4008.0000,4014.6000,4015.0000,4015.6000,4015.8000,4016.4000,1,5,2,1,1,4,1,1,1,2
SF,IF2012,2020-06-30 09:30:57.400,4013.6000,15995,-1,117946020.000,1,0,1,双平,S,4012.0000,4010.0000,4009.8000,4008.0000,4005.0000,4014.6000,4015.0000,4015.6000,4015.8000,4016.4000,5,2,1,1,5,4,1,1,1,2
SF,IF2012,2020-06-30 09:30:57.900,4013.6000,15995,0,117946020.000,0,-,-,-,-,4012.0000,4010.0000,4009.8000,4008.0000,4005.0000,4014.4000,4014.6000,4015.0000,4015.6000,4015.8000,5,2,1,1,5,1,4,1,1,1
SF,IF2012,2020-06-30 09:30:58.400,4013.6000,15995,0,117946020.000,0,-,-,-,-,4012.6000,4012.0000,4010.0000,4009.8000,4008.0000,4014.4000,4014.6000,4015.0000,4015.6000,4015.8000,1,5,2,1,1,2,4,1,1,1
SF,IF2012,2020-06-30 09:30:58.900,4013.6000,15995,0,117946020.000,0,-,-,-,-,4012.6000,4012.0000,4010.0000,4009.8000,4008.0000,4014.4000,4014.6000,4015.0000,4015.6000,4015.8000,1,5,2,1,1,2,4,5,1,1
SF,IF2012,2020-06-30 09:30:59.400,4013.6000,15995,0,117946020.000,0,-,-,-,-,4012.6000,4012.0000,4010.0000,4009.8000,4008.0000,4014.4000,4014.6000,4015.0000,4015.6000,4015.8000,1,5,2,1,1,2,4,5,1,1
SF,IF2012,2020-06-30 09:30:59.900,4013.6000,15995,0,117946020.000,0,-,-,-,-,4012.8000,4012.6000,4012.0000,4010.0000,4009.8000,4014.4000,4014.6000,4015.0000,4015.6000,4015.8000,1,1,5,2,1,1,4,5,1,1
SF,IF2012,2020-06-30 09:31:00.400,4014.4000,15994,-1,119150340.000,1,0,1,双平,S,4014.4000,4013.2000,4012.6000,4012.0000,4010.0000,4014.6000,4015.0000,4015.6000,4015.8000,4016.4000,2,1,1,5,2,4,5,1,1,2
SF,IF2012,2020-06-30 09:31:00.900,4015.0000,15988,-6,129990000.000,9,1,8,多平,S,4013.2000,4012.0000,4010.0000,4009.8000,4008.0000,4015.0000,4015.6000,4015.8000,4016.4000,4016.8000,1,5,2,1,1,2,1,1,2,1
SF,IF2012,2020-06-30 09:31:01.400,4015.0000,15988,0,129990000.000,0,-,-,-,-,4013.4000,4013.2000,4012.0000,4010.0000,4009.8000,4015.0000,4015.6000,4015.8000,4016.4000,4016.8000,1,1,5,2,1,2,1,1,2,1
SF,IF2012,2020-06-30 09:31:01.900,4015.0000,15988,0,129990000.000,0,-,-,-,-,4014.0000,4013.6000,4013.4000,4013.2000,4012.0000,4015.0000,4015.6000,4015.8000,4016.4000,4016.8000,1,1,1,1,5,2,1,1,2,1
SF,IF2012,2020-06-30 09:31:02.400,4015.0000,15988,0,129990000.000,0,-,-,-,-,4014.0000,4013.6000,4013.2000,4012.0000,4010.0000,4015.0000,4015.6000,4015.8000,4016.4000,4016.8000,1,1,1,5,2,2,1,1,2,1
SF,IF2012,2020-06-30 09:31:02.900,4015.0000,15985,-3,133603500.000,3,0,3,双平,S,4014.0000,4013.2000,4012.8000,4012.0000,4010.0000,4015.0000,4015.6000,4015.8000,4016.4000,4016.8000,1,1,1,5,2,2,1,1,2,1
SF,IF2012,2020-06-30 09:31:03.400,4015.0000,15983,-2,136012500.000,2,0,2,双平,S,4014.0000,4013.2000,4012.8000,4012.0000,4010.0000,4015.6000,4015.8000,4016.4000,4016.8000,4017.2000,1,1,1,5,2,1,1,2,1,1
SF,IF2012,2020-06-30 09:31:03.900,4015.0000,15983,0,136012500.000,0,-,-,-,-,4014.0000,4013.2000,4012.8000,4012.0000,4010.0000,4015.8000,4016.4000,4016.8000,4017.2000,4018.0000,1,1,1,5,2,1,2,1,1,1
SF,IF2012,2020-06-30 09:31:04.400,4015.0000,15983,0,136012500.000,0,-,-,-,-,4014.2000,4014.0000,4013.2000,4012.8000,4012.0000,4015.8000,4016.4000,4016.8000,4017.2000,4018.0000,1,1,1,1,5,1,2,1,1,1
SF,IF2012,2020-06-30 09:31:04.900,4015.8000,15983,0,137217240.000,1,0,1,多换,S,4014.0000,4013.2000,4012.8000,4012.0000,4010.0000,4016.4000,4016.8000,4017.2000,4018.0000,4018.8000,1,1,1,5,2,2,1,1,1,1
SF,IF2012,2020-06-30 09:31:05.400,4015.8000,15983,0,137217240.000,0,-,-,-,-,4015.6000,4014.2000,4013.2000,4012.8000,4012.0000,4016.4000,4016.8000,4017.2000,4018.0000,4018.8000,1,2,1,1,5,2,1,1,1,1
SF,IF2012,2020-06-30 09:31:05.900,4015.8000,15982,-1,142036560.000,4,1,3,多平,S,4015.6000,4014.2000,4013.2000,4012.8000,4012.0000,4016.8000,4017.2000,4018.0000,4018.8000,4019.0000,1,1,1,1,5,1,1,1,1,1
SF,IF2012,2020-06-30 09:31:06.400,4015.8000,15982,0,142036560.000,0,-,-,-,-,4015.6000,4014.2000,4013.2000,4012.8000,4012.0000,4016.8000,4017.2000,4018.0000,4018.8000,4019.0000,1,1,1,1,5,1,1,1,1,1
SF,IF2012,2020-06-30 09:31:07.900,4015.6000,15981,-1,143241240.000,1,0,1,双平,S,4015.8000,4014.2000,4013.2000,4012.8000,4012.0000,4016.8000,4017.2000,4018.0000,4018.8000,4019.0000,1,1,1,1,5,1,1,1,1,1
SF,IF2012,2020-06-30 09:31:08.400,4015.6000,15982,1,144445920.000,1,1,0,双开,S,4014.2000,4013.2000,4012.8000,4012.0000,4010.0000,4016.6000,4016.8000,4017.2000,4018.0000,4018.8000,1,1,1,5,2,1,1,1,1,1
SF,IF2012,2020-06-30 09:31:09.400,4015.6000,15982,0,144445920.000,0,-,-,-,-,4015.4000,4014.2000,4013.2000,4012.8000,4012.0000,4016.6000,4016.8000,4017.2000,4018.0000,4018.8000,1,1,1,1,4,1,1,1,1,1
SF,IF2012,2020-06-30 09:31:09.900,4015.6000,15982,0,144445920.000,0,-,-,-,-,4015.6000,4015.4000,4014.2000,4013.2000,4012.8000,4016.6000,4016.8000,4017.2000,4018.0000,4018.8000,1,1,1,1,1,1,1,1,1,1
SF,IF2012,2020-06-30 09:31:10.400,4015.6000,15982,0,144445920.000,0,-,-,-,-,4015.8000,4015.6000,4015.4000,4014.2000,4013.2000,4016.8000,4017.2000,4018.0000,4018.8000,4019.0000,2,1,1,1,1,1,1,1,1,1
SF,IF2012,2020-06-30 09:31:10.900,4015.6000,15982,0,144445920.000,0,-,-,-,-,4015.8000,4015.6000,4015.4000,4014.2000,4013.2000,4016.8000,4017.2000,4018.0000,4018.8000,4019.0000,2,1,1,1,1,1,1,1,1,1
SF,IF2012,2020-06-30 09:31:11.900,4016.8000,15982,0,145650960.000,1,0,1,多换,S,4017.0000,4015.8000,4015.4000,4014.2000,4013.2000,4017.2000,4018.0000,4018.8000,4019.0000,4019.6000,1,1,1,1,1,1,1,1,1,1
SF,IF2012,2020-06-30 09:31:12.400,4017.2000,15981,-1,146856120.000,1,0,1,双平,S,4017.0000,4016.8000,4015.8000,4015.4000,4014.2000,4018.0000,4018.8000,4019.0000,4019.6000,4020.0000,1,1,1,1,1,1,1,1,1,5
SF,IF2012,2020-06-30 09:31:12.900,4017.2000,15981,0,146856120.000,0,-,-,-,-,4017.0000,4016.8000,4016.6000,4015.8000,4015.4000,4018.0000,4018.8000,4019.0000,4019.6000,4020.0000,1,1,1,1,1,1,1,1,1,5
SF,IF2012,2020-06-30 09:31:13.900,4017.2000,15981,0,146856120.000,0,-,-,-,-,4017.0000,4016.8000,4016.6000,4015.8000,4015.4000,4018.0000,4018.8000,4019.0000,4019.6000,4020.0000,1,1,1,1,1,1,1,1,1,5
SF,IF2012,2020-06-30 09:31:15.400,4018.0000,15980,-1,148061520.000,1,0,1,双平,S,4017.0000,4016.8000,4016.6000,4015.8000,4015.4000,4018.8000,4019.0000,4019.6000,4020.0000,4023.0000,1,1,1,1,1,1,1,1,5,1
SF,IF2012,2020-06-30 09:31:15.900,4017.2000,15979,-1,149266680.000,1,0,1,双平,S,4018.0000,4017.0000,4016.8000,4016.6000,4015.8000,4018.8000,4019.0000,4019.6000,4020.0000,4024.0000,1,1,1,1,1,1,1,1,5,7
SF,IF2012,2020-06-30 09:31:16.400,4017.2000,15979,0,149266680.000,0,-,-,-,-,4018.0000,4017.0000,4016.8000,4016.6000,4015.8000,4018.6000,4018.8000,4019.0000,4019.6000,4020.0000,1,1,1,1,1,5,1,1,1,5
SF,IF2012,2020-06-30 09:31:16.900,4017.2000,15979,0,149266680.000,0,-,-,-,-,4018.0000,4017.0000,4016.8000,4016.6000,4015.8000,4018.6000,4018.8000,4019.0000,4019.6000,4020.0000,1,1,1,1,1,5,1,1,1,5
SF,IF2012,2020-06-30 09:31:17.400,4017.2000,15979,0,149266680.000,0,-,-,-,-,4018.0000,4017.0000,4016.8000,4016.6000,4015.8000,4018.6000,4018.8000,4019.0000,4019.6000,4020.0000,1,1,1,1,1,4,1,1,1,5
SF,IF2012,2020-06-30 09:31:17.900,4017.2000,15979,0,149266680.000,0,-,-,-,-,4018.0000,4017.0000,4016.8000,4016.6000,4015.8000,4018.4000,4018.6000,4018.8000,4019.0000,4019.6000,1,1,1,1,1,1,4,1,1,1
SF,IF2012,2020-06-30 09:31:18.400,4018.0000,15979,0,150472080.000,1,0,1,多换,S,4017.0000,4016.8000,4016.6000,4015.8000,4015.4000,4018.0000,4018.4000,4018.6000,4018.8000,4019.0000,1,1,1,1,1,1,1,4,1,1
SF,IF2012,2020-06-30 09:31:18.900,4018.0000,15979,0,150472080.000,0,-,-,-,-,4017.4000,4017.0000,4016.8000,4016.6000,4015.8000,4018.0000,4018.2000,4018.4000,4018.8000,4019.0000,1,1,1,1,1,1,4,1,1,1
SF,IF2012,2020-06-30 09:31:19.900,4017.4000,15978,-1,151677300.000,1,0,1,双平,S,4017.0000,4016.8000,4016.6000,4015.8000,4015.4000,4018.0000,4018.2000,4018.4000,4018.8000,4019.0000,1,1,1,1,1,1,4,1,1,1
SF,IF2012,2020-06-30 09:31:20.400,4017.4000,15978,0,151677300.000,0,-,-,-,-,4017.4000,4017.0000,4016.8000,4016.6000,4015.8000,4018.0000,4018.2000,4018.4000,4018.8000,4019.0000,1,1,1,1,1,1,4,1,1,1
SF,IF2012,2020-06-30 09:31:20.900,4017.4000,15978,0,151677300.000,0,-,-,-,-,4017.0000,4016.8000,4016.6000,4015.8000,4015.4000,4018.2000,4018.4000,4018.8000,4019.0000,4019.6000,1,1,1,1,1,4,1,1,1,1
SF,IF2012,2020-06-30 09:31:21.400,4017.4000,15978,0,151677300.000,0,-,-,-,-,4017.0000,4016.8000,4016.6000,4015.8000,4015.4000,4017.8000,4018.4000,4018.8000,4019.0000,4019.6000,1,1,1,1,1,4,1,1,1,1
SF,IF2012,2020-06-30 09:31:21.900,4017.8000,15976,-2,154087980.000,2,0,2,双平,S,4017.0000,4016.8000,4016.6000,4015.8000,4015.4000,4017.8000,4018.4000,4018.8000,4019.0000,4019.6000,1,1,1,1,1,2,1,1,1,1
SF,IF2012,2020-06-30 09:31:22.400,4017.8000,15976,0,154087980.000,0,-,-,-,-,4017.0000,4016.8000,4016.6000,4015.8000,4015.4000,4017.6000,4018.4000,4018.8000,4019.0000,4019.6000,1,1,1,1,1,2,1,1,1,1
SF,IF2012,2020-06-30 09:31:22.900,4017.8000,15975,-1,155293320.000,1,0,1,双平,S,4017.0000,4016.8000,4016.6000,4015.8000,4015.4000,4017.6000,4018.4000,4018.8000,4019.0000,4019.6000,1,1,1,1,1,1,1,1,1,1
SF,IF2012,2020-06-30 09:31:23.400,4017.8000,15975,0,155293320.000,0,-,-,-,-,4017.0000,4016.8000,4016.6000,4015.8000,4015.4000,4017.4000,4018.4000,4018.8000,4019.0000,4019.6000,2,1,1,1,1,1,1,1,1,1
SF,IF2012,2020-06-30 09:31:23.900,4017.6000,15975,0,156498600.000,1,0,1,多换,S,4017.8000,4017.6000,4017.0000,4016.8000,4016.6000,4018.4000,4018.8000,4019.0000,4019.6000,4020.0000,1,2,2,1,1,1,1,1,1,5
SF,IF2012,2020-06-30 09:31:24.400,4017.8000,15974,-1,157703940.000,1,0,1,双平,S,4017.6000,4017.0000,4016.8000,4016.6000,4015.8000,4018.2000,4018.4000,4018.8000,4019.0000,4019.6000,2,2,1,1,1,1,1,1,1,1
SF,IF2012,2020-06-30 09:31:24.900,4018.2000,15973,-1,158909400.000,1,0,1,双平,S,4018.2000,4017.6000,4017.0000,4016.8000,4016.6000,4018.4000,4018.8000,4019.0000,4019.6000,4020.0000,5,2,3,1,1,1,1,1,1,5
SF,IF2012,2020-06-30 09:31:25.400,4018.4000,15970,-3,166142220.000,6,1,5,多平,S,4017.6000,4017.0000,4016.8000,4016.6000,4015.8000,4018.8000,4019.0000,4019.6000,4020.0000,4023.0000,2,3,1,1,1,1,1,1,5,1
SF,IF2012,2020-06-30 09:31:25.900,4018.4000,15970,0,166142220.000,0,-,-,-,-,4017.6000,4017.0000,4016.8000,4016.6000,4015.8000,4018.2000,4018.8000,4019.0000,4019.6000,4020.0000,2,3,1,1,1,1,1,1,1,5
SF,IF2012,2020-06-30 09:31:26.400,4018.2000,15969,-1,167347680.000,1,0,1,双平,S,4017.8000,4017.6000,4017.0000,4016.8000,4016.6000,4018.8000,4019.0000,4019.6000,4020.0000,4023.0000,1,2,3,1,1,1,1,1,5,1
SF,IF2012,2020-06-30 09:31:26.900,4018.2000,15969,0,167347680.000,0,-,-,-,-,4017.8000,4017.6000,4017.0000,4016.8000,4016.6000,4018.8000,4019.0000,4019.6000,4020.0000,4023.0000,1,2,3,1,1,1,1,1,5,1
SF,IF2012,2020-06-30 09:31:27.400,4018.2000,15969,0,167347680.000,0,-,-,-,-,4017.8000,4017.6000,4017.0000,4016.8000,4016.6000,4018.8000,4019.0000,4019.6000,4020.0000,4023.0000,1,2,3,1,1,1,1,1,5,1
SF,IF2012,2020-06-30 09:31:27.900,4019.0000,15968,-1,169759020.000,2,0,2,多平,S,4017.8000,4017.6000,4017.0000,4016.8000,4015.8000,4019.6000,4020.0000,4023.0000,4024.0000,4024.4000,1,2,3,1,1,1,5,1,7,1
SF,IF2012,2020-06-30 09:31:28.400,4019.0000,15968,0,169759020.000,0,-,-,-,-,4018.0000,4017.8000,4017.6000,4017.0000,4016.8000,4019.6000,4020.0000,4023.0000,4024.0000,4024.4000,1,1,2,3,1,1,5,1,7,1
SF,IF2012,2020-06-30 09:31:28.900,4019.0000,15968,0,169759020.000,0,-,-,-,-,4018.0000,4017.8000,4017.6000,4017.0000,4016.8000,4019.6000,4020.0000,4023.0000,4024.0000,4024.4000,1,1,2,3,1,1,5,1,7,1
SF,IF2012,2020-06-30 09:31:29.400,4019.0000,15968,0,169759020.000,0,-,-,-,-,4018.2000,4018.0000,4017.6000,4017.0000,4016.8000,4019.6000,4020.0000,4023.0000,4024.0000,4024.4000,1,1,2,3,1,1,5,1,7,1
SF,IF2012,2020-06-30 09:31:30.400,4019.0000,15968,0,169759020.000,0,-,-,-,-,4018.8000,4018.2000,4018.0000,4017.6000,4017.0000,4019.6000,4020.0000,4023.0000,4024.0000,4024.4000,2,1,1,2,3,1,5,1,7,1
SF,IF2012,2020-06-30 09:31:30.900,4019.4000,15968,0,170964840.000,1,0,1,多换,S,4019.0000,4018.8000,4018.2000,4018.0000,4017.6000,4019.4000,4019.6000,4020.0000,4023.0000,4024.0000,1,2,1,1,2,4,1,5,1,7
SF,IF2012,2020-06-30 09:31:31.400,4019.4000,15968,0,172170660.000,1,0,1,多换,S,4019.0000,4018.8000,4018.2000,4018.0000,4017.6000,4019.4000,4019.6000,4020.0000,4023.0000,4024.0000,1,2,1,1,2,3,1,5,1,7
SF,IF2012,2020-06-30 09:31:32.400,4019.4000,15968,0,172170660.000,0,-,-,-,-,4019.0000,4018.8000,4018.2000,4018.0000,4017.6000,4019.4000,4019.6000,4020.0000,4023.0000,4024.0000,1,2,1,1,2,3,1,5,1,7
SF,IF2012,2020-06-30 09:31:33.400,4019.4000,15968,0,172170660.000,0,-,-,-,-,4019.0000,4018.8000,4018.0000,4017.6000,4017.0000,4019.4000,4019.6000,4020.0000,4023.0000,4024.0000,1,2,1,2,3,3,1,5,1,7
SF,IF2012,2020-06-30 09:31:33.900,4019.4000,15968,0,172170660.000,0,-,-,-,-,4019.0000,4018.8000,4018.0000,4017.6000,4017.0000,4019.2000,4019.6000,4020.0000,4023.0000,4024.0000,1,2,1,2,3,3,1,5,1,7
SF,IF2012,2020-06-30 09:31:34.400,4019.0000,15968,0,173376360.000,1,0,1,多换,S,4018.8000,4018.0000,4017.6000,4017.0000,4016.8000,4019.2000,4019.6000,4020.0000,4023.0000,4024.0000,2,1,2,3,1,3,1,5,1,7
SF,IF2012,2020-06-30 09:31:34.900,4019.0000,15968,0,173376360.000,0,-,-,-,-,4018.8000,4018.0000,4017.6000,4017.0000,4016.8000,4019.0000,4019.2000,4019.6000,4020.0000,4023.0000,2,1,2,3,1,4,3,1,5,1
SF,IF2012,2020-06-30 09:31:35.400,4018.8000,15968,0,174582000.000,1,0,1,多换,S,4018.8000,4018.0000,4017.6000,4017.0000,4016.8000,4019.0000,4019.2000,4019.6000,4020.0000,4023.0000,1,1,2,2,1,4,3,1,5,1
SF,IF2012,2020-06-30 09:31:35.900,4019.0000,15969,1,175787700.000,1,1,0,双开,S,4018.8000,4018.0000,4017.6000,4017.0000,4016.8000,4019.0000,4019.2000,4019.6000,4020.0000,4023.0000,1,1,2,2,1,3,3,1,5,1
SF,IF2012,2020-06-30 09:31:36.400,4019.0000,15969,0,175787700.000,0,-,-,-,-,4018.8000,4018.0000,4017.6000,4017.0000,4016.8000,4019.0000,4019.2000,4019.6000,4020.0000,4023.0000,1,1,2,2,1,4,3,1,5,1
SF,IF2012,2020-06-30 09:31:36.900,4018.8000,15970,1,178198980.000,2,1,1,空开,S,4018.0000,4017.6000,4017.0000,4016.8000,4015.8000,4018.8000,4019.0000,4019.6000,4020.0000,4023.0000,1,2,2,1,1,1,4,1,5,1
SF,IF2012,2020-06-30 09:31:37.400,4018.8000,15970,0,179404620.000,1,0,1,多换,S,4017.6000,4017.0000,4016.8000,4015.8000,4015.4000,4019.0000,4019.6000,4020.0000,4023.0000,4024.0000,2,2,1,1,1,4,1,5,1,7
SF,IF2012,2020-06-30 09:31:37.900,4018.8000,15970,0,179404620.000,0,-,-,-,-,4018.2000,4017.6000,4017.0000,4016.8000,4015.8000,4019.0000,4019.6000,4020.0000,4023.0000,4024.0000,1,2,2,1,1,4,1,5,1,7
SF,IF2012,2020-06-30 09:31:38.400,4018.8000,15970,0,179404620.000,0,-,-,-,-,4018.4000,4018.2000,4017.6000,4017.0000,4016.8000,4019.0000,4019.6000,4020.0000,4023.0000,4024.0000,1,1,2,2,1,4,1,5,1,7
SF,IF2012,2020-06-30 09:31:38.900,4018.8000,15970,0,179404620.000,0,-,-,-,-,4018.4000,4018.2000,4017.6000,4017.0000,4016.8000,4018.8000,4019.0000,4019.6000,4020.0000,4023.0000,1,1,2,2,1,4,4,1,5,1
SF,IF2012,2020-06-30 09:31:39.400,4018.8000,15969,-1,180610260.000,1,0,1,双平,S,4018.4000,4018.2000,4017.6000,4017.0000,4016.8000,4018.8000,4019.0000,4019.6000,4020.0000,4023.0000,1,1,2,2,1,3,1,1,5,1
SF,IF2012,2020-06-30 09:31:39.900,4018.8000,15967,-2,183021540.000,2,0,2,双平,S,4018.4000,4018.2000,4017.6000,4017.0000,4016.8000,4018.6000,4018.8000,4019.0000,4019.6000,4020.0000,1,1,2,2,1,3,1,1,1,5
SF,IF2012,2020-06-30 09:31:40.400,4018.8000,15964,-3,190254900.000,6,1,5,多平,S,4018.6000,4017.6000,4017.0000,4016.8000,4015.8000,4019.0000,4019.6000,4020.0000,4023.0000,4024.0000,2,2,2,1,1,1,1,5,1,7
SF,IF2012,2020-06-30 09:31:40.900,4019.0000,15964,0,191460600.000,1,0,1,多换,S,4018.6000,4017.6000,4017.0000,4016.8000,4015.8000,4019.6000,4020.0000,4023.0000,4024.0000,4024.4000,2,2,2,1,1,1,5,1,7,1
SF,IF2012,2020-06-30 09:31:41.900,4019.0000,15964,0,191460600.000,0,-,-,-,-,4018.6000,4017.6000,4017.0000,4016.8000,4015.8000,4019.4000,4019.6000,4020.0000,4023.0000,4024.0000,2,2,2,1,1,1,1,5,1,7
SF,IF2012,2020-06-30 09:31:42.400,4019.0000,15964,0,191460600.000,0,-,-,-,-,4018.6000,4017.6000,4017.0000,4016.8000,4015.8000,4019.0000,4019.4000,4019.6000,4020.0000,4023.0000,2,2,2,1,1,1,1,1,5,1
SF,IF2012,2020-06-30 09:31:42.900,4018.8000,15964,0,192666240.000,1,0,1,多换,S,4018.6000,4017.6000,4017.0000,4016.8000,4015.8000,4019.0000,4019.4000,4019.6000,4020.0000,4023.0000,2,2,2,1,1,1,1,1,5,1
SF,IF2012,2020-06-30 09:31:44.400,4018.8000,15964,0,192666240.000,0,-,-,-,-,4018.6000,4017.6000,4017.0000,4016.8000,4015.8000,4019.0000,4019.4000,4019.6000,4020.0000,4023.0000,2,2,2,1,2,1,1,1,5,1
SF,IF2012,2020-06-30 09:31:44.900,4018.8000,15964,0,192666240.000,0,-,-,-,-,4018.6000,4017.6000,4017.0000,4016.8000,4015.8000,4019.0000,4019.4000,4019.6000,4020.0000,4023.0000,2,2,2,1,2,1,1,1,6,1
SF,IF2012,2020-06-30 09:31:45.900,4019.0000,15963,-1,193871940.000,1,0,1,双平,S,4018.6000,4017.6000,4017.0000,4016.8000,4015.8000,4019.4000,4019.6000,4020.0000,4022.0000,4023.0000,2,2,2,1,2,1,1,6,1,1
SF,IF2012,2020-06-30 09:31:46.400,4019.0000,15963,0,193871940.000,0,-,-,-,-,4018.6000,4017.6000,4017.0000,4016.8000,4015.8000,4018.8000,4019.4000,4019.6000,4020.0000,4022.0000,2,2,2,1,2,4,1,1,6,1
SF,IF2012,2020-06-30 09:31:46.900,4018.6000,15963,0,197488740.000,3,1,2,多换,S,4017.6000,4017.0000,4016.8000,4015.8000,4015.4000,4018.8000,4019.4000,4019.6000,4020.0000,4022.0000,2,2,1,2,1,3,1,1,6,1
SF,IF2012,2020-06-30 09:31:47.400,4018.6000,15963,0,197488740.000,0,-,-,-,-,4017.8000,4017.6000,4017.0000,4016.8000,4015.8000,4018.6000,4018.8000,4019.6000,4020.0000,4022.0000,2,2,2,1,2,1,3,1,6,1
SF,IF2012,2020-06-30 09:31:47.900,4018.6000,15962,-1,198694320.000,1,0,1,双平,S,4018.2000,4017.8000,4017.6000,4017.0000,4016.8000,4018.8000,4019.6000,4020.0000,4022.0000,4023.0000,1,2,2,2,1,3,1,6,1,1
SF,IF2012,2020-06-30 09:31:48.400,4018.6000,15962,0,198694320.000,0,-,-,-,-,4018.2000,4017.6000,4017.0000,4016.8000,4015.8000,4018.8000,4019.6000,4020.0000,4022.0000,4023.0000,1,2,2,1,2,3,1,6,1,1
SF,IF2012,2020-06-30 09:31:49.400,4018.2000,15962,0,199899780.000,1,0,1,多换,S,4017.6000,4017.0000,4016.8000,4015.8000,4015.4000,4018.8000,4019.6000,4020.0000,4022.0000,4023.0000,2,2,1,2,1,3,1,6,1,1
SF,IF2012,2020-06-30 09:31:49.900,4018.2000,15962,0,199899780.000,0,-,-,-,-,4017.6000,4017.0000,4016.8000,4015.8000,4015.4000,4018.8000,4019.6000,4020.0000,4022.0000,4023.0000,2,2,1,2,1,3,1,6,1,1
SF,IF2012,2020-06-30 09:31:50.400,4018.2000,15962,0,199899780.000,0,-,-,-,-,4017.6000,4017.0000,4016.8000,4015.8000,4015.4000,4018.8000,4019.6000,4020.0000,4022.0000,4023.0000,2,3,1,2,1,3,1,6,1,1
SF,IF2012,2020-06-30 09:31:51.400,4018.2000,15962,0,199899780.000,0,-,-,-,-,4017.8000,4017.6000,4017.0000,4016.8000,4015.8000,4018.6000,4019.6000,4020.0000,4022.0000,4023.0000,1,3,3,1,2,3,1,6,1,1
SF,IF2012,2020-06-30 09:31:52.900,4018.2000,15962,0,199899780.000,0,-,-,-,-,4017.8000,4017.6000,4017.0000,4016.8000,4015.8000,4018.6000,4019.6000,4020.0000,4022.0000,4023.0000,1,3,3,1,2,4,1,6,1,1
SF,IF2012,2020-06-30 09:31:53.400,4018.2000,15962,0,199899780.000,0,-,-,-,-,4017.6000,4017.0000,4016.8000,4015.8000,4015.4000,4018.4000,4018.6000,4019.6000,4020.0000,4022.0000,3,3,1,2,1,3,1,1,6,1
SF,IF2012,2020-06-30 09:31:54.400,4018.4000,15962,0,201105300.000,1,0,1,多换,S,4017.6000,4017.0000,4016.8000,4015.8000,4015.4000,4018.4000,4018.6000,4019.6000,4020.0000,4022.0000,3,3,1,2,1,2,1,1,6,1
SF,IF2012,2020-06-30 09:31:55.400,4018.4000,15962,0,201105300.000,0,-,-,-,-,4017.6000,4017.0000,4016.8000,4015.8000,4015.4000,4018.4000,4018.6000,4019.6000,4020.0000,4022.0000,3,3,1,2,1,2,1,1,6,1
SF,IF2012,2020-06-30 09:31:55.900,4018.4000,15962,0,201105300.000,0,-,-,-,-,4017.6000,4017.0000,4016.8000,4015.8000,4015.4000,4018.2000,4018.6000,4019.6000,4020.0000,4022.0000,3,3,1,2,1,2,1,1,6,1
SF,IF2012,2020-06-30 09:31:56.400,4018.4000,15962,0,201105300.000,0,-,-,-,-,4017.8000,4017.6000,4017.0000,4016.8000,4015.8000,4018.2000,4018.6000,4019.6000,4020.0000,4022.0000,1,3,3,1,2,2,1,1,6,1
SF,IF2012,2020-06-30 09:31:57.400,4018.4000,15962,0,201105300.000,0,-,-,-,-,4017.8000,4017.6000,4017.0000,4016.8000,4015.8000,4018.0000,4018.6000,4019.6000,4020.0000,4022.0000,1,3,3,1,2,2,1,1,6,1
SF,IF2012,2020-06-30 09:31:57.900,4017.8000,15961,-1,202310640.000,1,0,1,双平,S,4017.6000,4017.0000,4016.8000,4015.8000,4015.4000,4018.0000,4018.6000,4019.6000,4020.0000,4022.0000,3,3,1,2,1,2,1,1,6,1
SF,IF2012,2020-06-30 09:31:58.400,4018.0000,15961,0,203516040.000,1,0,1,多换,S,4017.6000,4017.0000,4016.8000,4015.8000,4015.4000,4018.0000,4018.6000,4019.6000,4020.0000,4022.0000,3,3,1,2,1,1,1,1,6,1
SF,IF2012,2020-06-30 09:31:58.900,4018.0000,15960,-1,205926840.000,2,0,2,多平,S,4017.8000,4017.6000,4017.0000,4016.8000,4015.8000,4018.6000,4019.6000,4020.0000,4022.0000,4023.0000,1,3,3,1,2,1,1,6,1,1
SF,IF2012,2020-06-30 09:31:59.400,4018.0000,15960,0,205926840.000,0,-,-,-,-,4017.8000,4017.6000,4017.0000,4016.8000,4015.8000,4018.6000,4019.6000,4020.0000,4022.0000,4023.0000,1,3,3,1,2,1,1,6,1,1
SF,IF2012,2020-06-30 09:32:02.400,4017.8000,15960,0,207132180.000,1,0,1,多换,S,4017.6000,4017.0000,4016.8000,4015.8000,4015.4000,4018.6000,4019.6000,4020.0000,4022.0000,4023.0000,3,3,1,2,1,1,1,6,1,1
SF,IF2012,2020-06-30 09:32:02.900,4018.6000,15959,-1,208337760.000,1,0,1,双平,S,4017.8000,4017.6000,4017.0000,4016.8000,4015.8000,4019.6000,4020.0000,4022.0000,4023.0000,4024.0000,2,3,3,1,2,1,6,1,1,7
SF,IF2012,2020-06-30 09:32:03.900,4018.6000,15959,0,208337760.000,0,-,-,-,-,4017.6000,4017.0000,4016.8000,4015.8000,4015.4000,4019.6000,4020.0000,4022.0000,4023.0000,4024.0000,3,3,1,2,1,1,6,1,1,7
SF,IF2012,2020-06-30 09:32:04.400,4018.6000,15959,0,208337760.000,0,-,-,-,-,4017.8000,4017.6000,4017.0000,4016.8000,4015.8000,4019.6000,4020.0000,4022.0000,4023.0000,4024.0000,2,3,3,1,2,1,6,1,1,7
SF,IF2012,2020-06-30 09:32:04.900,4019.6000,15959,0,209543640.000,1,0,1,多换,S,4017.8000,4017.6000,4017.0000,4016.8000,4015.8000,4020.0000,4022.0000,4023.0000,4024.0000,4024.4000,2,3,3,1,2,6,1,1,7,2
SF,IF2012,2020-06-30 09:32:05.400,4019.6000,15959,0,209543640.000,0,-,-,-,-,4018.2000,4018.0000,4017.8000,4017.6000,4017.0000,4020.0000,4022.0000,4023.0000,4024.0000,4024.4000,1,2,2,3,3,6,1,1,7,2
SF,IF2012,2020-06-30 09:32:05.900,4019.6000,15959,0,209543640.000,0,-,-,-,-,4018.2000,4018.0000,4017.8000,4017.6000,4017.0000,4020.0000,4022.0000,4023.0000,4024.0000,4024.4000,1,2,1,3,3,6,1,1,7,2
SF,IF2012,2020-06-30 09:32:06.400,4019.6000,15959,0,209543640.000,0,-,-,-,-,4018.4000,4018.2000,4018.0000,4017.8000,4017.6000,4020.0000,4022.0000,4023.0000,4024.0000,4024.4000,2,1,2,1,3,6,1,1,7,2
SF,IF2012,2020-06-30 09:32:06.900,4019.6000,15959,0,209543640.000,0,-,-,-,-,4018.6000,4018.4000,4018.0000,4017.8000,4017.6000,4020.0000,4022.0000,4023.0000,4024.0000,4024.4000,2,2,2,1,3,6,1,1,7,2
SF,IF2012,2020-06-30 09:32:07.400,4020.0000,15958,-1,210749640.000,1,0,1,双平,S,4018.8000,4018.6000,4018.4000,4018.0000,4017.8000,4020.0000,4022.0000,4023.0000,4024.0000,4024.4000,2,2,2,2,1,5,1,1,7,2
SF,IF2012,2020-06-30 09:32:07.900,4020.0000,15958,0,210749640.000,0,-,-,-,-,4018.8000,4018.4000,4018.0000,4017.8000,4017.6000,4020.0000,4022.0000,4023.0000,4024.0000,4024.4000,2,2,2,1,3,5,1,1,7,2
SF,IF2012,2020-06-30 09:32:08.900,4020.0000,15958,0,210749640.000,0,-,-,-,-,4019.8000,4018.8000,4018.4000,4018.0000,4017.8000,4020.0000,4022.0000,4023.0000,4024.0000,4024.4000,1,2,2,2,1,5,1,1,7,2
SF,IF2012,2020-06-30 09:32:09.400,4020.0000,15956,-2,213161580.000,2,0,2,双平,S,4018.8000,4018.4000,4017.8000,4017.6000,4017.0000,4020.0000,4022.0000,4023.0000,4024.0000,4024.4000,2,2,1,3,3,4,1,1,7,2
SF,IF2012,2020-06-30 09:32:09.900,4020.0000,15956,0,213161580.000,0,-,-,-,-,4018.8000,4018.4000,4017.8000,4017.6000,4017.0000,4020.0000,4022.0000,4023.0000,4024.0000,4024.4000,2,2,1,3,3,4,1,1,7,2
SF,IF2012,2020-06-30 09:32:10.400,4020.0000,15955,-1,214367580.000,1,0,1,双平,S,4018.8000,4018.4000,4017.8000,4017.6000,4017.0000,4020.0000,4022.0000,4023.0000,4024.0000,4024.4000,2,2,1,3,2,3,1,1,7,2
SF,IF2012,2020-06-30 09:32:10.900,4020.0000,15955,0,214367580.000,0,-,-,-,-,4019.0000,4018.8000,4018.4000,4017.8000,4017.6000,4020.0000,4022.0000,4023.0000,4024.0000,4024.4000,1,2,2,1,3,3,1,1,7,2
SF,IF2012,2020-06-30 09:32:11.400,4020.0000,15955,0,214367580.000,0,-,-,-,-,4019.2000,4019.0000,4018.8000,4018.4000,4017.8000,4020.0000,4022.0000,4023.0000,4024.0000,4024.4000,2,1,2,2,1,3,1,1,7,2
SF,IF2012,2020-06-30 09:32:11.900,4020.0000,15955,0,214367580.000,0,-,-,-,-,4019.2000,4019.0000,4018.8000,4018.4000,4017.8000,4020.0000,4022.0000,4023.0000,4024.0000,4024.4000,2,1,2,2,1,3,1,1,7,2
SF,IF2012,2020-06-30 09:32:12.400,4020.0000,15955,0,214367580.000,0,-,-,-,-,4019.2000,4019.0000,4018.8000,4018.4000,4017.8000,4020.0000,4022.0000,4023.0000,4024.0000,4024.4000,2,1,2,2,1,3,1,1,7,2
SF,IF2012,2020-06-30 09:32:12.900,4020.0000,15955,0,214367580.000,0,-,-,-,-,4019.2000,4019.0000,4018.8000,4018.4000,4017.8000,4020.0000,4022.0000,4023.0000,4024.0000,4024.4000,2,1,2,2,1,4,1,1,7,2
SF,IF2012,2020-06-30 09:32:13.900,4020.0000,15955,0,214367580.000,0,-,-,-,-,4019.2000,4019.0000,4018.8000,4018.4000,4017.8000,4020.0000,4022.0000,4023.0000,4024.0000,4024.4000,2,1,2,2,1,4,1,1,7,2
SF,IF2012,2020-06-30 09:32:14.400,4020.0000,15955,0,214367580.000,0,-,-,-,-,4019.4000,4019.2000,4018.8000,4018.4000,4017.6000,4020.0000,4022.0000,4023.0000,4024.0000,4024.4000,1,2,2,2,3,4,1,1,7,2
SF,IF2012,2020-06-30 09:32:14.900,4020.0000,15955,0,214367580.000,0,-,-,-,-,4019.6000,4019.2000,4019.0000,4018.8000,4018.4000,4020.0000,4022.0000,4023.0000,4024.0000,4024.4000,2,2,1,2,2,4,1,1,7,2
SF,IF2012,2020-06-30 09:32:15.400,4020.0000,15955,0,216779580.000,2,1,1,多换,S,4019.6000,4019.2000,4019.0000,4018.8000,4018.4000,4020.0000,4022.0000,4023.0000,4024.0000,4024.4000,2,2,1,2,2,2,1,1,7,2
SF,IF2012,2020-06-30 09:32:15.900,4020.0000,15954,-1,217985580.000,1,0,1,双平,S,4019.6000,4019.2000,4019.0000,4018.8000,4018.4000,4020.0000,4022.0000,4023.0000,4024.0000,4024.4000,2,2,1,2,2,1,1,1,7,2
SF,IF2012,2020-06-30 09:32:16.400,4020.0000,15953,-1,219191580.000,1,0,1,双平,S,4019.6000,4019.0000,4018.8000,4018.4000,4017.6000,4022.0000,4023.0000,4024.0000,4024.4000,4025.0000,2,1,2,2,3,1,1,7,2,1
SF,IF2012,2020-06-30 09:32:16.900,4020.0000,15953,0,219191580.000,0,-,-,-,-,4019.8000,4019.6000,4019.0000,4017.6000,4017.0000,4020.8000,4021.6000,4022.0000,4023.0000,4024.0000,1,2,1,3,2,1,2,1,1,7
SF,IF2012,2020-06-30 09:32:17.400,4020.0000,15953,0,219191580.000,0,-,-,-,-,4019.0000,4017.6000,4017.0000,4016.8000,4015.8000,4020.8000,4021.6000,4022.0000,4023.0000,4024.0000,1,3,2,1,2,1,1,1,1,7
SF,IF2012,2020-06-30 09:32:17.900,4020.0000,15953,0,219191580.000,0,-,-,-,-,4019.0000,4017.6000,4017.0000,4016.8000,4015.8000,4020.8000,4021.6000,4022.0000,4023.0000,4024.0000,1,3,2,1,2,1,1,1,1,7
SF,IF2012,2020-06-30 09:32:18.400,4020.0000,15953,0,219191580.000,0,-,-,-,-,4019.0000,4017.6000,4017.0000,4016.8000,4015.8000,4020.8000,4021.6000,4022.0000,4023.0000,4024.0000,1,3,2,1,2,1,1,1,1,7
SF,IF2012,2020-06-30 09:32:18.900,4020.0000,15953,0,219191580.000,0,-,-,-,-,4019.0000,4017.6000,4017.0000,4016.8000,4015.8000,4020.8000,4022.0000,4023.0000,4024.0000,4024.4000,1,3,2,1,2,1,1,1,7,2
SF,IF2012,2020-06-30 09:32:20.900,4019.0000,15952,-1,220397280.000,1,0,1,双平,S,4017.6000,4017.0000,4016.8000,4015.8000,4015.2000,4020.8000,4022.0000,4023.0000,4024.0000,4024.4000,3,2,1,2,3,1,1,1,7,2
SF,IF2012,2020-06-30 09:32:21.400,4019.0000,15952,0,220397280.000,0,-,-,-,-,4017.8000,4017.6000,4017.0000,4016.8000,4015.8000,4020.6000,4020.8000,4022.0000,4023.0000,4024.0000,1,3,2,1,2,1,1,1,1,7
SF,IF2012,2020-06-30 09:32:21.900,4020.8000,15951,-1,222809700.000,2,0,2,多平,S,4018.0000,4017.8000,4017.6000,4017.0000,4016.8000,4022.0000,4023.0000,4024.0000,4024.4000,4025.0000,1,1,3,2,1,1,1,7,2,1
SF,IF2012,2020-06-30 09:32:22.400,4020.8000,15951,0,222809700.000,0,-,-,-,-,4018.0000,4017.6000,4017.0000,4016.8000,4015.8000,4020.0000,4020.2000,4021.6000,4022.0000,4023.0000,1,3,2,1,2,1,1,1,1,1
SF,IF2012,2020-06-30 09:32:22.900,4020.8000,15951,0,222809700.000,0,-,-,-,-,4018.6000,4018.2000,4018.0000,4017.6000,4017.0000,4020.0000,4020.2000,4021.6000,4022.0000,4023.0000,1,1,1,3,2,1,1,1,1,1
SF,IF2012,2020-06-30 09:32:23.400,4020.8000,15951,0,222809700.000,0,-,-,-,-,4018.6000,4018.2000,4018.0000,4017.6000,4017.0000,4020.0000,4020.2000,4021.6000,4022.0000,4023.0000,1,1,1,3,2,1,1,1,1,1
SF,IF2012,2020-06-30 09:32:23.900,4020.8000,15951,0,222809700.000,0,-,-,-,-,4018.8000,4018.6000,4018.2000,4018.0000,4017.6000,4020.0000,4020.2000,4020.8000,4021.6000,4022.0000,2,1,1,1,3,1,1,1,1,1
SF,IF2012,2020-06-30 09:32:24.400,4020.8000,15951,0,222809700.000,0,-,-,-,-,4018.6000,4018.2000,4018.0000,4017.6000,4017.0000,4020.0000,4020.2000,4020.8000,4021.6000,4022.0000,1,1,1,3,2,1,1,1,1,1
SF,IF2012,2020-06-30 09:32:24.900,4020.8000,15951,0,222809700.000,0,-,-,-,-,4018.6000,4018.0000,4017.6000,4017.0000,4016.8000,4020.0000,4020.2000,4020.8000,4021.6000,4022.0000,1,1,3,2,1,1,1,1,1,1
SF,IF2012,2020-06-30 09:32:25.400,4020.8000,15951,0,222809700.000,0,-,-,-,-,4018.0000,4017.6000,4017.0000,4016.8000,4015.8000,4020.0000,4020.2000,4020.8000,4021.6000,4022.0000,1,3,2,1,2,1,1,1,1,1
SF,IF2012,2020-06-30 09:32:25.900,4020.8000,15951,0,222809700.000,0,-,-,-,-,4018.2000,4018.0000,4017.6000,4017.0000,4016.8000,4020.0000,4020.2000,4020.8000,4021.6000,4022.0000,2,1,3,2,1,1,1,1,1,1
SF,IF2012,2020-06-30 09:32:26.400,4020.8000,15951,0,222809700.000,0,-,-,-,-,4018.4000,4018.2000,4018.0000,4017.6000,4017.0000,4020.0000,4020.2000,4020.8000,4021.6000,4022.0000,1,2,1,3,2,1,1,1,1,1
SF,IF2012,2020-06-30 09:32:26.900,4020.0000,15951,0,224015700.000,1,0,1,多换,S,4018.6000,4018.4000,4018.2000,4018.0000,4017.6000,4020.2000,4020.8000,4021.6000,4022.0000,4023.0000,1,1,1,1,3,1,1,2,1,1
SF,IF2012,2020-06-30 09:32:27.400,4020.0000,15951,0,224015700.000,0,-,-,-,-,4018.8000,4018.4000,4018.2000,4018.0000,4017.6000,4020.2000,4020.8000,4021.6000,4022.0000,4023.0000,1,1,1,1,3,1,1,2,1,1
SF,IF2012,2020-06-30 09:32:27.900,4020.0000,15951,0,224015700.000,0,-,-,-,-,4018.4000,4018.0000,4017.6000,4017.0000,4016.8000,4020.2000,4020.8000,4021.6000,4022.0000,4023.0000,1,1,3,2,1,1,1,2,1,1
SF,IF2012,2020-06-30 09:32:28.400,4020.0000,15951,0,224015700.000,0,-,-,-,-,4018.4000,4018.0000,4017.6000,4017.0000,4016.8000,4020.2000,4020.8000,4021.6000,4022.0000,4023.0000,1,1,3,2,1,1,1,2,1,1
SF,IF2012,2020-06-30 09:32:29.400,4020.0000,15951,0,224015700.000,0,-,-,-,-,4018.0000,4017.6000,4017.0000,4016.8000,4015.8000,4019.8000,4020.2000,4020.8000,4021.6000,4022.0000,1,3,2,1,2,1,1,1,2,1
SF,IF2012,2020-06-30 09:32:30.400,4020.0000,15951,0,224015700.000,0,-,-,-,-,4018.2000,4018.0000,4017.6000,4017.0000,4016.8000,4019.8000,4020.2000,4020.8000,4021.6000,4022.0000,1,1,3,2,1,1,1,1,2,1
SF,IF2012,2020-06-30 09:32:30.900,4020.0000,15951,0,224015700.000,0,-,-,-,-,4018.2000,4018.0000,4017.6000,4017.0000,4016.8000,4019.6000,4020.2000,4020.8000,4021.6000,4022.0000,1,1,3,2,1,1,1,1,2,1
SF,IF2012,2020-06-30 09:32:31.900,4020.0000,15951,0,224015700.000,0,-,-,-,-,4018.4000,4018.2000,4018.0000,4017.6000,4017.0000,4019.6000,4020.2000,4020.8000,4021.6000,4022.0000,1,1,1,3,2,1,1,1,2,1
SF,IF2012,2020-06-30 09:32:32.400,4020.0000,15951,0,224015700.000,0,-,-,-,-,4018.6000,4018.4000,4018.2000,4018.0000,4017.6000,4020.2000,4020.8000,4021.6000,4022.0000,4023.0000,1,1,1,1,3,1,1,2,1,1
SF,IF2012,2020-06-30 09:32:32.900,4020.0000,15951,0,224015700.000,0,-,-,-,-,4018.6000,4018.4000,4018.2000,4018.0000,4017.6000,4020.0000,4020.2000,4020.8000,4021.6000,4022.0000,1,1,1,1,3,1,1,1,2,1
SF,IF2012,2020-06-30 09:32:33.400,4020.0000,15951,0,224015700.000,0,-,-,-,-,4018.6000,4018.4000,4018.2000,4018.0000,4017.6000,4019.6000,4020.2000,4020.8000,4021.6000,4022.0000,1,1,1,1,3,1,1,1,2,1
SF,IF2012,2020-06-30 09:32:33.900,4020.0000,15951,0,224015700.000,0,-,-,-,-,4018.6000,4018.4000,4018.0000,4017.6000,4017.0000,4020.2000,4020.4000,4020.8000,4021.6000,4022.0000,1,1,1,3,2,1,1,1,2,1
SF,IF2012,2020-06-30 09:32:34.400,4020.0000,15951,0,224015700.000,0,-,-,-,-,4018.0000,4017.6000,4017.0000,4016.8000,4015.8000,4018.2000,4020.0000,4020.2000,4020.4000,4020.8000,1,3,2,1,2,1,1,1,1,1
SF,IF2012,2020-06-30 09:32:34.900,4018.2000,15951,0,225221160.000,1,0,1,多换,S,4018.2000,4017.6000,4017.0000,4016.8000,4015.8000,4020.2000,4020.4000,4020.8000,4021.6000,4022.0000,1,3,2,1,2,1,1,1,2,1
SF,IF2012,2020-06-30 09:32:35.400,4018.2000,15951,0,225221160.000,0,-,-,-,-,4018.4000,4018.2000,4017.6000,4017.0000,4016.8000,4020.0000,4020.2000,4020.4000,4021.6000,4022.0000,1,1,3,2,1,2,1,1,2,1
SF,IF2012,2020-06-30 09:32:35.900,4018.4000,15950,-1,226426680.000,1,0,1,双平,S,4018.2000,4017.6000,4017.0000,4016.8000,4015.8000,4019.8000,4020.0000,4020.2000,4020.4000,4021.6000,1,3,2,1,2,1,1,2,1,2
SF,IF2012,2020-06-30 09:32:36.400,4018.4000,15950,0,226426680.000,0,-,-,-,-,4017.6000,4017.0000,4016.8000,4015.8000,4015.2000,4019.6000,4020.0000,4020.2000,4020.4000,4021.6000,3,2,1,2,3,1,1,2,1,2
SF,IF2012,2020-06-30 09:32:36.900,4018.4000,15950,0,226426680.000,0,-,-,-,-,4017.8000,4017.6000,4017.0000,4016.8000,4015.8000,4019.4000,4020.0000,4020.2000,4020.4000,4021.6000,1,3,2,1,2,2,1,1,1,2
SF,IF2012,2020-06-30 09:32:37.400,4018.4000,15950,0,226426680.000,0,-,-,-,-,4017.8000,4017.6000,4017.0000,4016.8000,4015.8000,4019.2000,4019.4000,4020.0000,4020.2000,4020.4000,1,3,2,1,2,1,1,1,1,1
SF,IF2012,2020-06-30 09:32:37.900,4018.4000,15950,0,226426680.000,0,-,-,-,-,4017.8000,4017.6000,4017.0000,4016.8000,4015.8000,4018.8000,4019.4000,4020.0000,4020.2000,4020.4000,1,3,2,1,2,1,1,1,1,1
SF,IF2012,2020-06-30 09:32:38.400,4018.4000,15950,0,226426680.000,0,-,-,-,-,4017.6000,4017.0000,4016.8000,4015.8000,4015.2000,4018.0000,4018.8000,4019.4000,4020.0000,4020.2000,3,2,1,2,3,1,1,1,1,1
SF,IF2012,2020-06-30 09:32:38.900,4017.6000,15950,0,230042520.000,3,1,2,多换,S,4017.0000,4016.8000,4015.8000,4015.2000,4015.0000,4018.0000,4019.4000,4020.0000,4020.2000,4020.4000,2,1,2,3,1,1,1,1,1,1
SF,IF2012,2020-06-30 09:32:39.400,4017.8000,15949,-1,233658120.000,3,1,2,多平,S,4017.8000,4017.0000,4016.8000,4015.8000,4015.2000,4018.0000,4019.4000,4020.0000,4020.2000,4020.4000,1,1,1,2,3,1,1,1,1,1
SF,IF2012,2020-06-30 09:32:39.900,4017.8000,15949,0,234863460.000,1,0,1,多换,S,4017.0000,4016.8000,4015.8000,4015.0000,4014.4000,4017.4000,4018.0000,4019.4000,4020.0000,4020.2000,1,1,2,1,1,1,1,1,1,1
SF,IF2012,2020-06-30 09:32:40.400,4016.8000,15948,-1,237273600.000,2,0,2,多平,S,4015.8000,4015.0000,4014.4000,4013.2000,4012.4000,4017.4000,4018.0000,4019.4000,4020.0000,4020.2000,2,1,1,1,3,1,1,1,1,1
SF,IF2012,2020-06-30 09:32:40.900,4017.4000,15947,-1,239683980.000,2,0,2,多平,S,4016.0000,4015.8000,4015.0000,4014.4000,4013.2000,4017.0000,4018.0000,4019.4000,4020.0000,4020.2000,1,2,1,1,1,6,1,1,1,1
SF,IF2012,2020-06-30 09:32:41.400,4017.0000,15945,-2,242094180.000,2,0,2,双平,S,4015.8000,4015.0000,4013.2000,4012.4000,4012.0000,4017.0000,4018.0000,4019.4000,4020.0000,4020.2000,2,1,1,3,3,4,1,1,1,1
SF,IF2012,2020-06-30 09:32:41.900,4017.0000,15945,0,242094180.000,0,-,-,-,-,4016.0000,4015.8000,4015.0000,4013.2000,4012.4000,4017.0000,4019.4000,4020.0000,4020.2000,4020.4000,2,2,1,1,3,5,1,1,1,1
SF,IF2012,2020-06-30 09:32:42.400,4017.0000,15945,0,242094180.000,0,-,-,-,-,4016.0000,4015.8000,4015.0000,4013.2000,4012.4000,4017.0000,4019.4000,4020.0000,4020.2000,4020.4000,2,2,1,1,3,5,1,1,1,1
SF,IF2012,2020-06-30 09:32:42.900,4017.0000,15945,0,242094180.000,0,-,-,-,-,4016.0000,4015.8000,4015.0000,4013.2000,4012.4000,4017.0000,4020.0000,4020.2000,4020.4000,4021.6000,2,2,1,1,3,5,1,1,1,2
SF,IF2012,2020-06-30 09:32:43.400,4017.0000,15945,0,242094180.000,0,-,-,-,-,4016.0000,4015.8000,4015.0000,4013.2000,4012.4000,4017.0000,4020.0000,4020.2000,4020.4000,4021.6000,2,2,1,1,3,5,1,1,1,2
SF,IF2012,2020-06-30 09:32:43.900,4016.0000,15944,-1,243298980.000,1,0,1,双平,S,4016.0000,4015.8000,4015.0000,4013.2000,4012.4000,4017.0000,4020.0000,4020.2000,4020.4000,4021.6000,1,2,1,1,3,5,1,1,1,2
SF,IF2012,2020-06-30 09:32:44.400,4016.0000,15944,0,243298980.000,0,-,-,-,-,4016.0000,4015.8000,4015.0000,4013.2000,4012.4000,4017.0000,4020.0000,4020.2000,4020.4000,4021.6000,1,2,1,1,3,5,2,1,1,2
SF,IF2012,2020-06-30 09:32:44.900,4017.0000,15943,-1,244504080.000,1,0,1,双平,S,4016.0000,4015.8000,4015.0000,4013.2000,4012.4000,4017.0000,4020.0000,4020.2000,4020.4000,4021.6000,1,2,1,1,3,4,2,1,1,2
SF,IF2012,2020-06-30 09:32:45.400,4017.0000,15943,0,244504080.000,0,-,-,-,-,4016.0000,4015.8000,4015.0000,4013.2000,4012.4000,4017.0000,4020.0000,4020.2000,4020.4000,4021.6000,1,2,1,1,3,4,2,1,1,2
SF,IF2012,2020-06-30 09:32:45.900,4016.0000,15943,0,245708880.000,1,0,1,多换,S,4015.8000,4015.0000,4013.2000,4012.4000,4012.2000,4016.0000,4017.0000,4020.0000,4020.2000,4020.4000,2,1,1,3,1,2,4,2,1,1
SF,IF2012,2020-06-30 09:32:46.400,4017.0000,15940,-3,249323580.000,3,0,3,双平,S,4016.6000,4015.8000,4015.0000,4013.2000,4012.4000,4017.0000,4020.0000,4020.2000,4020.4000,4021.6000,1,2,1,1,3,3,1,1,1,2
SF,IF2012,2020-06-30 09:32:46.900,4016.6000,15940,0,250528560.000,1,0,1,多换,S,4015.8000,4015.0000,4013.2000,4012.4000,4012.2000,4017.0000,4020.0000,4020.2000,4020.4000,4021.6000,2,1,1,3,1,3,1,1,1,2
SF,IF2012,2020-06-30 09:32:47.900,4015.8000,15941,1,252938040.000,2,1,1,空开,S,4015.0000,4013.2000,4012.4000,4012.2000,4012.0000,4015.6000,4017.0000,4020.0000,4020.2000,4020.4000,1,1,3,1,3,2,3,1,1,1
SF,IF2012,2020-06-30 09:32:48.400,4016.8000,15940,-1,256552560.000,3,1,2,多平,S,4016.4000,4016.2000,4015.6000,4015.0000,4013.2000,4016.8000,4017.0000,4020.0000,4020.2000,4020.4000,1,1,1,1,1,3,3,1,1,1
SF,IF2012,2020-06-30 09:32:48.900,4016.2000,15940,0,258962340.000,2,1,1,多换,S,4015.0000,4013.2000,4012.4000,4012.2000,4012.0000,4016.6000,4016.8000,4017.0000,4020.0000,4020.2000,1,1,3,1,3,2,4,2,1,1
SF,IF2012,2020-06-30 09:32:49.400,4016.2000,15940,0,258962340.000,0,-,-,-,-,4015.2000,4015.0000,4013.2000,4012.4000,4012.2000,4015.8000,4016.6000,4016.8000,4017.0000,4020.0000,2,1,1,3,1,1,2,4,2,1
SF,IF2012,2020-06-30 09:32:49.900,4016.8000,15939,-1,261372240.000,2,0,2,多平,S,4015.0000,4013.2000,4012.4000,4012.2000,4012.0000,4016.8000,4017.0000,4020.0000,4020.2000,4020.4000,1,1,3,1,3,3,2,1,1,1
SF,IF2012,2020-06-30 09:32:50.900,4016.8000,15939,0,261372240.000,0,-,-,-,-,4015.4000,4015.0000,4013.2000,4012.4000,4012.2000,4016.8000,4017.0000,4020.0000,4020.2000,4020.4000,2,1,1,3,1,3,2,1,1,1
SF,IF2012,2020-06-30 09:32:51.400,4016.8000,15939,0,261372240.000,0,-,-,-,-,4015.4000,4015.0000,4013.2000,4012.2000,4012.0000,4016.8000,4017.0000,4020.0000,4020.2000,4020.4000,2,1,1,1,3,3,2,1,1,1
SF,IF2012,2020-06-30 09:32:51.900,4016.8000,15939,0,261372240.000,0,-,-,-,-,4015.4000,4015.0000,4013.8000,4013.2000,4012.2000,4016.8000,4017.0000,4020.0000,4020.2000,4020.4000,2,1,3,1,1,3,2,1,1,1
SF,IF2012,2020-06-30 09:32:52.400,4016.8000,15939,0,261372240.000,0,-,-,-,-,4015.4000,4015.0000,4013.8000,4013.2000,4012.2000,4016.6000,4016.8000,4017.0000,4020.0000,4020.2000,2,1,3,1,1,2,1,2,1,1
SF,IF2012,2020-06-30 09:32:52.900,4016.8000,15939,0,261372240.000,0,-,-,-,-,4016.0000,4015.4000,4015.0000,4013.8000,4013.6000,4016.6000,4016.8000,4017.0000,4020.0000,4020.2000,1,2,1,3,1,2,1,2,1,1
SF,IF2012,2020-06-30 09:32:53.400,4016.8000,15939,0,261372240.000,0,-,-,-,-,4015.4000,4015.0000,4013.8000,4013.6000,4013.2000,4016.6000,4016.8000,4017.0000,4020.0000,4020.2000,1,1,3,1,1,2,1,2,1,1
SF,IF2012,2020-06-30 09:32:53.900,4016.8000,15939,0,261372240.000,0,-,-,-,-,4015.4000,4015.0000,4013.8000,4013.6000,4013.2000,4016.4000,4016.8000,4017.0000,4020.0000,4020.2000,2,1,3,1,1,2,1,2,1,1
SF,IF2012,2020-06-30 09:32:54.400,4016.8000,15938,-1,262577280.000,1,0,1,双平,S,4015.4000,4015.0000,4013.8000,4013.6000,4013.2000,4016.4000,4016.8000,4017.0000,4020.0000,4020.2000,2,1,3,1,1,1,1,2,1,1
SF,IF2012,2020-06-30 09:32:54.900,4016.8000,15937,-1,263782320.000,1,0,1,双平,S,4015.4000,4015.0000,4013.8000,4013.6000,4013.2000,4016.8000,4017.0000,4020.0000,4020.2000,4020.4000,2,1,3,1,1,1,2,1,1,1
SF,IF2012,2020-06-30 09:32:55.400,4016.8000,15937,0,263782320.000,0,-,-,-,-,4015.8000,4015.6000,4015.4000,4015.0000,4013.8000,4016.8000,4017.0000,4020.0000,4020.2000,4020.4000,2,1,2,1,3,1,2,1,1,1
SF,IF2012,2020-06-30 09:32:55.900,4016.8000,15937,0,263782320.000,0,-,-,-,-,4015.8000,4015.6000,4015.4000,4015.0000,4013.8000,4016.8000,4017.0000,4020.0000,4020.2000,4020.4000,2,1,2,1,3,2,2,1,1,1
SF,IF2012,2020-06-30 09:32:56.900,4016.8000,15937,0,263782320.000,0,-,-,-,-,4015.8000,4015.4000,4015.0000,4013.8000,4013.6000,4016.8000,4017.0000,4020.0000,4020.2000,4020.4000,2,2,1,3,1,2,2,1,1,1
SF,IF2012,2020-06-30 09:32:57.400,4016.8000,15937,0,263782320.000,0,-,-,-,-,4015.4000,4015.0000,4013.8000,4013.6000,4013.2000,4016.8000,4017.0000,4020.0000,4020.2000,4020.4000,2,1,3,1,1,2,2,1,1,1
SF,IF2012,2020-06-30 09:32:57.900,4016.8000,15937,0,263782320.000,0,-,-,-,-,4016.0000,4015.8000,4015.4000,4015.0000,4013.8000,4016.8000,4017.0000,4020.0000,4020.2000,4020.4000,1,2,2,1,3,2,2,1,1,1
SF,IF2012,2020-06-30 09:32:58.400,4016.8000,15937,0,263782320.000,0,-,-,-,-,4015.4000,4015.0000,4013.8000,4013.6000,4013.2000,4016.8000,4017.0000,4020.0000,4020.2000,4020.4000,2,1,3,1,1,2,2,1,1,1
SF,IF2012,2020-06-30 09:32:58.900,4015.8000,15936,-1,264987060.000,1,0,1,双平,S,4015.4000,4015.0000,4013.8000,4013.6000,4013.2000,4016.8000,4017.0000,4020.0000,4020.2000,4020.4000,2,1,3,1,1,2,2,1,1,1
SF,IF2012,2020-06-30 09:32:59.400,4015.8000,15936,0,264987060.000,0,-,-,-,-,4015.4000,4015.0000,4013.8000,4013.6000,4013.2000,4016.8000,4017.0000,4020.0000,4020.2000,4020.4000,2,1,3,1,1,2,2,1,1,1
SF,IF2012,2020-06-30 09:32:59.900,4015.8000,15936,0,264987060.000,0,-,-,-,-,4015.6000,4015.4000,4015.0000,4013.8000,4013.6000,4016.8000,4017.0000,4020.0000,4020.2000,4020.4000,1,2,1,3,1,2,2,1,1,1
SF,IF2012,2020-06-30 09:33:00.900,4015.8000,15936,0,264987060.000,0,-,-,-,-,4015.4000,4015.0000,4013.8000,4013.6000,4013.2000,4016.8000,4017.0000,4020.2000,4020.4000,4021.6000,2,1,3,1,1,2,2,1,1,2
SF,IF2012,2020-06-30 09:33:01.400,4015.8000,15936,0,264987060.000,0,-,-,-,-,4015.6000,4015.4000,4015.0000,4013.8000,4013.6000,4016.8000,4017.0000,4020.2000,4020.4000,4021.6000,1,2,1,3,1,2,2,1,1,2
SF,IF2012,2020-06-30 09:33:01.900,4016.8000,15935,-1,267397140.000,2,0,2,多平,S,4015.6000,4015.4000,4015.0000,4013.8000,4013.6000,4017.0000,4020.2000,4020.4000,4021.6000,4022.0000,1,2,1,3,1,2,1,1,2,1
SF,IF2012,2020-06-30 09:33:02.400,4016.4000,15934,-1,268602060.000,1,0,1,双平,S,4016.0000,4015.8000,4015.6000,4015.4000,4015.0000,4017.0000,4020.2000,4020.4000,4021.6000,4022.0000,1,1,1,2,1,2,1,1,2,1
SF,IF2012,2020-06-30 09:33:02.900,4016.4000,15934,0,268602060.000,0,-,-,-,-,4015.8000,4015.6000,4015.4000,4015.0000,4013.8000,4017.0000,4020.2000,4020.4000,4021.6000,4022.0000,1,1,2,1,3,2,1,1,2,1
SF,IF2012,2020-06-30 09:33:03.400,4016.0000,15933,-1,269806860.000,1,0,1,双平,S,4015.8000,4015.4000,4015.0000,4013.8000,4013.6000,4017.0000,4020.2000,4020.4000,4021.6000,4022.0000,1,2,1,3,1,2,1,1,2,1
SF,IF2012,2020-06-30 09:33:03.900,4016.0000,15933,0,269806860.000,0,-,-,-,-,4016.0000,4015.8000,4015.4000,4015.0000,4013.8000,4017.0000,4020.2000,4020.4000,4021.6000,4022.0000,1,1,2,1,3,2,1,1,2,1
SF,IF2012,2020-06-30 09:33:04.400,4017.0000,15932,-1,272217060.000,2,0,2,多平,S,4016.0000,4015.8000,4015.4000,4015.0000,4013.8000,4020.2000,4020.4000,4021.6000,4022.0000,4022.6000,2,1,2,1,3,1,1,2,1,1
SF,IF2012,2020-06-30 09:33:04.900,4017.0000,15932,0,272217060.000,0,-,-,-,-,4016.2000,4016.0000,4015.8000,4015.4000,4015.0000,4020.2000,4020.4000,4021.6000,4022.0000,4022.6000,2,2,1,2,1,1,1,2,1,1
SF,IF2012,2020-06-30 09:33:05.400,4017.0000,15932,0,272217060.000,0,-,-,-,-,4016.4000,4016.2000,4016.0000,4015.4000,4015.0000,4020.0000,4020.2000,4020.4000,4021.6000,4022.0000,1,2,2,2,1,1,1,1,2,1
SF,IF2012,2020-06-30 09:33:05.900,4017.0000,15932,0,272217060.000,0,-,-,-,-,4016.8000,4016.6000,4016.4000,4016.0000,4015.4000,4019.2000,4020.0000,4020.2000,4020.4000,4021.6000,1,1,2,1,2,1,2,1,1,2
SF,IF2012,2020-06-30 09:33:06.400,4017.0000,15932,0,272217060.000,0,-,-,-,-,4017.2000,4017.0000,4016.8000,4016.4000,4016.0000,4018.4000,4019.0000,4019.2000,4020.0000,4020.2000,1,1,1,2,1,1,1,1,2,1
SF,IF2012,2020-06-30 09:33:06.900,4017.0000,15932,0,272217060.000,0,-,-,-,-,4016.4000,4016.0000,4015.4000,4015.0000,4013.8000,4018.4000,4019.0000,4019.2000,4020.0000,4020.2000,2,1,2,1,3,1,1,1,1,1
SF,IF2012,2020-06-30 09:33:07.400,4017.0000,15932,0,272217060.000,0,-,-,-,-,4016.6000,4016.4000,4016.0000,4015.4000,4015.0000,4018.4000,4019.0000,4019.2000,4020.0000,4020.2000,2,1,1,2,1,1,1,1,1,1
SF,IF2012,2020-06-30 09:33:07.900,4017.0000,15932,0,272217060.000,0,-,-,-,-,4016.8000,4016.6000,4016.4000,4016.0000,4015.4000,4018.4000,4019.0000,4019.2000,4020.0000,4020.2000,1,2,1,1,2,1,1,1,1,1
SF,IF2012,2020-06-30 09:33:08.400,4017.0000,15932,0,272217060.000,0,-,-,-,-,4017.0000,4016.8000,4016.6000,4016.4000,4016.0000,4018.4000,4019.0000,4019.2000,4020.0000,4020.2000,1,1,1,1,1,1,1,1,1,1
SF,IF2012,2020-06-30 09:33:08.900,4017.0000,15932,0,272217060.000,0,-,-,-,-,4017.4000,4016.8000,4016.6000,4016.4000,4016.0000,4018.4000,4019.0000,4019.2000,4020.0000,4020.2000,1,1,1,1,1,1,1,1,1,1
SF,IF2012,2020-06-30 09:33:09.400,4017.0000,15932,0,272217060.000,0,-,-,-,-,4017.4000,4016.8000,4016.6000,4016.4000,4016.0000,4019.0000,4019.2000,4020.0000,4020.2000,4020.4000,1,1,1,1,1,1,1,1,1,1
SF,IF2012,2020-06-30 09:33:09.900,4017.0000,15932,0,272217060.000,0,-,-,-,-,4016.8000,4016.6000,4016.4000,4016.0000,4015.4000,4018.8000,4019.0000,4019.2000,4020.0000,4020.2000,1,1,1,1,2,2,1,1,1,1
SF,IF2012,2020-06-30 09:33:10.400,4017.0000,15932,0,272217060.000,0,-,-,-,-,4017.6000,4017.0000,4016.8000,4016.4000,4015.4000,4018.8000,4019.0000,4019.2000,4020.0000,4020.2000,1,3,1,1,2,1,1,1,1,1
SF,IF2012,2020-06-30 09:33:10.900,4019.0000,15930,-2,274628400.000,2,0,2,双平,S,4017.6000,4017.0000,4016.8000,4015.4000,4015.0000,4019.2000,4020.0000,4020.2000,4020.4000,4020.6000,1,2,1,2,1,1,1,1,1,1
SF,IF2012,2020-06-30 09:33:11.400,4019.0000,15930,0,274628400.000,0,-,-,-,-,4017.2000,4017.0000,4015.4000,4015.0000,4013.8000,4019.0000,4019.2000,4020.0000,4020.2000,4020.4000,1,1,2,1,3,1,1,1,1,1
SF,IF2012,2020-06-30 09:33:12.400,4017.2000,15929,-1,275833560.000,1,0,1,双平,S,4017.0000,4015.4000,4015.0000,4013.8000,4013.6000,4019.0000,4019.2000,4020.0000,4020.2000,4020.4000,1,2,1,3,1,1,1,1,1,1
SF,IF2012,2020-06-30 09:33:12.900,4017.2000,15929,0,275833560.000,0,-,-,-,-,4017.0000,4016.6000,4015.4000,4015.0000,4013.8000,4018.8000,4020.0000,4020.2000,4020.4000,4020.6000,1,1,2,1,3,2,1,1,1,1
SF,IF2012,2020-06-30 09:33:13.900,4018.8000,15928,-1,277039200.000,1,0,1,双平,S,4017.2000,4017.0000,4016.6000,4015.4000,4015.0000,4018.8000,4020.0000,4020.2000,4020.4000,4020.6000,1,1,1,2,1,1,1,1,1,1
SF,IF2012,2020-06-30 09:33:14.400,4018.8000,15928,0,277039200.000,0,-,-,-,-,4017.4000,4017.2000,4017.0000,4016.6000,4015.4000,4018.8000,4020.0000,4020.2000,4020.4000,4020.6000,1,1,1,1,2,1,1,1,1,1
SF,IF2012,2020-06-30 09:33:14.900,4018.8000,15928,0,277039200.000,0,-,-,-,-,4017.4000,4017.2000,4017.0000,4016.6000,4015.4000,4020.0000,4020.2000,4020.4000,4020.6000,4021.6000,1,1,1,1,2,1,1,1,1,2
SF,IF2012,2020-06-30 09:33:15.400,4018.8000,15928,0,277039200.000,0,-,-,-,-,4017.6000,4017.2000,4016.6000,4015.4000,4015.0000,4019.8000,4020.0000,4020.2000,4020.4000,4020.6000,2,1,1,2,2,4,1,1,1,1
SF,IF2012,2020-06-30 09:33:15.900,4018.8000,15928,0,277039200.000,0,-,-,-,-,4017.6000,4017.2000,4016.6000,4015.4000,4015.0000,4019.6000,4019.8000,4020.0000,4020.2000,4020.4000,2,1,1,2,2,1,4,1,1,1
SF,IF2012,2020-06-30 09:33:16.400,4018.8000,15928,0,277039200.000,0,-,-,-,-,4017.6000,4017.2000,4017.0000,4016.6000,4015.4000,4019.4000,4019.6000,4019.8000,4020.0000,4020.2000,2,1,1,1,2,1,1,4,1,1
SF,IF2012,2020-06-30 09:33:16.900,4018.8000,15928,0,277039200.000,0,-,-,-,-,4017.6000,4017.2000,4017.0000,4016.6000,4015.4000,4019.4000,4019.6000,4019.8000,4020.0000,4020.2000,2,1,1,1,2,1,1,4,1,1
SF,IF2012,2020-06-30 09:33:17.400,4018.8000,15928,0,277039200.000,0,-,-,-,-,4017.6000,4017.2000,4017.0000,4016.6000,4015.4000,4019.2000,4019.4000,4019.6000,4019.8000,4020.0000,2,1,1,1,2,1,1,1,4,1
SF,IF2012,2020-06-30 09:33:17.900,4018.8000,15928,0,277039200.000,0,-,-,-,-,4017.6000,4017.2000,4017.0000,4016.6000,4015.4000,4019.0000,4019.2000,4019.6000,4019.8000,4020.0000,2,1,1,1,2,1,1,1,4,1
SF,IF2012,2020-06-30 09:33:18.400,4018.8000,15928,0,277039200.000,0,-,-,-,-,4017.2000,4017.0000,4016.6000,4015.4000,4015.0000,4018.6000,4018.8000,4019.2000,4019.6000,4019.8000,1,1,1,2,2,1,1,1,1,4
SF,IF2012,2020-06-30 09:33:18.900,4018.8000,15928,0,277039200.000,0,-,-,-,-,4016.6000,4015.4000,4015.0000,4013.8000,4013.6000,4018.4000,4018.6000,4018.8000,4019.2000,4019.6000,1,2,2,3,1,1,1,1,1,1
SF,IF2012,2020-06-30 09:33:19.400,4018.8000,15928,0,277039200.000,0,-,-,-,-,4016.8000,4016.6000,4015.4000,4015.0000,4013.8000,4018.2000,4018.4000,4018.6000,4018.8000,4019.2000,1,1,2,2,3,2,1,1,1,1
SF,IF2012,2020-06-30 09:33:19.900,4018.8000,15928,0,277039200.000,0,-,-,-,-,4016.8000,4016.6000,4015.4000,4015.0000,4013.8000,4017.8000,4018.2000,4018.4000,4018.8000,4019.2000,1,1,2,2,3,1,3,1,1,1
SF,IF2012,2020-06-30 09:33:20.400,4018.8000,15928,0,277039200.000,0,-,-,-,-,4016.8000,4016.6000,4015.0000,4013.8000,4013.6000,4017.8000,4018.2000,4018.4000,4018.8000,4019.8000,1,1,2,3,1,1,2,1,1,4
SF,IF2012,2020-06-30 09:33:20.900,4018.8000,15928,0,277039200.000,0,-,-,-,-,4016.8000,4016.6000,4015.0000,4013.8000,4013.6000,4018.2000,4018.4000,4019.8000,4020.0000,4020.2000,1,1,2,3,1,1,1,4,2,1
SF,IF2012,2020-06-30 09:33:21.400,4018.8000,15928,0,277039200.000,0,-,-,-,-,4016.8000,4016.6000,4015.0000,4013.8000,4013.6000,4018.4000,4019.8000,4020.0000,4020.2000,4020.4000,1,1,2,3,1,1,4,2,1,1
SF,IF2012,2020-06-30 09:33:21.900,4018.8000,15928,0,277039200.000,0,-,-,-,-,4016.8000,4016.6000,4015.0000,4013.8000,4013.6000,4018.2000,4018.4000,4019.8000,4020.0000,4020.2000,1,1,2,3,1,2,1,4,2,1
SF,IF2012,2020-06-30 09:33:22.900,4018.8000,15928,0,277039200.000,0,-,-,-,-,4016.8000,4016.6000,4015.0000,4013.8000,4013.6000,4017.8000,4018.2000,4018.4000,4019.8000,4020.0000,1,1,2,3,1,1,1,1,4,3
SF,IF2012,2020-06-30 09:33:23.900,4018.8000,15928,0,277039200.000,0,-,-,-,-,4016.8000,4016.6000,4015.0000,4013.8000,4013.6000,4017.8000,4018.2000,4018.4000,4019.0000,4019.8000,1,1,2,3,1,1,1,1,1,4
SF,IF2012,2020-06-30 09:33:24.400,4018.8000,15928,0,277039200.000,0,-,-,-,-,4016.8000,4016.6000,4015.0000,4013.8000,4013.6000,4018.4000,4019.0000,4019.8000,4020.0000,4020.2000,1,1,2,3,1,1,1,4,3,1
SF,IF2012,2020-06-30 09:33:24.900,4018.8000,15928,0,277039200.000,0,-,-,-,-,4016.8000,4016.6000,4015.0000,4013.8000,4013.6000,4018.2000,4018.4000,4019.0000,4019.8000,4020.0000,1,1,2,3,1,3,1,1,4,3
SF,IF2012,2020-06-30 09:33:25.900,4018.8000,15928,0,277039200.000,0,-,-,-,-,4016.8000,4016.6000,4015.0000,4013.8000,4013.6000,4018.2000,4018.4000,4019.0000,4019.8000,4020.0000,1,1,2,3,1,2,1,1,4,3
SF,IF2012,2020-06-30 09:33:26.400,4018.8000,15928,0,277039200.000,0,-,-,-,-,4016.8000,4016.6000,4015.0000,4013.8000,4013.6000,4018.2000,4018.4000,4019.0000,4019.8000,4020.0000,1,1,2,3,1,1,1,1,4,3
SF,IF2012,2020-06-30 09:33:26.900,4018.8000,15928,0,277039200.000,0,-,-,-,-,4016.8000,4016.6000,4015.0000,4013.8000,4013.6000,4018.4000,4019.0000,4019.8000,4020.0000,4020.2000,1,1,2,3,1,1,1,4,3,1
SF,IF2012,2020-06-30 09:33:27.400,4018.8000,15928,0,277039200.000,0,-,-,-,-,4017.0000,4016.8000,4016.6000,4015.0000,4013.8000,4018.4000,4019.0000,4019.8000,4020.0000,4020.2000,1,1,1,2,3,1,1,4,3,1
SF,IF2012,2020-06-30 09:33:27.900,4018.8000,15928,0,277039200.000,0,-,-,-,-,4017.2000,4017.0000,4016.6000,4015.0000,4013.8000,4019.0000,4019.8000,4020.0000,4020.2000,4020.4000,1,1,1,2,3,1,4,3,1,1
SF,IF2012,2020-06-30 09:33:28.400,4018.8000,15928,0,277039200.000,0,-,-,-,-,4017.2000,4016.6000,4015.0000,4013.8000,4013.6000,4018.8000,4019.8000,4020.0000,4020.2000,4020.4000,1,1,2,3,1,1,4,3,1,1
SF,IF2012,2020-06-30 09:33:28.900,4018.8000,15928,0,277039200.000,0,-,-,-,-,4017.4000,4017.2000,4016.6000,4015.0000,4013.8000,4019.8000,4020.0000,4020.2000,4020.4000,4021.6000,1,1,1,2,3,4,3,1,1,2
SF,IF2012,2020-06-30 09:33:29.400,4018.8000,15928,0,277039200.000,0,-,-,-,-,4017.6000,4016.6000,4015.0000,4013.8000,4013.6000,4019.4000,4019.6000,4019.8000,4020.0000,4020.2000,2,1,2,3,1,1,2,4,3,1
SF,IF2012,2020-06-30 09:33:29.900,4018.8000,15928,0,277039200.000,0,-,-,-,-,4017.6000,4016.6000,4015.0000,4013.8000,4013.6000,4019.2000,4019.4000,4019.6000,4019.8000,4020.0000,2,1,2,3,1,1,1,1,4,3
SF,IF2012,2020-06-30 09:33:30.400,4018.8000,15928,0,277039200.000,0,-,-,-,-,4017.6000,4016.6000,4015.0000,4013.8000,4013.6000,4019.2000,4019.6000,4019.8000,4020.0000,4020.2000,2,1,2,3,1,1,1,4,3,1
SF,IF2012,2020-06-30 09:33:30.900,4018.8000,15928,0,277039200.000,0,-,-,-,-,4017.8000,4017.6000,4016.6000,4015.0000,4013.8000,4019.0000,4019.2000,4019.6000,4019.8000,4020.0000,1,2,1,2,3,1,1,1,4,3
SF,IF2012,2020-06-30 09:33:31.400,4018.8000,15928,0,277039200.000,0,-,-,-,-,4018.0000,4016.6000,4015.0000,4013.8000,4013.6000,4019.0000,4019.2000,4019.8000,4020.0000,4020.2000,1,1,2,3,1,1,1,4,3,1
SF,IF2012,2020-06-30 09:33:32.400,4018.8000,15928,0,277039200.000,0,-,-,-,-,4018.0000,4016.6000,4015.0000,4013.8000,4013.6000,4019.0000,4019.2000,4019.8000,4020.0000,4020.2000,1,1,2,3,1,1,1,4,4,1
SF,IF2012,2020-06-30 09:33:32.900,4018.8000,15928,0,277039200.000,0,-,-,-,-,4018.2000,4018.0000,4016.6000,4015.0000,4013.8000,4019.0000,4019.2000,4019.8000,4020.0000,4020.2000,1,1,1,2,3,1,1,4,4,1
SF,IF2012,2020-06-30 09:33:33.400,4018.8000,15928,0,277039200.000,0,-,-,-,-,4018.2000,4016.6000,4015.0000,4013.8000,4013.6000,4019.0000,4019.2000,4019.8000,4020.0000,4020.2000,1,1,2,3,1,1,1,4,4,1
SF,IF2012,2020-06-30 09:33:33.900,4018.2000,15927,-1,278244660.000,1,0,1,双平,S,4016.6000,4015.0000,4013.8000,4013.6000,4013.2000,4019.0000,4019.2000,4019.8000,4020.0000,4020.2000,1,2,3,1,1,1,1,4,4,1
SF,IF2012,2020-06-30 09:33:34.400,4018.2000,15927,0,278244660.000,0,-,-,-,-,4017.0000,4016.8000,4016.6000,4015.0000,4013.8000,4019.8000,4020.0000,4020.2000,4020.4000,4021.6000,1,4,1,2,3,4,4,1,1,2
SF,IF2012,2020-06-30 09:33:34.900,4018.2000,15927,0,278244660.000,0,-,-,-,-,4017.2000,4016.8000,4016.6000,4015.0000,4013.8000,4019.6000,4019.8000,4020.0000,4020.2000,4020.4000,3,2,1,2,3,1,4,4,1,1
SF,IF2012,2020-06-30 09:33:35.400,4018.2000,15927,0,278244660.000,0,-,-,-,-,4017.6000,4017.4000,4017.2000,4016.6000,4015.0000,4019.6000,4019.8000,4020.0000,4020.2000,4020.4000,1,1,3,1,2,1,4,4,1,1
SF,IF2012,2020-06-30 09:33:35.900,4018.2000,15927,0,278244660.000,0,-,-,-,-,4017.8000,4017.4000,4017.2000,4016.6000,4015.0000,4019.4000,4019.6000,4019.8000,4020.0000,4020.2000,2,1,1,1,2,2,1,4,4,1
SF,IF2012,2020-06-30 09:33:36.400,4018.2000,15927,0,278244660.000,0,-,-,-,-,4018.0000,4017.8000,4017.4000,4017.2000,4016.6000,4019.4000,4019.6000,4019.8000,4020.0000,4020.2000,1,2,1,1,1,1,1,4,4,1
SF,IF2012,2020-06-30 09:33:36.900,4018.2000,15927,0,278244660.000,0,-,-,-,-,4017.8000,4017.4000,4017.2000,4016.6000,4015.0000,4019.2000,4019.4000,4019.8000,4020.0000,4020.2000,1,1,1,1,2,1,1,4,4,1
SF,IF2012,2020-06-30 09:33:37.400,4018.2000,15927,0,278244660.000,0,-,-,-,-,4017.4000,4017.2000,4016.6000,4015.0000,4013.8000,4019.0000,4019.2000,4019.4000,4019.8000,4020.0000,1,1,1,2,3,1,1,1,4,4
SF,IF2012,2020-06-30 09:33:37.900,4018.8000,15926,-1,279450300.000,1,0,1,双平,S,4017.2000,4016.6000,4015.0000,4013.8000,4013.6000,4018.8000,4019.0000,4019.4000,4019.8000,4020.0000,1,1,2,3,1,1,1,1,4,4
SF,IF2012,2020-06-30 09:33:38.400,4018.8000,15926,0,279450300.000,0,-,-,-,-,4017.4000,4017.2000,4016.6000,4015.0000,4013.8000,4018.8000,4019.0000,4019.4000,4019.8000,4020.0000,1,1,1,2,3,1,1,1,4,4
SF,IF2012,2020-06-30 09:33:38.900,4018.8000,15926,0,279450300.000,0,-,-,-,-,4017.4000,4017.2000,4016.6000,4015.0000,4013.8000,4018.8000,4019.0000,4019.8000,4020.0000,4020.2000,2,1,1,2,3,1,1,4,4,1
SF,IF2012,2020-06-30 09:33:39.400,4018.8000,15926,0,279450300.000,0,-,-,-,-,4017.4000,4017.2000,4016.6000,4015.0000,4013.8000,4019.0000,4019.8000,4020.0000,4020.2000,4020.4000,2,1,1,2,3,1,4,4,1,1
SF,IF2012,2020-06-30 09:33:39.900,4018.8000,15926,0,279450300.000,0,-,-,-,-,4017.6000,4017.4000,4016.6000,4015.0000,4013.8000,4018.8000,4019.0000,4019.8000,4020.0000,4020.2000,1,1,1,2,3,1,1,4,4,1
SF,IF2012,2020-06-30 09:33:40.400,4018.8000,15926,0,279450300.000,0,-,-,-,-,4017.6000,4016.6000,4015.0000,4013.8000,4013.6000,4018.6000,4018.8000,4019.0000,4019.8000,4020.0000,1,1,2,3,1,1,1,1,4,4
SF,IF2012,2020-06-30 09:33:40.900,4018.8000,15926,0,279450300.000,0,-,-,-,-,4017.6000,4016.6000,4015.0000,4013.8000,4013.6000,4018.4000,4018.6000,4019.0000,4019.8000,4020.0000,1,1,2,3,1,1,1,1,4,4
SF,IF2012,2020-06-30 09:33:41.400,4018.8000,15926,0,279450300.000,0,-,-,-,-,4017.6000,4016.6000,4015.0000,4013.8000,4013.6000,4018.6000,4019.0000,4019.8000,4020.0000,4020.2000,1,1,2,3,1,1,1,4,4,1
SF,IF2012,2020-06-30 09:33:43.400,4018.8000,15926,0,279450300.000,0,-,-,-,-,4016.6000,4015.0000,4013.8000,4013.6000,4013.2000,4018.6000,4019.0000,4019.8000,4020.0000,4020.2000,1,2,3,1,1,1,1,4,4,1
SF,IF2012,2020-06-30 09:33:43.900,4018.8000,15926,0,279450300.000,0,-,-,-,-,4016.8000,4016.6000,4015.0000,4013.8000,4013.6000,4018.4000,4019.0000,4019.8000,4020.0000,4020.2000,4,1,2,3,1,1,1,4,4,1
SF,IF2012,2020-06-30 09:33:44.400,4018.8000,15926,0,279450300.000,0,-,-,-,-,4017.0000,4016.8000,4016.6000,4015.0000,4013.8000,4018.4000,4019.0000,4019.8000,4020.0000,4020.2000,2,2,1,2,3,2,1,4,4,1
SF,IF2012,2020-06-30 09:33:44.900,4018.8000,15926,0,279450300.000,0,-,-,-,-,4017.2000,4017.0000,4016.8000,4016.6000,4015.0000,4018.4000,4019.0000,4019.8000,4020.0000,4020.2000,1,2,1,1,2,2,1,4,4,1
SF,IF2012,2020-06-30 09:33:45.400,4018.8000,15926,0,279450300.000,0,-,-,-,-,4016.8000,4016.6000,4015.0000,4013.8000,4013.6000,4018.4000,4019.0000,4019.8000,4020.0000,4020.2000,1,1,2,3,1,2,1,4,4,1
SF,IF2012,2020-06-30 09:33:45.900,4018.8000,15926,0,279450300.000,0,-,-,-,-,4016.8000,4016.6000,4015.0000,4013.8000,4013.6000,4018.4000,4019.0000,4019.8000,4020.0000,4020.2000,1,1,2,3,1,2,1,4,4,1
SF,IF2012,2020-06-30 09:33:46.400,4018.8000,15926,0,279450300.000,0,-,-,-,-,4016.8000,4016.6000,4015.0000,4013.8000,4013.6000,4018.4000,4019.0000,4019.8000,4020.0000,4020.2000,1,1,2,3,1,2,1,4,4,1
SF,IF2012,2020-06-30 09:33:46.900,4016.8000,15925,-1,280655340.000,1,0,1,双平,S,4016.6000,4015.0000,4013.8000,4013.6000,4013.2000,4018.4000,4019.0000,4019.8000,4020.0000,4020.2000,1,2,3,1,1,2,1,4,4,1
SF,IF2012,2020-06-30 09:33:47.400,4016.6000,15925,0,281860320.000,1,0,1,多换,S,4015.0000,4013.8000,4013.6000,4013.2000,4012.6000,4017.4000,4018.4000,4019.0000,4019.8000,4020.0000,2,3,1,1,1,1,2,1,4,4
SF,IF2012,2020-06-30 09:33:47.900,4016.6000,15925,0,281860320.000,0,-,-,-,-,4015.4000,4015.2000,4015.0000,4013.8000,4013.6000,4017.2000,4017.4000,4018.4000,4019.0000,4019.8000,3,1,2,3,1,3,1,1,1,4
SF,IF2012,2020-06-30 09:33:48.400,4016.6000,15925,0,281860320.000,0,-,-,-,-,4015.6000,4015.4000,4015.0000,4013.8000,4013.6000,4017.2000,4017.4000,4018.4000,4019.0000,4019.8000,2,2,2,3,1,3,1,1,1,4
SF,IF2012,2020-06-30 09:33:48.900,4016.6000,15925,0,281860320.000,0,-,-,-,-,4015.6000,4015.0000,4013.8000,4013.6000,4013.2000,4017.2000,4017.4000,4019.0000,4019.8000,4020.0000,1,2,3,1,1,3,1,1,4,5
SF,IF2012,2020-06-30 09:33:49.400,4016.6000,15925,0,281860320.000,0,-,-,-,-,4015.8000,4015.6000,4015.0000,4013.8000,4013.6000,4017.2000,4017.4000,4019.8000,4020.0000,4020.2000,2,1,2,3,1,3,1,4,5,1
SF,IF2012,2020-06-30 09:33:49.900,4016.6000,15925,0,281860320.000,0,-,-,-,-,4016.0000,4015.0000,4013.8000,4013.6000,4013.2000,4017.4000,4019.8000,4020.0000,4020.2000,4020.4000,1,2,3,1,1,1,4,5,1,1
SF,IF2012,2020-06-30 09:33:50.400,4016.6000,15925,0,281860320.000,0,-,-,-,-,4016.0000,4015.4000,4015.0000,4013.8000,4013.6000,4017.4000,4019.8000,4020.0000,4020.2000,4020.4000,1,1,2,3,1,1,4,5,1,1
SF,IF2012,2020-06-30 09:33:50.900,4016.6000,15925,0,281860320.000,0,-,-,-,-,4016.0000,4015.0000,4013.8000,4013.6000,4013.2000,4017.2000,4017.4000,4019.8000,4020.0000,4020.2000,1,2,3,1,1,1,1,4,5,1
SF,IF2012,2020-06-30 09:33:51.400,4017.2000,15925,0,283065480.000,1,0,1,多换,S,4016.0000,4015.0000,4013.8000,4013.6000,4013.2000,4017.4000,4019.8000,4020.0000,4020.2000,4020.4000,1,2,3,1,1,1,4,5,1,1
SF,IF2012,2020-06-30 09:33:51.900,4017.2000,15925,0,283065480.000,0,-,-,-,-,4016.0000,4015.0000,4013.8000,4013.6000,4013.2000,4017.4000,4019.8000,4020.0000,4020.2000,4020.4000,1,2,3,1,1,1,4,5,1,1
SF,IF2012,2020-06-30 09:33:52.400,4017.2000,15925,0,283065480.000,0,-,-,-,-,4016.4000,4016.0000,4015.0000,4013.8000,4013.6000,4017.4000,4019.8000,4020.0000,4020.2000,4020.4000,1,1,2,3,1,1,4,5,1,1
SF,IF2012,2020-06-30 09:33:54.400,4017.2000,15925,0,283065480.000,0,-,-,-,-,4016.0000,4015.0000,4013.8000,4013.6000,4013.2000,4017.4000,4019.8000,4020.0000,4020.2000,4020.4000,1,2,3,1,1,1,4,5,1,1
SF,IF2012,2020-06-30 09:33:58.400,4017.2000,15925,0,283065480.000,0,-,-,-,-,4016.0000,4015.0000,4013.8000,4013.6000,4013.2000,4017.2000,4017.4000,4019.8000,4020.0000,4020.2000,1,2,3,1,1,1,1,4,5,1
SF,IF2012,2020-06-30 09:33:59.400,4017.2000,15925,0,283065480.000,0,-,-,-,-,4017.0000,4016.0000,4015.0000,4013.8000,4013.6000,4017.4000,4019.8000,4020.0000,4020.2000,4020.4000,1,1,2,3,1,1,4,5,1,1
SF,IF2012,2020-06-30 09:33:59.900,4017.0000,15925,0,284270580.000,1,0,1,多换,S,4015.0000,4013.8000,4013.6000,4013.2000,4012.6000,4017.4000,4019.8000,4020.0000,4020.2000,4020.4000,2,3,1,1,1,1,4,5,1,1
SF,IF2012,2020-06-30 09:34:00.400,4017.0000,15925,0,284270580.000,0,-,-,-,-,4015.4000,4015.2000,4015.0000,4013.8000,4013.6000,4017.2000,4017.4000,4019.8000,4020.0000,4020.2000,3,2,2,3,1,1,1,4,5,1
SF,IF2012,2020-06-30 09:34:00.900,4017.0000,15925,0,284270580.000,0,-,-,-,-,4015.6000,4015.4000,4015.2000,4015.0000,4013.8000,4017.2000,4017.4000,4019.8000,4020.0000,4020.2000,1,3,1,2,3,1,1,4,5,1
SF,IF2012,2020-06-30 09:34:01.400,4017.0000,15925,0,284270580.000,0,-,-,-,-,4015.8000,4015.6000,4015.2000,4015.0000,4013.8000,4017.4000,4019.8000,4020.0000,4020.2000,4020.4000,2,1,1,2,3,1,4,5,1,1
SF,IF2012,2020-06-30 09:34:01.900,4017.0000,15925,0,284270580.000,0,-,-,-,-,4016.0000,4015.2000,4015.0000,4013.8000,4013.6000,4017.4000,4019.8000,4020.0000,4020.2000,4020.4000,3,1,2,3,1,1,4,5,1,1
SF,IF2012,2020-06-30 09:34:02.400,4017.0000,15925,0,284270580.000,0,-,-,-,-,4016.0000,4015.2000,4015.0000,4013.8000,4013.6000,4019.8000,4020.0000,4020.2000,4020.4000,4021.6000,3,1,2,3,1,4,5,1,1,2
SF,IF2012,2020-06-30 09:34:02.900,4017.0000,15925,0,284270580.000,0,-,-,-,-,4016.0000,4015.0000,4013.8000,4013.6000,4013.2000,4019.6000,4019.8000,4020.0000,4020.2000,4020.4000,1,2,3,1,1,2,4,5,1,1
SF,IF2012,2020-06-30 09:34:03.400,4017.0000,15925,0,284270580.000,0,-,-,-,-,4016.0000,4015.0000,4013.8000,4013.6000,4013.2000,4018.6000,4019.6000,4019.8000,4020.0000,4020.2000,1,2,3,1,1,1,2,4,5,1
SF,IF2012,2020-06-30 09:34:03.900,4017.0000,15925,0,284270580.000,0,-,-,-,-,4016.0000,4015.0000,4013.8000,4013.6000,4013.2000,4017.8000,4018.4000,4018.6000,4019.2000,4019.8000,1,2,3,1,1,1,3,1,1,4
SF,IF2012,2020-06-30 09:34:04.900,4017.0000,15925,0,284270580.000,0,-,-,-,-,4016.0000,4015.0000,4013.8000,4013.6000,4013.2000,4017.6000,4017.8000,4018.4000,4018.6000,4019.2000,1,2,3,1,1,1,1,2,1,1
SF,IF2012,2020-06-30 09:34:05.400,4016.2000,15925,0,285475440.000,1,0,1,多换,S,4016.2000,4016.0000,4015.4000,4015.0000,4013.8000,4017.8000,4018.4000,4018.6000,4019.2000,4019.8000,1,1,1,2,3,1,2,1,1,4
SF,IF2012,2020-06-30 09:34:05.900,4016.2000,15925,0,285475440.000,0,-,-,-,-,4016.4000,4016.2000,4015.4000,4015.0000,4013.8000,4017.8000,4018.4000,4019.2000,4019.8000,4020.0000,1,1,1,2,3,1,2,1,4,5
SF,IF2012,2020-06-30 09:34:06.400,4016.2000,15925,0,285475440.000,0,-,-,-,-,4016.4000,4016.2000,4015.4000,4015.0000,4013.8000,4017.8000,4018.4000,4019.8000,4020.0000,4020.2000,1,1,1,2,3,1,2,4,5,1
SF,IF2012,2020-06-30 09:34:06.900,4016.2000,15925,0,285475440.000,0,-,-,-,-,4016.4000,4016.2000,4015.0000,4013.8000,4013.6000,4017.8000,4018.4000,4019.8000,4020.0000,4020.2000,1,1,2,3,1,1,1,4,5,1
SF,IF2012,2020-06-30 09:34:07.400,4016.2000,15925,0,285475440.000,0,-,-,-,-,4015.0000,4013.8000,4013.6000,4013.2000,4012.6000,4017.6000,4017.8000,4019.8000,4020.0000,4020.2000,2,3,1,1,1,2,1,4,5,1
SF,IF2012,2020-06-30 09:34:07.900,4016.2000,15925,0,285475440.000,0,-,-,-,-,4015.2000,4015.0000,4013.8000,4013.6000,4013.2000,4017.6000,4017.8000,4019.8000,4020.0000,4020.2000,2,2,3,1,1,2,1,4,5,1
SF,IF2012,2020-06-30 09:34:08.400,4016.2000,15925,0,285475440.000,0,-,-,-,-,4015.2000,4015.0000,4013.8000,4013.6000,4013.2000,4017.4000,4017.6000,4017.8000,4019.8000,4020.0000,2,2,3,1,1,1,2,1,4,5
SF,IF2012,2020-06-30 09:34:08.900,4017.2000,15925,0,286680600.000,1,0,1,多换,S,4015.2000,4015.0000,4013.8000,4013.6000,4013.2000,4017.4000,4017.6000,4017.8000,4019.8000,4020.0000,2,2,3,1,1,1,1,1,4,5
SF,IF2012,2020-06-30 09:34:09.400,4017.2000,15925,0,286680600.000,0,-,-,-,-,4015.4000,4015.2000,4015.0000,4013.8000,4013.6000,4017.2000,4017.4000,4017.8000,4019.8000,4020.0000,1,2,2,3,1,2,1,1,4,5
SF,IF2012,2020-06-30 09:34:09.900,4017.2000,15925,0,286680600.000,0,-,-,-,-,4015.6000,4015.4000,4015.2000,4015.0000,4013.8000,4017.2000,4017.4000,4017.8000,4019.8000,4020.0000,1,1,1,2,3,2,1,1,4,5
SF,IF2012,2020-06-30 09:34:10.400,4017.2000,15925,0,286680600.000,0,-,-,-,-,4015.6000,4015.2000,4015.0000,4013.8000,4013.6000,4017.2000,4017.4000,4017.8000,4019.8000,4020.0000,2,1,2,3,1,2,1,1,4,5
SF,IF2012,2020-06-30 09:34:10.900,4017.2000,15925,0,286680600.000,0,-,-,-,-,4015.6000,4015.0000,4013.8000,4013.6000,4013.2000,4016.8000,4017.0000,4017.2000,4017.8000,4019.8000,2,2,3,1,1,2,1,2,1,4
SF,IF2012,2020-06-30 09:34:11.400,4017.2000,15925,0,286680600.000,0,-,-,-,-,4015.6000,4015.0000,4013.8000,4013.6000,4013.2000,4016.8000,4017.0000,4017.2000,4017.8000,4019.8000,2,2,3,1,1,2,1,1,1,4
SF,IF2012,2020-06-30 09:34:11.900,4017.2000,15925,0,286680600.000,0,-,-,-,-,4015.6000,4015.0000,4013.8000,4013.6000,4013.2000,4016.8000,4017.0000,4017.2000,4017.8000,4019.8000,1,2,3,1,1,2,1,1,1,4
SF,IF2012,2020-06-30 09:34:13.900,4017.2000,15925,0,286680600.000,0,-,-,-,-,4015.6000,4015.0000,4013.8000,4013.6000,4013.2000,4016.6000,4016.8000,4017.2000,4017.8000,4019.8000,1,2,3,1,1,1,2,1,1,4
SF,IF2012,2020-06-30 09:34:14.400,4017.2000,15925,0,286680600.000,0,-,-,-,-,4015.0000,4013.8000,4013.6000,4013.2000,4012.6000,4016.6000,4016.8000,4017.2000,4017.8000,4019.8000,2,3,1,1,1,1,2,1,1,4
SF,IF2012,2020-06-30 09:34:14.900,4017.2000,15925,0,286680600.000,0,-,-,-,-,4015.0000,4013.8000,4013.6000,4013.2000,4012.6000,4016.4000,4016.6000,4016.8000,4017.2000,4017.8000,2,3,1,1,1,2,1,2,1,1
SF,IF2012,2020-06-30 09:34:15.400,4017.2000,15925,0,286680600.000,0,-,-,-,-,4015.2000,4015.0000,4013.8000,4013.6000,4013.2000,4016.4000,4016.6000,4016.8000,4017.8000,4019.8000,1,2,3,1,1,2,1,2,1,4
SF,IF2012,2020-06-30 09:34:15.900,4017.2000,15925,0,286680600.000,0,-,-,-,-,4015.0000,4013.6000,4013.2000,4012.2000,4012.0000,4016.0000,4016.4000,4016.8000,4017.8000,4019.8000,2,1,1,1,3,1,1,2,1,4
SF,IF2012,2020-06-30 09:34:16.400,4015.0000,15924,-1,289089600.000,2,0,2,多平,S,4013.6000,4013.2000,4012.2000,4012.0000,4011.6000,4015.8000,4016.0000,4016.8000,4017.8000,4019.8000,1,1,1,3,3,1,1,2,1,4
SF,IF2012,2020-06-30 09:34:16.900,4015.0000,15924,0,289089600.000,0,-,-,-,-,4013.8000,4013.6000,4013.2000,4012.2000,4012.0000,4015.6000,4016.0000,4016.8000,4017.8000,4019.8000,1,1,1,1,3,1,1,2,1,4
SF,IF2012,2020-06-30 09:34:17.400,4015.6000,15924,0,290294280.000,1,0,1,多换,S,4013.8000,4013.6000,4013.2000,4012.2000,4012.0000,4016.0000,4016.8000,4017.8000,4019.8000,4020.0000,1,1,1,1,3,1,2,1,4,5
SF,IF2012,2020-06-30 09:34:17.900,4015.6000,15924,0,290294280.000,0,-,-,-,-,4014.0000,4013.8000,4013.6000,4013.2000,4012.2000,4015.8000,4016.0000,4016.8000,4017.8000,4019.8000,1,1,1,1,1,1,1,2,1,4
SF,IF2012,2020-06-30 09:34:18.400,4015.6000,15924,0,290294280.000,0,-,-,-,-,4014.2000,4014.0000,4013.8000,4013.6000,4013.2000,4016.0000,4016.8000,4017.8000,4019.8000,4020.0000,1,1,1,1,1,1,2,1,4,4
SF,IF2012,2020-06-30 09:34:19.400,4015.6000,15924,0,290294280.000,0,-,-,-,-,4014.2000,4014.0000,4013.8000,4013.6000,4013.2000,4016.0000,4016.8000,4017.8000,4019.8000,4020.0000,1,1,1,1,1,1,2,1,4,3
SF,IF2012,2020-06-30 09:34:19.900,4014.2000,15922,-2,292702860.000,2,0,2,双平,S,4014.0000,4013.8000,4013.6000,4013.2000,4012.2000,4016.0000,4016.8000,4017.8000,4019.8000,4020.0000,1,1,1,1,1,1,2,1,4,3
SF,IF2012,2020-06-30 09:34:20.400,4014.2000,15922,0,292702860.000,0,-,-,-,-,4014.2000,4014.0000,4013.8000,4013.6000,4013.2000,4015.8000,4016.0000,4016.8000,4017.8000,4019.8000,2,1,1,1,1,1,1,2,1,4
SF,IF2012,2020-06-30 09:34:20.900,4014.2000,15922,0,292702860.000,0,-,-,-,-,4014.4000,4014.2000,4014.0000,4013.8000,4013.6000,4015.8000,4016.0000,4016.8000,4017.8000,4019.8000,1,1,1,1,1,1,1,2,1,4
SF,IF2012,2020-06-30 09:34:21.400,4014.2000,15922,0,292702860.000,0,-,-,-,-,4014.4000,4014.2000,4014.0000,4013.8000,4013.6000,4015.8000,4016.0000,4016.8000,4017.8000,4019.8000,1,2,1,1,1,1,1,2,1,4
SF,IF2012,2020-06-30 09:34:21.900,4014.2000,15922,0,292702860.000,0,-,-,-,-,4014.6000,4014.4000,4014.2000,4014.0000,4013.8000,4015.8000,4016.0000,4016.8000,4017.8000,4019.8000,1,1,1,1,1,1,1,2,1,4
SF,IF2012,2020-06-30 09:34:22.400,4014.2000,15922,0,292702860.000,0,-,-,-,-,4014.6000,4014.0000,4013.8000,4013.6000,4013.2000,4016.0000,4016.8000,4017.8000,4019.8000,4020.0000,2,1,1,1,1,1,2,1,4,3
SF,IF2012,2020-06-30 09:34:22.900,4014.6000,15921,-1,293907240.000,1,0,1,双平,S,4014.6000,4014.0000,4013.8000,4013.6000,4013.2000,4016.0000,4016.8000,4017.8000,4019.8000,4020.0000,2,3,1,1,1,1,2,1,4,3
SF,IF2012,2020-06-30 09:34:24.400,4014.6000,15921,0,293907240.000,0,-,-,-,-,4014.6000,4014.0000,4013.8000,4013.6000,4013.2000,4016.8000,4017.8000,4019.8000,4020.0000,4020.2000,2,3,1,1,1,2,1,4,3,1
SF,IF2012,2020-06-30 09:34:24.900,4014.6000,15921,0,293907240.000,0,-,-,-,-,4014.8000,4014.6000,4014.0000,4013.8000,4013.6000,4016.4000,4016.6000,4016.8000,4017.8000,4019.8000,1,2,2,1,1,1,1,2,1,4
SF,IF2012,2020-06-30 09:34:25.400,4014.6000,15921,0,293907240.000,0,-,-,-,-,4014.8000,4014.6000,4014.0000,4013.8000,4013.6000,4016.2000,4016.8000,4017.8000,4019.8000,4020.0000,1,2,2,1,1,2,2,1,4,3
SF,IF2012,2020-06-30 09:34:25.900,4014.6000,15921,0,293907240.000,0,-,-,-,-,4014.6000,4014.0000,4013.8000,4013.6000,4013.2000,4015.8000,4016.2000,4016.8000,4017.8000,4019.8000,1,2,1,1,1,1,1,2,1,4
SF,IF2012,2020-06-30 09:34:26.400,4014.6000,15920,-1,295111620.000,1,0,1,双平,S,4014.0000,4013.8000,4013.6000,4013.2000,4012.2000,4014.6000,4015.8000,4016.2000,4016.8000,4017.8000,2,1,1,1,1,4,1,1,2,1
SF,IF2012,2020-06-30 09:34:26.900,4014.6000,15917,-3,299929140.000,4,0,4,多平,S,4015.2000,4015.0000,4014.2000,4014.0000,4013.8000,4015.8000,4016.2000,4016.8000,4017.8000,4019.8000,1,3,1,2,1,1,1,2,1,4
SF,IF2012,2020-06-30 09:34:27.400,4015.2000,15917,0,301133700.000,1,0,1,多换,S,4015.0000,4014.2000,4014.0000,4013.8000,4013.6000,4015.8000,4016.2000,4016.8000,4017.8000,4019.8000,4,1,2,1,1,1,1,2,1,4
SF,IF2012,2020-06-30 09:34:27.900,4015.2000,15917,0,301133700.000,0,-,-,-,-,4015.0000,4014.2000,4014.0000,4013.8000,4013.6000,4016.2000,4016.8000,4017.8000,4019.8000,4020.0000,4,1,2,1,1,1,2,1,4,3
SF,IF2012,2020-06-30 09:34:29.900,4015.2000,15917,0,301133700.000,0,-,-,-,-,4015.0000,4014.2000,4014.0000,4013.8000,4013.6000,4016.0000,4016.2000,4016.8000,4017.8000,4019.8000,4,1,2,1,1,1,1,2,1,4
SF,IF2012,2020-06-30 09:34:30.900,4015.2000,15917,0,301133700.000,0,-,-,-,-,4015.0000,4014.2000,4014.0000,4013.8000,4013.6000,4016.0000,4016.2000,4016.8000,4017.8000,4019.8000,4,1,2,1,1,1,1,2,1,4
SF,IF2012,2020-06-30 09:34:32.400,4015.2000,15917,0,301133700.000,0,-,-,-,-,4015.2000,4015.0000,4014.2000,4014.0000,4013.8000,4016.0000,4016.2000,4016.8000,4017.8000,4019.8000,1,4,1,2,1,1,1,2,1,4
SF,IF2012,2020-06-30 09:34:32.900,4015.2000,15917,0,301133700.000,0,-,-,-,-,4015.2000,4015.0000,4014.2000,4014.0000,4013.8000,4016.0000,4016.8000,4017.8000,4019.8000,4020.0000,2,4,1,2,1,1,2,1,4,4
SF,IF2012,2020-06-30 09:34:33.400,4016.0000,15917,0,304748100.000,3,1,2,多换,S,4016.0000,4015.2000,4015.0000,4014.2000,4014.0000,4016.8000,4017.8000,4019.8000,4020.0000,4020.2000,1,2,4,1,2,2,1,4,4,1
SF,IF2012,2020-06-30 09:34:35.400,4016.0000,15917,0,304748100.000,0,-,-,-,-,4016.0000,4015.2000,4015.0000,4014.2000,4014.0000,4016.2000,4016.8000,4017.8000,4019.8000,4020.0000,1,2,4,1,2,1,2,1,4,4
SF,IF2012,2020-06-30 09:34:35.900,4016.2000,15917,0,307157760.000,2,1,1,多换,S,4015.2000,4015.0000,4014.2000,4014.0000,4013.8000,4016.8000,4017.8000,4019.8000,4020.0000,4020.2000,2,4,1,2,1,2,1,4,4,1
SF,IF2012,2020-06-30 09:34:36.400,4016.2000,15917,0,307157760.000,0,-,-,-,-,4015.4000,4015.2000,4015.0000,4014.0000,4013.8000,4016.8000,4017.8000,4019.8000,4020.0000,4020.2000,2,2,4,2,1,2,1,4,4,1
SF,IF2012,2020-06-30 09:34:36.900,4016.2000,15917,0,307157760.000,0,-,-,-,-,4015.4000,4015.2000,4015.0000,4014.0000,4013.8000,4016.8000,4017.8000,4019.8000,4020.0000,4020.2000,2,2,1,2,1,2,1,4,4,1
SF,IF2012,2020-06-30 09:34:37.400,4016.8000,15919,2,310772820.000,3,2,1,空开,S,4016.8000,4015.6000,4015.4000,4015.2000,4015.0000,4017.8000,4019.8000,4020.0000,4020.2000,4020.4000,3,1,2,1,1,1,4,4,1,1
SF,IF2012,2020-06-30 09:34:37.900,4016.8000,15919,0,314387940.000,3,1,2,多换,S,4015.6000,4015.4000,4015.2000,4015.0000,4014.0000,4017.6000,4017.8000,4019.8000,4020.0000,4020.2000,1,1,1,1,2,1,1,4,4,1
SF,IF2012,2020-06-30 09:34:38.400,4017.4000,15919,0,315593160.000,1,0,1,多换,S,4015.8000,4015.6000,4015.2000,4015.0000,4014.0000,4017.6000,4017.8000,4019.8000,4020.0000,4020.2000,2,2,1,1,2,1,1,4,4,1
SF,IF2012,2020-06-30 09:34:39.900,4017.4000,15919,0,315593160.000,0,-,-,-,-,4016.0000,4015.8000,4015.6000,4015.2000,4015.0000,4017.6000,4017.8000,4019.8000,4020.0000,4020.2000,1,2,2,1,1,1,1,4,3,1
SF,IF2012,2020-06-30 09:34:40.400,4017.8000,15920,1,316798500.000,1,1,0,双开,S,4016.2000,4016.0000,4015.8000,4015.6000,4015.2000,4019.8000,4020.0000,4020.2000,4020.4000,4021.6000,1,1,1,2,1,4,3,1,1,1
SF,IF2012,2020-06-30 09:34:40.900,4017.8000,15920,0,316798500.000,0,-,-,-,-,4016.4000,4016.2000,4016.0000,4015.6000,4015.2000,4019.6000,4019.8000,4020.0000,4020.2000,4020.4000,1,1,1,2,1,3,4,3,1,1
SF,IF2012,2020-06-30 09:34:41.400,4017.8000,15920,0,316798500.000,0,-,-,-,-,4016.6000,4016.4000,4016.0000,4015.6000,4015.0000,4019.0000,4019.6000,4019.8000,4020.0000,4020.2000,1,1,1,1,1,1,3,4,3,1
SF,IF2012,2020-06-30 09:34:41.900,4017.8000,15920,0,316798500.000,0,-,-,-,-,4016.8000,4016.6000,4015.6000,4015.0000,4014.0000,4018.6000,4018.8000,4019.0000,4019.6000,4019.8000,1,1,1,1,2,1,1,1,2,4
SF,IF2012,2020-06-30 09:34:42.400,4017.8000,15920,0,316798500.000,0,-,-,-,-,4017.0000,4016.8000,4015.6000,4015.0000,4014.0000,4018.4000,4018.6000,4019.0000,4019.8000,4020.0000,1,1,1,1,2,1,1,1,4,3
SF,IF2012,2020-06-30 09:34:42.900,4017.8000,15920,0,316798500.000,0,-,-,-,-,4017.0000,4016.8000,4015.6000,4015.0000,4014.0000,4018.6000,4019.0000,4019.8000,4020.0000,4020.2000,1,1,1,1,2,1,1,4,3,1
SF,IF2012,2020-06-30 09:34:43.400,4018.6000,15920,0,319209600.000,2,1,1,多换,S,4018.4000,4016.8000,4015.6000,4015.0000,4014.0000,4019.0000,4019.8000,4020.0000,4020.2000,4020.4000,1,1,1,1,2,1,4,3,1,1
SF,IF2012,2020-06-30 09:34:43.900,4018.8000,15922,2,324031800.000,4,3,1,空开,S,4016.8000,4015.6000,4015.0000,4014.0000,4013.8000,4019.8000,4020.0000,4020.2000,4020.4000,4021.6000,1,1,1,2,1,4,3,1,1,1
SF,IF2012,2020-06-30 09:34:44.400,4019.6000,15921,-1,326442780.000,2,0,2,多平,S,4017.0000,4016.8000,4015.6000,4015.0000,4014.0000,4019.8000,4020.0000,4020.2000,4020.4000,4021.6000,2,1,1,1,2,4,3,1,1,1
SF,IF2012,2020-06-30 09:34:44.900,4019.6000,15921,0,326442780.000,0,-,-,-,-,4017.2000,4017.0000,4015.6000,4015.0000,4014.0000,4019.2000,4019.6000,4019.8000,4020.0000,4020.2000,2,2,1,1,2,1,1,4,3,1
SF,IF2012,2020-06-30 09:34:45.400,4019.6000,15921,0,326442780.000,0,-,-,-,-,4017.4000,4017.2000,4015.6000,4015.0000,4014.0000,4019.8000,4020.0000,4020.2000,4020.4000,4021.6000,2,2,1,1,2,4,3,1,1,1
SF,IF2012,2020-06-30 09:34:45.900,4019.6000,15921,0,326442780.000,0,-,-,-,-,4017.6000,4015.6000,4015.0000,4014.0000,4013.8000,4019.6000,4019.8000,4020.0000,4020.2000,4020.4000,2,1,1,2,1,3,4,3,1,1
SF,IF2012,2020-06-30 09:34:47.400,4019.6000,15921,0,326442780.000,0,-,-,-,-,4017.6000,4015.6000,4015.0000,4013.8000,4013.6000,4019.6000,4019.8000,4020.0000,4020.2000,4020.4000,2,1,1,1,1,3,4,3,1,1
SF,IF2012,2020-06-30 09:34:47.900,4019.6000,15921,0,326442780.000,0,-,-,-,-,4017.6000,4015.0000,4013.8000,4013.6000,4013.2000,4019.0000,4019.6000,4019.8000,4020.0000,4020.2000,2,1,1,1,1,1,3,4,3,1
SF,IF2012,2020-06-30 09:34:48.400,4019.6000,15921,0,326442780.000,0,-,-,-,-,4018.0000,4017.6000,4015.0000,4013.8000,4013.6000,4019.0000,4019.6000,4019.8000,4020.0000,4020.2000,1,1,1,1,1,1,3,4,3,1
SF,IF2012,2020-06-30 09:34:48.900,4019.0000,15921,0,327648480.000,1,0,1,多换,S,4019.0000,4018.2000,4017.8000,4015.0000,4013.8000,4019.6000,4019.8000,4020.0000,4020.2000,4020.4000,2,1,1,1,1,3,4,3,1,1
SF,IF2012,2020-06-30 09:34:49.400,4019.6000,15921,0,332471640.000,4,2,2,多换,S,4018.2000,4015.6000,4015.0000,4013.8000,4013.6000,4019.6000,4019.8000,4020.0000,4020.2000,4020.4000,1,1,1,1,1,1,4,3,1,1
SF,IF2012,2020-06-30 09:34:49.900,4019.6000,15921,0,333677520.000,1,0,1,多换,S,4019.6000,4018.2000,4015.6000,4015.0000,4013.8000,4019.8000,4020.0000,4020.2000,4020.4000,4021.6000,1,1,1,1,1,4,3,1,1,1
SF,IF2012,2020-06-30 09:34:50.400,4019.8000,15922,1,337295220.000,3,2,1,空开,S,4018.2000,4015.6000,4015.0000,4013.8000,4013.6000,4019.8000,4020.0000,4020.2000,4020.4000,4021.6000,1,1,1,1,1,3,3,1,1,1
SF,IF2012,2020-06-30 09:34:50.900,4019.8000,15922,0,337295220.000,0,-,-,-,-,4018.4000,4018.2000,4015.6000,4015.0000,4013.8000,4019.8000,4020.0000,4020.2000,4020.4000,4021.6000,1,1,1,1,1,3,3,1,1,1
SF,IF2012,2020-06-30 09:34:51.400,4019.8000,15922,0,337295220.000,0,-,-,-,-,4018.6000,4018.4000,4015.6000,4015.0000,4013.8000,4019.8000,4020.0000,4020.2000,4020.4000,4021.6000,1,1,1,1,1,3,3,1,1,1
SF,IF2012,2020-06-30 09:34:51.900,4019.8000,15922,0,337295220.000,0,-,-,-,-,4018.6000,4018.4000,4015.6000,4015.0000,4013.8000,4019.8000,4020.0000,4020.2000,4020.4000,4021.6000,2,1,1,1,1,3,3,1,1,1
SF,IF2012,2020-06-30 09:34:52.400,4019.8000,15923,1,343324200.000,5,3,2,空开,S,4018.4000,4015.6000,4015.0000,4013.8000,4013.6000,4020.0000,4020.2000,4020.4000,4021.6000,4022.0000,1,1,1,1,1,3,1,1,1,2
SF,IF2012,2020-06-30 09:34:52.900,4019.8000,15923,0,343324200.000,0,-,-,-,-,4018.6000,4015.6000,4015.0000,4013.8000,4013.6000,4019.8000,4020.0000,4020.2000,4020.4000,4021.6000,1,1,1,1,1,1,3,1,1,1
SF,IF2012,2020-06-30 09:34:53.400,4019.8000,15923,0,344530140.000,1,0,1,多换,S,4015.6000,4015.0000,4013.8000,4013.6000,4013.2000,4020.0000,4020.2000,4020.4000,4021.6000,4022.0000,1,1,1,1,1,3,1,1,1,2
SF,IF2012,2020-06-30 09:34:53.900,4019.8000,15923,0,344530140.000,0,-,-,-,-,4017.4000,4015.8000,4015.6000,4015.4000,4015.0000,4019.8000,4020.0000,4020.2000,4020.4000,4021.6000,1,4,1,2,1,2,3,1,1,1
SF,IF2012,2020-06-30 09:34:54.400,4019.8000,15923,0,344530140.000,0,-,-,-,-,4017.8000,4017.6000,4017.4000,4015.8000,4015.6000,4019.8000,4020.0000,4020.2000,4020.4000,4021.6000,2,2,1,2,1,1,3,1,1,1
SF,IF2012,2020-06-30 09:34:54.900,4019.8000,15923,0,345736080.000,1,0,1,多换,S,4019.8000,4018.0000,4017.8000,4017.4000,4015.6000,4020.0000,4020.2000,4020.4000,4021.6000,4022.0000,4,3,2,1,1,3,1,1,1,2
SF,IF2012,2020-06-30 09:34:55.400,4019.8000,15923,0,350559840.000,4,2,2,多换,S,4018.0000,4017.4000,4015.6000,4015.4000,4015.0000,4020.0000,4020.2000,4020.4000,4021.6000,4022.0000,3,1,1,2,1,3,1,1,1,2
SF,IF2012,2020-06-30 09:34:55.900,4019.8000,15923,0,350559840.000,0,-,-,-,-,4018.2000,4018.0000,4017.4000,4015.6000,4015.4000,4020.0000,4020.2000,4020.4000,4021.6000,4022.0000,2,3,1,1,2,3,1,1,1,2
SF,IF2012,2020-06-30 09:34:56.400,4019.8000,15923,0,350559840.000,0,-,-,-,-,4018.4000,4018.2000,4018.0000,4017.4000,4015.6000,4020.0000,4020.2000,4020.4000,4021.6000,4022.0000,1,2,2,1,1,3,1,1,1,2
SF,IF2012,2020-06-30 09:34:56.900,4018.4000,15922,-1,351765360.000,1,0,1,双平,S,4018.0000,4017.4000,4015.6000,4015.4000,4015.0000,4019.8000,4020.0000,4020.2000,4020.4000,4021.6000,2,1,1,2,1,1,3,1,1,1
SF,IF2012,2020-06-30 09:34:57.400,4019.8000,15922,0,352971300.000,1,0,1,多换,S,4018.2000,4018.0000,4017.4000,4015.6000,4015.4000,4020.0000,4020.2000,4020.4000,4021.6000,4022.0000,4,1,1,1,2,3,1,1,1,2
SF,IF2012,2020-06-30 09:34:57.900,4020.0000,15922,0,355383240.000,2,1,1,多换,S,4018.2000,4018.0000,4017.4000,4015.6000,4015.4000,4020.0000,4020.2000,4020.4000,4021.6000,4022.0000,4,1,1,1,2,2,1,1,1,2
SF,IF2012,2020-06-30 09:34:58.400,4020.0000,15922,0,356589240.000,1,0,1,多换,S,4018.2000,4018.0000,4017.4000,4015.6000,4015.4000,4020.0000,4020.2000,4020.4000,4021.6000,4022.0000,4,1,1,1,2,1,1,1,1,2
SF,IF2012,2020-06-30 09:34:58.900,4020.0000,15922,0,356589240.000,0,-,-,-,-,4018.2000,4018.0000,4017.4000,4015.4000,4015.0000,4020.0000,4020.2000,4020.4000,4021.6000,4022.0000,4,1,1,2,1,1,1,1,1,2
