市场代码,合约代码,时间,最新,持仓,增仓,成交额,成交量,开仓,平仓,成交类型,方向,买一价,买二价,买三价,买四价,买五价,卖一价,卖二价,卖三价,卖四价,卖五价,买一量,买二量,买三量,买四量,买五量,卖一量,卖二量,卖三量,卖四量,卖五量
SF,IF2003,2019-12-26 09:29:00.100,4018.6000,35154,0,7233480.000,6.000,-,-,-,-,4018.6000,4010.6000,4007.8000,4007.0000,4005.8000,4019.0000,4019.4000,4019.8000,4020.0000,4022.4000,2,1,1,1,1,1,6,3,1,1
SF,IF2003,2019-12-26 09:30:00.100,4018.6000,35154,0,10850220.000,3,1,2,多换,S,4011.0000,4010.6000,4007.8000,4007.0000,4005.8000,4015.4000,4015.8000,4016.8000,4017.0000,4017.2000,2,1,1,1,1,1,2,1,2,2
SF,IF2003,2019-12-26 09:30:00.600,4012.2000,35149,-5,18076020.000,6,0,6,多平,S,4012.2000,4011.8000,4011.4000,4011.2000,4011.0000,4015.4000,4016.8000,4017.0000,4017.2000,4017.6000,2,2,6,7,2,1,1,2,2,5
SF,IF2003,2019-12-26 09:30:01.100,4012.2000,35148,-1,20483340.000,2,0,2,多平,S,4012.6000,4012.4000,4012.2000,4012.0000,4011.8000,4015.4000,4016.0000,4016.8000,4017.0000,4017.2000,4,10,3,1,2,1,1,1,2,2
SF,IF2003,2019-12-26 09:30:01.600,4012.2000,35148,0,20483340.000,0,-,-,-,-,4012.8000,4012.6000,4012.4000,4012.2000,4012.0000,4015.2000,4015.4000,4016.0000,4016.8000,4017.0000,10,4,8,3,1,1,1,1,1,2
SF,IF2003,2019-12-26 09:30:02.100,4012.2000,35148,0,20483340.000,0,-,-,-,-,4013.0000,4012.8000,4012.4000,4012.2000,4012.0000,4015.2000,4015.4000,4016.0000,4016.8000,4017.0000,1,9,8,3,1,1,1,1,1,2
SF,IF2003,2019-12-26 09:30:02.600,4013.2000,35148,0,22891800.000,2,1,1,多换,S,4012.8000,4012.4000,4012.2000,4011.8000,4011.2000,4015.0000,4015.2000,4015.4000,4016.0000,4016.4000,7,8,3,2,2,1,1,1,1,1
SF,IF2003,2019-12-26 09:30:03.100,4013.2000,35148,0,22891800.000,0,-,-,-,-,4013.0000,4012.8000,4012.4000,4012.2000,4011.8000,4014.8000,4015.0000,4015.4000,4016.0000,4016.4000,5,7,8,3,2,1,1,1,1,1
SF,IF2003,2019-12-26 09:30:03.600,4013.2000,35148,0,22891800.000,0,-,-,-,-,4013.2000,4013.0000,4012.8000,4012.4000,4012.2000,4014.6000,4014.8000,4015.0000,4015.4000,4016.0000,3,2,7,8,3,1,1,1,1,1
SF,IF2003,2019-12-26 09:30:04.100,4013.2000,35148,0,22891800.000,0,-,-,-,-,4013.4000,4013.0000,4012.8000,4012.4000,4012.2000,4014.6000,4014.8000,4015.0000,4015.4000,4016.0000,2,1,7,8,3,1,1,1,1,1
SF,IF2003,2019-12-26 09:30:04.600,4013.2000,35148,0,22891800.000,0,-,-,-,-,4013.6000,4013.0000,4012.8000,4012.4000,4012.2000,4014.6000,4014.8000,4015.0000,4015.4000,4016.0000,2,1,7,7,3,2,1,1,1,1
SF,IF2003,2019-12-26 09:30:05.100,4014.6000,35147,-1,25300080.000,2,0,2,多平,S,4013.8000,4012.8000,4012.4000,4012.2000,4011.8000,4014.6000,4014.8000,4015.4000,4016.0000,4017.0000,2,7,7,3,2,1,1,1,1,2
SF,IF2003,2019-12-26 09:30:05.600,4014.6000,35147,0,25300080.000,0,-,-,-,-,4014.0000,4013.6000,4012.8000,4012.4000,4012.2000,4014.6000,4014.8000,4015.4000,4016.0000,4017.0000,3,1,6,6,3,1,1,1,1,2
SF,IF2003,2019-12-26 09:30:06.100,4014.6000,35146,-1,26504460.000,1,0,1,双平,S,4014.2000,4014.0000,4013.6000,4012.8000,4012.4000,4014.8000,4015.4000,4016.0000,4017.0000,4017.2000,2,1,1,6,6,1,1,1,2,2
SF,IF2003,2019-12-26 09:30:06.600,4014.6000,35146,0,26504460.000,0,-,-,-,-,4014.4000,4013.6000,4012.8000,4012.4000,4012.2000,4015.4000,4016.0000,4017.0000,4017.2000,4017.6000,3,1,5,6,3,1,1,1,2,2
SF,IF2003,2019-12-26 09:30:07.100,4014.6000,35146,0,26504460.000,0,-,-,-,-,4014.6000,4013.8000,4013.6000,4012.8000,4012.4000,4015.0000,4015.2000,4015.4000,4016.0000,4017.0000,2,1,1,3,6,2,6,4,1,1
SF,IF2003,2019-12-26 09:30:07.600,4013.8000,35143,-3,30117360.000,3,0,3,双平,S,4013.6000,4012.8000,4012.4000,4012.2000,4011.8000,4014.4000,4015.0000,4015.2000,4015.4000,4016.0000,1,3,6,3,2,1,2,6,4,1
SF,IF2003,2019-12-26 09:30:08.100,4013.8000,35143,0,30117360.000,0,-,-,-,-,4014.4000,4013.8000,4013.6000,4012.8000,4012.4000,4015.0000,4015.2000,4015.4000,4016.0000,4017.0000,1,1,1,3,6,2,6,3,1,1
SF,IF2003,2019-12-26 09:30:08.600,4014.4000,35143,0,31321680.000,1,0,1,多换,S,4013.6000,4012.4000,4012.2000,4011.8000,4011.2000,4014.2000,4014.8000,4015.0000,4015.2000,4015.4000,1,6,3,2,1,1,7,2,4,3
SF,IF2003,2019-12-26 09:30:09.100,4014.4000,35143,0,31321680.000,0,-,-,-,-,4013.6000,4012.4000,4012.2000,4011.8000,4011.2000,4014.8000,4015.0000,4015.2000,4015.4000,4016.0000,1,6,3,2,1,7,2,4,3,1
SF,IF2003,2019-12-26 09:30:09.600,4013.6000,35140,-3,36138240.000,4,0,4,多平,S,4013.6000,4012.4000,4012.2000,4011.8000,4011.2000,4014.6000,4014.8000,4015.0000,4015.2000,4015.4000,1,6,3,2,1,1,7,1,4,3
SF,IF2003,2019-12-26 09:30:10.100,4014.6000,35140,0,37342620.000,1,0,1,多换,S,4013.6000,4012.4000,4012.2000,4011.8000,4011.2000,4014.8000,4015.0000,4015.2000,4015.4000,4016.0000,1,6,3,2,1,9,1,4,3,1
SF,IF2003,2019-12-26 09:30:10.600,4014.6000,35140,0,37342620.000,0,-,-,-,-,4012.4000,4012.2000,4011.8000,4011.2000,4011.0000,4014.8000,4015.0000,4015.2000,4015.4000,4016.0000,1,2,1,1,2,11,2,4,1,1
SF,IF2003,2019-12-26 09:30:11.100,4014.6000,35140,0,37342620.000,0,-,-,-,-,4013.2000,4012.6000,4011.2000,4011.0000,4010.8000,4014.6000,4014.8000,4015.0000,4015.2000,4015.4000,1,3,1,2,1,3,11,2,4,1
SF,IF2003,2019-12-26 09:30:11.600,4014.6000,35140,0,37342620.000,0,-,-,-,-,4013.2000,4012.6000,4011.2000,4011.0000,4010.8000,4014.4000,4014.6000,4014.8000,4015.0000,4016.0000,2,3,1,2,1,11,3,6,2,1
SF,IF2003,2019-12-26 09:30:12.100,4013.4000,35140,0,38546640.000,1,0,1,多换,S,4013.4000,4012.6000,4011.2000,4011.0000,4010.8000,4014.4000,4014.6000,4014.8000,4015.0000,4016.0000,1,2,1,2,1,10,3,5,2,1
SF,IF2003,2019-12-26 09:30:12.600,4013.4000,35140,0,38546640.000,0,-,-,-,-,4013.4000,4012.6000,4011.2000,4011.0000,4010.8000,4014.2000,4014.4000,4014.6000,4014.8000,4015.0000,1,2,1,2,1,1,12,3,5,2
SF,IF2003,2019-12-26 09:30:13.100,4014.2000,35141,1,39750900.000,1,1,0,双开,S,4013.4000,4012.6000,4011.2000,4011.0000,4010.8000,4014.2000,4014.4000,4014.6000,4014.8000,4015.0000,1,1,1,2,1,1,12,3,5,2
SF,IF2003,2019-12-26 09:30:13.600,4014.2000,35141,0,39750900.000,0,-,-,-,-,4012.6000,4011.2000,4011.0000,4010.8000,4010.6000,4014.2000,4014.4000,4014.6000,4014.8000,4015.0000,1,1,2,1,1,1,10,3,5,2
SF,IF2003,2019-12-26 09:30:14.100,4014.2000,35140,-1,40955160.000,1,0,1,双平,S,4012.8000,4012.6000,4011.2000,4011.0000,4010.8000,4014.4000,4014.6000,4014.8000,4015.0000,4016.0000,1,1,1,2,1,10,3,5,2,1
SF,IF2003,2019-12-26 09:30:14.600,4014.2000,35140,0,40955160.000,0,-,-,-,-,4013.0000,4012.8000,4012.6000,4011.2000,4011.0000,4013.2000,4014.2000,4014.4000,4014.6000,4014.8000,1,2,1,1,2,1,2,9,3,5
SF,IF2003,2019-12-26 09:30:15.100,4013.2000,35139,-1,42159120.000,1,0,1,双平,S,4013.4000,4012.8000,4011.2000,4011.0000,4010.8000,4014.2000,4014.4000,4014.6000,4014.8000,4015.0000,2,2,1,2,1,1,8,3,5,1
SF,IF2003,2019-12-26 09:30:15.600,4013.4000,35138,-1,43363140.000,1,0,1,双平,S,4013.4000,4012.8000,4011.2000,4011.0000,4010.8000,4014.2000,4014.4000,4014.6000,4014.8000,4015.0000,1,1,1,2,1,1,8,3,5,1
SF,IF2003,2019-12-26 09:30:16.100,4013.4000,35138,0,43363140.000,0,-,-,-,-,4012.8000,4011.2000,4011.0000,4010.8000,4007.8000,4013.4000,4014.2000,4014.4000,4014.6000,4014.8000,1,1,2,1,1,1,2,8,3,5
SF,IF2003,2019-12-26 09:30:16.600,4013.4000,35138,0,43363140.000,0,-,-,-,-,4012.8000,4011.2000,4011.0000,4010.8000,4007.8000,4013.4000,4014.2000,4014.4000,4014.6000,4014.8000,1,1,2,1,1,1,2,9,3,5
SF,IF2003,2019-12-26 09:30:17.100,4013.4000,35138,0,43363140.000,0,-,-,-,-,4013.0000,4012.8000,4011.2000,4011.0000,4010.8000,4013.4000,4014.2000,4014.4000,4014.6000,4014.8000,1,1,1,2,1,1,2,7,3,5
SF,IF2003,2019-12-26 09:30:17.600,4013.4000,35138,0,43363140.000,0,-,-,-,-,4012.8000,4011.2000,4011.0000,4010.8000,4007.8000,4013.4000,4014.2000,4014.4000,4014.6000,4014.8000,1,1,2,1,1,1,2,7,3,5
SF,IF2003,2019-12-26 09:30:18.100,4013.4000,35138,0,43363140.000,0,-,-,-,-,4013.0000,4012.8000,4011.2000,4011.0000,4010.8000,4013.4000,4014.2000,4014.4000,4014.6000,4014.8000,1,1,1,2,1,1,2,7,3,5
SF,IF2003,2019-12-26 09:30:18.600,4013.0000,35137,-1,45771060.000,2,0,2,多平,S,4012.8000,4011.2000,4011.0000,4010.8000,4007.8000,4014.2000,4014.4000,4014.6000,4014.8000,4015.0000,1,1,2,1,1,2,3,2,5,1
SF,IF2003,2019-12-26 09:30:19.100,4013.0000,35137,0,45771060.000,0,-,-,-,-,4013.2000,4012.8000,4012.4000,4011.2000,4011.0000,4014.0000,4014.2000,4014.4000,4014.6000,4014.8000,1,1,1,1,2,1,1,3,2,5
SF,IF2003,2019-12-26 09:30:19.600,4013.0000,35137,0,45771060.000,0,-,-,-,-,4013.2000,4012.8000,4012.4000,4011.2000,4011.0000,4014.0000,4014.2000,4014.4000,4014.6000,4014.8000,1,1,1,1,2,2,1,3,2,5
SF,IF2003,2019-12-26 09:30:20.100,4013.0000,35137,0,45771060.000,0,-,-,-,-,4013.2000,4012.8000,4012.4000,4011.2000,4011.0000,4014.0000,4014.2000,4014.4000,4014.6000,4014.8000,1,1,1,1,2,2,1,2,2,5
SF,IF2003,2019-12-26 09:30:20.600,4013.0000,35137,0,45771060.000,0,-,-,-,-,4013.2000,4012.4000,4011.2000,4011.0000,4010.8000,4013.8000,4014.0000,4014.4000,4014.6000,4014.8000,1,1,1,2,1,1,2,2,2,5
SF,IF2003,2019-12-26 09:30:21.100,4013.8000,35136,-1,49383360.000,3,1,2,多平,S,4013.2000,4012.4000,4011.2000,4011.0000,4010.8000,4014.0000,4014.4000,4014.6000,4014.8000,4015.0000,1,1,1,2,1,2,2,2,5,1
SF,IF2003,2019-12-26 09:30:21.600,4013.8000,35136,0,49383360.000,0,-,-,-,-,4013.2000,4012.4000,4011.2000,4011.0000,4010.8000,4014.0000,4014.4000,4014.6000,4014.8000,4015.0000,1,1,1,2,1,2,2,2,5,1
SF,IF2003,2019-12-26 09:30:22.100,4013.8000,35136,0,49383360.000,0,-,-,-,-,4013.2000,4012.6000,4012.4000,4011.2000,4011.0000,4014.0000,4014.4000,4014.6000,4014.8000,4015.0000,1,1,1,1,2,1,2,2,5,1
SF,IF2003,2019-12-26 09:30:22.600,4013.8000,35136,0,49383360.000,0,-,-,-,-,4013.2000,4012.6000,4012.4000,4011.2000,4011.0000,4014.4000,4014.6000,4014.8000,4015.0000,4016.0000,1,1,1,1,2,2,2,5,1,1
SF,IF2003,2019-12-26 09:30:23.100,4013.8000,35136,0,49383360.000,0,-,-,-,-,4013.2000,4012.6000,4012.4000,4011.2000,4011.0000,4014.2000,4014.4000,4014.6000,4014.8000,4015.0000,1,1,1,1,2,1,2,2,5,1
SF,IF2003,2019-12-26 09:30:23.600,4013.8000,35136,0,49383360.000,0,-,-,-,-,4013.4000,4013.2000,4012.6000,4012.4000,4011.2000,4014.2000,4014.4000,4014.6000,4014.8000,4015.0000,1,1,1,1,1,1,2,2,5,1
SF,IF2003,2019-12-26 09:30:24.100,4013.8000,35136,0,49383360.000,0,-,-,-,-,4013.2000,4012.6000,4012.4000,4011.2000,4011.0000,4014.2000,4014.4000,4014.6000,4014.8000,4015.0000,1,1,1,1,2,1,2,2,5,1
SF,IF2003,2019-12-26 09:30:24.600,4013.8000,35136,0,49383360.000,0,-,-,-,-,4013.2000,4012.6000,4012.4000,4011.2000,4011.0000,4014.0000,4014.2000,4014.4000,4014.6000,4014.8000,1,1,1,1,2,1,2,2,2,5
SF,IF2003,2019-12-26 09:30:25.100,4013.8000,35136,0,49383360.000,0,-,-,-,-,4012.6000,4012.4000,4011.2000,4011.0000,4010.8000,4013.2000,4014.0000,4014.2000,4014.4000,4014.6000,1,1,1,2,1,1,1,2,2,2
SF,IF2003,2019-12-26 09:30:25.600,4013.8000,35136,0,49383360.000,0,-,-,-,-,4012.8000,4012.6000,4012.4000,4011.2000,4011.0000,4013.2000,4014.2000,4014.4000,4014.6000,4014.8000,1,1,1,1,2,1,1,2,2,4
SF,IF2003,2019-12-26 09:30:26.100,4013.8000,35136,0,49383360.000,0,-,-,-,-,4012.8000,4012.6000,4012.4000,4011.2000,4011.0000,4013.2000,4014.2000,4014.4000,4014.6000,4014.8000,1,1,1,1,2,1,1,2,1,4
SF,IF2003,2019-12-26 09:30:26.600,4013.2000,35136,0,50587320.000,1,0,1,多换,S,4012.8000,4012.6000,4012.4000,4011.2000,4011.0000,4014.2000,4014.4000,4014.6000,4014.8000,4015.0000,2,1,1,1,2,1,2,1,4,1
SF,IF2003,2019-12-26 09:30:27.100,4013.2000,35136,0,50587320.000,0,-,-,-,-,4013.0000,4012.8000,4012.6000,4012.4000,4011.2000,4014.2000,4014.4000,4014.6000,4014.8000,4015.0000,1,2,1,1,1,1,2,1,4,1
SF,IF2003,2019-12-26 09:30:27.600,4013.2000,35136,0,50587320.000,0,-,-,-,-,4013.2000,4013.0000,4012.8000,4012.6000,4012.4000,4014.2000,4014.4000,4014.6000,4014.8000,4015.0000,1,1,1,1,1,2,2,1,4,2
SF,IF2003,2019-12-26 09:30:28.100,4013.2000,35136,0,50587320.000,0,-,-,-,-,4013.2000,4013.0000,4012.8000,4012.6000,4012.4000,4014.0000,4014.2000,4014.4000,4014.6000,4014.8000,1,1,1,1,1,1,1,2,1,4
SF,IF2003,2019-12-26 09:30:29.100,4013.2000,35135,-1,51791280.000,1,0,1,双平,S,4013.0000,4012.8000,4012.6000,4012.4000,4011.2000,4014.0000,4014.2000,4014.4000,4014.6000,4014.8000,1,1,1,1,1,1,1,2,1,4
SF,IF2003,2019-12-26 09:30:29.600,4013.2000,35135,0,51791280.000,0,-,-,-,-,4013.0000,4012.8000,4012.6000,4012.4000,4011.2000,4013.8000,4014.0000,4014.2000,4014.4000,4014.6000,1,1,1,1,1,1,1,1,2,1
SF,IF2003,2019-12-26 09:30:30.100,4013.8000,35135,0,52995420.000,1,0,1,多换,S,4013.0000,4012.8000,4012.6000,4012.4000,4011.2000,4014.0000,4014.2000,4014.4000,4014.6000,4014.8000,1,1,1,1,1,1,1,2,1,4
SF,IF2003,2019-12-26 09:30:30.600,4013.8000,35135,0,52995420.000,0,-,-,-,-,4013.2000,4012.8000,4012.6000,4012.4000,4011.2000,4014.0000,4014.2000,4014.4000,4014.6000,4014.8000,1,1,1,1,1,1,1,2,1,4
SF,IF2003,2019-12-26 09:30:31.100,4013.8000,35135,0,52995420.000,0,-,-,-,-,4013.2000,4012.8000,4012.6000,4012.4000,4011.2000,4014.0000,4014.2000,4014.4000,4014.6000,4014.8000,1,1,1,1,1,1,1,2,1,4
SF,IF2003,2019-12-26 09:30:32.100,4013.8000,35135,0,52995420.000,0,-,-,-,-,4013.2000,4012.8000,4012.6000,4012.4000,4011.2000,4014.2000,4014.4000,4014.6000,4014.8000,4015.0000,1,1,1,1,1,1,2,1,4,2
SF,IF2003,2019-12-26 09:30:32.600,4013.8000,35135,0,52995420.000,0,-,-,-,-,4013.4000,4013.2000,4012.8000,4012.6000,4012.4000,4014.2000,4014.4000,4014.6000,4014.8000,4015.0000,2,1,1,1,1,1,2,1,4,2
SF,IF2003,2019-12-26 09:30:33.100,4013.4000,35135,0,55403700.000,2,1,1,多换,S,4013.4000,4013.2000,4012.8000,4012.6000,4012.4000,4014.4000,4014.6000,4014.8000,4015.0000,4016.0000,1,1,1,1,1,2,1,4,2,1
SF,IF2003,2019-12-26 09:30:33.600,4013.4000,35135,0,55403700.000,0,-,-,-,-,4013.6000,4013.2000,4012.8000,4012.6000,4012.4000,4014.4000,4014.6000,4014.8000,4015.0000,4016.0000,1,1,1,1,1,2,1,4,2,1
SF,IF2003,2019-12-26 09:30:34.100,4013.4000,35135,0,55403700.000,0,-,-,-,-,4013.6000,4013.2000,4012.8000,4012.6000,4012.4000,4014.2000,4014.4000,4014.8000,4015.0000,4016.0000,1,1,1,1,1,4,4,4,2,1
SF,IF2003,2019-12-26 09:30:34.600,4013.4000,35134,-1,56607720.000,1,0,1,双平,S,4013.2000,4012.8000,4012.6000,4012.4000,4011.2000,4014.2000,4014.4000,4014.8000,4015.0000,4016.0000,1,1,1,1,1,4,4,4,2,1
SF,IF2003,2019-12-26 09:30:35.100,4013.4000,35134,0,56607720.000,0,-,-,-,-,4013.2000,4012.8000,4012.6000,4012.4000,4011.2000,4014.2000,4014.4000,4014.8000,4015.0000,4016.0000,1,1,1,1,1,4,4,4,2,1
SF,IF2003,2019-12-26 09:30:35.600,4014.0000,35134,0,57811920.000,1,0,1,多换,S,4013.2000,4012.8000,4012.6000,4012.4000,4011.2000,4014.0000,4014.2000,4014.4000,4014.8000,4015.0000,1,1,1,1,1,1,4,4,4,2
SF,IF2003,2019-12-26 09:30:36.100,4014.0000,35134,0,57811920.000,0,-,-,-,-,4013.2000,4012.8000,4012.6000,4012.4000,4011.2000,4014.0000,4014.4000,4014.8000,4015.0000,4016.0000,1,1,1,1,1,1,4,4,2,1
SF,IF2003,2019-12-26 09:30:37.100,4014.0000,35134,0,57811920.000,0,-,-,-,-,4013.2000,4012.8000,4012.6000,4012.4000,4011.2000,4014.0000,4014.4000,4014.8000,4015.0000,4016.0000,1,1,1,1,1,2,4,4,2,1
SF,IF2003,2019-12-26 09:30:37.600,4014.0000,35133,-1,59016120.000,1,0,1,双平,S,4014.0000,4013.4000,4013.2000,4012.8000,4012.6000,4014.4000,4014.8000,4015.0000,4016.0000,4017.0000,1,2,1,1,1,2,4,2,1,1
SF,IF2003,2019-12-26 09:30:38.100,4014.2000,35130,-3,63833280.000,4,0,4,多平,S,4014.0000,4013.4000,4013.2000,4012.8000,4012.6000,4014.8000,4015.0000,4016.0000,4017.0000,4017.6000,4,2,1,1,1,4,2,1,1,1
SF,IF2003,2019-12-26 09:30:38.600,4014.2000,35130,0,63833280.000,0,-,-,-,-,4014.2000,4014.0000,4013.4000,4013.2000,4012.8000,4015.0000,4016.0000,4017.0000,4017.6000,4017.8000,2,4,1,2,1,2,1,1,1,3
SF,IF2003,2019-12-26 09:30:39.100,4014.2000,35130,0,63833280.000,0,-,-,-,-,4014.2000,4014.0000,4013.4000,4013.2000,4012.8000,4015.0000,4016.0000,4017.0000,4017.6000,4017.8000,2,4,1,2,1,2,1,1,1,3
SF,IF2003,2019-12-26 09:30:39.600,4014.2000,35130,0,63833280.000,0,-,-,-,-,4014.2000,4014.0000,4013.4000,4013.2000,4012.8000,4015.0000,4016.0000,4017.0000,4017.6000,4017.8000,3,4,1,2,1,2,1,1,1,3
SF,IF2003,2019-12-26 09:30:40.100,4015.0000,35130,0,65037780.000,1,0,1,多换,S,4014.2000,4014.0000,4013.4000,4013.2000,4012.8000,4015.0000,4016.0000,4017.0000,4017.6000,4017.8000,3,4,1,2,1,1,1,1,1,3
SF,IF2003,2019-12-26 09:30:40.600,4015.0000,35130,0,65037780.000,0,-,-,-,-,4014.2000,4014.0000,4013.4000,4013.2000,4012.8000,4015.0000,4016.0000,4017.0000,4017.6000,4017.8000,3,4,1,2,1,1,1,1,1,3
SF,IF2003,2019-12-26 09:30:41.100,4014.4000,35129,-1,66242100.000,1,0,1,双平,S,4014.2000,4014.0000,4013.4000,4013.2000,4012.8000,4015.0000,4016.0000,4017.0000,4017.6000,4017.8000,3,4,1,2,1,1,1,1,1,3
SF,IF2003,2019-12-26 09:30:41.600,4015.0000,35128,-1,67446600.000,1,0,1,双平,S,4014.2000,4014.0000,4013.4000,4013.2000,4012.8000,4016.0000,4017.0000,4017.6000,4017.8000,4018.0000,3,4,1,2,1,1,1,1,3,11
SF,IF2003,2019-12-26 09:30:42.100,4015.0000,35128,0,67446600.000,0,-,-,-,-,4014.4000,4014.2000,4014.0000,4013.4000,4013.2000,4015.8000,4016.0000,4017.0000,4017.6000,4017.8000,2,3,4,1,2,1,1,1,1,3
SF,IF2003,2019-12-26 09:30:42.600,4014.6000,35128,0,69855720.000,2,1,1,多换,S,4014.6000,4014.4000,4014.2000,4014.0000,4013.2000,4016.0000,4017.0000,4017.6000,4017.8000,4018.0000,2,1,2,4,2,1,1,1,3,11
SF,IF2003,2019-12-26 09:30:43.100,4014.6000,35128,0,69855720.000,0,-,-,-,-,4014.6000,4014.4000,4014.2000,4014.0000,4013.2000,4015.0000,4015.8000,4016.0000,4017.0000,4017.6000,2,1,2,4,2,1,1,1,1,1
SF,IF2003,2019-12-26 09:30:43.600,4015.0000,35127,-1,71060220.000,1,0,1,双平,S,4014.6000,4014.2000,4014.0000,4013.2000,4012.8000,4015.8000,4016.0000,4017.0000,4017.6000,4017.8000,2,2,4,2,1,1,1,1,1,3
SF,IF2003,2019-12-26 09:30:44.600,4015.0000,35127,0,71060220.000,0,-,-,-,-,4014.6000,4014.2000,4014.0000,4013.2000,4012.8000,4015.6000,4015.8000,4016.0000,4017.0000,4017.6000,2,2,4,2,1,2,1,1,1,1
SF,IF2003,2019-12-26 09:30:45.100,4015.0000,35127,0,71060220.000,0,-,-,-,-,4014.8000,4014.6000,4014.2000,4014.0000,4013.2000,4016.0000,4017.0000,4017.6000,4017.8000,4018.0000,1,2,2,4,2,3,1,1,2,11
SF,IF2003,2019-12-26 09:30:45.600,4015.0000,35127,0,71060220.000,0,-,-,-,-,4015.0000,4014.8000,4014.6000,4014.2000,4014.0000,4016.0000,4017.0000,4017.6000,4017.8000,4018.0000,1,1,1,2,4,3,1,1,2,11
SF,IF2003,2019-12-26 09:30:46.100,4015.0000,35127,0,71060220.000,0,-,-,-,-,4015.2000,4015.0000,4014.8000,4014.2000,4014.0000,4016.0000,4017.6000,4017.8000,4018.0000,4018.2000,1,1,1,2,4,3,1,2,11,1
SF,IF2003,2019-12-26 09:30:46.600,4015.0000,35127,0,71060220.000,0,-,-,-,-,4015.2000,4015.0000,4014.8000,4014.2000,4014.0000,4016.0000,4017.6000,4017.8000,4018.0000,4018.2000,1,1,1,1,4,3,1,2,11,1
SF,IF2003,2019-12-26 09:30:47.100,4015.0000,35127,0,71060220.000,0,-,-,-,-,4015.4000,4015.2000,4014.8000,4014.2000,4014.0000,4016.0000,4017.6000,4017.8000,4018.0000,4018.2000,1,1,1,1,4,3,1,2,11,1
SF,IF2003,2019-12-26 09:30:47.600,4016.0000,35124,-3,74674620.000,3,0,3,双平,S,4015.4000,4015.2000,4014.8000,4014.2000,4014.0000,4017.8000,4018.0000,4018.2000,4018.4000,4018.6000,1,1,1,1,4,2,10,1,3,16
SF,IF2003,2019-12-26 09:30:48.100,4016.0000,35124,0,74674620.000,0,-,-,-,-,4015.6000,4015.4000,4015.2000,4014.8000,4014.2000,4017.4000,4017.6000,4017.8000,4018.0000,4018.2000,1,1,1,1,1,3,10,3,10,1
SF,IF2003,2019-12-26 09:30:48.600,4016.0000,35124,0,74674620.000,0,-,-,-,-,4015.8000,4015.6000,4014.8000,4014.0000,4013.2000,4017.2000,4017.4000,4017.6000,4017.8000,4018.0000,3,1,1,4,2,4,3,9,3,10
SF,IF2003,2019-12-26 09:30:49.100,4016.0000,35124,0,74674620.000,0,-,-,-,-,4015.8000,4015.6000,4014.0000,4013.2000,4012.8000,4016.8000,4017.2000,4017.4000,4017.6000,4017.8000,3,1,4,2,1,1,4,2,8,3
SF,IF2003,2019-12-26 09:30:49.600,4016.0000,35124,0,74674620.000,0,-,-,-,-,4015.8000,4014.0000,4013.2000,4012.8000,4012.6000,4016.6000,4016.8000,4017.2000,4017.4000,4017.6000,2,4,2,1,1,3,2,4,2,6
SF,IF2003,2019-12-26 09:30:50.100,4016.0000,35124,0,74674620.000,0,-,-,-,-,4015.8000,4014.0000,4013.2000,4012.8000,4012.6000,4016.6000,4016.8000,4017.2000,4017.4000,4017.6000,2,4,2,1,1,3,1,4,2,5
SF,IF2003,2019-12-26 09:30:50.600,4015.8000,35123,-1,75879360.000,1,0,1,双平,S,4016.6000,4015.8000,4014.0000,4013.2000,4012.8000,4017.2000,4017.4000,4017.6000,4017.8000,4018.0000,1,1,4,2,1,4,2,4,3,10
SF,IF2003,2019-12-26 09:30:51.100,4016.6000,35123,0,79494300.000,3,1,2,多换,S,4016.8000,4014.0000,4013.2000,4012.8000,4012.6000,4017.2000,4017.4000,4017.6000,4017.8000,4018.0000,6,4,2,1,1,4,2,3,3,10
SF,IF2003,2019-12-26 09:30:51.600,4016.6000,35123,0,79494300.000,0,-,-,-,-,4016.8000,4014.0000,4013.2000,4012.8000,4011.2000,4017.2000,4017.4000,4017.6000,4017.8000,4018.0000,6,4,2,1,1,4,2,3,3,10
SF,IF2003,2019-12-26 09:30:52.100,4017.2000,35123,0,81904620.000,2,1,1,多换,S,4016.8000,4014.0000,4013.2000,4012.8000,4011.2000,4017.4000,4017.6000,4017.8000,4018.0000,4018.2000,6,4,2,1,1,2,3,3,10,1
SF,IF2003,2019-12-26 09:30:52.600,4017.2000,35123,0,81904620.000,0,-,-,-,-,4016.8000,4014.0000,4013.2000,4012.8000,4011.2000,4017.4000,4017.6000,4017.8000,4018.0000,4018.2000,6,4,2,1,1,2,3,3,10,1
SF,IF2003,2019-12-26 09:30:53.100,4017.2000,35123,0,81904620.000,0,-,-,-,-,4016.8000,4014.4000,4014.0000,4013.2000,4012.8000,4017.4000,4017.6000,4017.8000,4018.0000,4018.2000,6,1,4,2,1,2,3,3,10,1
SF,IF2003,2019-12-26 09:30:53.600,4017.2000,35123,0,84314940.000,2,1,1,多换,S,4016.8000,4014.4000,4014.0000,4013.2000,4012.8000,4017.4000,4017.6000,4017.8000,4018.0000,4018.4000,6,1,4,2,1,2,2,3,10,1
SF,IF2003,2019-12-26 09:30:54.100,4017.2000,35123,0,84314940.000,0,-,-,-,-,4017.0000,4016.8000,4014.6000,4014.4000,4014.0000,4017.4000,4017.6000,4017.8000,4018.0000,4018.4000,1,6,2,1,5,2,2,3,10,1
SF,IF2003,2019-12-26 09:30:55.100,4017.2000,35124,1,85520100.000,1,1,0,双开,S,4017.0000,4016.8000,4014.6000,4014.4000,4014.0000,4017.8000,4018.0000,4018.4000,4018.6000,4018.8000,1,6,2,1,5,3,10,1,11,2
SF,IF2003,2019-12-26 09:30:55.600,4017.2000,35124,0,86725260.000,1,0,1,多换,S,4017.0000,4016.8000,4014.6000,4014.4000,4014.0000,4017.8000,4018.0000,4018.4000,4018.6000,4018.8000,1,6,2,1,5,2,10,1,11,2
SF,IF2003,2019-12-26 09:30:56.100,4017.2000,35124,0,86725260.000,0,-,-,-,-,4016.8000,4014.6000,4014.4000,4014.0000,4013.2000,4017.6000,4017.8000,4018.0000,4018.4000,4018.6000,6,2,1,5,1,2,2,10,1,11
SF,IF2003,2019-12-26 09:30:56.600,4017.2000,35124,0,86725260.000,0,-,-,-,-,4016.8000,4014.6000,4014.4000,4014.0000,4013.2000,4017.4000,4017.6000,4017.8000,4018.0000,4018.4000,6,2,1,5,1,1,1,3,10,1
SF,IF2003,2019-12-26 09:30:57.100,4017.2000,35124,0,86725260.000,0,-,-,-,-,4016.8000,4014.6000,4014.4000,4014.0000,4013.2000,4017.4000,4017.8000,4018.0000,4018.4000,4018.6000,7,2,1,5,1,1,3,10,1,11
SF,IF2003,2019-12-26 09:30:57.600,4016.8000,35124,0,95160540.000,7,3,4,多换,S,4014.6000,4014.4000,4014.0000,4013.2000,4012.8000,4016.8000,4017.4000,4017.8000,4018.0000,4018.4000,2,1,5,1,1,2,2,3,10,1
SF,IF2003,2019-12-26 09:30:58.100,4016.8000,35123,-1,98775660.000,3,1,2,多平,S,4015.8000,4015.2000,4015.0000,4014.8000,4014.6000,4017.4000,4017.8000,4018.0000,4018.4000,4018.6000,5,1,5,13,4,2,2,10,1,11
SF,IF2003,2019-12-26 09:30:58.600,4016.6000,35126,3,110821680.000,10,6,4,空开,S,4014.8000,4014.6000,4014.4000,4014.0000,4013.2000,4016.6000,4017.2000,4017.4000,4017.8000,4018.0000,5,3,2,5,1,5,4,1,2,10
SF,IF2003,2019-12-26 09:30:59.100,4016.6000,35126,0,110821680.000,0,-,-,-,-,4015.4000,4015.0000,4014.8000,4014.6000,4014.4000,4016.4000,4017.2000,4017.4000,4017.8000,4018.0000,5,6,4,3,2,2,1,1,2,10
SF,IF2003,2019-12-26 09:30:59.600,4016.4000,35126,0,112026600.000,1,0,1,多换,S,4015.0000,4014.8000,4014.6000,4014.4000,4014.0000,4016.2000,4017.2000,4017.4000,4017.8000,4018.0000,1,3,3,1,5,2,1,1,2,10
SF,IF2003,2019-12-26 09:31:00.100,4016.4000,35126,0,112026600.000,0,-,-,-,-,4015.2000,4015.0000,4014.8000,4014.6000,4014.4000,4016.0000,4017.4000,4017.8000,4018.0000,4018.4000,1,1,3,3,1,2,1,2,10,1
SF,IF2003,2019-12-26 09:31:00.600,4016.4000,35126,0,112026600.000,0,-,-,-,-,4015.2000,4015.0000,4014.8000,4014.6000,4014.4000,4015.8000,4016.0000,4017.4000,4017.8000,4018.0000,1,1,3,3,1,3,2,1,2,10
SF,IF2003,2019-12-26 09:31:01.100,4015.8000,35125,-1,115640820.000,3,1,2,多平,S,4015.2000,4015.0000,4014.8000,4014.6000,4014.4000,4016.0000,4017.4000,4017.8000,4018.0000,4018.4000,1,1,3,3,1,2,1,2,10,1
SF,IF2003,2019-12-26 09:31:01.600,4015.8000,35125,0,115640820.000,0,-,-,-,-,4015.2000,4015.0000,4014.8000,4014.6000,4014.4000,4016.0000,4017.4000,4017.8000,4018.0000,4018.4000,1,1,3,3,1,1,1,2,10,1
SF,IF2003,2019-12-26 09:31:02.100,4015.4000,35123,-2,119254860.000,3,0,3,多平,S,4015.4000,4015.2000,4015.0000,4014.8000,4014.6000,4017.4000,4017.8000,4018.0000,4018.4000,4018.6000,1,1,1,3,3,1,2,10,1,11
SF,IF2003,2019-12-26 09:31:02.600,4015.4000,35123,0,119254860.000,0,-,-,-,-,4015.6000,4015.4000,4015.2000,4015.0000,4014.8000,4017.0000,4017.2000,4017.4000,4017.8000,4018.0000,2,1,1,1,3,2,3,1,2,10
SF,IF2003,2019-12-26 09:31:03.100,4015.4000,35123,0,119254860.000,0,-,-,-,-,4015.6000,4015.4000,4015.0000,4014.6000,4014.4000,4016.6000,4016.8000,4017.0000,4017.2000,4017.4000,2,1,1,3,1,1,5,1,2,1
SF,IF2003,2019-12-26 09:31:03.600,4015.4000,35124,1,121664100.000,2,1,1,空开,S,4015.0000,4014.6000,4014.4000,4014.0000,4013.2000,4016.4000,4016.6000,4016.8000,4017.0000,4017.2000,1,3,1,5,1,1,2,1,1,1
SF,IF2003,2019-12-26 09:31:04.100,4015.4000,35124,0,121664100.000,0,-,-,-,-,4015.2000,4015.0000,4014.6000,4014.4000,4014.0000,4016.2000,4016.4000,4016.6000,4017.0000,4017.2000,5,1,3,1,5,1,2,1,1,1
SF,IF2003,2019-12-26 09:31:04.600,4015.4000,35124,0,121664100.000,0,-,-,-,-,4015.0000,4014.6000,4014.4000,4014.0000,4013.2000,4016.2000,4016.4000,4017.0000,4017.4000,4017.8000,1,3,1,5,1,1,1,1,1,2
SF,IF2003,2019-12-26 09:31:05.100,4015.4000,35124,0,121664100.000,0,-,-,-,-,4015.6000,4015.4000,4015.2000,4015.0000,4014.6000,4016.2000,4017.0000,4017.4000,4017.8000,4018.0000,1,5,11,1,3,1,1,1,2,10
SF,IF2003,2019-12-26 09:31:05.600,4016.2000,35123,-1,122868960.000,1,0,1,双平,S,4015.8000,4015.6000,4015.4000,4015.2000,4015.0000,4016.0000,4017.0000,4017.4000,4017.8000,4018.0000,1,1,5,10,1,1,1,1,2,10
SF,IF2003,2019-12-26 09:31:06.100,4016.0000,35123,0,124073760.000,1,0,1,多换,S,4016.0000,4015.8000,4015.6000,4015.4000,4015.2000,4017.4000,4017.8000,4018.0000,4018.4000,4018.6000,1,1,1,5,10,1,2,10,1,11
SF,IF2003,2019-12-26 09:31:06.600,4016.0000,35123,0,124073760.000,0,-,-,-,-,4015.8000,4015.4000,4015.2000,4014.6000,4014.4000,4017.2000,4017.4000,4017.8000,4018.0000,4018.4000,1,5,10,3,1,2,2,2,10,1
SF,IF2003,2019-12-26 09:31:07.100,4017.2000,35124,1,125278920.000,1,1,0,双开,S,4016.0000,4015.4000,4015.2000,4014.6000,4014.4000,4017.2000,4017.4000,4017.8000,4018.0000,4018.4000,1,6,10,3,1,1,1,2,10,1
SF,IF2003,2019-12-26 09:31:07.600,4017.2000,35124,0,125278920.000,0,-,-,-,-,4016.2000,4016.0000,4015.4000,4015.2000,4014.6000,4017.4000,4017.8000,4018.0000,4018.4000,4018.6000,1,1,6,10,3,1,2,10,1,11
SF,IF2003,2019-12-26 09:31:08.100,4016.2000,35123,-1,126483780.000,1,0,1,双平,S,4016.2000,4016.0000,4015.4000,4015.2000,4014.6000,4017.4000,4017.8000,4018.0000,4018.4000,4018.6000,1,1,6,9,3,1,2,10,1,11
SF,IF2003,2019-12-26 09:31:08.600,4016.2000,35123,0,126483780.000,0,-,-,-,-,4016.2000,4016.0000,4015.4000,4015.2000,4014.6000,4017.2000,4017.4000,4017.8000,4018.0000,4018.4000,1,1,6,9,3,1,1,2,10,2
SF,IF2003,2019-12-26 09:31:09.100,4016.2000,35121,-2,133712820.000,6,2,4,多平,S,4015.4000,4015.2000,4014.6000,4014.4000,4014.0000,4017.2000,4017.4000,4017.8000,4018.0000,4018.4000,6,9,3,1,5,1,1,2,10,2
SF,IF2003,2019-12-26 09:31:09.600,4016.2000,35121,0,133712820.000,0,-,-,-,-,4016.0000,4015.6000,4015.4000,4015.2000,4014.6000,4017.0000,4017.2000,4017.4000,4017.8000,4018.0000,5,8,7,10,2,2,2,1,2,10
SF,IF2003,2019-12-26 09:31:10.100,4016.2000,35121,0,133712820.000,0,-,-,-,-,4015.6000,4015.4000,4015.2000,4014.6000,4014.4000,4016.8000,4017.2000,4017.4000,4017.8000,4018.0000,6,7,9,2,1,1,1,1,2,10
SF,IF2003,2019-12-26 09:31:10.600,4016.2000,35121,0,133712820.000,0,-,-,-,-,4015.6000,4015.4000,4015.2000,4014.6000,4014.4000,4016.6000,4016.8000,4017.4000,4017.8000,4018.0000,5,7,9,2,1,2,2,1,2,10
SF,IF2003,2019-12-26 09:31:11.100,4016.6000,35121,0,134917800.000,1,0,1,多换,S,4015.6000,4015.4000,4015.2000,4014.6000,4014.4000,4016.4000,4016.6000,4016.8000,4017.4000,4017.8000,5,7,9,2,1,1,1,1,1,2
SF,IF2003,2019-12-26 09:31:11.600,4015.6000,35117,-4,140941200.000,5,0,5,多平,S,4015.4000,4015.2000,4014.6000,4014.4000,4014.0000,4015.6000,4016.4000,4016.6000,4017.4000,4017.8000,7,6,2,1,5,14,2,1,1,2
SF,IF2003,2019-12-26 09:31:12.100,4015.4000,35103,-14,159011340.000,15,0,15,多平,S,4015.6000,4015.4000,4015.2000,4014.6000,4014.4000,4016.4000,4016.6000,4017.4000,4017.8000,4018.0000,6,6,6,2,1,2,1,1,2,10
SF,IF2003,2019-12-26 09:31:12.600,4015.4000,35103,0,159011340.000,0,-,-,-,-,4016.0000,4015.6000,4015.4000,4015.2000,4014.6000,4016.2000,4016.4000,4016.6000,4017.4000,4017.8000,1,1,6,6,2,2,1,1,1,2
SF,IF2003,2019-12-26 09:31:13.100,4016.0000,35101,-2,161420940.000,2,0,2,双平,S,4015.4000,4015.2000,4014.6000,4014.4000,4014.0000,4016.0000,4016.2000,4016.6000,4017.4000,4017.8000,6,6,2,1,5,2,1,1,1,2
SF,IF2003,2019-12-26 09:31:13.600,4016.0000,35101,0,161420940.000,0,-,-,-,-,4015.2000,4014.6000,4014.4000,4014.0000,4013.2000,4015.8000,4016.0000,4016.2000,4017.4000,4017.8000,1,2,1,5,1,1,2,1,1,2
SF,IF2003,2019-12-26 09:31:15.600,4016.0000,35101,0,163830540.000,2,1,1,多换,S,4016.0000,4015.4000,4015.2000,4015.0000,4014.6000,4016.2000,4017.4000,4017.8000,4018.0000,4018.4000,5,4,2,1,2,1,1,2,10,2
SF,IF2003,2019-12-26 09:31:16.100,4016.0000,35101,0,163830540.000,0,-,-,-,-,4015.8000,4015.4000,4015.2000,4014.6000,4014.4000,4016.2000,4017.4000,4017.8000,4018.0000,4018.4000,1,2,1,2,1,1,1,2,10,2
SF,IF2003,2019-12-26 09:31:16.600,4016.0000,35101,0,163830540.000,0,-,-,-,-,4015.8000,4015.4000,4015.2000,4014.6000,4014.4000,4016.2000,4017.4000,4017.8000,4018.0000,4018.4000,1,1,1,2,1,1,1,2,10,2
SF,IF2003,2019-12-26 09:31:17.100,4016.0000,35101,0,163830540.000,0,-,-,-,-,4015.8000,4015.4000,4015.2000,4014.6000,4014.4000,4016.0000,4017.4000,4017.8000,4018.0000,4018.4000,1,1,1,2,1,1,1,2,10,2
SF,IF2003,2019-12-26 09:31:18.100,4016.0000,35100,-1,165035340.000,1,0,1,双平,S,4015.8000,4015.4000,4015.2000,4014.6000,4014.4000,4017.4000,4017.8000,4018.0000,4018.4000,4018.6000,1,1,1,2,1,1,2,10,2,11
SF,IF2003,2019-12-26 09:31:18.600,4016.0000,35100,0,165035340.000,0,-,-,-,-,4016.0000,4015.8000,4015.4000,4015.2000,4014.6000,4017.2000,4017.4000,4017.8000,4018.0000,4018.4000,1,1,2,1,2,5,2,2,10,2
SF,IF2003,2019-12-26 09:31:19.100,4016.0000,35100,0,165035340.000,0,-,-,-,-,4016.2000,4016.0000,4015.8000,4015.4000,4015.2000,4017.0000,4017.2000,4017.4000,4017.8000,4018.0000,1,1,1,2,1,2,4,1,2,10
SF,IF2003,2019-12-26 09:31:19.600,4016.0000,35100,0,165035340.000,0,-,-,-,-,4015.8000,4015.4000,4015.2000,4014.6000,4014.4000,4016.8000,4017.0000,4017.2000,4017.4000,4017.8000,1,2,1,2,1,4,2,2,1,2
SF,IF2003,2019-12-26 09:31:20.100,4016.0000,35100,0,165035340.000,0,-,-,-,-,4015.8000,4015.4000,4015.2000,4014.6000,4014.4000,4016.6000,4016.8000,4017.0000,4017.2000,4017.4000,1,2,1,2,1,1,3,2,2,1
SF,IF2003,2019-12-26 09:31:20.600,4016.4000,35100,0,166240260.000,1,0,1,多换,S,4015.8000,4015.2000,4014.6000,4014.4000,4014.0000,4016.6000,4016.8000,4017.0000,4017.2000,4017.4000,1,1,2,1,5,1,2,2,2,1
SF,IF2003,2019-12-26 09:31:21.100,4016.4000,35100,0,166240260.000,0,-,-,-,-,4015.8000,4015.2000,4014.6000,4014.4000,4014.0000,4016.4000,4016.6000,4016.8000,4017.0000,4017.2000,1,1,2,1,5,1,1,2,2,2
SF,IF2003,2019-12-26 09:31:22.100,4016.4000,35100,0,166240260.000,0,-,-,-,-,4015.8000,4015.2000,4014.6000,4014.4000,4014.0000,4016.2000,4016.4000,4016.6000,4016.8000,4017.0000,1,1,2,1,5,2,1,1,2,2
SF,IF2003,2019-12-26 09:31:22.600,4016.4000,35100,0,166240260.000,0,-,-,-,-,4015.8000,4015.2000,4014.6000,4014.4000,4014.0000,4016.4000,4016.6000,4016.8000,4017.0000,4017.4000,1,1,2,1,5,1,1,2,2,1
SF,IF2003,2019-12-26 09:31:23.600,4016.4000,35100,0,166240260.000,0,-,-,-,-,4015.2000,4014.6000,4014.4000,4014.0000,4013.2000,4016.4000,4016.6000,4016.8000,4017.0000,4017.4000,1,2,1,5,1,1,1,2,2,1
SF,IF2003,2019-12-26 09:31:24.100,4016.4000,35100,0,166240260.000,0,-,-,-,-,4015.4000,4015.2000,4014.8000,4014.6000,4014.4000,4016.4000,4016.8000,4017.0000,4017.4000,4017.8000,1,1,1,2,1,1,2,2,1,3
SF,IF2003,2019-12-26 09:31:24.600,4016.4000,35100,0,166240260.000,0,-,-,-,-,4015.4000,4015.2000,4014.8000,4014.6000,4014.4000,4015.8000,4016.2000,4016.4000,4016.8000,4017.0000,1,1,1,2,1,1,2,2,2,2
SF,IF2003,2019-12-26 09:31:25.100,4016.4000,35099,-1,167445180.000,1,0,1,双平,S,4015.8000,4015.2000,4014.8000,4014.6000,4014.4000,4016.2000,4016.4000,4016.8000,4017.0000,4017.4000,1,1,1,2,1,2,2,2,2,1
SF,IF2003,2019-12-26 09:31:25.600,4015.8000,35099,0,168649920.000,1,0,1,多换,S,4015.2000,4014.8000,4014.6000,4014.4000,4014.0000,4015.8000,4016.2000,4016.4000,4016.8000,4017.0000,1,1,2,1,5,1,1,2,2,2
SF,IF2003,2019-12-26 09:31:26.100,4016.2000,35098,-1,171059520.000,2,0,2,多平,S,4015.4000,4015.2000,4014.8000,4014.6000,4014.4000,4016.4000,4016.8000,4017.0000,4017.4000,4017.8000,5,1,1,2,1,2,2,2,1,3
SF,IF2003,2019-12-26 09:31:26.600,4016.2000,35098,0,171059520.000,0,-,-,-,-,4015.6000,4015.2000,4014.8000,4014.6000,4014.4000,4016.2000,4016.4000,4016.8000,4017.0000,4017.4000,5,1,1,2,1,1,1,2,2,1
SF,IF2003,2019-12-26 09:31:27.100,4016.2000,35098,0,171059520.000,0,-,-,-,-,4015.2000,4014.8000,4014.6000,4014.4000,4014.0000,4016.2000,4016.4000,4016.8000,4017.0000,4017.4000,1,1,2,1,5,1,1,2,2,1
SF,IF2003,2019-12-26 09:31:27.600,4016.2000,35098,0,171059520.000,0,-,-,-,-,4015.2000,4014.8000,4014.6000,4014.4000,4014.0000,4016.0000,4016.2000,4016.4000,4016.8000,4017.0000,1,1,2,1,5,1,1,1,3,2
SF,IF2003,2019-12-26 09:31:28.100,4016.2000,35098,0,171059520.000,0,-,-,-,-,4015.2000,4014.8000,4014.6000,4014.4000,4014.0000,4016.0000,4016.4000,4016.8000,4017.0000,4017.4000,1,1,2,1,5,2,1,3,2,1
SF,IF2003,2019-12-26 09:31:29.600,4016.2000,35098,0,171059520.000,0,-,-,-,-,4015.2000,4014.8000,4014.6000,4014.4000,4014.0000,4016.0000,4016.8000,4017.0000,4017.4000,4017.8000,1,1,2,1,5,2,3,2,1,3
SF,IF2003,2019-12-26 09:31:30.100,4016.2000,35098,0,171059520.000,0,-,-,-,-,4015.2000,4014.8000,4014.6000,4014.4000,4014.0000,4015.8000,4016.0000,4016.8000,4017.0000,4017.4000,1,1,2,1,5,1,1,3,2,1
SF,IF2003,2019-12-26 09:31:31.100,4016.0000,35097,-1,173469120.000,2,0,2,多平,S,4016.0000,4015.2000,4014.8000,4014.6000,4014.4000,4016.8000,4017.0000,4017.4000,4017.8000,4018.0000,1,1,1,2,1,3,2,1,3,10
SF,IF2003,2019-12-26 09:31:31.600,4016.0000,35095,-2,175878720.000,2,0,2,双平,S,4015.2000,4014.8000,4014.6000,4014.4000,4014.0000,4015.8000,4016.0000,4016.6000,4016.8000,4017.0000,1,1,2,1,5,1,3,7,3,2
SF,IF2003,2019-12-26 09:31:32.100,4016.0000,35095,0,175878720.000,0,-,-,-,-,4015.2000,4014.8000,4014.6000,4014.4000,4014.0000,4016.6000,4016.8000,4017.0000,4017.4000,4017.8000,1,1,2,1,2,6,3,2,1,3
SF,IF2003,2019-12-26 09:31:32.600,4016.0000,35095,0,175878720.000,0,-,-,-,-,4015.4000,4015.2000,4014.8000,4014.6000,4014.4000,4016.4000,4016.6000,4016.8000,4017.0000,4017.4000,1,1,1,2,1,2,5,3,2,1
SF,IF2003,2019-12-26 09:31:33.100,4016.0000,35095,0,175878720.000,0,-,-,-,-,4015.6000,4015.2000,4014.8000,4014.6000,4014.4000,4016.4000,4016.6000,4016.8000,4017.0000,4017.4000,1,1,1,2,1,2,5,3,2,1
SF,IF2003,2019-12-26 09:31:33.600,4016.4000,35095,0,177083640.000,1,0,1,多换,S,4015.6000,4015.2000,4014.8000,4014.6000,4014.4000,4016.4000,4016.6000,4016.8000,4017.0000,4017.4000,1,1,1,2,1,1,5,3,2,1
SF,IF2003,2019-12-26 09:31:34.100,4016.4000,35094,-1,178288560.000,1,0,1,双平,S,4015.6000,4015.2000,4014.8000,4014.6000,4014.4000,4016.6000,4016.8000,4017.0000,4017.4000,4017.8000,1,1,1,2,1,4,1,2,1,3
SF,IF2003,2019-12-26 09:31:34.600,4016.4000,35094,0,178288560.000,0,-,-,-,-,4015.8000,4015.6000,4015.2000,4014.8000,4014.6000,4016.6000,4016.8000,4017.0000,4017.4000,4017.8000,1,1,1,1,2,3,1,2,1,3
SF,IF2003,2019-12-26 09:31:35.100,4016.4000,35094,0,178288560.000,0,-,-,-,-,4016.0000,4015.8000,4015.6000,4015.2000,4014.8000,4016.6000,4016.8000,4017.0000,4017.4000,4017.8000,1,1,1,1,1,3,1,2,1,3
SF,IF2003,2019-12-26 09:31:35.600,4016.4000,35094,0,178288560.000,0,-,-,-,-,4016.0000,4015.8000,4015.6000,4015.2000,4014.8000,4016.6000,4016.8000,4017.0000,4017.4000,4017.8000,1,2,1,1,1,3,1,2,1,3
SF,IF2003,2019-12-26 09:31:36.100,4016.6000,35094,0,179493540.000,1,0,1,多换,S,4016.0000,4015.8000,4015.6000,4015.2000,4014.8000,4016.8000,4017.0000,4017.4000,4017.8000,4018.0000,1,2,1,1,1,1,2,1,3,10
SF,IF2003,2019-12-26 09:31:36.600,4016.6000,35094,0,179493540.000,0,-,-,-,-,4016.6000,4016.0000,4015.8000,4015.6000,4015.2000,4016.8000,4017.0000,4017.4000,4017.8000,4018.0000,1,1,2,1,1,1,2,1,3,10
SF,IF2003,2019-12-26 09:31:37.100,4016.6000,35094,0,179493540.000,0,-,-,-,-,4016.6000,4016.0000,4015.8000,4015.6000,4015.2000,4016.8000,4017.0000,4017.4000,4017.8000,4018.0000,1,1,2,1,1,1,2,1,3,10
SF,IF2003,2019-12-26 09:31:38.100,4016.6000,35094,0,179493540.000,0,-,-,-,-,4016.6000,4016.0000,4015.8000,4015.6000,4015.2000,4016.8000,4017.0000,4017.4000,4017.8000,4018.0000,1,1,2,1,1,1,2,1,3,10
SF,IF2003,2019-12-26 09:31:38.600,4016.6000,35094,0,180698520.000,1,0,1,多换,S,4016.0000,4015.8000,4015.6000,4015.2000,4015.0000,4016.8000,4017.0000,4017.4000,4017.8000,4018.0000,1,2,1,1,1,1,2,1,3,10
SF,IF2003,2019-12-26 09:31:39.100,4016.6000,35094,0,180698520.000,0,-,-,-,-,4016.0000,4015.8000,4015.6000,4015.4000,4015.2000,4016.8000,4017.0000,4017.4000,4017.8000,4018.0000,1,2,1,4,1,1,2,1,3,10
SF,IF2003,2019-12-26 09:31:39.600,4016.8000,35092,-2,183108600.000,2,0,2,双平,S,4016.2000,4016.0000,4015.8000,4015.6000,4015.4000,4017.4000,4017.8000,4018.0000,4018.4000,4018.6000,1,1,1,1,4,1,3,10,2,11
SF,IF2003,2019-12-26 09:31:40.100,4016.8000,35092,0,183108600.000,0,-,-,-,-,4016.2000,4016.0000,4015.8000,4015.6000,4015.4000,4017.2000,4017.4000,4017.8000,4018.0000,4018.4000,1,1,1,1,4,3,1,3,10,2
SF,IF2003,2019-12-26 09:31:40.600,4016.8000,35092,0,183108600.000,0,-,-,-,-,4016.2000,4016.0000,4015.8000,4015.6000,4015.4000,4017.4000,4017.8000,4018.0000,4018.4000,4018.6000,1,1,2,1,4,1,3,10,2,11
SF,IF2003,2019-12-26 09:31:41.100,4016.8000,35092,0,183108600.000,0,-,-,-,-,4016.4000,4016.2000,4016.0000,4015.8000,4015.6000,4016.8000,4017.4000,4017.8000,4018.0000,4018.4000,1,1,1,2,1,4,1,3,10,2
SF,IF2003,2019-12-26 09:31:41.600,4016.8000,35088,-4,187928760.000,4,0,4,双平,S,4016.8000,4016.6000,4016.0000,4015.8000,4015.6000,4017.4000,4017.8000,4018.0000,4018.4000,4018.6000,1,2,1,2,1,1,3,10,2,11
SF,IF2003,2019-12-26 09:31:42.100,4017.4000,35088,0,190339020.000,2,1,1,多换,S,4017.0000,4016.8000,4016.6000,4016.0000,4015.8000,4017.8000,4018.0000,4018.4000,4018.6000,4018.8000,2,1,1,1,1,3,10,2,11,1
SF,IF2003,2019-12-26 09:31:42.600,4017.4000,35088,0,190339020.000,0,-,-,-,-,4017.2000,4017.0000,4016.8000,4016.6000,4015.8000,4017.4000,4017.8000,4018.0000,4018.4000,4018.6000,1,2,1,2,1,1,3,10,2,11
SF,IF2003,2019-12-26 09:31:43.100,4017.4000,35086,-2,192749460.000,2,0,2,双平,S,4017.2000,4017.0000,4016.8000,4016.6000,4015.8000,4017.8000,4018.0000,4018.4000,4018.6000,4018.8000,1,1,1,2,1,3,10,2,11,1
SF,IF2003,2019-12-26 09:31:43.600,4017.8000,35084,-2,195160140.000,2,0,2,双平,S,4017.6000,4017.4000,4017.2000,4017.0000,4016.8000,4017.8000,4018.0000,4018.4000,4018.6000,4018.8000,1,5,1,1,1,1,10,2,11,1
SF,IF2003,2019-12-26 09:31:44.100,4017.6000,35081,-3,198775980.000,3,0,3,双平,S,4017.4000,4017.2000,4017.0000,4016.6000,4015.8000,4017.6000,4017.8000,4018.0000,4018.4000,4018.6000,5,1,1,2,1,1,1,10,2,11
SF,IF2003,2019-12-26 09:31:44.600,4017.4000,35081,0,201186420.000,2,1,1,多换,S,4017.2000,4017.0000,4016.6000,4015.8000,4015.6000,4017.6000,4017.8000,4018.0000,4018.4000,4018.6000,1,1,2,1,1,1,1,10,2,11
SF,IF2003,2019-12-26 09:31:45.100,4017.4000,35080,-1,203596860.000,2,0,2,多平,S,4017.2000,4017.0000,4016.6000,4015.8000,4015.6000,4017.6000,4017.8000,4018.0000,4018.4000,4018.6000,1,1,2,1,1,1,1,10,2,11
SF,IF2003,2019-12-26 09:31:46.100,4017.4000,35080,0,203596860.000,0,-,-,-,-,4017.4000,4017.2000,4017.0000,4016.6000,4015.8000,4017.6000,4017.8000,4018.0000,4018.4000,4018.6000,1,1,1,2,1,1,1,10,2,11
SF,IF2003,2019-12-26 09:31:46.600,4017.4000,35079,-1,204802080.000,1,0,1,双平,S,4017.2000,4017.0000,4016.6000,4015.8000,4015.6000,4017.4000,4017.8000,4018.0000,4018.4000,4018.6000,1,1,2,1,1,1,1,10,2,11
SF,IF2003,2019-12-26 09:31:47.100,4017.2000,35080,1,206007240.000,1,1,0,双开,S,4017.0000,4016.6000,4015.8000,4015.6000,4015.4000,4017.4000,4017.8000,4018.0000,4018.4000,4018.6000,1,2,1,1,4,1,1,10,2,11
SF,IF2003,2019-12-26 09:31:47.600,4017.2000,35080,0,208417560.000,2,1,1,多换,S,4016.6000,4015.8000,4015.6000,4015.4000,4015.2000,4017.2000,4017.4000,4017.8000,4018.0000,4018.4000,2,1,1,4,1,1,1,1,10,2
SF,IF2003,2019-12-26 09:31:48.100,4017.4000,35080,0,210827940.000,2,1,1,多换,S,4016.8000,4016.6000,4015.8000,4015.6000,4015.4000,4017.8000,4018.0000,4018.4000,4018.6000,4018.8000,6,3,1,1,4,1,10,2,11,1
SF,IF2003,2019-12-26 09:31:48.600,4017.8000,35079,-1,212033280.000,1,0,1,双平,S,4016.8000,4016.6000,4015.8000,4015.6000,4015.4000,4018.0000,4018.4000,4018.6000,4018.8000,4019.0000,1,3,1,1,4,10,2,11,1,1
SF,IF2003,2019-12-26 09:31:49.100,4017.8000,35079,0,212033280.000,0,-,-,-,-,4017.4000,4017.2000,4017.0000,4016.6000,4015.8000,4018.0000,4018.4000,4018.6000,4018.8000,4019.0000,1,5,4,3,1,10,2,11,1,1
SF,IF2003,2019-12-26 09:31:49.600,4017.8000,35079,0,212033280.000,0,-,-,-,-,4017.4000,4017.0000,4016.6000,4015.8000,4015.6000,4017.8000,4018.0000,4018.4000,4018.6000,4018.8000,1,3,3,1,1,4,10,2,11,1
SF,IF2003,2019-12-26 09:31:50.100,4017.8000,35079,0,212033280.000,0,-,-,-,-,4017.4000,4017.0000,4016.6000,4015.8000,4015.6000,4017.8000,4018.0000,4018.4000,4018.6000,4018.8000,1,3,3,1,1,4,10,2,11,1
SF,IF2003,2019-12-26 09:31:51.100,4017.4000,35080,1,213238500.000,1,1,0,双开,S,4017.0000,4016.6000,4015.8000,4015.6000,4015.4000,4017.8000,4018.0000,4018.4000,4018.6000,4018.8000,3,3,1,1,4,4,10,2,11,1
SF,IF2003,2019-12-26 09:31:51.600,4017.6000,35080,0,214443780.000,1,0,1,多换,S,4017.6000,4017.4000,4017.2000,4017.0000,4016.6000,4017.8000,4018.0000,4018.4000,4018.6000,4018.8000,4,5,3,3,2,4,10,2,11,1
SF,IF2003,2019-12-26 09:31:52.100,4017.8000,35078,-2,220470480.000,5,1,4,多平,S,4017.8000,4017.6000,4017.4000,4017.2000,4017.0000,4018.0000,4018.4000,4018.6000,4018.8000,4019.0000,4,4,5,3,3,10,2,11,1,1
SF,IF2003,2019-12-26 09:31:52.600,4017.8000,35078,0,220470480.000,0,-,-,-,-,4017.4000,4017.2000,4017.0000,4016.6000,4015.8000,4018.0000,4018.4000,4018.6000,4018.8000,4019.0000,5,3,3,1,1,10,2,11,1,1
SF,IF2003,2019-12-26 09:31:53.100,4018.0000,35077,-1,222881280.000,2,0,2,多平,S,4017.6000,4017.4000,4017.2000,4017.0000,4015.8000,4018.0000,4018.4000,4018.6000,4018.8000,4019.0000,7,6,3,3,1,8,2,11,1,1
SF,IF2003,2019-12-26 09:31:53.600,4018.0000,35074,-3,232524480.000,8,2,6,多平,S,4017.6000,4017.4000,4017.2000,4017.0000,4015.8000,4018.4000,4018.6000,4018.8000,4019.0000,4019.8000,7,6,3,3,1,2,11,1,1,3
SF,IF2003,2019-12-26 09:31:54.100,4018.0000,35074,0,232524480.000,0,-,-,-,-,4018.0000,4017.8000,4017.6000,4017.4000,4017.2000,4018.4000,4018.6000,4018.8000,4019.0000,4019.8000,4,2,7,6,3,2,11,1,1,3
SF,IF2003,2019-12-26 09:31:54.600,4018.0000,35074,0,232524480.000,0,-,-,-,-,4018.2000,4018.0000,4017.8000,4017.6000,4017.4000,4018.4000,4018.6000,4018.8000,4019.0000,4019.8000,1,1,2,7,6,2,11,1,1,3
SF,IF2003,2019-12-26 09:31:55.100,4018.6000,35071,-3,236141100.000,3,0,3,双平,S,4018.2000,4018.0000,4017.8000,4017.6000,4017.4000,4018.6000,4018.8000,4019.0000,4019.8000,4020.0000,1,1,2,7,6,10,1,1,3,3
SF,IF2003,2019-12-26 09:31:55.600,4018.6000,35071,0,236141100.000,0,-,-,-,-,4018.2000,4018.0000,4017.8000,4017.6000,4017.4000,4018.6000,4018.8000,4019.0000,4019.8000,4020.0000,1,1,2,8,6,10,1,1,3,3
SF,IF2003,2019-12-26 09:31:56.100,4018.6000,35070,-1,237346680.000,1,0,1,双平,S,4018.0000,4017.8000,4017.6000,4017.4000,4017.2000,4018.6000,4018.8000,4019.0000,4019.8000,4020.0000,1,2,8,6,2,9,1,1,3,3
SF,IF2003,2019-12-26 09:31:56.600,4018.6000,35070,0,238552260.000,1,0,1,多换,S,4018.0000,4017.8000,4017.6000,4017.4000,4017.2000,4018.2000,4018.6000,4018.8000,4019.0000,4019.8000,1,2,8,6,2,1,8,1,1,3
SF,IF2003,2019-12-26 09:31:57.100,4018.2000,35070,0,239757720.000,1,0,1,多换,S,4018.2000,4018.0000,4017.8000,4017.6000,4017.4000,4018.6000,4018.8000,4019.0000,4019.8000,4020.0000,6,1,1,8,6,8,1,1,3,3
SF,IF2003,2019-12-26 09:31:57.600,4018.6000,35070,0,249402240.000,8,4,4,多换,S,4018.4000,4018.2000,4018.0000,4017.8000,4017.6000,4018.6000,4018.8000,4019.0000,4019.8000,4020.0000,1,5,1,2,8,1,1,1,3,3
SF,IF2003,2019-12-26 09:31:58.100,4018.6000,35069,-1,250607820.000,1,0,1,双平,S,4018.0000,4017.8000,4017.6000,4017.4000,4017.2000,4018.8000,4019.0000,4019.8000,4020.0000,4020.8000,1,2,8,6,1,1,1,3,3,2
SF,IF2003,2019-12-26 09:31:58.600,4018.6000,35069,0,250607820.000,0,-,-,-,-,4018.0000,4017.8000,4017.6000,4017.4000,4017.2000,4018.8000,4019.0000,4019.8000,4020.0000,4020.8000,1,2,8,6,1,2,1,3,3,2
SF,IF2003,2019-12-26 09:31:59.100,4018.6000,35069,0,250607820.000,0,-,-,-,-,4018.4000,4018.0000,4017.8000,4017.6000,4017.4000,4018.6000,4018.8000,4019.0000,4019.8000,4020.0000,1,1,2,8,6,1,2,1,3,3
SF,IF2003,2019-12-26 09:31:59.600,4018.6000,35068,-1,251813400.000,1,0,1,双平,S,4018.0000,4017.8000,4017.6000,4017.4000,4017.2000,4018.8000,4019.0000,4019.8000,4020.0000,4020.8000,1,2,8,6,1,2,1,3,3,2
SF,IF2003,2019-12-26 09:32:00.100,4018.6000,35068,0,251813400.000,0,-,-,-,-,4018.0000,4017.8000,4017.6000,4017.4000,4017.2000,4018.8000,4019.0000,4019.8000,4020.0000,4020.8000,1,2,8,6,1,1,1,3,3,2
SF,IF2003,2019-12-26 09:32:00.600,4019.0000,35066,-2,254224740.000,2,0,2,双平,S,4018.2000,4018.0000,4017.8000,4017.6000,4017.4000,4019.8000,4020.0000,4020.8000,4023.0000,4023.6000,7,1,2,8,6,3,3,2,1,10
SF,IF2003,2019-12-26 09:32:01.100,4019.0000,35066,0,254224740.000,0,-,-,-,-,4018.4000,4018.2000,4018.0000,4017.8000,4017.6000,4019.6000,4019.8000,4020.0000,4020.8000,4023.0000,3,8,1,2,7,3,3,3,2,1
SF,IF2003,2019-12-26 09:32:01.600,4019.0000,35066,0,254224740.000,0,-,-,-,-,4018.6000,4018.4000,4018.2000,4018.0000,4017.8000,4019.8000,4020.0000,4020.8000,4023.0000,4023.6000,3,2,7,1,2,3,3,2,1,10
SF,IF2003,2019-12-26 09:32:02.100,4019.0000,35066,0,254224740.000,0,-,-,-,-,4018.8000,4018.6000,4018.4000,4018.2000,4018.0000,4019.6000,4019.8000,4020.0000,4020.8000,4023.0000,10,2,2,7,1,1,3,3,2,1
SF,IF2003,2019-12-26 09:32:02.600,4019.4000,35063,-3,263871720.000,8,2,6,多平,S,4019.4000,4019.0000,4018.8000,4018.6000,4018.2000,4020.0000,4020.8000,4023.0000,4023.6000,4024.0000,1,4,11,1,7,3,2,1,10,2
SF,IF2003,2019-12-26 09:32:03.100,4020.0000,35062,-1,267489720.000,3,1,2,多平,S,4020.6000,4019.8000,4019.6000,4019.4000,4019.0000,4020.8000,4023.0000,4023.6000,4024.0000,4024.6000,1,5,3,1,4,2,1,10,2,2
SF,IF2003,2019-12-26 09:32:03.600,4020.0000,35062,0,269901720.000,2,1,1,多换,S,4019.8000,4019.6000,4019.0000,4018.8000,4018.2000,4020.8000,4023.0000,4023.6000,4024.0000,4024.6000,5,2,2,3,2,2,1,10,2,1
SF,IF2003,2019-12-26 09:32:04.100,4020.8000,35060,-2,272314200.000,2,0,2,双平,S,4020.6000,4020.4000,4020.2000,4020.0000,4019.8000,4023.0000,4023.6000,4024.0000,4024.6000,4025.0000,5,5,1,8,6,1,10,2,1,1
SF,IF2003,2019-12-26 09:32:04.600,4020.8000,35060,0,272314200.000,0,-,-,-,-,4021.6000,4020.8000,4020.2000,4020.0000,4019.8000,4022.4000,4022.6000,4022.8000,4023.0000,4023.6000,1,3,1,5,6,2,7,10,1,10
SF,IF2003,2019-12-26 09:32:05.100,4020.8000,35059,-1,277139580.000,4,1,3,多平,S,4020.2000,4019.6000,4018.2000,4018.0000,4017.6000,4020.8000,4021.4000,4021.6000,4022.0000,4022.2000,1,2,1,2,2,1,3,5,1,7
SF,IF2003,2019-12-26 09:32:05.600,4020.8000,35059,0,277139580.000,0,-,-,-,-,4020.2000,4018.2000,4018.0000,4017.6000,4015.8000,4020.6000,4020.8000,4021.4000,4021.6000,4022.2000,1,1,2,2,1,1,1,2,4,6
SF,IF2003,2019-12-26 09:32:06.100,4020.2000,35058,-1,278345640.000,1,0,1,双平,S,4018.2000,4018.0000,4017.6000,4015.8000,4015.4000,4020.8000,4021.4000,4021.6000,4022.2000,4022.4000,1,2,2,1,4,1,2,4,7,1
SF,IF2003,2019-12-26 09:32:06.600,4020.2000,35058,0,278345640.000,0,-,-,-,-,4019.4000,4019.0000,4018.8000,4018.6000,4018.4000,4020.6000,4020.8000,4021.4000,4021.6000,4022.2000,5,1,1,1,11,2,2,2,5,7
SF,IF2003,2019-12-26 09:32:07.100,4020.2000,35058,0,278345640.000,0,-,-,-,-,4019.6000,4019.4000,4019.0000,4018.8000,4018.4000,4020.4000,4020.6000,4020.8000,4021.4000,4021.6000,6,5,1,1,6,1,1,2,2,5
SF,IF2003,2019-12-26 09:32:07.600,4020.2000,35058,0,278345640.000,0,-,-,-,-,4019.6000,4019.4000,4019.2000,4019.0000,4018.8000,4020.2000,4020.8000,4021.4000,4021.6000,4022.2000,2,5,1,1,1,1,1,2,5,7
SF,IF2003,2019-12-26 09:32:08.100,4020.2000,35058,0,279551700.000,1,0,1,多换,S,4020.2000,4019.6000,4019.4000,4019.2000,4018.8000,4020.8000,4021.4000,4021.6000,4022.2000,4022.4000,2,1,5,1,1,1,2,5,7,1
SF,IF2003,2019-12-26 09:32:08.600,4020.2000,35058,0,279551700.000,0,-,-,-,-,4019.6000,4019.4000,4019.2000,4018.8000,4018.4000,4020.8000,4021.6000,4022.2000,4022.4000,4022.6000,1,5,1,1,5,1,5,7,1,4
SF,IF2003,2019-12-26 09:32:09.100,4020.2000,35058,0,279551700.000,0,-,-,-,-,4019.8000,4019.6000,4019.4000,4019.2000,4018.8000,4020.8000,4021.6000,4022.2000,4022.4000,4022.6000,9,2,5,1,1,1,5,7,1,4
SF,IF2003,2019-12-26 09:32:09.600,4020.2000,35058,0,279551700.000,0,-,-,-,-,4020.0000,4019.8000,4019.6000,4019.4000,4019.2000,4020.8000,4021.6000,4022.2000,4022.4000,4022.6000,1,6,1,5,1,1,5,7,1,4
SF,IF2003,2019-12-26 09:32:10.100,4020.8000,35057,-1,280757940.000,1,0,1,双平,S,4020.8000,4019.6000,4019.2000,4018.8000,4018.4000,4021.6000,4022.2000,4022.4000,4022.6000,4022.8000,2,1,1,1,5,5,7,1,4,4
SF,IF2003,2019-12-26 09:32:10.600,4020.8000,35055,-2,283170420.000,2,0,2,双平,S,4020.2000,4020.0000,4019.6000,4019.2000,4018.8000,4020.6000,4020.8000,4021.4000,4021.6000,4022.2000,1,1,1,1,1,1,4,7,5,7
SF,IF2003,2019-12-26 09:32:11.100,4020.8000,35055,0,283170420.000,0,-,-,-,-,4020.2000,4020.0000,4019.6000,4019.2000,4018.8000,4021.4000,4021.6000,4022.2000,4022.6000,4023.0000,1,1,1,1,1,3,5,7,4,1
SF,IF2003,2019-12-26 09:32:11.600,4020.8000,35055,0,283170420.000,0,-,-,-,-,4020.4000,4020.2000,4020.0000,4019.6000,4019.2000,4021.2000,4021.4000,4021.6000,4022.2000,4022.6000,1,1,2,1,1,3,3,5,7,4
SF,IF2003,2019-12-26 09:32:12.100,4021.4000,35055,0,285583200.000,2,1,1,多换,S,4020.2000,4020.0000,4019.6000,4019.2000,4018.8000,4021.4000,4021.6000,4022.2000,4022.6000,4023.0000,1,2,1,1,1,3,5,6,4,1
SF,IF2003,2019-12-26 09:32:12.600,4021.4000,35055,0,285583200.000,0,-,-,-,-,4020.2000,4020.0000,4019.6000,4019.2000,4018.8000,4021.2000,4021.4000,4021.6000,4022.2000,4022.6000,1,2,1,1,1,1,3,5,6,4
SF,IF2003,2019-12-26 09:32:13.100,4020.2000,35054,-1,286789260.000,1,0,1,双平,S,4020.0000,4019.6000,4019.2000,4018.8000,4018.4000,4021.0000,4021.2000,4021.4000,4021.6000,4022.2000,2,1,1,1,5,3,1,3,5,4
SF,IF2003,2019-12-26 09:32:13.600,4020.2000,35054,0,286789260.000,0,-,-,-,-,4020.2000,4020.0000,4019.6000,4019.2000,4018.8000,4021.0000,4021.4000,4021.6000,4022.2000,4022.6000,3,2,1,1,1,4,3,5,4,4
SF,IF2003,2019-12-26 09:32:14.100,4020.2000,35054,0,286789260.000,0,-,-,-,-,4020.2000,4020.0000,4019.6000,4019.2000,4018.8000,4021.0000,4021.4000,4021.6000,4022.2000,4022.6000,2,2,1,1,1,4,3,5,4,4
SF,IF2003,2019-12-26 09:32:14.600,4020.2000,35054,0,286789260.000,0,-,-,-,-,4020.2000,4020.0000,4019.6000,4019.2000,4018.8000,4021.0000,4021.4000,4021.6000,4022.2000,4022.6000,2,3,1,1,1,4,3,5,4,4
SF,IF2003,2019-12-26 09:32:15.100,4021.0000,35052,-2,290408160.000,3,0,3,多平,S,4020.2000,4020.0000,4019.6000,4019.2000,4018.8000,4021.0000,4021.4000,4021.6000,4022.2000,4022.6000,2,3,1,1,1,1,2,4,4,4
SF,IF2003,2019-12-26 09:32:15.600,4021.0000,35052,0,290408160.000,0,-,-,-,-,4020.2000,4020.0000,4019.6000,4019.2000,4018.8000,4020.8000,4021.0000,4021.4000,4021.6000,4022.2000,2,3,1,1,1,1,1,2,4,4
SF,IF2003,2019-12-26 09:32:16.100,4021.0000,35052,0,290408160.000,0,-,-,-,-,4020.2000,4020.0000,4019.6000,4019.2000,4018.8000,4020.8000,4021.4000,4021.6000,4022.2000,4022.6000,2,3,1,1,1,1,2,4,4,4
SF,IF2003,2019-12-26 09:32:16.600,4021.0000,35052,0,290408160.000,0,-,-,-,-,4020.2000,4020.0000,4019.6000,4019.2000,4018.8000,4020.8000,4021.4000,4021.6000,4022.2000,4022.6000,1,3,1,1,1,1,2,4,4,4
SF,IF2003,2019-12-26 09:32:17.100,4021.0000,35052,0,290408160.000,0,-,-,-,-,4020.8000,4020.2000,4020.0000,4019.6000,4019.2000,4021.4000,4021.6000,4022.0000,4022.2000,4022.6000,1,1,3,1,1,1,4,1,4,4
SF,IF2003,2019-12-26 09:32:17.600,4020.8000,35052,0,291614400.000,1,0,1,多换,S,4020.8000,4020.2000,4020.0000,4019.6000,4019.2000,4021.6000,4022.0000,4022.2000,4022.6000,4023.0000,2,1,3,1,1,4,1,4,4,1
SF,IF2003,2019-12-26 09:32:18.100,4020.8000,35052,0,291614400.000,0,-,-,-,-,4021.0000,4020.8000,4020.0000,4019.6000,4019.2000,4021.4000,4021.6000,4022.0000,4022.2000,4022.6000,2,2,3,1,1,1,2,1,2,4
SF,IF2003,2019-12-26 09:32:18.600,4021.2000,35051,-1,295233600.000,3,1,2,多平,S,4021.0000,4020.8000,4020.0000,4019.6000,4019.2000,4021.6000,4022.0000,4022.6000,4022.8000,4023.0000,2,2,3,1,1,2,1,4,1,1
SF,IF2003,2019-12-26 09:32:19.100,4021.6000,35051,0,296440080.000,1,0,1,多换,S,4021.2000,4021.0000,4020.8000,4020.6000,4020.0000,4021.6000,4022.0000,4022.6000,4022.8000,4023.0000,3,2,2,1,3,1,1,2,1,1
SF,IF2003,2019-12-26 09:32:19.600,4021.6000,35050,-1,297646560.000,1,0,1,双平,S,4021.2000,4021.0000,4020.8000,4020.0000,4019.6000,4022.0000,4022.6000,4022.8000,4023.0000,4023.6000,1,1,2,3,1,1,2,1,1,2
SF,IF2003,2019-12-26 09:32:20.100,4021.2000,35050,0,298852920.000,1,0,1,多换,S,4020.8000,4020.0000,4019.6000,4019.2000,4018.8000,4021.0000,4021.8000,4022.0000,4022.6000,4022.8000,2,3,1,1,1,1,1,1,2,1
SF,IF2003,2019-12-26 09:32:20.600,4021.8000,35049,-1,301265760.000,2,0,2,多平,S,4021.0000,4020.8000,4020.0000,4019.6000,4019.2000,4021.2000,4021.6000,4022.0000,4022.6000,4022.8000,6,2,3,1,1,2,1,1,2,1
SF,IF2003,2019-12-26 09:32:21.100,4021.2000,35049,0,304884840.000,3,1,2,多换,S,4021.2000,4021.0000,4020.8000,4020.0000,4019.2000,4021.6000,4022.0000,4022.6000,4022.8000,4023.0000,2,3,2,3,1,2,1,2,1,1
SF,IF2003,2019-12-26 09:32:21.600,4021.6000,35049,0,306091320.000,1,0,1,多换,S,4021.2000,4021.0000,4020.8000,4020.0000,4019.2000,4021.6000,4022.0000,4022.6000,4022.8000,4023.0000,2,3,2,3,1,1,1,2,1,1
SF,IF2003,2019-12-26 09:32:22.100,4021.6000,35049,0,306091320.000,0,-,-,-,-,4021.2000,4021.0000,4020.8000,4020.0000,4019.2000,4022.0000,4022.6000,4023.0000,4023.6000,4024.0000,2,3,2,3,1,1,2,1,2,5
SF,IF2003,2019-12-26 09:32:22.600,4021.6000,35049,0,306091320.000,0,-,-,-,-,4021.2000,4021.0000,4020.8000,4020.0000,4019.2000,4022.0000,4022.6000,4023.0000,4023.6000,4024.0000,3,1,2,3,1,2,2,1,2,5
SF,IF2003,2019-12-26 09:32:23.100,4021.6000,35049,0,306091320.000,0,-,-,-,-,4021.2000,4021.0000,4020.8000,4020.0000,4019.2000,4021.6000,4021.8000,4022.0000,4023.0000,4023.6000,3,1,2,3,1,2,1,1,1,2
SF,IF2003,2019-12-26 09:32:23.600,4021.6000,35049,0,308504280.000,2,1,1,多换,S,4021.2000,4021.0000,4020.8000,4020.0000,4019.2000,4021.8000,4022.0000,4023.0000,4023.6000,4024.0000,3,1,2,3,1,1,1,1,2,5
SF,IF2003,2019-12-26 09:32:24.100,4021.6000,35049,0,308504280.000,0,-,-,-,-,4021.2000,4021.0000,4020.8000,4020.0000,4019.2000,4021.8000,4022.0000,4023.0000,4023.6000,4024.0000,3,1,2,3,1,1,1,1,2,5
SF,IF2003,2019-12-26 09:32:24.600,4021.6000,35049,0,308504280.000,0,-,-,-,-,4021.2000,4021.0000,4020.8000,4020.0000,4019.2000,4021.8000,4022.0000,4023.0000,4023.6000,4024.0000,3,1,2,2,1,1,1,1,2,5
SF,IF2003,2019-12-26 09:32:25.100,4021.6000,35049,0,308504280.000,0,-,-,-,-,4021.4000,4021.2000,4021.0000,4020.8000,4020.0000,4021.8000,4022.0000,4023.0000,4023.6000,4024.0000,2,3,1,2,2,1,1,2,2,5
SF,IF2003,2019-12-26 09:32:25.600,4021.8000,35049,0,309710820.000,1,0,1,多换,S,4021.4000,4021.2000,4021.0000,4020.8000,4020.0000,4022.0000,4023.0000,4023.6000,4024.0000,4024.4000,2,3,1,2,2,2,2,2,5,1
SF,IF2003,2019-12-26 09:32:26.100,4022.0000,35049,0,310917420.000,1,0,1,多换,S,4021.4000,4021.2000,4021.0000,4020.8000,4020.0000,4022.0000,4023.0000,4023.6000,4024.0000,4024.4000,2,2,1,2,2,1,2,2,5,1
SF,IF2003,2019-12-26 09:32:26.600,4022.0000,35046,-3,314537520.000,3,0,3,双平,S,4021.6000,4021.4000,4021.2000,4021.0000,4020.8000,4023.0000,4023.6000,4024.0000,4024.4000,4025.0000,1,2,2,1,2,1,2,5,1,1
SF,IF2003,2019-12-26 09:32:27.100,4021.6000,35046,0,315744000.000,1,0,1,多换,S,4021.4000,4021.2000,4021.0000,4020.8000,4020.0000,4022.8000,4023.0000,4023.6000,4024.0000,4024.4000,2,2,1,2,2,2,1,2,5,1
SF,IF2003,2019-12-26 09:32:27.600,4021.6000,35046,0,315744000.000,0,-,-,-,-,4022.8000,4021.6000,4021.4000,4021.2000,4021.0000,4023.0000,4023.6000,4024.0000,4024.4000,4025.0000,1,7,2,3,1,1,2,5,1,1
SF,IF2003,2019-12-26 09:32:28.100,4022.8000,35046,0,316950840.000,1,0,1,多换,S,4021.6000,4021.4000,4021.2000,4021.0000,4020.8000,4022.6000,4022.8000,4023.0000,4023.6000,4024.0000,1,2,3,1,2,1,3,1,2,5
SF,IF2003,2019-12-26 09:32:28.600,4022.8000,35046,0,318157680.000,1,0,1,多换,S,4021.8000,4021.4000,4021.2000,4021.0000,4020.8000,4022.4000,4022.8000,4023.0000,4023.6000,4024.0000,2,2,3,1,2,1,3,1,3,5
SF,IF2003,2019-12-26 09:32:29.100,4022.4000,35046,0,319364400.000,1,0,1,多换,S,4021.8000,4021.4000,4021.2000,4021.0000,4020.8000,4022.6000,4022.8000,4023.0000,4023.6000,4024.0000,1,2,3,1,2,1,3,1,3,5
SF,IF2003,2019-12-26 09:32:29.600,4021.8000,35047,1,320570940.000,1,1,0,双开,S,4021.4000,4021.2000,4021.0000,4020.8000,4020.0000,4021.6000,4022.6000,4022.8000,4023.0000,4023.6000,2,3,1,2,2,5,1,3,1,3
SF,IF2003,2019-12-26 09:32:30.100,4022.6000,35041,-6,327810180.000,6,0,6,双平,S,4021.8000,4021.6000,4021.4000,4021.2000,4021.0000,4022.8000,4023.0000,4023.6000,4024.0000,4024.4000,1,8,2,3,1,1,1,3,5,1
SF,IF2003,2019-12-26 09:32:30.600,4022.6000,35041,0,327810180.000,0,-,-,-,-,4022.0000,4021.8000,4021.6000,4021.4000,4021.2000,4022.8000,4023.0000,4023.6000,4024.0000,4024.4000,1,2,3,2,3,1,1,3,5,1
SF,IF2003,2019-12-26 09:32:31.100,4022.6000,35041,0,327810180.000,0,-,-,-,-,4022.2000,4021.8000,4021.6000,4021.4000,4021.2000,4022.8000,4023.0000,4023.6000,4024.0000,4024.4000,1,1,3,2,3,1,1,3,5,1
SF,IF2003,2019-12-26 09:32:31.600,4022.2000,35041,0,329016840.000,1,0,1,多换,S,4021.8000,4021.6000,4021.4000,4021.2000,4021.0000,4022.4000,4022.6000,4022.8000,4023.0000,4023.6000,1,1,2,3,1,1,4,2,1,3
SF,IF2003,2019-12-26 09:32:32.600,4022.2000,35041,0,329016840.000,0,-,-,-,-,4022.0000,4021.8000,4021.6000,4021.4000,4021.2000,4022.4000,4022.6000,4022.8000,4023.0000,4023.6000,1,1,1,2,3,1,4,2,1,3
SF,IF2003,2019-12-26 09:32:33.100,4022.2000,35040,-1,331430100.000,2,0,2,多平,S,4021.8000,4021.6000,4021.4000,4021.2000,4021.0000,4022.4000,4022.6000,4022.8000,4023.0000,4023.6000,1,1,2,3,1,1,4,2,1,3
SF,IF2003,2019-12-26 09:32:33.600,4022.2000,35039,-1,333843300.000,2,0,2,多平,S,4021.6000,4021.4000,4021.2000,4021.0000,4020.8000,4021.8000,4022.2000,4022.4000,4022.8000,4023.0000,1,2,2,1,2,1,5,1,2,1
SF,IF2003,2019-12-26 09:32:34.100,4022.0000,35039,0,335049900.000,1,0,1,多换,S,4022.0000,4021.8000,4021.6000,4021.4000,4021.2000,4022.2000,4022.4000,4022.6000,4022.8000,4023.0000,1,10,1,3,2,5,1,1,2,1
SF,IF2003,2019-12-26 09:32:34.600,4022.2000,35037,-2,337463220.000,2,0,2,双平,S,4021.8000,4021.6000,4021.4000,4021.2000,4021.0000,4022.0000,4022.2000,4022.4000,4022.6000,4022.8000,2,1,3,2,1,3,1,1,1,2
SF,IF2003,2019-12-26 09:32:35.100,4022.2000,35037,0,338669880.000,1,0,1,多换,S,4021.8000,4021.6000,4021.4000,4021.2000,4021.0000,4022.0000,4022.2000,4022.4000,4022.6000,4022.8000,2,1,3,2,1,1,1,1,1,2
SF,IF2003,2019-12-26 09:32:35.600,4022.2000,35037,0,342289800.000,3,1,2,多换,S,4022.0000,4021.8000,4021.6000,4021.4000,4021.2000,4022.4000,4022.6000,4022.8000,4023.0000,4023.6000,1,2,2,3,2,1,1,2,1,3
SF,IF2003,2019-12-26 09:32:36.100,4022.4000,35036,-1,344703120.000,2,0,2,多平,S,4021.8000,4021.6000,4021.4000,4021.2000,4021.0000,4022.6000,4022.8000,4023.0000,4023.6000,4024.0000,2,2,3,2,1,1,2,1,3,5
SF,IF2003,2019-12-26 09:32:36.600,4022.4000,35036,0,344703120.000,0,-,-,-,-,4022.0000,4021.8000,4021.6000,4021.4000,4021.2000,4022.6000,4022.8000,4023.0000,4023.6000,4024.0000,1,2,2,3,2,2,2,1,3,5
SF,IF2003,2019-12-26 09:32:37.100,4022.6000,35035,-1,347116680.000,2,0,2,多平,S,4022.2000,4022.0000,4021.8000,4021.6000,4021.4000,4022.8000,4023.0000,4023.6000,4024.0000,4024.4000,2,1,2,2,1,2,1,3,5,1
SF,IF2003,2019-12-26 09:32:37.600,4022.6000,35033,-2,349530240.000,2,0,2,双平,S,4022.6000,4022.0000,4021.8000,4021.6000,4021.4000,4022.8000,4023.0000,4023.6000,4024.0000,4024.4000,1,1,2,2,1,2,1,3,5,1
SF,IF2003,2019-12-26 09:32:38.100,4022.6000,35033,0,350737020.000,1,0,1,多换,S,4022.0000,4021.8000,4021.6000,4021.4000,4021.2000,4022.8000,4023.0000,4023.6000,4024.0000,4024.4000,2,2,2,1,2,2,1,3,5,1
SF,IF2003,2019-12-26 09:32:38.600,4022.8000,35033,0,353150700.000,2,1,1,多换,S,4022.0000,4021.8000,4021.6000,4021.4000,4021.2000,4022.6000,4022.8000,4023.0000,4023.6000,4024.0000,1,2,2,1,1,1,1,1,3,5
SF,IF2003,2019-12-26 09:32:39.100,4022.6000,35034,1,354357480.000,1,1,0,双开,S,4022.0000,4021.8000,4021.6000,4021.4000,4021.2000,4022.8000,4023.0000,4023.6000,4024.0000,4024.4000,1,3,2,1,1,1,1,3,5,1
SF,IF2003,2019-12-26 09:32:39.600,4022.6000,35034,0,354357480.000,0,-,-,-,-,4022.0000,4021.8000,4021.6000,4021.4000,4021.2000,4022.8000,4023.0000,4023.6000,4024.0000,4024.4000,1,3,2,1,1,2,1,3,5,1
SF,IF2003,2019-12-26 09:32:40.100,4022.0000,35033,-1,357977280.000,3,1,2,多平,S,4021.8000,4021.6000,4021.4000,4021.2000,4021.0000,4022.0000,4022.6000,4022.8000,4023.0000,4023.6000,1,2,1,1,1,1,1,2,1,3
SF,IF2003,2019-12-26 09:32:40.600,4021.8000,35032,-1,362803320.000,4,1,3,多平,S,4021.2000,4021.0000,4020.0000,4019.2000,4018.8000,4021.8000,4022.6000,4022.8000,4023.0000,4023.6000,1,1,1,1,1,1,1,2,1,3
SF,IF2003,2019-12-26 09:32:41.100,4021.2000,35031,-1,364009680.000,1,0,1,双平,S,4021.0000,4020.0000,4019.2000,4018.8000,4018.4000,4021.8000,4022.6000,4022.8000,4023.0000,4023.6000,1,1,1,1,4,1,1,2,1,3
SF,IF2003,2019-12-26 09:32:41.600,4021.0000,35031,0,365215980.000,1,0,1,多换,S,4020.0000,4019.2000,4018.8000,4018.4000,4018.0000,4021.8000,4022.6000,4022.8000,4023.0000,4023.6000,1,1,1,4,1,2,1,1,1,3
SF,IF2003,2019-12-26 09:32:42.100,4021.6000,35031,0,366422460.000,1,0,1,多换,S,4020.2000,4020.0000,4019.8000,4019.2000,4018.8000,4021.6000,4021.8000,4022.4000,4022.6000,4022.8000,8,1,1,1,1,1,2,1,1,1
SF,IF2003,2019-12-26 09:32:42.600,4020.2000,35030,-1,367628520.000,1,0,1,双平,S,4020.2000,4020.0000,4019.8000,4019.2000,4018.8000,4021.6000,4021.8000,4022.2000,4022.4000,4022.8000,1,1,1,1,1,2,1,1,1,1
SF,IF2003,2019-12-26 09:32:43.100,4020.2000,35030,0,367628520.000,0,-,-,-,-,4020.4000,4020.2000,4020.0000,4019.8000,4019.2000,4021.6000,4021.8000,4022.2000,4022.4000,4022.8000,10,2,2,1,1,1,1,1,1,1
SF,IF2003,2019-12-26 09:32:43.600,4020.2000,35030,0,367628520.000,0,-,-,-,-,4020.6000,4020.4000,4020.2000,4020.0000,4019.8000,4021.6000,4021.8000,4022.2000,4022.4000,4022.8000,3,8,2,2,1,1,1,1,1,1
SF,IF2003,2019-12-26 09:32:44.100,4020.2000,35030,0,367628520.000,0,-,-,-,-,4020.8000,4020.6000,4020.4000,4020.2000,4020.0000,4021.8000,4022.2000,4022.4000,4022.8000,4023.0000,1,1,3,2,2,1,1,1,1,1
SF,IF2003,2019-12-26 09:32:44.600,4020.2000,35030,0,367628520.000,0,-,-,-,-,4020.8000,4020.6000,4020.4000,4020.2000,4020.0000,4021.6000,4021.8000,4022.2000,4022.4000,4022.8000,1,1,3,2,2,1,1,1,1,1
SF,IF2003,2019-12-26 09:32:45.100,4020.2000,35030,0,367628520.000,0,-,-,-,-,4020.8000,4020.6000,4020.4000,4020.2000,4020.0000,4021.8000,4022.2000,4022.4000,4022.8000,4023.0000,1,1,3,2,2,1,1,1,1,1
SF,IF2003,2019-12-26 09:32:45.600,4021.8000,35030,0,370041540.000,2,1,1,多换,S,4021.8000,4020.8000,4020.6000,4020.4000,4020.2000,4022.2000,4022.4000,4022.8000,4023.0000,4023.6000,1,1,1,3,2,1,1,1,1,3
SF,IF2003,2019-12-26 09:32:46.100,4021.8000,35030,0,371248080.000,1,0,1,多换,S,4020.6000,4020.4000,4020.2000,4020.0000,4019.8000,4021.8000,4022.2000,4022.4000,4022.8000,4023.0000,1,2,2,2,1,5,1,1,1,1
SF,IF2003,2019-12-26 09:32:46.600,4021.8000,35030,0,371248080.000,0,-,-,-,-,4020.8000,4020.4000,4020.2000,4020.0000,4019.8000,4021.8000,4022.2000,4022.4000,4022.8000,4023.0000,6,2,2,2,1,2,1,1,1,1
SF,IF2003,2019-12-26 09:32:47.100,4022.0000,35029,-1,373660980.000,2,0,2,多平,S,4021.8000,4021.0000,4020.8000,4020.4000,4020.2000,4022.2000,4022.4000,4022.8000,4023.0000,4023.6000,1,1,3,2,2,1,1,1,1,3
SF,IF2003,2019-12-26 09:32:47.600,4021.8000,35028,-1,374867520.000,1,0,1,双平,S,4021.0000,4020.8000,4020.4000,4020.2000,4020.0000,4021.8000,4022.2000,4022.4000,4022.8000,4023.0000,1,2,2,2,2,1,1,1,1,1
SF,IF2003,2019-12-26 09:32:48.100,4021.8000,35028,0,374867520.000,0,-,-,-,-,4021.2000,4021.0000,4020.8000,4020.4000,4020.2000,4022.2000,4022.4000,4022.8000,4023.0000,4023.6000,2,2,2,2,2,1,1,1,1,3
SF,IF2003,2019-12-26 09:32:48.600,4021.8000,35028,0,374867520.000,0,-,-,-,-,4021.2000,4021.0000,4020.8000,4020.4000,4020.2000,4022.0000,4022.2000,4022.4000,4022.8000,4023.0000,1,2,2,2,2,2,1,1,1,1
SF,IF2003,2019-12-26 09:32:49.100,4022.0000,35029,1,378487260.000,3,2,1,空开,S,4021.2000,4021.0000,4020.4000,4020.2000,4020.0000,4022.2000,4022.4000,4022.8000,4023.0000,4023.6000,1,1,2,2,2,1,1,1,2,3
SF,IF2003,2019-12-26 09:32:49.600,4022.0000,35029,0,378487260.000,0,-,-,-,-,4021.0000,4020.4000,4020.2000,4020.0000,4019.8000,4022.0000,4022.2000,4022.4000,4022.8000,4023.0000,1,2,2,3,1,3,2,1,1,2
SF,IF2003,2019-12-26 09:32:50.100,4021.8000,35029,0,382106880.000,3,1,2,多换,S,4021.2000,4020.4000,4020.2000,4020.0000,4019.8000,4022.0000,4022.2000,4022.4000,4022.8000,4023.0000,1,2,2,3,1,3,2,1,1,2
SF,IF2003,2019-12-26 09:32:50.600,4021.4000,35029,0,383313300.000,1,0,1,多换,S,4021.2000,4020.4000,4020.2000,4020.0000,4019.8000,4022.0000,4022.2000,4022.4000,4022.8000,4023.0000,1,2,2,3,1,3,2,1,1,2
SF,IF2003,2019-12-26 09:32:51.600,4021.2000,35028,-1,384519660.000,1,0,1,双平,S,4020.2000,4020.0000,4019.8000,4019.2000,4018.8000,4021.8000,4022.0000,4022.2000,4022.4000,4022.8000,1,2,1,1,1,4,4,3,2,1
SF,IF2003,2019-12-26 09:32:52.100,4020.6000,35029,1,385725840.000,1,1,0,双开,S,4020.4000,4020.2000,4020.0000,4019.8000,4019.2000,4021.6000,4022.0000,4022.2000,4022.4000,4022.8000,5,1,2,1,1,3,3,2,2,1
SF,IF2003,2019-12-26 09:32:52.600,4020.6000,35029,0,385725840.000,0,-,-,-,-,4020.4000,4020.2000,4020.0000,4019.8000,4019.2000,4021.6000,4022.0000,4022.2000,4022.4000,4022.8000,4,1,2,1,1,3,3,2,2,1
SF,IF2003,2019-12-26 09:32:53.100,4020.6000,35029,0,385725840.000,0,-,-,-,-,4020.4000,4020.2000,4020.0000,4019.2000,4018.8000,4021.4000,4021.6000,4022.0000,4022.2000,4022.4000,1,1,2,1,1,1,2,3,2,2
SF,IF2003,2019-12-26 09:32:53.600,4020.6000,35029,0,385725840.000,0,-,-,-,-,4020.4000,4020.0000,4019.2000,4018.8000,4018.4000,4021.2000,4021.6000,4022.0000,4022.2000,4022.4000,1,2,1,1,4,1,1,3,2,2
SF,IF2003,2019-12-26 09:32:54.100,4020.6000,35029,0,385725840.000,0,-,-,-,-,4020.4000,4020.0000,4019.2000,4018.8000,4018.4000,4021.6000,4022.0000,4022.2000,4022.4000,4022.8000,1,2,1,1,4,1,3,2,2,1
SF,IF2003,2019-12-26 09:32:54.600,4020.6000,35029,0,385725840.000,0,-,-,-,-,4020.6000,4020.4000,4020.0000,4019.2000,4018.8000,4021.4000,4021.6000,4022.0000,4022.2000,4022.4000,1,1,2,1,1,2,1,3,2,2
SF,IF2003,2019-12-26 09:32:55.100,4020.6000,35029,0,386932020.000,1,0,1,多换,S,4020.4000,4020.0000,4019.2000,4018.8000,4018.4000,4021.2000,4021.4000,4021.6000,4022.0000,4022.2000,1,2,1,1,4,1,2,1,3,2
SF,IF2003,2019-12-26 09:32:55.600,4020.4000,35028,-1,388138140.000,1,0,1,双平,S,4020.0000,4018.8000,4018.4000,4018.0000,4017.2000,4021.4000,4021.6000,4022.0000,4022.2000,4022.4000,2,1,4,1,1,2,1,3,2,2
SF,IF2003,2019-12-26 09:32:56.100,4020.4000,35028,0,388138140.000,0,-,-,-,-,4020.2000,4020.0000,4018.8000,4018.4000,4018.0000,4021.4000,4021.6000,4022.0000,4022.2000,4022.4000,3,2,1,4,1,2,1,3,2,2
SF,IF2003,2019-12-26 09:32:56.600,4021.6000,35029,1,389344620.000,1,1,0,双开,S,4020.4000,4020.2000,4020.0000,4018.8000,4018.4000,4022.0000,4022.2000,4022.4000,4022.8000,4023.0000,3,2,2,1,4,3,2,2,1,2
SF,IF2003,2019-12-26 09:32:57.100,4021.6000,35029,0,389344620.000,0,-,-,-,-,4020.6000,4020.4000,4020.2000,4020.0000,4018.8000,4021.8000,4022.0000,4022.2000,4022.4000,4022.8000,3,1,1,2,1,2,3,2,2,1
SF,IF2003,2019-12-26 09:32:57.600,4020.8000,35028,-1,390550860.000,1,0,1,双平,S,4020.6000,4020.4000,4020.2000,4020.0000,4018.8000,4021.6000,4021.8000,4022.0000,4022.2000,4022.4000,3,1,1,2,1,1,1,3,2,2
SF,IF2003,2019-12-26 09:32:58.100,4020.8000,35028,0,390550860.000,0,-,-,-,-,4020.8000,4020.6000,4020.2000,4020.0000,4018.8000,4021.6000,4022.0000,4022.2000,4022.4000,4022.8000,2,2,1,2,1,1,3,2,2,1
SF,IF2003,2019-12-26 09:32:58.600,4020.8000,35028,0,390550860.000,0,-,-,-,-,4021.0000,4020.8000,4020.6000,4020.2000,4020.0000,4021.6000,4022.0000,4022.2000,4022.4000,4022.8000,1,1,1,1,2,1,3,2,2,1
SF,IF2003,2019-12-26 09:32:59.100,4020.8000,35028,0,390550860.000,0,-,-,-,-,4021.0000,4020.6000,4020.2000,4020.0000,4018.8000,4021.6000,4022.0000,4022.2000,4022.4000,4022.8000,1,1,1,2,1,1,3,2,2,1
SF,IF2003,2019-12-26 09:32:59.600,4020.8000,35028,0,390550860.000,0,-,-,-,-,4021.0000,4020.6000,4020.2000,4020.0000,4018.8000,4022.0000,4022.2000,4022.4000,4022.8000,4023.0000,1,1,1,2,1,3,2,2,1,2
SF,IF2003,2019-12-26 09:33:00.100,4020.8000,35028,0,390550860.000,0,-,-,-,-,4021.2000,4021.0000,4020.6000,4020.2000,4020.0000,4022.2000,4022.4000,4022.8000,4023.0000,4023.6000,1,1,1,1,2,2,2,1,2,3
SF,IF2003,2019-12-26 09:33:00.600,4022.0000,35028,0,391757460.000,1,0,1,多换,S,4021.2000,4020.6000,4020.0000,4018.8000,4018.4000,4022.2000,4022.4000,4022.8000,4023.0000,4023.6000,1,1,2,1,4,2,2,1,2,3
SF,IF2003,2019-12-26 09:33:01.100,4022.0000,35028,0,391757460.000,0,-,-,-,-,4021.4000,4021.2000,4020.6000,4020.0000,4018.8000,4022.2000,4022.4000,4022.8000,4023.0000,4023.6000,1,1,1,2,1,2,2,1,2,3
SF,IF2003,2019-12-26 09:33:01.600,4022.2000,35027,-1,392964120.000,1,0,1,双平,S,4021.4000,4020.6000,4020.0000,4018.8000,4018.4000,4022.2000,4022.4000,4022.8000,4023.0000,4023.6000,2,1,2,1,4,1,2,1,2,3
SF,IF2003,2019-12-26 09:33:02.100,4022.2000,35026,-1,394170780.000,1,0,1,双平,S,4021.8000,4021.6000,4021.4000,4020.6000,4020.0000,4022.4000,4022.8000,4023.0000,4023.6000,4024.0000,1,1,2,1,2,1,1,2,3,5
SF,IF2003,2019-12-26 09:33:02.600,4021.8000,35026,0,395377320.000,1,0,1,多换,S,4022.0000,4021.6000,4021.4000,4020.0000,4018.8000,4022.4000,4022.8000,4023.0000,4023.6000,4024.0000,5,1,1,2,1,1,1,2,3,5
SF,IF2003,2019-12-26 09:33:03.100,4022.4000,35025,-1,397790640.000,2,0,2,多平,S,4022.0000,4021.6000,4021.4000,4020.0000,4018.8000,4022.8000,4023.0000,4023.6000,4024.0000,4024.6000,4,1,1,2,1,1,2,3,5,1
SF,IF2003,2019-12-26 09:33:03.600,4022.4000,35025,0,397790640.000,0,-,-,-,-,4022.2000,4022.0000,4021.6000,4020.0000,4018.8000,4022.6000,4022.8000,4023.0000,4023.6000,4024.0000,1,4,1,2,1,1,1,2,3,5
SF,IF2003,2019-12-26 09:33:04.100,4022.0000,35024,-1,400203900.000,2,0,2,多平,S,4022.0000,4021.6000,4020.0000,4018.8000,4018.4000,4022.4000,4022.8000,4023.0000,4023.6000,4024.0000,3,1,2,1,4,1,1,2,3,5
SF,IF2003,2019-12-26 09:33:04.600,4022.0000,35024,0,400203900.000,0,-,-,-,-,4022.0000,4021.0000,4020.0000,4018.8000,4018.4000,4022.8000,4023.0000,4023.6000,4024.0000,4024.6000,3,2,2,1,4,1,2,3,5,1
SF,IF2003,2019-12-26 09:33:05.100,4022.0000,35024,0,403823700.000,3,1,2,多换,S,4021.0000,4020.0000,4018.8000,4018.4000,4018.0000,4021.6000,4022.6000,4022.8000,4023.0000,4023.6000,2,2,1,4,1,1,7,5,2,3
SF,IF2003,2019-12-26 09:33:05.600,4021.0000,35024,0,405030000.000,1,0,1,多换,S,4021.0000,4020.0000,4018.8000,4018.4000,4018.0000,4021.6000,4022.6000,4022.8000,4023.0000,4023.6000,1,2,1,4,1,1,7,5,2,3
SF,IF2003,2019-12-26 09:33:06.100,4021.0000,35024,0,406236300.000,1,0,1,多换,S,4020.0000,4018.8000,4018.4000,4018.0000,4017.2000,4021.2000,4021.4000,4021.6000,4022.6000,4022.8000,2,1,4,1,1,1,4,1,6,5
SF,IF2003,2019-12-26 09:33:06.600,4021.0000,35024,0,406236300.000,0,-,-,-,-,4020.2000,4020.0000,4019.8000,4018.8000,4018.4000,4021.0000,4022.6000,4022.8000,4023.0000,4023.6000,10,2,1,1,4,2,6,5,2,3
SF,IF2003,2019-12-26 09:33:07.100,4021.0000,35024,0,406236300.000,0,-,-,-,-,4020.2000,4020.0000,4019.8000,4018.8000,4018.4000,4020.8000,4021.0000,4022.0000,4022.6000,4022.8000,1,2,1,1,4,1,1,1,6,4
SF,IF2003,2019-12-26 09:33:07.600,4021.0000,35024,0,406236300.000,0,-,-,-,-,4020.0000,4018.8000,4018.4000,4018.0000,4017.2000,4020.6000,4020.8000,4022.0000,4022.6000,4022.8000,2,1,4,1,1,1,1,1,6,4
SF,IF2003,2019-12-26 09:33:08.100,4021.0000,35024,0,406236300.000,0,-,-,-,-,4020.0000,4018.8000,4018.4000,4018.0000,4017.2000,4020.2000,4020.4000,4020.6000,4020.8000,4022.0000,2,1,4,1,1,1,1,1,1,1
SF,IF2003,2019-12-26 09:33:08.600,4020.6000,35023,-1,409854660.000,3,1,2,多平,S,4020.6000,4020.4000,4020.2000,4020.0000,4018.8000,4020.8000,4022.0000,4022.6000,4022.8000,4023.0000,1,1,3,2,1,1,1,6,4,2
SF,IF2003,2019-12-26 09:33:09.100,4020.4000,35022,-1,412267020.000,2,0,2,多平,S,4020.2000,4020.0000,4018.8000,4018.4000,4018.0000,4022.0000,4022.6000,4022.8000,4023.0000,4023.6000,1,2,1,4,1,1,6,4,2,3
SF,IF2003,2019-12-26 09:33:09.600,4021.4000,35017,-5,419504940.000,6,0,6,多平,S,4020.4000,4020.2000,4020.0000,4018.8000,4018.4000,4021.4000,4021.6000,4021.8000,4022.0000,4022.6000,3,1,2,1,4,2,1,11,3,5
SF,IF2003,2019-12-26 09:33:10.100,4021.4000,35017,0,419504940.000,0,-,-,-,-,4020.6000,4020.2000,4020.0000,4018.8000,4018.4000,4021.2000,4021.4000,4021.8000,4022.0000,4022.6000,1,1,2,1,4,4,2,6,3,5
SF,IF2003,2019-12-26 09:33:10.600,4021.4000,35017,0,419504940.000,0,-,-,-,-,4020.6000,4020.2000,4020.0000,4018.8000,4018.4000,4021.4000,4021.8000,4022.0000,4022.6000,4022.8000,1,1,2,1,4,1,5,3,5,3
SF,IF2003,2019-12-26 09:33:12.100,4021.4000,35017,0,419504940.000,0,-,-,-,-,4020.6000,4020.2000,4020.0000,4018.8000,4018.4000,4021.4000,4021.8000,4022.0000,4022.6000,4022.8000,1,1,2,1,4,1,3,3,5,3
SF,IF2003,2019-12-26 09:33:12.600,4021.4000,35017,0,420711360.000,1,0,1,多换,S,4020.6000,4020.2000,4020.0000,4018.8000,4018.4000,4021.8000,4022.0000,4022.6000,4022.8000,4023.0000,1,1,2,1,4,3,3,5,3,2
SF,IF2003,2019-12-26 09:33:13.100,4020.8000,35017,0,421917600.000,1,0,1,多换,S,4020.6000,4020.2000,4020.0000,4018.8000,4018.4000,4021.6000,4021.8000,4022.0000,4022.6000,4022.8000,1,1,2,1,4,4,3,3,5,3
SF,IF2003,2019-12-26 09:33:13.600,4020.8000,35017,0,421917600.000,0,-,-,-,-,4020.6000,4020.2000,4020.0000,4018.8000,4018.4000,4021.4000,4021.6000,4021.8000,4022.0000,4022.6000,1,1,2,1,4,3,1,3,3,5
SF,IF2003,2019-12-26 09:33:14.100,4020.8000,35017,0,421917600.000,0,-,-,-,-,4020.2000,4020.0000,4018.8000,4018.4000,4018.0000,4021.4000,4021.6000,4021.8000,4022.0000,4022.6000,1,2,1,4,1,3,1,3,3,5
SF,IF2003,2019-12-26 09:33:14.600,4020.8000,35017,0,421917600.000,0,-,-,-,-,4020.2000,4020.0000,4018.8000,4018.4000,4018.0000,4020.6000,4021.2000,4021.8000,4022.0000,4022.6000,2,7,1,4,1,1,6,3,3,5
SF,IF2003,2019-12-26 09:33:15.100,4020.6000,35017,0,423123780.000,1,0,1,多换,S,4020.6000,4020.4000,4020.2000,4020.0000,4018.8000,4020.8000,4021.2000,4021.8000,4022.0000,4022.6000,4,1,2,7,1,1,2,2,3,5
SF,IF2003,2019-12-26 09:33:15.600,4020.6000,35017,0,423123780.000,0,-,-,-,-,4020.2000,4020.0000,4018.8000,4018.4000,4018.0000,4020.8000,4021.2000,4021.8000,4022.0000,4022.6000,2,7,1,4,1,1,2,2,3,5
SF,IF2003,2019-12-26 09:33:16.100,4020.6000,35017,0,423123780.000,0,-,-,-,-,4020.4000,4020.2000,4020.0000,4018.8000,4018.4000,4020.8000,4021.2000,4021.8000,4022.0000,4022.6000,2,2,7,1,4,1,2,2,3,5
SF,IF2003,2019-12-26 09:33:16.600,4020.6000,35017,0,423123780.000,0,-,-,-,-,4020.2000,4020.0000,4018.8000,4018.4000,4018.0000,4020.8000,4021.2000,4021.8000,4022.0000,4022.6000,2,7,1,4,1,2,2,2,3,6
SF,IF2003,2019-12-26 09:33:17.100,4020.6000,35017,0,423123780.000,0,-,-,-,-,4020.2000,4020.0000,4018.8000,4018.4000,4018.0000,4020.8000,4021.2000,4021.8000,4022.0000,4022.6000,2,7,1,4,1,2,2,2,3,6
SF,IF2003,2019-12-26 09:33:17.600,4020.6000,35017,0,423123780.000,0,-,-,-,-,4020.2000,4020.0000,4018.8000,4018.4000,4018.0000,4020.8000,4021.2000,4021.8000,4022.0000,4022.6000,1,7,1,4,1,2,2,2,3,6
SF,IF2003,2019-12-26 09:33:18.100,4020.2000,35016,-1,424329840.000,1,0,1,双平,S,4020.0000,4018.8000,4018.4000,4018.0000,4017.6000,4020.8000,4021.2000,4021.8000,4022.0000,4022.6000,7,1,4,1,1,2,2,2,3,6
SF,IF2003,2019-12-26 09:33:18.600,4020.2000,35016,0,424329840.000,0,-,-,-,-,4020.0000,4018.8000,4018.4000,4018.0000,4017.6000,4020.8000,4021.2000,4021.8000,4022.0000,4022.6000,7,1,4,1,1,2,2,2,3,6
SF,IF2003,2019-12-26 09:33:19.100,4020.2000,35016,0,424329840.000,0,-,-,-,-,4020.2000,4020.0000,4018.8000,4018.4000,4018.0000,4020.8000,4021.2000,4021.8000,4022.0000,4022.6000,1,7,1,4,1,2,2,2,3,6
SF,IF2003,2019-12-26 09:33:19.600,4020.2000,35016,0,424329840.000,0,-,-,-,-,4020.4000,4020.2000,4020.0000,4018.8000,4018.4000,4020.8000,4021.2000,4021.8000,4022.0000,4022.6000,1,1,7,1,4,2,2,2,3,6
SF,IF2003,2019-12-26 09:33:21.100,4020.8000,35018,2,426742320.000,2,2,0,双开,S,4020.8000,4020.4000,4020.2000,4020.0000,4018.8000,4021.2000,4021.8000,4022.0000,4022.6000,4022.8000,3,1,1,7,1,2,2,3,6,3
SF,IF2003,2019-12-26 09:33:22.100,4020.8000,35018,0,426742320.000,0,-,-,-,-,4020.8000,4020.4000,4020.2000,4020.0000,4018.8000,4021.8000,4022.0000,4022.6000,4022.8000,4023.0000,3,1,1,7,1,2,3,6,3,2
SF,IF2003,2019-12-26 09:33:22.600,4021.0000,35018,0,427948620.000,1,0,1,多换,S,4021.0000,4020.8000,4020.4000,4020.0000,4018.8000,4021.6000,4021.8000,4022.0000,4022.6000,4022.8000,1,3,1,7,1,3,2,3,6,3
SF,IF2003,2019-12-26 09:33:23.100,4021.0000,35018,0,427948620.000,0,-,-,-,-,4021.0000,4020.8000,4020.4000,4020.0000,4018.8000,4021.4000,4021.6000,4021.8000,4022.0000,4022.6000,1,3,1,7,1,2,1,2,3,6
SF,IF2003,2019-12-26 09:33:23.600,4021.8000,35018,0,431568000.000,3,1,2,多换,S,4021.4000,4021.0000,4020.8000,4020.4000,4020.0000,4021.6000,4021.8000,4022.0000,4022.6000,4022.8000,1,1,3,1,7,1,1,3,6,3
SF,IF2003,2019-12-26 09:33:24.100,4022.0000,35015,-3,437600820.000,5,1,4,多平,S,4021.8000,4021.0000,4020.8000,4020.4000,4020.0000,4022.6000,4022.8000,4023.0000,4023.6000,4024.0000,4,1,3,1,7,4,3,2,3,5
SF,IF2003,2019-12-26 09:33:24.600,4022.4000,35015,0,438807540.000,1,0,1,多换,S,4022.0000,4020.8000,4020.4000,4020.0000,4018.8000,4022.4000,4022.6000,4022.8000,4023.0000,4023.6000,1,3,1,7,1,2,2,3,2,3
SF,IF2003,2019-12-26 09:33:25.100,4022.4000,35014,-1,440014260.000,1,0,1,双平,S,4022.0000,4020.8000,4020.4000,4020.0000,4018.8000,4022.6000,4022.8000,4023.0000,4023.6000,4024.0000,1,3,1,7,1,2,1,2,3,5
SF,IF2003,2019-12-26 09:33:25.600,4022.6000,35014,0,441221040.000,1,0,1,多换,S,4022.2000,4022.0000,4020.8000,4020.4000,4020.0000,4022.8000,4023.0000,4023.6000,4024.0000,4024.6000,3,2,3,1,7,1,2,3,5,1
SF,IF2003,2019-12-26 09:33:26.100,4022.6000,35014,0,441221040.000,0,-,-,-,-,4022.2000,4022.0000,4020.8000,4020.4000,4020.0000,4022.8000,4023.0000,4023.6000,4024.0000,4024.6000,3,2,3,1,7,1,2,3,5,1
SF,IF2003,2019-12-26 09:33:26.600,4022.6000,35014,0,441221040.000,0,-,-,-,-,4022.4000,4022.2000,4022.0000,4020.8000,4020.0000,4022.8000,4023.0000,4023.6000,4024.0000,4024.6000,1,2,2,3,7,1,2,3,5,1
SF,IF2003,2019-12-26 09:33:27.100,4022.4000,35013,-1,442427760.000,1,0,1,双平,S,4022.2000,4022.0000,4020.8000,4020.0000,4018.8000,4022.8000,4023.0000,4023.6000,4024.0000,4024.6000,1,2,3,2,1,1,2,3,5,1
SF,IF2003,2019-12-26 09:33:27.600,4022.8000,35013,0,444841260.000,2,1,1,多换,S,4022.8000,4022.0000,4020.8000,4020.0000,4018.8000,4023.0000,4023.6000,4024.0000,4024.6000,4024.8000,1,1,3,2,1,2,3,5,1,3
SF,IF2003,2019-12-26 09:33:28.100,4022.8000,35012,-1,447254940.000,2,0,2,多平,S,4022.0000,4020.8000,4020.0000,4018.8000,4018.4000,4022.8000,4023.0000,4023.6000,4024.0000,4024.6000,1,3,2,1,2,5,2,3,5,1
SF,IF2003,2019-12-26 09:33:28.600,4022.8000,35012,0,447254940.000,0,-,-,-,-,4022.2000,4022.0000,4020.4000,4020.0000,4018.8000,4022.6000,4022.8000,4023.0000,4023.6000,4023.8000,1,1,5,2,1,2,5,2,3,1
SF,IF2003,2019-12-26 09:33:29.100,4022.8000,35012,0,447254940.000,0,-,-,-,-,4022.2000,4022.0000,4020.4000,4020.0000,4018.8000,4022.6000,4022.8000,4023.0000,4023.6000,4023.8000,1,1,5,2,1,2,5,2,3,1
SF,IF2003,2019-12-26 09:33:29.600,4022.8000,35012,0,447254940.000,0,-,-,-,-,4022.2000,4022.0000,4020.4000,4020.0000,4018.8000,4022.6000,4022.8000,4023.0000,4023.6000,4023.8000,1,1,5,2,1,2,7,2,3,1
SF,IF2003,2019-12-26 09:33:30.100,4022.8000,35012,0,447254940.000,0,-,-,-,-,4022.4000,4022.2000,4022.0000,4020.4000,4020.0000,4022.6000,4022.8000,4023.0000,4023.6000,4023.8000,1,1,1,5,2,2,7,2,3,1
SF,IF2003,2019-12-26 09:33:30.600,4022.8000,35012,0,447254940.000,0,-,-,-,-,4022.2000,4022.0000,4020.4000,4020.0000,4018.8000,4022.4000,4022.6000,4022.8000,4023.0000,4023.6000,1,1,5,2,1,4,2,3,2,3
SF,IF2003,2019-12-26 09:33:31.100,4022.4000,35009,-3,452081820.000,4,0,4,多平,S,4022.4000,4022.2000,4022.0000,4021.8000,4020.4000,4022.6000,4022.8000,4023.0000,4023.6000,4023.8000,2,1,1,1,5,2,3,2,3,1
SF,IF2003,2019-12-26 09:33:31.600,4022.4000,35007,-2,455702100.000,3,0,3,多平,S,4022.4000,4022.2000,4022.0000,4021.8000,4020.4000,4022.8000,4023.0000,4023.6000,4023.8000,4024.0000,1,1,1,1,5,3,2,3,1,5
SF,IF2003,2019-12-26 09:33:32.100,4022.8000,35006,-1,458115780.000,2,0,2,多平,S,4022.4000,4022.2000,4022.0000,4021.8000,4020.4000,4022.8000,4023.0000,4023.6000,4023.8000,4024.0000,1,1,1,1,5,1,2,3,1,5
SF,IF2003,2019-12-26 09:33:32.600,4022.8000,35007,1,459322620.000,1,1,0,双开,S,4022.4000,4022.2000,4021.8000,4020.4000,4020.0000,4023.0000,4023.6000,4023.8000,4024.0000,4024.6000,1,1,1,5,2,2,3,1,5,1
SF,IF2003,2019-12-26 09:33:33.100,4022.8000,35007,0,459322620.000,0,-,-,-,-,4022.4000,4022.2000,4021.8000,4020.4000,4020.0000,4023.0000,4023.6000,4023.8000,4024.0000,4024.6000,1,1,1,5,2,3,3,1,5,1
SF,IF2003,2019-12-26 09:33:33.600,4023.0000,35005,-2,462943320.000,3,0,3,多平,S,4022.6000,4022.4000,4022.2000,4021.8000,4020.4000,4023.6000,4023.8000,4024.0000,4024.6000,4024.8000,1,1,1,1,5,3,1,5,1,3
SF,IF2003,2019-12-26 09:33:34.100,4023.0000,35005,0,462943320.000,0,-,-,-,-,4022.8000,4022.6000,4022.4000,4022.2000,4021.8000,4023.6000,4023.8000,4024.0000,4024.6000,4024.8000,4,2,1,1,1,3,1,5,1,3
SF,IF2003,2019-12-26 09:33:34.600,4023.0000,35005,0,462943320.000,0,-,-,-,-,4023.0000,4022.8000,4022.6000,4022.4000,4022.2000,4023.6000,4023.8000,4024.0000,4024.6000,4024.8000,1,3,1,1,1,3,1,5,1,3
SF,IF2003,2019-12-26 09:33:35.100,4023.0000,35005,0,462943320.000,0,-,-,-,-,4023.0000,4022.8000,4022.6000,4022.4000,4022.2000,4023.6000,4023.8000,4024.0000,4024.6000,4024.8000,1,3,1,1,1,3,1,5,1,3
SF,IF2003,2019-12-26 09:33:35.600,4023.0000,35004,-1,464150220.000,1,0,1,双平,S,4022.4000,4022.2000,4021.8000,4020.4000,4020.0000,4023.0000,4023.6000,4023.8000,4024.0000,4024.6000,1,1,1,5,2,2,3,1,5,1
SF,IF2003,2019-12-26 09:33:36.100,4023.0000,35004,0,464150220.000,0,-,-,-,-,4022.4000,4022.2000,4021.8000,4021.2000,4020.4000,4023.0000,4023.6000,4023.8000,4024.0000,4024.6000,1,1,1,1,5,2,3,1,5,1
SF,IF2003,2019-12-26 09:33:36.600,4023.0000,35004,0,465357120.000,1,0,1,多换,S,4022.4000,4022.2000,4021.8000,4021.2000,4020.4000,4023.0000,4023.6000,4023.8000,4024.0000,4024.6000,1,1,1,1,5,2,3,1,5,1
SF,IF2003,2019-12-26 09:33:37.600,4023.0000,35004,0,465357120.000,0,-,-,-,-,4022.2000,4021.8000,4021.2000,4020.4000,4020.0000,4023.6000,4023.8000,4024.0000,4024.6000,4024.8000,1,1,1,5,2,3,1,5,1,3
SF,IF2003,2019-12-26 09:33:38.100,4023.0000,35004,0,465357120.000,0,-,-,-,-,4022.2000,4021.8000,4021.2000,4020.4000,4020.0000,4023.4000,4023.6000,4023.8000,4024.0000,4024.6000,2,1,1,5,2,3,3,1,5,1
SF,IF2003,2019-12-26 09:33:38.600,4023.0000,35004,0,465357120.000,0,-,-,-,-,4022.2000,4022.0000,4021.8000,4021.2000,4020.4000,4023.2000,4023.4000,4023.6000,4023.8000,4024.0000,2,1,1,1,5,1,2,3,1,5
SF,IF2003,2019-12-26 09:33:39.100,4023.0000,35004,0,465357120.000,0,-,-,-,-,4022.4000,4022.2000,4022.0000,4021.8000,4021.2000,4023.4000,4023.6000,4023.8000,4024.0000,4024.6000,2,1,1,1,1,1,3,1,5,1
SF,IF2003,2019-12-26 09:33:39.600,4023.0000,35004,0,465357120.000,0,-,-,-,-,4022.4000,4022.2000,4022.0000,4021.8000,4021.2000,4023.6000,4023.8000,4024.0000,4024.6000,4024.8000,1,1,1,1,1,3,1,5,1,3
SF,IF2003,2019-12-26 09:33:40.100,4023.0000,35004,0,465357120.000,0,-,-,-,-,4022.4000,4022.2000,4022.0000,4021.8000,4021.2000,4023.6000,4023.8000,4024.0000,4024.6000,4024.8000,2,1,1,1,1,3,1,5,1,3
SF,IF2003,2019-12-26 09:33:40.600,4023.0000,35004,0,465357120.000,0,-,-,-,-,4022.6000,4022.4000,4022.2000,4022.0000,4021.8000,4023.6000,4023.8000,4024.0000,4024.6000,4024.8000,2,2,1,1,1,3,1,5,1,3
SF,IF2003,2019-12-26 09:33:41.100,4023.0000,35004,0,465357120.000,0,-,-,-,-,4022.6000,4022.4000,4022.2000,4022.0000,4021.8000,4023.6000,4023.8000,4024.0000,4024.6000,4024.8000,1,2,1,1,1,3,1,5,1,3
SF,IF2003,2019-12-26 09:33:41.600,4023.0000,35004,0,465357120.000,0,-,-,-,-,4022.8000,4022.6000,4022.4000,4022.2000,4022.0000,4023.6000,4023.8000,4024.0000,4024.6000,4024.8000,1,1,2,1,1,3,1,5,1,3
SF,IF2003,2019-12-26 09:33:42.100,4023.0000,35004,0,465357120.000,0,-,-,-,-,4022.4000,4022.2000,4022.0000,4021.8000,4021.2000,4023.6000,4023.8000,4024.0000,4024.6000,4024.8000,2,1,1,1,1,3,1,5,1,3
SF,IF2003,2019-12-26 09:33:42.600,4023.0000,35004,0,465357120.000,0,-,-,-,-,4022.6000,4022.4000,4022.2000,4022.0000,4021.8000,4023.6000,4023.8000,4024.0000,4024.6000,4024.8000,1,1,1,1,1,3,1,5,1,3
SF,IF2003,2019-12-26 09:33:43.100,4023.0000,35004,0,465357120.000,0,-,-,-,-,4022.6000,4022.4000,4022.2000,4022.0000,4021.8000,4023.0000,4023.6000,4023.8000,4024.0000,4024.6000,1,1,1,1,1,2,3,1,5,1
SF,IF2003,2019-12-26 09:33:43.600,4023.0000,35004,0,465357120.000,0,-,-,-,-,4022.6000,4022.4000,4022.2000,4022.0000,4021.8000,4023.0000,4023.6000,4023.8000,4024.0000,4024.6000,1,2,1,1,1,2,3,1,5,1
SF,IF2003,2019-12-26 09:33:44.600,4023.0000,35004,0,467770920.000,2,1,1,多换,S,4022.6000,4022.4000,4022.2000,4022.0000,4021.8000,4023.6000,4023.8000,4024.0000,4024.6000,4024.8000,1,2,1,1,1,3,1,5,1,3
SF,IF2003,2019-12-26 09:33:45.100,4023.0000,35004,0,467770920.000,0,-,-,-,-,4022.6000,4022.4000,4022.2000,4022.0000,4021.8000,4023.6000,4023.8000,4024.0000,4024.6000,4024.8000,1,2,1,1,1,3,1,5,1,3
SF,IF2003,2019-12-26 09:33:45.600,4023.0000,35004,0,467770920.000,0,-,-,-,-,4022.4000,4022.2000,4022.0000,4021.2000,4020.4000,4023.4000,4023.6000,4023.8000,4024.0000,4024.6000,1,1,1,1,5,4,3,1,5,1
SF,IF2003,2019-12-26 09:33:46.100,4022.4000,35003,-1,470184600.000,2,0,2,多平,S,4022.2000,4022.0000,4021.2000,4020.4000,4020.0000,4023.4000,4023.6000,4023.8000,4024.0000,4024.6000,1,1,1,5,2,2,3,1,5,1
SF,IF2003,2019-12-26 09:33:46.600,4022.4000,35003,0,470184600.000,0,-,-,-,-,4022.2000,4022.0000,4021.2000,4020.4000,4020.0000,4023.4000,4023.6000,4023.8000,4024.0000,4024.6000,1,1,1,5,2,1,3,1,5,1
SF,IF2003,2019-12-26 09:33:48.600,4022.4000,35003,0,470184600.000,0,-,-,-,-,4022.2000,4022.0000,4021.2000,4020.4000,4020.0000,4023.4000,4023.6000,4023.8000,4024.0000,4024.6000,1,1,1,5,2,1,3,1,5,1
SF,IF2003,2019-12-26 09:33:49.100,4022.4000,35003,0,470184600.000,0,-,-,-,-,4022.2000,4022.0000,4021.2000,4020.4000,4020.0000,4023.4000,4023.6000,4023.8000,4024.0000,4024.6000,1,1,1,5,2,1,5,1,5,1
SF,IF2003,2019-12-26 09:33:49.600,4022.4000,35003,0,470184600.000,0,-,-,-,-,4022.4000,4022.2000,4022.0000,4021.8000,4021.2000,4023.4000,4023.6000,4023.8000,4024.0000,4024.6000,4,1,1,1,1,2,5,1,5,1
SF,IF2003,2019-12-26 09:33:50.100,4022.4000,35002,-1,471391320.000,1,0,1,双平,S,4022.4000,4022.2000,4022.0000,4021.8000,4021.2000,4023.4000,4023.6000,4023.8000,4024.0000,4024.6000,2,1,1,1,1,2,5,1,5,1
SF,IF2003,2019-12-26 09:33:50.600,4022.4000,35002,0,472598040.000,1,0,1,多换,S,4022.2000,4022.0000,4021.8000,4021.2000,4020.4000,4023.2000,4023.4000,4023.6000,4023.8000,4024.0000,1,1,1,1,5,1,2,5,1,5
SF,IF2003,2019-12-26 09:33:51.100,4022.4000,35002,0,472598040.000,0,-,-,-,-,4022.2000,4022.0000,4021.8000,4021.2000,4020.4000,4023.2000,4023.4000,4023.6000,4023.8000,4024.0000,1,1,1,1,5,1,2,5,1,5
SF,IF2003,2019-12-26 09:33:51.600,4022.4000,35002,0,472598040.000,0,-,-,-,-,4022.4000,4022.2000,4022.0000,4021.8000,4021.2000,4023.2000,4023.4000,4023.6000,4023.8000,4024.0000,1,1,1,1,1,1,2,5,1,5
SF,IF2003,2019-12-26 09:33:52.100,4022.4000,35002,0,472598040.000,0,-,-,-,-,4022.4000,4022.2000,4022.0000,4021.8000,4021.2000,4023.2000,4023.4000,4023.6000,4023.8000,4024.0000,1,1,1,1,1,1,2,5,1,5
SF,IF2003,2019-12-26 09:33:52.600,4022.4000,35002,0,472598040.000,0,-,-,-,-,4022.4000,4022.2000,4022.0000,4021.8000,4021.2000,4023.4000,4023.6000,4023.8000,4024.0000,4024.6000,1,1,1,1,1,2,5,1,5,1
SF,IF2003,2019-12-26 09:33:53.100,4022.4000,35002,0,472598040.000,0,-,-,-,-,4022.2000,4022.0000,4021.8000,4021.2000,4020.4000,4023.4000,4023.6000,4023.8000,4024.0000,4024.6000,1,1,1,1,5,2,5,1,5,1
SF,IF2003,2019-12-26 09:33:53.600,4022.4000,35002,0,472598040.000,0,-,-,-,-,4022.4000,4022.2000,4022.0000,4021.8000,4021.2000,4023.2000,4023.4000,4023.6000,4023.8000,4024.0000,2,1,1,1,1,1,2,5,1,5
SF,IF2003,2019-12-26 09:33:54.100,4022.4000,35002,0,472598040.000,0,-,-,-,-,4022.4000,4022.2000,4022.0000,4021.8000,4021.2000,4023.2000,4023.4000,4023.6000,4023.8000,4024.0000,2,1,1,1,1,1,2,5,1,5
SF,IF2003,2019-12-26 09:33:54.600,4022.4000,35002,0,472598040.000,0,-,-,-,-,4022.6000,4022.4000,4022.2000,4022.0000,4021.8000,4023.0000,4023.4000,4023.6000,4023.8000,4024.0000,8,3,1,1,1,1,2,5,1,5
SF,IF2003,2019-12-26 09:33:55.100,4023.0000,35002,0,473804940.000,1,0,1,多换,S,4022.6000,4022.4000,4022.2000,4022.0000,4021.8000,4023.4000,4023.6000,4023.8000,4024.0000,4024.6000,4,1,1,1,1,2,5,1,5,1
SF,IF2003,2019-12-26 09:33:55.600,4023.2000,35001,-1,475011900.000,1,0,1,双平,S,4022.6000,4022.4000,4022.2000,4022.0000,4021.8000,4023.2000,4023.4000,4023.6000,4023.8000,4024.0000,2,1,1,1,1,1,2,5,1,5
SF,IF2003,2019-12-26 09:33:56.100,4023.2000,35001,0,475011900.000,0,-,-,-,-,4022.6000,4022.4000,4022.2000,4022.0000,4021.8000,4023.2000,4023.4000,4023.6000,4023.8000,4024.0000,3,1,1,1,1,1,2,5,1,5
SF,IF2003,2019-12-26 09:33:57.100,4023.2000,35001,0,475011900.000,0,-,-,-,-,4022.6000,4022.4000,4022.2000,4022.0000,4021.8000,4023.2000,4023.4000,4023.6000,4023.8000,4024.0000,2,1,1,1,1,1,2,5,1,5
SF,IF2003,2019-12-26 09:33:57.600,4022.6000,34999,-2,477425460.000,2,0,2,双平,S,4022.4000,4022.2000,4022.0000,4021.8000,4021.2000,4023.2000,4023.4000,4023.6000,4023.8000,4024.0000,1,1,1,1,1,1,2,5,1,5
SF,IF2003,2019-12-26 09:33:58.100,4022.6000,34999,0,477425460.000,0,-,-,-,-,4022.0000,4021.2000,4020.4000,4020.0000,4018.4000,4023.2000,4023.4000,4023.6000,4023.8000,4024.0000,1,1,5,2,2,2,2,5,1,5
SF,IF2003,2019-12-26 09:33:58.600,4022.6000,34999,0,477425460.000,0,-,-,-,-,4022.0000,4021.2000,4020.4000,4020.0000,4018.4000,4023.2000,4023.4000,4023.6000,4023.8000,4024.0000,1,1,5,2,2,2,2,5,1,5
SF,IF2003,2019-12-26 09:33:59.100,4023.0000,34997,-2,479839260.000,2,0,2,双平,S,4022.0000,4021.2000,4020.4000,4020.0000,4018.4000,4023.0000,4023.2000,4023.4000,4023.6000,4023.8000,1,1,5,2,2,1,2,2,5,1
SF,IF2003,2019-12-26 09:33:59.600,4023.0000,34997,0,479839260.000,0,-,-,-,-,4022.0000,4020.4000,4020.0000,4018.4000,4018.0000,4022.8000,4023.2000,4023.4000,4023.6000,4023.8000,1,5,2,2,6,1,2,2,5,1
SF,IF2003,2019-12-26 09:34:00.600,4022.0000,34996,-1,481045860.000,1,0,1,双平,S,4020.4000,4020.0000,4018.4000,4018.0000,4017.6000,4022.0000,4022.6000,4022.8000,4023.2000,4023.4000,5,2,2,6,1,1,1,1,2,2
SF,IF2003,2019-12-26 09:34:01.100,4022.0000,34996,0,481045860.000,0,-,-,-,-,4021.4000,4020.8000,4020.6000,4020.4000,4020.0000,4022.0000,4022.6000,4022.8000,4023.4000,4023.6000,4,3,14,6,2,1,1,1,2,5
SF,IF2003,2019-12-26 09:34:01.600,4022.0000,34996,0,481045860.000,0,-,-,-,-,4021.4000,4020.8000,4020.6000,4020.4000,4020.0000,4022.0000,4022.6000,4022.8000,4023.4000,4023.6000,4,4,10,6,2,1,1,1,2,5
SF,IF2003,2019-12-26 09:34:02.100,4022.0000,34996,0,481045860.000,0,-,-,-,-,4020.8000,4020.6000,4020.4000,4020.0000,4018.4000,4022.0000,4022.6000,4022.8000,4023.4000,4023.6000,2,10,5,2,1,1,1,1,2,5
SF,IF2003,2019-12-26 09:34:02.600,4022.0000,34996,0,481045860.000,0,-,-,-,-,4021.0000,4020.8000,4020.6000,4020.4000,4020.0000,4021.8000,4022.0000,4022.6000,4022.8000,4023.2000,12,2,10,5,2,1,1,1,1,1
SF,IF2003,2019-12-26 09:34:03.100,4022.0000,34996,0,481045860.000,0,-,-,-,-,4021.0000,4020.8000,4020.6000,4020.4000,4020.0000,4021.4000,4021.8000,4022.6000,4023.2000,4023.4000,8,2,10,5,2,1,2,1,1,2
SF,IF2003,2019-12-26 09:34:03.600,4021.8000,34996,0,483458820.000,2,1,1,多换,S,4021.2000,4021.0000,4020.8000,4020.6000,4020.4000,4021.8000,4022.6000,4023.2000,4023.4000,4023.6000,1,8,2,10,5,1,1,1,2,5
SF,IF2003,2019-12-26 09:34:04.100,4021.8000,34995,-1,484665360.000,1,0,1,双平,S,4021.2000,4020.6000,4020.4000,4020.0000,4018.4000,4021.6000,4021.8000,4022.6000,4023.2000,4023.4000,1,6,5,2,1,1,1,1,1,2
SF,IF2003,2019-12-26 09:34:04.600,4021.2000,34995,0,485871720.000,1,0,1,多换,S,4020.6000,4020.4000,4020.0000,4018.4000,4018.0000,4021.8000,4022.6000,4023.2000,4023.4000,4023.6000,6,5,2,1,6,1,1,1,2,5
SF,IF2003,2019-12-26 09:34:05.100,4021.8000,34995,0,487078260.000,1,0,1,多换,S,4021.8000,4020.8000,4020.6000,4020.4000,4020.0000,4022.6000,4023.2000,4023.4000,4023.6000,4023.8000,1,7,6,5,2,1,1,2,5,2
SF,IF2003,2019-12-26 09:34:05.600,4021.8000,34995,0,488284800.000,1,0,1,多换,S,4020.8000,4020.6000,4020.4000,4020.0000,4018.4000,4021.8000,4022.4000,4022.6000,4023.2000,4023.4000,5,5,5,2,1,5,2,1,1,2
SF,IF2003,2019-12-26 09:34:06.100,4021.8000,34995,0,488284800.000,0,-,-,-,-,4021.0000,4020.8000,4020.6000,4020.4000,4020.0000,4021.8000,4022.4000,4022.6000,4023.2000,4023.4000,3,5,5,5,2,2,1,1,1,2
SF,IF2003,2019-12-26 09:34:06.600,4021.8000,34995,0,488284800.000,0,-,-,-,-,4021.2000,4021.0000,4020.8000,4020.6000,4020.4000,4021.8000,4022.4000,4022.6000,4023.2000,4023.4000,1,3,5,5,5,2,1,1,1,2
SF,IF2003,2019-12-26 09:34:07.100,4021.8000,34995,0,488284800.000,0,-,-,-,-,4021.8000,4021.2000,4021.0000,4020.6000,4020.4000,4022.4000,4022.6000,4023.2000,4023.4000,4023.6000,2,1,2,5,5,1,1,1,2,5
SF,IF2003,2019-12-26 09:34:07.600,4021.8000,34995,0,488284800.000,0,-,-,-,-,4021.8000,4021.2000,4021.0000,4020.6000,4020.4000,4022.6000,4023.2000,4023.4000,4023.6000,4023.8000,3,1,2,5,5,1,1,2,5,2
SF,IF2003,2019-12-26 09:34:08.100,4021.8000,34995,0,488284800.000,0,-,-,-,-,4022.0000,4021.8000,4021.0000,4020.6000,4020.4000,4022.6000,4023.2000,4023.4000,4023.6000,4023.8000,1,3,2,5,5,1,1,2,5,2
SF,IF2003,2019-12-26 09:34:08.600,4022.0000,34994,-1,489491400.000,1,0,1,双平,S,4021.8000,4020.6000,4020.4000,4020.0000,4018.4000,4022.6000,4023.2000,4023.4000,4023.6000,4023.8000,3,5,5,2,1,1,1,2,5,2
SF,IF2003,2019-12-26 09:34:09.600,4021.8000,34993,-1,490697940.000,1,0,1,双平,S,4021.8000,4020.6000,4020.4000,4020.0000,4018.4000,4022.6000,4023.2000,4023.4000,4023.6000,4023.8000,2,5,5,2,1,1,1,2,5,2
SF,IF2003,2019-12-26 09:34:10.100,4021.8000,34992,-1,491904480.000,1,0,1,双平,S,4021.0000,4020.6000,4020.4000,4020.0000,4018.4000,4022.6000,4023.2000,4023.4000,4023.6000,4023.8000,1,5,5,2,1,1,1,2,5,2
SF,IF2003,2019-12-26 09:34:10.600,4021.8000,34992,0,491904480.000,0,-,-,-,-,4021.2000,4021.0000,4020.6000,4020.4000,4020.0000,4022.6000,4023.2000,4023.4000,4023.6000,4023.8000,5,1,5,5,2,1,1,2,5,2
SF,IF2003,2019-12-26 09:34:11.100,4021.8000,34992,0,491904480.000,0,-,-,-,-,4021.2000,4021.0000,4020.6000,4020.4000,4020.0000,4022.4000,4022.6000,4023.2000,4023.4000,4023.6000,5,1,5,5,2,1,1,1,2,5
SF,IF2003,2019-12-26 09:34:11.600,4021.8000,34992,0,491904480.000,0,-,-,-,-,4021.8000,4021.4000,4021.2000,4021.0000,4020.6000,4022.0000,4022.4000,4023.2000,4023.4000,4023.6000,1,1,5,1,5,1,1,1,2,5
SF,IF2003,2019-12-26 09:34:12.100,4021.8000,34992,0,493111020.000,1,0,1,多换,S,4021.4000,4021.2000,4021.0000,4020.6000,4020.4000,4022.0000,4022.4000,4023.2000,4023.4000,4023.6000,1,1,1,5,5,1,1,1,2,5
SF,IF2003,2019-12-26 09:34:12.600,4021.8000,34992,0,493111020.000,0,-,-,-,-,4021.4000,4021.0000,4020.6000,4020.4000,4020.0000,4022.0000,4022.4000,4023.2000,4023.4000,4023.6000,1,1,5,5,2,1,1,1,2,5
SF,IF2003,2019-12-26 09:34:13.600,4021.4000,34991,-1,494317440.000,1,0,1,双平,S,4021.0000,4020.6000,4020.4000,4020.0000,4018.4000,4021.2000,4021.8000,4022.0000,4022.4000,4023.2000,1,5,5,2,1,4,1,1,1,1
SF,IF2003,2019-12-26 09:34:14.100,4021.2000,34988,-3,499142940.000,4,0,4,多平,S,4021.6000,4021.2000,4021.0000,4020.6000,4020.4000,4021.8000,4022.0000,4023.2000,4023.4000,4023.6000,1,3,1,5,5,1,1,1,2,5
SF,IF2003,2019-12-26 09:34:14.600,4021.2000,34988,0,499142940.000,0,-,-,-,-,4021.6000,4021.2000,4021.0000,4020.6000,4020.4000,4021.8000,4022.0000,4023.2000,4023.4000,4023.6000,1,3,1,5,5,1,1,1,2,5
SF,IF2003,2019-12-26 09:34:15.100,4021.2000,34988,0,499142940.000,0,-,-,-,-,4021.6000,4021.2000,4021.0000,4020.8000,4020.6000,4021.8000,4022.0000,4023.2000,4023.4000,4023.6000,1,3,1,1,5,1,1,1,2,5
SF,IF2003,2019-12-26 09:34:16.100,4021.8000,34987,-1,500349480.000,1,0,1,双平,S,4021.6000,4021.2000,4021.0000,4020.8000,4020.6000,4022.0000,4023.2000,4023.4000,4023.6000,4023.8000,1,1,1,1,5,1,1,2,5,2
SF,IF2003,2019-12-26 09:34:16.600,4021.6000,34986,-1,501555960.000,1,0,1,双平,S,4021.2000,4021.0000,4020.8000,4020.6000,4020.4000,4022.0000,4023.2000,4023.4000,4023.6000,4023.8000,1,1,1,5,5,1,1,2,5,2
SF,IF2003,2019-12-26 09:34:17.100,4021.6000,34986,0,501555960.000,0,-,-,-,-,4021.2000,4021.0000,4020.8000,4020.6000,4020.4000,4022.0000,4023.2000,4023.4000,4023.6000,4023.8000,1,1,1,5,5,2,1,2,5,2
SF,IF2003,2019-12-26 09:34:17.600,4021.6000,34986,0,501555960.000,0,-,-,-,-,4021.0000,4020.8000,4020.6000,4020.4000,4020.0000,4021.8000,4022.0000,4023.2000,4023.4000,4023.6000,1,1,5,5,2,1,1,1,2,5
SF,IF2003,2019-12-26 09:34:18.100,4021.0000,34986,0,502762260.000,1,0,1,多换,S,4020.8000,4020.6000,4020.4000,4020.0000,4018.4000,4021.6000,4021.8000,4022.0000,4022.2000,4023.2000,1,1,5,2,1,4,1,1,1,1
SF,IF2003,2019-12-26 09:34:18.600,4021.0000,34986,0,502762260.000,0,-,-,-,-,4020.8000,4020.4000,4020.0000,4018.4000,4018.0000,4021.4000,4021.6000,4022.0000,4022.2000,4023.2000,1,5,2,1,6,4,1,1,1,1
SF,IF2003,2019-12-26 09:34:19.100,4020.8000,34987,1,503968500.000,1,1,0,双开,S,4020.4000,4020.0000,4018.4000,4018.0000,4017.6000,4021.2000,4021.4000,4021.6000,4022.0000,4022.2000,5,2,1,6,1,3,2,1,1,1
SF,IF2003,2019-12-26 09:34:19.600,4020.8000,34987,0,503968500.000,0,-,-,-,-,4020.4000,4020.0000,4018.4000,4018.0000,4017.6000,4021.0000,4021.2000,4021.4000,4021.6000,4022.0000,5,2,1,6,1,1,1,2,1,1
SF,IF2003,2019-12-26 09:34:20.600,4020.8000,34987,0,503968500.000,0,-,-,-,-,4020.4000,4020.0000,4018.4000,4018.0000,4017.6000,4021.0000,4021.2000,4021.4000,4021.6000,4022.0000,5,2,1,6,1,1,1,2,1,1
SF,IF2003,2019-12-26 09:34:21.600,4020.8000,34987,0,503968500.000,0,-,-,-,-,4020.4000,4020.0000,4018.4000,4018.0000,4017.6000,4021.0000,4021.4000,4021.6000,4022.0000,4022.2000,5,2,1,6,1,1,2,1,1,1
SF,IF2003,2019-12-26 09:34:22.100,4020.8000,34987,0,503968500.000,0,-,-,-,-,4020.4000,4020.2000,4020.0000,4018.4000,4018.0000,4021.0000,4021.4000,4021.6000,4022.0000,4022.2000,5,1,2,1,6,1,2,1,1,1
SF,IF2003,2019-12-26 09:34:22.600,4020.8000,34987,0,503968500.000,0,-,-,-,-,4020.4000,4020.2000,4020.0000,4018.4000,4018.0000,4021.0000,4021.4000,4021.6000,4022.0000,4022.2000,5,1,2,1,6,1,1,1,1,1
SF,IF2003,2019-12-26 09:34:23.100,4020.8000,34987,0,503968500.000,0,-,-,-,-,4020.6000,4020.4000,4020.2000,4020.0000,4018.4000,4021.0000,4021.4000,4021.6000,4022.0000,4022.2000,5,5,2,2,1,1,1,1,1,1
SF,IF2003,2019-12-26 09:34:23.600,4021.0000,34988,1,505174800.000,1,1,0,双开,S,4021.0000,4020.6000,4020.4000,4020.2000,4020.0000,4021.4000,4021.6000,4022.0000,4022.2000,4023.0000,1,6,5,1,2,1,1,1,1,1
SF,IF2003,2019-12-26 09:34:24.100,4021.0000,34988,0,505174800.000,0,-,-,-,-,4021.0000,4020.6000,4020.4000,4020.0000,4018.4000,4021.2000,4021.6000,4022.0000,4022.2000,4023.0000,2,1,5,2,1,2,1,1,1,1
SF,IF2003,2019-12-26 09:34:24.600,4021.0000,34988,0,506381100.000,1,0,1,多换,S,4021.0000,4020.6000,4020.4000,4020.0000,4018.4000,4021.2000,4021.6000,4022.0000,4022.2000,4023.0000,1,1,5,2,1,2,1,1,1,1
SF,IF2003,2019-12-26 09:34:25.100,4021.0000,34988,0,507587400.000,1,0,1,多换,S,4020.6000,4020.4000,4020.0000,4018.4000,4018.0000,4021.0000,4022.0000,4022.2000,4023.0000,4023.2000,1,5,2,1,6,1,1,1,1,2
SF,IF2003,2019-12-26 09:34:25.600,4021.0000,34988,0,507587400.000,0,-,-,-,-,4020.6000,4020.4000,4020.0000,4018.4000,4018.0000,4021.0000,4022.0000,4022.2000,4023.0000,4023.2000,1,5,2,1,6,1,1,1,1,2
SF,IF2003,2019-12-26 09:34:27.100,4021.0000,34988,0,507587400.000,0,-,-,-,-,4020.6000,4020.4000,4020.0000,4018.4000,4018.0000,4021.0000,4022.0000,4022.2000,4023.0000,4023.2000,2,5,2,1,6,1,1,1,1,2
SF,IF2003,2019-12-26 09:34:27.600,4020.6000,34988,0,508793580.000,1,0,1,多换,S,4020.6000,4020.4000,4020.0000,4018.4000,4018.0000,4021.0000,4022.0000,4022.2000,4023.0000,4023.2000,1,5,2,1,6,1,1,1,1,2
SF,IF2003,2019-12-26 09:34:28.100,4020.6000,34988,0,508793580.000,0,-,-,-,-,4020.6000,4020.4000,4020.0000,4018.4000,4018.0000,4021.0000,4022.0000,4022.2000,4023.0000,4023.2000,1,5,2,1,6,1,1,1,1,2
SF,IF2003,2019-12-26 09:34:29.100,4020.6000,34988,0,508793580.000,0,-,-,-,-,4020.6000,4020.4000,4020.0000,4018.4000,4018.0000,4020.8000,4021.0000,4022.0000,4022.2000,4023.0000,1,5,2,1,6,2,1,1,1,1
SF,IF2003,2019-12-26 09:34:29.600,4020.6000,34988,0,509999760.000,1,0,1,多换,S,4020.4000,4020.0000,4018.4000,4018.0000,4017.6000,4020.6000,4021.0000,4022.0000,4022.2000,4023.0000,5,2,1,6,1,3,3,1,1,1
SF,IF2003,2019-12-26 09:34:30.100,4020.6000,34986,-2,513618180.000,3,0,3,多平,S,4020.4000,4020.0000,4018.4000,4018.0000,4017.6000,4020.6000,4021.0000,4022.0000,4022.2000,4023.0000,3,2,1,6,1,1,3,1,1,1
SF,IF2003,2019-12-26 09:34:30.600,4020.6000,34986,0,513618180.000,0,-,-,-,-,4020.4000,4020.0000,4018.4000,4018.0000,4017.6000,4021.0000,4022.0000,4022.2000,4023.0000,4023.2000,3,2,1,6,1,3,1,1,1,2
