市场代码,合约代码,时间,最新,持仓,增仓,成交额,成交量,开仓,平仓,成交类型,方向,买一价,买二价,买三价,买四价,买五价,卖一价,卖二价,卖三价,卖四价,卖五价,买一量,买二量,买三量,买四量,买五量,卖一量,卖二量,卖三量,卖四量,卖五量
SF,IF2003,2019-11-14 09:29:00.000,3888.8000,10419,0,16332960.000,14.000,-,-,-,-,3888.6000,3887.4000,3886.2000,3884.8000,3884.2000,3889.8000,3890.0000,3894.0000,3899.6000,3900.0000,2,1,3,1,1,1,1,2,1,7
SF,IF2003,2019-11-14 09:30:00.500,3894.0000,10417,-2,22171500.000,5,1,4,多平,S,3892.6000,3891.2000,3891.0000,3890.8000,3890.6000,3899.6000,3899.8000,3900.0000,3901.0000,3902.8000,2,2,10,2,2,1,1,7,4,1
SF,IF2003,2019-11-14 09:30:01.000,3893.0000,10416,-1,23339400.000,1,0,1,双平,S,3893.0000,3892.8000,3892.6000,3891.0000,3890.8000,3896.4000,3897.4000,3897.6000,3897.8000,3898.6000,2,2,2,9,2,1,2,3,3,1
SF,IF2003,2019-11-14 09:30:01.500,3893.0000,10416,0,23339400.000,0,-,-,-,-,3893.2000,3892.6000,3891.0000,3890.8000,3890.6000,3896.0000,3896.2000,3896.4000,3897.4000,3897.6000,1,2,7,2,2,12,1,1,2,2
SF,IF2003,2019-11-14 09:30:02.000,3893.2000,10415,-1,24507360.000,1,0,1,双平,S,3892.6000,3891.0000,3890.8000,3890.6000,3889.8000,3895.8000,3896.0000,3896.2000,3896.4000,3897.4000,2,7,2,2,2,2,13,1,1,2
SF,IF2003,2019-11-14 09:30:02.500,3893.2000,10415,0,24507360.000,0,-,-,-,-,3892.6000,3891.0000,3890.6000,3889.8000,3889.6000,3895.4000,3895.6000,3895.8000,3896.0000,3896.2000,2,6,1,1,3,9,4,2,1,1
SF,IF2003,2019-11-14 09:30:03.000,3895.2000,10415,0,30349920.000,5,2,3,多换,S,3893.0000,3892.8000,3892.6000,3891.0000,3889.8000,3894.6000,3895.2000,3895.4000,3895.8000,3896.0000,1,2,2,6,1,1,2,9,1,1
SF,IF2003,2019-11-14 09:30:03.500,3895.2000,10415,0,30349920.000,0,-,-,-,-,3893.0000,3892.8000,3891.0000,3889.8000,3889.6000,3894.4000,3894.6000,3895.2000,3895.4000,3895.8000,3,1,4,1,2,1,1,1,9,1
SF,IF2003,2019-11-14 09:30:04.000,3895.2000,10415,0,30349920.000,0,-,-,-,-,3893.0000,3892.8000,3891.0000,3889.8000,3889.6000,3894.4000,3894.6000,3895.2000,3895.8000,3896.0000,3,1,4,1,2,1,1,1,1,1
SF,IF2003,2019-11-14 09:30:04.500,3894.4000,10415,0,31518240.000,1,0,1,多换,S,3893.6000,3893.2000,3893.0000,3892.8000,3891.0000,3895.8000,3896.0000,3897.4000,3897.6000,3898.8000,1,1,5,1,4,1,1,1,1,2
SF,IF2003,2019-11-14 09:30:05.000,3894.4000,10415,0,31518240.000,0,-,-,-,-,3893.8000,3893.6000,3893.2000,3891.0000,3889.8000,3895.8000,3896.0000,3897.4000,3897.6000,3898.8000,5,1,1,4,1,1,1,1,1,2
SF,IF2003,2019-11-14 09:30:05.500,3893.8000,10414,-1,33855180.000,2,0,2,多平,S,3893.8000,3893.2000,3891.0000,3889.8000,3889.6000,3897.6000,3898.8000,3899.6000,3899.8000,3900.0000,7,1,4,1,1,1,2,2,3,7
SF,IF2003,2019-11-14 09:30:06.000,3893.8000,10414,0,33855180.000,0,-,-,-,-,3893.8000,3893.2000,3891.0000,3889.8000,3889.6000,3897.2000,3897.4000,3897.6000,3898.0000,3898.8000,7,1,4,1,1,9,3,1,1,2
SF,IF2003,2019-11-14 09:30:06.500,3897.2000,10415,1,36193440.000,2,1,1,空开,S,3894.8000,3894.0000,3893.8000,3891.0000,3889.8000,3897.2000,3897.6000,3898.0000,3898.8000,3899.6000,2,3,6,4,1,8,1,1,2,2
SF,IF2003,2019-11-14 09:30:07.000,3897.2000,10415,0,36193440.000,0,-,-,-,-,3895.0000,3894.8000,3894.0000,3893.8000,3891.0000,3897.2000,3897.6000,3898.0000,3898.8000,3899.6000,2,2,2,2,4,8,1,1,2,2
SF,IF2003,2019-11-14 09:30:07.500,3897.2000,10415,0,36193440.000,0,-,-,-,-,3895.0000,3894.8000,3894.0000,3893.8000,3891.0000,3897.2000,3897.6000,3898.0000,3898.8000,3899.6000,1,2,2,2,4,8,1,1,2,2
SF,IF2003,2019-11-14 09:30:08.000,3897.2000,10417,2,39700920.000,3,2,1,空开,S,3895.0000,3894.8000,3894.0000,3891.0000,3889.8000,3897.2000,3897.6000,3898.0000,3898.2000,3898.8000,2,1,1,4,1,6,1,1,1,2
SF,IF2003,2019-11-14 09:30:08.500,3897.2000,10417,0,39700920.000,0,-,-,-,-,3894.8000,3894.0000,3891.0000,3889.8000,3889.0000,3896.8000,3897.2000,3897.6000,3898.8000,3899.6000,2,1,4,1,6,1,6,1,2,2
SF,IF2003,2019-11-14 09:30:09.000,3896.8000,10416,-1,43208040.000,3,1,2,多平,S,3895.0000,3894.8000,3894.0000,3891.0000,3889.8000,3896.4000,3896.8000,3897.6000,3898.8000,3899.6000,2,2,1,4,1,3,1,1,2,2
SF,IF2003,2019-11-14 09:30:09.500,3896.8000,10416,0,43208040.000,0,-,-,-,-,3895.0000,3894.8000,3894.0000,3891.0000,3889.8000,3897.6000,3898.8000,3899.6000,3899.8000,3900.0000,2,2,1,4,1,1,2,2,3,7
SF,IF2003,2019-11-14 09:30:10.000,3897.2000,10415,-1,44377200.000,1,0,1,双平,S,3895.2000,3895.0000,3894.8000,3894.0000,3891.0000,3897.2000,3897.6000,3898.8000,3899.6000,3899.8000,2,2,2,1,4,2,1,2,2,3
SF,IF2003,2019-11-14 09:30:10.500,3897.2000,10415,0,45546360.000,1,0,1,多换,S,3895.6000,3895.4000,3895.2000,3894.8000,3894.0000,3897.2000,3897.6000,3898.8000,3899.0000,3899.6000,1,2,2,2,1,1,1,2,1,2
SF,IF2003,2019-11-14 09:30:11.000,3897.2000,10415,0,45546360.000,0,-,-,-,-,3895.8000,3895.6000,3895.2000,3894.8000,3894.0000,3897.6000,3898.8000,3899.0000,3899.6000,3899.8000,2,1,2,2,1,1,2,1,2,3
SF,IF2003,2019-11-14 09:30:11.500,3897.2000,10415,0,45546360.000,0,-,-,-,-,3896.0000,3895.8000,3895.2000,3894.8000,3894.0000,3898.8000,3899.0000,3899.6000,3899.8000,3900.0000,1,2,1,2,1,2,1,2,3,7
SF,IF2003,2019-11-14 09:30:12.000,3897.2000,10415,0,45546360.000,0,-,-,-,-,3896.2000,3896.0000,3895.2000,3894.8000,3891.0000,3898.4000,3898.8000,3899.0000,3899.6000,3899.8000,3,2,1,2,4,3,2,1,2,3
SF,IF2003,2019-11-14 09:30:12.500,3898.2000,10416,1,46715820.000,1,1,0,双开,S,3896.4000,3896.0000,3895.2000,3894.8000,3891.0000,3898.4000,3898.8000,3899.0000,3899.6000,3899.8000,3,1,1,2,4,4,2,1,2,3
SF,IF2003,2019-11-14 09:30:13.000,3898.2000,10416,0,46715820.000,0,-,-,-,-,3896.4000,3896.0000,3895.2000,3894.8000,3891.0000,3898.4000,3898.8000,3899.0000,3899.6000,3899.8000,3,1,1,2,4,4,2,1,2,3
SF,IF2003,2019-11-14 09:30:14.000,3898.2000,10416,0,46715820.000,0,-,-,-,-,3896.4000,3895.2000,3894.8000,3891.0000,3889.8000,3898.4000,3898.8000,3899.0000,3899.6000,3899.8000,3,1,2,4,1,4,2,1,2,3
SF,IF2003,2019-11-14 09:30:14.500,3898.2000,10416,0,46715820.000,0,-,-,-,-,3896.4000,3895.2000,3894.8000,3891.0000,3889.8000,3898.4000,3898.8000,3899.0000,3899.6000,3899.8000,3,1,2,4,1,4,2,1,2,3
SF,IF2003,2019-11-14 09:30:15.000,3898.2000,10416,0,46715820.000,0,-,-,-,-,3896.4000,3895.2000,3894.8000,3891.0000,3889.8000,3898.2000,3898.4000,3898.8000,3899.0000,3899.6000,1,1,2,4,1,1,3,2,1,2
SF,IF2003,2019-11-14 09:30:15.500,3897.6000,10415,-1,49054020.000,2,0,2,多平,S,3895.2000,3894.8000,3891.0000,3889.8000,3889.0000,3897.8000,3898.0000,3898.2000,3898.8000,3899.0000,1,2,4,1,3,3,1,2,2,1
SF,IF2003,2019-11-14 09:30:16.000,3897.6000,10415,0,49054020.000,0,-,-,-,-,3895.4000,3895.2000,3894.8000,3891.0000,3889.8000,3897.6000,3897.8000,3898.2000,3898.8000,3899.0000,2,1,2,4,1,1,3,2,2,1
SF,IF2003,2019-11-14 09:30:16.500,3897.6000,10415,0,49054020.000,0,-,-,-,-,3895.4000,3891.0000,3889.8000,3889.0000,3883.2000,3897.2000,3897.6000,3898.2000,3898.8000,3899.0000,2,4,1,3,1,3,1,1,2,1
SF,IF2003,2019-11-14 09:30:17.000,3897.6000,10415,0,49054020.000,0,-,-,-,-,3895.4000,3891.0000,3889.8000,3889.0000,3883.2000,3897.0000,3897.2000,3897.4000,3898.8000,3899.0000,2,4,1,3,1,1,4,1,2,1
SF,IF2003,2019-11-14 09:30:17.500,3897.2000,10416,1,50223180.000,1,1,0,双开,S,3891.0000,3889.8000,3889.0000,3883.2000,3880.6000,3896.6000,3897.0000,3897.2000,3897.4000,3898.8000,4,1,3,1,1,3,1,1,1,2
SF,IF2003,2019-11-14 09:30:18.000,3897.2000,10416,0,50223180.000,0,-,-,-,-,3894.0000,3893.0000,3892.2000,3892.0000,3891.4000,3896.4000,3896.6000,3897.2000,3897.4000,3898.8000,3,1,1,2,12,1,3,1,1,2
SF,IF2003,2019-11-14 09:30:18.500,3897.2000,10416,0,50223180.000,0,-,-,-,-,3894.2000,3894.0000,3893.0000,3892.2000,3892.0000,3896.0000,3896.4000,3896.6000,3897.4000,3898.8000,1,3,1,2,2,3,1,1,1,2
SF,IF2003,2019-11-14 09:30:19.000,3897.2000,10416,0,50223180.000,0,-,-,-,-,3893.0000,3892.2000,3892.0000,3891.4000,3891.2000,3895.8000,3896.0000,3896.2000,3897.4000,3898.8000,1,1,2,12,1,1,3,1,1,2
SF,IF2003,2019-11-14 09:30:19.500,3897.2000,10416,0,50223180.000,0,-,-,-,-,3894.0000,3893.2000,3893.0000,3892.2000,3892.0000,3895.6000,3895.8000,3897.4000,3898.8000,3899.0000,3,5,1,1,2,3,1,1,2,1
SF,IF2003,2019-11-14 09:30:20.000,3897.2000,10416,0,50223180.000,0,-,-,-,-,3894.2000,3893.2000,3893.0000,3892.2000,3892.0000,3895.6000,3895.8000,3897.4000,3898.8000,3899.0000,2,1,1,1,2,3,1,1,2,1
SF,IF2003,2019-11-14 09:30:20.500,3897.2000,10416,0,50223180.000,0,-,-,-,-,3894.2000,3893.0000,3892.2000,3892.0000,3891.4000,3895.6000,3895.8000,3897.4000,3898.8000,3899.0000,2,1,1,2,8,3,1,1,2,1
SF,IF2003,2019-11-14 09:30:21.000,3897.2000,10416,0,50223180.000,0,-,-,-,-,3894.2000,3892.2000,3892.0000,3891.4000,3891.2000,3895.6000,3895.8000,3897.4000,3898.8000,3899.0000,2,1,2,8,1,4,1,1,2,1
SF,IF2003,2019-11-14 09:30:22.000,3897.2000,10416,0,50223180.000,0,-,-,-,-,3894.4000,3894.2000,3892.2000,3892.0000,3891.4000,3895.6000,3895.8000,3897.4000,3898.8000,3899.0000,1,2,1,2,8,4,1,1,2,1
SF,IF2003,2019-11-14 09:30:22.500,3894.4000,10415,-1,51391500.000,1,0,1,双平,S,3892.2000,3892.0000,3891.4000,3891.2000,3891.0000,3894.8000,3895.6000,3895.8000,3897.4000,3898.8000,1,2,8,1,4,1,4,1,1,2
SF,IF2003,2019-11-14 09:30:23.000,3894.4000,10415,0,51391500.000,0,-,-,-,-,3893.4000,3893.0000,3892.6000,3892.4000,3892.2000,3894.6000,3895.6000,3897.4000,3898.8000,3899.0000,3,1,7,3,1,1,4,1,2,1
SF,IF2003,2019-11-14 09:30:23.500,3894.6000,10414,-1,52559880.000,1,0,1,双平,S,3893.4000,3893.0000,3892.6000,3892.4000,3892.2000,3895.6000,3897.4000,3898.8000,3899.0000,3899.6000,3,1,7,6,1,4,1,2,1,2
SF,IF2003,2019-11-14 09:30:24.000,3894.6000,10414,0,52559880.000,0,-,-,-,-,3893.6000,3893.0000,3892.6000,3892.4000,3892.2000,3895.6000,3897.4000,3898.8000,3899.0000,3899.6000,2,1,7,3,1,4,1,2,1,2
SF,IF2003,2019-11-14 09:30:24.500,3894.6000,10414,0,52559880.000,0,-,-,-,-,3893.6000,3893.0000,3892.6000,3892.4000,3892.2000,3895.6000,3897.4000,3898.8000,3899.0000,3899.6000,3,1,7,3,1,4,1,2,1,2
SF,IF2003,2019-11-14 09:30:25.500,3893.6000,10412,-2,54896040.000,2,0,2,双平,S,3893.0000,3892.6000,3892.4000,3892.2000,3892.0000,3895.2000,3895.6000,3897.4000,3898.8000,3899.0000,1,7,3,1,2,1,4,1,2,1
SF,IF2003,2019-11-14 09:30:26.000,3893.6000,10412,0,54896040.000,0,-,-,-,-,3892.6000,3892.4000,3892.2000,3892.0000,3891.0000,3894.8000,3895.2000,3895.6000,3897.4000,3898.8000,7,3,1,2,4,1,1,4,1,2
SF,IF2003,2019-11-14 09:30:26.500,3893.6000,10412,0,54896040.000,0,-,-,-,-,3893.4000,3893.2000,3893.0000,3892.4000,3892.2000,3894.6000,3895.6000,3897.4000,3898.8000,3899.0000,4,3,2,1,1,1,1,1,2,1
SF,IF2003,2019-11-14 09:30:27.000,3894.6000,10411,-1,56064420.000,1,0,1,双平,S,3893.4000,3893.2000,3893.0000,3892.8000,3892.4000,3895.6000,3896.8000,3897.4000,3898.8000,3899.0000,5,3,2,1,1,1,1,1,2,1
SF,IF2003,2019-11-14 09:30:27.500,3894.6000,10411,0,56064420.000,0,-,-,-,-,3893.6000,3893.4000,3893.2000,3893.0000,3892.8000,3895.6000,3897.4000,3898.8000,3899.0000,3899.6000,2,4,3,2,1,1,1,2,1,2
SF,IF2003,2019-11-14 09:30:28.000,3894.6000,10411,0,56064420.000,0,-,-,-,-,3893.6000,3893.4000,3893.2000,3893.0000,3892.8000,3895.6000,3897.4000,3898.8000,3899.0000,3899.6000,1,4,3,2,1,1,1,2,1,2
SF,IF2003,2019-11-14 09:30:28.500,3894.6000,10411,0,56064420.000,0,-,-,-,-,3893.6000,3893.4000,3893.2000,3893.0000,3892.8000,3894.6000,3895.4000,3897.4000,3898.8000,3899.0000,1,4,3,2,1,1,1,1,2,1
SF,IF2003,2019-11-14 09:30:29.000,3894.6000,10411,0,57232800.000,1,0,1,多换,S,3893.8000,3893.6000,3893.4000,3893.2000,3893.0000,3894.6000,3895.4000,3897.4000,3898.8000,3899.0000,1,1,4,3,2,1,1,1,2,1
SF,IF2003,2019-11-14 09:30:29.500,3894.6000,10411,0,57232800.000,0,-,-,-,-,3892.8000,3892.2000,3892.0000,3891.0000,3889.8000,3897.4000,3898.8000,3899.0000,3899.6000,3899.8000,1,1,2,4,1,1,2,1,2,2
SF,IF2003,2019-11-14 09:30:30.000,3894.6000,10411,0,57232800.000,0,-,-,-,-,3893.2000,3893.0000,3892.8000,3892.2000,3892.0000,3895.4000,3897.0000,3897.2000,3897.4000,3898.8000,5,6,1,1,2,1,3,3,1,2
SF,IF2003,2019-11-14 09:30:30.500,3894.6000,10411,0,57232800.000,0,-,-,-,-,3893.4000,3893.2000,3893.0000,3892.8000,3892.2000,3897.0000,3897.4000,3898.8000,3899.0000,3899.6000,1,4,4,1,1,3,1,2,1,1
SF,IF2003,2019-11-14 09:30:31.000,3894.6000,10411,0,57232800.000,0,-,-,-,-,3893.4000,3893.0000,3892.8000,3892.2000,3892.0000,3895.2000,3896.2000,3896.8000,3897.0000,3897.4000,1,1,1,1,2,3,1,2,1,1
SF,IF2003,2019-11-14 09:30:31.500,3894.6000,10411,0,57232800.000,0,-,-,-,-,3893.0000,3892.8000,3892.2000,3892.0000,3891.0000,3895.0000,3895.2000,3896.2000,3897.0000,3897.4000,1,1,1,2,4,1,3,1,1,1
SF,IF2003,2019-11-14 09:30:32.000,3894.6000,10411,0,57232800.000,0,-,-,-,-,3893.2000,3893.0000,3892.8000,3892.6000,3892.2000,3895.2000,3895.4000,3896.2000,3897.0000,3897.4000,1,1,1,1,1,3,1,1,1,1
SF,IF2003,2019-11-14 09:30:32.500,3894.6000,10411,0,57232800.000,0,-,-,-,-,3893.4000,3893.2000,3893.0000,3892.8000,3892.6000,3895.0000,3895.2000,3895.4000,3896.2000,3897.0000,1,1,1,1,1,1,3,1,1,1
SF,IF2003,2019-11-14 09:30:33.000,3894.6000,10411,0,57232800.000,0,-,-,-,-,3893.4000,3893.0000,3892.8000,3892.6000,3892.2000,3895.0000,3895.2000,3895.4000,3896.2000,3897.0000,1,1,1,1,1,1,3,1,1,1
SF,IF2003,2019-11-14 09:30:33.500,3894.6000,10411,0,57232800.000,0,-,-,-,-,3892.8000,3892.6000,3892.2000,3892.0000,3891.0000,3894.8000,3895.0000,3895.4000,3896.2000,3897.0000,1,1,1,2,4,3,1,1,1,1
SF,IF2003,2019-11-14 09:30:34.000,3894.6000,10411,0,57232800.000,0,-,-,-,-,3893.6000,3892.8000,3892.6000,3892.2000,3892.0000,3894.6000,3894.8000,3895.4000,3896.2000,3897.0000,1,1,1,1,2,1,3,1,1,1
SF,IF2003,2019-11-14 09:30:34.500,3893.6000,10410,-1,58400880.000,1,0,1,双平,S,3892.8000,3892.2000,3892.0000,3891.0000,3889.8000,3894.6000,3894.8000,3895.0000,3895.4000,3896.2000,1,1,2,4,1,1,3,1,1,1
SF,IF2003,2019-11-14 09:30:35.000,3893.6000,10410,0,58400880.000,0,-,-,-,-,3892.8000,3892.2000,3892.0000,3891.0000,3889.8000,3894.6000,3894.8000,3895.0000,3895.4000,3896.2000,1,1,2,4,1,1,3,1,1,1
SF,IF2003,2019-11-14 09:30:36.000,3893.6000,10410,0,58400880.000,0,-,-,-,-,3893.0000,3892.8000,3892.2000,3892.0000,3891.0000,3894.6000,3895.0000,3895.4000,3896.2000,3897.0000,1,1,1,2,4,1,1,1,1,1
SF,IF2003,2019-11-14 09:30:37.000,3893.6000,10410,0,58400880.000,0,-,-,-,-,3892.8000,3892.2000,3892.0000,3891.0000,3889.8000,3894.6000,3895.0000,3895.4000,3896.2000,3897.0000,1,1,2,4,1,1,1,1,1,1
SF,IF2003,2019-11-14 09:30:37.500,3893.6000,10410,0,58400880.000,0,-,-,-,-,3893.0000,3892.8000,3892.2000,3892.0000,3891.0000,3893.6000,3894.2000,3895.0000,3895.4000,3896.2000,1,1,1,2,4,1,1,1,1,1
SF,IF2003,2019-11-14 09:30:38.000,3893.0000,10410,0,59568780.000,1,0,1,多换,S,3892.8000,3892.2000,3892.0000,3891.0000,3889.8000,3893.6000,3894.2000,3895.0000,3895.4000,3896.2000,1,1,2,4,1,1,1,1,1,1
SF,IF2003,2019-11-14 09:30:38.500,3893.0000,10410,0,59568780.000,0,-,-,-,-,3892.8000,3892.2000,3892.0000,3891.0000,3889.8000,3893.6000,3894.2000,3895.0000,3896.2000,3897.0000,1,1,2,4,1,1,1,1,1,1
SF,IF2003,2019-11-14 09:30:39.000,3893.0000,10410,0,59568780.000,0,-,-,-,-,3892.8000,3892.2000,3892.0000,3891.0000,3889.8000,3893.6000,3894.2000,3895.0000,3896.2000,3897.0000,1,2,2,4,1,1,1,1,1,1
SF,IF2003,2019-11-14 09:30:40.000,3892.8000,10409,-1,60736620.000,1,0,1,双平,S,3892.2000,3892.0000,3891.0000,3889.8000,3887.0000,3893.6000,3894.2000,3895.0000,3896.2000,3897.0000,2,2,4,1,4,1,1,1,1,1
SF,IF2003,2019-11-14 09:30:40.500,3892.8000,10409,0,60736620.000,0,-,-,-,-,3892.2000,3892.0000,3891.0000,3889.8000,3887.0000,3893.6000,3895.0000,3896.2000,3897.0000,3898.8000,2,2,4,1,4,1,1,1,1,2
SF,IF2003,2019-11-14 09:30:41.500,3893.6000,10409,0,61904700.000,1,0,1,多换,S,3892.2000,3892.0000,3891.0000,3889.8000,3887.0000,3895.0000,3896.2000,3897.0000,3898.8000,3899.0000,1,2,4,1,4,1,1,1,2,1
SF,IF2003,2019-11-14 09:30:42.000,3893.6000,10409,0,61904700.000,0,-,-,-,-,3892.2000,3892.0000,3891.0000,3889.8000,3887.0000,3894.6000,3894.8000,3895.0000,3896.2000,3897.0000,1,2,4,1,4,3,4,1,1,1
SF,IF2003,2019-11-14 09:30:42.500,3893.6000,10409,0,61904700.000,0,-,-,-,-,3892.2000,3891.0000,3889.8000,3887.0000,3883.2000,3894.4000,3894.6000,3894.8000,3895.0000,3896.2000,1,4,1,4,1,3,3,2,1,1
SF,IF2003,2019-11-14 09:30:43.000,3892.2000,10409,0,63072360.000,1,0,1,多换,S,3891.0000,3889.8000,3887.0000,3883.2000,3880.6000,3893.6000,3894.0000,3894.4000,3894.8000,3895.0000,4,1,4,1,1,1,3,3,2,1
SF,IF2003,2019-11-14 09:30:43.500,3892.2000,10409,0,63072360.000,0,-,-,-,-,3891.2000,3891.0000,3889.8000,3887.0000,3883.2000,3893.2000,3893.4000,3893.6000,3894.4000,3894.8000,1,4,1,4,1,3,3,1,1,1
SF,IF2003,2019-11-14 09:30:44.000,3892.2000,10409,0,63072360.000,0,-,-,-,-,3891.2000,3891.0000,3889.8000,3887.0000,3883.2000,3893.0000,3893.2000,3893.4000,3893.6000,3894.8000,1,4,1,4,1,1,3,3,1,1
SF,IF2003,2019-11-14 09:30:44.500,3892.2000,10409,0,63072360.000,0,-,-,-,-,3891.2000,3891.0000,3889.8000,3887.0000,3883.2000,3893.0000,3893.2000,3893.4000,3894.8000,3895.0000,1,4,1,4,1,1,3,3,1,1
SF,IF2003,2019-11-14 09:30:45.000,3892.2000,10409,0,63072360.000,0,-,-,-,-,3891.2000,3891.0000,3890.8000,3889.8000,3887.0000,3893.0000,3893.2000,3893.4000,3894.8000,3895.0000,1,4,1,1,4,2,3,3,1,1
SF,IF2003,2019-11-14 09:30:45.500,3892.2000,10409,0,63072360.000,0,-,-,-,-,3891.0000,3890.8000,3889.8000,3887.0000,3883.2000,3892.8000,3893.0000,3893.2000,3893.4000,3894.8000,4,1,1,4,1,1,2,3,3,1
SF,IF2003,2019-11-14 09:30:46.000,3892.2000,10409,0,63072360.000,0,-,-,-,-,3891.2000,3891.0000,3890.8000,3889.8000,3887.0000,3893.0000,3893.2000,3893.4000,3894.8000,3895.0000,1,4,1,1,4,2,3,2,1,1
SF,IF2003,2019-11-14 09:30:47.000,3892.2000,10409,0,63072360.000,0,-,-,-,-,3891.2000,3891.0000,3890.8000,3889.8000,3887.0000,3893.0000,3893.4000,3894.8000,3895.0000,3896.2000,1,4,1,1,4,1,1,1,1,1
SF,IF2003,2019-11-14 09:30:48.000,3892.2000,10409,0,63072360.000,0,-,-,-,-,3891.2000,3891.0000,3889.8000,3887.0000,3883.2000,3893.4000,3894.8000,3895.0000,3896.2000,3897.0000,1,4,1,4,1,1,1,1,1,1
SF,IF2003,2019-11-14 09:30:48.500,3892.2000,10409,0,63072360.000,0,-,-,-,-,3891.4000,3891.2000,3891.0000,3889.8000,3887.0000,3893.2000,3893.4000,3894.8000,3895.0000,3896.2000,2,1,4,1,4,1,1,1,1,1
SF,IF2003,2019-11-14 09:30:49.000,3892.2000,10409,0,63072360.000,0,-,-,-,-,3891.4000,3891.0000,3889.8000,3887.0000,3883.2000,3893.2000,3893.4000,3894.8000,3895.0000,3896.2000,2,4,1,4,1,1,1,1,1,1
SF,IF2003,2019-11-14 09:30:49.500,3891.4000,10410,1,64239780.000,1,1,0,双开,S,3891.4000,3891.0000,3889.8000,3887.0000,3883.2000,3893.0000,3893.2000,3893.4000,3894.8000,3895.0000,1,4,1,4,1,1,1,1,1,1
SF,IF2003,2019-11-14 09:30:50.000,3891.4000,10410,0,64239780.000,0,-,-,-,-,3891.6000,3891.4000,3891.0000,3889.8000,3887.0000,3893.4000,3894.8000,3895.0000,3896.2000,3897.0000,1,1,4,1,4,1,1,1,1,1
SF,IF2003,2019-11-14 09:30:50.500,3891.4000,10410,0,64239780.000,0,-,-,-,-,3891.8000,3891.6000,3891.4000,3891.0000,3889.8000,3893.4000,3893.6000,3894.8000,3895.0000,3896.2000,1,1,1,4,1,1,1,1,1,1
SF,IF2003,2019-11-14 09:30:51.000,3891.4000,10410,0,64239780.000,0,-,-,-,-,3891.8000,3891.4000,3891.0000,3889.8000,3887.0000,3893.4000,3893.6000,3894.8000,3895.0000,3896.2000,1,1,4,1,4,1,1,1,1,1
SF,IF2003,2019-11-14 09:30:51.500,3891.4000,10410,0,64239780.000,0,-,-,-,-,3891.8000,3891.4000,3891.2000,3891.0000,3889.8000,3893.4000,3893.6000,3894.8000,3895.0000,3896.2000,1,1,2,4,1,1,1,1,1,1
SF,IF2003,2019-11-14 09:30:52.000,3891.4000,10410,0,64239780.000,0,-,-,-,-,3892.0000,3891.8000,3891.2000,3891.0000,3889.8000,3893.4000,3893.6000,3894.8000,3895.0000,3896.2000,3,1,2,4,1,1,1,1,1,1
SF,IF2003,2019-11-14 09:30:52.500,3891.4000,10410,0,64239780.000,0,-,-,-,-,3892.0000,3891.8000,3891.2000,3891.0000,3889.8000,3893.4000,3893.6000,3894.8000,3895.0000,3896.2000,2,1,2,4,1,1,1,1,1,1
SF,IF2003,2019-11-14 09:30:53.000,3891.4000,10410,0,64239780.000,0,-,-,-,-,3892.0000,3891.8000,3891.2000,3891.0000,3889.8000,3893.4000,3893.6000,3894.8000,3895.0000,3896.2000,2,1,2,4,1,1,1,1,1,1
SF,IF2003,2019-11-14 09:30:53.500,3891.4000,10410,0,64239780.000,0,-,-,-,-,3892.2000,3892.0000,3891.8000,3891.2000,3891.0000,3893.6000,3894.8000,3895.0000,3896.2000,3897.0000,2,2,1,2,4,1,1,1,1,1
SF,IF2003,2019-11-14 09:30:54.000,3891.4000,10410,0,64239780.000,0,-,-,-,-,3892.2000,3892.0000,3891.8000,3891.2000,3891.0000,3893.6000,3894.8000,3895.0000,3896.2000,3897.0000,2,2,1,3,4,1,1,1,1,1
SF,IF2003,2019-11-14 09:30:54.500,3891.4000,10410,0,64239780.000,0,-,-,-,-,3892.2000,3892.0000,3891.8000,3891.2000,3891.0000,3893.6000,3895.0000,3896.2000,3897.0000,3899.6000,2,2,1,3,4,1,1,1,1,1
SF,IF2003,2019-11-14 09:30:56.000,3891.4000,10410,0,64239780.000,0,-,-,-,-,3892.2000,3892.0000,3891.8000,3891.2000,3891.0000,3893.6000,3895.0000,3896.2000,3897.0000,3899.6000,1,2,1,3,4,1,1,1,1,1
SF,IF2003,2019-11-14 09:30:56.500,3893.6000,10411,1,65407860.000,1,1,0,双开,S,3892.2000,3892.0000,3891.8000,3891.2000,3891.0000,3895.0000,3896.2000,3897.0000,3899.6000,3899.8000,3,2,1,3,4,1,1,1,1,2
SF,IF2003,2019-11-14 09:30:57.000,3893.6000,10411,0,65407860.000,0,-,-,-,-,3892.4000,3892.2000,3892.0000,3891.2000,3891.0000,3894.6000,3894.8000,3895.0000,3896.2000,3897.0000,1,2,2,3,4,3,4,1,1,1
SF,IF2003,2019-11-14 09:30:57.500,3893.6000,10411,0,65407860.000,0,-,-,-,-,3892.6000,3892.4000,3892.2000,3892.0000,3891.2000,3894.6000,3894.8000,3895.0000,3896.2000,3897.0000,1,1,2,2,3,3,1,1,1,1
SF,IF2003,2019-11-14 09:30:58.000,3893.6000,10411,0,65407860.000,0,-,-,-,-,3892.8000,3892.6000,3892.2000,3892.0000,3891.2000,3894.4000,3894.6000,3894.8000,3895.0000,3896.2000,1,1,2,2,3,2,3,1,1,1
SF,IF2003,2019-11-14 09:30:58.500,3893.6000,10411,0,65407860.000,0,-,-,-,-,3892.8000,3892.2000,3892.0000,3891.2000,3891.0000,3894.4000,3894.6000,3894.8000,3895.0000,3896.2000,1,2,2,3,4,3,3,1,1,1
SF,IF2003,2019-11-14 09:30:59.000,3893.6000,10411,0,65407860.000,0,-,-,-,-,3892.8000,3892.2000,3892.0000,3891.2000,3891.0000,3894.4000,3894.6000,3894.8000,3895.0000,3896.2000,1,2,2,3,4,3,3,1,1,1
SF,IF2003,2019-11-14 09:31:01.000,3893.6000,10411,0,65407860.000,0,-,-,-,-,3892.8000,3892.2000,3892.0000,3891.2000,3891.0000,3894.0000,3894.4000,3894.8000,3895.0000,3896.2000,1,2,2,3,4,3,3,1,2,1
SF,IF2003,2019-11-14 09:31:01.500,3892.8000,10410,-1,66575700.000,1,0,1,双平,S,3892.2000,3892.0000,3891.2000,3891.0000,3889.8000,3893.8000,3894.0000,3894.4000,3895.0000,3896.2000,1,2,3,4,1,2,4,2,2,1
SF,IF2003,2019-11-14 09:31:02.000,3892.2000,10409,-1,67743360.000,1,0,1,双平,S,3891.2000,3891.0000,3889.8000,3887.0000,3883.2000,3893.4000,3893.8000,3894.0000,3894.4000,3895.0000,3,4,1,4,1,3,2,1,1,2
SF,IF2003,2019-11-14 09:31:02.500,3892.2000,10409,0,67743360.000,0,-,-,-,-,3891.2000,3891.0000,3890.8000,3889.8000,3887.0000,3893.2000,3893.4000,3893.8000,3894.0000,3895.0000,2,4,1,1,4,3,4,1,1,2
SF,IF2003,2019-11-14 09:31:03.000,3892.2000,10409,0,67743360.000,0,-,-,-,-,3891.4000,3891.2000,3891.0000,3890.8000,3889.8000,3893.2000,3893.4000,3893.8000,3894.0000,3895.0000,1,2,4,1,1,3,5,1,1,2
SF,IF2003,2019-11-14 09:31:03.500,3892.2000,10409,0,67743360.000,0,-,-,-,-,3891.2000,3891.0000,3890.8000,3889.8000,3887.0000,3893.2000,3893.4000,3893.8000,3894.0000,3895.0000,2,4,1,1,4,3,5,1,1,2
SF,IF2003,2019-11-14 09:31:04.000,3892.2000,10409,0,67743360.000,0,-,-,-,-,3891.2000,3891.0000,3890.8000,3889.8000,3887.0000,3893.2000,3893.4000,3893.8000,3894.0000,3895.0000,2,4,1,1,4,3,5,1,1,2
SF,IF2003,2019-11-14 09:31:07.000,3892.2000,10409,0,67743360.000,0,-,-,-,-,3891.2000,3891.0000,3889.8000,3887.0000,3883.2000,3893.2000,3893.4000,3893.8000,3894.0000,3895.0000,2,4,1,4,1,3,3,1,1,2
SF,IF2003,2019-11-14 09:31:07.500,3892.2000,10409,0,67743360.000,0,-,-,-,-,3891.4000,3891.2000,3891.0000,3889.8000,3887.0000,3892.6000,3893.2000,3893.4000,3893.8000,3894.0000,1,2,4,1,4,1,3,3,1,1
SF,IF2003,2019-11-14 09:31:08.000,3892.2000,10409,0,67743360.000,0,-,-,-,-,3891.2000,3891.0000,3889.8000,3887.0000,3883.2000,3892.6000,3893.0000,3893.2000,3893.8000,3894.0000,2,4,1,4,1,1,3,2,1,1
SF,IF2003,2019-11-14 09:31:09.500,3892.2000,10409,0,67743360.000,0,-,-,-,-,3891.2000,3891.0000,3889.8000,3887.0000,3883.2000,3892.4000,3892.6000,3893.0000,3893.2000,3894.0000,2,4,1,4,1,1,1,3,2,1
SF,IF2003,2019-11-14 09:31:10.000,3892.2000,10409,0,67743360.000,0,-,-,-,-,3891.2000,3891.0000,3889.8000,3887.0000,3883.2000,3892.6000,3893.0000,3893.2000,3894.0000,3895.0000,2,4,1,4,1,1,3,2,1,2
SF,IF2003,2019-11-14 09:31:12.000,3892.2000,10409,0,67743360.000,0,-,-,-,-,3891.2000,3891.0000,3889.8000,3887.0000,3883.2000,3892.6000,3893.0000,3893.2000,3894.0000,3895.0000,2,4,1,4,1,1,3,2,1,2
SF,IF2003,2019-11-14 09:31:12.500,3892.2000,10409,0,67743360.000,0,-,-,-,-,3891.8000,3891.2000,3891.0000,3889.8000,3887.0000,3892.6000,3893.0000,3893.2000,3894.0000,3895.0000,1,2,4,1,4,1,3,2,1,2
SF,IF2003,2019-11-14 09:31:13.000,3891.8000,10409,0,68910900.000,1,0,1,多换,S,3891.2000,3891.0000,3889.8000,3887.0000,3883.2000,3892.6000,3893.0000,3893.2000,3894.0000,3895.0000,2,4,1,4,1,1,3,2,1,2
SF,IF2003,2019-11-14 09:31:14.000,3891.8000,10409,0,68910900.000,0,-,-,-,-,3891.2000,3891.0000,3889.8000,3887.0000,3883.2000,3892.4000,3892.6000,3893.0000,3893.2000,3894.0000,2,4,1,4,1,2,1,3,2,1
SF,IF2003,2019-11-14 09:31:14.500,3892.4000,10409,0,70078620.000,1,0,1,多换,S,3891.2000,3891.0000,3889.8000,3887.0000,3883.2000,3893.0000,3893.2000,3894.0000,3895.0000,3896.0000,2,4,1,4,1,3,1,1,2,1
SF,IF2003,2019-11-14 09:31:15.000,3892.4000,10409,0,70078620.000,0,-,-,-,-,3891.2000,3891.0000,3889.8000,3887.0000,3883.2000,3892.0000,3892.4000,3892.8000,3893.0000,3894.0000,2,4,1,4,1,4,1,3,1,1
SF,IF2003,2019-11-14 09:31:15.500,3891.2000,10409,0,72413340.000,2,1,1,多换,S,3891.0000,3889.8000,3887.0000,3883.2000,3881.0000,3892.0000,3892.4000,3892.8000,3893.0000,3894.0000,4,1,4,1,1,3,1,1,1,1
SF,IF2003,2019-11-14 09:31:16.000,3891.2000,10409,0,72413340.000,0,-,-,-,-,3891.0000,3889.8000,3887.0000,3883.2000,3881.0000,3892.4000,3892.8000,3893.0000,3894.0000,3895.0000,4,1,4,1,1,2,1,1,1,2
SF,IF2003,2019-11-14 09:31:16.500,3891.2000,10409,0,72413340.000,0,-,-,-,-,3891.0000,3889.8000,3887.0000,3883.2000,3881.0000,3892.2000,3892.4000,3892.8000,3893.0000,3894.0000,4,1,4,1,1,1,2,1,1,1
SF,IF2003,2019-11-14 09:31:17.000,3891.2000,10409,0,72413340.000,0,-,-,-,-,3891.0000,3889.8000,3887.0000,3883.2000,3881.0000,3892.4000,3892.8000,3894.0000,3895.0000,3896.0000,4,1,4,1,1,1,1,1,2,1
SF,IF2003,2019-11-14 09:31:18.000,3891.0000,10409,0,77082540.000,4,2,2,多换,S,3889.8000,3887.0000,3883.2000,3881.0000,3880.8000,3892.0000,3892.2000,3892.4000,3892.8000,3894.0000,1,4,1,1,10,3,1,2,1,1
SF,IF2003,2019-11-14 09:31:18.500,3891.0000,10409,0,77082540.000,0,-,-,-,-,3889.8000,3887.0000,3883.2000,3881.0000,3880.8000,3891.8000,3892.0000,3892.2000,3892.4000,3894.0000,1,4,1,1,10,2,3,1,2,1
SF,IF2003,2019-11-14 09:31:19.000,3891.0000,10409,0,77082540.000,0,-,-,-,-,3889.8000,3887.0000,3883.2000,3881.0000,3880.8000,3891.4000,3891.8000,3892.2000,3892.4000,3894.0000,1,4,1,1,10,3,2,1,2,1
SF,IF2003,2019-11-14 09:31:19.500,3891.0000,10409,0,77082540.000,0,-,-,-,-,3889.8000,3887.0000,3883.2000,3881.0000,3880.8000,3891.4000,3891.8000,3892.2000,3892.4000,3894.0000,1,4,1,1,10,3,1,1,2,1
SF,IF2003,2019-11-14 09:31:20.000,3891.0000,10409,0,77082540.000,0,-,-,-,-,3889.8000,3883.2000,3881.0000,3880.8000,3880.6000,3891.2000,3891.4000,3891.6000,3891.8000,3892.2000,1,1,1,10,1,1,3,1,1,1
SF,IF2003,2019-11-14 09:31:20.500,3891.0000,10409,0,77082540.000,0,-,-,-,-,3890.0000,3889.8000,3883.2000,3881.0000,3880.8000,3891.4000,3891.8000,3892.4000,3894.0000,3895.0000,1,1,1,1,10,1,1,2,1,2
SF,IF2003,2019-11-14 09:31:21.000,3891.0000,10409,0,77082540.000,0,-,-,-,-,3889.8000,3883.2000,3881.0000,3880.8000,3880.6000,3891.4000,3891.8000,3892.4000,3894.0000,3895.0000,1,1,1,10,1,1,1,2,1,2
SF,IF2003,2019-11-14 09:31:21.500,3891.0000,10409,0,77082540.000,0,-,-,-,-,3889.8000,3883.2000,3881.0000,3880.8000,3880.6000,3891.4000,3891.8000,3892.4000,3894.0000,3895.0000,1,1,1,10,1,1,1,2,1,2
SF,IF2003,2019-11-14 09:31:22.000,3891.0000,10409,0,77082540.000,0,-,-,-,-,3889.8000,3883.2000,3881.0000,3880.8000,3880.6000,3891.8000,3892.4000,3894.0000,3895.0000,3896.0000,1,1,1,10,1,1,2,1,2,1
SF,IF2003,2019-11-14 09:31:22.500,3891.0000,10409,0,77082540.000,0,-,-,-,-,3889.8000,3889.6000,3889.4000,3883.2000,3881.0000,3891.4000,3891.6000,3891.8000,3892.4000,3894.0000,1,1,1,1,1,3,1,1,2,1
SF,IF2003,2019-11-14 09:31:23.000,3891.0000,10409,0,77082540.000,0,-,-,-,-,3889.8000,3889.6000,3889.4000,3883.2000,3881.0000,3891.4000,3891.8000,3892.4000,3894.0000,3895.0000,1,1,1,1,1,3,1,2,1,2
SF,IF2003,2019-11-14 09:31:23.500,3891.0000,10409,0,77082540.000,0,-,-,-,-,3889.8000,3889.6000,3889.4000,3883.2000,3881.0000,3891.4000,3891.8000,3892.4000,3894.0000,3895.0000,1,1,1,1,1,3,1,2,1,2
SF,IF2003,2019-11-14 09:31:24.000,3891.0000,10409,0,77082540.000,0,-,-,-,-,3890.0000,3889.8000,3889.6000,3883.2000,3881.0000,3891.8000,3892.4000,3894.0000,3895.0000,3896.0000,1,1,1,1,1,1,2,1,2,1
SF,IF2003,2019-11-14 09:31:24.500,3890.0000,10409,0,78249540.000,1,0,1,多换,S,3890.0000,3889.8000,3889.6000,3888.8000,3883.2000,3891.8000,3892.2000,3892.4000,3894.0000,3895.0000,1,1,1,1,1,1,1,2,1,2
SF,IF2003,2019-11-14 09:31:25.000,3890.0000,10409,0,78249540.000,0,-,-,-,-,3890.0000,3889.8000,3889.6000,3883.2000,3881.0000,3891.6000,3891.8000,3892.4000,3894.0000,3895.0000,1,2,1,1,1,1,1,2,1,2
SF,IF2003,2019-11-14 09:31:25.500,3891.8000,10408,-1,79417080.000,1,0,1,双平,S,3890.4000,3890.2000,3890.0000,3889.8000,3889.6000,3894.0000,3895.0000,3896.0000,3898.0000,3900.0000,7,2,1,2,1,1,2,1,10,7
SF,IF2003,2019-11-14 09:31:26.000,3891.8000,10408,0,79417080.000,0,-,-,-,-,3890.6000,3890.4000,3890.2000,3890.0000,3889.8000,3893.4000,3893.6000,3894.0000,3895.0000,3896.0000,2,7,2,1,2,5,3,1,2,1
SF,IF2003,2019-11-14 09:31:26.500,3891.8000,10408,0,79417080.000,0,-,-,-,-,3891.0000,3890.8000,3890.6000,3890.0000,3889.8000,3893.2000,3893.6000,3894.0000,3895.0000,3896.0000,4,4,4,1,1,1,3,1,2,1
SF,IF2003,2019-11-14 09:31:27.000,3891.8000,10408,0,79417080.000,0,-,-,-,-,3891.2000,3890.6000,3890.0000,3889.8000,3889.6000,3893.0000,3893.2000,3893.4000,3894.0000,3895.0000,1,1,1,1,1,3,1,1,1,2
SF,IF2003,2019-11-14 09:31:27.500,3891.8000,10408,0,79417080.000,0,-,-,-,-,3891.2000,3890.6000,3889.8000,3889.6000,3883.2000,3892.8000,3893.4000,3894.0000,3895.0000,3896.0000,2,1,1,1,1,1,1,1,2,1
SF,IF2003,2019-11-14 09:31:28.500,3891.8000,10408,0,79417080.000,0,-,-,-,-,3891.2000,3890.6000,3889.8000,3889.6000,3888.6000,3892.6000,3892.8000,3893.4000,3894.0000,3895.0000,2,1,1,1,1,1,1,1,1,2
SF,IF2003,2019-11-14 09:31:29.000,3891.2000,10408,0,80584440.000,1,0,1,多换,S,3891.2000,3890.6000,3889.8000,3889.6000,3888.6000,3892.6000,3893.4000,3894.0000,3895.0000,3896.0000,1,1,1,1,1,1,1,1,2,1
SF,IF2003,2019-11-14 09:31:29.500,3891.2000,10408,0,80584440.000,0,-,-,-,-,3891.2000,3890.6000,3889.8000,3889.6000,3888.6000,3892.4000,3892.6000,3893.4000,3894.0000,3895.0000,1,1,1,1,1,1,1,1,1,2
SF,IF2003,2019-11-14 09:31:31.000,3891.2000,10408,0,80584440.000,0,-,-,-,-,3891.2000,3890.6000,3889.8000,3889.6000,3888.6000,3892.4000,3892.6000,3893.4000,3895.0000,3896.0000,1,1,1,1,1,1,1,1,2,1
SF,IF2003,2019-11-14 09:31:31.500,3891.2000,10408,0,80584440.000,0,-,-,-,-,3891.4000,3891.2000,3890.6000,3889.8000,3889.6000,3892.4000,3892.6000,3893.4000,3895.0000,3896.0000,1,1,1,1,1,2,1,1,2,1
SF,IF2003,2019-11-14 09:31:32.000,3891.2000,10408,0,80584440.000,0,-,-,-,-,3891.4000,3891.2000,3890.6000,3889.8000,3889.6000,3892.2000,3892.4000,3892.6000,3893.4000,3895.0000,1,1,1,1,1,1,2,1,1,2
SF,IF2003,2019-11-14 09:31:32.500,3891.2000,10408,0,80584440.000,0,-,-,-,-,3891.2000,3890.6000,3889.8000,3889.6000,3888.6000,3892.2000,3892.4000,3892.6000,3893.4000,3895.0000,1,1,1,1,1,1,1,1,1,2
SF,IF2003,2019-11-14 09:31:33.000,3891.2000,10408,0,80584440.000,0,-,-,-,-,3891.2000,3890.6000,3889.8000,3889.6000,3888.6000,3892.0000,3892.2000,3892.4000,3892.6000,3893.4000,1,1,1,1,1,1,1,1,1,1
SF,IF2003,2019-11-14 09:31:33.500,3891.2000,10408,0,80584440.000,0,-,-,-,-,3890.6000,3889.8000,3889.6000,3888.6000,3883.2000,3892.0000,3892.2000,3892.4000,3892.6000,3893.4000,1,1,1,1,1,1,1,1,1,1
SF,IF2003,2019-11-14 09:31:34.000,3891.2000,10408,0,80584440.000,0,-,-,-,-,3890.8000,3890.6000,3889.8000,3889.6000,3888.6000,3891.8000,3892.0000,3892.2000,3892.4000,3892.6000,1,1,1,1,1,1,1,1,1,1
SF,IF2003,2019-11-14 09:31:34.500,3891.8000,10408,0,81751980.000,1,0,1,多换,S,3891.0000,3890.8000,3890.6000,3889.8000,3889.6000,3892.2000,3892.4000,3892.6000,3895.0000,3896.0000,1,1,1,1,1,1,1,1,2,1
SF,IF2003,2019-11-14 09:31:35.000,3891.8000,10408,0,81751980.000,0,-,-,-,-,3891.8000,3891.0000,3890.8000,3890.6000,3889.8000,3892.2000,3892.4000,3892.6000,3895.0000,3896.0000,1,1,1,1,1,1,1,1,2,1
SF,IF2003,2019-11-14 09:31:35.500,3891.8000,10408,0,81751980.000,0,-,-,-,-,3891.0000,3890.8000,3890.6000,3889.8000,3889.6000,3892.2000,3892.4000,3892.6000,3895.0000,3896.0000,1,1,1,1,1,1,1,1,2,1
SF,IF2003,2019-11-14 09:31:36.000,3890.8000,10408,0,84086520.000,2,1,1,多换,S,3889.8000,3889.6000,3888.6000,3883.2000,3881.2000,3891.8000,3892.0000,3892.2000,3892.4000,3892.6000,1,1,1,1,5,1,1,1,1,1
SF,IF2003,2019-11-14 09:31:36.500,3890.8000,10408,0,84086520.000,0,-,-,-,-,3890.2000,3890.0000,3889.8000,3889.6000,3888.6000,3891.6000,3891.8000,3892.0000,3892.2000,3892.4000,9,3,1,1,1,1,1,1,1,1
SF,IF2003,2019-11-14 09:31:37.000,3890.8000,10408,0,84086520.000,0,-,-,-,-,3890.4000,3890.2000,3890.0000,3889.8000,3889.6000,3891.6000,3891.8000,3892.0000,3892.2000,3892.4000,2,9,2,1,1,1,1,1,1,1
SF,IF2003,2019-11-14 09:31:37.500,3890.8000,10408,0,84086520.000,0,-,-,-,-,3890.6000,3890.4000,3890.2000,3890.0000,3889.8000,3891.8000,3892.0000,3892.2000,3892.4000,3892.6000,4,2,5,2,1,1,1,1,1,1
SF,IF2003,2019-11-14 09:31:38.000,3891.8000,10409,1,85254060.000,1,1,0,双开,S,3891.8000,3890.8000,3890.6000,3890.4000,3890.2000,3892.0000,3892.4000,3895.0000,3896.0000,3898.0000,1,3,10,2,2,1,1,2,1,10
SF,IF2003,2019-11-14 09:31:38.500,3892.0000,10408,-1,86421660.000,1,0,1,双平,S,3892.0000,3891.6000,3890.8000,3890.6000,3890.4000,3892.4000,3895.0000,3896.0000,3898.0000,3900.0000,3,1,1,8,2,1,2,1,10,7
SF,IF2003,2019-11-14 09:31:39.000,3892.0000,10407,-1,87589260.000,1,0,1,双平,S,3891.6000,3890.8000,3890.6000,3890.4000,3890.2000,3892.2000,3892.4000,3895.0000,3896.0000,3898.0000,1,1,5,2,2,2,1,2,1,10
SF,IF2003,2019-11-14 09:31:39.500,3892.0000,10407,0,87589260.000,0,-,-,-,-,3891.6000,3890.8000,3890.6000,3890.4000,3890.2000,3892.2000,3892.4000,3895.0000,3896.0000,3898.0000,1,1,4,2,2,2,1,2,1,10
SF,IF2003,2019-11-14 09:31:40.000,3891.6000,10408,1,88756740.000,1,1,0,双开,S,3890.8000,3890.6000,3890.4000,3890.2000,3890.0000,3892.2000,3892.4000,3895.0000,3896.0000,3898.0000,1,4,2,2,1,2,1,2,1,10
SF,IF2003,2019-11-14 09:31:40.500,3892.0000,10406,-2,92259660.000,3,0,3,多平,S,3891.0000,3890.8000,3890.6000,3890.4000,3890.2000,3892.4000,3895.0000,3896.0000,3898.0000,3900.0000,3,1,4,2,2,1,2,1,10,7
SF,IF2003,2019-11-14 09:31:42.000,3892.0000,10406,0,92259660.000,0,-,-,-,-,3891.2000,3891.0000,3890.8000,3890.6000,3890.4000,3892.2000,3892.4000,3895.0000,3896.0000,3898.0000,2,2,1,4,2,1,1,2,1,10
SF,IF2003,2019-11-14 09:31:42.500,3892.0000,10406,0,92259660.000,0,-,-,-,-,3891.2000,3891.0000,3890.6000,3890.4000,3890.2000,3892.2000,3892.4000,3895.0000,3896.0000,3898.0000,3,1,4,2,2,1,1,2,1,10
SF,IF2003,2019-11-14 09:31:43.000,3892.2000,10406,0,93427320.000,1,0,1,多换,S,3891.2000,3891.0000,3890.6000,3890.4000,3890.2000,3892.4000,3895.0000,3896.0000,3898.0000,3900.0000,3,1,4,2,2,1,2,1,10,7
SF,IF2003,2019-11-14 09:31:43.500,3892.2000,10406,0,93427320.000,0,-,-,-,-,3891.4000,3891.2000,3891.0000,3890.6000,3890.4000,3892.4000,3895.0000,3896.0000,3898.0000,3900.0000,2,3,1,4,2,1,2,1,10,7
SF,IF2003,2019-11-14 09:31:44.000,3892.2000,10406,0,93427320.000,0,-,-,-,-,3891.4000,3891.2000,3891.0000,3890.4000,3890.2000,3892.4000,3895.0000,3896.0000,3898.0000,3900.0000,6,3,1,2,2,1,2,1,10,7
SF,IF2003,2019-11-14 09:31:44.500,3892.2000,10406,0,93427320.000,0,-,-,-,-,3891.4000,3891.2000,3891.0000,3890.4000,3890.2000,3892.0000,3892.2000,3892.4000,3895.0000,3896.0000,2,3,1,2,2,1,1,1,2,1
SF,IF2003,2019-11-14 09:31:45.000,3892.0000,10405,-1,94594920.000,1,0,1,双平,S,3892.0000,3891.4000,3891.2000,3891.0000,3890.4000,3892.2000,3892.4000,3895.0000,3896.0000,3898.0000,1,1,3,1,2,1,1,2,1,11
SF,IF2003,2019-11-14 09:31:45.500,3892.4000,10406,1,96930300.000,2,1,1,空开,S,3892.2000,3891.4000,3891.2000,3891.0000,3890.4000,3895.0000,3896.0000,3898.0000,3900.0000,3902.8000,1,1,3,1,2,2,1,11,7,1
SF,IF2003,2019-11-14 09:31:46.000,3892.4000,10406,0,96930300.000,0,-,-,-,-,3891.4000,3891.2000,3891.0000,3890.4000,3890.2000,3892.0000,3894.0000,3894.6000,3894.8000,3895.0000,1,3,1,2,2,1,1,6,4,2
SF,IF2003,2019-11-14 09:31:46.500,3892.0000,10406,0,98097900.000,1,0,1,多换,S,3892.0000,3891.4000,3891.2000,3891.0000,3890.4000,3894.0000,3894.6000,3894.8000,3895.0000,3896.0000,1,1,3,1,2,1,3,4,2,1
SF,IF2003,2019-11-14 09:31:47.000,3892.0000,10406,0,98097900.000,0,-,-,-,-,3892.0000,3891.4000,3891.2000,3891.0000,3890.4000,3893.6000,3893.8000,3894.0000,3894.8000,3895.0000,1,1,3,1,2,3,4,1,3,2
SF,IF2003,2019-11-14 09:31:47.500,3892.0000,10405,-1,99265500.000,1,0,1,双平,S,3891.4000,3891.2000,3891.0000,3890.4000,3890.2000,3893.4000,3893.6000,3893.8000,3894.8000,3895.0000,1,3,1,2,2,3,3,2,2,2
SF,IF2003,2019-11-14 09:31:48.000,3892.0000,10405,0,99265500.000,0,-,-,-,-,3891.4000,3891.2000,3891.0000,3890.4000,3890.2000,3893.0000,3893.2000,3893.4000,3893.8000,3894.8000,1,2,1,2,2,1,4,4,1,2
SF,IF2003,2019-11-14 09:31:48.500,3892.0000,10405,0,99265500.000,0,-,-,-,-,3891.4000,3891.2000,3891.0000,3890.4000,3890.2000,3892.8000,3893.0000,3893.2000,3893.4000,3893.8000,1,2,1,2,2,1,2,4,2,1
SF,IF2003,2019-11-14 09:31:49.000,3892.0000,10405,0,99265500.000,0,-,-,-,-,3891.6000,3891.4000,3891.2000,3891.0000,3890.4000,3892.8000,3893.0000,3893.2000,3893.4000,3893.8000,1,1,2,1,2,1,2,4,2,1
SF,IF2003,2019-11-14 09:31:49.500,3892.0000,10405,0,99265500.000,0,-,-,-,-,3891.6000,3891.4000,3891.2000,3891.0000,3890.4000,3892.8000,3893.0000,3893.2000,3893.4000,3893.8000,1,2,2,1,2,1,2,4,2,1
SF,IF2003,2019-11-14 09:31:50.500,3892.0000,10405,0,99265500.000,0,-,-,-,-,3891.6000,3891.4000,3891.2000,3891.0000,3890.4000,3892.8000,3893.0000,3893.2000,3893.4000,3893.8000,1,2,2,1,2,2,2,1,2,1
SF,IF2003,2019-11-14 09:31:51.000,3892.0000,10405,0,99265500.000,0,-,-,-,-,3891.8000,3891.6000,3891.4000,3891.2000,3891.0000,3892.8000,3893.0000,3893.2000,3893.4000,3893.8000,1,1,2,2,1,1,1,1,1,1
SF,IF2003,2019-11-14 09:31:51.500,3892.8000,10404,-1,100433340.000,1,0,1,双平,S,3892.0000,3891.6000,3891.4000,3891.2000,3891.0000,3893.0000,3893.2000,3893.8000,3894.8000,3895.0000,2,1,2,2,1,1,1,1,2,2
SF,IF2003,2019-11-14 09:31:52.000,3893.0000,10404,0,101601240.000,1,0,1,多换,S,3892.2000,3892.0000,3891.6000,3891.4000,3891.2000,3893.8000,3894.8000,3895.0000,3896.0000,3898.0000,2,2,1,1,2,1,2,2,1,11
SF,IF2003,2019-11-14 09:31:52.500,3893.0000,10404,0,101601240.000,0,-,-,-,-,3892.2000,3892.0000,3891.6000,3891.4000,3891.2000,3893.8000,3894.8000,3895.0000,3896.0000,3898.0000,2,1,1,1,2,1,1,2,1,11
SF,IF2003,2019-11-14 09:31:53.000,3893.0000,10404,0,101601240.000,0,-,-,-,-,3892.4000,3892.2000,3892.0000,3891.6000,3891.4000,3894.8000,3895.0000,3896.0000,3898.0000,3900.0000,1,3,1,1,1,1,2,1,11,8
SF,IF2003,2019-11-14 09:31:53.500,3893.0000,10404,0,101601240.000,0,-,-,-,-,3892.4000,3892.2000,3892.0000,3891.4000,3891.2000,3894.4000,3894.6000,3894.8000,3895.0000,3896.0000,1,3,1,1,2,1,6,1,2,1
SF,IF2003,2019-11-14 09:31:54.000,3893.0000,10404,0,101601240.000,0,-,-,-,-,3892.4000,3892.2000,3892.0000,3891.4000,3891.2000,3894.2000,3894.4000,3894.6000,3894.8000,3895.0000,1,3,1,1,2,3,1,4,1,2
SF,IF2003,2019-11-14 09:31:54.500,3893.0000,10404,0,101601240.000,0,-,-,-,-,3892.4000,3892.2000,3892.0000,3891.4000,3891.2000,3894.2000,3894.4000,3894.6000,3894.8000,3895.0000,1,3,1,1,2,6,1,1,1,2
SF,IF2003,2019-11-14 09:31:55.000,3893.0000,10404,0,101601240.000,0,-,-,-,-,3892.4000,3892.2000,3892.0000,3891.4000,3891.2000,3894.2000,3894.6000,3894.8000,3895.0000,3896.0000,1,3,1,1,2,6,1,1,2,1
SF,IF2003,2019-11-14 09:31:55.500,3893.0000,10404,0,101601240.000,0,-,-,-,-,3892.4000,3892.2000,3892.0000,3891.4000,3891.2000,3894.0000,3894.2000,3894.6000,3894.8000,3895.0000,1,1,1,1,2,1,6,1,1,2
SF,IF2003,2019-11-14 09:31:56.000,3893.0000,10404,0,101601240.000,0,-,-,-,-,3892.4000,3892.2000,3892.0000,3891.4000,3891.2000,3893.8000,3894.0000,3894.2000,3894.8000,3895.0000,1,1,1,1,2,2,1,5,1,2
SF,IF2003,2019-11-14 09:31:57.500,3893.0000,10404,0,101601240.000,0,-,-,-,-,3892.4000,3892.2000,3892.0000,3891.4000,3891.2000,3893.8000,3894.0000,3894.2000,3894.8000,3895.0000,1,2,1,1,2,2,1,5,1,2
SF,IF2003,2019-11-14 09:31:58.000,3893.0000,10404,0,101601240.000,0,-,-,-,-,3892.2000,3892.0000,3891.4000,3891.2000,3891.0000,3893.8000,3894.2000,3894.8000,3895.0000,3896.0000,1,1,1,2,1,2,5,1,2,1
SF,IF2003,2019-11-14 09:31:58.500,3893.0000,10404,0,101601240.000,0,-,-,-,-,3892.2000,3892.0000,3891.4000,3891.2000,3891.0000,3893.6000,3893.8000,3894.2000,3894.8000,3895.0000,1,1,1,2,1,1,2,5,1,2
SF,IF2003,2019-11-14 09:31:59.000,3893.0000,10404,0,101601240.000,0,-,-,-,-,3892.2000,3892.0000,3891.4000,3891.2000,3891.0000,3893.2000,3893.6000,3893.8000,3894.2000,3894.8000,2,1,1,2,1,1,1,1,5,1
SF,IF2003,2019-11-14 09:31:59.500,3893.0000,10404,0,101601240.000,0,-,-,-,-,3892.2000,3892.0000,3891.4000,3891.2000,3891.0000,3893.2000,3893.6000,3893.8000,3894.2000,3894.8000,1,1,1,2,1,1,1,1,5,1
SF,IF2003,2019-11-14 09:32:00.000,3893.0000,10404,0,101601240.000,0,-,-,-,-,3892.0000,3891.4000,3891.2000,3891.0000,3890.4000,3893.2000,3893.6000,3893.8000,3894.2000,3894.8000,1,1,2,1,2,1,1,1,5,1
SF,IF2003,2019-11-14 09:32:02.000,3892.0000,10404,0,102768840.000,1,0,1,多换,S,3891.4000,3891.2000,3891.0000,3890.4000,3890.0000,3892.8000,3893.0000,3893.2000,3893.4000,3893.6000,1,2,2,2,1,3,3,1,1,1
SF,IF2003,2019-11-14 09:32:02.500,3892.0000,10404,0,102768840.000,0,-,-,-,-,3891.2000,3891.0000,3890.4000,3890.0000,3889.8000,3892.6000,3893.0000,3893.2000,3893.4000,3894.2000,2,2,1,1,1,3,1,1,1,1
SF,IF2003,2019-11-14 09:32:03.000,3892.0000,10404,0,102768840.000,0,-,-,-,-,3891.4000,3891.2000,3891.0000,3890.4000,3890.0000,3892.4000,3893.0000,3893.2000,3894.2000,3894.8000,2,2,2,1,1,1,1,1,1,1
SF,IF2003,2019-11-14 09:32:03.500,3892.4000,10403,-1,103936560.000,1,0,1,双平,S,3891.4000,3891.2000,3891.0000,3890.4000,3890.0000,3893.2000,3894.2000,3894.8000,3895.0000,3896.0000,6,2,2,1,1,1,1,1,2,1
SF,IF2003,2019-11-14 09:32:04.000,3892.4000,10403,0,103936560.000,0,-,-,-,-,3891.6000,3891.4000,3891.2000,3891.0000,3890.4000,3893.0000,3893.2000,3894.8000,3895.0000,3896.0000,2,6,2,2,1,1,1,1,2,1
SF,IF2003,2019-11-14 09:32:04.500,3892.4000,10403,0,103936560.000,0,-,-,-,-,3891.6000,3891.4000,3891.2000,3891.0000,3890.4000,3893.0000,3893.2000,3894.8000,3895.0000,3896.0000,3,4,2,2,1,1,1,1,2,1
SF,IF2003,2019-11-14 09:32:05.500,3892.4000,10403,0,103936560.000,0,-,-,-,-,3891.8000,3891.6000,3891.2000,3891.0000,3890.4000,3893.0000,3893.2000,3894.8000,3895.0000,3896.0000,6,2,2,2,1,1,1,1,2,1
SF,IF2003,2019-11-14 09:32:06.000,3892.4000,10403,0,103936560.000,0,-,-,-,-,3892.2000,3892.0000,3891.8000,3891.6000,3891.2000,3893.2000,3894.8000,3895.0000,3896.0000,3898.0000,1,3,8,2,2,1,1,2,1,11
SF,IF2003,2019-11-14 09:32:06.500,3892.4000,10403,0,103936560.000,0,-,-,-,-,3892.2000,3892.0000,3891.8000,3891.6000,3891.2000,3893.2000,3894.8000,3895.0000,3896.0000,3898.0000,1,2,7,2,2,1,1,2,1,11
SF,IF2003,2019-11-14 09:32:07.000,3892.4000,10403,0,103936560.000,0,-,-,-,-,3892.4000,3892.2000,3892.0000,3891.8000,3891.6000,3893.2000,3894.8000,3895.0000,3896.0000,3898.0000,2,1,2,7,1,1,1,2,1,11
SF,IF2003,2019-11-14 09:32:07.500,3893.2000,10403,0,105104520.000,1,0,1,多换,S,3893.4000,3893.2000,3892.4000,3892.2000,3892.0000,3894.8000,3895.0000,3896.0000,3898.0000,3900.0000,1,1,9,1,1,1,2,1,11,8
SF,IF2003,2019-11-14 09:32:08.000,3893.2000,10403,0,105104520.000,0,-,-,-,-,3893.2000,3892.4000,3892.2000,3892.0000,3891.6000,3894.6000,3894.8000,3895.0000,3896.0000,3898.0000,1,5,1,1,1,5,1,2,1,11
SF,IF2003,2019-11-14 09:32:08.500,3893.2000,10403,0,105104520.000,0,-,-,-,-,3893.2000,3892.4000,3892.2000,3892.0000,3891.6000,3894.4000,3894.6000,3894.8000,3895.0000,3896.0000,1,1,1,1,1,3,5,1,2,1
SF,IF2003,2019-11-14 09:32:09.000,3893.2000,10403,0,105104520.000,0,-,-,-,-,3893.2000,3892.4000,3892.2000,3892.0000,3891.6000,3894.4000,3894.6000,3894.8000,3895.0000,3896.0000,1,1,1,1,1,3,4,1,2,1
SF,IF2003,2019-11-14 09:32:09.500,3893.2000,10403,0,105104520.000,0,-,-,-,-,3893.2000,3892.4000,3892.2000,3892.0000,3891.6000,3894.6000,3895.0000,3896.0000,3898.0000,3900.0000,1,1,1,1,1,4,2,1,11,8
SF,IF2003,2019-11-14 09:32:10.000,3893.2000,10403,0,105104520.000,0,-,-,-,-,3893.2000,3892.2000,3892.0000,3891.6000,3891.2000,3894.6000,3895.0000,3896.0000,3898.0000,3900.0000,1,1,1,1,2,2,2,1,11,8
SF,IF2003,2019-11-14 09:32:11.500,3893.2000,10403,0,105104520.000,0,-,-,-,-,3893.4000,3893.2000,3892.2000,3892.0000,3891.6000,3894.6000,3895.0000,3896.0000,3898.0000,3900.0000,1,1,1,1,1,1,2,1,11,8
SF,IF2003,2019-11-14 09:32:12.000,3893.2000,10403,0,105104520.000,0,-,-,-,-,3893.2000,3892.2000,3892.0000,3891.6000,3891.2000,3894.6000,3895.0000,3896.0000,3898.0000,3900.0000,1,1,1,1,2,1,2,1,11,8
SF,IF2003,2019-11-14 09:32:12.500,3893.2000,10403,0,105104520.000,0,-,-,-,-,3893.4000,3893.2000,3892.8000,3892.2000,3892.0000,3894.6000,3895.0000,3896.0000,3898.0000,3900.0000,1,1,1,1,1,1,2,1,11,8
SF,IF2003,2019-11-14 09:32:13.500,3893.2000,10403,0,105104520.000,0,-,-,-,-,3893.4000,3893.2000,3892.8000,3892.2000,3892.0000,3894.6000,3894.8000,3895.0000,3896.0000,3898.0000,1,1,1,1,1,1,1,2,1,11
SF,IF2003,2019-11-14 09:32:14.000,3893.2000,10403,0,105104520.000,0,-,-,-,-,3893.2000,3892.8000,3892.2000,3892.0000,3891.6000,3894.6000,3894.8000,3895.0000,3896.0000,3898.0000,1,1,1,1,1,1,1,2,1,11
SF,IF2003,2019-11-14 09:32:14.500,3894.6000,10405,2,109777860.000,4,3,1,空开,S,3894.6000,3893.2000,3892.8000,3892.6000,3892.2000,3894.8000,3895.0000,3896.0000,3898.0000,3900.0000,6,1,1,1,1,2,2,2,11,8
SF,IF2003,2019-11-14 09:32:15.000,3894.6000,10405,0,116788140.000,6,3,3,多换,S,3893.2000,3892.8000,3892.2000,3892.0000,3891.6000,3894.4000,3894.6000,3894.8000,3895.0000,3896.0000,1,1,1,1,1,2,2,1,2,1
SF,IF2003,2019-11-14 09:32:15.500,3894.6000,10405,0,116788140.000,0,-,-,-,-,3893.4000,3893.2000,3892.8000,3892.2000,3892.0000,3894.6000,3894.8000,3895.0000,3896.0000,3898.0000,1,1,1,1,1,3,1,2,1,11
SF,IF2003,2019-11-14 09:32:16.000,3894.6000,10405,0,116788140.000,0,-,-,-,-,3893.4000,3893.2000,3892.8000,3892.2000,3892.0000,3894.6000,3894.8000,3895.0000,3896.0000,3897.6000,1,1,1,1,1,3,2,2,1,2
SF,IF2003,2019-11-14 09:32:16.500,3894.6000,10405,0,116788140.000,0,-,-,-,-,3893.6000,3893.4000,3893.2000,3892.8000,3892.2000,3894.6000,3894.8000,3895.0000,3896.0000,3897.6000,1,1,1,1,1,1,1,2,1,2
SF,IF2003,2019-11-14 09:32:17.000,3894.6000,10405,0,116788140.000,0,-,-,-,-,3893.8000,3893.2000,3892.2000,3892.0000,3891.6000,3894.6000,3894.8000,3895.0000,3896.0000,3897.6000,2,1,1,1,1,1,1,2,1,2
SF,IF2003,2019-11-14 09:32:17.500,3894.6000,10405,0,116788140.000,0,-,-,-,-,3893.2000,3892.2000,3892.0000,3891.6000,3891.2000,3894.6000,3894.8000,3895.0000,3896.0000,3897.6000,1,1,1,1,2,1,1,2,1,2
SF,IF2003,2019-11-14 09:32:18.000,3894.6000,10405,0,116788140.000,0,-,-,-,-,3893.4000,3893.2000,3892.2000,3892.0000,3891.6000,3894.6000,3894.8000,3895.0000,3896.0000,3897.6000,6,1,1,1,1,1,1,2,1,2
SF,IF2003,2019-11-14 09:32:19.000,3894.6000,10405,0,116788140.000,0,-,-,-,-,3893.4000,3893.2000,3892.2000,3892.0000,3891.6000,3894.6000,3894.8000,3895.0000,3896.0000,3897.6000,6,1,1,1,1,1,2,2,1,2
SF,IF2003,2019-11-14 09:32:19.500,3894.6000,10405,0,116788140.000,0,-,-,-,-,3893.6000,3893.4000,3893.2000,3892.2000,3892.0000,3894.6000,3894.8000,3895.0000,3896.0000,3897.6000,2,4,1,1,1,1,1,2,1,2
SF,IF2003,2019-11-14 09:32:20.000,3894.6000,10405,0,116788140.000,0,-,-,-,-,3893.8000,3893.6000,3893.4000,3893.2000,3892.2000,3894.8000,3895.0000,3896.0000,3897.6000,3898.0000,2,2,2,1,1,1,2,1,2,11
SF,IF2003,2019-11-14 09:32:20.500,3893.8000,10404,-1,117956280.000,1,0,1,双平,S,3893.8000,3893.6000,3893.4000,3893.2000,3892.8000,3894.6000,3894.8000,3895.0000,3896.0000,3896.2000,1,2,2,1,1,1,1,2,1,1
SF,IF2003,2019-11-14 09:32:21.000,3893.8000,10404,0,117956280.000,0,-,-,-,-,3894.0000,3893.6000,3893.4000,3893.2000,3892.2000,3894.6000,3894.8000,3895.0000,3896.0000,3897.0000,1,2,2,1,1,1,1,2,1,1
SF,IF2003,2019-11-14 09:32:21.500,3894.6000,10404,0,119124660.000,1,0,1,多换,S,3894.0000,3893.6000,3893.4000,3893.2000,3892.2000,3894.8000,3895.0000,3896.0000,3897.0000,3897.6000,1,2,2,1,1,1,2,1,1,2
SF,IF2003,2019-11-14 09:32:22.000,3894.6000,10404,0,119124660.000,0,-,-,-,-,3894.0000,3893.6000,3893.4000,3893.2000,3892.2000,3894.8000,3895.0000,3896.0000,3897.0000,3897.6000,1,2,1,1,1,1,2,1,1,2
SF,IF2003,2019-11-14 09:32:24.000,3894.0000,10403,-1,120292860.000,1,0,1,双平,S,3893.6000,3893.4000,3893.2000,3892.2000,3892.0000,3894.8000,3895.0000,3896.0000,3897.0000,3897.6000,2,1,1,1,1,1,2,1,1,2
SF,IF2003,2019-11-14 09:32:24.500,3894.0000,10405,2,124965420.000,4,3,1,空开,S,3893.4000,3893.2000,3892.2000,3892.0000,3891.6000,3894.6000,3894.8000,3895.0000,3896.0000,3897.0000,1,1,1,1,1,1,1,2,1,1
SF,IF2003,2019-11-14 09:32:25.000,3894.0000,10405,0,124965420.000,0,-,-,-,-,3893.4000,3893.2000,3892.2000,3892.0000,3891.6000,3894.6000,3894.8000,3895.0000,3896.0000,3897.0000,1,2,1,1,1,2,2,2,1,1
SF,IF2003,2019-11-14 09:32:25.500,3894.0000,10405,0,124965420.000,0,-,-,-,-,3893.2000,3892.2000,3892.0000,3891.6000,3891.0000,3894.6000,3894.8000,3895.0000,3896.0000,3897.0000,1,1,1,1,2,2,2,2,1,1
SF,IF2003,2019-11-14 09:32:26.000,3894.0000,10405,0,124965420.000,0,-,-,-,-,3893.2000,3893.0000,3892.2000,3892.0000,3891.6000,3894.4000,3894.6000,3894.8000,3895.0000,3896.0000,1,1,1,1,1,1,2,2,2,1
SF,IF2003,2019-11-14 09:32:26.500,3894.0000,10405,0,124965420.000,0,-,-,-,-,3893.2000,3892.2000,3892.0000,3891.6000,3891.0000,3894.4000,3894.6000,3894.8000,3895.0000,3896.0000,1,1,1,1,2,1,1,2,2,1
SF,IF2003,2019-11-14 09:32:27.500,3894.0000,10405,0,124965420.000,0,-,-,-,-,3893.2000,3892.2000,3892.0000,3891.6000,3891.0000,3894.2000,3894.4000,3894.6000,3894.8000,3895.0000,1,1,1,1,2,1,1,1,2,2
SF,IF2003,2019-11-14 09:32:29.500,3894.0000,10405,0,124965420.000,0,-,-,-,-,3893.2000,3892.2000,3892.0000,3891.6000,3891.0000,3894.4000,3894.6000,3894.8000,3895.0000,3896.0000,1,1,1,1,2,1,1,2,2,1
SF,IF2003,2019-11-14 09:32:34.000,3894.0000,10405,0,124965420.000,0,-,-,-,-,3893.6000,3893.2000,3892.2000,3892.0000,3891.6000,3894.4000,3894.6000,3894.8000,3895.0000,3896.0000,5,1,1,1,1,1,1,2,2,1
SF,IF2003,2019-11-14 09:32:34.500,3894.0000,10405,0,124965420.000,0,-,-,-,-,3893.2000,3892.2000,3892.0000,3891.6000,3891.0000,3894.6000,3894.8000,3895.0000,3896.0000,3897.0000,1,1,1,1,2,1,2,2,1,1
SF,IF2003,2019-11-14 09:32:36.000,3894.0000,10405,0,124965420.000,0,-,-,-,-,3893.4000,3893.2000,3892.2000,3892.0000,3891.6000,3894.6000,3894.8000,3895.0000,3896.0000,3897.0000,6,1,1,1,1,1,1,2,1,1
SF,IF2003,2019-11-14 09:32:36.500,3894.0000,10405,0,124965420.000,0,-,-,-,-,3893.6000,3893.4000,3893.2000,3893.0000,3892.2000,3894.8000,3895.0000,3896.0000,3897.0000,3897.6000,5,6,1,1,1,1,2,1,1,2
SF,IF2003,2019-11-14 09:32:37.000,3894.0000,10405,0,124965420.000,0,-,-,-,-,3893.8000,3893.4000,3893.2000,3893.0000,3892.2000,3894.8000,3895.0000,3896.0000,3897.0000,3897.6000,1,5,1,1,1,1,2,1,1,2
SF,IF2003,2019-11-14 09:32:37.500,3894.0000,10405,0,124965420.000,0,-,-,-,-,3893.4000,3893.2000,3893.0000,3892.2000,3892.0000,3894.8000,3895.0000,3896.0000,3897.0000,3897.6000,5,1,1,1,1,1,2,1,1,2
SF,IF2003,2019-11-14 09:32:38.000,3894.0000,10405,0,124965420.000,0,-,-,-,-,3893.6000,3893.4000,3893.2000,3893.0000,3892.2000,3894.8000,3895.0000,3896.0000,3897.0000,3897.6000,6,5,1,1,1,1,2,1,1,2
SF,IF2003,2019-11-14 09:32:38.500,3894.0000,10405,0,124965420.000,0,-,-,-,-,3893.6000,3893.4000,3893.2000,3893.0000,3892.2000,3894.8000,3895.0000,3896.0000,3897.0000,3897.6000,1,5,1,1,1,1,2,1,1,2
SF,IF2003,2019-11-14 09:32:39.000,3894.0000,10405,0,124965420.000,0,-,-,-,-,3894.2000,3893.8000,3893.4000,3893.2000,3892.2000,3894.8000,3895.0000,3896.0000,3897.0000,3897.6000,5,1,5,1,1,1,2,1,1,2
SF,IF2003,2019-11-14 09:32:39.500,3894.2000,10405,0,126133680.000,1,0,1,多换,S,3894.2000,3893.4000,3893.2000,3892.2000,3892.0000,3894.8000,3895.0000,3896.0000,3897.0000,3897.6000,4,5,1,1,1,1,2,1,1,2
SF,IF2003,2019-11-14 09:32:40.000,3894.2000,10404,-1,131975160.000,5,2,3,多平,S,3893.4000,3893.2000,3892.2000,3892.0000,3891.6000,3894.6000,3894.8000,3895.0000,3896.0000,3897.0000,5,1,1,1,1,3,1,2,1,1
SF,IF2003,2019-11-14 09:32:40.500,3894.6000,10403,-1,134311920.000,2,0,2,多平,S,3894.2000,3893.6000,3893.4000,3893.2000,3892.2000,3895.0000,3896.0000,3896.8000,3897.0000,3897.6000,5,3,6,1,1,2,1,1,1,2
SF,IF2003,2019-11-14 09:32:41.000,3894.6000,10403,0,134311920.000,0,-,-,-,-,3894.4000,3893.6000,3893.4000,3893.2000,3892.2000,3895.0000,3896.0000,3897.0000,3897.6000,3898.0000,1,5,5,1,1,2,1,1,2,11
SF,IF2003,2019-11-14 09:32:41.500,3894.6000,10403,0,134311920.000,0,-,-,-,-,3894.4000,3893.6000,3893.4000,3893.2000,3892.2000,3895.0000,3896.0000,3897.0000,3897.6000,3898.0000,1,1,5,1,1,2,1,1,2,11
SF,IF2003,2019-11-14 09:32:42.000,3895.0000,10401,-2,136648920.000,2,0,2,双平,S,3894.4000,3893.6000,3893.4000,3893.2000,3892.2000,3896.0000,3897.0000,3897.6000,3898.0000,3900.0000,1,1,5,1,1,1,1,2,11,8
SF,IF2003,2019-11-14 09:32:42.500,3895.0000,10401,0,136648920.000,0,-,-,-,-,3894.4000,3893.6000,3893.4000,3893.2000,3892.2000,3895.6000,3895.8000,3896.0000,3896.2000,3897.0000,1,1,5,1,1,1,3,1,1,1
SF,IF2003,2019-11-14 09:32:43.000,3895.0000,10401,0,136648920.000,0,-,-,-,-,3894.4000,3893.6000,3893.4000,3893.2000,3892.2000,3895.6000,3895.8000,3896.0000,3897.0000,3897.6000,1,1,5,1,1,1,3,1,1,2
SF,IF2003,2019-11-14 09:32:43.500,3895.0000,10401,0,136648920.000,0,-,-,-,-,3894.4000,3893.6000,3893.4000,3893.2000,3892.2000,3895.8000,3896.0000,3897.0000,3897.6000,3898.0000,1,1,5,1,1,3,1,1,2,11
SF,IF2003,2019-11-14 09:32:44.000,3895.0000,10401,0,136648920.000,0,-,-,-,-,3894.4000,3893.6000,3893.4000,3893.2000,3892.2000,3895.8000,3896.0000,3896.2000,3897.0000,3897.6000,1,1,5,1,1,3,1,1,1,2
SF,IF2003,2019-11-14 09:32:44.500,3895.0000,10401,0,136648920.000,0,-,-,-,-,3894.4000,3893.6000,3893.4000,3893.2000,3892.2000,3895.8000,3896.0000,3896.2000,3897.0000,3897.6000,1,1,5,1,1,3,1,1,1,2
SF,IF2003,2019-11-14 09:32:45.000,3895.0000,10401,0,136648920.000,0,-,-,-,-,3894.6000,3894.4000,3893.6000,3893.4000,3893.2000,3895.8000,3896.0000,3896.2000,3897.0000,3897.6000,1,1,1,5,1,3,1,1,1,2
SF,IF2003,2019-11-14 09:32:45.500,3895.0000,10401,0,136648920.000,0,-,-,-,-,3894.8000,3893.6000,3893.2000,3892.2000,3892.0000,3895.8000,3896.0000,3896.2000,3897.0000,3897.6000,2,1,1,1,1,3,1,1,1,2
SF,IF2003,2019-11-14 09:32:46.000,3895.0000,10401,0,136648920.000,0,-,-,-,-,3894.8000,3893.6000,3893.2000,3892.2000,3892.0000,3895.8000,3896.0000,3896.2000,3897.0000,3897.6000,1,1,1,1,1,3,1,1,1,2
SF,IF2003,2019-11-14 09:32:46.500,3895.0000,10401,0,136648920.000,0,-,-,-,-,3894.8000,3893.6000,3892.2000,3892.0000,3891.6000,3895.8000,3896.0000,3896.2000,3897.0000,3897.6000,1,1,1,1,1,3,1,1,1,2
SF,IF2003,2019-11-14 09:32:47.000,3895.0000,10401,0,136648920.000,0,-,-,-,-,3894.8000,3893.6000,3892.2000,3892.0000,3891.6000,3896.0000,3896.2000,3897.0000,3897.6000,3898.0000,1,1,1,1,1,1,1,1,2,11
SF,IF2003,2019-11-14 09:32:47.500,3895.0000,10401,0,136648920.000,0,-,-,-,-,3895.0000,3894.8000,3893.6000,3892.2000,3892.0000,3896.0000,3896.2000,3897.0000,3898.0000,3900.0000,6,1,1,1,1,1,1,1,11,8
SF,IF2003,2019-11-14 09:32:48.000,3895.0000,10401,0,136648920.000,0,-,-,-,-,3895.2000,3895.0000,3893.6000,3892.2000,3892.0000,3896.0000,3897.0000,3898.0000,3900.0000,3902.8000,6,6,1,1,1,1,1,11,8,1
SF,IF2003,2019-11-14 09:32:48.500,3895.0000,10401,0,136648920.000,0,-,-,-,-,3895.4000,3895.2000,3895.0000,3893.6000,3892.2000,3896.0000,3897.0000,3898.0000,3900.0000,3902.8000,2,1,5,1,1,1,1,11,8,1
SF,IF2003,2019-11-14 09:32:49.000,3896.0000,10401,0,137817720.000,1,0,1,多换,S,3895.8000,3895.6000,3895.4000,3895.0000,3893.6000,3897.0000,3898.0000,3900.0000,3902.8000,3904.0000,10,1,2,5,1,1,11,8,1,2
SF,IF2003,2019-11-14 09:32:49.500,3896.0000,10401,0,137817720.000,0,-,-,-,-,3895.8000,3895.4000,3895.0000,3893.6000,3892.2000,3896.4000,3896.8000,3897.0000,3898.0000,3900.0000,10,2,5,1,1,1,1,1,11,8
SF,IF2003,2019-11-14 09:32:50.000,3896.0000,10401,0,137817720.000,0,-,-,-,-,3895.8000,3895.4000,3895.0000,3893.6000,3892.0000,3896.8000,3897.0000,3898.0000,3900.0000,3902.8000,10,2,5,1,1,1,1,11,8,1
SF,IF2003,2019-11-14 09:32:50.500,3896.0000,10401,0,137817720.000,0,-,-,-,-,3896.0000,3895.8000,3895.4000,3895.0000,3893.6000,3897.0000,3898.0000,3900.0000,3902.8000,3904.0000,1,10,2,5,1,1,11,8,1,2
SF,IF2003,2019-11-14 09:32:51.000,3896.0000,10401,0,137817720.000,0,-,-,-,-,3896.0000,3895.8000,3895.4000,3895.0000,3893.6000,3897.0000,3897.2000,3898.0000,3900.0000,3902.8000,1,10,2,5,1,1,1,11,8,1
SF,IF2003,2019-11-14 09:32:51.500,3896.0000,10401,0,137817720.000,0,-,-,-,-,3895.8000,3895.4000,3895.0000,3893.6000,3892.0000,3896.8000,3897.0000,3897.2000,3898.0000,3900.0000,10,2,5,1,1,1,1,1,11,8
SF,IF2003,2019-11-14 09:32:52.000,3896.0000,10401,0,137817720.000,0,-,-,-,-,3896.0000,3895.8000,3895.4000,3895.0000,3893.6000,3896.8000,3897.0000,3898.0000,3900.0000,3902.8000,7,10,2,5,1,1,1,11,8,1
SF,IF2003,2019-11-14 09:32:52.500,3896.0000,10401,0,137817720.000,0,-,-,-,-,3896.0000,3895.8000,3895.4000,3895.0000,3893.6000,3897.0000,3898.0000,3900.0000,3902.8000,3904.0000,7,10,2,5,1,1,11,8,1,2
SF,IF2003,2019-11-14 09:32:53.000,3896.0000,10401,0,137817720.000,0,-,-,-,-,3896.2000,3896.0000,3895.8000,3895.0000,3893.6000,3896.8000,3897.0000,3898.0000,3900.0000,3902.8000,2,7,11,5,1,1,1,11,8,1
SF,IF2003,2019-11-14 09:32:53.500,3896.2000,10401,0,140155440.000,2,1,1,多换,S,3896.0000,3895.8000,3893.6000,3892.0000,3891.6000,3896.8000,3897.0000,3898.0000,3900.0000,3902.8000,5,11,1,1,1,1,1,11,8,1
SF,IF2003,2019-11-14 09:32:54.000,3896.0000,10401,0,145999440.000,5,2,3,多换,S,3895.8000,3893.6000,3892.0000,3891.6000,3891.0000,3896.8000,3897.0000,3898.0000,3900.0000,3902.8000,10,1,1,1,2,1,1,11,8,1
SF,IF2003,2019-11-14 09:32:54.500,3896.6000,10401,0,150674640.000,4,2,2,多换,S,3895.8000,3893.6000,3892.0000,3891.6000,3891.0000,3896.6000,3896.8000,3897.0000,3897.2000,3898.0000,7,1,1,1,2,1,1,1,1,11
SF,IF2003,2019-11-14 09:32:55.500,3896.6000,10402,1,151843620.000,1,1,0,双开,S,3895.8000,3893.6000,3892.0000,3891.6000,3891.0000,3896.8000,3897.0000,3897.2000,3898.0000,3900.0000,7,1,1,1,2,1,1,1,11,8
SF,IF2003,2019-11-14 09:32:56.000,3896.6000,10402,0,151843620.000,0,-,-,-,-,3896.0000,3895.8000,3893.6000,3892.0000,3891.6000,3896.8000,3897.0000,3897.2000,3898.0000,3900.0000,1,7,1,1,1,1,1,1,11,8
SF,IF2003,2019-11-14 09:32:56.500,3896.0000,10402,0,153012420.000,1,0,1,多换,S,3895.8000,3894.4000,3893.6000,3892.0000,3891.6000,3896.8000,3897.0000,3897.8000,3898.0000,3900.0000,7,1,1,1,1,1,1,1,11,8
SF,IF2003,2019-11-14 09:32:57.000,3896.0000,10402,0,153012420.000,0,-,-,-,-,3896.2000,3896.0000,3895.8000,3895.6000,3893.6000,3896.8000,3897.0000,3898.0000,3900.0000,3902.8000,5,1,7,1,1,1,2,11,8,1
SF,IF2003,2019-11-14 09:32:57.500,3896.0000,10402,0,153012420.000,0,-,-,-,-,3896.4000,3896.2000,3895.8000,3895.6000,3893.6000,3896.8000,3897.0000,3898.0000,3900.0000,3902.8000,1,5,7,1,1,1,2,11,8,1
SF,IF2003,2019-11-14 09:32:58.000,3896.4000,10401,-1,154181340.000,1,0,1,双平,S,3895.8000,3893.6000,3892.0000,3891.6000,3891.0000,3897.0000,3898.0000,3900.0000,3902.8000,3904.0000,7,1,1,1,2,2,11,8,1,2
SF,IF2003,2019-11-14 09:32:58.500,3896.4000,10401,0,154181340.000,0,-,-,-,-,3895.8000,3893.6000,3892.0000,3891.6000,3891.0000,3896.8000,3897.0000,3897.2000,3898.0000,3900.0000,7,1,1,1,2,1,2,1,11,8
SF,IF2003,2019-11-14 09:32:59.000,3896.8000,10400,-1,155350380.000,1,0,1,双平,S,3896.8000,3896.0000,3895.8000,3893.6000,3892.0000,3897.0000,3897.2000,3898.0000,3900.0000,3902.8000,2,1,7,1,1,2,1,11,8,1
SF,IF2003,2019-11-14 09:32:59.500,3896.8000,10402,2,157688460.000,2,2,0,双开,S,3896.0000,3895.8000,3893.6000,3892.0000,3891.6000,3896.8000,3897.0000,3898.0000,3900.0000,3902.8000,5,7,1,1,1,1,2,11,8,1
SF,IF2003,2019-11-14 09:33:00.000,3896.8000,10402,0,157688460.000,0,-,-,-,-,3896.0000,3895.8000,3893.6000,3892.0000,3891.6000,3897.0000,3898.0000,3900.0000,3902.8000,3904.0000,5,7,1,1,1,2,11,8,1,2
SF,IF2003,2019-11-14 09:33:00.500,3896.8000,10402,0,157688460.000,0,-,-,-,-,3895.8000,3893.6000,3892.0000,3891.6000,3891.0000,3897.0000,3898.0000,3900.0000,3902.8000,3904.0000,7,1,1,1,2,2,11,8,1,2
SF,IF2003,2019-11-14 09:33:01.000,3896.8000,10402,0,157688460.000,0,-,-,-,-,3896.0000,3895.8000,3893.6000,3892.0000,3891.6000,3897.0000,3898.0000,3900.0000,3902.8000,3904.0000,2,7,1,1,1,2,11,8,1,2
SF,IF2003,2019-11-14 09:33:01.500,3896.8000,10402,0,157688460.000,0,-,-,-,-,3896.0000,3895.8000,3893.6000,3892.0000,3891.6000,3897.0000,3898.0000,3900.0000,3902.8000,3904.0000,7,7,1,1,1,2,11,8,1,2
SF,IF2003,2019-11-14 09:33:02.000,3896.8000,10402,0,157688460.000,0,-,-,-,-,3896.0000,3895.8000,3893.6000,3892.0000,3891.6000,3897.0000,3898.0000,3900.0000,3902.8000,3904.0000,6,7,1,1,1,2,11,8,1,2
SF,IF2003,2019-11-14 09:33:02.500,3896.8000,10402,0,157688460.000,0,-,-,-,-,3896.0000,3895.8000,3893.6000,3892.0000,3891.6000,3897.0000,3898.0000,3900.0000,3902.8000,3904.0000,5,7,1,1,1,2,11,8,1,2
SF,IF2003,2019-11-14 09:33:03.000,3896.8000,10402,0,157688460.000,0,-,-,-,-,3896.0000,3895.8000,3895.0000,3893.6000,3892.0000,3897.0000,3898.0000,3900.0000,3902.8000,3904.0000,5,7,1,1,1,2,11,8,1,2
SF,IF2003,2019-11-14 09:33:03.500,3896.8000,10402,0,157688460.000,0,-,-,-,-,3896.0000,3895.8000,3895.0000,3893.6000,3892.0000,3897.0000,3898.0000,3900.0000,3902.8000,3904.0000,5,7,1,1,1,2,11,8,1,2
SF,IF2003,2019-11-14 09:33:04.000,3896.8000,10402,0,157688460.000,0,-,-,-,-,3896.0000,3895.8000,3895.0000,3893.6000,3892.0000,3897.0000,3898.0000,3900.0000,3902.8000,3904.0000,5,7,1,1,1,2,11,8,1,2
SF,IF2003,2019-11-14 09:33:04.500,3897.0000,10400,-2,160026660.000,2,0,2,双平,S,3896.2000,3896.0000,3895.8000,3895.0000,3893.6000,3898.0000,3900.0000,3902.8000,3904.0000,3904.8000,2,5,7,1,1,11,8,1,2,1
SF,IF2003,2019-11-14 09:33:05.000,3897.0000,10400,0,160026660.000,0,-,-,-,-,3896.2000,3896.0000,3895.8000,3895.0000,3893.6000,3897.6000,3897.8000,3898.0000,3900.0000,3902.8000,7,5,7,1,1,3,1,11,8,1
SF,IF2003,2019-11-14 09:33:05.500,3897.0000,10400,0,160026660.000,0,-,-,-,-,3896.4000,3896.2000,3896.0000,3895.8000,3895.0000,3897.8000,3898.0000,3900.0000,3902.8000,3904.0000,1,7,5,8,1,1,11,8,1,2
SF,IF2003,2019-11-14 09:33:06.000,3898.0000,10399,-1,164704200.000,4,1,3,多平,S,3896.6000,3896.4000,3896.2000,3896.0000,3895.8000,3898.0000,3900.0000,3902.8000,3904.0000,3904.8000,5,5,5,5,7,8,8,1,2,1
SF,IF2003,2019-11-14 09:33:06.500,3898.0000,10404,5,174059040.000,8,6,2,空开,S,3896.8000,3896.6000,3896.2000,3895.8000,3895.0000,3898.0000,3900.0000,3902.8000,3904.0000,3904.8000,4,12,1,7,1,1,8,1,2,1
SF,IF2003,2019-11-14 09:33:07.000,3898.0000,10404,0,175228440.000,1,0,1,多换,S,3897.0000,3896.8000,3896.6000,3895.8000,3895.0000,3900.0000,3902.8000,3904.0000,3904.8000,3905.0000,12,7,2,7,1,8,1,2,1,5
SF,IF2003,2019-11-14 09:33:07.500,3898.0000,10404,0,175228440.000,0,-,-,-,-,3897.2000,3897.0000,3896.8000,3896.6000,3895.8000,3899.6000,3899.8000,3900.0000,3902.8000,3904.0000,2,6,5,2,7,3,4,9,1,2
SF,IF2003,2019-11-14 09:33:08.000,3898.0000,10404,0,175228440.000,0,-,-,-,-,3897.4000,3897.2000,3897.0000,3896.8000,3896.6000,3899.6000,3899.8000,3900.0000,3902.8000,3904.0000,1,2,5,5,1,3,2,8,1,2
SF,IF2003,2019-11-14 09:33:08.500,3898.0000,10404,0,175228440.000,0,-,-,-,-,3897.6000,3897.4000,3897.0000,3896.8000,3896.6000,3899.6000,3899.8000,3900.0000,3902.8000,3904.0000,3,1,5,4,1,3,2,8,1,2
SF,IF2003,2019-11-14 09:33:09.000,3898.0000,10404,0,175228440.000,0,-,-,-,-,3897.8000,3897.6000,3897.4000,3897.0000,3896.8000,3899.6000,3899.8000,3900.0000,3902.8000,3904.0000,1,3,1,5,4,3,1,8,1,2
SF,IF2003,2019-11-14 09:33:09.500,3898.0000,10404,0,175228440.000,0,-,-,-,-,3898.0000,3897.8000,3897.6000,3897.4000,3897.0000,3899.6000,3899.8000,3900.0000,3902.8000,3904.0000,2,5,1,2,6,3,1,8,1,2
SF,IF2003,2019-11-14 09:33:10.000,3898.0000,10404,0,175228440.000,0,-,-,-,-,3898.0000,3897.8000,3897.4000,3897.0000,3896.8000,3899.4000,3899.6000,3899.8000,3900.0000,3902.8000,1,5,1,2,4,1,3,3,8,1
SF,IF2003,2019-11-14 09:33:10.500,3898.0000,10404,0,175228440.000,0,-,-,-,-,3898.2000,3898.0000,3897.8000,3897.4000,3897.0000,3899.6000,3899.8000,3900.0000,3904.0000,3904.8000,3,1,5,1,2,3,1,8,2,1
SF,IF2003,2019-11-14 09:33:11.000,3898.0000,10404,0,175228440.000,0,-,-,-,-,3898.0000,3897.8000,3897.4000,3897.0000,3896.8000,3899.0000,3899.4000,3899.8000,3900.0000,3904.0000,1,5,1,2,4,3,1,3,8,2
SF,IF2003,2019-11-14 09:33:11.500,3898.0000,10404,0,175228440.000,0,-,-,-,-,3898.0000,3897.8000,3897.4000,3897.0000,3896.8000,3899.8000,3900.0000,3904.0000,3904.8000,3905.0000,1,5,1,2,4,3,8,2,1,5
SF,IF2003,2019-11-14 09:33:12.000,3898.0000,10404,0,175228440.000,0,-,-,-,-,3898.2000,3898.0000,3897.8000,3897.4000,3897.0000,3899.8000,3900.0000,3904.0000,3904.8000,3905.0000,3,1,5,1,2,1,8,2,1,5
SF,IF2003,2019-11-14 09:33:12.500,3898.0000,10404,0,175228440.000,0,-,-,-,-,3898.2000,3897.8000,3897.4000,3897.0000,3896.8000,3900.0000,3904.0000,3904.8000,3905.0000,3906.0000,1,5,1,2,4,8,2,1,7,12
SF,IF2003,2019-11-14 09:33:13.000,3898.0000,10404,0,175228440.000,0,-,-,-,-,3898.2000,3897.8000,3897.4000,3897.0000,3896.8000,3899.6000,3899.8000,3900.0000,3900.2000,3904.0000,1,5,1,2,4,3,3,8,1,2
SF,IF2003,2019-11-14 09:33:13.500,3899.6000,10404,0,176398320.000,1,0,1,多换,S,3898.2000,3897.8000,3897.4000,3897.0000,3896.8000,3899.6000,3900.0000,3900.2000,3904.0000,3904.8000,1,5,1,2,4,2,8,1,2,1
SF,IF2003,2019-11-14 09:33:14.000,3899.6000,10404,0,177568200.000,1,0,1,多换,S,3898.2000,3897.8000,3897.6000,3897.4000,3897.0000,3899.6000,3899.8000,3900.0000,3900.2000,3901.0000,1,5,1,1,2,2,3,8,1,1
SF,IF2003,2019-11-14 09:33:14.500,3899.6000,10404,0,177568200.000,0,-,-,-,-,3898.4000,3898.2000,3897.8000,3897.4000,3897.0000,3900.0000,3900.2000,3904.0000,3904.8000,3905.0000,2,1,5,1,2,8,1,2,1,7
SF,IF2003,2019-11-14 09:33:15.000,3899.8000,10405,1,178738140.000,1,1,0,双开,S,3898.4000,3898.2000,3897.8000,3897.4000,3897.0000,3899.8000,3900.0000,3900.2000,3904.0000,3904.8000,2,1,5,1,2,1,8,1,2,1
SF,IF2003,2019-11-14 09:33:15.500,3899.8000,10405,0,178738140.000,0,-,-,-,-,3898.4000,3898.2000,3897.8000,3897.4000,3897.0000,3899.8000,3900.0000,3900.2000,3904.0000,3904.8000,1,1,5,1,2,2,8,1,2,1
SF,IF2003,2019-11-14 09:33:16.000,3899.8000,10405,0,178738140.000,0,-,-,-,-,3898.4000,3898.2000,3897.8000,3897.4000,3897.0000,3899.6000,3899.8000,3900.0000,3900.2000,3904.0000,1,1,5,1,2,1,3,8,1,2
SF,IF2003,2019-11-14 09:33:16.500,3898.4000,10403,-2,181077180.000,2,0,2,双平,S,3898.2000,3897.8000,3897.4000,3897.2000,3897.0000,3899.6000,3899.8000,3900.0000,3900.2000,3900.6000,1,5,1,1,2,1,2,8,1,1
SF,IF2003,2019-11-14 09:33:17.000,3898.4000,10403,0,181077180.000,0,-,-,-,-,3898.4000,3898.2000,3897.8000,3897.4000,3897.0000,3899.2000,3899.8000,3900.0000,3900.2000,3904.0000,1,1,5,1,2,1,2,8,1,2
SF,IF2003,2019-11-14 09:33:17.500,3898.4000,10403,0,181077180.000,0,-,-,-,-,3897.8000,3897.4000,3897.0000,3896.6000,3895.8000,3899.2000,3899.8000,3900.0000,3900.2000,3904.0000,5,1,2,1,7,1,2,8,1,2
SF,IF2003,2019-11-14 09:33:18.000,3898.4000,10403,0,181077180.000,0,-,-,-,-,3897.8000,3897.4000,3897.0000,3896.6000,3895.8000,3899.2000,3899.8000,3900.0000,3904.0000,3904.8000,5,1,2,1,7,1,2,8,2,1
SF,IF2003,2019-11-14 09:33:18.500,3898.4000,10403,0,181077180.000,0,-,-,-,-,3897.8000,3897.4000,3897.0000,3896.6000,3895.8000,3899.2000,3899.6000,3899.8000,3900.0000,3904.0000,5,1,2,1,7,1,2,1,8,2
SF,IF2003,2019-11-14 09:33:19.000,3898.4000,10403,0,181077180.000,0,-,-,-,-,3897.8000,3897.4000,3897.0000,3896.6000,3895.8000,3899.2000,3899.6000,3899.8000,3900.0000,3904.0000,5,1,2,1,7,1,2,1,8,2
SF,IF2003,2019-11-14 09:33:19.500,3898.4000,10403,0,181077180.000,0,-,-,-,-,3897.8000,3897.0000,3896.6000,3895.8000,3895.0000,3898.6000,3898.8000,3899.0000,3899.2000,3899.6000,5,1,1,7,1,1,1,2,1,2
SF,IF2003,2019-11-14 09:33:20.000,3899.6000,10407,4,186926040.000,5,4,1,空开,S,3897.8000,3897.0000,3896.6000,3895.8000,3895.0000,3899.8000,3900.0000,3904.0000,3904.8000,3905.0000,5,1,1,7,1,1,8,2,1,7
SF,IF2003,2019-11-14 09:33:20.500,3899.6000,10407,0,186926040.000,0,-,-,-,-,3897.8000,3897.0000,3896.6000,3895.8000,3895.0000,3899.4000,3899.6000,3899.8000,3900.0000,3904.0000,5,1,1,7,1,1,3,3,9,2
SF,IF2003,2019-11-14 09:33:21.000,3899.6000,10407,0,186926040.000,0,-,-,-,-,3897.8000,3897.0000,3896.6000,3895.8000,3895.0000,3899.2000,3899.4000,3899.6000,3899.8000,3900.0000,5,1,1,7,1,1,1,1,3,9
SF,IF2003,2019-11-14 09:33:21.500,3899.6000,10407,0,186926040.000,0,-,-,-,-,3897.8000,3897.0000,3896.6000,3895.8000,3895.0000,3899.0000,3899.2000,3899.6000,3899.8000,3900.0000,5,1,1,7,1,1,1,1,3,9
SF,IF2003,2019-11-14 09:33:22.000,3899.6000,10407,0,186926040.000,0,-,-,-,-,3897.8000,3897.0000,3896.6000,3895.8000,3895.0000,3899.0000,3899.4000,3899.6000,3899.8000,3900.0000,5,1,1,7,1,1,1,1,4,9
SF,IF2003,2019-11-14 09:33:22.500,3899.6000,10407,0,186926040.000,0,-,-,-,-,3898.0000,3897.8000,3897.0000,3896.6000,3895.8000,3899.0000,3899.4000,3899.6000,3899.8000,3900.0000,5,5,1,1,7,1,1,1,4,9
SF,IF2003,2019-11-14 09:33:23.500,3899.0000,10407,0,188095740.000,1,0,1,多换,S,3898.0000,3897.8000,3897.0000,3896.6000,3895.8000,3899.4000,3899.6000,3899.8000,3900.0000,3904.0000,5,5,1,1,7,1,1,2,8,2
SF,IF2003,2019-11-14 09:33:24.000,3899.0000,10407,0,188095740.000,0,-,-,-,-,3898.0000,3897.8000,3897.0000,3896.6000,3895.8000,3899.6000,3899.8000,3900.0000,3901.4000,3904.0000,5,5,1,1,7,2,1,8,1,2
SF,IF2003,2019-11-14 09:33:24.500,3899.0000,10407,0,188095740.000,0,-,-,-,-,3899.0000,3898.2000,3898.0000,3897.8000,3897.0000,3899.6000,3899.8000,3900.0000,3901.4000,3904.0000,3,1,5,5,1,2,1,8,1,2
SF,IF2003,2019-11-14 09:33:25.000,3899.0000,10406,-1,190435140.000,2,0,2,多平,S,3899.2000,3899.0000,3898.2000,3898.0000,3897.8000,3899.6000,3899.8000,3900.0000,3900.2000,3901.4000,1,1,2,5,5,2,1,8,1,1
SF,IF2003,2019-11-14 09:33:25.500,3899.2000,10405,-1,191604900.000,1,0,1,双平,S,3899.0000,3898.2000,3898.0000,3897.8000,3897.0000,3899.6000,3899.8000,3900.0000,3900.2000,3901.4000,1,2,5,5,1,1,2,8,1,1
SF,IF2003,2019-11-14 09:33:26.000,3899.0000,10404,-1,192774600.000,1,0,1,双平,S,3898.2000,3898.0000,3897.8000,3897.0000,3896.6000,3899.8000,3900.0000,3901.4000,3904.0000,3904.8000,2,5,5,1,1,2,8,1,2,1
SF,IF2003,2019-11-14 09:33:26.500,3898.4000,10403,-1,193944120.000,1,0,1,双平,S,3898.4000,3898.2000,3898.0000,3897.8000,3897.0000,3899.8000,3900.0000,3900.4000,3901.4000,3904.0000,3,2,5,5,2,2,8,2,1,2
SF,IF2003,2019-11-14 09:33:27.000,3898.4000,10403,0,193944120.000,0,-,-,-,-,3898.4000,3898.2000,3898.0000,3897.8000,3897.0000,3899.6000,3899.8000,3900.0000,3900.2000,3900.4000,3,2,5,5,1,1,2,8,1,1
SF,IF2003,2019-11-14 09:33:27.500,3898.4000,10403,0,193944120.000,0,-,-,-,-,3898.4000,3898.2000,3898.0000,3897.8000,3897.0000,3899.6000,3899.8000,3900.0000,3900.4000,3901.4000,2,2,5,5,1,2,2,8,1,1
SF,IF2003,2019-11-14 09:33:28.000,3898.4000,10403,0,193944120.000,0,-,-,-,-,3898.4000,3898.2000,3898.0000,3897.8000,3897.0000,3899.4000,3899.6000,3899.8000,3900.0000,3900.4000,2,2,5,5,1,2,2,2,8,1
SF,IF2003,2019-11-14 09:33:28.500,3898.4000,10403,0,193944120.000,0,-,-,-,-,3898.6000,3898.4000,3898.2000,3898.0000,3897.8000,3899.8000,3900.0000,3900.4000,3901.4000,3904.0000,1,2,2,5,5,2,8,1,1,2
SF,IF2003,2019-11-14 09:33:29.000,3898.4000,10403,0,193944120.000,0,-,-,-,-,3898.4000,3898.2000,3898.0000,3897.8000,3897.0000,3899.6000,3899.8000,3900.0000,3900.2000,3900.4000,2,2,5,5,1,1,2,8,1,1
SF,IF2003,2019-11-14 09:33:29.500,3898.4000,10403,0,193944120.000,0,-,-,-,-,3898.8000,3898.4000,3898.2000,3898.0000,3897.8000,3899.8000,3900.0000,3900.2000,3900.4000,3901.4000,1,2,2,5,5,1,8,1,1,1
SF,IF2003,2019-11-14 09:33:30.000,3898.4000,10403,0,193944120.000,0,-,-,-,-,3898.8000,3898.4000,3898.2000,3898.0000,3897.8000,3899.8000,3900.0000,3900.2000,3900.4000,3901.4000,1,3,2,5,5,1,8,1,1,1
SF,IF2003,2019-11-14 09:33:30.500,3898.4000,10403,0,193944120.000,0,-,-,-,-,3898.8000,3898.4000,3898.0000,3897.8000,3896.6000,3899.8000,3900.0000,3900.2000,3900.4000,3901.4000,1,3,5,5,1,1,8,1,1,1
SF,IF2003,2019-11-14 09:33:31.000,3898.4000,10403,0,193944120.000,0,-,-,-,-,3898.4000,3898.0000,3897.8000,3896.6000,3895.0000,3899.8000,3900.0000,3900.2000,3900.4000,3901.4000,3,5,5,1,1,1,8,1,1,1
SF,IF2003,2019-11-14 09:33:32.000,3898.4000,10403,0,193944120.000,0,-,-,-,-,3898.4000,3898.0000,3897.8000,3896.6000,3895.0000,3899.8000,3900.0000,3900.2000,3900.4000,3901.4000,3,5,5,1,1,2,8,1,1,1
SF,IF2003,2019-11-14 09:33:32.500,3898.4000,10403,0,193944120.000,0,-,-,-,-,3898.4000,3898.0000,3897.8000,3896.6000,3895.0000,3899.8000,3900.0000,3900.2000,3900.4000,3901.4000,3,5,5,1,1,1,8,1,1,1
SF,IF2003,2019-11-14 09:33:33.000,3898.4000,10403,0,193944120.000,0,-,-,-,-,3898.8000,3898.6000,3898.4000,3898.0000,3897.8000,3899.8000,3900.0000,3900.2000,3900.4000,3901.4000,1,6,3,5,5,1,8,1,1,1
SF,IF2003,2019-11-14 09:33:33.500,3898.4000,10403,0,193944120.000,0,-,-,-,-,3898.6000,3898.4000,3898.0000,3897.8000,3896.6000,3899.8000,3900.0000,3900.2000,3900.4000,3901.4000,5,3,5,5,1,1,8,1,1,1
SF,IF2003,2019-11-14 09:33:34.000,3898.4000,10403,0,193944120.000,0,-,-,-,-,3898.6000,3898.4000,3898.0000,3897.8000,3896.6000,3899.8000,3900.0000,3900.2000,3900.4000,3901.4000,5,3,5,5,1,1,8,1,1,1
SF,IF2003,2019-11-14 09:33:34.500,3899.8000,10402,-1,196283940.000,2,0,2,多平,S,3898.8000,3898.6000,3898.4000,3898.0000,3897.8000,3900.0000,3900.2000,3900.4000,3901.4000,3904.0000,1,5,3,5,5,8,1,1,1,2
SF,IF2003,2019-11-14 09:33:35.000,3900.0000,10400,-2,198623940.000,2,0,2,双平,S,3898.8000,3898.6000,3898.4000,3898.0000,3897.8000,3900.0000,3901.4000,3904.0000,3904.8000,3905.0000,2,6,2,5,5,6,1,2,1,5
SF,IF2003,2019-11-14 09:33:35.500,3900.0000,10398,-2,200963940.000,2,0,2,双平,S,3899.0000,3898.8000,3898.6000,3898.4000,3898.0000,3900.0000,3901.4000,3904.0000,3904.8000,3905.0000,4,2,1,3,5,4,1,2,1,5
SF,IF2003,2019-11-14 09:33:36.000,3900.0000,10397,-1,202133940.000,1,0,1,双平,S,3899.4000,3899.0000,3898.8000,3898.6000,3898.4000,3900.0000,3901.4000,3904.0000,3904.8000,3905.0000,1,4,2,1,3,3,1,2,1,5
SF,IF2003,2019-11-14 09:33:36.500,3900.0000,10397,0,202133940.000,0,-,-,-,-,3899.4000,3899.0000,3898.8000,3898.6000,3898.4000,3900.0000,3901.4000,3904.0000,3904.8000,3905.0000,1,4,2,1,2,3,1,2,1,5
SF,IF2003,2019-11-14 09:33:37.500,3899.4000,10396,-1,203303760.000,1,0,1,双平,S,3899.0000,3898.8000,3898.6000,3898.4000,3898.0000,3900.0000,3901.4000,3904.0000,3904.8000,3905.0000,4,2,1,2,5,3,1,2,1,5
SF,IF2003,2019-11-14 09:33:38.000,3899.4000,10396,0,203303760.000,0,-,-,-,-,3899.0000,3898.8000,3898.6000,3898.4000,3898.0000,3899.8000,3900.0000,3903.6000,3904.0000,3904.8000,4,2,1,2,5,2,3,1,2,1
SF,IF2003,2019-11-14 09:33:38.500,3899.4000,10396,0,203303760.000,0,-,-,-,-,3898.6000,3898.4000,3898.0000,3897.8000,3896.6000,3899.8000,3900.0000,3903.6000,3904.0000,3904.8000,1,2,5,5,1,2,3,1,2,1
SF,IF2003,2019-11-14 09:33:39.000,3899.4000,10396,0,203303760.000,0,-,-,-,-,3898.6000,3898.4000,3898.0000,3897.8000,3896.6000,3899.8000,3900.0000,3903.6000,3904.0000,3904.8000,1,2,5,5,1,2,3,1,2,1
SF,IF2003,2019-11-14 09:33:41.500,3899.4000,10396,0,203303760.000,0,-,-,-,-,3898.6000,3898.4000,3898.0000,3897.8000,3896.6000,3899.8000,3900.0000,3903.6000,3904.0000,3904.8000,1,2,5,5,1,3,3,1,2,1
SF,IF2003,2019-11-14 09:33:42.000,3899.4000,10396,0,203303760.000,0,-,-,-,-,3898.6000,3898.4000,3898.0000,3897.8000,3896.6000,3899.8000,3900.0000,3903.6000,3904.0000,3904.8000,1,2,5,5,1,2,3,1,2,1
SF,IF2003,2019-11-14 09:33:42.500,3899.4000,10396,0,203303760.000,0,-,-,-,-,3898.6000,3898.4000,3898.0000,3897.8000,3896.6000,3899.8000,3900.0000,3903.6000,3904.0000,3904.8000,1,2,5,5,1,3,3,1,2,1
SF,IF2003,2019-11-14 09:33:43.000,3898.6000,10395,-1,204473340.000,1,0,1,双平,S,3898.4000,3898.0000,3897.8000,3896.6000,3895.0000,3899.8000,3900.0000,3900.2000,3903.6000,3904.0000,2,5,5,1,1,2,3,1,1,2
SF,IF2003,2019-11-14 09:33:43.500,3898.6000,10395,0,204473340.000,0,-,-,-,-,3898.4000,3898.0000,3897.8000,3896.6000,3895.0000,3899.6000,3899.8000,3900.0000,3900.2000,3903.6000,2,5,5,1,1,1,5,3,1,1
SF,IF2003,2019-11-14 09:33:44.000,3898.6000,10395,0,204473340.000,0,-,-,-,-,3898.4000,3898.0000,3897.8000,3896.6000,3892.0000,3899.4000,3899.6000,3899.8000,3900.0000,3900.2000,2,5,5,1,1,1,1,1,3,1
SF,IF2003,2019-11-14 09:33:48.500,3898.6000,10395,0,204473340.000,0,-,-,-,-,3898.4000,3898.0000,3897.8000,3896.6000,3892.0000,3899.4000,3899.6000,3899.8000,3900.0000,3903.6000,2,5,5,1,1,1,1,1,3,1
SF,IF2003,2019-11-14 09:33:49.000,3898.6000,10395,0,204473340.000,0,-,-,-,-,3898.4000,3898.0000,3897.8000,3896.6000,3892.0000,3899.4000,3899.8000,3900.0000,3903.6000,3904.0000,2,5,5,1,1,1,1,3,1,2
SF,IF2003,2019-11-14 09:33:52.000,3899.4000,10394,-1,205643160.000,1,0,1,双平,S,3898.4000,3898.0000,3897.8000,3896.6000,3892.0000,3899.8000,3900.0000,3900.6000,3903.6000,3904.0000,2,6,5,1,1,1,3,1,1,2
SF,IF2003,2019-11-14 09:33:52.500,3899.4000,10394,0,205643160.000,0,-,-,-,-,3898.4000,3898.0000,3897.8000,3896.6000,3892.0000,3899.8000,3900.0000,3902.6000,3903.6000,3904.0000,2,5,5,1,1,1,4,1,1,2
SF,IF2003,2019-11-14 09:33:53.000,3899.4000,10394,0,205643160.000,0,-,-,-,-,3898.4000,3898.0000,3897.8000,3896.6000,3892.0000,3899.6000,3899.8000,3900.0000,3902.6000,3903.6000,2,5,5,1,1,1,2,4,1,1
SF,IF2003,2019-11-14 09:33:53.500,3899.4000,10394,0,205643160.000,0,-,-,-,-,3898.4000,3898.0000,3897.8000,3896.6000,3892.0000,3899.6000,3899.8000,3900.0000,3902.6000,3903.6000,2,5,5,1,1,1,1,4,1,1
SF,IF2003,2019-11-14 09:33:54.000,3899.4000,10394,0,205643160.000,0,-,-,-,-,3898.4000,3898.0000,3897.8000,3896.6000,3892.0000,3899.6000,3899.8000,3900.0000,3902.6000,3903.6000,2,5,5,1,1,1,2,4,1,1
SF,IF2003,2019-11-14 09:33:54.500,3898.4000,10394,0,207982200.000,2,1,1,多换,S,3898.0000,3897.8000,3896.6000,3892.0000,3891.6000,3899.4000,3899.6000,3899.8000,3900.0000,3902.6000,5,5,1,1,1,1,1,2,4,1
SF,IF2003,2019-11-14 09:33:55.000,3898.4000,10394,0,207982200.000,0,-,-,-,-,3898.0000,3897.8000,3896.6000,3892.0000,3891.6000,3899.2000,3899.4000,3899.8000,3900.0000,3902.6000,5,5,1,1,1,1,1,2,4,1
SF,IF2003,2019-11-14 09:33:55.500,3898.4000,10394,0,207982200.000,0,-,-,-,-,3898.0000,3897.8000,3896.6000,3892.0000,3891.6000,3899.2000,3899.4000,3899.8000,3900.0000,3902.6000,5,5,1,1,1,1,1,2,3,1
SF,IF2003,2019-11-14 09:33:56.000,3898.4000,10394,0,207982200.000,0,-,-,-,-,3898.0000,3897.8000,3896.6000,3892.0000,3891.6000,3899.0000,3899.2000,3899.4000,3899.8000,3900.0000,5,5,1,1,1,1,2,1,2,3
SF,IF2003,2019-11-14 09:33:56.500,3898.0000,10394,0,209151600.000,1,0,1,多换,S,3898.0000,3897.8000,3896.6000,3892.0000,3891.6000,3899.0000,3899.2000,3899.8000,3900.0000,3900.2000,4,5,1,1,1,1,1,2,3,5
SF,IF2003,2019-11-14 09:33:57.000,3898.0000,10395,1,210321000.000,1,1,0,双开,S,3898.0000,3897.8000,3896.6000,3892.0000,3891.6000,3899.2000,3899.8000,3900.0000,3900.2000,3902.6000,3,5,1,1,1,1,2,3,5,1
SF,IF2003,2019-11-14 09:33:57.500,3898.0000,10395,0,210321000.000,0,-,-,-,-,3898.0000,3897.8000,3896.6000,3892.0000,3891.6000,3899.2000,3899.6000,3899.8000,3900.0000,3900.2000,3,5,1,1,1,1,1,2,3,5
SF,IF2003,2019-11-14 09:34:00.000,3898.0000,10395,0,210321000.000,0,-,-,-,-,3898.0000,3897.8000,3896.6000,3892.0000,3891.6000,3899.2000,3899.6000,3899.8000,3900.0000,3900.2000,3,5,1,1,1,1,1,2,3,5
SF,IF2003,2019-11-14 09:34:03.000,3898.0000,10395,0,212659800.000,2,1,1,多换,S,3898.0000,3897.8000,3896.6000,3892.0000,3891.6000,3899.2000,3899.6000,3899.8000,3900.0000,3900.2000,1,5,1,1,1,1,1,2,3,5
SF,IF2003,2019-11-14 09:34:03.500,3898.0000,10395,0,213829200.000,1,0,1,多换,S,3897.8000,3896.6000,3892.0000,3891.6000,3891.0000,3899.0000,3899.2000,3899.6000,3899.8000,3900.0000,5,1,1,1,1,2,1,1,2,3
SF,IF2003,2019-11-14 09:34:04.000,3898.0000,10395,0,213829200.000,0,-,-,-,-,3897.8000,3896.6000,3892.0000,3891.6000,3891.0000,3899.0000,3899.2000,3899.8000,3900.0000,3900.2000,5,1,1,1,1,1,1,2,3,5
SF,IF2003,2019-11-14 09:34:04.500,3898.0000,10395,0,213829200.000,0,-,-,-,-,3897.8000,3896.6000,3892.0000,3891.6000,3891.0000,3899.0000,3899.2000,3899.8000,3900.0000,3900.2000,5,1,1,1,1,1,1,2,3,5
SF,IF2003,2019-11-14 09:34:05.000,3898.0000,10395,0,213829200.000,0,-,-,-,-,3897.8000,3896.6000,3892.0000,3891.6000,3891.0000,3898.8000,3899.0000,3899.2000,3899.8000,3900.0000,5,1,1,1,1,1,1,1,2,3
SF,IF2003,2019-11-14 09:34:05.500,3897.8000,10395,0,219675900.000,5,2,3,多换,S,3896.6000,3892.0000,3891.6000,3891.0000,3888.0000,3898.8000,3899.0000,3899.2000,3899.8000,3900.0000,1,1,1,1,1,1,2,1,2,3
SF,IF2003,2019-11-14 09:34:06.000,3897.8000,10395,0,219675900.000,0,-,-,-,-,3896.8000,3896.6000,3892.0000,3891.6000,3891.0000,3898.8000,3899.0000,3899.2000,3899.8000,3900.0000,2,1,1,1,1,2,2,1,2,3
SF,IF2003,2019-11-14 09:34:07.000,3897.8000,10395,0,219675900.000,0,-,-,-,-,3896.8000,3896.6000,3892.0000,3891.6000,3891.0000,3898.8000,3899.0000,3899.2000,3899.8000,3900.0000,2,1,1,1,1,1,2,1,2,3
SF,IF2003,2019-11-14 09:34:07.500,3897.8000,10395,0,219675900.000,0,-,-,-,-,3897.0000,3896.6000,3892.0000,3891.6000,3891.0000,3898.8000,3899.0000,3899.2000,3899.8000,3900.0000,1,1,1,1,1,2,2,1,2,3
SF,IF2003,2019-11-14 09:34:08.000,3897.8000,10395,0,219675900.000,0,-,-,-,-,3897.0000,3896.6000,3892.0000,3891.6000,3891.0000,3898.8000,3899.0000,3899.2000,3899.8000,3900.0000,1,1,1,1,1,1,1,1,2,3
SF,IF2003,2019-11-14 09:34:08.500,3897.8000,10395,0,219675900.000,0,-,-,-,-,3897.0000,3892.0000,3891.6000,3891.0000,3888.0000,3898.6000,3898.8000,3899.0000,3899.2000,3899.8000,1,1,1,1,1,1,1,1,1,2
SF,IF2003,2019-11-14 09:34:09.000,3897.8000,10395,0,219675900.000,0,-,-,-,-,3897.0000,3892.0000,3891.6000,3891.0000,3888.0000,3898.6000,3899.0000,3899.2000,3899.8000,3900.0000,1,1,1,1,1,1,1,1,2,3
SF,IF2003,2019-11-14 09:34:09.500,3897.8000,10395,0,219675900.000,0,-,-,-,-,3897.0000,3892.0000,3891.6000,3891.0000,3888.0000,3899.0000,3899.2000,3899.8000,3900.0000,3900.2000,1,1,1,1,1,1,1,2,3,5
SF,IF2003,2019-11-14 09:34:11.500,3897.8000,10395,0,219675900.000,0,-,-,-,-,3897.0000,3892.0000,3891.6000,3891.0000,3888.0000,3898.8000,3899.0000,3899.2000,3899.8000,3900.0000,1,1,1,1,1,2,1,1,2,3
SF,IF2003,2019-11-14 09:34:14.000,3897.8000,10395,0,219675900.000,0,-,-,-,-,3897.0000,3892.0000,3891.6000,3891.0000,3888.0000,3898.8000,3899.0000,3899.2000,3899.4000,3899.8000,1,1,1,1,1,2,1,1,7,2
SF,IF2003,2019-11-14 09:34:16.500,3897.0000,10395,0,220845000.000,1,0,1,多换,S,3896.4000,3892.0000,3891.6000,3891.0000,3888.0000,3898.8000,3899.0000,3899.2000,3899.4000,3899.8000,1,1,1,1,1,2,2,1,7,2
SF,IF2003,2019-11-14 09:34:17.000,3897.0000,10395,0,220845000.000,0,-,-,-,-,3897.2000,3897.0000,3896.6000,3896.4000,3892.0000,3898.6000,3898.8000,3899.0000,3899.2000,3899.4000,1,1,11,1,1,1,2,1,1,7
SF,IF2003,2019-11-14 09:34:17.500,3897.0000,10395,0,220845000.000,0,-,-,-,-,3897.4000,3897.2000,3897.0000,3896.8000,3896.6000,3898.8000,3899.0000,3899.2000,3899.4000,3899.8000,11,1,1,5,2,2,1,1,7,2
SF,IF2003,2019-11-14 09:34:18.000,3897.0000,10395,0,220845000.000,0,-,-,-,-,3897.6000,3897.4000,3897.2000,3896.8000,3896.6000,3898.8000,3899.2000,3899.4000,3899.8000,3900.0000,1,11,1,5,2,1,1,7,2,3
SF,IF2003,2019-11-14 09:34:18.500,3897.0000,10395,0,220845000.000,0,-,-,-,-,3897.8000,3897.6000,3897.4000,3897.2000,3896.8000,3898.8000,3899.2000,3899.4000,3899.8000,3900.0000,5,1,1,1,3,1,1,7,2,3
SF,IF2003,2019-11-14 09:34:19.000,3897.0000,10395,0,220845000.000,0,-,-,-,-,3897.8000,3897.6000,3897.4000,3897.2000,3896.8000,3898.8000,3899.2000,3899.4000,3899.8000,3900.0000,5,1,1,1,3,1,1,7,2,3
SF,IF2003,2019-11-14 09:34:19.500,3898.8000,10395,0,222014640.000,1,0,1,多换,S,3897.8000,3897.6000,3897.4000,3897.2000,3896.8000,3899.2000,3899.4000,3899.8000,3900.0000,3900.2000,5,1,1,1,3,1,7,2,3,5
SF,IF2003,2019-11-14 09:34:20.000,3898.8000,10395,0,222014640.000,0,-,-,-,-,3897.8000,3897.6000,3897.4000,3897.2000,3896.8000,3899.0000,3899.2000,3899.4000,3899.8000,3900.0000,5,1,1,1,3,1,1,7,2,3
SF,IF2003,2019-11-14 09:34:20.500,3898.8000,10395,0,222014640.000,0,-,-,-,-,3897.8000,3897.6000,3897.4000,3897.2000,3896.8000,3899.0000,3899.2000,3899.4000,3899.8000,3900.0000,5,1,1,1,3,1,1,8,2,3
SF,IF2003,2019-11-14 09:34:21.000,3898.8000,10395,0,222014640.000,0,-,-,-,-,3897.8000,3897.6000,3897.4000,3897.2000,3896.8000,3899.0000,3899.2000,3899.4000,3899.8000,3900.0000,5,1,1,1,3,1,1,8,2,3
SF,IF2003,2019-11-14 09:34:22.000,3898.8000,10395,0,222014640.000,0,-,-,-,-,3897.8000,3897.6000,3897.4000,3897.2000,3896.8000,3899.0000,3899.2000,3899.4000,3899.8000,3900.0000,5,1,1,1,3,2,1,8,2,3
SF,IF2003,2019-11-14 09:34:22.500,3898.8000,10395,0,222014640.000,0,-,-,-,-,3898.0000,3897.8000,3897.6000,3897.4000,3896.8000,3899.2000,3899.4000,3899.8000,3900.0000,3900.2000,1,5,1,1,3,1,8,1,3,5
SF,IF2003,2019-11-14 09:34:23.000,3898.8000,10395,0,222014640.000,0,-,-,-,-,3898.2000,3898.0000,3897.8000,3897.6000,3897.4000,3899.0000,3899.2000,3899.4000,3899.8000,3900.0000,4,1,1,1,1,1,1,8,1,3
SF,IF2003,2019-11-14 09:34:24.000,3898.8000,10395,0,222014640.000,0,-,-,-,-,3897.8000,3897.6000,3897.4000,3896.8000,3896.6000,3899.0000,3899.2000,3899.4000,3899.8000,3900.0000,1,1,1,3,2,1,1,8,1,3
SF,IF2003,2019-11-14 09:34:25.000,3898.8000,10395,0,222014640.000,0,-,-,-,-,3897.8000,3896.6000,3892.0000,3891.6000,3888.0000,3899.0000,3899.2000,3899.4000,3899.8000,3900.0000,1,2,1,1,1,1,1,8,1,3
SF,IF2003,2019-11-14 09:34:25.500,3897.8000,10394,-1,223183980.000,1,0,1,双平,S,3896.6000,3892.0000,3891.6000,3888.0000,3887.0000,3898.0000,3899.0000,3899.2000,3899.4000,3899.8000,1,1,1,1,1,1,1,2,7,1
SF,IF2003,2019-11-14 09:34:26.000,3897.8000,10394,0,223183980.000,0,-,-,-,-,3896.8000,3896.6000,3892.0000,3891.6000,3888.0000,3897.8000,3898.0000,3898.8000,3899.2000,3899.4000,1,1,1,1,1,1,1,1,2,7
SF,IF2003,2019-11-14 09:34:26.500,3897.8000,10394,0,223183980.000,0,-,-,-,-,3896.8000,3892.0000,3891.6000,3888.0000,3887.0000,3897.8000,3898.0000,3899.2000,3899.4000,3899.8000,10,1,1,1,1,1,1,2,7,1
SF,IF2003,2019-11-14 09:34:27.000,3897.8000,10394,0,223183980.000,0,-,-,-,-,3896.8000,3892.0000,3891.6000,3888.0000,3887.0000,3897.8000,3898.0000,3899.2000,3899.4000,3899.8000,5,1,1,1,1,1,1,2,7,1
SF,IF2003,2019-11-14 09:34:31.000,3897.8000,10394,0,223183980.000,0,-,-,-,-,3892.0000,3891.6000,3888.0000,3887.0000,3884.0000,3897.8000,3898.0000,3899.2000,3899.4000,3899.8000,1,1,1,1,1,1,1,2,7,1
SF,IF2003,2019-11-14 09:34:31.500,3897.8000,10394,0,223183980.000,0,-,-,-,-,3895.8000,3895.0000,3894.8000,3893.4000,3893.0000,3897.6000,3897.8000,3898.0000,3899.2000,3899.4000,1,3,2,2,1,1,1,1,2,7
SF,IF2003,2019-11-14 09:34:32.000,3897.8000,10394,0,223183980.000,0,-,-,-,-,3896.2000,3896.0000,3894.8000,3893.4000,3893.0000,3897.6000,3898.0000,3899.2000,3899.4000,3899.8000,10,7,2,2,1,1,1,2,7,1
SF,IF2003,2019-11-14 09:34:32.500,3897.8000,10394,0,223183980.000,0,-,-,-,-,3896.4000,3896.2000,3896.0000,3894.8000,3893.4000,3897.4000,3897.6000,3898.0000,3899.2000,3899.4000,5,8,2,2,2,1,1,1,2,7
SF,IF2003,2019-11-14 09:34:33.000,3897.4000,10393,-1,224353200.000,1,0,1,双平,S,3896.4000,3896.2000,3896.0000,3895.8000,3894.8000,3897.6000,3898.0000,3898.4000,3899.2000,3899.4000,5,8,2,1,2,1,1,1,2,7
SF,IF2003,2019-11-14 09:34:33.500,3897.4000,10393,0,224353200.000,0,-,-,-,-,3896.8000,3896.6000,3896.4000,3896.0000,3894.8000,3897.6000,3898.0000,3899.2000,3899.4000,3899.8000,5,4,5,2,2,1,1,2,7,1
SF,IF2003,2019-11-14 09:34:34.000,3897.0000,10392,-1,225522300.000,1,0,1,双平,S,3897.0000,3896.8000,3896.6000,3896.4000,3896.0000,3897.6000,3898.0000,3899.2000,3899.4000,3899.8000,4,5,3,1,1,1,1,2,7,1
SF,IF2003,2019-11-14 09:34:34.500,3897.0000,10392,0,225522300.000,0,-,-,-,-,3897.0000,3896.8000,3896.6000,3896.4000,3896.0000,3897.6000,3898.0000,3899.2000,3899.4000,3899.8000,1,5,3,1,1,1,1,2,7,1
SF,IF2003,2019-11-14 09:34:35.000,3897.0000,10392,0,225522300.000,0,-,-,-,-,3897.0000,3896.8000,3896.6000,3896.4000,3896.0000,3897.6000,3898.0000,3899.2000,3899.4000,3900.0000,1,5,3,1,1,1,1,2,8,4
SF,IF2003,2019-11-14 09:34:35.500,3897.0000,10392,0,225522300.000,0,-,-,-,-,3897.0000,3896.4000,3896.0000,3894.8000,3893.4000,3897.6000,3898.0000,3899.2000,3899.4000,3900.0000,1,1,1,2,2,1,1,2,8,4
SF,IF2003,2019-11-14 09:34:36.000,3897.0000,10392,0,225522300.000,0,-,-,-,-,3896.4000,3896.0000,3894.8000,3893.4000,3893.0000,3897.6000,3898.0000,3899.2000,3899.4000,3900.0000,1,1,2,2,1,1,1,2,8,4
SF,IF2003,2019-11-14 09:34:36.500,3897.0000,10392,0,225522300.000,0,-,-,-,-,3896.6000,3896.4000,3896.0000,3894.8000,3893.4000,3897.6000,3898.0000,3899.2000,3899.4000,3900.0000,9,1,1,2,2,1,1,2,8,4
SF,IF2003,2019-11-14 09:34:37.000,3897.0000,10392,0,225522300.000,0,-,-,-,-,3896.6000,3896.4000,3896.0000,3894.8000,3893.4000,3897.6000,3898.0000,3899.2000,3899.4000,3900.0000,3,1,1,2,2,1,1,2,8,4
SF,IF2003,2019-11-14 09:34:37.500,3896.6000,10392,0,226691280.000,1,0,1,多换,S,3896.6000,3896.4000,3894.8000,3893.4000,3893.0000,3897.6000,3898.0000,3899.2000,3899.4000,3900.0000,2,1,2,2,1,1,1,2,8,4
SF,IF2003,2019-11-14 09:34:38.000,3896.4000,10392,0,229029180.000,2,1,1,多换,S,3894.8000,3893.4000,3893.0000,3892.4000,3892.0000,3897.4000,3897.6000,3898.0000,3899.2000,3899.4000,1,2,1,2,2,1,1,1,2,8
SF,IF2003,2019-11-14 09:34:38.500,3896.4000,10392,0,229029180.000,0,-,-,-,-,3895.2000,3895.0000,3894.8000,3893.4000,3893.0000,3897.4000,3897.6000,3898.0000,3899.2000,3899.4000,10,5,1,2,1,3,1,1,2,8
SF,IF2003,2019-11-14 09:34:39.000,3896.4000,10392,0,229029180.000,0,-,-,-,-,3895.4000,3895.2000,3895.0000,3894.8000,3893.4000,3897.2000,3897.4000,3897.6000,3897.8000,3898.0000,1,10,4,1,2,1,1,1,1,1
SF,IF2003,2019-11-14 09:34:39.500,3896.4000,10392,0,229029180.000,0,-,-,-,-,3895.6000,3895.4000,3895.2000,3895.0000,3894.8000,3897.6000,3897.8000,3898.0000,3899.2000,3899.4000,5,3,5,3,1,1,1,1,2,8
SF,IF2003,2019-11-14 09:34:40.000,3896.4000,10392,0,229029180.000,0,-,-,-,-,3895.8000,3895.6000,3895.4000,3895.2000,3895.0000,3897.4000,3897.6000,3898.0000,3899.2000,3899.4000,1,5,2,5,2,2,1,1,2,8
SF,IF2003,2019-11-14 09:34:40.500,3896.4000,10392,0,229029180.000,0,-,-,-,-,3895.4000,3895.2000,3895.0000,3894.8000,3893.4000,3897.2000,3897.4000,3897.6000,3898.0000,3899.2000,2,3,2,1,2,3,2,1,1,2
SF,IF2003,2019-11-14 09:34:41.000,3896.4000,10392,0,229029180.000,0,-,-,-,-,3895.6000,3895.4000,3895.2000,3895.0000,3894.8000,3897.0000,3897.6000,3897.8000,3898.0000,3899.2000,5,1,3,2,1,1,1,5,1,2
SF,IF2003,2019-11-14 09:34:41.500,3896.4000,10392,0,229029180.000,0,-,-,-,-,3895.4000,3895.0000,3894.8000,3893.4000,3893.0000,3896.8000,3897.0000,3897.8000,3898.0000,3899.2000,1,1,1,2,1,1,1,5,1,2
SF,IF2003,2019-11-14 09:34:42.000,3896.4000,10392,0,229029180.000,0,-,-,-,-,3895.4000,3895.0000,3894.8000,3893.4000,3893.0000,3896.6000,3896.8000,3897.8000,3898.0000,3899.2000,1,1,1,2,1,2,1,5,1,2
SF,IF2003,2019-11-14 09:34:44.000,3896.4000,10392,0,229029180.000,0,-,-,-,-,3896.4000,3895.8000,3895.4000,3895.0000,3894.8000,3896.6000,3896.8000,3897.8000,3898.0000,3899.2000,1,1,1,1,1,2,1,5,1,2
SF,IF2003,2019-11-14 09:34:44.500,3896.4000,10393,1,230198100.000,1,1,0,双开,S,3895.8000,3895.4000,3895.0000,3894.8000,3893.4000,3896.6000,3897.8000,3898.0000,3899.2000,3899.4000,1,1,1,1,1,1,5,1,2,8
SF,IF2003,2019-11-14 09:34:45.000,3896.4000,10393,0,230198100.000,0,-,-,-,-,3895.8000,3895.4000,3895.0000,3894.8000,3893.4000,3896.4000,3896.6000,3897.8000,3898.0000,3899.2000,1,1,1,1,1,1,1,5,1,2
SF,IF2003,2019-11-14 09:34:45.500,3896.4000,10393,0,230198100.000,0,-,-,-,-,3895.8000,3895.4000,3895.0000,3894.8000,3893.4000,3896.6000,3897.8000,3898.0000,3899.2000,3899.4000,1,1,1,1,1,1,5,1,2,8
SF,IF2003,2019-11-14 09:34:46.000,3896.4000,10393,0,230198100.000,0,-,-,-,-,3895.8000,3895.4000,3895.0000,3894.8000,3893.4000,3896.6000,3897.0000,3897.8000,3898.0000,3899.2000,1,1,1,1,1,1,1,5,1,2
SF,IF2003,2019-11-14 09:34:46.500,3896.6000,10392,-1,231367080.000,1,0,1,双平,S,3895.8000,3895.4000,3895.0000,3894.8000,3893.4000,3897.0000,3897.8000,3898.0000,3899.2000,3899.4000,1,1,1,1,1,1,5,1,2,8
SF,IF2003,2019-11-14 09:34:47.000,3896.6000,10392,0,231367080.000,0,-,-,-,-,3895.8000,3895.4000,3895.0000,3894.8000,3893.4000,3896.8000,3897.0000,3897.8000,3898.0000,3899.2000,1,1,1,1,1,1,1,5,1,2
SF,IF2003,2019-11-14 09:34:47.500,3896.6000,10392,0,231367080.000,0,-,-,-,-,3895.8000,3895.4000,3895.0000,3894.8000,3893.4000,3897.0000,3897.8000,3898.0000,3899.2000,3899.4000,1,1,1,1,1,1,5,1,2,8
SF,IF2003,2019-11-14 09:34:48.000,3896.6000,10392,0,231367080.000,0,-,-,-,-,3896.6000,3895.8000,3895.4000,3895.0000,3894.8000,3896.8000,3897.0000,3897.8000,3898.0000,3899.2000,1,1,1,1,1,1,1,5,1,2
SF,IF2003,2019-11-14 09:34:48.500,3896.6000,10391,-1,233705040.000,2,0,2,多平,S,3895.8000,3895.4000,3895.0000,3894.8000,3893.4000,3896.6000,3896.8000,3897.0000,3897.8000,3898.0000,1,1,1,1,1,1,1,1,5,1
SF,IF2003,2019-11-14 09:34:49.000,3896.6000,10391,0,233705040.000,0,-,-,-,-,3895.8000,3894.8000,3893.4000,3893.0000,3892.4000,3896.4000,3896.6000,3896.8000,3897.0000,3897.8000,1,1,1,1,2,1,5,1,1,5
SF,IF2003,2019-11-14 09:34:49.500,3896.6000,10391,0,233705040.000,0,-,-,-,-,3895.8000,3894.8000,3893.4000,3893.0000,3892.4000,3896.6000,3896.8000,3897.0000,3897.8000,3898.0000,1,1,1,1,2,2,1,1,5,1
SF,IF2003,2019-11-14 09:34:50.000,3896.6000,10391,0,233705040.000,0,-,-,-,-,3895.8000,3894.8000,3893.4000,3893.0000,3892.4000,3896.4000,3896.6000,3897.8000,3898.0000,3899.2000,1,1,1,1,2,2,2,5,1,2
SF,IF2003,2019-11-14 09:34:50.500,3896.6000,10391,0,233705040.000,0,-,-,-,-,3895.8000,3894.8000,3893.4000,3893.0000,3892.4000,3896.6000,3897.8000,3898.0000,3899.2000,3899.4000,1,1,1,1,2,2,5,1,2,8
SF,IF2003,2019-11-14 09:34:51.000,3895.8000,10391,0,234873780.000,1,0,1,多换,S,3894.8000,3893.4000,3893.0000,3892.4000,3892.0000,3896.6000,3897.8000,3898.0000,3899.2000,3899.4000,1,1,1,2,2,2,5,1,2,8
SF,IF2003,2019-11-14 09:34:51.500,3895.8000,10391,0,234873780.000,0,-,-,-,-,3895.2000,3895.0000,3894.8000,3893.4000,3893.0000,3896.6000,3897.8000,3898.0000,3899.2000,3899.4000,5,5,1,1,1,2,5,1,2,8
SF,IF2003,2019-11-14 09:34:52.000,3895.8000,10391,0,234873780.000,0,-,-,-,-,3895.4000,3894.8000,3893.4000,3893.0000,3892.4000,3896.6000,3897.8000,3898.0000,3899.2000,3899.4000,1,1,1,1,2,1,5,1,2,8
SF,IF2003,2019-11-14 09:34:54.500,3895.8000,10391,0,234873780.000,0,-,-,-,-,3895.4000,3894.8000,3893.4000,3893.0000,3892.4000,3896.6000,3897.8000,3898.0000,3899.2000,3899.4000,1,1,1,1,2,2,5,1,2,8
SF,IF2003,2019-11-14 09:34:55.000,3895.8000,10391,0,234873780.000,0,-,-,-,-,3895.4000,3894.8000,3893.4000,3893.0000,3892.4000,3896.6000,3897.8000,3898.0000,3899.2000,3899.4000,1,1,1,1,2,2,5,1,1,8
SF,IF2003,2019-11-14 09:34:55.500,3895.4000,10390,-1,236042400.000,1,0,1,双平,S,3894.8000,3893.4000,3893.0000,3892.4000,3892.0000,3895.4000,3896.6000,3897.8000,3898.0000,3899.2000,1,1,1,2,2,14,2,5,1,1
SF,IF2003,2019-11-14 09:34:56.000,3895.4000,10377,-13,251234460.000,13,0,13,双平,S,3895.0000,3894.8000,3893.4000,3893.0000,3892.4000,3895.4000,3896.6000,3897.8000,3898.0000,3899.2000,3,1,1,1,2,1,2,5,1,1
SF,IF2003,2019-11-14 09:34:56.500,3895.4000,10376,-1,252403080.000,1,0,1,双平,S,3895.0000,3894.8000,3893.4000,3893.0000,3892.4000,3896.6000,3897.8000,3898.0000,3899.2000,3899.4000,3,1,1,1,2,2,5,1,1,8
SF,IF2003,2019-11-14 09:34:57.500,3895.4000,10376,0,252403080.000,0,-,-,-,-,3895.0000,3894.8000,3893.4000,3893.0000,3892.4000,3896.6000,3897.8000,3898.0000,3899.2000,3899.4000,2,1,1,1,2,2,5,1,1,8
SF,IF2003,2019-11-14 09:34:58.000,3895.4000,10376,0,252403080.000,0,-,-,-,-,3895.0000,3894.8000,3893.4000,3893.0000,3892.4000,3896.4000,3896.6000,3897.8000,3898.0000,3899.2000,2,1,1,1,2,1,1,5,1,1
SF,IF2003,2019-11-14 09:34:58.500,3895.4000,10376,0,252403080.000,0,-,-,-,-,3895.0000,3894.8000,3893.4000,3893.0000,3892.4000,3896.4000,3896.6000,3896.8000,3897.8000,3898.0000,1,1,1,1,2,1,1,1,5,1
SF,IF2003,2019-11-14 09:35:00.000,3895.4000,10376,0,252403080.000,0,-,-,-,-,3895.0000,3894.8000,3893.4000,3893.0000,3892.4000,3896.2000,3896.4000,3896.6000,3897.8000,3898.0000,1,1,1,1,2,3,1,1,5,1
SF,IF2003,2019-11-14 09:35:00.500,3895.4000,10376,0,252403080.000,0,-,-,-,-,3895.0000,3894.8000,3893.4000,3892.4000,3892.0000,3896.0000,3896.2000,3896.6000,3897.8000,3898.0000,1,1,1,2,2,1,4,1,5,1
SF,IF2003,2019-11-14 09:35:01.000,3895.0000,10376,0,253571580.000,1,0,1,多换,S,3893.4000,3892.4000,3892.0000,3891.6000,3889.6000,3895.8000,3896.0000,3896.2000,3896.6000,3897.8000,1,2,2,1,4,1,1,4,1,5
SF,IF2003,2019-11-14 09:35:01.500,3895.0000,10376,0,253571580.000,0,-,-,-,-,3893.6000,3893.4000,3892.4000,3892.0000,3891.6000,3895.0000,3895.8000,3896.0000,3896.2000,3896.6000,8,1,2,2,1,1,1,1,4,1
SF,IF2003,2019-11-14 09:35:02.000,3895.0000,10376,0,253571580.000,0,-,-,-,-,3893.8000,3893.6000,3893.4000,3892.4000,3892.0000,3896.0000,3896.2000,3896.6000,3897.8000,3898.0000,1,1,1,1,2,1,2,1,5,1
SF,IF2003,2019-11-14 09:35:02.500,3895.0000,10376,0,253571580.000,0,-,-,-,-,3893.4000,3892.0000,3891.6000,3889.6000,3888.0000,3895.8000,3896.0000,3896.2000,3896.6000,3897.8000,1,2,1,4,1,3,1,2,1,5
SF,IF2003,2019-11-14 09:35:03.000,3895.0000,10376,0,253571580.000,0,-,-,-,-,3893.0000,3892.0000,3891.6000,3889.6000,3888.0000,3895.8000,3896.2000,3896.6000,3897.8000,3898.0000,1,1,1,4,1,8,1,1,5,1
SF,IF2003,2019-11-14 09:35:03.500,3895.0000,10376,0,253571580.000,0,-,-,-,-,3893.0000,3892.0000,3891.6000,3889.6000,3888.0000,3894.6000,3894.8000,3895.4000,3895.8000,3896.0000,1,1,1,4,1,1,1,2,8,1
SF,IF2003,2019-11-14 09:35:04.000,3893.2000,10374,-2,255907500.000,2,0,2,双平,S,3892.0000,3891.6000,3889.6000,3888.0000,3887.0000,3894.4000,3894.6000,3895.8000,3896.0000,3896.2000,1,1,4,1,1,1,1,5,1,1
SF,IF2003,2019-11-14 09:35:04.500,3893.2000,10374,0,255907500.000,0,-,-,-,-,3893.4000,3892.4000,3892.2000,3892.0000,3891.6000,3894.6000,3894.8000,3895.8000,3896.0000,3896.2000,1,10,4,1,1,1,1,1,1,1
SF,IF2003,2019-11-14 09:35:05.000,3893.2000,10374,0,255907500.000,0,-,-,-,-,3893.6000,3893.4000,3892.4000,3892.2000,3892.0000,3894.6000,3894.8000,3896.0000,3896.2000,3897.8000,2,1,10,2,2,1,1,2,1,5
SF,IF2003,2019-11-14 09:35:05.500,3893.2000,10374,0,255907500.000,0,-,-,-,-,3892.2000,3892.0000,3891.6000,3889.6000,3888.0000,3894.8000,3896.0000,3896.2000,3897.8000,3898.0000,2,1,1,4,1,1,2,1,5,1
SF,IF2003,2019-11-14 09:35:06.000,3893.2000,10374,0,255907500.000,0,-,-,-,-,3892.4000,3892.2000,3892.0000,3891.6000,3889.6000,3894.2000,3894.4000,3894.6000,3894.8000,3896.0000,9,2,1,1,4,1,4,2,1,2
SF,IF2003,2019-11-14 09:35:06.500,3893.2000,10374,0,255907500.000,0,-,-,-,-,3892.6000,3892.4000,3892.2000,3892.0000,3891.6000,3894.2000,3894.6000,3896.0000,3896.2000,3897.8000,1,11,2,1,1,1,1,2,1,5
SF,IF2003,2019-11-14 09:35:07.000,3893.2000,10374,0,255907500.000,0,-,-,-,-,3892.8000,3892.6000,3892.4000,3892.2000,3892.0000,3894.6000,3896.0000,3896.2000,3897.8000,3898.0000,1,1,9,2,1,1,1,1,5,1
SF,IF2003,2019-11-14 09:35:07.500,3893.2000,10374,0,255907500.000,0,-,-,-,-,3892.8000,3892.6000,3892.4000,3892.2000,3892.0000,3894.4000,3894.6000,3894.8000,3896.0000,3896.2000,1,1,6,2,1,2,1,1,1,1
SF,IF2003,2019-11-14 09:35:08.000,3893.2000,10374,0,255907500.000,0,-,-,-,-,3893.4000,3892.8000,3892.6000,3892.4000,3892.2000,3894.4000,3896.0000,3896.2000,3897.8000,3898.0000,1,1,1,6,2,1,1,1,5,1
SF,IF2003,2019-11-14 09:35:08.500,3893.2000,10374,0,255907500.000,0,-,-,-,-,3892.6000,3892.4000,3892.2000,3892.0000,3891.6000,3894.4000,3896.0000,3896.2000,3897.8000,3898.0000,1,6,2,1,1,1,1,1,5,1
SF,IF2003,2019-11-14 09:35:09.000,3893.2000,10374,0,255907500.000,0,-,-,-,-,3892.6000,3892.4000,3892.2000,3892.0000,3891.6000,3894.2000,3894.4000,3896.0000,3896.2000,3897.8000,1,6,2,1,1,1,1,1,1,5
SF,IF2003,2019-11-14 09:35:09.500,3893.2000,10374,0,255907500.000,0,-,-,-,-,3893.4000,3892.8000,3892.6000,3892.4000,3892.2000,3894.4000,3896.0000,3896.2000,3897.8000,3898.0000,1,1,1,6,2,1,1,1,5,1
SF,IF2003,2019-11-14 09:35:10.000,3893.2000,10374,0,255907500.000,0,-,-,-,-,3892.6000,3892.4000,3892.2000,3892.0000,3891.6000,3894.2000,3896.0000,3896.2000,3897.8000,3898.0000,1,1,2,1,1,1,1,1,5,1
SF,IF2003,2019-11-14 09:35:10.500,3893.2000,10374,0,255907500.000,0,-,-,-,-,3892.8000,3892.6000,3892.4000,3892.2000,3892.0000,3894.2000,3896.0000,3896.2000,3897.8000,3898.0000,1,1,1,2,1,1,1,1,5,1
SF,IF2003,2019-11-14 09:35:11.000,3893.2000,10374,0,255907500.000,0,-,-,-,-,3892.8000,3892.6000,3892.4000,3892.2000,3892.0000,3894.2000,3896.0000,3896.2000,3897.8000,3898.0000,1,1,1,2,1,1,1,1,5,1
SF,IF2003,2019-11-14 09:35:13.000,3894.2000,10373,-1,257075760.000,1,0,1,双平,S,3892.8000,3892.6000,3892.4000,3892.2000,3892.0000,3895.4000,3896.0000,3896.2000,3897.8000,3898.0000,1,1,1,1,1,1,1,1,5,1
SF,IF2003,2019-11-14 09:35:13.500,3894.2000,10373,0,257075760.000,0,-,-,-,-,3893.0000,3892.8000,3892.6000,3892.4000,3892.2000,3894.8000,3895.2000,3896.0000,3896.2000,3897.8000,1,1,1,1,1,1,2,1,1,5
SF,IF2003,2019-11-14 09:35:14.000,3894.2000,10373,0,257075760.000,0,-,-,-,-,3893.4000,3893.2000,3893.0000,3892.6000,3892.4000,3894.8000,3895.2000,3896.0000,3896.2000,3897.8000,1,2,1,1,1,1,1,1,1,5
SF,IF2003,2019-11-14 09:35:14.500,3894.2000,10373,0,257075760.000,0,-,-,-,-,3893.6000,3893.4000,3893.0000,3892.6000,3892.4000,3894.8000,3895.2000,3896.0000,3896.2000,3897.8000,1,1,1,1,1,1,1,1,1,5
