市场代码,合约代码,时间,最新,持仓,增仓,成交额,成交量,开仓,平仓,成交类型,方向,买一价,买二价,买三价,买四价,买五价,卖一价,卖二价,卖三价,卖四价,卖五价,买一量,买二量,买三量,买四量,买五量,卖一量,卖二量,卖三量,卖四量,卖五量
SF,IF2003,2019-11-29 09:29:00.100,3853.8000,15134,0,2312280.000,2.000,-,-,-,-,3851.2000,3851.0000,3850.6000,3850.2000,3850.0000,3854.0000,3856.0000,3856.2000,3856.6000,3858.0000,1,1,1,1,2,1,1,1,2,1
SF,IF2003,2019-11-29 09:30:00.100,3856.0000,15135,1,3469080.000,1,1,0,双开,S,3852.8000,3852.2000,3852.0000,3851.6000,3851.4000,3856.2000,3856.6000,3858.6000,3860.2000,3860.8000,1,1,2,7,5,1,2,4,2,2
SF,IF2003,2019-11-29 09:30:00.600,3856.0000,15135,0,3469080.000,0,-,-,-,-,3854.0000,3853.6000,3853.4000,3853.2000,3853.0000,3856.0000,3856.2000,3858.6000,3860.2000,3860.8000,5,1,1,11,13,2,2,1,2,2
SF,IF2003,2019-11-29 09:30:01.100,3856.0000,15135,0,3469080.000,0,-,-,-,-,3854.2000,3854.0000,3853.6000,3853.4000,3853.2000,3855.8000,3856.0000,3856.2000,3859.8000,3860.2000,1,5,1,1,9,1,3,1,5,2
SF,IF2003,2019-11-29 09:30:01.600,3856.0000,15135,0,3469080.000,0,-,-,-,-,3854.6000,3854.2000,3854.0000,3853.6000,3853.4000,3855.8000,3856.0000,3856.2000,3859.8000,3860.2000,5,9,5,1,1,1,2,1,5,2
SF,IF2003,2019-11-29 09:30:02.100,3856.0000,15135,0,3469080.000,0,-,-,-,-,3854.4000,3854.2000,3854.0000,3853.6000,3853.4000,3855.6000,3855.8000,3856.0000,3856.2000,3859.8000,1,1,5,1,1,1,1,1,1,5
SF,IF2003,2019-11-29 09:30:02.600,3856.0000,15135,0,3469080.000,0,-,-,-,-,3854.4000,3854.2000,3854.0000,3853.6000,3853.4000,3855.6000,3855.8000,3856.0000,3856.2000,3859.8000,1,1,5,1,1,1,1,1,1,5
SF,IF2003,2019-11-29 09:30:03.600,3856.0000,15135,0,3469080.000,0,-,-,-,-,3854.4000,3854.2000,3854.0000,3853.6000,3853.4000,3855.6000,3856.0000,3856.2000,3859.8000,3860.2000,1,1,5,1,1,1,1,1,5,2
SF,IF2003,2019-11-29 09:30:04.600,3856.0000,15135,0,3469080.000,0,-,-,-,-,3854.4000,3854.2000,3854.0000,3853.6000,3853.4000,3855.6000,3856.0000,3856.2000,3859.8000,3860.2000,1,1,5,1,1,1,1,1,5,2
SF,IF2003,2019-11-29 09:30:05.100,3855.6000,15135,0,4625760.000,1,0,1,多换,S,3854.4000,3853.6000,3853.4000,3853.2000,3853.0000,3855.6000,3856.0000,3856.2000,3859.8000,3860.2000,1,1,1,3,12,1,1,1,5,2
SF,IF2003,2019-11-29 09:30:06.600,3855.6000,15135,0,4625760.000,0,-,-,-,-,3854.4000,3853.6000,3853.4000,3853.2000,3853.0000,3855.6000,3856.0000,3856.2000,3859.8000,3860.2000,1,1,1,3,12,1,1,1,5,2
SF,IF2003,2019-11-29 09:30:08.600,3855.6000,15135,0,4625760.000,0,-,-,-,-,3854.4000,3853.6000,3853.4000,3853.2000,3853.0000,3855.6000,3856.0000,3856.2000,3856.6000,3859.8000,2,1,1,3,12,1,1,1,1,5
SF,IF2003,2019-11-29 09:30:09.100,3855.6000,15135,0,4625760.000,0,-,-,-,-,3854.4000,3853.6000,3853.4000,3853.2000,3853.0000,3856.0000,3856.2000,3856.6000,3859.8000,3860.2000,2,1,1,3,12,1,1,1,5,2
SF,IF2003,2019-11-29 09:30:09.600,3855.6000,15135,0,4625760.000,0,-,-,-,-,3855.6000,3854.8000,3854.6000,3854.4000,3853.6000,3856.0000,3856.2000,3856.6000,3859.8000,3860.2000,1,5,1,2,1,1,1,1,5,2
SF,IF2003,2019-11-29 09:30:10.100,3854.8000,15132,-3,8095320.000,3,0,3,双平,S,3854.8000,3854.6000,3854.4000,3853.6000,3853.4000,3856.0000,3856.2000,3856.6000,3859.8000,3860.2000,3,1,1,1,1,1,1,1,5,2
SF,IF2003,2019-11-29 09:30:10.600,3854.8000,15131,-1,9251760.000,1,0,1,双平,S,3854.4000,3853.6000,3853.4000,3853.2000,3853.0000,3855.8000,3856.0000,3856.2000,3856.6000,3859.8000,1,1,1,3,12,2,1,1,1,5
SF,IF2003,2019-11-29 09:30:11.100,3854.8000,15131,0,9251760.000,0,-,-,-,-,3854.6000,3854.4000,3853.6000,3853.4000,3853.2000,3855.8000,3856.0000,3856.2000,3856.6000,3859.8000,1,1,1,1,3,2,1,1,1,5
SF,IF2003,2019-11-29 09:30:11.600,3854.8000,15131,0,9251760.000,0,-,-,-,-,3854.6000,3854.4000,3853.6000,3853.4000,3853.2000,3855.8000,3856.0000,3856.2000,3856.6000,3859.8000,1,1,1,1,3,1,1,1,1,5
SF,IF2003,2019-11-29 09:30:12.100,3854.8000,15131,0,9251760.000,0,-,-,-,-,3855.0000,3854.6000,3854.4000,3853.6000,3853.4000,3855.8000,3856.0000,3856.2000,3856.6000,3859.8000,5,2,1,1,1,1,1,1,1,5
SF,IF2003,2019-11-29 09:30:12.600,3855.0000,15129,-2,11564760.000,2,0,2,双平,S,3854.6000,3854.4000,3853.6000,3853.4000,3853.2000,3855.8000,3856.0000,3856.2000,3856.6000,3859.8000,2,1,1,1,3,1,1,1,1,5
SF,IF2003,2019-11-29 09:30:13.100,3855.0000,15129,0,11564760.000,0,-,-,-,-,3855.2000,3855.0000,3854.8000,3854.6000,3854.4000,3856.0000,3856.2000,3856.6000,3859.8000,3860.2000,1,5,1,2,1,1,1,1,5,2
SF,IF2003,2019-11-29 09:30:13.600,3855.8000,15129,0,12721500.000,1,0,1,多换,S,3854.8000,3854.6000,3854.4000,3853.6000,3853.4000,3856.0000,3856.2000,3856.6000,3859.8000,3860.2000,1,2,1,1,1,1,1,1,5,2
SF,IF2003,2019-11-29 09:30:14.100,3855.8000,15129,0,12721500.000,0,-,-,-,-,3855.4000,3854.8000,3854.6000,3854.4000,3853.6000,3856.0000,3856.2000,3856.6000,3859.8000,3860.2000,1,1,2,1,1,1,1,1,5,2
SF,IF2003,2019-11-29 09:30:14.600,3856.0000,15129,0,13878300.000,1,0,1,多换,S,3855.4000,3854.8000,3854.6000,3854.4000,3853.6000,3856.2000,3856.6000,3859.8000,3860.2000,3861.0000,1,1,2,1,1,1,1,5,2,1
SF,IF2003,2019-11-29 09:30:15.100,3855.6000,15127,-2,16191660.000,2,0,2,双平,S,3855.4000,3854.8000,3854.6000,3854.4000,3853.6000,3856.6000,3857.0000,3859.8000,3860.2000,3861.0000,1,1,2,2,1,1,1,5,2,1
SF,IF2003,2019-11-29 09:30:15.600,3855.4000,15126,-1,19661940.000,3,1,2,多平,S,3854.6000,3854.4000,3853.6000,3853.4000,3853.2000,3857.0000,3860.2000,3861.0000,3864.0000,3866.6000,2,2,1,1,3,1,2,1,5,3
SF,IF2003,2019-11-29 09:30:16.100,3855.4000,15126,0,19661940.000,0,-,-,-,-,3855.4000,3855.0000,3854.8000,3854.6000,3854.4000,3856.8000,3857.0000,3860.2000,3861.0000,3864.0000,5,2,14,2,2,2,2,2,1,5
SF,IF2003,2019-11-29 09:30:16.600,3857.0000,15125,-1,20819040.000,1,0,1,双平,S,3855.6000,3855.4000,3855.0000,3854.8000,3854.6000,3856.8000,3861.0000,3864.0000,3866.6000,3874.6000,3,5,2,15,2,1,1,5,3,1
SF,IF2003,2019-11-29 09:30:17.100,3856.0000,15125,0,21975840.000,1,0,1,多换,S,3856.0000,3855.8000,3855.6000,3855.4000,3855.0000,3856.8000,3858.2000,3861.0000,3864.0000,3866.6000,4,1,6,5,2,1,1,1,5,3
SF,IF2003,2019-11-29 09:30:17.600,3856.0000,15125,0,21975840.000,0,-,-,-,-,3855.8000,3855.6000,3855.4000,3855.0000,3854.8000,3856.8000,3858.2000,3861.0000,3864.0000,3866.6000,1,2,5,2,16,1,1,1,5,3
SF,IF2003,2019-11-29 09:30:18.100,3856.0000,15125,0,21975840.000,0,-,-,-,-,3855.8000,3855.6000,3855.4000,3855.0000,3854.8000,3856.8000,3858.2000,3861.0000,3864.0000,3866.6000,1,2,6,2,16,1,1,1,5,3
SF,IF2003,2019-11-29 09:30:18.600,3856.8000,15125,0,23132880.000,1,0,1,多换,S,3856.8000,3856.0000,3855.8000,3855.6000,3855.4000,3858.2000,3861.0000,3864.0000,3866.6000,3874.6000,1,1,1,2,6,1,1,5,3,1
SF,IF2003,2019-11-29 09:30:19.100,3856.8000,15124,-1,24289920.000,1,0,1,双平,S,3856.8000,3856.0000,3855.8000,3855.4000,3855.0000,3857.4000,3857.6000,3857.8000,3858.0000,3858.2000,1,1,1,1,2,2,5,3,11,1
SF,IF2003,2019-11-29 09:30:19.600,3856.0000,15123,-1,27760800.000,3,1,2,多平,S,3855.8000,3855.4000,3855.0000,3854.8000,3854.4000,3856.0000,3857.2000,3857.4000,3857.6000,3858.0000,1,1,2,16,2,5,2,2,5,10
SF,IF2003,2019-11-29 09:30:20.100,3856.0000,15123,0,33544800.000,5,2,3,多换,S,3855.8000,3855.4000,3855.0000,3854.8000,3854.4000,3856.8000,3857.2000,3858.0000,3858.2000,3858.4000,1,1,2,16,2,1,1,9,1,2
SF,IF2003,2019-11-29 09:30:20.600,3856.0000,15123,0,33544800.000,0,-,-,-,-,3855.8000,3855.4000,3855.0000,3854.8000,3854.4000,3856.6000,3856.8000,3858.0000,3858.2000,3858.4000,1,1,2,16,2,2,1,9,1,2
SF,IF2003,2019-11-29 09:30:21.100,3856.0000,15123,0,33544800.000,0,-,-,-,-,3855.4000,3855.0000,3854.8000,3854.4000,3853.6000,3856.6000,3856.8000,3857.4000,3858.0000,3858.2000,1,2,15,2,1,2,1,1,9,1
SF,IF2003,2019-11-29 09:30:21.600,3856.0000,15123,0,33544800.000,0,-,-,-,-,3855.6000,3855.4000,3855.0000,3854.8000,3854.4000,3856.6000,3857.4000,3858.0000,3858.2000,3858.4000,1,1,2,15,2,2,1,9,1,2
SF,IF2003,2019-11-29 09:30:22.100,3856.0000,15123,0,33544800.000,0,-,-,-,-,3855.6000,3855.4000,3855.0000,3854.8000,3854.4000,3856.6000,3857.4000,3858.0000,3858.2000,3858.4000,1,1,2,15,2,2,1,9,1,1
SF,IF2003,2019-11-29 09:30:22.600,3856.0000,15123,0,33544800.000,0,-,-,-,-,3856.0000,3855.4000,3855.0000,3854.8000,3854.4000,3856.6000,3857.4000,3858.0000,3858.2000,3858.4000,1,2,2,15,2,2,1,9,1,1
SF,IF2003,2019-11-29 09:30:23.100,3855.4000,15120,-3,39328920.000,5,1,4,多平,S,3855.4000,3855.0000,3854.8000,3854.4000,3853.6000,3857.4000,3858.0000,3858.2000,3858.4000,3861.0000,1,2,15,2,1,1,9,1,1,1
SF,IF2003,2019-11-29 09:30:23.600,3855.4000,15120,0,39328920.000,0,-,-,-,-,3856.4000,3855.6000,3855.4000,3855.0000,3854.8000,3857.2000,3857.4000,3858.0000,3858.2000,3858.4000,1,1,1,2,12,10,1,9,1,1
SF,IF2003,2019-11-29 09:30:24.100,3855.4000,15120,0,39328920.000,0,-,-,-,-,3856.4000,3855.6000,3855.4000,3855.0000,3854.8000,3857.2000,3857.4000,3858.0000,3858.2000,3858.4000,1,1,1,2,12,9,1,9,1,1
SF,IF2003,2019-11-29 09:30:25.100,3855.4000,15120,0,39328920.000,0,-,-,-,-,3856.4000,3855.6000,3855.4000,3855.0000,3854.8000,3856.8000,3857.2000,3857.4000,3858.0000,3858.2000,1,1,1,2,13,1,8,1,9,1
SF,IF2003,2019-11-29 09:30:25.600,3855.4000,15120,0,39328920.000,0,-,-,-,-,3856.4000,3855.6000,3855.4000,3855.0000,3854.8000,3856.8000,3857.2000,3857.4000,3858.0000,3858.2000,1,1,1,2,13,1,7,1,9,1
SF,IF2003,2019-11-29 09:30:26.100,3855.4000,15120,0,39328920.000,0,-,-,-,-,3856.4000,3855.6000,3855.4000,3855.0000,3854.8000,3856.8000,3857.2000,3858.0000,3858.2000,3861.0000,1,1,1,2,13,1,1,8,1,1
SF,IF2003,2019-11-29 09:30:26.600,3855.4000,15120,0,39328920.000,0,-,-,-,-,3856.4000,3855.6000,3855.4000,3855.0000,3854.8000,3857.2000,3858.0000,3858.2000,3861.0000,3864.0000,1,1,1,2,13,1,8,1,1,5
SF,IF2003,2019-11-29 09:30:27.100,3855.4000,15120,0,39328920.000,0,-,-,-,-,3856.4000,3855.8000,3855.6000,3855.4000,3855.0000,3857.2000,3858.0000,3858.2000,3861.0000,3864.0000,1,2,1,1,2,1,8,1,1,5
SF,IF2003,2019-11-29 09:30:27.600,3856.4000,15120,0,40485840.000,1,0,1,多换,S,3855.8000,3855.6000,3855.4000,3855.0000,3854.8000,3857.0000,3857.2000,3858.0000,3858.2000,3861.0000,2,1,1,2,13,1,1,8,1,1
SF,IF2003,2019-11-29 09:30:28.100,3856.4000,15120,0,40485840.000,0,-,-,-,-,3856.6000,3856.0000,3855.8000,3855.6000,3855.4000,3857.2000,3858.0000,3858.2000,3861.0000,3864.0000,1,1,2,1,1,1,8,1,1,5
SF,IF2003,2019-11-29 09:30:28.600,3856.4000,15120,0,40485840.000,0,-,-,-,-,3856.6000,3855.8000,3855.4000,3855.0000,3854.8000,3857.2000,3858.0000,3858.2000,3861.0000,3864.0000,1,2,1,2,13,1,8,1,1,5
SF,IF2003,2019-11-29 09:30:29.600,3856.4000,15120,0,40485840.000,0,-,-,-,-,3856.8000,3856.6000,3855.8000,3855.4000,3855.0000,3857.2000,3858.0000,3858.2000,3861.0000,3864.0000,1,1,2,1,2,1,8,1,1,5
SF,IF2003,2019-11-29 09:30:30.100,3857.2000,15119,-1,41643000.000,1,0,1,双平,S,3857.2000,3856.6000,3856.2000,3855.8000,3855.4000,3858.0000,3858.2000,3861.0000,3864.0000,3866.6000,1,1,3,2,1,8,1,1,5,3
SF,IF2003,2019-11-29 09:30:30.600,3857.2000,15119,0,41643000.000,0,-,-,-,-,3857.2000,3856.6000,3856.2000,3855.8000,3855.4000,3858.0000,3858.2000,3859.8000,3861.0000,3864.0000,1,2,3,2,1,4,1,2,1,5
SF,IF2003,2019-11-29 09:30:31.100,3857.2000,15118,-1,42800160.000,1,0,1,双平,S,3856.6000,3856.2000,3855.8000,3855.4000,3855.0000,3857.8000,3858.0000,3858.2000,3859.8000,3861.0000,2,3,2,1,2,2,4,1,2,1
SF,IF2003,2019-11-29 09:30:31.600,3857.2000,15118,0,42800160.000,0,-,-,-,-,3856.6000,3856.2000,3855.8000,3855.4000,3855.0000,3857.2000,3857.8000,3858.0000,3858.2000,3859.8000,2,3,2,1,2,2,3,4,1,2
SF,IF2003,2019-11-29 09:30:32.100,3857.2000,15118,0,42800160.000,0,-,-,-,-,3856.8000,3856.6000,3856.2000,3855.8000,3855.4000,3857.2000,3857.8000,3858.0000,3858.2000,3859.8000,1,2,3,2,1,2,2,4,1,2
SF,IF2003,2019-11-29 09:30:32.600,3856.8000,15117,-1,43957200.000,1,0,1,双平,S,3856.6000,3856.4000,3856.2000,3855.4000,3855.0000,3857.8000,3858.0000,3858.2000,3859.8000,3860.0000,2,1,3,1,2,2,4,1,2,1
SF,IF2003,2019-11-29 09:30:33.100,3856.8000,15117,0,43957200.000,0,-,-,-,-,3856.6000,3856.4000,3856.2000,3855.4000,3855.0000,3857.6000,3857.8000,3858.0000,3858.2000,3859.8000,1,1,3,1,2,1,2,4,1,2
SF,IF2003,2019-11-29 09:30:33.600,3856.8000,15117,0,43957200.000,0,-,-,-,-,3856.6000,3856.4000,3856.2000,3855.4000,3855.0000,3857.8000,3858.0000,3858.2000,3859.8000,3860.0000,1,1,3,1,2,2,4,1,2,1
SF,IF2003,2019-11-29 09:30:34.100,3856.8000,15117,0,43957200.000,0,-,-,-,-,3856.6000,3856.4000,3856.2000,3855.4000,3855.0000,3857.8000,3858.0000,3858.2000,3859.8000,3860.0000,1,1,3,1,2,2,4,1,2,1
SF,IF2003,2019-11-29 09:30:35.100,3856.6000,15118,1,45114180.000,1,1,0,双开,S,3856.4000,3856.2000,3855.8000,3855.4000,3855.0000,3856.6000,3857.8000,3858.0000,3858.2000,3859.8000,2,3,1,1,2,3,2,4,1,2
SF,IF2003,2019-11-29 09:30:35.600,3856.6000,15118,0,45114180.000,0,-,-,-,-,3856.4000,3856.2000,3855.8000,3855.4000,3855.0000,3856.6000,3857.6000,3857.8000,3858.0000,3858.2000,2,3,1,1,2,3,6,1,4,1
SF,IF2003,2019-11-29 09:30:36.100,3856.6000,15118,0,45114180.000,0,-,-,-,-,3856.4000,3856.2000,3855.8000,3855.6000,3855.4000,3856.6000,3857.6000,3857.8000,3858.0000,3858.2000,2,3,1,1,1,3,6,1,4,1
SF,IF2003,2019-11-29 09:30:36.600,3856.6000,15118,0,48585120.000,3,1,2,多换,S,3856.6000,3856.4000,3856.2000,3855.8000,3855.6000,3857.6000,3857.8000,3858.0000,3858.2000,3860.0000,1,2,3,1,1,6,1,4,1,1
SF,IF2003,2019-11-29 09:30:37.100,3856.6000,15118,0,48585120.000,0,-,-,-,-,3856.6000,3856.4000,3856.2000,3855.8000,3855.6000,3857.6000,3857.8000,3858.0000,3858.2000,3860.0000,1,2,3,1,1,6,1,4,1,1
SF,IF2003,2019-11-29 09:30:37.600,3856.6000,15118,0,48585120.000,0,-,-,-,-,3856.6000,3856.4000,3856.2000,3855.8000,3855.6000,3857.4000,3857.8000,3858.0000,3858.2000,3860.0000,1,2,3,1,1,1,1,4,1,1
SF,IF2003,2019-11-29 09:30:38.600,3856.6000,15118,0,49742100.000,1,0,1,多换,S,3856.4000,3856.2000,3855.8000,3855.6000,3855.4000,3856.6000,3857.2000,3857.8000,3858.0000,3858.2000,2,3,1,1,1,3,1,1,4,1
SF,IF2003,2019-11-29 09:30:39.100,3856.6000,15119,1,50899080.000,1,1,0,双开,S,3856.4000,3856.2000,3855.8000,3855.6000,3855.4000,3856.6000,3857.8000,3858.0000,3858.2000,3860.0000,2,3,1,1,1,2,1,4,1,1
SF,IF2003,2019-11-29 09:30:39.600,3856.6000,15121,2,53213040.000,2,2,0,双开,S,3856.4000,3856.2000,3855.8000,3855.6000,3855.4000,3857.8000,3858.0000,3858.2000,3860.0000,3861.0000,2,3,1,1,1,1,4,1,1,1
SF,IF2003,2019-11-29 09:30:40.100,3856.6000,15121,0,53213040.000,0,-,-,-,-,3857.4000,3856.6000,3856.4000,3856.2000,3855.8000,3857.6000,3858.2000,3860.0000,3861.0000,3864.0000,1,4,2,3,1,1,1,1,1,5
SF,IF2003,2019-11-29 09:30:40.600,3857.4000,15120,-1,54370260.000,1,0,1,双平,S,3856.6000,3856.4000,3856.2000,3855.8000,3855.6000,3857.4000,3857.6000,3858.2000,3860.0000,3861.0000,1,2,3,1,1,4,1,1,1,1
SF,IF2003,2019-11-29 09:30:41.100,3857.4000,15120,0,54370260.000,0,-,-,-,-,3856.6000,3856.4000,3856.2000,3855.8000,3855.6000,3857.4000,3858.2000,3860.0000,3861.0000,3864.0000,1,2,3,1,1,1,1,1,1,5
SF,IF2003,2019-11-29 09:30:41.600,3857.4000,15120,0,54370260.000,0,-,-,-,-,3856.6000,3856.4000,3856.2000,3855.8000,3855.6000,3857.4000,3858.2000,3860.0000,3861.0000,3864.0000,1,2,3,1,1,1,1,1,1,5
SF,IF2003,2019-11-29 09:30:42.100,3857.4000,15120,0,54370260.000,0,-,-,-,-,3856.6000,3856.4000,3856.2000,3855.8000,3855.6000,3857.4000,3858.2000,3860.0000,3861.0000,3864.0000,1,2,3,1,1,1,1,1,1,5
SF,IF2003,2019-11-29 09:30:42.600,3857.4000,15120,0,54370260.000,0,-,-,-,-,3856.4000,3856.2000,3855.8000,3855.6000,3855.4000,3857.2000,3857.4000,3858.2000,3860.0000,3861.0000,2,3,1,1,1,1,5,1,1,1
SF,IF2003,2019-11-29 09:30:43.100,3857.4000,15120,0,54370260.000,0,-,-,-,-,3856.4000,3856.2000,3855.8000,3855.6000,3855.4000,3857.2000,3857.4000,3858.2000,3860.0000,3861.0000,2,3,1,1,1,2,5,1,1,1
SF,IF2003,2019-11-29 09:30:43.600,3856.4000,15119,-1,56684100.000,2,0,2,多平,S,3856.2000,3855.8000,3855.6000,3855.4000,3855.0000,3857.0000,3857.2000,3857.4000,3858.2000,3860.0000,3,1,1,1,3,1,2,5,1,1
SF,IF2003,2019-11-29 09:30:44.100,3856.4000,15119,0,56684100.000,0,-,-,-,-,3856.2000,3855.8000,3855.6000,3855.4000,3855.0000,3856.8000,3857.2000,3857.4000,3858.2000,3860.0000,3,1,1,1,3,1,4,5,1,1
SF,IF2003,2019-11-29 09:30:44.600,3856.2000,15116,-3,60154680.000,3,0,3,双平,S,3855.8000,3855.6000,3855.4000,3855.0000,3854.8000,3856.8000,3857.2000,3857.4000,3858.2000,3860.0000,1,1,1,3,12,1,4,5,1,1
SF,IF2003,2019-11-29 09:30:45.600,3856.8000,15115,-1,61311720.000,1,0,1,双平,S,3857.0000,3855.8000,3855.6000,3855.4000,3855.0000,3857.2000,3857.4000,3858.2000,3860.0000,3861.0000,19,1,1,1,3,2,6,1,1,1
SF,IF2003,2019-11-29 09:30:46.100,3857.0000,15096,-19,83296620.000,19,0,19,双平,S,3855.8000,3855.6000,3855.4000,3855.0000,3854.8000,3856.6000,3857.0000,3857.2000,3857.4000,3858.2000,1,1,1,3,12,1,6,2,6,1
SF,IF2003,2019-11-29 09:30:46.600,3857.0000,15096,0,83296620.000,0,-,-,-,-,3856.0000,3855.8000,3855.6000,3855.4000,3855.0000,3856.6000,3856.8000,3857.0000,3857.2000,3857.4000,1,1,1,1,3,1,1,5,2,6
SF,IF2003,2019-11-29 09:30:47.100,3855.8000,15094,-2,85610160.000,2,0,2,双平,S,3855.6000,3855.4000,3855.0000,3854.8000,3854.4000,3856.4000,3856.6000,3856.8000,3857.0000,3857.2000,1,1,1,8,1,1,1,1,3,2
SF,IF2003,2019-11-29 09:30:47.600,3855.8000,15094,0,85610160.000,0,-,-,-,-,3855.6000,3855.4000,3855.0000,3854.4000,3854.2000,3856.2000,3856.6000,3856.8000,3857.0000,3857.2000,1,1,1,1,2,1,1,2,2,2
SF,IF2003,2019-11-29 09:30:48.100,3855.8000,15094,0,85610160.000,0,-,-,-,-,3855.6000,3855.4000,3855.0000,3854.4000,3854.2000,3856.2000,3856.6000,3856.8000,3857.0000,3857.4000,1,1,1,1,2,1,1,3,2,6
SF,IF2003,2019-11-29 09:30:49.600,3855.8000,15094,0,85610160.000,0,-,-,-,-,3855.6000,3855.0000,3854.4000,3854.2000,3853.6000,3856.2000,3856.6000,3856.8000,3857.0000,3857.4000,2,1,1,2,1,1,1,3,2,6
SF,IF2003,2019-11-29 09:30:50.100,3855.8000,15094,0,85610160.000,0,-,-,-,-,3855.6000,3855.0000,3854.4000,3854.2000,3854.0000,3856.2000,3856.6000,3856.8000,3857.0000,3857.4000,2,1,1,2,2,3,1,2,2,6
SF,IF2003,2019-11-29 09:30:50.600,3855.6000,15093,-1,87923520.000,2,0,2,多平,S,3855.0000,3854.4000,3854.2000,3854.0000,3853.6000,3855.6000,3856.0000,3856.2000,3856.8000,3857.0000,1,1,2,2,1,1,5,1,2,2
SF,IF2003,2019-11-29 09:30:51.100,3855.0000,15093,0,89080020.000,1,0,1,多换,S,3854.4000,3854.2000,3854.0000,3853.6000,3853.4000,3855.4000,3855.6000,3856.0000,3856.8000,3857.0000,1,2,2,1,1,3,1,4,2,2
SF,IF2003,2019-11-29 09:30:51.600,3855.0000,15093,0,89080020.000,0,-,-,-,-,3854.4000,3854.2000,3853.6000,3853.4000,3853.0000,3855.4000,3855.6000,3856.0000,3856.6000,3856.8000,1,2,1,1,5,2,2,2,1,2
SF,IF2003,2019-11-29 09:30:52.100,3855.0000,15093,0,89080020.000,0,-,-,-,-,3854.2000,3853.6000,3853.4000,3853.0000,3851.2000,3855.2000,3855.4000,3855.6000,3856.0000,3856.6000,2,1,1,5,1,2,2,2,2,1
SF,IF2003,2019-11-29 09:30:52.600,3855.0000,15093,0,89080020.000,0,-,-,-,-,3854.2000,3853.6000,3853.4000,3853.0000,3851.2000,3855.0000,3855.2000,3855.4000,3855.6000,3856.0000,2,1,1,5,1,1,2,1,2,2
SF,IF2003,2019-11-29 09:30:53.100,3855.0000,15093,0,90236520.000,1,0,1,多换,S,3854.2000,3853.6000,3853.0000,3851.2000,3851.0000,3855.0000,3855.2000,3855.4000,3855.6000,3856.0000,2,1,5,1,3,1,1,1,2,1
SF,IF2003,2019-11-29 09:30:53.600,3855.0000,15092,-1,91393020.000,1,0,1,双平,S,3854.4000,3854.2000,3853.6000,3853.0000,3851.2000,3855.4000,3855.6000,3856.0000,3856.6000,3856.8000,1,2,1,5,1,1,2,1,1,1
SF,IF2003,2019-11-29 09:30:54.600,3855.0000,15092,0,91393020.000,0,-,-,-,-,3854.2000,3853.6000,3853.0000,3851.2000,3851.0000,3855.2000,3855.6000,3856.0000,3856.6000,3856.8000,2,1,5,1,3,4,2,1,1,1
SF,IF2003,2019-11-29 09:30:55.100,3855.0000,15092,0,91393020.000,0,-,-,-,-,3854.4000,3854.2000,3853.6000,3853.0000,3851.2000,3855.6000,3856.0000,3856.6000,3856.8000,3857.0000,1,2,1,5,1,2,1,1,1,2
SF,IF2003,2019-11-29 09:30:55.600,3855.0000,15092,0,91393020.000,0,-,-,-,-,3854.4000,3854.2000,3853.6000,3853.0000,3851.8000,3855.6000,3856.0000,3856.6000,3856.8000,3857.0000,1,2,1,5,1,2,1,1,1,2
SF,IF2003,2019-11-29 09:30:56.100,3855.0000,15092,0,91393020.000,0,-,-,-,-,3854.4000,3854.2000,3853.6000,3853.0000,3851.8000,3855.6000,3856.0000,3856.6000,3856.8000,3857.0000,1,2,1,5,1,2,1,2,1,2
SF,IF2003,2019-11-29 09:30:56.600,3855.6000,15091,-1,92549700.000,1,0,1,双平,S,3854.6000,3854.4000,3854.2000,3853.6000,3853.0000,3855.6000,3856.0000,3856.6000,3856.8000,3857.0000,1,1,2,1,5,1,1,2,1,2
SF,IF2003,2019-11-29 09:30:57.100,3855.6000,15090,-1,93706380.000,1,0,1,双平,S,3854.8000,3854.6000,3854.4000,3854.2000,3853.6000,3856.0000,3856.6000,3856.8000,3857.0000,3857.4000,2,2,1,2,1,1,2,1,2,5
SF,IF2003,2019-11-29 09:30:57.600,3855.6000,15090,0,93706380.000,0,-,-,-,-,3854.8000,3854.6000,3854.4000,3854.2000,3853.6000,3855.0000,3856.0000,3856.8000,3857.0000,3857.4000,2,2,1,2,1,1,1,1,2,5
SF,IF2003,2019-11-29 09:30:58.100,3855.0000,15089,-1,94862880.000,1,0,1,双平,S,3855.2000,3855.0000,3854.6000,3854.4000,3854.2000,3855.8000,3856.0000,3856.8000,3857.0000,3857.4000,1,3,2,1,2,1,1,1,2,5
SF,IF2003,2019-11-29 09:30:58.600,3855.0000,15089,0,94862880.000,0,-,-,-,-,3855.0000,3854.6000,3854.4000,3854.2000,3853.6000,3856.0000,3856.8000,3857.0000,3857.4000,3858.2000,2,1,1,2,1,1,1,2,5,1
SF,IF2003,2019-11-29 09:30:59.100,3855.0000,15089,0,94862880.000,0,-,-,-,-,3855.0000,3854.6000,3854.4000,3854.2000,3853.6000,3855.6000,3855.8000,3856.0000,3856.6000,3856.8000,2,1,1,2,1,2,3,1,1,1
SF,IF2003,2019-11-29 09:30:59.600,3854.6000,15089,0,99488760.000,4,2,2,多换,S,3854.4000,3854.2000,3853.6000,3853.0000,3851.8000,3856.0000,3856.6000,3856.8000,3857.0000,3857.4000,2,2,1,6,1,1,1,1,2,1
SF,IF2003,2019-11-29 09:31:00.100,3854.6000,15089,0,99488760.000,0,-,-,-,-,3854.6000,3854.4000,3854.2000,3853.6000,3853.0000,3856.0000,3856.6000,3856.8000,3857.0000,3857.4000,2,2,2,1,6,1,1,1,2,1
SF,IF2003,2019-11-29 09:31:00.600,3856.0000,15088,-1,100645560.000,1,0,1,双平,S,3854.8000,3854.6000,3854.4000,3854.2000,3853.6000,3856.8000,3857.0000,3857.4000,3858.2000,3860.0000,2,2,2,2,1,1,2,1,1,1
SF,IF2003,2019-11-29 09:31:01.100,3856.0000,15087,-1,101802360.000,1,0,1,双平,S,3855.0000,3854.8000,3854.4000,3854.2000,3853.6000,3856.0000,3856.2000,3856.6000,3856.8000,3857.0000,1,2,2,2,1,5,2,12,1,2
SF,IF2003,2019-11-29 09:31:01.600,3856.0000,15087,0,101802360.000,0,-,-,-,-,3855.2000,3855.0000,3854.4000,3854.2000,3853.6000,3856.4000,3856.6000,3856.8000,3857.0000,3857.4000,3,1,2,2,1,1,11,1,2,1
SF,IF2003,2019-11-29 09:31:02.100,3856.0000,15087,0,101802360.000,0,-,-,-,-,3855.2000,3854.4000,3854.2000,3853.6000,3853.0000,3855.8000,3856.2000,3856.4000,3856.6000,3856.8000,3,2,3,1,6,1,1,1,9,1
SF,IF2003,2019-11-29 09:31:02.600,3855.2000,15086,-1,105272040.000,3,1,2,多平,S,3854.4000,3854.2000,3853.6000,3853.0000,3851.8000,3855.8000,3856.2000,3856.4000,3856.6000,3856.8000,2,3,1,6,1,1,1,1,9,1
SF,IF2003,2019-11-29 09:31:03.100,3854.4000,15084,-2,107584680.000,2,0,2,双平,S,3854.2000,3853.6000,3853.0000,3851.8000,3851.2000,3855.2000,3855.6000,3855.8000,3856.2000,3856.4000,3,1,6,1,1,3,1,1,1,1
SF,IF2003,2019-11-29 09:31:03.600,3855.0000,15083,-1,108741180.000,1,0,1,双平,S,3854.2000,3853.6000,3853.0000,3851.8000,3851.2000,3855.2000,3855.4000,3855.6000,3855.8000,3856.2000,2,1,6,1,1,3,5,6,2,1
SF,IF2003,2019-11-29 09:31:04.100,3855.0000,15083,0,108741180.000,0,-,-,-,-,3854.2000,3853.6000,3853.0000,3851.8000,3851.2000,3855.0000,3855.2000,3855.4000,3855.6000,3855.8000,2,1,5,1,2,1,3,5,6,2
SF,IF2003,2019-11-29 09:31:04.600,3855.0000,15083,0,108741180.000,0,-,-,-,-,3854.2000,3853.6000,3853.0000,3851.8000,3851.2000,3855.0000,3855.2000,3855.4000,3855.6000,3855.8000,2,1,5,1,2,1,3,5,6,1
SF,IF2003,2019-11-29 09:31:05.100,3855.0000,15083,0,108741180.000,0,-,-,-,-,3854.2000,3853.6000,3853.0000,3851.8000,3851.2000,3855.0000,3855.2000,3855.4000,3855.6000,3855.8000,2,1,5,1,2,1,3,5,6,1
SF,IF2003,2019-11-29 09:31:05.600,3855.0000,15082,-1,109897680.000,1,0,1,双平,S,3854.2000,3853.0000,3852.8000,3851.8000,3851.2000,3855.8000,3856.2000,3856.4000,3856.6000,3856.8000,2,5,1,1,2,1,1,1,9,1
SF,IF2003,2019-11-29 09:31:06.100,3855.0000,15082,0,109897680.000,0,-,-,-,-,3854.2000,3853.0000,3852.8000,3851.8000,3851.2000,3855.6000,3855.8000,3856.4000,3856.6000,3856.8000,2,5,1,1,2,2,1,1,9,1
SF,IF2003,2019-11-29 09:31:06.600,3855.0000,15082,0,109897680.000,0,-,-,-,-,3854.4000,3854.2000,3853.0000,3852.8000,3851.8000,3855.6000,3855.8000,3856.4000,3856.6000,3856.8000,3,2,5,1,1,2,1,1,9,1
SF,IF2003,2019-11-29 09:31:07.100,3855.0000,15082,0,109897680.000,0,-,-,-,-,3854.4000,3854.2000,3853.0000,3852.8000,3851.8000,3855.4000,3855.6000,3855.8000,3856.4000,3856.6000,3,2,5,1,1,3,2,2,1,9
SF,IF2003,2019-11-29 09:31:07.600,3855.0000,15082,0,109897680.000,0,-,-,-,-,3854.4000,3854.2000,3853.0000,3852.8000,3851.8000,3855.6000,3855.8000,3856.6000,3856.8000,3857.4000,3,2,5,1,1,1,1,9,1,1
SF,IF2003,2019-11-29 09:31:08.100,3855.0000,15082,0,109897680.000,0,-,-,-,-,3854.4000,3854.2000,3853.0000,3852.8000,3851.8000,3855.6000,3855.8000,3856.6000,3856.8000,3857.4000,2,2,5,1,1,1,1,9,1,1
SF,IF2003,2019-11-29 09:31:08.600,3855.0000,15082,0,109897680.000,0,-,-,-,-,3854.4000,3854.2000,3853.0000,3852.8000,3851.8000,3855.4000,3855.6000,3855.8000,3856.6000,3856.8000,2,2,5,1,1,1,1,1,9,1
SF,IF2003,2019-11-29 09:31:09.100,3855.0000,15082,0,109897680.000,0,-,-,-,-,3854.4000,3854.2000,3853.0000,3852.8000,3851.8000,3855.4000,3855.6000,3855.8000,3856.6000,3856.8000,1,2,5,1,1,1,1,1,9,1
SF,IF2003,2019-11-29 09:31:10.600,3854.4000,15081,-1,111054000.000,1,0,1,双平,S,3854.2000,3853.0000,3852.8000,3851.8000,3851.2000,3855.2000,3855.4000,3855.6000,3855.8000,3856.6000,2,5,1,1,2,1,1,1,1,9
SF,IF2003,2019-11-29 09:31:11.100,3854.4000,15081,0,111054000.000,0,-,-,-,-,3854.2000,3853.0000,3852.8000,3851.8000,3851.2000,3855.4000,3855.6000,3855.8000,3856.6000,3856.8000,2,5,1,1,2,1,1,1,9,1
SF,IF2003,2019-11-29 09:31:11.600,3855.4000,15080,-1,112210620.000,1,0,1,双平,S,3854.4000,3854.2000,3853.0000,3852.8000,3851.8000,3855.6000,3855.8000,3856.6000,3857.4000,3858.2000,1,2,5,1,1,1,1,9,1,1
SF,IF2003,2019-11-29 09:31:12.100,3855.4000,15080,0,112210620.000,0,-,-,-,-,3854.6000,3854.4000,3854.2000,3853.8000,3853.0000,3855.6000,3855.8000,3856.6000,3857.4000,3858.2000,1,5,2,1,5,1,1,9,1,1
SF,IF2003,2019-11-29 09:31:12.600,3855.4000,15080,0,112210620.000,0,-,-,-,-,3854.8000,3854.6000,3854.4000,3854.2000,3853.8000,3855.8000,3856.6000,3857.4000,3858.2000,3860.0000,1,5,5,2,1,1,9,1,1,1
SF,IF2003,2019-11-29 09:31:13.100,3855.4000,15080,0,112210620.000,0,-,-,-,-,3854.8000,3854.4000,3854.2000,3853.8000,3853.0000,3855.8000,3856.6000,3857.4000,3858.2000,3860.0000,1,5,2,1,5,3,9,1,1,1
SF,IF2003,2019-11-29 09:31:13.600,3855.4000,15080,0,112210620.000,0,-,-,-,-,3855.6000,3854.8000,3854.4000,3854.2000,3853.8000,3855.8000,3856.6000,3857.4000,3858.2000,3860.0000,1,1,5,2,1,2,9,1,1,1
SF,IF2003,2019-11-29 09:31:14.100,3855.6000,15080,0,113367300.000,1,0,1,多换,S,3854.8000,3854.4000,3854.2000,3853.8000,3853.0000,3855.8000,3856.6000,3857.4000,3858.2000,3860.0000,1,1,2,1,5,2,9,1,1,1
SF,IF2003,2019-11-29 09:31:15.100,3855.6000,15080,0,113367300.000,0,-,-,-,-,3855.0000,3854.8000,3854.4000,3854.2000,3853.8000,3855.8000,3856.6000,3857.4000,3858.2000,3860.0000,1,1,1,2,1,2,9,1,1,1
SF,IF2003,2019-11-29 09:31:15.600,3855.6000,15080,0,113367300.000,0,-,-,-,-,3855.0000,3854.8000,3854.4000,3854.2000,3853.8000,3855.8000,3856.6000,3857.4000,3858.2000,3860.0000,5,1,1,2,1,2,9,1,1,1
SF,IF2003,2019-11-29 09:31:16.100,3855.6000,15080,0,113367300.000,0,-,-,-,-,3854.8000,3854.4000,3854.2000,3853.8000,3853.0000,3855.0000,3855.8000,3856.6000,3857.4000,3858.2000,1,1,2,1,5,1,2,9,1,1
SF,IF2003,2019-11-29 09:31:16.600,3855.0000,15080,0,114523800.000,1,0,1,多换,S,3855.2000,3855.0000,3854.4000,3854.2000,3853.8000,3855.8000,3856.6000,3857.4000,3858.2000,3860.0000,4,15,1,2,1,2,9,1,1,1
SF,IF2003,2019-11-29 09:31:17.100,3855.8000,15080,0,116837280.000,2,1,1,多换,S,3855.2000,3855.0000,3854.4000,3854.2000,3853.8000,3856.6000,3857.4000,3858.2000,3860.0000,3861.0000,1,13,1,2,1,1,1,1,1,1
SF,IF2003,2019-11-29 09:31:17.600,3855.8000,15080,0,116837280.000,0,-,-,-,-,3856.0000,3855.8000,3855.4000,3855.2000,3855.0000,3857.4000,3858.2000,3860.0000,3861.0000,3864.0000,1,1,8,1,10,1,1,1,1,5
SF,IF2003,2019-11-29 09:31:18.100,3855.8000,15080,0,116837280.000,0,-,-,-,-,3856.2000,3856.0000,3855.8000,3855.4000,3855.2000,3857.2000,3857.4000,3858.2000,3860.0000,3861.0000,1,1,1,7,1,6,1,1,1,1
SF,IF2003,2019-11-29 09:31:18.600,3855.8000,15080,0,116837280.000,0,-,-,-,-,3856.2000,3856.0000,3855.8000,3855.4000,3855.2000,3857.2000,3857.4000,3858.2000,3860.0000,3861.0000,1,1,1,2,1,2,1,1,1,1
SF,IF2003,2019-11-29 09:31:19.100,3855.8000,15080,0,116837280.000,0,-,-,-,-,3856.2000,3856.0000,3855.8000,3855.4000,3855.2000,3857.2000,3857.4000,3858.2000,3860.0000,3861.0000,1,1,1,2,1,1,1,1,1,1
SF,IF2003,2019-11-29 09:31:19.600,3855.8000,15080,0,116837280.000,0,-,-,-,-,3856.0000,3855.8000,3855.4000,3855.2000,3855.0000,3857.0000,3857.2000,3857.4000,3858.2000,3860.0000,1,1,2,1,5,1,1,1,1,1
SF,IF2003,2019-11-29 09:31:20.100,3855.8000,15080,0,116837280.000,0,-,-,-,-,3856.4000,3855.8000,3855.4000,3855.2000,3855.0000,3857.2000,3857.4000,3858.2000,3860.0000,3861.0000,1,1,2,1,5,2,1,1,1,1
SF,IF2003,2019-11-29 09:31:20.600,3857.2000,15081,1,117994440.000,1,1,0,双开,S,3855.8000,3855.4000,3855.0000,3854.8000,3854.4000,3858.2000,3860.0000,3861.0000,3864.0000,3866.6000,1,1,5,1,1,1,1,1,5,3
SF,IF2003,2019-11-29 09:31:21.100,3857.2000,15081,0,117994440.000,0,-,-,-,-,3856.0000,3855.8000,3855.0000,3854.8000,3854.4000,3857.6000,3857.8000,3858.0000,3858.2000,3858.4000,4,1,5,1,1,5,3,11,1,1
SF,IF2003,2019-11-29 09:31:21.600,3857.2000,15081,0,117994440.000,0,-,-,-,-,3856.2000,3856.0000,3855.8000,3855.6000,3855.0000,3858.0000,3858.2000,3860.0000,3861.0000,3864.0000,6,5,1,1,5,11,1,1,1,5
SF,IF2003,2019-11-29 09:31:22.100,3857.2000,15081,0,117994440.000,0,-,-,-,-,3856.4000,3856.2000,3856.0000,3855.8000,3855.6000,3858.0000,3858.2000,3860.0000,3861.0000,3864.0000,3,6,4,1,1,11,1,1,1,5
SF,IF2003,2019-11-29 09:31:22.600,3857.2000,15081,0,117994440.000,0,-,-,-,-,3856.6000,3856.4000,3856.2000,3856.0000,3855.8000,3858.0000,3858.2000,3860.0000,3861.0000,3864.0000,1,2,5,4,1,7,1,1,1,5
SF,IF2003,2019-11-29 09:31:23.100,3857.2000,15081,0,117994440.000,0,-,-,-,-,3856.8000,3856.4000,3856.2000,3856.0000,3855.8000,3858.0000,3858.2000,3860.0000,3861.0000,3864.0000,1,2,5,4,1,6,1,1,1,5
SF,IF2003,2019-11-29 09:31:23.600,3858.0000,15080,-1,119151840.000,1,0,1,双平,S,3856.4000,3856.2000,3856.0000,3855.8000,3855.6000,3858.0000,3858.2000,3860.0000,3861.0000,3864.0000,2,5,4,1,1,5,1,1,1,5
SF,IF2003,2019-11-29 09:31:24.100,3858.0000,15080,0,119151840.000,0,-,-,-,-,3856.6000,3856.4000,3856.0000,3855.8000,3855.6000,3858.0000,3858.2000,3860.0000,3861.0000,3864.0000,1,2,4,1,1,5,1,1,1,5
SF,IF2003,2019-11-29 09:31:24.600,3858.0000,15080,0,119151840.000,0,-,-,-,-,3856.8000,3856.4000,3856.0000,3855.8000,3855.6000,3857.8000,3858.0000,3858.2000,3860.0000,3861.0000,1,2,4,1,1,1,6,1,1,1
SF,IF2003,2019-11-29 09:31:25.100,3858.0000,15080,0,119151840.000,0,-,-,-,-,3856.8000,3856.4000,3856.0000,3855.8000,3855.6000,3858.0000,3858.2000,3860.0000,3861.0000,3864.0000,6,2,4,1,1,2,1,1,1,5
SF,IF2003,2019-11-29 09:31:25.600,3858.0000,15080,0,119151840.000,0,-,-,-,-,3856.8000,3856.4000,3856.0000,3855.8000,3855.6000,3858.0000,3858.2000,3860.0000,3861.0000,3864.0000,1,2,4,1,1,2,1,1,1,5
SF,IF2003,2019-11-29 09:31:28.100,3858.0000,15080,0,119151840.000,0,-,-,-,-,3856.8000,3856.4000,3856.0000,3855.8000,3855.6000,3857.8000,3858.0000,3858.2000,3860.0000,3861.0000,1,2,4,1,1,9,2,1,1,1
SF,IF2003,2019-11-29 09:31:28.600,3858.0000,15080,0,119151840.000,0,-,-,-,-,3856.8000,3856.4000,3856.0000,3855.8000,3855.6000,3857.8000,3858.0000,3858.2000,3860.0000,3861.0000,1,2,4,1,1,8,2,1,1,1
SF,IF2003,2019-11-29 09:31:29.600,3858.0000,15080,0,119151840.000,0,-,-,-,-,3856.8000,3856.4000,3856.0000,3855.8000,3855.6000,3857.6000,3857.8000,3858.0000,3858.2000,3860.0000,1,2,4,1,1,1,8,2,1,1
SF,IF2003,2019-11-29 09:31:30.100,3858.0000,15080,0,119151840.000,0,-,-,-,-,3856.4000,3856.0000,3855.8000,3855.6000,3855.0000,3856.8000,3857.2000,3857.4000,3857.8000,3858.0000,1,1,1,1,5,1,7,8,9,2
SF,IF2003,2019-11-29 09:31:30.600,3858.0000,15080,0,119151840.000,0,-,-,-,-,3856.0000,3855.8000,3855.0000,3854.8000,3854.4000,3856.8000,3857.4000,3857.8000,3858.0000,3858.2000,1,1,5,1,1,1,3,9,1,1
SF,IF2003,2019-11-29 09:31:31.100,3858.0000,15080,0,119151840.000,0,-,-,-,-,3856.2000,3856.0000,3855.8000,3855.0000,3854.8000,3856.8000,3857.4000,3857.8000,3858.0000,3858.2000,1,1,1,5,1,1,2,9,1,1
SF,IF2003,2019-11-29 09:31:31.600,3858.0000,15080,0,119151840.000,0,-,-,-,-,3856.0000,3855.0000,3854.8000,3854.4000,3854.2000,3857.4000,3857.8000,3858.0000,3858.2000,3860.0000,1,5,1,1,2,2,9,1,1,1
SF,IF2003,2019-11-29 09:31:32.100,3857.6000,15079,-1,120309120.000,1,0,1,双平,S,3856.2000,3855.0000,3854.8000,3854.4000,3854.2000,3857.4000,3857.8000,3858.0000,3858.2000,3860.0000,2,5,1,1,2,2,9,1,1,1
SF,IF2003,2019-11-29 09:31:32.600,3857.6000,15079,0,120309120.000,0,-,-,-,-,3856.2000,3855.0000,3854.8000,3854.4000,3854.2000,3857.4000,3857.8000,3858.0000,3858.2000,3860.0000,3,5,1,1,2,2,9,1,1,1
SF,IF2003,2019-11-29 09:31:33.100,3857.6000,15079,0,120309120.000,0,-,-,-,-,3857.0000,3856.2000,3855.0000,3854.8000,3854.4000,3857.4000,3857.8000,3858.0000,3858.2000,3860.0000,1,3,5,1,1,2,9,1,1,1
SF,IF2003,2019-11-29 09:31:33.600,3857.6000,15079,0,120309120.000,0,-,-,-,-,3857.0000,3856.2000,3855.0000,3854.8000,3854.4000,3857.8000,3858.0000,3858.2000,3860.0000,3861.0000,1,2,3,1,1,9,1,1,1,1
SF,IF2003,2019-11-29 09:31:34.100,3857.6000,15079,0,120309120.000,0,-,-,-,-,3857.6000,3857.0000,3856.2000,3855.6000,3855.0000,3857.8000,3858.0000,3858.2000,3860.0000,3861.0000,1,1,2,1,3,9,1,1,1,1
SF,IF2003,2019-11-29 09:31:34.600,3857.6000,15078,-1,122623680.000,2,0,2,多平,S,3857.2000,3857.0000,3856.2000,3855.6000,3855.0000,3858.0000,3858.2000,3860.0000,3861.0000,3864.0000,1,1,1,1,3,1,1,1,1,5
SF,IF2003,2019-11-29 09:31:35.600,3857.6000,15078,0,122623680.000,0,-,-,-,-,3857.0000,3856.2000,3855.6000,3855.0000,3854.8000,3858.0000,3858.2000,3860.0000,3861.0000,3864.0000,1,1,1,3,1,1,1,1,1,5
SF,IF2003,2019-11-29 09:31:36.100,3857.6000,15078,0,122623680.000,0,-,-,-,-,3857.2000,3857.0000,3856.2000,3855.6000,3855.0000,3858.0000,3858.2000,3860.0000,3861.0000,3864.0000,1,1,1,1,3,1,1,1,1,5
SF,IF2003,2019-11-29 09:31:36.600,3857.6000,15078,0,122623680.000,0,-,-,-,-,3857.0000,3856.2000,3855.6000,3855.0000,3854.8000,3858.0000,3858.2000,3860.0000,3861.0000,3864.0000,1,1,1,3,1,1,1,1,1,5
SF,IF2003,2019-11-29 09:31:37.100,3857.6000,15078,0,122623680.000,0,-,-,-,-,3857.0000,3856.2000,3855.6000,3855.0000,3854.8000,3858.0000,3858.2000,3860.0000,3861.0000,3864.0000,1,1,1,3,1,1,1,1,1,5
SF,IF2003,2019-11-29 09:31:37.600,3857.6000,15078,0,122623680.000,0,-,-,-,-,3857.2000,3857.0000,3855.6000,3855.0000,3854.8000,3858.0000,3859.0000,3860.0000,3861.0000,3864.0000,2,1,1,3,1,1,1,1,1,5
SF,IF2003,2019-11-29 09:31:38.100,3858.0000,15077,-1,123781080.000,1,0,1,双平,S,3858.2000,3858.0000,3857.4000,3857.2000,3857.0000,3859.0000,3860.0000,3861.0000,3864.0000,3866.6000,1,4,1,7,1,1,1,1,5,3
SF,IF2003,2019-11-29 09:31:38.600,3858.0000,15077,0,123781080.000,0,-,-,-,-,3858.0000,3857.2000,3857.0000,3856.6000,3855.6000,3859.0000,3860.0000,3861.0000,3864.0000,3866.6000,3,6,1,1,1,1,1,1,5,3
SF,IF2003,2019-11-29 09:31:39.100,3858.0000,15077,0,123781080.000,0,-,-,-,-,3858.2000,3857.2000,3857.0000,3856.6000,3855.6000,3859.0000,3860.0000,3861.0000,3864.0000,3866.6000,1,6,1,1,1,1,1,1,5,3
SF,IF2003,2019-11-29 09:31:39.600,3858.0000,15077,0,123781080.000,0,-,-,-,-,3858.2000,3857.2000,3857.0000,3856.6000,3855.6000,3859.0000,3860.0000,3861.0000,3864.0000,3864.8000,1,6,1,1,1,1,1,1,5,3
SF,IF2003,2019-11-29 09:31:40.600,3858.0000,15077,0,123781080.000,0,-,-,-,-,3858.2000,3857.2000,3857.0000,3856.6000,3855.6000,3860.0000,3861.0000,3864.0000,3864.8000,3866.6000,1,6,1,1,1,2,1,5,3,3
SF,IF2003,2019-11-29 09:31:41.100,3858.0000,15077,0,123781080.000,0,-,-,-,-,3858.2000,3857.2000,3857.0000,3856.6000,3855.6000,3859.2000,3859.4000,3859.6000,3859.8000,3860.0000,1,6,1,1,1,2,5,2,11,2
SF,IF2003,2019-11-29 09:31:41.600,3858.0000,15077,0,123781080.000,0,-,-,-,-,3858.2000,3857.2000,3857.0000,3856.6000,3855.6000,3858.6000,3859.8000,3860.0000,3861.0000,3864.0000,1,6,1,1,1,2,10,2,1,5
SF,IF2003,2019-11-29 09:31:42.100,3858.6000,15077,0,124938660.000,1,0,1,多换,S,3858.2000,3857.2000,3857.0000,3856.6000,3855.6000,3858.6000,3859.8000,3860.0000,3861.0000,3864.0000,1,6,1,1,1,1,10,2,1,5
SF,IF2003,2019-11-29 09:31:42.600,3858.6000,15077,0,126096240.000,1,0,1,多换,S,3857.2000,3857.0000,3856.6000,3855.6000,3855.0000,3859.8000,3860.0000,3861.0000,3864.0000,3864.8000,6,1,1,1,1,10,2,1,5,3
SF,IF2003,2019-11-29 09:31:43.100,3858.6000,15077,0,126096240.000,0,-,-,-,-,3857.6000,3857.4000,3857.2000,3857.0000,3856.6000,3859.6000,3859.8000,3860.0000,3861.0000,3864.0000,5,5,6,1,1,1,10,1,1,5
SF,IF2003,2019-11-29 09:31:43.600,3858.6000,15077,0,126096240.000,0,-,-,-,-,3857.8000,3857.6000,3857.4000,3857.2000,3857.0000,3859.4000,3859.6000,3859.8000,3860.0000,3861.0000,2,5,5,5,1,1,1,9,1,1
SF,IF2003,2019-11-29 09:31:44.100,3858.6000,15077,0,126096240.000,0,-,-,-,-,3858.4000,3858.0000,3857.8000,3857.6000,3857.4000,3859.6000,3860.0000,3861.0000,3864.0000,3864.8000,1,1,10,5,5,1,1,1,5,3
SF,IF2003,2019-11-29 09:31:44.600,3858.6000,15077,0,126096240.000,0,-,-,-,-,3858.6000,3858.4000,3858.0000,3857.8000,3857.6000,3860.0000,3861.0000,3864.0000,3864.8000,3866.6000,4,1,1,7,5,1,1,5,3,3
SF,IF2003,2019-11-29 09:31:45.100,3858.6000,15077,0,126096240.000,0,-,-,-,-,3858.6000,3858.4000,3858.0000,3857.8000,3857.6000,3860.0000,3861.0000,3864.0000,3864.8000,3866.6000,2,1,1,7,5,1,1,5,3,3
SF,IF2003,2019-11-29 09:31:45.600,3858.6000,15077,0,126096240.000,0,-,-,-,-,3858.0000,3857.6000,3857.4000,3857.0000,3856.6000,3859.4000,3859.6000,3859.8000,3860.0000,3861.0000,1,5,4,1,1,2,5,14,1,1
SF,IF2003,2019-11-29 09:31:46.100,3858.6000,15077,0,126096240.000,0,-,-,-,-,3858.2000,3858.0000,3857.6000,3857.4000,3857.0000,3859.2000,3859.6000,3859.8000,3860.0000,3861.0000,1,1,5,4,1,1,5,13,1,1
SF,IF2003,2019-11-29 09:31:46.600,3858.6000,15077,0,126096240.000,0,-,-,-,-,3858.2000,3858.0000,3857.6000,3857.4000,3857.0000,3859.6000,3859.8000,3860.0000,3860.6000,3861.0000,1,1,5,4,1,5,13,1,1,1
SF,IF2003,2019-11-29 09:31:47.100,3858.6000,15077,0,126096240.000,0,-,-,-,-,3858.4000,3858.2000,3858.0000,3857.0000,3856.6000,3858.6000,3859.0000,3859.2000,3859.4000,3859.6000,1,1,1,1,1,1,4,3,7,5
SF,IF2003,2019-11-29 09:31:47.600,3858.2000,15076,-1,128411220.000,2,0,2,多平,S,3858.0000,3857.0000,3856.6000,3855.6000,3855.0000,3858.4000,3858.6000,3859.0000,3859.2000,3859.4000,1,1,1,1,1,1,1,2,1,6
SF,IF2003,2019-11-29 09:31:48.100,3858.2000,15076,0,128411220.000,0,-,-,-,-,3857.0000,3856.6000,3855.6000,3855.0000,3854.8000,3858.2000,3858.4000,3858.6000,3859.0000,3859.2000,1,1,1,1,1,1,4,1,2,1
SF,IF2003,2019-11-29 09:31:48.600,3858.2000,15075,-1,129568680.000,1,0,1,双平,S,3857.2000,3857.0000,3856.6000,3855.6000,3855.0000,3858.4000,3858.6000,3859.0000,3859.2000,3859.4000,7,1,1,1,1,2,1,2,1,6
SF,IF2003,2019-11-29 09:31:49.100,3858.2000,15075,0,129568680.000,0,-,-,-,-,3857.2000,3857.0000,3856.6000,3855.6000,3855.0000,3858.0000,3858.4000,3858.6000,3859.0000,3859.2000,4,1,1,1,1,1,2,1,2,1
SF,IF2003,2019-11-29 09:31:49.600,3858.2000,15075,0,129568680.000,0,-,-,-,-,3857.2000,3857.0000,3856.6000,3856.0000,3855.6000,3858.4000,3858.6000,3859.0000,3859.2000,3859.4000,4,1,1,1,1,1,1,2,1,6
SF,IF2003,2019-11-29 09:31:50.100,3858.2000,15075,0,129568680.000,0,-,-,-,-,3857.2000,3857.0000,3856.6000,3856.0000,3855.6000,3858.2000,3858.4000,3858.6000,3859.0000,3859.2000,3,1,1,1,1,1,1,1,2,1
SF,IF2003,2019-11-29 09:31:50.600,3858.2000,15075,0,129568680.000,0,-,-,-,-,3857.2000,3857.0000,3856.6000,3856.0000,3855.6000,3858.4000,3858.6000,3859.0000,3859.2000,3859.4000,3,1,1,1,1,1,1,2,1,6
SF,IF2003,2019-11-29 09:31:51.600,3858.2000,15075,0,129568680.000,0,-,-,-,-,3857.2000,3857.0000,3856.6000,3856.0000,3855.6000,3858.2000,3858.4000,3858.6000,3859.0000,3859.2000,2,1,1,1,1,1,1,1,2,1
SF,IF2003,2019-11-29 09:31:52.600,3858.2000,15075,0,129568680.000,0,-,-,-,-,3857.2000,3857.0000,3856.6000,3856.0000,3855.6000,3858.2000,3858.4000,3858.6000,3859.0000,3859.2000,1,1,1,1,1,1,1,1,2,1
SF,IF2003,2019-11-29 09:31:53.600,3858.2000,15075,0,129568680.000,0,-,-,-,-,3857.4000,3857.2000,3857.0000,3856.6000,3856.0000,3858.4000,3858.6000,3859.0000,3859.2000,3859.4000,1,1,1,1,1,1,1,2,1,6
SF,IF2003,2019-11-29 09:31:54.100,3858.2000,15075,0,129568680.000,0,-,-,-,-,3857.4000,3857.2000,3857.0000,3856.6000,3856.0000,3858.2000,3858.4000,3858.6000,3859.0000,3859.2000,1,1,1,1,1,1,1,1,2,1
SF,IF2003,2019-11-29 09:31:54.600,3858.2000,15075,0,129568680.000,0,-,-,-,-,3857.0000,3856.0000,3855.6000,3855.0000,3854.8000,3858.2000,3858.4000,3858.6000,3859.0000,3859.2000,1,1,1,1,1,5,1,1,2,1
SF,IF2003,2019-11-29 09:31:55.100,3858.2000,15075,0,129568680.000,0,-,-,-,-,3857.0000,3856.0000,3855.6000,3855.0000,3854.8000,3858.2000,3858.4000,3858.6000,3859.0000,3859.2000,1,1,1,1,1,1,1,1,2,1
SF,IF2003,2019-11-29 09:31:55.600,3858.2000,15075,0,129568680.000,0,-,-,-,-,3857.0000,3856.0000,3855.6000,3855.0000,3854.8000,3858.2000,3858.4000,3858.6000,3859.0000,3859.2000,1,1,1,1,1,1,2,1,2,1
SF,IF2003,2019-11-29 09:31:56.100,3858.2000,15075,0,129568680.000,0,-,-,-,-,3857.0000,3856.0000,3855.6000,3855.0000,3854.8000,3857.6000,3857.8000,3858.0000,3858.2000,3858.4000,1,1,1,1,1,2,5,8,2,2
SF,IF2003,2019-11-29 09:31:56.600,3857.0000,15075,0,130725780.000,1,0,1,多换,S,3856.0000,3855.6000,3855.0000,3854.8000,3854.4000,3857.0000,3857.8000,3858.0000,3858.2000,3858.4000,1,1,1,1,1,1,5,7,2,2
SF,IF2003,2019-11-29 09:31:57.100,3857.0000,15075,0,130725780.000,0,-,-,-,-,3856.2000,3856.0000,3855.6000,3855.0000,3854.8000,3857.8000,3858.0000,3858.2000,3858.4000,3858.6000,2,1,1,1,1,5,7,1,2,1
SF,IF2003,2019-11-29 09:31:57.600,3857.0000,15075,0,130725780.000,0,-,-,-,-,3856.2000,3856.0000,3855.6000,3855.0000,3854.8000,3857.8000,3858.0000,3858.2000,3858.4000,3858.6000,3,1,1,1,1,5,7,1,2,1
SF,IF2003,2019-11-29 09:31:58.100,3857.0000,15075,0,130725780.000,0,-,-,-,-,3856.2000,3856.0000,3855.6000,3855.0000,3854.8000,3857.6000,3858.0000,3858.2000,3858.4000,3858.6000,3,1,1,1,1,1,7,1,1,1
SF,IF2003,2019-11-29 09:31:58.600,3857.0000,15075,0,130725780.000,0,-,-,-,-,3856.4000,3856.2000,3856.0000,3855.6000,3855.0000,3857.6000,3858.0000,3858.2000,3858.4000,3858.6000,1,3,1,1,1,1,7,1,1,1
SF,IF2003,2019-11-29 09:31:59.100,3857.0000,15075,0,130725780.000,0,-,-,-,-,3856.6000,3856.4000,3856.2000,3856.0000,3855.6000,3858.0000,3858.2000,3858.4000,3858.6000,3859.2000,3,1,1,1,1,2,1,1,1,1
SF,IF2003,2019-11-29 09:31:59.600,3857.0000,15075,0,130725780.000,0,-,-,-,-,3856.6000,3856.4000,3856.2000,3856.0000,3855.6000,3857.8000,3858.0000,3858.2000,3858.4000,3858.6000,2,1,1,1,1,2,2,1,1,1
SF,IF2003,2019-11-29 09:32:00.100,3857.0000,15075,0,130725780.000,0,-,-,-,-,3856.8000,3856.6000,3856.4000,3856.2000,3856.0000,3857.8000,3858.0000,3858.2000,3858.4000,3858.6000,2,2,1,1,1,1,2,1,1,1
SF,IF2003,2019-11-29 09:32:00.600,3857.0000,15075,0,130725780.000,0,-,-,-,-,3856.6000,3856.2000,3856.0000,3855.6000,3855.0000,3857.6000,3857.8000,3858.0000,3858.2000,3858.4000,1,1,1,1,1,3,1,2,1,1
SF,IF2003,2019-11-29 09:32:01.100,3857.0000,15075,0,130725780.000,0,-,-,-,-,3856.8000,3856.6000,3856.2000,3856.0000,3855.6000,3857.6000,3857.8000,3858.0000,3858.2000,3858.4000,1,1,1,1,1,2,1,2,1,1
SF,IF2003,2019-11-29 09:32:02.100,3856.8000,15075,0,131882820.000,1,0,1,多换,S,3856.6000,3856.2000,3856.0000,3855.6000,3855.0000,3857.6000,3857.8000,3858.0000,3858.2000,3858.4000,1,1,1,1,1,2,1,2,1,1
SF,IF2003,2019-11-29 09:32:02.600,3856.8000,15075,0,131882820.000,0,-,-,-,-,3856.2000,3856.0000,3855.6000,3855.0000,3854.8000,3857.4000,3857.6000,3857.8000,3858.0000,3858.2000,1,1,1,1,1,1,2,1,2,1
SF,IF2003,2019-11-29 09:32:03.100,3856.8000,15075,0,131882820.000,0,-,-,-,-,3856.4000,3856.2000,3856.0000,3855.6000,3855.0000,3857.8000,3858.0000,3858.2000,3858.4000,3858.6000,4,1,1,1,1,1,2,1,1,1
SF,IF2003,2019-11-29 09:32:03.600,3856.8000,15075,0,131882820.000,0,-,-,-,-,3856.4000,3856.2000,3856.0000,3855.6000,3855.0000,3857.2000,3857.8000,3858.0000,3858.2000,3858.4000,4,1,1,1,1,1,1,2,1,1
SF,IF2003,2019-11-29 09:32:04.100,3856.8000,15075,0,131882820.000,0,-,-,-,-,3857.2000,3856.6000,3856.4000,3856.2000,3856.0000,3857.8000,3858.0000,3858.2000,3858.4000,3858.6000,1,2,4,1,1,1,2,1,1,1
SF,IF2003,2019-11-29 09:32:04.600,3856.8000,15075,0,131882820.000,0,-,-,-,-,3857.2000,3856.6000,3856.0000,3855.6000,3855.0000,3858.2000,3858.4000,3858.6000,3859.2000,3859.4000,1,2,1,1,1,1,1,1,1,8
SF,IF2003,2019-11-29 09:32:05.100,3856.8000,15075,0,131882820.000,0,-,-,-,-,3857.4000,3857.2000,3856.6000,3856.0000,3855.6000,3858.2000,3858.4000,3858.6000,3859.2000,3859.4000,1,1,2,1,1,1,1,1,1,8
SF,IF2003,2019-11-29 09:32:05.600,3857.4000,15074,-1,133040040.000,1,0,1,双平,S,3857.2000,3856.6000,3856.0000,3855.6000,3855.0000,3858.2000,3858.4000,3858.6000,3859.2000,3859.4000,1,2,1,1,1,1,1,1,1,8
SF,IF2003,2019-11-29 09:32:06.100,3857.4000,15074,0,133040040.000,0,-,-,-,-,3857.2000,3856.6000,3856.0000,3855.6000,3855.0000,3858.4000,3858.6000,3859.2000,3859.4000,3859.8000,1,2,1,1,1,1,1,1,8,4
SF,IF2003,2019-11-29 09:32:07.100,3857.4000,15074,0,133040040.000,0,-,-,-,-,3857.4000,3857.2000,3856.6000,3856.0000,3855.6000,3858.2000,3858.6000,3859.2000,3859.4000,3859.8000,2,1,2,1,1,1,1,1,8,4
SF,IF2003,2019-11-29 09:32:07.600,3857.4000,15074,0,133040040.000,0,-,-,-,-,3857.4000,3857.2000,3856.6000,3856.4000,3856.0000,3858.2000,3858.6000,3859.2000,3859.4000,3859.8000,3,1,2,1,1,1,1,1,8,4
SF,IF2003,2019-11-29 09:32:08.100,3857.4000,15074,0,133040040.000,0,-,-,-,-,3857.4000,3857.2000,3856.6000,3856.4000,3856.0000,3858.2000,3858.6000,3859.2000,3859.4000,3859.8000,2,1,2,1,1,1,1,1,8,4
SF,IF2003,2019-11-29 09:32:10.100,3858.2000,15073,-1,134197500.000,1,0,1,双平,S,3857.6000,3857.4000,3857.2000,3856.6000,3856.4000,3858.6000,3859.2000,3859.4000,3859.8000,3860.0000,6,2,1,2,1,1,1,8,4,1
SF,IF2003,2019-11-29 09:32:10.600,3858.2000,15073,0,134197500.000,0,-,-,-,-,3857.4000,3857.2000,3856.6000,3856.4000,3856.0000,3858.4000,3858.6000,3859.2000,3859.4000,3859.8000,2,1,1,1,1,1,1,1,8,4
SF,IF2003,2019-11-29 09:32:11.100,3858.2000,15073,0,134197500.000,0,-,-,-,-,3857.8000,3857.4000,3856.6000,3856.4000,3856.0000,3858.6000,3859.2000,3859.4000,3859.8000,3860.0000,1,2,1,1,1,1,1,8,4,1
SF,IF2003,2019-11-29 09:32:11.600,3858.2000,15073,0,134197500.000,0,-,-,-,-,3857.8000,3856.6000,3856.4000,3856.0000,3855.6000,3858.6000,3859.2000,3859.4000,3859.8000,3860.0000,1,1,1,1,1,1,1,8,4,1
SF,IF2003,2019-11-29 09:32:13.100,3858.6000,15072,-1,135355080.000,1,0,1,双平,S,3857.8000,3856.6000,3856.4000,3856.0000,3855.6000,3859.2000,3859.4000,3859.8000,3860.0000,3860.6000,1,1,1,1,1,1,8,4,1,1
SF,IF2003,2019-11-29 09:32:15.100,3858.6000,15072,0,135355080.000,0,-,-,-,-,3858.0000,3857.8000,3857.2000,3856.6000,3856.4000,3859.4000,3859.8000,3860.0000,3860.6000,3861.0000,1,1,1,1,1,4,4,1,1,1
SF,IF2003,2019-11-29 09:32:15.600,3858.6000,15072,0,135355080.000,0,-,-,-,-,3858.2000,3857.8000,3857.2000,3856.6000,3856.4000,3859.2000,3859.4000,3859.8000,3860.0000,3860.6000,1,1,1,1,1,2,4,4,1,1
SF,IF2003,2019-11-29 09:32:16.100,3858.6000,15072,0,135355080.000,0,-,-,-,-,3858.2000,3857.8000,3857.2000,3856.6000,3856.4000,3859.8000,3860.0000,3860.6000,3861.0000,3864.0000,1,1,1,1,1,4,1,1,1,5
SF,IF2003,2019-11-29 09:32:16.600,3858.6000,15072,0,135355080.000,0,-,-,-,-,3858.2000,3857.8000,3857.2000,3856.6000,3856.4000,3859.6000,3859.8000,3860.0000,3860.6000,3861.0000,1,1,1,1,1,4,4,1,1,1
SF,IF2003,2019-11-29 09:32:17.100,3858.6000,15072,0,135355080.000,0,-,-,-,-,3858.4000,3858.2000,3857.8000,3857.2000,3856.4000,3859.6000,3859.8000,3860.0000,3860.6000,3861.0000,3,1,1,1,1,2,4,1,1,1
SF,IF2003,2019-11-29 09:32:17.600,3858.6000,15072,0,135355080.000,0,-,-,-,-,3858.6000,3858.4000,3858.2000,3857.8000,3857.2000,3859.4000,3859.6000,3859.8000,3860.0000,3860.6000,2,2,1,1,1,1,1,4,1,1
SF,IF2003,2019-11-29 09:32:18.100,3858.6000,15072,0,135355080.000,0,-,-,-,-,3858.6000,3858.4000,3858.2000,3857.8000,3857.2000,3859.4000,3859.6000,3859.8000,3860.0000,3860.6000,2,1,1,1,1,1,1,4,1,1
SF,IF2003,2019-11-29 09:32:18.600,3858.6000,15072,0,135355080.000,0,-,-,-,-,3858.4000,3858.2000,3857.8000,3857.2000,3856.4000,3859.4000,3859.6000,3859.8000,3860.0000,3860.6000,1,1,1,1,1,1,1,4,1,1
SF,IF2003,2019-11-29 09:32:19.100,3858.6000,15072,0,135355080.000,0,-,-,-,-,3858.4000,3858.2000,3857.8000,3857.2000,3856.4000,3859.4000,3859.6000,3859.8000,3860.0000,3860.6000,1,1,1,1,1,1,1,4,1,1
SF,IF2003,2019-11-29 09:32:20.100,3858.6000,15072,0,135355080.000,0,-,-,-,-,3858.4000,3858.2000,3857.8000,3857.2000,3856.4000,3859.4000,3859.6000,3859.8000,3860.0000,3861.0000,1,1,1,1,1,1,1,4,1,1
SF,IF2003,2019-11-29 09:32:20.600,3858.6000,15072,0,135355080.000,0,-,-,-,-,3858.2000,3857.8000,3857.2000,3856.4000,3856.0000,3859.4000,3859.6000,3859.8000,3860.0000,3861.0000,1,1,1,1,1,1,1,4,1,1
SF,IF2003,2019-11-29 09:32:21.600,3858.6000,15072,0,135355080.000,0,-,-,-,-,3858.4000,3858.2000,3857.8000,3857.2000,3856.4000,3859.2000,3859.4000,3859.6000,3859.8000,3860.0000,3,1,1,1,1,2,1,1,4,1
SF,IF2003,2019-11-29 09:32:22.100,3858.6000,15072,0,135355080.000,0,-,-,-,-,3858.6000,3858.4000,3858.2000,3857.8000,3857.2000,3859.8000,3860.0000,3861.0000,3863.0000,3864.0000,1,8,1,1,1,4,1,1,1,5
SF,IF2003,2019-11-29 09:32:22.600,3858.6000,15072,0,135355080.000,0,-,-,-,-,3857.8000,3857.2000,3856.4000,3856.0000,3855.6000,3859.6000,3859.8000,3860.0000,3861.0000,3863.0000,1,1,1,1,1,7,4,1,1,1
SF,IF2003,2019-11-29 09:32:23.100,3859.6000,15070,-2,137670840.000,2,0,2,双平,S,3858.0000,3857.8000,3857.2000,3856.4000,3856.0000,3859.6000,3860.0000,3861.0000,3863.0000,3864.0000,2,1,1,1,1,6,1,1,1,5
SF,IF2003,2019-11-29 09:32:24.100,3859.6000,15070,0,137670840.000,0,-,-,-,-,3858.4000,3858.2000,3858.0000,3857.8000,3857.2000,3859.6000,3860.0000,3861.0000,3863.0000,3864.0000,5,6,2,1,1,1,1,1,1,5
SF,IF2003,2019-11-29 09:32:24.600,3859.6000,15070,0,137670840.000,0,-,-,-,-,3858.6000,3858.4000,3858.2000,3858.0000,3857.8000,3859.6000,3860.0000,3861.0000,3863.0000,3864.0000,5,5,1,1,1,1,1,1,1,5
SF,IF2003,2019-11-29 09:32:25.100,3859.6000,15070,0,137670840.000,0,-,-,-,-,3858.6000,3858.4000,3858.2000,3858.0000,3857.8000,3859.6000,3860.0000,3861.0000,3863.0000,3864.0000,5,5,1,1,1,1,1,1,1,5
SF,IF2003,2019-11-29 09:32:25.600,3859.6000,15070,0,137670840.000,0,-,-,-,-,3858.6000,3858.2000,3858.0000,3857.8000,3857.2000,3859.6000,3860.0000,3861.0000,3863.0000,3864.0000,4,1,2,1,1,1,1,1,1,5
SF,IF2003,2019-11-29 09:32:26.100,3859.6000,15070,0,137670840.000,0,-,-,-,-,3858.2000,3858.0000,3857.8000,3857.2000,3857.0000,3859.4000,3859.6000,3860.0000,3861.0000,3863.0000,1,2,1,1,1,2,1,1,1,1
SF,IF2003,2019-11-29 09:32:26.600,3859.6000,15070,0,137670840.000,0,-,-,-,-,3858.2000,3858.0000,3857.8000,3857.2000,3857.0000,3859.4000,3859.6000,3860.0000,3861.0000,3863.0000,1,2,1,1,1,1,1,1,1,1
SF,IF2003,2019-11-29 09:32:27.100,3859.6000,15070,0,137670840.000,0,-,-,-,-,3859.4000,3858.4000,3858.2000,3858.0000,3857.8000,3860.0000,3861.0000,3863.0000,3864.0000,3864.8000,1,6,1,1,1,1,1,1,5,3
SF,IF2003,2019-11-29 09:32:27.600,3859.4000,15069,-1,138828660.000,1,0,1,双平,S,3858.4000,3858.0000,3857.2000,3857.0000,3856.4000,3859.4000,3859.6000,3859.8000,3860.0000,3861.0000,1,1,1,1,1,12,3,12,1,1
SF,IF2003,2019-11-29 09:32:28.100,3859.4000,15069,0,138828660.000,0,-,-,-,-,3858.4000,3858.0000,3857.2000,3857.0000,3856.4000,3859.2000,3859.4000,3859.8000,3860.0000,3861.0000,1,1,1,1,1,1,4,14,1,1
SF,IF2003,2019-11-29 09:32:29.600,3859.4000,15069,0,138828660.000,0,-,-,-,-,3858.4000,3858.0000,3857.2000,3857.0000,3856.4000,3859.2000,3859.4000,3859.8000,3860.0000,3861.0000,1,1,1,1,1,1,3,14,1,1
SF,IF2003,2019-11-29 09:32:30.100,3859.4000,15069,0,138828660.000,0,-,-,-,-,3858.0000,3857.2000,3857.0000,3856.4000,3856.0000,3859.2000,3859.4000,3859.8000,3860.0000,3861.0000,1,1,1,1,1,1,3,14,1,1
SF,IF2003,2019-11-29 09:32:30.600,3859.4000,15069,0,138828660.000,0,-,-,-,-,3858.2000,3858.0000,3857.2000,3857.0000,3856.4000,3859.2000,3859.4000,3859.8000,3860.0000,3861.0000,4,1,1,1,1,1,3,14,1,1
SF,IF2003,2019-11-29 09:32:31.100,3859.4000,15069,0,138828660.000,0,-,-,-,-,3858.0000,3857.2000,3857.0000,3856.4000,3856.0000,3859.2000,3859.4000,3859.8000,3860.0000,3861.0000,1,1,1,1,1,1,3,14,1,1
SF,IF2003,2019-11-29 09:32:31.600,3859.4000,15069,0,138828660.000,0,-,-,-,-,3858.0000,3857.2000,3857.0000,3856.4000,3856.0000,3859.2000,3859.4000,3859.8000,3860.0000,3861.0000,1,1,1,1,1,1,3,14,1,1
SF,IF2003,2019-11-29 09:32:32.100,3859.4000,15069,0,138828660.000,0,-,-,-,-,3858.2000,3858.0000,3857.2000,3857.0000,3856.4000,3858.8000,3859.0000,3859.2000,3859.4000,3859.8000,1,1,1,1,1,5,3,2,3,14
SF,IF2003,2019-11-29 09:32:32.600,3859.4000,15069,0,138828660.000,0,-,-,-,-,3858.2000,3858.0000,3857.2000,3857.0000,3856.4000,3859.2000,3859.4000,3859.8000,3860.0000,3861.0000,5,1,1,1,1,1,3,13,1,1
SF,IF2003,2019-11-29 09:32:33.100,3859.4000,15069,0,138828660.000,0,-,-,-,-,3858.2000,3858.0000,3857.2000,3857.0000,3856.4000,3858.6000,3859.2000,3859.4000,3859.8000,3860.0000,4,1,1,1,1,1,1,3,13,1
SF,IF2003,2019-11-29 09:32:34.100,3859.4000,15069,0,138828660.000,0,-,-,-,-,3858.2000,3858.0000,3857.0000,3856.4000,3856.0000,3859.2000,3859.4000,3859.8000,3860.0000,3861.0000,4,1,1,1,1,1,3,13,1,1
SF,IF2003,2019-11-29 09:32:34.600,3859.4000,15069,0,138828660.000,0,-,-,-,-,3858.2000,3858.0000,3857.0000,3856.4000,3856.0000,3858.8000,3859.0000,3859.2000,3859.4000,3859.8000,4,1,1,1,1,2,3,1,3,13
SF,IF2003,2019-11-29 09:32:35.100,3859.4000,15069,0,138828660.000,0,-,-,-,-,3858.4000,3858.2000,3858.0000,3857.0000,3856.4000,3859.2000,3859.4000,3859.8000,3860.0000,3861.0000,1,4,1,1,1,1,3,13,1,1
SF,IF2003,2019-11-29 09:32:35.600,3859.4000,15069,0,138828660.000,0,-,-,-,-,3858.2000,3858.0000,3857.0000,3856.4000,3856.0000,3859.4000,3859.8000,3860.0000,3861.0000,3863.0000,4,1,1,1,1,3,13,1,1,1
SF,IF2003,2019-11-29 09:32:36.100,3859.4000,15069,0,138828660.000,0,-,-,-,-,3858.2000,3858.0000,3857.0000,3856.4000,3856.0000,3859.2000,3859.8000,3860.0000,3861.0000,3863.0000,4,1,1,1,1,1,13,1,1,1
SF,IF2003,2019-11-29 09:32:36.600,3859.4000,15069,0,138828660.000,0,-,-,-,-,3858.0000,3857.0000,3856.4000,3856.0000,3855.6000,3859.2000,3859.8000,3860.0000,3861.0000,3863.0000,1,1,1,1,1,1,13,1,1,1
SF,IF2003,2019-11-29 09:32:37.100,3859.4000,15069,0,138828660.000,0,-,-,-,-,3858.4000,3858.2000,3858.0000,3857.0000,3856.4000,3859.2000,3859.4000,3859.8000,3860.0000,3861.0000,1,4,1,1,1,2,2,13,1,1
SF,IF2003,2019-11-29 09:32:37.600,3859.4000,15069,0,138828660.000,0,-,-,-,-,3858.4000,3858.2000,3858.0000,3857.0000,3856.4000,3859.2000,3859.4000,3859.8000,3860.0000,3861.0000,1,2,1,1,1,2,2,13,1,1
SF,IF2003,2019-11-29 09:32:38.100,3859.4000,15069,0,138828660.000,0,-,-,-,-,3858.4000,3858.2000,3858.0000,3857.0000,3856.4000,3859.2000,3859.4000,3859.8000,3860.0000,3861.0000,1,2,1,1,1,1,2,13,1,1
SF,IF2003,2019-11-29 09:32:38.600,3859.4000,15069,0,138828660.000,0,-,-,-,-,3858.4000,3858.2000,3858.0000,3857.0000,3856.4000,3859.0000,3859.2000,3859.4000,3859.8000,3860.0000,1,2,1,1,1,1,1,2,13,1
SF,IF2003,2019-11-29 09:32:39.100,3859.4000,15069,0,138828660.000,0,-,-,-,-,3858.6000,3858.4000,3858.2000,3858.0000,3857.2000,3859.2000,3859.4000,3859.8000,3860.0000,3861.0000,1,1,2,1,1,1,2,13,1,1
SF,IF2003,2019-11-29 09:32:39.600,3859.4000,15069,0,138828660.000,0,-,-,-,-,3858.4000,3858.2000,3858.0000,3857.2000,3857.0000,3859.2000,3859.4000,3859.8000,3860.0000,3861.0000,1,2,1,1,1,1,2,13,1,1
SF,IF2003,2019-11-29 09:32:40.100,3859.4000,15069,0,138828660.000,0,-,-,-,-,3858.6000,3858.4000,3858.2000,3858.0000,3857.2000,3859.2000,3859.4000,3859.8000,3860.0000,3861.0000,1,1,2,1,1,1,2,13,1,1
SF,IF2003,2019-11-29 09:32:40.600,3859.4000,15069,0,138828660.000,0,-,-,-,-,3858.4000,3858.2000,3858.0000,3857.2000,3857.0000,3859.2000,3859.4000,3859.8000,3860.0000,3861.0000,1,2,1,1,1,1,2,13,1,1
SF,IF2003,2019-11-29 09:32:41.100,3859.4000,15069,0,138828660.000,0,-,-,-,-,3858.4000,3858.2000,3858.0000,3857.2000,3857.0000,3859.0000,3859.2000,3859.4000,3859.8000,3860.0000,1,1,1,1,1,1,1,2,13,1
SF,IF2003,2019-11-29 09:32:41.600,3859.4000,15069,0,138828660.000,0,-,-,-,-,3858.4000,3858.2000,3858.0000,3857.2000,3857.0000,3859.2000,3859.4000,3859.8000,3860.0000,3861.0000,1,1,1,1,1,1,2,13,1,1
SF,IF2003,2019-11-29 09:32:42.100,3859.4000,15069,0,138828660.000,0,-,-,-,-,3858.4000,3858.2000,3858.0000,3857.2000,3857.0000,3858.8000,3859.2000,3859.4000,3859.8000,3860.0000,1,1,1,1,1,1,1,2,13,1
SF,IF2003,2019-11-29 09:32:42.600,3858.4000,15069,0,139986180.000,1,0,1,多换,S,3858.0000,3857.0000,3856.4000,3856.0000,3855.6000,3858.8000,3859.0000,3859.2000,3859.4000,3859.8000,1,1,1,1,1,1,1,1,2,13
SF,IF2003,2019-11-29 09:32:43.100,3858.4000,15069,0,139986180.000,0,-,-,-,-,3858.0000,3857.0000,3856.4000,3856.0000,3855.6000,3858.4000,3858.8000,3859.2000,3859.4000,3859.8000,1,1,1,1,1,1,1,1,2,13
SF,IF2003,2019-11-29 09:32:43.600,3858.4000,15069,0,139986180.000,0,-,-,-,-,3858.0000,3857.0000,3856.4000,3856.0000,3855.6000,3858.8000,3859.2000,3859.4000,3859.8000,3860.0000,1,1,1,1,1,1,1,2,13,1
SF,IF2003,2019-11-29 09:32:44.600,3858.4000,15069,0,139986180.000,0,-,-,-,-,3858.0000,3857.0000,3856.4000,3856.0000,3855.6000,3858.6000,3858.8000,3859.2000,3859.4000,3859.8000,1,1,1,1,1,1,1,1,2,13
SF,IF2003,2019-11-29 09:32:45.100,3858.4000,15069,0,139986180.000,0,-,-,-,-,3858.2000,3858.0000,3857.0000,3856.4000,3856.0000,3858.8000,3859.2000,3859.4000,3859.8000,3860.0000,1,1,1,1,1,1,1,2,13,1
SF,IF2003,2019-11-29 09:32:45.600,3858.4000,15069,0,139986180.000,0,-,-,-,-,3858.4000,3858.0000,3857.0000,3856.4000,3856.0000,3858.8000,3859.2000,3859.4000,3859.8000,3860.0000,1,1,1,1,1,1,1,2,13,1
SF,IF2003,2019-11-29 09:32:46.100,3858.4000,15069,0,142301220.000,2,1,1,多换,S,3858.0000,3857.0000,3856.4000,3856.0000,3855.6000,3858.6000,3858.8000,3859.2000,3859.4000,3859.8000,1,1,1,1,1,2,1,1,2,13
SF,IF2003,2019-11-29 09:32:46.600,3858.0000,15069,0,143458620.000,1,0,1,多换,S,3857.0000,3856.4000,3856.0000,3855.6000,3855.0000,3858.0000,3858.2000,3858.4000,3858.6000,3858.8000,1,1,1,1,1,3,6,1,7,1
SF,IF2003,2019-11-29 09:32:47.100,3858.0000,15069,0,143458620.000,0,-,-,-,-,3857.2000,3857.0000,3856.4000,3856.0000,3855.6000,3858.4000,3858.6000,3858.8000,3859.2000,3859.4000,1,1,1,1,1,1,6,1,1,2
SF,IF2003,2019-11-29 09:32:47.600,3858.0000,15069,0,143458620.000,0,-,-,-,-,3857.2000,3857.0000,3856.4000,3856.0000,3855.6000,3858.2000,3858.6000,3858.8000,3859.2000,3859.4000,1,1,1,1,1,1,6,1,1,2
SF,IF2003,2019-11-29 09:32:48.600,3858.0000,15069,0,143458620.000,0,-,-,-,-,3857.2000,3857.0000,3856.4000,3856.0000,3855.6000,3858.0000,3858.2000,3858.6000,3859.2000,3859.4000,1,1,1,1,1,1,1,6,1,2
SF,IF2003,2019-11-29 09:32:49.100,3858.0000,15069,0,143458620.000,0,-,-,-,-,3857.2000,3857.0000,3856.4000,3856.0000,3855.6000,3858.0000,3858.2000,3858.6000,3859.2000,3859.4000,1,1,1,1,1,1,1,6,1,2
SF,IF2003,2019-11-29 09:32:49.600,3858.0000,15069,0,143458620.000,0,-,-,-,-,3857.0000,3856.4000,3856.0000,3855.6000,3855.0000,3858.0000,3858.2000,3858.6000,3859.2000,3859.4000,1,1,1,1,1,1,1,6,1,2
SF,IF2003,2019-11-29 09:32:50.100,3858.0000,15069,0,143458620.000,0,-,-,-,-,3857.0000,3856.4000,3856.0000,3855.6000,3855.0000,3857.8000,3858.0000,3858.2000,3858.6000,3859.2000,1,1,1,1,1,1,1,1,6,1
SF,IF2003,2019-11-29 09:32:50.600,3858.0000,15069,0,143458620.000,0,-,-,-,-,3857.0000,3856.4000,3856.0000,3855.6000,3855.0000,3857.8000,3858.0000,3858.2000,3858.6000,3859.2000,1,1,1,1,1,1,1,1,6,1
SF,IF2003,2019-11-29 09:32:52.100,3858.0000,15069,0,143458620.000,0,-,-,-,-,3857.0000,3856.4000,3856.0000,3855.6000,3855.0000,3857.8000,3858.0000,3858.2000,3858.6000,3859.2000,1,1,1,1,2,1,1,1,6,1
SF,IF2003,2019-11-29 09:32:52.600,3858.0000,15069,0,144616020.000,1,0,1,多换,S,3857.0000,3856.4000,3856.0000,3855.6000,3855.0000,3858.0000,3858.2000,3858.6000,3859.2000,3859.4000,1,1,1,1,2,1,1,6,1,2
SF,IF2003,2019-11-29 09:32:53.100,3858.0000,15069,0,144616020.000,0,-,-,-,-,3857.2000,3857.0000,3856.4000,3856.0000,3855.6000,3858.2000,3858.6000,3859.2000,3859.4000,3859.8000,1,1,1,1,1,1,6,1,2,13
SF,IF2003,2019-11-29 09:32:53.600,3858.0000,15069,0,144616020.000,0,-,-,-,-,3857.0000,3856.4000,3856.0000,3855.6000,3855.0000,3857.6000,3858.0000,3858.2000,3858.6000,3859.2000,1,1,1,1,2,2,5,1,6,1
SF,IF2003,2019-11-29 09:32:54.100,3857.0000,15070,1,145773120.000,1,1,0,双开,S,3856.4000,3856.0000,3855.6000,3855.0000,3854.8000,3857.8000,3858.0000,3858.2000,3858.6000,3859.2000,1,1,1,2,1,5,10,1,6,1
SF,IF2003,2019-11-29 09:32:54.600,3857.0000,15070,0,145773120.000,0,-,-,-,-,3856.6000,3856.4000,3856.0000,3855.6000,3855.0000,3858.0000,3858.2000,3858.6000,3859.2000,3859.4000,2,1,1,1,2,10,1,6,1,2
SF,IF2003,2019-11-29 09:32:55.100,3857.0000,15070,0,145773120.000,0,-,-,-,-,3856.6000,3856.4000,3856.0000,3855.6000,3855.0000,3857.4000,3857.6000,3857.8000,3858.0000,3858.2000,1,1,1,1,2,7,1,3,10,2
SF,IF2003,2019-11-29 09:32:55.600,3857.0000,15070,0,145773120.000,0,-,-,-,-,3856.6000,3856.4000,3856.0000,3855.6000,3855.0000,3857.8000,3858.0000,3858.2000,3858.6000,3859.2000,1,1,1,1,2,1,10,2,6,1
SF,IF2003,2019-11-29 09:32:56.100,3857.0000,15070,0,145773120.000,0,-,-,-,-,3856.6000,3856.4000,3856.0000,3855.6000,3855.0000,3857.8000,3858.0000,3858.2000,3858.6000,3859.2000,1,1,1,1,2,1,9,2,6,1
SF,IF2003,2019-11-29 09:32:56.600,3857.0000,15070,0,145773120.000,0,-,-,-,-,3856.0000,3855.6000,3855.0000,3854.8000,3854.4000,3857.6000,3857.8000,3858.0000,3858.2000,3858.6000,1,1,2,1,1,1,1,9,2,6
SF,IF2003,2019-11-29 09:32:57.100,3857.0000,15070,0,145773120.000,0,-,-,-,-,3856.2000,3856.0000,3855.6000,3855.0000,3854.8000,3857.2000,3857.4000,3857.6000,3857.8000,3858.0000,3,1,1,2,1,5,2,6,1,8
SF,IF2003,2019-11-29 09:32:57.600,3857.0000,15070,0,145773120.000,0,-,-,-,-,3856.2000,3856.0000,3855.6000,3855.0000,3854.8000,3857.4000,3857.6000,3857.8000,3858.0000,3858.2000,6,1,1,2,1,1,2,1,8,1
SF,IF2003,2019-11-29 09:32:58.100,3857.0000,15070,0,145773120.000,0,-,-,-,-,3856.4000,3856.2000,3856.0000,3855.6000,3855.0000,3857.4000,3858.0000,3858.2000,3859.2000,3859.8000,5,2,1,1,2,1,8,1,1,5
SF,IF2003,2019-11-29 09:32:58.600,3857.0000,15070,0,145773120.000,0,-,-,-,-,3856.6000,3856.4000,3856.0000,3855.6000,3855.0000,3858.0000,3858.2000,3859.2000,3859.8000,3860.0000,2,5,1,1,2,8,1,1,5,1
SF,IF2003,2019-11-29 09:32:59.100,3857.0000,15070,0,145773120.000,0,-,-,-,-,3856.8000,3856.6000,3856.4000,3856.0000,3855.6000,3858.0000,3858.2000,3859.2000,3859.8000,3860.0000,1,2,6,1,1,4,1,1,5,1
SF,IF2003,2019-11-29 09:32:59.600,3857.0000,15070,0,145773120.000,0,-,-,-,-,3857.0000,3856.8000,3856.6000,3856.4000,3856.0000,3858.0000,3858.2000,3859.2000,3859.8000,3860.0000,4,1,1,2,1,4,1,1,5,1
SF,IF2003,2019-11-29 09:33:00.100,3857.0000,15070,0,145773120.000,0,-,-,-,-,3857.0000,3856.8000,3856.6000,3856.4000,3856.0000,3859.2000,3859.8000,3860.0000,3861.0000,3862.0000,5,1,1,2,1,1,5,1,1,1
SF,IF2003,2019-11-29 09:33:00.600,3857.0000,15070,0,145773120.000,0,-,-,-,-,3857.2000,3857.0000,3856.8000,3856.4000,3856.0000,3858.2000,3858.4000,3858.6000,3858.8000,3859.0000,1,4,1,2,1,3,5,1,1,16
SF,IF2003,2019-11-29 09:33:01.100,3857.0000,15070,0,145773120.000,0,-,-,-,-,3857.4000,3857.2000,3857.0000,3856.8000,3856.4000,3858.4000,3858.8000,3859.0000,3859.2000,3859.8000,1,1,4,1,2,5,1,16,2,1
SF,IF2003,2019-11-29 09:33:01.600,3857.0000,15070,0,145773120.000,0,-,-,-,-,3857.4000,3857.2000,3857.0000,3856.8000,3856.4000,3859.0000,3859.2000,3859.8000,3860.0000,3861.0000,1,1,4,1,1,11,2,1,1,1
SF,IF2003,2019-11-29 09:33:02.100,3857.0000,15070,0,145773120.000,0,-,-,-,-,3857.4000,3857.2000,3857.0000,3856.8000,3856.4000,3858.8000,3859.0000,3859.2000,3859.8000,3860.0000,1,2,4,1,1,1,11,2,1,1
SF,IF2003,2019-11-29 09:33:02.600,3857.0000,15070,0,145773120.000,0,-,-,-,-,3857.4000,3857.2000,3856.8000,3856.4000,3856.0000,3858.6000,3859.0000,3859.2000,3859.8000,3860.0000,1,2,1,1,1,6,10,2,1,1
SF,IF2003,2019-11-29 09:33:03.100,3857.0000,15070,0,145773120.000,0,-,-,-,-,3857.6000,3857.4000,3857.2000,3856.8000,3856.4000,3858.6000,3859.0000,3859.2000,3859.8000,3860.0000,4,1,2,1,1,6,10,1,1,1
SF,IF2003,2019-11-29 09:33:03.600,3857.0000,15070,0,145773120.000,0,-,-,-,-,3857.8000,3857.6000,3857.4000,3857.2000,3856.8000,3858.6000,3859.0000,3859.2000,3859.8000,3860.0000,1,4,1,2,1,1,9,1,1,1
SF,IF2003,2019-11-29 09:33:04.100,3857.0000,15070,0,145773120.000,0,-,-,-,-,3857.8000,3857.6000,3857.4000,3857.2000,3856.4000,3858.6000,3859.0000,3859.2000,3859.8000,3860.0000,1,4,1,2,1,1,9,1,1,1
SF,IF2003,2019-11-29 09:33:04.600,3857.0000,15070,0,145773120.000,0,-,-,-,-,3857.8000,3857.4000,3857.2000,3856.4000,3856.0000,3858.6000,3859.0000,3859.2000,3859.8000,3860.0000,1,1,1,1,1,1,9,1,1,1
SF,IF2003,2019-11-29 09:33:05.100,3857.0000,15070,0,145773120.000,0,-,-,-,-,3857.2000,3856.4000,3856.0000,3855.6000,3855.0000,3858.4000,3858.6000,3859.0000,3859.2000,3859.8000,1,1,1,1,2,1,1,9,1,1
SF,IF2003,2019-11-29 09:33:05.600,3857.0000,15070,0,145773120.000,0,-,-,-,-,3857.4000,3857.2000,3856.4000,3856.0000,3855.6000,3858.4000,3858.6000,3859.0000,3859.2000,3859.8000,4,1,1,1,1,1,1,9,1,1
SF,IF2003,2019-11-29 09:33:06.100,3857.0000,15070,0,145773120.000,0,-,-,-,-,3857.4000,3857.2000,3856.4000,3856.0000,3855.6000,3858.6000,3859.0000,3859.2000,3859.8000,3860.0000,4,1,1,1,1,1,9,1,1,1
SF,IF2003,2019-11-29 09:33:06.600,3857.0000,15070,0,145773120.000,0,-,-,-,-,3857.6000,3857.2000,3856.4000,3856.0000,3855.6000,3858.6000,3859.0000,3859.2000,3859.8000,3860.0000,1,1,1,1,1,1,9,1,1,1
SF,IF2003,2019-11-29 09:33:07.100,3857.0000,15070,0,145773120.000,0,-,-,-,-,3857.6000,3857.2000,3856.4000,3856.0000,3855.6000,3858.6000,3859.0000,3859.2000,3859.8000,3860.0000,5,1,1,1,1,1,9,1,1,1
SF,IF2003,2019-11-29 09:33:08.600,3857.0000,15070,0,145773120.000,0,-,-,-,-,3857.8000,3857.6000,3857.2000,3856.4000,3856.0000,3858.6000,3859.0000,3859.2000,3859.8000,3860.0000,1,5,1,1,1,1,5,1,1,1
SF,IF2003,2019-11-29 09:33:09.100,3857.0000,15070,0,145773120.000,0,-,-,-,-,3857.6000,3857.2000,3856.4000,3856.0000,3855.6000,3858.6000,3859.0000,3859.2000,3859.8000,3860.0000,1,1,1,1,1,1,5,1,1,1
SF,IF2003,2019-11-29 09:33:09.600,3857.0000,15070,0,145773120.000,0,-,-,-,-,3857.6000,3857.2000,3856.4000,3856.0000,3855.6000,3859.0000,3859.2000,3859.8000,3860.0000,3861.0000,1,1,1,1,1,5,1,1,1,1
SF,IF2003,2019-11-29 09:33:11.100,3857.0000,15070,0,145773120.000,0,-,-,-,-,3857.8000,3857.6000,3857.2000,3856.4000,3856.0000,3859.0000,3859.8000,3860.0000,3861.0000,3862.0000,3,1,1,1,1,1,1,1,1,1
SF,IF2003,2019-11-29 09:33:11.600,3857.0000,15070,0,145773120.000,0,-,-,-,-,3857.6000,3857.2000,3856.4000,3856.0000,3855.6000,3858.8000,3859.0000,3859.8000,3860.0000,3861.0000,1,1,1,1,1,2,1,1,1,1
SF,IF2003,2019-11-29 09:33:12.100,3857.0000,15070,0,145773120.000,0,-,-,-,-,3857.6000,3856.4000,3856.0000,3855.6000,3855.0000,3858.2000,3858.8000,3859.0000,3859.8000,3860.0000,1,1,1,1,2,2,10,1,1,1
SF,IF2003,2019-11-29 09:33:12.600,3857.6000,15069,-1,146930400.000,1,0,1,双平,S,3856.4000,3856.0000,3855.6000,3855.0000,3854.8000,3858.8000,3859.0000,3859.8000,3860.0000,3861.0000,1,1,1,2,1,9,1,1,1,1
SF,IF2003,2019-11-29 09:33:13.100,3858.8000,15067,-2,149245620.000,2,0,2,双平,S,3856.6000,3856.4000,3856.0000,3855.6000,3855.0000,3858.8000,3859.0000,3859.8000,3860.0000,3861.0000,3,1,1,1,2,8,1,1,1,1
SF,IF2003,2019-11-29 09:33:13.600,3858.8000,15067,0,149245620.000,0,-,-,-,-,3856.6000,3856.4000,3856.0000,3855.6000,3855.0000,3858.4000,3858.6000,3858.8000,3859.0000,3859.2000,12,1,1,1,2,5,3,8,1,1
SF,IF2003,2019-11-29 09:33:14.100,3858.8000,15067,0,149245620.000,0,-,-,-,-,3856.8000,3856.6000,3856.4000,3856.0000,3855.6000,3858.4000,3858.6000,3858.8000,3859.0000,3859.2000,1,12,1,1,1,6,3,9,1,1
SF,IF2003,2019-11-29 09:33:14.600,3858.8000,15067,0,149245620.000,0,-,-,-,-,3857.0000,3856.8000,3856.6000,3856.4000,3856.0000,3858.4000,3858.6000,3858.8000,3859.0000,3859.2000,3,3,7,1,1,6,3,9,1,1
SF,IF2003,2019-11-29 09:33:15.100,3858.8000,15067,0,149245620.000,0,-,-,-,-,3857.0000,3856.6000,3856.4000,3856.0000,3855.6000,3858.6000,3858.8000,3859.0000,3859.2000,3859.8000,7,7,1,1,1,1,9,1,1,1
SF,IF2003,2019-11-29 09:33:15.600,3858.8000,15067,0,149245620.000,0,-,-,-,-,3857.0000,3856.6000,3856.4000,3856.0000,3855.6000,3858.0000,3858.2000,3858.4000,3858.6000,3858.8000,1,2,1,1,1,5,1,9,1,9
SF,IF2003,2019-11-29 09:33:16.100,3858.8000,15067,0,149245620.000,0,-,-,-,-,3857.2000,3857.0000,3856.6000,3856.4000,3856.0000,3858.4000,3858.6000,3858.8000,3859.2000,3859.8000,1,1,1,1,1,7,1,9,1,1
SF,IF2003,2019-11-29 09:33:16.600,3858.8000,15067,0,149245620.000,0,-,-,-,-,3857.0000,3856.6000,3856.4000,3856.0000,3855.6000,3857.8000,3858.0000,3858.2000,3858.4000,3858.6000,1,1,1,1,1,3,6,2,7,1
SF,IF2003,2019-11-29 09:33:17.100,3858.8000,15067,0,149245620.000,0,-,-,-,-,3857.0000,3856.6000,3856.4000,3856.0000,3855.6000,3857.8000,3858.0000,3858.4000,3858.6000,3858.8000,1,1,1,1,1,3,5,7,1,9
SF,IF2003,2019-11-29 09:33:17.600,3858.8000,15067,0,149245620.000,0,-,-,-,-,3856.6000,3856.4000,3856.0000,3855.6000,3855.0000,3857.8000,3858.0000,3858.4000,3858.6000,3858.8000,1,1,1,1,2,3,5,8,1,8
SF,IF2003,2019-11-29 09:33:18.100,3858.8000,15067,0,149245620.000,0,-,-,-,-,3856.6000,3856.4000,3856.0000,3855.6000,3855.0000,3857.6000,3857.8000,3858.0000,3858.4000,3858.6000,1,1,1,1,2,1,3,5,8,1
SF,IF2003,2019-11-29 09:33:18.600,3858.8000,15067,0,149245620.000,0,-,-,-,-,3856.4000,3856.0000,3855.6000,3855.0000,3854.8000,3857.8000,3858.0000,3858.4000,3858.8000,3859.2000,1,1,1,2,1,3,5,8,8,1
SF,IF2003,2019-11-29 09:33:19.100,3858.8000,15067,0,149245620.000,0,-,-,-,-,3856.6000,3856.4000,3856.0000,3855.6000,3855.0000,3857.6000,3857.8000,3858.0000,3858.4000,3858.8000,1,1,1,1,2,1,3,5,8,8
SF,IF2003,2019-11-29 09:33:19.600,3857.6000,15067,0,150402900.000,1,0,1,多换,S,3856.0000,3855.6000,3855.0000,3854.8000,3854.4000,3857.2000,3857.4000,3857.6000,3857.8000,3858.0000,1,1,2,1,1,2,3,8,3,5
SF,IF2003,2019-11-29 09:33:20.100,3857.6000,15067,0,150402900.000,0,-,-,-,-,3856.2000,3856.0000,3855.6000,3855.0000,3854.8000,3857.6000,3857.8000,3858.0000,3858.4000,3859.2000,7,1,1,2,1,8,3,5,8,1
SF,IF2003,2019-11-29 09:33:20.600,3857.6000,15067,0,150402900.000,0,-,-,-,-,3856.2000,3856.0000,3855.6000,3855.0000,3854.8000,3857.4000,3857.6000,3857.8000,3858.0000,3858.4000,7,1,1,2,1,1,8,3,5,8
SF,IF2003,2019-11-29 09:33:21.100,3857.6000,15067,0,150402900.000,0,-,-,-,-,3856.2000,3856.0000,3855.6000,3855.0000,3854.8000,3857.4000,3857.6000,3857.8000,3858.0000,3858.4000,3,1,1,2,1,3,8,3,5,7
SF,IF2003,2019-11-29 09:33:21.600,3857.6000,15067,0,150402900.000,0,-,-,-,-,3856.4000,3856.2000,3856.0000,3855.6000,3855.0000,3857.4000,3857.6000,3857.8000,3858.0000,3858.4000,4,3,1,1,2,2,4,3,5,7
SF,IF2003,2019-11-29 09:33:22.100,3857.6000,15067,0,150402900.000,0,-,-,-,-,3856.4000,3856.2000,3856.0000,3855.6000,3855.0000,3857.4000,3857.6000,3857.8000,3858.0000,3858.4000,4,2,1,1,2,2,4,3,5,7
SF,IF2003,2019-11-29 09:33:23.100,3857.6000,15067,0,150402900.000,0,-,-,-,-,3856.4000,3856.2000,3856.0000,3855.6000,3855.0000,3857.4000,3857.6000,3857.8000,3858.0000,3858.4000,4,2,1,1,2,2,4,3,5,7
SF,IF2003,2019-11-29 09:33:23.600,3857.6000,15067,0,150402900.000,0,-,-,-,-,3856.4000,3856.2000,3856.0000,3855.6000,3855.0000,3857.4000,3857.6000,3857.8000,3858.0000,3858.4000,4,2,1,1,2,2,4,3,5,7
SF,IF2003,2019-11-29 09:33:25.600,3857.4000,15067,0,152717340.000,2,1,1,多换,S,3856.4000,3856.2000,3856.0000,3855.6000,3855.0000,3857.6000,3857.8000,3858.0000,3858.4000,3859.2000,4,2,1,1,2,4,3,5,7,1
SF,IF2003,2019-11-29 09:33:26.100,3857.4000,15067,0,152717340.000,0,-,-,-,-,3856.6000,3856.4000,3856.2000,3856.0000,3855.6000,3857.6000,3857.8000,3858.0000,3858.4000,3859.2000,1,4,2,1,1,4,3,5,7,1
SF,IF2003,2019-11-29 09:33:27.100,3857.4000,15067,0,152717340.000,0,-,-,-,-,3856.6000,3856.4000,3856.2000,3856.0000,3855.6000,3857.4000,3857.6000,3857.8000,3858.0000,3858.4000,1,4,2,1,1,1,4,3,5,7
SF,IF2003,2019-11-29 09:33:28.100,3857.4000,15067,0,152717340.000,0,-,-,-,-,3856.6000,3856.2000,3856.0000,3855.6000,3855.0000,3857.8000,3858.0000,3858.4000,3859.2000,3859.8000,1,2,1,1,2,3,5,9,1,1
SF,IF2003,2019-11-29 09:33:29.100,3856.2000,15067,0,156188040.000,3,1,2,多换,S,3856.0000,3855.6000,3855.0000,3854.8000,3854.4000,3857.8000,3858.0000,3858.4000,3859.2000,3859.8000,1,1,2,1,1,3,5,9,1,1
SF,IF2003,2019-11-29 09:33:29.600,3856.2000,15067,0,156188040.000,0,-,-,-,-,3856.8000,3856.4000,3856.2000,3856.0000,3855.6000,3857.8000,3858.4000,3859.2000,3859.8000,3860.0000,5,6,7,1,1,1,8,1,1,1
SF,IF2003,2019-11-29 09:33:30.100,3856.2000,15067,0,156188040.000,0,-,-,-,-,3857.0000,3856.8000,3856.6000,3856.4000,3856.2000,3857.8000,3859.2000,3859.8000,3860.0000,3861.0000,1,5,1,6,14,1,1,1,1,1
SF,IF2003,2019-11-29 09:33:30.600,3856.2000,15067,0,156188040.000,0,-,-,-,-,3856.8000,3856.6000,3856.4000,3856.2000,3856.0000,3859.2000,3859.8000,3860.0000,3861.0000,3862.0000,1,1,6,10,1,1,1,1,1,1
SF,IF2003,2019-11-29 09:33:31.100,3856.2000,15067,0,156188040.000,0,-,-,-,-,3857.0000,3856.8000,3856.6000,3856.4000,3856.2000,3858.4000,3858.6000,3859.0000,3859.2000,3859.8000,1,1,1,6,8,5,2,15,2,1
SF,IF2003,2019-11-29 09:33:31.600,3856.2000,15067,0,156188040.000,0,-,-,-,-,3857.4000,3856.8000,3856.6000,3856.4000,3856.2000,3858.2000,3858.4000,3858.6000,3859.0000,3859.2000,1,1,1,6,8,4,5,2,14,2
SF,IF2003,2019-11-29 09:33:32.100,3856.2000,15067,0,156188040.000,0,-,-,-,-,3857.4000,3856.8000,3856.6000,3856.4000,3856.2000,3858.2000,3858.4000,3858.6000,3859.0000,3859.2000,1,1,1,6,8,5,5,2,14,2
SF,IF2003,2019-11-29 09:33:32.600,3856.2000,15067,0,156188040.000,0,-,-,-,-,3857.4000,3856.8000,3856.6000,3856.4000,3856.2000,3858.0000,3858.2000,3858.4000,3859.0000,3859.2000,1,1,1,6,8,1,3,5,14,2
SF,IF2003,2019-11-29 09:33:33.100,3856.2000,15067,0,156188040.000,0,-,-,-,-,3857.4000,3856.8000,3856.6000,3856.4000,3856.2000,3858.0000,3858.2000,3858.4000,3859.0000,3859.2000,1,1,1,6,8,1,2,5,13,2
SF,IF2003,2019-11-29 09:33:34.100,3857.4000,15067,0,157345260.000,1,0,1,多换,S,3856.8000,3856.6000,3856.4000,3856.2000,3856.0000,3858.0000,3858.2000,3858.4000,3859.0000,3859.2000,1,1,6,8,1,1,2,5,13,2
SF,IF2003,2019-11-29 09:33:34.600,3857.4000,15067,0,157345260.000,0,-,-,-,-,3856.8000,3856.4000,3856.2000,3856.0000,3855.6000,3857.4000,3858.0000,3858.2000,3858.4000,3859.0000,1,6,8,1,1,1,1,2,5,13
SF,IF2003,2019-11-29 09:33:35.100,3857.4000,15067,0,157345260.000,0,-,-,-,-,3857.0000,3856.4000,3856.2000,3856.0000,3855.6000,3858.0000,3858.2000,3858.4000,3859.0000,3859.2000,4,6,8,1,1,1,2,5,13,2
SF,IF2003,2019-11-29 09:33:35.600,3857.4000,15067,0,157345260.000,0,-,-,-,-,3857.0000,3856.4000,3856.2000,3856.0000,3855.6000,3857.2000,3858.0000,3858.2000,3858.4000,3859.0000,4,6,8,1,1,1,1,2,5,13
SF,IF2003,2019-11-29 09:33:36.100,3857.4000,15067,0,157345260.000,0,-,-,-,-,3856.4000,3856.2000,3856.0000,3855.6000,3855.0000,3858.0000,3858.2000,3859.0000,3859.2000,3859.8000,6,8,1,1,2,1,2,13,2,1
SF,IF2003,2019-11-29 09:33:36.600,3857.4000,15067,0,157345260.000,0,-,-,-,-,3856.6000,3856.4000,3856.2000,3856.0000,3855.6000,3858.0000,3858.2000,3859.0000,3859.2000,3859.8000,6,6,8,1,1,1,2,13,2,1
SF,IF2003,2019-11-29 09:33:37.600,3858.0000,15066,-1,158502660.000,1,0,1,双平,S,3856.8000,3856.6000,3856.4000,3856.2000,3856.0000,3858.2000,3859.0000,3859.2000,3859.8000,3860.0000,1,6,1,8,1,2,13,2,1,1
SF,IF2003,2019-11-29 09:33:38.100,3858.0000,15066,0,158502660.000,0,-,-,-,-,3856.8000,3856.6000,3856.4000,3856.2000,3856.0000,3858.2000,3859.0000,3859.2000,3859.8000,3860.0000,1,5,1,8,1,2,13,2,1,1
SF,IF2003,2019-11-29 09:33:38.600,3858.0000,15066,0,158502660.000,0,-,-,-,-,3856.8000,3856.6000,3856.4000,3856.2000,3856.0000,3858.0000,3858.2000,3859.0000,3859.2000,3859.8000,1,1,1,8,1,1,2,13,2,1
SF,IF2003,2019-11-29 09:33:39.100,3858.0000,15066,0,158502660.000,0,-,-,-,-,3856.6000,3856.4000,3856.2000,3856.0000,3855.6000,3858.0000,3858.2000,3859.0000,3859.2000,3859.8000,1,1,8,1,1,1,2,13,2,1
SF,IF2003,2019-11-29 09:33:39.600,3858.0000,15066,0,158502660.000,0,-,-,-,-,3856.8000,3856.6000,3856.4000,3856.2000,3856.0000,3858.0000,3858.2000,3859.0000,3859.2000,3859.8000,1,1,1,8,1,1,2,13,2,1
SF,IF2003,2019-11-29 09:33:40.100,3858.0000,15066,0,158502660.000,0,-,-,-,-,3856.4000,3856.0000,3855.6000,3855.0000,3854.8000,3857.8000,3858.0000,3858.2000,3859.0000,3859.2000,1,1,1,2,1,2,1,1,13,2
SF,IF2003,2019-11-29 09:33:40.600,3858.0000,15066,0,158502660.000,0,-,-,-,-,3856.4000,3856.0000,3855.6000,3855.0000,3854.8000,3857.6000,3857.8000,3858.0000,3858.2000,3858.4000,1,1,1,2,1,7,5,3,1,1
SF,IF2003,2019-11-29 09:33:41.100,3858.0000,15066,0,158502660.000,0,-,-,-,-,3856.4000,3856.0000,3855.6000,3855.0000,3854.8000,3857.4000,3857.6000,3857.8000,3858.0000,3858.2000,1,1,1,2,1,4,7,3,1,1
SF,IF2003,2019-11-29 09:33:41.600,3858.0000,15066,0,158502660.000,0,-,-,-,-,3856.0000,3855.6000,3855.0000,3854.8000,3854.4000,3857.0000,3857.2000,3857.4000,3857.6000,3857.8000,1,1,2,1,1,1,1,4,9,2
SF,IF2003,2019-11-29 09:33:42.100,3858.0000,15066,0,158502660.000,0,-,-,-,-,3856.0000,3855.6000,3855.0000,3854.8000,3854.4000,3857.2000,3857.4000,3857.6000,3857.8000,3858.2000,1,1,2,1,1,1,3,9,2,1
SF,IF2003,2019-11-29 09:33:42.600,3858.0000,15066,0,158502660.000,0,-,-,-,-,3856.0000,3855.6000,3855.0000,3854.8000,3854.4000,3856.8000,3857.4000,3857.6000,3857.8000,3858.2000,1,1,2,1,1,1,3,7,2,1
SF,IF2003,2019-11-29 09:33:43.100,3857.0000,15065,-1,159659760.000,1,0,1,双平,S,3856.0000,3855.6000,3855.0000,3854.8000,3854.4000,3857.4000,3857.6000,3857.8000,3858.2000,3858.4000,1,1,2,1,1,3,7,2,1,1
SF,IF2003,2019-11-29 09:33:43.600,3857.0000,15065,0,159659760.000,0,-,-,-,-,3856.2000,3856.0000,3855.6000,3855.0000,3854.8000,3857.4000,3857.6000,3857.8000,3858.4000,3858.6000,1,1,1,2,1,3,7,2,1,1
SF,IF2003,2019-11-29 09:33:44.100,3857.0000,15065,0,159659760.000,0,-,-,-,-,3856.2000,3856.0000,3855.6000,3855.0000,3854.8000,3856.8000,3857.4000,3857.6000,3857.8000,3858.4000,1,1,1,22,1,1,1,7,2,1
SF,IF2003,2019-11-29 09:33:44.600,3856.8000,15065,0,160816800.000,1,0,1,多换,S,3856.8000,3856.0000,3855.6000,3855.0000,3854.8000,3857.4000,3857.6000,3857.8000,3858.4000,3858.6000,1,1,1,22,1,1,7,2,1,1
SF,IF2003,2019-11-29 09:33:45.100,3856.8000,15065,0,161973840.000,1,0,1,多换,S,3856.0000,3855.6000,3855.0000,3854.8000,3854.4000,3857.2000,3857.4000,3857.6000,3857.8000,3858.4000,1,1,22,1,1,1,1,7,2,1
SF,IF2003,2019-11-29 09:33:45.600,3856.8000,15065,0,161973840.000,0,-,-,-,-,3856.2000,3856.0000,3855.6000,3855.0000,3854.8000,3857.4000,3857.6000,3857.8000,3858.4000,3858.6000,4,1,1,22,1,1,7,2,1,1
SF,IF2003,2019-11-29 09:33:46.100,3856.8000,15065,0,161973840.000,0,-,-,-,-,3856.2000,3856.0000,3855.6000,3855.0000,3854.8000,3857.0000,3857.2000,3857.4000,3857.6000,3857.8000,1,1,1,22,1,2,1,1,7,2
SF,IF2003,2019-11-29 09:33:46.600,3856.2000,15064,-1,163130700.000,1,0,1,双平,S,3856.0000,3855.6000,3855.0000,3854.8000,3854.4000,3857.4000,3857.6000,3857.8000,3858.4000,3858.6000,1,1,22,1,1,1,7,2,1,1
SF,IF2003,2019-11-29 09:33:47.100,3856.2000,15064,0,163130700.000,0,-,-,-,-,3856.0000,3855.6000,3855.0000,3854.8000,3854.4000,3857.2000,3857.4000,3857.6000,3857.8000,3858.4000,1,1,22,1,1,1,1,7,2,1
SF,IF2003,2019-11-29 09:33:47.600,3856.2000,15064,0,163130700.000,0,-,-,-,-,3856.2000,3856.0000,3855.6000,3855.0000,3854.8000,3857.2000,3857.4000,3857.6000,3857.8000,3858.4000,1,1,1,22,1,1,1,7,2,1
SF,IF2003,2019-11-29 09:33:51.100,3856.2000,15064,0,163130700.000,0,-,-,-,-,3856.2000,3856.0000,3855.6000,3855.0000,3854.8000,3856.8000,3857.0000,3857.2000,3857.4000,3857.6000,1,1,1,22,1,2,1,3,1,8
SF,IF2003,2019-11-29 09:33:51.600,3856.2000,15064,0,163130700.000,0,-,-,-,-,3856.2000,3856.0000,3855.6000,3855.0000,3854.8000,3857.2000,3857.4000,3857.6000,3857.8000,3858.4000,1,1,1,22,1,1,1,8,2,1
SF,IF2003,2019-11-29 09:33:52.100,3856.2000,15064,0,163130700.000,0,-,-,-,-,3856.0000,3855.6000,3855.0000,3854.8000,3854.4000,3857.2000,3857.4000,3857.6000,3857.8000,3858.4000,1,1,22,1,1,1,1,8,2,1
SF,IF2003,2019-11-29 09:33:52.600,3856.2000,15064,0,165444360.000,2,1,1,多换,S,3855.0000,3854.8000,3854.4000,3854.2000,3854.0000,3856.4000,3856.6000,3856.8000,3857.0000,3857.2000,22,1,1,2,1,4,3,2,11,2
SF,IF2003,2019-11-29 09:33:53.100,3856.2000,15064,0,165444360.000,0,-,-,-,-,3855.2000,3855.0000,3854.8000,3854.4000,3854.2000,3857.0000,3857.2000,3857.6000,3857.8000,3858.4000,4,22,1,1,2,1,1,1,4,1
SF,IF2003,2019-11-29 09:33:53.600,3856.2000,15064,0,165444360.000,0,-,-,-,-,3855.2000,3855.0000,3854.8000,3854.4000,3854.2000,3856.2000,3856.8000,3857.0000,3857.2000,3857.6000,4,22,1,1,2,1,1,1,1,1
SF,IF2003,2019-11-29 09:33:54.100,3856.2000,15063,-1,166601220.000,1,0,1,双平,S,3856.2000,3855.4000,3855.2000,3855.0000,3854.8000,3857.0000,3857.6000,3857.8000,3858.4000,3858.6000,3,1,4,22,1,1,1,4,1,1
SF,IF2003,2019-11-29 09:33:54.600,3856.2000,15063,0,166601220.000,0,-,-,-,-,3855.4000,3855.2000,3855.0000,3854.8000,3854.4000,3857.0000,3857.6000,3857.8000,3858.4000,3858.6000,1,1,22,1,1,1,1,4,1,1
SF,IF2003,2019-11-29 09:33:55.100,3856.2000,15063,0,166601220.000,0,-,-,-,-,3855.6000,3855.4000,3855.0000,3854.8000,3854.4000,3856.8000,3857.0000,3857.6000,3857.8000,3858.4000,2,1,22,1,1,1,1,1,4,1
SF,IF2003,2019-11-29 09:33:57.100,3856.2000,15063,0,166601220.000,0,-,-,-,-,3855.8000,3855.6000,3855.4000,3855.0000,3854.8000,3856.8000,3857.0000,3857.6000,3857.8000,3858.4000,4,2,1,22,1,1,1,1,4,1
SF,IF2003,2019-11-29 09:33:57.600,3856.2000,15063,0,166601220.000,0,-,-,-,-,3856.0000,3855.4000,3855.0000,3854.8000,3854.4000,3856.8000,3857.0000,3857.6000,3857.8000,3858.4000,1,1,22,1,1,1,1,1,4,1
SF,IF2003,2019-11-29 09:33:58.100,3856.2000,15063,0,166601220.000,0,-,-,-,-,3856.0000,3855.4000,3855.0000,3854.8000,3854.4000,3857.0000,3857.6000,3857.8000,3858.4000,3858.6000,1,1,22,1,1,1,1,4,1,1
SF,IF2003,2019-11-29 09:33:58.600,3856.2000,15063,0,166601220.000,0,-,-,-,-,3855.4000,3855.0000,3854.8000,3854.4000,3854.2000,3856.6000,3856.8000,3857.0000,3857.6000,3857.8000,1,22,1,1,2,2,1,1,1,4
SF,IF2003,2019-11-29 09:33:59.100,3856.2000,15063,0,166601220.000,0,-,-,-,-,3856.2000,3855.6000,3855.4000,3855.0000,3854.8000,3857.0000,3857.8000,3858.4000,3858.6000,3859.0000,1,6,1,22,1,1,4,1,1,9
SF,IF2003,2019-11-29 09:33:59.600,3856.2000,15063,0,166601220.000,0,-,-,-,-,3855.6000,3855.4000,3855.0000,3854.8000,3854.4000,3857.0000,3857.8000,3858.4000,3858.6000,3859.0000,1,1,22,1,1,1,4,1,1,9
SF,IF2003,2019-11-29 09:34:00.100,3856.2000,15063,0,166601220.000,0,-,-,-,-,3855.8000,3855.6000,3855.4000,3855.0000,3854.8000,3857.8000,3858.4000,3858.6000,3859.0000,3859.2000,4,2,1,22,1,4,1,1,9,1
SF,IF2003,2019-11-29 09:34:00.600,3856.2000,15063,0,166601220.000,0,-,-,-,-,3856.0000,3855.8000,3855.6000,3855.4000,3855.0000,3857.6000,3857.8000,3858.4000,3858.6000,3859.0000,5,7,1,1,22,2,4,1,1,9
SF,IF2003,2019-11-29 09:34:01.100,3856.2000,15063,0,166601220.000,0,-,-,-,-,3856.2000,3856.0000,3855.8000,3855.6000,3855.4000,3857.6000,3857.8000,3858.4000,3858.6000,3859.0000,1,5,1,1,1,2,4,1,1,9
SF,IF2003,2019-11-29 09:34:01.600,3857.8000,15063,0,171230340.000,4,2,2,多换,S,3856.4000,3856.2000,3856.0000,3855.8000,3855.6000,3857.8000,3858.4000,3858.6000,3859.0000,3859.2000,1,1,1,1,1,3,1,1,9,1
SF,IF2003,2019-11-29 09:34:02.100,3857.8000,15063,0,171230340.000,0,-,-,-,-,3856.6000,3856.4000,3856.2000,3856.0000,3855.8000,3858.4000,3858.6000,3859.0000,3859.2000,3859.8000,1,2,1,1,1,1,1,9,1,1
SF,IF2003,2019-11-29 09:34:02.600,3857.8000,15063,0,171230340.000,0,-,-,-,-,3856.8000,3856.6000,3856.4000,3856.2000,3855.8000,3857.8000,3858.0000,3858.2000,3858.4000,3858.6000,2,1,2,1,1,6,3,10,1,1
SF,IF2003,2019-11-29 09:34:03.100,3857.8000,15063,0,171230340.000,0,-,-,-,-,3857.0000,3856.8000,3856.6000,3856.4000,3856.2000,3857.2000,3858.2000,3858.4000,3858.6000,3859.0000,1,2,1,2,1,1,10,3,1,9
SF,IF2003,2019-11-29 09:34:03.600,3857.2000,15063,0,172387500.000,1,0,1,多换,S,3857.4000,3857.2000,3857.0000,3856.8000,3856.6000,3858.4000,3858.6000,3859.0000,3859.2000,3859.8000,1,8,1,1,2,1,1,9,1,1
SF,IF2003,2019-11-29 09:34:04.100,3857.2000,15063,0,172387500.000,0,-,-,-,-,3857.2000,3856.8000,3856.6000,3856.4000,3855.6000,3857.8000,3858.0000,3858.2000,3858.4000,3858.6000,4,1,1,2,1,1,5,4,1,1
SF,IF2003,2019-11-29 09:34:04.600,3857.2000,15062,-1,173544660.000,1,0,1,双平,S,3856.8000,3856.6000,3856.4000,3855.6000,3855.0000,3857.4000,3857.6000,3858.0000,3858.2000,3858.4000,1,1,2,1,22,1,2,7,8,1
SF,IF2003,2019-11-29 09:34:05.100,3857.4000,15061,-1,174701880.000,1,0,1,双平,S,3857.0000,3856.8000,3856.6000,3856.4000,3855.6000,3858.6000,3859.0000,3859.2000,3859.8000,3860.0000,3,1,1,2,1,1,9,1,1,2
SF,IF2003,2019-11-29 09:34:05.600,3857.0000,15058,-3,178173180.000,3,0,3,双平,S,3855.6000,3855.0000,3854.8000,3854.4000,3854.2000,3856.8000,3857.0000,3857.2000,3857.4000,3857.6000,1,22,1,1,2,1,6,2,2,2
SF,IF2003,2019-11-29 09:34:06.100,3857.0000,15053,-5,183958680.000,5,0,5,双平,S,3856.8000,3856.2000,3856.0000,3855.8000,3855.6000,3858.2000,3858.4000,3858.6000,3859.0000,3859.2000,3,1,3,15,1,1,15,1,5,1
SF,IF2003,2019-11-29 09:34:06.600,3857.0000,15053,0,183958680.000,0,-,-,-,-,3856.2000,3856.0000,3855.8000,3855.6000,3855.0000,3858.0000,3858.2000,3858.4000,3858.6000,3859.0000,5,3,9,1,22,3,1,15,1,5
SF,IF2003,2019-11-29 09:34:07.100,3857.0000,15053,0,183958680.000,0,-,-,-,-,3856.4000,3856.2000,3856.0000,3855.8000,3855.6000,3858.0000,3858.4000,3858.6000,3859.0000,3859.2000,5,5,3,8,1,3,15,1,5,1
SF,IF2003,2019-11-29 09:34:07.600,3857.0000,15053,0,183958680.000,0,-,-,-,-,3856.4000,3856.0000,3855.8000,3855.6000,3855.0000,3857.8000,3858.0000,3858.4000,3858.6000,3859.0000,5,3,8,1,22,1,5,16,1,5
SF,IF2003,2019-11-29 09:34:08.100,3857.0000,15053,0,183958680.000,0,-,-,-,-,3856.4000,3856.0000,3855.8000,3855.6000,3855.0000,3857.6000,3857.8000,3858.0000,3858.4000,3858.6000,3,3,8,1,22,2,1,2,14,1
SF,IF2003,2019-11-29 09:34:08.600,3857.0000,15053,0,183958680.000,0,-,-,-,-,3856.6000,3856.4000,3856.0000,3855.8000,3855.6000,3857.6000,3857.8000,3858.0000,3858.4000,3858.6000,4,3,3,8,1,2,1,2,14,1
SF,IF2003,2019-11-29 09:34:09.100,3856.6000,15052,-1,185115660.000,1,0,1,双平,S,3856.6000,3856.4000,3855.6000,3855.0000,3854.8000,3857.6000,3857.8000,3858.0000,3858.4000,3858.6000,3,2,1,22,1,2,1,2,14,1
SF,IF2003,2019-11-29 09:34:10.100,3856.6000,15052,0,185115660.000,0,-,-,-,-,3856.4000,3855.6000,3855.0000,3854.8000,3854.4000,3857.6000,3857.8000,3858.0000,3858.4000,3858.6000,2,1,22,1,1,2,1,2,14,1
SF,IF2003,2019-11-29 09:34:10.600,3856.6000,15052,0,185115660.000,0,-,-,-,-,3856.8000,3856.4000,3855.6000,3855.0000,3854.8000,3857.4000,3857.6000,3858.0000,3858.4000,3858.6000,1,2,1,22,1,2,2,2,14,1
SF,IF2003,2019-11-29 09:34:11.100,3856.8000,15051,-1,186272700.000,1,0,1,双平,S,3856.4000,3855.6000,3855.0000,3854.8000,3854.4000,3857.2000,3857.4000,3857.6000,3858.4000,3858.6000,2,1,22,1,1,2,2,2,14,1
SF,IF2003,2019-11-29 09:34:11.600,3856.8000,15051,0,186272700.000,0,-,-,-,-,3856.4000,3855.6000,3855.0000,3854.8000,3854.4000,3857.2000,3857.4000,3857.6000,3858.4000,3858.6000,2,1,22,1,1,2,1,2,14,1
SF,IF2003,2019-11-29 09:34:12.100,3856.8000,15051,0,186272700.000,0,-,-,-,-,3856.4000,3855.6000,3855.0000,3854.8000,3854.4000,3857.0000,3857.2000,3857.6000,3858.4000,3858.6000,1,1,22,1,1,1,2,2,14,1
SF,IF2003,2019-11-29 09:34:12.600,3856.8000,15051,0,186272700.000,0,-,-,-,-,3856.4000,3855.6000,3855.0000,3854.8000,3854.4000,3857.0000,3857.2000,3857.6000,3858.4000,3858.6000,1,1,22,1,1,1,2,2,14,1
SF,IF2003,2019-11-29 09:34:13.100,3856.8000,15051,0,186272700.000,0,-,-,-,-,3856.4000,3855.6000,3855.0000,3854.8000,3854.4000,3857.0000,3857.2000,3857.6000,3858.4000,3858.6000,1,1,22,1,1,1,2,2,14,1
SF,IF2003,2019-11-29 09:34:14.600,3856.8000,15051,0,186272700.000,0,-,-,-,-,3856.4000,3855.6000,3855.0000,3854.8000,3854.4000,3856.8000,3857.2000,3858.4000,3858.6000,3859.0000,1,1,22,1,1,2,2,14,1,5
SF,IF2003,2019-11-29 09:34:15.100,3856.4000,15050,-1,187429620.000,1,0,1,双平,S,3855.6000,3855.0000,3854.8000,3854.4000,3854.2000,3856.8000,3857.2000,3858.4000,3858.6000,3859.0000,1,22,1,1,2,2,2,14,1,5
SF,IF2003,2019-11-29 09:34:15.600,3856.4000,15050,0,187429620.000,0,-,-,-,-,3855.8000,3855.6000,3855.0000,3854.8000,3854.4000,3857.2000,3858.4000,3858.6000,3859.0000,3859.2000,10,1,22,1,1,2,14,1,5,1
SF,IF2003,2019-11-29 09:34:16.100,3856.4000,15050,0,187429620.000,0,-,-,-,-,3855.8000,3855.6000,3855.0000,3854.8000,3854.4000,3857.0000,3857.2000,3858.4000,3858.6000,3859.0000,11,1,22,1,1,1,2,14,1,5
SF,IF2003,2019-11-29 09:34:16.600,3856.4000,15050,0,187429620.000,0,-,-,-,-,3856.0000,3855.8000,3855.6000,3855.0000,3854.8000,3857.2000,3858.4000,3858.6000,3859.0000,3859.2000,3,8,1,22,1,2,14,1,5,1
SF,IF2003,2019-11-29 09:34:17.100,3856.4000,15050,0,187429620.000,0,-,-,-,-,3856.2000,3856.0000,3855.8000,3855.6000,3855.0000,3857.2000,3858.4000,3858.6000,3859.0000,3859.2000,6,1,6,1,22,2,14,1,5,1
SF,IF2003,2019-11-29 09:34:17.600,3856.4000,15050,0,187429620.000,0,-,-,-,-,3856.2000,3855.8000,3855.6000,3855.0000,3854.8000,3857.2000,3858.4000,3858.6000,3859.0000,3859.2000,7,6,1,22,1,2,14,1,5,1
SF,IF2003,2019-11-29 09:34:19.100,3857.2000,15048,-2,189743940.000,2,0,2,双平,S,3856.4000,3856.2000,3855.8000,3855.6000,3855.0000,3858.4000,3858.6000,3859.0000,3859.2000,3859.8000,8,7,6,1,22,13,1,5,1,1
SF,IF2003,2019-11-29 09:34:19.600,3857.2000,15048,0,189743940.000,0,-,-,-,-,3856.6000,3856.4000,3856.2000,3855.8000,3855.6000,3858.2000,3858.4000,3858.6000,3859.0000,3859.2000,3,3,2,6,1,2,13,1,5,1
SF,IF2003,2019-11-29 09:34:20.100,3857.2000,15048,0,189743940.000,0,-,-,-,-,3856.8000,3856.6000,3856.4000,3856.2000,3855.8000,3858.0000,3858.2000,3858.4000,3858.6000,3859.0000,2,3,3,2,6,1,2,12,1,5
SF,IF2003,2019-11-29 09:34:20.600,3857.2000,15048,0,189743940.000,0,-,-,-,-,3856.8000,3856.6000,3856.4000,3856.2000,3855.8000,3858.0000,3858.2000,3858.4000,3858.6000,3859.0000,2,2,3,2,5,2,1,12,1,5
SF,IF2003,2019-11-29 09:34:21.100,3857.2000,15048,0,189743940.000,0,-,-,-,-,3857.0000,3856.8000,3856.6000,3856.4000,3856.2000,3858.0000,3858.4000,3858.6000,3859.0000,3859.2000,4,2,2,3,2,1,12,1,5,1
SF,IF2003,2019-11-29 09:34:21.600,3857.2000,15048,0,189743940.000,0,-,-,-,-,3857.0000,3856.8000,3856.6000,3856.4000,3856.2000,3858.0000,3858.4000,3858.6000,3859.0000,3859.2000,5,2,2,3,2,1,8,1,5,1
SF,IF2003,2019-11-29 09:34:22.100,3857.2000,15048,0,189743940.000,0,-,-,-,-,3857.0000,3856.8000,3856.6000,3856.4000,3856.2000,3858.4000,3858.6000,3859.0000,3859.2000,3859.8000,4,2,2,3,2,8,1,5,1,1
SF,IF2003,2019-11-29 09:34:22.600,3857.2000,15048,0,189743940.000,0,-,-,-,-,3857.0000,3856.8000,3856.6000,3856.4000,3856.2000,3858.2000,3858.4000,3858.6000,3859.0000,3859.2000,1,2,2,3,2,2,8,1,5,1
SF,IF2003,2019-11-29 09:34:23.100,3857.2000,15048,0,189743940.000,0,-,-,-,-,3856.6000,3856.4000,3856.2000,3855.6000,3855.0000,3857.8000,3858.0000,3858.2000,3858.4000,3858.6000,2,3,2,1,22,4,3,9,8,1
SF,IF2003,2019-11-29 09:34:23.600,3857.2000,15048,0,189743940.000,0,-,-,-,-,3856.6000,3856.4000,3856.2000,3855.6000,3855.0000,3858.0000,3858.2000,3858.4000,3858.6000,3859.0000,2,3,2,1,22,3,6,8,1,5
SF,IF2003,2019-11-29 09:34:24.100,3857.2000,15048,0,189743940.000,0,-,-,-,-,3856.6000,3856.4000,3856.2000,3855.6000,3855.0000,3857.8000,3858.0000,3858.2000,3858.4000,3858.6000,1,3,2,1,22,1,2,6,8,1
SF,IF2003,2019-11-29 09:34:24.600,3857.2000,15048,0,189743940.000,0,-,-,-,-,3856.6000,3856.4000,3856.2000,3855.6000,3855.0000,3857.6000,3858.0000,3858.2000,3858.4000,3858.6000,1,3,2,1,22,2,2,6,8,1
SF,IF2003,2019-11-29 09:34:25.100,3857.2000,15048,0,189743940.000,0,-,-,-,-,3856.2000,3855.6000,3855.0000,3854.8000,3854.4000,3857.2000,3857.4000,3857.6000,3858.0000,3858.2000,2,1,22,1,1,5,1,12,3,6
SF,IF2003,2019-11-29 09:34:25.600,3857.2000,15048,0,189743940.000,0,-,-,-,-,3856.2000,3855.6000,3855.0000,3854.8000,3854.4000,3857.6000,3858.0000,3858.2000,3858.4000,3858.6000,2,1,22,1,1,1,5,5,4,1
SF,IF2003,2019-11-29 09:34:26.100,3857.2000,15048,0,189743940.000,0,-,-,-,-,3856.2000,3855.6000,3855.0000,3854.8000,3854.4000,3857.0000,3857.6000,3858.0000,3858.2000,3858.4000,1,1,22,1,1,1,1,5,5,4
SF,IF2003,2019-11-29 09:34:26.600,3857.2000,15048,0,189743940.000,0,-,-,-,-,3856.2000,3855.6000,3855.0000,3854.8000,3854.4000,3857.0000,3858.0000,3858.2000,3858.4000,3858.6000,1,1,22,1,1,1,5,5,4,1
SF,IF2003,2019-11-29 09:34:27.600,3857.2000,15048,0,189743940.000,0,-,-,-,-,3856.4000,3856.2000,3855.6000,3855.0000,3854.8000,3858.0000,3858.2000,3858.4000,3858.6000,3859.0000,1,1,1,22,1,5,5,4,1,1
SF,IF2003,2019-11-29 09:34:28.100,3857.2000,15048,0,189743940.000,0,-,-,-,-,3856.4000,3856.2000,3855.6000,3855.0000,3854.8000,3857.8000,3858.0000,3858.2000,3858.4000,3858.6000,1,1,1,22,1,4,5,4,4,1
SF,IF2003,2019-11-29 09:34:29.100,3857.2000,15048,0,189743940.000,0,-,-,-,-,3856.4000,3856.2000,3855.6000,3855.0000,3854.8000,3857.6000,3857.8000,3858.0000,3858.2000,3858.4000,1,1,1,22,1,1,4,5,4,4
SF,IF2003,2019-11-29 09:34:29.600,3857.2000,15048,0,189743940.000,0,-,-,-,-,3856.4000,3856.2000,3855.6000,3855.0000,3854.8000,3857.0000,3857.2000,3857.4000,3857.6000,3857.8000,1,2,1,22,1,4,1,6,7,1
SF,IF2003,2019-11-29 09:34:30.100,3857.2000,15048,0,189743940.000,0,-,-,-,-,3856.4000,3856.2000,3855.6000,3855.0000,3854.8000,3857.4000,3857.6000,3857.8000,3858.0000,3858.2000,1,2,1,22,1,2,3,1,5,4
SF,IF2003,2019-11-29 09:34:30.600,3857.2000,15048,0,189743940.000,0,-,-,-,-,3856.2000,3855.6000,3855.0000,3854.8000,3854.4000,3857.4000,3857.6000,3857.8000,3858.0000,3858.2000,2,1,22,1,1,2,3,1,5,4
SF,IF2003,2019-11-29 09:34:31.100,3857.2000,15048,0,189743940.000,0,-,-,-,-,3856.6000,3856.4000,3856.2000,3855.6000,3855.0000,3857.4000,3857.6000,3858.0000,3858.2000,3858.4000,1,3,2,1,22,1,1,4,4,4
SF,IF2003,2019-11-29 09:34:31.600,3857.2000,15048,0,189743940.000,0,-,-,-,-,3856.6000,3856.4000,3856.2000,3855.6000,3855.0000,3857.4000,3857.6000,3858.0000,3858.2000,3858.4000,1,5,2,1,22,1,1,4,4,4
SF,IF2003,2019-11-29 09:34:32.100,3857.2000,15048,0,189743940.000,0,-,-,-,-,3856.2000,3855.6000,3855.0000,3854.8000,3854.4000,3857.4000,3857.6000,3858.0000,3858.2000,3858.4000,2,1,22,1,1,1,1,4,5,4
SF,IF2003,2019-11-29 09:34:33.100,3857.2000,15048,0,189743940.000,0,-,-,-,-,3856.2000,3855.6000,3855.2000,3855.0000,3854.8000,3857.4000,3857.6000,3858.0000,3858.2000,3858.4000,2,1,1,22,1,1,1,4,5,4
SF,IF2003,2019-11-29 09:34:33.600,3857.2000,15048,0,189743940.000,0,-,-,-,-,3856.4000,3856.2000,3855.6000,3855.2000,3855.0000,3857.4000,3857.6000,3858.0000,3858.2000,3858.4000,4,2,1,1,22,1,1,4,5,4
SF,IF2003,2019-11-29 09:34:34.100,3857.2000,15048,0,189743940.000,0,-,-,-,-,3856.4000,3856.2000,3855.6000,3855.2000,3855.0000,3857.2000,3857.4000,3857.6000,3858.0000,3858.2000,3,2,1,1,22,1,1,1,4,5
SF,IF2003,2019-11-29 09:34:34.600,3857.2000,15048,0,189743940.000,0,-,-,-,-,3856.4000,3856.2000,3855.6000,3855.2000,3855.0000,3857.6000,3858.0000,3858.2000,3858.4000,3858.6000,3,2,1,1,22,1,4,5,4,1
SF,IF2003,2019-11-29 09:34:35.600,3857.2000,15048,0,189743940.000,0,-,-,-,-,3856.6000,3856.4000,3856.2000,3855.6000,3855.2000,3858.0000,3858.2000,3858.4000,3858.6000,3859.0000,3,3,2,1,1,4,5,4,1,1
SF,IF2003,2019-11-29 09:34:36.100,3857.2000,15048,0,189743940.000,0,-,-,-,-,3856.4000,3856.2000,3855.6000,3855.2000,3855.0000,3857.4000,3857.6000,3857.8000,3858.0000,3858.2000,1,2,1,1,22,5,1,8,4,5
SF,IF2003,2019-11-29 09:34:36.600,3857.2000,15048,0,189743940.000,0,-,-,-,-,3856.4000,3856.2000,3855.6000,3855.2000,3855.0000,3857.4000,3857.8000,3858.0000,3858.2000,3858.4000,1,2,1,1,22,5,7,4,5,4
SF,IF2003,2019-11-29 09:34:38.600,3857.2000,15048,0,189743940.000,0,-,-,-,-,3856.4000,3856.2000,3855.6000,3855.2000,3855.0000,3857.4000,3857.8000,3858.0000,3858.2000,3858.4000,1,2,1,1,22,1,2,4,5,4
SF,IF2003,2019-11-29 09:34:39.600,3857.2000,15048,0,189743940.000,0,-,-,-,-,3856.6000,3856.4000,3856.2000,3855.6000,3855.2000,3857.4000,3857.8000,3858.0000,3858.2000,3858.4000,1,1,2,1,1,1,2,4,5,4
SF,IF2003,2019-11-29 09:34:40.100,3857.2000,15048,0,189743940.000,0,-,-,-,-,3856.4000,3856.2000,3855.6000,3855.2000,3855.0000,3857.4000,3857.8000,3858.0000,3858.2000,3858.4000,1,2,1,1,22,1,2,4,5,4
SF,IF2003,2019-11-29 09:34:40.600,3857.2000,15048,0,189743940.000,0,-,-,-,-,3856.4000,3856.2000,3855.6000,3855.2000,3855.0000,3857.8000,3858.0000,3858.2000,3858.4000,3858.6000,1,2,1,1,22,2,4,5,4,1
SF,IF2003,2019-11-29 09:34:41.100,3857.2000,15048,0,189743940.000,0,-,-,-,-,3856.4000,3856.2000,3855.6000,3855.2000,3855.0000,3857.6000,3857.8000,3858.0000,3858.2000,3858.4000,1,2,1,1,22,1,2,4,5,4
SF,IF2003,2019-11-29 09:34:41.600,3857.2000,15048,0,189743940.000,0,-,-,-,-,3856.4000,3856.2000,3855.6000,3855.2000,3855.0000,3857.4000,3857.8000,3858.0000,3858.2000,3858.4000,1,2,1,1,22,2,1,4,5,4
SF,IF2003,2019-11-29 09:34:44.600,3857.2000,15048,0,189743940.000,0,-,-,-,-,3856.4000,3856.2000,3855.6000,3855.2000,3855.0000,3857.4000,3857.8000,3858.0000,3858.2000,3858.4000,1,2,1,1,22,2,1,4,5,4
SF,IF2003,2019-11-29 09:34:46.600,3857.2000,15048,0,189743940.000,0,-,-,-,-,3856.4000,3856.2000,3855.6000,3855.2000,3855.0000,3857.4000,3857.8000,3858.0000,3858.2000,3858.4000,1,2,1,1,22,1,1,4,5,4
SF,IF2003,2019-11-29 09:34:47.100,3856.6000,15048,0,190900920.000,1,0,1,多换,S,3856.6000,3856.4000,3856.2000,3855.6000,3855.2000,3857.8000,3858.2000,3858.4000,3858.6000,3859.0000,1,2,2,1,1,1,5,4,1,1
SF,IF2003,2019-11-29 09:34:47.600,3856.6000,15048,0,190900920.000,0,-,-,-,-,3856.8000,3856.4000,3856.2000,3855.6000,3855.2000,3857.8000,3858.2000,3858.4000,3858.6000,3859.0000,5,2,2,1,1,1,5,4,1,1
SF,IF2003,2019-11-29 09:34:48.100,3856.6000,15048,0,190900920.000,0,-,-,-,-,3856.8000,3856.4000,3856.2000,3855.6000,3855.2000,3858.2000,3858.6000,3859.0000,3859.2000,3859.8000,5,2,2,1,1,5,1,1,1,1
SF,IF2003,2019-11-29 09:34:48.600,3856.6000,15048,0,190900920.000,0,-,-,-,-,3856.8000,3856.4000,3856.2000,3855.6000,3855.2000,3858.6000,3859.0000,3859.2000,3859.8000,3860.0000,5,2,2,1,1,1,1,1,1,2
SF,IF2003,2019-11-29 09:34:49.100,3856.6000,15048,0,190900920.000,0,-,-,-,-,3856.8000,3856.4000,3856.2000,3855.6000,3855.2000,3858.2000,3858.4000,3858.6000,3859.0000,3859.2000,5,2,2,1,1,4,2,1,1,1
SF,IF2003,2019-11-29 09:34:49.600,3856.6000,15048,0,190900920.000,0,-,-,-,-,3857.0000,3856.8000,3856.4000,3856.2000,3855.6000,3858.4000,3858.6000,3859.0000,3859.2000,3859.8000,1,5,2,2,1,2,1,1,1,1
SF,IF2003,2019-11-29 09:34:50.100,3856.6000,15048,0,190900920.000,0,-,-,-,-,3857.2000,3857.0000,3856.8000,3856.4000,3856.2000,3858.4000,3858.6000,3859.0000,3859.2000,3859.8000,1,1,4,2,2,2,1,1,1,1
SF,IF2003,2019-11-29 09:34:50.600,3856.6000,15048,0,190900920.000,0,-,-,-,-,3857.4000,3857.2000,3857.0000,3856.8000,3856.4000,3858.4000,3858.6000,3859.0000,3859.2000,3859.8000,3,1,1,1,2,2,1,1,1,1
SF,IF2003,2019-11-29 09:34:51.100,3856.6000,15048,0,190900920.000,0,-,-,-,-,3857.4000,3857.2000,3857.0000,3856.8000,3856.4000,3858.4000,3858.6000,3859.0000,3859.2000,3859.8000,3,1,1,1,1,2,1,1,1,1
SF,IF2003,2019-11-29 09:34:51.600,3856.6000,15048,0,190900920.000,0,-,-,-,-,3857.4000,3857.2000,3857.0000,3856.8000,3856.4000,3858.4000,3858.6000,3859.0000,3859.2000,3859.8000,3,1,1,1,1,2,1,1,1,1
SF,IF2003,2019-11-29 09:34:52.100,3856.6000,15048,0,193214880.000,2,1,1,多换,S,3857.4000,3857.2000,3857.0000,3856.8000,3856.4000,3858.2000,3858.4000,3858.6000,3859.0000,3859.2000,1,1,1,1,1,1,1,1,1,1
SF,IF2003,2019-11-29 09:34:52.600,3856.6000,15048,0,193214880.000,0,-,-,-,-,3857.2000,3857.0000,3856.8000,3856.4000,3856.2000,3858.0000,3858.2000,3858.4000,3858.6000,3859.0000,1,1,1,1,2,1,2,1,1,1
SF,IF2003,2019-11-29 09:34:53.100,3856.6000,15048,0,193214880.000,0,-,-,-,-,3857.6000,3857.2000,3857.0000,3856.8000,3856.4000,3858.0000,3858.2000,3858.4000,3858.6000,3859.0000,1,1,1,1,1,1,1,1,1,1
SF,IF2003,2019-11-29 09:34:53.600,3857.6000,15047,-1,194372160.000,1,0,1,双平,S,3856.8000,3856.4000,3856.2000,3855.6000,3855.2000,3857.6000,3857.8000,3858.0000,3858.4000,3858.6000,1,1,2,1,1,1,1,1,1,1
SF,IF2003,2019-11-29 09:34:54.100,3857.6000,15046,-1,195529440.000,1,0,1,双平,S,3856.8000,3856.4000,3856.2000,3855.6000,3855.2000,3858.0000,3858.4000,3858.6000,3859.0000,3859.2000,1,1,2,1,1,1,1,1,1,1
SF,IF2003,2019-11-29 09:34:54.600,3857.6000,15046,0,195529440.000,0,-,-,-,-,3857.0000,3856.8000,3856.4000,3856.2000,3855.6000,3858.2000,3858.6000,3859.0000,3859.2000,3859.8000,3,1,1,2,1,1,1,1,1,1
SF,IF2003,2019-11-29 09:34:55.100,3858.2000,15045,-1,196686900.000,1,0,1,双平,S,3857.2000,3857.0000,3856.8000,3856.4000,3856.2000,3858.6000,3859.0000,3859.2000,3859.8000,3860.0000,2,7,1,1,2,1,1,1,1,2
SF,IF2003,2019-11-29 09:34:55.600,3858.2000,15045,0,196686900.000,0,-,-,-,-,3857.4000,3857.2000,3857.0000,3856.8000,3856.4000,3858.6000,3859.2000,3859.8000,3860.0000,3862.0000,2,2,5,1,1,1,1,1,2,1
SF,IF2003,2019-11-29 09:34:56.100,3858.2000,15045,0,196686900.000,0,-,-,-,-,3857.4000,3857.2000,3857.0000,3856.8000,3856.4000,3858.4000,3858.6000,3859.2000,3859.8000,3860.0000,2,1,1,1,1,2,1,1,1,2
SF,IF2003,2019-11-29 09:34:56.600,3858.2000,15045,0,196686900.000,0,-,-,-,-,3857.6000,3857.4000,3857.2000,3857.0000,3856.8000,3858.6000,3859.2000,3859.8000,3860.0000,3862.0000,1,2,1,1,1,1,1,1,2,1
SF,IF2003,2019-11-29 09:34:57.100,3858.2000,15045,0,196686900.000,0,-,-,-,-,3857.6000,3857.4000,3857.2000,3857.0000,3856.8000,3858.6000,3859.2000,3859.8000,3860.0000,3862.0000,1,1,1,1,1,1,1,1,2,1
