市场代码,合约代码,时间,最新,持仓,增仓,成交额,成交量,开仓,平仓,成交类型,方向,买一价,买二价,买三价,买四价,买五价,卖一价,卖二价,卖三价,卖四价,卖五价,买一量,买二量,买三量,买四量,买五量,卖一量,卖二量,卖三量,卖四量,卖五量
SF,IF2003,2019-12-31 09:29:00.300,4100.0000,36841,0,71340000.000,58.000,-,-,-,-,4100.0000,4099.8000,4099.6000,4099.4000,4099.2000,4102.8000,4103.8000,4104.2000,4104.6000,4107.0000,2,4,3,3,3,1,2,1,1,2
SF,IF2003,2019-12-31 09:30:00.300,4102.8000,36835,-6,79955880.000,7,0,7,多平,S,4103.0000,4102.8000,4101.6000,4101.0000,4100.6000,4103.8000,4104.2000,4105.8000,4107.0000,4107.4000,1,8,1,3,1,2,1,2,2,2
SF,IF2003,2019-12-31 09:30:00.800,4102.8000,36830,-5,88571820.000,7,1,6,多平,S,4102.8000,4101.2000,4101.0000,4100.6000,4100.4000,4103.4000,4103.6000,4103.8000,4104.2000,4105.6000,4,1,4,1,1,5,5,3,1,2
SF,IF2003,2019-12-31 09:30:01.300,4102.8000,36828,-2,93495180.000,4,1,3,多平,S,4101.2000,4101.0000,4100.6000,4100.4000,4100.2000,4103.0000,4103.2000,4103.4000,4103.6000,4103.8000,1,4,1,1,3,1,4,5,5,3
SF,IF2003,2019-12-31 09:30:01.800,4102.8000,36827,-1,95956440.000,2,0,2,多平,S,4101.4000,4101.2000,4101.0000,4100.6000,4100.4000,4102.8000,4103.0000,4103.2000,4103.4000,4103.8000,1,1,2,1,1,8,3,4,5,3
SF,IF2003,2019-12-31 09:30:02.300,4102.8000,36827,0,97187280.000,1,0,1,多换,S,4101.4000,4101.2000,4101.0000,4100.4000,4100.2000,4102.6000,4102.8000,4103.0000,4103.2000,4103.4000,1,1,3,1,2,3,8,1,4,5
SF,IF2003,2019-12-31 09:30:02.800,4102.8000,36827,0,97187280.000,0,-,-,-,-,4101.6000,4101.4000,4101.2000,4101.0000,4100.4000,4102.4000,4102.6000,4102.8000,4103.0000,4103.4000,1,1,1,3,2,4,1,7,1,5
SF,IF2003,2019-12-31 09:30:03.300,4101.8000,36826,-1,98417820.000,1,0,1,双平,S,4101.6000,4101.2000,4101.0000,4100.4000,4100.2000,4102.2000,4102.4000,4102.6000,4102.8000,4103.0000,1,1,3,2,2,2,3,1,7,1
SF,IF2003,2019-12-31 09:30:03.800,4101.8000,36826,0,98417820.000,0,-,-,-,-,4101.6000,4101.2000,4101.0000,4100.4000,4100.2000,4102.0000,4102.2000,4102.4000,4102.6000,4102.8000,1,1,3,1,2,3,2,4,1,6
SF,IF2003,2019-12-31 09:30:04.300,4101.8000,36825,-1,100878960.000,2,0,2,多平,S,4101.2000,4101.0000,4100.4000,4100.2000,4100.0000,4102.0000,4102.2000,4102.4000,4102.6000,4102.8000,1,3,1,2,8,2,2,4,1,6
SF,IF2003,2019-12-31 09:30:04.800,4101.8000,36824,-1,104570400.000,3,1,2,多平,S,4101.2000,4101.0000,4100.4000,4100.2000,4100.0000,4102.0000,4102.2000,4102.4000,4102.6000,4102.8000,1,3,1,2,8,2,1,3,1,5
SF,IF2003,2019-12-31 09:30:05.300,4102.0000,36823,-1,107031540.000,2,0,2,多平,S,4101.2000,4101.0000,4100.4000,4100.2000,4100.0000,4102.0000,4102.2000,4102.4000,4102.6000,4102.8000,1,3,1,2,8,1,1,3,1,3
SF,IF2003,2019-12-31 09:30:05.800,4101.0000,36822,-1,109492200.000,2,0,2,多平,S,4101.0000,4100.4000,4100.2000,4100.0000,4099.8000,4101.4000,4101.6000,4101.8000,4102.0000,4102.2000,2,1,2,9,4,5,3,1,1,1
SF,IF2003,2019-12-31 09:30:06.300,4101.0000,36822,0,110722500.000,1,0,1,多换,S,4101.2000,4101.0000,4100.4000,4100.2000,4100.0000,4101.6000,4101.8000,4102.0000,4102.2000,4102.4000,2,1,1,2,8,5,1,1,1,3
SF,IF2003,2019-12-31 09:30:06.800,4101.0000,36817,-5,118104660.000,6,0,6,多平,S,4100.4000,4100.2000,4100.0000,4099.8000,4099.6000,4101.2000,4101.4000,4101.6000,4101.8000,4102.0000,1,2,8,4,3,1,1,4,1,1
SF,IF2003,2019-12-31 09:30:07.300,4101.2000,36817,0,119335020.000,1,0,1,多换,S,4100.4000,4100.2000,4100.0000,4099.8000,4099.6000,4101.6000,4101.8000,4102.0000,4102.8000,4103.0000,1,2,8,4,3,4,1,1,2,1
SF,IF2003,2019-12-31 09:30:07.800,4100.6000,36816,-1,120565200.000,1,0,1,双平,S,4100.6000,4100.4000,4100.2000,4100.0000,4099.8000,4101.6000,4101.8000,4102.0000,4102.8000,4103.0000,1,1,2,8,4,4,1,1,2,1
SF,IF2003,2019-12-31 09:30:08.300,4102.0000,36815,-1,129178680.000,7,3,4,多平,S,4101.6000,4100.6000,4100.4000,4100.2000,4100.0000,4102.8000,4103.0000,4103.4000,4103.8000,4104.2000,1,1,2,2,8,2,1,5,1,1
SF,IF2003,2019-12-31 09:30:08.800,4102.0000,36815,0,129178680.000,0,-,-,-,-,4101.6000,4100.8000,4100.6000,4100.4000,4100.2000,4101.8000,4102.2000,4102.6000,4102.8000,4103.0000,1,1,1,2,2,1,1,3,3,1
SF,IF2003,2019-12-31 09:30:09.300,4101.6000,36814,-1,131639640.000,2,0,2,多平,S,4100.8000,4100.6000,4100.4000,4100.2000,4100.0000,4101.6000,4102.2000,4102.6000,4102.8000,4103.0000,1,1,2,2,8,2,1,2,3,1
SF,IF2003,2019-12-31 09:30:09.800,4101.4000,36813,-1,136561140.000,4,1,3,多平,S,4100.6000,4100.4000,4100.2000,4100.0000,4099.8000,4101.4000,4101.6000,4102.2000,4102.6000,4102.8000,1,2,2,8,4,1,1,1,1,3
SF,IF2003,2019-12-31 09:30:10.300,4101.6000,36810,-3,142712520.000,5,1,4,多平,S,4100.4000,4100.2000,4100.0000,4099.8000,4099.6000,4102.2000,4102.6000,4102.8000,4103.0000,4103.4000,2,2,8,4,3,1,1,3,1,5
SF,IF2003,2019-12-31 09:30:10.800,4100.4000,36808,-2,145172760.000,2,0,2,双平,S,4100.6000,4100.2000,4100.0000,4099.8000,4099.6000,4102.0000,4102.2000,4102.6000,4102.8000,4103.0000,2,3,8,6,3,3,3,1,3,1
SF,IF2003,2019-12-31 09:30:11.300,4100.4000,36808,0,145172760.000,0,-,-,-,-,4101.6000,4100.6000,4100.2000,4100.0000,4099.8000,4102.0000,4102.2000,4102.6000,4102.8000,4103.0000,1,2,3,8,6,2,3,1,3,1
SF,IF2003,2019-12-31 09:30:11.800,4100.6000,36808,0,153785220.000,7,3,4,多换,S,4100.2000,4100.0000,4099.8000,4099.6000,4099.4000,4100.6000,4102.2000,4102.6000,4102.8000,4103.0000,3,8,6,3,3,6,3,1,3,1
SF,IF2003,2019-12-31 09:30:12.300,4100.6000,36807,-1,162396480.000,7,3,4,多平,S,4100.6000,4100.4000,4100.2000,4100.0000,4099.8000,4101.6000,4102.2000,4102.6000,4102.8000,4103.0000,3,10,3,9,6,1,3,1,3,1
SF,IF2003,2019-12-31 09:30:12.800,4101.6000,36806,-1,164857140.000,2,0,2,多平,S,4100.6000,4100.4000,4100.2000,4100.0000,4099.8000,4102.2000,4102.6000,4102.8000,4103.0000,4103.8000,2,4,3,9,6,1,1,3,1,1
SF,IF2003,2019-12-31 09:30:13.300,4102.0000,36803,-3,169778460.000,4,0,4,多平,S,4100.8000,4100.6000,4100.4000,4100.2000,4100.0000,4102.2000,4102.6000,4102.8000,4103.0000,4103.8000,1,2,2,3,9,1,1,3,1,1
SF,IF2003,2019-12-31 09:30:13.800,4102.0000,36803,0,169778460.000,0,-,-,-,-,4100.8000,4100.6000,4100.4000,4100.2000,4100.0000,4102.0000,4102.8000,4103.0000,4103.8000,4104.2000,2,2,2,3,9,1,2,1,1,1
SF,IF2003,2019-12-31 09:30:14.300,4102.0000,36803,0,171009060.000,1,0,1,多换,S,4101.0000,4100.8000,4100.6000,4100.4000,4100.2000,4102.8000,4103.0000,4103.8000,4104.2000,4104.6000,3,2,2,2,3,2,1,1,1,2
SF,IF2003,2019-12-31 09:30:14.800,4101.2000,36803,0,172239420.000,1,0,1,多换,S,4101.2000,4101.0000,4100.8000,4100.6000,4100.2000,4102.4000,4102.6000,4102.8000,4103.0000,4103.8000,1,3,1,2,3,1,1,2,1,1
SF,IF2003,2019-12-31 09:30:15.300,4102.8000,36797,-6,182084400.000,8,1,7,多平,S,4100.8000,4100.6000,4100.2000,4100.0000,4099.8000,4103.0000,4103.8000,4104.2000,4104.6000,4105.4000,2,2,3,9,6,1,1,1,2,2
SF,IF2003,2019-12-31 09:30:15.800,4101.0000,36795,-2,184545060.000,2,0,2,双平,S,4101.0000,4100.8000,4100.6000,4100.2000,4100.0000,4102.8000,4103.0000,4103.8000,4104.2000,4104.6000,2,2,2,3,9,9,1,1,1,2
SF,IF2003,2019-12-31 09:30:16.300,4102.8000,36795,0,190699320.000,5,2,3,多换,S,4101.0000,4100.8000,4100.6000,4100.2000,4100.0000,4104.2000,4104.6000,4105.4000,4105.6000,4105.8000,2,2,2,3,8,1,2,2,2,2
SF,IF2003,2019-12-31 09:30:16.800,4102.8000,36795,0,190699320.000,0,-,-,-,-,4101.6000,4101.4000,4101.2000,4101.0000,4100.8000,4103.4000,4103.8000,4104.0000,4104.2000,4104.6000,1,1,4,1,3,2,2,8,1,2
SF,IF2003,2019-12-31 09:30:17.300,4102.8000,36795,0,190699320.000,0,-,-,-,-,4101.8000,4101.6000,4101.4000,4101.2000,4100.8000,4103.4000,4103.8000,4104.0000,4104.2000,4104.6000,2,1,1,3,2,2,2,6,1,2
SF,IF2003,2019-12-31 09:30:17.800,4103.4000,36795,0,191930340.000,1,0,1,多换,S,4102.0000,4101.8000,4101.6000,4101.4000,4101.2000,4103.8000,4104.0000,4104.2000,4104.6000,4105.4000,1,2,1,1,2,1,6,1,2,2
SF,IF2003,2019-12-31 09:30:18.300,4103.4000,36795,0,191930340.000,0,-,-,-,-,4102.2000,4102.0000,4101.6000,4101.4000,4101.2000,4104.0000,4104.2000,4104.6000,4105.4000,4105.6000,2,1,1,1,2,6,1,2,2,2
SF,IF2003,2019-12-31 09:30:18.800,4103.6000,36795,0,193161420.000,1,0,1,多换,S,4102.2000,4102.0000,4101.6000,4101.4000,4101.2000,4103.8000,4104.0000,4104.2000,4104.6000,4105.4000,2,1,1,1,2,1,6,1,2,2
SF,IF2003,2019-12-31 09:30:19.300,4103.6000,36795,0,193161420.000,0,-,-,-,-,4102.8000,4102.4000,4102.2000,4101.6000,4101.4000,4104.0000,4104.2000,4104.6000,4105.4000,4105.6000,1,1,2,1,1,6,1,2,2,2
SF,IF2003,2019-12-31 09:30:19.800,4103.6000,36795,0,193161420.000,0,-,-,-,-,4103.0000,4102.8000,4102.4000,4101.6000,4101.4000,4104.0000,4104.2000,4104.6000,4105.4000,4105.6000,2,1,1,1,1,7,1,2,2,2
SF,IF2003,2019-12-31 09:30:20.300,4104.0000,36795,0,199317420.000,5,2,3,多换,S,4103.0000,4102.8000,4101.6000,4101.4000,4101.2000,4104.0000,4104.2000,4104.6000,4105.4000,4105.6000,8,1,1,1,2,2,1,2,2,2
SF,IF2003,2019-12-31 09:30:20.800,4104.0000,36795,0,199317420.000,0,-,-,-,-,4103.0000,4102.8000,4101.6000,4101.4000,4101.2000,4104.0000,4104.2000,4104.6000,4105.4000,4105.6000,8,1,1,1,2,1,1,2,2,2
SF,IF2003,2019-12-31 09:30:21.300,4104.0000,36795,0,199317420.000,0,-,-,-,-,4103.0000,4102.8000,4101.6000,4101.4000,4101.2000,4104.0000,4104.2000,4104.6000,4105.4000,4105.6000,8,1,1,1,2,1,1,2,2,2
SF,IF2003,2019-12-31 09:30:21.800,4104.0000,36794,-1,200548620.000,1,0,1,双平,S,4103.0000,4102.8000,4101.6000,4101.4000,4101.2000,4104.2000,4104.6000,4105.4000,4105.6000,4105.8000,8,1,1,1,2,1,2,2,2,2
SF,IF2003,2019-12-31 09:30:22.300,4104.0000,36794,0,200548620.000,0,-,-,-,-,4104.0000,4103.2000,4103.0000,4102.8000,4101.6000,4104.2000,4104.6000,4105.4000,4105.6000,4105.8000,1,1,8,1,1,1,2,2,2,2
SF,IF2003,2019-12-31 09:30:22.800,4104.0000,36794,0,201779820.000,1,0,1,多换,S,4103.2000,4103.0000,4102.8000,4101.6000,4101.4000,4104.2000,4105.4000,4105.6000,4105.8000,4106.8000,1,7,1,1,1,1,2,2,2,1
SF,IF2003,2019-12-31 09:30:23.300,4103.4000,36791,-3,205473120.000,3,0,3,双平,S,4103.4000,4103.2000,4103.0000,4102.8000,4102.6000,4105.4000,4105.6000,4105.8000,4106.8000,4107.0000,3,1,5,1,2,2,2,2,1,2
SF,IF2003,2019-12-31 09:30:23.800,4103.4000,36791,0,205473120.000,0,-,-,-,-,4103.6000,4103.4000,4103.2000,4103.0000,4102.8000,4105.2000,4105.4000,4105.6000,4105.8000,4106.8000,1,3,1,5,1,9,3,3,2,1
SF,IF2003,2019-12-31 09:30:24.300,4103.2000,36789,-2,210397140.000,4,1,3,多平,S,4103.0000,4102.8000,4102.6000,4101.6000,4101.4000,4105.2000,4105.4000,4105.6000,4105.8000,4106.8000,5,1,2,1,1,4,3,3,2,1
SF,IF2003,2019-12-31 09:30:24.800,4104.8000,36789,0,211628580.000,1,0,1,多换,S,4103.2000,4103.0000,4102.8000,4102.6000,4101.6000,4105.0000,4105.2000,4105.4000,4105.6000,4105.8000,9,5,1,2,1,2,2,3,3,2
SF,IF2003,2019-12-31 09:30:25.300,4103.4000,36787,-2,214090620.000,2,0,2,双平,S,4103.4000,4103.2000,4103.0000,4102.8000,4102.6000,4104.8000,4105.0000,4105.2000,4105.4000,4105.6000,1,9,5,1,2,1,2,1,2,2
SF,IF2003,2019-12-31 09:30:25.800,4103.4000,36787,0,214090620.000,0,-,-,-,-,4103.6000,4103.2000,4103.0000,4102.8000,4102.6000,4104.6000,4104.8000,4105.0000,4105.2000,4105.4000,1,6,5,1,2,1,1,2,1,2
SF,IF2003,2019-12-31 09:30:26.300,4104.4000,36786,-1,215321940.000,1,0,1,双平,S,4103.8000,4103.2000,4103.0000,4102.8000,4102.6000,4104.6000,4104.8000,4105.0000,4105.4000,4105.6000,1,1,5,3,2,4,2,1,2,2
SF,IF2003,2019-12-31 09:30:26.800,4103.8000,36786,0,216553080.000,1,0,1,多换,S,4103.2000,4103.0000,4102.8000,4102.6000,4101.6000,4104.6000,4104.8000,4105.0000,4105.4000,4105.6000,1,5,3,2,1,1,1,1,2,2
SF,IF2003,2019-12-31 09:30:27.300,4103.8000,36786,0,216553080.000,0,-,-,-,-,4103.4000,4103.2000,4103.0000,4102.8000,4102.6000,4104.6000,4104.8000,4105.0000,4105.4000,4105.6000,3,1,5,3,2,3,1,1,2,2
SF,IF2003,2019-12-31 09:30:27.800,4103.8000,36786,0,216553080.000,0,-,-,-,-,4103.4000,4103.2000,4103.0000,4102.8000,4102.6000,4104.8000,4105.0000,4105.4000,4105.6000,4105.8000,3,1,5,3,2,1,1,2,2,2
SF,IF2003,2019-12-31 09:30:28.300,4103.8000,36786,0,216553080.000,0,-,-,-,-,4103.4000,4103.2000,4103.0000,4102.8000,4102.6000,4104.6000,4104.8000,4105.0000,4105.4000,4105.6000,1,1,5,3,2,2,5,1,2,2
SF,IF2003,2019-12-31 09:30:28.800,4103.8000,36786,0,216553080.000,0,-,-,-,-,4103.0000,4102.8000,4102.6000,4101.6000,4101.4000,4104.4000,4104.6000,4104.8000,4105.0000,4105.4000,5,3,2,1,1,1,2,5,1,2
SF,IF2003,2019-12-31 09:30:29.300,4103.8000,36786,0,216553080.000,0,-,-,-,-,4104.0000,4103.2000,4103.0000,4102.8000,4102.6000,4104.2000,4104.4000,4104.6000,4104.8000,4105.0000,5,2,5,3,2,1,3,2,2,1
SF,IF2003,2019-12-31 09:30:29.800,4104.0000,36781,-5,222709080.000,5,0,5,双平,S,4103.2000,4103.0000,4102.8000,4102.6000,4101.6000,4104.4000,4104.6000,4104.8000,4105.0000,4105.4000,1,5,3,2,1,3,1,1,1,2
SF,IF2003,2019-12-31 09:30:30.300,4104.0000,36781,0,222709080.000,0,-,-,-,-,4103.2000,4103.0000,4102.8000,4102.6000,4101.6000,4104.2000,4104.4000,4104.6000,4104.8000,4105.0000,1,5,3,3,1,2,1,1,1,1
SF,IF2003,2019-12-31 09:30:30.800,4104.0000,36781,0,222709080.000,0,-,-,-,-,4103.2000,4103.0000,4102.8000,4102.6000,4101.6000,4104.2000,4104.4000,4104.6000,4105.0000,4105.4000,1,5,3,3,1,2,1,1,1,2
SF,IF2003,2019-12-31 09:30:31.300,4104.2000,36779,-2,225171600.000,2,0,2,双平,S,4103.4000,4103.0000,4102.8000,4102.6000,4101.6000,4104.0000,4105.0000,4105.4000,4105.6000,4105.8000,1,5,3,3,1,2,1,2,2,2
SF,IF2003,2019-12-31 09:30:31.800,4104.2000,36778,-1,226402860.000,1,0,1,双平,S,4103.0000,4102.8000,4102.6000,4101.6000,4101.4000,4104.0000,4105.4000,4105.6000,4105.8000,4106.8000,5,3,3,1,1,1,2,2,2,1
SF,IF2003,2019-12-31 09:30:32.300,4104.2000,36778,0,226402860.000,0,-,-,-,-,4103.2000,4103.0000,4102.8000,4102.6000,4101.6000,4104.0000,4104.4000,4105.4000,4105.6000,4105.8000,6,5,3,3,1,1,1,2,2,2
SF,IF2003,2019-12-31 09:30:32.800,4104.0000,36777,-1,227634060.000,1,0,1,双平,S,4103.2000,4103.0000,4102.8000,4102.6000,4101.6000,4103.8000,4104.0000,4104.2000,4104.4000,4105.4000,5,5,3,3,1,1,2,1,1,2
SF,IF2003,2019-12-31 09:30:33.300,4104.0000,36777,0,227634060.000,0,-,-,-,-,4103.0000,4102.8000,4102.6000,4101.6000,4101.4000,4103.8000,4104.0000,4104.2000,4104.4000,4105.4000,5,3,3,1,1,1,2,1,1,2
SF,IF2003,2019-12-31 09:30:33.800,4104.0000,36777,0,227634060.000,0,-,-,-,-,4103.0000,4102.8000,4102.6000,4101.6000,4101.4000,4103.6000,4103.8000,4104.0000,4104.2000,4104.4000,5,3,2,1,1,1,1,2,1,1
SF,IF2003,2019-12-31 09:30:34.300,4104.0000,36777,0,227634060.000,0,-,-,-,-,4103.0000,4102.8000,4102.6000,4101.8000,4101.6000,4103.6000,4103.8000,4104.0000,4104.2000,4104.4000,5,3,2,1,1,1,1,2,1,1
SF,IF2003,2019-12-31 09:30:35.300,4103.6000,36777,0,228865140.000,1,0,1,多换,S,4103.0000,4102.8000,4102.6000,4101.8000,4101.6000,4103.8000,4104.0000,4104.2000,4104.4000,4105.4000,5,3,2,1,1,1,2,1,1,2
SF,IF2003,2019-12-31 09:30:36.300,4103.8000,36777,0,230096280.000,1,0,1,多换,S,4103.0000,4102.8000,4102.6000,4101.8000,4101.6000,4104.0000,4104.2000,4104.4000,4105.4000,4105.6000,5,3,2,1,1,2,1,1,2,2
SF,IF2003,2019-12-31 09:30:36.800,4103.8000,36777,0,230096280.000,0,-,-,-,-,4103.0000,4102.8000,4102.6000,4101.8000,4101.6000,4103.8000,4104.2000,4104.4000,4105.4000,4105.6000,5,3,2,1,1,2,1,1,2,2
SF,IF2003,2019-12-31 09:30:37.300,4103.8000,36777,0,231327420.000,1,0,1,多换,S,4103.0000,4102.8000,4102.6000,4102.0000,4101.8000,4103.8000,4104.2000,4104.4000,4105.4000,4105.6000,5,3,2,1,1,1,1,1,2,2
SF,IF2003,2019-12-31 09:30:37.800,4103.2000,36776,-1,232558380.000,1,0,1,双平,S,4103.2000,4103.0000,4102.8000,4102.6000,4102.0000,4103.8000,4104.2000,4104.4000,4105.4000,4105.6000,1,5,3,2,1,1,1,1,2,2
SF,IF2003,2019-12-31 09:30:38.300,4103.8000,36775,-1,233789520.000,1,0,1,双平,S,4103.8000,4103.2000,4103.0000,4102.8000,4102.6000,4104.2000,4104.4000,4105.4000,4105.6000,4105.8000,1,1,5,3,2,1,1,2,2,2
SF,IF2003,2019-12-31 09:30:38.800,4103.8000,36775,0,235020660.000,1,0,1,多换,S,4103.2000,4103.0000,4102.8000,4102.6000,4102.0000,4103.8000,4104.2000,4104.4000,4105.4000,4105.6000,1,5,3,2,1,1,1,1,2,2
SF,IF2003,2019-12-31 09:30:39.300,4103.8000,36775,0,236251800.000,1,0,1,多换,S,4103.8000,4103.2000,4103.0000,4102.8000,4102.6000,4104.2000,4104.4000,4105.4000,4105.6000,4105.8000,1,1,5,3,2,1,1,2,2,2
SF,IF2003,2019-12-31 09:30:39.800,4103.8000,36772,-3,239945220.000,3,0,3,双平,S,4103.2000,4103.0000,4102.8000,4102.6000,4102.0000,4104.2000,4104.4000,4105.4000,4105.6000,4105.8000,1,5,3,2,1,1,1,2,2,2
SF,IF2003,2019-12-31 09:30:40.300,4104.2000,36771,-1,241176480.000,1,0,1,双平,S,4104.2000,4103.8000,4103.4000,4103.2000,4103.0000,4104.4000,4105.4000,4105.6000,4105.8000,4106.8000,2,5,1,1,5,1,2,2,2,1
SF,IF2003,2019-12-31 09:30:40.800,4104.2000,36769,-2,243639000.000,2,0,2,双平,S,4103.8000,4103.4000,4103.0000,4102.8000,4102.6000,4104.4000,4105.4000,4105.6000,4105.8000,4106.8000,5,1,5,3,2,1,2,2,2,1
SF,IF2003,2019-12-31 09:30:41.300,4104.2000,36769,0,243639000.000,0,-,-,-,-,4103.8000,4103.6000,4103.4000,4103.0000,4102.8000,4104.4000,4105.4000,4105.6000,4105.8000,4106.8000,6,1,1,5,3,1,2,2,2,1
SF,IF2003,2019-12-31 09:30:41.800,4104.4000,36767,-2,247332960.000,3,0,3,多平,S,4103.8000,4103.6000,4103.4000,4103.0000,4102.8000,4105.4000,4105.6000,4105.8000,4106.8000,4107.0000,6,1,1,5,3,2,2,2,1,2
SF,IF2003,2019-12-31 09:30:42.300,4104.4000,36767,0,247332960.000,0,-,-,-,-,4104.0000,4103.8000,4103.6000,4103.0000,4102.8000,4105.2000,4105.4000,4105.6000,4105.8000,4106.8000,3,6,1,5,3,6,3,3,2,1
SF,IF2003,2019-12-31 09:30:42.800,4104.4000,36767,0,247332960.000,0,-,-,-,-,4104.2000,4104.0000,4103.8000,4103.6000,4103.0000,4105.2000,4105.4000,4105.6000,4105.8000,4106.8000,2,2,7,1,5,2,3,3,2,1
SF,IF2003,2019-12-31 09:30:43.300,4105.2000,36766,-1,248564520.000,1,0,1,双平,S,4105.0000,4104.4000,4104.2000,4103.8000,4103.6000,4105.2000,4105.6000,4105.8000,4106.8000,4107.0000,1,1,2,7,1,1,2,2,1,3
SF,IF2003,2019-12-31 09:30:43.800,4105.0000,36765,-1,249796020.000,1,0,1,双平,S,4104.4000,4104.2000,4103.8000,4103.6000,4103.0000,4105.0000,4105.2000,4105.4000,4105.6000,4105.8000,1,2,7,1,6,3,1,1,2,2
SF,IF2003,2019-12-31 09:30:44.300,4105.0000,36764,-1,251027520.000,1,0,1,双平,S,4104.4000,4104.2000,4103.8000,4103.6000,4103.0000,4105.0000,4105.2000,4105.6000,4105.8000,4106.8000,1,2,7,1,6,2,1,2,2,1
SF,IF2003,2019-12-31 09:30:44.800,4105.0000,36763,-1,252259020.000,1,0,1,双平,S,4105.0000,4104.2000,4103.8000,4103.6000,4103.0000,4105.2000,4105.6000,4105.8000,4106.8000,4107.0000,1,1,7,1,6,1,2,2,1,3
SF,IF2003,2019-12-31 09:30:45.300,4105.2000,36762,-1,254722080.000,2,0,2,多平,S,4105.0000,4104.2000,4103.8000,4103.6000,4103.0000,4105.6000,4105.8000,4106.8000,4107.0000,4107.4000,2,1,7,1,6,2,2,1,3,2
SF,IF2003,2019-12-31 09:30:45.800,4105.6000,36760,-2,257185380.000,2,0,2,双平,S,4105.0000,4103.8000,4103.6000,4103.0000,4102.8000,4105.6000,4105.8000,4106.8000,4107.0000,4107.4000,1,7,1,1,3,1,2,1,3,2
SF,IF2003,2019-12-31 09:30:46.300,4105.6000,36760,0,257185380.000,0,-,-,-,-,4105.0000,4103.8000,4103.6000,4103.0000,4102.8000,4105.4000,4105.6000,4105.8000,4106.8000,4107.0000,1,7,1,1,3,1,1,2,1,3
SF,IF2003,2019-12-31 09:30:47.300,4105.6000,36759,-1,259648680.000,2,0,2,多平,S,4105.4000,4105.0000,4103.8000,4103.6000,4103.0000,4105.8000,4106.8000,4107.0000,4107.4000,4108.0000,1,1,7,1,1,2,1,3,2,1
SF,IF2003,2019-12-31 09:30:47.800,4105.6000,36758,-1,262112100.000,2,0,2,多平,S,4105.4000,4103.8000,4103.6000,4103.0000,4102.8000,4105.8000,4106.8000,4107.0000,4107.4000,4108.0000,1,7,1,1,3,1,1,3,2,1
SF,IF2003,2019-12-31 09:30:48.300,4105.4000,36757,-1,264575460.000,2,0,2,多平,S,4103.8000,4103.6000,4103.0000,4102.8000,4102.0000,4105.6000,4106.8000,4107.0000,4107.4000,4108.0000,7,1,1,3,1,1,1,3,2,1
SF,IF2003,2019-12-31 09:30:48.800,4105.4000,36757,0,264575460.000,0,-,-,-,-,4104.4000,4104.0000,4103.8000,4103.6000,4103.0000,4105.4000,4105.6000,4106.8000,4107.0000,4107.4000,1,2,7,1,1,1,1,1,4,2
SF,IF2003,2019-12-31 09:30:49.300,4105.4000,36757,0,265807080.000,1,0,1,多换,S,4105.4000,4104.6000,4104.4000,4104.2000,4103.8000,4105.6000,4106.8000,4107.0000,4107.4000,4108.0000,1,1,1,1,7,1,1,4,2,1
SF,IF2003,2019-12-31 09:30:49.800,4105.6000,36755,-2,268270380.000,2,0,2,双平,S,4104.4000,4104.2000,4103.8000,4103.0000,4102.8000,4105.4000,4106.8000,4107.0000,4107.4000,4108.0000,1,1,6,1,3,1,1,4,2,1
SF,IF2003,2019-12-31 09:30:50.300,4105.4000,36754,-1,269502000.000,1,0,1,双平,S,4106.0000,4104.6000,4104.4000,4104.2000,4103.8000,4106.8000,4107.0000,4107.4000,4108.0000,4109.4000,1,1,1,1,6,1,4,2,1,1
SF,IF2003,2019-12-31 09:30:50.800,4106.0000,36752,-2,281820060.000,10,4,6,多平,S,4106.0000,4104.2000,4103.8000,4103.0000,4102.8000,4106.4000,4106.6000,4106.8000,4107.0000,4107.4000,13,1,6,1,3,1,1,1,6,2
SF,IF2003,2019-12-31 09:30:51.300,4106.0000,36750,-2,287979720.000,5,1,4,多平,S,4106.0000,4104.2000,4103.8000,4103.0000,4102.8000,4107.0000,4107.4000,4108.0000,4109.4000,4110.0000,12,1,6,1,3,6,2,1,1,5
SF,IF2003,2019-12-31 09:30:51.800,4107.0000,36749,-1,289211820.000,1,0,1,双平,S,4106.2000,4106.0000,4104.2000,4103.8000,4103.0000,4106.8000,4107.0000,4107.2000,4107.4000,4108.0000,2,12,1,6,2,2,5,1,2,1
SF,IF2003,2019-12-31 09:30:52.300,4107.0000,36743,-6,297836400.000,7,0,7,多平,S,4106.2000,4106.0000,4105.4000,4103.8000,4103.0000,4106.6000,4107.2000,4107.4000,4108.0000,4109.4000,2,12,1,6,2,1,1,2,1,1
SF,IF2003,2019-12-31 09:30:52.800,4106.6000,36742,-1,299068380.000,1,0,1,双平,S,4107.0000,4106.8000,4106.6000,4106.2000,4106.0000,4108.0000,4109.4000,4110.8000,4111.0000,4111.2000,1,1,1,2,12,1,1,3,2,2
SF,IF2003,2019-12-31 09:30:53.300,4107.0000,36742,0,300300480.000,1,0,1,多换,S,4106.8000,4106.6000,4106.2000,4106.0000,4103.8000,4107.6000,4107.8000,4108.0000,4109.4000,4110.8000,1,1,1,13,6,2,2,3,1,3
SF,IF2003,2019-12-31 09:30:53.800,4107.0000,36742,0,300300480.000,0,-,-,-,-,4106.8000,4106.6000,4106.0000,4103.8000,4103.0000,4107.4000,4107.6000,4107.8000,4108.0000,4109.4000,1,2,13,6,2,3,2,2,2,1
SF,IF2003,2019-12-31 09:30:54.300,4107.0000,36742,0,300300480.000,0,-,-,-,-,4106.8000,4106.6000,4106.0000,4103.8000,4103.0000,4107.4000,4107.8000,4108.0000,4109.4000,4110.8000,1,3,12,6,2,3,2,2,1,3
SF,IF2003,2019-12-31 09:30:54.800,4107.4000,36741,-1,301532700.000,1,0,1,双平,S,4107.0000,4106.8000,4106.6000,4106.0000,4103.8000,4107.4000,4107.8000,4108.0000,4109.4000,4110.8000,1,1,3,12,6,2,2,3,1,3
SF,IF2003,2019-12-31 09:30:55.300,4107.4000,36741,0,301532700.000,0,-,-,-,-,4106.8000,4106.6000,4106.0000,4103.8000,4103.0000,4107.0000,4107.4000,4107.8000,4108.0000,4109.4000,1,2,12,6,2,2,2,2,3,1
SF,IF2003,2019-12-31 09:30:55.800,4106.8000,36741,0,302764740.000,1,0,1,多换,S,4106.6000,4106.0000,4105.4000,4103.8000,4103.0000,4106.8000,4107.4000,4107.8000,4108.0000,4109.4000,2,12,1,1,2,1,2,2,3,1
SF,IF2003,2019-12-31 09:30:56.300,4106.6000,36739,-2,307692780.000,4,1,3,多平,S,4106.0000,4105.4000,4103.8000,4103.0000,4102.8000,4107.4000,4107.8000,4108.0000,4109.4000,4110.8000,12,1,1,2,3,2,1,3,1,3
SF,IF2003,2019-12-31 09:30:56.800,4106.6000,36739,0,307692780.000,0,-,-,-,-,4106.0000,4105.4000,4103.8000,4103.0000,4102.8000,4106.8000,4107.2000,4107.4000,4107.8000,4108.0000,12,1,1,2,3,1,6,1,1,3
SF,IF2003,2019-12-31 09:30:57.300,4106.2000,36738,-1,310156680.000,2,0,2,多平,S,4106.0000,4105.4000,4103.8000,4103.0000,4102.8000,4107.2000,4107.4000,4107.8000,4108.0000,4109.4000,12,1,1,2,3,4,1,1,3,1
SF,IF2003,2019-12-31 09:30:57.800,4107.0000,36738,0,311388780.000,1,0,1,多换,S,4106.0000,4105.4000,4103.8000,4103.0000,4102.8000,4107.0000,4107.2000,4107.4000,4107.8000,4108.0000,12,1,1,2,3,1,2,1,1,3
SF,IF2003,2019-12-31 09:30:58.300,4107.0000,36738,0,311388780.000,0,-,-,-,-,4106.2000,4106.0000,4105.4000,4103.8000,4103.0000,4106.8000,4107.0000,4107.2000,4107.4000,4107.8000,1,12,1,1,2,2,3,2,1,1
SF,IF2003,2019-12-31 09:30:58.800,4107.2000,36734,-4,320013600.000,7,1,6,多平,S,4107.2000,4106.2000,4106.0000,4105.4000,4103.8000,4107.4000,4107.8000,4108.0000,4109.4000,4110.0000,3,1,12,1,1,1,1,3,1,2
SF,IF2003,2019-12-31 09:30:59.300,4106.0000,36739,5,327405900.000,6,5,1,空开,S,4106.0000,4105.4000,4103.8000,4103.0000,4102.8000,4107.8000,4108.0000,4109.4000,4110.0000,4110.8000,11,1,1,2,3,1,3,1,2,3
SF,IF2003,2019-12-31 09:30:59.800,4106.0000,36739,0,327405900.000,0,-,-,-,-,4106.2000,4106.0000,4105.4000,4103.8000,4103.0000,4107.6000,4107.8000,4108.0000,4109.4000,4110.0000,2,1,1,1,2,2,1,3,1,2
SF,IF2003,2019-12-31 09:31:00.300,4106.0000,36739,0,327405900.000,0,-,-,-,-,4106.4000,4106.2000,4106.0000,4105.4000,4103.8000,4107.6000,4107.8000,4108.0000,4109.4000,4110.0000,2,2,3,1,1,1,1,2,1,2
SF,IF2003,2019-12-31 09:31:00.800,4106.0000,36739,0,327405900.000,0,-,-,-,-,4106.6000,4106.4000,4106.2000,4106.0000,4105.8000,4107.6000,4107.8000,4108.0000,4109.4000,4110.0000,3,1,1,3,1,1,1,2,1,2
SF,IF2003,2019-12-31 09:31:01.300,4106.0000,36739,0,327405900.000,0,-,-,-,-,4106.6000,4106.4000,4106.2000,4106.0000,4105.8000,4107.2000,4107.4000,4107.6000,4107.8000,4108.0000,2,1,1,3,1,5,5,1,1,2
SF,IF2003,2019-12-31 09:31:01.800,4106.6000,36738,-1,329869860.000,2,0,2,多平,S,4106.4000,4106.2000,4106.0000,4105.8000,4105.4000,4107.0000,4107.4000,4107.6000,4107.8000,4108.0000,1,1,3,1,1,1,1,1,1,2
SF,IF2003,2019-12-31 09:31:02.300,4106.6000,36738,0,329869860.000,0,-,-,-,-,4106.2000,4106.0000,4105.8000,4105.4000,4103.8000,4106.8000,4107.2000,4107.4000,4107.6000,4107.8000,1,3,1,1,1,2,1,1,1,1
SF,IF2003,2019-12-31 09:31:02.800,4106.0000,36739,1,331101660.000,1,1,0,双开,S,4106.0000,4105.8000,4105.4000,4103.8000,4103.0000,4106.8000,4107.2000,4107.4000,4107.6000,4107.8000,2,1,1,1,2,1,1,1,1,1
SF,IF2003,2019-12-31 09:31:03.300,4106.0000,36739,0,331101660.000,0,-,-,-,-,4106.2000,4106.0000,4105.8000,4105.4000,4103.8000,4107.2000,4107.4000,4107.6000,4107.8000,4108.0000,1,2,1,1,1,1,1,1,1,2
SF,IF2003,2019-12-31 09:31:03.800,4107.0000,36736,-3,334797960.000,3,0,3,双平,S,4106.0000,4105.8000,4105.4000,4103.8000,4103.0000,4107.0000,4107.2000,4107.6000,4107.8000,4108.0000,2,1,1,1,2,2,2,1,1,2
SF,IF2003,2019-12-31 09:31:04.300,4107.0000,36737,1,340958520.000,5,3,2,空开,S,4107.0000,4106.0000,4105.8000,4105.4000,4103.8000,4107.6000,4107.8000,4108.0000,4109.4000,4110.0000,12,2,1,1,1,1,1,2,1,2
SF,IF2003,2019-12-31 09:31:04.800,4107.0000,36737,0,355743720.000,12,6,6,多换,S,4106.0000,4105.8000,4105.4000,4103.8000,4103.0000,4107.0000,4107.2000,4107.4000,4107.6000,4107.8000,2,5,1,1,2,5,8,2,1,1
SF,IF2003,2019-12-31 09:31:05.300,4106.6000,36736,-1,356975700.000,1,0,1,双平,S,4106.0000,4105.8000,4105.4000,4103.8000,4103.0000,4106.6000,4106.8000,4107.0000,4107.2000,4107.4000,2,5,1,1,2,5,1,5,8,2
SF,IF2003,2019-12-31 09:31:05.800,4106.6000,36736,0,358207680.000,1,0,1,多换,S,4106.0000,4105.8000,4105.4000,4103.8000,4103.0000,4106.8000,4107.0000,4107.2000,4107.4000,4107.6000,2,5,1,1,2,1,5,8,1,1
SF,IF2003,2019-12-31 09:31:06.300,4106.0000,36736,0,360671520.000,2,1,1,多换,S,4106.0000,4105.8000,4105.4000,4103.8000,4103.0000,4107.0000,4107.2000,4107.4000,4107.6000,4107.8000,1,5,1,1,2,5,8,1,1,1
SF,IF2003,2019-12-31 09:31:06.800,4106.0000,36736,0,360671520.000,0,-,-,-,-,4106.2000,4106.0000,4105.8000,4105.4000,4103.8000,4106.8000,4107.0000,4107.2000,4107.4000,4107.6000,1,1,5,1,1,2,5,8,1,1
SF,IF2003,2019-12-31 09:31:07.300,4106.0000,36735,-1,363135120.000,2,0,2,多平,S,4105.8000,4105.4000,4103.8000,4103.0000,4102.8000,4106.8000,4107.0000,4107.2000,4107.4000,4107.6000,5,1,1,2,3,2,5,8,1,1
SF,IF2003,2019-12-31 09:31:07.800,4106.0000,36735,0,363135120.000,0,-,-,-,-,4106.0000,4105.8000,4105.4000,4103.8000,4103.0000,4106.8000,4107.2000,4107.4000,4107.6000,4107.8000,3,5,1,1,2,2,3,1,1,1
SF,IF2003,2019-12-31 09:31:08.300,4106.0000,36735,0,364366920.000,1,0,1,多换,S,4106.2000,4106.0000,4105.8000,4105.4000,4103.8000,4107.2000,4107.4000,4107.6000,4107.8000,4108.0000,1,1,5,1,1,3,1,1,1,2
SF,IF2003,2019-12-31 09:31:08.800,4106.0000,36735,0,364366920.000,0,-,-,-,-,4106.2000,4106.0000,4105.8000,4105.4000,4103.8000,4107.0000,4107.2000,4107.4000,4107.6000,4107.8000,1,1,5,1,1,8,3,1,1,1
SF,IF2003,2019-12-31 09:31:09.300,4106.8000,36734,-1,365598960.000,1,0,1,双平,S,4106.0000,4105.8000,4105.4000,4103.8000,4103.0000,4106.8000,4107.0000,4107.2000,4107.4000,4107.6000,1,5,1,1,2,1,8,3,1,1
SF,IF2003,2019-12-31 09:31:09.800,4106.8000,36734,0,365598960.000,0,-,-,-,-,4105.8000,4105.4000,4103.8000,4103.0000,4102.8000,4106.8000,4107.0000,4107.2000,4107.4000,4107.6000,5,1,1,2,3,1,2,3,1,1
SF,IF2003,2019-12-31 09:31:10.300,4106.8000,36734,0,365598960.000,0,-,-,-,-,4106.0000,4105.8000,4105.4000,4103.8000,4103.0000,4107.0000,4107.2000,4107.4000,4107.6000,4107.8000,2,5,1,1,2,3,3,1,1,1
SF,IF2003,2019-12-31 09:31:10.800,4106.8000,36734,0,365598960.000,0,-,-,-,-,4105.8000,4105.4000,4103.8000,4103.0000,4102.8000,4106.8000,4107.0000,4107.2000,4107.4000,4107.6000,5,1,1,2,3,2,3,3,1,1
SF,IF2003,2019-12-31 09:31:11.300,4106.8000,36734,0,365598960.000,0,-,-,-,-,4105.8000,4105.4000,4103.8000,4103.0000,4102.8000,4106.6000,4106.8000,4107.0000,4107.2000,4107.4000,5,1,1,2,3,1,2,3,3,1
SF,IF2003,2019-12-31 09:31:11.800,4106.8000,36734,0,366831000.000,1,0,1,多换,S,4105.8000,4105.4000,4103.8000,4103.0000,4102.8000,4107.0000,4107.2000,4107.4000,4107.6000,4107.8000,5,1,1,2,3,2,3,1,1,1
SF,IF2003,2019-12-31 09:31:12.300,4106.8000,36734,0,366831000.000,0,-,-,-,-,4106.0000,4105.8000,4105.4000,4103.8000,4103.0000,4107.0000,4107.2000,4107.4000,4107.6000,4107.8000,3,5,1,1,2,1,2,1,1,1
SF,IF2003,2019-12-31 09:31:12.800,4107.0000,36733,-1,368063100.000,1,0,1,双平,S,4106.2000,4106.0000,4105.8000,4105.4000,4103.8000,4107.2000,4107.4000,4107.6000,4107.8000,4108.0000,2,3,5,1,1,2,1,1,1,2
SF,IF2003,2019-12-31 09:31:13.300,4107.2000,36732,-1,370527420.000,2,0,2,多平,S,4106.4000,4106.2000,4106.0000,4105.8000,4105.6000,4107.4000,4107.6000,4107.8000,4108.0000,4109.4000,2,1,1,5,1,1,1,1,2,1
SF,IF2003,2019-12-31 09:31:13.800,4107.2000,36732,0,370527420.000,0,-,-,-,-,4106.6000,4106.4000,4106.0000,4105.8000,4105.6000,4107.4000,4107.6000,4107.8000,4108.0000,4109.4000,3,1,1,5,1,1,1,1,2,1
SF,IF2003,2019-12-31 09:31:14.300,4107.4000,36732,0,372991800.000,2,1,1,多换,S,4106.6000,4106.4000,4106.0000,4105.8000,4105.6000,4107.6000,4107.8000,4108.0000,4109.4000,4110.0000,4,1,1,5,1,1,1,2,1,4
SF,IF2003,2019-12-31 09:31:14.800,4107.4000,36732,0,372991800.000,0,-,-,-,-,4107.4000,4106.8000,4106.6000,4106.0000,4105.8000,4107.6000,4107.8000,4108.0000,4109.4000,4110.0000,1,5,1,1,5,1,1,2,1,4
SF,IF2003,2019-12-31 09:31:15.300,4108.0000,36728,-4,377921220.000,4,0,4,双平,S,4107.8000,4107.6000,4107.4000,4106.8000,4106.6000,4109.4000,4110.0000,4110.8000,4111.0000,4111.2000,1,1,1,3,1,1,4,3,2,2
SF,IF2003,2019-12-31 09:31:15.800,4108.0000,36728,0,377921220.000,0,-,-,-,-,4108.0000,4107.8000,4107.4000,4106.6000,4105.8000,4108.8000,4109.2000,4109.4000,4110.0000,4110.8000,2,4,1,1,5,1,2,1,4,3
SF,IF2003,2019-12-31 09:31:16.300,4108.0000,36728,0,377921220.000,0,-,-,-,-,4108.2000,4108.0000,4107.8000,4107.4000,4107.0000,4108.8000,4109.2000,4109.4000,4110.0000,4110.8000,2,2,2,1,1,1,1,1,4,3
SF,IF2003,2019-12-31 09:31:16.800,4108.0000,36727,-1,385316340.000,6,2,4,多平,S,4107.8000,4107.6000,4107.4000,4107.0000,4106.6000,4109.4000,4110.0000,4110.8000,4111.0000,4111.2000,1,10,1,1,1,1,4,3,2,2
SF,IF2003,2019-12-31 09:31:17.300,4108.0000,36727,0,385316340.000,0,-,-,-,-,4108.0000,4107.8000,4107.6000,4107.4000,4107.0000,4109.4000,4110.0000,4110.8000,4111.0000,4111.2000,1,1,10,1,1,1,4,3,2,2
SF,IF2003,2019-12-31 09:31:17.800,4108.0000,36727,0,385316340.000,0,-,-,-,-,4107.6000,4107.4000,4107.0000,4106.6000,4105.8000,4109.2000,4109.4000,4109.8000,4110.0000,4110.8000,10,1,1,1,5,9,1,1,4,3
SF,IF2003,2019-12-31 09:31:18.300,4109.2000,36723,-4,390247260.000,4,0,4,双平,S,4107.8000,4107.6000,4107.4000,4107.0000,4106.6000,4109.4000,4109.8000,4110.0000,4110.8000,4111.0000,2,10,1,1,1,1,1,4,3,2
SF,IF2003,2019-12-31 09:31:18.800,4109.2000,36723,0,390247260.000,0,-,-,-,-,4107.8000,4107.6000,4107.4000,4107.0000,4106.6000,4109.0000,4109.2000,4109.4000,4109.8000,4110.0000,2,10,1,1,1,1,2,1,1,4
SF,IF2003,2019-12-31 09:31:19.300,4109.0000,36723,0,391479960.000,1,0,1,多换,S,4107.8000,4107.6000,4107.4000,4107.0000,4105.8000,4109.2000,4109.4000,4109.8000,4110.0000,4110.8000,3,10,1,1,5,1,1,1,4,3
SF,IF2003,2019-12-31 09:31:19.800,4109.0000,36723,0,391479960.000,0,-,-,-,-,4108.0000,4107.8000,4107.6000,4107.4000,4107.0000,4109.2000,4109.4000,4109.8000,4110.0000,4110.8000,3,3,10,1,1,1,1,1,4,3
SF,IF2003,2019-12-31 09:31:20.300,4109.4000,36723,0,392712780.000,1,0,1,多换,S,4108.2000,4107.8000,4107.6000,4107.4000,4107.0000,4109.8000,4110.0000,4110.8000,4111.0000,4111.2000,5,1,10,1,1,1,4,3,2,2
SF,IF2003,2019-12-31 09:31:20.800,4109.0000,36722,-1,393945480.000,1,0,1,双平,S,4108.4000,4108.2000,4107.8000,4107.6000,4107.4000,4109.6000,4109.8000,4110.0000,4110.8000,4111.0000,3,2,1,10,1,1,1,4,3,2
SF,IF2003,2019-12-31 09:31:21.300,4109.0000,36722,0,393945480.000,0,-,-,-,-,4108.6000,4108.4000,4107.8000,4107.6000,4107.4000,4109.8000,4110.0000,4110.8000,4111.0000,4111.2000,1,3,1,11,1,1,4,3,2,2
SF,IF2003,2019-12-31 09:31:21.800,4108.6000,36722,0,395178060.000,1,0,1,多换,S,4108.6000,4107.8000,4107.6000,4107.4000,4105.8000,4109.8000,4110.0000,4110.8000,4111.0000,4111.2000,3,1,11,1,5,1,4,3,2,2
SF,IF2003,2019-12-31 09:31:22.300,4108.6000,36722,0,395178060.000,0,-,-,-,-,4108.8000,4108.6000,4107.8000,4107.6000,4107.4000,4109.8000,4110.0000,4110.8000,4111.0000,4111.2000,4,1,1,11,1,1,4,3,2,2
SF,IF2003,2019-12-31 09:31:22.800,4109.4000,36722,0,396410880.000,1,0,1,多换,S,4109.0000,4108.8000,4108.0000,4107.8000,4107.6000,4109.8000,4110.0000,4110.8000,4111.0000,4111.2000,3,2,1,1,11,1,4,3,2,2
SF,IF2003,2019-12-31 09:31:23.300,4109.4000,36722,0,396410880.000,0,-,-,-,-,4109.2000,4109.0000,4108.8000,4108.0000,4107.8000,4109.8000,4110.0000,4110.8000,4111.0000,4111.2000,3,1,1,1,1,1,4,3,5,2
SF,IF2003,2019-12-31 09:31:23.800,4109.8000,36721,-1,397643820.000,1,0,1,双平,S,4109.8000,4109.2000,4109.0000,4108.8000,4108.0000,4110.0000,4110.8000,4111.0000,4111.2000,4111.4000,10,3,2,1,1,4,3,6,2,2
SF,IF2003,2019-12-31 09:31:24.300,4109.8000,36718,-3,406274640.000,7,2,5,多平,S,4109.8000,4109.2000,4109.0000,4108.8000,4108.0000,4110.8000,4111.0000,4111.2000,4111.4000,4111.6000,8,2,2,1,1,3,6,2,2,2
SF,IF2003,2019-12-31 09:31:24.800,4110.4000,36717,-1,407507760.000,1,0,1,双平,S,4110.0000,4109.8000,4109.0000,4108.8000,4108.0000,4110.6000,4110.8000,4111.0000,4111.2000,4111.4000,3,8,1,1,1,1,3,6,2,2
SF,IF2003,2019-12-31 09:31:25.300,4110.8000,36715,-2,409974000.000,2,0,2,双平,S,4110.0000,4109.8000,4109.0000,4108.8000,4108.0000,4110.8000,4111.0000,4111.2000,4111.4000,4111.6000,2,8,1,1,1,2,5,2,2,2
SF,IF2003,2019-12-31 09:31:26.300,4110.0000,36714,-1,411207000.000,1,0,1,双平,S,4110.0000,4109.8000,4109.0000,4108.8000,4108.0000,4110.6000,4110.8000,4111.0000,4111.2000,4111.4000,1,8,1,1,1,2,2,5,2,2
SF,IF2003,2019-12-31 09:31:26.800,4110.0000,36713,-1,412440000.000,1,0,1,双平,S,4109.8000,4109.0000,4108.8000,4108.0000,4107.6000,4110.6000,4110.8000,4111.0000,4111.2000,4111.4000,8,1,1,1,11,1,2,5,2,2
SF,IF2003,2019-12-31 09:31:27.300,4110.0000,36713,0,412440000.000,0,-,-,-,-,4109.8000,4109.0000,4108.8000,4108.0000,4107.6000,4110.4000,4110.6000,4110.8000,4111.0000,4111.2000,8,1,1,1,11,1,2,2,5,2
SF,IF2003,2019-12-31 09:31:27.800,4110.4000,36712,-1,414906240.000,2,0,2,多平,S,4109.8000,4109.0000,4108.8000,4108.0000,4107.6000,4110.6000,4110.8000,4111.0000,4111.2000,4111.4000,8,1,1,1,11,2,2,5,2,2
SF,IF2003,2019-12-31 09:31:28.300,4110.4000,36712,0,414906240.000,0,-,-,-,-,4110.0000,4109.8000,4109.0000,4108.8000,4108.0000,4110.6000,4110.8000,4111.0000,4111.2000,4111.4000,2,8,1,1,1,2,2,5,2,2
SF,IF2003,2019-12-31 09:31:28.800,4110.8000,36711,-1,417372660.000,2,0,2,多平,S,4110.0000,4109.8000,4109.0000,4108.0000,4107.6000,4110.8000,4111.0000,4111.2000,4111.4000,4111.6000,2,8,1,1,11,1,6,2,2,2
SF,IF2003,2019-12-31 09:31:29.300,4110.8000,36710,-1,418605900.000,1,0,1,双平,S,4110.0000,4109.8000,4109.0000,4107.6000,4107.4000,4111.0000,4111.2000,4111.4000,4111.6000,4111.8000,3,7,1,11,1,6,2,2,2,4
SF,IF2003,2019-12-31 09:31:29.800,4110.8000,36710,0,418605900.000,0,-,-,-,-,4110.0000,4109.8000,4109.0000,4107.6000,4107.4000,4110.8000,4111.0000,4111.2000,4111.4000,4111.6000,3,7,1,11,1,5,6,2,2,2
SF,IF2003,2019-12-31 09:31:30.300,4109.8000,36714,4,424770660.000,5,4,1,空开,S,4109.8000,4109.0000,4107.6000,4107.4000,4105.8000,4111.0000,4111.2000,4111.4000,4111.6000,4111.8000,3,1,11,1,5,6,2,2,2,4
SF,IF2003,2019-12-31 09:31:30.800,4109.8000,36714,0,424770660.000,0,-,-,-,-,4110.0000,4109.8000,4109.0000,4107.6000,4107.4000,4110.6000,4110.8000,4111.0000,4111.2000,4111.4000,3,3,1,11,1,2,2,6,2,2
SF,IF2003,2019-12-31 09:31:31.300,4109.8000,36713,-1,426003600.000,1,0,1,双平,S,4110.0000,4109.8000,4109.0000,4107.6000,4107.4000,4110.8000,4111.0000,4111.2000,4111.4000,4111.6000,2,3,1,11,1,1,6,2,2,2
SF,IF2003,2019-12-31 09:31:31.800,4109.8000,36713,0,426003600.000,0,-,-,-,-,4110.0000,4109.8000,4109.0000,4107.6000,4107.4000,4110.6000,4110.8000,4111.0000,4111.2000,4111.4000,2,3,1,11,1,1,1,6,2,2
SF,IF2003,2019-12-31 09:31:32.300,4110.0000,36710,-3,429702600.000,3,0,3,双平,S,4109.8000,4109.0000,4107.6000,4107.4000,4105.8000,4110.0000,4110.4000,4110.6000,4111.0000,4111.2000,3,1,11,1,5,2,1,1,6,2
SF,IF2003,2019-12-31 09:31:32.800,4109.8000,36710,0,433401420.000,3,1,2,多换,S,4109.0000,4107.6000,4107.4000,4105.8000,4105.6000,4109.8000,4110.0000,4110.4000,4110.6000,4111.0000,1,11,1,5,2,2,1,1,1,6
SF,IF2003,2019-12-31 09:31:33.300,4110.0000,36708,-2,437100300.000,3,0,3,多平,S,4109.0000,4107.6000,4107.4000,4105.8000,4105.6000,4110.4000,4110.6000,4111.0000,4111.2000,4111.4000,1,11,1,5,2,1,1,6,2,2
SF,IF2003,2019-12-31 09:31:33.800,4110.0000,36708,0,437100300.000,0,-,-,-,-,4109.2000,4109.0000,4107.6000,4107.4000,4107.0000,4110.2000,4110.4000,4110.6000,4111.0000,4111.2000,2,4,11,1,1,1,1,1,6,2
SF,IF2003,2019-12-31 09:31:34.300,4109.4000,36706,-2,439565940.000,2,0,2,双平,S,4109.2000,4109.0000,4107.6000,4107.4000,4107.0000,4109.8000,4110.0000,4110.2000,4110.4000,4110.6000,1,4,11,1,1,5,1,1,1,1
SF,IF2003,2019-12-31 09:31:34.800,4109.8000,36706,0,442031760.000,2,1,1,多换,S,4109.2000,4109.0000,4107.6000,4107.4000,4107.0000,4109.8000,4110.0000,4110.2000,4110.4000,4110.6000,2,4,11,1,1,4,1,1,1,1
SF,IF2003,2019-12-31 09:31:35.300,4109.8000,36706,0,442031760.000,0,-,-,-,-,4109.2000,4109.0000,4107.6000,4107.4000,4107.0000,4109.8000,4110.2000,4110.4000,4110.6000,4111.0000,2,4,11,1,1,4,1,1,1,6
SF,IF2003,2019-12-31 09:31:35.800,4109.8000,36706,0,445730580.000,3,1,2,多换,S,4109.2000,4109.0000,4107.6000,4107.4000,4107.0000,4109.8000,4110.2000,4110.4000,4110.6000,4111.0000,2,4,11,1,1,1,1,1,1,6
SF,IF2003,2019-12-31 09:31:36.300,4109.8000,36705,-1,446963520.000,1,0,1,双平,S,4109.8000,4109.2000,4109.0000,4107.6000,4107.4000,4110.2000,4110.4000,4110.6000,4111.0000,4111.2000,1,2,4,11,1,1,1,1,6,2
SF,IF2003,2019-12-31 09:31:36.800,4109.8000,36704,-1,449429400.000,2,0,2,多平,S,4109.2000,4109.0000,4107.6000,4107.4000,4107.0000,4109.6000,4109.8000,4110.4000,4110.6000,4111.0000,2,2,11,1,1,4,7,1,1,6
SF,IF2003,2019-12-31 09:31:37.300,4109.2000,36703,-1,451895040.000,2,0,2,多平,S,4109.2000,4109.0000,4107.6000,4107.4000,4107.0000,4109.8000,4110.4000,4110.6000,4111.0000,4111.2000,1,2,11,1,1,7,1,1,6,2
SF,IF2003,2019-12-31 09:31:37.800,4109.8000,36703,0,453127980.000,1,0,1,多换,S,4109.2000,4109.0000,4107.6000,4107.4000,4107.0000,4109.8000,4110.4000,4110.6000,4111.0000,4111.2000,1,2,11,1,1,7,1,1,6,2
SF,IF2003,2019-12-31 09:31:38.300,4109.0000,36702,-1,456826140.000,3,1,2,多平,S,4107.6000,4107.4000,4107.0000,4105.8000,4105.6000,4109.2000,4109.6000,4109.8000,4110.4000,4110.6000,11,1,1,1,2,7,1,6,1,1
SF,IF2003,2019-12-31 09:31:38.800,4109.0000,36702,0,456826140.000,0,-,-,-,-,4107.8000,4107.6000,4107.4000,4107.0000,4105.8000,4109.0000,4109.2000,4109.6000,4109.8000,4110.4000,2,12,1,1,1,8,6,1,6,1
SF,IF2003,2019-12-31 09:31:39.300,4109.0000,36701,-1,458058840.000,1,0,1,双平,S,4107.8000,4107.6000,4107.4000,4107.0000,4105.8000,4108.8000,4109.0000,4109.2000,4109.6000,4109.8000,2,12,1,1,1,3,5,6,1,6
SF,IF2003,2019-12-31 09:31:39.800,4108.8000,36700,-1,459291480.000,1,0,1,双平,S,4107.8000,4107.6000,4107.4000,4107.0000,4105.8000,4108.8000,4109.0000,4109.2000,4109.6000,4109.8000,2,12,1,1,1,2,5,5,1,6
SF,IF2003,2019-12-31 09:31:40.300,4108.8000,36700,0,460524120.000,1,0,1,多换,S,4107.8000,4107.6000,4107.4000,4107.0000,4105.8000,4108.8000,4109.0000,4109.2000,4109.6000,4109.8000,2,12,1,1,1,1,5,5,1,6
SF,IF2003,2019-12-31 09:31:40.800,4109.0000,36698,-2,462989460.000,2,0,2,双平,S,4108.0000,4107.8000,4107.6000,4107.4000,4107.0000,4109.6000,4109.8000,4110.0000,4110.4000,4110.6000,1,1,12,1,1,1,6,3,1,2
SF,IF2003,2019-12-31 09:31:41.300,4109.0000,36698,0,462989460.000,0,-,-,-,-,4108.2000,4108.0000,4107.8000,4107.6000,4107.4000,4109.6000,4109.8000,4110.0000,4110.4000,4110.6000,2,4,1,12,1,2,6,3,1,2
SF,IF2003,2019-12-31 09:31:41.800,4109.4000,36698,0,465455100.000,2,1,1,多换,S,4108.4000,4108.2000,4108.0000,4107.8000,4107.6000,4109.4000,4109.6000,4109.8000,4110.0000,4110.4000,4,1,1,2,12,5,2,6,3,1
SF,IF2003,2019-12-31 09:31:42.300,4109.4000,36698,0,465455100.000,0,-,-,-,-,4108.8000,4108.4000,4108.2000,4108.0000,4107.8000,4109.4000,4109.6000,4109.8000,4110.0000,4110.4000,1,4,1,1,2,5,2,6,3,1
SF,IF2003,2019-12-31 09:31:42.800,4109.4000,36698,0,465455100.000,0,-,-,-,-,4108.8000,4108.4000,4108.2000,4108.0000,4107.8000,4109.2000,4109.4000,4109.6000,4109.8000,4110.0000,1,3,1,1,2,1,5,2,6,3
SF,IF2003,2019-12-31 09:31:43.300,4109.4000,36698,0,467920740.000,2,1,1,多换,S,4108.8000,4108.4000,4108.2000,4108.0000,4107.8000,4109.4000,4109.6000,4109.8000,4110.0000,4110.4000,3,3,1,1,2,5,2,6,3,1
SF,IF2003,2019-12-31 09:31:43.800,4109.4000,36697,-1,469153560.000,1,0,1,双平,S,4108.8000,4108.4000,4108.2000,4108.0000,4107.8000,4109.4000,4109.6000,4109.8000,4110.0000,4110.4000,4,2,1,1,2,5,2,6,3,1
SF,IF2003,2019-12-31 09:31:44.300,4109.4000,36695,-2,471619200.000,2,0,2,双平,S,4108.8000,4108.4000,4108.2000,4108.0000,4107.8000,4109.6000,4109.8000,4110.0000,4110.4000,4110.6000,5,2,1,1,1,2,6,3,1,2
SF,IF2003,2019-12-31 09:31:44.800,4109.6000,36694,-1,472852080.000,1,0,1,双平,S,4109.0000,4108.8000,4108.2000,4108.0000,4107.8000,4109.6000,4109.8000,4110.0000,4110.4000,4110.6000,2,6,1,1,1,1,6,3,1,2
SF,IF2003,2019-12-31 09:31:45.300,4109.6000,36693,-1,474084960.000,1,0,1,双平,S,4109.6000,4109.0000,4108.8000,4108.2000,4107.8000,4109.8000,4110.0000,4110.4000,4110.6000,4111.0000,3,2,6,1,1,6,3,1,2,6
SF,IF2003,2019-12-31 09:31:45.800,4109.6000,36690,-3,477783600.000,3,0,3,双平,S,4109.0000,4108.8000,4108.2000,4107.8000,4107.6000,4109.4000,4109.6000,4109.8000,4110.0000,4110.4000,2,6,1,1,11,5,1,6,4,1
SF,IF2003,2019-12-31 09:31:46.300,4109.4000,36689,-1,479016420.000,1,0,1,双平,S,4109.0000,4108.8000,4107.8000,4107.6000,4107.4000,4109.4000,4109.6000,4109.8000,4110.0000,4110.4000,2,6,1,11,1,4,1,6,6,1
SF,IF2003,2019-12-31 09:31:47.300,4109.0000,36687,-2,482714760.000,3,0,3,多平,S,4108.8000,4107.8000,4107.6000,4107.4000,4107.0000,4109.2000,4110.0000,4110.4000,4110.6000,4111.0000,6,1,11,1,1,1,6,1,2,6
SF,IF2003,2019-12-31 09:31:47.800,4109.2000,36687,0,483947520.000,1,0,1,多换,S,4109.6000,4109.4000,4109.2000,4109.0000,4108.8000,4110.0000,4110.4000,4110.6000,4111.0000,4111.2000,1,1,1,1,6,6,1,2,6,2
SF,IF2003,2019-12-31 09:31:48.300,4110.0000,36685,-2,487646400.000,3,0,3,多平,S,4109.4000,4109.0000,4108.8000,4108.2000,4107.8000,4110.0000,4110.4000,4110.6000,4111.0000,4111.2000,1,1,6,1,1,4,1,2,6,2
SF,IF2003,2019-12-31 09:31:48.800,4110.0000,36684,-1,488879400.000,1,0,1,双平,S,4109.4000,4109.0000,4108.8000,4108.2000,4107.8000,4109.8000,4110.0000,4110.4000,4110.6000,4111.0000,2,1,6,1,1,4,4,1,2,6
SF,IF2003,2019-12-31 09:31:49.300,4109.8000,36682,-2,492578340.000,3,0,3,多平,S,4109.4000,4109.0000,4108.8000,4108.2000,4107.8000,4109.8000,4110.0000,4110.4000,4110.6000,4111.0000,3,1,5,1,1,1,4,1,2,6
SF,IF2003,2019-12-31 09:31:49.800,4109.8000,36681,-1,493811280.000,1,0,1,双平,S,4109.4000,4109.0000,4108.8000,4108.2000,4107.8000,4110.0000,4110.6000,4111.0000,4111.2000,4111.4000,3,1,5,1,1,4,1,6,2,2
SF,IF2003,2019-12-31 09:31:50.300,4109.6000,36680,-1,496277040.000,2,0,2,多平,S,4109.6000,4109.4000,4109.0000,4108.8000,4108.2000,4110.0000,4110.6000,4111.0000,4111.2000,4111.4000,1,3,1,5,1,4,1,6,2,2
SF,IF2003,2019-12-31 09:31:50.800,4110.0000,36679,-1,497510040.000,1,0,1,双平,S,4109.4000,4109.0000,4108.8000,4108.2000,4107.8000,4110.0000,4110.6000,4111.0000,4111.2000,4111.4000,3,1,5,1,1,4,1,6,2,2
SF,IF2003,2019-12-31 09:31:51.800,4110.0000,36678,-1,499976040.000,2,0,2,多平,S,4109.6000,4109.4000,4109.0000,4108.8000,4108.2000,4110.0000,4110.6000,4111.0000,4111.2000,4111.4000,1,3,1,5,1,2,1,6,2,2
SF,IF2003,2019-12-31 09:31:52.300,4110.0000,36676,-2,502442040.000,2,0,2,双平,S,4109.8000,4109.4000,4109.0000,4108.8000,4108.2000,4110.6000,4111.0000,4111.2000,4111.4000,4111.6000,1,3,1,5,1,1,6,2,2,2
SF,IF2003,2019-12-31 09:31:52.800,4110.0000,36676,0,502442040.000,0,-,-,-,-,4110.4000,4110.0000,4109.4000,4109.0000,4108.8000,4110.6000,4111.0000,4111.2000,4111.4000,4111.6000,1,3,3,1,5,1,6,2,2,2
SF,IF2003,2019-12-31 09:31:53.300,4110.6000,36675,-1,503675220.000,1,0,1,双平,S,4110.4000,4109.4000,4109.0000,4108.8000,4108.2000,4111.0000,4111.2000,4111.4000,4111.6000,4111.8000,1,3,1,5,1,6,2,2,2,5
SF,IF2003,2019-12-31 09:31:53.800,4110.8000,36672,-3,507374940.000,3,0,3,双平,S,4110.6000,4110.4000,4109.4000,4109.0000,4108.8000,4110.8000,4111.0000,4111.2000,4111.4000,4111.6000,1,2,2,1,5,2,6,2,2,2
SF,IF2003,2019-12-31 09:31:54.300,4110.8000,36670,-2,509841420.000,2,0,2,双平,S,4110.6000,4110.4000,4109.4000,4109.0000,4108.8000,4111.0000,4111.2000,4111.4000,4111.6000,4111.8000,2,1,1,1,4,6,2,2,2,5
SF,IF2003,2019-12-31 09:31:54.800,4110.6000,36669,-1,512307900.000,2,0,2,多平,S,4110.6000,4110.4000,4109.4000,4109.0000,4108.8000,4111.0000,4111.2000,4111.4000,4111.6000,4111.8000,1,1,1,1,4,5,2,2,2,5
SF,IF2003,2019-12-31 09:31:55.300,4110.6000,36669,0,512307900.000,0,-,-,-,-,4110.6000,4110.4000,4109.4000,4109.0000,4108.8000,4111.0000,4111.2000,4111.4000,4111.6000,4111.8000,1,1,1,1,4,5,2,2,3,5
SF,IF2003,2019-12-31 09:31:55.800,4110.6000,36669,0,512307900.000,0,-,-,-,-,4110.6000,4110.4000,4109.8000,4109.4000,4109.0000,4111.0000,4111.2000,4111.4000,4111.6000,4111.8000,1,1,1,1,1,5,2,2,3,5
SF,IF2003,2019-12-31 09:31:56.800,4111.0000,36668,-1,513541200.000,1,0,1,双平,S,4110.8000,4110.6000,4110.4000,4109.8000,4109.4000,4111.0000,4111.2000,4111.4000,4111.6000,4111.8000,1,1,1,1,1,4,2,2,3,5
SF,IF2003,2019-12-31 09:31:57.300,4110.6000,36666,-2,516007620.000,2,0,2,双平,S,4110.4000,4109.8000,4109.4000,4109.0000,4108.8000,4111.0000,4111.2000,4111.4000,4111.6000,4111.8000,1,1,1,1,4,4,2,2,3,5
SF,IF2003,2019-12-31 09:31:57.800,4110.4000,36665,-1,517240740.000,1,0,1,双平,S,4109.8000,4109.4000,4109.0000,4108.8000,4108.2000,4110.8000,4111.0000,4111.2000,4111.4000,4111.6000,1,1,1,4,1,6,5,2,2,3
SF,IF2003,2019-12-31 09:31:58.300,4110.4000,36665,0,517240740.000,0,-,-,-,-,4110.4000,4110.0000,4109.8000,4109.4000,4109.0000,4110.6000,4110.8000,4111.0000,4111.2000,4111.4000,1,1,1,1,1,3,6,5,2,2
SF,IF2003,2019-12-31 09:31:58.800,4110.6000,36659,-6,524639940.000,6,0,6,双平,S,4110.4000,4109.8000,4109.4000,4109.0000,4108.8000,4110.8000,4111.0000,4111.2000,4111.4000,4111.6000,3,1,1,1,4,1,5,2,2,3
SF,IF2003,2019-12-31 09:31:59.300,4111.0000,36658,-1,529572840.000,4,1,3,多平,S,4110.8000,4110.4000,4109.8000,4109.4000,4109.0000,4111.0000,4111.2000,4111.4000,4111.6000,4111.8000,2,3,1,1,1,4,2,2,3,6
SF,IF2003,2019-12-31 09:31:59.800,4110.4000,36657,-1,535738680.000,5,2,3,多平,S,4109.8000,4109.4000,4109.0000,4108.8000,4108.2000,4110.6000,4110.8000,4111.0000,4111.2000,4111.4000,1,1,1,4,1,1,3,4,2,2
SF,IF2003,2019-12-31 09:32:00.300,4110.4000,36657,0,535738680.000,0,-,-,-,-,4109.8000,4109.4000,4109.0000,4108.8000,4108.2000,4110.6000,4110.8000,4111.0000,4111.2000,4111.4000,1,1,1,4,1,1,2,4,2,2
SF,IF2003,2019-12-31 09:32:00.800,4110.4000,36657,0,535738680.000,0,-,-,-,-,4110.0000,4109.8000,4109.4000,4109.0000,4108.8000,4110.4000,4110.8000,4111.0000,4111.2000,4111.4000,1,1,1,1,4,5,2,4,2,2
SF,IF2003,2019-12-31 09:32:01.300,4110.4000,36657,0,535738680.000,0,-,-,-,-,4110.0000,4109.8000,4109.4000,4109.0000,4108.8000,4110.4000,4110.8000,4111.0000,4111.2000,4111.4000,1,1,1,1,4,5,2,4,2,2
SF,IF2003,2019-12-31 09:32:01.800,4110.4000,36657,0,535738680.000,0,-,-,-,-,4109.8000,4109.4000,4109.0000,4108.8000,4108.2000,4110.4000,4110.8000,4111.0000,4111.2000,4111.4000,1,1,1,4,1,6,2,4,2,2
SF,IF2003,2019-12-31 09:32:02.300,4110.4000,36656,-1,538204920.000,2,0,2,多平,S,4109.8000,4109.4000,4109.0000,4108.8000,4108.2000,4110.2000,4110.4000,4110.6000,4110.8000,4111.0000,1,1,1,4,1,3,6,1,2,4
SF,IF2003,2019-12-31 09:32:02.800,4109.8000,36656,0,539437860.000,1,0,1,多换,S,4109.4000,4109.0000,4108.8000,4108.2000,4107.6000,4110.0000,4110.4000,4110.8000,4111.0000,4111.2000,1,1,4,1,11,1,6,2,4,2
SF,IF2003,2019-12-31 09:32:03.300,4109.8000,36656,0,539437860.000,0,-,-,-,-,4109.4000,4109.0000,4108.8000,4108.2000,4107.6000,4109.8000,4110.0000,4110.4000,4110.6000,4110.8000,1,1,4,1,11,1,1,6,1,2
SF,IF2003,2019-12-31 09:32:03.800,4109.8000,36656,0,540670800.000,1,0,1,多换,S,4109.4000,4109.0000,4108.8000,4108.2000,4107.6000,4110.0000,4110.4000,4110.6000,4110.8000,4111.0000,2,1,4,1,11,1,6,1,2,4
SF,IF2003,2019-12-31 09:32:04.300,4109.8000,36656,0,540670800.000,0,-,-,-,-,4109.6000,4109.4000,4109.0000,4108.8000,4108.2000,4110.2000,4110.4000,4110.6000,4110.8000,4111.0000,1,3,1,4,1,1,6,1,2,4
SF,IF2003,2019-12-31 09:32:04.800,4109.6000,36655,-1,541903680.000,1,0,1,双平,S,4109.4000,4108.8000,4108.2000,4107.6000,4107.4000,4109.8000,4110.2000,4110.4000,4110.6000,4110.8000,3,4,1,11,1,5,1,6,1,2
SF,IF2003,2019-12-31 09:32:05.300,4109.6000,36653,-2,549300660.000,6,2,4,多平,S,4108.8000,4108.2000,4107.6000,4107.4000,4107.0000,4109.8000,4110.2000,4110.4000,4110.6000,4110.8000,4,3,11,1,1,5,1,6,1,2
SF,IF2003,2019-12-31 09:32:05.800,4109.6000,36653,0,549300660.000,0,-,-,-,-,4108.8000,4108.2000,4107.6000,4107.4000,4107.0000,4109.6000,4109.8000,4110.2000,4110.4000,4110.6000,4,3,11,1,1,1,5,1,6,1
SF,IF2003,2019-12-31 09:32:06.300,4109.6000,36653,0,549300660.000,0,-,-,-,-,4109.0000,4108.8000,4108.2000,4107.6000,4107.4000,4109.6000,4109.8000,4110.2000,4110.4000,4110.6000,2,4,3,11,1,1,5,1,6,1
SF,IF2003,2019-12-31 09:32:06.800,4109.6000,36653,0,549300660.000,0,-,-,-,-,4109.0000,4108.8000,4108.2000,4107.6000,4107.4000,4109.8000,4110.2000,4110.4000,4110.6000,4110.8000,2,3,3,11,1,5,1,6,1,2
SF,IF2003,2019-12-31 09:32:07.300,4109.6000,36653,0,549300660.000,0,-,-,-,-,4109.2000,4109.0000,4108.8000,4108.2000,4107.6000,4109.4000,4109.6000,4109.8000,4110.2000,4110.4000,1,1,3,3,11,6,5,5,1,6
SF,IF2003,2019-12-31 09:32:07.800,4109.0000,36650,-3,552998820.000,3,0,3,双平,S,4108.8000,4108.2000,4107.6000,4107.4000,4107.0000,4109.0000,4109.4000,4109.6000,4109.8000,4110.2000,3,3,11,1,1,1,6,6,5,1
SF,IF2003,2019-12-31 09:32:08.300,4109.0000,36649,-1,554231520.000,1,0,1,双平,S,4109.0000,4108.8000,4108.2000,4107.6000,4107.4000,4109.4000,4109.6000,4109.8000,4110.2000,4110.4000,5,3,3,11,1,1,1,5,1,6
SF,IF2003,2019-12-31 09:32:08.800,4109.0000,36648,-1,556696920.000,2,0,2,多平,S,4109.0000,4108.8000,4108.2000,4107.6000,4107.4000,4109.2000,4109.4000,4109.6000,4109.8000,4110.2000,1,3,3,11,1,5,1,1,5,1
SF,IF2003,2019-12-31 09:32:09.300,4109.0000,36647,-1,557929620.000,1,0,1,双平,S,4109.0000,4108.8000,4108.2000,4107.6000,4107.4000,4109.2000,4109.6000,4109.8000,4110.2000,4110.4000,1,3,3,11,1,5,1,5,1,6
SF,IF2003,2019-12-31 09:32:09.800,4109.0000,36646,-1,559162320.000,1,0,1,双平,S,4108.8000,4108.2000,4107.6000,4107.4000,4107.0000,4109.0000,4109.2000,4109.6000,4109.8000,4110.2000,3,3,11,1,1,1,5,1,5,1
SF,IF2003,2019-12-31 09:32:10.300,4109.2000,36646,0,561627780.000,2,1,1,多换,S,4109.0000,4108.8000,4108.2000,4107.6000,4107.4000,4109.2000,4109.6000,4109.8000,4110.2000,4110.4000,1,3,3,11,1,4,1,5,1,6
SF,IF2003,2019-12-31 09:32:10.800,4109.2000,36643,-3,565326060.000,3,0,3,双平,S,4109.0000,4108.8000,4108.2000,4107.6000,4107.4000,4109.6000,4109.8000,4110.2000,4110.4000,4110.6000,1,3,3,11,1,1,5,1,6,1
SF,IF2003,2019-12-31 09:32:11.800,4109.0000,36643,0,566558760.000,1,0,1,多换,S,4108.8000,4108.2000,4107.6000,4107.4000,4107.0000,4109.0000,4109.6000,4109.8000,4110.2000,4110.4000,3,3,11,1,1,2,2,5,1,6
SF,IF2003,2019-12-31 09:32:12.300,4108.8000,36643,0,569024040.000,2,1,1,多换,S,4108.8000,4108.2000,4107.6000,4107.4000,4107.0000,4109.0000,4109.6000,4109.8000,4110.2000,4110.4000,1,3,11,1,1,2,2,5,1,6
SF,IF2003,2019-12-31 09:32:12.800,4108.2000,36643,0,571489140.000,2,1,1,多换,S,4108.2000,4107.6000,4107.4000,4107.0000,4105.8000,4108.8000,4109.0000,4109.6000,4109.8000,4110.2000,2,11,1,1,1,2,2,2,5,1
SF,IF2003,2019-12-31 09:32:13.300,4109.0000,36642,-1,572721840.000,1,0,1,双平,S,4108.2000,4107.6000,4107.4000,4107.0000,4105.8000,4109.0000,4109.6000,4109.8000,4110.2000,4110.4000,2,11,1,1,1,1,2,5,1,6
SF,IF2003,2019-12-31 09:32:13.800,4109.0000,36642,0,572721840.000,0,-,-,-,-,4108.2000,4107.6000,4107.4000,4107.0000,4105.8000,4108.8000,4109.0000,4109.6000,4109.8000,4110.2000,3,11,1,1,1,1,3,2,5,1
SF,IF2003,2019-12-31 09:32:14.300,4109.0000,36642,0,572721840.000,0,-,-,-,-,4108.2000,4107.6000,4107.4000,4107.0000,4105.8000,4109.0000,4109.6000,4109.8000,4110.2000,4110.4000,4,11,1,1,1,3,2,5,1,6
SF,IF2003,2019-12-31 09:32:14.800,4109.0000,36642,0,572721840.000,0,-,-,-,-,4108.2000,4107.6000,4107.4000,4107.0000,4105.8000,4109.0000,4109.6000,4109.8000,4110.2000,4110.4000,4,11,1,1,1,1,2,5,1,6
SF,IF2003,2019-12-31 09:32:15.300,4109.0000,36642,0,572721840.000,0,-,-,-,-,4108.2000,4107.6000,4107.4000,4107.0000,4105.8000,4109.0000,4109.6000,4109.8000,4110.2000,4110.4000,4,11,1,1,1,1,2,5,1,6
SF,IF2003,2019-12-31 09:32:15.800,4109.0000,36642,0,572721840.000,0,-,-,-,-,4108.2000,4107.6000,4107.4000,4107.0000,4105.8000,4109.0000,4109.6000,4109.8000,4110.2000,4110.4000,4,11,1,1,1,1,2,5,1,6
SF,IF2003,2019-12-31 09:32:16.300,4108.2000,36638,-4,580116780.000,6,1,5,多平,S,4108.2000,4107.6000,4107.4000,4107.0000,4105.8000,4109.0000,4109.6000,4109.8000,4110.2000,4110.4000,1,11,1,1,1,1,2,5,1,6
SF,IF2003,2019-12-31 09:32:16.800,4108.2000,36638,0,580116780.000,0,-,-,-,-,4108.2000,4107.6000,4107.4000,4107.0000,4105.8000,4109.0000,4109.6000,4109.8000,4110.2000,4110.4000,1,11,1,1,1,3,2,5,1,6
SF,IF2003,2019-12-31 09:32:17.300,4108.2000,36638,0,580116780.000,0,-,-,-,-,4108.2000,4107.6000,4107.4000,4107.0000,4105.8000,4109.0000,4109.6000,4109.8000,4110.2000,4110.4000,1,11,1,1,1,1,2,5,1,6
SF,IF2003,2019-12-31 09:32:17.800,4108.2000,36638,0,580116780.000,0,-,-,-,-,4108.2000,4107.6000,4107.4000,4107.0000,4105.8000,4109.0000,4109.6000,4109.8000,4110.2000,4110.4000,1,11,1,1,1,3,2,5,1,6
SF,IF2003,2019-12-31 09:32:18.300,4108.2000,36638,0,580116780.000,0,-,-,-,-,4108.2000,4107.6000,4107.4000,4107.0000,4105.8000,4109.0000,4109.6000,4109.8000,4110.0000,4110.2000,1,11,1,1,1,3,2,5,2,1
SF,IF2003,2019-12-31 09:32:18.800,4108.2000,36638,0,580116780.000,0,-,-,-,-,4108.2000,4107.6000,4107.4000,4107.0000,4105.8000,4109.0000,4109.6000,4109.8000,4110.0000,4110.2000,2,11,1,1,1,1,2,5,2,1
SF,IF2003,2019-12-31 09:32:19.300,4108.8000,36637,-1,581349420.000,1,0,1,双平,S,4108.2000,4107.6000,4107.4000,4107.0000,4105.8000,4108.8000,4109.0000,4109.6000,4109.8000,4110.0000,2,11,1,1,1,1,3,2,5,2
SF,IF2003,2019-12-31 09:32:19.800,4108.2000,36636,-1,583814340.000,2,0,2,多平,S,4107.6000,4107.4000,4107.0000,4105.8000,4105.6000,4108.2000,4109.0000,4109.6000,4109.8000,4110.0000,11,1,1,1,1,1,3,2,5,2
SF,IF2003,2019-12-31 09:32:20.300,4108.2000,36635,-1,585046800.000,1,0,1,双平,S,4108.2000,4107.6000,4107.4000,4107.0000,4105.8000,4109.0000,4109.6000,4110.0000,4110.2000,4110.4000,4,11,1,1,1,3,2,2,1,6
SF,IF2003,2019-12-31 09:32:20.800,4108.2000,36635,0,585046800.000,0,-,-,-,-,4108.2000,4107.8000,4107.6000,4107.4000,4107.0000,4108.8000,4109.0000,4109.6000,4110.0000,4110.2000,2,1,11,1,1,1,3,2,2,1
SF,IF2003,2019-12-31 09:32:21.300,4109.0000,36633,-2,587512140.000,2,0,2,双平,S,4107.8000,4107.6000,4107.4000,4107.0000,4105.8000,4109.0000,4109.6000,4110.0000,4110.2000,4110.4000,1,11,1,1,1,2,2,2,1,6
SF,IF2003,2019-12-31 09:32:21.800,4109.0000,36633,0,587512140.000,0,-,-,-,-,4108.4000,4108.0000,4107.8000,4107.6000,4107.4000,4108.8000,4109.0000,4109.6000,4110.0000,4110.2000,1,1,1,11,1,1,1,2,2,1
SF,IF2003,2019-12-31 09:32:22.300,4108.4000,36633,0,588744660.000,1,0,1,多换,S,4107.8000,4107.6000,4107.4000,4107.0000,4105.8000,4108.8000,4109.6000,4110.0000,4110.2000,4110.4000,1,11,1,1,1,1,2,2,1,6
SF,IF2003,2019-12-31 09:32:23.300,4108.8000,36633,0,589977300.000,1,0,1,多换,S,4107.8000,4107.6000,4107.4000,4107.0000,4105.8000,4109.6000,4110.0000,4110.2000,4110.4000,4110.6000,1,11,1,1,1,2,2,1,6,1
SF,IF2003,2019-12-31 09:32:23.800,4107.8000,36632,-1,592442040.000,2,0,2,多平,S,4107.8000,4107.6000,4107.4000,4107.0000,4105.8000,4109.0000,4109.4000,4109.6000,4110.0000,4110.2000,1,11,1,1,1,4,4,2,2,1
SF,IF2003,2019-12-31 09:32:24.300,4107.8000,36632,0,592442040.000,0,-,-,-,-,4108.0000,4107.8000,4107.6000,4107.4000,4107.0000,4108.6000,4108.8000,4109.0000,4109.4000,4109.6000,1,2,11,1,1,5,2,4,2,2
SF,IF2003,2019-12-31 09:32:24.800,4107.8000,36631,-1,593674380.000,1,0,1,双平,S,4107.8000,4107.6000,4107.4000,4107.0000,4105.8000,4108.8000,4109.4000,4109.6000,4110.0000,4110.2000,2,11,1,1,1,1,2,2,2,1
SF,IF2003,2019-12-31 09:32:25.300,4107.8000,36631,0,593674380.000,0,-,-,-,-,4108.2000,4108.0000,4107.8000,4107.6000,4107.4000,4108.8000,4109.4000,4109.6000,4110.0000,4110.2000,1,1,2,11,1,1,2,2,2,1
SF,IF2003,2019-12-31 09:32:25.800,4108.2000,36630,-1,594906840.000,1,0,1,双平,S,4107.8000,4107.6000,4107.4000,4107.0000,4105.8000,4109.4000,4109.6000,4110.0000,4110.2000,4110.4000,2,11,1,1,1,2,2,2,1,5
SF,IF2003,2019-12-31 09:32:26.300,4108.2000,36630,0,594906840.000,0,-,-,-,-,4108.0000,4107.8000,4107.6000,4107.4000,4107.0000,4109.2000,4109.4000,4109.6000,4110.0000,4110.2000,1,2,11,1,1,7,2,2,2,1
SF,IF2003,2019-12-31 09:32:26.800,4108.2000,36630,0,594906840.000,0,-,-,-,-,4108.0000,4107.8000,4107.6000,4107.4000,4107.0000,4109.2000,4109.4000,4109.6000,4110.0000,4110.2000,3,2,11,1,1,6,2,2,2,1
SF,IF2003,2019-12-31 09:32:27.300,4108.2000,36630,0,594906840.000,0,-,-,-,-,4108.2000,4108.0000,4107.8000,4107.6000,4107.4000,4109.2000,4109.4000,4109.6000,4110.0000,4110.2000,1,3,2,11,1,5,2,2,2,1
SF,IF2003,2019-12-31 09:32:27.800,4108.2000,36630,0,594906840.000,0,-,-,-,-,4108.4000,4108.2000,4108.0000,4107.8000,4107.6000,4109.6000,4110.0000,4110.2000,4110.4000,4110.6000,1,2,1,2,11,2,2,1,5,1
SF,IF2003,2019-12-31 09:32:28.300,4108.2000,36630,0,594906840.000,0,-,-,-,-,4108.4000,4108.0000,4107.8000,4107.6000,4107.4000,4109.6000,4110.0000,4110.2000,4110.4000,4110.6000,2,1,2,11,1,2,2,1,5,1
SF,IF2003,2019-12-31 09:32:28.800,4109.6000,36629,-1,596139720.000,1,0,1,双平,S,4108.6000,4108.4000,4108.0000,4107.8000,4107.6000,4109.6000,4110.0000,4110.2000,4110.4000,4110.6000,1,3,1,1,11,1,2,1,5,1
SF,IF2003,2019-12-31 09:32:29.300,4109.6000,36629,0,597372600.000,1,0,1,多换,S,4108.6000,4108.4000,4108.0000,4107.6000,4107.4000,4110.0000,4110.2000,4110.4000,4110.6000,4110.8000,4,1,1,11,1,2,1,5,1,2
SF,IF2003,2019-12-31 09:32:29.800,4109.6000,36629,0,597372600.000,0,-,-,-,-,4108.8000,4108.6000,4108.4000,4107.6000,4107.4000,4109.6000,4109.8000,4110.0000,4110.2000,4110.4000,2,3,1,11,1,5,1,2,1,5
SF,IF2003,2019-12-31 09:32:30.300,4108.8000,36629,0,598605240.000,1,0,1,多换,S,4108.8000,4108.6000,4108.4000,4107.6000,4107.4000,4110.0000,4110.2000,4110.4000,4110.6000,4110.8000,1,3,1,11,1,2,1,5,1,2
SF,IF2003,2019-12-31 09:32:30.800,4108.8000,36629,0,598605240.000,0,-,-,-,-,4108.8000,4108.6000,4108.4000,4107.6000,4107.4000,4109.8000,4110.0000,4110.2000,4110.4000,4110.6000,1,3,1,11,1,6,2,1,5,1
SF,IF2003,2019-12-31 09:32:31.300,4108.8000,36629,0,598605240.000,0,-,-,-,-,4109.0000,4108.8000,4108.6000,4108.4000,4108.0000,4109.6000,4109.8000,4110.0000,4110.2000,4110.4000,1,1,2,1,1,5,6,2,1,5
SF,IF2003,2019-12-31 09:32:31.800,4109.0000,36628,-1,599837940.000,1,0,1,双平,S,4108.8000,4108.6000,4108.4000,4108.0000,4107.6000,4109.6000,4109.8000,4110.0000,4110.2000,4110.4000,1,2,1,1,11,5,6,2,1,5
SF,IF2003,2019-12-31 09:32:32.300,4109.0000,36628,0,599837940.000,0,-,-,-,-,4108.8000,4108.6000,4108.4000,4108.0000,4107.6000,4109.6000,4109.8000,4110.0000,4110.2000,4110.4000,1,1,1,1,11,5,6,2,1,5
SF,IF2003,2019-12-31 09:32:33.300,4109.0000,36628,0,599837940.000,0,-,-,-,-,4108.8000,4108.6000,4108.4000,4108.0000,4107.6000,4109.4000,4109.6000,4109.8000,4110.0000,4110.2000,1,1,1,1,11,4,5,6,2,1
SF,IF2003,2019-12-31 09:32:33.800,4109.4000,36627,-1,601070760.000,1,0,1,双平,S,4108.8000,4108.6000,4108.0000,4107.6000,4107.4000,4109.4000,4109.6000,4109.8000,4110.0000,4110.2000,2,1,1,11,1,3,5,6,2,1
SF,IF2003,2019-12-31 09:32:34.300,4109.4000,36627,0,601070760.000,0,-,-,-,-,4108.8000,4108.6000,4108.0000,4107.6000,4107.4000,4109.0000,4109.2000,4109.4000,4109.6000,4109.8000,2,1,1,11,1,1,5,3,5,6
SF,IF2003,2019-12-31 09:32:34.800,4109.0000,36625,-2,603536100.000,2,0,2,双平,S,4108.8000,4108.0000,4107.6000,4107.4000,4107.0000,4109.2000,4109.4000,4109.6000,4109.8000,4110.0000,2,1,11,1,1,5,3,5,6,2
SF,IF2003,2019-12-31 09:32:35.300,4108.8000,36624,-1,604768740.000,1,0,1,双平,S,4108.8000,4108.0000,4107.6000,4107.4000,4107.0000,4109.2000,4109.4000,4109.6000,4109.8000,4110.0000,1,1,11,1,1,5,3,5,6,2
SF,IF2003,2019-12-31 09:32:35.800,4108.8000,36624,0,604768740.000,0,-,-,-,-,4108.8000,4108.0000,4107.6000,4107.4000,4107.0000,4109.2000,4109.4000,4109.6000,4109.8000,4110.0000,1,1,11,1,1,5,3,5,6,2
SF,IF2003,2019-12-31 09:32:36.300,4108.8000,36624,0,604768740.000,0,-,-,-,-,4108.8000,4108.0000,4107.6000,4107.4000,4107.0000,4109.2000,4109.4000,4109.6000,4109.8000,4110.0000,1,1,11,1,1,5,4,5,6,2
SF,IF2003,2019-12-31 09:32:36.800,4109.2000,36623,-1,606001500.000,1,0,1,双平,S,4108.8000,4108.0000,4107.6000,4107.4000,4107.0000,4109.2000,4109.4000,4109.6000,4109.8000,4110.0000,1,1,11,1,1,4,4,5,6,2
SF,IF2003,2019-12-31 09:32:37.300,4109.2000,36623,0,606001500.000,0,-,-,-,-,4108.8000,4108.0000,4107.6000,4107.4000,4107.0000,4109.4000,4109.6000,4109.8000,4110.0000,4110.2000,1,1,11,1,1,1,5,6,2,1
SF,IF2003,2019-12-31 09:32:37.800,4108.8000,36622,-1,607234140.000,1,0,1,双平,S,4108.0000,4107.6000,4107.4000,4107.0000,4105.8000,4109.2000,4109.4000,4109.6000,4109.8000,4110.0000,1,11,1,1,1,5,1,5,6,2
SF,IF2003,2019-12-31 09:32:38.300,4109.0000,36621,-1,608466840.000,1,0,1,双平,S,4108.2000,4108.0000,4107.6000,4107.4000,4107.0000,4109.0000,4109.2000,4109.4000,4109.6000,4109.8000,1,1,11,1,1,1,5,1,5,6
SF,IF2003,2019-12-31 09:32:38.800,4109.0000,36621,0,608466840.000,0,-,-,-,-,4108.2000,4108.0000,4107.6000,4107.4000,4107.0000,4109.0000,4109.4000,4109.6000,4109.8000,4110.0000,2,1,11,1,1,1,1,5,6,2
SF,IF2003,2019-12-31 09:32:39.300,4109.0000,36621,0,609699540.000,1,0,1,多换,S,4108.2000,4108.0000,4107.6000,4107.4000,4107.0000,4109.4000,4109.6000,4109.8000,4110.0000,4110.2000,3,1,11,1,1,1,5,6,2,1
SF,IF2003,2019-12-31 09:32:39.800,4109.0000,36621,0,609699540.000,0,-,-,-,-,4108.4000,4108.2000,4108.0000,4107.6000,4107.4000,4109.2000,4109.4000,4109.6000,4109.8000,4110.0000,3,3,1,11,1,1,1,5,6,2
SF,IF2003,2019-12-31 09:32:40.800,4108.2000,36622,1,617094480.000,6,3,3,空开,S,4108.0000,4107.6000,4107.4000,4107.0000,4105.8000,4108.2000,4109.2000,4109.4000,4109.6000,4109.8000,1,11,1,1,1,3,1,1,5,5
SF,IF2003,2019-12-31 09:32:41.300,4108.2000,36622,0,625721700.000,7,3,4,多换,S,4108.2000,4108.0000,4107.6000,4107.4000,4107.0000,4109.2000,4109.4000,4110.0000,4110.2000,4110.4000,9,1,11,1,1,1,1,2,1,5
SF,IF2003,2019-12-31 09:32:41.800,4109.2000,36621,-1,626954460.000,1,0,1,双平,S,4108.2000,4108.0000,4107.6000,4107.4000,4107.0000,4109.4000,4110.0000,4110.2000,4110.4000,4110.6000,7,1,11,1,1,1,2,1,5,1
SF,IF2003,2019-12-31 09:32:42.300,4109.2000,36621,0,626954460.000,0,-,-,-,-,4108.4000,4108.2000,4108.0000,4107.6000,4107.4000,4109.2000,4109.4000,4110.0000,4110.2000,4110.4000,1,7,1,11,1,3,1,2,1,5
SF,IF2003,2019-12-31 09:32:42.800,4109.2000,36621,0,628187220.000,1,0,1,多换,S,4108.4000,4108.2000,4108.0000,4107.6000,4107.4000,4109.2000,4109.4000,4110.0000,4110.2000,4110.4000,1,7,1,11,1,1,1,2,1,5
SF,IF2003,2019-12-31 09:32:43.300,4109.2000,36621,0,628187220.000,0,-,-,-,-,4108.4000,4108.2000,4108.0000,4107.6000,4107.4000,4109.4000,4110.0000,4110.2000,4110.4000,4110.6000,1,7,1,11,1,1,2,1,5,1
SF,IF2003,2019-12-31 09:32:43.800,4109.2000,36621,0,628187220.000,0,-,-,-,-,4108.4000,4108.2000,4108.0000,4107.6000,4107.4000,4109.4000,4110.0000,4110.2000,4110.4000,4110.6000,2,7,1,11,1,1,2,1,5,1
SF,IF2003,2019-12-31 09:32:44.300,4109.2000,36621,0,628187220.000,0,-,-,-,-,4108.4000,4108.2000,4108.0000,4107.6000,4107.4000,4109.4000,4110.0000,4110.2000,4110.4000,4110.6000,3,7,1,11,1,1,2,1,5,1
SF,IF2003,2019-12-31 09:32:44.800,4109.2000,36621,0,628187220.000,0,-,-,-,-,4108.4000,4108.2000,4108.0000,4107.6000,4107.4000,4109.4000,4110.0000,4110.2000,4110.4000,4110.6000,3,7,1,11,1,1,2,1,5,1
SF,IF2003,2019-12-31 09:32:45.300,4109.4000,36620,-1,629420040.000,1,0,1,双平,S,4108.4000,4108.2000,4108.0000,4107.6000,4107.4000,4110.0000,4110.2000,4110.4000,4110.6000,4111.0000,3,7,1,11,1,2,1,5,1,4
SF,IF2003,2019-12-31 09:32:45.800,4109.8000,36620,0,630652980.000,1,0,1,多换,S,4108.6000,4108.4000,4108.2000,4108.0000,4107.6000,4110.0000,4110.2000,4110.4000,4110.6000,4111.0000,2,3,7,1,11,2,1,5,1,4
SF,IF2003,2019-12-31 09:32:46.300,4110.0000,36619,-1,633118980.000,2,0,2,多平,S,4108.8000,4108.6000,4108.4000,4108.2000,4108.0000,4110.2000,4110.4000,4110.6000,4111.0000,4111.2000,7,2,3,6,1,1,5,1,4,2
SF,IF2003,2019-12-31 09:32:46.800,4110.0000,36619,0,633118980.000,0,-,-,-,-,4109.0000,4108.8000,4108.4000,4108.2000,4108.0000,4110.2000,4110.4000,4110.6000,4111.0000,4111.2000,6,4,2,6,1,1,5,1,4,2
SF,IF2003,2019-12-31 09:32:47.300,4110.0000,36619,0,633118980.000,0,-,-,-,-,4109.2000,4109.0000,4108.8000,4108.4000,4108.2000,4110.2000,4110.4000,4110.6000,4111.0000,4111.2000,2,4,6,2,6,1,5,1,4,2
SF,IF2003,2019-12-31 09:32:47.800,4110.0000,36619,0,634351980.000,1,0,1,多换,S,4109.4000,4109.2000,4109.0000,4108.8000,4108.4000,4110.2000,4110.4000,4110.6000,4111.0000,4111.2000,1,2,1,6,2,1,5,1,4,2
SF,IF2003,2019-12-31 09:32:48.300,4110.0000,36619,0,634351980.000,0,-,-,-,-,4109.4000,4109.0000,4108.8000,4108.4000,4108.2000,4110.0000,4110.2000,4110.4000,4110.6000,4111.0000,1,1,4,2,6,2,1,5,1,4
SF,IF2003,2019-12-31 09:32:48.800,4110.0000,36618,-1,635584980.000,1,0,1,双平,S,4109.4000,4108.8000,4108.4000,4108.2000,4108.0000,4110.0000,4110.2000,4110.4000,4110.6000,4111.0000,2,4,1,6,1,1,1,5,1,4
SF,IF2003,2019-12-31 09:32:49.300,4110.0000,36617,-1,636817980.000,1,0,1,双平,S,4109.4000,4108.8000,4108.4000,4108.2000,4108.0000,4110.2000,4110.4000,4110.6000,4111.0000,4111.2000,3,4,1,6,1,1,5,1,4,2
SF,IF2003,2019-12-31 09:32:49.800,4110.0000,36617,0,636817980.000,0,-,-,-,-,4109.4000,4108.8000,4108.4000,4108.2000,4108.0000,4110.0000,4110.2000,4110.4000,4110.6000,4111.0000,2,4,1,6,1,1,1,5,1,4
SF,IF2003,2019-12-31 09:32:50.300,4110.0000,36617,0,636817980.000,0,-,-,-,-,4109.4000,4108.8000,4108.4000,4108.2000,4108.0000,4110.2000,4110.4000,4110.6000,4111.0000,4111.2000,2,4,1,6,1,1,5,1,4,2
SF,IF2003,2019-12-31 09:32:50.800,4110.0000,36617,0,636817980.000,0,-,-,-,-,4109.4000,4108.8000,4108.4000,4108.2000,4108.0000,4110.2000,4110.4000,4110.6000,4111.0000,4111.2000,2,4,1,7,1,1,5,1,4,2
SF,IF2003,2019-12-31 09:32:51.300,4110.0000,36617,0,636817980.000,0,-,-,-,-,4109.6000,4109.4000,4108.8000,4108.4000,4108.2000,4110.2000,4110.4000,4110.6000,4111.0000,4111.2000,2,2,4,1,6,1,5,1,4,2
SF,IF2003,2019-12-31 09:32:52.300,4110.2000,36617,0,644216580.000,6,3,3,多换,S,4109.6000,4109.4000,4108.8000,4108.4000,4108.2000,4110.4000,4110.6000,4111.0000,4111.2000,4111.4000,2,2,4,1,6,1,1,4,2,2
SF,IF2003,2019-12-31 09:32:52.800,4110.2000,36617,0,644216580.000,0,-,-,-,-,4109.8000,4109.4000,4108.8000,4108.4000,4108.2000,4110.4000,4110.6000,4111.0000,4111.2000,4111.4000,2,2,4,1,6,1,1,4,2,2
SF,IF2003,2019-12-31 09:32:53.800,4110.4000,36617,0,645449700.000,1,0,1,多换,S,4110.0000,4109.8000,4109.4000,4108.8000,4108.4000,4110.6000,4111.0000,4111.2000,4111.4000,4111.6000,1,3,1,4,1,1,4,2,2,3
SF,IF2003,2019-12-31 09:32:54.300,4110.6000,36616,-1,646682880.000,1,0,1,双平,S,4110.0000,4109.8000,4108.8000,4108.4000,4108.2000,4111.0000,4111.2000,4111.4000,4111.6000,4111.8000,1,3,4,1,6,4,2,2,3,5
SF,IF2003,2019-12-31 09:32:54.800,4110.8000,36615,-1,647916120.000,1,0,1,双平,S,4110.4000,4110.0000,4109.8000,4108.8000,4108.4000,4111.0000,4111.2000,4111.4000,4111.6000,4111.8000,2,1,1,4,1,4,2,2,3,5
SF,IF2003,2019-12-31 09:32:55.300,4110.8000,36615,0,647916120.000,0,-,-,-,-,4110.4000,4110.0000,4109.8000,4108.8000,4108.4000,4111.0000,4111.2000,4111.4000,4111.6000,4111.8000,2,1,1,4,1,4,2,2,3,5
SF,IF2003,2019-12-31 09:32:55.800,4111.0000,36615,0,650382720.000,2,1,1,多换,S,4110.4000,4110.0000,4109.8000,4108.8000,4108.4000,4111.0000,4111.2000,4111.4000,4111.6000,4111.8000,2,1,1,4,1,2,2,2,3,5
SF,IF2003,2019-12-31 09:32:57.300,4111.0000,36615,0,651616020.000,1,0,1,多换,S,4110.4000,4110.0000,4109.8000,4108.8000,4108.4000,4111.0000,4111.2000,4111.4000,4111.6000,4111.8000,2,1,1,4,1,1,2,2,3,5
SF,IF2003,2019-12-31 09:32:58.800,4111.0000,36615,0,652849320.000,1,0,1,多换,S,4110.4000,4110.0000,4108.8000,4108.4000,4108.2000,4111.0000,4111.2000,4111.4000,4111.6000,4111.8000,3,1,4,1,4,1,2,2,3,5
SF,IF2003,2019-12-31 09:32:59.300,4111.0000,36614,-1,654082620.000,1,0,1,双平,S,4110.4000,4108.8000,4108.4000,4108.2000,4108.0000,4111.2000,4111.4000,4111.6000,4111.8000,4112.0000,3,4,1,4,1,2,2,3,5,1
SF,IF2003,2019-12-31 09:32:59.800,4111.0000,36614,0,654082620.000,0,-,-,-,-,4110.4000,4108.8000,4108.4000,4108.2000,4108.0000,4111.2000,4111.4000,4111.6000,4111.8000,4112.0000,3,4,1,4,1,2,2,3,5,1
SF,IF2003,2019-12-31 09:33:00.300,4111.0000,36614,0,654082620.000,0,-,-,-,-,4110.4000,4108.8000,4108.4000,4108.2000,4108.0000,4111.0000,4111.2000,4111.4000,4111.6000,4111.8000,3,4,1,4,1,2,2,2,3,5
SF,IF2003,2019-12-31 09:33:01.300,4111.0000,36614,0,654082620.000,0,-,-,-,-,4110.4000,4108.8000,4108.4000,4108.2000,4108.0000,4111.0000,4111.2000,4111.4000,4111.6000,4111.8000,3,4,1,4,2,2,2,2,3,5
SF,IF2003,2019-12-31 09:33:02.300,4111.0000,36615,1,656549220.000,2,1,1,空开,S,4111.0000,4110.4000,4108.8000,4108.4000,4108.2000,4111.2000,4111.4000,4111.6000,4111.8000,4112.0000,3,3,4,1,4,2,2,3,5,1
SF,IF2003,2019-12-31 09:33:02.800,4111.0000,36615,0,660249120.000,3,1,2,多换,S,4110.4000,4108.8000,4108.4000,4108.2000,4108.0000,4110.8000,4111.0000,4111.2000,4111.4000,4111.6000,3,4,1,4,2,1,4,2,2,3
SF,IF2003,2019-12-31 09:33:03.300,4111.0000,36615,0,661482420.000,1,0,1,多换,S,4110.4000,4108.8000,4108.4000,4108.2000,4108.0000,4111.0000,4111.2000,4111.4000,4111.6000,4111.8000,2,4,1,4,1,3,2,2,3,5
SF,IF2003,2019-12-31 09:33:03.800,4111.0000,36615,0,662715720.000,1,0,1,多换,S,4110.4000,4108.8000,4108.4000,4108.2000,4108.0000,4111.2000,4111.4000,4111.6000,4111.8000,4112.0000,2,4,1,4,1,2,2,3,5,1
SF,IF2003,2019-12-31 09:33:04.300,4111.0000,36615,0,662715720.000,0,-,-,-,-,4110.6000,4110.4000,4108.8000,4108.4000,4108.2000,4111.2000,4111.4000,4111.6000,4111.8000,4112.0000,1,2,4,1,4,2,2,3,5,1
SF,IF2003,2019-12-31 09:33:04.800,4111.0000,36615,0,662715720.000,0,-,-,-,-,4110.4000,4108.8000,4108.4000,4108.2000,4108.0000,4111.2000,4111.4000,4111.6000,4111.8000,4112.0000,2,4,1,4,1,2,2,3,5,1
SF,IF2003,2019-12-31 09:33:05.300,4111.0000,36615,0,662715720.000,0,-,-,-,-,4110.4000,4108.8000,4108.4000,4108.2000,4108.0000,4111.2000,4111.4000,4111.6000,4111.8000,4112.0000,2,4,1,4,1,2,2,3,5,1
SF,IF2003,2019-12-31 09:33:05.800,4111.2000,36615,0,663949080.000,1,0,1,多换,S,4111.0000,4110.6000,4110.4000,4108.8000,4108.4000,4111.2000,4111.4000,4111.6000,4111.8000,4112.0000,1,2,2,4,1,1,2,3,5,1
SF,IF2003,2019-12-31 09:33:06.300,4111.0000,36615,0,665182380.000,1,0,1,多换,S,4110.6000,4110.4000,4108.8000,4108.4000,4108.2000,4111.0000,4111.2000,4111.4000,4111.6000,4111.8000,2,2,4,1,4,1,1,2,3,5
SF,IF2003,2019-12-31 09:33:06.800,4111.0000,36615,0,665182380.000,0,-,-,-,-,4110.6000,4110.4000,4108.8000,4108.4000,4108.2000,4111.0000,4111.2000,4111.4000,4111.6000,4111.8000,2,10,4,1,4,1,1,2,3,5
SF,IF2003,2019-12-31 09:33:07.300,4111.0000,36615,0,665182380.000,0,-,-,-,-,4110.8000,4110.6000,4110.4000,4108.8000,4108.4000,4111.2000,4111.4000,4111.6000,4111.8000,4112.0000,2,2,10,4,1,1,2,3,5,1
SF,IF2003,2019-12-31 09:33:07.800,4111.0000,36615,0,665182380.000,0,-,-,-,-,4110.8000,4110.6000,4110.4000,4108.8000,4108.4000,4111.2000,4111.4000,4111.6000,4111.8000,4112.0000,2,2,10,4,1,1,2,3,5,1
SF,IF2003,2019-12-31 09:33:08.300,4111.2000,36614,-1,666415740.000,1,0,1,双平,S,4111.2000,4111.0000,4110.8000,4110.6000,4110.4000,4111.4000,4111.6000,4111.8000,4112.0000,4112.2000,1,1,2,2,10,2,3,5,1,2
SF,IF2003,2019-12-31 09:33:08.800,4111.2000,36613,-1,670115880.000,3,1,2,多平,S,4111.0000,4110.8000,4110.4000,4108.8000,4108.4000,4111.4000,4111.6000,4111.8000,4112.0000,4112.2000,1,2,9,4,1,1,3,5,1,2
SF,IF2003,2019-12-31 09:33:12.300,4111.4000,36612,-1,671349300.000,1,0,1,双平,S,4111.2000,4111.0000,4110.4000,4108.8000,4108.4000,4111.6000,4111.8000,4112.0000,4112.2000,4112.4000,3,1,9,4,1,3,6,1,2,2
SF,IF2003,2019-12-31 09:33:12.800,4111.6000,36611,-1,672582780.000,1,0,1,双平,S,4111.2000,4111.0000,4110.4000,4108.8000,4108.4000,4111.6000,4111.8000,4112.0000,4112.2000,4112.4000,3,1,9,4,1,2,6,1,2,2
SF,IF2003,2019-12-31 09:33:13.300,4111.6000,36610,-1,673816260.000,1,0,1,双平,S,4111.2000,4111.0000,4110.4000,4108.8000,4108.4000,4111.6000,4111.8000,4112.0000,4112.2000,4112.4000,3,1,9,4,1,1,6,1,2,2
SF,IF2003,2019-12-31 09:33:13.800,4111.6000,36610,0,673816260.000,0,-,-,-,-,4111.2000,4111.0000,4110.4000,4108.8000,4108.4000,4111.6000,4111.8000,4112.0000,4112.2000,4112.4000,1,1,9,4,1,1,6,1,2,2
SF,IF2003,2019-12-31 09:33:14.300,4111.2000,36609,-1,675049620.000,1,0,1,双平,S,4111.4000,4111.0000,4110.4000,4108.8000,4108.4000,4111.6000,4111.8000,4112.0000,4112.2000,4112.4000,1,1,9,4,1,1,6,1,2,2
SF,IF2003,2019-12-31 09:33:14.800,4111.6000,36610,1,682450200.000,6,3,3,空开,S,4111.0000,4110.4000,4108.8000,4108.4000,4108.2000,4111.8000,4112.0000,4112.2000,4112.4000,4112.6000,1,9,4,1,4,6,2,2,2,3
SF,IF2003,2019-12-31 09:33:15.300,4111.6000,36610,0,682450200.000,0,-,-,-,-,4111.0000,4110.4000,4108.8000,4108.4000,4108.2000,4111.6000,4111.8000,4112.0000,4112.2000,4112.4000,1,9,4,1,4,5,6,2,2,2
SF,IF2003,2019-12-31 09:33:15.800,4111.6000,36609,-1,683683680.000,1,0,1,双平,S,4111.0000,4110.4000,4110.0000,4108.8000,4108.4000,4111.6000,4111.8000,4112.0000,4112.2000,4112.4000,1,9,1,4,1,4,6,2,2,2
SF,IF2003,2019-12-31 09:33:16.300,4111.6000,36609,0,683683680.000,0,-,-,-,-,4111.0000,4110.4000,4110.0000,4108.8000,4108.4000,4111.8000,4112.0000,4112.2000,4112.4000,4112.6000,1,9,1,4,1,6,2,2,2,3
SF,IF2003,2019-12-31 09:33:16.800,4111.6000,36609,0,683683680.000,0,-,-,-,-,4111.0000,4110.4000,4110.0000,4108.8000,4108.4000,4111.8000,4112.0000,4112.2000,4112.4000,4112.6000,3,9,1,4,1,6,2,2,2,3
SF,IF2003,2019-12-31 09:33:17.300,4111.6000,36609,0,683683680.000,0,-,-,-,-,4111.0000,4110.4000,4110.0000,4108.8000,4108.4000,4111.8000,4112.0000,4112.2000,4112.4000,4112.6000,1,9,1,4,1,6,2,2,2,3
SF,IF2003,2019-12-31 09:33:17.800,4111.6000,36609,0,683683680.000,0,-,-,-,-,4111.2000,4111.0000,4110.4000,4110.0000,4108.8000,4111.8000,4112.0000,4112.2000,4112.4000,4112.6000,1,1,9,1,4,6,2,2,2,3
SF,IF2003,2019-12-31 09:33:18.300,4111.6000,36609,0,683683680.000,0,-,-,-,-,4111.0000,4110.4000,4110.0000,4108.8000,4108.4000,4111.6000,4111.8000,4112.0000,4112.2000,4112.4000,1,9,1,4,1,5,6,2,2,2
SF,IF2003,2019-12-31 09:33:18.800,4111.6000,36609,0,683683680.000,0,-,-,-,-,4111.0000,4110.4000,4110.0000,4108.8000,4108.4000,4111.8000,4112.0000,4112.2000,4112.4000,4112.6000,2,9,1,4,1,6,2,2,2,3
SF,IF2003,2019-12-31 09:33:19.300,4111.6000,36609,0,683683680.000,0,-,-,-,-,4111.2000,4111.0000,4110.4000,4110.0000,4108.8000,4111.8000,4112.0000,4112.2000,4112.4000,4112.6000,2,2,9,1,4,6,2,2,2,3
SF,IF2003,2019-12-31 09:33:19.800,4111.6000,36609,0,683683680.000,0,-,-,-,-,4111.2000,4111.0000,4110.4000,4110.0000,4108.8000,4111.6000,4111.8000,4112.0000,4112.2000,4112.4000,2,2,9,1,4,5,6,2,2,2
SF,IF2003,2019-12-31 09:33:20.300,4111.0000,36610,1,687383700.000,3,2,1,空开,S,4111.0000,4110.4000,4110.0000,4108.8000,4108.4000,4111.8000,4112.0000,4112.2000,4112.4000,4112.6000,1,9,1,4,1,6,2,2,2,3
SF,IF2003,2019-12-31 09:33:20.800,4111.0000,36610,0,688617000.000,1,0,1,多换,S,4110.4000,4110.0000,4108.8000,4108.4000,4108.2000,4110.6000,4111.4000,4111.8000,4112.0000,4112.2000,9,1,4,1,4,1,5,6,2,2
SF,IF2003,2019-12-31 09:33:21.300,4110.6000,36611,1,692316540.000,3,2,1,空开,S,4110.6000,4110.4000,4110.0000,4108.8000,4108.4000,4111.8000,4112.0000,4112.2000,4112.4000,4112.6000,4,12,1,4,1,6,2,2,2,3
SF,IF2003,2019-12-31 09:33:21.800,4111.6000,36613,2,694783200.000,2,2,0,双开,S,4110.8000,4110.6000,4110.4000,4110.0000,4108.8000,4111.6000,4111.8000,4112.0000,4112.2000,4112.4000,2,4,9,1,4,3,6,2,2,2
SF,IF2003,2019-12-31 09:33:22.300,4111.6000,36613,0,694783200.000,0,-,-,-,-,4110.8000,4110.6000,4110.4000,4110.0000,4108.8000,4111.6000,4111.8000,4112.0000,4112.2000,4112.4000,2,4,9,1,4,2,6,2,2,2
SF,IF2003,2019-12-31 09:33:22.800,4111.6000,36613,0,696016680.000,1,0,1,多换,S,4110.8000,4110.6000,4110.4000,4110.0000,4108.8000,4111.6000,4111.8000,4112.0000,4112.2000,4112.4000,2,4,9,1,4,1,6,2,2,2
SF,IF2003,2019-12-31 09:33:23.300,4111.6000,36613,0,696016680.000,0,-,-,-,-,4111.0000,4110.8000,4110.6000,4110.4000,4110.0000,4111.8000,4112.0000,4112.2000,4112.4000,4112.6000,2,2,4,9,1,6,2,2,2,3
SF,IF2003,2019-12-31 09:33:23.800,4111.6000,36613,0,696016680.000,0,-,-,-,-,4111.0000,4110.8000,4110.6000,4110.4000,4110.0000,4111.8000,4112.0000,4112.2000,4112.4000,4112.6000,3,2,4,9,1,6,2,2,2,3
SF,IF2003,2019-12-31 09:33:24.300,4111.6000,36613,0,696016680.000,0,-,-,-,-,4111.0000,4110.8000,4110.6000,4110.4000,4110.0000,4111.6000,4111.8000,4112.0000,4112.2000,4112.4000,3,2,4,9,1,5,6,2,2,2
SF,IF2003,2019-12-31 09:33:24.800,4111.6000,36612,-1,698483640.000,2,0,2,多平,S,4111.0000,4110.8000,4110.6000,4110.4000,4110.0000,4111.6000,4111.8000,4112.0000,4112.2000,4112.4000,2,2,4,9,1,3,6,2,2,2
SF,IF2003,2019-12-31 09:33:25.300,4111.6000,36612,0,698483640.000,0,-,-,-,-,4111.0000,4110.8000,4110.6000,4110.4000,4110.0000,4111.6000,4111.8000,4112.0000,4112.2000,4112.4000,2,2,4,9,1,3,6,2,2,2
SF,IF2003,2019-12-31 09:33:25.800,4111.6000,36612,0,698483640.000,0,-,-,-,-,4111.0000,4110.8000,4110.6000,4110.4000,4110.0000,4111.6000,4111.8000,4112.0000,4112.2000,4112.4000,2,2,4,9,1,4,6,2,2,2
SF,IF2003,2019-12-31 09:33:26.300,4111.6000,36612,0,698483640.000,0,-,-,-,-,4111.0000,4110.8000,4110.6000,4110.4000,4110.0000,4111.6000,4111.8000,4112.0000,4112.2000,4112.4000,1,2,4,9,1,1,6,2,2,2
SF,IF2003,2019-12-31 09:33:26.800,4111.6000,36612,0,698483640.000,0,-,-,-,-,4111.0000,4110.8000,4110.6000,4110.4000,4110.0000,4111.6000,4111.8000,4112.0000,4112.2000,4112.4000,1,2,4,9,1,1,6,2,2,2
SF,IF2003,2019-12-31 09:33:27.300,4111.6000,36612,0,698483640.000,0,-,-,-,-,4111.0000,4110.8000,4110.6000,4110.4000,4110.0000,4111.6000,4111.8000,4112.0000,4112.2000,4112.4000,2,2,4,9,1,1,6,2,2,2
SF,IF2003,2019-12-31 09:33:27.800,4111.6000,36612,0,698483640.000,0,-,-,-,-,4111.0000,4110.8000,4110.6000,4110.4000,4110.0000,4111.6000,4111.8000,4112.0000,4112.2000,4112.4000,2,2,1,9,1,1,6,2,2,2
SF,IF2003,2019-12-31 09:33:28.300,4111.6000,36612,0,699717120.000,1,0,1,多换,S,4111.0000,4110.8000,4110.6000,4110.4000,4110.0000,4111.4000,4111.6000,4111.8000,4112.0000,4112.2000,2,2,1,9,1,3,1,6,2,2
SF,IF2003,2019-12-31 09:33:28.800,4111.0000,36612,0,700950420.000,1,0,1,多换,S,4111.4000,4111.0000,4110.8000,4110.6000,4110.4000,4111.6000,4111.8000,4112.0000,4112.2000,4112.4000,1,2,3,1,9,1,6,2,2,2
SF,IF2003,2019-12-31 09:33:29.300,4111.6000,36611,-1,702183900.000,1,0,1,双平,S,4111.6000,4111.0000,4110.8000,4110.6000,4110.4000,4111.8000,4112.0000,4112.2000,4112.4000,4112.6000,1,3,3,1,9,6,2,2,2,3
SF,IF2003,2019-12-31 09:33:29.800,4111.8000,36606,-5,709585140.000,6,0,6,多平,S,4111.0000,4110.8000,4110.6000,4110.4000,4110.0000,4112.0000,4112.2000,4112.4000,4112.6000,4112.8000,3,3,1,9,1,2,2,2,3,2
SF,IF2003,2019-12-31 09:33:30.300,4112.2000,36606,0,713286000.000,3,1,2,多换,S,4111.2000,4111.0000,4110.8000,4110.6000,4110.4000,4112.2000,4112.4000,4112.6000,4112.8000,4113.0000,7,3,1,1,9,1,2,3,2,2
SF,IF2003,2019-12-31 09:33:30.800,4112.2000,36603,-3,716987040.000,3,0,3,双平,S,4111.4000,4111.2000,4111.0000,4110.8000,4110.6000,4112.4000,4112.6000,4112.8000,4113.0000,4113.2000,5,1,3,1,1,1,3,2,2,2
SF,IF2003,2019-12-31 09:33:31.300,4112.2000,36603,0,716987040.000,0,-,-,-,-,4111.6000,4111.2000,4111.0000,4110.8000,4110.6000,4112.4000,4112.6000,4112.8000,4113.0000,4113.2000,6,2,3,1,1,1,3,2,2,2
SF,IF2003,2019-12-31 09:33:31.800,4112.4000,36602,-1,718220760.000,1,0,1,双平,S,4112.0000,4111.8000,4111.6000,4111.2000,4111.0000,4112.6000,4112.8000,4113.0000,4113.2000,4113.4000,1,4,1,2,3,3,2,2,2,2
SF,IF2003,2019-12-31 09:33:32.300,4112.0000,36602,0,719454360.000,1,0,1,多换,S,4111.8000,4111.6000,4111.2000,4111.0000,4110.8000,4112.6000,4112.8000,4113.0000,4113.2000,4113.4000,4,1,2,3,1,3,2,2,2,2
SF,IF2003,2019-12-31 09:33:32.800,4112.0000,36602,0,719454360.000,0,-,-,-,-,4111.8000,4111.6000,4111.2000,4111.0000,4110.8000,4112.6000,4112.8000,4113.0000,4113.2000,4113.4000,2,1,2,3,1,3,2,2,2,2
SF,IF2003,2019-12-31 09:33:33.300,4112.0000,36602,0,719454360.000,0,-,-,-,-,4112.0000,4111.8000,4111.2000,4111.0000,4110.8000,4112.6000,4112.8000,4113.0000,4113.2000,4113.4000,1,2,2,3,1,3,2,2,2,2
SF,IF2003,2019-12-31 09:33:33.800,4112.6000,36601,-1,720688140.000,1,0,1,双平,S,4112.0000,4111.8000,4111.2000,4111.0000,4110.8000,4112.6000,4112.8000,4113.0000,4113.2000,4113.4000,2,2,2,2,1,2,2,2,2,2
SF,IF2003,2019-12-31 09:33:34.300,4112.6000,36601,0,720688140.000,0,-,-,-,-,4112.0000,4111.8000,4111.2000,4111.0000,4110.8000,4112.6000,4112.8000,4113.0000,4113.2000,4113.4000,2,2,2,2,1,2,2,2,2,2
SF,IF2003,2019-12-31 09:33:35.300,4112.0000,36598,-3,725622900.000,4,0,4,多平,S,4111.8000,4111.2000,4111.0000,4110.8000,4110.6000,4112.0000,4112.8000,4113.0000,4113.2000,4113.4000,2,2,2,1,1,1,3,2,2,2
SF,IF2003,2019-12-31 09:33:35.800,4112.0000,36597,-1,726856500.000,1,0,1,双平,S,4112.0000,4111.6000,4111.2000,4111.0000,4110.8000,4112.8000,4113.0000,4113.2000,4113.4000,4113.6000,4,2,2,2,1,3,2,2,2,5
SF,IF2003,2019-12-31 09:33:36.300,4112.0000,36597,0,726856500.000,0,-,-,-,-,4112.2000,4112.0000,4111.6000,4111.2000,4111.0000,4112.8000,4113.0000,4113.2000,4113.4000,4113.6000,2,4,2,2,2,3,2,2,2,5
SF,IF2003,2019-12-31 09:33:36.800,4112.0000,36597,0,726856500.000,0,-,-,-,-,4112.2000,4112.0000,4111.6000,4111.2000,4111.0000,4112.8000,4113.0000,4113.2000,4113.4000,4113.6000,2,4,2,1,2,3,2,2,2,5
SF,IF2003,2019-12-31 09:33:37.300,4112.0000,36597,0,726856500.000,0,-,-,-,-,4112.2000,4112.0000,4111.6000,4111.2000,4111.0000,4112.8000,4113.0000,4113.2000,4113.4000,4113.6000,2,4,2,1,2,3,2,2,2,5
SF,IF2003,2019-12-31 09:33:37.800,4112.8000,36596,-1,728090340.000,1,0,1,双平,S,4112.2000,4112.0000,4111.6000,4111.2000,4111.0000,4112.8000,4113.0000,4113.2000,4113.4000,4113.6000,2,4,2,1,2,2,2,2,2,5
SF,IF2003,2019-12-31 09:33:38.300,4112.8000,36596,0,728090340.000,0,-,-,-,-,4112.2000,4112.0000,4111.6000,4111.2000,4111.0000,4112.8000,4113.0000,4113.2000,4113.4000,4113.6000,2,4,2,1,2,2,2,2,2,5
SF,IF2003,2019-12-31 09:33:38.800,4112.8000,36596,0,728090340.000,0,-,-,-,-,4112.2000,4112.0000,4111.6000,4111.2000,4111.0000,4112.8000,4113.0000,4113.2000,4113.4000,4113.6000,3,4,2,1,2,2,2,2,2,5
SF,IF2003,2019-12-31 09:33:39.300,4112.2000,36595,-1,730557660.000,2,0,2,多平,S,4112.0000,4111.6000,4111.2000,4111.0000,4110.8000,4112.2000,4112.8000,4113.0000,4113.2000,4113.4000,4,2,1,2,1,4,2,2,2,2
SF,IF2003,2019-12-31 09:33:39.800,4112.2000,36591,-4,735492300.000,4,0,4,双平,S,4112.2000,4112.0000,4111.2000,4111.0000,4110.8000,4112.8000,4113.0000,4113.2000,4113.4000,4113.6000,4,6,1,2,1,2,2,2,2,5
SF,IF2003,2019-12-31 09:33:40.800,4112.8000,36590,-1,736726140.000,1,0,1,双平,S,4112.2000,4112.0000,4111.2000,4111.0000,4110.8000,4112.8000,4113.0000,4113.2000,4113.4000,4113.6000,4,6,1,2,1,1,2,2,2,5
SF,IF2003,2019-12-31 09:33:41.300,4112.8000,36590,0,736726140.000,0,-,-,-,-,4112.2000,4112.0000,4111.2000,4111.0000,4110.8000,4112.8000,4113.0000,4113.2000,4113.4000,4113.6000,4,4,1,2,1,1,2,2,2,5
SF,IF2003,2019-12-31 09:33:43.300,4112.8000,36590,0,737959980.000,1,0,1,多换,S,4112.2000,4112.0000,4111.2000,4111.0000,4110.8000,4113.0000,4113.2000,4113.4000,4113.6000,4113.8000,4,4,1,2,1,2,2,2,5,2
SF,IF2003,2019-12-31 09:33:43.800,4112.8000,36590,0,737959980.000,0,-,-,-,-,4112.2000,4112.0000,4111.2000,4111.0000,4110.8000,4113.0000,4113.2000,4113.4000,4113.6000,4113.8000,5,4,1,2,1,2,2,2,5,2
SF,IF2003,2019-12-31 09:33:44.300,4112.8000,36589,-1,739193820.000,1,0,1,双平,S,4112.2000,4112.0000,4111.2000,4111.0000,4110.8000,4112.6000,4112.8000,4113.0000,4113.2000,4113.4000,5,4,1,2,1,4,8,2,2,2
SF,IF2003,2019-12-31 09:33:44.800,4112.2000,36583,-6,750296580.000,9,1,8,多平,S,4112.0000,4111.2000,4111.0000,4110.8000,4110.6000,4112.2000,4112.4000,4112.6000,4112.8000,4113.0000,1,1,2,1,1,3,5,4,8,2
SF,IF2003,2019-12-31 09:33:45.300,4112.0000,36581,-2,752763780.000,2,0,2,双平,S,4111.2000,4111.0000,4110.8000,4110.6000,4110.4000,4112.0000,4112.2000,4112.4000,4112.6000,4112.8000,1,2,1,1,9,5,1,5,4,8
SF,IF2003,2019-12-31 09:33:45.800,4112.0000,36581,0,752763780.000,0,-,-,-,-,4111.2000,4111.0000,4110.8000,4110.6000,4110.4000,4111.8000,4112.0000,4112.2000,4112.4000,4112.6000,1,2,1,1,9,2,2,1,5,4
SF,IF2003,2019-12-31 09:33:46.300,4112.0000,36581,0,752763780.000,0,-,-,-,-,4111.2000,4111.0000,4110.6000,4110.4000,4110.2000,4111.8000,4112.0000,4112.2000,4112.4000,4112.6000,1,2,1,9,1,2,2,1,5,4
SF,IF2003,2019-12-31 09:33:46.800,4111.8000,36580,-1,756464220.000,3,1,2,多平,S,4111.0000,4110.6000,4110.4000,4110.2000,4110.0000,4112.0000,4112.2000,4112.4000,4112.6000,4112.8000,2,1,9,1,1,2,1,5,4,5
SF,IF2003,2019-12-31 09:33:47.300,4111.8000,36580,0,756464220.000,0,-,-,-,-,4111.0000,4110.6000,4110.4000,4110.2000,4110.0000,4111.8000,4112.0000,4112.2000,4112.4000,4112.6000,2,1,9,1,1,2,2,1,5,4
SF,IF2003,2019-12-31 09:33:47.800,4111.8000,36580,0,756464220.000,0,-,-,-,-,4111.0000,4110.6000,4110.4000,4110.2000,4110.0000,4112.0000,4112.2000,4112.4000,4112.6000,4112.8000,2,1,9,1,1,2,1,5,4,5
SF,IF2003,2019-12-31 09:33:48.300,4111.8000,36580,0,757697760.000,1,0,1,多换,S,4111.0000,4110.6000,4110.4000,4110.2000,4110.0000,4111.8000,4112.0000,4112.2000,4112.4000,4112.6000,2,1,9,1,1,9,2,1,5,4
SF,IF2003,2019-12-31 09:33:48.800,4111.8000,36580,0,761398380.000,3,1,2,多换,S,4111.0000,4110.6000,4110.4000,4110.2000,4110.0000,4111.8000,4112.0000,4112.2000,4112.4000,4112.6000,3,1,9,1,1,1,2,1,5,4
SF,IF2003,2019-12-31 09:33:50.300,4111.0000,36580,0,763865220.000,2,1,1,多换,S,4111.0000,4110.6000,4110.4000,4110.2000,4110.0000,4112.0000,4112.2000,4112.4000,4112.6000,4112.8000,2,1,9,1,1,2,1,5,4,5
SF,IF2003,2019-12-31 09:33:50.800,4111.0000,36580,0,763865220.000,0,-,-,-,-,4111.2000,4111.0000,4110.6000,4110.4000,4110.2000,4111.6000,4111.8000,4112.0000,4112.2000,4112.4000,3,2,1,9,1,3,5,2,1,5
SF,IF2003,2019-12-31 09:33:51.300,4111.0000,36580,0,763865220.000,0,-,-,-,-,4111.2000,4111.0000,4110.6000,4110.4000,4110.2000,4111.8000,4112.0000,4112.2000,4112.4000,4112.6000,3,3,1,9,1,3,2,1,5,4
SF,IF2003,2019-12-31 09:33:51.800,4111.0000,36580,0,763865220.000,0,-,-,-,-,4111.2000,4111.0000,4110.6000,4110.4000,4110.2000,4111.8000,4112.0000,4112.2000,4112.4000,4112.6000,3,3,1,9,1,3,2,1,5,4
SF,IF2003,2019-12-31 09:33:52.300,4111.0000,36580,0,765098520.000,1,0,1,多换,S,4111.2000,4111.0000,4110.6000,4110.4000,4110.2000,4111.8000,4112.0000,4112.2000,4112.4000,4112.6000,2,3,1,9,1,3,3,1,5,4
SF,IF2003,2019-12-31 09:33:52.800,4111.0000,36580,0,765098520.000,0,-,-,-,-,4111.2000,4111.0000,4110.6000,4110.4000,4110.2000,4111.8000,4112.0000,4112.2000,4112.4000,4112.6000,1,3,1,9,1,2,1,1,5,4
SF,IF2003,2019-12-31 09:33:53.300,4111.0000,36580,0,765098520.000,0,-,-,-,-,4111.2000,4111.0000,4110.6000,4110.4000,4110.2000,4112.0000,4112.2000,4112.4000,4112.6000,4112.8000,1,3,1,9,1,1,1,5,4,1
SF,IF2003,2019-12-31 09:33:53.800,4111.8000,36579,-1,770032680.000,4,1,3,多平,S,4111.2000,4111.0000,4110.6000,4110.4000,4110.2000,4111.8000,4112.0000,4112.2000,4112.4000,4112.6000,1,2,1,9,1,1,1,1,5,4
SF,IF2003,2019-12-31 09:33:54.300,4111.8000,36579,0,770032680.000,0,-,-,-,-,4111.2000,4111.0000,4110.6000,4110.4000,4110.2000,4112.0000,4112.2000,4112.4000,4112.6000,4112.8000,1,2,1,9,1,1,1,5,4,1
SF,IF2003,2019-12-31 09:33:54.800,4111.8000,36579,0,770032680.000,0,-,-,-,-,4111.2000,4111.0000,4110.6000,4110.4000,4110.2000,4111.8000,4112.0000,4112.2000,4112.4000,4112.6000,1,2,1,9,1,5,1,1,5,4
SF,IF2003,2019-12-31 09:33:55.800,4111.8000,36579,0,770032680.000,0,-,-,-,-,4111.2000,4111.0000,4110.6000,4110.4000,4110.2000,4112.0000,4112.2000,4112.4000,4112.6000,4112.8000,1,2,1,9,1,1,1,5,4,1
SF,IF2003,2019-12-31 09:33:56.800,4111.8000,36579,0,770032680.000,0,-,-,-,-,4111.8000,4111.2000,4111.0000,4110.6000,4110.4000,4112.0000,4112.2000,4112.4000,4112.6000,4112.8000,1,1,2,1,9,1,1,5,4,1
SF,IF2003,2019-12-31 09:33:57.300,4111.8000,36579,0,771266220.000,1,0,1,多换,S,4111.2000,4111.0000,4110.6000,4110.4000,4110.2000,4111.8000,4112.0000,4112.2000,4112.4000,4112.6000,1,2,1,9,1,7,1,1,5,4
SF,IF2003,2019-12-31 09:33:58.300,4111.8000,36579,0,771266220.000,0,-,-,-,-,4111.2000,4111.0000,4110.6000,4110.4000,4110.2000,4111.8000,4112.0000,4112.2000,4112.4000,4112.6000,1,2,1,9,1,2,1,1,5,4
SF,IF2003,2019-12-31 09:33:58.800,4111.8000,36580,1,773733300.000,2,1,1,空开,S,4111.2000,4111.0000,4110.6000,4110.4000,4110.2000,4112.0000,4112.2000,4112.4000,4112.6000,4112.8000,1,2,1,9,1,1,1,5,4,1
SF,IF2003,2019-12-31 09:33:59.300,4111.8000,36580,0,773733300.000,0,-,-,-,-,4111.2000,4111.0000,4110.6000,4110.4000,4110.2000,4111.6000,4111.8000,4112.0000,4112.2000,4112.4000,3,2,1,9,1,5,5,1,1,5
SF,IF2003,2019-12-31 09:33:59.800,4111.8000,36580,0,774966840.000,1,0,1,多换,S,4111.2000,4111.0000,4110.6000,4110.4000,4110.2000,4111.6000,4111.8000,4112.0000,4112.2000,4112.4000,3,2,1,9,1,5,5,3,1,5
SF,IF2003,2019-12-31 09:34:00.300,4111.2000,36579,-1,776200200.000,1,0,1,双平,S,4111.2000,4111.0000,4110.6000,4110.4000,4110.2000,4111.8000,4112.0000,4112.2000,4112.4000,4112.6000,3,2,1,9,1,5,3,1,5,4
SF,IF2003,2019-12-31 09:34:00.800,4111.4000,36579,0,777433620.000,1,0,1,多换,S,4111.2000,4111.0000,4110.6000,4110.4000,4110.2000,4111.4000,4111.8000,4112.0000,4112.2000,4112.4000,3,2,1,9,1,4,6,3,1,5
SF,IF2003,2019-12-31 09:34:01.300,4111.2000,36577,-2,782367060.000,4,1,3,多平,S,4111.0000,4110.6000,4110.4000,4110.2000,4110.0000,4111.2000,4111.4000,4111.8000,4112.0000,4112.2000,2,1,9,1,1,1,4,5,3,1
SF,IF2003,2019-12-31 09:34:01.800,4111.0000,36577,0,784833660.000,2,1,1,多换,S,4111.0000,4110.6000,4110.4000,4110.2000,4110.0000,4111.2000,4111.4000,4111.8000,4112.0000,4112.2000,1,1,9,1,1,1,4,5,3,1
SF,IF2003,2019-12-31 09:34:02.300,4111.0000,36576,-1,786066960.000,1,0,1,双平,S,4110.8000,4110.6000,4110.4000,4110.2000,4110.0000,4111.0000,4111.2000,4111.4000,4111.8000,4112.0000,1,1,9,1,1,6,1,4,5,3
SF,IF2003,2019-12-31 09:34:02.800,4111.2000,36574,-2,788533620.000,2,0,2,双平,S,4111.2000,4110.6000,4110.4000,4110.2000,4110.0000,4111.4000,4111.8000,4112.0000,4112.2000,4112.4000,1,1,9,1,1,4,5,3,1,1
SF,IF2003,2019-12-31 09:34:03.300,4111.2000,36573,-1,789766980.000,1,0,1,双平,S,4110.6000,4110.4000,4110.2000,4110.0000,4109.8000,4111.0000,4111.2000,4111.4000,4111.8000,4112.0000,1,9,1,1,1,1,6,4,5,3
SF,IF2003,2019-12-31 09:34:03.800,4111.2000,36573,0,791000340.000,1,0,1,多换,S,4110.6000,4110.4000,4110.2000,4110.0000,4109.8000,4111.4000,4111.8000,4112.0000,4112.2000,4112.4000,2,9,1,1,1,4,5,3,1,1
SF,IF2003,2019-12-31 09:34:04.800,4111.2000,36573,0,791000340.000,0,-,-,-,-,4110.6000,4110.4000,4110.2000,4110.0000,4109.8000,4110.8000,4111.2000,4111.4000,4111.8000,4112.0000,2,9,1,1,1,4,1,4,5,3
SF,IF2003,2019-12-31 09:34:05.300,4110.8000,36570,-3,795933300.000,4,0,4,多平,S,4110.6000,4110.4000,4110.2000,4110.0000,4109.8000,4111.4000,4111.8000,4112.0000,4112.2000,4112.4000,2,9,1,1,1,4,5,3,1,1
SF,IF2003,2019-12-31 09:34:05.800,4110.8000,36570,0,795933300.000,0,-,-,-,-,4110.8000,4110.6000,4110.4000,4110.2000,4110.0000,4111.8000,4112.0000,4112.2000,4112.4000,4112.6000,1,2,9,1,1,5,3,1,1,1
SF,IF2003,2019-12-31 09:34:06.300,4110.8000,36570,0,795933300.000,0,-,-,-,-,4110.8000,4110.6000,4110.4000,4110.2000,4110.0000,4111.6000,4111.8000,4112.0000,4112.2000,4112.4000,1,2,9,1,1,7,5,3,1,1
SF,IF2003,2019-12-31 09:34:06.800,4110.8000,36570,0,795933300.000,0,-,-,-,-,4110.6000,4110.4000,4110.2000,4110.0000,4109.8000,4111.2000,4111.4000,4111.6000,4111.8000,4112.0000,2,9,1,1,1,5,1,7,5,3
SF,IF2003,2019-12-31 09:34:07.300,4110.4000,36567,-3,800865900.000,4,0,4,多平,S,4110.4000,4110.2000,4110.0000,4109.8000,4108.8000,4110.8000,4111.0000,4111.2000,4111.4000,4111.6000,7,1,1,1,4,1,1,5,2,5
SF,IF2003,2019-12-31 09:34:07.800,4110.4000,36564,-3,804565260.000,3,0,3,双平,S,4110.4000,4110.2000,4110.0000,4108.8000,4108.2000,4110.6000,4110.8000,4111.0000,4111.2000,4111.4000,4,1,1,4,4,5,1,2,5,2
SF,IF2003,2019-12-31 09:34:08.300,4110.4000,36560,-4,809497740.000,4,0,4,双平,S,4110.2000,4110.0000,4108.8000,4108.4000,4108.2000,4110.6000,4110.8000,4111.0000,4111.2000,4111.4000,1,1,4,1,4,5,2,2,5,2
SF,IF2003,2019-12-31 09:34:08.800,4110.6000,36557,-3,815663640.000,5,1,4,多平,S,4110.2000,4110.0000,4108.8000,4108.4000,4108.2000,4110.8000,4111.0000,4111.2000,4111.4000,4111.6000,2,1,4,1,4,1,2,5,2,5
SF,IF2003,2019-12-31 09:34:09.300,4110.8000,36556,-1,816896880.000,1,0,1,双平,S,4110.2000,4110.0000,4108.8000,4108.4000,4108.2000,4111.0000,4111.2000,4111.4000,4111.6000,4112.0000,2,1,4,1,4,2,5,2,5,3
SF,IF2003,2019-12-31 09:34:09.800,4110.8000,36556,0,816896880.000,0,-,-,-,-,4110.4000,4110.2000,4110.0000,4108.8000,4108.4000,4110.8000,4111.0000,4111.2000,4111.4000,4111.6000,1,2,1,4,1,5,2,5,1,5
SF,IF2003,2019-12-31 09:34:10.300,4110.8000,36555,-1,818130120.000,1,0,1,双平,S,4110.4000,4110.2000,4110.0000,4108.8000,4108.4000,4110.8000,4111.0000,4111.2000,4111.4000,4111.6000,1,2,1,4,1,4,1,5,1,5
SF,IF2003,2019-12-31 09:34:10.800,4110.4000,36556,1,819363240.000,1,1,0,双开,S,4110.2000,4110.0000,4108.8000,4108.4000,4108.2000,4111.0000,4111.2000,4111.4000,4111.6000,4112.0000,2,2,4,1,4,1,5,1,5,3
SF,IF2003,2019-12-31 09:34:11.300,4110.4000,36556,0,819363240.000,0,-,-,-,-,4110.2000,4110.0000,4108.8000,4108.4000,4108.2000,4110.4000,4110.8000,4111.0000,4111.2000,4111.4000,2,2,4,1,4,5,1,1,5,1
SF,IF2003,2019-12-31 09:34:11.800,4110.4000,36555,-1,820596360.000,1,0,1,双平,S,4110.2000,4110.0000,4108.8000,4108.4000,4108.2000,4111.0000,4111.2000,4111.4000,4112.0000,4112.2000,2,2,4,1,4,1,5,1,3,1
SF,IF2003,2019-12-31 09:34:12.300,4110.4000,36555,0,820596360.000,0,-,-,-,-,4110.4000,4110.2000,4110.0000,4108.8000,4108.4000,4110.8000,4111.0000,4111.2000,4111.4000,4112.0000,1,2,2,4,1,5,1,5,1,3
SF,IF2003,2019-12-31 09:34:12.800,4110.4000,36554,-1,821829480.000,1,0,1,双平,S,4110.2000,4110.0000,4108.8000,4108.4000,4108.2000,4110.8000,4111.0000,4111.2000,4111.4000,4112.0000,2,2,4,1,4,5,1,5,1,3
SF,IF2003,2019-12-31 09:34:13.300,4110.4000,36554,0,821829480.000,0,-,-,-,-,4110.2000,4110.0000,4108.8000,4108.4000,4108.2000,4110.8000,4111.0000,4111.2000,4111.4000,4112.0000,2,3,4,1,4,5,1,5,1,3
SF,IF2003,2019-12-31 09:34:13.800,4110.4000,36554,0,821829480.000,0,-,-,-,-,4110.2000,4110.0000,4108.8000,4108.4000,4108.2000,4111.0000,4111.2000,4111.4000,4112.0000,4112.2000,2,3,4,1,4,1,5,1,3,1
SF,IF2003,2019-12-31 09:34:14.300,4111.2000,36554,0,835395780.000,11,5,6,多换,S,4110.2000,4110.0000,4108.8000,4108.4000,4108.2000,4110.4000,4111.4000,4112.0000,4112.2000,4112.4000,2,3,4,1,4,1,1,3,1,1
SF,IF2003,2019-12-31 09:34:14.800,4110.4000,36553,-1,836628900.000,1,0,1,双平,S,4110.4000,4110.2000,4110.0000,4108.8000,4108.4000,4111.4000,4112.0000,4112.2000,4112.4000,4112.6000,2,2,3,4,1,1,3,1,1,1
SF,IF2003,2019-12-31 09:34:15.300,4110.4000,36553,0,836628900.000,0,-,-,-,-,4110.4000,4110.2000,4110.0000,4108.8000,4108.4000,4111.2000,4111.4000,4112.0000,4112.2000,4112.4000,2,4,3,4,1,2,1,3,1,1
SF,IF2003,2019-12-31 09:34:15.800,4110.4000,36553,0,836628900.000,0,-,-,-,-,4110.6000,4110.4000,4110.2000,4110.0000,4108.8000,4111.0000,4111.2000,4111.4000,4112.0000,4112.2000,1,2,4,3,4,5,2,1,3,1
SF,IF2003,2019-12-31 09:34:16.300,4111.0000,36552,-1,837862200.000,1,0,1,双平,S,4110.4000,4110.2000,4110.0000,4108.8000,4108.4000,4111.0000,4111.2000,4111.4000,4111.6000,4112.0000,1,4,3,4,1,4,2,1,1,3
SF,IF2003,2019-12-31 09:34:16.800,4111.0000,36552,0,837862200.000,0,-,-,-,-,4110.4000,4110.2000,4110.0000,4108.8000,4108.4000,4111.6000,4112.0000,4112.2000,4112.4000,4112.6000,1,4,3,4,1,1,3,1,1,1
SF,IF2003,2019-12-31 09:34:17.300,4110.4000,36551,-1,839095320.000,1,0,1,双平,S,4110.2000,4110.0000,4108.8000,4108.4000,4108.2000,4111.0000,4111.2000,4111.4000,4111.6000,4112.0000,4,3,4,1,4,1,4,2,1,3
SF,IF2003,2019-12-31 09:34:17.800,4110.4000,36551,0,839095320.000,0,-,-,-,-,4110.2000,4110.0000,4108.8000,4108.4000,4108.2000,4111.0000,4111.2000,4111.6000,4112.0000,4112.2000,4,3,4,1,4,1,4,1,3,1
SF,IF2003,2019-12-31 09:34:18.300,4110.4000,36551,0,839095320.000,0,-,-,-,-,4110.4000,4110.2000,4110.0000,4108.8000,4108.4000,4111.0000,4111.2000,4111.6000,4112.0000,4112.2000,1,4,3,4,1,1,4,1,3,1
SF,IF2003,2019-12-31 09:34:18.800,4111.0000,36550,-1,840328620.000,1,0,1,双平,S,4110.4000,4110.2000,4110.0000,4108.8000,4108.4000,4111.2000,4111.6000,4112.0000,4112.2000,4112.4000,1,3,3,4,1,4,1,3,1,1
SF,IF2003,2019-12-31 09:34:19.300,4111.0000,36550,0,840328620.000,0,-,-,-,-,4110.4000,4110.2000,4110.0000,4108.8000,4108.4000,4111.0000,4111.2000,4112.0000,4112.2000,4112.4000,1,3,3,4,1,7,4,3,1,1
SF,IF2003,2019-12-31 09:34:20.300,4111.0000,36550,0,840328620.000,0,-,-,-,-,4110.4000,4110.2000,4110.0000,4108.8000,4108.4000,4111.0000,4111.2000,4112.0000,4112.2000,4112.4000,1,3,3,4,1,7,4,3,1,1
SF,IF2003,2019-12-31 09:34:20.800,4111.0000,36550,0,840328620.000,0,-,-,-,-,4110.4000,4110.2000,4110.0000,4108.8000,4108.4000,4111.0000,4111.2000,4112.0000,4112.2000,4112.4000,1,3,3,4,1,7,4,3,1,1
SF,IF2003,2019-12-31 09:34:21.800,4111.0000,36550,0,840328620.000,0,-,-,-,-,4110.4000,4110.2000,4110.0000,4108.8000,4108.4000,4111.0000,4111.2000,4112.0000,4112.2000,4112.4000,1,3,3,4,1,2,4,3,1,1
SF,IF2003,2019-12-31 09:34:22.300,4111.0000,36550,0,840328620.000,0,-,-,-,-,4110.4000,4110.2000,4110.0000,4108.8000,4108.4000,4111.0000,4111.2000,4112.0000,4112.2000,4112.4000,1,3,3,4,1,2,4,3,1,1
SF,IF2003,2019-12-31 09:34:22.800,4111.0000,36550,0,840328620.000,0,-,-,-,-,4110.8000,4110.4000,4110.2000,4110.0000,4108.8000,4111.0000,4111.2000,4112.0000,4112.2000,4112.4000,1,1,3,4,4,2,4,3,1,1
SF,IF2003,2019-12-31 09:34:23.300,4110.8000,36550,0,841561860.000,1,0,1,多换,S,4110.4000,4110.2000,4110.0000,4108.8000,4108.4000,4111.2000,4112.0000,4112.2000,4112.4000,4112.6000,1,3,4,4,1,4,3,1,1,1
SF,IF2003,2019-12-31 09:34:23.800,4111.0000,36550,0,842795160.000,1,0,1,多换,S,4110.4000,4110.2000,4110.0000,4108.8000,4108.4000,4111.0000,4111.2000,4112.0000,4112.2000,4112.4000,1,3,4,4,1,1,4,3,1,1
SF,IF2003,2019-12-31 09:34:24.300,4111.0000,36550,0,842795160.000,0,-,-,-,-,4110.4000,4110.2000,4110.0000,4108.8000,4108.4000,4110.6000,4111.0000,4111.2000,4112.0000,4112.2000,1,3,4,4,1,1,1,4,3,1
SF,IF2003,2019-12-31 09:34:24.800,4110.6000,36549,-1,844028340.000,1,0,1,双平,S,4110.4000,4110.2000,4110.0000,4108.8000,4108.4000,4111.0000,4111.2000,4112.0000,4112.2000,4112.4000,1,3,4,4,1,1,4,3,1,1
SF,IF2003,2019-12-31 09:34:25.300,4110.6000,36549,0,844028340.000,0,-,-,-,-,4110.4000,4110.2000,4110.0000,4108.8000,4108.4000,4111.0000,4111.2000,4112.0000,4112.2000,4112.4000,1,3,4,4,1,1,4,3,1,1
SF,IF2003,2019-12-31 09:34:25.800,4110.6000,36549,0,844028340.000,0,-,-,-,-,4110.4000,4110.2000,4110.0000,4108.8000,4108.4000,4110.8000,4111.0000,4111.2000,4112.0000,4112.2000,1,3,4,4,1,1,1,4,3,1
SF,IF2003,2019-12-31 09:34:26.300,4110.8000,36548,-1,845261580.000,1,0,1,双平,S,4110.4000,4110.2000,4110.0000,4108.8000,4108.4000,4111.0000,4112.0000,4112.2000,4112.4000,4112.6000,1,3,4,4,1,1,3,1,1,2
SF,IF2003,2019-12-31 09:34:26.800,4111.0000,36548,0,846494880.000,1,0,1,多换,S,4111.0000,4110.4000,4110.2000,4110.0000,4108.8000,4112.0000,4112.2000,4112.4000,4112.6000,4112.8000,2,1,3,4,4,3,1,1,2,1
SF,IF2003,2019-12-31 09:34:27.300,4111.0000,36547,-1,847728180.000,1,0,1,双平,S,4111.0000,4110.4000,4110.2000,4110.0000,4108.8000,4111.8000,4112.0000,4112.2000,4112.4000,4112.6000,1,1,3,4,4,4,3,1,1,2
SF,IF2003,2019-12-31 09:34:27.800,4111.0000,36546,-1,848961480.000,1,0,1,双平,S,4110.4000,4110.2000,4110.0000,4108.8000,4108.4000,4111.2000,4111.6000,4111.8000,4112.0000,4112.2000,1,3,4,4,1,5,2,3,3,1
SF,IF2003,2019-12-31 09:34:28.300,4110.4000,36545,-1,850194600.000,1,0,1,双平,S,4110.4000,4110.2000,4110.0000,4108.8000,4108.4000,4111.8000,4112.0000,4112.2000,4112.4000,4112.6000,2,3,3,4,1,1,3,1,1,2
SF,IF2003,2019-12-31 09:34:28.800,4110.6000,36545,0,851427780.000,1,0,1,多换,S,4110.6000,4110.4000,4110.2000,4110.0000,4108.8000,4111.4000,4111.6000,4111.8000,4112.0000,4112.2000,1,2,3,3,4,4,1,1,3,1
SF,IF2003,2019-12-31 09:34:29.300,4110.6000,36545,0,851427780.000,0,-,-,-,-,4110.6000,4110.4000,4110.2000,4110.0000,4108.8000,4111.2000,4111.6000,4111.8000,4112.0000,4112.2000,1,2,3,4,4,3,1,1,3,1
SF,IF2003,2019-12-31 09:34:30.300,4111.2000,36546,1,852661140.000,1,1,0,双开,S,4110.6000,4110.4000,4110.2000,4110.0000,4108.8000,4111.2000,4111.6000,4111.8000,4112.0000,4112.2000,1,2,3,4,4,2,1,1,3,1
