市场代码,合约代码,时间,最新,持仓,增仓,成交额,成交量,开仓,平仓,成交类型,方向,买一价,买二价,买三价,买四价,买五价,卖一价,卖二价,卖三价,卖四价,卖五价,买一量,买二量,买三量,买四量,买五量,卖一量,卖二量,卖三量,卖四量,卖五量
SF,IF2009,2020-03-04 09:29:00.300,4029.2000,9552,0,3626280.000,3.000,-,-,-,-,4020.0000,4018.8000,4018.0000,4016.4000,4016.0000,4035.0000,4037.8000,4038.4000,4043.6000,4046.0000,1,1,1,2,1,1,6,1,1,1
SF,IF2009,2020-03-04 09:30:00.300,4029.2000,9552,0,3626280.000,0,-,-,-,-,4020.4000,4020.2000,4020.0000,4018.8000,4018.0000,4031.0000,4031.8000,4032.0000,4032.4000,4032.6000,6,1,1,1,1,1,3,2,2,1
SF,IF2009,2020-03-04 09:30:00.800,4029.2000,9552,0,3626280.000,0,-,-,-,-,4024.2000,4020.6000,4020.4000,4020.0000,4018.8000,4027.8000,4029.0000,4034.2000,4034.8000,4035.0000,3,2,3,1,1,1,2,2,1,1
SF,IF2009,2020-03-04 09:30:01.300,4029.2000,9552,0,3626280.000,0,-,-,-,-,4024.8000,4024.6000,4024.4000,4024.2000,4020.4000,4030.8000,4034.2000,4035.0000,4037.8000,4038.4000,1,2,3,3,1,1,2,1,6,1
SF,IF2009,2020-03-04 09:30:01.800,4029.2000,9552,0,3626280.000,0,-,-,-,-,4025.0000,4024.8000,4024.2000,4021.0000,4020.4000,4030.6000,4030.8000,4031.0000,4034.2000,4035.0000,3,1,3,1,1,1,1,1,1,1
SF,IF2009,2020-03-04 09:30:02.300,4029.2000,9552,0,3626280.000,0,-,-,-,-,4025.2000,4025.0000,4024.8000,4024.2000,4021.0000,4030.4000,4030.6000,4031.0000,4034.2000,4035.0000,1,3,1,3,1,2,1,1,1,1
SF,IF2009,2020-03-04 09:30:02.800,4026.0000,9551,-1,4834080.000,1,0,1,双平,S,4025.4000,4024.2000,4021.0000,4020.4000,4020.0000,4030.2000,4030.4000,4030.6000,4031.0000,4035.0000,3,3,1,1,1,1,2,1,1,1
SF,IF2009,2020-03-04 09:30:03.300,4026.0000,9551,0,4834080.000,0,-,-,-,-,4027.8000,4026.0000,4025.6000,4025.4000,4025.2000,4030.0000,4030.2000,4030.4000,4030.6000,4031.0000,1,1,2,3,1,1,1,1,1,1
SF,IF2009,2020-03-04 09:30:03.800,4026.0000,9551,0,4834080.000,0,-,-,-,-,4028.0000,4027.8000,4026.0000,4025.6000,4025.4000,4030.0000,4030.4000,4030.6000,4031.0000,4035.0000,1,1,1,2,3,1,1,1,1,1
SF,IF2009,2020-03-04 09:30:04.300,4030.0000,9550,-1,6043080.000,1,0,1,双平,S,4028.2000,4028.0000,4026.0000,4025.6000,4025.4000,4030.0000,4030.6000,4035.0000,4037.8000,4038.4000,2,1,1,1,1,1,1,1,6,1
SF,IF2009,2020-03-04 09:30:04.800,4030.0000,9550,0,6043080.000,0,-,-,-,-,4028.2000,4028.0000,4026.0000,4025.6000,4025.4000,4030.0000,4030.6000,4031.6000,4035.0000,4037.8000,2,4,1,1,1,1,1,1,1,6
SF,IF2009,2020-03-04 09:30:05.300,4030.0000,9550,0,7252080.000,1,0,1,多换,S,4028.2000,4028.0000,4026.0000,4025.6000,4025.4000,4030.6000,4031.6000,4035.0000,4037.8000,4038.4000,1,4,1,1,1,1,1,1,6,1
SF,IF2009,2020-03-04 09:30:05.800,4030.0000,9551,1,9670260.000,2,1,1,空开,S,4028.2000,4028.0000,4026.0000,4025.6000,4025.4000,4031.6000,4035.0000,4037.8000,4038.4000,4058.0000,1,4,1,1,1,1,1,6,1,1
SF,IF2009,2020-03-04 09:30:06.300,4030.0000,9551,0,9670260.000,0,-,-,-,-,4029.0000,4028.4000,4028.2000,4028.0000,4026.0000,4031.6000,4035.0000,4037.8000,4038.4000,4058.0000,1,2,1,4,1,1,1,6,1,1
SF,IF2009,2020-03-04 09:30:06.800,4030.0000,9551,0,9670260.000,0,-,-,-,-,4029.2000,4029.0000,4028.4000,4028.0000,4026.0000,4031.6000,4035.0000,4037.8000,4038.4000,4058.0000,2,1,1,4,1,1,1,6,1,1
SF,IF2009,2020-03-04 09:30:07.300,4031.6000,9551,0,10879740.000,1,0,1,多换,S,4031.0000,4030.4000,4029.4000,4029.2000,4029.0000,4031.6000,4035.0000,4037.8000,4038.4000,4058.0000,1,1,1,2,1,1,1,6,1,1
SF,IF2009,2020-03-04 09:30:07.800,4031.6000,9551,0,12089220.000,1,0,1,多换,S,4031.2000,4029.4000,4029.2000,4029.0000,4028.4000,4035.0000,4038.4000,4040.0000,4058.0000,4058.8000,1,1,1,1,1,1,1,5,1,1
SF,IF2009,2020-03-04 09:30:08.300,4031.6000,9551,0,12089220.000,0,-,-,-,-,4031.4000,4031.2000,4031.0000,4029.4000,4029.0000,4034.8000,4035.0000,4040.0000,4058.0000,4058.8000,2,1,1,1,1,1,2,5,1,1
SF,IF2009,2020-03-04 09:30:08.800,4031.6000,9551,0,12089220.000,0,-,-,-,-,4031.6000,4031.4000,4031.0000,4029.4000,4029.0000,4034.8000,4035.0000,4045.0000,4058.0000,4058.8000,1,2,1,1,1,1,2,5,1,1
SF,IF2009,2020-03-04 09:30:09.300,4031.6000,9551,0,12089220.000,0,-,-,-,-,4031.8000,4031.6000,4031.0000,4029.4000,4029.0000,4035.0000,4045.0000,4058.0000,4058.8000,4062.0000,2,1,1,1,1,1,5,1,1,1
SF,IF2009,2020-03-04 09:30:09.800,4031.6000,9551,0,12089220.000,0,-,-,-,-,4032.0000,4031.8000,4031.0000,4029.4000,4029.0000,4034.8000,4035.0000,4045.0000,4058.0000,4058.8000,1,4,1,1,1,1,1,5,1,1
SF,IF2009,2020-03-04 09:30:10.300,4031.6000,9551,0,12089220.000,0,-,-,-,-,4032.2000,4032.0000,4031.8000,4031.0000,4029.4000,4034.8000,4035.0000,4045.0000,4058.0000,4058.8000,2,1,3,1,1,1,3,5,1,1
SF,IF2009,2020-03-04 09:30:10.800,4031.6000,9551,0,12089220.000,0,-,-,-,-,4032.4000,4032.2000,4031.0000,4029.0000,4028.0000,4034.8000,4035.0000,4045.0000,4058.0000,4058.8000,1,2,1,1,1,1,2,5,1,1
SF,IF2009,2020-03-04 09:30:12.300,4031.6000,9551,0,12089220.000,0,-,-,-,-,4032.4000,4032.2000,4031.0000,4029.0000,4028.0000,4034.8000,4035.0000,4045.0000,4058.0000,4058.8000,1,2,1,1,1,2,2,5,1,1
SF,IF2009,2020-03-04 09:30:12.800,4034.8000,9550,-1,14510100.000,2,0,2,多平,S,4032.6000,4032.4000,4032.2000,4031.0000,4029.0000,4035.0000,4045.0000,4058.0000,4058.8000,4062.0000,2,2,2,1,1,2,5,1,1,1
SF,IF2009,2020-03-04 09:30:13.300,4035.0000,9549,-1,16931100.000,2,0,2,多平,S,4034.8000,4032.8000,4032.6000,4032.4000,4032.2000,4038.2000,4045.0000,4058.0000,4058.8000,4062.0000,1,1,1,2,2,1,5,1,1,1
SF,IF2009,2020-03-04 09:30:13.800,4035.0000,9548,-1,18141600.000,1,0,1,双平,S,4034.8000,4032.8000,4032.6000,4032.4000,4032.2000,4038.0000,4038.2000,4045.0000,4058.0000,4058.8000,1,1,1,2,1,4,1,5,1,1
SF,IF2009,2020-03-04 09:30:14.300,4034.8000,9548,0,19352040.000,1,0,1,多换,S,4032.8000,4032.6000,4032.4000,4032.2000,4031.0000,4038.0000,4038.2000,4045.0000,4058.0000,4058.8000,1,1,2,1,1,3,1,5,1,1
SF,IF2009,2020-03-04 09:30:14.800,4034.8000,9548,0,19352040.000,0,-,-,-,-,4033.0000,4032.8000,4032.6000,4032.4000,4032.2000,4038.0000,4038.2000,4045.0000,4058.0000,4058.8000,1,1,1,2,1,3,2,5,1,1
SF,IF2009,2020-03-04 09:30:15.300,4034.8000,9548,0,19352040.000,0,-,-,-,-,4033.2000,4033.0000,4032.6000,4032.4000,4032.2000,4038.0000,4038.2000,4045.0000,4058.0000,4058.8000,1,1,1,2,1,2,2,5,1,1
SF,IF2009,2020-03-04 09:30:15.800,4034.8000,9548,0,19352040.000,0,-,-,-,-,4033.4000,4033.2000,4032.6000,4032.4000,4032.2000,4038.0000,4038.2000,4045.0000,4058.0000,4058.8000,1,1,1,2,1,2,2,5,1,1
SF,IF2009,2020-03-04 09:30:16.300,4034.8000,9548,0,19352040.000,0,-,-,-,-,4034.8000,4033.6000,4033.4000,4032.6000,4032.4000,4037.8000,4038.0000,4038.2000,4045.0000,4058.0000,2,1,2,1,2,1,1,2,5,1
SF,IF2009,2020-03-04 09:30:16.800,4034.8000,9548,0,19352040.000,0,-,-,-,-,4035.0000,4034.8000,4033.4000,4032.6000,4032.4000,4037.6000,4037.8000,4038.2000,4045.0000,4058.0000,1,1,1,1,1,1,1,2,5,1
SF,IF2009,2020-03-04 09:30:17.300,4034.8000,9548,0,19352040.000,0,-,-,-,-,4035.0000,4034.8000,4033.4000,4032.6000,4032.4000,4037.4000,4037.6000,4037.8000,4038.2000,4045.0000,3,2,1,1,1,1,1,1,2,5
SF,IF2009,2020-03-04 09:30:17.800,4035.0000,9548,0,21773040.000,2,1,1,多换,S,4035.2000,4035.0000,4034.8000,4032.6000,4032.4000,4037.6000,4037.8000,4038.2000,4045.0000,4058.0000,1,3,2,1,1,1,1,2,5,1
SF,IF2009,2020-03-04 09:30:18.300,4035.0000,9548,0,24194040.000,2,1,1,多换,S,4035.6000,4035.4000,4035.2000,4035.0000,4034.8000,4037.6000,4037.8000,4038.2000,4045.0000,4058.0000,1,1,2,1,2,1,1,2,5,1
SF,IF2009,2020-03-04 09:30:18.800,4035.0000,9548,0,24194040.000,0,-,-,-,-,4035.8000,4035.6000,4035.0000,4034.8000,4032.6000,4037.8000,4038.2000,4045.0000,4058.0000,4058.8000,2,3,1,2,1,1,2,5,1,1
SF,IF2009,2020-03-04 09:30:19.300,4035.0000,9548,0,24194040.000,0,-,-,-,-,4035.8000,4035.6000,4034.8000,4032.6000,4032.4000,4037.6000,4037.8000,4038.2000,4045.0000,4058.0000,2,2,2,1,1,1,1,2,5,1
SF,IF2009,2020-03-04 09:30:19.800,4035.6000,9548,0,25404720.000,1,0,1,多换,S,4035.8000,4035.6000,4034.8000,4032.6000,4032.4000,4037.8000,4038.2000,4045.0000,4058.0000,4058.8000,3,1,2,1,1,1,2,5,1,1
SF,IF2009,2020-03-04 09:30:20.300,4035.6000,9547,-1,26615400.000,1,0,1,双平,S,4036.0000,4035.8000,4034.8000,4032.6000,4032.4000,4037.6000,4037.8000,4038.2000,4045.0000,4058.0000,1,1,2,1,1,1,1,2,5,1
SF,IF2009,2020-03-04 09:30:20.800,4035.8000,9546,-1,29036880.000,2,0,2,多平,S,4035.2000,4034.8000,4032.6000,4032.4000,4031.0000,4037.6000,4037.8000,4038.2000,4045.0000,4058.0000,1,2,1,1,1,1,1,2,5,1
SF,IF2009,2020-03-04 09:30:21.300,4035.8000,9546,0,29036880.000,0,-,-,-,-,4035.2000,4032.6000,4032.4000,4031.0000,4030.0000,4037.6000,4037.8000,4038.2000,4045.0000,4058.0000,1,1,1,1,1,1,2,2,5,1
SF,IF2009,2020-03-04 09:30:21.800,4035.8000,9546,0,29036880.000,0,-,-,-,-,4035.2000,4032.6000,4032.4000,4031.0000,4030.0000,4037.6000,4037.8000,4038.2000,4045.0000,4058.0000,1,1,1,1,1,1,2,2,5,1
SF,IF2009,2020-03-04 09:30:22.300,4035.8000,9546,0,29036880.000,0,-,-,-,-,4035.2000,4032.6000,4032.4000,4031.0000,4030.0000,4037.6000,4037.8000,4038.2000,4045.0000,4058.0000,1,1,1,1,1,1,2,2,5,1
SF,IF2009,2020-03-04 09:30:22.800,4035.2000,9545,-1,30247440.000,1,0,1,双平,S,4032.6000,4032.4000,4031.0000,4030.0000,4028.0000,4037.4000,4037.6000,4037.8000,4038.2000,4045.0000,1,1,1,1,1,1,1,2,2,5
SF,IF2009,2020-03-04 09:30:23.300,4035.2000,9545,0,30247440.000,0,-,-,-,-,4032.6000,4032.4000,4031.0000,4030.0000,4028.0000,4037.2000,4037.4000,4037.6000,4037.8000,4038.2000,1,1,1,1,1,3,1,1,2,2
SF,IF2009,2020-03-04 09:30:23.800,4035.2000,9545,0,30247440.000,0,-,-,-,-,4032.6000,4032.4000,4031.0000,4030.0000,4028.0000,4037.0000,4037.2000,4037.6000,4037.8000,4038.2000,1,1,1,1,1,1,3,1,2,2
SF,IF2009,2020-03-04 09:30:24.300,4035.2000,9545,0,30247440.000,0,-,-,-,-,4032.6000,4032.4000,4031.0000,4030.0000,4028.0000,4036.8000,4037.0000,4037.2000,4037.6000,4037.8000,1,1,1,1,1,2,1,2,1,2
SF,IF2009,2020-03-04 09:30:24.800,4035.2000,9545,0,30247440.000,0,-,-,-,-,4032.8000,4032.6000,4032.4000,4031.0000,4030.0000,4035.6000,4036.6000,4036.8000,4037.2000,4037.6000,1,1,1,1,1,2,1,2,1,1
SF,IF2009,2020-03-04 09:30:25.300,4035.2000,9545,0,30247440.000,0,-,-,-,-,4032.8000,4032.6000,4032.4000,4031.0000,4030.0000,4035.4000,4035.6000,4036.6000,4037.2000,4037.6000,1,1,1,1,1,2,2,1,1,1
SF,IF2009,2020-03-04 09:30:25.800,4035.2000,9545,0,30247440.000,0,-,-,-,-,4032.8000,4032.6000,4032.4000,4031.0000,4030.0000,4035.4000,4035.6000,4036.6000,4037.2000,4037.6000,1,1,1,1,1,2,1,1,1,1
SF,IF2009,2020-03-04 09:30:26.300,4035.2000,9545,0,30247440.000,0,-,-,-,-,4032.8000,4032.6000,4032.4000,4031.0000,4030.0000,4035.2000,4035.4000,4035.6000,4036.6000,4037.2000,1,1,1,1,1,1,2,1,1,1
SF,IF2009,2020-03-04 09:30:26.800,4035.2000,9545,0,30247440.000,0,-,-,-,-,4032.8000,4032.6000,4032.4000,4031.0000,4030.0000,4035.0000,4035.2000,4035.4000,4035.6000,4036.6000,1,1,1,1,1,5,1,1,1,1
SF,IF2009,2020-03-04 09:30:27.300,4035.2000,9545,0,31458000.000,1,0,1,多换,S,4032.6000,4032.4000,4031.0000,4030.0000,4028.0000,4032.8000,4035.0000,4035.2000,4035.4000,4035.6000,1,1,1,1,1,1,4,1,1,1
SF,IF2009,2020-03-04 09:30:27.800,4032.8000,9545,0,32667840.000,1,0,1,多换,S,4033.2000,4032.6000,4032.4000,4031.0000,4030.0000,4035.0000,4035.2000,4035.4000,4035.6000,4036.6000,1,1,1,1,1,4,1,1,1,1
SF,IF2009,2020-03-04 09:30:28.300,4034.8000,9545,0,37509600.000,4,2,2,多换,S,4032.6000,4032.4000,4031.0000,4030.0000,4028.0000,4035.0000,4035.6000,4036.6000,4037.2000,4037.6000,1,1,1,1,1,4,1,1,1,1
SF,IF2009,2020-03-04 09:30:29.300,4034.8000,9545,0,37509600.000,0,-,-,-,-,4032.6000,4032.4000,4031.0000,4030.0000,4028.0000,4035.0000,4035.6000,4036.6000,4037.2000,4037.6000,1,1,1,1,1,5,1,1,1,1
SF,IF2009,2020-03-04 09:30:29.800,4034.8000,9545,0,37509600.000,0,-,-,-,-,4032.8000,4032.6000,4032.4000,4031.0000,4030.0000,4035.0000,4035.6000,4036.6000,4037.2000,4037.6000,1,1,1,1,1,5,1,1,1,1
SF,IF2009,2020-03-04 09:30:30.300,4034.8000,9545,0,37509600.000,0,-,-,-,-,4033.0000,4032.8000,4032.6000,4032.4000,4031.0000,4035.0000,4035.6000,4036.6000,4037.2000,4037.6000,1,1,1,1,1,5,1,1,1,1
SF,IF2009,2020-03-04 09:30:31.300,4033.0000,9544,-1,38719500.000,1,0,1,双平,S,4032.8000,4032.6000,4032.4000,4031.0000,4030.0000,4035.0000,4035.6000,4036.6000,4037.2000,4037.6000,1,1,1,1,1,5,1,1,1,1
SF,IF2009,2020-03-04 09:30:31.800,4033.0000,9544,0,38719500.000,0,-,-,-,-,4032.8000,4032.6000,4032.4000,4032.0000,4031.0000,4034.8000,4035.0000,4035.6000,4036.6000,4037.2000,1,1,1,1,1,1,5,1,1,1
SF,IF2009,2020-03-04 09:30:32.300,4033.0000,9544,0,38719500.000,0,-,-,-,-,4032.8000,4032.6000,4032.4000,4032.0000,4031.0000,4034.8000,4035.0000,4035.6000,4036.6000,4037.2000,1,1,1,1,1,1,6,1,1,1
SF,IF2009,2020-03-04 09:30:33.300,4034.8000,9544,0,39929940.000,1,0,1,多换,S,4032.8000,4032.6000,4032.4000,4032.0000,4031.0000,4035.0000,4035.6000,4036.6000,4037.2000,4037.6000,1,1,1,1,1,6,1,1,1,1
SF,IF2009,2020-03-04 09:30:33.800,4034.8000,9544,0,39929940.000,0,-,-,-,-,4033.0000,4032.8000,4032.6000,4032.4000,4032.0000,4035.0000,4035.6000,4036.6000,4037.2000,4037.6000,1,1,1,1,1,6,1,1,1,1
SF,IF2009,2020-03-04 09:30:34.300,4034.8000,9544,0,39929940.000,0,-,-,-,-,4033.0000,4032.8000,4032.6000,4032.4000,4032.0000,4035.0000,4035.6000,4036.6000,4037.2000,4037.6000,1,1,1,1,1,7,1,1,1,1
SF,IF2009,2020-03-04 09:30:34.800,4035.0000,9542,-2,42350940.000,2,0,2,双平,S,4033.0000,4032.8000,4032.6000,4032.4000,4032.0000,4035.0000,4035.6000,4036.6000,4037.2000,4037.6000,1,1,1,1,1,5,1,1,1,1
SF,IF2009,2020-03-04 09:30:35.300,4035.0000,9542,0,42350940.000,0,-,-,-,-,4033.0000,4032.8000,4032.6000,4032.4000,4032.0000,4035.0000,4035.6000,4036.6000,4037.2000,4037.6000,1,1,1,1,1,5,1,1,1,1
SF,IF2009,2020-03-04 09:30:35.800,4035.0000,9541,-1,43561440.000,1,0,1,双平,S,4033.0000,4032.8000,4032.6000,4032.4000,4032.0000,4035.0000,4035.6000,4036.6000,4037.2000,4037.6000,1,1,1,1,1,4,1,1,1,1
SF,IF2009,2020-03-04 09:30:36.300,4035.0000,9540,-1,48403440.000,4,1,3,多平,S,4034.8000,4033.0000,4032.8000,4032.6000,4032.4000,4035.6000,4036.6000,4037.2000,4037.6000,4037.8000,2,1,3,1,1,1,1,1,1,2
SF,IF2009,2020-03-04 09:30:36.800,4035.0000,9540,0,50824620.000,2,1,1,多换,S,4035.0000,4034.8000,4032.8000,4032.6000,4032.4000,4036.6000,4037.2000,4037.6000,4037.8000,4038.2000,1,2,3,1,1,1,1,1,2,2
SF,IF2009,2020-03-04 09:30:37.300,4035.0000,9540,0,50824620.000,0,-,-,-,-,4034.8000,4032.8000,4032.6000,4032.4000,4032.0000,4037.2000,4037.6000,4037.8000,4038.2000,4045.0000,2,3,1,1,1,1,1,2,2,5
SF,IF2009,2020-03-04 09:30:37.800,4035.0000,9540,0,50824620.000,0,-,-,-,-,4034.8000,4032.8000,4032.6000,4032.4000,4032.0000,4037.0000,4037.2000,4037.6000,4037.8000,4038.2000,2,3,1,1,1,1,1,1,2,2
SF,IF2009,2020-03-04 09:30:38.300,4035.0000,9540,0,50824620.000,0,-,-,-,-,4032.8000,4032.6000,4032.4000,4032.0000,4031.0000,4037.0000,4037.2000,4037.6000,4037.8000,4038.2000,3,1,1,1,1,1,2,1,2,2
SF,IF2009,2020-03-04 09:30:38.800,4035.0000,9540,0,50824620.000,0,-,-,-,-,4035.0000,4034.8000,4033.0000,4032.8000,4032.6000,4036.8000,4037.0000,4037.2000,4037.6000,4037.8000,1,2,1,3,1,2,1,2,1,2
SF,IF2009,2020-03-04 09:30:39.300,4036.6000,9540,0,53246100.000,2,1,1,多换,S,4034.8000,4033.0000,4032.8000,4032.6000,4032.4000,4036.8000,4037.0000,4037.2000,4037.6000,4037.8000,2,1,3,1,1,1,1,2,1,2
SF,IF2009,2020-03-04 09:30:39.800,4034.8000,9539,-1,55666980.000,2,0,2,多平,S,4033.0000,4032.8000,4032.6000,4032.4000,4032.0000,4036.8000,4037.0000,4037.2000,4037.6000,4037.8000,1,3,1,1,1,2,1,2,1,2
SF,IF2009,2020-03-04 09:30:40.300,4036.6000,9538,-1,56877960.000,1,0,1,双平,S,4033.2000,4033.0000,4032.8000,4032.6000,4032.4000,4036.6000,4036.8000,4037.2000,4037.6000,4037.8000,1,1,3,1,1,1,2,2,1,2
SF,IF2009,2020-03-04 09:30:40.800,4036.6000,9538,0,56877960.000,0,-,-,-,-,4033.4000,4033.2000,4032.8000,4032.6000,4032.4000,4036.8000,4037.2000,4037.6000,4037.8000,4038.2000,1,2,3,1,1,1,2,1,2,2
SF,IF2009,2020-03-04 09:30:41.300,4036.6000,9537,-1,58088940.000,1,0,1,双平,S,4033.6000,4033.4000,4033.2000,4032.8000,4032.6000,4036.8000,4037.2000,4037.6000,4037.8000,4038.2000,1,1,1,3,1,1,2,1,2,2
SF,IF2009,2020-03-04 09:30:41.800,4036.6000,9537,0,58088940.000,0,-,-,-,-,4033.8000,4033.6000,4032.8000,4032.6000,4032.4000,4036.6000,4036.8000,4037.2000,4037.6000,4037.8000,1,1,3,1,1,1,2,2,1,2
SF,IF2009,2020-03-04 09:30:42.300,4036.6000,9537,0,58088940.000,0,-,-,-,-,4035.2000,4034.0000,4033.8000,4032.8000,4032.6000,4036.4000,4036.6000,4036.8000,4037.2000,4037.6000,1,1,1,3,1,1,1,2,2,1
SF,IF2009,2020-03-04 09:30:42.800,4035.2000,9536,-1,59299500.000,1,0,1,双平,S,4032.8000,4032.6000,4032.4000,4032.0000,4031.0000,4036.4000,4036.6000,4036.8000,4037.2000,4037.6000,3,1,1,1,1,1,1,2,2,1
SF,IF2009,2020-03-04 09:30:43.300,4035.2000,9536,0,59299500.000,0,-,-,-,-,4033.0000,4032.8000,4032.6000,4032.4000,4032.0000,4036.2000,4036.4000,4036.6000,4036.8000,4037.2000,1,3,1,1,1,2,1,1,2,2
SF,IF2009,2020-03-04 09:30:43.800,4035.2000,9536,0,59299500.000,0,-,-,-,-,4032.8000,4032.6000,4032.4000,4032.0000,4031.0000,4036.0000,4036.2000,4036.4000,4036.6000,4036.8000,3,1,1,1,1,1,2,1,1,2
SF,IF2009,2020-03-04 09:30:44.300,4035.2000,9536,0,59299500.000,0,-,-,-,-,4032.8000,4032.6000,4032.4000,4032.0000,4031.0000,4035.6000,4035.8000,4036.0000,4036.2000,4036.4000,3,1,1,1,1,2,1,3,1,1
SF,IF2009,2020-03-04 09:30:44.800,4035.2000,9536,0,59299500.000,0,-,-,-,-,4033.0000,4032.8000,4032.6000,4032.4000,4032.0000,4035.6000,4035.8000,4036.0000,4036.2000,4036.4000,1,3,1,1,1,2,1,3,1,1
SF,IF2009,2020-03-04 09:30:45.300,4035.2000,9536,0,59299500.000,0,-,-,-,-,4033.0000,4032.8000,4032.6000,4032.4000,4032.0000,4035.4000,4035.6000,4035.8000,4036.0000,4036.2000,1,3,1,1,1,1,2,1,2,1
SF,IF2009,2020-03-04 09:30:45.800,4035.2000,9536,0,59299500.000,0,-,-,-,-,4033.0000,4032.8000,4032.6000,4032.4000,4032.0000,4034.8000,4035.4000,4035.6000,4035.8000,4036.0000,1,3,1,1,1,2,1,3,1,2
SF,IF2009,2020-03-04 09:30:46.300,4034.8000,9535,-1,60509940.000,1,0,1,双平,S,4033.0000,4032.8000,4032.6000,4032.4000,4032.0000,4035.4000,4035.6000,4035.8000,4036.0000,4036.4000,1,3,1,1,1,1,1,1,2,1
SF,IF2009,2020-03-04 09:30:46.800,4034.8000,9535,0,60509940.000,0,-,-,-,-,4033.8000,4033.0000,4032.8000,4032.6000,4032.4000,4035.6000,4035.8000,4036.0000,4036.4000,4036.8000,1,1,3,1,1,1,1,2,1,2
SF,IF2009,2020-03-04 09:30:47.300,4034.8000,9535,0,60509940.000,0,-,-,-,-,4033.8000,4033.0000,4032.8000,4032.6000,4032.4000,4035.4000,4035.6000,4035.8000,4036.0000,4036.4000,1,1,3,1,1,1,1,1,2,1
SF,IF2009,2020-03-04 09:30:47.800,4034.8000,9535,0,60509940.000,0,-,-,-,-,4033.8000,4033.0000,4032.8000,4032.6000,4032.4000,4035.4000,4035.6000,4035.8000,4036.0000,4036.4000,1,1,3,1,1,1,1,1,2,1
SF,IF2009,2020-03-04 09:30:48.300,4034.8000,9535,0,60509940.000,0,-,-,-,-,4033.8000,4032.8000,4032.6000,4032.4000,4031.0000,4035.2000,4035.4000,4035.6000,4035.8000,4036.0000,1,3,1,1,1,1,1,3,1,1
SF,IF2009,2020-03-04 09:30:48.800,4033.8000,9535,0,61720080.000,1,0,1,多换,S,4032.8000,4032.6000,4032.4000,4031.0000,4030.0000,4035.0000,4035.2000,4035.4000,4035.6000,4035.8000,3,1,1,1,1,1,1,1,3,1
SF,IF2009,2020-03-04 09:30:49.300,4033.8000,9535,0,61720080.000,0,-,-,-,-,4032.8000,4032.6000,4032.4000,4031.0000,4030.0000,4035.0000,4035.2000,4035.4000,4035.6000,4035.8000,3,1,1,1,1,1,1,2,3,1
SF,IF2009,2020-03-04 09:30:49.800,4032.8000,9532,-3,65349600.000,3,0,3,双平,S,4032.6000,4032.4000,4031.0000,4030.0000,4028.0000,4035.0000,4035.2000,4035.4000,4035.6000,4035.8000,1,1,1,1,1,1,1,2,3,1
SF,IF2009,2020-03-04 09:30:50.300,4032.8000,9532,0,65349600.000,0,-,-,-,-,4032.6000,4032.4000,4031.0000,4030.0000,4028.0000,4034.8000,4035.0000,4035.4000,4035.6000,4035.8000,1,1,1,1,1,1,2,2,3,1
SF,IF2009,2020-03-04 09:30:50.800,4032.8000,9532,0,65349600.000,0,-,-,-,-,4032.4000,4031.0000,4030.0000,4028.0000,4025.0000,4034.8000,4035.0000,4035.4000,4035.6000,4035.8000,1,1,1,1,5,2,2,2,3,1
SF,IF2009,2020-03-04 09:30:51.300,4032.8000,9532,0,65349600.000,0,-,-,-,-,4031.0000,4030.0000,4028.0000,4025.0000,4020.0000,4034.8000,4035.0000,4035.4000,4035.6000,4035.8000,1,1,1,5,1,3,2,2,3,1
SF,IF2009,2020-03-04 09:30:51.800,4032.8000,9532,0,65349600.000,0,-,-,-,-,4032.4000,4031.8000,4031.2000,4031.0000,4030.0000,4034.6000,4034.8000,4035.0000,4035.4000,4035.6000,1,1,1,1,1,2,3,2,2,3
SF,IF2009,2020-03-04 09:30:52.300,4032.8000,9532,0,65349600.000,0,-,-,-,-,4031.8000,4031.2000,4031.0000,4030.0000,4028.0000,4034.6000,4034.8000,4035.0000,4035.4000,4035.6000,1,1,1,1,1,2,3,2,2,3
SF,IF2009,2020-03-04 09:30:53.300,4032.8000,9532,0,65349600.000,0,-,-,-,-,4032.0000,4031.8000,4031.2000,4031.0000,4030.0000,4034.8000,4035.0000,4035.4000,4035.6000,4036.0000,1,1,1,1,1,3,2,2,3,1
SF,IF2009,2020-03-04 09:30:53.800,4032.8000,9532,0,65349600.000,0,-,-,-,-,4032.0000,4031.8000,4031.2000,4031.0000,4030.0000,4034.6000,4034.8000,4035.0000,4035.4000,4035.6000,1,1,1,1,1,1,3,2,2,3
SF,IF2009,2020-03-04 09:30:54.300,4032.8000,9532,0,65349600.000,0,-,-,-,-,4031.8000,4031.0000,4030.0000,4028.0000,4025.0000,4034.4000,4034.6000,4034.8000,4035.0000,4035.4000,1,1,1,1,5,1,3,2,2,2
SF,IF2009,2020-03-04 09:30:54.800,4032.8000,9532,0,65349600.000,0,-,-,-,-,4031.0000,4030.0000,4028.0000,4025.0000,4020.0000,4034.4000,4034.6000,4034.8000,4035.0000,4035.4000,1,1,1,5,1,1,3,2,2,2
SF,IF2009,2020-03-04 09:30:55.300,4032.8000,9532,0,65349600.000,0,-,-,-,-,4031.8000,4031.2000,4031.0000,4030.0000,4028.0000,4034.2000,4034.4000,4034.6000,4034.8000,4035.0000,1,1,1,1,1,1,1,1,2,2
SF,IF2009,2020-03-04 09:30:55.800,4032.8000,9532,0,65349600.000,0,-,-,-,-,4031.2000,4031.0000,4030.0000,4028.0000,4025.0000,4034.2000,4034.4000,4034.6000,4034.8000,4035.0000,1,1,1,1,5,1,2,1,2,2
SF,IF2009,2020-03-04 09:30:56.800,4032.8000,9532,0,65349600.000,0,-,-,-,-,4032.4000,4031.8000,4031.4000,4031.2000,4031.0000,4034.4000,4034.6000,4034.8000,4035.0000,4035.4000,1,1,1,1,1,2,1,2,2,2
SF,IF2009,2020-03-04 09:30:57.300,4032.8000,9532,0,65349600.000,0,-,-,-,-,4031.4000,4031.0000,4030.0000,4028.0000,4025.0000,4034.4000,4034.6000,4034.8000,4035.0000,4035.4000,2,1,1,1,5,2,1,2,2,2
SF,IF2009,2020-03-04 09:30:57.800,4031.6000,9530,-2,67768620.000,2,0,2,双平,S,4031.6000,4031.4000,4031.0000,4030.0000,4028.0000,4034.2000,4034.4000,4034.6000,4034.8000,4035.0000,1,1,1,1,1,2,2,1,2,2
SF,IF2009,2020-03-04 09:30:58.300,4031.6000,9530,0,67768620.000,0,-,-,-,-,4031.4000,4031.0000,4030.0000,4028.0000,4025.0000,4034.0000,4034.2000,4034.4000,4034.6000,4034.8000,1,1,1,1,5,1,3,2,1,2
SF,IF2009,2020-03-04 09:30:58.800,4031.6000,9530,0,67768620.000,0,-,-,-,-,4031.0000,4030.0000,4028.0000,4025.0000,4020.0000,4034.0000,4034.2000,4034.4000,4034.6000,4034.8000,1,1,1,5,1,1,3,2,1,2
SF,IF2009,2020-03-04 09:30:59.300,4031.6000,9530,0,67768620.000,0,-,-,-,-,4031.2000,4031.0000,4030.0000,4028.0000,4025.0000,4033.8000,4034.0000,4034.2000,4034.4000,4034.6000,1,1,1,1,5,1,1,3,2,1
SF,IF2009,2020-03-04 09:30:59.800,4031.6000,9530,0,67768620.000,0,-,-,-,-,4031.2000,4031.0000,4030.0000,4028.0000,4025.0000,4033.8000,4034.0000,4034.2000,4034.4000,4034.6000,1,1,1,1,5,1,2,3,2,1
SF,IF2009,2020-03-04 09:31:00.300,4031.6000,9530,0,67768620.000,0,-,-,-,-,4031.2000,4031.0000,4030.0000,4028.0000,4025.0000,4033.8000,4034.0000,4034.2000,4034.4000,4034.6000,1,1,1,1,5,1,2,1,2,1
SF,IF2009,2020-03-04 09:31:00.800,4031.6000,9530,0,67768620.000,0,-,-,-,-,4031.4000,4031.2000,4031.0000,4030.0000,4028.0000,4033.8000,4034.0000,4034.2000,4034.4000,4034.6000,1,1,1,1,1,1,1,1,2,1
SF,IF2009,2020-03-04 09:31:02.300,4031.6000,9530,0,67768620.000,0,-,-,-,-,4031.2000,4031.0000,4030.0000,4028.0000,4025.0000,4033.8000,4034.0000,4034.2000,4034.4000,4034.6000,1,1,1,1,5,1,1,1,2,1
SF,IF2009,2020-03-04 09:31:02.800,4031.6000,9530,0,67768620.000,0,-,-,-,-,4031.2000,4031.0000,4030.0000,4028.0000,4025.0000,4033.6000,4033.8000,4034.0000,4034.2000,4034.4000,1,1,1,1,5,1,1,1,1,2
SF,IF2009,2020-03-04 09:31:03.300,4031.6000,9530,0,67768620.000,0,-,-,-,-,4031.4000,4031.2000,4031.0000,4030.0000,4028.0000,4033.6000,4034.0000,4034.2000,4034.4000,4034.6000,1,1,1,1,1,1,1,1,2,1
SF,IF2009,2020-03-04 09:31:03.800,4031.6000,9530,0,67768620.000,0,-,-,-,-,4031.4000,4031.2000,4031.0000,4030.0000,4028.0000,4034.0000,4034.2000,4034.4000,4034.6000,4034.8000,1,1,1,1,1,1,1,2,1,2
SF,IF2009,2020-03-04 09:31:04.300,4031.6000,9530,0,67768620.000,0,-,-,-,-,4031.2000,4031.0000,4030.0000,4028.0000,4025.0000,4031.4000,4033.8000,4034.0000,4034.2000,4034.4000,1,1,1,1,5,1,1,1,1,2
SF,IF2009,2020-03-04 09:31:04.800,4031.4000,9530,0,68978040.000,1,0,1,多换,S,4032.4000,4031.6000,4031.0000,4030.0000,4028.0000,4033.8000,4034.0000,4034.4000,4034.6000,4034.8000,1,5,1,1,1,1,1,2,1,2
SF,IF2009,2020-03-04 09:31:05.300,4031.4000,9530,0,68978040.000,0,-,-,-,-,4031.6000,4031.0000,4030.0000,4028.0000,4025.0000,4033.8000,4034.0000,4034.4000,4034.6000,4034.8000,5,1,1,1,5,1,1,2,1,2
SF,IF2009,2020-03-04 09:31:05.800,4031.4000,9530,0,68978040.000,0,-,-,-,-,4032.4000,4031.6000,4031.0000,4030.0000,4028.0000,4034.0000,4034.4000,4034.6000,4034.8000,4035.0000,1,4,1,1,1,1,2,1,2,2
SF,IF2009,2020-03-04 09:31:06.300,4031.4000,9530,0,68978040.000,0,-,-,-,-,4031.6000,4031.0000,4030.0000,4028.0000,4025.0000,4034.0000,4034.4000,4034.6000,4034.8000,4035.0000,4,1,1,1,5,1,2,1,2,2
SF,IF2009,2020-03-04 09:31:06.800,4031.4000,9530,0,68978040.000,0,-,-,-,-,4032.4000,4031.8000,4031.6000,4031.4000,4031.0000,4033.8000,4034.0000,4034.4000,4034.6000,4034.8000,1,1,4,1,1,1,1,2,1,2
SF,IF2009,2020-03-04 09:31:07.300,4031.4000,9530,0,68978040.000,0,-,-,-,-,4032.6000,4032.4000,4031.6000,4031.4000,4031.0000,4033.8000,4034.0000,4034.4000,4034.6000,4034.8000,2,1,4,1,1,1,1,2,1,1
SF,IF2009,2020-03-04 09:31:07.800,4032.2000,9530,0,70187700.000,1,0,1,多换,S,4032.6000,4032.4000,4031.6000,4031.4000,4031.0000,4033.8000,4034.0000,4034.4000,4034.6000,4034.8000,1,2,4,1,1,1,1,2,1,1
SF,IF2009,2020-03-04 09:31:08.300,4032.2000,9530,0,70187700.000,0,-,-,-,-,4032.4000,4031.6000,4031.4000,4031.0000,4030.0000,4033.6000,4033.8000,4034.0000,4034.4000,4034.6000,1,4,1,1,1,1,1,1,2,1
SF,IF2009,2020-03-04 09:31:08.800,4033.6000,9530,0,71397780.000,1,0,1,多换,S,4032.6000,4032.4000,4031.6000,4031.4000,4031.0000,4033.8000,4034.0000,4034.4000,4034.6000,4034.8000,1,1,4,1,1,2,1,2,1,1
SF,IF2009,2020-03-04 09:31:09.300,4033.6000,9530,0,71397780.000,0,-,-,-,-,4032.6000,4032.4000,4031.6000,4031.4000,4031.0000,4033.8000,4034.0000,4034.4000,4034.6000,4034.8000,1,1,4,1,1,2,1,2,1,1
SF,IF2009,2020-03-04 09:31:09.800,4033.8000,9530,0,73818060.000,2,1,1,多换,S,4032.8000,4032.6000,4032.4000,4031.6000,4031.0000,4034.0000,4034.4000,4034.6000,4034.8000,4035.0000,1,2,1,4,1,1,2,1,1,2
SF,IF2009,2020-03-04 09:31:10.300,4034.0000,9530,0,75028260.000,1,0,1,多换,S,4032.8000,4032.6000,4032.4000,4031.6000,4031.0000,4034.4000,4034.6000,4034.8000,4035.0000,4035.4000,1,1,1,4,1,2,1,1,2,2
SF,IF2009,2020-03-04 09:31:10.800,4034.0000,9530,0,75028260.000,0,-,-,-,-,4032.8000,4032.6000,4032.4000,4031.6000,4031.0000,4033.8000,4034.4000,4034.6000,4034.8000,4035.0000,1,1,1,4,1,1,2,1,1,2
SF,IF2009,2020-03-04 09:31:11.300,4033.8000,9530,0,76238400.000,1,0,1,多换,S,4033.0000,4032.8000,4032.6000,4032.4000,4031.6000,4034.4000,4034.6000,4034.8000,4035.0000,4035.4000,1,1,1,1,4,2,1,1,2,2
SF,IF2009,2020-03-04 09:31:11.800,4033.8000,9530,0,76238400.000,0,-,-,-,-,4033.0000,4032.8000,4032.6000,4032.4000,4031.6000,4034.4000,4034.6000,4034.8000,4035.0000,4035.4000,1,1,1,1,4,2,1,1,2,2
SF,IF2009,2020-03-04 09:31:12.300,4034.6000,9530,0,79869420.000,3,1,2,多换,S,4033.2000,4033.0000,4032.6000,4032.4000,4031.6000,4034.8000,4035.0000,4035.4000,4035.6000,4036.4000,1,1,1,1,4,1,1,2,2,1
SF,IF2009,2020-03-04 09:31:12.800,4034.6000,9530,0,79869420.000,0,-,-,-,-,4033.4000,4033.2000,4032.6000,4032.4000,4031.6000,4033.8000,4034.8000,4035.0000,4035.4000,4035.6000,2,1,1,1,4,1,1,1,2,2
SF,IF2009,2020-03-04 09:31:13.300,4033.8000,9530,0,81079560.000,1,0,1,多换,S,4033.4000,4032.6000,4032.4000,4031.6000,4031.0000,4034.8000,4035.0000,4035.4000,4035.6000,4036.4000,1,1,1,4,1,1,1,2,2,1
SF,IF2009,2020-03-04 09:31:13.800,4034.8000,9530,0,82290000.000,1,0,1,多换,S,4034.8000,4034.0000,4033.6000,4032.6000,4032.4000,4035.0000,4035.4000,4035.6000,4036.4000,4036.8000,1,5,1,1,1,1,2,2,1,2
SF,IF2009,2020-03-04 09:31:14.300,4035.0000,9529,-1,83500500.000,1,0,1,双平,S,4034.8000,4034.0000,4033.6000,4032.6000,4032.4000,4035.4000,4035.6000,4036.4000,4036.8000,4037.2000,1,5,2,1,1,2,2,1,2,2
SF,IF2009,2020-03-04 09:31:14.800,4035.4000,9529,0,84711120.000,1,0,1,多换,S,4034.8000,4034.0000,4033.6000,4032.6000,4032.4000,4035.4000,4035.6000,4036.4000,4036.8000,4037.2000,1,5,2,1,1,1,2,1,2,2
SF,IF2009,2020-03-04 09:31:15.300,4035.4000,9529,0,85921740.000,1,0,1,多换,S,4034.8000,4034.0000,4033.6000,4032.6000,4032.4000,4035.6000,4036.4000,4036.8000,4037.2000,4037.6000,1,5,1,1,1,2,1,2,2,1
SF,IF2009,2020-03-04 09:31:15.800,4035.4000,9529,0,85921740.000,0,-,-,-,-,4035.0000,4034.8000,4034.0000,4033.6000,4032.6000,4035.6000,4036.4000,4036.8000,4037.2000,4037.6000,1,1,5,1,1,2,1,2,2,1
SF,IF2009,2020-03-04 09:31:16.300,4035.6000,9528,-1,88343100.000,2,0,2,多平,S,4035.0000,4034.8000,4034.0000,4033.6000,4032.6000,4036.4000,4036.8000,4037.2000,4037.6000,4037.8000,1,1,4,1,1,1,2,2,1,2
SF,IF2009,2020-03-04 09:31:16.800,4035.2000,9528,0,89553660.000,1,0,1,多换,S,4035.2000,4035.0000,4034.8000,4034.0000,4033.6000,4036.4000,4036.8000,4037.2000,4037.6000,4037.8000,4,1,1,4,1,1,2,2,1,2
SF,IF2009,2020-03-04 09:31:17.300,4036.4000,9528,0,90764580.000,1,0,1,多换,S,4035.4000,4035.2000,4035.0000,4034.8000,4034.0000,4036.8000,4037.2000,4037.6000,4037.8000,4038.2000,1,1,1,1,4,2,2,1,2,2
SF,IF2009,2020-03-04 09:31:17.800,4036.4000,9528,0,90764580.000,0,-,-,-,-,4035.4000,4035.2000,4035.0000,4034.8000,4034.0000,4036.8000,4037.2000,4037.6000,4037.8000,4038.2000,1,1,1,1,4,2,2,1,2,2
SF,IF2009,2020-03-04 09:31:18.300,4036.4000,9528,0,90764580.000,0,-,-,-,-,4035.6000,4035.4000,4035.2000,4034.8000,4034.0000,4036.8000,4037.2000,4037.6000,4037.8000,4038.2000,2,1,1,1,4,2,2,1,2,2
SF,IF2009,2020-03-04 09:31:18.800,4036.8000,9528,0,91975620.000,1,0,1,多换,S,4035.6000,4035.4000,4035.2000,4034.8000,4034.0000,4036.8000,4037.2000,4037.6000,4037.8000,4038.2000,2,1,1,1,4,2,2,1,2,2
SF,IF2009,2020-03-04 09:31:19.300,4036.8000,9528,0,93186660.000,1,0,1,多换,S,4035.6000,4035.4000,4035.2000,4034.8000,4034.0000,4036.8000,4037.2000,4037.6000,4037.8000,4038.2000,1,1,1,1,4,1,2,1,2,2
SF,IF2009,2020-03-04 09:31:19.800,4036.8000,9529,1,94397700.000,1,1,0,双开,S,4035.6000,4035.4000,4035.2000,4034.8000,4034.0000,4037.2000,4037.6000,4037.8000,4038.2000,4038.6000,1,1,1,1,4,2,1,2,2,1
SF,IF2009,2020-03-04 09:31:20.300,4036.8000,9529,0,94397700.000,0,-,-,-,-,4035.6000,4035.4000,4035.2000,4034.8000,4034.0000,4036.6000,4037.2000,4037.6000,4037.8000,4038.2000,1,1,1,1,4,1,2,1,2,2
SF,IF2009,2020-03-04 09:31:20.800,4036.6000,9529,0,95608680.000,1,0,1,多换,S,4037.0000,4035.8000,4035.6000,4035.2000,4034.8000,4037.2000,4037.6000,4037.8000,4038.2000,4038.6000,1,1,1,1,1,2,1,2,2,1
SF,IF2009,2020-03-04 09:31:21.300,4036.6000,9530,1,99241980.000,3,2,1,空开,S,4035.8000,4035.6000,4035.2000,4034.8000,4034.0000,4037.6000,4037.8000,4038.2000,4038.6000,4039.0000,1,1,1,1,4,1,2,2,1,1
SF,IF2009,2020-03-04 09:31:21.800,4036.0000,9529,-1,100452780.000,1,0,1,双平,S,4037.2000,4036.0000,4035.8000,4035.2000,4034.8000,4037.6000,4037.8000,4038.2000,4038.6000,4039.0000,2,4,1,1,1,1,2,2,1,1
SF,IF2009,2020-03-04 09:31:22.300,4037.6000,9530,1,101664060.000,1,1,0,双开,S,4037.2000,4036.0000,4035.8000,4035.2000,4035.0000,4037.8000,4038.2000,4038.6000,4039.0000,4050.0000,2,6,1,1,5,2,2,1,1,5
SF,IF2009,2020-03-04 09:31:22.800,4037.4000,9531,1,110142900.000,7,4,3,空开,S,4037.2000,4036.0000,4035.8000,4035.2000,4035.0000,4037.4000,4038.2000,4038.6000,4039.0000,4050.0000,2,6,1,1,5,5,2,1,1,5
SF,IF2009,2020-03-04 09:31:23.300,4037.4000,9532,1,113776560.000,3,2,1,空开,S,4037.2000,4036.0000,4035.8000,4035.2000,4035.0000,4037.4000,4038.2000,4038.6000,4039.0000,4050.0000,1,6,1,1,5,2,2,1,1,5
SF,IF2009,2020-03-04 09:31:23.800,4037.4000,9533,1,118621680.000,4,2,2,空开,S,4037.6000,4036.0000,4035.8000,4035.2000,4035.0000,4038.2000,4038.6000,4039.0000,4050.0000,4058.0000,1,6,1,1,5,1,1,1,5,1
SF,IF2009,2020-03-04 09:31:24.300,4037.4000,9533,0,118621680.000,0,-,-,-,-,4037.8000,4037.6000,4037.4000,4036.0000,4035.2000,4038.2000,4038.6000,4039.0000,4050.0000,4058.0000,2,1,1,6,1,1,1,1,5,1
SF,IF2009,2020-03-04 09:31:24.800,4038.6000,9535,2,121044720.000,2,2,0,双开,S,4037.8000,4037.6000,4036.0000,4035.2000,4035.0000,4039.0000,4050.0000,4058.0000,4058.8000,4062.0000,1,1,6,1,5,1,5,1,1,1
SF,IF2009,2020-03-04 09:31:25.300,4038.2000,9535,0,122256180.000,1,0,1,多换,S,4037.8000,4037.6000,4036.0000,4035.2000,4035.0000,4039.0000,4050.0000,4058.0000,4058.8000,4062.0000,1,1,5,1,5,1,5,1,1,1
SF,IF2009,2020-03-04 09:31:25.800,4038.2000,9535,0,122256180.000,0,-,-,-,-,4037.8000,4037.6000,4036.0000,4035.2000,4034.0000,4039.0000,4050.0000,4058.0000,4058.8000,4062.0000,1,1,4,1,4,1,5,1,1,1
SF,IF2009,2020-03-04 09:31:26.300,4037.8000,9534,-1,123467520.000,1,0,1,双平,S,4037.6000,4036.0000,4035.2000,4034.0000,4032.6000,4039.0000,4050.0000,4058.0000,4058.8000,4062.0000,1,4,1,4,1,1,5,1,1,1
SF,IF2009,2020-03-04 09:31:26.800,4037.8000,9534,0,123467520.000,0,-,-,-,-,4036.0000,4035.2000,4034.0000,4032.6000,4030.0000,4039.0000,4050.0000,4058.0000,4058.8000,4062.0000,4,1,4,1,7,2,6,1,1,1
SF,IF2009,2020-03-04 09:31:27.300,4037.8000,9534,0,123467520.000,0,-,-,-,-,4036.2000,4036.0000,4035.2000,4034.0000,4032.6000,4037.8000,4038.8000,4039.0000,4050.0000,4058.0000,1,4,1,4,1,1,3,2,6,1
SF,IF2009,2020-03-04 09:31:27.800,4037.8000,9534,0,124678860.000,1,0,1,多换,S,4036.0000,4035.2000,4034.0000,4032.6000,4030.0000,4038.8000,4039.0000,4050.0000,4058.0000,4058.8000,4,1,4,1,7,3,2,6,1,1
SF,IF2009,2020-03-04 09:31:28.300,4037.8000,9534,0,124678860.000,0,-,-,-,-,4036.2000,4036.0000,4035.2000,4034.0000,4032.6000,4038.6000,4038.8000,4039.0000,4050.0000,4058.0000,1,3,1,4,1,1,3,2,6,1
SF,IF2009,2020-03-04 09:31:28.800,4037.8000,9534,0,124678860.000,0,-,-,-,-,4036.4000,4036.2000,4036.0000,4035.2000,4034.0000,4038.4000,4038.6000,4038.8000,4039.0000,4050.0000,1,1,3,1,4,1,1,3,2,6
SF,IF2009,2020-03-04 09:31:29.300,4037.8000,9534,0,124678860.000,0,-,-,-,-,4036.4000,4035.2000,4034.0000,4032.6000,4030.0000,4038.2000,4038.4000,4039.0000,4050.0000,4058.0000,1,1,4,1,7,1,1,2,6,1
SF,IF2009,2020-03-04 09:31:29.800,4037.8000,9534,0,124678860.000,0,-,-,-,-,4036.4000,4035.2000,4034.0000,4032.6000,4030.0000,4038.2000,4038.4000,4039.0000,4050.0000,4058.0000,1,1,4,1,7,1,1,2,6,1
SF,IF2009,2020-03-04 09:31:30.300,4038.2000,9534,0,125890320.000,1,0,1,多换,S,4036.4000,4035.2000,4034.0000,4032.6000,4030.0000,4038.4000,4039.0000,4050.0000,4058.0000,4058.8000,1,1,4,1,7,1,2,6,1,1
SF,IF2009,2020-03-04 09:31:30.800,4038.2000,9534,0,125890320.000,0,-,-,-,-,4038.2000,4036.6000,4036.4000,4035.2000,4034.0000,4038.4000,4039.0000,4050.0000,4058.0000,4058.8000,1,1,1,1,4,1,2,6,1,1
SF,IF2009,2020-03-04 09:31:31.300,4038.4000,9534,0,127101840.000,1,0,1,多换,S,4038.2000,4036.6000,4036.4000,4034.0000,4032.6000,4039.0000,4050.0000,4058.0000,4058.8000,4062.0000,1,4,1,4,1,2,6,1,1,1
SF,IF2009,2020-03-04 09:31:31.800,4038.4000,9534,0,127101840.000,0,-,-,-,-,4038.4000,4036.6000,4036.4000,4034.0000,4032.6000,4039.0000,4050.0000,4058.0000,4058.8000,4062.0000,1,3,1,4,1,2,6,1,1,1
SF,IF2009,2020-03-04 09:31:32.300,4039.0000,9534,0,129525060.000,2,1,1,多换,S,4036.6000,4034.0000,4032.6000,4030.0000,4028.0000,4039.0000,4050.0000,4058.0000,4058.8000,4062.0000,3,4,1,7,1,1,6,1,1,1
SF,IF2009,2020-03-04 09:31:32.800,4039.0000,9534,0,129525060.000,0,-,-,-,-,4036.8000,4036.6000,4034.0000,4032.6000,4030.0000,4039.0000,4050.0000,4058.0000,4058.8000,4062.0000,1,3,4,1,7,1,6,1,1,1
SF,IF2009,2020-03-04 09:31:33.300,4039.0000,9534,0,129525060.000,0,-,-,-,-,4037.2000,4037.0000,4036.8000,4034.0000,4032.6000,4039.0000,4050.0000,4058.0000,4058.8000,4062.0000,3,1,1,4,1,1,6,1,1,1
SF,IF2009,2020-03-04 09:31:33.800,4039.0000,9534,0,129525060.000,0,-,-,-,-,4037.4000,4037.2000,4034.0000,4032.6000,4030.0000,4038.2000,4039.0000,4050.0000,4058.0000,4058.8000,1,3,4,1,7,1,1,6,1,1
SF,IF2009,2020-03-04 09:31:34.800,4038.6000,9533,-1,130736640.000,1,0,1,双平,S,4037.8000,4037.4000,4034.0000,4032.6000,4030.0000,4038.4000,4039.0000,4050.0000,4058.0000,4058.8000,3,1,4,1,7,1,2,6,1,1
SF,IF2009,2020-03-04 09:31:35.300,4039.0000,9532,-1,133159860.000,2,0,2,多平,S,4038.4000,4038.0000,4037.8000,4034.0000,4032.6000,4039.0000,4050.0000,4058.0000,4058.8000,4062.0000,2,1,3,4,1,1,6,1,1,1
SF,IF2009,2020-03-04 09:31:35.800,4038.6000,9531,-1,134371440.000,1,0,1,双平,S,4037.8000,4034.0000,4032.6000,4030.0000,4028.0000,4039.0000,4050.0000,4058.0000,4058.8000,4062.0000,3,4,1,7,1,1,6,1,1,1
SF,IF2009,2020-03-04 09:31:36.300,4038.6000,9531,0,134371440.000,0,-,-,-,-,4037.8000,4034.0000,4032.6000,4030.0000,4028.0000,4039.0000,4050.0000,4058.0000,4058.8000,4062.0000,2,4,1,7,1,1,6,1,1,1
SF,IF2009,2020-03-04 09:31:36.800,4039.0000,9531,0,135583140.000,1,0,1,多换,S,4038.0000,4037.8000,4034.0000,4030.0000,4028.0000,4039.0000,4050.0000,4058.0000,4058.8000,4062.0000,3,2,4,7,1,1,6,1,1,1
SF,IF2009,2020-03-04 09:31:37.300,4039.0000,9531,0,135583140.000,0,-,-,-,-,4038.4000,4038.0000,4034.0000,4030.0000,4028.0000,4039.0000,4050.0000,4058.0000,4058.8000,4062.0000,2,3,4,7,1,1,6,1,1,1
SF,IF2009,2020-03-04 09:31:37.800,4039.0000,9531,0,135583140.000,0,-,-,-,-,4038.0000,4034.0000,4030.0000,4028.0000,4020.0000,4039.0000,4050.0000,4058.0000,4058.8000,4062.0000,3,4,7,1,1,1,6,1,1,1
SF,IF2009,2020-03-04 09:31:38.300,4039.0000,9531,0,135583140.000,0,-,-,-,-,4038.4000,4038.0000,4034.0000,4030.0000,4028.0000,4039.0000,4050.0000,4058.0000,4058.8000,4062.0000,2,3,4,7,1,1,6,1,1,1
SF,IF2009,2020-03-04 09:31:38.800,4039.0000,9531,0,135583140.000,0,-,-,-,-,4038.0000,4034.0000,4030.0000,4028.0000,4020.0000,4039.0000,4050.0000,4058.0000,4058.8000,4062.0000,3,4,7,1,1,2,6,1,1,1
SF,IF2009,2020-03-04 09:31:39.300,4039.0000,9531,0,135583140.000,0,-,-,-,-,4038.0000,4034.0000,4030.0000,4028.0000,4020.0000,4039.0000,4050.0000,4058.0000,4058.8000,4062.0000,3,4,7,1,1,2,6,1,1,1
SF,IF2009,2020-03-04 09:31:40.300,4039.0000,9531,0,135583140.000,0,-,-,-,-,4038.0000,4035.0000,4034.0000,4030.0000,4028.0000,4039.0000,4050.0000,4058.0000,4058.8000,4062.0000,3,1,4,7,1,2,6,1,1,1
SF,IF2009,2020-03-04 09:31:40.800,4038.0000,9528,-3,139217340.000,3,0,3,双平,S,4035.0000,4034.0000,4030.0000,4028.0000,4020.0000,4038.8000,4039.0000,4050.0000,4058.0000,4058.8000,1,4,7,1,1,1,3,6,1,1
SF,IF2009,2020-03-04 09:31:41.300,4038.0000,9528,0,139217340.000,0,-,-,-,-,4035.8000,4035.4000,4035.2000,4035.0000,4034.8000,4038.6000,4038.8000,4039.0000,4050.0000,4058.0000,1,3,3,1,1,1,1,3,6,1
SF,IF2009,2020-03-04 09:31:41.800,4038.0000,9528,0,139217340.000,0,-,-,-,-,4036.2000,4036.0000,4035.8000,4035.2000,4035.0000,4038.4000,4038.6000,4039.0000,4050.0000,4058.0000,2,1,1,1,1,1,1,3,6,1
SF,IF2009,2020-03-04 09:31:42.300,4038.0000,9528,0,139217340.000,0,-,-,-,-,4036.2000,4035.8000,4035.2000,4035.0000,4034.8000,4038.4000,4038.6000,4039.0000,4050.0000,4058.0000,2,1,1,1,1,1,1,3,6,1
SF,IF2009,2020-03-04 09:31:42.800,4038.0000,9528,0,139217340.000,0,-,-,-,-,4036.2000,4035.8000,4035.2000,4035.0000,4034.8000,4038.4000,4039.0000,4050.0000,4058.0000,4058.8000,2,1,1,1,1,1,3,6,1,1
SF,IF2009,2020-03-04 09:31:43.300,4038.0000,9528,0,139217340.000,0,-,-,-,-,4035.8000,4035.2000,4035.0000,4034.0000,4030.0000,4038.2000,4038.4000,4039.0000,4050.0000,4058.0000,1,1,1,4,7,1,2,3,6,1
SF,IF2009,2020-03-04 09:31:43.800,4038.0000,9528,0,139217340.000,0,-,-,-,-,4035.8000,4035.2000,4035.0000,4034.0000,4030.0000,4038.0000,4038.2000,4038.4000,4039.0000,4050.0000,1,1,1,4,7,1,1,1,3,6
SF,IF2009,2020-03-04 09:31:44.300,4038.0000,9528,0,139217340.000,0,-,-,-,-,4035.0000,4034.0000,4030.0000,4028.0000,4020.0000,4038.0000,4038.2000,4038.4000,4039.0000,4050.0000,1,4,7,1,1,1,1,1,3,6
SF,IF2009,2020-03-04 09:31:44.800,4038.0000,9528,0,139217340.000,0,-,-,-,-,4035.4000,4035.2000,4035.0000,4034.0000,4030.0000,4037.8000,4038.0000,4038.2000,4038.4000,4039.0000,2,1,1,4,7,1,1,1,1,3
SF,IF2009,2020-03-04 09:31:45.300,4038.0000,9528,0,139217340.000,0,-,-,-,-,4035.4000,4035.2000,4035.0000,4034.0000,4030.0000,4037.6000,4037.8000,4038.2000,4038.4000,4039.0000,2,1,1,4,7,1,1,1,1,3
SF,IF2009,2020-03-04 09:31:45.800,4038.0000,9528,0,139217340.000,0,-,-,-,-,4035.4000,4035.0000,4034.0000,4030.0000,4028.0000,4037.6000,4037.8000,4038.2000,4038.4000,4039.0000,2,1,4,7,1,1,1,1,1,3
SF,IF2009,2020-03-04 09:31:46.300,4038.0000,9528,0,139217340.000,0,-,-,-,-,4035.4000,4035.0000,4034.0000,4030.0000,4028.0000,4037.6000,4038.2000,4038.4000,4039.0000,4050.0000,3,1,4,7,1,1,1,1,3,6
SF,IF2009,2020-03-04 09:31:46.800,4038.0000,9528,0,139217340.000,0,-,-,-,-,4035.4000,4035.0000,4034.0000,4033.2000,4030.0000,4037.6000,4038.2000,4038.4000,4039.0000,4050.0000,3,1,4,1,7,2,1,1,3,6
SF,IF2009,2020-03-04 09:31:47.300,4038.0000,9528,0,139217340.000,0,-,-,-,-,4036.8000,4035.4000,4035.0000,4034.0000,4030.0000,4037.6000,4038.4000,4039.0000,4050.0000,4058.0000,5,2,1,4,7,2,1,3,6,1
SF,IF2009,2020-03-04 09:31:47.800,4038.0000,9528,0,139217340.000,0,-,-,-,-,4036.8000,4035.4000,4035.0000,4034.0000,4030.0000,4037.6000,4038.4000,4039.0000,4050.0000,4058.0000,5,2,1,4,7,2,1,3,6,1
SF,IF2009,2020-03-04 09:31:48.800,4038.0000,9528,0,139217340.000,0,-,-,-,-,4036.8000,4035.4000,4035.0000,4034.0000,4030.0000,4037.6000,4038.4000,4039.0000,4050.0000,4058.0000,5,2,1,4,7,3,1,3,6,1
SF,IF2009,2020-03-04 09:31:49.800,4038.0000,9528,0,139217340.000,0,-,-,-,-,4037.0000,4036.8000,4035.0000,4034.0000,4030.0000,4037.6000,4038.4000,4039.0000,4050.0000,4058.0000,2,5,1,4,7,3,1,3,6,1
SF,IF2009,2020-03-04 09:31:50.300,4038.0000,9528,0,139217340.000,0,-,-,-,-,4036.8000,4035.0000,4034.0000,4030.0000,4028.0000,4037.6000,4038.4000,4039.0000,4050.0000,4058.0000,5,1,4,7,1,3,1,3,6,1
SF,IF2009,2020-03-04 09:31:50.800,4037.8000,9527,-1,142851360.000,3,1,2,多平,S,4037.2000,4036.8000,4035.0000,4034.0000,4030.0000,4037.6000,4038.4000,4039.0000,4050.0000,4058.0000,2,5,1,4,7,1,1,3,6,1
SF,IF2009,2020-03-04 09:31:51.300,4037.8000,9527,0,142851360.000,0,-,-,-,-,4037.2000,4036.8000,4035.0000,4034.0000,4030.0000,4037.6000,4038.4000,4039.0000,4050.0000,4058.0000,3,5,1,4,7,1,1,3,6,1
SF,IF2009,2020-03-04 09:31:51.800,4037.8000,9527,0,142851360.000,0,-,-,-,-,4037.2000,4036.8000,4035.0000,4034.0000,4030.0000,4037.6000,4038.4000,4039.0000,4050.0000,4058.0000,2,5,1,4,7,1,1,3,6,1
SF,IF2009,2020-03-04 09:31:52.800,4037.6000,9527,0,144062640.000,1,0,1,多换,S,4036.8000,4035.0000,4034.8000,4034.0000,4030.0000,4037.6000,4038.4000,4039.0000,4050.0000,4058.0000,5,1,1,4,7,1,1,3,6,1
SF,IF2009,2020-03-04 09:31:53.300,4037.6000,9528,1,145273920.000,1,1,0,双开,S,4037.6000,4036.8000,4035.0000,4034.8000,4034.0000,4038.4000,4039.0000,4050.0000,4058.0000,4058.8000,4,5,1,1,4,1,3,6,1,1
SF,IF2009,2020-03-04 09:31:53.800,4036.8000,9526,-2,152541120.000,6,2,4,多平,S,4036.8000,4035.0000,4034.8000,4034.0000,4030.0000,4038.2000,4038.4000,4039.0000,4050.0000,4058.0000,3,1,1,4,7,1,1,3,6,1
SF,IF2009,2020-03-04 09:31:54.300,4036.8000,9523,-3,156174240.000,3,0,3,双平,S,4035.0000,4034.8000,4034.0000,4030.0000,4028.0000,4038.0000,4038.2000,4038.4000,4039.0000,4050.0000,1,1,4,7,1,1,1,1,3,6
SF,IF2009,2020-03-04 09:31:54.800,4036.8000,9523,0,156174240.000,0,-,-,-,-,4035.4000,4035.0000,4034.8000,4034.0000,4030.0000,4037.8000,4038.0000,4038.2000,4038.4000,4039.0000,2,1,1,4,7,2,1,1,1,3
SF,IF2009,2020-03-04 09:31:55.300,4036.8000,9523,0,156174240.000,0,-,-,-,-,4035.4000,4035.0000,4034.8000,4034.0000,4030.0000,4037.6000,4037.8000,4038.0000,4038.2000,4038.4000,2,1,1,4,7,1,2,1,1,1
SF,IF2009,2020-03-04 09:31:55.800,4036.8000,9523,0,156174240.000,0,-,-,-,-,4035.4000,4035.0000,4034.0000,4030.0000,4028.0000,4037.4000,4037.6000,4037.8000,4038.0000,4038.2000,2,1,4,7,1,1,1,1,1,1
SF,IF2009,2020-03-04 09:31:56.300,4036.8000,9523,0,156174240.000,0,-,-,-,-,4035.4000,4035.0000,4034.0000,4033.8000,4030.0000,4037.4000,4037.6000,4037.8000,4038.0000,4038.2000,2,1,4,1,7,1,1,1,1,1
SF,IF2009,2020-03-04 09:31:56.800,4036.8000,9523,0,156174240.000,0,-,-,-,-,4035.0000,4034.0000,4033.8000,4030.0000,4028.0000,4037.4000,4037.8000,4038.0000,4038.2000,4038.4000,1,4,1,7,1,1,1,1,1,1
SF,IF2009,2020-03-04 09:31:57.300,4036.8000,9523,0,156174240.000,0,-,-,-,-,4035.4000,4035.0000,4034.0000,4033.8000,4030.0000,4037.4000,4037.8000,4038.0000,4038.2000,4038.4000,2,1,4,1,7,2,1,1,1,1
SF,IF2009,2020-03-04 09:31:57.800,4036.8000,9523,0,156174240.000,0,-,-,-,-,4035.4000,4035.0000,4034.0000,4030.0000,4028.0000,4037.4000,4037.8000,4038.0000,4038.2000,4038.4000,2,1,4,7,1,2,1,1,1,1
SF,IF2009,2020-03-04 09:31:58.300,4036.8000,9523,0,156174240.000,0,-,-,-,-,4035.4000,4035.0000,4034.0000,4030.0000,4028.0000,4037.4000,4037.8000,4038.2000,4038.4000,4039.0000,2,1,4,7,1,2,1,1,1,3
SF,IF2009,2020-03-04 09:31:58.800,4036.8000,9523,0,156174240.000,0,-,-,-,-,4035.4000,4035.0000,4034.0000,4030.0000,4028.0000,4037.4000,4038.2000,4038.4000,4039.0000,4050.0000,2,1,4,7,1,2,1,1,3,6
SF,IF2009,2020-03-04 09:31:59.300,4036.8000,9523,0,156174240.000,0,-,-,-,-,4035.6000,4035.4000,4035.0000,4034.0000,4030.0000,4037.4000,4038.2000,4038.4000,4039.0000,4050.0000,1,2,1,4,7,2,1,1,3,6
SF,IF2009,2020-03-04 09:31:59.800,4037.4000,9522,-1,157385460.000,1,0,1,双平,S,4036.0000,4035.8000,4035.6000,4035.0000,4034.0000,4037.4000,4038.2000,4038.4000,4039.0000,4050.0000,2,1,2,1,4,2,1,1,3,6
SF,IF2009,2020-03-04 09:32:00.300,4036.2000,9521,-1,161018760.000,3,1,2,多平,S,4036.0000,4035.8000,4035.6000,4035.0000,4034.0000,4038.2000,4038.4000,4039.0000,4050.0000,4058.0000,2,1,2,1,4,1,1,3,6,1
SF,IF2009,2020-03-04 09:32:00.800,4036.2000,9521,0,161018760.000,0,-,-,-,-,4036.4000,4036.2000,4036.0000,4035.6000,4035.0000,4038.2000,4038.4000,4039.0000,4050.0000,4058.0000,1,2,3,2,1,1,1,3,6,1
SF,IF2009,2020-03-04 09:32:01.300,4036.2000,9521,0,161018760.000,0,-,-,-,-,4036.6000,4036.4000,4036.2000,4035.6000,4035.0000,4038.0000,4038.2000,4038.4000,4039.0000,4050.0000,2,1,1,2,1,1,1,1,3,6
SF,IF2009,2020-03-04 09:32:01.800,4038.0000,9521,0,162230160.000,1,0,1,多换,S,4037.0000,4036.8000,4036.6000,4036.2000,4035.6000,4038.2000,4038.4000,4039.0000,4050.0000,4058.0000,1,1,3,1,1,1,1,3,6,1
SF,IF2009,2020-03-04 09:32:02.300,4038.4000,9521,0,164653140.000,2,1,1,多换,S,4038.0000,4037.4000,4037.2000,4036.8000,4036.2000,4039.0000,4050.0000,4058.0000,4058.8000,4062.0000,1,2,1,2,1,3,6,1,1,1
SF,IF2009,2020-03-04 09:32:02.800,4038.4000,9521,0,164653140.000,0,-,-,-,-,4037.4000,4037.2000,4036.8000,4036.2000,4035.6000,4039.0000,4050.0000,4058.0000,4058.8000,4062.0000,2,1,1,1,1,3,6,1,1,1
SF,IF2009,2020-03-04 09:32:03.300,4038.4000,9522,1,165864660.000,1,1,0,双开,S,4037.6000,4037.4000,4037.2000,4036.8000,4036.2000,4038.8000,4039.0000,4050.0000,4058.0000,4058.8000,1,2,1,1,1,1,3,6,1,1
SF,IF2009,2020-03-04 09:32:03.800,4039.0000,9523,1,167076360.000,1,1,0,双开,S,4038.0000,4037.6000,4036.8000,4036.2000,4035.0000,4039.0000,4050.0000,4058.0000,4058.8000,4062.0000,2,3,1,1,1,2,6,1,1,1
SF,IF2009,2020-03-04 09:32:04.300,4039.0000,9523,0,169499760.000,2,1,1,多换,S,4038.8000,4038.2000,4038.0000,4037.8000,4036.2000,4050.0000,4058.0000,4058.8000,4062.0000,4066.0000,1,1,2,1,1,6,1,1,1,1
SF,IF2009,2020-03-04 09:32:04.800,4039.0000,9523,0,169499760.000,0,-,-,-,-,4039.0000,4038.0000,4036.2000,4035.0000,4034.0000,4041.0000,4043.2000,4043.6000,4044.6000,4046.0000,2,2,1,1,4,1,1,2,1,2
SF,IF2009,2020-03-04 09:32:05.300,4039.0000,9523,0,169499760.000,0,-,-,-,-,4039.2000,4035.0000,4034.0000,4030.0000,4028.0000,4040.8000,4041.0000,4043.6000,4044.6000,4046.0000,4,1,4,7,1,1,1,2,1,2
SF,IF2009,2020-03-04 09:32:05.800,4039.0000,9523,0,169499760.000,0,-,-,-,-,4039.4000,4039.2000,4035.0000,4034.0000,4030.0000,4041.0000,4044.6000,4046.0000,4047.0000,4047.6000,1,1,1,4,7,1,1,2,3,2
SF,IF2009,2020-03-04 09:32:06.300,4039.0000,9523,0,169499760.000,0,-,-,-,-,4039.4000,4039.2000,4035.0000,4034.0000,4030.0000,4040.8000,4041.0000,4044.6000,4046.0000,4047.0000,1,1,1,4,7,1,1,1,2,1
SF,IF2009,2020-03-04 09:32:06.800,4039.0000,9523,0,169499760.000,0,-,-,-,-,4035.0000,4034.0000,4030.0000,4028.0000,4020.0000,4040.8000,4041.0000,4044.6000,4046.0000,4047.0000,1,4,7,1,1,1,1,1,2,1
SF,IF2009,2020-03-04 09:32:07.300,4039.0000,9523,0,169499760.000,0,-,-,-,-,4035.8000,4035.4000,4035.2000,4035.0000,4034.8000,4041.0000,4044.6000,4046.0000,4047.0000,4048.2000,1,3,2,1,1,1,1,2,1,1
SF,IF2009,2020-03-04 09:32:07.800,4039.0000,9523,0,169499760.000,0,-,-,-,-,4036.2000,4036.0000,4035.8000,4035.0000,4034.8000,4040.8000,4041.0000,4044.6000,4046.0000,4047.0000,3,3,2,1,1,1,1,1,2,1
SF,IF2009,2020-03-04 09:32:08.300,4040.8000,9524,1,170712000.000,1,1,0,双开,S,4040.8000,4036.4000,4036.2000,4036.0000,4035.8000,4041.0000,4044.6000,4046.0000,4047.0000,4048.2000,1,4,3,1,2,1,1,2,1,1
SF,IF2009,2020-03-04 09:32:08.800,4040.8000,9524,0,171924240.000,1,0,1,多换,S,4037.8000,4036.8000,4036.4000,4036.2000,4036.0000,4044.6000,4046.0000,4047.0000,4048.2000,4048.4000,1,1,4,3,1,1,1,1,1,1
SF,IF2009,2020-03-04 09:32:09.300,4040.8000,9524,0,171924240.000,0,-,-,-,-,4041.0000,4038.2000,4038.0000,4037.8000,4036.4000,4044.0000,4044.4000,4044.6000,4046.0000,4048.2000,1,3,2,1,2,1,2,1,1,1
SF,IF2009,2020-03-04 09:32:09.800,4040.8000,9524,0,171924240.000,0,-,-,-,-,4041.2000,4039.0000,4038.6000,4038.2000,4038.0000,4043.6000,4043.8000,4044.0000,4044.4000,4044.6000,1,1,1,3,3,1,1,1,1,1
SF,IF2009,2020-03-04 09:32:10.300,4040.8000,9524,0,171924240.000,0,-,-,-,-,4041.2000,4039.0000,4038.6000,4038.2000,4038.0000,4043.4000,4044.0000,4044.4000,4044.6000,4046.0000,1,1,1,3,3,2,1,1,2,1
SF,IF2009,2020-03-04 09:32:10.800,4040.8000,9524,0,171924240.000,0,-,-,-,-,4039.0000,4038.6000,4038.2000,4038.0000,4037.8000,4043.0000,4043.4000,4044.0000,4044.6000,4046.0000,1,1,3,1,1,1,1,1,2,1
SF,IF2009,2020-03-04 09:32:11.300,4040.8000,9524,0,171924240.000,0,-,-,-,-,4039.4000,4039.2000,4039.0000,4038.6000,4037.8000,4042.8000,4044.0000,4044.6000,4046.0000,4048.2000,2,4,1,1,1,2,1,2,1,1
SF,IF2009,2020-03-04 09:32:11.800,4040.8000,9524,0,171924240.000,0,-,-,-,-,4039.6000,4039.4000,4039.0000,4037.8000,4036.4000,4042.8000,4044.0000,4044.6000,4046.0000,4048.2000,2,2,1,1,2,2,1,2,1,1
SF,IF2009,2020-03-04 09:32:12.300,4040.8000,9524,0,171924240.000,0,-,-,-,-,4040.0000,4039.6000,4039.0000,4037.8000,4036.4000,4042.6000,4042.8000,4044.0000,4044.6000,4046.0000,2,2,1,1,2,1,2,1,2,1
SF,IF2009,2020-03-04 09:32:12.800,4040.8000,9524,0,171924240.000,0,-,-,-,-,4040.0000,4039.6000,4039.0000,4037.8000,4036.4000,4042.4000,4042.6000,4042.8000,4044.0000,4044.6000,2,1,1,1,2,2,1,1,1,2
SF,IF2009,2020-03-04 09:32:13.300,4040.8000,9524,0,171924240.000,0,-,-,-,-,4039.6000,4039.0000,4037.8000,4036.4000,4036.0000,4042.2000,4042.4000,4042.6000,4042.8000,4044.0000,1,1,1,2,1,2,2,1,1,1
SF,IF2009,2020-03-04 09:32:13.800,4040.8000,9524,0,171924240.000,0,-,-,-,-,4037.8000,4036.4000,4036.0000,4035.0000,4034.8000,4042.0000,4042.2000,4042.4000,4042.6000,4042.8000,1,1,1,1,1,1,2,1,1,1
SF,IF2009,2020-03-04 09:32:14.300,4040.8000,9524,0,171924240.000,0,-,-,-,-,4039.2000,4038.2000,4038.0000,4037.8000,4036.4000,4041.8000,4042.0000,4042.4000,4042.6000,4042.8000,1,3,1,1,1,1,2,1,1,1
SF,IF2009,2020-03-04 09:32:14.800,4040.8000,9524,0,171924240.000,0,-,-,-,-,4038.2000,4038.0000,4037.8000,4036.4000,4036.0000,4041.6000,4041.8000,4042.0000,4042.4000,4042.6000,3,1,1,1,1,1,1,1,1,1
SF,IF2009,2020-03-04 09:32:15.300,4040.8000,9524,0,171924240.000,0,-,-,-,-,4038.4000,4038.2000,4037.8000,4036.4000,4036.0000,4041.4000,4041.6000,4042.0000,4042.4000,4042.6000,1,2,1,1,1,2,2,1,1,1
SF,IF2009,2020-03-04 09:32:15.800,4039.0000,9524,0,173135940.000,1,0,1,多换,S,4037.8000,4036.4000,4036.0000,4035.0000,4034.8000,4041.0000,4041.2000,4041.4000,4041.6000,4042.0000,1,1,1,1,1,1,1,2,2,1
SF,IF2009,2020-03-04 09:32:16.300,4039.0000,9524,0,173135940.000,0,-,-,-,-,4037.8000,4036.4000,4036.0000,4035.0000,4034.8000,4040.6000,4040.8000,4041.2000,4041.4000,4041.6000,1,1,1,1,1,1,2,1,1,2
SF,IF2009,2020-03-04 09:32:16.800,4039.0000,9524,0,173135940.000,0,-,-,-,-,4036.0000,4035.0000,4034.8000,4034.0000,4030.0000,4040.4000,4041.2000,4041.4000,4041.6000,4042.0000,1,1,1,4,6,3,1,1,2,1
SF,IF2009,2020-03-04 09:32:17.300,4039.0000,9524,0,173135940.000,0,-,-,-,-,4036.4000,4036.2000,4036.0000,4035.0000,4034.8000,4040.2000,4040.4000,4041.2000,4041.4000,4041.6000,3,2,1,1,1,2,2,1,1,2
SF,IF2009,2020-03-04 09:32:17.800,4039.0000,9524,0,173135940.000,0,-,-,-,-,4036.8000,4036.6000,4036.4000,4036.0000,4035.0000,4040.0000,4040.2000,4041.2000,4041.4000,4041.6000,1,1,2,1,1,2,2,1,1,2
SF,IF2009,2020-03-04 09:32:18.300,4039.0000,9524,0,173135940.000,0,-,-,-,-,4037.2000,4037.0000,4036.0000,4035.0000,4034.8000,4039.8000,4040.0000,4040.2000,4041.2000,4041.4000,1,3,2,1,1,1,2,2,1,1
SF,IF2009,2020-03-04 09:32:18.800,4037.2000,9523,-1,174347100.000,1,0,1,双平,S,4037.0000,4036.0000,4035.0000,4034.8000,4034.0000,4039.6000,4039.8000,4040.0000,4040.2000,4041.2000,1,2,1,1,4,1,1,1,2,1
SF,IF2009,2020-03-04 09:32:19.300,4037.0000,9522,-1,175558200.000,1,0,1,双平,S,4036.0000,4035.0000,4034.0000,4030.0000,4028.0000,4039.4000,4039.6000,4039.8000,4040.2000,4041.2000,1,1,4,6,1,2,1,2,2,1
SF,IF2009,2020-03-04 09:32:19.800,4037.0000,9522,0,175558200.000,0,-,-,-,-,4036.0000,4035.0000,4034.0000,4030.0000,4028.0000,4039.2000,4039.4000,4039.8000,4040.2000,4041.2000,1,1,4,6,1,1,2,1,2,1
SF,IF2009,2020-03-04 09:32:20.300,4036.0000,9522,0,176769000.000,1,0,1,多换,S,4036.2000,4035.0000,4034.0000,4030.0000,4028.0000,4039.2000,4039.4000,4039.8000,4040.2000,4041.2000,1,1,4,6,1,1,2,1,2,1
SF,IF2009,2020-03-04 09:32:20.800,4036.0000,9522,0,176769000.000,0,-,-,-,-,4036.2000,4035.0000,4034.0000,4030.0000,4028.0000,4039.0000,4039.2000,4039.4000,4039.8000,4040.2000,3,1,4,6,1,1,1,2,1,2
SF,IF2009,2020-03-04 09:32:21.300,4036.0000,9522,0,176769000.000,0,-,-,-,-,4036.8000,4036.2000,4035.0000,4034.0000,4030.0000,4038.8000,4039.0000,4039.4000,4039.8000,4040.2000,1,1,1,4,6,1,1,1,1,2
SF,IF2009,2020-03-04 09:32:21.800,4036.0000,9522,0,176769000.000,0,-,-,-,-,4036.8000,4036.4000,4035.0000,4034.0000,4030.0000,4038.8000,4039.0000,4039.2000,4039.4000,4039.8000,1,1,1,4,6,1,1,1,1,1
SF,IF2009,2020-03-04 09:32:22.300,4036.0000,9522,0,176769000.000,0,-,-,-,-,4036.4000,4035.0000,4034.0000,4030.0000,4028.0000,4038.8000,4039.0000,4039.2000,4039.4000,4040.2000,1,1,4,6,1,1,1,1,1,2
SF,IF2009,2020-03-04 09:32:22.800,4036.0000,9522,0,176769000.000,0,-,-,-,-,4036.8000,4035.6000,4035.0000,4034.0000,4030.0000,4038.8000,4039.0000,4039.2000,4039.4000,4040.2000,1,1,1,4,6,1,1,1,1,2
SF,IF2009,2020-03-04 09:32:23.800,4036.0000,9522,0,176769000.000,0,-,-,-,-,4036.8000,4035.6000,4035.0000,4034.0000,4030.0000,4038.8000,4039.0000,4039.2000,4039.4000,4040.2000,1,1,1,4,6,1,1,1,1,2
SF,IF2009,2020-03-04 09:32:24.800,4036.8000,9521,-1,177980040.000,1,0,1,双平,S,4035.6000,4035.0000,4034.0000,4030.0000,4028.0000,4038.8000,4039.0000,4039.2000,4039.4000,4040.2000,1,1,4,6,1,1,1,1,1,2
SF,IF2009,2020-03-04 09:32:25.300,4036.8000,9521,0,177980040.000,0,-,-,-,-,4035.6000,4035.0000,4034.0000,4030.0000,4028.0000,4038.6000,4038.8000,4039.0000,4039.2000,4039.4000,1,1,4,6,1,3,1,1,1,1
SF,IF2009,2020-03-04 09:32:25.800,4035.6000,9521,0,179190720.000,1,0,1,多换,S,4035.0000,4034.0000,4030.0000,4028.0000,4020.0000,4038.4000,4038.6000,4038.8000,4039.0000,4039.2000,1,4,6,1,1,1,3,1,1,1
SF,IF2009,2020-03-04 09:32:26.300,4035.6000,9521,0,179190720.000,0,-,-,-,-,4035.2000,4035.0000,4034.0000,4030.0000,4028.0000,4038.2000,4038.4000,4038.6000,4038.8000,4039.0000,1,1,4,6,1,2,1,2,1,1
SF,IF2009,2020-03-04 09:32:26.800,4035.6000,9521,0,179190720.000,0,-,-,-,-,4035.2000,4035.0000,4034.0000,4030.0000,4028.0000,4038.0000,4038.2000,4038.6000,4038.8000,4039.0000,1,1,4,6,1,1,2,2,1,1
SF,IF2009,2020-03-04 09:32:27.300,4037.8000,9520,-1,180402060.000,1,0,1,双平,S,4035.2000,4035.0000,4034.0000,4030.0000,4028.0000,4037.8000,4038.0000,4038.2000,4038.6000,4038.8000,1,1,4,6,1,1,1,1,1,1
SF,IF2009,2020-03-04 09:32:27.800,4037.8000,9520,0,180402060.000,0,-,-,-,-,4035.0000,4034.0000,4030.0000,4028.0000,4020.0000,4037.6000,4037.8000,4038.0000,4038.2000,4038.6000,1,4,6,1,1,1,2,2,1,1
SF,IF2009,2020-03-04 09:32:28.300,4037.8000,9520,0,180402060.000,0,-,-,-,-,4035.0000,4034.0000,4030.0000,4028.0000,4020.0000,4037.6000,4037.8000,4038.0000,4038.2000,4038.6000,1,4,6,1,1,1,1,1,1,1
SF,IF2009,2020-03-04 09:32:28.800,4037.8000,9520,0,180402060.000,0,-,-,-,-,4035.0000,4034.0000,4030.0000,4028.0000,4020.0000,4037.4000,4037.6000,4037.8000,4038.0000,4038.2000,1,4,6,1,1,2,1,1,1,1
SF,IF2009,2020-03-04 09:32:29.300,4037.8000,9520,0,180402060.000,0,-,-,-,-,4035.0000,4034.0000,4030.0000,4028.0000,4020.0000,4037.2000,4037.4000,4037.8000,4038.0000,4038.2000,1,4,6,1,1,1,2,1,1,1
SF,IF2009,2020-03-04 09:32:29.800,4037.8000,9520,0,180402060.000,0,-,-,-,-,4035.0000,4034.0000,4032.8000,4030.0000,4028.0000,4037.2000,4037.4000,4037.8000,4038.0000,4038.2000,1,4,1,6,1,1,1,1,1,1
SF,IF2009,2020-03-04 09:32:30.300,4037.8000,9520,0,180402060.000,0,-,-,-,-,4035.2000,4035.0000,4034.0000,4032.8000,4030.0000,4037.2000,4037.4000,4037.8000,4038.0000,4038.2000,1,1,4,1,6,1,1,1,1,1
SF,IF2009,2020-03-04 09:32:30.800,4037.8000,9520,0,180402060.000,0,-,-,-,-,4035.2000,4035.0000,4034.0000,4032.8000,4030.0000,4037.2000,4037.4000,4037.8000,4038.0000,4038.2000,1,1,4,1,6,1,1,1,1,1
SF,IF2009,2020-03-04 09:32:31.300,4037.8000,9520,0,180402060.000,0,-,-,-,-,4035.2000,4035.0000,4034.0000,4032.8000,4030.0000,4037.2000,4037.4000,4037.8000,4038.0000,4038.2000,1,1,4,1,6,2,1,1,1,1
SF,IF2009,2020-03-04 09:32:31.800,4037.8000,9520,0,180402060.000,0,-,-,-,-,4035.0000,4034.0000,4032.8000,4030.0000,4028.0000,4037.2000,4037.4000,4037.8000,4038.0000,4038.2000,1,4,1,6,1,2,1,1,1,1
SF,IF2009,2020-03-04 09:32:32.300,4037.8000,9520,0,180402060.000,0,-,-,-,-,4035.2000,4035.0000,4034.0000,4032.8000,4030.0000,4037.2000,4037.4000,4037.8000,4038.0000,4038.2000,1,1,4,1,6,2,1,1,1,1
SF,IF2009,2020-03-04 09:32:32.800,4037.8000,9520,0,180402060.000,0,-,-,-,-,4035.2000,4035.0000,4034.0000,4032.8000,4030.0000,4037.2000,4037.4000,4037.8000,4038.0000,4038.2000,1,1,4,1,6,2,1,1,1,1
SF,IF2009,2020-03-04 09:32:34.300,4037.8000,9520,0,180402060.000,0,-,-,-,-,4035.2000,4035.0000,4034.0000,4032.8000,4030.0000,4037.2000,4037.4000,4037.8000,4038.0000,4038.2000,1,1,4,1,6,3,1,1,1,1
SF,IF2009,2020-03-04 09:32:34.800,4037.8000,9520,0,180402060.000,0,-,-,-,-,4035.2000,4035.0000,4034.0000,4032.8000,4030.0000,4037.2000,4037.4000,4037.8000,4038.0000,4038.2000,1,1,4,1,6,3,1,1,1,1
SF,IF2009,2020-03-04 09:32:35.300,4037.8000,9520,0,180402060.000,0,-,-,-,-,4035.2000,4035.0000,4034.0000,4032.8000,4030.0000,4037.0000,4037.2000,4037.4000,4037.8000,4038.0000,1,1,4,1,6,1,3,1,1,1
SF,IF2009,2020-03-04 09:32:35.800,4037.8000,9520,0,180402060.000,0,-,-,-,-,4035.2000,4035.0000,4034.0000,4032.8000,4030.0000,4037.0000,4037.2000,4037.4000,4037.8000,4038.0000,1,1,4,1,6,1,3,1,1,1
SF,IF2009,2020-03-04 09:32:36.800,4037.8000,9520,0,180402060.000,0,-,-,-,-,4035.2000,4035.0000,4034.0000,4032.8000,4030.0000,4036.6000,4037.2000,4037.4000,4037.8000,4038.0000,1,1,4,1,6,1,3,1,1,1
SF,IF2009,2020-03-04 09:32:37.300,4037.8000,9520,0,180402060.000,0,-,-,-,-,4035.2000,4035.0000,4034.0000,4032.8000,4030.0000,4036.6000,4037.0000,4037.2000,4037.4000,4037.8000,1,1,4,1,6,1,1,3,1,1
SF,IF2009,2020-03-04 09:32:37.800,4037.8000,9520,0,180402060.000,0,-,-,-,-,4035.2000,4035.0000,4034.0000,4032.8000,4030.0000,4036.6000,4037.0000,4037.2000,4037.4000,4037.8000,1,1,4,1,6,1,1,3,1,1
SF,IF2009,2020-03-04 09:32:38.300,4035.2000,9519,-1,181612620.000,1,0,1,双平,S,4035.0000,4034.0000,4032.8000,4030.0000,4028.0000,4037.0000,4037.2000,4037.4000,4037.8000,4038.0000,1,4,1,6,1,1,3,1,1,1
SF,IF2009,2020-03-04 09:32:38.800,4035.0000,9518,-1,182823120.000,1,0,1,双平,S,4034.0000,4032.8000,4030.0000,4028.0000,4020.0000,4036.8000,4037.0000,4037.2000,4037.4000,4037.8000,4,1,6,1,1,3,1,2,1,1
SF,IF2009,2020-03-04 09:32:39.300,4035.0000,9518,0,182823120.000,0,-,-,-,-,4034.0000,4030.0000,4028.0000,4020.0000,4018.0000,4036.4000,4036.6000,4036.8000,4037.0000,4037.2000,4,6,1,1,2,1,1,2,2,2
SF,IF2009,2020-03-04 09:32:39.800,4036.2000,9517,-1,184033980.000,1,0,1,双平,S,4034.0000,4030.0000,4028.0000,4020.0000,4018.0000,4036.4000,4036.6000,4037.0000,4037.2000,4037.4000,4,6,1,1,2,1,1,2,2,1
SF,IF2009,2020-03-04 09:32:40.300,4036.2000,9517,0,184033980.000,0,-,-,-,-,4034.2000,4034.0000,4030.0000,4028.0000,4020.0000,4036.2000,4036.4000,4037.0000,4037.2000,4037.4000,1,4,6,1,1,1,1,2,2,1
SF,IF2009,2020-03-04 09:32:40.800,4036.2000,9517,0,184033980.000,0,-,-,-,-,4034.2000,4034.0000,4030.0000,4028.0000,4020.0000,4036.0000,4037.0000,4037.2000,4037.4000,4037.8000,1,4,6,1,1,2,2,2,1,1
SF,IF2009,2020-03-04 09:32:41.300,4036.2000,9517,0,184033980.000,0,-,-,-,-,4034.4000,4034.2000,4034.0000,4030.0000,4028.0000,4036.0000,4036.2000,4037.0000,4037.2000,4037.4000,1,1,4,6,1,1,1,2,2,1
SF,IF2009,2020-03-04 09:32:41.800,4036.2000,9517,0,184033980.000,0,-,-,-,-,4034.6000,4034.0000,4030.0000,4028.0000,4020.0000,4036.2000,4037.0000,4037.2000,4037.4000,4038.0000,2,4,6,1,1,1,2,2,1,1
SF,IF2009,2020-03-04 09:32:42.300,4036.2000,9517,0,184033980.000,0,-,-,-,-,4034.8000,4034.6000,4034.0000,4030.0000,4028.0000,4036.2000,4037.0000,4037.2000,4037.4000,4038.0000,1,1,4,6,1,1,2,2,1,1
SF,IF2009,2020-03-04 09:32:43.300,4036.2000,9517,0,184033980.000,0,-,-,-,-,4034.8000,4034.6000,4034.0000,4030.0000,4028.0000,4036.2000,4037.0000,4037.2000,4037.4000,4038.0000,1,1,4,6,1,2,2,2,1,1
SF,IF2009,2020-03-04 09:32:43.800,4036.2000,9517,0,184033980.000,0,-,-,-,-,4034.6000,4034.0000,4030.0000,4028.0000,4020.0000,4036.2000,4037.0000,4037.2000,4037.4000,4038.0000,1,4,6,1,1,2,2,2,1,1
SF,IF2009,2020-03-04 09:32:44.800,4036.2000,9517,0,184033980.000,0,-,-,-,-,4034.6000,4034.0000,4030.0000,4028.0000,4020.0000,4036.0000,4036.2000,4037.0000,4037.2000,4037.4000,1,4,6,1,1,1,2,2,2,1
SF,IF2009,2020-03-04 09:32:45.300,4036.2000,9517,0,184033980.000,0,-,-,-,-,4034.8000,4034.6000,4034.0000,4030.0000,4028.0000,4036.2000,4037.0000,4037.2000,4038.0000,4038.2000,1,1,4,6,1,2,2,2,1,1
SF,IF2009,2020-03-04 09:32:45.800,4036.2000,9517,0,184033980.000,0,-,-,-,-,4034.6000,4034.0000,4030.0000,4028.0000,4020.0000,4036.0000,4036.2000,4037.0000,4037.2000,4038.0000,1,4,6,1,1,1,2,2,2,1
SF,IF2009,2020-03-04 09:32:46.300,4036.2000,9517,0,184033980.000,0,-,-,-,-,4034.6000,4034.0000,4030.0000,4028.0000,4020.0000,4036.2000,4037.0000,4037.2000,4038.0000,4038.8000,1,4,6,1,1,2,2,2,1,1
SF,IF2009,2020-03-04 09:32:47.300,4036.2000,9517,0,184033980.000,0,-,-,-,-,4034.8000,4034.6000,4034.0000,4030.0000,4028.0000,4036.2000,4037.0000,4037.2000,4038.0000,4038.8000,1,1,4,6,1,2,2,2,1,1
SF,IF2009,2020-03-04 09:32:47.800,4036.2000,9517,0,184033980.000,0,-,-,-,-,4035.0000,4034.8000,4034.0000,4030.0000,4028.0000,4036.2000,4037.0000,4037.2000,4038.0000,4038.8000,1,1,4,6,1,2,2,2,1,1
SF,IF2009,2020-03-04 09:32:48.300,4036.2000,9517,0,186455700.000,2,1,1,多换,S,4036.2000,4035.0000,4034.0000,4030.0000,4028.0000,4037.0000,4037.2000,4038.0000,4038.8000,4039.2000,1,1,4,6,1,2,2,1,1,1
SF,IF2009,2020-03-04 09:32:49.800,4037.0000,9517,0,188877900.000,2,1,1,多换,S,4035.0000,4034.0000,4030.0000,4020.0000,4018.0000,4036.2000,4037.2000,4038.0000,4038.8000,4039.2000,1,4,6,1,2,1,2,1,1,1
SF,IF2009,2020-03-04 09:32:50.300,4036.2000,9517,0,190088760.000,1,0,1,多换,S,4037.0000,4036.4000,4035.4000,4034.0000,4030.0000,4037.2000,4038.0000,4038.8000,4039.2000,4041.6000,1,1,1,4,6,2,1,1,1,1
SF,IF2009,2020-03-04 09:32:50.800,4036.2000,9517,0,190088760.000,0,-,-,-,-,4037.0000,4036.2000,4035.8000,4035.4000,4034.0000,4037.2000,4038.0000,4038.8000,4039.2000,4041.6000,1,6,1,1,4,2,1,1,1,1
SF,IF2009,2020-03-04 09:32:51.300,4036.2000,9517,0,190088760.000,0,-,-,-,-,4037.0000,4035.8000,4035.4000,4034.0000,4030.0000,4037.2000,4038.0000,4038.8000,4039.2000,4041.6000,1,1,1,4,6,2,1,1,1,1
SF,IF2009,2020-03-04 09:32:51.800,4036.2000,9517,0,190088760.000,0,-,-,-,-,4037.0000,4035.4000,4034.0000,4030.0000,4020.0000,4037.2000,4038.0000,4038.8000,4039.2000,4041.6000,1,1,4,6,1,2,1,1,1,1
SF,IF2009,2020-03-04 09:32:52.300,4036.2000,9517,0,190088760.000,0,-,-,-,-,4037.0000,4035.4000,4034.0000,4030.0000,4020.0000,4037.2000,4038.0000,4038.8000,4039.2000,4041.6000,1,1,4,6,1,3,1,1,1,1
SF,IF2009,2020-03-04 09:32:53.300,4037.2000,9518,1,191299920.000,1,1,0,双开,S,4037.0000,4035.4000,4034.0000,4030.0000,4020.0000,4037.2000,4038.0000,4038.8000,4039.2000,4041.6000,1,1,4,6,1,2,1,1,1,1
SF,IF2009,2020-03-04 09:32:53.800,4037.2000,9518,0,193722240.000,2,1,1,多换,S,4037.0000,4035.4000,4034.0000,4030.0000,4020.0000,4038.0000,4038.8000,4039.2000,4041.6000,4042.6000,1,1,4,6,1,1,1,1,1,1
SF,IF2009,2020-03-04 09:32:54.300,4037.2000,9518,0,193722240.000,0,-,-,-,-,4035.4000,4034.0000,4030.0000,4020.0000,4018.0000,4038.0000,4038.8000,4039.2000,4041.6000,4042.6000,1,4,6,1,2,1,1,1,1,1
SF,IF2009,2020-03-04 09:32:54.800,4038.0000,9519,1,194933640.000,1,1,0,双开,S,4038.0000,4035.8000,4035.6000,4035.4000,4034.0000,4038.8000,4039.2000,4041.6000,4042.6000,4044.6000,1,2,2,1,4,1,1,1,1,1
SF,IF2009,2020-03-04 09:32:55.300,4038.0000,9518,-1,196145040.000,1,0,1,双平,S,4035.8000,4035.6000,4035.4000,4034.0000,4030.0000,4038.8000,4039.2000,4041.6000,4042.6000,4044.6000,2,2,1,4,6,1,1,1,1,1
SF,IF2009,2020-03-04 09:32:55.800,4038.0000,9518,0,196145040.000,0,-,-,-,-,4036.2000,4036.0000,4035.8000,4035.6000,4034.0000,4038.0000,4038.8000,4039.2000,4041.6000,4042.6000,1,2,1,1,4,1,1,1,1,1
SF,IF2009,2020-03-04 09:32:56.300,4038.0000,9519,1,197356440.000,1,1,0,双开,S,4037.0000,4036.4000,4035.8000,4035.6000,4034.0000,4038.8000,4039.2000,4041.6000,4042.6000,4044.6000,1,1,1,1,4,1,1,1,1,1
SF,IF2009,2020-03-04 09:32:56.800,4038.0000,9519,0,197356440.000,0,-,-,-,-,4036.4000,4035.8000,4035.6000,4034.0000,4030.0000,4038.8000,4039.2000,4041.6000,4042.6000,4044.6000,1,1,1,4,6,1,1,1,1,1
SF,IF2009,2020-03-04 09:32:57.300,4038.8000,9520,1,199779660.000,2,1,1,空开,S,4036.4000,4035.6000,4034.0000,4030.0000,4020.0000,4039.2000,4041.6000,4042.6000,4044.6000,4045.0000,1,1,4,6,1,1,1,1,1,1
SF,IF2009,2020-03-04 09:32:57.800,4038.8000,9520,0,199779660.000,0,-,-,-,-,4036.6000,4036.4000,4035.6000,4034.0000,4030.0000,4039.0000,4039.2000,4041.6000,4042.6000,4044.6000,1,2,1,4,6,1,1,1,1,1
SF,IF2009,2020-03-04 09:32:58.300,4038.8000,9520,0,199779660.000,0,-,-,-,-,4036.6000,4036.4000,4034.0000,4030.0000,4020.0000,4039.0000,4039.2000,4041.6000,4042.6000,4044.6000,1,1,4,6,1,1,1,1,1,1
SF,IF2009,2020-03-04 09:32:58.800,4039.0000,9519,-1,200991360.000,1,0,1,双平,S,4036.6000,4036.4000,4035.0000,4034.0000,4030.0000,4039.0000,4039.2000,4041.6000,4042.6000,4044.6000,1,1,1,4,6,1,1,1,1,1
SF,IF2009,2020-03-04 09:32:59.300,4039.0000,9519,0,200991360.000,0,-,-,-,-,4036.8000,4036.6000,4035.0000,4034.0000,4030.0000,4038.8000,4039.0000,4039.2000,4041.6000,4042.6000,1,1,1,4,6,1,1,1,1,1
SF,IF2009,2020-03-04 09:32:59.800,4039.0000,9519,0,200991360.000,0,-,-,-,-,4036.8000,4035.0000,4034.0000,4030.0000,4020.0000,4039.0000,4039.2000,4041.6000,4042.6000,4044.6000,1,1,4,6,1,1,1,1,1,1
SF,IF2009,2020-03-04 09:33:00.800,4039.0000,9519,0,200991360.000,0,-,-,-,-,4036.8000,4035.0000,4034.0000,4030.0000,4020.0000,4039.0000,4039.2000,4041.6000,4042.6000,4044.6000,1,1,4,6,1,1,1,1,1,1
SF,IF2009,2020-03-04 09:33:01.300,4039.0000,9519,0,200991360.000,0,-,-,-,-,4036.8000,4035.0000,4034.0000,4030.0000,4020.0000,4038.8000,4039.0000,4039.2000,4041.6000,4042.6000,1,1,4,6,1,1,1,1,1,1
SF,IF2009,2020-03-04 09:33:01.800,4039.0000,9519,0,200991360.000,0,-,-,-,-,4036.8000,4035.0000,4034.0000,4030.0000,4020.0000,4038.6000,4038.8000,4039.0000,4039.2000,4041.6000,1,1,4,6,1,9,1,1,1,1
SF,IF2009,2020-03-04 09:33:02.300,4039.0000,9519,0,200991360.000,0,-,-,-,-,4036.8000,4035.0000,4034.0000,4030.0000,4020.0000,4038.8000,4039.0000,4039.2000,4041.6000,4042.6000,1,1,4,6,1,1,1,1,1,1
SF,IF2009,2020-03-04 09:33:02.800,4036.8000,9518,-1,202202400.000,1,0,1,双平,S,4035.4000,4035.0000,4034.0000,4030.0000,4020.0000,4038.8000,4039.0000,4039.2000,4041.6000,4042.6000,1,1,4,6,1,1,1,1,1,1
SF,IF2009,2020-03-04 09:33:03.300,4036.8000,9518,0,202202400.000,0,-,-,-,-,4035.6000,4035.0000,4034.0000,4030.0000,4020.0000,4038.6000,4038.8000,4039.0000,4039.2000,4041.6000,2,1,4,6,1,3,1,1,1,1
SF,IF2009,2020-03-04 09:33:04.800,4036.8000,9518,0,202202400.000,0,-,-,-,-,4035.6000,4035.0000,4034.0000,4030.0000,4020.0000,4038.2000,4038.6000,4038.8000,4039.0000,4039.2000,2,1,4,6,1,1,3,1,1,1
SF,IF2009,2020-03-04 09:33:05.300,4036.8000,9518,0,202202400.000,0,-,-,-,-,4035.6000,4035.0000,4034.0000,4030.0000,4020.0000,4038.0000,4038.2000,4038.6000,4038.8000,4039.0000,2,1,4,6,1,2,1,2,1,1
SF,IF2009,2020-03-04 09:33:05.800,4036.8000,9518,0,202202400.000,0,-,-,-,-,4035.6000,4035.0000,4034.0000,4030.0000,4020.0000,4037.6000,4038.0000,4038.2000,4038.6000,4038.8000,2,1,4,6,1,1,2,2,2,1
SF,IF2009,2020-03-04 09:33:06.300,4036.8000,9518,0,202202400.000,0,-,-,-,-,4035.8000,4035.6000,4035.0000,4034.0000,4030.0000,4037.6000,4038.0000,4038.2000,4038.6000,4038.8000,1,1,1,4,6,2,2,1,2,1
SF,IF2009,2020-03-04 09:33:06.800,4036.8000,9518,0,202202400.000,0,-,-,-,-,4035.8000,4035.0000,4034.0000,4030.0000,4020.0000,4037.4000,4037.6000,4038.0000,4038.2000,4038.6000,1,1,4,6,1,1,2,1,1,2
SF,IF2009,2020-03-04 09:33:07.300,4035.8000,9517,-1,203413140.000,1,0,1,双平,S,4035.0000,4034.0000,4030.0000,4020.0000,4018.0000,4037.4000,4037.6000,4038.0000,4038.2000,4038.6000,1,4,6,1,2,1,2,1,1,2
SF,IF2009,2020-03-04 09:33:07.800,4035.8000,9517,0,203413140.000,0,-,-,-,-,4035.0000,4034.0000,4030.0000,4020.0000,4018.0000,4037.2000,4037.4000,4038.0000,4038.2000,4038.6000,1,4,6,1,2,1,1,1,1,2
SF,IF2009,2020-03-04 09:33:08.300,4035.0000,9517,0,204623640.000,1,0,1,多换,S,4034.0000,4030.0000,4020.0000,4018.0000,4011.2000,4037.0000,4037.2000,4037.4000,4038.0000,4038.2000,4,6,1,2,2,1,1,1,1,1
SF,IF2009,2020-03-04 09:33:08.800,4035.0000,9517,0,204623640.000,0,-,-,-,-,4034.0000,4030.0000,4020.0000,4018.0000,4011.2000,4036.8000,4037.0000,4037.4000,4038.0000,4038.2000,4,6,1,2,2,3,1,1,1,1
SF,IF2009,2020-03-04 09:33:09.300,4035.0000,9517,0,204623640.000,0,-,-,-,-,4034.2000,4034.0000,4030.0000,4020.0000,4018.0000,4036.6000,4036.8000,4037.4000,4038.0000,4038.2000,1,4,6,1,2,1,3,1,1,1
SF,IF2009,2020-03-04 09:33:09.800,4035.0000,9517,0,204623640.000,0,-,-,-,-,4034.0000,4030.0000,4020.0000,4018.0000,4011.2000,4036.4000,4036.6000,4036.8000,4037.4000,4038.0000,4,6,1,2,2,2,1,3,1,1
SF,IF2009,2020-03-04 09:33:10.300,4035.0000,9517,0,204623640.000,0,-,-,-,-,4034.0000,4030.0000,4020.0000,4018.0000,4011.2000,4036.2000,4036.4000,4036.8000,4037.4000,4038.0000,4,6,1,2,2,2,2,3,1,1
SF,IF2009,2020-03-04 09:33:10.800,4035.0000,9517,0,204623640.000,0,-,-,-,-,4034.0000,4030.0000,4020.0000,4018.0000,4011.2000,4036.2000,4036.4000,4036.8000,4037.4000,4038.0000,4,6,1,2,2,1,1,3,1,1
SF,IF2009,2020-03-04 09:33:11.300,4035.0000,9517,0,204623640.000,0,-,-,-,-,4034.0000,4030.0000,4020.0000,4018.0000,4011.2000,4036.2000,4036.8000,4037.4000,4038.0000,4038.2000,4,6,1,2,2,2,3,1,1,1
SF,IF2009,2020-03-04 09:33:11.800,4035.0000,9517,0,204623640.000,0,-,-,-,-,4034.0000,4030.0000,4020.0000,4018.0000,4011.2000,4036.2000,4036.8000,4037.4000,4038.0000,4038.2000,4,6,1,2,2,2,3,1,1,1
SF,IF2009,2020-03-04 09:33:12.300,4035.0000,9517,0,204623640.000,0,-,-,-,-,4034.0000,4030.0000,4020.0000,4018.0000,4011.2000,4035.8000,4036.2000,4036.8000,4037.4000,4038.0000,4,6,1,2,2,1,2,3,1,1
SF,IF2009,2020-03-04 09:33:12.800,4035.0000,9517,0,204623640.000,0,-,-,-,-,4034.0000,4030.0000,4020.0000,4018.0000,4011.2000,4035.6000,4035.8000,4036.2000,4036.8000,4037.4000,4,6,1,2,2,1,1,1,3,1
SF,IF2009,2020-03-04 09:33:13.300,4035.0000,9517,0,204623640.000,0,-,-,-,-,4034.0000,4030.0000,4020.0000,4018.0000,4011.2000,4035.6000,4035.8000,4036.2000,4036.8000,4037.4000,4,6,1,2,2,1,1,1,3,1
SF,IF2009,2020-03-04 09:33:13.800,4034.0000,9516,-1,207044040.000,2,0,2,多平,S,4034.0000,4032.2000,4030.0000,4020.0000,4018.0000,4035.6000,4036.2000,4036.8000,4037.4000,4038.0000,2,1,6,1,2,1,1,3,1,1
SF,IF2009,2020-03-04 09:33:14.300,4034.0000,9515,-1,209464440.000,2,0,2,多平,S,4032.2000,4030.0000,4020.0000,4018.0000,4011.2000,4035.4000,4035.6000,4036.2000,4036.8000,4037.4000,1,6,1,2,2,1,1,1,3,1
SF,IF2009,2020-03-04 09:33:14.800,4034.0000,9515,0,209464440.000,0,-,-,-,-,4032.4000,4032.2000,4030.0000,4020.0000,4018.0000,4035.2000,4035.4000,4036.2000,4036.8000,4037.4000,1,1,6,1,2,1,1,1,3,1
SF,IF2009,2020-03-04 09:33:15.300,4034.0000,9515,0,209464440.000,0,-,-,-,-,4032.6000,4032.4000,4032.2000,4030.0000,4020.0000,4035.2000,4035.4000,4036.2000,4036.8000,4037.4000,1,1,1,6,1,1,1,1,3,1
SF,IF2009,2020-03-04 09:33:15.800,4034.0000,9515,0,209464440.000,0,-,-,-,-,4033.0000,4032.8000,4032.6000,4030.0000,4020.0000,4036.2000,4036.8000,4037.4000,4038.2000,4038.6000,1,1,1,6,1,1,1,1,1,1
SF,IF2009,2020-03-04 09:33:16.300,4034.0000,9515,0,209464440.000,0,-,-,-,-,4033.2000,4033.0000,4032.6000,4030.0000,4020.0000,4036.2000,4036.8000,4037.4000,4038.2000,4038.6000,4,1,1,6,1,1,1,1,1,1
SF,IF2009,2020-03-04 09:33:16.800,4034.0000,9515,0,209464440.000,0,-,-,-,-,4034.0000,4033.4000,4033.2000,4032.6000,4030.0000,4036.2000,4036.8000,4037.4000,4038.2000,4038.6000,1,1,4,1,6,1,1,1,1,1
SF,IF2009,2020-03-04 09:33:17.300,4034.0000,9515,0,209464440.000,0,-,-,-,-,4034.2000,4034.0000,4033.4000,4033.2000,4032.6000,4036.2000,4036.8000,4037.4000,4038.2000,4038.6000,2,1,1,2,1,1,1,1,1,1
SF,IF2009,2020-03-04 09:33:17.800,4036.2000,9516,1,210675300.000,1,1,0,双开,S,4034.4000,4034.2000,4034.0000,4033.4000,4033.2000,4036.8000,4037.4000,4038.2000,4038.6000,4039.0000,1,2,1,1,2,1,1,1,1,1
SF,IF2009,2020-03-04 09:33:18.300,4036.2000,9516,0,210675300.000,0,-,-,-,-,4034.6000,4034.4000,4034.2000,4034.0000,4033.4000,4036.6000,4036.8000,4037.4000,4038.2000,4038.6000,1,1,1,1,1,1,1,1,1,1
SF,IF2009,2020-03-04 09:33:18.800,4036.2000,9516,0,210675300.000,0,-,-,-,-,4034.8000,4034.4000,4034.2000,4033.4000,4033.2000,4036.6000,4036.8000,4037.4000,4038.2000,4038.6000,1,1,1,1,1,1,1,1,1,1
SF,IF2009,2020-03-04 09:33:19.300,4036.2000,9516,0,210675300.000,0,-,-,-,-,4034.8000,4034.2000,4033.4000,4033.2000,4030.0000,4036.6000,4036.8000,4037.4000,4038.2000,4038.6000,1,1,1,1,6,1,1,1,1,1
SF,IF2009,2020-03-04 09:33:19.800,4034.8000,9515,-1,211885740.000,1,0,1,双平,S,4033.4000,4033.2000,4031.6000,4030.0000,4020.0000,4036.6000,4036.8000,4037.4000,4038.2000,4038.6000,1,1,1,6,1,1,1,1,1,1
SF,IF2009,2020-03-04 09:33:20.300,4034.8000,9515,0,211885740.000,0,-,-,-,-,4033.6000,4033.4000,4031.6000,4030.0000,4020.0000,4036.4000,4036.6000,4036.8000,4037.4000,4038.2000,2,1,1,6,1,1,1,1,1,1
SF,IF2009,2020-03-04 09:33:20.800,4034.8000,9515,0,211885740.000,0,-,-,-,-,4033.8000,4033.6000,4033.4000,4031.6000,4030.0000,4036.2000,4036.4000,4036.8000,4037.4000,4038.2000,1,2,1,1,6,1,2,1,1,1
SF,IF2009,2020-03-04 09:33:21.300,4034.8000,9515,0,211885740.000,0,-,-,-,-,4034.0000,4033.8000,4033.6000,4031.6000,4030.0000,4036.0000,4036.4000,4036.8000,4037.4000,4038.2000,2,1,1,1,6,1,1,1,1,1
SF,IF2009,2020-03-04 09:33:21.800,4034.8000,9515,0,211885740.000,0,-,-,-,-,4034.0000,4033.8000,4033.6000,4031.6000,4030.0000,4034.8000,4036.0000,4036.4000,4036.8000,4037.4000,1,1,1,1,6,1,1,1,1,1
SF,IF2009,2020-03-04 09:33:22.300,4034.8000,9514,-1,213096180.000,1,0,1,双平,S,4034.0000,4031.6000,4030.0000,4020.0000,4018.0000,4036.0000,4036.8000,4037.4000,4038.2000,4038.6000,1,1,6,1,2,1,1,1,1,1
SF,IF2009,2020-03-04 09:33:22.800,4034.8000,9514,0,213096180.000,0,-,-,-,-,4031.6000,4030.0000,4020.0000,4018.0000,4011.2000,4035.8000,4036.8000,4037.4000,4038.2000,4038.6000,1,6,1,2,2,1,1,1,1,1
SF,IF2009,2020-03-04 09:33:23.300,4034.8000,9514,0,213096180.000,0,-,-,-,-,4032.4000,4032.0000,4031.8000,4031.6000,4030.0000,4035.6000,4035.8000,4036.8000,4037.4000,4038.2000,1,2,1,1,6,1,1,1,1,1
SF,IF2009,2020-03-04 09:33:23.800,4034.8000,9514,0,213096180.000,0,-,-,-,-,4032.8000,4032.6000,4032.4000,4032.2000,4031.6000,4035.6000,4036.8000,4037.4000,4038.2000,4038.6000,2,1,1,1,1,1,1,1,1,1
SF,IF2009,2020-03-04 09:33:24.300,4034.8000,9514,0,213096180.000,0,-,-,-,-,4033.0000,4032.8000,4032.4000,4031.6000,4030.0000,4035.6000,4036.8000,4037.4000,4038.2000,4038.6000,5,2,1,1,6,1,1,1,1,1
SF,IF2009,2020-03-04 09:33:24.800,4034.8000,9514,0,213096180.000,0,-,-,-,-,4033.4000,4033.0000,4032.4000,4031.6000,4030.0000,4035.6000,4036.8000,4037.4000,4038.2000,4038.6000,1,5,1,1,6,1,1,1,1,1
SF,IF2009,2020-03-04 09:33:25.300,4034.8000,9514,0,213096180.000,0,-,-,-,-,4035.6000,4033.6000,4033.4000,4033.0000,4032.4000,4036.8000,4037.4000,4038.2000,4038.6000,4039.0000,1,2,1,4,1,1,1,1,1,1
SF,IF2009,2020-03-04 09:33:25.800,4035.6000,9514,0,214306860.000,1,0,1,多换,S,4034.0000,4033.6000,4033.4000,4033.0000,4032.4000,4036.6000,4036.8000,4037.4000,4038.2000,4038.6000,1,1,1,2,1,1,1,1,1,1
SF,IF2009,2020-03-04 09:33:26.300,4035.6000,9514,0,214306860.000,0,-,-,-,-,4034.2000,4034.0000,4033.6000,4033.4000,4033.0000,4036.6000,4036.8000,4037.4000,4038.2000,4038.6000,2,1,1,1,2,1,1,1,1,1
SF,IF2009,2020-03-04 09:33:26.800,4035.6000,9514,0,214306860.000,0,-,-,-,-,4034.2000,4034.0000,4033.6000,4033.4000,4033.0000,4036.4000,4036.6000,4036.8000,4037.4000,4038.2000,2,1,1,1,2,1,1,1,1,1
SF,IF2009,2020-03-04 09:33:27.300,4035.6000,9514,0,214306860.000,0,-,-,-,-,4034.2000,4034.0000,4033.4000,4033.0000,4032.4000,4036.2000,4036.4000,4036.8000,4037.4000,4038.2000,1,1,1,2,1,1,1,1,1,1
SF,IF2009,2020-03-04 09:33:27.800,4035.6000,9514,0,214306860.000,0,-,-,-,-,4034.0000,4033.4000,4033.0000,4032.4000,4031.6000,4036.2000,4036.4000,4036.8000,4037.4000,4038.2000,1,1,2,1,1,1,1,1,1,1
SF,IF2009,2020-03-04 09:33:28.300,4035.6000,9514,0,214306860.000,0,-,-,-,-,4034.0000,4033.4000,4033.0000,4032.4000,4031.6000,4036.0000,4036.2000,4036.8000,4037.4000,4038.2000,1,1,1,1,1,1,1,1,1,1
SF,IF2009,2020-03-04 09:33:28.800,4035.6000,9514,0,214306860.000,0,-,-,-,-,4034.0000,4033.0000,4032.4000,4031.6000,4030.0000,4035.8000,4036.0000,4036.8000,4037.4000,4038.2000,1,1,1,1,6,1,1,1,1,1
SF,IF2009,2020-03-04 09:33:29.300,4035.6000,9514,0,215517540.000,1,0,1,多换,S,4033.0000,4032.4000,4030.0000,4020.0000,4018.0000,4035.8000,4036.0000,4036.8000,4037.4000,4038.2000,1,1,6,1,2,1,1,1,1,1
SF,IF2009,2020-03-04 09:33:29.800,4035.6000,9514,0,215517540.000,0,-,-,-,-,4033.2000,4033.0000,4032.4000,4030.0000,4020.0000,4035.6000,4035.8000,4036.8000,4037.4000,4038.2000,2,1,1,6,1,2,1,1,1,1
SF,IF2009,2020-03-04 09:33:30.300,4035.6000,9514,0,215517540.000,0,-,-,-,-,4032.4000,4030.0000,4028.4000,4020.0000,4018.0000,4035.4000,4035.6000,4036.8000,4037.4000,4038.2000,1,6,1,1,2,1,3,1,1,1
SF,IF2009,2020-03-04 09:33:30.800,4035.6000,9514,0,215517540.000,0,-,-,-,-,4032.6000,4032.4000,4030.0000,4028.4000,4020.0000,4035.2000,4035.4000,4035.6000,4036.8000,4037.4000,2,1,6,1,1,1,1,2,1,1
SF,IF2009,2020-03-04 09:33:31.300,4035.6000,9514,0,215517540.000,0,-,-,-,-,4032.8000,4030.0000,4028.4000,4020.0000,4018.0000,4035.0000,4035.2000,4035.6000,4036.8000,4037.4000,1,6,1,1,2,1,3,1,1,1
SF,IF2009,2020-03-04 09:33:31.800,4035.6000,9514,0,215517540.000,0,-,-,-,-,4032.8000,4030.0000,4028.4000,4020.0000,4018.0000,4034.8000,4035.0000,4035.2000,4035.6000,4036.8000,1,6,1,1,2,1,1,2,1,1
SF,IF2009,2020-03-04 09:33:32.300,4035.6000,9514,0,215517540.000,0,-,-,-,-,4032.8000,4030.0000,4028.4000,4020.0000,4018.0000,4034.8000,4035.0000,4035.2000,4036.8000,4037.4000,1,6,1,1,2,1,1,1,1,1
SF,IF2009,2020-03-04 09:33:32.800,4035.6000,9514,0,215517540.000,0,-,-,-,-,4032.8000,4030.0000,4028.4000,4020.0000,4018.0000,4034.8000,4035.0000,4036.8000,4037.4000,4038.2000,1,6,1,1,2,1,1,1,1,1
SF,IF2009,2020-03-04 09:33:33.300,4035.6000,9514,0,215517540.000,0,-,-,-,-,4032.8000,4030.0000,4028.4000,4020.0000,4018.0000,4034.8000,4035.0000,4036.8000,4037.4000,4038.2000,1,6,1,1,2,1,1,1,1,1
SF,IF2009,2020-03-04 09:33:33.800,4035.6000,9514,0,215517540.000,0,-,-,-,-,4030.0000,4028.4000,4020.0000,4018.0000,4011.2000,4034.6000,4036.8000,4037.4000,4038.2000,4038.6000,6,1,1,2,2,1,1,1,1,1
SF,IF2009,2020-03-04 09:33:34.300,4035.6000,9514,0,215517540.000,0,-,-,-,-,4030.4000,4030.2000,4030.0000,4028.4000,4020.0000,4034.6000,4036.4000,4036.8000,4037.4000,4038.2000,2,3,6,1,1,1,1,1,1,1
SF,IF2009,2020-03-04 09:33:34.800,4035.6000,9514,0,215517540.000,0,-,-,-,-,4030.6000,4030.4000,4030.2000,4030.0000,4028.4000,4034.4000,4034.6000,4036.8000,4037.4000,4038.2000,2,2,2,6,1,1,1,1,1,1
SF,IF2009,2020-03-04 09:33:35.300,4035.6000,9514,0,215517540.000,0,-,-,-,-,4032.4000,4031.0000,4030.8000,4030.6000,4030.0000,4034.2000,4034.4000,4036.8000,4037.4000,4038.2000,1,1,1,2,6,1,2,1,1,1
SF,IF2009,2020-03-04 09:33:35.800,4035.6000,9514,0,215517540.000,0,-,-,-,-,4031.2000,4031.0000,4030.8000,4030.6000,4030.0000,4034.2000,4034.4000,4036.8000,4037.4000,4038.2000,1,1,1,2,6,1,2,1,1,1
SF,IF2009,2020-03-04 09:33:36.300,4035.6000,9514,0,215517540.000,0,-,-,-,-,4031.6000,4031.4000,4031.2000,4030.8000,4030.6000,4032.4000,4035.2000,4036.8000,4037.4000,4038.2000,1,2,1,1,1,1,1,1,1,1
SF,IF2009,2020-03-04 09:33:36.800,4032.4000,9514,0,216727260.000,1,0,1,多换,S,4032.4000,4031.8000,4031.6000,4031.4000,4031.2000,4034.0000,4035.2000,4036.8000,4037.4000,4038.2000,8,1,2,1,1,1,1,1,1,1
SF,IF2009,2020-03-04 09:33:37.300,4032.4000,9514,0,216727260.000,0,-,-,-,-,4031.8000,4031.6000,4031.2000,4030.8000,4030.6000,4035.2000,4036.8000,4037.4000,4038.2000,4038.6000,1,1,1,1,1,1,1,1,1,1
SF,IF2009,2020-03-04 09:33:37.800,4032.4000,9514,0,216727260.000,0,-,-,-,-,4032.0000,4031.8000,4031.6000,4031.2000,4030.8000,4035.0000,4035.2000,4036.8000,4037.4000,4038.2000,1,1,1,1,1,1,1,1,1,1
SF,IF2009,2020-03-04 09:33:38.300,4032.4000,9514,0,216727260.000,0,-,-,-,-,4032.2000,4032.0000,4031.2000,4030.8000,4030.6000,4035.0000,4035.2000,4036.8000,4037.4000,4038.2000,2,2,1,1,1,1,1,1,1,1
SF,IF2009,2020-03-04 09:33:38.800,4032.4000,9514,0,216727260.000,0,-,-,-,-,4032.6000,4032.4000,4032.2000,4032.0000,4031.2000,4034.8000,4035.2000,4036.8000,4037.4000,4038.2000,1,3,2,1,1,1,2,1,1,1
SF,IF2009,2020-03-04 09:33:39.300,4032.4000,9514,0,216727260.000,0,-,-,-,-,4032.8000,4032.6000,4032.4000,4032.0000,4031.2000,4034.8000,4035.2000,4036.8000,4037.4000,4038.2000,2,1,4,1,1,1,2,1,1,1
SF,IF2009,2020-03-04 09:33:39.800,4034.8000,9514,0,217937700.000,1,0,1,多换,S,4033.0000,4032.8000,4032.6000,4032.4000,4031.2000,4035.2000,4036.8000,4037.4000,4038.2000,4038.6000,1,1,1,3,1,2,1,1,1,1
SF,IF2009,2020-03-04 09:33:40.300,4034.8000,9514,0,217937700.000,0,-,-,-,-,4032.6000,4032.4000,4031.2000,4030.8000,4030.6000,4035.0000,4035.2000,4036.8000,4037.4000,4038.2000,1,2,1,1,1,1,2,1,1,1
SF,IF2009,2020-03-04 09:33:40.800,4034.8000,9514,0,217937700.000,0,-,-,-,-,4032.4000,4031.2000,4030.8000,4030.6000,4030.0000,4035.0000,4035.2000,4036.8000,4037.4000,4038.2000,2,1,1,1,6,1,2,1,1,1
SF,IF2009,2020-03-04 09:33:41.300,4034.8000,9514,0,217937700.000,0,-,-,-,-,4033.0000,4032.8000,4032.6000,4032.4000,4030.8000,4035.2000,4036.8000,4037.4000,4038.2000,4038.6000,1,1,1,2,1,2,1,1,1,1
SF,IF2009,2020-03-04 09:33:41.800,4034.8000,9514,0,217937700.000,0,-,-,-,-,4033.2000,4033.0000,4032.8000,4032.4000,4030.8000,4035.0000,4035.2000,4036.8000,4037.4000,4038.2000,1,1,1,1,1,1,2,1,1,1
SF,IF2009,2020-03-04 09:33:42.300,4034.8000,9514,0,217937700.000,0,-,-,-,-,4033.4000,4033.2000,4032.8000,4032.4000,4030.8000,4035.0000,4035.2000,4036.8000,4037.4000,4038.2000,1,1,1,1,1,1,2,1,1,1
SF,IF2009,2020-03-04 09:33:42.800,4034.8000,9514,0,217937700.000,0,-,-,-,-,4033.6000,4033.4000,4032.4000,4030.8000,4030.6000,4035.0000,4035.2000,4036.8000,4037.4000,4038.2000,2,2,1,1,1,1,2,1,1,1
SF,IF2009,2020-03-04 09:33:43.300,4034.8000,9514,0,217937700.000,0,-,-,-,-,4033.6000,4033.4000,4032.4000,4030.8000,4030.6000,4035.0000,4035.2000,4036.8000,4037.4000,4038.2000,2,2,1,1,1,1,2,1,1,1
SF,IF2009,2020-03-04 09:33:43.800,4034.8000,9514,0,217937700.000,0,-,-,-,-,4033.6000,4033.4000,4032.4000,4030.8000,4030.6000,4035.0000,4035.2000,4036.8000,4037.4000,4038.2000,2,1,1,1,1,1,2,1,1,1
SF,IF2009,2020-03-04 09:33:44.300,4034.8000,9514,0,217937700.000,0,-,-,-,-,4033.8000,4033.6000,4033.4000,4032.4000,4030.8000,4035.0000,4035.2000,4036.8000,4037.4000,4038.2000,1,1,1,1,1,1,2,1,1,1
SF,IF2009,2020-03-04 09:33:44.800,4035.0000,9514,0,219148200.000,1,0,1,多换,S,4033.6000,4033.4000,4032.4000,4030.8000,4030.6000,4035.2000,4036.8000,4037.4000,4038.2000,4038.6000,1,1,1,1,1,2,1,1,1,1
SF,IF2009,2020-03-04 09:33:45.300,4035.0000,9514,0,219148200.000,0,-,-,-,-,4033.8000,4033.6000,4032.4000,4030.8000,4030.6000,4035.2000,4036.8000,4037.4000,4038.2000,4038.6000,1,1,1,1,1,2,1,1,1,1
SF,IF2009,2020-03-04 09:33:45.800,4035.0000,9514,0,219148200.000,0,-,-,-,-,4034.0000,4033.8000,4033.6000,4032.4000,4030.8000,4035.2000,4036.8000,4037.4000,4038.2000,4038.6000,1,1,1,1,1,2,1,1,1,1
SF,IF2009,2020-03-04 09:33:46.300,4035.0000,9514,0,219148200.000,0,-,-,-,-,4033.6000,4032.4000,4031.8000,4030.8000,4030.6000,4035.2000,4036.8000,4037.4000,4038.2000,4038.6000,1,1,1,1,1,2,1,1,1,1
SF,IF2009,2020-03-04 09:33:46.800,4035.0000,9514,0,219148200.000,0,-,-,-,-,4032.4000,4031.8000,4030.8000,4030.6000,4030.0000,4035.0000,4035.2000,4036.8000,4037.4000,4038.2000,1,1,1,1,6,1,2,1,1,1
SF,IF2009,2020-03-04 09:33:47.300,4035.0000,9514,0,219148200.000,0,-,-,-,-,4030.8000,4030.6000,4030.0000,4020.0000,4018.0000,4034.8000,4035.0000,4035.2000,4036.8000,4037.4000,1,1,6,1,2,2,1,2,1,1
SF,IF2009,2020-03-04 09:33:47.800,4035.0000,9514,0,219148200.000,0,-,-,-,-,4031.2000,4031.0000,4030.8000,4030.6000,4030.0000,4034.8000,4035.0000,4035.2000,4036.8000,4037.4000,1,1,1,1,6,3,1,2,1,1
SF,IF2009,2020-03-04 09:33:48.300,4035.0000,9514,0,219148200.000,0,-,-,-,-,4031.4000,4031.2000,4030.6000,4030.0000,4020.0000,4034.8000,4035.0000,4035.2000,4036.8000,4037.4000,1,1,1,6,1,3,1,2,1,1
SF,IF2009,2020-03-04 09:33:48.800,4035.0000,9514,0,219148200.000,0,-,-,-,-,4031.4000,4031.2000,4030.6000,4030.0000,4020.0000,4034.8000,4035.0000,4035.2000,4036.8000,4037.4000,1,1,1,6,1,2,1,2,1,1
SF,IF2009,2020-03-04 09:33:49.300,4035.0000,9514,0,219148200.000,0,-,-,-,-,4030.6000,4030.0000,4025.0000,4020.0000,4018.0000,4034.4000,4034.6000,4034.8000,4035.0000,4035.2000,1,1,5,1,2,1,7,2,1,2
SF,IF2009,2020-03-04 09:33:49.800,4035.0000,9514,0,219148200.000,0,-,-,-,-,4030.8000,4030.6000,4030.0000,4025.0000,4020.0000,4034.2000,4034.4000,4034.6000,4035.0000,4035.2000,2,1,1,5,1,2,1,2,1,2
SF,IF2009,2020-03-04 09:33:50.300,4035.0000,9514,0,219148200.000,0,-,-,-,-,4030.8000,4030.6000,4030.0000,4025.0000,4020.0000,4034.0000,4034.2000,4034.4000,4034.6000,4035.0000,2,1,1,5,1,4,3,1,2,1
SF,IF2009,2020-03-04 09:33:50.800,4035.0000,9514,0,219148200.000,0,-,-,-,-,4030.8000,4030.0000,4025.0000,4020.0000,4018.0000,4033.6000,4033.8000,4034.2000,4035.0000,4035.2000,2,1,5,1,2,1,1,2,1,2
SF,IF2009,2020-03-04 09:33:51.300,4033.8000,9509,-5,225198900.000,5,0,5,双平,S,4030.8000,4030.0000,4025.0000,4020.0000,4018.0000,4033.4000,4033.6000,4034.2000,4035.0000,4035.2000,1,1,5,1,2,4,1,1,1,2
SF,IF2009,2020-03-04 09:33:51.800,4033.8000,9509,0,225198900.000,0,-,-,-,-,4030.8000,4030.0000,4025.0000,4020.0000,4018.0000,4033.4000,4035.0000,4035.2000,4036.8000,4037.4000,1,1,5,1,2,3,1,2,1,1
SF,IF2009,2020-03-04 09:33:52.300,4033.8000,9509,0,225198900.000,0,-,-,-,-,4030.8000,4030.0000,4025.0000,4020.0000,4018.0000,4033.2000,4033.4000,4035.0000,4035.2000,4036.8000,1,1,5,1,2,1,2,1,2,1
SF,IF2009,2020-03-04 09:33:52.800,4033.8000,9509,0,225198900.000,0,-,-,-,-,4030.8000,4030.0000,4025.0000,4020.0000,4018.0000,4033.0000,4033.2000,4033.4000,4035.0000,4035.2000,1,1,5,1,2,2,2,1,1,2
SF,IF2009,2020-03-04 09:33:53.300,4033.8000,9509,0,225198900.000,0,-,-,-,-,4030.0000,4025.0000,4020.0000,4018.0000,4011.2000,4033.0000,4033.2000,4033.4000,4035.0000,4035.2000,1,5,1,2,2,2,2,1,1,2
SF,IF2009,2020-03-04 09:33:53.800,4033.8000,9509,0,225198900.000,0,-,-,-,-,4030.2000,4030.0000,4025.0000,4020.0000,4018.0000,4032.8000,4033.0000,4033.4000,4035.0000,4035.2000,2,1,5,1,2,2,2,2,1,2
SF,IF2009,2020-03-04 09:33:54.300,4033.8000,9509,0,225198900.000,0,-,-,-,-,4030.0000,4025.0000,4020.0000,4018.0000,4011.2000,4032.6000,4032.8000,4033.0000,4033.4000,4035.0000,1,5,1,2,2,1,2,1,2,1
SF,IF2009,2020-03-04 09:33:54.800,4033.8000,9509,0,225198900.000,0,-,-,-,-,4030.6000,4030.2000,4030.0000,4025.0000,4020.0000,4032.6000,4032.8000,4033.4000,4035.0000,4035.2000,1,3,1,5,1,1,1,1,1,2
SF,IF2009,2020-03-04 09:33:55.300,4033.8000,9509,0,225198900.000,0,-,-,-,-,4030.8000,4030.2000,4030.0000,4028.8000,4025.0000,4032.6000,4033.4000,4035.0000,4035.2000,4036.8000,1,2,1,1,5,1,1,1,2,1
SF,IF2009,2020-03-04 09:33:55.800,4033.8000,9509,0,225198900.000,0,-,-,-,-,4030.2000,4030.0000,4028.8000,4025.0000,4020.0000,4032.4000,4032.6000,4033.4000,4035.0000,4035.2000,1,1,1,5,1,1,1,1,1,2
SF,IF2009,2020-03-04 09:33:56.300,4033.8000,9509,0,225198900.000,0,-,-,-,-,4030.0000,4028.8000,4025.0000,4020.0000,4018.0000,4032.2000,4032.4000,4032.6000,4033.4000,4035.2000,1,1,5,1,2,1,1,1,2,2
SF,IF2009,2020-03-04 09:33:56.800,4033.8000,9509,0,225198900.000,0,-,-,-,-,4030.0000,4028.8000,4025.0000,4020.0000,4018.0000,4032.2000,4032.6000,4033.4000,4035.2000,4036.8000,1,1,5,1,2,1,1,2,2,1
SF,IF2009,2020-03-04 09:33:57.300,4033.8000,9509,0,225198900.000,0,-,-,-,-,4030.4000,4030.0000,4028.8000,4025.0000,4020.0000,4032.0000,4032.2000,4032.4000,4032.6000,4033.4000,1,1,1,5,1,1,1,1,1,1
SF,IF2009,2020-03-04 09:33:57.800,4033.8000,9509,0,225198900.000,0,-,-,-,-,4030.6000,4030.0000,4028.8000,4025.0000,4020.0000,4032.2000,4032.6000,4033.4000,4035.2000,4036.8000,1,1,1,5,1,2,1,1,2,1
SF,IF2009,2020-03-04 09:33:58.300,4033.8000,9509,0,225198900.000,0,-,-,-,-,4030.8000,4030.0000,4028.8000,4025.0000,4020.0000,4032.2000,4032.6000,4033.4000,4035.2000,4036.8000,2,1,1,5,1,1,1,1,2,1
SF,IF2009,2020-03-04 09:34:00.300,4033.8000,9509,0,225198900.000,0,-,-,-,-,4031.0000,4030.8000,4030.0000,4028.8000,4025.0000,4032.2000,4032.6000,4033.4000,4035.2000,4036.8000,1,1,1,1,5,1,1,1,2,1
SF,IF2009,2020-03-04 09:34:00.800,4033.8000,9509,0,225198900.000,0,-,-,-,-,4031.2000,4030.0000,4028.8000,4025.0000,4020.0000,4032.2000,4032.6000,4033.4000,4035.2000,4036.8000,3,1,1,5,1,1,1,1,2,1
SF,IF2009,2020-03-04 09:34:01.300,4033.8000,9509,0,225198900.000,0,-,-,-,-,4031.2000,4030.0000,4028.8000,4025.0000,4020.0000,4032.2000,4032.6000,4033.4000,4035.2000,4036.8000,3,1,1,5,1,1,1,1,2,1
SF,IF2009,2020-03-04 09:34:01.800,4033.8000,9509,0,225198900.000,0,-,-,-,-,4031.2000,4030.0000,4028.8000,4025.0000,4020.0000,4032.2000,4032.6000,4033.4000,4035.2000,4036.8000,2,1,1,5,1,1,1,1,2,1
SF,IF2009,2020-03-04 09:34:02.300,4031.2000,9508,-1,226408260.000,1,0,1,双平,S,4030.0000,4028.8000,4025.0000,4020.0000,4018.0000,4032.2000,4032.6000,4033.4000,4035.2000,4036.8000,1,1,5,1,2,1,1,1,2,1
SF,IF2009,2020-03-04 09:34:02.800,4031.2000,9508,0,226408260.000,0,-,-,-,-,4030.2000,4030.0000,4028.8000,4025.0000,4020.0000,4032.0000,4032.2000,4032.6000,4033.4000,4035.2000,1,1,1,5,1,1,1,1,1,2
SF,IF2009,2020-03-04 09:34:03.300,4031.2000,9508,0,226408260.000,0,-,-,-,-,4030.0000,4028.8000,4025.0000,4020.0000,4018.0000,4031.8000,4032.0000,4032.2000,4032.6000,4033.4000,1,1,5,1,2,1,1,1,1,1
SF,IF2009,2020-03-04 09:34:03.800,4030.0000,9508,0,227617260.000,1,0,1,多换,S,4028.8000,4025.0000,4020.0000,4018.0000,4010.0000,4031.6000,4032.2000,4032.6000,4033.4000,4035.0000,1,5,1,2,1,3,1,1,1,1
SF,IF2009,2020-03-04 09:34:04.300,4030.0000,9508,0,227617260.000,0,-,-,-,-,4029.0000,4028.8000,4025.0000,4020.0000,4018.0000,4031.4000,4031.6000,4032.2000,4032.6000,4033.4000,1,1,5,1,2,2,2,1,1,1
SF,IF2009,2020-03-04 09:34:04.800,4030.0000,9508,0,227617260.000,0,-,-,-,-,4028.8000,4025.0000,4020.0000,4018.0000,4010.0000,4031.2000,4031.4000,4031.6000,4032.2000,4032.6000,1,5,1,2,1,3,1,1,1,1
SF,IF2009,2020-03-04 09:34:05.300,4030.0000,9508,0,227617260.000,0,-,-,-,-,4028.8000,4025.0000,4020.0000,4018.0000,4010.0000,4031.0000,4031.2000,4031.6000,4032.2000,4032.6000,1,5,1,2,1,2,2,2,1,1
SF,IF2009,2020-03-04 09:34:05.800,4030.0000,9508,0,227617260.000,0,-,-,-,-,4028.8000,4025.0000,4020.0000,4018.0000,4010.0000,4030.8000,4031.0000,4031.6000,4032.2000,4032.6000,1,5,1,2,1,1,3,1,1,1
SF,IF2009,2020-03-04 09:34:06.300,4028.8000,9508,0,228825900.000,1,0,1,多换,S,4025.0000,4020.0000,4018.0000,4010.0000,4006.2000,4030.6000,4030.8000,4031.0000,4031.6000,4032.2000,5,1,2,1,1,1,1,2,1,1
SF,IF2009,2020-03-04 09:34:06.800,4028.8000,9508,0,228825900.000,0,-,-,-,-,4026.0000,4025.6000,4025.4000,4025.2000,4025.0000,4030.4000,4031.0000,4031.6000,4032.2000,4032.6000,1,1,2,3,5,1,2,1,1,1
SF,IF2009,2020-03-04 09:34:07.300,4028.8000,9508,0,228825900.000,0,-,-,-,-,4026.4000,4026.2000,4026.0000,4025.6000,4025.2000,4031.0000,4031.6000,4032.2000,4032.6000,4033.4000,2,2,1,1,2,1,1,1,1,1
SF,IF2009,2020-03-04 09:34:07.800,4028.8000,9508,0,228825900.000,0,-,-,-,-,4026.6000,4026.4000,4026.2000,4026.0000,4025.6000,4030.4000,4030.8000,4031.0000,4031.6000,4032.2000,2,2,1,1,1,1,1,1,1,1
SF,IF2009,2020-03-04 09:34:08.300,4028.8000,9508,0,228825900.000,0,-,-,-,-,4027.0000,4026.6000,4026.2000,4026.0000,4025.6000,4030.4000,4031.0000,4031.6000,4032.2000,4032.6000,3,3,1,1,1,1,1,1,1,1
SF,IF2009,2020-03-04 09:34:08.800,4028.8000,9508,0,228825900.000,0,-,-,-,-,4027.4000,4027.2000,4027.0000,4026.8000,4026.6000,4030.4000,4031.0000,4031.6000,4032.2000,4032.6000,1,3,3,1,2,1,1,1,1,1
SF,IF2009,2020-03-04 09:34:09.300,4028.8000,9508,0,228825900.000,0,-,-,-,-,4027.8000,4027.6000,4027.2000,4027.0000,4026.8000,4030.4000,4031.6000,4032.2000,4032.6000,4033.4000,3,2,5,1,1,1,1,1,1,1
SF,IF2009,2020-03-04 09:34:09.800,4028.8000,9508,0,228825900.000,0,-,-,-,-,4028.2000,4028.0000,4027.8000,4027.6000,4027.2000,4030.4000,4031.6000,4032.2000,4032.6000,4033.4000,1,2,3,1,5,1,1,1,1,1
SF,IF2009,2020-03-04 09:34:10.300,4028.8000,9508,0,228825900.000,0,-,-,-,-,4028.6000,4028.4000,4028.2000,4028.0000,4027.8000,4030.4000,4031.6000,4032.2000,4032.6000,4033.4000,1,2,1,1,2,1,1,1,1,1
SF,IF2009,2020-03-04 09:34:10.800,4028.8000,9508,0,228825900.000,0,-,-,-,-,4029.0000,4028.8000,4028.6000,4028.4000,4028.2000,4030.4000,4031.6000,4032.2000,4032.6000,4033.4000,1,1,1,1,1,1,1,1,1,1
SF,IF2009,2020-03-04 09:34:11.300,4028.8000,9508,0,228825900.000,0,-,-,-,-,4028.8000,4028.6000,4028.4000,4028.0000,4027.8000,4030.4000,4031.6000,4032.2000,4032.6000,4033.4000,1,1,1,1,1,1,1,1,1,1
SF,IF2009,2020-03-04 09:34:11.800,4028.8000,9508,0,228825900.000,0,-,-,-,-,4029.0000,4028.8000,4028.4000,4028.0000,4027.6000,4030.4000,4031.6000,4032.2000,4032.6000,4033.4000,3,1,1,1,1,1,1,1,1,1
SF,IF2009,2020-03-04 09:34:12.300,4030.4000,9508,0,230035020.000,1,0,1,多换,S,4030.4000,4029.2000,4029.0000,4028.8000,4028.4000,4031.6000,4032.2000,4032.6000,4033.4000,4035.0000,17,2,2,1,1,1,1,1,1,1
SF,IF2009,2020-03-04 09:34:12.800,4030.4000,9508,0,231244140.000,1,0,1,多换,S,4030.4000,4029.0000,4028.8000,4028.4000,4027.2000,4031.4000,4031.6000,4032.2000,4032.6000,4033.4000,13,1,1,1,2,1,1,1,1,1
SF,IF2009,2020-03-04 09:34:13.300,4030.4000,9508,0,231244140.000,0,-,-,-,-,4028.8000,4028.4000,4027.2000,4026.6000,4026.2000,4031.4000,4031.6000,4032.2000,4032.6000,4033.4000,1,1,1,1,1,1,1,1,1,1
SF,IF2009,2020-03-04 09:34:13.800,4030.4000,9508,0,231244140.000,0,-,-,-,-,4028.8000,4028.4000,4027.2000,4026.6000,4026.2000,4031.2000,4031.4000,4031.6000,4032.2000,4032.6000,1,1,1,1,1,1,1,1,1,1
SF,IF2009,2020-03-04 09:34:14.300,4030.4000,9508,0,231244140.000,0,-,-,-,-,4028.8000,4028.4000,4027.2000,4026.6000,4026.2000,4030.4000,4031.2000,4031.4000,4031.6000,4032.2000,1,1,1,1,1,1,1,1,1,1
SF,IF2009,2020-03-04 09:34:14.800,4030.4000,9508,0,231244140.000,0,-,-,-,-,4029.0000,4028.8000,4027.2000,4026.6000,4026.2000,4030.4000,4031.4000,4031.6000,4032.2000,4032.6000,2,1,1,1,1,1,1,1,1,1
SF,IF2009,2020-03-04 09:34:15.800,4030.4000,9509,1,232453260.000,1,1,0,双开,S,4029.0000,4028.8000,4027.2000,4026.6000,4026.2000,4031.4000,4031.6000,4032.2000,4032.6000,4033.4000,1,1,1,1,1,1,1,1,1,1
SF,IF2009,2020-03-04 09:34:16.300,4030.4000,9509,0,232453260.000,0,-,-,-,-,4027.2000,4026.6000,4026.2000,4026.0000,4025.0000,4030.2000,4031.4000,4031.6000,4032.2000,4032.6000,1,1,1,1,5,1,1,1,1,1
SF,IF2009,2020-03-04 09:34:16.800,4030.4000,9509,0,232453260.000,0,-,-,-,-,4027.6000,4027.4000,4026.6000,4026.2000,4026.0000,4031.4000,4031.6000,4032.2000,4032.6000,4033.4000,1,3,1,1,1,1,1,1,1,1
SF,IF2009,2020-03-04 09:34:17.300,4030.4000,9509,0,232453260.000,0,-,-,-,-,4027.8000,4027.6000,4027.4000,4026.6000,4026.2000,4030.4000,4031.4000,4031.6000,4032.2000,4032.6000,1,1,3,1,1,1,1,1,1,1
SF,IF2009,2020-03-04 09:34:17.800,4030.4000,9509,0,232453260.000,0,-,-,-,-,4028.2000,4027.8000,4027.4000,4026.6000,4026.2000,4030.4000,4031.4000,4031.6000,4032.2000,4032.6000,1,1,2,1,1,1,1,1,1,1
SF,IF2009,2020-03-04 09:34:18.300,4030.4000,9509,0,232453260.000,0,-,-,-,-,4028.0000,4027.8000,4027.4000,4026.6000,4026.2000,4030.2000,4030.4000,4031.6000,4032.2000,4032.6000,1,1,1,1,1,2,1,1,1,1
SF,IF2009,2020-03-04 09:34:18.800,4030.4000,9509,0,232453260.000,0,-,-,-,-,4029.0000,4028.2000,4028.0000,4027.8000,4027.4000,4030.0000,4030.2000,4030.4000,4031.6000,4032.2000,1,2,1,1,1,1,2,1,1,1
SF,IF2009,2020-03-04 09:34:19.300,4030.4000,9509,0,232453260.000,0,-,-,-,-,4028.2000,4027.8000,4027.4000,4026.6000,4026.2000,4030.0000,4030.2000,4030.4000,4031.6000,4032.2000,2,1,1,1,1,1,2,1,1,1
SF,IF2009,2020-03-04 09:34:19.800,4030.4000,9509,0,232453260.000,0,-,-,-,-,4028.2000,4027.8000,4027.4000,4026.6000,4026.2000,4030.0000,4030.2000,4030.4000,4031.6000,4032.2000,1,1,1,1,1,1,1,1,1,1
SF,IF2009,2020-03-04 09:34:20.300,4030.4000,9509,0,232453260.000,0,-,-,-,-,4027.8000,4027.4000,4026.6000,4026.2000,4026.0000,4030.0000,4030.2000,4030.4000,4031.6000,4032.2000,1,1,1,1,1,1,1,1,1,1
SF,IF2009,2020-03-04 09:34:20.800,4030.4000,9509,0,232453260.000,0,-,-,-,-,4028.0000,4027.8000,4027.4000,4026.6000,4026.2000,4030.0000,4030.2000,4030.4000,4031.6000,4032.2000,2,1,1,1,1,1,1,1,1,1
SF,IF2009,2020-03-04 09:34:21.300,4030.4000,9509,0,232453260.000,0,-,-,-,-,4028.2000,4028.0000,4027.4000,4026.6000,4026.2000,4030.0000,4030.4000,4031.6000,4032.2000,4032.6000,2,2,1,1,1,1,1,1,1,1
SF,IF2009,2020-03-04 09:34:21.800,4030.0000,9509,0,233662260.000,1,0,1,多换,S,4029.0000,4028.6000,4028.4000,4028.2000,4027.4000,4030.4000,4031.6000,4032.2000,4032.6000,4033.4000,1,1,3,1,1,1,1,1,1,1
SF,IF2009,2020-03-04 09:34:22.300,4030.0000,9509,0,233662260.000,0,-,-,-,-,4029.2000,4029.0000,4028.6000,4028.4000,4027.4000,4030.0000,4030.4000,4031.6000,4032.2000,4032.6000,1,1,1,2,1,1,1,1,1,1
SF,IF2009,2020-03-04 09:34:22.800,4030.0000,9509,0,233662260.000,0,-,-,-,-,4029.2000,4029.0000,4028.6000,4028.4000,4027.4000,4030.0000,4030.4000,4031.6000,4032.2000,4032.6000,2,1,1,2,1,1,1,1,1,1
SF,IF2009,2020-03-04 09:34:23.300,4030.0000,9508,-1,234871260.000,1,0,1,双平,S,4030.0000,4029.2000,4029.0000,4028.6000,4028.4000,4030.4000,4031.6000,4032.2000,4032.6000,4033.4000,1,2,1,1,2,1,1,1,1,1
SF,IF2009,2020-03-04 09:34:23.800,4030.0000,9508,0,236080260.000,1,0,1,多换,S,4029.2000,4029.0000,4028.4000,4027.4000,4026.6000,4030.4000,4031.6000,4032.2000,4032.6000,4033.4000,1,1,1,1,1,1,1,1,1,1
SF,IF2009,2020-03-04 09:34:24.300,4030.0000,9508,0,236080260.000,0,-,-,-,-,4029.2000,4029.0000,4028.4000,4027.4000,4026.6000,4030.4000,4031.6000,4032.2000,4032.6000,4033.4000,1,1,1,1,1,1,1,1,1,1
SF,IF2009,2020-03-04 09:34:24.800,4030.0000,9508,0,236080260.000,0,-,-,-,-,4030.0000,4027.4000,4026.6000,4026.2000,4026.0000,4030.4000,4031.6000,4032.2000,4032.6000,4033.4000,1,1,1,1,1,1,1,1,1,1
SF,IF2009,2020-03-04 09:34:25.300,4030.0000,9508,0,237289260.000,1,0,1,多换,S,4027.4000,4026.6000,4026.2000,4026.0000,4025.0000,4030.4000,4031.6000,4032.2000,4032.6000,4033.4000,1,1,1,1,5,1,1,1,1,1
SF,IF2009,2020-03-04 09:34:25.800,4030.0000,9508,0,237289260.000,0,-,-,-,-,4027.8000,4027.6000,4027.4000,4026.6000,4026.2000,4030.2000,4030.4000,4031.6000,4032.2000,4032.6000,1,1,1,1,1,1,1,1,1,1
SF,IF2009,2020-03-04 09:34:26.300,4030.0000,9508,0,237289260.000,0,-,-,-,-,4028.0000,4027.8000,4027.6000,4027.4000,4026.6000,4030.2000,4030.4000,4031.6000,4032.2000,4032.6000,1,1,1,1,1,1,1,1,1,1
SF,IF2009,2020-03-04 09:34:26.800,4030.0000,9508,0,237289260.000,0,-,-,-,-,4028.2000,4028.0000,4027.8000,4026.6000,4026.2000,4030.0000,4030.2000,4030.4000,4031.6000,4032.2000,1,2,1,1,1,1,1,1,1,1
SF,IF2009,2020-03-04 09:34:27.300,4030.0000,9508,0,237289260.000,0,-,-,-,-,4028.2000,4028.0000,4027.8000,4026.6000,4026.2000,4030.0000,4030.2000,4030.4000,4031.6000,4032.2000,1,2,1,1,1,1,1,1,1,1
SF,IF2009,2020-03-04 09:34:27.800,4030.0000,9508,0,237289260.000,0,-,-,-,-,4028.2000,4028.0000,4026.6000,4026.2000,4026.0000,4030.0000,4030.2000,4030.4000,4031.6000,4032.2000,1,2,1,1,1,1,1,1,1,1
SF,IF2009,2020-03-04 09:34:28.300,4030.0000,9508,0,237289260.000,0,-,-,-,-,4028.2000,4028.0000,4026.6000,4026.2000,4025.0000,4029.8000,4030.0000,4030.4000,4031.6000,4032.2000,1,1,1,1,5,1,1,1,1,1
SF,IF2009,2020-03-04 09:34:28.800,4030.0000,9508,0,237289260.000,0,-,-,-,-,4028.2000,4028.0000,4026.6000,4026.2000,4025.0000,4029.6000,4029.8000,4030.4000,4031.6000,4032.2000,1,1,1,1,5,1,1,1,1,1
SF,IF2009,2020-03-04 09:34:29.300,4030.0000,9508,0,237289260.000,0,-,-,-,-,4028.0000,4026.6000,4026.2000,4025.0000,4020.0000,4029.6000,4029.8000,4030.4000,4031.6000,4032.2000,1,1,1,5,1,1,1,1,1,1
SF,IF2009,2020-03-04 09:34:29.800,4030.0000,9508,0,237289260.000,0,-,-,-,-,4028.0000,4026.8000,4026.6000,4026.2000,4025.0000,4029.6000,4029.8000,4030.4000,4031.6000,4032.2000,1,1,1,1,5,1,1,1,1,1
