市场代码,合约代码,时间,最新,持仓,增仓,成交额,成交量,开仓,平仓,成交类型,方向,买一价,买二价,买三价,买四价,买五价,卖一价,卖二价,卖三价,卖四价,卖五价,买一量,买二量,买三量,买四量,买五量,卖一量,卖二量,卖三量,卖四量,卖五量
SF,IF2011,2020-09-30 09:29:00.100,4589.0000,4545,0,22027200.000,16.000,-,-,-,-,4585.4000,4583.2000,4581.4000,4581.0000,4580.0000,4589.0000,4594.6000,4595.0000,4599.0000,4599.8000,4,2,1,1,4,9,1,6,5,1
SF,IF2011,2020-09-30 09:30:00.100,4583.2000,4547,2,30279600.000,6,4,2,空开,S,4581.4000,4581.0000,4580.0000,4577.6000,4575.2000,4582.2000,4582.8000,4583.2000,4585.0000,4585.4000,1,1,4,4,4,1,1,1,2,3
SF,IF2011,2020-09-30 09:30:00.600,4581.4000,4546,-1,33028440.000,2,0,2,多平,S,4581.0000,4575.0000,4572.6000,4569.0000,4567.8000,4581.4000,4581.6000,4582.2000,4582.8000,4583.2000,1,1,1,1,2,9,1,1,2,1
SF,IF2011,2020-09-30 09:30:01.100,4581.4000,4541,-5,39900420.000,5,0,5,双平,S,4581.2000,4581.0000,4575.0000,4572.6000,4569.0000,4581.4000,4582.0000,4584.8000,4585.0000,4585.4000,1,2,1,1,1,5,1,1,2,3
SF,IF2011,2020-09-30 09:30:01.600,4581.4000,4536,-5,46772460.000,5,0,5,双平,S,4575.0000,4572.6000,4569.0000,4567.8000,4565.0000,4581.4000,4582.0000,4584.8000,4585.0000,4587.8000,1,1,1,2,5,1,1,1,2,1
SF,IF2011,2020-09-30 09:30:02.100,4581.4000,4535,-1,48146880.000,1,0,1,双平,S,4579.4000,4579.2000,4578.6000,4578.4000,4578.0000,4582.0000,4585.0000,4587.8000,4588.4000,4588.8000,2,2,1,1,3,1,2,1,1,1
SF,IF2011,2020-09-30 09:30:02.600,4581.4000,4535,0,48146880.000,0,-,-,-,-,4579.6000,4579.4000,4579.2000,4578.0000,4577.4000,4582.0000,4585.0000,4587.8000,4588.4000,4588.8000,1,2,2,3,2,1,2,2,2,1
SF,IF2011,2020-09-30 09:30:03.100,4581.4000,4535,0,48146880.000,0,-,-,-,-,4580.8000,4579.6000,4579.4000,4579.2000,4578.0000,4582.0000,4585.0000,4587.8000,4588.0000,4588.4000,1,1,1,2,3,1,2,2,1,2
SF,IF2011,2020-09-30 09:30:03.600,4582.0000,4535,0,49521480.000,1,0,1,多换,S,4582.2000,4582.0000,4581.0000,4580.8000,4579.6000,4585.0000,4587.8000,4588.0000,4588.4000,4588.8000,1,1,3,1,1,2,2,1,2,1
SF,IF2011,2020-09-30 09:30:04.100,4582.0000,4533,-2,52270680.000,2,0,2,双平,S,4582.4000,4582.0000,4581.0000,4580.8000,4575.8000,4584.6000,4584.8000,4585.0000,4585.2000,4587.8000,1,1,2,1,3,1,2,4,1,2
SF,IF2011,2020-09-30 09:30:04.600,4582.0000,4532,-1,55019880.000,2,0,2,多平,S,4581.0000,4580.8000,4575.8000,4575.2000,4575.0000,4584.4000,4584.6000,4584.8000,4585.0000,4585.2000,2,1,3,1,6,1,2,1,4,1
SF,IF2011,2020-09-30 09:30:05.100,4582.0000,4532,0,55019880.000,0,-,-,-,-,4581.0000,4580.8000,4575.8000,4575.2000,4575.0000,4584.4000,4584.6000,4584.8000,4585.0000,4585.2000,2,1,3,1,6,1,2,1,4,1
SF,IF2011,2020-09-30 09:30:05.600,4581.0000,4532,0,56394180.000,1,0,1,多换,S,4575.8000,4575.2000,4575.0000,4572.6000,4569.0000,4582.6000,4583.2000,4583.6000,4584.0000,4584.2000,3,1,6,1,1,1,1,2,3,1
SF,IF2011,2020-09-30 09:30:06.100,4581.0000,4532,0,56394180.000,0,-,-,-,-,4579.4000,4579.2000,4578.0000,4577.4000,4576.8000,4581.0000,4582.4000,4583.2000,4583.6000,4584.0000,1,1,4,3,2,1,2,1,2,2
SF,IF2011,2020-09-30 09:30:06.600,4581.0000,4531,-1,57768480.000,1,0,1,双平,S,4581.0000,4580.8000,4579.2000,4578.0000,4576.8000,4582.4000,4584.0000,4584.2000,4585.0000,4587.8000,2,1,1,2,1,1,1,1,2,1
SF,IF2011,2020-09-30 09:30:07.100,4581.0000,4530,-1,59142780.000,1,0,1,双平,S,4581.0000,4580.8000,4579.2000,4578.0000,4576.8000,4584.0000,4584.2000,4585.0000,4587.8000,4588.0000,1,1,1,2,1,1,1,2,1,1
SF,IF2011,2020-09-30 09:30:07.600,4581.0000,4529,-1,60517080.000,1,0,1,双平,S,4580.8000,4579.2000,4576.8000,4576.6000,4576.4000,4583.8000,4584.0000,4584.2000,4585.0000,4588.0000,1,1,1,1,1,2,3,1,2,1
SF,IF2011,2020-09-30 09:30:08.100,4581.0000,4529,0,60517080.000,0,-,-,-,-,4577.6000,4576.8000,4576.6000,4576.4000,4576.0000,4582.8000,4583.2000,4583.6000,4583.8000,4584.0000,1,1,1,1,1,3,1,2,2,2
SF,IF2011,2020-09-30 09:30:08.600,4581.0000,4529,0,60517080.000,0,-,-,-,-,4581.2000,4579.4000,4579.2000,4578.0000,4577.8000,4582.6000,4583.6000,4583.8000,4584.0000,4584.2000,1,1,7,3,1,1,2,1,2,1
SF,IF2011,2020-09-30 09:30:09.100,4581.2000,4528,-1,61891440.000,1,0,1,双平,S,4579.4000,4578.0000,4577.8000,4576.4000,4576.0000,4582.8000,4583.6000,4583.8000,4584.0000,4584.2000,1,3,1,1,1,1,2,1,1,1
SF,IF2011,2020-09-30 09:30:09.600,4581.2000,4528,0,61891440.000,0,-,-,-,-,4579.4000,4578.0000,4577.8000,4576.4000,4576.0000,4582.6000,4582.8000,4583.6000,4583.8000,4584.0000,1,3,1,1,1,1,6,2,1,1
SF,IF2011,2020-09-30 09:30:10.100,4581.2000,4528,0,61891440.000,0,-,-,-,-,4579.4000,4578.0000,4577.8000,4576.4000,4576.0000,4582.6000,4582.8000,4583.6000,4583.8000,4584.0000,1,3,1,1,1,1,6,2,1,1
SF,IF2011,2020-09-30 09:30:10.600,4579.4000,4529,1,63265260.000,1,1,0,双开,S,4578.0000,4577.8000,4576.0000,4575.8000,4575.2000,4582.2000,4582.4000,4582.6000,4582.8000,4583.8000,3,1,1,3,1,3,2,1,6,1
SF,IF2011,2020-09-30 09:30:11.100,4579.4000,4529,0,63265260.000,0,-,-,-,-,4577.8000,4576.0000,4575.8000,4575.2000,4575.0000,4581.6000,4582.0000,4582.2000,4582.4000,4582.8000,1,1,3,1,6,3,2,3,2,4
SF,IF2011,2020-09-30 09:30:11.600,4579.4000,4529,0,63265260.000,0,-,-,-,-,4576.0000,4575.2000,4575.0000,4572.6000,4570.0000,4580.8000,4581.0000,4581.2000,4581.4000,4581.6000,1,1,1,1,5,1,2,1,3,3
SF,IF2011,2020-09-30 09:30:12.100,4579.4000,4529,0,63265260.000,0,-,-,-,-,4577.4000,4576.8000,4576.6000,4576.4000,4576.2000,4580.6000,4581.2000,4581.4000,4581.6000,4582.2000,4,3,2,1,1,1,1,2,3,2
SF,IF2011,2020-09-30 09:30:12.600,4579.4000,4529,0,63265260.000,0,-,-,-,-,4577.4000,4576.8000,4576.6000,4576.4000,4576.2000,4580.6000,4581.4000,4581.6000,4582.2000,4582.4000,4,3,2,1,1,1,1,3,2,1
SF,IF2011,2020-09-30 09:30:13.100,4579.4000,4529,0,63265260.000,0,-,-,-,-,4577.6000,4577.4000,4576.8000,4576.6000,4576.4000,4580.6000,4581.4000,4581.6000,4582.2000,4582.4000,1,4,3,2,1,1,1,2,2,1
SF,IF2011,2020-09-30 09:30:13.600,4580.6000,4528,-1,64639440.000,1,0,1,双平,S,4577.8000,4577.4000,4576.8000,4576.6000,4576.4000,4582.8000,4585.0000,4588.0000,4588.4000,4588.8000,1,4,3,2,1,2,2,1,1,1
SF,IF2011,2020-09-30 09:30:14.100,4580.6000,4528,0,64639440.000,0,-,-,-,-,4577.4000,4576.8000,4576.6000,4576.4000,4576.0000,4582.2000,4582.4000,4582.6000,4582.8000,4585.0000,4,3,2,1,1,4,2,3,6,2
SF,IF2011,2020-09-30 09:30:14.600,4580.6000,4528,0,64639440.000,0,-,-,-,-,4577.4000,4576.8000,4576.6000,4576.4000,4576.0000,4582.0000,4582.2000,4582.4000,4582.6000,4582.8000,4,3,2,1,1,2,3,2,2,6
SF,IF2011,2020-09-30 09:30:15.100,4577.4000,4529,1,66012660.000,1,1,0,双开,S,4577.4000,4576.8000,4576.6000,4576.4000,4576.0000,4581.0000,4581.6000,4581.8000,4582.0000,4582.2000,3,3,2,1,1,1,3,1,1,3
SF,IF2011,2020-09-30 09:30:15.600,4580.8000,4528,-1,67386900.000,1,0,1,双平,S,4577.6000,4577.4000,4576.8000,4576.6000,4576.4000,4581.0000,4581.6000,4581.8000,4582.2000,4582.4000,1,3,2,2,1,1,1,1,3,1
SF,IF2011,2020-09-30 09:30:16.100,4580.8000,4528,0,67386900.000,0,-,-,-,-,4577.8000,4577.6000,4577.4000,4576.8000,4576.6000,4581.0000,4581.8000,4582.2000,4582.6000,4582.8000,2,1,3,2,2,1,1,1,2,4
SF,IF2011,2020-09-30 09:30:16.600,4580.8000,4528,0,67386900.000,0,-,-,-,-,4578.0000,4577.8000,4577.4000,4576.8000,4576.6000,4581.0000,4582.2000,4582.6000,4582.8000,4585.0000,4,3,3,2,2,1,1,2,3,2
SF,IF2011,2020-09-30 09:30:17.100,4580.8000,4528,0,67386900.000,0,-,-,-,-,4578.0000,4577.8000,4577.4000,4576.8000,4576.6000,4581.0000,4582.2000,4582.6000,4582.8000,4585.0000,1,2,3,2,2,1,1,2,3,2
SF,IF2011,2020-09-30 09:30:17.600,4580.8000,4528,0,67386900.000,0,-,-,-,-,4578.2000,4578.0000,4577.8000,4577.4000,4576.8000,4581.0000,4582.2000,4582.6000,4582.8000,4585.0000,1,2,1,3,2,1,1,2,3,2
SF,IF2011,2020-09-30 09:30:18.100,4581.0000,4528,0,68761200.000,1,0,1,多换,S,4581.4000,4578.4000,4578.2000,4578.0000,4577.8000,4582.2000,4582.6000,4582.8000,4585.0000,4588.0000,1,2,1,1,1,1,2,3,2,1
SF,IF2011,2020-09-30 09:30:18.600,4581.4000,4527,-1,70135620.000,1,0,1,双平,S,4578.4000,4578.2000,4578.0000,4577.8000,4577.4000,4581.4000,4581.8000,4582.0000,4582.2000,4582.6000,2,1,1,1,3,4,1,1,3,2
SF,IF2011,2020-09-30 09:30:19.100,4581.4000,4527,0,70135620.000,0,-,-,-,-,4578.4000,4578.2000,4578.0000,4577.4000,4576.8000,4581.4000,4582.2000,4582.6000,4582.8000,4585.0000,2,1,1,3,1,3,1,2,3,2
SF,IF2011,2020-09-30 09:30:19.600,4581.4000,4527,0,70135620.000,0,-,-,-,-,4578.6000,4578.4000,4578.2000,4578.0000,4577.4000,4581.4000,4582.2000,4582.6000,4582.8000,4585.0000,2,2,1,1,3,3,1,2,3,2
SF,IF2011,2020-09-30 09:30:20.100,4581.4000,4527,0,70135620.000,0,-,-,-,-,4578.8000,4578.6000,4578.4000,4578.2000,4578.0000,4581.4000,4582.0000,4582.6000,4582.8000,4585.0000,1,3,1,1,1,2,1,2,2,2
SF,IF2011,2020-09-30 09:30:20.600,4581.4000,4527,0,70135620.000,0,-,-,-,-,4578.8000,4578.6000,4578.2000,4578.0000,4577.4000,4581.4000,4582.0000,4582.6000,4582.8000,4585.0000,2,3,1,1,3,2,1,2,2,2
SF,IF2011,2020-09-30 09:30:21.100,4581.4000,4527,0,70135620.000,0,-,-,-,-,4578.8000,4578.6000,4578.2000,4578.0000,4577.6000,4581.4000,4582.0000,4582.6000,4582.8000,4585.0000,2,2,1,1,1,2,1,2,2,2
SF,IF2011,2020-09-30 09:30:21.600,4581.4000,4527,0,70135620.000,0,-,-,-,-,4578.8000,4578.6000,4578.2000,4578.0000,4577.6000,4581.4000,4582.0000,4582.6000,4582.8000,4585.0000,2,1,1,1,1,2,1,2,2,2
SF,IF2011,2020-09-30 09:30:22.100,4581.4000,4527,0,70135620.000,0,-,-,-,-,4578.8000,4578.6000,4578.2000,4578.0000,4577.6000,4581.4000,4582.0000,4582.6000,4582.8000,4585.0000,1,1,1,1,1,2,1,1,2,2
SF,IF2011,2020-09-30 09:30:22.600,4578.8000,4526,-1,71509260.000,1,0,1,双平,S,4578.6000,4578.2000,4578.0000,4577.4000,4576.8000,4581.2000,4581.4000,4582.0000,4582.6000,4582.8000,1,1,1,3,1,1,2,1,1,2
SF,IF2011,2020-09-30 09:30:23.100,4578.8000,4526,0,71509260.000,0,-,-,-,-,4578.6000,4578.2000,4578.0000,4577.6000,4577.4000,4581.2000,4581.4000,4582.0000,4582.6000,4582.8000,1,1,1,1,3,1,2,1,1,2
SF,IF2011,2020-09-30 09:30:23.600,4578.8000,4526,0,71509260.000,0,-,-,-,-,4578.6000,4578.2000,4578.0000,4577.4000,4576.8000,4581.2000,4581.4000,4582.0000,4582.2000,4582.6000,1,1,1,3,1,1,2,1,1,1
SF,IF2011,2020-09-30 09:30:24.100,4578.8000,4526,0,71509260.000,0,-,-,-,-,4578.6000,4578.2000,4578.0000,4577.4000,4576.8000,4580.4000,4581.2000,4581.4000,4582.0000,4582.2000,1,1,1,3,1,1,1,2,1,1
SF,IF2011,2020-09-30 09:30:24.600,4578.8000,4526,0,72882900.000,1,0,1,多换,S,4578.2000,4578.0000,4577.4000,4576.8000,4576.4000,4578.6000,4580.4000,4581.2000,4582.0000,4582.2000,1,1,3,1,1,1,1,1,1,1
SF,IF2011,2020-09-30 09:30:25.100,4578.6000,4526,0,74256480.000,1,0,1,多换,S,4578.6000,4577.4000,4576.8000,4576.4000,4576.0000,4580.4000,4581.2000,4582.0000,4582.2000,4582.8000,1,3,1,1,1,1,1,1,1,2
SF,IF2011,2020-09-30 09:30:25.600,4578.6000,4525,-1,75630060.000,1,0,1,双平,S,4576.8000,4576.4000,4576.0000,4575.0000,4573.2000,4580.2000,4580.4000,4581.2000,4582.0000,4582.2000,1,1,1,1,1,1,1,1,1,1
SF,IF2011,2020-09-30 09:30:26.100,4578.6000,4525,0,75630060.000,0,-,-,-,-,4575.0000,4573.2000,4567.8000,4540.0000,4488.0000,4579.4000,4580.0000,4580.2000,4580.4000,4582.0000,1,1,2,2,1,3,1,1,1,1
SF,IF2011,2020-09-30 09:30:26.600,4578.6000,4525,0,75630060.000,0,-,-,-,-,4575.8000,4575.6000,4575.2000,4575.0000,4573.2000,4579.2000,4579.4000,4580.4000,4582.0000,4582.2000,1,7,2,1,1,1,3,1,1,1
SF,IF2011,2020-09-30 09:30:27.100,4578.6000,4525,0,75630060.000,0,-,-,-,-,4575.8000,4575.6000,4575.2000,4575.0000,4573.2000,4579.2000,4579.4000,4580.4000,4582.0000,4582.2000,1,7,2,1,1,1,3,1,1,1
SF,IF2011,2020-09-30 09:30:27.600,4578.6000,4525,0,75630060.000,0,-,-,-,-,4575.8000,4575.6000,4575.2000,4575.0000,4573.2000,4579.2000,4579.4000,4580.4000,4581.4000,4582.0000,1,7,2,1,1,1,3,1,1,1
SF,IF2011,2020-09-30 09:30:28.100,4578.6000,4525,0,75630060.000,0,-,-,-,-,4576.0000,4575.8000,4575.6000,4575.2000,4575.0000,4579.2000,4579.4000,4580.4000,4581.4000,4582.0000,1,1,7,2,1,1,3,1,1,1
SF,IF2011,2020-09-30 09:30:30.600,4578.6000,4525,0,75630060.000,0,-,-,-,-,4576.2000,4576.0000,4575.8000,4575.6000,4575.2000,4579.2000,4579.4000,4580.4000,4581.4000,4582.0000,2,1,1,7,2,1,3,1,1,1
SF,IF2011,2020-09-30 09:30:31.100,4578.6000,4525,0,75630060.000,0,-,-,-,-,4576.4000,4576.2000,4576.0000,4575.8000,4575.6000,4579.2000,4579.4000,4580.4000,4581.4000,4582.0000,1,2,1,1,7,1,3,1,1,1
SF,IF2011,2020-09-30 09:30:31.600,4579.2000,4525,0,77003820.000,1,0,1,多换,S,4576.6000,4576.4000,4576.2000,4575.8000,4575.6000,4579.4000,4580.4000,4581.4000,4582.0000,4582.2000,2,1,2,1,7,3,1,1,1,1
SF,IF2011,2020-09-30 09:30:32.100,4579.2000,4525,0,77003820.000,0,-,-,-,-,4576.8000,4576.6000,4576.4000,4576.2000,4575.8000,4579.4000,4580.4000,4581.4000,4582.0000,4582.2000,1,2,1,2,1,3,1,1,1,1
SF,IF2011,2020-09-30 09:30:32.600,4579.2000,4525,0,77003820.000,0,-,-,-,-,4577.0000,4576.8000,4576.6000,4576.4000,4576.2000,4579.4000,4580.4000,4581.4000,4582.0000,4582.2000,2,4,1,1,2,3,1,1,2,1
SF,IF2011,2020-09-30 09:30:33.100,4579.2000,4525,0,77003820.000,0,-,-,-,-,4577.0000,4576.8000,4576.6000,4576.4000,4576.2000,4579.4000,4580.4000,4581.4000,4582.0000,4582.2000,2,4,1,1,2,3,1,1,2,1
SF,IF2011,2020-09-30 09:30:33.600,4579.2000,4525,0,77003820.000,0,-,-,-,-,4577.0000,4576.4000,4576.2000,4575.8000,4575.6000,4579.4000,4580.4000,4581.4000,4582.0000,4582.2000,1,1,2,1,5,3,1,1,2,1
SF,IF2011,2020-09-30 09:30:34.100,4579.2000,4525,0,77003820.000,0,-,-,-,-,4577.2000,4577.0000,4576.4000,4576.2000,4575.8000,4579.4000,4580.4000,4581.4000,4582.0000,4582.2000,1,1,1,2,1,4,1,1,2,1
SF,IF2011,2020-09-30 09:30:34.600,4579.2000,4525,0,77003820.000,0,-,-,-,-,4577.4000,4577.2000,4576.4000,4576.2000,4575.8000,4579.4000,4580.4000,4581.4000,4582.0000,4582.2000,1,1,1,2,1,4,1,1,2,1
SF,IF2011,2020-09-30 09:30:35.100,4579.2000,4525,0,77003820.000,0,-,-,-,-,4577.4000,4576.4000,4576.2000,4575.8000,4575.6000,4579.4000,4580.4000,4581.4000,4582.0000,4582.2000,1,1,2,1,5,3,1,1,2,1
SF,IF2011,2020-09-30 09:30:35.600,4577.4000,4524,-1,78377040.000,1,0,1,双平,S,4576.4000,4576.2000,4575.8000,4575.6000,4575.0000,4577.2000,4577.4000,4579.4000,4580.4000,4581.4000,1,2,1,5,1,2,1,3,1,1
SF,IF2011,2020-09-30 09:30:36.100,4577.4000,4521,-3,82496700.000,3,0,3,双平,S,4577.2000,4576.4000,4576.2000,4575.6000,4575.0000,4579.4000,4580.4000,4581.4000,4582.0000,4582.2000,2,1,2,4,1,3,1,1,2,1
SF,IF2011,2020-09-30 09:30:36.600,4577.4000,4521,0,82496700.000,0,-,-,-,-,4577.2000,4576.2000,4575.6000,4575.0000,4569.8000,4579.2000,4579.4000,4580.4000,4581.4000,4582.0000,2,2,4,1,1,1,4,1,1,2
SF,IF2011,2020-09-30 09:30:37.100,4577.4000,4521,0,82496700.000,0,-,-,-,-,4577.2000,4576.2000,4575.6000,4575.0000,4569.8000,4579.2000,4579.4000,4580.4000,4581.4000,4582.0000,2,2,4,1,1,1,4,1,1,2
SF,IF2011,2020-09-30 09:30:37.600,4577.2000,4519,-2,85243020.000,2,0,2,双平,S,4575.6000,4575.0000,4569.8000,4567.8000,4540.0000,4579.2000,4579.4000,4580.4000,4581.4000,4582.0000,4,1,1,2,2,1,4,1,1,2
SF,IF2011,2020-09-30 09:30:38.100,4577.2000,4519,0,85243020.000,0,-,-,-,-,4575.8000,4575.6000,4575.0000,4569.8000,4567.8000,4579.2000,4579.4000,4580.4000,4581.4000,4582.0000,3,6,1,1,2,1,4,1,1,2
SF,IF2011,2020-09-30 09:30:38.600,4577.2000,4519,0,85243020.000,0,-,-,-,-,4575.8000,4575.6000,4575.0000,4569.8000,4567.8000,4579.2000,4579.4000,4580.4000,4580.6000,4581.4000,3,6,1,1,2,1,4,1,1,1
SF,IF2011,2020-09-30 09:30:39.100,4577.2000,4519,0,85243020.000,0,-,-,-,-,4575.0000,4569.8000,4567.8000,4540.0000,4488.0000,4579.0000,4579.2000,4579.4000,4580.4000,4580.6000,1,1,2,2,1,1,6,4,1,1
SF,IF2011,2020-09-30 09:30:39.600,4577.2000,4519,0,85243020.000,0,-,-,-,-,4575.6000,4575.2000,4575.0000,4567.8000,4540.0000,4578.8000,4579.0000,4579.2000,4579.4000,4580.4000,1,3,1,2,2,1,1,5,4,1
SF,IF2011,2020-09-30 09:30:40.100,4577.2000,4519,0,85243020.000,0,-,-,-,-,4575.2000,4575.0000,4567.8000,4565.2000,4540.0000,4578.6000,4578.8000,4579.0000,4579.2000,4579.4000,1,1,2,1,2,1,1,1,5,4
SF,IF2011,2020-09-30 09:30:40.600,4577.2000,4519,0,85243020.000,0,-,-,-,-,4575.2000,4575.0000,4567.8000,4565.2000,4540.0000,4578.4000,4578.6000,4579.0000,4579.2000,4579.4000,1,1,2,1,2,1,1,1,5,4
SF,IF2011,2020-09-30 09:30:41.100,4577.2000,4519,0,85243020.000,0,-,-,-,-,4575.4000,4575.0000,4567.8000,4565.2000,4540.0000,4578.0000,4578.4000,4578.6000,4579.0000,4579.2000,1,1,2,1,2,1,1,1,1,5
SF,IF2011,2020-09-30 09:30:41.600,4577.2000,4519,0,85243020.000,0,-,-,-,-,4575.4000,4575.0000,4567.8000,4565.2000,4540.0000,4577.8000,4578.0000,4578.6000,4579.0000,4579.2000,1,1,2,1,2,1,2,1,1,5
SF,IF2011,2020-09-30 09:30:42.100,4577.2000,4519,0,85243020.000,0,-,-,-,-,4575.0000,4567.8000,4565.2000,4540.0000,4488.0000,4577.8000,4578.0000,4578.6000,4579.0000,4579.2000,1,2,1,2,1,1,2,1,1,5
SF,IF2011,2020-09-30 09:30:42.600,4577.2000,4519,0,85243020.000,0,-,-,-,-,4575.0000,4567.8000,4565.2000,4540.0000,4488.0000,4577.8000,4578.0000,4578.6000,4579.0000,4579.2000,1,2,1,2,1,1,2,1,1,4
SF,IF2011,2020-09-30 09:30:43.100,4575.0000,4518,-1,86615520.000,1,0,1,双平,S,4567.8000,4565.2000,4540.0000,4488.0000,4479.4000,4577.8000,4578.0000,4578.6000,4579.0000,4579.2000,2,1,2,1,1,1,2,1,1,4
SF,IF2011,2020-09-30 09:30:43.600,4575.0000,4518,0,86615520.000,0,-,-,-,-,4573.8000,4573.6000,4573.4000,4573.2000,4573.0000,4577.8000,4578.0000,4578.6000,4579.0000,4579.2000,7,2,1,2,1,1,2,1,1,4
SF,IF2011,2020-09-30 09:30:44.100,4575.0000,4518,0,86615520.000,0,-,-,-,-,4573.8000,4573.6000,4573.2000,4573.0000,4572.8000,4577.8000,4578.0000,4578.6000,4579.0000,4579.2000,4,1,2,1,1,1,2,1,1,4
SF,IF2011,2020-09-30 09:30:44.600,4575.0000,4518,0,86615520.000,0,-,-,-,-,4573.8000,4573.6000,4573.2000,4573.0000,4572.8000,4577.4000,4577.8000,4578.0000,4578.6000,4579.0000,4,1,2,1,1,2,1,3,1,1
SF,IF2011,2020-09-30 09:30:45.100,4575.0000,4518,0,86615520.000,0,-,-,-,-,4573.8000,4573.6000,4573.2000,4573.0000,4572.8000,4577.2000,4578.0000,4578.6000,4579.0000,4579.2000,7,1,2,1,1,1,3,1,1,2
SF,IF2011,2020-09-30 09:30:45.600,4575.0000,4518,0,86615520.000,0,-,-,-,-,4573.8000,4573.6000,4573.2000,4573.0000,4572.8000,4577.2000,4578.0000,4578.6000,4579.0000,4579.2000,1,1,2,1,1,1,3,1,1,2
SF,IF2011,2020-09-30 09:30:46.100,4575.0000,4518,0,86615520.000,0,-,-,-,-,4573.8000,4573.6000,4573.2000,4573.0000,4572.8000,4577.2000,4578.0000,4578.6000,4579.0000,4579.2000,2,1,2,1,1,1,3,1,1,2
SF,IF2011,2020-09-30 09:30:46.600,4575.0000,4518,0,86615520.000,0,-,-,-,-,4573.8000,4573.6000,4573.2000,4573.0000,4572.8000,4577.2000,4578.0000,4578.6000,4579.0000,4579.2000,3,1,2,1,1,1,3,1,1,2
SF,IF2011,2020-09-30 09:30:47.100,4575.0000,4518,0,86615520.000,0,-,-,-,-,4574.0000,4573.8000,4573.6000,4573.2000,4573.0000,4577.2000,4578.0000,4578.6000,4579.0000,4579.2000,1,6,1,2,1,1,2,1,1,2
SF,IF2011,2020-09-30 09:30:47.600,4575.0000,4518,0,86615520.000,0,-,-,-,-,4574.4000,4574.2000,4573.8000,4573.6000,4573.0000,4577.2000,4578.0000,4578.6000,4579.0000,4579.2000,2,3,6,1,1,1,2,1,1,2
SF,IF2011,2020-09-30 09:30:48.100,4577.2000,4517,-1,87988680.000,1,0,1,双平,S,4574.6000,4574.4000,4574.2000,4573.8000,4573.6000,4578.0000,4579.4000,4580.4000,4580.6000,4581.4000,1,3,3,6,1,1,3,1,1,1
SF,IF2011,2020-09-30 09:30:48.600,4574.6000,4515,-2,92106000.000,3,0,3,多平,S,4574.4000,4574.2000,4573.8000,4573.0000,4572.8000,4574.6000,4578.0000,4579.4000,4580.4000,4580.6000,3,2,6,1,1,3,1,3,1,1
SF,IF2011,2020-09-30 09:30:49.100,4574.6000,4512,-3,96223140.000,3,0,3,双平,S,4577.2000,4576.0000,4575.0000,4574.8000,4574.6000,4578.0000,4579.4000,4580.4000,4580.6000,4581.4000,4,1,2,1,2,1,3,1,1,1
SF,IF2011,2020-09-30 09:30:49.600,4577.8000,4511,-1,105835440.000,7,3,4,多平,S,4574.4000,4574.2000,4573.8000,4573.0000,4572.8000,4578.0000,4579.4000,4580.4000,4580.6000,4581.4000,3,1,6,1,1,1,3,1,1,1
SF,IF2011,2020-09-30 09:30:50.100,4577.8000,4511,0,105835440.000,0,-,-,-,-,4574.6000,4574.4000,4574.2000,4573.8000,4573.0000,4578.0000,4579.4000,4580.4000,4580.6000,4581.4000,1,3,1,6,1,1,3,1,1,1
SF,IF2011,2020-09-30 09:30:50.600,4575.0000,4509,-2,108580440.000,2,0,2,双平,S,4575.0000,4574.8000,4574.6000,4574.4000,4574.2000,4578.0000,4579.4000,4580.4000,4580.6000,4581.4000,2,1,1,3,1,1,3,1,1,1
SF,IF2011,2020-09-30 09:30:51.100,4575.0000,4509,0,109952940.000,1,0,1,多换,S,4574.8000,4574.4000,4574.2000,4573.8000,4573.0000,4576.6000,4577.8000,4578.0000,4579.4000,4580.4000,1,3,1,6,1,1,1,1,3,1
SF,IF2011,2020-09-30 09:30:51.600,4576.6000,4508,-1,111325920.000,1,0,1,双平,S,4577.0000,4575.0000,4574.8000,4574.4000,4573.8000,4577.8000,4578.0000,4579.4000,4580.4000,4580.6000,1,1,2,3,6,1,1,3,1,1
SF,IF2011,2020-09-30 09:30:52.100,4577.0000,4507,-1,112699020.000,1,0,1,双平,S,4575.0000,4574.8000,4574.4000,4572.8000,4568.0000,4578.0000,4579.4000,4580.4000,4580.6000,4581.4000,1,2,1,1,1,1,3,1,1,1
SF,IF2011,2020-09-30 09:30:52.600,4577.8000,4507,0,114072360.000,1,0,1,多换,S,4575.6000,4575.2000,4575.0000,4574.8000,4574.4000,4577.4000,4578.0000,4579.4000,4580.4000,4580.6000,7,4,1,3,1,1,1,3,1,1
SF,IF2011,2020-09-30 09:30:53.100,4577.4000,4506,-1,115445580.000,1,0,1,双平,S,4577.8000,4575.8000,4575.6000,4575.4000,4575.2000,4578.0000,4579.4000,4580.4000,4580.6000,4581.4000,2,1,7,1,5,1,3,1,1,1
SF,IF2011,2020-09-30 09:30:53.600,4577.8000,4504,-2,118192320.000,2,0,2,双平,S,4577.8000,4576.0000,4575.8000,4575.6000,4575.4000,4579.4000,4580.4000,4580.6000,4581.4000,4582.0000,1,1,1,6,3,3,1,1,1,1
SF,IF2011,2020-09-30 09:30:54.100,4577.8000,4504,0,118192320.000,0,-,-,-,-,4577.8000,4576.0000,4575.8000,4575.6000,4575.4000,4579.4000,4580.4000,4580.6000,4581.4000,4582.0000,1,1,1,4,3,3,1,1,1,1
SF,IF2011,2020-09-30 09:30:54.600,4577.8000,4504,0,118192320.000,0,-,-,-,-,4577.8000,4576.0000,4575.6000,4575.4000,4575.2000,4579.4000,4580.4000,4580.6000,4581.4000,4582.0000,1,1,3,5,3,3,1,1,1,1
SF,IF2011,2020-09-30 09:30:55.100,4577.8000,4503,-1,119565660.000,1,0,1,双平,S,4576.0000,4575.6000,4575.4000,4575.2000,4575.0000,4577.8000,4579.4000,4580.4000,4580.6000,4581.4000,1,3,5,3,2,1,3,1,1,1
SF,IF2011,2020-09-30 09:30:55.600,4579.4000,4503,0,120939480.000,1,0,1,多换,S,4576.0000,4575.8000,4575.6000,4575.4000,4575.2000,4579.4000,4580.4000,4580.6000,4581.4000,4582.0000,1,1,3,5,2,2,1,1,1,1
SF,IF2011,2020-09-30 09:30:56.100,4579.4000,4503,0,120939480.000,0,-,-,-,-,4576.2000,4576.0000,4575.8000,4575.6000,4575.4000,4579.4000,4580.4000,4580.6000,4581.4000,4582.0000,1,1,1,3,5,2,1,1,1,1
SF,IF2011,2020-09-30 09:30:57.100,4576.8000,4503,0,122312520.000,1,0,1,多换,S,4576.8000,4576.6000,4576.4000,4576.2000,4576.0000,4579.2000,4579.4000,4580.4000,4580.6000,4581.4000,1,2,1,1,1,1,2,1,1,1
SF,IF2011,2020-09-30 09:30:57.600,4576.8000,4503,0,122312520.000,0,-,-,-,-,4576.0000,4575.8000,4575.6000,4575.4000,4575.2000,4579.0000,4579.2000,4579.4000,4580.4000,4580.6000,1,1,3,5,1,1,1,2,1,1
SF,IF2011,2020-09-30 09:30:58.100,4576.8000,4503,0,122312520.000,0,-,-,-,-,4576.0000,4575.8000,4575.6000,4575.4000,4575.2000,4577.0000,4579.0000,4579.2000,4579.4000,4580.4000,1,1,3,5,1,1,1,1,2,1
SF,IF2011,2020-09-30 09:30:58.600,4576.2000,4502,-1,126431340.000,3,1,2,多平,S,4576.0000,4575.8000,4575.6000,4575.4000,4575.2000,4576.2000,4579.0000,4579.2000,4579.4000,4580.4000,1,1,2,5,1,3,1,1,2,1
SF,IF2011,2020-09-30 09:30:59.100,4576.2000,4499,-3,130549920.000,3,0,3,双平,S,4577.4000,4576.6000,4575.6000,4575.4000,4575.2000,4579.0000,4579.4000,4580.4000,4580.6000,4581.4000,2,1,2,2,1,1,2,1,1,1
SF,IF2011,2020-09-30 09:30:59.600,4577.4000,4497,-2,133296360.000,2,0,2,双平,S,4577.6000,4575.2000,4574.4000,4568.0000,4540.0000,4579.0000,4579.4000,4580.4000,4580.6000,4581.4000,1,1,2,1,2,1,2,1,1,1
SF,IF2011,2020-09-30 09:31:00.100,4577.6000,4496,-1,134669640.000,1,0,1,双平,S,4575.2000,4575.0000,4574.4000,4568.0000,4540.0000,4578.0000,4579.2000,4579.4000,4580.4000,4580.6000,1,1,2,1,2,1,1,2,1,1
SF,IF2011,2020-09-30 09:31:00.600,4577.6000,4496,0,134669640.000,0,-,-,-,-,4575.6000,4575.4000,4575.2000,4575.0000,4574.4000,4577.8000,4579.2000,4579.4000,4580.4000,4580.6000,1,2,3,1,2,1,1,2,1,1
SF,IF2011,2020-09-30 09:31:01.100,4577.6000,4496,0,134669640.000,0,-,-,-,-,4575.6000,4575.4000,4575.2000,4575.0000,4574.8000,4577.8000,4579.2000,4579.4000,4580.4000,4580.6000,1,2,3,1,2,1,1,2,1,1
SF,IF2011,2020-09-30 09:31:01.600,4577.6000,4496,0,134669640.000,0,-,-,-,-,4575.6000,4575.4000,4575.2000,4575.0000,4574.8000,4577.8000,4579.2000,4579.4000,4580.4000,4580.6000,2,2,2,1,3,1,1,2,1,1
SF,IF2011,2020-09-30 09:31:02.100,4577.6000,4496,0,134669640.000,0,-,-,-,-,4575.8000,4575.6000,4575.4000,4575.2000,4574.8000,4577.8000,4579.2000,4579.4000,4580.4000,4580.6000,1,5,2,2,1,1,1,2,1,1
SF,IF2011,2020-09-30 09:31:02.600,4577.6000,4496,0,134669640.000,0,-,-,-,-,4575.4000,4574.8000,4568.0000,4540.0000,4488.0000,4576.8000,4577.8000,4579.2000,4579.4000,4580.4000,1,1,1,2,1,1,1,1,2,1
SF,IF2011,2020-09-30 09:31:03.100,4576.6000,4495,-1,140161200.000,4,1,3,多平,S,4575.6000,4574.8000,4568.0000,4540.0000,4488.0000,4577.8000,4579.2000,4579.4000,4580.4000,4580.6000,5,1,1,2,1,1,1,2,1,1
SF,IF2011,2020-09-30 09:31:03.600,4576.6000,4495,0,140161200.000,0,-,-,-,-,4575.6000,4574.8000,4568.0000,4540.0000,4488.0000,4577.8000,4579.2000,4579.4000,4580.4000,4580.6000,5,1,1,2,1,1,1,2,1,1
SF,IF2011,2020-09-30 09:31:04.100,4576.6000,4495,0,140161200.000,0,-,-,-,-,4575.8000,4575.6000,4574.8000,4568.0000,4540.0000,4579.2000,4579.4000,4580.4000,4580.6000,4581.4000,1,5,1,1,2,1,2,1,1,1
SF,IF2011,2020-09-30 09:31:04.600,4575.6000,4497,2,142906620.000,2,2,0,双开,S,4575.6000,4574.8000,4568.0000,4540.0000,4488.0000,4578.0000,4579.0000,4579.2000,4579.4000,4580.4000,4,1,1,2,1,1,1,2,2,1
SF,IF2011,2020-09-30 09:31:05.100,4575.6000,4497,0,142906620.000,0,-,-,-,-,4575.6000,4574.8000,4568.0000,4540.0000,4488.0000,4577.8000,4579.2000,4579.4000,4580.4000,4580.6000,4,1,1,2,1,1,2,2,1,1
SF,IF2011,2020-09-30 09:31:05.600,4575.6000,4497,0,142906620.000,0,-,-,-,-,4575.8000,4575.6000,4574.8000,4568.0000,4540.0000,4577.8000,4579.2000,4579.4000,4580.4000,4580.6000,1,4,1,1,2,1,2,2,1,1
SF,IF2011,2020-09-30 09:31:06.100,4575.6000,4497,0,142906620.000,0,-,-,-,-,4576.4000,4576.0000,4575.8000,4575.6000,4568.0000,4577.8000,4579.2000,4579.4000,4580.4000,4580.6000,1,1,2,4,1,1,2,2,1,1
SF,IF2011,2020-09-30 09:31:06.600,4575.6000,4497,0,142906620.000,0,-,-,-,-,4575.8000,4575.6000,4568.0000,4540.0000,4488.0000,4579.2000,4579.4000,4580.4000,4580.6000,4581.4000,3,4,1,2,1,1,2,1,1,1
SF,IF2011,2020-09-30 09:31:07.100,4575.6000,4497,0,142906620.000,0,-,-,-,-,4575.8000,4575.6000,4568.0000,4540.0000,4488.0000,4578.0000,4579.0000,4579.2000,4579.4000,4580.4000,2,4,1,2,1,1,1,1,2,1
SF,IF2011,2020-09-30 09:31:07.600,4575.6000,4497,0,142906620.000,0,-,-,-,-,4575.8000,4575.6000,4575.2000,4568.0000,4540.0000,4577.8000,4578.0000,4579.2000,4579.4000,4580.4000,2,4,1,1,2,1,1,1,2,1
SF,IF2011,2020-09-30 09:31:08.100,4575.6000,4497,0,142906620.000,0,-,-,-,-,4576.0000,4575.8000,4575.6000,4575.2000,4568.0000,4577.8000,4578.0000,4579.2000,4579.4000,4580.4000,1,2,4,1,1,1,1,1,2,1
SF,IF2011,2020-09-30 09:31:08.600,4575.6000,4497,0,142906620.000,0,-,-,-,-,4576.0000,4575.8000,4575.6000,4575.2000,4568.0000,4577.8000,4578.0000,4579.2000,4579.4000,4580.4000,1,2,4,1,1,1,1,1,2,1
SF,IF2011,2020-09-30 09:31:09.600,4575.6000,4497,0,142906620.000,0,-,-,-,-,4576.4000,4576.0000,4575.8000,4575.6000,4575.2000,4577.8000,4579.2000,4579.4000,4580.4000,4580.6000,1,2,1,4,1,1,1,2,1,1
SF,IF2011,2020-09-30 09:31:10.100,4575.6000,4497,0,142906620.000,0,-,-,-,-,4576.4000,4576.2000,4576.0000,4575.8000,4575.6000,4579.2000,4579.4000,4580.4000,4580.6000,4581.4000,1,1,3,1,4,1,2,1,1,1
SF,IF2011,2020-09-30 09:31:10.600,4575.6000,4497,0,142906620.000,0,-,-,-,-,4576.8000,4576.6000,4576.4000,4576.2000,4576.0000,4579.0000,4579.2000,4579.4000,4580.4000,4580.6000,2,3,1,2,3,1,2,2,1,1
SF,IF2011,2020-09-30 09:31:11.100,4575.6000,4497,0,142906620.000,0,-,-,-,-,4577.0000,4576.8000,4576.6000,4576.4000,4576.2000,4579.0000,4579.2000,4579.4000,4580.4000,4580.6000,1,2,3,1,2,1,2,2,1,1
SF,IF2011,2020-09-30 09:31:12.100,4575.6000,4497,0,142906620.000,0,-,-,-,-,4577.0000,4576.8000,4576.6000,4576.4000,4576.2000,4579.0000,4579.2000,4579.4000,4580.4000,4580.6000,1,2,3,1,1,1,2,2,1,1
SF,IF2011,2020-09-30 09:31:12.600,4575.6000,4497,0,142906620.000,0,-,-,-,-,4577.4000,4577.2000,4577.0000,4576.8000,4576.6000,4579.0000,4579.2000,4579.4000,4580.4000,4580.6000,2,1,1,2,2,1,2,2,1,1
SF,IF2011,2020-09-30 09:31:13.100,4575.6000,4497,0,142906620.000,0,-,-,-,-,4577.2000,4577.0000,4576.8000,4576.6000,4576.4000,4579.0000,4579.4000,4580.4000,4580.6000,4581.4000,1,1,2,2,1,1,2,1,1,1
SF,IF2011,2020-09-30 09:31:13.600,4577.0000,4497,0,144279720.000,1,0,1,多换,S,4577.4000,4577.2000,4577.0000,4576.8000,4576.6000,4579.0000,4579.4000,4580.4000,4580.6000,4581.4000,2,1,1,2,2,1,2,1,1,1
SF,IF2011,2020-09-30 09:31:14.100,4577.0000,4497,0,144279720.000,0,-,-,-,-,4577.2000,4577.0000,4576.8000,4576.6000,4576.4000,4579.0000,4579.4000,4580.4000,4580.6000,4581.4000,1,1,2,2,1,1,2,1,1,1
SF,IF2011,2020-09-30 09:31:15.100,4577.0000,4497,0,144279720.000,0,-,-,-,-,4577.4000,4577.2000,4577.0000,4576.8000,4576.6000,4579.0000,4579.4000,4580.4000,4580.6000,4581.4000,2,1,1,2,2,1,2,1,1,1
SF,IF2011,2020-09-30 09:31:15.600,4577.0000,4497,0,144279720.000,0,-,-,-,-,4577.4000,4577.2000,4576.8000,4576.6000,4576.4000,4579.0000,4579.4000,4580.4000,4580.6000,4581.4000,3,1,2,2,1,1,2,1,1,1
SF,IF2011,2020-09-30 09:31:16.600,4577.0000,4497,0,144279720.000,0,-,-,-,-,4577.2000,4576.8000,4576.6000,4576.4000,4576.2000,4579.0000,4579.4000,4580.4000,4580.6000,4581.4000,1,2,2,1,1,1,2,1,1,1
SF,IF2011,2020-09-30 09:31:17.100,4577.0000,4497,0,144279720.000,0,-,-,-,-,4577.2000,4576.8000,4576.6000,4576.4000,4576.2000,4579.0000,4579.4000,4580.4000,4580.6000,4581.4000,1,1,2,1,1,1,2,1,1,1
SF,IF2011,2020-09-30 09:31:18.100,4577.0000,4497,0,144279720.000,0,-,-,-,-,4577.2000,4576.8000,4576.6000,4576.4000,4576.2000,4579.0000,4579.4000,4580.4000,4580.6000,4581.4000,1,1,2,1,1,1,2,1,1,1
SF,IF2011,2020-09-30 09:31:18.600,4577.0000,4497,0,144279720.000,0,-,-,-,-,4577.2000,4576.8000,4576.6000,4576.4000,4576.2000,4579.0000,4579.4000,4580.4000,4580.6000,4581.4000,1,1,2,1,1,1,2,1,1,1
SF,IF2011,2020-09-30 09:31:19.600,4577.0000,4497,0,144279720.000,0,-,-,-,-,4577.2000,4576.8000,4576.6000,4576.4000,4576.0000,4579.0000,4579.4000,4580.4000,4580.6000,4581.4000,1,1,2,1,1,1,2,1,1,1
SF,IF2011,2020-09-30 09:31:20.600,4579.0000,4497,0,145653420.000,1,0,1,多换,S,4579.0000,4576.4000,4576.0000,4575.8000,4575.4000,4579.4000,4580.4000,4580.6000,4581.4000,4582.0000,3,1,1,1,1,2,1,1,1,1
SF,IF2011,2020-09-30 09:31:21.100,4579.0000,4494,-3,149774520.000,3,0,3,双平,S,4576.4000,4576.0000,4575.4000,4570.0000,4568.0000,4579.0000,4579.2000,4579.4000,4580.4000,4580.6000,1,1,1,1,1,1,3,3,1,1
SF,IF2011,2020-09-30 09:31:21.600,4579.0000,4494,0,149774520.000,0,-,-,-,-,4576.4000,4576.0000,4575.4000,4570.0000,4568.0000,4578.6000,4578.8000,4579.2000,4579.4000,4580.4000,1,1,1,1,1,1,1,3,3,1
SF,IF2011,2020-09-30 09:31:22.100,4579.0000,4494,0,149774520.000,0,-,-,-,-,4575.4000,4570.0000,4568.0000,4540.0000,4488.0000,4578.0000,4578.4000,4578.6000,4579.0000,4579.2000,1,1,1,2,1,1,1,1,1,2
SF,IF2011,2020-09-30 09:31:22.600,4579.0000,4494,0,149774520.000,0,-,-,-,-,4575.2000,4570.0000,4568.0000,4540.0000,4488.0000,4577.4000,4577.8000,4578.0000,4579.0000,4579.4000,1,1,1,2,1,2,2,1,1,3
SF,IF2011,2020-09-30 09:31:23.100,4579.0000,4494,0,149774520.000,0,-,-,-,-,4570.0000,4568.0000,4540.0000,4488.0000,4479.4000,4577.2000,4577.4000,4578.0000,4579.0000,4579.4000,1,1,2,1,1,2,2,1,1,3
SF,IF2011,2020-09-30 09:31:23.600,4579.0000,4494,0,149774520.000,0,-,-,-,-,4574.8000,4574.6000,4574.4000,4574.2000,4573.8000,4577.2000,4577.4000,4578.0000,4579.0000,4579.4000,1,1,2,1,4,2,2,1,1,3
SF,IF2011,2020-09-30 09:31:24.100,4579.0000,4494,0,149774520.000,0,-,-,-,-,4574.4000,4574.2000,4573.8000,4573.0000,4572.8000,4577.2000,4577.4000,4578.0000,4579.0000,4579.4000,2,1,4,1,1,2,2,1,1,3
SF,IF2011,2020-09-30 09:31:24.600,4579.0000,4494,0,149774520.000,0,-,-,-,-,4575.2000,4575.0000,4574.4000,4573.8000,4573.0000,4577.2000,4578.0000,4579.0000,4579.4000,4580.4000,2,1,2,2,1,2,1,1,4,1
SF,IF2011,2020-09-30 09:31:25.100,4579.0000,4494,0,149774520.000,0,-,-,-,-,4575.6000,4575.4000,4575.2000,4574.6000,4574.4000,4577.2000,4578.0000,4579.0000,4579.4000,4580.4000,3,1,2,1,1,2,1,1,3,1
SF,IF2011,2020-09-30 09:31:25.600,4579.0000,4494,0,149774520.000,0,-,-,-,-,4575.4000,4575.2000,4574.6000,4574.4000,4573.0000,4577.2000,4578.0000,4579.0000,4579.4000,4580.4000,1,2,1,1,1,2,1,1,3,1
SF,IF2011,2020-09-30 09:31:26.100,4579.0000,4494,0,149774520.000,0,-,-,-,-,4575.4000,4575.2000,4574.6000,4574.4000,4573.0000,4577.2000,4578.0000,4579.0000,4579.4000,4580.4000,1,2,1,1,1,2,1,1,3,1
SF,IF2011,2020-09-30 09:31:26.600,4579.0000,4494,0,149774520.000,0,-,-,-,-,4575.6000,4575.4000,4574.6000,4574.4000,4573.0000,4577.2000,4578.0000,4579.0000,4579.4000,4580.4000,1,1,1,1,1,2,1,1,2,1
SF,IF2011,2020-09-30 09:31:27.100,4575.6000,4493,-1,151147200.000,1,0,1,双平,S,4574.6000,4574.4000,4573.0000,4572.8000,4570.0000,4575.6000,4576.8000,4577.2000,4579.0000,4579.4000,1,1,1,1,1,1,1,2,1,2
SF,IF2011,2020-09-30 09:31:27.600,4575.6000,4493,0,151147200.000,0,-,-,-,-,4574.4000,4573.0000,4572.8000,4570.0000,4540.0000,4575.4000,4576.8000,4577.2000,4579.0000,4579.4000,1,1,1,1,2,1,1,1,1,2
SF,IF2011,2020-09-30 09:31:28.100,4575.6000,4492,-1,152519880.000,1,0,1,双平,S,4574.4000,4573.0000,4572.8000,4570.0000,4540.0000,4575.4000,4576.8000,4577.2000,4579.0000,4579.4000,1,1,1,1,2,1,1,1,1,2
SF,IF2011,2020-09-30 09:31:28.600,4575.6000,4492,0,152519880.000,0,-,-,-,-,4573.0000,4572.8000,4572.2000,4570.0000,4540.0000,4575.4000,4576.8000,4577.2000,4579.0000,4579.4000,1,1,1,1,2,1,1,1,1,2
SF,IF2011,2020-09-30 09:31:29.100,4575.4000,4491,-1,155265120.000,2,0,2,多平,S,4574.4000,4574.2000,4573.8000,4573.2000,4573.0000,4576.8000,4579.0000,4579.4000,4579.8000,4580.4000,2,2,4,2,1,1,1,2,1,1
SF,IF2011,2020-09-30 09:31:29.600,4575.4000,4491,0,155265120.000,0,-,-,-,-,4574.6000,4574.2000,4573.8000,4573.2000,4573.0000,4579.0000,4579.4000,4579.8000,4580.4000,4580.6000,1,1,4,1,1,1,2,1,1,1
SF,IF2011,2020-09-30 09:31:30.100,4575.4000,4491,0,155265120.000,0,-,-,-,-,4574.8000,4574.6000,4574.4000,4573.8000,4573.2000,4576.8000,4577.4000,4578.0000,4578.6000,4578.8000,1,2,1,4,1,1,2,1,1,5
SF,IF2011,2020-09-30 09:31:30.600,4575.4000,4491,0,155265120.000,0,-,-,-,-,4575.2000,4575.0000,4574.8000,4574.4000,4573.8000,4576.8000,4577.4000,4578.0000,4578.6000,4578.8000,2,1,1,1,4,1,2,1,1,5
SF,IF2011,2020-09-30 09:31:31.100,4575.4000,4491,0,155265120.000,0,-,-,-,-,4575.2000,4575.0000,4573.8000,4573.2000,4573.0000,4576.8000,4577.4000,4578.0000,4578.6000,4578.8000,2,1,4,1,1,1,2,1,1,5
SF,IF2011,2020-09-30 09:31:31.600,4575.4000,4491,0,155265120.000,0,-,-,-,-,4575.0000,4573.8000,4573.2000,4573.0000,4572.8000,4577.4000,4578.0000,4578.6000,4578.8000,4579.0000,1,4,1,1,1,2,1,1,4,1
SF,IF2011,2020-09-30 09:31:32.100,4575.4000,4491,0,155265120.000,0,-,-,-,-,4575.0000,4573.8000,4573.2000,4573.0000,4572.8000,4576.8000,4577.4000,4578.0000,4578.6000,4578.8000,1,4,1,1,1,1,2,1,1,5
SF,IF2011,2020-09-30 09:31:32.600,4575.0000,4491,0,156637620.000,1,0,1,多换,S,4573.8000,4573.2000,4573.0000,4572.8000,4572.2000,4577.4000,4578.0000,4578.6000,4578.8000,4579.0000,4,1,1,1,1,2,1,1,5,1
SF,IF2011,2020-09-30 09:31:33.100,4575.0000,4491,0,156637620.000,0,-,-,-,-,4573.8000,4573.2000,4573.0000,4572.8000,4572.2000,4576.8000,4577.2000,4577.4000,4578.0000,4578.6000,4,1,1,1,1,1,1,2,1,1
SF,IF2011,2020-09-30 09:31:33.600,4575.0000,4491,0,156637620.000,0,-,-,-,-,4573.8000,4573.2000,4573.0000,4572.8000,4572.2000,4576.6000,4576.8000,4577.4000,4578.0000,4578.6000,4,1,1,1,1,1,1,2,1,1
SF,IF2011,2020-09-30 09:31:34.600,4575.0000,4491,0,156637620.000,0,-,-,-,-,4575.4000,4574.4000,4573.8000,4573.2000,4573.0000,4576.6000,4576.8000,4577.4000,4578.0000,4578.6000,1,1,4,1,1,1,1,2,1,1
SF,IF2011,2020-09-30 09:31:35.100,4575.0000,4491,0,156637620.000,0,-,-,-,-,4576.6000,4575.4000,4574.4000,4574.2000,4573.8000,4576.8000,4577.4000,4578.0000,4578.8000,4579.0000,1,1,1,1,4,1,2,1,2,1
SF,IF2011,2020-09-30 09:31:35.600,4576.6000,4489,-2,159383580.000,2,0,2,双平,S,4575.4000,4574.2000,4573.8000,4573.0000,4572.8000,4576.8000,4577.4000,4578.0000,4578.8000,4579.0000,1,1,4,1,1,1,2,1,2,1
SF,IF2011,2020-09-30 09:31:36.100,4575.4000,4489,0,160756200.000,1,0,1,多换,S,4573.8000,4573.0000,4572.8000,4572.0000,4540.0000,4576.8000,4577.4000,4578.0000,4578.8000,4579.0000,4,1,1,1,2,1,2,1,2,1
SF,IF2011,2020-09-30 09:31:36.600,4575.4000,4489,0,160756200.000,0,-,-,-,-,4573.8000,4573.0000,4572.8000,4572.0000,4570.0000,4576.6000,4576.8000,4577.4000,4578.0000,4578.8000,4,1,1,1,1,1,1,2,1,2
SF,IF2011,2020-09-30 09:31:37.100,4575.4000,4489,0,160756200.000,0,-,-,-,-,4573.8000,4573.0000,4572.8000,4572.2000,4572.0000,4576.6000,4576.8000,4577.4000,4578.0000,4578.8000,4,1,1,1,1,1,1,2,1,2
SF,IF2011,2020-09-30 09:31:37.600,4575.4000,4489,0,160756200.000,0,-,-,-,-,4574.0000,4573.8000,4573.0000,4572.8000,4572.2000,4576.4000,4576.6000,4576.8000,4577.4000,4578.0000,1,4,1,1,1,1,1,1,2,1
SF,IF2011,2020-09-30 09:31:38.100,4575.4000,4489,0,160756200.000,0,-,-,-,-,4574.2000,4574.0000,4573.8000,4573.0000,4572.8000,4576.2000,4576.4000,4576.8000,4577.4000,4578.0000,1,1,4,1,1,1,1,1,2,1
SF,IF2011,2020-09-30 09:31:38.600,4575.4000,4489,0,160756200.000,0,-,-,-,-,4574.2000,4574.0000,4573.0000,4572.8000,4572.2000,4575.6000,4576.2000,4576.4000,4578.8000,4579.0000,1,2,1,1,1,3,1,1,2,1
SF,IF2011,2020-09-30 09:31:39.100,4575.6000,4489,0,162128880.000,1,0,1,多换,S,4574.0000,4573.0000,4572.8000,4572.2000,4570.0000,4576.2000,4576.4000,4578.8000,4579.0000,4579.4000,1,1,1,1,1,1,1,2,1,2
SF,IF2011,2020-09-30 09:31:40.100,4575.6000,4489,0,162128880.000,0,-,-,-,-,4574.0000,4573.0000,4572.8000,4572.2000,4570.0000,4576.2000,4578.8000,4579.0000,4579.4000,4580.4000,1,1,1,1,1,1,2,1,2,1
SF,IF2011,2020-09-30 09:31:40.600,4575.6000,4489,0,162128880.000,0,-,-,-,-,4574.0000,4573.0000,4572.8000,4572.2000,4570.0000,4575.6000,4576.0000,4576.2000,4576.8000,4578.8000,1,1,1,1,1,2,1,1,1,2
SF,IF2011,2020-09-30 09:31:41.100,4575.6000,4489,0,162128880.000,0,-,-,-,-,4574.0000,4573.0000,4572.8000,4572.2000,4570.0000,4576.0000,4576.2000,4576.8000,4578.8000,4579.0000,1,1,1,1,1,1,1,1,2,1
SF,IF2011,2020-09-30 09:31:41.600,4575.6000,4489,0,162128880.000,0,-,-,-,-,4574.0000,4573.0000,4572.8000,4572.2000,4570.0000,4575.8000,4576.0000,4576.8000,4578.8000,4579.0000,1,1,1,1,1,1,1,1,2,1
SF,IF2011,2020-09-30 09:31:44.100,4575.6000,4489,0,162128880.000,0,-,-,-,-,4574.0000,4573.0000,4572.8000,4572.2000,4570.0000,4575.8000,4576.8000,4578.8000,4579.0000,4579.4000,1,1,1,1,1,1,1,2,1,2
SF,IF2011,2020-09-30 09:31:46.100,4575.6000,4489,0,162128880.000,0,-,-,-,-,4574.4000,4574.0000,4573.0000,4572.8000,4570.0000,4575.8000,4576.8000,4578.8000,4579.0000,4579.4000,1,1,1,1,1,1,1,2,1,2
SF,IF2011,2020-09-30 09:31:46.600,4575.6000,4489,0,162128880.000,0,-,-,-,-,4574.4000,4574.2000,4574.0000,4573.0000,4572.8000,4576.8000,4578.8000,4579.0000,4579.4000,4580.4000,1,2,1,1,1,1,2,1,2,1
SF,IF2011,2020-09-30 09:31:47.100,4575.6000,4489,0,162128880.000,0,-,-,-,-,4574.4000,4574.2000,4574.0000,4573.0000,4572.8000,4576.6000,4576.8000,4578.8000,4579.0000,4579.4000,1,1,1,1,1,1,2,2,1,2
SF,IF2011,2020-09-30 09:31:47.600,4575.6000,4489,0,162128880.000,0,-,-,-,-,4574.6000,4574.0000,4573.0000,4572.8000,4570.0000,4576.6000,4576.8000,4578.8000,4579.0000,4579.4000,1,1,1,1,1,1,2,2,1,2
SF,IF2011,2020-09-30 09:31:48.100,4575.6000,4489,0,162128880.000,0,-,-,-,-,4574.0000,4573.0000,4572.8000,4570.0000,4540.0000,4576.6000,4576.8000,4578.8000,4579.0000,4579.4000,1,1,1,1,2,1,2,2,1,2
SF,IF2011,2020-09-30 09:31:48.600,4575.6000,4489,0,162128880.000,0,-,-,-,-,4574.0000,4573.0000,4572.8000,4570.0000,4540.0000,4576.6000,4576.8000,4578.8000,4579.0000,4579.2000,1,1,1,1,2,1,2,2,1,1
SF,IF2011,2020-09-30 09:31:49.100,4575.6000,4489,0,162128880.000,0,-,-,-,-,4574.0000,4573.0000,4572.8000,4570.0000,4540.0000,4575.6000,4576.6000,4576.8000,4578.8000,4579.0000,1,1,1,1,2,2,2,1,2,1
SF,IF2011,2020-09-30 09:31:49.600,4575.6000,4489,0,162128880.000,0,-,-,-,-,4574.0000,4573.0000,4572.8000,4570.0000,4540.0000,4576.6000,4576.8000,4578.8000,4579.0000,4579.2000,1,1,1,1,2,1,1,2,1,1
SF,IF2011,2020-09-30 09:31:50.600,4575.6000,4489,0,162128880.000,0,-,-,-,-,4574.0000,4573.0000,4572.8000,4570.0000,4540.0000,4575.6000,4576.6000,4576.8000,4578.8000,4579.0000,1,1,1,1,2,2,2,1,2,1
SF,IF2011,2020-09-30 09:31:51.100,4575.6000,4489,0,162128880.000,0,-,-,-,-,4574.0000,4573.0000,4572.8000,4570.0000,4540.0000,4576.4000,4576.6000,4576.8000,4578.8000,4579.0000,1,1,1,1,2,1,2,1,2,1
SF,IF2011,2020-09-30 09:31:51.600,4575.6000,4489,0,162128880.000,0,-,-,-,-,4574.0000,4573.0000,4572.8000,4570.0000,4540.0000,4575.6000,4576.2000,4576.4000,4576.6000,4576.8000,1,1,1,1,2,2,2,1,1,1
SF,IF2011,2020-09-30 09:31:52.100,4575.6000,4489,0,162128880.000,0,-,-,-,-,4574.0000,4573.0000,4572.8000,4570.0000,4540.0000,4575.6000,4576.2000,4576.4000,4576.6000,4576.8000,1,1,1,1,2,2,2,1,1,1
SF,IF2011,2020-09-30 09:31:52.600,4575.6000,4489,0,162128880.000,0,-,-,-,-,4574.0000,4573.0000,4572.8000,4570.0000,4540.0000,4575.6000,4576.2000,4576.4000,4576.6000,4576.8000,1,1,1,1,2,2,2,1,1,1
SF,IF2011,2020-09-30 09:31:53.100,4575.6000,4489,0,162128880.000,0,-,-,-,-,4574.0000,4573.0000,4572.8000,4570.0000,4568.6000,4576.2000,4576.4000,4576.8000,4578.8000,4579.0000,1,1,1,1,1,1,1,1,2,1
SF,IF2011,2020-09-30 09:31:53.600,4575.6000,4489,0,162128880.000,0,-,-,-,-,4574.0000,4573.0000,4572.8000,4570.0000,4568.6000,4576.2000,4576.4000,4576.8000,4577.4000,4578.8000,1,1,1,1,1,1,1,1,1,2
SF,IF2011,2020-09-30 09:31:55.600,4575.6000,4489,0,162128880.000,0,-,-,-,-,4574.0000,4573.0000,4572.8000,4570.0000,4568.6000,4575.6000,4576.2000,4576.4000,4576.8000,4578.8000,1,1,1,1,1,2,1,1,1,2
SF,IF2011,2020-09-30 09:31:56.100,4575.6000,4489,0,162128880.000,0,-,-,-,-,4574.0000,4573.0000,4572.8000,4570.0000,4568.6000,4575.6000,4576.0000,4576.2000,4576.4000,4576.8000,1,1,1,1,1,2,1,1,1,1
SF,IF2011,2020-09-30 09:31:56.600,4574.0000,4489,0,163501080.000,1,0,1,多换,S,4573.0000,4572.8000,4570.0000,4568.6000,4540.0000,4574.0000,4575.6000,4576.0000,4576.2000,4576.4000,1,1,1,1,2,1,2,1,1,1
SF,IF2011,2020-09-30 09:31:57.100,4574.0000,4489,0,163501080.000,0,-,-,-,-,4574.4000,4573.0000,4570.0000,4568.6000,4540.0000,4575.6000,4576.0000,4576.2000,4576.4000,4576.8000,2,1,1,1,2,2,1,1,1,1
SF,IF2011,2020-09-30 09:31:57.600,4574.4000,4487,-2,166245720.000,2,0,2,双平,S,4570.0000,4568.6000,4540.0000,4488.0000,4479.4000,4575.6000,4576.2000,4576.4000,4576.8000,4578.8000,1,1,2,1,1,2,1,1,1,2
SF,IF2011,2020-09-30 09:31:58.100,4574.4000,4487,0,166245720.000,0,-,-,-,-,4572.4000,4572.0000,4570.0000,4568.6000,4540.0000,4575.4000,4575.6000,4576.8000,4578.8000,4579.0000,3,5,1,1,2,1,2,1,1,1
SF,IF2011,2020-09-30 09:31:58.600,4574.4000,4487,0,166245720.000,0,-,-,-,-,4572.4000,4572.0000,4570.0000,4568.6000,4540.0000,4575.2000,4575.4000,4575.6000,4576.0000,4576.8000,3,5,1,1,2,1,1,2,1,1
SF,IF2011,2020-09-30 09:31:59.100,4574.4000,4487,0,166245720.000,0,-,-,-,-,4572.4000,4572.0000,4570.0000,4568.6000,4540.0000,4574.4000,4575.0000,4575.2000,4575.6000,4576.0000,1,5,1,1,2,1,1,2,1,1
SF,IF2011,2020-09-30 09:31:59.600,4574.4000,4487,0,166245720.000,0,-,-,-,-,4572.0000,4570.0000,4568.6000,4540.0000,4488.0000,4574.2000,4574.4000,4575.0000,4575.2000,4575.6000,5,1,1,2,1,1,1,1,2,1
SF,IF2011,2020-09-30 09:32:00.100,4574.4000,4487,0,166245720.000,0,-,-,-,-,4572.0000,4570.0000,4568.6000,4540.0000,4488.0000,4574.2000,4574.4000,4575.0000,4575.2000,4575.6000,1,1,1,2,1,1,1,2,2,1
SF,IF2011,2020-09-30 09:32:00.600,4574.4000,4487,0,166245720.000,0,-,-,-,-,4570.0000,4568.6000,4540.0000,4488.0000,4479.4000,4573.8000,4574.2000,4574.4000,4575.0000,4575.2000,1,1,2,1,1,1,1,1,1,2
SF,IF2011,2020-09-30 09:32:01.100,4574.4000,4487,0,166245720.000,0,-,-,-,-,4571.2000,4571.0000,4570.8000,4570.2000,4570.0000,4573.6000,4573.8000,4574.4000,4575.0000,4575.2000,1,2,1,3,1,1,1,1,1,2
SF,IF2011,2020-09-30 09:32:01.600,4574.4000,4487,0,166245720.000,0,-,-,-,-,4571.4000,4571.0000,4570.8000,4570.2000,4570.0000,4573.6000,4573.8000,4574.4000,4575.0000,4575.2000,1,2,1,3,1,1,1,1,1,2
SF,IF2011,2020-09-30 09:32:02.600,4574.4000,4487,0,166245720.000,0,-,-,-,-,4571.4000,4571.0000,4570.8000,4570.2000,4570.0000,4573.2000,4573.6000,4573.8000,4575.0000,4575.2000,1,2,1,3,1,1,1,1,1,1
SF,IF2011,2020-09-30 09:32:03.100,4574.4000,4487,0,166245720.000,0,-,-,-,-,4571.0000,4570.8000,4570.2000,4570.0000,4568.6000,4573.6000,4573.8000,4575.0000,4575.2000,4576.8000,2,1,3,1,1,1,1,1,1,1
SF,IF2011,2020-09-30 09:32:03.600,4574.4000,4487,0,166245720.000,0,-,-,-,-,4572.0000,4571.6000,4571.0000,4570.8000,4570.2000,4573.6000,4573.8000,4575.0000,4575.2000,4576.8000,1,1,2,1,3,1,1,1,1,1
SF,IF2011,2020-09-30 09:32:04.100,4574.4000,4487,0,166245720.000,0,-,-,-,-,4571.6000,4571.0000,4570.8000,4570.2000,4570.0000,4573.6000,4573.8000,4575.0000,4575.2000,4576.8000,1,2,1,3,1,1,1,1,1,1
SF,IF2011,2020-09-30 09:32:04.600,4574.4000,4487,0,166245720.000,0,-,-,-,-,4571.6000,4571.0000,4570.8000,4570.2000,4570.0000,4573.4000,4573.6000,4573.8000,4575.2000,4576.8000,1,2,1,3,1,1,1,1,1,1
SF,IF2011,2020-09-30 09:32:05.100,4574.4000,4487,0,166245720.000,0,-,-,-,-,4572.0000,4571.6000,4571.0000,4570.8000,4570.2000,4573.4000,4573.6000,4573.8000,4575.2000,4576.8000,1,1,2,1,3,1,1,1,1,1
SF,IF2011,2020-09-30 09:32:05.600,4574.4000,4487,0,166245720.000,0,-,-,-,-,4571.6000,4571.0000,4570.8000,4570.2000,4570.0000,4573.4000,4573.6000,4573.8000,4574.0000,4575.2000,1,2,1,3,1,1,1,1,1,1
SF,IF2011,2020-09-30 09:32:06.100,4574.4000,4487,0,166245720.000,0,-,-,-,-,4571.6000,4571.0000,4570.8000,4570.6000,4570.4000,4573.2000,4573.4000,4573.6000,4573.8000,4574.0000,1,2,1,1,1,1,1,1,1,1
SF,IF2011,2020-09-30 09:32:06.600,4574.4000,4487,0,166245720.000,0,-,-,-,-,4571.6000,4571.0000,4570.8000,4570.6000,4570.4000,4573.2000,4573.4000,4573.6000,4573.8000,4576.8000,1,2,1,1,1,2,1,1,1,1
SF,IF2011,2020-09-30 09:32:07.100,4571.6000,4486,-1,167617200.000,1,0,1,双平,S,4571.0000,4570.8000,4570.6000,4570.4000,4570.2000,4571.6000,4573.2000,4573.4000,4573.6000,4573.8000,2,1,1,1,3,1,1,1,1,1
SF,IF2011,2020-09-30 09:32:07.600,4573.2000,4485,-1,170360640.000,2,0,2,多平,S,4573.2000,4571.0000,4570.8000,4570.6000,4570.4000,4573.4000,4573.6000,4573.8000,4576.8000,4578.8000,1,2,1,1,1,1,1,1,1,1
SF,IF2011,2020-09-30 09:32:08.100,4573.2000,4484,-1,173104560.000,2,0,2,多平,S,4571.0000,4570.8000,4570.6000,4570.4000,4570.2000,4573.2000,4573.4000,4573.8000,4574.0000,4576.8000,2,1,1,1,3,2,1,1,1,1
SF,IF2011,2020-09-30 09:32:08.600,4573.2000,4484,0,174476520.000,1,0,1,多换,S,4572.0000,4571.8000,4571.2000,4571.0000,4570.6000,4573.4000,4574.0000,4576.8000,4578.8000,4579.0000,6,1,1,2,1,1,1,1,1,1
SF,IF2011,2020-09-30 09:32:09.100,4573.2000,4484,0,174476520.000,0,-,-,-,-,4572.0000,4571.8000,4571.6000,4571.2000,4571.0000,4574.0000,4576.8000,4578.8000,4579.0000,4579.4000,1,1,1,1,2,1,1,1,1,2
SF,IF2011,2020-09-30 09:32:09.600,4573.2000,4484,0,174476520.000,0,-,-,-,-,4572.2000,4571.8000,4571.6000,4571.0000,4570.6000,4573.2000,4573.8000,4574.0000,4576.8000,4578.8000,1,1,3,2,1,1,1,1,1,1
SF,IF2011,2020-09-30 09:32:10.100,4573.2000,4484,0,174476520.000,0,-,-,-,-,4571.8000,4571.6000,4571.0000,4570.6000,4570.4000,4573.8000,4574.0000,4576.8000,4578.8000,4579.0000,1,2,2,1,1,1,1,1,1,1
SF,IF2011,2020-09-30 09:32:10.600,4573.2000,4484,0,174476520.000,0,-,-,-,-,4572.0000,4571.8000,4571.0000,4570.6000,4570.4000,4573.2000,4573.6000,4573.8000,4574.0000,4576.8000,1,1,2,1,3,1,1,1,1,1
SF,IF2011,2020-09-30 09:32:11.100,4573.2000,4484,0,174476520.000,0,-,-,-,-,4571.8000,4571.0000,4570.6000,4570.4000,4570.0000,4573.2000,4573.6000,4573.8000,4574.0000,4576.8000,1,2,1,3,1,1,1,1,1,1
SF,IF2011,2020-09-30 09:32:12.100,4573.2000,4484,0,174476520.000,0,-,-,-,-,4571.8000,4570.6000,4570.4000,4570.0000,4540.0000,4573.0000,4573.2000,4573.6000,4573.8000,4574.0000,1,1,3,1,2,1,1,1,1,1
SF,IF2011,2020-09-30 09:32:12.600,4573.2000,4484,0,174476520.000,0,-,-,-,-,4571.8000,4570.6000,4570.4000,4570.0000,4540.0000,4573.0000,4573.2000,4573.6000,4573.8000,4574.0000,1,1,3,1,2,1,1,1,1,1
SF,IF2011,2020-09-30 09:32:13.100,4573.2000,4484,0,174476520.000,0,-,-,-,-,4571.8000,4570.6000,4570.4000,4570.0000,4540.0000,4573.0000,4573.2000,4573.6000,4573.8000,4574.0000,1,1,1,1,2,1,1,1,1,1
SF,IF2011,2020-09-30 09:32:13.600,4573.2000,4484,0,174476520.000,0,-,-,-,-,4571.8000,4570.6000,4570.4000,4570.0000,4566.8000,4573.0000,4573.2000,4573.6000,4573.8000,4574.0000,1,1,1,1,1,1,1,1,1,1
SF,IF2011,2020-09-30 09:32:14.100,4571.8000,4483,-1,175848060.000,1,0,1,双平,S,4570.6000,4570.4000,4570.0000,4566.8000,4540.0000,4571.8000,4573.0000,4573.2000,4573.6000,4573.8000,1,1,1,1,2,1,1,1,1,1
SF,IF2011,2020-09-30 09:32:14.600,4571.8000,4482,-1,177219600.000,1,0,1,双平,S,4571.0000,4570.8000,4570.6000,4570.4000,4570.0000,4573.8000,4574.0000,4578.8000,4579.0000,4579.4000,2,1,1,1,1,1,1,1,1,2
SF,IF2011,2020-09-30 09:32:15.100,4571.8000,4482,0,177219600.000,0,-,-,-,-,4571.2000,4571.0000,4570.8000,4570.6000,4570.4000,4573.2000,4573.8000,4574.0000,4578.8000,4579.0000,1,2,1,1,1,1,1,1,1,1
SF,IF2011,2020-09-30 09:32:16.600,4571.8000,4482,0,177219600.000,0,-,-,-,-,4571.2000,4570.6000,4570.4000,4570.0000,4566.8000,4573.2000,4573.8000,4574.0000,4578.8000,4579.0000,1,1,1,1,1,1,1,1,1,1
SF,IF2011,2020-09-30 09:32:17.100,4571.8000,4482,0,177219600.000,0,-,-,-,-,4571.2000,4570.6000,4570.4000,4570.0000,4566.8000,4573.0000,4573.2000,4573.8000,4574.0000,4578.8000,1,1,1,1,1,1,1,1,1,1
SF,IF2011,2020-09-30 09:32:21.100,4571.8000,4482,0,177219600.000,0,-,-,-,-,4571.2000,4570.6000,4570.4000,4570.0000,4566.8000,4573.0000,4573.8000,4574.0000,4578.8000,4579.0000,1,1,1,1,1,1,1,1,1,1
SF,IF2011,2020-09-30 09:32:21.600,4571.8000,4482,0,177219600.000,0,-,-,-,-,4571.2000,4570.6000,4570.4000,4570.0000,4566.8000,4573.8000,4574.0000,4578.8000,4579.0000,4579.4000,1,1,1,1,1,1,1,1,1,2
SF,IF2011,2020-09-30 09:32:22.100,4571.8000,4482,0,177219600.000,0,-,-,-,-,4572.0000,4571.4000,4571.2000,4570.6000,4570.4000,4573.8000,4574.0000,4578.8000,4579.0000,4579.4000,1,1,1,1,1,1,1,1,1,2
SF,IF2011,2020-09-30 09:32:22.600,4571.8000,4482,0,177219600.000,0,-,-,-,-,4572.0000,4571.4000,4571.2000,4570.6000,4570.4000,4574.0000,4578.8000,4579.0000,4579.4000,4580.6000,1,1,1,1,1,1,1,1,2,1
SF,IF2011,2020-09-30 09:32:23.100,4571.8000,4482,0,177219600.000,0,-,-,-,-,4573.0000,4572.2000,4572.0000,4571.4000,4570.6000,4574.0000,4578.8000,4579.0000,4579.4000,4580.6000,1,1,6,1,1,1,1,1,2,1
SF,IF2011,2020-09-30 09:32:24.100,4571.8000,4482,0,177219600.000,0,-,-,-,-,4573.0000,4572.2000,4572.0000,4571.4000,4570.6000,4574.0000,4578.8000,4579.0000,4579.4000,4580.6000,1,1,7,1,1,1,1,1,2,1
SF,IF2011,2020-09-30 09:32:25.100,4571.8000,4482,0,177219600.000,0,-,-,-,-,4573.0000,4572.2000,4572.0000,4571.4000,4570.6000,4574.0000,4578.8000,4579.0000,4579.4000,4580.6000,1,1,1,1,1,1,1,1,2,1
SF,IF2011,2020-09-30 09:32:25.600,4571.8000,4482,0,177219600.000,0,-,-,-,-,4573.0000,4572.2000,4571.4000,4570.6000,4570.4000,4573.8000,4574.0000,4578.8000,4579.0000,4579.4000,1,1,1,1,1,1,1,1,1,2
SF,IF2011,2020-09-30 09:32:26.100,4571.8000,4482,0,177219600.000,0,-,-,-,-,4573.0000,4572.2000,4571.4000,4570.6000,4570.4000,4574.0000,4578.8000,4579.0000,4579.4000,4580.6000,1,1,1,1,1,1,1,1,2,1
SF,IF2011,2020-09-30 09:32:28.600,4574.0000,4482,0,178591800.000,1,0,1,多换,S,4573.0000,4572.2000,4571.4000,4570.6000,4570.4000,4578.8000,4579.0000,4579.4000,4580.6000,4581.4000,1,1,1,1,1,1,1,2,1,1
SF,IF2011,2020-09-30 09:32:29.100,4574.0000,4482,0,178591800.000,0,-,-,-,-,4573.2000,4573.0000,4572.2000,4571.4000,4570.6000,4575.6000,4576.2000,4576.4000,4576.6000,4576.8000,1,1,1,1,1,2,1,1,1,2
SF,IF2011,2020-09-30 09:32:29.600,4574.0000,4482,0,178591800.000,0,-,-,-,-,4573.2000,4573.0000,4572.2000,4571.4000,4570.6000,4575.6000,4576.2000,4576.4000,4576.6000,4577.4000,1,1,1,1,1,2,1,1,1,3
SF,IF2011,2020-09-30 09:32:30.100,4574.0000,4482,0,178591800.000,0,-,-,-,-,4573.2000,4573.0000,4572.2000,4571.4000,4570.6000,4575.6000,4576.2000,4576.4000,4576.6000,4577.4000,1,1,1,1,1,2,1,1,1,3
SF,IF2011,2020-09-30 09:32:30.600,4574.0000,4482,0,178591800.000,0,-,-,-,-,4573.2000,4573.0000,4572.2000,4571.4000,4570.6000,4575.6000,4576.2000,4576.4000,4576.6000,4577.4000,1,1,1,1,1,2,1,1,1,3
SF,IF2011,2020-09-30 09:32:31.600,4574.0000,4482,0,178591800.000,0,-,-,-,-,4573.4000,4573.2000,4573.0000,4572.2000,4571.4000,4575.6000,4576.2000,4576.4000,4576.6000,4577.4000,1,2,1,1,1,2,1,1,1,3
SF,IF2011,2020-09-30 09:32:32.100,4574.0000,4482,0,178591800.000,0,-,-,-,-,4573.6000,4573.4000,4573.2000,4573.0000,4572.2000,4575.6000,4576.2000,4576.4000,4576.6000,4577.4000,1,1,1,1,1,2,1,1,1,3
SF,IF2011,2020-09-30 09:32:32.600,4574.0000,4482,0,178591800.000,0,-,-,-,-,4573.8000,4573.6000,4573.4000,4573.2000,4573.0000,4575.6000,4576.4000,4576.6000,4577.4000,4578.0000,1,1,1,1,1,2,1,1,2,2
SF,IF2011,2020-09-30 09:32:33.100,4574.0000,4482,0,178591800.000,0,-,-,-,-,4573.8000,4573.6000,4573.4000,4573.2000,4573.0000,4576.6000,4578.0000,4578.6000,4578.8000,4579.0000,6,1,1,1,1,1,2,4,1,1
SF,IF2011,2020-09-30 09:32:33.600,4574.0000,4482,0,178591800.000,0,-,-,-,-,4574.0000,4573.8000,4573.4000,4573.2000,4573.0000,4578.0000,4578.6000,4578.8000,4579.0000,4579.4000,1,1,1,1,1,1,4,1,1,2
SF,IF2011,2020-09-30 09:32:34.100,4574.0000,4482,0,178591800.000,0,-,-,-,-,4574.0000,4573.8000,4573.4000,4573.2000,4573.0000,4575.6000,4576.6000,4577.4000,4577.8000,4578.0000,1,1,1,1,1,1,1,1,1,3
SF,IF2011,2020-09-30 09:32:34.600,4574.0000,4482,0,178591800.000,0,-,-,-,-,4574.0000,4573.8000,4573.4000,4573.2000,4573.0000,4576.6000,4577.4000,4577.8000,4578.0000,4578.6000,1,1,1,1,1,1,1,1,3,1
SF,IF2011,2020-09-30 09:32:35.600,4574.0000,4482,0,178591800.000,0,-,-,-,-,4574.0000,4573.8000,4573.4000,4573.2000,4573.0000,4575.6000,4576.6000,4577.4000,4577.8000,4578.0000,1,1,1,1,1,1,1,1,1,3
SF,IF2011,2020-09-30 09:32:36.100,4574.0000,4482,0,178591800.000,0,-,-,-,-,4574.0000,4573.8000,4573.4000,4573.2000,4573.0000,4575.6000,4576.6000,4577.8000,4578.0000,4578.6000,1,1,1,1,1,2,1,1,3,1
SF,IF2011,2020-09-30 09:32:36.600,4574.0000,4482,0,179964000.000,1,0,1,多换,S,4573.8000,4573.4000,4573.2000,4573.0000,4572.2000,4575.6000,4576.6000,4577.8000,4578.0000,4578.6000,1,1,1,1,1,2,1,1,3,1
SF,IF2011,2020-09-30 09:32:37.100,4574.0000,4482,0,179964000.000,0,-,-,-,-,4573.4000,4573.0000,4572.2000,4571.4000,4570.4000,4575.6000,4576.6000,4577.8000,4578.0000,4578.6000,1,1,1,1,1,2,1,1,3,1
SF,IF2011,2020-09-30 09:32:37.600,4574.0000,4482,0,179964000.000,0,-,-,-,-,4573.0000,4572.2000,4571.4000,4570.4000,4570.0000,4575.4000,4575.6000,4576.6000,4577.8000,4578.0000,1,1,1,1,1,1,2,1,1,2
SF,IF2011,2020-09-30 09:32:38.100,4574.0000,4482,0,179964000.000,0,-,-,-,-,4573.0000,4572.2000,4571.4000,4570.4000,4570.0000,4575.4000,4575.6000,4576.6000,4577.8000,4578.0000,1,1,1,1,1,1,2,1,1,2
SF,IF2011,2020-09-30 09:32:39.100,4574.0000,4482,0,179964000.000,0,-,-,-,-,4573.0000,4572.2000,4571.4000,4570.4000,4570.0000,4575.4000,4575.6000,4576.6000,4577.8000,4578.0000,2,1,1,1,1,1,2,1,1,2
SF,IF2011,2020-09-30 09:32:39.600,4574.0000,4482,0,179964000.000,0,-,-,-,-,4573.2000,4573.0000,4572.2000,4571.4000,4570.4000,4575.4000,4575.6000,4576.6000,4577.8000,4578.0000,1,1,1,1,1,1,2,1,1,2
SF,IF2011,2020-09-30 09:32:40.600,4574.0000,4482,0,179964000.000,0,-,-,-,-,4573.2000,4573.0000,4572.2000,4571.4000,4570.4000,4574.0000,4575.4000,4575.6000,4576.6000,4577.8000,1,1,1,1,1,1,1,2,1,1
SF,IF2011,2020-09-30 09:32:41.600,4574.0000,4481,-1,181336200.000,1,0,1,双平,S,4573.2000,4573.0000,4572.2000,4571.4000,4570.4000,4574.0000,4575.4000,4575.6000,4576.6000,4577.8000,1,1,1,1,1,1,1,2,1,1
SF,IF2011,2020-09-30 09:32:42.100,4574.0000,4480,-1,184080420.000,2,0,2,多平,S,4573.2000,4573.0000,4572.2000,4571.4000,4570.4000,4575.4000,4575.6000,4576.6000,4577.0000,4577.8000,1,1,1,1,1,1,2,1,1,1
SF,IF2011,2020-09-30 09:32:42.600,4574.0000,4480,0,184080420.000,0,-,-,-,-,4573.2000,4573.0000,4572.2000,4571.4000,4570.4000,4575.2000,4575.4000,4575.6000,4576.6000,4577.0000,1,1,1,1,1,1,1,2,1,1
SF,IF2011,2020-09-30 09:32:43.100,4574.0000,4480,0,184080420.000,0,-,-,-,-,4573.2000,4573.0000,4572.2000,4571.4000,4570.4000,4575.0000,4575.2000,4575.6000,4576.6000,4577.0000,1,1,1,1,1,1,1,2,1,1
SF,IF2011,2020-09-30 09:32:43.600,4574.0000,4480,0,184080420.000,0,-,-,-,-,4573.2000,4573.0000,4572.2000,4571.4000,4570.4000,4575.0000,4575.6000,4576.6000,4577.0000,4577.8000,2,1,1,1,1,1,2,1,1,1
SF,IF2011,2020-09-30 09:32:44.100,4574.0000,4480,0,184080420.000,0,-,-,-,-,4573.4000,4573.2000,4573.0000,4572.2000,4571.4000,4575.0000,4575.6000,4576.6000,4577.0000,4577.8000,2,2,1,1,1,1,2,1,1,1
SF,IF2011,2020-09-30 09:32:44.600,4574.0000,4480,0,184080420.000,0,-,-,-,-,4575.6000,4573.8000,4573.4000,4573.2000,4573.0000,4576.6000,4577.0000,4577.8000,4578.0000,4578.8000,1,2,3,2,1,1,1,1,2,1
SF,IF2011,2020-09-30 09:32:45.100,4575.4000,4479,-1,185453040.000,1,0,1,双平,S,4573.4000,4573.2000,4573.0000,4572.2000,4570.4000,4576.6000,4577.0000,4578.0000,4578.8000,4579.0000,3,2,1,1,1,1,1,2,1,1
SF,IF2011,2020-09-30 09:32:45.600,4575.4000,4479,0,185453040.000,0,-,-,-,-,4573.6000,4573.4000,4573.2000,4573.0000,4572.2000,4576.6000,4577.0000,4578.0000,4578.8000,4579.0000,1,3,2,1,1,1,1,2,1,1
SF,IF2011,2020-09-30 09:32:46.100,4575.4000,4479,0,185453040.000,0,-,-,-,-,4573.8000,4573.6000,4573.4000,4573.2000,4573.0000,4575.6000,4576.6000,4577.0000,4578.0000,4578.8000,1,1,1,2,1,2,1,1,2,1
SF,IF2011,2020-09-30 09:32:49.100,4575.4000,4479,0,185453040.000,0,-,-,-,-,4573.8000,4573.6000,4573.4000,4573.2000,4573.0000,4576.6000,4577.0000,4578.0000,4578.8000,4579.0000,3,1,1,2,1,1,1,1,1,1
SF,IF2011,2020-09-30 09:32:49.600,4575.4000,4479,0,185453040.000,0,-,-,-,-,4574.0000,4573.8000,4573.4000,4573.2000,4573.0000,4576.6000,4577.0000,4578.0000,4578.8000,4579.0000,1,3,1,2,1,1,1,1,1,1
SF,IF2011,2020-09-30 09:32:50.100,4575.4000,4479,0,185453040.000,0,-,-,-,-,4574.0000,4573.8000,4573.4000,4573.2000,4573.0000,4576.6000,4577.0000,4578.0000,4578.8000,4579.0000,1,3,1,2,1,1,1,1,1,1
SF,IF2011,2020-09-30 09:32:51.100,4575.4000,4479,0,185453040.000,0,-,-,-,-,4574.2000,4574.0000,4573.8000,4573.4000,4573.2000,4576.6000,4577.0000,4578.0000,4578.8000,4579.0000,1,1,2,1,2,1,1,1,1,1
SF,IF2011,2020-09-30 09:32:51.600,4575.4000,4479,0,185453040.000,0,-,-,-,-,4574.4000,4574.2000,4573.8000,4573.4000,4573.2000,4577.0000,4578.8000,4579.0000,4579.4000,4580.6000,1,1,2,1,2,1,1,1,2,1
SF,IF2011,2020-09-30 09:32:52.100,4575.4000,4479,0,185453040.000,0,-,-,-,-,4574.4000,4574.2000,4573.8000,4573.4000,4573.2000,4576.8000,4577.0000,4578.8000,4579.0000,4579.4000,1,1,2,1,2,1,1,1,1,2
SF,IF2011,2020-09-30 09:32:52.600,4575.4000,4479,0,185453040.000,0,-,-,-,-,4574.4000,4574.2000,4573.8000,4573.4000,4573.2000,4576.6000,4576.8000,4577.0000,4578.8000,4579.0000,1,1,2,1,2,1,1,1,1,1
SF,IF2011,2020-09-30 09:32:53.600,4575.4000,4479,0,185453040.000,0,-,-,-,-,4574.4000,4574.2000,4573.8000,4573.4000,4573.2000,4576.8000,4577.0000,4578.8000,4579.0000,4579.4000,2,1,2,1,2,1,1,1,1,2
SF,IF2011,2020-09-30 09:32:54.100,4575.4000,4479,0,185453040.000,0,-,-,-,-,4574.4000,4574.2000,4573.8000,4573.4000,4573.2000,4576.6000,4576.8000,4577.0000,4578.8000,4579.0000,1,1,2,1,2,1,1,1,1,1
SF,IF2011,2020-09-30 09:32:55.100,4575.4000,4479,0,185453040.000,0,-,-,-,-,4574.4000,4573.4000,4573.2000,4573.0000,4572.2000,4576.6000,4576.8000,4577.0000,4578.8000,4579.0000,1,1,1,1,1,1,1,1,1,1
SF,IF2011,2020-09-30 09:32:55.600,4575.4000,4479,0,185453040.000,0,-,-,-,-,4573.4000,4573.2000,4573.0000,4572.2000,4570.4000,4575.6000,4576.4000,4576.6000,4577.0000,4578.8000,1,1,1,1,1,2,3,1,1,1
SF,IF2011,2020-09-30 09:32:56.100,4575.4000,4479,0,185453040.000,0,-,-,-,-,4573.4000,4573.2000,4573.0000,4572.2000,4570.4000,4575.4000,4575.6000,4576.4000,4576.6000,4577.0000,1,1,1,1,1,1,2,2,1,1
SF,IF2011,2020-09-30 09:32:56.600,4575.4000,4479,0,185453040.000,0,-,-,-,-,4573.2000,4573.0000,4572.2000,4570.4000,4570.0000,4575.4000,4575.6000,4576.4000,4576.6000,4577.0000,1,1,1,1,1,1,2,2,1,1
SF,IF2011,2020-09-30 09:32:57.100,4575.4000,4479,0,185453040.000,0,-,-,-,-,4573.0000,4572.2000,4570.4000,4570.0000,4561.0000,4574.4000,4575.2000,4575.4000,4575.6000,4576.4000,1,1,1,1,1,1,1,1,1,2
SF,IF2011,2020-09-30 09:32:57.600,4573.0000,4479,0,186824940.000,1,0,1,多换,S,4572.2000,4570.4000,4570.0000,4561.0000,4555.0000,4573.8000,4574.4000,4575.2000,4575.4000,4576.4000,1,1,1,1,1,1,1,1,1,2
SF,IF2011,2020-09-30 09:32:58.100,4573.0000,4479,0,186824940.000,0,-,-,-,-,4570.4000,4570.0000,4561.0000,4555.0000,4549.6000,4574.4000,4575.2000,4575.4000,4576.4000,4577.0000,1,1,1,1,1,1,1,1,1,1
SF,IF2011,2020-09-30 09:32:58.600,4571.2000,4479,0,188196300.000,1,0,1,多换,S,4571.0000,4570.8000,4570.4000,4570.0000,4561.0000,4573.8000,4574.2000,4574.4000,4575.2000,4576.4000,2,1,1,1,1,1,1,1,1,1
SF,IF2011,2020-09-30 09:32:59.100,4571.2000,4479,0,188196300.000,0,-,-,-,-,4571.0000,4570.8000,4570.4000,4570.0000,4561.0000,4573.2000,4573.6000,4573.8000,4576.4000,4577.0000,1,1,1,1,1,2,1,2,1,1
SF,IF2011,2020-09-30 09:32:59.600,4571.2000,4479,0,188196300.000,0,-,-,-,-,4570.4000,4570.0000,4561.0000,4555.0000,4549.6000,4573.0000,4573.2000,4573.8000,4576.4000,4577.0000,1,1,1,1,1,2,2,2,1,1
SF,IF2011,2020-09-30 09:33:00.100,4571.2000,4479,0,188196300.000,0,-,-,-,-,4570.6000,4570.4000,4570.0000,4561.0000,4555.0000,4573.0000,4573.2000,4573.8000,4576.4000,4577.0000,1,1,1,1,1,2,2,2,1,1
SF,IF2011,2020-09-30 09:33:00.600,4571.2000,4479,0,188196300.000,0,-,-,-,-,4570.6000,4570.4000,4570.0000,4561.0000,4555.0000,4573.0000,4573.2000,4573.8000,4576.4000,4577.0000,1,1,1,1,1,2,2,2,1,1
SF,IF2011,2020-09-30 09:33:01.100,4571.2000,4479,0,188196300.000,0,-,-,-,-,4570.6000,4570.4000,4570.0000,4561.0000,4555.0000,4573.0000,4573.2000,4573.8000,4576.4000,4577.0000,1,1,1,1,1,1,2,2,1,1
SF,IF2011,2020-09-30 09:33:02.100,4571.2000,4479,0,188196300.000,0,-,-,-,-,4570.6000,4570.4000,4570.0000,4561.0000,4555.0000,4573.0000,4573.2000,4573.8000,4576.4000,4577.0000,1,1,1,1,1,1,2,2,1,1
SF,IF2011,2020-09-30 09:33:02.600,4570.6000,4479,0,189567480.000,1,0,1,多换,S,4570.4000,4570.0000,4561.0000,4555.0000,4549.6000,4572.0000,4573.0000,4573.2000,4573.8000,4576.4000,1,1,1,1,1,2,1,1,1,1
SF,IF2011,2020-09-30 09:33:03.100,4570.6000,4479,0,189567480.000,0,-,-,-,-,4570.4000,4570.0000,4561.0000,4555.0000,4549.6000,4572.0000,4573.0000,4573.2000,4576.4000,4577.0000,1,1,1,1,1,2,1,1,1,1
SF,IF2011,2020-09-30 09:33:03.600,4570.4000,4479,0,190938600.000,1,0,1,多换,S,4570.0000,4561.0000,4555.0000,4549.6000,4545.0000,4572.0000,4573.0000,4573.2000,4576.4000,4577.0000,1,1,1,1,1,2,1,1,1,1
SF,IF2011,2020-09-30 09:33:04.100,4570.4000,4479,0,190938600.000,0,-,-,-,-,4570.0000,4561.0000,4555.0000,4549.6000,4545.0000,4571.8000,4572.0000,4573.2000,4576.4000,4577.0000,1,1,1,1,1,1,2,1,1,1
SF,IF2011,2020-09-30 09:33:04.600,4570.4000,4479,0,190938600.000,0,-,-,-,-,4570.0000,4561.0000,4555.0000,4549.6000,4545.0000,4571.8000,4572.0000,4573.2000,4576.4000,4577.0000,1,1,1,1,1,1,2,1,1,1
SF,IF2011,2020-09-30 09:33:05.100,4570.4000,4479,0,190938600.000,0,-,-,-,-,4570.2000,4570.0000,4561.0000,4555.0000,4549.6000,4572.0000,4573.2000,4576.4000,4577.0000,4578.8000,1,1,1,1,1,2,1,1,1,1
SF,IF2011,2020-09-30 09:33:05.600,4570.4000,4479,0,190938600.000,0,-,-,-,-,4572.6000,4570.4000,4570.2000,4570.0000,4561.0000,4576.4000,4577.0000,4578.8000,4579.0000,4580.6000,1,2,3,1,1,1,1,1,1,1
SF,IF2011,2020-09-30 09:33:06.100,4570.4000,4479,0,190938600.000,0,-,-,-,-,4572.8000,4572.6000,4570.4000,4570.2000,4570.0000,4573.8000,4574.0000,4574.4000,4575.2000,4575.6000,1,1,2,3,1,1,1,1,1,1
SF,IF2011,2020-09-30 09:33:06.600,4570.4000,4479,0,190938600.000,0,-,-,-,-,4573.0000,4570.4000,4570.2000,4570.0000,4561.0000,4573.8000,4574.0000,4574.4000,4575.2000,4575.6000,1,2,3,1,1,1,1,1,1,1
SF,IF2011,2020-09-30 09:33:07.100,4572.6000,4479,0,192310380.000,1,0,1,多换,S,4570.4000,4570.2000,4570.0000,4561.0000,4555.0000,4573.8000,4574.0000,4574.4000,4575.2000,4575.6000,2,3,1,1,1,1,1,1,1,1
SF,IF2011,2020-09-30 09:33:07.600,4572.6000,4479,0,192310380.000,0,-,-,-,-,4571.0000,4570.8000,4570.6000,4570.4000,4570.2000,4573.8000,4574.0000,4574.4000,4575.2000,4575.6000,2,1,1,2,3,1,1,1,1,1
SF,IF2011,2020-09-30 09:33:08.100,4572.6000,4479,0,192310380.000,0,-,-,-,-,4571.2000,4570.4000,4570.2000,4570.0000,4561.0000,4573.8000,4574.0000,4574.4000,4575.2000,4575.6000,1,2,3,1,1,1,1,1,1,1
SF,IF2011,2020-09-30 09:33:08.600,4571.2000,4480,1,193681740.000,1,1,0,双开,S,4570.4000,4570.2000,4570.0000,4561.0000,4555.0000,4573.6000,4573.8000,4574.0000,4574.4000,4575.6000,2,3,1,1,1,1,2,1,1,1
SF,IF2011,2020-09-30 09:33:09.100,4571.2000,4480,0,193681740.000,0,-,-,-,-,4570.8000,4570.4000,4570.2000,4570.0000,4561.0000,4573.6000,4573.8000,4574.0000,4574.4000,4575.6000,1,2,3,1,1,1,2,1,1,1
SF,IF2011,2020-09-30 09:33:09.600,4571.2000,4480,0,193681740.000,0,-,-,-,-,4570.4000,4570.2000,4570.0000,4561.0000,4555.0000,4573.6000,4573.8000,4574.0000,4574.4000,4575.0000,2,3,1,1,1,1,2,1,1,1
SF,IF2011,2020-09-30 09:33:10.100,4571.2000,4480,0,193681740.000,0,-,-,-,-,4570.4000,4570.2000,4570.0000,4561.0000,4555.0000,4573.6000,4573.8000,4574.0000,4574.4000,4575.0000,1,3,1,1,1,1,2,1,1,1
SF,IF2011,2020-09-30 09:33:10.600,4571.2000,4480,0,193681740.000,0,-,-,-,-,4571.0000,4570.8000,4570.6000,4570.4000,4570.2000,4573.6000,4573.8000,4574.0000,4574.4000,4575.0000,2,2,1,1,3,1,2,1,1,1
SF,IF2011,2020-09-30 09:33:11.100,4571.2000,4480,0,193681740.000,0,-,-,-,-,4571.0000,4570.8000,4570.6000,4570.4000,4570.2000,4573.6000,4573.8000,4574.0000,4574.4000,4575.0000,2,2,2,1,3,1,1,1,1,1
SF,IF2011,2020-09-30 09:33:11.600,4571.2000,4480,0,193681740.000,0,-,-,-,-,4572.0000,4571.0000,4570.8000,4570.6000,4570.4000,4573.6000,4574.0000,4574.4000,4575.0000,4576.2000,1,2,1,2,1,1,1,1,1,1
SF,IF2011,2020-09-30 09:33:12.100,4571.2000,4480,0,193681740.000,0,-,-,-,-,4571.2000,4571.0000,4570.8000,4570.6000,4570.2000,4573.6000,4574.0000,4574.4000,4575.0000,4576.2000,3,2,1,1,3,1,1,1,1,1
SF,IF2011,2020-09-30 09:33:12.600,4573.6000,4480,0,195053820.000,1,0,1,多换,S,4572.4000,4572.0000,4571.4000,4571.2000,4570.0000,4574.0000,4574.4000,4575.0000,4576.2000,4576.4000,3,5,2,3,1,1,1,1,1,2
SF,IF2011,2020-09-30 09:33:13.100,4573.6000,4480,0,195053820.000,0,-,-,-,-,4572.0000,4571.4000,4571.2000,4570.0000,4561.0000,4574.0000,4574.4000,4575.0000,4576.4000,4577.0000,5,2,3,1,1,1,1,1,2,1
SF,IF2011,2020-09-30 09:33:13.600,4573.6000,4480,0,195053820.000,0,-,-,-,-,4572.2000,4571.4000,4571.2000,4570.0000,4561.0000,4573.8000,4574.0000,4574.4000,4575.0000,4576.4000,1,1,3,1,1,1,1,1,1,2
SF,IF2011,2020-09-30 09:33:14.100,4573.6000,4480,0,195053820.000,0,-,-,-,-,4572.2000,4571.4000,4571.2000,4570.0000,4561.0000,4573.6000,4574.0000,4574.4000,4575.0000,4576.4000,1,1,2,1,1,1,1,1,1,2
SF,IF2011,2020-09-30 09:33:14.600,4573.6000,4480,0,195053820.000,0,-,-,-,-,4571.4000,4571.2000,4570.0000,4561.0000,4555.0000,4573.2000,4573.6000,4574.0000,4575.0000,4576.4000,1,2,1,1,1,1,1,1,1,2
SF,IF2011,2020-09-30 09:33:15.100,4573.6000,4480,0,195053820.000,0,-,-,-,-,4571.4000,4571.2000,4570.0000,4561.0000,4555.0000,4573.4000,4573.6000,4574.0000,4575.0000,4576.4000,1,1,1,1,1,1,1,1,1,2
SF,IF2011,2020-09-30 09:33:15.600,4573.6000,4480,0,195053820.000,0,-,-,-,-,4572.0000,4571.6000,4571.4000,4571.2000,4570.4000,4573.4000,4574.0000,4575.0000,4576.4000,4577.0000,1,1,1,1,1,1,1,1,2,1
SF,IF2011,2020-09-30 09:33:16.100,4573.6000,4480,0,195053820.000,0,-,-,-,-,4571.8000,4571.6000,4570.4000,4570.0000,4561.0000,4573.2000,4573.4000,4574.0000,4575.0000,4576.4000,1,1,1,1,1,1,1,1,1,2
SF,IF2011,2020-09-30 09:33:16.600,4573.6000,4480,0,195053820.000,0,-,-,-,-,4571.6000,4570.4000,4570.0000,4561.0000,4555.0000,4573.4000,4574.0000,4575.0000,4576.4000,4577.0000,1,1,1,1,1,1,1,1,2,1
SF,IF2011,2020-09-30 09:33:17.600,4573.6000,4480,0,195053820.000,0,-,-,-,-,4571.6000,4571.0000,4570.4000,4570.0000,4561.0000,4573.4000,4574.0000,4575.0000,4576.4000,4577.0000,1,1,1,1,1,1,1,1,2,1
SF,IF2011,2020-09-30 09:33:18.100,4573.6000,4480,0,195053820.000,0,-,-,-,-,4571.6000,4571.0000,4570.4000,4570.0000,4561.0000,4573.2000,4573.4000,4574.0000,4575.0000,4576.4000,1,1,1,1,1,2,1,1,1,2
SF,IF2011,2020-09-30 09:33:18.600,4573.6000,4480,0,195053820.000,0,-,-,-,-,4571.6000,4571.0000,4570.4000,4570.0000,4561.0000,4573.2000,4573.4000,4574.0000,4575.0000,4576.4000,1,1,1,1,1,2,1,1,1,2
SF,IF2011,2020-09-30 09:33:19.100,4573.6000,4480,0,195053820.000,0,-,-,-,-,4571.6000,4571.0000,4570.4000,4570.0000,4561.0000,4573.2000,4573.4000,4574.0000,4575.0000,4576.4000,1,1,1,1,1,1,1,1,2,2
SF,IF2011,2020-09-30 09:33:19.600,4573.6000,4480,0,195053820.000,0,-,-,-,-,4571.6000,4570.4000,4570.0000,4561.0000,4555.0000,4573.2000,4573.4000,4574.0000,4575.0000,4576.4000,1,1,1,1,1,2,1,1,2,2
SF,IF2011,2020-09-30 09:33:20.100,4573.6000,4480,0,195053820.000,0,-,-,-,-,4571.6000,4570.4000,4570.0000,4561.0000,4555.0000,4573.2000,4573.4000,4574.0000,4575.0000,4576.4000,1,1,1,1,1,2,1,1,2,2
SF,IF2011,2020-09-30 09:33:20.600,4573.6000,4480,0,195053820.000,0,-,-,-,-,4571.6000,4570.4000,4570.0000,4561.0000,4555.0000,4573.2000,4573.4000,4574.0000,4575.0000,4576.4000,1,1,1,1,1,2,1,1,2,2
SF,IF2011,2020-09-30 09:33:21.100,4573.6000,4480,0,195053820.000,0,-,-,-,-,4571.6000,4570.4000,4570.0000,4561.0000,4555.0000,4573.2000,4573.4000,4574.0000,4575.0000,4576.4000,1,1,1,1,1,2,1,1,1,2
SF,IF2011,2020-09-30 09:33:21.600,4573.6000,4480,0,195053820.000,0,-,-,-,-,4571.6000,4570.4000,4570.0000,4561.0000,4555.0000,4573.2000,4573.4000,4574.0000,4575.0000,4576.4000,1,1,1,1,1,2,1,1,1,2
SF,IF2011,2020-09-30 09:33:22.100,4573.6000,4480,0,195053820.000,0,-,-,-,-,4571.6000,4570.4000,4570.0000,4561.0000,4555.0000,4573.2000,4573.4000,4574.0000,4575.0000,4576.4000,1,1,1,1,1,2,1,1,1,2
SF,IF2011,2020-09-30 09:33:22.600,4573.6000,4480,0,195053820.000,0,-,-,-,-,4570.4000,4570.0000,4561.0000,4555.0000,4549.6000,4573.2000,4573.4000,4574.0000,4575.0000,4576.4000,1,1,1,1,1,2,1,1,1,2
SF,IF2011,2020-09-30 09:33:23.100,4573.6000,4480,0,195053820.000,0,-,-,-,-,4571.0000,4570.8000,4570.0000,4561.0000,4555.0000,4573.0000,4573.2000,4574.0000,4575.0000,4576.4000,2,1,1,1,1,1,2,1,1,2
SF,IF2011,2020-09-30 09:33:23.600,4573.6000,4480,0,195053820.000,0,-,-,-,-,4570.0000,4561.0000,4555.0000,4549.6000,4545.0000,4573.0000,4573.2000,4574.0000,4575.0000,4576.4000,1,1,1,1,1,1,2,1,1,2
SF,IF2011,2020-09-30 09:33:24.100,4573.6000,4480,0,195053820.000,0,-,-,-,-,4570.2000,4570.0000,4561.0000,4555.0000,4549.6000,4572.8000,4573.0000,4573.2000,4574.0000,4575.0000,3,1,1,1,1,1,1,2,1,1
SF,IF2011,2020-09-30 09:33:24.600,4573.6000,4480,0,195053820.000,0,-,-,-,-,4570.2000,4570.0000,4561.0000,4555.0000,4549.6000,4572.4000,4572.6000,4572.8000,4573.2000,4575.0000,3,1,1,1,1,1,1,1,1,1
SF,IF2011,2020-09-30 09:33:25.100,4572.6000,4480,0,196425600.000,1,0,1,多换,S,4571.6000,4571.4000,4571.0000,4570.8000,4570.4000,4572.4000,4572.8000,4573.2000,4575.0000,4576.4000,1,1,2,1,1,1,1,1,1,2
SF,IF2011,2020-09-30 09:33:25.600,4572.6000,4480,0,196425600.000,0,-,-,-,-,4570.4000,4570.2000,4570.0000,4561.0000,4555.0000,4572.4000,4572.8000,4573.2000,4575.0000,4576.4000,2,3,1,1,1,1,1,1,1,2
SF,IF2011,2020-09-30 09:33:26.100,4572.8000,4478,-2,199169160.000,2,0,2,双平,S,4571.0000,4570.8000,4570.4000,4570.2000,4570.0000,4575.0000,4576.4000,4577.0000,4579.0000,4580.6000,2,1,2,3,1,1,2,1,1,1
SF,IF2011,2020-09-30 09:33:26.600,4572.8000,4478,0,199169160.000,0,-,-,-,-,4571.2000,4571.0000,4570.8000,4570.4000,4570.2000,4573.8000,4574.4000,4574.6000,4574.8000,4575.0000,1,2,1,1,3,1,1,1,1,1
SF,IF2011,2020-09-30 09:33:28.100,4572.8000,4478,0,199169160.000,0,-,-,-,-,4571.2000,4571.0000,4570.8000,4570.6000,4570.4000,4573.8000,4574.4000,4574.6000,4574.8000,4575.0000,1,2,1,1,1,1,1,1,1,1
SF,IF2011,2020-09-30 09:33:28.600,4573.8000,4479,1,200541300.000,1,1,0,双开,S,4572.0000,4571.4000,4571.2000,4571.0000,4570.8000,4574.4000,4574.6000,4575.0000,4576.4000,4577.0000,2,1,1,2,1,1,1,1,2,1
SF,IF2011,2020-09-30 09:33:29.100,4573.8000,4479,0,200541300.000,0,-,-,-,-,4572.2000,4571.0000,4570.8000,4570.6000,4570.4000,4574.4000,4574.6000,4575.0000,4576.4000,4577.0000,1,2,1,1,1,1,1,1,2,1
SF,IF2011,2020-09-30 09:33:30.600,4574.4000,4479,0,201913620.000,1,0,1,多换,S,4574.4000,4572.2000,4571.0000,4570.8000,4570.6000,4574.6000,4575.0000,4576.4000,4577.0000,4579.0000,1,1,2,1,1,1,1,2,1,1
SF,IF2011,2020-09-30 09:33:31.100,4574.4000,4478,-1,203285940.000,1,0,1,双平,S,4572.2000,4571.0000,4570.8000,4570.6000,4570.4000,4574.4000,4574.6000,4575.0000,4576.4000,4577.0000,1,2,1,1,1,2,1,1,2,1
SF,IF2011,2020-09-30 09:33:31.600,4574.4000,4478,0,203285940.000,0,-,-,-,-,4572.2000,4571.0000,4570.8000,4570.6000,4570.4000,4573.8000,4574.4000,4574.6000,4575.0000,4576.4000,1,2,1,1,1,1,1,1,1,2
SF,IF2011,2020-09-30 09:33:32.100,4574.4000,4478,0,203285940.000,0,-,-,-,-,4572.2000,4571.0000,4570.8000,4570.6000,4570.4000,4574.4000,4574.6000,4575.0000,4576.4000,4577.0000,1,2,1,1,1,1,1,1,2,1
SF,IF2011,2020-09-30 09:33:32.600,4574.4000,4478,0,203285940.000,0,-,-,-,-,4572.2000,4571.0000,4570.8000,4570.6000,4570.4000,4574.2000,4574.4000,4574.6000,4575.0000,4576.4000,1,2,1,1,1,1,1,1,1,2
SF,IF2011,2020-09-30 09:33:33.600,4574.4000,4478,0,203285940.000,0,-,-,-,-,4572.2000,4571.0000,4570.8000,4570.6000,4570.4000,4573.8000,4574.0000,4574.2000,4574.4000,4574.6000,1,2,1,1,1,1,1,1,1,1
SF,IF2011,2020-09-30 09:33:34.100,4574.4000,4478,0,203285940.000,0,-,-,-,-,4572.2000,4571.0000,4570.8000,4570.6000,4570.4000,4573.8000,4574.0000,4574.2000,4574.4000,4575.0000,1,2,1,1,1,1,1,1,1,1
SF,IF2011,2020-09-30 09:33:34.600,4574.4000,4478,0,203285940.000,0,-,-,-,-,4572.2000,4571.0000,4570.8000,4570.6000,4570.4000,4574.0000,4574.2000,4574.4000,4575.0000,4576.4000,1,2,1,1,1,1,1,1,1,1
SF,IF2011,2020-09-30 09:33:35.100,4574.4000,4478,0,203285940.000,0,-,-,-,-,4572.2000,4571.0000,4570.8000,4570.6000,4570.4000,4574.2000,4574.4000,4575.0000,4576.4000,4577.0000,1,2,1,1,1,1,1,1,1,1
SF,IF2011,2020-09-30 09:33:36.100,4574.4000,4478,0,203285940.000,0,-,-,-,-,4572.2000,4571.0000,4570.8000,4570.6000,4570.4000,4574.4000,4575.0000,4576.4000,4577.0000,4579.0000,1,2,1,1,1,1,1,1,1,1
SF,IF2011,2020-09-30 09:33:37.100,4574.4000,4477,-1,204658260.000,1,0,1,双平,S,4572.4000,4572.2000,4572.0000,4570.6000,4570.4000,4575.0000,4576.4000,4577.0000,4579.0000,4580.6000,2,1,1,1,1,1,1,1,1,1
SF,IF2011,2020-09-30 09:33:37.600,4574.4000,4477,0,204658260.000,0,-,-,-,-,4572.6000,4572.4000,4572.0000,4570.6000,4570.4000,4575.0000,4577.0000,4579.0000,4580.6000,4581.4000,1,2,1,1,1,1,1,1,1,1
SF,IF2011,2020-09-30 09:33:38.100,4574.4000,4477,0,204658260.000,0,-,-,-,-,4573.2000,4573.0000,4572.8000,4572.6000,4572.4000,4575.0000,4577.0000,4579.0000,4580.6000,4581.4000,1,1,1,1,2,1,1,1,1,1
SF,IF2011,2020-09-30 09:33:38.600,4574.4000,4477,0,204658260.000,0,-,-,-,-,4572.6000,4572.4000,4572.0000,4570.6000,4570.4000,4575.0000,4577.0000,4579.0000,4580.6000,4581.4000,1,2,1,1,1,1,1,1,1,1
SF,IF2011,2020-09-30 09:33:39.100,4574.4000,4477,0,204658260.000,0,-,-,-,-,4572.6000,4572.4000,4572.0000,4570.6000,4570.4000,4575.0000,4577.0000,4579.0000,4580.6000,4581.4000,1,2,1,1,1,1,1,1,1,1
SF,IF2011,2020-09-30 09:33:40.100,4574.4000,4477,0,204658260.000,0,-,-,-,-,4573.0000,4572.6000,4572.4000,4572.0000,4570.6000,4575.0000,4577.0000,4579.0000,4580.6000,4581.4000,1,1,2,1,1,1,1,1,1,1
SF,IF2011,2020-09-30 09:33:40.600,4574.4000,4477,0,204658260.000,0,-,-,-,-,4573.2000,4573.0000,4572.4000,4570.6000,4570.4000,4575.0000,4576.0000,4577.0000,4579.0000,4580.6000,3,1,2,1,1,1,2,1,1,1
SF,IF2011,2020-09-30 09:33:41.100,4575.0000,4476,-1,206030760.000,1,0,1,双平,S,4573.8000,4573.4000,4573.2000,4573.0000,4570.6000,4576.0000,4577.0000,4579.0000,4580.6000,4581.4000,6,1,4,1,1,2,1,1,1,1
SF,IF2011,2020-09-30 09:33:41.600,4575.0000,4476,0,206030760.000,0,-,-,-,-,4574.0000,4573.8000,4573.2000,4573.0000,4570.6000,4576.0000,4577.0000,4579.0000,4580.6000,4581.4000,1,6,3,1,1,2,1,1,1,1
SF,IF2011,2020-09-30 09:33:42.100,4575.0000,4476,0,206030760.000,0,-,-,-,-,4574.4000,4574.0000,4573.8000,4573.2000,4573.0000,4576.0000,4577.0000,4579.0000,4580.6000,4581.4000,2,1,6,2,1,2,1,1,1,1
SF,IF2011,2020-09-30 09:33:42.600,4575.0000,4476,0,206030760.000,0,-,-,-,-,4574.2000,4574.0000,4573.8000,4573.2000,4573.0000,4576.0000,4577.0000,4579.0000,4580.6000,4581.4000,1,1,6,1,1,2,1,1,1,1
SF,IF2011,2020-09-30 09:33:43.100,4575.0000,4476,0,206030760.000,0,-,-,-,-,4574.4000,4574.0000,4573.8000,4573.2000,4573.0000,4576.0000,4577.0000,4579.0000,4580.6000,4581.4000,2,1,6,1,1,2,1,1,1,1
SF,IF2011,2020-09-30 09:33:43.600,4575.0000,4476,0,206030760.000,0,-,-,-,-,4575.0000,4574.0000,4573.8000,4573.2000,4573.0000,4576.0000,4577.0000,4579.0000,4580.6000,4581.4000,1,1,6,1,1,2,1,1,1,1
SF,IF2011,2020-09-30 09:33:45.100,4576.0000,4476,0,207403560.000,1,0,1,多换,S,4575.0000,4574.0000,4573.8000,4573.0000,4570.6000,4576.0000,4577.0000,4579.0000,4580.6000,4581.4000,1,1,6,1,1,1,1,1,1,1
SF,IF2011,2020-09-30 09:33:45.600,4576.0000,4476,0,207403560.000,0,-,-,-,-,4575.0000,4574.0000,4573.8000,4573.0000,4570.6000,4576.0000,4577.0000,4579.0000,4579.8000,4580.6000,1,1,6,1,1,1,1,1,1,1
SF,IF2011,2020-09-30 09:33:46.100,4576.0000,4476,0,207403560.000,0,-,-,-,-,4575.0000,4574.0000,4573.8000,4573.0000,4570.6000,4576.0000,4577.0000,4579.0000,4579.8000,4580.6000,1,1,6,1,1,1,1,1,1,1
SF,IF2011,2020-09-30 09:33:53.600,4575.0000,4475,-1,208776060.000,1,0,1,双平,S,4574.0000,4573.8000,4573.0000,4570.6000,4570.4000,4576.0000,4577.0000,4579.0000,4579.8000,4580.6000,1,5,1,1,1,1,1,1,1,1
SF,IF2011,2020-09-30 09:33:54.100,4575.0000,4475,0,208776060.000,0,-,-,-,-,4574.0000,4573.8000,4573.0000,4570.6000,4570.4000,4576.0000,4577.0000,4579.0000,4579.8000,4580.6000,1,4,1,1,1,1,1,1,1,1
SF,IF2011,2020-09-30 09:33:54.600,4575.0000,4475,0,208776060.000,0,-,-,-,-,4574.0000,4573.0000,4570.6000,4570.4000,4570.0000,4576.0000,4577.0000,4579.0000,4579.8000,4580.6000,1,1,1,1,1,1,1,1,1,1
SF,IF2011,2020-09-30 09:33:55.100,4575.0000,4475,0,208776060.000,0,-,-,-,-,4574.0000,4570.6000,4570.4000,4570.0000,4561.0000,4576.0000,4577.0000,4579.0000,4579.8000,4580.6000,1,1,1,1,1,1,1,1,1,1
SF,IF2011,2020-09-30 09:33:55.600,4575.0000,4475,0,208776060.000,0,-,-,-,-,4574.0000,4570.6000,4570.4000,4570.0000,4561.0000,4575.2000,4576.0000,4577.0000,4579.0000,4579.8000,1,1,1,1,1,1,1,1,1,1
SF,IF2011,2020-09-30 09:33:56.100,4575.0000,4475,0,208776060.000,0,-,-,-,-,4570.4000,4570.0000,4561.0000,4555.0000,4551.0000,4576.0000,4577.0000,4579.0000,4579.8000,4580.6000,1,1,1,1,1,1,1,1,1,1
SF,IF2011,2020-09-30 09:33:56.600,4575.0000,4475,0,208776060.000,0,-,-,-,-,4573.0000,4572.4000,4572.0000,4570.6000,4570.4000,4576.0000,4577.0000,4579.0000,4579.8000,4580.6000,1,2,8,1,1,1,1,1,1,1
SF,IF2011,2020-09-30 09:33:57.100,4575.0000,4475,0,208776060.000,0,-,-,-,-,4573.2000,4573.0000,4572.4000,4572.0000,4570.6000,4576.0000,4577.0000,4579.0000,4579.8000,4580.6000,1,1,2,8,1,1,1,1,1,1
SF,IF2011,2020-09-30 09:33:57.600,4575.0000,4475,0,208776060.000,0,-,-,-,-,4573.2000,4573.0000,4572.4000,4572.0000,4570.6000,4576.0000,4577.0000,4579.0000,4579.8000,4580.6000,1,1,2,7,1,1,1,1,1,1
SF,IF2011,2020-09-30 09:33:58.100,4575.0000,4475,0,208776060.000,0,-,-,-,-,4573.2000,4572.4000,4572.0000,4570.6000,4570.4000,4576.0000,4577.0000,4579.0000,4579.8000,4580.6000,1,2,7,1,1,1,1,1,1,1
SF,IF2011,2020-09-30 09:33:58.600,4575.0000,4475,0,208776060.000,0,-,-,-,-,4573.2000,4572.4000,4572.0000,4570.6000,4570.4000,4575.2000,4575.8000,4576.0000,4577.0000,4579.0000,1,2,7,1,1,1,1,1,1,1
SF,IF2011,2020-09-30 09:33:59.100,4575.0000,4475,0,208776060.000,0,-,-,-,-,4573.2000,4572.4000,4572.0000,4570.6000,4570.4000,4575.8000,4576.0000,4577.0000,4579.0000,4579.8000,2,2,6,1,1,1,1,1,1,1
SF,IF2011,2020-09-30 09:33:59.600,4575.0000,4475,0,208776060.000,0,-,-,-,-,4573.2000,4572.0000,4570.6000,4570.4000,4570.0000,4575.2000,4575.8000,4576.0000,4577.0000,4579.0000,1,6,1,1,1,1,1,1,1,1
SF,IF2011,2020-09-30 09:34:02.100,4575.2000,4476,1,210148620.000,1,1,0,双开,S,4573.2000,4572.0000,4570.6000,4570.4000,4570.0000,4575.8000,4576.0000,4577.0000,4579.0000,4579.8000,1,6,1,1,1,1,1,1,1,1
SF,IF2011,2020-09-30 09:34:02.600,4575.2000,4476,0,210148620.000,0,-,-,-,-,4573.4000,4573.2000,4572.0000,4570.6000,4570.4000,4576.0000,4577.0000,4579.0000,4579.8000,4580.6000,1,2,6,1,1,1,1,1,1,1
SF,IF2011,2020-09-30 09:34:03.100,4575.2000,4476,0,210148620.000,0,-,-,-,-,4573.8000,4573.6000,4573.4000,4573.2000,4572.0000,4576.0000,4577.0000,4579.0000,4579.8000,4580.6000,5,1,1,2,1,1,1,1,1,1
SF,IF2011,2020-09-30 09:34:03.600,4575.2000,4476,0,210148620.000,0,-,-,-,-,4574.0000,4573.8000,4573.4000,4573.2000,4572.0000,4576.0000,4577.0000,4579.0000,4579.8000,4580.6000,1,7,1,2,1,1,1,1,1,1
SF,IF2011,2020-09-30 09:34:04.100,4575.2000,4476,0,210148620.000,0,-,-,-,-,4574.2000,4574.0000,4573.8000,4573.2000,4572.0000,4576.0000,4577.0000,4579.0000,4579.8000,4580.6000,1,2,7,2,1,1,1,1,1,1
SF,IF2011,2020-09-30 09:34:04.600,4575.2000,4476,0,210148620.000,0,-,-,-,-,4574.2000,4574.0000,4573.4000,4573.2000,4572.0000,4576.0000,4577.0000,4579.0000,4579.8000,4580.6000,1,1,1,2,1,1,1,1,1,1
SF,IF2011,2020-09-30 09:34:05.100,4575.2000,4476,0,210148620.000,0,-,-,-,-,4574.2000,4574.0000,4573.4000,4573.2000,4572.0000,4576.0000,4577.0000,4579.0000,4579.8000,4580.6000,1,1,2,2,1,1,1,1,1,1
SF,IF2011,2020-09-30 09:34:05.600,4575.2000,4476,0,210148620.000,0,-,-,-,-,4574.2000,4574.0000,4573.4000,4572.0000,4570.6000,4576.0000,4577.0000,4579.0000,4579.8000,4580.6000,1,1,2,1,1,1,1,1,1,1
SF,IF2011,2020-09-30 09:34:06.600,4575.2000,4476,0,210148620.000,0,-,-,-,-,4574.2000,4574.0000,4573.4000,4572.0000,4570.6000,4575.8000,4576.0000,4577.0000,4579.0000,4579.8000,1,1,1,1,1,1,1,1,1,1
SF,IF2011,2020-09-30 09:34:07.100,4574.2000,4475,-1,211520880.000,1,0,1,双平,S,4574.0000,4573.4000,4572.0000,4570.6000,4570.4000,4575.6000,4575.8000,4576.0000,4577.0000,4579.0000,1,1,1,1,1,1,1,1,1,1
SF,IF2011,2020-09-30 09:34:07.600,4574.0000,4475,0,212893080.000,1,0,1,多换,S,4573.4000,4572.0000,4570.6000,4570.4000,4570.0000,4575.6000,4575.8000,4576.0000,4577.0000,4579.0000,1,1,1,1,1,1,1,1,1,1
SF,IF2011,2020-09-30 09:34:08.100,4574.0000,4475,0,212893080.000,0,-,-,-,-,4572.0000,4570.6000,4570.4000,4570.0000,4561.0000,4575.4000,4575.6000,4575.8000,4576.0000,4577.0000,1,1,1,1,1,1,1,1,1,1
SF,IF2011,2020-09-30 09:34:08.600,4574.0000,4475,0,212893080.000,0,-,-,-,-,4570.6000,4570.4000,4570.0000,4561.0000,4555.0000,4575.2000,4575.4000,4575.6000,4575.8000,4576.0000,1,1,1,1,1,1,1,2,1,1
SF,IF2011,2020-09-30 09:34:09.100,4574.0000,4475,0,212893080.000,0,-,-,-,-,4571.2000,4571.0000,4570.8000,4570.4000,4570.0000,4575.0000,4575.2000,4575.6000,4576.0000,4577.0000,1,3,2,1,1,1,1,1,1,1
SF,IF2011,2020-09-30 09:34:09.600,4574.0000,4475,0,212893080.000,0,-,-,-,-,4571.2000,4571.0000,4570.8000,4570.4000,4570.0000,4575.0000,4575.6000,4576.0000,4577.0000,4579.0000,1,3,2,1,1,1,1,1,1,1
SF,IF2011,2020-09-30 09:34:10.100,4575.0000,4476,1,214265580.000,1,1,0,双开,S,4571.4000,4571.2000,4571.0000,4570.8000,4570.4000,4576.0000,4577.0000,4579.0000,4579.8000,4580.6000,2,1,3,2,1,1,1,1,1,1
SF,IF2011,2020-09-30 09:34:10.600,4575.0000,4476,0,214265580.000,0,-,-,-,-,4571.4000,4571.2000,4571.0000,4570.8000,4570.4000,4575.4000,4575.8000,4576.0000,4577.0000,4579.0000,3,1,3,2,1,1,1,1,1,1
SF,IF2011,2020-09-30 09:34:11.100,4575.0000,4476,0,214265580.000,0,-,-,-,-,4572.0000,4571.4000,4571.2000,4571.0000,4570.8000,4575.4000,4575.8000,4576.0000,4577.0000,4579.0000,3,2,1,3,1,1,1,1,1,1
SF,IF2011,2020-09-30 09:34:11.600,4575.0000,4476,0,214265580.000,0,-,-,-,-,4572.2000,4572.0000,4571.8000,4571.4000,4571.0000,4575.4000,4575.8000,4576.0000,4577.0000,4579.0000,1,3,1,1,3,1,1,1,1,1
SF,IF2011,2020-09-30 09:34:12.600,4575.0000,4476,0,214265580.000,0,-,-,-,-,4572.2000,4572.0000,4571.4000,4571.0000,4570.4000,4575.4000,4575.8000,4576.0000,4577.0000,4579.0000,1,4,1,3,1,1,1,1,1,1
SF,IF2011,2020-09-30 09:34:13.100,4575.0000,4476,0,214265580.000,0,-,-,-,-,4572.6000,4572.4000,4572.2000,4572.0000,4571.0000,4575.4000,4575.8000,4576.0000,4577.0000,4579.0000,1,3,1,4,1,1,1,1,1,1
SF,IF2011,2020-09-30 09:34:13.600,4575.0000,4476,0,214265580.000,0,-,-,-,-,4572.8000,4572.6000,4572.4000,4572.0000,4571.0000,4575.4000,4576.0000,4577.0000,4579.0000,4579.8000,1,1,3,4,1,1,1,1,1,1
SF,IF2011,2020-09-30 09:34:14.600,4575.0000,4476,0,214265580.000,0,-,-,-,-,4572.8000,4572.4000,4571.0000,4570.4000,4570.0000,4575.4000,4576.0000,4577.0000,4579.0000,4579.8000,1,1,1,1,1,1,1,1,1,1
SF,IF2011,2020-09-30 09:34:15.600,4575.0000,4476,0,214265580.000,0,-,-,-,-,4572.8000,4572.4000,4571.0000,4570.4000,4570.0000,4575.2000,4575.4000,4576.0000,4577.0000,4579.0000,1,1,1,1,1,1,1,2,1,1
SF,IF2011,2020-09-30 09:34:16.600,4575.0000,4476,0,214265580.000,0,-,-,-,-,4573.0000,4572.8000,4572.4000,4570.4000,4570.0000,4575.2000,4575.4000,4576.0000,4577.0000,4579.0000,1,1,1,1,1,1,1,2,1,1
SF,IF2011,2020-09-30 09:34:17.100,4575.0000,4476,0,214265580.000,0,-,-,-,-,4573.2000,4573.0000,4572.4000,4570.4000,4570.0000,4575.2000,4575.4000,4576.0000,4577.0000,4579.0000,1,1,1,1,1,1,1,2,1,1
SF,IF2011,2020-09-30 09:34:17.600,4575.0000,4476,0,214265580.000,0,-,-,-,-,4573.2000,4570.4000,4570.0000,4561.0000,4555.0000,4575.2000,4575.4000,4576.0000,4577.0000,4579.0000,1,1,1,1,1,1,1,2,1,1
SF,IF2011,2020-09-30 09:34:18.600,4575.0000,4476,0,214265580.000,0,-,-,-,-,4573.2000,4570.4000,4570.0000,4561.0000,4555.0000,4575.2000,4576.0000,4577.0000,4579.0000,4579.8000,1,1,1,1,1,1,2,1,1,1
SF,IF2011,2020-09-30 09:34:19.100,4575.2000,4475,-1,215638140.000,1,0,1,双平,S,4573.4000,4573.2000,4570.4000,4570.0000,4561.0000,4576.0000,4577.0000,4579.0000,4579.8000,4581.4000,1,3,1,1,1,2,1,1,1,1
SF,IF2011,2020-09-30 09:34:19.600,4575.2000,4475,0,215638140.000,0,-,-,-,-,4573.6000,4573.4000,4570.4000,4570.0000,4561.0000,4576.0000,4577.0000,4579.0000,4579.8000,4581.4000,1,1,1,1,1,2,1,1,1,1
SF,IF2011,2020-09-30 09:34:20.600,4575.2000,4475,0,215638140.000,0,-,-,-,-,4573.6000,4570.4000,4570.0000,4561.0000,4555.0000,4576.0000,4577.0000,4579.0000,4579.8000,4581.4000,1,1,1,1,1,2,1,1,1,1
SF,IF2011,2020-09-30 09:34:22.100,4575.2000,4475,0,215638140.000,0,-,-,-,-,4573.8000,4573.6000,4570.4000,4570.0000,4561.0000,4576.0000,4577.0000,4579.0000,4579.8000,4581.4000,1,1,1,1,1,2,1,1,1,1
SF,IF2011,2020-09-30 09:34:22.600,4575.2000,4475,0,215638140.000,0,-,-,-,-,4574.0000,4573.8000,4570.4000,4570.0000,4561.0000,4576.0000,4577.0000,4579.0000,4579.8000,4581.4000,1,1,1,1,1,2,1,1,1,1
SF,IF2011,2020-09-30 09:34:23.600,4575.2000,4475,0,215638140.000,0,-,-,-,-,4574.0000,4570.4000,4570.0000,4561.0000,4555.0000,4576.0000,4577.0000,4579.0000,4579.8000,4581.4000,1,1,1,1,1,2,1,1,1,1
SF,IF2011,2020-09-30 09:34:24.600,4575.2000,4475,0,215638140.000,0,-,-,-,-,4574.2000,4574.0000,4570.4000,4570.0000,4561.0000,4576.0000,4577.0000,4579.0000,4579.8000,4581.4000,1,1,1,1,1,2,1,1,1,1
SF,IF2011,2020-09-30 09:34:26.100,4575.2000,4475,0,215638140.000,0,-,-,-,-,4574.0000,4570.4000,4570.0000,4561.0000,4555.0000,4576.0000,4577.0000,4579.0000,4579.8000,4581.4000,1,1,1,1,1,2,1,1,1,1
SF,IF2011,2020-09-30 09:34:27.600,4576.0000,4474,-1,218383740.000,2,0,2,多平,S,4574.0000,4570.4000,4570.0000,4561.0000,4555.0000,4577.0000,4579.0000,4579.8000,4581.4000,4582.0000,1,1,1,1,1,1,1,1,1,1
SF,IF2011,2020-09-30 09:34:28.100,4576.0000,4474,0,218383740.000,0,-,-,-,-,4574.4000,4574.0000,4570.4000,4570.0000,4561.0000,4577.0000,4579.0000,4579.8000,4581.4000,4582.0000,2,1,1,1,1,1,1,1,1,1
SF,IF2011,2020-09-30 09:34:28.600,4576.0000,4474,0,218383740.000,0,-,-,-,-,4574.6000,4574.4000,4570.4000,4570.0000,4561.0000,4577.0000,4579.0000,4579.8000,4581.4000,4582.0000,1,2,1,1,1,1,1,1,1,1
SF,IF2011,2020-09-30 09:34:29.100,4577.0000,4474,0,219756840.000,1,0,1,多换,S,4574.8000,4574.6000,4574.4000,4570.4000,4570.0000,4579.0000,4579.8000,4581.4000,4582.0000,4582.2000,1,1,3,1,1,1,1,1,1,1
SF,IF2011,2020-09-30 09:34:29.600,4577.0000,4474,0,219756840.000,0,-,-,-,-,4575.2000,4575.0000,4574.8000,4574.4000,4570.4000,4578.2000,4578.8000,4579.0000,4579.2000,4579.8000,2,2,1,3,1,1,1,1,1,1
SF,IF2011,2020-09-30 09:34:30.100,4577.0000,4474,0,219756840.000,0,-,-,-,-,4575.6000,4575.4000,4575.2000,4575.0000,4574.4000,4578.2000,4578.8000,4579.0000,4579.8000,4581.4000,2,1,2,1,2,1,1,1,1,1
SF,IF2011,2020-09-30 09:34:30.600,4577.0000,4474,0,219756840.000,0,-,-,-,-,4575.8000,4575.2000,4574.4000,4570.4000,4570.0000,4578.2000,4578.8000,4579.0000,4579.8000,4581.4000,1,2,2,1,1,1,1,1,1,1
SF,IF2011,2020-09-30 09:34:31.600,4577.0000,4474,0,219756840.000,0,-,-,-,-,4575.8000,4574.4000,4570.4000,4570.0000,4561.0000,4578.2000,4578.8000,4579.0000,4579.8000,4581.4000,1,2,1,1,1,1,1,1,1,1
SF,IF2011,2020-09-30 09:34:32.100,4577.0000,4474,0,219756840.000,0,-,-,-,-,4575.8000,4574.4000,4570.4000,4570.0000,4561.0000,4578.2000,4578.8000,4579.0000,4579.8000,4581.4000,1,1,1,1,1,1,1,1,1,1
SF,IF2011,2020-09-30 09:34:32.600,4577.0000,4474,0,219756840.000,0,-,-,-,-,4575.8000,4574.4000,4570.4000,4570.0000,4561.0000,4578.0000,4578.2000,4578.8000,4579.0000,4579.8000,1,1,1,1,1,3,1,1,1,1
SF,IF2011,2020-09-30 09:34:33.100,4577.0000,4474,0,219756840.000,0,-,-,-,-,4575.8000,4570.4000,4570.0000,4561.0000,4555.0000,4578.0000,4578.2000,4578.8000,4579.0000,4579.8000,1,1,1,1,1,3,1,1,1,1
SF,IF2011,2020-09-30 09:34:33.600,4577.0000,4474,0,219756840.000,0,-,-,-,-,4575.8000,4570.4000,4570.0000,4561.0000,4555.0000,4578.0000,4578.2000,4578.8000,4579.0000,4579.8000,1,1,1,1,1,3,1,1,1,1
SF,IF2011,2020-09-30 09:34:34.100,4577.0000,4474,0,219756840.000,0,-,-,-,-,4575.8000,4570.4000,4570.0000,4561.0000,4555.0000,4578.0000,4578.2000,4578.8000,4579.0000,4579.8000,1,1,1,1,1,2,1,1,1,1
SF,IF2011,2020-09-30 09:34:36.100,4577.0000,4474,0,219756840.000,0,-,-,-,-,4575.8000,4570.4000,4570.0000,4561.0000,4555.0000,4578.0000,4578.2000,4578.8000,4579.0000,4579.8000,1,1,1,1,1,3,1,1,1,1
SF,IF2011,2020-09-30 09:34:36.600,4575.8000,4474,0,221129580.000,1,0,1,多换,S,4570.4000,4570.0000,4561.0000,4555.0000,4551.0000,4577.8000,4578.0000,4578.2000,4579.0000,4579.8000,1,1,1,1,1,2,3,1,1,1
SF,IF2011,2020-09-30 09:34:37.100,4575.8000,4474,0,221129580.000,0,-,-,-,-,4574.0000,4573.8000,4573.2000,4573.0000,4572.8000,4577.6000,4577.8000,4578.0000,4579.0000,4579.8000,1,5,2,2,1,1,2,2,1,1
SF,IF2011,2020-09-30 09:34:37.600,4575.8000,4474,0,221129580.000,0,-,-,-,-,4574.2000,4573.8000,4573.2000,4573.0000,4572.8000,4577.6000,4577.8000,4578.0000,4579.0000,4579.8000,1,5,2,1,1,1,1,2,1,1
SF,IF2011,2020-09-30 09:34:38.100,4575.8000,4474,0,221129580.000,0,-,-,-,-,4574.2000,4573.8000,4573.2000,4573.0000,4572.8000,4577.6000,4578.0000,4579.0000,4579.8000,4581.4000,1,5,2,1,1,1,1,1,1,1
SF,IF2011,2020-09-30 09:34:38.600,4575.8000,4474,0,221129580.000,0,-,-,-,-,4574.4000,4574.2000,4573.8000,4573.0000,4572.8000,4577.6000,4578.0000,4579.0000,4579.8000,4581.4000,2,1,5,1,1,1,1,1,1,1
SF,IF2011,2020-09-30 09:34:39.100,4575.8000,4474,0,221129580.000,0,-,-,-,-,4573.8000,4573.0000,4572.8000,4570.6000,4570.4000,4577.4000,4577.6000,4578.0000,4579.0000,4579.8000,5,1,1,1,1,1,2,1,1,1
SF,IF2011,2020-09-30 09:34:39.600,4575.8000,4474,0,221129580.000,0,-,-,-,-,4573.8000,4573.0000,4572.8000,4570.6000,4570.4000,4577.2000,4577.4000,4577.6000,4578.0000,4579.0000,5,1,1,1,1,1,1,1,1,1
SF,IF2011,2020-09-30 09:34:40.100,4575.8000,4474,0,221129580.000,0,-,-,-,-,4573.0000,4572.8000,4570.6000,4570.4000,4570.0000,4577.0000,4577.2000,4577.6000,4578.0000,4579.0000,1,1,1,1,1,1,1,1,1,1
SF,IF2011,2020-09-30 09:34:40.600,4575.8000,4474,0,221129580.000,0,-,-,-,-,4573.8000,4573.4000,4573.2000,4573.0000,4572.8000,4576.8000,4577.0000,4577.6000,4578.0000,4579.0000,5,1,2,1,1,1,1,1,1,1
SF,IF2011,2020-09-30 09:34:41.100,4575.8000,4474,0,221129580.000,0,-,-,-,-,4574.4000,4573.8000,4573.0000,4572.8000,4570.6000,4576.6000,4576.8000,4577.6000,4578.0000,4579.0000,3,5,1,1,1,1,1,1,1,1
SF,IF2011,2020-09-30 09:34:41.600,4575.8000,4474,0,221129580.000,0,-,-,-,-,4575.4000,4574.0000,4573.8000,4573.0000,4572.8000,4576.6000,4576.8000,4577.6000,4578.0000,4579.0000,1,1,5,1,1,1,1,1,1,1
SF,IF2011,2020-09-30 09:34:42.100,4575.8000,4474,0,221129580.000,0,-,-,-,-,4575.4000,4574.0000,4573.8000,4573.0000,4572.8000,4576.8000,4577.6000,4578.0000,4579.0000,4579.8000,1,1,5,1,1,1,1,1,1,1
SF,IF2011,2020-09-30 09:34:43.600,4575.8000,4474,0,221129580.000,0,-,-,-,-,4575.4000,4573.8000,4573.0000,4572.8000,4570.6000,4576.8000,4577.6000,4578.0000,4579.0000,4579.8000,1,5,1,1,1,1,1,1,1,1
SF,IF2011,2020-09-30 09:34:44.600,4575.8000,4474,0,221129580.000,0,-,-,-,-,4575.4000,4573.0000,4572.8000,4570.6000,4570.4000,4576.8000,4577.6000,4578.0000,4579.0000,4579.8000,1,1,1,1,1,1,1,1,1,1
SF,IF2011,2020-09-30 09:34:47.100,4575.4000,4474,0,222502200.000,1,0,1,多换,S,4573.0000,4572.8000,4570.6000,4570.4000,4570.0000,4576.8000,4577.6000,4578.0000,4579.0000,4579.8000,1,1,1,1,1,1,1,1,1,1
SF,IF2011,2020-09-30 09:34:47.600,4575.4000,4474,0,222502200.000,0,-,-,-,-,4573.6000,4573.2000,4573.0000,4572.8000,4570.6000,4576.6000,4576.8000,4577.6000,4578.0000,4579.0000,1,2,1,1,1,1,1,1,1,1
SF,IF2011,2020-09-30 09:34:48.100,4575.4000,4474,0,222502200.000,0,-,-,-,-,4573.8000,4573.6000,4573.2000,4573.0000,4572.8000,4576.4000,4576.6000,4577.6000,4578.0000,4579.0000,5,1,2,1,1,1,1,1,1,1
SF,IF2011,2020-09-30 09:34:48.600,4575.4000,4474,0,222502200.000,0,-,-,-,-,4574.4000,4574.0000,4573.8000,4573.2000,4573.0000,4576.4000,4577.6000,4578.0000,4579.0000,4579.8000,2,1,5,1,1,1,1,1,1,1
SF,IF2011,2020-09-30 09:34:49.100,4575.4000,4474,0,222502200.000,0,-,-,-,-,4574.6000,4574.4000,4573.8000,4573.0000,4572.8000,4576.4000,4577.6000,4578.0000,4579.0000,4579.8000,1,3,5,1,1,1,1,1,1,1
SF,IF2011,2020-09-30 09:34:49.600,4575.4000,4474,0,222502200.000,0,-,-,-,-,4574.6000,4573.8000,4573.0000,4572.8000,4570.6000,4576.4000,4577.6000,4578.0000,4579.0000,4579.8000,1,5,1,1,1,1,1,1,1,1
SF,IF2011,2020-09-30 09:34:53.100,4574.6000,4474,0,223874580.000,1,0,1,多换,S,4573.0000,4572.8000,4570.6000,4570.4000,4570.0000,4576.4000,4577.6000,4578.0000,4579.0000,4579.8000,1,1,1,1,1,1,1,1,1,1
SF,IF2011,2020-09-30 09:34:53.600,4574.6000,4474,0,223874580.000,0,-,-,-,-,4573.2000,4573.0000,4572.8000,4570.6000,4570.4000,4576.2000,4576.4000,4577.6000,4578.0000,4579.0000,2,1,1,1,1,1,1,1,1,1
SF,IF2011,2020-09-30 09:34:54.100,4574.6000,4474,0,223874580.000,0,-,-,-,-,4573.2000,4573.0000,4572.8000,4570.6000,4570.4000,4576.0000,4576.2000,4577.6000,4578.0000,4579.0000,1,1,1,1,1,2,1,1,1,1
SF,IF2011,2020-09-30 09:34:54.600,4574.6000,4474,0,223874580.000,0,-,-,-,-,4570.6000,4570.4000,4570.0000,4561.0000,4555.0000,4575.8000,4576.0000,4577.6000,4578.0000,4579.0000,1,1,1,1,1,1,2,1,1,1
SF,IF2011,2020-09-30 09:34:55.100,4574.6000,4474,0,223874580.000,0,-,-,-,-,4572.2000,4572.0000,4571.0000,4570.4000,4570.0000,4575.6000,4575.8000,4576.0000,4577.6000,4578.0000,1,6,2,1,1,2,1,1,1,1
SF,IF2011,2020-09-30 09:34:55.600,4574.6000,4474,0,223874580.000,0,-,-,-,-,4572.2000,4572.0000,4571.0000,4570.4000,4570.0000,4575.4000,4575.6000,4576.8000,4577.6000,4578.0000,1,1,2,1,1,1,2,1,1,1
SF,IF2011,2020-09-30 09:34:56.100,4574.6000,4474,0,223874580.000,0,-,-,-,-,4572.2000,4572.0000,4571.0000,4570.4000,4570.0000,4575.2000,4575.4000,4575.6000,4577.6000,4578.0000,1,1,2,1,1,1,1,1,1,1
SF,IF2011,2020-09-30 09:34:56.600,4574.6000,4474,0,223874580.000,0,-,-,-,-,4571.0000,4570.4000,4570.0000,4561.0000,4555.0000,4575.0000,4575.2000,4575.6000,4577.6000,4578.0000,2,1,1,1,1,1,1,1,1,1
SF,IF2011,2020-09-30 09:34:57.100,4574.6000,4474,0,223874580.000,0,-,-,-,-,4571.2000,4571.0000,4570.8000,4570.4000,4570.0000,4574.8000,4575.0000,4575.6000,4577.6000,4578.0000,1,2,1,1,1,1,1,1,1,1
SF,IF2011,2020-09-30 09:34:57.600,4574.6000,4474,0,223874580.000,0,-,-,-,-,4571.2000,4571.0000,4570.8000,4570.4000,4570.0000,4574.6000,4574.8000,4575.6000,4577.6000,4578.0000,1,2,1,1,1,1,1,1,1,1
SF,IF2011,2020-09-30 09:34:58.100,4574.6000,4474,0,223874580.000,0,-,-,-,-,4571.2000,4571.0000,4570.8000,4570.4000,4570.0000,4574.4000,4574.6000,4575.6000,4577.6000,4578.0000,1,2,1,1,1,1,1,1,1,1
SF,IF2011,2020-09-30 09:34:58.600,4574.6000,4474,0,223874580.000,0,-,-,-,-,4571.2000,4571.0000,4570.8000,4570.4000,4570.0000,4574.2000,4574.4000,4575.6000,4577.6000,4578.0000,1,2,1,1,1,1,1,1,1,1
SF,IF2011,2020-09-30 09:34:59.100,4574.6000,4474,0,223874580.000,0,-,-,-,-,4571.2000,4571.0000,4570.8000,4570.4000,4570.0000,4574.0000,4574.2000,4575.6000,4577.6000,4578.0000,1,2,1,1,1,1,1,1,1,1
SF,IF2011,2020-09-30 09:34:59.600,4574.6000,4474,0,223874580.000,0,-,-,-,-,4571.2000,4571.0000,4570.8000,4570.4000,4570.0000,4573.8000,4574.0000,4575.6000,4577.6000,4578.0000,1,2,1,1,1,1,1,1,1,1
SF,IF2011,2020-09-30 09:35:00.100,4574.6000,4474,0,223874580.000,0,-,-,-,-,4571.2000,4571.0000,4570.8000,4570.4000,4570.0000,4573.6000,4573.8000,4575.6000,4577.6000,4578.0000,1,2,1,1,1,1,1,1,1,1
SF,IF2011,2020-09-30 09:35:00.600,4574.6000,4474,0,223874580.000,0,-,-,-,-,4571.2000,4571.0000,4570.8000,4570.4000,4570.0000,4573.4000,4573.6000,4575.6000,4577.6000,4578.0000,1,2,1,1,1,2,1,1,1,1
SF,IF2011,2020-09-30 09:35:01.100,4574.6000,4474,0,223874580.000,0,-,-,-,-,4570.0000,4561.0000,4555.0000,4551.0000,4549.6000,4573.2000,4573.4000,4575.6000,4577.6000,4578.0000,1,1,1,1,1,1,2,1,1,1
SF,IF2011,2020-09-30 09:35:01.600,4574.6000,4474,0,223874580.000,0,-,-,-,-,4570.6000,4570.2000,4570.0000,4561.0000,4555.0000,4573.0000,4573.2000,4573.4000,4575.6000,4577.6000,1,3,1,1,1,1,1,1,1,1
SF,IF2011,2020-09-30 09:35:02.100,4574.6000,4474,0,223874580.000,0,-,-,-,-,4570.2000,4570.0000,4561.0000,4555.0000,4551.0000,4572.8000,4573.0000,4573.4000,4577.6000,4578.0000,3,1,1,1,1,1,1,1,1,1
SF,IF2011,2020-09-30 09:35:02.600,4574.6000,4474,0,223874580.000,0,-,-,-,-,4570.0000,4561.0000,4555.0000,4551.0000,4549.6000,4572.6000,4572.8000,4573.4000,4577.6000,4578.0000,1,1,1,1,1,1,1,1,1,1
SF,IF2011,2020-09-30 09:35:03.100,4574.6000,4474,0,223874580.000,0,-,-,-,-,4570.0000,4561.0000,4555.0000,4551.0000,4549.6000,4572.4000,4572.6000,4573.4000,4577.6000,4579.0000,1,1,1,1,1,1,1,1,1,1
SF,IF2011,2020-09-30 09:35:03.600,4574.6000,4474,0,223874580.000,0,-,-,-,-,4570.0000,4566.8000,4561.0000,4555.0000,4551.0000,4572.2000,4572.4000,4577.6000,4579.0000,4579.8000,1,1,1,1,1,1,1,1,1,1
SF,IF2011,2020-09-30 09:35:04.100,4574.6000,4474,0,223874580.000,0,-,-,-,-,4570.0000,4566.8000,4561.0000,4555.0000,4551.0000,4572.0000,4572.2000,4577.6000,4579.0000,4579.8000,1,1,1,1,1,1,1,1,1,1
SF,IF2011,2020-09-30 09:35:04.600,4574.6000,4474,0,223874580.000,0,-,-,-,-,4570.0000,4566.8000,4561.0000,4555.0000,4551.0000,4571.8000,4572.0000,4577.6000,4579.0000,4579.8000,1,1,1,1,1,1,1,1,1,1
SF,IF2011,2020-09-30 09:35:05.100,4571.8000,4474,0,225246120.000,1,0,1,多换,S,4570.0000,4566.8000,4561.0000,4555.0000,4551.0000,4571.6000,4577.6000,4579.0000,4579.8000,4581.4000,1,1,1,1,1,1,1,1,1,1
SF,IF2011,2020-09-30 09:35:05.600,4571.8000,4473,-1,226617660.000,1,0,1,双平,S,4570.0000,4566.8000,4561.0000,4555.0000,4551.0000,4577.6000,4579.0000,4579.8000,4581.4000,4582.0000,1,1,1,1,1,1,1,1,1,1
SF,IF2011,2020-09-30 09:35:06.100,4571.8000,4473,0,226617660.000,0,-,-,-,-,4570.2000,4570.0000,4566.8000,4561.0000,4555.0000,4574.4000,4574.6000,4575.2000,4575.6000,4576.0000,4,1,1,1,1,1,2,2,5,1
SF,IF2011,2020-09-30 09:35:06.600,4571.8000,4473,0,226617660.000,0,-,-,-,-,4570.8000,4570.6000,4570.4000,4570.2000,4570.0000,4574.2000,4574.4000,4574.6000,4575.2000,4575.6000,2,1,1,5,1,1,1,2,2,5
SF,IF2011,2020-09-30 09:35:07.100,4571.8000,4473,0,226617660.000,0,-,-,-,-,4571.0000,4570.8000,4570.6000,4570.2000,4570.0000,4574.2000,4574.4000,4574.6000,4575.6000,4576.0000,2,2,1,4,1,1,1,2,5,1
SF,IF2011,2020-09-30 09:35:07.600,4571.8000,4473,0,226617660.000,0,-,-,-,-,4571.0000,4570.8000,4570.2000,4570.0000,4561.0000,4574.2000,4574.4000,4574.6000,4575.6000,4576.0000,4,2,4,1,1,1,1,2,5,1
SF,IF2011,2020-09-30 09:35:10.100,4571.8000,4473,0,226617660.000,0,-,-,-,-,4571.0000,4570.8000,4570.2000,4570.0000,4561.0000,4574.2000,4574.4000,4574.6000,4575.6000,4576.0000,4,2,4,1,1,1,1,2,5,1
SF,IF2011,2020-09-30 09:35:10.600,4571.0000,4473,0,227988960.000,1,0,1,多换,S,4571.0000,4570.2000,4570.0000,4561.0000,4555.0000,4574.0000,4574.2000,4574.4000,4574.6000,4575.6000,1,4,1,1,1,1,1,1,2,5
SF,IF2011,2020-09-30 09:35:11.100,4571.0000,4473,0,227988960.000,0,-,-,-,-,4571.0000,4570.2000,4570.0000,4561.0000,4555.0000,4573.8000,4574.0000,4574.4000,4574.6000,4575.6000,1,4,1,1,1,1,2,1,1,5
SF,IF2011,2020-09-30 09:35:11.600,4571.0000,4473,0,227988960.000,0,-,-,-,-,4571.0000,4570.8000,4570.2000,4570.0000,4561.0000,4573.8000,4574.0000,4574.4000,4574.6000,4575.6000,4,1,4,1,1,1,2,1,1,5
SF,IF2011,2020-09-30 09:35:12.100,4571.0000,4473,0,227988960.000,0,-,-,-,-,4571.0000,4570.2000,4570.0000,4561.0000,4555.0000,4573.8000,4574.0000,4574.4000,4574.6000,4575.6000,3,3,1,1,1,1,2,1,1,5
SF,IF2011,2020-09-30 09:35:12.600,4571.0000,4473,0,227988960.000,0,-,-,-,-,4571.0000,4570.8000,4570.2000,4570.0000,4561.0000,4573.8000,4574.0000,4574.4000,4574.6000,4575.6000,5,1,3,1,1,1,2,1,1,5
SF,IF2011,2020-09-30 09:35:13.100,4571.0000,4473,0,227988960.000,0,-,-,-,-,4571.2000,4571.0000,4570.8000,4570.2000,4570.0000,4573.8000,4574.0000,4574.4000,4574.6000,4575.6000,2,4,1,3,1,1,2,1,1,5
SF,IF2011,2020-09-30 09:35:13.600,4571.0000,4473,0,227988960.000,0,-,-,-,-,4571.6000,4571.4000,4571.2000,4571.0000,4570.8000,4574.0000,4574.4000,4574.6000,4575.6000,4576.0000,1,1,2,3,1,1,1,1,5,1
SF,IF2011,2020-09-30 09:35:14.100,4574.0000,4472,-1,229361160.000,1,0,1,双平,S,4573.0000,4572.8000,4572.0000,4571.8000,4571.6000,4577.6000,4579.0000,4579.8000,4581.4000,4582.0000,1,1,4,2,1,2,1,1,1,1
