市场代码,合约代码,时间,最新,持仓,增仓,成交额,成交量,开仓,平仓,成交类型,方向,买一价,买二价,买三价,买四价,买五价,卖一价,卖二价,卖三价,卖四价,卖五价,买一量,买二量,买三量,买四量,买五量,卖一量,卖二量,卖三量,卖四量,卖五量
SF,IF2009,2020-06-09 09:29:00.400,3887.2000,30081,0,27987840.000,24.000,-,-,-,-,3878.8000,3878.0000,3876.0000,3875.6000,3875.2000,3887.2000,3888.0000,3888.4000,3888.6000,3888.8000,1,1,1,2,1,3,9,2,1,1
SF,IF2009,2020-06-09 09:30:00.400,3885.0000,30082,1,37304760.000,8,4,4,空开,S,3880.0000,3876.0000,3875.2000,3873.8000,3873.4000,3885.0000,3885.2000,3885.6000,3885.8000,3886.0000,2,1,1,2,2,2,4,2,3,1
SF,IF2009,2020-06-09 09:30:00.900,3880.8000,30079,-3,44289180.000,6,1,5,多平,S,3879.0000,3876.0000,3875.2000,3873.8000,3873.4000,3880.8000,3881.6000,3882.4000,3882.6000,3882.8000,1,1,1,2,2,2,2,2,1,4
SF,IF2009,2020-06-09 09:30:01.400,3880.8000,30076,-3,47781720.000,3,0,3,双平,S,3880.0000,3879.2000,3879.0000,3876.0000,3875.2000,3880.6000,3880.8000,3881.6000,3882.4000,3882.6000,1,1,1,1,1,4,1,1,2,1
SF,IF2009,2020-06-09 09:30:01.900,3880.6000,30073,-3,52438260.000,4,0,4,多平,S,3879.0000,3876.0000,3875.2000,3873.8000,3873.4000,3880.6000,3880.8000,3881.6000,3882.4000,3882.6000,1,1,1,2,2,1,1,1,2,1
SF,IF2009,2020-06-09 09:30:02.400,3880.6000,30073,0,52438260.000,0,-,-,-,-,3879.2000,3879.0000,3876.0000,3875.2000,3873.8000,3880.6000,3880.8000,3881.6000,3882.4000,3882.6000,1,1,1,1,2,3,1,1,2,1
SF,IF2009,2020-06-09 09:30:02.900,3880.6000,30073,0,52438260.000,0,-,-,-,-,3879.2000,3879.0000,3876.0000,3875.2000,3873.8000,3880.4000,3880.6000,3880.8000,3881.6000,3882.4000,1,1,1,1,2,2,1,1,1,2
SF,IF2009,2020-06-09 09:30:03.400,3880.6000,30073,0,52438260.000,0,-,-,-,-,3879.2000,3879.0000,3876.0000,3875.2000,3873.8000,3880.2000,3880.4000,3880.8000,3881.6000,3882.4000,1,1,1,1,2,1,2,1,1,2
SF,IF2009,2020-06-09 09:30:03.900,3879.0000,30071,-2,54765720.000,2,0,2,双平,S,3879.8000,3876.0000,3875.2000,3873.8000,3873.4000,3880.0000,3880.2000,3880.8000,3881.6000,3882.4000,1,1,1,2,2,1,5,1,1,2
SF,IF2009,2020-06-09 09:30:04.400,3879.8000,30069,-2,57093660.000,2,0,2,双平,S,3876.0000,3875.2000,3873.8000,3873.4000,3873.2000,3879.8000,3880.2000,3882.4000,3882.6000,3882.8000,1,1,2,2,1,2,2,1,1,4
SF,IF2009,2020-06-09 09:30:04.900,3879.8000,30069,0,57093660.000,0,-,-,-,-,3879.0000,3878.8000,3878.6000,3878.4000,3878.2000,3879.2000,3879.6000,3879.8000,3882.4000,3882.6000,6,2,1,1,4,1,3,2,1,1
SF,IF2009,2020-06-09 09:30:05.400,3879.2000,30065,-4,61748700.000,4,0,4,双平,S,3879.2000,3879.0000,3878.6000,3878.4000,3877.6000,3879.6000,3879.8000,3882.4000,3882.6000,3882.8000,4,5,1,1,1,2,1,1,1,4
SF,IF2009,2020-06-09 09:30:05.900,3879.6000,30063,-2,64076460.000,2,0,2,双平,S,3879.4000,3879.2000,3879.0000,3878.6000,3878.4000,3879.8000,3882.4000,3882.6000,3882.8000,3884.0000,3,5,5,1,1,1,1,1,4,5
SF,IF2009,2020-06-09 09:30:06.400,3879.4000,30061,-2,66404220.000,2,0,2,双平,S,3879.4000,3879.2000,3878.6000,3878.4000,3877.6000,3882.4000,3882.6000,3882.8000,3884.0000,3884.6000,2,5,1,1,1,1,1,4,5,10
SF,IF2009,2020-06-09 09:30:06.900,3879.4000,30060,-1,67568040.000,1,0,1,双平,S,3879.6000,3879.4000,3879.2000,3878.2000,3876.4000,3881.0000,3881.6000,3882.0000,3882.2000,3882.4000,1,1,1,1,1,1,1,1,3,3
SF,IF2009,2020-06-09 09:30:07.400,3879.4000,30061,1,68731860.000,1,1,0,双开,S,3879.6000,3879.4000,3879.2000,3878.2000,3876.4000,3880.8000,3881.0000,3881.6000,3882.0000,3882.2000,1,1,1,1,1,2,1,1,1,1
SF,IF2009,2020-06-09 09:30:07.900,3880.6000,30059,-2,72223680.000,3,0,3,多平,S,3879.2000,3878.2000,3876.4000,3876.2000,3876.0000,3879.6000,3880.6000,3880.8000,3881.0000,3881.6000,1,1,1,5,5,1,2,2,2,1
SF,IF2009,2020-06-09 09:30:08.400,3879.2000,30058,-1,73387440.000,1,0,1,双平,S,3878.4000,3878.2000,3876.4000,3876.2000,3876.0000,3879.6000,3880.6000,3880.8000,3881.0000,3881.6000,1,1,1,5,5,1,2,1,2,1
SF,IF2009,2020-06-09 09:30:08.900,3879.2000,30058,0,73387440.000,0,-,-,-,-,3878.6000,3878.4000,3878.2000,3876.4000,3876.2000,3879.2000,3879.4000,3879.6000,3880.6000,3880.8000,1,2,1,1,5,1,1,1,2,1
SF,IF2009,2020-06-09 09:30:09.400,3879.2000,30058,0,73387440.000,0,-,-,-,-,3878.6000,3878.4000,3878.2000,3876.4000,3876.2000,3879.0000,3879.2000,3879.4000,3879.6000,3881.0000,1,2,1,1,5,1,1,1,1,1
SF,IF2009,2020-06-09 09:30:09.900,3878.8000,30055,-3,78042360.000,4,0,4,多平,S,3878.6000,3878.4000,3877.8000,3876.4000,3876.2000,3879.4000,3879.6000,3881.0000,3881.6000,3882.0000,1,1,1,1,5,1,1,1,1,1
SF,IF2009,2020-06-09 09:30:10.400,3878.8000,30055,0,78042360.000,0,-,-,-,-,3879.2000,3878.6000,3878.4000,3876.4000,3876.2000,3879.6000,3881.0000,3881.6000,3882.0000,3882.2000,5,2,2,1,5,1,1,1,1,1
SF,IF2009,2020-06-09 09:30:10.900,3879.6000,30054,-1,79206240.000,1,0,1,双平,S,3879.4000,3879.2000,3878.6000,3878.4000,3876.4000,3881.0000,3881.6000,3882.0000,3882.2000,3882.4000,1,1,2,2,1,1,1,1,1,3
SF,IF2009,2020-06-09 09:30:11.400,3879.6000,30054,0,79206240.000,0,-,-,-,-,3879.4000,3879.2000,3878.4000,3876.4000,3876.2000,3880.6000,3880.8000,3881.0000,3881.6000,3882.2000,1,1,1,1,5,1,1,3,1,1
SF,IF2009,2020-06-09 09:30:11.900,3879.4000,30053,-1,80370060.000,1,0,1,双平,S,3879.6000,3879.2000,3878.4000,3876.2000,3876.0000,3880.4000,3880.6000,3881.0000,3881.6000,3882.2000,1,1,1,5,5,1,3,1,1,1
SF,IF2009,2020-06-09 09:30:12.400,3879.4000,30053,0,80370060.000,0,-,-,-,-,3879.6000,3879.2000,3878.4000,3876.2000,3876.0000,3880.0000,3880.4000,3880.6000,3881.0000,3881.6000,1,1,1,5,5,2,2,1,1,1
SF,IF2009,2020-06-09 09:30:12.900,3879.6000,30053,0,81533940.000,1,0,1,多换,S,3879.2000,3879.0000,3878.4000,3876.2000,3876.0000,3879.6000,3880.4000,3880.6000,3881.0000,3881.6000,1,1,1,5,5,3,3,1,1,1
SF,IF2009,2020-06-09 09:30:14.400,3879.6000,30053,0,81533940.000,0,-,-,-,-,3879.2000,3879.0000,3878.4000,3876.2000,3876.0000,3879.6000,3880.4000,3880.6000,3881.0000,3881.6000,1,1,1,5,5,3,3,1,1,1
SF,IF2009,2020-06-09 09:30:14.900,3879.4000,30053,0,82697760.000,1,0,1,多换,S,3879.2000,3879.0000,3878.4000,3876.2000,3876.0000,3879.6000,3880.0000,3880.4000,3881.0000,3881.6000,1,1,1,5,5,3,1,3,1,1
SF,IF2009,2020-06-09 09:30:15.400,3879.4000,30053,0,82697760.000,0,-,-,-,-,3879.2000,3879.0000,3878.4000,3876.2000,3876.0000,3879.6000,3880.0000,3880.4000,3881.0000,3881.6000,1,1,1,5,5,3,1,2,1,1
SF,IF2009,2020-06-09 09:30:16.400,3879.4000,30053,0,82697760.000,0,-,-,-,-,3879.2000,3879.0000,3878.4000,3878.2000,3876.8000,3879.4000,3879.6000,3880.0000,3880.4000,3881.0000,1,1,1,1,2,1,3,1,2,1
SF,IF2009,2020-06-09 09:30:16.900,3879.0000,30052,-1,85025220.000,2,0,2,多平,S,3878.4000,3878.2000,3876.8000,3876.2000,3876.0000,3879.2000,3879.4000,3879.6000,3880.0000,3880.4000,1,1,2,5,5,1,1,3,1,1
SF,IF2009,2020-06-09 09:30:17.400,3879.0000,30052,0,85025220.000,0,-,-,-,-,3876.8000,3876.2000,3876.0000,3875.4000,3875.2000,3879.0000,3879.2000,3879.4000,3879.6000,3880.0000,2,5,5,1,1,1,3,1,3,1
SF,IF2009,2020-06-09 09:30:17.900,3879.0000,30052,0,85025220.000,0,-,-,-,-,3878.0000,3877.8000,3877.0000,3876.8000,3876.2000,3878.8000,3879.0000,3879.2000,3879.4000,3879.6000,4,1,1,2,5,1,3,1,1,3
SF,IF2009,2020-06-09 09:30:18.400,3879.0000,30052,0,85025220.000,0,-,-,-,-,3878.0000,3877.0000,3876.8000,3876.2000,3876.0000,3878.8000,3879.0000,3879.2000,3879.4000,3879.6000,4,1,2,5,5,2,2,1,1,3
SF,IF2009,2020-06-09 09:30:18.900,3879.0000,30052,0,85025220.000,0,-,-,-,-,3878.0000,3877.0000,3876.8000,3876.2000,3876.0000,3879.0000,3879.2000,3879.6000,3880.0000,3880.4000,4,1,2,5,5,2,1,4,1,1
SF,IF2009,2020-06-09 09:30:19.400,3879.0000,30052,0,85025220.000,0,-,-,-,-,3877.0000,3876.8000,3876.2000,3876.0000,3875.2000,3879.0000,3879.2000,3879.6000,3880.0000,3880.4000,1,2,5,5,1,2,1,4,1,1
SF,IF2009,2020-06-09 09:30:19.900,3879.0000,30052,0,85025220.000,0,-,-,-,-,3877.8000,3877.2000,3877.0000,3876.8000,3876.2000,3878.0000,3878.8000,3879.0000,3879.2000,3879.6000,5,1,1,2,5,1,1,1,1,4
SF,IF2009,2020-06-09 09:30:20.400,3878.6000,30052,0,88515600.000,3,1,2,多换,S,3876.2000,3876.0000,3875.2000,3874.8000,3873.8000,3878.6000,3879.0000,3879.2000,3879.6000,3880.0000,5,1,1,1,2,1,2,1,4,1
SF,IF2009,2020-06-09 09:30:20.900,3878.6000,30052,0,88515600.000,0,-,-,-,-,3877.6000,3876.4000,3876.2000,3876.0000,3875.2000,3878.4000,3878.6000,3879.0000,3879.2000,3879.6000,4,3,1,3,1,1,1,1,1,4
SF,IF2009,2020-06-09 09:30:21.400,3878.6000,30052,0,88515600.000,0,-,-,-,-,3876.4000,3876.2000,3876.0000,3875.2000,3874.8000,3877.8000,3878.2000,3879.0000,3879.2000,3879.6000,2,1,2,1,1,1,1,1,1,4
SF,IF2009,2020-06-09 09:30:21.900,3878.0000,30051,-1,90842340.000,2,0,2,多平,S,3877.6000,3877.2000,3877.0000,3876.6000,3876.4000,3878.2000,3879.0000,3879.2000,3879.6000,3880.0000,5,1,2,1,2,1,1,1,4,1
SF,IF2009,2020-06-09 09:30:22.400,3878.0000,30051,0,90842340.000,0,-,-,-,-,3877.0000,3876.4000,3876.2000,3876.0000,3875.2000,3878.2000,3879.0000,3879.2000,3879.6000,3880.0000,2,3,1,2,1,1,1,2,4,1
SF,IF2009,2020-06-09 09:30:22.900,3878.0000,30051,0,90842340.000,0,-,-,-,-,3877.2000,3877.0000,3876.4000,3876.2000,3876.0000,3878.2000,3879.0000,3879.2000,3879.6000,3880.0000,4,1,3,1,2,1,1,2,4,1
SF,IF2009,2020-06-09 09:30:23.400,3878.0000,30051,0,90842340.000,0,-,-,-,-,3876.4000,3876.2000,3876.0000,3875.2000,3874.8000,3878.0000,3878.2000,3879.0000,3879.2000,3879.6000,2,1,2,1,1,1,4,2,4,3
SF,IF2009,2020-06-09 09:30:23.900,3878.0000,30051,0,90842340.000,0,-,-,-,-,3877.0000,3876.6000,3876.4000,3876.2000,3876.0000,3877.6000,3877.8000,3878.0000,3878.2000,3879.0000,5,1,2,1,2,1,1,3,1,2
SF,IF2009,2020-06-09 09:30:24.400,3878.0000,30051,0,90842340.000,0,-,-,-,-,3877.0000,3876.4000,3876.2000,3876.0000,3875.2000,3877.6000,3877.8000,3878.0000,3878.2000,3879.0000,6,2,1,2,1,1,1,3,1,2
SF,IF2009,2020-06-09 09:30:24.900,3878.0000,30051,0,90842340.000,0,-,-,-,-,3877.0000,3876.4000,3876.2000,3876.0000,3875.2000,3877.4000,3877.6000,3878.0000,3879.0000,3879.2000,6,2,1,2,1,1,1,3,2,4
SF,IF2009,2020-06-09 09:30:25.400,3878.0000,30050,-1,92005740.000,1,0,1,双平,S,3876.4000,3876.0000,3875.2000,3874.8000,3873.8000,3877.6000,3878.0000,3879.0000,3879.2000,3879.6000,2,2,1,1,2,1,3,2,4,3
SF,IF2009,2020-06-09 09:30:25.900,3878.0000,30050,0,92005740.000,0,-,-,-,-,3876.4000,3876.0000,3875.2000,3874.8000,3873.8000,3877.4000,3877.6000,3878.0000,3879.0000,3879.2000,2,2,1,1,2,1,3,3,2,4
SF,IF2009,2020-06-09 09:30:26.400,3877.8000,30047,-3,95495760.000,3,0,3,双平,S,3877.0000,3876.8000,3876.6000,3876.4000,3876.0000,3878.0000,3879.0000,3879.2000,3879.6000,3880.0000,4,1,4,2,2,3,2,4,3,1
SF,IF2009,2020-06-09 09:30:26.900,3877.8000,30047,0,95495760.000,0,-,-,-,-,3877.2000,3877.0000,3876.6000,3876.4000,3876.0000,3878.0000,3879.0000,3879.2000,3879.6000,3880.0000,8,4,1,2,2,3,2,4,3,1
SF,IF2009,2020-06-09 09:30:27.400,3877.8000,30047,0,95495760.000,0,-,-,-,-,3877.4000,3877.2000,3877.0000,3876.4000,3876.0000,3878.0000,3879.0000,3879.2000,3879.6000,3880.0000,2,7,4,2,2,3,2,4,3,1
SF,IF2009,2020-06-09 09:30:27.900,3877.8000,30047,0,95495760.000,0,-,-,-,-,3877.4000,3877.2000,3877.0000,3876.4000,3876.0000,3878.0000,3879.0000,3879.2000,3879.6000,3880.0000,3,7,4,2,2,3,2,4,3,1
SF,IF2009,2020-06-09 09:30:28.400,3877.4000,30044,-3,98985420.000,3,0,3,双平,S,3876.4000,3876.0000,3875.2000,3873.8000,3873.4000,3877.8000,3878.0000,3879.0000,3879.2000,3879.6000,2,2,1,2,2,1,3,2,4,3
SF,IF2009,2020-06-09 09:30:28.900,3877.4000,30044,0,98985420.000,0,-,-,-,-,3877.0000,3876.6000,3876.4000,3876.0000,3875.6000,3877.8000,3878.0000,3879.0000,3879.2000,3879.6000,4,3,2,2,1,1,3,2,4,3
SF,IF2009,2020-06-09 09:30:29.400,3877.4000,30044,0,98985420.000,0,-,-,-,-,3877.0000,3876.6000,3876.4000,3876.0000,3875.6000,3877.8000,3878.0000,3878.6000,3879.0000,3879.2000,4,2,2,2,1,1,3,1,2,4
SF,IF2009,2020-06-09 09:30:29.900,3877.4000,30044,0,98985420.000,0,-,-,-,-,3877.2000,3877.0000,3876.4000,3876.0000,3875.6000,3878.0000,3878.6000,3879.0000,3879.2000,3879.6000,3,4,2,2,1,3,1,2,4,3
SF,IF2009,2020-06-09 09:30:30.400,3877.4000,30044,0,98985420.000,0,-,-,-,-,3877.0000,3876.4000,3876.0000,3875.6000,3875.2000,3877.8000,3878.0000,3878.6000,3879.0000,3879.2000,4,2,2,1,1,2,3,1,2,4
SF,IF2009,2020-06-09 09:30:30.900,3877.4000,30044,0,98985420.000,0,-,-,-,-,3877.2000,3877.0000,3876.4000,3876.0000,3875.6000,3877.8000,3878.0000,3878.6000,3879.0000,3879.2000,5,4,2,2,1,1,4,1,1,4
SF,IF2009,2020-06-09 09:30:31.400,3877.4000,30044,0,98985420.000,0,-,-,-,-,3877.4000,3877.2000,3877.0000,3876.4000,3876.0000,3877.8000,3878.0000,3878.6000,3879.0000,3879.2000,1,6,4,2,2,1,4,1,1,4
SF,IF2009,2020-06-09 09:30:31.900,3877.4000,30044,0,98985420.000,0,-,-,-,-,3877.4000,3877.2000,3877.0000,3876.4000,3876.0000,3878.0000,3878.6000,3879.0000,3879.2000,3879.6000,1,6,4,2,2,4,1,1,4,3
SF,IF2009,2020-06-09 09:30:32.400,3877.4000,30044,0,98985420.000,0,-,-,-,-,3877.6000,3877.2000,3877.0000,3876.8000,3876.4000,3878.0000,3878.6000,3879.0000,3879.2000,3879.6000,1,5,6,2,2,4,1,1,4,3
SF,IF2009,2020-06-09 09:30:32.900,3877.4000,30044,0,98985420.000,0,-,-,-,-,3877.6000,3877.4000,3877.2000,3877.0000,3876.8000,3878.0000,3878.6000,3879.0000,3879.2000,3879.6000,1,1,5,7,2,4,1,1,4,3
SF,IF2009,2020-06-09 09:30:33.400,3877.4000,30044,0,98985420.000,0,-,-,-,-,3877.8000,3877.4000,3877.2000,3877.0000,3876.8000,3878.0000,3878.6000,3879.0000,3879.2000,3879.6000,1,1,5,7,2,4,1,1,4,3
SF,IF2009,2020-06-09 09:30:33.900,3877.8000,30044,0,100148760.000,1,0,1,多换,S,3877.4000,3877.2000,3877.0000,3876.8000,3876.4000,3878.0000,3878.6000,3879.0000,3879.2000,3879.6000,1,5,8,2,1,4,1,1,4,3
SF,IF2009,2020-06-09 09:30:34.900,3878.0000,30043,-1,101312160.000,1,0,1,双平,S,3877.6000,3877.2000,3877.0000,3876.8000,3876.4000,3878.0000,3878.6000,3879.0000,3879.2000,3879.6000,1,5,7,2,1,3,1,1,4,3
SF,IF2009,2020-06-09 09:30:35.400,3878.0000,30043,0,102475560.000,1,0,1,多换,S,3877.6000,3877.2000,3877.0000,3876.8000,3876.4000,3878.0000,3878.6000,3879.0000,3879.2000,3879.6000,1,5,7,2,1,2,1,1,4,3
SF,IF2009,2020-06-09 09:30:35.900,3877.2000,30038,-5,108291480.000,5,0,5,双平,S,3877.2000,3877.0000,3876.8000,3876.4000,3876.0000,3877.4000,3878.0000,3878.6000,3879.0000,3879.2000,1,7,2,1,7,1,2,1,1,4
SF,IF2009,2020-06-09 09:30:36.400,3878.0000,30036,-2,111781500.000,3,0,3,多平,S,3878.0000,3877.4000,3877.2000,3877.0000,3876.8000,3878.6000,3879.0000,3879.2000,3879.6000,3880.0000,1,1,2,3,2,1,1,4,3,1
SF,IF2009,2020-06-09 09:30:36.900,3878.0000,30036,0,112944900.000,1,0,1,多换,S,3877.4000,3877.0000,3876.8000,3876.4000,3876.0000,3878.4000,3878.6000,3879.0000,3879.2000,3879.6000,1,3,2,1,7,2,1,1,4,3
SF,IF2009,2020-06-09 09:30:37.400,3878.0000,30036,0,112944900.000,0,-,-,-,-,3877.6000,3877.4000,3877.0000,3876.8000,3876.4000,3878.4000,3878.6000,3879.0000,3879.2000,3879.6000,1,2,3,2,1,1,1,1,4,3
SF,IF2009,2020-06-09 09:30:37.900,3878.0000,30036,0,112944900.000,0,-,-,-,-,3877.4000,3877.0000,3876.8000,3876.4000,3876.0000,3878.4000,3878.6000,3879.0000,3879.2000,3879.6000,2,3,2,1,7,1,1,1,4,3
SF,IF2009,2020-06-09 09:30:38.400,3878.0000,30036,0,112944900.000,0,-,-,-,-,3877.4000,3877.0000,3876.8000,3876.4000,3876.0000,3878.4000,3878.6000,3879.0000,3879.2000,3879.6000,2,3,2,1,7,1,1,1,4,3
SF,IF2009,2020-06-09 09:30:38.900,3877.4000,30036,0,114108120.000,1,0,1,多换,S,3877.2000,3877.0000,3876.8000,3876.4000,3876.0000,3878.4000,3878.6000,3879.0000,3879.2000,3879.6000,1,3,2,1,7,2,1,1,4,3
SF,IF2009,2020-06-09 09:30:39.400,3877.4000,30036,0,114108120.000,0,-,-,-,-,3877.2000,3877.0000,3876.8000,3876.4000,3876.0000,3878.2000,3878.4000,3878.6000,3879.0000,3879.2000,1,3,2,1,7,1,2,1,1,4
SF,IF2009,2020-06-09 09:30:39.900,3877.4000,30036,0,114108120.000,0,-,-,-,-,3877.2000,3877.0000,3876.8000,3876.4000,3876.0000,3878.0000,3878.2000,3878.6000,3879.0000,3879.2000,1,3,2,1,7,1,1,1,1,4
SF,IF2009,2020-06-09 09:30:40.400,3877.2000,30035,-1,115271280.000,1,0,1,双平,S,3877.0000,3876.8000,3876.4000,3876.0000,3875.2000,3878.0000,3878.6000,3879.0000,3879.2000,3879.6000,3,2,1,7,1,2,1,1,4,3
SF,IF2009,2020-06-09 09:30:40.900,3877.2000,30035,0,115271280.000,0,-,-,-,-,3877.0000,3876.8000,3876.4000,3876.0000,3875.2000,3878.0000,3878.6000,3879.0000,3879.2000,3879.6000,3,2,1,7,1,3,1,1,4,3
SF,IF2009,2020-06-09 09:30:41.400,3877.2000,30035,0,115271280.000,0,-,-,-,-,3877.0000,3876.8000,3876.4000,3876.0000,3875.2000,3877.8000,3878.0000,3878.6000,3879.0000,3879.2000,3,2,1,7,1,1,2,1,1,4
SF,IF2009,2020-06-09 09:30:41.900,3877.2000,30035,0,115271280.000,0,-,-,-,-,3877.0000,3876.8000,3876.4000,3876.0000,3875.2000,3877.8000,3878.0000,3878.6000,3879.0000,3879.2000,3,2,1,7,1,1,2,1,1,4
SF,IF2009,2020-06-09 09:30:42.400,3877.0000,30032,-3,118760580.000,3,0,3,双平,S,3876.8000,3876.4000,3876.0000,3875.2000,3873.8000,3877.0000,3877.8000,3878.0000,3878.6000,3879.0000,2,1,7,1,2,2,1,2,1,1
SF,IF2009,2020-06-09 09:30:42.900,3877.0000,30030,-2,121086780.000,2,0,2,双平,S,3877.0000,3876.8000,3876.4000,3876.0000,3875.2000,3877.8000,3878.0000,3878.6000,3879.0000,3879.2000,3,3,1,7,1,1,2,1,1,4
SF,IF2009,2020-06-09 09:30:43.400,3877.0000,30030,0,121086780.000,0,-,-,-,-,3877.0000,3876.8000,3876.4000,3876.0000,3875.2000,3877.8000,3878.0000,3878.6000,3879.0000,3879.2000,3,2,1,7,1,2,2,1,1,4
SF,IF2009,2020-06-09 09:30:43.900,3877.0000,30030,0,121086780.000,0,-,-,-,-,3877.2000,3877.0000,3876.8000,3876.4000,3876.0000,3878.0000,3878.6000,3879.0000,3879.2000,3879.6000,2,3,2,1,7,2,1,1,4,3
SF,IF2009,2020-06-09 09:30:44.400,3877.0000,30030,0,121086780.000,0,-,-,-,-,3877.4000,3877.2000,3877.0000,3876.8000,3876.4000,3877.8000,3878.0000,3878.6000,3879.0000,3879.2000,2,2,3,2,1,1,2,1,1,4
SF,IF2009,2020-06-09 09:30:44.900,3877.0000,30030,0,121086780.000,0,-,-,-,-,3877.4000,3877.2000,3877.0000,3876.8000,3876.4000,3877.8000,3878.0000,3878.6000,3879.0000,3879.2000,2,2,3,2,1,1,2,1,1,4
SF,IF2009,2020-06-09 09:30:45.900,3877.4000,30030,0,123413220.000,2,1,1,多换,S,3877.2000,3877.0000,3876.8000,3876.4000,3876.0000,3877.8000,3878.0000,3878.6000,3879.0000,3879.2000,2,3,2,1,7,1,2,1,1,4
SF,IF2009,2020-06-09 09:30:46.400,3877.2000,30029,-1,124576380.000,1,0,1,双平,S,3877.0000,3876.8000,3876.4000,3876.0000,3875.2000,3878.0000,3878.6000,3879.0000,3879.2000,3879.6000,3,2,1,7,1,2,1,1,4,3
SF,IF2009,2020-06-09 09:30:46.900,3877.2000,30029,0,124576380.000,0,-,-,-,-,3876.8000,3876.4000,3876.0000,3875.2000,3873.8000,3877.8000,3878.0000,3878.6000,3879.0000,3879.2000,2,1,7,1,2,2,2,1,1,4
SF,IF2009,2020-06-09 09:30:47.400,3877.2000,30029,0,124576380.000,0,-,-,-,-,3876.8000,3876.4000,3876.0000,3875.2000,3873.8000,3877.6000,3877.8000,3878.0000,3878.6000,3879.0000,2,1,7,1,2,1,5,1,1,1
SF,IF2009,2020-06-09 09:30:47.900,3877.2000,30029,0,124576380.000,0,-,-,-,-,3876.8000,3876.4000,3876.0000,3875.2000,3873.8000,3877.6000,3877.8000,3878.0000,3878.6000,3879.0000,2,1,7,1,2,3,3,1,1,1
SF,IF2009,2020-06-09 09:30:48.400,3877.2000,30029,0,124576380.000,0,-,-,-,-,3876.8000,3876.4000,3876.0000,3875.2000,3873.8000,3877.4000,3877.6000,3877.8000,3878.0000,3878.6000,2,1,7,1,2,2,4,1,1,1
SF,IF2009,2020-06-09 09:30:48.900,3877.2000,30029,0,124576380.000,0,-,-,-,-,3876.8000,3876.4000,3876.0000,3875.2000,3873.8000,3877.2000,3877.4000,3877.6000,3877.8000,3878.0000,2,1,7,1,2,1,2,3,1,1
SF,IF2009,2020-06-09 09:30:49.400,3877.2000,30029,0,124576380.000,0,-,-,-,-,3876.8000,3876.0000,3875.2000,3873.8000,3873.4000,3877.2000,3877.4000,3877.6000,3877.8000,3878.0000,2,7,1,2,2,1,2,3,1,1
SF,IF2009,2020-06-09 09:30:49.900,3876.8000,30029,0,125739420.000,1,0,1,多换,S,3876.8000,3876.0000,3875.2000,3873.8000,3873.4000,3877.2000,3877.6000,3877.8000,3878.0000,3878.6000,1,7,1,2,2,1,3,1,1,1
SF,IF2009,2020-06-09 09:30:50.400,3876.8000,30028,-1,129228540.000,3,1,2,多平,S,3876.0000,3875.4000,3875.2000,3873.8000,3873.4000,3877.2000,3877.6000,3877.8000,3878.0000,3878.6000,7,2,1,2,2,1,2,1,1,1
SF,IF2009,2020-06-09 09:30:50.900,3877.0000,30028,0,130391640.000,1,0,1,多换,S,3876.0000,3875.4000,3875.2000,3873.8000,3873.4000,3877.2000,3877.6000,3877.8000,3878.0000,3878.6000,7,2,1,2,2,2,1,1,1,1
SF,IF2009,2020-06-09 09:30:51.400,3876.2000,30028,0,131554500.000,1,0,1,多换,S,3876.8000,3876.0000,3875.4000,3875.2000,3873.8000,3877.0000,3877.2000,3877.6000,3877.8000,3878.0000,3,7,2,1,2,1,2,1,1,1
SF,IF2009,2020-06-09 09:30:51.900,3876.8000,30025,-3,135043620.000,3,0,3,双平,S,3876.0000,3875.4000,3875.2000,3873.8000,3873.4000,3876.8000,3877.0000,3877.2000,3877.6000,3877.8000,6,2,1,2,2,5,1,2,1,1
SF,IF2009,2020-06-09 09:30:52.400,3876.8000,30025,0,140858820.000,5,2,3,多换,S,3876.0000,3875.4000,3875.2000,3873.8000,3873.4000,3876.8000,3877.2000,3877.6000,3878.0000,3878.2000,6,2,1,2,2,1,1,1,1,1
SF,IF2009,2020-06-09 09:30:52.900,3876.0000,30026,1,142021620.000,1,1,0,双开,S,3876.0000,3875.6000,3875.4000,3875.2000,3873.8000,3876.6000,3876.8000,3877.2000,3877.6000,3878.0000,5,1,2,1,2,2,2,1,1,1
SF,IF2009,2020-06-09 09:30:53.400,3876.0000,30026,0,142021620.000,0,-,-,-,-,3876.0000,3875.4000,3875.2000,3873.8000,3873.4000,3876.2000,3876.4000,3876.6000,3876.8000,3877.2000,5,2,1,2,3,3,1,2,3,1
SF,IF2009,2020-06-09 09:30:53.900,3876.0000,30026,0,145510020.000,3,1,2,多换,S,3876.0000,3875.4000,3875.2000,3873.4000,3873.2000,3876.2000,3876.6000,3876.8000,3877.2000,3877.6000,2,2,1,3,1,4,1,3,1,1
SF,IF2009,2020-06-09 09:30:54.400,3876.0000,30026,0,147835620.000,2,1,1,多换,S,3875.4000,3875.2000,3873.4000,3873.2000,3873.0000,3876.0000,3876.2000,3876.8000,3877.2000,3877.6000,2,1,3,1,1,1,4,2,1,1
SF,IF2009,2020-06-09 09:30:54.900,3875.2000,30021,-5,154811640.000,6,0,6,多平,S,3873.4000,3873.2000,3873.0000,3872.8000,3872.0000,3876.0000,3876.2000,3876.8000,3877.2000,3877.6000,3,1,1,1,1,1,1,2,1,1
SF,IF2009,2020-06-09 09:30:55.400,3875.2000,30021,0,154811640.000,0,-,-,-,-,3874.6000,3874.2000,3873.6000,3873.4000,3873.2000,3875.8000,3876.0000,3876.2000,3876.8000,3877.2000,1,1,6,3,1,1,2,1,2,1
SF,IF2009,2020-06-09 09:30:55.900,3875.2000,30021,0,154811640.000,0,-,-,-,-,3874.2000,3873.6000,3873.4000,3873.2000,3873.0000,3875.4000,3875.6000,3875.8000,3876.0000,3876.2000,1,2,2,1,1,2,2,1,7,1
SF,IF2009,2020-06-09 09:30:56.400,3874.2000,30019,-2,157136220.000,2,0,2,双平,S,3873.6000,3873.4000,3873.2000,3873.0000,3872.8000,3875.4000,3875.6000,3875.8000,3876.0000,3876.2000,1,2,1,1,1,2,1,1,7,1
SF,IF2009,2020-06-09 09:30:56.900,3874.2000,30019,0,157136220.000,0,-,-,-,-,3874.2000,3873.8000,3873.6000,3873.4000,3873.2000,3875.2000,3875.4000,3875.8000,3876.0000,3876.2000,4,3,1,2,1,3,2,1,4,1
SF,IF2009,2020-06-09 09:30:57.400,3874.2000,30019,0,157136220.000,0,-,-,-,-,3873.8000,3873.6000,3873.4000,3873.2000,3873.0000,3875.0000,3875.2000,3875.4000,3875.8000,3876.0000,2,1,2,1,1,3,2,2,1,4
SF,IF2009,2020-06-09 09:30:57.900,3874.2000,30019,0,157136220.000,0,-,-,-,-,3873.8000,3873.6000,3873.2000,3873.0000,3872.8000,3874.8000,3875.0000,3875.2000,3875.8000,3876.0000,2,1,1,1,1,2,1,1,1,4
SF,IF2009,2020-06-09 09:30:58.400,3873.8000,30019,0,159460500.000,2,1,1,多换,S,3873.6000,3873.2000,3873.0000,3872.8000,3872.0000,3875.0000,3876.0000,3876.2000,3876.8000,3877.0000,1,1,1,1,1,1,4,1,2,16
SF,IF2009,2020-06-09 09:30:58.900,3873.8000,30019,0,159460500.000,0,-,-,-,-,3873.8000,3873.6000,3873.2000,3873.0000,3872.8000,3874.8000,3875.0000,3876.0000,3876.2000,3876.8000,1,1,1,1,1,2,1,4,1,2
SF,IF2009,2020-06-09 09:30:59.400,3873.8000,30019,0,159460500.000,0,-,-,-,-,3874.0000,3873.8000,3873.6000,3873.2000,3873.0000,3875.0000,3876.0000,3876.2000,3876.8000,3877.0000,3,4,2,1,1,1,4,1,2,16
SF,IF2009,2020-06-09 09:30:59.900,3876.0000,30015,-4,166436340.000,6,1,5,多平,S,3873.6000,3873.2000,3873.0000,3872.8000,3872.0000,3876.2000,3876.8000,3877.0000,3878.0000,3878.2000,1,1,1,1,1,1,2,16,1,1
SF,IF2009,2020-06-09 09:31:00.400,3874.2000,30014,-1,167598600.000,1,0,1,双平,S,3874.0000,3873.8000,3873.6000,3873.2000,3873.0000,3874.8000,3875.8000,3876.0000,3876.2000,3876.8000,1,2,3,1,1,1,1,4,1,2
SF,IF2009,2020-06-09 09:31:00.900,3874.2000,30014,0,167598600.000,0,-,-,-,-,3874.2000,3874.0000,3873.8000,3873.6000,3873.2000,3874.6000,3876.0000,3876.2000,3876.8000,3877.0000,1,3,1,1,1,1,3,1,2,16
SF,IF2009,2020-06-09 09:31:01.400,3874.6000,30013,-1,168760980.000,1,0,1,双平,S,3874.2000,3874.0000,3873.8000,3873.6000,3873.2000,3876.0000,3876.2000,3876.8000,3877.0000,3878.0000,1,3,1,1,1,2,1,2,16,1
SF,IF2009,2020-06-09 09:31:01.900,3874.6000,30013,0,168760980.000,0,-,-,-,-,3875.2000,3874.4000,3874.2000,3874.0000,3873.8000,3875.8000,3876.8000,3877.0000,3878.0000,3878.2000,4,3,4,1,1,1,1,16,1,1
SF,IF2009,2020-06-09 09:31:02.400,3874.6000,30013,0,168760980.000,0,-,-,-,-,3874.4000,3874.2000,3874.0000,3873.6000,3873.2000,3875.8000,3876.8000,3877.0000,3878.0000,3878.2000,2,4,1,2,1,2,1,16,1,1
SF,IF2009,2020-06-09 09:31:02.900,3874.6000,30013,0,168760980.000,0,-,-,-,-,3874.6000,3874.4000,3874.2000,3874.0000,3873.6000,3875.8000,3876.8000,3877.0000,3878.0000,3878.2000,1,2,3,1,2,2,1,16,1,1
SF,IF2009,2020-06-09 09:31:03.400,3874.6000,30012,-1,169923360.000,1,0,1,双平,S,3874.6000,3874.4000,3874.2000,3874.0000,3873.6000,3875.8000,3876.8000,3877.0000,3878.0000,3878.2000,2,2,1,1,2,2,1,16,1,1
SF,IF2009,2020-06-09 09:31:03.900,3875.8000,30010,-2,172248480.000,2,0,2,双平,S,3875.0000,3874.8000,3874.6000,3874.4000,3874.2000,3876.8000,3877.0000,3878.0000,3878.2000,3878.6000,3,2,2,2,1,1,16,1,1,1
SF,IF2009,2020-06-09 09:31:04.400,3875.8000,30010,0,172248480.000,0,-,-,-,-,3875.2000,3874.4000,3874.2000,3874.0000,3873.6000,3876.6000,3876.8000,3877.0000,3878.0000,3878.2000,3,2,1,1,2,2,2,16,1,1
SF,IF2009,2020-06-09 09:31:04.900,3875.8000,30010,0,172248480.000,0,-,-,-,-,3875.4000,3875.2000,3874.4000,3874.2000,3874.0000,3875.6000,3876.4000,3876.6000,3876.8000,3877.0000,2,2,2,1,1,5,1,2,2,16
SF,IF2009,2020-06-09 09:31:05.400,3875.8000,30010,0,172248480.000,0,-,-,-,-,3875.4000,3874.4000,3874.2000,3874.0000,3873.6000,3875.6000,3876.4000,3876.8000,3877.0000,3878.0000,2,2,1,3,2,5,1,2,16,1
SF,IF2009,2020-06-09 09:31:05.900,3875.6000,30008,-2,174573840.000,2,0,2,双平,S,3875.4000,3874.4000,3874.2000,3874.0000,3873.6000,3875.6000,3876.4000,3876.8000,3877.0000,3878.0000,2,1,1,3,2,3,1,2,16,1
SF,IF2009,2020-06-09 09:31:06.400,3875.6000,30005,-3,178061880.000,3,0,3,双平,S,3874.4000,3874.2000,3874.0000,3873.6000,3873.2000,3875.4000,3876.4000,3876.8000,3877.0000,3878.0000,1,1,3,2,1,1,1,2,16,1
SF,IF2009,2020-06-09 09:31:06.900,3874.6000,30002,-3,185036160.000,6,1,5,多平,S,3874.4000,3874.2000,3874.0000,3873.6000,3873.2000,3875.2000,3876.4000,3876.8000,3877.0000,3878.0000,1,1,3,2,1,1,1,2,16,1
SF,IF2009,2020-06-09 09:31:07.400,3875.2000,30001,-1,186198720.000,1,0,1,双平,S,3875.6000,3875.2000,3874.8000,3874.6000,3874.4000,3876.4000,3876.8000,3877.0000,3878.0000,3878.2000,1,3,1,3,1,1,2,16,1,1
SF,IF2009,2020-06-09 09:31:07.900,3874.6000,30000,-1,188523660.000,2,0,2,多平,S,3874.4000,3874.2000,3874.0000,3873.6000,3873.2000,3875.6000,3876.0000,3876.2000,3876.4000,3876.8000,1,1,3,2,1,1,2,2,1,2
SF,IF2009,2020-06-09 09:31:08.400,3874.6000,30000,0,188523660.000,0,-,-,-,-,3874.6000,3874.4000,3874.2000,3874.0000,3873.6000,3875.4000,3875.6000,3876.0000,3876.2000,3876.8000,6,2,1,3,2,1,1,2,1,2
SF,IF2009,2020-06-09 09:31:08.900,3874.6000,30000,0,188523660.000,0,-,-,-,-,3874.6000,3874.4000,3874.2000,3874.0000,3873.6000,3875.4000,3876.0000,3876.2000,3876.8000,3877.0000,6,1,1,3,2,1,2,1,2,16
SF,IF2009,2020-06-09 09:31:09.400,3874.6000,30000,0,188523660.000,0,-,-,-,-,3874.6000,3874.4000,3874.2000,3874.0000,3873.6000,3875.4000,3876.0000,3876.2000,3876.8000,3878.0000,3,1,1,3,2,4,2,1,2,1
SF,IF2009,2020-06-09 09:31:09.900,3874.6000,30000,0,192010800.000,3,1,2,多换,S,3874.2000,3874.0000,3873.6000,3873.2000,3873.0000,3875.2000,3875.4000,3876.0000,3876.2000,3876.8000,1,3,2,2,1,4,2,1,1,2
SF,IF2009,2020-06-09 09:31:10.400,3874.6000,30000,0,192010800.000,0,-,-,-,-,3874.2000,3874.0000,3873.6000,3873.2000,3873.0000,3875.0000,3875.2000,3875.4000,3876.0000,3876.8000,1,3,2,2,1,1,4,1,1,2
SF,IF2009,2020-06-09 09:31:10.900,3874.6000,30000,0,192010800.000,0,-,-,-,-,3874.0000,3873.6000,3873.2000,3873.0000,3872.8000,3874.8000,3875.0000,3875.2000,3876.0000,3876.8000,3,2,1,1,1,1,4,1,1,2
SF,IF2009,2020-06-09 09:31:11.400,3874.6000,30000,0,192010800.000,0,-,-,-,-,3874.0000,3873.6000,3873.2000,3873.0000,3872.8000,3874.6000,3874.8000,3875.0000,3875.2000,3876.0000,2,2,1,1,1,1,2,1,1,1
SF,IF2009,2020-06-09 09:31:11.900,3874.6000,30000,0,192010800.000,0,-,-,-,-,3874.0000,3873.6000,3873.2000,3873.0000,3872.8000,3874.6000,3874.8000,3875.2000,3876.0000,3876.8000,2,2,1,1,1,1,2,1,1,2
SF,IF2009,2020-06-09 09:31:12.400,3874.6000,30000,0,192010800.000,0,-,-,-,-,3874.0000,3873.6000,3873.2000,3873.0000,3872.8000,3874.6000,3874.8000,3875.2000,3876.0000,3876.8000,2,2,1,1,1,1,2,1,1,2
SF,IF2009,2020-06-09 09:31:12.900,3874.6000,30000,0,192010800.000,0,-,-,-,-,3874.0000,3873.6000,3873.2000,3873.0000,3872.8000,3874.6000,3875.2000,3876.0000,3876.8000,3878.0000,2,2,1,1,1,1,1,1,2,1
SF,IF2009,2020-06-09 09:31:13.400,3874.6000,30000,0,192010800.000,0,-,-,-,-,3874.0000,3873.6000,3873.2000,3873.0000,3872.8000,3874.6000,3875.2000,3876.0000,3876.8000,3878.0000,2,2,1,1,1,1,1,1,2,1
SF,IF2009,2020-06-09 09:31:13.900,3874.6000,30000,0,192010800.000,0,-,-,-,-,3874.0000,3873.6000,3873.2000,3873.0000,3872.8000,3874.6000,3875.2000,3876.0000,3876.8000,3878.0000,2,2,1,1,1,1,1,1,2,1
SF,IF2009,2020-06-09 09:31:14.400,3874.0000,30002,2,194335200.000,2,2,0,双开,S,3873.6000,3873.2000,3873.0000,3872.8000,3872.2000,3874.6000,3875.2000,3876.0000,3876.8000,3878.0000,2,1,1,1,1,1,1,1,2,1
SF,IF2009,2020-06-09 09:31:14.900,3874.0000,30002,0,194335200.000,0,-,-,-,-,3873.6000,3873.2000,3873.0000,3872.8000,3872.2000,3874.4000,3874.6000,3875.2000,3876.0000,3876.8000,2,1,1,1,1,1,3,1,1,2
SF,IF2009,2020-06-09 09:31:15.400,3874.0000,30002,0,194335200.000,0,-,-,-,-,3873.6000,3873.2000,3873.0000,3872.8000,3872.2000,3874.2000,3874.4000,3874.6000,3875.2000,3876.0000,1,1,1,1,1,2,2,1,1,1
SF,IF2009,2020-06-09 09:31:15.900,3874.0000,30002,0,194335200.000,0,-,-,-,-,3873.6000,3873.2000,3873.0000,3872.8000,3872.2000,3874.0000,3874.2000,3874.4000,3874.6000,3876.0000,1,1,1,1,1,1,2,2,1,1
SF,IF2009,2020-06-09 09:31:16.400,3873.6000,30001,-1,196659480.000,2,0,2,多平,S,3873.2000,3873.0000,3872.8000,3872.2000,3872.0000,3874.2000,3874.4000,3874.6000,3876.0000,3876.8000,1,1,1,1,1,1,2,1,1,1
SF,IF2009,2020-06-09 09:31:16.900,3873.6000,30001,0,196659480.000,0,-,-,-,-,3873.2000,3873.0000,3872.8000,3872.2000,3872.0000,3874.0000,3874.2000,3876.0000,3876.8000,3878.0000,1,1,1,1,1,1,1,1,1,1
SF,IF2009,2020-06-09 09:31:17.400,3873.6000,30001,0,196659480.000,0,-,-,-,-,3873.2000,3873.0000,3872.8000,3872.2000,3872.0000,3873.8000,3876.0000,3876.8000,3878.0000,3878.2000,1,1,1,1,1,2,1,1,1,1
SF,IF2009,2020-06-09 09:31:17.900,3873.6000,30001,0,196659480.000,0,-,-,-,-,3873.2000,3873.0000,3872.8000,3872.2000,3872.0000,3873.8000,3874.6000,3876.0000,3876.8000,3878.0000,1,1,1,1,1,2,14,1,1,1
SF,IF2009,2020-06-09 09:31:18.400,3873.6000,30001,0,196659480.000,0,-,-,-,-,3873.2000,3873.0000,3872.8000,3872.0000,3871.6000,3873.8000,3874.6000,3876.0000,3876.8000,3878.0000,1,1,1,1,2,2,14,1,1,1
SF,IF2009,2020-06-09 09:31:19.400,3873.6000,30001,0,196659480.000,0,-,-,-,-,3873.2000,3873.0000,3872.8000,3872.0000,3871.6000,3873.8000,3874.6000,3876.0000,3876.8000,3878.0000,1,1,1,1,2,2,14,2,1,1
SF,IF2009,2020-06-09 09:31:19.900,3873.2000,30002,1,197821440.000,1,1,0,双开,S,3873.0000,3872.8000,3872.0000,3871.6000,3870.8000,3873.8000,3874.6000,3876.0000,3876.8000,3878.0000,2,1,1,2,3,2,14,2,1,1
SF,IF2009,2020-06-09 09:31:20.400,3873.2000,30002,0,197821440.000,0,-,-,-,-,3873.0000,3872.8000,3872.0000,3871.6000,3870.8000,3873.6000,3873.8000,3874.6000,3876.0000,3876.8000,2,1,1,2,3,3,2,14,2,1
SF,IF2009,2020-06-09 09:31:20.900,3873.2000,30002,0,197821440.000,0,-,-,-,-,3873.0000,3872.8000,3872.0000,3870.8000,3870.0000,3873.4000,3873.6000,3874.6000,3876.0000,3876.8000,2,1,1,3,3,3,3,14,3,1
SF,IF2009,2020-06-09 09:31:21.900,3873.0000,30000,-2,203630880.000,5,1,4,多平,S,3873.0000,3872.0000,3870.8000,3870.0000,3869.6000,3873.4000,3873.6000,3874.6000,3876.0000,3876.8000,3,1,3,3,2,3,3,15,3,1
SF,IF2009,2020-06-09 09:31:22.400,3873.0000,30000,0,207116580.000,3,1,2,多换,S,3872.0000,3870.8000,3870.0000,3869.6000,3869.4000,3873.4000,3873.6000,3874.6000,3876.0000,3876.8000,1,3,3,2,10,2,1,15,3,1
SF,IF2009,2020-06-09 09:31:22.900,3873.0000,30000,0,207116580.000,0,-,-,-,-,3872.0000,3870.8000,3870.0000,3869.6000,3869.4000,3873.0000,3873.2000,3873.4000,3873.6000,3874.6000,1,3,3,2,10,1,2,2,1,15
SF,IF2009,2020-06-09 09:31:23.400,3873.0000,30000,0,207116580.000,0,-,-,-,-,3872.0000,3870.8000,3870.0000,3869.6000,3869.4000,3872.8000,3873.0000,3873.2000,3873.4000,3873.6000,1,3,3,2,10,3,4,2,1,1
SF,IF2009,2020-06-09 09:31:23.900,3873.0000,30000,0,207116580.000,0,-,-,-,-,3872.0000,3870.8000,3870.0000,3869.6000,3869.4000,3872.8000,3873.0000,3873.2000,3873.4000,3873.6000,1,3,3,2,10,3,2,2,1,1
SF,IF2009,2020-06-09 09:31:24.400,3873.0000,30000,0,207116580.000,0,-,-,-,-,3872.0000,3870.8000,3870.0000,3869.6000,3869.4000,3872.6000,3872.8000,3873.0000,3873.2000,3873.4000,1,3,3,2,10,3,4,1,1,1
SF,IF2009,2020-06-09 09:31:24.900,3872.4000,29998,-2,211763340.000,4,1,3,多平,S,3870.8000,3870.0000,3869.6000,3869.4000,3868.6000,3872.6000,3872.8000,3873.0000,3873.2000,3873.4000,3,3,2,10,1,3,2,1,1,1
SF,IF2009,2020-06-09 09:31:25.400,3872.4000,29998,0,211763340.000,0,-,-,-,-,3871.0000,3870.8000,3870.0000,3869.6000,3869.4000,3872.0000,3872.4000,3872.6000,3872.8000,3873.0000,2,3,3,2,10,1,4,1,2,1
SF,IF2009,2020-06-09 09:31:25.900,3872.4000,29998,0,211763340.000,0,-,-,-,-,3871.0000,3870.8000,3870.0000,3869.6000,3869.4000,3872.0000,3872.6000,3872.8000,3873.0000,3873.4000,1,3,3,2,9,1,3,2,6,1
SF,IF2009,2020-06-09 09:31:26.400,3872.4000,29998,0,211763340.000,0,-,-,-,-,3871.0000,3870.8000,3870.0000,3869.6000,3869.4000,3872.0000,3872.8000,3873.0000,3873.4000,3874.6000,1,3,3,2,9,1,2,6,1,1
SF,IF2009,2020-06-09 09:31:26.900,3871.4000,29996,-2,214086420.000,2,0,2,双平,S,3871.4000,3871.2000,3871.0000,3870.8000,3870.0000,3872.8000,3873.0000,3873.4000,3874.6000,3876.0000,2,2,4,3,3,2,6,1,1,2
SF,IF2009,2020-06-09 09:31:27.400,3871.4000,29996,0,214086420.000,0,-,-,-,-,3871.6000,3871.4000,3871.2000,3871.0000,3870.8000,3872.8000,3873.0000,3873.4000,3874.6000,3876.0000,3,2,1,2,3,1,5,1,1,2
SF,IF2009,2020-06-09 09:31:27.900,3871.4000,29996,0,214086420.000,0,-,-,-,-,3871.6000,3871.4000,3871.2000,3871.0000,3870.8000,3872.6000,3872.8000,3873.0000,3873.4000,3874.6000,1,2,1,2,3,1,1,5,1,1
SF,IF2009,2020-06-09 09:31:28.400,3871.4000,29996,0,214086420.000,0,-,-,-,-,3871.8000,3871.6000,3871.4000,3871.2000,3871.0000,3872.6000,3873.0000,3873.4000,3874.6000,3876.0000,2,2,2,1,1,1,5,1,1,2
SF,IF2009,2020-06-09 09:31:28.900,3871.4000,29996,0,214086420.000,0,-,-,-,-,3871.8000,3871.6000,3871.4000,3871.2000,3871.0000,3872.6000,3873.0000,3873.4000,3874.6000,3876.0000,1,2,2,1,1,1,5,1,1,2
SF,IF2009,2020-06-09 09:31:29.400,3871.4000,29996,0,214086420.000,0,-,-,-,-,3871.8000,3871.6000,3871.4000,3871.2000,3871.0000,3872.6000,3873.0000,3873.4000,3874.6000,3876.0000,2,2,2,1,1,1,5,1,1,2
SF,IF2009,2020-06-09 09:31:29.900,3871.4000,29996,0,214086420.000,0,-,-,-,-,3872.0000,3871.8000,3871.4000,3871.2000,3871.0000,3872.6000,3873.0000,3873.4000,3874.6000,3876.0000,2,1,2,1,1,1,5,1,1,2
SF,IF2009,2020-06-09 09:31:30.400,3871.4000,29996,0,214086420.000,0,-,-,-,-,3871.4000,3871.2000,3870.8000,3870.2000,3870.0000,3872.6000,3873.0000,3873.4000,3874.0000,3874.6000,2,1,3,1,3,1,5,1,1,1
SF,IF2009,2020-06-09 09:31:30.900,3872.6000,29995,-1,215248200.000,1,0,1,双平,S,3872.6000,3872.0000,3871.6000,3871.4000,3871.2000,3873.0000,3874.0000,3874.6000,3876.0000,3876.8000,1,2,3,2,1,5,1,1,2,1
SF,IF2009,2020-06-09 09:31:31.400,3873.0000,29997,2,218733900.000,3,2,1,空开,S,3872.6000,3872.0000,3871.6000,3871.2000,3870.8000,3873.0000,3874.6000,3876.0000,3876.8000,3878.0000,1,1,6,1,3,2,1,2,1,1
SF,IF2009,2020-06-09 09:31:31.900,3873.0000,29997,0,221057700.000,2,1,1,多换,S,3872.6000,3872.0000,3871.6000,3871.2000,3870.8000,3874.6000,3876.0000,3876.8000,3878.0000,3878.2000,2,1,6,1,3,1,2,1,1,1
SF,IF2009,2020-06-09 09:31:32.400,3873.0000,29997,0,221057700.000,0,-,-,-,-,3873.0000,3872.8000,3872.6000,3872.0000,3871.6000,3874.6000,3876.0000,3876.8000,3878.0000,3878.2000,2,1,1,1,4,2,2,1,1,1
SF,IF2009,2020-06-09 09:31:32.900,3873.0000,29997,0,221057700.000,0,-,-,-,-,3873.2000,3873.0000,3872.8000,3872.6000,3872.0000,3874.6000,3876.0000,3876.8000,3878.0000,3878.2000,2,2,2,1,1,2,2,1,1,1
SF,IF2009,2020-06-09 09:31:33.400,3873.0000,29997,0,221057700.000,0,-,-,-,-,3873.6000,3873.2000,3873.0000,3872.8000,3872.6000,3874.6000,3876.0000,3876.8000,3878.0000,3878.2000,1,2,2,2,1,2,2,1,1,1
SF,IF2009,2020-06-09 09:31:33.900,3874.6000,29998,1,222220080.000,1,1,0,双开,S,3873.6000,3873.2000,3873.0000,3872.8000,3872.6000,3874.6000,3876.0000,3876.8000,3878.0000,3878.2000,1,2,3,2,1,1,2,1,1,1
SF,IF2009,2020-06-09 09:31:34.400,3874.6000,29998,0,222220080.000,0,-,-,-,-,3873.6000,3873.0000,3872.8000,3872.6000,3872.0000,3874.6000,3876.0000,3876.8000,3878.0000,3878.2000,2,3,1,1,1,1,1,1,1,1
SF,IF2009,2020-06-09 09:31:34.900,3874.6000,29998,0,222220080.000,0,-,-,-,-,3873.0000,3872.8000,3872.6000,3872.0000,3871.6000,3874.6000,3876.0000,3876.8000,3878.0000,3878.2000,3,1,1,1,2,1,1,1,1,1
SF,IF2009,2020-06-09 09:31:35.400,3874.6000,29998,0,222220080.000,0,-,-,-,-,3873.0000,3872.8000,3872.6000,3872.0000,3871.6000,3874.6000,3876.0000,3876.8000,3878.0000,3878.2000,3,1,1,1,2,1,1,1,1,1
SF,IF2009,2020-06-09 09:31:35.900,3874.6000,29998,0,223382460.000,1,0,1,多换,S,3873.0000,3872.8000,3872.6000,3872.0000,3871.6000,3876.0000,3876.8000,3878.0000,3878.2000,3878.6000,3,1,1,1,2,1,1,1,1,1
SF,IF2009,2020-06-09 09:31:36.400,3874.6000,29998,0,223382460.000,0,-,-,-,-,3873.2000,3873.0000,3872.6000,3872.0000,3871.6000,3875.2000,3875.6000,3876.0000,3876.8000,3878.0000,3,3,1,1,2,1,1,6,1,1
SF,IF2009,2020-06-09 09:31:36.900,3874.6000,29998,0,223382460.000,0,-,-,-,-,3873.6000,3873.4000,3873.2000,3873.0000,3872.6000,3875.0000,3875.2000,3875.6000,3876.0000,3876.8000,1,1,3,3,1,1,2,1,6,1
SF,IF2009,2020-06-09 09:31:37.400,3873.0000,30000,2,230354220.000,6,4,2,空开,S,3872.6000,3872.0000,3871.6000,3871.0000,3870.8000,3873.0000,3875.0000,3875.2000,3875.6000,3876.0000,1,1,2,1,3,4,2,2,1,5
SF,IF2009,2020-06-09 09:31:37.900,3873.0000,30000,0,235001820.000,4,2,2,多换,S,3873.2000,3873.0000,3872.8000,3872.6000,3872.0000,3875.0000,3875.2000,3875.6000,3876.0000,3876.8000,1,3,2,1,1,1,3,1,5,1
SF,IF2009,2020-06-09 09:31:38.400,3873.0000,30000,0,235001820.000,0,-,-,-,-,3873.0000,3872.8000,3872.6000,3872.0000,3871.6000,3874.8000,3875.0000,3875.2000,3875.6000,3876.0000,3,1,1,1,2,1,1,2,1,5
SF,IF2009,2020-06-09 09:31:38.900,3873.0000,30000,0,235001820.000,0,-,-,-,-,3873.2000,3873.0000,3872.8000,3872.6000,3872.0000,3874.6000,3874.8000,3875.2000,3875.6000,3876.0000,1,4,2,1,1,1,1,3,1,5
SF,IF2009,2020-06-09 09:31:39.400,3873.0000,30000,0,235001820.000,0,-,-,-,-,3873.0000,3872.8000,3872.6000,3872.0000,3871.6000,3874.4000,3874.6000,3874.8000,3875.2000,3875.6000,4,2,1,1,2,1,2,1,3,1
SF,IF2009,2020-06-09 09:31:39.900,3873.0000,30000,0,235001820.000,0,-,-,-,-,3873.0000,3872.8000,3872.6000,3872.2000,3872.0000,3874.2000,3874.4000,3874.6000,3874.8000,3875.2000,4,2,1,1,2,1,1,1,1,3
SF,IF2009,2020-06-09 09:31:40.400,3873.0000,30000,0,235001820.000,0,-,-,-,-,3873.2000,3873.0000,3872.8000,3872.6000,3872.2000,3874.2000,3874.4000,3874.6000,3874.8000,3875.2000,1,4,2,1,1,1,1,1,1,3
SF,IF2009,2020-06-09 09:31:40.900,3873.0000,30000,0,235001820.000,0,-,-,-,-,3873.2000,3873.0000,3872.8000,3872.6000,3872.2000,3874.2000,3874.4000,3874.6000,3874.8000,3875.2000,1,4,2,1,1,1,1,1,1,3
SF,IF2009,2020-06-09 09:31:41.400,3873.0000,30000,0,235001820.000,0,-,-,-,-,3873.2000,3873.0000,3872.8000,3872.6000,3872.2000,3874.2000,3874.4000,3874.6000,3874.8000,3875.2000,1,4,2,1,1,1,1,1,1,2
SF,IF2009,2020-06-09 09:31:42.900,3873.0000,30000,0,235001820.000,0,-,-,-,-,3873.2000,3873.0000,3872.8000,3872.6000,3872.2000,3874.2000,3874.6000,3874.8000,3875.2000,3875.6000,1,4,2,1,1,1,1,1,2,1
SF,IF2009,2020-06-09 09:31:43.400,3873.0000,30000,0,235001820.000,0,-,-,-,-,3873.6000,3873.2000,3873.0000,3872.8000,3872.6000,3874.2000,3874.6000,3874.8000,3875.2000,3875.6000,1,1,4,2,1,1,1,1,2,1
SF,IF2009,2020-06-09 09:31:43.900,3873.0000,30000,0,235001820.000,0,-,-,-,-,3873.6000,3873.2000,3873.0000,3872.8000,3872.6000,3874.2000,3874.8000,3875.2000,3875.6000,3876.0000,1,1,3,2,1,1,1,1,1,5
SF,IF2009,2020-06-09 09:31:44.400,3873.2000,30000,0,238487700.000,3,1,2,多换,S,3873.0000,3872.8000,3872.6000,3872.2000,3872.0000,3873.2000,3874.2000,3874.8000,3875.0000,3875.2000,3,2,1,1,2,1,1,1,1,1
SF,IF2009,2020-06-09 09:31:44.900,3873.2000,30000,0,239649660.000,1,0,1,多换,S,3873.2000,3873.0000,3872.8000,3872.6000,3872.2000,3874.2000,3875.0000,3875.2000,3875.6000,3876.0000,5,2,2,1,1,1,1,1,1,5
SF,IF2009,2020-06-09 09:31:45.400,3873.2000,30000,0,239649660.000,0,-,-,-,-,3873.2000,3873.0000,3872.8000,3872.6000,3872.2000,3874.2000,3875.0000,3875.2000,3875.6000,3876.0000,4,1,2,1,1,1,2,1,1,5
SF,IF2009,2020-06-09 09:31:45.900,3873.2000,30000,0,239649660.000,0,-,-,-,-,3873.4000,3873.2000,3873.0000,3872.8000,3872.6000,3874.2000,3875.0000,3875.2000,3875.6000,3876.0000,3,4,1,2,1,1,2,1,1,5
SF,IF2009,2020-06-09 09:31:46.400,3874.2000,29999,-1,240811920.000,1,0,1,双平,S,3874.2000,3873.6000,3873.4000,3873.2000,3873.0000,3874.6000,3875.0000,3875.2000,3876.0000,3878.0000,1,4,1,5,1,1,2,1,5,1
SF,IF2009,2020-06-09 09:31:46.900,3874.2000,29998,-1,241974180.000,1,0,1,双平,S,3874.2000,3873.6000,3873.2000,3873.0000,3872.8000,3874.6000,3875.0000,3875.2000,3876.0000,3878.0000,1,4,5,1,2,1,2,1,4,1
SF,IF2009,2020-06-09 09:31:47.400,3874.6000,29997,-1,243136560.000,1,0,1,双平,S,3874.2000,3873.6000,3873.4000,3873.2000,3873.0000,3875.0000,3876.0000,3878.0000,3878.2000,3878.6000,3,4,3,5,1,2,4,1,1,1
SF,IF2009,2020-06-09 09:31:47.900,3875.0000,29996,-1,245461560.000,2,0,2,多平,S,3874.4000,3874.2000,3873.6000,3873.4000,3873.2000,3876.0000,3878.0000,3878.2000,3878.6000,3879.2000,5,2,1,3,5,2,1,1,1,3
SF,IF2009,2020-06-09 09:31:48.400,3875.0000,29996,0,245461560.000,0,-,-,-,-,3874.4000,3874.2000,3873.6000,3873.4000,3873.2000,3875.8000,3876.0000,3878.0000,3878.2000,3878.6000,5,2,1,3,4,1,2,1,1,1
SF,IF2009,2020-06-09 09:31:48.900,3875.0000,29996,0,245461560.000,0,-,-,-,-,3874.4000,3874.2000,3873.4000,3873.2000,3873.0000,3874.6000,3875.8000,3876.0000,3878.0000,3878.2000,5,2,3,5,1,1,1,2,1,1
SF,IF2009,2020-06-09 09:31:49.400,3874.6000,29996,0,246623940.000,1,0,1,多换,S,3874.6000,3874.4000,3874.2000,3873.4000,3873.2000,3875.8000,3876.0000,3878.0000,3878.2000,3878.6000,4,3,2,3,3,1,2,1,1,1
SF,IF2009,2020-06-09 09:31:49.900,3874.6000,29996,0,246623940.000,0,-,-,-,-,3874.6000,3874.4000,3874.2000,3873.4000,3873.2000,3875.8000,3876.0000,3878.0000,3878.2000,3878.6000,3,2,2,3,3,1,2,1,1,1
SF,IF2009,2020-06-09 09:31:50.400,3874.6000,29996,0,246623940.000,0,-,-,-,-,3874.6000,3874.4000,3874.2000,3873.4000,3873.2000,3875.8000,3876.0000,3878.0000,3878.2000,3878.6000,3,2,2,3,3,1,2,1,1,1
SF,IF2009,2020-06-09 09:31:50.900,3875.8000,29996,0,247786680.000,1,0,1,多换,S,3874.8000,3874.6000,3874.4000,3874.2000,3873.4000,3876.0000,3878.0000,3878.2000,3878.6000,3879.2000,1,4,2,2,3,1,1,1,1,3
SF,IF2009,2020-06-09 09:31:51.900,3875.8000,29996,0,247786680.000,0,-,-,-,-,3874.8000,3874.6000,3874.4000,3874.2000,3873.4000,3876.0000,3878.0000,3878.2000,3878.6000,3879.2000,1,4,2,2,3,2,1,1,1,3
SF,IF2009,2020-06-09 09:31:52.400,3875.8000,29996,0,247786680.000,0,-,-,-,-,3874.8000,3874.6000,3874.4000,3874.2000,3873.4000,3875.8000,3876.0000,3878.0000,3878.2000,3878.6000,3,4,2,2,3,1,1,1,1,1
SF,IF2009,2020-06-09 09:31:52.900,3875.8000,29995,-1,248949420.000,1,0,1,双平,S,3875.8000,3874.8000,3874.6000,3874.4000,3874.2000,3876.0000,3878.0000,3878.2000,3878.6000,3879.2000,1,3,4,2,2,1,1,1,1,3
SF,IF2009,2020-06-09 09:31:53.400,3876.0000,29994,-1,250112220.000,1,0,1,双平,S,3875.8000,3875.0000,3874.8000,3874.6000,3874.4000,3878.0000,3878.2000,3878.6000,3879.2000,3879.8000,1,1,3,4,1,1,1,1,1,1
SF,IF2009,2020-06-09 09:31:53.900,3876.0000,29994,0,251275020.000,1,0,1,多换,S,3875.8000,3875.0000,3874.6000,3874.4000,3874.2000,3877.6000,3877.8000,3878.0000,3878.2000,3878.6000,3,1,4,1,2,1,4,2,1,1
SF,IF2009,2020-06-09 09:31:54.400,3876.0000,29994,0,251275020.000,0,-,-,-,-,3876.0000,3875.8000,3875.0000,3874.6000,3874.4000,3877.4000,3877.6000,3877.8000,3878.0000,3878.2000,4,1,1,4,1,1,1,2,2,1
SF,IF2009,2020-06-09 09:31:54.900,3876.0000,29994,0,251275020.000,0,-,-,-,-,3876.0000,3875.8000,3874.6000,3874.4000,3874.2000,3877.4000,3877.8000,3878.0000,3878.2000,3878.6000,2,1,4,1,2,4,2,2,1,1
SF,IF2009,2020-06-09 09:31:55.400,3876.0000,29994,0,251275020.000,0,-,-,-,-,3876.2000,3876.0000,3875.8000,3874.6000,3874.4000,3877.4000,3877.8000,3878.0000,3878.2000,3878.6000,5,3,1,4,1,3,2,2,1,1
SF,IF2009,2020-06-09 09:31:55.900,3876.0000,29994,0,251275020.000,0,-,-,-,-,3876.4000,3876.2000,3876.0000,3875.8000,3874.6000,3877.8000,3878.0000,3878.2000,3878.6000,3879.2000,3,3,2,1,4,2,2,1,1,1
SF,IF2009,2020-06-09 09:31:56.400,3876.0000,29994,0,251275020.000,0,-,-,-,-,3876.4000,3876.2000,3876.0000,3875.8000,3874.6000,3877.6000,3877.8000,3878.0000,3878.2000,3878.6000,1,2,2,1,4,1,1,2,1,1
SF,IF2009,2020-06-09 09:31:56.900,3876.2000,29994,0,252437880.000,1,0,1,多换,S,3876.6000,3876.4000,3876.2000,3876.0000,3875.8000,3877.6000,3877.8000,3878.0000,3878.2000,3878.6000,1,3,1,2,1,1,1,2,1,1
SF,IF2009,2020-06-09 09:31:57.400,3876.2000,29994,0,252437880.000,0,-,-,-,-,3876.8000,3876.6000,3876.4000,3876.2000,3876.0000,3877.8000,3878.0000,3878.2000,3878.6000,3879.2000,1,1,1,1,2,1,2,1,1,1
SF,IF2009,2020-06-09 09:31:57.900,3876.2000,29994,0,252437880.000,0,-,-,-,-,3876.8000,3876.6000,3876.2000,3876.0000,3875.8000,3877.6000,3877.8000,3878.0000,3878.2000,3878.6000,1,1,1,3,1,2,1,2,1,1
SF,IF2009,2020-06-09 09:31:58.400,3876.2000,29994,0,252437880.000,0,-,-,-,-,3876.6000,3876.2000,3876.0000,3875.8000,3874.6000,3877.6000,3877.8000,3878.0000,3878.2000,3878.6000,1,2,3,1,2,2,1,2,1,1
SF,IF2009,2020-06-09 09:31:58.900,3876.2000,29994,0,252437880.000,0,-,-,-,-,3876.8000,3876.6000,3876.4000,3876.2000,3876.0000,3877.6000,3877.8000,3878.0000,3878.2000,3878.6000,1,1,1,2,3,2,1,2,1,1
SF,IF2009,2020-06-09 09:31:59.400,3876.8000,29994,0,255927000.000,3,1,2,多换,S,3876.6000,3876.4000,3876.2000,3876.0000,3875.8000,3876.8000,3877.8000,3878.0000,3878.2000,3878.6000,1,1,2,3,1,12,1,2,1,1
SF,IF2009,2020-06-09 09:31:59.900,3876.8000,29993,-1,273372540.000,15,7,8,多平,S,3876.4000,3876.2000,3876.0000,3875.8000,3874.6000,3877.4000,3878.0000,3878.2000,3878.6000,3879.2000,1,2,3,1,2,1,2,1,1,1
SF,IF2009,2020-06-09 09:32:00.400,3876.8000,29993,0,273372540.000,0,-,-,-,-,3876.2000,3876.0000,3875.8000,3874.6000,3874.2000,3877.2000,3877.4000,3878.0000,3878.2000,3878.6000,1,3,1,2,1,1,3,2,1,1
SF,IF2009,2020-06-09 09:32:00.900,3876.8000,29993,0,273372540.000,0,-,-,-,-,3876.2000,3876.0000,3875.8000,3874.6000,3874.2000,3877.2000,3877.4000,3878.0000,3878.2000,3878.6000,1,3,1,2,1,4,2,2,1,1
SF,IF2009,2020-06-09 09:32:01.400,3876.8000,29993,0,273372540.000,0,-,-,-,-,3876.0000,3875.8000,3874.6000,3874.2000,3873.4000,3877.2000,3877.4000,3878.0000,3878.2000,3878.6000,3,1,2,1,2,1,1,2,1,1
SF,IF2009,2020-06-09 09:32:01.900,3876.8000,29993,0,273372540.000,0,-,-,-,-,3876.4000,3876.2000,3876.0000,3875.8000,3874.6000,3877.2000,3877.4000,3878.0000,3878.2000,3878.6000,1,1,3,1,2,1,1,2,1,1
SF,IF2009,2020-06-09 09:32:02.400,3876.8000,29993,0,273372540.000,0,-,-,-,-,3876.4000,3876.2000,3876.0000,3875.8000,3874.6000,3877.2000,3878.0000,3878.2000,3878.6000,3879.2000,1,1,3,1,2,1,2,1,1,1
SF,IF2009,2020-06-09 09:32:03.400,3877.2000,29992,-1,274535700.000,1,0,1,双平,S,3876.4000,3876.2000,3876.0000,3875.8000,3874.6000,3878.0000,3878.2000,3878.6000,3879.2000,3879.8000,2,1,3,1,2,2,1,1,1,1
SF,IF2009,2020-06-09 09:32:03.900,3877.2000,29992,0,274535700.000,0,-,-,-,-,3876.6000,3876.4000,3876.0000,3875.8000,3874.6000,3877.8000,3878.0000,3878.2000,3878.6000,3879.2000,1,2,3,1,2,1,2,1,1,1
SF,IF2009,2020-06-09 09:32:04.400,3877.2000,29992,0,274535700.000,0,-,-,-,-,3876.6000,3876.4000,3876.0000,3875.8000,3874.6000,3878.0000,3878.2000,3878.6000,3879.2000,3879.8000,1,2,3,1,2,2,1,1,1,1
SF,IF2009,2020-06-09 09:32:04.900,3877.2000,29992,0,274535700.000,0,-,-,-,-,3876.6000,3876.4000,3876.0000,3875.8000,3874.6000,3877.8000,3878.0000,3878.2000,3878.6000,3879.2000,1,2,3,1,2,2,2,1,1,1
SF,IF2009,2020-06-09 09:32:05.400,3877.2000,29992,0,274535700.000,0,-,-,-,-,3876.8000,3876.6000,3876.4000,3876.0000,3875.8000,3877.8000,3878.0000,3878.2000,3878.6000,3879.2000,1,1,2,3,1,2,2,1,1,1
SF,IF2009,2020-06-09 09:32:05.900,3876.8000,29991,-1,275698740.000,1,0,1,双平,S,3876.4000,3876.0000,3875.8000,3874.6000,3874.4000,3877.6000,3877.8000,3878.0000,3878.2000,3878.6000,1,3,1,2,1,3,2,2,1,1
SF,IF2009,2020-06-09 09:32:06.400,3876.8000,29991,0,275698740.000,0,-,-,-,-,3876.0000,3875.8000,3874.6000,3874.4000,3874.2000,3876.8000,3877.4000,3877.6000,3878.0000,3878.2000,3,1,2,1,1,1,3,1,2,1
SF,IF2009,2020-06-09 09:32:06.900,3876.8000,29991,0,275698740.000,0,-,-,-,-,3877.0000,3876.0000,3875.8000,3874.6000,3874.4000,3877.4000,3878.0000,3878.2000,3878.6000,3879.0000,5,3,1,2,1,1,2,1,1,1
SF,IF2009,2020-06-09 09:32:07.400,3877.0000,29990,-1,278024940.000,2,0,2,多平,S,3877.0000,3876.0000,3875.8000,3874.6000,3874.4000,3877.4000,3878.0000,3878.2000,3878.6000,3879.0000,3,3,1,2,1,2,2,1,1,1
SF,IF2009,2020-06-09 09:32:07.900,3877.0000,29990,0,278024940.000,0,-,-,-,-,3877.2000,3877.0000,3876.0000,3875.8000,3874.6000,3877.4000,3878.0000,3878.2000,3878.6000,3879.0000,1,3,3,1,2,1,2,1,1,1
SF,IF2009,2020-06-09 09:32:08.400,3877.4000,29990,0,279188160.000,1,0,1,多换,S,3877.2000,3877.0000,3876.0000,3875.8000,3874.6000,3877.4000,3878.0000,3878.2000,3878.6000,3879.0000,1,3,3,1,2,1,2,1,1,1
SF,IF2009,2020-06-09 09:32:08.900,3877.4000,29990,0,279188160.000,0,-,-,-,-,3877.2000,3877.0000,3876.0000,3875.8000,3874.6000,3878.0000,3878.2000,3878.6000,3879.0000,3879.2000,1,3,3,1,2,2,1,1,1,1
SF,IF2009,2020-06-09 09:32:09.900,3877.4000,29990,0,279188160.000,0,-,-,-,-,3877.2000,3877.0000,3876.0000,3875.8000,3874.6000,3877.8000,3878.0000,3878.2000,3878.6000,3879.0000,1,3,2,1,2,1,2,1,1,1
SF,IF2009,2020-06-09 09:32:10.400,3877.4000,29990,0,279188160.000,0,-,-,-,-,3877.4000,3877.2000,3877.0000,3876.0000,3875.8000,3877.6000,3877.8000,3878.0000,3878.2000,3878.6000,1,1,3,2,1,4,1,2,1,1
SF,IF2009,2020-06-09 09:32:10.900,3877.4000,29991,1,280351380.000,1,1,0,双开,S,3877.2000,3877.0000,3876.0000,3875.8000,3874.6000,3877.4000,3877.6000,3877.8000,3878.0000,3878.2000,1,3,2,1,2,1,4,1,2,1
SF,IF2009,2020-06-09 09:32:11.400,3877.2000,29991,0,281514540.000,1,0,1,多换,S,3877.0000,3876.0000,3875.8000,3874.6000,3874.4000,3877.4000,3877.6000,3877.8000,3878.0000,3878.2000,3,2,1,2,1,1,3,1,2,1
SF,IF2009,2020-06-09 09:32:11.900,3877.2000,29991,0,281514540.000,0,-,-,-,-,3877.0000,3876.0000,3875.8000,3875.2000,3874.6000,3877.6000,3878.0000,3878.2000,3878.6000,3879.0000,3,2,1,1,2,3,2,1,1,1
SF,IF2009,2020-06-09 09:32:12.400,3877.2000,29991,0,281514540.000,0,-,-,-,-,3877.2000,3877.0000,3876.0000,3875.8000,3875.2000,3877.6000,3878.0000,3878.2000,3878.6000,3879.0000,1,3,2,1,1,3,2,1,1,1
SF,IF2009,2020-06-09 09:32:12.900,3877.2000,29991,0,281514540.000,0,-,-,-,-,3877.4000,3877.2000,3877.0000,3876.0000,3875.8000,3877.6000,3878.0000,3878.2000,3878.6000,3879.0000,1,1,3,2,1,3,2,1,1,1
SF,IF2009,2020-06-09 09:32:13.400,3877.2000,29990,-1,282677700.000,1,0,1,双平,S,3877.2000,3877.0000,3876.0000,3875.8000,3875.2000,3877.6000,3878.0000,3878.2000,3878.6000,3879.0000,1,3,2,1,1,3,3,1,1,1
SF,IF2009,2020-06-09 09:32:13.900,3877.2000,29990,0,282677700.000,0,-,-,-,-,3877.2000,3877.0000,3876.0000,3875.8000,3875.2000,3877.4000,3877.6000,3878.0000,3878.2000,3878.6000,1,3,2,1,1,1,3,3,1,1
SF,IF2009,2020-06-09 09:32:14.400,3877.2000,29990,0,282677700.000,0,-,-,-,-,3877.2000,3877.0000,3876.0000,3875.8000,3875.2000,3877.6000,3878.0000,3878.2000,3878.6000,3879.0000,1,3,2,1,1,4,3,1,1,1
SF,IF2009,2020-06-09 09:32:15.400,3877.2000,29990,0,282677700.000,0,-,-,-,-,3877.2000,3877.0000,3876.0000,3875.8000,3875.2000,3877.6000,3878.0000,3878.2000,3878.6000,3879.0000,1,3,2,1,1,4,3,1,1,1
SF,IF2009,2020-06-09 09:32:15.900,3877.2000,29990,0,282677700.000,0,-,-,-,-,3877.0000,3876.0000,3875.8000,3875.2000,3874.6000,3877.6000,3878.0000,3878.2000,3878.6000,3879.0000,3,2,1,1,2,4,3,1,1,1
SF,IF2009,2020-06-09 09:32:16.400,3877.2000,29990,0,282677700.000,0,-,-,-,-,3877.0000,3876.0000,3875.8000,3875.2000,3874.6000,3877.2000,3877.6000,3878.0000,3878.2000,3878.6000,3,2,1,1,2,1,4,3,1,1
SF,IF2009,2020-06-09 09:32:16.900,3877.2000,29990,0,283840860.000,1,0,1,多换,S,3877.0000,3876.0000,3875.8000,3875.2000,3874.6000,3877.4000,3877.6000,3878.0000,3878.2000,3878.6000,3,2,1,1,2,1,4,3,1,1
SF,IF2009,2020-06-09 09:32:17.400,3877.0000,29988,-2,287330160.000,3,0,3,多平,S,3876.0000,3875.8000,3875.2000,3874.6000,3874.4000,3877.0000,3877.2000,3877.4000,3877.6000,3878.0000,2,1,1,2,1,1,1,1,4,3
SF,IF2009,2020-06-09 09:32:17.900,3877.0000,29989,1,288493260.000,1,1,0,双开,S,3876.2000,3876.0000,3875.8000,3875.2000,3874.6000,3877.4000,3877.6000,3878.0000,3878.2000,3878.6000,2,2,1,1,2,1,4,3,1,1
SF,IF2009,2020-06-09 09:32:18.400,3877.0000,29989,0,288493260.000,0,-,-,-,-,3876.2000,3876.0000,3875.8000,3875.2000,3874.6000,3877.0000,3877.2000,3877.4000,3877.6000,3878.0000,1,2,1,1,2,1,2,2,4,3
SF,IF2009,2020-06-09 09:32:18.900,3877.0000,29989,0,288493260.000,0,-,-,-,-,3876.4000,3876.2000,3876.0000,3875.8000,3875.2000,3877.0000,3877.2000,3877.6000,3878.0000,3878.2000,1,1,2,1,1,1,1,4,3,1
SF,IF2009,2020-06-09 09:32:19.400,3877.0000,29989,0,288493260.000,0,-,-,-,-,3876.2000,3876.0000,3875.8000,3875.2000,3874.6000,3876.8000,3877.0000,3877.6000,3878.0000,3878.2000,1,2,1,1,2,1,2,4,3,1
SF,IF2009,2020-06-09 09:32:19.900,3876.2000,29988,-1,289656120.000,1,0,1,双平,S,3876.0000,3875.8000,3875.2000,3874.6000,3874.4000,3876.4000,3876.6000,3876.8000,3877.0000,3877.6000,1,1,1,2,1,1,1,1,2,4
SF,IF2009,2020-06-09 09:32:20.400,3876.2000,29988,0,289656120.000,0,-,-,-,-,3876.0000,3875.8000,3875.2000,3874.6000,3874.4000,3876.2000,3876.8000,3877.6000,3878.0000,3878.2000,1,1,1,2,1,1,1,4,3,1
SF,IF2009,2020-06-09 09:32:20.900,3876.2000,29988,0,290818980.000,1,0,1,多换,S,3876.0000,3875.8000,3875.2000,3874.6000,3874.4000,3876.8000,3877.6000,3878.0000,3878.2000,3878.6000,1,1,1,2,1,1,4,3,1,1
SF,IF2009,2020-06-09 09:32:22.900,3876.2000,29988,0,290818980.000,0,-,-,-,-,3876.0000,3875.8000,3875.2000,3874.6000,3874.4000,3876.8000,3877.6000,3878.0000,3878.2000,3878.6000,1,1,1,2,1,2,4,3,1,1
SF,IF2009,2020-06-09 09:32:23.400,3876.2000,29988,0,290818980.000,0,-,-,-,-,3876.0000,3875.8000,3875.2000,3874.6000,3874.4000,3876.6000,3876.8000,3877.6000,3878.0000,3878.2000,1,1,1,2,1,4,3,4,3,1
SF,IF2009,2020-06-09 09:32:23.900,3876.0000,29988,0,291981780.000,1,0,1,多换,S,3875.8000,3875.2000,3874.6000,3874.4000,3874.2000,3876.4000,3876.6000,3876.8000,3877.6000,3878.0000,1,1,2,1,1,1,4,3,4,3
SF,IF2009,2020-06-09 09:32:24.400,3876.0000,29988,0,291981780.000,0,-,-,-,-,3875.8000,3875.2000,3874.6000,3874.4000,3874.2000,3876.4000,3876.6000,3876.8000,3877.6000,3878.0000,1,4,2,1,1,2,4,2,4,3
SF,IF2009,2020-06-09 09:32:24.900,3875.8000,29989,1,293144520.000,1,1,0,双开,S,3875.2000,3874.6000,3874.4000,3874.2000,3873.4000,3876.2000,3876.4000,3876.6000,3876.8000,3877.6000,4,2,1,1,2,1,1,1,2,4
SF,IF2009,2020-06-09 09:32:25.400,3875.8000,29989,0,293144520.000,0,-,-,-,-,3875.2000,3874.6000,3874.4000,3874.2000,3873.4000,3876.4000,3876.6000,3876.8000,3877.6000,3878.0000,4,2,1,1,2,2,1,2,4,3
SF,IF2009,2020-06-09 09:32:25.900,3875.8000,29989,0,293144520.000,0,-,-,-,-,3875.4000,3875.2000,3874.6000,3874.4000,3874.2000,3876.2000,3876.4000,3876.8000,3877.6000,3878.0000,1,4,2,1,1,1,2,2,4,3
SF,IF2009,2020-06-09 09:32:26.400,3875.8000,29989,0,293144520.000,0,-,-,-,-,3875.2000,3874.6000,3874.4000,3874.2000,3873.4000,3876.2000,3876.4000,3876.8000,3877.6000,3878.0000,4,2,1,1,2,2,1,2,4,3
SF,IF2009,2020-06-09 09:32:26.900,3875.2000,29990,1,294307080.000,1,1,0,双开,S,3875.2000,3874.6000,3874.4000,3874.2000,3873.4000,3876.2000,3876.4000,3876.8000,3877.6000,3878.0000,3,2,1,1,2,1,1,2,4,3
SF,IF2009,2020-06-09 09:32:27.900,3875.2000,29990,0,294307080.000,0,-,-,-,-,3875.4000,3875.2000,3874.6000,3874.4000,3874.2000,3876.2000,3876.4000,3876.8000,3877.6000,3878.0000,1,3,2,1,1,1,1,2,4,3
SF,IF2009,2020-06-09 09:32:28.400,3876.2000,29987,-3,297795660.000,3,0,3,双平,S,3875.4000,3875.2000,3874.6000,3874.4000,3874.2000,3876.4000,3876.8000,3877.6000,3878.0000,3878.6000,3,3,2,1,1,1,2,4,3,1
SF,IF2009,2020-06-09 09:32:28.900,3876.2000,29987,0,297795660.000,0,-,-,-,-,3875.6000,3875.4000,3875.2000,3874.6000,3874.4000,3876.8000,3877.6000,3878.0000,3878.6000,3879.0000,5,1,3,2,1,1,4,3,1,1
SF,IF2009,2020-06-09 09:32:29.400,3876.2000,29987,0,297795660.000,0,-,-,-,-,3875.6000,3875.4000,3875.2000,3874.6000,3874.4000,3876.4000,3876.8000,3877.6000,3878.0000,3878.6000,3,1,3,2,1,1,1,4,3,1
SF,IF2009,2020-06-09 09:32:30.400,3876.2000,29987,0,297795660.000,0,-,-,-,-,3875.6000,3875.4000,3875.2000,3874.6000,3874.4000,3876.2000,3876.4000,3876.8000,3877.6000,3878.0000,3,1,3,2,1,1,1,1,4,3
SF,IF2009,2020-06-09 09:32:30.900,3875.6000,29987,0,298958340.000,1,0,1,多换,S,3875.6000,3875.4000,3875.2000,3874.6000,3874.4000,3876.2000,3876.4000,3876.8000,3877.6000,3878.0000,2,1,3,2,1,1,1,1,4,3
SF,IF2009,2020-06-09 09:32:31.400,3875.6000,29987,0,298958340.000,0,-,-,-,-,3875.6000,3875.4000,3875.2000,3874.6000,3874.4000,3876.2000,3876.8000,3877.6000,3878.0000,3878.6000,2,1,3,2,1,1,1,4,3,1
SF,IF2009,2020-06-09 09:32:32.400,3875.6000,29987,0,298958340.000,0,-,-,-,-,3875.6000,3875.4000,3875.2000,3874.6000,3874.4000,3876.2000,3876.8000,3877.6000,3878.0000,3878.6000,1,1,3,2,1,2,1,4,3,1
SF,IF2009,2020-06-09 09:32:32.900,3875.6000,29987,0,300121020.000,1,0,1,多换,S,3875.4000,3875.2000,3874.6000,3874.4000,3874.2000,3876.2000,3876.8000,3877.6000,3878.0000,3878.6000,1,3,2,1,1,2,1,4,3,1
SF,IF2009,2020-06-09 09:32:33.400,3875.6000,29987,0,300121020.000,0,-,-,-,-,3875.6000,3875.4000,3875.2000,3874.6000,3874.4000,3876.2000,3876.8000,3877.6000,3878.0000,3878.6000,1,1,3,2,1,2,1,4,3,1
SF,IF2009,2020-06-09 09:32:33.900,3875.6000,29987,0,301283700.000,1,0,1,多换,S,3876.0000,3875.4000,3875.2000,3874.6000,3874.4000,3876.2000,3876.8000,3877.6000,3878.0000,3878.6000,4,1,3,2,1,2,1,4,3,1
SF,IF2009,2020-06-09 09:32:34.400,3876.0000,29987,0,304772160.000,3,1,2,多换,S,3876.0000,3875.4000,3875.2000,3874.6000,3874.4000,3876.8000,3877.6000,3878.0000,3878.6000,3879.0000,2,1,3,2,1,1,4,3,1,1
SF,IF2009,2020-06-09 09:32:34.900,3876.0000,29987,0,307097760.000,2,1,1,多换,S,3875.4000,3875.2000,3874.6000,3874.4000,3874.2000,3876.6000,3876.8000,3877.6000,3878.0000,3878.6000,1,3,2,1,1,1,2,4,3,1
SF,IF2009,2020-06-09 09:32:35.400,3876.0000,29987,0,307097760.000,0,-,-,-,-,3876.2000,3875.4000,3875.2000,3874.6000,3874.4000,3876.6000,3876.8000,3877.6000,3878.0000,3878.6000,2,1,3,2,1,2,2,4,3,1
SF,IF2009,2020-06-09 09:32:35.900,3876.2000,29987,0,308260620.000,1,0,1,多换,S,3875.4000,3875.2000,3874.6000,3874.4000,3874.2000,3876.6000,3876.8000,3877.6000,3878.0000,3878.6000,1,3,2,1,1,2,2,4,3,1
SF,IF2009,2020-06-09 09:32:36.400,3876.2000,29987,0,308260620.000,0,-,-,-,-,3875.6000,3875.4000,3875.2000,3874.6000,3874.4000,3876.6000,3876.8000,3877.6000,3878.0000,3878.6000,1,2,3,2,1,2,2,4,3,1
SF,IF2009,2020-06-09 09:32:36.900,3876.2000,29987,0,308260620.000,0,-,-,-,-,3875.6000,3875.2000,3874.6000,3874.4000,3874.2000,3876.8000,3877.6000,3878.0000,3878.6000,3879.0000,3,3,2,1,1,2,4,3,1,1
SF,IF2009,2020-06-09 09:32:37.400,3876.2000,29987,0,308260620.000,0,-,-,-,-,3876.0000,3875.8000,3875.6000,3875.2000,3874.6000,3876.8000,3877.6000,3878.0000,3878.6000,3879.0000,1,1,3,3,2,2,4,3,1,1
SF,IF2009,2020-06-09 09:32:37.900,3876.2000,29987,0,308260620.000,0,-,-,-,-,3876.4000,3876.0000,3875.8000,3875.6000,3875.2000,3876.8000,3877.6000,3878.0000,3878.6000,3879.0000,2,1,1,3,3,2,4,3,1,1
SF,IF2009,2020-06-09 09:32:38.400,3876.2000,29987,0,308260620.000,0,-,-,-,-,3875.6000,3875.2000,3874.6000,3874.4000,3874.2000,3876.4000,3876.8000,3877.6000,3878.0000,3878.6000,1,3,2,1,1,3,2,4,3,1
SF,IF2009,2020-06-09 09:32:38.900,3876.4000,29987,0,311749380.000,3,1,2,多换,S,3875.6000,3875.2000,3874.6000,3874.4000,3874.2000,3876.8000,3877.6000,3878.0000,3878.6000,3879.0000,3,3,2,1,1,1,4,3,1,1
SF,IF2009,2020-06-09 09:32:39.400,3876.4000,29987,0,311749380.000,0,-,-,-,-,3876.4000,3876.0000,3875.8000,3875.6000,3875.2000,3876.8000,3877.6000,3878.0000,3878.6000,3879.0000,2,1,3,1,3,1,4,3,1,1
SF,IF2009,2020-06-09 09:32:39.900,3876.8000,29988,1,314075340.000,2,1,1,空开,S,3876.4000,3876.0000,3875.8000,3875.6000,3875.2000,3877.6000,3878.0000,3878.6000,3879.0000,3879.2000,2,1,3,1,3,4,3,1,1,1
SF,IF2009,2020-06-09 09:32:40.400,3876.8000,29988,0,314075340.000,0,-,-,-,-,3876.0000,3875.8000,3875.6000,3875.2000,3874.6000,3877.4000,3877.6000,3878.0000,3878.6000,3879.0000,1,3,1,3,2,1,4,3,1,1
SF,IF2009,2020-06-09 09:32:40.900,3876.2000,29988,0,315238200.000,1,0,1,多换,S,3876.0000,3875.8000,3875.2000,3874.6000,3874.4000,3877.4000,3877.6000,3878.0000,3878.6000,3879.0000,1,1,3,2,1,1,4,3,1,1
SF,IF2009,2020-06-09 09:32:41.400,3877.4000,29987,-1,316401420.000,1,0,1,双平,S,3877.4000,3876.2000,3876.0000,3875.2000,3874.6000,3877.6000,3878.0000,3878.6000,3879.0000,3879.2000,1,1,1,3,2,4,3,1,1,1
SF,IF2009,2020-06-09 09:32:41.900,3876.2000,29986,-1,318727500.000,2,0,2,多平,S,3876.0000,3875.2000,3874.6000,3874.4000,3874.2000,3877.2000,3877.4000,3877.6000,3878.0000,3878.6000,1,3,2,1,1,3,9,4,3,1
SF,IF2009,2020-06-09 09:32:42.400,3876.2000,29986,0,318727500.000,0,-,-,-,-,3876.2000,3876.0000,3875.2000,3874.6000,3874.4000,3877.0000,3877.2000,3877.4000,3877.6000,3878.0000,1,1,3,2,1,1,2,6,4,3
SF,IF2009,2020-06-09 09:32:42.900,3876.2000,29986,0,318727500.000,0,-,-,-,-,3875.2000,3874.6000,3874.4000,3874.2000,3873.4000,3876.2000,3877.0000,3877.2000,3877.4000,3877.6000,3,2,1,1,2,2,6,2,3,4
SF,IF2009,2020-06-09 09:32:43.400,3876.2000,29986,0,318727500.000,0,-,-,-,-,3875.4000,3875.2000,3874.6000,3874.4000,3874.2000,3876.8000,3877.0000,3877.2000,3877.4000,3877.6000,2,3,2,1,1,1,2,2,2,4
SF,IF2009,2020-06-09 09:32:43.900,3876.2000,29986,0,318727500.000,0,-,-,-,-,3876.2000,3875.4000,3875.2000,3874.6000,3874.4000,3876.6000,3876.8000,3877.0000,3877.2000,3877.4000,2,2,3,2,1,1,1,1,2,2
SF,IF2009,2020-06-09 09:32:44.400,3876.2000,29986,0,318727500.000,0,-,-,-,-,3876.2000,3875.4000,3875.2000,3875.0000,3874.6000,3876.6000,3876.8000,3877.0000,3877.2000,3877.4000,2,1,3,1,2,2,1,1,2,3
SF,IF2009,2020-06-09 09:32:44.900,3876.2000,29986,0,318727500.000,0,-,-,-,-,3875.4000,3875.2000,3875.0000,3874.6000,3874.4000,3876.6000,3876.8000,3877.0000,3877.2000,3877.4000,1,3,1,2,1,2,1,1,2,3
SF,IF2009,2020-06-09 09:32:45.400,3876.2000,29986,0,318727500.000,0,-,-,-,-,3875.4000,3875.2000,3875.0000,3874.6000,3874.4000,3876.6000,3876.8000,3877.0000,3877.2000,3877.4000,1,3,1,2,1,2,1,2,3,3
SF,IF2009,2020-06-09 09:32:46.400,3876.2000,29986,0,318727500.000,0,-,-,-,-,3875.4000,3875.2000,3875.0000,3874.6000,3874.4000,3876.4000,3876.6000,3876.8000,3877.0000,3877.2000,1,3,1,2,1,1,1,1,2,3
SF,IF2009,2020-06-09 09:32:46.900,3876.2000,29986,0,318727500.000,0,-,-,-,-,3875.6000,3875.4000,3875.2000,3875.0000,3874.6000,3876.4000,3876.6000,3876.8000,3877.0000,3877.2000,1,1,3,1,2,1,1,1,2,3
SF,IF2009,2020-06-09 09:32:47.900,3876.2000,29986,0,318727500.000,0,-,-,-,-,3875.6000,3875.4000,3875.2000,3875.0000,3874.6000,3876.4000,3876.6000,3876.8000,3877.0000,3877.2000,2,1,3,1,2,1,1,1,2,3
SF,IF2009,2020-06-09 09:32:48.400,3876.0000,29986,0,321053220.000,2,1,1,多换,S,3875.8000,3875.6000,3875.2000,3875.0000,3874.6000,3877.0000,3877.2000,3877.4000,3877.6000,3878.0000,1,2,3,1,2,2,3,3,4,3
SF,IF2009,2020-06-09 09:32:48.900,3876.0000,29987,1,322216020.000,1,1,0,双开,S,3875.8000,3875.6000,3875.2000,3875.0000,3874.6000,3876.8000,3877.0000,3877.2000,3877.4000,3877.6000,1,2,3,1,2,1,2,3,3,4
SF,IF2009,2020-06-09 09:32:49.400,3876.0000,29987,0,322216020.000,0,-,-,-,-,3876.4000,3875.8000,3875.2000,3875.0000,3874.6000,3876.6000,3876.8000,3877.0000,3877.2000,3877.4000,1,1,3,1,2,1,3,2,3,3
SF,IF2009,2020-06-09 09:32:49.900,3876.0000,29987,0,322216020.000,0,-,-,-,-,3875.8000,3875.2000,3875.0000,3874.6000,3874.4000,3876.8000,3877.0000,3877.2000,3877.4000,3877.6000,1,3,1,2,1,3,2,3,3,4
SF,IF2009,2020-06-09 09:32:50.400,3876.0000,29987,0,322216020.000,0,-,-,-,-,3875.8000,3875.2000,3875.0000,3874.6000,3874.4000,3876.4000,3876.6000,3876.8000,3877.0000,3877.2000,1,3,1,2,1,2,2,1,2,3
SF,IF2009,2020-06-09 09:32:50.900,3876.0000,29987,0,322216020.000,0,-,-,-,-,3875.8000,3875.2000,3875.0000,3874.6000,3874.4000,3876.6000,3876.8000,3877.0000,3877.2000,3877.4000,1,3,1,2,1,2,1,2,3,3
SF,IF2009,2020-06-09 09:32:51.400,3876.0000,29987,0,322216020.000,0,-,-,-,-,3875.8000,3875.2000,3875.0000,3874.6000,3874.4000,3876.4000,3876.8000,3877.0000,3877.2000,3877.4000,1,3,1,2,1,2,1,2,3,3
SF,IF2009,2020-06-09 09:32:51.900,3876.0000,29987,0,322216020.000,0,-,-,-,-,3875.2000,3875.0000,3874.6000,3874.4000,3874.2000,3876.4000,3876.8000,3877.0000,3877.2000,3877.4000,3,1,2,1,1,2,1,2,3,3
SF,IF2009,2020-06-09 09:32:52.400,3876.0000,29987,0,322216020.000,0,-,-,-,-,3875.4000,3875.2000,3875.0000,3874.6000,3874.4000,3876.2000,3876.4000,3877.0000,3877.2000,3877.4000,1,3,1,2,1,1,2,2,3,3
SF,IF2009,2020-06-09 09:32:52.900,3876.0000,29987,0,322216020.000,0,-,-,-,-,3875.4000,3875.2000,3875.0000,3874.6000,3874.4000,3876.2000,3877.0000,3877.2000,3877.4000,3877.6000,1,3,1,2,1,3,2,3,3,4
SF,IF2009,2020-06-09 09:32:53.400,3875.4000,29987,0,323378640.000,1,0,1,多换,S,3875.2000,3875.0000,3874.6000,3874.4000,3874.2000,3876.2000,3877.0000,3877.2000,3877.4000,3877.6000,3,1,2,1,1,3,2,3,3,4
SF,IF2009,2020-06-09 09:32:53.900,3876.0000,29987,0,324541440.000,1,0,1,多换,S,3875.2000,3875.0000,3874.6000,3874.4000,3874.2000,3876.0000,3876.2000,3877.0000,3877.2000,3877.4000,3,1,2,1,1,2,1,2,3,3
SF,IF2009,2020-06-09 09:32:54.400,3876.0000,29987,0,324541440.000,0,-,-,-,-,3875.2000,3875.0000,3874.6000,3874.4000,3874.2000,3876.0000,3876.2000,3877.0000,3877.2000,3877.4000,3,1,2,1,1,2,1,1,3,3
SF,IF2009,2020-06-09 09:32:54.900,3876.0000,29987,0,324541440.000,0,-,-,-,-,3876.0000,3875.2000,3875.0000,3874.6000,3874.4000,3876.2000,3877.0000,3877.2000,3877.4000,3877.6000,2,3,1,2,1,1,1,3,3,4
SF,IF2009,2020-06-09 09:32:55.400,3876.0000,29987,0,330355440.000,5,2,3,多换,S,3875.2000,3875.0000,3874.6000,3874.4000,3874.2000,3876.0000,3876.2000,3876.6000,3877.0000,3877.2000,3,1,2,1,1,2,1,1,1,3
SF,IF2009,2020-06-09 09:32:55.900,3876.0000,29987,0,330355440.000,0,-,-,-,-,3875.4000,3875.2000,3875.0000,3874.6000,3874.4000,3876.2000,3876.6000,3877.0000,3877.2000,3877.4000,2,3,1,2,1,1,1,1,3,3
SF,IF2009,2020-06-09 09:32:56.400,3876.0000,29987,0,330355440.000,0,-,-,-,-,3875.6000,3875.4000,3875.2000,3875.0000,3874.6000,3876.2000,3876.6000,3877.0000,3877.2000,3877.4000,3,1,3,1,2,1,1,1,3,3
SF,IF2009,2020-06-09 09:32:56.900,3876.0000,29987,0,330355440.000,0,-,-,-,-,3875.6000,3875.2000,3875.0000,3874.6000,3874.4000,3876.0000,3876.2000,3876.6000,3877.0000,3877.2000,4,3,1,2,1,1,1,1,1,3
SF,IF2009,2020-06-09 09:32:57.400,3876.0000,29987,0,330355440.000,0,-,-,-,-,3875.6000,3875.2000,3875.0000,3874.6000,3874.4000,3876.0000,3876.2000,3876.6000,3877.0000,3877.2000,3,3,1,2,1,1,1,1,1,3
SF,IF2009,2020-06-09 09:32:57.900,3876.2000,29986,-1,332681100.000,2,0,2,多平,S,3875.6000,3875.2000,3875.0000,3874.6000,3874.4000,3876.6000,3877.0000,3877.2000,3877.4000,3877.6000,1,3,1,2,1,1,1,3,3,4
SF,IF2009,2020-06-09 09:32:58.400,3876.2000,29986,0,332681100.000,0,-,-,-,-,3876.0000,3875.2000,3875.0000,3874.6000,3874.4000,3876.6000,3877.0000,3877.2000,3877.4000,3877.6000,1,3,1,2,1,1,1,3,3,4
SF,IF2009,2020-06-09 09:32:58.900,3876.2000,29986,0,332681100.000,0,-,-,-,-,3876.0000,3875.8000,3875.2000,3875.0000,3874.6000,3876.6000,3877.0000,3877.2000,3877.4000,3877.6000,1,1,3,1,2,1,1,3,3,4
SF,IF2009,2020-06-09 09:32:59.400,3876.2000,29986,0,332681100.000,0,-,-,-,-,3875.2000,3875.0000,3874.6000,3874.4000,3874.2000,3876.6000,3877.0000,3877.2000,3877.4000,3877.6000,3,1,2,1,1,1,1,3,2,4
SF,IF2009,2020-06-09 09:32:59.900,3876.2000,29986,0,332681100.000,0,-,-,-,-,3875.4000,3875.2000,3875.0000,3874.6000,3874.4000,3876.4000,3876.6000,3877.0000,3877.2000,3877.4000,1,3,1,2,1,1,1,1,3,2
SF,IF2009,2020-06-09 09:33:00.900,3876.4000,29986,0,335006880.000,2,1,1,多换,S,3875.4000,3875.2000,3875.0000,3874.6000,3874.4000,3876.6000,3877.0000,3877.2000,3877.4000,3877.6000,1,3,1,2,1,1,1,3,2,4
SF,IF2009,2020-06-09 09:33:01.400,3876.4000,29986,0,336169800.000,1,0,1,多换,S,3875.4000,3875.2000,3875.0000,3874.6000,3874.4000,3876.6000,3877.0000,3877.2000,3877.4000,3877.6000,4,3,1,2,1,1,1,3,2,4
SF,IF2009,2020-06-09 09:33:01.900,3876.4000,29986,0,336169800.000,0,-,-,-,-,3876.0000,3875.6000,3875.4000,3875.2000,3875.0000,3876.6000,3877.0000,3877.2000,3877.4000,3877.6000,3,2,2,3,1,1,1,3,2,4
SF,IF2009,2020-06-09 09:33:02.400,3876.6000,29987,1,337332780.000,1,1,0,双开,S,3876.2000,3876.0000,3875.6000,3875.2000,3875.0000,3877.0000,3877.2000,3877.4000,3877.6000,3878.0000,1,3,4,3,1,1,3,2,4,6
SF,IF2009,2020-06-09 09:33:02.900,3876.6000,29987,0,337332780.000,0,-,-,-,-,3876.2000,3876.0000,3875.2000,3875.0000,3874.6000,3877.0000,3877.2000,3877.4000,3877.6000,3878.0000,4,3,3,1,2,1,3,2,4,6
SF,IF2009,2020-06-09 09:33:03.400,3876.6000,29987,0,337332780.000,0,-,-,-,-,3876.2000,3876.0000,3875.2000,3875.0000,3874.6000,3877.0000,3877.2000,3877.4000,3877.6000,3878.0000,4,3,3,1,2,1,3,2,4,6
SF,IF2009,2020-06-09 09:33:03.900,3876.6000,29987,0,337332780.000,0,-,-,-,-,3876.4000,3876.2000,3876.0000,3875.2000,3875.0000,3877.0000,3877.2000,3877.4000,3877.6000,3878.0000,3,1,3,3,1,1,2,2,4,6
SF,IF2009,2020-06-09 09:33:04.400,3876.6000,29987,0,337332780.000,0,-,-,-,-,3876.4000,3876.2000,3876.0000,3875.2000,3875.0000,3877.0000,3877.2000,3877.4000,3877.6000,3878.0000,3,1,3,3,1,1,1,2,4,6
SF,IF2009,2020-06-09 09:33:05.900,3876.6000,29987,0,337332780.000,0,-,-,-,-,3876.4000,3876.2000,3876.0000,3875.2000,3875.0000,3877.0000,3877.2000,3877.4000,3877.6000,3878.0000,3,1,3,3,1,2,1,2,4,6
SF,IF2009,2020-06-09 09:33:06.400,3876.6000,29987,0,337332780.000,0,-,-,-,-,3876.2000,3876.0000,3875.2000,3875.0000,3874.6000,3877.0000,3877.2000,3877.4000,3877.6000,3878.0000,1,3,3,1,2,2,1,2,4,6
SF,IF2009,2020-06-09 09:33:06.900,3876.6000,29987,0,337332780.000,0,-,-,-,-,3876.2000,3876.0000,3875.2000,3875.0000,3874.6000,3877.0000,3877.2000,3877.4000,3877.6000,3878.0000,1,3,3,1,2,2,1,2,4,6
SF,IF2009,2020-06-09 09:33:07.900,3876.6000,29987,0,337332780.000,0,-,-,-,-,3876.4000,3876.2000,3876.0000,3875.2000,3875.0000,3877.0000,3877.2000,3877.4000,3877.6000,3878.0000,1,2,3,3,1,2,1,2,4,6
SF,IF2009,2020-06-09 09:33:08.400,3876.6000,29987,0,337332780.000,0,-,-,-,-,3876.6000,3876.2000,3876.0000,3875.2000,3875.0000,3877.0000,3877.2000,3877.6000,3878.0000,3878.6000,1,1,3,3,1,2,1,4,6,1
SF,IF2009,2020-06-09 09:33:08.900,3876.6000,29987,0,337332780.000,0,-,-,-,-,3876.6000,3876.4000,3876.0000,3875.2000,3875.0000,3877.0000,3877.2000,3877.6000,3878.0000,3878.6000,1,1,3,3,1,2,1,4,6,1
SF,IF2009,2020-06-09 09:33:09.400,3877.0000,29986,-1,338495880.000,1,0,1,双平,S,3876.6000,3876.4000,3876.0000,3875.2000,3875.0000,3877.0000,3877.2000,3877.6000,3878.0000,3878.6000,1,1,3,3,1,1,1,4,6,1
SF,IF2009,2020-06-09 09:33:10.900,3877.0000,29985,-1,339658980.000,1,0,1,双平,S,3876.6000,3876.4000,3876.0000,3875.2000,3875.0000,3877.2000,3877.6000,3878.0000,3878.6000,3879.0000,2,1,3,3,1,1,4,6,1,1
SF,IF2009,2020-06-09 09:33:11.900,3877.0000,29985,0,339658980.000,0,-,-,-,-,3876.6000,3876.4000,3876.0000,3875.2000,3875.0000,3877.2000,3877.6000,3878.0000,3878.6000,3879.0000,1,1,3,3,1,1,4,6,1,1
SF,IF2009,2020-06-09 09:33:12.400,3877.0000,29985,0,339658980.000,0,-,-,-,-,3876.6000,3876.0000,3875.2000,3875.0000,3874.6000,3877.2000,3877.6000,3878.0000,3878.6000,3879.0000,1,3,3,6,2,1,4,6,1,1
SF,IF2009,2020-06-09 09:33:13.400,3877.2000,29985,0,341985120.000,2,1,1,多换,S,3876.0000,3875.2000,3875.0000,3874.6000,3874.4000,3877.6000,3878.0000,3878.6000,3879.0000,3879.2000,3,3,6,2,1,4,6,1,1,1
SF,IF2009,2020-06-09 09:33:13.900,3877.2000,29985,0,341985120.000,0,-,-,-,-,3876.2000,3876.0000,3875.2000,3875.0000,3874.6000,3877.4000,3877.6000,3878.0000,3878.6000,3879.0000,1,3,3,6,2,3,5,6,1,1
SF,IF2009,2020-06-09 09:33:14.400,3877.2000,29985,0,341985120.000,0,-,-,-,-,3876.2000,3876.0000,3875.2000,3875.0000,3874.6000,3877.4000,3877.6000,3878.0000,3878.6000,3879.0000,1,3,3,6,2,1,5,6,1,1
SF,IF2009,2020-06-09 09:33:15.400,3877.2000,29985,0,341985120.000,0,-,-,-,-,3876.2000,3876.0000,3875.2000,3875.0000,3874.6000,3877.4000,3877.6000,3878.0000,3878.6000,3879.0000,2,3,3,6,2,1,5,6,1,1
SF,IF2009,2020-06-09 09:33:15.900,3877.2000,29985,0,341985120.000,0,-,-,-,-,3876.4000,3876.2000,3876.0000,3875.2000,3875.0000,3877.6000,3878.0000,3878.6000,3879.0000,3879.2000,1,2,3,3,6,5,6,1,1,1
SF,IF2009,2020-06-09 09:33:16.400,3877.2000,29985,0,341985120.000,0,-,-,-,-,3876.6000,3876.4000,3876.2000,3876.0000,3875.2000,3877.6000,3878.0000,3878.6000,3879.0000,3879.2000,1,1,1,3,3,5,6,1,1,1
SF,IF2009,2020-06-09 09:33:17.400,3877.2000,29985,0,341985120.000,0,-,-,-,-,3876.6000,3876.4000,3876.0000,3875.2000,3875.0000,3877.6000,3878.0000,3878.6000,3879.0000,3879.2000,2,1,3,3,6,5,6,1,1,1
SF,IF2009,2020-06-09 09:33:19.400,3877.2000,29985,0,341985120.000,0,-,-,-,-,3876.6000,3876.0000,3875.2000,3875.0000,3874.6000,3877.6000,3878.0000,3878.6000,3879.0000,3879.2000,2,3,3,6,2,5,6,1,1,1
SF,IF2009,2020-06-09 09:33:20.900,3877.2000,29985,0,341985120.000,0,-,-,-,-,3876.6000,3876.0000,3875.2000,3875.0000,3874.6000,3877.6000,3878.0000,3878.6000,3879.0000,3879.2000,1,3,3,6,2,5,6,1,1,1
SF,IF2009,2020-06-09 09:33:22.900,3876.6000,29984,-1,343148100.000,1,0,1,双平,S,3876.0000,3875.2000,3875.0000,3874.6000,3874.4000,3877.6000,3878.0000,3878.6000,3879.0000,3879.2000,3,3,6,2,1,5,6,1,1,1
SF,IF2009,2020-06-09 09:33:23.400,3876.6000,29984,0,343148100.000,0,-,-,-,-,3876.0000,3875.2000,3875.0000,3874.6000,3874.4000,3876.6000,3877.4000,3877.6000,3878.0000,3878.6000,3,3,6,2,1,1,3,5,6,1
SF,IF2009,2020-06-09 09:33:24.400,3876.6000,29984,0,343148100.000,0,-,-,-,-,3876.0000,3875.2000,3875.0000,3874.6000,3874.4000,3877.4000,3877.6000,3878.0000,3878.6000,3879.0000,3,3,6,2,1,3,5,6,1,1
SF,IF2009,2020-06-09 09:33:24.900,3876.6000,29984,0,343148100.000,0,-,-,-,-,3876.0000,3875.2000,3875.0000,3874.6000,3874.4000,3877.2000,3877.4000,3877.6000,3878.0000,3878.6000,3,3,6,2,1,2,4,4,6,1
SF,IF2009,2020-06-09 09:33:25.400,3876.6000,29984,0,343148100.000,0,-,-,-,-,3876.2000,3876.0000,3875.2000,3875.0000,3874.6000,3877.0000,3877.2000,3877.4000,3877.6000,3878.0000,1,3,3,6,2,2,2,3,4,6
SF,IF2009,2020-06-09 09:33:25.900,3876.6000,29984,0,343148100.000,0,-,-,-,-,3876.0000,3875.2000,3875.0000,3874.6000,3874.4000,3876.6000,3877.0000,3877.2000,3877.4000,3877.6000,3,3,6,2,1,1,3,2,3,4
SF,IF2009,2020-06-09 09:33:26.400,3876.6000,29984,0,344311080.000,1,0,1,多换,S,3876.0000,3875.2000,3875.0000,3874.6000,3874.4000,3877.0000,3877.4000,3877.6000,3878.0000,3878.6000,3,3,6,2,1,3,3,4,6,1
SF,IF2009,2020-06-09 09:33:26.900,3876.6000,29984,0,344311080.000,0,-,-,-,-,3876.6000,3876.0000,3875.2000,3875.0000,3874.6000,3877.0000,3877.4000,3877.6000,3878.0000,3878.6000,1,3,3,6,2,3,3,4,6,1
SF,IF2009,2020-06-09 09:33:27.400,3876.6000,29985,1,345474060.000,1,1,0,双开,S,3876.6000,3876.2000,3876.0000,3875.2000,3875.0000,3876.8000,3877.0000,3877.4000,3877.6000,3878.0000,1,1,3,3,7,1,2,3,4,6
SF,IF2009,2020-06-09 09:33:27.900,3876.8000,29985,0,346637100.000,1,0,1,多换,S,3876.2000,3876.0000,3875.2000,3875.0000,3874.6000,3877.0000,3877.4000,3877.6000,3878.0000,3878.6000,1,3,3,7,2,2,3,4,6,1
SF,IF2009,2020-06-09 09:33:28.400,3876.8000,29985,0,346637100.000,0,-,-,-,-,3876.2000,3876.0000,3875.2000,3875.0000,3874.6000,3877.0000,3877.4000,3877.6000,3878.0000,3878.6000,1,3,3,7,2,3,3,4,6,1
SF,IF2009,2020-06-09 09:33:28.900,3876.8000,29985,0,346637100.000,0,-,-,-,-,3876.0000,3875.2000,3875.0000,3874.6000,3874.4000,3877.0000,3877.4000,3877.6000,3878.0000,3878.6000,3,3,7,2,1,3,3,4,6,1
SF,IF2009,2020-06-09 09:33:29.400,3876.8000,29985,0,346637100.000,0,-,-,-,-,3876.2000,3876.0000,3875.2000,3875.0000,3874.6000,3877.0000,3877.4000,3877.6000,3878.0000,3878.6000,5,3,3,7,2,3,3,4,6,1
SF,IF2009,2020-06-09 09:33:29.900,3876.8000,29985,0,346637100.000,0,-,-,-,-,3876.2000,3876.0000,3875.2000,3875.0000,3874.6000,3877.0000,3877.4000,3877.6000,3878.0000,3878.6000,3,3,3,7,2,3,3,4,6,1
SF,IF2009,2020-06-09 09:33:30.400,3876.8000,29985,0,346637100.000,0,-,-,-,-,3876.2000,3876.0000,3875.2000,3875.0000,3874.6000,3877.0000,3877.4000,3877.6000,3878.0000,3878.6000,3,3,3,7,2,2,2,4,7,1
SF,IF2009,2020-06-09 09:33:30.900,3876.8000,29985,0,346637100.000,0,-,-,-,-,3876.2000,3876.0000,3875.2000,3875.0000,3874.6000,3877.0000,3877.4000,3877.6000,3878.0000,3878.6000,2,3,3,7,2,2,2,4,7,1
SF,IF2009,2020-06-09 09:33:31.400,3876.8000,29985,0,346637100.000,0,-,-,-,-,3876.2000,3876.0000,3875.2000,3875.0000,3874.6000,3877.0000,3877.4000,3877.6000,3878.0000,3878.6000,2,3,3,7,2,2,2,4,7,1
SF,IF2009,2020-06-09 09:33:31.900,3877.0000,29984,-1,348963300.000,2,0,2,多平,S,3876.4000,3876.2000,3876.0000,3875.2000,3875.0000,3877.4000,3877.6000,3878.0000,3878.6000,3879.0000,3,2,3,3,7,2,4,7,1,1
SF,IF2009,2020-06-09 09:33:32.400,3877.0000,29984,0,348963300.000,0,-,-,-,-,3876.6000,3876.4000,3876.2000,3876.0000,3875.2000,3877.4000,3877.6000,3878.0000,3878.6000,3879.0000,2,1,2,3,3,2,4,7,1,1
SF,IF2009,2020-06-09 09:33:32.900,3877.4000,29983,-1,351289740.000,2,0,2,多平,S,3877.4000,3876.8000,3876.6000,3876.4000,3876.0000,3877.6000,3878.0000,3878.6000,3879.0000,3879.2000,2,1,3,1,3,4,7,1,1,1
SF,IF2009,2020-06-09 09:33:33.400,3877.6000,29980,-3,355942860.000,4,0,4,多平,S,3877.6000,3876.8000,3876.6000,3876.4000,3876.0000,3878.0000,3878.6000,3879.0000,3879.2000,3879.8000,1,1,3,1,3,7,1,1,1,2
SF,IF2009,2020-06-09 09:33:33.900,3876.8000,29979,-1,357105900.000,1,0,1,双平,S,3876.6000,3876.4000,3876.0000,3875.2000,3875.0000,3878.0000,3878.6000,3879.0000,3879.2000,3879.8000,1,1,3,3,7,6,1,1,1,2
SF,IF2009,2020-06-09 09:33:34.400,3876.8000,29979,0,357105900.000,0,-,-,-,-,3876.8000,3876.4000,3876.0000,3875.2000,3875.0000,3877.6000,3877.8000,3878.0000,3878.6000,3879.0000,1,1,3,3,7,2,3,6,1,1
SF,IF2009,2020-06-09 09:33:34.900,3876.8000,29978,-1,358268940.000,1,0,1,双平,S,3876.4000,3876.0000,3875.2000,3875.0000,3874.6000,3877.4000,3878.0000,3878.6000,3879.0000,3879.2000,1,3,3,7,2,3,6,1,1,1
SF,IF2009,2020-06-09 09:33:35.400,3876.8000,29978,0,358268940.000,0,-,-,-,-,3876.4000,3876.0000,3875.2000,3875.0000,3874.6000,3877.4000,3878.0000,3878.6000,3879.0000,3879.2000,1,3,3,7,2,1,6,1,1,1
SF,IF2009,2020-06-09 09:33:35.900,3876.8000,29978,0,358268940.000,0,-,-,-,-,3876.0000,3875.2000,3875.0000,3874.6000,3874.4000,3877.4000,3878.0000,3878.6000,3879.0000,3879.2000,3,3,7,2,1,1,6,1,1,1
SF,IF2009,2020-06-09 09:33:36.400,3876.8000,29978,0,358268940.000,0,-,-,-,-,3876.2000,3876.0000,3875.2000,3875.0000,3874.6000,3877.4000,3878.0000,3878.6000,3879.0000,3879.2000,1,3,3,7,2,1,6,1,1,1
SF,IF2009,2020-06-09 09:33:36.900,3876.8000,29978,0,358268940.000,0,-,-,-,-,3876.2000,3876.0000,3875.2000,3875.0000,3874.6000,3877.4000,3878.0000,3878.6000,3879.0000,3879.2000,3,3,3,7,2,1,6,1,1,1
SF,IF2009,2020-06-09 09:33:37.400,3876.8000,29978,0,358268940.000,0,-,-,-,-,3876.0000,3875.2000,3875.0000,3874.6000,3874.4000,3877.4000,3878.0000,3878.6000,3879.0000,3879.2000,3,3,7,2,1,4,6,1,1,1
SF,IF2009,2020-06-09 09:33:37.900,3876.8000,29978,0,358268940.000,0,-,-,-,-,3876.2000,3876.0000,3875.2000,3875.0000,3874.6000,3877.4000,3878.0000,3878.6000,3879.0000,3879.2000,1,3,3,7,2,4,6,1,1,1
SF,IF2009,2020-06-09 09:33:38.400,3876.8000,29978,0,358268940.000,0,-,-,-,-,3876.2000,3876.0000,3875.2000,3875.0000,3874.6000,3877.4000,3878.0000,3878.6000,3879.0000,3879.2000,1,3,3,7,2,2,6,1,1,1
SF,IF2009,2020-06-09 09:33:38.900,3876.8000,29978,0,358268940.000,0,-,-,-,-,3876.4000,3876.2000,3876.0000,3875.2000,3875.0000,3877.4000,3878.0000,3878.6000,3879.0000,3879.2000,1,1,3,3,7,2,6,1,1,1
SF,IF2009,2020-06-09 09:33:39.900,3876.8000,29978,0,358268940.000,0,-,-,-,-,3876.4000,3876.2000,3876.0000,3875.2000,3875.0000,3877.4000,3878.0000,3878.6000,3879.0000,3879.2000,1,1,3,3,7,1,6,1,1,1
SF,IF2009,2020-06-09 09:33:40.400,3876.8000,29978,0,358268940.000,0,-,-,-,-,3876.6000,3876.0000,3875.2000,3875.0000,3874.6000,3877.4000,3878.0000,3878.6000,3879.0000,3879.2000,1,3,3,7,2,3,6,1,1,1
SF,IF2009,2020-06-09 09:33:40.900,3876.8000,29978,0,358268940.000,0,-,-,-,-,3876.0000,3875.2000,3875.0000,3874.6000,3874.4000,3877.4000,3878.0000,3878.6000,3879.0000,3879.2000,3,3,7,2,1,1,6,1,1,1
SF,IF2009,2020-06-09 09:33:41.400,3876.8000,29978,0,358268940.000,0,-,-,-,-,3876.2000,3876.0000,3875.2000,3875.0000,3874.6000,3877.4000,3878.0000,3878.6000,3879.0000,3879.2000,1,3,3,7,2,1,6,1,1,1
SF,IF2009,2020-06-09 09:33:41.900,3876.8000,29978,0,358268940.000,0,-,-,-,-,3876.2000,3876.0000,3875.2000,3875.0000,3874.6000,3877.4000,3878.0000,3878.6000,3879.0000,3879.2000,2,3,3,7,2,2,6,1,1,1
SF,IF2009,2020-06-09 09:33:42.400,3876.8000,29978,0,358268940.000,0,-,-,-,-,3876.4000,3876.2000,3876.0000,3875.2000,3875.0000,3877.4000,3878.0000,3878.6000,3879.0000,3879.2000,1,3,3,3,7,2,6,1,1,1
SF,IF2009,2020-06-09 09:33:42.900,3876.8000,29978,0,358268940.000,0,-,-,-,-,3876.2000,3876.0000,3875.2000,3875.0000,3874.6000,3877.4000,3878.0000,3878.6000,3879.0000,3879.2000,1,3,3,7,2,2,6,1,1,1
SF,IF2009,2020-06-09 09:33:43.400,3876.8000,29978,0,358268940.000,0,-,-,-,-,3876.6000,3876.4000,3876.2000,3876.0000,3875.2000,3877.4000,3878.0000,3878.6000,3879.0000,3879.2000,2,2,2,3,3,2,6,1,1,1
SF,IF2009,2020-06-09 09:33:43.900,3877.4000,29977,-1,359432160.000,1,0,1,双平,S,3876.8000,3876.6000,3876.4000,3876.0000,3875.2000,3877.4000,3878.0000,3878.6000,3879.0000,3879.2000,4,2,3,3,3,1,6,1,1,1
SF,IF2009,2020-06-09 09:33:44.400,3877.4000,29977,0,359432160.000,0,-,-,-,-,3876.8000,3876.6000,3876.4000,3876.0000,3875.2000,3877.2000,3878.0000,3878.6000,3879.0000,3879.2000,4,1,3,3,3,1,6,1,1,1
SF,IF2009,2020-06-09 09:33:44.900,3877.4000,29977,0,359432160.000,0,-,-,-,-,3876.8000,3876.6000,3876.4000,3876.0000,3875.2000,3877.2000,3878.0000,3878.6000,3879.0000,3879.2000,4,1,2,3,3,1,6,1,1,1
SF,IF2009,2020-06-09 09:33:45.400,3877.4000,29977,0,359432160.000,0,-,-,-,-,3876.8000,3876.6000,3876.0000,3875.2000,3875.0000,3877.2000,3878.0000,3878.6000,3879.0000,3879.2000,2,1,3,3,7,1,5,1,1,1
SF,IF2009,2020-06-09 09:33:46.900,3876.8000,29976,-1,360595200.000,1,0,1,双平,S,3876.8000,3876.6000,3876.0000,3875.2000,3875.0000,3877.2000,3878.0000,3878.6000,3879.0000,3879.2000,1,1,3,3,7,1,5,1,1,1
SF,IF2009,2020-06-09 09:33:47.400,3876.8000,29975,-1,361758240.000,1,0,1,双平,S,3876.6000,3876.0000,3875.2000,3875.0000,3874.6000,3877.2000,3878.0000,3878.6000,3879.0000,3879.2000,1,3,3,7,2,2,5,1,1,1
SF,IF2009,2020-06-09 09:33:47.900,3877.2000,29976,1,364084560.000,2,1,1,空开,S,3877.2000,3876.6000,3876.0000,3875.2000,3875.0000,3878.0000,3878.6000,3879.0000,3879.2000,3879.8000,11,1,3,3,7,5,1,1,1,2
SF,IF2009,2020-06-09 09:33:48.400,3877.2000,29976,0,366410880.000,2,1,1,多换,S,3877.2000,3876.6000,3876.0000,3875.2000,3875.0000,3877.8000,3878.0000,3878.6000,3879.0000,3879.2000,9,1,3,3,7,4,5,1,1,1
SF,IF2009,2020-06-09 09:33:48.900,3877.2000,29976,0,367574040.000,1,0,1,多换,S,3877.2000,3876.6000,3876.0000,3875.2000,3875.0000,3877.8000,3878.0000,3878.6000,3879.0000,3879.2000,8,1,3,3,7,4,5,1,1,1
SF,IF2009,2020-06-09 09:33:49.400,3877.2000,29975,-1,368737200.000,1,0,1,双平,S,3877.2000,3876.6000,3876.0000,3875.2000,3875.0000,3877.8000,3878.0000,3878.6000,3879.0000,3879.2000,8,1,3,3,7,4,5,1,1,1
SF,IF2009,2020-06-09 09:33:49.900,3877.2000,29975,0,371063520.000,2,1,1,多换,S,3877.2000,3876.6000,3876.0000,3875.2000,3875.0000,3877.8000,3878.0000,3878.6000,3879.0000,3879.2000,6,1,3,3,7,4,2,1,1,1
SF,IF2009,2020-06-09 09:33:50.400,3877.2000,29976,1,372226680.000,1,1,0,双开,S,3877.2000,3876.6000,3876.0000,3875.2000,3875.0000,3877.6000,3877.8000,3878.0000,3878.6000,3879.0000,5,1,3,3,7,1,4,2,1,1
SF,IF2009,2020-06-09 09:33:50.900,3877.2000,29976,0,372226680.000,0,-,-,-,-,3877.2000,3876.6000,3876.0000,3875.2000,3875.0000,3877.8000,3878.0000,3878.6000,3879.0000,3879.2000,5,1,3,3,7,4,2,1,1,1
SF,IF2009,2020-06-09 09:33:51.400,3877.2000,29976,0,373389840.000,1,0,1,多换,S,3877.2000,3876.6000,3876.0000,3875.2000,3875.0000,3877.8000,3878.0000,3878.6000,3879.0000,3879.2000,4,1,3,3,7,4,2,1,1,1
SF,IF2009,2020-06-09 09:33:53.400,3877.2000,29976,0,375716340.000,2,1,1,多换,S,3877.2000,3876.6000,3876.0000,3875.2000,3875.0000,3877.8000,3878.0000,3878.6000,3879.0000,3879.2000,3,1,3,3,7,3,2,1,1,1
SF,IF2009,2020-06-09 09:33:53.900,3877.2000,29978,2,381532680.000,5,3,2,空开,S,3877.2000,3876.6000,3876.0000,3875.2000,3875.0000,3878.0000,3878.2000,3878.6000,3879.0000,3879.2000,1,1,3,3,7,2,2,1,1,1
SF,IF2009,2020-06-09 09:33:54.400,3878.0000,29977,-1,383859480.000,2,0,2,多平,S,3877.4000,3877.2000,3876.6000,3876.0000,3875.2000,3878.2000,3878.6000,3879.0000,3879.2000,3879.8000,1,3,1,3,3,2,1,1,1,2
SF,IF2009,2020-06-09 09:33:54.900,3877.4000,29976,-1,385022700.000,1,0,1,双平,S,3877.8000,3877.4000,3877.2000,3876.6000,3876.0000,3878.2000,3878.6000,3879.0000,3879.2000,3879.8000,2,2,1,1,3,2,1,1,1,2
SF,IF2009,2020-06-09 09:33:56.400,3877.8000,29976,0,386186040.000,1,0,1,多换,S,3877.8000,3877.4000,3877.2000,3876.6000,3876.0000,3878.2000,3878.6000,3879.0000,3879.2000,3879.8000,1,2,1,1,3,2,1,1,1,2
SF,IF2009,2020-06-09 09:33:56.900,3877.8000,29976,0,386186040.000,0,-,-,-,-,3877.8000,3877.4000,3877.2000,3876.6000,3876.0000,3878.2000,3878.6000,3879.0000,3879.2000,3879.8000,1,2,1,1,3,2,1,1,1,2
SF,IF2009,2020-06-09 09:33:57.400,3878.2000,29974,-2,388512960.000,2,0,2,双平,S,3877.8000,3877.2000,3876.6000,3876.0000,3875.2000,3878.6000,3879.0000,3879.2000,3879.8000,3882.0000,1,1,1,3,3,1,1,1,2,2
SF,IF2009,2020-06-09 09:33:57.900,3878.2000,29974,0,388512960.000,0,-,-,-,-,3877.8000,3877.2000,3876.6000,3876.0000,3875.2000,3878.4000,3878.6000,3879.0000,3879.2000,3879.8000,1,1,1,3,3,1,3,1,1,2
SF,IF2009,2020-06-09 09:33:58.900,3878.2000,29974,0,388512960.000,0,-,-,-,-,3877.8000,3877.2000,3876.8000,3876.6000,3876.0000,3878.4000,3878.6000,3879.0000,3879.2000,3879.8000,1,1,2,1,3,1,3,1,1,2
SF,IF2009,2020-06-09 09:33:59.400,3878.2000,29974,0,388512960.000,0,-,-,-,-,3877.8000,3877.2000,3876.8000,3876.6000,3876.0000,3878.6000,3879.0000,3879.2000,3879.8000,3882.0000,1,1,2,1,3,3,1,1,2,2
SF,IF2009,2020-06-09 09:33:59.900,3878.2000,29974,0,388512960.000,0,-,-,-,-,3877.8000,3877.2000,3876.8000,3876.6000,3876.0000,3878.6000,3879.0000,3879.2000,3879.8000,3882.0000,1,1,2,1,3,1,1,1,2,2
SF,IF2009,2020-06-09 09:34:00.400,3878.2000,29974,0,388512960.000,0,-,-,-,-,3877.8000,3877.2000,3876.8000,3876.6000,3876.0000,3878.4000,3878.6000,3879.0000,3879.2000,3879.8000,1,1,2,1,3,3,3,1,1,2
SF,IF2009,2020-06-09 09:34:00.900,3877.8000,29975,1,389676300.000,1,1,0,双开,S,3877.2000,3876.8000,3876.6000,3876.0000,3875.2000,3877.8000,3878.4000,3878.6000,3879.0000,3879.2000,1,2,1,3,3,1,3,3,1,1
SF,IF2009,2020-06-09 09:34:01.400,3877.8000,29975,0,389676300.000,0,-,-,-,-,3877.2000,3876.8000,3876.6000,3876.0000,3875.2000,3877.8000,3878.4000,3878.6000,3879.0000,3879.2000,1,2,1,3,3,1,3,3,1,1
SF,IF2009,2020-06-09 09:34:01.900,3877.8000,29975,0,389676300.000,0,-,-,-,-,3877.2000,3876.8000,3876.6000,3876.0000,3875.2000,3877.6000,3877.8000,3878.4000,3878.6000,3879.0000,1,2,1,3,3,1,1,1,1,1
SF,IF2009,2020-06-09 09:34:02.400,3877.8000,29976,1,390839640.000,1,1,0,双开,S,3877.2000,3876.8000,3876.6000,3876.0000,3875.2000,3877.8000,3878.4000,3878.6000,3879.0000,3879.2000,1,2,1,3,3,1,1,1,1,1
SF,IF2009,2020-06-09 09:34:02.900,3877.8000,29977,1,392002980.000,1,1,0,双开,S,3877.8000,3877.2000,3876.8000,3876.0000,3875.2000,3878.4000,3878.6000,3879.0000,3879.2000,3879.8000,1,1,2,3,3,1,1,1,1,2
SF,IF2009,2020-06-09 09:34:03.400,3877.6000,29977,0,395492760.000,3,1,2,多换,S,3876.8000,3876.0000,3875.2000,3875.0000,3874.6000,3877.6000,3877.8000,3878.0000,3878.2000,3878.4000,2,3,3,7,2,2,4,1,1,3
SF,IF2009,2020-06-09 09:34:03.900,3877.6000,29977,0,395492760.000,0,-,-,-,-,3876.8000,3876.0000,3875.2000,3875.0000,3874.6000,3877.6000,3877.8000,3878.0000,3878.2000,3878.4000,2,3,3,7,2,2,3,1,1,3
SF,IF2009,2020-06-09 09:34:04.400,3877.6000,29977,0,395492760.000,0,-,-,-,-,3876.8000,3876.0000,3875.2000,3875.0000,3874.6000,3877.4000,3877.8000,3878.0000,3878.2000,3878.4000,2,3,3,7,2,2,3,1,1,3
SF,IF2009,2020-06-09 09:34:05.400,3877.6000,29977,0,395492760.000,0,-,-,-,-,3876.8000,3876.0000,3875.2000,3875.0000,3874.6000,3877.4000,3877.8000,3878.2000,3878.4000,3878.6000,2,3,3,7,2,2,3,1,3,1
SF,IF2009,2020-06-09 09:34:05.900,3877.6000,29977,0,397819320.000,2,1,1,多换,S,3876.8000,3876.0000,3875.2000,3875.0000,3874.6000,3877.8000,3878.2000,3878.4000,3878.6000,3879.0000,2,3,3,7,2,3,1,3,1,1
SF,IF2009,2020-06-09 09:34:06.400,3877.6000,29977,0,397819320.000,0,-,-,-,-,3877.4000,3876.8000,3876.0000,3875.2000,3875.0000,3877.6000,3877.8000,3878.4000,3878.6000,3879.0000,7,2,3,3,7,2,3,2,1,1
SF,IF2009,2020-06-09 09:34:06.900,3877.4000,29972,-5,405961860.000,7,1,6,多平,S,3876.8000,3876.0000,3875.2000,3875.0000,3874.6000,3877.6000,3877.8000,3878.4000,3878.6000,3879.0000,2,3,3,7,2,1,1,2,1,1
SF,IF2009,2020-06-09 09:34:07.400,3877.6000,29970,-2,408288420.000,2,0,2,双平,S,3877.6000,3876.8000,3876.0000,3875.2000,3875.0000,3877.8000,3878.4000,3878.6000,3879.0000,3879.2000,3,2,3,3,7,1,2,1,1,1
SF,IF2009,2020-06-09 09:34:07.900,3877.6000,29968,-2,410614980.000,2,0,2,双平,S,3877.6000,3877.0000,3876.8000,3876.0000,3875.2000,3878.4000,3878.6000,3879.0000,3879.2000,3879.8000,1,1,2,3,3,1,1,1,1,2
SF,IF2009,2020-06-09 09:34:08.400,3877.6000,29968,0,410614980.000,0,-,-,-,-,3877.6000,3877.0000,3876.8000,3876.0000,3875.2000,3878.2000,3878.4000,3878.6000,3879.0000,3879.2000,3,1,2,3,3,2,3,1,1,1
SF,IF2009,2020-06-09 09:34:08.900,3877.6000,29968,0,410614980.000,0,-,-,-,-,3877.8000,3877.6000,3877.0000,3876.8000,3876.6000,3878.0000,3878.2000,3878.4000,3878.6000,3879.0000,1,3,1,2,1,3,2,3,1,1
SF,IF2009,2020-06-09 09:34:09.400,3878.0000,29967,-1,414104940.000,3,1,2,多平,S,3877.6000,3876.8000,3876.6000,3876.0000,3875.2000,3878.0000,3878.2000,3878.4000,3878.6000,3879.0000,2,2,1,3,3,2,1,3,1,1
SF,IF2009,2020-06-09 09:34:09.900,3878.0000,29967,0,414104940.000,0,-,-,-,-,3876.8000,3876.6000,3876.0000,3875.2000,3875.0000,3878.0000,3878.2000,3878.4000,3878.6000,3879.0000,2,1,3,3,7,2,1,2,1,1
SF,IF2009,2020-06-09 09:34:10.400,3878.0000,29967,0,416431740.000,2,1,1,多换,S,3877.0000,3876.8000,3876.6000,3876.0000,3875.2000,3877.8000,3878.0000,3878.2000,3878.4000,3878.6000,2,2,1,3,3,1,2,1,2,1
SF,IF2009,2020-06-09 09:34:10.900,3878.0000,29967,0,416431740.000,0,-,-,-,-,3877.0000,3876.8000,3876.6000,3876.0000,3875.2000,3877.8000,3878.0000,3878.4000,3878.6000,3879.0000,2,2,1,3,3,1,2,2,1,1
SF,IF2009,2020-06-09 09:34:11.900,3878.0000,29967,0,416431740.000,0,-,-,-,-,3877.0000,3876.8000,3876.6000,3876.0000,3875.2000,3877.8000,3878.0000,3878.4000,3878.6000,3879.0000,2,2,1,3,3,2,2,2,1,1
SF,IF2009,2020-06-09 09:34:12.400,3878.0000,29967,0,416431740.000,0,-,-,-,-,3877.0000,3876.8000,3876.6000,3876.0000,3875.2000,3877.8000,3878.0000,3878.4000,3878.6000,3879.0000,1,2,1,3,3,2,2,2,1,1
SF,IF2009,2020-06-09 09:34:12.900,3878.0000,29967,0,416431740.000,0,-,-,-,-,3877.0000,3876.8000,3876.6000,3876.0000,3875.2000,3877.8000,3878.0000,3878.4000,3878.6000,3879.0000,3,2,1,3,3,2,3,2,1,1
SF,IF2009,2020-06-09 09:34:13.400,3878.0000,29967,0,416431740.000,0,-,-,-,-,3877.0000,3876.8000,3876.6000,3876.0000,3875.2000,3877.8000,3878.0000,3878.4000,3878.6000,3879.0000,8,2,1,3,3,2,3,2,1,1
SF,IF2009,2020-06-09 09:34:13.900,3878.0000,29967,0,416431740.000,0,-,-,-,-,3877.2000,3877.0000,3876.8000,3876.6000,3876.0000,3877.8000,3878.0000,3878.4000,3878.6000,3879.0000,2,7,2,1,3,1,3,2,1,1
SF,IF2009,2020-06-09 09:34:15.400,3878.0000,29967,0,416431740.000,0,-,-,-,-,3877.2000,3877.0000,3876.8000,3876.6000,3876.0000,3877.8000,3878.0000,3878.4000,3878.6000,3879.0000,2,7,2,1,3,1,3,2,1,1
SF,IF2009,2020-06-09 09:34:16.400,3877.8000,29967,0,417595080.000,1,0,1,多换,S,3877.2000,3877.0000,3876.6000,3875.0000,3874.6000,3878.0000,3878.4000,3878.6000,3879.0000,3879.2000,2,7,1,7,2,3,2,1,1,1
SF,IF2009,2020-06-09 09:34:16.900,3877.8000,29967,0,418758420.000,1,0,1,多换,S,3877.0000,3876.6000,3875.0000,3874.6000,3874.4000,3878.0000,3878.4000,3878.6000,3879.0000,3879.2000,7,1,7,2,1,3,2,1,1,1
SF,IF2009,2020-06-09 09:34:17.400,3877.8000,29967,0,418758420.000,0,-,-,-,-,3877.8000,3877.0000,3876.6000,3875.0000,3874.6000,3878.0000,3878.4000,3878.6000,3879.0000,3879.2000,1,7,1,7,2,3,2,1,1,1
SF,IF2009,2020-06-09 09:34:17.900,3878.0000,29966,-1,423411960.000,4,1,3,多平,S,3878.0000,3877.8000,3877.4000,3877.2000,3877.0000,3878.4000,3878.6000,3879.0000,3879.2000,3879.8000,2,1,1,3,7,2,1,1,1,2
SF,IF2009,2020-06-09 09:34:18.400,3878.0000,29966,0,423411960.000,0,-,-,-,-,3878.0000,3877.4000,3877.2000,3877.0000,3876.6000,3878.4000,3878.6000,3879.0000,3879.2000,3879.8000,2,1,1,7,1,2,1,1,1,2
SF,IF2009,2020-06-09 09:34:19.900,3878.4000,29966,0,424575480.000,1,0,1,多换,S,3878.0000,3877.4000,3877.2000,3877.0000,3876.6000,3878.4000,3878.6000,3879.0000,3879.2000,3879.8000,2,1,1,7,1,1,1,1,1,2
SF,IF2009,2020-06-09 09:34:20.400,3878.4000,29965,-1,425739000.000,1,0,1,双平,S,3878.0000,3877.4000,3877.0000,3876.6000,3875.0000,3878.6000,3879.0000,3879.2000,3879.8000,3880.0000,2,1,7,1,7,1,1,1,2,1
SF,IF2009,2020-06-09 09:34:20.900,3878.4000,29965,0,425739000.000,0,-,-,-,-,3878.4000,3878.0000,3877.4000,3877.0000,3876.6000,3878.6000,3879.0000,3879.2000,3879.8000,3880.0000,1,2,1,7,1,1,1,1,2,1
SF,IF2009,2020-06-09 09:34:21.400,3878.4000,29965,0,425739000.000,0,-,-,-,-,3878.0000,3877.4000,3877.0000,3876.6000,3875.0000,3878.6000,3879.0000,3879.2000,3879.8000,3880.0000,2,1,7,1,7,1,1,1,2,1
SF,IF2009,2020-06-09 09:34:21.900,3878.6000,29965,0,426902580.000,1,0,1,多换,S,3878.0000,3877.4000,3877.0000,3876.6000,3875.0000,3878.4000,3879.0000,3879.2000,3879.8000,3880.0000,2,1,7,1,7,3,1,1,2,1
SF,IF2009,2020-06-09 09:34:22.400,3878.6000,29962,-3,430393320.000,3,0,3,双平,S,3878.4000,3878.0000,3877.4000,3877.0000,3876.6000,3879.0000,3879.2000,3879.8000,3880.0000,3882.0000,1,2,1,7,1,1,1,2,1,2
SF,IF2009,2020-06-09 09:34:22.900,3878.6000,29962,0,430393320.000,0,-,-,-,-,3878.6000,3878.0000,3877.4000,3877.0000,3876.6000,3879.0000,3879.2000,3879.8000,3880.0000,3882.0000,1,2,1,7,1,1,1,2,1,2
SF,IF2009,2020-06-09 09:34:23.900,3878.6000,29962,0,430393320.000,0,-,-,-,-,3878.8000,3878.6000,3878.0000,3877.4000,3877.0000,3879.0000,3879.2000,3879.8000,3880.0000,3882.0000,1,1,2,1,6,1,1,2,1,2
SF,IF2009,2020-06-09 09:34:24.400,3879.0000,29961,-1,431557020.000,1,0,1,双平,S,3878.8000,3878.6000,3878.0000,3877.4000,3877.0000,3879.2000,3879.8000,3880.0000,3882.0000,3882.2000,1,1,2,1,6,1,2,1,2,1
SF,IF2009,2020-06-09 09:34:24.900,3878.8000,29961,0,432720660.000,1,0,1,多换,S,3878.6000,3878.0000,3877.4000,3877.0000,3876.6000,3879.2000,3879.4000,3879.8000,3880.0000,3882.0000,1,2,1,6,1,1,1,2,1,2
SF,IF2009,2020-06-09 09:34:25.400,3878.8000,29961,0,432720660.000,0,-,-,-,-,3878.6000,3878.0000,3877.4000,3877.0000,3876.6000,3879.2000,3879.8000,3880.0000,3882.0000,3882.2000,1,2,1,6,1,1,2,1,2,1
SF,IF2009,2020-06-09 09:34:25.900,3879.2000,29960,-1,433884420.000,1,0,1,双平,S,3878.6000,3878.0000,3877.4000,3877.0000,3876.6000,3879.8000,3880.0000,3882.0000,3882.2000,3882.4000,1,1,1,6,1,2,1,2,1,1
SF,IF2009,2020-06-09 09:34:26.400,3879.2000,29960,0,433884420.000,0,-,-,-,-,3878.8000,3878.6000,3878.0000,3877.0000,3876.6000,3879.6000,3879.8000,3880.0000,3882.0000,3882.2000,1,3,1,5,1,1,2,1,2,1
SF,IF2009,2020-06-09 09:34:26.900,3879.2000,29960,0,433884420.000,0,-,-,-,-,3879.0000,3878.8000,3878.6000,3878.0000,3877.0000,3879.6000,3879.8000,3880.0000,3882.0000,3882.2000,1,4,1,1,5,3,3,1,2,1
SF,IF2009,2020-06-09 09:34:27.400,3879.2000,29960,0,433884420.000,0,-,-,-,-,3879.0000,3878.8000,3878.6000,3878.0000,3877.0000,3879.6000,3879.8000,3880.0000,3882.0000,3882.2000,1,3,1,1,5,3,3,1,2,1
SF,IF2009,2020-06-09 09:34:27.900,3879.2000,29960,0,433884420.000,0,-,-,-,-,3879.0000,3878.8000,3878.6000,3878.0000,3877.0000,3879.6000,3879.8000,3880.0000,3882.0000,3882.2000,1,3,1,1,5,3,3,1,1,1
SF,IF2009,2020-06-09 09:34:28.400,3879.2000,29960,0,433884420.000,0,-,-,-,-,3879.0000,3878.8000,3878.6000,3877.0000,3876.6000,3879.6000,3879.8000,3880.0000,3882.0000,3882.2000,1,1,1,5,1,3,3,1,1,1
SF,IF2009,2020-06-09 09:34:28.900,3879.2000,29960,0,433884420.000,0,-,-,-,-,3879.0000,3878.8000,3878.6000,3877.2000,3877.0000,3879.6000,3879.8000,3880.0000,3882.0000,3882.2000,1,1,1,1,5,3,3,1,1,1
SF,IF2009,2020-06-09 09:34:29.900,3879.6000,29961,1,435048300.000,1,1,0,双开,S,3879.0000,3878.8000,3878.6000,3877.2000,3877.0000,3879.6000,3879.8000,3880.0000,3882.0000,3882.2000,1,1,1,1,5,2,3,1,1,1
SF,IF2009,2020-06-09 09:34:30.400,3879.6000,29961,0,435048300.000,0,-,-,-,-,3879.2000,3879.0000,3878.6000,3877.2000,3877.0000,3879.6000,3879.8000,3880.0000,3882.0000,3882.2000,1,1,1,1,5,2,3,1,1,1
SF,IF2009,2020-06-09 09:34:32.900,3879.6000,29961,0,435048300.000,0,-,-,-,-,3879.4000,3879.2000,3879.0000,3878.6000,3877.2000,3879.6000,3879.8000,3880.0000,3882.0000,3882.2000,1,1,1,1,1,2,3,1,1,1
SF,IF2009,2020-06-09 09:34:33.400,3879.4000,29960,-1,437376000.000,2,0,2,多平,S,3879.0000,3878.6000,3877.2000,3877.0000,3876.6000,3879.6000,3879.8000,3880.0000,3882.0000,3882.2000,1,1,1,5,1,1,3,1,1,1
SF,IF2009,2020-06-09 09:34:33.900,3879.4000,29960,0,437376000.000,0,-,-,-,-,3879.0000,3878.6000,3877.2000,3877.0000,3876.6000,3879.6000,3879.8000,3880.0000,3882.0000,3882.2000,1,1,1,5,1,1,3,1,1,1
SF,IF2009,2020-06-09 09:34:34.400,3879.4000,29960,0,437376000.000,0,-,-,-,-,3879.0000,3878.6000,3877.8000,3877.2000,3877.0000,3879.6000,3879.8000,3880.0000,3882.0000,3882.2000,1,1,1,1,5,1,3,1,1,1
SF,IF2009,2020-06-09 09:34:34.900,3879.4000,29960,0,437376000.000,0,-,-,-,-,3879.2000,3879.0000,3878.6000,3877.8000,3877.2000,3879.6000,3879.8000,3880.0000,3882.0000,3882.2000,2,1,1,1,1,1,2,1,1,1
SF,IF2009,2020-06-09 09:34:35.400,3879.2000,29959,-1,438539760.000,1,0,1,双平,S,3879.2000,3879.0000,3878.6000,3877.8000,3877.2000,3879.6000,3879.8000,3880.0000,3882.0000,3882.2000,1,1,1,1,1,1,2,1,1,1
SF,IF2009,2020-06-09 09:34:36.400,3879.2000,29959,0,438539760.000,0,-,-,-,-,3879.2000,3879.0000,3878.8000,3878.6000,3877.8000,3879.6000,3879.8000,3880.0000,3882.0000,3882.2000,1,1,1,1,1,1,2,1,1,1
SF,IF2009,2020-06-09 09:34:37.900,3879.4000,29958,-1,439703580.000,1,0,1,双平,S,3879.2000,3879.0000,3878.8000,3878.6000,3877.8000,3879.6000,3879.8000,3880.0000,3882.0000,3882.2000,1,1,1,1,1,1,2,1,1,1
SF,IF2009,2020-06-09 09:34:38.400,3879.4000,29958,0,439703580.000,0,-,-,-,-,3879.2000,3879.0000,3878.8000,3878.6000,3877.8000,3879.6000,3879.8000,3880.0000,3882.0000,3882.2000,1,1,1,1,1,1,2,1,1,1
SF,IF2009,2020-06-09 09:34:41.400,3879.6000,29959,1,440867460.000,1,1,0,双开,S,3879.6000,3879.2000,3879.0000,3878.8000,3878.6000,3879.8000,3880.0000,3882.0000,3882.2000,3882.4000,3,1,1,1,1,2,1,1,1,1
SF,IF2009,2020-06-09 09:34:41.900,3879.6000,29959,0,440867460.000,0,-,-,-,-,3879.6000,3879.2000,3879.0000,3878.8000,3878.6000,3879.8000,3880.0000,3882.0000,3882.2000,3882.4000,3,1,1,1,1,2,1,1,1,1
SF,IF2009,2020-06-09 09:34:42.400,3879.6000,29960,1,444359100.000,3,2,1,空开,S,3879.2000,3879.0000,3878.8000,3878.6000,3877.8000,3879.8000,3880.0000,3882.0000,3882.2000,3882.4000,1,1,1,1,1,2,1,1,1,1
SF,IF2009,2020-06-09 09:34:42.900,3879.6000,29960,0,444359100.000,0,-,-,-,-,3879.2000,3879.0000,3878.8000,3878.6000,3877.8000,3879.6000,3879.8000,3880.0000,3882.0000,3882.2000,1,2,1,1,1,1,2,1,1,1
SF,IF2009,2020-06-09 09:34:43.400,3879.6000,29960,0,444359100.000,0,-,-,-,-,3879.2000,3879.0000,3878.8000,3878.6000,3877.8000,3879.6000,3879.8000,3880.0000,3882.0000,3882.2000,1,2,1,1,1,2,2,1,1,1
SF,IF2009,2020-06-09 09:34:43.900,3879.0000,29960,0,446686560.000,2,1,1,多换,S,3879.0000,3878.8000,3877.8000,3877.2000,3877.0000,3879.2000,3879.6000,3879.8000,3880.0000,3882.0000,1,1,1,1,5,3,2,2,1,1
SF,IF2009,2020-06-09 09:34:44.400,3879.0000,29959,-1,447850260.000,1,0,1,双平,S,3878.8000,3877.8000,3877.2000,3877.0000,3875.0000,3879.0000,3879.2000,3879.6000,3879.8000,3880.0000,1,1,1,5,7,2,2,2,2,1
SF,IF2009,2020-06-09 09:34:44.900,3878.8000,29961,2,453668460.000,5,3,2,空开,S,3877.8000,3877.2000,3877.0000,3875.0000,3874.6000,3879.2000,3879.4000,3879.6000,3879.8000,3880.0000,1,1,5,7,1,2,1,2,2,1
SF,IF2009,2020-06-09 09:34:45.400,3878.8000,29961,0,453668460.000,0,-,-,-,-,3878.0000,3877.8000,3877.2000,3877.0000,3875.0000,3879.2000,3879.4000,3879.6000,3879.8000,3880.0000,3,1,1,5,7,1,1,2,2,1
SF,IF2009,2020-06-09 09:34:45.900,3878.8000,29961,0,453668460.000,0,-,-,-,-,3878.2000,3877.8000,3877.2000,3877.0000,3875.0000,3879.0000,3879.2000,3879.4000,3879.6000,3879.8000,1,1,1,5,7,2,2,2,2,2
SF,IF2009,2020-06-09 09:34:46.400,3878.8000,29961,0,453668460.000,0,-,-,-,-,3878.2000,3877.8000,3877.2000,3877.0000,3875.0000,3879.0000,3879.2000,3879.4000,3879.6000,3879.8000,2,1,1,5,7,1,2,1,2,2
SF,IF2009,2020-06-09 09:34:46.900,3878.8000,29961,0,453668460.000,0,-,-,-,-,3878.2000,3877.8000,3877.2000,3877.0000,3875.0000,3878.8000,3879.2000,3879.4000,3879.6000,3879.8000,3,1,1,5,7,1,1,1,2,2
