市场代码,合约代码,时间,最新,持仓,增仓,成交额,成交量,开仓,平仓,成交类型,方向,买一价,买二价,买三价,买四价,买五价,卖一价,卖二价,卖三价,卖四价,卖五价,买一量,买二量,买三量,买四量,买五量,卖一量,卖二量,卖三量,卖四量,卖五量
SF,IF2006,2019-11-22 09:29:00.400,3880.2000,3623,0,1164060.000,1.000,-,-,-,-,3880.0000,3873.6000,3870.6000,3870.0000,3865.4000,3885.4000,3887.2000,3888.6000,3891.4000,3892.0000,1,1,1,1,1,1,1,2,1,1
SF,IF2006,2019-11-22 09:30:00.400,3880.0000,3624,1,2328060.000,1,1,0,双开,S,3873.6000,3865.4000,3861.6000,3855.0000,3850.2000,3877.4000,3884.4000,3885.2000,3885.4000,3898.2000,1,1,1,1,1,1,3,1,1,6
SF,IF2006,2019-11-22 09:30:00.900,3877.4000,3623,-1,3491280.000,1,0,1,双平,S,3877.4000,3876.6000,3876.4000,3876.0000,3875.0000,3880.8000,3885.2000,3885.4000,3898.2000,3900.0000,1,7,1,1,2,1,1,1,6,3
SF,IF2006,2019-11-22 09:30:01.400,3880.8000,3622,-1,4655520.000,1,0,1,双平,S,3880.8000,3879.8000,3878.6000,3877.6000,3877.4000,3885.4000,3893.4000,3898.2000,3900.0000,3925.0000,1,1,3,3,2,1,5,6,3,1
SF,IF2006,2019-11-22 09:30:01.900,3880.8000,3622,0,4655520.000,0,-,-,-,-,3877.6000,3877.4000,3876.6000,3876.4000,3874.4000,3884.4000,3884.8000,3885.2000,3885.4000,3893.4000,3,2,9,1,1,2,3,3,1,5
SF,IF2006,2019-11-22 09:30:02.400,3880.8000,3622,0,4655520.000,0,-,-,-,-,3880.8000,3880.2000,3877.8000,3877.6000,3877.4000,3884.2000,3884.4000,3885.0000,3885.2000,3885.4000,1,1,3,3,2,5,3,1,3,1
SF,IF2006,2019-11-22 09:30:02.900,3880.8000,3622,0,4655520.000,0,-,-,-,-,3880.8000,3880.2000,3877.8000,3877.6000,3877.4000,3884.2000,3885.0000,3885.2000,3885.4000,3893.4000,1,1,1,3,2,4,1,2,1,5
SF,IF2006,2019-11-22 09:30:03.400,3880.8000,3621,-1,5819760.000,1,0,1,双平,S,3880.2000,3877.8000,3877.6000,3877.4000,3876.6000,3884.0000,3884.2000,3884.4000,3885.0000,3885.2000,1,1,3,2,9,2,4,2,1,2
SF,IF2006,2019-11-22 09:30:03.900,3880.8000,3621,0,5819760.000,0,-,-,-,-,3880.8000,3880.2000,3877.8000,3877.6000,3877.4000,3883.8000,3884.0000,3884.2000,3884.4000,3885.0000,1,1,1,3,2,3,2,1,2,1
SF,IF2006,2019-11-22 09:30:04.400,3880.8000,3621,0,5819760.000,0,-,-,-,-,3880.8000,3880.2000,3877.8000,3877.6000,3877.4000,3883.6000,3883.8000,3884.0000,3884.2000,3884.4000,1,1,1,2,2,3,3,2,1,2
SF,IF2006,2019-11-22 09:30:04.900,3880.8000,3621,0,5819760.000,0,-,-,-,-,3880.8000,3880.2000,3878.2000,3877.8000,3877.6000,3883.4000,3883.6000,3883.8000,3884.0000,3884.2000,1,1,1,1,2,2,4,1,2,1
SF,IF2006,2019-11-22 09:30:05.400,3880.8000,3621,0,5819760.000,0,-,-,-,-,3880.8000,3880.2000,3878.2000,3877.8000,3877.6000,3883.4000,3883.8000,3884.0000,3884.2000,3884.4000,1,1,1,1,1,2,1,2,1,2
SF,IF2006,2019-11-22 09:30:05.900,3880.8000,3621,0,5819760.000,0,-,-,-,-,3880.8000,3880.2000,3878.2000,3877.8000,3877.6000,3883.2000,3883.4000,3883.6000,3883.8000,3884.0000,1,1,1,1,1,2,2,1,1,2
SF,IF2006,2019-11-22 09:30:06.400,3880.8000,3621,0,5819760.000,0,-,-,-,-,3880.8000,3880.2000,3878.2000,3877.8000,3877.6000,3883.0000,3883.2000,3883.4000,3883.6000,3883.8000,1,1,1,1,1,3,2,1,1,1
SF,IF2006,2019-11-22 09:30:06.900,3880.8000,3621,0,5819760.000,0,-,-,-,-,3880.8000,3880.2000,3878.2000,3877.8000,3877.6000,3882.8000,3883.0000,3883.2000,3883.4000,3883.6000,1,1,1,1,1,1,3,2,1,1
SF,IF2006,2019-11-22 09:30:07.400,3880.8000,3621,0,5819760.000,0,-,-,-,-,3880.8000,3880.2000,3878.2000,3877.8000,3877.6000,3882.6000,3883.0000,3883.2000,3883.4000,3883.6000,1,1,1,1,1,1,1,2,1,1
SF,IF2006,2019-11-22 09:30:07.900,3880.8000,3621,0,5819760.000,0,-,-,-,-,3880.8000,3880.2000,3878.2000,3877.8000,3877.6000,3882.6000,3883.0000,3883.2000,3883.4000,3883.6000,1,1,1,1,1,5,1,2,1,1
SF,IF2006,2019-11-22 09:30:08.400,3880.8000,3621,0,6984000.000,1,0,1,多换,S,3880.2000,3878.2000,3877.8000,3877.6000,3877.4000,3882.6000,3883.0000,3883.2000,3883.4000,3883.6000,1,1,1,1,2,5,1,2,1,1
SF,IF2006,2019-11-22 09:30:08.900,3880.8000,3621,0,6984000.000,0,-,-,-,-,3880.2000,3878.2000,3877.8000,3877.6000,3877.4000,3882.6000,3883.0000,3883.2000,3883.4000,3883.6000,1,1,1,1,2,2,1,2,1,1
SF,IF2006,2019-11-22 09:30:09.400,3880.8000,3621,0,6984000.000,0,-,-,-,-,3880.2000,3880.0000,3878.2000,3877.8000,3877.6000,3882.6000,3883.0000,3883.2000,3883.4000,3883.8000,1,1,1,1,1,1,1,2,1,1
SF,IF2006,2019-11-22 09:30:10.900,3880.8000,3621,0,6984000.000,0,-,-,-,-,3880.2000,3880.0000,3878.2000,3877.8000,3877.6000,3880.8000,3882.4000,3882.6000,3883.0000,3883.2000,1,1,1,1,1,1,4,1,1,2
SF,IF2006,2019-11-22 09:30:11.400,3880.8000,3620,-1,8148240.000,1,0,1,双平,S,3882.6000,3880.2000,3880.0000,3878.2000,3877.8000,3883.0000,3883.2000,3883.4000,3883.8000,3884.0000,1,1,1,1,1,1,2,1,1,2
SF,IF2006,2019-11-22 09:30:11.900,3882.6000,3620,0,9313020.000,1,0,1,多换,S,3880.0000,3878.2000,3877.8000,3877.6000,3877.4000,3880.2000,3882.6000,3882.8000,3883.0000,3883.2000,1,1,1,1,2,1,1,1,1,2
SF,IF2006,2019-11-22 09:30:12.400,3880.2000,3619,-1,10477080.000,1,0,1,双平,S,3880.0000,3878.2000,3877.8000,3877.6000,3877.4000,3882.6000,3883.0000,3883.2000,3883.4000,3883.8000,1,1,1,1,2,2,1,2,1,1
SF,IF2006,2019-11-22 09:30:12.900,3880.2000,3619,0,10477080.000,0,-,-,-,-,3880.0000,3878.2000,3877.8000,3877.6000,3877.4000,3880.2000,3880.4000,3882.4000,3882.6000,3883.0000,1,1,1,1,2,3,2,2,2,1
SF,IF2006,2019-11-22 09:30:13.400,3880.4000,3619,0,16297500.000,5,2,3,多换,S,3880.0000,3878.2000,3877.8000,3877.6000,3877.4000,3882.6000,3883.0000,3883.2000,3883.4000,3883.8000,1,1,1,1,2,1,1,2,1,1
SF,IF2006,2019-11-22 09:30:13.900,3880.4000,3619,0,16297500.000,0,-,-,-,-,3880.0000,3878.2000,3877.8000,3877.6000,3877.4000,3882.4000,3882.6000,3883.0000,3883.2000,3883.4000,1,1,1,1,2,1,1,1,2,1
SF,IF2006,2019-11-22 09:30:14.400,3880.4000,3619,0,16297500.000,0,-,-,-,-,3880.0000,3878.2000,3877.8000,3877.6000,3877.4000,3882.4000,3882.6000,3882.8000,3883.0000,3883.2000,1,1,1,1,2,3,1,1,1,2
SF,IF2006,2019-11-22 09:30:14.900,3880.4000,3619,0,16297500.000,0,-,-,-,-,3880.0000,3878.2000,3877.8000,3877.6000,3877.4000,3882.4000,3882.6000,3882.8000,3883.0000,3883.2000,1,1,1,1,2,2,1,1,1,2
SF,IF2006,2019-11-22 09:30:15.900,3880.4000,3619,0,16297500.000,0,-,-,-,-,3880.0000,3877.8000,3877.6000,3877.4000,3876.6000,3882.4000,3882.6000,3883.0000,3883.2000,3883.4000,1,1,1,2,4,2,1,1,2,1
SF,IF2006,2019-11-22 09:30:16.900,3880.4000,3619,0,16297500.000,0,-,-,-,-,3880.0000,3877.8000,3877.6000,3877.4000,3876.6000,3882.2000,3882.4000,3882.6000,3883.0000,3883.2000,1,1,1,2,4,1,2,1,1,2
SF,IF2006,2019-11-22 09:30:17.400,3880.4000,3619,0,16297500.000,0,-,-,-,-,3880.0000,3877.8000,3877.6000,3877.4000,3876.6000,3882.0000,3882.4000,3882.6000,3883.0000,3883.2000,1,1,1,2,4,1,1,1,1,2
SF,IF2006,2019-11-22 09:30:21.400,3880.4000,3619,0,16297500.000,0,-,-,-,-,3880.0000,3877.8000,3877.6000,3877.4000,3876.6000,3882.0000,3882.6000,3883.0000,3883.2000,3883.4000,1,1,1,2,4,1,1,1,2,1
SF,IF2006,2019-11-22 09:30:24.900,3880.4000,3619,0,16297500.000,0,-,-,-,-,3880.0000,3877.8000,3877.6000,3877.4000,3876.6000,3882.0000,3882.6000,3883.0000,3883.2000,3883.4000,1,1,1,2,4,1,1,1,2,1
SF,IF2006,2019-11-22 09:30:29.400,3880.4000,3619,0,16297500.000,0,-,-,-,-,3880.0000,3877.8000,3877.6000,3877.4000,3876.6000,3882.0000,3882.6000,3883.0000,3883.2000,3883.4000,1,1,1,2,4,1,1,1,2,1
SF,IF2006,2019-11-22 09:30:31.900,3882.0000,3619,0,17462100.000,1,0,1,多换,S,3880.0000,3879.0000,3877.8000,3877.6000,3877.4000,3882.6000,3883.0000,3883.2000,3883.4000,3883.8000,1,1,1,1,2,1,1,2,1,1
SF,IF2006,2019-11-22 09:30:32.400,3882.0000,3619,0,17462100.000,0,-,-,-,-,3880.0000,3877.8000,3877.6000,3877.4000,3876.6000,3882.6000,3883.0000,3883.2000,3883.4000,3883.8000,1,1,1,2,4,1,1,2,1,1
SF,IF2006,2019-11-22 09:30:32.900,3882.0000,3619,0,17462100.000,0,-,-,-,-,3880.0000,3877.8000,3877.6000,3877.4000,3876.6000,3882.4000,3882.6000,3883.0000,3883.2000,3883.4000,1,1,1,2,4,5,1,1,2,1
SF,IF2006,2019-11-22 09:30:34.900,3882.0000,3619,0,17462100.000,0,-,-,-,-,3880.0000,3877.8000,3877.6000,3877.4000,3876.6000,3882.4000,3882.6000,3883.0000,3883.2000,3883.4000,1,1,1,2,4,5,1,1,2,1
SF,IF2006,2019-11-22 09:30:38.400,3882.0000,3619,0,17462100.000,0,-,-,-,-,3880.0000,3877.8000,3877.6000,3877.4000,3876.6000,3882.2000,3882.4000,3882.6000,3883.0000,3883.2000,1,1,1,2,4,1,5,1,1,2
SF,IF2006,2019-11-22 09:30:38.900,3882.0000,3619,0,17462100.000,0,-,-,-,-,3880.0000,3877.8000,3877.6000,3877.4000,3876.6000,3882.0000,3882.2000,3882.4000,3882.6000,3883.0000,1,1,1,2,4,4,1,4,1,1
SF,IF2006,2019-11-22 09:30:39.900,3882.0000,3619,0,17462100.000,0,-,-,-,-,3880.0000,3877.8000,3877.6000,3877.4000,3876.6000,3881.8000,3882.0000,3882.4000,3882.6000,3883.0000,1,1,1,2,4,1,4,4,1,1
SF,IF2006,2019-11-22 09:30:40.400,3880.0000,3618,-1,18626100.000,1,0,1,双平,S,3877.8000,3877.6000,3877.4000,3876.6000,3876.4000,3881.6000,3881.8000,3882.0000,3882.4000,3882.6000,1,1,2,4,1,4,1,4,4,1
SF,IF2006,2019-11-22 09:30:40.900,3880.0000,3618,0,18626100.000,0,-,-,-,-,3878.0000,3877.8000,3877.6000,3877.4000,3876.6000,3881.6000,3881.8000,3882.0000,3882.4000,3882.6000,1,1,1,2,4,4,1,4,4,1
SF,IF2006,2019-11-22 09:30:41.400,3880.0000,3618,0,18626100.000,0,-,-,-,-,3878.0000,3877.8000,3877.6000,3877.4000,3876.6000,3881.6000,3881.8000,3882.0000,3882.4000,3882.6000,1,1,1,2,4,4,1,4,4,1
SF,IF2006,2019-11-22 09:30:42.400,3880.0000,3618,0,18626100.000,0,-,-,-,-,3878.0000,3877.8000,3877.6000,3877.4000,3876.6000,3881.6000,3881.8000,3882.0000,3882.4000,3882.6000,1,1,1,2,4,4,1,3,4,1
SF,IF2006,2019-11-22 09:30:43.900,3880.0000,3618,0,18626100.000,0,-,-,-,-,3878.0000,3877.8000,3877.6000,3877.4000,3876.6000,3881.4000,3881.6000,3882.0000,3882.4000,3882.6000,1,1,1,2,4,2,4,3,4,1
SF,IF2006,2019-11-22 09:30:44.400,3880.0000,3618,0,18626100.000,0,-,-,-,-,3880.0000,3878.0000,3877.8000,3877.6000,3877.4000,3881.2000,3881.4000,3881.6000,3882.0000,3882.4000,1,1,1,1,2,4,2,4,3,4
SF,IF2006,2019-11-22 09:30:44.900,3880.0000,3618,0,19790100.000,1,0,1,多换,S,3877.6000,3877.4000,3876.6000,3874.4000,3873.8000,3881.0000,3881.2000,3881.4000,3881.6000,3882.0000,1,2,3,1,1,1,4,2,4,3
SF,IF2006,2019-11-22 09:30:45.400,3880.0000,3618,0,19790100.000,0,-,-,-,-,3877.8000,3877.6000,3877.4000,3876.6000,3874.4000,3880.0000,3880.8000,3881.0000,3881.2000,3881.4000,1,1,2,3,1,1,2,1,4,2
SF,IF2006,2019-11-22 09:30:45.900,3880.0000,3618,0,19790100.000,0,-,-,-,-,3877.8000,3877.4000,3876.6000,3874.4000,3873.8000,3880.0000,3880.8000,3881.0000,3881.2000,3881.4000,1,1,2,1,1,1,2,1,4,2
SF,IF2006,2019-11-22 09:30:46.400,3880.0000,3618,0,19790100.000,0,-,-,-,-,3877.8000,3874.4000,3873.8000,3872.4000,3871.0000,3880.0000,3880.8000,3881.0000,3881.2000,3881.4000,1,1,1,5,1,2,2,1,4,1
SF,IF2006,2019-11-22 09:30:46.900,3880.0000,3618,0,19790100.000,0,-,-,-,-,3877.8000,3874.4000,3873.8000,3872.4000,3871.0000,3880.0000,3880.8000,3881.0000,3881.2000,3881.4000,1,1,1,5,1,2,2,1,4,1
SF,IF2006,2019-11-22 09:30:47.900,3880.0000,3618,0,19790100.000,0,-,-,-,-,3878.0000,3877.8000,3874.4000,3873.8000,3872.4000,3880.0000,3880.8000,3881.0000,3881.2000,3881.4000,1,1,1,1,5,1,2,1,4,1
SF,IF2006,2019-11-22 09:30:48.400,3880.0000,3618,0,19790100.000,0,-,-,-,-,3878.2000,3878.0000,3874.4000,3873.8000,3872.4000,3880.0000,3880.8000,3881.0000,3881.2000,3881.6000,2,2,1,1,5,1,1,1,4,4
SF,IF2006,2019-11-22 09:30:49.400,3880.0000,3617,-1,20954100.000,1,0,1,双平,S,3878.4000,3878.2000,3878.0000,3874.4000,3873.8000,3881.0000,3881.2000,3881.6000,3882.0000,3882.4000,1,2,2,1,1,1,1,4,4,3
SF,IF2006,2019-11-22 09:30:49.900,3880.0000,3617,0,20954100.000,0,-,-,-,-,3878.6000,3878.4000,3878.0000,3874.4000,3873.8000,3881.6000,3882.0000,3882.4000,3882.6000,3883.2000,2,2,2,1,1,1,4,3,1,2
SF,IF2006,2019-11-22 09:30:50.400,3880.0000,3617,0,20954100.000,0,-,-,-,-,3878.6000,3878.4000,3878.0000,3874.4000,3873.8000,3882.0000,3882.4000,3882.6000,3883.2000,3884.0000,2,2,2,1,1,2,3,1,2,2
SF,IF2006,2019-11-22 09:30:50.900,3880.0000,3617,0,20954100.000,0,-,-,-,-,3878.8000,3878.6000,3878.4000,3878.0000,3874.4000,3882.0000,3882.4000,3882.6000,3883.2000,3884.0000,1,2,2,2,1,2,3,1,2,2
SF,IF2006,2019-11-22 09:30:51.400,3880.0000,3617,0,20954100.000,0,-,-,-,-,3879.0000,3878.4000,3878.0000,3874.4000,3873.8000,3882.0000,3882.4000,3882.6000,3883.2000,3884.0000,1,2,2,1,1,2,3,1,2,2
SF,IF2006,2019-11-22 09:30:53.400,3880.0000,3617,0,20954100.000,0,-,-,-,-,3879.0000,3878.4000,3878.0000,3874.4000,3873.8000,3880.8000,3882.0000,3882.4000,3882.6000,3883.2000,1,2,2,1,1,1,2,3,1,2
SF,IF2006,2019-11-22 09:30:53.900,3880.8000,3617,0,22118340.000,1,0,1,多换,S,3879.0000,3878.4000,3878.0000,3874.4000,3873.8000,3882.0000,3882.4000,3882.6000,3883.2000,3884.0000,1,2,2,1,1,2,3,1,2,2
SF,IF2006,2019-11-22 09:30:54.400,3880.8000,3617,0,22118340.000,0,-,-,-,-,3879.0000,3878.4000,3878.0000,3874.4000,3873.8000,3881.8000,3882.0000,3882.4000,3882.6000,3883.2000,1,2,2,1,1,3,2,3,1,2
SF,IF2006,2019-11-22 09:30:54.900,3880.8000,3617,0,22118340.000,0,-,-,-,-,3879.0000,3878.4000,3878.0000,3874.4000,3873.8000,3882.0000,3882.4000,3883.2000,3884.0000,3884.4000,1,2,2,1,1,2,3,2,2,2
SF,IF2006,2019-11-22 09:30:55.400,3880.8000,3617,0,22118340.000,0,-,-,-,-,3879.0000,3878.4000,3878.0000,3874.4000,3873.8000,3882.0000,3883.2000,3884.0000,3884.4000,3885.0000,1,2,2,1,1,1,2,2,2,1
SF,IF2006,2019-11-22 09:30:56.400,3880.8000,3617,0,22118340.000,0,-,-,-,-,3879.2000,3879.0000,3878.4000,3878.0000,3874.4000,3882.0000,3883.2000,3884.0000,3884.4000,3885.0000,1,1,2,2,1,1,2,2,2,1
SF,IF2006,2019-11-22 09:30:56.900,3880.8000,3617,0,22118340.000,0,-,-,-,-,3879.4000,3879.2000,3878.4000,3878.0000,3874.4000,3882.0000,3883.2000,3884.0000,3884.4000,3885.0000,1,1,2,2,1,1,2,2,2,1
SF,IF2006,2019-11-22 09:30:58.400,3880.8000,3617,0,22118340.000,0,-,-,-,-,3879.6000,3879.4000,3878.4000,3878.0000,3874.4000,3882.0000,3883.2000,3884.0000,3884.4000,3885.0000,1,1,2,2,1,1,2,2,2,1
SF,IF2006,2019-11-22 09:30:58.900,3880.8000,3617,0,22118340.000,0,-,-,-,-,3879.8000,3879.6000,3878.4000,3878.0000,3874.4000,3882.0000,3883.2000,3884.0000,3884.4000,3885.0000,1,1,2,2,1,1,2,2,2,1
SF,IF2006,2019-11-22 09:30:59.400,3880.8000,3617,0,22118340.000,0,-,-,-,-,3879.8000,3878.4000,3878.0000,3874.4000,3873.8000,3882.0000,3883.2000,3884.0000,3884.4000,3885.0000,1,2,1,1,1,1,2,2,2,1
SF,IF2006,2019-11-22 09:31:00.400,3880.8000,3617,0,22118340.000,0,-,-,-,-,3879.8000,3878.4000,3878.0000,3874.4000,3873.8000,3881.8000,3882.0000,3883.2000,3884.0000,3884.4000,1,1,1,1,1,3,1,2,2,2
SF,IF2006,2019-11-22 09:31:00.900,3880.8000,3617,0,22118340.000,0,-,-,-,-,3879.8000,3878.4000,3878.0000,3874.4000,3873.8000,3881.8000,3882.0000,3883.2000,3884.0000,3884.4000,1,1,1,1,1,1,1,2,2,2
SF,IF2006,2019-11-22 09:31:04.400,3880.8000,3617,0,22118340.000,0,-,-,-,-,3879.8000,3878.4000,3878.0000,3874.4000,3873.8000,3882.0000,3883.2000,3884.0000,3884.4000,3885.0000,1,1,1,1,1,1,2,2,2,1
SF,IF2006,2019-11-22 09:31:04.900,3880.8000,3617,0,22118340.000,0,-,-,-,-,3879.8000,3878.4000,3878.0000,3874.4000,3873.8000,3882.0000,3883.2000,3884.0000,3884.4000,3885.0000,1,1,1,1,1,1,2,2,2,1
SF,IF2006,2019-11-22 09:31:06.900,3880.8000,3617,0,22118340.000,0,-,-,-,-,3879.8000,3878.4000,3878.0000,3874.4000,3873.8000,3882.0000,3883.2000,3884.0000,3884.4000,3885.0000,1,1,1,1,1,1,2,2,2,1
SF,IF2006,2019-11-22 09:31:09.900,3880.8000,3617,0,22118340.000,0,-,-,-,-,3880.0000,3879.8000,3878.4000,3878.0000,3874.4000,3883.2000,3884.0000,3884.4000,3885.0000,3885.2000,1,1,1,1,1,2,2,2,1,1
SF,IF2006,2019-11-22 09:31:10.400,3880.8000,3617,0,22118340.000,0,-,-,-,-,3880.2000,3880.0000,3878.4000,3878.0000,3874.4000,3883.2000,3884.0000,3884.4000,3885.0000,3885.2000,2,1,1,1,1,2,2,2,1,1
SF,IF2006,2019-11-22 09:31:11.400,3880.8000,3617,0,22118340.000,0,-,-,-,-,3880.4000,3880.2000,3880.0000,3878.4000,3878.0000,3884.0000,3884.4000,3885.0000,3885.2000,3889.2000,1,2,1,1,1,2,2,1,1,5
SF,IF2006,2019-11-22 09:31:11.900,3880.8000,3617,0,22118340.000,0,-,-,-,-,3880.6000,3880.4000,3880.0000,3878.4000,3878.0000,3883.8000,3884.0000,3884.4000,3885.0000,3885.2000,1,1,1,1,1,5,2,2,1,1
SF,IF2006,2019-11-22 09:31:12.400,3880.8000,3617,0,22118340.000,0,-,-,-,-,3880.6000,3878.4000,3878.0000,3874.4000,3873.8000,3883.6000,3883.8000,3884.0000,3884.4000,3885.0000,1,1,1,1,1,2,5,2,2,1
SF,IF2006,2019-11-22 09:31:12.900,3880.8000,3617,0,22118340.000,0,-,-,-,-,3880.6000,3878.4000,3878.0000,3874.4000,3873.8000,3883.4000,3883.6000,3883.8000,3884.0000,3884.4000,1,1,1,1,1,4,1,4,2,2
SF,IF2006,2019-11-22 09:31:13.400,3880.8000,3617,0,22118340.000,0,-,-,-,-,3880.6000,3878.4000,3878.0000,3874.4000,3873.8000,3883.2000,3883.4000,3883.6000,3883.8000,3884.0000,1,1,1,1,1,2,4,1,4,2
SF,IF2006,2019-11-22 09:31:13.900,3880.8000,3617,0,22118340.000,0,-,-,-,-,3880.6000,3878.4000,3878.0000,3874.4000,3873.8000,3883.2000,3883.4000,3883.6000,3883.8000,3884.0000,1,1,1,1,1,2,3,1,4,2
SF,IF2006,2019-11-22 09:31:14.400,3880.8000,3617,0,22118340.000,0,-,-,-,-,3880.6000,3878.4000,3878.0000,3874.4000,3873.8000,3883.2000,3883.4000,3883.6000,3883.8000,3884.0000,1,1,1,1,1,1,3,1,4,2
SF,IF2006,2019-11-22 09:31:17.400,3880.8000,3617,0,22118340.000,0,-,-,-,-,3880.6000,3878.4000,3878.0000,3874.4000,3873.8000,3883.2000,3883.6000,3883.8000,3884.0000,3884.4000,1,1,1,1,1,1,1,4,2,2
SF,IF2006,2019-11-22 09:31:17.900,3880.8000,3617,0,22118340.000,0,-,-,-,-,3880.8000,3880.6000,3878.4000,3878.0000,3874.4000,3883.0000,3883.6000,3883.8000,3884.0000,3884.4000,1,1,1,1,1,1,1,4,2,2
SF,IF2006,2019-11-22 09:31:18.400,3880.8000,3617,0,22118340.000,0,-,-,-,-,3881.0000,3880.8000,3878.4000,3878.0000,3874.4000,3883.0000,3883.6000,3883.8000,3884.0000,3885.0000,2,1,1,1,1,1,1,1,2,1
SF,IF2006,2019-11-22 09:31:19.900,3880.8000,3617,0,22118340.000,0,-,-,-,-,3881.2000,3881.0000,3880.8000,3878.4000,3878.0000,3883.0000,3885.0000,3885.2000,3889.2000,3892.8000,1,2,1,1,1,1,1,1,5,1
SF,IF2006,2019-11-22 09:31:20.400,3880.8000,3617,0,22118340.000,0,-,-,-,-,3881.4000,3881.2000,3880.8000,3878.4000,3878.0000,3883.0000,3885.0000,3885.2000,3889.2000,3892.8000,1,1,1,1,1,1,1,1,5,1
SF,IF2006,2019-11-22 09:31:20.900,3880.8000,3617,0,22118340.000,0,-,-,-,-,3881.4000,3881.2000,3880.8000,3878.4000,3878.0000,3885.0000,3885.2000,3889.2000,3892.8000,3893.0000,1,1,1,1,1,1,1,5,1,2
SF,IF2006,2019-11-22 09:31:21.400,3880.8000,3617,0,22118340.000,0,-,-,-,-,3881.6000,3881.4000,3881.2000,3880.8000,3878.4000,3885.0000,3885.2000,3889.2000,3892.8000,3893.0000,1,1,1,1,1,1,1,5,1,2
SF,IF2006,2019-11-22 09:31:21.900,3880.8000,3617,0,22118340.000,0,-,-,-,-,3881.8000,3881.6000,3881.2000,3880.8000,3878.4000,3884.8000,3885.0000,3885.2000,3889.2000,3892.8000,2,2,1,1,1,1,1,1,5,1
SF,IF2006,2019-11-22 09:31:22.400,3880.8000,3617,0,22118340.000,0,-,-,-,-,3882.0000,3881.8000,3881.6000,3881.2000,3880.8000,3884.8000,3885.0000,3889.2000,3892.8000,3893.0000,1,2,2,1,1,1,1,5,1,2
SF,IF2006,2019-11-22 09:31:22.900,3880.8000,3617,0,22118340.000,0,-,-,-,-,3882.2000,3882.0000,3881.6000,3881.2000,3880.8000,3884.8000,3885.0000,3889.2000,3892.8000,3893.0000,2,1,2,1,1,1,1,5,1,2
SF,IF2006,2019-11-22 09:31:23.400,3880.8000,3617,0,22118340.000,0,-,-,-,-,3882.4000,3882.2000,3882.0000,3881.6000,3881.2000,3885.0000,3892.8000,3893.0000,3893.4000,3894.4000,1,2,1,2,1,1,1,2,5,1
SF,IF2006,2019-11-22 09:31:23.900,3885.0000,3617,0,23283840.000,1,0,1,多换,S,3882.6000,3882.4000,3882.0000,3881.6000,3881.2000,3892.8000,3893.0000,3893.4000,3894.4000,3898.2000,2,2,1,2,1,1,2,5,1,5
SF,IF2006,2019-11-22 09:31:24.400,3885.0000,3617,0,23283840.000,0,-,-,-,-,3882.6000,3882.4000,3882.0000,3881.6000,3881.2000,3887.4000,3887.8000,3889.4000,3889.6000,3890.8000,2,2,1,2,1,1,3,1,1,1
SF,IF2006,2019-11-22 09:31:24.900,3885.0000,3617,0,23283840.000,0,-,-,-,-,3882.8000,3882.6000,3882.4000,3882.0000,3881.6000,3887.2000,3887.4000,3889.6000,3890.8000,3891.8000,2,2,2,1,2,5,1,1,1,1
SF,IF2006,2019-11-22 09:31:25.400,3885.0000,3617,0,23283840.000,0,-,-,-,-,3883.0000,3882.8000,3882.4000,3882.0000,3881.6000,3887.2000,3887.4000,3889.6000,3890.8000,3891.8000,2,2,2,1,2,5,1,1,2,1
SF,IF2006,2019-11-22 09:31:25.900,3885.0000,3617,0,23283840.000,0,-,-,-,-,3883.0000,3882.4000,3882.0000,3881.6000,3881.2000,3887.0000,3887.2000,3887.4000,3889.6000,3890.8000,2,2,1,2,1,1,5,1,1,2
SF,IF2006,2019-11-22 09:31:26.400,3885.0000,3617,0,23283840.000,0,-,-,-,-,3883.0000,3882.4000,3882.0000,3881.6000,3881.2000,3886.8000,3887.0000,3887.2000,3887.4000,3889.6000,2,2,1,2,1,3,1,4,1,1
SF,IF2006,2019-11-22 09:31:26.900,3885.0000,3617,0,23283840.000,0,-,-,-,-,3883.0000,3882.4000,3882.0000,3881.6000,3881.2000,3886.6000,3886.8000,3887.0000,3887.2000,3887.4000,2,2,1,2,1,1,4,1,4,1
SF,IF2006,2019-11-22 09:31:27.400,3885.0000,3617,0,23283840.000,0,-,-,-,-,3883.0000,3882.4000,3882.0000,3881.6000,3881.2000,3886.4000,3886.6000,3886.8000,3887.0000,3887.2000,2,2,1,2,1,3,1,3,1,4
SF,IF2006,2019-11-22 09:31:27.900,3885.0000,3617,0,23283840.000,0,-,-,-,-,3883.2000,3883.0000,3882.4000,3882.0000,3881.6000,3886.4000,3886.6000,3886.8000,3887.0000,3887.2000,1,2,2,1,2,2,1,2,1,4
SF,IF2006,2019-11-22 09:31:28.400,3885.0000,3617,0,23283840.000,0,-,-,-,-,3883.4000,3883.2000,3882.4000,3882.0000,3881.6000,3886.4000,3886.6000,3886.8000,3887.0000,3887.2000,2,1,2,1,2,1,1,2,1,4
SF,IF2006,2019-11-22 09:31:28.900,3885.0000,3617,0,23283840.000,0,-,-,-,-,3883.4000,3883.2000,3882.4000,3882.0000,3881.6000,3886.4000,3886.6000,3886.8000,3887.0000,3887.2000,2,1,2,1,2,1,3,2,1,4
SF,IF2006,2019-11-22 09:31:29.400,3885.0000,3617,0,23283840.000,0,-,-,-,-,3883.6000,3883.4000,3883.2000,3882.4000,3882.0000,3886.4000,3886.6000,3886.8000,3887.0000,3887.2000,1,2,1,2,1,1,3,2,1,4
SF,IF2006,2019-11-22 09:31:29.900,3885.0000,3617,0,23283840.000,0,-,-,-,-,3883.8000,3883.2000,3882.4000,3882.0000,3881.6000,3886.4000,3886.6000,3886.8000,3887.0000,3887.2000,2,1,2,1,2,1,3,2,1,4
SF,IF2006,2019-11-22 09:31:30.400,3885.0000,3617,0,23283840.000,0,-,-,-,-,3883.8000,3883.2000,3882.4000,3882.0000,3881.6000,3886.6000,3886.8000,3887.0000,3887.2000,3889.6000,3,1,2,1,2,3,1,1,4,1
SF,IF2006,2019-11-22 09:31:30.900,3885.0000,3617,0,23283840.000,0,-,-,-,-,3883.8000,3883.2000,3882.4000,3882.0000,3881.6000,3886.0000,3886.4000,3886.6000,3886.8000,3887.0000,3,1,2,1,2,1,1,3,1,1
SF,IF2006,2019-11-22 09:31:31.400,3885.0000,3617,0,23283840.000,0,-,-,-,-,3883.8000,3883.2000,3882.4000,3882.0000,3881.6000,3886.0000,3886.4000,3886.6000,3886.8000,3887.0000,3,1,2,1,2,1,1,3,1,1
SF,IF2006,2019-11-22 09:31:31.900,3885.0000,3617,0,23283840.000,0,-,-,-,-,3884.2000,3883.8000,3883.2000,3882.4000,3882.0000,3886.0000,3886.4000,3886.6000,3886.8000,3887.0000,1,2,1,2,1,1,1,3,1,1
SF,IF2006,2019-11-22 09:31:32.400,3885.0000,3617,0,23283840.000,0,-,-,-,-,3884.4000,3884.2000,3883.2000,3882.4000,3882.0000,3886.0000,3886.4000,3886.6000,3886.8000,3887.0000,1,1,1,2,1,1,1,3,1,1
SF,IF2006,2019-11-22 09:31:32.900,3885.0000,3617,0,23283840.000,0,-,-,-,-,3884.4000,3884.2000,3883.2000,3882.4000,3882.0000,3886.0000,3886.4000,3886.6000,3886.8000,3887.0000,1,1,1,2,1,1,1,3,1,1
SF,IF2006,2019-11-22 09:31:33.400,3885.0000,3617,0,23283840.000,0,-,-,-,-,3884.4000,3884.2000,3883.2000,3882.4000,3882.0000,3886.0000,3886.4000,3886.6000,3886.8000,3887.2000,1,1,1,2,1,1,1,2,1,4
SF,IF2006,2019-11-22 09:31:34.900,3885.0000,3617,0,23283840.000,0,-,-,-,-,3884.4000,3884.2000,3883.2000,3882.4000,3882.0000,3886.0000,3886.4000,3886.8000,3887.2000,3889.6000,1,1,1,2,1,1,1,1,4,1
SF,IF2006,2019-11-22 09:31:35.900,3885.0000,3617,0,23283840.000,0,-,-,-,-,3884.4000,3884.2000,3883.2000,3882.4000,3882.0000,3886.0000,3886.8000,3887.2000,3889.6000,3890.8000,1,1,1,2,1,1,1,4,1,1
SF,IF2006,2019-11-22 09:31:37.900,3886.0000,3616,-1,24449640.000,1,0,1,双平,S,3884.4000,3884.2000,3883.2000,3882.4000,3882.0000,3886.8000,3887.2000,3889.6000,3890.8000,3891.8000,1,1,1,2,1,1,4,1,1,1
SF,IF2006,2019-11-22 09:31:38.400,3886.0000,3616,0,24449640.000,0,-,-,-,-,3884.4000,3884.2000,3883.2000,3882.4000,3882.0000,3886.6000,3886.8000,3887.2000,3889.6000,3890.8000,1,1,1,2,1,1,1,4,1,1
SF,IF2006,2019-11-22 09:31:38.900,3886.0000,3616,0,24449640.000,0,-,-,-,-,3884.4000,3884.2000,3883.2000,3882.4000,3882.0000,3886.6000,3886.8000,3887.2000,3889.6000,3890.8000,1,1,1,2,1,2,3,4,1,1
SF,IF2006,2019-11-22 09:31:39.400,3886.0000,3616,0,24449640.000,0,-,-,-,-,3884.4000,3884.2000,3883.2000,3882.4000,3882.0000,3886.4000,3886.6000,3886.8000,3887.2000,3889.6000,1,1,1,2,1,1,2,3,4,1
SF,IF2006,2019-11-22 09:31:39.900,3886.0000,3616,0,24449640.000,0,-,-,-,-,3884.4000,3884.2000,3883.2000,3882.4000,3882.0000,3886.6000,3886.8000,3887.2000,3889.6000,3890.8000,1,1,1,2,1,2,3,4,1,1
SF,IF2006,2019-11-22 09:31:42.400,3886.0000,3616,0,24449640.000,0,-,-,-,-,3884.4000,3884.2000,3883.2000,3882.4000,3882.0000,3886.4000,3886.6000,3886.8000,3887.2000,3889.6000,1,1,1,2,1,1,2,3,4,1
SF,IF2006,2019-11-22 09:31:42.900,3886.0000,3616,0,24449640.000,0,-,-,-,-,3884.4000,3884.2000,3883.2000,3882.4000,3882.0000,3886.2000,3886.4000,3886.8000,3887.2000,3889.6000,1,1,1,2,1,1,3,3,4,1
SF,IF2006,2019-11-22 09:31:43.400,3884.2000,3614,-2,26780220.000,2,0,2,双平,S,3883.2000,3882.6000,3882.4000,3882.0000,3881.6000,3886.2000,3886.4000,3886.8000,3887.2000,3889.6000,1,1,2,1,2,1,3,4,4,1
SF,IF2006,2019-11-22 09:31:43.900,3884.2000,3614,0,26780220.000,0,-,-,-,-,3882.4000,3882.0000,3881.6000,3881.2000,3880.8000,3885.2000,3886.0000,3886.2000,3886.4000,3886.8000,2,1,2,1,1,1,1,1,3,1
SF,IF2006,2019-11-22 09:31:44.400,3884.2000,3614,0,26780220.000,0,-,-,-,-,3882.6000,3882.4000,3882.0000,3881.6000,3881.2000,3885.2000,3886.0000,3886.2000,3886.4000,3886.8000,2,2,1,2,1,1,2,1,3,1
SF,IF2006,2019-11-22 09:31:44.900,3885.2000,3613,-1,27945780.000,1,0,1,双平,S,3882.8000,3882.6000,3882.4000,3882.0000,3881.6000,3886.0000,3886.2000,3886.4000,3886.8000,3887.2000,1,2,2,1,2,2,1,3,1,4
SF,IF2006,2019-11-22 09:31:45.400,3885.2000,3613,0,27945780.000,0,-,-,-,-,3881.6000,3881.2000,3880.8000,3878.4000,3878.0000,3885.6000,3885.8000,3886.0000,3886.2000,3886.4000,2,1,1,1,1,1,2,2,1,3
SF,IF2006,2019-11-22 09:31:45.900,3885.4000,3613,0,29111400.000,1,0,1,多换,S,3881.8000,3881.6000,3881.2000,3880.8000,3878.4000,3885.4000,3885.6000,3885.8000,3886.0000,3886.2000,3,2,1,1,1,4,1,1,2,1
SF,IF2006,2019-11-22 09:31:46.400,3885.4000,3613,0,29111400.000,0,-,-,-,-,3882.0000,3881.8000,3881.6000,3881.2000,3880.8000,3885.2000,3885.4000,3885.8000,3886.0000,3886.2000,1,3,2,1,1,1,5,1,2,1
SF,IF2006,2019-11-22 09:31:46.900,3885.4000,3613,0,29111400.000,0,-,-,-,-,3882.2000,3882.0000,3881.8000,3881.6000,3881.2000,3885.0000,3885.2000,3885.4000,3885.8000,3886.0000,4,1,1,2,1,3,1,6,1,2
SF,IF2006,2019-11-22 09:31:47.400,3885.4000,3613,0,29111400.000,0,-,-,-,-,3882.4000,3882.2000,3882.0000,3881.8000,3881.6000,3885.2000,3885.4000,3886.0000,3886.2000,3886.4000,1,4,1,1,2,1,3,2,1,3
SF,IF2006,2019-11-22 09:31:47.900,3885.4000,3613,0,29111400.000,0,-,-,-,-,3882.6000,3882.4000,3882.2000,3882.0000,3881.8000,3885.0000,3885.4000,3886.0000,3886.2000,3886.4000,2,1,2,1,1,1,3,2,2,3
SF,IF2006,2019-11-22 09:31:48.400,3885.4000,3613,0,29111400.000,0,-,-,-,-,3882.8000,3882.6000,3882.4000,3882.2000,3882.0000,3885.4000,3886.0000,3886.2000,3886.4000,3887.2000,1,1,1,1,1,3,3,2,3,3
SF,IF2006,2019-11-22 09:31:48.900,3885.4000,3613,0,29111400.000,0,-,-,-,-,3882.8000,3882.4000,3882.2000,3882.0000,3881.8000,3885.2000,3885.4000,3886.0000,3886.2000,3886.4000,1,1,1,1,1,2,3,3,2,1
SF,IF2006,2019-11-22 09:31:49.400,3885.4000,3613,0,29111400.000,0,-,-,-,-,3882.8000,3882.4000,3882.2000,3882.0000,3881.8000,3885.2000,3885.4000,3886.0000,3886.2000,3886.4000,1,1,1,1,1,2,3,3,2,1
SF,IF2006,2019-11-22 09:31:49.900,3885.4000,3613,0,29111400.000,0,-,-,-,-,3883.0000,3882.8000,3882.4000,3882.2000,3882.0000,3885.2000,3885.4000,3886.0000,3886.2000,3886.4000,1,1,1,1,1,2,3,3,2,1
SF,IF2006,2019-11-22 09:31:50.400,3885.4000,3613,0,29111400.000,0,-,-,-,-,3883.2000,3883.0000,3882.8000,3882.4000,3882.2000,3885.2000,3885.4000,3886.0000,3886.2000,3886.4000,1,1,1,1,1,1,3,3,2,1
SF,IF2006,2019-11-22 09:31:50.900,3885.4000,3613,0,29111400.000,0,-,-,-,-,3883.2000,3882.8000,3882.4000,3882.2000,3882.0000,3885.2000,3885.4000,3886.0000,3886.2000,3886.4000,1,1,1,1,1,3,3,3,2,1
SF,IF2006,2019-11-22 09:31:51.900,3885.4000,3613,0,29111400.000,0,-,-,-,-,3883.2000,3882.8000,3882.4000,3882.2000,3882.0000,3885.2000,3885.4000,3886.0000,3886.2000,3886.4000,1,1,1,1,1,3,2,1,1,1
SF,IF2006,2019-11-22 09:31:52.900,3885.4000,3613,0,29111400.000,0,-,-,-,-,3883.2000,3882.8000,3882.4000,3882.2000,3882.0000,3885.2000,3885.4000,3886.2000,3886.4000,3887.2000,1,1,1,1,1,3,2,1,1,3
SF,IF2006,2019-11-22 09:31:53.400,3885.4000,3613,0,29111400.000,0,-,-,-,-,3883.4000,3883.2000,3882.8000,3882.4000,3882.2000,3885.2000,3885.4000,3886.2000,3887.2000,3889.6000,1,1,1,1,1,2,2,1,3,1
SF,IF2006,2019-11-22 09:31:53.900,3885.4000,3613,0,29111400.000,0,-,-,-,-,3883.6000,3883.4000,3883.2000,3882.8000,3882.4000,3885.0000,3885.2000,3885.4000,3886.2000,3887.2000,1,1,1,1,1,1,2,2,1,3
SF,IF2006,2019-11-22 09:31:54.400,3885.4000,3613,0,29111400.000,0,-,-,-,-,3883.6000,3883.2000,3882.8000,3882.4000,3882.2000,3885.0000,3885.2000,3885.4000,3886.2000,3887.2000,1,1,1,1,1,1,2,2,1,3
SF,IF2006,2019-11-22 09:31:54.900,3885.4000,3613,0,29111400.000,0,-,-,-,-,3883.6000,3883.2000,3882.8000,3882.4000,3882.2000,3885.0000,3885.4000,3886.2000,3887.2000,3889.6000,1,1,1,1,1,3,2,1,3,1
SF,IF2006,2019-11-22 09:31:55.900,3885.4000,3613,0,29111400.000,0,-,-,-,-,3883.6000,3883.2000,3882.8000,3882.4000,3882.2000,3885.0000,3885.4000,3886.2000,3887.2000,3889.6000,1,1,1,1,1,2,2,1,3,1
SF,IF2006,2019-11-22 09:31:58.900,3885.4000,3613,0,29111400.000,0,-,-,-,-,3883.6000,3883.2000,3882.8000,3882.4000,3882.2000,3885.0000,3885.2000,3886.2000,3887.2000,3889.6000,1,1,1,1,1,2,2,1,3,1
SF,IF2006,2019-11-22 09:31:59.400,3885.4000,3613,0,29111400.000,0,-,-,-,-,3883.2000,3882.8000,3882.4000,3882.2000,3882.0000,3885.0000,3885.2000,3886.2000,3887.2000,3889.6000,1,1,1,1,1,2,2,1,3,1
SF,IF2006,2019-11-22 09:31:59.900,3885.0000,3615,2,31442400.000,2,2,0,双开,S,3885.0000,3883.2000,3882.8000,3882.4000,3882.2000,3885.2000,3886.2000,3887.2000,3889.6000,3890.8000,1,1,1,1,1,2,1,3,1,1
SF,IF2006,2019-11-22 09:32:00.400,3885.0000,3615,0,32607900.000,1,0,1,多换,S,3883.2000,3882.8000,3882.4000,3882.2000,3882.0000,3884.8000,3885.0000,3885.2000,3886.2000,3887.2000,1,1,1,1,1,1,3,2,1,3
SF,IF2006,2019-11-22 09:32:00.900,3885.0000,3615,0,32607900.000,0,-,-,-,-,3882.8000,3882.4000,3882.2000,3882.0000,3881.8000,3884.8000,3885.0000,3885.2000,3886.2000,3887.2000,1,1,1,1,1,1,3,2,1,3
SF,IF2006,2019-11-22 09:32:01.400,3885.0000,3615,0,32607900.000,0,-,-,-,-,3882.4000,3882.0000,3881.8000,3881.6000,3881.2000,3884.8000,3885.0000,3885.2000,3886.2000,3887.2000,1,1,1,2,1,1,3,2,1,3
SF,IF2006,2019-11-22 09:32:02.400,3885.0000,3615,0,32607900.000,0,-,-,-,-,3882.4000,3882.0000,3881.6000,3881.2000,3880.8000,3884.6000,3884.8000,3885.0000,3885.2000,3886.2000,1,1,1,1,1,2,1,3,2,1
SF,IF2006,2019-11-22 09:32:02.900,3885.0000,3615,0,32607900.000,0,-,-,-,-,3882.4000,3882.0000,3881.6000,3881.2000,3880.8000,3884.6000,3885.0000,3885.2000,3886.2000,3887.2000,1,1,1,1,1,1,1,2,1,3
SF,IF2006,2019-11-22 09:32:03.400,3885.0000,3615,0,32607900.000,0,-,-,-,-,3882.4000,3882.0000,3881.6000,3881.2000,3880.8000,3884.4000,3884.6000,3885.0000,3885.2000,3886.2000,1,1,1,1,1,2,1,1,2,1
SF,IF2006,2019-11-22 09:32:03.900,3885.0000,3615,0,32607900.000,0,-,-,-,-,3882.4000,3882.0000,3881.6000,3881.2000,3880.8000,3884.4000,3884.6000,3884.8000,3885.0000,3885.2000,1,1,1,1,1,2,1,1,1,2
SF,IF2006,2019-11-22 09:32:04.400,3885.0000,3615,0,32607900.000,0,-,-,-,-,3882.4000,3882.0000,3881.6000,3881.2000,3880.8000,3884.4000,3884.6000,3884.8000,3885.0000,3885.2000,1,1,1,1,1,2,1,1,2,2
SF,IF2006,2019-11-22 09:32:04.900,3885.0000,3615,0,32607900.000,0,-,-,-,-,3882.4000,3882.0000,3881.6000,3881.2000,3880.8000,3884.4000,3884.6000,3884.8000,3885.0000,3886.2000,1,1,1,1,1,2,3,1,2,1
SF,IF2006,2019-11-22 09:32:05.400,3885.0000,3615,0,32607900.000,0,-,-,-,-,3882.4000,3882.0000,3881.6000,3881.2000,3880.8000,3884.4000,3884.6000,3884.8000,3885.0000,3886.2000,1,1,1,1,1,2,2,1,2,1
SF,IF2006,2019-11-22 09:32:07.400,3885.0000,3615,0,32607900.000,0,-,-,-,-,3882.4000,3882.0000,3881.6000,3881.2000,3880.8000,3884.4000,3884.6000,3884.8000,3885.0000,3886.2000,1,1,1,1,1,2,2,1,1,1
SF,IF2006,2019-11-22 09:32:07.900,3885.0000,3615,0,32607900.000,0,-,-,-,-,3882.6000,3882.4000,3882.0000,3881.6000,3881.2000,3884.6000,3885.0000,3886.2000,3887.2000,3889.6000,2,1,1,1,1,2,1,1,3,1
SF,IF2006,2019-11-22 09:32:08.400,3885.0000,3615,0,32607900.000,0,-,-,-,-,3883.2000,3882.8000,3882.6000,3882.4000,3882.0000,3884.6000,3885.0000,3886.2000,3887.2000,3889.6000,1,1,2,1,1,2,1,1,3,1
SF,IF2006,2019-11-22 09:32:08.900,3885.0000,3615,0,32607900.000,0,-,-,-,-,3883.2000,3882.8000,3882.6000,3882.4000,3882.0000,3884.6000,3885.0000,3886.2000,3887.2000,3889.6000,1,1,1,1,1,2,1,1,3,1
SF,IF2006,2019-11-22 09:32:09.400,3885.0000,3615,0,32607900.000,0,-,-,-,-,3883.4000,3883.2000,3882.8000,3882.6000,3882.4000,3884.6000,3885.0000,3886.2000,3887.2000,3889.6000,2,1,1,1,1,2,1,1,3,1
SF,IF2006,2019-11-22 09:32:09.900,3885.0000,3615,0,32607900.000,0,-,-,-,-,3883.4000,3882.8000,3882.6000,3882.4000,3882.0000,3884.6000,3885.0000,3886.2000,3887.2000,3889.6000,1,1,1,1,1,2,1,1,3,1
SF,IF2006,2019-11-22 09:32:10.400,3885.0000,3615,0,32607900.000,0,-,-,-,-,3882.8000,3882.4000,3882.0000,3881.6000,3881.2000,3884.6000,3885.0000,3886.2000,3887.2000,3889.6000,1,1,1,1,1,2,1,1,3,1
SF,IF2006,2019-11-22 09:32:10.900,3885.0000,3615,0,32607900.000,0,-,-,-,-,3883.2000,3882.8000,3882.4000,3882.0000,3881.6000,3884.8000,3885.0000,3886.2000,3887.2000,3889.6000,1,1,1,1,1,2,1,1,3,1
SF,IF2006,2019-11-22 09:32:12.400,3885.0000,3615,0,32607900.000,0,-,-,-,-,3883.4000,3883.2000,3882.8000,3882.4000,3882.0000,3884.8000,3885.0000,3886.2000,3887.2000,3889.6000,1,1,1,1,1,2,1,1,3,1
SF,IF2006,2019-11-22 09:32:12.900,3885.0000,3615,0,32607900.000,0,-,-,-,-,3883.2000,3882.8000,3882.4000,3882.0000,3881.6000,3884.8000,3885.0000,3886.2000,3887.2000,3889.6000,1,1,1,1,1,2,1,1,3,1
SF,IF2006,2019-11-22 09:32:16.900,3885.0000,3615,0,32607900.000,0,-,-,-,-,3883.2000,3882.8000,3882.4000,3882.0000,3881.6000,3885.0000,3886.2000,3887.2000,3889.6000,3890.8000,1,1,1,1,1,1,1,3,1,1
SF,IF2006,2019-11-22 09:32:17.400,3885.0000,3615,0,32607900.000,0,-,-,-,-,3882.8000,3882.4000,3882.0000,3881.6000,3881.2000,3885.0000,3886.2000,3887.2000,3889.6000,3890.8000,1,1,1,1,1,3,1,3,1,1
SF,IF2006,2019-11-22 09:32:17.900,3885.0000,3615,0,32607900.000,0,-,-,-,-,3882.8000,3882.4000,3882.0000,3881.6000,3881.2000,3884.8000,3885.0000,3886.2000,3887.2000,3889.6000,1,1,1,1,1,2,3,1,3,1
SF,IF2006,2019-11-22 09:32:18.900,3885.0000,3615,0,32607900.000,0,-,-,-,-,3882.4000,3882.0000,3881.6000,3881.2000,3880.8000,3884.8000,3885.0000,3886.2000,3887.2000,3889.6000,1,1,1,1,1,2,3,1,3,1
SF,IF2006,2019-11-22 09:32:19.400,3885.0000,3615,0,32607900.000,0,-,-,-,-,3882.4000,3882.0000,3881.6000,3881.2000,3880.8000,3884.6000,3884.8000,3885.0000,3886.2000,3887.2000,1,1,1,1,1,2,2,3,1,3
SF,IF2006,2019-11-22 09:32:19.900,3885.0000,3615,0,32607900.000,0,-,-,-,-,3882.4000,3882.0000,3881.6000,3881.2000,3880.8000,3884.4000,3884.6000,3885.0000,3886.2000,3887.2000,1,1,1,1,1,1,1,3,1,3
SF,IF2006,2019-11-22 09:32:20.400,3885.0000,3615,0,32607900.000,0,-,-,-,-,3883.6000,3882.4000,3882.0000,3881.6000,3881.2000,3884.4000,3884.6000,3885.0000,3886.2000,3887.2000,1,1,1,1,1,1,1,3,1,3
SF,IF2006,2019-11-22 09:32:20.900,3883.6000,3614,-1,33772980.000,1,0,1,双平,S,3882.4000,3882.0000,3881.6000,3881.2000,3880.8000,3884.4000,3885.0000,3886.2000,3887.2000,3889.6000,1,1,1,1,1,1,3,1,3,1
SF,IF2006,2019-11-22 09:32:21.400,3883.6000,3614,0,33772980.000,0,-,-,-,-,3882.4000,3882.0000,3881.6000,3881.2000,3880.8000,3884.2000,3884.4000,3885.0000,3886.2000,3887.2000,1,1,1,1,1,1,1,3,1,3
SF,IF2006,2019-11-22 09:32:21.900,3883.6000,3614,0,33772980.000,0,-,-,-,-,3882.4000,3882.0000,3881.6000,3881.2000,3880.8000,3884.2000,3885.0000,3886.2000,3887.2000,3889.6000,1,1,1,1,1,1,3,1,3,1
SF,IF2006,2019-11-22 09:32:22.900,3883.6000,3614,0,33772980.000,0,-,-,-,-,3882.4000,3882.0000,3881.6000,3881.2000,3880.8000,3884.2000,3885.0000,3886.2000,3887.2000,3889.6000,1,1,1,1,1,1,1,1,3,1
SF,IF2006,2019-11-22 09:32:26.900,3883.6000,3614,0,33772980.000,0,-,-,-,-,3882.4000,3882.0000,3881.6000,3881.2000,3880.8000,3884.2000,3885.0000,3886.2000,3887.2000,3889.6000,1,1,1,1,1,1,1,1,3,1
SF,IF2006,2019-11-22 09:32:27.400,3883.6000,3614,0,33772980.000,0,-,-,-,-,3882.4000,3882.0000,3881.6000,3881.2000,3880.8000,3885.0000,3886.2000,3887.2000,3889.6000,3890.8000,1,1,1,1,1,1,1,3,1,1
SF,IF2006,2019-11-22 09:32:27.900,3883.6000,3614,0,33772980.000,0,-,-,-,-,3882.4000,3882.0000,3881.6000,3881.2000,3880.8000,3884.6000,3884.8000,3885.0000,3886.2000,3887.2000,1,1,1,1,1,1,1,1,1,3
SF,IF2006,2019-11-22 09:32:28.400,3883.6000,3614,0,33772980.000,0,-,-,-,-,3882.4000,3882.0000,3881.6000,3881.2000,3880.8000,3884.4000,3884.6000,3885.0000,3886.2000,3887.2000,1,1,1,1,1,1,1,1,1,3
SF,IF2006,2019-11-22 09:32:30.900,3883.6000,3614,0,33772980.000,0,-,-,-,-,3882.0000,3881.2000,3880.8000,3878.4000,3878.0000,3884.4000,3884.6000,3885.0000,3886.2000,3887.2000,1,1,1,1,1,1,1,1,1,3
SF,IF2006,2019-11-22 09:32:31.900,3883.6000,3614,0,33772980.000,0,-,-,-,-,3882.0000,3881.2000,3880.8000,3878.4000,3878.0000,3884.4000,3884.6000,3885.0000,3886.2000,3887.2000,1,1,1,1,1,1,1,1,1,3
SF,IF2006,2019-11-22 09:32:32.400,3883.6000,3614,0,33772980.000,0,-,-,-,-,3882.0000,3881.2000,3880.8000,3878.4000,3878.0000,3884.2000,3884.4000,3884.6000,3885.0000,3886.2000,1,1,1,1,1,1,1,1,1,1
SF,IF2006,2019-11-22 09:32:32.900,3883.6000,3614,0,33772980.000,0,-,-,-,-,3882.0000,3881.2000,3880.8000,3878.4000,3878.0000,3884.0000,3884.2000,3885.0000,3886.2000,3887.2000,1,1,1,1,1,1,3,1,1,3
SF,IF2006,2019-11-22 09:32:33.400,3883.6000,3614,0,33772980.000,0,-,-,-,-,3882.0000,3881.2000,3880.8000,3878.4000,3878.0000,3883.8000,3884.0000,3884.2000,3885.0000,3886.2000,1,1,1,1,1,1,1,2,1,1
SF,IF2006,2019-11-22 09:32:33.900,3883.6000,3614,0,33772980.000,0,-,-,-,-,3882.0000,3881.2000,3880.8000,3878.4000,3878.0000,3883.8000,3884.2000,3885.0000,3886.2000,3887.2000,1,1,1,1,1,1,2,1,1,3
SF,IF2006,2019-11-22 09:32:34.400,3883.6000,3614,0,33772980.000,0,-,-,-,-,3882.0000,3881.2000,3880.8000,3878.4000,3878.0000,3884.2000,3885.0000,3886.2000,3887.2000,3889.6000,1,1,1,1,1,2,1,1,3,1
SF,IF2006,2019-11-22 09:32:34.900,3883.6000,3614,0,33772980.000,0,-,-,-,-,3882.2000,3882.0000,3881.2000,3880.8000,3878.4000,3885.0000,3886.2000,3887.2000,3889.6000,3890.8000,2,1,1,1,1,1,1,3,1,1
SF,IF2006,2019-11-22 09:32:35.400,3883.6000,3614,0,33772980.000,0,-,-,-,-,3882.4000,3882.2000,3882.0000,3881.2000,3880.8000,3884.6000,3884.8000,3885.0000,3886.2000,3887.2000,1,3,1,1,1,1,1,1,1,3
SF,IF2006,2019-11-22 09:32:35.900,3883.6000,3614,0,33772980.000,0,-,-,-,-,3882.4000,3882.2000,3882.0000,3881.2000,3880.8000,3885.0000,3886.2000,3887.2000,3889.6000,3890.8000,1,2,1,1,1,1,1,3,1,1
SF,IF2006,2019-11-22 09:32:36.400,3883.6000,3614,0,33772980.000,0,-,-,-,-,3882.4000,3882.2000,3882.0000,3881.2000,3880.8000,3884.8000,3885.0000,3886.2000,3887.2000,3889.6000,1,1,1,1,1,2,1,1,3,1
SF,IF2006,2019-11-22 09:32:36.900,3883.6000,3614,0,33772980.000,0,-,-,-,-,3882.4000,3882.2000,3882.0000,3881.2000,3880.8000,3884.8000,3885.0000,3886.2000,3887.2000,3889.6000,1,1,1,1,1,1,1,1,3,1
SF,IF2006,2019-11-22 09:32:37.400,3883.6000,3614,0,33772980.000,0,-,-,-,-,3882.4000,3882.2000,3882.0000,3881.2000,3880.8000,3884.6000,3884.8000,3885.0000,3886.2000,3887.2000,1,1,1,1,1,1,1,1,1,3
SF,IF2006,2019-11-22 09:32:37.900,3883.6000,3614,0,33772980.000,0,-,-,-,-,3882.4000,3882.2000,3882.0000,3881.2000,3880.8000,3884.6000,3885.0000,3886.2000,3887.2000,3889.6000,1,1,1,1,1,1,1,1,3,1
SF,IF2006,2019-11-22 09:32:39.400,3883.6000,3614,0,33772980.000,0,-,-,-,-,3882.2000,3882.0000,3881.2000,3880.8000,3878.4000,3884.4000,3884.6000,3885.0000,3886.2000,3887.2000,1,1,1,1,1,3,1,1,1,3
SF,IF2006,2019-11-22 09:32:39.900,3883.6000,3614,0,33772980.000,0,-,-,-,-,3882.2000,3882.0000,3881.2000,3880.8000,3878.4000,3884.6000,3885.0000,3886.2000,3887.2000,3889.6000,1,1,1,1,1,1,1,1,3,1
SF,IF2006,2019-11-22 09:32:40.400,3883.6000,3614,0,33772980.000,0,-,-,-,-,3882.2000,3882.0000,3881.2000,3880.8000,3878.4000,3884.4000,3884.6000,3885.0000,3886.2000,3887.2000,1,1,1,1,1,2,1,1,1,3
SF,IF2006,2019-11-22 09:32:40.900,3883.6000,3614,0,33772980.000,0,-,-,-,-,3882.2000,3882.0000,3881.2000,3880.8000,3878.4000,3884.4000,3884.6000,3885.0000,3886.2000,3887.2000,1,1,1,1,1,1,1,1,1,3
SF,IF2006,2019-11-22 09:32:41.400,3883.6000,3614,0,33772980.000,0,-,-,-,-,3882.2000,3882.0000,3881.2000,3880.8000,3878.4000,3884.2000,3884.4000,3884.6000,3885.0000,3886.2000,1,1,1,1,1,1,1,1,1,1
SF,IF2006,2019-11-22 09:32:41.900,3883.6000,3614,0,33772980.000,0,-,-,-,-,3882.2000,3882.0000,3881.2000,3880.8000,3878.4000,3885.0000,3886.2000,3887.2000,3889.6000,3890.8000,1,1,1,1,1,1,1,3,1,1
SF,IF2006,2019-11-22 09:32:42.400,3883.6000,3614,0,33772980.000,0,-,-,-,-,3882.0000,3881.2000,3880.8000,3878.4000,3878.0000,3884.4000,3884.8000,3885.0000,3886.2000,3887.2000,1,1,1,1,1,1,2,1,1,3
SF,IF2006,2019-11-22 09:32:42.900,3883.6000,3614,0,33772980.000,0,-,-,-,-,3882.0000,3881.2000,3880.8000,3878.4000,3878.0000,3884.4000,3885.0000,3886.2000,3887.2000,3889.6000,1,1,1,1,1,1,1,1,3,1
SF,IF2006,2019-11-22 09:32:43.400,3883.6000,3614,0,33772980.000,0,-,-,-,-,3882.0000,3881.2000,3880.8000,3878.4000,3878.0000,3884.2000,3884.4000,3885.0000,3886.2000,3887.2000,1,1,1,1,1,1,1,1,1,3
SF,IF2006,2019-11-22 09:32:44.400,3883.6000,3614,0,33772980.000,0,-,-,-,-,3880.8000,3878.4000,3878.0000,3876.6000,3873.8000,3884.2000,3884.4000,3885.0000,3886.2000,3887.2000,1,1,1,5,1,1,1,1,1,3
SF,IF2006,2019-11-22 09:32:44.900,3883.6000,3614,0,33772980.000,0,-,-,-,-,3881.0000,3878.4000,3878.0000,3876.6000,3873.8000,3883.8000,3884.0000,3884.2000,3884.4000,3885.0000,1,1,1,5,1,1,2,1,1,1
SF,IF2006,2019-11-22 09:32:45.400,3883.6000,3614,0,33772980.000,0,-,-,-,-,3881.0000,3878.4000,3878.0000,3876.6000,3873.8000,3883.8000,3884.0000,3885.0000,3886.2000,3887.2000,1,1,1,5,1,1,2,1,1,3
SF,IF2006,2019-11-22 09:32:45.900,3883.6000,3614,0,33772980.000,0,-,-,-,-,3881.0000,3878.4000,3878.0000,3876.6000,3873.8000,3883.6000,3883.8000,3884.0000,3885.0000,3886.2000,1,1,1,5,1,2,1,2,1,1
SF,IF2006,2019-11-22 09:32:46.900,3883.6000,3614,0,33772980.000,0,-,-,-,-,3881.2000,3881.0000,3878.4000,3878.0000,3876.6000,3883.6000,3883.8000,3884.0000,3885.0000,3886.2000,1,1,1,1,5,2,1,2,1,1
SF,IF2006,2019-11-22 09:32:47.400,3883.6000,3614,0,33772980.000,0,-,-,-,-,3881.2000,3878.4000,3878.0000,3876.6000,3873.8000,3883.6000,3884.0000,3885.0000,3886.2000,3887.2000,1,1,1,5,1,2,2,1,1,3
SF,IF2006,2019-11-22 09:32:47.900,3883.6000,3614,0,33772980.000,0,-,-,-,-,3881.2000,3878.4000,3878.0000,3876.6000,3873.8000,3883.6000,3884.0000,3885.0000,3886.2000,3887.2000,1,1,1,5,1,2,2,2,1,3
SF,IF2006,2019-11-22 09:32:48.400,3883.6000,3614,0,33772980.000,0,-,-,-,-,3881.4000,3881.2000,3878.4000,3878.0000,3876.6000,3883.6000,3884.0000,3885.0000,3886.2000,3887.2000,1,1,1,1,5,2,1,2,1,3
SF,IF2006,2019-11-22 09:32:49.400,3883.6000,3614,0,33772980.000,0,-,-,-,-,3881.6000,3881.4000,3881.2000,3878.4000,3878.0000,3883.6000,3884.0000,3885.0000,3886.2000,3887.2000,1,1,1,1,1,2,1,2,1,3
SF,IF2006,2019-11-22 09:32:49.900,3883.6000,3614,0,33772980.000,0,-,-,-,-,3881.6000,3881.2000,3878.4000,3878.0000,3876.6000,3883.6000,3884.0000,3885.0000,3886.2000,3887.2000,1,1,1,1,5,2,1,2,1,3
SF,IF2006,2019-11-22 09:32:50.400,3883.6000,3614,0,33772980.000,0,-,-,-,-,3881.6000,3881.2000,3878.4000,3878.0000,3876.6000,3883.6000,3884.0000,3885.0000,3886.2000,3887.2000,1,1,1,1,5,2,1,2,1,3
SF,IF2006,2019-11-22 09:32:50.900,3883.6000,3614,0,33772980.000,0,-,-,-,-,3881.6000,3881.2000,3878.4000,3878.0000,3876.6000,3883.6000,3884.0000,3885.0000,3886.2000,3887.2000,1,1,1,1,5,2,1,2,1,3
SF,IF2006,2019-11-22 09:32:51.400,3883.6000,3614,0,33772980.000,0,-,-,-,-,3881.6000,3881.2000,3878.4000,3878.0000,3876.6000,3883.6000,3884.0000,3885.0000,3886.2000,3887.2000,1,1,1,1,5,1,1,2,1,3
SF,IF2006,2019-11-22 09:32:51.900,3883.6000,3614,0,33772980.000,0,-,-,-,-,3881.8000,3881.6000,3881.2000,3878.4000,3878.0000,3883.6000,3885.0000,3886.2000,3887.2000,3890.8000,1,1,1,1,1,1,2,1,3,1
SF,IF2006,2019-11-22 09:32:52.400,3883.6000,3614,0,33772980.000,0,-,-,-,-,3881.8000,3881.6000,3881.2000,3878.4000,3878.0000,3885.0000,3886.2000,3887.2000,3890.8000,3891.8000,1,1,1,1,1,2,1,3,1,1
SF,IF2006,2019-11-22 09:32:52.900,3883.6000,3614,0,33772980.000,0,-,-,-,-,3881.8000,3881.6000,3881.2000,3878.4000,3878.0000,3884.4000,3884.8000,3885.0000,3886.2000,3887.2000,1,1,1,1,1,1,2,2,1,3
SF,IF2006,2019-11-22 09:32:53.400,3883.6000,3614,0,33772980.000,0,-,-,-,-,3882.0000,3881.8000,3881.6000,3881.2000,3878.4000,3884.8000,3885.0000,3886.2000,3887.2000,3890.8000,1,1,1,1,1,1,2,1,3,1
SF,IF2006,2019-11-22 09:32:53.900,3883.6000,3614,0,33772980.000,0,-,-,-,-,3882.0000,3881.8000,3881.6000,3881.2000,3878.4000,3884.4000,3884.6000,3884.8000,3885.0000,3886.2000,1,1,1,1,1,1,1,1,2,1
SF,IF2006,2019-11-22 09:32:54.400,3883.6000,3614,0,33772980.000,0,-,-,-,-,3882.0000,3881.8000,3881.6000,3881.2000,3878.4000,3884.8000,3885.0000,3886.2000,3887.2000,3890.8000,1,1,1,1,1,1,2,1,3,1
SF,IF2006,2019-11-22 09:32:54.900,3883.6000,3614,0,33772980.000,0,-,-,-,-,3882.0000,3881.8000,3881.6000,3881.2000,3878.4000,3884.4000,3884.6000,3884.8000,3885.0000,3886.2000,1,1,1,1,1,1,1,1,2,1
SF,IF2006,2019-11-22 09:32:55.400,3883.6000,3614,0,33772980.000,0,-,-,-,-,3882.0000,3881.8000,3881.6000,3881.2000,3878.4000,3885.0000,3886.2000,3887.2000,3890.8000,3891.8000,1,1,1,1,1,2,1,3,1,1
SF,IF2006,2019-11-22 09:32:55.900,3883.6000,3614,0,33772980.000,0,-,-,-,-,3882.2000,3882.0000,3881.8000,3881.6000,3881.2000,3884.6000,3884.8000,3885.0000,3886.2000,3887.2000,1,1,1,1,1,1,1,2,1,3
SF,IF2006,2019-11-22 09:32:56.400,3883.6000,3614,0,33772980.000,0,-,-,-,-,3882.2000,3882.0000,3881.8000,3881.6000,3881.2000,3885.0000,3886.2000,3887.2000,3890.8000,3891.8000,1,1,1,1,1,2,1,3,1,1
SF,IF2006,2019-11-22 09:32:56.900,3883.6000,3614,0,33772980.000,0,-,-,-,-,3882.4000,3882.2000,3882.0000,3881.6000,3881.2000,3884.6000,3885.0000,3886.2000,3887.2000,3890.8000,1,1,1,1,1,1,2,1,3,1
SF,IF2006,2019-11-22 09:32:57.400,3883.6000,3614,0,33772980.000,0,-,-,-,-,3882.6000,3882.4000,3882.0000,3881.6000,3881.2000,3885.0000,3886.2000,3887.2000,3890.8000,3891.8000,1,2,1,1,1,2,1,3,1,1
SF,IF2006,2019-11-22 09:32:57.900,3883.6000,3614,0,33772980.000,0,-,-,-,-,3882.8000,3882.6000,3882.4000,3882.0000,3881.6000,3885.0000,3886.2000,3887.2000,3890.8000,3891.8000,2,1,2,1,1,2,1,3,1,1
SF,IF2006,2019-11-22 09:32:58.400,3883.6000,3614,0,33772980.000,0,-,-,-,-,3883.0000,3882.8000,3882.4000,3882.0000,3881.6000,3885.0000,3886.2000,3887.2000,3890.8000,3891.8000,1,2,2,1,1,2,1,3,1,1
SF,IF2006,2019-11-22 09:33:00.400,3883.6000,3614,0,33772980.000,0,-,-,-,-,3883.2000,3883.0000,3882.8000,3882.4000,3882.0000,3885.0000,3886.2000,3887.2000,3890.8000,3891.8000,1,1,2,2,1,2,1,3,1,1
SF,IF2006,2019-11-22 09:33:00.900,3883.6000,3614,0,33772980.000,0,-,-,-,-,3883.4000,3883.2000,3882.8000,3882.4000,3882.0000,3885.0000,3886.2000,3887.2000,3890.8000,3891.8000,1,2,1,2,1,2,1,3,1,1
SF,IF2006,2019-11-22 09:33:01.400,3883.6000,3614,0,33772980.000,0,-,-,-,-,3883.6000,3883.4000,3883.2000,3882.8000,3882.4000,3885.0000,3886.2000,3887.2000,3890.8000,3891.8000,2,1,2,1,2,2,1,3,1,1
SF,IF2006,2019-11-22 09:33:01.900,3883.6000,3614,0,33772980.000,0,-,-,-,-,3883.6000,3883.2000,3882.8000,3882.4000,3882.0000,3885.0000,3886.2000,3887.2000,3890.8000,3891.8000,2,2,1,2,1,2,1,3,1,1
SF,IF2006,2019-11-22 09:33:02.900,3883.6000,3614,0,33772980.000,0,-,-,-,-,3883.6000,3883.2000,3882.8000,3882.4000,3882.0000,3885.0000,3886.2000,3887.2000,3890.8000,3891.8000,2,1,1,2,1,2,1,3,1,1
SF,IF2006,2019-11-22 09:33:04.900,3883.6000,3614,0,33772980.000,0,-,-,-,-,3883.6000,3883.2000,3882.8000,3882.4000,3882.0000,3885.0000,3886.2000,3887.2000,3890.8000,3891.8000,1,1,1,2,1,2,1,3,1,1
SF,IF2006,2019-11-22 09:33:06.900,3883.6000,3614,0,33772980.000,0,-,-,-,-,3883.6000,3882.8000,3882.4000,3882.0000,3878.4000,3885.0000,3886.2000,3887.2000,3890.8000,3891.8000,1,1,1,1,1,2,1,3,1,1
SF,IF2006,2019-11-22 09:33:07.400,3883.6000,3614,0,33772980.000,0,-,-,-,-,3882.8000,3882.4000,3882.0000,3878.4000,3878.0000,3885.0000,3886.2000,3887.2000,3890.8000,3891.8000,1,1,1,1,1,2,1,3,1,1
SF,IF2006,2019-11-22 09:33:07.900,3883.6000,3614,0,33772980.000,0,-,-,-,-,3883.0000,3882.8000,3882.4000,3882.0000,3878.4000,3885.0000,3886.2000,3887.2000,3890.8000,3891.8000,1,1,1,1,1,2,1,3,1,1
SF,IF2006,2019-11-22 09:33:08.400,3883.6000,3614,0,33772980.000,0,-,-,-,-,3883.2000,3883.0000,3882.8000,3882.4000,3882.0000,3885.0000,3886.2000,3887.2000,3890.8000,3891.8000,1,1,1,1,1,2,1,3,1,1
SF,IF2006,2019-11-22 09:33:09.400,3883.6000,3614,0,33772980.000,0,-,-,-,-,3883.0000,3882.8000,3882.4000,3882.0000,3878.4000,3885.0000,3886.2000,3887.2000,3890.8000,3891.8000,1,1,1,1,1,2,1,3,1,1
SF,IF2006,2019-11-22 09:33:11.900,3883.6000,3614,0,33772980.000,0,-,-,-,-,3883.0000,3882.4000,3882.0000,3878.4000,3878.0000,3884.8000,3885.0000,3886.2000,3887.2000,3890.8000,1,1,1,1,1,4,2,1,3,1
SF,IF2006,2019-11-22 09:33:12.400,3883.6000,3614,0,33772980.000,0,-,-,-,-,3882.4000,3882.0000,3878.4000,3878.0000,3876.6000,3884.6000,3884.8000,3885.0000,3886.2000,3887.2000,1,1,1,1,5,2,4,2,1,3
SF,IF2006,2019-11-22 09:33:12.900,3883.6000,3614,0,33772980.000,0,-,-,-,-,3882.4000,3882.0000,3878.4000,3878.0000,3876.6000,3884.6000,3884.8000,3885.0000,3886.2000,3887.2000,1,1,1,1,5,2,1,2,1,3
SF,IF2006,2019-11-22 09:33:13.400,3883.6000,3614,0,33772980.000,0,-,-,-,-,3882.0000,3878.4000,3878.0000,3876.6000,3873.8000,3884.4000,3884.6000,3884.8000,3885.0000,3886.2000,1,1,1,5,1,3,2,1,2,1
SF,IF2006,2019-11-22 09:33:13.900,3883.6000,3614,0,33772980.000,0,-,-,-,-,3878.4000,3878.0000,3876.6000,3873.8000,3871.0000,3884.2000,3884.4000,3884.8000,3885.0000,3886.2000,1,1,5,1,1,1,3,1,2,1
SF,IF2006,2019-11-22 09:33:14.400,3883.6000,3614,0,33772980.000,0,-,-,-,-,3879.8000,3879.2000,3878.6000,3878.4000,3878.0000,3884.0000,3884.2000,3884.4000,3884.8000,3885.0000,1,3,2,1,1,1,1,3,1,2
SF,IF2006,2019-11-22 09:33:14.900,3883.6000,3614,0,33772980.000,0,-,-,-,-,3880.0000,3879.8000,3878.6000,3878.4000,3878.0000,3883.8000,3884.0000,3884.4000,3884.8000,3885.0000,4,1,2,1,1,1,3,3,1,2
SF,IF2006,2019-11-22 09:33:15.400,3883.6000,3614,0,33772980.000,0,-,-,-,-,3880.0000,3878.6000,3878.4000,3878.0000,3876.6000,3883.6000,3883.8000,3884.0000,3884.4000,3885.0000,4,2,1,1,5,3,1,3,3,2
SF,IF2006,2019-11-22 09:33:15.900,3883.6000,3614,0,33772980.000,0,-,-,-,-,3880.0000,3879.8000,3878.6000,3878.4000,3878.0000,3883.4000,3884.0000,3884.4000,3885.0000,3886.2000,4,1,2,1,1,1,1,3,2,1
SF,IF2006,2019-11-22 09:33:16.400,3883.6000,3614,0,33772980.000,0,-,-,-,-,3880.4000,3880.0000,3878.6000,3878.4000,3878.0000,3883.2000,3883.4000,3884.0000,3884.4000,3885.0000,1,4,2,1,1,1,1,1,3,2
SF,IF2006,2019-11-22 09:33:16.900,3883.6000,3614,0,33772980.000,0,-,-,-,-,3880.6000,3880.4000,3880.0000,3878.6000,3878.4000,3883.0000,3884.0000,3884.4000,3885.0000,3886.2000,2,1,2,2,1,1,1,3,2,1
SF,IF2006,2019-11-22 09:33:17.400,3883.6000,3614,0,33772980.000,0,-,-,-,-,3880.6000,3880.4000,3880.0000,3878.6000,3878.4000,3883.0000,3884.0000,3884.4000,3885.0000,3886.2000,1,1,2,2,1,1,1,3,2,1
SF,IF2006,2019-11-22 09:33:17.900,3883.6000,3614,0,33772980.000,0,-,-,-,-,3880.6000,3880.4000,3880.0000,3878.6000,3878.4000,3881.6000,3882.8000,3883.0000,3884.0000,3884.4000,1,1,2,2,1,1,1,1,1,3
SF,IF2006,2019-11-22 09:33:18.400,3881.6000,3614,0,34937460.000,1,0,1,多换,S,3880.6000,3880.4000,3880.0000,3878.6000,3878.4000,3884.0000,3884.4000,3885.0000,3886.2000,3887.2000,1,1,2,2,1,1,3,2,1,3
SF,IF2006,2019-11-22 09:33:18.900,3881.6000,3614,0,34937460.000,0,-,-,-,-,3880.6000,3880.4000,3880.0000,3878.6000,3878.4000,3883.8000,3884.0000,3884.4000,3885.0000,3886.2000,1,1,2,2,1,5,1,3,2,1
SF,IF2006,2019-11-22 09:33:19.400,3881.6000,3614,0,34937460.000,0,-,-,-,-,3880.6000,3880.4000,3880.0000,3878.6000,3878.4000,3883.4000,3883.6000,3883.8000,3884.0000,3884.4000,1,1,2,2,1,1,1,5,1,3
SF,IF2006,2019-11-22 09:33:19.900,3881.6000,3614,0,34937460.000,0,-,-,-,-,3880.8000,3880.6000,3880.4000,3880.0000,3878.6000,3883.6000,3883.8000,3884.0000,3884.4000,3885.0000,1,1,1,2,2,1,3,1,3,2
SF,IF2006,2019-11-22 09:33:20.400,3881.6000,3614,0,34937460.000,0,-,-,-,-,3880.8000,3880.6000,3880.0000,3878.6000,3878.4000,3883.4000,3883.6000,3883.8000,3884.0000,3884.4000,1,1,2,2,1,2,1,3,1,3
SF,IF2006,2019-11-22 09:33:20.900,3881.6000,3614,0,34937460.000,0,-,-,-,-,3881.0000,3880.8000,3880.6000,3880.0000,3878.6000,3883.4000,3883.6000,3883.8000,3884.0000,3884.4000,1,1,1,2,2,2,1,3,1,3
SF,IF2006,2019-11-22 09:33:21.400,3881.6000,3614,0,34937460.000,0,-,-,-,-,3881.0000,3880.6000,3880.0000,3878.6000,3878.4000,3883.4000,3883.6000,3883.8000,3884.0000,3884.4000,1,1,2,2,1,2,1,3,1,3
SF,IF2006,2019-11-22 09:33:22.900,3881.6000,3614,0,34937460.000,0,-,-,-,-,3881.0000,3880.6000,3880.0000,3878.6000,3878.4000,3883.4000,3884.0000,3884.4000,3885.0000,3886.2000,1,1,2,2,1,2,1,3,2,1
SF,IF2006,2019-11-22 09:33:25.400,3881.6000,3614,0,34937460.000,0,-,-,-,-,3881.2000,3881.0000,3880.6000,3880.0000,3878.6000,3883.4000,3884.4000,3885.0000,3886.2000,3887.2000,1,1,1,2,2,2,1,2,1,3
SF,IF2006,2019-11-22 09:33:25.900,3881.6000,3614,0,34937460.000,0,-,-,-,-,3881.0000,3880.6000,3880.0000,3878.6000,3878.4000,3883.4000,3884.4000,3885.0000,3886.2000,3887.2000,1,1,2,2,1,1,1,2,1,3
SF,IF2006,2019-11-22 09:33:26.400,3881.6000,3614,0,34937460.000,0,-,-,-,-,3881.4000,3881.0000,3880.6000,3880.0000,3878.6000,3883.4000,3884.4000,3885.0000,3886.2000,3887.2000,2,1,1,2,2,1,1,2,1,3
SF,IF2006,2019-11-22 09:33:26.900,3881.6000,3614,0,34937460.000,0,-,-,-,-,3881.4000,3881.2000,3881.0000,3880.6000,3880.0000,3883.4000,3884.4000,3885.0000,3886.2000,3887.2000,2,1,1,1,2,1,1,2,1,3
SF,IF2006,2019-11-22 09:33:27.400,3881.6000,3614,0,34937460.000,0,-,-,-,-,3881.4000,3881.0000,3880.6000,3880.0000,3878.6000,3884.4000,3885.0000,3886.2000,3887.2000,3890.8000,2,1,1,2,1,1,2,1,3,1
SF,IF2006,2019-11-22 09:33:27.900,3881.6000,3614,0,34937460.000,0,-,-,-,-,3881.4000,3881.0000,3880.6000,3880.0000,3878.6000,3883.8000,3884.2000,3884.4000,3885.0000,3886.2000,2,1,1,2,1,1,1,1,2,1
SF,IF2006,2019-11-22 09:33:28.400,3881.6000,3614,0,34937460.000,0,-,-,-,-,3881.4000,3881.0000,3880.6000,3880.0000,3878.6000,3884.2000,3884.4000,3885.0000,3886.2000,3887.2000,2,1,1,2,1,1,1,2,1,3
SF,IF2006,2019-11-22 09:33:28.900,3881.6000,3614,0,34937460.000,0,-,-,-,-,3881.4000,3881.0000,3880.6000,3880.0000,3878.6000,3883.8000,3884.0000,3884.2000,3884.4000,3885.0000,2,1,1,2,1,1,1,1,1,2
SF,IF2006,2019-11-22 09:33:29.400,3881.6000,3614,0,34937460.000,0,-,-,-,-,3881.4000,3881.0000,3880.6000,3880.0000,3878.6000,3883.6000,3884.2000,3884.4000,3885.0000,3886.2000,2,1,1,2,1,1,1,1,2,1
SF,IF2006,2019-11-22 09:33:29.900,3881.6000,3614,0,34937460.000,0,-,-,-,-,3881.4000,3881.0000,3880.6000,3880.0000,3878.6000,3883.6000,3884.4000,3885.0000,3886.2000,3887.2000,2,1,1,2,1,1,1,2,1,3
SF,IF2006,2019-11-22 09:33:34.400,3881.6000,3614,0,34937460.000,0,-,-,-,-,3881.6000,3881.4000,3881.0000,3880.6000,3880.0000,3883.6000,3884.4000,3885.0000,3886.2000,3887.2000,3,2,1,1,2,1,1,2,1,3
SF,IF2006,2019-11-22 09:33:34.900,3881.6000,3614,0,34937460.000,0,-,-,-,-,3881.6000,3881.4000,3881.0000,3880.6000,3880.0000,3883.6000,3884.4000,3885.0000,3886.2000,3887.2000,2,1,1,1,2,1,1,2,1,3
SF,IF2006,2019-11-22 09:33:35.400,3881.6000,3614,0,34937460.000,0,-,-,-,-,3882.0000,3881.6000,3881.4000,3881.0000,3880.6000,3884.4000,3885.0000,3886.2000,3887.2000,3890.8000,1,2,1,1,1,1,2,1,3,1
SF,IF2006,2019-11-22 09:33:35.900,3881.6000,3614,0,34937460.000,0,-,-,-,-,3882.2000,3882.0000,3881.8000,3881.6000,3881.4000,3884.2000,3884.4000,3885.0000,3886.2000,3887.2000,1,1,2,2,1,2,1,2,1,3
SF,IF2006,2019-11-22 09:33:36.400,3881.6000,3614,0,34937460.000,0,-,-,-,-,3882.2000,3882.0000,3881.8000,3881.6000,3881.4000,3884.2000,3885.0000,3886.2000,3887.2000,3890.8000,1,1,2,2,1,1,2,1,3,1
SF,IF2006,2019-11-22 09:33:37.400,3881.6000,3614,0,34937460.000,0,-,-,-,-,3882.2000,3882.0000,3881.8000,3881.6000,3881.4000,3884.2000,3885.0000,3886.2000,3887.2000,3890.8000,1,1,1,2,1,1,2,1,3,1
SF,IF2006,2019-11-22 09:33:45.400,3881.6000,3614,0,34937460.000,0,-,-,-,-,3882.2000,3882.0000,3881.8000,3881.6000,3881.4000,3884.2000,3885.0000,3885.4000,3886.2000,3887.2000,1,1,1,2,1,1,2,1,1,3
SF,IF2006,2019-11-22 09:33:45.900,3881.6000,3614,0,34937460.000,0,-,-,-,-,3882.2000,3882.0000,3881.8000,3881.6000,3881.4000,3884.0000,3884.2000,3885.0000,3885.4000,3886.2000,1,1,1,2,1,1,1,2,1,1
SF,IF2006,2019-11-22 09:33:46.400,3881.6000,3614,0,34937460.000,0,-,-,-,-,3882.2000,3881.8000,3881.6000,3881.4000,3881.0000,3883.8000,3885.0000,3885.4000,3886.2000,3887.2000,1,1,2,1,1,1,2,1,1,3
SF,IF2006,2019-11-22 09:33:47.900,3881.6000,3614,0,34937460.000,0,-,-,-,-,3881.8000,3881.6000,3881.4000,3881.0000,3880.6000,3883.8000,3885.0000,3885.4000,3886.2000,3887.2000,1,2,1,1,1,1,2,1,1,3
SF,IF2006,2019-11-22 09:33:53.400,3881.6000,3614,0,34937460.000,0,-,-,-,-,3881.6000,3881.4000,3881.0000,3880.6000,3880.0000,3883.8000,3885.0000,3885.4000,3886.2000,3887.2000,2,1,1,1,1,1,2,1,1,3
SF,IF2006,2019-11-22 09:33:53.900,3881.6000,3614,0,34937460.000,0,-,-,-,-,3881.6000,3881.4000,3881.0000,3880.6000,3880.0000,3883.6000,3883.8000,3885.0000,3885.4000,3886.2000,2,1,1,1,1,1,1,2,1,1
SF,IF2006,2019-11-22 09:33:54.400,3881.6000,3614,0,34937460.000,0,-,-,-,-,3881.6000,3881.4000,3881.0000,3880.6000,3880.0000,3883.4000,3883.6000,3885.0000,3885.4000,3886.2000,2,1,1,1,1,2,1,2,1,1
SF,IF2006,2019-11-22 09:33:54.900,3881.6000,3614,0,34937460.000,0,-,-,-,-,3881.6000,3881.4000,3881.0000,3880.6000,3880.0000,3883.4000,3885.0000,3885.4000,3886.2000,3887.2000,2,1,1,1,1,2,2,1,1,3
SF,IF2006,2019-11-22 09:33:55.400,3881.6000,3614,0,34937460.000,0,-,-,-,-,3881.6000,3881.4000,3881.0000,3880.6000,3880.0000,3883.2000,3883.4000,3885.0000,3885.4000,3886.2000,2,1,1,1,1,1,2,2,1,1
SF,IF2006,2019-11-22 09:33:55.900,3881.6000,3614,0,34937460.000,0,-,-,-,-,3881.6000,3881.4000,3881.0000,3880.6000,3880.0000,3883.0000,3883.2000,3885.0000,3885.4000,3886.2000,2,1,1,1,1,1,1,2,1,1
SF,IF2006,2019-11-22 09:33:56.900,3881.6000,3614,0,34937460.000,0,-,-,-,-,3881.6000,3881.4000,3881.0000,3880.6000,3880.0000,3883.0000,3883.2000,3885.0000,3885.4000,3886.2000,2,1,1,1,1,1,1,2,1,1
SF,IF2006,2019-11-22 09:33:59.900,3881.6000,3614,0,34937460.000,0,-,-,-,-,3882.0000,3881.4000,3881.0000,3880.6000,3880.0000,3883.0000,3883.2000,3885.0000,3885.4000,3886.2000,2,1,1,1,1,1,1,2,1,1
SF,IF2006,2019-11-22 09:34:00.400,3881.6000,3614,0,34937460.000,0,-,-,-,-,3882.0000,3881.4000,3881.0000,3880.6000,3880.0000,3883.0000,3885.0000,3885.4000,3886.2000,3887.2000,2,1,1,1,1,1,2,1,1,3
SF,IF2006,2019-11-22 09:34:02.400,3881.6000,3614,0,34937460.000,0,-,-,-,-,3882.0000,3881.0000,3880.6000,3880.0000,3878.6000,3883.0000,3885.0000,3885.4000,3886.2000,3887.2000,2,1,1,1,1,1,2,1,1,3
SF,IF2006,2019-11-22 09:34:02.900,3882.0000,3612,-2,37266660.000,2,0,2,双平,S,3881.0000,3880.6000,3880.0000,3878.6000,3878.4000,3882.0000,3882.8000,3883.0000,3885.0000,3885.4000,1,1,1,1,1,2,1,1,2,1
SF,IF2006,2019-11-22 09:34:03.400,3882.0000,3612,0,37266660.000,0,-,-,-,-,3881.0000,3880.6000,3880.0000,3878.6000,3878.4000,3882.0000,3882.8000,3885.0000,3885.4000,3886.2000,1,1,1,1,1,2,1,2,1,1
SF,IF2006,2019-11-22 09:34:03.900,3882.0000,3612,0,37266660.000,0,-,-,-,-,3880.6000,3878.6000,3878.4000,3878.0000,3876.6000,3882.0000,3882.8000,3885.0000,3885.4000,3886.2000,1,1,1,1,5,2,1,2,1,1
SF,IF2006,2019-11-22 09:34:04.900,3882.0000,3612,0,37266660.000,0,-,-,-,-,3878.6000,3878.4000,3878.0000,3876.6000,3875.0000,3882.0000,3882.8000,3885.0000,3885.4000,3886.2000,1,1,1,5,1,2,1,2,1,1
SF,IF2006,2019-11-22 09:34:05.400,3882.0000,3612,0,37266660.000,0,-,-,-,-,3879.2000,3878.8000,3878.6000,3878.4000,3878.0000,3881.8000,3882.0000,3882.8000,3885.0000,3885.4000,3,2,1,1,1,1,2,1,2,1
SF,IF2006,2019-11-22 09:34:05.900,3882.0000,3612,0,37266660.000,0,-,-,-,-,3879.4000,3879.2000,3878.8000,3878.6000,3878.4000,3881.8000,3882.0000,3882.8000,3885.0000,3885.4000,2,3,2,1,1,1,2,1,2,1
SF,IF2006,2019-11-22 09:34:06.400,3882.0000,3612,0,37266660.000,0,-,-,-,-,3879.6000,3879.4000,3878.8000,3878.6000,3878.4000,3881.8000,3882.0000,3882.8000,3885.0000,3885.4000,2,2,2,1,1,1,2,1,2,1
SF,IF2006,2019-11-22 09:34:06.900,3882.0000,3612,0,37266660.000,0,-,-,-,-,3879.8000,3879.6000,3879.4000,3878.8000,3878.6000,3881.8000,3882.0000,3882.8000,3885.0000,3885.4000,2,2,2,2,1,1,2,1,2,1
SF,IF2006,2019-11-22 09:34:07.400,3882.0000,3612,0,37266660.000,0,-,-,-,-,3879.8000,3879.4000,3878.8000,3878.6000,3878.4000,3881.8000,3882.0000,3882.8000,3885.0000,3885.4000,1,2,2,1,1,1,2,1,2,1
SF,IF2006,2019-11-22 09:34:07.900,3882.0000,3612,0,37266660.000,0,-,-,-,-,3879.8000,3879.4000,3878.8000,3878.6000,3878.4000,3881.8000,3882.0000,3885.0000,3885.4000,3886.2000,1,1,2,1,1,1,2,2,1,1
SF,IF2006,2019-11-22 09:34:08.400,3882.0000,3612,0,37266660.000,0,-,-,-,-,3879.8000,3879.4000,3878.8000,3878.6000,3878.4000,3881.6000,3881.8000,3882.0000,3885.0000,3885.4000,1,1,2,1,1,1,1,2,2,1
SF,IF2006,2019-11-22 09:34:08.900,3882.0000,3612,0,37266660.000,0,-,-,-,-,3879.8000,3879.4000,3878.8000,3878.6000,3878.4000,3881.4000,3881.6000,3882.0000,3885.0000,3885.4000,1,1,2,1,1,1,1,2,2,1
SF,IF2006,2019-11-22 09:34:09.400,3882.0000,3612,0,37266660.000,0,-,-,-,-,3879.8000,3879.4000,3878.8000,3878.6000,3878.4000,3881.4000,3881.6000,3882.0000,3885.0000,3885.4000,1,1,2,1,1,1,1,2,2,1
SF,IF2006,2019-11-22 09:34:10.400,3879.8000,3613,1,38430600.000,1,1,0,双开,S,3879.4000,3878.8000,3878.6000,3878.4000,3878.0000,3879.8000,3881.4000,3881.6000,3885.0000,3885.4000,1,2,1,1,1,1,1,1,2,1
SF,IF2006,2019-11-22 09:34:10.900,3879.8000,3613,0,39594540.000,1,0,1,多换,S,3879.4000,3878.6000,3878.4000,3878.0000,3875.0000,3881.6000,3885.0000,3885.4000,3886.2000,3887.2000,1,1,1,1,1,1,2,1,1,3
SF,IF2006,2019-11-22 09:34:11.400,3879.8000,3613,0,39594540.000,0,-,-,-,-,3879.4000,3878.6000,3878.4000,3878.0000,3875.0000,3881.4000,3881.6000,3885.0000,3885.4000,3886.2000,1,1,1,1,1,3,1,2,1,1
SF,IF2006,2019-11-22 09:34:11.900,3879.8000,3613,0,39594540.000,0,-,-,-,-,3878.4000,3878.0000,3875.0000,3873.8000,3872.4000,3881.4000,3885.0000,3885.4000,3886.2000,3887.2000,1,1,1,1,5,6,2,1,1,3
SF,IF2006,2019-11-22 09:34:12.400,3879.8000,3613,0,39594540.000,0,-,-,-,-,3878.6000,3878.4000,3878.0000,3875.0000,3873.8000,3881.2000,3881.4000,3885.0000,3885.4000,3886.2000,4,1,1,1,1,2,1,2,1,1
SF,IF2006,2019-11-22 09:34:12.900,3879.8000,3613,0,39594540.000,0,-,-,-,-,3878.8000,3878.6000,3878.4000,3878.0000,3875.0000,3881.2000,3885.0000,3885.4000,3886.2000,3887.2000,1,3,1,1,1,2,2,1,1,3
SF,IF2006,2019-11-22 09:34:13.400,3879.8000,3613,0,39594540.000,0,-,-,-,-,3879.0000,3878.8000,3878.4000,3878.0000,3875.0000,3881.2000,3885.0000,3885.4000,3886.2000,3887.2000,1,1,1,1,1,2,2,1,1,3
SF,IF2006,2019-11-22 09:34:15.400,3879.8000,3613,0,39594540.000,0,-,-,-,-,3879.0000,3878.8000,3878.0000,3875.0000,3873.8000,3881.2000,3885.0000,3885.4000,3886.2000,3887.2000,1,1,1,1,1,2,2,1,1,3
SF,IF2006,2019-11-22 09:34:18.400,3879.8000,3613,0,39594540.000,0,-,-,-,-,3879.2000,3879.0000,3878.8000,3878.0000,3875.0000,3881.2000,3885.0000,3885.4000,3886.2000,3887.2000,1,1,1,1,1,2,2,1,1,3
SF,IF2006,2019-11-22 09:34:18.900,3879.8000,3613,0,39594540.000,0,-,-,-,-,3879.4000,3879.2000,3878.8000,3878.0000,3875.0000,3881.2000,3885.0000,3885.4000,3886.2000,3887.2000,1,1,1,1,1,1,2,1,1,3
SF,IF2006,2019-11-22 09:34:21.400,3879.8000,3613,0,39594540.000,0,-,-,-,-,3879.6000,3879.4000,3879.2000,3878.8000,3878.0000,3881.2000,3885.0000,3885.4000,3886.2000,3887.2000,1,1,1,1,1,1,2,1,1,3
SF,IF2006,2019-11-22 09:34:21.900,3879.8000,3613,0,39594540.000,0,-,-,-,-,3879.6000,3879.2000,3878.8000,3878.0000,3875.0000,3881.2000,3885.0000,3885.4000,3886.2000,3887.2000,1,1,1,1,1,1,2,1,1,3
SF,IF2006,2019-11-22 09:34:22.400,3879.8000,3613,0,39594540.000,0,-,-,-,-,3879.2000,3878.8000,3878.0000,3875.0000,3873.8000,3881.2000,3885.0000,3885.4000,3886.2000,3887.2000,1,1,1,1,1,1,2,1,1,3
SF,IF2006,2019-11-22 09:34:24.400,3879.8000,3613,0,39594540.000,0,-,-,-,-,3879.2000,3878.8000,3878.0000,3875.0000,3873.8000,3881.0000,3881.2000,3885.0000,3885.4000,3886.2000,1,1,1,1,1,1,1,2,1,1
SF,IF2006,2019-11-22 09:34:24.900,3879.8000,3613,0,39594540.000,0,-,-,-,-,3879.2000,3878.8000,3878.0000,3875.0000,3873.8000,3880.8000,3881.0000,3885.0000,3885.4000,3886.2000,1,1,1,1,1,1,1,2,1,1
SF,IF2006,2019-11-22 09:34:27.900,3879.8000,3613,0,39594540.000,0,-,-,-,-,3878.8000,3878.0000,3875.0000,3873.8000,3872.4000,3880.8000,3881.0000,3885.0000,3885.4000,3886.2000,1,1,1,1,5,1,1,2,1,1
SF,IF2006,2019-11-22 09:34:28.400,3879.8000,3613,0,39594540.000,0,-,-,-,-,3879.0000,3878.8000,3878.0000,3875.0000,3873.8000,3880.6000,3880.8000,3881.0000,3885.0000,3885.4000,1,1,1,1,1,1,1,1,2,1
SF,IF2006,2019-11-22 09:34:28.900,3879.8000,3613,0,39594540.000,0,-,-,-,-,3879.0000,3878.8000,3878.0000,3875.0000,3873.8000,3881.0000,3885.0000,3885.4000,3886.2000,3887.2000,1,1,1,1,1,1,2,1,1,3
SF,IF2006,2019-11-22 09:34:29.400,3879.8000,3613,0,39594540.000,0,-,-,-,-,3879.0000,3878.8000,3878.0000,3875.0000,3873.8000,3880.8000,3881.0000,3885.0000,3885.4000,3886.2000,1,1,1,1,1,3,1,2,1,1
SF,IF2006,2019-11-22 09:34:31.400,3879.8000,3613,0,39594540.000,0,-,-,-,-,3879.0000,3878.8000,3878.0000,3875.0000,3873.8000,3880.8000,3881.0000,3885.0000,3885.4000,3886.2000,2,1,1,1,1,3,1,2,1,1
SF,IF2006,2019-11-22 09:34:34.400,3879.8000,3613,0,39594540.000,0,-,-,-,-,3879.0000,3878.8000,3878.0000,3875.0000,3873.8000,3880.6000,3880.8000,3885.0000,3885.4000,3886.2000,2,1,1,1,1,1,3,2,1,1
SF,IF2006,2019-11-22 09:34:34.900,3879.8000,3613,0,39594540.000,0,-,-,-,-,3879.0000,3878.8000,3878.0000,3875.0000,3873.8000,3880.4000,3880.6000,3880.8000,3885.0000,3885.4000,2,1,1,1,1,1,1,1,2,1
SF,IF2006,2019-11-22 09:34:36.900,3880.4000,3612,-1,40758660.000,1,0,1,双平,S,3879.2000,3879.0000,3878.8000,3878.0000,3875.0000,3880.6000,3880.8000,3881.8000,3885.0000,3885.4000,1,2,1,1,1,1,1,1,2,1
SF,IF2006,2019-11-22 09:34:37.400,3880.4000,3612,0,40758660.000,0,-,-,-,-,3879.4000,3879.2000,3879.0000,3878.8000,3878.0000,3880.6000,3885.0000,3885.4000,3886.2000,3887.2000,2,1,1,1,1,1,2,1,1,3
SF,IF2006,2019-11-22 09:34:37.900,3880.6000,3611,-1,41922840.000,1,0,1,双平,S,3879.6000,3879.4000,3879.2000,3879.0000,3878.8000,3885.0000,3885.4000,3886.2000,3887.2000,3890.8000,1,2,1,1,1,2,1,1,3,1
SF,IF2006,2019-11-22 09:34:38.400,3880.6000,3611,0,41922840.000,0,-,-,-,-,3879.8000,3879.2000,3879.0000,3878.8000,3878.0000,3882.4000,3883.6000,3884.4000,3884.8000,3885.0000,1,1,1,1,1,3,1,3,2,2
SF,IF2006,2019-11-22 09:34:38.900,3880.6000,3611,0,41922840.000,0,-,-,-,-,3879.8000,3879.2000,3879.0000,3878.8000,3878.0000,3881.6000,3882.2000,3882.4000,3883.6000,3884.4000,1,1,1,1,1,1,4,3,1,3
SF,IF2006,2019-11-22 09:34:39.400,3880.6000,3611,0,41922840.000,0,-,-,-,-,3879.8000,3879.2000,3879.0000,3878.8000,3878.0000,3881.4000,3881.6000,3882.2000,3883.6000,3884.4000,1,1,1,1,1,1,1,4,1,3
SF,IF2006,2019-11-22 09:34:39.900,3880.6000,3611,0,41922840.000,0,-,-,-,-,3879.8000,3879.2000,3879.0000,3878.8000,3878.0000,3881.4000,3882.2000,3883.6000,3884.4000,3884.8000,1,1,1,1,1,1,4,1,3,2
SF,IF2006,2019-11-22 09:34:44.400,3880.6000,3611,0,41922840.000,0,-,-,-,-,3879.8000,3879.0000,3878.8000,3878.0000,3875.0000,3881.2000,3881.4000,3882.2000,3883.6000,3884.4000,1,1,1,1,1,5,1,4,1,3
SF,IF2006,2019-11-22 09:34:44.900,3879.8000,3610,-1,43086780.000,1,0,1,双平,S,3879.0000,3878.8000,3878.0000,3875.0000,3873.8000,3880.8000,3881.0000,3881.2000,3882.2000,3883.6000,1,1,2,1,1,1,3,5,4,1
SF,IF2006,2019-11-22 09:34:45.400,3879.8000,3610,0,43086780.000,0,-,-,-,-,3879.0000,3875.0000,3873.8000,3872.4000,3871.0000,3880.6000,3880.8000,3881.0000,3881.2000,3882.2000,1,1,1,5,1,2,1,1,5,4
SF,IF2006,2019-11-22 09:34:45.900,3879.8000,3610,0,43086780.000,0,-,-,-,-,3879.0000,3875.0000,3873.8000,3872.4000,3871.0000,3880.6000,3881.0000,3881.2000,3882.2000,3883.6000,1,1,1,5,1,2,1,5,4,1
SF,IF2006,2019-11-22 09:34:46.400,3879.8000,3610,0,43086780.000,0,-,-,-,-,3879.0000,3875.0000,3873.8000,3872.4000,3871.0000,3880.4000,3880.6000,3881.2000,3882.2000,3883.6000,1,1,1,5,1,1,2,5,4,1
SF,IF2006,2019-11-22 09:34:46.900,3879.8000,3610,0,43086780.000,0,-,-,-,-,3879.0000,3875.0000,3873.8000,3872.4000,3871.0000,3880.2000,3880.4000,3881.2000,3882.2000,3883.6000,1,1,1,5,1,2,3,5,4,1
SF,IF2006,2019-11-22 09:34:47.400,3879.8000,3610,0,43086780.000,0,-,-,-,-,3879.0000,3875.0000,3873.8000,3872.4000,3871.0000,3880.2000,3880.4000,3881.2000,3882.2000,3883.6000,1,1,1,5,1,2,1,5,4,1
SF,IF2006,2019-11-22 09:34:47.900,3879.8000,3610,0,43086780.000,0,-,-,-,-,3879.0000,3875.0000,3873.8000,3872.4000,3871.0000,3880.0000,3880.2000,3880.4000,3881.2000,3882.2000,1,1,1,5,1,1,2,1,5,4
SF,IF2006,2019-11-22 09:34:48.400,3879.8000,3610,0,43086780.000,0,-,-,-,-,3879.0000,3875.0000,3873.8000,3872.4000,3871.0000,3880.0000,3880.4000,3881.2000,3882.2000,3883.6000,1,1,1,5,1,1,1,4,4,1
SF,IF2006,2019-11-22 09:34:48.900,3879.8000,3610,0,43086780.000,0,-,-,-,-,3879.0000,3875.0000,3873.8000,3872.4000,3871.0000,3881.2000,3882.2000,3883.6000,3884.4000,3884.8000,1,1,1,5,1,4,4,1,3,1
SF,IF2006,2019-11-22 09:34:49.400,3879.8000,3610,0,43086780.000,0,-,-,-,-,3879.0000,3875.0000,3873.8000,3872.4000,3871.0000,3881.0000,3881.2000,3882.2000,3883.6000,3884.4000,1,1,1,5,1,6,4,4,1,3
SF,IF2006,2019-11-22 09:34:49.900,3879.8000,3610,0,43086780.000,0,-,-,-,-,3879.0000,3875.0000,3873.8000,3872.4000,3871.0000,3881.0000,3881.2000,3882.2000,3883.6000,3884.4000,1,1,1,5,1,6,4,4,1,3
SF,IF2006,2019-11-22 09:34:51.400,3879.8000,3610,0,43086780.000,0,-,-,-,-,3879.0000,3875.0000,3873.8000,3872.4000,3871.0000,3880.8000,3881.0000,3881.2000,3882.2000,3883.6000,1,1,1,5,1,1,6,4,4,1
SF,IF2006,2019-11-22 09:34:51.900,3879.8000,3610,0,43086780.000,0,-,-,-,-,3879.0000,3875.0000,3873.8000,3872.4000,3871.0000,3880.6000,3880.8000,3881.0000,3881.2000,3882.2000,1,1,1,5,1,2,1,3,4,4
SF,IF2006,2019-11-22 09:34:52.400,3879.8000,3610,0,43086780.000,0,-,-,-,-,3879.0000,3875.0000,3873.8000,3872.4000,3871.0000,3880.6000,3880.8000,3881.0000,3881.2000,3882.2000,1,1,1,5,1,2,1,2,4,4
SF,IF2006,2019-11-22 09:34:52.900,3879.8000,3610,0,43086780.000,0,-,-,-,-,3879.0000,3875.0000,3873.8000,3872.4000,3871.0000,3880.4000,3880.6000,3881.0000,3881.2000,3882.2000,1,1,1,5,1,1,2,1,4,4
SF,IF2006,2019-11-22 09:34:53.400,3879.8000,3610,0,43086780.000,0,-,-,-,-,3879.0000,3875.0000,3873.8000,3872.4000,3871.0000,3880.2000,3881.0000,3881.2000,3882.2000,3883.6000,1,1,1,5,1,1,1,4,4,1
SF,IF2006,2019-11-22 09:35:01.400,3879.8000,3610,0,43086780.000,0,-,-,-,-,3879.0000,3875.0000,3873.8000,3872.4000,3871.0000,3880.2000,3881.0000,3881.2000,3882.2000,3883.6000,1,1,1,5,1,1,1,1,4,1
SF,IF2006,2019-11-22 09:35:01.900,3879.8000,3610,0,43086780.000,0,-,-,-,-,3879.0000,3875.0000,3873.8000,3872.4000,3871.0000,3881.0000,3881.2000,3882.2000,3883.6000,3884.4000,1,1,1,5,1,1,1,4,1,3
SF,IF2006,2019-11-22 09:35:02.400,3879.8000,3610,0,43086780.000,0,-,-,-,-,3879.0000,3875.0000,3873.8000,3872.4000,3871.0000,3880.8000,3881.0000,3881.2000,3882.2000,3883.6000,1,1,1,5,1,1,1,1,4,1
SF,IF2006,2019-11-22 09:35:02.900,3879.8000,3610,0,43086780.000,0,-,-,-,-,3879.2000,3879.0000,3875.0000,3873.8000,3872.4000,3880.8000,3881.0000,3881.2000,3882.2000,3883.6000,1,1,1,1,5,1,1,1,4,1
SF,IF2006,2019-11-22 09:35:03.400,3879.8000,3610,0,43086780.000,0,-,-,-,-,3879.2000,3879.0000,3875.0000,3873.8000,3872.4000,3880.8000,3881.2000,3882.2000,3883.6000,3884.4000,1,1,1,1,5,1,1,4,1,3
SF,IF2006,2019-11-22 09:35:03.900,3879.8000,3610,0,43086780.000,0,-,-,-,-,3879.2000,3879.0000,3875.0000,3873.8000,3872.4000,3880.8000,3882.2000,3883.6000,3884.4000,3884.8000,1,1,1,1,5,1,4,1,3,1
SF,IF2006,2019-11-22 09:35:08.900,3879.8000,3610,0,43086780.000,0,-,-,-,-,3879.2000,3879.0000,3875.0000,3873.8000,3872.4000,3880.6000,3880.8000,3882.2000,3883.6000,3884.4000,1,1,1,1,5,2,1,4,1,3
SF,IF2006,2019-11-22 09:35:09.400,3879.8000,3610,0,43086780.000,0,-,-,-,-,3879.0000,3875.0000,3873.8000,3872.4000,3871.0000,3880.4000,3880.6000,3882.2000,3883.6000,3884.4000,1,1,1,5,1,2,2,4,1,3
SF,IF2006,2019-11-22 09:35:09.900,3879.8000,3610,0,43086780.000,0,-,-,-,-,3879.0000,3875.0000,3873.8000,3872.4000,3871.0000,3880.4000,3882.2000,3883.6000,3884.4000,3884.8000,1,1,1,5,1,2,4,1,3,1
SF,IF2006,2019-11-22 09:35:12.900,3879.8000,3610,0,43086780.000,0,-,-,-,-,3879.2000,3879.0000,3875.0000,3873.8000,3872.4000,3880.4000,3882.2000,3883.6000,3884.4000,3884.8000,1,1,1,1,5,2,4,1,3,1
SF,IF2006,2019-11-22 09:35:13.400,3880.4000,3609,-1,44250900.000,1,0,1,双平,S,3879.4000,3879.2000,3879.0000,3875.0000,3873.8000,3882.2000,3883.6000,3884.4000,3884.8000,3885.0000,1,1,1,1,1,4,1,3,1,2
SF,IF2006,2019-11-22 09:35:13.900,3880.4000,3609,0,44250900.000,0,-,-,-,-,3879.8000,3879.6000,3879.4000,3879.2000,3879.0000,3882.0000,3882.2000,3883.6000,3884.4000,3884.8000,1,1,1,1,1,2,4,1,3,1
SF,IF2006,2019-11-22 09:35:14.400,3880.4000,3609,0,44250900.000,0,-,-,-,-,3879.8000,3879.6000,3879.2000,3879.0000,3875.0000,3882.0000,3882.2000,3883.6000,3884.4000,3884.8000,1,1,1,1,1,2,4,1,3,1
SF,IF2006,2019-11-22 09:35:16.400,3880.4000,3609,0,44250900.000,0,-,-,-,-,3879.8000,3879.6000,3879.2000,3879.0000,3875.0000,3881.6000,3881.8000,3882.0000,3882.2000,3883.6000,1,1,1,1,1,1,2,2,4,1
SF,IF2006,2019-11-22 09:35:16.900,3880.4000,3609,0,44250900.000,0,-,-,-,-,3879.8000,3879.2000,3879.0000,3875.0000,3873.8000,3881.4000,3881.6000,3881.8000,3882.2000,3883.6000,1,1,1,1,1,1,1,1,4,1
SF,IF2006,2019-11-22 09:35:18.400,3880.4000,3609,0,44250900.000,0,-,-,-,-,3879.8000,3879.2000,3879.0000,3875.0000,3873.8000,3881.4000,3881.8000,3882.2000,3883.6000,3884.4000,1,1,1,1,1,1,1,4,1,3
SF,IF2006,2019-11-22 09:35:18.900,3880.4000,3609,0,44250900.000,0,-,-,-,-,3880.0000,3879.8000,3879.2000,3879.0000,3875.0000,3882.2000,3883.6000,3884.4000,3884.8000,3885.0000,1,1,1,1,1,2,1,3,1,2
SF,IF2006,2019-11-22 09:35:19.400,3880.4000,3609,0,44250900.000,0,-,-,-,-,3880.0000,3879.8000,3879.2000,3879.0000,3875.0000,3882.0000,3882.2000,3883.6000,3884.4000,3884.8000,1,1,1,1,1,1,1,1,3,1
SF,IF2006,2019-11-22 09:35:20.900,3880.4000,3609,0,44250900.000,0,-,-,-,-,3880.2000,3880.0000,3879.8000,3879.2000,3879.0000,3882.0000,3884.4000,3884.8000,3885.0000,3885.2000,1,1,1,1,1,1,2,1,2,1
SF,IF2006,2019-11-22 09:35:21.400,3880.4000,3609,0,44250900.000,0,-,-,-,-,3880.4000,3880.2000,3879.2000,3879.0000,3875.0000,3884.4000,3884.8000,3885.0000,3885.2000,3885.4000,2,1,1,1,1,2,1,2,1,1
SF,IF2006,2019-11-22 09:35:21.900,3880.4000,3609,0,44250900.000,0,-,-,-,-,3881.0000,3880.6000,3880.4000,3880.2000,3879.2000,3883.8000,3884.2000,3884.4000,3884.8000,3885.0000,1,1,2,1,1,3,2,3,1,2
SF,IF2006,2019-11-22 09:35:22.400,3880.4000,3609,0,44250900.000,0,-,-,-,-,3881.2000,3881.0000,3880.6000,3880.2000,3879.2000,3883.6000,3883.8000,3884.2000,3884.4000,3884.8000,1,1,1,1,1,5,3,2,3,1
SF,IF2006,2019-11-22 09:35:22.900,3880.4000,3609,0,44250900.000,0,-,-,-,-,3881.2000,3881.0000,3880.6000,3880.2000,3879.2000,3883.4000,3883.6000,3884.2000,3884.4000,3884.8000,1,1,1,1,1,2,5,2,3,1
SF,IF2006,2019-11-22 09:35:23.400,3880.4000,3609,0,44250900.000,0,-,-,-,-,3881.2000,3881.0000,3880.6000,3880.2000,3879.2000,3883.4000,3883.6000,3884.2000,3884.4000,3884.8000,1,1,1,1,1,2,2,2,2,1
SF,IF2006,2019-11-22 09:35:27.400,3880.4000,3609,0,44250900.000,0,-,-,-,-,3881.4000,3881.2000,3881.0000,3880.6000,3880.2000,3883.4000,3883.6000,3884.2000,3884.4000,3884.8000,1,1,1,1,1,2,2,2,2,1
SF,IF2006,2019-11-22 09:35:27.900,3880.4000,3609,0,44250900.000,0,-,-,-,-,3881.4000,3880.6000,3880.2000,3879.2000,3879.0000,3883.4000,3883.6000,3884.2000,3884.4000,3884.8000,1,1,1,1,1,2,2,2,2,1
SF,IF2006,2019-11-22 09:35:28.400,3880.4000,3609,0,44250900.000,0,-,-,-,-,3881.6000,3881.4000,3880.6000,3880.2000,3879.2000,3883.4000,3883.6000,3884.2000,3884.4000,3884.8000,1,1,1,1,1,2,2,2,2,1
SF,IF2006,2019-11-22 09:35:29.400,3880.4000,3609,0,44250900.000,0,-,-,-,-,3881.6000,3880.6000,3880.2000,3879.2000,3879.0000,3883.4000,3883.6000,3884.2000,3884.4000,3884.8000,1,1,1,1,1,2,2,2,2,1
SF,IF2006,2019-11-22 09:35:29.900,3880.4000,3609,0,44250900.000,0,-,-,-,-,3881.4000,3880.6000,3880.2000,3879.2000,3879.0000,3883.2000,3883.4000,3883.6000,3884.2000,3884.4000,1,1,1,1,1,2,2,2,2,2
SF,IF2006,2019-11-22 09:35:30.400,3880.4000,3609,0,44250900.000,0,-,-,-,-,3881.4000,3880.6000,3880.2000,3879.2000,3879.0000,3883.0000,3883.2000,3883.6000,3884.2000,3884.4000,1,1,1,1,1,1,1,2,2,2
SF,IF2006,2019-11-22 09:35:30.900,3880.4000,3609,0,44250900.000,0,-,-,-,-,3880.6000,3880.2000,3879.2000,3879.0000,3875.0000,3883.0000,3883.2000,3883.6000,3884.2000,3884.4000,1,1,1,1,1,1,1,2,2,2
SF,IF2006,2019-11-22 09:35:31.400,3880.4000,3609,0,44250900.000,0,-,-,-,-,3881.0000,3880.8000,3880.6000,3880.2000,3879.2000,3883.0000,3883.2000,3883.6000,3884.2000,3884.4000,1,2,1,1,1,1,1,2,2,2
SF,IF2006,2019-11-22 09:35:31.900,3880.4000,3609,0,44250900.000,0,-,-,-,-,3881.0000,3880.8000,3880.6000,3880.2000,3879.2000,3883.0000,3883.2000,3883.6000,3884.2000,3884.4000,1,1,1,1,1,1,1,2,2,2
SF,IF2006,2019-11-22 09:35:32.400,3880.4000,3609,0,44250900.000,0,-,-,-,-,3881.2000,3881.0000,3880.6000,3880.2000,3879.2000,3883.0000,3883.2000,3883.6000,3884.2000,3884.4000,1,1,1,1,1,1,1,2,2,2
SF,IF2006,2019-11-22 09:35:33.900,3880.4000,3609,0,44250900.000,0,-,-,-,-,3881.2000,3881.0000,3880.2000,3879.2000,3879.0000,3882.8000,3883.0000,3883.2000,3883.6000,3884.2000,1,1,1,1,1,2,1,1,2,2
SF,IF2006,2019-11-22 09:35:34.400,3880.4000,3609,0,44250900.000,0,-,-,-,-,3881.2000,3880.2000,3879.2000,3879.0000,3873.8000,3882.6000,3882.8000,3883.2000,3883.6000,3884.2000,1,1,1,1,1,2,1,1,2,2
SF,IF2006,2019-11-22 09:35:34.900,3880.4000,3609,0,44250900.000,0,-,-,-,-,3880.4000,3880.2000,3879.2000,3879.0000,3873.8000,3882.6000,3882.8000,3883.2000,3883.6000,3884.2000,1,1,1,1,1,2,1,1,2,2
SF,IF2006,2019-11-22 09:35:35.400,3880.4000,3609,0,44250900.000,0,-,-,-,-,3880.8000,3880.6000,3880.4000,3880.2000,3879.2000,3882.6000,3882.8000,3883.2000,3883.6000,3884.2000,1,1,1,1,1,2,1,1,2,2
SF,IF2006,2019-11-22 09:35:35.900,3880.4000,3609,0,44250900.000,0,-,-,-,-,3880.8000,3880.4000,3880.2000,3879.2000,3879.0000,3882.6000,3882.8000,3883.2000,3883.6000,3884.2000,1,1,1,1,1,2,1,1,2,2
SF,IF2006,2019-11-22 09:35:36.400,3880.4000,3609,0,44250900.000,0,-,-,-,-,3881.0000,3880.8000,3880.4000,3880.2000,3879.2000,3883.2000,3883.6000,3884.2000,3884.4000,3884.8000,2,1,1,1,1,1,2,2,2,1
SF,IF2006,2019-11-22 09:35:36.900,3880.4000,3609,0,44250900.000,0,-,-,-,-,3881.0000,3880.4000,3880.2000,3879.2000,3879.0000,3883.2000,3883.6000,3884.2000,3884.4000,3884.8000,3,1,1,1,1,1,2,2,2,1
SF,IF2006,2019-11-22 09:35:37.400,3880.4000,3609,0,44250900.000,0,-,-,-,-,3881.4000,3881.0000,3880.4000,3880.2000,3879.2000,3883.6000,3884.2000,3884.4000,3884.8000,3885.0000,1,3,1,1,1,2,2,2,1,2
SF,IF2006,2019-11-22 09:35:37.900,3880.4000,3609,0,44250900.000,0,-,-,-,-,3881.6000,3881.4000,3881.0000,3880.2000,3879.2000,3883.6000,3884.2000,3884.8000,3885.0000,3885.2000,1,2,1,1,1,2,2,1,2,1
SF,IF2006,2019-11-22 09:35:38.400,3880.4000,3609,0,44250900.000,0,-,-,-,-,3881.6000,3881.4000,3881.0000,3880.2000,3879.2000,3883.4000,3883.6000,3884.2000,3884.8000,3885.0000,1,2,1,1,1,1,2,2,1,2
SF,IF2006,2019-11-22 09:35:38.900,3880.4000,3609,0,44250900.000,0,-,-,-,-,3882.0000,3881.6000,3881.4000,3881.0000,3880.2000,3883.4000,3883.6000,3884.2000,3884.8000,3885.0000,1,1,1,1,1,1,1,2,1,2
SF,IF2006,2019-11-22 09:35:39.400,3880.4000,3609,0,44250900.000,0,-,-,-,-,3882.0000,3881.0000,3880.2000,3879.2000,3879.0000,3883.4000,3883.6000,3884.2000,3884.8000,3885.0000,1,1,1,1,1,1,1,2,1,2
SF,IF2006,2019-11-22 09:35:39.900,3880.4000,3609,0,44250900.000,0,-,-,-,-,3882.2000,3882.0000,3881.0000,3880.2000,3879.2000,3883.4000,3883.6000,3884.2000,3884.8000,3885.0000,1,1,1,1,1,1,1,2,1,2
SF,IF2006,2019-11-22 09:35:40.400,3880.4000,3609,0,44250900.000,0,-,-,-,-,3881.0000,3880.2000,3879.2000,3879.0000,3873.8000,3883.4000,3883.6000,3884.2000,3884.8000,3885.0000,1,1,1,1,1,1,1,2,1,2
SF,IF2006,2019-11-22 09:35:40.900,3880.4000,3609,0,44250900.000,0,-,-,-,-,3881.6000,3881.2000,3881.0000,3880.2000,3879.2000,3883.4000,3884.2000,3884.8000,3885.0000,3885.4000,1,3,1,1,1,1,2,1,2,1
SF,IF2006,2019-11-22 09:35:41.400,3880.4000,3609,0,44250900.000,0,-,-,-,-,3881.8000,3881.6000,3881.2000,3881.0000,3880.2000,3883.4000,3884.2000,3884.8000,3885.0000,3885.4000,1,1,1,1,1,1,1,1,2,1
SF,IF2006,2019-11-22 09:35:41.900,3880.4000,3609,0,44250900.000,0,-,-,-,-,3881.8000,3881.6000,3881.2000,3881.0000,3880.2000,3883.4000,3884.2000,3884.8000,3885.0000,3885.4000,2,1,1,1,1,1,1,1,2,1
SF,IF2006,2019-11-22 09:35:42.400,3880.4000,3609,0,44250900.000,0,-,-,-,-,3881.8000,3881.0000,3880.2000,3879.2000,3879.0000,3883.4000,3884.2000,3884.8000,3885.0000,3885.4000,2,2,1,1,1,1,1,1,2,1
SF,IF2006,2019-11-22 09:35:42.900,3880.4000,3609,0,44250900.000,0,-,-,-,-,3882.0000,3881.8000,3881.0000,3880.2000,3879.2000,3883.4000,3884.2000,3884.8000,3885.0000,3885.4000,1,1,2,1,1,1,1,1,2,1
SF,IF2006,2019-11-22 09:35:43.400,3880.4000,3609,0,44250900.000,0,-,-,-,-,3881.0000,3880.2000,3879.2000,3879.0000,3873.8000,3883.4000,3884.2000,3884.8000,3885.0000,3885.4000,2,1,1,1,1,1,1,1,2,1
SF,IF2006,2019-11-22 09:35:43.900,3880.4000,3609,0,44250900.000,0,-,-,-,-,3881.4000,3881.0000,3880.2000,3879.2000,3879.0000,3883.4000,3884.2000,3884.8000,3885.0000,3885.4000,1,2,1,1,1,1,1,1,2,1
SF,IF2006,2019-11-22 09:35:44.400,3880.4000,3609,0,44250900.000,0,-,-,-,-,3881.0000,3880.2000,3879.2000,3879.0000,3873.8000,3883.2000,3883.4000,3884.2000,3884.8000,3885.0000,1,1,1,1,1,4,1,1,1,2
SF,IF2006,2019-11-22 09:35:44.900,3880.4000,3609,0,44250900.000,0,-,-,-,-,3881.0000,3880.2000,3879.2000,3879.0000,3873.8000,3883.0000,3883.2000,3884.2000,3884.8000,3885.0000,1,1,1,1,1,3,4,1,1,2
SF,IF2006,2019-11-22 09:35:45.400,3880.4000,3609,0,44250900.000,0,-,-,-,-,3881.0000,3880.2000,3879.2000,3879.0000,3873.8000,3883.0000,3883.2000,3884.2000,3884.8000,3885.0000,1,1,1,1,1,4,4,1,1,2
SF,IF2006,2019-11-22 09:35:46.900,3880.4000,3609,0,44250900.000,0,-,-,-,-,3881.0000,3880.2000,3879.2000,3879.0000,3873.8000,3882.6000,3883.0000,3883.2000,3884.2000,3884.8000,1,1,1,1,1,1,4,1,1,1
SF,IF2006,2019-11-22 09:35:47.400,3880.4000,3609,0,44250900.000,0,-,-,-,-,3881.2000,3881.0000,3880.2000,3879.2000,3879.0000,3882.6000,3883.0000,3883.2000,3884.2000,3884.8000,1,1,1,1,1,1,2,1,1,1
SF,IF2006,2019-11-22 09:35:47.900,3880.4000,3609,0,44250900.000,0,-,-,-,-,3881.0000,3880.2000,3879.2000,3879.0000,3873.8000,3882.4000,3882.6000,3883.0000,3883.2000,3884.2000,1,1,1,1,1,1,1,2,1,1
SF,IF2006,2019-11-22 09:35:48.900,3880.4000,3609,0,44250900.000,0,-,-,-,-,3881.0000,3880.2000,3879.2000,3879.0000,3873.8000,3882.4000,3882.6000,3883.0000,3883.2000,3884.2000,1,1,1,1,1,1,1,1,1,1
SF,IF2006,2019-11-22 09:35:51.400,3880.4000,3609,0,44250900.000,0,-,-,-,-,3881.0000,3880.2000,3879.2000,3879.0000,3873.8000,3882.4000,3883.0000,3883.2000,3884.2000,3884.8000,1,1,1,1,1,1,1,1,1,1
SF,IF2006,2019-11-22 09:35:55.400,3880.4000,3609,0,44250900.000,0,-,-,-,-,3881.0000,3880.2000,3879.2000,3879.0000,3873.8000,3882.2000,3882.4000,3883.0000,3883.2000,3884.2000,1,1,1,1,1,1,1,1,1,1
SF,IF2006,2019-11-22 09:35:55.900,3880.4000,3609,0,44250900.000,0,-,-,-,-,3881.0000,3880.2000,3879.2000,3879.0000,3873.8000,3882.2000,3883.0000,3883.2000,3884.2000,3884.8000,1,1,1,1,1,1,1,1,1,1
SF,IF2006,2019-11-22 09:35:56.400,3880.4000,3609,0,44250900.000,0,-,-,-,-,3881.0000,3880.2000,3879.2000,3879.0000,3873.8000,3883.0000,3883.2000,3884.2000,3884.8000,3885.0000,1,1,1,1,1,1,1,1,1,2
SF,IF2006,2019-11-22 09:35:56.900,3880.4000,3609,0,44250900.000,0,-,-,-,-,3881.0000,3880.2000,3879.2000,3879.0000,3873.8000,3882.8000,3883.0000,3883.2000,3884.2000,3884.8000,1,1,1,1,1,2,1,1,1,1
SF,IF2006,2019-11-22 09:35:57.400,3880.4000,3609,0,44250900.000,0,-,-,-,-,3881.0000,3880.2000,3879.2000,3879.0000,3873.8000,3882.6000,3882.8000,3883.0000,3883.2000,3884.2000,1,1,1,1,1,1,2,1,1,1
SF,IF2006,2019-11-22 09:35:57.900,3880.4000,3609,0,44250900.000,0,-,-,-,-,3881.2000,3881.0000,3880.2000,3879.2000,3879.0000,3882.6000,3883.0000,3883.2000,3884.2000,3884.8000,1,1,1,1,1,1,1,1,1,1
SF,IF2006,2019-11-22 09:35:58.400,3880.4000,3609,0,44250900.000,0,-,-,-,-,3881.0000,3880.2000,3879.2000,3879.0000,3873.8000,3883.0000,3883.2000,3884.2000,3884.8000,3885.0000,1,1,1,1,1,1,1,1,1,2
SF,IF2006,2019-11-22 09:35:58.900,3880.4000,3609,0,44250900.000,0,-,-,-,-,3881.0000,3880.2000,3879.2000,3879.0000,3873.8000,3882.8000,3883.0000,3883.2000,3884.2000,3884.8000,1,1,1,1,1,1,1,1,1,1
SF,IF2006,2019-11-22 09:36:01.400,3880.4000,3609,0,44250900.000,0,-,-,-,-,3881.0000,3880.2000,3879.2000,3879.0000,3873.8000,3882.8000,3883.0000,3883.2000,3884.2000,3884.8000,1,1,1,1,1,1,1,1,1,1
SF,IF2006,2019-11-22 09:36:01.900,3880.4000,3609,0,44250900.000,0,-,-,-,-,3881.0000,3880.2000,3879.2000,3879.0000,3873.8000,3882.6000,3882.8000,3883.0000,3883.2000,3884.2000,1,1,1,1,1,2,1,1,1,1
SF,IF2006,2019-11-22 09:36:02.400,3880.4000,3609,0,44250900.000,0,-,-,-,-,3881.0000,3880.2000,3879.2000,3879.0000,3873.8000,3882.4000,3882.6000,3883.0000,3883.2000,3884.2000,1,1,1,1,1,2,2,1,1,1
SF,IF2006,2019-11-22 09:36:03.900,3880.4000,3609,0,44250900.000,0,-,-,-,-,3881.0000,3879.2000,3879.0000,3873.8000,3872.4000,3882.2000,3882.4000,3882.6000,3883.0000,3883.2000,1,1,1,1,5,2,2,2,1,1
SF,IF2006,2019-11-22 09:36:04.400,3880.4000,3609,0,44250900.000,0,-,-,-,-,3881.0000,3879.2000,3879.0000,3873.8000,3872.4000,3882.0000,3882.2000,3882.6000,3883.0000,3883.2000,1,1,1,1,5,1,2,2,1,1
SF,IF2006,2019-11-22 09:36:04.900,3881.0000,3609,0,45415200.000,1,0,1,多换,S,3879.2000,3879.0000,3873.8000,3872.4000,3871.0000,3882.0000,3882.2000,3882.6000,3883.0000,3883.2000,1,1,1,5,1,1,2,2,1,1
SF,IF2006,2019-11-22 09:36:05.400,3881.0000,3609,0,45415200.000,0,-,-,-,-,3879.6000,3879.4000,3879.2000,3879.0000,3873.8000,3882.0000,3882.2000,3882.6000,3883.0000,3883.2000,1,2,1,1,1,1,2,2,1,1
SF,IF2006,2019-11-22 09:36:05.900,3881.0000,3609,0,45415200.000,0,-,-,-,-,3879.8000,3879.6000,3879.2000,3879.0000,3873.8000,3882.0000,3882.2000,3882.6000,3883.0000,3883.2000,1,1,1,1,1,1,2,2,1,1
SF,IF2006,2019-11-22 09:36:08.400,3881.0000,3609,0,45415200.000,0,-,-,-,-,3879.8000,3879.6000,3879.2000,3879.0000,3873.8000,3882.0000,3882.2000,3882.6000,3883.0000,3883.2000,1,1,1,1,1,1,1,2,1,1
SF,IF2006,2019-11-22 09:36:09.400,3881.0000,3609,0,45415200.000,0,-,-,-,-,3879.8000,3879.6000,3879.2000,3879.0000,3873.8000,3882.0000,3882.6000,3883.0000,3883.2000,3884.2000,1,1,1,1,1,1,1,1,1,1
SF,IF2006,2019-11-22 09:36:11.900,3881.0000,3609,0,45415200.000,0,-,-,-,-,3879.8000,3879.6000,3879.2000,3879.0000,3873.8000,3881.8000,3882.0000,3882.6000,3883.0000,3883.2000,1,1,1,1,1,1,1,1,1,1
SF,IF2006,2019-11-22 09:36:12.400,3881.0000,3609,0,45415200.000,0,-,-,-,-,3879.8000,3879.6000,3879.2000,3879.0000,3873.8000,3881.6000,3881.8000,3882.6000,3883.0000,3883.2000,1,1,1,1,1,2,1,1,1,1
SF,IF2006,2019-11-22 09:36:13.400,3881.0000,3609,0,45415200.000,0,-,-,-,-,3879.8000,3879.6000,3879.2000,3879.0000,3873.8000,3881.6000,3881.8000,3882.6000,3883.2000,3884.2000,1,1,1,1,1,2,1,1,1,1
SF,IF2006,2019-11-22 09:36:14.900,3881.0000,3609,0,45415200.000,0,-,-,-,-,3879.8000,3879.6000,3879.2000,3879.0000,3873.8000,3881.4000,3881.6000,3881.8000,3882.6000,3883.2000,1,1,1,1,1,2,2,1,1,1
SF,IF2006,2019-11-22 09:36:15.400,3881.0000,3609,0,45415200.000,0,-,-,-,-,3879.8000,3879.0000,3873.8000,3872.4000,3871.0000,3881.2000,3881.4000,3881.6000,3881.8000,3882.6000,1,1,1,5,1,1,2,1,1,1
SF,IF2006,2019-11-22 09:36:15.900,3881.0000,3609,0,45415200.000,0,-,-,-,-,3879.8000,3879.0000,3873.8000,3872.4000,3871.0000,3881.2000,3881.4000,3881.6000,3882.6000,3883.2000,1,1,1,5,1,1,1,1,1,1
SF,IF2006,2019-11-22 09:36:16.400,3881.0000,3609,0,45415200.000,0,-,-,-,-,3879.0000,3873.8000,3872.4000,3871.0000,3855.0000,3881.0000,3881.2000,3881.4000,3881.6000,3882.6000,1,1,5,1,2,2,1,1,1,1
SF,IF2006,2019-11-22 09:36:16.900,3881.0000,3609,0,45415200.000,0,-,-,-,-,3879.0000,3873.8000,3872.4000,3871.0000,3855.0000,3880.8000,3881.0000,3881.4000,3881.6000,3882.6000,1,1,5,1,2,2,2,1,1,1
SF,IF2006,2019-11-22 09:36:17.400,3881.0000,3609,0,45415200.000,0,-,-,-,-,3879.0000,3873.8000,3872.4000,3871.0000,3855.0000,3880.8000,3881.0000,3881.4000,3881.6000,3882.6000,1,1,5,1,2,2,3,1,1,1
SF,IF2006,2019-11-22 09:36:17.900,3881.0000,3609,0,45415200.000,0,-,-,-,-,3879.0000,3873.8000,3872.4000,3871.0000,3855.0000,3880.8000,3881.0000,3881.4000,3882.6000,3883.2000,1,1,5,1,2,2,3,1,1,1
SF,IF2006,2019-11-22 09:36:20.400,3881.0000,3609,0,45415200.000,0,-,-,-,-,3879.0000,3873.8000,3872.4000,3871.0000,3855.0000,3880.8000,3881.0000,3881.4000,3882.6000,3883.2000,1,1,5,1,2,2,3,1,1,1
SF,IF2006,2019-11-22 09:36:20.900,3881.0000,3609,0,45415200.000,0,-,-,-,-,3879.2000,3879.0000,3873.8000,3872.4000,3871.0000,3881.0000,3881.4000,3882.6000,3883.2000,3884.2000,1,1,1,5,1,1,1,1,1,1
SF,IF2006,2019-11-22 09:36:21.400,3881.0000,3609,0,45415200.000,0,-,-,-,-,3879.4000,3879.2000,3879.0000,3873.8000,3872.4000,3881.0000,3881.4000,3882.6000,3883.2000,3884.2000,1,1,1,1,5,1,1,1,1,1
SF,IF2006,2019-11-22 09:36:21.900,3881.0000,3609,0,45415200.000,0,-,-,-,-,3879.4000,3879.0000,3873.8000,3872.4000,3871.0000,3881.0000,3881.4000,3882.6000,3883.2000,3884.2000,1,1,1,5,1,1,1,1,1,1
SF,IF2006,2019-11-22 09:36:25.400,3881.0000,3609,0,45415200.000,0,-,-,-,-,3879.4000,3879.0000,3873.8000,3872.4000,3871.0000,3881.4000,3882.6000,3883.2000,3884.2000,3884.8000,1,1,1,5,1,1,1,1,1,1
SF,IF2006,2019-11-22 09:36:25.900,3881.0000,3609,0,45415200.000,0,-,-,-,-,3879.4000,3879.0000,3873.8000,3872.4000,3871.0000,3881.2000,3881.4000,3882.6000,3883.2000,3884.2000,1,1,1,5,1,4,1,1,1,1
SF,IF2006,2019-11-22 09:36:26.400,3881.0000,3609,0,45415200.000,0,-,-,-,-,3879.6000,3879.4000,3879.0000,3873.8000,3872.4000,3881.2000,3881.4000,3882.6000,3883.2000,3884.2000,1,1,1,1,5,1,1,1,1,1
SF,IF2006,2019-11-22 09:36:26.900,3881.0000,3609,0,45415200.000,0,-,-,-,-,3879.6000,3879.4000,3879.0000,3873.8000,3872.4000,3881.4000,3882.6000,3883.2000,3884.2000,3884.8000,1,1,1,1,5,1,1,1,1,1
SF,IF2006,2019-11-22 09:36:27.900,3881.0000,3609,0,45415200.000,0,-,-,-,-,3879.6000,3879.4000,3879.0000,3873.8000,3872.4000,3882.6000,3883.2000,3884.2000,3884.8000,3885.0000,1,1,1,1,5,1,1,1,1,2
SF,IF2006,2019-11-22 09:36:28.400,3881.0000,3609,0,45415200.000,0,-,-,-,-,3879.6000,3879.4000,3879.0000,3873.8000,3872.4000,3882.2000,3882.4000,3882.6000,3883.2000,3884.2000,1,1,1,1,5,3,2,1,1,1
SF,IF2006,2019-11-22 09:36:28.900,3881.0000,3609,0,45415200.000,0,-,-,-,-,3879.6000,3879.4000,3879.0000,3873.8000,3872.4000,3882.0000,3882.2000,3882.4000,3882.6000,3883.2000,1,1,1,1,5,4,3,2,1,1
SF,IF2006,2019-11-22 09:36:29.400,3881.0000,3609,0,45415200.000,0,-,-,-,-,3879.6000,3879.4000,3879.0000,3873.8000,3872.4000,3881.8000,3882.0000,3882.4000,3882.6000,3883.2000,1,1,1,1,5,2,4,2,1,1
SF,IF2006,2019-11-22 09:36:30.400,3881.0000,3609,0,45415200.000,0,-,-,-,-,3879.6000,3879.4000,3879.0000,3873.8000,3872.4000,3881.6000,3881.8000,3882.0000,3882.4000,3882.6000,1,1,1,1,5,2,2,4,2,1
SF,IF2006,2019-11-22 09:36:30.900,3881.0000,3609,0,45415200.000,0,-,-,-,-,3879.6000,3879.4000,3879.0000,3873.8000,3872.4000,3881.4000,3881.6000,3882.0000,3882.4000,3882.6000,1,1,1,1,5,2,2,4,2,1
SF,IF2006,2019-11-22 09:36:31.400,3881.0000,3609,0,45415200.000,0,-,-,-,-,3879.6000,3879.4000,3879.0000,3873.8000,3872.4000,3881.4000,3881.6000,3882.0000,3882.4000,3882.6000,1,1,1,1,5,2,1,4,2,1
SF,IF2006,2019-11-22 09:36:35.400,3881.0000,3609,0,45415200.000,0,-,-,-,-,3879.6000,3879.4000,3879.0000,3873.8000,3872.4000,3881.4000,3882.0000,3882.4000,3882.6000,3883.2000,1,1,1,1,5,2,1,2,1,1
SF,IF2006,2019-11-22 09:36:35.900,3881.0000,3609,0,45415200.000,0,-,-,-,-,3879.8000,3879.6000,3879.4000,3879.0000,3873.8000,3882.4000,3882.6000,3883.2000,3884.2000,3884.8000,1,1,1,1,1,1,1,1,1,1
SF,IF2006,2019-11-22 09:36:36.400,3881.0000,3609,0,45415200.000,0,-,-,-,-,3880.0000,3879.8000,3879.0000,3873.8000,3872.4000,3882.2000,3882.6000,3883.2000,3884.2000,3884.8000,1,1,1,1,5,2,1,1,1,1
SF,IF2006,2019-11-22 09:36:36.900,3881.0000,3609,0,45415200.000,0,-,-,-,-,3880.6000,3880.0000,3879.8000,3879.0000,3873.8000,3882.2000,3882.6000,3883.2000,3884.2000,3884.8000,1,1,1,1,1,2,1,1,1,1
SF,IF2006,2019-11-22 09:36:37.400,3880.6000,3608,-1,46579380.000,1,0,1,双平,S,3879.8000,3879.0000,3873.8000,3872.4000,3871.0000,3882.0000,3882.2000,3882.6000,3883.2000,3884.2000,1,1,1,5,1,2,2,1,1,1
SF,IF2006,2019-11-22 09:36:37.900,3880.6000,3608,0,46579380.000,0,-,-,-,-,3879.0000,3873.8000,3872.4000,3871.0000,3855.0000,3881.8000,3882.0000,3882.6000,3883.2000,3884.2000,1,1,5,1,2,3,2,1,1,1
SF,IF2006,2019-11-22 09:36:38.400,3880.6000,3608,0,46579380.000,0,-,-,-,-,3879.2000,3879.0000,3873.8000,3872.4000,3871.0000,3881.8000,3882.0000,3882.6000,3883.2000,3884.2000,2,1,1,5,1,3,2,1,1,1
SF,IF2006,2019-11-22 09:36:39.900,3880.6000,3608,0,46579380.000,0,-,-,-,-,3879.2000,3879.0000,3873.8000,3872.4000,3871.0000,3881.6000,3881.8000,3882.0000,3882.6000,3883.2000,2,1,1,5,1,2,3,2,1,1
SF,IF2006,2019-11-22 09:36:40.400,3880.6000,3608,0,46579380.000,0,-,-,-,-,3879.2000,3879.0000,3873.8000,3872.4000,3871.0000,3881.4000,3881.6000,3881.8000,3882.0000,3882.6000,2,1,1,5,1,1,1,1,2,1
SF,IF2006,2019-11-22 09:36:40.900,3880.6000,3608,0,46579380.000,0,-,-,-,-,3879.4000,3879.2000,3879.0000,3873.8000,3872.4000,3881.4000,3881.6000,3881.8000,3882.0000,3882.6000,1,2,1,1,5,1,1,1,2,1
SF,IF2006,2019-11-22 09:36:41.400,3880.6000,3608,0,46579380.000,0,-,-,-,-,3879.6000,3879.4000,3879.0000,3873.8000,3872.4000,3881.4000,3881.6000,3881.8000,3882.0000,3882.6000,1,1,1,1,5,1,1,1,2,1
SF,IF2006,2019-11-22 09:36:42.400,3880.6000,3608,0,46579380.000,0,-,-,-,-,3879.6000,3879.4000,3879.0000,3873.8000,3872.4000,3881.4000,3881.8000,3882.0000,3882.6000,3883.2000,1,1,1,1,5,1,1,1,1,1
SF,IF2006,2019-11-22 09:36:42.900,3880.6000,3608,0,46579380.000,0,-,-,-,-,3879.8000,3879.6000,3879.4000,3879.0000,3873.8000,3882.6000,3883.2000,3884.2000,3884.8000,3885.0000,1,1,1,1,1,1,1,1,1,2
SF,IF2006,2019-11-22 09:36:43.400,3880.6000,3608,0,46579380.000,0,-,-,-,-,3880.2000,3880.0000,3879.8000,3879.4000,3879.0000,3882.4000,3882.6000,3883.2000,3884.2000,3884.8000,1,1,1,1,1,3,1,1,1,1
SF,IF2006,2019-11-22 09:36:43.900,3880.6000,3608,0,46579380.000,0,-,-,-,-,3880.2000,3879.8000,3879.4000,3879.0000,3873.8000,3882.4000,3882.6000,3883.2000,3884.2000,3884.8000,1,1,1,1,1,2,1,1,1,1
SF,IF2006,2019-11-22 09:36:46.400,3880.6000,3608,0,46579380.000,0,-,-,-,-,3880.2000,3879.4000,3879.0000,3873.8000,3872.4000,3882.2000,3882.4000,3882.6000,3883.2000,3884.2000,1,1,1,1,5,2,2,1,1,1
SF,IF2006,2019-11-22 09:36:46.900,3880.6000,3608,0,46579380.000,0,-,-,-,-,3879.4000,3879.0000,3873.8000,3872.4000,3871.0000,3882.0000,3882.2000,3882.6000,3883.2000,3884.2000,1,1,1,5,1,4,2,1,1,1
SF,IF2006,2019-11-22 09:36:47.400,3880.6000,3608,0,46579380.000,0,-,-,-,-,3879.6000,3879.4000,3879.0000,3873.8000,3872.4000,3882.0000,3882.2000,3882.6000,3883.2000,3884.2000,1,1,1,1,5,4,2,1,1,1
SF,IF2006,2019-11-22 09:36:49.400,3880.6000,3608,0,46579380.000,0,-,-,-,-,3879.6000,3879.4000,3879.0000,3873.8000,3872.4000,3881.8000,3882.0000,3882.2000,3882.6000,3883.2000,1,1,1,1,5,4,4,2,1,1
SF,IF2006,2019-11-22 09:36:49.900,3880.6000,3608,0,46579380.000,0,-,-,-,-,3879.6000,3879.0000,3873.8000,3872.4000,3871.0000,3881.6000,3881.8000,3882.0000,3882.2000,3882.6000,1,1,1,5,1,2,4,1,2,1
SF,IF2006,2019-11-22 09:36:50.400,3880.6000,3608,0,46579380.000,0,-,-,-,-,3879.0000,3873.8000,3872.4000,3871.0000,3855.0000,3881.4000,3881.6000,3881.8000,3882.2000,3882.6000,1,1,5,1,2,4,2,4,2,1
SF,IF2006,2019-11-22 09:36:50.900,3880.6000,3608,0,46579380.000,0,-,-,-,-,3879.2000,3879.0000,3873.8000,3872.4000,3871.0000,3881.2000,3881.4000,3881.8000,3882.2000,3882.6000,1,1,1,5,1,1,4,4,2,1
SF,IF2006,2019-11-22 09:36:51.900,3880.6000,3608,0,46579380.000,0,-,-,-,-,3879.2000,3879.0000,3873.8000,3872.4000,3871.0000,3881.2000,3881.4000,3881.8000,3882.2000,3882.6000,1,1,1,5,1,1,3,4,2,1
SF,IF2006,2019-11-22 09:36:52.400,3880.6000,3608,0,46579380.000,0,-,-,-,-,3879.2000,3879.0000,3873.8000,3872.4000,3871.0000,3881.2000,3881.4000,3881.8000,3882.2000,3882.6000,1,1,1,5,1,1,2,4,2,1
SF,IF2006,2019-11-22 09:36:55.400,3880.6000,3608,0,46579380.000,0,-,-,-,-,3879.2000,3879.0000,3873.8000,3872.4000,3871.0000,3881.0000,3881.2000,3881.4000,3881.8000,3882.2000,1,1,1,5,1,1,1,2,4,2
SF,IF2006,2019-11-22 09:36:55.900,3880.6000,3608,0,46579380.000,0,-,-,-,-,3879.2000,3879.0000,3873.8000,3872.4000,3871.0000,3881.0000,3881.4000,3881.8000,3882.2000,3882.6000,1,1,1,5,1,1,2,4,2,1
SF,IF2006,2019-11-22 09:36:56.400,3880.6000,3608,0,46579380.000,0,-,-,-,-,3879.2000,3879.0000,3873.8000,3872.4000,3871.0000,3881.0000,3881.4000,3881.8000,3882.2000,3882.6000,1,1,1,5,1,1,1,1,2,1
SF,IF2006,2019-11-22 09:36:57.400,3880.6000,3608,0,46579380.000,0,-,-,-,-,3879.2000,3879.0000,3873.8000,3872.4000,3871.0000,3881.4000,3881.8000,3882.2000,3882.6000,3884.2000,1,1,1,5,1,1,1,2,1,1
SF,IF2006,2019-11-22 09:36:57.900,3880.6000,3608,0,46579380.000,0,-,-,-,-,3879.2000,3879.0000,3873.8000,3872.4000,3871.0000,3881.2000,3881.4000,3881.8000,3882.2000,3882.6000,1,1,1,5,1,1,1,1,2,1
SF,IF2006,2019-11-22 09:36:58.900,3880.6000,3608,0,46579380.000,0,-,-,-,-,3879.2000,3879.0000,3873.8000,3872.4000,3871.0000,3881.2000,3881.4000,3881.8000,3882.2000,3882.6000,1,1,1,5,1,1,1,1,2,1
SF,IF2006,2019-11-22 09:36:59.400,3880.6000,3608,0,46579380.000,0,-,-,-,-,3879.2000,3879.0000,3873.8000,3872.4000,3871.0000,3881.2000,3881.8000,3882.2000,3882.6000,3884.2000,1,1,1,5,1,1,1,2,1,1
SF,IF2006,2019-11-22 09:36:59.900,3880.6000,3608,0,46579380.000,0,-,-,-,-,3879.6000,3879.2000,3879.0000,3873.8000,3872.4000,3881.2000,3881.8000,3882.2000,3882.6000,3884.2000,1,1,1,1,5,1,1,2,1,1
SF,IF2006,2019-11-22 09:37:00.400,3880.6000,3608,0,46579380.000,0,-,-,-,-,3879.6000,3879.0000,3873.8000,3872.4000,3871.0000,3881.2000,3881.8000,3882.2000,3882.6000,3884.2000,1,1,1,5,1,1,1,2,1,1
SF,IF2006,2019-11-22 09:37:01.400,3880.6000,3608,0,46579380.000,0,-,-,-,-,3879.6000,3879.0000,3873.8000,3872.4000,3871.0000,3881.2000,3881.8000,3882.2000,3882.6000,3884.2000,1,1,1,5,1,1,1,2,1,1
SF,IF2006,2019-11-22 09:37:01.900,3880.6000,3608,0,46579380.000,0,-,-,-,-,3879.8000,3879.6000,3879.0000,3873.8000,3872.4000,3881.2000,3881.8000,3882.2000,3882.6000,3884.2000,1,1,1,1,5,1,1,2,1,1
SF,IF2006,2019-11-22 09:37:07.400,3880.6000,3608,0,46579380.000,0,-,-,-,-,3879.8000,3879.6000,3879.0000,3873.8000,3872.4000,3881.2000,3882.2000,3882.6000,3884.2000,3884.8000,1,1,1,1,5,1,1,1,1,1
SF,IF2006,2019-11-22 09:37:08.400,3880.6000,3608,0,46579380.000,0,-,-,-,-,3879.8000,3879.6000,3879.0000,3873.8000,3872.4000,3881.2000,3882.2000,3882.6000,3884.2000,3884.8000,1,1,1,1,5,1,1,1,1,1
SF,IF2006,2019-11-22 09:37:19.900,3879.8000,3607,-1,47743320.000,1,0,1,双平,S,3879.6000,3879.0000,3877.8000,3873.8000,3872.4000,3881.0000,3881.2000,3882.2000,3882.6000,3884.2000,1,1,1,1,5,2,1,1,1,1
SF,IF2006,2019-11-22 09:37:20.400,3879.8000,3607,0,47743320.000,0,-,-,-,-,3879.0000,3873.8000,3872.4000,3871.0000,3855.0000,3880.8000,3881.0000,3882.2000,3882.6000,3884.2000,1,1,5,1,2,3,1,1,1,1
SF,IF2006,2019-11-22 09:37:25.400,3879.8000,3607,0,47743320.000,0,-,-,-,-,3879.0000,3873.8000,3872.4000,3871.0000,3855.0000,3880.8000,3882.2000,3882.6000,3884.2000,3884.8000,1,1,5,1,2,3,1,1,1,1
SF,IF2006,2019-11-22 09:37:25.900,3879.8000,3607,0,47743320.000,0,-,-,-,-,3879.0000,3873.8000,3872.4000,3871.0000,3855.0000,3880.8000,3882.2000,3882.6000,3884.2000,3884.8000,1,1,5,1,2,2,1,1,1,1
SF,IF2006,2019-11-22 09:37:26.400,3879.8000,3607,0,47743320.000,0,-,-,-,-,3879.2000,3879.0000,3873.8000,3872.4000,3871.0000,3880.8000,3882.2000,3882.6000,3884.2000,3884.8000,1,1,1,5,1,2,1,1,1,1
SF,IF2006,2019-11-22 09:37:26.900,3879.8000,3607,0,47743320.000,0,-,-,-,-,3879.0000,3873.8000,3872.4000,3871.0000,3855.0000,3880.8000,3882.2000,3882.6000,3884.2000,3884.8000,1,1,5,1,2,2,1,1,1,1
SF,IF2006,2019-11-22 09:37:28.900,3879.8000,3607,0,47743320.000,0,-,-,-,-,3879.2000,3879.0000,3873.8000,3872.4000,3871.0000,3880.8000,3882.2000,3882.6000,3884.2000,3884.8000,1,1,1,5,1,2,1,1,1,1
SF,IF2006,2019-11-22 09:37:29.400,3879.8000,3607,0,47743320.000,0,-,-,-,-,3879.4000,3879.2000,3879.0000,3873.8000,3872.4000,3880.8000,3882.2000,3882.6000,3884.2000,3884.8000,1,1,1,1,5,2,1,1,1,1
SF,IF2006,2019-11-22 09:37:30.900,3879.8000,3607,0,47743320.000,0,-,-,-,-,3880.2000,3879.4000,3879.2000,3879.0000,3873.8000,3880.8000,3882.2000,3882.6000,3884.2000,3884.8000,1,1,1,1,1,2,1,1,1,1
SF,IF2006,2019-11-22 09:37:31.400,3880.2000,3606,-1,48907380.000,1,0,1,双平,S,3879.4000,3879.2000,3879.0000,3873.8000,3872.4000,3880.8000,3882.2000,3882.6000,3884.2000,3884.8000,1,1,1,1,5,2,1,1,1,1
SF,IF2006,2019-11-22 09:37:32.900,3880.2000,3606,0,48907380.000,0,-,-,-,-,3879.4000,3879.2000,3879.0000,3873.8000,3872.4000,3880.4000,3880.8000,3882.2000,3882.6000,3884.2000,1,1,1,1,5,1,2,1,1,1
SF,IF2006,2019-11-22 09:37:33.400,3880.2000,3606,0,48907380.000,0,-,-,-,-,3879.0000,3873.8000,3872.4000,3871.0000,3855.0000,3880.4000,3882.2000,3882.6000,3884.2000,3884.8000,1,1,5,1,2,1,1,1,1,1
SF,IF2006,2019-11-22 09:37:36.400,3880.2000,3606,0,48907380.000,0,-,-,-,-,3879.0000,3873.8000,3872.4000,3871.0000,3855.0000,3882.2000,3882.6000,3884.2000,3884.8000,3885.0000,1,1,5,1,2,1,1,1,1,1
