市场代码,合约代码,时间,最新,持仓,增仓,成交额,成交量,开仓,平仓,成交类型,方向,买一价,买二价,买三价,买四价,买五价,卖一价,卖二价,卖三价,卖四价,卖五价,买一量,买二量,买三量,买四量,买五量,卖一量,卖二量,卖三量,卖四量,卖五量
SF,IF2007,2020-05-19 09:29:00.400,3877.6000,1851,0,4653120.000,4.000,-,-,-,-,3877.4000,3875.6000,3875.2000,3871.0000,3870.4000,3883.0000,3885.0000,3889.8000,3891.4000,3894.4000,1,1,3,1,1,1,1,1,4,1
SF,IF2007,2020-05-19 09:30:00.400,3877.4000,1852,1,8142780.000,3,2,1,空开,S,3875.2000,3871.0000,3870.4000,3868.4000,3865.6000,3882.8000,3883.0000,3885.0000,3887.0000,3889.8000,3,1,1,1,4,6,1,1,2,1
SF,IF2007,2020-05-19 09:30:00.900,3876.2000,1851,-1,9305640.000,1,0,1,双平,S,3875.4000,3868.4000,3865.8000,3865.6000,3865.4000,3881.6000,3882.6000,3882.8000,3883.0000,3885.0000,4,1,2,4,1,1,1,5,1,1
SF,IF2007,2020-05-19 09:30:01.400,3876.2000,1851,0,9305640.000,0,-,-,-,-,3875.6000,3875.4000,3875.2000,3868.4000,3865.8000,3877.4000,3881.4000,3881.6000,3882.6000,3882.8000,1,4,1,1,2,1,4,1,1,1
SF,IF2007,2020-05-19 09:30:01.900,3877.4000,1851,0,10468860.000,1,0,1,多换,S,3877.8000,3877.6000,3875.8000,3875.6000,3875.2000,3881.4000,3881.6000,3882.8000,3883.0000,3885.0000,2,1,4,1,1,3,1,1,1,6
SF,IF2007,2020-05-19 09:30:02.400,3877.4000,1850,-1,11632080.000,1,0,1,双平,S,3878.0000,3877.8000,3877.6000,3875.8000,3875.4000,3881.4000,3882.8000,3883.0000,3885.0000,3887.0000,4,2,1,1,1,1,1,1,6,2
SF,IF2007,2020-05-19 09:30:02.900,3878.2000,1852,2,16286580.000,4,3,1,空开,S,3878.2000,3878.0000,3877.8000,3877.6000,3875.8000,3882.8000,3883.0000,3885.0000,3887.0000,3889.8000,1,4,2,1,1,1,1,6,2,1
SF,IF2007,2020-05-19 09:30:03.400,3878.2000,1852,0,16286580.000,0,-,-,-,-,3881.6000,3878.8000,3878.4000,3878.2000,3877.8000,3882.6000,3882.8000,3883.0000,3885.0000,3887.0000,1,1,4,1,2,4,1,1,6,2
SF,IF2007,2020-05-19 09:30:03.900,3878.4000,1852,0,19778220.000,3,1,2,多换,S,3878.4000,3877.8000,3877.6000,3877.4000,3877.0000,3881.6000,3882.4000,3882.6000,3882.8000,3883.0000,2,2,1,1,1,2,1,3,1,1
SF,IF2007,2020-05-19 09:30:04.400,3878.4000,1852,0,20941740.000,1,0,1,多换,S,3878.6000,3878.4000,3877.8000,3877.6000,3877.4000,3881.4000,3881.6000,3882.4000,3882.8000,3883.0000,1,3,2,1,1,1,2,1,1,1
SF,IF2007,2020-05-19 09:30:04.900,3881.4000,1854,2,24434940.000,3,2,1,空开,S,3881.4000,3879.0000,3878.8000,3878.6000,3878.4000,3882.4000,3882.8000,3883.0000,3885.0000,3887.0000,10,1,4,1,1,1,1,1,6,2
SF,IF2007,2020-05-19 09:30:05.400,3881.4000,1855,1,27928200.000,3,2,1,空开,S,3881.4000,3879.0000,3878.8000,3878.4000,3877.8000,3882.2000,3882.8000,3883.0000,3885.0000,3887.0000,7,2,6,1,2,2,1,1,6,2
SF,IF2007,2020-05-19 09:30:05.900,3881.4000,1856,1,31421460.000,3,2,1,空开,S,3881.4000,3879.0000,3878.8000,3878.4000,3877.8000,3882.8000,3883.0000,3885.0000,3887.0000,3889.8000,4,2,6,1,2,1,1,6,2,1
SF,IF2007,2020-05-19 09:30:06.400,3879.0000,1857,1,37242840.000,5,3,2,空开,S,3878.8000,3878.4000,3877.8000,3877.6000,3877.4000,3881.4000,3882.6000,3882.8000,3883.0000,3885.0000,6,1,2,1,1,5,3,1,1,6
SF,IF2007,2020-05-19 09:30:06.900,3879.0000,1857,0,37242840.000,0,-,-,-,-,3879.0000,3878.8000,3878.4000,3877.8000,3877.6000,3881.4000,3881.6000,3882.6000,3882.8000,3883.0000,1,6,1,2,1,5,2,4,1,1
SF,IF2007,2020-05-19 09:30:07.400,3881.4000,1856,-1,38407260.000,1,0,1,双平,S,3879.6000,3879.2000,3878.8000,3878.4000,3877.8000,3881.4000,3881.6000,3882.6000,3882.8000,3883.0000,1,4,1,1,2,1,2,4,1,1
SF,IF2007,2020-05-19 09:30:07.900,3881.4000,1856,0,38407260.000,0,-,-,-,-,3879.8000,3879.6000,3879.2000,3878.8000,3878.4000,3881.4000,3881.6000,3882.6000,3882.8000,3883.0000,2,1,3,1,1,1,2,4,1,1
SF,IF2007,2020-05-19 09:30:08.400,3881.4000,1856,0,38407260.000,0,-,-,-,-,3879.8000,3879.6000,3879.2000,3878.8000,3878.4000,3881.4000,3881.6000,3882.6000,3882.8000,3883.0000,3,1,2,1,1,1,2,4,1,1
SF,IF2007,2020-05-19 09:30:08.900,3900.0000,1864,8,69885300.000,27,17,10,空开,S,3880.0000,3879.6000,3879.2000,3878.8000,3878.4000,3890.0000,3900.0000,3902.0000,3915.8000,3947.4000,1,1,2,1,1,2,2,9,1,5
SF,IF2007,2020-05-19 09:30:09.400,3900.0000,1864,0,69885300.000,0,-,-,-,-,3881.0000,3880.2000,3880.0000,3879.6000,3879.2000,3888.8000,3889.8000,3890.0000,3898.8000,3899.6000,1,2,1,1,1,1,4,3,6,1
SF,IF2007,2020-05-19 09:30:09.900,3881.2000,1863,-1,73378380.000,3,1,2,多平,S,3884.0000,3881.0000,3880.0000,3879.2000,3878.8000,3887.4000,3888.6000,3888.8000,3889.8000,3890.0000,2,1,1,1,1,1,3,2,3,2
SF,IF2007,2020-05-19 09:30:10.400,3881.0000,1862,-1,76873080.000,3,1,2,多平,S,3880.0000,3879.2000,3878.8000,3878.4000,3878.0000,3881.0000,3884.0000,3886.8000,3887.2000,3887.4000,1,1,1,1,1,1,1,1,2,2
SF,IF2007,2020-05-19 09:30:10.900,3881.0000,1862,0,78037380.000,1,0,1,多换,S,3881.2000,3880.0000,3878.8000,3878.4000,3878.0000,3884.0000,3886.8000,3887.2000,3887.4000,3888.6000,2,1,1,1,1,1,1,2,2,1
SF,IF2007,2020-05-19 09:30:11.400,3883.8000,1862,0,79202520.000,1,0,1,多换,S,3881.4000,3881.2000,3880.0000,3878.8000,3878.4000,3883.6000,3883.8000,3886.8000,3887.2000,3887.4000,1,1,1,1,1,1,2,1,1,2
SF,IF2007,2020-05-19 09:30:11.900,3883.8000,1862,0,79202520.000,0,-,-,-,-,3881.2000,3880.4000,3880.0000,3878.8000,3878.4000,3883.4000,3883.6000,3883.8000,3885.6000,3886.8000,1,1,1,1,1,4,1,1,1,1
SF,IF2007,2020-05-19 09:30:12.400,3883.8000,1862,0,79202520.000,0,-,-,-,-,3881.2000,3880.4000,3880.0000,3878.8000,3878.4000,3881.4000,3883.2000,3883.4000,3883.6000,3885.6000,1,1,1,1,1,1,1,4,1,1
SF,IF2007,2020-05-19 09:30:12.900,3881.4000,1862,0,81531300.000,2,1,1,多换,S,3880.0000,3878.4000,3877.8000,3877.6000,3870.0000,3883.2000,3883.4000,3885.6000,3886.8000,3887.2000,1,1,1,1,5,2,3,1,1,1
SF,IF2007,2020-05-19 09:30:13.400,3880.2000,1861,-1,82695360.000,1,0,1,双平,S,3880.2000,3880.0000,3878.4000,3877.8000,3877.6000,3883.0000,3883.2000,3883.8000,3885.6000,3886.8000,1,1,1,1,1,2,2,1,1,1
SF,IF2007,2020-05-19 09:30:13.900,3880.2000,1861,0,82695360.000,0,-,-,-,-,3880.2000,3878.4000,3877.8000,3877.6000,3870.0000,3882.8000,3883.0000,3883.2000,3883.6000,3883.8000,1,1,1,1,5,1,3,1,1,1
SF,IF2007,2020-05-19 09:30:14.400,3880.2000,1861,0,82695360.000,0,-,-,-,-,3878.4000,3877.8000,3877.6000,3870.0000,3865.8000,3882.6000,3882.8000,3883.0000,3883.2000,3883.6000,1,1,1,5,2,3,3,1,1,1
SF,IF2007,2020-05-19 09:30:14.900,3880.2000,1861,0,82695360.000,0,-,-,-,-,3878.6000,3878.4000,3877.8000,3877.6000,3870.0000,3882.6000,3882.8000,3883.2000,3883.6000,3883.8000,2,1,1,1,5,3,2,1,1,1
SF,IF2007,2020-05-19 09:30:15.400,3880.2000,1861,0,82695360.000,0,-,-,-,-,3880.6000,3878.8000,3878.6000,3878.4000,3877.8000,3882.4000,3882.6000,3883.2000,3883.6000,3883.8000,1,2,2,1,1,1,4,2,1,1
SF,IF2007,2020-05-19 09:30:15.900,3880.2000,1861,0,83859420.000,1,0,1,多换,S,3878.8000,3878.6000,3878.4000,3877.8000,3877.6000,3882.2000,3882.4000,3882.6000,3883.2000,3883.6000,2,2,1,1,1,2,2,2,1,1
SF,IF2007,2020-05-19 09:30:16.400,3880.2000,1861,0,83859420.000,0,-,-,-,-,3879.0000,3878.8000,3878.4000,3877.8000,3877.6000,3881.4000,3882.0000,3882.2000,3882.4000,3882.6000,2,2,1,1,1,1,1,3,1,1
SF,IF2007,2020-05-19 09:30:16.900,3880.2000,1861,0,83859420.000,0,-,-,-,-,3879.6000,3879.2000,3879.0000,3878.4000,3878.2000,3881.2000,3881.4000,3882.6000,3883.2000,3883.6000,1,1,2,1,1,4,1,1,1,1
SF,IF2007,2020-05-19 09:30:17.400,3880.2000,1861,0,83859420.000,0,-,-,-,-,3879.8000,3879.6000,3879.2000,3879.0000,3878.4000,3880.6000,3881.2000,3881.4000,3882.6000,3883.2000,1,1,1,1,1,1,1,1,1,1
SF,IF2007,2020-05-19 09:30:17.900,3880.2000,1861,0,83859420.000,0,-,-,-,-,3879.2000,3879.0000,3878.4000,3878.2000,3877.8000,3880.0000,3880.6000,3881.2000,3881.4000,3882.6000,1,1,1,1,1,1,1,1,1,1
SF,IF2007,2020-05-19 09:30:18.400,3880.0000,1861,0,85023420.000,1,0,1,多换,S,3880.2000,3879.4000,3879.2000,3878.4000,3878.2000,3880.6000,3881.2000,3882.6000,3883.2000,3883.6000,2,2,1,1,2,1,1,1,1,1
SF,IF2007,2020-05-19 09:30:18.900,3880.2000,1861,0,86187480.000,1,0,1,多换,S,3879.4000,3878.4000,3878.2000,3877.6000,3870.0000,3880.6000,3881.2000,3882.0000,3882.6000,3883.2000,1,1,2,1,5,1,1,1,1,1
SF,IF2007,2020-05-19 09:30:19.400,3880.4000,1862,1,87351600.000,1,1,0,双开,S,3878.4000,3878.2000,3877.6000,3870.0000,3865.8000,3879.2000,3880.6000,3881.2000,3882.0000,3882.6000,1,2,1,5,2,1,2,1,1,1
SF,IF2007,2020-05-19 09:30:19.900,3879.4000,1862,0,88515420.000,1,0,1,多换,S,3878.6000,3878.4000,3878.2000,3877.6000,3870.0000,3880.2000,3880.6000,3881.2000,3882.6000,3883.6000,3,1,2,1,5,1,2,1,1,1
SF,IF2007,2020-05-19 09:30:20.400,3879.4000,1862,0,88515420.000,0,-,-,-,-,3878.6000,3878.4000,3878.2000,3877.6000,3870.0000,3880.2000,3880.6000,3881.2000,3881.4000,3881.6000,3,1,2,1,5,1,2,1,1,1
SF,IF2007,2020-05-19 09:30:20.900,3878.6000,1862,0,89679000.000,1,0,1,多换,S,3878.6000,3878.4000,3878.2000,3878.0000,3877.6000,3880.0000,3880.2000,3880.6000,3881.2000,3881.4000,1,1,2,2,1,1,1,2,1,1
SF,IF2007,2020-05-19 09:30:21.400,3878.6000,1862,0,89679000.000,0,-,-,-,-,3879.0000,3878.6000,3878.4000,3878.2000,3878.0000,3880.0000,3880.2000,3880.6000,3881.2000,3881.4000,1,1,1,1,2,1,1,2,2,1
SF,IF2007,2020-05-19 09:30:21.900,3878.6000,1862,0,89679000.000,0,-,-,-,-,3879.2000,3879.0000,3878.4000,3878.2000,3878.0000,3880.2000,3880.6000,3881.2000,3881.4000,3882.0000,1,1,1,1,2,1,2,2,1,1
SF,IF2007,2020-05-19 09:30:22.400,3878.6000,1862,0,89679000.000,0,-,-,-,-,3879.0000,3878.4000,3878.2000,3878.0000,3877.6000,3880.2000,3880.6000,3881.2000,3881.4000,3882.0000,1,1,1,2,1,1,2,1,1,1
SF,IF2007,2020-05-19 09:30:22.900,3878.6000,1862,0,89679000.000,0,-,-,-,-,3878.4000,3878.2000,3878.0000,3877.6000,3870.0000,3879.0000,3880.0000,3880.2000,3880.6000,3880.8000,1,1,2,1,5,1,2,1,2,1
SF,IF2007,2020-05-19 09:30:23.400,3879.0000,1862,0,90842700.000,1,0,1,多换,S,3879.2000,3878.4000,3878.2000,3878.0000,3877.0000,3880.0000,3880.2000,3880.6000,3880.8000,3881.2000,1,1,1,2,1,1,1,2,1,1
SF,IF2007,2020-05-19 09:30:23.900,3879.0000,1862,0,90842700.000,0,-,-,-,-,3879.2000,3878.4000,3878.2000,3878.0000,3877.0000,3880.2000,3880.6000,3881.2000,3881.4000,3882.0000,1,1,1,2,1,1,2,1,1,1
SF,IF2007,2020-05-19 09:30:24.400,3879.0000,1862,0,90842700.000,0,-,-,-,-,3879.2000,3878.8000,3878.4000,3878.0000,3877.4000,3879.8000,3880.2000,3880.4000,3880.6000,3881.2000,1,1,1,2,1,1,1,1,2,1
SF,IF2007,2020-05-19 09:30:24.900,3879.0000,1862,0,90842700.000,0,-,-,-,-,3879.2000,3878.8000,3878.4000,3878.0000,3877.4000,3879.8000,3880.2000,3880.4000,3880.6000,3881.2000,1,1,1,2,1,1,1,1,2,1
SF,IF2007,2020-05-19 09:30:25.400,3879.0000,1862,0,90842700.000,0,-,-,-,-,3879.2000,3878.8000,3878.4000,3878.0000,3877.4000,3879.8000,3880.0000,3880.2000,3880.6000,3881.2000,1,1,1,2,1,1,3,1,1,1
SF,IF2007,2020-05-19 09:30:25.900,3880.0000,1860,-2,94334640.000,3,0,3,多平,S,3879.2000,3878.8000,3878.4000,3877.4000,3870.0000,3880.0000,3880.2000,3880.6000,3881.2000,3881.4000,1,1,1,1,5,1,1,1,1,1
SF,IF2007,2020-05-19 09:30:26.400,3879.2000,1860,0,95498400.000,1,0,1,多换,S,3878.8000,3878.4000,3877.4000,3870.0000,3865.8000,3880.2000,3880.6000,3881.2000,3881.4000,3882.0000,1,1,1,5,2,1,1,1,1,2
SF,IF2007,2020-05-19 09:30:26.900,3880.0000,1861,1,96662400.000,1,1,0,双开,S,3878.8000,3878.4000,3877.4000,3870.0000,3865.8000,3879.2000,3879.6000,3880.0000,3880.2000,3880.6000,1,1,1,5,2,1,1,1,1,1
SF,IF2007,2020-05-19 09:30:27.400,3880.0000,1861,0,96662400.000,0,-,-,-,-,3878.4000,3877.4000,3870.0000,3865.8000,3863.2000,3879.2000,3879.6000,3880.2000,3880.6000,3881.2000,1,1,5,2,9,1,1,1,1,1
SF,IF2007,2020-05-19 09:30:27.900,3879.2000,1860,-1,97826160.000,1,0,1,双平,S,3878.4000,3877.4000,3870.0000,3865.8000,3863.2000,3880.2000,3880.6000,3881.2000,3881.4000,3882.0000,1,1,5,2,9,1,1,1,1,2
SF,IF2007,2020-05-19 09:30:28.400,3879.2000,1860,0,97826160.000,0,-,-,-,-,3878.4000,3870.0000,3865.8000,3863.2000,3859.0000,3879.2000,3880.0000,3880.2000,3880.6000,3882.0000,1,5,2,9,5,1,3,1,1,2
SF,IF2007,2020-05-19 09:30:28.900,3879.2000,1860,0,97826160.000,0,-,-,-,-,3878.6000,3878.4000,3870.0000,3865.8000,3863.2000,3879.2000,3880.0000,3880.2000,3880.6000,3882.0000,1,1,5,2,9,1,1,1,1,2
SF,IF2007,2020-05-19 09:30:29.400,3879.2000,1860,0,97826160.000,0,-,-,-,-,3878.6000,3878.4000,3870.0000,3865.8000,3863.2000,3878.8000,3880.2000,3880.6000,3882.0000,3882.6000,1,1,5,2,9,1,1,1,2,1
SF,IF2007,2020-05-19 09:30:30.400,3879.2000,1860,0,97826160.000,0,-,-,-,-,3878.6000,3878.4000,3870.0000,3865.8000,3863.2000,3879.6000,3880.2000,3880.6000,3882.0000,3882.6000,1,1,5,2,9,1,1,1,2,1
SF,IF2007,2020-05-19 09:30:30.900,3878.4000,1861,1,98989680.000,1,1,0,双开,S,3870.0000,3865.8000,3863.2000,3859.0000,3851.0000,3879.6000,3880.2000,3880.6000,3882.0000,3882.6000,5,2,9,5,5,1,1,1,2,1
SF,IF2007,2020-05-19 09:30:31.400,3878.4000,1861,0,98989680.000,0,-,-,-,-,3875.2000,3870.2000,3870.0000,3865.8000,3863.2000,3879.4000,3879.6000,3880.2000,3880.6000,3882.0000,1,4,6,2,9,1,1,1,1,2
SF,IF2007,2020-05-19 09:30:31.900,3879.2000,1861,0,100153440.000,1,0,1,多换,S,3876.6000,3876.0000,3875.2000,3870.2000,3870.0000,3879.4000,3879.6000,3880.2000,3880.6000,3882.0000,1,1,1,5,6,1,1,1,1,2
SF,IF2007,2020-05-19 09:30:32.400,3879.2000,1861,0,100153440.000,0,-,-,-,-,3876.6000,3876.0000,3875.2000,3874.0000,3870.2000,3879.4000,3879.6000,3880.2000,3880.6000,3882.0000,1,1,1,1,4,1,1,1,1,2
SF,IF2007,2020-05-19 09:30:32.900,3879.2000,1861,0,100153440.000,0,-,-,-,-,3876.6000,3876.0000,3875.2000,3874.0000,3870.2000,3878.6000,3879.6000,3880.2000,3880.6000,3882.0000,1,1,1,1,4,1,1,1,1,2
SF,IF2007,2020-05-19 09:30:33.400,3877.2000,1860,-1,102480180.000,2,0,2,多平,S,3876.8000,3876.6000,3875.2000,3874.0000,3870.2000,3878.2000,3879.6000,3880.2000,3880.6000,3882.0000,1,1,1,1,4,1,1,1,1,2
SF,IF2007,2020-05-19 09:30:33.900,3878.2000,1860,0,103643640.000,1,0,1,多换,S,3877.0000,3876.8000,3876.6000,3875.2000,3874.0000,3879.6000,3880.2000,3880.6000,3882.0000,3882.6000,1,1,1,1,1,1,1,1,2,1
SF,IF2007,2020-05-19 09:30:34.400,3878.2000,1860,0,103643640.000,0,-,-,-,-,3877.0000,3876.8000,3875.2000,3874.0000,3870.2000,3879.6000,3880.2000,3880.6000,3882.0000,3882.6000,1,1,1,1,4,1,1,1,2,1
SF,IF2007,2020-05-19 09:30:34.900,3878.2000,1860,0,103643640.000,0,-,-,-,-,3877.4000,3877.2000,3877.0000,3876.8000,3875.2000,3879.6000,3880.2000,3880.6000,3882.0000,3882.6000,1,1,1,1,1,1,1,1,2,1
SF,IF2007,2020-05-19 09:30:35.400,3879.6000,1864,4,109462740.000,5,4,1,空开,S,3879.6000,3877.4000,3877.2000,3877.0000,3876.8000,3880.2000,3880.6000,3882.0000,3882.6000,3883.0000,8,1,2,1,1,1,1,2,1,1
SF,IF2007,2020-05-19 09:30:35.900,3879.6000,1864,0,114118260.000,4,2,2,多换,S,3879.6000,3877.4000,3877.2000,3877.0000,3876.8000,3880.2000,3880.6000,3882.0000,3882.6000,3883.0000,4,1,2,1,1,1,1,2,1,1
SF,IF2007,2020-05-19 09:30:36.400,3879.6000,1867,3,118773780.000,4,3,1,空开,S,3877.4000,3877.0000,3876.8000,3875.2000,3874.8000,3879.0000,3880.2000,3880.6000,3882.0000,3882.6000,1,1,1,1,1,1,1,1,2,1
SF,IF2007,2020-05-19 09:30:36.900,3879.6000,1867,0,118773780.000,0,-,-,-,-,3877.4000,3877.0000,3876.8000,3875.2000,3874.8000,3879.0000,3880.2000,3880.6000,3882.0000,3882.6000,1,1,1,1,1,1,1,1,2,1
SF,IF2007,2020-05-19 09:30:37.400,3879.2000,1868,1,119937540.000,1,1,0,双开,S,3877.4000,3877.0000,3876.8000,3875.2000,3874.8000,3880.2000,3880.6000,3882.0000,3882.6000,3883.0000,1,1,1,1,1,1,1,2,1,1
SF,IF2007,2020-05-19 09:30:37.900,3879.2000,1868,0,119937540.000,0,-,-,-,-,3877.6000,3877.4000,3876.8000,3875.2000,3874.8000,3880.0000,3880.2000,3880.6000,3882.0000,3882.6000,1,1,1,1,1,1,1,1,2,1
SF,IF2007,2020-05-19 09:30:38.400,3879.2000,1868,0,119937540.000,0,-,-,-,-,3877.6000,3877.4000,3876.8000,3875.2000,3874.8000,3879.0000,3879.4000,3880.0000,3880.2000,3880.6000,1,1,1,1,1,1,1,2,1,1
SF,IF2007,2020-05-19 09:30:38.900,3879.0000,1866,-2,122264940.000,2,0,2,双平,S,3877.8000,3877.6000,3877.4000,3876.8000,3875.2000,3879.4000,3880.0000,3880.2000,3880.6000,3882.0000,1,1,1,1,1,1,2,1,1,2
SF,IF2007,2020-05-19 09:30:39.400,3879.0000,1866,0,122264940.000,0,-,-,-,-,3877.8000,3877.6000,3877.4000,3876.8000,3875.2000,3879.4000,3880.0000,3880.2000,3880.6000,3882.0000,1,1,1,1,1,1,1,1,1,2
SF,IF2007,2020-05-19 09:30:39.900,3879.0000,1866,0,122264940.000,0,-,-,-,-,3877.8000,3877.6000,3876.8000,3875.2000,3874.8000,3879.4000,3880.0000,3880.2000,3880.6000,3882.0000,1,1,1,1,1,1,1,1,1,2
SF,IF2007,2020-05-19 09:30:40.400,3879.0000,1866,0,122264940.000,0,-,-,-,-,3876.8000,3875.2000,3874.8000,3874.0000,3870.2000,3878.8000,3879.4000,3880.0000,3880.2000,3880.6000,1,1,1,1,1,1,1,1,1,1
SF,IF2007,2020-05-19 09:30:40.900,3877.6000,1866,0,124591860.000,2,1,1,多换,S,3878.0000,3877.0000,3876.8000,3875.2000,3874.8000,3879.4000,3880.0000,3880.2000,3880.6000,3882.0000,1,1,1,1,1,2,1,1,1,2
SF,IF2007,2020-05-19 09:30:41.400,3877.6000,1866,0,124591860.000,0,-,-,-,-,3878.0000,3877.0000,3876.8000,3875.2000,3874.8000,3879.2000,3879.4000,3880.0000,3880.2000,3880.6000,1,1,1,1,1,1,2,1,1,1
SF,IF2007,2020-05-19 09:30:41.900,3879.4000,1864,-2,126919440.000,2,0,2,双平,S,3878.2000,3876.8000,3875.2000,3874.8000,3870.2000,3879.4000,3880.0000,3880.2000,3880.6000,3882.0000,2,1,1,1,1,1,1,1,1,2
SF,IF2007,2020-05-19 09:30:42.400,3879.4000,1864,0,126919440.000,0,-,-,-,-,3878.2000,3876.8000,3875.2000,3874.8000,3870.2000,3879.4000,3880.0000,3880.2000,3880.6000,3881.8000,2,3,1,1,1,1,1,1,1,1
SF,IF2007,2020-05-19 09:30:42.900,3879.4000,1864,0,126919440.000,0,-,-,-,-,3878.2000,3876.8000,3875.2000,3874.8000,3870.2000,3879.4000,3880.0000,3880.2000,3880.6000,3881.8000,1,3,1,1,1,1,1,1,1,1
SF,IF2007,2020-05-19 09:30:43.400,3879.4000,1864,0,126919440.000,0,-,-,-,-,3878.2000,3876.8000,3875.2000,3874.8000,3870.2000,3879.2000,3879.4000,3880.0000,3880.2000,3880.6000,1,3,1,1,1,1,1,1,1,1
SF,IF2007,2020-05-19 09:30:43.900,3879.4000,1864,0,126919440.000,0,-,-,-,-,3878.2000,3876.8000,3875.2000,3874.8000,3870.2000,3879.4000,3880.0000,3880.2000,3880.6000,3881.8000,1,3,1,1,1,1,1,1,1,1
SF,IF2007,2020-05-19 09:30:44.400,3878.2000,1863,-1,128082900.000,1,0,1,双平,S,3876.8000,3875.2000,3874.8000,3870.2000,3870.0000,3879.2000,3879.4000,3880.0000,3880.2000,3880.6000,3,1,1,1,6,1,1,1,1,1
SF,IF2007,2020-05-19 09:30:44.900,3879.0000,1863,0,129246600.000,1,0,1,多换,S,3877.0000,3876.8000,3875.2000,3874.8000,3870.2000,3879.2000,3879.4000,3880.0000,3880.2000,3880.6000,2,3,1,1,1,1,2,1,1,1
SF,IF2007,2020-05-19 09:30:45.400,3879.0000,1863,0,129246600.000,0,-,-,-,-,3877.0000,3876.8000,3875.2000,3874.8000,3870.2000,3879.2000,3879.4000,3880.0000,3880.2000,3880.6000,1,3,1,1,1,1,2,1,1,1
SF,IF2007,2020-05-19 09:30:45.900,3879.0000,1863,0,129246600.000,0,-,-,-,-,3877.0000,3876.8000,3875.2000,3874.8000,3870.2000,3879.2000,3879.4000,3880.0000,3880.2000,3880.6000,1,3,1,1,1,1,2,1,1,1
SF,IF2007,2020-05-19 09:30:46.400,3879.0000,1863,0,129246600.000,0,-,-,-,-,3877.2000,3877.0000,3876.8000,3875.2000,3874.8000,3879.4000,3880.0000,3880.2000,3880.6000,3881.8000,1,1,3,1,1,1,1,1,1,1
SF,IF2007,2020-05-19 09:30:46.900,3879.0000,1863,0,129246600.000,0,-,-,-,-,3877.4000,3877.2000,3876.8000,3875.2000,3874.8000,3879.2000,3879.4000,3880.0000,3880.2000,3880.6000,2,1,3,1,1,1,1,1,1,1
SF,IF2007,2020-05-19 09:30:47.400,3879.0000,1863,0,129246600.000,0,-,-,-,-,3877.6000,3877.4000,3876.8000,3875.2000,3874.8000,3879.2000,3879.4000,3880.0000,3880.2000,3880.6000,1,2,3,1,1,1,1,1,1,1
SF,IF2007,2020-05-19 09:30:47.900,3879.0000,1863,0,129246600.000,0,-,-,-,-,3877.8000,3877.6000,3877.4000,3876.8000,3876.0000,3879.2000,3879.4000,3880.0000,3880.2000,3880.6000,1,1,2,3,1,1,1,1,1,1
SF,IF2007,2020-05-19 09:30:48.400,3878.0000,1862,-1,130410000.000,1,0,1,双平,S,3877.8000,3877.4000,3876.8000,3876.0000,3875.2000,3879.2000,3879.4000,3880.0000,3880.2000,3880.6000,1,2,3,1,1,1,1,1,1,1
SF,IF2007,2020-05-19 09:30:48.900,3879.2000,1863,1,131573760.000,1,1,0,双开,S,3877.8000,3877.4000,3876.8000,3876.0000,3875.2000,3879.4000,3880.0000,3880.2000,3880.6000,3881.8000,1,2,2,1,1,1,1,1,1,1
SF,IF2007,2020-05-19 09:30:49.900,3879.2000,1863,0,131573760.000,0,-,-,-,-,3877.8000,3877.4000,3876.8000,3876.0000,3875.2000,3879.4000,3880.0000,3880.2000,3880.6000,3881.8000,1,1,2,1,1,1,1,1,1,1
SF,IF2007,2020-05-19 09:30:50.400,3879.2000,1863,0,131573760.000,0,-,-,-,-,3877.4000,3876.2000,3876.0000,3875.2000,3874.8000,3879.4000,3880.0000,3880.2000,3880.6000,3881.8000,1,2,1,1,1,1,1,1,1,1
SF,IF2007,2020-05-19 09:30:50.900,3879.2000,1863,0,131573760.000,0,-,-,-,-,3877.6000,3877.4000,3876.2000,3876.0000,3875.2000,3879.4000,3880.0000,3880.2000,3880.6000,3881.8000,1,1,2,1,1,1,1,1,1,1
SF,IF2007,2020-05-19 09:30:51.900,3879.2000,1863,0,131573760.000,0,-,-,-,-,3877.6000,3877.4000,3876.2000,3876.0000,3875.2000,3879.4000,3880.0000,3880.6000,3881.8000,3882.0000,1,1,2,1,1,1,1,1,1,2
SF,IF2007,2020-05-19 09:30:52.400,3879.2000,1863,0,131573760.000,0,-,-,-,-,3877.4000,3876.2000,3876.0000,3875.2000,3874.8000,3879.2000,3879.4000,3880.0000,3880.6000,3881.8000,1,2,1,1,1,1,1,1,1,1
SF,IF2007,2020-05-19 09:30:52.900,3879.2000,1863,0,131573760.000,0,-,-,-,-,3877.8000,3877.6000,3877.4000,3876.2000,3876.0000,3879.4000,3880.0000,3880.6000,3881.8000,3882.0000,1,1,1,2,1,1,1,1,1,2
SF,IF2007,2020-05-19 09:30:53.400,3879.2000,1863,0,131573760.000,0,-,-,-,-,3877.8000,3877.4000,3876.2000,3876.0000,3875.2000,3879.2000,3879.4000,3880.0000,3880.6000,3881.8000,1,1,2,1,1,1,1,1,1,1
SF,IF2007,2020-05-19 09:30:53.900,3879.2000,1863,0,131573760.000,0,-,-,-,-,3877.4000,3876.2000,3876.0000,3875.2000,3874.8000,3879.2000,3879.4000,3880.0000,3880.6000,3881.8000,1,2,1,1,1,1,1,1,1,1
SF,IF2007,2020-05-19 09:30:54.400,3879.2000,1863,0,131573760.000,0,-,-,-,-,3877.6000,3877.4000,3876.2000,3876.0000,3875.2000,3879.4000,3880.0000,3880.6000,3881.8000,3882.0000,1,1,2,1,1,1,1,1,1,2
SF,IF2007,2020-05-19 09:30:54.900,3879.2000,1863,0,131573760.000,0,-,-,-,-,3878.0000,3877.6000,3877.4000,3876.2000,3876.0000,3879.4000,3880.0000,3880.6000,3881.0000,3881.8000,1,1,1,2,1,1,1,1,1,1
SF,IF2007,2020-05-19 09:30:55.400,3879.2000,1863,0,131573760.000,0,-,-,-,-,3878.2000,3878.0000,3877.4000,3876.0000,3875.2000,3879.4000,3880.0000,3880.6000,3881.0000,3881.8000,2,1,1,1,1,1,1,1,1,1
SF,IF2007,2020-05-19 09:30:55.900,3878.2000,1862,-1,132737220.000,1,0,1,双平,S,3878.0000,3877.4000,3876.0000,3875.2000,3874.8000,3879.2000,3879.4000,3880.0000,3880.6000,3881.0000,1,1,1,1,1,1,1,1,1,1
SF,IF2007,2020-05-19 09:30:56.900,3878.2000,1862,0,132737220.000,0,-,-,-,-,3878.0000,3877.4000,3876.0000,3875.2000,3874.8000,3879.0000,3879.2000,3879.4000,3880.0000,3880.6000,1,1,1,1,1,1,1,1,1,1
SF,IF2007,2020-05-19 09:30:57.400,3878.2000,1862,0,132737220.000,0,-,-,-,-,3878.0000,3876.0000,3875.2000,3874.8000,3870.2000,3879.0000,3879.4000,3880.0000,3880.6000,3881.0000,1,1,1,1,1,1,1,1,1,1
SF,IF2007,2020-05-19 09:30:57.900,3878.2000,1862,0,132737220.000,0,-,-,-,-,3878.4000,3878.0000,3876.0000,3875.2000,3874.8000,3879.0000,3879.4000,3880.0000,3880.6000,3881.0000,1,1,1,1,1,1,1,1,1,1
SF,IF2007,2020-05-19 09:30:58.400,3878.2000,1862,0,132737220.000,0,-,-,-,-,3878.4000,3878.0000,3876.0000,3875.2000,3874.8000,3879.0000,3879.4000,3880.0000,3880.6000,3881.0000,1,1,1,1,1,1,1,1,1,1
SF,IF2007,2020-05-19 09:30:59.400,3878.2000,1862,0,132737220.000,0,-,-,-,-,3878.4000,3878.0000,3876.0000,3875.2000,3874.8000,3879.0000,3879.4000,3880.0000,3880.6000,3881.0000,1,1,1,1,1,1,1,1,1,1
SF,IF2007,2020-05-19 09:30:59.900,3878.4000,1862,0,133900740.000,1,0,1,多换,S,3878.0000,3876.0000,3875.2000,3874.8000,3870.2000,3879.0000,3879.4000,3880.0000,3880.6000,3881.0000,1,1,1,1,1,1,1,1,1,1
SF,IF2007,2020-05-19 09:31:00.400,3878.4000,1862,0,133900740.000,0,-,-,-,-,3878.4000,3878.0000,3876.0000,3875.2000,3874.8000,3879.0000,3879.4000,3880.0000,3880.6000,3881.0000,1,1,1,1,1,1,1,1,1,1
SF,IF2007,2020-05-19 09:31:00.900,3878.4000,1862,0,133900740.000,0,-,-,-,-,3878.4000,3878.0000,3876.0000,3875.2000,3874.8000,3879.0000,3879.4000,3880.0000,3880.6000,3881.0000,1,1,1,1,1,1,1,1,1,1
SF,IF2007,2020-05-19 09:31:01.400,3878.4000,1862,0,133900740.000,0,-,-,-,-,3878.4000,3878.0000,3876.0000,3875.2000,3874.8000,3879.4000,3880.0000,3880.6000,3881.0000,3881.8000,1,1,1,1,1,1,1,1,1,1
SF,IF2007,2020-05-19 09:31:01.900,3878.4000,1862,0,133900740.000,0,-,-,-,-,3878.4000,3878.0000,3876.0000,3875.2000,3874.8000,3879.4000,3880.0000,3880.6000,3881.0000,3881.8000,1,1,1,1,1,1,1,1,1,1
SF,IF2007,2020-05-19 09:31:02.400,3878.4000,1862,0,133900740.000,0,-,-,-,-,3879.0000,3878.0000,3876.0000,3875.2000,3874.8000,3879.4000,3880.0000,3880.6000,3881.0000,3881.8000,1,1,1,1,1,1,1,1,1,1
SF,IF2007,2020-05-19 09:31:02.900,3879.4000,1861,-1,135064560.000,1,0,1,双平,S,3879.6000,3879.0000,3878.0000,3876.0000,3875.2000,3880.0000,3880.6000,3881.0000,3881.8000,3882.0000,1,1,1,1,1,1,1,1,1,2
SF,IF2007,2020-05-19 09:31:03.400,3879.4000,1861,0,135064560.000,0,-,-,-,-,3879.0000,3878.0000,3876.0000,3875.2000,3874.8000,3880.0000,3880.6000,3881.0000,3881.8000,3882.0000,1,1,1,1,1,1,1,1,1,2
SF,IF2007,2020-05-19 09:31:03.900,3879.4000,1861,0,135064560.000,0,-,-,-,-,3879.0000,3878.0000,3876.0000,3875.2000,3874.8000,3880.0000,3880.6000,3881.0000,3881.8000,3882.0000,1,1,1,1,1,1,1,1,1,2
SF,IF2007,2020-05-19 09:31:04.900,3879.4000,1861,0,135064560.000,0,-,-,-,-,3879.8000,3879.0000,3878.0000,3876.0000,3874.8000,3880.0000,3880.6000,3881.0000,3881.8000,3882.0000,1,1,1,1,1,1,1,1,1,2
SF,IF2007,2020-05-19 09:31:05.900,3880.0000,1860,-1,136228560.000,1,0,1,双平,S,3879.8000,3878.0000,3876.0000,3874.8000,3870.2000,3880.6000,3881.0000,3881.6000,3881.8000,3882.0000,1,1,1,1,1,1,1,1,1,2
SF,IF2007,2020-05-19 09:31:06.900,3880.0000,1860,0,136228560.000,0,-,-,-,-,3879.8000,3878.0000,3876.0000,3874.8000,3870.2000,3880.6000,3881.0000,3881.8000,3882.0000,3884.2000,1,1,1,1,1,1,1,1,2,1
SF,IF2007,2020-05-19 09:31:08.900,3880.6000,1860,0,137392740.000,1,0,1,多换,S,3880.0000,3879.8000,3878.0000,3876.0000,3874.8000,3881.0000,3881.8000,3882.0000,3884.2000,3885.8000,1,1,1,1,1,1,1,2,1,2
SF,IF2007,2020-05-19 09:31:10.400,3881.0000,1859,-1,138557040.000,1,0,1,双平,S,3880.0000,3879.8000,3878.0000,3876.0000,3874.8000,3881.8000,3882.0000,3884.2000,3885.8000,3887.0000,1,1,1,1,1,1,2,1,2,3
SF,IF2007,2020-05-19 09:31:10.900,3881.0000,1859,0,138557040.000,0,-,-,-,-,3880.2000,3880.0000,3879.8000,3878.0000,3876.0000,3881.8000,3882.0000,3884.2000,3885.8000,3887.0000,1,1,1,1,1,1,2,1,2,3
SF,IF2007,2020-05-19 09:31:11.400,3881.0000,1859,0,138557040.000,0,-,-,-,-,3880.2000,3880.0000,3879.8000,3878.0000,3876.0000,3881.8000,3882.0000,3885.8000,3887.0000,3888.4000,1,1,1,1,1,1,2,2,3,9
SF,IF2007,2020-05-19 09:31:11.900,3881.0000,1859,0,138557040.000,0,-,-,-,-,3880.6000,3880.2000,3879.8000,3878.0000,3876.0000,3881.8000,3882.0000,3885.8000,3887.0000,3888.4000,1,1,1,1,1,1,2,2,3,9
SF,IF2007,2020-05-19 09:31:12.400,3881.0000,1859,0,138557040.000,0,-,-,-,-,3880.8000,3880.6000,3880.4000,3879.8000,3878.0000,3882.0000,3884.2000,3885.8000,3887.0000,3888.4000,1,1,2,1,1,2,1,2,3,9
SF,IF2007,2020-05-19 09:31:12.900,3882.0000,1857,-2,140886240.000,2,0,2,双平,S,3880.8000,3880.6000,3880.4000,3879.8000,3878.0000,3884.2000,3885.8000,3887.0000,3888.4000,3889.2000,1,1,2,1,1,1,2,3,9,1
SF,IF2007,2020-05-19 09:31:13.400,3882.0000,1857,0,140886240.000,0,-,-,-,-,3881.0000,3880.8000,3880.6000,3880.4000,3879.8000,3884.0000,3884.2000,3885.8000,3887.0000,3888.4000,1,1,1,1,1,1,1,2,3,9
SF,IF2007,2020-05-19 09:31:13.900,3882.0000,1857,0,140886240.000,0,-,-,-,-,3881.8000,3881.4000,3881.2000,3881.0000,3880.4000,3884.0000,3884.2000,3885.8000,3887.0000,3888.4000,1,1,1,1,1,1,1,2,3,9
SF,IF2007,2020-05-19 09:31:14.400,3882.0000,1857,0,140886240.000,0,-,-,-,-,3882.0000,3881.8000,3881.4000,3881.2000,3879.8000,3884.0000,3884.2000,3885.8000,3887.0000,3889.2000,1,1,2,2,1,1,1,2,3,1
SF,IF2007,2020-05-19 09:31:14.900,3882.0000,1857,0,140886240.000,0,-,-,-,-,3882.0000,3881.8000,3881.4000,3881.2000,3879.8000,3883.4000,3884.0000,3884.2000,3889.2000,3889.4000,1,1,2,2,1,1,1,1,1,5
SF,IF2007,2020-05-19 09:31:15.400,3882.0000,1857,0,140886240.000,0,-,-,-,-,3882.2000,3881.8000,3881.4000,3881.2000,3879.8000,3883.4000,3884.0000,3884.2000,3889.2000,3889.4000,2,1,1,2,1,1,1,1,1,5
SF,IF2007,2020-05-19 09:31:15.900,3882.0000,1857,0,140886240.000,0,-,-,-,-,3882.2000,3881.8000,3881.4000,3881.2000,3879.8000,3883.4000,3884.0000,3884.2000,3889.2000,3889.4000,2,1,1,1,1,1,1,1,1,5
SF,IF2007,2020-05-19 09:31:16.400,3882.0000,1857,0,140886240.000,0,-,-,-,-,3881.8000,3881.4000,3881.2000,3879.8000,3878.0000,3883.4000,3884.0000,3886.4000,3889.2000,3889.4000,1,1,1,1,1,1,1,1,1,5
SF,IF2007,2020-05-19 09:31:16.900,3882.0000,1857,0,140886240.000,0,-,-,-,-,3881.4000,3881.2000,3879.8000,3878.0000,3876.0000,3883.4000,3884.0000,3886.4000,3889.2000,3889.4000,1,1,1,1,1,1,1,1,1,5
SF,IF2007,2020-05-19 09:31:17.400,3882.0000,1857,0,140886240.000,0,-,-,-,-,3881.6000,3881.4000,3879.8000,3878.0000,3876.0000,3883.4000,3884.0000,3886.4000,3889.2000,3889.4000,1,1,1,1,1,1,1,1,1,5
SF,IF2007,2020-05-19 09:31:17.900,3882.0000,1857,0,140886240.000,0,-,-,-,-,3879.8000,3878.0000,3876.0000,3870.2000,3870.0000,3881.8000,3883.2000,3883.4000,3886.4000,3889.2000,1,1,1,1,6,1,2,1,1,1
SF,IF2007,2020-05-19 09:31:18.400,3881.8000,1857,0,142050780.000,1,0,1,多换,S,3880.0000,3879.8000,3878.0000,3876.0000,3870.2000,3883.2000,3883.4000,3886.4000,3889.2000,3889.4000,1,1,1,1,1,1,1,1,1,5
SF,IF2007,2020-05-19 09:31:18.900,3881.8000,1857,0,142050780.000,0,-,-,-,-,3881.8000,3880.2000,3880.0000,3879.8000,3878.0000,3883.0000,3883.2000,3883.4000,3886.4000,3889.2000,1,2,1,1,1,1,1,1,1,1
SF,IF2007,2020-05-19 09:31:19.400,3880.2000,1857,0,144379380.000,2,1,1,多换,S,3879.8000,3878.0000,3876.0000,3873.4000,3870.2000,3883.0000,3883.2000,3883.4000,3886.4000,3889.2000,1,1,1,3,1,1,1,1,1,1
SF,IF2007,2020-05-19 09:31:19.900,3880.2000,1857,0,144379380.000,0,-,-,-,-,3880.0000,3879.8000,3878.0000,3876.0000,3873.4000,3882.8000,3883.2000,3883.4000,3886.4000,3889.2000,1,1,1,1,3,1,1,1,1,1
SF,IF2007,2020-05-19 09:31:20.400,3880.2000,1857,0,144379380.000,0,-,-,-,-,3880.0000,3879.8000,3878.0000,3876.0000,3873.4000,3882.6000,3882.8000,3883.2000,3883.4000,3886.4000,1,1,1,1,3,1,1,1,1,1
SF,IF2007,2020-05-19 09:31:20.900,3880.2000,1857,0,144379380.000,0,-,-,-,-,3880.2000,3880.0000,3879.8000,3878.0000,3876.0000,3882.4000,3883.2000,3883.4000,3886.4000,3889.2000,1,1,1,1,1,1,1,1,1,1
SF,IF2007,2020-05-19 09:31:21.400,3880.2000,1857,0,144379380.000,0,-,-,-,-,3880.4000,3880.2000,3879.8000,3878.0000,3876.0000,3882.4000,3883.2000,3883.4000,3886.4000,3889.2000,1,2,1,1,1,1,1,1,1,1
SF,IF2007,2020-05-19 09:31:21.900,3880.2000,1857,0,144379380.000,0,-,-,-,-,3880.4000,3880.2000,3879.8000,3879.2000,3878.0000,3882.4000,3883.2000,3883.4000,3886.4000,3889.2000,1,2,1,2,1,1,1,1,1,1
SF,IF2007,2020-05-19 09:31:22.400,3880.2000,1857,0,144379380.000,0,-,-,-,-,3880.8000,3880.6000,3880.4000,3880.2000,3879.8000,3883.4000,3886.4000,3889.2000,3889.4000,3889.6000,1,3,1,2,1,1,1,1,5,1
SF,IF2007,2020-05-19 09:31:22.900,3880.2000,1857,0,144379380.000,0,-,-,-,-,3883.0000,3881.0000,3880.8000,3880.6000,3880.2000,3883.2000,3883.4000,3886.4000,3889.2000,3889.4000,10,1,1,5,1,1,1,1,1,5
SF,IF2007,2020-05-19 09:31:23.400,3883.0000,1858,1,152533680.000,7,4,3,空开,S,3883.0000,3880.8000,3880.6000,3879.8000,3878.0000,3883.4000,3886.4000,3889.2000,3889.4000,3889.6000,3,1,5,1,1,3,1,1,5,1
SF,IF2007,2020-05-19 09:31:23.900,3883.0000,1858,0,154863480.000,2,1,1,多换,S,3883.0000,3880.8000,3880.6000,3879.8000,3878.0000,3883.4000,3886.4000,3889.2000,3889.4000,3889.6000,1,1,4,1,1,3,1,1,11,1
SF,IF2007,2020-05-19 09:31:24.400,3883.0000,1858,0,156028380.000,1,0,1,多换,S,3880.8000,3880.6000,3879.8000,3878.0000,3876.8000,3883.4000,3884.0000,3886.4000,3889.2000,3889.4000,1,2,1,1,2,3,1,1,1,11
SF,IF2007,2020-05-19 09:31:24.900,3883.4000,1856,-2,158358360.000,2,0,2,双平,S,3883.0000,3881.0000,3880.8000,3880.6000,3880.4000,3883.4000,3884.0000,3886.4000,3889.2000,3889.4000,1,1,1,2,1,2,1,1,1,11
SF,IF2007,2020-05-19 09:31:25.400,3883.0000,1856,0,159523260.000,1,0,1,多换,S,3881.0000,3880.8000,3880.6000,3880.4000,3879.8000,3883.4000,3884.0000,3886.4000,3889.2000,3889.4000,1,1,2,1,1,2,1,1,1,11
SF,IF2007,2020-05-19 09:31:25.900,3883.0000,1856,0,159523260.000,0,-,-,-,-,3881.0000,3880.8000,3880.6000,3880.4000,3879.8000,3883.0000,3883.4000,3884.0000,3886.4000,3889.2000,1,2,2,1,1,1,2,1,1,1
SF,IF2007,2020-05-19 09:31:26.400,3883.0000,1856,0,159523260.000,0,-,-,-,-,3881.0000,3880.8000,3880.4000,3879.8000,3878.0000,3882.8000,3883.0000,3883.4000,3884.0000,3886.4000,1,1,1,1,1,1,1,2,1,1
SF,IF2007,2020-05-19 09:31:26.900,3883.0000,1856,0,159523260.000,0,-,-,-,-,3881.0000,3880.8000,3880.4000,3879.8000,3878.0000,3882.8000,3883.0000,3883.4000,3884.0000,3886.4000,1,1,1,1,1,1,2,2,1,1
SF,IF2007,2020-05-19 09:31:27.400,3882.8000,1856,0,160688100.000,1,0,1,多换,S,3881.0000,3880.8000,3880.2000,3879.8000,3878.0000,3882.8000,3883.0000,3883.4000,3884.0000,3886.4000,1,1,1,1,1,1,3,2,1,1
SF,IF2007,2020-05-19 09:31:28.400,3882.8000,1856,0,160688100.000,0,-,-,-,-,3881.0000,3880.8000,3880.2000,3879.8000,3878.0000,3882.6000,3882.8000,3883.0000,3883.4000,3884.0000,1,1,1,1,1,1,1,3,2,1
SF,IF2007,2020-05-19 09:31:28.900,3882.8000,1856,0,160688100.000,0,-,-,-,-,3880.2000,3879.8000,3878.0000,3876.8000,3876.0000,3882.4000,3882.6000,3882.8000,3883.0000,3883.4000,1,1,1,2,1,1,3,1,3,2
SF,IF2007,2020-05-19 09:31:29.400,3882.8000,1856,0,160688100.000,0,-,-,-,-,3880.4000,3879.8000,3878.0000,3876.8000,3876.0000,3882.2000,3882.6000,3882.8000,3883.0000,3883.4000,1,1,1,2,1,1,3,1,3,2
SF,IF2007,2020-05-19 09:31:29.900,3882.2000,1856,0,161852760.000,1,0,1,多换,S,3880.4000,3879.8000,3878.0000,3876.8000,3876.0000,3882.6000,3882.8000,3883.0000,3883.4000,3884.0000,1,1,1,2,1,3,1,2,2,1
SF,IF2007,2020-05-19 09:31:30.400,3882.2000,1856,0,161852760.000,0,-,-,-,-,3880.6000,3880.4000,3879.8000,3879.2000,3878.0000,3882.4000,3882.6000,3882.8000,3883.0000,3883.4000,1,1,1,1,1,2,3,1,2,2
SF,IF2007,2020-05-19 09:31:30.900,3882.2000,1856,0,161852760.000,0,-,-,-,-,3880.8000,3880.6000,3879.8000,3879.2000,3878.0000,3882.4000,3882.6000,3882.8000,3883.0000,3883.4000,1,1,1,1,1,2,3,1,2,2
SF,IF2007,2020-05-19 09:31:31.400,3882.2000,1856,0,161852760.000,0,-,-,-,-,3881.0000,3880.8000,3880.6000,3879.8000,3879.2000,3882.6000,3882.8000,3883.0000,3883.4000,3884.0000,1,1,1,1,1,3,1,2,2,1
SF,IF2007,2020-05-19 09:31:31.900,3882.6000,1856,0,163017540.000,1,0,1,多换,S,3881.2000,3881.0000,3880.6000,3879.8000,3879.2000,3882.8000,3883.0000,3883.4000,3884.0000,3888.0000,1,2,1,1,1,1,2,2,1,2
SF,IF2007,2020-05-19 09:31:32.400,3882.6000,1856,0,163017540.000,0,-,-,-,-,3881.0000,3880.6000,3879.8000,3879.2000,3878.0000,3882.8000,3883.0000,3883.4000,3884.0000,3888.0000,2,1,1,1,1,1,2,2,1,2
SF,IF2007,2020-05-19 09:31:32.900,3882.6000,1856,0,163017540.000,0,-,-,-,-,3881.4000,3881.2000,3881.0000,3880.6000,3879.8000,3882.8000,3883.0000,3883.4000,3884.0000,3888.0000,1,1,2,1,1,1,2,2,1,2
SF,IF2007,2020-05-19 09:31:33.400,3882.6000,1856,0,163017540.000,0,-,-,-,-,3881.6000,3881.4000,3881.0000,3880.6000,3879.8000,3882.8000,3883.0000,3883.4000,3884.0000,3888.0000,1,1,1,1,1,1,2,2,2,2
SF,IF2007,2020-05-19 09:31:34.400,3882.6000,1856,0,163017540.000,0,-,-,-,-,3881.6000,3881.0000,3880.6000,3879.8000,3879.2000,3882.8000,3883.0000,3883.4000,3884.0000,3888.0000,1,1,1,1,1,1,1,2,2,2
SF,IF2007,2020-05-19 09:31:35.900,3882.6000,1856,0,163017540.000,0,-,-,-,-,3881.6000,3881.0000,3880.6000,3879.8000,3878.0000,3882.8000,3883.0000,3883.4000,3884.0000,3888.0000,1,1,1,1,1,1,1,2,2,2
SF,IF2007,2020-05-19 09:31:36.400,3882.6000,1856,0,163017540.000,0,-,-,-,-,3881.0000,3880.6000,3879.8000,3878.0000,3876.8000,3882.8000,3883.0000,3883.4000,3884.0000,3888.0000,1,1,1,1,2,1,1,2,2,2
SF,IF2007,2020-05-19 09:31:36.900,3882.6000,1856,0,163017540.000,0,-,-,-,-,3881.8000,3881.2000,3881.0000,3880.6000,3879.8000,3882.8000,3883.0000,3883.4000,3884.0000,3888.0000,1,1,1,1,1,1,1,2,2,2
SF,IF2007,2020-05-19 09:31:37.400,3882.6000,1856,0,163017540.000,0,-,-,-,-,3881.8000,3881.6000,3881.2000,3881.0000,3880.6000,3882.8000,3883.0000,3883.4000,3884.0000,3888.0000,1,1,1,1,1,1,1,2,2,2
SF,IF2007,2020-05-19 09:31:37.900,3882.6000,1856,0,163017540.000,0,-,-,-,-,3881.6000,3881.2000,3881.0000,3880.6000,3879.8000,3882.8000,3883.0000,3883.4000,3884.0000,3888.0000,1,1,1,1,1,1,2,2,2,2
SF,IF2007,2020-05-19 09:31:38.400,3882.6000,1856,0,163017540.000,0,-,-,-,-,3881.8000,3881.6000,3881.0000,3880.6000,3879.8000,3882.8000,3883.0000,3883.4000,3884.0000,3888.0000,1,1,1,1,1,1,2,2,2,2
SF,IF2007,2020-05-19 09:31:39.900,3882.6000,1856,0,163017540.000,0,-,-,-,-,3881.8000,3881.6000,3880.6000,3879.8000,3878.0000,3882.8000,3883.0000,3883.4000,3884.0000,3888.0000,1,1,1,1,1,1,2,2,2,2
SF,IF2007,2020-05-19 09:31:40.400,3882.6000,1856,0,163017540.000,0,-,-,-,-,3882.0000,3881.8000,3881.6000,3880.6000,3879.8000,3882.8000,3883.0000,3883.4000,3884.0000,3888.0000,1,1,1,1,1,1,2,2,2,2
SF,IF2007,2020-05-19 09:31:40.900,3882.6000,1856,0,163017540.000,0,-,-,-,-,3882.0000,3881.8000,3881.6000,3880.6000,3879.8000,3882.8000,3883.0000,3883.4000,3884.0000,3888.0000,1,1,1,2,1,1,2,2,2,2
SF,IF2007,2020-05-19 09:31:42.900,3882.6000,1856,0,163017540.000,0,-,-,-,-,3882.0000,3881.8000,3881.6000,3880.6000,3879.8000,3882.8000,3883.0000,3883.4000,3884.0000,3888.0000,1,1,1,2,1,1,2,2,2,2
SF,IF2007,2020-05-19 09:31:43.400,3882.8000,1856,0,164182380.000,1,0,1,多换,S,3881.8000,3881.6000,3880.6000,3879.8000,3878.0000,3883.0000,3883.4000,3884.0000,3888.0000,3889.2000,1,1,2,1,1,2,2,2,2,1
SF,IF2007,2020-05-19 09:31:44.400,3882.8000,1856,0,164182380.000,0,-,-,-,-,3881.8000,3881.6000,3880.6000,3879.8000,3878.0000,3883.0000,3883.4000,3884.0000,3888.0000,3889.2000,1,1,2,1,1,2,2,2,2,1
SF,IF2007,2020-05-19 09:31:45.400,3882.8000,1856,0,164182380.000,0,-,-,-,-,3881.8000,3881.6000,3880.6000,3879.8000,3878.0000,3883.0000,3883.4000,3884.0000,3888.0000,3889.2000,1,1,2,1,1,2,2,2,2,1
SF,IF2007,2020-05-19 09:31:47.400,3883.0000,1856,0,165347280.000,1,0,1,多换,S,3881.8000,3881.6000,3880.6000,3879.8000,3878.0000,3883.0000,3883.4000,3884.0000,3888.0000,3889.2000,1,1,2,1,1,1,2,2,2,1
SF,IF2007,2020-05-19 09:31:47.900,3883.0000,1855,-1,166512180.000,1,0,1,双平,S,3882.0000,3881.6000,3880.6000,3879.8000,3878.0000,3883.4000,3884.0000,3888.0000,3889.2000,3889.4000,1,1,2,1,1,2,2,2,1,11
SF,IF2007,2020-05-19 09:31:48.400,3883.4000,1853,-2,168842220.000,2,0,2,双平,S,3883.0000,3882.0000,3881.6000,3880.6000,3879.8000,3884.0000,3888.0000,3889.2000,3889.4000,3889.6000,1,1,1,2,1,2,2,1,11,1
SF,IF2007,2020-05-19 09:31:48.900,3883.4000,1853,0,168842220.000,0,-,-,-,-,3883.2000,3883.0000,3882.0000,3881.6000,3880.6000,3884.0000,3888.0000,3889.2000,3889.4000,3889.6000,1,1,1,1,2,2,2,1,11,1
SF,IF2007,2020-05-19 09:31:49.400,3883.4000,1853,0,168842220.000,0,-,-,-,-,3883.2000,3882.0000,3881.6000,3880.6000,3879.8000,3884.0000,3888.0000,3889.2000,3889.4000,3889.6000,1,1,1,2,1,2,2,1,11,1
SF,IF2007,2020-05-19 09:31:49.900,3883.4000,1853,0,168842220.000,0,-,-,-,-,3881.6000,3880.6000,3879.8000,3878.0000,3876.8000,3884.0000,3888.0000,3889.2000,3889.4000,3889.6000,1,2,1,1,2,2,2,1,11,1
SF,IF2007,2020-05-19 09:31:50.400,3883.4000,1853,0,168842220.000,0,-,-,-,-,3881.8000,3881.6000,3880.6000,3879.8000,3878.0000,3884.0000,3888.0000,3889.2000,3889.4000,3889.6000,2,1,1,1,1,2,2,1,6,1
SF,IF2007,2020-05-19 09:31:51.400,3883.4000,1853,0,168842220.000,0,-,-,-,-,3882.0000,3881.8000,3881.6000,3880.6000,3879.8000,3884.0000,3888.0000,3889.2000,3889.4000,3889.6000,3,2,1,1,1,2,2,1,6,1
SF,IF2007,2020-05-19 09:31:51.900,3883.4000,1853,0,168842220.000,0,-,-,-,-,3882.2000,3882.0000,3881.8000,3881.6000,3880.6000,3884.0000,3888.0000,3889.2000,3889.4000,3889.6000,1,4,1,1,1,2,2,1,6,1
SF,IF2007,2020-05-19 09:31:52.400,3883.4000,1853,0,168842220.000,0,-,-,-,-,3882.6000,3882.2000,3882.0000,3881.8000,3881.6000,3884.0000,3888.0000,3889.2000,3889.4000,3889.6000,1,1,4,1,1,2,2,1,6,1
SF,IF2007,2020-05-19 09:31:52.900,3883.4000,1853,0,168842220.000,0,-,-,-,-,3882.8000,3882.6000,3882.0000,3881.8000,3881.6000,3884.0000,3888.0000,3889.2000,3889.6000,3890.0000,1,1,4,1,1,2,2,1,1,4
SF,IF2007,2020-05-19 09:31:53.400,3883.4000,1853,0,168842220.000,0,-,-,-,-,3882.8000,3882.6000,3882.0000,3881.8000,3881.6000,3884.0000,3888.0000,3889.2000,3889.6000,3890.0000,1,1,3,1,1,2,2,1,1,4
SF,IF2007,2020-05-19 09:31:54.900,3883.4000,1853,0,168842220.000,0,-,-,-,-,3882.8000,3882.6000,3882.0000,3881.8000,3881.6000,3884.0000,3888.0000,3889.2000,3889.6000,3890.0000,1,1,3,1,1,2,2,1,1,4
SF,IF2007,2020-05-19 09:31:55.400,3883.4000,1853,0,168842220.000,0,-,-,-,-,3882.8000,3882.6000,3881.8000,3881.6000,3880.6000,3884.0000,3888.0000,3889.2000,3889.6000,3890.0000,1,1,1,1,1,2,2,1,1,4
SF,IF2007,2020-05-19 09:31:55.900,3883.4000,1853,0,168842220.000,0,-,-,-,-,3882.6000,3881.8000,3881.6000,3880.6000,3880.2000,3884.0000,3888.0000,3889.2000,3889.6000,3890.0000,1,1,1,1,1,2,2,1,1,4
SF,IF2007,2020-05-19 09:31:56.400,3883.4000,1853,0,168842220.000,0,-,-,-,-,3882.8000,3882.6000,3881.8000,3881.6000,3880.6000,3883.8000,3884.0000,3888.0000,3889.2000,3889.6000,1,1,1,1,1,1,2,2,1,1
SF,IF2007,2020-05-19 09:32:00.900,3883.4000,1853,0,168842220.000,0,-,-,-,-,3882.8000,3882.6000,3881.8000,3881.6000,3880.6000,3883.8000,3884.0000,3885.0000,3888.0000,3889.2000,1,1,1,1,1,1,2,1,2,1
SF,IF2007,2020-05-19 09:32:01.400,3883.4000,1853,0,168842220.000,0,-,-,-,-,3882.6000,3881.8000,3881.6000,3880.6000,3880.2000,3883.8000,3884.0000,3885.0000,3888.0000,3889.2000,1,1,1,1,1,1,2,1,2,1
SF,IF2007,2020-05-19 09:32:01.900,3883.4000,1853,0,168842220.000,0,-,-,-,-,3881.8000,3881.6000,3880.6000,3880.2000,3880.0000,3883.6000,3883.8000,3884.0000,3885.0000,3888.0000,1,1,1,1,1,2,1,2,1,2
SF,IF2007,2020-05-19 09:32:02.400,3883.4000,1853,0,168842220.000,0,-,-,-,-,3882.0000,3881.8000,3881.6000,3880.6000,3880.2000,3882.8000,3883.6000,3883.8000,3884.0000,3885.0000,1,1,1,1,1,1,2,1,2,1
SF,IF2007,2020-05-19 09:32:02.900,3883.4000,1853,0,168842220.000,0,-,-,-,-,3882.0000,3881.6000,3880.6000,3880.2000,3880.0000,3882.8000,3883.6000,3883.8000,3884.0000,3885.0000,1,1,1,1,1,1,1,1,2,1
SF,IF2007,2020-05-19 09:32:03.400,3882.8000,1853,0,170007060.000,1,0,1,多换,S,3882.0000,3881.6000,3880.6000,3880.2000,3880.0000,3883.6000,3883.8000,3884.0000,3885.0000,3888.0000,1,1,1,1,1,1,1,2,1,2
SF,IF2007,2020-05-19 09:32:03.900,3882.8000,1853,0,170007060.000,0,-,-,-,-,3882.0000,3881.6000,3880.6000,3880.2000,3880.0000,3883.6000,3883.8000,3884.0000,3885.0000,3888.0000,1,1,1,1,1,1,1,2,1,2
SF,IF2007,2020-05-19 09:32:04.400,3882.8000,1853,0,170007060.000,0,-,-,-,-,3882.0000,3881.6000,3880.6000,3880.2000,3880.0000,3883.6000,3883.8000,3884.0000,3885.0000,3888.0000,1,1,1,1,1,1,1,2,1,2
SF,IF2007,2020-05-19 09:32:04.900,3882.8000,1853,0,170007060.000,0,-,-,-,-,3882.4000,3882.0000,3881.6000,3880.6000,3880.2000,3883.6000,3883.8000,3884.0000,3885.0000,3888.0000,1,1,1,1,1,1,1,2,1,2
SF,IF2007,2020-05-19 09:32:05.900,3882.8000,1853,0,170007060.000,0,-,-,-,-,3882.4000,3882.0000,3881.6000,3880.6000,3880.2000,3883.8000,3884.0000,3885.0000,3885.4000,3888.0000,1,1,1,1,1,1,2,1,1,2
SF,IF2007,2020-05-19 09:32:06.400,3882.8000,1853,0,170007060.000,0,-,-,-,-,3882.0000,3881.6000,3880.6000,3880.2000,3880.0000,3883.8000,3884.0000,3885.0000,3885.4000,3888.0000,1,1,1,1,1,1,2,1,1,2
SF,IF2007,2020-05-19 09:32:06.900,3882.8000,1853,0,170007060.000,0,-,-,-,-,3882.0000,3881.6000,3880.6000,3880.2000,3880.0000,3883.8000,3884.0000,3885.0000,3885.4000,3888.0000,1,1,1,1,1,1,2,1,1,2
SF,IF2007,2020-05-19 09:32:07.400,3882.8000,1853,0,170007060.000,0,-,-,-,-,3882.0000,3881.6000,3880.6000,3880.2000,3880.0000,3883.8000,3884.0000,3885.0000,3885.4000,3888.0000,1,1,1,1,1,1,2,1,1,2
SF,IF2007,2020-05-19 09:32:08.900,3882.8000,1853,0,170007060.000,0,-,-,-,-,3882.0000,3881.6000,3880.6000,3880.2000,3880.0000,3884.0000,3885.0000,3885.4000,3888.0000,3889.2000,1,1,1,1,1,2,1,1,2,1
SF,IF2007,2020-05-19 09:32:09.400,3882.8000,1853,0,170007060.000,0,-,-,-,-,3882.4000,3882.2000,3882.0000,3881.6000,3880.6000,3884.0000,3885.0000,3885.4000,3888.0000,3889.2000,1,1,1,1,1,2,1,1,2,1
SF,IF2007,2020-05-19 09:32:09.900,3882.8000,1853,0,170007060.000,0,-,-,-,-,3882.8000,3882.6000,3882.2000,3881.6000,3880.6000,3884.0000,3885.4000,3888.0000,3889.2000,3889.6000,1,1,1,1,1,2,1,2,1,1
SF,IF2007,2020-05-19 09:32:10.400,3882.8000,1853,0,170007060.000,0,-,-,-,-,3883.6000,3883.0000,3882.6000,3882.2000,3881.6000,3884.0000,3885.4000,3888.0000,3889.2000,3889.6000,1,2,1,1,1,2,1,2,1,1
SF,IF2007,2020-05-19 09:32:10.900,3882.8000,1853,0,170007060.000,0,-,-,-,-,3883.6000,3883.0000,3882.6000,3882.2000,3881.6000,3884.0000,3885.4000,3888.0000,3889.2000,3889.6000,1,1,1,1,1,2,1,2,1,1
SF,IF2007,2020-05-19 09:32:11.400,3882.8000,1853,0,170007060.000,0,-,-,-,-,3883.6000,3883.0000,3881.6000,3880.6000,3880.2000,3884.0000,3885.4000,3888.0000,3889.2000,3889.6000,1,1,1,1,1,2,1,2,1,1
SF,IF2007,2020-05-19 09:32:11.900,3882.8000,1853,0,170007060.000,0,-,-,-,-,3883.0000,3881.6000,3880.6000,3880.2000,3880.0000,3883.8000,3884.0000,3885.4000,3888.0000,3889.2000,1,1,1,1,6,1,2,1,2,1
SF,IF2007,2020-05-19 09:32:13.400,3882.8000,1853,0,170007060.000,0,-,-,-,-,3883.0000,3881.6000,3880.6000,3880.2000,3880.0000,3883.8000,3884.0000,3885.0000,3885.4000,3888.0000,1,1,1,1,6,1,2,1,1,2
SF,IF2007,2020-05-19 09:32:13.900,3882.8000,1853,0,170007060.000,0,-,-,-,-,3881.6000,3880.6000,3880.2000,3880.0000,3879.8000,3883.8000,3884.0000,3885.0000,3885.4000,3888.0000,1,1,1,6,1,1,2,1,1,2
SF,IF2007,2020-05-19 09:32:14.400,3882.8000,1853,0,170007060.000,0,-,-,-,-,3881.8000,3881.6000,3880.6000,3880.2000,3880.0000,3883.8000,3884.0000,3885.0000,3885.4000,3888.0000,2,2,1,1,6,1,2,1,1,2
SF,IF2007,2020-05-19 09:32:14.900,3882.8000,1853,0,170007060.000,0,-,-,-,-,3883.8000,3882.2000,3881.8000,3881.6000,3880.6000,3884.0000,3885.0000,3885.4000,3888.0000,3889.2000,1,1,3,2,1,2,1,1,2,1
SF,IF2007,2020-05-19 09:32:15.400,3883.0000,1854,1,171171960.000,1,1,0,双开,S,3881.8000,3881.6000,3880.6000,3880.2000,3880.0000,3884.0000,3885.0000,3885.4000,3888.0000,3889.2000,3,2,1,1,1,2,1,1,2,1
SF,IF2007,2020-05-19 09:32:15.900,3883.0000,1854,0,171171960.000,0,-,-,-,-,3881.8000,3881.6000,3880.6000,3880.2000,3880.0000,3884.0000,3885.0000,3885.4000,3888.0000,3889.2000,2,2,1,1,1,2,1,1,2,1
SF,IF2007,2020-05-19 09:32:16.400,3883.0000,1854,0,171171960.000,0,-,-,-,-,3881.8000,3881.6000,3880.6000,3880.2000,3880.0000,3883.8000,3884.0000,3885.0000,3885.4000,3888.0000,2,1,1,1,1,1,2,1,1,2
SF,IF2007,2020-05-19 09:32:16.900,3883.0000,1854,0,171171960.000,0,-,-,-,-,3881.8000,3881.6000,3880.6000,3880.2000,3880.0000,3883.6000,3883.8000,3884.0000,3885.0000,3885.4000,2,1,1,1,1,1,1,2,1,1
SF,IF2007,2020-05-19 09:32:17.400,3883.0000,1854,0,171171960.000,0,-,-,-,-,3881.8000,3881.6000,3880.6000,3880.2000,3880.0000,3883.6000,3884.0000,3885.0000,3885.4000,3888.0000,2,1,1,1,1,1,2,1,1,2
SF,IF2007,2020-05-19 09:32:18.400,3883.0000,1854,0,171171960.000,0,-,-,-,-,3881.8000,3881.6000,3880.6000,3880.2000,3880.0000,3883.6000,3884.0000,3885.0000,3885.4000,3888.0000,2,2,1,1,1,1,2,1,1,2
SF,IF2007,2020-05-19 09:32:18.900,3883.0000,1854,0,171171960.000,0,-,-,-,-,3882.0000,3881.8000,3881.6000,3880.6000,3880.2000,3883.0000,3883.6000,3884.0000,3885.0000,3885.4000,1,2,1,1,1,1,1,2,1,1
SF,IF2007,2020-05-19 09:32:19.400,3883.0000,1854,0,171171960.000,0,-,-,-,-,3882.2000,3882.0000,3881.6000,3880.6000,3880.2000,3883.0000,3883.6000,3884.0000,3885.0000,3885.4000,1,1,1,1,1,1,1,2,1,1
SF,IF2007,2020-05-19 09:32:19.900,3883.0000,1853,-1,172336860.000,1,0,1,双平,S,3882.2000,3882.0000,3881.6000,3880.6000,3880.2000,3884.0000,3885.0000,3885.4000,3888.0000,3889.2000,1,1,1,1,1,2,1,1,2,1
SF,IF2007,2020-05-19 09:32:20.400,3883.0000,1853,0,172336860.000,0,-,-,-,-,3882.2000,3882.0000,3881.6000,3880.6000,3880.2000,3883.8000,3884.0000,3885.0000,3885.4000,3888.0000,1,1,1,1,1,1,2,1,1,2
SF,IF2007,2020-05-19 09:32:20.900,3883.0000,1853,0,172336860.000,0,-,-,-,-,3882.6000,3882.2000,3882.0000,3881.6000,3880.6000,3883.8000,3884.0000,3885.0000,3885.4000,3888.0000,1,1,1,1,1,1,2,1,1,2
SF,IF2007,2020-05-19 09:32:21.400,3883.0000,1853,0,172336860.000,0,-,-,-,-,3882.2000,3882.0000,3881.6000,3880.6000,3880.2000,3883.8000,3884.0000,3885.0000,3885.4000,3888.0000,1,1,1,1,1,1,2,1,1,2
SF,IF2007,2020-05-19 09:32:21.900,3883.0000,1853,0,172336860.000,0,-,-,-,-,3882.8000,3882.2000,3882.0000,3881.6000,3880.6000,3883.8000,3884.0000,3885.0000,3885.4000,3888.0000,1,1,1,1,1,1,2,1,1,2
SF,IF2007,2020-05-19 09:32:23.900,3883.0000,1853,0,172336860.000,0,-,-,-,-,3882.2000,3882.0000,3881.6000,3880.6000,3880.2000,3883.8000,3884.0000,3885.0000,3885.4000,3888.0000,1,1,1,1,1,1,2,1,1,2
SF,IF2007,2020-05-19 09:32:26.400,3883.0000,1853,0,172336860.000,0,-,-,-,-,3882.2000,3882.0000,3881.6000,3880.6000,3880.2000,3883.4000,3883.8000,3884.0000,3885.0000,3885.4000,1,1,1,1,1,1,1,2,1,1
SF,IF2007,2020-05-19 09:32:26.900,3883.0000,1853,0,172336860.000,0,-,-,-,-,3882.2000,3882.0000,3881.6000,3880.6000,3880.2000,3883.4000,3883.8000,3884.0000,3885.0000,3885.4000,1,1,1,1,1,1,1,2,1,1
SF,IF2007,2020-05-19 09:32:27.400,3883.0000,1853,0,172336860.000,0,-,-,-,-,3882.2000,3882.0000,3881.6000,3880.6000,3880.2000,3883.4000,3883.6000,3883.8000,3884.0000,3885.0000,1,1,1,1,1,1,1,1,2,1
SF,IF2007,2020-05-19 09:32:27.900,3883.0000,1853,0,172336860.000,0,-,-,-,-,3882.2000,3882.0000,3881.6000,3880.6000,3880.2000,3883.2000,3883.6000,3883.8000,3884.0000,3885.0000,1,1,1,1,1,1,1,1,2,1
SF,IF2007,2020-05-19 09:32:29.400,3883.0000,1853,0,172336860.000,0,-,-,-,-,3882.2000,3882.0000,3881.6000,3880.6000,3880.2000,3883.2000,3883.6000,3883.8000,3884.0000,3885.0000,1,1,1,1,1,1,1,1,2,1
SF,IF2007,2020-05-19 09:32:29.900,3883.0000,1853,0,172336860.000,0,-,-,-,-,3882.0000,3881.6000,3880.6000,3880.2000,3880.0000,3883.2000,3883.6000,3883.8000,3884.0000,3885.0000,1,1,1,1,1,1,1,1,2,1
SF,IF2007,2020-05-19 09:32:30.400,3883.2000,1853,0,173501820.000,1,0,1,多换,S,3882.0000,3881.6000,3880.6000,3880.2000,3880.0000,3883.6000,3883.8000,3884.0000,3885.0000,3885.4000,1,1,1,1,1,1,1,2,1,1
SF,IF2007,2020-05-19 09:32:30.900,3883.2000,1853,0,173501820.000,0,-,-,-,-,3882.2000,3882.0000,3881.6000,3880.6000,3880.2000,3883.6000,3884.0000,3885.0000,3885.4000,3888.0000,4,1,1,1,1,1,2,1,1,2
SF,IF2007,2020-05-19 09:32:31.900,3883.2000,1853,0,173501820.000,0,-,-,-,-,3882.2000,3882.0000,3881.6000,3880.6000,3880.2000,3884.0000,3885.0000,3885.4000,3888.0000,3889.2000,3,1,1,1,1,2,1,1,2,1
SF,IF2007,2020-05-19 09:32:32.900,3883.2000,1853,0,173501820.000,0,-,-,-,-,3882.2000,3882.0000,3881.6000,3880.6000,3880.2000,3883.8000,3884.0000,3885.0000,3885.4000,3888.0000,3,1,1,1,1,2,2,1,1,2
SF,IF2007,2020-05-19 09:32:33.900,3883.2000,1853,0,173501820.000,0,-,-,-,-,3882.2000,3882.0000,3881.6000,3880.6000,3880.2000,3883.8000,3884.0000,3885.0000,3885.4000,3888.0000,1,1,1,1,1,2,2,1,1,2
SF,IF2007,2020-05-19 09:32:36.400,3883.2000,1853,0,173501820.000,0,-,-,-,-,3882.2000,3882.0000,3880.6000,3880.2000,3880.0000,3883.6000,3883.8000,3884.0000,3885.0000,3885.4000,1,1,1,1,1,1,2,2,1,1
SF,IF2007,2020-05-19 09:32:36.900,3882.0000,1853,0,175831080.000,2,1,1,多换,S,3880.6000,3880.2000,3880.0000,3879.8000,3878.0000,3883.4000,3883.6000,3883.8000,3884.0000,3885.0000,1,1,1,1,1,1,4,2,2,1
SF,IF2007,2020-05-19 09:32:37.400,3882.0000,1853,0,175831080.000,0,-,-,-,-,3880.8000,3880.6000,3880.2000,3880.0000,3879.8000,3883.2000,3883.4000,3883.6000,3883.8000,3884.0000,1,1,1,1,1,3,1,1,2,2
SF,IF2007,2020-05-19 09:32:37.900,3882.0000,1853,0,175831080.000,0,-,-,-,-,3880.8000,3880.6000,3880.2000,3880.0000,3879.8000,3882.2000,3883.0000,3883.2000,3883.6000,3884.0000,1,1,1,1,1,1,1,3,1,2
SF,IF2007,2020-05-19 09:32:38.400,3882.0000,1853,0,175831080.000,0,-,-,-,-,3881.0000,3880.6000,3880.2000,3880.0000,3879.8000,3882.2000,3883.2000,3883.6000,3884.0000,3885.0000,1,1,1,1,1,1,3,1,2,1
SF,IF2007,2020-05-19 09:32:39.400,3882.0000,1853,0,175831080.000,0,-,-,-,-,3881.0000,3880.6000,3880.2000,3880.0000,3879.8000,3882.0000,3882.2000,3882.6000,3883.2000,3883.6000,1,1,1,1,1,1,1,1,3,1
SF,IF2007,2020-05-19 09:32:39.900,3882.0000,1853,0,175831080.000,0,-,-,-,-,3880.6000,3880.2000,3880.0000,3879.8000,3878.0000,3882.0000,3882.2000,3882.6000,3883.2000,3883.6000,1,1,1,1,1,1,1,1,3,1
SF,IF2007,2020-05-19 09:32:40.400,3882.0000,1853,0,175831080.000,0,-,-,-,-,3880.6000,3880.2000,3880.0000,3879.8000,3878.0000,3881.8000,3882.0000,3882.2000,3882.6000,3883.2000,1,1,1,1,1,1,1,1,1,2
SF,IF2007,2020-05-19 09:32:40.900,3882.0000,1853,0,175831080.000,0,-,-,-,-,3880.6000,3880.2000,3880.0000,3879.8000,3878.0000,3881.8000,3882.0000,3882.2000,3882.6000,3883.6000,1,1,1,1,1,3,1,1,1,1
SF,IF2007,2020-05-19 09:32:41.400,3880.6000,1854,1,176995260.000,1,1,0,双开,S,3880.2000,3880.0000,3879.8000,3878.0000,3877.0000,3882.2000,3882.6000,3883.6000,3884.0000,3885.0000,1,1,1,1,1,1,1,1,2,1
SF,IF2007,2020-05-19 09:32:41.900,3880.6000,1854,0,176995260.000,0,-,-,-,-,3880.4000,3880.2000,3880.0000,3879.8000,3878.0000,3882.2000,3882.6000,3883.6000,3884.0000,3885.0000,1,1,1,1,1,1,1,1,2,1
SF,IF2007,2020-05-19 09:32:42.400,3880.6000,1854,0,176995260.000,0,-,-,-,-,3880.6000,3880.4000,3880.2000,3880.0000,3879.8000,3882.2000,3882.6000,3883.6000,3884.0000,3885.0000,2,1,1,1,1,1,1,1,2,1
SF,IF2007,2020-05-19 09:32:42.900,3880.6000,1854,0,176995260.000,0,-,-,-,-,3880.8000,3880.6000,3880.2000,3880.0000,3879.8000,3882.2000,3882.6000,3883.6000,3884.0000,3885.0000,1,2,1,1,1,1,1,1,2,1
SF,IF2007,2020-05-19 09:32:43.400,3880.6000,1854,0,176995260.000,0,-,-,-,-,3880.8000,3880.6000,3880.2000,3880.0000,3879.8000,3882.0000,3882.2000,3883.6000,3884.0000,3885.0000,1,2,1,1,1,1,1,1,2,1
SF,IF2007,2020-05-19 09:32:43.900,3880.6000,1854,0,176995260.000,0,-,-,-,-,3880.8000,3880.6000,3880.2000,3880.0000,3879.8000,3882.0000,3882.2000,3883.6000,3884.0000,3885.0000,1,1,1,1,1,1,1,1,2,1
SF,IF2007,2020-05-19 09:32:44.400,3880.6000,1854,0,176995260.000,0,-,-,-,-,3881.0000,3880.8000,3880.6000,3880.2000,3880.0000,3882.0000,3882.2000,3883.6000,3884.0000,3885.0000,1,1,1,1,1,1,1,1,2,1
SF,IF2007,2020-05-19 09:32:44.900,3880.6000,1854,0,176995260.000,0,-,-,-,-,3881.0000,3880.8000,3880.2000,3880.0000,3879.8000,3882.0000,3882.2000,3883.6000,3884.0000,3885.0000,1,1,1,1,1,1,1,1,2,1
SF,IF2007,2020-05-19 09:32:45.400,3880.6000,1854,0,176995260.000,0,-,-,-,-,3881.2000,3881.0000,3880.2000,3880.0000,3879.8000,3882.2000,3883.6000,3884.0000,3885.0000,3888.0000,1,1,1,1,1,1,1,2,1,2
SF,IF2007,2020-05-19 09:32:45.900,3880.6000,1854,0,176995260.000,0,-,-,-,-,3880.2000,3880.0000,3879.8000,3878.0000,3877.0000,3880.8000,3882.2000,3884.0000,3885.0000,3888.0000,1,1,1,1,1,2,1,2,1,2
SF,IF2007,2020-05-19 09:32:46.400,3880.8000,1852,-2,179323740.000,2,0,2,双平,S,3880.2000,3880.0000,3879.8000,3878.0000,3877.0000,3882.2000,3884.0000,3885.0000,3888.0000,3889.2000,1,1,1,1,1,1,2,1,2,1
SF,IF2007,2020-05-19 09:32:46.900,3880.8000,1852,0,179323740.000,0,-,-,-,-,3880.6000,3880.4000,3880.2000,3880.0000,3879.8000,3882.0000,3882.2000,3884.0000,3885.0000,3888.0000,1,1,1,1,1,1,1,2,1,2
SF,IF2007,2020-05-19 09:32:47.400,3880.8000,1852,0,179323740.000,0,-,-,-,-,3880.4000,3880.2000,3880.0000,3879.8000,3878.0000,3882.0000,3882.2000,3884.0000,3885.0000,3888.0000,1,1,1,1,1,1,1,2,1,2
SF,IF2007,2020-05-19 09:32:47.900,3880.8000,1852,0,179323740.000,0,-,-,-,-,3880.2000,3880.0000,3879.8000,3878.0000,3877.0000,3882.0000,3884.0000,3885.0000,3888.0000,3889.2000,1,1,1,1,1,1,2,1,2,1
SF,IF2007,2020-05-19 09:32:48.400,3880.8000,1852,0,179323740.000,0,-,-,-,-,3880.4000,3880.2000,3880.0000,3879.8000,3878.0000,3880.6000,3884.0000,3885.0000,3888.0000,3889.2000,1,1,1,1,1,1,2,1,2,1
SF,IF2007,2020-05-19 09:32:48.900,3880.6000,1852,0,180487920.000,1,0,1,多换,S,3880.8000,3880.6000,3880.2000,3880.0000,3879.8000,3884.0000,3885.0000,3888.0000,3889.2000,3889.6000,1,1,1,1,1,2,1,2,1,1
SF,IF2007,2020-05-19 09:32:49.400,3880.6000,1852,0,180487920.000,0,-,-,-,-,3881.0000,3880.8000,3880.6000,3880.2000,3880.0000,3883.8000,3884.0000,3885.0000,3888.0000,3889.2000,1,1,1,1,1,4,2,1,2,1
SF,IF2007,2020-05-19 09:32:49.900,3883.8000,1851,-1,181653060.000,1,0,1,双平,S,3881.0000,3880.6000,3880.2000,3880.0000,3879.8000,3883.8000,3884.0000,3885.0000,3888.0000,3889.2000,1,1,1,1,1,3,2,1,2,1
SF,IF2007,2020-05-19 09:32:50.400,3883.8000,1851,0,181653060.000,0,-,-,-,-,3881.2000,3881.0000,3880.2000,3880.0000,3879.8000,3883.6000,3883.8000,3884.0000,3885.0000,3888.0000,1,1,1,1,1,2,3,2,1,2
SF,IF2007,2020-05-19 09:32:50.900,3883.8000,1851,0,181653060.000,0,-,-,-,-,3881.4000,3880.2000,3880.0000,3879.8000,3878.0000,3883.4000,3883.6000,3884.0000,3885.0000,3888.0000,1,1,1,1,1,3,2,2,1,2
SF,IF2007,2020-05-19 09:32:51.400,3883.8000,1851,0,181653060.000,0,-,-,-,-,3881.4000,3880.2000,3880.0000,3879.8000,3878.0000,3883.2000,3883.4000,3883.6000,3884.0000,3885.0000,1,1,1,1,1,1,3,1,2,1
SF,IF2007,2020-05-19 09:32:51.900,3883.8000,1851,0,181653060.000,0,-,-,-,-,3882.0000,3881.8000,3881.6000,3881.4000,3880.2000,3883.0000,3883.6000,3884.0000,3885.0000,3888.0000,1,1,3,1,1,3,1,2,1,2
SF,IF2007,2020-05-19 09:32:52.400,3883.8000,1851,0,181653060.000,0,-,-,-,-,3882.2000,3882.0000,3881.8000,3881.6000,3880.2000,3884.0000,3885.0000,3888.0000,3889.2000,3889.6000,1,1,1,2,1,2,1,2,1,1
SF,IF2007,2020-05-19 09:32:52.900,3883.8000,1851,0,181653060.000,0,-,-,-,-,3880.2000,3880.0000,3879.8000,3878.0000,3877.0000,3883.6000,3883.8000,3884.0000,3885.0000,3888.0000,1,1,1,1,1,1,4,2,1,2
SF,IF2007,2020-05-19 09:32:53.400,3883.8000,1851,0,181653060.000,0,-,-,-,-,3880.4000,3880.2000,3880.0000,3879.8000,3878.0000,3883.4000,3883.6000,3884.0000,3885.0000,3888.0000,2,1,1,1,1,4,1,2,1,2
SF,IF2007,2020-05-19 09:32:53.900,3883.8000,1851,0,181653060.000,0,-,-,-,-,3881.2000,3880.6000,3880.4000,3880.2000,3880.0000,3883.4000,3883.6000,3884.0000,3885.0000,3888.0000,1,3,2,1,1,4,1,2,1,2
SF,IF2007,2020-05-19 09:32:54.400,3883.8000,1851,0,181653060.000,0,-,-,-,-,3881.4000,3881.2000,3880.6000,3880.4000,3880.2000,3883.4000,3883.6000,3884.0000,3885.0000,3888.0000,1,1,3,1,1,4,1,2,1,2
SF,IF2007,2020-05-19 09:32:54.900,3883.8000,1851,0,181653060.000,0,-,-,-,-,3881.4000,3880.6000,3880.4000,3880.2000,3880.0000,3883.2000,3883.4000,3883.6000,3884.0000,3885.0000,1,3,1,1,1,1,4,1,2,1
SF,IF2007,2020-05-19 09:32:55.400,3883.8000,1851,0,181653060.000,0,-,-,-,-,3881.8000,3881.6000,3881.4000,3880.2000,3880.0000,3883.4000,3883.6000,3884.0000,3885.0000,3888.0000,1,1,1,1,1,4,1,2,1,2
SF,IF2007,2020-05-19 09:32:55.900,3883.8000,1851,0,181653060.000,0,-,-,-,-,3881.4000,3880.2000,3880.0000,3879.8000,3878.0000,3883.0000,3883.2000,3883.4000,3883.6000,3884.0000,1,1,1,1,1,1,3,1,1,2
SF,IF2007,2020-05-19 09:32:56.400,3883.8000,1851,0,181653060.000,0,-,-,-,-,3881.6000,3880.2000,3880.0000,3879.8000,3878.0000,3882.8000,3883.0000,3883.2000,3883.6000,3884.0000,1,1,1,1,1,3,1,1,1,2
SF,IF2007,2020-05-19 09:32:56.900,3883.8000,1851,0,181653060.000,0,-,-,-,-,3880.2000,3880.0000,3879.8000,3878.0000,3877.0000,3882.8000,3883.0000,3883.2000,3883.6000,3884.0000,1,1,1,1,1,3,1,1,1,2
SF,IF2007,2020-05-19 09:32:57.400,3883.8000,1851,0,181653060.000,0,-,-,-,-,3880.4000,3880.2000,3880.0000,3879.8000,3878.0000,3882.8000,3883.2000,3883.6000,3884.0000,3885.0000,2,1,1,1,1,3,1,1,2,1
SF,IF2007,2020-05-19 09:32:57.900,3883.8000,1851,0,181653060.000,0,-,-,-,-,3880.6000,3880.4000,3880.2000,3880.0000,3879.8000,3882.8000,3883.2000,3883.6000,3884.0000,3885.0000,1,2,1,1,1,3,1,1,2,1
SF,IF2007,2020-05-19 09:32:58.400,3883.8000,1851,0,181653060.000,0,-,-,-,-,3881.0000,3880.8000,3880.6000,3880.2000,3880.0000,3882.6000,3882.8000,3883.2000,3883.6000,3884.0000,1,2,1,1,1,2,3,1,1,2
SF,IF2007,2020-05-19 09:32:58.900,3883.8000,1851,0,181653060.000,0,-,-,-,-,3881.2000,3881.0000,3880.8000,3880.2000,3880.0000,3882.6000,3882.8000,3883.2000,3883.6000,3884.0000,1,1,2,1,1,2,3,1,1,2
SF,IF2007,2020-05-19 09:32:59.400,3883.8000,1851,0,181653060.000,0,-,-,-,-,3880.8000,3880.2000,3880.0000,3879.8000,3878.0000,3882.4000,3882.6000,3883.2000,3883.6000,3884.0000,1,1,1,1,1,4,2,1,1,2
SF,IF2007,2020-05-19 09:32:59.900,3883.8000,1851,0,181653060.000,0,-,-,-,-,3880.2000,3880.0000,3879.8000,3878.0000,3877.0000,3882.4000,3883.2000,3883.6000,3884.0000,3885.0000,1,1,1,1,1,4,1,1,2,1
SF,IF2007,2020-05-19 09:33:00.400,3883.8000,1851,0,181653060.000,0,-,-,-,-,3880.4000,3880.2000,3880.0000,3879.8000,3878.0000,3882.4000,3883.2000,3884.0000,3885.0000,3888.0000,3,1,1,1,2,5,1,2,1,2
SF,IF2007,2020-05-19 09:33:00.900,3883.8000,1851,0,181653060.000,0,-,-,-,-,3880.4000,3880.2000,3880.0000,3879.8000,3878.0000,3882.4000,3883.2000,3884.0000,3885.0000,3888.0000,3,2,1,1,2,4,1,2,1,2
SF,IF2007,2020-05-19 09:33:01.400,3883.8000,1851,0,181653060.000,0,-,-,-,-,3880.4000,3880.2000,3880.0000,3879.8000,3878.0000,3882.2000,3882.4000,3883.2000,3884.0000,3885.0000,3,2,1,1,2,1,4,1,2,1
SF,IF2007,2020-05-19 09:33:01.900,3883.8000,1851,0,181653060.000,0,-,-,-,-,3880.4000,3880.2000,3880.0000,3879.8000,3878.0000,3882.0000,3882.2000,3882.4000,3883.2000,3884.0000,3,1,1,1,2,2,1,1,1,2
SF,IF2007,2020-05-19 09:33:02.400,3883.8000,1851,0,181653060.000,0,-,-,-,-,3880.4000,3880.2000,3880.0000,3879.8000,3878.0000,3882.0000,3882.2000,3882.4000,3883.2000,3884.0000,2,1,1,1,2,2,1,1,1,2
SF,IF2007,2020-05-19 09:33:02.900,3883.8000,1851,0,181653060.000,0,-,-,-,-,3880.4000,3880.2000,3880.0000,3879.8000,3878.0000,3882.0000,3882.2000,3883.2000,3884.0000,3885.0000,2,1,1,1,2,2,1,1,2,1
SF,IF2007,2020-05-19 09:33:03.400,3883.8000,1851,0,181653060.000,0,-,-,-,-,3880.8000,3880.6000,3880.4000,3880.2000,3880.0000,3882.2000,3883.2000,3884.0000,3885.0000,3888.0000,2,2,2,1,1,1,1,2,1,2
SF,IF2007,2020-05-19 09:33:03.900,3883.8000,1851,0,181653060.000,0,-,-,-,-,3880.8000,3880.6000,3880.4000,3880.2000,3880.0000,3883.2000,3883.8000,3884.0000,3885.0000,3888.0000,2,2,2,1,1,1,2,2,1,2
SF,IF2007,2020-05-19 09:33:04.400,3883.8000,1851,0,181653060.000,0,-,-,-,-,3881.0000,3880.6000,3880.2000,3880.0000,3879.8000,3883.0000,3883.2000,3883.8000,3884.0000,3885.0000,3,2,1,1,1,3,1,2,2,1
SF,IF2007,2020-05-19 09:33:04.900,3883.8000,1851,0,181653060.000,0,-,-,-,-,3881.0000,3880.2000,3880.0000,3879.8000,3878.0000,3882.8000,3883.0000,3883.2000,3883.8000,3884.0000,2,1,1,1,2,2,3,1,2,2
SF,IF2007,2020-05-19 09:33:05.400,3883.8000,1851,0,181653060.000,0,-,-,-,-,3881.0000,3880.2000,3880.0000,3879.8000,3878.0000,3882.6000,3883.2000,3883.8000,3884.0000,3885.0000,2,1,1,1,2,3,1,2,2,1
SF,IF2007,2020-05-19 09:33:05.900,3883.8000,1851,0,181653060.000,0,-,-,-,-,3881.6000,3881.4000,3881.2000,3881.0000,3880.2000,3883.2000,3883.8000,3884.0000,3885.0000,3888.0000,1,1,3,1,1,1,2,2,1,2
SF,IF2007,2020-05-19 09:33:06.400,3883.8000,1851,0,181653060.000,0,-,-,-,-,3881.6000,3881.4000,3881.2000,3881.0000,3880.2000,3883.0000,3883.2000,3883.8000,3884.0000,3885.0000,1,1,3,1,1,1,1,2,2,1
SF,IF2007,2020-05-19 09:33:06.900,3883.8000,1851,0,181653060.000,0,-,-,-,-,3881.8000,3881.6000,3881.4000,3881.2000,3880.2000,3883.2000,3883.8000,3884.0000,3885.0000,3888.0000,1,1,1,2,1,1,2,2,1,2
SF,IF2007,2020-05-19 09:33:07.400,3883.8000,1851,0,181653060.000,0,-,-,-,-,3881.8000,3881.6000,3881.4000,3881.2000,3880.2000,3883.0000,3883.2000,3883.8000,3884.0000,3885.0000,3,1,1,2,1,1,1,2,2,1
SF,IF2007,2020-05-19 09:33:08.400,3883.8000,1851,0,181653060.000,0,-,-,-,-,3881.8000,3881.6000,3881.4000,3880.2000,3880.0000,3883.0000,3883.2000,3883.8000,3884.0000,3885.0000,2,1,1,1,1,1,1,2,2,1
SF,IF2007,2020-05-19 09:33:08.900,3883.8000,1851,0,181653060.000,0,-,-,-,-,3882.0000,3881.8000,3880.2000,3880.0000,3879.8000,3883.0000,3883.2000,3883.8000,3884.0000,3885.0000,4,2,1,1,1,1,1,2,2,1
SF,IF2007,2020-05-19 09:33:09.400,3883.8000,1851,0,181653060.000,0,-,-,-,-,3882.2000,3882.0000,3881.8000,3880.2000,3880.0000,3883.0000,3883.2000,3883.8000,3884.0000,3885.0000,1,4,1,1,1,1,1,2,2,1
SF,IF2007,2020-05-19 09:33:09.900,3883.8000,1851,0,181653060.000,0,-,-,-,-,3882.2000,3882.0000,3881.8000,3880.2000,3880.0000,3883.0000,3883.2000,3883.8000,3884.0000,3885.0000,1,2,1,1,1,1,1,2,2,1
SF,IF2007,2020-05-19 09:33:10.400,3883.8000,1851,0,181653060.000,0,-,-,-,-,3882.2000,3881.8000,3880.2000,3880.0000,3879.8000,3883.8000,3884.0000,3885.0000,3888.0000,3889.2000,1,1,1,1,1,2,2,1,2,1
SF,IF2007,2020-05-19 09:33:10.900,3883.8000,1851,0,181653060.000,0,-,-,-,-,3882.2000,3881.8000,3880.2000,3880.0000,3879.8000,3883.6000,3883.8000,3884.0000,3885.0000,3888.0000,1,1,1,1,1,2,2,2,1,2
SF,IF2007,2020-05-19 09:33:11.900,3883.8000,1851,0,181653060.000,0,-,-,-,-,3882.2000,3881.8000,3880.2000,3880.0000,3879.8000,3883.4000,3883.6000,3883.8000,3884.0000,3885.0000,1,1,1,1,1,1,2,2,2,1
SF,IF2007,2020-05-19 09:33:12.400,3883.8000,1851,0,181653060.000,0,-,-,-,-,3882.2000,3881.8000,3880.2000,3880.0000,3879.8000,3883.6000,3883.8000,3884.0000,3885.0000,3888.0000,1,1,1,1,1,2,2,2,1,2
SF,IF2007,2020-05-19 09:33:12.900,3883.8000,1851,0,181653060.000,0,-,-,-,-,3882.2000,3881.8000,3880.2000,3880.0000,3879.8000,3883.4000,3883.6000,3883.8000,3884.0000,3885.0000,1,1,1,1,1,1,2,2,2,1
SF,IF2007,2020-05-19 09:33:13.400,3883.8000,1851,0,181653060.000,0,-,-,-,-,3882.4000,3882.2000,3881.8000,3880.2000,3880.0000,3883.4000,3883.6000,3883.8000,3884.0000,3885.0000,1,1,1,1,1,1,2,2,2,1
SF,IF2007,2020-05-19 09:33:14.400,3883.8000,1851,0,181653060.000,0,-,-,-,-,3882.6000,3882.4000,3882.2000,3881.8000,3880.2000,3883.4000,3883.6000,3883.8000,3884.0000,3885.0000,1,1,1,1,1,1,2,2,2,1
SF,IF2007,2020-05-19 09:33:16.900,3883.8000,1851,0,181653060.000,0,-,-,-,-,3882.6000,3882.4000,3882.2000,3881.8000,3880.2000,3883.4000,3883.8000,3884.0000,3885.0000,3889.2000,1,1,1,1,1,1,2,2,1,1
SF,IF2007,2020-05-19 09:33:17.400,3883.8000,1851,0,181653060.000,0,-,-,-,-,3882.6000,3882.4000,3882.2000,3881.8000,3880.2000,3883.8000,3884.0000,3885.0000,3889.2000,3890.0000,1,1,1,1,1,2,2,1,1,4
SF,IF2007,2020-05-19 09:33:17.900,3883.8000,1851,0,181653060.000,0,-,-,-,-,3882.4000,3882.2000,3881.8000,3880.2000,3880.0000,3883.4000,3883.8000,3884.0000,3885.0000,3889.2000,1,1,1,1,1,2,2,2,1,1
SF,IF2007,2020-05-19 09:33:18.400,3883.8000,1851,0,181653060.000,0,-,-,-,-,3882.4000,3882.2000,3881.8000,3880.2000,3880.0000,3883.4000,3883.6000,3883.8000,3884.0000,3885.0000,1,1,1,1,1,2,2,2,2,1
SF,IF2007,2020-05-19 09:33:18.900,3883.8000,1851,0,181653060.000,0,-,-,-,-,3882.4000,3882.2000,3881.8000,3880.2000,3880.0000,3883.4000,3883.8000,3884.0000,3885.0000,3889.2000,1,1,1,1,1,2,2,2,1,1
SF,IF2007,2020-05-19 09:33:19.400,3883.8000,1851,0,181653060.000,0,-,-,-,-,3882.6000,3882.4000,3881.8000,3880.2000,3880.0000,3883.4000,3883.8000,3884.0000,3885.0000,3889.2000,1,1,1,1,1,2,2,2,1,1
SF,IF2007,2020-05-19 09:33:19.900,3883.8000,1851,0,181653060.000,0,-,-,-,-,3882.6000,3882.4000,3881.8000,3880.2000,3880.0000,3883.4000,3883.8000,3884.0000,3885.0000,3889.2000,1,1,1,1,1,2,2,2,1,1
SF,IF2007,2020-05-19 09:33:21.400,3882.6000,1851,0,182817840.000,1,0,1,多换,S,3882.4000,3881.8000,3880.2000,3880.0000,3879.8000,3883.4000,3883.8000,3884.0000,3885.0000,3889.2000,1,1,1,1,1,2,2,2,1,1
SF,IF2007,2020-05-19 09:33:25.900,3882.6000,1851,0,182817840.000,0,-,-,-,-,3882.4000,3881.8000,3880.2000,3880.0000,3879.8000,3883.2000,3883.4000,3883.8000,3884.0000,3885.0000,1,1,1,1,1,1,2,2,2,1
SF,IF2007,2020-05-19 09:33:28.400,3882.6000,1851,0,182817840.000,0,-,-,-,-,3882.4000,3881.8000,3880.2000,3880.0000,3879.8000,3882.6000,3883.2000,3883.4000,3883.8000,3884.0000,1,1,1,1,1,2,1,2,2,2
SF,IF2007,2020-05-19 09:33:30.900,3882.6000,1849,-2,185147400.000,2,0,2,双平,S,3882.4000,3881.8000,3880.2000,3880.0000,3879.8000,3883.2000,3883.4000,3883.8000,3884.0000,3885.0000,1,1,1,1,1,1,2,2,2,1
SF,IF2007,2020-05-19 09:33:31.400,3882.6000,1849,0,185147400.000,0,-,-,-,-,3882.4000,3881.8000,3880.2000,3880.0000,3879.8000,3883.4000,3883.8000,3884.0000,3885.0000,3889.2000,1,1,1,1,1,2,2,2,1,1
SF,IF2007,2020-05-19 09:33:33.400,3882.6000,1849,0,185147400.000,0,-,-,-,-,3882.4000,3881.8000,3880.2000,3880.0000,3879.8000,3883.4000,3883.8000,3884.0000,3885.0000,3889.2000,1,1,1,1,1,2,2,1,1,1
SF,IF2007,2020-05-19 09:33:34.900,3882.6000,1849,0,185147400.000,0,-,-,-,-,3882.4000,3881.8000,3880.2000,3880.0000,3879.8000,3883.4000,3883.8000,3884.0000,3885.0000,3890.0000,1,1,1,1,1,2,2,1,1,4
SF,IF2007,2020-05-19 09:33:35.400,3882.4000,1848,-1,186312120.000,1,0,1,双平,S,3880.2000,3880.0000,3879.8000,3878.2000,3878.0000,3883.2000,3883.4000,3883.8000,3884.0000,3885.0000,1,1,1,1,2,1,2,2,1,1
SF,IF2007,2020-05-19 09:33:35.900,3882.4000,1848,0,186312120.000,0,-,-,-,-,3880.4000,3880.2000,3880.0000,3879.8000,3878.2000,3883.2000,3883.4000,3883.8000,3884.0000,3885.0000,2,1,1,1,1,3,2,2,1,1
SF,IF2007,2020-05-19 09:33:36.400,3882.4000,1848,0,186312120.000,0,-,-,-,-,3881.0000,3880.4000,3880.2000,3880.0000,3879.8000,3883.0000,3883.2000,3883.4000,3883.8000,3884.0000,1,2,1,1,1,1,3,2,2,1
SF,IF2007,2020-05-19 09:33:36.900,3882.8000,1849,1,187476960.000,1,1,0,双开,S,3881.2000,3881.0000,3880.4000,3880.2000,3880.0000,3882.8000,3883.0000,3883.4000,3883.8000,3884.0000,2,1,1,1,1,2,1,2,2,1
SF,IF2007,2020-05-19 09:33:37.400,3882.8000,1849,0,187476960.000,0,-,-,-,-,3881.2000,3881.0000,3880.4000,3880.2000,3880.0000,3882.8000,3883.4000,3883.8000,3884.0000,3885.0000,3,1,1,1,1,2,2,2,1,1
SF,IF2007,2020-05-19 09:33:37.900,3882.8000,1849,0,187476960.000,0,-,-,-,-,3881.4000,3881.2000,3881.0000,3880.4000,3880.2000,3883.4000,3883.8000,3884.0000,3885.0000,3890.0000,2,3,1,1,1,2,2,1,1,4
SF,IF2007,2020-05-19 09:33:38.400,3882.8000,1849,0,187476960.000,0,-,-,-,-,3882.0000,3881.6000,3881.4000,3881.2000,3881.0000,3883.4000,3883.8000,3884.0000,3885.0000,3890.0000,1,3,2,1,1,2,2,1,1,4
SF,IF2007,2020-05-19 09:33:38.900,3882.8000,1849,0,187476960.000,0,-,-,-,-,3882.2000,3882.0000,3881.6000,3881.2000,3881.0000,3883.4000,3884.0000,3885.0000,3890.0000,3890.2000,1,1,1,1,1,2,1,1,4,3
SF,IF2007,2020-05-19 09:33:39.400,3882.8000,1849,0,187476960.000,0,-,-,-,-,3882.2000,3882.0000,3881.6000,3881.2000,3881.0000,3884.0000,3885.0000,3890.0000,3890.2000,3890.6000,1,1,1,1,1,1,1,4,3,15
SF,IF2007,2020-05-19 09:33:39.900,3882.8000,1849,0,187476960.000,0,-,-,-,-,3882.2000,3882.0000,3881.6000,3881.2000,3881.0000,3883.8000,3884.0000,3885.0000,3890.0000,3890.2000,1,1,1,1,1,2,1,1,4,3
SF,IF2007,2020-05-19 09:33:40.400,3882.8000,1849,0,187476960.000,0,-,-,-,-,3882.4000,3882.2000,3882.0000,3881.6000,3881.2000,3883.8000,3884.0000,3885.0000,3890.0000,3890.2000,1,1,1,1,1,2,1,1,4,3
SF,IF2007,2020-05-19 09:33:40.900,3882.8000,1849,0,187476960.000,0,-,-,-,-,3882.6000,3882.4000,3882.0000,3881.6000,3881.2000,3883.8000,3884.0000,3885.0000,3890.0000,3890.2000,1,1,1,1,1,2,1,1,4,3
SF,IF2007,2020-05-19 09:33:41.400,3882.4000,1849,0,188641680.000,1,0,1,多换,S,3882.0000,3881.6000,3881.2000,3880.4000,3880.2000,3883.8000,3884.0000,3885.0000,3890.0000,3890.2000,1,1,1,1,1,2,1,1,4,3
SF,IF2007,2020-05-19 09:33:41.900,3882.4000,1849,0,188641680.000,0,-,-,-,-,3882.2000,3882.0000,3881.2000,3880.4000,3880.2000,3884.0000,3885.0000,3890.0000,3890.2000,3890.6000,2,1,1,1,1,1,1,4,3,15
SF,IF2007,2020-05-19 09:33:42.400,3882.4000,1849,0,188641680.000,0,-,-,-,-,3881.2000,3880.4000,3880.2000,3880.0000,3879.8000,3883.8000,3884.0000,3885.0000,3890.0000,3890.2000,1,1,1,1,1,4,1,1,4,3
SF,IF2007,2020-05-19 09:33:42.900,3882.4000,1849,0,188641680.000,0,-,-,-,-,3881.4000,3881.2000,3880.2000,3880.0000,3879.8000,3883.6000,3884.0000,3885.0000,3890.0000,3890.2000,3,1,1,1,1,2,1,1,4,3
SF,IF2007,2020-05-19 09:33:43.400,3882.4000,1849,0,188641680.000,0,-,-,-,-,3881.4000,3881.2000,3880.2000,3880.0000,3879.8000,3883.4000,3883.6000,3884.0000,3885.0000,3890.0000,3,1,1,1,1,1,3,1,1,4
SF,IF2007,2020-05-19 09:33:43.900,3882.4000,1849,0,188641680.000,0,-,-,-,-,3881.8000,3881.6000,3881.4000,3880.2000,3880.0000,3883.2000,3884.0000,3885.0000,3890.0000,3890.2000,1,1,3,1,1,3,1,1,4,3
SF,IF2007,2020-05-19 09:33:44.400,3882.4000,1849,0,188641680.000,0,-,-,-,-,3881.6000,3881.4000,3880.2000,3880.0000,3879.8000,3883.2000,3884.0000,3885.0000,3890.0000,3890.2000,1,3,1,1,1,2,1,1,4,3
SF,IF2007,2020-05-19 09:33:44.900,3882.4000,1849,0,188641680.000,0,-,-,-,-,3881.8000,3881.6000,3881.4000,3880.2000,3880.0000,3883.2000,3884.0000,3885.0000,3890.0000,3890.2000,1,1,2,1,1,2,1,1,4,3
SF,IF2007,2020-05-19 09:33:45.400,3882.4000,1849,0,188641680.000,0,-,-,-,-,3881.8000,3881.6000,3881.4000,3880.2000,3880.0000,3884.0000,3885.0000,3890.0000,3890.2000,3890.6000,3,1,1,1,1,1,1,4,3,15
SF,IF2007,2020-05-19 09:33:45.900,3882.4000,1849,0,188641680.000,0,-,-,-,-,3882.0000,3881.8000,3881.6000,3880.2000,3880.0000,3883.8000,3884.0000,3885.0000,3890.0000,3890.2000,1,3,1,1,1,3,1,1,4,3
SF,IF2007,2020-05-19 09:33:46.400,3882.4000,1849,0,188641680.000,0,-,-,-,-,3882.2000,3882.0000,3881.6000,3880.2000,3880.0000,3883.8000,3884.0000,3885.0000,3890.0000,3890.2000,2,1,1,1,1,2,1,1,4,3
SF,IF2007,2020-05-19 09:33:46.900,3882.4000,1849,0,188641680.000,0,-,-,-,-,3882.2000,3882.0000,3881.6000,3880.2000,3880.0000,3883.8000,3884.0000,3885.0000,3890.0000,3890.2000,1,1,1,1,1,2,1,1,4,3
SF,IF2007,2020-05-19 09:33:47.400,3882.4000,1849,0,188641680.000,0,-,-,-,-,3882.6000,3882.4000,3882.2000,3882.0000,3881.6000,3883.8000,3884.0000,3885.0000,3890.0000,3890.2000,2,1,1,1,1,2,1,1,4,3
SF,IF2007,2020-05-19 09:33:47.900,3882.4000,1849,0,188641680.000,0,-,-,-,-,3882.2000,3882.0000,3881.6000,3880.2000,3880.0000,3883.8000,3884.0000,3885.0000,3890.0000,3890.2000,1,1,1,1,1,2,1,1,4,3
SF,IF2007,2020-05-19 09:33:48.900,3882.4000,1849,0,188641680.000,0,-,-,-,-,3882.2000,3882.0000,3881.6000,3880.2000,3880.0000,3883.6000,3883.8000,3884.0000,3885.0000,3890.0000,1,1,1,1,1,1,2,1,1,4
SF,IF2007,2020-05-19 09:33:49.400,3882.4000,1849,0,188641680.000,0,-,-,-,-,3882.2000,3881.6000,3880.2000,3880.0000,3879.8000,3883.4000,3883.6000,3884.0000,3885.0000,3890.0000,1,1,1,1,1,2,1,1,1,4
SF,IF2007,2020-05-19 09:33:49.900,3882.4000,1849,0,188641680.000,0,-,-,-,-,3882.4000,3882.2000,3881.6000,3880.2000,3880.0000,3883.4000,3884.0000,3885.0000,3890.0000,3890.2000,1,1,1,1,1,2,1,1,4,3
SF,IF2007,2020-05-19 09:33:50.400,3882.4000,1849,0,188641680.000,0,-,-,-,-,3882.4000,3882.2000,3881.6000,3880.2000,3880.0000,3884.0000,3885.0000,3890.0000,3890.2000,3890.6000,1,1,1,1,1,1,1,4,3,15
SF,IF2007,2020-05-19 09:33:50.900,3882.4000,1849,0,188641680.000,0,-,-,-,-,3882.2000,3881.6000,3880.2000,3880.0000,3879.8000,3883.8000,3884.0000,3885.0000,3890.0000,3890.2000,1,1,1,1,1,2,1,1,4,3
SF,IF2007,2020-05-19 09:33:51.900,3882.4000,1849,0,188641680.000,0,-,-,-,-,3882.6000,3882.4000,3882.2000,3881.6000,3880.2000,3883.0000,3884.0000,3885.0000,3890.0000,3890.2000,1,1,1,1,1,1,1,1,4,3
SF,IF2007,2020-05-19 09:33:52.400,3882.4000,1849,0,188641680.000,0,-,-,-,-,3882.6000,3882.2000,3881.6000,3880.2000,3880.0000,3883.0000,3883.6000,3884.0000,3885.0000,3890.0000,1,1,1,1,1,1,1,1,1,4
SF,IF2007,2020-05-19 09:33:53.400,3882.4000,1849,0,188641680.000,0,-,-,-,-,3882.2000,3881.6000,3880.2000,3880.0000,3879.8000,3883.0000,3883.6000,3884.0000,3885.0000,3890.0000,1,1,1,1,1,1,1,1,1,4
SF,IF2007,2020-05-19 09:33:56.400,3882.4000,1849,0,188641680.000,0,-,-,-,-,3882.2000,3881.6000,3880.2000,3880.0000,3879.8000,3883.0000,3883.6000,3884.0000,3885.0000,3890.0000,1,1,1,1,1,1,1,1,1,4
SF,IF2007,2020-05-19 09:33:57.400,3883.0000,1849,0,189806580.000,1,0,1,多换,S,3882.2000,3881.6000,3880.2000,3880.0000,3879.8000,3883.6000,3884.0000,3885.0000,3890.0000,3890.2000,1,1,1,1,1,1,1,1,4,3
SF,IF2007,2020-05-19 09:33:57.900,3883.0000,1849,0,189806580.000,0,-,-,-,-,3882.4000,3882.2000,3881.6000,3880.2000,3880.0000,3884.0000,3885.0000,3890.0000,3890.2000,3890.6000,1,1,1,1,1,1,1,4,3,15
SF,IF2007,2020-05-19 09:33:58.400,3883.0000,1849,0,189806580.000,0,-,-,-,-,3882.6000,3882.4000,3881.6000,3880.2000,3880.0000,3884.0000,3885.0000,3890.0000,3890.2000,3890.6000,2,1,1,1,1,1,1,4,3,15
SF,IF2007,2020-05-19 09:33:58.900,3883.0000,1849,0,189806580.000,0,-,-,-,-,3882.6000,3881.6000,3880.2000,3880.0000,3879.8000,3883.8000,3884.0000,3885.0000,3890.0000,3890.2000,1,1,1,1,1,1,1,1,4,3
SF,IF2007,2020-05-19 09:34:00.400,3883.0000,1849,0,189806580.000,0,-,-,-,-,3882.8000,3882.6000,3881.6000,3880.2000,3880.0000,3883.8000,3884.0000,3885.0000,3890.0000,3890.2000,1,1,1,1,1,1,1,1,4,3
SF,IF2007,2020-05-19 09:34:00.900,3883.0000,1849,0,189806580.000,0,-,-,-,-,3883.0000,3882.8000,3881.6000,3880.2000,3880.0000,3883.8000,3884.0000,3885.0000,3890.0000,3890.2000,1,1,1,1,1,1,1,1,4,3
SF,IF2007,2020-05-19 09:34:01.400,3883.0000,1849,0,189806580.000,0,-,-,-,-,3883.0000,3881.6000,3880.2000,3880.0000,3879.8000,3883.8000,3884.0000,3885.0000,3890.0000,3890.2000,1,1,1,1,1,1,1,1,4,3
SF,IF2007,2020-05-19 09:34:03.400,3883.0000,1848,-1,190971480.000,1,0,1,双平,S,3881.6000,3880.2000,3880.0000,3879.8000,3878.2000,3883.8000,3884.0000,3885.0000,3890.0000,3890.2000,1,1,1,1,1,1,1,1,4,3
SF,IF2007,2020-05-19 09:34:03.900,3883.0000,1848,0,190971480.000,0,-,-,-,-,3881.8000,3881.6000,3880.2000,3880.0000,3879.8000,3883.6000,3883.8000,3884.0000,3885.0000,3890.0000,3,1,1,1,1,2,1,1,1,4
SF,IF2007,2020-05-19 09:34:05.400,3883.0000,1848,0,190971480.000,0,-,-,-,-,3881.8000,3881.6000,3880.2000,3880.0000,3879.8000,3883.4000,3883.6000,3883.8000,3884.0000,3885.0000,3,1,1,1,1,1,3,1,1,1
SF,IF2007,2020-05-19 09:34:05.900,3883.0000,1848,0,190971480.000,0,-,-,-,-,3881.6000,3880.2000,3880.0000,3879.8000,3878.2000,3883.2000,3883.4000,3883.6000,3884.0000,3885.0000,1,1,1,1,1,2,2,1,1,1
SF,IF2007,2020-05-19 09:34:06.400,3883.0000,1848,0,190971480.000,0,-,-,-,-,3881.6000,3880.2000,3880.0000,3879.8000,3878.2000,3883.2000,3883.4000,3883.6000,3884.0000,3885.0000,1,1,1,1,1,2,2,1,1,1
SF,IF2007,2020-05-19 09:34:07.400,3883.0000,1848,0,190971480.000,0,-,-,-,-,3882.0000,3881.8000,3881.6000,3880.2000,3880.0000,3883.2000,3883.4000,3883.6000,3884.0000,3885.0000,1,1,1,1,1,2,2,1,1,1
SF,IF2007,2020-05-19 09:34:07.900,3883.0000,1848,0,190971480.000,0,-,-,-,-,3882.2000,3882.0000,3881.8000,3881.6000,3880.2000,3883.2000,3883.4000,3883.6000,3884.0000,3885.0000,1,2,1,1,1,2,2,1,1,1
SF,IF2007,2020-05-19 09:34:08.400,3883.0000,1848,0,190971480.000,0,-,-,-,-,3882.2000,3881.8000,3881.6000,3880.2000,3880.0000,3883.4000,3883.6000,3884.0000,3885.0000,3890.0000,2,1,1,1,1,1,1,1,1,4
SF,IF2007,2020-05-19 09:34:08.900,3883.0000,1848,0,190971480.000,0,-,-,-,-,3882.4000,3882.2000,3881.8000,3881.6000,3880.2000,3883.4000,3883.6000,3884.0000,3885.0000,3890.0000,1,2,1,1,1,1,1,1,1,4
SF,IF2007,2020-05-19 09:34:09.400,3883.0000,1848,0,190971480.000,0,-,-,-,-,3882.6000,3882.4000,3882.2000,3881.8000,3881.6000,3883.4000,3883.6000,3884.0000,3885.0000,3890.0000,1,2,1,1,1,1,1,1,1,4
SF,IF2007,2020-05-19 09:34:09.900,3883.0000,1848,0,190971480.000,0,-,-,-,-,3882.2000,3881.6000,3880.2000,3880.0000,3879.8000,3883.4000,3883.6000,3884.0000,3885.0000,3890.0000,1,1,1,1,1,1,1,1,1,4
SF,IF2007,2020-05-19 09:34:10.400,3883.0000,1848,0,190971480.000,0,-,-,-,-,3881.6000,3880.2000,3880.0000,3879.8000,3878.2000,3883.2000,3883.4000,3883.6000,3884.0000,3885.0000,1,1,1,1,1,2,1,1,1,1
SF,IF2007,2020-05-19 09:34:10.900,3883.0000,1848,0,190971480.000,0,-,-,-,-,3881.8000,3881.6000,3880.2000,3880.0000,3879.8000,3883.2000,3883.4000,3883.6000,3884.0000,3885.0000,1,1,1,1,1,2,1,1,1,1
SF,IF2007,2020-05-19 09:34:11.900,3883.0000,1848,0,190971480.000,0,-,-,-,-,3881.8000,3881.6000,3880.2000,3880.0000,3879.8000,3883.0000,3883.2000,3883.6000,3884.0000,3885.0000,1,1,1,1,1,1,2,1,1,1
SF,IF2007,2020-05-19 09:34:12.400,3883.0000,1848,0,190971480.000,0,-,-,-,-,3881.6000,3880.2000,3880.0000,3879.8000,3878.2000,3883.0000,3883.2000,3883.6000,3884.0000,3885.0000,1,1,1,1,1,1,2,1,1,1
SF,IF2007,2020-05-19 09:34:12.900,3883.0000,1848,0,190971480.000,0,-,-,-,-,3881.8000,3881.6000,3880.2000,3880.0000,3879.8000,3883.0000,3883.2000,3883.6000,3884.0000,3885.0000,1,1,1,1,1,1,2,1,1,1
SF,IF2007,2020-05-19 09:34:13.400,3883.0000,1848,0,190971480.000,0,-,-,-,-,3881.6000,3880.2000,3880.0000,3879.8000,3878.2000,3882.8000,3883.0000,3883.6000,3884.0000,3885.0000,1,1,1,1,1,2,1,1,1,1
SF,IF2007,2020-05-19 09:34:14.900,3883.0000,1848,0,190971480.000,0,-,-,-,-,3880.2000,3880.0000,3879.8000,3878.2000,3878.0000,3882.8000,3883.0000,3883.6000,3884.0000,3885.0000,1,1,1,1,2,2,1,1,1,1
SF,IF2007,2020-05-19 09:34:15.400,3883.0000,1848,0,190971480.000,0,-,-,-,-,3880.8000,3880.4000,3880.2000,3880.0000,3879.8000,3882.6000,3882.8000,3883.6000,3884.0000,3885.0000,1,4,1,1,1,1,2,1,1,1
SF,IF2007,2020-05-19 09:34:15.900,3883.0000,1848,0,190971480.000,0,-,-,-,-,3881.0000,3880.8000,3880.4000,3880.2000,3880.0000,3882.6000,3882.8000,3883.6000,3884.0000,3885.0000,2,1,2,1,1,1,2,1,1,1
SF,IF2007,2020-05-19 09:34:16.400,3883.0000,1848,0,190971480.000,0,-,-,-,-,3881.0000,3880.8000,3880.4000,3880.2000,3880.0000,3882.6000,3882.8000,3883.6000,3884.0000,3885.0000,2,1,1,1,1,1,2,1,1,1
SF,IF2007,2020-05-19 09:34:17.400,3883.0000,1848,0,190971480.000,0,-,-,-,-,3881.0000,3880.8000,3880.4000,3880.2000,3880.0000,3882.4000,3882.6000,3882.8000,3883.6000,3884.0000,2,1,1,1,1,1,1,1,1,1
SF,IF2007,2020-05-19 09:34:17.900,3883.0000,1848,0,190971480.000,0,-,-,-,-,3881.0000,3880.8000,3880.4000,3880.2000,3880.0000,3882.4000,3882.6000,3883.6000,3884.0000,3885.0000,2,1,1,1,1,2,1,1,1,1
SF,IF2007,2020-05-19 09:34:19.400,3883.0000,1848,0,190971480.000,0,-,-,-,-,3881.0000,3880.8000,3880.4000,3880.2000,3880.0000,3882.2000,3882.4000,3883.6000,3884.0000,3885.0000,2,1,1,1,1,1,2,1,1,1
SF,IF2007,2020-05-19 09:34:19.900,3883.0000,1848,0,190971480.000,0,-,-,-,-,3881.0000,3880.4000,3880.2000,3880.0000,3879.8000,3882.2000,3882.4000,3883.6000,3884.0000,3885.0000,1,1,1,1,1,1,2,1,1,1
SF,IF2007,2020-05-19 09:34:20.400,3883.0000,1848,0,190971480.000,0,-,-,-,-,3880.4000,3880.2000,3880.0000,3879.8000,3878.2000,3882.0000,3882.2000,3884.0000,3885.0000,3890.0000,1,1,1,1,1,3,1,1,1,4
SF,IF2007,2020-05-19 09:34:20.900,3883.0000,1848,0,190971480.000,0,-,-,-,-,3880.6000,3880.2000,3880.0000,3879.8000,3878.2000,3882.2000,3884.0000,3885.0000,3890.0000,3890.2000,4,1,1,1,1,1,1,1,4,3
SF,IF2007,2020-05-19 09:34:21.400,3883.0000,1848,0,190971480.000,0,-,-,-,-,3880.8000,3880.6000,3880.2000,3880.0000,3879.8000,3882.2000,3884.0000,3885.0000,3890.0000,3890.2000,1,4,1,1,1,1,1,1,4,3
SF,IF2007,2020-05-19 09:34:21.900,3883.0000,1848,0,190971480.000,0,-,-,-,-,3881.0000,3880.8000,3880.6000,3880.2000,3880.0000,3882.2000,3884.0000,3885.0000,3890.0000,3890.2000,3,1,2,1,1,1,1,1,4,3
SF,IF2007,2020-05-19 09:34:22.900,3883.0000,1848,0,190971480.000,0,-,-,-,-,3881.0000,3880.8000,3880.2000,3880.0000,3879.8000,3882.2000,3884.0000,3885.0000,3890.0000,3890.2000,3,1,1,1,1,1,1,1,4,3
SF,IF2007,2020-05-19 09:34:23.400,3883.0000,1848,0,190971480.000,0,-,-,-,-,3880.2000,3880.0000,3879.8000,3878.2000,3878.0000,3882.2000,3884.0000,3885.0000,3890.0000,3890.2000,1,1,1,1,2,1,1,1,4,3
SF,IF2007,2020-05-19 09:34:23.900,3883.0000,1848,0,190971480.000,0,-,-,-,-,3880.6000,3880.4000,3880.2000,3880.0000,3879.8000,3882.2000,3884.0000,3885.0000,3890.0000,3890.2000,1,2,1,1,1,1,1,1,4,3
SF,IF2007,2020-05-19 09:34:24.400,3883.0000,1848,0,190971480.000,0,-,-,-,-,3880.8000,3880.6000,3880.2000,3880.0000,3879.8000,3882.2000,3884.0000,3885.0000,3890.0000,3890.2000,2,1,1,1,1,1,1,1,4,3
SF,IF2007,2020-05-19 09:34:24.900,3883.0000,1848,0,190971480.000,0,-,-,-,-,3880.8000,3880.6000,3880.2000,3880.0000,3879.8000,3882.0000,3882.2000,3884.0000,3885.0000,3890.0000,2,1,1,1,1,1,1,1,1,4
SF,IF2007,2020-05-19 09:34:25.900,3883.0000,1848,0,190971480.000,0,-,-,-,-,3880.8000,3880.2000,3880.0000,3879.8000,3878.2000,3882.0000,3882.2000,3884.0000,3885.0000,3890.0000,2,1,1,1,1,1,1,1,1,4
SF,IF2007,2020-05-19 09:34:26.400,3883.0000,1848,0,190971480.000,0,-,-,-,-,3880.8000,3880.2000,3880.0000,3879.8000,3878.2000,3881.8000,3882.0000,3884.0000,3885.0000,3890.0000,1,1,1,1,1,1,1,1,1,4
SF,IF2007,2020-05-19 09:34:31.400,3880.8000,1848,0,192135720.000,1,0,1,多换,S,3880.2000,3880.0000,3879.8000,3878.2000,3878.0000,3881.6000,3881.8000,3882.0000,3884.0000,3885.0000,1,1,1,1,2,2,1,1,1,1
SF,IF2007,2020-05-19 09:34:31.900,3880.8000,1848,0,192135720.000,0,-,-,-,-,3880.2000,3880.0000,3879.8000,3878.2000,3878.0000,3881.4000,3881.6000,3881.8000,3882.0000,3884.0000,1,1,1,1,2,1,2,1,1,1
SF,IF2007,2020-05-19 09:34:32.400,3880.8000,1848,0,192135720.000,0,-,-,-,-,3880.2000,3880.0000,3879.8000,3878.2000,3878.0000,3881.2000,3881.4000,3882.0000,3884.0000,3885.0000,1,1,1,1,2,2,2,1,1,1
SF,IF2007,2020-05-19 09:34:32.900,3880.8000,1848,0,192135720.000,0,-,-,-,-,3880.2000,3880.0000,3878.2000,3878.0000,3877.4000,3881.0000,3881.2000,3881.4000,3881.6000,3882.0000,1,1,1,2,1,1,4,1,1,1
SF,IF2007,2020-05-19 09:34:33.400,3880.8000,1848,0,192135720.000,0,-,-,-,-,3880.2000,3880.0000,3878.2000,3878.0000,3877.4000,3880.8000,3881.0000,3881.2000,3881.4000,3881.6000,1,1,1,2,1,2,1,2,1,1
SF,IF2007,2020-05-19 09:34:33.900,3880.8000,1848,0,192135720.000,0,-,-,-,-,3880.2000,3880.0000,3878.2000,3878.0000,3877.4000,3880.6000,3880.8000,3881.2000,3881.4000,3881.6000,1,1,1,2,1,1,3,1,1,1
SF,IF2007,2020-05-19 09:34:34.400,3880.2000,1848,0,193299780.000,1,0,1,多换,S,3880.0000,3878.2000,3878.0000,3877.4000,3877.0000,3880.6000,3880.8000,3881.2000,3881.4000,3881.6000,1,1,2,1,1,1,3,1,1,1
SF,IF2007,2020-05-19 09:34:34.900,3880.2000,1848,0,193299780.000,0,-,-,-,-,3880.0000,3878.2000,3878.0000,3877.4000,3877.0000,3880.4000,3880.6000,3880.8000,3881.2000,3881.4000,1,1,2,1,1,2,1,1,1,1
SF,IF2007,2020-05-19 09:34:35.400,3880.2000,1848,0,193299780.000,0,-,-,-,-,3880.0000,3878.2000,3878.0000,3877.4000,3877.0000,3880.4000,3880.6000,3880.8000,3881.2000,3881.4000,1,1,2,1,1,2,1,1,1,1
SF,IF2007,2020-05-19 09:34:36.400,3880.0000,1849,1,194463780.000,1,1,0,双开,S,3878.2000,3878.0000,3877.4000,3877.0000,3875.0000,3880.4000,3880.6000,3880.8000,3881.2000,3881.6000,1,2,1,1,5,2,1,1,1,1
SF,IF2007,2020-05-19 09:34:36.900,3880.4000,1849,0,195627900.000,1,0,1,多换,S,3880.2000,3878.8000,3878.4000,3878.2000,3878.0000,3880.8000,3881.6000,3884.0000,3885.0000,3890.0000,1,1,5,1,2,1,1,1,1,4
SF,IF2007,2020-05-19 09:34:37.400,3880.8000,1849,0,196792140.000,1,0,1,多换,S,3881.0000,3880.2000,3878.4000,3878.2000,3878.0000,3884.0000,3885.0000,3890.0000,3890.2000,3890.6000,1,1,4,1,2,1,1,4,3,15
SF,IF2007,2020-05-19 09:34:37.900,3880.8000,1849,0,196792140.000,0,-,-,-,-,3881.2000,3880.2000,3878.4000,3878.2000,3878.0000,3883.8000,3884.0000,3885.0000,3890.0000,3890.2000,1,1,3,1,2,3,1,1,4,3
SF,IF2007,2020-05-19 09:34:38.400,3880.8000,1849,0,196792140.000,0,-,-,-,-,3881.2000,3880.2000,3878.4000,3878.2000,3878.0000,3883.8000,3884.0000,3885.0000,3890.0000,3890.2000,1,1,3,1,2,4,1,1,4,3
SF,IF2007,2020-05-19 09:34:38.900,3880.8000,1849,0,196792140.000,0,-,-,-,-,3881.2000,3880.2000,3878.4000,3878.2000,3878.0000,3883.6000,3883.8000,3884.0000,3885.0000,3890.0000,1,1,2,1,2,1,4,1,1,4
SF,IF2007,2020-05-19 09:34:39.400,3881.2000,1849,0,197956500.000,1,0,1,多换,S,3880.2000,3878.4000,3878.2000,3878.0000,3877.4000,3883.4000,3883.6000,3883.8000,3884.0000,3885.0000,1,2,1,2,1,4,3,1,1,1
SF,IF2007,2020-05-19 09:34:39.900,3881.2000,1849,0,197956500.000,0,-,-,-,-,3880.2000,3878.4000,3878.2000,3878.0000,3877.4000,3883.2000,3883.4000,3883.6000,3884.0000,3885.0000,1,2,1,2,1,1,4,3,1,1
SF,IF2007,2020-05-19 09:34:40.400,3881.2000,1849,0,197956500.000,0,-,-,-,-,3880.2000,3878.4000,3878.2000,3878.0000,3877.4000,3883.0000,3883.2000,3883.4000,3883.6000,3884.0000,1,2,1,2,1,3,1,1,3,1
SF,IF2007,2020-05-19 09:34:40.900,3881.2000,1849,0,197956500.000,0,-,-,-,-,3880.2000,3878.4000,3878.2000,3878.0000,3877.4000,3882.2000,3882.8000,3883.0000,3883.2000,3883.4000,1,2,1,2,1,1,1,4,1,1
SF,IF2007,2020-05-19 09:34:41.400,3881.2000,1849,0,197956500.000,0,-,-,-,-,3880.4000,3880.2000,3878.4000,3878.2000,3878.0000,3882.0000,3882.2000,3882.8000,3883.0000,3883.2000,1,1,1,1,2,2,2,1,3,1
SF,IF2007,2020-05-19 09:34:41.900,3881.2000,1849,0,197956500.000,0,-,-,-,-,3880.6000,3880.2000,3878.4000,3878.2000,3878.0000,3882.0000,3882.2000,3882.8000,3883.0000,3883.2000,1,1,1,1,2,2,2,1,3,1
SF,IF2007,2020-05-19 09:34:42.400,3881.2000,1849,0,197956500.000,0,-,-,-,-,3880.6000,3880.2000,3878.4000,3878.2000,3878.0000,3881.6000,3882.0000,3882.2000,3882.8000,3883.0000,1,1,1,1,2,1,2,1,1,3
SF,IF2007,2020-05-19 09:34:42.900,3881.2000,1849,0,197956500.000,0,-,-,-,-,3880.6000,3880.2000,3878.4000,3878.2000,3878.0000,3880.8000,3881.4000,3881.6000,3882.0000,3882.2000,1,1,1,1,2,1,1,1,1,1
SF,IF2007,2020-05-19 09:34:43.400,3880.8000,1848,-1,199120740.000,1,0,1,双平,S,3880.6000,3880.2000,3878.4000,3878.2000,3878.0000,3881.4000,3881.6000,3882.0000,3882.2000,3882.8000,1,1,1,1,2,1,1,1,1,1
SF,IF2007,2020-05-19 09:34:43.900,3880.8000,1848,0,199120740.000,0,-,-,-,-,3880.2000,3878.4000,3878.2000,3878.0000,3877.4000,3881.4000,3881.6000,3882.0000,3882.2000,3882.8000,1,1,1,2,1,1,1,1,1,1
SF,IF2007,2020-05-19 09:34:44.400,3880.8000,1848,0,199120740.000,0,-,-,-,-,3880.8000,3880.4000,3880.2000,3878.4000,3878.2000,3881.4000,3881.6000,3882.0000,3882.2000,3882.8000,1,3,1,1,1,1,1,1,1,1
SF,IF2007,2020-05-19 09:34:44.900,3880.8000,1848,0,199120740.000,0,-,-,-,-,3880.8000,3880.4000,3880.2000,3878.4000,3878.2000,3881.4000,3882.0000,3882.2000,3882.8000,3883.0000,1,3,1,1,1,1,1,1,1,3
SF,IF2007,2020-05-19 09:34:45.400,3881.0000,1849,1,201449460.000,2,1,1,空开,S,3880.8000,3880.4000,3880.2000,3878.4000,3878.2000,3881.2000,3882.0000,3882.2000,3882.8000,3883.0000,1,3,1,1,1,1,1,1,1,2
SF,IF2007,2020-05-19 09:34:45.900,3881.0000,1849,0,201449460.000,0,-,-,-,-,3880.4000,3880.2000,3878.4000,3878.2000,3878.0000,3882.0000,3882.2000,3882.8000,3883.0000,3883.2000,2,1,1,1,2,1,1,1,2,1
SF,IF2007,2020-05-19 09:34:46.400,3881.0000,1849,0,201449460.000,0,-,-,-,-,3880.2000,3878.4000,3878.2000,3878.0000,3877.4000,3881.8000,3882.0000,3882.2000,3882.8000,3883.0000,1,1,1,2,1,1,1,1,1,2
SF,IF2007,2020-05-19 09:34:46.900,3881.0000,1849,0,201449460.000,0,-,-,-,-,3880.2000,3878.4000,3878.2000,3878.0000,3877.4000,3882.0000,3882.2000,3882.8000,3883.0000,3883.2000,1,1,1,2,1,1,1,1,2,1
SF,IF2007,2020-05-19 09:34:47.400,3881.0000,1849,0,201449460.000,0,-,-,-,-,3880.6000,3880.4000,3880.2000,3878.4000,3878.2000,3881.6000,3882.0000,3882.2000,3882.8000,3883.0000,1,1,1,1,1,1,1,1,1,2
SF,IF2007,2020-05-19 09:34:47.900,3880.6000,1849,0,202613640.000,1,0,1,多换,S,3880.4000,3880.2000,3878.4000,3878.2000,3878.0000,3881.6000,3882.0000,3882.2000,3882.8000,3883.0000,1,1,1,1,2,1,1,1,1,2
SF,IF2007,2020-05-19 09:34:48.400,3880.6000,1849,0,202613640.000,0,-,-,-,-,3880.8000,3880.4000,3880.2000,3878.4000,3878.2000,3881.6000,3882.0000,3882.2000,3882.8000,3883.0000,1,1,1,1,1,1,1,1,1,2
SF,IF2007,2020-05-19 09:34:48.900,3880.6000,1849,0,202613640.000,0,-,-,-,-,3880.8000,3880.4000,3880.2000,3878.4000,3878.2000,3881.6000,3881.8000,3882.0000,3882.2000,3882.8000,1,1,1,1,1,1,1,1,1,1
SF,IF2007,2020-05-19 09:34:49.900,3880.6000,1849,0,202613640.000,0,-,-,-,-,3881.4000,3880.8000,3880.4000,3880.2000,3878.4000,3881.6000,3881.8000,3882.0000,3882.2000,3882.8000,1,1,1,1,1,1,1,1,1,1
SF,IF2007,2020-05-19 09:34:50.400,3880.6000,1849,0,202613640.000,0,-,-,-,-,3881.4000,3880.4000,3880.2000,3878.4000,3878.2000,3881.6000,3881.8000,3882.0000,3882.2000,3883.0000,1,1,1,1,1,1,1,1,1,2
SF,IF2007,2020-05-19 09:34:50.900,3880.6000,1849,0,202613640.000,0,-,-,-,-,3881.4000,3880.4000,3880.2000,3878.4000,3878.2000,3881.6000,3881.8000,3882.0000,3882.2000,3883.0000,1,1,1,1,1,2,1,1,1,2
SF,IF2007,2020-05-19 09:34:51.900,3881.4000,1848,-1,203778060.000,1,0,1,双平,S,3880.4000,3880.2000,3878.4000,3878.2000,3878.0000,3881.6000,3881.8000,3882.0000,3882.2000,3883.0000,1,1,1,1,2,2,1,1,1,2
SF,IF2007,2020-05-19 09:34:52.400,3881.4000,1848,0,203778060.000,0,-,-,-,-,3880.2000,3878.4000,3878.2000,3878.0000,3877.4000,3881.6000,3881.8000,3882.0000,3882.2000,3883.0000,1,1,1,2,1,2,1,1,1,2
SF,IF2007,2020-05-19 09:34:53.400,3881.4000,1848,0,203778060.000,0,-,-,-,-,3880.2000,3878.4000,3878.2000,3878.0000,3877.4000,3881.6000,3881.8000,3882.0000,3882.2000,3883.0000,1,1,1,2,1,2,1,1,1,2
SF,IF2007,2020-05-19 09:34:53.900,3881.4000,1848,0,203778060.000,0,-,-,-,-,3880.4000,3880.2000,3878.4000,3878.2000,3878.0000,3881.4000,3881.6000,3881.8000,3882.0000,3882.2000,1,1,1,1,2,1,1,1,1,1
SF,IF2007,2020-05-19 09:34:54.400,3881.4000,1848,0,203778060.000,0,-,-,-,-,3880.4000,3880.2000,3878.4000,3878.2000,3878.0000,3881.4000,3881.6000,3881.8000,3882.0000,3883.0000,1,1,1,1,2,1,1,1,1,2
SF,IF2007,2020-05-19 09:34:54.900,3881.4000,1848,0,203778060.000,0,-,-,-,-,3880.2000,3878.4000,3878.2000,3878.0000,3877.4000,3881.4000,3881.6000,3881.8000,3882.0000,3883.0000,1,1,1,2,1,1,1,1,1,2
SF,IF2007,2020-05-19 09:35:00.900,3881.4000,1848,0,203778060.000,0,-,-,-,-,3880.4000,3880.2000,3878.4000,3878.2000,3878.0000,3881.4000,3881.6000,3881.8000,3882.0000,3883.0000,1,1,1,1,2,1,1,1,1,2
SF,IF2007,2020-05-19 09:35:01.400,3880.6000,1850,2,207271140.000,3,2,1,空开,S,3880.6000,3880.4000,3880.2000,3878.4000,3878.2000,3881.8000,3882.0000,3883.0000,3883.2000,3883.6000,1,1,1,1,1,1,1,2,1,3
SF,IF2007,2020-05-19 09:35:01.900,3880.6000,1850,0,207271140.000,0,-,-,-,-,3880.8000,3880.6000,3880.2000,3878.4000,3878.2000,3883.0000,3883.6000,3884.0000,3890.0000,3890.2000,2,2,1,1,1,1,1,1,4,3
SF,IF2007,2020-05-19 09:35:02.400,3880.6000,1850,0,207271140.000,0,-,-,-,-,3881.0000,3880.8000,3880.2000,3878.4000,3878.2000,3884.0000,3890.0000,3890.2000,3890.6000,3891.0000,1,3,1,1,1,1,4,3,15,5
SF,IF2007,2020-05-19 09:35:02.900,3880.6000,1850,0,207271140.000,0,-,-,-,-,3881.2000,3881.0000,3880.8000,3880.2000,3878.4000,3883.8000,3884.0000,3890.0000,3890.2000,3890.6000,2,1,2,1,1,2,1,4,3,15
SF,IF2007,2020-05-19 09:35:03.400,3880.6000,1850,0,207271140.000,0,-,-,-,-,3881.4000,3881.2000,3880.8000,3880.2000,3878.4000,3883.6000,3883.8000,3884.0000,3890.0000,3890.2000,1,3,1,1,1,1,2,1,4,3
SF,IF2007,2020-05-19 09:35:03.900,3880.6000,1850,0,207271140.000,0,-,-,-,-,3881.4000,3881.2000,3880.2000,3878.4000,3878.2000,3883.4000,3883.6000,3883.8000,3884.0000,3890.0000,1,3,1,1,1,1,1,1,1,4
SF,IF2007,2020-05-19 09:35:04.400,3880.6000,1850,0,207271140.000,0,-,-,-,-,3881.6000,3881.4000,3881.2000,3880.2000,3878.4000,3883.2000,3883.4000,3883.6000,3884.0000,3890.0000,1,1,2,1,1,1,2,1,1,4
SF,IF2007,2020-05-19 09:35:04.900,3880.6000,1850,0,207271140.000,0,-,-,-,-,3882.0000,3881.8000,3881.6000,3881.2000,3880.2000,3883.2000,3883.4000,3883.6000,3884.0000,3890.0000,1,2,1,2,1,1,2,1,1,4
SF,IF2007,2020-05-19 09:35:05.400,3882.0000,1851,1,208435740.000,1,1,0,双开,S,3882.2000,3882.0000,3881.6000,3881.2000,3880.2000,3883.4000,3884.0000,3890.0000,3890.2000,3890.6000,1,2,1,2,1,2,1,4,3,15
SF,IF2007,2020-05-19 09:35:05.900,3881.6000,1850,-1,211929420.000,3,1,2,多平,S,3881.2000,3881.0000,3880.2000,3878.4000,3878.2000,3883.4000,3884.0000,3890.0000,3890.2000,3890.6000,2,1,1,1,1,1,1,4,3,15
SF,IF2007,2020-05-19 09:35:06.400,3881.6000,1850,0,211929420.000,0,-,-,-,-,3882.6000,3882.4000,3881.4000,3881.2000,3881.0000,3884.0000,3890.0000,3890.2000,3890.6000,3891.0000,1,2,2,2,1,1,4,3,15,5
SF,IF2007,2020-05-19 09:35:06.900,3881.6000,1850,0,211929420.000,0,-,-,-,-,3882.6000,3882.4000,3881.4000,3881.2000,3881.0000,3884.0000,3890.0000,3890.2000,3890.6000,3891.0000,1,2,3,2,1,1,4,3,15,5
SF,IF2007,2020-05-19 09:35:07.400,3884.0000,1850,0,213094620.000,1,0,1,多换,S,3882.8000,3882.6000,3882.4000,3881.6000,3881.4000,3890.0000,3890.2000,3890.6000,3891.0000,3891.6000,1,1,2,2,3,4,3,15,5,4
SF,IF2007,2020-05-19 09:35:07.900,3882.8000,1850,0,214259460.000,1,0,1,多换,S,3882.6000,3882.4000,3881.6000,3881.4000,3881.2000,3884.8000,3889.8000,3890.0000,3890.2000,3890.6000,1,1,2,2,1,1,3,6,3,15
SF,IF2007,2020-05-19 09:35:08.400,3882.8000,1850,0,214259460.000,0,-,-,-,-,3882.8000,3882.6000,3882.4000,3882.0000,3881.8000,3884.6000,3884.8000,3889.8000,3890.0000,3890.2000,1,1,1,1,1,3,1,4,6,3
SF,IF2007,2020-05-19 09:35:08.900,3882.8000,1850,0,214259460.000,0,-,-,-,-,3882.8000,3882.6000,3882.4000,3882.0000,3881.8000,3884.6000,3884.8000,3889.8000,3890.0000,3890.2000,1,1,1,1,1,2,1,4,6,3
SF,IF2007,2020-05-19 09:35:09.400,3882.8000,1850,0,214259460.000,0,-,-,-,-,3883.0000,3882.8000,3882.6000,3882.4000,3882.0000,3884.6000,3889.8000,3890.0000,3890.2000,3890.6000,1,1,1,1,1,1,4,5,3,15
SF,IF2007,2020-05-19 09:35:09.900,3882.8000,1850,0,214259460.000,0,-,-,-,-,3883.4000,3883.2000,3883.0000,3882.6000,3882.4000,3889.8000,3890.0000,3890.2000,3890.6000,3891.0000,1,1,2,1,1,4,5,3,15,5
SF,IF2007,2020-05-19 09:35:10.400,3882.8000,1850,0,214259460.000,0,-,-,-,-,3883.0000,3882.6000,3882.4000,3882.0000,3881.8000,3888.0000,3889.6000,3889.8000,3890.0000,3890.2000,2,1,1,1,1,1,3,5,4,3
SF,IF2007,2020-05-19 09:35:10.900,3882.8000,1850,0,214259460.000,0,-,-,-,-,3883.2000,3883.0000,3882.6000,3882.0000,3881.8000,3887.8000,3888.0000,3889.8000,3890.0000,3890.2000,1,2,1,1,1,5,1,4,4,3
SF,IF2007,2020-05-19 09:35:11.400,3882.8000,1850,0,214259460.000,0,-,-,-,-,3883.2000,3883.0000,3882.6000,3882.0000,3881.8000,3884.8000,3887.8000,3888.0000,3889.0000,3889.8000,1,2,1,1,1,1,5,1,2,1
SF,IF2007,2020-05-19 09:35:11.900,3884.8000,1849,-1,215424900.000,1,0,1,双平,S,3883.6000,3883.2000,3883.0000,3882.6000,3882.0000,3887.0000,3887.6000,3887.8000,3888.0000,3889.0000,1,1,2,1,1,1,2,5,1,2
SF,IF2007,2020-05-19 09:35:12.400,3884.8000,1849,0,215424900.000,0,-,-,-,-,3883.8000,3883.4000,3883.0000,3882.6000,3882.0000,3886.8000,3887.0000,3887.6000,3887.8000,3888.0000,1,1,1,1,1,4,1,2,1,1
SF,IF2007,2020-05-19 09:35:12.900,3884.8000,1849,0,215424900.000,0,-,-,-,-,3884.8000,3883.8000,3883.4000,3883.0000,3882.6000,3886.8000,3887.0000,3887.6000,3887.8000,3888.0000,1,1,1,1,1,5,1,2,1,1
SF,IF2007,2020-05-19 09:35:13.400,3884.8000,1849,0,216590340.000,1,0,1,多换,S,3883.4000,3883.0000,3882.6000,3882.0000,3881.6000,3884.8000,3886.4000,3886.8000,3887.0000,3887.6000,1,1,1,1,1,1,1,5,1,2
SF,IF2007,2020-05-19 09:35:13.900,3884.8000,1849,0,216590340.000,0,-,-,-,-,3883.6000,3883.0000,3882.6000,3882.0000,3881.6000,3884.8000,3886.8000,3887.0000,3887.6000,3887.8000,1,1,1,1,1,1,5,1,2,1
SF,IF2007,2020-05-19 09:35:14.400,3884.8000,1849,0,216590340.000,0,-,-,-,-,3883.0000,3882.8000,3882.6000,3882.0000,3881.6000,3884.4000,3886.8000,3887.0000,3887.6000,3887.8000,1,1,1,1,1,1,5,1,2,1
SF,IF2007,2020-05-19 09:35:14.900,3884.8000,1849,0,216590340.000,0,-,-,-,-,3882.0000,3881.6000,3881.4000,3880.2000,3878.2000,3884.2000,3884.4000,3884.6000,3886.8000,3887.0000,1,1,1,1,1,1,1,2,4,1
SF,IF2007,2020-05-19 09:35:15.400,3884.8000,1849,0,216590340.000,0,-,-,-,-,3882.2000,3882.0000,3881.6000,3881.4000,3880.2000,3884.0000,3884.2000,3884.6000,3886.8000,3887.0000,1,1,1,1,1,1,2,1,3,1
SF,IF2007,2020-05-19 09:35:15.900,3884.8000,1849,0,216590340.000,0,-,-,-,-,3883.2000,3882.2000,3881.6000,3881.4000,3880.2000,3883.8000,3884.0000,3886.8000,3887.0000,3887.6000,1,2,1,1,1,1,2,3,1,2
SF,IF2007,2020-05-19 09:35:16.400,3884.8000,1849,0,216590340.000,0,-,-,-,-,3883.2000,3882.4000,3882.2000,3881.6000,3881.4000,3884.0000,3886.8000,3887.0000,3887.6000,3887.8000,1,1,2,1,1,1,3,1,2,1
SF,IF2007,2020-05-19 09:35:16.900,3884.8000,1849,0,216590340.000,0,-,-,-,-,3883.2000,3882.4000,3882.2000,3881.6000,3881.4000,3886.8000,3887.0000,3887.6000,3887.8000,3889.8000,1,1,2,1,1,3,1,2,1,1
SF,IF2007,2020-05-19 09:35:17.400,3884.8000,1849,0,216590340.000,0,-,-,-,-,3883.2000,3882.4000,3882.2000,3881.6000,3881.4000,3883.6000,3884.0000,3884.8000,3886.6000,3886.8000,1,1,1,1,1,1,1,1,3,3
SF,IF2007,2020-05-19 09:35:17.900,3883.6000,1849,0,217755420.000,1,0,1,多换,S,3883.2000,3882.4000,3882.2000,3881.6000,3881.4000,3884.0000,3884.8000,3886.6000,3886.8000,3887.0000,1,1,1,1,1,1,1,3,3,1
SF,IF2007,2020-05-19 09:35:18.400,3883.6000,1849,0,217755420.000,0,-,-,-,-,3883.4000,3883.2000,3882.4000,3882.2000,3881.6000,3884.0000,3884.8000,3886.6000,3886.8000,3887.0000,1,1,1,1,1,1,1,2,3,1
SF,IF2007,2020-05-19 09:35:18.900,3883.6000,1849,0,217755420.000,0,-,-,-,-,3883.6000,3883.4000,3883.2000,3882.4000,3882.2000,3884.0000,3884.8000,3886.6000,3886.8000,3887.0000,1,1,1,1,1,1,1,2,3,1
SF,IF2007,2020-05-19 09:35:19.900,3883.6000,1849,0,217755420.000,0,-,-,-,-,3883.4000,3883.2000,3882.4000,3882.2000,3881.6000,3884.0000,3884.8000,3886.6000,3886.8000,3887.0000,1,1,1,1,1,1,1,2,3,1
SF,IF2007,2020-05-19 09:35:20.400,3883.6000,1849,0,217755420.000,0,-,-,-,-,3883.4000,3883.2000,3882.4000,3882.2000,3881.6000,3884.0000,3886.6000,3886.8000,3887.0000,3887.6000,1,1,1,1,1,1,2,3,1,2
SF,IF2007,2020-05-19 09:35:20.900,3884.0000,1850,1,218920620.000,1,1,0,双开,S,3883.4000,3883.2000,3882.4000,3882.2000,3881.6000,3886.6000,3886.8000,3887.0000,3887.6000,3887.8000,1,1,1,1,1,2,3,1,2,1
SF,IF2007,2020-05-19 09:35:21.400,3884.0000,1850,0,218920620.000,0,-,-,-,-,3883.2000,3882.4000,3882.2000,3881.6000,3881.4000,3886.4000,3886.6000,3886.8000,3887.0000,3887.6000,1,1,1,1,1,2,2,1,1,2
SF,IF2007,2020-05-19 09:35:21.900,3884.0000,1850,0,218920620.000,0,-,-,-,-,3883.2000,3882.4000,3882.2000,3881.6000,3881.4000,3886.2000,3886.4000,3887.0000,3887.6000,3887.8000,1,1,1,1,1,2,2,1,2,1
SF,IF2007,2020-05-19 09:35:22.400,3884.0000,1850,0,218920620.000,0,-,-,-,-,3883.2000,3882.4000,3882.2000,3881.6000,3881.4000,3886.0000,3886.2000,3887.0000,3887.6000,3887.8000,1,1,1,1,1,3,3,1,2,1
SF,IF2007,2020-05-19 09:35:22.900,3884.0000,1850,0,218920620.000,0,-,-,-,-,3883.2000,3882.4000,3882.2000,3881.6000,3881.4000,3883.4000,3885.8000,3886.0000,3886.2000,3887.0000,1,2,1,1,1,1,3,4,1,1
SF,IF2007,2020-05-19 09:35:23.400,3883.6000,1850,0,220085700.000,1,0,1,多换,S,3883.2000,3882.4000,3882.2000,3881.6000,3881.4000,3884.8000,3885.4000,3885.8000,3886.0000,3886.2000,1,2,1,1,1,1,1,3,4,1
SF,IF2007,2020-05-19 09:35:23.900,3883.6000,1850,0,220085700.000,0,-,-,-,-,3883.2000,3882.4000,3882.2000,3881.6000,3881.4000,3884.6000,3885.0000,3885.8000,3886.0000,3886.2000,1,1,1,1,1,1,1,2,4,1
SF,IF2007,2020-05-19 09:35:24.900,3883.6000,1850,0,220085700.000,0,-,-,-,-,3883.2000,3882.4000,3882.2000,3881.6000,3881.4000,3884.6000,3885.0000,3885.8000,3886.0000,3886.2000,1,1,1,1,1,1,1,2,4,1
