市场代码,合约代码,时间,最新,持仓,增仓,成交额,成交量,开仓,平仓,成交类型,方向,买一价,买二价,买三价,买四价,买五价,卖一价,卖二价,卖三价,卖四价,卖五价,买一量,买二量,买三量,买四量,买五量,卖一量,卖二量,卖三量,卖四量,卖五量
SF,IF2009,2020-06-30 09:29:00.400,4048.0000,45370,0,21859200.000,18.000,-,-,-,-,4045.2000,4045.0000,4044.6000,4043.6000,4043.0000,4048.0000,4050.0000,4054.0000,4055.0000,4056.0000,1,21,1,1,1,5,2,1,1,1
SF,IF2009,2020-06-30 09:30:00.400,4048.0000,45365,-5,36432000.000,12,3,9,多平,S,4048.0000,4047.6000,4047.2000,4046.2000,4045.6000,4048.2000,4050.0000,4050.8000,4054.0000,4055.0000,11,1,1,2,8,2,2,1,1,2
SF,IF2009,2020-06-30 09:30:00.900,4050.0000,45362,-3,41290920.000,4,0,4,多平,S,4048.4000,4048.2000,4048.0000,4046.2000,4046.0000,4050.8000,4054.0000,4055.0000,4056.0000,4057.0000,7,11,14,2,4,1,1,2,1,1
SF,IF2009,2020-06-30 09:30:01.400,4050.8000,45361,-1,43721400.000,2,0,2,多平,S,4050.8000,4050.2000,4049.6000,4049.4000,4048.8000,4051.0000,4054.0000,4055.0000,4056.0000,4057.0000,3,3,1,4,1,1,1,2,1,1
SF,IF2009,2020-06-30 09:30:01.900,4051.2000,45357,-4,51013980.000,6,1,5,多平,S,4050.2000,4049.6000,4049.4000,4049.0000,4048.8000,4055.0000,4056.0000,4057.0000,4057.2000,4057.4000,1,1,4,1,1,2,1,1,1,2
SF,IF2009,2020-06-30 09:30:02.400,4054.2000,45354,-3,57091200.000,5,1,4,多平,S,4051.0000,4050.8000,4050.4000,4050.2000,4049.6000,4054.4000,4054.8000,4055.0000,4056.0000,4057.0000,7,2,3,3,1,2,1,2,1,1
SF,IF2009,2020-06-30 09:30:02.900,4054.2000,45347,-7,66816840.000,8,0,8,多平,S,4051.0000,4050.4000,4050.2000,4049.4000,4049.0000,4054.4000,4055.0000,4056.0000,4057.0000,4057.2000,8,1,4,4,1,2,2,1,1,1
SF,IF2009,2020-06-30 09:30:03.400,4054.4000,45347,0,68033160.000,1,0,1,多换,S,4051.4000,4051.2000,4051.0000,4050.4000,4050.2000,4054.4000,4055.0000,4056.0000,4057.0000,4057.2000,1,5,2,1,3,1,2,1,1,1
SF,IF2009,2020-06-30 09:30:03.900,4054.6000,45343,-4,75329940.000,6,1,5,多平,S,4054.4000,4051.8000,4051.6000,4051.4000,4051.2000,4055.0000,4056.0000,4057.0000,4057.2000,4057.4000,1,1,3,1,10,3,1,1,1,2
SF,IF2009,2020-06-30 09:30:04.400,4054.4000,45337,-6,82627860.000,6,0,6,双平,S,4052.2000,4052.0000,4051.6000,4051.4000,4051.2000,4054.8000,4055.0000,4056.0000,4057.0000,4057.2000,1,1,2,1,7,1,3,1,1,1
SF,IF2009,2020-06-30 09:30:04.900,4054.6000,45335,-2,85060680.000,2,0,2,双平,S,4054.4000,4052.8000,4052.4000,4052.2000,4051.4000,4054.8000,4055.0000,4056.0000,4057.0000,4057.2000,1,3,4,2,1,4,3,1,1,1
SF,IF2009,2020-06-30 09:30:05.400,4054.4000,45330,-5,92358480.000,6,0,6,多平,S,4052.8000,4052.6000,4052.4000,4052.2000,4051.2000,4054.4000,4054.8000,4055.0000,4056.0000,4057.0000,2,1,4,4,6,1,1,3,1,1
SF,IF2009,2020-06-30 09:30:05.900,4053.0000,45330,0,94790340.000,2,1,1,多换,S,4052.8000,4052.6000,4052.4000,4052.2000,4051.2000,4054.4000,4055.0000,4056.0000,4057.0000,4057.2000,2,1,3,3,6,2,3,1,1,1
SF,IF2009,2020-06-30 09:30:06.400,4053.0000,45329,-1,98438880.000,3,1,2,多平,S,4052.8000,4052.6000,4052.4000,4052.2000,4051.2000,4055.0000,4056.0000,4057.0000,4057.2000,4057.4000,2,1,3,2,6,3,1,1,1,2
SF,IF2009,2020-06-30 09:30:06.900,4055.0000,45328,-1,99655380.000,1,0,1,双平,S,4053.0000,4052.8000,4052.6000,4052.4000,4052.2000,4054.4000,4055.0000,4056.0000,4057.0000,4057.2000,2,2,1,1,1,2,3,1,1,1
SF,IF2009,2020-06-30 09:30:07.400,4053.2000,45327,-1,100871340.000,1,0,1,双平,S,4053.0000,4052.4000,4052.2000,4051.2000,4051.0000,4054.2000,4054.4000,4055.0000,4056.0000,4057.0000,1,1,1,6,3,1,2,2,1,1
SF,IF2009,2020-06-30 09:30:07.900,4055.0000,45328,1,108169740.000,6,3,3,空开,S,4053.6000,4053.2000,4053.0000,4052.8000,4052.4000,4056.0000,4057.0000,4057.2000,4057.4000,4058.0000,2,2,3,2,1,1,1,1,2,10
SF,IF2009,2020-06-30 09:30:08.400,4055.0000,45328,0,108169740.000,0,-,-,-,-,4053.8000,4053.2000,4053.0000,4052.8000,4052.4000,4055.0000,4056.0000,4056.2000,4057.0000,4057.2000,4,2,1,2,1,1,1,1,1,1
SF,IF2009,2020-06-30 09:30:08.900,4055.0000,45327,-1,109386240.000,1,0,1,双平,S,4054.2000,4053.8000,4053.0000,4052.8000,4052.4000,4056.0000,4056.2000,4057.0000,4057.2000,4057.4000,4,1,1,2,1,1,1,1,1,2
SF,IF2009,2020-06-30 09:30:09.400,4055.0000,45327,0,109386240.000,0,-,-,-,-,4054.4000,4054.2000,4054.0000,4053.6000,4053.0000,4056.0000,4056.2000,4057.0000,4057.2000,4057.4000,3,4,2,1,1,1,1,1,1,2
SF,IF2009,2020-06-30 09:30:09.900,4054.6000,45324,-3,113035380.000,3,0,3,双平,S,4055.0000,4054.6000,4054.4000,4054.2000,4054.0000,4055.8000,4056.0000,4057.0000,4057.2000,4057.4000,1,2,3,8,1,1,1,1,1,2
SF,IF2009,2020-06-30 09:30:10.400,4056.0000,45322,-2,116685360.000,3,0,3,多平,S,4056.0000,4055.8000,4055.0000,4054.6000,4054.4000,4057.0000,4057.2000,4057.4000,4058.0000,4062.0000,2,2,2,3,3,1,1,2,10,1
SF,IF2009,2020-06-30 09:30:10.900,4056.0000,45321,-1,120335760.000,3,1,2,多平,S,4056.0000,4055.8000,4055.0000,4054.4000,4054.2000,4056.8000,4057.0000,4057.2000,4057.4000,4058.0000,3,2,1,2,8,4,1,1,2,10
SF,IF2009,2020-06-30 09:30:11.400,4056.2000,45320,-1,122769600.000,2,0,2,多平,S,4056.2000,4056.0000,4055.8000,4055.0000,4054.4000,4056.8000,4057.0000,4057.2000,4057.4000,4058.0000,2,3,5,1,2,2,1,1,2,10
SF,IF2009,2020-06-30 09:30:11.900,4056.8000,45318,-2,127637160.000,4,1,3,多平,S,4056.0000,4055.8000,4055.0000,4054.4000,4054.2000,4056.8000,4057.0000,4057.2000,4057.4000,4058.0000,2,5,1,2,8,1,1,1,2,10
SF,IF2009,2020-06-30 09:30:12.400,4055.8000,45316,-2,136154460.000,7,2,5,多平,S,4055.0000,4054.4000,4054.2000,4053.6000,4053.0000,4056.2000,4056.4000,4056.6000,4056.8000,4057.0000,1,2,8,1,1,2,3,3,2,1
SF,IF2009,2020-06-30 09:30:12.900,4056.0000,45318,2,139804740.000,3,2,1,空开,S,4055.0000,4054.4000,4054.2000,4053.6000,4053.0000,4056.0000,4056.2000,4056.6000,4057.0000,4057.2000,1,2,8,1,1,5,2,3,1,1
SF,IF2009,2020-06-30 09:30:13.400,4056.0000,45315,-3,143454780.000,3,0,3,双平,S,4054.4000,4054.2000,4053.6000,4053.0000,4052.8000,4056.0000,4056.2000,4056.6000,4057.0000,4057.2000,2,8,1,1,2,4,2,1,1,1
SF,IF2009,2020-06-30 09:30:13.900,4056.0000,45315,0,144671580.000,1,0,1,多换,S,4054.6000,4054.4000,4054.2000,4053.6000,4053.0000,4056.0000,4056.2000,4056.4000,4056.6000,4057.0000,2,2,8,1,1,3,2,1,1,1
SF,IF2009,2020-06-30 09:30:14.400,4056.0000,45315,0,144671580.000,0,-,-,-,-,4054.6000,4054.4000,4054.2000,4053.6000,4053.0000,4055.8000,4056.0000,4056.2000,4056.4000,4056.6000,2,2,8,1,1,3,1,2,1,1
SF,IF2009,2020-06-30 09:30:14.900,4055.4000,45315,0,160483680.000,13,6,7,多换,S,4053.6000,4052.8000,4052.2000,4051.0000,4049.0000,4055.6000,4055.8000,4056.2000,4056.4000,4056.6000,1,1,1,3,1,3,2,2,1,1
SF,IF2009,2020-06-30 09:30:15.400,4055.4000,45315,0,164133540.000,3,1,2,多换,S,4053.8000,4053.6000,4052.2000,4051.0000,4049.0000,4054.6000,4055.4000,4055.6000,4055.8000,4056.2000,2,1,1,3,1,1,3,5,1,2
SF,IF2009,2020-06-30 09:30:15.900,4055.4000,45313,-2,168999060.000,4,1,3,多平,S,4053.8000,4053.6000,4052.2000,4051.0000,4049.0000,4055.4000,4055.6000,4056.2000,4056.4000,4056.6000,1,1,1,3,1,5,2,2,1,1
SF,IF2009,2020-06-30 09:30:16.400,4054.6000,45313,0,171431640.000,2,1,1,多换,S,4053.8000,4053.6000,4052.2000,4051.0000,4049.0000,4054.6000,4055.2000,4055.4000,4055.6000,4056.0000,1,1,1,3,1,1,3,3,1,1
SF,IF2009,2020-06-30 09:30:16.900,4054.6000,45312,-1,175080240.000,3,1,2,多平,S,4052.2000,4051.0000,4049.0000,4048.8000,4048.4000,4054.6000,4055.2000,4055.4000,4055.6000,4056.0000,1,2,1,1,5,1,2,3,1,1
SF,IF2009,2020-06-30 09:30:17.400,4053.8000,45311,-1,177512520.000,2,0,2,多平,S,4052.8000,4052.4000,4052.2000,4051.0000,4049.0000,4055.4000,4055.6000,4056.0000,4056.2000,4056.4000,1,4,1,2,1,3,1,1,2,1
SF,IF2009,2020-06-30 09:30:17.900,4053.0000,45310,-1,179944320.000,2,0,2,多平,S,4053.0000,4052.8000,4052.4000,4052.2000,4051.0000,4055.2000,4055.4000,4055.6000,4056.0000,4056.2000,1,1,1,1,1,3,4,1,1,2
SF,IF2009,2020-06-30 09:30:18.400,4053.0000,45310,0,179944320.000,0,-,-,-,-,4054.6000,4053.0000,4052.8000,4052.4000,4051.0000,4055.0000,4055.2000,4055.4000,4056.0000,4056.2000,1,2,2,1,1,1,3,4,1,2
SF,IF2009,2020-06-30 09:30:18.900,4054.6000,45310,0,182377080.000,2,1,1,多换,S,4053.0000,4051.0000,4049.0000,4048.8000,4048.4000,4054.8000,4055.0000,4055.2000,4055.4000,4056.0000,1,1,1,1,5,1,3,2,4,1
SF,IF2009,2020-06-30 09:30:19.400,4051.0000,45305,-5,190884780.000,7,1,6,多平,S,4049.0000,4048.8000,4048.4000,4048.2000,4048.0000,4053.0000,4054.6000,4054.8000,4055.0000,4055.2000,1,1,5,9,3,2,4,1,3,2
SF,IF2009,2020-06-30 09:30:19.900,4051.0000,45305,0,190884780.000,0,-,-,-,-,4052.4000,4051.4000,4051.2000,4050.2000,4050.0000,4052.8000,4053.0000,4054.6000,4055.0000,4055.2000,2,7,1,1,1,3,2,3,1,1
SF,IF2009,2020-06-30 09:30:20.400,4054.6000,45302,-3,199396860.000,7,2,5,多平,S,4051.4000,4051.2000,4050.4000,4050.2000,4050.0000,4054.6000,4055.0000,4055.2000,4055.4000,4056.0000,6,1,1,1,1,1,1,1,4,1
SF,IF2009,2020-06-30 09:30:20.900,4054.6000,45302,0,199396860.000,0,-,-,-,-,4051.6000,4051.4000,4051.2000,4050.4000,4050.2000,4054.4000,4054.6000,4055.0000,4055.2000,4055.4000,8,5,1,1,1,3,1,1,1,4
SF,IF2009,2020-06-30 09:30:21.400,4054.6000,45302,0,199396860.000,0,-,-,-,-,4052.8000,4051.8000,4051.6000,4051.4000,4051.2000,4054.2000,4054.4000,4054.6000,4055.0000,4055.2000,1,1,9,5,1,1,3,1,1,1
SF,IF2009,2020-06-30 09:30:21.900,4052.8000,45303,1,200612700.000,1,1,0,双开,S,4051.8000,4051.6000,4051.2000,4050.4000,4050.2000,4054.0000,4054.2000,4054.4000,4054.6000,4055.0000,1,3,1,2,1,1,1,3,1,2
SF,IF2009,2020-06-30 09:30:22.400,4052.8000,45303,0,200612700.000,0,-,-,-,-,4052.4000,4052.0000,4051.8000,4051.6000,4051.2000,4054.0000,4054.6000,4055.0000,4055.2000,4055.4000,1,7,1,1,1,1,1,2,1,4
SF,IF2009,2020-06-30 09:30:22.900,4053.6000,45303,0,203044560.000,2,1,1,多换,S,4052.0000,4051.8000,4051.6000,4051.2000,4050.4000,4053.8000,4054.0000,4054.6000,4055.0000,4055.2000,1,1,1,1,2,1,1,1,3,1
SF,IF2009,2020-06-30 09:30:23.400,4053.6000,45303,0,203044560.000,0,-,-,-,-,4052.4000,4052.2000,4052.0000,4051.8000,4051.2000,4053.8000,4054.6000,4055.0000,4055.2000,4055.4000,1,1,1,1,1,1,1,3,1,4
SF,IF2009,2020-06-30 09:30:23.900,4053.6000,45303,0,203044560.000,0,-,-,-,-,4053.8000,4052.8000,4052.6000,4052.4000,4052.2000,4054.6000,4055.0000,4055.2000,4055.4000,4056.2000,1,1,1,2,7,1,3,1,4,3
SF,IF2009,2020-06-30 09:30:24.400,4053.8000,45303,0,204260700.000,1,0,1,多换,S,4053.0000,4052.4000,4052.2000,4052.0000,4051.8000,4053.4000,4053.8000,4054.6000,4055.0000,4055.2000,1,1,1,2,1,1,1,2,3,2
SF,IF2009,2020-06-30 09:30:24.900,4053.8000,45302,-1,205476840.000,1,0,1,双平,S,4053.0000,4052.4000,4052.0000,4051.8000,4051.2000,4053.2000,4054.6000,4055.0000,4055.2000,4055.4000,1,1,1,1,1,1,2,3,2,4
SF,IF2009,2020-06-30 09:30:25.400,4054.6000,45302,0,209125080.000,3,1,2,多换,S,4052.4000,4052.0000,4051.8000,4051.2000,4050.4000,4054.6000,4055.0000,4055.2000,4055.4000,4056.2000,1,1,1,1,2,1,3,2,4,3
SF,IF2009,2020-06-30 09:30:25.900,4054.6000,45302,0,209125080.000,0,-,-,-,-,4053.4000,4052.6000,4052.0000,4051.8000,4051.2000,4054.4000,4055.0000,4055.2000,4055.4000,4056.2000,1,1,1,1,1,1,3,2,4,3
SF,IF2009,2020-06-30 09:30:26.400,4054.6000,45305,3,215206980.000,5,4,1,空开,S,4053.4000,4052.6000,4052.4000,4052.0000,4051.8000,4054.8000,4055.0000,4055.2000,4055.4000,4056.2000,1,1,1,1,1,1,3,2,4,3
SF,IF2009,2020-06-30 09:30:26.900,4053.4000,45305,0,217639020.000,2,1,1,多换,S,4054.0000,4052.6000,4052.0000,4051.8000,4051.2000,4054.6000,4054.8000,4055.0000,4055.2000,4055.4000,1,1,1,1,1,1,1,3,2,4
SF,IF2009,2020-06-30 09:30:27.400,4054.4000,45304,-1,221287860.000,3,1,2,多平,S,4054.6000,4052.6000,4052.0000,4051.8000,4051.2000,4054.8000,4055.0000,4055.2000,4055.4000,4056.2000,1,1,1,1,1,3,3,2,4,3
SF,IF2009,2020-06-30 09:30:27.900,4054.4000,45303,-1,222504180.000,1,0,1,双平,S,4052.6000,4052.0000,4051.8000,4051.2000,4050.4000,4054.8000,4055.0000,4055.2000,4055.4000,4056.2000,1,1,1,1,2,2,3,2,4,2
SF,IF2009,2020-06-30 09:30:28.400,4054.8000,45303,0,224937000.000,2,1,1,多换,S,4052.8000,4052.6000,4052.4000,4052.0000,4051.8000,4054.6000,4054.8000,4055.0000,4055.2000,4055.4000,1,1,1,1,1,1,1,3,2,4
SF,IF2009,2020-06-30 09:30:28.900,4053.0000,45301,-2,227368800.000,2,0,2,双平,S,4052.8000,4052.6000,4052.4000,4052.0000,4051.8000,4054.4000,4054.6000,4055.0000,4055.2000,4055.4000,1,1,1,1,1,1,4,2,2,4
SF,IF2009,2020-06-30 09:30:29.400,4054.4000,45301,0,228585120.000,1,0,1,多换,S,4053.0000,4052.8000,4052.6000,4052.4000,4052.0000,4054.6000,4055.0000,4055.2000,4055.4000,4056.2000,1,4,1,1,1,4,2,2,4,2
SF,IF2009,2020-06-30 09:30:29.900,4054.6000,45301,0,231017880.000,2,1,1,多换,S,4053.2000,4053.0000,4052.8000,4052.6000,4052.4000,4054.6000,4055.0000,4055.2000,4055.4000,4056.2000,1,1,3,1,1,2,2,2,4,2
SF,IF2009,2020-06-30 09:30:30.400,4055.0000,45300,-1,234667140.000,3,1,2,多平,S,4054.4000,4053.4000,4053.2000,4052.8000,4052.6000,4055.0000,4055.2000,4055.4000,4056.2000,4056.4000,1,1,2,3,1,4,2,1,2,1
SF,IF2009,2020-06-30 09:30:30.900,4055.0000,45298,-2,237100140.000,2,0,2,双平,S,4054.4000,4053.2000,4052.8000,4052.6000,4052.4000,4054.8000,4055.0000,4055.2000,4055.4000,4056.2000,1,2,2,1,1,1,4,2,1,2
SF,IF2009,2020-06-30 09:30:31.400,4054.8000,45297,-1,239532960.000,2,0,2,多平,S,4054.4000,4053.4000,4053.2000,4052.8000,4052.6000,4055.0000,4055.2000,4055.4000,4056.2000,4056.4000,1,1,2,2,1,4,2,1,2,1
SF,IF2009,2020-06-30 09:30:31.900,4054.8000,45297,0,239532960.000,0,-,-,-,-,4054.6000,4054.4000,4053.4000,4053.2000,4052.8000,4055.0000,4055.2000,4055.4000,4056.2000,4056.4000,1,1,1,2,2,4,2,1,2,1
SF,IF2009,2020-06-30 09:30:32.400,4054.6000,45297,0,240749340.000,1,0,1,多换,S,4054.8000,4054.6000,4054.4000,4053.4000,4053.2000,4055.0000,4055.2000,4055.4000,4056.2000,4056.4000,1,1,1,1,2,5,2,1,2,1
SF,IF2009,2020-06-30 09:30:32.900,4054.8000,45297,0,245614920.000,4,2,2,多换,S,4053.4000,4053.2000,4052.8000,4052.6000,4052.4000,4055.0000,4055.2000,4055.4000,4056.2000,4056.4000,1,2,2,1,1,5,2,1,2,1
SF,IF2009,2020-06-30 09:30:33.400,4054.8000,45297,0,245614920.000,0,-,-,-,-,4054.8000,4053.6000,4053.4000,4053.2000,4053.0000,4055.0000,4055.2000,4055.4000,4055.6000,4056.2000,1,2,1,1,1,5,2,1,3,2
SF,IF2009,2020-06-30 09:30:33.900,4054.8000,45297,0,246831360.000,1,0,1,多换,S,4053.6000,4053.4000,4053.2000,4053.0000,4052.8000,4055.0000,4055.2000,4055.4000,4055.6000,4056.2000,1,1,1,1,2,5,2,1,3,2
SF,IF2009,2020-06-30 09:30:34.400,4055.0000,45297,0,249264360.000,2,1,1,多换,S,4053.8000,4053.6000,4053.4000,4053.2000,4053.0000,4055.0000,4055.2000,4055.4000,4055.6000,4056.2000,1,1,1,1,1,3,2,1,3,2
SF,IF2009,2020-06-30 09:30:34.900,4055.0000,45297,0,250480860.000,1,0,1,多换,S,4054.0000,4053.8000,4053.4000,4053.2000,4053.0000,4055.0000,4055.2000,4055.4000,4055.6000,4056.2000,1,1,1,1,1,3,2,1,3,2
SF,IF2009,2020-06-30 09:30:35.400,4055.0000,45294,-3,254130360.000,3,0,3,双平,S,4054.0000,4053.4000,4053.2000,4053.0000,4052.8000,4055.0000,4055.2000,4055.4000,4055.6000,4056.2000,1,1,1,1,2,4,2,1,3,2
SF,IF2009,2020-06-30 09:30:35.900,4055.0000,45294,0,255346860.000,1,0,1,多换,S,4054.0000,4053.4000,4053.0000,4052.8000,4052.6000,4055.0000,4055.2000,4055.4000,4055.6000,4056.2000,1,1,1,1,1,3,2,1,3,2
SF,IF2009,2020-06-30 09:30:36.400,4055.0000,45294,0,255346860.000,0,-,-,-,-,4054.0000,4053.4000,4053.0000,4052.8000,4052.6000,4055.0000,4055.2000,4055.4000,4055.6000,4056.2000,1,1,1,1,1,3,2,1,3,2
SF,IF2009,2020-06-30 09:30:36.900,4054.8000,45294,0,257779500.000,2,1,1,多换,S,4053.4000,4053.0000,4052.8000,4052.6000,4052.4000,4054.8000,4055.0000,4055.2000,4055.4000,4055.6000,1,1,1,1,1,2,3,2,1,3
SF,IF2009,2020-06-30 09:30:37.400,4054.8000,45293,-1,260212380.000,2,0,2,多平,S,4053.6000,4053.4000,4053.0000,4052.8000,4052.6000,4053.8000,4055.0000,4055.2000,4055.4000,4055.6000,2,1,1,1,1,1,3,2,1,3
SF,IF2009,2020-06-30 09:30:37.900,4054.8000,45294,1,263861460.000,3,2,1,空开,S,4053.8000,4053.6000,4053.4000,4053.0000,4052.8000,4055.0000,4055.2000,4055.4000,4055.6000,4056.2000,1,1,1,1,1,2,2,1,3,2
SF,IF2009,2020-06-30 09:30:38.400,4054.8000,45293,-1,265077900.000,1,0,1,双平,S,4054.0000,4053.8000,4053.4000,4053.0000,4052.8000,4055.0000,4055.2000,4055.4000,4055.6000,4056.2000,3,1,1,1,1,2,2,1,3,2
SF,IF2009,2020-06-30 09:30:38.900,4055.0000,45294,1,268727280.000,3,2,1,空开,S,4054.4000,4054.2000,4054.0000,4053.4000,4053.0000,4055.0000,4055.2000,4055.4000,4055.6000,4056.2000,1,1,4,1,1,1,2,1,3,2
SF,IF2009,2020-06-30 09:30:39.400,4055.0000,45293,-1,269943780.000,1,0,1,双平,S,4054.4000,4054.2000,4054.0000,4053.4000,4053.0000,4055.2000,4055.4000,4055.6000,4056.2000,4056.4000,1,1,3,1,1,2,1,3,2,1
SF,IF2009,2020-06-30 09:30:39.900,4054.2000,45292,-1,272376360.000,2,0,2,多平,S,4054.0000,4053.4000,4053.0000,4052.8000,4052.4000,4054.4000,4054.8000,4055.2000,4055.4000,4055.6000,3,1,1,1,1,1,1,2,1,3
SF,IF2009,2020-06-30 09:30:40.400,4054.8000,45290,-2,277241880.000,4,1,3,多平,S,4055.0000,4054.0000,4053.4000,4053.0000,4052.8000,4055.2000,4055.4000,4055.6000,4056.2000,4056.4000,1,3,1,1,1,2,1,3,2,1
SF,IF2009,2020-06-30 09:30:40.900,4055.0000,45289,-1,278458380.000,1,0,1,双平,S,4054.0000,4053.4000,4053.0000,4052.8000,4052.4000,4054.6000,4054.8000,4055.0000,4055.2000,4055.4000,3,1,1,1,1,4,2,1,2,1
SF,IF2009,2020-06-30 09:30:41.400,4054.4000,45291,2,283323840.000,4,3,1,空开,S,4054.0000,4053.4000,4053.0000,4052.8000,4052.4000,4054.6000,4054.8000,4055.0000,4055.2000,4055.4000,3,1,1,1,1,1,1,1,2,1
SF,IF2009,2020-06-30 09:30:42.400,4054.6000,45292,1,285756420.000,2,1,1,空开,S,4054.0000,4053.4000,4053.0000,4052.8000,4052.4000,4054.8000,4055.0000,4055.2000,4055.4000,4055.6000,2,1,1,1,1,1,1,2,1,3
SF,IF2009,2020-06-30 09:30:42.900,4054.6000,45292,0,285756420.000,0,-,-,-,-,4054.0000,4053.4000,4053.0000,4052.8000,4052.4000,4054.6000,4054.8000,4055.0000,4055.2000,4055.4000,2,1,1,1,1,1,1,1,2,1
SF,IF2009,2020-06-30 09:30:43.400,4054.6000,45292,0,290621580.000,4,2,2,多换,S,4053.4000,4053.0000,4052.8000,4052.4000,4052.0000,4054.4000,4054.8000,4055.0000,4055.2000,4055.4000,1,1,1,1,1,5,1,1,3,1
SF,IF2009,2020-06-30 09:30:43.900,4054.6000,45292,0,291837960.000,1,0,1,多换,S,4053.4000,4053.0000,4052.4000,4052.0000,4051.8000,4054.4000,4054.8000,4055.0000,4055.2000,4055.4000,1,1,1,1,1,4,1,1,3,1
SF,IF2009,2020-06-30 09:30:44.400,4054.6000,45292,0,293054340.000,1,0,1,多换,S,4053.4000,4053.0000,4052.4000,4052.0000,4051.8000,4054.0000,4054.4000,4054.8000,4055.0000,4055.2000,1,1,1,1,1,1,3,1,1,3
SF,IF2009,2020-06-30 09:30:44.900,4054.4000,45292,0,294270660.000,1,0,1,多换,S,4053.4000,4053.0000,4052.4000,4052.0000,4051.8000,4054.4000,4054.8000,4055.2000,4055.4000,4055.6000,4,1,1,1,1,3,1,3,1,3
SF,IF2009,2020-06-30 09:30:45.400,4054.4000,45292,0,294270660.000,0,-,-,-,-,4053.6000,4053.4000,4053.0000,4052.4000,4052.0000,4054.4000,4054.8000,4055.2000,4055.4000,4055.6000,1,2,1,1,1,3,1,3,1,3
SF,IF2009,2020-06-30 09:30:45.900,4053.6000,45291,-1,296702820.000,2,0,2,多平,S,4053.4000,4053.0000,4052.4000,4052.0000,4051.8000,4054.4000,4054.8000,4055.2000,4055.4000,4055.6000,2,1,1,1,1,3,1,3,1,3
SF,IF2009,2020-06-30 09:30:46.400,4053.4000,45291,0,299134860.000,2,1,1,多换,S,4053.0000,4052.4000,4052.0000,4051.8000,4051.2000,4054.2000,4054.4000,4054.8000,4055.2000,4055.4000,1,1,1,1,1,4,3,1,3,1
SF,IF2009,2020-06-30 09:30:46.900,4054.0000,45291,0,301567260.000,2,1,1,多换,S,4053.0000,4052.0000,4051.8000,4051.2000,4051.0000,4054.0000,4054.2000,4054.4000,4054.8000,4055.2000,2,1,1,1,1,1,4,3,1,3
SF,IF2009,2020-06-30 09:30:47.400,4054.0000,45291,0,301567260.000,0,-,-,-,-,4053.0000,4052.0000,4051.8000,4051.2000,4051.0000,4054.0000,4054.2000,4054.4000,4054.8000,4055.2000,2,1,1,1,1,2,2,3,1,3
SF,IF2009,2020-06-30 09:30:47.900,4054.0000,45292,1,303999660.000,2,1,1,空开,S,4053.0000,4052.0000,4051.8000,4051.0000,4050.6000,4054.0000,4054.2000,4054.4000,4054.8000,4055.2000,2,1,1,1,1,2,1,3,1,3
SF,IF2009,2020-06-30 09:30:48.400,4054.0000,45292,0,303999660.000,0,-,-,-,-,4053.0000,4052.0000,4051.8000,4051.0000,4050.6000,4054.4000,4054.8000,4055.2000,4055.4000,4055.6000,2,1,1,1,1,3,2,3,1,3
SF,IF2009,2020-06-30 09:30:48.900,4054.0000,45292,0,303999660.000,0,-,-,-,-,4053.0000,4052.0000,4051.8000,4051.0000,4050.6000,4053.6000,4053.8000,4054.0000,4054.2000,4054.4000,3,1,1,1,1,3,4,2,3,3
SF,IF2009,2020-06-30 09:30:49.400,4053.0000,45293,1,306431760.000,2,1,1,空开,S,4053.0000,4052.0000,4051.8000,4051.0000,4050.6000,4053.6000,4053.8000,4054.0000,4054.2000,4054.4000,1,1,1,1,1,2,4,2,3,4
SF,IF2009,2020-06-30 09:30:49.900,4053.0000,45292,-1,311295840.000,4,1,3,多平,S,4052.0000,4051.8000,4051.0000,4050.6000,4050.0000,4053.8000,4054.0000,4054.2000,4054.4000,4054.6000,1,1,1,1,1,2,2,4,4,1
SF,IF2009,2020-06-30 09:30:50.400,4052.2000,45291,-1,312511500.000,1,0,1,双平,S,4052.2000,4052.0000,4051.8000,4051.0000,4050.6000,4053.8000,4054.0000,4054.2000,4054.4000,4054.8000,1,1,1,1,1,2,2,3,4,2
SF,IF2009,2020-06-30 09:30:50.900,4052.2000,45291,0,312511500.000,0,-,-,-,-,4052.6000,4052.2000,4052.0000,4051.8000,4051.0000,4053.8000,4054.0000,4054.2000,4054.4000,4054.8000,1,1,1,1,1,2,2,3,4,3
SF,IF2009,2020-06-30 09:30:51.400,4054.0000,45279,-12,327104820.000,12,0,12,双平,S,4054.0000,4052.6000,4052.0000,4051.8000,4051.0000,4054.2000,4054.4000,4054.8000,4055.0000,4055.2000,8,1,1,1,1,2,4,3,5,3
SF,IF2009,2020-06-30 09:30:51.900,4053.2000,45271,-8,338050380.000,9,0,9,多平,S,4053.2000,4052.6000,4052.0000,4051.8000,4051.0000,4053.6000,4054.0000,4054.2000,4054.4000,4054.8000,1,3,1,1,1,1,1,2,4,3
SF,IF2009,2020-06-30 09:30:52.400,4053.2000,45271,0,339266340.000,1,0,1,多换,S,4052.6000,4052.0000,4051.8000,4051.0000,4050.6000,4053.6000,4053.8000,4054.0000,4054.2000,4054.4000,3,1,1,1,1,1,3,4,2,4
SF,IF2009,2020-06-30 09:30:52.900,4053.2000,45270,-1,340482300.000,1,0,1,双平,S,4052.6000,4052.0000,4051.8000,4051.0000,4050.6000,4053.4000,4053.6000,4053.8000,4054.0000,4054.2000,2,1,1,1,1,1,1,3,4,2
SF,IF2009,2020-06-30 09:30:53.400,4054.0000,45264,-6,350211300.000,8,1,7,多平,S,4052.8000,4052.6000,4052.0000,4051.8000,4051.0000,4053.4000,4054.0000,4054.2000,4054.4000,4054.8000,3,1,1,1,1,1,1,2,4,4
SF,IF2009,2020-06-30 09:30:53.900,4053.6000,45264,0,352643460.000,2,1,1,多换,S,4052.8000,4052.0000,4051.8000,4051.0000,4050.6000,4054.0000,4054.2000,4054.4000,4054.8000,4055.0000,2,1,1,1,1,1,1,4,4,6
SF,IF2009,2020-06-30 09:30:54.400,4053.6000,45264,0,352643460.000,0,-,-,-,-,4053.0000,4052.8000,4052.0000,4051.8000,4051.0000,4053.6000,4053.8000,4054.0000,4054.2000,4054.4000,3,1,1,1,1,1,2,1,1,3
SF,IF2009,2020-06-30 09:30:54.900,4053.6000,45263,-1,355075560.000,2,0,2,多平,S,4053.6000,4053.4000,4053.0000,4052.0000,4051.8000,4053.8000,4054.0000,4054.2000,4054.4000,4054.8000,19,1,2,1,1,2,1,2,3,4
SF,IF2009,2020-06-30 09:30:55.400,4053.6000,45261,-2,358723800.000,3,0,3,多平,S,4053.6000,4053.4000,4053.0000,4052.0000,4051.8000,4053.8000,4054.0000,4054.2000,4054.4000,4054.8000,16,1,2,1,1,2,1,2,3,4
SF,IF2009,2020-06-30 09:30:55.900,4053.8000,45259,-2,362372220.000,3,0,3,多平,S,4053.8000,4053.6000,4053.4000,4053.0000,4052.0000,4054.0000,4054.2000,4054.4000,4054.8000,4055.0000,1,16,2,1,1,1,1,3,4,6
SF,IF2009,2020-06-30 09:30:56.400,4053.6000,45256,-3,367236840.000,4,0,4,多平,S,4053.6000,4053.4000,4052.0000,4051.8000,4051.0000,4054.2000,4054.4000,4054.8000,4055.0000,4055.2000,15,2,1,1,1,1,3,4,6,3
SF,IF2009,2020-06-30 09:30:56.900,4053.6000,45255,-1,369669000.000,2,0,2,多平,S,4053.8000,4053.6000,4053.4000,4052.0000,4051.8000,4054.0000,4054.2000,4054.4000,4054.8000,4055.0000,2,14,2,1,1,1,1,3,3,6
SF,IF2009,2020-06-30 09:30:57.400,4053.8000,45255,0,372101280.000,2,1,1,多换,S,4053.6000,4053.4000,4052.0000,4051.8000,4051.0000,4054.0000,4054.2000,4054.4000,4054.8000,4055.0000,14,2,1,1,1,1,2,3,3,6
SF,IF2009,2020-06-30 09:30:57.900,4053.6000,45252,-3,378181980.000,5,1,4,多平,S,4053.6000,4053.4000,4052.0000,4051.8000,4051.0000,4054.2000,4054.4000,4054.8000,4055.0000,4055.2000,11,2,1,1,1,1,3,3,6,3
SF,IF2009,2020-06-30 09:30:58.400,4053.6000,45251,-1,379398060.000,1,0,1,双平,S,4053.8000,4053.6000,4053.4000,4052.0000,4051.8000,4054.2000,4054.4000,4054.8000,4055.0000,4055.2000,20,10,2,1,1,1,3,3,6,3
SF,IF2009,2020-06-30 09:30:58.900,4053.6000,45250,-1,380614140.000,1,0,1,双平,S,4054.0000,4053.8000,4053.6000,4053.4000,4052.0000,4054.2000,4054.4000,4054.8000,4055.0000,4055.2000,2,19,10,2,1,1,3,3,6,3
SF,IF2009,2020-06-30 09:30:59.400,4054.0000,45250,0,383046420.000,2,1,1,多换,S,4054.0000,4053.8000,4053.6000,4053.4000,4052.0000,4054.2000,4054.4000,4054.8000,4055.0000,4055.2000,1,19,10,2,1,1,3,3,6,3
SF,IF2009,2020-06-30 09:30:59.900,4053.8000,45243,-7,395208780.000,10,1,9,多平,S,4053.8000,4053.6000,4053.4000,4052.0000,4051.8000,4054.8000,4055.0000,4055.2000,4055.4000,4055.6000,16,10,2,1,1,3,6,3,1,4
SF,IF2009,2020-06-30 09:31:00.400,4053.8000,45243,0,395208780.000,0,-,-,-,-,4054.2000,4054.0000,4053.8000,4053.6000,4053.4000,4054.8000,4055.0000,4055.2000,4055.4000,4055.6000,2,5,16,10,2,3,6,3,1,3
SF,IF2009,2020-06-30 09:31:00.900,4054.4000,45239,-4,401290920.000,5,0,5,多平,S,4054.4000,4054.2000,4054.0000,4053.8000,4053.6000,4055.0000,4055.2000,4055.4000,4055.6000,4056.2000,2,2,5,16,10,5,3,1,3,1
SF,IF2009,2020-06-30 09:31:01.400,4054.6000,45238,-1,408589800.000,6,2,4,多平,S,4054.8000,4054.6000,4054.4000,4054.2000,4054.0000,4055.2000,4055.4000,4055.6000,4056.2000,4056.4000,2,1,5,2,3,3,1,3,1,1
SF,IF2009,2020-06-30 09:31:01.900,4054.6000,45238,0,411022560.000,2,1,1,多换,S,4054.8000,4054.6000,4054.4000,4054.2000,4054.0000,4055.2000,4055.4000,4055.6000,4056.2000,4056.4000,1,2,3,2,2,3,1,3,1,1
SF,IF2009,2020-06-30 09:31:02.400,4054.6000,45238,0,412238940.000,1,0,1,多换,S,4055.0000,4054.6000,4054.4000,4054.2000,4054.0000,4055.2000,4055.4000,4055.6000,4056.2000,4056.4000,2,2,3,2,2,3,1,3,1,1
SF,IF2009,2020-06-30 09:31:02.900,4054.6000,45236,-2,417104880.000,4,1,3,多平,S,4054.6000,4054.4000,4054.2000,4054.0000,4053.8000,4055.2000,4055.4000,4055.6000,4056.2000,4056.4000,1,2,2,1,16,2,1,3,1,1
SF,IF2009,2020-06-30 09:31:03.400,4055.2000,45234,-2,420754560.000,3,0,3,多平,S,4055.2000,4054.8000,4054.4000,4054.2000,4054.0000,4055.4000,4055.6000,4056.2000,4056.4000,4056.8000,1,1,2,2,1,1,3,1,1,1
SF,IF2009,2020-06-30 09:31:03.900,4055.4000,45233,-1,421971180.000,1,0,1,双平,S,4055.4000,4055.2000,4054.8000,4054.6000,4054.4000,4055.6000,4056.2000,4056.4000,4056.8000,4057.0000,1,1,1,2,2,3,1,1,1,3
SF,IF2009,2020-06-30 09:31:04.400,4055.2000,45229,-4,429270960.000,6,1,5,多平,S,4055.2000,4054.8000,4054.6000,4054.4000,4054.2000,4056.4000,4056.8000,4057.0000,4057.2000,4057.4000,1,1,2,1,2,1,1,3,1,2
SF,IF2009,2020-06-30 09:31:04.900,4055.2000,45229,0,431704080.000,2,1,1,多换,S,4055.4000,4055.2000,4054.8000,4054.6000,4054.4000,4056.4000,4056.8000,4057.0000,4057.2000,4057.4000,2,2,1,1,1,1,1,3,1,2
SF,IF2009,2020-06-30 09:31:05.400,4055.2000,45229,0,431704080.000,0,-,-,-,-,4055.6000,4055.4000,4055.2000,4054.8000,4054.4000,4056.4000,4056.8000,4057.0000,4057.2000,4057.4000,3,2,3,1,1,1,1,2,1,2
SF,IF2009,2020-06-30 09:31:05.900,4055.8000,45228,-1,434137740.000,2,0,2,多平,S,4055.8000,4055.6000,4055.2000,4054.8000,4054.4000,4056.8000,4057.0000,4057.2000,4057.4000,4058.0000,3,4,2,1,1,1,2,1,2,9
SF,IF2009,2020-06-30 09:31:06.400,4055.8000,45228,0,434137740.000,0,-,-,-,-,4056.4000,4056.0000,4055.8000,4055.6000,4055.2000,4056.8000,4057.0000,4057.2000,4057.4000,4058.0000,3,1,3,3,2,1,2,1,2,9
SF,IF2009,2020-06-30 09:31:06.900,4055.8000,45228,0,434137740.000,0,-,-,-,-,4056.4000,4056.0000,4055.8000,4055.6000,4055.2000,4056.6000,4056.8000,4057.0000,4057.2000,4057.4000,3,2,1,3,2,1,2,2,1,2
SF,IF2009,2020-06-30 09:31:07.400,4056.8000,45228,0,436571760.000,2,1,1,多换,S,4056.4000,4056.0000,4055.6000,4055.2000,4054.4000,4056.8000,4057.0000,4057.2000,4057.4000,4058.0000,3,2,3,2,1,1,2,1,2,9
SF,IF2009,2020-06-30 09:31:07.900,4056.4000,45228,0,440222520.000,3,1,2,多换,S,4056.0000,4055.6000,4055.2000,4054.4000,4054.2000,4056.8000,4057.0000,4057.2000,4057.4000,4058.0000,1,2,2,1,2,1,2,1,2,9
SF,IF2009,2020-06-30 09:31:08.400,4056.4000,45228,0,440222520.000,0,-,-,-,-,4055.6000,4055.2000,4054.4000,4054.2000,4054.0000,4056.4000,4056.6000,4056.8000,4057.0000,4057.2000,2,2,1,2,1,1,1,1,2,1
SF,IF2009,2020-06-30 09:31:08.900,4056.8000,45225,-3,445090500.000,4,0,4,多平,S,4056.8000,4055.6000,4055.2000,4054.4000,4054.2000,4057.0000,4057.2000,4057.4000,4058.0000,4058.6000,15,2,2,1,2,2,1,2,9,1
SF,IF2009,2020-06-30 09:31:09.400,4056.8000,45224,-1,446307540.000,1,0,1,双平,S,4056.8000,4056.4000,4055.8000,4055.6000,4055.2000,4057.0000,4057.2000,4057.4000,4058.0000,4058.6000,14,1,3,2,2,2,1,2,9,1
SF,IF2009,2020-06-30 09:31:09.900,4057.0000,45223,-1,447524640.000,1,0,1,双平,S,4056.8000,4056.4000,4055.8000,4055.6000,4055.2000,4057.0000,4057.2000,4057.4000,4058.0000,4058.6000,14,1,3,2,2,1,1,2,9,1
SF,IF2009,2020-06-30 09:31:10.400,4056.8000,45222,-1,449958780.000,2,0,2,多平,S,4056.8000,4056.4000,4055.8000,4055.6000,4055.2000,4057.2000,4057.4000,4058.0000,4058.6000,4058.8000,13,1,1,2,2,1,2,9,1,1
SF,IF2009,2020-06-30 09:31:10.900,4057.2000,45219,-3,453610020.000,3,0,3,双平,S,4056.8000,4056.4000,4055.6000,4055.2000,4054.4000,4057.4000,4058.0000,4058.6000,4058.8000,4059.0000,11,1,2,2,1,2,9,1,1,1
SF,IF2009,2020-06-30 09:31:11.400,4057.2000,45219,0,453610020.000,0,-,-,-,-,4057.0000,4056.8000,4056.4000,4055.6000,4055.2000,4057.4000,4058.0000,4058.6000,4058.8000,4059.0000,1,11,1,2,2,2,9,1,1,1
SF,IF2009,2020-06-30 09:31:11.900,4057.4000,45218,-1,454827240.000,1,0,1,双平,S,4057.0000,4056.8000,4056.4000,4055.6000,4055.2000,4057.4000,4058.0000,4058.6000,4058.8000,4059.0000,3,11,1,2,2,1,9,1,1,1
SF,IF2009,2020-06-30 09:31:12.400,4057.4000,45217,-1,456044460.000,1,0,1,双平,S,4057.4000,4057.2000,4057.0000,4056.8000,4056.4000,4058.0000,4058.6000,4058.8000,4059.0000,4060.0000,1,3,4,11,1,9,1,1,1,1
SF,IF2009,2020-06-30 09:31:12.900,4057.4000,45216,-1,457261680.000,1,0,1,双平,S,4057.4000,4057.2000,4057.0000,4056.8000,4056.4000,4058.0000,4058.8000,4059.0000,4060.0000,4061.4000,1,2,3,11,1,9,1,1,1,1
SF,IF2009,2020-06-30 09:31:13.400,4057.4000,45216,0,457261680.000,0,-,-,-,-,4057.4000,4057.2000,4057.0000,4056.8000,4056.4000,4058.0000,4058.8000,4059.0000,4060.0000,4060.2000,3,2,22,11,1,9,1,1,1,1
SF,IF2009,2020-06-30 09:31:13.900,4058.0000,45216,0,458479080.000,1,0,1,多换,S,4057.6000,4057.4000,4057.2000,4057.0000,4056.8000,4058.0000,4058.8000,4059.0000,4060.0000,4060.2000,1,3,2,22,11,8,1,1,1,1
SF,IF2009,2020-06-30 09:31:14.400,4058.0000,45216,0,460913880.000,2,1,1,多换,S,4057.8000,4057.6000,4057.4000,4057.2000,4057.0000,4058.0000,4058.8000,4059.0000,4060.0000,4060.2000,1,3,1,2,21,6,1,1,1,1
SF,IF2009,2020-06-30 09:31:14.900,4058.0000,45210,-6,469435620.000,7,0,7,多平,S,4058.0000,4057.6000,4057.4000,4057.2000,4057.0000,4058.8000,4059.0000,4060.0000,4060.2000,4061.4000,2,3,1,2,21,1,1,1,1,1
SF,IF2009,2020-06-30 09:31:15.400,4058.8000,45209,-1,470653260.000,1,0,1,双平,S,4058.2000,4058.0000,4057.6000,4057.4000,4057.2000,4059.0000,4060.0000,4060.2000,4061.4000,4062.0000,1,3,3,1,2,1,1,1,1,1
SF,IF2009,2020-06-30 09:31:15.900,4059.0000,45209,0,471870960.000,1,0,1,多换,S,4058.0000,4057.6000,4057.4000,4057.2000,4057.0000,4060.0000,4060.2000,4061.4000,4062.0000,4063.0000,3,1,1,1,21,1,1,1,1,1
SF,IF2009,2020-06-30 09:31:16.400,4059.0000,45209,0,471870960.000,0,-,-,-,-,4058.2000,4058.0000,4057.6000,4057.4000,4057.2000,4059.8000,4060.0000,4060.2000,4061.4000,4062.0000,3,3,1,1,1,3,2,1,1,1
SF,IF2009,2020-06-30 09:31:16.900,4059.0000,45209,0,471870960.000,0,-,-,-,-,4058.4000,4058.2000,4058.0000,4057.6000,4057.4000,4059.8000,4060.0000,4060.2000,4061.4000,4062.0000,1,4,3,1,1,3,2,1,1,1
SF,IF2009,2020-06-30 09:31:17.400,4059.0000,45209,0,471870960.000,0,-,-,-,-,4058.4000,4058.2000,4058.0000,4057.6000,4057.4000,4059.8000,4060.0000,4060.2000,4061.4000,4062.0000,1,3,3,1,1,3,2,1,1,1
SF,IF2009,2020-06-30 09:31:17.900,4059.0000,45209,0,471870960.000,0,-,-,-,-,4058.6000,4058.4000,4058.2000,4058.0000,4057.6000,4059.8000,4060.0000,4060.2000,4061.4000,4062.0000,12,2,2,3,1,3,2,1,1,1
SF,IF2009,2020-06-30 09:31:18.400,4059.6000,45209,0,473088840.000,1,0,1,多换,S,4058.6000,4058.2000,4058.0000,4057.4000,4057.2000,4059.8000,4060.0000,4060.2000,4061.4000,4062.0000,12,1,3,1,1,3,2,1,1,1
SF,IF2009,2020-06-30 09:31:18.900,4059.8000,45208,-1,475524660.000,2,0,2,多平,S,4058.6000,4058.2000,4058.0000,4057.4000,4057.2000,4059.8000,4060.0000,4061.4000,4062.0000,4063.0000,12,1,3,1,1,2,2,1,1,1
SF,IF2009,2020-06-30 09:31:19.400,4059.6000,45203,-5,481613700.000,5,0,5,双平,S,4058.6000,4058.2000,4058.0000,4057.4000,4057.2000,4059.6000,4059.8000,4060.0000,4061.4000,4062.0000,11,1,3,1,1,1,2,1,1,1
SF,IF2009,2020-06-30 09:31:19.900,4059.4000,45201,-2,485266860.000,3,0,3,多平,S,4058.6000,4058.0000,4057.4000,4057.2000,4057.0000,4059.6000,4060.0000,4061.4000,4062.0000,4063.0000,10,4,1,1,21,2,2,1,1,1
SF,IF2009,2020-06-30 09:31:20.400,4058.8000,45200,-1,486484500.000,1,0,1,双平,S,4058.8000,4058.6000,4058.0000,4057.4000,4057.2000,4059.6000,4060.0000,4061.4000,4062.0000,4063.0000,2,10,4,1,1,3,2,1,1,1
SF,IF2009,2020-06-30 09:31:20.900,4058.8000,45200,0,486484500.000,0,-,-,-,-,4059.0000,4058.8000,4058.6000,4058.0000,4057.4000,4059.6000,4060.0000,4062.0000,4063.0000,4065.0000,1,1,10,4,1,2,21,1,1,5
SF,IF2009,2020-06-30 09:31:21.400,4059.4000,45200,0,487702320.000,1,0,1,多换,S,4059.0000,4058.6000,4058.0000,4057.4000,4057.2000,4059.4000,4059.6000,4060.0000,4062.0000,4063.0000,1,10,3,1,1,1,3,23,1,1
SF,IF2009,2020-06-30 09:31:21.900,4059.0000,45197,-3,491355420.000,3,0,3,双平,S,4058.6000,4058.0000,4057.4000,4057.2000,4057.0000,4059.6000,4059.8000,4060.0000,4062.0000,4063.0000,10,3,1,1,21,2,1,23,1,1
SF,IF2009,2020-06-30 09:31:22.400,4059.6000,45197,0,493791120.000,2,1,1,多换,S,4058.6000,4058.0000,4057.4000,4057.0000,4056.8000,4059.6000,4059.8000,4060.0000,4062.0000,4063.0000,10,3,1,21,11,1,1,23,1,1
SF,IF2009,2020-06-30 09:31:22.900,4058.6000,45195,-2,496226340.000,2,0,2,双平,S,4058.6000,4058.0000,4057.4000,4057.0000,4056.8000,4059.6000,4059.8000,4060.0000,4062.0000,4063.0000,9,3,1,21,11,1,1,23,1,1
SF,IF2009,2020-06-30 09:31:23.400,4058.6000,45195,0,496226340.000,0,-,-,-,-,4058.6000,4058.0000,4057.4000,4057.0000,4056.8000,4058.8000,4059.4000,4059.6000,4059.8000,4060.0000,9,3,1,21,11,1,3,5,1,23
SF,IF2009,2020-06-30 09:31:23.900,4058.6000,45191,-4,501096660.000,4,0,4,双平,S,4058.6000,4058.0000,4057.4000,4057.0000,4056.8000,4058.8000,4059.0000,4059.4000,4059.6000,4059.8000,5,3,1,13,9,1,1,2,5,1
SF,IF2009,2020-06-30 09:31:24.400,4058.6000,45191,0,501096660.000,0,-,-,-,-,4058.6000,4058.0000,4057.4000,4057.0000,4056.4000,4058.8000,4059.0000,4059.4000,4059.6000,4059.8000,5,3,1,1,1,1,1,1,2,1
SF,IF2009,2020-06-30 09:31:24.900,4058.8000,45192,1,503531940.000,2,1,1,空开,S,4058.6000,4058.0000,4057.4000,4056.4000,4054.0000,4059.0000,4059.4000,4059.6000,4059.8000,4060.0000,5,2,1,1,2,1,1,1,1,23
SF,IF2009,2020-06-30 09:31:25.400,4058.8000,45192,0,503531940.000,0,-,-,-,-,4058.6000,4058.0000,4057.4000,4056.4000,4054.0000,4059.0000,4059.4000,4059.6000,4059.8000,4060.0000,5,2,1,1,2,1,1,1,1,23
SF,IF2009,2020-06-30 09:31:25.900,4059.0000,45191,-1,504749640.000,1,0,1,双平,S,4058.6000,4058.0000,4057.4000,4056.4000,4054.0000,4059.4000,4059.8000,4060.0000,4060.2000,4062.0000,5,2,1,1,2,1,1,23,1,1
SF,IF2009,2020-06-30 09:31:26.400,4059.0000,45191,0,504749640.000,0,-,-,-,-,4058.6000,4058.0000,4057.4000,4056.4000,4054.0000,4059.8000,4060.0000,4060.2000,4062.0000,4063.0000,5,2,1,1,2,2,23,1,1,1
SF,IF2009,2020-06-30 09:31:26.900,4059.0000,45191,0,504749640.000,0,-,-,-,-,4059.6000,4059.0000,4058.8000,4058.6000,4058.0000,4059.8000,4060.0000,4060.2000,4062.0000,4063.0000,1,1,4,5,2,2,23,1,1,1
SF,IF2009,2020-06-30 09:31:27.400,4059.6000,45191,0,505967520.000,1,0,1,多换,S,4059.0000,4058.8000,4058.6000,4058.0000,4057.4000,4059.6000,4059.8000,4060.0000,4060.2000,4062.0000,1,24,5,2,1,2,2,23,1,1
SF,IF2009,2020-06-30 09:31:27.900,4059.2000,45189,-2,508403160.000,2,0,2,双平,S,4059.2000,4059.0000,4058.8000,4058.6000,4058.0000,4059.6000,4059.8000,4060.0000,4060.2000,4062.0000,2,1,22,5,2,5,2,23,1,1
SF,IF2009,2020-06-30 09:31:28.400,4059.6000,45184,-5,520581960.000,10,2,8,多平,S,4059.6000,4059.2000,4059.0000,4058.8000,4058.6000,4059.8000,4060.0000,4060.2000,4062.0000,4063.0000,4,2,1,20,5,2,24,1,1,1
SF,IF2009,2020-06-30 09:31:28.900,4059.6000,45182,-2,523017720.000,2,0,2,双平,S,4059.6000,4059.2000,4059.0000,4058.8000,4058.6000,4059.8000,4060.0000,4060.2000,4062.0000,4063.0000,2,2,1,20,5,2,24,1,1,1
SF,IF2009,2020-06-30 09:31:29.400,4059.6000,45182,0,523017720.000,0,-,-,-,-,4059.6000,4059.2000,4059.0000,4058.8000,4058.6000,4059.8000,4060.0000,4060.2000,4062.0000,4063.0000,3,2,1,20,5,2,24,1,1,1
SF,IF2009,2020-06-30 09:31:29.900,4059.6000,45182,0,524235600.000,1,0,1,多换,S,4059.6000,4059.2000,4059.0000,4058.8000,4058.6000,4059.8000,4060.0000,4060.2000,4062.0000,4063.0000,3,2,1,20,5,2,24,1,1,1
SF,IF2009,2020-06-30 09:31:30.400,4059.6000,45180,-2,527889240.000,3,0,3,多平,S,4059.2000,4059.0000,4058.8000,4058.6000,4058.0000,4059.6000,4059.8000,4060.0000,4060.2000,4062.0000,2,1,20,5,2,1,2,24,1,1
SF,IF2009,2020-06-30 09:31:30.900,4059.8000,45180,0,529107180.000,1,0,1,多换,S,4059.2000,4059.0000,4058.8000,4058.6000,4058.0000,4059.8000,4060.0000,4060.2000,4062.0000,4063.0000,1,1,20,5,2,1,24,1,1,1
SF,IF2009,2020-06-30 09:31:31.400,4059.8000,45180,0,529107180.000,0,-,-,-,-,4059.2000,4059.0000,4058.8000,4058.6000,4058.0000,4059.8000,4060.0000,4060.2000,4062.0000,4063.0000,1,1,20,5,3,1,24,1,1,1
SF,IF2009,2020-06-30 09:31:31.900,4059.4000,45181,1,532760760.000,3,2,1,空开,S,4059.2000,4059.0000,4058.8000,4058.6000,4058.0000,4059.8000,4060.0000,4060.2000,4062.0000,4063.0000,1,1,20,5,3,2,24,1,1,1
SF,IF2009,2020-06-30 09:31:32.400,4059.2000,45181,0,533978520.000,1,0,1,多换,S,4059.0000,4058.8000,4058.6000,4058.0000,4057.4000,4059.8000,4060.0000,4060.2000,4062.0000,4062.2000,1,20,5,2,1,2,24,1,1,1
SF,IF2009,2020-06-30 09:31:32.900,4059.8000,45181,0,535196460.000,1,0,1,多换,S,4059.4000,4059.0000,4058.8000,4058.6000,4058.0000,4059.8000,4060.0000,4060.2000,4062.0000,4062.2000,1,1,20,5,2,1,24,1,1,1
SF,IF2009,2020-06-30 09:31:33.400,4059.8000,45180,-1,536414400.000,1,0,1,双平,S,4059.8000,4059.0000,4058.8000,4058.6000,4058.0000,4060.0000,4060.2000,4062.0000,4062.2000,4063.0000,19,1,20,5,2,24,1,1,1,1
SF,IF2009,2020-06-30 09:31:33.900,4059.8000,45179,-1,537632340.000,1,0,1,双平,S,4059.8000,4059.0000,4058.8000,4058.6000,4058.0000,4060.0000,4060.2000,4062.0000,4062.2000,4063.0000,19,1,20,5,2,24,1,1,1,1
SF,IF2009,2020-06-30 09:31:34.400,4059.8000,45174,-5,543722040.000,5,0,5,双平,S,4059.8000,4059.0000,4058.8000,4058.6000,4058.0000,4060.0000,4060.2000,4062.0000,4062.2000,4063.0000,14,1,20,5,2,24,1,2,1,1
SF,IF2009,2020-06-30 09:31:34.900,4059.8000,45164,-10,555901440.000,10,0,10,双平,S,4059.8000,4059.0000,4058.8000,4058.6000,4058.0000,4060.0000,4060.2000,4062.0000,4062.2000,4063.0000,4,1,20,5,2,24,1,1,1,1
SF,IF2009,2020-06-30 09:31:35.400,4060.0000,45164,0,557119440.000,1,0,1,多换,S,4059.8000,4058.8000,4058.6000,4058.0000,4057.4000,4060.0000,4060.2000,4062.0000,4062.2000,4063.0000,4,20,5,2,1,23,1,1,1,1
SF,IF2009,2020-06-30 09:31:35.900,4059.8000,45160,-4,561991260.000,4,0,4,双平,S,4059.8000,4058.8000,4058.6000,4058.0000,4057.4000,4060.0000,4060.2000,4062.0000,4062.2000,4063.0000,1,20,5,2,1,22,1,1,1,1
SF,IF2009,2020-06-30 09:31:36.400,4060.0000,45143,-17,583915200.000,18,0,18,多平,S,4058.8000,4058.6000,4058.0000,4057.4000,4056.4000,4060.0000,4060.2000,4062.0000,4062.2000,4063.0000,20,5,2,1,1,5,1,1,1,1
SF,IF2009,2020-06-30 09:31:36.900,4060.0000,45143,0,583915200.000,0,-,-,-,-,4059.0000,4058.8000,4058.6000,4058.0000,4057.4000,4060.0000,4060.2000,4062.0000,4062.2000,4063.0000,3,20,5,2,1,5,1,1,1,1
SF,IF2009,2020-06-30 09:31:37.400,4060.0000,45142,-1,585133200.000,1,0,1,双平,S,4059.0000,4058.8000,4058.6000,4058.0000,4057.4000,4060.0000,4060.2000,4062.0000,4062.2000,4063.0000,3,20,5,2,1,4,1,1,1,1
SF,IF2009,2020-06-30 09:31:38.400,4060.0000,45142,0,585133200.000,0,-,-,-,-,4059.0000,4058.8000,4058.6000,4058.0000,4057.4000,4060.0000,4060.2000,4062.0000,4062.2000,4063.0000,3,20,5,2,1,4,1,1,1,1
SF,IF2009,2020-06-30 09:31:38.900,4060.0000,45143,1,592441200.000,6,3,3,空开,S,4060.0000,4059.0000,4058.8000,4058.6000,4058.0000,4060.2000,4062.0000,4062.2000,4063.0000,4063.8000,4,3,20,5,2,1,1,1,1,1
SF,IF2009,2020-06-30 09:31:39.400,4060.0000,45143,0,593659200.000,1,0,1,多换,S,4060.0000,4059.0000,4058.8000,4058.6000,4058.0000,4060.2000,4062.0000,4062.2000,4063.0000,4063.8000,4,1,20,5,2,1,1,1,1,1
SF,IF2009,2020-06-30 09:31:39.900,4060.2000,45143,0,594877260.000,1,0,1,多换,S,4060.0000,4059.0000,4058.8000,4058.6000,4058.0000,4061.0000,4062.0000,4062.2000,4063.0000,4063.8000,4,1,20,5,2,7,1,1,1,1
SF,IF2009,2020-06-30 09:31:40.400,4060.0000,45143,0,596095260.000,1,0,1,多换,S,4060.0000,4059.0000,4058.8000,4058.6000,4058.0000,4060.8000,4061.0000,4061.2000,4062.0000,4062.2000,3,1,20,5,2,1,7,1,1,1
SF,IF2009,2020-06-30 09:31:40.900,4060.0000,45143,0,598531260.000,2,1,1,多换,S,4060.0000,4059.0000,4058.8000,4058.6000,4058.0000,4060.8000,4061.0000,4061.2000,4062.0000,4062.2000,1,1,20,5,2,1,7,1,1,1
SF,IF2009,2020-06-30 09:31:41.900,4060.0000,45142,-1,599749260.000,1,0,1,双平,S,4059.0000,4058.8000,4058.6000,4058.0000,4057.4000,4060.8000,4061.0000,4061.2000,4062.0000,4062.2000,1,20,5,2,1,2,7,1,1,1
SF,IF2009,2020-06-30 09:31:42.400,4060.0000,45141,-1,602185440.000,2,0,2,多平,S,4059.2000,4059.0000,4058.8000,4058.6000,4058.0000,4060.8000,4061.0000,4061.2000,4062.0000,4062.2000,2,2,20,5,2,2,7,1,1,1
SF,IF2009,2020-06-30 09:31:42.900,4060.0000,45141,0,602185440.000,0,-,-,-,-,4059.4000,4059.2000,4059.0000,4058.8000,4058.6000,4060.0000,4060.8000,4061.0000,4061.2000,4062.0000,1,2,1,20,5,1,2,7,1,1
SF,IF2009,2020-06-30 09:31:43.400,4060.0000,45141,0,603403440.000,1,0,1,多换,S,4059.6000,4059.4000,4059.2000,4059.0000,4058.8000,4060.6000,4060.8000,4061.0000,4061.2000,4062.0000,1,1,1,1,20,1,2,7,1,1
SF,IF2009,2020-06-30 09:31:43.900,4060.0000,45141,0,603403440.000,0,-,-,-,-,4060.0000,4059.2000,4058.8000,4058.6000,4058.0000,4060.4000,4060.6000,4060.8000,4061.0000,4061.2000,6,1,20,5,2,1,1,1,7,1
SF,IF2009,2020-06-30 09:31:44.400,4060.0000,45141,0,603403440.000,0,-,-,-,-,4060.0000,4059.6000,4059.2000,4058.8000,4058.6000,4060.4000,4060.8000,4061.0000,4061.2000,4062.0000,6,1,1,20,5,2,1,7,1,1
SF,IF2009,2020-06-30 09:31:45.400,4060.0000,45141,0,603403440.000,0,-,-,-,-,4060.0000,4059.6000,4059.2000,4058.8000,4058.6000,4060.4000,4060.8000,4061.0000,4061.2000,4062.0000,6,1,1,20,5,2,1,7,1,1
SF,IF2009,2020-06-30 09:31:45.900,4060.0000,45141,0,604621440.000,1,0,1,多换,S,4060.0000,4059.6000,4059.2000,4058.8000,4058.6000,4060.4000,4060.8000,4061.0000,4061.2000,4062.0000,7,1,1,20,5,1,1,7,1,1
SF,IF2009,2020-06-30 09:31:46.400,4060.0000,45142,1,607057440.000,2,1,1,空开,S,4060.0000,4059.2000,4058.8000,4058.6000,4058.0000,4060.4000,4060.8000,4061.0000,4061.2000,4062.0000,5,1,20,5,2,1,1,7,1,1
SF,IF2009,2020-06-30 09:31:46.900,4060.4000,45141,-1,614365560.000,6,2,4,多平,S,4059.2000,4058.8000,4058.6000,4058.0000,4057.4000,4060.4000,4061.0000,4061.2000,4062.0000,4062.6000,1,20,5,2,1,1,7,1,1,1
SF,IF2009,2020-06-30 09:31:47.400,4060.4000,45141,0,614365560.000,0,-,-,-,-,4060.0000,4059.4000,4059.2000,4058.8000,4058.6000,4060.4000,4061.0000,4061.2000,4062.0000,4062.6000,1,2,2,20,5,1,7,1,1,1
SF,IF2009,2020-06-30 09:31:47.900,4059.4000,45140,-1,616801380.000,2,0,2,多平,S,4059.4000,4059.2000,4058.8000,4058.6000,4058.0000,4060.4000,4060.6000,4061.0000,4061.2000,4062.0000,1,2,20,5,2,2,1,9,1,1
SF,IF2009,2020-06-30 09:31:48.400,4060.0000,45139,-1,618019380.000,1,0,1,双平,S,4059.4000,4059.2000,4058.8000,4058.6000,4058.0000,4060.2000,4060.4000,4060.6000,4061.0000,4061.2000,1,1,20,5,2,1,2,1,9,1
SF,IF2009,2020-06-30 09:31:48.900,4060.0000,45139,0,618019380.000,0,-,-,-,-,4059.2000,4058.8000,4058.6000,4058.0000,4057.4000,4060.2000,4060.4000,4060.6000,4061.0000,4061.2000,1,20,5,2,1,1,1,1,9,1
SF,IF2009,2020-06-30 09:31:49.400,4059.2000,45138,-1,619237140.000,1,0,1,双平,S,4058.8000,4058.6000,4058.0000,4057.4000,4056.4000,4059.2000,4059.4000,4059.8000,4060.2000,4060.4000,20,5,2,1,1,1,2,1,4,1
SF,IF2009,2020-06-30 09:31:49.900,4059.2000,45138,0,619237140.000,0,-,-,-,-,4058.8000,4058.6000,4058.0000,4057.4000,4056.4000,4059.2000,4059.4000,4059.8000,4060.2000,4060.4000,20,5,2,1,1,1,2,1,4,1
SF,IF2009,2020-06-30 09:31:50.400,4059.2000,45137,-1,620454900.000,1,0,1,双平,S,4059.0000,4058.8000,4058.6000,4058.0000,4057.4000,4059.4000,4059.8000,4060.2000,4060.4000,4060.6000,3,20,5,2,1,2,1,3,1,7
SF,IF2009,2020-06-30 09:31:50.900,4058.8000,45133,-4,628978560.000,7,1,6,多平,S,4058.8000,4058.6000,4058.0000,4057.4000,4056.4000,4059.4000,4059.8000,4060.2000,4060.4000,4060.6000,16,5,2,1,1,2,1,1,1,7
SF,IF2009,2020-06-30 09:31:51.900,4058.8000,45133,0,628978560.000,0,-,-,-,-,4058.8000,4058.6000,4058.0000,4057.4000,4056.4000,4059.2000,4059.4000,4059.8000,4060.2000,4060.4000,16,5,2,1,1,1,2,1,1,1
SF,IF2009,2020-06-30 09:31:52.400,4058.8000,45133,0,628978560.000,0,-,-,-,-,4058.8000,4058.6000,4058.0000,4057.4000,4056.4000,4059.2000,4059.4000,4060.2000,4060.4000,4060.6000,16,5,2,1,1,1,2,1,1,7
SF,IF2009,2020-06-30 09:31:53.400,4058.8000,45133,0,628978560.000,0,-,-,-,-,4058.8000,4058.6000,4058.0000,4057.4000,4056.4000,4059.2000,4059.4000,4060.0000,4060.2000,4060.4000,16,5,2,1,1,1,2,1,1,1
SF,IF2009,2020-06-30 09:31:53.900,4058.8000,45133,0,628978560.000,0,-,-,-,-,4058.8000,4058.6000,4058.0000,4057.4000,4056.4000,4059.4000,4060.0000,4060.2000,4060.4000,4060.6000,16,5,2,1,1,2,1,1,1,7
SF,IF2009,2020-06-30 09:31:54.400,4058.8000,45132,-1,630196200.000,1,0,1,双平,S,4058.8000,4058.6000,4058.0000,4057.4000,4056.4000,4059.4000,4060.0000,4060.2000,4060.4000,4060.6000,15,5,2,1,1,2,1,1,1,7
SF,IF2009,2020-06-30 09:31:54.900,4058.8000,45130,-2,632631480.000,2,0,2,双平,S,4058.8000,4058.6000,4058.0000,4057.4000,4056.4000,4059.2000,4059.4000,4060.0000,4060.2000,4060.4000,13,5,2,1,1,1,2,1,2,1
SF,IF2009,2020-06-30 09:31:55.400,4059.2000,45129,-1,635066880.000,2,0,2,多平,S,4058.8000,4058.6000,4058.0000,4057.4000,4056.4000,4059.4000,4060.0000,4060.2000,4060.4000,4060.6000,12,5,2,1,1,2,1,2,1,7
SF,IF2009,2020-06-30 09:31:56.400,4058.8000,45128,-1,637502160.000,2,0,2,多平,S,4058.8000,4058.6000,4058.0000,4057.4000,4056.4000,4059.4000,4060.0000,4060.2000,4060.4000,4060.6000,10,5,2,1,1,2,1,2,1,7
SF,IF2009,2020-06-30 09:31:56.900,4058.8000,45128,0,637502160.000,0,-,-,-,-,4058.8000,4058.6000,4058.0000,4057.4000,4056.4000,4059.2000,4059.4000,4060.0000,4060.2000,4060.4000,10,5,7,1,1,1,2,1,2,1
SF,IF2009,2020-06-30 09:31:57.400,4058.8000,45125,-3,644808000.000,6,1,5,多平,S,4058.8000,4058.6000,4058.0000,4057.4000,4056.4000,4059.2000,4059.4000,4060.0000,4060.2000,4060.4000,4,5,7,1,1,1,2,1,2,1
SF,IF2009,2020-06-30 09:31:58.400,4058.8000,45124,-1,646025640.000,1,0,1,双平,S,4058.8000,4058.6000,4058.0000,4057.4000,4056.4000,4059.2000,4059.4000,4060.0000,4060.2000,4060.4000,3,5,7,1,1,1,2,1,2,1
SF,IF2009,2020-06-30 09:31:58.900,4059.0000,45119,-5,652114380.000,5,0,5,双平,S,4058.8000,4058.6000,4058.0000,4057.4000,4056.4000,4060.0000,4060.2000,4060.4000,4060.6000,4061.0000,2,5,7,1,1,1,2,1,7,10
SF,IF2009,2020-06-30 09:31:59.400,4058.8000,45118,-1,653332020.000,1,0,1,双平,S,4058.8000,4058.6000,4058.0000,4057.4000,4056.4000,4059.8000,4060.0000,4060.2000,4060.4000,4060.6000,1,5,7,1,1,1,1,1,1,7
SF,IF2009,2020-06-30 09:31:59.900,4058.8000,45118,0,653332020.000,0,-,-,-,-,4058.8000,4058.6000,4058.0000,4057.4000,4056.4000,4059.8000,4060.0000,4060.2000,4060.4000,4060.6000,1,5,7,1,1,1,2,1,1,7
SF,IF2009,2020-06-30 09:32:00.400,4058.8000,45118,0,653332020.000,0,-,-,-,-,4059.0000,4058.8000,4058.6000,4058.0000,4057.4000,4059.8000,4060.0000,4060.2000,4060.4000,4060.6000,2,1,5,7,1,2,10,1,1,7
SF,IF2009,2020-06-30 09:32:00.900,4058.8000,45118,0,653332020.000,0,-,-,-,-,4059.0000,4058.8000,4058.6000,4058.0000,4057.4000,4059.8000,4060.0000,4060.2000,4060.4000,4060.6000,1,1,5,7,1,2,10,1,1,7
SF,IF2009,2020-06-30 09:32:01.400,4059.8000,45116,-2,655767900.000,2,0,2,双平,S,4059.2000,4059.0000,4058.8000,4058.6000,4058.0000,4060.0000,4060.2000,4060.4000,4060.6000,4061.0000,2,2,1,5,7,10,1,1,7,10
SF,IF2009,2020-06-30 09:32:01.900,4059.8000,45116,0,655767900.000,0,-,-,-,-,4059.4000,4059.2000,4059.0000,4058.8000,4058.6000,4060.0000,4060.2000,4060.4000,4060.6000,4061.0000,1,2,2,1,5,10,1,1,7,10
SF,IF2009,2020-06-30 09:32:02.400,4059.8000,45116,0,655767900.000,0,-,-,-,-,4059.4000,4059.2000,4059.0000,4058.8000,4058.6000,4060.0000,4060.2000,4060.4000,4060.6000,4061.0000,1,1,1,1,5,10,1,1,7,3
SF,IF2009,2020-06-30 09:32:02.900,4059.4000,45114,-2,658203720.000,2,0,2,双平,S,4058.8000,4058.6000,4058.0000,4057.4000,4056.4000,4060.0000,4060.2000,4060.4000,4060.6000,4061.0000,1,5,7,1,1,16,2,1,7,3
SF,IF2009,2020-06-30 09:32:03.400,4059.4000,45114,0,658203720.000,0,-,-,-,-,4059.0000,4058.8000,4058.6000,4058.0000,4057.4000,4059.4000,4060.0000,4060.2000,4060.4000,4060.6000,3,5,5,7,1,1,16,2,1,7
SF,IF2009,2020-06-30 09:32:03.900,4059.4000,45113,-1,659421540.000,1,0,1,双平,S,4059.4000,4059.0000,4058.8000,4058.6000,4058.0000,4060.0000,4060.2000,4060.4000,4060.6000,4061.0000,4,3,5,5,7,16,2,1,7,3
SF,IF2009,2020-06-30 09:32:04.400,4060.0000,45111,-2,661857540.000,2,0,2,双平,S,4059.6000,4059.4000,4059.0000,4058.8000,4058.6000,4060.0000,4060.2000,4060.4000,4060.6000,4061.0000,1,2,2,5,5,14,2,1,7,3
SF,IF2009,2020-06-30 09:32:04.900,4060.0000,45109,-2,665511420.000,3,0,3,多平,S,4059.4000,4059.0000,4058.8000,4058.6000,4058.0000,4060.0000,4060.2000,4060.4000,4060.6000,4061.0000,2,2,5,5,7,12,2,1,7,3
SF,IF2009,2020-06-30 09:32:05.400,4060.0000,45106,-3,669165420.000,3,0,3,双平,S,4059.8000,4059.4000,4059.0000,4058.8000,4058.6000,4060.0000,4060.2000,4060.4000,4060.6000,4061.0000,7,2,2,5,5,9,2,1,7,3
SF,IF2009,2020-06-30 09:32:05.900,4059.8000,45100,-6,677691360.000,7,0,7,多平,S,4059.8000,4059.4000,4059.0000,4058.8000,4058.6000,4060.0000,4060.2000,4060.4000,4060.6000,4061.0000,6,2,2,5,5,3,2,1,7,3
SF,IF2009,2020-06-30 09:32:06.400,4060.0000,45095,-5,684999480.000,6,0,6,多平,S,4060.0000,4059.8000,4059.4000,4059.0000,4058.8000,4060.4000,4060.6000,4061.0000,4062.0000,4062.6000,2,6,1,1,5,1,7,3,2,4
SF,IF2009,2020-06-30 09:32:06.900,4060.0000,45095,0,684999480.000,0,-,-,-,-,4060.0000,4059.4000,4058.8000,4058.6000,4058.0000,4060.4000,4060.6000,4061.0000,4062.0000,4062.6000,2,1,1,5,6,1,7,3,2,4
SF,IF2009,2020-06-30 09:32:07.400,4060.4000,45094,-1,686217600.000,1,0,1,双平,S,4060.0000,4059.4000,4058.8000,4058.6000,4058.0000,4060.6000,4061.0000,4062.0000,4062.6000,4062.8000,1,1,1,5,6,7,3,2,4,1
SF,IF2009,2020-06-30 09:32:07.900,4060.0000,45093,-1,687435600.000,1,0,1,双平,S,4059.4000,4058.8000,4058.6000,4058.0000,4057.4000,4060.6000,4061.0000,4062.0000,4062.6000,4062.8000,1,2,5,6,1,8,3,2,4,1
SF,IF2009,2020-06-30 09:32:08.400,4060.6000,45093,0,688653780.000,1,0,1,多换,S,4059.6000,4059.4000,4058.8000,4058.6000,4058.0000,4060.6000,4061.0000,4062.0000,4062.6000,4062.8000,1,1,2,5,6,7,3,2,4,1
SF,IF2009,2020-06-30 09:32:08.900,4059.8000,45092,-1,689871720.000,1,0,1,双平,S,4059.6000,4059.4000,4058.8000,4058.6000,4058.0000,4060.6000,4061.0000,4062.0000,4062.6000,4062.8000,2,3,2,5,6,7,3,2,4,1
SF,IF2009,2020-06-30 09:32:09.400,4059.8000,45092,0,689871720.000,0,-,-,-,-,4059.6000,4059.4000,4058.8000,4058.6000,4058.0000,4060.0000,4060.6000,4061.0000,4062.0000,4062.6000,2,3,2,5,6,1,7,3,2,4
SF,IF2009,2020-06-30 09:32:09.900,4060.0000,45092,0,691089720.000,1,0,1,多换,S,4059.6000,4059.4000,4058.8000,4058.6000,4058.0000,4060.6000,4061.0000,4062.0000,4062.6000,4062.8000,2,3,2,5,6,7,3,2,4,1
SF,IF2009,2020-06-30 09:32:10.900,4059.8000,45092,0,692307660.000,1,0,1,多换,S,4059.8000,4059.6000,4059.4000,4058.8000,4058.6000,4060.6000,4061.0000,4062.0000,4062.6000,4062.8000,3,2,3,2,5,7,3,2,4,1
SF,IF2009,2020-06-30 09:32:11.400,4059.8000,45092,0,692307660.000,0,-,-,-,-,4060.0000,4059.8000,4059.6000,4059.4000,4058.8000,4060.6000,4061.0000,4062.0000,4062.6000,4062.8000,5,3,2,3,2,2,3,2,4,1
SF,IF2009,2020-06-30 09:32:11.900,4060.0000,45091,-1,693525660.000,1,0,1,双平,S,4060.0000,4059.8000,4059.6000,4059.4000,4058.8000,4060.6000,4061.0000,4062.0000,4062.6000,4062.8000,6,3,2,2,2,2,3,2,4,1
SF,IF2009,2020-06-30 09:32:12.400,4060.0000,45091,0,694743660.000,1,0,1,多换,S,4060.2000,4060.0000,4059.8000,4059.6000,4059.4000,4060.6000,4061.0000,4062.0000,4062.6000,4062.8000,1,6,3,1,2,2,3,2,4,1
SF,IF2009,2020-06-30 09:32:12.900,4060.6000,45090,-1,697180020.000,2,0,2,多平,S,4060.2000,4060.0000,4059.8000,4059.6000,4059.4000,4061.0000,4062.0000,4062.6000,4062.8000,4063.0000,1,5,3,1,2,3,2,4,1,3
SF,IF2009,2020-06-30 09:32:13.400,4060.6000,45090,0,697180020.000,0,-,-,-,-,4060.2000,4060.0000,4059.8000,4059.6000,4059.4000,4061.0000,4062.0000,4062.6000,4062.8000,4063.0000,2,5,3,1,2,3,2,4,1,3
SF,IF2009,2020-06-30 09:32:13.900,4060.6000,45090,0,697180020.000,0,-,-,-,-,4060.6000,4060.2000,4060.0000,4059.8000,4059.6000,4061.0000,4062.0000,4062.6000,4062.8000,4063.0000,1,2,5,3,1,3,2,4,1,3
SF,IF2009,2020-06-30 09:32:14.400,4060.6000,45090,0,697180020.000,0,-,-,-,-,4060.6000,4060.2000,4060.0000,4059.2000,4058.8000,4061.0000,4062.0000,4062.6000,4062.8000,4063.0000,1,2,5,1,2,3,2,4,1,3
SF,IF2009,2020-06-30 09:32:14.900,4060.6000,45090,0,698398200.000,1,0,1,多换,S,4060.2000,4060.0000,4059.2000,4058.8000,4058.6000,4061.0000,4062.0000,4062.6000,4062.8000,4063.0000,1,5,1,2,5,3,2,4,1,3
SF,IF2009,2020-06-30 09:32:15.900,4060.2000,45089,-1,699616260.000,1,0,1,双平,S,4060.0000,4059.2000,4058.8000,4058.6000,4058.0000,4060.8000,4061.0000,4062.0000,4062.6000,4062.8000,5,1,2,5,7,1,3,2,4,1
SF,IF2009,2020-06-30 09:32:16.400,4060.2000,45089,0,699616260.000,0,-,-,-,-,4060.2000,4060.0000,4059.2000,4058.8000,4058.6000,4061.0000,4062.0000,4062.6000,4062.8000,4063.0000,3,5,1,2,5,3,2,4,1,3
SF,IF2009,2020-06-30 09:32:16.900,4060.2000,45089,0,699616260.000,0,-,-,-,-,4060.2000,4060.0000,4059.2000,4058.8000,4058.6000,4060.8000,4061.0000,4062.0000,4062.6000,4062.8000,1,5,1,2,5,1,3,2,4,1
SF,IF2009,2020-06-30 09:32:17.400,4060.2000,45089,0,699616260.000,0,-,-,-,-,4060.0000,4059.2000,4058.8000,4058.6000,4058.0000,4060.8000,4061.0000,4062.0000,4062.6000,4062.8000,5,1,2,5,7,3,3,2,4,1
SF,IF2009,2020-06-30 09:32:17.900,4060.8000,45090,1,700834500.000,1,1,0,双开,S,4060.0000,4059.2000,4058.8000,4058.6000,4058.0000,4060.8000,4061.0000,4062.0000,4062.6000,4062.8000,5,1,2,5,7,1,3,2,4,1
SF,IF2009,2020-06-30 09:32:18.400,4060.8000,45091,1,702052740.000,1,1,0,双开,S,4060.0000,4059.2000,4058.8000,4058.6000,4058.0000,4061.0000,4062.0000,4062.6000,4062.8000,4063.0000,5,1,2,5,7,3,3,4,1,4
SF,IF2009,2020-06-30 09:32:18.900,4060.8000,45091,0,702052740.000,0,-,-,-,-,4060.0000,4059.2000,4058.8000,4058.6000,4058.0000,4060.2000,4061.0000,4062.0000,4062.6000,4062.8000,5,1,2,5,7,1,3,3,4,1
SF,IF2009,2020-06-30 09:32:19.400,4060.0000,45093,2,708143100.000,5,3,2,空开,S,4060.0000,4059.2000,4058.8000,4058.6000,4058.0000,4061.0000,4062.0000,4062.6000,4062.8000,4063.0000,3,1,2,5,7,2,3,4,1,4
SF,IF2009,2020-06-30 09:32:19.900,4060.0000,45093,0,708143100.000,0,-,-,-,-,4060.0000,4059.2000,4058.8000,4058.6000,4058.0000,4060.8000,4061.0000,4062.0000,4062.6000,4062.8000,3,1,2,5,7,2,2,3,4,1
SF,IF2009,2020-06-30 09:32:20.400,4060.0000,45093,0,708143100.000,0,-,-,-,-,4060.2000,4060.0000,4059.2000,4058.8000,4058.6000,4060.8000,4061.0000,4062.0000,4062.6000,4062.8000,1,3,1,2,5,5,2,3,4,1
SF,IF2009,2020-06-30 09:32:20.900,4060.0000,45094,1,709361100.000,1,1,0,双开,S,4060.0000,4059.2000,4058.8000,4058.6000,4058.0000,4060.8000,4061.0000,4062.0000,4062.6000,4062.8000,3,1,2,5,7,3,2,3,4,1
SF,IF2009,2020-06-30 09:32:21.400,4060.4000,45094,0,713015220.000,3,1,2,多换,S,4060.0000,4059.2000,4058.8000,4058.6000,4058.0000,4060.8000,4061.0000,4062.0000,4062.6000,4062.8000,1,1,2,5,7,2,2,3,4,1
SF,IF2009,2020-06-30 09:32:21.900,4060.4000,45094,0,713015220.000,0,-,-,-,-,4060.0000,4059.2000,4058.8000,4058.6000,4058.0000,4060.6000,4060.8000,4061.0000,4062.0000,4062.6000,1,1,2,5,7,2,2,2,3,4
SF,IF2009,2020-06-30 09:32:22.400,4060.4000,45095,1,714233340.000,1,1,0,双开,S,4060.0000,4059.2000,4058.8000,4058.6000,4058.0000,4060.6000,4060.8000,4061.0000,4062.0000,4062.6000,1,1,2,5,7,1,2,2,3,4
SF,IF2009,2020-06-30 09:32:22.900,4060.0000,45096,1,716669340.000,2,1,1,空开,S,4059.2000,4058.8000,4058.6000,4058.0000,4056.4000,4060.4000,4060.6000,4060.8000,4061.0000,4062.0000,1,2,5,7,1,1,1,1,2,3
SF,IF2009,2020-06-30 09:32:23.400,4060.8000,45095,-1,719105700.000,2,0,2,多平,S,4060.6000,4059.2000,4058.8000,4058.6000,4058.0000,4061.0000,4062.0000,4062.6000,4062.8000,4063.0000,1,1,2,5,7,2,3,3,1,4
SF,IF2009,2020-06-30 09:32:23.900,4060.0000,45095,0,721541880.000,2,1,1,多换,S,4060.0000,4059.2000,4058.8000,4058.6000,4058.0000,4060.6000,4061.0000,4061.8000,4062.0000,4062.6000,3,1,2,5,7,5,2,3,3,3
SF,IF2009,2020-06-30 09:32:24.400,4060.0000,45095,0,725195880.000,3,1,2,多换,S,4059.2000,4058.8000,4058.6000,4058.0000,4056.4000,4060.4000,4060.6000,4061.0000,4061.2000,4061.8000,1,2,5,7,1,1,4,2,1,3
SF,IF2009,2020-06-30 09:32:24.900,4060.4000,45095,0,726414000.000,1,0,1,多换,S,4059.4000,4059.2000,4058.8000,4058.6000,4058.0000,4060.6000,4061.0000,4061.2000,4061.8000,4062.0000,1,1,2,5,7,3,2,1,3,3
SF,IF2009,2020-06-30 09:32:25.400,4060.4000,45095,0,726414000.000,0,-,-,-,-,4059.4000,4059.2000,4058.8000,4058.6000,4058.0000,4060.4000,4060.6000,4061.0000,4061.8000,4062.0000,1,1,2,5,7,1,4,2,3,3
SF,IF2009,2020-06-30 09:32:25.900,4060.4000,45095,0,726414000.000,0,-,-,-,-,4059.6000,4059.4000,4059.2000,4058.8000,4058.6000,4060.6000,4061.0000,4061.8000,4062.0000,4062.6000,1,1,1,2,5,2,2,3,3,3
SF,IF2009,2020-06-30 09:32:26.400,4060.4000,45095,0,726414000.000,0,-,-,-,-,4059.8000,4059.6000,4059.2000,4058.8000,4058.6000,4060.6000,4061.0000,4061.8000,4062.0000,4062.6000,1,1,1,2,5,1,3,3,3,3
SF,IF2009,2020-06-30 09:32:26.900,4059.8000,45095,0,727631940.000,1,0,1,多换,S,4059.8000,4059.6000,4059.2000,4058.8000,4058.6000,4060.6000,4061.0000,4061.8000,4062.0000,4062.6000,1,3,1,2,5,1,5,3,3,3
SF,IF2009,2020-06-30 09:32:27.400,4059.6000,45092,-3,731285640.000,3,0,3,双平,S,4059.2000,4058.8000,4058.6000,4058.0000,4056.4000,4059.6000,4060.6000,4061.0000,4061.8000,4062.0000,1,2,5,7,1,2,1,5,3,3
SF,IF2009,2020-06-30 09:32:27.900,4059.6000,45090,-2,733721400.000,2,0,2,双平,S,4059.6000,4059.2000,4058.8000,4058.6000,4058.0000,4060.6000,4061.0000,4061.8000,4062.0000,4062.6000,2,1,2,5,7,3,5,3,3,3
SF,IF2009,2020-06-30 09:32:28.400,4059.6000,45090,0,733721400.000,0,-,-,-,-,4059.2000,4058.8000,4058.6000,4058.0000,4056.4000,4059.6000,4060.4000,4060.6000,4061.0000,4061.8000,1,2,5,7,1,1,2,3,5,3
SF,IF2009,2020-06-30 09:32:28.900,4059.2000,45090,0,734939160.000,1,0,1,多换,S,4058.8000,4058.6000,4058.0000,4056.4000,4055.0000,4059.2000,4060.4000,4060.6000,4061.0000,4061.8000,2,5,7,1,9,1,6,1,5,3
SF,IF2009,2020-06-30 09:32:29.400,4058.8000,45090,0,736156800.000,1,0,1,多换,S,4059.4000,4059.0000,4058.8000,4058.6000,4058.0000,4059.6000,4060.4000,4060.6000,4060.8000,4061.0000,1,1,1,5,7,1,3,1,1,5
SF,IF2009,2020-06-30 09:32:29.900,4059.4000,45090,0,737374620.000,1,0,1,多换,S,4059.0000,4058.8000,4058.6000,4058.0000,4056.4000,4059.2000,4059.4000,4059.6000,4060.4000,4060.6000,1,1,5,7,1,1,4,1,3,1
SF,IF2009,2020-06-30 09:32:30.400,4059.4000,45090,0,737374620.000,0,-,-,-,-,4059.0000,4058.8000,4058.6000,4058.0000,4056.4000,4059.2000,4059.6000,4060.4000,4060.6000,4060.8000,1,1,5,7,1,1,1,2,1,1
SF,IF2009,2020-06-30 09:32:30.900,4059.2000,45089,-1,738592380.000,1,0,1,双平,S,4059.0000,4058.8000,4058.6000,4058.0000,4056.4000,4059.6000,4060.4000,4060.6000,4060.8000,4061.0000,1,1,5,7,1,1,1,1,1,6
SF,IF2009,2020-06-30 09:32:31.400,4059.0000,45088,-1,739810080.000,1,0,1,双平,S,4058.8000,4058.6000,4058.0000,4056.4000,4055.0000,4059.6000,4060.4000,4060.6000,4060.8000,4061.0000,1,5,7,1,9,1,1,1,1,6
SF,IF2009,2020-06-30 09:32:31.900,4059.6000,45088,0,741027960.000,1,0,1,多换,S,4059.0000,4058.8000,4058.6000,4058.0000,4056.4000,4060.4000,4060.6000,4060.8000,4061.0000,4061.8000,1,1,5,7,1,1,1,1,6,3
SF,IF2009,2020-06-30 09:32:32.400,4059.6000,45088,0,741027960.000,0,-,-,-,-,4059.0000,4058.8000,4058.6000,4058.0000,4056.4000,4059.6000,4060.4000,4060.6000,4060.8000,4061.0000,1,1,5,7,1,1,2,1,1,6
SF,IF2009,2020-06-30 09:32:32.900,4058.8000,45088,0,742245600.000,1,0,1,多换,S,4058.6000,4058.0000,4056.4000,4055.0000,4054.0000,4058.8000,4059.6000,4060.2000,4060.4000,4060.6000,5,7,1,10,2,1,1,3,2,1
SF,IF2009,2020-06-30 09:32:33.400,4058.8000,45087,-1,743463240.000,1,0,1,双平,S,4058.8000,4058.6000,4058.0000,4056.4000,4055.0000,4060.2000,4060.4000,4060.6000,4060.8000,4061.0000,5,5,7,1,10,1,2,1,1,6
SF,IF2009,2020-06-30 09:32:33.900,4058.8000,45087,0,743463240.000,0,-,-,-,-,4058.6000,4058.0000,4056.4000,4055.0000,4054.0000,4060.0000,4060.2000,4060.6000,4060.8000,4061.0000,5,7,1,10,2,5,1,1,1,6
SF,IF2009,2020-06-30 09:32:34.400,4058.6000,45085,-2,747116040.000,3,0,3,多平,S,4058.6000,4058.0000,4056.4000,4055.0000,4054.0000,4059.8000,4060.0000,4060.6000,4060.8000,4061.0000,3,7,1,10,2,2,3,2,1,6
SF,IF2009,2020-06-30 09:32:34.900,4058.6000,45085,0,748333620.000,1,0,1,多换,S,4058.8000,4058.6000,4058.2000,4058.0000,4056.4000,4059.6000,4059.8000,4060.0000,4060.6000,4060.8000,1,3,1,7,1,2,3,1,2,1
SF,IF2009,2020-06-30 09:32:35.400,4058.8000,45086,1,749551260.000,1,1,0,双开,S,4058.6000,4058.2000,4058.0000,4056.4000,4055.0000,4059.6000,4059.8000,4060.0000,4060.6000,4060.8000,3,1,7,1,10,2,3,1,2,1
SF,IF2009,2020-06-30 09:32:35.900,4058.6000,45085,-1,750768840.000,1,0,1,双平,S,4058.6000,4058.2000,4058.0000,4056.4000,4055.0000,4059.4000,4059.6000,4059.8000,4060.0000,4060.6000,2,1,7,1,10,3,1,2,1,2
SF,IF2009,2020-06-30 09:32:36.400,4058.6000,45083,-2,753204000.000,2,0,2,双平,S,4058.2000,4058.0000,4056.4000,4055.0000,4054.0000,4059.2000,4059.4000,4060.0000,4060.6000,4060.8000,1,7,1,10,2,2,2,1,2,1
SF,IF2009,2020-06-30 09:32:36.900,4058.6000,45083,0,753204000.000,0,-,-,-,-,4058.2000,4058.0000,4056.4000,4055.0000,4054.0000,4059.2000,4059.4000,4060.0000,4060.6000,4060.8000,1,7,1,10,2,2,2,1,2,1
SF,IF2009,2020-06-30 09:32:37.400,4058.6000,45083,0,753204000.000,0,-,-,-,-,4058.2000,4058.0000,4056.4000,4055.0000,4054.0000,4059.0000,4059.2000,4060.0000,4060.6000,4060.8000,1,7,1,10,2,2,1,1,2,1
SF,IF2009,2020-06-30 09:32:37.900,4058.6000,45083,0,753204000.000,0,-,-,-,-,4058.2000,4058.0000,4056.4000,4055.0000,4054.0000,4058.8000,4059.0000,4060.6000,4060.8000,4061.0000,1,7,1,10,2,1,5,2,1,6
SF,IF2009,2020-06-30 09:32:38.400,4058.2000,45084,1,754421460.000,1,1,0,双开,S,4058.0000,4056.4000,4055.0000,4054.0000,4053.8000,4058.2000,4058.8000,4059.0000,4060.6000,4060.8000,7,1,10,2,1,1,1,3,2,1
SF,IF2009,2020-06-30 09:32:38.900,4058.0000,45081,-3,762943260.000,7,2,5,多平,S,4056.4000,4055.0000,4054.0000,4053.8000,4053.4000,4058.2000,4058.4000,4058.8000,4060.6000,4060.8000,1,10,2,1,1,2,1,2,2,2
SF,IF2009,2020-06-30 09:32:39.400,4058.0000,45081,0,762943260.000,0,-,-,-,-,4056.8000,4056.6000,4056.4000,4055.0000,4054.0000,4058.0000,4058.2000,4058.4000,4058.8000,4060.6000,1,1,1,9,2,3,1,1,2,2
SF,IF2009,2020-06-30 09:32:39.900,4056.8000,45081,0,764160300.000,1,0,1,多换,S,4056.4000,4055.0000,4054.0000,4053.8000,4053.4000,4057.8000,4058.0000,4058.2000,4058.4000,4060.6000,1,9,2,1,1,1,6,1,1,2
SF,IF2009,2020-06-30 09:32:40.400,4058.2000,45081,0,776333520.000,10,5,5,多换,S,4058.2000,4056.4000,4055.0000,4054.0000,4053.8000,4058.4000,4060.6000,4060.8000,4061.0000,4061.8000,5,1,9,2,1,1,2,2,6,3
SF,IF2009,2020-06-30 09:32:40.900,4056.4000,45080,-1,783637740.000,6,2,4,多平,S,4056.4000,4055.0000,4054.0000,4053.8000,4053.4000,4057.8000,4058.0000,4058.2000,4058.4000,4060.6000,2,9,2,1,1,2,1,8,3,2
SF,IF2009,2020-06-30 09:32:41.400,4056.4000,45078,-2,786071580.000,2,0,2,双平,S,4056.6000,4056.4000,4055.0000,4054.0000,4053.8000,4057.8000,4058.0000,4058.2000,4058.4000,4060.6000,8,2,9,2,1,1,1,4,3,2
SF,IF2009,2020-06-30 09:32:41.900,4056.4000,45078,0,786071580.000,0,-,-,-,-,4056.6000,4056.4000,4055.0000,4054.0000,4053.8000,4057.6000,4057.8000,4058.0000,4058.2000,4058.4000,7,1,9,2,1,1,1,1,4,3
SF,IF2009,2020-06-30 09:32:42.400,4056.4000,45078,0,786071580.000,0,-,-,-,-,4056.8000,4056.6000,4055.0000,4054.0000,4053.8000,4058.0000,4058.2000,4058.4000,4060.0000,4060.6000,5,5,9,2,1,1,3,3,1,2
SF,IF2009,2020-06-30 09:32:42.900,4056.4000,45078,0,786071580.000,0,-,-,-,-,4057.0000,4056.8000,4056.6000,4055.0000,4054.0000,4057.8000,4058.2000,4058.4000,4060.0000,4060.6000,2,2,1,9,2,1,3,3,1,2
SF,IF2009,2020-06-30 09:32:43.400,4056.4000,45078,0,786071580.000,0,-,-,-,-,4056.8000,4056.6000,4055.8000,4055.0000,4054.0000,4057.8000,4058.0000,4058.2000,4058.4000,4060.0000,2,1,1,9,2,2,4,3,3,1
SF,IF2009,2020-06-30 09:32:43.900,4056.4000,45078,0,786071580.000,0,-,-,-,-,4057.2000,4057.0000,4056.6000,4055.8000,4055.0000,4057.8000,4058.0000,4058.2000,4058.4000,4060.0000,3,3,1,1,9,1,2,3,3,1
SF,IF2009,2020-06-30 09:32:44.400,4056.4000,45078,0,786071580.000,0,-,-,-,-,4057.2000,4057.0000,4056.6000,4055.8000,4055.0000,4057.8000,4058.2000,4058.4000,4060.0000,4060.6000,3,2,1,1,9,1,3,3,1,2
SF,IF2009,2020-06-30 09:32:44.900,4056.4000,45078,0,786071580.000,0,-,-,-,-,4057.2000,4056.6000,4055.8000,4055.0000,4054.0000,4058.2000,4058.4000,4060.0000,4060.6000,4060.8000,3,1,1,10,2,3,3,1,2,2
SF,IF2009,2020-06-30 09:32:45.400,4056.4000,45078,0,786071580.000,0,-,-,-,-,4057.2000,4056.6000,4055.8000,4055.0000,4054.0000,4058.2000,4058.4000,4060.0000,4060.6000,4060.8000,3,1,1,10,2,3,1,1,2,2
SF,IF2009,2020-06-30 09:32:45.900,4056.4000,45078,0,786071580.000,0,-,-,-,-,4057.2000,4056.6000,4055.8000,4055.0000,4054.0000,4058.0000,4058.2000,4058.4000,4060.0000,4060.6000,3,1,1,10,2,1,3,1,1,2
SF,IF2009,2020-06-30 09:32:46.400,4056.4000,45078,0,786071580.000,0,-,-,-,-,4056.6000,4055.8000,4055.0000,4054.0000,4053.8000,4058.2000,4058.4000,4060.0000,4060.6000,4060.8000,1,1,10,2,1,3,1,1,2,2
SF,IF2009,2020-06-30 09:32:46.900,4056.4000,45078,0,786071580.000,0,-,-,-,-,4057.4000,4056.8000,4056.6000,4055.8000,4055.0000,4058.0000,4058.2000,4058.4000,4060.0000,4060.6000,2,6,2,1,10,1,2,1,1,2
SF,IF2009,2020-06-30 09:32:47.400,4056.4000,45078,0,786071580.000,0,-,-,-,-,4057.4000,4056.8000,4056.6000,4055.8000,4055.0000,4058.0000,4058.2000,4058.4000,4060.0000,4060.6000,1,5,2,1,10,1,2,1,1,2
SF,IF2009,2020-06-30 09:32:47.900,4058.2000,45077,-1,788506200.000,2,0,2,多平,S,4056.8000,4056.6000,4055.8000,4055.0000,4054.0000,4058.2000,4058.4000,4060.0000,4060.6000,4060.8000,5,2,1,10,3,1,1,1,2,2
SF,IF2009,2020-06-30 09:32:48.400,4058.2000,45077,0,788506200.000,0,-,-,-,-,4057.0000,4056.8000,4056.6000,4055.8000,4055.0000,4058.0000,4058.2000,4058.4000,4060.0000,4060.6000,1,6,1,1,10,2,1,1,1,2
SF,IF2009,2020-06-30 09:32:48.900,4058.2000,45077,0,788506200.000,0,-,-,-,-,4056.8000,4056.6000,4055.8000,4055.0000,4054.0000,4057.8000,4058.0000,4058.2000,4058.4000,4060.0000,5,1,1,10,3,1,3,2,1,1
SF,IF2009,2020-06-30 09:32:49.400,4057.0000,45076,-1,792158220.000,3,1,2,多平,S,4056.8000,4056.6000,4055.8000,4055.0000,4054.0000,4058.0000,4058.2000,4058.4000,4060.0000,4060.6000,5,1,1,10,3,2,2,1,1,2
SF,IF2009,2020-06-30 09:32:49.900,4057.0000,45076,0,792158220.000,0,-,-,-,-,4056.8000,4056.6000,4055.8000,4055.0000,4054.0000,4058.0000,4058.2000,4058.4000,4060.0000,4060.6000,5,1,1,10,3,2,1,1,1,2
SF,IF2009,2020-06-30 09:32:50.400,4057.0000,45076,0,792158220.000,0,-,-,-,-,4057.0000,4056.8000,4056.6000,4055.8000,4055.0000,4058.0000,4058.2000,4058.4000,4060.0000,4060.6000,1,5,1,1,10,2,1,1,2,2
SF,IF2009,2020-06-30 09:32:50.900,4057.0000,45076,0,792158220.000,0,-,-,-,-,4057.0000,4056.8000,4056.6000,4055.8000,4055.0000,4058.0000,4058.2000,4058.4000,4060.0000,4060.6000,1,5,2,1,10,2,1,1,2,2
SF,IF2009,2020-06-30 09:32:52.400,4058.0000,45076,0,794593020.000,2,1,1,多换,S,4058.0000,4057.0000,4056.8000,4056.6000,4055.8000,4058.2000,4058.4000,4060.0000,4060.6000,4060.8000,3,3,5,2,1,1,1,2,2,2
SF,IF2009,2020-06-30 09:32:52.900,4058.0000,45076,0,798245220.000,3,1,2,多换,S,4057.0000,4056.8000,4056.6000,4055.8000,4055.0000,4058.2000,4058.4000,4060.0000,4060.6000,4060.8000,2,5,1,1,10,1,1,9,2,2
SF,IF2009,2020-06-30 09:32:53.400,4057.2000,45076,0,799462380.000,1,0,1,多换,S,4057.2000,4057.0000,4056.8000,4056.6000,4055.8000,4058.2000,4058.4000,4060.0000,4060.6000,4060.8000,2,2,4,1,1,1,1,9,2,2
SF,IF2009,2020-06-30 09:32:53.900,4057.2000,45076,0,799462380.000,0,-,-,-,-,4057.4000,4057.2000,4057.0000,4056.8000,4056.6000,4058.0000,4058.2000,4058.4000,4060.0000,4060.6000,1,8,1,1,1,2,1,1,9,2
SF,IF2009,2020-06-30 09:32:54.400,4057.2000,45076,0,799462380.000,0,-,-,-,-,4057.4000,4057.2000,4056.8000,4056.6000,4055.8000,4058.0000,4058.2000,4058.4000,4060.0000,4060.6000,2,6,1,1,1,2,1,1,9,2
SF,IF2009,2020-06-30 09:32:54.900,4057.2000,45076,0,799462380.000,0,-,-,-,-,4057.4000,4057.2000,4056.8000,4056.6000,4055.8000,4058.0000,4058.2000,4058.4000,4060.0000,4060.6000,1,5,1,1,1,2,1,1,9,2
SF,IF2009,2020-06-30 09:32:55.400,4058.0000,45076,0,800679780.000,1,0,1,多换,S,4057.6000,4057.4000,4057.2000,4056.8000,4056.6000,4057.8000,4058.2000,4058.4000,4060.0000,4060.6000,4,1,2,1,1,4,1,1,9,2
SF,IF2009,2020-06-30 09:32:55.900,4057.8000,45076,0,805549140.000,4,2,2,多换,S,4057.8000,4057.6000,4057.4000,4057.2000,4056.8000,4058.4000,4059.6000,4060.0000,4060.6000,4060.8000,1,1,2,2,1,1,1,9,2,2
SF,IF2009,2020-06-30 09:32:56.400,4057.8000,45076,0,805549140.000,0,-,-,-,-,4057.6000,4057.4000,4057.2000,4056.8000,4056.6000,4058.4000,4059.6000,4060.0000,4060.6000,4060.8000,1,2,2,1,1,1,1,9,2,2
SF,IF2009,2020-06-30 09:32:56.900,4057.8000,45076,0,805549140.000,0,-,-,-,-,4057.6000,4057.4000,4057.2000,4056.8000,4056.6000,4058.4000,4059.6000,4060.0000,4060.6000,4060.8000,2,2,2,1,1,1,1,9,2,2
SF,IF2009,2020-06-30 09:32:57.400,4057.8000,45076,0,805549140.000,0,-,-,-,-,4057.8000,4057.6000,4057.2000,4056.8000,4056.6000,4058.4000,4059.6000,4060.0000,4060.6000,4060.8000,2,2,2,1,1,1,1,9,2,2
SF,IF2009,2020-06-30 09:32:57.900,4057.8000,45076,0,805549140.000,0,-,-,-,-,4057.8000,4057.6000,4057.2000,4056.8000,4056.6000,4058.4000,4059.6000,4060.0000,4060.4000,4060.6000,2,2,2,1,1,1,1,9,1,2
SF,IF2009,2020-06-30 09:32:58.400,4057.8000,45076,0,805549140.000,0,-,-,-,-,4057.6000,4057.2000,4056.8000,4056.6000,4055.8000,4058.4000,4059.6000,4060.0000,4060.4000,4060.6000,1,2,1,1,1,1,1,9,1,2
SF,IF2009,2020-06-30 09:32:58.900,4057.8000,45076,0,805549140.000,0,-,-,-,-,4057.6000,4057.2000,4056.8000,4056.6000,4055.8000,4058.4000,4059.6000,4060.0000,4060.6000,4060.8000,1,3,1,1,1,1,1,9,2,2
SF,IF2009,2020-06-30 09:32:59.400,4057.8000,45076,0,805549140.000,0,-,-,-,-,4057.6000,4057.2000,4056.8000,4056.6000,4055.8000,4058.4000,4059.6000,4060.0000,4060.6000,4060.8000,2,3,1,1,1,1,1,9,2,2
SF,IF2009,2020-06-30 09:32:59.900,4057.8000,45076,0,805549140.000,0,-,-,-,-,4057.6000,4057.2000,4056.8000,4056.6000,4055.8000,4058.4000,4059.6000,4060.0000,4060.6000,4060.8000,3,2,1,1,1,1,1,9,2,2
SF,IF2009,2020-06-30 09:33:00.400,4057.8000,45076,0,805549140.000,0,-,-,-,-,4057.8000,4057.6000,4057.2000,4056.8000,4056.6000,4058.2000,4058.4000,4059.6000,4060.0000,4060.6000,1,2,2,1,1,1,1,1,9,2
SF,IF2009,2020-06-30 09:33:00.900,4058.2000,45076,0,806766600.000,1,0,1,多换,S,4058.2000,4057.8000,4057.6000,4057.2000,4056.8000,4058.4000,4059.6000,4060.0000,4060.6000,4060.8000,1,3,2,2,1,2,1,9,2,2
SF,IF2009,2020-06-30 09:33:01.400,4058.4000,45075,-1,809201640.000,2,0,2,多平,S,4058.2000,4057.8000,4057.6000,4056.8000,4056.6000,4059.6000,4060.0000,4060.6000,4060.8000,4061.0000,1,3,2,1,1,1,9,2,2,5
SF,IF2009,2020-06-30 09:33:01.900,4058.4000,45075,0,809201640.000,0,-,-,-,-,4058.4000,4058.2000,4057.8000,4057.6000,4056.8000,4059.4000,4059.6000,4060.0000,4060.6000,4060.8000,2,2,1,1,1,2,1,9,2,2
SF,IF2009,2020-06-30 09:33:02.400,4058.6000,45074,-1,810419220.000,1,0,1,双平,S,4058.4000,4058.2000,4057.6000,4056.8000,4056.6000,4059.0000,4059.4000,4059.6000,4060.0000,4060.6000,1,1,1,1,1,1,2,1,9,3
SF,IF2009,2020-06-30 09:33:02.900,4058.6000,45074,0,810419220.000,0,-,-,-,-,4058.6000,4058.4000,4058.2000,4057.6000,4056.8000,4059.4000,4059.6000,4060.0000,4060.6000,4060.8000,3,1,1,1,1,1,1,9,2,2
SF,IF2009,2020-06-30 09:33:03.400,4058.6000,45073,-1,811636800.000,1,0,1,双平,S,4058.6000,4058.4000,4058.2000,4057.6000,4056.8000,4059.4000,4059.6000,4060.0000,4060.4000,4060.6000,2,1,1,1,1,1,1,9,1,2
SF,IF2009,2020-06-30 09:33:04.400,4059.4000,45073,0,812854620.000,1,0,1,多换,S,4058.8000,4058.6000,4058.4000,4058.2000,4057.6000,4059.6000,4060.0000,4060.4000,4060.6000,4060.8000,2,2,1,1,1,1,9,1,2,2
SF,IF2009,2020-06-30 09:33:04.900,4059.0000,45074,1,815290200.000,2,1,1,空开,S,4058.8000,4058.6000,4058.4000,4058.2000,4057.6000,4060.0000,4060.4000,4060.6000,4060.8000,4061.0000,3,2,1,1,1,9,1,2,2,5
SF,IF2009,2020-06-30 09:33:05.400,4059.0000,45074,0,817725600.000,2,1,1,多换,S,4059.0000,4058.8000,4058.6000,4058.4000,4058.2000,4059.6000,4060.0000,4060.4000,4060.6000,4060.8000,3,1,2,1,1,1,9,1,1,2
SF,IF2009,2020-06-30 09:33:05.900,4059.0000,45074,0,818943300.000,1,0,1,多换,S,4059.0000,4058.6000,4058.4000,4058.2000,4057.6000,4059.6000,4059.8000,4060.0000,4060.4000,4060.6000,2,1,1,1,1,1,1,9,1,1
SF,IF2009,2020-06-30 09:33:06.400,4059.0000,45074,0,821378880.000,2,1,1,多换,S,4058.6000,4058.4000,4058.2000,4057.6000,4056.8000,4059.8000,4060.0000,4060.4000,4060.6000,4060.8000,1,1,1,1,1,1,9,1,1,2
SF,IF2009,2020-06-30 09:33:06.900,4059.0000,45074,0,821378880.000,0,-,-,-,-,4058.8000,4058.6000,4058.4000,4058.2000,4057.6000,4059.8000,4060.0000,4060.4000,4060.6000,4060.8000,4,1,1,1,1,1,9,1,1,3
SF,IF2009,2020-06-30 09:33:07.400,4059.0000,45074,0,821378880.000,0,-,-,-,-,4059.2000,4059.0000,4058.8000,4058.4000,4058.2000,4059.4000,4059.8000,4060.0000,4060.4000,4060.6000,1,1,4,1,1,1,1,9,1,1
SF,IF2009,2020-06-30 09:33:07.900,4059.4000,45074,0,822596700.000,1,0,1,多换,S,4059.2000,4058.8000,4058.2000,4058.0000,4056.8000,4059.8000,4060.0000,4060.4000,4060.6000,4060.8000,2,3,1,1,1,2,9,1,1,3
SF,IF2009,2020-06-30 09:33:08.900,4059.2000,45074,0,823814460.000,1,0,1,多换,S,4059.2000,4058.8000,4058.2000,4058.0000,4056.8000,4059.8000,4060.0000,4060.4000,4060.6000,4060.8000,1,3,1,1,1,2,9,1,1,3
SF,IF2009,2020-06-30 09:33:09.400,4059.8000,45072,-2,826250340.000,2,0,2,双平,S,4059.6000,4059.2000,4058.8000,4058.2000,4058.0000,4060.0000,4060.4000,4060.6000,4060.8000,4061.0000,1,1,3,1,1,9,1,1,3,5
SF,IF2009,2020-06-30 09:33:09.900,4059.8000,45072,0,826250340.000,0,-,-,-,-,4059.8000,4059.6000,4059.2000,4058.8000,4058.2000,4060.0000,4060.4000,4060.6000,4060.8000,4061.0000,1,1,1,2,1,9,1,1,3,5
SF,IF2009,2020-06-30 09:33:10.400,4059.8000,45070,-2,828686280.000,2,0,2,双平,S,4059.6000,4059.2000,4058.8000,4058.2000,4058.0000,4060.0000,4060.4000,4060.6000,4060.8000,4061.0000,1,1,2,1,1,28,1,1,2,5
SF,IF2009,2020-06-30 09:33:10.900,4059.2000,45069,-1,831121920.000,2,0,2,多平,S,4058.8000,4058.2000,4058.0000,4056.8000,4056.6000,4059.6000,4059.8000,4060.0000,4060.4000,4060.6000,2,1,1,1,1,1,1,28,1,1
SF,IF2009,2020-06-30 09:33:11.400,4059.0000,45069,0,832339620.000,1,0,1,多换,S,4059.0000,4058.8000,4058.2000,4058.0000,4056.8000,4059.8000,4060.0000,4060.4000,4060.6000,4060.8000,1,2,1,1,1,1,28,1,1,2
SF,IF2009,2020-06-30 09:33:11.900,4059.0000,45069,0,833557320.000,1,0,1,多换,S,4059.0000,4058.8000,4058.2000,4058.0000,4056.8000,4059.8000,4060.0000,4060.4000,4060.6000,4060.8000,1,2,1,1,1,2,28,1,1,2
SF,IF2009,2020-06-30 09:33:12.400,4059.0000,45069,0,833557320.000,0,-,-,-,-,4059.0000,4058.8000,4058.2000,4058.0000,4056.8000,4059.8000,4060.0000,4060.4000,4060.6000,4060.8000,2,2,1,1,1,2,28,1,1,2
SF,IF2009,2020-06-30 09:33:12.900,4059.8000,45066,-3,838428780.000,4,0,4,多平,S,4059.8000,4058.8000,4058.2000,4058.0000,4056.8000,4060.0000,4060.2000,4060.4000,4060.6000,4060.8000,3,2,1,1,1,28,1,1,1,2
SF,IF2009,2020-06-30 09:33:13.400,4059.8000,45063,-3,842082600.000,3,0,3,双平,S,4058.8000,4058.2000,4058.0000,4056.8000,4056.6000,4059.0000,4059.8000,4060.0000,4060.2000,4060.4000,2,1,1,1,1,2,1,28,1,1
SF,IF2009,2020-06-30 09:33:13.900,4059.0000,45061,-2,844518000.000,2,0,2,双平,S,4059.8000,4059.0000,4058.8000,4058.2000,4058.0000,4060.0000,4060.2000,4060.4000,4060.6000,4060.8000,1,4,2,1,1,28,1,1,1,2
SF,IF2009,2020-06-30 09:33:14.400,4059.0000,45061,0,844518000.000,0,-,-,-,-,4059.8000,4059.0000,4058.8000,4058.4000,4058.2000,4060.0000,4060.2000,4060.4000,4060.6000,4060.8000,1,1,2,1,1,28,1,1,1,2
SF,IF2009,2020-06-30 09:33:14.900,4060.0000,45057,-4,850607880.000,5,0,5,多平,S,4058.8000,4058.4000,4058.2000,4058.0000,4056.8000,4060.0000,4060.2000,4060.4000,4060.6000,4060.8000,2,1,1,1,1,25,1,1,1,2
SF,IF2009,2020-06-30 09:33:15.400,4060.0000,45057,0,850607880.000,0,-,-,-,-,4059.0000,4058.8000,4058.4000,4058.2000,4058.0000,4059.8000,4060.0000,4060.2000,4060.4000,4060.6000,3,5,1,1,1,1,26,1,1,1
SF,IF2009,2020-06-30 09:33:15.900,4060.0000,45056,-1,856697880.000,5,2,3,多平,S,4059.0000,4058.8000,4058.4000,4058.2000,4058.0000,4060.0000,4060.2000,4060.4000,4060.6000,4060.8000,3,4,1,1,1,21,1,1,1,2
SF,IF2009,2020-06-30 09:33:16.400,4059.2000,45055,-1,857915640.000,1,0,1,双平,S,4059.2000,4059.0000,4058.4000,4056.8000,4056.6000,4060.0000,4060.2000,4060.4000,4060.6000,4060.8000,3,4,1,1,1,21,1,1,1,2
SF,IF2009,2020-06-30 09:33:16.900,4059.2000,45055,0,860351160.000,2,1,1,多换,S,4059.2000,4059.0000,4058.4000,4056.8000,4056.6000,4060.0000,4060.2000,4060.4000,4060.6000,4060.8000,1,3,1,1,1,21,1,1,1,2
SF,IF2009,2020-06-30 09:33:17.400,4059.2000,45055,0,860351160.000,0,-,-,-,-,4059.0000,4058.4000,4056.8000,4056.6000,4055.6000,4059.8000,4060.0000,4060.2000,4060.4000,4060.6000,3,1,1,1,1,4,22,1,1,1
SF,IF2009,2020-06-30 09:33:17.900,4059.2000,45055,0,860351160.000,0,-,-,-,-,4059.0000,4058.4000,4056.8000,4056.6000,4055.6000,4059.6000,4059.8000,4060.0000,4060.2000,4060.6000,2,1,1,1,1,1,4,21,1,1
SF,IF2009,2020-06-30 09:33:18.400,4059.0000,45054,-1,862786560.000,2,0,2,多平,S,4058.4000,4056.8000,4056.6000,4055.6000,4055.0000,4059.4000,4059.6000,4059.8000,4060.0000,4060.2000,1,1,1,1,11,2,3,1,21,1
SF,IF2009,2020-06-30 09:33:18.900,4059.0000,45054,0,862786560.000,0,-,-,-,-,4058.4000,4056.8000,4056.6000,4055.6000,4055.0000,4059.2000,4059.4000,4059.6000,4059.8000,4060.0000,1,1,1,1,11,1,2,2,1,21
SF,IF2009,2020-06-30 09:33:19.400,4059.0000,45054,0,865221780.000,2,1,1,多换,S,4058.8000,4056.8000,4056.6000,4055.6000,4055.0000,4059.0000,4059.2000,4059.4000,4059.8000,4060.0000,1,1,1,1,11,1,4,1,1,21
SF,IF2009,2020-06-30 09:33:19.900,4058.8000,45054,0,866439420.000,1,0,1,多换,S,4056.8000,4056.6000,4055.6000,4055.0000,4054.0000,4058.8000,4059.0000,4059.2000,4059.4000,4059.8000,1,1,1,11,3,3,1,3,1,1
SF,IF2009,2020-06-30 09:33:20.400,4057.8000,45052,-2,868874160.000,2,0,2,双平,S,4057.8000,4057.0000,4056.8000,4056.6000,4055.6000,4058.6000,4058.8000,4059.2000,4059.4000,4060.0000,4,6,2,1,1,1,1,1,1,21
SF,IF2009,2020-06-30 09:33:20.900,4057.8000,45052,0,868874160.000,0,-,-,-,-,4057.0000,4056.8000,4056.6000,4055.6000,4055.0000,4058.4000,4058.6000,4058.8000,4059.4000,4060.0000,6,1,1,1,11,1,4,1,1,21
SF,IF2009,2020-06-30 09:33:21.400,4058.6000,45051,-1,870091740.000,1,0,1,双平,S,4058.4000,4058.2000,4057.8000,4057.4000,4057.2000,4058.8000,4060.0000,4060.2000,4060.6000,4060.8000,1,5,1,1,1,1,22,1,1,2
SF,IF2009,2020-06-30 09:33:21.900,4058.4000,45049,-2,872526780.000,2,0,2,双平,S,4057.4000,4057.0000,4056.8000,4056.6000,4055.6000,4060.0000,4060.2000,4060.6000,4060.8000,4061.0000,1,5,2,1,1,22,1,1,2,5
SF,IF2009,2020-06-30 09:33:22.400,4059.0000,45049,0,873744480.000,1,0,1,多换,S,4057.6000,4057.4000,4057.0000,4056.8000,4056.6000,4059.4000,4059.8000,4060.0000,4060.2000,4060.6000,8,5,4,2,1,1,1,22,1,1
SF,IF2009,2020-06-30 09:33:22.900,4059.0000,45049,0,873744480.000,0,-,-,-,-,4057.6000,4057.4000,4057.0000,4056.8000,4056.6000,4058.4000,4059.2000,4060.0000,4060.2000,4060.6000,2,4,2,1,1,1,3,23,1,1
SF,IF2009,2020-06-30 09:33:23.400,4058.4000,45049,0,874962000.000,1,0,1,多换,S,4058.4000,4057.8000,4057.6000,4057.4000,4057.0000,4059.2000,4060.0000,4060.2000,4060.6000,4060.8000,1,4,1,3,2,2,22,1,1,2
SF,IF2009,2020-06-30 09:33:23.900,4058.4000,45049,0,874962000.000,0,-,-,-,-,4058.6000,4058.4000,4057.8000,4057.4000,4057.0000,4059.2000,4060.0000,4060.2000,4060.6000,4060.8000,1,2,5,3,1,1,22,1,1,2
SF,IF2009,2020-06-30 09:33:24.400,4058.4000,45049,0,874962000.000,0,-,-,-,-,4058.6000,4058.4000,4057.8000,4057.0000,4056.8000,4059.2000,4060.0000,4060.2000,4060.6000,4060.8000,1,2,5,1,1,1,22,1,1,2
SF,IF2009,2020-06-30 09:33:24.900,4058.4000,45049,0,874962000.000,0,-,-,-,-,4058.6000,4058.4000,4057.0000,4056.8000,4056.6000,4059.0000,4059.2000,4060.0000,4060.2000,4060.6000,1,2,1,1,1,1,1,22,1,2
SF,IF2009,2020-06-30 09:33:25.400,4058.6000,45048,-1,876179580.000,1,0,1,双平,S,4058.4000,4057.0000,4056.8000,4056.6000,4055.6000,4059.0000,4059.2000,4060.0000,4060.2000,4060.6000,2,1,1,1,1,1,1,22,1,2
SF,IF2009,2020-06-30 09:33:26.400,4058.6000,45048,0,876179580.000,0,-,-,-,-,4058.6000,4058.4000,4058.2000,4057.0000,4056.8000,4059.2000,4059.8000,4060.0000,4060.2000,4060.6000,1,2,1,1,1,1,1,22,1,2
SF,IF2009,2020-06-30 09:33:26.900,4058.6000,45048,0,876179580.000,0,-,-,-,-,4059.0000,4058.6000,4058.4000,4058.2000,4057.0000,4059.2000,4059.8000,4060.0000,4060.2000,4060.6000,1,1,2,1,1,1,1,22,1,2
SF,IF2009,2020-06-30 09:33:27.400,4059.0000,45047,-1,877397280.000,1,0,1,双平,S,4059.2000,4059.0000,4058.6000,4058.4000,4058.2000,4059.8000,4060.0000,4060.2000,4060.6000,4060.8000,1,1,1,2,1,1,22,1,2,3
SF,IF2009,2020-06-30 09:33:27.900,4059.0000,45047,0,877397280.000,0,-,-,-,-,4059.0000,4058.6000,4058.4000,4058.2000,4057.0000,4059.6000,4059.8000,4060.0000,4060.2000,4060.6000,2,1,2,1,1,1,1,22,1,2
SF,IF2009,2020-06-30 09:33:28.400,4059.0000,45047,0,877397280.000,0,-,-,-,-,4059.2000,4059.0000,4058.4000,4058.2000,4057.0000,4059.8000,4060.0000,4060.2000,4060.6000,4060.8000,1,2,2,1,1,1,22,1,2,3
SF,IF2009,2020-06-30 09:33:29.900,4059.0000,45047,0,877397280.000,0,-,-,-,-,4059.2000,4059.0000,4058.4000,4058.2000,4057.0000,4059.8000,4060.0000,4060.2000,4060.6000,4060.8000,1,2,2,1,1,1,22,1,2,2
SF,IF2009,2020-06-30 09:33:30.400,4059.0000,45047,0,877397280.000,0,-,-,-,-,4059.2000,4059.0000,4058.4000,4058.2000,4057.0000,4059.8000,4060.0000,4060.2000,4060.6000,4060.8000,1,3,2,1,1,1,30,1,2,2
SF,IF2009,2020-06-30 09:33:30.900,4059.0000,45047,0,877397280.000,0,-,-,-,-,4059.4000,4059.0000,4058.4000,4058.2000,4057.0000,4059.8000,4060.0000,4060.2000,4060.6000,4060.8000,1,3,2,1,1,1,31,1,2,2
SF,IF2009,2020-06-30 09:33:31.400,4059.8000,45048,1,878615220.000,1,1,0,双开,S,4059.4000,4059.2000,4059.0000,4058.4000,4058.2000,4060.0000,4060.2000,4060.6000,4060.8000,4061.0000,1,1,3,2,1,31,1,2,2,5
SF,IF2009,2020-06-30 09:33:32.900,4059.8000,45048,0,878615220.000,0,-,-,-,-,4059.4000,4059.2000,4059.0000,4058.4000,4058.2000,4059.6000,4060.0000,4060.6000,4060.8000,4061.0000,1,1,3,2,1,1,30,2,2,5
SF,IF2009,2020-06-30 09:33:33.400,4059.8000,45048,0,879833160.000,1,0,1,多换,S,4059.4000,4059.2000,4059.0000,4058.4000,4058.2000,4060.0000,4060.6000,4060.8000,4061.0000,4061.8000,1,1,3,2,1,30,2,2,5,4
SF,IF2009,2020-06-30 09:33:33.900,4060.0000,45046,-2,884705160.000,4,1,3,多平,S,4059.4000,4059.0000,4058.4000,4058.2000,4057.0000,4060.0000,4060.6000,4060.8000,4061.0000,4061.8000,1,3,2,1,1,26,2,2,5,4
SF,IF2009,2020-06-30 09:33:34.400,4060.0000,45044,-2,887141040.000,2,0,2,双平,S,4059.6000,4059.4000,4059.0000,4058.4000,4058.2000,4060.0000,4060.6000,4060.8000,4061.0000,4061.8000,7,1,3,2,1,25,2,2,5,4
SF,IF2009,2020-06-30 09:33:34.900,4060.0000,45037,-7,895667040.000,7,0,7,双平,S,4059.6000,4059.4000,4059.0000,4058.4000,4058.2000,4060.0000,4060.6000,4060.8000,4061.0000,4061.8000,7,1,3,2,1,18,2,2,5,4
SF,IF2009,2020-06-30 09:33:35.400,4060.0000,45036,-1,896885040.000,1,0,1,双平,S,4059.6000,4059.4000,4059.0000,4058.4000,4058.2000,4060.0000,4060.6000,4060.8000,4061.0000,4061.8000,1,1,3,2,1,17,2,2,5,4
SF,IF2009,2020-06-30 09:33:35.900,4060.0000,45035,-1,899321040.000,2,0,2,多平,S,4059.0000,4058.4000,4058.2000,4057.0000,4056.6000,4060.0000,4060.6000,4060.8000,4061.0000,4061.8000,3,2,1,1,1,16,2,2,5,4
SF,IF2009,2020-06-30 09:33:36.400,4060.0000,45035,0,899321040.000,0,-,-,-,-,4059.6000,4059.4000,4059.2000,4059.0000,4058.4000,4060.0000,4060.6000,4060.8000,4061.0000,4061.8000,5,1,5,4,2,16,2,2,5,4
SF,IF2009,2020-06-30 09:33:36.900,4059.6000,45033,-2,901756800.000,2,0,2,双平,S,4059.4000,4059.2000,4059.0000,4058.4000,4058.2000,4059.8000,4060.0000,4060.6000,4060.8000,4061.0000,1,3,3,2,1,1,16,2,2,5
SF,IF2009,2020-06-30 09:33:37.400,4059.6000,45033,0,901756800.000,0,-,-,-,-,4059.2000,4059.0000,4058.4000,4058.2000,4057.0000,4059.4000,4059.8000,4060.0000,4060.6000,4060.8000,1,3,2,1,1,1,1,16,2,2
SF,IF2009,2020-06-30 09:33:37.900,4059.6000,45033,0,901756800.000,0,-,-,-,-,4059.0000,4058.4000,4058.2000,4057.0000,4056.6000,4059.2000,4060.0000,4060.6000,4060.8000,4061.0000,3,2,1,1,1,1,16,2,2,5
SF,IF2009,2020-06-30 09:33:38.400,4059.0000,45033,0,905410020.000,3,1,2,多换,S,4059.0000,4058.4000,4058.2000,4057.0000,4056.6000,4059.6000,4060.0000,4060.6000,4060.8000,4061.0000,2,2,1,1,1,2,16,2,2,5
SF,IF2009,2020-06-30 09:33:38.900,4059.6000,45035,2,907845600.000,2,2,0,双开,S,4059.4000,4059.0000,4058.4000,4058.2000,4057.0000,4059.6000,4060.0000,4060.6000,4060.8000,4061.0000,1,1,2,1,1,1,16,2,2,5
SF,IF2009,2020-06-30 09:33:39.400,4059.0000,45037,2,910281120.000,2,2,0,双开,S,4058.4000,4058.2000,4057.0000,4056.6000,4055.6000,4059.4000,4060.0000,4060.6000,4060.8000,4061.0000,2,1,1,1,1,1,16,2,2,5
SF,IF2009,2020-06-30 09:33:39.900,4059.0000,45037,0,910281120.000,0,-,-,-,-,4058.8000,4058.6000,4058.4000,4058.2000,4057.0000,4059.4000,4060.0000,4060.6000,4060.8000,4061.0000,1,9,2,1,1,1,17,2,2,5
SF,IF2009,2020-06-30 09:33:40.400,4059.0000,45037,0,910281120.000,0,-,-,-,-,4058.4000,4058.2000,4057.0000,4056.6000,4055.6000,4059.2000,4059.4000,4060.0000,4060.6000,4060.8000,2,1,1,1,1,1,1,17,2,2
SF,IF2009,2020-06-30 09:33:40.900,4059.0000,45037,0,910281120.000,0,-,-,-,-,4058.4000,4058.2000,4057.0000,4056.6000,4055.6000,4059.0000,4060.0000,4060.6000,4060.8000,4061.0000,2,1,1,1,1,1,17,2,2,5
SF,IF2009,2020-06-30 09:33:41.400,4058.6000,45036,-1,912716280.000,2,0,2,多平,S,4058.4000,4058.2000,4057.0000,4056.6000,4055.6000,4059.0000,4060.0000,4060.6000,4060.8000,4061.0000,2,1,1,1,1,1,17,2,2,5
SF,IF2009,2020-06-30 09:33:42.400,4058.6000,45036,0,912716280.000,0,-,-,-,-,4058.6000,4058.4000,4058.2000,4057.0000,4056.6000,4059.0000,4060.0000,4060.6000,4060.8000,4061.0000,7,2,1,1,1,1,17,2,2,5
SF,IF2009,2020-06-30 09:33:42.900,4059.0000,45035,-1,913933980.000,1,0,1,双平,S,4059.4000,4058.8000,4058.6000,4058.4000,4058.2000,4060.0000,4060.6000,4060.8000,4061.0000,4061.8000,1,5,7,2,1,18,2,2,5,4
SF,IF2009,2020-06-30 09:33:43.400,4059.4000,45035,0,915151800.000,1,0,1,多换,S,4058.6000,4058.4000,4058.2000,4057.0000,4055.6000,4059.4000,4059.8000,4060.0000,4060.6000,4060.8000,2,2,1,1,1,2,8,18,2,2
SF,IF2009,2020-06-30 09:33:43.900,4059.4000,45035,0,915151800.000,0,-,-,-,-,4058.6000,4058.4000,4058.2000,4057.0000,4055.6000,4059.4000,4059.8000,4060.0000,4060.6000,4060.8000,2,2,1,1,1,1,6,18,2,2
SF,IF2009,2020-06-30 09:33:44.400,4059.4000,45035,0,915151800.000,0,-,-,-,-,4058.6000,4058.4000,4058.2000,4057.0000,4055.6000,4059.2000,4059.4000,4059.8000,4060.0000,4060.6000,1,2,1,1,1,1,1,6,18,2
SF,IF2009,2020-06-30 09:33:45.400,4059.4000,45035,0,915151800.000,0,-,-,-,-,4058.4000,4058.2000,4057.0000,4055.6000,4055.0000,4059.0000,4059.2000,4059.4000,4059.8000,4060.0000,2,1,1,1,13,1,1,1,6,19
SF,IF2009,2020-06-30 09:33:45.900,4059.4000,45035,0,915151800.000,0,-,-,-,-,4058.4000,4058.2000,4057.0000,4055.6000,4055.0000,4059.0000,4059.4000,4059.8000,4060.0000,4060.6000,2,1,1,1,13,1,1,6,19,2
SF,IF2009,2020-06-30 09:33:46.400,4059.4000,45035,0,915151800.000,0,-,-,-,-,4058.4000,4058.2000,4057.0000,4055.6000,4055.0000,4059.0000,4059.4000,4059.8000,4060.0000,4060.6000,2,1,1,1,8,1,1,6,19,2
SF,IF2009,2020-06-30 09:33:46.900,4058.2000,45034,-1,918804300.000,3,1,2,多平,S,4057.0000,4055.6000,4055.0000,4054.0000,4053.8000,4058.2000,4058.4000,4058.8000,4059.0000,4059.4000,1,1,8,3,1,1,1,4,1,1
SF,IF2009,2020-06-30 09:33:47.400,4058.2000,45034,0,918804300.000,0,-,-,-,-,4057.4000,4057.2000,4057.0000,4056.8000,4055.6000,4058.0000,4058.2000,4058.4000,4058.8000,4059.4000,5,2,1,1,1,1,1,1,2,1
SF,IF2009,2020-06-30 09:33:47.900,4058.0000,45034,0,920021700.000,1,0,1,多换,S,4057.6000,4055.6000,4055.0000,4054.0000,4053.8000,4058.0000,4058.2000,4058.4000,4058.8000,4059.4000,3,1,8,3,1,6,2,1,2,1
SF,IF2009,2020-06-30 09:33:48.400,4057.6000,45031,-3,923673540.000,3,0,3,双平,S,4055.6000,4055.0000,4054.0000,4053.8000,4053.4000,4057.6000,4058.0000,4058.2000,4058.4000,4058.8000,1,8,3,1,1,1,6,2,1,2
SF,IF2009,2020-06-30 09:33:48.900,4058.4000,45028,-3,932195220.000,7,2,5,多平,S,4057.0000,4056.2000,4055.8000,4055.6000,4055.0000,4058.8000,4059.4000,4060.0000,4060.6000,4060.8000,5,3,8,1,8,1,1,19,2,2
SF,IF2009,2020-06-30 09:33:49.400,4058.4000,45028,0,932195220.000,0,-,-,-,-,4057.2000,4057.0000,4056.8000,4056.2000,4056.0000,4057.6000,4058.4000,4058.6000,4058.8000,4059.4000,1,5,1,3,1,1,1,3,1,1
SF,IF2009,2020-06-30 09:33:49.900,4057.6000,45026,-2,938281620.000,5,1,4,多平,S,4057.6000,4057.2000,4056.8000,4056.0000,4055.8000,4058.4000,4058.8000,4059.4000,4060.0000,4060.6000,1,2,1,1,8,1,1,1,19,2
SF,IF2009,2020-06-30 09:33:50.400,4057.2000,45027,1,943150620.000,4,2,2,空开,S,4056.8000,4056.0000,4055.8000,4055.6000,4055.0000,4058.2000,4058.4000,4058.8000,4059.2000,4059.4000,1,1,7,1,8,1,2,1,2,1
SF,IF2009,2020-06-30 09:33:50.900,4057.2000,45027,0,943150620.000,0,-,-,-,-,4057.0000,4056.8000,4056.0000,4055.8000,4055.6000,4058.2000,4058.4000,4059.2000,4059.4000,4060.0000,9,1,1,6,1,2,1,2,1,19
SF,IF2009,2020-06-30 09:33:51.400,4058.2000,45027,0,944368080.000,1,0,1,多换,S,4058.2000,4057.4000,4057.0000,4056.8000,4056.0000,4058.4000,4059.2000,4059.4000,4060.0000,4060.6000,4,5,10,4,1,1,2,1,19,2
SF,IF2009,2020-06-30 09:33:51.900,4058.2000,45029,2,949237920.000,4,3,1,空开,S,4057.4000,4057.0000,4056.8000,4056.0000,4055.8000,4059.2000,4059.4000,4060.0000,4060.6000,4060.8000,5,2,4,1,6,2,1,19,2,2
SF,IF2009,2020-06-30 09:33:52.400,4058.2000,45029,0,949237920.000,0,-,-,-,-,4057.6000,4057.0000,4056.8000,4056.0000,4055.8000,4058.8000,4059.0000,4059.2000,4059.4000,4060.0000,1,1,2,1,6,1,7,2,1,19
SF,IF2009,2020-06-30 09:33:52.900,4058.2000,45029,0,949237920.000,0,-,-,-,-,4057.6000,4057.0000,4056.8000,4056.0000,4055.8000,4058.6000,4058.8000,4059.0000,4059.2000,4059.4000,1,1,2,1,6,3,2,4,2,1
SF,IF2009,2020-06-30 09:33:53.400,4058.2000,45029,0,949237920.000,0,-,-,-,-,4057.6000,4057.0000,4056.8000,4056.0000,4055.8000,4058.4000,4058.6000,4058.8000,4059.0000,4059.2000,1,1,2,1,6,1,2,2,1,2
SF,IF2009,2020-06-30 09:33:53.900,4058.2000,45029,0,949237920.000,0,-,-,-,-,4057.6000,4057.2000,4057.0000,4056.8000,4056.0000,4058.4000,4058.6000,4058.8000,4059.0000,4059.2000,1,1,1,2,1,2,1,2,1,2
SF,IF2009,2020-06-30 09:33:54.400,4058.2000,45029,0,949237920.000,0,-,-,-,-,4057.2000,4057.0000,4056.8000,4056.0000,4055.8000,4058.2000,4058.4000,4058.8000,4059.0000,4059.2000,1,1,2,1,6,2,3,1,1,2
SF,IF2009,2020-06-30 09:33:54.900,4058.2000,45029,0,949237920.000,0,-,-,-,-,4057.4000,4057.2000,4057.0000,4056.8000,4056.0000,4057.6000,4058.0000,4058.4000,4058.8000,4059.0000,1,1,1,2,1,1,1,1,1,1
SF,IF2009,2020-06-30 09:33:55.400,4057.4000,45028,-1,950455140.000,1,0,1,双平,S,4057.2000,4057.0000,4056.8000,4056.0000,4055.8000,4057.6000,4058.4000,4058.8000,4059.2000,4059.4000,1,1,2,1,6,1,1,1,2,2
SF,IF2009,2020-06-30 09:33:56.400,4057.2000,45027,-1,951672300.000,1,0,1,双平,S,4057.0000,4056.8000,4056.0000,4055.8000,4055.6000,4057.6000,4058.4000,4058.8000,4059.2000,4059.4000,1,2,1,6,1,1,1,1,2,2
SF,IF2009,2020-06-30 09:33:56.900,4057.2000,45027,0,951672300.000,0,-,-,-,-,4057.0000,4056.8000,4056.0000,4055.8000,4055.6000,4057.4000,4057.6000,4058.4000,4058.8000,4059.2000,1,2,1,6,1,1,1,1,1,2
SF,IF2009,2020-06-30 09:33:57.400,4057.0000,45023,-4,956540700.000,4,0,4,双平,S,4056.8000,4056.0000,4055.8000,4055.6000,4055.2000,4057.4000,4057.6000,4058.4000,4058.8000,4059.2000,2,1,6,1,1,1,1,1,1,2
SF,IF2009,2020-06-30 09:33:57.900,4057.0000,45023,0,956540700.000,0,-,-,-,-,4057.0000,4056.8000,4056.0000,4055.8000,4055.6000,4057.4000,4057.6000,4058.4000,4058.8000,4059.2000,5,2,1,6,1,1,1,1,1,2
SF,IF2009,2020-06-30 09:33:58.400,4057.0000,45023,0,956540700.000,0,-,-,-,-,4057.2000,4057.0000,4056.8000,4056.0000,4055.8000,4057.4000,4057.6000,4058.8000,4059.2000,4059.4000,5,5,2,1,6,1,1,1,2,1
SF,IF2009,2020-06-30 09:33:58.900,4057.4000,45022,-1,957757920.000,1,0,1,双平,S,4057.2000,4057.0000,4056.8000,4056.0000,4055.8000,4057.6000,4058.8000,4059.2000,4059.4000,4060.0000,5,5,2,1,6,1,1,2,1,22
SF,IF2009,2020-06-30 09:33:59.400,4057.6000,45021,-1,958975200.000,1,0,1,双平,S,4057.6000,4057.4000,4057.2000,4056.8000,4055.8000,4058.2000,4058.8000,4059.2000,4059.4000,4060.0000,1,1,5,2,5,1,1,2,1,22
SF,IF2009,2020-06-30 09:33:59.900,4057.6000,45021,0,960192480.000,1,0,1,多换,S,4057.2000,4056.8000,4055.8000,4055.6000,4055.2000,4057.6000,4058.0000,4058.2000,4058.8000,4059.2000,5,2,5,1,1,1,4,1,1,2
SF,IF2009,2020-06-30 09:34:00.400,4057.6000,45021,0,960192480.000,0,-,-,-,-,4057.4000,4057.2000,4056.8000,4055.8000,4055.6000,4058.0000,4058.2000,4058.8000,4059.2000,4059.4000,5,5,2,5,1,3,1,1,2,1
SF,IF2009,2020-06-30 09:34:00.900,4057.4000,45017,-4,965061360.000,4,0,4,双平,S,4056.8000,4055.8000,4055.6000,4055.2000,4055.0000,4057.8000,4058.0000,4058.2000,4058.8000,4059.2000,2,5,1,1,7,1,3,1,1,2
SF,IF2009,2020-06-30 09:34:01.400,4058.0000,45017,0,966278760.000,1,0,1,多换,S,4057.2000,4056.8000,4055.8000,4055.6000,4055.2000,4058.0000,4058.2000,4058.8000,4059.2000,4059.4000,5,2,5,1,1,1,1,1,2,1
SF,IF2009,2020-06-30 09:34:01.900,4058.0000,45017,0,966278760.000,0,-,-,-,-,4057.4000,4057.2000,4056.8000,4055.8000,4055.6000,4058.0000,4058.2000,4058.8000,4059.2000,4059.4000,1,5,3,5,1,1,1,1,2,1
SF,IF2009,2020-06-30 09:34:02.400,4058.0000,45017,0,966278760.000,0,-,-,-,-,4057.2000,4056.8000,4055.8000,4055.6000,4055.2000,4058.0000,4058.2000,4058.8000,4059.2000,4059.4000,5,2,5,1,1,1,1,1,2,1
SF,IF2009,2020-06-30 09:34:02.900,4057.2000,45015,-2,968713140.000,2,0,2,双平,S,4057.2000,4056.8000,4055.8000,4055.6000,4055.2000,4058.2000,4058.8000,4059.2000,4059.4000,4060.0000,4,2,5,1,1,1,1,2,1,22
SF,IF2009,2020-06-30 09:34:03.400,4057.2000,45015,0,968713140.000,0,-,-,-,-,4057.2000,4056.8000,4055.8000,4055.6000,4055.2000,4058.0000,4058.2000,4058.8000,4059.2000,4059.4000,4,2,5,1,1,2,2,1,2,1
SF,IF2009,2020-06-30 09:34:03.900,4057.2000,45015,0,968713140.000,0,-,-,-,-,4057.2000,4056.8000,4055.8000,4055.6000,4055.2000,4057.8000,4058.0000,4058.2000,4058.8000,4059.2000,4,2,5,1,1,1,3,1,1,2
SF,IF2009,2020-06-30 09:34:04.400,4057.2000,45015,0,968713140.000,0,-,-,-,-,4057.4000,4057.2000,4056.8000,4055.8000,4055.6000,4057.8000,4058.0000,4058.2000,4058.8000,4059.2000,2,4,2,5,1,1,1,1,1,2
SF,IF2009,2020-06-30 09:34:04.900,4057.8000,45013,-2,971147640.000,2,0,2,双平,S,4057.4000,4057.2000,4056.8000,4055.8000,4055.6000,4058.0000,4058.2000,4058.8000,4059.2000,4059.4000,1,4,2,5,1,1,1,1,2,1
SF,IF2009,2020-06-30 09:34:05.900,4057.8000,45013,0,971147640.000,0,-,-,-,-,4057.4000,4057.2000,4056.8000,4055.8000,4055.6000,4058.0000,4058.2000,4058.8000,4059.0000,4059.2000,1,4,2,5,1,1,1,1,1,2
SF,IF2009,2020-06-30 09:34:06.400,4058.0000,45013,0,972365040.000,1,0,1,多换,S,4057.2000,4056.8000,4055.8000,4055.6000,4055.2000,4058.2000,4058.8000,4059.0000,4059.2000,4059.4000,4,2,5,1,1,1,1,1,2,1
SF,IF2009,2020-06-30 09:34:06.900,4058.0000,45013,0,972365040.000,0,-,-,-,-,4057.4000,4057.2000,4056.8000,4055.8000,4055.6000,4058.0000,4058.2000,4058.8000,4059.0000,4059.2000,1,4,2,5,1,2,1,1,1,2
SF,IF2009,2020-06-30 09:34:07.400,4058.0000,45013,0,972365040.000,0,-,-,-,-,4056.8000,4055.8000,4055.6000,4055.2000,4055.0000,4057.4000,4057.8000,4058.0000,4058.2000,4058.8000,2,5,1,1,3,2,1,5,2,1
SF,IF2009,2020-06-30 09:34:07.900,4058.0000,45013,0,972365040.000,0,-,-,-,-,4056.8000,4055.8000,4055.6000,4055.2000,4055.0000,4057.8000,4058.0000,4058.2000,4058.8000,4059.0000,2,5,1,1,3,1,3,2,1,1
SF,IF2009,2020-06-30 09:34:08.400,4058.0000,45013,0,972365040.000,0,-,-,-,-,4056.8000,4055.8000,4055.6000,4055.2000,4055.0000,4057.6000,4057.8000,4058.0000,4058.2000,4058.8000,2,5,1,1,3,1,1,3,2,1
SF,IF2009,2020-06-30 09:34:08.900,4058.0000,45014,1,973582440.000,1,1,0,双开,S,4057.2000,4056.8000,4055.8000,4055.6000,4055.2000,4057.8000,4058.0000,4058.2000,4058.8000,4059.0000,4,2,5,1,1,2,3,1,1,1
SF,IF2009,2020-06-30 09:34:09.400,4058.0000,45014,0,973582440.000,0,-,-,-,-,4057.2000,4056.8000,4055.8000,4055.6000,4055.2000,4057.6000,4057.8000,4058.0000,4058.2000,4058.8000,4,2,5,1,1,1,1,3,1,1
SF,IF2009,2020-06-30 09:34:09.900,4057.6000,45012,-2,976017000.000,2,0,2,双平,S,4056.8000,4055.8000,4055.6000,4055.2000,4055.0000,4057.8000,4058.0000,4058.2000,4058.8000,4059.0000,2,5,1,1,3,1,3,1,1,1
SF,IF2009,2020-06-30 09:34:10.400,4057.6000,45012,0,976017000.000,0,-,-,-,-,4057.0000,4056.8000,4055.8000,4055.6000,4055.2000,4057.8000,4058.0000,4058.2000,4058.8000,4059.0000,4,2,5,1,1,1,3,1,1,1
SF,IF2009,2020-06-30 09:34:10.900,4057.2000,45011,-1,977234160.000,1,0,1,双平,S,4057.0000,4056.8000,4055.8000,4055.6000,4055.2000,4057.2000,4057.8000,4058.0000,4058.2000,4058.8000,2,2,3,1,1,1,1,3,1,1
SF,IF2009,2020-06-30 09:34:11.400,4057.2000,45010,-1,978451320.000,1,0,1,双平,S,4056.8000,4055.8000,4055.6000,4055.2000,4055.0000,4057.8000,4058.0000,4058.2000,4058.8000,4059.0000,2,2,1,1,3,1,3,1,1,1
SF,IF2009,2020-06-30 09:34:11.900,4057.2000,45010,0,978451320.000,0,-,-,-,-,4056.8000,4055.8000,4055.6000,4055.2000,4055.0000,4057.6000,4057.8000,4058.0000,4058.2000,4058.8000,2,2,1,1,3,2,2,3,1,1
SF,IF2009,2020-06-30 09:34:12.400,4057.2000,45010,0,978451320.000,0,-,-,-,-,4056.8000,4055.8000,4055.6000,4055.2000,4055.0000,4057.4000,4057.6000,4057.8000,4058.0000,4058.2000,2,2,1,1,3,1,2,1,3,1
SF,IF2009,2020-06-30 09:34:12.900,4056.8000,45011,1,979668360.000,1,1,0,双开,S,4056.8000,4055.8000,4055.6000,4055.2000,4055.0000,4057.2000,4057.4000,4057.6000,4057.8000,4058.0000,1,2,1,1,3,1,1,2,1,3
SF,IF2009,2020-06-30 09:34:13.400,4056.8000,45011,0,980885400.000,1,0,1,多换,S,4055.6000,4055.2000,4055.0000,4054.0000,4053.8000,4056.8000,4057.2000,4057.4000,4057.6000,4057.8000,1,1,3,3,1,2,1,1,2,1
SF,IF2009,2020-06-30 09:34:13.900,4056.8000,45011,0,980885400.000,0,-,-,-,-,4056.4000,4056.0000,4055.8000,4055.6000,4055.2000,4056.6000,4056.8000,4057.0000,4057.2000,4057.6000,4,1,3,1,1,1,1,1,1,1
SF,IF2009,2020-06-30 09:34:14.400,4056.8000,45011,0,980885400.000,0,-,-,-,-,4055.8000,4055.6000,4055.2000,4055.0000,4054.0000,4056.6000,4056.8000,4057.0000,4057.2000,4057.6000,1,1,1,3,3,1,1,1,1,1
SF,IF2009,2020-06-30 09:34:14.900,4057.6000,45011,0,985753980.000,4,2,2,多换,S,4056.0000,4055.6000,4055.2000,4055.0000,4054.0000,4057.8000,4058.0000,4058.2000,4058.8000,4059.0000,5,1,1,3,3,1,1,1,1,1
SF,IF2009,2020-06-30 09:34:15.400,4057.6000,45011,0,985753980.000,0,-,-,-,-,4056.2000,4056.0000,4055.6000,4055.2000,4055.0000,4057.6000,4057.8000,4058.0000,4058.2000,4059.0000,1,5,1,1,3,3,3,1,1,1
SF,IF2009,2020-06-30 09:34:15.900,4056.2000,45011,0,986970840.000,1,0,1,多换,S,4056.0000,4055.6000,4055.2000,4055.0000,4054.0000,4057.0000,4057.4000,4057.6000,4057.8000,4058.0000,4,1,1,3,3,1,2,4,5,1
SF,IF2009,2020-06-30 09:34:16.400,4056.2000,45011,0,986970840.000,0,-,-,-,-,4055.6000,4055.2000,4055.0000,4054.0000,4053.8000,4056.8000,4057.0000,4057.4000,4057.6000,4057.8000,1,1,3,3,1,3,2,2,2,3
SF,IF2009,2020-06-30 09:34:16.900,4056.2000,45011,0,986970840.000,0,-,-,-,-,4055.6000,4055.2000,4055.0000,4054.0000,4053.8000,4056.0000,4056.6000,4056.8000,4057.0000,4057.4000,1,1,3,3,1,1,1,5,1,2
SF,IF2009,2020-06-30 09:34:17.400,4056.0000,45011,0,988187640.000,1,0,1,多换,S,4055.6000,4055.2000,4055.0000,4054.0000,4053.8000,4056.6000,4056.8000,4057.0000,4057.4000,4057.8000,1,1,3,3,1,1,3,1,2,3
SF,IF2009,2020-06-30 09:34:17.900,4056.0000,45009,-2,990621420.000,2,0,2,双平,S,4056.0000,4055.8000,4055.6000,4055.2000,4055.0000,4056.8000,4057.4000,4057.8000,4058.2000,4059.0000,1,1,1,1,3,3,1,3,1,1
SF,IF2009,2020-06-30 09:34:18.400,4056.0000,45008,-1,991838220.000,1,0,1,双平,S,4056.0000,4055.8000,4055.6000,4055.2000,4055.0000,4056.6000,4056.8000,4057.8000,4058.2000,4059.0000,2,1,2,1,3,1,1,1,1,1
SF,IF2009,2020-06-30 09:34:19.400,4056.0000,45008,0,993055020.000,1,0,1,多换,S,4056.0000,4055.8000,4055.6000,4055.2000,4055.0000,4056.6000,4056.8000,4057.8000,4058.2000,4059.0000,3,1,2,1,3,1,1,1,1,1
SF,IF2009,2020-06-30 09:34:19.900,4056.0000,45007,-1,995488800.000,2,0,2,多平,S,4056.0000,4055.8000,4055.6000,4055.2000,4055.0000,4056.4000,4056.8000,4057.8000,4058.2000,4059.0000,2,1,1,1,3,3,1,1,1,1
SF,IF2009,2020-06-30 09:34:20.400,4056.4000,45007,0,999139560.000,3,1,2,多换,S,4056.0000,4055.8000,4055.6000,4055.2000,4055.0000,4056.8000,4057.8000,4058.2000,4059.0000,4059.2000,2,1,1,1,3,1,1,1,1,2
SF,IF2009,2020-06-30 09:34:20.900,4056.0000,45007,0,1001573160.000,2,1,1,多换,S,4055.8000,4055.6000,4055.2000,4055.0000,4054.0000,4057.8000,4058.2000,4059.0000,4059.2000,4059.4000,1,1,1,3,3,1,1,1,2,1
SF,IF2009,2020-06-30 09:34:21.400,4056.0000,45007,0,1002789960.000,1,0,1,多换,S,4056.0000,4055.8000,4055.6000,4055.2000,4055.0000,4057.6000,4057.8000,4058.2000,4059.0000,4059.2000,4,1,1,1,3,5,1,1,1,2
SF,IF2009,2020-06-30 09:34:21.900,4056.0000,45007,0,1002789960.000,0,-,-,-,-,4056.0000,4055.8000,4055.6000,4055.2000,4055.0000,4057.4000,4057.6000,4057.8000,4058.2000,4059.0000,4,1,1,1,3,1,5,1,1,1
SF,IF2009,2020-06-30 09:34:22.400,4056.0000,45007,0,1002789960.000,0,-,-,-,-,4056.0000,4055.8000,4055.6000,4055.2000,4055.0000,4057.4000,4057.6000,4057.8000,4058.2000,4059.0000,3,1,1,1,3,1,2,1,1,1
SF,IF2009,2020-06-30 09:34:22.900,4056.0000,45007,0,1002789960.000,0,-,-,-,-,4056.0000,4055.8000,4055.6000,4055.2000,4055.0000,4057.4000,4057.6000,4057.8000,4058.2000,4059.0000,3,1,1,1,3,1,2,1,2,1
