市场代码,合约代码,时间,最新,持仓,增仓,成交额,成交量,开仓,平仓,成交类型,方向,买一价,买二价,买三价,买四价,买五价,卖一价,卖二价,卖三价,卖四价,卖五价,买一量,买二量,买三量,买四量,买五量,卖一量,卖二量,卖三量,卖四量,卖五量
SF,IF2006,2020-01-21 09:29:00.100,4181.8000,18997,0,8781780.000,7.000,-,-,-,-,4181.4000,4181.2000,4181.0000,4180.6000,4180.4000,4182.0000,4185.0000,4189.4000,4192.6000,4195.0000,1,10,2,2,1,1,2,2,4,2
SF,IF2006,2020-01-21 09:30:00.100,4182.0000,18995,-2,15054600.000,5,1,4,多平,S,4181.2000,4181.0000,4180.6000,4180.4000,4180.0000,4181.4000,4182.0000,4185.0000,4189.4000,4192.6000,10,2,2,1,1,4,1,2,2,4
SF,IF2006,2020-01-21 09:30:00.600,4181.4000,18990,-5,28853340.000,11,3,8,多平,S,4181.4000,4181.2000,4181.0000,4180.6000,4180.4000,4185.0000,4193.8000,4195.0000,4196.0000,4196.2000,1,7,2,2,1,1,1,2,1,1
SF,IF2006,2020-01-21 09:30:01.100,4181.4000,18990,0,30107760.000,1,0,1,多换,S,4181.4000,4181.2000,4181.0000,4180.6000,4180.4000,4183.2000,4184.6000,4184.8000,4185.0000,4193.8000,1,7,2,2,1,2,1,8,2,1
SF,IF2006,2020-01-21 09:30:01.600,4181.4000,18990,0,31362180.000,1,0,1,多换,S,4181.2000,4181.0000,4180.6000,4180.4000,4180.0000,4181.4000,4182.4000,4182.8000,4183.0000,4183.2000,7,2,2,1,1,1,1,1,2,4
SF,IF2006,2020-01-21 09:30:02.100,4181.0000,18983,-7,42651300.000,9,1,8,多平,S,4180.6000,4180.4000,4180.0000,4178.0000,4175.2000,4181.2000,4181.4000,4182.4000,4182.8000,4183.2000,2,1,1,1,1,1,3,1,1,3
SF,IF2006,2020-01-21 09:30:02.600,4180.6000,18983,0,50176140.000,6,3,3,多换,S,4178.0000,4175.2000,4172.0000,4171.0000,4170.2000,4180.6000,4181.2000,4181.4000,4182.4000,4182.8000,1,1,1,2,1,8,1,3,1,1
SF,IF2006,2020-01-21 09:30:03.100,4180.6000,18983,0,51430320.000,1,0,1,多换,S,4178.4000,4178.2000,4178.0000,4175.2000,4172.0000,4180.4000,4180.6000,4181.2000,4181.4000,4182.8000,1,5,1,1,1,1,7,1,1,1
SF,IF2006,2020-01-21 09:30:03.600,4180.6000,18983,0,51430320.000,0,-,-,-,-,4178.6000,4178.4000,4178.0000,4175.2000,4172.0000,4180.6000,4181.2000,4181.4000,4182.8000,4183.2000,5,1,1,1,1,7,1,1,1,1
SF,IF2006,2020-01-21 09:30:04.100,4180.6000,18983,0,51430320.000,0,-,-,-,-,4178.6000,4178.0000,4175.2000,4172.0000,4171.0000,4181.2000,4181.4000,4182.8000,4183.2000,4184.8000,5,1,1,1,2,1,1,1,1,2
SF,IF2006,2020-01-21 09:30:04.600,4178.6000,18978,-5,57698400.000,5,0,5,双平,S,4178.8000,4178.6000,4178.0000,4175.2000,4172.0000,4181.0000,4181.2000,4181.4000,4182.8000,4183.2000,2,1,1,1,1,5,1,1,1,1
SF,IF2006,2020-01-21 09:30:05.100,4178.6000,18978,0,57698400.000,0,-,-,-,-,4180.6000,4179.0000,4178.0000,4177.8000,4175.2000,4181.0000,4181.2000,4181.4000,4182.8000,4183.2000,1,2,1,1,1,6,1,1,1,1
SF,IF2006,2020-01-21 09:30:05.600,4180.4000,18977,-1,60206640.000,2,0,2,多平,S,4179.0000,4178.0000,4177.8000,4175.2000,4172.0000,4181.0000,4181.4000,4182.8000,4183.2000,4184.8000,2,1,1,1,1,4,1,1,1,2
SF,IF2006,2020-01-21 09:30:06.100,4180.4000,18977,0,60206640.000,0,-,-,-,-,4179.0000,4178.0000,4177.8000,4175.2000,4172.0000,4180.8000,4181.0000,4181.4000,4182.8000,4183.2000,2,1,1,1,1,2,5,1,1,1
SF,IF2006,2020-01-21 09:30:06.600,4180.4000,18977,0,60206640.000,0,-,-,-,-,4179.0000,4178.0000,4177.8000,4175.2000,4172.0000,4180.6000,4180.8000,4181.0000,4181.4000,4182.8000,2,1,1,1,1,2,2,1,1,1
SF,IF2006,2020-01-21 09:30:07.100,4180.4000,18977,0,60206640.000,0,-,-,-,-,4179.0000,4178.0000,4177.8000,4175.2000,4172.0000,4180.6000,4180.8000,4181.0000,4181.4000,4182.8000,2,1,1,1,1,3,2,1,1,1
SF,IF2006,2020-01-21 09:30:08.600,4180.6000,18976,-1,62715000.000,2,0,2,多平,S,4180.0000,4179.0000,4178.0000,4177.8000,4175.2000,4180.6000,4180.8000,4181.0000,4181.4000,4182.8000,1,2,1,1,1,1,2,1,1,1
SF,IF2006,2020-01-21 09:30:09.100,4180.0000,18975,-1,63969000.000,1,0,1,双平,S,4178.0000,4177.8000,4175.2000,4172.0000,4171.0000,4180.8000,4181.0000,4181.4000,4182.8000,4183.2000,1,1,1,1,2,1,1,1,1,1
SF,IF2006,2020-01-21 09:30:09.600,4178.4000,18974,-1,65222520.000,1,0,1,双平,S,4178.2000,4178.0000,4177.8000,4175.2000,4172.0000,4180.6000,4180.8000,4181.0000,4181.4000,4182.8000,4,1,1,1,1,1,3,1,1,1
SF,IF2006,2020-01-21 09:30:10.100,4178.4000,18974,0,65222520.000,0,-,-,-,-,4178.2000,4178.0000,4177.8000,4175.2000,4172.0000,4180.4000,4180.6000,4181.4000,4182.8000,4183.2000,4,1,1,1,1,1,1,1,1,1
SF,IF2006,2020-01-21 09:30:10.600,4178.4000,18974,0,65222520.000,0,-,-,-,-,4178.4000,4178.2000,4178.0000,4177.8000,4175.2000,4180.2000,4180.4000,4181.0000,4181.4000,4182.8000,1,4,1,1,1,2,1,2,1,1
SF,IF2006,2020-01-21 09:30:11.100,4180.4000,18973,-1,67730700.000,2,0,2,多平,S,4178.6000,4178.4000,4178.2000,4178.0000,4177.8000,4181.0000,4181.4000,4182.8000,4183.2000,4184.8000,3,1,1,1,1,2,1,1,1,2
SF,IF2006,2020-01-21 09:30:11.600,4181.0000,18974,1,75256320.000,6,3,3,空开,S,4178.8000,4178.6000,4178.4000,4178.2000,4178.0000,4181.4000,4182.8000,4183.2000,4184.8000,4185.0000,2,3,2,1,1,1,1,1,2,6
SF,IF2006,2020-01-21 09:30:12.100,4179.0000,18973,-1,76510020.000,1,0,1,双平,S,4179.0000,4178.8000,4178.4000,4178.2000,4178.0000,4181.2000,4181.4000,4182.8000,4183.2000,4184.8000,2,2,2,1,1,1,2,1,1,2
SF,IF2006,2020-01-21 09:30:12.600,4179.0000,18973,0,76510020.000,0,-,-,-,-,4179.2000,4179.0000,4178.8000,4178.4000,4178.0000,4181.2000,4181.4000,4182.8000,4183.2000,4184.8000,3,2,1,2,1,1,2,1,1,2
SF,IF2006,2020-01-21 09:30:13.100,4181.0000,18973,0,77764320.000,1,0,1,多换,S,4179.4000,4179.2000,4179.0000,4178.8000,4178.4000,4181.2000,4181.4000,4182.8000,4183.2000,4184.8000,2,3,1,2,2,2,3,1,1,2
SF,IF2006,2020-01-21 09:30:13.600,4181.2000,18972,-1,79018680.000,1,0,1,双平,S,4181.2000,4179.4000,4179.2000,4179.0000,4178.8000,4181.4000,4182.8000,4183.2000,4184.8000,4185.0000,6,2,3,1,2,3,1,1,2,6
SF,IF2006,2020-01-21 09:30:14.100,4181.2000,18965,-7,87799200.000,7,0,7,双平,S,4179.4000,4179.2000,4179.0000,4178.8000,4178.4000,4181.4000,4182.8000,4183.2000,4184.8000,4185.0000,2,3,1,2,1,2,1,1,1,6
SF,IF2006,2020-01-21 09:30:14.600,4181.2000,18965,0,87799200.000,0,-,-,-,-,4179.6000,4179.4000,4179.2000,4178.8000,4178.4000,4181.4000,4182.8000,4183.2000,4184.8000,4185.0000,3,2,1,2,1,1,1,1,1,6
SF,IF2006,2020-01-21 09:30:15.100,4181.2000,18965,0,87799200.000,0,-,-,-,-,4179.8000,4179.6000,4179.2000,4178.8000,4178.4000,4181.4000,4183.2000,4184.8000,4185.0000,4193.8000,2,3,1,1,1,1,1,1,6,1
SF,IF2006,2020-01-21 09:30:15.600,4181.2000,18965,0,87799200.000,0,-,-,-,-,4180.0000,4179.8000,4179.6000,4179.2000,4178.8000,4181.4000,4183.2000,4184.8000,4185.0000,4193.8000,1,2,3,1,1,1,1,1,6,1
SF,IF2006,2020-01-21 09:30:16.100,4181.2000,18965,0,87799200.000,0,-,-,-,-,4180.2000,4180.0000,4179.6000,4179.2000,4178.8000,4181.4000,4183.2000,4184.8000,4185.0000,4193.8000,2,1,3,1,1,1,1,1,6,1
SF,IF2006,2020-01-21 09:30:16.600,4181.4000,18965,0,89053620.000,1,0,1,多换,S,4180.2000,4180.0000,4179.6000,4179.2000,4178.8000,4183.2000,4184.8000,4185.0000,4193.8000,4195.0000,3,1,3,1,1,1,1,6,1,2
SF,IF2006,2020-01-21 09:30:17.100,4181.0000,18964,-1,90307920.000,1,0,1,双平,S,4180.4000,4180.2000,4179.8000,4179.6000,4179.2000,4181.4000,4182.4000,4183.0000,4183.2000,4184.8000,2,3,1,1,1,8,1,1,2,1
SF,IF2006,2020-01-21 09:30:17.600,4181.0000,18964,0,90307920.000,0,-,-,-,-,4180.6000,4180.4000,4180.2000,4179.8000,4179.6000,4181.4000,4182.4000,4183.0000,4183.2000,4184.8000,2,2,1,1,1,8,1,1,2,1
SF,IF2006,2020-01-21 09:30:18.100,4181.4000,18964,0,91562340.000,1,0,1,多换,S,4180.6000,4180.4000,4180.2000,4179.8000,4179.6000,4181.4000,4182.4000,4183.0000,4183.2000,4184.8000,2,2,1,1,1,7,1,1,2,1
SF,IF2006,2020-01-21 09:30:18.600,4181.4000,18964,0,100343280.000,7,3,4,多换,S,4180.6000,4180.4000,4180.2000,4179.8000,4179.6000,4182.4000,4183.0000,4183.2000,4184.8000,4185.0000,3,2,1,1,1,1,1,2,1,6
SF,IF2006,2020-01-21 09:30:19.100,4181.4000,18964,0,100343280.000,0,-,-,-,-,4180.8000,4180.6000,4180.4000,4180.2000,4179.8000,4182.4000,4183.0000,4183.2000,4184.8000,4185.0000,1,3,2,1,1,1,1,1,1,6
SF,IF2006,2020-01-21 09:30:19.600,4181.0000,18964,0,101597580.000,1,0,1,多换,S,4181.0000,4180.8000,4180.6000,4180.4000,4180.2000,4182.4000,4183.2000,4184.8000,4185.0000,4193.8000,2,2,1,2,1,3,1,1,6,1
SF,IF2006,2020-01-21 09:30:20.100,4181.2000,18964,0,104106660.000,2,1,1,多换,S,4181.2000,4181.0000,4180.8000,4180.6000,4180.4000,4183.2000,4184.8000,4185.0000,4193.8000,4195.0000,1,2,2,1,2,1,1,6,1,2
SF,IF2006,2020-01-21 09:30:20.600,4181.2000,18964,0,104106660.000,0,-,-,-,-,4181.4000,4181.2000,4180.8000,4180.6000,4180.4000,4183.0000,4183.2000,4184.8000,4185.0000,4193.8000,3,1,2,1,2,1,1,1,6,1
SF,IF2006,2020-01-21 09:30:21.100,4181.2000,18964,0,104106660.000,0,-,-,-,-,4181.4000,4181.2000,4180.8000,4180.6000,4180.4000,4183.0000,4183.2000,4184.8000,4185.0000,4193.8000,3,1,2,1,1,1,2,1,6,1
SF,IF2006,2020-01-21 09:30:21.600,4183.2000,18963,-1,105361620.000,1,0,1,双平,S,4183.0000,4181.6000,4181.4000,4181.2000,4180.8000,4184.8000,4185.0000,4190.0000,4193.8000,4195.0000,1,1,3,1,2,1,1,5,1,2
SF,IF2006,2020-01-21 09:30:22.100,4183.0000,18961,-2,109126320.000,3,0,3,多平,S,4181.6000,4181.4000,4181.2000,4180.8000,4180.6000,4183.0000,4184.4000,4184.6000,4184.8000,4185.0000,1,1,1,2,1,1,1,2,2,1
SF,IF2006,2020-01-21 09:30:22.600,4183.0000,18960,-1,110381220.000,1,0,1,双平,S,4181.8000,4181.6000,4181.4000,4181.2000,4180.8000,4184.4000,4184.8000,4185.0000,4190.0000,4193.8000,2,1,1,1,2,1,1,1,5,1
SF,IF2006,2020-01-21 09:30:23.100,4184.2000,18960,0,111636480.000,1,0,1,多换,S,4182.0000,4181.8000,4181.2000,4180.8000,4180.6000,4184.2000,4184.8000,4185.0000,4190.0000,4193.8000,4,1,1,2,1,1,1,1,5,1
SF,IF2006,2020-01-21 09:30:23.600,4184.2000,18960,0,111636480.000,0,-,-,-,-,4182.0000,4181.2000,4179.8000,4178.8000,4178.4000,4184.2000,4184.8000,4185.0000,4190.0000,4193.8000,4,1,1,1,1,2,1,1,5,1
SF,IF2006,2020-01-21 09:30:24.100,4184.2000,18960,0,112891740.000,1,0,1,多换,S,4183.0000,4182.0000,4181.8000,4179.8000,4178.8000,4184.2000,4184.8000,4185.0000,4190.0000,4193.8000,1,2,2,1,1,1,1,1,5,1
SF,IF2006,2020-01-21 09:30:24.600,4184.0000,18960,0,115401840.000,2,1,1,多换,S,4182.0000,4181.8000,4179.8000,4178.8000,4178.4000,4184.0000,4184.2000,4184.4000,4184.8000,4185.0000,1,2,1,1,1,4,1,1,1,1
SF,IF2006,2020-01-21 09:30:25.100,4184.0000,18959,-1,117912240.000,2,0,2,多平,S,4182.2000,4182.0000,4181.8000,4179.8000,4178.8000,4184.0000,4184.2000,4184.4000,4184.8000,4185.0000,2,1,2,1,1,2,1,1,1,1
SF,IF2006,2020-01-21 09:30:25.600,4184.0000,18959,0,117912240.000,0,-,-,-,-,4182.4000,4182.2000,4182.0000,4181.8000,4179.8000,4184.0000,4184.2000,4184.4000,4184.8000,4185.0000,2,2,1,2,1,2,1,1,1,1
SF,IF2006,2020-01-21 09:30:26.100,4184.0000,18959,0,119167440.000,1,0,1,多换,S,4182.6000,4182.4000,4182.0000,4181.8000,4179.8000,4183.8000,4184.0000,4184.2000,4184.8000,4185.0000,2,2,1,2,1,1,2,1,1,1
SF,IF2006,2020-01-21 09:30:26.600,4182.4000,18956,-3,122931720.000,3,0,3,双平,S,4182.4000,4182.0000,4181.8000,4179.8000,4178.8000,4182.6000,4183.6000,4183.8000,4184.0000,4184.2000,1,1,2,1,1,15,1,1,2,1
SF,IF2006,2020-01-21 09:30:27.100,4182.4000,18953,-3,136734120.000,11,4,7,多平,S,4181.8000,4179.8000,4178.8000,4178.4000,4178.0000,4182.4000,4182.6000,4184.2000,4184.8000,4185.0000,3,1,1,1,1,4,6,1,1,1
SF,IF2006,2020-01-21 09:30:27.600,4182.4000,18954,1,139243560.000,2,1,1,空开,S,4181.8000,4179.8000,4179.0000,4178.8000,4178.4000,4182.4000,4182.6000,4184.0000,4184.2000,4184.8000,3,1,1,1,1,2,5,1,1,1
SF,IF2006,2020-01-21 09:30:28.100,4182.4000,18954,0,139243560.000,0,-,-,-,-,4182.4000,4181.8000,4179.8000,4179.0000,4178.8000,4184.2000,4184.8000,4185.0000,4190.0000,4193.8000,1,3,1,1,1,1,1,1,5,1
SF,IF2006,2020-01-21 09:30:28.600,4182.4000,18954,0,139243560.000,0,-,-,-,-,4182.4000,4181.8000,4179.8000,4179.0000,4178.8000,4184.0000,4184.2000,4184.8000,4185.0000,4190.0000,2,3,1,1,1,2,1,1,1,5
SF,IF2006,2020-01-21 09:30:29.100,4182.4000,18954,0,140498280.000,1,0,1,多换,S,4182.4000,4181.8000,4179.8000,4179.0000,4178.8000,4184.0000,4184.2000,4184.4000,4184.8000,4185.0000,3,3,1,1,1,2,1,1,1,1
SF,IF2006,2020-01-21 09:30:29.600,4183.8000,18954,0,141753420.000,1,0,1,多换,S,4182.4000,4181.8000,4179.8000,4179.0000,4178.8000,4184.0000,4184.2000,4184.4000,4184.8000,4185.0000,3,3,1,1,1,2,1,1,1,1
SF,IF2006,2020-01-21 09:30:30.100,4183.8000,18954,0,141753420.000,0,-,-,-,-,4182.4000,4181.8000,4180.2000,4179.8000,4179.0000,4184.0000,4184.2000,4184.4000,4184.8000,4185.0000,3,3,1,1,1,2,1,1,1,1
SF,IF2006,2020-01-21 09:30:30.600,4182.4000,18953,-1,145517580.000,3,1,2,多平,S,4181.8000,4180.2000,4179.8000,4179.0000,4178.8000,4182.4000,4183.8000,4184.0000,4184.2000,4184.4000,3,1,1,1,1,1,1,2,1,1
SF,IF2006,2020-01-21 09:30:31.100,4182.4000,18952,-1,146772300.000,1,0,1,双平,S,4181.8000,4180.2000,4179.8000,4179.0000,4178.8000,4183.8000,4184.0000,4184.2000,4184.4000,4184.8000,3,1,1,1,1,1,2,1,1,1
SF,IF2006,2020-01-21 09:30:31.600,4182.4000,18952,0,146772300.000,0,-,-,-,-,4181.8000,4180.2000,4179.8000,4179.0000,4178.8000,4183.6000,4183.8000,4184.2000,4184.4000,4184.8000,3,1,1,1,1,4,1,1,1,1
SF,IF2006,2020-01-21 09:30:32.100,4183.6000,18952,0,149282460.000,2,1,1,多换,S,4181.8000,4180.2000,4179.8000,4179.0000,4178.8000,4183.6000,4183.8000,4184.2000,4184.4000,4185.0000,3,1,1,1,1,3,1,1,1,1
SF,IF2006,2020-01-21 09:30:32.600,4183.6000,18952,0,149282460.000,0,-,-,-,-,4181.8000,4180.2000,4179.8000,4179.0000,4178.8000,4183.4000,4183.6000,4183.8000,4184.2000,4184.4000,3,1,1,1,1,2,3,1,1,1
SF,IF2006,2020-01-21 09:30:33.100,4183.4000,18951,-1,150537480.000,1,0,1,双平,S,4181.8000,4180.2000,4179.8000,4179.0000,4178.8000,4183.2000,4183.4000,4183.6000,4183.8000,4184.2000,3,1,1,1,1,2,2,1,1,1
SF,IF2006,2020-01-21 09:30:33.600,4182.0000,18950,-1,151792080.000,1,0,1,双平,S,4181.8000,4180.2000,4179.8000,4179.0000,4178.8000,4183.2000,4183.4000,4183.6000,4183.8000,4184.2000,3,1,1,1,1,2,2,1,1,1
SF,IF2006,2020-01-21 09:30:34.100,4182.0000,18950,0,151792080.000,0,-,-,-,-,4181.8000,4180.2000,4179.8000,4179.0000,4178.8000,4183.0000,4183.2000,4183.4000,4183.6000,4183.8000,3,1,1,1,1,1,2,2,1,1
SF,IF2006,2020-01-21 09:30:34.600,4182.8000,18950,0,153046920.000,1,0,1,多换,S,4181.8000,4180.2000,4179.8000,4179.0000,4178.8000,4182.8000,4183.0000,4183.4000,4183.6000,4183.8000,3,1,1,1,1,3,2,2,1,1
SF,IF2006,2020-01-21 09:30:35.100,4182.8000,18950,0,153046920.000,0,-,-,-,-,4181.8000,4180.2000,4179.8000,4179.0000,4178.8000,4182.8000,4183.0000,4183.4000,4183.6000,4183.8000,3,1,1,1,1,3,2,1,1,1
SF,IF2006,2020-01-21 09:30:35.600,4182.8000,18950,0,153046920.000,0,-,-,-,-,4181.8000,4180.2000,4179.8000,4179.0000,4178.8000,4182.8000,4183.0000,4183.4000,4183.6000,4183.8000,3,1,1,1,1,1,2,1,1,1
SF,IF2006,2020-01-21 09:30:36.100,4181.8000,18952,2,156810540.000,3,2,1,空开,S,4180.2000,4179.8000,4179.0000,4178.8000,4178.4000,4182.8000,4183.0000,4183.4000,4183.6000,4183.8000,1,1,1,1,1,2,2,1,1,1
SF,IF2006,2020-01-21 09:30:36.600,4181.8000,18952,0,156810540.000,0,-,-,-,-,4180.4000,4180.2000,4180.0000,4179.8000,4179.0000,4182.2000,4182.4000,4182.8000,4183.0000,4183.4000,2,1,1,1,1,1,1,2,2,1
SF,IF2006,2020-01-21 09:30:37.100,4181.8000,18952,0,156810540.000,0,-,-,-,-,4180.4000,4180.2000,4180.0000,4179.8000,4179.0000,4182.0000,4182.2000,4182.4000,4182.8000,4183.0000,2,1,1,1,1,2,2,1,1,2
SF,IF2006,2020-01-21 09:30:37.600,4181.8000,18952,0,156810540.000,0,-,-,-,-,4180.4000,4180.2000,4180.0000,4179.8000,4179.0000,4181.8000,4182.0000,4182.2000,4182.4000,4183.0000,2,1,1,1,1,2,2,2,1,2
SF,IF2006,2020-01-21 09:30:38.100,4181.8000,18952,0,156810540.000,0,-,-,-,-,4180.4000,4180.2000,4180.0000,4179.8000,4179.0000,4181.8000,4182.0000,4182.2000,4182.4000,4183.0000,2,1,1,1,1,2,2,2,1,1
SF,IF2006,2020-01-21 09:30:38.600,4181.8000,18952,0,156810540.000,0,-,-,-,-,4180.2000,4180.0000,4179.8000,4179.0000,4178.8000,4181.6000,4181.8000,4182.2000,4182.4000,4183.0000,1,1,1,1,1,2,2,2,1,1
SF,IF2006,2020-01-21 09:30:39.100,4180.4000,18951,-1,158064660.000,1,0,1,双平,S,4180.4000,4180.2000,4180.0000,4179.8000,4179.0000,4181.4000,4181.6000,4182.2000,4182.4000,4183.0000,1,1,1,1,1,1,2,2,1,1
SF,IF2006,2020-01-21 09:30:40.100,4180.4000,18951,0,158064660.000,0,-,-,-,-,4180.4000,4180.2000,4180.0000,4179.8000,4179.0000,4181.6000,4182.2000,4183.0000,4183.4000,4183.8000,1,1,1,1,1,2,1,1,1,1
SF,IF2006,2020-01-21 09:30:40.600,4181.6000,18951,0,160573620.000,2,1,1,多换,S,4181.6000,4180.4000,4180.2000,4180.0000,4179.8000,4181.8000,4182.2000,4183.0000,4183.4000,4183.8000,1,1,1,1,1,1,1,1,1,1
SF,IF2006,2020-01-21 09:30:41.100,4181.6000,18951,0,160573620.000,0,-,-,-,-,4181.6000,4180.4000,4180.2000,4180.0000,4179.8000,4181.8000,4182.2000,4183.0000,4183.4000,4183.8000,1,1,1,1,1,1,1,1,1,1
SF,IF2006,2020-01-21 09:30:42.100,4181.8000,18950,-1,161828160.000,1,0,1,双平,S,4181.8000,4181.6000,4180.4000,4180.2000,4180.0000,4182.2000,4183.0000,4183.4000,4183.8000,4184.0000,1,1,1,1,1,1,1,1,1,1
SF,IF2006,2020-01-21 09:30:42.600,4181.8000,18950,0,161828160.000,0,-,-,-,-,4181.8000,4181.6000,4180.4000,4180.2000,4180.0000,4182.2000,4183.0000,4183.8000,4184.0000,4184.4000,1,1,1,1,1,1,1,1,1,1
SF,IF2006,2020-01-21 09:30:43.100,4182.2000,18949,-1,163082820.000,1,0,1,双平,S,4181.8000,4181.6000,4180.2000,4180.0000,4179.8000,4183.8000,4184.0000,4184.4000,4185.0000,4186.0000,2,1,1,1,1,1,1,1,1,1
SF,IF2006,2020-01-21 09:30:43.600,4182.2000,18949,0,163082820.000,0,-,-,-,-,4181.8000,4181.6000,4180.2000,4180.0000,4179.8000,4183.6000,4183.8000,4184.0000,4184.4000,4185.0000,2,1,1,1,1,2,1,1,1,1
SF,IF2006,2020-01-21 09:30:44.100,4183.6000,18948,-1,165592500.000,2,0,2,多平,S,4181.8000,4181.6000,4180.2000,4180.0000,4179.8000,4183.6000,4183.8000,4184.0000,4184.4000,4185.0000,2,1,1,1,1,1,1,1,1,1
SF,IF2006,2020-01-21 09:30:44.600,4183.6000,18948,0,165592500.000,0,-,-,-,-,4182.2000,4181.8000,4181.6000,4180.2000,4179.8000,4183.4000,4183.6000,4183.8000,4184.0000,4184.4000,1,2,1,1,1,1,1,1,1,1
SF,IF2006,2020-01-21 09:30:45.100,4183.6000,18948,0,165592500.000,0,-,-,-,-,4182.2000,4181.8000,4181.6000,4180.2000,4179.8000,4183.4000,4183.6000,4183.8000,4184.0000,4184.4000,2,1,1,1,1,1,1,1,1,1
SF,IF2006,2020-01-21 09:30:45.600,4183.6000,18946,-2,168102660.000,2,0,2,双平,S,4183.6000,4181.8000,4181.6000,4180.2000,4179.8000,4184.0000,4184.4000,4185.0000,4186.0000,4190.0000,1,1,1,1,1,1,1,1,1,5
SF,IF2006,2020-01-21 09:30:46.100,4183.6000,18946,0,170612820.000,2,1,1,多换,S,4181.8000,4181.6000,4180.2000,4179.8000,4179.0000,4183.2000,4183.4000,4183.6000,4183.8000,4184.0000,1,1,1,1,1,1,1,8,1,1
SF,IF2006,2020-01-21 09:30:46.600,4182.0000,18940,-6,178140420.000,6,0,6,双平,S,4182.0000,4181.8000,4181.6000,4180.2000,4179.8000,4183.2000,4183.4000,4183.6000,4183.8000,4184.0000,1,1,1,1,1,2,1,4,1,1
SF,IF2006,2020-01-21 09:30:47.100,4182.0000,18940,0,178140420.000,0,-,-,-,-,4182.0000,4181.8000,4181.6000,4180.2000,4179.8000,4183.0000,4183.2000,4183.6000,4184.0000,4184.4000,1,1,1,1,1,1,2,3,1,1
SF,IF2006,2020-01-21 09:30:47.600,4182.0000,18940,0,178140420.000,0,-,-,-,-,4182.0000,4181.8000,4181.6000,4180.2000,4179.8000,4183.0000,4183.2000,4183.6000,4184.0000,4184.4000,1,1,1,1,1,1,1,3,1,1
SF,IF2006,2020-01-21 09:30:48.100,4182.0000,18940,0,178140420.000,0,-,-,-,-,4183.0000,4182.0000,4181.8000,4181.6000,4180.2000,4183.2000,4183.6000,4184.0000,4184.4000,4185.0000,1,1,1,1,1,1,1,1,1,1
SF,IF2006,2020-01-21 09:30:48.600,4183.0000,18940,0,179395320.000,1,0,1,多换,S,4182.0000,4181.8000,4181.6000,4180.2000,4179.8000,4183.2000,4183.6000,4184.0000,4184.4000,4185.0000,1,1,1,1,1,1,1,1,1,1
SF,IF2006,2020-01-21 09:30:49.100,4183.0000,18940,0,179395320.000,0,-,-,-,-,4181.8000,4181.6000,4180.2000,4179.8000,4179.0000,4183.0000,4183.2000,4183.6000,4184.0000,4184.4000,1,1,1,1,1,1,2,1,1,1
SF,IF2006,2020-01-21 09:30:49.600,4183.0000,18940,0,179395320.000,0,-,-,-,-,4181.8000,4181.6000,4180.2000,4179.8000,4179.0000,4183.0000,4183.2000,4183.6000,4184.0000,4184.4000,2,1,1,1,1,1,2,1,1,1
SF,IF2006,2020-01-21 09:30:50.100,4183.0000,18940,0,179395320.000,0,-,-,-,-,4181.8000,4181.6000,4180.2000,4179.8000,4178.8000,4182.8000,4183.0000,4183.2000,4184.0000,4184.4000,2,1,1,1,1,1,1,2,1,1
SF,IF2006,2020-01-21 09:30:50.600,4183.0000,18940,0,179395320.000,0,-,-,-,-,4181.8000,4181.6000,4180.2000,4179.8000,4178.8000,4182.8000,4183.2000,4184.0000,4184.4000,4185.0000,2,1,1,1,1,1,2,1,1,1
SF,IF2006,2020-01-21 09:30:51.100,4183.0000,18940,0,179395320.000,0,-,-,-,-,4181.8000,4181.6000,4180.2000,4179.8000,4178.8000,4183.2000,4184.0000,4184.4000,4185.0000,4186.0000,2,1,1,1,1,2,1,1,1,1
SF,IF2006,2020-01-21 09:30:51.600,4183.0000,18940,0,179395320.000,0,-,-,-,-,4182.2000,4181.8000,4181.6000,4180.2000,4179.8000,4183.0000,4183.2000,4184.0000,4184.4000,4185.0000,1,2,1,1,1,1,2,1,1,1
SF,IF2006,2020-01-21 09:30:52.100,4183.0000,18939,-1,180650220.000,1,0,1,双平,S,4183.0000,4182.2000,4181.8000,4181.6000,4180.2000,4183.2000,4184.0000,4184.4000,4185.0000,4186.0000,4,1,1,1,1,2,1,1,1,1
SF,IF2006,2020-01-21 09:30:52.600,4183.0000,18934,-5,186924720.000,5,0,5,双平,S,4183.0000,4182.2000,4181.6000,4180.2000,4179.8000,4183.2000,4184.0000,4184.4000,4185.0000,4186.0000,10,1,1,1,1,1,1,1,1,1
SF,IF2006,2020-01-21 09:30:53.100,4183.0000,18934,0,189434520.000,2,1,1,多换,S,4183.0000,4182.2000,4181.6000,4180.2000,4179.8000,4183.2000,4184.0000,4184.4000,4185.0000,4186.0000,8,1,1,1,1,1,1,1,1,1
SF,IF2006,2020-01-21 09:30:53.600,4183.0000,18926,-8,199473720.000,8,0,8,双平,S,4182.2000,4181.6000,4180.2000,4179.8000,4178.8000,4183.0000,4183.2000,4184.0000,4184.4000,4185.0000,1,1,1,1,1,1,1,1,1,1
SF,IF2006,2020-01-21 09:30:54.100,4183.0000,18926,0,199473720.000,0,-,-,-,-,4182.2000,4181.6000,4180.2000,4179.8000,4178.8000,4182.8000,4183.0000,4183.2000,4184.0000,4184.4000,2,1,1,1,1,1,12,1,1,1
SF,IF2006,2020-01-21 09:30:54.600,4183.0000,18926,0,199473720.000,0,-,-,-,-,4182.2000,4181.6000,4180.6000,4180.2000,4179.8000,4182.8000,4183.0000,4183.2000,4184.0000,4184.4000,1,1,1,1,1,1,11,1,1,1
SF,IF2006,2020-01-21 09:30:55.100,4183.0000,18926,0,199473720.000,0,-,-,-,-,4182.2000,4181.6000,4180.6000,4180.2000,4179.8000,4182.8000,4183.0000,4183.2000,4184.0000,4184.4000,1,1,1,1,1,1,11,1,1,1
SF,IF2006,2020-01-21 09:30:55.600,4183.0000,18926,0,199473720.000,0,-,-,-,-,4182.2000,4181.6000,4180.6000,4180.2000,4179.8000,4182.8000,4183.0000,4183.2000,4184.0000,4184.4000,2,1,1,1,1,2,11,1,1,1
SF,IF2006,2020-01-21 09:30:56.100,4182.8000,18924,-2,201983400.000,2,0,2,双平,S,4182.8000,4182.2000,4181.6000,4180.6000,4180.2000,4183.0000,4183.2000,4184.0000,4184.4000,4186.0000,4,2,1,1,1,11,1,1,1,1
SF,IF2006,2020-01-21 09:30:56.600,4182.8000,18920,-4,207002760.000,4,0,4,双平,S,4182.2000,4180.8000,4180.6000,4180.2000,4179.8000,4182.8000,4183.0000,4183.2000,4184.0000,4184.4000,2,1,1,1,1,1,11,1,1,1
SF,IF2006,2020-01-21 09:30:57.100,4182.2000,18919,-1,208257420.000,1,0,1,双平,S,4182.2000,4180.8000,4180.6000,4180.2000,4179.8000,4183.0000,4183.2000,4184.0000,4184.4000,4186.0000,1,1,1,1,1,11,1,1,1,1
SF,IF2006,2020-01-21 09:30:57.600,4182.2000,18918,-1,209512080.000,1,0,1,双平,S,4182.2000,4180.8000,4180.6000,4180.2000,4179.8000,4183.0000,4183.2000,4184.0000,4184.4000,4186.0000,3,1,1,1,1,11,1,1,1,1
SF,IF2006,2020-01-21 09:30:58.100,4183.0000,18916,-2,212021880.000,2,0,2,双平,S,4182.2000,4180.8000,4180.6000,4180.2000,4179.8000,4183.0000,4183.2000,4184.0000,4184.4000,4186.0000,3,1,1,1,1,9,1,1,1,1
SF,IF2006,2020-01-21 09:30:58.600,4183.0000,18916,0,212021880.000,0,-,-,-,-,4182.2000,4180.8000,4180.6000,4180.2000,4179.8000,4183.0000,4183.2000,4184.0000,4184.4000,4186.0000,3,1,1,1,1,9,1,1,1,1
SF,IF2006,2020-01-21 09:30:59.100,4183.0000,18907,-9,223315980.000,9,0,9,双平,S,4182.2000,4180.8000,4180.6000,4180.2000,4179.8000,4183.2000,4184.0000,4184.4000,4186.0000,4190.0000,3,1,1,1,1,1,1,1,1,5
SF,IF2006,2020-01-21 09:30:59.600,4183.2000,18906,-1,225825660.000,2,0,2,多平,S,4182.2000,4180.8000,4180.6000,4180.2000,4179.8000,4184.0000,4184.4000,4186.0000,4190.0000,4190.6000,3,1,1,1,1,1,1,1,5,1
SF,IF2006,2020-01-21 09:31:00.100,4184.0000,18907,1,227080860.000,1,1,0,双开,S,4182.2000,4180.8000,4180.6000,4180.2000,4179.8000,4184.4000,4186.0000,4190.0000,4190.6000,4192.8000,1,1,1,1,1,1,1,5,1,1
SF,IF2006,2020-01-21 09:31:00.600,4184.4000,18907,0,228336180.000,1,0,1,多换,S,4182.4000,4182.2000,4180.8000,4180.6000,4180.2000,4186.0000,4190.0000,4190.6000,4192.8000,4193.8000,3,1,1,1,1,1,5,1,1,1
SF,IF2006,2020-01-21 09:31:01.100,4184.4000,18907,0,228336180.000,0,-,-,-,-,4182.4000,4182.2000,4182.0000,4180.8000,4180.6000,4185.4000,4185.6000,4185.8000,4186.0000,4190.0000,2,2,1,1,1,1,2,2,2,5
SF,IF2006,2020-01-21 09:31:01.600,4185.0000,18908,1,229591680.000,1,1,0,双开,S,4184.4000,4182.4000,4182.2000,4182.0000,4180.8000,4185.0000,4185.2000,4185.4000,4185.6000,4185.8000,1,1,1,1,1,1,3,1,1,1
SF,IF2006,2020-01-21 09:31:02.100,4184.4000,18908,0,230847000.000,1,0,1,多换,S,4182.2000,4182.0000,4180.8000,4180.6000,4180.2000,4184.0000,4184.4000,4184.8000,4185.0000,4185.2000,1,1,1,1,1,1,4,2,1,3
SF,IF2006,2020-01-21 09:31:02.600,4182.2000,18908,0,232101660.000,1,0,1,多换,S,4182.0000,4180.8000,4180.6000,4180.2000,4179.8000,4183.8000,4184.0000,4184.4000,4184.8000,4185.0000,1,1,1,1,1,2,1,4,4,1
SF,IF2006,2020-01-21 09:31:03.100,4182.2000,18908,0,232101660.000,0,-,-,-,-,4182.0000,4180.8000,4180.6000,4180.2000,4179.8000,4183.6000,4183.8000,4184.0000,4184.4000,4184.8000,1,1,1,1,1,1,2,1,2,4
SF,IF2006,2020-01-21 09:31:03.600,4182.0000,18908,0,233356260.000,1,0,1,多换,S,4180.8000,4180.6000,4180.2000,4179.8000,4178.8000,4183.4000,4183.6000,4183.8000,4184.0000,4184.4000,1,1,1,1,1,1,1,2,1,2
SF,IF2006,2020-01-21 09:31:04.100,4182.0000,18908,0,233356260.000,0,-,-,-,-,4181.0000,4180.8000,4180.6000,4180.2000,4179.8000,4182.0000,4182.4000,4183.0000,4183.2000,4183.4000,2,1,1,1,1,2,1,2,1,1
SF,IF2006,2020-01-21 09:31:04.600,4182.0000,18908,0,233356260.000,0,-,-,-,-,4181.2000,4181.0000,4180.8000,4180.6000,4180.2000,4182.0000,4182.4000,4183.0000,4183.2000,4183.4000,1,1,1,1,1,2,1,2,2,1
SF,IF2006,2020-01-21 09:31:05.100,4182.0000,18907,-1,234610860.000,1,0,1,双平,S,4181.2000,4180.8000,4180.6000,4180.2000,4179.8000,4182.0000,4182.4000,4183.0000,4183.2000,4183.4000,1,1,1,1,1,2,1,2,2,1
SF,IF2006,2020-01-21 09:31:05.600,4182.0000,18907,0,234610860.000,0,-,-,-,-,4180.8000,4180.6000,4180.2000,4179.8000,4178.8000,4181.2000,4181.8000,4182.0000,4182.4000,4183.0000,1,1,1,1,1,1,1,2,1,1
SF,IF2006,2020-01-21 09:31:06.100,4181.2000,18907,0,235865220.000,1,0,1,多换,S,4181.0000,4180.8000,4180.6000,4180.2000,4179.8000,4182.0000,4182.4000,4183.0000,4183.2000,4183.4000,1,1,1,1,1,1,1,1,2,2
SF,IF2006,2020-01-21 09:31:06.600,4181.2000,18907,0,235865220.000,0,-,-,-,-,4180.8000,4180.6000,4180.2000,4179.8000,4178.8000,4182.0000,4182.4000,4183.0000,4183.2000,4183.4000,1,1,1,1,1,2,1,1,2,2
SF,IF2006,2020-01-21 09:31:08.100,4180.8000,18907,0,237119460.000,1,0,1,多换,S,4180.6000,4180.2000,4179.8000,4178.8000,4178.4000,4182.0000,4182.4000,4183.0000,4183.2000,4183.4000,1,1,1,1,1,2,1,1,2,2
SF,IF2006,2020-01-21 09:31:08.600,4180.8000,18907,0,237119460.000,0,-,-,-,-,4180.8000,4180.6000,4180.2000,4179.8000,4178.8000,4181.8000,4182.0000,4182.4000,4183.0000,4183.2000,1,1,1,1,1,2,2,1,1,2
SF,IF2006,2020-01-21 09:31:09.600,4181.8000,18907,0,239628540.000,2,1,1,多换,S,4180.8000,4180.6000,4180.2000,4179.8000,4178.8000,4182.0000,4182.4000,4183.0000,4183.2000,4183.4000,1,1,1,1,1,2,1,1,2,2
SF,IF2006,2020-01-21 09:31:10.100,4181.8000,18907,0,239628540.000,0,-,-,-,-,4181.0000,4180.8000,4180.6000,4180.2000,4179.8000,4181.8000,4182.0000,4182.4000,4183.0000,4183.2000,1,1,1,1,1,1,2,1,1,1
SF,IF2006,2020-01-21 09:31:10.600,4182.0000,18907,0,243392280.000,3,1,2,多换,S,4182.0000,4181.0000,4180.8000,4180.6000,4180.2000,4182.4000,4183.0000,4183.2000,4183.4000,4183.8000,8,1,1,1,1,1,1,1,2,2
SF,IF2006,2020-01-21 09:31:11.100,4181.0000,18914,7,254683380.000,9,8,1,空开,S,4180.8000,4180.6000,4180.2000,4179.8000,4178.8000,4182.0000,4182.2000,4182.4000,4183.0000,4183.2000,1,1,1,1,1,7,1,1,1,1
SF,IF2006,2020-01-21 09:31:11.600,4181.0000,18914,0,254683380.000,0,-,-,-,-,4181.0000,4180.6000,4180.2000,4179.8000,4178.8000,4182.0000,4182.2000,4182.4000,4183.0000,4183.2000,2,1,1,1,1,6,1,1,1,1
SF,IF2006,2020-01-21 09:31:12.100,4181.0000,18912,-2,257191980.000,2,0,2,双平,S,4180.6000,4180.2000,4179.8000,4178.8000,4178.4000,4182.0000,4182.2000,4182.4000,4183.0000,4183.2000,1,1,1,1,1,1,1,1,1,1
SF,IF2006,2020-01-21 09:31:12.600,4181.0000,18912,0,257191980.000,0,-,-,-,-,4180.8000,4180.6000,4180.2000,4179.8000,4178.8000,4182.0000,4182.2000,4182.4000,4183.0000,4183.2000,1,1,1,1,1,1,1,1,1,1
SF,IF2006,2020-01-21 09:31:13.600,4181.0000,18912,0,257191980.000,0,-,-,-,-,4180.8000,4180.6000,4180.2000,4179.8000,4178.8000,4182.2000,4182.4000,4183.0000,4183.2000,4183.4000,1,1,1,1,1,1,1,1,1,2
SF,IF2006,2020-01-21 09:31:14.100,4181.0000,18912,0,257191980.000,0,-,-,-,-,4180.8000,4180.6000,4180.2000,4179.8000,4178.8000,4182.2000,4182.4000,4183.2000,4183.4000,4183.8000,1,1,1,1,1,1,1,1,2,2
SF,IF2006,2020-01-21 09:31:14.600,4181.0000,18912,0,257191980.000,0,-,-,-,-,4180.8000,4180.6000,4180.2000,4179.8000,4178.8000,4182.2000,4182.4000,4183.2000,4183.4000,4183.8000,1,1,1,1,1,1,1,1,2,2
SF,IF2006,2020-01-21 09:31:15.100,4181.0000,18912,0,257191980.000,0,-,-,-,-,4180.8000,4180.6000,4180.2000,4179.8000,4178.8000,4182.2000,4182.4000,4183.2000,4183.4000,4183.8000,1,1,1,1,1,1,1,1,2,2
SF,IF2006,2020-01-21 09:31:15.600,4182.2000,18911,-1,258446640.000,1,0,1,双平,S,4180.8000,4180.6000,4180.2000,4179.8000,4178.8000,4182.4000,4183.2000,4183.4000,4183.8000,4184.0000,1,1,1,1,1,1,1,2,2,1
SF,IF2006,2020-01-21 09:31:16.100,4182.2000,18911,0,258446640.000,0,-,-,-,-,4180.8000,4180.6000,4180.2000,4179.8000,4178.8000,4182.2000,4182.4000,4183.4000,4183.8000,4184.0000,1,1,1,1,1,1,1,1,2,1
SF,IF2006,2020-01-21 09:31:16.600,4181.0000,18910,-1,260955240.000,2,0,2,多平,S,4180.8000,4180.6000,4180.2000,4179.8000,4178.8000,4182.2000,4182.4000,4183.4000,4183.8000,4184.0000,1,1,1,1,1,1,1,1,2,1
SF,IF2006,2020-01-21 09:31:17.100,4181.0000,18910,0,260955240.000,0,-,-,-,-,4180.6000,4180.2000,4179.8000,4178.8000,4178.4000,4182.0000,4182.2000,4182.4000,4183.4000,4183.8000,1,1,1,1,1,1,1,1,1,2
SF,IF2006,2020-01-21 09:31:17.600,4182.0000,18909,-1,262209840.000,1,0,1,双平,S,4182.0000,4180.6000,4180.2000,4179.8000,4178.8000,4182.2000,4182.4000,4183.4000,4183.8000,4184.0000,2,1,1,1,1,1,1,1,2,1
SF,IF2006,2020-01-21 09:31:18.100,4182.0000,18907,-2,264719040.000,2,0,2,双平,S,4180.6000,4180.2000,4179.8000,4178.8000,4178.4000,4180.8000,4182.0000,4182.2000,4182.4000,4183.4000,1,1,1,1,1,1,2,1,1,1
SF,IF2006,2020-01-21 09:31:18.600,4180.8000,18906,-1,265973280.000,1,0,1,双平,S,4181.0000,4180.8000,4180.6000,4180.2000,4179.8000,4182.2000,4182.4000,4183.4000,4183.8000,4184.0000,1,3,1,1,1,1,1,1,2,1
SF,IF2006,2020-01-21 09:31:19.100,4181.0000,18904,-2,268481880.000,2,0,2,双平,S,4180.8000,4180.6000,4180.2000,4179.8000,4178.8000,4182.0000,4182.2000,4182.4000,4183.4000,4183.8000,3,1,1,1,1,2,2,1,1,2
SF,IF2006,2020-01-21 09:31:19.600,4180.8000,18904,0,269736120.000,1,0,1,多换,S,4180.8000,4180.6000,4180.2000,4179.8000,4178.8000,4181.8000,4182.0000,4182.2000,4182.4000,4183.4000,2,1,1,1,1,1,2,1,1,1
SF,IF2006,2020-01-21 09:31:20.100,4180.8000,18904,0,269736120.000,0,-,-,-,-,4180.6000,4180.2000,4179.8000,4178.8000,4178.4000,4182.0000,4182.2000,4182.4000,4183.4000,4183.8000,1,1,1,1,1,2,1,1,1,2
SF,IF2006,2020-01-21 09:31:20.600,4180.8000,18904,0,269736120.000,0,-,-,-,-,4180.6000,4180.2000,4179.8000,4178.8000,4178.4000,4181.8000,4182.0000,4182.2000,4182.4000,4183.4000,1,1,1,1,1,1,2,1,1,1
SF,IF2006,2020-01-21 09:31:21.100,4180.8000,18904,0,269736120.000,0,-,-,-,-,4180.6000,4180.2000,4179.8000,4178.8000,4178.4000,4181.8000,4182.0000,4182.2000,4182.4000,4183.4000,1,1,1,1,1,1,2,1,1,1
SF,IF2006,2020-01-21 09:31:21.600,4181.8000,18903,-1,270990660.000,1,0,1,双平,S,4181.0000,4180.6000,4180.2000,4179.8000,4178.8000,4181.4000,4182.0000,4182.2000,4182.4000,4183.4000,1,1,1,1,1,1,2,1,1,1
SF,IF2006,2020-01-21 09:31:22.100,4181.0000,18903,0,272244960.000,1,0,1,多换,S,4180.6000,4180.2000,4179.8000,4178.8000,4178.4000,4181.0000,4181.4000,4182.0000,4182.2000,4182.4000,1,1,1,1,1,2,1,2,1,1
SF,IF2006,2020-01-21 09:31:22.600,4180.6000,18903,0,273499140.000,1,0,1,多换,S,4180.2000,4179.8000,4178.8000,4178.4000,4178.0000,4180.6000,4181.0000,4181.4000,4182.0000,4182.2000,1,1,1,1,1,2,1,1,2,1
SF,IF2006,2020-01-21 09:31:23.100,4180.6000,18903,0,273499140.000,0,-,-,-,-,4180.2000,4179.8000,4178.8000,4178.4000,4178.0000,4180.4000,4180.6000,4181.4000,4182.0000,4182.2000,1,1,1,1,1,1,3,1,1,1
SF,IF2006,2020-01-21 09:31:23.600,4180.4000,18902,-1,277261260.000,3,1,2,多平,S,4178.8000,4178.4000,4178.0000,4177.8000,4176.8000,4180.6000,4182.0000,4182.2000,4182.4000,4183.4000,1,1,1,2,1,3,1,1,1,1
SF,IF2006,2020-01-21 09:31:24.100,4180.4000,18902,0,277261260.000,0,-,-,-,-,4179.0000,4178.8000,4178.4000,4178.0000,4177.8000,4180.6000,4182.0000,4182.2000,4182.4000,4183.4000,1,1,1,1,2,3,1,1,1,1
SF,IF2006,2020-01-21 09:31:24.600,4180.4000,18902,0,277261260.000,0,-,-,-,-,4179.0000,4178.8000,4178.4000,4178.0000,4177.8000,4180.6000,4182.0000,4182.2000,4182.4000,4183.4000,1,1,1,1,2,3,1,1,1,1
SF,IF2006,2020-01-21 09:31:25.100,4180.4000,18902,0,277261260.000,0,-,-,-,-,4179.0000,4178.8000,4178.4000,4178.0000,4177.8000,4180.4000,4180.6000,4182.0000,4182.2000,4182.4000,1,1,1,1,2,1,3,1,1,1
SF,IF2006,2020-01-21 09:31:25.600,4180.4000,18901,-1,278515380.000,1,0,1,双平,S,4178.8000,4178.4000,4178.0000,4177.8000,4176.8000,4180.4000,4180.6000,4182.0000,4182.2000,4182.4000,1,1,1,2,1,1,3,1,1,1
SF,IF2006,2020-01-21 09:31:26.600,4180.4000,18901,0,278515380.000,0,-,-,-,-,4179.0000,4178.8000,4178.4000,4178.0000,4177.8000,4180.4000,4180.6000,4182.0000,4182.2000,4182.4000,1,1,1,1,2,1,3,1,1,1
SF,IF2006,2020-01-21 09:31:27.100,4180.4000,18901,0,278515380.000,0,-,-,-,-,4179.0000,4178.8000,4178.4000,4178.0000,4177.8000,4180.2000,4180.4000,4180.6000,4182.0000,4182.2000,1,1,1,1,2,1,1,3,1,1
SF,IF2006,2020-01-21 09:31:27.600,4180.4000,18901,0,278515380.000,0,-,-,-,-,4179.0000,4178.8000,4178.4000,4178.0000,4177.8000,4180.4000,4180.6000,4180.8000,4182.2000,4182.4000,1,1,1,1,2,1,3,1,1,1
SF,IF2006,2020-01-21 09:31:28.100,4180.4000,18901,0,279769500.000,1,0,1,多换,S,4180.2000,4179.0000,4178.8000,4178.4000,4178.0000,4180.6000,4180.8000,4182.2000,4182.4000,4183.4000,1,1,1,1,1,3,1,1,1,1
SF,IF2006,2020-01-21 09:31:28.600,4180.2000,18901,0,282277620.000,2,1,1,多换,S,4178.8000,4178.4000,4178.0000,4177.8000,4176.8000,4180.2000,4180.6000,4180.8000,4182.2000,4182.4000,1,1,1,2,1,2,3,1,1,1
SF,IF2006,2020-01-21 09:31:29.100,4180.2000,18901,0,282277620.000,0,-,-,-,-,4178.8000,4178.4000,4178.0000,4177.8000,4176.8000,4180.2000,4180.6000,4180.8000,4182.2000,4182.4000,1,1,1,2,1,1,3,1,1,1
SF,IF2006,2020-01-21 09:31:29.600,4179.0000,18900,-1,283531320.000,1,0,1,双平,S,4178.8000,4178.4000,4178.0000,4177.8000,4176.8000,4179.0000,4180.6000,4180.8000,4182.2000,4182.4000,1,1,1,2,1,1,3,1,1,1
SF,IF2006,2020-01-21 09:31:30.100,4180.2000,18899,-1,288546780.000,4,1,3,多平,S,4180.4000,4179.0000,4178.4000,4178.0000,4177.8000,4180.6000,4180.8000,4182.2000,4182.4000,4183.4000,17,1,1,1,2,3,1,1,1,1
SF,IF2006,2020-01-21 09:31:30.600,4179.0000,18900,1,311120400.000,18,9,9,空开,S,4178.4000,4178.0000,4177.8000,4176.8000,4176.0000,4178.8000,4180.0000,4180.2000,4180.4000,4180.6000,1,1,2,1,1,1,1,2,22,3
SF,IF2006,2020-01-21 09:31:31.100,4179.0000,18899,-1,313627800.000,2,0,2,多平,S,4178.6000,4178.4000,4178.0000,4177.8000,4176.8000,4180.0000,4180.2000,4180.4000,4180.6000,4180.8000,2,1,1,2,1,1,1,19,3,1
SF,IF2006,2020-01-21 09:31:31.600,4179.0000,18899,0,313627800.000,0,-,-,-,-,4178.4000,4178.0000,4177.8000,4176.8000,4176.0000,4180.0000,4180.2000,4180.4000,4180.6000,4180.8000,1,1,2,1,1,1,2,19,3,1
SF,IF2006,2020-01-21 09:31:32.100,4178.4000,18898,-1,314881320.000,1,0,1,双平,S,4178.0000,4177.8000,4176.8000,4176.0000,4175.2000,4178.4000,4179.2000,4179.8000,4180.0000,4180.2000,1,2,1,1,3,1,1,3,1,1
SF,IF2006,2020-01-21 09:31:32.600,4178.4000,18897,-1,316134840.000,1,0,1,双平,S,4178.0000,4177.8000,4176.8000,4176.0000,4175.2000,4179.2000,4179.6000,4179.8000,4180.0000,4180.2000,1,2,1,1,3,1,1,3,1,1
SF,IF2006,2020-01-21 09:31:33.100,4178.4000,18897,0,316134840.000,0,-,-,-,-,4178.0000,4177.8000,4176.8000,4176.0000,4175.2000,4179.2000,4179.8000,4180.0000,4180.2000,4180.4000,1,3,1,1,3,1,3,2,1,3
SF,IF2006,2020-01-21 09:31:33.600,4178.4000,18897,0,316134840.000,0,-,-,-,-,4178.0000,4177.8000,4176.8000,4176.0000,4175.2000,4178.4000,4179.2000,4179.8000,4180.0000,4180.2000,1,2,1,1,3,3,1,2,4,1
SF,IF2006,2020-01-21 09:31:34.600,4178.4000,18897,0,316134840.000,0,-,-,-,-,4178.0000,4177.8000,4176.8000,4176.0000,4175.2000,4178.4000,4179.2000,4179.8000,4180.0000,4180.2000,1,2,1,1,3,3,1,2,4,1
SF,IF2006,2020-01-21 09:31:35.100,4178.0000,18897,0,317388240.000,1,0,1,多换,S,4177.8000,4176.8000,4176.0000,4175.2000,4174.0000,4178.4000,4179.2000,4179.8000,4180.0000,4180.2000,2,1,1,3,1,3,1,2,4,1
SF,IF2006,2020-01-21 09:31:35.600,4178.0000,18897,0,317388240.000,0,-,-,-,-,4178.0000,4177.8000,4176.8000,4176.0000,4175.2000,4178.4000,4179.2000,4179.8000,4180.0000,4180.2000,1,2,1,1,3,3,1,2,4,1
SF,IF2006,2020-01-21 09:31:36.100,4178.0000,18895,-2,322402200.000,4,1,3,多平,S,4178.4000,4178.0000,4177.8000,4176.8000,4176.0000,4179.2000,4179.8000,4180.0000,4180.2000,4180.4000,1,2,2,1,1,1,2,5,1,1
SF,IF2006,2020-01-21 09:31:36.600,4178.4000,18895,0,323655720.000,1,0,1,多换,S,4178.0000,4177.8000,4176.8000,4176.0000,4175.2000,4178.4000,4179.2000,4179.8000,4180.0000,4180.2000,2,2,1,1,3,2,1,2,5,1
SF,IF2006,2020-01-21 09:31:37.100,4178.2000,18895,0,326162640.000,2,1,1,多换,S,4178.0000,4177.8000,4176.8000,4176.0000,4175.2000,4178.4000,4179.2000,4179.8000,4180.0000,4180.2000,2,2,1,1,3,1,1,2,4,1
SF,IF2006,2020-01-21 09:31:37.600,4178.4000,18894,-1,327416160.000,1,0,1,双平,S,4178.2000,4178.0000,4177.8000,4176.8000,4176.0000,4179.2000,4179.8000,4180.0000,4180.2000,4180.4000,1,2,2,1,1,1,1,4,1,1
SF,IF2006,2020-01-21 09:31:38.100,4178.4000,18894,0,327416160.000,0,-,-,-,-,4179.2000,4178.2000,4178.0000,4177.8000,4176.8000,4179.8000,4180.0000,4180.2000,4180.4000,4180.6000,1,2,2,2,1,1,1,2,1,3
SF,IF2006,2020-01-21 09:31:38.600,4179.2000,18894,0,328669920.000,1,0,1,多换,S,4178.2000,4178.0000,4177.8000,4176.8000,4176.0000,4179.2000,4180.0000,4180.2000,4180.4000,4180.6000,2,2,2,1,1,2,1,2,1,3
SF,IF2006,2020-01-21 09:31:39.100,4179.2000,18894,0,328669920.000,0,-,-,-,-,4178.4000,4178.2000,4178.0000,4177.8000,4176.8000,4179.2000,4180.0000,4180.2000,4180.4000,4180.6000,1,1,2,2,1,3,1,1,1,3
SF,IF2006,2020-01-21 09:31:39.600,4179.2000,18894,0,328669920.000,0,-,-,-,-,4178.4000,4178.2000,4178.0000,4177.8000,4176.8000,4179.2000,4180.0000,4180.2000,4180.4000,4180.6000,2,1,2,2,1,3,1,1,1,3
SF,IF2006,2020-01-21 09:31:40.100,4179.2000,18894,0,328669920.000,0,-,-,-,-,4178.4000,4178.2000,4178.0000,4177.8000,4176.8000,4179.2000,4180.0000,4180.2000,4180.4000,4180.6000,2,1,2,2,1,2,1,1,1,3
SF,IF2006,2020-01-21 09:31:40.600,4179.2000,18894,0,328669920.000,0,-,-,-,-,4178.4000,4178.0000,4177.8000,4176.8000,4176.0000,4179.2000,4180.0000,4180.2000,4180.4000,4180.6000,2,2,2,1,1,2,1,1,1,3
SF,IF2006,2020-01-21 09:31:41.100,4179.2000,18894,0,328669920.000,0,-,-,-,-,4178.0000,4177.8000,4176.8000,4176.0000,4175.2000,4178.6000,4179.2000,4180.0000,4180.2000,4180.4000,2,2,1,1,3,1,1,1,1,1
SF,IF2006,2020-01-21 09:31:41.600,4179.2000,18894,0,328669920.000,0,-,-,-,-,4178.0000,4177.8000,4176.8000,4176.0000,4175.2000,4178.6000,4179.2000,4180.0000,4180.2000,4180.4000,2,2,1,1,3,1,1,1,1,1
SF,IF2006,2020-01-21 09:31:42.100,4178.0000,18892,-2,331176720.000,2,0,2,双平,S,4177.8000,4176.8000,4176.0000,4175.2000,4174.0000,4178.6000,4179.2000,4180.0000,4180.2000,4180.4000,3,1,1,3,1,1,1,1,1,1
SF,IF2006,2020-01-21 09:31:43.100,4178.0000,18892,0,331176720.000,0,-,-,-,-,4177.8000,4176.8000,4176.0000,4175.2000,4174.0000,4178.6000,4179.2000,4180.0000,4180.2000,4180.4000,3,1,1,3,1,1,1,1,1,1
SF,IF2006,2020-01-21 09:31:43.600,4178.6000,18891,-1,332430300.000,1,0,1,双平,S,4177.8000,4176.8000,4176.0000,4175.2000,4174.0000,4179.2000,4180.0000,4180.2000,4180.4000,4180.6000,2,1,1,3,1,1,1,1,1,2
SF,IF2006,2020-01-21 09:31:44.100,4178.6000,18891,0,332430300.000,0,-,-,-,-,4178.6000,4178.0000,4177.8000,4176.8000,4176.0000,4179.2000,4180.0000,4180.2000,4180.4000,4180.6000,20,2,3,1,1,1,1,1,1,2
SF,IF2006,2020-01-21 09:31:44.600,4178.6000,18892,1,333683880.000,1,1,0,双开,S,4178.6000,4178.0000,4177.8000,4176.8000,4176.0000,4179.2000,4180.0000,4180.2000,4180.4000,4180.6000,19,2,2,1,1,1,1,1,1,2
SF,IF2006,2020-01-21 09:31:45.100,4179.2000,18892,0,334937640.000,1,0,1,多换,S,4178.6000,4178.0000,4177.8000,4176.8000,4176.0000,4180.0000,4180.2000,4180.4000,4180.6000,4180.8000,19,1,2,1,1,1,1,1,2,1
SF,IF2006,2020-01-21 09:31:45.600,4179.2000,18892,0,334937640.000,0,-,-,-,-,4178.6000,4178.0000,4177.8000,4176.8000,4176.0000,4180.0000,4180.2000,4180.6000,4180.8000,4182.2000,19,1,2,1,1,3,1,2,1,1
SF,IF2006,2020-01-21 09:31:46.100,4179.2000,18892,0,334937640.000,0,-,-,-,-,4179.2000,4178.6000,4178.0000,4177.8000,4176.8000,4180.0000,4180.2000,4180.6000,4180.8000,4182.2000,1,19,1,2,1,3,1,2,1,1
SF,IF2006,2020-01-21 09:31:46.600,4179.2000,18893,1,336191400.000,1,1,0,双开,S,4178.6000,4178.0000,4177.8000,4176.8000,4176.0000,4179.2000,4180.0000,4180.2000,4180.6000,4180.8000,19,1,2,1,1,1,3,1,2,1
SF,IF2006,2020-01-21 09:31:47.100,4179.2000,18892,-1,337445160.000,1,0,1,双平,S,4178.8000,4178.6000,4177.8000,4176.8000,4176.0000,4180.0000,4180.2000,4180.6000,4180.8000,4182.2000,1,19,2,1,1,1,1,2,1,1
SF,IF2006,2020-01-21 09:31:47.600,4179.2000,18892,0,337445160.000,0,-,-,-,-,4178.8000,4178.6000,4177.8000,4176.8000,4176.0000,4180.0000,4180.2000,4180.6000,4180.8000,4182.2000,1,19,2,1,1,1,1,2,1,1
SF,IF2006,2020-01-21 09:31:48.100,4179.2000,18892,0,337445160.000,0,-,-,-,-,4178.8000,4178.6000,4177.8000,4176.8000,4176.0000,4180.0000,4180.2000,4180.6000,4180.8000,4182.2000,1,19,2,1,1,1,1,2,1,1
SF,IF2006,2020-01-21 09:31:48.600,4180.2000,18890,-2,339953220.000,2,0,2,双平,S,4178.8000,4178.6000,4177.8000,4176.8000,4176.0000,4180.6000,4180.8000,4182.2000,4183.4000,4183.6000,1,19,2,1,2,2,1,1,1,1
SF,IF2006,2020-01-21 09:31:49.100,4180.2000,18890,0,339953220.000,0,-,-,-,-,4178.8000,4178.6000,4177.8000,4176.8000,4176.0000,4180.6000,4180.8000,4182.2000,4183.4000,4183.6000,1,19,2,1,2,2,1,1,1,1
SF,IF2006,2020-01-21 09:31:50.100,4180.2000,18890,0,339953220.000,0,-,-,-,-,4178.8000,4178.6000,4177.8000,4176.8000,4176.0000,4180.6000,4180.8000,4182.2000,4183.4000,4183.6000,1,19,2,1,2,3,1,1,1,1
SF,IF2006,2020-01-21 09:31:50.600,4180.2000,18890,0,339953220.000,0,-,-,-,-,4178.8000,4178.6000,4177.8000,4176.8000,4176.0000,4180.6000,4180.8000,4182.2000,4183.4000,4183.6000,1,19,2,1,2,3,1,1,1,1
SF,IF2006,2020-01-21 09:31:51.100,4179.0000,18889,-1,342461100.000,2,0,2,多平,S,4179.0000,4178.8000,4178.6000,4177.8000,4176.8000,4180.6000,4180.8000,4182.2000,4183.4000,4183.6000,1,1,19,2,1,2,1,1,1,1
SF,IF2006,2020-01-21 09:31:51.600,4179.0000,18889,0,342461100.000,0,-,-,-,-,4179.2000,4179.0000,4178.8000,4178.6000,4177.8000,4180.6000,4180.8000,4182.2000,4183.4000,4183.6000,2,1,1,19,2,1,1,1,1,1
SF,IF2006,2020-01-21 09:31:52.100,4179.2000,18887,-2,344968620.000,2,0,2,双平,S,4179.2000,4179.0000,4178.8000,4178.6000,4177.8000,4180.4000,4180.6000,4180.8000,4182.0000,4182.2000,1,1,1,19,2,1,1,1,1,1
SF,IF2006,2020-01-21 09:31:52.600,4179.2000,18887,0,344968620.000,0,-,-,-,-,4179.2000,4178.8000,4178.6000,4177.8000,4176.8000,4180.6000,4180.8000,4182.0000,4182.2000,4183.4000,1,1,19,2,1,1,1,3,1,1
SF,IF2006,2020-01-21 09:31:53.100,4179.2000,18887,0,344968620.000,0,-,-,-,-,4179.2000,4179.0000,4178.6000,4177.8000,4176.8000,4180.4000,4180.6000,4180.8000,4182.0000,4182.2000,2,1,19,2,1,2,1,1,3,1
SF,IF2006,2020-01-21 09:31:53.600,4179.2000,18887,0,344968620.000,0,-,-,-,-,4179.0000,4178.6000,4177.8000,4176.8000,4176.0000,4180.4000,4180.8000,4182.0000,4182.2000,4183.4000,1,19,2,1,2,2,1,3,1,1
SF,IF2006,2020-01-21 09:31:54.100,4179.2000,18887,0,344968620.000,0,-,-,-,-,4178.6000,4177.8000,4176.8000,4176.0000,4175.2000,4180.4000,4180.8000,4182.0000,4182.2000,4183.4000,19,2,1,2,3,1,1,3,1,1
SF,IF2006,2020-01-21 09:31:54.600,4179.2000,18887,0,344968620.000,0,-,-,-,-,4179.0000,4178.6000,4177.8000,4176.8000,4176.0000,4180.2000,4180.4000,4180.8000,4182.0000,4182.2000,1,20,2,1,2,2,1,1,3,1
SF,IF2006,2020-01-21 09:31:55.100,4179.2000,18887,0,344968620.000,0,-,-,-,-,4178.6000,4177.8000,4176.8000,4176.0000,4175.2000,4180.2000,4180.4000,4180.8000,4182.0000,4182.2000,19,2,1,2,3,2,1,1,3,1
SF,IF2006,2020-01-21 09:31:55.600,4180.2000,18885,-2,347476740.000,2,0,2,双平,S,4179.2000,4179.0000,4178.8000,4178.6000,4177.8000,4180.4000,4180.8000,4182.0000,4182.2000,4183.4000,1,1,5,20,2,1,1,3,1,1
SF,IF2006,2020-01-21 09:31:56.100,4180.2000,18885,0,347476740.000,0,-,-,-,-,4179.2000,4179.0000,4178.8000,4178.6000,4177.8000,4180.4000,4180.8000,4182.0000,4182.2000,4183.4000,1,1,5,20,2,1,1,4,1,1
SF,IF2006,2020-01-21 09:31:56.600,4180.2000,18885,0,347476740.000,0,-,-,-,-,4179.4000,4179.2000,4179.0000,4178.8000,4178.6000,4180.2000,4180.4000,4180.6000,4180.8000,4182.0000,1,1,1,5,20,1,1,1,1,3
SF,IF2006,2020-01-21 09:31:58.100,4180.2000,18884,-1,348730800.000,1,0,1,双平,S,4179.4000,4179.2000,4179.0000,4178.8000,4178.6000,4180.4000,4180.6000,4180.8000,4182.0000,4182.2000,1,1,1,5,20,1,1,1,3,1
SF,IF2006,2020-01-21 09:31:58.600,4180.4000,18883,-1,349984920.000,1,0,1,双平,S,4179.4000,4179.2000,4179.0000,4178.8000,4178.6000,4180.6000,4180.8000,4182.0000,4182.2000,4183.4000,1,1,1,5,20,1,1,3,1,1
SF,IF2006,2020-01-21 09:31:59.100,4180.4000,18883,0,349984920.000,0,-,-,-,-,4179.6000,4179.4000,4179.2000,4179.0000,4178.8000,4180.6000,4180.8000,4182.0000,4182.2000,4183.4000,1,1,1,1,5,1,1,1,1,1
SF,IF2006,2020-01-21 09:31:59.600,4180.6000,18883,0,351239100.000,1,0,1,多换,S,4180.6000,4179.6000,4179.4000,4179.2000,4179.0000,4180.8000,4182.0000,4182.2000,4183.4000,4183.6000,1,1,1,1,1,1,1,1,1,1
SF,IF2006,2020-01-21 09:32:00.100,4180.6000,18882,-1,352493280.000,1,0,1,双平,S,4179.4000,4179.2000,4179.0000,4178.8000,4178.6000,4180.6000,4180.8000,4182.0000,4182.2000,4183.4000,1,1,1,2,20,1,1,1,1,1
SF,IF2006,2020-01-21 09:32:00.600,4180.6000,18882,0,352493280.000,0,-,-,-,-,4179.6000,4179.4000,4179.2000,4179.0000,4178.8000,4180.6000,4180.8000,4182.0000,4182.2000,4183.4000,1,1,1,1,2,1,1,1,1,1
SF,IF2006,2020-01-21 09:32:01.100,4179.6000,18881,-1,353747160.000,1,0,1,双平,S,4179.2000,4179.0000,4178.8000,4178.6000,4177.8000,4180.8000,4182.0000,4182.2000,4183.4000,4183.6000,1,1,1,20,2,1,1,1,1,1
SF,IF2006,2020-01-21 09:32:01.600,4179.4000,18880,-1,355000980.000,1,0,1,双平,S,4178.6000,4177.8000,4176.8000,4176.0000,4175.2000,4180.6000,4180.8000,4182.0000,4182.2000,4183.4000,19,2,1,2,3,2,2,1,1,1
SF,IF2006,2020-01-21 09:32:02.100,4178.6000,18880,0,356254560.000,1,0,1,多换,S,4178.6000,4177.8000,4176.8000,4176.0000,4175.2000,4180.4000,4180.8000,4182.0000,4182.2000,4183.4000,18,2,1,2,3,2,2,1,1,1
SF,IF2006,2020-01-21 09:32:02.600,4178.6000,18880,0,356254560.000,0,-,-,-,-,4178.6000,4177.8000,4176.8000,4176.0000,4175.2000,4180.0000,4180.2000,4180.8000,4182.0000,4182.2000,18,2,1,2,3,2,2,2,1,1
SF,IF2006,2020-01-21 09:32:03.100,4178.6000,18880,0,356254560.000,0,-,-,-,-,4178.6000,4177.8000,4176.8000,4176.0000,4175.2000,4180.2000,4180.8000,4182.0000,4182.2000,4183.4000,18,2,1,2,3,2,2,1,1,1
SF,IF2006,2020-01-21 09:32:03.600,4178.6000,18880,0,356254560.000,0,-,-,-,-,4178.8000,4178.6000,4177.8000,4176.8000,4176.0000,4180.0000,4180.2000,4180.8000,4182.0000,4182.2000,1,18,2,1,2,3,1,2,1,1
SF,IF2006,2020-01-21 09:32:04.100,4178.6000,18880,0,356254560.000,0,-,-,-,-,4178.8000,4178.6000,4177.8000,4176.8000,4176.0000,4179.8000,4180.0000,4180.8000,4182.0000,4182.2000,1,18,2,1,2,2,1,2,1,1
SF,IF2006,2020-01-21 09:32:04.600,4178.6000,18880,0,356254560.000,0,-,-,-,-,4178.8000,4178.6000,4177.8000,4176.8000,4176.0000,4180.0000,4180.8000,4182.0000,4182.2000,4183.4000,1,18,2,1,2,1,2,1,1,1
SF,IF2006,2020-01-21 09:32:05.100,4178.8000,18879,-1,357508200.000,1,0,1,双平,S,4178.8000,4178.6000,4177.8000,4176.8000,4176.0000,4179.8000,4180.0000,4180.8000,4182.0000,4182.2000,1,18,2,1,2,2,1,2,1,1
SF,IF2006,2020-01-21 09:32:05.600,4178.8000,18879,0,357508200.000,0,-,-,-,-,4178.8000,4178.6000,4177.8000,4176.8000,4176.0000,4180.0000,4180.8000,4182.0000,4182.2000,4183.4000,1,18,2,1,2,1,2,1,1,1
SF,IF2006,2020-01-21 09:32:06.100,4178.8000,18879,0,357508200.000,0,-,-,-,-,4178.8000,4178.6000,4177.8000,4176.8000,4176.0000,4179.8000,4180.0000,4180.8000,4182.0000,4182.2000,1,18,2,1,2,2,1,2,1,1
SF,IF2006,2020-01-21 09:32:07.100,4178.8000,18879,0,357508200.000,0,-,-,-,-,4178.8000,4178.6000,4177.8000,4176.8000,4176.0000,4180.0000,4180.8000,4182.0000,4182.2000,4183.4000,1,18,2,1,2,1,2,1,1,1
SF,IF2006,2020-01-21 09:32:07.600,4178.8000,18879,0,357508200.000,0,-,-,-,-,4178.8000,4178.6000,4177.8000,4177.6000,4177.4000,4179.8000,4180.0000,4180.8000,4182.0000,4182.2000,1,18,2,1,2,2,1,2,1,1
SF,IF2006,2020-01-21 09:32:08.100,4178.8000,18879,0,357508200.000,0,-,-,-,-,4178.8000,4178.6000,4177.8000,4177.6000,4177.4000,4180.0000,4180.8000,4182.0000,4182.2000,4183.4000,1,18,2,1,2,1,2,1,1,1
SF,IF2006,2020-01-21 09:32:08.600,4178.8000,18879,0,357508200.000,0,-,-,-,-,4178.8000,4178.6000,4177.8000,4177.6000,4176.8000,4179.8000,4180.0000,4180.8000,4182.0000,4182.2000,1,18,2,1,1,2,1,2,1,1
SF,IF2006,2020-01-21 09:32:09.100,4178.8000,18879,0,357508200.000,0,-,-,-,-,4178.8000,4178.6000,4177.8000,4177.6000,4176.8000,4180.0000,4180.8000,4182.0000,4182.2000,4183.4000,1,18,2,1,1,1,2,1,1,1
SF,IF2006,2020-01-21 09:32:09.600,4178.8000,18879,0,357508200.000,0,-,-,-,-,4178.8000,4178.6000,4178.0000,4177.8000,4177.6000,4180.0000,4180.8000,4182.0000,4182.2000,4183.4000,1,18,1,2,1,1,2,1,1,1
SF,IF2006,2020-01-21 09:32:10.600,4178.8000,18878,-1,358761840.000,1,0,1,双平,S,4178.6000,4178.0000,4177.8000,4177.6000,4176.8000,4179.8000,4180.0000,4180.8000,4182.0000,4182.2000,18,1,2,1,1,3,1,2,1,1
SF,IF2006,2020-01-21 09:32:11.100,4179.6000,18877,-1,363776460.000,4,1,3,多平,S,4178.6000,4178.0000,4177.8000,4177.6000,4176.8000,4179.6000,4179.8000,4180.0000,4180.8000,4182.0000,15,1,2,1,1,2,3,1,2,1
SF,IF2006,2020-01-21 09:32:11.600,4178.6000,18879,2,367537200.000,3,2,1,空开,S,4178.6000,4178.0000,4177.8000,4177.6000,4176.8000,4179.4000,4179.6000,4179.8000,4180.0000,4180.8000,12,1,2,1,1,4,2,1,1,2
SF,IF2006,2020-01-21 09:32:12.100,4178.6000,18879,0,367537200.000,0,-,-,-,-,4178.6000,4178.0000,4177.8000,4177.6000,4176.8000,4179.4000,4179.6000,4179.8000,4180.0000,4180.8000,12,1,2,1,1,2,2,1,1,2
SF,IF2006,2020-01-21 09:32:12.600,4178.6000,18879,0,367537200.000,0,-,-,-,-,4179.0000,4178.6000,4178.0000,4177.8000,4177.6000,4179.4000,4179.6000,4179.8000,4180.0000,4180.8000,1,12,1,2,1,3,2,1,1,2
SF,IF2006,2020-01-21 09:32:13.100,4178.8000,18879,0,368790840.000,1,0,1,多换,S,4178.6000,4178.0000,4177.8000,4177.6000,4176.8000,4179.4000,4179.6000,4179.8000,4180.0000,4180.8000,12,1,2,1,1,1,2,1,1,2
SF,IF2006,2020-01-21 09:32:13.600,4178.8000,18879,0,368790840.000,0,-,-,-,-,4178.6000,4178.0000,4177.8000,4177.6000,4176.8000,4179.4000,4179.6000,4179.8000,4180.0000,4180.8000,12,2,2,1,1,1,2,1,1,2
SF,IF2006,2020-01-21 09:32:14.100,4178.8000,18879,0,368790840.000,0,-,-,-,-,4178.6000,4178.0000,4177.8000,4177.6000,4176.8000,4179.4000,4179.6000,4180.0000,4180.8000,4182.0000,12,2,2,1,1,1,2,1,2,1
SF,IF2006,2020-01-21 09:32:14.600,4178.6000,18880,1,371298000.000,2,1,1,空开,S,4178.6000,4178.0000,4177.8000,4177.6000,4176.8000,4179.6000,4180.0000,4180.8000,4182.0000,4182.2000,10,2,2,1,1,2,1,2,1,1
SF,IF2006,2020-01-21 09:32:15.100,4178.6000,18880,0,371298000.000,0,-,-,-,-,4178.8000,4178.6000,4178.0000,4177.8000,4177.6000,4179.6000,4180.0000,4180.8000,4182.0000,4182.2000,1,12,2,2,1,2,1,2,1,1
SF,IF2006,2020-01-21 09:32:15.600,4178.6000,18880,0,371298000.000,0,-,-,-,-,4178.8000,4178.6000,4178.0000,4177.8000,4177.6000,4180.0000,4180.8000,4182.0000,4182.2000,4183.4000,1,12,2,2,1,1,2,1,1,1
SF,IF2006,2020-01-21 09:32:16.100,4178.6000,18880,0,371298000.000,0,-,-,-,-,4178.8000,4178.6000,4178.0000,4177.8000,4177.6000,4179.8000,4180.0000,4180.8000,4182.0000,4182.2000,1,12,2,2,1,2,3,2,1,1
SF,IF2006,2020-01-21 09:32:17.600,4178.6000,18880,0,371298000.000,0,-,-,-,-,4178.8000,4178.6000,4178.0000,4177.8000,4177.6000,4180.0000,4180.8000,4182.0000,4182.2000,4183.4000,1,12,2,2,1,3,2,1,1,1
SF,IF2006,2020-01-21 09:32:18.100,4178.6000,18880,0,371298000.000,0,-,-,-,-,4178.8000,4178.6000,4178.0000,4177.8000,4177.6000,4179.8000,4180.0000,4180.8000,4182.0000,4182.2000,1,12,2,2,1,2,3,2,1,1
SF,IF2006,2020-01-21 09:32:18.600,4178.6000,18880,0,371298000.000,0,-,-,-,-,4178.8000,4178.6000,4178.0000,4177.8000,4177.6000,4179.8000,4180.0000,4180.8000,4182.0000,4182.2000,1,10,2,2,1,2,3,2,1,1
SF,IF2006,2020-01-21 09:32:19.100,4178.8000,18880,0,372551640.000,1,0,1,多换,S,4178.6000,4178.0000,4177.8000,4177.6000,4176.8000,4179.8000,4180.0000,4180.8000,4182.0000,4182.2000,10,2,2,1,1,2,3,2,1,1
SF,IF2006,2020-01-21 09:32:19.600,4179.8000,18880,0,373805580.000,1,0,1,多换,S,4178.6000,4178.0000,4177.8000,4177.6000,4176.8000,4179.8000,4180.0000,4180.8000,4182.0000,4182.2000,10,2,2,1,1,1,3,2,1,1
SF,IF2006,2020-01-21 09:32:20.100,4179.8000,18880,0,373805580.000,0,-,-,-,-,4178.8000,4178.6000,4178.0000,4177.8000,4177.6000,4179.8000,4180.0000,4180.8000,4182.0000,4182.2000,2,12,2,2,1,1,3,2,1,1
SF,IF2006,2020-01-21 09:32:20.600,4178.8000,18879,-1,375059220.000,1,0,1,双平,S,4178.8000,4178.6000,4178.0000,4177.8000,4177.6000,4179.8000,4180.0000,4180.8000,4182.0000,4182.2000,1,12,2,2,1,1,3,2,1,1
SF,IF2006,2020-01-21 09:32:21.100,4180.0000,18877,-2,377567160.000,2,0,2,双平,S,4178.8000,4178.6000,4178.0000,4177.8000,4177.6000,4180.0000,4180.8000,4182.0000,4182.2000,4183.4000,1,12,2,2,1,2,2,1,1,1
SF,IF2006,2020-01-21 09:32:21.600,4180.0000,18877,0,377567160.000,0,-,-,-,-,4179.0000,4178.8000,4178.6000,4178.0000,4177.8000,4180.8000,4182.0000,4182.2000,4183.4000,4183.6000,3,1,10,2,2,2,1,1,1,1
SF,IF2006,2020-01-21 09:32:22.100,4180.0000,18877,0,377567160.000,0,-,-,-,-,4179.2000,4179.0000,4178.8000,4178.6000,4178.0000,4180.6000,4180.8000,4182.0000,4182.2000,4183.4000,1,2,1,10,2,2,2,1,1,1
SF,IF2006,2020-01-21 09:32:22.600,4180.6000,18877,0,378821340.000,1,0,1,多换,S,4179.2000,4179.0000,4178.8000,4178.6000,4178.0000,4180.4000,4180.6000,4180.8000,4182.0000,4182.2000,1,2,1,10,2,1,1,2,1,1
SF,IF2006,2020-01-21 09:32:23.100,4180.4000,18877,0,380075460.000,1,0,1,多换,S,4179.4000,4179.2000,4179.0000,4178.8000,4178.6000,4180.8000,4182.0000,4182.2000,4183.4000,4183.6000,3,1,1,1,10,2,1,1,1,1
SF,IF2006,2020-01-21 09:32:23.600,4180.4000,18877,0,380075460.000,0,-,-,-,-,4179.6000,4179.4000,4179.2000,4179.0000,4178.8000,4180.8000,4182.0000,4182.2000,4183.4000,4183.6000,1,3,1,1,1,2,1,1,1,1
SF,IF2006,2020-01-21 09:32:24.100,4180.6000,18877,0,381329640.000,1,0,1,多换,S,4179.6000,4179.4000,4179.2000,4178.8000,4178.6000,4180.8000,4182.0000,4182.2000,4183.4000,4183.6000,1,2,1,1,10,4,1,1,1,1
SF,IF2006,2020-01-21 09:32:25.100,4180.8000,18877,0,382583880.000,1,0,1,多换,S,4179.6000,4179.4000,4179.2000,4178.8000,4178.6000,4180.8000,4182.0000,4182.2000,4183.4000,4183.6000,1,2,1,1,10,3,1,1,1,1
SF,IF2006,2020-01-21 09:32:25.600,4180.8000,18877,0,382583880.000,0,-,-,-,-,4179.8000,4179.6000,4179.2000,4178.8000,4178.6000,4180.8000,4182.0000,4182.2000,4183.4000,4183.6000,2,1,1,1,10,1,1,1,1,1
SF,IF2006,2020-01-21 09:32:26.100,4180.8000,18876,-1,386346000.000,3,1,2,多平,S,4179.6000,4179.2000,4178.8000,4178.6000,4178.0000,4182.0000,4182.2000,4183.4000,4183.6000,4183.8000,1,1,1,10,2,1,1,1,1,1
SF,IF2006,2020-01-21 09:32:26.600,4179.8000,18875,-1,388853880.000,2,0,2,多平,S,4179.6000,4179.2000,4178.6000,4178.0000,4177.8000,4181.4000,4181.8000,4182.0000,4182.2000,4183.4000,1,1,10,3,2,1,5,1,1,1
SF,IF2006,2020-01-21 09:32:27.100,4179.6000,18875,0,390107760.000,1,0,1,多换,S,4178.6000,4178.0000,4177.8000,4177.6000,4176.0000,4181.2000,4181.4000,4181.8000,4182.0000,4182.2000,10,3,2,1,2,4,1,3,1,1
SF,IF2006,2020-01-21 09:32:27.600,4179.6000,18875,0,390107760.000,0,-,-,-,-,4179.2000,4179.0000,4178.8000,4178.6000,4178.0000,4181.2000,4181.4000,4181.8000,4182.0000,4182.2000,1,3,1,11,3,5,1,3,1,1
SF,IF2006,2020-01-21 09:32:28.100,4179.6000,18875,0,390107760.000,0,-,-,-,-,4179.4000,4179.2000,4179.0000,4178.6000,4178.0000,4181.2000,4181.4000,4181.8000,4182.0000,4182.2000,3,1,1,11,3,5,1,2,1,1
SF,IF2006,2020-01-21 09:32:28.600,4179.6000,18875,0,390107760.000,0,-,-,-,-,4179.4000,4179.2000,4179.0000,4178.6000,4178.0000,4181.0000,4181.2000,4181.4000,4181.8000,4182.0000,3,1,1,11,3,2,5,1,2,1
SF,IF2006,2020-01-21 09:32:29.100,4179.6000,18875,0,390107760.000,0,-,-,-,-,4179.6000,4179.4000,4179.2000,4179.0000,4178.6000,4180.8000,4181.0000,4181.2000,4181.4000,4181.8000,2,1,1,1,11,2,2,3,1,2
SF,IF2006,2020-01-21 09:32:29.600,4179.6000,18875,0,390107760.000,0,-,-,-,-,4179.8000,4179.4000,4179.2000,4179.0000,4178.6000,4180.6000,4180.8000,4181.2000,4181.4000,4181.8000,2,1,1,1,11,2,2,3,1,2
SF,IF2006,2020-01-21 09:32:30.100,4180.6000,18873,-2,392616120.000,2,0,2,双平,S,4179.4000,4179.2000,4179.0000,4178.6000,4178.0000,4180.8000,4181.2000,4181.8000,4182.0000,4182.2000,1,1,1,11,3,2,3,2,1,1
SF,IF2006,2020-01-21 09:32:30.600,4180.6000,18873,0,392616120.000,0,-,-,-,-,4180.0000,4179.8000,4179.4000,4179.2000,4179.0000,4180.8000,4181.2000,4181.8000,4182.0000,4182.2000,1,1,1,1,1,2,2,2,1,1
SF,IF2006,2020-01-21 09:32:31.100,4180.8000,18873,0,395124360.000,2,1,1,多换,S,4179.8000,4179.4000,4179.2000,4179.0000,4178.6000,4180.8000,4181.2000,4181.8000,4182.0000,4182.2000,1,1,1,1,11,1,2,2,1,1
SF,IF2006,2020-01-21 09:32:31.600,4180.8000,18873,0,395124360.000,0,-,-,-,-,4180.0000,4179.8000,4179.2000,4179.0000,4178.6000,4181.2000,4181.8000,4182.0000,4182.2000,4183.2000,2,2,1,1,11,2,1,1,1,1
SF,IF2006,2020-01-21 09:32:32.100,4181.0000,18873,0,396378660.000,1,0,1,多换,S,4179.2000,4179.0000,4178.6000,4178.0000,4177.8000,4181.0000,4181.2000,4181.8000,4182.0000,4182.2000,1,1,11,2,2,1,2,1,1,1
SF,IF2006,2020-01-21 09:32:32.600,4181.0000,18873,0,397632960.000,1,0,1,多换,S,4179.6000,4179.4000,4179.2000,4179.0000,4178.6000,4181.0000,4181.2000,4181.8000,4182.0000,4182.2000,1,2,1,1,11,1,2,1,1,1
SF,IF2006,2020-01-21 09:32:33.100,4179.6000,18872,-1,398886840.000,1,0,1,双平,S,4179.4000,4179.2000,4179.0000,4178.6000,4178.0000,4181.0000,4181.2000,4181.8000,4182.0000,4182.2000,2,1,1,11,2,1,2,1,1,1
SF,IF2006,2020-01-21 09:32:33.600,4180.4000,18872,0,400140960.000,1,0,1,多换,S,4179.6000,4179.4000,4179.2000,4179.0000,4178.6000,4180.8000,4181.0000,4181.2000,4181.8000,4182.0000,1,2,1,1,11,1,2,2,1,1
SF,IF2006,2020-01-21 09:32:34.100,4180.8000,18872,0,401395200.000,1,0,1,多换,S,4179.8000,4179.4000,4179.2000,4179.0000,4178.6000,4181.0000,4181.2000,4181.8000,4182.0000,4182.2000,2,2,1,1,11,2,2,1,1,1
SF,IF2006,2020-01-21 09:32:34.600,4180.8000,18872,0,401395200.000,0,-,-,-,-,4180.0000,4179.8000,4179.2000,4179.0000,4178.6000,4181.0000,4181.2000,4181.8000,4182.0000,4182.2000,2,2,1,1,11,1,2,1,1,1
SF,IF2006,2020-01-21 09:32:35.100,4180.8000,18872,0,401395200.000,0,-,-,-,-,4180.2000,4180.0000,4179.8000,4179.2000,4179.0000,4181.0000,4181.2000,4181.8000,4182.0000,4182.2000,1,2,2,1,1,1,2,1,1,1
SF,IF2006,2020-01-21 09:32:35.600,4180.8000,18872,0,401395200.000,0,-,-,-,-,4180.2000,4180.0000,4179.8000,4179.2000,4179.0000,4181.0000,4181.2000,4182.0000,4182.2000,4183.2000,1,2,2,1,2,1,1,1,1,1
SF,IF2006,2020-01-21 09:32:36.100,4180.8000,18872,0,401395200.000,0,-,-,-,-,4180.2000,4180.0000,4179.8000,4179.2000,4179.0000,4181.0000,4181.2000,4182.0000,4182.2000,4183.2000,1,2,1,1,2,1,1,1,1,1
SF,IF2006,2020-01-21 09:32:36.600,4181.0000,18871,-1,402649500.000,1,0,1,双平,S,4180.2000,4179.8000,4179.2000,4179.0000,4178.6000,4181.2000,4182.0000,4182.2000,4183.2000,4183.4000,1,1,1,2,11,1,1,1,1,1
SF,IF2006,2020-01-21 09:32:37.100,4181.0000,18871,0,402649500.000,0,-,-,-,-,4181.0000,4180.2000,4179.8000,4179.2000,4179.0000,4181.2000,4182.0000,4182.2000,4183.2000,4183.4000,1,1,1,1,2,3,1,1,1,1
SF,IF2006,2020-01-21 09:32:37.600,4181.0000,18870,-1,403903800.000,1,0,1,双平,S,4180.2000,4179.2000,4179.0000,4178.6000,4178.2000,4181.0000,4181.2000,4182.0000,4182.2000,4183.2000,1,1,2,11,3,4,3,1,1,1
SF,IF2006,2020-01-21 09:32:38.100,4181.0000,18870,0,403903800.000,0,-,-,-,-,4180.2000,4179.2000,4179.0000,4178.6000,4178.2000,4181.2000,4182.0000,4182.2000,4183.2000,4183.4000,1,1,2,11,3,3,1,1,1,1
SF,IF2006,2020-01-21 09:32:38.600,4181.0000,18870,0,403903800.000,0,-,-,-,-,4180.2000,4179.2000,4179.0000,4178.6000,4178.2000,4181.0000,4181.2000,4182.0000,4182.2000,4183.2000,1,1,2,11,3,1,3,1,1,1
SF,IF2006,2020-01-21 09:32:39.100,4181.0000,18870,0,403903800.000,0,-,-,-,-,4179.2000,4179.0000,4178.6000,4178.2000,4178.0000,4181.2000,4182.0000,4182.2000,4183.2000,4183.4000,1,2,11,3,2,3,1,1,1,1
SF,IF2006,2020-01-21 09:32:39.600,4181.0000,18870,0,403903800.000,0,-,-,-,-,4179.4000,4179.2000,4179.0000,4178.6000,4178.2000,4181.2000,4182.0000,4182.2000,4183.2000,4183.4000,4,1,2,11,3,3,1,1,1,1
SF,IF2006,2020-01-21 09:32:40.100,4181.0000,18870,0,403903800.000,0,-,-,-,-,4179.4000,4179.2000,4179.0000,4178.6000,4178.2000,4181.2000,4182.0000,4182.2000,4183.2000,4183.4000,4,1,2,11,3,3,1,1,1,1
SF,IF2006,2020-01-21 09:32:40.600,4181.0000,18870,0,403903800.000,0,-,-,-,-,4179.8000,4179.4000,4179.2000,4179.0000,4178.6000,4181.2000,4182.0000,4182.2000,4183.2000,4183.4000,1,4,1,2,11,1,1,1,1,1
SF,IF2006,2020-01-21 09:32:41.100,4181.0000,18870,0,403903800.000,0,-,-,-,-,4180.0000,4179.8000,4179.4000,4179.2000,4179.0000,4181.2000,4182.0000,4182.2000,4183.2000,4183.4000,3,1,2,1,2,1,1,1,1,1
SF,IF2006,2020-01-21 09:32:41.600,4180.2000,18869,-1,405157860.000,1,0,1,双平,S,4180.0000,4179.4000,4179.2000,4179.0000,4178.6000,4181.2000,4182.0000,4182.2000,4183.2000,4183.4000,4,1,1,2,11,1,1,1,1,1
SF,IF2006,2020-01-21 09:32:42.100,4180.2000,18869,0,405157860.000,0,-,-,-,-,4180.0000,4179.4000,4179.2000,4179.0000,4178.6000,4181.2000,4182.0000,4182.2000,4183.2000,4183.4000,4,1,1,2,11,1,1,1,1,1
SF,IF2006,2020-01-21 09:32:42.600,4181.2000,18868,-1,406412220.000,1,0,1,双平,S,4180.0000,4179.4000,4179.2000,4179.0000,4178.6000,4181.2000,4182.0000,4182.2000,4183.2000,4183.4000,2,1,1,2,11,2,1,1,1,1
SF,IF2006,2020-01-21 09:32:43.600,4181.2000,18868,0,406412220.000,0,-,-,-,-,4180.0000,4179.4000,4179.2000,4179.0000,4178.6000,4181.0000,4181.2000,4182.0000,4182.2000,4183.2000,2,1,1,2,11,1,2,1,1,1
SF,IF2006,2020-01-21 09:32:44.100,4181.0000,18867,-1,407666520.000,1,0,1,双平,S,4179.4000,4179.2000,4179.0000,4178.6000,4178.2000,4181.0000,4181.2000,4182.0000,4182.2000,4183.2000,1,1,2,11,3,1,2,1,1,1
SF,IF2006,2020-01-21 09:32:44.600,4181.0000,18866,-1,408920820.000,1,0,1,双平,S,4179.6000,4179.2000,4179.0000,4178.6000,4178.2000,4180.8000,4182.0000,4182.2000,4183.2000,4183.4000,3,1,2,11,3,1,1,1,1,1
SF,IF2006,2020-01-21 09:32:45.100,4180.8000,18865,-1,410175060.000,1,0,1,双平,S,4179.6000,4179.2000,4179.0000,4178.6000,4178.2000,4180.8000,4182.0000,4182.2000,4183.2000,4183.4000,1,1,2,11,3,1,1,1,1,1
SF,IF2006,2020-01-21 09:32:45.600,4180.8000,18864,-1,411429300.000,1,0,1,双平,S,4179.0000,4178.6000,4178.2000,4178.0000,4177.8000,4180.4000,4180.8000,4182.0000,4182.2000,4183.2000,1,11,3,2,2,1,1,1,1,1
SF,IF2006,2020-01-21 09:32:46.100,4180.4000,18864,0,412683420.000,1,0,1,多换,S,4179.2000,4179.0000,4178.6000,4178.2000,4178.0000,4180.4000,4182.0000,4182.2000,4183.2000,4183.4000,3,1,10,3,2,2,1,1,1,1
SF,IF2006,2020-01-21 09:32:46.600,4180.4000,18864,0,412683420.000,0,-,-,-,-,4180.4000,4179.2000,4179.0000,4178.6000,4178.2000,4182.0000,4182.2000,4183.2000,4183.4000,4183.6000,1,3,1,10,3,1,1,1,1,1
SF,IF2006,2020-01-21 09:32:47.100,4180.4000,18863,-1,413937540.000,1,0,1,双平,S,4179.2000,4179.0000,4178.6000,4178.2000,4178.0000,4180.4000,4181.4000,4181.8000,4182.0000,4182.2000,3,1,10,3,2,4,1,3,1,1
SF,IF2006,2020-01-21 09:32:47.600,4180.4000,18863,0,413937540.000,0,-,-,-,-,4179.4000,4179.2000,4179.0000,4178.6000,4178.2000,4180.2000,4180.4000,4181.4000,4181.8000,4182.0000,1,3,1,10,3,1,4,1,3,1
SF,IF2006,2020-01-21 09:32:48.100,4181.4000,18862,-1,416446020.000,2,0,2,多平,S,4180.0000,4179.2000,4179.0000,4178.6000,4178.2000,4181.8000,4182.0000,4182.2000,4183.2000,4183.4000,1,3,1,10,3,3,1,1,1,1
SF,IF2006,2020-01-21 09:32:48.600,4180.0000,18861,-1,418954080.000,2,0,2,多平,S,4179.0000,4178.6000,4178.2000,4178.0000,4177.8000,4180.0000,4181.0000,4181.4000,4181.6000,4181.8000,1,10,3,2,2,3,1,1,2,3
SF,IF2006,2020-01-21 09:32:49.100,4180.0000,18861,0,418954080.000,0,-,-,-,-,4179.2000,4179.0000,4178.6000,4178.2000,4178.0000,4180.0000,4181.0000,4181.2000,4181.4000,4181.6000,1,3,10,3,2,3,1,1,2,2
SF,IF2006,2020-01-21 09:32:49.600,4180.0000,18861,0,418954080.000,0,-,-,-,-,4179.0000,4178.6000,4178.2000,4178.0000,4177.8000,4180.0000,4181.0000,4181.2000,4181.4000,4181.6000,1,10,3,2,2,3,2,1,2,2
SF,IF2006,2020-01-21 09:32:50.100,4180.0000,18861,0,418954080.000,0,-,-,-,-,4179.2000,4179.0000,4178.6000,4178.2000,4178.0000,4180.0000,4180.6000,4181.0000,4181.4000,4181.6000,1,1,10,3,2,2,1,2,2,2
SF,IF2006,2020-01-21 09:32:50.600,4179.2000,18861,0,420207840.000,1,0,1,多换,S,4179.2000,4179.0000,4178.6000,4178.2000,4178.0000,4179.8000,4180.0000,4180.6000,4181.0000,4181.4000,1,1,10,3,2,1,2,2,2,2
SF,IF2006,2020-01-21 09:32:51.100,4179.8000,18861,0,422715540.000,2,1,1,多换,S,4179.0000,4178.6000,4178.2000,4178.0000,4177.8000,4180.0000,4180.6000,4181.0000,4181.4000,4181.6000,1,10,3,2,2,2,2,2,2,2
SF,IF2006,2020-01-21 09:32:51.600,4179.8000,18861,0,422715540.000,0,-,-,-,-,4180.0000,4179.0000,4178.6000,4178.2000,4178.0000,4180.6000,4181.0000,4181.4000,4181.6000,4181.8000,15,3,10,3,2,2,2,1,2,1
SF,IF2006,2020-01-21 09:32:52.100,4180.0000,18866,5,442779540.000,16,10,6,空开,S,4179.0000,4178.6000,4178.2000,4178.0000,4177.8000,4180.0000,4180.4000,4180.6000,4181.0000,4181.4000,3,10,3,2,2,6,1,4,2,1
SF,IF2006,2020-01-21 09:32:52.600,4180.0000,18866,0,442779540.000,0,-,-,-,-,4179.2000,4179.0000,4178.6000,4178.2000,4178.0000,4180.0000,4180.6000,4181.0000,4181.4000,4181.6000,1,5,10,3,2,5,3,2,1,1
SF,IF2006,2020-01-21 09:32:53.600,4180.0000,18866,0,442779540.000,0,-,-,-,-,4179.2000,4179.0000,4178.6000,4178.2000,4178.0000,4180.0000,4180.6000,4181.0000,4181.4000,4181.6000,1,5,10,3,2,5,3,2,2,1
SF,IF2006,2020-01-21 09:32:54.100,4180.0000,18866,0,442779540.000,0,-,-,-,-,4179.2000,4179.0000,4178.6000,4178.2000,4178.0000,4180.0000,4180.6000,4180.8000,4181.0000,4181.4000,2,5,10,3,2,2,3,1,2,2
SF,IF2006,2020-01-21 09:32:54.600,4179.2000,18865,-1,444033300.000,1,0,1,双平,S,4179.2000,4179.0000,4178.6000,4178.2000,4178.0000,4180.0000,4180.6000,4180.8000,4181.0000,4181.4000,1,5,10,3,2,2,3,1,2,2
SF,IF2006,2020-01-21 09:32:55.100,4179.2000,18865,0,444033300.000,0,-,-,-,-,4179.2000,4179.0000,4178.6000,4178.2000,4178.0000,4180.6000,4180.8000,4181.0000,4181.4000,4181.6000,1,5,10,3,2,3,1,2,2,1
SF,IF2006,2020-01-21 09:32:55.600,4179.2000,18865,0,444033300.000,0,-,-,-,-,4179.4000,4179.2000,4179.0000,4178.6000,4178.2000,4180.6000,4180.8000,4181.0000,4181.4000,4181.6000,2,1,3,10,3,3,1,2,2,1
SF,IF2006,2020-01-21 09:32:56.100,4179.2000,18865,0,444033300.000,0,-,-,-,-,4179.4000,4179.2000,4179.0000,4178.6000,4178.2000,4180.4000,4180.6000,4180.8000,4181.0000,4181.4000,3,1,3,10,3,1,2,1,2,2
SF,IF2006,2020-01-21 09:32:56.600,4179.2000,18865,0,444033300.000,0,-,-,-,-,4179.6000,4179.4000,4179.2000,4179.0000,4178.6000,4180.4000,4180.8000,4181.0000,4181.4000,4181.6000,2,3,1,3,10,1,1,1,3,1
SF,IF2006,2020-01-21 09:32:57.100,4179.2000,18865,0,444033300.000,0,-,-,-,-,4179.6000,4179.4000,4179.2000,4179.0000,4178.6000,4180.8000,4181.0000,4181.4000,4181.6000,4181.8000,2,3,1,3,10,1,1,3,1,1
SF,IF2006,2020-01-21 09:32:57.600,4179.2000,18865,0,444033300.000,0,-,-,-,-,4179.8000,4179.4000,4179.2000,4179.0000,4178.6000,4181.4000,4181.6000,4181.8000,4182.0000,4182.2000,2,3,1,1,10,3,1,1,1,1
SF,IF2006,2020-01-21 09:32:58.100,4179.2000,18865,0,444033300.000,0,-,-,-,-,4180.0000,4179.8000,4179.4000,4179.2000,4179.0000,4181.2000,4181.4000,4181.6000,4181.8000,4182.0000,1,2,1,1,1,3,2,1,1,1
SF,IF2006,2020-01-21 09:32:58.600,4179.2000,18865,0,444033300.000,0,-,-,-,-,4180.0000,4179.4000,4179.2000,4179.0000,4178.6000,4181.0000,4181.2000,4181.4000,4181.6000,4181.8000,1,1,1,1,10,1,3,2,1,1
SF,IF2006,2020-01-21 09:32:59.100,4179.2000,18865,0,444033300.000,0,-,-,-,-,4179.4000,4179.2000,4179.0000,4178.6000,4178.2000,4180.0000,4180.8000,4181.0000,4181.2000,4181.4000,1,1,1,10,3,5,3,1,1,2
SF,IF2006,2020-01-21 09:32:59.600,4180.0000,18861,-4,449049300.000,4,0,4,双平,S,4179.4000,4179.2000,4179.0000,4178.6000,4178.2000,4180.0000,4180.8000,4181.0000,4181.2000,4181.4000,3,1,2,10,3,1,3,1,1,2
SF,IF2006,2020-01-21 09:33:00.100,4180.0000,18861,0,450303300.000,1,0,1,多换,S,4179.4000,4179.2000,4179.0000,4178.6000,4178.2000,4180.8000,4181.0000,4181.2000,4181.4000,4181.6000,3,1,1,10,3,3,1,1,2,1
SF,IF2006,2020-01-21 09:33:00.600,4180.0000,18861,0,450303300.000,0,-,-,-,-,4179.4000,4179.2000,4179.0000,4178.6000,4178.2000,4180.8000,4181.2000,4181.4000,4181.6000,4181.8000,3,1,1,10,3,2,1,2,1,1
SF,IF2006,2020-01-21 09:33:01.100,4180.0000,18861,0,450303300.000,0,-,-,-,-,4179.8000,4179.4000,4179.0000,4178.6000,4178.2000,4180.6000,4180.8000,4181.2000,4181.4000,4181.6000,1,1,1,10,3,2,2,1,2,1
SF,IF2006,2020-01-21 09:33:01.600,4179.8000,18860,-1,451557240.000,1,0,1,双平,S,4179.0000,4178.6000,4178.2000,4178.0000,4177.8000,4179.8000,4180.6000,4180.8000,4181.2000,4181.4000,1,10,3,2,2,3,3,2,1,2
SF,IF2006,2020-01-21 09:33:02.100,4179.8000,18860,0,451557240.000,0,-,-,-,-,4179.0000,4178.6000,4178.2000,4178.0000,4177.8000,4180.6000,4180.8000,4181.2000,4181.4000,4181.6000,1,10,3,2,2,2,2,1,2,1
SF,IF2006,2020-01-21 09:33:02.600,4179.8000,18860,0,451557240.000,0,-,-,-,-,4179.0000,4178.6000,4178.2000,4178.0000,4177.8000,4180.4000,4180.6000,4181.2000,4181.4000,4181.6000,1,10,3,2,2,4,2,1,2,1
SF,IF2006,2020-01-21 09:33:03.100,4179.8000,18860,0,451557240.000,0,-,-,-,-,4179.0000,4178.6000,4178.2000,4178.0000,4177.8000,4180.0000,4180.2000,4180.4000,4180.6000,4181.2000,1,10,3,2,2,1,1,3,2,1
SF,IF2006,2020-01-21 09:33:03.600,4179.8000,18860,0,451557240.000,0,-,-,-,-,4179.0000,4178.6000,4178.2000,4178.0000,4177.8000,4179.8000,4180.0000,4180.2000,4180.4000,4180.6000,1,10,3,2,2,2,2,1,1,1
SF,IF2006,2020-01-21 09:33:04.100,4179.8000,18859,-1,452811180.000,1,0,1,双平,S,4179.0000,4178.6000,4178.2000,4178.0000,4177.8000,4179.8000,4180.0000,4180.2000,4180.4000,4180.6000,1,10,3,2,2,1,1,1,1,1
SF,IF2006,2020-01-21 09:33:04.600,4179.8000,18859,0,452811180.000,0,-,-,-,-,4179.0000,4178.6000,4178.2000,4178.0000,4177.8000,4179.8000,4180.0000,4180.2000,4180.6000,4181.2000,1,10,3,2,2,1,1,1,1,1
SF,IF2006,2020-01-21 09:33:05.100,4179.8000,18859,0,452811180.000,0,-,-,-,-,4179.0000,4178.6000,4178.2000,4178.0000,4177.8000,4179.8000,4180.2000,4180.6000,4181.2000,4181.4000,1,10,3,2,2,1,1,1,1,2
SF,IF2006,2020-01-21 09:33:05.600,4179.8000,18859,0,452811180.000,0,-,-,-,-,4179.0000,4178.6000,4178.2000,4178.0000,4177.8000,4180.2000,4180.6000,4181.2000,4181.4000,4181.6000,1,10,3,2,2,1,1,1,2,1
SF,IF2006,2020-01-21 09:33:06.100,4179.8000,18859,0,452811180.000,0,-,-,-,-,4179.0000,4178.6000,4178.2000,4178.0000,4177.8000,4180.0000,4180.2000,4180.6000,4181.2000,4181.4000,1,10,3,2,2,4,1,1,1,2
SF,IF2006,2020-01-21 09:33:06.600,4179.0000,18859,0,454064880.000,1,0,1,多换,S,4178.6000,4178.2000,4178.0000,4177.8000,4176.0000,4179.0000,4180.0000,4180.2000,4180.6000,4181.2000,10,3,2,2,1,5,3,1,1,1
SF,IF2006,2020-01-21 09:33:07.100,4179.0000,18855,-4,461587080.000,6,1,5,多平,S,4178.6000,4178.2000,4178.0000,4177.8000,4176.0000,4180.0000,4180.2000,4180.6000,4181.2000,4181.4000,12,3,2,2,1,2,1,1,1,2
SF,IF2006,2020-01-21 09:33:07.600,4179.0000,18855,0,461587080.000,0,-,-,-,-,4178.8000,4178.6000,4178.2000,4178.0000,4177.8000,4180.0000,4180.6000,4181.2000,4181.4000,4181.8000,1,12,3,2,2,2,1,1,2,1
SF,IF2006,2020-01-21 09:33:08.100,4179.0000,18855,0,461587080.000,0,-,-,-,-,4178.8000,4178.6000,4178.2000,4178.0000,4177.8000,4179.8000,4180.0000,4180.6000,4181.2000,4181.4000,1,12,3,2,2,1,2,1,1,2
SF,IF2006,2020-01-21 09:33:08.600,4179.0000,18855,0,461587080.000,0,-,-,-,-,4178.6000,4178.2000,4178.0000,4177.8000,4176.0000,4179.8000,4180.0000,4180.6000,4181.2000,4181.4000,2,3,2,2,1,1,2,1,1,2
SF,IF2006,2020-01-21 09:33:09.100,4179.0000,18855,0,461587080.000,0,-,-,-,-,4178.8000,4178.6000,4178.2000,4178.0000,4177.8000,4180.0000,4180.6000,4181.2000,4181.4000,4181.8000,1,2,3,2,2,2,1,1,2,1
SF,IF2006,2020-01-21 09:33:09.600,4179.0000,18855,0,461587080.000,0,-,-,-,-,4178.8000,4178.6000,4178.2000,4178.0000,4177.8000,4180.0000,4180.6000,4181.2000,4181.4000,4181.8000,1,2,3,2,2,2,1,1,2,1
SF,IF2006,2020-01-21 09:33:10.100,4179.0000,18855,0,461587080.000,0,-,-,-,-,4178.6000,4178.2000,4178.0000,4177.8000,4176.0000,4179.8000,4180.0000,4180.6000,4181.2000,4181.4000,2,3,2,2,1,1,2,1,1,2
SF,IF2006,2020-01-21 09:33:11.100,4179.0000,18855,0,461587080.000,0,-,-,-,-,4178.6000,4178.2000,4178.0000,4177.8000,4176.0000,4179.6000,4179.8000,4180.0000,4180.6000,4181.2000,2,3,2,2,1,1,1,2,1,1
SF,IF2006,2020-01-21 09:33:11.600,4179.6000,18854,-1,462840960.000,1,0,1,双平,S,4178.2000,4178.0000,4177.8000,4176.0000,4175.2000,4179.6000,4179.8000,4180.6000,4181.2000,4181.4000,3,2,2,1,3,3,1,1,2,2
SF,IF2006,2020-01-21 09:33:12.100,4179.6000,18854,0,462840960.000,0,-,-,-,-,4178.4000,4178.2000,4178.0000,4177.8000,4176.0000,4179.6000,4180.6000,4181.2000,4181.4000,4181.8000,2,3,2,2,1,3,1,2,2,1
SF,IF2006,2020-01-21 09:33:12.600,4179.6000,18854,0,462840960.000,0,-,-,-,-,4178.4000,4178.2000,4178.0000,4177.8000,4176.0000,4179.6000,4180.6000,4181.2000,4181.4000,4181.8000,2,3,2,2,1,1,1,2,1,1
SF,IF2006,2020-01-21 09:33:13.100,4179.6000,18854,0,462840960.000,0,-,-,-,-,4178.4000,4178.2000,4178.0000,4177.8000,4176.0000,4180.6000,4181.2000,4181.4000,4181.8000,4182.0000,2,3,2,2,1,1,2,1,1,1
SF,IF2006,2020-01-21 09:33:13.600,4179.6000,18854,0,462840960.000,0,-,-,-,-,4178.6000,4178.4000,4178.2000,4178.0000,4177.8000,4180.4000,4180.6000,4181.2000,4181.4000,4181.8000,1,2,3,2,2,5,1,2,1,1
SF,IF2006,2020-01-21 09:33:14.100,4179.6000,18854,0,462840960.000,0,-,-,-,-,4178.6000,4178.4000,4178.2000,4178.0000,4177.8000,4179.4000,4179.8000,4180.2000,4180.4000,4180.6000,1,2,3,2,2,1,1,1,4,1
SF,IF2006,2020-01-21 09:33:14.600,4179.6000,18854,0,462840960.000,0,-,-,-,-,4178.2000,4178.0000,4177.8000,4177.0000,4176.0000,4179.4000,4179.6000,4179.8000,4180.2000,4180.4000,3,2,2,1,1,4,1,1,1,2
SF,IF2006,2020-01-21 09:33:15.100,4179.6000,18854,0,462840960.000,0,-,-,-,-,4178.2000,4178.0000,4177.8000,4177.0000,4176.0000,4179.2000,4179.4000,4179.8000,4180.2000,4180.4000,3,2,2,1,1,1,3,1,1,2
SF,IF2006,2020-01-21 09:33:15.600,4179.6000,18854,0,462840960.000,0,-,-,-,-,4178.2000,4178.0000,4177.8000,4177.0000,4176.0000,4179.2000,4179.4000,4179.8000,4180.2000,4180.4000,5,2,2,1,1,2,3,1,1,2
SF,IF2006,2020-01-21 09:33:16.100,4179.6000,18854,0,462840960.000,0,-,-,-,-,4178.2000,4178.0000,4177.8000,4177.0000,4176.0000,4179.0000,4179.2000,4179.4000,4179.8000,4180.2000,5,2,2,1,1,1,2,3,1,1
SF,IF2006,2020-01-21 09:33:16.600,4179.6000,18854,0,462840960.000,0,-,-,-,-,4178.2000,4178.0000,4177.8000,4177.0000,4176.0000,4179.0000,4179.2000,4179.4000,4179.8000,4180.2000,5,2,2,1,1,2,2,3,1,1
SF,IF2006,2020-01-21 09:33:17.100,4178.2000,18851,-3,466601340.000,3,0,3,双平,S,4178.0000,4177.8000,4177.0000,4176.0000,4175.2000,4179.0000,4179.2000,4179.4000,4179.8000,4180.2000,2,2,1,1,3,4,2,1,1,1
SF,IF2006,2020-01-21 09:33:17.600,4178.0000,18850,-1,467854740.000,1,0,1,双平,S,4178.0000,4177.8000,4177.0000,4176.0000,4175.2000,4178.2000,4178.8000,4179.0000,4179.2000,4179.4000,1,2,1,1,3,1,1,4,2,1
SF,IF2006,2020-01-21 09:33:18.100,4177.8000,18848,-2,470361480.000,2,0,2,双平,S,4177.8000,4177.0000,4176.0000,4175.2000,4175.0000,4178.2000,4178.8000,4179.0000,4179.2000,4179.4000,1,1,1,3,1,1,1,3,2,1
SF,IF2006,2020-01-21 09:33:18.600,4177.8000,18848,0,471614820.000,1,0,1,多换,S,4177.0000,4176.0000,4175.2000,4175.0000,4174.0000,4178.2000,4178.8000,4179.0000,4179.2000,4179.4000,1,1,3,1,1,1,1,3,2,1
SF,IF2006,2020-01-21 09:33:19.100,4177.8000,18848,0,471614820.000,0,-,-,-,-,4177.2000,4177.0000,4176.0000,4175.2000,4175.0000,4177.6000,4178.2000,4178.8000,4179.0000,4179.2000,4,1,1,3,1,1,1,1,3,2
SF,IF2006,2020-01-21 09:33:19.600,4178.8000,18847,-1,475375200.000,3,1,2,多平,S,4177.2000,4177.0000,4176.0000,4175.2000,4175.0000,4179.0000,4179.2000,4179.8000,4180.2000,4180.4000,4,1,1,3,1,3,2,1,1,1
SF,IF2006,2020-01-21 09:33:20.100,4178.8000,18847,0,475375200.000,0,-,-,-,-,4177.4000,4177.2000,4177.0000,4176.0000,4175.2000,4179.0000,4179.2000,4179.8000,4180.2000,4180.4000,2,2,1,1,3,3,2,1,1,1
SF,IF2006,2020-01-21 09:33:20.600,4178.8000,18847,0,475375200.000,0,-,-,-,-,4177.6000,4177.4000,4177.2000,4177.0000,4176.0000,4178.8000,4179.0000,4179.2000,4179.8000,4180.2000,1,2,2,1,1,1,3,1,1,1
SF,IF2006,2020-01-21 09:33:21.100,4177.2000,18844,-3,479134800.000,3,0,3,双平,S,4177.0000,4176.0000,4175.2000,4175.0000,4174.0000,4177.2000,4178.6000,4178.8000,4179.0000,4179.2000,1,1,3,1,1,1,1,1,3,1
SF,IF2006,2020-01-21 09:33:21.600,4177.2000,18843,-1,480387960.000,1,0,1,双平,S,4177.2000,4177.0000,4176.0000,4175.2000,4175.0000,4178.6000,4178.8000,4179.0000,4179.8000,4180.2000,2,1,1,3,1,1,1,3,1,1
SF,IF2006,2020-01-21 09:33:22.100,4177.2000,18843,0,480387960.000,0,-,-,-,-,4177.2000,4177.0000,4176.0000,4175.2000,4175.0000,4178.4000,4178.6000,4178.8000,4179.0000,4179.2000,1,1,1,3,1,4,1,1,1,1
SF,IF2006,2020-01-21 09:33:22.600,4177.2000,18843,0,480387960.000,0,-,-,-,-,4177.4000,4177.2000,4177.0000,4176.0000,4175.2000,4178.2000,4178.4000,4178.6000,4178.8000,4179.2000,2,1,1,1,3,1,3,1,1,1
SF,IF2006,2020-01-21 09:33:23.100,4177.2000,18843,0,480387960.000,0,-,-,-,-,4177.2000,4177.0000,4176.0000,4175.2000,4175.0000,4178.4000,4178.6000,4178.8000,4179.2000,4180.2000,1,1,1,3,1,3,1,1,1,2
SF,IF2006,2020-01-21 09:33:23.600,4177.2000,18843,0,480387960.000,0,-,-,-,-,4177.6000,4177.4000,4177.2000,4177.0000,4176.0000,4179.8000,4180.2000,4180.4000,4180.6000,4181.2000,1,4,1,1,1,1,2,1,1,2
SF,IF2006,2020-01-21 09:33:24.100,4177.2000,18843,0,480387960.000,0,-,-,-,-,4177.8000,4177.6000,4177.2000,4177.0000,4176.0000,4179.6000,4179.8000,4180.2000,4180.4000,4180.6000,3,2,1,1,1,3,1,2,2,1
SF,IF2006,2020-01-21 09:33:24.600,4177.2000,18843,0,480387960.000,0,-,-,-,-,4178.2000,4178.0000,4177.8000,4177.6000,4177.2000,4179.6000,4180.2000,4180.4000,4180.6000,4181.2000,2,2,3,2,1,2,2,1,1,2
SF,IF2006,2020-01-21 09:33:25.100,4177.2000,18843,0,480387960.000,0,-,-,-,-,4178.6000,4178.4000,4178.0000,4177.8000,4177.6000,4180.2000,4180.4000,4180.6000,4181.2000,4181.8000,2,2,4,1,1,2,1,1,2,1
SF,IF2006,2020-01-21 09:33:25.600,4177.2000,18843,0,480387960.000,0,-,-,-,-,4178.8000,4178.0000,4177.8000,4177.4000,4177.2000,4180.0000,4180.2000,4180.6000,4181.2000,4181.8000,4,5,1,1,1,2,2,1,2,1
SF,IF2006,2020-01-21 09:33:26.100,4177.2000,18843,0,480387960.000,0,-,-,-,-,4178.8000,4178.0000,4177.8000,4177.4000,4177.0000,4180.0000,4180.2000,4180.6000,4181.2000,4181.8000,2,5,1,1,1,2,2,1,2,1
SF,IF2006,2020-01-21 09:33:26.600,4177.2000,18843,0,480387960.000,0,-,-,-,-,4178.8000,4178.0000,4177.8000,4177.4000,4177.0000,4180.0000,4180.2000,4180.6000,4181.2000,4181.8000,2,3,1,1,1,2,2,1,2,1
SF,IF2006,2020-01-21 09:33:27.100,4177.2000,18843,0,480387960.000,0,-,-,-,-,4178.0000,4177.8000,4177.4000,4177.0000,4176.0000,4180.0000,4180.2000,4180.6000,4181.2000,4181.8000,3,1,1,1,1,2,2,1,2,1
SF,IF2006,2020-01-21 09:33:27.600,4179.8000,18842,-1,481641900.000,1,0,1,双平,S,4178.2000,4178.0000,4177.4000,4177.0000,4176.0000,4180.0000,4180.2000,4180.6000,4181.2000,4181.8000,6,2,1,1,1,2,2,1,2,1
SF,IF2006,2020-01-21 09:33:28.100,4179.8000,18842,0,481641900.000,0,-,-,-,-,4178.2000,4178.0000,4177.0000,4176.8000,4176.0000,4179.8000,4180.0000,4180.2000,4180.6000,4181.2000,6,2,1,2,1,2,2,2,1,2
SF,IF2006,2020-01-21 09:33:28.600,4179.8000,18842,0,481641900.000,0,-,-,-,-,4178.4000,4178.2000,4178.0000,4177.0000,4176.8000,4179.8000,4180.0000,4180.2000,4180.6000,4181.2000,2,5,2,1,2,3,2,2,1,2
SF,IF2006,2020-01-21 09:33:29.100,4179.8000,18842,0,481641900.000,0,-,-,-,-,4178.6000,4178.4000,4178.2000,4178.0000,4177.0000,4179.8000,4180.0000,4180.2000,4180.6000,4181.2000,2,2,5,2,1,3,2,2,1,2
SF,IF2006,2020-01-21 09:33:29.600,4179.8000,18842,0,481641900.000,0,-,-,-,-,4178.6000,4178.4000,4178.2000,4178.0000,4177.0000,4179.8000,4180.0000,4180.2000,4180.6000,4181.2000,4,2,3,2,1,2,2,2,1,2
SF,IF2006,2020-01-21 09:33:30.600,4179.8000,18842,0,481641900.000,0,-,-,-,-,4178.6000,4178.2000,4178.0000,4177.0000,4176.8000,4179.8000,4180.0000,4180.2000,4180.6000,4181.2000,4,3,2,1,2,2,2,2,1,2
SF,IF2006,2020-01-21 09:33:31.100,4179.8000,18842,0,481641900.000,0,-,-,-,-,4178.2000,4178.0000,4177.0000,4176.8000,4176.0000,4178.6000,4179.6000,4179.8000,4180.2000,4180.6000,1,2,1,2,1,4,3,2,2,1
SF,IF2006,2020-01-21 09:33:31.600,4178.6000,18838,-4,486656220.000,4,0,4,双平,S,4178.8000,4178.2000,4178.0000,4177.0000,4176.8000,4179.6000,4179.8000,4180.2000,4180.6000,4181.2000,2,2,2,1,2,1,2,2,1,2
SF,IF2006,2020-01-21 09:33:32.100,4178.8000,18836,-2,489163500.000,2,0,2,双平,S,4178.2000,4178.0000,4177.0000,4176.8000,4176.0000,4179.6000,4179.8000,4180.2000,4180.6000,4181.2000,2,2,1,2,1,4,2,2,1,2
SF,IF2006,2020-01-21 09:33:32.600,4178.8000,18836,0,489163500.000,0,-,-,-,-,4178.6000,4178.2000,4178.0000,4177.0000,4176.8000,4179.6000,4179.8000,4180.2000,4180.6000,4181.2000,1,2,2,1,2,4,2,2,1,2
SF,IF2006,2020-01-21 09:33:33.100,4178.8000,18836,0,489163500.000,0,-,-,-,-,4178.0000,4177.0000,4176.8000,4176.0000,4175.2000,4178.2000,4178.6000,4179.4000,4179.6000,4179.8000,2,1,2,1,3,1,13,4,3,2
SF,IF2006,2020-01-21 09:33:33.600,4178.2000,18835,-1,490416960.000,1,0,1,双平,S,4178.0000,4177.0000,4176.8000,4176.0000,4175.2000,4178.2000,4178.6000,4179.4000,4179.6000,4179.8000,2,1,2,1,3,6,12,3,3,2
SF,IF2006,2020-01-21 09:33:34.100,4178.2000,18832,-3,494177340.000,3,0,3,双平,S,4178.0000,4177.6000,4177.0000,4176.8000,4176.0000,4178.2000,4178.6000,4179.4000,4179.6000,4179.8000,2,1,1,2,1,3,1,1,3,2
SF,IF2006,2020-01-21 09:33:34.600,4178.2000,18830,-2,497937720.000,3,0,3,多平,S,4178.0000,4177.6000,4177.0000,4176.8000,4176.0000,4178.6000,4179.4000,4179.6000,4179.8000,4180.2000,2,1,1,2,1,1,1,3,2,2
SF,IF2006,2020-01-21 09:33:35.100,4178.6000,18830,0,499191300.000,1,0,1,多换,S,4178.0000,4177.6000,4177.0000,4176.8000,4176.0000,4179.4000,4179.6000,4179.8000,4180.2000,4180.6000,4,1,1,2,1,1,3,2,2,1
SF,IF2006,2020-01-21 09:33:35.600,4178.6000,18830,0,499191300.000,0,-,-,-,-,4178.0000,4177.6000,4177.0000,4176.8000,4176.0000,4179.2000,4179.4000,4179.6000,4179.8000,4180.2000,4,1,1,2,1,4,1,1,2,2
SF,IF2006,2020-01-21 09:33:36.100,4179.2000,18830,0,500445060.000,1,0,1,多换,S,4178.0000,4177.6000,4177.0000,4176.8000,4176.0000,4179.2000,4179.4000,4179.6000,4179.8000,4180.2000,2,1,1,2,1,3,1,1,2,2
SF,IF2006,2020-01-21 09:33:36.600,4178.0000,18830,0,502951860.000,2,1,1,多换,S,4177.6000,4177.0000,4176.8000,4176.0000,4175.2000,4179.2000,4179.4000,4179.6000,4179.8000,4180.2000,1,1,2,1,3,3,1,1,2,2
SF,IF2006,2020-01-21 09:33:37.100,4178.0000,18830,0,502951860.000,0,-,-,-,-,4177.6000,4177.0000,4176.0000,4175.2000,4175.0000,4179.2000,4179.4000,4179.6000,4179.8000,4180.2000,3,1,1,3,1,2,1,1,2,2
SF,IF2006,2020-01-21 09:33:37.600,4178.0000,18830,0,502951860.000,0,-,-,-,-,4177.6000,4177.0000,4176.0000,4175.2000,4175.0000,4179.0000,4179.2000,4179.4000,4179.6000,4179.8000,3,1,1,3,1,4,2,1,1,2
SF,IF2006,2020-01-21 09:33:38.100,4178.0000,18830,0,502951860.000,0,-,-,-,-,4177.6000,4177.0000,4176.4000,4176.0000,4175.2000,4179.0000,4179.2000,4179.4000,4179.6000,4179.8000,3,1,2,1,3,4,2,1,1,2
SF,IF2006,2020-01-21 09:33:38.600,4178.0000,18830,0,502951860.000,0,-,-,-,-,4178.0000,4177.6000,4177.0000,4176.4000,4176.0000,4179.0000,4179.2000,4179.4000,4179.6000,4179.8000,1,3,1,2,1,2,2,1,1,2
SF,IF2006,2020-01-21 09:33:39.100,4178.0000,18830,0,502951860.000,0,-,-,-,-,4178.0000,4177.6000,4177.0000,4176.4000,4176.0000,4179.0000,4179.2000,4179.4000,4179.6000,4179.8000,3,1,1,2,1,2,2,1,1,2
SF,IF2006,2020-01-21 09:33:39.600,4178.0000,18830,0,502951860.000,0,-,-,-,-,4178.0000,4177.6000,4177.0000,4176.4000,4176.0000,4179.2000,4179.4000,4179.6000,4179.8000,4180.2000,1,1,1,2,1,2,1,1,2,2
SF,IF2006,2020-01-21 09:33:40.100,4177.6000,18830,0,504205140.000,1,0,1,多换,S,4177.0000,4176.4000,4176.0000,4175.2000,4175.0000,4178.0000,4179.0000,4179.2000,4179.4000,4179.6000,1,2,1,3,1,1,1,2,1,1
SF,IF2006,2020-01-21 09:33:40.600,4178.0000,18829,-1,505458540.000,1,0,1,双平,S,4178.0000,4177.2000,4177.0000,4176.8000,4176.4000,4179.0000,4179.2000,4179.4000,4179.6000,4179.8000,1,4,1,1,2,1,2,1,1,2
SF,IF2006,2020-01-21 09:33:41.100,4178.0000,18829,0,505458540.000,0,-,-,-,-,4178.0000,4177.2000,4177.0000,4176.8000,4176.4000,4179.0000,4179.2000,4179.4000,4179.6000,4179.8000,1,2,1,1,2,1,2,1,1,2
SF,IF2006,2020-01-21 09:33:41.600,4178.0000,18829,0,505458540.000,0,-,-,-,-,4178.2000,4178.0000,4177.0000,4176.8000,4176.4000,4179.0000,4179.2000,4179.4000,4179.6000,4179.8000,1,3,1,1,2,1,2,1,1,2
SF,IF2006,2020-01-21 09:33:42.600,4178.0000,18829,0,505458540.000,0,-,-,-,-,4178.4000,4178.0000,4177.0000,4176.8000,4176.4000,4179.2000,4179.4000,4179.6000,4179.8000,4180.2000,1,2,1,1,2,2,1,1,2,2
SF,IF2006,2020-01-21 09:33:43.600,4178.0000,18829,0,505458540.000,0,-,-,-,-,4178.4000,4178.0000,4177.0000,4176.8000,4176.4000,4179.2000,4179.4000,4179.8000,4180.2000,4180.6000,1,2,1,1,2,2,1,2,2,1
SF,IF2006,2020-01-21 09:33:44.600,4178.4000,18828,-1,506712060.000,1,0,1,双平,S,4178.0000,4177.0000,4176.8000,4176.4000,4176.0000,4178.4000,4179.2000,4179.4000,4179.8000,4180.2000,2,1,1,2,1,1,2,1,2,2
SF,IF2006,2020-01-21 09:33:45.100,4178.4000,18827,-1,507965580.000,1,0,1,双平,S,4177.0000,4176.8000,4176.4000,4176.0000,4175.2000,4179.2000,4179.4000,4179.8000,4180.2000,4180.6000,1,1,2,1,3,2,1,2,2,1
SF,IF2006,2020-01-21 09:33:45.600,4178.4000,18827,0,507965580.000,0,-,-,-,-,4177.4000,4177.2000,4177.0000,4176.8000,4176.4000,4179.2000,4179.4000,4179.8000,4180.2000,4180.6000,1,3,1,1,2,2,1,2,2,1
SF,IF2006,2020-01-21 09:33:46.100,4178.4000,18827,0,507965580.000,0,-,-,-,-,4177.6000,4177.2000,4177.0000,4176.8000,4176.4000,4179.0000,4179.2000,4179.4000,4179.8000,4180.2000,2,1,1,1,2,1,2,1,2,2
SF,IF2006,2020-01-21 09:33:46.600,4178.4000,18827,0,507965580.000,0,-,-,-,-,4178.0000,4177.8000,4177.6000,4177.2000,4177.0000,4178.8000,4179.0000,4179.4000,4179.8000,4180.2000,1,1,2,1,1,2,1,1,2,2
SF,IF2006,2020-01-21 09:33:47.100,4178.4000,18827,0,507965580.000,0,-,-,-,-,4178.0000,4177.8000,4177.6000,4177.2000,4177.0000,4178.8000,4179.0000,4179.4000,4179.8000,4180.2000,1,1,2,1,1,3,1,1,2,2
SF,IF2006,2020-01-21 09:33:47.600,4179.0000,18828,1,510472920.000,2,1,1,空开,S,4178.0000,4177.8000,4177.2000,4177.0000,4176.8000,4179.4000,4179.8000,4180.2000,4180.6000,4181.2000,3,1,1,1,1,1,1,2,1,2
SF,IF2006,2020-01-21 09:33:48.100,4178.0000,18826,-2,512979840.000,2,0,2,双平,S,4178.0000,4177.8000,4177.2000,4177.0000,4176.8000,4179.4000,4179.8000,4180.2000,4180.6000,4181.2000,2,1,1,1,1,3,1,2,1,2
SF,IF2006,2020-01-21 09:33:48.600,4178.0000,18826,0,512979840.000,0,-,-,-,-,4178.4000,4178.2000,4178.0000,4177.8000,4177.2000,4179.4000,4179.8000,4180.2000,4180.6000,4181.2000,1,1,2,1,1,3,1,2,1,2
SF,IF2006,2020-01-21 09:33:49.100,4178.0000,18826,0,512979840.000,0,-,-,-,-,4178.6000,4178.4000,4178.2000,4177.8000,4177.2000,4179.4000,4179.8000,4180.2000,4180.6000,4181.2000,1,2,2,1,1,1,1,2,1,2
SF,IF2006,2020-01-21 09:33:49.600,4178.0000,18826,0,512979840.000,0,-,-,-,-,4178.4000,4178.2000,4177.8000,4177.2000,4177.0000,4179.4000,4179.8000,4180.2000,4180.6000,4181.2000,2,2,1,1,1,1,1,2,1,2
SF,IF2006,2020-01-21 09:33:50.100,4178.6000,18825,-1,515487240.000,2,0,2,多平,S,4178.4000,4178.2000,4177.8000,4177.2000,4177.0000,4179.8000,4180.2000,4180.6000,4181.2000,4181.8000,2,2,1,1,1,1,2,1,2,1
SF,IF2006,2020-01-21 09:33:50.600,4178.6000,18825,0,515487240.000,0,-,-,-,-,4178.4000,4178.2000,4177.8000,4177.2000,4177.0000,4179.8000,4180.2000,4180.6000,4181.2000,4181.8000,2,2,1,1,1,1,2,1,2,1
SF,IF2006,2020-01-21 09:33:51.100,4178.6000,18825,0,515487240.000,0,-,-,-,-,4178.6000,4178.4000,4178.2000,4177.8000,4177.2000,4179.8000,4180.2000,4180.6000,4181.2000,4181.8000,1,2,1,1,1,1,2,1,2,1
SF,IF2006,2020-01-21 09:33:51.600,4178.6000,18825,0,515487240.000,0,-,-,-,-,4179.4000,4178.6000,4178.4000,4178.2000,4177.8000,4179.8000,4180.2000,4180.6000,4181.2000,4181.8000,1,1,2,1,1,3,2,1,2,1
SF,IF2006,2020-01-21 09:33:52.100,4179.4000,18825,0,516741060.000,1,0,1,多换,S,4178.6000,4178.4000,4178.2000,4177.2000,4177.0000,4179.0000,4179.4000,4179.8000,4180.2000,4180.6000,1,2,1,1,1,1,1,3,2,1
SF,IF2006,2020-01-21 09:33:52.600,4178.8000,18822,-3,521755860.000,4,0,4,多平,S,4179.0000,4178.6000,4178.4000,4178.2000,4177.2000,4179.8000,4180.2000,4180.6000,4181.2000,4181.8000,1,1,2,1,1,1,2,1,2,1
SF,IF2006,2020-01-21 09:33:53.100,4178.8000,18822,0,521755860.000,0,-,-,-,-,4179.0000,4178.4000,4178.2000,4177.2000,4177.0000,4179.8000,4180.2000,4180.6000,4181.2000,4181.8000,1,2,1,1,1,5,1,1,2,1
SF,IF2006,2020-01-21 09:33:53.600,4178.8000,18822,0,521755860.000,0,-,-,-,-,4179.0000,4178.4000,4178.2000,4177.2000,4177.0000,4179.8000,4180.2000,4180.6000,4181.2000,4181.8000,3,2,1,1,1,3,1,1,2,1
SF,IF2006,2020-01-21 09:33:54.100,4178.8000,18822,0,521755860.000,0,-,-,-,-,4179.0000,4178.4000,4178.2000,4177.2000,4177.0000,4179.8000,4180.2000,4180.6000,4181.2000,4181.8000,3,2,1,1,1,3,1,1,2,1
SF,IF2006,2020-01-21 09:33:54.600,4178.8000,18822,0,521755860.000,0,-,-,-,-,4179.4000,4179.0000,4178.4000,4178.2000,4177.2000,4179.8000,4180.2000,4180.6000,4181.2000,4181.8000,1,2,2,1,1,2,1,1,2,1
SF,IF2006,2020-01-21 09:33:55.600,4179.0000,18821,-1,525517080.000,3,1,2,多平,S,4178.4000,4178.2000,4177.2000,4177.0000,4176.8000,4179.8000,4180.2000,4180.6000,4181.2000,4181.8000,2,1,1,1,1,2,1,1,2,1
SF,IF2006,2020-01-21 09:33:56.100,4179.0000,18821,0,525517080.000,0,-,-,-,-,4178.2000,4177.2000,4177.0000,4176.8000,4176.2000,4179.4000,4179.6000,4179.8000,4180.2000,4180.6000,1,1,1,1,3,1,4,2,1,1
SF,IF2006,2020-01-21 09:33:56.600,4179.2000,18821,0,528024600.000,2,1,1,多换,S,4178.2000,4177.2000,4177.0000,4176.8000,4176.2000,4179.6000,4179.8000,4180.2000,4180.6000,4181.2000,1,1,1,1,3,2,2,1,1,2
SF,IF2006,2020-01-21 09:33:57.100,4179.2000,18821,0,528024600.000,0,-,-,-,-,4178.4000,4178.2000,4177.2000,4177.0000,4176.8000,4179.4000,4179.6000,4179.8000,4180.2000,4180.6000,2,1,1,1,1,1,2,2,1,1
SF,IF2006,2020-01-21 09:33:57.600,4179.2000,18821,0,528024600.000,0,-,-,-,-,4178.4000,4178.2000,4177.2000,4177.0000,4176.8000,4180.2000,4180.6000,4181.2000,4181.8000,4182.0000,2,1,1,1,1,1,1,2,1,2
SF,IF2006,2020-01-21 09:33:58.100,4179.2000,18821,0,528024600.000,0,-,-,-,-,4178.4000,4178.2000,4177.2000,4177.0000,4176.8000,4179.8000,4180.0000,4180.2000,4180.6000,4181.2000,2,1,1,1,1,1,3,1,1,2
SF,IF2006,2020-01-21 09:33:58.600,4179.2000,18821,0,528024600.000,0,-,-,-,-,4179.6000,4178.4000,4178.2000,4177.2000,4177.0000,4179.8000,4180.0000,4180.2000,4180.6000,4181.2000,1,2,1,1,1,1,3,1,1,2
SF,IF2006,2020-01-21 09:33:59.100,4179.6000,18820,-1,529278480.000,1,0,1,双平,S,4178.4000,4178.2000,4177.2000,4177.0000,4176.8000,4179.6000,4179.8000,4180.0000,4180.2000,4180.6000,2,1,1,1,1,2,1,3,1,1
SF,IF2006,2020-01-21 09:33:59.600,4179.6000,18820,0,529278480.000,0,-,-,-,-,4178.4000,4178.2000,4177.2000,4177.0000,4176.8000,4179.6000,4180.2000,4180.6000,4181.2000,4181.8000,2,1,1,1,1,2,1,1,2,1
SF,IF2006,2020-01-21 09:34:00.100,4178.6000,18818,-2,531785640.000,2,0,2,双平,S,4178.4000,4178.2000,4177.2000,4177.0000,4176.8000,4179.4000,4179.6000,4180.2000,4180.6000,4181.2000,2,1,1,1,1,1,1,1,1,2
SF,IF2006,2020-01-21 09:34:00.600,4178.6000,18818,0,531785640.000,0,-,-,-,-,4178.4000,4178.2000,4177.2000,4177.0000,4176.8000,4179.4000,4179.6000,4180.2000,4180.6000,4181.2000,2,1,1,1,1,1,1,1,1,2
SF,IF2006,2020-01-21 09:34:01.100,4178.6000,18818,0,531785640.000,0,-,-,-,-,4178.4000,4178.0000,4177.2000,4177.0000,4176.8000,4179.4000,4179.6000,4180.2000,4180.6000,4181.2000,2,2,1,1,1,1,1,1,1,2
SF,IF2006,2020-01-21 09:34:01.600,4178.4000,18817,-1,533039160.000,1,0,1,双平,S,4178.4000,4178.0000,4177.2000,4177.0000,4176.8000,4179.2000,4179.4000,4179.6000,4180.2000,4180.6000,1,2,1,1,1,1,1,1,1,1
SF,IF2006,2020-01-21 09:34:02.100,4179.4000,18815,-2,535546740.000,2,0,2,双平,S,4178.0000,4177.2000,4177.0000,4176.8000,4176.2000,4179.6000,4180.2000,4180.6000,4181.2000,4181.8000,2,1,1,1,3,1,1,1,2,1
SF,IF2006,2020-01-21 09:34:02.600,4179.4000,18815,0,535546740.000,0,-,-,-,-,4178.0000,4177.2000,4177.0000,4176.8000,4176.2000,4179.4000,4180.2000,4180.6000,4181.2000,4181.8000,4,1,1,1,3,5,1,1,2,1
SF,IF2006,2020-01-21 09:34:03.100,4178.0000,18815,0,538053540.000,2,1,1,多换,S,4178.2000,4177.2000,4177.0000,4176.8000,4176.2000,4179.2000,4179.4000,4180.2000,4180.6000,4181.2000,1,1,2,1,3,1,5,1,1,2
SF,IF2006,2020-01-21 09:34:03.600,4178.0000,18815,0,538053540.000,0,-,-,-,-,4178.2000,4177.2000,4177.0000,4176.8000,4176.2000,4179.0000,4179.2000,4179.4000,4180.2000,4180.6000,6,1,2,1,3,1,2,4,1,1
SF,IF2006,2020-01-21 09:34:04.100,4178.2000,18815,0,539307000.000,1,0,1,多换,S,4178.2000,4177.2000,4177.0000,4176.8000,4176.2000,4179.0000,4179.2000,4179.4000,4180.2000,4180.6000,5,1,4,1,3,2,2,2,1,1
SF,IF2006,2020-01-21 09:34:05.600,4178.2000,18815,0,541813920.000,2,1,1,多换,S,4178.2000,4177.2000,4177.0000,4176.8000,4176.2000,4179.0000,4179.2000,4179.4000,4180.2000,4180.6000,3,1,4,1,3,2,2,2,1,1
SF,IF2006,2020-01-21 09:34:06.100,4178.2000,18815,0,543067380.000,1,0,1,多换,S,4178.2000,4177.4000,4177.2000,4177.0000,4176.8000,4179.0000,4179.2000,4179.4000,4180.2000,4180.6000,2,1,1,4,1,2,2,2,1,1
SF,IF2006,2020-01-21 09:34:06.600,4178.2000,18816,1,544320840.000,1,1,0,双开,S,4178.2000,4177.4000,4177.2000,4177.0000,4176.8000,4179.0000,4179.2000,4179.4000,4180.2000,4180.6000,1,1,1,4,1,2,2,1,1,1
SF,IF2006,2020-01-21 09:34:07.100,4178.2000,18816,0,544320840.000,0,-,-,-,-,4178.2000,4178.0000,4177.4000,4177.2000,4177.0000,4179.0000,4179.2000,4180.2000,4180.6000,4181.2000,1,1,1,1,4,2,2,1,1,2
SF,IF2006,2020-01-21 09:34:07.600,4178.2000,18816,0,545574300.000,1,0,1,多换,S,4178.0000,4177.4000,4177.2000,4177.0000,4176.8000,4179.0000,4179.2000,4180.2000,4180.6000,4181.2000,1,1,1,4,1,2,2,1,1,2
SF,IF2006,2020-01-21 09:34:08.100,4178.2000,18816,0,545574300.000,0,-,-,-,-,4178.0000,4177.4000,4177.2000,4177.0000,4176.8000,4178.8000,4179.2000,4180.2000,4180.6000,4181.2000,3,1,1,4,1,1,1,1,1,2
SF,IF2006,2020-01-21 09:34:09.100,4178.0000,18816,0,546827700.000,1,0,1,多换,S,4178.0000,4177.4000,4177.2000,4177.0000,4176.8000,4178.8000,4179.2000,4180.2000,4180.6000,4181.2000,2,1,1,4,1,1,1,1,1,2
SF,IF2006,2020-01-21 09:34:09.600,4178.0000,18816,0,546827700.000,0,-,-,-,-,4177.2000,4177.0000,4176.8000,4176.2000,4176.0000,4177.6000,4178.0000,4178.6000,4178.8000,4179.2000,1,4,1,3,1,1,12,1,3,1
SF,IF2006,2020-01-21 09:34:10.100,4178.0000,18815,-1,550587780.000,3,1,2,多平,S,4177.6000,4177.2000,4177.0000,4176.8000,4176.2000,4178.8000,4179.2000,4180.2000,4180.6000,4181.2000,1,3,4,1,3,2,1,1,1,2
SF,IF2006,2020-01-21 09:34:10.600,4178.0000,18815,0,550587780.000,0,-,-,-,-,4177.8000,4177.6000,4177.2000,4177.0000,4176.8000,4178.6000,4179.2000,4180.2000,4180.6000,4181.2000,1,3,1,4,1,1,1,1,1,2
SF,IF2006,2020-01-21 09:34:11.100,4178.0000,18815,0,550587780.000,0,-,-,-,-,4177.6000,4177.2000,4177.0000,4176.8000,4176.2000,4178.6000,4180.2000,4180.6000,4181.2000,4181.8000,3,1,4,1,3,1,1,1,2,1
SF,IF2006,2020-01-21 09:34:12.100,4178.0000,18815,0,550587780.000,0,-,-,-,-,4178.0000,4177.8000,4177.6000,4177.2000,4177.0000,4178.6000,4180.2000,4180.6000,4181.2000,4181.8000,1,1,2,1,4,1,1,1,2,1
SF,IF2006,2020-01-21 09:34:12.600,4178.0000,18815,0,550587780.000,0,-,-,-,-,4178.0000,4177.6000,4177.2000,4177.0000,4176.8000,4178.6000,4180.2000,4180.6000,4181.2000,4181.8000,1,2,1,4,1,1,1,1,2,1
SF,IF2006,2020-01-21 09:34:13.100,4178.0000,18815,0,550587780.000,0,-,-,-,-,4178.0000,4177.6000,4177.2000,4177.0000,4176.8000,4180.2000,4180.6000,4181.2000,4181.8000,4182.0000,1,2,1,4,1,1,1,2,1,2
SF,IF2006,2020-01-21 09:34:13.600,4178.0000,18815,0,550587780.000,0,-,-,-,-,4178.2000,4178.0000,4177.8000,4177.2000,4177.0000,4179.8000,4180.0000,4180.2000,4180.6000,4181.2000,2,1,1,1,4,1,3,1,1,2
SF,IF2006,2020-01-21 09:34:14.100,4178.0000,18815,0,550587780.000,0,-,-,-,-,4178.4000,4178.2000,4177.8000,4177.2000,4177.0000,4179.6000,4180.0000,4180.2000,4180.6000,4181.2000,1,2,1,1,4,5,1,1,1,2
SF,IF2006,2020-01-21 09:34:14.600,4178.0000,18815,0,550587780.000,0,-,-,-,-,4178.4000,4177.6000,4177.2000,4177.0000,4176.8000,4179.4000,4179.6000,4180.0000,4180.2000,4180.6000,1,1,1,4,1,1,4,1,1,1
SF,IF2006,2020-01-21 09:34:15.100,4178.0000,18814,-1,551841180.000,1,0,1,双平,S,4177.6000,4177.2000,4177.0000,4176.8000,4176.2000,4178.0000,4179.4000,4179.6000,4180.0000,4180.2000,1,1,4,1,3,4,1,4,1,1
SF,IF2006,2020-01-21 09:34:15.600,4178.0000,18809,-5,558108180.000,5,0,5,双平,S,4178.0000,4177.8000,4177.6000,4177.2000,4177.0000,4179.6000,4180.0000,4180.2000,4180.6000,4181.2000,2,2,1,1,4,3,1,1,1,2
SF,IF2006,2020-01-21 09:34:16.100,4178.0000,18809,0,558108180.000,0,-,-,-,-,4178.2000,4178.0000,4177.8000,4177.6000,4177.2000,4179.4000,4179.6000,4180.0000,4180.2000,4180.6000,3,2,2,1,1,4,3,1,1,1
SF,IF2006,2020-01-21 09:34:16.600,4178.0000,18809,0,558108180.000,0,-,-,-,-,4178.2000,4178.0000,4177.8000,4177.6000,4177.2000,4179.4000,4179.6000,4180.0000,4180.2000,4180.6000,4,2,2,1,1,4,3,1,1,1
SF,IF2006,2020-01-21 09:34:17.100,4178.0000,18809,0,558108180.000,0,-,-,-,-,4178.2000,4178.0000,4177.8000,4177.6000,4177.2000,4179.2000,4179.4000,4179.6000,4180.0000,4180.2000,1,2,2,1,1,2,4,1,1,1
SF,IF2006,2020-01-21 09:34:17.600,4178.0000,18809,0,558108180.000,0,-,-,-,-,4178.4000,4178.2000,4178.0000,4177.8000,4177.6000,4179.0000,4179.2000,4179.4000,4179.6000,4180.0000,1,1,1,1,1,1,2,4,1,1
SF,IF2006,2020-01-21 09:34:18.100,4178.0000,18809,0,558108180.000,0,-,-,-,-,4178.4000,4178.2000,4178.0000,4177.8000,4177.6000,4179.0000,4179.2000,4179.4000,4179.6000,4180.0000,1,1,1,1,2,1,2,2,1,1
SF,IF2006,2020-01-21 09:34:18.600,4179.0000,18808,-1,559361880.000,1,0,1,双平,S,4178.4000,4178.2000,4178.0000,4177.8000,4177.6000,4179.4000,4179.6000,4180.0000,4180.2000,4180.6000,3,1,1,1,2,1,1,1,1,1
SF,IF2006,2020-01-21 09:34:19.100,4179.0000,18808,0,559361880.000,0,-,-,-,-,4178.4000,4178.2000,4178.0000,4177.8000,4177.6000,4179.4000,4179.6000,4180.0000,4180.2000,4180.6000,3,1,1,1,2,1,2,1,1,1
SF,IF2006,2020-01-21 09:34:19.600,4179.4000,18807,-1,560615700.000,1,0,1,双平,S,4178.8000,4178.4000,4178.2000,4178.0000,4177.8000,4179.4000,4179.6000,4180.2000,4180.6000,4181.2000,1,2,1,2,1,1,1,1,1,2
SF,IF2006,2020-01-21 09:34:21.600,4179.4000,18806,-1,561869520.000,1,0,1,双平,S,4178.4000,4178.2000,4178.0000,4177.8000,4177.6000,4179.6000,4180.2000,4180.6000,4181.2000,4181.8000,2,1,2,1,2,1,1,1,2,1
SF,IF2006,2020-01-21 09:34:22.100,4179.4000,18806,0,561869520.000,0,-,-,-,-,4178.6000,4178.4000,4178.2000,4178.0000,4177.8000,4179.6000,4180.2000,4180.6000,4181.2000,4181.8000,1,2,1,2,1,1,1,1,2,1
SF,IF2006,2020-01-21 09:34:22.600,4179.4000,18806,0,561869520.000,0,-,-,-,-,4178.6000,4178.4000,4178.2000,4178.0000,4177.8000,4178.8000,4179.6000,4180.2000,4180.6000,4181.2000,1,2,1,2,1,1,1,1,1,2
SF,IF2006,2020-01-21 09:34:23.100,4178.8000,18806,0,563123160.000,1,0,1,多换,S,4178.8000,4178.6000,4178.4000,4178.0000,4177.8000,4179.6000,4180.2000,4180.6000,4181.2000,4181.8000,2,1,2,2,1,1,1,1,2,1
SF,IF2006,2020-01-21 09:34:23.600,4178.8000,18806,0,563123160.000,0,-,-,-,-,4178.8000,4178.4000,4178.0000,4177.8000,4177.6000,4179.6000,4180.2000,4180.6000,4181.2000,4181.8000,2,2,2,1,2,1,1,1,2,1
SF,IF2006,2020-01-21 09:34:25.100,4178.8000,18806,0,563123160.000,0,-,-,-,-,4179.2000,4178.8000,4178.4000,4178.0000,4177.8000,4179.6000,4180.2000,4180.6000,4181.2000,4181.8000,1,1,2,2,1,1,1,1,2,1
SF,IF2006,2020-01-21 09:34:25.600,4179.2000,18805,-1,564376920.000,1,0,1,双平,S,4178.8000,4178.4000,4178.0000,4177.8000,4177.6000,4179.6000,4180.2000,4180.6000,4181.2000,4181.8000,1,2,2,1,3,1,1,1,2,1
SF,IF2006,2020-01-21 09:34:26.100,4179.6000,18804,-1,565630800.000,1,0,1,双平,S,4178.0000,4177.8000,4177.6000,4177.2000,4177.0000,4179.6000,4180.2000,4180.6000,4181.2000,4181.8000,2,1,3,1,4,2,1,1,2,1
SF,IF2006,2020-01-21 09:34:26.600,4179.6000,18804,0,565630800.000,0,-,-,-,-,4178.2000,4178.0000,4177.8000,4177.6000,4177.2000,4179.4000,4179.6000,4180.0000,4180.2000,4180.6000,3,2,1,3,1,2,2,1,1,1
SF,IF2006,2020-01-21 09:34:27.100,4179.6000,18804,0,565630800.000,0,-,-,-,-,4178.2000,4178.0000,4177.8000,4177.6000,4177.2000,4179.4000,4179.6000,4180.0000,4180.2000,4180.6000,3,2,1,3,1,2,2,1,1,1
SF,IF2006,2020-01-21 09:34:27.600,4178.2000,18802,-2,568137720.000,2,0,2,双平,S,4178.0000,4177.8000,4177.6000,4177.2000,4177.0000,4178.2000,4180.0000,4180.2000,4180.6000,4181.2000,2,1,3,1,6,2,1,1,1,2
SF,IF2006,2020-01-21 09:34:28.100,4178.2000,18800,-2,570644640.000,2,0,2,双平,S,4178.4000,4178.2000,4178.0000,4177.8000,4177.6000,4180.0000,4180.2000,4180.6000,4181.2000,4181.8000,2,1,4,2,3,1,1,1,2,1
SF,IF2006,2020-01-21 09:34:28.600,4178.2000,18800,0,570644640.000,0,-,-,-,-,4178.4000,4178.2000,4178.0000,4177.8000,4177.6000,4179.8000,4180.0000,4180.2000,4180.6000,4181.2000,4,2,2,2,3,2,1,1,1,2
SF,IF2006,2020-01-21 09:34:29.100,4178.2000,18800,0,570644640.000,0,-,-,-,-,4178.4000,4178.2000,4178.0000,4177.8000,4177.6000,4179.8000,4180.0000,4180.2000,4180.6000,4181.2000,4,3,2,2,2,2,1,1,1,2
