市场代码,合约代码,时间,最新,持仓,增仓,成交额,成交量,开仓,平仓,成交类型,方向,买一价,买二价,买三价,买四价,买五价,卖一价,卖二价,卖三价,卖四价,卖五价,买一量,买二量,买三量,买四量,买五量,卖一量,卖二量,卖三量,卖四量,卖五量
SF,IF2012,2020-05-19 09:29:00.400,3787.0000,3611,0,1136100.000,1.000,-,-,-,-,3786.8000,3785.6000,3783.6000,3781.6000,3779.0000,3789.8000,3794.0000,3794.8000,3797.0000,3798.0000,1,1,1,1,1,1,1,1,1,1
SF,IF2012,2020-05-19 09:30:00.400,3789.6000,3611,0,2272980.000,1,0,1,多换,S,3786.8000,3783.6000,3781.6000,3780.6000,3779.0000,3789.6000,3789.8000,3794.0000,3794.8000,3796.6000,1,1,1,3,1,7,1,1,1,3
SF,IF2012,2020-05-19 09:30:00.900,3789.8000,3610,-1,3409920.000,1,0,1,双平,S,3785.0000,3781.6000,3780.6000,3779.0000,3778.6000,3794.0000,3794.8000,3796.6000,3797.0000,3798.0000,1,1,3,1,1,1,1,3,1,1
SF,IF2012,2020-05-19 09:30:01.400,3787.2000,3609,-1,4546080.000,1,0,1,双平,S,3789.8000,3788.0000,3785.4000,3785.2000,3785.0000,3793.8000,3794.0000,3794.8000,3796.6000,3797.0000,2,2,6,3,1,2,1,1,3,1
SF,IF2012,2020-05-19 09:30:01.900,3789.8000,3608,-1,5683020.000,1,0,1,双平,S,3789.8000,3788.0000,3785.4000,3785.2000,3785.0000,3792.8000,3793.6000,3793.8000,3794.0000,3794.8000,2,2,6,2,1,1,1,1,1,1
SF,IF2012,2020-05-19 09:30:02.400,3792.8000,3608,0,6820860.000,1,0,1,多换,S,3790.0000,3789.8000,3788.0000,3785.4000,3785.0000,3792.6000,3793.8000,3794.0000,3794.8000,3796.6000,1,2,2,6,1,1,1,1,1,3
SF,IF2012,2020-05-19 09:30:02.900,3792.8000,3607,-1,7958700.000,1,0,1,双平,S,3790.8000,3790.0000,3789.8000,3788.0000,3785.4000,3792.8000,3793.8000,3794.0000,3794.8000,3796.6000,1,3,2,2,6,1,1,1,1,3
SF,IF2012,2020-05-19 09:30:03.400,3792.8000,3607,0,9096540.000,1,0,1,多换,S,3790.8000,3790.0000,3789.8000,3788.0000,3785.4000,3793.8000,3794.0000,3794.8000,3796.6000,3797.0000,1,3,2,3,6,1,1,1,3,1
SF,IF2012,2020-05-19 09:30:03.900,3792.8000,3607,0,9096540.000,0,-,-,-,-,3790.8000,3790.0000,3789.8000,3788.0000,3785.4000,3793.8000,3794.0000,3794.8000,3796.6000,3797.0000,1,2,2,3,6,1,1,1,3,1
SF,IF2012,2020-05-19 09:30:04.400,3792.8000,3607,0,9096540.000,0,-,-,-,-,3791.4000,3791.0000,3789.8000,3788.0000,3786.8000,3793.8000,3794.0000,3794.8000,3796.6000,3797.0000,1,2,2,3,6,1,1,1,3,1
SF,IF2012,2020-05-19 09:30:04.900,3792.8000,3607,0,9096540.000,0,-,-,-,-,3791.6000,3791.4000,3789.8000,3788.0000,3786.8000,3793.8000,3794.0000,3794.8000,3797.0000,3798.0000,2,1,2,4,6,1,1,1,1,1
SF,IF2012,2020-05-19 09:30:05.400,3792.8000,3607,0,9096540.000,0,-,-,-,-,3792.0000,3789.8000,3788.0000,3786.8000,3785.4000,3793.8000,3794.0000,3794.8000,3797.0000,3798.0000,1,2,4,6,6,1,1,1,1,1
SF,IF2012,2020-05-19 09:30:05.900,3792.0000,3607,0,10234140.000,1,0,1,多换,S,3789.8000,3788.0000,3786.8000,3785.4000,3785.0000,3793.8000,3794.0000,3794.8000,3797.0000,3798.0000,2,4,6,6,1,1,1,1,1,1
SF,IF2012,2020-05-19 09:30:06.400,3794.8000,3604,-3,14787000.000,4,0,4,多平,S,3795.0000,3790.0000,3789.8000,3788.0000,3786.8000,3797.0000,3798.0000,3799.2000,3799.8000,3802.0000,41,2,2,4,6,1,1,2,1,1
SF,IF2012,2020-05-19 09:30:06.900,3794.8000,3582,-22,44386440.000,26,2,24,多平,S,3795.0000,3790.0000,3789.8000,3788.0000,3786.8000,3796.6000,3796.8000,3797.0000,3798.0000,3799.2000,15,2,2,4,6,7,2,1,1,2
SF,IF2012,2020-05-19 09:30:07.400,3795.0000,3580,-2,46663860.000,2,0,2,双平,S,3795.0000,3790.0000,3789.8000,3788.0000,3786.8000,3796.4000,3796.6000,3797.0000,3798.0000,3799.8000,14,1,2,4,6,1,7,1,1,1
SF,IF2012,2020-05-19 09:30:07.900,3795.0000,3579,-1,47802360.000,1,0,1,双平,S,3795.0000,3790.0000,3789.8000,3788.0000,3786.8000,3796.0000,3796.4000,3797.0000,3798.0000,3799.8000,13,1,2,4,6,7,1,1,1,1
SF,IF2012,2020-05-19 09:30:08.400,3795.0000,3579,0,47802360.000,0,-,-,-,-,3795.0000,3790.0000,3789.8000,3788.0000,3785.4000,3795.8000,3796.0000,3797.0000,3798.0000,3799.8000,13,1,2,4,6,1,7,1,1,1
SF,IF2012,2020-05-19 09:30:08.900,3795.0000,3578,-1,52356960.000,4,1,3,多平,S,3795.0000,3790.0000,3789.8000,3788.0000,3785.4000,3796.0000,3797.0000,3798.0000,3799.8000,3805.0000,11,1,2,4,5,5,1,1,1,5
SF,IF2012,2020-05-19 09:30:09.400,3795.0000,3578,0,52356960.000,0,-,-,-,-,3796.4000,3796.0000,3795.0000,3790.0000,3789.8000,3797.0000,3798.0000,3799.8000,3805.0000,3810.6000,1,1,11,1,2,1,1,1,5,1
SF,IF2012,2020-05-19 09:30:09.900,3796.4000,3578,0,53495880.000,1,0,1,多换,S,3796.0000,3795.0000,3790.0000,3789.8000,3788.0000,3796.6000,3796.8000,3797.0000,3798.0000,3799.8000,2,11,1,2,4,5,1,1,1,1
SF,IF2012,2020-05-19 09:30:10.400,3796.0000,3576,-2,55773480.000,2,0,2,双平,S,3795.0000,3790.0000,3789.8000,3788.0000,3785.0000,3796.4000,3796.6000,3796.8000,3797.0000,3798.0000,11,1,2,3,1,2,5,1,1,1
SF,IF2012,2020-05-19 09:30:10.900,3796.0000,3576,0,55773480.000,0,-,-,-,-,3796.0000,3795.0000,3790.0000,3789.8000,3788.0000,3796.2000,3796.4000,3796.8000,3797.0000,3798.0000,1,11,1,2,3,5,1,1,1,1
SF,IF2012,2020-05-19 09:30:11.400,3796.0000,3576,0,56912280.000,1,0,1,多换,S,3795.2000,3795.0000,3790.0000,3789.8000,3788.0000,3796.4000,3797.0000,3798.0000,3799.8000,3800.2000,2,11,1,2,3,1,1,1,1,1
SF,IF2012,2020-05-19 09:30:11.900,3796.0000,3576,0,56912280.000,0,-,-,-,-,3795.2000,3795.0000,3790.0000,3789.8000,3788.0000,3797.0000,3798.0000,3799.8000,3800.2000,3805.0000,2,11,1,2,3,1,1,1,1,5
SF,IF2012,2020-05-19 09:30:12.400,3795.0000,3575,-1,59189280.000,2,0,2,多平,S,3795.0000,3794.6000,3790.0000,3789.8000,3788.0000,3796.0000,3796.8000,3797.0000,3798.0000,3799.8000,9,1,1,2,3,5,2,1,1,1
SF,IF2012,2020-05-19 09:30:12.900,3795.0000,3575,0,59189280.000,0,-,-,-,-,3795.0000,3794.6000,3790.0000,3789.8000,3788.0000,3795.8000,3796.0000,3796.8000,3797.0000,3798.0000,28,1,1,2,3,1,5,1,1,1
SF,IF2012,2020-05-19 09:30:13.400,3795.0000,3575,0,60327780.000,1,0,1,多换,S,3795.0000,3794.6000,3790.0000,3789.8000,3788.0000,3795.4000,3795.8000,3796.8000,3797.0000,3798.0000,27,1,1,2,3,5,2,1,1,1
SF,IF2012,2020-05-19 09:30:13.900,3795.0000,3575,0,60327780.000,0,-,-,-,-,3795.0000,3794.6000,3790.0000,3789.8000,3788.0000,3795.4000,3795.8000,3796.8000,3797.0000,3798.0000,33,1,1,2,3,5,2,1,1,1
SF,IF2012,2020-05-19 09:30:14.400,3795.0000,3557,-18,80820780.000,18,0,18,双平,S,3795.0000,3794.6000,3790.0000,3789.8000,3788.0000,3795.4000,3795.8000,3796.8000,3797.0000,3798.0000,15,1,1,2,3,6,2,1,1,1
SF,IF2012,2020-05-19 09:30:15.900,3795.0000,3557,0,83097780.000,2,1,1,多换,S,3795.0000,3794.6000,3790.0000,3788.0000,3785.0000,3795.4000,3795.8000,3796.8000,3797.0000,3798.0000,13,1,1,3,1,6,2,1,1,1
SF,IF2012,2020-05-19 09:30:16.400,3795.0000,3555,-2,85374780.000,2,0,2,双平,S,3795.0000,3794.6000,3790.0000,3788.0000,3785.0000,3795.4000,3795.8000,3796.8000,3797.0000,3798.0000,11,1,1,3,1,6,2,1,1,1
SF,IF2012,2020-05-19 09:30:17.400,3795.4000,3554,-1,87652020.000,2,0,2,多平,S,3795.0000,3794.6000,3790.0000,3788.0000,3785.0000,3795.4000,3795.8000,3796.8000,3797.0000,3798.0000,11,1,1,3,1,4,2,1,1,1
SF,IF2012,2020-05-19 09:30:18.400,3795.4000,3552,-2,91067640.000,3,0,3,多平,S,3795.0000,3794.6000,3790.0000,3788.0000,3785.0000,3795.8000,3796.8000,3797.0000,3798.0000,3799.8000,9,1,1,3,1,2,1,1,1,1
SF,IF2012,2020-05-19 09:30:18.900,3795.4000,3552,0,91067640.000,0,-,-,-,-,3795.0000,3794.6000,3790.0000,3788.0000,3785.0000,3795.2000,3795.8000,3796.8000,3797.0000,3798.0000,9,1,1,3,1,3,2,1,1,1
SF,IF2012,2020-05-19 09:30:19.400,3795.0000,3549,-3,94483140.000,3,0,3,双平,S,3795.0000,3794.6000,3790.0000,3788.0000,3785.0000,3795.2000,3795.8000,3796.8000,3797.0000,3798.0000,6,1,1,3,1,3,2,1,1,1
SF,IF2012,2020-05-19 09:30:19.900,3795.2000,3550,1,96760260.000,2,1,1,空开,S,3795.0000,3794.6000,3790.0000,3788.0000,3785.0000,3795.2000,3795.8000,3796.8000,3797.0000,3798.0000,6,1,1,3,1,1,2,1,1,1
SF,IF2012,2020-05-19 09:30:20.400,3795.0000,3547,-3,100175820.000,3,0,3,双平,S,3795.0000,3794.6000,3790.0000,3788.0000,3785.0000,3795.8000,3796.8000,3797.0000,3798.0000,3799.8000,4,1,1,3,1,2,1,1,1,1
SF,IF2012,2020-05-19 09:30:20.900,3795.0000,3546,-1,101314320.000,1,0,1,双平,S,3795.2000,3795.0000,3794.6000,3790.0000,3788.0000,3795.6000,3795.8000,3796.8000,3797.0000,3798.0000,1,3,1,1,3,1,2,1,1,1
SF,IF2012,2020-05-19 09:30:21.400,3795.0000,3546,0,101314320.000,0,-,-,-,-,3795.2000,3795.0000,3794.6000,3790.0000,3788.0000,3795.4000,3795.8000,3796.8000,3797.0000,3798.0000,1,3,1,1,3,1,2,1,1,1
SF,IF2012,2020-05-19 09:30:21.900,3795.0000,3544,-2,103591320.000,2,0,2,双平,S,3795.0000,3794.6000,3790.0000,3788.0000,3785.0000,3795.8000,3796.8000,3797.0000,3798.0000,3799.8000,2,1,1,3,1,2,1,1,1,1
SF,IF2012,2020-05-19 09:30:22.400,3795.0000,3543,-1,104729820.000,1,0,1,双平,S,3795.0000,3794.6000,3790.0000,3788.0000,3785.0000,3795.6000,3795.8000,3796.8000,3797.0000,3798.0000,1,1,1,3,1,1,2,1,1,1
SF,IF2012,2020-05-19 09:30:22.900,3795.0000,3543,0,104729820.000,0,-,-,-,-,3795.0000,3794.6000,3790.0000,3788.0000,3785.0000,3795.4000,3795.8000,3796.8000,3797.0000,3798.0000,1,1,1,3,1,2,1,1,1,1
SF,IF2012,2020-05-19 09:30:23.400,3795.0000,3543,0,104729820.000,0,-,-,-,-,3795.0000,3794.6000,3790.0000,3788.0000,3785.0000,3795.8000,3796.8000,3797.0000,3798.0000,3799.8000,1,1,1,3,1,1,1,1,1,1
SF,IF2012,2020-05-19 09:30:23.900,3799.8000,3540,-3,110426040.000,5,1,4,多平,S,3800.0000,3795.0000,3794.6000,3790.0000,3788.0000,3800.2000,3805.0000,3818.0000,3825.0000,3843.0000,15,1,1,1,3,1,5,1,1,1
SF,IF2012,2020-05-19 09:30:24.400,3800.0000,3533,-7,129805920.000,17,5,12,多平,S,3795.0000,3794.6000,3788.0000,3785.0000,3780.0000,3800.0000,3800.2000,3805.0000,3818.0000,3825.0000,1,1,3,1,5,6,1,5,1,1
SF,IF2012,2020-05-19 09:30:24.900,3800.0000,3533,0,129805920.000,0,-,-,-,-,3795.0000,3794.6000,3788.0000,3785.0000,3780.0000,3798.4000,3799.4000,3800.0000,3800.2000,3805.0000,1,1,1,1,5,1,1,8,1,5
SF,IF2012,2020-05-19 09:30:25.400,3800.0000,3533,0,129805920.000,0,-,-,-,-,3795.0000,3794.6000,3788.0000,3785.0000,3780.0000,3796.8000,3798.4000,3799.4000,3799.6000,3799.8000,1,1,1,1,5,1,1,2,1,1
SF,IF2012,2020-05-19 09:30:25.900,3800.0000,3533,0,129805920.000,0,-,-,-,-,3795.2000,3795.0000,3794.6000,3788.0000,3785.0000,3798.2000,3798.4000,3799.4000,3799.6000,3799.8000,1,1,1,1,1,1,1,2,1,2
SF,IF2012,2020-05-19 09:30:26.400,3800.0000,3533,0,129805920.000,0,-,-,-,-,3795.4000,3795.0000,3794.6000,3788.0000,3785.0000,3798.2000,3798.4000,3798.8000,3799.4000,3799.6000,1,1,1,1,1,1,1,1,2,2
SF,IF2012,2020-05-19 09:30:26.900,3800.0000,3533,0,129805920.000,0,-,-,-,-,3795.4000,3795.0000,3794.6000,3788.0000,3785.0000,3796.0000,3798.2000,3798.4000,3798.8000,3799.4000,1,1,1,1,1,1,1,1,1,2
SF,IF2012,2020-05-19 09:30:27.400,3800.0000,3533,0,129805920.000,0,-,-,-,-,3795.0000,3794.6000,3788.0000,3785.0000,3780.0000,3798.0000,3798.8000,3799.4000,3799.6000,3799.8000,1,1,1,1,5,1,1,2,5,6
SF,IF2012,2020-05-19 09:30:27.900,3800.0000,3533,0,129805920.000,0,-,-,-,-,3795.0000,3794.6000,3788.0000,3785.0000,3780.0000,3797.8000,3798.0000,3798.8000,3799.0000,3799.4000,1,1,1,1,5,2,1,1,1,2
SF,IF2012,2020-05-19 09:30:28.400,3800.0000,3533,0,129805920.000,0,-,-,-,-,3795.0000,3794.6000,3788.0000,3785.0000,3780.0000,3795.6000,3797.8000,3798.0000,3798.8000,3799.0000,1,1,1,1,5,1,2,1,1,1
SF,IF2012,2020-05-19 09:30:28.900,3795.0000,3531,-2,132083160.000,2,0,2,双平,S,3795.0000,3794.6000,3788.0000,3785.0000,3780.0000,3795.4000,3797.4000,3797.6000,3797.8000,3798.8000,49,1,1,1,5,1,1,1,2,2
SF,IF2012,2020-05-19 09:30:29.400,3795.4000,3531,0,133221780.000,1,0,1,多换,S,3795.2000,3795.0000,3794.6000,3788.0000,3785.0000,3797.4000,3797.6000,3797.8000,3798.4000,3798.8000,1,49,1,1,1,1,1,2,1,2
SF,IF2012,2020-05-19 09:30:29.900,3795.4000,3531,0,133221780.000,0,-,-,-,-,3795.0000,3794.6000,3788.0000,3785.0000,3780.0000,3797.4000,3797.6000,3797.8000,3798.4000,3798.6000,49,1,1,1,5,1,1,1,1,1
SF,IF2012,2020-05-19 09:30:30.400,3795.4000,3531,0,133221780.000,0,-,-,-,-,3795.0000,3794.6000,3788.0000,3785.0000,3780.0000,3797.4000,3797.6000,3797.8000,3798.6000,3798.8000,49,1,1,1,5,1,1,1,1,2
SF,IF2012,2020-05-19 09:30:30.900,3795.4000,3531,0,133221780.000,0,-,-,-,-,3795.2000,3795.0000,3794.6000,3788.0000,3785.0000,3797.4000,3797.6000,3797.8000,3798.6000,3798.8000,1,49,1,1,1,1,1,1,1,2
SF,IF2012,2020-05-19 09:30:31.400,3797.4000,3531,0,135499560.000,2,1,1,多换,S,3795.0000,3794.6000,3794.0000,3788.0000,3785.0000,3797.6000,3797.8000,3798.6000,3798.8000,3799.0000,49,1,1,1,1,1,1,1,2,1
SF,IF2012,2020-05-19 09:30:31.900,3797.4000,3531,0,135499560.000,0,-,-,-,-,3795.0000,3794.0000,3788.0000,3785.0000,3780.0000,3797.4000,3797.6000,3798.6000,3798.8000,3799.0000,49,1,1,1,5,1,1,1,2,1
SF,IF2012,2020-05-19 09:30:32.400,3797.4000,3531,0,135499560.000,0,-,-,-,-,3795.4000,3795.0000,3794.0000,3788.0000,3785.0000,3797.4000,3797.6000,3798.6000,3798.8000,3799.0000,1,49,1,1,1,1,1,1,2,1
SF,IF2012,2020-05-19 09:30:32.900,3797.4000,3531,0,135499560.000,0,-,-,-,-,3795.4000,3795.0000,3794.0000,3788.0000,3785.0000,3797.0000,3797.4000,3797.6000,3798.8000,3799.0000,1,49,1,1,1,1,1,1,2,1
SF,IF2012,2020-05-19 09:30:33.400,3795.4000,3531,0,136638180.000,1,0,1,多换,S,3795.0000,3794.0000,3788.0000,3785.0000,3780.0000,3797.4000,3797.6000,3798.8000,3799.0000,3799.2000,49,1,1,1,5,1,1,2,1,1
SF,IF2012,2020-05-19 09:30:33.900,3795.4000,3531,0,136638180.000,0,-,-,-,-,3795.8000,3795.0000,3794.0000,3788.0000,3785.0000,3797.0000,3797.2000,3797.4000,3797.6000,3798.8000,1,49,1,1,1,1,1,1,1,2
SF,IF2012,2020-05-19 09:30:34.400,3795.4000,3531,0,136638180.000,0,-,-,-,-,3795.0000,3794.0000,3788.0000,3785.0000,3780.0000,3797.0000,3797.2000,3797.4000,3797.6000,3798.8000,49,1,1,1,5,1,1,1,1,2
SF,IF2012,2020-05-19 09:30:34.900,3795.4000,3531,0,136638180.000,0,-,-,-,-,3795.2000,3795.0000,3794.0000,3788.0000,3785.0000,3796.8000,3797.0000,3797.4000,3798.6000,3798.8000,2,49,1,1,1,1,1,1,1,2
SF,IF2012,2020-05-19 09:30:35.400,3795.4000,3531,0,136638180.000,0,-,-,-,-,3795.2000,3795.0000,3794.0000,3788.0000,3785.0000,3796.8000,3797.0000,3797.4000,3798.6000,3798.8000,2,49,1,1,1,1,1,1,1,2
SF,IF2012,2020-05-19 09:30:35.900,3795.4000,3531,0,136638180.000,0,-,-,-,-,3795.2000,3795.0000,3794.0000,3788.0000,3785.0000,3796.8000,3797.0000,3797.4000,3798.6000,3798.8000,2,49,1,1,1,1,1,1,1,2
SF,IF2012,2020-05-19 09:30:36.400,3795.4000,3531,0,136638180.000,0,-,-,-,-,3795.4000,3795.2000,3795.0000,3794.0000,3788.0000,3796.8000,3797.0000,3797.4000,3798.6000,3798.8000,1,1,49,1,1,1,1,1,1,2
SF,IF2012,2020-05-19 09:30:36.900,3795.4000,3531,0,136638180.000,0,-,-,-,-,3795.4000,3795.0000,3794.0000,3788.0000,3785.0000,3796.8000,3797.0000,3797.4000,3798.6000,3798.8000,1,49,1,1,1,1,1,1,1,2
SF,IF2012,2020-05-19 09:30:37.400,3795.4000,3531,0,136638180.000,0,-,-,-,-,3795.4000,3795.0000,3794.0000,3788.0000,3785.0000,3796.8000,3797.0000,3797.4000,3798.6000,3798.8000,1,49,1,1,1,1,1,1,1,2
SF,IF2012,2020-05-19 09:30:38.400,3796.8000,3532,1,137777220.000,1,1,0,双开,S,3796.8000,3795.4000,3795.0000,3794.0000,3788.0000,3797.0000,3797.4000,3798.6000,3798.8000,3799.2000,1,1,142,1,1,1,1,1,2,3
SF,IF2012,2020-05-19 09:30:38.900,3796.8000,3531,-1,140055360.000,2,0,2,多平,S,3795.8000,3795.4000,3795.0000,3794.0000,3788.0000,3796.8000,3798.6000,3798.8000,3799.2000,3799.4000,1,1,142,1,1,1,1,2,3,1
SF,IF2012,2020-05-19 09:30:39.400,3795.8000,3530,-1,142333020.000,2,0,2,多平,S,3795.4000,3795.0000,3794.0000,3788.0000,3785.0000,3796.8000,3798.6000,3798.8000,3799.2000,3799.4000,1,142,1,1,1,2,1,2,3,1
SF,IF2012,2020-05-19 09:30:39.900,3796.8000,3530,0,143472060.000,1,0,1,多换,S,3795.6000,3795.4000,3795.0000,3794.0000,3788.0000,3796.6000,3798.6000,3798.8000,3799.2000,3799.4000,1,1,142,1,1,1,1,2,3,1
SF,IF2012,2020-05-19 09:30:40.400,3796.6000,3530,0,144611040.000,1,0,1,多换,S,3795.8000,3795.4000,3795.0000,3794.0000,3788.0000,3798.6000,3798.8000,3799.2000,3799.4000,3799.6000,1,1,142,1,1,1,2,3,1,2
SF,IF2012,2020-05-19 09:30:40.900,3796.6000,3530,0,144611040.000,0,-,-,-,-,3796.0000,3795.8000,3795.4000,3795.0000,3794.0000,3798.6000,3798.8000,3799.2000,3799.4000,3799.6000,1,1,1,142,1,1,2,3,1,2
SF,IF2012,2020-05-19 09:30:41.400,3796.6000,3530,0,144611040.000,0,-,-,-,-,3796.0000,3795.4000,3795.0000,3794.0000,3788.0000,3798.4000,3798.6000,3798.8000,3799.2000,3799.4000,1,1,142,1,1,1,1,1,2,1
SF,IF2012,2020-05-19 09:30:41.900,3796.2000,3530,0,145749900.000,1,0,1,多换,S,3796.0000,3795.4000,3795.0000,3794.0000,3788.0000,3798.6000,3798.8000,3799.2000,3799.4000,3799.6000,1,1,142,1,1,1,1,2,1,2
SF,IF2012,2020-05-19 09:30:42.400,3796.0000,3529,-1,146888700.000,1,0,1,双平,S,3795.4000,3795.0000,3794.0000,3788.0000,3785.0000,3798.0000,3798.4000,3798.8000,3799.2000,3799.6000,1,142,1,1,1,1,1,1,2,2
SF,IF2012,2020-05-19 09:30:42.900,3796.0000,3529,0,146888700.000,0,-,-,-,-,3795.4000,3795.0000,3794.0000,3788.0000,3785.0000,3797.8000,3798.0000,3798.4000,3798.8000,3799.2000,1,142,1,1,1,1,1,2,1,2
SF,IF2012,2020-05-19 09:30:43.400,3796.0000,3529,0,146888700.000,0,-,-,-,-,3795.4000,3795.0000,3794.0000,3788.0000,3785.0000,3797.4000,3797.8000,3798.4000,3798.8000,3799.2000,1,142,1,1,1,1,1,2,1,3
SF,IF2012,2020-05-19 09:30:43.900,3796.0000,3529,0,146888700.000,0,-,-,-,-,3795.6000,3795.4000,3795.0000,3788.0000,3785.0000,3797.4000,3797.8000,3798.4000,3798.8000,3799.2000,1,1,142,1,1,1,1,2,1,3
SF,IF2012,2020-05-19 09:30:44.400,3795.4000,3528,-1,149166000.000,2,0,2,多平,S,3795.0000,3788.0000,3785.0000,3780.0000,3762.8000,3797.4000,3797.8000,3798.4000,3798.8000,3799.0000,142,1,1,5,1,1,1,2,1,1
SF,IF2012,2020-05-19 09:30:44.900,3795.4000,3528,0,149166000.000,0,-,-,-,-,3795.0000,3788.0000,3785.0000,3780.0000,3762.8000,3797.4000,3797.8000,3798.4000,3798.8000,3799.0000,142,1,1,5,1,1,1,2,1,1
SF,IF2012,2020-05-19 09:30:45.400,3795.4000,3528,0,149166000.000,0,-,-,-,-,3795.0000,3788.0000,3785.0000,3780.0000,3762.8000,3797.4000,3797.8000,3798.4000,3798.8000,3799.0000,142,1,1,5,1,1,1,2,2,1
SF,IF2012,2020-05-19 09:30:45.900,3797.4000,3483,-45,202676220.000,47,1,46,多平,S,3795.0000,3788.0000,3785.0000,3780.0000,3762.8000,3797.8000,3798.4000,3798.8000,3799.0000,3799.2000,96,1,1,5,1,1,2,2,1,2
SF,IF2012,2020-05-19 09:30:46.400,3797.4000,3483,0,202676220.000,0,-,-,-,-,3795.0000,3788.0000,3785.0000,3780.0000,3762.8000,3797.4000,3797.6000,3797.8000,3798.4000,3798.8000,96,1,1,5,1,1,2,1,2,2
SF,IF2012,2020-05-19 09:30:46.900,3797.4000,3483,0,202676220.000,0,-,-,-,-,3795.4000,3795.2000,3795.0000,3785.0000,3780.0000,3797.4000,3797.6000,3797.8000,3798.4000,3798.8000,1,3,96,1,5,1,2,1,2,2
SF,IF2012,2020-05-19 09:30:47.400,3797.4000,3483,0,202676220.000,0,-,-,-,-,3795.4000,3795.2000,3795.0000,3785.0000,3780.0000,3797.4000,3797.6000,3797.8000,3798.4000,3798.8000,1,3,96,1,5,1,2,1,2,2
SF,IF2012,2020-05-19 09:30:47.900,3797.4000,3483,0,202676220.000,0,-,-,-,-,3795.6000,3795.4000,3795.2000,3795.0000,3785.0000,3797.4000,3797.6000,3797.8000,3798.4000,3798.8000,1,1,3,118,1,1,1,1,2,2
SF,IF2012,2020-05-19 09:30:48.400,3797.4000,3483,0,202676220.000,0,-,-,-,-,3795.6000,3795.4000,3795.2000,3795.0000,3785.0000,3797.4000,3797.6000,3797.8000,3798.4000,3798.8000,1,1,3,118,1,1,1,1,2,2
SF,IF2012,2020-05-19 09:30:48.900,3797.4000,3483,0,202676220.000,0,-,-,-,-,3795.8000,3795.6000,3795.2000,3795.0000,3785.0000,3797.4000,3797.6000,3797.8000,3798.4000,3798.8000,2,1,2,118,1,1,1,1,2,2
SF,IF2012,2020-05-19 09:30:49.400,3797.4000,3483,0,202676220.000,0,-,-,-,-,3795.8000,3795.6000,3795.2000,3795.0000,3785.0000,3797.4000,3797.6000,3798.4000,3798.8000,3799.2000,3,1,2,118,1,1,1,2,2,2
SF,IF2012,2020-05-19 09:30:49.900,3797.4000,3483,0,202676220.000,0,-,-,-,-,3795.8000,3795.6000,3795.2000,3795.0000,3785.0000,3797.4000,3797.6000,3798.4000,3798.8000,3799.2000,2,1,2,118,1,1,1,2,2,2
SF,IF2012,2020-05-19 09:30:50.400,3797.4000,3483,0,202676220.000,0,-,-,-,-,3795.8000,3795.6000,3795.2000,3795.0000,3785.0000,3797.2000,3797.4000,3798.4000,3798.8000,3799.2000,1,1,2,118,1,1,1,2,2,2
SF,IF2012,2020-05-19 09:30:51.400,3797.4000,3483,0,202676220.000,0,-,-,-,-,3795.8000,3795.6000,3795.2000,3795.0000,3785.0000,3797.2000,3797.4000,3798.4000,3798.8000,3799.2000,1,1,2,118,1,1,1,2,2,2
SF,IF2012,2020-05-19 09:30:51.900,3795.8000,3483,0,203814960.000,1,0,1,多换,S,3795.6000,3795.2000,3795.0000,3785.0000,3780.0000,3795.8000,3797.2000,3797.4000,3798.4000,3798.8000,1,2,118,1,5,1,1,1,2,2
SF,IF2012,2020-05-19 09:30:52.400,3795.6000,3482,-1,206092380.000,2,0,2,多平,S,3795.2000,3795.0000,3785.0000,3780.0000,3762.8000,3796.8000,3797.2000,3798.4000,3798.8000,3799.2000,2,118,1,5,1,1,1,2,2,2
SF,IF2012,2020-05-19 09:30:52.900,3795.6000,3482,0,206092380.000,0,-,-,-,-,3795.4000,3795.2000,3795.0000,3785.0000,3780.0000,3796.8000,3797.2000,3797.4000,3798.4000,3798.8000,1,2,118,1,5,1,1,2,2,2
SF,IF2012,2020-05-19 09:30:53.400,3795.6000,3482,0,206092380.000,0,-,-,-,-,3795.2000,3795.0000,3785.0000,3780.0000,3762.8000,3796.8000,3797.2000,3797.4000,3798.2000,3798.4000,2,118,1,5,1,1,1,2,1,2
SF,IF2012,2020-05-19 09:30:53.900,3795.6000,3482,0,206092380.000,0,-,-,-,-,3795.4000,3795.2000,3795.0000,3785.0000,3780.0000,3796.6000,3796.8000,3797.2000,3798.2000,3798.4000,1,2,118,1,5,1,1,1,1,2
SF,IF2012,2020-05-19 09:30:54.400,3795.6000,3482,0,206092380.000,0,-,-,-,-,3795.2000,3795.0000,3785.0000,3780.0000,3762.8000,3796.6000,3796.8000,3797.2000,3798.2000,3798.4000,2,118,1,5,1,1,1,1,1,2
SF,IF2012,2020-05-19 09:30:54.900,3796.6000,3483,1,207231360.000,1,1,0,双开,S,3795.4000,3795.2000,3795.0000,3785.0000,3780.0000,3796.8000,3797.2000,3798.2000,3798.4000,3798.8000,1,2,118,1,5,1,1,1,2,1
SF,IF2012,2020-05-19 09:30:55.400,3796.6000,3483,0,207231360.000,0,-,-,-,-,3795.6000,3795.2000,3795.0000,3785.0000,3780.0000,3796.8000,3797.2000,3798.2000,3798.4000,3798.8000,1,2,118,1,5,1,1,1,2,1
SF,IF2012,2020-05-19 09:30:55.900,3796.6000,3483,0,207231360.000,0,-,-,-,-,3795.8000,3795.2000,3795.0000,3785.0000,3780.0000,3796.8000,3797.2000,3798.2000,3798.4000,3798.8000,1,2,118,1,5,1,1,1,2,1
SF,IF2012,2020-05-19 09:30:56.400,3795.8000,3483,0,208370100.000,1,0,1,多换,S,3795.2000,3795.0000,3785.0000,3780.0000,3762.8000,3796.8000,3797.2000,3798.2000,3798.4000,3798.6000,2,118,1,5,1,1,1,1,2,1
SF,IF2012,2020-05-19 09:30:56.900,3796.8000,3483,0,209509140.000,1,0,1,多换,S,3795.4000,3795.2000,3795.0000,3785.0000,3780.0000,3797.2000,3798.2000,3798.4000,3798.8000,3799.0000,1,1,118,1,5,1,1,2,1,1
SF,IF2012,2020-05-19 09:30:57.400,3796.8000,3483,0,209509140.000,0,-,-,-,-,3795.6000,3795.2000,3795.0000,3785.0000,3780.0000,3797.2000,3798.2000,3798.4000,3798.8000,3799.0000,1,1,118,1,5,1,1,2,1,1
SF,IF2012,2020-05-19 09:30:57.900,3796.8000,3483,0,209509140.000,0,-,-,-,-,3795.8000,3795.2000,3795.0000,3785.0000,3780.0000,3797.0000,3797.2000,3798.2000,3798.4000,3798.8000,1,1,118,1,5,1,1,1,2,1
SF,IF2012,2020-05-19 09:30:58.400,3796.8000,3483,0,209509140.000,0,-,-,-,-,3796.0000,3795.2000,3795.0000,3785.0000,3780.0000,3797.0000,3798.2000,3798.4000,3798.8000,3799.0000,1,1,118,1,5,1,1,2,1,1
SF,IF2012,2020-05-19 09:30:58.900,3796.8000,3483,0,209509140.000,0,-,-,-,-,3795.2000,3795.0000,3785.0000,3780.0000,3762.8000,3798.2000,3798.4000,3798.8000,3799.0000,3799.6000,1,118,1,5,1,1,2,1,1,1
SF,IF2012,2020-05-19 09:30:59.400,3796.8000,3482,-1,210648180.000,1,0,1,双平,S,3796.8000,3795.2000,3795.0000,3785.0000,3780.0000,3798.0000,3798.2000,3798.4000,3798.8000,3799.0000,7,1,118,1,5,1,2,2,1,1
SF,IF2012,2020-05-19 09:30:59.900,3796.8000,3479,-3,214065300.000,3,0,3,双平,S,3796.8000,3795.2000,3795.0000,3785.0000,3780.0000,3797.4000,3797.8000,3798.0000,3798.2000,3798.4000,4,1,118,1,5,1,1,1,1,2
SF,IF2012,2020-05-19 09:31:00.400,3796.8000,3476,-3,217482420.000,3,0,3,双平,S,3796.8000,3795.2000,3795.0000,3785.0000,3780.0000,3797.4000,3797.8000,3798.0000,3798.2000,3798.4000,1,1,118,1,5,1,2,1,1,2
SF,IF2012,2020-05-19 09:31:00.900,3796.8000,3475,-1,219760680.000,2,0,2,多平,S,3795.2000,3795.0000,3785.0000,3780.0000,3762.8000,3797.8000,3798.2000,3798.4000,3799.6000,3799.8000,1,118,1,5,1,1,1,2,3,9
SF,IF2012,2020-05-19 09:31:01.400,3796.8000,3475,0,219760680.000,0,-,-,-,-,3795.4000,3795.2000,3795.0000,3785.0000,3780.0000,3797.6000,3798.2000,3798.4000,3799.6000,3799.8000,1,1,118,1,5,1,1,2,2,9
SF,IF2012,2020-05-19 09:31:01.900,3796.8000,3475,0,219760680.000,0,-,-,-,-,3796.0000,3795.4000,3795.2000,3795.0000,3785.0000,3797.6000,3798.2000,3799.6000,3799.8000,3800.0000,1,1,2,118,1,1,1,2,9,2
SF,IF2012,2020-05-19 09:31:02.400,3796.8000,3475,0,219760680.000,0,-,-,-,-,3796.2000,3796.0000,3795.4000,3795.2000,3795.0000,3798.2000,3799.6000,3799.8000,3800.0000,3800.4000,1,1,1,2,118,1,2,9,3,2
SF,IF2012,2020-05-19 09:31:02.900,3796.8000,3475,0,219760680.000,0,-,-,-,-,3796.4000,3796.0000,3795.6000,3795.2000,3795.0000,3798.2000,3799.6000,3799.8000,3800.0000,3800.4000,1,1,1,2,118,1,1,8,3,2
SF,IF2012,2020-05-19 09:31:03.400,3796.8000,3475,0,219760680.000,0,-,-,-,-,3796.6000,3796.0000,3795.6000,3795.2000,3795.0000,3798.2000,3799.6000,3799.8000,3800.0000,3800.4000,1,1,1,2,118,1,1,8,3,2
SF,IF2012,2020-05-19 09:31:03.900,3796.8000,3475,0,220899720.000,1,0,1,多换,S,3796.0000,3795.6000,3795.2000,3795.0000,3785.0000,3798.0000,3798.2000,3799.6000,3799.8000,3800.0000,1,1,2,118,1,1,1,1,8,3
SF,IF2012,2020-05-19 09:31:04.400,3796.8000,3475,0,220899720.000,0,-,-,-,-,3796.2000,3796.0000,3795.6000,3795.2000,3795.0000,3797.8000,3798.2000,3799.6000,3799.8000,3800.0000,1,1,1,2,118,2,1,1,8,3
SF,IF2012,2020-05-19 09:31:04.900,3796.8000,3475,0,220899720.000,0,-,-,-,-,3796.4000,3796.2000,3796.0000,3795.6000,3795.2000,3797.8000,3798.2000,3799.6000,3799.8000,3800.0000,1,1,1,1,2,1,1,1,8,3
SF,IF2012,2020-05-19 09:31:05.400,3796.8000,3475,0,220899720.000,0,-,-,-,-,3796.6000,3796.2000,3795.6000,3795.2000,3795.0000,3798.2000,3799.6000,3799.8000,3800.0000,3800.4000,1,1,1,2,118,1,1,7,3,2
SF,IF2012,2020-05-19 09:31:05.900,3796.8000,3475,0,220899720.000,0,-,-,-,-,3796.8000,3795.6000,3795.2000,3795.0000,3785.0000,3798.2000,3799.8000,3800.0000,3800.4000,3801.2000,1,1,2,118,1,1,7,3,2,1
SF,IF2012,2020-05-19 09:31:06.400,3796.8000,3475,0,222038760.000,1,0,1,多换,S,3795.6000,3795.2000,3795.0000,3785.0000,3780.0000,3798.2000,3799.8000,3800.0000,3800.4000,3801.2000,1,2,118,1,5,1,7,3,2,1
SF,IF2012,2020-05-19 09:31:06.900,3796.8000,3475,0,222038760.000,0,-,-,-,-,3795.6000,3795.2000,3795.0000,3785.0000,3780.0000,3798.0000,3798.2000,3799.8000,3800.0000,3800.4000,1,2,118,1,5,1,1,7,2,2
SF,IF2012,2020-05-19 09:31:07.400,3796.8000,3475,0,222038760.000,0,-,-,-,-,3795.6000,3795.2000,3795.0000,3785.0000,3780.0000,3798.0000,3798.2000,3799.8000,3800.0000,3800.4000,1,2,118,1,5,1,1,6,2,2
SF,IF2012,2020-05-19 09:31:07.900,3796.8000,3475,0,222038760.000,0,-,-,-,-,3795.8000,3795.6000,3795.2000,3795.0000,3785.0000,3798.0000,3798.2000,3799.8000,3800.0000,3800.4000,1,1,2,118,1,1,1,6,2,2
SF,IF2012,2020-05-19 09:31:08.400,3796.8000,3475,0,222038760.000,0,-,-,-,-,3795.8000,3795.6000,3795.2000,3795.0000,3785.0000,3798.0000,3798.2000,3799.8000,3800.0000,3800.4000,1,1,2,118,1,1,1,5,2,2
SF,IF2012,2020-05-19 09:31:08.900,3798.0000,3475,0,223178160.000,1,0,1,多换,S,3798.0000,3795.8000,3795.6000,3795.2000,3795.0000,3798.2000,3799.8000,3800.0000,3800.4000,3801.2000,1,1,1,2,118,1,5,2,2,1
SF,IF2012,2020-05-19 09:31:09.400,3798.0000,3474,-1,224317560.000,1,0,1,双平,S,3795.6000,3795.2000,3795.0000,3785.0000,3780.0000,3798.0000,3798.2000,3799.8000,3800.0000,3800.4000,1,2,118,1,5,1,1,4,2,2
SF,IF2012,2020-05-19 09:31:09.900,3798.2000,3472,-2,226596420.000,2,0,2,双平,S,3795.8000,3795.6000,3795.2000,3795.0000,3785.0000,3799.8000,3800.0000,3800.4000,3801.2000,3801.6000,1,1,1,118,1,4,2,2,1,1
SF,IF2012,2020-05-19 09:31:10.400,3798.2000,3472,0,226596420.000,0,-,-,-,-,3796.0000,3795.8000,3795.6000,3795.2000,3795.0000,3799.8000,3800.4000,3801.2000,3801.6000,3802.0000,1,1,1,1,118,4,2,1,1,2
SF,IF2012,2020-05-19 09:31:10.900,3798.2000,3472,0,226596420.000,0,-,-,-,-,3796.2000,3796.0000,3795.8000,3795.2000,3795.0000,3799.8000,3800.4000,3801.2000,3801.6000,3802.0000,4,2,2,1,118,4,2,1,1,3
SF,IF2012,2020-05-19 09:31:11.400,3798.2000,3472,0,226596420.000,0,-,-,-,-,3796.4000,3796.2000,3796.0000,3795.2000,3795.0000,3799.6000,3799.8000,3801.2000,3801.6000,3802.0000,2,4,2,1,118,1,4,1,1,3
SF,IF2012,2020-05-19 09:31:11.900,3798.2000,3472,0,226596420.000,0,-,-,-,-,3796.6000,3796.4000,3796.2000,3796.0000,3795.2000,3799.8000,3801.2000,3801.6000,3802.0000,3802.4000,2,4,2,2,1,1,1,1,3,1
SF,IF2012,2020-05-19 09:31:12.400,3798.2000,3472,0,226596420.000,0,-,-,-,-,3796.8000,3796.6000,3796.4000,3796.2000,3796.0000,3799.8000,3801.2000,3801.6000,3802.0000,3802.4000,3,2,1,2,1,1,1,1,3,1
SF,IF2012,2020-05-19 09:31:12.900,3798.2000,3472,0,226596420.000,0,-,-,-,-,3797.0000,3796.8000,3796.4000,3796.2000,3796.0000,3799.8000,3801.2000,3801.6000,3802.0000,3802.4000,3,4,1,2,1,1,1,1,2,1
SF,IF2012,2020-05-19 09:31:13.400,3799.8000,3471,-1,227736360.000,1,0,1,双平,S,3799.8000,3797.2000,3797.0000,3796.4000,3796.0000,3801.2000,3801.6000,3802.0000,3802.4000,3802.6000,39,3,3,1,1,1,1,2,1,1
SF,IF2012,2020-05-19 09:31:13.900,3799.8000,3460,-11,240275700.000,11,0,11,双平,S,3799.8000,3797.2000,3797.0000,3796.0000,3795.2000,3801.0000,3801.2000,3802.0000,3802.4000,3802.6000,28,3,3,1,1,1,1,2,1,1
SF,IF2012,2020-05-19 09:31:14.400,3799.8000,3442,-18,260794620.000,18,0,18,双平,S,3799.8000,3797.2000,3797.0000,3796.0000,3795.2000,3801.0000,3801.2000,3802.4000,3802.6000,3803.0000,10,3,1,1,1,1,1,1,1,1
SF,IF2012,2020-05-19 09:31:14.900,3799.8000,3442,0,261934560.000,1,0,1,多换,S,3799.8000,3797.2000,3797.0000,3796.0000,3795.2000,3800.8000,3801.0000,3801.2000,3802.4000,3803.0000,9,3,1,1,1,1,1,1,1,1
SF,IF2012,2020-05-19 09:31:15.400,3801.0000,3441,-1,263074860.000,1,0,1,双平,S,3799.8000,3797.2000,3797.0000,3796.0000,3795.2000,3801.2000,3803.0000,3803.2000,3804.4000,3805.2000,9,3,1,1,1,1,1,3,1,1
SF,IF2012,2020-05-19 09:31:15.900,3801.0000,3439,-2,266495040.000,3,0,3,多平,S,3800.0000,3799.8000,3797.2000,3797.0000,3796.0000,3801.2000,3803.0000,3804.4000,3805.2000,3806.0000,1,7,1,1,1,1,1,1,1,2
SF,IF2012,2020-05-19 09:31:16.400,3801.0000,3439,0,266495040.000,0,-,-,-,-,3799.8000,3797.2000,3797.0000,3796.0000,3795.0000,3801.2000,3803.0000,3804.4000,3805.2000,3805.4000,7,1,1,1,118,1,1,1,1,1
SF,IF2012,2020-05-19 09:31:16.900,3801.0000,3439,0,266495040.000,0,-,-,-,-,3800.0000,3799.8000,3797.2000,3797.0000,3796.0000,3801.0000,3801.2000,3803.0000,3803.8000,3804.4000,1,7,1,1,1,1,1,1,1,1
SF,IF2012,2020-05-19 09:31:17.400,3801.0000,3439,0,266495040.000,0,-,-,-,-,3799.8000,3797.2000,3797.0000,3796.0000,3795.0000,3800.0000,3801.0000,3801.2000,3803.0000,3803.8000,7,1,1,1,118,1,1,1,1,1
SF,IF2012,2020-05-19 09:31:17.900,3799.8000,3438,-1,267634980.000,1,0,1,双平,S,3799.8000,3797.2000,3797.0000,3796.0000,3795.0000,3800.0000,3801.0000,3801.2000,3803.0000,3803.8000,6,1,1,1,118,1,1,1,1,1
SF,IF2012,2020-05-19 09:31:18.400,3799.8000,3431,-7,276754620.000,8,0,8,多平,S,3797.2000,3797.0000,3796.0000,3795.0000,3785.0000,3799.8000,3801.0000,3801.2000,3803.0000,3803.8000,1,1,1,118,1,3,1,1,1,1
SF,IF2012,2020-05-19 09:31:18.900,3799.8000,3430,-1,277894560.000,1,0,1,双平,S,3797.4000,3797.2000,3796.0000,3795.0000,3785.0000,3799.8000,3801.0000,3801.2000,3803.0000,3803.8000,1,1,1,118,1,1,1,1,1,1
SF,IF2012,2020-05-19 09:31:19.400,3799.8000,3430,0,277894560.000,0,-,-,-,-,3797.6000,3797.4000,3796.0000,3795.0000,3785.0000,3799.6000,3799.8000,3801.0000,3801.2000,3803.0000,1,1,1,118,1,1,1,1,2,1
SF,IF2012,2020-05-19 09:31:19.900,3799.8000,3430,0,277894560.000,0,-,-,-,-,3797.8000,3797.6000,3796.0000,3795.0000,3785.0000,3799.6000,3799.8000,3801.0000,3801.2000,3803.0000,2,1,1,118,1,1,1,1,2,1
SF,IF2012,2020-05-19 09:31:20.400,3799.8000,3430,0,277894560.000,0,-,-,-,-,3797.8000,3796.0000,3795.0000,3785.0000,3780.0000,3799.6000,3799.8000,3801.0000,3801.2000,3803.0000,2,1,118,1,5,1,1,1,2,1
SF,IF2012,2020-05-19 09:31:20.900,3799.8000,3430,0,277894560.000,0,-,-,-,-,3798.0000,3797.8000,3796.0000,3795.0000,3785.0000,3799.6000,3799.8000,3801.0000,3801.2000,3803.0000,2,2,1,118,1,1,1,1,2,1
SF,IF2012,2020-05-19 09:31:21.400,3799.8000,3430,0,277894560.000,0,-,-,-,-,3798.2000,3798.0000,3796.0000,3795.0000,3785.0000,3799.6000,3799.8000,3801.2000,3802.8000,3803.0000,2,2,1,118,1,1,1,2,1,1
SF,IF2012,2020-05-19 09:31:21.900,3799.8000,3430,0,277894560.000,0,-,-,-,-,3798.4000,3798.2000,3798.0000,3796.0000,3795.0000,3799.6000,3799.8000,3801.0000,3801.2000,3802.8000,1,2,2,1,118,1,1,1,2,1
SF,IF2012,2020-05-19 09:31:22.400,3799.8000,3430,0,277894560.000,0,-,-,-,-,3798.6000,3798.4000,3798.0000,3796.0000,3795.0000,3799.6000,3799.8000,3801.0000,3801.2000,3802.8000,2,1,2,1,118,1,1,1,2,1
SF,IF2012,2020-05-19 09:31:23.400,3799.8000,3430,0,277894560.000,0,-,-,-,-,3798.6000,3798.4000,3798.0000,3796.0000,3795.0000,3799.6000,3799.8000,3801.0000,3801.2000,3802.8000,2,1,1,1,118,1,1,1,2,1
SF,IF2012,2020-05-19 09:31:23.900,3799.8000,3430,0,277894560.000,0,-,-,-,-,3798.6000,3796.0000,3795.0000,3785.0000,3780.0000,3799.6000,3799.8000,3801.0000,3801.2000,3802.8000,2,1,118,1,5,1,1,1,2,1
SF,IF2012,2020-05-19 09:31:24.400,3799.8000,3430,0,277894560.000,0,-,-,-,-,3798.6000,3796.0000,3795.0000,3785.0000,3780.0000,3799.6000,3799.8000,3801.0000,3801.2000,3803.0000,1,1,118,1,5,1,1,1,2,1
SF,IF2012,2020-05-19 09:31:24.900,3799.8000,3430,0,277894560.000,0,-,-,-,-,3796.0000,3795.0000,3785.0000,3780.0000,3762.8000,3799.6000,3799.8000,3801.0000,3801.2000,3803.0000,1,118,1,5,1,1,1,1,2,1
SF,IF2012,2020-05-19 09:31:25.400,3799.8000,3430,0,277894560.000,0,-,-,-,-,3796.2000,3795.0000,3785.0000,3780.0000,3762.8000,3799.6000,3799.8000,3801.0000,3801.2000,3803.0000,3,118,1,5,1,1,1,1,2,1
SF,IF2012,2020-05-19 09:31:26.400,3799.8000,3430,0,277894560.000,0,-,-,-,-,3797.0000,3796.2000,3795.0000,3785.0000,3780.0000,3799.4000,3799.6000,3799.8000,3800.0000,3801.0000,1,2,118,1,5,1,1,1,1,1
SF,IF2012,2020-05-19 09:31:26.900,3799.8000,3430,0,277894560.000,0,-,-,-,-,3797.2000,3797.0000,3796.2000,3795.0000,3785.0000,3799.4000,3799.8000,3800.0000,3801.0000,3801.2000,1,1,1,118,1,1,1,1,1,2
SF,IF2012,2020-05-19 09:31:27.400,3799.8000,3430,0,277894560.000,0,-,-,-,-,3797.2000,3797.0000,3795.0000,3785.0000,3780.0000,3799.4000,3799.8000,3800.0000,3801.0000,3801.2000,1,1,118,1,5,1,2,1,1,2
SF,IF2012,2020-05-19 09:31:28.400,3797.2000,3429,-1,279033720.000,1,0,1,双平,S,3797.0000,3795.0000,3785.0000,3780.0000,3762.8000,3799.2000,3799.4000,3799.8000,3800.0000,3801.0000,1,118,1,5,1,1,1,2,1,1
SF,IF2012,2020-05-19 09:31:28.900,3797.2000,3429,0,279033720.000,0,-,-,-,-,3797.0000,3795.0000,3785.0000,3780.0000,3762.8000,3797.2000,3799.0000,3799.2000,3799.4000,3799.8000,1,118,1,5,1,1,1,1,1,2
SF,IF2012,2020-05-19 09:31:29.400,3797.2000,3428,-1,280172880.000,1,0,1,双平,S,3797.2000,3795.0000,3785.0000,3780.0000,3762.8000,3799.0000,3799.2000,3799.8000,3800.0000,3801.0000,1,118,1,5,1,1,1,2,1,1
SF,IF2012,2020-05-19 09:31:29.900,3797.2000,3428,0,280172880.000,0,-,-,-,-,3797.4000,3795.0000,3785.0000,3780.0000,3762.8000,3798.8000,3799.0000,3799.2000,3799.8000,3800.0000,1,118,1,5,1,1,2,1,2,1
SF,IF2012,2020-05-19 09:31:30.400,3797.2000,3428,0,280172880.000,0,-,-,-,-,3795.0000,3785.0000,3780.0000,3762.8000,3752.0000,3798.6000,3799.0000,3799.2000,3799.8000,3800.0000,118,1,5,1,1,2,1,1,2,1
SF,IF2012,2020-05-19 09:31:30.900,3797.2000,3428,0,280172880.000,0,-,-,-,-,3795.2000,3795.0000,3785.0000,3780.0000,3762.8000,3798.6000,3799.2000,3799.8000,3800.0000,3801.0000,1,118,1,5,1,1,1,2,1,1
SF,IF2012,2020-05-19 09:31:31.400,3797.2000,3428,0,280172880.000,0,-,-,-,-,3795.4000,3795.2000,3795.0000,3785.0000,3780.0000,3798.4000,3799.2000,3799.8000,3800.0000,3800.8000,2,6,118,1,5,2,1,2,1,1
SF,IF2012,2020-05-19 09:31:31.900,3797.2000,3428,0,280172880.000,0,-,-,-,-,3795.6000,3795.4000,3795.2000,3795.0000,3785.0000,3798.4000,3799.8000,3800.0000,3800.8000,3801.0000,2,4,6,118,1,2,2,1,1,1
SF,IF2012,2020-05-19 09:31:32.400,3797.2000,3428,0,280172880.000,0,-,-,-,-,3795.8000,3795.6000,3795.4000,3795.2000,3795.0000,3798.2000,3798.4000,3799.8000,3800.0000,3800.8000,3,4,1,6,118,1,1,2,1,1
SF,IF2012,2020-05-19 09:31:32.900,3797.2000,3428,0,280172880.000,0,-,-,-,-,3796.0000,3795.8000,3795.6000,3795.4000,3795.2000,3798.2000,3798.4000,3799.8000,3800.0000,3800.8000,2,3,3,1,6,1,1,2,1,1
SF,IF2012,2020-05-19 09:31:33.400,3797.2000,3428,0,280172880.000,0,-,-,-,-,3796.0000,3795.8000,3795.6000,3795.4000,3795.2000,3798.4000,3799.8000,3800.0000,3800.8000,3801.0000,4,3,3,1,6,1,2,1,1,1
SF,IF2012,2020-05-19 09:31:33.900,3797.2000,3428,0,280172880.000,0,-,-,-,-,3796.4000,3796.0000,3795.8000,3795.6000,3795.4000,3799.8000,3800.0000,3800.8000,3801.0000,3801.2000,1,3,3,3,1,2,1,1,1,2
SF,IF2012,2020-05-19 09:31:34.400,3797.2000,3428,0,280172880.000,0,-,-,-,-,3796.6000,3796.4000,3796.0000,3795.8000,3795.6000,3799.6000,3799.8000,3800.0000,3800.8000,3801.0000,2,1,2,3,3,2,2,1,1,1
SF,IF2012,2020-05-19 09:31:34.900,3797.2000,3428,0,280172880.000,0,-,-,-,-,3796.6000,3796.4000,3796.0000,3795.8000,3795.6000,3799.4000,3799.6000,3799.8000,3800.0000,3800.8000,2,1,2,3,3,1,1,2,1,1
SF,IF2012,2020-05-19 09:31:35.400,3797.2000,3428,0,280172880.000,0,-,-,-,-,3796.8000,3796.6000,3796.0000,3795.8000,3795.6000,3799.2000,3799.4000,3799.8000,3800.0000,3800.8000,3,2,2,3,3,1,1,2,1,1
SF,IF2012,2020-05-19 09:31:35.900,3797.2000,3428,0,280172880.000,0,-,-,-,-,3796.8000,3796.6000,3796.0000,3795.8000,3795.6000,3799.2000,3799.8000,3800.0000,3800.8000,3801.0000,3,2,2,3,3,1,2,1,1,1
SF,IF2012,2020-05-19 09:31:36.400,3797.2000,3428,0,280172880.000,0,-,-,-,-,3796.8000,3796.6000,3796.0000,3795.8000,3795.6000,3799.0000,3799.2000,3799.8000,3800.0000,3800.8000,3,2,2,3,1,2,1,2,1,1
SF,IF2012,2020-05-19 09:31:36.900,3797.2000,3428,0,280172880.000,0,-,-,-,-,3796.8000,3796.6000,3796.0000,3795.8000,3795.6000,3799.0000,3799.2000,3799.8000,3800.0000,3800.8000,2,2,2,3,1,2,1,2,1,1
SF,IF2012,2020-05-19 09:31:37.400,3797.2000,3428,0,280172880.000,0,-,-,-,-,3797.0000,3796.8000,3796.6000,3796.0000,3795.8000,3798.8000,3799.0000,3799.2000,3799.8000,3800.0000,1,2,1,2,3,1,2,1,2,1
SF,IF2012,2020-05-19 09:31:37.900,3797.2000,3428,0,280172880.000,0,-,-,-,-,3797.2000,3797.0000,3796.8000,3796.6000,3796.0000,3798.8000,3799.0000,3799.2000,3799.8000,3800.0000,4,1,2,1,2,1,1,1,2,1
SF,IF2012,2020-05-19 09:31:38.400,3797.2000,3428,0,280172880.000,0,-,-,-,-,3797.4000,3797.2000,3796.8000,3796.6000,3795.8000,3798.6000,3798.8000,3799.0000,3799.8000,3800.0000,1,4,2,1,3,1,1,1,2,1
SF,IF2012,2020-05-19 09:31:38.900,3797.2000,3428,0,280172880.000,0,-,-,-,-,3797.6000,3797.4000,3797.2000,3796.8000,3795.8000,3798.6000,3799.8000,3800.0000,3800.8000,3801.0000,1,1,2,2,3,2,2,1,1,1
SF,IF2012,2020-05-19 09:31:39.400,3797.2000,3428,0,280172880.000,0,-,-,-,-,3797.8000,3797.6000,3797.4000,3797.2000,3796.8000,3798.6000,3799.8000,3800.0000,3800.8000,3801.0000,1,1,1,2,2,2,2,1,1,1
SF,IF2012,2020-05-19 09:31:39.900,3797.2000,3428,0,280172880.000,0,-,-,-,-,3797.6000,3797.4000,3797.2000,3796.8000,3795.8000,3798.6000,3799.8000,3800.0000,3800.8000,3801.0000,1,1,2,2,3,1,2,1,1,1
SF,IF2012,2020-05-19 09:31:40.400,3797.2000,3428,0,280172880.000,0,-,-,-,-,3797.8000,3797.6000,3797.4000,3797.2000,3796.8000,3798.4000,3799.8000,3800.0000,3800.8000,3801.0000,2,1,1,2,2,1,2,1,1,1
SF,IF2012,2020-05-19 09:31:40.900,3798.4000,3427,-1,281312400.000,1,0,1,双平,S,3797.8000,3797.6000,3797.4000,3797.2000,3796.8000,3799.8000,3800.0000,3801.0000,3801.2000,3803.0000,2,1,1,2,2,2,1,1,2,1
SF,IF2012,2020-05-19 09:31:41.400,3798.4000,3427,0,281312400.000,0,-,-,-,-,3797.8000,3797.4000,3797.2000,3796.8000,3795.8000,3799.6000,3799.8000,3800.0000,3801.0000,3801.2000,2,1,2,2,3,1,3,1,1,2
SF,IF2012,2020-05-19 09:31:41.900,3797.8000,3428,1,282451740.000,1,1,0,双开,S,3797.2000,3795.8000,3795.4000,3795.2000,3795.0000,3799.4000,3799.8000,3800.0000,3801.0000,3801.2000,2,3,1,1,115,3,3,1,1,2
SF,IF2012,2020-05-19 09:31:42.400,3797.8000,3428,0,282451740.000,0,-,-,-,-,3797.4000,3797.2000,3795.8000,3795.4000,3795.2000,3799.4000,3799.8000,3800.0000,3801.0000,3801.2000,2,2,3,1,1,2,2,1,1,2
SF,IF2012,2020-05-19 09:31:42.900,3797.8000,3428,0,282451740.000,0,-,-,-,-,3797.4000,3797.2000,3795.8000,3795.4000,3795.2000,3797.8000,3799.2000,3799.4000,3799.8000,3800.0000,2,2,3,1,1,1,1,2,2,1
SF,IF2012,2020-05-19 09:31:43.400,3797.8000,3427,-1,283591080.000,1,0,1,双平,S,3797.4000,3797.2000,3795.8000,3795.4000,3795.2000,3799.2000,3799.4000,3799.8000,3800.0000,3801.0000,2,2,3,1,1,2,1,2,1,1
SF,IF2012,2020-05-19 09:31:43.900,3797.8000,3427,0,283591080.000,0,-,-,-,-,3797.2000,3795.8000,3795.4000,3795.2000,3795.0000,3799.0000,3799.2000,3799.4000,3799.8000,3800.0000,2,3,1,1,115,2,2,1,2,1
SF,IF2012,2020-05-19 09:31:44.400,3797.8000,3427,0,283591080.000,0,-,-,-,-,3797.2000,3795.8000,3795.4000,3795.2000,3795.0000,3798.8000,3799.0000,3799.2000,3799.4000,3799.8000,2,3,1,1,115,1,2,1,1,2
SF,IF2012,2020-05-19 09:31:44.900,3797.8000,3427,0,283591080.000,0,-,-,-,-,3797.2000,3795.8000,3795.4000,3795.2000,3795.0000,3798.8000,3799.0000,3799.2000,3799.4000,3799.8000,2,3,1,1,115,1,1,1,1,2
SF,IF2012,2020-05-19 09:31:45.400,3797.8000,3427,0,283591080.000,0,-,-,-,-,3797.4000,3797.2000,3795.8000,3795.4000,3795.2000,3798.8000,3799.0000,3799.4000,3799.8000,3800.0000,1,2,3,1,1,1,1,1,2,1
SF,IF2012,2020-05-19 09:31:46.400,3797.8000,3427,0,283591080.000,0,-,-,-,-,3797.4000,3797.2000,3795.8000,3795.4000,3795.2000,3798.8000,3799.4000,3799.8000,3800.0000,3801.0000,1,2,3,1,1,2,1,2,1,1
SF,IF2012,2020-05-19 09:31:46.900,3797.8000,3427,0,283591080.000,0,-,-,-,-,3797.2000,3795.8000,3795.4000,3795.2000,3795.0000,3798.8000,3799.4000,3799.8000,3800.0000,3801.0000,2,3,1,1,115,2,1,2,1,1
SF,IF2012,2020-05-19 09:31:47.400,3797.8000,3427,0,283591080.000,0,-,-,-,-,3797.6000,3797.4000,3797.2000,3795.8000,3795.4000,3798.8000,3799.4000,3799.8000,3800.0000,3801.0000,1,1,2,3,1,2,1,2,1,1
SF,IF2012,2020-05-19 09:31:47.900,3798.8000,3427,0,285870360.000,2,1,1,多换,S,3797.8000,3797.6000,3797.2000,3795.8000,3795.4000,3799.8000,3800.0000,3801.0000,3801.2000,3803.0000,1,1,2,3,1,2,1,1,2,1
SF,IF2012,2020-05-19 09:31:48.400,3798.8000,3427,0,285870360.000,0,-,-,-,-,3798.0000,3797.8000,3797.6000,3797.2000,3795.8000,3799.6000,3799.8000,3800.0000,3801.0000,3801.2000,2,1,1,2,3,1,2,1,1,2
SF,IF2012,2020-05-19 09:31:48.900,3798.8000,3427,0,285870360.000,0,-,-,-,-,3798.2000,3798.0000,3797.6000,3797.2000,3795.8000,3799.8000,3800.0000,3801.0000,3801.2000,3803.0000,1,2,1,2,3,2,1,1,2,1
SF,IF2012,2020-05-19 09:31:49.900,3798.8000,3427,0,285870360.000,0,-,-,-,-,3798.2000,3798.0000,3797.2000,3795.8000,3795.4000,3799.6000,3799.8000,3800.0000,3801.0000,3801.2000,1,2,2,3,1,1,2,1,1,2
SF,IF2012,2020-05-19 09:31:50.400,3798.8000,3427,0,285870360.000,0,-,-,-,-,3798.2000,3798.0000,3797.2000,3795.8000,3795.4000,3799.8000,3800.0000,3801.0000,3801.2000,3803.0000,1,1,2,3,1,2,1,1,2,1
SF,IF2012,2020-05-19 09:31:50.900,3798.8000,3427,0,285870360.000,0,-,-,-,-,3798.2000,3798.0000,3797.2000,3795.8000,3795.4000,3799.6000,3799.8000,3800.0000,3801.0000,3801.2000,1,1,2,3,1,1,2,1,1,2
SF,IF2012,2020-05-19 09:31:51.400,3798.8000,3427,0,285870360.000,0,-,-,-,-,3798.2000,3798.0000,3797.2000,3795.8000,3795.4000,3799.8000,3800.0000,3801.0000,3801.2000,3803.0000,2,1,2,3,1,2,1,1,2,1
SF,IF2012,2020-05-19 09:31:54.900,3799.8000,3425,-2,288150240.000,2,0,2,双平,S,3798.2000,3798.0000,3797.2000,3795.8000,3795.4000,3800.0000,3801.0000,3801.2000,3803.0000,3803.6000,2,1,2,3,1,1,1,2,1,1
SF,IF2012,2020-05-19 09:31:55.400,3799.8000,3425,0,288150240.000,0,-,-,-,-,3798.2000,3798.0000,3797.2000,3795.8000,3795.4000,3800.0000,3801.0000,3801.2000,3803.0000,3803.6000,1,1,2,3,1,1,1,2,1,1
SF,IF2012,2020-05-19 09:31:55.900,3799.8000,3425,0,288150240.000,0,-,-,-,-,3798.4000,3798.2000,3797.2000,3795.8000,3795.4000,3799.8000,3800.0000,3801.0000,3801.2000,3803.0000,1,1,2,3,1,1,1,1,2,1
SF,IF2012,2020-05-19 09:31:56.400,3799.8000,3425,0,288150240.000,0,-,-,-,-,3798.4000,3798.2000,3797.2000,3795.8000,3795.4000,3799.6000,3799.8000,3800.0000,3801.0000,3801.2000,1,1,2,3,1,1,1,1,1,2
SF,IF2012,2020-05-19 09:31:56.900,3799.8000,3425,0,288150240.000,0,-,-,-,-,3798.4000,3798.2000,3797.2000,3795.8000,3795.4000,3800.0000,3801.0000,3801.2000,3803.0000,3803.6000,1,1,2,3,1,1,1,2,1,1
SF,IF2012,2020-05-19 09:31:57.400,3798.6000,3425,0,289289820.000,1,0,1,多换,S,3798.4000,3798.2000,3797.2000,3795.8000,3795.4000,3799.6000,3800.0000,3801.0000,3801.2000,3803.0000,1,1,2,3,1,1,1,1,2,1
SF,IF2012,2020-05-19 09:31:57.900,3798.6000,3425,0,289289820.000,0,-,-,-,-,3798.4000,3798.2000,3797.2000,3795.8000,3795.4000,3799.4000,3800.0000,3801.0000,3801.2000,3803.0000,1,1,2,3,1,1,1,1,2,1
SF,IF2012,2020-05-19 09:31:58.400,3798.6000,3425,0,289289820.000,0,-,-,-,-,3798.6000,3798.4000,3798.2000,3797.2000,3795.8000,3800.0000,3801.0000,3801.2000,3803.0000,3803.6000,1,1,1,2,3,1,1,2,1,1
SF,IF2012,2020-05-19 09:31:58.900,3798.6000,3425,0,289289820.000,0,-,-,-,-,3798.6000,3798.4000,3798.2000,3797.2000,3795.8000,3799.8000,3800.0000,3801.0000,3801.2000,3803.0000,1,1,1,2,3,2,1,1,2,1
SF,IF2012,2020-05-19 09:31:59.400,3798.6000,3425,0,289289820.000,0,-,-,-,-,3798.4000,3798.2000,3797.2000,3795.8000,3795.4000,3799.8000,3800.0000,3801.0000,3801.2000,3803.0000,1,1,2,3,1,2,1,1,2,1
SF,IF2012,2020-05-19 09:32:00.400,3798.6000,3425,0,289289820.000,0,-,-,-,-,3798.4000,3798.2000,3797.2000,3795.8000,3795.4000,3799.6000,3799.8000,3800.0000,3801.0000,3801.2000,1,1,2,3,1,1,2,1,1,2
SF,IF2012,2020-05-19 09:32:00.900,3800.0000,3424,-1,292709700.000,3,1,2,多平,S,3798.2000,3797.2000,3795.8000,3795.4000,3795.2000,3801.0000,3801.2000,3803.0000,3803.6000,3805.2000,1,2,3,1,1,1,2,1,1,1
SF,IF2012,2020-05-19 09:32:01.400,3800.0000,3424,0,292709700.000,0,-,-,-,-,3798.4000,3797.2000,3795.8000,3795.4000,3795.2000,3800.8000,3801.0000,3801.2000,3803.0000,3803.6000,1,2,3,1,1,2,1,2,1,1
SF,IF2012,2020-05-19 09:32:01.900,3800.0000,3424,0,292709700.000,0,-,-,-,-,3797.2000,3795.8000,3795.4000,3795.2000,3795.0000,3800.6000,3800.8000,3801.0000,3801.2000,3803.0000,2,3,1,1,115,1,1,1,2,1
SF,IF2012,2020-05-19 09:32:02.400,3800.0000,3424,0,292709700.000,0,-,-,-,-,3797.4000,3797.2000,3795.8000,3795.4000,3795.2000,3800.4000,3800.6000,3801.0000,3801.2000,3803.0000,1,2,3,1,1,1,1,1,2,1
SF,IF2012,2020-05-19 09:32:02.900,3800.0000,3424,0,292709700.000,0,-,-,-,-,3797.4000,3797.2000,3795.8000,3795.4000,3795.2000,3799.8000,3800.4000,3800.6000,3801.0000,3801.2000,1,2,3,1,1,1,1,1,1,2
SF,IF2012,2020-05-19 09:32:03.400,3800.0000,3424,0,292709700.000,0,-,-,-,-,3797.4000,3797.2000,3795.8000,3795.4000,3795.2000,3799.8000,3800.4000,3801.0000,3801.2000,3803.0000,1,2,3,1,1,1,1,1,2,1
SF,IF2012,2020-05-19 09:32:03.900,3800.0000,3424,0,292709700.000,0,-,-,-,-,3797.6000,3797.4000,3797.2000,3795.8000,3795.4000,3799.8000,3801.0000,3801.2000,3803.0000,3803.6000,2,1,2,3,1,1,1,2,1,1
SF,IF2012,2020-05-19 09:32:04.400,3800.0000,3424,0,292709700.000,0,-,-,-,-,3797.8000,3797.6000,3797.2000,3795.8000,3795.4000,3801.0000,3801.2000,3803.0000,3803.6000,3805.2000,1,2,2,3,1,1,2,1,1,1
SF,IF2012,2020-05-19 09:32:04.900,3800.0000,3424,0,292709700.000,0,-,-,-,-,3798.0000,3797.8000,3797.6000,3797.2000,3795.8000,3800.8000,3801.0000,3801.2000,3803.0000,3803.6000,1,2,1,2,3,1,1,2,1,1
SF,IF2012,2020-05-19 09:32:05.400,3800.0000,3424,0,292709700.000,0,-,-,-,-,3798.4000,3798.2000,3798.0000,3797.8000,3797.2000,3800.6000,3800.8000,3801.0000,3801.2000,3803.0000,1,2,1,1,2,1,1,1,2,1
SF,IF2012,2020-05-19 09:32:05.900,3800.0000,3424,0,292709700.000,0,-,-,-,-,3798.4000,3798.2000,3798.0000,3797.2000,3795.8000,3800.4000,3800.6000,3801.0000,3801.2000,3803.0000,1,3,1,2,3,1,1,1,2,1
SF,IF2012,2020-05-19 09:32:06.400,3800.0000,3424,0,292709700.000,0,-,-,-,-,3798.4000,3798.0000,3797.2000,3795.8000,3795.4000,3800.2000,3800.4000,3801.0000,3801.2000,3803.0000,1,1,2,3,1,2,1,1,2,1
SF,IF2012,2020-05-19 09:32:07.900,3800.0000,3424,0,292709700.000,0,-,-,-,-,3798.4000,3798.0000,3797.2000,3795.8000,3795.4000,3800.2000,3800.4000,3801.0000,3801.2000,3803.0000,1,1,2,3,1,1,1,1,2,1
SF,IF2012,2020-05-19 09:32:08.400,3800.0000,3424,0,292709700.000,0,-,-,-,-,3798.4000,3798.0000,3797.2000,3795.8000,3795.4000,3800.0000,3800.4000,3801.0000,3801.2000,3803.0000,1,1,2,3,1,1,1,1,2,1
SF,IF2012,2020-05-19 09:32:08.900,3800.0000,3424,0,292709700.000,0,-,-,-,-,3798.6000,3798.4000,3798.0000,3797.2000,3795.8000,3799.8000,3801.0000,3801.2000,3803.0000,3805.2000,2,1,1,2,3,1,1,2,1,1
SF,IF2012,2020-05-19 09:32:09.400,3799.8000,3424,0,293849640.000,1,0,1,多换,S,3798.8000,3798.6000,3798.4000,3798.0000,3797.2000,3801.0000,3801.2000,3803.0000,3805.2000,3805.8000,1,2,1,1,2,1,2,1,1,1
SF,IF2012,2020-05-19 09:32:09.900,3799.8000,3424,0,293849640.000,0,-,-,-,-,3798.6000,3798.0000,3797.2000,3795.8000,3795.4000,3801.0000,3801.2000,3803.0000,3805.2000,3805.8000,2,1,2,3,1,1,2,1,1,1
SF,IF2012,2020-05-19 09:32:10.400,3799.8000,3424,0,293849640.000,0,-,-,-,-,3798.8000,3798.6000,3798.0000,3797.2000,3795.8000,3801.0000,3801.2000,3803.0000,3805.2000,3805.8000,2,1,1,2,3,1,2,1,1,1
SF,IF2012,2020-05-19 09:32:10.900,3799.8000,3424,0,293849640.000,0,-,-,-,-,3799.0000,3798.8000,3798.0000,3797.2000,3795.8000,3801.0000,3801.2000,3803.0000,3805.2000,3805.8000,2,2,1,2,3,1,2,1,1,1
SF,IF2012,2020-05-19 09:32:11.400,3799.8000,3424,0,293849640.000,0,-,-,-,-,3799.2000,3799.0000,3798.8000,3798.0000,3797.2000,3800.8000,3801.0000,3801.2000,3803.0000,3805.2000,2,2,1,1,2,1,1,2,1,1
SF,IF2012,2020-05-19 09:32:11.900,3799.8000,3424,0,293849640.000,0,-,-,-,-,3799.2000,3799.0000,3798.8000,3798.0000,3797.2000,3800.6000,3800.8000,3801.0000,3801.2000,3803.0000,1,1,1,2,2,1,1,1,2,1
SF,IF2012,2020-05-19 09:32:12.400,3799.8000,3424,0,293849640.000,0,-,-,-,-,3799.0000,3798.8000,3798.0000,3797.2000,3795.8000,3801.0000,3801.2000,3803.0000,3805.2000,3805.8000,1,1,2,2,3,1,2,1,1,2
SF,IF2012,2020-05-19 09:32:12.900,3799.8000,3424,0,293849640.000,0,-,-,-,-,3799.2000,3799.0000,3798.0000,3797.2000,3795.8000,3800.8000,3801.0000,3801.2000,3803.0000,3805.2000,1,1,2,2,3,3,1,2,1,1
SF,IF2012,2020-05-19 09:32:13.400,3799.8000,3424,0,293849640.000,0,-,-,-,-,3798.0000,3797.2000,3795.8000,3795.4000,3795.2000,3800.6000,3800.8000,3801.0000,3801.2000,3803.0000,2,2,3,1,1,1,2,1,2,1
SF,IF2012,2020-05-19 09:32:13.900,3799.8000,3424,0,293849640.000,0,-,-,-,-,3798.2000,3798.0000,3797.2000,3795.8000,3795.4000,3800.4000,3800.6000,3800.8000,3801.0000,3801.2000,1,2,2,3,1,1,1,1,1,2
SF,IF2012,2020-05-19 09:32:14.400,3799.8000,3424,0,293849640.000,0,-,-,-,-,3798.4000,3798.2000,3798.0000,3797.2000,3795.8000,3800.4000,3800.6000,3800.8000,3801.0000,3801.2000,1,1,2,2,3,1,1,1,1,2
SF,IF2012,2020-05-19 09:32:14.900,3799.8000,3424,0,293849640.000,0,-,-,-,-,3800.0000,3798.6000,3798.4000,3798.2000,3798.0000,3800.4000,3800.8000,3801.0000,3801.2000,3803.0000,13,1,1,1,2,1,1,1,2,1
SF,IF2012,2020-05-19 09:32:15.400,3800.0000,3412,-12,307529640.000,12,0,12,双平,S,3800.0000,3798.6000,3798.4000,3798.2000,3798.0000,3800.4000,3800.8000,3801.0000,3801.2000,3803.0000,1,1,1,1,2,1,1,1,2,1
SF,IF2012,2020-05-19 09:32:15.900,3800.0000,3411,-1,308669640.000,1,0,1,双平,S,3798.4000,3798.2000,3798.0000,3797.2000,3795.8000,3800.0000,3800.8000,3801.0000,3801.2000,3803.0000,1,1,2,2,3,1,1,1,2,1
SF,IF2012,2020-05-19 09:32:16.400,3800.0000,3411,0,308669640.000,0,-,-,-,-,3798.6000,3798.4000,3798.2000,3798.0000,3797.2000,3800.0000,3800.8000,3801.0000,3801.2000,3803.0000,2,1,1,2,2,1,1,1,2,1
SF,IF2012,2020-05-19 09:32:16.900,3800.0000,3411,0,308669640.000,0,-,-,-,-,3798.6000,3798.4000,3798.2000,3798.0000,3797.2000,3800.8000,3801.0000,3801.2000,3803.0000,3805.2000,2,1,1,2,2,1,1,2,1,1
SF,IF2012,2020-05-19 09:32:17.400,3800.0000,3411,0,308669640.000,0,-,-,-,-,3798.8000,3798.6000,3798.4000,3798.2000,3798.0000,3800.8000,3801.0000,3801.2000,3803.0000,3805.2000,1,1,1,1,2,1,1,2,1,1
SF,IF2012,2020-05-19 09:32:17.900,3800.0000,3411,0,308669640.000,0,-,-,-,-,3799.0000,3798.8000,3798.4000,3798.0000,3797.2000,3800.6000,3801.0000,3801.2000,3803.0000,3805.2000,2,1,1,2,2,3,1,2,1,1
SF,IF2012,2020-05-19 09:32:18.400,3800.0000,3411,0,308669640.000,0,-,-,-,-,3799.0000,3798.4000,3798.0000,3797.2000,3795.8000,3800.6000,3801.0000,3801.2000,3803.0000,3805.2000,2,1,2,2,3,3,1,2,1,1
SF,IF2012,2020-05-19 09:32:18.900,3800.0000,3411,0,308669640.000,0,-,-,-,-,3798.4000,3798.0000,3797.2000,3795.8000,3795.4000,3800.4000,3800.6000,3801.0000,3801.2000,3803.0000,1,2,2,3,1,2,2,1,2,1
SF,IF2012,2020-05-19 09:32:19.400,3800.0000,3411,0,308669640.000,0,-,-,-,-,3798.6000,3798.4000,3798.0000,3797.2000,3795.8000,3800.2000,3800.4000,3800.6000,3801.0000,3801.2000,1,1,2,2,3,1,2,1,1,2
SF,IF2012,2020-05-19 09:32:19.900,3800.0000,3411,0,308669640.000,0,-,-,-,-,3798.8000,3798.6000,3798.4000,3798.0000,3797.2000,3800.6000,3801.0000,3801.2000,3803.0000,3805.2000,1,1,1,2,2,1,1,2,1,1
SF,IF2012,2020-05-19 09:32:20.400,3799.0000,3411,0,309809340.000,1,0,1,多换,S,3798.4000,3798.0000,3797.2000,3795.8000,3795.4000,3798.8000,3800.4000,3800.6000,3801.0000,3801.2000,1,2,2,3,1,1,1,1,1,2
SF,IF2012,2020-05-19 09:32:20.900,3798.8000,3410,-1,310948980.000,1,0,1,双平,S,3799.0000,3798.0000,3797.2000,3795.8000,3795.4000,3800.6000,3801.0000,3801.2000,3803.0000,3805.2000,9,2,2,3,1,1,1,2,1,1
SF,IF2012,2020-05-19 09:32:21.400,3798.8000,3410,0,310948980.000,0,-,-,-,-,3799.0000,3798.0000,3797.2000,3795.8000,3795.4000,3800.4000,3800.6000,3801.0000,3801.2000,3803.0000,9,2,2,3,1,3,1,1,2,1
SF,IF2012,2020-05-19 09:32:21.900,3798.8000,3410,0,310948980.000,0,-,-,-,-,3799.2000,3799.0000,3798.0000,3797.2000,3795.8000,3800.4000,3800.6000,3801.0000,3801.2000,3803.0000,1,9,2,2,3,2,1,1,2,1
SF,IF2012,2020-05-19 09:32:22.400,3798.8000,3410,0,310948980.000,0,-,-,-,-,3799.2000,3799.0000,3798.0000,3797.2000,3795.8000,3800.4000,3800.6000,3801.0000,3801.2000,3803.0000,1,9,2,2,3,1,1,1,2,1
SF,IF2012,2020-05-19 09:32:22.900,3798.8000,3410,0,310948980.000,0,-,-,-,-,3799.0000,3798.0000,3797.2000,3795.8000,3795.4000,3800.2000,3800.6000,3801.0000,3801.2000,3803.0000,9,2,2,3,1,1,1,1,2,1
SF,IF2012,2020-05-19 09:32:23.400,3798.8000,3410,0,310948980.000,0,-,-,-,-,3799.0000,3798.0000,3797.2000,3795.8000,3795.4000,3800.6000,3801.0000,3801.2000,3803.0000,3805.2000,9,2,2,3,1,1,1,2,1,1
SF,IF2012,2020-05-19 09:32:23.900,3798.8000,3410,0,310948980.000,0,-,-,-,-,3799.0000,3798.0000,3797.2000,3795.8000,3795.4000,3800.4000,3800.6000,3801.0000,3801.2000,3803.0000,8,2,2,3,1,2,1,1,2,1
SF,IF2012,2020-05-19 09:32:24.900,3798.8000,3410,0,310948980.000,0,-,-,-,-,3799.0000,3798.0000,3797.2000,3795.8000,3795.4000,3800.2000,3800.4000,3800.6000,3801.0000,3801.2000,8,2,2,3,1,1,2,1,1,2
SF,IF2012,2020-05-19 09:32:25.400,3798.8000,3410,0,310948980.000,0,-,-,-,-,3799.0000,3798.0000,3797.2000,3795.8000,3795.4000,3800.0000,3800.2000,3800.6000,3801.0000,3801.2000,8,2,2,3,1,1,1,1,1,2
SF,IF2012,2020-05-19 09:32:25.900,3798.8000,3410,0,310948980.000,0,-,-,-,-,3799.0000,3798.0000,3797.2000,3795.8000,3795.4000,3800.2000,3800.6000,3801.0000,3801.2000,3803.0000,8,2,2,3,1,1,1,1,2,1
SF,IF2012,2020-05-19 09:32:26.400,3798.8000,3410,0,310948980.000,0,-,-,-,-,3799.0000,3798.0000,3797.2000,3795.8000,3795.4000,3800.0000,3800.2000,3800.6000,3801.0000,3801.2000,8,2,2,3,1,1,1,1,1,2
SF,IF2012,2020-05-19 09:32:26.900,3798.8000,3410,0,310948980.000,0,-,-,-,-,3799.0000,3798.0000,3797.2000,3795.8000,3795.4000,3799.8000,3800.2000,3800.6000,3801.0000,3801.2000,8,2,2,3,1,1,1,1,1,2
SF,IF2012,2020-05-19 09:32:27.400,3798.8000,3410,0,310948980.000,0,-,-,-,-,3799.0000,3798.0000,3797.2000,3795.8000,3795.4000,3800.2000,3800.6000,3801.0000,3801.2000,3803.0000,8,2,2,3,1,1,1,1,2,1
SF,IF2012,2020-05-19 09:32:27.900,3798.8000,3410,0,310948980.000,0,-,-,-,-,3799.0000,3798.0000,3797.2000,3795.8000,3795.4000,3800.0000,3800.2000,3800.6000,3801.0000,3801.2000,8,2,2,3,1,1,1,1,1,2
SF,IF2012,2020-05-19 09:32:28.400,3798.8000,3410,0,310948980.000,0,-,-,-,-,3799.0000,3798.0000,3797.2000,3795.8000,3795.4000,3799.8000,3800.2000,3800.6000,3801.0000,3801.2000,8,2,2,3,1,1,1,1,1,2
SF,IF2012,2020-05-19 09:32:28.900,3798.8000,3410,0,310948980.000,0,-,-,-,-,3799.0000,3798.0000,3797.2000,3795.8000,3795.0000,3799.6000,3800.2000,3800.6000,3801.0000,3801.2000,8,2,2,3,82,1,1,1,1,2
SF,IF2012,2020-05-19 09:32:29.400,3798.8000,3410,0,310948980.000,0,-,-,-,-,3799.0000,3798.0000,3797.2000,3795.8000,3795.0000,3800.2000,3800.6000,3801.0000,3801.2000,3801.6000,8,2,2,3,82,1,1,1,2,1
SF,IF2012,2020-05-19 09:32:29.900,3798.8000,3410,0,310948980.000,0,-,-,-,-,3799.0000,3798.0000,3797.2000,3795.8000,3795.0000,3800.0000,3800.2000,3800.6000,3801.0000,3801.2000,8,2,2,3,82,1,1,1,1,2
SF,IF2012,2020-05-19 09:32:30.400,3798.8000,3410,0,310948980.000,0,-,-,-,-,3799.0000,3798.0000,3797.2000,3795.8000,3795.0000,3799.8000,3800.2000,3800.6000,3801.0000,3801.2000,8,2,2,3,82,1,1,1,1,2
SF,IF2012,2020-05-19 09:32:30.900,3798.8000,3410,0,310948980.000,0,-,-,-,-,3799.2000,3799.0000,3798.0000,3797.2000,3795.8000,3800.2000,3800.6000,3801.0000,3801.2000,3801.6000,4,8,2,2,3,1,1,1,2,1
SF,IF2012,2020-05-19 09:32:31.400,3798.8000,3410,0,310948980.000,0,-,-,-,-,3799.2000,3799.0000,3798.0000,3797.2000,3795.8000,3800.0000,3800.6000,3801.0000,3801.2000,3801.6000,4,8,2,2,3,1,1,1,2,1
SF,IF2012,2020-05-19 09:32:31.900,3798.8000,3410,0,310948980.000,0,-,-,-,-,3799.0000,3798.0000,3797.2000,3795.8000,3795.0000,3801.0000,3801.2000,3801.6000,3803.0000,3805.2000,8,2,2,3,82,1,2,1,1,1
SF,IF2012,2020-05-19 09:32:32.400,3798.8000,3410,0,310948980.000,0,-,-,-,-,3799.0000,3798.0000,3797.2000,3795.8000,3795.0000,3800.8000,3801.0000,3801.2000,3801.6000,3803.0000,8,2,2,3,82,2,1,2,1,1
SF,IF2012,2020-05-19 09:32:32.900,3798.8000,3410,0,310948980.000,0,-,-,-,-,3799.0000,3798.0000,3797.2000,3795.8000,3795.0000,3800.8000,3801.0000,3801.2000,3801.6000,3803.0000,8,2,2,3,82,2,1,2,1,1
SF,IF2012,2020-05-19 09:32:33.400,3798.8000,3410,0,310948980.000,0,-,-,-,-,3799.0000,3798.8000,3798.0000,3797.2000,3795.8000,3800.8000,3801.0000,3801.2000,3801.6000,3803.0000,8,1,2,2,3,2,1,2,1,1
SF,IF2012,2020-05-19 09:32:33.900,3798.8000,3410,0,310948980.000,0,-,-,-,-,3799.2000,3799.0000,3798.8000,3798.0000,3797.2000,3800.8000,3801.0000,3801.2000,3801.6000,3803.0000,1,8,1,2,2,2,1,2,1,1
SF,IF2012,2020-05-19 09:32:34.400,3798.8000,3410,0,310948980.000,0,-,-,-,-,3799.2000,3799.0000,3798.8000,3798.0000,3797.2000,3800.6000,3800.8000,3801.0000,3801.2000,3801.6000,1,8,2,1,2,1,1,1,2,1
SF,IF2012,2020-05-19 09:32:34.900,3798.8000,3410,0,310948980.000,0,-,-,-,-,3799.0000,3798.8000,3798.0000,3797.2000,3795.8000,3800.4000,3800.6000,3801.0000,3801.2000,3801.6000,8,2,1,2,3,1,1,1,2,1
SF,IF2012,2020-05-19 09:32:35.400,3798.8000,3410,0,310948980.000,0,-,-,-,-,3799.0000,3798.8000,3798.0000,3797.2000,3795.8000,3800.2000,3800.6000,3801.0000,3801.2000,3801.6000,8,2,1,2,3,1,1,1,2,1
SF,IF2012,2020-05-19 09:32:35.900,3798.8000,3410,0,310948980.000,0,-,-,-,-,3799.0000,3798.8000,3798.0000,3797.2000,3795.8000,3800.0000,3801.0000,3801.2000,3801.6000,3803.0000,8,2,1,2,2,1,1,2,1,1
SF,IF2012,2020-05-19 09:32:36.400,3799.0000,3409,-1,320066580.000,8,3,5,多平,S,3798.8000,3798.0000,3797.2000,3795.8000,3795.0000,3799.0000,3799.8000,3801.0000,3801.2000,3801.6000,2,1,2,2,82,3,1,1,2,1
SF,IF2012,2020-05-19 09:32:36.900,3798.8000,3409,0,322345860.000,2,1,1,多换,S,3798.0000,3797.2000,3795.8000,3795.0000,3785.0000,3799.0000,3801.0000,3801.2000,3801.6000,3803.0000,1,2,2,82,1,3,1,2,1,1
SF,IF2012,2020-05-19 09:32:37.400,3798.0000,3408,-1,323485260.000,1,0,1,双平,S,3797.2000,3795.8000,3795.0000,3785.0000,3780.0000,3798.0000,3798.8000,3799.0000,3801.0000,3801.2000,2,2,82,1,5,1,4,3,1,2
SF,IF2012,2020-05-19 09:32:37.900,3798.0000,3408,0,323485260.000,0,-,-,-,-,3797.2000,3795.8000,3795.0000,3785.0000,3780.0000,3798.8000,3799.0000,3801.0000,3801.2000,3801.6000,2,2,82,1,5,3,3,1,2,1
SF,IF2012,2020-05-19 09:32:38.400,3798.0000,3408,0,323485260.000,0,-,-,-,-,3797.2000,3795.8000,3795.0000,3785.0000,3780.0000,3798.6000,3798.8000,3801.0000,3801.2000,3801.6000,2,2,82,1,5,2,2,1,2,1
SF,IF2012,2020-05-19 09:32:38.900,3798.0000,3408,0,323485260.000,0,-,-,-,-,3797.2000,3795.8000,3795.0000,3785.0000,3780.0000,3798.6000,3798.8000,3801.0000,3801.2000,3801.6000,2,2,82,1,5,2,1,1,2,1
SF,IF2012,2020-05-19 09:32:40.900,3798.0000,3408,0,323485260.000,0,-,-,-,-,3797.2000,3795.8000,3795.0000,3785.0000,3780.0000,3798.6000,3798.8000,3801.0000,3801.2000,3801.6000,2,2,62,1,5,2,1,1,2,1
SF,IF2012,2020-05-19 09:32:41.400,3798.8000,3406,-2,326904060.000,3,0,3,多平,S,3800.0000,3797.2000,3795.8000,3795.0000,3785.0000,3801.0000,3801.2000,3801.6000,3803.0000,3805.2000,17,2,2,62,1,1,2,1,1,1
SF,IF2012,2020-05-19 09:32:41.900,3800.0000,3393,-13,342863940.000,14,0,14,多平,S,3800.0000,3797.2000,3795.8000,3795.0000,3785.0000,3800.6000,3800.8000,3801.0000,3801.2000,3801.6000,3,2,2,62,1,1,3,1,2,1
SF,IF2012,2020-05-19 09:32:42.400,3800.0000,3391,-2,346283940.000,3,0,3,多平,S,3797.2000,3795.8000,3795.0000,3785.0000,3780.0000,3800.0000,3800.4000,3800.8000,3801.0000,3801.2000,2,2,62,1,5,1,2,2,1,2
SF,IF2012,2020-05-19 09:32:42.900,3800.0000,3391,0,346283940.000,0,-,-,-,-,3797.4000,3797.2000,3795.8000,3795.0000,3785.0000,3799.8000,3800.0000,3800.4000,3800.8000,3801.0000,4,2,2,62,1,1,1,1,2,1
SF,IF2012,2020-05-19 09:32:43.400,3800.0000,3391,0,346283940.000,0,-,-,-,-,3798.2000,3797.6000,3797.4000,3797.2000,3795.8000,3799.8000,3800.0000,3800.4000,3801.0000,3801.2000,1,4,2,2,2,1,2,2,1,2
SF,IF2012,2020-05-19 09:32:43.900,3800.0000,3391,0,346283940.000,0,-,-,-,-,3798.4000,3798.2000,3797.6000,3797.4000,3797.2000,3799.6000,3800.0000,3800.4000,3801.0000,3801.2000,3,1,2,1,2,1,2,2,2,2
SF,IF2012,2020-05-19 09:32:44.400,3800.0000,3391,0,346283940.000,0,-,-,-,-,3798.4000,3798.2000,3797.6000,3797.4000,3797.2000,3800.4000,3801.0000,3801.2000,3801.6000,3803.0000,1,1,2,1,2,1,2,2,1,1
SF,IF2012,2020-05-19 09:32:44.900,3800.0000,3391,0,346283940.000,0,-,-,-,-,3798.4000,3797.4000,3797.2000,3795.8000,3795.0000,3800.2000,3800.4000,3801.0000,3801.2000,3801.6000,1,1,2,2,62,2,1,2,2,1
SF,IF2012,2020-05-19 09:32:45.400,3798.6000,3389,-2,348563100.000,2,0,2,双平,S,3798.6000,3798.4000,3797.4000,3797.2000,3795.8000,3800.2000,3800.4000,3801.0000,3801.2000,3801.6000,2,1,1,2,2,2,1,2,2,1
SF,IF2012,2020-05-19 09:32:45.900,3798.6000,3389,0,348563100.000,0,-,-,-,-,3798.8000,3798.6000,3798.4000,3797.4000,3797.2000,3800.0000,3800.2000,3801.0000,3801.2000,3801.6000,1,1,1,1,2,1,2,2,2,1
SF,IF2012,2020-05-19 09:32:46.400,3798.8000,3388,-1,349702740.000,1,0,1,双平,S,3799.0000,3798.6000,3798.4000,3797.4000,3797.2000,3799.8000,3800.0000,3800.2000,3801.0000,3801.2000,1,1,1,1,2,1,1,1,2,2
SF,IF2012,2020-05-19 09:32:46.900,3799.0000,3388,0,350842440.000,1,0,1,多换,S,3798.6000,3798.4000,3797.4000,3797.2000,3795.8000,3800.2000,3801.0000,3801.2000,3801.6000,3803.0000,1,1,1,2,2,1,2,2,1,1
SF,IF2012,2020-05-19 09:32:47.400,3799.0000,3388,0,350842440.000,0,-,-,-,-,3798.6000,3798.4000,3797.4000,3797.2000,3795.8000,3800.0000,3800.2000,3800.6000,3801.0000,3801.2000,1,1,1,2,2,3,1,1,1,2
SF,IF2012,2020-05-19 09:32:47.900,3800.0000,3385,-3,356541600.000,5,1,4,多平,S,3800.0000,3798.4000,3797.2000,3795.8000,3795.0000,3800.6000,3801.0000,3801.2000,3801.6000,3803.0000,16,1,2,2,42,1,1,2,1,1
SF,IF2012,2020-05-19 09:32:48.400,3800.0000,3377,-8,365661600.000,8,0,8,双平,S,3800.0000,3798.4000,3797.2000,3795.8000,3795.0000,3800.4000,3800.6000,3801.0000,3801.2000,3801.6000,8,1,2,2,42,2,1,1,2,1
SF,IF2012,2020-05-19 09:32:48.900,3800.0000,3374,-3,369081600.000,3,0,3,双平,S,3800.0000,3798.4000,3797.2000,3795.8000,3795.0000,3800.4000,3801.0000,3801.2000,3801.6000,3803.0000,5,1,2,2,42,2,1,2,1,1
SF,IF2012,2020-05-19 09:32:49.400,3800.0000,3370,-4,373641600.000,4,0,4,双平,S,3800.0000,3798.4000,3797.2000,3795.8000,3795.0000,3800.2000,3800.4000,3801.0000,3801.2000,3801.6000,1,1,2,2,42,1,1,1,2,1
SF,IF2012,2020-05-19 09:32:49.900,3800.0000,3369,-1,374781600.000,1,0,1,双平,S,3798.4000,3797.2000,3795.8000,3795.0000,3785.0000,3800.0000,3800.2000,3800.4000,3801.0000,3801.2000,1,2,2,42,1,1,1,1,1,2
SF,IF2012,2020-05-19 09:32:50.400,3800.0000,3369,0,374781600.000,0,-,-,-,-,3798.6000,3798.4000,3797.2000,3795.8000,3795.0000,3800.0000,3800.2000,3800.4000,3801.0000,3801.2000,3,1,2,2,42,1,1,1,1,2
SF,IF2012,2020-05-19 09:32:50.900,3800.0000,3369,0,374781600.000,0,-,-,-,-,3798.8000,3798.6000,3797.2000,3795.8000,3795.0000,3800.2000,3800.4000,3801.0000,3801.2000,3801.6000,1,3,2,2,42,1,1,1,2,1
SF,IF2012,2020-05-19 09:32:51.400,3798.8000,3368,-1,375921240.000,1,0,1,双平,S,3798.6000,3797.2000,3795.8000,3795.0000,3785.0000,3800.2000,3800.4000,3801.0000,3801.2000,3801.6000,2,2,2,42,1,1,1,1,2,1
SF,IF2012,2020-05-19 09:32:51.900,3798.8000,3366,-2,379340640.000,3,0,3,多平,S,3798.8000,3797.2000,3795.8000,3795.0000,3785.0000,3800.4000,3801.0000,3801.2000,3801.6000,3803.0000,3,2,2,42,1,1,1,2,1,1
SF,IF2012,2020-05-19 09:32:52.400,3798.8000,3366,0,379340640.000,0,-,-,-,-,3799.0000,3798.8000,3797.2000,3795.8000,3795.0000,3800.4000,3801.0000,3801.2000,3801.6000,3803.0000,3,1,2,2,42,1,1,2,1,1
SF,IF2012,2020-05-19 09:32:52.900,3799.0000,3365,-1,382759740.000,3,1,2,多平,S,3799.0000,3797.2000,3795.8000,3795.0000,3785.0000,3800.4000,3801.0000,3801.2000,3801.6000,3803.0000,1,2,2,42,1,1,1,2,1,1
SF,IF2012,2020-05-19 09:32:53.400,3799.0000,3365,0,382759740.000,0,-,-,-,-,3799.0000,3797.2000,3795.8000,3795.0000,3785.0000,3800.2000,3800.4000,3801.0000,3801.2000,3801.6000,1,2,2,42,1,1,1,1,2,1
SF,IF2012,2020-05-19 09:32:53.900,3799.0000,3365,0,382759740.000,0,-,-,-,-,3797.2000,3795.8000,3795.0000,3785.0000,3780.0000,3799.0000,3800.0000,3800.4000,3801.0000,3801.2000,2,2,42,1,5,2,1,1,1,2
SF,IF2012,2020-05-19 09:32:54.400,3799.0000,3363,-2,385039140.000,2,0,2,双平,S,3797.4000,3797.2000,3795.8000,3795.0000,3785.0000,3800.4000,3801.0000,3801.2000,3801.6000,3803.0000,3,2,2,42,1,1,1,2,1,1
SF,IF2012,2020-05-19 09:32:54.900,3799.0000,3363,0,385039140.000,0,-,-,-,-,3800.0000,3797.4000,3797.2000,3795.8000,3795.0000,3800.2000,3800.4000,3801.0000,3801.2000,3801.6000,20,2,2,2,22,1,2,1,2,1
SF,IF2012,2020-05-19 09:32:55.400,3800.0000,3354,-9,395298960.000,9,0,9,双平,S,3800.0000,3797.6000,3797.4000,3797.2000,3795.8000,3800.2000,3800.4000,3801.0000,3801.2000,3801.6000,11,1,1,2,2,1,2,1,2,1
SF,IF2012,2020-05-19 09:32:55.900,3800.0000,3347,-7,403278960.000,7,0,7,双平,S,3800.0000,3797.6000,3797.4000,3797.2000,3795.8000,3800.2000,3800.4000,3801.0000,3801.2000,3801.6000,4,1,1,2,2,1,1,1,2,1
SF,IF2012,2020-05-19 09:32:56.400,3800.0000,3344,-3,406698960.000,3,0,3,双平,S,3800.0000,3797.6000,3797.4000,3797.2000,3795.8000,3800.2000,3800.4000,3801.0000,3801.2000,3801.6000,1,1,1,2,2,1,1,1,2,1
SF,IF2012,2020-05-19 09:32:56.900,3800.0000,3343,-1,407838960.000,1,0,1,双平,S,3797.6000,3797.4000,3797.2000,3795.8000,3795.0000,3800.0000,3800.2000,3800.4000,3801.0000,3801.2000,1,1,2,2,22,1,1,2,1,2
SF,IF2012,2020-05-19 09:32:57.400,3800.0000,3343,0,407838960.000,0,-,-,-,-,3797.8000,3797.6000,3797.2000,3795.8000,3795.0000,3800.4000,3801.0000,3801.2000,3801.6000,3802.6000,2,3,2,2,22,2,1,2,1,1
SF,IF2012,2020-05-19 09:32:57.900,3800.0000,3343,0,407838960.000,0,-,-,-,-,3797.8000,3797.6000,3797.2000,3795.8000,3795.0000,3800.0000,3800.2000,3800.4000,3801.0000,3801.2000,2,3,2,2,22,1,1,2,1,2
SF,IF2012,2020-05-19 09:32:58.400,3800.0000,3343,0,407838960.000,0,-,-,-,-,3797.8000,3797.6000,3797.2000,3795.8000,3795.0000,3800.0000,3800.4000,3801.0000,3801.2000,3801.6000,2,3,2,2,22,2,2,1,2,1
SF,IF2012,2020-05-19 09:32:58.900,3800.0000,3343,0,407838960.000,0,-,-,-,-,3797.8000,3797.6000,3797.2000,3795.8000,3795.0000,3799.8000,3800.0000,3800.4000,3801.0000,3801.2000,2,3,2,2,22,1,2,2,1,2
SF,IF2012,2020-05-19 09:32:59.400,3800.0000,3343,0,407838960.000,0,-,-,-,-,3798.2000,3798.0000,3797.8000,3797.6000,3797.2000,3799.6000,3800.0000,3800.4000,3801.0000,3801.2000,1,4,1,3,2,2,2,1,1,2
SF,IF2012,2020-05-19 09:32:59.900,3800.0000,3343,0,407838960.000,0,-,-,-,-,3798.2000,3798.0000,3797.6000,3797.2000,3795.8000,3799.4000,3799.6000,3800.0000,3800.4000,3801.0000,1,3,2,2,2,1,2,1,1,1
SF,IF2012,2020-05-19 09:33:00.400,3800.0000,3343,0,407838960.000,0,-,-,-,-,3798.2000,3798.0000,3797.6000,3797.2000,3795.8000,3799.0000,3799.2000,3799.4000,3799.6000,3800.0000,1,3,2,2,2,1,1,1,1,1
SF,IF2012,2020-05-19 09:33:00.900,3800.0000,3343,0,407838960.000,0,-,-,-,-,3798.2000,3798.0000,3797.6000,3797.2000,3795.8000,3798.8000,3799.0000,3799.4000,3799.6000,3800.0000,1,2,1,2,2,1,1,1,1,1
SF,IF2012,2020-05-19 09:33:01.400,3800.0000,3343,0,407838960.000,0,-,-,-,-,3798.2000,3798.0000,3797.6000,3795.8000,3795.0000,3799.4000,3799.6000,3800.0000,3800.4000,3801.0000,1,2,1,2,22,1,1,1,1,2
SF,IF2012,2020-05-19 09:33:01.900,3800.0000,3343,0,407838960.000,0,-,-,-,-,3798.2000,3798.0000,3797.6000,3795.8000,3795.0000,3799.2000,3799.4000,3799.6000,3800.0000,3800.4000,1,2,1,2,22,1,1,1,1,1
SF,IF2012,2020-05-19 09:33:02.400,3800.0000,3343,0,407838960.000,0,-,-,-,-,3798.2000,3798.0000,3797.6000,3795.8000,3795.4000,3799.2000,3799.4000,3799.6000,3800.0000,3800.4000,1,2,1,2,1,1,1,1,2,1
SF,IF2012,2020-05-19 09:33:02.900,3800.0000,3343,0,407838960.000,0,-,-,-,-,3798.2000,3798.0000,3797.6000,3795.8000,3795.4000,3799.2000,3799.4000,3799.6000,3799.8000,3800.0000,1,2,1,2,1,1,1,1,1,2
SF,IF2012,2020-05-19 09:33:03.400,3799.2000,3343,0,408978720.000,1,0,1,多换,S,3798.2000,3798.0000,3797.6000,3795.8000,3795.4000,3799.4000,3799.6000,3799.8000,3800.0000,3800.4000,1,2,1,2,1,1,1,1,2,1
SF,IF2012,2020-05-19 09:33:03.900,3799.2000,3343,0,408978720.000,0,-,-,-,-,3798.2000,3798.0000,3797.6000,3795.8000,3795.4000,3799.2000,3799.4000,3799.6000,3799.8000,3800.0000,1,2,1,2,1,1,1,1,1,2
SF,IF2012,2020-05-19 09:33:04.400,3799.2000,3343,0,408978720.000,0,-,-,-,-,3798.4000,3798.2000,3797.6000,3795.8000,3795.4000,3799.6000,3799.8000,3800.0000,3800.4000,3801.0000,2,1,1,2,1,1,1,2,1,3
SF,IF2012,2020-05-19 09:33:04.900,3799.2000,3343,0,408978720.000,0,-,-,-,-,3798.4000,3798.2000,3797.6000,3795.8000,3795.4000,3799.4000,3799.6000,3799.8000,3800.0000,3800.4000,2,1,1,2,1,1,1,1,2,1
SF,IF2012,2020-05-19 09:33:05.400,3799.2000,3343,0,408978720.000,0,-,-,-,-,3798.4000,3798.2000,3797.6000,3795.8000,3795.4000,3799.6000,3799.8000,3800.0000,3800.4000,3801.0000,2,1,1,2,1,1,1,2,1,3
SF,IF2012,2020-05-19 09:33:05.900,3799.2000,3343,0,408978720.000,0,-,-,-,-,3798.6000,3798.2000,3797.6000,3795.8000,3795.4000,3799.8000,3800.0000,3800.4000,3801.0000,3801.2000,4,1,1,2,1,1,2,1,3,2
SF,IF2012,2020-05-19 09:33:06.400,3799.2000,3343,0,408978720.000,0,-,-,-,-,3798.8000,3798.6000,3798.2000,3797.6000,3795.8000,3799.8000,3800.0000,3800.4000,3801.0000,3801.2000,1,3,1,1,2,1,2,1,2,2
SF,IF2012,2020-05-19 09:33:06.900,3799.8000,3343,0,410118660.000,1,0,1,多换,S,3798.8000,3798.6000,3798.2000,3797.6000,3795.8000,3800.0000,3800.4000,3801.0000,3801.2000,3801.8000,2,1,1,1,2,2,1,1,2,1
SF,IF2012,2020-05-19 09:33:07.400,3799.8000,3343,0,410118660.000,0,-,-,-,-,3799.0000,3798.6000,3797.6000,3795.8000,3795.4000,3800.0000,3800.4000,3801.0000,3801.2000,3801.8000,3,1,1,2,1,2,1,1,2,1
SF,IF2012,2020-05-19 09:33:07.900,3799.8000,3343,0,410118660.000,0,-,-,-,-,3799.0000,3798.6000,3795.8000,3795.4000,3795.0000,3800.0000,3800.4000,3801.0000,3801.2000,3801.8000,3,1,2,1,22,2,1,2,2,1
SF,IF2012,2020-05-19 09:33:08.400,3799.8000,3343,0,410118660.000,0,-,-,-,-,3799.0000,3797.6000,3795.8000,3795.0000,3785.0000,3800.0000,3800.4000,3801.0000,3801.2000,3801.8000,2,1,2,22,1,2,1,2,2,1
SF,IF2012,2020-05-19 09:33:09.400,3799.8000,3343,0,410118660.000,0,-,-,-,-,3799.2000,3799.0000,3797.6000,3795.8000,3795.0000,3800.0000,3800.4000,3801.0000,3801.2000,3801.8000,1,1,1,2,22,2,1,2,2,1
SF,IF2012,2020-05-19 09:33:10.400,3799.2000,3342,-1,411258420.000,1,0,1,双平,S,3799.0000,3797.6000,3795.8000,3795.0000,3785.0000,3800.0000,3800.4000,3801.0000,3801.2000,3801.8000,1,1,2,22,1,2,1,2,2,1
SF,IF2012,2020-05-19 09:33:11.400,3799.2000,3342,0,411258420.000,0,-,-,-,-,3799.0000,3797.6000,3795.8000,3795.0000,3785.0000,3800.0000,3800.4000,3801.0000,3801.2000,3801.8000,1,1,2,22,1,2,1,1,2,1
SF,IF2012,2020-05-19 09:33:11.900,3800.0000,3343,1,412398420.000,1,1,0,双开,S,3799.0000,3797.6000,3795.8000,3795.0000,3785.0000,3800.0000,3800.4000,3801.0000,3801.2000,3801.8000,1,1,2,22,1,1,1,1,2,1
SF,IF2012,2020-05-19 09:33:12.400,3800.0000,3343,0,412398420.000,0,-,-,-,-,3795.8000,3795.0000,3785.0000,3780.0000,3762.8000,3800.0000,3800.4000,3801.0000,3801.2000,3801.8000,2,22,1,5,1,1,1,1,2,1
SF,IF2012,2020-05-19 09:33:12.900,3800.0000,3343,0,412398420.000,0,-,-,-,-,3799.2000,3796.0000,3795.8000,3795.0000,3785.0000,3800.0000,3800.4000,3801.0000,3801.2000,3801.8000,1,4,1,22,1,1,1,1,2,1
SF,IF2012,2020-05-19 09:33:13.400,3800.0000,3343,0,412398420.000,0,-,-,-,-,3796.0000,3795.8000,3795.0000,3785.0000,3780.0000,3800.0000,3800.4000,3801.0000,3801.2000,3801.8000,4,1,22,1,5,1,1,1,2,1
SF,IF2012,2020-05-19 09:33:13.900,3800.0000,3343,0,412398420.000,0,-,-,-,-,3798.2000,3797.2000,3796.2000,3796.0000,3795.0000,3800.0000,3800.4000,3801.0000,3801.2000,3801.8000,1,1,1,4,22,1,1,1,2,1
SF,IF2012,2020-05-19 09:33:14.400,3800.0000,3343,0,413538420.000,1,0,1,多换,S,3800.0000,3798.4000,3798.2000,3797.2000,3796.2000,3800.4000,3801.0000,3801.2000,3801.8000,3803.0000,1,3,1,1,1,1,1,2,1,1
SF,IF2012,2020-05-19 09:33:14.900,3800.0000,3342,-1,415818420.000,2,0,2,多平,S,3800.0000,3798.4000,3798.2000,3797.2000,3796.2000,3800.4000,3801.0000,3801.2000,3801.8000,3803.0000,1,2,1,1,1,1,1,2,1,1
SF,IF2012,2020-05-19 09:33:15.400,3800.0000,3342,0,416958420.000,1,0,1,多换,S,3798.8000,3798.4000,3797.2000,3796.2000,3796.0000,3800.0000,3800.4000,3801.0000,3801.2000,3801.8000,1,1,1,1,2,1,1,1,2,1
SF,IF2012,2020-05-19 09:33:15.900,3800.0000,3342,0,416958420.000,0,-,-,-,-,3799.0000,3798.8000,3798.4000,3797.2000,3796.2000,3800.0000,3800.4000,3801.0000,3801.2000,3801.8000,1,1,1,1,1,1,1,1,2,1
SF,IF2012,2020-05-19 09:33:16.400,3800.0000,3342,0,416958420.000,0,-,-,-,-,3799.2000,3798.8000,3798.4000,3797.2000,3796.2000,3800.4000,3801.0000,3801.2000,3801.8000,3803.0000,1,1,1,1,1,1,1,2,1,1
SF,IF2012,2020-05-19 09:33:16.900,3800.0000,3342,0,416958420.000,0,-,-,-,-,3799.4000,3799.2000,3798.8000,3798.4000,3797.2000,3800.4000,3801.0000,3801.2000,3801.8000,3803.0000,2,1,1,1,1,1,1,2,1,1
SF,IF2012,2020-05-19 09:33:17.400,3800.0000,3342,0,416958420.000,0,-,-,-,-,3799.4000,3799.2000,3798.8000,3798.4000,3797.2000,3800.4000,3801.0000,3801.2000,3801.8000,3803.0000,1,1,1,1,1,1,1,2,1,1
SF,IF2012,2020-05-19 09:33:17.900,3800.0000,3342,0,416958420.000,0,-,-,-,-,3799.4000,3798.8000,3798.4000,3797.2000,3796.2000,3800.4000,3801.0000,3801.2000,3801.8000,3803.0000,1,1,1,1,1,1,1,2,1,1
SF,IF2012,2020-05-19 09:33:18.400,3800.0000,3342,0,416958420.000,0,-,-,-,-,3798.8000,3798.4000,3797.2000,3796.2000,3795.0000,3800.4000,3801.0000,3801.2000,3801.8000,3803.0000,1,1,1,1,20,1,1,2,1,1
SF,IF2012,2020-05-19 09:33:18.900,3800.0000,3342,0,416958420.000,0,-,-,-,-,3799.0000,3798.8000,3798.4000,3797.2000,3796.2000,3800.4000,3801.0000,3801.2000,3801.8000,3803.0000,3,1,1,1,1,1,1,2,1,1
SF,IF2012,2020-05-19 09:33:19.400,3800.0000,3342,0,416958420.000,0,-,-,-,-,3799.0000,3798.8000,3798.4000,3797.2000,3796.2000,3800.2000,3800.4000,3801.0000,3801.2000,3801.8000,2,1,1,1,1,1,1,1,2,1
SF,IF2012,2020-05-19 09:33:19.900,3800.0000,3342,0,416958420.000,0,-,-,-,-,3799.0000,3798.8000,3798.4000,3796.2000,3795.0000,3800.2000,3800.4000,3801.0000,3801.2000,3801.8000,2,1,1,1,20,1,1,1,2,1
SF,IF2012,2020-05-19 09:33:20.400,3799.0000,3341,-1,419237820.000,2,0,2,多平,S,3798.8000,3798.4000,3796.2000,3795.0000,3785.0000,3800.4000,3801.0000,3801.2000,3801.8000,3803.0000,1,1,1,20,1,1,1,2,1,1
SF,IF2012,2020-05-19 09:33:20.900,3799.0000,3341,0,419237820.000,0,-,-,-,-,3798.8000,3798.4000,3796.2000,3785.0000,3780.0000,3800.2000,3800.4000,3801.0000,3801.2000,3801.8000,1,1,1,1,5,1,1,1,2,1
SF,IF2012,2020-05-19 09:33:21.400,3799.0000,3341,0,419237820.000,0,-,-,-,-,3800.0000,3798.8000,3798.4000,3796.2000,3785.0000,3800.2000,3800.4000,3801.0000,3801.2000,3801.8000,20,1,1,1,1,1,1,1,2,1
SF,IF2012,2020-05-19 09:33:21.900,3800.0000,3330,-11,432917820.000,12,0,12,多平,S,3800.0000,3798.8000,3796.2000,3785.0000,3780.0000,3800.4000,3801.0000,3801.2000,3801.8000,3803.0000,8,1,1,1,5,1,1,2,1,1
SF,IF2012,2020-05-19 09:33:22.400,3800.0000,3326,-4,437477820.000,4,0,4,双平,S,3800.0000,3798.8000,3796.2000,3785.0000,3780.0000,3800.4000,3801.0000,3801.2000,3801.8000,3803.0000,4,1,1,1,5,1,1,2,1,1
SF,IF2012,2020-05-19 09:33:22.900,3800.0000,3322,-4,442037820.000,4,0,4,双平,S,3799.0000,3798.8000,3796.2000,3785.0000,3780.0000,3800.4000,3801.0000,3801.2000,3801.8000,3803.0000,1,1,1,1,5,1,1,2,1,1
SF,IF2012,2020-05-19 09:33:23.400,3800.0000,3322,0,442037820.000,0,-,-,-,-,3799.0000,3798.8000,3796.2000,3785.0000,3780.0000,3800.2000,3800.4000,3801.0000,3801.2000,3801.8000,1,1,1,1,5,1,1,1,2,1
SF,IF2012,2020-05-19 09:33:23.900,3800.0000,3322,0,442037820.000,0,-,-,-,-,3799.0000,3798.8000,3796.2000,3785.0000,3780.0000,3800.4000,3801.0000,3801.2000,3801.8000,3803.0000,1,1,1,1,5,1,1,2,1,1
SF,IF2012,2020-05-19 09:33:24.400,3800.0000,3322,0,442037820.000,0,-,-,-,-,3799.0000,3798.8000,3796.2000,3785.0000,3780.0000,3800.0000,3800.4000,3801.0000,3801.2000,3803.0000,1,1,1,1,5,1,1,1,2,1
SF,IF2012,2020-05-19 09:33:25.400,3800.0000,3322,0,442037820.000,0,-,-,-,-,3798.8000,3796.2000,3785.0000,3780.0000,3762.8000,3800.0000,3800.4000,3801.0000,3801.2000,3803.0000,1,1,1,5,1,1,1,1,2,1
SF,IF2012,2020-05-19 09:33:25.900,3800.0000,3322,0,442037820.000,0,-,-,-,-,3799.2000,3799.0000,3798.8000,3796.2000,3785.0000,3800.0000,3800.4000,3801.0000,3801.2000,3803.0000,1,1,1,1,1,1,1,1,2,1
SF,IF2012,2020-05-19 09:33:26.400,3799.2000,3322,0,443177580.000,1,0,1,多换,S,3799.0000,3798.8000,3796.2000,3785.0000,3780.0000,3800.0000,3800.4000,3801.0000,3801.2000,3803.0000,1,1,1,1,5,1,1,1,2,1
SF,IF2012,2020-05-19 09:33:27.400,3799.2000,3322,0,443177580.000,0,-,-,-,-,3799.0000,3798.8000,3796.2000,3785.0000,3780.0000,3799.8000,3800.0000,3800.4000,3801.0000,3801.2000,1,1,1,1,5,1,1,1,1,2
SF,IF2012,2020-05-19 09:33:27.900,3799.2000,3322,0,443177580.000,0,-,-,-,-,3799.0000,3798.8000,3796.2000,3785.0000,3780.0000,3799.6000,3799.8000,3800.0000,3800.4000,3801.0000,1,1,1,1,5,1,1,1,1,1
SF,IF2012,2020-05-19 09:33:28.400,3799.2000,3322,0,443177580.000,0,-,-,-,-,3799.0000,3798.8000,3796.2000,3785.0000,3780.0000,3799.6000,3799.8000,3800.0000,3800.4000,3801.0000,1,1,1,1,5,1,1,2,1,1
SF,IF2012,2020-05-19 09:33:30.400,3799.0000,3321,-1,444317280.000,1,0,1,双平,S,3796.2000,3785.0000,3780.0000,3762.8000,3752.0000,3799.6000,3799.8000,3800.0000,3800.4000,3801.0000,1,1,5,1,1,1,1,2,1,1
SF,IF2012,2020-05-19 09:33:30.900,3799.0000,3321,0,444317280.000,0,-,-,-,-,3796.6000,3796.4000,3785.0000,3780.0000,3762.8000,3799.8000,3800.0000,3800.4000,3801.0000,3801.2000,1,3,1,5,1,1,2,1,1,2
SF,IF2012,2020-05-19 09:33:31.400,3799.0000,3321,0,444317280.000,0,-,-,-,-,3797.0000,3796.8000,3796.4000,3785.0000,3780.0000,3799.0000,3799.8000,3800.0000,3800.4000,3801.0000,1,2,3,1,5,1,1,2,1,1
SF,IF2012,2020-05-19 09:33:31.900,3799.0000,3321,0,445456980.000,1,0,1,多换,S,3797.6000,3797.2000,3796.8000,3796.4000,3785.0000,3799.8000,3800.0000,3800.4000,3801.0000,3801.2000,2,3,2,1,1,1,2,1,1,2
SF,IF2012,2020-05-19 09:33:32.400,3799.0000,3321,0,445456980.000,0,-,-,-,-,3797.8000,3797.6000,3797.2000,3796.8000,3796.4000,3800.0000,3800.4000,3801.0000,3801.2000,3803.0000,1,2,1,2,1,2,1,1,2,1
SF,IF2012,2020-05-19 09:33:32.900,3799.0000,3321,0,445456980.000,0,-,-,-,-,3797.8000,3797.6000,3796.8000,3785.0000,3780.0000,3800.0000,3800.4000,3801.0000,3801.2000,3803.0000,1,2,2,1,5,2,1,1,2,1
SF,IF2012,2020-05-19 09:33:33.400,3799.0000,3321,0,445456980.000,0,-,-,-,-,3797.8000,3797.6000,3796.8000,3785.0000,3780.0000,3799.8000,3800.0000,3800.4000,3801.0000,3801.2000,1,2,1,1,5,1,2,1,1,2
SF,IF2012,2020-05-19 09:33:33.900,3799.0000,3321,0,445456980.000,0,-,-,-,-,3798.0000,3797.8000,3797.6000,3796.8000,3785.0000,3799.8000,3800.0000,3800.4000,3801.0000,3801.2000,2,1,2,1,1,2,2,1,1,2
SF,IF2012,2020-05-19 09:33:34.400,3799.0000,3321,0,445456980.000,0,-,-,-,-,3798.0000,3797.8000,3797.6000,3785.0000,3780.0000,3799.8000,3800.0000,3800.4000,3801.0000,3801.2000,2,1,2,1,5,1,2,1,1,2
SF,IF2012,2020-05-19 09:33:34.900,3799.0000,3321,0,445456980.000,0,-,-,-,-,3798.0000,3797.8000,3797.6000,3785.0000,3780.0000,3799.6000,3799.8000,3800.0000,3800.4000,3801.0000,1,1,2,1,5,1,1,2,1,1
SF,IF2012,2020-05-19 09:33:35.400,3799.0000,3321,0,445456980.000,0,-,-,-,-,3797.6000,3785.0000,3780.0000,3762.8000,3752.0000,3799.4000,3799.6000,3800.0000,3800.4000,3801.0000,2,1,5,1,1,2,1,2,1,1
SF,IF2012,2020-05-19 09:33:35.900,3799.0000,3321,0,445456980.000,0,-,-,-,-,3797.8000,3797.6000,3785.0000,3780.0000,3762.8000,3799.2000,3799.4000,3799.6000,3800.0000,3800.4000,1,2,1,5,1,1,3,1,2,1
SF,IF2012,2020-05-19 09:33:36.400,3799.0000,3321,0,445456980.000,0,-,-,-,-,3797.6000,3785.0000,3780.0000,3762.8000,3752.0000,3799.0000,3799.2000,3799.4000,3799.6000,3800.0000,1,1,5,1,1,1,1,1,1,2
SF,IF2012,2020-05-19 09:33:36.900,3799.0000,3321,0,445456980.000,0,-,-,-,-,3797.8000,3797.6000,3785.0000,3780.0000,3762.8000,3799.0000,3799.2000,3799.4000,3799.6000,3800.0000,1,1,1,5,1,1,1,1,1,2
SF,IF2012,2020-05-19 09:33:37.400,3799.0000,3321,0,445456980.000,0,-,-,-,-,3798.0000,3797.6000,3785.0000,3780.0000,3762.8000,3799.2000,3800.0000,3800.4000,3801.0000,3801.2000,1,1,1,5,1,1,2,1,1,2
SF,IF2012,2020-05-19 09:33:37.900,3799.0000,3321,0,445456980.000,0,-,-,-,-,3798.2000,3797.6000,3785.0000,3780.0000,3762.8000,3800.0000,3800.4000,3801.0000,3801.2000,3803.0000,1,1,1,5,1,2,1,1,2,1
SF,IF2012,2020-05-19 09:33:38.400,3799.0000,3321,0,445456980.000,0,-,-,-,-,3798.4000,3797.6000,3785.0000,3780.0000,3762.8000,3799.8000,3800.0000,3800.4000,3801.0000,3801.2000,1,1,1,5,1,2,2,1,1,2
SF,IF2012,2020-05-19 09:33:38.900,3799.0000,3321,0,445456980.000,0,-,-,-,-,3797.6000,3785.0000,3780.0000,3762.8000,3752.0000,3799.8000,3800.0000,3800.4000,3801.0000,3801.2000,1,1,5,1,1,3,2,1,2,2
SF,IF2012,2020-05-19 09:33:39.400,3799.0000,3321,0,445456980.000,0,-,-,-,-,3797.6000,3785.0000,3780.0000,3762.8000,3752.0000,3799.8000,3800.0000,3800.4000,3801.0000,3801.2000,1,1,5,1,1,2,2,1,2,2
SF,IF2012,2020-05-19 09:33:39.900,3799.0000,3321,0,445456980.000,0,-,-,-,-,3797.8000,3797.6000,3785.0000,3780.0000,3762.8000,3799.8000,3800.0000,3800.4000,3801.0000,3801.2000,1,1,1,5,1,1,2,1,2,2
SF,IF2012,2020-05-19 09:33:40.400,3799.0000,3321,0,445456980.000,0,-,-,-,-,3798.0000,3797.8000,3797.6000,3785.0000,3780.0000,3799.8000,3800.0000,3800.4000,3801.0000,3801.2000,3,1,1,1,5,1,2,1,2,2
SF,IF2012,2020-05-19 09:33:40.900,3799.0000,3321,0,445456980.000,0,-,-,-,-,3798.6000,3798.0000,3797.6000,3785.0000,3780.0000,3800.0000,3800.4000,3801.0000,3801.2000,3803.0000,1,3,1,1,5,2,1,2,2,1
SF,IF2012,2020-05-19 09:33:41.400,3799.0000,3321,0,445456980.000,0,-,-,-,-,3798.6000,3798.0000,3797.6000,3785.0000,3780.0000,3799.6000,3799.8000,3800.0000,3800.4000,3801.0000,1,1,1,1,5,1,1,2,1,2
SF,IF2012,2020-05-19 09:33:41.900,3798.6000,3321,0,447736200.000,2,1,1,多换,S,3798.0000,3797.6000,3785.0000,3780.0000,3762.8000,3799.6000,3800.0000,3800.4000,3801.0000,3801.2000,1,1,1,5,1,1,2,1,2,2
SF,IF2012,2020-05-19 09:33:42.400,3798.6000,3321,0,447736200.000,0,-,-,-,-,3798.0000,3797.6000,3785.0000,3780.0000,3762.8000,3799.4000,3799.6000,3800.0000,3800.4000,3801.0000,1,1,1,5,1,2,1,2,1,2
SF,IF2012,2020-05-19 09:33:42.900,3798.6000,3321,0,447736200.000,0,-,-,-,-,3798.2000,3798.0000,3797.6000,3785.0000,3780.0000,3799.4000,3800.0000,3800.4000,3801.0000,3801.2000,2,1,1,1,5,1,3,1,2,2
SF,IF2012,2020-05-19 09:33:43.400,3798.6000,3321,0,447736200.000,0,-,-,-,-,3798.2000,3798.0000,3797.6000,3785.0000,3780.0000,3799.2000,3800.0000,3800.4000,3801.0000,3801.2000,1,1,1,1,5,1,3,1,2,2
SF,IF2012,2020-05-19 09:33:43.900,3798.6000,3321,0,447736200.000,0,-,-,-,-,3798.0000,3797.6000,3785.0000,3780.0000,3762.8000,3798.2000,3799.0000,3799.2000,3800.0000,3800.4000,1,1,1,5,1,3,1,1,3,1
SF,IF2012,2020-05-19 09:33:44.400,3798.2000,3318,-3,451154580.000,3,0,3,双平,S,3798.0000,3797.6000,3785.0000,3780.0000,3762.8000,3799.2000,3800.0000,3800.4000,3801.0000,3801.2000,1,1,1,5,1,1,3,1,2,2
SF,IF2012,2020-05-19 09:33:44.900,3798.2000,3318,0,451154580.000,0,-,-,-,-,3798.0000,3797.6000,3785.0000,3780.0000,3762.8000,3799.0000,3799.2000,3800.0000,3800.4000,3801.0000,1,1,1,5,1,1,1,3,1,2
SF,IF2012,2020-05-19 09:33:45.400,3798.2000,3318,0,451154580.000,0,-,-,-,-,3798.0000,3797.6000,3785.0000,3780.0000,3762.8000,3799.2000,3800.0000,3800.4000,3801.0000,3801.2000,1,1,1,5,1,1,3,1,2,2
SF,IF2012,2020-05-19 09:33:45.900,3798.2000,3318,0,451154580.000,0,-,-,-,-,3798.0000,3797.6000,3785.0000,3780.0000,3762.8000,3799.0000,3799.2000,3800.0000,3800.4000,3801.0000,1,1,1,5,1,1,1,2,1,2
SF,IF2012,2020-05-19 09:33:46.400,3798.2000,3318,0,451154580.000,0,-,-,-,-,3798.2000,3798.0000,3797.6000,3785.0000,3780.0000,3800.0000,3800.4000,3801.0000,3801.2000,3803.0000,1,1,1,1,5,2,1,2,2,1
SF,IF2012,2020-05-19 09:33:46.900,3798.2000,3318,0,451154580.000,0,-,-,-,-,3798.2000,3798.0000,3797.6000,3785.0000,3780.0000,3799.8000,3800.0000,3800.4000,3801.0000,3801.2000,1,1,1,1,5,2,2,1,2,2
SF,IF2012,2020-05-19 09:33:47.400,3798.2000,3318,0,451154580.000,0,-,-,-,-,3798.4000,3798.0000,3797.6000,3785.0000,3780.0000,3799.8000,3800.0000,3800.4000,3801.0000,3801.2000,1,1,1,1,5,3,3,1,2,2
SF,IF2012,2020-05-19 09:33:47.900,3798.2000,3318,0,451154580.000,0,-,-,-,-,3798.0000,3797.6000,3785.0000,3780.0000,3762.8000,3799.6000,3799.8000,3800.0000,3800.4000,3801.0000,1,1,1,5,1,1,3,3,1,2
SF,IF2012,2020-05-19 09:33:48.400,3798.2000,3318,0,451154580.000,0,-,-,-,-,3798.6000,3798.2000,3798.0000,3797.6000,3785.0000,3799.4000,3800.0000,3800.4000,3801.0000,3801.2000,2,1,1,1,1,3,3,1,2,2
SF,IF2012,2020-05-19 09:33:48.900,3798.2000,3318,0,451154580.000,0,-,-,-,-,3798.6000,3798.0000,3797.6000,3795.2000,3785.0000,3799.4000,3800.0000,3800.4000,3801.0000,3801.2000,2,1,1,2,1,3,3,1,2,2
SF,IF2012,2020-05-19 09:33:49.400,3798.2000,3318,0,451154580.000,0,-,-,-,-,3798.6000,3798.0000,3797.6000,3795.2000,3785.0000,3799.4000,3800.0000,3800.4000,3801.0000,3801.2000,2,1,1,2,1,2,3,1,2,2
SF,IF2012,2020-05-19 09:33:50.900,3798.2000,3318,0,451154580.000,0,-,-,-,-,3798.6000,3798.0000,3797.6000,3795.2000,3785.0000,3799.4000,3800.0000,3800.4000,3801.0000,3801.2000,2,1,1,2,1,2,3,1,2,2
SF,IF2012,2020-05-19 09:33:51.400,3798.2000,3318,0,451154580.000,0,-,-,-,-,3798.6000,3798.0000,3797.6000,3795.2000,3785.0000,3799.0000,3799.4000,3800.0000,3800.4000,3801.0000,2,1,1,2,1,1,2,2,1,2
SF,IF2012,2020-05-19 09:33:51.900,3799.0000,3317,-1,452294280.000,1,0,1,双平,S,3798.6000,3798.0000,3797.6000,3795.2000,3785.0000,3800.0000,3800.4000,3801.0000,3801.2000,3803.0000,2,1,1,2,1,2,1,2,2,1
SF,IF2012,2020-05-19 09:33:52.400,3799.0000,3317,0,452294280.000,0,-,-,-,-,3798.6000,3798.0000,3797.6000,3795.2000,3785.0000,3799.8000,3800.0000,3800.4000,3801.0000,3801.2000,2,1,1,2,1,2,2,1,2,2
SF,IF2012,2020-05-19 09:33:52.900,3798.6000,3317,0,454573440.000,2,1,1,多换,S,3798.0000,3797.6000,3795.2000,3785.0000,3780.0000,3798.6000,3799.8000,3800.0000,3800.4000,3801.0000,1,1,2,1,5,2,2,2,1,2
SF,IF2012,2020-05-19 09:33:53.400,3798.6000,3317,0,454573440.000,0,-,-,-,-,3798.0000,3797.6000,3795.2000,3785.0000,3780.0000,3798.6000,3800.0000,3800.4000,3801.0000,3801.2000,1,1,2,1,5,2,2,1,2,2
SF,IF2012,2020-05-19 09:33:54.400,3798.6000,3317,0,454573440.000,0,-,-,-,-,3798.0000,3797.6000,3795.2000,3785.0000,3780.0000,3800.0000,3800.4000,3801.0000,3801.2000,3803.0000,1,1,2,1,5,2,1,2,2,1
SF,IF2012,2020-05-19 09:33:54.900,3798.6000,3317,0,454573440.000,0,-,-,-,-,3798.2000,3798.0000,3797.6000,3795.2000,3785.0000,3799.8000,3800.0000,3800.4000,3801.0000,3801.2000,1,1,1,2,1,3,2,1,2,2
SF,IF2012,2020-05-19 09:33:55.400,3798.6000,3317,0,454573440.000,0,-,-,-,-,3798.2000,3798.0000,3797.6000,3795.2000,3785.0000,3799.6000,3799.8000,3800.0000,3800.4000,3801.0000,1,1,1,2,1,1,2,2,1,2
SF,IF2012,2020-05-19 09:33:55.900,3798.6000,3317,0,454573440.000,0,-,-,-,-,3798.0000,3797.6000,3795.2000,3785.0000,3780.0000,3799.4000,3799.6000,3799.8000,3800.0000,3800.4000,1,1,2,1,5,2,1,1,2,1
SF,IF2012,2020-05-19 09:33:57.400,3798.6000,3317,0,454573440.000,0,-,-,-,-,3797.6000,3795.2000,3785.0000,3780.0000,3762.8000,3799.4000,3799.6000,3799.8000,3800.0000,3800.4000,1,2,1,5,1,1,1,1,2,1
SF,IF2012,2020-05-19 09:33:57.900,3798.6000,3317,0,454573440.000,0,-,-,-,-,3797.8000,3797.6000,3795.2000,3785.0000,3780.0000,3800.0000,3800.4000,3801.0000,3801.2000,3803.0000,2,1,2,1,5,2,1,2,2,1
SF,IF2012,2020-05-19 09:33:58.900,3798.6000,3317,0,454573440.000,0,-,-,-,-,3798.2000,3797.8000,3797.6000,3795.2000,3785.0000,3800.0000,3800.4000,3801.0000,3801.2000,3803.0000,1,2,1,2,1,2,1,2,2,1
SF,IF2012,2020-05-19 09:33:59.400,3798.6000,3317,0,454573440.000,0,-,-,-,-,3798.2000,3797.8000,3797.6000,3795.2000,3785.0000,3799.8000,3800.0000,3800.4000,3801.0000,3801.2000,1,2,1,2,1,1,2,1,2,2
SF,IF2012,2020-05-19 09:33:59.900,3798.6000,3317,0,454573440.000,0,-,-,-,-,3798.2000,3797.8000,3797.6000,3795.2000,3785.0000,3799.6000,3800.0000,3800.4000,3801.0000,3801.2000,1,2,1,2,1,1,2,1,2,2
SF,IF2012,2020-05-19 09:34:00.400,3798.6000,3317,0,454573440.000,0,-,-,-,-,3798.4000,3798.2000,3797.8000,3797.6000,3795.2000,3799.4000,3799.8000,3800.0000,3800.4000,3801.0000,2,2,1,1,2,1,1,2,1,2
SF,IF2012,2020-05-19 09:34:00.900,3798.6000,3317,0,454573440.000,0,-,-,-,-,3798.4000,3798.2000,3797.8000,3797.6000,3795.2000,3799.8000,3800.0000,3800.4000,3801.0000,3801.2000,2,2,1,1,2,1,2,1,2,2
SF,IF2012,2020-05-19 09:34:01.400,3798.6000,3317,0,454573440.000,0,-,-,-,-,3798.2000,3797.8000,3797.6000,3795.2000,3785.0000,3799.4000,3799.6000,3799.8000,3800.0000,3800.4000,2,1,1,2,1,1,1,1,2,1
SF,IF2012,2020-05-19 09:34:01.900,3798.6000,3317,0,454573440.000,0,-,-,-,-,3798.2000,3797.8000,3797.6000,3795.2000,3785.0000,3799.4000,3799.8000,3800.0000,3800.4000,3801.0000,2,1,1,2,1,1,1,2,1,2
SF,IF2012,2020-05-19 09:34:03.400,3798.6000,3317,0,454573440.000,0,-,-,-,-,3798.2000,3797.8000,3797.6000,3795.2000,3785.0000,3799.2000,3799.4000,3800.0000,3800.4000,3801.0000,2,1,1,2,1,1,1,2,1,2
SF,IF2012,2020-05-19 09:34:03.900,3798.6000,3317,0,454573440.000,0,-,-,-,-,3798.2000,3797.6000,3795.2000,3785.0000,3780.0000,3799.2000,3799.4000,3800.0000,3800.4000,3801.0000,1,1,2,1,5,2,1,2,1,2
SF,IF2012,2020-05-19 09:34:04.400,3798.6000,3317,0,454573440.000,0,-,-,-,-,3798.2000,3797.6000,3795.2000,3785.0000,3780.0000,3799.0000,3799.2000,3799.4000,3800.0000,3800.4000,1,1,2,1,5,1,2,1,2,1
SF,IF2012,2020-05-19 09:34:04.900,3798.2000,3316,-1,455712900.000,1,0,1,双平,S,3797.6000,3795.2000,3785.0000,3780.0000,3762.8000,3798.8000,3799.2000,3799.4000,3800.0000,3800.4000,1,2,1,5,1,1,2,1,2,1
SF,IF2012,2020-05-19 09:34:05.400,3798.2000,3316,0,455712900.000,0,-,-,-,-,3797.6000,3795.2000,3785.0000,3780.0000,3762.8000,3798.6000,3798.8000,3799.2000,3799.4000,3800.0000,1,2,1,5,1,1,1,2,1,2
SF,IF2012,2020-05-19 09:34:05.900,3798.2000,3316,0,455712900.000,0,-,-,-,-,3797.6000,3795.2000,3785.0000,3780.0000,3762.8000,3798.8000,3799.2000,3799.4000,3800.0000,3800.4000,1,2,1,5,1,1,2,1,2,1
SF,IF2012,2020-05-19 09:34:06.400,3798.2000,3316,0,455712900.000,0,-,-,-,-,3797.8000,3797.6000,3795.2000,3785.0000,3780.0000,3798.8000,3799.2000,3800.0000,3800.4000,3801.0000,1,1,2,1,5,1,2,2,1,2
SF,IF2012,2020-05-19 09:34:06.900,3798.2000,3316,0,455712900.000,0,-,-,-,-,3797.8000,3797.6000,3795.2000,3785.0000,3780.0000,3798.8000,3799.2000,3800.0000,3800.4000,3801.0000,1,1,2,1,5,1,1,2,1,2
SF,IF2012,2020-05-19 09:34:07.400,3798.2000,3316,0,455712900.000,0,-,-,-,-,3797.8000,3797.6000,3795.2000,3785.0000,3780.0000,3798.6000,3800.0000,3800.4000,3801.0000,3801.2000,1,1,2,1,5,1,2,1,2,2
SF,IF2012,2020-05-19 09:34:07.900,3798.6000,3316,0,456852480.000,1,0,1,多换,S,3797.8000,3797.6000,3795.2000,3785.0000,3780.0000,3800.0000,3800.4000,3801.0000,3801.2000,3803.0000,1,1,2,1,5,2,1,2,2,1
SF,IF2012,2020-05-19 09:34:08.400,3798.6000,3316,0,456852480.000,0,-,-,-,-,3797.8000,3797.6000,3795.2000,3785.0000,3780.0000,3799.8000,3800.0000,3800.4000,3801.0000,3801.2000,1,1,2,1,5,1,2,1,2,2
SF,IF2012,2020-05-19 09:34:08.900,3798.6000,3316,0,456852480.000,0,-,-,-,-,3798.0000,3797.8000,3797.6000,3795.2000,3785.0000,3799.6000,3799.8000,3800.0000,3800.4000,3801.0000,1,1,1,2,1,1,1,2,1,2
SF,IF2012,2020-05-19 09:34:09.400,3798.6000,3316,0,456852480.000,0,-,-,-,-,3798.2000,3798.0000,3797.8000,3797.6000,3795.2000,3799.4000,3799.8000,3800.0000,3800.4000,3801.0000,1,1,1,1,2,1,1,2,1,2
SF,IF2012,2020-05-19 09:34:09.900,3798.6000,3316,0,456852480.000,0,-,-,-,-,3798.0000,3797.6000,3795.2000,3785.0000,3780.0000,3799.2000,3799.4000,3799.8000,3800.0000,3800.4000,1,1,2,1,5,1,2,1,2,1
SF,IF2012,2020-05-19 09:34:10.400,3798.6000,3316,0,456852480.000,0,-,-,-,-,3798.0000,3797.6000,3795.2000,3785.0000,3780.0000,3799.0000,3799.4000,3799.8000,3800.0000,3800.4000,1,1,2,1,5,1,1,1,2,1
SF,IF2012,2020-05-19 09:34:10.900,3798.0000,3315,-1,457991880.000,1,0,1,双平,S,3797.6000,3795.2000,3785.0000,3780.0000,3762.8000,3798.8000,3799.4000,3799.8000,3800.0000,3800.4000,1,2,1,5,1,2,1,1,2,1
SF,IF2012,2020-05-19 09:34:11.900,3798.0000,3315,0,457991880.000,0,-,-,-,-,3797.6000,3795.2000,3785.0000,3780.0000,3762.8000,3798.8000,3799.8000,3800.0000,3800.4000,3801.0000,1,2,1,5,1,2,1,2,1,2
SF,IF2012,2020-05-19 09:34:12.400,3798.0000,3315,0,457991880.000,0,-,-,-,-,3797.6000,3795.2000,3785.0000,3780.0000,3762.8000,3798.8000,3799.8000,3800.0000,3800.4000,3801.0000,1,2,1,5,1,2,1,2,1,2
SF,IF2012,2020-05-19 09:34:14.400,3798.8000,3316,1,459131520.000,1,1,0,双开,S,3797.6000,3795.2000,3785.0000,3780.0000,3762.8000,3798.8000,3799.8000,3800.0000,3800.4000,3801.0000,1,2,1,5,1,1,1,2,1,2
SF,IF2012,2020-05-19 09:34:14.900,3798.8000,3316,0,459131520.000,0,-,-,-,-,3797.6000,3795.2000,3785.0000,3780.0000,3762.8000,3798.6000,3800.0000,3800.4000,3801.0000,3801.2000,1,2,1,5,1,2,2,1,2,2
SF,IF2012,2020-05-19 09:34:16.400,3798.8000,3316,0,459131520.000,0,-,-,-,-,3797.6000,3795.2000,3785.0000,3780.0000,3762.8000,3798.4000,3798.6000,3800.0000,3801.0000,3801.2000,1,2,1,5,1,1,2,3,2,2
SF,IF2012,2020-05-19 09:34:16.900,3798.8000,3316,0,459131520.000,0,-,-,-,-,3797.6000,3795.2000,3785.0000,3780.0000,3762.8000,3798.2000,3798.4000,3798.6000,3800.0000,3801.0000,1,2,1,5,1,1,1,1,3,2
SF,IF2012,2020-05-19 09:34:17.400,3798.8000,3316,0,459131520.000,0,-,-,-,-,3797.6000,3795.2000,3785.0000,3780.0000,3762.8000,3798.0000,3798.4000,3798.6000,3800.0000,3801.0000,1,2,1,5,1,1,1,1,3,2
SF,IF2012,2020-05-19 09:34:17.900,3798.8000,3316,0,459131520.000,0,-,-,-,-,3797.6000,3795.2000,3785.0000,3780.0000,3762.8000,3798.4000,3798.6000,3800.0000,3801.0000,3801.2000,1,2,1,5,1,1,1,3,2,2
SF,IF2012,2020-05-19 09:34:18.400,3798.8000,3316,0,459131520.000,0,-,-,-,-,3797.6000,3795.2000,3785.0000,3780.0000,3762.8000,3798.2000,3798.4000,3798.6000,3800.0000,3801.0000,1,2,1,5,1,1,1,1,3,2
SF,IF2012,2020-05-19 09:34:18.900,3797.6000,3316,0,460270800.000,1,0,1,多换,S,3795.2000,3785.0000,3780.0000,3762.8000,3752.0000,3798.0000,3798.4000,3798.6000,3800.0000,3801.0000,2,1,5,1,1,1,1,1,3,2
SF,IF2012,2020-05-19 09:34:19.400,3797.6000,3316,0,460270800.000,0,-,-,-,-,3795.4000,3795.2000,3785.0000,3780.0000,3762.8000,3798.0000,3798.4000,3800.0000,3801.0000,3801.2000,2,2,1,5,1,1,1,3,2,2
SF,IF2012,2020-05-19 09:34:19.900,3797.6000,3316,0,460270800.000,0,-,-,-,-,3795.4000,3795.2000,3785.0000,3780.0000,3762.8000,3797.6000,3798.0000,3800.0000,3801.0000,3801.2000,2,2,1,5,1,1,1,3,2,2
SF,IF2012,2020-05-19 09:34:20.400,3797.6000,3316,0,460270800.000,0,-,-,-,-,3795.4000,3795.2000,3785.0000,3780.0000,3762.8000,3797.6000,3797.8000,3798.0000,3800.0000,3801.0000,2,2,1,5,1,1,1,1,3,2
SF,IF2012,2020-05-19 09:34:20.900,3797.6000,3316,0,460270800.000,0,-,-,-,-,3795.6000,3795.4000,3795.2000,3785.0000,3780.0000,3797.8000,3800.0000,3801.0000,3801.2000,3803.0000,1,2,2,1,5,1,3,2,2,1
SF,IF2012,2020-05-19 09:34:21.400,3797.6000,3316,0,460270800.000,0,-,-,-,-,3795.8000,3795.6000,3795.4000,3785.0000,3780.0000,3797.8000,3800.0000,3801.0000,3801.2000,3803.0000,1,1,1,1,5,1,3,2,2,1
SF,IF2012,2020-05-19 09:34:21.900,3796.0000,3316,0,461409600.000,1,0,1,多换,S,3796.0000,3795.8000,3795.6000,3785.0000,3780.0000,3797.6000,3800.0000,3801.0000,3801.2000,3803.0000,1,1,1,1,5,2,3,2,2,1
SF,IF2012,2020-05-19 09:34:22.400,3796.0000,3316,0,461409600.000,0,-,-,-,-,3796.2000,3795.8000,3795.6000,3785.0000,3780.0000,3797.6000,3800.0000,3801.0000,3801.2000,3803.0000,1,1,1,1,5,1,3,2,2,1
SF,IF2012,2020-05-19 09:34:22.900,3796.0000,3316,0,461409600.000,0,-,-,-,-,3796.2000,3795.8000,3795.6000,3785.0000,3780.0000,3797.6000,3800.0000,3801.0000,3801.2000,3803.0000,2,1,1,1,5,1,3,2,2,1
SF,IF2012,2020-05-19 09:34:23.400,3796.0000,3316,0,461409600.000,0,-,-,-,-,3796.2000,3795.8000,3795.6000,3785.0000,3780.0000,3797.6000,3800.0000,3801.0000,3801.2000,3803.0000,1,1,1,1,5,1,3,2,2,1
SF,IF2012,2020-05-19 09:34:23.900,3796.0000,3316,0,461409600.000,0,-,-,-,-,3796.2000,3795.8000,3795.6000,3785.0000,3780.0000,3797.4000,3797.6000,3800.0000,3801.0000,3801.2000,1,1,1,1,5,1,1,3,2,2
SF,IF2012,2020-05-19 09:34:24.400,3796.0000,3316,0,461409600.000,0,-,-,-,-,3796.2000,3795.8000,3795.6000,3785.0000,3780.0000,3797.6000,3800.0000,3801.0000,3801.2000,3803.0000,1,1,1,1,5,1,3,2,2,1
SF,IF2012,2020-05-19 09:34:24.900,3796.0000,3316,0,461409600.000,0,-,-,-,-,3796.2000,3795.8000,3785.0000,3780.0000,3762.8000,3797.4000,3797.6000,3800.0000,3801.0000,3801.2000,1,1,1,5,1,1,1,3,2,2
SF,IF2012,2020-05-19 09:34:25.400,3796.0000,3316,0,461409600.000,0,-,-,-,-,3785.0000,3780.0000,3762.8000,3752.0000,3750.0000,3797.6000,3800.0000,3801.0000,3801.2000,3803.0000,1,5,1,1,2,1,3,2,2,1
SF,IF2012,2020-05-19 09:34:25.900,3796.0000,3316,0,461409600.000,0,-,-,-,-,3793.0000,3790.8000,3788.6000,3785.8000,3785.4000,3797.2000,3797.6000,3800.0000,3801.0000,3801.2000,1,1,1,3,7,1,1,3,2,2
SF,IF2012,2020-05-19 09:34:26.400,3796.0000,3316,0,461409600.000,0,-,-,-,-,3793.2000,3790.8000,3788.6000,3785.8000,3785.4000,3797.2000,3797.6000,3800.0000,3801.0000,3801.2000,3,1,1,3,7,1,1,3,2,2
SF,IF2012,2020-05-19 09:34:26.900,3796.0000,3316,0,461409600.000,0,-,-,-,-,3793.2000,3790.8000,3788.8000,3788.6000,3785.8000,3797.6000,3800.0000,3801.0000,3801.2000,3803.0000,4,1,2,1,3,1,3,2,2,1
SF,IF2012,2020-05-19 09:34:27.400,3796.0000,3316,0,461409600.000,0,-,-,-,-,3793.8000,3793.2000,3790.8000,3788.8000,3788.6000,3797.4000,3797.6000,3800.0000,3801.0000,3801.2000,1,4,1,2,1,1,1,3,2,2
SF,IF2012,2020-05-19 09:34:27.900,3796.0000,3316,0,461409600.000,0,-,-,-,-,3794.0000,3793.8000,3793.4000,3793.2000,3790.8000,3797.4000,3797.6000,3800.0000,3801.0000,3801.2000,4,1,1,1,1,1,1,3,2,2
SF,IF2012,2020-05-19 09:34:28.400,3796.0000,3316,0,461409600.000,0,-,-,-,-,3794.2000,3794.0000,3793.8000,3793.2000,3790.8000,3797.4000,3797.6000,3800.0000,3801.0000,3801.2000,2,3,1,1,1,1,1,3,2,2
SF,IF2012,2020-05-19 09:34:28.900,3796.0000,3316,0,461409600.000,0,-,-,-,-,3794.4000,3794.2000,3794.0000,3793.8000,3793.2000,3797.4000,3797.6000,3800.0000,3801.0000,3801.2000,2,2,2,1,1,1,1,3,2,2
SF,IF2012,2020-05-19 09:34:29.400,3796.0000,3316,0,461409600.000,0,-,-,-,-,3794.6000,3794.4000,3794.2000,3794.0000,3793.8000,3797.4000,3797.6000,3800.0000,3801.0000,3801.2000,1,1,1,1,1,1,1,3,2,2
SF,IF2012,2020-05-19 09:34:29.900,3796.0000,3316,0,461409600.000,0,-,-,-,-,3794.8000,3794.6000,3794.2000,3794.0000,3793.2000,3797.4000,3797.6000,3800.0000,3801.0000,3801.2000,1,1,1,1,1,1,1,3,2,2
SF,IF2012,2020-05-19 09:34:30.900,3796.0000,3316,0,461409600.000,0,-,-,-,-,3794.8000,3794.6000,3794.2000,3794.0000,3793.2000,3797.4000,3797.6000,3800.0000,3801.0000,3801.2000,1,1,1,1,1,1,1,3,2,2
SF,IF2012,2020-05-19 09:34:31.400,3796.0000,3316,0,461409600.000,0,-,-,-,-,3794.6000,3794.2000,3793.2000,3789.0000,3788.8000,3797.2000,3797.4000,3800.0000,3801.0000,3801.2000,1,1,1,3,2,2,1,3,2,2
SF,IF2012,2020-05-19 09:34:31.900,3796.0000,3316,0,461409600.000,0,-,-,-,-,3794.2000,3793.2000,3789.0000,3788.8000,3787.2000,3797.0000,3797.2000,3800.0000,3801.0000,3801.2000,1,1,3,2,2,1,2,3,2,2
SF,IF2012,2020-05-19 09:34:32.400,3796.0000,3316,0,461409600.000,0,-,-,-,-,3794.4000,3793.2000,3789.0000,3788.8000,3787.2000,3796.8000,3797.0000,3800.0000,3801.0000,3801.2000,2,1,3,2,2,1,1,3,2,2
SF,IF2012,2020-05-19 09:34:32.900,3796.0000,3316,0,461409600.000,0,-,-,-,-,3794.4000,3793.2000,3789.0000,3788.8000,3787.2000,3796.6000,3796.8000,3800.0000,3801.0000,3801.2000,1,1,3,2,2,1,1,3,2,2
SF,IF2012,2020-05-19 09:34:33.400,3796.0000,3316,0,461409600.000,0,-,-,-,-,3789.0000,3788.8000,3787.2000,3785.4000,3785.2000,3796.6000,3796.8000,3800.0000,3801.0000,3801.2000,3,2,2,7,3,2,1,3,2,1
SF,IF2012,2020-05-19 09:34:33.900,3796.0000,3316,0,461409600.000,0,-,-,-,-,3789.4000,3789.2000,3789.0000,3788.8000,3787.2000,3796.6000,3796.8000,3800.0000,3801.0000,3801.2000,7,5,3,2,2,2,1,3,2,1
SF,IF2012,2020-05-19 09:34:34.400,3796.0000,3316,0,461409600.000,0,-,-,-,-,3789.6000,3789.4000,3789.2000,3789.0000,3788.8000,3796.4000,3796.6000,3800.0000,3801.0000,3801.2000,5,7,2,3,2,1,2,3,2,1
SF,IF2012,2020-05-19 09:34:34.900,3796.0000,3316,0,461409600.000,0,-,-,-,-,3791.0000,3790.2000,3790.0000,3789.8000,3789.6000,3796.2000,3796.4000,3796.6000,3800.0000,3801.0000,1,2,7,1,5,1,1,1,3,2
SF,IF2012,2020-05-19 09:34:35.400,3796.0000,3316,0,461409600.000,0,-,-,-,-,3791.2000,3791.0000,3790.2000,3790.0000,3789.8000,3796.2000,3796.4000,3796.6000,3800.0000,3801.0000,4,1,2,7,1,1,1,1,3,2
SF,IF2012,2020-05-19 09:34:35.900,3796.0000,3316,0,461409600.000,0,-,-,-,-,3791.4000,3791.2000,3791.0000,3790.0000,3789.6000,3796.2000,3796.4000,3800.0000,3801.0000,3801.2000,1,4,1,7,2,1,1,3,2,1
SF,IF2012,2020-05-19 09:34:36.400,3796.0000,3316,0,461409600.000,0,-,-,-,-,3792.0000,3791.8000,3791.6000,3791.4000,3791.2000,3796.2000,3796.4000,3800.0000,3801.0000,3801.2000,1,2,5,1,1,1,1,3,2,1
