市场代码,合约代码,时间,最新,持仓,增仓,成交额,成交量,开仓,平仓,成交类型,方向,买一价,买二价,买三价,买四价,买五价,卖一价,卖二价,卖三价,卖四价,卖五价,买一量,买二量,买三量,买四量,买五量,卖一量,卖二量,卖三量,卖四量,卖五量
SF,IF2002,2020-01-07 09:29:00.000,4167.0000,4038,0,5000400.000,4.000,-,-,-,-,4152.8000,4152.0000,4151.6000,4151.2000,4146.8000,4167.0000,4167.4000,4169.6000,4171.0000,4173.0000,1,1,1,1,1,4,1,1,1,7
SF,IF2002,2020-01-07 09:30:00.500,4167.0000,4039,1,6250500.000,1,1,0,双开,S,4154.8000,4153.6000,4153.2000,4153.0000,4152.8000,4160.0000,4160.8000,4161.2000,4162.6000,4163.4000,1,1,6,1,1,1,1,1,1,1
SF,IF2002,2020-01-07 09:30:01.000,4160.0000,4038,-1,7498500.000,1,0,1,双平,S,4155.2000,4155.0000,4154.8000,4153.6000,4153.0000,4159.8000,4160.8000,4161.2000,4162.6000,4163.4000,7,3,2,1,1,1,1,1,1,1
SF,IF2002,2020-01-07 09:30:01.500,4160.0000,4038,0,7498500.000,0,-,-,-,-,4155.4000,4155.2000,4155.0000,4154.8000,4153.6000,4159.8000,4161.2000,4162.6000,4163.4000,4163.8000,3,7,2,2,1,1,1,1,1,1
SF,IF2002,2020-01-07 09:30:02.000,4159.8000,4037,-1,8746440.000,1,0,1,双平,S,4155.8000,4155.4000,4155.2000,4155.0000,4154.8000,4159.8000,4161.2000,4161.8000,4162.6000,4163.4000,6,3,1,2,2,2,1,1,1,2
SF,IF2002,2020-01-07 09:30:02.500,4159.8000,4037,0,8746440.000,0,-,-,-,-,4156.4000,4156.0000,4155.8000,4155.4000,4155.2000,4159.6000,4159.8000,4161.2000,4161.8000,4162.6000,1,4,6,2,1,1,2,1,1,1
SF,IF2002,2020-01-07 09:30:03.000,4159.6000,4036,-1,9994320.000,1,0,1,双平,S,4156.8000,4156.6000,4156.0000,4155.8000,4155.4000,4159.8000,4161.2000,4162.6000,4163.4000,4164.6000,6,1,2,1,2,2,1,1,1,1
SF,IF2002,2020-01-07 09:30:03.500,4159.8000,4035,-1,11242260.000,1,0,1,双平,S,4157.2000,4157.0000,4156.8000,4156.0000,4155.8000,4159.8000,4162.6000,4163.4000,4165.0000,4165.8000,1,2,5,2,1,1,1,1,5,4
SF,IF2002,2020-01-07 09:30:04.000,4159.8000,4035,0,12490200.000,1,0,1,多换,S,4157.6000,4157.4000,4157.0000,4156.8000,4156.0000,4162.6000,4163.4000,4165.0000,4165.8000,4166.0000,1,3,1,4,2,1,1,5,4,2
SF,IF2002,2020-01-07 09:30:04.500,4162.2000,4036,1,16236180.000,3,2,1,空开,S,4158.0000,4157.8000,4157.6000,4157.4000,4157.0000,4162.2000,4162.4000,4162.6000,4163.4000,4165.0000,2,2,1,2,1,2,2,1,1,5
SF,IF2002,2020-01-07 09:30:05.000,4162.2000,4036,0,17484840.000,1,0,1,多换,S,4159.8000,4158.4000,4158.2000,4158.0000,4157.8000,4162.0000,4162.6000,4163.4000,4165.0000,4165.8000,1,1,1,2,2,2,1,1,5,4
SF,IF2002,2020-01-07 09:30:05.500,4158.4000,4036,0,19980300.000,2,1,1,多换,S,4158.2000,4158.0000,4157.8000,4157.4000,4157.0000,4161.4000,4162.0000,4165.8000,4166.0000,4166.4000,1,2,2,2,1,1,2,4,2,2
SF,IF2002,2020-01-07 09:30:06.000,4160.0000,4034,-2,23724720.000,3,0,3,多平,S,4158.6000,4158.2000,4157.8000,4157.4000,4157.0000,4162.0000,4165.6000,4165.8000,4166.0000,4166.4000,2,1,2,1,1,2,1,4,2,2
SF,IF2002,2020-01-07 09:30:06.500,4161.6000,4034,0,24973200.000,1,0,1,多换,S,4159.6000,4158.8000,4158.6000,4158.2000,4157.8000,4162.0000,4165.6000,4165.8000,4166.0000,4166.4000,1,7,2,1,2,1,1,4,1,2
SF,IF2002,2020-01-07 09:30:07.000,4162.0000,4033,-1,26221800.000,1,0,1,双平,S,4162.0000,4160.0000,4159.8000,4159.2000,4159.0000,4165.6000,4165.8000,4166.0000,4166.4000,4166.6000,1,3,2,1,1,1,4,1,2,1
SF,IF2002,2020-01-07 09:30:07.500,4162.0000,4032,-1,27470400.000,1,0,1,双平,S,4160.0000,4159.8000,4159.2000,4159.0000,4158.8000,4165.0000,4165.2000,4165.4000,4165.6000,4165.8000,3,4,1,2,6,1,8,2,1,4
SF,IF2002,2020-01-07 09:30:08.000,4162.0000,4032,0,27470400.000,0,-,-,-,-,4160.4000,4160.2000,4160.0000,4159.8000,4159.2000,4164.0000,4164.6000,4165.0000,4165.2000,4165.4000,1,3,2,4,1,1,5,1,4,1
SF,IF2002,2020-01-07 09:30:08.500,4162.0000,4032,0,27470400.000,0,-,-,-,-,4160.8000,4160.6000,4160.4000,4160.2000,4159.8000,4164.0000,4164.6000,4165.2000,4165.4000,4165.8000,2,3,1,2,4,1,5,3,1,1
SF,IF2002,2020-01-07 09:30:09.000,4162.0000,4032,0,27470400.000,0,-,-,-,-,4161.0000,4160.8000,4160.6000,4160.2000,4159.8000,4163.8000,4164.0000,4164.6000,4165.2000,4165.4000,1,2,2,2,4,1,1,4,3,1
SF,IF2002,2020-01-07 09:30:09.500,4162.0000,4032,0,27470400.000,0,-,-,-,-,4161.4000,4161.2000,4161.0000,4160.6000,4160.2000,4163.8000,4164.0000,4165.2000,4165.4000,4165.8000,2,1,1,2,2,1,1,2,1,1
SF,IF2002,2020-01-07 09:30:10.000,4161.6000,4031,-1,28718880.000,1,0,1,双平,S,4161.6000,4161.4000,4161.2000,4161.0000,4160.6000,4163.8000,4165.2000,4165.4000,4165.8000,4166.0000,1,2,1,1,2,1,2,1,1,1
SF,IF2002,2020-01-07 09:30:10.500,4161.6000,4030,-1,29967360.000,1,0,1,双平,S,4161.8000,4161.4000,4161.2000,4161.0000,4160.6000,4163.8000,4165.2000,4165.4000,4165.8000,4166.0000,1,2,1,1,2,1,2,1,1,1
SF,IF2002,2020-01-07 09:30:11.000,4163.6000,4029,-1,31216440.000,1,0,1,双平,S,4161.4000,4161.2000,4161.0000,4160.6000,4160.2000,4163.8000,4164.0000,4165.2000,4165.4000,4165.8000,2,1,1,2,2,1,1,2,1,1
SF,IF2002,2020-01-07 09:30:11.500,4163.6000,4029,0,31216440.000,0,-,-,-,-,4161.2000,4160.6000,4160.2000,4158.8000,4155.8000,4163.6000,4163.8000,4164.0000,4165.2000,4165.4000,1,2,2,5,1,3,1,1,2,1
SF,IF2002,2020-01-07 09:30:12.000,4163.6000,4029,0,32465520.000,1,0,1,多换,S,4161.4000,4161.2000,4160.6000,4160.2000,4158.8000,4163.6000,4165.2000,4165.4000,4165.8000,4166.0000,2,2,2,2,5,3,2,1,1,1
SF,IF2002,2020-01-07 09:30:12.500,4163.6000,4029,0,32465520.000,0,-,-,-,-,4161.6000,4161.4000,4161.2000,4160.6000,4160.2000,4163.4000,4163.6000,4165.2000,4165.4000,4165.8000,3,2,1,2,2,1,1,2,1,1
SF,IF2002,2020-01-07 09:30:13.000,4163.4000,4028,-1,33714540.000,1,0,1,双平,S,4161.6000,4161.2000,4160.6000,4160.2000,4158.8000,4165.2000,4165.8000,4166.0000,4167.0000,4167.8000,3,1,2,2,5,2,1,1,1,1
SF,IF2002,2020-01-07 09:30:13.500,4161.6000,4027,-1,34963020.000,1,0,1,双平,S,4161.6000,4158.8000,4155.8000,4153.6000,4151.6000,4164.0000,4164.8000,4165.0000,4165.2000,4165.8000,1,5,1,1,1,1,4,3,2,1
SF,IF2002,2020-01-07 09:30:14.000,4163.8000,4026,-1,36212160.000,1,0,1,双平,S,4161.8000,4158.8000,4155.8000,4153.6000,4151.6000,4164.0000,4164.2000,4164.8000,4165.0000,4165.2000,2,5,1,1,1,1,1,4,2,2
SF,IF2002,2020-01-07 09:30:14.500,4163.8000,4026,0,37461300.000,1,0,1,多换,S,4161.8000,4158.8000,4155.8000,4153.6000,4151.6000,4164.2000,4164.8000,4165.0000,4165.2000,4165.8000,3,5,1,1,1,1,4,2,2,1
SF,IF2002,2020-01-07 09:30:15.000,4165.2000,4026,0,39960120.000,2,1,1,多换,S,4161.8000,4161.6000,4158.8000,4155.8000,4153.6000,4165.2000,4165.8000,4166.0000,4167.0000,4167.8000,1,1,5,1,1,1,1,1,1,1
SF,IF2002,2020-01-07 09:30:15.500,4165.2000,4026,0,39960120.000,0,-,-,-,-,4164.0000,4162.2000,4162.0000,4161.8000,4161.6000,4164.6000,4165.0000,4165.2000,4165.8000,4166.0000,1,2,2,1,1,1,1,1,1,1
SF,IF2002,2020-01-07 09:30:16.000,4164.4000,4025,-1,42458640.000,2,0,2,多平,S,4162.2000,4162.0000,4161.8000,4161.6000,4158.8000,4165.0000,4165.2000,4165.8000,4166.0000,4167.0000,2,2,1,1,5,1,1,1,1,1
SF,IF2002,2020-01-07 09:30:16.500,4164.4000,4025,0,42458640.000,0,-,-,-,-,4162.6000,4162.4000,4162.2000,4162.0000,4161.8000,4165.0000,4165.2000,4165.8000,4166.0000,4167.0000,1,1,2,1,1,1,1,1,1,1
SF,IF2002,2020-01-07 09:30:17.000,4165.0000,4026,1,43708140.000,1,1,0,双开,S,4165.0000,4162.8000,4162.6000,4162.4000,4162.2000,4165.2000,4165.8000,4166.0000,4167.0000,4167.8000,1,2,1,1,2,1,1,1,1,1
SF,IF2002,2020-01-07 09:30:17.500,4165.0000,4026,0,44957640.000,1,0,1,多换,S,4162.8000,4162.6000,4162.4000,4162.2000,4161.6000,4165.8000,4166.0000,4167.0000,4167.8000,4170.0000,2,1,1,2,1,1,1,1,1,5
SF,IF2002,2020-01-07 09:30:18.000,4163.0000,4026,0,46206540.000,1,0,1,多换,S,4163.0000,4162.8000,4162.6000,4161.6000,4158.8000,4165.6000,4165.8000,4166.0000,4167.0000,4167.8000,3,2,1,1,5,1,1,1,1,1
SF,IF2002,2020-01-07 09:30:18.500,4163.0000,4026,0,46206540.000,0,-,-,-,-,4163.2000,4163.0000,4162.8000,4162.6000,4161.6000,4165.6000,4165.8000,4166.0000,4167.0000,4167.8000,1,3,1,1,1,1,1,1,1,1
SF,IF2002,2020-01-07 09:30:19.000,4163.4000,4024,-2,49954980.000,3,0,3,多平,S,4163.4000,4163.2000,4162.6000,4161.6000,4158.8000,4166.0000,4167.0000,4167.8000,4170.0000,4186.0000,3,1,1,1,5,1,1,1,5,3
SF,IF2002,2020-01-07 09:30:19.500,4170.0000,4021,-3,58707960.000,7,2,5,多平,S,4163.6000,4163.4000,4162.6000,4161.6000,4158.8000,4170.0000,4186.0000,4199.0000,4200.0000,4226.0000,1,2,1,1,5,2,3,17,20,3
SF,IF2002,2020-01-07 09:30:20.000,4170.0000,4021,0,58707960.000,0,-,-,-,-,4164.0000,4163.8000,4163.6000,4163.4000,4162.6000,4167.2000,4167.4000,4167.6000,4169.2000,4169.6000,3,2,1,1,1,1,1,1,2,5
SF,IF2002,2020-01-07 09:30:20.500,4170.0000,4021,0,58707960.000,0,-,-,-,-,4164.2000,4164.0000,4163.8000,4163.4000,4162.6000,4166.8000,4167.0000,4167.2000,4167.8000,4168.8000,1,1,1,1,1,4,1,1,1,1
SF,IF2002,2020-01-07 09:30:21.000,4164.2000,4020,-1,59957220.000,1,0,1,双平,S,4164.0000,4163.8000,4162.6000,4161.6000,4160.0000,4167.0000,4167.2000,4167.8000,4168.2000,4168.4000,1,1,1,1,5,1,1,1,1,1
SF,IF2002,2020-01-07 09:30:21.500,4164.0000,4019,-1,61206420.000,1,0,1,双平,S,4163.8000,4162.6000,4161.6000,4160.0000,4158.8000,4166.4000,4166.6000,4166.8000,4167.0000,4167.8000,1,1,1,5,4,1,3,5,1,1
SF,IF2002,2020-01-07 09:30:22.000,4164.0000,4019,0,61206420.000,0,-,-,-,-,4163.8000,4162.6000,4161.6000,4160.0000,4158.8000,4166.0000,4166.2000,4166.4000,4166.6000,4166.8000,1,1,1,5,4,1,2,2,1,4
SF,IF2002,2020-01-07 09:30:22.500,4163.8000,4019,0,62455560.000,1,0,1,多换,S,4162.6000,4161.6000,4160.0000,4158.8000,4155.8000,4166.0000,4166.2000,4166.4000,4166.6000,4167.8000,1,1,5,4,1,1,2,1,1,1
SF,IF2002,2020-01-07 09:30:23.000,4163.8000,4019,0,62455560.000,0,-,-,-,-,4163.0000,4162.8000,4162.6000,4161.6000,4160.0000,4165.8000,4166.2000,4166.4000,4166.6000,4167.8000,2,1,1,1,5,2,1,1,1,1
SF,IF2002,2020-01-07 09:30:23.500,4163.8000,4019,0,62455560.000,0,-,-,-,-,4163.2000,4163.0000,4162.6000,4161.6000,4160.0000,4165.8000,4166.6000,4167.4000,4167.8000,4168.2000,1,3,2,1,5,1,1,1,1,1
SF,IF2002,2020-01-07 09:30:24.000,4163.8000,4019,0,62455560.000,0,-,-,-,-,4163.6000,4163.2000,4162.6000,4161.6000,4160.0000,4167.4000,4168.0000,4168.2000,4168.4000,4168.8000,4,1,2,1,5,1,1,1,1,5
SF,IF2002,2020-01-07 09:30:24.500,4163.8000,4019,0,62455560.000,0,-,-,-,-,4163.6000,4162.6000,4161.6000,4160.0000,4158.8000,4166.4000,4167.2000,4168.0000,4168.2000,4168.4000,3,1,1,5,5,2,8,1,1,1
SF,IF2002,2020-01-07 09:30:25.000,4163.8000,4019,0,62455560.000,0,-,-,-,-,4163.6000,4162.6000,4161.6000,4160.0000,4158.8000,4166.4000,4167.2000,4168.0000,4168.2000,4168.4000,1,1,1,5,5,2,8,1,1,1
SF,IF2002,2020-01-07 09:30:25.500,4163.8000,4019,0,62455560.000,0,-,-,-,-,4163.8000,4162.6000,4161.6000,4160.0000,4158.8000,4166.4000,4167.2000,4168.0000,4168.4000,4168.8000,1,1,1,5,5,1,8,1,1,5
SF,IF2002,2020-01-07 09:30:26.000,4163.8000,4019,0,62455560.000,0,-,-,-,-,4163.8000,4162.6000,4161.6000,4160.0000,4158.8000,4166.2000,4166.4000,4167.2000,4168.0000,4168.4000,1,1,1,5,5,1,1,8,1,1
SF,IF2002,2020-01-07 09:30:26.500,4163.8000,4019,0,62455560.000,0,-,-,-,-,4162.6000,4161.6000,4160.0000,4158.8000,4155.8000,4166.0000,4166.2000,4166.4000,4167.2000,4168.0000,1,1,5,5,1,1,1,2,6,1
SF,IF2002,2020-01-07 09:30:27.000,4163.8000,4019,0,62455560.000,0,-,-,-,-,4163.0000,4162.8000,4162.6000,4161.6000,4160.0000,4166.4000,4167.2000,4168.0000,4168.4000,4168.8000,2,1,1,1,5,1,6,1,2,5
SF,IF2002,2020-01-07 09:30:27.500,4163.8000,4019,0,62455560.000,0,-,-,-,-,4163.0000,4162.8000,4162.6000,4161.6000,4160.0000,4166.2000,4166.4000,4166.8000,4167.2000,4168.0000,2,2,1,1,5,2,2,1,6,1
SF,IF2002,2020-01-07 09:30:28.000,4163.8000,4019,0,62455560.000,0,-,-,-,-,4163.2000,4163.0000,4162.6000,4161.6000,4160.0000,4166.2000,4166.4000,4166.8000,4167.2000,4168.0000,1,2,1,1,5,2,1,1,6,1
SF,IF2002,2020-01-07 09:30:28.500,4163.8000,4019,0,62455560.000,0,-,-,-,-,4163.2000,4162.6000,4161.6000,4159.6000,4158.8000,4166.2000,4166.4000,4166.8000,4167.2000,4168.0000,1,1,1,1,5,1,2,1,6,1
SF,IF2002,2020-01-07 09:30:29.000,4163.8000,4019,0,62455560.000,0,-,-,-,-,4163.2000,4162.6000,4161.6000,4159.6000,4158.8000,4166.0000,4166.2000,4166.4000,4166.8000,4167.2000,1,1,1,1,5,1,1,2,1,6
SF,IF2002,2020-01-07 09:30:29.500,4165.8000,4018,-1,63705300.000,1,0,1,双平,S,4162.6000,4161.6000,4159.6000,4158.8000,4155.8000,4165.8000,4166.0000,4166.4000,4166.8000,4167.2000,1,1,1,5,1,1,1,2,1,6
SF,IF2002,2020-01-07 09:30:30.000,4165.8000,4018,0,63705300.000,0,-,-,-,-,4162.6000,4161.6000,4159.6000,4158.8000,4155.8000,4165.6000,4165.8000,4166.0000,4166.2000,4166.4000,1,1,1,5,1,1,1,1,1,2
SF,IF2002,2020-01-07 09:30:30.500,4165.8000,4018,0,63705300.000,0,-,-,-,-,4162.8000,4162.6000,4161.6000,4159.6000,4158.8000,4165.4000,4165.6000,4166.0000,4166.2000,4166.4000,1,1,1,1,5,1,1,1,1,2
SF,IF2002,2020-01-07 09:30:31.000,4165.8000,4018,0,63705300.000,0,-,-,-,-,4162.8000,4162.6000,4161.6000,4159.6000,4158.8000,4165.2000,4165.4000,4165.6000,4166.2000,4166.4000,1,1,1,1,5,1,2,1,1,2
SF,IF2002,2020-01-07 09:30:31.500,4165.8000,4018,0,63705300.000,0,-,-,-,-,4162.8000,4162.6000,4161.6000,4159.6000,4158.8000,4165.2000,4165.4000,4165.6000,4166.2000,4166.4000,1,1,1,1,5,2,2,1,1,2
SF,IF2002,2020-01-07 09:30:32.000,4165.6000,4018,0,64954980.000,1,0,1,多换,S,4161.6000,4159.6000,4158.8000,4155.8000,4155.0000,4165.4000,4166.2000,4166.4000,4167.2000,4168.0000,1,1,5,1,5,1,1,2,6,1
SF,IF2002,2020-01-07 09:30:32.500,4165.6000,4018,0,64954980.000,0,-,-,-,-,4162.6000,4162.0000,4161.8000,4161.6000,4159.6000,4165.2000,4165.4000,4166.2000,4166.4000,4167.2000,1,2,2,1,1,1,1,1,2,7
SF,IF2002,2020-01-07 09:30:33.000,4165.6000,4018,0,64954980.000,0,-,-,-,-,4162.2000,4162.0000,4161.8000,4161.6000,4159.6000,4165.2000,4165.4000,4166.4000,4167.2000,4168.4000,1,2,1,1,1,1,1,2,7,1
SF,IF2002,2020-01-07 09:30:33.500,4165.6000,4018,0,64954980.000,0,-,-,-,-,4162.6000,4162.4000,4162.0000,4161.6000,4159.6000,4165.2000,4165.4000,4166.4000,4167.2000,4168.4000,1,2,2,1,1,1,1,2,7,1
SF,IF2002,2020-01-07 09:30:34.000,4165.6000,4018,0,64954980.000,0,-,-,-,-,4162.4000,4162.0000,4161.6000,4159.6000,4158.8000,4165.2000,4165.4000,4166.4000,4167.2000,4168.4000,1,2,1,1,5,1,1,2,7,1
SF,IF2002,2020-01-07 09:30:34.500,4165.6000,4018,0,64954980.000,0,-,-,-,-,4162.6000,4162.4000,4162.0000,4161.6000,4158.8000,4164.8000,4165.2000,4165.4000,4166.4000,4167.2000,1,1,2,1,5,1,1,1,2,7
SF,IF2002,2020-01-07 09:30:35.000,4165.6000,4018,0,66204660.000,1,0,1,多换,S,4162.8000,4162.4000,4162.0000,4161.6000,4158.8000,4165.2000,4165.4000,4166.4000,4167.2000,4168.4000,1,1,2,1,5,1,1,2,7,1
SF,IF2002,2020-01-07 09:30:35.500,4165.6000,4018,0,66204660.000,0,-,-,-,-,4162.8000,4162.6000,4162.4000,4162.0000,4161.6000,4165.0000,4165.4000,4166.4000,4167.2000,4168.4000,1,1,1,2,1,1,1,2,7,1
SF,IF2002,2020-01-07 09:30:36.000,4165.6000,4018,0,66204660.000,0,-,-,-,-,4163.0000,4162.8000,4162.6000,4162.4000,4162.0000,4165.0000,4166.4000,4167.2000,4167.8000,4168.4000,2,1,1,1,2,1,2,7,1,1
SF,IF2002,2020-01-07 09:30:36.500,4165.6000,4018,0,66204660.000,0,-,-,-,-,4163.0000,4162.4000,4162.0000,4161.6000,4158.8000,4165.0000,4166.4000,4167.2000,4167.8000,4168.4000,1,1,2,1,5,1,2,7,1,1
SF,IF2002,2020-01-07 09:30:37.000,4165.6000,4018,0,66204660.000,0,-,-,-,-,4163.0000,4162.0000,4161.6000,4158.8000,4155.8000,4165.0000,4165.2000,4166.4000,4167.2000,4167.8000,1,2,1,5,1,1,1,2,7,1
SF,IF2002,2020-01-07 09:30:37.500,4164.8000,4017,-1,68703000.000,2,0,2,多平,S,4161.6000,4158.8000,4155.8000,4155.0000,4151.6000,4165.0000,4165.2000,4166.4000,4167.2000,4167.8000,1,5,1,5,1,2,1,2,7,1
SF,IF2002,2020-01-07 09:30:38.000,4164.8000,4017,0,68703000.000,0,-,-,-,-,4161.8000,4161.6000,4158.8000,4155.8000,4155.0000,4164.8000,4165.0000,4165.2000,4166.4000,4167.2000,4,1,5,1,5,1,1,1,2,7
SF,IF2002,2020-01-07 09:30:38.500,4164.8000,4017,0,68703000.000,0,-,-,-,-,4161.8000,4161.6000,4158.8000,4155.8000,4155.0000,4164.8000,4165.0000,4165.2000,4166.4000,4167.2000,4,1,5,1,5,2,1,1,2,7
SF,IF2002,2020-01-07 09:30:39.000,4164.8000,4017,0,68703000.000,0,-,-,-,-,4162.0000,4161.8000,4161.6000,4158.8000,4155.8000,4164.8000,4165.0000,4165.2000,4166.4000,4167.2000,1,4,1,5,1,2,1,1,2,7
SF,IF2002,2020-01-07 09:30:39.500,4164.8000,4017,0,68703000.000,0,-,-,-,-,4162.0000,4161.8000,4161.6000,4158.8000,4155.8000,4164.4000,4164.6000,4165.0000,4165.2000,4166.4000,1,4,1,5,1,1,1,2,1,2
SF,IF2002,2020-01-07 09:30:40.000,4164.8000,4017,0,68703000.000,0,-,-,-,-,4161.8000,4161.6000,4158.8000,4155.8000,4155.0000,4164.2000,4164.4000,4164.6000,4165.0000,4165.2000,4,1,5,1,5,1,1,1,2,1
SF,IF2002,2020-01-07 09:30:40.500,4164.8000,4017,0,68703000.000,0,-,-,-,-,4161.8000,4161.6000,4158.8000,4155.8000,4155.0000,4164.2000,4164.4000,4164.6000,4165.0000,4165.2000,2,1,5,1,5,1,1,1,2,1
SF,IF2002,2020-01-07 09:30:41.000,4164.6000,4017,0,69952380.000,1,0,1,多换,S,4161.8000,4161.6000,4158.8000,4155.8000,4155.0000,4164.4000,4164.6000,4165.0000,4165.2000,4166.4000,1,1,5,1,5,1,1,2,1,2
SF,IF2002,2020-01-07 09:30:41.500,4164.6000,4017,0,69952380.000,0,-,-,-,-,4162.0000,4161.8000,4161.6000,4158.8000,4155.8000,4164.4000,4164.6000,4165.0000,4165.2000,4166.4000,2,1,1,5,1,1,1,2,1,2
SF,IF2002,2020-01-07 09:30:42.500,4164.6000,4017,0,71201760.000,1,0,1,多换,S,4162.2000,4162.0000,4161.8000,4161.6000,4158.8000,4164.6000,4165.0000,4165.2000,4166.4000,4167.2000,3,2,1,1,5,1,2,1,2,7
SF,IF2002,2020-01-07 09:30:43.000,4164.6000,4017,0,71201760.000,0,-,-,-,-,4162.6000,4162.4000,4162.2000,4161.6000,4158.8000,4165.0000,4166.4000,4167.2000,4167.8000,4168.4000,1,3,3,1,5,2,2,7,1,1
SF,IF2002,2020-01-07 09:30:43.500,4164.6000,4017,0,71201760.000,0,-,-,-,-,4162.4000,4162.2000,4161.6000,4158.8000,4155.8000,4165.0000,4166.4000,4167.2000,4167.8000,4168.4000,2,3,1,5,1,2,2,7,1,1
SF,IF2002,2020-01-07 09:30:44.000,4164.6000,4017,0,71201760.000,0,-,-,-,-,4162.4000,4162.2000,4161.6000,4158.8000,4155.8000,4165.0000,4165.2000,4166.4000,4167.2000,4167.8000,1,1,1,5,1,2,1,2,7,1
SF,IF2002,2020-01-07 09:30:44.500,4164.6000,4017,0,71201760.000,0,-,-,-,-,4162.6000,4162.4000,4162.2000,4161.6000,4158.8000,4165.0000,4165.2000,4166.4000,4167.2000,4167.8000,1,1,1,1,5,2,1,2,7,1
SF,IF2002,2020-01-07 09:30:45.000,4164.6000,4017,0,71201760.000,0,-,-,-,-,4162.4000,4161.6000,4158.8000,4155.8000,4155.0000,4165.0000,4165.2000,4166.4000,4167.2000,4167.8000,1,1,5,1,5,2,1,2,7,1
SF,IF2002,2020-01-07 09:30:46.000,4164.6000,4017,0,71201760.000,0,-,-,-,-,4162.6000,4162.4000,4161.6000,4158.8000,4155.8000,4165.0000,4166.4000,4167.2000,4167.8000,4168.4000,5,1,1,5,1,2,2,7,1,1
SF,IF2002,2020-01-07 09:30:46.500,4164.6000,4017,0,71201760.000,0,-,-,-,-,4162.8000,4162.6000,4161.6000,4158.8000,4155.8000,4164.6000,4165.0000,4166.4000,4167.2000,4167.8000,1,5,1,5,1,1,2,2,7,1
SF,IF2002,2020-01-07 09:30:47.000,4164.6000,4016,-1,72451140.000,1,0,1,双平,S,4163.0000,4162.8000,4162.6000,4161.6000,4158.8000,4165.0000,4166.4000,4167.2000,4168.4000,4168.8000,4,1,2,1,5,2,2,7,1,4
SF,IF2002,2020-01-07 09:30:47.500,4163.2000,4015,-1,73700100.000,1,0,1,双平,S,4163.2000,4163.0000,4162.6000,4161.6000,4158.8000,4165.0000,4166.4000,4167.2000,4168.4000,4168.8000,1,4,2,1,5,1,2,7,1,4
SF,IF2002,2020-01-07 09:30:48.000,4163.2000,4015,0,73700100.000,0,-,-,-,-,4163.4000,4163.2000,4163.0000,4162.6000,4161.6000,4165.0000,4166.4000,4167.2000,4168.4000,4168.8000,4,1,1,2,1,1,2,7,1,4
SF,IF2002,2020-01-07 09:30:48.500,4163.2000,4015,0,73700100.000,0,-,-,-,-,4163.4000,4163.2000,4163.0000,4162.6000,4161.6000,4165.0000,4166.4000,4167.2000,4168.4000,4168.8000,4,1,1,1,1,1,2,7,1,4
SF,IF2002,2020-01-07 09:30:49.000,4163.2000,4015,0,73700100.000,0,-,-,-,-,4163.4000,4163.2000,4162.6000,4161.6000,4158.8000,4165.0000,4166.4000,4167.2000,4168.4000,4168.8000,3,1,1,1,5,1,2,7,1,4
SF,IF2002,2020-01-07 09:30:49.500,4165.0000,4015,0,74949600.000,1,0,1,多换,S,4163.6000,4163.4000,4163.2000,4162.6000,4161.6000,4166.4000,4167.2000,4168.4000,4168.8000,4169.2000,1,2,1,1,1,1,7,1,4,5
SF,IF2002,2020-01-07 09:30:50.000,4165.0000,4015,0,74949600.000,0,-,-,-,-,4163.8000,4163.6000,4163.2000,4162.6000,4161.6000,4166.4000,4167.2000,4168.4000,4168.8000,4169.2000,2,1,1,1,1,1,7,1,4,5
SF,IF2002,2020-01-07 09:30:50.500,4165.0000,4015,0,74949600.000,0,-,-,-,-,4163.8000,4163.6000,4163.2000,4162.6000,4161.6000,4166.4000,4167.2000,4168.0000,4168.4000,4168.8000,2,1,1,1,1,1,7,1,1,4
SF,IF2002,2020-01-07 09:30:51.000,4167.2000,4015,0,76199760.000,1,0,1,多换,S,4164.0000,4163.8000,4163.2000,4162.6000,4161.6000,4167.2000,4168.0000,4168.4000,4168.8000,4169.2000,2,3,1,1,1,6,1,1,4,5
SF,IF2002,2020-01-07 09:30:51.500,4167.2000,4015,0,76199760.000,0,-,-,-,-,4164.2000,4164.0000,4163.2000,4162.6000,4161.6000,4167.2000,4168.0000,4168.4000,4168.8000,4169.2000,3,2,1,1,1,5,1,1,4,5
SF,IF2002,2020-01-07 09:30:52.000,4167.2000,4015,0,77449920.000,1,0,1,多换,S,4164.4000,4164.2000,4164.0000,4163.2000,4162.6000,4168.0000,4168.4000,4168.8000,4169.2000,4169.4000,1,3,1,1,1,1,1,4,5,2
SF,IF2002,2020-01-07 09:30:52.500,4167.6000,4015,0,78700200.000,1,0,1,多换,S,4164.4000,4164.2000,4163.2000,4162.6000,4161.6000,4167.6000,4167.8000,4168.0000,4168.8000,4169.2000,1,3,1,1,1,3,1,2,4,5
SF,IF2002,2020-01-07 09:30:53.000,4167.6000,4015,0,78700200.000,0,-,-,-,-,4165.0000,4164.6000,4164.4000,4164.2000,4163.2000,4167.6000,4167.8000,4168.0000,4168.8000,4169.2000,1,1,1,2,1,3,1,2,4,5
SF,IF2002,2020-01-07 09:30:53.500,4167.6000,4015,0,78700200.000,0,-,-,-,-,4165.2000,4165.0000,4164.6000,4164.4000,4164.2000,4167.6000,4167.8000,4168.0000,4168.8000,4169.2000,1,1,1,1,2,3,1,1,4,5
SF,IF2002,2020-01-07 09:30:54.000,4167.6000,4015,0,78700200.000,0,-,-,-,-,4165.2000,4165.0000,4164.6000,4164.4000,4164.2000,4167.6000,4167.8000,4168.0000,4168.8000,4169.2000,1,1,1,1,2,3,1,1,3,5
SF,IF2002,2020-01-07 09:30:54.500,4167.6000,4015,0,78700200.000,0,-,-,-,-,4165.2000,4164.6000,4164.4000,4164.2000,4163.2000,4168.8000,4169.2000,4169.4000,4169.6000,4169.8000,1,1,1,2,1,3,5,1,1,3
SF,IF2002,2020-01-07 09:30:55.000,4167.6000,4015,0,78700200.000,0,-,-,-,-,4165.2000,4164.6000,4164.4000,4164.2000,4162.6000,4168.2000,4168.4000,4168.6000,4168.8000,4169.2000,1,1,1,2,1,1,4,3,3,5
SF,IF2002,2020-01-07 09:30:55.500,4167.6000,4015,0,78700200.000,0,-,-,-,-,4164.6000,4164.4000,4164.2000,4162.6000,4161.6000,4167.8000,4168.0000,4168.2000,4168.4000,4168.6000,1,1,2,1,1,3,3,1,1,2
SF,IF2002,2020-01-07 09:30:56.000,4167.6000,4015,0,78700200.000,0,-,-,-,-,4164.4000,4164.2000,4162.6000,4161.6000,4159.4000,4167.6000,4167.8000,4168.0000,4168.2000,4168.4000,1,2,1,1,1,2,3,3,1,1
SF,IF2002,2020-01-07 09:30:56.500,4167.6000,4015,0,78700200.000,0,-,-,-,-,4164.6000,4164.4000,4162.6000,4161.6000,4159.4000,4167.2000,4167.4000,4167.6000,4167.8000,4168.0000,3,1,1,1,1,1,1,1,3,3
SF,IF2002,2020-01-07 09:30:57.000,4167.6000,4015,0,78700200.000,0,-,-,-,-,4164.8000,4164.6000,4162.6000,4161.6000,4159.4000,4167.2000,4167.4000,4167.6000,4167.8000,4168.0000,1,4,1,1,1,1,1,1,3,3
SF,IF2002,2020-01-07 09:30:57.500,4167.6000,4015,0,78700200.000,0,-,-,-,-,4164.8000,4162.6000,4161.6000,4159.4000,4158.8000,4167.2000,4167.4000,4167.6000,4167.8000,4168.0000,1,1,1,1,3,1,1,1,3,3
SF,IF2002,2020-01-07 09:30:58.000,4167.6000,4015,0,79950480.000,1,0,1,多换,S,4162.6000,4161.6000,4159.4000,4158.8000,4155.8000,4167.6000,4167.8000,4168.0000,4168.2000,4168.6000,1,1,1,3,1,1,3,3,1,2
SF,IF2002,2020-01-07 09:30:58.500,4167.6000,4015,0,79950480.000,0,-,-,-,-,4163.0000,4162.8000,4162.6000,4161.6000,4159.4000,4167.4000,4167.6000,4167.8000,4168.0000,4168.2000,3,2,1,1,1,1,1,3,2,1
SF,IF2002,2020-01-07 09:30:59.000,4167.6000,4015,0,79950480.000,0,-,-,-,-,4163.2000,4163.0000,4162.6000,4161.6000,4159.4000,4167.2000,4167.4000,4167.6000,4167.8000,4168.0000,2,3,1,1,1,1,1,1,3,2
SF,IF2002,2020-01-07 09:30:59.500,4167.6000,4015,0,79950480.000,0,-,-,-,-,4163.6000,4163.2000,4162.6000,4161.6000,4159.4000,4167.0000,4167.2000,4167.6000,4167.8000,4168.0000,4,2,1,1,1,1,1,1,3,2
SF,IF2002,2020-01-07 09:31:00.000,4167.6000,4015,0,79950480.000,0,-,-,-,-,4163.8000,4163.6000,4163.2000,4162.6000,4161.6000,4167.0000,4167.2000,4167.6000,4167.8000,4168.0000,1,6,1,1,1,1,1,1,3,2
SF,IF2002,2020-01-07 09:31:00.500,4167.6000,4015,0,79950480.000,0,-,-,-,-,4164.2000,4164.0000,4163.8000,4163.6000,4162.6000,4167.0000,4167.6000,4167.8000,4168.0000,4168.4000,3,1,1,1,1,2,1,3,2,6
SF,IF2002,2020-01-07 09:31:01.000,4167.6000,4015,0,79950480.000,0,-,-,-,-,4164.2000,4164.0000,4162.6000,4161.6000,4159.4000,4166.6000,4167.0000,4167.6000,4167.8000,4168.0000,3,2,1,1,1,1,2,1,3,2
SF,IF2002,2020-01-07 09:31:01.500,4167.6000,4015,0,79950480.000,0,-,-,-,-,4164.4000,4164.2000,4164.0000,4162.6000,4161.6000,4166.4000,4166.6000,4167.0000,4167.6000,4167.8000,2,3,1,1,1,1,1,1,1,3
SF,IF2002,2020-01-07 09:31:02.000,4167.0000,4014,-1,81200580.000,1,0,1,双平,S,4164.4000,4162.6000,4161.6000,4159.4000,4158.8000,4166.6000,4167.0000,4167.6000,4167.8000,4168.0000,1,1,1,1,3,1,1,1,3,2
SF,IF2002,2020-01-07 09:31:02.500,4167.0000,4014,0,81200580.000,0,-,-,-,-,4162.6000,4161.6000,4159.4000,4158.8000,4155.8000,4166.4000,4166.6000,4167.0000,4167.6000,4167.8000,1,1,1,3,1,2,1,1,1,3
SF,IF2002,2020-01-07 09:31:03.000,4167.0000,4014,0,81200580.000,0,-,-,-,-,4163.0000,4162.8000,4162.6000,4161.6000,4159.4000,4166.4000,4166.6000,4167.0000,4167.6000,4167.8000,3,1,1,1,1,3,1,1,1,3
SF,IF2002,2020-01-07 09:31:03.500,4167.0000,4014,0,81200580.000,0,-,-,-,-,4163.2000,4163.0000,4162.6000,4161.6000,4159.4000,4166.2000,4166.4000,4166.6000,4167.0000,4167.6000,1,3,1,1,1,3,2,1,1,1
SF,IF2002,2020-01-07 09:31:04.000,4167.0000,4014,0,81200580.000,0,-,-,-,-,4163.0000,4162.6000,4161.6000,4159.4000,4158.8000,4166.2000,4166.4000,4166.6000,4167.0000,4167.6000,3,1,1,1,3,3,3,1,1,1
SF,IF2002,2020-01-07 09:31:04.500,4167.0000,4014,0,81200580.000,0,-,-,-,-,4163.4000,4163.2000,4163.0000,4162.6000,4161.6000,4166.2000,4166.4000,4166.6000,4167.0000,4168.0000,1,1,1,1,1,3,2,1,1,2
SF,IF2002,2020-01-07 09:31:05.000,4167.0000,4014,0,81200580.000,0,-,-,-,-,4163.4000,4163.0000,4162.6000,4161.6000,4159.4000,4166.2000,4166.4000,4166.6000,4167.0000,4168.0000,1,1,1,1,1,3,2,1,1,2
SF,IF2002,2020-01-07 09:31:05.500,4167.0000,4014,0,81200580.000,0,-,-,-,-,4163.4000,4163.0000,4162.6000,4161.6000,4159.4000,4166.2000,4166.4000,4166.6000,4167.0000,4168.0000,1,1,1,1,1,3,2,1,1,2
SF,IF2002,2020-01-07 09:31:06.000,4167.0000,4014,0,81200580.000,0,-,-,-,-,4163.6000,4163.4000,4162.6000,4161.6000,4159.4000,4166.2000,4166.4000,4167.0000,4168.0000,4168.4000,1,2,1,1,1,3,1,1,2,6
SF,IF2002,2020-01-07 09:31:06.500,4167.0000,4014,0,81200580.000,0,-,-,-,-,4163.8000,4163.6000,4163.4000,4162.6000,4161.6000,4166.0000,4167.0000,4168.0000,4168.4000,4168.6000,4,1,1,1,1,1,1,2,6,2
SF,IF2002,2020-01-07 09:31:07.000,4167.0000,4014,0,81200580.000,0,-,-,-,-,4164.0000,4163.8000,4162.6000,4161.6000,4159.4000,4167.0000,4168.0000,4168.4000,4168.6000,4169.2000,1,4,1,1,1,1,2,6,2,1
SF,IF2002,2020-01-07 09:31:07.500,4167.0000,4014,0,81200580.000,0,-,-,-,-,4164.0000,4163.8000,4162.6000,4161.6000,4159.4000,4164.6000,4167.0000,4168.0000,4168.4000,4168.6000,1,3,1,1,1,1,2,2,6,2
SF,IF2002,2020-01-07 09:31:08.000,4167.0000,4013,-1,83700060.000,2,0,2,多平,S,4164.6000,4164.2000,4164.0000,4163.8000,4162.6000,4168.0000,4168.4000,4168.6000,4169.0000,4169.2000,1,1,1,3,1,2,6,2,1,1
SF,IF2002,2020-01-07 09:31:08.500,4167.0000,4013,0,83700060.000,0,-,-,-,-,4164.6000,4164.2000,4163.8000,4162.6000,4161.6000,4167.6000,4167.8000,4168.0000,4168.4000,4168.6000,1,1,3,1,1,3,1,2,6,2
SF,IF2002,2020-01-07 09:31:09.000,4167.0000,4013,0,83700060.000,0,-,-,-,-,4164.8000,4164.2000,4163.8000,4162.6000,4161.6000,4167.6000,4167.8000,4168.0000,4168.4000,4168.6000,1,1,3,1,1,3,1,2,6,2
SF,IF2002,2020-01-07 09:31:09.500,4167.0000,4013,0,83700060.000,0,-,-,-,-,4164.8000,4164.2000,4163.8000,4162.6000,4161.6000,4167.4000,4167.6000,4168.0000,4168.4000,4168.6000,1,1,3,1,1,2,3,2,6,2
SF,IF2002,2020-01-07 09:31:10.000,4167.0000,4013,0,83700060.000,0,-,-,-,-,4164.8000,4164.2000,4163.8000,4162.6000,4161.6000,4167.4000,4168.0000,4168.4000,4168.6000,4169.0000,1,1,3,1,1,1,2,6,2,1
SF,IF2002,2020-01-07 09:31:10.500,4167.0000,4013,0,83700060.000,0,-,-,-,-,4165.0000,4164.8000,4164.2000,4163.8000,4162.6000,4168.0000,4168.4000,4168.6000,4169.2000,4169.4000,2,1,1,3,1,2,6,2,1,1
SF,IF2002,2020-01-07 09:31:11.000,4168.4000,4013,0,84950580.000,1,0,1,多换,S,4165.2000,4165.0000,4164.8000,4164.2000,4163.8000,4168.4000,4168.6000,4169.2000,4169.4000,4169.6000,1,2,1,1,3,5,2,1,1,2
SF,IF2002,2020-01-07 09:31:11.500,4168.4000,4013,0,84950580.000,0,-,-,-,-,4165.6000,4165.4000,4165.2000,4165.0000,4164.8000,4168.0000,4168.4000,4168.6000,4169.2000,4169.4000,1,1,1,2,1,3,5,2,1,1
SF,IF2002,2020-01-07 09:31:12.000,4168.4000,4013,0,86201100.000,1,0,1,多换,S,4165.8000,4165.6000,4165.4000,4165.2000,4165.0000,4168.4000,4169.4000,4169.6000,4169.8000,4170.0000,1,1,1,1,2,4,1,2,2,1
SF,IF2002,2020-01-07 09:31:12.500,4168.4000,4013,0,86201100.000,0,-,-,-,-,4166.0000,4165.8000,4165.6000,4165.4000,4165.2000,4168.4000,4169.4000,4169.6000,4169.8000,4170.0000,4,1,1,1,1,4,1,2,2,1
SF,IF2002,2020-01-07 09:31:13.000,4168.4000,4013,0,88702140.000,2,1,1,多换,S,4166.2000,4166.0000,4165.6000,4165.4000,4165.2000,4168.4000,4169.4000,4169.6000,4169.8000,4170.0000,2,5,1,1,1,2,1,2,2,1
SF,IF2002,2020-01-07 09:31:13.500,4168.4000,4013,0,89952660.000,1,0,1,多换,S,4166.6000,4166.4000,4166.2000,4166.0000,4165.4000,4168.4000,4169.4000,4169.8000,4170.0000,4172.8000,3,2,2,2,1,1,1,2,1,5
SF,IF2002,2020-01-07 09:31:14.000,4168.4000,4013,0,89952660.000,0,-,-,-,-,4166.8000,4166.4000,4166.2000,4166.0000,4165.4000,4168.4000,4169.4000,4170.0000,4172.8000,4174.0000,1,2,1,2,1,1,1,1,4,1
SF,IF2002,2020-01-07 09:31:14.500,4168.4000,4013,0,89952660.000,0,-,-,-,-,4166.8000,4166.4000,4166.0000,4165.4000,4165.2000,4168.4000,4169.4000,4170.0000,4171.4000,4172.8000,1,2,1,1,1,1,1,1,2,4
SF,IF2002,2020-01-07 09:31:15.000,4168.4000,4012,-1,91203180.000,1,0,1,双平,S,4167.2000,4167.0000,4166.4000,4166.0000,4165.4000,4169.4000,4170.0000,4171.4000,4172.8000,4174.0000,3,1,2,1,1,1,1,2,4,1
SF,IF2002,2020-01-07 09:31:15.500,4168.4000,4012,0,91203180.000,0,-,-,-,-,4167.4000,4167.2000,4166.4000,4166.0000,4165.4000,4169.4000,4170.0000,4171.4000,4172.8000,4174.0000,8,3,2,1,1,1,1,2,4,1
SF,IF2002,2020-01-07 09:31:16.000,4168.4000,4012,0,91203180.000,0,-,-,-,-,4167.8000,4167.6000,4167.4000,4166.4000,4166.0000,4169.4000,4170.0000,4171.4000,4172.8000,4174.0000,1,4,8,2,1,1,1,2,4,1
SF,IF2002,2020-01-07 09:31:16.500,4169.4000,4012,0,92454000.000,1,0,1,多换,S,4168.0000,4167.8000,4167.4000,4166.4000,4166.0000,4170.0000,4171.4000,4172.8000,4174.0000,4175.0000,6,1,1,2,1,1,2,4,1,6
SF,IF2002,2020-01-07 09:31:17.000,4169.4000,4012,0,92454000.000,0,-,-,-,-,4169.8000,4168.2000,4168.0000,4167.8000,4167.4000,4170.0000,4171.4000,4172.8000,4174.0000,4175.0000,1,1,6,1,1,1,2,4,1,6
SF,IF2002,2020-01-07 09:31:17.500,4170.0000,4008,-4,97457820.000,4,0,4,双平,S,4170.0000,4168.2000,4167.4000,4166.4000,4161.6000,4171.4000,4172.8000,4174.0000,4175.0000,4176.8000,3,1,1,2,1,2,4,1,6,1
SF,IF2002,2020-01-07 09:31:18.000,4170.0000,4005,-3,101210820.000,3,0,3,双平,S,4167.4000,4166.4000,4161.6000,4159.4000,4155.0000,4169.6000,4170.0000,4170.4000,4170.6000,4170.8000,1,2,1,1,5,1,1,1,1,1
SF,IF2002,2020-01-07 09:31:18.500,4167.6000,4006,1,104961720.000,3,2,1,空开,S,4167.6000,4167.4000,4166.4000,4161.6000,4159.4000,4169.6000,4170.4000,4170.6000,4171.0000,4171.2000,5,1,2,1,1,1,1,1,3,1
SF,IF2002,2020-01-07 09:31:19.000,4167.6000,4006,0,104961720.000,0,-,-,-,-,4167.6000,4167.4000,4166.4000,4161.6000,4159.4000,4169.6000,4170.4000,4171.0000,4171.2000,4172.8000,3,1,1,1,1,1,1,3,1,1
SF,IF2002,2020-01-07 09:31:19.500,4167.6000,4006,0,104961720.000,0,-,-,-,-,4168.0000,4167.8000,4167.6000,4166.4000,4161.6000,4169.6000,4170.2000,4170.4000,4171.0000,4171.2000,1,1,3,1,1,1,1,1,3,1
SF,IF2002,2020-01-07 09:31:20.000,4167.6000,4006,0,104961720.000,0,-,-,-,-,4168.0000,4167.8000,4167.6000,4166.4000,4161.6000,4169.6000,4170.2000,4171.0000,4171.2000,4172.8000,1,1,3,1,1,1,1,3,1,1
SF,IF2002,2020-01-07 09:31:20.500,4167.6000,4006,0,104961720.000,0,-,-,-,-,4168.0000,4167.8000,4167.6000,4166.4000,4161.6000,4169.6000,4171.2000,4172.8000,4174.0000,4175.0000,1,1,3,1,1,1,1,1,1,6
SF,IF2002,2020-01-07 09:31:21.000,4167.6000,4006,0,104961720.000,0,-,-,-,-,4168.4000,4168.0000,4167.8000,4166.4000,4161.6000,4169.6000,4172.8000,4174.0000,4175.0000,4175.2000,3,2,1,1,1,1,1,1,6,3
SF,IF2002,2020-01-07 09:31:21.500,4169.6000,4005,-1,106212600.000,1,0,1,双平,S,4168.0000,4166.4000,4161.6000,4159.4000,4155.0000,4172.8000,4174.0000,4175.0000,4175.2000,4175.6000,2,1,1,1,5,1,1,6,3,1
SF,IF2002,2020-01-07 09:31:22.000,4169.6000,4005,0,106212600.000,0,-,-,-,-,4168.2000,4168.0000,4166.4000,4161.6000,4159.4000,4171.8000,4172.0000,4172.4000,4172.6000,4172.8000,1,1,1,1,1,1,2,4,4,2
SF,IF2002,2020-01-07 09:31:22.500,4169.6000,4005,0,106212600.000,0,-,-,-,-,4168.4000,4168.0000,4166.4000,4161.6000,4159.4000,4171.4000,4171.6000,4171.8000,4172.0000,4172.4000,1,2,1,1,1,3,1,1,2,1
SF,IF2002,2020-01-07 09:31:23.000,4169.6000,4005,0,106212600.000,0,-,-,-,-,4168.4000,4168.0000,4166.4000,4161.6000,4159.4000,4171.2000,4171.4000,4172.0000,4172.4000,4172.6000,2,2,1,1,1,2,3,1,1,3
SF,IF2002,2020-01-07 09:31:23.500,4169.6000,4005,0,106212600.000,0,-,-,-,-,4168.4000,4168.0000,4166.4000,4161.6000,4159.4000,4170.8000,4171.2000,4172.0000,4172.4000,4172.6000,1,2,1,1,1,3,2,1,1,3
SF,IF2002,2020-01-07 09:31:24.000,4169.6000,4005,0,106212600.000,0,-,-,-,-,4168.6000,4168.4000,4168.0000,4166.4000,4161.6000,4170.6000,4171.0000,4171.2000,4172.0000,4172.4000,1,1,2,1,1,1,1,1,1,1
SF,IF2002,2020-01-07 09:31:24.500,4169.6000,4005,0,106212600.000,0,-,-,-,-,4168.6000,4168.4000,4168.0000,4166.4000,4161.6000,4170.6000,4171.2000,4172.0000,4172.4000,4172.6000,1,1,2,1,1,1,1,1,1,3
SF,IF2002,2020-01-07 09:31:25.000,4170.6000,4004,-1,107463780.000,1,0,1,双平,S,4168.6000,4168.4000,4168.0000,4166.4000,4161.6000,4172.0000,4172.4000,4172.6000,4172.8000,4173.0000,1,1,2,1,1,1,1,3,2,1
SF,IF2002,2020-01-07 09:31:25.500,4170.6000,4004,0,107463780.000,0,-,-,-,-,4168.8000,4168.0000,4166.4000,4165.0000,4161.6000,4172.0000,4172.6000,4172.8000,4173.0000,4173.8000,4,2,1,5,1,1,2,2,1,1
SF,IF2002,2020-01-07 09:31:26.000,4170.6000,4004,0,107463780.000,0,-,-,-,-,4169.0000,4168.8000,4168.0000,4166.4000,4165.0000,4171.6000,4171.8000,4172.0000,4172.6000,4172.8000,1,1,2,1,5,3,2,1,2,2
SF,IF2002,2020-01-07 09:31:26.500,4171.6000,4004,0,108715260.000,1,0,1,多换,S,4169.0000,4168.8000,4168.0000,4166.4000,4165.0000,4171.6000,4171.8000,4172.0000,4172.6000,4172.8000,1,1,2,1,5,2,2,1,2,2
SF,IF2002,2020-01-07 09:31:27.000,4171.6000,4004,0,108715260.000,0,-,-,-,-,4169.0000,4168.0000,4166.4000,4161.6000,4160.0000,4171.6000,4171.8000,4172.0000,4172.6000,4172.8000,1,2,1,1,5,2,1,1,2,2
SF,IF2002,2020-01-07 09:31:27.500,4171.6000,4004,0,108715260.000,0,-,-,-,-,4169.0000,4168.0000,4166.4000,4161.6000,4160.0000,4171.2000,4171.6000,4171.8000,4172.0000,4172.6000,1,2,1,1,5,1,2,1,1,2
SF,IF2002,2020-01-07 09:31:28.000,4171.6000,4004,0,108715260.000,0,-,-,-,-,4169.0000,4168.0000,4166.4000,4161.6000,4160.0000,4171.2000,4171.8000,4172.0000,4172.6000,4172.8000,1,2,1,1,5,1,1,1,2,2
SF,IF2002,2020-01-07 09:31:28.500,4171.6000,4004,0,108715260.000,0,-,-,-,-,4169.0000,4168.0000,4166.4000,4161.6000,4160.0000,4171.2000,4171.8000,4172.0000,4172.6000,4172.8000,1,2,1,1,5,1,1,1,2,2
SF,IF2002,2020-01-07 09:31:29.000,4171.6000,4004,0,108715260.000,0,-,-,-,-,4169.2000,4169.0000,4168.0000,4166.4000,4161.6000,4171.2000,4172.0000,4172.6000,4172.8000,4173.0000,1,1,2,1,1,1,1,2,2,1
SF,IF2002,2020-01-07 09:31:29.500,4171.6000,4004,0,108715260.000,0,-,-,-,-,4169.4000,4169.2000,4169.0000,4168.0000,4166.4000,4171.2000,4172.6000,4172.8000,4173.0000,4173.8000,1,1,1,2,1,1,2,2,1,2
SF,IF2002,2020-01-07 09:31:30.000,4171.6000,4004,0,108715260.000,0,-,-,-,-,4169.4000,4169.0000,4168.0000,4166.4000,4161.6000,4171.2000,4172.6000,4172.8000,4173.0000,4173.8000,1,1,2,1,1,1,2,2,1,2
SF,IF2002,2020-01-07 09:31:30.500,4171.6000,4004,0,108715260.000,0,-,-,-,-,4169.4000,4169.0000,4168.0000,4166.4000,4161.6000,4171.2000,4172.8000,4173.0000,4173.8000,4174.0000,1,1,2,1,1,1,2,1,2,1
SF,IF2002,2020-01-07 09:31:31.000,4171.6000,4004,0,108715260.000,0,-,-,-,-,4169.6000,4169.4000,4169.0000,4168.0000,4166.4000,4171.2000,4172.8000,4173.0000,4173.8000,4174.0000,1,1,1,2,1,1,2,1,2,1
SF,IF2002,2020-01-07 09:31:31.500,4171.6000,4004,0,108715260.000,0,-,-,-,-,4169.6000,4169.4000,4168.0000,4166.4000,4161.6000,4171.2000,4172.8000,4173.0000,4173.8000,4174.0000,1,1,2,1,1,1,2,1,2,1
SF,IF2002,2020-01-07 09:31:32.000,4171.6000,4004,0,108715260.000,0,-,-,-,-,4169.6000,4168.0000,4166.4000,4161.6000,4160.0000,4171.2000,4172.8000,4173.0000,4173.8000,4174.0000,1,2,1,1,5,1,2,1,2,1
SF,IF2002,2020-01-07 09:31:32.500,4171.6000,4004,0,108715260.000,0,-,-,-,-,4169.6000,4168.0000,4166.4000,4161.6000,4160.0000,4171.2000,4172.8000,4173.0000,4173.2000,4173.8000,1,2,1,1,5,1,2,1,1,1
SF,IF2002,2020-01-07 09:31:33.000,4171.6000,4004,0,108715260.000,0,-,-,-,-,4169.6000,4168.0000,4166.4000,4161.6000,4160.0000,4171.0000,4171.2000,4172.8000,4173.0000,4173.2000,1,2,1,1,5,1,1,2,1,1
SF,IF2002,2020-01-07 09:31:33.500,4169.6000,4003,-1,109966140.000,1,0,1,双平,S,4168.0000,4166.4000,4161.6000,4160.0000,4159.4000,4171.2000,4172.8000,4173.0000,4173.2000,4173.8000,2,1,1,5,1,1,2,1,1,1
SF,IF2002,2020-01-07 09:31:34.000,4169.6000,4003,0,109966140.000,0,-,-,-,-,4168.4000,4168.2000,4168.0000,4166.4000,4161.6000,4171.0000,4171.2000,4172.8000,4173.0000,4173.2000,4,1,1,1,1,1,1,2,1,1
SF,IF2002,2020-01-07 09:31:34.500,4169.6000,4003,0,109966140.000,0,-,-,-,-,4168.0000,4166.4000,4161.6000,4160.0000,4159.4000,4170.8000,4171.0000,4171.2000,4172.8000,4173.0000,1,1,1,5,1,1,1,1,2,1
SF,IF2002,2020-01-07 09:31:35.000,4168.0000,4002,-1,111216540.000,1,0,1,双平,S,4166.4000,4161.6000,4160.0000,4159.4000,4151.6000,4170.4000,4170.6000,4170.8000,4171.2000,4172.8000,1,1,5,1,1,2,1,1,1,2
SF,IF2002,2020-01-07 09:31:35.500,4168.0000,4002,0,111216540.000,0,-,-,-,-,4166.8000,4166.6000,4166.4000,4161.6000,4160.0000,4170.2000,4170.4000,4170.8000,4171.2000,4172.8000,4,1,1,1,5,1,4,1,1,2
SF,IF2002,2020-01-07 09:31:36.000,4169.8000,4002,0,112467480.000,1,0,1,多换,S,4166.4000,4161.6000,4160.0000,4159.4000,4151.6000,4169.8000,4170.0000,4170.2000,4170.4000,4170.8000,1,1,5,1,1,1,2,1,3,1
SF,IF2002,2020-01-07 09:31:36.500,4169.8000,4002,0,112467480.000,0,-,-,-,-,4166.6000,4166.4000,4161.6000,4160.0000,4159.4000,4169.8000,4170.0000,4170.2000,4170.4000,4170.8000,2,2,1,5,1,1,1,1,2,1
SF,IF2002,2020-01-07 09:31:37.000,4169.8000,4002,0,112467480.000,0,-,-,-,-,4166.6000,4166.4000,4161.6000,4160.0000,4159.4000,4169.4000,4169.8000,4170.0000,4170.2000,4170.4000,2,2,1,5,1,1,1,1,1,2
SF,IF2002,2020-01-07 09:31:37.500,4169.8000,4002,0,112467480.000,0,-,-,-,-,4166.8000,4166.6000,4166.4000,4161.6000,4160.0000,4169.4000,4170.2000,4170.4000,4171.0000,4171.2000,1,2,1,1,5,2,1,2,2,1
SF,IF2002,2020-01-07 09:31:38.000,4169.8000,4002,0,112467480.000,0,-,-,-,-,4167.2000,4167.0000,4166.8000,4166.6000,4166.4000,4169.4000,4170.2000,4171.0000,4171.2000,4172.8000,5,2,1,1,1,1,1,2,1,2
SF,IF2002,2020-01-07 09:31:38.500,4169.8000,4002,0,112467480.000,0,-,-,-,-,4167.4000,4167.2000,4167.0000,4166.4000,4161.6000,4169.0000,4169.2000,4169.4000,4170.2000,4171.2000,2,5,1,1,1,1,1,1,1,2
SF,IF2002,2020-01-07 09:31:39.000,4169.0000,4001,-1,113718180.000,1,0,1,双平,S,4169.0000,4166.4000,4161.6000,4160.0000,4159.4000,4169.2000,4169.4000,4170.2000,4171.2000,4172.8000,1,1,1,5,1,1,1,1,2,2
SF,IF2002,2020-01-07 09:31:39.500,4169.0000,4000,-1,114968880.000,1,0,1,双平,S,4166.4000,4161.6000,4160.0000,4159.4000,4151.6000,4169.2000,4169.4000,4170.2000,4171.2000,4172.8000,1,1,5,1,1,1,1,1,2,2
SF,IF2002,2020-01-07 09:31:40.000,4169.0000,4000,0,114968880.000,0,-,-,-,-,4166.8000,4166.6000,4166.4000,4161.6000,4160.0000,4170.2000,4172.8000,4173.8000,4174.8000,4175.0000,5,4,1,1,5,1,2,1,1,6
SF,IF2002,2020-01-07 09:31:40.500,4169.0000,4000,0,114968880.000,0,-,-,-,-,4167.0000,4166.8000,4166.6000,4166.4000,4161.6000,4170.2000,4172.8000,4173.8000,4174.8000,4175.0000,2,5,2,1,1,1,2,1,1,6
SF,IF2002,2020-01-07 09:31:41.000,4170.2000,4000,0,116219940.000,1,0,1,多换,S,4167.4000,4167.0000,4166.4000,4161.6000,4160.0000,4170.0000,4172.8000,4173.8000,4174.8000,4175.0000,5,2,1,1,5,1,2,1,1,6
SF,IF2002,2020-01-07 09:31:41.500,4170.2000,4000,0,116219940.000,0,-,-,-,-,4169.2000,4167.6000,4167.0000,4166.4000,4161.6000,4170.0000,4171.6000,4172.8000,4173.8000,4174.8000,1,2,1,1,1,1,1,2,1,1
SF,IF2002,2020-01-07 09:31:42.000,4169.2000,3999,-1,117470700.000,1,0,1,双平,S,4167.6000,4166.4000,4161.6000,4160.0000,4159.4000,4170.0000,4171.6000,4172.8000,4173.8000,4174.8000,1,1,1,5,1,1,1,2,1,1
SF,IF2002,2020-01-07 09:31:42.500,4169.2000,3999,0,117470700.000,0,-,-,-,-,4166.4000,4161.6000,4160.0000,4159.4000,4151.6000,4170.0000,4171.6000,4172.8000,4173.8000,4174.8000,1,1,5,1,1,1,1,2,1,1
SF,IF2002,2020-01-07 09:31:43.000,4169.2000,3999,0,117470700.000,0,-,-,-,-,4166.8000,4166.6000,4166.4000,4161.6000,4160.0000,4169.6000,4170.0000,4171.6000,4172.8000,4173.8000,5,2,2,1,5,1,1,1,2,1
SF,IF2002,2020-01-07 09:31:43.500,4169.2000,3999,0,117470700.000,0,-,-,-,-,4166.6000,4166.4000,4161.6000,4160.0000,4159.4000,4169.6000,4170.0000,4171.6000,4172.8000,4173.8000,1,2,1,5,1,1,1,1,2,1
SF,IF2002,2020-01-07 09:31:44.000,4169.2000,3999,0,117470700.000,0,-,-,-,-,4166.8000,4166.4000,4161.6000,4160.0000,4159.4000,4170.0000,4171.6000,4172.8000,4173.8000,4174.8000,2,1,1,5,1,1,1,2,1,1
SF,IF2002,2020-01-07 09:31:44.500,4169.2000,3999,0,117470700.000,0,-,-,-,-,4167.0000,4166.8000,4166.4000,4161.6000,4160.0000,4172.8000,4173.8000,4174.8000,4175.0000,4175.6000,2,2,1,1,5,2,1,1,6,1
SF,IF2002,2020-01-07 09:31:45.000,4169.2000,3999,0,117470700.000,0,-,-,-,-,4167.0000,4166.8000,4166.4000,4161.6000,4160.0000,4170.4000,4171.0000,4171.2000,4171.6000,4172.0000,2,1,1,1,5,2,1,1,1,1
SF,IF2002,2020-01-07 09:31:45.500,4169.2000,3999,0,117470700.000,0,-,-,-,-,4167.0000,4166.8000,4166.4000,4161.6000,4160.0000,4170.0000,4170.4000,4171.0000,4171.2000,4171.6000,1,1,1,1,5,1,1,1,1,1
SF,IF2002,2020-01-07 09:31:46.000,4170.0000,3999,0,118721700.000,1,0,1,多换,S,4167.2000,4167.0000,4166.4000,4161.6000,4160.0000,4171.0000,4171.6000,4172.0000,4172.4000,4172.6000,2,1,1,1,5,2,1,1,1,3
SF,IF2002,2020-01-07 09:31:46.500,4172.6000,4000,1,123727860.000,4,2,2,空开,S,4167.4000,4167.2000,4167.0000,4166.4000,4161.6000,4172.6000,4172.8000,4173.8000,4174.8000,4175.0000,9,2,1,1,1,2,2,1,1,6
SF,IF2002,2020-01-07 09:31:47.000,4172.6000,4000,0,123727860.000,0,-,-,-,-,4167.4000,4167.2000,4167.0000,4166.4000,4161.6000,4172.2000,4172.4000,4172.6000,4172.8000,4173.8000,3,1,1,1,1,2,3,2,2,1
SF,IF2002,2020-01-07 09:31:47.500,4172.6000,4000,0,123727860.000,0,-,-,-,-,4167.4000,4167.2000,4167.0000,4166.4000,4161.6000,4172.0000,4172.2000,4172.4000,4172.6000,4172.8000,1,1,1,1,1,3,2,3,1,2
SF,IF2002,2020-01-07 09:31:48.000,4172.6000,4000,0,123727860.000,0,-,-,-,-,4167.6000,4167.4000,4167.0000,4166.4000,4161.6000,4171.6000,4172.0000,4172.2000,4172.4000,4172.6000,3,1,1,1,1,1,5,1,3,1
SF,IF2002,2020-01-07 09:31:48.500,4172.0000,4000,0,124979460.000,1,0,1,多换,S,4167.6000,4167.4000,4167.0000,4166.4000,4161.6000,4171.4000,4171.6000,4172.0000,4172.2000,4172.4000,1,1,1,1,1,1,2,4,1,4
SF,IF2002,2020-01-07 09:31:49.000,4172.0000,4000,0,124979460.000,0,-,-,-,-,4167.4000,4167.0000,4166.4000,4161.6000,4160.0000,4171.0000,4171.2000,4171.4000,4171.6000,4172.0000,1,1,1,1,5,1,4,1,1,4
SF,IF2002,2020-01-07 09:31:49.500,4172.0000,4000,0,124979460.000,0,-,-,-,-,4167.6000,4167.4000,4167.0000,4166.4000,4161.6000,4171.0000,4171.2000,4171.4000,4172.0000,4172.2000,1,1,1,1,1,1,6,2,2,2
SF,IF2002,2020-01-07 09:31:50.000,4172.0000,4000,0,124979460.000,0,-,-,-,-,4167.8000,4167.6000,4167.0000,4166.4000,4161.6000,4171.0000,4171.2000,4171.4000,4172.0000,4172.2000,1,1,1,1,1,1,4,3,2,2
SF,IF2002,2020-01-07 09:31:50.500,4172.0000,4000,0,124979460.000,0,-,-,-,-,4168.0000,4167.8000,4167.6000,4167.0000,4166.4000,4170.8000,4171.4000,4172.0000,4172.2000,4172.4000,4,1,1,1,1,1,3,2,4,4
SF,IF2002,2020-01-07 09:31:51.000,4172.0000,4000,0,124979460.000,0,-,-,-,-,4168.2000,4168.0000,4167.6000,4167.0000,4166.4000,4170.8000,4171.4000,4172.0000,4172.2000,4172.4000,1,4,1,1,1,1,3,2,4,4
SF,IF2002,2020-01-07 09:31:51.500,4172.0000,4000,0,124979460.000,0,-,-,-,-,4168.4000,4168.2000,4168.0000,4167.6000,4167.0000,4171.4000,4172.0000,4172.2000,4172.4000,4172.6000,1,1,2,1,1,2,2,3,4,1
SF,IF2002,2020-01-07 09:31:52.000,4172.0000,4000,0,124979460.000,0,-,-,-,-,4168.8000,4168.6000,4168.4000,4168.0000,4167.6000,4171.4000,4172.0000,4172.2000,4172.4000,4172.6000,1,1,1,2,1,1,1,3,5,1
SF,IF2002,2020-01-07 09:31:52.500,4172.0000,4000,0,124979460.000,0,-,-,-,-,4169.0000,4168.8000,4168.6000,4168.4000,4168.0000,4172.0000,4172.2000,4172.4000,4172.6000,4172.8000,1,1,1,1,2,1,3,5,1,2
SF,IF2002,2020-01-07 09:31:53.000,4172.0000,4000,0,124979460.000,0,-,-,-,-,4169.0000,4168.8000,4168.4000,4168.0000,4167.6000,4171.8000,4172.0000,4172.2000,4172.4000,4172.6000,1,1,1,2,1,3,1,2,5,1
SF,IF2002,2020-01-07 09:31:53.500,4172.0000,4000,0,124979460.000,0,-,-,-,-,4169.0000,4168.8000,4168.4000,4168.0000,4167.6000,4171.8000,4172.0000,4172.4000,4172.6000,4172.8000,1,1,1,2,1,1,1,4,3,2
SF,IF2002,2020-01-07 09:31:54.000,4172.0000,4000,0,126231060.000,1,0,1,多换,S,4168.8000,4168.4000,4168.0000,4167.6000,4167.0000,4172.0000,4172.4000,4172.6000,4172.8000,4173.0000,1,1,2,1,1,2,3,3,2,2
SF,IF2002,2020-01-07 09:31:54.500,4172.0000,3998,-2,128734260.000,2,0,2,双平,S,4168.8000,4168.4000,4168.0000,4167.6000,4167.0000,4172.0000,4172.4000,4172.6000,4172.8000,4173.0000,1,1,2,1,1,1,2,2,2,2
SF,IF2002,2020-01-07 09:31:55.000,4172.0000,3998,0,128734260.000,0,-,-,-,-,4169.0000,4168.8000,4168.4000,4168.0000,4167.6000,4171.6000,4172.0000,4172.4000,4172.6000,4172.8000,1,1,1,2,1,1,1,2,2,2
SF,IF2002,2020-01-07 09:31:55.500,4172.0000,3998,0,128734260.000,0,-,-,-,-,4169.0000,4168.8000,4168.4000,4168.0000,4167.6000,4171.2000,4171.6000,4172.0000,4172.4000,4172.6000,1,1,1,2,1,1,1,1,1,2
SF,IF2002,2020-01-07 09:31:56.000,4171.6000,3996,-2,131237220.000,2,0,2,双平,S,4169.0000,4168.8000,4168.4000,4168.0000,4167.6000,4172.0000,4172.4000,4172.6000,4172.8000,4173.2000,1,1,1,2,1,1,1,2,2,1
SF,IF2002,2020-01-07 09:31:56.500,4172.0000,3996,0,132488820.000,1,0,1,多换,S,4172.0000,4169.4000,4169.0000,4168.8000,4168.4000,4172.4000,4172.6000,4172.8000,4173.2000,4174.8000,1,1,1,1,1,1,2,2,1,1
SF,IF2002,2020-01-07 09:31:57.000,4172.0000,3995,-1,133740420.000,1,0,1,双平,S,4169.4000,4169.2000,4168.8000,4168.4000,4168.0000,4172.0000,4172.6000,4172.8000,4173.2000,4174.8000,1,1,1,1,2,1,2,2,1,1
SF,IF2002,2020-01-07 09:31:57.500,4172.0000,3995,0,133740420.000,0,-,-,-,-,4169.6000,4169.4000,4169.2000,4168.8000,4168.4000,4172.0000,4172.8000,4173.2000,4174.2000,4174.8000,2,2,1,1,1,1,2,1,2,1
SF,IF2002,2020-01-07 09:31:58.000,4172.0000,3995,0,133740420.000,0,-,-,-,-,4170.0000,4169.6000,4169.4000,4168.4000,4168.0000,4171.8000,4172.0000,4172.6000,4172.8000,4173.2000,1,2,1,1,2,1,2,2,2,1
SF,IF2002,2020-01-07 09:31:58.500,4172.0000,3995,0,133740420.000,0,-,-,-,-,4170.0000,4169.6000,4169.4000,4168.4000,4168.0000,4172.0000,4172.6000,4172.8000,4173.2000,4174.2000,2,1,1,1,2,1,2,2,1,2
SF,IF2002,2020-01-07 09:31:59.000,4172.0000,3995,0,133740420.000,0,-,-,-,-,4170.0000,4169.4000,4168.4000,4168.0000,4167.6000,4172.0000,4172.6000,4172.8000,4174.2000,4174.8000,2,1,1,2,1,1,2,2,2,1
SF,IF2002,2020-01-07 09:31:59.500,4172.0000,3995,0,133740420.000,0,-,-,-,-,4170.0000,4169.4000,4168.4000,4168.0000,4167.6000,4172.0000,4172.8000,4174.2000,4174.8000,4175.0000,1,1,1,2,1,1,2,2,1,6
SF,IF2002,2020-01-07 09:32:00.000,4172.0000,3995,0,133740420.000,0,-,-,-,-,4169.4000,4168.4000,4168.0000,4167.6000,4167.0000,4172.0000,4172.8000,4174.2000,4174.8000,4175.0000,1,1,2,1,1,3,2,2,1,6
SF,IF2002,2020-01-07 09:32:00.500,4172.0000,3995,0,133740420.000,0,-,-,-,-,4168.4000,4168.0000,4167.6000,4167.0000,4166.4000,4172.0000,4172.8000,4174.8000,4175.0000,4175.4000,1,2,1,1,1,3,2,1,6,2
SF,IF2002,2020-01-07 09:32:01.000,4172.0000,3995,0,133740420.000,0,-,-,-,-,4168.6000,4168.4000,4168.0000,4167.6000,4167.0000,4171.0000,4171.4000,4172.0000,4172.8000,4174.8000,1,1,2,1,1,1,1,3,2,1
SF,IF2002,2020-01-07 09:32:01.500,4172.0000,3995,0,133740420.000,0,-,-,-,-,4168.6000,4168.0000,4167.6000,4167.0000,4166.4000,4171.0000,4171.4000,4172.0000,4172.2000,4172.4000,1,2,1,1,1,1,1,3,1,1
SF,IF2002,2020-01-07 09:32:03.500,4172.0000,3995,0,133740420.000,0,-,-,-,-,4168.6000,4167.0000,4166.4000,4161.6000,4160.0000,4171.0000,4171.4000,4172.0000,4172.2000,4172.4000,1,1,1,1,5,1,1,3,1,1
SF,IF2002,2020-01-07 09:32:04.000,4172.0000,3995,0,133740420.000,0,-,-,-,-,4167.0000,4166.4000,4161.6000,4160.0000,4159.4000,4170.8000,4171.0000,4171.4000,4172.0000,4172.2000,1,1,1,5,1,1,2,1,1,1
SF,IF2002,2020-01-07 09:32:04.500,4172.0000,3995,0,133740420.000,0,-,-,-,-,4167.4000,4167.2000,4167.0000,4166.4000,4161.6000,4170.8000,4171.0000,4171.4000,4172.0000,4172.2000,6,3,1,1,1,1,2,1,1,1
SF,IF2002,2020-01-07 09:32:05.000,4172.0000,3995,0,133740420.000,0,-,-,-,-,4167.6000,4167.4000,4167.2000,4167.0000,4166.4000,4170.4000,4170.8000,4171.0000,4171.4000,4172.0000,2,6,2,1,1,1,1,2,1,1
SF,IF2002,2020-01-07 09:32:05.500,4170.8000,3995,0,134991660.000,1,0,1,多换,S,4167.8000,4167.6000,4167.2000,4167.0000,4166.4000,4171.0000,4171.4000,4172.0000,4172.2000,4172.4000,1,2,2,2,1,2,1,1,1,1
SF,IF2002,2020-01-07 09:32:06.000,4170.8000,3995,0,134991660.000,0,-,-,-,-,4167.8000,4167.6000,4167.2000,4167.0000,4166.4000,4170.4000,4171.0000,4171.4000,4172.0000,4172.2000,1,2,2,2,1,1,2,1,1,1
SF,IF2002,2020-01-07 09:32:06.500,4170.8000,3995,0,136242900.000,1,0,1,多换,S,4167.2000,4167.0000,4166.4000,4161.6000,4160.0000,4170.4000,4171.0000,4171.4000,4172.0000,4172.2000,2,2,1,1,5,1,2,1,1,1
SF,IF2002,2020-01-07 09:32:07.000,4170.8000,3995,0,136242900.000,0,-,-,-,-,4167.4000,4167.2000,4167.0000,4166.4000,4161.6000,4170.4000,4171.0000,4171.4000,4172.0000,4172.2000,2,2,2,1,1,1,2,1,1,1
SF,IF2002,2020-01-07 09:32:07.500,4170.8000,3995,0,136242900.000,0,-,-,-,-,4167.4000,4167.2000,4167.0000,4166.4000,4161.6000,4170.4000,4171.0000,4171.4000,4172.0000,4172.4000,2,2,2,1,1,1,2,1,1,1
SF,IF2002,2020-01-07 09:32:08.000,4170.8000,3995,0,136242900.000,0,-,-,-,-,4167.0000,4166.4000,4161.6000,4160.0000,4159.4000,4170.0000,4170.2000,4170.4000,4171.0000,4171.4000,2,1,1,5,1,1,3,1,1,1
SF,IF2002,2020-01-07 09:32:08.500,4170.8000,3995,0,136242900.000,0,-,-,-,-,4167.0000,4166.4000,4161.6000,4160.0000,4159.4000,4170.0000,4170.2000,4170.4000,4171.0000,4171.4000,1,1,1,5,1,1,4,1,1,1
SF,IF2002,2020-01-07 09:32:10.500,4170.8000,3995,0,136242900.000,0,-,-,-,-,4167.2000,4167.0000,4166.4000,4161.6000,4160.0000,4170.0000,4170.2000,4170.4000,4171.4000,4172.0000,2,1,1,1,5,1,3,1,1,1
SF,IF2002,2020-01-07 09:32:11.000,4170.8000,3995,0,136242900.000,0,-,-,-,-,4167.4000,4167.2000,4167.0000,4166.4000,4161.6000,4170.0000,4170.2000,4171.4000,4172.0000,4172.8000,2,2,1,1,1,1,2,1,1,2
SF,IF2002,2020-01-07 09:32:11.500,4170.8000,3995,0,136242900.000,0,-,-,-,-,4167.4000,4167.2000,4167.0000,4166.4000,4161.6000,4169.8000,4170.0000,4170.2000,4171.4000,4172.0000,2,2,1,1,1,1,1,1,1,1
SF,IF2002,2020-01-07 09:32:12.000,4170.8000,3995,0,136242900.000,0,-,-,-,-,4167.4000,4167.0000,4166.4000,4161.6000,4160.0000,4169.8000,4170.0000,4170.2000,4171.4000,4172.0000,1,1,1,1,5,1,1,1,1,1
SF,IF2002,2020-01-07 09:32:12.500,4170.8000,3995,0,136242900.000,0,-,-,-,-,4167.6000,4167.4000,4167.0000,4166.4000,4161.6000,4169.6000,4169.8000,4170.2000,4171.4000,4172.0000,2,1,1,1,1,1,1,1,2,1
SF,IF2002,2020-01-07 09:32:13.000,4170.8000,3995,0,136242900.000,0,-,-,-,-,4167.6000,4167.4000,4167.0000,4166.4000,4161.6000,4169.6000,4169.8000,4170.2000,4171.4000,4172.0000,1,1,1,1,1,1,1,1,2,1
SF,IF2002,2020-01-07 09:32:13.500,4169.6000,3994,-1,137493780.000,1,0,1,双平,S,4167.4000,4167.0000,4166.4000,4160.0000,4159.4000,4167.6000,4169.8000,4170.2000,4171.4000,4172.0000,1,1,1,5,1,2,1,1,2,1
SF,IF2002,2020-01-07 09:32:14.000,4169.8000,3991,-3,141245280.000,3,0,3,双平,S,4167.6000,4167.0000,4166.4000,4160.0000,4159.4000,4170.2000,4171.4000,4172.0000,4172.8000,4174.8000,7,1,1,5,1,1,2,1,2,1
SF,IF2002,2020-01-07 09:32:14.500,4170.2000,3991,0,142496340.000,1,0,1,多换,S,4167.8000,4167.6000,4167.0000,4166.4000,4160.0000,4171.4000,4172.0000,4172.8000,4174.8000,4175.0000,2,1,1,1,5,1,1,2,1,7
SF,IF2002,2020-01-07 09:32:15.000,4170.2000,3991,0,142496340.000,0,-,-,-,-,4167.8000,4167.0000,4166.4000,4160.0000,4159.4000,4171.2000,4171.4000,4172.0000,4172.8000,4174.8000,2,1,1,5,1,1,1,1,2,1
SF,IF2002,2020-01-07 09:32:15.500,4171.0000,3989,-2,144998940.000,2,0,2,双平,S,4167.0000,4166.4000,4160.0000,4159.4000,4151.6000,4171.2000,4171.4000,4172.0000,4172.8000,4174.8000,1,1,5,1,1,1,1,1,2,1
SF,IF2002,2020-01-07 09:32:16.000,4171.2000,3989,0,146250300.000,1,0,1,多换,S,4167.4000,4167.2000,4167.0000,4166.4000,4165.0000,4171.4000,4172.0000,4172.8000,4174.8000,4175.0000,6,4,2,1,2,1,1,2,1,7
SF,IF2002,2020-01-07 09:32:16.500,4171.2000,3989,0,146250300.000,0,-,-,-,-,4167.6000,4167.4000,4167.2000,4167.0000,4166.4000,4171.0000,4171.2000,4171.4000,4172.0000,4172.2000,1,6,3,1,1,1,1,1,1,1
SF,IF2002,2020-01-07 09:32:17.000,4171.2000,3989,0,146250300.000,0,-,-,-,-,4168.0000,4167.6000,4167.2000,4167.0000,4166.4000,4169.8000,4171.0000,4171.2000,4171.4000,4172.0000,1,1,3,1,1,1,2,1,1,1
SF,IF2002,2020-01-07 09:32:17.500,4169.8000,3989,0,147501240.000,1,0,1,多换,S,4168.2000,4168.0000,4167.2000,4167.0000,4166.4000,4170.8000,4171.0000,4171.2000,4171.4000,4172.0000,1,1,3,1,1,1,2,1,1,1
SF,IF2002,2020-01-07 09:32:18.000,4169.8000,3989,0,147501240.000,0,-,-,-,-,4168.2000,4168.0000,4167.2000,4167.0000,4166.4000,4171.0000,4171.2000,4171.4000,4172.0000,4172.2000,1,1,3,1,1,2,2,1,1,1
SF,IF2002,2020-01-07 09:32:18.500,4169.8000,3989,0,147501240.000,0,-,-,-,-,4168.2000,4168.0000,4167.2000,4167.0000,4166.4000,4171.0000,4171.2000,4171.4000,4172.0000,4172.2000,1,1,3,1,1,1,2,1,1,1
SF,IF2002,2020-01-07 09:32:19.000,4169.8000,3989,0,147501240.000,0,-,-,-,-,4168.2000,4168.0000,4167.2000,4167.0000,4166.4000,4170.8000,4171.0000,4171.2000,4171.4000,4171.6000,1,1,3,1,1,1,1,2,1,1
SF,IF2002,2020-01-07 09:32:19.500,4169.8000,3989,0,147501240.000,0,-,-,-,-,4168.2000,4168.0000,4167.2000,4167.0000,4166.4000,4170.6000,4171.0000,4171.2000,4171.4000,4171.6000,1,1,3,1,1,1,1,2,1,1
SF,IF2002,2020-01-07 09:32:20.000,4168.2000,3988,-1,148751700.000,1,0,1,双平,S,4168.0000,4167.2000,4167.0000,4166.4000,4165.0000,4170.6000,4171.2000,4171.4000,4171.6000,4172.0000,1,2,1,1,2,1,2,1,1,1
SF,IF2002,2020-01-07 09:32:20.500,4168.2000,3988,0,148751700.000,0,-,-,-,-,4168.0000,4167.2000,4167.0000,4166.4000,4165.0000,4170.4000,4170.6000,4171.2000,4171.4000,4171.6000,1,2,1,1,2,1,1,2,1,1
SF,IF2002,2020-01-07 09:32:21.000,4168.2000,3988,0,148751700.000,0,-,-,-,-,4168.0000,4167.2000,4167.0000,4166.4000,4165.0000,4170.4000,4171.2000,4171.4000,4171.6000,4172.0000,1,2,1,1,2,1,2,1,1,1
SF,IF2002,2020-01-07 09:32:21.500,4168.2000,3988,0,148751700.000,0,-,-,-,-,4168.0000,4167.2000,4167.0000,4166.4000,4165.0000,4170.4000,4170.6000,4171.2000,4171.4000,4171.6000,1,2,1,1,2,1,1,2,1,1
SF,IF2002,2020-01-07 09:32:22.000,4170.2000,3988,0,150002760.000,1,0,1,多换,S,4168.2000,4168.0000,4167.2000,4167.0000,4166.4000,4170.2000,4171.2000,4171.4000,4171.6000,4172.0000,1,1,2,1,1,1,1,1,1,1
SF,IF2002,2020-01-07 09:32:22.500,4170.2000,3988,0,150002760.000,0,-,-,-,-,4168.2000,4168.0000,4167.2000,4167.0000,4166.4000,4170.2000,4170.4000,4171.2000,4171.4000,4171.6000,1,1,2,1,1,1,1,1,1,1
SF,IF2002,2020-01-07 09:32:23.000,4170.2000,3988,0,150002760.000,0,-,-,-,-,4168.0000,4167.2000,4167.0000,4166.4000,4165.0000,4168.2000,4170.4000,4171.2000,4171.4000,4171.6000,1,2,1,1,2,1,1,1,1,1
SF,IF2002,2020-01-07 09:32:23.500,4168.2000,3987,-1,151253220.000,1,0,1,双平,S,4168.2000,4168.0000,4167.2000,4167.0000,4166.4000,4170.4000,4171.2000,4171.4000,4171.6000,4172.0000,1,1,2,1,1,1,1,1,1,1
SF,IF2002,2020-01-07 09:32:24.000,4168.2000,3986,-1,152503680.000,1,0,1,双平,S,4168.0000,4167.0000,4166.4000,4165.0000,4160.0000,4170.2000,4170.4000,4170.8000,4171.2000,4171.4000,1,1,1,2,5,3,1,1,1,1
SF,IF2002,2020-01-07 09:32:24.500,4168.2000,3986,0,152503680.000,0,-,-,-,-,4168.0000,4167.0000,4166.4000,4165.0000,4160.0000,4170.2000,4170.4000,4170.8000,4171.2000,4171.4000,1,1,1,2,5,3,1,1,1,1
SF,IF2002,2020-01-07 09:32:25.000,4168.2000,3986,0,152503680.000,0,-,-,-,-,4168.2000,4168.0000,4167.0000,4166.4000,4165.0000,4170.2000,4170.4000,4171.2000,4171.4000,4172.0000,1,1,1,1,2,2,1,1,1,1
SF,IF2002,2020-01-07 09:32:25.500,4168.2000,3985,-1,153754140.000,1,0,1,双平,S,4168.0000,4167.0000,4166.4000,4165.0000,4160.0000,4170.0000,4171.2000,4171.4000,4172.0000,4172.2000,1,1,1,2,5,1,1,1,1,1
SF,IF2002,2020-01-07 09:32:26.000,4168.2000,3985,0,153754140.000,0,-,-,-,-,4168.0000,4167.0000,4166.4000,4165.0000,4160.0000,4170.0000,4171.2000,4171.4000,4172.0000,4172.2000,1,2,1,2,5,1,1,1,1,1
SF,IF2002,2020-01-07 09:32:26.500,4168.2000,3983,-2,156255600.000,2,0,2,双平,S,4168.0000,4167.0000,4166.4000,4165.0000,4160.0000,4171.4000,4172.0000,4172.2000,4172.8000,4174.8000,1,2,1,2,5,1,1,1,2,1
SF,IF2002,2020-01-07 09:32:27.000,4168.2000,3983,0,156255600.000,0,-,-,-,-,4168.2000,4168.0000,4167.0000,4166.4000,4165.0000,4170.6000,4171.4000,4172.0000,4172.2000,4172.8000,4,1,2,1,2,1,1,1,1,2
SF,IF2002,2020-01-07 09:32:27.500,4168.2000,3983,0,156255600.000,0,-,-,-,-,4168.6000,4168.2000,4168.0000,4167.0000,4166.4000,4170.6000,4171.4000,4172.0000,4172.2000,4172.8000,1,5,1,1,1,1,1,1,1,2
SF,IF2002,2020-01-07 09:32:28.000,4168.6000,3982,-1,157506180.000,1,0,1,双平,S,4168.4000,4168.2000,4168.0000,4167.0000,4166.4000,4171.4000,4172.0000,4172.2000,4172.8000,4174.8000,1,2,1,1,1,1,1,1,2,1
SF,IF2002,2020-01-07 09:32:28.500,4168.6000,3982,0,157506180.000,0,-,-,-,-,4169.0000,4168.6000,4168.2000,4168.0000,4167.0000,4171.2000,4171.4000,4172.0000,4172.2000,4172.8000,1,1,1,1,1,1,2,1,1,2
SF,IF2002,2020-01-07 09:32:29.000,4168.6000,3982,0,157506180.000,0,-,-,-,-,4169.0000,4168.6000,4168.2000,4168.0000,4167.0000,4171.2000,4171.4000,4172.0000,4172.2000,4172.8000,1,2,1,1,1,1,2,2,1,2
SF,IF2002,2020-01-07 09:32:29.500,4168.6000,3982,0,157506180.000,0,-,-,-,-,4169.2000,4169.0000,4168.6000,4168.2000,4168.0000,4171.4000,4172.0000,4172.2000,4172.8000,4174.8000,1,1,2,1,1,2,2,1,2,1
SF,IF2002,2020-01-07 09:32:30.000,4168.6000,3982,0,157506180.000,0,-,-,-,-,4169.2000,4169.0000,4168.6000,4168.2000,4168.0000,4171.4000,4172.0000,4172.2000,4172.8000,4174.8000,1,1,2,1,2,2,2,1,2,1
SF,IF2002,2020-01-07 09:32:30.500,4171.4000,3983,1,158757600.000,1,1,0,双开,S,4169.2000,4169.0000,4168.6000,4168.2000,4168.0000,4170.2000,4171.4000,4172.0000,4172.2000,4172.8000,1,1,2,1,2,1,1,2,1,2
SF,IF2002,2020-01-07 09:32:31.000,4171.4000,3983,0,158757600.000,0,-,-,-,-,4169.2000,4169.0000,4168.6000,4168.2000,4168.0000,4170.2000,4172.0000,4172.8000,4174.8000,4175.0000,1,1,2,1,2,1,2,2,1,10
SF,IF2002,2020-01-07 09:32:31.500,4171.4000,3983,0,158757600.000,0,-,-,-,-,4169.2000,4169.0000,4168.6000,4168.0000,4167.0000,4170.2000,4172.0000,4172.8000,4174.8000,4175.0000,1,1,2,2,1,1,2,2,1,10
SF,IF2002,2020-01-07 09:32:32.000,4171.4000,3983,0,158757600.000,0,-,-,-,-,4169.2000,4169.0000,4168.6000,4168.0000,4167.0000,4170.2000,4172.0000,4172.8000,4174.4000,4174.8000,2,1,2,2,1,1,2,2,1,1
SF,IF2002,2020-01-07 09:32:32.500,4171.4000,3983,0,158757600.000,0,-,-,-,-,4169.2000,4169.0000,4168.6000,4168.0000,4167.0000,4170.2000,4172.0000,4172.8000,4174.4000,4174.8000,1,1,1,2,1,1,2,2,1,1
SF,IF2002,2020-01-07 09:32:33.000,4171.4000,3983,0,158757600.000,0,-,-,-,-,4169.0000,4168.6000,4168.0000,4167.0000,4166.4000,4170.2000,4172.0000,4172.8000,4174.4000,4174.8000,1,1,2,1,1,1,2,2,1,1
SF,IF2002,2020-01-07 09:32:33.500,4171.4000,3983,0,158757600.000,0,-,-,-,-,4169.0000,4168.0000,4167.0000,4166.4000,4165.0000,4169.2000,4170.2000,4172.0000,4172.8000,4174.4000,1,1,1,1,2,1,1,2,2,1
SF,IF2002,2020-01-07 09:32:34.000,4169.2000,3982,-1,160008360.000,1,0,1,双平,S,4169.0000,4168.0000,4167.0000,4166.4000,4165.0000,4170.2000,4172.0000,4172.8000,4174.4000,4174.8000,1,1,1,1,2,1,2,2,1,1
SF,IF2002,2020-01-07 09:32:38.000,4169.2000,3982,0,160008360.000,0,-,-,-,-,4169.2000,4169.0000,4168.0000,4167.0000,4166.4000,4170.2000,4172.0000,4172.8000,4174.4000,4174.8000,1,1,1,1,1,1,2,2,1,1
SF,IF2002,2020-01-07 09:32:38.500,4169.2000,3982,0,160008360.000,0,-,-,-,-,4169.0000,4168.0000,4167.0000,4166.4000,4165.0000,4170.2000,4172.0000,4172.8000,4174.4000,4174.8000,1,1,1,1,2,1,2,2,1,1
SF,IF2002,2020-01-07 09:32:39.500,4169.2000,3982,0,160008360.000,0,-,-,-,-,4169.0000,4168.0000,4167.0000,4166.4000,4165.0000,4170.2000,4172.0000,4172.8000,4174.4000,4174.8000,1,1,1,1,2,1,2,2,1,1
SF,IF2002,2020-01-07 09:32:40.500,4170.2000,3981,-1,161259420.000,1,0,1,双平,S,4169.2000,4169.0000,4168.0000,4167.0000,4166.4000,4172.0000,4172.8000,4174.4000,4174.8000,4175.0000,1,1,1,1,1,2,2,1,1,10
SF,IF2002,2020-01-07 09:32:41.000,4170.2000,3981,0,161259420.000,0,-,-,-,-,4169.4000,4169.2000,4169.0000,4168.0000,4167.0000,4171.8000,4172.0000,4172.8000,4174.4000,4174.8000,1,1,1,1,1,1,2,2,1,1
SF,IF2002,2020-01-07 09:32:41.500,4170.2000,3981,0,161259420.000,0,-,-,-,-,4169.6000,4169.4000,4168.0000,4167.0000,4166.4000,4170.2000,4171.8000,4172.0000,4172.8000,4174.4000,1,1,1,1,1,1,1,2,2,1
SF,IF2002,2020-01-07 09:32:42.000,4170.2000,3981,0,162510480.000,1,0,1,多换,S,4169.6000,4169.4000,4168.0000,4167.0000,4166.4000,4172.0000,4172.8000,4174.4000,4174.8000,4175.0000,1,1,1,1,1,2,2,1,1,10
SF,IF2002,2020-01-07 09:32:42.500,4170.2000,3981,0,162510480.000,0,-,-,-,-,4169.6000,4169.4000,4168.0000,4167.0000,4166.4000,4171.8000,4172.0000,4172.8000,4174.4000,4174.8000,1,1,1,1,1,2,2,2,1,1
SF,IF2002,2020-01-07 09:32:43.500,4170.2000,3981,0,162510480.000,0,-,-,-,-,4169.8000,4169.6000,4169.4000,4168.0000,4167.0000,4171.8000,4172.0000,4172.8000,4174.4000,4174.8000,1,1,1,1,1,1,2,2,1,1
SF,IF2002,2020-01-07 09:32:44.000,4170.2000,3981,0,162510480.000,0,-,-,-,-,4170.4000,4170.0000,4169.8000,4169.6000,4169.4000,4172.0000,4172.8000,4174.4000,4174.8000,4175.0000,1,1,1,1,1,2,2,1,1,10
SF,IF2002,2020-01-07 09:32:44.500,4172.0000,3979,-2,165013680.000,2,0,2,双平,S,4170.4000,4170.0000,4169.8000,4169.6000,4169.4000,4172.8000,4174.4000,4174.8000,4175.0000,4175.6000,1,1,1,1,1,1,1,1,7,1
SF,IF2002,2020-01-07 09:32:45.000,4170.6000,3978,-1,166264860.000,1,0,1,双平,S,4170.6000,4170.4000,4170.0000,4169.8000,4169.6000,4172.8000,4174.4000,4174.8000,4175.0000,4175.6000,1,1,1,1,1,1,1,1,2,1
SF,IF2002,2020-01-07 09:32:45.500,4170.6000,3978,0,166264860.000,0,-,-,-,-,4170.8000,4170.6000,4170.4000,4170.0000,4169.8000,4172.8000,4174.8000,4175.0000,4175.6000,4175.8000,7,1,1,1,1,1,1,2,1,1
SF,IF2002,2020-01-07 09:32:46.000,4170.6000,3978,0,166264860.000,0,-,-,-,-,4170.4000,4169.6000,4168.0000,4167.0000,4165.0000,4172.8000,4174.8000,4175.0000,4175.6000,4175.8000,1,1,1,1,2,1,1,2,1,1
SF,IF2002,2020-01-07 09:32:46.500,4170.6000,3978,0,166264860.000,0,-,-,-,-,4170.6000,4170.4000,4168.0000,4167.0000,4165.0000,4172.8000,4174.8000,4175.0000,4175.6000,4175.8000,9,1,1,1,2,1,1,1,1,1
SF,IF2002,2020-01-07 09:32:47.000,4170.6000,3978,0,166264860.000,0,-,-,-,-,4170.6000,4170.4000,4168.0000,4167.0000,4165.0000,4172.8000,4174.8000,4175.0000,4175.6000,4175.8000,10,1,1,1,2,1,1,1,1,1
SF,IF2002,2020-01-07 09:32:47.500,4170.6000,3978,0,166264860.000,0,-,-,-,-,4171.0000,4170.6000,4170.4000,4168.0000,4167.0000,4172.8000,4174.8000,4175.0000,4175.6000,4175.8000,1,8,1,1,1,1,1,1,1,1
SF,IF2002,2020-01-07 09:32:48.000,4170.6000,3978,0,166264860.000,0,-,-,-,-,4171.0000,4170.6000,4170.4000,4168.0000,4167.0000,4172.8000,4174.8000,4175.0000,4175.6000,4175.8000,1,2,1,1,1,1,1,1,1,1
SF,IF2002,2020-01-07 09:32:49.000,4170.6000,3978,0,166264860.000,0,-,-,-,-,4171.2000,4170.6000,4170.4000,4168.0000,4167.0000,4172.8000,4174.8000,4175.0000,4175.6000,4175.8000,2,2,1,1,1,1,1,1,1,1
SF,IF2002,2020-01-07 09:32:49.500,4170.6000,3978,0,166264860.000,0,-,-,-,-,4170.4000,4170.0000,4168.0000,4167.0000,4165.0000,4172.6000,4172.8000,4174.8000,4175.0000,4175.6000,1,2,1,1,2,1,1,1,1,1
SF,IF2002,2020-01-07 09:32:50.000,4172.8000,3978,0,167516700.000,1,0,1,多换,S,4172.8000,4170.6000,4170.4000,4168.0000,4167.0000,4174.8000,4175.0000,4175.6000,4175.8000,4176.0000,1,8,1,1,1,1,1,1,1,3
SF,IF2002,2020-01-07 09:32:50.500,4172.8000,3978,0,168768540.000,1,0,1,多换,S,4170.6000,4170.4000,4168.0000,4167.0000,4165.0000,4172.8000,4174.2000,4174.8000,4175.0000,4175.6000,8,1,1,1,2,1,1,1,1,1
SF,IF2002,2020-01-07 09:32:51.000,4172.8000,3978,0,168768540.000,0,-,-,-,-,4170.8000,4170.6000,4170.4000,4168.0000,4167.0000,4172.8000,4174.8000,4175.0000,4175.6000,4175.8000,1,8,1,1,1,1,1,1,1,1
SF,IF2002,2020-01-07 09:32:51.500,4172.8000,3978,0,168768540.000,0,-,-,-,-,4171.0000,4170.8000,4170.6000,4170.4000,4168.0000,4172.8000,4174.8000,4175.0000,4175.8000,4176.0000,1,3,8,1,1,1,1,1,1,3
SF,IF2002,2020-01-07 09:32:52.000,4172.8000,3978,0,168768540.000,0,-,-,-,-,4171.0000,4170.8000,4170.6000,4170.4000,4168.0000,4172.8000,4174.8000,4175.0000,4175.8000,4176.0000,2,3,8,1,1,1,1,1,1,3
SF,IF2002,2020-01-07 09:32:52.500,4172.8000,3978,0,170020380.000,1,0,1,多换,S,4172.8000,4171.2000,4171.0000,4170.8000,4170.6000,4174.8000,4175.0000,4175.8000,4176.0000,4177.0000,1,1,1,3,8,1,1,1,3,3
SF,IF2002,2020-01-07 09:32:53.000,4172.8000,3977,-1,171272220.000,1,0,1,双平,S,4171.2000,4171.0000,4170.8000,4170.6000,4170.4000,4174.6000,4174.8000,4175.0000,4175.8000,4176.0000,2,1,1,8,1,1,1,1,1,3
SF,IF2002,2020-01-07 09:32:53.500,4172.8000,3977,0,171272220.000,0,-,-,-,-,4171.4000,4171.2000,4171.0000,4170.8000,4170.6000,4174.6000,4174.8000,4175.0000,4175.8000,4176.0000,3,2,1,1,8,1,1,1,1,3
SF,IF2002,2020-01-07 09:32:54.000,4172.8000,3977,0,171272220.000,0,-,-,-,-,4172.0000,4171.4000,4171.2000,4171.0000,4170.8000,4174.6000,4174.8000,4175.0000,4175.8000,4176.0000,1,3,2,1,1,1,1,1,1,3
SF,IF2002,2020-01-07 09:32:54.500,4172.8000,3977,0,171272220.000,0,-,-,-,-,4174.6000,4172.2000,4172.0000,4171.6000,4171.4000,4174.8000,4175.0000,4175.8000,4176.0000,4177.0000,2,1,1,1,2,1,1,1,3,3
SF,IF2002,2020-01-07 09:32:55.000,4174.0000,3975,-2,176280780.000,4,1,3,多平,S,4171.4000,4171.2000,4170.8000,4170.6000,4170.4000,4174.8000,4175.0000,4175.8000,4176.0000,4177.0000,2,2,1,8,1,1,1,1,3,3
SF,IF2002,2020-01-07 09:32:55.500,4174.0000,3975,0,176280780.000,0,-,-,-,-,4171.8000,4171.6000,4171.4000,4171.2000,4170.8000,4174.8000,4175.0000,4175.8000,4176.0000,4177.0000,6,3,2,1,1,1,1,1,3,3
SF,IF2002,2020-01-07 09:32:56.000,4174.0000,3975,0,176280780.000,0,-,-,-,-,4172.0000,4171.8000,4171.6000,4171.4000,4170.8000,4174.6000,4174.8000,4175.0000,4175.8000,4176.0000,2,6,1,2,1,1,2,1,1,3
SF,IF2002,2020-01-07 09:32:56.500,4174.0000,3975,0,176280780.000,0,-,-,-,-,4172.2000,4172.0000,4171.8000,4171.4000,4170.6000,4174.6000,4174.8000,4175.0000,4175.8000,4176.0000,1,2,6,2,2,1,1,1,1,3
SF,IF2002,2020-01-07 09:32:57.000,4174.0000,3975,0,176280780.000,0,-,-,-,-,4172.2000,4172.0000,4171.8000,4171.4000,4171.0000,4174.8000,4175.0000,4175.8000,4176.0000,4177.0000,1,1,6,2,1,1,1,1,3,3
SF,IF2002,2020-01-07 09:32:57.500,4174.0000,3975,0,176280780.000,0,-,-,-,-,4172.2000,4172.0000,4171.8000,4171.4000,4171.0000,4174.6000,4174.8000,4175.0000,4175.8000,4176.0000,1,1,6,2,1,1,1,1,1,3
SF,IF2002,2020-01-07 09:32:58.000,4174.6000,3974,-1,177533160.000,1,0,1,双平,S,4174.6000,4171.8000,4171.4000,4171.0000,4170.6000,4174.8000,4175.0000,4175.8000,4176.0000,4177.0000,1,6,2,1,2,1,1,1,3,3
SF,IF2002,2020-01-07 09:32:58.500,4174.6000,3973,-1,178785540.000,1,0,1,双平,S,4171.8000,4171.4000,4171.0000,4170.6000,4170.4000,4174.6000,4174.8000,4175.0000,4175.8000,4176.0000,6,2,1,2,1,1,1,1,1,3
SF,IF2002,2020-01-07 09:32:59.000,4174.6000,3973,0,178785540.000,0,-,-,-,-,4172.0000,4171.8000,4171.4000,4171.0000,4170.6000,4174.6000,4174.8000,4175.0000,4175.8000,4176.0000,1,6,2,1,2,2,1,1,1,3
SF,IF2002,2020-01-07 09:32:59.500,4174.6000,3973,0,178785540.000,0,-,-,-,-,4172.0000,4171.8000,4171.4000,4171.0000,4170.6000,4174.4000,4174.6000,4174.8000,4175.0000,4175.8000,1,6,2,1,2,1,2,1,1,1
SF,IF2002,2020-01-07 09:33:00.500,4174.6000,3973,0,178785540.000,0,-,-,-,-,4172.0000,4171.8000,4171.4000,4171.0000,4170.6000,4174.0000,4174.4000,4174.6000,4174.8000,4175.0000,1,6,2,1,2,1,1,2,1,1
SF,IF2002,2020-01-07 09:33:01.000,4174.6000,3973,0,178785540.000,0,-,-,-,-,4172.0000,4171.8000,4171.4000,4171.0000,4170.6000,4174.0000,4174.4000,4174.6000,4174.8000,4175.0000,1,6,2,1,2,1,1,1,1,1
SF,IF2002,2020-01-07 09:33:02.000,4174.6000,3973,0,178785540.000,0,-,-,-,-,4171.8000,4171.4000,4171.0000,4170.6000,4170.4000,4174.0000,4174.4000,4174.6000,4174.8000,4175.0000,6,2,1,2,1,1,1,1,1,1
SF,IF2002,2020-01-07 09:33:02.500,4174.6000,3973,0,178785540.000,0,-,-,-,-,4171.8000,4171.4000,4171.0000,4170.6000,4170.4000,4174.4000,4174.6000,4174.8000,4175.0000,4175.8000,6,2,1,2,1,1,1,1,1,1
SF,IF2002,2020-01-07 09:33:03.000,4174.6000,3973,0,178785540.000,0,-,-,-,-,4171.8000,4171.4000,4171.0000,4170.6000,4170.4000,4173.8000,4174.2000,4174.6000,4174.8000,4175.0000,6,2,1,2,1,2,1,1,1,1
SF,IF2002,2020-01-07 09:33:04.000,4174.6000,3973,0,178785540.000,0,-,-,-,-,4172.0000,4171.4000,4171.0000,4170.6000,4170.4000,4173.8000,4174.2000,4174.6000,4174.8000,4175.0000,1,2,1,2,1,2,1,1,1,1
SF,IF2002,2020-01-07 09:33:04.500,4172.0000,3972,-1,180037140.000,1,0,1,双平,S,4170.6000,4170.4000,4168.0000,4167.0000,4165.0000,4173.4000,4173.6000,4173.8000,4174.2000,4174.6000,2,1,1,1,2,1,1,2,1,1
SF,IF2002,2020-01-07 09:33:05.000,4172.0000,3972,0,180037140.000,0,-,-,-,-,4170.8000,4170.6000,4170.4000,4168.0000,4167.0000,4173.2000,4173.4000,4173.8000,4174.2000,4174.6000,2,2,1,1,1,3,2,2,1,1
SF,IF2002,2020-01-07 09:33:05.500,4172.0000,3972,0,180037140.000,0,-,-,-,-,4170.4000,4168.0000,4167.0000,4165.0000,4160.0000,4172.8000,4173.2000,4173.8000,4174.6000,4174.8000,1,1,1,2,5,1,3,2,1,1
SF,IF2002,2020-01-07 09:33:06.000,4172.0000,3972,0,180037140.000,0,-,-,-,-,4170.6000,4170.4000,4168.0000,4167.0000,4165.0000,4172.8000,4173.2000,4173.8000,4174.6000,4174.8000,11,1,1,1,2,1,1,1,1,1
SF,IF2002,2020-01-07 09:33:06.500,4172.0000,3972,0,180037140.000,0,-,-,-,-,4170.6000,4170.4000,4168.0000,4167.0000,4165.0000,4172.4000,4172.8000,4173.8000,4174.6000,4174.8000,11,1,1,1,2,1,1,1,1,1
SF,IF2002,2020-01-07 09:33:07.000,4172.4000,3971,-1,181288860.000,1,0,1,双平,S,4171.0000,4170.8000,4170.6000,4170.4000,4168.0000,4172.8000,4174.6000,4174.8000,4175.0000,4175.8000,1,1,10,1,1,1,1,1,1,1
SF,IF2002,2020-01-07 09:33:07.500,4172.8000,3970,-1,182540700.000,1,0,1,双平,S,4171.2000,4171.0000,4170.6000,4170.4000,4168.0000,4174.6000,4174.8000,4175.0000,4175.8000,4176.0000,10,1,3,1,1,1,1,1,1,3
SF,IF2002,2020-01-07 09:33:08.000,4171.4000,3969,-1,183792120.000,1,0,1,双平,S,4171.2000,4171.0000,4170.6000,4170.4000,4168.0000,4174.4000,4174.6000,4174.8000,4175.0000,4175.8000,9,1,2,1,1,1,1,1,1,1
SF,IF2002,2020-01-07 09:33:08.500,4171.4000,3969,0,183792120.000,0,-,-,-,-,4171.6000,4171.2000,4171.0000,4170.6000,4170.4000,4174.4000,4174.6000,4174.8000,4175.0000,4175.8000,2,9,1,2,1,1,1,1,1,1
SF,IF2002,2020-01-07 09:33:09.000,4171.4000,3969,0,183792120.000,0,-,-,-,-,4171.6000,4171.2000,4171.0000,4170.6000,4170.4000,4174.2000,4174.4000,4174.6000,4174.8000,4175.0000,3,8,1,2,1,1,1,1,1,1
SF,IF2002,2020-01-07 09:33:09.500,4171.4000,3969,0,183792120.000,0,-,-,-,-,4171.6000,4171.2000,4171.0000,4170.6000,4170.4000,4174.0000,4174.2000,4174.4000,4174.6000,4174.8000,2,8,1,2,1,1,1,1,1,1
SF,IF2002,2020-01-07 09:33:10.000,4171.4000,3969,0,183792120.000,0,-,-,-,-,4171.8000,4171.6000,4171.2000,4170.6000,4170.4000,4174.0000,4174.2000,4174.4000,4174.6000,4174.8000,6,2,2,2,1,1,1,1,1,1
SF,IF2002,2020-01-07 09:33:10.500,4171.4000,3969,0,183792120.000,0,-,-,-,-,4171.6000,4171.2000,4170.6000,4170.4000,4168.0000,4174.0000,4174.2000,4174.4000,4174.6000,4174.8000,2,2,2,1,1,1,1,1,1,1
SF,IF2002,2020-01-07 09:33:11.000,4171.4000,3969,0,183792120.000,0,-,-,-,-,4171.8000,4171.6000,4171.2000,4170.6000,4170.4000,4174.0000,4174.2000,4174.4000,4174.6000,4174.8000,6,1,2,2,1,1,1,1,1,1
SF,IF2002,2020-01-07 09:33:12.500,4171.4000,3969,0,183792120.000,0,-,-,-,-,4172.0000,4171.8000,4171.6000,4171.2000,4170.6000,4174.0000,4174.4000,4174.6000,4174.8000,4175.0000,2,6,1,2,2,1,1,1,1,1
SF,IF2002,2020-01-07 09:33:13.000,4171.4000,3969,0,183792120.000,0,-,-,-,-,4171.6000,4171.2000,4170.6000,4170.4000,4168.0000,4174.4000,4174.6000,4174.8000,4175.0000,4175.8000,1,2,2,1,1,1,1,1,1,1
SF,IF2002,2020-01-07 09:33:13.500,4171.4000,3969,0,183792120.000,0,-,-,-,-,4171.8000,4171.6000,4171.2000,4170.6000,4170.4000,4174.2000,4174.4000,4174.6000,4174.8000,4175.0000,8,1,2,2,1,1,1,1,1,1
SF,IF2002,2020-01-07 09:33:14.000,4171.4000,3969,0,183792120.000,0,-,-,-,-,4171.8000,4171.6000,4171.2000,4170.6000,4170.4000,4174.2000,4174.4000,4174.6000,4174.8000,4175.0000,3,1,2,2,1,1,1,1,1,1
SF,IF2002,2020-01-07 09:33:14.500,4171.4000,3969,0,183792120.000,0,-,-,-,-,4172.0000,4171.8000,4171.6000,4171.2000,4170.6000,4174.2000,4174.4000,4174.6000,4174.8000,4175.0000,1,1,1,2,2,1,1,1,1,1
SF,IF2002,2020-01-07 09:33:15.000,4171.4000,3969,0,183792120.000,0,-,-,-,-,4172.0000,4171.6000,4171.2000,4170.6000,4170.4000,4174.0000,4174.2000,4174.6000,4174.8000,4175.0000,1,1,2,2,1,2,1,1,1,1
SF,IF2002,2020-01-07 09:33:15.500,4171.4000,3969,0,183792120.000,0,-,-,-,-,4171.6000,4171.2000,4170.6000,4170.4000,4168.0000,4173.8000,4174.0000,4174.6000,4174.8000,4175.0000,1,2,2,1,1,1,2,1,2,1
SF,IF2002,2020-01-07 09:33:16.000,4171.4000,3969,0,183792120.000,0,-,-,-,-,4171.6000,4170.6000,4170.4000,4168.0000,4167.0000,4173.8000,4174.0000,4174.6000,4174.8000,4175.0000,1,2,1,1,1,1,2,1,2,1
SF,IF2002,2020-01-07 09:33:16.500,4171.4000,3969,0,183792120.000,0,-,-,-,-,4171.6000,4170.6000,4170.4000,4168.0000,4167.0000,4172.4000,4173.6000,4173.8000,4174.0000,4174.6000,1,2,1,1,1,2,1,1,2,1
SF,IF2002,2020-01-07 09:33:17.000,4172.4000,3968,-1,185043840.000,1,0,1,双平,S,4171.6000,4170.6000,4170.4000,4170.2000,4168.0000,4172.4000,4173.6000,4174.0000,4174.6000,4174.8000,1,2,1,1,1,1,1,1,1,2
SF,IF2002,2020-01-07 09:33:17.500,4172.4000,3968,0,185043840.000,0,-,-,-,-,4171.6000,4170.4000,4170.2000,4168.0000,4167.0000,4172.4000,4174.0000,4174.6000,4174.8000,4175.0000,1,1,1,1,1,1,1,1,2,1
SF,IF2002,2020-01-07 09:33:19.500,4172.4000,3968,0,185043840.000,0,-,-,-,-,4171.6000,4170.4000,4170.2000,4168.0000,4167.0000,4172.4000,4174.0000,4174.4000,4174.6000,4174.8000,1,1,1,1,1,1,1,1,1,2
SF,IF2002,2020-01-07 09:33:21.000,4172.4000,3968,0,185043840.000,0,-,-,-,-,4171.6000,4170.4000,4170.2000,4168.0000,4167.0000,4172.4000,4174.0000,4174.4000,4174.6000,4174.8000,1,1,1,1,1,1,1,2,1,2
SF,IF2002,2020-01-07 09:33:21.500,4171.6000,3967,-1,186295320.000,1,0,1,双平,S,4170.4000,4170.2000,4168.0000,4167.0000,4165.0000,4172.4000,4173.0000,4174.0000,4174.4000,4174.6000,1,1,1,1,2,1,2,1,2,1
SF,IF2002,2020-01-07 09:33:22.000,4171.6000,3967,0,186295320.000,0,-,-,-,-,4170.4000,4168.0000,4167.0000,4165.0000,4160.0000,4172.2000,4172.4000,4173.0000,4174.0000,4174.4000,1,1,1,2,5,1,1,2,1,2
SF,IF2002,2020-01-07 09:33:22.500,4171.6000,3967,0,186295320.000,0,-,-,-,-,4170.4000,4168.0000,4167.0000,4165.0000,4160.0000,4172.2000,4172.4000,4173.0000,4174.0000,4174.4000,1,1,1,2,5,2,1,2,1,2
SF,IF2002,2020-01-07 09:33:23.000,4170.4000,3967,0,187546440.000,1,0,1,多换,S,4168.0000,4167.0000,4165.0000,4160.0000,4151.6000,4172.2000,4172.4000,4173.0000,4174.4000,4174.6000,1,1,2,5,1,1,1,2,2,1
SF,IF2002,2020-01-07 09:33:23.500,4172.0000,3968,1,190049640.000,2,1,1,空开,S,4168.4000,4168.2000,4168.0000,4167.0000,4165.0000,4172.2000,4172.4000,4173.0000,4174.4000,4174.6000,6,4,1,1,2,1,1,2,2,1
SF,IF2002,2020-01-07 09:33:24.000,4172.0000,3968,0,190049640.000,0,-,-,-,-,4169.2000,4168.8000,4168.6000,4168.4000,4168.2000,4172.4000,4173.0000,4174.4000,4174.6000,4174.8000,1,1,4,6,1,1,2,2,1,2
SF,IF2002,2020-01-07 09:33:24.500,4172.0000,3968,0,190049640.000,0,-,-,-,-,4169.4000,4169.2000,4168.6000,4168.4000,4168.2000,4171.6000,4171.8000,4172.4000,4173.0000,4174.4000,3,1,3,6,1,2,1,2,2,2
SF,IF2002,2020-01-07 09:33:25.000,4172.0000,3968,0,190049640.000,0,-,-,-,-,4169.4000,4169.2000,4168.6000,4168.4000,4168.2000,4171.6000,4171.8000,4172.4000,4173.0000,4174.4000,1,1,3,6,1,2,1,2,2,2
SF,IF2002,2020-01-07 09:33:25.500,4172.0000,3968,0,190049640.000,0,-,-,-,-,4169.4000,4168.6000,4168.4000,4168.2000,4168.0000,4171.2000,4171.4000,4171.6000,4172.4000,4173.0000,1,3,6,1,1,1,2,2,2,2
SF,IF2002,2020-01-07 09:33:26.000,4172.0000,3968,0,190049640.000,0,-,-,-,-,4169.4000,4168.6000,4168.4000,4168.2000,4168.0000,4171.2000,4171.4000,4171.6000,4172.4000,4173.0000,1,3,6,1,1,1,2,2,2,2
SF,IF2002,2020-01-07 09:33:26.500,4172.0000,3968,0,190049640.000,0,-,-,-,-,4169.4000,4168.6000,4168.4000,4168.2000,4168.0000,4171.2000,4171.4000,4171.6000,4172.4000,4173.0000,1,3,6,1,1,1,1,2,2,2
SF,IF2002,2020-01-07 09:33:27.000,4172.0000,3968,0,190049640.000,0,-,-,-,-,4169.4000,4168.6000,4168.4000,4168.2000,4168.0000,4171.2000,4171.6000,4172.2000,4172.4000,4173.0000,1,3,6,1,1,1,2,2,2,2
SF,IF2002,2020-01-07 09:33:27.500,4172.0000,3968,0,190049640.000,0,-,-,-,-,4169.4000,4168.6000,4168.4000,4168.2000,4168.0000,4171.2000,4171.6000,4172.2000,4172.4000,4173.0000,1,3,6,1,1,1,2,2,2,2
SF,IF2002,2020-01-07 09:33:28.000,4172.0000,3968,0,190049640.000,0,-,-,-,-,4169.4000,4168.6000,4168.4000,4168.2000,4168.0000,4171.2000,4171.6000,4172.4000,4173.0000,4173.2000,1,3,6,1,1,1,2,2,2,1
SF,IF2002,2020-01-07 09:33:28.500,4172.0000,3968,0,190049640.000,0,-,-,-,-,4169.4000,4168.6000,4168.4000,4168.2000,4168.0000,4171.2000,4171.6000,4172.4000,4173.0000,4173.2000,1,3,6,1,1,1,1,1,2,1
SF,IF2002,2020-01-07 09:33:29.000,4172.0000,3968,0,190049640.000,0,-,-,-,-,4169.4000,4168.6000,4168.4000,4168.2000,4168.0000,4171.2000,4172.0000,4172.4000,4173.0000,4173.2000,1,3,6,1,1,1,1,1,2,1
SF,IF2002,2020-01-07 09:33:29.500,4169.6000,3967,-1,191300520.000,1,0,1,双平,S,4169.6000,4169.4000,4168.6000,4168.4000,4168.2000,4171.2000,4172.0000,4172.4000,4173.0000,4173.2000,1,1,3,6,1,1,1,1,2,1
SF,IF2002,2020-01-07 09:33:30.000,4169.6000,3967,0,191300520.000,0,-,-,-,-,4169.4000,4168.6000,4168.4000,4168.2000,4167.0000,4171.2000,4172.0000,4172.4000,4173.0000,4173.2000,1,3,6,1,1,1,1,1,2,1
SF,IF2002,2020-01-07 09:33:30.500,4169.6000,3967,0,191300520.000,0,-,-,-,-,4169.6000,4169.4000,4168.6000,4168.4000,4168.2000,4172.0000,4172.4000,4173.0000,4173.2000,4174.4000,2,2,2,6,1,1,1,2,1,1
SF,IF2002,2020-01-07 09:33:31.000,4169.6000,3967,0,191300520.000,0,-,-,-,-,4169.8000,4169.6000,4168.6000,4168.4000,4168.2000,4172.0000,4172.4000,4173.0000,4173.2000,4174.4000,1,2,2,6,1,1,1,2,1,1
SF,IF2002,2020-01-07 09:33:32.500,4169.6000,3967,0,191300520.000,0,-,-,-,-,4168.6000,4168.4000,4168.2000,4167.0000,4165.0000,4171.8000,4172.0000,4172.4000,4173.0000,4173.2000,2,6,1,1,2,1,1,1,2,1
SF,IF2002,2020-01-07 09:33:33.000,4169.6000,3967,0,191300520.000,0,-,-,-,-,4169.8000,4169.2000,4169.0000,4168.8000,4168.6000,4171.8000,4172.0000,4172.4000,4172.6000,4173.0000,1,1,6,5,2,1,1,1,1,2
SF,IF2002,2020-01-07 09:33:33.500,4169.6000,3967,0,191300520.000,0,-,-,-,-,4169.8000,4169.2000,4169.0000,4168.8000,4168.6000,4172.0000,4172.4000,4172.6000,4173.0000,4173.2000,1,1,6,3,2,1,1,1,2,1
SF,IF2002,2020-01-07 09:33:34.000,4169.6000,3966,-1,193802280.000,2,0,2,多平,S,4169.2000,4169.0000,4168.8000,4168.6000,4168.2000,4169.4000,4172.0000,4172.4000,4172.6000,4173.0000,1,6,3,2,1,3,1,1,1,2
SF,IF2002,2020-01-07 09:33:34.500,4169.4000,3963,-3,197554740.000,3,0,3,双平,S,4170.0000,4169.4000,4169.2000,4169.0000,4168.8000,4172.0000,4172.4000,4172.6000,4173.0000,4173.2000,1,9,1,6,2,1,1,1,2,1
SF,IF2002,2020-01-07 09:33:35.000,4169.4000,3963,0,197554740.000,0,-,-,-,-,4171.2000,4170.0000,4169.4000,4169.2000,4168.8000,4171.8000,4172.0000,4172.4000,4172.6000,4173.0000,1,1,9,1,2,2,1,1,1,2
SF,IF2002,2020-01-07 09:33:35.500,4171.2000,3963,0,198806100.000,1,0,1,多换,S,4169.4000,4169.2000,4168.8000,4168.6000,4168.2000,4171.8000,4172.0000,4172.4000,4172.6000,4173.0000,2,2,2,2,1,3,1,1,1,2
SF,IF2002,2020-01-07 09:33:36.000,4171.2000,3963,0,198806100.000,0,-,-,-,-,4169.4000,4169.2000,4168.8000,4168.6000,4168.2000,4171.8000,4172.0000,4172.4000,4172.6000,4173.0000,5,2,2,2,1,1,1,1,1,2
SF,IF2002,2020-01-07 09:33:36.500,4171.2000,3963,0,198806100.000,0,-,-,-,-,4169.4000,4169.2000,4168.8000,4168.6000,4168.2000,4171.8000,4172.0000,4172.4000,4172.6000,4173.0000,5,2,2,2,1,1,1,1,1,2
SF,IF2002,2020-01-07 09:33:37.000,4171.2000,3963,0,198806100.000,0,-,-,-,-,4169.6000,4169.4000,4169.2000,4168.8000,4168.6000,4171.8000,4172.0000,4172.4000,4172.6000,4173.0000,4,3,2,2,2,1,1,1,1,2
SF,IF2002,2020-01-07 09:33:37.500,4170.0000,3962,-1,200057100.000,1,0,1,双平,S,4170.0000,4169.8000,4169.6000,4169.4000,4169.2000,4172.0000,4172.4000,4172.6000,4173.0000,4173.2000,1,2,5,3,2,1,1,1,2,1
SF,IF2002,2020-01-07 09:33:38.500,4170.0000,3962,0,200057100.000,0,-,-,-,-,4170.2000,4170.0000,4169.8000,4169.6000,4169.4000,4172.0000,4172.4000,4172.6000,4173.0000,4174.0000,2,1,2,4,3,1,1,1,2,1
SF,IF2002,2020-01-07 09:33:39.000,4170.0000,3962,0,200057100.000,0,-,-,-,-,4170.2000,4170.0000,4169.8000,4169.6000,4169.4000,4172.0000,4172.4000,4173.0000,4174.0000,4174.6000,2,1,2,4,3,1,1,2,1,1
SF,IF2002,2020-01-07 09:33:39.500,4170.0000,3962,0,200057100.000,0,-,-,-,-,4170.0000,4169.8000,4169.6000,4169.4000,4169.2000,4172.0000,4172.4000,4173.0000,4174.0000,4174.6000,1,4,2,3,2,1,1,2,1,1
SF,IF2002,2020-01-07 09:33:40.000,4170.0000,3962,0,200057100.000,0,-,-,-,-,4170.4000,4170.2000,4169.8000,4169.6000,4169.4000,4172.0000,4172.4000,4173.0000,4174.0000,4174.6000,2,1,2,1,3,1,1,2,1,1
SF,IF2002,2020-01-07 09:33:40.500,4170.0000,3962,0,200057100.000,0,-,-,-,-,4170.4000,4169.8000,4169.6000,4169.4000,4169.2000,4172.0000,4172.4000,4173.0000,4174.0000,4174.6000,1,4,1,3,2,1,1,2,1,1
SF,IF2002,2020-01-07 09:33:41.000,4170.0000,3962,0,200057100.000,0,-,-,-,-,4169.8000,4169.4000,4169.2000,4168.8000,4168.6000,4172.0000,4172.4000,4173.0000,4174.0000,4174.6000,2,3,2,2,2,1,1,2,1,1
SF,IF2002,2020-01-07 09:33:41.500,4170.0000,3962,0,200057100.000,0,-,-,-,-,4170.0000,4169.8000,4169.4000,4169.2000,4168.8000,4172.0000,4172.4000,4173.0000,4174.0000,4174.6000,9,2,3,1,2,1,1,2,1,1
SF,IF2002,2020-01-07 09:33:42.000,4170.0000,3962,0,200057100.000,0,-,-,-,-,4170.0000,4169.8000,4169.4000,4169.2000,4168.8000,4172.0000,4172.4000,4173.0000,4174.0000,4174.6000,2,2,2,1,2,1,1,2,1,1
SF,IF2002,2020-01-07 09:33:43.000,4170.0000,3962,0,200057100.000,0,-,-,-,-,4170.0000,4169.8000,4169.4000,4169.2000,4168.8000,4172.0000,4172.4000,4173.0000,4174.0000,4174.4000,2,2,2,1,2,2,1,2,1,1
SF,IF2002,2020-01-07 09:33:43.500,4170.0000,3962,0,200057100.000,0,-,-,-,-,4170.2000,4170.0000,4169.8000,4169.4000,4169.2000,4172.0000,4172.4000,4173.0000,4174.0000,4174.4000,1,2,2,2,1,2,1,2,1,1
SF,IF2002,2020-01-07 09:33:44.000,4170.0000,3962,0,200057100.000,0,-,-,-,-,4170.4000,4170.2000,4170.0000,4169.8000,4169.4000,4172.0000,4172.4000,4173.0000,4174.0000,4174.4000,1,1,2,2,2,2,1,2,1,1
SF,IF2002,2020-01-07 09:33:47.500,4170.0000,3962,0,200057100.000,0,-,-,-,-,4170.0000,4169.8000,4169.4000,4169.2000,4168.8000,4172.0000,4172.4000,4173.0000,4174.0000,4174.4000,2,2,2,1,2,2,1,2,1,1
SF,IF2002,2020-01-07 09:33:48.000,4170.0000,3962,0,200057100.000,0,-,-,-,-,4170.2000,4170.0000,4169.8000,4169.4000,4169.2000,4171.0000,4172.0000,4172.4000,4173.0000,4174.0000,2,2,2,2,1,1,2,1,2,1
SF,IF2002,2020-01-07 09:33:48.500,4171.0000,3962,0,201308400.000,1,0,1,多换,S,4170.4000,4170.2000,4170.0000,4169.8000,4169.4000,4172.0000,4172.4000,4173.0000,4174.0000,4174.4000,6,2,2,2,2,2,1,2,1,1
SF,IF2002,2020-01-07 09:33:49.500,4171.0000,3962,0,201308400.000,0,-,-,-,-,4170.6000,4170.4000,4170.2000,4170.0000,4169.8000,4172.0000,4172.4000,4173.0000,4174.0000,4174.4000,2,6,2,2,2,2,1,2,1,1
SF,IF2002,2020-01-07 09:33:52.500,4170.6000,3963,1,203811180.000,2,1,1,空开,S,4170.8000,4170.4000,4170.2000,4170.0000,4169.8000,4172.0000,4172.4000,4173.0000,4174.0000,4174.4000,1,6,2,2,2,1,1,2,1,1
SF,IF2002,2020-01-07 09:33:53.000,4170.6000,3963,0,203811180.000,0,-,-,-,-,4171.0000,4170.8000,4170.4000,4170.2000,4170.0000,4172.0000,4172.4000,4173.0000,4174.0000,4174.4000,2,2,6,2,2,1,1,2,1,1
SF,IF2002,2020-01-07 09:33:53.500,4170.6000,3963,0,203811180.000,0,-,-,-,-,4170.8000,4170.4000,4170.2000,4170.0000,4169.8000,4172.0000,4172.4000,4173.0000,4174.0000,4174.4000,2,6,2,2,2,1,1,2,1,1
SF,IF2002,2020-01-07 09:33:54.000,4170.6000,3963,0,203811180.000,0,-,-,-,-,4170.8000,4170.2000,4170.0000,4169.8000,4169.4000,4172.0000,4172.4000,4173.0000,4174.0000,4174.4000,1,2,2,2,2,1,1,2,1,1
SF,IF2002,2020-01-07 09:33:54.500,4170.6000,3963,0,203811180.000,0,-,-,-,-,4170.2000,4170.0000,4169.8000,4169.4000,4169.2000,4172.0000,4172.4000,4173.0000,4174.0000,4174.4000,2,2,2,2,1,1,1,2,1,1
SF,IF2002,2020-01-07 09:33:55.000,4170.6000,3963,0,203811180.000,0,-,-,-,-,4170.4000,4170.2000,4170.0000,4169.8000,4169.4000,4172.0000,4172.4000,4173.0000,4174.0000,4174.4000,2,2,2,2,2,1,1,2,1,1
SF,IF2002,2020-01-07 09:33:55.500,4170.6000,3963,0,203811180.000,0,-,-,-,-,4170.4000,4170.2000,4170.0000,4169.8000,4169.4000,4171.6000,4172.0000,4172.4000,4173.0000,4174.0000,2,2,2,2,2,2,1,1,2,1
SF,IF2002,2020-01-07 09:33:56.000,4170.6000,3963,0,203811180.000,0,-,-,-,-,4170.6000,4170.4000,4170.2000,4170.0000,4169.8000,4171.6000,4172.0000,4172.4000,4173.0000,4174.0000,1,2,2,2,2,2,1,1,2,1
SF,IF2002,2020-01-07 09:33:57.500,4170.6000,3963,0,203811180.000,0,-,-,-,-,4170.6000,4170.2000,4170.0000,4169.8000,4169.4000,4171.6000,4172.0000,4172.4000,4173.0000,4174.0000,1,2,2,2,2,2,2,1,2,1
SF,IF2002,2020-01-07 09:33:58.000,4170.6000,3963,0,203811180.000,0,-,-,-,-,4170.2000,4170.0000,4169.8000,4169.4000,4169.2000,4171.6000,4172.0000,4172.4000,4173.0000,4174.0000,2,2,2,2,1,2,2,1,2,1
SF,IF2002,2020-01-07 09:33:58.500,4170.6000,3963,0,203811180.000,0,-,-,-,-,4170.2000,4170.0000,4169.8000,4169.4000,4169.2000,4171.6000,4172.0000,4172.4000,4173.0000,4174.0000,2,2,3,2,1,2,2,1,2,1
SF,IF2002,2020-01-07 09:33:59.000,4170.6000,3963,0,203811180.000,0,-,-,-,-,4170.4000,4170.2000,4170.0000,4169.8000,4169.4000,4171.6000,4172.0000,4172.4000,4173.0000,4174.0000,9,2,2,3,2,2,2,1,2,1
SF,IF2002,2020-01-07 09:33:59.500,4170.6000,3963,0,203811180.000,0,-,-,-,-,4170.6000,4170.2000,4170.0000,4169.8000,4169.4000,4171.6000,4172.0000,4172.4000,4173.0000,4174.0000,1,2,2,3,2,2,2,1,2,1
SF,IF2002,2020-01-07 09:34:00.000,4170.6000,3961,-2,206313540.000,2,0,2,双平,S,4170.0000,4169.8000,4169.4000,4169.2000,4168.8000,4171.6000,4172.0000,4172.4000,4173.0000,4174.0000,2,3,2,1,2,2,2,1,2,1
SF,IF2002,2020-01-07 09:34:00.500,4170.6000,3961,0,206313540.000,0,-,-,-,-,4170.6000,4170.2000,4170.0000,4169.8000,4169.4000,4171.6000,4172.0000,4172.4000,4173.0000,4174.0000,1,1,2,2,2,2,2,1,2,1
SF,IF2002,2020-01-07 09:34:01.500,4170.6000,3961,0,206313540.000,0,-,-,-,-,4170.2000,4170.0000,4169.8000,4169.4000,4169.2000,4171.6000,4172.0000,4172.4000,4173.0000,4174.0000,1,2,2,2,1,2,2,1,2,1
SF,IF2002,2020-01-07 09:34:02.000,4171.6000,3960,-1,207565020.000,1,0,1,双平,S,4170.0000,4169.8000,4169.4000,4169.2000,4168.8000,4171.6000,4172.0000,4172.4000,4173.0000,4174.0000,2,2,2,1,2,1,2,1,2,1
SF,IF2002,2020-01-07 09:34:02.500,4171.6000,3960,0,207565020.000,0,-,-,-,-,4170.0000,4169.8000,4169.4000,4169.2000,4168.8000,4171.6000,4172.0000,4172.4000,4173.0000,4174.0000,2,2,2,1,2,1,2,1,2,1
SF,IF2002,2020-01-07 09:34:04.000,4171.6000,3960,0,207565020.000,0,-,-,-,-,4169.8000,4169.4000,4169.2000,4168.8000,4168.6000,4171.6000,4172.0000,4172.4000,4173.0000,4174.0000,2,2,1,2,2,1,2,1,2,1
SF,IF2002,2020-01-07 09:34:05.000,4171.6000,3960,0,207565020.000,0,-,-,-,-,4169.4000,4169.2000,4168.8000,4168.6000,4168.2000,4171.6000,4172.0000,4172.4000,4173.0000,4174.0000,2,1,2,2,1,1,2,1,2,1
SF,IF2002,2020-01-07 09:34:05.500,4171.6000,3960,0,207565020.000,0,-,-,-,-,4169.6000,4169.4000,4169.2000,4168.8000,4168.6000,4171.6000,4172.0000,4172.4000,4173.0000,4174.0000,2,2,1,2,2,1,2,1,2,1
SF,IF2002,2020-01-07 09:34:06.500,4171.6000,3960,0,207565020.000,0,-,-,-,-,4169.2000,4168.8000,4168.6000,4168.2000,4167.0000,4171.4000,4171.6000,4172.0000,4172.4000,4173.0000,1,2,2,1,1,1,1,2,1,2
SF,IF2002,2020-01-07 09:34:07.000,4169.2000,3960,0,208815780.000,1,0,1,多换,S,4168.8000,4168.6000,4168.2000,4167.0000,4165.0000,4171.2000,4171.4000,4171.6000,4172.0000,4172.4000,2,2,1,1,2,1,1,1,2,1
SF,IF2002,2020-01-07 09:34:07.500,4169.2000,3960,0,208815780.000,0,-,-,-,-,4168.6000,4168.2000,4167.0000,4165.0000,4163.4000,4171.0000,4171.2000,4171.4000,4171.6000,4172.0000,2,1,1,2,3,1,1,1,1,2
SF,IF2002,2020-01-07 09:34:08.000,4169.2000,3960,0,208815780.000,0,-,-,-,-,4168.2000,4167.0000,4165.0000,4163.4000,4160.0000,4171.0000,4171.2000,4171.4000,4171.6000,4172.0000,1,1,2,3,5,1,1,1,1,2
SF,IF2002,2020-01-07 09:34:08.500,4169.2000,3960,0,208815780.000,0,-,-,-,-,4167.0000,4165.0000,4163.4000,4160.0000,4151.6000,4170.4000,4170.8000,4171.0000,4171.4000,4171.6000,1,2,3,5,1,1,1,1,1,1
SF,IF2002,2020-01-07 09:34:09.000,4169.2000,3960,0,208815780.000,0,-,-,-,-,4167.4000,4167.2000,4167.0000,4165.0000,4163.4000,4170.2000,4170.4000,4171.0000,4171.6000,4172.0000,6,4,1,2,3,1,1,1,1,2
SF,IF2002,2020-01-07 09:34:09.500,4169.2000,3960,0,208815780.000,0,-,-,-,-,4167.6000,4167.4000,4167.2000,4167.0000,4165.0000,4170.2000,4170.4000,4171.0000,4171.6000,4172.0000,5,6,1,1,2,1,1,1,1,2
SF,IF2002,2020-01-07 09:34:10.000,4169.2000,3960,0,208815780.000,0,-,-,-,-,4167.6000,4167.2000,4167.0000,4165.0000,4163.4000,4170.2000,4170.4000,4171.0000,4171.6000,4172.0000,4,1,1,2,3,1,1,1,1,2
SF,IF2002,2020-01-07 09:34:10.500,4169.2000,3960,0,208815780.000,0,-,-,-,-,4168.0000,4167.6000,4167.2000,4167.0000,4165.0000,4170.2000,4170.4000,4171.0000,4171.6000,4172.0000,7,4,1,1,2,1,1,1,1,2
SF,IF2002,2020-01-07 09:34:11.000,4169.2000,3960,0,208815780.000,0,-,-,-,-,4168.0000,4167.8000,4167.6000,4167.2000,4167.0000,4170.2000,4170.4000,4171.0000,4171.6000,4172.0000,1,1,3,1,1,1,1,1,1,2
SF,IF2002,2020-01-07 09:34:11.500,4169.2000,3960,0,208815780.000,0,-,-,-,-,4167.8000,4167.6000,4167.2000,4167.0000,4165.0000,4170.2000,4171.6000,4172.0000,4172.4000,4173.0000,1,3,1,1,2,1,1,2,1,2
SF,IF2002,2020-01-07 09:34:12.000,4169.2000,3960,0,208815780.000,0,-,-,-,-,4168.0000,4167.8000,4167.6000,4167.2000,4167.0000,4171.6000,4172.0000,4172.4000,4173.0000,4174.0000,2,1,2,1,1,1,2,1,2,1
SF,IF2002,2020-01-07 09:34:12.500,4169.2000,3960,0,208815780.000,0,-,-,-,-,4167.8000,4167.6000,4167.2000,4167.0000,4165.0000,4171.2000,4171.4000,4171.6000,4172.0000,4172.4000,1,2,1,1,2,1,3,1,2,1
SF,IF2002,2020-01-07 09:34:13.000,4169.2000,3960,0,208815780.000,0,-,-,-,-,4168.0000,4167.8000,4167.6000,4167.2000,4167.0000,4171.2000,4171.4000,4171.6000,4172.0000,4172.4000,1,1,2,1,1,1,3,1,2,1
SF,IF2002,2020-01-07 09:34:13.500,4169.2000,3960,0,208815780.000,0,-,-,-,-,4167.8000,4167.6000,4167.2000,4167.0000,4165.0000,4170.4000,4171.0000,4171.2000,4171.4000,4171.6000,1,2,1,1,2,1,3,1,2,1
SF,IF2002,2020-01-07 09:34:14.000,4169.2000,3960,0,208815780.000,0,-,-,-,-,4167.6000,4167.2000,4167.0000,4165.0000,4163.4000,4170.4000,4171.0000,4171.2000,4171.4000,4171.6000,2,1,1,2,3,1,4,1,2,1
SF,IF2002,2020-01-07 09:34:14.500,4169.2000,3960,0,208815780.000,0,-,-,-,-,4169.2000,4167.2000,4167.0000,4165.0000,4163.4000,4170.2000,4170.4000,4171.0000,4171.2000,4171.4000,1,1,1,2,3,1,2,3,1,2
SF,IF2002,2020-01-07 09:34:15.000,4169.2000,3960,0,210066540.000,1,0,1,多换,S,4167.2000,4167.0000,4165.0000,4163.4000,4160.0000,4170.2000,4170.4000,4171.0000,4171.2000,4171.4000,1,1,2,3,5,1,1,2,1,2
SF,IF2002,2020-01-07 09:34:15.500,4169.2000,3960,0,210066540.000,0,-,-,-,-,4167.4000,4167.2000,4167.0000,4165.0000,4163.4000,4170.2000,4170.4000,4171.0000,4171.2000,4171.4000,2,1,1,2,3,1,1,2,1,1
SF,IF2002,2020-01-07 09:34:16.000,4169.2000,3960,0,210066540.000,0,-,-,-,-,4167.4000,4167.2000,4167.0000,4165.0000,4163.4000,4169.8000,4170.2000,4171.0000,4171.2000,4171.4000,2,1,1,2,3,1,1,2,1,1
SF,IF2002,2020-01-07 09:34:16.500,4169.2000,3960,0,210066540.000,0,-,-,-,-,4167.2000,4167.0000,4165.0000,4163.4000,4160.0000,4169.6000,4169.8000,4170.2000,4171.0000,4171.4000,1,1,2,3,5,1,2,1,2,1
SF,IF2002,2020-01-07 09:34:17.000,4169.2000,3960,0,210066540.000,0,-,-,-,-,4167.4000,4167.2000,4167.0000,4165.0000,4163.4000,4169.6000,4169.8000,4170.2000,4171.0000,4171.4000,8,1,1,2,3,1,2,1,1,1
SF,IF2002,2020-01-07 09:34:17.500,4169.2000,3960,0,210066540.000,0,-,-,-,-,4167.6000,4167.4000,4167.2000,4167.0000,4165.0000,4169.6000,4169.8000,4170.2000,4171.0000,4171.4000,1,8,1,1,2,1,1,1,1,1
SF,IF2002,2020-01-07 09:34:18.000,4169.2000,3960,0,210066540.000,0,-,-,-,-,4167.8000,4167.6000,4167.4000,4167.2000,4167.0000,4169.8000,4170.2000,4171.0000,4171.4000,4171.6000,3,1,8,1,1,1,1,1,1,1
SF,IF2002,2020-01-07 09:34:18.500,4169.2000,3960,0,210066540.000,0,-,-,-,-,4167.8000,4167.6000,4167.4000,4167.2000,4167.0000,4169.8000,4171.0000,4171.4000,4171.6000,4172.0000,3,1,8,1,1,1,1,1,1,2
SF,IF2002,2020-01-07 09:34:19.000,4169.2000,3960,0,210066540.000,0,-,-,-,-,4167.8000,4167.6000,4167.4000,4167.2000,4167.0000,4171.4000,4171.6000,4172.0000,4172.4000,4173.0000,3,1,8,1,1,1,1,2,1,2
SF,IF2002,2020-01-07 09:34:19.500,4169.2000,3960,0,210066540.000,0,-,-,-,-,4167.8000,4167.4000,4167.2000,4167.0000,4165.0000,4171.2000,4171.4000,4171.6000,4172.0000,4172.4000,3,8,1,1,2,1,1,1,2,1
SF,IF2002,2020-01-07 09:34:20.000,4169.2000,3960,0,210066540.000,0,-,-,-,-,4168.0000,4167.8000,4167.4000,4167.2000,4167.0000,4171.0000,4171.4000,4171.6000,4172.0000,4172.4000,7,4,2,1,1,1,1,1,2,1
SF,IF2002,2020-01-07 09:34:20.500,4169.2000,3960,0,210066540.000,0,-,-,-,-,4168.2000,4168.0000,4167.8000,4167.4000,4167.2000,4171.0000,4171.6000,4172.0000,4172.4000,4173.0000,4,7,2,2,1,1,1,2,1,2
SF,IF2002,2020-01-07 09:34:21.000,4169.2000,3960,0,210066540.000,0,-,-,-,-,4168.2000,4168.0000,4167.8000,4167.4000,4167.2000,4171.0000,4171.6000,4172.0000,4172.4000,4173.0000,4,7,2,2,1,1,1,2,1,2
SF,IF2002,2020-01-07 09:34:21.500,4169.2000,3960,0,210066540.000,0,-,-,-,-,4168.4000,4168.2000,4168.0000,4167.8000,4167.4000,4171.6000,4172.0000,4172.4000,4173.0000,4174.0000,8,3,1,2,2,1,2,1,2,3
SF,IF2002,2020-01-07 09:34:22.000,4169.2000,3960,0,210066540.000,0,-,-,-,-,4168.6000,4168.4000,4168.2000,4167.8000,4167.4000,4171.6000,4172.0000,4172.4000,4173.0000,4174.0000,4,2,3,2,2,1,2,1,2,3
SF,IF2002,2020-01-07 09:34:22.500,4169.2000,3960,0,210066540.000,0,-,-,-,-,4168.8000,4168.6000,4168.4000,4168.2000,4167.8000,4171.4000,4171.6000,4172.0000,4172.4000,4173.0000,1,4,1,3,2,2,1,2,1,2
SF,IF2002,2020-01-07 09:34:23.000,4169.2000,3960,0,210066540.000,0,-,-,-,-,4169.0000,4168.8000,4168.6000,4168.4000,4168.2000,4171.4000,4171.6000,4172.0000,4172.4000,4173.0000,1,1,4,1,3,2,1,2,1,2
SF,IF2002,2020-01-07 09:34:23.500,4169.2000,3960,0,210066540.000,0,-,-,-,-,4169.0000,4168.8000,4168.6000,4168.4000,4168.2000,4171.4000,4171.6000,4172.0000,4172.4000,4173.0000,1,1,3,1,3,1,1,2,1,2
SF,IF2002,2020-01-07 09:34:24.000,4169.2000,3960,0,210066540.000,0,-,-,-,-,4169.0000,4168.8000,4168.6000,4168.4000,4168.2000,4171.2000,4171.4000,4171.6000,4172.0000,4172.4000,1,1,3,1,3,1,1,1,2,1
SF,IF2002,2020-01-07 09:34:24.500,4169.2000,3960,0,210066540.000,0,-,-,-,-,4169.4000,4169.2000,4169.0000,4168.6000,4168.4000,4171.2000,4171.4000,4171.6000,4172.0000,4172.4000,1,2,1,2,1,1,1,1,2,1
SF,IF2002,2020-01-07 09:34:25.000,4169.2000,3960,0,210066540.000,0,-,-,-,-,4169.4000,4169.2000,4168.6000,4168.4000,4168.2000,4171.4000,4171.6000,4172.0000,4172.4000,4173.0000,1,3,2,1,4,1,1,2,1,2
SF,IF2002,2020-01-07 09:34:25.500,4169.2000,3960,0,210066540.000,0,-,-,-,-,4169.6000,4169.4000,4169.2000,4168.6000,4168.4000,4171.4000,4171.6000,4172.0000,4172.4000,4173.0000,1,1,3,2,1,1,1,2,1,2
SF,IF2002,2020-01-07 09:34:26.000,4169.2000,3960,0,210066540.000,0,-,-,-,-,4169.8000,4169.6000,4169.4000,4169.2000,4168.6000,4171.6000,4172.0000,4172.4000,4173.0000,4174.0000,2,1,1,3,2,1,2,1,2,1
SF,IF2002,2020-01-07 09:34:26.500,4169.2000,3960,0,210066540.000,0,-,-,-,-,4170.0000,4169.2000,4168.6000,4168.2000,4167.8000,4171.6000,4172.0000,4172.4000,4173.0000,4174.0000,2,2,2,4,2,1,2,1,2,1
SF,IF2002,2020-01-07 09:34:27.500,4170.0000,3960,0,211317540.000,1,0,1,多换,S,4169.2000,4168.6000,4168.2000,4167.8000,4167.4000,4171.6000,4172.0000,4172.4000,4173.0000,4174.0000,2,2,4,2,2,1,1,1,2,1
SF,IF2002,2020-01-07 09:34:28.000,4170.0000,3960,0,211317540.000,0,-,-,-,-,4169.4000,4169.2000,4168.6000,4168.2000,4167.8000,4171.4000,4171.6000,4172.0000,4172.4000,4173.0000,1,2,2,4,2,1,1,1,1,2
SF,IF2002,2020-01-07 09:34:29.500,4170.0000,3960,0,211317540.000,0,-,-,-,-,4169.4000,4168.6000,4168.2000,4167.8000,4167.4000,4171.4000,4171.6000,4172.0000,4172.4000,4173.0000,1,2,4,2,2,1,1,1,1,2
SF,IF2002,2020-01-07 09:34:30.000,4170.0000,3960,0,211317540.000,0,-,-,-,-,4169.4000,4168.2000,4167.8000,4167.4000,4167.2000,4171.4000,4171.6000,4172.0000,4172.4000,4173.0000,1,3,2,2,1,1,1,1,1,2
SF,IF2002,2020-01-07 09:34:30.500,4170.0000,3960,0,211317540.000,0,-,-,-,-,4169.4000,4168.2000,4167.8000,4167.4000,4167.2000,4171.6000,4172.0000,4172.4000,4173.0000,4174.0000,1,3,2,2,1,1,1,1,2,1
SF,IF2002,2020-01-07 09:34:31.000,4170.0000,3960,0,211317540.000,0,-,-,-,-,4169.4000,4168.2000,4167.8000,4167.4000,4167.2000,4171.4000,4171.6000,4172.0000,4172.4000,4173.0000,1,3,2,2,1,1,1,1,1,2
SF,IF2002,2020-01-07 09:34:32.000,4170.0000,3960,0,211317540.000,0,-,-,-,-,4169.4000,4168.2000,4167.8000,4167.4000,4167.2000,4171.4000,4171.6000,4172.0000,4172.4000,4173.0000,1,2,2,2,1,1,1,1,1,2
SF,IF2002,2020-01-07 09:34:32.500,4170.0000,3960,0,211317540.000,0,-,-,-,-,4169.4000,4168.2000,4167.8000,4167.4000,4167.2000,4171.4000,4171.6000,4172.0000,4172.4000,4173.0000,1,2,2,2,1,1,1,1,1,2
SF,IF2002,2020-01-07 09:34:33.000,4170.0000,3960,0,211317540.000,0,-,-,-,-,4169.4000,4168.2000,4167.8000,4167.4000,4167.2000,4171.6000,4172.0000,4172.4000,4173.0000,4174.0000,1,2,2,2,1,1,1,1,2,1
SF,IF2002,2020-01-07 09:34:34.000,4170.0000,3960,0,211317540.000,0,-,-,-,-,4168.2000,4167.8000,4167.4000,4167.2000,4167.0000,4169.4000,4171.6000,4172.0000,4172.4000,4173.0000,2,2,2,1,1,1,1,1,1,2
SF,IF2002,2020-01-07 09:34:34.500,4169.4000,3959,-1,212568360.000,1,0,1,双平,S,4168.6000,4168.4000,4168.2000,4167.8000,4167.4000,4171.6000,4172.0000,4172.4000,4173.0000,4174.0000,6,4,2,2,2,1,1,1,2,1
SF,IF2002,2020-01-07 09:34:35.000,4168.8000,3959,0,213819000.000,1,0,1,多换,S,4168.8000,4168.6000,4168.4000,4168.2000,4167.8000,4171.6000,4172.0000,4172.4000,4173.0000,4174.0000,2,6,3,2,2,1,1,1,2,1
SF,IF2002,2020-01-07 09:34:35.500,4168.8000,3959,0,213819000.000,0,-,-,-,-,4169.0000,4168.8000,4168.6000,4168.4000,4168.2000,4171.4000,4171.6000,4172.0000,4172.4000,4173.0000,2,1,6,3,2,2,1,1,1,2
SF,IF2002,2020-01-07 09:34:36.000,4168.8000,3959,0,213819000.000,0,-,-,-,-,4169.0000,4168.6000,4168.4000,4168.2000,4167.8000,4171.4000,4171.6000,4172.0000,4172.4000,4173.0000,1,6,3,2,2,2,1,1,1,2
SF,IF2002,2020-01-07 09:34:36.500,4168.8000,3959,0,213819000.000,0,-,-,-,-,4169.2000,4168.6000,4168.4000,4168.2000,4167.8000,4171.4000,4171.6000,4172.0000,4172.4000,4173.0000,1,6,3,2,2,2,1,1,1,2
SF,IF2002,2020-01-07 09:34:37.000,4168.8000,3959,0,213819000.000,0,-,-,-,-,4169.2000,4168.8000,4168.6000,4168.4000,4168.2000,4171.4000,4171.6000,4172.0000,4172.4000,4173.0000,1,1,6,3,2,2,1,1,1,2
SF,IF2002,2020-01-07 09:34:37.500,4168.8000,3959,0,213819000.000,0,-,-,-,-,4169.2000,4168.8000,4168.6000,4168.4000,4168.2000,4171.2000,4171.4000,4171.6000,4172.0000,4172.4000,1,1,6,3,2,1,2,1,1,1
SF,IF2002,2020-01-07 09:34:38.000,4168.8000,3959,0,213819000.000,0,-,-,-,-,4169.4000,4169.2000,4168.8000,4168.6000,4168.4000,4171.2000,4171.4000,4171.6000,4172.0000,4172.4000,1,1,1,6,3,1,2,1,1,1
SF,IF2002,2020-01-07 09:34:38.500,4168.8000,3959,0,213819000.000,0,-,-,-,-,4169.4000,4168.8000,4168.6000,4168.4000,4168.2000,4171.4000,4171.6000,4172.0000,4172.4000,4173.0000,1,1,6,3,2,2,1,1,1,2
SF,IF2002,2020-01-07 09:34:39.500,4168.8000,3959,0,213819000.000,0,-,-,-,-,4168.8000,4168.6000,4168.4000,4168.2000,4167.8000,4171.4000,4171.6000,4172.0000,4172.4000,4173.0000,1,6,3,2,2,2,1,1,1,2
SF,IF2002,2020-01-07 09:34:40.000,4168.8000,3959,0,213819000.000,0,-,-,-,-,4169.0000,4168.4000,4168.2000,4167.8000,4167.4000,4171.4000,4171.6000,4172.0000,4172.4000,4173.0000,7,3,2,2,2,2,1,1,1,2
SF,IF2002,2020-01-07 09:34:40.500,4168.8000,3959,0,213819000.000,0,-,-,-,-,4169.0000,4168.4000,4168.2000,4167.8000,4167.4000,4171.4000,4171.6000,4172.0000,4172.4000,4173.0000,8,3,2,2,2,2,1,1,1,2
SF,IF2002,2020-01-07 09:34:41.000,4169.0000,3959,0,215069700.000,1,0,1,多换,S,4169.0000,4168.4000,4168.2000,4167.8000,4167.4000,4171.4000,4171.6000,4172.0000,4172.4000,4173.0000,7,3,2,2,2,2,1,1,1,2
SF,IF2002,2020-01-07 09:34:41.500,4169.0000,3959,0,215069700.000,0,-,-,-,-,4169.0000,4168.4000,4168.2000,4167.8000,4167.4000,4171.2000,4171.4000,4171.6000,4172.0000,4172.4000,7,3,2,2,2,1,2,1,1,1
SF,IF2002,2020-01-07 09:34:42.000,4169.0000,3959,0,215069700.000,0,-,-,-,-,4169.0000,4168.4000,4168.2000,4167.8000,4167.4000,4171.2000,4171.4000,4171.6000,4172.0000,4172.4000,7,3,2,2,2,1,2,1,1,1
SF,IF2002,2020-01-07 09:34:42.500,4169.0000,3959,0,215069700.000,0,-,-,-,-,4169.0000,4168.4000,4168.2000,4167.8000,4167.4000,4171.2000,4171.6000,4172.0000,4172.4000,4173.0000,7,3,2,2,2,1,1,1,1,2
SF,IF2002,2020-01-07 09:34:44.000,4169.0000,3959,0,215069700.000,0,-,-,-,-,4169.2000,4169.0000,4168.4000,4168.2000,4167.8000,4171.2000,4171.6000,4172.0000,4172.4000,4173.0000,1,7,3,2,2,1,1,1,1,2
