市场代码,合约代码,时间,最新,持仓,增仓,成交额,成交量,开仓,平仓,成交类型,方向,买一价,买二价,买三价,买四价,买五价,卖一价,卖二价,卖三价,卖四价,卖五价,买一量,买二量,买三量,买四量,买五量,卖一量,卖二量,卖三量,卖四量,卖五量
SF,IF2007,2020-05-28 09:29:00.100,3767.6000,8774,0,7911960.000,7.000,-,-,-,-,3766.0000,3762.2000,3762.0000,3761.8000,3761.2000,3769.0000,3773.0000,3773.8000,3775.8000,3776.0000,1,1,1,1,2,1,3,4,1,11
SF,IF2007,2020-05-28 09:30:00.100,3769.0000,8773,-1,9042660.000,1,0,1,双平,S,3766.2000,3766.0000,3762.8000,3762.2000,3762.0000,3768.8000,3773.0000,3773.8000,3775.0000,3775.8000,1,1,17,1,1,1,3,4,2,1
SF,IF2007,2020-05-28 09:30:00.600,3768.8000,8771,-2,12434700.000,3,0,3,多平,S,3768.4000,3767.6000,3767.2000,3767.0000,3766.4000,3773.8000,3775.0000,3776.0000,3777.6000,3778.0000,1,2,2,1,3,1,2,11,1,2
SF,IF2007,2020-05-28 09:30:01.100,3768.8000,8771,0,12434700.000,0,-,-,-,-,3769.0000,3768.6000,3768.4000,3767.6000,3767.2000,3773.6000,3775.0000,3776.0000,3777.6000,3778.0000,4,4,2,2,2,4,2,11,1,2
SF,IF2007,2020-05-28 09:30:01.600,3769.0000,8769,-2,14696100.000,2,0,2,双平,S,3769.0000,3768.6000,3768.4000,3767.6000,3767.2000,3771.4000,3773.0000,3773.4000,3773.6000,3775.0000,4,2,2,2,3,2,1,1,4,2
SF,IF2007,2020-05-28 09:30:02.100,3771.2000,8768,-1,15827460.000,1,0,1,双平,S,3769.4000,3769.2000,3769.0000,3768.6000,3768.4000,3771.2000,3773.6000,3775.0000,3776.0000,3777.6000,1,2,5,2,1,2,2,2,11,1
SF,IF2007,2020-05-28 09:30:02.600,3771.2000,8768,0,15827460.000,0,-,-,-,-,3769.6000,3769.4000,3769.2000,3769.0000,3768.6000,3773.6000,3775.0000,3776.0000,3777.6000,3778.0000,1,2,1,4,2,2,2,11,1,2
SF,IF2007,2020-05-28 09:30:03.100,3771.2000,8768,0,15827460.000,0,-,-,-,-,3771.2000,3770.0000,3769.8000,3769.6000,3769.4000,3773.4000,3773.6000,3775.0000,3776.0000,3777.6000,2,2,1,3,1,3,2,2,11,1
SF,IF2007,2020-05-28 09:30:03.600,3773.4000,8769,1,21487440.000,5,3,2,空开,S,3771.4000,3771.2000,3770.0000,3769.6000,3769.0000,3775.0000,3776.0000,3777.6000,3778.0000,3778.8000,2,2,2,2,4,2,11,1,2,2
SF,IF2007,2020-05-28 09:30:04.100,3773.4000,8769,0,21487440.000,0,-,-,-,-,3771.4000,3770.0000,3769.6000,3769.0000,3768.6000,3772.2000,3774.0000,3774.2000,3774.8000,3775.0000,1,2,1,4,1,2,1,1,5,2
SF,IF2007,2020-05-28 09:30:04.600,3773.4000,8769,0,21487440.000,0,-,-,-,-,3771.4000,3770.0000,3769.6000,3769.0000,3768.4000,3774.2000,3774.8000,3775.0000,3775.2000,3776.0000,1,2,1,4,1,1,5,2,1,1
SF,IF2007,2020-05-28 09:30:05.100,3771.4000,8768,-1,22618860.000,1,0,1,双平,S,3769.6000,3769.0000,3768.4000,3767.2000,3767.0000,3773.4000,3773.6000,3774.0000,3774.8000,3775.0000,1,4,1,2,1,2,1,1,4,2
SF,IF2007,2020-05-28 09:30:05.600,3771.4000,8768,0,22618860.000,0,-,-,-,-,3769.8000,3769.0000,3768.4000,3767.2000,3767.0000,3773.2000,3773.4000,3774.8000,3775.2000,3776.0000,1,4,1,2,1,4,2,4,1,1
SF,IF2007,2020-05-28 09:30:06.100,3771.4000,8768,0,22618860.000,0,-,-,-,-,3769.8000,3769.0000,3768.4000,3767.2000,3767.0000,3773.0000,3773.2000,3773.4000,3774.8000,3776.0000,3,4,1,2,1,2,4,2,4,1
SF,IF2007,2020-05-28 09:30:06.600,3773.0000,8765,-3,26014260.000,3,0,3,双平,S,3770.8000,3770.2000,3769.8000,3769.0000,3768.4000,3773.0000,3773.2000,3773.4000,3774.8000,3776.0000,1,1,4,4,1,1,4,1,4,1
SF,IF2007,2020-05-28 09:30:07.100,3773.0000,8765,0,26014260.000,0,-,-,-,-,3770.2000,3769.8000,3769.0000,3768.4000,3767.2000,3771.2000,3772.8000,3773.0000,3773.2000,3774.8000,1,3,4,1,2,2,1,1,2,4
SF,IF2007,2020-05-28 09:30:07.600,3773.0000,8765,0,26014260.000,0,-,-,-,-,3770.4000,3770.2000,3769.0000,3768.4000,3768.2000,3772.4000,3773.0000,3774.8000,3776.0000,3778.0000,1,1,4,1,1,2,1,2,1,2
SF,IF2007,2020-05-28 09:30:08.100,3773.0000,8765,0,26014260.000,0,-,-,-,-,3770.4000,3770.2000,3769.0000,3768.4000,3768.2000,3772.2000,3772.4000,3774.8000,3776.0000,3778.0000,1,1,4,1,1,3,2,2,1,2
SF,IF2007,2020-05-28 09:30:08.600,3770.4000,8764,-1,27145380.000,1,0,1,双平,S,3770.2000,3769.0000,3768.4000,3768.2000,3767.2000,3772.2000,3772.4000,3772.6000,3772.8000,3773.0000,1,4,1,1,2,3,2,1,2,2
SF,IF2007,2020-05-28 09:30:09.100,3770.4000,8764,0,27145380.000,0,-,-,-,-,3770.2000,3769.0000,3768.4000,3768.2000,3767.2000,3772.2000,3772.4000,3772.6000,3772.8000,3773.0000,1,4,1,1,2,3,2,1,3,2
SF,IF2007,2020-05-28 09:30:09.600,3770.2000,8763,-1,28276440.000,1,0,1,双平,S,3769.0000,3768.4000,3768.2000,3767.2000,3767.0000,3770.8000,3771.8000,3772.2000,3772.4000,3772.6000,4,1,1,2,1,2,2,3,2,1
SF,IF2007,2020-05-28 09:30:10.100,3770.2000,8762,-1,29407500.000,1,0,1,双平,S,3769.6000,3769.2000,3769.0000,3768.4000,3768.2000,3772.2000,3772.4000,3772.6000,3772.8000,3773.0000,1,2,5,1,1,2,2,1,5,3
SF,IF2007,2020-05-28 09:30:10.600,3770.2000,8762,0,29407500.000,0,-,-,-,-,3769.6000,3769.2000,3769.0000,3768.4000,3768.2000,3770.2000,3771.6000,3772.0000,3772.2000,3772.4000,1,2,4,1,1,2,2,1,2,2
SF,IF2007,2020-05-28 09:30:11.100,3770.2000,8760,-2,31669620.000,2,0,2,双平,S,3769.6000,3769.2000,3769.0000,3768.4000,3768.2000,3772.0000,3772.2000,3772.4000,3772.8000,3773.0000,1,2,4,1,1,3,2,2,3,2
SF,IF2007,2020-05-28 09:30:11.600,3770.2000,8760,0,31669620.000,0,-,-,-,-,3770.2000,3769.8000,3769.6000,3769.2000,3769.0000,3771.8000,3772.0000,3772.2000,3772.4000,3772.8000,2,1,1,1,4,1,3,2,2,3
SF,IF2007,2020-05-28 09:30:12.100,3772.0000,8758,-2,33932760.000,2,0,2,双平,S,3770.4000,3770.2000,3769.6000,3769.2000,3769.0000,3772.2000,3772.8000,3773.0000,3774.8000,3776.0000,1,2,3,1,4,2,1,2,2,1
SF,IF2007,2020-05-28 09:30:12.600,3772.0000,8758,0,33932760.000,0,-,-,-,-,3770.6000,3770.4000,3769.6000,3769.2000,3769.0000,3772.0000,3772.2000,3772.8000,3774.8000,3776.0000,1,1,3,1,4,1,2,1,2,1
SF,IF2007,2020-05-28 09:30:13.100,3772.0000,8758,0,33932760.000,0,-,-,-,-,3770.8000,3770.6000,3770.0000,3769.8000,3769.6000,3771.8000,3773.0000,3774.8000,3776.0000,3778.0000,1,1,1,2,2,1,2,2,1,2
SF,IF2007,2020-05-28 09:30:13.600,3772.0000,8757,-1,35064360.000,1,0,1,双平,S,3771.8000,3770.8000,3770.6000,3770.0000,3769.8000,3773.0000,3774.8000,3776.0000,3778.0000,3778.8000,1,2,1,1,2,2,2,1,2,2
SF,IF2007,2020-05-28 09:30:14.100,3772.0000,8757,0,35064360.000,0,-,-,-,-,3770.8000,3770.6000,3770.0000,3769.8000,3769.0000,3772.8000,3774.8000,3776.0000,3778.0000,3778.8000,1,1,1,2,4,1,2,1,2,2
SF,IF2007,2020-05-28 09:30:14.600,3772.8000,8756,-1,36196200.000,1,0,1,双平,S,3771.2000,3771.0000,3770.8000,3770.0000,3769.8000,3774.8000,3776.0000,3778.0000,3778.8000,3779.6000,1,1,1,1,2,2,1,2,2,1
SF,IF2007,2020-05-28 09:30:15.100,3772.8000,8756,0,36196200.000,0,-,-,-,-,3771.4000,3771.2000,3771.0000,3770.0000,3769.8000,3772.6000,3773.6000,3773.8000,3774.6000,3774.8000,2,1,1,1,2,2,2,2,1,2
SF,IF2007,2020-05-28 09:30:15.600,3772.8000,8756,0,36196200.000,0,-,-,-,-,3771.4000,3771.2000,3771.0000,3770.0000,3769.8000,3773.0000,3773.6000,3774.6000,3776.0000,3778.0000,1,1,1,1,2,1,1,1,1,2
SF,IF2007,2020-05-28 09:30:16.100,3772.8000,8756,0,36196200.000,0,-,-,-,-,3771.6000,3771.4000,3771.2000,3771.0000,3770.0000,3773.0000,3776.0000,3778.0000,3778.8000,3779.6000,2,1,1,1,1,1,1,2,2,1
SF,IF2007,2020-05-28 09:30:16.600,3772.8000,8756,0,36196200.000,0,-,-,-,-,3771.8000,3771.6000,3771.2000,3771.0000,3770.0000,3772.8000,3773.0000,3775.0000,3776.0000,3778.0000,1,2,1,1,1,1,1,1,1,2
SF,IF2007,2020-05-28 09:30:17.100,3772.8000,8756,0,36196200.000,0,-,-,-,-,3771.8000,3771.2000,3771.0000,3770.0000,3769.8000,3772.8000,3773.0000,3775.0000,3776.0000,3778.0000,1,1,1,1,2,1,1,1,1,2
SF,IF2007,2020-05-28 09:30:17.600,3772.8000,8756,0,36196200.000,0,-,-,-,-,3771.8000,3771.2000,3771.0000,3770.0000,3769.8000,3772.8000,3773.0000,3775.0000,3776.0000,3778.0000,1,1,1,1,2,1,1,1,1,2
SF,IF2007,2020-05-28 09:30:18.600,3772.8000,8756,0,36196200.000,0,-,-,-,-,3771.8000,3771.2000,3771.0000,3770.0000,3769.8000,3772.8000,3773.0000,3775.0000,3776.0000,3778.0000,1,1,1,1,2,3,1,1,1,2
SF,IF2007,2020-05-28 09:30:19.100,3772.8000,8756,0,36196200.000,0,-,-,-,-,3771.8000,3771.2000,3771.0000,3770.0000,3769.8000,3772.4000,3772.8000,3773.0000,3775.0000,3776.0000,1,1,1,1,2,1,3,1,1,1
SF,IF2007,2020-05-28 09:30:19.600,3772.8000,8756,0,36196200.000,0,-,-,-,-,3771.8000,3771.2000,3771.0000,3770.0000,3769.8000,3772.8000,3773.0000,3775.0000,3776.0000,3778.0000,1,1,1,1,2,3,1,1,1,2
SF,IF2007,2020-05-28 09:30:20.100,3772.8000,8756,0,36196200.000,0,-,-,-,-,3771.8000,3771.2000,3771.0000,3770.0000,3769.8000,3772.8000,3773.0000,3775.0000,3776.0000,3778.0000,1,1,1,1,2,3,1,1,1,2
SF,IF2007,2020-05-28 09:30:20.600,3772.8000,8756,0,36196200.000,0,-,-,-,-,3771.8000,3771.2000,3771.0000,3770.0000,3769.8000,3772.8000,3773.0000,3775.0000,3776.0000,3778.0000,1,1,1,1,2,3,1,1,1,2
SF,IF2007,2020-05-28 09:30:21.100,3772.8000,8756,0,36196200.000,0,-,-,-,-,3771.8000,3771.2000,3771.0000,3770.0000,3769.8000,3772.8000,3773.0000,3775.0000,3776.0000,3778.0000,1,1,1,1,2,3,1,1,1,2
SF,IF2007,2020-05-28 09:30:21.600,3771.8000,8755,-1,37327740.000,1,0,1,双平,S,3771.2000,3771.0000,3770.0000,3769.8000,3769.0000,3772.8000,3773.0000,3775.0000,3776.0000,3778.0000,1,1,1,2,4,2,1,1,1,2
SF,IF2007,2020-05-28 09:30:22.100,3771.8000,8755,0,37327740.000,0,-,-,-,-,3771.4000,3771.2000,3771.0000,3770.0000,3769.8000,3772.8000,3773.0000,3775.0000,3775.6000,3776.0000,1,1,1,1,2,1,1,1,2,1
SF,IF2007,2020-05-28 09:30:22.600,3771.8000,8755,0,37327740.000,0,-,-,-,-,3771.8000,3771.4000,3771.2000,3771.0000,3770.0000,3772.8000,3773.0000,3775.0000,3775.6000,3776.0000,3,1,1,1,1,1,1,1,2,1
SF,IF2007,2020-05-28 09:30:23.100,3771.8000,8755,0,37327740.000,0,-,-,-,-,3772.8000,3771.8000,3771.4000,3771.2000,3771.0000,3773.0000,3775.0000,3775.6000,3776.0000,3778.0000,1,3,1,1,1,2,1,2,1,2
SF,IF2007,2020-05-28 09:30:23.600,3772.8000,8754,-1,38459580.000,1,0,1,双平,S,3771.8000,3771.4000,3771.2000,3771.0000,3770.0000,3772.8000,3773.0000,3775.0000,3775.6000,3776.0000,3,1,1,1,1,2,2,1,2,1
SF,IF2007,2020-05-28 09:30:24.100,3772.8000,8754,0,38459580.000,0,-,-,-,-,3771.8000,3771.4000,3771.2000,3771.0000,3770.0000,3772.2000,3772.8000,3773.0000,3775.0000,3775.6000,3,1,1,1,1,1,3,1,1,2
SF,IF2007,2020-05-28 09:30:24.600,3772.8000,8754,0,38459580.000,0,-,-,-,-,3771.8000,3771.4000,3771.2000,3771.0000,3770.0000,3772.2000,3772.8000,3773.0000,3775.0000,3775.6000,3,1,1,1,1,1,4,1,1,2
SF,IF2007,2020-05-28 09:30:25.100,3772.8000,8754,0,38459580.000,0,-,-,-,-,3771.8000,3771.4000,3771.2000,3771.0000,3770.0000,3772.2000,3772.8000,3773.0000,3775.0000,3775.6000,3,1,1,1,1,2,3,1,1,2
SF,IF2007,2020-05-28 09:30:25.600,3771.8000,8753,-1,39591120.000,1,0,1,双平,S,3771.8000,3771.4000,3771.2000,3771.0000,3770.0000,3772.0000,3772.2000,3772.8000,3773.0000,3775.0000,2,1,1,1,1,1,2,3,1,1
SF,IF2007,2020-05-28 09:30:26.100,3772.2000,8754,1,40722780.000,1,1,0,双开,S,3771.8000,3771.4000,3771.2000,3771.0000,3770.0000,3772.2000,3772.8000,3773.0000,3775.0000,3775.6000,2,1,1,1,1,1,3,1,1,2
SF,IF2007,2020-05-28 09:30:26.600,3771.8000,8752,-2,42985860.000,2,0,2,双平,S,3771.2000,3771.0000,3770.0000,3769.8000,3769.0000,3772.2000,3772.8000,3773.0000,3775.0000,3775.6000,1,1,1,2,4,1,3,1,1,2
SF,IF2007,2020-05-28 09:30:27.100,3771.8000,8752,0,42985860.000,0,-,-,-,-,3771.2000,3771.0000,3770.0000,3769.8000,3769.0000,3772.2000,3772.8000,3773.0000,3775.0000,3775.6000,1,1,1,2,4,1,3,1,1,2
SF,IF2007,2020-05-28 09:30:28.100,3771.8000,8752,0,42985860.000,0,-,-,-,-,3771.2000,3771.0000,3770.0000,3769.8000,3769.0000,3772.2000,3772.8000,3773.0000,3775.0000,3775.6000,1,1,1,2,4,1,4,1,1,2
SF,IF2007,2020-05-28 09:30:28.600,3771.2000,8752,0,44117220.000,1,0,1,多换,S,3771.0000,3770.0000,3769.8000,3769.0000,3768.4000,3772.8000,3773.0000,3775.0000,3775.6000,3776.0000,1,1,2,4,1,3,1,1,2,1
SF,IF2007,2020-05-28 09:30:29.100,3771.2000,8752,0,44117220.000,0,-,-,-,-,3771.2000,3771.0000,3770.0000,3769.8000,3769.0000,3772.0000,3772.8000,3773.0000,3775.0000,3775.6000,1,1,1,2,4,1,3,1,1,2
SF,IF2007,2020-05-28 09:30:30.600,3771.2000,8752,0,44117220.000,0,-,-,-,-,3771.2000,3771.0000,3770.0000,3769.8000,3769.0000,3772.8000,3773.0000,3773.2000,3775.0000,3776.0000,1,1,1,2,4,3,1,2,1,1
SF,IF2007,2020-05-28 09:30:31.100,3771.2000,8752,0,45248580.000,1,0,1,多换,S,3771.0000,3770.0000,3769.8000,3769.0000,3768.4000,3772.6000,3772.8000,3773.0000,3773.2000,3775.0000,1,1,2,4,1,2,3,1,2,1
SF,IF2007,2020-05-28 09:30:31.600,3771.2000,8752,0,45248580.000,0,-,-,-,-,3771.0000,3770.0000,3769.8000,3769.0000,3768.4000,3772.6000,3772.8000,3773.0000,3773.2000,3775.0000,1,1,2,4,1,4,3,1,2,1
SF,IF2007,2020-05-28 09:30:32.100,3771.2000,8752,0,45248580.000,0,-,-,-,-,3771.0000,3770.0000,3769.8000,3769.0000,3768.4000,3772.6000,3772.8000,3773.0000,3775.0000,3776.0000,1,1,2,4,1,4,3,1,1,1
SF,IF2007,2020-05-28 09:30:32.600,3771.2000,8752,0,45248580.000,0,-,-,-,-,3771.0000,3770.0000,3769.8000,3769.0000,3768.4000,3772.4000,3772.6000,3772.8000,3773.0000,3775.0000,1,1,2,4,1,1,2,3,1,1
SF,IF2007,2020-05-28 09:30:33.100,3771.2000,8752,0,45248580.000,0,-,-,-,-,3771.0000,3770.0000,3769.8000,3769.0000,3768.4000,3772.2000,3772.6000,3772.8000,3773.0000,3775.0000,1,1,2,4,1,2,1,3,1,1
SF,IF2007,2020-05-28 09:30:33.600,3771.2000,8752,0,45248580.000,0,-,-,-,-,3771.0000,3770.0000,3769.8000,3769.0000,3768.4000,3772.2000,3772.6000,3772.8000,3773.0000,3775.0000,1,1,2,4,1,2,1,3,1,1
SF,IF2007,2020-05-28 09:30:34.100,3771.2000,8752,0,45248580.000,0,-,-,-,-,3771.0000,3770.0000,3769.8000,3769.0000,3768.4000,3772.0000,3772.2000,3772.6000,3772.8000,3773.0000,1,1,2,4,1,1,2,1,3,1
SF,IF2007,2020-05-28 09:30:34.600,3771.2000,8752,0,45248580.000,0,-,-,-,-,3771.4000,3771.0000,3770.0000,3769.8000,3769.0000,3772.0000,3772.2000,3772.6000,3772.8000,3773.0000,3,1,1,2,4,1,2,1,3,1
SF,IF2007,2020-05-28 09:30:35.100,3771.2000,8752,0,45248580.000,0,-,-,-,-,3771.4000,3771.0000,3770.0000,3769.8000,3769.0000,3771.8000,3772.0000,3772.2000,3772.6000,3772.8000,3,1,1,2,4,1,1,1,1,3
SF,IF2007,2020-05-28 09:30:35.600,3771.2000,8752,0,45248580.000,0,-,-,-,-,3771.4000,3771.0000,3769.8000,3769.0000,3768.4000,3771.8000,3772.0000,3772.2000,3772.6000,3772.8000,3,1,2,4,1,1,1,1,1,3
SF,IF2007,2020-05-28 09:30:36.100,3771.2000,8752,0,45248580.000,0,-,-,-,-,3771.4000,3771.0000,3769.8000,3769.0000,3768.4000,3771.8000,3772.0000,3772.2000,3772.6000,3772.8000,3,1,2,4,1,1,1,1,1,3
SF,IF2007,2020-05-28 09:30:37.100,3771.2000,8752,0,45248580.000,0,-,-,-,-,3771.4000,3771.0000,3769.8000,3769.0000,3768.4000,3771.6000,3771.8000,3772.0000,3772.2000,3772.6000,3,1,2,4,1,2,1,1,1,1
SF,IF2007,2020-05-28 09:30:37.600,3771.4000,8749,-3,48642840.000,3,0,3,双平,S,3771.0000,3769.8000,3769.0000,3768.4000,3768.2000,3771.6000,3771.8000,3772.0000,3772.2000,3772.6000,1,2,4,1,1,2,1,1,1,1
SF,IF2007,2020-05-28 09:30:38.100,3771.4000,8749,0,48642840.000,0,-,-,-,-,3771.0000,3769.8000,3769.0000,3768.4000,3768.2000,3771.6000,3771.8000,3772.2000,3772.6000,3772.8000,1,2,4,1,1,2,1,1,1,3
SF,IF2007,2020-05-28 09:30:38.600,3771.4000,8749,0,48642840.000,0,-,-,-,-,3771.0000,3769.8000,3769.0000,3768.4000,3768.2000,3772.2000,3772.6000,3772.8000,3773.0000,3775.0000,1,2,4,1,1,1,1,3,1,1
SF,IF2007,2020-05-28 09:30:39.100,3771.4000,8749,0,48642840.000,0,-,-,-,-,3771.0000,3769.8000,3769.0000,3768.4000,3768.2000,3772.0000,3772.2000,3772.6000,3772.8000,3773.0000,1,2,4,1,1,1,1,1,3,1
SF,IF2007,2020-05-28 09:30:39.600,3771.4000,8749,0,48642840.000,0,-,-,-,-,3771.6000,3771.0000,3769.8000,3769.0000,3768.4000,3772.0000,3772.2000,3772.6000,3772.8000,3773.0000,3,1,2,4,1,2,1,1,3,1
SF,IF2007,2020-05-28 09:30:40.600,3771.4000,8747,-2,50905680.000,2,0,2,双平,S,3771.6000,3771.0000,3769.8000,3769.0000,3768.4000,3772.0000,3772.2000,3772.6000,3772.8000,3773.0000,1,1,2,4,1,2,1,1,2,1
SF,IF2007,2020-05-28 09:30:41.100,3771.0000,8746,-1,53168460.000,2,0,2,多平,S,3769.8000,3769.0000,3768.4000,3768.2000,3767.2000,3772.0000,3772.2000,3772.6000,3772.8000,3773.0000,2,4,1,1,2,1,1,1,2,1
SF,IF2007,2020-05-28 09:30:41.600,3771.0000,8746,0,53168460.000,0,-,-,-,-,3770.0000,3769.8000,3769.0000,3768.4000,3768.2000,3771.8000,3772.0000,3772.6000,3772.8000,3773.0000,3,3,4,1,1,1,1,1,2,1
SF,IF2007,2020-05-28 09:30:42.100,3771.0000,8746,0,53168460.000,0,-,-,-,-,3770.2000,3770.0000,3769.8000,3769.0000,3768.4000,3771.6000,3771.8000,3772.0000,3772.6000,3772.8000,2,4,2,4,1,1,1,1,1,2
SF,IF2007,2020-05-28 09:30:42.600,3771.0000,8746,0,53168460.000,0,-,-,-,-,3770.4000,3770.2000,3770.0000,3769.8000,3769.0000,3771.8000,3772.6000,3772.8000,3773.0000,3773.4000,1,3,2,2,4,1,1,2,1,2
SF,IF2007,2020-05-28 09:30:43.100,3771.0000,8746,0,53168460.000,0,-,-,-,-,3770.4000,3770.2000,3770.0000,3769.8000,3769.0000,3771.8000,3772.6000,3772.8000,3773.0000,3773.4000,1,1,2,2,4,1,1,2,1,2
SF,IF2007,2020-05-28 09:30:43.600,3771.0000,8746,0,53168460.000,0,-,-,-,-,3770.4000,3770.2000,3770.0000,3769.8000,3769.0000,3771.6000,3772.6000,3772.8000,3773.0000,3773.4000,1,1,2,2,4,1,1,2,1,2
SF,IF2007,2020-05-28 09:30:44.100,3771.0000,8746,0,53168460.000,0,-,-,-,-,3770.4000,3770.2000,3770.0000,3769.8000,3769.0000,3771.6000,3772.6000,3772.8000,3773.0000,3773.4000,1,1,2,2,4,1,1,2,1,2
SF,IF2007,2020-05-28 09:30:45.600,3771.0000,8746,0,53168460.000,0,-,-,-,-,3770.4000,3770.0000,3769.8000,3769.0000,3768.4000,3771.6000,3772.6000,3772.8000,3773.0000,3773.4000,2,2,2,4,1,1,1,2,1,2
SF,IF2007,2020-05-28 09:30:46.100,3771.0000,8746,0,53168460.000,0,-,-,-,-,3770.4000,3770.0000,3769.8000,3769.0000,3768.4000,3771.6000,3772.6000,3772.8000,3773.0000,3773.4000,1,2,2,4,1,1,1,2,1,2
SF,IF2007,2020-05-28 09:30:46.600,3771.0000,8746,0,53168460.000,0,-,-,-,-,3770.4000,3770.0000,3769.8000,3769.0000,3768.4000,3771.6000,3771.8000,3772.6000,3772.8000,3773.0000,1,2,2,4,1,1,1,1,2,1
SF,IF2007,2020-05-28 09:30:47.100,3771.0000,8746,0,53168460.000,0,-,-,-,-,3770.0000,3769.8000,3769.0000,3768.4000,3768.2000,3771.6000,3771.8000,3772.6000,3772.8000,3773.0000,2,2,4,1,1,1,1,1,2,1
SF,IF2007,2020-05-28 09:30:47.600,3771.0000,8746,0,53168460.000,0,-,-,-,-,3770.2000,3770.0000,3769.8000,3769.0000,3768.4000,3771.6000,3771.8000,3772.6000,3772.8000,3773.0000,1,2,2,4,1,1,1,1,2,1
SF,IF2007,2020-05-28 09:30:48.100,3771.0000,8746,0,53168460.000,0,-,-,-,-,3770.2000,3770.0000,3769.0000,3768.4000,3768.2000,3771.6000,3771.8000,3772.6000,3772.8000,3773.0000,1,2,4,1,1,1,2,1,2,1
SF,IF2007,2020-05-28 09:30:48.600,3771.0000,8746,0,53168460.000,0,-,-,-,-,3770.2000,3770.0000,3769.0000,3768.4000,3768.2000,3771.6000,3771.8000,3772.6000,3772.8000,3773.0000,1,2,4,1,1,1,2,1,2,1
SF,IF2007,2020-05-28 09:30:49.100,3771.0000,8746,0,53168460.000,0,-,-,-,-,3770.2000,3770.0000,3769.0000,3768.4000,3768.2000,3771.6000,3771.8000,3772.6000,3772.8000,3773.0000,1,2,4,1,1,1,2,1,2,1
SF,IF2007,2020-05-28 09:30:50.100,3771.0000,8746,0,53168460.000,0,-,-,-,-,3770.2000,3770.0000,3769.8000,3769.0000,3768.4000,3771.6000,3771.8000,3772.6000,3772.8000,3773.0000,1,1,2,4,1,1,2,1,1,1
SF,IF2007,2020-05-28 09:30:52.100,3771.0000,8746,0,53168460.000,0,-,-,-,-,3770.2000,3770.0000,3769.8000,3769.0000,3768.4000,3771.4000,3771.6000,3771.8000,3772.6000,3772.8000,1,1,2,4,1,1,1,2,1,1
SF,IF2007,2020-05-28 09:30:52.600,3771.0000,8746,0,53168460.000,0,-,-,-,-,3770.0000,3769.8000,3769.0000,3768.4000,3768.2000,3771.2000,3771.4000,3771.8000,3772.6000,3772.8000,1,2,4,1,1,1,1,2,1,1
SF,IF2007,2020-05-28 09:30:53.100,3771.2000,8745,-1,54299820.000,1,0,1,双平,S,3770.2000,3770.0000,3769.8000,3769.0000,3768.4000,3771.4000,3771.8000,3772.6000,3772.8000,3773.0000,1,1,2,4,1,1,2,1,1,1
SF,IF2007,2020-05-28 09:30:53.600,3771.2000,8745,0,54299820.000,0,-,-,-,-,3770.0000,3769.8000,3769.0000,3768.4000,3768.2000,3771.4000,3771.8000,3772.6000,3772.8000,3773.0000,1,2,4,1,1,1,2,1,1,1
SF,IF2007,2020-05-28 09:30:54.100,3771.2000,8745,0,54299820.000,0,-,-,-,-,3770.0000,3769.0000,3768.4000,3768.2000,3767.2000,3771.2000,3771.4000,3771.8000,3772.6000,3772.8000,1,4,1,1,2,1,1,2,1,1
SF,IF2007,2020-05-28 09:30:55.100,3771.2000,8745,0,54299820.000,0,-,-,-,-,3770.0000,3769.0000,3768.4000,3768.2000,3767.2000,3771.2000,3771.4000,3771.8000,3772.6000,3772.8000,1,4,1,1,2,2,1,2,1,1
SF,IF2007,2020-05-28 09:30:56.100,3771.2000,8744,-1,55431180.000,1,0,1,双平,S,3770.0000,3769.0000,3768.6000,3768.4000,3768.2000,3771.2000,3771.4000,3771.8000,3772.6000,3772.8000,1,4,2,1,1,1,1,2,1,1
SF,IF2007,2020-05-28 09:30:56.600,3771.2000,8744,0,55431180.000,0,-,-,-,-,3771.2000,3770.0000,3769.0000,3768.6000,3768.4000,3771.4000,3771.8000,3772.6000,3772.8000,3773.0000,1,1,4,2,1,1,2,1,1,1
SF,IF2007,2020-05-28 09:30:57.600,3771.2000,8743,-1,56562540.000,1,0,1,双平,S,3770.0000,3769.0000,3768.6000,3768.4000,3768.2000,3771.4000,3771.8000,3772.6000,3772.8000,3773.0000,1,4,2,1,1,1,2,1,1,1
SF,IF2007,2020-05-28 09:30:58.100,3771.2000,8743,0,56562540.000,0,-,-,-,-,3770.2000,3770.0000,3769.0000,3768.6000,3768.4000,3771.2000,3771.4000,3771.8000,3772.6000,3772.8000,1,1,4,2,1,1,1,2,1,1
SF,IF2007,2020-05-28 09:30:58.600,3771.2000,8743,0,56562540.000,0,-,-,-,-,3770.0000,3769.0000,3768.6000,3768.4000,3768.2000,3771.2000,3771.4000,3771.8000,3772.6000,3772.8000,1,4,2,1,1,1,1,2,1,3
SF,IF2007,2020-05-28 09:30:59.600,3771.2000,8743,0,57693900.000,1,0,1,多换,S,3770.0000,3769.0000,3768.6000,3768.4000,3768.2000,3771.2000,3771.4000,3771.8000,3772.6000,3772.8000,1,4,2,1,1,1,1,2,1,3
SF,IF2007,2020-05-28 09:31:00.600,3771.2000,8743,0,57693900.000,0,-,-,-,-,3770.0000,3769.0000,3768.6000,3768.4000,3768.2000,3771.2000,3771.4000,3771.8000,3772.6000,3772.8000,1,4,2,1,1,1,1,1,1,3
SF,IF2007,2020-05-28 09:31:01.100,3771.2000,8743,0,57693900.000,0,-,-,-,-,3770.2000,3770.0000,3769.0000,3768.6000,3768.4000,3771.4000,3771.8000,3772.6000,3772.8000,3773.0000,1,1,4,2,1,1,1,1,3,1
SF,IF2007,2020-05-28 09:31:01.600,3771.2000,8743,0,57693900.000,0,-,-,-,-,3770.4000,3770.2000,3770.0000,3769.0000,3768.6000,3771.4000,3771.8000,3772.6000,3772.8000,3773.0000,1,1,1,4,2,1,1,1,3,1
SF,IF2007,2020-05-28 09:31:02.600,3771.2000,8743,0,57693900.000,0,-,-,-,-,3770.4000,3770.2000,3770.0000,3769.0000,3768.6000,3771.4000,3771.8000,3772.6000,3772.8000,3773.0000,1,1,1,4,2,1,1,1,3,1
SF,IF2007,2020-05-28 09:31:03.100,3771.2000,8743,0,57693900.000,0,-,-,-,-,3770.4000,3770.2000,3770.0000,3769.0000,3768.6000,3771.2000,3771.4000,3771.8000,3772.6000,3772.8000,1,1,1,4,2,1,1,1,1,3
SF,IF2007,2020-05-28 09:31:03.600,3771.2000,8743,0,57693900.000,0,-,-,-,-,3770.2000,3770.0000,3769.0000,3768.6000,3768.4000,3771.2000,3771.4000,3771.8000,3772.6000,3772.8000,1,1,4,2,1,1,1,1,1,3
SF,IF2007,2020-05-28 09:31:04.100,3771.4000,8741,-2,59956680.000,2,0,2,双平,S,3771.2000,3770.4000,3770.2000,3770.0000,3769.0000,3771.8000,3772.6000,3772.8000,3773.0000,3773.6000,2,1,2,1,4,1,1,3,1,1
SF,IF2007,2020-05-28 09:31:04.600,3771.4000,8741,0,59956680.000,0,-,-,-,-,3771.2000,3770.4000,3770.2000,3770.0000,3769.0000,3771.8000,3772.6000,3772.8000,3773.0000,3773.6000,2,1,1,1,4,1,1,1,1,1
SF,IF2007,2020-05-28 09:31:05.100,3771.8000,8740,-1,61088220.000,1,0,1,双平,S,3771.2000,3770.4000,3770.2000,3770.0000,3769.0000,3772.6000,3772.8000,3773.0000,3773.6000,3778.0000,1,1,1,1,4,1,1,1,1,1
SF,IF2007,2020-05-28 09:31:05.600,3771.8000,8740,0,61088220.000,0,-,-,-,-,3770.4000,3770.2000,3770.0000,3769.0000,3768.6000,3772.0000,3772.4000,3772.6000,3772.8000,3773.0000,1,1,1,4,2,1,2,1,1,1
SF,IF2007,2020-05-28 09:31:06.100,3771.8000,8740,0,61088220.000,0,-,-,-,-,3770.4000,3770.2000,3770.0000,3769.0000,3768.6000,3772.4000,3772.6000,3772.8000,3773.0000,3773.6000,1,1,1,4,2,3,1,1,1,1
SF,IF2007,2020-05-28 09:31:06.600,3771.8000,8740,0,61088220.000,0,-,-,-,-,3771.0000,3770.6000,3770.4000,3770.2000,3770.0000,3772.4000,3772.6000,3772.8000,3773.0000,3773.6000,1,1,2,1,1,3,1,1,1,1
SF,IF2007,2020-05-28 09:31:07.100,3771.8000,8740,0,61088220.000,0,-,-,-,-,3772.0000,3771.0000,3770.6000,3770.4000,3770.2000,3772.4000,3772.6000,3772.8000,3773.0000,3773.6000,1,1,1,2,1,2,1,1,1,1
SF,IF2007,2020-05-28 09:31:07.600,3772.0000,8739,-1,62219820.000,1,0,1,双平,S,3771.0000,3770.6000,3770.4000,3770.2000,3770.0000,3771.6000,3771.8000,3772.2000,3772.4000,3772.6000,1,1,1,1,1,1,1,1,2,1
SF,IF2007,2020-05-28 09:31:08.100,3771.0000,8739,0,63351120.000,1,0,1,多换,S,3770.4000,3770.2000,3770.0000,3769.0000,3768.6000,3772.4000,3772.6000,3772.8000,3773.0000,3773.6000,1,1,1,4,2,2,1,1,1,1
SF,IF2007,2020-05-28 09:31:08.600,3771.0000,8739,0,63351120.000,0,-,-,-,-,3770.6000,3770.4000,3770.2000,3770.0000,3769.0000,3772.4000,3772.6000,3772.8000,3773.0000,3773.6000,1,1,1,1,4,2,1,1,1,1
SF,IF2007,2020-05-28 09:31:09.100,3771.0000,8739,0,63351120.000,0,-,-,-,-,3770.6000,3770.4000,3770.2000,3770.0000,3769.0000,3772.2000,3772.4000,3772.6000,3772.8000,3773.0000,1,1,1,1,4,1,2,1,1,1
SF,IF2007,2020-05-28 09:31:09.600,3771.0000,8739,0,63351120.000,0,-,-,-,-,3770.8000,3770.6000,3770.2000,3770.0000,3769.0000,3772.2000,3772.4000,3772.6000,3772.8000,3773.0000,1,1,1,1,4,1,1,1,1,1
SF,IF2007,2020-05-28 09:31:10.100,3771.0000,8739,0,63351120.000,0,-,-,-,-,3770.8000,3770.6000,3770.2000,3770.0000,3769.0000,3772.4000,3772.6000,3772.8000,3773.0000,3773.6000,2,1,1,1,4,1,1,1,1,1
SF,IF2007,2020-05-28 09:31:10.600,3771.0000,8739,0,63351120.000,0,-,-,-,-,3770.8000,3770.6000,3770.2000,3770.0000,3769.0000,3772.0000,3772.4000,3772.6000,3772.8000,3773.0000,2,1,1,1,4,1,1,1,1,1
SF,IF2007,2020-05-28 09:31:11.100,3771.0000,8739,0,63351120.000,0,-,-,-,-,3770.8000,3770.2000,3770.0000,3769.0000,3768.6000,3772.0000,3772.4000,3772.6000,3772.8000,3773.0000,1,1,1,4,2,1,1,1,1,1
SF,IF2007,2020-05-28 09:31:12.100,3771.0000,8739,0,63351120.000,0,-,-,-,-,3771.0000,3770.8000,3770.2000,3770.0000,3769.0000,3772.0000,3772.4000,3772.6000,3772.8000,3773.0000,3,1,1,1,4,1,1,1,1,1
SF,IF2007,2020-05-28 09:31:12.600,3771.0000,8739,0,63351120.000,0,-,-,-,-,3771.0000,3770.8000,3770.2000,3770.0000,3769.0000,3771.8000,3772.0000,3772.4000,3772.6000,3772.8000,3,1,1,1,4,1,1,1,1,1
SF,IF2007,2020-05-28 09:31:13.100,3771.0000,8739,0,63351120.000,0,-,-,-,-,3771.0000,3770.8000,3770.2000,3770.0000,3769.0000,3771.8000,3772.0000,3772.4000,3772.6000,3772.8000,3,1,1,1,4,1,1,1,1,1
SF,IF2007,2020-05-28 09:31:13.600,3772.0000,8737,-2,65614260.000,2,0,2,双平,S,3771.8000,3771.2000,3771.0000,3770.2000,3770.0000,3772.6000,3772.8000,3773.0000,3773.6000,3778.0000,2,4,4,1,1,1,1,1,1,1
SF,IF2007,2020-05-28 09:31:14.100,3772.0000,8737,0,65614260.000,0,-,-,-,-,3771.8000,3771.2000,3771.0000,3770.2000,3770.0000,3772.6000,3772.8000,3773.0000,3773.6000,3778.0000,2,1,4,1,1,1,1,1,1,1
SF,IF2007,2020-05-28 09:31:14.600,3772.0000,8737,0,65614260.000,0,-,-,-,-,3771.8000,3771.2000,3771.0000,3770.2000,3770.0000,3772.6000,3772.8000,3773.0000,3773.6000,3778.0000,1,1,4,1,1,1,1,1,1,1
SF,IF2007,2020-05-28 09:31:15.100,3771.8000,8737,0,66745800.000,1,0,1,多换,S,3771.4000,3771.2000,3771.0000,3770.2000,3770.0000,3772.6000,3772.8000,3773.0000,3773.6000,3775.6000,3,1,4,1,1,1,1,1,1,2
SF,IF2007,2020-05-28 09:31:17.100,3771.8000,8737,0,66745800.000,0,-,-,-,-,3771.4000,3771.2000,3771.0000,3770.2000,3770.0000,3772.6000,3772.8000,3773.0000,3773.6000,3775.6000,3,1,4,1,1,1,1,1,1,2
SF,IF2007,2020-05-28 09:31:18.100,3771.4000,8737,0,67877220.000,1,0,1,多换,S,3771.4000,3771.2000,3771.0000,3770.2000,3770.0000,3772.6000,3772.8000,3773.0000,3773.6000,3775.6000,2,1,4,1,1,1,1,1,1,2
SF,IF2007,2020-05-28 09:31:18.600,3771.4000,8737,0,67877220.000,0,-,-,-,-,3771.8000,3771.4000,3771.2000,3771.0000,3770.2000,3772.6000,3772.8000,3773.0000,3773.6000,3775.6000,4,2,1,4,1,3,1,1,1,2
SF,IF2007,2020-05-28 09:31:21.100,3771.4000,8737,0,67877220.000,0,-,-,-,-,3771.8000,3771.4000,3771.2000,3771.0000,3770.2000,3772.4000,3772.6000,3772.8000,3773.0000,3773.6000,4,2,1,1,1,1,3,1,1,1
SF,IF2007,2020-05-28 09:31:21.600,3771.4000,8737,0,67877220.000,0,-,-,-,-,3771.8000,3771.4000,3771.2000,3771.0000,3770.2000,3772.6000,3772.8000,3773.0000,3773.6000,3775.6000,4,2,1,1,1,3,1,1,1,2
SF,IF2007,2020-05-28 09:31:23.100,3771.8000,8736,-1,69008760.000,1,0,1,双平,S,3771.8000,3771.4000,3771.2000,3771.0000,3770.2000,3772.6000,3772.8000,3773.0000,3773.6000,3775.6000,3,2,1,1,1,3,1,1,1,2
SF,IF2007,2020-05-28 09:31:25.100,3772.6000,8738,2,71272320.000,2,2,0,双开,S,3771.8000,3771.4000,3771.2000,3771.0000,3770.2000,3772.6000,3772.8000,3773.0000,3773.6000,3775.6000,3,2,1,1,1,1,1,1,1,2
SF,IF2007,2020-05-28 09:31:25.600,3772.6000,8738,0,72404100.000,1,0,1,多换,S,3771.8000,3771.4000,3771.2000,3771.0000,3770.2000,3772.8000,3773.6000,3775.6000,3778.0000,3778.8000,3,2,1,1,1,1,1,2,1,2
SF,IF2007,2020-05-28 09:31:26.100,3772.6000,8738,0,72404100.000,0,-,-,-,-,3772.0000,3771.8000,3771.4000,3771.2000,3771.0000,3772.8000,3773.6000,3775.6000,3778.0000,3778.8000,3,3,2,1,1,1,1,2,1,2
SF,IF2007,2020-05-28 09:31:26.600,3772.8000,8737,-1,73535940.000,1,0,1,双平,S,3772.0000,3771.8000,3771.4000,3771.2000,3771.0000,3773.6000,3775.6000,3778.0000,3778.8000,3779.6000,3,3,2,1,1,1,2,1,2,1
SF,IF2007,2020-05-28 09:31:27.100,3772.8000,8737,0,73535940.000,0,-,-,-,-,3772.2000,3772.0000,3771.8000,3771.4000,3770.2000,3773.4000,3773.6000,3775.6000,3778.0000,3778.8000,1,1,3,2,1,1,1,2,1,2
SF,IF2007,2020-05-28 09:31:27.600,3772.8000,8737,0,73535940.000,0,-,-,-,-,3772.2000,3772.0000,3771.8000,3771.4000,3770.2000,3773.4000,3773.6000,3775.6000,3778.0000,3778.8000,3,1,3,2,1,1,1,2,1,2
SF,IF2007,2020-05-28 09:31:28.100,3772.8000,8737,0,73535940.000,0,-,-,-,-,3773.0000,3772.2000,3772.0000,3771.8000,3771.4000,3773.4000,3773.6000,3775.6000,3778.0000,3778.8000,3,2,1,3,2,1,1,2,1,2
SF,IF2007,2020-05-28 09:31:28.600,3773.0000,8735,-2,76931640.000,3,0,3,多平,S,3771.8000,3771.4000,3770.2000,3770.0000,3769.0000,3773.4000,3773.6000,3778.0000,3778.8000,3779.6000,3,2,1,1,4,1,1,1,2,1
SF,IF2007,2020-05-28 09:31:29.100,3773.0000,8735,0,76931640.000,0,-,-,-,-,3772.0000,3771.8000,3771.4000,3770.2000,3770.0000,3773.4000,3773.6000,3778.0000,3778.8000,3779.6000,3,3,2,1,1,2,1,1,2,1
SF,IF2007,2020-05-28 09:31:29.600,3773.0000,8735,0,76931640.000,0,-,-,-,-,3772.0000,3771.8000,3771.4000,3770.2000,3770.0000,3773.2000,3773.4000,3773.6000,3778.0000,3778.8000,4,3,2,1,1,1,4,1,1,2
SF,IF2007,2020-05-28 09:31:30.100,3773.2000,8734,-1,78063600.000,1,0,1,双平,S,3772.0000,3771.8000,3771.4000,3770.2000,3770.0000,3773.4000,3773.6000,3778.0000,3778.8000,3779.6000,4,3,2,1,1,3,1,1,2,1
SF,IF2007,2020-05-28 09:31:30.600,3773.2000,8734,0,78063600.000,0,-,-,-,-,3772.0000,3771.8000,3771.4000,3770.2000,3770.0000,3773.4000,3773.6000,3778.0000,3778.8000,3779.6000,4,3,2,1,1,2,1,1,2,1
SF,IF2007,2020-05-28 09:31:31.100,3773.6000,8734,0,81459720.000,3,1,2,多换,S,3772.2000,3772.0000,3771.8000,3770.2000,3770.0000,3775.6000,3778.0000,3778.8000,3779.6000,3780.0000,2,4,3,1,1,2,1,2,1,5
SF,IF2007,2020-05-28 09:31:31.600,3773.6000,8734,0,81459720.000,0,-,-,-,-,3772.4000,3772.0000,3771.8000,3770.2000,3770.0000,3775.0000,3775.2000,3775.4000,3775.6000,3778.0000,6,3,3,1,1,2,4,2,2,1
SF,IF2007,2020-05-28 09:31:32.100,3773.6000,8734,0,81459720.000,0,-,-,-,-,3772.6000,3772.4000,3772.0000,3771.8000,3770.2000,3774.8000,3775.0000,3775.2000,3775.4000,3775.6000,2,4,1,3,1,1,2,3,2,2
SF,IF2007,2020-05-28 09:31:32.600,3773.6000,8734,0,81459720.000,0,-,-,-,-,3772.8000,3772.0000,3771.8000,3770.2000,3770.0000,3774.8000,3775.0000,3775.2000,3775.4000,3775.6000,4,1,3,1,1,1,2,3,2,2
SF,IF2007,2020-05-28 09:31:33.100,3774.6000,8733,-1,83724480.000,2,0,2,多平,S,3773.0000,3772.8000,3772.0000,3771.8000,3770.2000,3774.4000,3774.8000,3775.0000,3775.2000,3775.4000,2,3,1,3,1,1,1,2,3,1
SF,IF2007,2020-05-28 09:31:33.600,3774.8000,8732,-1,84856920.000,1,0,1,双平,S,3773.2000,3773.0000,3772.8000,3772.0000,3771.8000,3775.0000,3775.2000,3775.4000,3778.0000,3778.8000,1,2,2,1,3,2,3,1,1,2
SF,IF2007,2020-05-28 09:31:34.100,3774.8000,8732,0,84856920.000,0,-,-,-,-,3773.2000,3772.8000,3772.0000,3771.8000,3770.2000,3774.6000,3775.2000,3778.0000,3778.8000,3779.6000,3,2,1,3,1,1,1,1,2,1
SF,IF2007,2020-05-28 09:31:34.600,3774.6000,8731,-1,85989300.000,1,0,1,双平,S,3773.4000,3773.2000,3772.8000,3772.0000,3771.8000,3775.2000,3778.0000,3778.8000,3779.6000,3780.0000,1,1,2,1,3,1,1,2,1,5
SF,IF2007,2020-05-28 09:31:35.100,3774.6000,8731,0,85989300.000,0,-,-,-,-,3773.6000,3773.4000,3772.8000,3772.0000,3771.8000,3775.0000,3778.0000,3778.8000,3779.6000,3780.0000,1,3,2,1,3,1,1,2,1,5
SF,IF2007,2020-05-28 09:31:36.600,3774.6000,8731,0,85989300.000,0,-,-,-,-,3773.6000,3773.4000,3772.8000,3772.0000,3771.8000,3774.8000,3775.0000,3778.0000,3778.8000,3779.6000,1,3,2,1,3,1,1,1,2,1
SF,IF2007,2020-05-28 09:31:38.100,3774.6000,8731,0,85989300.000,0,-,-,-,-,3773.6000,3773.4000,3772.8000,3772.0000,3771.8000,3774.8000,3775.0000,3778.0000,3778.8000,3779.6000,1,3,2,1,3,2,1,1,2,1
SF,IF2007,2020-05-28 09:31:38.600,3774.8000,8731,0,87121740.000,1,0,1,多换,S,3773.6000,3773.4000,3772.8000,3772.0000,3771.8000,3774.8000,3775.0000,3778.0000,3778.8000,3779.6000,1,3,2,1,3,1,1,1,2,1
SF,IF2007,2020-05-28 09:31:39.100,3774.8000,8731,0,87121740.000,0,-,-,-,-,3773.6000,3773.4000,3772.8000,3772.0000,3771.8000,3774.8000,3775.0000,3776.6000,3778.0000,3778.8000,1,3,2,1,3,1,1,2,1,2
SF,IF2007,2020-05-28 09:31:39.600,3774.8000,8731,0,88254180.000,1,0,1,多换,S,3773.8000,3773.6000,3773.4000,3772.8000,3772.0000,3775.0000,3776.6000,3778.0000,3778.8000,3779.6000,1,1,3,2,1,1,2,1,2,1
SF,IF2007,2020-05-28 09:31:40.100,3774.8000,8731,0,88254180.000,0,-,-,-,-,3773.8000,3773.6000,3773.4000,3772.8000,3772.0000,3774.6000,3775.0000,3778.0000,3778.8000,3779.6000,1,1,3,2,1,1,1,1,2,1
SF,IF2007,2020-05-28 09:31:40.600,3774.6000,8730,-1,89386560.000,1,0,1,双平,S,3773.8000,3773.6000,3773.4000,3772.8000,3772.0000,3775.0000,3776.0000,3778.0000,3778.8000,3779.6000,1,1,3,1,1,1,1,1,2,1
SF,IF2007,2020-05-28 09:31:42.600,3775.0000,8730,0,90519060.000,1,0,1,多换,S,3774.0000,3773.8000,3773.6000,3773.4000,3772.8000,3776.0000,3778.0000,3778.8000,3779.6000,3783.6000,2,1,1,1,1,1,1,2,1,1
SF,IF2007,2020-05-28 09:31:43.100,3775.0000,8730,0,90519060.000,0,-,-,-,-,3774.2000,3774.0000,3773.8000,3772.0000,3771.8000,3776.0000,3778.0000,3778.8000,3779.6000,3783.6000,3,3,1,1,3,1,1,2,1,1
SF,IF2007,2020-05-28 09:31:43.600,3775.0000,8730,0,90519060.000,0,-,-,-,-,3774.2000,3774.0000,3772.0000,3771.8000,3770.2000,3776.0000,3778.0000,3778.8000,3779.6000,3783.6000,5,1,1,3,1,1,1,2,1,1
SF,IF2007,2020-05-28 09:31:44.100,3775.0000,8730,0,90519060.000,0,-,-,-,-,3774.2000,3774.0000,3772.0000,3771.8000,3770.2000,3776.0000,3778.0000,3778.8000,3779.6000,3783.6000,4,1,1,3,1,1,1,2,1,1
SF,IF2007,2020-05-28 09:31:44.600,3775.0000,8730,0,90519060.000,0,-,-,-,-,3774.4000,3774.2000,3774.0000,3772.0000,3771.8000,3775.8000,3776.0000,3778.0000,3778.8000,3779.6000,2,2,1,1,3,1,1,1,2,1
SF,IF2007,2020-05-28 09:31:45.100,3775.8000,8730,0,91651800.000,1,0,1,多换,S,3774.6000,3774.4000,3774.2000,3774.0000,3772.0000,3776.0000,3778.0000,3778.8000,3779.6000,3783.6000,1,4,1,1,1,1,1,2,1,1
SF,IF2007,2020-05-28 09:31:45.600,3776.0000,8730,0,92784600.000,1,0,1,多换,S,3774.6000,3774.4000,3774.2000,3774.0000,3772.0000,3778.0000,3778.8000,3779.6000,3783.6000,3785.0000,1,4,1,1,1,1,2,1,1,6
SF,IF2007,2020-05-28 09:31:46.100,3776.0000,8730,0,92784600.000,0,-,-,-,-,3774.8000,3774.6000,3774.4000,3774.0000,3772.0000,3775.8000,3776.6000,3776.8000,3777.2000,3777.4000,1,1,4,1,1,1,2,2,1,1
SF,IF2007,2020-05-28 09:31:46.600,3776.0000,8730,0,92784600.000,0,-,-,-,-,3775.0000,3774.0000,3772.0000,3771.8000,3770.2000,3776.6000,3776.8000,3777.4000,3777.8000,3778.0000,3,1,1,3,1,2,2,1,5,1
SF,IF2007,2020-05-28 09:31:47.100,3776.0000,8730,0,92784600.000,0,-,-,-,-,3775.0000,3774.0000,3772.0000,3771.8000,3770.2000,3776.4000,3776.6000,3776.8000,3777.4000,3777.8000,3,1,1,3,1,1,2,2,1,5
SF,IF2007,2020-05-28 09:31:47.600,3776.0000,8730,0,92784600.000,0,-,-,-,-,3775.0000,3774.0000,3772.0000,3771.8000,3770.2000,3776.4000,3776.8000,3777.4000,3777.8000,3778.0000,3,1,1,3,1,1,1,1,3,1
SF,IF2007,2020-05-28 09:31:48.100,3776.0000,8730,0,92784600.000,0,-,-,-,-,3775.2000,3775.0000,3774.0000,3772.0000,3771.8000,3775.8000,3776.4000,3776.8000,3777.4000,3777.8000,2,1,1,1,3,1,1,1,1,3
SF,IF2007,2020-05-28 09:31:48.600,3775.8000,8730,0,93917340.000,1,0,1,多换,S,3775.2000,3775.0000,3774.0000,3772.0000,3771.8000,3776.4000,3776.8000,3777.4000,3777.8000,3778.0000,2,1,1,1,3,1,1,1,3,1
SF,IF2007,2020-05-28 09:31:49.100,3775.8000,8730,0,93917340.000,0,-,-,-,-,3775.4000,3775.2000,3774.0000,3772.0000,3771.8000,3777.4000,3777.8000,3778.0000,3778.8000,3779.6000,4,2,1,1,3,1,2,1,2,1
SF,IF2007,2020-05-28 09:31:49.600,3775.8000,8730,0,93917340.000,0,-,-,-,-,3775.8000,3775.6000,3775.4000,3775.2000,3774.0000,3777.2000,3777.4000,3778.0000,3778.8000,3779.6000,1,1,4,2,1,2,1,1,2,1
SF,IF2007,2020-05-28 09:31:50.100,3775.8000,8730,0,93917340.000,0,-,-,-,-,3776.0000,3775.8000,3775.6000,3775.4000,3775.2000,3776.6000,3777.2000,3777.4000,3778.0000,3778.8000,1,1,1,2,2,1,2,1,1,2
SF,IF2007,2020-05-28 09:31:50.600,3776.0000,8729,-1,95050140.000,1,0,1,双平,S,3775.8000,3775.4000,3775.2000,3774.0000,3772.0000,3777.2000,3777.4000,3778.0000,3778.8000,3779.6000,1,2,2,1,1,2,1,1,2,1
SF,IF2007,2020-05-28 09:31:51.100,3776.0000,8729,0,95050140.000,0,-,-,-,-,3776.4000,3775.4000,3775.2000,3774.0000,3772.0000,3777.0000,3777.2000,3777.4000,3778.0000,3778.8000,1,2,2,1,1,1,4,1,1,2
SF,IF2007,2020-05-28 09:31:51.600,3776.4000,8729,0,96183060.000,1,0,1,多换,S,3775.4000,3775.2000,3774.0000,3772.0000,3771.8000,3777.0000,3777.2000,3777.4000,3778.0000,3778.8000,2,2,1,1,3,1,4,1,1,2
SF,IF2007,2020-05-28 09:31:52.100,3776.4000,8729,0,96183060.000,0,-,-,-,-,3775.6000,3774.0000,3772.0000,3771.8000,3770.2000,3777.0000,3777.2000,3777.4000,3778.0000,3778.8000,3,1,1,3,1,1,3,1,1,2
SF,IF2007,2020-05-28 09:31:52.600,3776.4000,8729,0,96183060.000,0,-,-,-,-,3775.8000,3775.6000,3774.0000,3772.0000,3771.8000,3776.8000,3777.2000,3778.0000,3778.8000,3779.6000,2,1,1,1,3,1,3,1,2,1
SF,IF2007,2020-05-28 09:31:53.100,3776.4000,8729,0,96183060.000,0,-,-,-,-,3775.8000,3775.6000,3774.0000,3772.0000,3771.8000,3777.2000,3778.0000,3778.8000,3779.6000,3779.8000,2,1,1,1,3,3,1,2,1,1
SF,IF2007,2020-05-28 09:31:54.100,3776.4000,8729,0,96183060.000,0,-,-,-,-,3775.8000,3775.6000,3774.0000,3772.0000,3771.8000,3777.2000,3777.4000,3778.0000,3778.8000,3779.6000,2,1,1,1,3,3,1,1,2,1
SF,IF2007,2020-05-28 09:31:55.100,3776.4000,8729,0,96183060.000,0,-,-,-,-,3775.8000,3775.6000,3774.0000,3772.0000,3771.8000,3777.2000,3778.0000,3778.8000,3779.6000,3779.8000,2,1,1,1,3,3,1,2,1,1
SF,IF2007,2020-05-28 09:31:56.600,3776.4000,8729,0,96183060.000,0,-,-,-,-,3776.0000,3775.6000,3774.0000,3772.0000,3771.8000,3777.2000,3778.0000,3778.8000,3779.6000,3779.8000,2,1,1,1,3,3,1,2,1,1
SF,IF2007,2020-05-28 09:31:57.100,3776.4000,8729,0,96183060.000,0,-,-,-,-,3775.6000,3774.0000,3772.0000,3771.8000,3770.2000,3777.2000,3777.4000,3778.0000,3778.8000,3779.6000,1,1,1,3,1,3,1,1,2,1
SF,IF2007,2020-05-28 09:31:57.600,3776.4000,8729,0,96183060.000,0,-,-,-,-,3775.8000,3775.6000,3774.0000,3772.0000,3771.8000,3777.2000,3778.0000,3778.8000,3779.6000,3779.8000,2,1,1,1,3,3,1,2,1,1
SF,IF2007,2020-05-28 09:31:58.100,3776.4000,8729,0,96183060.000,0,-,-,-,-,3775.8000,3775.6000,3774.0000,3772.0000,3771.8000,3777.0000,3777.2000,3778.0000,3778.8000,3779.6000,2,1,1,1,3,2,3,1,2,1
SF,IF2007,2020-05-28 09:31:58.600,3776.4000,8729,0,96183060.000,0,-,-,-,-,3775.8000,3774.0000,3772.0000,3771.8000,3770.2000,3776.8000,3777.0000,3777.2000,3777.4000,3778.0000,2,1,1,3,1,1,2,2,1,1
SF,IF2007,2020-05-28 09:31:59.100,3776.4000,8729,0,96183060.000,0,-,-,-,-,3775.8000,3774.0000,3772.0000,3771.8000,3770.2000,3776.6000,3776.8000,3777.0000,3777.2000,3778.0000,2,1,1,3,1,1,1,2,2,1
SF,IF2007,2020-05-28 09:31:59.600,3776.4000,8729,0,96183060.000,0,-,-,-,-,3775.8000,3774.0000,3772.0000,3770.2000,3770.0000,3776.6000,3776.8000,3777.0000,3777.2000,3778.0000,2,1,1,1,1,1,1,2,2,1
SF,IF2007,2020-05-28 09:32:00.600,3776.4000,8729,0,96183060.000,0,-,-,-,-,3776.0000,3775.8000,3774.0000,3772.0000,3770.2000,3776.8000,3777.0000,3777.2000,3778.0000,3778.8000,1,2,1,1,1,1,2,2,1,2
SF,IF2007,2020-05-28 09:32:01.100,3776.4000,8729,0,96183060.000,0,-,-,-,-,3776.0000,3775.8000,3774.0000,3772.0000,3770.2000,3777.2000,3778.0000,3778.8000,3779.6000,3779.8000,2,2,1,1,1,2,1,2,1,1
SF,IF2007,2020-05-28 09:32:01.600,3777.2000,8729,0,98449380.000,2,1,1,多换,S,3776.2000,3776.0000,3775.8000,3774.0000,3772.0000,3778.0000,3778.8000,3779.6000,3779.8000,3781.8000,1,2,2,1,1,1,2,1,1,1
SF,IF2007,2020-05-28 09:32:02.100,3777.2000,8729,0,98449380.000,0,-,-,-,-,3776.4000,3776.2000,3776.0000,3774.0000,3772.0000,3776.6000,3778.0000,3778.8000,3779.6000,3779.8000,3,2,2,1,1,1,1,2,1,1
SF,IF2007,2020-05-28 09:32:02.600,3778.0000,8727,-2,100715760.000,2,0,2,双平,S,3776.8000,3776.4000,3776.0000,3774.0000,3772.0000,3778.8000,3779.6000,3779.8000,3781.8000,3783.0000,2,3,2,1,1,2,1,1,1,1
SF,IF2007,2020-05-28 09:32:03.100,3778.0000,8727,0,100715760.000,0,-,-,-,-,3777.0000,3776.8000,3776.4000,3776.0000,3774.0000,3778.6000,3778.8000,3779.4000,3779.6000,3779.8000,2,1,1,2,1,1,2,1,1,1
SF,IF2007,2020-05-28 09:32:03.600,3778.4000,8726,-1,101849280.000,1,0,1,双平,S,3778.0000,3777.2000,3777.0000,3776.8000,3776.4000,3778.6000,3778.8000,3779.4000,3779.6000,3779.8000,1,1,2,1,1,1,2,1,1,1
SF,IF2007,2020-05-28 09:32:04.100,3778.4000,8726,0,101849280.000,0,-,-,-,-,3778.0000,3777.4000,3777.0000,3776.0000,3774.0000,3778.6000,3778.8000,3779.4000,3779.6000,3779.8000,1,1,2,1,1,1,2,1,1,1
SF,IF2007,2020-05-28 09:32:04.600,3778.4000,8726,0,101849280.000,0,-,-,-,-,3778.0000,3777.4000,3777.0000,3776.0000,3774.0000,3778.8000,3779.4000,3779.8000,3781.8000,3783.0000,1,1,2,1,1,2,1,1,1,1
SF,IF2007,2020-05-28 09:32:05.100,3778.4000,8726,0,101849280.000,0,-,-,-,-,3777.0000,3776.0000,3774.0000,3772.0000,3770.2000,3778.8000,3779.4000,3779.8000,3781.8000,3783.0000,2,1,1,1,1,2,1,1,1,1
SF,IF2007,2020-05-28 09:32:05.600,3778.4000,8726,0,101849280.000,0,-,-,-,-,3777.0000,3776.0000,3774.0000,3772.0000,3770.2000,3778.8000,3779.4000,3779.8000,3781.8000,3783.0000,1,1,1,1,1,2,1,1,1,1
SF,IF2007,2020-05-28 09:32:06.100,3778.4000,8726,0,101849280.000,0,-,-,-,-,3777.0000,3776.0000,3774.0000,3772.0000,3770.2000,3778.4000,3778.6000,3778.8000,3779.4000,3779.8000,1,1,1,1,1,1,3,4,1,1
SF,IF2007,2020-05-28 09:32:06.600,3778.4000,8726,0,101849280.000,0,-,-,-,-,3777.0000,3776.0000,3774.0000,3772.0000,3770.2000,3778.4000,3778.6000,3778.8000,3779.4000,3779.8000,1,1,1,1,1,1,3,4,1,1
SF,IF2007,2020-05-28 09:32:07.100,3778.4000,8726,0,101849280.000,0,-,-,-,-,3777.2000,3777.0000,3776.0000,3774.0000,3772.0000,3778.4000,3778.6000,3778.8000,3779.4000,3779.8000,3,1,1,1,1,4,3,4,1,1
SF,IF2007,2020-05-28 09:32:08.100,3778.4000,8726,0,101849280.000,0,-,-,-,-,3777.2000,3777.0000,3776.0000,3774.0000,3772.0000,3778.4000,3778.6000,3778.8000,3779.4000,3779.8000,3,1,1,1,1,4,3,4,1,1
SF,IF2007,2020-05-28 09:32:08.600,3778.4000,8726,0,101849280.000,0,-,-,-,-,3777.4000,3777.2000,3776.0000,3774.0000,3772.0000,3778.4000,3778.6000,3778.8000,3779.4000,3779.8000,1,3,1,1,1,4,3,4,1,1
SF,IF2007,2020-05-28 09:32:10.100,3778.4000,8726,0,101849280.000,0,-,-,-,-,3777.4000,3777.2000,3776.0000,3774.0000,3772.0000,3778.4000,3778.6000,3778.8000,3779.4000,3779.8000,1,3,1,1,1,4,1,4,1,1
SF,IF2007,2020-05-28 09:32:10.600,3777.2000,8722,-4,106381980.000,4,0,4,双平,S,3776.0000,3774.0000,3772.0000,3770.2000,3770.0000,3778.2000,3778.4000,3778.6000,3778.8000,3779.4000,1,1,1,1,1,3,3,1,4,1
SF,IF2007,2020-05-28 09:32:11.100,3777.2000,8722,0,106381980.000,0,-,-,-,-,3774.0000,3772.0000,3770.2000,3770.0000,3769.0000,3778.0000,3778.2000,3778.4000,3778.8000,3779.4000,1,1,1,1,4,2,3,1,4,1
SF,IF2007,2020-05-28 09:32:11.600,3777.2000,8722,0,106381980.000,0,-,-,-,-,3775.0000,3774.6000,3774.4000,3774.2000,3774.0000,3776.0000,3778.0000,3778.2000,3778.4000,3778.8000,1,2,1,1,3,1,1,1,1,4
SF,IF2007,2020-05-28 09:32:12.100,3776.2000,8721,-1,107514840.000,1,0,1,双平,S,3776.0000,3775.2000,3775.0000,3774.6000,3774.4000,3777.8000,3778.0000,3778.2000,3778.4000,3778.8000,1,1,2,2,1,1,1,1,1,4
SF,IF2007,2020-05-28 09:32:12.600,3776.2000,8721,0,108647700.000,1,0,1,多换,S,3776.0000,3775.2000,3774.2000,3774.0000,3772.0000,3777.6000,3777.8000,3778.2000,3778.4000,3778.8000,1,1,1,2,1,1,1,1,1,4
SF,IF2007,2020-05-28 09:32:13.100,3776.2000,8721,0,108647700.000,0,-,-,-,-,3776.2000,3774.2000,3774.0000,3772.0000,3770.2000,3777.6000,3777.8000,3778.2000,3778.4000,3778.8000,2,1,2,1,1,1,1,1,1,4
SF,IF2007,2020-05-28 09:32:13.600,3776.2000,8721,0,108647700.000,0,-,-,-,-,3776.2000,3774.2000,3774.0000,3772.0000,3770.2000,3777.8000,3778.2000,3778.4000,3778.8000,3779.4000,2,1,2,1,1,1,1,1,4,1
SF,IF2007,2020-05-28 09:32:14.100,3776.2000,8721,0,108647700.000,0,-,-,-,-,3776.6000,3776.2000,3774.2000,3774.0000,3772.0000,3777.8000,3778.2000,3778.8000,3779.4000,3779.8000,1,2,1,2,1,1,1,4,1,1
SF,IF2007,2020-05-28 09:32:14.600,3776.2000,8721,0,108647700.000,0,-,-,-,-,3776.6000,3776.2000,3774.2000,3774.0000,3772.0000,3777.8000,3778.2000,3778.8000,3779.4000,3779.8000,2,2,1,2,1,1,1,4,1,1
SF,IF2007,2020-05-28 09:32:15.100,3776.6000,8720,-1,109780680.000,1,0,1,双平,S,3776.2000,3774.2000,3774.0000,3772.0000,3770.2000,3777.2000,3777.6000,3777.8000,3778.2000,3778.8000,2,1,2,1,1,1,1,1,1,4
SF,IF2007,2020-05-28 09:32:15.600,3776.2000,8719,-1,112046400.000,2,0,2,多平,S,3774.2000,3774.0000,3772.0000,3770.2000,3770.0000,3777.0000,3777.2000,3777.6000,3777.8000,3778.2000,1,2,1,1,1,2,1,1,1,1
SF,IF2007,2020-05-28 09:32:16.100,3776.2000,8719,0,112046400.000,0,-,-,-,-,3774.8000,3774.4000,3774.2000,3774.0000,3772.0000,3777.0000,3777.2000,3778.2000,3778.8000,3779.4000,1,1,2,2,1,2,1,2,2,1
SF,IF2007,2020-05-28 09:32:16.600,3776.2000,8719,0,112046400.000,0,-,-,-,-,3774.4000,3774.2000,3774.0000,3772.0000,3770.2000,3777.0000,3777.2000,3778.2000,3778.8000,3779.4000,1,1,1,1,1,4,1,1,2,1
SF,IF2007,2020-05-28 09:32:17.100,3776.2000,8719,0,112046400.000,0,-,-,-,-,3774.4000,3774.0000,3772.0000,3770.2000,3770.0000,3777.0000,3777.2000,3778.2000,3778.8000,3779.4000,1,1,1,1,1,3,2,1,2,1
SF,IF2007,2020-05-28 09:32:17.600,3776.2000,8719,0,112046400.000,0,-,-,-,-,3774.4000,3774.0000,3772.0000,3770.2000,3770.0000,3776.8000,3777.0000,3777.2000,3778.2000,3778.8000,1,1,1,1,1,3,3,2,1,2
SF,IF2007,2020-05-28 09:32:18.100,3776.2000,8719,0,112046400.000,0,-,-,-,-,3774.4000,3774.0000,3772.0000,3770.2000,3770.0000,3776.6000,3776.8000,3777.0000,3777.2000,3778.8000,1,1,1,1,1,1,3,2,2,2
SF,IF2007,2020-05-28 09:32:18.600,3776.2000,8719,0,112046400.000,0,-,-,-,-,3774.6000,3774.4000,3774.0000,3772.0000,3770.2000,3776.4000,3776.6000,3776.8000,3777.0000,3777.2000,1,1,1,1,1,1,2,3,2,2
SF,IF2007,2020-05-28 09:32:19.100,3776.2000,8719,0,112046400.000,0,-,-,-,-,3774.8000,3774.6000,3774.4000,3774.0000,3772.0000,3776.2000,3776.4000,3776.6000,3776.8000,3777.0000,1,1,1,1,1,1,1,2,2,2
SF,IF2007,2020-05-28 09:32:19.600,3776.2000,8719,0,112046400.000,0,-,-,-,-,3774.8000,3774.6000,3774.4000,3774.0000,3772.0000,3776.2000,3776.4000,3776.6000,3776.8000,3777.0000,1,1,1,1,1,1,1,1,2,2
SF,IF2007,2020-05-28 09:32:20.100,3776.2000,8719,0,112046400.000,0,-,-,-,-,3774.6000,3774.4000,3774.0000,3772.0000,3770.2000,3776.2000,3776.4000,3776.6000,3776.8000,3777.0000,1,1,1,1,1,1,1,1,2,2
SF,IF2007,2020-05-28 09:32:20.600,3776.2000,8719,0,112046400.000,0,-,-,-,-,3774.8000,3774.0000,3772.0000,3770.2000,3770.0000,3776.2000,3776.4000,3776.6000,3776.8000,3777.0000,1,1,1,1,1,1,1,1,2,2
SF,IF2007,2020-05-28 09:32:21.100,3776.2000,8719,0,112046400.000,0,-,-,-,-,3774.0000,3772.0000,3770.2000,3770.0000,3769.0000,3776.2000,3776.4000,3776.6000,3776.8000,3777.0000,1,1,1,1,4,1,1,1,2,2
SF,IF2007,2020-05-28 09:32:21.600,3776.2000,8719,0,112046400.000,0,-,-,-,-,3774.2000,3774.0000,3772.0000,3770.2000,3770.0000,3776.0000,3776.2000,3776.4000,3776.8000,3777.0000,1,1,1,1,1,2,1,1,2,2
SF,IF2007,2020-05-28 09:32:22.100,3776.2000,8719,0,112046400.000,0,-,-,-,-,3772.0000,3770.2000,3770.0000,3769.0000,3765.0000,3775.4000,3775.8000,3776.0000,3776.8000,3777.0000,1,1,1,4,5,1,2,2,2,2
SF,IF2007,2020-05-28 09:32:22.600,3776.2000,8719,0,112046400.000,0,-,-,-,-,3773.6000,3773.0000,3772.8000,3772.6000,3772.2000,3775.8000,3776.0000,3776.8000,3777.0000,3777.2000,1,1,2,3,2,1,1,2,2,2
SF,IF2007,2020-05-28 09:32:23.100,3776.2000,8719,0,112046400.000,0,-,-,-,-,3773.8000,3773.0000,3772.6000,3772.2000,3772.0000,3775.8000,3776.0000,3776.8000,3777.0000,3777.2000,1,1,1,3,2,1,1,2,2,2
SF,IF2007,2020-05-28 09:32:23.600,3776.2000,8719,0,112046400.000,0,-,-,-,-,3773.8000,3773.0000,3772.6000,3772.2000,3772.0000,3775.6000,3775.8000,3776.0000,3776.8000,3777.0000,1,1,1,3,2,2,1,1,2,2
SF,IF2007,2020-05-28 09:32:24.100,3776.2000,8719,0,112046400.000,0,-,-,-,-,3773.8000,3773.0000,3772.6000,3772.2000,3772.0000,3775.6000,3775.8000,3776.0000,3776.8000,3777.0000,1,1,1,2,2,2,1,1,2,2
SF,IF2007,2020-05-28 09:32:24.600,3776.2000,8719,0,112046400.000,0,-,-,-,-,3774.0000,3773.8000,3773.0000,3772.6000,3772.2000,3775.6000,3775.8000,3776.0000,3776.8000,3777.0000,1,1,1,1,2,2,1,1,2,2
SF,IF2007,2020-05-28 09:32:25.100,3776.2000,8719,0,112046400.000,0,-,-,-,-,3774.4000,3774.2000,3774.0000,3773.0000,3772.6000,3775.6000,3775.8000,3776.0000,3776.8000,3777.0000,1,1,1,1,1,1,1,1,2,2
SF,IF2007,2020-05-28 09:32:25.600,3776.2000,8719,0,112046400.000,0,-,-,-,-,3774.4000,3774.2000,3774.0000,3773.0000,3772.6000,3775.6000,3776.0000,3776.8000,3777.0000,3777.2000,1,1,1,1,1,1,1,2,2,1
SF,IF2007,2020-05-28 09:32:26.100,3776.2000,8719,0,112046400.000,0,-,-,-,-,3774.6000,3773.0000,3772.6000,3772.2000,3772.0000,3776.0000,3776.8000,3777.0000,3777.2000,3778.0000,2,1,1,2,2,1,2,2,1,2
SF,IF2007,2020-05-28 09:32:26.600,3776.2000,8719,0,112046400.000,0,-,-,-,-,3774.6000,3773.0000,3772.6000,3772.2000,3772.0000,3776.8000,3777.2000,3778.0000,3778.8000,3779.4000,2,1,1,2,2,2,1,2,3,1
SF,IF2007,2020-05-28 09:32:27.100,3776.2000,8719,0,112046400.000,0,-,-,-,-,3774.8000,3774.6000,3773.0000,3772.6000,3772.2000,3775.8000,3776.6000,3776.8000,3777.2000,3778.0000,1,2,1,1,2,1,1,2,1,2
SF,IF2007,2020-05-28 09:32:27.600,3775.8000,8719,0,113179140.000,1,0,1,多换,S,3774.6000,3773.0000,3772.6000,3772.2000,3772.0000,3776.6000,3776.8000,3777.2000,3778.0000,3778.8000,2,1,1,2,2,3,2,1,2,3
SF,IF2007,2020-05-28 09:32:28.100,3775.8000,8719,0,113179140.000,0,-,-,-,-,3774.8000,3774.6000,3773.0000,3772.6000,3772.2000,3776.6000,3776.8000,3777.2000,3778.0000,3778.8000,1,2,1,1,2,3,2,1,2,3
SF,IF2007,2020-05-28 09:32:28.600,3775.8000,8719,0,113179140.000,0,-,-,-,-,3774.8000,3774.6000,3773.0000,3772.6000,3772.2000,3776.6000,3776.8000,3777.2000,3778.0000,3778.8000,1,1,1,1,2,1,2,1,2,3
SF,IF2007,2020-05-28 09:32:29.600,3775.8000,8719,0,113179140.000,0,-,-,-,-,3774.8000,3774.6000,3773.4000,3773.0000,3772.6000,3776.6000,3776.8000,3777.2000,3778.0000,3778.8000,1,1,1,1,1,1,2,1,2,3
SF,IF2007,2020-05-28 09:32:30.100,3775.8000,8719,0,113179140.000,0,-,-,-,-,3775.0000,3774.8000,3773.4000,3773.0000,3772.6000,3776.6000,3776.8000,3777.2000,3778.0000,3778.8000,1,1,1,1,1,1,2,1,2,3
SF,IF2007,2020-05-28 09:32:30.600,3775.8000,8719,0,113179140.000,0,-,-,-,-,3773.4000,3773.2000,3773.0000,3772.6000,3772.2000,3776.6000,3776.8000,3777.2000,3778.8000,3779.4000,1,2,1,1,2,1,2,1,3,1
SF,IF2007,2020-05-28 09:32:31.100,3775.8000,8719,0,113179140.000,0,-,-,-,-,3774.2000,3773.8000,3773.6000,3773.4000,3773.2000,3776.6000,3776.8000,3777.2000,3778.8000,3779.4000,1,2,3,2,2,1,2,1,3,1
SF,IF2007,2020-05-28 09:32:31.600,3775.8000,8719,0,113179140.000,0,-,-,-,-,3774.4000,3774.2000,3773.8000,3773.6000,3773.4000,3776.6000,3776.8000,3777.2000,3778.8000,3779.4000,2,2,2,2,1,1,2,1,3,1
SF,IF2007,2020-05-28 09:32:32.100,3775.8000,8719,0,113179140.000,0,-,-,-,-,3774.4000,3774.2000,3773.8000,3773.6000,3773.4000,3776.6000,3776.8000,3777.2000,3778.8000,3779.4000,2,2,2,1,1,1,2,1,3,1
SF,IF2007,2020-05-28 09:32:32.600,3774.4000,8717,-2,115443780.000,2,0,2,双平,S,3774.2000,3773.8000,3773.6000,3773.4000,3773.2000,3776.4000,3776.6000,3776.8000,3777.2000,3778.8000,2,2,1,1,2,1,1,2,1,3
SF,IF2007,2020-05-28 09:32:33.100,3774.4000,8717,0,115443780.000,0,-,-,-,-,3774.4000,3774.2000,3773.8000,3773.6000,3773.4000,3776.4000,3776.8000,3777.2000,3778.8000,3779.4000,2,2,2,1,1,1,2,1,3,1
SF,IF2007,2020-05-28 09:32:33.600,3774.4000,8717,0,115443780.000,0,-,-,-,-,3774.4000,3774.2000,3773.8000,3773.6000,3773.4000,3776.2000,3776.4000,3776.8000,3777.2000,3778.8000,3,2,2,1,1,1,1,2,1,3
SF,IF2007,2020-05-28 09:32:34.100,3774.4000,8717,0,115443780.000,0,-,-,-,-,3774.4000,3774.2000,3773.8000,3773.6000,3773.4000,3776.2000,3776.4000,3776.8000,3777.2000,3778.8000,3,1,2,1,1,1,1,2,1,3
SF,IF2007,2020-05-28 09:32:34.600,3774.4000,8717,0,115443780.000,0,-,-,-,-,3775.0000,3774.6000,3774.4000,3773.8000,3773.6000,3776.2000,3776.4000,3776.8000,3777.2000,3778.8000,1,1,3,2,1,1,1,2,1,3
SF,IF2007,2020-05-28 09:32:35.100,3774.4000,8717,0,115443780.000,0,-,-,-,-,3775.0000,3774.6000,3774.4000,3773.8000,3773.6000,3776.2000,3776.8000,3777.2000,3778.8000,3779.4000,1,1,3,2,1,1,2,1,3,1
SF,IF2007,2020-05-28 09:32:36.100,3774.4000,8717,0,115443780.000,0,-,-,-,-,3775.0000,3774.6000,3774.4000,3773.8000,3773.6000,3776.2000,3776.8000,3777.2000,3778.8000,3779.4000,1,2,3,2,1,1,2,1,3,1
SF,IF2007,2020-05-28 09:32:36.600,3774.4000,8717,0,115443780.000,0,-,-,-,-,3775.0000,3774.6000,3774.4000,3773.8000,3773.6000,3776.0000,3776.2000,3776.8000,3777.2000,3778.8000,1,1,2,2,1,1,1,2,1,3
SF,IF2007,2020-05-28 09:32:37.100,3774.4000,8717,0,115443780.000,0,-,-,-,-,3775.0000,3774.4000,3773.8000,3773.6000,3773.4000,3775.8000,3776.0000,3777.2000,3778.8000,3779.4000,1,2,2,1,1,1,1,1,3,1
SF,IF2007,2020-05-28 09:32:37.600,3774.4000,8717,0,115443780.000,0,-,-,-,-,3775.0000,3774.4000,3773.8000,3773.6000,3773.4000,3775.8000,3776.0000,3777.2000,3778.8000,3779.4000,1,1,2,1,1,3,1,1,3,1
SF,IF2007,2020-05-28 09:32:38.100,3774.4000,8717,0,115443780.000,0,-,-,-,-,3775.0000,3774.4000,3773.8000,3773.6000,3773.4000,3775.8000,3777.2000,3778.8000,3779.4000,3779.8000,1,1,2,1,1,3,1,3,1,1
SF,IF2007,2020-05-28 09:32:38.600,3774.4000,8717,0,115443780.000,0,-,-,-,-,3775.0000,3773.8000,3773.6000,3773.4000,3773.2000,3775.8000,3777.2000,3778.8000,3779.4000,3779.8000,1,2,1,1,2,3,1,3,1,1
SF,IF2007,2020-05-28 09:32:39.600,3775.0000,8717,0,116576280.000,1,0,1,多换,S,3773.8000,3773.6000,3773.4000,3773.2000,3773.0000,3775.8000,3777.2000,3778.8000,3779.4000,3779.8000,2,1,1,2,1,3,1,3,1,1
SF,IF2007,2020-05-28 09:32:40.100,3775.0000,8717,0,116576280.000,0,-,-,-,-,3774.0000,3773.8000,3773.6000,3773.4000,3773.2000,3775.6000,3775.8000,3776.2000,3777.2000,3778.8000,3,3,1,1,2,1,3,1,1,3
SF,IF2007,2020-05-28 09:32:40.600,3775.0000,8717,0,116576280.000,0,-,-,-,-,3774.2000,3774.0000,3773.8000,3773.4000,3773.2000,3775.4000,3775.6000,3775.8000,3776.2000,3777.2000,1,3,1,1,2,1,1,2,1,1
SF,IF2007,2020-05-28 09:32:41.100,3775.0000,8717,0,116576280.000,0,-,-,-,-,3774.4000,3774.0000,3773.8000,3773.4000,3773.2000,3775.4000,3775.8000,3776.2000,3777.2000,3778.8000,1,3,1,1,2,1,2,1,1,3
SF,IF2007,2020-05-28 09:32:41.600,3775.0000,8717,0,116576280.000,0,-,-,-,-,3774.4000,3774.0000,3773.4000,3773.2000,3773.0000,3775.4000,3775.8000,3776.2000,3777.2000,3778.8000,1,1,1,2,1,1,2,1,1,3
SF,IF2007,2020-05-28 09:32:42.600,3775.0000,8717,0,116576280.000,0,-,-,-,-,3774.4000,3774.0000,3773.4000,3773.2000,3773.0000,3775.2000,3775.4000,3775.8000,3776.2000,3777.2000,1,1,1,2,1,1,1,2,1,1
SF,IF2007,2020-05-28 09:32:43.600,3775.0000,8717,0,116576280.000,0,-,-,-,-,3774.0000,3773.4000,3773.2000,3773.0000,3772.2000,3775.4000,3775.8000,3776.2000,3777.2000,3778.8000,1,1,2,1,2,1,2,1,1,3
SF,IF2007,2020-05-28 09:32:44.100,3775.0000,8717,0,116576280.000,0,-,-,-,-,3773.4000,3773.0000,3772.2000,3772.0000,3770.2000,3775.4000,3775.8000,3776.2000,3777.2000,3778.8000,1,1,2,1,1,1,2,1,1,3
SF,IF2007,2020-05-28 09:32:44.600,3775.0000,8717,0,116576280.000,0,-,-,-,-,3773.4000,3773.0000,3772.2000,3772.0000,3770.2000,3775.2000,3775.4000,3775.8000,3776.2000,3777.2000,1,1,2,1,1,1,1,2,1,1
SF,IF2007,2020-05-28 09:32:45.100,3775.0000,8717,0,116576280.000,0,-,-,-,-,3773.6000,3773.4000,3773.0000,3772.4000,3772.2000,3775.0000,3775.2000,3775.8000,3776.2000,3777.2000,1,2,1,2,2,1,1,2,1,1
SF,IF2007,2020-05-28 09:32:46.100,3775.0000,8717,0,116576280.000,0,-,-,-,-,3773.6000,3773.4000,3773.0000,3772.4000,3772.2000,3775.0000,3775.2000,3775.8000,3776.2000,3777.2000,1,1,1,2,2,1,1,2,1,1
SF,IF2007,2020-05-28 09:32:47.100,3775.0000,8717,0,116576280.000,0,-,-,-,-,3773.6000,3773.4000,3773.0000,3772.4000,3772.2000,3775.0000,3775.2000,3775.8000,3776.2000,3777.2000,2,1,1,2,2,1,1,2,1,1
SF,IF2007,2020-05-28 09:32:47.600,3775.0000,8717,0,116576280.000,0,-,-,-,-,3773.4000,3773.0000,3772.4000,3772.2000,3772.0000,3775.0000,3775.2000,3776.2000,3777.2000,3778.8000,1,1,2,2,1,1,1,1,1,3
SF,IF2007,2020-05-28 09:32:48.100,3775.0000,8717,0,116576280.000,0,-,-,-,-,3773.4000,3772.4000,3772.2000,3772.0000,3770.2000,3775.0000,3775.2000,3776.2000,3777.2000,3778.8000,1,2,2,1,1,3,1,1,1,3
SF,IF2007,2020-05-28 09:32:48.600,3773.6000,8716,-1,117708360.000,1,0,1,双平,S,3773.4000,3772.4000,3772.2000,3772.0000,3770.2000,3775.0000,3775.2000,3777.2000,3778.8000,3779.4000,1,2,2,1,1,4,1,1,3,2
SF,IF2007,2020-05-28 09:32:50.100,3773.6000,8716,0,117708360.000,0,-,-,-,-,3773.8000,3773.6000,3773.4000,3772.4000,3772.2000,3775.0000,3775.2000,3777.2000,3778.8000,3779.4000,1,3,2,2,2,4,1,1,3,2
SF,IF2007,2020-05-28 09:32:50.600,3773.6000,8716,0,117708360.000,0,-,-,-,-,3773.8000,3773.6000,3773.4000,3772.4000,3772.2000,3775.0000,3777.2000,3778.8000,3779.4000,3779.8000,1,3,1,2,2,4,1,3,2,1
SF,IF2007,2020-05-28 09:32:51.100,3773.6000,8716,0,117708360.000,0,-,-,-,-,3774.0000,3773.8000,3773.6000,3773.4000,3772.4000,3775.0000,3777.2000,3778.8000,3779.4000,3779.8000,1,1,3,1,2,4,1,3,2,1
SF,IF2007,2020-05-28 09:32:51.600,3773.6000,8716,0,117708360.000,0,-,-,-,-,3774.0000,3773.6000,3773.4000,3772.4000,3772.2000,3775.0000,3777.2000,3778.8000,3779.4000,3779.8000,1,3,1,2,2,4,1,3,2,1
SF,IF2007,2020-05-28 09:32:53.100,3773.6000,8716,0,117708360.000,0,-,-,-,-,3774.2000,3774.0000,3773.6000,3773.4000,3772.4000,3775.0000,3777.2000,3778.8000,3779.4000,3779.8000,2,1,3,1,2,4,1,3,2,1
SF,IF2007,2020-05-28 09:32:53.600,3773.6000,8716,0,117708360.000,0,-,-,-,-,3774.2000,3773.6000,3773.4000,3772.4000,3772.2000,3775.0000,3777.2000,3778.8000,3779.4000,3779.8000,2,3,1,2,2,4,1,3,2,1
SF,IF2007,2020-05-28 09:32:54.600,3774.0000,8716,0,118840560.000,1,0,1,多换,S,3774.2000,3773.6000,3773.4000,3772.4000,3772.2000,3775.0000,3777.2000,3778.8000,3779.4000,3779.8000,1,3,1,2,2,4,1,3,2,1
SF,IF2007,2020-05-28 09:32:55.100,3774.0000,8716,0,119972760.000,1,0,1,多换,S,3773.6000,3773.4000,3772.4000,3772.2000,3772.0000,3775.0000,3777.2000,3778.8000,3779.4000,3779.8000,3,1,2,2,1,4,1,3,2,1
SF,IF2007,2020-05-28 09:32:55.600,3774.0000,8716,0,119972760.000,0,-,-,-,-,3774.2000,3773.8000,3773.6000,3773.4000,3772.4000,3775.0000,3777.2000,3778.8000,3779.4000,3779.8000,1,1,4,1,2,4,1,3,2,1
SF,IF2007,2020-05-28 09:32:56.100,3774.0000,8716,0,119972760.000,0,-,-,-,-,3773.8000,3773.6000,3773.4000,3772.2000,3772.0000,3775.0000,3777.2000,3778.8000,3779.4000,3779.8000,2,4,1,2,1,4,1,3,2,1
SF,IF2007,2020-05-28 09:32:56.600,3774.0000,8716,0,119972760.000,0,-,-,-,-,3774.0000,3773.8000,3773.6000,3773.4000,3772.2000,3775.0000,3777.2000,3778.8000,3779.4000,3779.8000,1,2,4,1,2,4,1,3,2,1
SF,IF2007,2020-05-28 09:32:57.600,3774.0000,8716,0,119972760.000,0,-,-,-,-,3774.2000,3774.0000,3773.8000,3773.6000,3773.4000,3775.0000,3777.2000,3778.8000,3779.4000,3779.8000,1,1,1,4,1,4,1,3,2,1
SF,IF2007,2020-05-28 09:32:58.100,3774.0000,8716,0,119972760.000,0,-,-,-,-,3773.8000,3773.6000,3773.4000,3772.2000,3772.0000,3775.0000,3777.2000,3778.8000,3779.4000,3779.8000,1,4,1,2,1,2,1,3,2,1
SF,IF2007,2020-05-28 09:32:58.600,3774.0000,8716,0,119972760.000,0,-,-,-,-,3773.8000,3773.6000,3773.4000,3772.2000,3772.0000,3775.0000,3777.2000,3778.8000,3779.4000,3779.8000,1,4,1,2,1,4,1,3,2,1
SF,IF2007,2020-05-28 09:33:00.600,3774.0000,8716,0,119972760.000,0,-,-,-,-,3773.6000,3773.4000,3772.2000,3772.0000,3770.2000,3775.0000,3777.2000,3778.8000,3779.4000,3779.8000,3,1,2,1,1,4,1,3,2,1
SF,IF2007,2020-05-28 09:33:01.600,3774.0000,8716,0,119972760.000,0,-,-,-,-,3774.0000,3773.6000,3773.4000,3772.2000,3772.0000,3775.0000,3777.2000,3778.8000,3779.4000,3779.8000,3,3,1,4,1,4,1,3,2,1
SF,IF2007,2020-05-28 09:33:02.100,3774.0000,8716,0,119972760.000,0,-,-,-,-,3774.0000,3773.6000,3773.4000,3772.2000,3772.0000,3775.0000,3777.2000,3778.8000,3779.4000,3779.8000,3,4,1,4,1,4,1,3,2,1
SF,IF2007,2020-05-28 09:33:02.600,3774.0000,8716,0,119972760.000,0,-,-,-,-,3774.0000,3773.6000,3773.4000,3772.2000,3772.0000,3775.0000,3777.2000,3778.8000,3779.4000,3779.8000,3,4,1,4,1,4,1,3,2,1
SF,IF2007,2020-05-28 09:33:04.100,3775.0000,8715,-1,123370260.000,3,1,2,多平,S,3774.0000,3773.6000,3773.4000,3772.2000,3772.0000,3775.0000,3777.2000,3778.8000,3779.4000,3779.8000,3,4,1,4,1,1,1,3,2,1
SF,IF2007,2020-05-28 09:33:04.600,3775.0000,8715,0,124502760.000,1,0,1,多换,S,3774.0000,3773.6000,3773.4000,3772.2000,3772.0000,3777.2000,3778.8000,3779.4000,3779.8000,3781.8000,3,4,1,4,1,1,3,2,1,1
SF,IF2007,2020-05-28 09:33:05.100,3775.0000,8715,0,124502760.000,0,-,-,-,-,3774.2000,3774.0000,3773.6000,3773.4000,3772.2000,3777.0000,3777.2000,3777.4000,3778.8000,3779.4000,1,3,2,1,4,3,1,1,3,2
SF,IF2007,2020-05-28 09:33:05.600,3775.0000,8715,0,124502760.000,0,-,-,-,-,3774.2000,3774.0000,3773.6000,3773.4000,3772.2000,3776.4000,3776.8000,3777.0000,3777.2000,3777.4000,1,3,2,1,4,1,3,4,1,1
SF,IF2007,2020-05-28 09:33:06.100,3775.0000,8715,0,124502760.000,0,-,-,-,-,3774.2000,3774.0000,3773.6000,3773.4000,3772.2000,3775.2000,3776.2000,3776.4000,3776.8000,3777.0000,1,3,2,1,4,1,2,2,2,3
SF,IF2007,2020-05-28 09:33:06.600,3775.0000,8715,0,124502760.000,0,-,-,-,-,3774.2000,3774.0000,3773.6000,3773.4000,3772.2000,3775.2000,3776.2000,3776.4000,3776.8000,3777.0000,1,3,2,1,4,1,2,1,2,3
SF,IF2007,2020-05-28 09:33:07.100,3775.0000,8715,0,124502760.000,0,-,-,-,-,3774.2000,3774.0000,3773.6000,3773.4000,3772.2000,3775.2000,3776.2000,3776.4000,3776.8000,3777.0000,1,3,2,1,4,1,2,1,2,3
SF,IF2007,2020-05-28 09:33:07.600,3775.0000,8715,0,124502760.000,0,-,-,-,-,3774.0000,3773.6000,3773.4000,3772.2000,3772.0000,3775.2000,3776.2000,3776.4000,3776.8000,3777.0000,3,2,1,4,1,1,2,1,2,3
SF,IF2007,2020-05-28 09:33:09.600,3775.0000,8715,0,124502760.000,0,-,-,-,-,3774.2000,3774.0000,3773.6000,3773.4000,3772.2000,3775.2000,3776.2000,3776.4000,3776.8000,3777.0000,1,3,2,1,4,2,2,1,2,3
SF,IF2007,2020-05-28 09:33:10.100,3775.0000,8715,0,124502760.000,0,-,-,-,-,3774.0000,3773.6000,3773.4000,3772.2000,3772.0000,3775.0000,3775.2000,3776.2000,3776.4000,3776.8000,3,1,1,4,1,2,2,1,1,2
SF,IF2007,2020-05-28 09:33:12.600,3775.0000,8715,0,124502760.000,0,-,-,-,-,3774.0000,3773.6000,3773.4000,3772.2000,3772.0000,3775.0000,3775.2000,3776.2000,3776.8000,3777.0000,3,1,1,4,1,2,2,1,2,3
SF,IF2007,2020-05-28 09:33:13.100,3775.0000,8715,0,124502760.000,0,-,-,-,-,3774.0000,3773.6000,3773.4000,3772.2000,3772.0000,3775.0000,3775.2000,3776.2000,3776.8000,3777.0000,3,1,1,2,1,2,2,1,2,3
SF,IF2007,2020-05-28 09:33:14.600,3775.0000,8715,0,124502760.000,0,-,-,-,-,3774.0000,3773.6000,3773.4000,3772.2000,3772.0000,3775.0000,3775.2000,3776.2000,3776.8000,3777.0000,3,1,1,2,1,4,2,1,2,3
SF,IF2007,2020-05-28 09:33:16.100,3775.0000,8715,0,124502760.000,0,-,-,-,-,3774.0000,3773.4000,3772.2000,3772.0000,3770.2000,3775.0000,3775.2000,3776.2000,3776.8000,3777.0000,3,1,2,1,1,4,2,1,2,3
SF,IF2007,2020-05-28 09:33:16.600,3775.0000,8715,0,124502760.000,0,-,-,-,-,3774.0000,3773.4000,3772.2000,3772.0000,3770.2000,3775.0000,3775.2000,3776.2000,3776.8000,3777.0000,3,1,2,1,1,4,2,1,4,3
SF,IF2007,2020-05-28 09:33:17.100,3774.0000,8716,1,125634960.000,1,1,0,双开,S,3774.0000,3773.4000,3772.2000,3772.0000,3770.2000,3775.0000,3775.2000,3776.2000,3776.8000,3777.0000,2,1,2,1,1,4,2,1,4,3
SF,IF2007,2020-05-28 09:33:18.100,3774.0000,8716,0,127899360.000,2,1,1,多换,S,3773.4000,3770.2000,3770.0000,3769.0000,3765.0000,3775.0000,3775.2000,3776.2000,3776.8000,3777.0000,1,1,1,4,5,4,2,1,4,3
SF,IF2007,2020-05-28 09:33:18.600,3774.0000,8716,0,127899360.000,0,-,-,-,-,3773.4000,3770.2000,3770.0000,3769.0000,3765.0000,3774.6000,3775.0000,3775.2000,3776.2000,3776.8000,1,1,1,4,5,2,3,2,1,2
SF,IF2007,2020-05-28 09:33:19.100,3774.0000,8716,0,127899360.000,0,-,-,-,-,3773.4000,3770.2000,3770.0000,3769.0000,3765.0000,3774.4000,3774.6000,3775.0000,3775.2000,3776.2000,1,1,1,4,5,1,1,2,2,1
SF,IF2007,2020-05-28 09:33:19.600,3773.4000,8716,0,129031380.000,1,0,1,多换,S,3770.2000,3770.0000,3769.0000,3765.0000,3762.8000,3774.4000,3774.6000,3775.0000,3775.2000,3776.2000,1,1,4,5,17,1,1,2,2,1
SF,IF2007,2020-05-28 09:33:20.100,3773.4000,8716,0,129031380.000,0,-,-,-,-,3773.0000,3772.4000,3771.8000,3771.6000,3770.8000,3774.2000,3774.4000,3775.0000,3775.2000,3776.8000,1,1,1,1,1,1,1,2,2,2
SF,IF2007,2020-05-28 09:33:20.600,3773.4000,8716,0,129031380.000,0,-,-,-,-,3772.4000,3771.8000,3771.6000,3770.8000,3770.4000,3774.4000,3775.0000,3775.2000,3776.8000,3777.0000,1,1,1,1,7,1,2,2,2,3
SF,IF2007,2020-05-28 09:33:21.100,3773.4000,8716,0,129031380.000,0,-,-,-,-,3773.2000,3772.8000,3772.6000,3771.8000,3771.6000,3774.2000,3774.4000,3775.0000,3775.2000,3776.8000,1,1,1,1,1,1,1,2,2,2
SF,IF2007,2020-05-28 09:33:21.600,3774.4000,8715,-1,130163700.000,1,0,1,双平,S,3774.2000,3773.6000,3773.4000,3773.2000,3773.0000,3775.0000,3775.2000,3776.8000,3777.0000,3777.2000,1,1,1,1,1,2,2,2,3,1
SF,IF2007,2020-05-28 09:33:22.100,3774.4000,8715,0,130163700.000,0,-,-,-,-,3773.4000,3772.8000,3772.6000,3771.8000,3771.6000,3775.0000,3775.2000,3776.8000,3777.0000,3777.2000,1,1,1,1,1,2,2,2,3,1
SF,IF2007,2020-05-28 09:33:22.600,3774.4000,8715,0,130163700.000,0,-,-,-,-,3773.8000,3773.6000,3773.4000,3772.8000,3771.8000,3775.0000,3775.2000,3776.8000,3777.0000,3777.2000,1,1,1,1,1,2,2,2,3,1
SF,IF2007,2020-05-28 09:33:23.100,3773.8000,8715,0,131295840.000,1,0,1,多换,S,3773.6000,3773.4000,3772.8000,3771.8000,3771.6000,3775.0000,3775.2000,3776.8000,3777.0000,3777.2000,1,1,1,1,1,2,2,2,3,1
SF,IF2007,2020-05-28 09:33:23.600,3773.8000,8715,0,131295840.000,0,-,-,-,-,3773.6000,3773.4000,3772.8000,3771.8000,3771.6000,3774.8000,3775.0000,3775.2000,3776.8000,3777.0000,1,1,1,1,1,1,2,2,2,3
SF,IF2007,2020-05-28 09:33:24.600,3773.8000,8715,0,131295840.000,0,-,-,-,-,3773.6000,3773.4000,3772.8000,3771.8000,3771.6000,3774.8000,3775.2000,3776.8000,3777.0000,3777.2000,1,1,1,1,1,1,2,2,3,1
SF,IF2007,2020-05-28 09:33:25.100,3773.8000,8715,0,131295840.000,0,-,-,-,-,3773.6000,3773.4000,3772.8000,3771.8000,3771.6000,3774.8000,3775.2000,3776.8000,3777.0000,3777.2000,1,1,1,1,1,3,2,2,3,1
SF,IF2007,2020-05-28 09:33:26.100,3773.8000,8715,0,131295840.000,0,-,-,-,-,3773.8000,3773.6000,3773.4000,3772.8000,3771.8000,3774.8000,3775.2000,3776.8000,3777.0000,3777.2000,1,1,1,1,1,3,2,2,3,1
SF,IF2007,2020-05-28 09:33:26.600,3773.8000,8715,0,131295840.000,0,-,-,-,-,3773.8000,3773.6000,3773.4000,3772.8000,3771.8000,3774.8000,3775.2000,3776.8000,3777.0000,3777.2000,1,1,1,1,1,2,2,2,3,1
SF,IF2007,2020-05-28 09:33:27.100,3774.8000,8715,0,132428280.000,1,0,1,多换,S,3773.8000,3773.6000,3773.4000,3772.8000,3771.8000,3774.8000,3775.2000,3776.8000,3777.0000,3777.2000,1,1,1,1,1,1,2,2,3,1
SF,IF2007,2020-05-28 09:33:27.600,3774.8000,8715,0,133560720.000,1,0,1,多换,S,3773.8000,3773.6000,3773.4000,3772.8000,3771.8000,3775.2000,3776.8000,3777.0000,3777.2000,3777.4000,1,1,1,1,1,1,2,3,1,1
SF,IF2007,2020-05-28 09:33:28.100,3774.8000,8715,0,133560720.000,0,-,-,-,-,3774.0000,3773.4000,3772.8000,3771.8000,3771.6000,3775.2000,3776.8000,3777.0000,3777.2000,3777.4000,1,1,1,1,1,1,2,3,1,1
SF,IF2007,2020-05-28 09:33:28.600,3775.2000,8714,-1,134693280.000,1,0,1,双平,S,3775.4000,3775.2000,3774.6000,3774.0000,3772.8000,3776.8000,3777.0000,3777.2000,3777.4000,3778.0000,1,3,1,2,1,2,3,1,1,1
SF,IF2007,2020-05-28 09:33:29.100,3775.2000,8714,0,134693280.000,0,-,-,-,-,3775.4000,3775.2000,3774.0000,3772.8000,3771.8000,3776.4000,3776.6000,3776.8000,3777.2000,3778.0000,1,2,1,1,1,1,2,2,1,1
SF,IF2007,2020-05-28 09:33:29.600,3776.4000,8713,-1,135826200.000,1,0,1,双平,S,3774.0000,3772.8000,3771.8000,3771.6000,3770.4000,3776.6000,3777.2000,3778.0000,3778.8000,3779.4000,1,1,1,1,4,1,1,1,3,2
SF,IF2007,2020-05-28 09:33:30.100,3776.4000,8713,0,135826200.000,0,-,-,-,-,3775.2000,3774.8000,3774.4000,3774.0000,3771.6000,3776.4000,3776.6000,3777.2000,3778.0000,3778.2000,1,1,2,1,1,1,1,1,1,2
SF,IF2007,2020-05-28 09:33:30.600,3776.4000,8713,0,135826200.000,0,-,-,-,-,3774.8000,3774.2000,3774.0000,3771.6000,3770.4000,3776.6000,3777.2000,3778.0000,3778.2000,3778.8000,1,1,1,1,4,1,1,1,2,3
SF,IF2007,2020-05-28 09:33:31.100,3776.4000,8713,0,135826200.000,0,-,-,-,-,3775.0000,3774.2000,3771.6000,3770.4000,3770.0000,3776.6000,3777.2000,3778.0000,3778.2000,3778.8000,1,1,1,4,1,1,1,1,2,3
SF,IF2007,2020-05-28 09:33:32.600,3776.6000,8712,-1,136959180.000,1,0,1,双平,S,3775.0000,3774.2000,3771.6000,3770.4000,3770.0000,3777.2000,3778.0000,3778.2000,3778.8000,3779.4000,1,1,1,4,1,1,1,2,3,2
SF,IF2007,2020-05-28 09:33:33.100,3776.6000,8712,0,136959180.000,0,-,-,-,-,3775.0000,3771.6000,3770.4000,3770.0000,3769.0000,3777.0000,3777.2000,3778.0000,3778.2000,3778.8000,1,1,4,1,4,3,1,1,2,3
SF,IF2007,2020-05-28 09:33:33.600,3776.6000,8712,0,136959180.000,0,-,-,-,-,3775.0000,3771.6000,3770.4000,3770.0000,3769.0000,3777.0000,3777.2000,3778.0000,3778.2000,3778.8000,1,1,4,1,4,3,1,1,2,3
SF,IF2007,2020-05-28 09:33:34.100,3776.6000,8712,0,136959180.000,0,-,-,-,-,3775.0000,3771.6000,3770.4000,3770.0000,3769.0000,3776.8000,3777.0000,3777.2000,3778.0000,3778.8000,1,1,4,1,4,1,3,1,1,3
SF,IF2007,2020-05-28 09:33:34.600,3776.6000,8712,0,136959180.000,0,-,-,-,-,3775.8000,3775.4000,3775.2000,3775.0000,3771.6000,3776.4000,3777.0000,3777.2000,3778.0000,3778.8000,1,1,2,1,1,1,2,1,1,3
SF,IF2007,2020-05-28 09:33:35.100,3776.6000,8712,0,136959180.000,0,-,-,-,-,3775.4000,3775.0000,3771.6000,3770.4000,3770.0000,3776.4000,3777.2000,3778.0000,3778.8000,3779.4000,1,1,1,4,1,1,1,1,3,2
SF,IF2007,2020-05-28 09:33:37.100,3776.6000,8712,0,136959180.000,0,-,-,-,-,3775.0000,3771.6000,3770.4000,3770.0000,3769.0000,3776.4000,3777.2000,3778.0000,3778.8000,3779.4000,1,1,4,1,4,1,1,1,3,2
SF,IF2007,2020-05-28 09:33:42.100,3776.6000,8712,0,136959180.000,0,-,-,-,-,3775.2000,3775.0000,3771.6000,3770.4000,3770.0000,3776.4000,3777.2000,3778.0000,3778.8000,3779.4000,1,1,1,4,1,1,1,1,3,2
SF,IF2007,2020-05-28 09:33:42.600,3776.6000,8712,0,136959180.000,0,-,-,-,-,3775.4000,3775.2000,3771.6000,3770.4000,3770.0000,3776.4000,3777.2000,3778.0000,3778.8000,3779.4000,1,1,1,4,1,2,1,1,3,2
SF,IF2007,2020-05-28 09:33:45.100,3776.6000,8712,0,136959180.000,0,-,-,-,-,3775.4000,3771.6000,3770.4000,3770.0000,3769.0000,3776.4000,3777.2000,3778.0000,3778.8000,3779.4000,1,1,4,1,4,2,1,1,3,2
SF,IF2007,2020-05-28 09:33:47.100,3776.6000,8712,0,136959180.000,0,-,-,-,-,3775.4000,3771.6000,3770.4000,3770.0000,3769.0000,3776.4000,3777.2000,3778.0000,3778.8000,3779.4000,1,1,4,1,4,3,1,1,3,2
SF,IF2007,2020-05-28 09:33:47.600,3776.6000,8712,0,136959180.000,0,-,-,-,-,3775.4000,3771.6000,3770.4000,3770.0000,3769.0000,3776.4000,3777.2000,3778.0000,3778.8000,3779.4000,1,1,4,1,4,3,1,1,3,2
SF,IF2007,2020-05-28 09:33:48.100,3776.6000,8712,0,136959180.000,0,-,-,-,-,3775.4000,3771.6000,3770.4000,3770.0000,3769.0000,3776.4000,3777.2000,3778.0000,3778.8000,3779.4000,1,1,4,1,4,3,1,1,3,2
SF,IF2007,2020-05-28 09:33:51.600,3776.6000,8712,0,136959180.000,0,-,-,-,-,3775.6000,3775.4000,3771.6000,3770.4000,3770.0000,3776.4000,3777.2000,3778.0000,3778.8000,3779.4000,1,1,1,4,1,3,1,1,3,2
SF,IF2007,2020-05-28 09:33:52.100,3776.6000,8712,0,136959180.000,0,-,-,-,-,3775.6000,3775.4000,3771.6000,3770.4000,3770.0000,3776.4000,3777.2000,3778.0000,3778.8000,3779.4000,1,1,1,4,1,3,1,1,3,2
SF,IF2007,2020-05-28 09:33:52.600,3775.6000,8712,0,138091860.000,1,0,1,多换,S,3775.4000,3771.6000,3770.4000,3770.0000,3769.0000,3776.4000,3777.2000,3778.0000,3778.8000,3779.4000,1,1,4,1,4,3,1,1,3,2
SF,IF2007,2020-05-28 09:33:54.100,3775.6000,8712,0,138091860.000,0,-,-,-,-,3775.4000,3771.6000,3770.4000,3770.0000,3769.0000,3776.4000,3777.2000,3778.0000,3778.8000,3779.4000,1,1,4,1,4,5,1,1,3,2
SF,IF2007,2020-05-28 09:33:54.600,3776.4000,8714,2,143756460.000,5,3,2,空开,S,3776.0000,3775.6000,3775.4000,3775.2000,3771.6000,3777.2000,3778.0000,3778.8000,3779.4000,3781.8000,1,1,1,1,1,1,1,3,2,1
SF,IF2007,2020-05-28 09:33:55.100,3776.4000,8714,0,143756460.000,0,-,-,-,-,3775.6000,3775.4000,3771.6000,3770.4000,3770.0000,3777.0000,3777.2000,3778.0000,3778.8000,3779.4000,1,1,1,4,1,1,1,1,3,2
SF,IF2007,2020-05-28 09:33:55.600,3776.4000,8714,0,143756460.000,0,-,-,-,-,3775.6000,3775.4000,3771.6000,3770.4000,3770.0000,3777.0000,3777.2000,3778.0000,3778.8000,3779.4000,1,1,1,4,1,1,1,1,3,2
SF,IF2007,2020-05-28 09:34:01.100,3777.0000,8713,-1,144889560.000,1,0,1,双平,S,3775.6000,3775.4000,3771.6000,3770.4000,3770.0000,3778.0000,3778.8000,3779.4000,3781.8000,3783.0000,1,1,1,4,1,1,3,2,1,1
SF,IF2007,2020-05-28 09:34:01.600,3777.0000,8713,0,144889560.000,0,-,-,-,-,3777.0000,3776.8000,3776.2000,3775.8000,3775.6000,3777.8000,3778.0000,3778.8000,3779.4000,3781.8000,1,1,1,7,1,1,1,3,2,1
SF,IF2007,2020-05-28 09:34:02.100,3777.0000,8713,0,144889560.000,0,-,-,-,-,3777.2000,3776.2000,3775.8000,3771.6000,3770.4000,3777.6000,3778.0000,3778.8000,3779.4000,3781.8000,1,1,6,1,4,1,1,3,2,1
SF,IF2007,2020-05-28 09:34:02.600,3777.6000,8713,0,146022840.000,1,0,1,多换,S,3777.4000,3777.2000,3776.2000,3775.8000,3771.6000,3778.0000,3778.8000,3779.4000,3783.0000,3783.6000,1,1,1,4,1,1,3,2,1,1
SF,IF2007,2020-05-28 09:34:05.100,3778.0000,8713,0,147156240.000,1,0,1,多换,S,3778.0000,3777.4000,3777.2000,3776.2000,3775.8000,3778.8000,3779.4000,3783.0000,3783.6000,3784.8000,1,1,1,1,4,3,2,1,1,2
SF,IF2007,2020-05-28 09:34:05.600,3778.0000,8713,0,147156240.000,0,-,-,-,-,3778.0000,3777.4000,3777.2000,3776.2000,3775.8000,3778.6000,3778.8000,3779.4000,3783.0000,3783.6000,1,1,1,1,4,1,3,2,1,1
SF,IF2007,2020-05-28 09:34:06.100,3778.0000,8713,0,147156240.000,0,-,-,-,-,3778.0000,3777.4000,3777.2000,3776.2000,3775.8000,3778.4000,3778.6000,3778.8000,3779.4000,3783.0000,1,1,1,1,4,1,1,3,2,1
SF,IF2007,2020-05-28 09:34:06.600,3778.0000,8713,0,147156240.000,0,-,-,-,-,3778.0000,3777.4000,3777.2000,3776.2000,3775.8000,3778.4000,3778.6000,3778.8000,3779.4000,3783.0000,1,1,1,1,4,1,1,3,2,1
SF,IF2007,2020-05-28 09:34:07.100,3778.0000,8713,0,147156240.000,0,-,-,-,-,3778.0000,3777.4000,3777.2000,3776.2000,3775.8000,3778.6000,3778.8000,3779.4000,3783.0000,3783.6000,1,1,1,1,4,1,3,2,1,1
SF,IF2007,2020-05-28 09:34:07.600,3778.2000,8714,1,149423280.000,2,1,1,空开,S,3778.2000,3778.0000,3777.4000,3776.2000,3775.8000,3778.8000,3779.4000,3783.0000,3783.6000,3784.8000,1,1,1,1,4,3,2,1,1,2
SF,IF2007,2020-05-28 09:34:08.100,3778.2000,8714,0,149423280.000,0,-,-,-,-,3778.2000,3778.0000,3776.2000,3775.8000,3771.6000,3778.8000,3779.4000,3783.0000,3783.6000,3784.8000,1,1,1,4,1,3,2,1,1,2
SF,IF2007,2020-05-28 09:34:09.600,3778.2000,8714,0,149423280.000,0,-,-,-,-,3778.2000,3778.0000,3776.2000,3775.8000,3775.0000,3778.8000,3779.4000,3783.0000,3783.6000,3784.8000,1,1,1,4,5,3,2,1,1,2
SF,IF2007,2020-05-28 09:34:10.600,3778.2000,8714,0,150556740.000,1,0,1,多换,S,3778.0000,3776.2000,3775.8000,3775.0000,3771.6000,3778.8000,3779.4000,3783.0000,3783.6000,3784.8000,1,1,4,5,1,3,2,1,1,2
SF,IF2007,2020-05-28 09:34:12.100,3778.8000,8715,1,153957660.000,3,2,1,空开,S,3778.2000,3778.0000,3776.2000,3775.8000,3775.0000,3779.4000,3783.0000,3783.6000,3784.8000,3785.0000,1,1,1,4,5,2,1,1,2,1
SF,IF2007,2020-05-28 09:34:12.600,3778.8000,8715,0,153957660.000,0,-,-,-,-,3778.4000,3778.2000,3778.0000,3776.2000,3775.8000,3779.4000,3783.0000,3783.6000,3784.8000,3785.0000,1,1,1,1,4,2,1,1,2,1
SF,IF2007,2020-05-28 09:34:13.100,3778.8000,8715,0,153957660.000,0,-,-,-,-,3778.4000,3778.2000,3778.0000,3776.2000,3775.8000,3779.2000,3779.4000,3783.0000,3783.6000,3784.8000,2,1,1,1,4,1,2,1,1,2
SF,IF2007,2020-05-28 09:34:13.600,3778.8000,8715,0,153957660.000,0,-,-,-,-,3778.4000,3778.2000,3778.0000,3776.2000,3775.8000,3779.2000,3779.4000,3783.0000,3783.6000,3784.8000,2,1,1,1,4,1,2,1,1,2
SF,IF2007,2020-05-28 09:34:14.100,3778.8000,8715,0,153957660.000,0,-,-,-,-,3778.4000,3778.2000,3778.0000,3776.2000,3775.8000,3779.2000,3779.4000,3783.0000,3783.6000,3784.8000,2,1,1,1,4,1,2,1,1,2
SF,IF2007,2020-05-28 09:34:14.600,3778.8000,8715,0,153957660.000,0,-,-,-,-,3778.4000,3778.2000,3778.0000,3776.2000,3775.8000,3779.2000,3779.4000,3783.0000,3783.6000,3784.8000,1,1,1,1,4,1,2,1,1,2
SF,IF2007,2020-05-28 09:34:15.100,3778.4000,8714,-1,155091180.000,1,0,1,双平,S,3778.2000,3778.0000,3776.2000,3775.8000,3775.0000,3779.2000,3779.4000,3783.0000,3783.6000,3784.8000,1,1,1,4,5,1,2,1,1,2
SF,IF2007,2020-05-28 09:34:15.600,3779.2000,8714,0,156224940.000,1,0,1,多换,S,3778.2000,3778.0000,3776.2000,3775.8000,3775.0000,3779.4000,3783.0000,3783.6000,3784.8000,3785.0000,1,1,1,4,5,2,1,1,2,1
SF,IF2007,2020-05-28 09:34:16.100,3779.2000,8714,0,156224940.000,0,-,-,-,-,3778.0000,3776.2000,3775.8000,3775.0000,3771.6000,3779.0000,3779.2000,3779.4000,3783.0000,3783.6000,1,1,4,5,1,1,1,2,1,1
SF,IF2007,2020-05-28 09:34:16.600,3778.0000,8714,0,157358340.000,1,0,1,多换,S,3776.2000,3775.8000,3771.6000,3770.4000,3770.0000,3779.0000,3779.2000,3779.4000,3783.0000,3783.6000,1,4,1,4,6,1,1,2,1,1
SF,IF2007,2020-05-28 09:34:17.100,3778.0000,8714,0,157358340.000,0,-,-,-,-,3777.6000,3776.8000,3776.4000,3775.8000,3770.4000,3778.8000,3779.4000,3783.0000,3783.6000,3784.8000,1,1,3,4,4,1,2,1,1,2
SF,IF2007,2020-05-28 09:34:17.600,3778.0000,8714,0,157358340.000,0,-,-,-,-,3776.4000,3775.8000,3770.4000,3770.0000,3769.0000,3778.6000,3779.4000,3783.0000,3783.6000,3784.8000,1,4,4,6,4,1,2,1,1,2
SF,IF2007,2020-05-28 09:34:18.100,3778.0000,8714,0,157358340.000,0,-,-,-,-,3776.6000,3776.4000,3775.8000,3770.4000,3770.0000,3778.4000,3778.6000,3779.4000,3782.2000,3783.0000,1,1,4,4,6,2,1,2,2,1
SF,IF2007,2020-05-28 09:34:18.600,3778.0000,8714,0,157358340.000,0,-,-,-,-,3777.4000,3776.8000,3776.6000,3775.8000,3770.4000,3778.4000,3778.6000,3779.4000,3782.2000,3783.0000,1,1,1,4,4,1,1,2,2,1
SF,IF2007,2020-05-28 09:34:19.100,3778.0000,8714,0,157358340.000,0,-,-,-,-,3776.8000,3775.8000,3770.4000,3770.0000,3769.0000,3779.4000,3782.2000,3783.0000,3783.6000,3784.8000,1,4,4,6,4,2,2,1,1,2
SF,IF2007,2020-05-28 09:34:19.600,3778.0000,8714,0,157358340.000,0,-,-,-,-,3776.8000,3775.8000,3770.4000,3770.0000,3769.0000,3779.2000,3779.4000,3779.6000,3782.2000,3783.0000,1,4,4,6,4,4,2,1,2,1
SF,IF2007,2020-05-28 09:34:20.100,3778.0000,8714,0,157358340.000,0,-,-,-,-,3777.2000,3776.8000,3775.8000,3770.4000,3770.0000,3778.6000,3779.2000,3779.4000,3782.2000,3783.0000,1,1,4,4,6,1,3,2,2,1
SF,IF2007,2020-05-28 09:34:20.600,3778.0000,8714,0,157358340.000,0,-,-,-,-,3776.8000,3775.8000,3770.4000,3770.0000,3769.0000,3778.6000,3779.0000,3779.2000,3779.4000,3782.2000,1,4,4,6,4,2,1,3,2,2
SF,IF2007,2020-05-28 09:34:21.100,3778.0000,8714,0,157358340.000,0,-,-,-,-,3776.8000,3775.8000,3770.4000,3770.0000,3769.0000,3778.4000,3778.6000,3779.0000,3779.2000,3779.4000,1,4,4,6,4,1,2,1,2,2
SF,IF2007,2020-05-28 09:34:21.600,3778.0000,8714,0,157358340.000,0,-,-,-,-,3776.8000,3775.8000,3770.4000,3770.0000,3769.0000,3778.4000,3778.6000,3779.2000,3779.4000,3782.2000,1,4,4,6,4,1,2,2,2,2
SF,IF2007,2020-05-28 09:34:22.600,3778.0000,8714,0,157358340.000,0,-,-,-,-,3776.8000,3775.8000,3770.4000,3770.0000,3769.0000,3778.4000,3778.6000,3779.2000,3779.4000,3782.2000,1,4,4,6,4,1,2,1,2,2
SF,IF2007,2020-05-28 09:34:23.100,3778.0000,8714,0,157358340.000,0,-,-,-,-,3777.6000,3777.2000,3776.8000,3775.8000,3770.4000,3778.4000,3779.2000,3779.4000,3782.2000,3783.0000,1,1,1,4,4,1,1,2,2,1
SF,IF2007,2020-05-28 09:34:23.600,3778.0000,8714,0,157358340.000,0,-,-,-,-,3776.8000,3775.8000,3770.4000,3770.0000,3769.0000,3778.4000,3779.2000,3779.4000,3782.2000,3783.0000,1,4,4,6,4,1,1,2,2,1
SF,IF2007,2020-05-28 09:34:24.100,3778.0000,8714,0,157358340.000,0,-,-,-,-,3777.0000,3776.8000,3775.8000,3770.4000,3770.0000,3778.4000,3779.2000,3779.4000,3782.2000,3783.0000,1,1,4,4,6,1,1,2,2,1
SF,IF2007,2020-05-28 09:34:24.600,3778.0000,8714,0,157358340.000,0,-,-,-,-,3777.2000,3777.0000,3775.8000,3770.4000,3770.0000,3778.4000,3779.2000,3779.4000,3782.2000,3783.0000,3,1,4,4,6,1,1,2,2,1
SF,IF2007,2020-05-28 09:34:25.100,3778.0000,8714,0,157358340.000,0,-,-,-,-,3777.2000,3775.8000,3770.4000,3770.0000,3769.0000,3778.4000,3779.2000,3779.4000,3782.2000,3783.0000,3,4,4,6,4,1,1,2,2,1
SF,IF2007,2020-05-28 09:34:25.600,3778.0000,8714,0,157358340.000,0,-,-,-,-,3777.2000,3775.8000,3770.4000,3770.0000,3769.0000,3778.4000,3779.2000,3779.4000,3780.0000,3782.2000,3,4,4,6,4,1,1,2,1,2
SF,IF2007,2020-05-28 09:34:27.600,3778.4000,8713,-1,158491860.000,1,0,1,双平,S,3777.4000,3777.2000,3775.8000,3770.4000,3770.0000,3779.2000,3779.4000,3780.0000,3782.2000,3783.0000,1,2,4,4,6,1,2,1,2,1
SF,IF2007,2020-05-28 09:34:28.100,3778.4000,8713,0,158491860.000,0,-,-,-,-,3777.6000,3777.4000,3777.2000,3775.8000,3770.4000,3779.2000,3779.4000,3780.0000,3782.2000,3783.0000,1,1,1,4,4,1,2,1,2,1
SF,IF2007,2020-05-28 09:34:28.600,3778.4000,8713,0,158491860.000,0,-,-,-,-,3777.6000,3777.2000,3775.8000,3770.4000,3770.0000,3779.0000,3779.2000,3779.4000,3780.0000,3782.2000,1,1,4,4,6,1,1,2,1,2
SF,IF2007,2020-05-28 09:34:29.100,3777.6000,8713,0,159625140.000,1,0,1,多换,S,3777.2000,3775.8000,3770.4000,3770.0000,3769.0000,3778.8000,3779.0000,3779.2000,3779.4000,3780.0000,1,4,4,6,4,1,1,1,2,1
SF,IF2007,2020-05-28 09:34:29.600,3777.6000,8713,0,159625140.000,0,-,-,-,-,3777.4000,3777.2000,3775.8000,3770.4000,3770.0000,3779.0000,3779.2000,3779.4000,3780.0000,3782.2000,1,1,4,4,6,1,1,2,1,2
SF,IF2007,2020-05-28 09:34:30.100,3777.6000,8713,0,159625140.000,0,-,-,-,-,3777.2000,3775.8000,3770.4000,3770.0000,3769.0000,3778.6000,3779.0000,3779.2000,3779.4000,3780.0000,1,4,4,6,4,2,1,1,2,1
SF,IF2007,2020-05-28 09:34:31.100,3778.6000,8712,-1,160758720.000,1,0,1,双平,S,3777.2000,3775.8000,3770.4000,3770.0000,3769.0000,3778.6000,3779.0000,3779.2000,3779.4000,3780.0000,1,4,4,6,4,1,1,1,2,1
SF,IF2007,2020-05-28 09:34:31.600,3778.6000,8712,0,160758720.000,0,-,-,-,-,3777.4000,3777.2000,3775.8000,3770.4000,3770.0000,3778.6000,3779.0000,3779.2000,3779.4000,3780.0000,1,1,4,4,6,1,1,1,2,1
SF,IF2007,2020-05-28 09:34:32.100,3778.6000,8712,0,160758720.000,0,-,-,-,-,3777.4000,3777.2000,3775.8000,3770.4000,3770.0000,3778.6000,3779.0000,3779.2000,3779.4000,3780.0000,1,1,4,4,6,2,1,1,1,1
SF,IF2007,2020-05-28 09:34:33.100,3778.6000,8712,0,160758720.000,0,-,-,-,-,3777.6000,3777.4000,3777.2000,3775.8000,3770.4000,3778.6000,3779.0000,3779.2000,3779.4000,3780.0000,1,1,1,4,4,1,1,1,1,1
SF,IF2007,2020-05-28 09:34:33.600,3778.6000,8712,0,160758720.000,0,-,-,-,-,3777.6000,3777.4000,3777.2000,3775.8000,3770.4000,3778.6000,3779.0000,3779.2000,3779.4000,3780.0000,1,1,1,4,4,1,1,1,1,1
SF,IF2007,2020-05-28 09:34:34.100,3778.6000,8712,0,160758720.000,0,-,-,-,-,3777.4000,3777.2000,3775.8000,3770.4000,3770.0000,3778.6000,3779.0000,3779.2000,3779.4000,3780.0000,1,1,4,4,6,1,1,1,1,1
SF,IF2007,2020-05-28 09:34:36.600,3778.6000,8712,0,160758720.000,0,-,-,-,-,3777.4000,3777.2000,3775.8000,3770.4000,3770.0000,3779.0000,3779.2000,3779.4000,3780.0000,3782.2000,1,1,4,4,6,1,1,1,1,2
SF,IF2007,2020-05-28 09:34:37.100,3778.6000,8712,0,160758720.000,0,-,-,-,-,3777.6000,3777.4000,3777.2000,3775.8000,3770.4000,3779.0000,3779.2000,3779.4000,3780.0000,3782.2000,2,1,1,4,4,1,1,1,1,2
SF,IF2007,2020-05-28 09:34:39.100,3778.6000,8712,0,160758720.000,0,-,-,-,-,3777.6000,3777.4000,3777.2000,3775.8000,3770.4000,3779.0000,3779.2000,3779.4000,3780.0000,3782.2000,2,1,1,4,4,2,1,1,1,2
SF,IF2007,2020-05-28 09:34:39.600,3779.0000,8710,-2,163026120.000,2,0,2,双平,S,3777.8000,3777.6000,3777.2000,3775.8000,3770.4000,3779.2000,3779.4000,3780.0000,3782.2000,3783.0000,2,2,1,4,4,1,1,1,2,1
SF,IF2007,2020-05-28 09:34:40.100,3779.0000,8710,0,163026120.000,0,-,-,-,-,3777.8000,3777.6000,3777.4000,3777.2000,3775.8000,3779.4000,3780.0000,3782.2000,3783.0000,3783.6000,2,2,1,1,4,1,1,2,1,1
SF,IF2007,2020-05-28 09:34:40.600,3779.0000,8710,0,164159820.000,1,0,1,多换,S,3778.2000,3777.8000,3777.6000,3777.4000,3777.2000,3779.4000,3780.0000,3782.2000,3783.0000,3783.6000,1,2,2,1,1,1,1,2,1,1
SF,IF2007,2020-05-28 09:34:41.100,3778.2000,8710,0,165293280.000,1,0,1,多换,S,3777.8000,3777.6000,3777.2000,3775.8000,3770.4000,3779.4000,3780.0000,3782.2000,3783.0000,3783.6000,1,2,1,4,4,1,1,2,1,1
SF,IF2007,2020-05-28 09:34:41.600,3778.2000,8710,0,165293280.000,0,-,-,-,-,3777.8000,3777.6000,3777.2000,3775.8000,3770.4000,3779.4000,3780.0000,3782.2000,3783.0000,3783.6000,1,2,1,4,4,1,1,2,1,1
SF,IF2007,2020-05-28 09:34:42.100,3778.2000,8710,0,165293280.000,0,-,-,-,-,3777.8000,3777.6000,3777.2000,3775.8000,3770.4000,3779.0000,3779.2000,3779.4000,3780.0000,3782.2000,1,2,1,4,4,1,3,1,1,2
SF,IF2007,2020-05-28 09:34:42.600,3778.2000,8710,0,165293280.000,0,-,-,-,-,3777.8000,3777.6000,3777.2000,3775.8000,3770.4000,3779.0000,3779.4000,3780.0000,3782.2000,3783.0000,1,2,1,4,4,2,1,1,2,1
SF,IF2007,2020-05-28 09:34:43.100,3778.2000,8710,0,165293280.000,0,-,-,-,-,3777.8000,3777.6000,3777.2000,3775.8000,3770.4000,3779.0000,3779.4000,3780.0000,3782.2000,3783.0000,1,2,1,4,4,2,1,1,2,1
SF,IF2007,2020-05-28 09:34:44.600,3778.2000,8710,0,165293280.000,0,-,-,-,-,3777.8000,3777.6000,3777.2000,3775.8000,3770.4000,3779.4000,3780.0000,3782.2000,3783.0000,3783.6000,1,2,1,4,4,1,1,2,1,1
SF,IF2007,2020-05-28 09:34:46.600,3778.2000,8710,0,165293280.000,0,-,-,-,-,3777.8000,3777.6000,3777.2000,3775.8000,3770.4000,3779.0000,3779.4000,3780.0000,3782.2000,3783.0000,1,2,1,4,4,1,1,1,2,1
SF,IF2007,2020-05-28 09:34:47.100,3778.2000,8710,0,165293280.000,0,-,-,-,-,3777.8000,3777.6000,3777.2000,3775.8000,3770.4000,3779.4000,3780.0000,3782.2000,3783.0000,3783.6000,1,2,1,4,4,1,1,2,1,1
SF,IF2007,2020-05-28 09:34:47.600,3778.2000,8710,0,165293280.000,0,-,-,-,-,3777.8000,3777.6000,3777.2000,3775.8000,3770.4000,3779.0000,3779.4000,3780.0000,3782.2000,3783.0000,1,2,1,4,4,1,1,1,2,1
SF,IF2007,2020-05-28 09:34:49.600,3778.2000,8710,0,165293280.000,0,-,-,-,-,3777.8000,3777.6000,3777.2000,3775.8000,3770.4000,3779.4000,3780.0000,3782.2000,3783.0000,3783.6000,1,2,1,4,4,1,1,2,1,1
SF,IF2007,2020-05-28 09:34:50.600,3778.2000,8710,0,165293280.000,0,-,-,-,-,3777.8000,3777.6000,3777.2000,3775.8000,3770.4000,3779.0000,3779.4000,3779.8000,3780.0000,3782.2000,1,2,1,4,4,1,1,1,1,2
SF,IF2007,2020-05-28 09:34:51.100,3778.2000,8710,0,165293280.000,0,-,-,-,-,3777.8000,3777.6000,3777.2000,3775.8000,3770.4000,3779.4000,3779.8000,3780.0000,3782.2000,3783.0000,1,2,1,4,4,1,1,1,2,1
SF,IF2007,2020-05-28 09:34:54.600,3778.2000,8710,0,165293280.000,0,-,-,-,-,3777.8000,3777.6000,3777.2000,3775.8000,3770.4000,3779.4000,3779.8000,3780.0000,3782.2000,3783.0000,1,2,1,4,4,1,1,1,2,1
SF,IF2007,2020-05-28 09:34:55.100,3778.2000,8710,0,165293280.000,0,-,-,-,-,3777.8000,3777.6000,3777.2000,3775.8000,3770.4000,3779.0000,3779.4000,3779.8000,3780.0000,3782.2000,1,2,1,4,4,1,1,1,1,2
SF,IF2007,2020-05-28 09:34:55.600,3778.2000,8710,0,165293280.000,0,-,-,-,-,3777.8000,3777.6000,3777.2000,3775.8000,3770.4000,3779.4000,3779.8000,3780.0000,3782.2000,3783.0000,1,2,1,4,4,1,1,1,2,1
SF,IF2007,2020-05-28 09:34:56.100,3777.8000,8709,-1,166426620.000,1,0,1,双平,S,3777.6000,3777.2000,3775.8000,3770.4000,3770.0000,3779.4000,3779.8000,3780.0000,3782.2000,3783.0000,2,1,4,4,6,1,1,1,2,1
SF,IF2007,2020-05-28 09:34:56.600,3777.8000,8709,0,166426620.000,0,-,-,-,-,3778.4000,3777.8000,3777.6000,3777.4000,3777.2000,3779.4000,3779.8000,3780.0000,3782.2000,3783.0000,1,2,2,1,1,1,1,1,2,1
SF,IF2007,2020-05-28 09:34:57.100,3777.8000,8709,0,166426620.000,0,-,-,-,-,3779.0000,3778.6000,3777.8000,3777.6000,3777.4000,3779.4000,3779.8000,3780.0000,3782.2000,3783.0000,1,1,2,2,1,1,1,1,2,1
SF,IF2007,2020-05-28 09:34:58.600,3779.0000,8709,0,167560320.000,1,0,1,多换,S,3778.6000,3777.8000,3777.6000,3777.4000,3777.2000,3779.4000,3779.8000,3780.0000,3782.2000,3783.0000,1,1,2,1,1,1,1,1,2,1
SF,IF2007,2020-05-28 09:35:00.600,3779.4000,8708,-1,168694140.000,1,0,1,双平,S,3779.2000,3778.6000,3777.6000,3777.4000,3777.2000,3779.8000,3780.0000,3782.2000,3783.0000,3783.6000,1,1,2,1,1,1,1,2,1,1
SF,IF2007,2020-05-28 09:35:01.100,3779.8000,8708,0,169828080.000,1,0,1,多换,S,3779.4000,3779.2000,3777.6000,3777.4000,3777.2000,3780.0000,3782.2000,3783.0000,3783.6000,3784.8000,1,1,2,1,1,1,2,1,1,2
SF,IF2007,2020-05-28 09:35:01.600,3780.0000,8708,0,170962080.000,1,0,1,多换,S,3780.2000,3780.0000,3779.8000,3779.6000,3779.4000,3782.2000,3783.0000,3783.6000,3784.8000,3785.0000,1,1,2,1,2,2,1,1,2,2
SF,IF2007,2020-05-28 09:35:02.100,3780.0000,8708,0,170962080.000,0,-,-,-,-,3780.2000,3780.0000,3779.8000,3779.6000,3779.4000,3781.2000,3781.8000,3782.0000,3783.0000,3783.6000,1,1,1,2,3,1,2,6,1,1
SF,IF2007,2020-05-28 09:35:02.600,3780.6000,8708,0,172096260.000,1,0,1,多换,S,3779.6000,3779.4000,3779.2000,3777.4000,3777.2000,3781.0000,3782.0000,3783.6000,3784.8000,3785.0000,2,3,1,1,1,1,3,1,2,2
SF,IF2007,2020-05-28 09:35:03.100,3780.6000,8708,0,172096260.000,0,-,-,-,-,3779.6000,3779.4000,3779.2000,3777.4000,3777.2000,3780.8000,3781.0000,3782.0000,3783.6000,3784.8000,1,3,1,1,1,1,1,3,1,2
SF,IF2007,2020-05-28 09:35:03.600,3780.6000,8708,0,172096260.000,0,-,-,-,-,3779.6000,3779.4000,3779.2000,3777.4000,3777.2000,3780.6000,3782.0000,3783.6000,3784.8000,3785.0000,1,2,1,1,1,3,3,1,2,2
SF,IF2007,2020-05-28 09:35:04.100,3780.6000,8708,0,172096260.000,0,-,-,-,-,3779.6000,3779.4000,3779.2000,3777.4000,3777.2000,3780.6000,3782.0000,3783.6000,3784.8000,3785.0000,1,2,1,1,1,3,3,1,2,2
SF,IF2007,2020-05-28 09:35:04.600,3780.6000,8707,-1,174364620.000,2,0,2,多平,S,3781.0000,3779.6000,3779.4000,3779.2000,3777.4000,3782.0000,3783.6000,3784.8000,3785.0000,3786.0000,3,1,2,1,1,3,1,2,2,1
SF,IF2007,2020-05-28 09:35:05.100,3781.0000,8704,-3,177767520.000,3,0,3,双平,S,3780.6000,3779.6000,3779.4000,3779.2000,3777.4000,3781.6000,3781.8000,3782.0000,3783.6000,3784.8000,3,1,2,1,1,1,1,2,1,2
SF,IF2007,2020-05-28 09:35:05.600,3781.0000,8704,0,177767520.000,0,-,-,-,-,3779.6000,3779.4000,3779.2000,3777.2000,3775.8000,3781.4000,3781.6000,3781.8000,3782.0000,3783.6000,1,1,1,1,3,1,1,1,1,1
SF,IF2007,2020-05-28 09:35:06.100,3781.0000,8704,0,177767520.000,0,-,-,-,-,3780.2000,3779.8000,3779.6000,3779.4000,3779.2000,3781.4000,3781.6000,3781.8000,3782.0000,3783.6000,1,2,2,1,1,1,1,1,1,1
SF,IF2007,2020-05-28 09:35:06.600,3781.0000,8704,0,177767520.000,0,-,-,-,-,3780.4000,3780.2000,3779.8000,3779.6000,3779.4000,3781.4000,3781.6000,3783.6000,3784.8000,3785.0000,1,1,1,2,1,1,1,1,2,2
SF,IF2007,2020-05-28 09:35:07.100,3781.0000,8704,0,177767520.000,0,-,-,-,-,3780.8000,3780.4000,3779.8000,3779.6000,3779.4000,3781.4000,3783.6000,3784.8000,3785.0000,3786.0000,1,3,1,2,1,1,1,2,2,1
SF,IF2007,2020-05-28 09:35:07.600,3781.0000,8704,0,177767520.000,0,-,-,-,-,3780.4000,3779.8000,3779.6000,3779.4000,3779.2000,3783.6000,3784.8000,3785.0000,3786.0000,3786.8000,3,1,2,1,1,1,2,2,1,1
SF,IF2007,2020-05-28 09:35:08.100,3781.0000,8704,0,177767520.000,0,-,-,-,-,3780.4000,3779.6000,3779.4000,3779.2000,3777.2000,3783.2000,3783.4000,3783.6000,3784.8000,3785.0000,1,2,1,1,1,1,6,1,2,2
SF,IF2007,2020-05-28 09:35:08.600,3781.0000,8704,0,177767520.000,0,-,-,-,-,3780.4000,3779.6000,3779.4000,3779.2000,3777.2000,3782.6000,3783.0000,3783.2000,3783.4000,3783.6000,1,2,1,1,1,1,3,1,5,1
SF,IF2007,2020-05-28 09:35:09.100,3781.0000,8704,0,177767520.000,0,-,-,-,-,3780.6000,3780.4000,3779.6000,3779.4000,3779.2000,3782.4000,3782.6000,3782.8000,3783.4000,3783.6000,1,1,1,1,1,3,1,1,4,1
SF,IF2007,2020-05-28 09:35:10.100,3781.0000,8704,0,177767520.000,0,-,-,-,-,3780.6000,3780.4000,3779.6000,3779.4000,3779.2000,3782.2000,3782.4000,3782.6000,3782.8000,3783.4000,1,1,1,1,1,1,3,1,1,3
SF,IF2007,2020-05-28 09:35:10.600,3781.0000,8704,0,177767520.000,0,-,-,-,-,3781.2000,3781.0000,3780.8000,3780.6000,3779.6000,3782.2000,3782.4000,3782.8000,3783.0000,3783.4000,1,2,1,1,1,1,3,1,2,3
SF,IF2007,2020-05-28 09:35:11.100,3781.0000,8704,0,177767520.000,0,-,-,-,-,3781.2000,3781.0000,3780.8000,3779.6000,3779.4000,3782.2000,3782.4000,3782.8000,3783.0000,3783.4000,1,2,1,1,1,1,2,1,2,3
SF,IF2007,2020-05-28 09:35:12.100,3781.0000,8704,0,177767520.000,0,-,-,-,-,3781.0000,3780.8000,3779.6000,3779.4000,3779.2000,3782.2000,3782.4000,3782.8000,3783.0000,3783.4000,2,1,1,1,1,1,2,1,2,3
SF,IF2007,2020-05-28 09:35:12.600,3781.0000,8704,0,177767520.000,0,-,-,-,-,3780.8000,3779.6000,3779.4000,3779.2000,3777.2000,3782.2000,3782.4000,3782.8000,3783.0000,3783.4000,1,1,1,1,1,1,2,1,2,3
SF,IF2007,2020-05-28 09:35:13.100,3781.0000,8704,0,177767520.000,0,-,-,-,-,3781.2000,3780.8000,3779.6000,3779.4000,3779.2000,3782.0000,3782.2000,3782.4000,3782.8000,3783.0000,2,1,1,1,1,1,1,2,1,2
SF,IF2007,2020-05-28 09:35:13.600,3781.0000,8704,0,177767520.000,0,-,-,-,-,3781.2000,3781.0000,3780.8000,3779.6000,3779.4000,3781.4000,3782.0000,3782.2000,3782.4000,3782.8000,2,1,1,1,1,1,1,1,2,1
SF,IF2007,2020-05-28 09:35:14.100,3781.2000,8704,0,180036300.000,2,1,1,多换,S,3781.2000,3781.0000,3780.8000,3779.6000,3779.4000,3782.0000,3782.2000,3782.4000,3782.8000,3783.0000,1,1,1,1,1,1,1,2,1,2
SF,IF2007,2020-05-28 09:35:14.600,3781.2000,8704,0,180036300.000,0,-,-,-,-,3781.4000,3781.2000,3781.0000,3780.8000,3779.6000,3782.0000,3782.2000,3782.4000,3783.0000,3783.4000,1,1,2,1,1,1,1,2,2,3
SF,IF2007,2020-05-28 09:35:15.100,3781.2000,8704,0,180036300.000,0,-,-,-,-,3781.4000,3781.2000,3781.0000,3780.8000,3779.6000,3782.0000,3782.2000,3782.4000,3783.0000,3783.4000,1,1,2,1,1,1,1,1,2,3
SF,IF2007,2020-05-28 09:35:15.600,3782.2000,8704,0,182305560.000,2,1,1,多换,S,3782.0000,3781.2000,3781.0000,3780.8000,3779.6000,3783.0000,3783.4000,3783.6000,3784.8000,3785.0000,1,1,2,1,1,2,3,1,2,2
SF,IF2007,2020-05-28 09:35:16.100,3782.2000,8704,0,182305560.000,0,-,-,-,-,3782.0000,3781.2000,3781.0000,3780.8000,3779.6000,3782.4000,3782.8000,3783.0000,3783.6000,3784.8000,1,1,2,1,1,1,1,2,1,2
SF,IF2007,2020-05-28 09:35:16.600,3782.4000,8704,0,183440280.000,1,0,1,多换,S,3782.6000,3782.4000,3781.2000,3781.0000,3780.8000,3782.8000,3783.0000,3783.6000,3784.8000,3785.0000,1,1,1,2,1,1,2,1,2,2
SF,IF2007,2020-05-28 09:35:17.100,3782.8000,8704,0,184575120.000,1,0,1,多换,S,3782.8000,3782.6000,3782.4000,3782.2000,3781.2000,3783.0000,3783.6000,3784.8000,3785.0000,3785.4000,1,2,1,1,1,2,1,2,2,1
SF,IF2007,2020-05-28 09:35:17.600,3782.6000,8703,-1,186844740.000,2,0,2,多平,S,3782.4000,3782.2000,3781.0000,3780.8000,3779.6000,3783.0000,3783.6000,3784.8000,3785.0000,3785.4000,1,1,2,1,1,2,1,2,2,1
SF,IF2007,2020-05-28 09:35:18.100,3782.6000,8703,0,186844740.000,0,-,-,-,-,3782.2000,3781.0000,3780.8000,3779.6000,3779.2000,3783.0000,3783.6000,3784.8000,3785.0000,3785.4000,1,2,1,1,1,2,1,2,2,1
SF,IF2007,2020-05-28 09:35:18.600,3783.0000,8701,-2,189114540.000,2,0,2,双平,S,3782.8000,3782.2000,3781.0000,3780.8000,3779.2000,3783.6000,3784.8000,3785.0000,3785.4000,3786.0000,1,1,2,1,1,1,2,2,1,1
SF,IF2007,2020-05-28 09:35:19.100,3783.4000,8702,1,190249560.000,1,1,0,双开,S,3782.2000,3781.0000,3780.8000,3779.2000,3777.2000,3783.6000,3784.8000,3785.0000,3785.4000,3786.0000,1,2,1,1,1,1,2,2,1,1
SF,IF2007,2020-05-28 09:35:19.600,3783.4000,8702,0,190249560.000,0,-,-,-,-,3782.4000,3782.2000,3781.0000,3780.8000,3779.2000,3783.4000,3783.6000,3784.8000,3785.0000,3785.4000,1,1,2,1,1,1,1,2,2,1
SF,IF2007,2020-05-28 09:35:20.600,3783.4000,8702,0,191384580.000,1,0,1,多换,S,3782.8000,3782.6000,3782.4000,3782.2000,3781.0000,3783.6000,3784.8000,3785.0000,3785.4000,3786.0000,1,1,1,1,2,1,2,2,1,1
SF,IF2007,2020-05-28 09:35:21.100,3783.4000,8702,0,191384580.000,0,-,-,-,-,3782.8000,3782.6000,3782.4000,3782.2000,3781.0000,3783.6000,3784.8000,3785.0000,3785.4000,3786.0000,1,2,1,1,2,1,2,2,1,1
SF,IF2007,2020-05-28 09:35:21.600,3783.6000,8702,0,192519660.000,1,0,1,多换,S,3783.0000,3782.8000,3782.6000,3782.4000,3782.2000,3784.8000,3785.0000,3785.4000,3786.0000,3786.8000,1,1,2,1,1,2,2,1,1,1
SF,IF2007,2020-05-28 09:35:22.100,3783.6000,8702,0,192519660.000,0,-,-,-,-,3783.6000,3783.0000,3782.8000,3782.6000,3782.4000,3783.8000,3784.0000,3784.4000,3784.6000,3784.8000,1,2,1,1,1,1,1,1,1,2
SF,IF2007,2020-05-28 09:35:22.600,3783.8000,8702,0,193654800.000,1,0,1,多换,S,3783.8000,3783.0000,3782.8000,3782.6000,3782.4000,3784.0000,3784.4000,3784.6000,3784.8000,3785.0000,1,2,1,1,1,1,1,1,2,2
SF,IF2007,2020-05-28 09:35:23.100,3784.0000,8702,0,194790000.000,1,0,1,多换,S,3783.8000,3783.2000,3782.8000,3782.6000,3782.4000,3784.4000,3784.6000,3784.8000,3785.0000,3785.4000,1,1,1,1,1,1,1,2,2,1
SF,IF2007,2020-05-28 09:35:23.600,3784.0000,8702,0,194790000.000,0,-,-,-,-,3783.2000,3782.8000,3781.0000,3780.0000,3779.2000,3784.8000,3785.0000,3785.4000,3786.0000,3786.8000,1,1,2,5,1,2,2,1,1,1
SF,IF2007,2020-05-28 09:35:24.100,3784.8000,8702,0,195925440.000,1,0,1,多换,S,3783.6000,3783.4000,3782.8000,3781.0000,3780.0000,3784.8000,3785.0000,3785.4000,3786.0000,3786.8000,1,2,1,2,5,1,2,1,1,1
SF,IF2007,2020-05-28 09:35:24.600,3783.8000,8701,-1,197060580.000,1,0,1,双平,S,3783.6000,3783.4000,3782.8000,3781.0000,3780.0000,3784.8000,3785.0000,3785.4000,3786.0000,3786.8000,1,2,1,2,5,1,2,1,1,1
SF,IF2007,2020-05-28 09:35:25.600,3783.8000,8701,0,197060580.000,0,-,-,-,-,3783.4000,3782.8000,3781.0000,3780.0000,3779.2000,3784.8000,3785.0000,3785.4000,3786.0000,3786.8000,2,1,2,5,1,1,2,1,1,1
SF,IF2007,2020-05-28 09:35:26.100,3783.8000,8701,0,197060580.000,0,-,-,-,-,3783.8000,3783.6000,3783.4000,3782.8000,3781.0000,3784.8000,3785.0000,3785.4000,3786.0000,3786.8000,1,1,1,1,2,1,2,1,1,1
SF,IF2007,2020-05-28 09:35:26.600,3784.8000,8701,0,198196020.000,1,0,1,多换,S,3783.8000,3783.6000,3783.4000,3782.8000,3781.0000,3785.0000,3785.4000,3786.0000,3786.8000,3788.0000,1,1,1,1,2,2,1,1,1,2
SF,IF2007,2020-05-28 09:35:27.100,3784.0000,8700,-1,199331220.000,1,0,1,双平,S,3783.8000,3783.6000,3783.4000,3782.8000,3781.0000,3785.0000,3785.4000,3786.0000,3786.8000,3788.0000,1,1,1,1,2,2,1,1,1,2
SF,IF2007,2020-05-28 09:35:27.600,3784.0000,8700,0,199331220.000,0,-,-,-,-,3783.6000,3783.4000,3782.8000,3781.0000,3780.0000,3785.0000,3785.4000,3786.0000,3786.8000,3788.0000,1,1,1,2,5,2,1,1,1,2
SF,IF2007,2020-05-28 09:35:28.100,3784.0000,8700,0,199331220.000,0,-,-,-,-,3784.0000,3783.8000,3783.6000,3782.8000,3781.0000,3785.0000,3785.4000,3786.0000,3786.8000,3788.0000,1,1,1,1,2,2,1,1,1,2
SF,IF2007,2020-05-28 09:35:28.600,3784.0000,8700,0,199331220.000,0,-,-,-,-,3784.2000,3784.0000,3783.8000,3782.8000,3781.0000,3785.0000,3785.4000,3786.0000,3786.8000,3788.0000,1,1,1,1,2,2,1,1,1,2
SF,IF2007,2020-05-28 09:35:29.100,3784.0000,8700,0,199331220.000,0,-,-,-,-,3784.2000,3783.8000,3782.8000,3781.0000,3780.0000,3785.0000,3785.4000,3786.0000,3786.8000,3788.0000,2,1,1,2,5,4,1,1,1,2
SF,IF2007,2020-05-28 09:35:31.100,3785.0000,8702,2,203873220.000,4,3,1,空开,S,3785.0000,3784.8000,3784.4000,3784.2000,3783.8000,3785.2000,3785.4000,3786.0000,3786.8000,3788.0000,1,1,1,2,1,1,1,1,1,2
SF,IF2007,2020-05-28 09:35:31.600,3785.2000,8702,0,205008780.000,1,0,1,多换,S,3785.2000,3784.8000,3784.4000,3784.2000,3783.8000,3785.4000,3786.0000,3786.8000,3788.0000,3790.0000,2,1,1,1,1,1,1,1,2,2
SF,IF2007,2020-05-28 09:35:32.100,3785.4000,8703,1,206144400.000,1,1,0,双开,S,3785.2000,3784.8000,3784.4000,3784.2000,3783.8000,3786.0000,3786.8000,3788.0000,3790.0000,3794.8000,3,1,1,1,1,1,1,2,3,2
SF,IF2007,2020-05-28 09:35:32.600,3785.4000,8703,0,206144400.000,0,-,-,-,-,3785.2000,3784.8000,3784.4000,3784.2000,3783.8000,3786.0000,3786.8000,3788.0000,3790.0000,3794.8000,1,1,1,1,1,1,1,2,3,2
SF,IF2007,2020-05-28 09:35:33.100,3785.4000,8703,0,206144400.000,0,-,-,-,-,3785.2000,3784.8000,3784.4000,3783.8000,3782.8000,3786.0000,3786.8000,3788.0000,3790.0000,3794.8000,1,1,1,1,1,1,1,2,3,2
SF,IF2007,2020-05-28 09:35:34.100,3785.2000,8703,0,207279960.000,1,0,1,多换,S,3784.4000,3783.8000,3782.8000,3782.2000,3781.0000,3786.0000,3786.8000,3788.0000,3790.0000,3794.8000,1,1,1,1,2,1,1,2,3,2
SF,IF2007,2020-05-28 09:35:34.600,3785.2000,8703,0,207279960.000,0,-,-,-,-,3784.4000,3783.8000,3782.8000,3782.2000,3781.0000,3785.6000,3785.8000,3786.0000,3786.8000,3788.0000,1,1,1,1,2,1,3,1,1,2
SF,IF2007,2020-05-28 09:35:35.100,3784.4000,8702,-1,208415280.000,1,0,1,双平,S,3783.8000,3782.8000,3782.2000,3781.0000,3780.0000,3785.4000,3785.8000,3786.0000,3786.8000,3788.0000,1,1,1,2,5,2,4,1,1,2
SF,IF2007,2020-05-28 09:35:35.600,3784.4000,8702,0,208415280.000,0,-,-,-,-,3782.8000,3782.2000,3781.0000,3780.0000,3779.2000,3785.0000,3785.2000,3785.4000,3785.8000,3786.0000,1,1,2,5,1,1,3,1,3,1
SF,IF2007,2020-05-28 09:35:36.100,3784.4000,8702,0,208415280.000,0,-,-,-,-,3783.0000,3782.8000,3782.2000,3781.0000,3780.0000,3784.8000,3785.0000,3785.2000,3785.8000,3786.0000,1,1,1,2,5,1,1,3,3,1
SF,IF2007,2020-05-28 09:35:37.100,3783.0000,8702,0,209550180.000,1,0,1,多换,S,3782.8000,3782.2000,3781.0000,3780.0000,3779.2000,3784.8000,3785.0000,3785.2000,3785.8000,3786.0000,1,1,2,5,1,1,1,3,3,1
SF,IF2007,2020-05-28 09:35:37.600,3783.0000,8702,0,209550180.000,0,-,-,-,-,3783.0000,3782.8000,3782.2000,3781.0000,3780.0000,3784.8000,3785.0000,3785.2000,3785.8000,3786.0000,1,1,1,2,5,1,1,3,3,1
SF,IF2007,2020-05-28 09:35:38.100,3783.0000,8702,0,209550180.000,0,-,-,-,-,3783.2000,3783.0000,3782.8000,3782.2000,3781.0000,3784.6000,3784.8000,3785.2000,3785.8000,3786.0000,1,1,1,1,2,2,1,2,2,1
SF,IF2007,2020-05-28 09:35:38.600,3783.0000,8702,0,209550180.000,0,-,-,-,-,3783.4000,3783.2000,3783.0000,3782.8000,3782.2000,3784.6000,3784.8000,3785.2000,3785.8000,3786.0000,1,1,1,1,1,2,1,2,2,1
