市场代码,合约代码,时间,最新,持仓,增仓,成交额,成交量,开仓,平仓,成交类型,方向,买一价,买二价,买三价,买四价,买五价,卖一价,卖二价,卖三价,卖四价,卖五价,买一量,买二量,买三量,买四量,买五量,卖一量,卖二量,卖三量,卖四量,卖五量
SF,IF2012,2020-06-17 09:29:00.200,3800.0000,9373,0,10260000.000,9.000,-,-,-,-,3799.0000,3798.0000,3793.6000,3790.0000,3783.0000,3802.4000,3803.0000,3803.2000,3803.4000,3804.0000,1,1,1,2,2,1,1,1,2,2
SF,IF2012,2020-06-17 09:30:00.200,3800.0000,9373,0,10260000.000,0,-,-,-,-,3799.0000,3798.0000,3796.2000,3790.4000,3790.0000,3802.0000,3802.2000,3802.4000,3804.0000,3805.8000,1,1,1,1,2,7,2,1,2,1
SF,IF2012,2020-06-17 09:30:00.700,3802.0000,9368,-5,18242160.000,7,1,6,多平,S,3798.0000,3796.2000,3790.4000,3790.0000,3783.0000,3802.0000,3802.4000,3804.0000,3805.8000,3809.2000,1,1,1,2,2,5,1,2,1,1
SF,IF2012,2020-06-17 09:30:01.200,3802.0000,9368,0,18242160.000,0,-,-,-,-,3798.2000,3798.0000,3796.2000,3795.0000,3790.4000,3801.0000,3801.8000,3802.0000,3804.0000,3805.2000,1,1,1,1,1,1,2,5,2,1
SF,IF2012,2020-06-17 09:30:01.700,3802.0000,9368,0,18242160.000,0,-,-,-,-,3798.2000,3798.0000,3796.2000,3795.0000,3790.4000,3800.0000,3800.6000,3801.0000,3801.8000,3804.0000,1,1,1,1,1,1,5,1,1,2
SF,IF2012,2020-06-17 09:30:02.200,3801.0000,9366,-2,20522760.000,2,0,2,双平,S,3798.2000,3798.0000,3796.2000,3795.0000,3790.4000,3799.6000,3801.0000,3801.8000,3804.0000,3805.0000,1,1,1,1,1,4,1,1,2,5
SF,IF2012,2020-06-17 09:30:02.700,3799.6000,9363,-3,23942640.000,3,0,3,双平,S,3798.0000,3796.2000,3795.0000,3790.4000,3790.0000,3799.6000,3801.0000,3804.0000,3805.0000,3805.2000,2,1,1,1,2,1,1,2,5,1
SF,IF2012,2020-06-17 09:30:03.200,3799.6000,9363,0,23942640.000,0,-,-,-,-,3798.0000,3796.2000,3795.0000,3790.4000,3790.0000,3801.0000,3801.8000,3804.0000,3805.0000,3805.2000,2,1,1,1,2,1,1,2,5,1
SF,IF2012,2020-06-17 09:30:03.700,3799.6000,9363,0,23942640.000,0,-,-,-,-,3798.6000,3798.2000,3798.0000,3795.0000,3790.4000,3800.6000,3800.8000,3801.0000,3801.8000,3804.0000,1,2,2,1,1,1,1,1,1,2
SF,IF2012,2020-06-17 09:30:04.200,3799.6000,9363,0,23942640.000,0,-,-,-,-,3798.8000,3798.6000,3798.0000,3795.0000,3790.4000,3800.6000,3801.0000,3804.0000,3805.0000,3805.2000,2,1,2,1,1,1,1,2,5,1
SF,IF2012,2020-06-17 09:30:04.700,3799.6000,9363,0,23942640.000,0,-,-,-,-,3798.8000,3798.6000,3798.0000,3795.0000,3790.4000,3800.6000,3804.0000,3805.0000,3805.2000,3805.8000,2,1,2,1,1,1,2,5,1,1
SF,IF2012,2020-06-17 09:30:05.200,3799.6000,9363,0,23942640.000,0,-,-,-,-,3799.0000,3798.8000,3798.0000,3795.0000,3790.4000,3804.0000,3805.0000,3805.2000,3805.8000,3809.2000,1,2,2,1,1,2,5,1,1,1
SF,IF2012,2020-06-17 09:30:05.700,3799.6000,9363,0,23942640.000,0,-,-,-,-,3799.2000,3799.0000,3798.0000,3795.0000,3790.4000,3803.6000,3803.8000,3804.0000,3805.0000,3805.2000,2,1,2,1,1,1,1,2,5,1
SF,IF2012,2020-06-17 09:30:06.200,3799.6000,9363,0,23942640.000,0,-,-,-,-,3799.6000,3799.2000,3799.0000,3798.0000,3795.0000,3803.2000,3803.4000,3803.6000,3804.0000,3805.0000,1,3,1,2,1,1,1,1,2,5
SF,IF2012,2020-06-17 09:30:06.700,3799.6000,9363,0,23942640.000,0,-,-,-,-,3799.8000,3799.6000,3799.4000,3799.2000,3798.0000,3800.8000,3802.8000,3803.0000,3803.2000,3804.0000,2,1,1,1,2,1,1,1,1,2
SF,IF2012,2020-06-17 09:30:07.200,3800.8000,9362,-1,25082880.000,1,0,1,双平,S,3799.6000,3799.4000,3799.2000,3798.0000,3795.0000,3802.8000,3803.0000,3803.6000,3804.0000,3805.0000,1,1,1,2,1,2,1,1,2,5
SF,IF2012,2020-06-17 09:30:07.700,3800.8000,9362,0,25082880.000,0,-,-,-,-,3800.0000,3799.8000,3799.6000,3799.2000,3798.0000,3802.6000,3802.8000,3803.6000,3804.0000,3805.0000,1,2,1,1,2,1,1,1,2,5
SF,IF2012,2020-06-17 09:30:08.200,3800.8000,9362,0,25082880.000,0,-,-,-,-,3800.2000,3799.6000,3799.2000,3798.0000,3795.0000,3802.2000,3802.6000,3803.6000,3804.0000,3805.0000,2,1,1,2,1,1,1,1,2,5
SF,IF2012,2020-06-17 09:30:08.700,3800.4000,9361,-1,26223000.000,1,0,1,双平,S,3800.2000,3799.6000,3799.2000,3798.0000,3795.0000,3802.2000,3802.4000,3802.6000,3803.6000,3804.0000,2,1,1,2,1,1,1,1,1,2
SF,IF2012,2020-06-17 09:30:09.200,3800.4000,9361,0,26223000.000,0,-,-,-,-,3800.2000,3799.6000,3799.2000,3799.0000,3798.0000,3802.0000,3802.2000,3802.4000,3803.6000,3804.0000,2,1,1,1,1,1,1,1,1,2
SF,IF2012,2020-06-17 09:30:09.700,3801.6000,9360,-1,27363480.000,1,0,1,双平,S,3800.2000,3799.6000,3799.2000,3799.0000,3798.0000,3802.0000,3803.6000,3804.0000,3805.0000,3805.8000,2,1,1,1,1,1,1,2,5,1
SF,IF2012,2020-06-17 09:30:10.200,3803.6000,9361,1,29645100.000,2,1,1,空开,S,3800.2000,3799.6000,3799.2000,3799.0000,3798.0000,3804.0000,3805.0000,3805.8000,3809.2000,3809.8000,2,1,1,1,1,2,5,1,1,1
SF,IF2012,2020-06-17 09:30:10.700,3803.6000,9361,0,29645100.000,0,-,-,-,-,3800.2000,3799.6000,3799.0000,3798.0000,3795.0000,3803.8000,3804.0000,3805.0000,3805.8000,3809.2000,2,1,1,1,1,1,2,5,1,1
SF,IF2012,2020-06-17 09:30:11.200,3803.6000,9361,0,29645100.000,0,-,-,-,-,3800.2000,3799.6000,3799.0000,3798.0000,3795.0000,3801.0000,3803.2000,3803.8000,3804.0000,3805.0000,2,1,1,1,1,1,1,1,2,5
SF,IF2012,2020-06-17 09:30:11.700,3800.2000,9359,-2,31925520.000,2,0,2,双平,S,3799.6000,3799.0000,3798.0000,3795.0000,3790.4000,3803.2000,3803.8000,3804.0000,3805.0000,3805.8000,1,1,1,1,1,1,1,2,5,1
SF,IF2012,2020-06-17 09:30:12.200,3800.2000,9359,0,31925520.000,0,-,-,-,-,3799.8000,3799.6000,3799.0000,3798.0000,3795.0000,3803.0000,3803.2000,3804.0000,3805.0000,3805.8000,2,1,1,1,1,1,1,2,5,1
SF,IF2012,2020-06-17 09:30:12.700,3799.8000,9358,-1,33065460.000,1,0,1,双平,S,3799.8000,3799.6000,3799.0000,3798.0000,3795.0000,3802.0000,3802.8000,3803.0000,3803.2000,3804.0000,1,1,1,1,1,1,2,1,1,2
SF,IF2012,2020-06-17 09:30:13.200,3799.8000,9358,0,33065460.000,0,-,-,-,-,3799.6000,3799.0000,3798.0000,3795.0000,3790.4000,3801.8000,3802.0000,3802.8000,3803.2000,3804.0000,1,1,1,1,1,2,1,1,1,2
SF,IF2012,2020-06-17 09:30:13.700,3799.8000,9358,0,33065460.000,0,-,-,-,-,3799.8000,3799.6000,3799.0000,3798.0000,3795.0000,3801.8000,3802.0000,3802.4000,3802.8000,3804.0000,1,1,1,1,1,2,1,1,1,2
SF,IF2012,2020-06-17 09:30:15.200,3799.8000,9358,0,33065460.000,0,-,-,-,-,3799.8000,3799.6000,3799.0000,3798.0000,3795.0000,3801.8000,3802.0000,3802.4000,3804.0000,3805.0000,1,1,1,1,1,2,1,1,2,5
SF,IF2012,2020-06-17 09:30:16.200,3799.8000,9357,-1,34205400.000,1,0,1,双平,S,3799.6000,3799.0000,3798.0000,3795.0000,3790.4000,3801.8000,3802.0000,3802.4000,3804.0000,3805.0000,1,1,1,1,1,2,1,1,2,5
SF,IF2012,2020-06-17 09:30:16.700,3799.6000,9357,0,35345280.000,1,0,1,多换,S,3799.0000,3798.0000,3795.0000,3790.4000,3790.0000,3801.6000,3801.8000,3802.0000,3802.4000,3804.0000,1,1,1,1,2,1,2,1,1,2
SF,IF2012,2020-06-17 09:30:17.200,3799.6000,9357,0,35345280.000,0,-,-,-,-,3799.0000,3798.0000,3795.0000,3790.4000,3790.0000,3801.4000,3801.6000,3802.0000,3804.0000,3805.0000,1,1,1,1,2,3,1,1,2,5
SF,IF2012,2020-06-17 09:30:18.200,3799.0000,9357,0,36484980.000,1,0,1,多换,S,3798.0000,3795.0000,3790.4000,3790.0000,3785.0000,3801.0000,3801.4000,3801.6000,3802.0000,3804.0000,1,1,1,2,5,1,3,1,1,2
SF,IF2012,2020-06-17 09:30:18.700,3799.0000,9357,0,36484980.000,0,-,-,-,-,3798.2000,3798.0000,3795.0000,3790.4000,3790.0000,3800.8000,3801.0000,3801.4000,3801.6000,3802.0000,1,1,1,1,2,2,1,1,1,1
SF,IF2012,2020-06-17 09:30:19.700,3799.0000,9357,0,36484980.000,0,-,-,-,-,3798.2000,3798.0000,3795.0000,3790.4000,3790.0000,3800.6000,3800.8000,3801.0000,3801.6000,3802.0000,1,1,1,1,2,1,2,1,1,1
SF,IF2012,2020-06-17 09:30:20.200,3799.0000,9357,0,36484980.000,0,-,-,-,-,3798.2000,3798.0000,3795.0000,3790.4000,3790.0000,3799.0000,3800.4000,3800.6000,3801.0000,3801.6000,1,1,1,1,2,1,2,1,1,1
SF,IF2012,2020-06-17 09:30:20.700,3798.2000,9356,-1,37624440.000,1,0,1,双平,S,3798.0000,3795.0000,3790.4000,3790.0000,3785.0000,3799.0000,3800.4000,3800.6000,3801.0000,3801.6000,1,1,1,2,5,1,2,1,1,1
SF,IF2012,2020-06-17 09:30:21.200,3798.0000,9356,0,38763840.000,1,0,1,多换,S,3795.0000,3790.4000,3790.0000,3785.0000,3780.0000,3798.8000,3799.0000,3800.4000,3800.6000,3801.0000,1,1,2,5,1,1,1,1,1,1
SF,IF2012,2020-06-17 09:30:21.700,3798.0000,9356,0,38763840.000,0,-,-,-,-,3795.2000,3795.0000,3790.4000,3790.0000,3785.0000,3798.6000,3798.8000,3799.0000,3800.6000,3801.0000,1,1,1,2,5,1,1,1,1,1
SF,IF2012,2020-06-17 09:30:22.200,3798.0000,9356,0,38763840.000,0,-,-,-,-,3795.2000,3795.0000,3790.4000,3790.0000,3785.0000,3798.4000,3798.6000,3799.0000,3800.6000,3801.0000,1,1,1,2,5,1,1,1,1,1
SF,IF2012,2020-06-17 09:30:22.700,3798.0000,9356,0,38763840.000,0,-,-,-,-,3795.2000,3795.0000,3790.4000,3790.0000,3788.6000,3798.2000,3798.4000,3799.0000,3800.6000,3801.0000,1,1,1,2,2,1,1,1,1,1
SF,IF2012,2020-06-17 09:30:23.200,3798.0000,9355,-1,39903240.000,1,0,1,双平,S,3795.2000,3795.0000,3790.4000,3790.0000,3788.6000,3798.2000,3799.0000,3800.0000,3800.6000,3801.0000,1,1,1,2,2,1,1,1,1,1
SF,IF2012,2020-06-17 09:30:23.700,3798.0000,9355,0,39903240.000,0,-,-,-,-,3795.2000,3795.0000,3790.4000,3790.0000,3788.6000,3798.0000,3798.2000,3799.0000,3800.0000,3800.6000,1,1,1,2,2,1,1,1,1,1
SF,IF2012,2020-06-17 09:30:24.200,3798.0000,9355,0,39903240.000,0,-,-,-,-,3795.2000,3795.0000,3790.4000,3790.0000,3788.6000,3797.8000,3798.0000,3799.0000,3799.4000,3800.0000,1,1,1,2,2,1,1,1,1,1
SF,IF2012,2020-06-17 09:30:24.700,3798.0000,9355,0,41042640.000,1,0,1,多换,S,3795.4000,3795.2000,3795.0000,3790.4000,3790.0000,3797.8000,3799.0000,3799.4000,3800.0000,3801.0000,1,1,1,1,2,1,1,1,1,1
SF,IF2012,2020-06-17 09:30:25.200,3798.0000,9355,0,41042640.000,0,-,-,-,-,3795.6000,3795.4000,3795.0000,3790.4000,3790.0000,3797.6000,3797.8000,3799.0000,3799.4000,3800.0000,1,1,1,1,2,1,1,1,1,1
SF,IF2012,2020-06-17 09:30:25.700,3798.0000,9355,0,41042640.000,0,-,-,-,-,3795.8000,3795.6000,3795.4000,3795.0000,3790.4000,3797.4000,3797.6000,3799.0000,3799.4000,3800.0000,1,1,1,1,1,1,1,1,1,1
SF,IF2012,2020-06-17 09:30:26.200,3798.0000,9355,0,41042640.000,0,-,-,-,-,3796.0000,3795.8000,3795.4000,3795.0000,3790.4000,3797.4000,3799.0000,3799.4000,3800.0000,3801.0000,1,1,1,1,1,1,1,1,1,1
SF,IF2012,2020-06-17 09:30:26.700,3798.0000,9355,0,41042640.000,0,-,-,-,-,3796.2000,3796.0000,3795.8000,3795.4000,3795.0000,3799.0000,3799.4000,3800.0000,3801.0000,3804.0000,1,1,1,1,1,1,1,1,1,2
SF,IF2012,2020-06-17 09:30:27.200,3798.0000,9355,0,41042640.000,0,-,-,-,-,3796.4000,3796.2000,3795.8000,3795.0000,3790.4000,3798.8000,3799.0000,3799.4000,3800.0000,3801.0000,1,1,1,1,1,2,1,1,1,1
SF,IF2012,2020-06-17 09:30:27.700,3798.0000,9355,0,41042640.000,0,-,-,-,-,3796.4000,3796.2000,3795.0000,3790.4000,3790.0000,3798.8000,3799.0000,3799.4000,3800.0000,3801.0000,1,1,1,1,2,2,1,1,1,1
SF,IF2012,2020-06-17 09:30:28.200,3798.0000,9355,0,41042640.000,0,-,-,-,-,3796.4000,3795.0000,3790.4000,3790.0000,3788.6000,3798.8000,3799.0000,3799.4000,3800.0000,3801.0000,1,1,1,2,2,2,1,1,1,1
SF,IF2012,2020-06-17 09:30:28.700,3798.0000,9355,0,41042640.000,0,-,-,-,-,3797.4000,3796.4000,3795.0000,3790.4000,3790.0000,3798.8000,3799.0000,3799.4000,3800.0000,3801.0000,1,1,1,1,2,2,1,1,1,1
SF,IF2012,2020-06-17 09:30:29.200,3797.4000,9355,0,42181860.000,1,0,1,多换,S,3796.4000,3795.0000,3790.4000,3790.0000,3788.6000,3798.6000,3798.8000,3799.0000,3799.4000,3800.0000,1,1,1,2,2,1,1,1,1,1
SF,IF2012,2020-06-17 09:30:29.700,3798.4000,9355,0,43321380.000,1,0,1,多换,S,3796.6000,3796.4000,3795.0000,3790.4000,3790.0000,3798.4000,3798.6000,3799.0000,3799.4000,3800.0000,1,1,1,1,2,1,1,1,1,1
SF,IF2012,2020-06-17 09:30:30.200,3798.4000,9355,0,43321380.000,0,-,-,-,-,3796.8000,3796.6000,3795.0000,3790.4000,3790.0000,3798.4000,3799.0000,3799.4000,3800.0000,3801.0000,2,1,1,1,2,1,1,1,1,1
SF,IF2012,2020-06-17 09:30:30.700,3796.8000,9354,-1,45599460.000,2,0,2,多平,S,3796.6000,3795.0000,3790.4000,3790.0000,3788.6000,3798.2000,3798.4000,3799.0000,3800.0000,3801.0000,1,1,1,2,2,1,1,1,1,1
SF,IF2012,2020-06-17 09:30:31.200,3796.8000,9354,0,45599460.000,0,-,-,-,-,3795.0000,3790.4000,3790.0000,3788.6000,3785.0000,3798.0000,3799.0000,3800.0000,3801.0000,3804.0000,1,1,2,2,5,1,1,1,1,2
SF,IF2012,2020-06-17 09:30:31.700,3796.8000,9354,0,45599460.000,0,-,-,-,-,3795.2000,3795.0000,3790.4000,3790.0000,3788.6000,3797.8000,3798.0000,3799.0000,3800.0000,3801.0000,1,1,1,2,2,1,1,1,1,1
SF,IF2012,2020-06-17 09:30:32.200,3796.8000,9354,0,45599460.000,0,-,-,-,-,3795.2000,3795.0000,3790.4000,3790.0000,3788.6000,3797.6000,3797.8000,3799.0000,3800.0000,3801.0000,1,1,1,2,2,1,1,1,1,1
SF,IF2012,2020-06-17 09:30:32.700,3796.8000,9354,0,45599460.000,0,-,-,-,-,3795.2000,3795.0000,3790.4000,3790.0000,3788.6000,3797.4000,3797.6000,3799.0000,3800.0000,3801.0000,1,1,1,2,2,1,1,1,1,1
SF,IF2012,2020-06-17 09:30:33.200,3796.8000,9354,0,45599460.000,0,-,-,-,-,3795.2000,3795.0000,3790.4000,3790.0000,3788.6000,3797.2000,3797.4000,3799.0000,3800.0000,3801.0000,1,1,1,2,2,1,1,1,1,1
SF,IF2012,2020-06-17 09:30:33.700,3796.8000,9354,0,45599460.000,0,-,-,-,-,3795.2000,3795.0000,3790.4000,3790.0000,3788.6000,3797.0000,3797.2000,3799.0000,3800.0000,3801.0000,1,1,1,2,2,1,1,2,1,1
SF,IF2012,2020-06-17 09:30:34.200,3796.8000,9354,0,45599460.000,0,-,-,-,-,3796.0000,3795.2000,3795.0000,3790.4000,3790.0000,3796.8000,3797.0000,3799.0000,3800.0000,3801.0000,1,1,1,1,2,1,1,2,1,1
SF,IF2012,2020-06-17 09:30:34.700,3796.8000,9353,-1,46738500.000,1,0,1,双平,S,3796.0000,3795.2000,3795.0000,3790.4000,3790.0000,3799.0000,3800.0000,3801.0000,3804.0000,3805.0000,1,1,1,1,2,2,1,1,2,5
SF,IF2012,2020-06-17 09:30:35.200,3796.2000,9352,-1,47877360.000,1,0,1,双平,S,3796.0000,3795.0000,3790.4000,3790.0000,3788.6000,3798.8000,3799.0000,3800.0000,3801.0000,3804.0000,1,1,1,2,2,2,1,1,1,2
SF,IF2012,2020-06-17 09:30:35.700,3796.2000,9352,0,47877360.000,0,-,-,-,-,3796.2000,3796.0000,3795.0000,3790.4000,3790.0000,3798.4000,3798.8000,3799.0000,3800.0000,3801.0000,1,1,1,1,2,1,2,1,1,1
SF,IF2012,2020-06-17 09:30:36.200,3796.2000,9352,0,47877360.000,0,-,-,-,-,3796.0000,3795.0000,3790.4000,3790.0000,3788.6000,3798.2000,3798.4000,3799.0000,3800.0000,3801.0000,1,1,1,2,2,2,1,1,1,1
SF,IF2012,2020-06-17 09:30:36.700,3796.0000,9351,-1,49016160.000,1,0,1,双平,S,3795.0000,3790.4000,3790.0000,3788.6000,3785.0000,3798.2000,3798.4000,3799.0000,3800.0000,3801.0000,1,1,2,2,5,2,1,1,1,1
SF,IF2012,2020-06-17 09:30:37.200,3796.0000,9351,0,49016160.000,0,-,-,-,-,3795.2000,3795.0000,3790.4000,3790.0000,3788.6000,3798.2000,3798.4000,3799.0000,3800.0000,3801.0000,1,1,1,2,2,2,1,1,1,1
SF,IF2012,2020-06-17 09:30:37.700,3796.0000,9351,0,49016160.000,0,-,-,-,-,3795.0000,3790.4000,3790.0000,3788.6000,3785.0000,3796.0000,3797.8000,3798.2000,3799.0000,3800.0000,1,1,2,2,5,8,1,2,1,1
SF,IF2012,2020-06-17 09:30:41.200,3796.0000,9351,0,49016160.000,0,-,-,-,-,3795.0000,3790.4000,3790.0000,3788.6000,3785.0000,3796.0000,3797.8000,3798.2000,3799.0000,3800.0000,1,1,2,2,6,8,1,2,1,1
SF,IF2012,2020-06-17 09:30:42.700,3796.0000,9350,-1,50154960.000,1,0,1,双平,S,3795.0000,3790.4000,3790.0000,3788.6000,3785.0000,3796.0000,3797.8000,3798.2000,3799.0000,3800.0000,1,1,2,2,6,7,1,2,1,1
SF,IF2012,2020-06-17 09:30:43.700,3795.0000,9350,0,51293460.000,1,0,1,多换,S,3790.4000,3790.0000,3788.6000,3785.0000,3780.0000,3796.0000,3797.8000,3798.2000,3799.0000,3800.0000,1,2,2,6,1,7,1,2,1,1
SF,IF2012,2020-06-17 09:30:44.200,3795.0000,9350,0,51293460.000,0,-,-,-,-,3792.6000,3790.8000,3790.6000,3790.4000,3790.0000,3795.8000,3796.0000,3797.8000,3799.0000,3800.0000,1,2,1,1,2,2,7,1,1,1
SF,IF2012,2020-06-17 09:30:44.700,3795.0000,9350,0,51293460.000,0,-,-,-,-,3795.0000,3792.8000,3792.6000,3790.8000,3790.4000,3795.8000,3796.0000,3797.8000,3799.0000,3800.0000,1,1,1,2,1,2,7,1,1,1
SF,IF2012,2020-06-17 09:30:45.200,3795.0000,9350,0,51293460.000,0,-,-,-,-,3795.0000,3792.8000,3792.6000,3790.8000,3790.4000,3796.0000,3797.8000,3799.0000,3800.0000,3801.0000,1,2,1,2,1,7,1,1,1,1
SF,IF2012,2020-06-17 09:30:46.700,3795.0000,9350,0,51293460.000,0,-,-,-,-,3795.0000,3792.8000,3792.6000,3790.8000,3790.4000,3796.0000,3797.8000,3799.0000,3800.0000,3801.0000,1,2,1,2,1,7,1,1,1,1
SF,IF2012,2020-06-17 09:30:48.700,3796.0000,9349,-1,52432260.000,1,0,1,双平,S,3795.0000,3792.8000,3792.6000,3790.8000,3790.4000,3796.0000,3797.8000,3799.0000,3800.0000,3801.0000,1,2,1,2,1,6,1,1,1,1
SF,IF2012,2020-06-17 09:30:49.200,3796.0000,9349,0,52432260.000,0,-,-,-,-,3795.2000,3795.0000,3792.8000,3792.6000,3790.8000,3796.0000,3799.0000,3800.0000,3801.0000,3804.0000,1,1,1,1,2,6,1,1,1,2
SF,IF2012,2020-06-17 09:30:49.700,3796.0000,9349,0,52432260.000,0,-,-,-,-,3795.0000,3792.8000,3792.6000,3790.8000,3790.4000,3796.0000,3799.0000,3800.0000,3801.0000,3804.0000,1,1,1,2,1,6,1,1,1,2
SF,IF2012,2020-06-17 09:30:56.200,3796.0000,9349,0,52432260.000,0,-,-,-,-,3795.0000,3792.6000,3790.8000,3790.4000,3790.0000,3796.0000,3799.0000,3800.0000,3801.0000,3804.0000,1,1,2,1,2,6,1,1,1,2
SF,IF2012,2020-06-17 09:30:56.700,3796.0000,9349,0,52432260.000,0,-,-,-,-,3795.0000,3792.6000,3790.8000,3790.4000,3790.0000,3796.0000,3799.0000,3800.0000,3801.0000,3804.0000,1,1,2,1,2,6,1,1,1,2
SF,IF2012,2020-06-17 09:30:57.700,3796.0000,9349,0,52432260.000,0,-,-,-,-,3795.0000,3792.6000,3790.8000,3790.4000,3790.0000,3796.0000,3799.0000,3800.0000,3801.0000,3804.0000,1,1,2,1,2,6,1,1,1,2
SF,IF2012,2020-06-17 09:30:58.700,3796.0000,9349,0,52432260.000,0,-,-,-,-,3795.8000,3795.0000,3792.6000,3790.8000,3790.4000,3796.0000,3799.0000,3800.0000,3801.0000,3804.0000,1,1,1,2,1,6,1,1,1,2
SF,IF2012,2020-06-17 09:30:59.200,3796.0000,9345,-4,56987460.000,4,0,4,双平,S,3795.8000,3795.0000,3792.6000,3790.8000,3790.4000,3796.0000,3799.0000,3800.0000,3801.0000,3804.0000,1,1,1,2,1,2,1,1,1,2
SF,IF2012,2020-06-17 09:30:59.700,3796.0000,9343,-2,59265060.000,2,0,2,双平,S,3795.8000,3795.0000,3792.6000,3790.8000,3790.4000,3799.0000,3800.0000,3801.0000,3804.0000,3805.0000,1,1,1,2,1,1,1,1,2,5
SF,IF2012,2020-06-17 09:31:00.200,3796.0000,9343,0,59265060.000,0,-,-,-,-,3796.0000,3795.8000,3795.0000,3792.6000,3790.8000,3798.8000,3799.0000,3800.0000,3801.0000,3804.0000,1,1,2,1,2,2,1,1,1,2
SF,IF2012,2020-06-17 09:31:00.700,3796.0000,9343,0,59265060.000,0,-,-,-,-,3795.8000,3795.0000,3792.6000,3790.8000,3790.4000,3798.8000,3799.0000,3800.0000,3801.0000,3804.0000,1,2,1,2,1,2,1,1,1,2
SF,IF2012,2020-06-17 09:31:01.200,3796.0000,9343,0,59265060.000,0,-,-,-,-,3795.8000,3795.0000,3792.6000,3790.8000,3790.4000,3798.8000,3799.0000,3800.0000,3801.0000,3804.0000,1,2,1,2,1,2,1,1,1,2
SF,IF2012,2020-06-17 09:31:01.700,3796.0000,9343,0,59265060.000,0,-,-,-,-,3795.8000,3795.0000,3792.6000,3790.8000,3790.4000,3798.6000,3798.8000,3799.0000,3800.0000,3801.0000,1,2,1,2,1,2,2,1,1,1
SF,IF2012,2020-06-17 09:31:02.200,3796.0000,9343,0,59265060.000,0,-,-,-,-,3795.8000,3795.0000,3792.6000,3790.8000,3790.4000,3798.4000,3798.6000,3799.0000,3800.0000,3801.0000,1,2,1,2,1,2,2,1,1,1
SF,IF2012,2020-06-17 09:31:02.700,3796.0000,9343,0,59265060.000,0,-,-,-,-,3796.0000,3795.8000,3795.0000,3792.6000,3790.8000,3798.4000,3798.6000,3799.0000,3800.0000,3801.0000,1,1,2,1,2,2,1,1,1,1
SF,IF2012,2020-06-17 09:31:03.200,3796.0000,9343,0,59265060.000,0,-,-,-,-,3796.0000,3795.8000,3795.0000,3792.6000,3790.8000,3798.2000,3798.4000,3799.0000,3800.0000,3801.0000,1,1,2,1,2,1,2,1,1,1
SF,IF2012,2020-06-17 09:31:03.700,3796.0000,9343,0,59265060.000,0,-,-,-,-,3796.2000,3796.0000,3795.8000,3795.0000,3792.6000,3798.0000,3798.2000,3799.0000,3800.0000,3801.0000,2,1,1,2,1,1,1,1,1,1
SF,IF2012,2020-06-17 09:31:04.200,3796.4000,9341,-2,62682300.000,3,0,3,多平,S,3796.4000,3796.2000,3795.8000,3795.0000,3792.6000,3798.2000,3799.0000,3800.0000,3801.0000,3804.0000,1,2,1,2,1,1,1,1,1,2
SF,IF2012,2020-06-17 09:31:04.700,3796.4000,9341,0,62682300.000,0,-,-,-,-,3796.4000,3796.2000,3795.8000,3795.0000,3792.6000,3798.0000,3798.2000,3799.0000,3800.0000,3801.0000,1,2,1,2,1,1,1,1,1,1
SF,IF2012,2020-06-17 09:31:05.200,3796.4000,9341,0,62682300.000,0,-,-,-,-,3796.4000,3796.2000,3795.8000,3795.0000,3792.6000,3798.0000,3798.2000,3799.0000,3800.0000,3801.0000,1,1,1,2,1,1,1,1,1,1
SF,IF2012,2020-06-17 09:31:05.700,3798.0000,9341,0,63821700.000,1,0,1,多换,S,3796.4000,3796.2000,3795.8000,3795.0000,3792.6000,3798.2000,3799.0000,3800.0000,3801.0000,3804.0000,1,1,1,2,1,1,1,1,1,2
SF,IF2012,2020-06-17 09:31:06.200,3798.0000,9341,0,63821700.000,0,-,-,-,-,3796.6000,3796.4000,3796.2000,3795.8000,3795.0000,3799.0000,3800.0000,3801.0000,3804.0000,3805.0000,1,1,1,1,2,1,1,1,2,5
SF,IF2012,2020-06-17 09:31:06.700,3798.0000,9341,0,63821700.000,0,-,-,-,-,3796.8000,3796.6000,3795.8000,3795.0000,3792.6000,3798.8000,3799.0000,3800.0000,3801.0000,3804.0000,2,1,1,2,1,1,1,1,1,2
SF,IF2012,2020-06-17 09:31:07.200,3796.8000,9340,-1,64960740.000,1,0,1,双平,S,3796.8000,3795.8000,3795.0000,3792.6000,3791.6000,3799.0000,3800.0000,3801.0000,3804.0000,3805.0000,1,1,2,1,1,1,1,1,2,5
SF,IF2012,2020-06-17 09:31:07.700,3796.8000,9340,0,64960740.000,0,-,-,-,-,3797.0000,3796.8000,3795.8000,3795.0000,3792.6000,3798.8000,3799.0000,3800.0000,3801.0000,3804.0000,2,1,1,2,1,1,1,1,1,2
SF,IF2012,2020-06-17 09:31:08.200,3796.8000,9340,0,66099780.000,1,0,1,多换,S,3797.0000,3796.8000,3795.8000,3795.0000,3792.6000,3799.0000,3800.0000,3801.0000,3804.0000,3805.0000,1,1,1,2,1,1,1,1,2,5
SF,IF2012,2020-06-17 09:31:08.700,3796.8000,9340,0,66099780.000,0,-,-,-,-,3797.2000,3797.0000,3795.8000,3795.0000,3792.6000,3799.0000,3800.0000,3801.0000,3804.0000,3805.0000,1,1,1,2,1,1,1,1,2,5
SF,IF2012,2020-06-17 09:31:09.200,3796.8000,9340,0,66099780.000,0,-,-,-,-,3797.4000,3797.2000,3795.8000,3795.0000,3792.6000,3799.0000,3800.0000,3801.0000,3804.0000,3805.0000,1,1,1,2,1,1,1,1,2,5
SF,IF2012,2020-06-17 09:31:10.700,3796.8000,9340,0,66099780.000,0,-,-,-,-,3797.4000,3797.2000,3795.8000,3795.0000,3792.6000,3799.0000,3799.6000,3800.0000,3801.0000,3804.0000,1,1,1,2,1,1,1,1,1,2
SF,IF2012,2020-06-17 09:31:11.700,3796.8000,9340,0,66099780.000,0,-,-,-,-,3797.4000,3797.2000,3795.8000,3795.0000,3791.6000,3798.8000,3799.0000,3799.6000,3800.0000,3801.0000,1,1,1,2,1,1,1,1,1,1
SF,IF2012,2020-06-17 09:31:12.200,3796.8000,9340,0,66099780.000,0,-,-,-,-,3795.8000,3795.0000,3791.6000,3790.8000,3790.4000,3798.6000,3798.8000,3799.0000,3799.6000,3800.0000,1,2,1,2,1,1,1,1,1,1
SF,IF2012,2020-06-17 09:31:12.700,3796.8000,9340,0,66099780.000,0,-,-,-,-,3796.0000,3795.8000,3795.0000,3791.6000,3790.8000,3798.4000,3798.6000,3798.8000,3799.0000,3799.6000,1,1,2,1,2,2,1,1,1,1
SF,IF2012,2020-06-17 09:31:13.200,3796.8000,9340,0,66099780.000,0,-,-,-,-,3796.0000,3795.8000,3795.0000,3791.6000,3790.8000,3798.2000,3798.4000,3799.0000,3799.6000,3800.0000,1,1,2,1,2,1,2,1,1,1
SF,IF2012,2020-06-17 09:31:13.700,3796.8000,9340,0,66099780.000,0,-,-,-,-,3796.0000,3795.8000,3795.0000,3791.6000,3790.8000,3798.0000,3798.2000,3799.0000,3800.0000,3801.0000,1,1,2,1,2,2,2,1,1,1
SF,IF2012,2020-06-17 09:31:17.200,3796.8000,9340,0,66099780.000,0,-,-,-,-,3796.0000,3795.8000,3795.0000,3791.6000,3790.8000,3798.0000,3798.2000,3799.0000,3800.0000,3801.0000,1,1,2,1,2,2,1,1,1,1
SF,IF2012,2020-06-17 09:31:17.700,3796.8000,9340,0,66099780.000,0,-,-,-,-,3796.0000,3795.8000,3795.0000,3791.6000,3790.8000,3797.8000,3798.0000,3799.0000,3801.0000,3804.0000,1,1,2,1,2,1,2,1,1,2
SF,IF2012,2020-06-17 09:31:20.200,3796.0000,9340,0,67238580.000,1,0,1,多换,S,3795.8000,3795.0000,3791.6000,3790.8000,3790.4000,3797.8000,3798.0000,3799.0000,3801.0000,3804.0000,1,2,1,2,1,1,2,1,1,2
SF,IF2012,2020-06-17 09:31:20.700,3796.0000,9340,0,67238580.000,0,-,-,-,-,3795.8000,3795.0000,3791.6000,3790.8000,3790.4000,3797.6000,3797.8000,3798.0000,3799.0000,3801.0000,1,2,1,2,1,1,1,1,1,1
SF,IF2012,2020-06-17 09:31:21.200,3796.0000,9340,0,67238580.000,0,-,-,-,-,3795.8000,3795.0000,3791.6000,3790.8000,3790.4000,3797.4000,3797.6000,3798.0000,3799.0000,3801.0000,1,2,1,2,1,1,1,1,1,1
SF,IF2012,2020-06-17 09:31:26.200,3796.0000,9340,0,67238580.000,0,-,-,-,-,3795.8000,3795.0000,3791.6000,3790.8000,3790.4000,3797.0000,3797.4000,3797.6000,3798.0000,3799.0000,1,2,1,2,1,1,1,1,1,1
SF,IF2012,2020-06-17 09:31:26.700,3796.0000,9340,0,67238580.000,0,-,-,-,-,3795.8000,3795.0000,3791.6000,3790.8000,3790.4000,3796.8000,3797.0000,3798.0000,3799.0000,3801.0000,1,2,1,2,1,1,1,1,1,1
SF,IF2012,2020-06-17 09:31:27.200,3796.0000,9340,0,67238580.000,0,-,-,-,-,3795.8000,3795.0000,3791.6000,3790.8000,3790.4000,3796.8000,3797.0000,3798.0000,3799.0000,3801.0000,1,2,1,2,1,1,2,1,1,1
SF,IF2012,2020-06-17 09:31:27.700,3795.8000,9341,1,68377320.000,1,1,0,双开,S,3795.0000,3791.6000,3790.8000,3790.4000,3790.0000,3796.8000,3797.0000,3798.0000,3799.0000,3801.0000,2,1,2,1,2,1,2,1,1,1
SF,IF2012,2020-06-17 09:31:28.200,3795.8000,9341,0,68377320.000,0,-,-,-,-,3795.2000,3795.0000,3791.6000,3790.8000,3790.4000,3796.6000,3796.8000,3797.0000,3798.0000,3799.0000,1,2,1,2,1,1,1,2,1,1
SF,IF2012,2020-06-17 09:31:28.700,3795.8000,9341,0,68377320.000,0,-,-,-,-,3795.0000,3791.6000,3790.8000,3790.4000,3790.0000,3796.4000,3796.6000,3797.0000,3799.0000,3801.0000,2,1,2,1,2,1,1,2,1,1
SF,IF2012,2020-06-17 09:31:29.700,3795.8000,9341,0,68377320.000,0,-,-,-,-,3795.0000,3791.6000,3790.8000,3790.4000,3790.0000,3796.4000,3797.0000,3799.0000,3801.0000,3804.0000,2,1,2,1,2,1,2,1,1,2
SF,IF2012,2020-06-17 09:31:30.700,3795.8000,9341,0,68377320.000,0,-,-,-,-,3795.0000,3791.6000,3790.8000,3790.4000,3790.0000,3796.2000,3796.4000,3797.0000,3799.0000,3801.0000,2,1,2,1,2,1,1,2,1,1
SF,IF2012,2020-06-17 09:31:31.200,3795.8000,9341,0,68377320.000,0,-,-,-,-,3795.0000,3791.6000,3790.8000,3790.4000,3790.0000,3796.0000,3796.2000,3797.0000,3799.0000,3801.0000,2,1,2,1,2,1,1,2,1,1
SF,IF2012,2020-06-17 09:31:32.200,3795.8000,9341,0,68377320.000,0,-,-,-,-,3795.0000,3791.6000,3790.8000,3790.4000,3790.0000,3795.8000,3796.0000,3796.2000,3797.0000,3799.0000,2,1,2,1,2,1,1,1,2,1
SF,IF2012,2020-06-17 09:31:32.700,3795.0000,9339,-2,70654320.000,2,0,2,双平,S,3791.6000,3790.8000,3790.4000,3790.0000,3788.6000,3795.6000,3795.8000,3796.2000,3797.0000,3799.0000,1,2,1,2,2,1,1,1,2,1
SF,IF2012,2020-06-17 09:31:33.200,3795.0000,9339,0,70654320.000,0,-,-,-,-,3792.6000,3791.8000,3791.6000,3790.8000,3790.4000,3795.4000,3795.6000,3795.8000,3797.0000,3799.0000,1,1,1,2,1,1,1,1,2,1
SF,IF2012,2020-06-17 09:31:33.700,3795.0000,9339,0,70654320.000,0,-,-,-,-,3792.8000,3792.6000,3791.6000,3790.8000,3790.4000,3795.2000,3797.0000,3799.0000,3801.0000,3804.0000,2,1,1,2,1,1,2,1,1,2
SF,IF2012,2020-06-17 09:31:34.200,3795.0000,9339,0,70654320.000,0,-,-,-,-,3792.8000,3792.6000,3791.6000,3790.8000,3790.4000,3795.2000,3797.0000,3799.0000,3801.0000,3804.0000,3,1,1,2,1,1,2,1,1,2
SF,IF2012,2020-06-17 09:31:34.700,3795.0000,9339,0,70654320.000,0,-,-,-,-,3793.0000,3792.8000,3792.6000,3791.6000,3790.8000,3795.2000,3797.0000,3799.0000,3801.0000,3804.0000,1,3,1,1,2,1,2,1,1,2
SF,IF2012,2020-06-17 09:31:35.200,3795.2000,9339,0,71792880.000,1,0,1,多换,S,3793.2000,3793.0000,3792.8000,3792.6000,3791.6000,3797.0000,3799.0000,3801.0000,3804.0000,3805.0000,2,1,1,1,1,1,1,1,2,5
SF,IF2012,2020-06-17 09:31:35.700,3795.2000,9339,0,71792880.000,0,-,-,-,-,3793.2000,3793.0000,3792.8000,3792.6000,3791.6000,3796.8000,3797.0000,3799.0000,3801.0000,3804.0000,2,1,1,1,1,1,1,1,1,2
SF,IF2012,2020-06-17 09:31:36.200,3795.2000,9339,0,71792880.000,0,-,-,-,-,3793.4000,3793.2000,3792.8000,3792.6000,3791.6000,3796.8000,3797.0000,3799.0000,3801.0000,3804.0000,1,2,1,1,1,1,1,1,1,2
SF,IF2012,2020-06-17 09:31:36.700,3795.2000,9339,0,71792880.000,0,-,-,-,-,3793.6000,3793.4000,3792.8000,3792.6000,3791.6000,3796.8000,3797.0000,3799.0000,3801.0000,3804.0000,2,1,1,1,1,1,1,1,1,2
SF,IF2012,2020-06-17 09:31:37.200,3793.6000,9338,-1,72930960.000,1,0,1,双平,S,3793.6000,3793.4000,3792.8000,3792.6000,3791.6000,3796.6000,3796.8000,3797.0000,3799.0000,3801.0000,1,1,1,1,1,1,1,1,1,1
SF,IF2012,2020-06-17 09:31:37.700,3793.6000,9338,0,72930960.000,0,-,-,-,-,3793.8000,3793.4000,3792.8000,3792.6000,3791.6000,3796.4000,3796.6000,3797.0000,3799.0000,3801.0000,1,1,1,1,1,2,1,1,1,1
SF,IF2012,2020-06-17 09:31:38.200,3793.6000,9338,0,72930960.000,0,-,-,-,-,3793.8000,3792.8000,3792.6000,3791.6000,3790.8000,3796.2000,3796.4000,3796.6000,3797.0000,3799.0000,2,1,1,1,2,1,2,1,1,1
SF,IF2012,2020-06-17 09:31:38.700,3793.6000,9338,0,72930960.000,0,-,-,-,-,3793.8000,3792.8000,3792.6000,3791.6000,3790.8000,3796.0000,3796.2000,3796.6000,3797.0000,3799.0000,2,1,1,1,2,2,1,1,1,1
SF,IF2012,2020-06-17 09:31:39.200,3793.6000,9338,0,72930960.000,0,-,-,-,-,3793.8000,3792.6000,3791.6000,3790.8000,3790.4000,3796.0000,3796.2000,3796.6000,3797.0000,3799.0000,2,1,1,2,1,2,1,1,1,1
SF,IF2012,2020-06-17 09:31:39.700,3793.6000,9338,0,72930960.000,0,-,-,-,-,3793.8000,3792.6000,3791.6000,3790.8000,3790.4000,3795.8000,3796.0000,3796.2000,3796.6000,3797.0000,2,1,1,2,1,1,2,1,1,1
SF,IF2012,2020-06-17 09:31:40.200,3793.6000,9338,0,72930960.000,0,-,-,-,-,3793.8000,3792.6000,3791.6000,3790.8000,3790.4000,3795.6000,3795.8000,3796.2000,3799.0000,3801.0000,2,1,1,2,1,2,1,1,1,1
SF,IF2012,2020-06-17 09:31:40.700,3793.6000,9338,0,72930960.000,0,-,-,-,-,3793.8000,3792.6000,3791.6000,3790.8000,3790.4000,3795.6000,3795.8000,3796.2000,3799.0000,3801.0000,1,1,1,2,1,2,1,1,1,1
SF,IF2012,2020-06-17 09:31:41.200,3793.6000,9338,0,72930960.000,0,-,-,-,-,3793.8000,3792.6000,3791.6000,3790.8000,3790.4000,3795.6000,3795.8000,3799.0000,3801.0000,3804.0000,1,1,1,2,1,2,1,1,1,2
SF,IF2012,2020-06-17 09:31:41.700,3793.6000,9338,0,72930960.000,0,-,-,-,-,3793.8000,3792.6000,3791.6000,3790.8000,3790.4000,3795.6000,3799.0000,3801.0000,3804.0000,3805.0000,1,1,1,2,1,2,1,1,2,5
SF,IF2012,2020-06-17 09:31:42.700,3793.6000,9338,0,72930960.000,0,-,-,-,-,3793.8000,3792.6000,3791.6000,3790.8000,3790.4000,3795.4000,3795.6000,3799.0000,3801.0000,3804.0000,1,1,1,2,1,1,2,1,1,2
SF,IF2012,2020-06-17 09:31:43.200,3793.6000,9338,0,72930960.000,0,-,-,-,-,3793.8000,3792.6000,3791.6000,3790.8000,3790.4000,3795.2000,3795.4000,3795.6000,3799.0000,3801.0000,1,1,1,2,1,1,1,1,1,1
SF,IF2012,2020-06-17 09:31:43.700,3793.6000,9338,0,72930960.000,0,-,-,-,-,3793.8000,3792.6000,3791.6000,3790.8000,3790.4000,3795.0000,3795.2000,3795.4000,3795.6000,3799.0000,1,1,1,2,1,1,1,1,1,1
SF,IF2012,2020-06-17 09:31:51.200,3793.8000,9337,-1,74069100.000,1,0,1,双平,S,3792.6000,3791.6000,3790.8000,3790.4000,3790.0000,3795.0000,3795.2000,3795.4000,3795.6000,3799.0000,1,1,2,1,2,1,1,1,1,1
SF,IF2012,2020-06-17 09:31:51.700,3793.8000,9337,0,74069100.000,0,-,-,-,-,3792.8000,3792.6000,3791.6000,3790.8000,3790.4000,3794.8000,3795.0000,3795.4000,3799.0000,3801.0000,1,1,1,2,1,2,1,1,1,1
SF,IF2012,2020-06-17 09:31:52.200,3793.8000,9337,0,74069100.000,0,-,-,-,-,3792.8000,3792.6000,3791.6000,3790.8000,3790.4000,3794.6000,3794.8000,3795.0000,3799.0000,3801.0000,1,1,1,2,1,1,2,1,1,1
SF,IF2012,2020-06-17 09:31:52.700,3793.8000,9337,0,74069100.000,0,-,-,-,-,3792.8000,3792.6000,3791.6000,3790.8000,3790.4000,3794.4000,3794.6000,3794.8000,3799.0000,3801.0000,1,1,1,2,1,1,1,1,1,1
SF,IF2012,2020-06-17 09:31:53.200,3793.8000,9337,0,74069100.000,0,-,-,-,-,3793.0000,3792.8000,3792.6000,3791.6000,3790.8000,3794.2000,3794.4000,3794.6000,3794.8000,3799.0000,1,1,1,1,2,1,1,1,1,1
SF,IF2012,2020-06-17 09:31:53.700,3793.8000,9337,0,74069100.000,0,-,-,-,-,3792.6000,3791.6000,3790.8000,3790.4000,3790.0000,3794.0000,3794.2000,3794.6000,3794.8000,3799.0000,1,1,2,1,2,1,1,1,1,1
SF,IF2012,2020-06-17 09:31:54.700,3794.0000,9336,-1,75207300.000,1,0,1,双平,S,3792.6000,3791.6000,3790.8000,3790.0000,3788.6000,3794.2000,3794.6000,3794.8000,3799.0000,3801.0000,1,1,2,2,2,1,1,1,1,1
SF,IF2012,2020-06-17 09:31:55.200,3794.0000,9336,0,75207300.000,0,-,-,-,-,3792.8000,3792.6000,3791.6000,3790.8000,3790.0000,3794.6000,3794.8000,3799.0000,3801.0000,3804.0000,2,1,1,2,2,1,1,1,1,2
SF,IF2012,2020-06-17 09:31:55.700,3792.8000,9335,-1,76345140.000,1,0,1,双平,S,3792.6000,3791.6000,3790.8000,3790.0000,3788.6000,3794.4000,3794.6000,3794.8000,3799.0000,3801.0000,1,1,2,2,2,1,1,1,1,1
SF,IF2012,2020-06-17 09:31:56.200,3792.8000,9335,0,76345140.000,0,-,-,-,-,3792.8000,3792.6000,3791.6000,3790.8000,3790.0000,3794.2000,3794.4000,3794.6000,3794.8000,3799.0000,1,1,1,2,2,1,1,1,1,1
SF,IF2012,2020-06-17 09:31:56.700,3792.8000,9335,0,76345140.000,0,-,-,-,-,3792.6000,3791.6000,3790.8000,3790.0000,3788.6000,3794.0000,3794.2000,3794.6000,3794.8000,3799.0000,2,1,2,2,2,1,1,1,1,1
SF,IF2012,2020-06-17 09:31:57.200,3792.8000,9335,0,76345140.000,0,-,-,-,-,3792.6000,3791.6000,3790.8000,3790.0000,3788.6000,3794.0000,3794.2000,3794.8000,3799.0000,3801.0000,2,1,2,2,2,1,1,1,1,1
SF,IF2012,2020-06-17 09:31:57.700,3792.8000,9335,0,76345140.000,0,-,-,-,-,3792.6000,3791.6000,3790.8000,3790.0000,3788.6000,3794.0000,3794.2000,3794.8000,3799.0000,3801.0000,2,1,2,2,2,1,1,1,1,1
SF,IF2012,2020-06-17 09:31:58.200,3792.8000,9335,0,76345140.000,0,-,-,-,-,3792.6000,3791.6000,3790.8000,3790.0000,3788.6000,3793.8000,3794.0000,3794.2000,3794.8000,3799.0000,2,1,2,2,2,1,1,1,1,1
SF,IF2012,2020-06-17 09:31:58.700,3794.0000,9334,-1,78621480.000,2,0,2,多平,S,3792.6000,3791.6000,3790.8000,3790.0000,3788.6000,3794.8000,3799.0000,3801.0000,3804.0000,3805.0000,2,1,2,2,2,1,1,1,2,5
SF,IF2012,2020-06-17 09:31:59.200,3794.0000,9334,0,78621480.000,0,-,-,-,-,3792.8000,3792.6000,3791.6000,3790.8000,3790.0000,3794.6000,3799.0000,3801.0000,3804.0000,3805.0000,3,2,1,2,1,1,1,1,2,5
SF,IF2012,2020-06-17 09:31:59.700,3794.0000,9334,0,78621480.000,0,-,-,-,-,3793.0000,3792.8000,3792.6000,3791.6000,3790.8000,3794.6000,3799.0000,3801.0000,3804.0000,3805.0000,1,2,2,1,2,1,1,1,2,5
SF,IF2012,2020-06-17 09:32:00.700,3794.0000,9334,0,78621480.000,0,-,-,-,-,3793.2000,3792.8000,3792.6000,3791.6000,3790.8000,3794.6000,3799.0000,3801.0000,3804.0000,3805.0000,1,2,2,1,2,1,1,1,2,5
SF,IF2012,2020-06-17 09:32:01.200,3794.0000,9334,0,78621480.000,0,-,-,-,-,3792.8000,3792.6000,3791.6000,3790.8000,3790.0000,3794.6000,3799.0000,3801.0000,3804.0000,3805.0000,1,2,1,2,1,1,1,1,2,5
SF,IF2012,2020-06-17 09:32:01.700,3794.0000,9334,0,78621480.000,0,-,-,-,-,3792.6000,3791.6000,3790.8000,3790.0000,3788.6000,3794.6000,3799.0000,3801.0000,3804.0000,3805.0000,2,1,2,1,2,1,1,1,2,5
SF,IF2012,2020-06-17 09:32:02.200,3794.0000,9334,0,78621480.000,0,-,-,-,-,3792.6000,3791.6000,3790.8000,3790.0000,3788.6000,3794.4000,3794.6000,3799.0000,3801.0000,3804.0000,2,1,2,1,2,1,1,1,1,2
SF,IF2012,2020-06-17 09:32:02.700,3794.0000,9334,0,78621480.000,0,-,-,-,-,3792.6000,3791.6000,3790.8000,3790.0000,3788.6000,3794.2000,3794.4000,3799.0000,3801.0000,3804.0000,2,1,2,1,2,1,1,1,1,2
SF,IF2012,2020-06-17 09:32:03.700,3792.6000,9334,0,79759260.000,1,0,1,多换,S,3792.6000,3791.6000,3790.8000,3790.0000,3788.6000,3794.2000,3794.4000,3799.0000,3801.0000,3804.0000,1,1,2,1,2,1,1,1,1,2
SF,IF2012,2020-06-17 09:32:04.200,3792.6000,9334,0,79759260.000,0,-,-,-,-,3792.6000,3791.6000,3790.8000,3790.0000,3788.6000,3794.0000,3794.2000,3794.4000,3799.0000,3801.0000,1,1,2,1,2,1,1,1,1,1
SF,IF2012,2020-06-17 09:32:04.700,3792.6000,9334,0,79759260.000,0,-,-,-,-,3792.6000,3791.6000,3790.8000,3790.0000,3788.6000,3794.0000,3794.2000,3794.4000,3799.0000,3801.0000,1,1,2,1,2,1,1,1,1,1
SF,IF2012,2020-06-17 09:32:05.200,3792.6000,9334,0,79759260.000,0,-,-,-,-,3792.6000,3791.6000,3790.8000,3790.0000,3788.6000,3793.8000,3794.0000,3794.4000,3799.0000,3801.0000,1,1,2,1,2,1,1,1,1,1
SF,IF2012,2020-06-17 09:32:05.700,3792.6000,9334,0,79759260.000,0,-,-,-,-,3792.6000,3791.6000,3790.8000,3790.0000,3788.6000,3793.8000,3794.0000,3794.4000,3799.0000,3801.0000,1,1,2,1,2,1,1,1,1,1
SF,IF2012,2020-06-17 09:32:06.200,3792.6000,9334,0,80897040.000,1,0,1,多换,S,3791.6000,3790.8000,3790.0000,3788.6000,3786.6000,3793.8000,3794.0000,3794.4000,3799.0000,3801.0000,1,2,1,2,1,1,1,1,1,1
SF,IF2012,2020-06-17 09:32:06.700,3792.6000,9334,0,80897040.000,0,-,-,-,-,3791.8000,3791.6000,3790.8000,3790.0000,3788.6000,3793.6000,3793.8000,3794.0000,3799.0000,3801.0000,1,1,2,1,2,1,2,1,1,1
SF,IF2012,2020-06-17 09:32:07.200,3792.6000,9334,0,80897040.000,0,-,-,-,-,3791.8000,3791.6000,3790.8000,3790.0000,3788.6000,3793.4000,3793.6000,3793.8000,3794.0000,3799.0000,1,1,1,1,2,1,1,1,1,1
SF,IF2012,2020-06-17 09:32:07.700,3792.6000,9334,0,80897040.000,0,-,-,-,-,3791.8000,3791.6000,3790.8000,3790.0000,3788.6000,3793.4000,3793.6000,3793.8000,3794.0000,3799.0000,1,1,1,1,2,1,1,1,1,1
SF,IF2012,2020-06-17 09:32:08.200,3793.4000,9333,-1,82035060.000,1,0,1,双平,S,3791.8000,3791.6000,3790.8000,3790.0000,3788.6000,3793.6000,3793.8000,3794.0000,3799.0000,3801.0000,1,1,1,1,2,1,1,1,1,1
SF,IF2012,2020-06-17 09:32:08.700,3793.4000,9333,0,82035060.000,0,-,-,-,-,3791.8000,3791.6000,3790.8000,3790.0000,3788.6000,3793.8000,3794.0000,3799.0000,3801.0000,3804.0000,1,1,1,1,2,1,1,1,1,2
SF,IF2012,2020-06-17 09:32:09.200,3793.4000,9333,0,82035060.000,0,-,-,-,-,3792.0000,3791.8000,3791.6000,3790.8000,3790.0000,3793.8000,3794.0000,3799.0000,3801.0000,3804.0000,2,1,1,1,1,1,1,1,1,2
SF,IF2012,2020-06-17 09:32:09.700,3793.4000,9333,0,82035060.000,0,-,-,-,-,3792.2000,3792.0000,3791.6000,3790.8000,3790.0000,3793.8000,3794.0000,3799.0000,3801.0000,3804.0000,1,2,1,1,1,1,1,1,1,2
SF,IF2012,2020-06-17 09:32:10.200,3793.4000,9333,0,82035060.000,0,-,-,-,-,3792.2000,3792.0000,3791.6000,3790.8000,3790.0000,3793.8000,3794.0000,3799.0000,3801.0000,3804.0000,1,1,1,1,1,1,1,1,1,2
SF,IF2012,2020-06-17 09:32:10.700,3793.4000,9333,0,82035060.000,0,-,-,-,-,3793.6000,3792.4000,3792.2000,3792.0000,3791.6000,3793.8000,3794.0000,3799.0000,3801.0000,3804.0000,1,1,1,1,1,1,1,1,1,2
SF,IF2012,2020-06-17 09:32:11.200,3793.6000,9333,0,83173140.000,1,0,1,多换,S,3792.4000,3792.2000,3792.0000,3791.6000,3790.8000,3793.8000,3794.0000,3799.0000,3801.0000,3804.0000,1,1,1,1,1,1,1,1,1,2
SF,IF2012,2020-06-17 09:32:11.700,3793.6000,9333,0,83173140.000,0,-,-,-,-,3792.6000,3792.4000,3792.0000,3791.6000,3790.8000,3793.8000,3794.0000,3799.0000,3801.0000,3804.0000,1,1,1,1,1,1,1,1,1,2
SF,IF2012,2020-06-17 09:32:12.700,3793.6000,9333,0,83173140.000,0,-,-,-,-,3792.6000,3792.0000,3791.6000,3790.8000,3790.0000,3793.8000,3794.0000,3799.0000,3801.0000,3804.0000,1,1,1,1,1,1,1,1,1,2
SF,IF2012,2020-06-17 09:32:14.700,3793.6000,9333,0,83173140.000,0,-,-,-,-,3792.6000,3792.0000,3791.6000,3790.8000,3790.0000,3793.8000,3794.0000,3799.0000,3801.0000,3804.0000,1,2,1,1,1,1,1,1,1,2
SF,IF2012,2020-06-17 09:32:15.200,3793.6000,9333,0,83173140.000,0,-,-,-,-,3792.6000,3792.0000,3791.6000,3790.8000,3790.0000,3793.8000,3794.0000,3799.0000,3801.0000,3804.0000,1,1,1,1,1,1,1,1,1,2
SF,IF2012,2020-06-17 09:32:15.700,3793.6000,9333,0,83173140.000,0,-,-,-,-,3792.0000,3791.6000,3790.8000,3790.0000,3788.6000,3793.8000,3794.0000,3799.0000,3801.0000,3804.0000,1,1,1,1,2,1,1,1,1,2
SF,IF2012,2020-06-17 09:32:16.200,3793.6000,9333,0,83173140.000,0,-,-,-,-,3792.2000,3792.0000,3791.6000,3790.8000,3790.0000,3793.6000,3793.8000,3794.0000,3799.0000,3801.0000,1,1,1,1,1,1,1,1,1,1
SF,IF2012,2020-06-17 09:32:18.700,3793.6000,9333,0,83173140.000,0,-,-,-,-,3792.2000,3792.0000,3791.6000,3790.8000,3790.0000,3792.6000,3793.6000,3793.8000,3794.0000,3799.0000,1,1,1,1,1,1,1,1,1,1
SF,IF2012,2020-06-17 09:32:19.200,3792.6000,9332,-1,84310920.000,1,0,1,双平,S,3792.2000,3792.0000,3791.6000,3790.8000,3790.0000,3793.6000,3793.8000,3794.0000,3799.0000,3801.0000,1,2,1,1,1,1,1,1,1,1
SF,IF2012,2020-06-17 09:32:23.200,3793.6000,9332,0,85449000.000,1,0,1,多换,S,3792.2000,3792.0000,3791.6000,3790.8000,3790.0000,3793.8000,3794.0000,3799.0000,3801.0000,3804.0000,1,2,1,1,1,1,1,1,1,2
SF,IF2012,2020-06-17 09:32:23.700,3793.6000,9332,0,85449000.000,0,-,-,-,-,3792.2000,3792.0000,3791.6000,3790.8000,3790.0000,3793.8000,3794.0000,3799.0000,3801.0000,3804.0000,1,2,1,1,1,1,1,1,1,2
SF,IF2012,2020-06-17 09:32:27.700,3794.0000,9333,1,87725340.000,2,1,1,空开,S,3792.2000,3792.0000,3791.6000,3790.8000,3790.0000,3799.0000,3801.0000,3804.0000,3805.0000,3805.8000,1,2,1,1,1,1,1,2,5,1
SF,IF2012,2020-06-17 09:32:28.200,3794.0000,9333,0,87725340.000,0,-,-,-,-,3792.4000,3792.2000,3792.0000,3791.6000,3790.8000,3796.8000,3798.8000,3799.0000,3801.0000,3804.0000,1,1,2,1,1,1,1,1,1,2
SF,IF2012,2020-06-17 09:32:28.700,3794.0000,9333,0,87725340.000,0,-,-,-,-,3792.6000,3792.4000,3792.0000,3791.6000,3790.8000,3796.0000,3796.6000,3796.8000,3799.0000,3801.0000,1,2,2,1,1,1,1,1,1,1
SF,IF2012,2020-06-17 09:32:29.200,3794.0000,9333,0,87725340.000,0,-,-,-,-,3792.8000,3792.6000,3792.4000,3792.0000,3791.6000,3795.8000,3796.0000,3796.8000,3799.0000,3801.0000,2,1,1,2,1,1,1,1,1,1
SF,IF2012,2020-06-17 09:32:29.700,3794.0000,9333,0,87725340.000,0,-,-,-,-,3793.0000,3792.8000,3792.0000,3791.6000,3790.8000,3795.8000,3796.0000,3796.8000,3799.0000,3801.0000,1,3,2,1,1,1,1,1,1,1
SF,IF2012,2020-06-17 09:32:30.200,3794.0000,9333,0,87725340.000,0,-,-,-,-,3793.0000,3792.8000,3792.0000,3791.6000,3790.8000,3795.6000,3795.8000,3796.0000,3799.0000,3801.0000,1,1,2,1,1,1,1,1,1,1
SF,IF2012,2020-06-17 09:32:30.700,3794.0000,9333,0,87725340.000,0,-,-,-,-,3793.0000,3792.8000,3792.0000,3791.6000,3790.8000,3795.4000,3795.6000,3796.0000,3799.0000,3801.0000,1,1,1,1,1,1,1,1,1,1
SF,IF2012,2020-06-17 09:32:31.200,3795.2000,9333,0,88863900.000,1,0,1,多换,S,3793.2000,3793.0000,3792.8000,3792.0000,3791.6000,3795.4000,3796.0000,3799.0000,3801.0000,3804.0000,1,1,1,1,1,1,1,1,1,2
SF,IF2012,2020-06-17 09:32:31.700,3795.2000,9333,0,88863900.000,0,-,-,-,-,3793.8000,3793.4000,3793.2000,3792.8000,3792.0000,3795.4000,3796.0000,3799.0000,3801.0000,3804.0000,1,1,1,2,1,1,1,1,1,2
SF,IF2012,2020-06-17 09:32:32.200,3795.4000,9333,0,90002520.000,1,0,1,多换,S,3794.0000,3793.8000,3793.2000,3792.8000,3792.0000,3796.0000,3799.0000,3801.0000,3804.0000,3805.0000,1,1,1,1,1,1,1,1,2,5
SF,IF2012,2020-06-17 09:32:32.700,3795.4000,9333,0,90002520.000,0,-,-,-,-,3794.2000,3794.0000,3793.8000,3792.8000,3792.0000,3795.8000,3796.0000,3799.0000,3801.0000,3804.0000,1,1,1,1,1,1,1,1,1,2
SF,IF2012,2020-06-17 09:32:33.200,3795.4000,9333,0,90002520.000,0,-,-,-,-,3794.4000,3794.2000,3793.8000,3792.8000,3792.0000,3795.8000,3796.0000,3799.0000,3801.0000,3804.0000,1,1,1,1,1,1,1,1,1,2
SF,IF2012,2020-06-17 09:32:36.200,3795.4000,9333,0,90002520.000,0,-,-,-,-,3794.4000,3794.2000,3793.8000,3792.8000,3792.0000,3795.8000,3796.0000,3799.0000,3801.0000,3804.0000,1,1,1,1,1,2,1,1,1,2
SF,IF2012,2020-06-17 09:32:36.700,3795.4000,9333,0,90002520.000,0,-,-,-,-,3794.4000,3794.2000,3793.8000,3792.8000,3792.0000,3795.8000,3796.0000,3799.0000,3801.0000,3804.0000,1,1,1,1,1,1,1,1,1,2
SF,IF2012,2020-06-17 09:32:37.200,3794.4000,9332,-1,91140840.000,1,0,1,双平,S,3794.2000,3793.8000,3792.8000,3792.0000,3791.6000,3795.4000,3795.8000,3796.0000,3799.0000,3801.0000,1,1,1,1,1,1,1,1,1,1
SF,IF2012,2020-06-17 09:32:37.700,3794.4000,9332,0,91140840.000,0,-,-,-,-,3793.8000,3792.8000,3792.0000,3791.6000,3790.8000,3795.4000,3795.8000,3798.0000,3799.0000,3801.0000,1,1,1,1,1,1,1,1,1,1
SF,IF2012,2020-06-17 09:32:38.200,3794.4000,9332,0,91140840.000,0,-,-,-,-,3794.0000,3793.8000,3792.8000,3792.0000,3791.6000,3795.4000,3795.8000,3798.0000,3799.0000,3801.0000,1,1,1,1,1,1,1,1,1,1
SF,IF2012,2020-06-17 09:32:40.200,3795.4000,9332,0,93418080.000,2,1,1,多换,S,3795.4000,3794.0000,3793.8000,3792.8000,3792.0000,3795.8000,3798.0000,3799.0000,3801.0000,3804.0000,8,1,1,1,1,1,1,1,1,2
SF,IF2012,2020-06-17 09:32:40.700,3795.4000,9333,1,102527040.000,8,4,4,空开,S,3794.0000,3793.8000,3792.0000,3791.6000,3790.8000,3795.8000,3798.0000,3799.0000,3801.0000,3804.0000,1,1,1,1,1,1,1,1,1,2
SF,IF2012,2020-06-17 09:32:41.200,3795.4000,9333,0,102527040.000,0,-,-,-,-,3794.0000,3793.8000,3792.0000,3791.6000,3790.8000,3795.6000,3795.8000,3798.0000,3799.0000,3801.0000,1,1,1,1,1,1,1,1,1,1
SF,IF2012,2020-06-17 09:32:41.700,3795.6000,9333,0,103665720.000,1,0,1,多换,S,3794.0000,3793.8000,3792.0000,3791.6000,3790.8000,3795.8000,3798.0000,3799.0000,3801.0000,3804.0000,1,1,1,1,1,1,1,1,1,2
SF,IF2012,2020-06-17 09:32:42.200,3794.0000,9333,0,104803920.000,1,0,1,多换,S,3794.0000,3793.8000,3792.0000,3791.6000,3790.8000,3795.8000,3798.0000,3799.0000,3801.0000,3804.0000,1,1,1,1,1,1,1,1,1,2
SF,IF2012,2020-06-17 09:32:42.700,3794.0000,9333,0,104803920.000,0,-,-,-,-,3794.2000,3794.0000,3793.8000,3792.0000,3791.6000,3795.6000,3795.8000,3796.8000,3798.0000,3799.0000,1,1,1,1,1,1,1,7,1,1
SF,IF2012,2020-06-17 09:32:43.200,3795.6000,9334,1,105942600.000,1,1,0,双开,S,3794.2000,3794.0000,3793.8000,3792.0000,3791.6000,3795.8000,3796.8000,3798.0000,3799.0000,3801.0000,1,1,1,1,1,1,7,1,1,1
SF,IF2012,2020-06-17 09:32:43.700,3795.6000,9334,0,105942600.000,0,-,-,-,-,3794.2000,3794.0000,3793.8000,3792.0000,3791.6000,3795.8000,3796.8000,3798.0000,3799.0000,3801.0000,1,1,1,1,1,2,7,1,1,1
SF,IF2012,2020-06-17 09:32:46.200,3794.2000,9333,-1,107080860.000,1,0,1,双平,S,3794.0000,3793.8000,3792.0000,3791.6000,3790.8000,3795.8000,3796.8000,3798.0000,3799.0000,3801.0000,1,1,1,1,1,2,7,1,1,1
SF,IF2012,2020-06-17 09:32:46.700,3794.0000,9331,-2,109357260.000,2,0,2,双平,S,3793.8000,3792.0000,3791.6000,3790.8000,3790.0000,3794.0000,3795.6000,3795.8000,3796.0000,3796.8000,1,1,1,1,1,1,1,2,1,7
SF,IF2012,2020-06-17 09:32:47.200,3793.8000,9330,-1,111633600.000,2,0,2,多平,S,3793.8000,3792.0000,3791.6000,3790.8000,3790.0000,3795.6000,3795.8000,3796.0000,3796.8000,3798.0000,1,1,1,1,1,1,2,1,7,1
SF,IF2012,2020-06-17 09:32:48.200,3793.8000,9330,0,111633600.000,0,-,-,-,-,3793.8000,3793.0000,3792.0000,3791.6000,3790.8000,3795.6000,3795.8000,3796.0000,3796.8000,3798.0000,1,1,1,1,1,1,2,2,7,1
SF,IF2012,2020-06-17 09:32:49.200,3793.8000,9330,0,111633600.000,0,-,-,-,-,3793.8000,3793.0000,3792.0000,3791.6000,3790.8000,3795.6000,3795.8000,3796.0000,3796.8000,3798.0000,1,1,1,1,1,1,2,2,7,1
SF,IF2012,2020-06-17 09:32:50.700,3795.6000,9330,0,112772280.000,1,0,1,多换,S,3793.8000,3793.0000,3792.0000,3791.6000,3790.8000,3795.8000,3796.0000,3796.8000,3798.0000,3799.0000,1,1,1,1,1,2,2,7,1,1
SF,IF2012,2020-06-17 09:32:51.200,3795.6000,9330,0,112772280.000,0,-,-,-,-,3794.0000,3793.8000,3793.0000,3792.0000,3791.6000,3795.6000,3795.8000,3796.0000,3796.8000,3798.0000,3,1,1,1,1,1,2,2,7,1
SF,IF2012,2020-06-17 09:32:51.700,3794.2000,9329,-1,113910540.000,1,0,1,双平,S,3794.0000,3793.0000,3792.0000,3791.6000,3790.8000,3795.6000,3795.8000,3796.0000,3796.8000,3798.0000,3,1,2,1,1,1,2,2,7,1
SF,IF2012,2020-06-17 09:32:52.700,3794.0000,9328,-1,115048740.000,1,0,1,双平,S,3794.0000,3793.0000,3792.0000,3791.6000,3790.8000,3795.6000,3795.8000,3796.0000,3796.8000,3798.0000,1,1,2,1,1,1,2,2,7,1
SF,IF2012,2020-06-17 09:32:53.200,3794.0000,9328,0,115048740.000,0,-,-,-,-,3794.0000,3793.0000,3792.0000,3791.6000,3790.8000,3795.6000,3795.8000,3796.0000,3796.8000,3798.0000,1,1,2,1,1,1,2,2,7,1
SF,IF2012,2020-06-17 09:32:55.200,3794.0000,9327,-1,116186940.000,1,0,1,双平,S,3793.0000,3792.0000,3791.6000,3790.8000,3790.0000,3794.0000,3795.6000,3795.8000,3796.0000,3796.8000,1,2,1,1,1,1,1,2,2,7
SF,IF2012,2020-06-17 09:32:58.700,3793.0000,9326,-1,117324840.000,1,0,1,双平,S,3792.0000,3791.6000,3790.8000,3790.0000,3788.6000,3794.0000,3795.6000,3795.8000,3796.0000,3796.8000,2,1,1,1,2,1,1,2,2,7
SF,IF2012,2020-06-17 09:32:59.200,3793.0000,9326,0,117324840.000,0,-,-,-,-,3792.2000,3792.0000,3791.6000,3790.8000,3790.0000,3793.8000,3794.0000,3795.8000,3796.0000,3796.8000,2,2,1,1,1,1,1,2,2,7
SF,IF2012,2020-06-17 09:32:59.700,3793.0000,9326,0,117324840.000,0,-,-,-,-,3792.2000,3792.0000,3791.6000,3790.8000,3790.0000,3793.8000,3794.0000,3795.8000,3796.0000,3796.8000,2,2,1,1,1,1,1,2,2,7
SF,IF2012,2020-06-17 09:33:00.200,3793.8000,9326,0,118462980.000,1,0,1,多换,S,3793.8000,3792.2000,3792.0000,3791.6000,3790.8000,3794.0000,3795.8000,3796.0000,3796.8000,3798.0000,3,2,2,1,1,1,2,2,7,1
SF,IF2012,2020-06-17 09:33:00.700,3793.8000,9326,0,121877400.000,3,1,2,多换,S,3792.2000,3792.0000,3791.6000,3790.0000,3788.6000,3794.0000,3795.8000,3796.0000,3796.8000,3798.0000,2,2,1,1,2,1,2,2,7,1
SF,IF2012,2020-06-17 09:33:01.200,3793.8000,9326,0,121877400.000,0,-,-,-,-,3792.2000,3792.0000,3791.6000,3790.0000,3788.6000,3793.8000,3794.0000,3795.8000,3796.0000,3796.8000,2,2,1,1,2,1,1,2,2,7
SF,IF2012,2020-06-17 09:33:01.700,3793.8000,9326,0,121877400.000,0,-,-,-,-,3792.2000,3792.0000,3791.6000,3790.0000,3788.6000,3793.8000,3794.0000,3795.8000,3796.0000,3796.8000,2,2,1,1,2,1,1,2,2,7
SF,IF2012,2020-06-17 09:33:03.700,3793.8000,9326,0,121877400.000,0,-,-,-,-,3792.2000,3792.0000,3791.6000,3790.0000,3788.6000,3793.8000,3794.0000,3795.8000,3796.0000,3796.8000,2,2,1,1,2,1,2,2,2,7
SF,IF2012,2020-06-17 09:33:04.200,3793.8000,9326,0,121877400.000,0,-,-,-,-,3792.2000,3792.0000,3791.6000,3790.0000,3788.6000,3793.8000,3794.0000,3795.8000,3796.0000,3796.8000,1,2,1,1,2,1,2,2,2,7
SF,IF2012,2020-06-17 09:33:04.700,3793.8000,9326,0,121877400.000,0,-,-,-,-,3792.2000,3792.0000,3791.6000,3790.0000,3788.6000,3793.8000,3794.0000,3795.8000,3796.0000,3796.8000,1,2,1,1,2,1,3,2,2,7
SF,IF2012,2020-06-17 09:33:05.200,3793.8000,9326,0,121877400.000,0,-,-,-,-,3792.2000,3792.0000,3791.6000,3790.0000,3788.6000,3793.6000,3793.8000,3794.0000,3795.8000,3796.0000,1,2,1,1,2,3,1,3,2,2
SF,IF2012,2020-06-17 09:33:05.700,3793.8000,9326,0,121877400.000,0,-,-,-,-,3792.0000,3791.6000,3790.0000,3788.6000,3787.4000,3793.4000,3794.0000,3795.8000,3796.0000,3796.8000,2,1,1,2,1,1,3,2,2,7
SF,IF2012,2020-06-17 09:33:06.200,3792.0000,9326,0,123015000.000,1,0,1,多换,S,3792.0000,3791.6000,3790.0000,3787.4000,3786.6000,3793.4000,3794.0000,3795.8000,3796.0000,3798.0000,1,1,1,1,1,1,3,2,2,1
SF,IF2012,2020-06-17 09:33:07.200,3792.0000,9325,-1,124152600.000,1,0,1,双平,S,3791.6000,3790.0000,3787.4000,3786.6000,3785.0000,3793.4000,3794.0000,3795.8000,3796.0000,3798.0000,1,1,1,1,1,1,3,2,2,1
SF,IF2012,2020-06-17 09:33:07.700,3792.0000,9325,0,124152600.000,0,-,-,-,-,3791.6000,3790.0000,3787.4000,3786.6000,3785.0000,3793.4000,3794.0000,3795.8000,3796.0000,3798.0000,1,1,1,1,1,1,3,2,2,1
SF,IF2012,2020-06-17 09:33:08.700,3793.4000,9324,-1,125290620.000,1,0,1,双平,S,3791.6000,3790.0000,3787.4000,3786.6000,3785.0000,3792.8000,3793.2000,3794.0000,3795.8000,3796.0000,1,1,1,1,1,1,1,3,2,2
SF,IF2012,2020-06-17 09:33:09.200,3793.4000,9324,0,125290620.000,0,-,-,-,-,3791.6000,3790.0000,3787.4000,3786.6000,3785.0000,3792.8000,3794.0000,3795.8000,3796.0000,3798.0000,1,1,1,1,1,1,3,2,1,1
SF,IF2012,2020-06-17 09:33:09.700,3793.4000,9324,0,125290620.000,0,-,-,-,-,3791.6000,3790.0000,3787.4000,3786.6000,3785.0000,3792.6000,3792.8000,3794.0000,3795.8000,3796.0000,1,1,1,1,1,1,1,3,2,1
SF,IF2012,2020-06-17 09:33:11.200,3791.6000,9325,1,126428100.000,1,1,0,双开,S,3790.0000,3787.4000,3786.6000,3785.0000,3784.8000,3792.6000,3792.8000,3794.0000,3795.8000,3796.0000,1,1,1,1,2,1,1,3,2,1
SF,IF2012,2020-06-17 09:33:11.700,3791.6000,9325,0,126428100.000,0,-,-,-,-,3791.8000,3790.2000,3790.0000,3787.4000,3786.6000,3792.8000,3794.0000,3795.8000,3796.0000,3798.0000,1,3,1,1,1,1,3,2,1,1
SF,IF2012,2020-06-17 09:33:13.200,3791.6000,9325,0,126428100.000,0,-,-,-,-,3790.2000,3790.0000,3787.4000,3786.6000,3785.0000,3792.8000,3794.0000,3795.8000,3796.0000,3798.0000,2,1,1,1,1,1,3,2,1,1
SF,IF2012,2020-06-17 09:33:13.700,3791.6000,9325,0,126428100.000,0,-,-,-,-,3790.4000,3790.2000,3790.0000,3787.4000,3786.6000,3792.8000,3794.0000,3795.8000,3796.0000,3798.0000,1,2,1,1,1,1,3,2,1,1
SF,IF2012,2020-06-17 09:33:14.200,3791.6000,9325,0,126428100.000,0,-,-,-,-,3790.6000,3790.4000,3790.0000,3787.4000,3786.6000,3792.8000,3794.0000,3795.8000,3796.0000,3798.0000,2,2,1,1,1,1,3,2,1,1
SF,IF2012,2020-06-17 09:33:14.700,3791.6000,9325,0,126428100.000,0,-,-,-,-,3790.8000,3790.6000,3790.4000,3790.0000,3787.4000,3792.6000,3792.8000,3794.0000,3795.8000,3796.0000,1,2,1,1,1,2,1,3,2,1
SF,IF2012,2020-06-17 09:33:15.200,3791.6000,9325,0,126428100.000,0,-,-,-,-,3791.0000,3790.8000,3790.6000,3790.4000,3790.0000,3792.6000,3792.8000,3794.0000,3795.8000,3796.0000,1,2,1,1,1,1,1,3,2,1
SF,IF2012,2020-06-17 09:33:15.700,3791.6000,9325,0,126428100.000,0,-,-,-,-,3791.2000,3791.0000,3790.8000,3790.6000,3790.4000,3792.6000,3792.8000,3794.0000,3795.8000,3796.0000,1,1,1,1,1,1,1,3,2,1
SF,IF2012,2020-06-17 09:33:16.200,3791.6000,9325,0,126428100.000,0,-,-,-,-,3791.4000,3791.2000,3790.8000,3790.6000,3790.0000,3792.6000,3792.8000,3794.0000,3795.8000,3796.0000,1,1,1,1,1,1,1,3,2,1
SF,IF2012,2020-06-17 09:33:16.700,3791.6000,9325,0,126428100.000,0,-,-,-,-,3791.4000,3791.2000,3790.6000,3790.0000,3787.4000,3792.6000,3792.8000,3794.0000,3795.8000,3796.0000,1,1,1,1,1,1,1,3,2,1
SF,IF2012,2020-06-17 09:33:17.700,3791.6000,9325,0,126428100.000,0,-,-,-,-,3791.4000,3791.2000,3790.6000,3790.0000,3787.4000,3792.4000,3792.6000,3792.8000,3794.0000,3795.8000,1,1,1,1,1,1,1,1,3,2
SF,IF2012,2020-06-17 09:33:18.200,3792.4000,9325,0,127565820.000,1,0,1,多换,S,3791.4000,3791.2000,3790.6000,3790.0000,3787.4000,3792.6000,3792.8000,3794.0000,3795.8000,3796.0000,1,1,1,1,1,1,1,3,2,1
SF,IF2012,2020-06-17 09:33:18.700,3792.4000,9325,0,127565820.000,0,-,-,-,-,3791.4000,3791.2000,3790.6000,3790.0000,3787.4000,3792.6000,3792.8000,3794.0000,3795.0000,3795.8000,1,1,1,1,1,1,1,3,1,2
SF,IF2012,2020-06-17 09:33:19.200,3792.4000,9325,0,127565820.000,0,-,-,-,-,3791.4000,3791.2000,3790.6000,3790.0000,3787.4000,3792.6000,3792.8000,3794.0000,3795.0000,3795.8000,1,1,1,1,1,1,1,3,1,2
SF,IF2012,2020-06-17 09:33:20.200,3792.4000,9325,0,127565820.000,0,-,-,-,-,3791.6000,3791.4000,3790.6000,3790.0000,3787.4000,3792.4000,3792.6000,3792.8000,3794.0000,3795.0000,1,1,1,1,1,1,1,1,3,1
SF,IF2012,2020-06-17 09:33:20.700,3792.4000,9325,0,127565820.000,0,-,-,-,-,3791.8000,3791.6000,3790.6000,3790.0000,3787.4000,3792.4000,3792.6000,3792.8000,3794.0000,3795.0000,1,1,1,1,1,1,1,1,3,1
SF,IF2012,2020-06-17 09:33:21.200,3792.4000,9325,0,128703540.000,1,0,1,多换,S,3790.6000,3790.0000,3787.4000,3786.6000,3785.0000,3792.6000,3792.8000,3794.0000,3795.0000,3795.8000,1,1,1,1,1,1,1,3,1,2
SF,IF2012,2020-06-17 09:33:21.700,3792.6000,9324,-1,129841320.000,1,0,1,双平,S,3790.8000,3790.6000,3790.0000,3787.4000,3786.6000,3792.8000,3794.0000,3795.0000,3795.8000,3796.0000,2,1,1,1,1,1,2,1,2,1
SF,IF2012,2020-06-17 09:33:22.200,3792.6000,9324,0,129841320.000,0,-,-,-,-,3791.0000,3790.8000,3790.0000,3787.4000,3786.6000,3792.8000,3794.0000,3795.0000,3795.8000,3796.0000,1,2,1,1,1,1,2,1,2,1
SF,IF2012,2020-06-17 09:33:22.700,3792.6000,9324,0,129841320.000,0,-,-,-,-,3791.2000,3791.0000,3790.8000,3790.0000,3787.4000,3792.8000,3794.0000,3795.0000,3795.8000,3796.0000,2,1,2,1,1,1,2,1,2,1
SF,IF2012,2020-06-17 09:33:23.200,3792.6000,9324,0,129841320.000,0,-,-,-,-,3791.4000,3791.2000,3791.0000,3790.8000,3790.0000,3792.8000,3794.0000,3795.0000,3795.8000,3796.0000,1,2,1,2,1,1,2,1,2,1
SF,IF2012,2020-06-17 09:33:23.700,3792.6000,9324,0,129841320.000,0,-,-,-,-,3791.6000,3791.4000,3791.2000,3791.0000,3790.8000,3792.8000,3794.0000,3794.2000,3795.0000,3795.8000,2,1,1,1,2,1,2,1,1,2
SF,IF2012,2020-06-17 09:33:24.200,3792.8000,9323,-1,130979160.000,1,0,1,双平,S,3791.6000,3791.4000,3791.2000,3791.0000,3790.8000,3794.0000,3794.2000,3795.0000,3795.8000,3796.0000,2,1,1,1,2,2,1,1,2,1
SF,IF2012,2020-06-17 09:33:24.700,3792.8000,9323,0,130979160.000,0,-,-,-,-,3791.8000,3791.6000,3791.4000,3791.2000,3790.8000,3792.6000,3793.8000,3794.0000,3794.2000,3795.0000,1,2,1,1,2,1,1,2,1,1
SF,IF2012,2020-06-17 09:33:25.200,3792.8000,9323,0,130979160.000,0,-,-,-,-,3792.0000,3791.8000,3791.6000,3791.4000,3791.2000,3792.6000,3793.8000,3794.0000,3794.2000,3795.0000,1,1,1,1,1,1,1,2,1,1
SF,IF2012,2020-06-17 09:33:25.700,3792.8000,9323,0,130979160.000,0,-,-,-,-,3792.0000,3791.8000,3791.6000,3791.4000,3791.2000,3792.6000,3793.8000,3794.0000,3794.2000,3795.0000,1,1,1,1,1,1,1,2,1,1
SF,IF2012,2020-06-17 09:33:26.200,3792.8000,9323,0,130979160.000,0,-,-,-,-,3792.0000,3791.8000,3791.6000,3791.4000,3790.8000,3792.6000,3793.8000,3794.0000,3794.2000,3795.0000,1,1,1,1,1,1,1,2,1,1
SF,IF2012,2020-06-17 09:33:26.700,3792.8000,9323,0,130979160.000,0,-,-,-,-,3792.0000,3791.8000,3791.4000,3790.0000,3786.6000,3792.6000,3793.8000,3794.0000,3794.2000,3795.0000,1,1,1,1,1,1,1,2,1,1
SF,IF2012,2020-06-17 09:33:27.200,3792.8000,9323,0,130979160.000,0,-,-,-,-,3792.2000,3792.0000,3790.0000,3786.6000,3785.0000,3792.6000,3793.8000,3794.0000,3794.2000,3795.0000,1,1,1,1,1,1,1,2,1,1
SF,IF2012,2020-06-17 09:33:27.700,3792.6000,9322,-1,132116940.000,1,0,1,双平,S,3792.2000,3792.0000,3790.0000,3786.6000,3785.0000,3793.8000,3794.0000,3794.2000,3795.0000,3795.8000,1,1,1,1,1,1,2,1,2,2
SF,IF2012,2020-06-17 09:33:28.200,3792.6000,9322,0,132116940.000,0,-,-,-,-,3792.4000,3790.0000,3786.6000,3785.0000,3784.8000,3793.8000,3794.0000,3794.2000,3795.0000,3795.8000,1,1,1,1,2,1,2,1,2,2
SF,IF2012,2020-06-17 09:33:29.200,3792.6000,9322,0,132116940.000,0,-,-,-,-,3792.4000,3790.6000,3790.0000,3786.6000,3785.0000,3793.8000,3794.0000,3794.2000,3795.0000,3795.8000,1,1,1,1,1,1,2,1,2,2
SF,IF2012,2020-06-17 09:33:29.700,3792.6000,9323,1,133254720.000,1,1,0,双开,S,3792.4000,3790.6000,3790.0000,3786.6000,3785.0000,3794.0000,3794.2000,3795.0000,3795.8000,3796.0000,1,1,1,1,2,2,1,2,2,1
SF,IF2012,2020-06-17 09:33:31.200,3792.6000,9323,0,133254720.000,0,-,-,-,-,3792.4000,3790.6000,3790.0000,3786.6000,3785.0000,3793.8000,3794.0000,3794.2000,3795.0000,3795.8000,1,1,1,1,2,3,2,1,2,2
SF,IF2012,2020-06-17 09:33:32.700,3792.6000,9323,0,133254720.000,0,-,-,-,-,3792.6000,3792.4000,3790.6000,3790.0000,3786.6000,3793.8000,3794.0000,3794.2000,3795.0000,3795.8000,1,1,1,1,1,3,2,1,2,2
SF,IF2012,2020-06-17 09:33:33.200,3792.6000,9323,0,133254720.000,0,-,-,-,-,3792.8000,3792.6000,3790.6000,3790.0000,3786.6000,3793.8000,3794.0000,3794.2000,3795.0000,3795.8000,2,1,1,1,1,3,2,1,2,2
SF,IF2012,2020-06-17 09:33:33.700,3792.6000,9323,0,133254720.000,0,-,-,-,-,3793.0000,3792.8000,3792.6000,3790.6000,3790.0000,3793.8000,3794.0000,3794.2000,3795.0000,3795.8000,1,2,1,1,1,3,2,1,2,2
SF,IF2012,2020-06-17 09:33:34.700,3793.8000,9323,0,134392860.000,1,0,1,多换,S,3793.0000,3792.8000,3792.6000,3790.6000,3790.0000,3793.8000,3794.0000,3794.2000,3795.0000,3795.8000,1,2,1,1,1,2,2,1,2,2
SF,IF2012,2020-06-17 09:33:35.200,3793.8000,9323,0,134392860.000,0,-,-,-,-,3793.0000,3792.8000,3792.6000,3790.0000,3786.6000,3793.8000,3794.0000,3794.2000,3795.0000,3795.8000,1,1,1,1,1,2,2,1,2,2
SF,IF2012,2020-06-17 09:33:36.200,3793.8000,9323,0,134392860.000,0,-,-,-,-,3793.0000,3792.8000,3792.6000,3792.0000,3790.0000,3793.8000,3794.0000,3794.2000,3795.0000,3795.8000,1,1,1,1,1,2,2,1,2,2
SF,IF2012,2020-06-17 09:33:37.200,3793.8000,9323,0,135531000.000,1,0,1,多换,S,3793.0000,3792.8000,3792.6000,3792.0000,3790.0000,3793.8000,3794.0000,3794.2000,3795.0000,3795.8000,1,1,1,1,1,1,2,1,2,2
SF,IF2012,2020-06-17 09:33:37.700,3793.8000,9323,0,135531000.000,0,-,-,-,-,3793.2000,3793.0000,3792.6000,3792.0000,3790.0000,3793.8000,3794.0000,3794.2000,3795.0000,3795.8000,1,1,1,1,1,1,2,1,2,2
SF,IF2012,2020-06-17 09:33:38.200,3793.8000,9323,0,135531000.000,0,-,-,-,-,3793.2000,3793.0000,3792.6000,3792.0000,3790.0000,3793.8000,3794.0000,3794.2000,3795.0000,3795.8000,2,1,1,1,1,1,2,1,2,2
SF,IF2012,2020-06-17 09:33:39.200,3793.8000,9323,0,135531000.000,0,-,-,-,-,3793.2000,3793.0000,3792.6000,3790.0000,3786.6000,3793.8000,3794.0000,3794.2000,3795.0000,3795.8000,1,1,1,1,1,1,2,1,2,2
SF,IF2012,2020-06-17 09:33:40.700,3793.0000,9322,-1,137806860.000,2,0,2,多平,S,3790.0000,3786.6000,3785.0000,3784.8000,3784.0000,3793.8000,3794.0000,3794.2000,3795.0000,3795.8000,1,1,2,2,1,1,2,1,2,2
SF,IF2012,2020-06-17 09:33:41.200,3793.0000,9322,0,137806860.000,0,-,-,-,-,3790.8000,3790.2000,3790.0000,3786.6000,3785.0000,3793.6000,3793.8000,3794.0000,3794.2000,3795.0000,2,2,1,1,2,1,1,2,1,2
SF,IF2012,2020-06-17 09:33:41.700,3793.0000,9322,0,137806860.000,0,-,-,-,-,3791.0000,3790.8000,3790.0000,3786.6000,3785.0000,3793.6000,3793.8000,3794.0000,3794.2000,3795.0000,2,2,1,1,2,1,1,2,1,2
SF,IF2012,2020-06-17 09:33:42.200,3793.0000,9322,0,137806860.000,0,-,-,-,-,3791.0000,3790.8000,3790.0000,3786.6000,3785.0000,3793.8000,3794.0000,3794.2000,3795.0000,3795.8000,2,2,1,1,2,1,2,1,2,2
SF,IF2012,2020-06-17 09:33:42.700,3793.0000,9322,0,137806860.000,0,-,-,-,-,3791.8000,3791.0000,3790.8000,3790.0000,3786.6000,3793.6000,3793.8000,3794.0000,3794.2000,3795.0000,1,2,2,1,1,1,1,2,1,2
SF,IF2012,2020-06-17 09:33:43.200,3793.0000,9322,0,137806860.000,0,-,-,-,-,3792.0000,3791.8000,3791.0000,3790.8000,3790.0000,3793.6000,3793.8000,3794.0000,3794.2000,3795.0000,1,2,1,2,1,1,1,2,1,2
SF,IF2012,2020-06-17 09:33:43.700,3793.0000,9322,0,137806860.000,0,-,-,-,-,3792.0000,3791.8000,3790.8000,3790.0000,3786.6000,3793.6000,3793.8000,3794.0000,3794.2000,3795.0000,1,2,2,1,1,1,1,2,1,2
SF,IF2012,2020-06-17 09:33:44.200,3793.0000,9322,0,137806860.000,0,-,-,-,-,3792.4000,3792.0000,3791.8000,3790.8000,3790.0000,3793.6000,3793.8000,3794.0000,3794.2000,3795.0000,1,1,1,2,1,1,1,2,1,2
SF,IF2012,2020-06-17 09:33:44.700,3793.0000,9322,0,137806860.000,0,-,-,-,-,3792.4000,3792.0000,3791.8000,3790.8000,3790.0000,3793.4000,3793.6000,3793.8000,3794.0000,3794.2000,1,1,1,2,1,1,1,1,2,1
SF,IF2012,2020-06-17 09:33:45.200,3793.0000,9322,0,137806860.000,0,-,-,-,-,3792.4000,3792.0000,3790.8000,3790.0000,3786.6000,3793.4000,3793.6000,3793.8000,3794.0000,3794.2000,1,1,2,1,1,1,1,1,2,1
SF,IF2012,2020-06-17 09:33:45.700,3793.0000,9322,0,137806860.000,0,-,-,-,-,3792.4000,3792.0000,3790.8000,3790.0000,3786.6000,3793.6000,3793.8000,3794.0000,3794.2000,3795.0000,1,1,2,2,1,1,1,2,1,2
SF,IF2012,2020-06-17 09:33:47.700,3793.0000,9322,0,137806860.000,0,-,-,-,-,3792.4000,3792.0000,3790.8000,3790.0000,3786.6000,3793.6000,3793.8000,3794.0000,3794.2000,3795.0000,1,1,2,2,1,1,1,3,1,2
SF,IF2012,2020-06-17 09:33:48.200,3793.0000,9322,0,137806860.000,0,-,-,-,-,3792.4000,3792.0000,3790.8000,3790.0000,3786.6000,3793.0000,3793.8000,3794.0000,3794.2000,3795.0000,1,1,2,2,1,1,1,3,1,2
SF,IF2012,2020-06-17 09:33:50.700,3792.4000,9322,0,138944580.000,1,0,1,多换,S,3792.0000,3790.8000,3790.0000,3786.6000,3785.0000,3793.0000,3793.8000,3794.0000,3794.2000,3795.0000,1,2,2,1,2,1,1,3,1,2
SF,IF2012,2020-06-17 09:33:51.200,3792.4000,9322,0,138944580.000,0,-,-,-,-,3792.0000,3790.8000,3790.0000,3786.6000,3785.0000,3793.0000,3793.8000,3794.0000,3794.2000,3795.0000,1,1,2,1,2,1,1,3,1,2
SF,IF2012,2020-06-17 09:33:52.200,3792.4000,9322,0,138944580.000,0,-,-,-,-,3792.0000,3790.8000,3790.0000,3786.6000,3785.0000,3792.8000,3793.0000,3793.8000,3794.0000,3794.2000,1,1,2,1,2,1,1,1,3,1
SF,IF2012,2020-06-17 09:33:53.200,3792.4000,9322,0,138944580.000,0,-,-,-,-,3792.0000,3790.0000,3786.6000,3785.0000,3784.8000,3792.8000,3793.0000,3793.8000,3794.0000,3794.2000,1,2,1,2,2,1,1,1,3,1
SF,IF2012,2020-06-17 09:33:56.700,3792.8000,9322,0,140082420.000,1,0,1,多换,S,3792.0000,3790.0000,3786.6000,3785.0000,3784.8000,3793.0000,3793.8000,3794.0000,3794.2000,3795.0000,1,2,1,2,2,1,1,3,1,2
SF,IF2012,2020-06-17 09:33:57.200,3793.0000,9322,0,141220320.000,1,0,1,多换,S,3792.0000,3790.0000,3786.6000,3785.0000,3784.8000,3793.8000,3794.0000,3794.2000,3795.0000,3795.8000,1,2,1,2,2,1,3,1,2,2
SF,IF2012,2020-06-17 09:33:57.700,3793.0000,9322,0,141220320.000,0,-,-,-,-,3792.0000,3790.0000,3786.6000,3785.0000,3784.8000,3793.8000,3794.0000,3794.2000,3795.0000,3795.8000,1,2,1,2,2,1,3,1,2,2
SF,IF2012,2020-06-17 09:33:59.200,3793.0000,9322,0,141220320.000,0,-,-,-,-,3792.2000,3792.0000,3790.0000,3786.6000,3785.0000,3793.8000,3794.0000,3794.2000,3795.0000,3795.8000,1,1,2,1,2,1,3,1,2,2
SF,IF2012,2020-06-17 09:33:59.700,3793.0000,9322,0,141220320.000,0,-,-,-,-,3792.4000,3792.2000,3790.0000,3786.6000,3785.0000,3793.8000,3794.0000,3794.2000,3795.0000,3795.8000,1,1,2,1,2,1,3,1,2,2
SF,IF2012,2020-06-17 09:34:01.700,3793.0000,9322,0,141220320.000,0,-,-,-,-,3792.4000,3792.2000,3790.0000,3786.6000,3785.0000,3793.8000,3794.0000,3794.2000,3795.0000,3795.8000,1,1,2,1,2,1,3,1,2,2
SF,IF2012,2020-06-17 09:34:02.200,3793.0000,9322,0,141220320.000,0,-,-,-,-,3792.6000,3792.4000,3792.2000,3790.0000,3786.6000,3793.8000,3794.0000,3794.2000,3795.0000,3795.8000,1,1,1,2,1,1,3,1,2,2
SF,IF2012,2020-06-17 09:34:02.700,3793.0000,9322,0,141220320.000,0,-,-,-,-,3792.4000,3792.2000,3790.0000,3786.6000,3785.0000,3793.8000,3794.0000,3794.2000,3795.0000,3795.8000,1,1,2,1,2,1,3,1,2,2
SF,IF2012,2020-06-17 09:34:04.700,3793.0000,9322,0,141220320.000,0,-,-,-,-,3792.4000,3792.2000,3790.0000,3786.6000,3785.0000,3793.8000,3794.0000,3794.2000,3795.0000,3795.2000,1,1,2,1,2,1,3,1,2,1
SF,IF2012,2020-06-17 09:34:05.700,3793.0000,9322,0,141220320.000,0,-,-,-,-,3792.4000,3792.2000,3790.0000,3786.6000,3785.0000,3793.8000,3794.0000,3794.2000,3795.0000,3795.2000,1,1,2,1,2,1,3,1,2,1
SF,IF2012,2020-06-17 09:34:06.200,3793.0000,9322,0,141220320.000,0,-,-,-,-,3792.4000,3792.2000,3790.0000,3786.6000,3785.0000,3793.8000,3794.0000,3794.2000,3795.0000,3795.2000,1,1,2,1,2,1,3,1,2,1
SF,IF2012,2020-06-17 09:34:06.700,3793.0000,9322,0,141220320.000,0,-,-,-,-,3792.4000,3790.0000,3786.6000,3785.0000,3784.8000,3793.8000,3794.0000,3794.2000,3795.0000,3795.2000,1,2,1,2,2,1,3,1,2,1
SF,IF2012,2020-06-17 09:34:07.200,3793.0000,9322,0,141220320.000,0,-,-,-,-,3792.4000,3790.0000,3786.6000,3785.0000,3784.8000,3793.8000,3794.0000,3794.2000,3795.0000,3795.2000,1,2,1,2,2,1,3,1,2,1
SF,IF2012,2020-06-17 09:34:09.200,3792.4000,9321,-1,142358040.000,1,0,1,双平,S,3790.0000,3786.6000,3785.0000,3784.8000,3781.0000,3794.0000,3794.2000,3795.0000,3795.2000,3795.8000,2,1,2,2,1,3,1,2,1,2
SF,IF2012,2020-06-17 09:34:09.700,3792.4000,9321,0,142358040.000,0,-,-,-,-,3790.8000,3790.2000,3790.0000,3786.6000,3785.0000,3793.8000,3794.0000,3794.2000,3795.0000,3795.2000,1,2,2,1,2,1,3,1,2,1
SF,IF2012,2020-06-17 09:34:10.200,3792.4000,9321,0,142358040.000,0,-,-,-,-,3791.0000,3790.8000,3790.0000,3786.6000,3785.0000,3793.8000,3794.0000,3794.2000,3795.0000,3795.2000,2,1,2,1,2,1,3,1,2,1
SF,IF2012,2020-06-17 09:34:10.700,3792.4000,9321,0,142358040.000,0,-,-,-,-,3791.0000,3790.8000,3790.0000,3786.6000,3785.0000,3793.6000,3793.8000,3794.0000,3794.2000,3795.0000,2,1,2,1,2,1,1,3,1,2
SF,IF2012,2020-06-17 09:34:11.200,3792.4000,9321,0,142358040.000,0,-,-,-,-,3791.0000,3790.0000,3786.6000,3785.0000,3784.8000,3793.4000,3793.6000,3794.0000,3794.2000,3795.0000,2,2,1,2,2,1,1,3,1,2
SF,IF2012,2020-06-17 09:34:15.200,3792.4000,9321,0,142358040.000,0,-,-,-,-,3791.0000,3790.0000,3786.6000,3785.0000,3784.8000,3793.4000,3794.0000,3794.2000,3795.0000,3795.2000,2,2,1,2,2,1,3,1,2,1
SF,IF2012,2020-06-17 09:34:15.700,3792.4000,9321,0,142358040.000,0,-,-,-,-,3791.0000,3790.0000,3786.6000,3785.0000,3784.8000,3793.2000,3793.4000,3794.0000,3794.2000,3795.0000,1,2,1,2,2,1,1,3,1,2
SF,IF2012,2020-06-17 09:34:16.200,3792.4000,9321,0,142358040.000,0,-,-,-,-,3791.0000,3790.0000,3786.6000,3785.0000,3784.8000,3793.0000,3793.2000,3794.0000,3794.2000,3795.0000,1,2,1,2,2,1,1,3,1,2
SF,IF2012,2020-06-17 09:34:16.700,3792.4000,9321,0,142358040.000,0,-,-,-,-,3791.0000,3790.0000,3786.6000,3785.0000,3784.8000,3792.8000,3793.0000,3794.0000,3794.2000,3795.0000,1,2,1,2,2,1,1,3,1,2
SF,IF2012,2020-06-17 09:34:17.200,3792.4000,9321,0,142358040.000,0,-,-,-,-,3791.0000,3790.0000,3786.6000,3785.0000,3784.8000,3792.6000,3792.8000,3794.0000,3794.2000,3795.0000,1,2,1,2,2,2,1,3,1,2
SF,IF2012,2020-06-17 09:34:18.700,3792.4000,9321,0,142358040.000,0,-,-,-,-,3791.0000,3790.8000,3790.0000,3786.6000,3785.0000,3792.6000,3792.8000,3794.0000,3794.2000,3795.0000,1,1,2,1,2,2,1,3,1,2
SF,IF2012,2020-06-17 09:34:19.200,3792.4000,9321,0,142358040.000,0,-,-,-,-,3791.0000,3790.0000,3786.6000,3785.0000,3784.8000,3792.6000,3792.8000,3794.0000,3794.2000,3795.0000,1,2,1,2,2,2,1,3,1,2
SF,IF2012,2020-06-17 09:34:19.700,3792.4000,9321,0,142358040.000,0,-,-,-,-,3791.0000,3790.8000,3790.0000,3786.6000,3785.0000,3792.6000,3792.8000,3794.0000,3794.2000,3795.0000,1,1,2,1,2,2,1,3,1,2
SF,IF2012,2020-06-17 09:34:21.200,3792.4000,9321,0,142358040.000,0,-,-,-,-,3791.0000,3790.0000,3786.6000,3785.0000,3784.8000,3792.6000,3792.8000,3794.0000,3794.2000,3795.0000,1,2,1,2,2,2,1,3,1,2
SF,IF2012,2020-06-17 09:34:21.700,3791.0000,9320,-1,143495340.000,1,0,1,双平,S,3790.0000,3786.6000,3785.0000,3784.8000,3781.0000,3792.6000,3792.8000,3794.0000,3794.2000,3795.0000,2,1,2,2,1,2,1,3,1,2
SF,IF2012,2020-06-17 09:34:22.200,3791.0000,9320,0,143495340.000,0,-,-,-,-,3790.2000,3790.0000,3786.6000,3785.0000,3784.8000,3792.4000,3792.6000,3794.0000,3794.2000,3795.0000,1,2,1,2,2,1,2,3,1,2
SF,IF2012,2020-06-17 09:34:22.700,3791.0000,9320,0,143495340.000,0,-,-,-,-,3790.2000,3790.0000,3786.6000,3785.0000,3784.8000,3791.0000,3792.2000,3792.4000,3792.6000,3794.0000,1,2,1,2,2,1,1,1,1,3
SF,IF2012,2020-06-17 09:34:23.200,3790.8000,9319,-1,145769880.000,2,0,2,多平,S,3790.2000,3790.0000,3786.6000,3785.0000,3784.8000,3792.2000,3792.4000,3794.0000,3794.2000,3795.0000,1,2,1,2,2,1,1,3,1,2
SF,IF2012,2020-06-17 09:34:23.700,3790.8000,9319,0,145769880.000,0,-,-,-,-,3790.2000,3790.0000,3786.6000,3785.0000,3784.8000,3792.0000,3792.2000,3794.0000,3794.2000,3795.0000,1,2,1,2,2,1,1,3,1,2
SF,IF2012,2020-06-17 09:34:24.200,3790.8000,9319,0,145769880.000,0,-,-,-,-,3790.2000,3790.0000,3788.8000,3786.6000,3785.0000,3791.8000,3792.0000,3794.0000,3794.2000,3795.0000,1,2,1,1,2,1,1,3,1,2
SF,IF2012,2020-06-17 09:34:24.700,3790.8000,9319,0,145769880.000,0,-,-,-,-,3790.2000,3790.0000,3788.8000,3786.6000,3785.0000,3791.8000,3792.0000,3794.0000,3794.2000,3795.0000,1,2,1,1,2,1,1,3,1,2
SF,IF2012,2020-06-17 09:34:25.700,3790.8000,9319,0,145769880.000,0,-,-,-,-,3790.2000,3790.0000,3788.8000,3786.6000,3785.0000,3791.8000,3792.0000,3794.0000,3794.2000,3795.0000,1,1,1,1,2,1,1,3,1,2
SF,IF2012,2020-06-17 09:34:26.700,3790.8000,9319,0,145769880.000,0,-,-,-,-,3790.2000,3790.0000,3788.8000,3786.6000,3785.0000,3791.8000,3792.0000,3794.0000,3794.2000,3795.0000,1,1,1,1,3,1,1,3,1,2
SF,IF2012,2020-06-17 09:34:28.700,3790.8000,9319,0,145769880.000,0,-,-,-,-,3790.2000,3790.0000,3788.8000,3786.6000,3785.0000,3791.8000,3792.0000,3794.0000,3794.2000,3795.0000,2,1,1,1,3,1,1,3,1,2
SF,IF2012,2020-06-17 09:34:29.700,3790.8000,9319,0,145769880.000,0,-,-,-,-,3790.4000,3790.2000,3790.0000,3788.8000,3786.6000,3791.8000,3792.0000,3794.0000,3794.2000,3795.0000,1,1,1,1,1,1,2,3,1,2
SF,IF2012,2020-06-17 09:34:30.200,3790.8000,9319,0,145769880.000,0,-,-,-,-,3790.4000,3790.2000,3790.0000,3788.8000,3786.6000,3791.8000,3792.0000,3794.0000,3794.2000,3795.0000,2,1,1,1,1,1,2,3,1,2
SF,IF2012,2020-06-17 09:34:32.700,3790.8000,9319,0,145769880.000,0,-,-,-,-,3790.4000,3790.2000,3790.0000,3788.8000,3786.6000,3791.8000,3792.0000,3794.0000,3794.2000,3795.0000,1,1,1,1,1,1,2,3,1,2
SF,IF2012,2020-06-17 09:34:34.200,3790.8000,9319,0,145769880.000,0,-,-,-,-,3790.4000,3790.2000,3790.0000,3789.6000,3788.8000,3791.8000,3792.0000,3794.0000,3794.2000,3795.0000,1,1,1,1,1,1,2,3,1,2
SF,IF2012,2020-06-17 09:34:34.700,3790.8000,9319,0,145769880.000,0,-,-,-,-,3790.4000,3790.2000,3790.0000,3789.6000,3788.8000,3791.8000,3792.0000,3794.0000,3794.2000,3795.0000,1,1,1,1,1,1,2,2,1,2
SF,IF2012,2020-06-17 09:34:36.200,3790.8000,9319,0,145769880.000,0,-,-,-,-,3790.6000,3790.4000,3790.2000,3790.0000,3788.8000,3791.8000,3792.0000,3794.0000,3794.2000,3795.0000,1,1,1,1,1,1,2,2,1,2
SF,IF2012,2020-06-17 09:34:36.700,3790.8000,9319,0,145769880.000,0,-,-,-,-,3790.6000,3790.4000,3790.2000,3790.0000,3788.8000,3791.8000,3792.0000,3794.0000,3794.2000,3795.0000,1,1,1,1,1,1,1,2,1,2
SF,IF2012,2020-06-17 09:34:37.200,3790.8000,9319,0,145769880.000,0,-,-,-,-,3790.4000,3790.2000,3790.0000,3788.8000,3786.6000,3791.8000,3792.0000,3794.0000,3794.2000,3795.0000,1,1,1,1,1,1,1,2,1,2
SF,IF2012,2020-06-17 09:34:37.700,3790.8000,9319,0,145769880.000,0,-,-,-,-,3790.8000,3790.4000,3790.2000,3790.0000,3788.8000,3791.8000,3792.0000,3794.0000,3794.2000,3795.0000,1,1,1,1,1,1,1,2,1,2
SF,IF2012,2020-06-17 09:34:42.200,3791.8000,9319,0,146907420.000,1,0,1,多换,S,3790.8000,3790.4000,3790.2000,3790.0000,3788.8000,3792.0000,3794.0000,3794.2000,3795.0000,3795.2000,1,1,1,1,1,1,2,1,2,1
SF,IF2012,2020-06-17 09:34:42.700,3791.8000,9319,0,146907420.000,0,-,-,-,-,3791.0000,3790.8000,3790.4000,3790.0000,3788.8000,3792.0000,3794.0000,3794.2000,3795.0000,3795.2000,1,1,1,1,1,1,2,1,2,1
SF,IF2012,2020-06-17 09:34:43.700,3792.0000,9320,1,148045020.000,1,1,0,双开,S,3791.0000,3790.4000,3790.0000,3788.8000,3786.6000,3794.0000,3794.2000,3795.0000,3795.2000,3795.8000,1,1,1,1,1,2,1,2,1,2
SF,IF2012,2020-06-17 09:34:44.200,3792.0000,9320,0,148045020.000,0,-,-,-,-,3791.0000,3790.4000,3790.0000,3788.8000,3786.6000,3793.8000,3794.0000,3794.2000,3795.0000,3795.2000,1,1,1,1,1,2,2,1,2,1
SF,IF2012,2020-06-17 09:34:44.700,3792.0000,9320,0,148045020.000,0,-,-,-,-,3791.0000,3790.4000,3790.0000,3788.8000,3786.6000,3793.8000,3794.0000,3794.2000,3795.0000,3795.2000,1,1,1,1,1,2,2,1,2,1
SF,IF2012,2020-06-17 09:34:51.200,3792.0000,9320,0,148045020.000,0,-,-,-,-,3791.0000,3790.4000,3790.0000,3788.8000,3786.6000,3793.8000,3794.0000,3794.2000,3795.0000,3795.2000,1,1,1,1,1,2,2,1,2,1
SF,IF2012,2020-06-17 09:34:57.200,3792.0000,9320,0,148045020.000,0,-,-,-,-,3791.0000,3790.8000,3790.4000,3790.0000,3788.8000,3793.8000,3794.0000,3794.2000,3795.0000,3795.2000,1,1,1,1,1,2,2,1,2,1
SF,IF2012,2020-06-17 09:34:57.700,3792.0000,9320,0,148045020.000,0,-,-,-,-,3791.2000,3791.0000,3790.8000,3790.4000,3790.0000,3793.8000,3794.0000,3794.2000,3795.0000,3795.2000,1,1,1,1,1,1,2,1,2,1
SF,IF2012,2020-06-17 09:34:58.200,3792.0000,9320,0,148045020.000,0,-,-,-,-,3791.4000,3791.2000,3790.4000,3790.0000,3788.8000,3793.8000,3794.0000,3794.2000,3795.0000,3795.2000,1,1,1,1,1,1,2,1,2,1
SF,IF2012,2020-06-17 09:34:58.700,3792.0000,9320,0,148045020.000,0,-,-,-,-,3791.4000,3790.4000,3790.0000,3788.8000,3786.6000,3793.6000,3793.8000,3794.0000,3794.2000,3795.0000,1,1,1,1,1,1,1,2,1,2
SF,IF2012,2020-06-17 09:34:59.200,3792.0000,9320,0,148045020.000,0,-,-,-,-,3791.4000,3790.4000,3790.0000,3788.8000,3786.6000,3793.0000,3793.4000,3793.6000,3794.0000,3794.2000,1,1,1,1,1,1,1,1,2,1
SF,IF2012,2020-06-17 09:34:59.700,3792.0000,9320,0,148045020.000,0,-,-,-,-,3791.4000,3790.4000,3790.0000,3788.8000,3786.6000,3792.8000,3793.0000,3793.6000,3794.0000,3794.2000,1,1,1,1,1,1,1,1,2,1
SF,IF2012,2020-06-17 09:35:00.200,3792.0000,9320,0,148045020.000,0,-,-,-,-,3791.4000,3790.4000,3790.0000,3788.8000,3786.6000,3792.8000,3793.0000,3793.6000,3794.0000,3794.2000,1,1,1,1,1,1,1,1,2,1
SF,IF2012,2020-06-17 09:35:01.200,3791.4000,9319,-1,149182440.000,1,0,1,双平,S,3790.4000,3790.0000,3788.8000,3786.6000,3785.0000,3792.8000,3793.0000,3793.6000,3794.0000,3794.2000,1,1,1,1,3,1,1,1,2,1
SF,IF2012,2020-06-17 09:35:01.700,3791.4000,9319,0,149182440.000,0,-,-,-,-,3790.6000,3790.4000,3790.0000,3788.8000,3786.6000,3792.6000,3792.8000,3793.0000,3794.0000,3794.2000,1,1,1,1,1,1,1,1,2,1
SF,IF2012,2020-06-17 09:35:02.200,3791.4000,9319,0,149182440.000,0,-,-,-,-,3790.4000,3790.0000,3788.8000,3786.6000,3785.0000,3792.4000,3792.6000,3793.0000,3794.0000,3794.2000,1,1,1,1,3,1,1,1,2,1
SF,IF2012,2020-06-17 09:35:02.700,3791.4000,9319,0,149182440.000,0,-,-,-,-,3790.4000,3790.0000,3788.8000,3786.6000,3785.0000,3792.2000,3792.4000,3793.0000,3794.0000,3794.2000,1,1,1,1,3,1,1,1,2,1
SF,IF2012,2020-06-17 09:35:03.200,3791.4000,9319,0,149182440.000,0,-,-,-,-,3790.4000,3790.0000,3788.8000,3786.6000,3785.0000,3792.0000,3792.2000,3793.0000,3794.0000,3794.2000,1,1,1,1,3,1,1,1,2,1
SF,IF2012,2020-06-17 09:35:12.700,3792.0000,9319,0,150320040.000,1,0,1,多换,S,3790.4000,3790.0000,3788.8000,3786.6000,3785.0000,3792.2000,3793.0000,3794.0000,3794.2000,3795.0000,1,1,1,1,3,1,1,2,1,2
SF,IF2012,2020-06-17 09:35:13.200,3792.0000,9319,0,150320040.000,0,-,-,-,-,3790.6000,3790.4000,3790.0000,3788.8000,3786.6000,3792.0000,3792.2000,3793.0000,3794.0000,3794.2000,1,1,1,1,1,1,1,1,2,1
SF,IF2012,2020-06-17 09:35:13.700,3792.0000,9319,0,150320040.000,0,-,-,-,-,3790.6000,3790.4000,3790.0000,3788.8000,3786.6000,3792.0000,3792.2000,3793.0000,3794.0000,3794.2000,1,1,1,1,1,1,1,1,2,1
SF,IF2012,2020-06-17 09:35:14.200,3792.0000,9319,0,150320040.000,0,-,-,-,-,3790.6000,3790.4000,3790.0000,3788.8000,3786.6000,3793.0000,3794.0000,3794.2000,3795.0000,3795.2000,1,1,1,1,1,1,2,1,2,1
SF,IF2012,2020-06-17 09:35:14.700,3790.8000,9319,0,151457280.000,1,0,1,多换,S,3790.6000,3790.4000,3790.0000,3788.8000,3786.6000,3792.8000,3793.0000,3794.0000,3794.2000,3795.0000,1,1,1,1,1,2,1,2,1,2
SF,IF2012,2020-06-17 09:35:15.700,3790.8000,9319,0,151457280.000,0,-,-,-,-,3790.8000,3790.6000,3790.4000,3790.0000,3788.8000,3792.8000,3793.0000,3794.0000,3794.2000,3795.0000,1,1,1,1,1,2,1,2,1,2
SF,IF2012,2020-06-17 09:35:16.200,3790.8000,9319,0,151457280.000,0,-,-,-,-,3791.0000,3790.8000,3790.4000,3790.0000,3788.8000,3792.8000,3793.0000,3794.0000,3794.2000,3795.0000,1,1,1,1,1,2,1,2,1,2
SF,IF2012,2020-06-17 09:35:17.200,3790.8000,9319,0,151457280.000,0,-,-,-,-,3791.0000,3790.8000,3790.4000,3790.0000,3788.8000,3792.8000,3793.0000,3794.0000,3794.2000,3795.0000,1,2,1,1,1,2,1,2,1,2
SF,IF2012,2020-06-17 09:35:17.700,3790.8000,9319,0,151457280.000,0,-,-,-,-,3791.0000,3790.8000,3790.4000,3790.0000,3788.8000,3792.8000,3793.0000,3794.0000,3794.2000,3795.0000,1,1,1,1,1,2,1,2,1,2
SF,IF2012,2020-06-17 09:35:18.200,3790.8000,9319,0,151457280.000,0,-,-,-,-,3791.0000,3790.8000,3790.4000,3790.0000,3788.8000,3792.8000,3793.0000,3794.0000,3794.2000,3795.0000,1,2,1,1,1,1,1,2,1,2
SF,IF2012,2020-06-17 09:35:18.700,3791.0000,9318,-1,152594580.000,1,0,1,双平,S,3790.8000,3790.4000,3790.0000,3788.8000,3786.6000,3792.6000,3792.8000,3793.0000,3794.0000,3794.2000,1,1,1,1,1,1,1,1,2,1
SF,IF2012,2020-06-17 09:35:19.200,3791.0000,9318,0,152594580.000,0,-,-,-,-,3791.0000,3790.8000,3790.4000,3790.0000,3788.8000,3792.6000,3792.8000,3793.0000,3794.0000,3794.2000,1,2,1,1,1,1,1,1,2,1
SF,IF2012,2020-06-17 09:35:19.700,3791.0000,9318,0,152594580.000,0,-,-,-,-,3791.2000,3791.0000,3790.8000,3790.4000,3790.0000,3792.6000,3792.8000,3793.0000,3794.0000,3794.2000,1,1,1,1,1,1,1,1,2,1
SF,IF2012,2020-06-17 09:35:20.200,3791.0000,9318,0,153731880.000,1,0,1,多换,S,3791.0000,3790.8000,3790.4000,3790.0000,3788.8000,3792.6000,3792.8000,3793.0000,3794.0000,3794.2000,1,1,1,1,1,1,1,1,2,1
SF,IF2012,2020-06-17 09:35:21.200,3792.6000,9318,0,154869660.000,1,0,1,多换,S,3791.0000,3790.8000,3790.4000,3790.0000,3788.8000,3792.8000,3793.0000,3794.0000,3794.2000,3795.0000,1,1,1,1,1,1,1,2,1,2
SF,IF2012,2020-06-17 09:35:21.700,3792.6000,9318,0,154869660.000,0,-,-,-,-,3791.2000,3791.0000,3790.8000,3790.4000,3790.0000,3792.6000,3792.8000,3793.0000,3794.0000,3794.2000,1,1,1,1,1,1,1,1,2,1
SF,IF2012,2020-06-17 09:35:22.200,3792.6000,9318,0,154869660.000,0,-,-,-,-,3791.4000,3791.2000,3790.8000,3790.4000,3790.0000,3792.8000,3793.0000,3794.0000,3794.2000,3795.0000,2,1,1,1,1,1,1,2,1,2
SF,IF2012,2020-06-17 09:35:22.700,3792.6000,9318,0,154869660.000,0,-,-,-,-,3791.4000,3791.2000,3790.8000,3790.4000,3790.0000,3793.0000,3794.0000,3794.2000,3795.0000,3795.2000,1,1,1,1,1,1,2,1,2,1
SF,IF2012,2020-06-17 09:35:23.200,3792.6000,9318,0,154869660.000,0,-,-,-,-,3791.4000,3791.2000,3790.8000,3790.4000,3790.0000,3792.8000,3793.0000,3794.0000,3794.2000,3795.0000,1,1,1,1,1,1,1,2,1,2
SF,IF2012,2020-06-17 09:35:24.200,3792.6000,9318,0,154869660.000,0,-,-,-,-,3791.6000,3791.4000,3791.2000,3790.8000,3790.4000,3792.8000,3793.0000,3794.0000,3794.2000,3795.0000,1,1,1,1,1,1,1,2,1,2
SF,IF2012,2020-06-17 09:35:24.700,3792.6000,9318,0,154869660.000,0,-,-,-,-,3791.6000,3791.4000,3791.2000,3790.8000,3790.4000,3792.8000,3794.0000,3794.2000,3795.0000,3795.2000,1,1,1,1,1,1,2,1,2,1
SF,IF2012,2020-06-17 09:35:26.200,3791.6000,9318,0,156007140.000,1,0,1,多换,S,3791.4000,3791.2000,3790.8000,3790.4000,3790.0000,3792.8000,3794.0000,3794.2000,3795.0000,3795.2000,1,1,1,1,1,1,2,1,2,1
SF,IF2012,2020-06-17 09:35:28.200,3791.6000,9318,0,156007140.000,0,-,-,-,-,3791.4000,3791.2000,3790.8000,3790.4000,3790.0000,3791.6000,3792.8000,3794.0000,3794.2000,3795.0000,1,1,1,1,1,1,1,2,1,2
SF,IF2012,2020-06-17 09:35:28.700,3791.6000,9317,-1,157144620.000,1,0,1,双平,S,3790.8000,3790.4000,3790.0000,3788.8000,3786.6000,3792.8000,3794.0000,3794.2000,3795.0000,3795.2000,1,1,1,1,1,1,2,1,2,1
SF,IF2012,2020-06-17 09:35:29.200,3791.6000,9317,0,157144620.000,0,-,-,-,-,3791.0000,3790.8000,3790.4000,3790.0000,3788.8000,3792.6000,3792.8000,3794.0000,3794.2000,3795.0000,1,1,1,1,1,1,1,2,1,2
SF,IF2012,2020-06-17 09:35:30.200,3791.6000,9317,0,157144620.000,0,-,-,-,-,3791.2000,3791.0000,3790.8000,3790.4000,3790.0000,3792.6000,3792.8000,3794.0000,3794.2000,3795.0000,1,1,1,1,1,1,1,2,1,2
SF,IF2012,2020-06-17 09:35:30.700,3791.6000,9317,0,157144620.000,0,-,-,-,-,3791.4000,3791.2000,3790.8000,3790.4000,3790.0000,3792.8000,3794.0000,3794.2000,3795.0000,3795.2000,1,1,1,1,1,1,2,1,2,1
SF,IF2012,2020-06-17 09:35:31.700,3791.6000,9317,0,157144620.000,0,-,-,-,-,3791.4000,3791.2000,3790.8000,3790.4000,3790.0000,3792.8000,3794.0000,3794.2000,3795.0000,3795.2000,1,1,1,1,2,1,2,1,2,1
SF,IF2012,2020-06-17 09:35:32.200,3791.6000,9317,0,157144620.000,0,-,-,-,-,3791.4000,3790.8000,3790.4000,3790.0000,3788.8000,3792.8000,3794.0000,3794.2000,3795.0000,3795.2000,1,1,1,2,1,1,2,1,2,1
SF,IF2012,2020-06-17 09:35:32.700,3791.6000,9317,0,157144620.000,0,-,-,-,-,3791.4000,3790.8000,3790.4000,3790.0000,3788.8000,3792.8000,3794.0000,3794.2000,3795.0000,3795.2000,1,1,1,2,1,4,2,1,2,1
SF,IF2012,2020-06-17 09:35:34.700,3791.6000,9317,0,157144620.000,0,-,-,-,-,3791.4000,3790.4000,3790.0000,3788.8000,3786.6000,3792.8000,3794.0000,3794.2000,3795.0000,3795.2000,1,1,2,1,1,4,2,1,2,1
SF,IF2012,2020-06-17 09:35:37.700,3791.6000,9317,0,157144620.000,0,-,-,-,-,3791.4000,3790.0000,3788.8000,3786.6000,3785.0000,3792.8000,3794.0000,3794.2000,3795.0000,3795.2000,2,2,1,1,3,4,2,1,2,1
SF,IF2012,2020-06-17 09:35:38.200,3791.6000,9317,0,157144620.000,0,-,-,-,-,3791.4000,3791.0000,3790.0000,3788.8000,3786.6000,3792.8000,3794.0000,3794.2000,3795.0000,3795.2000,2,1,2,1,1,4,2,1,2,1
SF,IF2012,2020-06-17 09:35:39.200,3791.6000,9317,0,157144620.000,0,-,-,-,-,3791.6000,3791.4000,3791.0000,3790.0000,3788.8000,3792.8000,3794.0000,3794.2000,3795.0000,3795.2000,1,2,1,2,1,4,2,1,2,1
SF,IF2012,2020-06-17 09:35:40.700,3791.6000,9317,0,157144620.000,0,-,-,-,-,3791.8000,3791.6000,3791.4000,3791.0000,3790.0000,3792.8000,3794.0000,3794.2000,3795.0000,3795.2000,1,1,1,1,2,4,2,1,2,1
SF,IF2012,2020-06-17 09:35:41.200,3791.6000,9317,0,157144620.000,0,-,-,-,-,3791.8000,3791.6000,3791.4000,3791.0000,3790.0000,3792.8000,3794.0000,3794.2000,3795.0000,3795.2000,1,1,1,1,2,3,2,1,2,1
SF,IF2012,2020-06-17 09:35:42.700,3791.6000,9317,0,157144620.000,0,-,-,-,-,3791.8000,3791.6000,3791.4000,3791.0000,3790.0000,3792.8000,3794.0000,3794.2000,3795.0000,3795.2000,1,1,1,1,2,3,2,1,2,1
SF,IF2012,2020-06-17 09:35:43.200,3791.6000,9317,0,157144620.000,0,-,-,-,-,3792.0000,3791.8000,3791.6000,3791.4000,3791.0000,3792.8000,3794.0000,3794.2000,3795.0000,3795.2000,1,1,1,1,1,3,2,1,2,1
SF,IF2012,2020-06-17 09:35:45.700,3791.6000,9317,0,157144620.000,0,-,-,-,-,3792.0000,3791.6000,3791.4000,3791.0000,3790.0000,3792.8000,3794.0000,3794.2000,3795.0000,3795.2000,1,1,1,1,2,3,2,1,2,1
SF,IF2012,2020-06-17 09:35:46.700,3792.8000,9316,-1,158282460.000,1,0,1,双平,S,3792.0000,3791.4000,3791.0000,3790.0000,3788.8000,3792.8000,3794.0000,3794.2000,3795.0000,3795.2000,1,1,1,2,1,2,2,1,2,1
SF,IF2012,2020-06-17 09:35:47.700,3792.8000,9314,-2,160558140.000,2,0,2,双平,S,3792.0000,3791.4000,3791.0000,3790.0000,3788.8000,3794.0000,3794.2000,3795.0000,3795.2000,3796.0000,1,1,1,2,1,2,1,2,1,1
SF,IF2012,2020-06-17 09:35:48.200,3792.8000,9314,0,160558140.000,0,-,-,-,-,3792.2000,3792.0000,3791.0000,3790.0000,3788.8000,3793.8000,3794.0000,3794.2000,3795.0000,3795.2000,1,1,1,2,1,2,2,1,2,1
SF,IF2012,2020-06-17 09:35:49.700,3792.8000,9314,0,160558140.000,0,-,-,-,-,3792.2000,3792.0000,3791.0000,3790.0000,3788.8000,3793.8000,3794.0000,3794.2000,3795.0000,3795.2000,1,1,1,1,1,2,2,1,2,1
SF,IF2012,2020-06-17 09:35:51.200,3792.8000,9314,0,160558140.000,0,-,-,-,-,3792.4000,3792.2000,3792.0000,3791.0000,3790.0000,3793.8000,3794.0000,3794.2000,3795.0000,3795.2000,1,1,1,1,1,2,2,1,2,1
SF,IF2012,2020-06-17 09:35:51.700,3792.8000,9314,0,160558140.000,0,-,-,-,-,3792.8000,3792.4000,3792.2000,3792.0000,3791.0000,3793.8000,3794.0000,3794.2000,3795.0000,3795.2000,1,1,1,1,1,1,2,1,2,1
SF,IF2012,2020-06-17 09:35:52.200,3794.0000,9312,-2,163972680.000,3,0,3,多平,S,3792.8000,3792.4000,3792.2000,3792.0000,3791.0000,3794.2000,3795.0000,3795.2000,3796.0000,3796.8000,1,1,1,1,1,1,2,1,1,1
SF,IF2012,2020-06-17 09:35:52.700,3794.0000,9312,0,163972680.000,0,-,-,-,-,3793.0000,3792.8000,3792.4000,3792.0000,3791.0000,3794.2000,3795.0000,3795.2000,3796.0000,3796.8000,1,1,1,1,1,1,2,1,1,1
SF,IF2012,2020-06-17 09:35:53.200,3794.0000,9312,0,163972680.000,0,-,-,-,-,3793.0000,3792.8000,3792.4000,3792.2000,3792.0000,3794.2000,3795.0000,3795.2000,3796.0000,3796.8000,1,1,1,1,1,1,2,1,1,1
SF,IF2012,2020-06-17 09:35:53.700,3794.0000,9312,0,163972680.000,0,-,-,-,-,3793.0000,3792.8000,3792.4000,3792.2000,3792.0000,3794.2000,3795.0000,3795.2000,3796.0000,3796.8000,1,1,1,1,1,1,2,1,1,1
SF,IF2012,2020-06-17 09:35:54.200,3794.0000,9312,0,163972680.000,0,-,-,-,-,3793.0000,3792.2000,3792.0000,3791.0000,3790.0000,3794.2000,3795.0000,3795.2000,3796.0000,3796.8000,1,1,1,1,1,1,2,1,1,1
SF,IF2012,2020-06-17 09:35:55.200,3794.0000,9312,0,163972680.000,0,-,-,-,-,3793.0000,3792.8000,3792.2000,3792.0000,3791.0000,3794.2000,3795.0000,3795.2000,3796.0000,3796.8000,1,1,1,1,1,1,2,1,1,1
SF,IF2012,2020-06-17 09:35:56.700,3794.0000,9312,0,163972680.000,0,-,-,-,-,3793.0000,3792.2000,3792.0000,3791.0000,3790.0000,3794.2000,3795.0000,3795.2000,3796.0000,3796.8000,1,1,1,1,1,1,2,1,1,1
SF,IF2012,2020-06-17 09:35:57.200,3794.0000,9312,0,163972680.000,0,-,-,-,-,3793.0000,3792.8000,3792.2000,3792.0000,3791.0000,3794.2000,3795.0000,3795.2000,3796.0000,3796.8000,1,1,1,1,1,1,2,1,1,1
SF,IF2012,2020-06-17 09:35:57.700,3794.0000,9312,0,163972680.000,0,-,-,-,-,3793.0000,3792.2000,3792.0000,3791.0000,3790.0000,3794.2000,3795.0000,3795.2000,3796.0000,3796.8000,1,1,1,1,1,1,2,1,1,1
SF,IF2012,2020-06-17 09:35:58.700,3794.0000,9312,0,163972680.000,0,-,-,-,-,3793.0000,3792.2000,3792.0000,3791.0000,3790.0000,3794.2000,3795.0000,3795.2000,3796.0000,3796.8000,1,1,1,1,1,1,2,1,1,1
SF,IF2012,2020-06-17 09:35:59.700,3794.0000,9312,0,163972680.000,0,-,-,-,-,3793.0000,3792.8000,3792.2000,3792.0000,3791.0000,3794.2000,3795.0000,3795.2000,3796.0000,3796.8000,1,1,1,1,1,1,2,1,1,1
SF,IF2012,2020-06-17 09:36:00.200,3794.2000,9313,1,165110940.000,1,1,0,双开,S,3793.0000,3792.8000,3792.2000,3792.0000,3791.0000,3795.0000,3795.2000,3796.0000,3796.8000,3799.0000,1,1,1,1,1,2,1,1,1,1
SF,IF2012,2020-06-17 09:36:00.700,3794.2000,9313,0,165110940.000,0,-,-,-,-,3793.0000,3792.2000,3792.0000,3791.0000,3790.0000,3794.8000,3795.0000,3795.2000,3796.0000,3796.8000,1,1,1,1,1,2,2,1,1,1
SF,IF2012,2020-06-17 09:36:01.200,3794.2000,9313,0,165110940.000,0,-,-,-,-,3793.4000,3793.2000,3793.0000,3792.8000,3792.2000,3794.8000,3795.0000,3795.2000,3796.0000,3796.8000,1,1,1,1,1,2,2,1,1,1
SF,IF2012,2020-06-17 09:36:01.700,3794.2000,9313,0,165110940.000,0,-,-,-,-,3793.2000,3793.0000,3792.2000,3792.0000,3791.0000,3794.8000,3795.0000,3795.2000,3796.0000,3796.8000,1,1,1,1,1,1,2,1,1,1
SF,IF2012,2020-06-17 09:36:02.200,3794.2000,9313,0,165110940.000,0,-,-,-,-,3793.4000,3793.2000,3792.2000,3792.0000,3791.0000,3794.8000,3795.0000,3795.2000,3796.0000,3796.8000,1,1,1,1,1,1,2,1,1,1
SF,IF2012,2020-06-17 09:36:02.700,3794.2000,9313,0,165110940.000,0,-,-,-,-,3793.2000,3792.2000,3792.0000,3791.0000,3790.0000,3794.8000,3795.0000,3795.2000,3796.0000,3796.8000,1,1,1,1,1,1,2,1,1,1
SF,IF2012,2020-06-17 09:36:03.200,3794.2000,9313,0,165110940.000,0,-,-,-,-,3793.4000,3792.2000,3792.0000,3791.0000,3790.0000,3794.8000,3795.0000,3795.2000,3796.0000,3796.8000,1,1,1,1,1,1,2,1,1,1
SF,IF2012,2020-06-17 09:36:03.700,3794.2000,9313,0,165110940.000,0,-,-,-,-,3793.4000,3792.0000,3791.0000,3790.0000,3788.8000,3794.8000,3795.0000,3795.2000,3796.0000,3796.8000,1,1,1,1,1,1,2,1,1,1
SF,IF2012,2020-06-17 09:36:05.200,3793.4000,9312,-1,166248960.000,1,0,1,双平,S,3792.0000,3791.0000,3790.0000,3788.8000,3786.6000,3794.8000,3795.0000,3795.2000,3796.0000,3796.8000,1,1,1,1,1,1,2,1,1,1
SF,IF2012,2020-06-17 09:36:05.700,3793.4000,9312,0,166248960.000,0,-,-,-,-,3792.2000,3792.0000,3791.0000,3790.0000,3788.8000,3794.6000,3794.8000,3795.0000,3795.2000,3796.0000,1,1,1,1,1,1,1,2,1,1
SF,IF2012,2020-06-17 09:36:06.200,3793.4000,9312,0,166248960.000,0,-,-,-,-,3792.2000,3792.0000,3791.0000,3790.0000,3788.8000,3794.4000,3794.6000,3795.0000,3795.2000,3796.0000,1,1,1,1,1,1,1,2,1,1
SF,IF2012,2020-06-17 09:36:06.700,3793.4000,9312,0,166248960.000,0,-,-,-,-,3792.2000,3792.0000,3791.0000,3790.0000,3788.8000,3794.2000,3794.4000,3795.0000,3795.2000,3796.0000,1,1,1,1,1,1,1,2,1,1
SF,IF2012,2020-06-17 09:36:07.200,3793.4000,9312,0,166248960.000,0,-,-,-,-,3792.4000,3792.2000,3792.0000,3791.0000,3790.0000,3794.0000,3794.2000,3795.0000,3795.2000,3796.0000,1,1,1,1,1,1,1,2,1,1
SF,IF2012,2020-06-17 09:36:07.700,3793.4000,9312,0,166248960.000,0,-,-,-,-,3792.6000,3792.4000,3792.0000,3791.0000,3790.0000,3794.0000,3794.2000,3795.0000,3795.2000,3796.0000,1,1,2,1,1,1,1,2,1,1
SF,IF2012,2020-06-17 09:36:08.200,3793.4000,9312,0,166248960.000,0,-,-,-,-,3792.6000,3792.0000,3791.0000,3790.0000,3788.8000,3793.8000,3794.0000,3794.2000,3795.0000,3795.2000,1,2,1,1,1,3,1,1,2,1
SF,IF2012,2020-06-17 09:36:10.700,3793.8000,9311,-1,167387100.000,1,0,1,双平,S,3792.6000,3792.0000,3791.0000,3790.0000,3788.8000,3793.8000,3794.0000,3794.2000,3795.0000,3795.2000,1,2,1,1,1,2,1,1,2,1
SF,IF2012,2020-06-17 09:36:11.200,3793.8000,9311,0,167387100.000,0,-,-,-,-,3792.8000,3792.6000,3792.0000,3791.0000,3790.0000,3793.8000,3794.0000,3794.2000,3795.0000,3795.2000,2,1,2,1,1,2,1,1,2,1
SF,IF2012,2020-06-17 09:36:11.700,3793.8000,9311,0,167387100.000,0,-,-,-,-,3792.8000,3792.6000,3792.0000,3791.0000,3790.0000,3793.8000,3794.0000,3795.0000,3795.2000,3796.0000,1,1,2,1,1,2,1,2,1,1
SF,IF2012,2020-06-17 09:36:13.200,3793.8000,9311,0,167387100.000,0,-,-,-,-,3792.8000,3792.6000,3792.0000,3790.0000,3788.8000,3793.8000,3794.0000,3795.0000,3795.2000,3796.0000,1,1,2,1,1,2,1,2,1,1
SF,IF2012,2020-06-17 09:36:13.700,3793.8000,9311,0,167387100.000,0,-,-,-,-,3792.8000,3792.6000,3792.0000,3790.0000,3788.8000,3793.8000,3794.0000,3795.0000,3795.2000,3796.8000,2,1,2,1,1,2,1,2,1,1
SF,IF2012,2020-06-17 09:36:14.200,3793.8000,9311,0,167387100.000,0,-,-,-,-,3792.8000,3792.6000,3792.0000,3790.0000,3788.8000,3793.8000,3794.0000,3795.0000,3795.2000,3796.8000,1,1,2,1,1,2,1,2,1,1
SF,IF2012,2020-06-17 09:36:14.700,3793.8000,9311,0,167387100.000,0,-,-,-,-,3792.8000,3792.6000,3792.0000,3790.0000,3788.8000,3793.8000,3794.0000,3795.0000,3795.2000,3796.8000,2,1,2,1,1,2,1,2,1,1
SF,IF2012,2020-06-17 09:36:15.200,3793.8000,9311,0,167387100.000,0,-,-,-,-,3792.8000,3792.6000,3792.0000,3790.0000,3788.8000,3793.8000,3794.0000,3795.0000,3795.2000,3796.8000,1,1,2,1,1,2,1,2,1,1
SF,IF2012,2020-06-17 09:36:17.200,3793.8000,9311,0,167387100.000,0,-,-,-,-,3792.8000,3792.6000,3792.0000,3790.0000,3788.8000,3793.8000,3794.0000,3795.0000,3795.2000,3796.8000,2,1,2,1,1,2,1,2,1,1
SF,IF2012,2020-06-17 09:36:18.700,3793.8000,9311,0,167387100.000,0,-,-,-,-,3793.2000,3792.8000,3792.6000,3792.0000,3790.0000,3793.8000,3794.0000,3795.0000,3795.2000,3796.8000,1,2,1,2,1,2,1,2,1,1
SF,IF2012,2020-06-17 09:36:19.200,3793.8000,9311,0,167387100.000,0,-,-,-,-,3793.2000,3792.8000,3792.6000,3792.0000,3790.0000,3793.8000,3795.0000,3795.2000,3796.8000,3799.0000,1,2,1,2,1,2,2,1,1,1
SF,IF2012,2020-06-17 09:36:19.700,3793.8000,9311,0,167387100.000,0,-,-,-,-,3793.2000,3792.8000,3792.6000,3792.0000,3790.0000,3793.8000,3795.0000,3795.2000,3796.8000,3799.0000,1,3,1,2,1,2,2,1,1,1
SF,IF2012,2020-06-17 09:36:21.200,3793.8000,9311,0,167387100.000,0,-,-,-,-,3792.8000,3792.6000,3792.0000,3790.0000,3788.8000,3793.8000,3795.0000,3795.2000,3796.8000,3799.0000,2,1,2,1,1,2,2,1,1,1
SF,IF2012,2020-06-17 09:36:21.700,3793.8000,9311,0,167387100.000,0,-,-,-,-,3792.8000,3792.6000,3792.0000,3790.0000,3788.8000,3793.8000,3795.0000,3795.2000,3796.8000,3799.0000,1,1,2,1,1,2,2,1,1,1
SF,IF2012,2020-06-17 09:36:23.200,3793.8000,9311,0,167387100.000,0,-,-,-,-,3793.0000,3792.8000,3792.6000,3792.0000,3790.0000,3793.8000,3795.0000,3795.2000,3796.8000,3799.0000,1,1,1,2,1,2,2,1,1,1
SF,IF2012,2020-06-17 09:36:24.200,3793.8000,9311,0,167387100.000,0,-,-,-,-,3792.8000,3792.6000,3792.0000,3790.0000,3788.8000,3793.8000,3795.0000,3795.2000,3796.8000,3799.0000,1,1,2,1,1,2,2,1,1,1
SF,IF2012,2020-06-17 09:36:26.200,3792.6000,9309,-2,169662720.000,2,0,2,双平,S,3792.0000,3790.0000,3788.8000,3786.6000,3785.0000,3793.8000,3795.0000,3795.2000,3796.8000,3799.0000,2,1,1,1,3,2,2,1,1,1
SF,IF2012,2020-06-17 09:36:26.700,3792.6000,9309,0,169662720.000,0,-,-,-,-,3792.0000,3790.0000,3788.8000,3786.6000,3785.0000,3793.6000,3793.8000,3795.0000,3795.2000,3796.8000,2,1,1,1,3,1,2,2,1,1
SF,IF2012,2020-06-17 09:36:29.700,3792.6000,9309,0,169662720.000,0,-,-,-,-,3792.2000,3792.0000,3790.0000,3788.8000,3786.6000,3793.6000,3793.8000,3795.0000,3795.2000,3796.8000,1,2,1,1,1,1,2,2,1,1
SF,IF2012,2020-06-17 09:36:30.700,3792.6000,9309,0,169662720.000,0,-,-,-,-,3792.4000,3792.2000,3792.0000,3790.0000,3788.8000,3793.6000,3793.8000,3795.0000,3795.2000,3796.8000,1,1,2,1,1,1,2,2,1,1
SF,IF2012,2020-06-17 09:36:31.200,3793.6000,9309,0,170800800.000,1,0,1,多换,S,3793.6000,3792.4000,3792.2000,3792.0000,3790.0000,3793.8000,3795.0000,3795.2000,3796.8000,3799.0000,1,1,1,2,1,2,2,1,1,1
SF,IF2012,2020-06-17 09:36:31.700,3793.6000,9309,0,171938880.000,1,0,1,多换,S,3792.4000,3792.2000,3792.0000,3790.0000,3788.8000,3793.8000,3795.0000,3795.2000,3796.8000,3799.0000,1,1,2,1,1,2,2,1,1,1
SF,IF2012,2020-06-17 09:36:32.200,3793.6000,9309,0,171938880.000,0,-,-,-,-,3792.4000,3792.0000,3790.0000,3788.8000,3786.6000,3793.8000,3795.0000,3795.2000,3796.8000,3799.0000,1,2,1,1,1,2,2,1,1,1
SF,IF2012,2020-06-17 09:36:32.700,3793.6000,9309,0,171938880.000,0,-,-,-,-,3792.6000,3792.4000,3792.0000,3790.0000,3788.8000,3793.8000,3795.0000,3795.2000,3796.8000,3799.0000,1,1,2,1,1,2,2,1,1,1
SF,IF2012,2020-06-17 09:36:33.700,3793.6000,9309,0,171938880.000,0,-,-,-,-,3792.6000,3792.0000,3790.0000,3788.8000,3786.6000,3793.8000,3795.0000,3795.2000,3796.8000,3799.0000,2,2,1,1,1,2,2,1,1,1
SF,IF2012,2020-06-17 09:36:34.200,3793.8000,9307,-2,174215160.000,2,0,2,双平,S,3792.6000,3792.0000,3790.0000,3788.8000,3786.6000,3795.0000,3795.2000,3796.8000,3799.0000,3801.0000,2,2,1,1,1,2,1,1,1,8
SF,IF2012,2020-06-17 09:36:34.700,3793.8000,9307,0,174215160.000,0,-,-,-,-,3792.8000,3792.6000,3792.0000,3790.0000,3788.8000,3794.8000,3795.0000,3795.2000,3796.8000,3799.0000,2,1,2,1,1,2,2,1,1,1
SF,IF2012,2020-06-17 09:36:35.700,3793.8000,9307,0,174215160.000,0,-,-,-,-,3793.0000,3792.8000,3792.0000,3790.0000,3788.8000,3794.8000,3795.0000,3795.2000,3796.8000,3799.0000,1,2,2,1,1,2,2,1,1,1
SF,IF2012,2020-06-17 09:36:37.700,3793.8000,9307,0,174215160.000,0,-,-,-,-,3793.0000,3792.8000,3792.0000,3790.0000,3788.8000,3794.8000,3795.0000,3795.2000,3796.8000,3799.0000,1,3,2,1,1,2,2,1,1,1
SF,IF2012,2020-06-17 09:36:38.200,3793.8000,9307,0,174215160.000,0,-,-,-,-,3793.2000,3793.0000,3792.8000,3792.0000,3790.0000,3794.8000,3795.0000,3795.2000,3796.8000,3799.0000,2,1,1,2,1,1,2,1,1,1
SF,IF2012,2020-06-17 09:36:39.200,3793.8000,9307,0,174215160.000,0,-,-,-,-,3793.4000,3793.2000,3792.8000,3792.0000,3790.0000,3794.8000,3795.0000,3795.2000,3796.8000,3799.0000,1,2,1,2,1,1,2,1,1,1
SF,IF2012,2020-06-17 09:36:39.700,3793.8000,9307,0,174215160.000,0,-,-,-,-,3793.4000,3793.2000,3792.8000,3792.0000,3790.0000,3794.6000,3795.0000,3795.2000,3796.8000,3799.0000,1,2,1,2,1,1,2,1,1,1
SF,IF2012,2020-06-17 09:36:40.200,3793.8000,9307,0,174215160.000,0,-,-,-,-,3793.4000,3793.2000,3792.0000,3790.0000,3788.8000,3794.6000,3795.0000,3795.2000,3796.8000,3799.0000,1,2,2,1,1,1,2,1,1,1
SF,IF2012,2020-06-17 09:36:40.700,3793.8000,9307,0,174215160.000,0,-,-,-,-,3793.2000,3792.0000,3790.0000,3788.8000,3786.6000,3794.6000,3795.0000,3795.2000,3796.8000,3799.0000,1,2,1,1,1,1,2,1,1,1
SF,IF2012,2020-06-17 09:36:42.200,3793.8000,9307,0,174215160.000,0,-,-,-,-,3793.4000,3793.2000,3792.0000,3790.0000,3788.8000,3794.6000,3795.0000,3795.2000,3796.8000,3799.0000,1,1,2,1,1,1,2,1,1,1
SF,IF2012,2020-06-17 09:36:45.200,3793.2000,9306,-1,176491140.000,2,0,2,多平,S,3792.0000,3790.0000,3788.8000,3786.6000,3785.0000,3794.6000,3795.0000,3795.2000,3796.8000,3799.0000,1,1,1,1,3,1,2,1,1,1
SF,IF2012,2020-06-17 09:36:45.700,3793.2000,9306,0,176491140.000,0,-,-,-,-,3792.2000,3792.0000,3790.0000,3788.8000,3786.6000,3794.4000,3794.6000,3795.0000,3795.2000,3796.8000,1,1,1,1,1,1,1,2,1,1
SF,IF2012,2020-06-17 09:36:46.200,3793.2000,9306,0,176491140.000,0,-,-,-,-,3792.8000,3792.2000,3792.0000,3790.0000,3788.8000,3794.2000,3794.4000,3795.0000,3795.2000,3796.8000,1,1,1,1,1,1,1,2,1,1
SF,IF2012,2020-06-17 09:36:46.700,3794.2000,9305,-1,177629400.000,1,0,1,双平,S,3792.2000,3792.0000,3790.0000,3788.8000,3786.6000,3794.4000,3795.0000,3795.2000,3796.8000,3799.0000,1,1,1,1,1,1,2,1,1,1
SF,IF2012,2020-06-17 09:36:47.200,3794.2000,9305,0,177629400.000,0,-,-,-,-,3792.2000,3792.0000,3790.0000,3788.8000,3786.6000,3794.2000,3794.4000,3795.0000,3795.2000,3796.8000,1,1,1,1,1,1,1,2,1,1
SF,IF2012,2020-06-17 09:36:47.700,3794.2000,9305,0,177629400.000,0,-,-,-,-,3792.2000,3792.0000,3790.0000,3788.8000,3786.6000,3794.0000,3794.2000,3795.0000,3795.2000,3796.8000,1,1,1,1,1,1,1,2,1,1
SF,IF2012,2020-06-17 09:36:48.200,3794.2000,9305,0,177629400.000,0,-,-,-,-,3792.2000,3792.0000,3790.0000,3788.8000,3786.6000,3794.0000,3794.2000,3795.0000,3795.2000,3796.8000,1,2,1,1,1,1,1,2,1,1
SF,IF2012,2020-06-17 09:36:49.200,3794.2000,9305,0,177629400.000,0,-,-,-,-,3792.2000,3792.0000,3790.0000,3788.8000,3786.6000,3794.0000,3794.2000,3795.0000,3795.2000,3796.8000,1,2,1,1,1,1,1,2,1,1
SF,IF2012,2020-06-17 09:36:51.200,3794.2000,9305,0,177629400.000,0,-,-,-,-,3792.6000,3792.2000,3792.0000,3790.0000,3788.8000,3794.0000,3794.2000,3795.0000,3795.2000,3796.8000,1,1,2,1,1,1,1,2,1,1
SF,IF2012,2020-06-17 09:36:51.700,3794.2000,9305,0,177629400.000,0,-,-,-,-,3794.0000,3792.8000,3792.6000,3792.0000,3790.0000,3794.2000,3795.0000,3795.2000,3796.8000,3799.0000,1,1,1,2,1,1,2,1,1,1
SF,IF2012,2020-06-17 09:36:52.200,3794.0000,9304,-1,178767600.000,1,0,1,双平,S,3792.8000,3792.6000,3792.0000,3790.0000,3788.8000,3794.2000,3795.0000,3795.2000,3796.8000,3799.0000,1,1,2,1,1,1,2,1,1,1
SF,IF2012,2020-06-17 09:36:52.700,3794.0000,9304,0,178767600.000,0,-,-,-,-,3792.8000,3792.6000,3792.0000,3790.0000,3788.8000,3795.0000,3795.2000,3796.8000,3799.0000,3801.0000,2,1,2,1,1,2,1,1,1,8
SF,IF2012,2020-06-17 09:36:53.200,3794.0000,9304,0,178767600.000,0,-,-,-,-,3792.8000,3792.6000,3792.0000,3790.0000,3788.8000,3794.8000,3795.0000,3795.2000,3796.8000,3799.0000,2,1,2,1,1,2,2,1,1,1
SF,IF2012,2020-06-17 09:36:53.700,3794.0000,9304,0,178767600.000,0,-,-,-,-,3793.0000,3792.8000,3792.6000,3792.0000,3790.0000,3794.8000,3795.0000,3795.2000,3796.8000,3799.0000,1,1,1,2,1,2,2,1,1,1
SF,IF2012,2020-06-17 09:36:54.200,3794.0000,9304,0,178767600.000,0,-,-,-,-,3793.2000,3793.0000,3792.8000,3792.6000,3792.0000,3794.8000,3795.0000,3795.2000,3796.8000,3799.0000,2,2,1,1,2,2,2,1,1,1
SF,IF2012,2020-06-17 09:36:54.700,3794.0000,9304,0,178767600.000,0,-,-,-,-,3793.4000,3793.2000,3793.0000,3792.8000,3792.6000,3794.8000,3795.0000,3795.2000,3796.8000,3799.0000,1,2,1,1,1,2,2,1,1,1
SF,IF2012,2020-06-17 09:36:55.200,3794.0000,9304,0,178767600.000,0,-,-,-,-,3793.2000,3793.0000,3792.8000,3792.6000,3792.0000,3794.8000,3795.0000,3795.2000,3796.8000,3799.0000,2,1,4,1,2,1,2,1,1,1
SF,IF2012,2020-06-17 09:36:55.700,3794.0000,9304,0,178767600.000,0,-,-,-,-,3793.2000,3793.0000,3792.8000,3792.6000,3792.0000,3794.8000,3795.0000,3795.2000,3796.8000,3799.0000,1,1,3,1,2,1,2,1,1,1
SF,IF2012,2020-06-17 09:36:56.200,3794.0000,9304,0,178767600.000,0,-,-,-,-,3793.2000,3793.0000,3792.8000,3792.6000,3792.0000,3794.8000,3795.0000,3795.2000,3796.8000,3799.0000,1,1,3,1,1,1,2,1,1,1
SF,IF2012,2020-06-17 09:36:56.700,3794.0000,9304,0,178767600.000,0,-,-,-,-,3793.4000,3793.2000,3792.8000,3792.6000,3792.0000,3794.8000,3795.0000,3795.2000,3796.8000,3799.0000,1,1,3,1,1,1,2,1,1,1
SF,IF2012,2020-06-17 09:36:57.200,3794.0000,9304,0,178767600.000,0,-,-,-,-,3793.6000,3793.4000,3792.8000,3792.6000,3792.0000,3794.8000,3795.0000,3795.2000,3796.8000,3799.0000,1,1,3,1,1,1,2,1,1,1
SF,IF2012,2020-06-17 09:36:58.700,3794.0000,9304,0,178767600.000,0,-,-,-,-,3793.6000,3793.4000,3792.8000,3792.6000,3790.0000,3794.8000,3795.0000,3795.2000,3796.8000,3799.0000,1,1,3,1,1,1,2,1,1,1
SF,IF2012,2020-06-17 09:37:02.200,3794.0000,9304,0,178767600.000,0,-,-,-,-,3793.6000,3793.4000,3792.8000,3792.6000,3790.0000,3794.8000,3795.0000,3795.2000,3796.8000,3799.0000,1,1,3,1,1,1,2,1,1,1
SF,IF2012,2020-06-17 09:37:02.700,3794.0000,9304,0,178767600.000,0,-,-,-,-,3792.8000,3792.6000,3790.0000,3788.8000,3786.6000,3794.8000,3795.0000,3795.2000,3796.8000,3799.0000,3,1,1,1,1,1,2,1,1,1
SF,IF2012,2020-06-17 09:37:03.200,3794.6000,9304,0,179905980.000,1,0,1,多换,S,3793.0000,3792.8000,3792.6000,3790.0000,3788.8000,3794.8000,3795.0000,3795.2000,3796.8000,3799.0000,3,3,1,1,1,1,2,1,1,1
SF,IF2012,2020-06-17 09:37:03.700,3794.6000,9304,0,179905980.000,0,-,-,-,-,3793.0000,3792.8000,3792.6000,3790.0000,3788.8000,3794.6000,3794.8000,3795.0000,3795.2000,3796.8000,3,3,1,1,1,1,1,2,1,1
