市场代码,合约代码,时间,最新,持仓,增仓,成交额,成交量,开仓,平仓,成交类型,方向,买一价,买二价,买三价,买四价,买五价,卖一价,卖二价,卖三价,卖四价,卖五价,买一量,买二量,买三量,买四量,买五量,卖一量,卖二量,卖三量,卖四量,卖五量
SF,IF2003,2019-11-05 09:29:00.100,3973.8000,9945,0,2384280.000,2.000,-,-,-,-,3972.0000,3967.0000,3966.6000,3963.6000,3963.2000,3977.6000,3979.6000,3980.0000,3980.6000,3982.2000,1,2,1,1,1,1,3,1,1,1
SF,IF2003,2019-11-05 09:30:00.100,3973.8000,9945,0,2384280.000,0,-,-,-,-,3972.0000,3971.8000,3967.0000,3966.6000,3964.0000,3974.4000,3975.4000,3976.0000,3976.8000,3977.2000,1,1,1,1,2,1,1,2,1,10
SF,IF2003,2019-11-05 09:30:00.600,3974.0000,9945,0,3576480.000,1,0,1,多换,S,3972.0000,3971.8000,3966.6000,3964.0000,3963.6000,3974.0000,3974.2000,3975.4000,3976.0000,3976.8000,1,1,1,2,1,9,3,1,2,2
SF,IF2003,2019-11-05 09:30:01.100,3974.0000,9946,1,11921880.000,7,4,3,空开,S,3972.0000,3971.8000,3966.6000,3964.0000,3963.6000,3974.0000,3975.4000,3976.0000,3976.8000,3978.0000,1,1,1,2,1,5,1,2,1,1
SF,IF2003,2019-11-05 09:30:01.600,3974.0000,9946,0,11921880.000,0,-,-,-,-,3972.0000,3971.8000,3966.6000,3965.0000,3961.0000,3973.6000,3974.0000,3975.4000,3976.0000,3976.8000,1,1,1,5,1,1,5,1,2,1
SF,IF2003,2019-11-05 09:30:02.100,3973.8000,9947,1,14306160.000,2,1,1,空开,S,3972.0000,3971.8000,3966.6000,3965.0000,3961.0000,3973.2000,3973.6000,3975.4000,3976.0000,3976.8000,1,1,1,5,1,7,2,1,1,1
SF,IF2003,2019-11-05 09:30:02.600,3973.8000,9947,0,14306160.000,0,-,-,-,-,3972.0000,3971.8000,3966.6000,3965.0000,3961.0000,3972.8000,3973.0000,3973.2000,3976.0000,3976.8000,1,1,1,5,1,5,1,5,1,1
SF,IF2003,2019-11-05 09:30:03.100,3972.0000,9946,-1,15497760.000,1,0,1,双平,S,3971.8000,3966.6000,3961.0000,3960.2000,3960.0000,3972.0000,3972.4000,3972.6000,3972.8000,3973.2000,1,1,1,1,6,1,4,1,3,1
SF,IF2003,2019-11-05 09:30:03.600,3971.8000,9946,0,16689300.000,1,0,1,多换,S,3966.6000,3963.6000,3961.0000,3960.2000,3960.0000,3971.6000,3971.8000,3972.0000,3972.8000,3973.2000,1,1,1,1,6,5,1,1,1,1
SF,IF2003,2019-11-05 09:30:04.100,3971.8000,9946,0,16689300.000,0,-,-,-,-,3967.6000,3967.0000,3966.8000,3966.6000,3966.4000,3971.2000,3971.6000,3972.0000,3972.8000,3973.2000,2,5,8,1,1,1,5,1,1,1
SF,IF2003,2019-11-05 09:30:04.600,3971.8000,9946,0,16689300.000,0,-,-,-,-,3967.8000,3967.6000,3967.0000,3966.8000,3966.6000,3970.8000,3971.2000,3972.0000,3972.8000,3973.2000,1,1,5,2,1,5,1,1,1,1
SF,IF2003,2019-11-05 09:30:05.100,3971.6000,9946,0,17880780.000,1,0,1,多换,S,3967.8000,3967.6000,3967.0000,3966.8000,3966.6000,3970.8000,3971.2000,3972.0000,3972.2000,3972.8000,2,1,5,2,1,4,1,1,1,1
SF,IF2003,2019-11-05 09:30:05.600,3971.6000,9946,0,17880780.000,0,-,-,-,-,3967.8000,3967.6000,3967.0000,3966.8000,3966.6000,3970.8000,3971.2000,3972.0000,3972.2000,3972.8000,1,1,5,2,1,4,1,1,1,1
SF,IF2003,2019-11-05 09:30:06.100,3971.6000,9946,0,17880780.000,0,-,-,-,-,3967.8000,3967.0000,3966.8000,3966.6000,3966.4000,3970.8000,3971.2000,3971.4000,3972.0000,3972.8000,1,5,2,1,1,4,1,1,1,1
SF,IF2003,2019-11-05 09:30:06.600,3971.6000,9946,0,17880780.000,0,-,-,-,-,3967.8000,3967.0000,3966.8000,3966.6000,3966.4000,3970.8000,3971.2000,3971.4000,3972.0000,3972.2000,1,5,2,1,1,4,1,1,1,2
SF,IF2003,2019-11-05 09:30:07.100,3971.6000,9946,0,17880780.000,0,-,-,-,-,3967.8000,3967.0000,3966.8000,3966.6000,3966.4000,3970.6000,3970.8000,3971.2000,3972.0000,3972.8000,1,5,2,1,1,1,4,1,1,1
SF,IF2003,2019-11-05 09:30:07.600,3971.6000,9946,0,17880780.000,0,-,-,-,-,3967.8000,3967.0000,3966.8000,3966.6000,3966.4000,3970.2000,3970.6000,3970.8000,3971.2000,3972.0000,1,5,2,1,1,3,2,1,1,1
SF,IF2003,2019-11-05 09:30:08.100,3971.6000,9946,0,17880780.000,0,-,-,-,-,3967.0000,3966.8000,3966.6000,3966.4000,3963.6000,3970.2000,3970.4000,3970.6000,3970.8000,3971.2000,5,2,1,1,1,4,2,2,1,1
SF,IF2003,2019-11-05 09:30:08.600,3971.6000,9946,0,17880780.000,0,-,-,-,-,3967.2000,3967.0000,3966.8000,3966.6000,3966.4000,3969.8000,3970.0000,3970.2000,3970.4000,3970.6000,2,4,1,1,1,2,1,4,2,2
SF,IF2003,2019-11-05 09:30:09.100,3971.6000,9946,0,17880780.000,0,-,-,-,-,3967.2000,3967.0000,3966.8000,3966.6000,3966.4000,3969.4000,3970.2000,3970.4000,3970.6000,3970.8000,1,4,1,1,1,5,1,2,2,1
SF,IF2003,2019-11-05 09:30:09.600,3971.6000,9946,0,17880780.000,0,-,-,-,-,3967.6000,3967.4000,3967.2000,3966.8000,3966.4000,3970.4000,3970.6000,3970.8000,3971.2000,3972.0000,3,3,1,1,1,2,2,1,1,1
SF,IF2003,2019-11-05 09:30:10.100,3971.6000,9946,0,17880780.000,0,-,-,-,-,3966.8000,3966.4000,3963.6000,3961.0000,3960.2000,3969.2000,3969.6000,3970.0000,3970.2000,3970.4000,1,1,1,1,1,3,1,2,2,2
SF,IF2003,2019-11-05 09:30:10.600,3971.6000,9946,0,17880780.000,0,-,-,-,-,3966.4000,3963.6000,3961.0000,3960.2000,3960.0000,3968.8000,3969.0000,3969.2000,3970.2000,3970.4000,1,1,1,1,6,2,1,3,1,2
SF,IF2003,2019-11-05 09:30:11.100,3971.6000,9946,0,17880780.000,0,-,-,-,-,3966.4000,3963.6000,3961.0000,3960.2000,3960.0000,3968.4000,3969.0000,3969.4000,3970.2000,3970.4000,1,1,1,1,6,3,1,1,1,2
SF,IF2003,2019-11-05 09:30:11.600,3971.6000,9946,0,17880780.000,0,-,-,-,-,3966.4000,3963.6000,3961.0000,3960.2000,3960.0000,3968.4000,3969.4000,3970.2000,3970.4000,3972.0000,1,1,1,1,6,3,1,1,2,1
SF,IF2003,2019-11-05 09:30:13.600,3971.6000,9946,0,17880780.000,0,-,-,-,-,3966.6000,3966.4000,3963.6000,3961.0000,3960.2000,3970.2000,3970.4000,3972.0000,3976.8000,3977.4000,1,1,1,1,1,1,2,1,1,5
SF,IF2003,2019-11-05 09:30:14.100,3971.6000,9946,0,17880780.000,0,-,-,-,-,3966.8000,3966.6000,3966.4000,3963.6000,3961.0000,3969.6000,3969.8000,3970.0000,3970.2000,3970.4000,3,4,1,1,1,2,5,1,1,2
SF,IF2003,2019-11-05 09:30:14.600,3967.0000,9946,0,19070880.000,1,0,1,多换,S,3967.0000,3966.8000,3966.6000,3966.4000,3963.6000,3969.8000,3970.2000,3970.4000,3972.0000,3976.8000,5,4,1,1,1,3,1,2,1,1
SF,IF2003,2019-11-05 09:30:15.100,3967.0000,9946,0,19070880.000,0,-,-,-,-,3967.2000,3967.0000,3966.8000,3966.6000,3966.4000,3969.8000,3970.2000,3970.4000,3972.0000,3976.8000,3,5,1,1,1,3,1,2,1,1
SF,IF2003,2019-11-05 09:30:15.600,3967.0000,9946,0,19070880.000,0,-,-,-,-,3967.4000,3967.2000,3967.0000,3966.8000,3966.4000,3969.8000,3970.2000,3970.4000,3972.0000,3973.0000,3,3,3,1,1,3,1,2,1,2
SF,IF2003,2019-11-05 09:30:16.100,3967.0000,9946,0,19070880.000,0,-,-,-,-,3967.6000,3967.4000,3967.0000,3966.8000,3966.4000,3970.2000,3970.4000,3972.0000,3973.0000,3976.8000,3,5,1,1,1,1,2,1,2,1
SF,IF2003,2019-11-05 09:30:16.600,3967.0000,9946,0,19070880.000,0,-,-,-,-,3968.0000,3967.8000,3967.6000,3967.4000,3966.4000,3972.0000,3973.0000,3976.8000,3977.4000,3978.0000,2,4,6,1,1,1,2,1,5,1
SF,IF2003,2019-11-05 09:30:17.100,3967.0000,9946,0,19070880.000,0,-,-,-,-,3969.8000,3968.4000,3968.2000,3968.0000,3967.8000,3970.8000,3971.2000,3971.6000,3971.8000,3972.0000,1,3,2,2,1,1,1,5,3,1
SF,IF2003,2019-11-05 09:30:17.600,3967.0000,9946,0,19070880.000,0,-,-,-,-,3969.8000,3968.4000,3968.2000,3968.0000,3967.8000,3971.6000,3972.0000,3973.0000,3976.8000,3977.4000,1,3,4,2,1,5,1,2,1,5
SF,IF2003,2019-11-05 09:30:18.100,3967.0000,9946,0,19070880.000,0,-,-,-,-,3969.8000,3968.4000,3968.2000,3968.0000,3967.8000,3971.4000,3971.6000,3972.0000,3972.8000,3976.8000,1,3,3,3,1,2,5,1,2,1
SF,IF2003,2019-11-05 09:30:18.600,3967.0000,9946,0,19070880.000,0,-,-,-,-,3969.8000,3968.4000,3968.2000,3968.0000,3967.8000,3971.0000,3971.4000,3971.6000,3972.0000,3972.8000,1,3,3,3,1,3,2,2,1,2
SF,IF2003,2019-11-05 09:30:19.100,3967.0000,9946,0,19070880.000,0,-,-,-,-,3969.8000,3968.4000,3968.2000,3968.0000,3967.8000,3970.8000,3971.0000,3971.6000,3972.0000,3972.8000,1,3,3,3,1,1,3,2,1,2
SF,IF2003,2019-11-05 09:30:19.600,3971.0000,9943,-3,23836020.000,4,0,4,多平,S,3969.8000,3968.2000,3968.0000,3967.8000,3966.4000,3971.6000,3972.0000,3972.8000,3976.8000,3977.4000,1,3,3,1,1,2,2,2,1,5
SF,IF2003,2019-11-05 09:30:20.100,3971.0000,9943,0,23836020.000,0,-,-,-,-,3969.8000,3968.2000,3968.0000,3967.8000,3966.4000,3971.6000,3972.0000,3972.8000,3976.8000,3977.4000,1,2,3,1,1,2,1,2,1,5
SF,IF2003,2019-11-05 09:30:20.600,3971.6000,9942,-1,25027500.000,1,0,1,双平,S,3969.8000,3968.2000,3968.0000,3967.8000,3966.4000,3971.6000,3972.0000,3973.6000,3976.8000,3977.4000,1,2,3,1,1,1,1,2,1,5
SF,IF2003,2019-11-05 09:30:21.100,3971.6000,9942,0,25027500.000,0,-,-,-,-,3969.8000,3968.2000,3968.0000,3967.8000,3966.4000,3971.4000,3971.6000,3972.0000,3973.6000,3976.8000,1,2,3,1,1,1,1,1,2,1
SF,IF2003,2019-11-05 09:30:21.600,3971.6000,9942,0,25027500.000,0,-,-,-,-,3969.8000,3968.2000,3968.0000,3967.8000,3966.4000,3971.4000,3971.6000,3972.0000,3973.6000,3976.8000,1,2,3,1,1,1,1,1,2,1
SF,IF2003,2019-11-05 09:30:22.100,3971.6000,9942,0,25027500.000,0,-,-,-,-,3969.8000,3968.2000,3968.0000,3967.8000,3966.4000,3971.2000,3971.6000,3972.0000,3973.6000,3978.0000,1,2,3,1,1,1,1,1,2,1
SF,IF2003,2019-11-05 09:30:22.600,3971.6000,9942,0,25027500.000,0,-,-,-,-,3969.8000,3968.2000,3968.0000,3967.8000,3966.4000,3971.6000,3972.0000,3973.6000,3978.0000,3980.0000,1,2,3,1,1,1,1,2,1,1
SF,IF2003,2019-11-05 09:30:23.100,3971.6000,9942,0,25027500.000,0,-,-,-,-,3969.8000,3968.2000,3968.0000,3967.8000,3966.4000,3971.0000,3971.2000,3972.0000,3973.6000,3978.0000,1,1,1,1,1,1,2,1,2,1
SF,IF2003,2019-11-05 09:30:23.600,3971.6000,9942,0,25027500.000,0,-,-,-,-,3969.8000,3968.2000,3968.0000,3967.8000,3966.4000,3971.0000,3972.0000,3973.6000,3978.0000,3980.0000,1,1,1,1,1,1,1,2,1,1
SF,IF2003,2019-11-05 09:30:24.100,3971.6000,9942,0,25027500.000,0,-,-,-,-,3969.8000,3968.2000,3968.0000,3967.8000,3966.4000,3971.0000,3971.2000,3972.0000,3973.2000,3973.6000,1,1,1,1,1,1,1,1,6,2
SF,IF2003,2019-11-05 09:30:24.600,3971.6000,9942,0,25027500.000,0,-,-,-,-,3969.8000,3968.2000,3968.0000,3967.8000,3966.4000,3971.0000,3971.2000,3971.4000,3972.0000,3973.2000,1,1,1,1,1,1,1,1,1,6
SF,IF2003,2019-11-05 09:30:25.100,3971.6000,9942,0,25027500.000,0,-,-,-,-,3969.8000,3968.2000,3968.0000,3967.8000,3966.4000,3970.4000,3970.6000,3970.8000,3971.0000,3971.2000,1,1,1,1,1,2,1,1,1,2
SF,IF2003,2019-11-05 09:30:25.600,3971.6000,9942,0,25027500.000,0,-,-,-,-,3969.8000,3968.2000,3968.0000,3967.8000,3966.4000,3970.8000,3971.0000,3971.2000,3971.4000,3972.0000,1,1,1,1,1,1,1,1,1,1
SF,IF2003,2019-11-05 09:30:27.100,3971.6000,9942,0,25027500.000,0,-,-,-,-,3969.8000,3968.2000,3968.0000,3967.8000,3966.4000,3970.4000,3970.8000,3971.0000,3971.2000,3971.4000,1,1,1,1,1,2,1,1,1,1
SF,IF2003,2019-11-05 09:30:27.600,3969.8000,9943,1,26218440.000,1,1,0,双开,S,3968.0000,3967.8000,3966.4000,3963.6000,3961.0000,3969.8000,3970.4000,3970.6000,3971.0000,3971.2000,1,1,1,1,1,1,2,1,1,1
SF,IF2003,2019-11-05 09:30:28.100,3969.8000,9943,0,26218440.000,0,-,-,-,-,3968.2000,3968.0000,3967.8000,3966.4000,3963.6000,3969.8000,3970.4000,3970.6000,3971.0000,3971.2000,2,1,1,1,1,1,2,1,1,1
SF,IF2003,2019-11-05 09:30:28.600,3969.8000,9943,0,26218440.000,0,-,-,-,-,3968.2000,3968.0000,3967.8000,3966.4000,3963.6000,3970.4000,3970.6000,3971.0000,3971.2000,3971.4000,2,1,1,1,1,2,1,1,1,1
SF,IF2003,2019-11-05 09:30:29.100,3969.8000,9943,0,26218440.000,0,-,-,-,-,3968.4000,3968.0000,3967.8000,3966.4000,3963.6000,3970.2000,3970.4000,3970.6000,3971.0000,3971.2000,1,1,1,1,1,1,2,1,1,1
SF,IF2003,2019-11-05 09:30:30.100,3969.8000,9943,0,26218440.000,0,-,-,-,-,3968.4000,3968.0000,3967.8000,3966.4000,3963.6000,3970.2000,3970.4000,3971.0000,3971.2000,3971.4000,1,1,1,1,1,1,2,1,1,1
SF,IF2003,2019-11-05 09:30:30.600,3969.8000,9943,0,26218440.000,0,-,-,-,-,3968.4000,3968.0000,3967.8000,3966.6000,3966.4000,3970.4000,3971.0000,3971.2000,3971.4000,3972.0000,1,1,1,1,1,2,1,1,1,1
SF,IF2003,2019-11-05 09:30:31.100,3969.8000,9943,0,26218440.000,0,-,-,-,-,3970.2000,3968.4000,3968.0000,3967.8000,3966.6000,3970.4000,3971.0000,3971.2000,3971.4000,3972.0000,1,1,1,1,1,2,1,1,1,1
SF,IF2003,2019-11-05 09:30:31.600,3970.0000,9943,0,27409440.000,1,0,1,多换,S,3968.0000,3967.8000,3966.6000,3966.4000,3963.6000,3970.4000,3971.0000,3971.2000,3971.4000,3972.0000,1,1,1,1,1,2,1,1,1,1
SF,IF2003,2019-11-05 09:30:32.100,3970.0000,9943,0,27409440.000,0,-,-,-,-,3968.2000,3968.0000,3967.8000,3966.6000,3966.4000,3971.0000,3971.2000,3971.4000,3972.0000,3973.2000,2,1,1,1,1,1,1,1,1,6
SF,IF2003,2019-11-05 09:30:32.600,3970.0000,9943,0,27409440.000,0,-,-,-,-,3968.2000,3968.0000,3967.8000,3966.6000,3966.4000,3970.8000,3971.0000,3971.2000,3971.4000,3972.0000,2,1,1,1,1,1,1,1,1,1
SF,IF2003,2019-11-05 09:30:33.100,3970.0000,9943,0,27409440.000,0,-,-,-,-,3968.4000,3968.2000,3968.0000,3967.8000,3966.6000,3970.8000,3971.0000,3971.4000,3972.0000,3973.2000,1,2,1,1,1,1,1,1,1,6
SF,IF2003,2019-11-05 09:30:33.600,3970.0000,9943,0,27409440.000,0,-,-,-,-,3968.6000,3968.4000,3968.0000,3967.8000,3966.6000,3970.6000,3970.8000,3971.0000,3971.4000,3973.2000,2,1,1,1,1,1,1,1,1,6
SF,IF2003,2019-11-05 09:30:34.100,3970.0000,9943,0,27409440.000,0,-,-,-,-,3968.6000,3968.4000,3968.0000,3967.8000,3966.6000,3970.4000,3970.6000,3970.8000,3971.4000,3973.2000,2,1,1,1,1,1,2,1,1,6
SF,IF2003,2019-11-05 09:30:34.600,3970.0000,9943,0,27409440.000,0,-,-,-,-,3968.6000,3968.4000,3968.0000,3967.8000,3966.6000,3970.6000,3971.4000,3973.2000,3978.0000,3980.0000,2,1,1,1,1,2,1,6,1,1
SF,IF2003,2019-11-05 09:30:35.100,3970.0000,9943,0,27409440.000,0,-,-,-,-,3968.6000,3968.0000,3967.8000,3966.6000,3966.4000,3970.6000,3971.4000,3973.2000,3978.0000,3980.0000,2,1,1,1,1,2,1,6,1,1
SF,IF2003,2019-11-05 09:30:36.100,3970.0000,9943,0,27409440.000,0,-,-,-,-,3968.6000,3968.0000,3967.8000,3966.6000,3966.4000,3970.6000,3971.0000,3971.4000,3973.2000,3978.0000,2,1,1,1,1,2,1,1,6,1
SF,IF2003,2019-11-05 09:30:36.600,3970.0000,9943,0,27409440.000,0,-,-,-,-,3968.6000,3968.0000,3967.8000,3966.6000,3966.4000,3970.6000,3971.0000,3971.4000,3973.2000,3978.0000,2,1,3,1,1,2,1,1,6,1
SF,IF2003,2019-11-05 09:30:37.100,3970.0000,9943,0,27409440.000,0,-,-,-,-,3968.6000,3968.0000,3967.8000,3966.6000,3966.4000,3970.4000,3970.6000,3971.0000,3971.4000,3973.2000,2,1,3,1,1,1,1,1,1,6
SF,IF2003,2019-11-05 09:30:37.600,3970.0000,9943,0,27409440.000,0,-,-,-,-,3968.6000,3968.0000,3967.8000,3966.6000,3966.4000,3970.4000,3970.6000,3971.0000,3971.4000,3973.2000,2,1,3,1,1,1,1,1,1,6
SF,IF2003,2019-11-05 09:30:38.100,3970.0000,9943,0,27409440.000,0,-,-,-,-,3968.6000,3968.0000,3967.8000,3966.6000,3966.4000,3971.0000,3971.4000,3973.2000,3978.0000,3980.0000,2,1,3,1,1,1,1,6,1,1
SF,IF2003,2019-11-05 09:30:38.600,3970.0000,9943,0,27409440.000,0,-,-,-,-,3968.6000,3968.0000,3967.8000,3966.6000,3966.4000,3970.6000,3970.8000,3971.0000,3971.4000,3973.2000,2,1,3,1,1,1,1,1,1,6
SF,IF2003,2019-11-05 09:30:39.100,3970.0000,9943,0,27409440.000,0,-,-,-,-,3968.6000,3968.0000,3967.8000,3966.6000,3966.4000,3970.8000,3971.0000,3971.4000,3972.8000,3973.2000,2,2,3,1,1,1,1,1,1,6
SF,IF2003,2019-11-05 09:30:40.100,3970.0000,9943,0,27409440.000,0,-,-,-,-,3968.6000,3968.0000,3967.8000,3966.6000,3966.4000,3970.4000,3970.8000,3971.0000,3971.4000,3972.8000,2,2,3,1,1,1,1,1,1,1
SF,IF2003,2019-11-05 09:30:40.600,3970.0000,9943,0,27409440.000,0,-,-,-,-,3968.6000,3968.0000,3967.8000,3966.6000,3966.4000,3970.8000,3971.0000,3971.4000,3972.8000,3973.2000,2,2,3,1,1,1,1,1,1,6
SF,IF2003,2019-11-05 09:30:41.100,3970.0000,9943,0,27409440.000,0,-,-,-,-,3968.6000,3968.0000,3967.8000,3966.6000,3966.4000,3970.2000,3970.4000,3970.8000,3971.0000,3971.4000,2,2,3,1,1,1,3,1,1,1
SF,IF2003,2019-11-05 09:30:41.600,3970.0000,9943,0,27409440.000,0,-,-,-,-,3968.6000,3968.0000,3967.8000,3966.6000,3966.4000,3970.0000,3970.2000,3970.4000,3970.8000,3971.0000,2,2,3,1,1,1,1,3,1,1
SF,IF2003,2019-11-05 09:30:42.100,3970.0000,9943,0,27409440.000,0,-,-,-,-,3968.6000,3968.0000,3967.8000,3966.6000,3966.4000,3970.2000,3970.4000,3970.8000,3971.0000,3971.4000,2,2,3,1,1,1,2,1,1,1
SF,IF2003,2019-11-05 09:30:42.600,3970.2000,9942,-1,28600500.000,1,0,1,双平,S,3968.6000,3968.0000,3967.8000,3966.6000,3966.4000,3971.0000,3971.4000,3973.2000,3978.0000,3980.0000,2,2,3,1,1,1,1,6,1,1
SF,IF2003,2019-11-05 09:30:43.100,3970.2000,9942,0,28600500.000,0,-,-,-,-,3968.6000,3968.0000,3967.8000,3966.6000,3966.4000,3971.0000,3971.2000,3971.4000,3973.2000,3978.0000,2,2,3,1,1,1,1,1,6,1
SF,IF2003,2019-11-05 09:30:43.600,3970.2000,9942,0,28600500.000,0,-,-,-,-,3968.6000,3968.0000,3967.8000,3966.6000,3966.4000,3971.0000,3971.4000,3973.2000,3978.0000,3980.0000,2,2,3,1,1,1,1,6,1,1
SF,IF2003,2019-11-05 09:30:44.100,3970.2000,9942,0,28600500.000,0,-,-,-,-,3968.6000,3968.0000,3967.8000,3966.6000,3966.4000,3970.8000,3971.2000,3971.4000,3973.2000,3978.0000,2,2,3,1,1,1,1,1,6,1
SF,IF2003,2019-11-05 09:30:44.600,3970.2000,9942,0,28600500.000,0,-,-,-,-,3968.8000,3968.0000,3967.8000,3966.6000,3966.4000,3970.8000,3971.2000,3971.4000,3973.2000,3978.0000,1,2,3,1,1,1,1,1,6,1
SF,IF2003,2019-11-05 09:30:45.100,3970.2000,9942,0,28600500.000,0,-,-,-,-,3968.8000,3968.0000,3967.8000,3966.6000,3966.4000,3970.6000,3970.8000,3971.2000,3971.4000,3973.2000,1,2,3,1,1,1,1,1,1,6
SF,IF2003,2019-11-05 09:30:45.600,3970.2000,9942,0,28600500.000,0,-,-,-,-,3968.8000,3968.0000,3967.8000,3966.6000,3966.4000,3970.4000,3970.6000,3971.2000,3971.4000,3973.2000,1,2,3,1,1,2,1,1,1,6
SF,IF2003,2019-11-05 09:30:46.100,3970.2000,9942,0,28600500.000,0,-,-,-,-,3968.8000,3968.0000,3967.8000,3966.6000,3966.4000,3970.4000,3970.6000,3971.2000,3971.4000,3973.2000,1,2,3,1,1,2,1,1,1,6
SF,IF2003,2019-11-05 09:30:47.100,3970.2000,9942,0,28600500.000,0,-,-,-,-,3968.8000,3968.0000,3967.8000,3966.6000,3966.4000,3970.4000,3971.2000,3971.4000,3973.2000,3978.0000,1,2,3,1,1,2,1,1,6,1
SF,IF2003,2019-11-05 09:30:47.600,3970.2000,9942,0,28600500.000,0,-,-,-,-,3968.8000,3968.0000,3967.8000,3966.6000,3966.4000,3971.2000,3971.4000,3973.2000,3978.0000,3980.0000,1,2,3,1,1,1,1,6,1,1
SF,IF2003,2019-11-05 09:30:48.100,3970.2000,9942,0,28600500.000,0,-,-,-,-,3968.8000,3968.0000,3967.8000,3966.6000,3966.4000,3970.8000,3971.0000,3971.4000,3973.2000,3978.0000,1,2,3,1,1,1,1,1,6,1
SF,IF2003,2019-11-05 09:30:48.600,3970.2000,9942,0,28600500.000,0,-,-,-,-,3968.8000,3968.0000,3967.8000,3966.6000,3966.4000,3970.8000,3971.4000,3973.2000,3978.0000,3980.0000,1,2,3,1,1,1,1,6,1,1
SF,IF2003,2019-11-05 09:30:49.100,3970.8000,9942,0,29791740.000,1,0,1,多换,S,3968.8000,3968.0000,3967.8000,3966.6000,3966.4000,3971.4000,3973.2000,3978.0000,3980.0000,3982.0000,1,2,4,1,1,1,6,1,1,1
SF,IF2003,2019-11-05 09:30:49.600,3970.8000,9942,0,29791740.000,0,-,-,-,-,3968.8000,3968.0000,3967.8000,3966.6000,3966.4000,3971.2000,3971.4000,3973.2000,3978.0000,3980.0000,1,2,4,1,1,1,1,6,1,1
SF,IF2003,2019-11-05 09:30:50.100,3970.8000,9942,0,29791740.000,0,-,-,-,-,3968.8000,3968.0000,3967.8000,3966.6000,3966.4000,3971.2000,3977.4000,3978.0000,3980.0000,3982.0000,1,2,4,1,1,1,6,1,1,1
SF,IF2003,2019-11-05 09:30:50.600,3971.2000,9941,-1,30983100.000,1,0,1,双平,S,3968.8000,3968.0000,3967.8000,3966.6000,3966.4000,3977.4000,3978.0000,3980.0000,3982.0000,3984.0000,1,2,4,1,1,6,1,1,1,2
SF,IF2003,2019-11-05 09:30:51.100,3971.2000,9941,0,30983100.000,0,-,-,-,-,3969.0000,3968.8000,3968.0000,3967.8000,3966.6000,3971.6000,3971.8000,3972.6000,3972.8000,3973.2000,1,1,2,4,1,2,1,2,4,1
SF,IF2003,2019-11-05 09:30:51.600,3971.2000,9941,0,30983100.000,0,-,-,-,-,3969.2000,3969.0000,3968.0000,3967.8000,3966.6000,3971.4000,3972.8000,3973.2000,3973.8000,3974.4000,2,1,2,4,1,1,1,1,1,2
SF,IF2003,2019-11-05 09:30:52.100,3971.2000,9941,0,30983100.000,0,-,-,-,-,3969.2000,3969.0000,3968.0000,3967.8000,3966.6000,3971.4000,3972.8000,3973.2000,3973.4000,3973.8000,2,1,2,4,1,1,1,1,2,1
SF,IF2003,2019-11-05 09:30:52.600,3971.2000,9941,0,30983100.000,0,-,-,-,-,3969.2000,3969.0000,3968.0000,3967.8000,3966.6000,3972.8000,3973.2000,3973.4000,3973.8000,3974.4000,2,1,2,4,1,1,1,2,1,2
SF,IF2003,2019-11-05 09:30:53.100,3971.2000,9941,0,30983100.000,0,-,-,-,-,3969.2000,3969.0000,3968.0000,3967.8000,3966.6000,3971.6000,3972.6000,3972.8000,3973.2000,3973.4000,2,1,2,4,1,2,3,1,1,2
SF,IF2003,2019-11-05 09:30:53.600,3971.2000,9941,0,30983100.000,0,-,-,-,-,3969.2000,3969.0000,3968.8000,3968.0000,3967.8000,3972.6000,3972.8000,3973.2000,3973.4000,3973.8000,2,1,2,2,4,1,1,1,2,1
SF,IF2003,2019-11-05 09:30:54.100,3971.2000,9941,0,30983100.000,0,-,-,-,-,3969.2000,3969.0000,3968.8000,3968.0000,3967.8000,3971.6000,3972.4000,3972.6000,3972.8000,3973.2000,2,1,2,2,4,2,2,1,1,1
SF,IF2003,2019-11-05 09:30:54.600,3971.2000,9941,0,30983100.000,0,-,-,-,-,3970.0000,3969.2000,3969.0000,3968.8000,3968.0000,3972.6000,3972.8000,3973.2000,3973.4000,3973.8000,7,2,1,2,2,1,1,1,2,1
SF,IF2003,2019-11-05 09:30:55.100,3971.2000,9941,0,30983100.000,0,-,-,-,-,3970.0000,3969.0000,3968.8000,3968.0000,3967.8000,3971.4000,3972.4000,3972.8000,3973.2000,3973.4000,8,1,2,2,4,2,3,1,1,2
SF,IF2003,2019-11-05 09:30:55.600,3971.2000,9941,0,30983100.000,0,-,-,-,-,3970.0000,3969.0000,3968.8000,3968.0000,3967.8000,3972.2000,3972.8000,3973.2000,3973.4000,3973.8000,8,1,2,2,4,1,1,1,1,1
SF,IF2003,2019-11-05 09:30:56.100,3971.2000,9941,0,30983100.000,0,-,-,-,-,3970.0000,3969.0000,3968.8000,3968.0000,3967.8000,3971.6000,3972.0000,3972.2000,3972.8000,3973.2000,8,1,2,2,4,2,3,1,1,1
SF,IF2003,2019-11-05 09:30:56.600,3971.2000,9941,0,30983100.000,0,-,-,-,-,3970.0000,3968.8000,3968.0000,3967.8000,3966.6000,3971.4000,3972.0000,3972.2000,3972.8000,3973.2000,8,2,2,4,1,1,1,1,1,1
SF,IF2003,2019-11-05 09:30:57.100,3971.2000,9941,0,30983100.000,0,-,-,-,-,3970.0000,3968.8000,3968.0000,3967.8000,3966.6000,3971.2000,3971.4000,3972.0000,3972.8000,3973.2000,8,2,2,4,1,1,1,1,1,1
SF,IF2003,2019-11-05 09:30:57.600,3971.2000,9941,0,30983100.000,0,-,-,-,-,3970.0000,3968.8000,3968.0000,3967.8000,3966.6000,3971.2000,3972.0000,3972.8000,3973.2000,3973.4000,8,2,2,4,1,1,1,1,1,1
SF,IF2003,2019-11-05 09:30:58.100,3971.2000,9941,0,30983100.000,0,-,-,-,-,3970.0000,3968.8000,3968.0000,3967.8000,3966.6000,3971.0000,3971.2000,3972.0000,3972.8000,3973.2000,8,2,2,4,1,2,1,1,1,1
SF,IF2003,2019-11-05 09:30:58.600,3971.2000,9941,0,30983100.000,0,-,-,-,-,3970.0000,3968.8000,3968.0000,3967.8000,3966.6000,3971.0000,3972.0000,3972.8000,3973.2000,3973.4000,8,2,2,4,1,2,1,1,1,1
SF,IF2003,2019-11-05 09:30:59.100,3971.2000,9941,0,30983100.000,0,-,-,-,-,3970.0000,3968.8000,3968.0000,3967.8000,3966.6000,3972.0000,3972.8000,3973.2000,3973.4000,3973.8000,8,2,2,4,1,1,1,1,1,1
SF,IF2003,2019-11-05 09:30:59.600,3971.2000,9941,0,30983100.000,0,-,-,-,-,3970.0000,3968.8000,3968.0000,3967.8000,3966.6000,3971.4000,3971.8000,3972.0000,3972.8000,3973.2000,8,2,2,4,1,2,1,1,1,1
SF,IF2003,2019-11-05 09:31:00.100,3971.2000,9941,0,30983100.000,0,-,-,-,-,3970.0000,3968.8000,3968.0000,3967.8000,3966.6000,3972.0000,3972.8000,3973.2000,3973.4000,3973.8000,8,2,2,4,1,1,1,1,1,1
SF,IF2003,2019-11-05 09:31:00.600,3970.0000,9941,0,32174100.000,1,0,1,多换,S,3970.0000,3968.8000,3968.0000,3967.8000,3966.6000,3971.4000,3971.8000,3972.0000,3972.8000,3973.2000,7,2,2,2,1,1,1,1,1,1
SF,IF2003,2019-11-05 09:31:01.100,3970.0000,9941,0,32174100.000,0,-,-,-,-,3970.0000,3968.8000,3968.0000,3967.8000,3966.6000,3970.8000,3971.2000,3971.8000,3972.0000,3972.8000,7,2,2,2,1,1,2,1,1,1
SF,IF2003,2019-11-05 09:31:01.600,3970.0000,9941,0,36938100.000,4,2,2,多换,S,3970.0000,3968.8000,3968.0000,3967.8000,3966.6000,3970.8000,3971.8000,3972.0000,3972.8000,3973.2000,3,2,2,2,1,1,1,1,1,1
SF,IF2003,2019-11-05 09:31:02.100,3970.0000,9941,0,36938100.000,0,-,-,-,-,3970.0000,3968.8000,3968.0000,3967.8000,3966.6000,3970.6000,3972.0000,3972.8000,3973.2000,3973.4000,3,2,2,2,1,1,1,1,1,1
SF,IF2003,2019-11-05 09:31:02.600,3970.6000,9940,-1,38129280.000,1,0,1,双平,S,3970.0000,3968.8000,3968.0000,3967.8000,3966.6000,3972.0000,3972.8000,3973.2000,3973.4000,3973.8000,3,2,2,2,1,1,1,1,1,1
SF,IF2003,2019-11-05 09:31:03.100,3970.6000,9940,0,38129280.000,0,-,-,-,-,3970.0000,3968.8000,3968.0000,3967.8000,3966.6000,3971.4000,3971.8000,3972.0000,3972.8000,3973.2000,3,2,2,2,1,2,1,1,1,1
SF,IF2003,2019-11-05 09:31:03.600,3970.6000,9940,0,38129280.000,0,-,-,-,-,3970.0000,3968.8000,3968.0000,3967.8000,3966.6000,3971.0000,3972.0000,3972.8000,3973.2000,3973.4000,3,2,2,2,1,3,1,1,1,1
SF,IF2003,2019-11-05 09:31:04.100,3970.6000,9940,0,38129280.000,0,-,-,-,-,3970.0000,3968.8000,3968.0000,3967.8000,3966.6000,3971.0000,3971.2000,3972.0000,3972.8000,3973.2000,3,2,2,2,1,1,1,1,1,1
SF,IF2003,2019-11-05 09:31:04.600,3970.6000,9940,0,38129280.000,0,-,-,-,-,3970.0000,3968.8000,3968.0000,3967.8000,3966.6000,3970.8000,3971.0000,3971.2000,3972.0000,3972.8000,3,2,2,2,1,1,1,1,1,1
SF,IF2003,2019-11-05 09:31:05.100,3970.0000,9940,0,39320280.000,1,0,1,多换,S,3970.0000,3968.8000,3968.0000,3967.8000,3966.6000,3970.8000,3971.0000,3971.2000,3972.0000,3972.8000,2,2,2,2,1,1,1,1,1,1
SF,IF2003,2019-11-05 09:31:05.600,3970.0000,9940,0,39320280.000,0,-,-,-,-,3970.0000,3968.8000,3968.0000,3967.8000,3966.6000,3970.4000,3970.8000,3971.2000,3972.0000,3972.8000,2,2,2,2,1,1,1,1,1,1
SF,IF2003,2019-11-05 09:31:06.100,3970.0000,9941,1,40511280.000,1,1,0,双开,S,3970.0000,3968.8000,3968.0000,3967.8000,3966.6000,3971.2000,3972.0000,3972.8000,3973.4000,3973.8000,1,2,2,2,1,1,1,1,1,1
SF,IF2003,2019-11-05 09:31:06.600,3970.0000,9941,0,40511280.000,0,-,-,-,-,3970.0000,3968.8000,3968.0000,3967.8000,3966.6000,3970.4000,3970.6000,3971.0000,3971.2000,3972.0000,1,2,2,2,1,1,1,1,1,1
SF,IF2003,2019-11-05 09:31:07.100,3970.0000,9941,0,40511280.000,0,-,-,-,-,3970.0000,3968.8000,3968.0000,3967.8000,3966.6000,3970.4000,3971.0000,3971.2000,3972.0000,3972.8000,1,2,2,2,1,1,1,1,1,1
SF,IF2003,2019-11-05 09:31:07.600,3970.0000,9941,0,41702280.000,1,0,1,多换,S,3968.8000,3968.0000,3967.8000,3966.6000,3966.4000,3970.0000,3970.4000,3971.0000,3971.2000,3972.0000,2,2,2,1,1,1,1,1,1,1
SF,IF2003,2019-11-05 09:31:08.100,3970.0000,9941,0,41702280.000,0,-,-,-,-,3969.0000,3968.8000,3968.0000,3967.8000,3966.6000,3970.0000,3970.4000,3971.0000,3971.2000,3972.0000,2,2,2,2,1,1,1,1,1,1
SF,IF2003,2019-11-05 09:31:08.600,3970.0000,9940,-1,42893280.000,1,0,1,双平,S,3969.0000,3968.8000,3968.0000,3967.8000,3966.6000,3970.4000,3971.0000,3971.2000,3972.0000,3972.8000,2,2,1,2,1,1,1,1,1,1
SF,IF2003,2019-11-05 09:31:09.600,3970.0000,9940,0,42893280.000,0,-,-,-,-,3969.0000,3968.8000,3968.0000,3967.8000,3966.6000,3970.4000,3971.0000,3971.2000,3972.0000,3972.8000,2,2,1,2,1,2,1,1,1,1
SF,IF2003,2019-11-05 09:31:11.100,3970.0000,9940,0,42893280.000,0,-,-,-,-,3969.0000,3968.8000,3968.0000,3967.8000,3966.6000,3970.4000,3971.0000,3971.2000,3972.0000,3972.8000,2,2,1,2,1,2,1,1,1,1
SF,IF2003,2019-11-05 09:31:11.600,3970.0000,9940,0,42893280.000,0,-,-,-,-,3970.0000,3969.0000,3968.8000,3968.0000,3967.8000,3970.4000,3971.0000,3971.2000,3972.0000,3972.8000,3,2,2,1,2,1,1,1,1,1
SF,IF2003,2019-11-05 09:31:12.100,3970.0000,9940,0,42893280.000,0,-,-,-,-,3970.0000,3968.8000,3968.0000,3967.8000,3966.6000,3970.4000,3971.0000,3971.2000,3972.0000,3972.8000,3,2,1,2,1,1,1,1,1,1
SF,IF2003,2019-11-05 09:31:12.600,3970.0000,9940,0,44084280.000,1,0,1,多换,S,3970.0000,3968.8000,3968.0000,3967.8000,3966.6000,3970.8000,3971.0000,3971.2000,3972.0000,3972.8000,2,2,1,2,1,1,1,1,1,1
SF,IF2003,2019-11-05 09:31:13.600,3970.0000,9940,0,45275280.000,1,0,1,多换,S,3970.0000,3968.8000,3968.0000,3967.8000,3966.6000,3970.8000,3971.0000,3971.2000,3972.0000,3972.8000,1,2,1,2,1,1,1,1,1,1
SF,IF2003,2019-11-05 09:31:14.100,3970.0000,9940,0,45275280.000,0,-,-,-,-,3970.0000,3968.8000,3968.0000,3967.8000,3966.6000,3970.8000,3971.0000,3971.2000,3972.0000,3972.8000,1,2,1,2,1,1,1,1,1,1
SF,IF2003,2019-11-05 09:31:14.600,3970.0000,9940,0,46466280.000,1,0,1,多换,S,3968.8000,3968.0000,3967.8000,3966.6000,3966.4000,3970.8000,3971.0000,3971.2000,3972.0000,3972.8000,2,1,2,1,1,1,1,1,1,1
SF,IF2003,2019-11-05 09:31:15.100,3970.0000,9940,0,46466280.000,0,-,-,-,-,3969.0000,3968.8000,3968.0000,3967.8000,3966.6000,3970.8000,3971.0000,3972.0000,3972.8000,3973.4000,2,2,1,2,1,1,1,1,1,1
SF,IF2003,2019-11-05 09:31:15.600,3970.0000,9940,0,46466280.000,0,-,-,-,-,3969.0000,3968.8000,3968.0000,3967.8000,3966.6000,3970.6000,3970.8000,3971.0000,3972.0000,3972.8000,2,2,1,2,1,1,1,1,1,1
SF,IF2003,2019-11-05 09:31:16.100,3970.0000,9940,0,46466280.000,0,-,-,-,-,3969.0000,3968.8000,3968.0000,3967.8000,3966.6000,3970.6000,3970.8000,3971.0000,3972.0000,3972.8000,2,2,1,2,1,1,1,1,1,1
SF,IF2003,2019-11-05 09:31:16.600,3970.0000,9940,0,46466280.000,0,-,-,-,-,3969.0000,3968.8000,3968.0000,3967.8000,3966.6000,3970.6000,3970.8000,3971.0000,3972.0000,3972.8000,2,2,1,2,1,1,1,1,1,1
SF,IF2003,2019-11-05 09:31:17.100,3970.8000,9939,-1,48848700.000,2,0,2,多平,S,3969.0000,3968.8000,3968.0000,3967.8000,3966.6000,3972.0000,3972.8000,3973.4000,3973.8000,3974.4000,2,2,1,2,1,1,1,1,1,2
SF,IF2003,2019-11-05 09:31:17.600,3970.8000,9939,0,48848700.000,0,-,-,-,-,3969.2000,3969.0000,3968.8000,3968.0000,3967.8000,3971.6000,3972.0000,3972.8000,3973.4000,3973.8000,1,2,2,1,2,1,1,1,1,1
SF,IF2003,2019-11-05 09:31:18.100,3970.8000,9939,0,48848700.000,0,-,-,-,-,3969.4000,3969.2000,3968.8000,3968.0000,3967.8000,3972.0000,3972.8000,3973.4000,3973.8000,3974.4000,6,5,2,1,2,1,1,1,1,2
SF,IF2003,2019-11-05 09:31:18.600,3970.8000,9939,0,48848700.000,0,-,-,-,-,3969.6000,3969.4000,3969.2000,3968.8000,3968.0000,3972.0000,3972.8000,3973.4000,3973.8000,3974.4000,5,10,1,2,1,1,1,1,1,2
SF,IF2003,2019-11-05 09:31:19.100,3970.8000,9939,0,48848700.000,0,-,-,-,-,3969.8000,3969.6000,3969.4000,3969.2000,3968.8000,3972.0000,3972.8000,3973.4000,3973.8000,3974.4000,5,5,4,1,2,1,1,1,1,2
SF,IF2003,2019-11-05 09:31:19.600,3970.8000,9939,0,48848700.000,0,-,-,-,-,3969.8000,3969.6000,3969.2000,3968.8000,3968.0000,3972.0000,3972.8000,3973.4000,3973.8000,3974.4000,2,1,1,2,1,1,1,1,1,2
SF,IF2003,2019-11-05 09:31:20.100,3970.8000,9939,0,48848700.000,0,-,-,-,-,3970.0000,3969.8000,3969.6000,3968.8000,3968.0000,3972.0000,3972.8000,3973.4000,3973.8000,3974.4000,1,2,1,2,1,1,1,1,1,2
SF,IF2003,2019-11-05 09:31:20.600,3970.8000,9939,0,48848700.000,0,-,-,-,-,3970.2000,3969.6000,3968.8000,3968.0000,3967.8000,3972.0000,3972.8000,3973.4000,3973.8000,3974.4000,1,1,2,1,1,1,1,1,1,2
SF,IF2003,2019-11-05 09:31:21.100,3970.8000,9939,0,48848700.000,0,-,-,-,-,3970.2000,3968.8000,3968.0000,3967.8000,3966.6000,3971.6000,3971.8000,3972.0000,3972.8000,3973.4000,2,2,1,1,1,1,2,1,1,1
SF,IF2003,2019-11-05 09:31:21.600,3970.8000,9939,0,48848700.000,0,-,-,-,-,3970.2000,3968.8000,3968.0000,3967.8000,3966.4000,3971.8000,3972.0000,3972.8000,3973.4000,3973.8000,1,2,1,1,1,1,1,1,1,1
SF,IF2003,2019-11-05 09:31:22.600,3970.8000,9939,0,48848700.000,0,-,-,-,-,3970.2000,3968.8000,3968.0000,3967.8000,3966.4000,3971.8000,3972.0000,3972.8000,3973.4000,3973.8000,1,2,1,1,1,2,1,1,1,1
SF,IF2003,2019-11-05 09:31:24.600,3970.8000,9939,0,48848700.000,0,-,-,-,-,3970.2000,3969.8000,3968.8000,3968.0000,3967.8000,3971.6000,3971.8000,3972.0000,3972.8000,3973.4000,1,1,2,1,1,1,2,1,1,1
SF,IF2003,2019-11-05 09:31:25.600,3970.8000,9939,0,48848700.000,0,-,-,-,-,3970.2000,3969.8000,3968.8000,3968.0000,3967.8000,3971.8000,3972.0000,3972.8000,3973.4000,3973.8000,1,1,2,1,1,2,1,1,1,1
SF,IF2003,2019-11-05 09:31:28.100,3970.8000,9939,0,48848700.000,0,-,-,-,-,3970.2000,3969.8000,3968.8000,3968.0000,3967.8000,3971.8000,3972.0000,3972.8000,3973.4000,3973.8000,1,3,2,1,1,2,1,1,1,1
SF,IF2003,2019-11-05 09:31:31.600,3970.8000,9939,0,48848700.000,0,-,-,-,-,3970.2000,3969.8000,3968.8000,3968.0000,3967.8000,3971.4000,3971.6000,3971.8000,3972.0000,3972.8000,1,3,2,1,1,1,1,2,1,1
SF,IF2003,2019-11-05 09:31:32.100,3970.8000,9939,0,48848700.000,0,-,-,-,-,3969.8000,3968.8000,3968.0000,3967.8000,3966.4000,3971.6000,3971.8000,3972.0000,3972.8000,3973.4000,3,2,1,1,1,2,2,1,1,1
SF,IF2003,2019-11-05 09:31:32.600,3970.8000,9939,0,48848700.000,0,-,-,-,-,3970.0000,3969.8000,3968.8000,3968.0000,3967.8000,3971.4000,3971.6000,3971.8000,3972.0000,3972.8000,1,3,2,1,1,1,2,2,1,1
SF,IF2003,2019-11-05 09:31:34.100,3970.8000,9939,0,48848700.000,0,-,-,-,-,3970.0000,3969.8000,3968.8000,3968.0000,3967.8000,3971.4000,3971.6000,3971.8000,3972.0000,3972.8000,1,1,2,1,1,1,2,2,1,1
SF,IF2003,2019-11-05 09:31:34.600,3970.8000,9939,0,48848700.000,0,-,-,-,-,3969.8000,3968.8000,3968.0000,3967.8000,3966.4000,3971.0000,3971.2000,3971.4000,3971.6000,3971.8000,1,2,1,1,1,2,1,1,2,2
SF,IF2003,2019-11-05 09:31:35.100,3970.8000,9939,0,48848700.000,0,-,-,-,-,3969.8000,3968.8000,3968.0000,3967.8000,3966.4000,3971.2000,3971.6000,3971.8000,3972.0000,3972.8000,1,2,1,1,1,1,2,2,1,1
SF,IF2003,2019-11-05 09:31:35.600,3970.8000,9939,0,48848700.000,0,-,-,-,-,3969.8000,3968.8000,3968.0000,3967.8000,3966.4000,3971.2000,3971.6000,3971.8000,3972.0000,3972.8000,1,2,1,1,1,1,2,1,1,1
SF,IF2003,2019-11-05 09:31:36.600,3971.2000,9939,0,50040060.000,1,0,1,多换,S,3969.8000,3968.8000,3968.0000,3967.8000,3966.4000,3971.6000,3971.8000,3972.0000,3972.8000,3973.4000,1,2,1,1,1,2,1,1,1,1
SF,IF2003,2019-11-05 09:31:37.100,3971.2000,9939,0,50040060.000,0,-,-,-,-,3970.0000,3969.8000,3968.8000,3968.0000,3967.8000,3971.4000,3971.6000,3971.8000,3972.0000,3972.8000,1,1,2,1,1,1,2,1,1,1
SF,IF2003,2019-11-05 09:31:37.600,3971.2000,9939,0,50040060.000,0,-,-,-,-,3970.0000,3969.8000,3968.8000,3968.0000,3967.8000,3971.4000,3971.6000,3971.8000,3972.0000,3972.8000,1,1,2,1,1,1,1,1,1,1
SF,IF2003,2019-11-05 09:31:38.100,3971.2000,9939,0,50040060.000,0,-,-,-,-,3970.0000,3969.8000,3968.8000,3968.0000,3967.8000,3971.2000,3971.4000,3971.6000,3971.8000,3972.0000,2,1,2,1,1,1,1,1,1,1
SF,IF2003,2019-11-05 09:31:38.600,3971.2000,9939,0,50040060.000,0,-,-,-,-,3970.0000,3969.8000,3968.8000,3968.0000,3967.8000,3971.2000,3971.6000,3971.8000,3972.0000,3972.8000,2,1,2,1,1,1,1,1,1,1
SF,IF2003,2019-11-05 09:31:39.100,3971.2000,9939,0,50040060.000,0,-,-,-,-,3970.0000,3969.8000,3968.8000,3968.0000,3967.8000,3971.2000,3971.6000,3971.8000,3972.0000,3972.8000,2,1,2,1,1,1,1,1,1,1
SF,IF2003,2019-11-05 09:31:39.600,3970.0000,9939,0,51231060.000,1,0,1,多换,S,3969.8000,3968.8000,3968.0000,3967.8000,3966.4000,3971.0000,3971.2000,3971.6000,3971.8000,3972.0000,1,2,1,1,1,1,1,1,1,1
SF,IF2003,2019-11-05 09:31:40.600,3969.8000,9938,-1,52422000.000,1,0,1,双平,S,3968.8000,3968.0000,3967.8000,3966.4000,3963.6000,3971.0000,3971.2000,3971.6000,3971.8000,3972.0000,2,1,1,1,1,1,2,1,1,1
SF,IF2003,2019-11-05 09:31:41.100,3969.8000,9938,0,52422000.000,0,-,-,-,-,3969.0000,3968.8000,3968.0000,3967.8000,3966.4000,3970.4000,3970.8000,3971.0000,3971.2000,3971.6000,1,2,1,1,1,4,3,1,2,1
SF,IF2003,2019-11-05 09:31:41.600,3969.8000,9938,0,52422000.000,0,-,-,-,-,3969.0000,3968.8000,3968.0000,3967.8000,3966.4000,3970.4000,3970.8000,3971.2000,3971.6000,3971.8000,1,2,1,1,1,1,3,2,1,1
SF,IF2003,2019-11-05 09:31:42.600,3969.8000,9938,0,52422000.000,0,-,-,-,-,3969.0000,3968.8000,3968.0000,3967.8000,3966.4000,3969.8000,3970.2000,3970.4000,3970.8000,3971.2000,1,2,1,1,1,1,2,2,3,2
SF,IF2003,2019-11-05 09:31:43.100,3969.8000,9938,0,52422000.000,0,-,-,-,-,3969.0000,3968.8000,3968.0000,3967.8000,3966.4000,3970.2000,3970.4000,3970.8000,3971.2000,3971.6000,1,2,1,1,1,1,1,3,2,1
SF,IF2003,2019-11-05 09:31:46.100,3969.0000,9938,0,53612700.000,1,0,1,多换,S,3968.8000,3968.2000,3968.0000,3967.8000,3966.4000,3970.2000,3970.4000,3970.8000,3971.2000,3971.6000,2,1,1,1,1,2,1,3,2,1
SF,IF2003,2019-11-05 09:31:46.600,3969.0000,9938,0,53612700.000,0,-,-,-,-,3968.8000,3968.0000,3967.8000,3966.4000,3963.6000,3970.2000,3970.4000,3970.8000,3971.2000,3971.6000,2,1,1,1,1,2,1,3,2,1
SF,IF2003,2019-11-05 09:31:47.100,3969.0000,9938,0,53612700.000,0,-,-,-,-,3968.8000,3968.0000,3967.8000,3966.4000,3963.6000,3970.2000,3970.4000,3970.8000,3971.2000,3971.6000,2,1,1,1,1,3,2,3,2,1
SF,IF2003,2019-11-05 09:31:47.600,3969.0000,9938,0,53612700.000,0,-,-,-,-,3968.8000,3968.0000,3967.8000,3966.4000,3963.6000,3970.2000,3970.4000,3970.8000,3971.2000,3971.6000,2,1,1,1,1,2,1,3,2,1
SF,IF2003,2019-11-05 09:31:48.600,3970.2000,9938,0,54803760.000,1,0,1,多换,S,3968.8000,3968.0000,3967.8000,3966.4000,3963.6000,3970.2000,3970.4000,3970.8000,3971.2000,3971.6000,2,1,1,1,1,1,2,3,2,1
SF,IF2003,2019-11-05 09:31:49.100,3970.2000,9938,0,54803760.000,0,-,-,-,-,3968.8000,3968.0000,3967.8000,3967.4000,3966.4000,3970.2000,3970.4000,3970.8000,3971.2000,3971.6000,2,1,1,2,1,1,2,2,1,1
SF,IF2003,2019-11-05 09:31:50.100,3970.2000,9938,0,54803760.000,0,-,-,-,-,3968.8000,3968.0000,3967.8000,3967.4000,3966.4000,3970.0000,3970.2000,3970.4000,3970.8000,3971.2000,2,1,1,2,1,1,1,2,2,1
SF,IF2003,2019-11-05 09:31:50.600,3970.2000,9938,0,54803760.000,0,-,-,-,-,3968.8000,3968.0000,3967.8000,3967.4000,3966.4000,3969.8000,3970.0000,3970.4000,3970.8000,3971.2000,2,1,1,2,1,1,1,2,2,1
SF,IF2003,2019-11-05 09:31:51.100,3969.8000,9937,-1,55994700.000,1,0,1,双平,S,3969.0000,3968.8000,3968.6000,3968.0000,3967.8000,3970.4000,3970.8000,3971.2000,3971.6000,3971.8000,1,2,1,1,1,1,3,1,1,1
SF,IF2003,2019-11-05 09:31:51.600,3969.8000,9937,0,55994700.000,0,-,-,-,-,3969.0000,3968.8000,3968.0000,3967.8000,3967.4000,3970.2000,3970.4000,3970.8000,3971.2000,3971.6000,1,2,1,1,2,1,2,1,1,1
SF,IF2003,2019-11-05 09:31:52.100,3969.8000,9937,0,55994700.000,0,-,-,-,-,3968.8000,3968.0000,3967.8000,3967.4000,3966.4000,3970.2000,3970.4000,3970.8000,3971.2000,3971.6000,2,1,1,2,1,1,2,1,1,1
SF,IF2003,2019-11-05 09:31:52.600,3969.8000,9937,0,55994700.000,0,-,-,-,-,3968.8000,3968.0000,3967.8000,3966.4000,3963.6000,3970.2000,3970.4000,3970.8000,3971.2000,3971.6000,2,1,1,1,1,1,2,1,1,1
SF,IF2003,2019-11-05 09:31:53.100,3969.8000,9937,0,55994700.000,0,-,-,-,-,3969.0000,3968.8000,3968.0000,3967.8000,3966.4000,3970.0000,3970.4000,3970.8000,3971.2000,3971.6000,2,2,1,1,1,1,1,1,1,1
SF,IF2003,2019-11-05 09:31:53.600,3970.0000,9936,-1,57185700.000,1,0,1,双平,S,3969.0000,3968.8000,3968.0000,3967.8000,3966.4000,3970.8000,3971.2000,3971.6000,3971.8000,3972.0000,2,2,1,1,1,1,1,1,1,1
SF,IF2003,2019-11-05 09:31:54.100,3970.0000,9936,0,57185700.000,0,-,-,-,-,3969.2000,3969.0000,3968.8000,3968.0000,3967.8000,3970.8000,3971.6000,3971.8000,3972.0000,3973.4000,1,2,2,1,1,1,1,1,1,1
SF,IF2003,2019-11-05 09:31:54.600,3970.0000,9936,0,57185700.000,0,-,-,-,-,3969.4000,3969.2000,3969.0000,3968.8000,3968.0000,3970.8000,3971.6000,3971.8000,3972.0000,3973.4000,2,1,1,2,1,1,1,1,1,1
SF,IF2003,2019-11-05 09:31:55.100,3970.0000,9936,0,57185700.000,0,-,-,-,-,3969.4000,3969.2000,3969.0000,3968.8000,3968.0000,3970.6000,3970.8000,3971.6000,3971.8000,3972.0000,2,1,1,2,1,1,1,1,1,1
SF,IF2003,2019-11-05 09:32:00.600,3970.0000,9936,0,57185700.000,0,-,-,-,-,3969.4000,3969.2000,3969.0000,3968.8000,3968.0000,3970.6000,3970.8000,3971.6000,3971.8000,3972.0000,2,1,1,2,1,1,2,1,1,1
SF,IF2003,2019-11-05 09:32:01.100,3970.0000,9936,0,57185700.000,0,-,-,-,-,3969.4000,3969.0000,3968.8000,3968.0000,3967.8000,3970.6000,3970.8000,3971.6000,3971.8000,3972.0000,2,1,2,1,1,1,2,1,1,1
SF,IF2003,2019-11-05 09:32:02.600,3969.4000,9934,-2,59567340.000,2,0,2,双平,S,3969.0000,3968.8000,3968.2000,3968.0000,3967.8000,3970.4000,3970.6000,3970.8000,3971.6000,3971.8000,1,2,1,1,1,2,1,2,1,1
SF,IF2003,2019-11-05 09:32:03.100,3969.4000,9934,0,59567340.000,0,-,-,-,-,3968.8000,3968.0000,3967.8000,3966.4000,3963.6000,3970.2000,3970.4000,3970.8000,3971.6000,3971.8000,2,1,1,1,1,3,3,2,1,1
SF,IF2003,2019-11-05 09:32:03.600,3969.4000,9934,0,59567340.000,0,-,-,-,-,3968.8000,3968.0000,3967.8000,3966.4000,3963.6000,3970.2000,3970.4000,3970.8000,3971.6000,3971.8000,2,1,1,1,1,4,3,2,1,1
SF,IF2003,2019-11-05 09:32:04.100,3968.8000,9934,0,60757980.000,1,0,1,多换,S,3968.8000,3968.0000,3967.8000,3966.4000,3963.6000,3970.0000,3970.2000,3970.4000,3970.8000,3971.6000,1,1,1,1,1,1,4,3,2,1
SF,IF2003,2019-11-05 09:32:04.600,3968.8000,9934,0,61948620.000,1,0,1,多换,S,3968.0000,3967.8000,3966.4000,3963.6000,3961.0000,3969.6000,3969.8000,3970.0000,3970.2000,3970.4000,1,1,1,1,1,1,3,3,2,3
SF,IF2003,2019-11-05 09:32:05.100,3968.8000,9934,0,61948620.000,0,-,-,-,-,3968.0000,3967.8000,3966.4000,3963.6000,3961.0000,3969.4000,3969.8000,3970.0000,3970.2000,3970.4000,1,1,1,1,1,1,1,3,2,3
SF,IF2003,2019-11-05 09:32:05.600,3968.8000,9934,0,61948620.000,0,-,-,-,-,3968.6000,3968.0000,3967.8000,3966.4000,3963.6000,3968.8000,3969.4000,3969.8000,3970.0000,3970.2000,1,1,1,1,1,1,1,1,2,2
SF,IF2003,2019-11-05 09:32:06.100,3968.8000,9933,-1,63139260.000,1,0,1,双平,S,3968.6000,3968.0000,3967.8000,3966.4000,3963.6000,3969.8000,3970.0000,3970.2000,3970.4000,3970.8000,1,1,1,1,1,1,2,2,3,2
SF,IF2003,2019-11-05 09:32:06.600,3968.8000,9933,0,63139260.000,0,-,-,-,-,3968.0000,3967.8000,3966.4000,3963.6000,3961.0000,3969.6000,3969.8000,3970.0000,3970.2000,3970.4000,1,1,1,1,1,1,1,2,2,3
SF,IF2003,2019-11-05 09:32:07.100,3968.8000,9933,0,63139260.000,0,-,-,-,-,3968.2000,3968.0000,3967.8000,3967.0000,3966.4000,3969.6000,3970.0000,3970.2000,3970.4000,3970.8000,2,1,1,2,1,1,2,2,3,2
SF,IF2003,2019-11-05 09:32:09.600,3968.8000,9933,0,63139260.000,0,-,-,-,-,3968.0000,3967.8000,3967.6000,3967.0000,3966.4000,3969.2000,3969.4000,3969.6000,3970.0000,3970.2000,1,1,1,2,1,2,4,1,2,2
SF,IF2003,2019-11-05 09:32:10.100,3968.8000,9933,0,63139260.000,0,-,-,-,-,3968.0000,3967.8000,3967.6000,3966.4000,3961.0000,3969.0000,3969.4000,3970.0000,3970.2000,3970.4000,1,1,1,1,1,5,2,2,2,3
SF,IF2003,2019-11-05 09:32:10.600,3968.0000,9933,0,64329660.000,1,0,1,多换,S,3967.8000,3967.6000,3966.4000,3961.0000,3960.0000,3969.0000,3969.4000,3970.0000,3970.2000,3970.4000,1,1,1,1,6,7,2,2,2,3
SF,IF2003,2019-11-05 09:32:11.100,3967.8000,9932,-1,65520000.000,1,0,1,双平,S,3967.6000,3966.4000,3961.0000,3960.0000,3958.0000,3968.8000,3969.0000,3969.4000,3970.0000,3970.2000,1,1,1,6,1,1,7,1,1,2
SF,IF2003,2019-11-05 09:32:11.600,3967.6000,9931,-1,66710280.000,1,0,1,双平,S,3966.4000,3961.0000,3960.0000,3958.0000,3956.4000,3967.8000,3968.6000,3968.8000,3969.0000,3969.4000,1,1,6,1,5,1,4,1,3,1
SF,IF2003,2019-11-05 09:32:12.100,3967.6000,9931,0,66710280.000,0,-,-,-,-,3967.4000,3966.6000,3966.4000,3961.0000,3960.0000,3968.8000,3969.0000,3969.4000,3970.0000,3970.2000,1,5,1,1,6,1,3,1,1,2
SF,IF2003,2019-11-05 09:32:12.600,3967.6000,9931,0,66710280.000,0,-,-,-,-,3966.6000,3966.4000,3961.0000,3960.0000,3958.0000,3967.4000,3968.2000,3968.6000,3969.0000,3969.4000,1,1,1,6,1,1,2,7,3,1
SF,IF2003,2019-11-05 09:32:13.100,3967.6000,9931,0,66710280.000,0,-,-,-,-,3966.8000,3966.6000,3961.0000,3960.0000,3958.0000,3967.4000,3968.6000,3969.0000,3969.4000,3970.0000,2,1,1,6,1,1,2,3,1,1
SF,IF2003,2019-11-05 09:32:13.600,3967.4000,9930,-1,67900500.000,1,0,1,双平,S,3967.0000,3966.8000,3966.6000,3961.0000,3960.0000,3968.2000,3968.6000,3969.0000,3969.4000,3970.0000,1,2,1,1,6,1,2,3,1,1
SF,IF2003,2019-11-05 09:32:14.100,3967.4000,9930,0,67900500.000,0,-,-,-,-,3961.0000,3960.0000,3958.0000,3956.4000,3956.0000,3967.8000,3968.0000,3968.2000,3968.6000,3969.0000,1,6,1,5,1,2,5,1,2,3
SF,IF2003,2019-11-05 09:32:14.600,3967.4000,9930,0,67900500.000,0,-,-,-,-,3965.4000,3964.4000,3963.8000,3963.6000,3962.4000,3968.0000,3968.6000,3969.0000,3969.4000,3970.0000,3,1,1,2,2,1,2,3,1,1
SF,IF2003,2019-11-05 09:32:15.100,3967.4000,9930,0,67900500.000,0,-,-,-,-,3967.0000,3965.6000,3965.4000,3963.8000,3963.6000,3967.8000,3968.6000,3969.0000,3969.4000,3970.0000,1,8,3,1,2,1,2,3,1,1
SF,IF2003,2019-11-05 09:32:15.600,3967.0000,9929,-1,69090600.000,1,0,1,双平,S,3965.6000,3963.8000,3963.6000,3962.4000,3962.0000,3967.8000,3968.6000,3969.0000,3969.4000,3970.0000,4,1,2,2,1,1,2,3,1,1
SF,IF2003,2019-11-05 09:32:16.100,3967.0000,9929,0,69090600.000,0,-,-,-,-,3965.8000,3965.6000,3963.6000,3962.4000,3962.0000,3967.8000,3968.6000,3969.0000,3969.4000,3970.0000,1,4,2,2,1,1,2,3,1,1
SF,IF2003,2019-11-05 09:32:16.600,3967.0000,9929,0,69090600.000,0,-,-,-,-,3965.8000,3965.6000,3963.6000,3962.4000,3962.0000,3967.8000,3968.6000,3969.0000,3969.4000,3970.0000,1,4,2,1,1,1,2,3,1,1
SF,IF2003,2019-11-05 09:32:17.100,3967.0000,9929,0,69090600.000,0,-,-,-,-,3966.0000,3965.8000,3965.6000,3963.6000,3962.4000,3967.8000,3968.6000,3969.0000,3969.4000,3970.0000,2,1,2,2,1,1,2,3,1,1
SF,IF2003,2019-11-05 09:32:17.600,3967.0000,9929,0,69090600.000,0,-,-,-,-,3966.0000,3965.6000,3963.6000,3962.4000,3962.0000,3967.8000,3968.6000,3969.0000,3969.4000,3970.0000,3,2,2,1,1,1,2,3,1,1
SF,IF2003,2019-11-05 09:32:18.100,3967.0000,9929,0,69090600.000,0,-,-,-,-,3966.2000,3966.0000,3965.6000,3963.6000,3962.4000,3967.8000,3968.6000,3969.0000,3969.4000,3970.0000,1,3,2,2,1,1,2,3,1,1
SF,IF2003,2019-11-05 09:32:18.600,3967.0000,9929,0,69090600.000,0,-,-,-,-,3967.8000,3966.6000,3966.4000,3966.2000,3966.0000,3968.6000,3969.0000,3969.4000,3970.0000,3970.2000,1,1,4,6,1,2,3,1,1,2
SF,IF2003,2019-11-05 09:32:19.100,3967.8000,9928,-1,70280940.000,1,0,1,双平,S,3966.6000,3966.4000,3966.2000,3966.0000,3965.6000,3968.4000,3969.0000,3969.4000,3970.0000,3970.2000,1,2,5,1,2,4,3,1,1,2
SF,IF2003,2019-11-05 09:32:19.600,3967.8000,9928,0,70280940.000,0,-,-,-,-,3966.8000,3966.6000,3966.4000,3966.2000,3966.0000,3968.4000,3969.0000,3969.4000,3970.0000,3970.2000,1,1,2,1,1,4,3,1,1,2
SF,IF2003,2019-11-05 09:32:20.100,3967.8000,9928,0,70280940.000,0,-,-,-,-,3967.0000,3966.8000,3966.6000,3966.4000,3966.2000,3969.0000,3969.4000,3970.0000,3970.2000,3970.4000,1,4,1,2,1,3,1,1,2,3
SF,IF2003,2019-11-05 09:32:20.600,3967.8000,9928,0,70280940.000,0,-,-,-,-,3967.2000,3967.0000,3966.8000,3966.6000,3966.4000,3968.8000,3969.0000,3969.4000,3970.0000,3970.2000,2,1,3,1,2,2,2,1,1,2
SF,IF2003,2019-11-05 09:32:21.100,3967.8000,9928,0,70280940.000,0,-,-,-,-,3967.2000,3967.0000,3966.8000,3966.4000,3966.2000,3968.8000,3969.0000,3969.4000,3970.0000,3970.2000,3,1,3,2,1,2,2,1,1,2
SF,IF2003,2019-11-05 09:32:21.600,3967.8000,9928,0,70280940.000,0,-,-,-,-,3967.2000,3967.0000,3966.8000,3966.4000,3966.2000,3968.8000,3969.0000,3969.4000,3970.0000,3970.2000,3,1,3,2,1,2,3,1,1,2
SF,IF2003,2019-11-05 09:32:22.100,3967.8000,9928,0,70280940.000,0,-,-,-,-,3967.2000,3967.0000,3966.8000,3966.4000,3966.2000,3968.8000,3969.0000,3969.4000,3970.0000,3970.2000,2,1,3,2,1,2,2,1,1,2
SF,IF2003,2019-11-05 09:32:22.600,3967.8000,9928,0,70280940.000,0,-,-,-,-,3967.2000,3967.0000,3966.8000,3966.4000,3966.2000,3968.8000,3969.0000,3969.4000,3970.0000,3970.2000,1,1,3,2,1,2,2,1,1,2
SF,IF2003,2019-11-05 09:32:23.100,3967.8000,9928,0,70280940.000,0,-,-,-,-,3966.8000,3966.4000,3966.2000,3966.0000,3965.6000,3968.4000,3968.6000,3968.8000,3969.0000,3969.4000,1,2,1,1,2,2,4,2,3,1
SF,IF2003,2019-11-05 09:32:23.600,3967.8000,9928,0,70280940.000,0,-,-,-,-,3967.0000,3966.8000,3966.4000,3966.2000,3966.0000,3968.2000,3968.6000,3968.8000,3969.0000,3969.4000,2,1,2,1,1,1,1,1,3,1
SF,IF2003,2019-11-05 09:32:24.100,3967.8000,9928,0,70280940.000,0,-,-,-,-,3967.2000,3967.0000,3966.8000,3966.4000,3966.2000,3968.2000,3968.6000,3968.8000,3969.0000,3969.4000,1,2,1,2,1,1,1,1,3,1
SF,IF2003,2019-11-05 09:32:28.100,3967.8000,9928,0,70280940.000,0,-,-,-,-,3967.2000,3966.4000,3966.2000,3966.0000,3965.6000,3968.0000,3968.2000,3968.6000,3968.8000,3969.0000,1,1,1,1,2,2,1,1,1,3
SF,IF2003,2019-11-05 09:32:28.600,3967.8000,9928,0,70280940.000,0,-,-,-,-,3966.4000,3966.2000,3966.0000,3965.6000,3963.6000,3968.6000,3968.8000,3969.0000,3969.4000,3970.0000,1,1,1,2,2,1,1,3,1,1
SF,IF2003,2019-11-05 09:32:29.100,3967.8000,9928,0,70280940.000,0,-,-,-,-,3966.4000,3966.2000,3966.0000,3965.6000,3963.6000,3968.0000,3968.4000,3968.6000,3968.8000,3969.0000,1,1,1,2,2,2,4,1,1,3
SF,IF2003,2019-11-05 09:32:29.600,3967.8000,9928,0,70280940.000,0,-,-,-,-,3966.4000,3966.2000,3966.0000,3965.6000,3963.6000,3967.8000,3968.4000,3968.6000,3968.8000,3969.0000,1,1,1,2,2,2,2,1,1,3
SF,IF2003,2019-11-05 09:32:30.100,3967.8000,9928,0,70280940.000,0,-,-,-,-,3966.4000,3966.2000,3966.0000,3965.6000,3963.6000,3967.8000,3968.4000,3968.6000,3968.8000,3969.0000,1,1,1,2,2,1,2,1,1,3
SF,IF2003,2019-11-05 09:32:30.600,3967.8000,9928,0,70280940.000,0,-,-,-,-,3966.6000,3966.4000,3966.2000,3966.0000,3965.6000,3967.8000,3968.4000,3968.6000,3968.8000,3969.0000,4,2,1,1,2,1,2,1,1,3
SF,IF2003,2019-11-05 09:32:31.100,3967.8000,9928,0,70280940.000,0,-,-,-,-,3966.8000,3966.6000,3966.4000,3966.2000,3966.0000,3967.8000,3968.4000,3968.6000,3968.8000,3969.0000,1,4,2,1,1,1,2,1,1,3
SF,IF2003,2019-11-05 09:32:31.600,3967.8000,9928,0,70280940.000,0,-,-,-,-,3966.8000,3966.6000,3966.4000,3966.2000,3966.0000,3967.8000,3968.4000,3968.6000,3968.8000,3969.0000,1,3,2,1,1,1,2,1,1,3
SF,IF2003,2019-11-05 09:32:32.100,3967.8000,9928,0,70280940.000,0,-,-,-,-,3967.0000,3966.8000,3966.6000,3966.4000,3966.2000,3968.4000,3968.6000,3968.8000,3969.0000,3969.4000,2,1,1,2,1,2,1,1,3,1
SF,IF2003,2019-11-05 09:32:32.600,3967.8000,9928,0,70280940.000,0,-,-,-,-,3967.0000,3966.8000,3966.6000,3966.4000,3966.2000,3968.2000,3968.4000,3968.6000,3968.8000,3969.0000,2,1,1,2,1,1,1,1,1,3
SF,IF2003,2019-11-05 09:32:33.100,3967.8000,9928,0,70280940.000,0,-,-,-,-,3967.0000,3966.8000,3966.6000,3966.4000,3966.2000,3968.2000,3968.4000,3968.6000,3968.8000,3969.0000,2,1,1,2,1,1,1,1,1,3
SF,IF2003,2019-11-05 09:32:33.600,3967.8000,9928,0,70280940.000,0,-,-,-,-,3967.0000,3966.8000,3966.4000,3966.2000,3966.0000,3968.2000,3968.4000,3968.6000,3968.8000,3969.0000,2,1,2,1,1,1,1,1,1,3
SF,IF2003,2019-11-05 09:32:34.600,3967.8000,9928,0,70280940.000,0,-,-,-,-,3966.4000,3966.2000,3966.0000,3965.6000,3963.6000,3968.0000,3968.2000,3968.4000,3968.6000,3968.8000,1,1,1,2,2,2,1,1,1,1
SF,IF2003,2019-11-05 09:32:35.100,3967.8000,9928,0,70280940.000,0,-,-,-,-,3966.4000,3966.2000,3966.0000,3965.6000,3963.6000,3967.8000,3968.0000,3968.4000,3968.6000,3968.8000,1,1,1,2,2,1,2,1,1,1
SF,IF2003,2019-11-05 09:32:35.600,3967.8000,9928,0,70280940.000,0,-,-,-,-,3966.6000,3966.4000,3966.2000,3966.0000,3965.6000,3967.8000,3968.4000,3968.6000,3968.8000,3969.0000,2,1,1,1,2,1,1,1,1,3
SF,IF2003,2019-11-05 09:32:36.100,3967.8000,9928,0,70280940.000,0,-,-,-,-,3966.6000,3966.4000,3966.2000,3966.0000,3965.6000,3967.8000,3968.4000,3968.6000,3968.8000,3969.0000,2,1,2,1,2,1,1,1,1,3
SF,IF2003,2019-11-05 09:32:37.600,3967.8000,9928,0,70280940.000,0,-,-,-,-,3966.6000,3966.4000,3966.2000,3966.0000,3965.6000,3967.8000,3968.4000,3968.6000,3968.8000,3969.0000,2,1,2,1,2,1,1,1,1,3
SF,IF2003,2019-11-05 09:32:38.100,3967.8000,9928,0,70280940.000,0,-,-,-,-,3966.6000,3966.4000,3966.2000,3966.0000,3965.6000,3967.8000,3968.4000,3968.6000,3968.8000,3969.0000,2,1,1,1,2,1,1,1,1,3
SF,IF2003,2019-11-05 09:32:40.100,3967.8000,9928,0,70280940.000,0,-,-,-,-,3966.8000,3966.6000,3966.4000,3966.2000,3966.0000,3967.8000,3968.4000,3968.6000,3968.8000,3969.0000,1,2,2,1,1,1,1,1,1,3
SF,IF2003,2019-11-05 09:32:40.600,3967.8000,9928,0,70280940.000,0,-,-,-,-,3967.0000,3966.8000,3966.4000,3966.2000,3966.0000,3968.6000,3968.8000,3969.0000,3969.4000,3970.0000,3,1,2,1,1,1,1,3,1,1
SF,IF2003,2019-11-05 09:32:41.100,3967.8000,9928,0,70280940.000,0,-,-,-,-,3967.0000,3966.8000,3966.4000,3966.2000,3966.0000,3968.4000,3968.6000,3968.8000,3969.0000,3969.4000,3,1,2,1,1,2,1,1,3,1
SF,IF2003,2019-11-05 09:32:42.100,3967.8000,9928,0,70280940.000,0,-,-,-,-,3967.0000,3966.8000,3966.4000,3966.2000,3966.0000,3968.4000,3968.6000,3968.8000,3969.0000,3969.4000,3,1,2,1,1,2,1,1,3,1
SF,IF2003,2019-11-05 09:32:42.600,3968.4000,9927,-1,71471460.000,1,0,1,双平,S,3967.2000,3967.0000,3966.8000,3966.4000,3966.2000,3968.6000,3968.8000,3969.0000,3969.4000,3970.0000,1,3,1,2,1,1,1,3,1,1
SF,IF2003,2019-11-05 09:32:43.100,3968.4000,9927,0,71471460.000,0,-,-,-,-,3967.4000,3967.2000,3967.0000,3966.8000,3966.4000,3968.6000,3969.0000,3969.4000,3970.0000,3970.2000,1,1,2,1,2,1,2,1,1,2
SF,IF2003,2019-11-05 09:32:45.600,3968.4000,9927,0,71471460.000,0,-,-,-,-,3967.4000,3967.2000,3967.0000,3966.8000,3966.4000,3968.6000,3969.0000,3969.4000,3970.0000,3970.2000,1,1,2,1,2,1,2,1,1,2
SF,IF2003,2019-11-05 09:32:47.600,3968.4000,9927,0,71471460.000,0,-,-,-,-,3967.6000,3967.4000,3967.2000,3966.8000,3966.4000,3969.0000,3969.4000,3970.0000,3970.2000,3970.4000,2,1,1,1,2,1,1,1,2,2
SF,IF2003,2019-11-05 09:32:48.100,3968.4000,9927,0,71471460.000,0,-,-,-,-,3967.6000,3967.2000,3966.8000,3966.4000,3966.2000,3968.8000,3969.0000,3969.4000,3970.0000,3970.2000,3,1,1,2,1,1,1,1,1,2
SF,IF2003,2019-11-05 09:32:49.100,3968.4000,9927,0,71471460.000,0,-,-,-,-,3967.6000,3967.2000,3966.8000,3966.4000,3966.2000,3968.8000,3969.0000,3969.4000,3970.0000,3970.2000,3,1,1,2,1,1,1,1,1,2
SF,IF2003,2019-11-05 09:32:50.100,3968.4000,9927,0,71471460.000,0,-,-,-,-,3967.2000,3966.8000,3966.4000,3966.2000,3966.0000,3968.6000,3968.8000,3969.0000,3969.4000,3970.0000,1,1,2,1,1,2,1,3,1,1
SF,IF2003,2019-11-05 09:32:50.600,3968.4000,9927,0,71471460.000,0,-,-,-,-,3967.2000,3966.8000,3966.4000,3966.2000,3966.0000,3968.4000,3968.6000,3968.8000,3969.0000,3969.4000,1,1,2,1,1,1,2,1,3,1
SF,IF2003,2019-11-05 09:32:53.600,3968.4000,9927,0,71471460.000,0,-,-,-,-,3967.4000,3967.2000,3966.8000,3966.4000,3966.2000,3968.4000,3968.8000,3969.0000,3969.4000,3970.0000,2,1,1,2,1,1,1,2,1,1
SF,IF2003,2019-11-05 09:32:54.100,3968.4000,9927,0,71471460.000,0,-,-,-,-,3967.6000,3967.4000,3967.2000,3966.8000,3966.4000,3968.4000,3968.8000,3969.0000,3969.4000,3970.0000,1,2,1,1,2,1,1,1,1,1
SF,IF2003,2019-11-05 09:32:54.600,3968.4000,9926,-1,72661980.000,1,0,1,双平,S,3967.8000,3967.6000,3967.2000,3966.8000,3966.4000,3968.8000,3969.0000,3969.4000,3970.0000,3970.2000,2,1,1,1,2,1,1,1,1,2
SF,IF2003,2019-11-05 09:32:55.100,3968.4000,9926,0,72661980.000,0,-,-,-,-,3967.8000,3967.2000,3966.8000,3966.4000,3966.2000,3968.8000,3969.0000,3969.4000,3970.0000,3970.2000,2,1,1,2,1,1,1,1,1,2
SF,IF2003,2019-11-05 09:32:55.600,3968.4000,9926,0,72661980.000,0,-,-,-,-,3967.8000,3967.2000,3966.8000,3966.4000,3966.2000,3968.8000,3969.0000,3969.4000,3970.0000,3970.2000,2,1,1,2,1,1,2,1,1,2
SF,IF2003,2019-11-05 09:32:56.100,3968.4000,9926,0,72661980.000,0,-,-,-,-,3967.8000,3967.2000,3966.8000,3966.4000,3966.2000,3968.8000,3969.0000,3969.4000,3970.0000,3970.2000,2,1,5,2,1,1,1,1,1,2
SF,IF2003,2019-11-05 09:32:56.600,3968.4000,9926,0,72661980.000,0,-,-,-,-,3968.0000,3967.8000,3967.2000,3966.8000,3966.4000,3968.8000,3969.0000,3969.4000,3970.0000,3970.2000,1,2,1,5,2,1,1,1,1,2
SF,IF2003,2019-11-05 09:32:57.100,3968.8000,9925,-1,73852620.000,1,0,1,双平,S,3968.2000,3968.0000,3967.2000,3966.8000,3966.4000,3969.4000,3970.0000,3970.2000,3970.4000,3970.8000,2,2,1,5,2,1,1,2,2,1
SF,IF2003,2019-11-05 09:32:57.600,3968.8000,9925,0,73852620.000,0,-,-,-,-,3968.2000,3968.0000,3967.2000,3966.8000,3966.4000,3969.2000,3969.4000,3970.0000,3970.2000,3970.4000,2,1,1,5,2,1,1,1,2,2
SF,IF2003,2019-11-05 09:32:59.100,3968.8000,9925,0,73852620.000,0,-,-,-,-,3967.2000,3966.8000,3966.4000,3966.2000,3966.0000,3969.2000,3969.4000,3970.0000,3970.2000,3970.4000,1,5,2,1,1,1,1,1,2,2
SF,IF2003,2019-11-05 09:32:59.600,3968.8000,9925,0,73852620.000,0,-,-,-,-,3967.6000,3967.4000,3967.2000,3966.8000,3966.4000,3969.0000,3969.2000,3969.4000,3970.0000,3970.2000,1,2,1,5,2,2,1,1,1,2
SF,IF2003,2019-11-05 09:33:00.100,3968.8000,9925,0,73852620.000,0,-,-,-,-,3967.2000,3966.8000,3966.4000,3966.2000,3966.0000,3968.2000,3968.8000,3969.0000,3969.2000,3969.4000,1,5,2,1,1,1,1,2,1,1
SF,IF2003,2019-11-05 09:33:00.600,3968.8000,9925,0,73852620.000,0,-,-,-,-,3967.4000,3967.2000,3966.8000,3966.4000,3966.2000,3968.2000,3969.2000,3969.4000,3970.0000,3970.2000,3,1,5,2,1,1,1,1,1,2
SF,IF2003,2019-11-05 09:33:02.600,3968.8000,9925,0,73852620.000,0,-,-,-,-,3967.4000,3966.8000,3966.4000,3966.2000,3966.0000,3968.2000,3969.2000,3969.4000,3970.0000,3970.2000,1,5,2,1,1,1,1,1,1,2
SF,IF2003,2019-11-05 09:33:03.100,3967.6000,9924,-1,76233360.000,2,0,2,多平,S,3967.4000,3966.8000,3966.4000,3966.2000,3966.0000,3969.2000,3969.4000,3970.0000,3970.2000,3970.4000,1,5,2,1,1,1,1,1,2,2
SF,IF2003,2019-11-05 09:33:03.600,3967.6000,9924,0,76233360.000,0,-,-,-,-,3967.4000,3966.8000,3966.4000,3966.2000,3966.0000,3969.0000,3969.2000,3969.4000,3970.0000,3970.2000,1,5,2,1,1,5,1,1,1,2
SF,IF2003,2019-11-05 09:33:04.100,3967.6000,9924,0,76233360.000,0,-,-,-,-,3967.4000,3966.8000,3966.4000,3966.2000,3966.0000,3968.8000,3969.0000,3969.2000,3969.4000,3970.0000,1,5,2,1,1,1,3,1,1,1
SF,IF2003,2019-11-05 09:33:04.600,3967.6000,9924,0,76233360.000,0,-,-,-,-,3967.6000,3967.4000,3966.8000,3966.4000,3966.2000,3968.8000,3969.2000,3969.4000,3970.0000,3970.2000,4,1,5,2,1,1,1,1,1,2
SF,IF2003,2019-11-05 09:33:05.100,3967.6000,9924,0,76233360.000,0,-,-,-,-,3967.8000,3967.6000,3966.8000,3966.4000,3966.2000,3969.2000,3969.4000,3970.0000,3970.2000,3970.4000,1,4,5,2,1,1,1,1,2,2
SF,IF2003,2019-11-05 09:33:05.600,3967.6000,9924,0,76233360.000,0,-,-,-,-,3967.8000,3967.6000,3966.8000,3966.4000,3966.2000,3969.2000,3969.4000,3970.0000,3970.2000,3970.4000,1,5,5,2,1,1,1,1,2,2
SF,IF2003,2019-11-05 09:33:07.100,3967.6000,9924,0,76233360.000,0,-,-,-,-,3967.8000,3967.6000,3966.8000,3966.4000,3966.2000,3969.2000,3969.4000,3970.0000,3970.2000,3970.4000,1,5,5,2,1,1,1,1,2,2
SF,IF2003,2019-11-05 09:33:07.600,3967.6000,9924,0,76233360.000,0,-,-,-,-,3967.8000,3967.6000,3966.8000,3966.4000,3966.2000,3969.0000,3969.2000,3969.4000,3970.0000,3970.2000,1,5,5,2,1,1,1,1,1,2
SF,IF2003,2019-11-05 09:33:09.100,3967.6000,9924,0,76233360.000,0,-,-,-,-,3967.8000,3967.6000,3967.0000,3966.8000,3966.4000,3969.0000,3969.2000,3969.4000,3970.0000,3970.2000,1,5,1,5,2,1,1,1,1,2
SF,IF2003,2019-11-05 09:33:10.100,3967.6000,9924,0,76233360.000,0,-,-,-,-,3967.8000,3967.6000,3967.0000,3966.8000,3966.4000,3969.0000,3969.2000,3969.4000,3970.0000,3970.2000,1,5,1,5,2,1,3,1,1,2
SF,IF2003,2019-11-05 09:33:10.600,3967.6000,9924,0,76233360.000,0,-,-,-,-,3967.8000,3967.6000,3966.8000,3966.4000,3966.2000,3969.0000,3969.2000,3969.4000,3970.0000,3970.2000,1,5,5,2,1,1,3,1,1,2
SF,IF2003,2019-11-05 09:33:11.600,3967.6000,9924,0,76233360.000,0,-,-,-,-,3968.0000,3967.8000,3967.6000,3966.8000,3966.4000,3969.0000,3969.2000,3970.0000,3970.2000,3970.4000,3,1,3,5,2,1,3,1,2,2
SF,IF2003,2019-11-05 09:33:12.100,3967.6000,9924,0,76233360.000,0,-,-,-,-,3968.2000,3968.0000,3967.6000,3966.8000,3966.4000,3969.2000,3970.2000,3970.8000,3972.0000,3973.4000,1,2,2,5,2,3,1,1,5,1
SF,IF2003,2019-11-05 09:33:12.600,3967.6000,9924,0,76233360.000,0,-,-,-,-,3968.2000,3968.0000,3967.6000,3966.8000,3966.4000,3969.2000,3970.2000,3970.8000,3972.0000,3973.4000,2,2,2,5,2,2,1,1,5,1
SF,IF2003,2019-11-05 09:33:13.600,3967.6000,9924,0,76233360.000,0,-,-,-,-,3968.4000,3968.2000,3967.6000,3966.8000,3966.4000,3969.2000,3970.2000,3970.8000,3972.0000,3973.4000,2,1,2,5,2,2,1,1,5,1
SF,IF2003,2019-11-05 09:33:14.100,3967.6000,9924,0,76233360.000,0,-,-,-,-,3967.6000,3966.8000,3966.4000,3966.2000,3966.0000,3969.2000,3970.2000,3970.8000,3972.0000,3973.4000,2,5,2,1,1,2,1,1,5,1
SF,IF2003,2019-11-05 09:33:14.600,3967.6000,9924,0,76233360.000,0,-,-,-,-,3967.8000,3967.6000,3966.8000,3966.4000,3966.2000,3969.2000,3970.2000,3970.8000,3972.0000,3973.4000,4,2,5,2,1,2,1,1,5,1
SF,IF2003,2019-11-05 09:33:15.100,3967.6000,9924,0,76233360.000,0,-,-,-,-,3968.0000,3967.8000,3967.6000,3966.8000,3966.4000,3969.2000,3970.2000,3970.8000,3972.0000,3973.4000,1,6,2,5,2,2,1,1,5,1
SF,IF2003,2019-11-05 09:33:15.600,3967.6000,9924,0,76233360.000,0,-,-,-,-,3968.0000,3967.8000,3967.6000,3966.8000,3966.4000,3969.2000,3970.2000,3970.8000,3972.0000,3973.4000,1,5,2,5,2,2,1,1,5,1
SF,IF2003,2019-11-05 09:33:16.100,3967.6000,9924,0,76233360.000,0,-,-,-,-,3968.0000,3967.8000,3967.6000,3966.8000,3966.4000,3969.2000,3970.2000,3970.8000,3972.0000,3973.4000,1,4,2,5,2,2,1,1,5,1
SF,IF2003,2019-11-05 09:33:16.600,3967.6000,9924,0,76233360.000,0,-,-,-,-,3968.0000,3967.8000,3967.6000,3966.8000,3966.4000,3969.2000,3970.2000,3970.8000,3972.0000,3973.4000,1,2,2,7,2,2,1,1,5,1
SF,IF2003,2019-11-05 09:33:17.100,3967.6000,9924,0,76233360.000,0,-,-,-,-,3968.2000,3968.0000,3967.6000,3966.8000,3966.4000,3969.2000,3970.2000,3970.8000,3972.0000,3973.4000,2,1,2,7,2,2,1,1,5,1
SF,IF2003,2019-11-05 09:33:17.600,3967.6000,9924,0,76233360.000,0,-,-,-,-,3968.2000,3968.0000,3967.6000,3966.8000,3966.4000,3969.0000,3969.2000,3970.2000,3970.8000,3972.0000,2,1,2,7,2,1,2,1,1,5
SF,IF2003,2019-11-05 09:33:18.100,3968.2000,9922,-2,78614280.000,2,0,2,双平,S,3967.6000,3966.8000,3966.4000,3966.2000,3966.0000,3968.2000,3968.8000,3969.0000,3969.2000,3970.2000,2,7,2,1,1,1,1,3,2,1
SF,IF2003,2019-11-05 09:33:18.600,3968.2000,9922,0,78614280.000,0,-,-,-,-,3967.6000,3966.8000,3966.4000,3966.2000,3966.0000,3968.2000,3969.0000,3969.2000,3970.2000,3970.8000,1,5,2,1,1,1,3,2,1,1
SF,IF2003,2019-11-05 09:33:19.100,3967.6000,9921,-1,79804560.000,1,0,1,双平,S,3966.8000,3966.4000,3966.2000,3966.0000,3965.6000,3967.6000,3968.0000,3969.0000,3969.2000,3970.2000,5,2,1,1,1,1,5,1,2,1
SF,IF2003,2019-11-05 09:33:19.600,3967.6000,9921,0,79804560.000,0,-,-,-,-,3967.0000,3966.8000,3966.4000,3966.2000,3966.0000,3968.0000,3969.0000,3969.2000,3970.2000,3970.8000,1,5,2,1,1,1,1,2,1,1
SF,IF2003,2019-11-05 09:33:20.100,3967.6000,9921,0,79804560.000,0,-,-,-,-,3967.0000,3966.8000,3966.4000,3966.2000,3966.0000,3969.0000,3969.2000,3970.2000,3970.8000,3972.0000,2,5,2,1,1,1,2,1,1,5
SF,IF2003,2019-11-05 09:33:20.600,3967.6000,9921,0,79804560.000,0,-,-,-,-,3967.0000,3966.8000,3966.4000,3966.2000,3966.0000,3968.6000,3968.8000,3969.0000,3969.2000,3970.2000,1,5,2,1,1,2,7,3,2,1
SF,IF2003,2019-11-05 09:33:21.100,3967.6000,9921,0,79804560.000,0,-,-,-,-,3966.8000,3966.4000,3966.2000,3966.0000,3965.6000,3968.0000,3968.2000,3968.4000,3969.0000,3969.2000,5,2,1,1,1,1,1,8,3,2
SF,IF2003,2019-11-05 09:33:21.600,3966.8000,9921,0,80994600.000,1,0,1,多换,S,3966.8000,3966.4000,3966.2000,3966.0000,3965.6000,3967.8000,3968.0000,3968.4000,3969.0000,3969.2000,3,2,1,1,1,6,1,2,3,2
SF,IF2003,2019-11-05 09:33:22.100,3966.8000,9921,0,84564720.000,3,1,2,多换,S,3966.4000,3966.2000,3966.0000,3965.6000,3963.6000,3967.8000,3968.0000,3968.4000,3969.0000,3969.2000,1,1,1,1,2,6,1,2,3,2
SF,IF2003,2019-11-05 09:33:22.600,3966.8000,9921,0,84564720.000,0,-,-,-,-,3966.2000,3966.0000,3965.6000,3963.6000,3962.0000,3966.4000,3967.4000,3967.6000,3967.8000,3968.0000,1,1,1,2,1,1,1,4,6,1
SF,IF2003,2019-11-05 09:33:23.100,3966.2000,9920,-1,85754580.000,1,0,1,双平,S,3962.0000,3961.4000,3961.0000,3960.0000,3958.0000,3966.0000,3967.6000,3967.8000,3968.0000,3968.4000,1,7,1,7,1,2,4,5,1,2
SF,IF2003,2019-11-05 09:33:23.600,3966.2000,9920,0,85754580.000,0,-,-,-,-,3964.2000,3962.4000,3962.2000,3962.0000,3961.0000,3966.0000,3967.6000,3967.8000,3968.0000,3968.4000,4,12,4,2,1,1,4,1,1,2
SF,IF2003,2019-11-05 09:33:24.100,3966.2000,9920,0,85754580.000,0,-,-,-,-,3964.4000,3964.2000,3962.4000,3962.2000,3962.0000,3966.0000,3967.6000,3967.8000,3968.0000,3968.4000,2,3,11,4,2,1,4,1,1,2
SF,IF2003,2019-11-05 09:33:24.600,3966.2000,9920,0,85754580.000,0,-,-,-,-,3964.6000,3964.4000,3962.4000,3962.2000,3962.0000,3966.0000,3967.6000,3967.8000,3968.0000,3968.4000,3,2,11,4,2,1,4,1,1,2
SF,IF2003,2019-11-05 09:33:25.100,3966.2000,9920,0,85754580.000,0,-,-,-,-,3964.6000,3964.4000,3962.4000,3962.2000,3962.0000,3966.0000,3967.6000,3967.8000,3968.0000,3968.4000,1,2,11,4,2,1,4,1,1,2
SF,IF2003,2019-11-05 09:33:25.600,3966.2000,9920,0,85754580.000,0,-,-,-,-,3964.8000,3964.6000,3964.4000,3962.4000,3962.2000,3966.0000,3967.6000,3967.8000,3968.0000,3968.4000,3,1,2,11,3,1,4,1,1,2
SF,IF2003,2019-11-05 09:33:26.600,3966.2000,9920,0,85754580.000,0,-,-,-,-,3965.0000,3964.8000,3964.4000,3962.4000,3962.2000,3967.6000,3967.8000,3968.0000,3968.4000,3969.0000,1,3,2,11,3,4,1,1,2,9
SF,IF2003,2019-11-05 09:33:27.100,3966.2000,9920,0,85754580.000,0,-,-,-,-,3966.0000,3965.2000,3965.0000,3964.8000,3964.4000,3967.2000,3967.4000,3967.6000,3967.8000,3968.0000,1,4,5,2,1,2,2,4,2,1
SF,IF2003,2019-11-05 09:33:27.600,3965.4000,9919,-1,88134000.000,2,0,2,多平,S,3965.4000,3965.2000,3965.0000,3964.8000,3964.4000,3967.0000,3967.4000,3967.6000,3967.8000,3968.0000,2,6,5,2,1,1,1,3,1,1
SF,IF2003,2019-11-05 09:33:28.100,3965.4000,9919,0,88134000.000,0,-,-,-,-,3965.8000,3965.6000,3965.4000,3965.2000,3965.0000,3967.6000,3967.8000,3968.0000,3968.4000,3969.0000,3,3,2,6,1,3,1,1,2,3
SF,IF2003,2019-11-05 09:33:28.600,3965.4000,9919,0,88134000.000,0,-,-,-,-,3966.0000,3965.8000,3965.6000,3965.4000,3965.2000,3967.4000,3967.6000,3967.8000,3968.0000,3968.4000,1,3,3,2,6,2,3,1,1,2
SF,IF2003,2019-11-05 09:33:29.100,3965.4000,9919,0,88134000.000,0,-,-,-,-,3966.0000,3965.8000,3965.6000,3965.4000,3965.2000,3967.4000,3967.6000,3967.8000,3968.0000,3968.4000,2,3,3,2,6,2,1,1,1,2
SF,IF2003,2019-11-05 09:33:29.600,3965.4000,9919,0,88134000.000,0,-,-,-,-,3966.2000,3966.0000,3965.8000,3965.6000,3965.4000,3967.4000,3967.8000,3968.0000,3968.4000,3969.0000,3,2,3,3,2,2,1,1,2,3
SF,IF2003,2019-11-05 09:33:30.100,3965.4000,9919,0,88134000.000,0,-,-,-,-,3966.2000,3966.0000,3965.6000,3965.2000,3964.8000,3967.4000,3967.8000,3968.0000,3968.4000,3969.0000,2,1,3,1,1,2,1,1,2,3
SF,IF2003,2019-11-05 09:33:30.600,3965.4000,9919,0,88134000.000,0,-,-,-,-,3966.0000,3965.6000,3965.2000,3964.8000,3964.4000,3967.4000,3967.6000,3967.8000,3968.0000,3968.4000,1,3,1,1,1,2,1,1,1,2
SF,IF2003,2019-11-05 09:33:32.100,3965.4000,9919,0,88134000.000,0,-,-,-,-,3966.0000,3965.6000,3965.2000,3964.8000,3964.4000,3967.4000,3967.8000,3968.0000,3968.4000,3969.0000,1,3,1,1,1,2,1,1,2,3
SF,IF2003,2019-11-05 09:33:33.100,3965.4000,9919,0,88134000.000,0,-,-,-,-,3966.0000,3965.6000,3965.2000,3964.8000,3964.4000,3967.4000,3967.8000,3968.0000,3968.4000,3969.0000,1,3,1,1,1,1,1,1,2,3
SF,IF2003,2019-11-05 09:33:33.600,3965.4000,9919,0,88134000.000,0,-,-,-,-,3966.0000,3965.6000,3965.2000,3964.8000,3964.4000,3967.4000,3967.6000,3967.8000,3968.0000,3968.4000,1,3,1,1,1,1,1,1,1,2
SF,IF2003,2019-11-05 09:33:34.100,3965.4000,9919,0,88134000.000,0,-,-,-,-,3966.0000,3965.6000,3965.2000,3964.8000,3964.4000,3967.4000,3967.6000,3967.8000,3968.0000,3968.4000,1,3,1,1,1,1,2,1,1,2
SF,IF2003,2019-11-05 09:33:34.600,3965.4000,9919,0,88134000.000,0,-,-,-,-,3965.6000,3965.2000,3964.8000,3964.4000,3962.4000,3967.2000,3967.4000,3967.6000,3967.8000,3968.0000,3,1,1,1,1,4,1,2,1,1
SF,IF2003,2019-11-05 09:33:35.100,3965.4000,9919,0,88134000.000,0,-,-,-,-,3965.6000,3965.2000,3964.8000,3964.4000,3962.4000,3967.0000,3967.2000,3967.6000,3967.8000,3968.0000,2,1,1,1,1,1,4,2,1,1
SF,IF2003,2019-11-05 09:33:36.100,3965.4000,9919,0,88134000.000,0,-,-,-,-,3965.6000,3965.2000,3964.8000,3964.4000,3962.4000,3967.0000,3967.6000,3967.8000,3968.0000,3968.4000,2,1,1,1,1,1,1,1,1,2
SF,IF2003,2019-11-05 09:33:36.600,3965.4000,9919,0,88134000.000,0,-,-,-,-,3965.8000,3965.6000,3965.2000,3964.8000,3964.4000,3967.0000,3967.6000,3967.8000,3968.0000,3968.4000,1,2,1,1,1,1,1,1,1,2
SF,IF2003,2019-11-05 09:33:37.100,3965.4000,9919,0,88134000.000,0,-,-,-,-,3965.2000,3964.8000,3964.4000,3962.4000,3962.0000,3966.8000,3967.0000,3967.6000,3967.8000,3968.0000,1,1,1,1,2,4,1,1,1,1
SF,IF2003,2019-11-05 09:33:37.600,3966.8000,9918,-1,89324040.000,1,0,1,双平,S,3966.2000,3966.0000,3965.4000,3965.2000,3964.8000,3967.8000,3968.0000,3968.4000,3969.0000,3970.8000,5,7,3,1,1,1,1,2,3,1
SF,IF2003,2019-11-05 09:33:38.100,3966.8000,9918,0,89324040.000,0,-,-,-,-,3966.0000,3965.4000,3965.2000,3964.8000,3964.4000,3967.6000,3967.8000,3968.0000,3968.4000,3969.0000,2,1,1,1,1,1,1,1,2,3
SF,IF2003,2019-11-05 09:33:38.600,3966.8000,9918,0,89324040.000,0,-,-,-,-,3965.2000,3964.8000,3964.4000,3962.4000,3962.0000,3967.6000,3968.0000,3968.4000,3969.0000,3970.8000,1,1,1,1,2,5,1,2,3,1
SF,IF2003,2019-11-05 09:33:39.100,3966.8000,9918,0,89324040.000,0,-,-,-,-,3966.4000,3966.2000,3965.6000,3965.4000,3965.2000,3967.6000,3968.0000,3968.4000,3969.0000,3970.8000,1,2,10,5,1,1,1,2,3,1
SF,IF2003,2019-11-05 09:33:39.600,3966.8000,9918,0,89324040.000,0,-,-,-,-,3966.2000,3965.6000,3965.4000,3965.2000,3964.8000,3967.6000,3968.0000,3968.4000,3969.0000,3970.8000,2,10,4,1,1,1,1,2,3,1
SF,IF2003,2019-11-05 09:33:40.100,3966.8000,9918,0,89324040.000,0,-,-,-,-,3966.4000,3966.2000,3965.6000,3965.4000,3965.2000,3967.6000,3968.0000,3968.4000,3969.0000,3970.8000,1,2,10,4,1,1,1,2,3,1
SF,IF2003,2019-11-05 09:33:40.600,3966.8000,9918,0,89324040.000,0,-,-,-,-,3966.4000,3966.2000,3965.6000,3965.4000,3965.2000,3967.6000,3968.0000,3968.4000,3969.0000,3970.8000,2,2,10,3,1,1,1,2,3,1
SF,IF2003,2019-11-05 09:33:41.100,3967.6000,9917,-1,90514320.000,1,0,1,双平,S,3966.4000,3966.2000,3965.6000,3965.4000,3965.2000,3968.0000,3968.4000,3969.0000,3970.8000,3972.0000,2,3,10,3,1,1,3,3,1,5
SF,IF2003,2019-11-05 09:33:41.600,3967.6000,9917,0,90514320.000,0,-,-,-,-,3966.6000,3966.4000,3966.2000,3965.6000,3965.4000,3968.0000,3968.4000,3969.0000,3970.8000,3972.0000,2,2,2,10,3,1,2,3,1,5
SF,IF2003,2019-11-05 09:33:44.100,3967.6000,9917,0,90514320.000,0,-,-,-,-,3966.8000,3966.6000,3966.4000,3966.2000,3965.6000,3968.0000,3968.4000,3969.0000,3970.8000,3972.0000,1,2,1,2,10,1,2,3,1,5
SF,IF2003,2019-11-05 09:33:44.600,3967.6000,9917,0,90514320.000,0,-,-,-,-,3967.0000,3966.8000,3966.6000,3966.4000,3966.2000,3968.0000,3968.4000,3969.0000,3970.8000,3972.0000,1,1,1,1,2,1,2,3,1,5
SF,IF2003,2019-11-05 09:33:45.100,3967.6000,9917,0,90514320.000,0,-,-,-,-,3966.8000,3966.6000,3966.4000,3966.2000,3965.6000,3968.0000,3968.4000,3969.0000,3970.8000,3972.0000,1,1,1,2,6,1,2,3,1,5
SF,IF2003,2019-11-05 09:33:45.600,3967.6000,9917,0,90514320.000,0,-,-,-,-,3966.2000,3965.6000,3965.4000,3965.2000,3964.8000,3967.8000,3968.0000,3968.4000,3969.0000,3970.8000,1,6,1,1,1,4,1,2,3,1
SF,IF2003,2019-11-05 09:33:46.100,3967.6000,9917,0,90514320.000,0,-,-,-,-,3966.2000,3965.6000,3965.4000,3965.2000,3964.8000,3967.8000,3968.0000,3968.4000,3969.0000,3970.8000,1,6,1,1,1,4,1,2,3,1
SF,IF2003,2019-11-05 09:33:46.600,3967.8000,9916,-1,92894940.000,2,0,2,多平,S,3966.4000,3966.2000,3965.6000,3965.4000,3965.2000,3967.8000,3968.0000,3968.4000,3969.0000,3970.8000,1,1,6,1,1,3,1,3,3,1
SF,IF2003,2019-11-05 09:33:47.100,3967.8000,9916,0,92894940.000,0,-,-,-,-,3966.2000,3965.6000,3965.4000,3965.2000,3964.8000,3967.8000,3968.0000,3968.4000,3969.0000,3970.8000,1,6,1,1,1,3,1,2,3,1
SF,IF2003,2019-11-05 09:33:47.600,3967.8000,9916,0,92894940.000,0,-,-,-,-,3966.6000,3966.2000,3965.6000,3965.4000,3965.2000,3967.8000,3968.0000,3968.4000,3969.0000,3970.8000,3,1,6,1,1,3,1,2,3,1
SF,IF2003,2019-11-05 09:33:48.100,3967.8000,9916,0,92894940.000,0,-,-,-,-,3966.6000,3966.4000,3966.2000,3966.0000,3965.6000,3967.6000,3967.8000,3968.0000,3968.4000,3969.0000,3,1,1,1,4,1,3,1,2,3
SF,IF2003,2019-11-05 09:33:50.600,3967.8000,9916,0,92894940.000,0,-,-,-,-,3966.6000,3966.4000,3966.2000,3966.0000,3965.6000,3967.6000,3967.8000,3968.0000,3968.4000,3969.0000,3,1,1,1,4,1,3,1,2,3
SF,IF2003,2019-11-05 09:33:51.600,3967.6000,9915,-1,94085220.000,1,0,1,双平,S,3966.6000,3966.4000,3966.2000,3966.0000,3965.6000,3967.8000,3968.0000,3968.4000,3969.0000,3970.8000,3,1,1,1,4,3,1,2,3,1
SF,IF2003,2019-11-05 09:33:52.100,3968.0000,9915,0,95275620.000,1,0,1,多换,S,3967.0000,3966.8000,3966.6000,3966.4000,3966.2000,3968.4000,3969.0000,3970.8000,3972.0000,3973.2000,3,3,3,1,1,1,2,1,5,6
SF,IF2003,2019-11-05 09:33:52.600,3968.0000,9915,0,95275620.000,0,-,-,-,-,3967.2000,3967.0000,3966.8000,3966.6000,3966.4000,3968.4000,3969.0000,3970.8000,3972.0000,3973.2000,2,3,2,3,1,1,2,1,5,6
SF,IF2003,2019-11-05 09:33:53.100,3968.4000,9914,-1,96466140.000,1,0,1,双平,S,3967.4000,3967.2000,3966.8000,3966.6000,3966.4000,3970.8000,3972.0000,3973.2000,3973.4000,3973.8000,2,1,2,3,1,1,5,6,1,1
SF,IF2003,2019-11-05 09:33:53.600,3968.4000,9914,0,96466140.000,0,-,-,-,-,3967.4000,3966.8000,3966.6000,3966.4000,3966.2000,3968.8000,3969.0000,3969.2000,3969.8000,3970.0000,2,2,3,1,1,2,1,1,2,3
SF,IF2003,2019-11-05 09:33:54.100,3968.4000,9914,0,96466140.000,0,-,-,-,-,3967.4000,3966.8000,3966.6000,3966.4000,3966.2000,3969.0000,3970.2000,3970.4000,3970.6000,3970.8000,2,2,3,1,1,1,1,3,4,1
SF,IF2003,2019-11-05 09:33:54.600,3968.4000,9914,0,96466140.000,0,-,-,-,-,3967.4000,3966.8000,3966.6000,3966.4000,3966.2000,3970.2000,3970.4000,3970.6000,3970.8000,3972.0000,2,2,3,1,1,1,3,3,1,5
SF,IF2003,2019-11-05 09:33:55.100,3968.4000,9914,0,96466140.000,0,-,-,-,-,3967.4000,3966.8000,3966.6000,3966.4000,3966.2000,3969.2000,3969.8000,3970.0000,3970.2000,3970.4000,2,2,3,1,1,3,1,6,1,2
SF,IF2003,2019-11-05 09:33:55.600,3968.4000,9914,0,96466140.000,0,-,-,-,-,3967.4000,3966.8000,3966.6000,3966.4000,3966.2000,3968.8000,3969.0000,3969.2000,3970.0000,3970.2000,2,2,3,1,1,3,5,1,1,1
SF,IF2003,2019-11-05 09:33:56.100,3968.4000,9914,0,96466140.000,0,-,-,-,-,3967.4000,3966.8000,3966.6000,3966.4000,3966.2000,3968.6000,3968.8000,3969.0000,3969.2000,3970.0000,2,2,3,1,1,3,1,2,1,1
SF,IF2003,2019-11-05 09:33:57.100,3967.4000,9913,-1,98846580.000,2,0,2,多平,S,3966.8000,3966.6000,3966.4000,3966.2000,3966.0000,3968.2000,3968.6000,3969.0000,3969.2000,3970.0000,1,3,2,1,1,1,3,2,1,1
SF,IF2003,2019-11-05 09:33:57.600,3967.4000,9913,0,98846580.000,0,-,-,-,-,3966.6000,3966.4000,3966.2000,3966.0000,3965.4000,3967.4000,3968.0000,3968.2000,3968.4000,3969.0000,3,1,1,1,3,1,4,1,1,2
SF,IF2003,2019-11-05 09:33:58.100,3967.4000,9913,0,98846580.000,0,-,-,-,-,3966.6000,3966.2000,3966.0000,3965.4000,3965.2000,3968.0000,3968.2000,3968.4000,3969.0000,3969.2000,3,1,1,3,1,4,1,1,2,1
SF,IF2003,2019-11-05 09:33:58.600,3967.4000,9913,0,98846580.000,0,-,-,-,-,3966.6000,3966.2000,3966.0000,3965.4000,3965.2000,3967.8000,3968.0000,3968.2000,3968.4000,3969.0000,3,1,1,3,1,2,4,1,1,2
SF,IF2003,2019-11-05 09:33:59.100,3966.6000,9913,0,100036560.000,1,0,1,多换,S,3966.6000,3966.2000,3966.0000,3965.4000,3965.2000,3967.6000,3967.8000,3968.0000,3968.2000,3968.4000,2,1,1,3,1,4,2,1,1,1
SF,IF2003,2019-11-05 09:33:59.600,3966.6000,9913,0,100036560.000,0,-,-,-,-,3966.6000,3966.4000,3966.2000,3966.0000,3965.4000,3967.6000,3968.0000,3968.2000,3968.4000,3969.0000,2,1,1,1,3,3,1,1,1,2
SF,IF2003,2019-11-05 09:34:00.100,3966.6000,9913,0,100036560.000,0,-,-,-,-,3966.8000,3966.6000,3966.4000,3966.2000,3966.0000,3967.6000,3968.0000,3968.2000,3968.4000,3969.0000,1,2,1,1,1,3,1,1,1,2
SF,IF2003,2019-11-05 09:34:01.100,3966.6000,9913,0,100036560.000,0,-,-,-,-,3966.8000,3966.6000,3966.0000,3965.4000,3965.2000,3967.6000,3968.0000,3968.2000,3968.4000,3969.0000,1,2,1,3,1,3,1,1,1,2
SF,IF2003,2019-11-05 09:34:03.100,3967.6000,9912,-1,101226840.000,1,0,1,双平,S,3967.0000,3966.8000,3966.6000,3966.0000,3965.4000,3968.0000,3968.4000,3969.0000,3970.0000,3970.2000,1,1,2,1,3,1,1,2,1,1
SF,IF2003,2019-11-05 09:34:03.600,3967.6000,9912,0,101226840.000,0,-,-,-,-,3967.0000,3966.6000,3966.0000,3965.4000,3965.2000,3968.0000,3968.4000,3969.0000,3970.0000,3970.2000,1,2,1,3,1,1,1,2,1,1
SF,IF2003,2019-11-05 09:34:04.100,3968.0000,9912,0,102417240.000,1,0,1,多换,S,3967.6000,3967.2000,3967.0000,3966.6000,3966.0000,3968.4000,3969.0000,3970.0000,3970.2000,3970.4000,1,1,1,2,1,1,2,1,1,2
SF,IF2003,2019-11-05 09:34:04.600,3968.0000,9912,0,102417240.000,0,-,-,-,-,3967.6000,3966.6000,3966.0000,3965.4000,3965.2000,3968.2000,3968.4000,3969.0000,3970.0000,3970.2000,1,2,1,3,1,2,1,2,1,1
SF,IF2003,2019-11-05 09:34:07.100,3968.2000,9912,0,103607700.000,1,0,1,多换,S,3967.6000,3966.6000,3966.0000,3965.4000,3965.2000,3968.2000,3968.4000,3969.0000,3970.0000,3970.2000,1,2,1,3,1,1,1,2,1,1
SF,IF2003,2019-11-05 09:34:07.600,3968.2000,9912,0,103607700.000,0,-,-,-,-,3968.2000,3967.6000,3966.6000,3966.0000,3965.4000,3969.0000,3970.0000,3970.2000,3970.4000,3970.8000,1,1,2,1,3,2,1,1,2,1
SF,IF2003,2019-11-05 09:34:08.100,3968.2000,9912,0,104798160.000,1,0,1,多换,S,3967.6000,3966.6000,3966.0000,3965.4000,3965.2000,3968.2000,3968.6000,3968.8000,3969.0000,3970.0000,1,2,1,3,1,1,1,3,2,1
SF,IF2003,2019-11-05 09:34:08.600,3968.2000,9912,0,104798160.000,0,-,-,-,-,3967.6000,3966.6000,3966.0000,3965.4000,3965.2000,3968.6000,3968.8000,3969.0000,3970.0000,3970.2000,1,2,1,3,1,1,2,2,1,1
SF,IF2003,2019-11-05 09:34:09.100,3968.2000,9912,0,104798160.000,0,-,-,-,-,3967.6000,3966.6000,3966.0000,3965.4000,3965.2000,3968.4000,3968.6000,3968.8000,3969.0000,3970.0000,1,2,1,3,1,1,1,1,2,1
SF,IF2003,2019-11-05 09:34:10.100,3968.2000,9912,0,104798160.000,0,-,-,-,-,3967.8000,3967.6000,3966.6000,3966.0000,3965.4000,3968.8000,3969.0000,3970.0000,3970.2000,3970.4000,3,1,2,1,3,1,1,1,1,2
SF,IF2003,2019-11-05 09:34:10.600,3968.2000,9912,0,104798160.000,0,-,-,-,-,3967.8000,3967.6000,3966.6000,3966.0000,3965.4000,3969.0000,3970.0000,3970.2000,3970.4000,3970.8000,3,1,2,1,3,1,1,1,2,1
SF,IF2003,2019-11-05 09:34:11.100,3968.2000,9912,0,104798160.000,0,-,-,-,-,3967.8000,3967.6000,3966.6000,3966.0000,3965.4000,3968.8000,3969.0000,3970.0000,3970.2000,3970.4000,3,1,2,1,3,1,1,1,1,2
SF,IF2003,2019-11-05 09:34:11.600,3968.2000,9912,0,104798160.000,0,-,-,-,-,3967.6000,3966.6000,3966.0000,3965.4000,3965.2000,3968.8000,3969.0000,3970.0000,3970.2000,3970.4000,1,2,1,3,1,2,2,1,1,2
SF,IF2003,2019-11-05 09:34:13.100,3967.6000,9913,1,105988440.000,1,1,0,双开,S,3966.6000,3966.0000,3965.4000,3965.2000,3964.8000,3968.2000,3968.6000,3968.8000,3969.0000,3970.0000,2,1,3,1,1,2,1,2,3,1
SF,IF2003,2019-11-05 09:34:13.600,3967.6000,9913,0,105988440.000,0,-,-,-,-,3966.8000,3966.6000,3966.4000,3966.0000,3965.4000,3968.6000,3968.8000,3969.0000,3970.0000,3970.2000,1,2,1,1,3,1,2,3,1,1
SF,IF2003,2019-11-05 09:34:14.100,3967.6000,9913,0,105988440.000,0,-,-,-,-,3966.8000,3966.6000,3966.4000,3966.0000,3965.4000,3968.2000,3968.4000,3968.6000,3968.8000,3969.0000,1,2,1,1,3,2,1,1,1,3
SF,IF2003,2019-11-05 09:34:14.600,3967.6000,9913,0,105988440.000,0,-,-,-,-,3966.8000,3966.6000,3966.4000,3966.0000,3965.4000,3968.2000,3968.4000,3968.6000,3968.8000,3969.0000,1,2,1,1,3,1,1,1,1,3
SF,IF2003,2019-11-05 09:34:16.100,3967.6000,9913,0,105988440.000,0,-,-,-,-,3966.8000,3966.6000,3966.4000,3966.0000,3965.4000,3968.0000,3968.2000,3968.4000,3968.6000,3969.0000,1,2,1,1,3,1,1,1,1,3
SF,IF2003,2019-11-05 09:34:16.600,3967.6000,9913,0,105988440.000,0,-,-,-,-,3966.6000,3966.0000,3965.4000,3965.2000,3964.8000,3967.6000,3967.8000,3968.0000,3968.2000,3968.4000,2,1,3,1,1,2,2,2,1,1
SF,IF2003,2019-11-05 09:34:17.100,3967.6000,9913,0,105988440.000,0,-,-,-,-,3966.6000,3966.4000,3966.0000,3965.4000,3965.2000,3967.8000,3968.0000,3968.2000,3968.4000,3968.6000,2,1,1,3,1,2,2,1,1,1
SF,IF2003,2019-11-05 09:34:17.600,3967.6000,9913,0,105988440.000,0,-,-,-,-,3966.6000,3966.0000,3965.4000,3965.2000,3964.8000,3967.6000,3967.8000,3968.0000,3968.2000,3968.4000,2,1,3,1,1,1,2,1,1,1
SF,IF2003,2019-11-05 09:34:18.100,3967.6000,9913,0,105988440.000,0,-,-,-,-,3966.6000,3966.0000,3965.4000,3965.2000,3964.8000,3967.8000,3968.0000,3968.2000,3968.4000,3968.6000,2,1,3,1,1,1,1,1,1,1
SF,IF2003,2019-11-05 09:34:18.600,3967.6000,9913,0,105988440.000,0,-,-,-,-,3966.8000,3966.6000,3966.4000,3966.0000,3965.4000,3968.0000,3968.2000,3968.4000,3968.6000,3969.0000,4,2,1,1,3,1,1,1,1,3
SF,IF2003,2019-11-05 09:34:19.600,3967.6000,9913,0,105988440.000,0,-,-,-,-,3966.8000,3966.6000,3966.0000,3965.4000,3965.2000,3967.6000,3967.8000,3968.0000,3968.4000,3968.6000,1,2,1,3,1,4,1,1,1,1
SF,IF2003,2019-11-05 09:34:20.100,3967.6000,9913,0,105988440.000,0,-,-,-,-,3966.6000,3966.0000,3965.4000,3965.2000,3964.8000,3967.4000,3967.6000,3968.0000,3968.4000,3968.6000,2,1,1,1,1,1,1,1,1,1
SF,IF2003,2019-11-05 09:34:20.600,3967.6000,9913,0,105988440.000,0,-,-,-,-,3966.8000,3966.6000,3966.4000,3966.0000,3965.4000,3968.0000,3968.4000,3968.6000,3969.0000,3970.0000,4,2,1,1,1,1,1,1,3,1
SF,IF2003,2019-11-05 09:34:21.100,3967.6000,9913,0,105988440.000,0,-,-,-,-,3967.6000,3966.8000,3966.6000,3966.0000,3965.4000,3967.8000,3968.0000,3968.4000,3968.6000,3969.0000,1,1,2,1,1,2,1,1,1,3
SF,IF2003,2019-11-05 09:34:21.600,3967.6000,9913,0,107178720.000,1,0,1,多换,S,3966.6000,3966.0000,3965.4000,3965.2000,3964.8000,3967.4000,3967.6000,3967.8000,3968.0000,3968.4000,2,1,1,1,1,1,1,2,1,1
SF,IF2003,2019-11-05 09:34:22.100,3967.6000,9913,0,107178720.000,0,-,-,-,-,3966.6000,3966.0000,3965.4000,3965.2000,3964.8000,3967.6000,3967.8000,3968.0000,3968.4000,3968.6000,2,1,1,1,1,1,2,1,1,1
SF,IF2003,2019-11-05 09:34:23.100,3967.6000,9913,0,107178720.000,0,-,-,-,-,3966.6000,3966.0000,3965.4000,3965.2000,3964.8000,3967.4000,3967.6000,3967.8000,3968.0000,3968.4000,2,1,1,1,1,1,1,1,1,1
SF,IF2003,2019-11-05 09:34:23.600,3967.6000,9913,0,107178720.000,0,-,-,-,-,3966.6000,3966.0000,3965.4000,3965.2000,3964.8000,3967.4000,3967.6000,3967.8000,3968.0000,3968.4000,2,1,1,1,1,1,2,1,1,1
SF,IF2003,2019-11-05 09:34:24.100,3967.6000,9913,0,107178720.000,0,-,-,-,-,3966.6000,3966.4000,3966.0000,3965.4000,3965.2000,3967.6000,3967.8000,3968.0000,3968.4000,3968.6000,2,1,1,1,1,1,1,1,1,1
SF,IF2003,2019-11-05 09:34:24.600,3967.6000,9913,0,107178720.000,0,-,-,-,-,3966.6000,3966.0000,3965.4000,3965.2000,3964.8000,3967.4000,3967.6000,3967.8000,3968.0000,3968.4000,2,1,1,1,1,1,1,1,1,1
SF,IF2003,2019-11-05 09:34:25.100,3967.6000,9913,0,107178720.000,0,-,-,-,-,3966.6000,3966.0000,3965.4000,3965.2000,3964.8000,3967.4000,3967.6000,3967.8000,3968.0000,3968.4000,2,1,1,1,1,1,2,1,1,1
SF,IF2003,2019-11-05 09:34:25.600,3967.6000,9913,0,107178720.000,0,-,-,-,-,3966.6000,3966.0000,3965.4000,3965.2000,3964.8000,3967.4000,3967.6000,3967.8000,3968.0000,3968.4000,2,1,1,1,1,1,1,1,1,1
SF,IF2003,2019-11-05 09:34:26.600,3967.6000,9913,0,107178720.000,0,-,-,-,-,3966.6000,3966.0000,3965.4000,3965.2000,3964.8000,3967.4000,3967.6000,3967.8000,3968.0000,3968.4000,2,1,1,1,1,1,3,1,1,1
SF,IF2003,2019-11-05 09:34:27.100,3967.6000,9913,0,107178720.000,0,-,-,-,-,3966.6000,3966.0000,3965.4000,3965.2000,3964.8000,3967.4000,3967.6000,3967.8000,3968.0000,3968.4000,2,1,1,1,1,1,1,1,1,1
SF,IF2003,2019-11-05 09:34:28.100,3967.6000,9913,0,107178720.000,0,-,-,-,-,3966.6000,3966.0000,3965.4000,3965.2000,3964.8000,3967.4000,3967.6000,3967.8000,3968.0000,3968.4000,2,1,1,1,1,1,3,1,1,1
SF,IF2003,2019-11-05 09:34:28.600,3967.6000,9913,0,107178720.000,0,-,-,-,-,3966.6000,3966.0000,3965.4000,3965.2000,3964.8000,3967.4000,3967.6000,3967.8000,3968.0000,3968.4000,2,1,1,1,1,1,1,1,1,1
SF,IF2003,2019-11-05 09:34:29.600,3967.6000,9913,0,107178720.000,0,-,-,-,-,3966.6000,3966.0000,3965.4000,3965.2000,3964.8000,3967.6000,3967.8000,3968.0000,3968.4000,3968.6000,2,1,1,1,1,1,1,1,1,1
SF,IF2003,2019-11-05 09:34:30.100,3967.6000,9913,0,107178720.000,0,-,-,-,-,3966.6000,3966.0000,3965.4000,3965.2000,3964.8000,3967.4000,3968.0000,3968.4000,3968.6000,3969.0000,2,1,1,1,1,1,1,1,1,3
SF,IF2003,2019-11-05 09:34:30.600,3967.4000,9912,-1,108368940.000,1,0,1,双平,S,3967.4000,3966.6000,3966.0000,3965.4000,3965.2000,3968.0000,3968.4000,3968.6000,3969.0000,3970.0000,1,2,1,1,1,1,1,1,3,1
SF,IF2003,2019-11-05 09:34:31.100,3967.4000,9912,0,108368940.000,0,-,-,-,-,3967.4000,3966.6000,3966.0000,3965.4000,3965.2000,3967.8000,3968.0000,3968.4000,3968.6000,3969.0000,1,2,1,1,1,3,1,1,1,3
SF,IF2003,2019-11-05 09:34:31.600,3967.4000,9912,0,108368940.000,0,-,-,-,-,3966.6000,3966.0000,3965.4000,3965.2000,3964.8000,3967.8000,3968.0000,3968.4000,3968.6000,3969.0000,2,1,1,1,1,2,1,1,1,3
SF,IF2003,2019-11-05 09:34:33.600,3967.4000,9912,0,108368940.000,0,-,-,-,-,3966.6000,3966.0000,3965.4000,3965.2000,3964.8000,3967.6000,3967.8000,3968.0000,3968.4000,3968.6000,2,1,1,1,1,1,2,1,1,1
SF,IF2003,2019-11-05 09:34:34.100,3967.4000,9912,0,108368940.000,0,-,-,-,-,3966.6000,3966.0000,3965.4000,3965.2000,3964.8000,3967.4000,3967.6000,3968.0000,3968.4000,3968.6000,2,1,1,1,1,1,1,1,1,1
SF,IF2003,2019-11-05 09:34:34.600,3967.4000,9912,0,108368940.000,0,-,-,-,-,3966.6000,3966.0000,3965.4000,3965.2000,3964.8000,3967.4000,3967.6000,3968.0000,3968.4000,3968.6000,2,1,1,1,1,1,1,1,1,1
SF,IF2003,2019-11-05 09:34:35.100,3967.4000,9912,0,108368940.000,0,-,-,-,-,3966.8000,3966.6000,3966.4000,3966.0000,3965.4000,3968.0000,3968.4000,3968.6000,3969.0000,3970.0000,3,2,1,1,1,1,1,1,3,1
SF,IF2003,2019-11-05 09:34:35.600,3966.8000,9911,-1,110749020.000,2,0,2,多平,S,3966.6000,3966.0000,3965.4000,3965.2000,3964.8000,3967.6000,3967.8000,3968.0000,3968.4000,3968.6000,2,1,1,1,1,4,2,1,1,1
SF,IF2003,2019-11-05 09:34:36.100,3966.8000,9911,0,110749020.000,0,-,-,-,-,3966.6000,3966.0000,3965.4000,3965.2000,3964.8000,3967.8000,3968.0000,3968.4000,3968.6000,3969.0000,2,1,1,1,1,2,1,1,1,3
SF,IF2003,2019-11-05 09:34:36.600,3967.4000,9910,-1,111939240.000,1,0,1,双平,S,3966.6000,3966.0000,3965.4000,3965.2000,3964.8000,3967.4000,3967.6000,3968.0000,3968.4000,3968.6000,2,1,1,1,1,1,5,1,1,1
SF,IF2003,2019-11-05 09:34:37.100,3967.4000,9910,0,111939240.000,0,-,-,-,-,3966.6000,3966.0000,3965.4000,3965.2000,3964.8000,3967.2000,3967.6000,3968.0000,3968.4000,3968.6000,2,1,1,1,1,3,4,1,1,1
SF,IF2003,2019-11-05 09:34:37.600,3967.4000,9910,0,111939240.000,0,-,-,-,-,3966.6000,3966.0000,3965.4000,3965.2000,3964.8000,3967.6000,3968.0000,3968.4000,3968.6000,3969.0000,2,1,1,1,1,3,1,1,1,2
SF,IF2003,2019-11-05 09:34:38.100,3967.4000,9910,0,111939240.000,0,-,-,-,-,3966.6000,3966.0000,3965.4000,3965.2000,3964.8000,3967.4000,3967.6000,3968.0000,3968.4000,3968.6000,2,1,1,1,1,4,4,1,1,1
SF,IF2003,2019-11-05 09:34:38.600,3966.6000,9910,0,113129220.000,1,0,1,多换,S,3966.6000,3966.0000,3965.4000,3965.2000,3964.8000,3967.4000,3967.6000,3968.0000,3968.4000,3968.6000,1,1,1,1,1,4,4,1,1,1
SF,IF2003,2019-11-05 09:34:39.100,3966.6000,9910,0,113129220.000,0,-,-,-,-,3966.6000,3966.0000,3965.4000,3965.2000,3964.8000,3967.4000,3967.6000,3968.0000,3968.4000,3968.6000,1,1,1,1,1,4,3,1,1,1
SF,IF2003,2019-11-05 09:34:39.600,3966.6000,9910,0,113129220.000,0,-,-,-,-,3966.6000,3966.0000,3965.4000,3965.2000,3964.8000,3967.4000,3967.6000,3968.0000,3968.4000,3968.6000,1,1,1,1,1,4,2,1,1,1
SF,IF2003,2019-11-05 09:34:40.600,3966.6000,9910,0,113129220.000,0,-,-,-,-,3966.6000,3966.0000,3965.4000,3965.2000,3964.8000,3967.4000,3967.6000,3968.0000,3968.4000,3968.6000,1,1,1,1,1,4,3,1,1,1
SF,IF2003,2019-11-05 09:34:41.100,3966.6000,9910,0,114319200.000,1,0,1,多换,S,3966.0000,3965.4000,3965.2000,3964.8000,3964.0000,3967.4000,3967.6000,3968.0000,3968.4000,3968.6000,1,1,1,1,2,4,2,1,1,1
SF,IF2003,2019-11-05 09:34:41.600,3966.6000,9910,0,114319200.000,0,-,-,-,-,3966.0000,3965.4000,3965.2000,3964.8000,3964.0000,3967.4000,3967.6000,3968.0000,3968.4000,3968.6000,1,1,1,1,2,4,3,1,1,1
SF,IF2003,2019-11-05 09:34:42.100,3966.6000,9910,0,114319200.000,0,-,-,-,-,3966.0000,3965.4000,3965.2000,3964.8000,3964.0000,3967.4000,3967.6000,3968.0000,3968.4000,3968.6000,1,1,1,1,2,4,2,1,1,1
SF,IF2003,2019-11-05 09:34:44.100,3966.6000,9910,0,114319200.000,0,-,-,-,-,3966.0000,3965.4000,3965.2000,3964.8000,3964.0000,3967.4000,3967.6000,3968.0000,3968.4000,3968.6000,1,1,1,1,2,4,3,1,1,1
SF,IF2003,2019-11-05 09:34:45.100,3966.6000,9910,0,114319200.000,0,-,-,-,-,3966.0000,3965.2000,3964.8000,3964.0000,3961.0000,3967.4000,3967.6000,3968.0000,3968.4000,3968.6000,1,1,1,2,1,4,3,1,1,1
SF,IF2003,2019-11-05 09:34:47.100,3966.6000,9910,0,114319200.000,0,-,-,-,-,3966.0000,3965.2000,3964.8000,3964.0000,3961.0000,3967.4000,3967.6000,3968.0000,3968.4000,3968.6000,1,1,1,2,1,4,2,1,1,1
SF,IF2003,2019-11-05 09:34:48.100,3966.6000,9910,0,114319200.000,0,-,-,-,-,3966.2000,3966.0000,3965.2000,3964.8000,3964.0000,3967.4000,3967.6000,3968.0000,3968.4000,3968.6000,1,1,1,1,2,4,2,1,1,1
SF,IF2003,2019-11-05 09:34:48.600,3966.6000,9910,0,114319200.000,0,-,-,-,-,3966.2000,3966.0000,3965.2000,3964.8000,3964.0000,3967.4000,3967.6000,3968.0000,3968.4000,3968.6000,3,1,1,1,2,1,2,1,1,1
SF,IF2003,2019-11-05 09:34:50.100,3966.6000,9910,0,114319200.000,0,-,-,-,-,3966.4000,3966.2000,3966.0000,3965.2000,3964.8000,3967.4000,3967.6000,3968.0000,3968.4000,3968.6000,1,3,1,1,1,1,2,1,1,1
SF,IF2003,2019-11-05 09:34:50.600,3966.6000,9910,0,114319200.000,0,-,-,-,-,3966.6000,3966.4000,3966.2000,3966.0000,3965.2000,3967.4000,3967.6000,3968.0000,3968.4000,3968.6000,1,1,2,1,1,1,2,1,1,1
SF,IF2003,2019-11-05 09:34:51.100,3966.6000,9910,0,114319200.000,0,-,-,-,-,3966.6000,3966.4000,3966.2000,3966.0000,3965.2000,3967.6000,3968.0000,3968.4000,3968.6000,3969.0000,1,1,2,1,1,2,1,1,1,2
SF,IF2003,2019-11-05 09:34:52.100,3966.6000,9910,0,114319200.000,0,-,-,-,-,3966.6000,3966.2000,3966.0000,3965.2000,3964.8000,3967.6000,3968.0000,3968.4000,3968.6000,3969.0000,1,2,1,1,1,2,1,1,1,2
SF,IF2003,2019-11-05 09:34:52.600,3966.6000,9910,0,114319200.000,0,-,-,-,-,3966.6000,3966.2000,3966.0000,3965.2000,3964.8000,3967.4000,3967.6000,3968.0000,3968.4000,3968.6000,1,2,1,1,1,1,2,1,1,1
SF,IF2003,2019-11-05 09:34:53.100,3966.6000,9910,0,114319200.000,0,-,-,-,-,3966.6000,3966.2000,3966.0000,3965.2000,3964.8000,3967.4000,3967.6000,3968.0000,3968.4000,3968.6000,1,1,1,1,1,1,2,1,1,1
SF,IF2003,2019-11-05 09:34:53.600,3967.4000,9909,-1,115509420.000,1,0,1,双平,S,3966.6000,3966.2000,3966.0000,3965.2000,3964.8000,3967.6000,3968.0000,3968.4000,3968.6000,3969.0000,1,2,1,1,1,2,1,1,1,2
SF,IF2003,2019-11-05 09:34:54.100,3967.4000,9909,0,115509420.000,0,-,-,-,-,3966.6000,3966.4000,3966.2000,3966.0000,3965.2000,3967.6000,3968.0000,3968.4000,3968.6000,3969.0000,1,1,1,1,1,2,1,1,1,2
SF,IF2003,2019-11-05 09:34:54.600,3967.4000,9909,0,115509420.000,0,-,-,-,-,3966.2000,3966.0000,3965.2000,3964.8000,3964.0000,3967.4000,3967.6000,3968.0000,3968.4000,3968.6000,1,1,1,1,2,3,2,1,1,1
SF,IF2003,2019-11-05 09:34:55.100,3967.4000,9909,0,115509420.000,0,-,-,-,-,3966.4000,3966.2000,3966.0000,3965.2000,3964.8000,3967.6000,3968.0000,3968.4000,3968.6000,3969.0000,3,1,1,1,1,2,1,1,1,2
SF,IF2003,2019-11-05 09:34:55.600,3967.4000,9909,0,115509420.000,0,-,-,-,-,3966.4000,3966.2000,3966.0000,3965.2000,3964.8000,3968.0000,3968.4000,3968.6000,3969.0000,3970.0000,3,1,1,1,1,1,1,1,2,1
SF,IF2003,2019-11-05 09:34:56.100,3967.4000,9909,0,115509420.000,0,-,-,-,-,3966.4000,3966.2000,3966.0000,3965.2000,3964.8000,3968.0000,3968.4000,3968.6000,3969.0000,3970.0000,4,1,1,1,1,1,1,1,2,1
SF,IF2003,2019-11-05 09:34:56.600,3967.4000,9909,0,115509420.000,0,-,-,-,-,3966.4000,3966.2000,3966.0000,3965.2000,3964.8000,3967.8000,3968.0000,3968.4000,3968.6000,3969.0000,2,1,1,1,1,1,1,1,1,2
SF,IF2003,2019-11-05 09:34:57.600,3967.4000,9909,0,115509420.000,0,-,-,-,-,3966.4000,3966.2000,3966.0000,3965.2000,3964.8000,3967.8000,3968.0000,3968.4000,3968.6000,3969.0000,3,1,1,1,1,1,1,1,1,2
SF,IF2003,2019-11-05 09:34:58.100,3967.4000,9909,0,115509420.000,0,-,-,-,-,3966.4000,3966.2000,3966.0000,3965.2000,3964.8000,3967.8000,3968.0000,3968.4000,3968.6000,3969.0000,2,1,1,1,1,1,1,1,1,2
SF,IF2003,2019-11-05 09:34:58.600,3967.4000,9909,0,115509420.000,0,-,-,-,-,3966.4000,3966.2000,3966.0000,3965.2000,3964.8000,3967.8000,3968.0000,3968.4000,3968.6000,3969.0000,3,1,1,1,1,1,1,1,1,2
SF,IF2003,2019-11-05 09:35:00.100,3967.4000,9909,0,115509420.000,0,-,-,-,-,3966.4000,3966.2000,3966.0000,3965.2000,3964.8000,3967.8000,3968.0000,3968.4000,3968.6000,3969.0000,2,1,1,1,1,1,1,1,1,2
SF,IF2003,2019-11-05 09:35:03.600,3967.4000,9909,0,115509420.000,0,-,-,-,-,3966.4000,3966.2000,3966.0000,3965.2000,3964.8000,3967.8000,3968.0000,3968.4000,3968.6000,3969.0000,3,1,1,1,1,1,1,1,1,2
SF,IF2003,2019-11-05 09:35:04.100,3967.4000,9909,0,115509420.000,0,-,-,-,-,3966.4000,3966.2000,3966.0000,3965.2000,3964.8000,3967.8000,3968.0000,3968.4000,3968.6000,3969.0000,3,1,1,1,1,1,1,1,1,2
SF,IF2003,2019-11-05 09:35:07.600,3967.4000,9909,0,115509420.000,0,-,-,-,-,3966.6000,3966.4000,3966.2000,3966.0000,3965.2000,3967.8000,3968.4000,3968.6000,3969.0000,3970.0000,1,3,1,1,1,1,1,1,1,1
SF,IF2003,2019-11-05 09:35:08.100,3967.4000,9909,0,115509420.000,0,-,-,-,-,3966.8000,3966.6000,3966.4000,3966.2000,3966.0000,3968.4000,3968.6000,3969.0000,3970.0000,3970.4000,4,3,1,1,1,1,1,1,1,1
SF,IF2003,2019-11-05 09:35:09.100,3967.4000,9909,0,115509420.000,0,-,-,-,-,3967.0000,3966.8000,3966.6000,3966.4000,3966.2000,3968.4000,3968.6000,3969.0000,3970.0000,3970.4000,1,4,3,1,1,1,1,1,1,1
SF,IF2003,2019-11-05 09:35:09.600,3967.4000,9909,0,115509420.000,0,-,-,-,-,3967.2000,3967.0000,3966.8000,3966.6000,3966.4000,3968.4000,3968.6000,3970.0000,3970.4000,3970.8000,3,2,1,3,1,1,1,1,1,1
SF,IF2003,2019-11-05 09:35:10.100,3967.4000,9909,0,115509420.000,0,-,-,-,-,3967.2000,3967.0000,3966.6000,3966.4000,3966.2000,3968.6000,3970.0000,3970.4000,3970.8000,3972.0000,3,2,3,1,1,1,1,1,1,5
SF,IF2003,2019-11-05 09:35:10.600,3967.4000,9909,0,115509420.000,0,-,-,-,-,3967.4000,3967.2000,3967.0000,3966.6000,3966.4000,3968.6000,3970.0000,3970.4000,3970.8000,3972.0000,1,3,2,2,1,1,1,1,1,5
SF,IF2003,2019-11-05 09:35:11.100,3967.4000,9909,0,115509420.000,0,-,-,-,-,3967.6000,3967.2000,3967.0000,3966.6000,3966.4000,3968.6000,3970.0000,3970.4000,3970.8000,3972.0000,1,1,2,2,1,1,1,1,1,5
SF,IF2003,2019-11-05 09:35:12.600,3967.4000,9909,0,115509420.000,0,-,-,-,-,3967.6000,3967.2000,3967.0000,3966.6000,3966.4000,3970.0000,3970.4000,3970.8000,3972.0000,3973.2000,1,1,2,2,1,1,1,1,5,6
SF,IF2003,2019-11-05 09:35:13.100,3967.4000,9909,0,115509420.000,0,-,-,-,-,3967.8000,3967.6000,3967.0000,3966.6000,3966.4000,3969.6000,3969.8000,3970.0000,3970.2000,3970.4000,3,1,2,2,1,3,1,1,1,1
SF,IF2003,2019-11-05 09:35:13.600,3967.4000,9909,0,115509420.000,0,-,-,-,-,3968.0000,3967.0000,3966.6000,3966.4000,3966.2000,3969.4000,3969.6000,3970.0000,3970.2000,3970.4000,1,2,2,1,1,4,1,1,1,1
SF,IF2003,2019-11-05 09:35:14.600,3967.4000,9909,0,115509420.000,0,-,-,-,-,3968.0000,3967.0000,3966.6000,3966.4000,3966.2000,3969.2000,3969.4000,3970.0000,3970.2000,3970.4000,1,2,2,1,1,1,4,1,1,1
SF,IF2003,2019-11-05 09:35:15.100,3967.4000,9909,0,115509420.000,0,-,-,-,-,3968.0000,3967.0000,3966.6000,3966.4000,3966.2000,3969.0000,3969.2000,3969.4000,3970.0000,3970.2000,1,2,2,1,1,3,2,1,1,1
SF,IF2003,2019-11-05 09:35:15.600,3967.4000,9909,0,115509420.000,0,-,-,-,-,3968.0000,3967.0000,3966.6000,3966.4000,3966.2000,3968.8000,3969.0000,3969.2000,3969.4000,3970.0000,1,2,2,1,1,1,3,1,1,1
SF,IF2003,2019-11-05 09:35:16.100,3967.4000,9909,0,115509420.000,0,-,-,-,-,3968.0000,3967.0000,3966.6000,3966.4000,3966.2000,3969.0000,3969.2000,3969.4000,3970.0000,3970.2000,1,2,2,1,1,3,1,1,1,1
SF,IF2003,2019-11-05 09:35:16.600,3968.0000,9908,-1,116699820.000,1,0,1,双平,S,3967.2000,3967.0000,3966.6000,3966.4000,3966.2000,3969.2000,3969.4000,3970.0000,3970.2000,3970.4000,1,2,2,1,1,1,1,1,1,1
SF,IF2003,2019-11-05 09:35:17.100,3968.0000,9908,0,116699820.000,0,-,-,-,-,3967.4000,3967.2000,3967.0000,3966.6000,3966.4000,3969.2000,3969.4000,3970.0000,3970.2000,3970.4000,4,1,2,1,1,1,1,1,1,1
SF,IF2003,2019-11-05 09:35:17.600,3968.0000,9908,0,116699820.000,0,-,-,-,-,3967.6000,3967.4000,3967.0000,3966.6000,3966.4000,3969.0000,3969.2000,3969.4000,3970.0000,3970.2000,1,4,2,1,1,1,1,1,1,1
SF,IF2003,2019-11-05 09:35:18.100,3968.0000,9908,0,116699820.000,0,-,-,-,-,3967.6000,3967.4000,3967.0000,3966.6000,3966.4000,3969.2000,3969.4000,3970.0000,3970.2000,3970.4000,1,4,2,1,1,1,1,1,1,1
SF,IF2003,2019-11-05 09:35:18.600,3968.0000,9908,0,116699820.000,0,-,-,-,-,3967.8000,3967.6000,3967.4000,3967.0000,3966.6000,3969.2000,3969.4000,3970.0000,3970.2000,3970.4000,2,1,3,2,1,1,1,1,1,1
SF,IF2003,2019-11-05 09:35:19.100,3968.0000,9908,0,116699820.000,0,-,-,-,-,3967.8000,3967.4000,3967.0000,3966.6000,3966.4000,3969.0000,3969.2000,3969.4000,3970.0000,3970.2000,1,3,2,1,1,1,1,1,1,1
SF,IF2003,2019-11-05 09:35:20.600,3968.0000,9908,0,116699820.000,0,-,-,-,-,3967.8000,3967.4000,3967.0000,3966.6000,3966.4000,3969.0000,3969.2000,3969.4000,3970.0000,3970.2000,1,3,2,1,1,1,1,1,1,1
SF,IF2003,2019-11-05 09:35:21.100,3967.8000,9907,-1,117890160.000,1,0,1,双平,S,3967.4000,3967.0000,3966.6000,3966.4000,3966.2000,3969.0000,3969.2000,3969.4000,3970.0000,3970.2000,3,2,1,1,1,1,1,1,1,1
SF,IF2003,2019-11-05 09:35:21.600,3967.8000,9907,0,117890160.000,0,-,-,-,-,3967.6000,3967.0000,3966.6000,3966.4000,3966.2000,3968.8000,3969.0000,3969.2000,3969.4000,3970.0000,1,2,1,1,1,4,1,1,1,1
SF,IF2003,2019-11-05 09:35:22.100,3967.8000,9907,0,117890160.000,0,-,-,-,-,3967.6000,3967.0000,3966.6000,3966.4000,3966.2000,3968.8000,3969.2000,3969.4000,3970.0000,3970.2000,1,2,1,1,1,5,1,1,1,1
SF,IF2003,2019-11-05 09:35:22.600,3967.8000,9907,0,117890160.000,0,-,-,-,-,3967.6000,3967.0000,3966.6000,3966.4000,3966.2000,3968.8000,3969.2000,3969.4000,3970.0000,3970.2000,1,2,1,1,1,5,1,1,1,1
SF,IF2003,2019-11-05 09:35:23.100,3967.8000,9907,0,117890160.000,0,-,-,-,-,3967.6000,3967.0000,3966.6000,3966.4000,3966.2000,3968.8000,3969.2000,3969.4000,3970.0000,3970.2000,1,2,1,1,1,1,1,1,1,1
SF,IF2003,2019-11-05 09:35:23.600,3967.8000,9907,0,117890160.000,0,-,-,-,-,3967.6000,3967.0000,3966.6000,3966.4000,3966.2000,3969.2000,3969.4000,3970.0000,3970.2000,3970.4000,1,2,1,1,1,1,1,1,1,1
SF,IF2003,2019-11-05 09:35:24.100,3967.8000,9907,0,117890160.000,0,-,-,-,-,3967.6000,3967.0000,3966.6000,3966.4000,3966.2000,3969.0000,3969.2000,3969.4000,3970.0000,3970.2000,1,2,1,1,1,1,1,1,1,1
SF,IF2003,2019-11-05 09:35:26.600,3967.8000,9907,0,117890160.000,0,-,-,-,-,3967.6000,3967.0000,3966.6000,3966.4000,3966.2000,3968.8000,3969.0000,3969.2000,3969.4000,3970.0000,1,2,1,1,1,4,2,1,1,1
SF,IF2003,2019-11-05 09:35:27.100,3967.8000,9907,0,117890160.000,0,-,-,-,-,3967.6000,3967.0000,3966.6000,3966.4000,3966.2000,3968.6000,3968.8000,3969.2000,3969.4000,3970.0000,1,2,1,1,1,1,4,1,1,1
SF,IF2003,2019-11-05 09:35:27.600,3967.8000,9907,0,117890160.000,0,-,-,-,-,3967.0000,3966.6000,3966.4000,3966.2000,3966.0000,3968.8000,3969.2000,3969.4000,3970.0000,3970.2000,2,1,1,1,1,4,1,1,1,1
SF,IF2003,2019-11-05 09:35:28.100,3967.8000,9907,0,117890160.000,0,-,-,-,-,3967.2000,3967.0000,3966.6000,3966.4000,3966.2000,3968.6000,3969.0000,3969.2000,3969.4000,3970.0000,1,2,1,1,1,1,1,1,1,1
SF,IF2003,2019-11-05 09:35:28.600,3967.8000,9907,0,117890160.000,0,-,-,-,-,3967.2000,3967.0000,3966.6000,3966.4000,3966.2000,3968.4000,3968.6000,3969.0000,3969.2000,3969.4000,1,2,1,1,1,1,1,1,1,1
SF,IF2003,2019-11-05 09:35:29.100,3967.8000,9907,0,117890160.000,0,-,-,-,-,3967.4000,3967.2000,3967.0000,3966.6000,3966.4000,3969.2000,3969.4000,3970.0000,3970.2000,3970.4000,1,1,2,1,1,1,1,1,1,1
SF,IF2003,2019-11-05 09:35:29.600,3967.8000,9907,0,117890160.000,0,-,-,-,-,3967.4000,3967.0000,3966.6000,3966.4000,3966.2000,3969.0000,3969.2000,3969.4000,3970.0000,3970.2000,1,2,1,1,1,8,1,1,1,1
SF,IF2003,2019-11-05 09:35:30.100,3967.8000,9907,0,117890160.000,0,-,-,-,-,3967.6000,3967.4000,3967.0000,3966.6000,3966.4000,3969.0000,3969.2000,3969.4000,3970.0000,3970.2000,1,1,2,1,1,3,1,1,1,1
SF,IF2003,2019-11-05 09:35:30.600,3967.8000,9907,0,117890160.000,0,-,-,-,-,3967.6000,3967.4000,3967.0000,3966.6000,3966.4000,3968.8000,3969.0000,3969.2000,3969.4000,3970.0000,1,1,2,1,1,4,3,1,1,1
SF,IF2003,2019-11-05 09:35:31.100,3967.8000,9907,0,117890160.000,0,-,-,-,-,3967.6000,3967.4000,3967.0000,3966.6000,3966.4000,3968.6000,3968.8000,3969.0000,3969.2000,3969.4000,1,1,2,1,1,1,4,2,1,1
SF,IF2003,2019-11-05 09:35:31.600,3967.8000,9907,0,117890160.000,0,-,-,-,-,3967.6000,3967.4000,3967.0000,3966.6000,3966.4000,3968.8000,3969.0000,3969.2000,3969.4000,3970.0000,1,1,2,1,1,4,2,1,1,1
SF,IF2003,2019-11-05 09:35:33.600,3967.8000,9907,0,117890160.000,0,-,-,-,-,3967.6000,3967.0000,3966.6000,3966.4000,3966.2000,3968.8000,3969.0000,3969.2000,3969.4000,3970.0000,1,2,1,1,1,4,2,1,1,1
SF,IF2003,2019-11-05 09:35:34.600,3967.8000,9907,0,117890160.000,0,-,-,-,-,3967.6000,3967.0000,3966.6000,3966.4000,3966.2000,3968.8000,3969.0000,3969.2000,3969.4000,3970.0000,1,2,1,1,1,4,3,1,1,1
SF,IF2003,2019-11-05 09:35:35.100,3967.8000,9907,0,117890160.000,0,-,-,-,-,3967.0000,3966.6000,3966.4000,3966.2000,3966.0000,3968.6000,3968.8000,3969.0000,3969.2000,3969.4000,2,1,1,1,1,1,4,4,1,1
SF,IF2003,2019-11-05 09:35:35.600,3967.8000,9907,0,117890160.000,0,-,-,-,-,3967.0000,3966.6000,3966.4000,3966.2000,3966.0000,3968.6000,3969.0000,3969.2000,3969.4000,3970.0000,2,1,1,1,1,1,3,1,1,1
SF,IF2003,2019-11-05 09:35:36.100,3967.8000,9907,0,117890160.000,0,-,-,-,-,3966.6000,3966.4000,3966.2000,3966.0000,3965.4000,3968.4000,3968.6000,3969.0000,3969.2000,3969.4000,1,1,1,1,1,4,1,3,1,1
SF,IF2003,2019-11-05 09:35:36.600,3967.8000,9907,0,117890160.000,0,-,-,-,-,3966.6000,3966.4000,3966.2000,3966.0000,3965.4000,3968.2000,3968.4000,3969.0000,3969.2000,3969.4000,1,1,1,1,1,2,4,3,1,1
SF,IF2003,2019-11-05 09:35:38.100,3967.8000,9907,0,117890160.000,0,-,-,-,-,3967.6000,3966.6000,3966.4000,3966.2000,3966.0000,3968.2000,3968.4000,3968.8000,3969.0000,3969.2000,1,1,1,1,1,2,4,1,3,1
SF,IF2003,2019-11-05 09:35:38.600,3967.6000,9907,0,119080440.000,1,0,1,多换,S,3966.6000,3966.4000,3966.2000,3966.0000,3965.4000,3967.6000,3968.0000,3968.2000,3968.8000,3969.0000,1,1,1,1,1,1,5,2,1,3
SF,IF2003,2019-11-05 09:35:39.100,3967.6000,9907,0,119080440.000,0,-,-,-,-,3966.8000,3966.6000,3966.4000,3966.2000,3966.0000,3967.6000,3968.0000,3968.2000,3968.8000,3969.0000,1,1,1,1,1,1,1,1,1,3
SF,IF2003,2019-11-05 09:35:40.600,3967.6000,9907,0,119080440.000,0,-,-,-,-,3966.8000,3966.6000,3966.4000,3966.2000,3966.0000,3967.6000,3968.0000,3968.2000,3968.8000,3969.0000,1,1,1,1,1,2,1,1,1,3
SF,IF2003,2019-11-05 09:35:41.100,3967.6000,9907,0,119080440.000,0,-,-,-,-,3966.8000,3966.6000,3966.4000,3966.2000,3966.0000,3967.6000,3968.2000,3968.8000,3969.0000,3969.2000,1,1,1,1,1,2,1,1,3,1
SF,IF2003,2019-11-05 09:35:41.600,3967.6000,9907,0,119080440.000,0,-,-,-,-,3966.8000,3966.6000,3966.4000,3966.2000,3966.0000,3967.6000,3968.8000,3969.0000,3969.2000,3969.4000,1,1,1,1,1,2,1,3,1,1
SF,IF2003,2019-11-05 09:35:42.100,3967.6000,9906,-1,121461000.000,2,0,2,多平,S,3966.8000,3966.6000,3966.4000,3966.2000,3966.0000,3968.8000,3969.0000,3969.2000,3969.4000,3970.0000,1,1,1,1,1,1,3,1,1,1
SF,IF2003,2019-11-05 09:35:42.600,3967.6000,9906,0,121461000.000,0,-,-,-,-,3966.8000,3966.6000,3966.4000,3966.2000,3966.0000,3968.0000,3968.4000,3968.6000,3968.8000,3969.0000,1,1,1,1,1,1,1,9,1,3
