市场代码,合约代码,时间,最新,持仓,增仓,成交额,成交量,开仓,平仓,成交类型,方向,买一价,买二价,买三价,买四价,买五价,卖一价,卖二价,卖三价,卖四价,卖五价,买一量,买二量,买三量,买四量,买五量,卖一量,卖二量,卖三量,卖四量,卖五量
SF,IF2007,2020-05-20 09:29:00.100,3870.0000,3105,0,1161000.000,1.000,-,-,-,-,3869.0000,3868.6000,3864.8000,3864.6000,3864.0000,3878.6000,3881.0000,3882.8000,3883.0000,3883.4000,1,1,1,3,1,1,3,1,5,1
SF,IF2007,2020-05-20 09:30:00.100,3878.6000,3104,-1,3488100.000,2,0,2,多平,S,3869.2000,3868.6000,3866.2000,3864.8000,3864.6000,3877.4000,3878.4000,3881.0000,3882.8000,3883.0000,2,1,1,1,3,1,4,3,1,5
SF,IF2007,2020-05-20 09:30:00.600,3878.6000,3104,0,3488100.000,0,-,-,-,-,3869.4000,3869.2000,3868.6000,3866.2000,3864.8000,3873.4000,3875.2000,3877.2000,3878.4000,3881.0000,1,2,1,1,1,1,1,8,3,3
SF,IF2007,2020-05-20 09:30:01.100,3878.6000,3104,0,3488100.000,0,-,-,-,-,3869.6000,3869.4000,3866.2000,3865.0000,3864.0000,3873.2000,3873.4000,3875.2000,3877.2000,3878.4000,2,1,1,5,1,5,1,1,6,3
SF,IF2007,2020-05-20 09:30:01.600,3878.6000,3104,0,3488100.000,0,-,-,-,-,3869.8000,3869.6000,3866.2000,3865.0000,3864.0000,3873.0000,3873.2000,3873.4000,3875.2000,3876.8000,1,1,1,5,1,1,5,1,1,1
SF,IF2007,2020-05-20 09:30:02.100,3878.6000,3104,0,3488100.000,0,-,-,-,-,3869.6000,3866.2000,3865.0000,3864.0000,3860.6000,3872.8000,3873.0000,3873.2000,3873.4000,3875.2000,1,1,5,1,1,5,1,2,1,1
SF,IF2007,2020-05-20 09:30:02.600,3878.6000,3104,0,3488100.000,0,-,-,-,-,3866.2000,3865.0000,3864.0000,3860.6000,3859.0000,3872.0000,3872.6000,3872.8000,3873.2000,3873.4000,1,5,1,1,1,1,1,5,2,1
SF,IF2007,2020-05-20 09:30:03.100,3878.6000,3104,0,3488100.000,0,-,-,-,-,3866.4000,3866.2000,3865.0000,3864.0000,3860.6000,3871.8000,3872.0000,3872.6000,3872.8000,3873.2000,4,1,5,1,1,5,1,1,2,2
SF,IF2007,2020-05-20 09:30:03.600,3878.6000,3104,0,3488100.000,0,-,-,-,-,3866.4000,3866.2000,3864.0000,3860.6000,3860.0000,3871.4000,3871.6000,3871.8000,3872.0000,3872.8000,3,1,1,1,5,1,1,5,1,2
SF,IF2007,2020-05-20 09:30:04.100,3878.6000,3104,0,3488100.000,0,-,-,-,-,3866.4000,3866.2000,3864.0000,3860.0000,3859.0000,3870.8000,3871.0000,3871.2000,3871.8000,3872.0000,3,1,1,5,1,1,1,6,1,1
SF,IF2007,2020-05-20 09:30:04.600,3878.6000,3104,0,3488100.000,0,-,-,-,-,3866.6000,3866.4000,3866.2000,3864.0000,3860.0000,3870.2000,3870.4000,3870.6000,3871.2000,3871.8000,1,3,1,1,5,1,1,5,3,1
SF,IF2007,2020-05-20 09:30:05.100,3878.6000,3104,0,3488100.000,0,-,-,-,-,3866.8000,3866.6000,3866.2000,3864.0000,3860.0000,3870.0000,3870.4000,3870.6000,3871.2000,3871.8000,3,1,1,1,5,5,1,2,3,1
SF,IF2007,2020-05-20 09:30:05.600,3878.6000,3104,0,3488100.000,0,-,-,-,-,3866.8000,3866.6000,3866.2000,3864.0000,3860.0000,3870.0000,3870.4000,3870.6000,3871.2000,3871.8000,4,1,1,1,5,4,1,2,3,1
SF,IF2007,2020-05-20 09:30:06.100,3878.6000,3104,0,3488100.000,0,-,-,-,-,3866.8000,3866.2000,3864.0000,3860.0000,3859.0000,3870.0000,3870.4000,3870.6000,3871.2000,3871.8000,4,1,1,5,1,4,1,2,3,1
SF,IF2007,2020-05-20 09:30:06.600,3878.6000,3104,0,3488100.000,0,-,-,-,-,3868.6000,3867.2000,3866.8000,3866.2000,3864.0000,3870.0000,3871.2000,3871.8000,3872.0000,3872.8000,1,1,4,1,1,2,3,1,2,2
SF,IF2007,2020-05-20 09:30:07.100,3870.2000,3104,0,5810220.000,2,1,1,多换,S,3868.8000,3867.4000,3867.2000,3866.2000,3864.0000,3871.2000,3871.8000,3872.0000,3872.8000,3873.2000,3,1,1,1,1,2,1,2,2,2
SF,IF2007,2020-05-20 09:30:07.600,3869.0000,3103,-1,6970920.000,1,0,1,双平,S,3870.2000,3868.8000,3867.4000,3866.2000,3864.0000,3872.8000,3873.2000,3873.4000,3875.4000,3876.0000,1,3,1,1,1,2,2,1,1,2
SF,IF2007,2020-05-20 09:30:08.100,3869.0000,3103,0,6970920.000,0,-,-,-,-,3870.2000,3868.8000,3867.4000,3866.2000,3864.0000,3872.6000,3872.8000,3873.2000,3873.4000,3876.0000,1,3,1,1,1,4,2,2,1,2
SF,IF2007,2020-05-20 09:30:08.600,3870.0000,3104,1,8131920.000,1,1,0,双开,S,3868.8000,3867.4000,3866.2000,3864.0000,3860.0000,3872.0000,3872.6000,3872.8000,3873.2000,3873.4000,3,1,1,1,5,1,3,2,2,1
SF,IF2007,2020-05-20 09:30:09.100,3871.8000,3102,-2,10455000.000,2,0,2,双平,S,3868.8000,3867.4000,3866.2000,3864.0000,3860.0000,3871.8000,3872.4000,3872.6000,3872.8000,3873.2000,3,1,1,1,5,1,1,2,2,2
SF,IF2007,2020-05-20 09:30:09.600,3871.8000,3102,0,10455000.000,0,-,-,-,-,3870.2000,3868.8000,3867.4000,3866.2000,3864.0000,3871.8000,3872.6000,3872.8000,3873.2000,3873.4000,1,3,1,1,1,1,2,2,2,1
SF,IF2007,2020-05-20 09:30:10.100,3871.8000,3102,0,10455000.000,0,-,-,-,-,3869.0000,3868.8000,3867.4000,3866.2000,3864.0000,3871.6000,3871.8000,3872.6000,3872.8000,3873.2000,1,3,1,1,1,1,1,2,2,2
SF,IF2007,2020-05-20 09:30:10.600,3871.8000,3102,0,10455000.000,0,-,-,-,-,3869.2000,3869.0000,3868.8000,3867.4000,3866.2000,3871.6000,3872.6000,3872.8000,3873.2000,3873.4000,3,1,1,1,1,1,2,2,2,1
SF,IF2007,2020-05-20 09:30:11.100,3871.8000,3102,0,10455000.000,0,-,-,-,-,3869.2000,3869.0000,3867.4000,3866.2000,3864.0000,3871.6000,3872.6000,3872.8000,3873.2000,3873.4000,3,1,1,1,1,1,2,2,2,1
SF,IF2007,2020-05-20 09:30:11.600,3871.8000,3102,0,10455000.000,0,-,-,-,-,3870.6000,3869.2000,3869.0000,3867.4000,3866.2000,3871.6000,3872.8000,3873.2000,3873.4000,3876.0000,1,3,1,1,1,1,2,2,1,2
SF,IF2007,2020-05-20 09:30:12.100,3870.6000,3103,1,11616180.000,1,1,0,双开,S,3869.2000,3869.0000,3867.4000,3866.2000,3864.0000,3871.6000,3872.8000,3873.2000,3873.4000,3876.0000,3,1,1,1,1,1,2,2,1,2
SF,IF2007,2020-05-20 09:30:12.600,3870.6000,3103,0,11616180.000,0,-,-,-,-,3869.2000,3869.0000,3867.4000,3866.2000,3864.0000,3871.4000,3871.6000,3872.8000,3873.2000,3873.4000,3,1,1,1,1,1,1,2,2,1
SF,IF2007,2020-05-20 09:30:13.100,3870.6000,3103,0,11616180.000,0,-,-,-,-,3869.2000,3869.0000,3867.4000,3866.2000,3864.0000,3871.4000,3871.6000,3872.8000,3873.2000,3873.4000,3,1,1,1,1,1,1,2,2,1
SF,IF2007,2020-05-20 09:30:13.600,3869.2000,3102,-1,13937700.000,2,0,2,多平,S,3869.2000,3869.0000,3867.4000,3866.2000,3864.0000,3871.2000,3871.4000,3871.6000,3872.8000,3873.2000,1,1,1,1,1,1,1,1,2,2
SF,IF2007,2020-05-20 09:30:14.100,3869.2000,3102,0,13937700.000,0,-,-,-,-,3869.2000,3867.4000,3866.2000,3864.0000,3860.0000,3871.0000,3871.2000,3871.6000,3872.8000,3873.2000,1,1,1,1,5,1,1,1,2,2
SF,IF2007,2020-05-20 09:30:14.600,3869.2000,3102,0,13937700.000,0,-,-,-,-,3867.4000,3866.2000,3864.0000,3860.0000,3859.0000,3871.0000,3871.2000,3871.6000,3872.8000,3873.2000,1,1,1,5,1,1,1,1,2,2
SF,IF2007,2020-05-20 09:30:15.100,3869.2000,3102,0,13937700.000,0,-,-,-,-,3867.8000,3867.6000,3867.4000,3866.2000,3864.0000,3870.8000,3871.0000,3872.8000,3873.2000,3873.4000,1,5,1,1,1,1,1,2,2,1
SF,IF2007,2020-05-20 09:30:15.600,3869.2000,3102,0,13937700.000,0,-,-,-,-,3869.4000,3868.0000,3867.8000,3867.6000,3867.4000,3870.6000,3872.8000,3873.2000,3873.4000,3876.0000,1,4,1,2,1,1,2,2,1,2
SF,IF2007,2020-05-20 09:30:16.100,3869.2000,3102,0,13937700.000,0,-,-,-,-,3868.8000,3868.6000,3868.0000,3867.8000,3867.6000,3870.4000,3870.6000,3872.8000,3873.2000,3873.4000,1,1,4,1,1,1,1,2,2,1
SF,IF2007,2020-05-20 09:30:16.600,3869.2000,3102,0,13937700.000,0,-,-,-,-,3868.0000,3866.2000,3864.0000,3860.0000,3859.0000,3870.2000,3870.4000,3872.8000,3873.2000,3873.4000,3,1,1,5,1,2,1,2,2,1
SF,IF2007,2020-05-20 09:30:17.100,3869.2000,3102,0,13937700.000,0,-,-,-,-,3868.8000,3868.0000,3866.2000,3864.0000,3860.0000,3870.2000,3870.4000,3872.8000,3873.2000,3873.4000,1,2,1,1,5,1,1,2,2,1
SF,IF2007,2020-05-20 09:30:17.600,3868.8000,3102,0,15098340.000,1,0,1,多换,S,3868.6000,3868.0000,3866.2000,3864.0000,3860.0000,3870.0000,3870.2000,3870.4000,3872.8000,3873.2000,1,1,1,1,5,1,1,1,2,2
SF,IF2007,2020-05-20 09:30:18.100,3868.6000,3102,0,16258920.000,1,0,1,多换,S,3868.0000,3866.2000,3864.0000,3860.0000,3859.0000,3869.8000,3870.0000,3870.4000,3872.8000,3873.2000,1,1,1,5,1,2,1,1,2,2
SF,IF2007,2020-05-20 09:30:18.600,3868.0000,3101,-1,17419320.000,1,0,1,双平,S,3866.2000,3864.0000,3860.0000,3859.0000,3858.4000,3869.6000,3869.8000,3870.4000,3872.8000,3873.2000,1,1,5,1,3,2,3,1,2,2
SF,IF2007,2020-05-20 09:30:19.100,3869.4000,3102,1,18580140.000,1,1,0,双开,S,3866.4000,3866.2000,3864.0000,3860.0000,3859.0000,3869.4000,3869.6000,3870.4000,3872.8000,3873.2000,3,1,1,5,1,1,2,1,2,2
SF,IF2007,2020-05-20 09:30:19.600,3869.4000,3102,0,18580140.000,0,-,-,-,-,3866.4000,3866.2000,3864.0000,3860.0000,3859.0000,3869.2000,3869.4000,3870.4000,3872.8000,3873.2000,3,1,1,5,1,2,1,1,2,2
SF,IF2007,2020-05-20 09:30:20.100,3869.4000,3102,0,18580140.000,0,-,-,-,-,3866.6000,3866.4000,3866.2000,3864.0000,3860.0000,3869.0000,3869.2000,3870.4000,3872.8000,3873.2000,2,3,1,1,5,1,2,1,2,2
SF,IF2007,2020-05-20 09:30:20.600,3869.4000,3102,0,18580140.000,0,-,-,-,-,3867.2000,3866.8000,3866.6000,3866.4000,3866.2000,3868.8000,3869.0000,3869.2000,3870.4000,3872.8000,1,2,2,1,1,1,1,1,1,2
SF,IF2007,2020-05-20 09:30:21.100,3869.4000,3102,0,18580140.000,0,-,-,-,-,3867.2000,3866.8000,3866.6000,3866.4000,3866.2000,3868.6000,3868.8000,3869.2000,3870.4000,3872.8000,1,2,2,1,1,1,1,1,1,2
SF,IF2007,2020-05-20 09:30:21.600,3869.4000,3102,0,18580140.000,0,-,-,-,-,3866.8000,3866.6000,3866.4000,3866.2000,3864.0000,3868.6000,3868.8000,3869.2000,3870.4000,3872.8000,2,2,1,1,1,1,1,1,1,2
SF,IF2007,2020-05-20 09:30:22.100,3869.4000,3102,0,18580140.000,0,-,-,-,-,3866.6000,3866.4000,3866.2000,3864.0000,3860.0000,3868.4000,3868.6000,3870.4000,3872.8000,3873.2000,1,1,1,1,5,3,1,1,2,2
SF,IF2007,2020-05-20 09:30:22.600,3869.4000,3102,0,18580140.000,0,-,-,-,-,3866.4000,3866.2000,3864.0000,3860.0000,3859.0000,3868.2000,3868.4000,3870.4000,3872.8000,3873.2000,1,1,1,5,1,1,2,1,2,2
SF,IF2007,2020-05-20 09:30:24.100,3869.4000,3102,0,18580140.000,0,-,-,-,-,3866.4000,3866.2000,3864.0000,3860.0000,3859.0000,3868.0000,3868.2000,3868.4000,3870.4000,3872.8000,1,1,1,5,1,3,1,1,1,2
SF,IF2007,2020-05-20 09:30:24.600,3869.4000,3102,0,18580140.000,0,-,-,-,-,3866.2000,3864.0000,3860.0000,3859.0000,3858.4000,3867.8000,3868.0000,3868.4000,3870.4000,3872.8000,1,1,5,1,3,1,4,1,1,2
SF,IF2007,2020-05-20 09:30:25.100,3869.4000,3102,0,18580140.000,0,-,-,-,-,3866.2000,3864.0000,3860.0000,3859.0000,3858.4000,3867.6000,3867.8000,3868.0000,3868.4000,3870.4000,1,1,5,1,3,2,1,1,1,1
SF,IF2007,2020-05-20 09:30:25.600,3869.4000,3102,0,18580140.000,0,-,-,-,-,3866.4000,3866.2000,3864.0000,3860.0000,3859.0000,3867.4000,3867.6000,3868.0000,3868.4000,3870.4000,1,1,1,5,1,1,2,1,1,1
SF,IF2007,2020-05-20 09:30:26.100,3869.4000,3102,0,18580140.000,0,-,-,-,-,3866.4000,3866.2000,3864.0000,3860.0000,3859.0000,3867.2000,3867.4000,3867.6000,3868.0000,3868.4000,1,1,1,5,1,1,1,1,1,1
SF,IF2007,2020-05-20 09:30:26.600,3867.2000,3102,0,19740300.000,1,0,1,多换,S,3866.4000,3866.2000,3864.0000,3860.0000,3859.0000,3867.6000,3868.0000,3868.4000,3870.4000,3872.8000,1,1,1,5,1,1,1,1,1,2
SF,IF2007,2020-05-20 09:30:27.100,3867.2000,3102,0,19740300.000,0,-,-,-,-,3866.4000,3866.2000,3864.0000,3860.0000,3859.0000,3868.0000,3868.4000,3870.4000,3872.8000,3873.2000,1,1,1,5,1,1,1,1,2,2
SF,IF2007,2020-05-20 09:30:27.600,3868.4000,3102,0,22061220.000,2,1,1,多换,S,3869.0000,3866.4000,3866.2000,3864.0000,3860.0000,3870.4000,3872.8000,3873.2000,3873.4000,3876.2000,3,1,1,1,5,1,2,2,1,2
SF,IF2007,2020-05-20 09:30:28.100,3869.0000,3103,1,25543320.000,3,2,1,空开,S,3866.6000,3866.2000,3864.0000,3860.0000,3859.0000,3868.8000,3869.0000,3870.2000,3870.4000,3872.8000,1,1,1,5,1,1,5,3,1,2
SF,IF2007,2020-05-20 09:30:28.600,3869.0000,3103,0,25543320.000,0,-,-,-,-,3866.8000,3866.6000,3866.2000,3864.0000,3860.0000,3868.2000,3868.6000,3869.0000,3870.2000,3870.4000,1,1,1,1,5,2,2,4,1,1
SF,IF2007,2020-05-20 09:30:29.100,3869.0000,3103,0,25543320.000,0,-,-,-,-,3867.0000,3866.8000,3866.6000,3866.2000,3864.0000,3868.2000,3868.6000,3870.2000,3870.4000,3872.8000,2,1,1,1,1,2,3,1,1,2
SF,IF2007,2020-05-20 09:30:29.600,3869.0000,3103,0,25543320.000,0,-,-,-,-,3867.0000,3866.6000,3866.2000,3864.0000,3861.0000,3868.0000,3868.2000,3868.6000,3870.2000,3870.4000,1,1,1,1,8,1,2,3,1,1
SF,IF2007,2020-05-20 09:30:30.100,3869.0000,3103,0,25543320.000,0,-,-,-,-,3866.6000,3866.2000,3864.0000,3861.0000,3860.0000,3867.8000,3868.0000,3868.2000,3868.6000,3870.2000,1,1,1,8,5,2,1,1,2,1
SF,IF2007,2020-05-20 09:30:30.600,3866.6000,3103,0,26703300.000,1,0,1,多换,S,3866.2000,3864.0000,3861.0000,3860.0000,3859.0000,3867.2000,3867.6000,3867.8000,3868.2000,3868.6000,1,1,8,5,1,1,1,2,2,1
SF,IF2007,2020-05-20 09:30:31.100,3866.4000,3103,0,27863220.000,1,0,1,多换,S,3866.2000,3864.0000,3861.0000,3860.0000,3859.0000,3867.0000,3867.2000,3867.6000,3868.2000,3868.6000,1,1,8,5,1,1,1,1,2,1
SF,IF2007,2020-05-20 09:30:31.600,3866.4000,3103,0,27863220.000,0,-,-,-,-,3866.2000,3864.0000,3861.0000,3860.0000,3859.0000,3866.8000,3867.0000,3867.2000,3867.6000,3868.2000,1,1,8,5,1,1,1,1,1,1
SF,IF2007,2020-05-20 09:30:32.100,3866.4000,3103,0,27863220.000,0,-,-,-,-,3866.4000,3866.2000,3864.0000,3861.0000,3860.0000,3866.8000,3867.0000,3867.2000,3867.6000,3867.8000,1,1,1,8,5,1,1,1,1,1
SF,IF2007,2020-05-20 09:30:33.100,3866.4000,3103,0,27863220.000,0,-,-,-,-,3866.4000,3866.2000,3864.0000,3861.0000,3860.0000,3866.8000,3867.2000,3867.6000,3868.2000,3868.4000,1,1,1,8,5,1,1,1,1,2
SF,IF2007,2020-05-20 09:30:33.600,3866.4000,3102,-1,29023140.000,1,0,1,双平,S,3866.2000,3864.0000,3861.0000,3860.0000,3859.0000,3867.4000,3867.6000,3868.2000,3868.6000,3869.4000,1,1,8,5,1,1,1,1,1,2
SF,IF2007,2020-05-20 09:30:34.100,3866.4000,3102,0,29023140.000,0,-,-,-,-,3866.2000,3864.0000,3861.0000,3860.0000,3859.0000,3867.2000,3867.4000,3868.2000,3868.6000,3869.4000,1,1,8,5,1,2,1,1,1,2
SF,IF2007,2020-05-20 09:30:34.600,3866.2000,3101,-1,30183000.000,1,0,1,双平,S,3864.0000,3861.0000,3860.0000,3859.0000,3858.4000,3867.2000,3868.2000,3868.6000,3869.4000,3870.0000,1,8,5,1,3,1,1,1,2,1
SF,IF2007,2020-05-20 09:30:35.100,3866.2000,3101,0,30183000.000,0,-,-,-,-,3864.2000,3864.0000,3861.0000,3860.0000,3859.0000,3867.0000,3867.2000,3868.2000,3868.6000,3869.4000,2,1,8,5,1,3,1,1,1,2
SF,IF2007,2020-05-20 09:30:35.600,3866.2000,3101,0,30183000.000,0,-,-,-,-,3864.2000,3864.0000,3861.0000,3860.0000,3859.0000,3866.0000,3866.8000,3867.0000,3868.2000,3868.6000,1,1,8,5,1,1,4,3,1,1
SF,IF2007,2020-05-20 09:30:36.100,3866.2000,3101,0,30183000.000,0,-,-,-,-,3864.0000,3861.0000,3860.0000,3859.0000,3858.4000,3865.8000,3866.0000,3866.6000,3866.8000,3867.0000,1,8,5,1,3,2,1,1,2,1
SF,IF2007,2020-05-20 09:30:36.600,3866.2000,3101,0,30183000.000,0,-,-,-,-,3864.2000,3864.0000,3861.0000,3860.0000,3859.0000,3865.8000,3866.0000,3866.6000,3866.8000,3867.0000,1,1,8,6,1,1,1,1,2,1
SF,IF2007,2020-05-20 09:30:37.100,3866.2000,3101,0,30183000.000,0,-,-,-,-,3864.2000,3864.0000,3861.0000,3860.0000,3859.0000,3865.6000,3865.8000,3866.0000,3866.8000,3867.0000,1,1,8,6,1,1,1,1,2,1
SF,IF2007,2020-05-20 09:30:37.600,3866.2000,3101,0,30183000.000,0,-,-,-,-,3864.2000,3864.0000,3861.0000,3860.0000,3859.0000,3865.4000,3865.6000,3866.0000,3866.2000,3866.8000,1,1,8,6,1,1,1,1,1,2
SF,IF2007,2020-05-20 09:30:38.100,3866.2000,3101,0,30183000.000,0,-,-,-,-,3864.2000,3864.0000,3861.0000,3860.0000,3859.0000,3865.4000,3866.0000,3866.2000,3866.8000,3868.2000,1,1,8,6,1,1,1,1,2,1
SF,IF2007,2020-05-20 09:30:38.600,3866.2000,3101,0,30183000.000,0,-,-,-,-,3864.0000,3861.0000,3860.0000,3859.0000,3858.4000,3865.4000,3865.8000,3866.0000,3866.8000,3868.2000,1,8,6,1,3,1,1,1,2,1
SF,IF2007,2020-05-20 09:30:39.100,3866.2000,3101,0,30183000.000,0,-,-,-,-,3864.2000,3864.0000,3860.0000,3859.0000,3858.4000,3865.4000,3865.8000,3866.0000,3866.8000,3868.2000,1,1,6,1,3,1,1,1,2,1
SF,IF2007,2020-05-20 09:30:39.600,3866.2000,3101,0,30183000.000,0,-,-,-,-,3864.4000,3864.2000,3864.0000,3860.0000,3859.0000,3865.4000,3865.8000,3866.0000,3866.8000,3868.2000,1,1,1,6,1,1,1,1,2,1
SF,IF2007,2020-05-20 09:30:40.100,3865.4000,3102,1,31342620.000,1,1,0,双开,S,3864.4000,3864.2000,3864.0000,3860.0000,3859.0000,3865.4000,3867.6000,3868.2000,3868.6000,3869.4000,1,1,1,6,1,1,1,1,1,2
SF,IF2007,2020-05-20 09:30:40.600,3865.4000,3103,1,32502240.000,1,1,0,双开,S,3864.6000,3864.4000,3864.0000,3860.0000,3859.0000,3867.6000,3868.2000,3868.6000,3869.4000,3870.0000,1,1,1,6,1,1,1,1,2,1
SF,IF2007,2020-05-20 09:30:41.100,3865.4000,3103,0,32502240.000,0,-,-,-,-,3864.8000,3864.6000,3864.4000,3864.0000,3860.0000,3867.4000,3868.2000,3868.6000,3869.4000,3870.0000,2,1,1,1,6,4,1,1,2,1
SF,IF2007,2020-05-20 09:30:41.600,3865.4000,3103,0,32502240.000,0,-,-,-,-,3866.6000,3866.0000,3865.6000,3865.0000,3864.8000,3867.4000,3868.2000,3869.4000,3870.0000,3870.2000,1,5,1,1,2,3,1,2,1,1
SF,IF2007,2020-05-20 09:30:42.100,3867.4000,3101,-2,34822680.000,2,0,2,双平,S,3866.0000,3865.6000,3865.0000,3864.8000,3864.4000,3868.2000,3869.4000,3870.0000,3870.2000,3870.4000,5,1,1,2,1,1,2,1,1,1
SF,IF2007,2020-05-20 09:30:42.600,3867.4000,3101,0,34822680.000,0,-,-,-,-,3866.2000,3866.0000,3865.6000,3864.8000,3864.4000,3868.0000,3868.2000,3869.4000,3870.0000,3870.2000,1,5,1,2,1,3,1,2,1,1
SF,IF2007,2020-05-20 09:30:43.100,3867.4000,3101,0,34822680.000,0,-,-,-,-,3866.2000,3866.0000,3864.8000,3864.4000,3864.0000,3867.8000,3868.0000,3868.2000,3869.4000,3870.0000,1,5,2,1,1,2,3,1,2,1
SF,IF2007,2020-05-20 09:30:43.600,3867.4000,3101,0,34822680.000,0,-,-,-,-,3866.2000,3866.0000,3864.8000,3864.4000,3864.0000,3867.8000,3868.0000,3868.2000,3869.4000,3870.0000,1,5,2,1,1,2,3,1,2,1
SF,IF2007,2020-05-20 09:30:44.100,3867.4000,3101,0,34822680.000,0,-,-,-,-,3866.2000,3866.0000,3864.8000,3864.4000,3864.0000,3867.8000,3868.0000,3868.2000,3869.4000,3870.0000,1,5,2,1,1,1,3,1,2,1
SF,IF2007,2020-05-20 09:30:44.600,3867.4000,3101,0,34822680.000,0,-,-,-,-,3866.2000,3866.0000,3864.8000,3864.4000,3864.0000,3867.6000,3867.8000,3868.0000,3868.2000,3869.4000,1,5,2,1,1,1,1,3,1,2
SF,IF2007,2020-05-20 09:30:45.100,3867.4000,3101,0,34822680.000,0,-,-,-,-,3866.0000,3864.8000,3864.4000,3864.0000,3863.0000,3867.6000,3867.8000,3868.0000,3868.2000,3869.4000,5,2,1,1,1,1,1,3,1,2
SF,IF2007,2020-05-20 09:30:45.600,3867.4000,3101,0,34822680.000,0,-,-,-,-,3866.0000,3864.8000,3864.4000,3864.0000,3863.0000,3867.6000,3867.8000,3868.0000,3868.2000,3869.4000,5,2,1,1,1,2,1,3,1,2
SF,IF2007,2020-05-20 09:30:46.600,3867.4000,3101,0,34822680.000,0,-,-,-,-,3866.2000,3866.0000,3864.8000,3864.4000,3864.0000,3867.6000,3867.8000,3868.0000,3868.2000,3869.4000,1,5,2,1,1,2,1,3,1,2
SF,IF2007,2020-05-20 09:30:47.100,3867.4000,3101,0,34822680.000,0,-,-,-,-,3866.2000,3866.0000,3864.8000,3864.4000,3864.0000,3867.6000,3867.8000,3868.0000,3868.2000,3869.4000,1,5,2,1,1,1,1,3,1,2
SF,IF2007,2020-05-20 09:30:47.600,3867.4000,3101,0,34822680.000,0,-,-,-,-,3866.2000,3866.0000,3864.8000,3864.4000,3864.0000,3867.4000,3867.6000,3867.8000,3868.0000,3868.2000,1,5,2,1,6,1,1,1,3,1
SF,IF2007,2020-05-20 09:30:48.100,3867.4000,3101,0,34822680.000,0,-,-,-,-,3866.2000,3866.0000,3864.8000,3864.4000,3864.0000,3867.4000,3867.6000,3867.8000,3868.0000,3868.2000,1,5,2,1,6,1,1,1,1,1
SF,IF2007,2020-05-20 09:30:48.600,3867.4000,3101,0,34822680.000,0,-,-,-,-,3866.0000,3864.8000,3864.4000,3864.0000,3863.0000,3866.4000,3867.2000,3867.4000,3867.6000,3867.8000,5,2,1,6,1,1,1,1,1,1
SF,IF2007,2020-05-20 09:30:49.100,3866.0000,3101,0,35982480.000,1,0,1,多换,S,3866.0000,3864.8000,3864.4000,3864.0000,3863.0000,3866.4000,3867.2000,3867.4000,3867.6000,3867.8000,4,2,1,6,1,1,1,1,1,1
SF,IF2007,2020-05-20 09:30:49.600,3866.0000,3105,4,40621680.000,4,4,0,双开,S,3864.8000,3864.4000,3864.0000,3863.0000,3860.0000,3866.4000,3867.2000,3867.4000,3867.6000,3867.8000,2,1,6,1,5,1,1,1,1,1
SF,IF2007,2020-05-20 09:30:50.100,3866.0000,3105,0,40621680.000,0,-,-,-,-,3864.4000,3864.0000,3863.0000,3860.0000,3859.0000,3866.4000,3867.2000,3867.4000,3867.6000,3867.8000,1,6,1,5,1,1,1,1,1,1
SF,IF2007,2020-05-20 09:30:50.600,3866.0000,3105,0,40621680.000,0,-,-,-,-,3864.4000,3864.0000,3863.0000,3860.0000,3859.0000,3866.2000,3866.4000,3867.2000,3867.4000,3867.6000,1,6,1,5,1,1,1,1,1,1
SF,IF2007,2020-05-20 09:30:51.100,3866.0000,3105,0,40621680.000,0,-,-,-,-,3864.4000,3864.0000,3863.0000,3860.0000,3859.0000,3866.2000,3866.4000,3866.6000,3867.2000,3867.4000,1,6,1,5,1,1,1,1,1,1
SF,IF2007,2020-05-20 09:30:51.600,3866.0000,3105,0,40621680.000,0,-,-,-,-,3864.6000,3864.4000,3864.0000,3863.0000,3860.0000,3866.4000,3866.6000,3867.4000,3868.0000,3868.2000,3,1,6,1,5,1,1,1,1,1
SF,IF2007,2020-05-20 09:30:52.100,3866.0000,3105,0,40621680.000,0,-,-,-,-,3864.6000,3864.4000,3864.0000,3863.0000,3860.0000,3866.4000,3866.6000,3867.4000,3868.0000,3868.2000,3,1,6,1,5,1,1,1,1,1
SF,IF2007,2020-05-20 09:30:53.100,3866.0000,3105,0,40621680.000,0,-,-,-,-,3864.6000,3864.4000,3864.0000,3863.0000,3860.0000,3866.4000,3866.6000,3867.4000,3868.0000,3868.2000,1,1,6,1,5,1,1,1,1,1
SF,IF2007,2020-05-20 09:30:53.600,3866.0000,3105,0,40621680.000,0,-,-,-,-,3864.6000,3864.4000,3864.0000,3863.0000,3860.0000,3866.2000,3866.4000,3866.6000,3867.4000,3868.0000,1,1,6,1,5,2,1,1,1,1
SF,IF2007,2020-05-20 09:30:54.600,3866.0000,3105,0,40621680.000,0,-,-,-,-,3864.6000,3864.4000,3864.0000,3863.0000,3860.0000,3866.0000,3866.2000,3866.4000,3866.6000,3867.4000,1,1,6,1,5,1,1,1,1,1
SF,IF2007,2020-05-20 09:30:55.100,3866.0000,3105,0,40621680.000,0,-,-,-,-,3864.4000,3864.0000,3863.0000,3860.0000,3859.0000,3866.0000,3866.2000,3866.4000,3866.6000,3867.4000,1,6,1,5,1,1,1,1,1,1
SF,IF2007,2020-05-20 09:30:55.600,3866.0000,3105,0,40621680.000,0,-,-,-,-,3864.0000,3863.0000,3860.0000,3859.0000,3858.4000,3866.2000,3866.4000,3866.6000,3867.4000,3868.0000,6,1,5,1,3,1,1,1,1,1
SF,IF2007,2020-05-20 09:30:56.100,3866.0000,3105,0,40621680.000,0,-,-,-,-,3864.6000,3864.2000,3864.0000,3863.0000,3860.0000,3866.2000,3866.4000,3866.6000,3868.0000,3868.2000,1,1,6,1,5,1,1,1,1,1
SF,IF2007,2020-05-20 09:30:57.100,3866.0000,3105,0,40621680.000,0,-,-,-,-,3864.6000,3864.2000,3864.0000,3863.0000,3860.0000,3866.0000,3866.2000,3866.4000,3866.6000,3868.0000,1,1,6,1,5,3,1,1,1,1
SF,IF2007,2020-05-20 09:30:57.600,3866.0000,3105,0,40621680.000,0,-,-,-,-,3864.2000,3864.0000,3863.0000,3860.0000,3859.0000,3866.0000,3866.2000,3866.4000,3866.6000,3868.0000,1,6,1,5,1,3,1,1,1,1
SF,IF2007,2020-05-20 09:30:58.100,3866.0000,3105,0,40621680.000,0,-,-,-,-,3864.2000,3864.0000,3863.0000,3860.0000,3859.0000,3865.6000,3865.8000,3866.0000,3866.4000,3866.6000,1,6,1,5,1,1,4,3,1,1
SF,IF2007,2020-05-20 09:30:58.600,3866.0000,3105,0,40621680.000,0,-,-,-,-,3864.2000,3864.0000,3863.0000,3860.0000,3859.0000,3865.6000,3865.8000,3866.0000,3866.4000,3866.6000,1,6,1,5,1,1,4,3,1,1
SF,IF2007,2020-05-20 09:30:59.100,3866.0000,3105,0,40621680.000,0,-,-,-,-,3864.8000,3864.4000,3864.2000,3864.0000,3863.0000,3865.6000,3865.8000,3866.0000,3866.4000,3866.6000,5,1,1,6,1,1,3,1,1,1
SF,IF2007,2020-05-20 09:30:59.600,3866.0000,3105,0,40621680.000,0,-,-,-,-,3865.6000,3864.8000,3864.4000,3864.2000,3864.0000,3865.8000,3866.0000,3866.4000,3866.6000,3868.2000,5,5,1,1,6,1,1,1,1,1
SF,IF2007,2020-05-20 09:31:00.100,3865.6000,3108,3,44100720.000,3,3,0,双开,S,3865.6000,3864.8000,3864.4000,3864.2000,3864.0000,3865.8000,3866.0000,3866.4000,3866.6000,3868.2000,2,5,1,1,6,1,1,1,1,1
SF,IF2007,2020-05-20 09:31:00.600,3865.6000,3109,1,46420080.000,2,1,1,空开,S,3864.8000,3864.4000,3864.2000,3864.0000,3863.0000,3865.6000,3866.0000,3866.4000,3866.6000,3868.2000,5,1,1,6,1,1,1,1,1,1
SF,IF2007,2020-05-20 09:31:01.600,3865.6000,3109,0,47579760.000,1,0,1,多换,S,3864.8000,3864.4000,3864.2000,3864.0000,3863.0000,3866.0000,3866.4000,3866.6000,3868.2000,3869.4000,5,1,1,6,1,1,1,1,1,2
SF,IF2007,2020-05-20 09:31:02.100,3865.6000,3109,0,47579760.000,0,-,-,-,-,3864.8000,3864.4000,3864.2000,3864.0000,3863.0000,3865.8000,3866.0000,3866.4000,3866.6000,3868.2000,5,1,1,6,1,1,1,1,1,1
SF,IF2007,2020-05-20 09:31:02.600,3865.6000,3109,0,47579760.000,0,-,-,-,-,3864.8000,3864.4000,3864.2000,3864.0000,3863.0000,3865.8000,3866.0000,3866.4000,3866.6000,3868.2000,5,1,1,6,1,1,1,1,1,1
SF,IF2007,2020-05-20 09:31:03.100,3865.8000,3108,-1,48739500.000,1,0,1,双平,S,3864.8000,3864.4000,3864.2000,3864.0000,3863.0000,3866.0000,3866.4000,3866.6000,3868.2000,3869.4000,5,1,1,6,1,1,1,1,1,2
SF,IF2007,2020-05-20 09:31:03.600,3865.8000,3108,0,48739500.000,0,-,-,-,-,3864.8000,3864.4000,3864.2000,3864.0000,3863.0000,3866.0000,3866.4000,3866.6000,3868.2000,3869.4000,5,1,1,6,1,1,1,1,1,2
SF,IF2007,2020-05-20 09:31:06.600,3866.0000,3108,0,49899300.000,1,0,1,多换,S,3864.8000,3864.4000,3864.2000,3864.0000,3863.0000,3866.4000,3866.6000,3868.2000,3869.4000,3870.0000,5,1,1,6,1,1,1,1,2,1
SF,IF2007,2020-05-20 09:31:07.100,3866.0000,3108,0,49899300.000,0,-,-,-,-,3865.0000,3864.8000,3864.4000,3864.0000,3863.0000,3866.4000,3866.6000,3868.2000,3869.4000,3870.0000,1,5,1,6,1,1,1,1,2,1
SF,IF2007,2020-05-20 09:31:07.600,3866.0000,3108,0,49899300.000,0,-,-,-,-,3865.0000,3864.8000,3864.4000,3864.0000,3863.0000,3866.6000,3868.2000,3869.4000,3870.0000,3870.2000,1,5,1,6,1,1,1,2,1,1
SF,IF2007,2020-05-20 09:31:08.100,3866.6000,3108,0,51059280.000,1,0,1,多换,S,3865.0000,3864.8000,3864.4000,3864.0000,3863.0000,3868.2000,3869.4000,3870.0000,3870.2000,3870.4000,1,5,1,6,1,1,2,1,1,1
SF,IF2007,2020-05-20 09:31:08.600,3866.6000,3108,0,51059280.000,0,-,-,-,-,3865.0000,3864.8000,3864.4000,3864.0000,3863.0000,3866.6000,3866.8000,3867.0000,3868.0000,3868.2000,1,5,1,6,1,1,1,2,4,1
SF,IF2007,2020-05-20 09:31:09.100,3866.6000,3108,0,51059280.000,0,-,-,-,-,3865.0000,3864.8000,3864.4000,3864.0000,3863.0000,3866.8000,3867.0000,3868.0000,3868.2000,3869.4000,1,5,1,6,1,1,2,4,1,2
SF,IF2007,2020-05-20 09:31:09.600,3866.6000,3108,0,51059280.000,0,-,-,-,-,3865.2000,3865.0000,3864.8000,3864.4000,3864.0000,3866.8000,3867.0000,3868.0000,3868.2000,3869.4000,1,1,5,1,6,1,2,3,1,2
SF,IF2007,2020-05-20 09:31:10.100,3866.6000,3108,0,51059280.000,0,-,-,-,-,3865.4000,3865.2000,3864.8000,3864.4000,3864.0000,3866.8000,3867.0000,3868.0000,3868.2000,3869.4000,1,1,5,1,6,1,2,3,1,2
SF,IF2007,2020-05-20 09:31:10.600,3866.6000,3108,0,51059280.000,0,-,-,-,-,3865.4000,3865.2000,3864.8000,3864.4000,3864.0000,3866.8000,3867.0000,3868.0000,3868.2000,3869.4000,1,1,5,1,6,1,1,3,1,2
SF,IF2007,2020-05-20 09:31:12.100,3866.6000,3108,0,51059280.000,0,-,-,-,-,3865.4000,3865.2000,3864.8000,3864.4000,3864.0000,3866.6000,3866.8000,3867.0000,3868.0000,3868.2000,1,1,5,1,6,2,1,1,3,1
SF,IF2007,2020-05-20 09:31:12.600,3866.6000,3108,0,51059280.000,0,-,-,-,-,3866.8000,3865.4000,3865.2000,3864.8000,3864.4000,3868.0000,3868.2000,3869.4000,3870.0000,3870.4000,1,1,1,5,1,3,1,2,1,1
SF,IF2007,2020-05-20 09:31:13.100,3866.8000,3109,1,52219320.000,1,1,0,双开,S,3865.4000,3865.2000,3864.8000,3864.4000,3864.0000,3867.2000,3867.8000,3868.0000,3868.2000,3869.4000,1,1,5,1,6,1,3,3,1,2
SF,IF2007,2020-05-20 09:31:13.600,3866.8000,3109,0,52219320.000,0,-,-,-,-,3865.4000,3865.2000,3864.8000,3864.4000,3864.0000,3867.8000,3868.0000,3868.2000,3869.4000,3870.4000,1,1,5,1,6,3,3,1,2,1
SF,IF2007,2020-05-20 09:31:14.100,3866.8000,3109,0,52219320.000,0,-,-,-,-,3865.4000,3864.8000,3864.4000,3864.0000,3863.0000,3867.0000,3867.2000,3867.6000,3867.8000,3868.0000,1,5,1,6,1,1,2,2,3,2
SF,IF2007,2020-05-20 09:31:14.600,3866.8000,3109,0,52219320.000,0,-,-,-,-,3865.4000,3864.8000,3864.4000,3864.0000,3863.0000,3866.8000,3867.2000,3867.6000,3867.8000,3868.0000,1,5,1,6,1,2,2,2,3,2
SF,IF2007,2020-05-20 09:31:15.100,3866.8000,3108,-1,53379360.000,1,0,1,双平,S,3867.0000,3865.4000,3864.8000,3864.4000,3864.0000,3867.2000,3867.6000,3867.8000,3868.0000,3868.2000,1,1,5,1,6,2,2,2,2,1
SF,IF2007,2020-05-20 09:31:15.600,3867.0000,3107,-1,54539460.000,1,0,1,双平,S,3865.4000,3864.8000,3864.4000,3864.0000,3863.0000,3866.6000,3867.0000,3867.6000,3867.8000,3868.0000,1,5,1,6,1,1,4,1,2,2
SF,IF2007,2020-05-20 09:31:16.100,3867.0000,3107,0,54539460.000,0,-,-,-,-,3865.4000,3864.8000,3864.4000,3864.0000,3863.0000,3866.4000,3867.0000,3867.6000,3867.8000,3868.0000,1,5,1,6,1,2,3,1,2,2
SF,IF2007,2020-05-20 09:31:16.600,3865.4000,3106,-1,55699080.000,1,0,1,双平,S,3864.8000,3864.4000,3864.0000,3863.0000,3860.0000,3866.6000,3867.0000,3867.6000,3867.8000,3868.0000,5,1,6,1,5,1,2,1,2,2
SF,IF2007,2020-05-20 09:31:17.100,3865.4000,3106,0,55699080.000,0,-,-,-,-,3865.0000,3864.8000,3864.4000,3864.0000,3863.0000,3866.6000,3867.0000,3867.6000,3867.8000,3868.0000,1,5,1,6,1,1,1,1,2,2
SF,IF2007,2020-05-20 09:31:17.600,3865.4000,3106,0,55699080.000,0,-,-,-,-,3865.0000,3864.8000,3864.4000,3864.0000,3863.0000,3866.4000,3867.0000,3867.6000,3867.8000,3868.0000,1,5,1,6,1,3,1,1,2,2
SF,IF2007,2020-05-20 09:31:18.100,3865.4000,3106,0,55699080.000,0,-,-,-,-,3865.0000,3864.8000,3864.4000,3864.0000,3863.0000,3866.2000,3866.4000,3867.0000,3867.6000,3867.8000,1,5,1,6,1,1,3,1,1,2
SF,IF2007,2020-05-20 09:31:18.600,3865.4000,3106,0,55699080.000,0,-,-,-,-,3865.0000,3864.8000,3864.4000,3864.0000,3860.0000,3866.2000,3866.4000,3867.0000,3867.6000,3867.8000,1,5,1,6,5,1,3,1,1,2
SF,IF2007,2020-05-20 09:31:19.100,3865.4000,3106,0,55699080.000,0,-,-,-,-,3865.0000,3864.8000,3864.4000,3864.0000,3860.0000,3866.4000,3867.0000,3867.6000,3867.8000,3868.0000,1,5,1,6,5,3,1,1,2,2
SF,IF2007,2020-05-20 09:31:19.600,3865.4000,3106,0,55699080.000,0,-,-,-,-,3865.0000,3864.8000,3864.4000,3864.0000,3860.0000,3865.8000,3867.0000,3867.6000,3867.8000,3868.0000,1,5,1,6,5,1,1,1,2,2
SF,IF2007,2020-05-20 09:31:20.100,3865.8000,3107,1,56858820.000,1,1,0,双开,S,3865.2000,3865.0000,3864.8000,3864.4000,3864.0000,3867.0000,3867.6000,3867.8000,3868.0000,3868.2000,1,1,5,1,6,1,1,2,2,1
SF,IF2007,2020-05-20 09:31:20.600,3865.8000,3107,0,56858820.000,0,-,-,-,-,3865.2000,3865.0000,3864.8000,3864.4000,3864.0000,3866.8000,3867.0000,3867.6000,3867.8000,3868.0000,1,1,5,1,6,2,1,1,2,2
SF,IF2007,2020-05-20 09:31:21.600,3865.8000,3107,0,56858820.000,0,-,-,-,-,3865.2000,3865.0000,3864.8000,3864.4000,3864.0000,3867.0000,3867.6000,3867.8000,3868.0000,3868.2000,1,6,5,1,6,1,1,2,2,1
SF,IF2007,2020-05-20 09:31:22.100,3865.8000,3107,0,56858820.000,0,-,-,-,-,3865.2000,3865.0000,3864.8000,3864.4000,3864.0000,3866.2000,3866.8000,3867.0000,3867.6000,3867.8000,1,6,5,1,6,1,5,1,1,2
SF,IF2007,2020-05-20 09:31:22.600,3865.8000,3107,0,56858820.000,0,-,-,-,-,3865.2000,3865.0000,3864.8000,3864.4000,3864.0000,3866.8000,3867.0000,3867.6000,3867.8000,3868.0000,1,5,5,1,6,5,1,1,2,2
SF,IF2007,2020-05-20 09:31:23.100,3865.8000,3107,0,56858820.000,0,-,-,-,-,3865.0000,3864.8000,3864.4000,3864.0000,3860.0000,3866.2000,3866.4000,3866.6000,3866.8000,3867.0000,5,5,1,6,5,1,2,2,2,1
SF,IF2007,2020-05-20 09:31:24.600,3865.8000,3107,0,56858820.000,0,-,-,-,-,3865.0000,3864.8000,3864.4000,3864.0000,3860.0000,3866.0000,3866.2000,3866.4000,3866.6000,3866.8000,5,5,1,6,5,1,1,2,2,2
SF,IF2007,2020-05-20 09:31:25.100,3865.8000,3107,0,56858820.000,0,-,-,-,-,3865.0000,3864.8000,3864.4000,3864.0000,3860.0000,3866.2000,3866.4000,3866.6000,3866.8000,3867.0000,5,5,1,6,5,1,2,2,2,1
SF,IF2007,2020-05-20 09:31:26.600,3865.8000,3107,0,56858820.000,0,-,-,-,-,3865.0000,3864.8000,3864.4000,3864.0000,3860.0000,3866.0000,3866.2000,3866.4000,3866.6000,3866.8000,5,5,1,6,5,1,1,2,2,2
SF,IF2007,2020-05-20 09:31:27.100,3865.8000,3107,0,56858820.000,0,-,-,-,-,3865.0000,3864.8000,3864.4000,3864.0000,3860.0000,3866.4000,3866.6000,3866.8000,3867.0000,3867.6000,5,5,1,6,5,2,1,2,1,1
SF,IF2007,2020-05-20 09:31:28.100,3865.8000,3107,0,56858820.000,0,-,-,-,-,3865.0000,3864.8000,3864.4000,3864.0000,3860.0000,3866.2000,3866.4000,3866.6000,3866.8000,3867.0000,15,5,1,6,5,1,2,1,2,1
SF,IF2007,2020-05-20 09:31:28.600,3865.8000,3107,0,56858820.000,0,-,-,-,-,3865.0000,3864.8000,3864.4000,3864.0000,3860.0000,3866.4000,3866.6000,3866.8000,3867.0000,3867.6000,15,5,1,6,5,2,1,2,1,1
SF,IF2007,2020-05-20 09:31:29.600,3865.8000,3107,0,56858820.000,0,-,-,-,-,3865.0000,3864.8000,3864.4000,3864.0000,3860.0000,3866.2000,3866.4000,3866.6000,3866.8000,3867.0000,15,5,1,6,5,2,2,1,2,1
SF,IF2007,2020-05-20 09:31:31.100,3865.0000,3107,0,59177820.000,2,1,1,多换,S,3865.0000,3864.8000,3864.4000,3864.0000,3860.0000,3866.2000,3866.4000,3866.6000,3866.8000,3867.0000,13,5,1,6,5,2,2,1,2,1
SF,IF2007,2020-05-20 09:31:31.600,3865.0000,3111,4,66134820.000,6,5,1,空开,S,3865.0000,3864.8000,3864.4000,3864.0000,3860.0000,3865.2000,3865.8000,3866.0000,3866.2000,3866.8000,7,5,1,6,5,1,2,2,2,1
SF,IF2007,2020-05-20 09:31:32.100,3865.0000,3113,2,71932320.000,5,3,2,空开,S,3865.0000,3864.8000,3864.4000,3864.0000,3859.0000,3865.2000,3865.8000,3866.0000,3866.2000,3866.8000,2,5,1,6,1,1,2,2,2,1
SF,IF2007,2020-05-20 09:31:32.600,3865.0000,3113,0,71932320.000,0,-,-,-,-,3865.0000,3864.8000,3864.4000,3864.0000,3859.0000,3865.8000,3866.0000,3866.2000,3866.8000,3867.0000,2,5,1,6,1,2,2,2,1,1
SF,IF2007,2020-05-20 09:31:33.100,3865.0000,3113,0,73091820.000,1,0,1,多换,S,3865.0000,3864.8000,3864.0000,3859.0000,3858.4000,3865.6000,3865.8000,3866.0000,3866.2000,3866.8000,1,5,6,1,3,3,2,2,2,1
SF,IF2007,2020-05-20 09:31:33.600,3864.8000,3115,2,76570200.000,3,2,1,空开,S,3864.8000,3864.0000,3859.0000,3858.4000,3857.2000,3865.0000,3865.6000,3865.8000,3866.0000,3866.2000,3,6,1,3,9,3,3,2,2,2
SF,IF2007,2020-05-20 09:31:34.100,3864.8000,3117,2,80048520.000,3,2,1,空开,S,3864.0000,3859.0000,3858.4000,3857.2000,3857.0000,3864.8000,3865.0000,3865.6000,3866.0000,3866.2000,6,1,3,9,4,3,2,3,2,2
SF,IF2007,2020-05-20 09:31:34.600,3864.8000,3117,0,80048520.000,0,-,-,-,-,3864.0000,3859.0000,3858.4000,3857.2000,3857.0000,3864.6000,3865.6000,3866.0000,3866.2000,3866.8000,5,1,3,9,4,1,3,2,2,1
SF,IF2007,2020-05-20 09:31:35.100,3864.8000,3117,0,80048520.000,0,-,-,-,-,3864.0000,3859.0000,3858.4000,3857.2000,3857.0000,3864.6000,3865.6000,3866.0000,3866.2000,3866.8000,5,1,3,9,4,1,3,1,2,1
SF,IF2007,2020-05-20 09:31:35.600,3864.8000,3117,0,80048520.000,0,-,-,-,-,3864.0000,3859.0000,3858.4000,3857.2000,3857.0000,3865.6000,3866.0000,3866.2000,3866.8000,3867.0000,5,1,3,9,4,3,1,2,1,1
SF,IF2007,2020-05-20 09:31:36.100,3864.0000,3117,0,85844520.000,5,2,3,多换,S,3859.0000,3858.4000,3857.2000,3857.0000,3856.6000,3864.0000,3864.2000,3865.6000,3866.0000,3866.2000,1,3,9,4,8,4,1,3,1,2
SF,IF2007,2020-05-20 09:31:36.600,3864.0000,3117,0,85844520.000,0,-,-,-,-,3862.8000,3862.4000,3861.8000,3860.0000,3859.2000,3864.0000,3864.2000,3865.6000,3866.2000,3866.8000,1,1,1,1,8,4,1,2,2,1
SF,IF2007,2020-05-20 09:31:37.100,3864.0000,3117,0,85844520.000,0,-,-,-,-,3862.4000,3860.0000,3859.2000,3859.0000,3858.4000,3864.0000,3865.6000,3866.2000,3866.8000,3867.0000,1,1,6,1,3,4,2,2,1,1
SF,IF2007,2020-05-20 09:31:37.600,3862.6000,3116,-1,87003300.000,1,0,1,双平,S,3862.6000,3862.4000,3860.0000,3859.2000,3859.0000,3863.8000,3864.0000,3865.6000,3866.2000,3866.8000,1,1,1,6,1,1,4,2,2,1
SF,IF2007,2020-05-20 09:31:38.100,3862.6000,3116,0,87003300.000,0,-,-,-,-,3862.8000,3862.6000,3862.4000,3860.0000,3859.2000,3863.8000,3864.0000,3865.6000,3866.2000,3866.8000,1,1,1,1,6,1,4,2,2,1
SF,IF2007,2020-05-20 09:31:38.600,3862.6000,3116,0,87003300.000,0,-,-,-,-,3862.8000,3862.6000,3862.4000,3860.0000,3859.2000,3863.4000,3864.0000,3865.6000,3866.2000,3866.8000,1,1,1,1,6,1,4,2,2,1
SF,IF2007,2020-05-20 09:31:39.100,3863.4000,3117,1,88162320.000,1,1,0,双开,S,3863.4000,3862.8000,3862.6000,3862.4000,3860.0000,3864.0000,3865.6000,3866.2000,3866.8000,3867.0000,1,1,1,1,1,4,2,2,1,1
SF,IF2007,2020-05-20 09:31:40.100,3863.4000,3117,0,88162320.000,0,-,-,-,-,3863.4000,3862.8000,3862.6000,3860.0000,3859.2000,3864.0000,3865.6000,3866.2000,3866.8000,3867.0000,1,1,1,1,6,4,2,2,1,1
SF,IF2007,2020-05-20 09:31:40.600,3863.4000,3117,0,89321340.000,1,0,1,多换,S,3862.8000,3860.0000,3859.2000,3859.0000,3858.4000,3863.8000,3864.0000,3865.6000,3866.2000,3866.8000,1,1,6,1,3,4,4,2,2,1
SF,IF2007,2020-05-20 09:31:41.100,3863.8000,3117,0,90480480.000,1,0,1,多换,S,3860.0000,3859.2000,3859.0000,3857.2000,3857.0000,3862.8000,3863.8000,3864.0000,3865.6000,3866.2000,1,6,1,9,7,2,2,4,2,2
SF,IF2007,2020-05-20 09:31:41.600,3863.8000,3117,0,90480480.000,0,-,-,-,-,3860.2000,3860.0000,3859.2000,3859.0000,3857.2000,3862.8000,3864.0000,3865.6000,3866.2000,3866.8000,4,1,3,1,9,2,4,2,2,1
SF,IF2007,2020-05-20 09:31:42.100,3863.8000,3117,0,90480480.000,0,-,-,-,-,3861.4000,3860.4000,3860.2000,3859.2000,3859.0000,3862.8000,3864.0000,3865.6000,3866.2000,3866.8000,1,1,4,3,1,2,4,2,2,1
SF,IF2007,2020-05-20 09:31:42.600,3863.8000,3117,0,90480480.000,0,-,-,-,-,3860.4000,3860.2000,3859.2000,3859.0000,3857.2000,3862.8000,3864.0000,3865.6000,3866.2000,3866.8000,1,4,3,1,9,2,4,2,2,1
SF,IF2007,2020-05-20 09:31:43.100,3863.8000,3117,0,90480480.000,0,-,-,-,-,3860.6000,3860.4000,3860.2000,3859.2000,3859.0000,3862.8000,3864.0000,3865.6000,3866.2000,3866.8000,5,1,2,3,1,2,4,2,2,1
SF,IF2007,2020-05-20 09:31:43.600,3863.8000,3117,0,90480480.000,0,-,-,-,-,3860.6000,3860.4000,3860.2000,3859.2000,3859.0000,3862.8000,3864.0000,3865.6000,3866.2000,3866.8000,5,1,2,3,1,2,4,2,2,1
SF,IF2007,2020-05-20 09:31:44.100,3861.8000,3116,-1,91639020.000,1,0,1,双平,S,3861.0000,3860.8000,3860.6000,3860.4000,3860.2000,3862.6000,3862.8000,3864.0000,3865.6000,3866.2000,1,1,5,1,2,1,2,4,2,2
SF,IF2007,2020-05-20 09:31:44.600,3861.8000,3116,0,91639020.000,0,-,-,-,-,3861.0000,3860.8000,3860.6000,3859.2000,3859.0000,3862.6000,3862.8000,3864.0000,3865.6000,3866.2000,1,1,3,3,1,1,2,4,2,2
SF,IF2007,2020-05-20 09:31:45.100,3861.8000,3116,0,91639020.000,0,-,-,-,-,3861.0000,3860.8000,3860.6000,3859.2000,3857.0000,3862.2000,3862.4000,3862.6000,3862.8000,3863.8000,1,1,3,3,7,1,1,1,2,1
SF,IF2007,2020-05-20 09:31:45.600,3861.8000,3116,0,91639020.000,0,-,-,-,-,3861.0000,3860.6000,3859.2000,3857.0000,3856.6000,3862.2000,3862.4000,3862.6000,3862.8000,3863.8000,1,3,2,7,8,1,1,1,2,1
SF,IF2007,2020-05-20 09:31:46.100,3861.8000,3116,0,91639020.000,0,-,-,-,-,3860.6000,3859.2000,3857.0000,3856.6000,3855.0000,3862.2000,3862.4000,3862.6000,3862.8000,3863.8000,3,2,7,8,5,1,1,1,2,1
SF,IF2007,2020-05-20 09:31:46.600,3861.8000,3116,0,91639020.000,0,-,-,-,-,3860.6000,3859.2000,3857.0000,3856.6000,3855.0000,3862.2000,3862.4000,3862.6000,3862.8000,3863.8000,1,2,4,8,5,1,1,1,2,1
SF,IF2007,2020-05-20 09:31:47.100,3861.8000,3116,0,91639020.000,0,-,-,-,-,3859.2000,3857.0000,3856.6000,3855.0000,3853.2000,3862.0000,3862.2000,3862.4000,3862.8000,3863.8000,2,4,8,5,9,2,1,1,2,1
SF,IF2007,2020-05-20 09:31:47.600,3861.8000,3116,0,91639020.000,0,-,-,-,-,3859.4000,3859.2000,3857.0000,3856.6000,3855.0000,3862.0000,3862.2000,3862.8000,3863.8000,3864.0000,3,3,4,8,5,2,1,2,1,4
SF,IF2007,2020-05-20 09:31:48.100,3861.8000,3116,0,91639020.000,0,-,-,-,-,3859.4000,3859.2000,3857.0000,3856.6000,3855.0000,3861.8000,3862.0000,3862.2000,3862.8000,3863.8000,2,1,4,8,5,1,2,1,2,1
SF,IF2007,2020-05-20 09:31:48.600,3861.8000,3116,0,91639020.000,0,-,-,-,-,3859.4000,3859.2000,3857.0000,3856.6000,3855.0000,3860.4000,3861.6000,3861.8000,3862.0000,3862.2000,1,1,4,8,5,1,1,1,1,1
SF,IF2007,2020-05-20 09:31:49.100,3861.8000,3116,0,91639020.000,0,-,-,-,-,3859.4000,3859.2000,3857.0000,3856.6000,3855.0000,3860.4000,3861.6000,3862.2000,3862.8000,3863.8000,1,1,4,8,5,1,1,1,2,1
SF,IF2007,2020-05-20 09:31:49.600,3861.8000,3116,0,91639020.000,0,-,-,-,-,3859.4000,3859.2000,3856.6000,3855.0000,3853.2000,3860.4000,3861.6000,3862.2000,3862.8000,3863.8000,1,1,8,5,9,1,1,1,2,1
SF,IF2007,2020-05-20 09:31:50.100,3861.8000,3116,0,91639020.000,0,-,-,-,-,3859.4000,3856.6000,3855.0000,3853.2000,3851.8000,3860.4000,3861.6000,3862.2000,3863.8000,3864.0000,1,8,5,9,3,1,1,1,1,4
SF,IF2007,2020-05-20 09:31:51.100,3861.8000,3116,0,91639020.000,0,-,-,-,-,3859.4000,3856.6000,3855.0000,3853.2000,3851.8000,3860.4000,3861.6000,3862.2000,3863.8000,3864.0000,1,8,5,9,3,1,1,1,1,4
SF,IF2007,2020-05-20 09:31:51.600,3861.8000,3116,0,91639020.000,0,-,-,-,-,3859.4000,3859.2000,3856.6000,3855.0000,3853.2000,3860.4000,3861.6000,3862.2000,3863.8000,3864.0000,1,1,8,5,9,1,1,1,1,4
SF,IF2007,2020-05-20 09:31:52.600,3861.0000,3116,0,92797320.000,1,0,1,多换,S,3861.0000,3859.4000,3859.2000,3856.6000,3855.0000,3861.6000,3862.2000,3863.8000,3864.0000,3865.0000,4,1,1,8,5,1,1,1,4,1
SF,IF2007,2020-05-20 09:31:53.100,3861.0000,3116,0,97430520.000,4,2,2,多换,S,3859.4000,3859.2000,3856.6000,3855.0000,3853.2000,3861.4000,3861.6000,3862.2000,3863.8000,3864.0000,1,1,8,5,9,3,1,1,1,4
SF,IF2007,2020-05-20 09:31:53.600,3861.0000,3116,0,97430520.000,0,-,-,-,-,3859.4000,3859.2000,3856.6000,3855.0000,3853.2000,3861.2000,3861.4000,3862.2000,3863.8000,3864.0000,1,1,8,5,9,1,2,1,1,4
SF,IF2007,2020-05-20 09:31:54.100,3861.0000,3116,0,97430520.000,0,-,-,-,-,3859.6000,3859.4000,3859.2000,3856.6000,3855.0000,3861.2000,3862.2000,3863.8000,3864.0000,3865.0000,1,2,1,8,5,1,1,1,4,1
SF,IF2007,2020-05-20 09:31:55.100,3861.0000,3116,0,97430520.000,0,-,-,-,-,3859.6000,3859.4000,3856.6000,3855.0000,3853.2000,3861.2000,3862.2000,3863.8000,3864.0000,3865.0000,1,2,8,5,9,1,1,1,4,1
SF,IF2007,2020-05-20 09:31:55.600,3859.8000,3115,-1,98588460.000,1,0,1,双平,S,3859.4000,3856.6000,3855.0000,3853.2000,3851.8000,3859.6000,3861.2000,3862.2000,3863.8000,3864.0000,2,8,5,9,3,1,1,1,1,4
SF,IF2007,2020-05-20 09:31:56.100,3859.6000,3115,0,99746340.000,1,0,1,多换,S,3859.4000,3856.6000,3855.0000,3853.2000,3851.8000,3861.2000,3862.2000,3863.8000,3864.0000,3865.0000,2,8,5,9,3,1,1,1,4,1
SF,IF2007,2020-05-20 09:31:56.600,3859.6000,3115,0,99746340.000,0,-,-,-,-,3859.4000,3853.4000,3853.2000,3851.8000,3850.8000,3860.0000,3861.0000,3861.2000,3862.2000,3863.8000,1,8,9,3,4,1,2,1,1,1
SF,IF2007,2020-05-20 09:31:57.100,3859.6000,3115,0,99746340.000,0,-,-,-,-,3859.4000,3853.4000,3853.2000,3851.8000,3850.8000,3861.0000,3861.2000,3862.2000,3863.8000,3864.0000,1,8,9,3,4,2,1,1,1,4
SF,IF2007,2020-05-20 09:31:57.600,3859.6000,3115,0,99746340.000,0,-,-,-,-,3859.4000,3855.0000,3853.4000,3853.2000,3851.8000,3860.4000,3860.6000,3860.8000,3861.0000,3862.2000,1,2,8,9,3,1,2,2,2,1
SF,IF2007,2020-05-20 09:31:58.100,3859.4000,3116,1,100904160.000,1,1,0,双开,S,3855.0000,3853.4000,3853.2000,3851.8000,3850.8000,3860.2000,3860.8000,3861.0000,3862.2000,3863.8000,2,8,9,3,4,4,1,2,1,1
SF,IF2007,2020-05-20 09:31:58.600,3859.4000,3116,0,100904160.000,0,-,-,-,-,3860.0000,3856.2000,3856.0000,3855.4000,3855.2000,3860.2000,3860.8000,3861.0000,3862.2000,3863.8000,1,1,1,1,5,3,1,1,1,1
SF,IF2007,2020-05-20 09:31:59.100,3860.0000,3116,0,102062160.000,1,0,1,多换,S,3856.2000,3856.0000,3855.4000,3855.2000,3855.0000,3859.8000,3860.0000,3860.2000,3860.8000,3861.0000,1,1,1,5,2,1,4,1,1,1
SF,IF2007,2020-05-20 09:31:59.600,3860.0000,3116,0,102062160.000,0,-,-,-,-,3856.4000,3856.2000,3856.0000,3855.4000,3855.2000,3859.6000,3860.0000,3860.2000,3860.8000,3861.0000,4,1,1,1,2,1,3,1,1,1
SF,IF2007,2020-05-20 09:32:00.100,3859.6000,3116,0,103220040.000,1,0,1,多换,S,3856.6000,3856.4000,3856.2000,3856.0000,3855.4000,3859.4000,3859.6000,3860.0000,3860.2000,3860.8000,1,4,1,1,1,1,2,1,1,1
SF,IF2007,2020-05-20 09:32:00.600,3859.6000,3116,0,103220040.000,0,-,-,-,-,3856.8000,3856.6000,3856.0000,3855.2000,3853.4000,3858.8000,3859.2000,3859.4000,3859.6000,3859.8000,3,1,1,2,8,1,1,1,1,1
SF,IF2007,2020-05-20 09:32:01.100,3859.6000,3116,0,103220040.000,0,-,-,-,-,3856.0000,3855.2000,3853.4000,3853.2000,3851.8000,3858.4000,3858.6000,3859.2000,3859.4000,3859.8000,1,2,8,9,3,1,2,1,1,1
SF,IF2007,2020-05-20 09:32:01.600,3859.6000,3116,0,103220040.000,0,-,-,-,-,3856.2000,3856.0000,3855.2000,3853.4000,3851.8000,3857.8000,3858.2000,3858.6000,3859.0000,3859.2000,1,1,2,8,3,1,1,2,1,2
SF,IF2007,2020-05-20 09:32:02.100,3856.2000,3115,-1,104376900.000,1,0,1,双平,S,3853.4000,3851.8000,3851.6000,3850.8000,3850.0000,3857.4000,3857.6000,3858.2000,3858.6000,3859.0000,8,3,5,4,1,1,1,1,2,1
SF,IF2007,2020-05-20 09:32:02.600,3856.2000,3115,0,104376900.000,0,-,-,-,-,3853.6000,3853.4000,3851.8000,3851.6000,3850.8000,3857.2000,3857.6000,3858.2000,3858.6000,3858.8000,3,8,3,5,4,3,1,1,2,1
SF,IF2007,2020-05-20 09:32:03.100,3856.2000,3115,0,104376900.000,0,-,-,-,-,3853.8000,3853.6000,3851.8000,3851.6000,3850.8000,3857.2000,3857.6000,3858.2000,3858.6000,3858.8000,2,3,3,5,12,3,1,1,2,2
SF,IF2007,2020-05-20 09:32:03.600,3856.2000,3115,0,104376900.000,0,-,-,-,-,3855.4000,3854.0000,3851.6000,3850.8000,3850.0000,3857.0000,3857.2000,3857.6000,3858.6000,3858.8000,1,3,5,12,1,1,3,1,2,2
SF,IF2007,2020-05-20 09:32:04.100,3856.2000,3115,0,104376900.000,0,-,-,-,-,3854.0000,3851.6000,3850.8000,3850.0000,3848.0000,3856.6000,3856.8000,3857.0000,3857.2000,3857.6000,3,5,12,1,3,1,2,1,2,1
SF,IF2007,2020-05-20 09:32:04.600,3856.2000,3115,0,104376900.000,0,-,-,-,-,3854.0000,3851.6000,3850.8000,3850.0000,3848.0000,3856.4000,3856.6000,3856.8000,3857.0000,3857.2000,1,5,12,1,3,1,1,1,1,2
SF,IF2007,2020-05-20 09:32:05.100,3856.2000,3115,0,104376900.000,0,-,-,-,-,3851.6000,3850.8000,3850.0000,3848.0000,3845.0000,3856.4000,3856.8000,3857.0000,3857.2000,3857.6000,5,12,1,3,5,1,1,1,2,1
SF,IF2007,2020-05-20 09:32:05.600,3856.2000,3115,0,104376900.000,0,-,-,-,-,3852.8000,3851.8000,3851.6000,3850.8000,3850.0000,3855.4000,3856.2000,3856.4000,3856.8000,3857.0000,1,5,5,12,1,1,4,1,1,1
SF,IF2007,2020-05-20 09:32:06.100,3856.2000,3115,0,104376900.000,0,-,-,-,-,3853.0000,3852.8000,3851.8000,3851.6000,3850.8000,3855.4000,3856.2000,3856.4000,3856.8000,3857.0000,3,1,2,5,12,1,2,1,1,1
SF,IF2007,2020-05-20 09:32:06.600,3856.2000,3115,0,104376900.000,0,-,-,-,-,3853.2000,3853.0000,3852.8000,3851.8000,3850.8000,3855.2000,3855.4000,3856.2000,3856.8000,3857.0000,1,3,1,2,8,3,1,2,1,1
SF,IF2007,2020-05-20 09:32:07.100,3856.2000,3115,0,104376900.000,0,-,-,-,-,3853.0000,3852.8000,3851.8000,3850.8000,3850.0000,3854.8000,3855.2000,3855.4000,3856.2000,3857.0000,2,1,2,8,1,1,3,1,2,1
SF,IF2007,2020-05-20 09:32:07.600,3854.8000,3115,0,105533340.000,1,0,1,多换,S,3853.4000,3852.8000,3851.8000,3850.8000,3850.0000,3855.2000,3855.4000,3856.2000,3857.0000,3857.2000,1,1,2,8,1,2,1,2,1,2
SF,IF2007,2020-05-20 09:32:08.100,3854.8000,3115,0,105533340.000,0,-,-,-,-,3853.4000,3852.8000,3851.8000,3850.8000,3850.0000,3855.2000,3855.4000,3857.0000,3857.2000,3858.6000,1,1,2,8,1,2,1,1,3,2
SF,IF2007,2020-05-20 09:32:08.600,3855.2000,3115,0,107846460.000,2,1,1,多换,S,3853.6000,3853.4000,3852.8000,3851.8000,3850.8000,3855.4000,3857.0000,3857.2000,3858.6000,3859.0000,1,1,1,2,8,1,1,1,2,1
SF,IF2007,2020-05-20 09:32:09.100,3855.4000,3116,1,109003080.000,1,1,0,双开,S,3853.8000,3853.6000,3853.4000,3852.8000,3851.8000,3857.0000,3858.6000,3859.0000,3859.2000,3860.0000,2,1,1,1,2,1,2,1,1,1
SF,IF2007,2020-05-20 09:32:09.600,3855.4000,3116,0,109003080.000,0,-,-,-,-,3854.0000,3853.8000,3853.4000,3852.8000,3851.8000,3856.8000,3857.0000,3858.6000,3859.0000,3859.2000,1,2,1,1,2,3,1,2,1,1
SF,IF2007,2020-05-20 09:32:10.100,3855.4000,3116,0,109003080.000,0,-,-,-,-,3855.4000,3854.2000,3854.0000,3853.4000,3852.8000,3856.6000,3856.8000,3857.0000,3858.6000,3859.0000,1,2,1,1,1,1,3,1,2,1
SF,IF2007,2020-05-20 09:32:10.600,3855.4000,3116,0,109003080.000,0,-,-,-,-,3855.4000,3854.2000,3853.4000,3852.8000,3851.8000,3856.4000,3856.6000,3857.0000,3858.6000,3859.0000,1,2,1,1,2,3,1,1,2,1
SF,IF2007,2020-05-20 09:32:11.100,3855.4000,3116,0,109003080.000,0,-,-,-,-,3854.2000,3853.4000,3852.8000,3851.8000,3850.8000,3856.4000,3857.0000,3858.6000,3859.0000,3859.2000,2,1,1,2,8,3,1,2,1,1
SF,IF2007,2020-05-20 09:32:11.600,3855.4000,3116,0,109003080.000,0,-,-,-,-,3853.4000,3852.8000,3851.8000,3850.8000,3850.0000,3856.2000,3856.4000,3857.0000,3858.6000,3859.0000,1,1,2,8,1,1,3,1,2,1
SF,IF2007,2020-05-20 09:32:12.100,3855.4000,3116,0,109003080.000,0,-,-,-,-,3854.0000,3853.6000,3853.4000,3852.8000,3851.8000,3856.0000,3857.0000,3858.6000,3859.0000,3859.2000,1,3,1,1,2,2,1,2,1,1
SF,IF2007,2020-05-20 09:32:12.600,3855.4000,3116,0,109003080.000,0,-,-,-,-,3853.6000,3853.4000,3852.8000,3851.8000,3850.8000,3855.6000,3856.0000,3857.0000,3858.0000,3858.6000,2,1,1,2,8,1,3,1,1,2
SF,IF2007,2020-05-20 09:32:13.100,3855.4000,3116,0,109003080.000,0,-,-,-,-,3852.8000,3851.8000,3850.8000,3850.0000,3848.0000,3855.2000,3855.4000,3857.0000,3858.0000,3858.6000,1,2,8,1,3,1,1,1,1,2
SF,IF2007,2020-05-20 09:32:13.600,3855.4000,3116,0,109003080.000,0,-,-,-,-,3853.0000,3852.8000,3851.8000,3850.8000,3850.0000,3855.2000,3855.6000,3857.0000,3858.0000,3858.6000,1,1,2,8,1,1,1,1,1,2
SF,IF2007,2020-05-20 09:32:14.100,3855.4000,3116,0,109003080.000,0,-,-,-,-,3854.6000,3853.0000,3852.8000,3851.8000,3850.8000,3855.2000,3855.6000,3857.0000,3858.0000,3858.6000,5,1,1,2,8,1,1,1,1,2
SF,IF2007,2020-05-20 09:32:14.600,3855.2000,3116,0,110159640.000,1,0,1,多换,S,3854.6000,3853.0000,3852.8000,3851.8000,3850.8000,3855.2000,3857.0000,3858.0000,3858.6000,3859.0000,5,1,1,2,8,1,1,1,2,1
SF,IF2007,2020-05-20 09:32:15.100,3855.2000,3117,1,111316200.000,1,1,0,双开,S,3855.2000,3854.6000,3853.0000,3852.8000,3851.8000,3857.0000,3858.0000,3858.6000,3859.0000,3859.2000,2,5,1,1,2,1,1,2,1,1
SF,IF2007,2020-05-20 09:32:15.600,3855.2000,3117,0,111316200.000,0,-,-,-,-,3855.2000,3854.6000,3853.0000,3852.8000,3851.8000,3856.8000,3857.0000,3858.6000,3859.0000,3859.2000,2,5,1,1,2,3,1,2,1,1
SF,IF2007,2020-05-20 09:32:16.100,3856.8000,3116,-1,114787320.000,3,1,2,多平,S,3855.6000,3855.4000,3855.2000,3854.6000,3852.8000,3858.6000,3859.0000,3859.2000,3860.8000,3862.2000,2,2,2,5,1,1,1,1,1,1
SF,IF2007,2020-05-20 09:32:16.600,3856.8000,3116,0,114787320.000,0,-,-,-,-,3855.8000,3855.6000,3855.4000,3855.2000,3854.6000,3858.4000,3859.2000,3860.8000,3862.2000,3863.8000,3,2,1,2,5,2,1,1,1,1
SF,IF2007,2020-05-20 09:32:17.100,3856.8000,3116,0,114787320.000,0,-,-,-,-,3855.8000,3855.6000,3855.4000,3855.2000,3854.6000,3858.4000,3859.2000,3860.8000,3862.2000,3863.8000,1,2,1,2,5,3,1,1,1,1
SF,IF2007,2020-05-20 09:32:17.600,3856.8000,3116,0,114787320.000,0,-,-,-,-,3856.0000,3855.8000,3855.6000,3855.4000,3855.2000,3858.2000,3858.4000,3859.2000,3860.8000,3862.2000,1,1,2,1,2,1,2,1,1,1
SF,IF2007,2020-05-20 09:32:18.100,3856.8000,3116,0,114787320.000,0,-,-,-,-,3855.6000,3855.4000,3855.2000,3854.6000,3851.8000,3858.0000,3858.2000,3858.4000,3859.2000,3860.8000,2,1,2,5,2,1,1,1,1,1
SF,IF2007,2020-05-20 09:32:18.600,3856.8000,3116,0,114787320.000,0,-,-,-,-,3855.8000,3855.4000,3855.2000,3854.6000,3851.8000,3857.8000,3858.0000,3858.4000,3859.2000,3860.8000,1,1,2,5,2,1,1,1,1,1
SF,IF2007,2020-05-20 09:32:19.100,3856.8000,3116,0,114787320.000,0,-,-,-,-,3855.8000,3855.4000,3855.2000,3854.6000,3851.8000,3857.8000,3858.0000,3858.4000,3859.2000,3860.8000,1,1,2,5,2,1,1,1,1,1
SF,IF2007,2020-05-20 09:32:19.600,3856.8000,3116,0,114787320.000,0,-,-,-,-,3855.8000,3855.4000,3855.2000,3854.6000,3851.8000,3857.8000,3858.0000,3858.4000,3859.2000,3860.8000,1,1,2,5,2,1,1,1,1,1
SF,IF2007,2020-05-20 09:32:20.100,3856.8000,3116,0,114787320.000,0,-,-,-,-,3856.2000,3856.0000,3855.8000,3855.4000,3854.6000,3857.8000,3859.2000,3860.8000,3862.2000,3863.8000,2,3,1,1,5,1,1,1,1,1
SF,IF2007,2020-05-20 09:32:20.600,3856.8000,3116,0,114787320.000,0,-,-,-,-,3856.6000,3856.4000,3856.0000,3855.4000,3854.6000,3859.2000,3860.8000,3862.2000,3863.8000,3864.0000,2,1,3,1,5,1,1,1,1,4
SF,IF2007,2020-05-20 09:32:21.100,3856.8000,3116,0,114787320.000,0,-,-,-,-,3856.8000,3856.0000,3855.4000,3854.6000,3851.8000,3858.4000,3858.6000,3859.0000,3859.2000,3860.8000,1,3,1,5,2,1,2,2,1,1
SF,IF2007,2020-05-20 09:32:21.600,3856.8000,3116,0,114787320.000,0,-,-,-,-,3857.2000,3856.8000,3856.0000,3855.4000,3854.6000,3858.4000,3858.6000,3859.0000,3859.2000,3860.8000,1,1,3,1,5,1,2,1,1,1
SF,IF2007,2020-05-20 09:32:22.100,3856.8000,3116,0,114787320.000,0,-,-,-,-,3856.8000,3856.0000,3855.4000,3854.6000,3851.8000,3858.4000,3858.6000,3859.0000,3859.2000,3860.8000,1,3,1,5,2,1,1,1,1,1
SF,IF2007,2020-05-20 09:32:22.600,3856.8000,3116,0,114787320.000,0,-,-,-,-,3857.2000,3856.8000,3856.0000,3855.4000,3855.0000,3858.4000,3858.6000,3859.0000,3860.8000,3862.2000,1,1,3,1,5,1,1,1,1,1
SF,IF2007,2020-05-20 09:32:23.100,3856.8000,3116,0,114787320.000,0,-,-,-,-,3858.4000,3856.8000,3856.0000,3855.4000,3855.0000,3859.0000,3860.8000,3862.2000,3863.8000,3864.0000,2,1,3,1,5,1,1,1,1,4
SF,IF2007,2020-05-20 09:32:23.600,3858.4000,3115,-1,117102360.000,2,0,2,多平,S,3856.8000,3856.0000,3855.4000,3855.0000,3854.6000,3858.4000,3859.0000,3860.8000,3862.2000,3863.8000,1,3,1,5,5,3,1,1,1,1
SF,IF2007,2020-05-20 09:32:24.100,3858.4000,3115,0,117102360.000,0,-,-,-,-,3857.2000,3856.8000,3856.0000,3855.4000,3855.0000,3858.4000,3859.0000,3860.8000,3862.2000,3863.8000,1,1,3,1,5,3,1,1,1,1
SF,IF2007,2020-05-20 09:32:24.600,3858.4000,3115,0,117102360.000,0,-,-,-,-,3857.2000,3856.8000,3856.0000,3855.4000,3855.0000,3858.0000,3859.0000,3860.8000,3862.2000,3863.8000,1,1,3,1,5,1,1,1,1,1
SF,IF2007,2020-05-20 09:32:25.600,3858.4000,3115,0,117102360.000,0,-,-,-,-,3857.2000,3856.8000,3856.0000,3855.4000,3855.0000,3859.0000,3860.8000,3862.2000,3863.8000,3864.0000,1,1,3,1,5,1,1,1,1,4
SF,IF2007,2020-05-20 09:32:26.100,3858.4000,3115,0,117102360.000,0,-,-,-,-,3856.0000,3855.4000,3855.0000,3854.6000,3852.0000,3857.6000,3859.0000,3860.8000,3862.2000,3863.8000,3,1,5,5,1,1,1,1,1,1
SF,IF2007,2020-05-20 09:32:26.600,3857.6000,3115,0,118259640.000,1,0,1,多换,S,3856.4000,3856.2000,3856.0000,3855.4000,3855.0000,3860.8000,3862.2000,3863.8000,3864.0000,3865.0000,2,1,3,1,5,1,1,1,4,6
SF,IF2007,2020-05-20 09:32:27.100,3857.6000,3115,0,118259640.000,0,-,-,-,-,3856.6000,3856.0000,3855.4000,3855.0000,3854.6000,3859.4000,3859.6000,3860.6000,3860.8000,3862.2000,3,1,1,5,5,1,2,2,1,1
SF,IF2007,2020-05-20 09:32:27.600,3857.6000,3115,0,118259640.000,0,-,-,-,-,3857.2000,3856.6000,3856.0000,3855.4000,3855.0000,3859.2000,3859.4000,3859.6000,3860.6000,3860.8000,1,1,1,1,5,1,1,2,1,1
SF,IF2007,2020-05-20 09:32:28.100,3857.6000,3115,0,118259640.000,0,-,-,-,-,3856.6000,3856.0000,3855.4000,3855.0000,3854.6000,3858.8000,3859.0000,3859.2000,3859.6000,3860.6000,1,1,1,5,5,1,2,1,1,1
SF,IF2007,2020-05-20 09:32:28.600,3857.6000,3115,0,118259640.000,0,-,-,-,-,3856.6000,3856.0000,3855.4000,3855.0000,3854.6000,3858.8000,3859.0000,3859.2000,3859.6000,3860.6000,1,1,1,5,5,1,2,1,1,1
SF,IF2007,2020-05-20 09:32:29.100,3857.6000,3115,0,118259640.000,0,-,-,-,-,3857.4000,3857.2000,3856.6000,3856.0000,3855.4000,3858.8000,3859.0000,3859.2000,3859.6000,3860.6000,1,1,1,1,1,1,2,1,1,1
SF,IF2007,2020-05-20 09:32:29.600,3857.6000,3115,0,118259640.000,0,-,-,-,-,3857.6000,3857.4000,3857.2000,3856.0000,3855.4000,3858.8000,3859.6000,3860.6000,3860.8000,3862.2000,1,1,1,1,1,1,1,1,1,1
SF,IF2007,2020-05-20 09:32:30.100,3858.8000,3114,-1,119417280.000,1,0,1,双平,S,3857.8000,3857.6000,3857.4000,3856.0000,3855.4000,3859.6000,3860.6000,3860.8000,3862.2000,3863.8000,2,1,1,1,1,1,1,1,1,1
SF,IF2007,2020-05-20 09:32:30.600,3858.8000,3114,0,119417280.000,0,-,-,-,-,3857.8000,3857.6000,3857.4000,3856.0000,3855.4000,3859.6000,3860.6000,3860.8000,3862.2000,3863.8000,3,1,1,1,1,1,1,1,1,1
SF,IF2007,2020-05-20 09:32:31.100,3858.8000,3114,0,119417280.000,0,-,-,-,-,3858.0000,3857.8000,3857.4000,3856.0000,3855.4000,3860.6000,3860.8000,3862.2000,3863.8000,3865.0000,1,3,1,1,1,1,1,1,1,6
SF,IF2007,2020-05-20 09:32:31.600,3858.8000,3114,0,119417280.000,0,-,-,-,-,3858.2000,3858.0000,3857.8000,3857.4000,3856.0000,3860.8000,3862.2000,3863.8000,3865.0000,3867.2000,2,1,3,1,1,1,1,1,6,4
SF,IF2007,2020-05-20 09:32:32.100,3858.8000,3114,0,119417280.000,0,-,-,-,-,3858.4000,3857.8000,3857.4000,3856.0000,3855.4000,3860.6000,3860.8000,3862.2000,3863.8000,3865.0000,1,2,1,1,1,1,1,1,1,6
SF,IF2007,2020-05-20 09:32:32.600,3858.8000,3114,0,119417280.000,0,-,-,-,-,3858.6000,3858.4000,3857.4000,3856.0000,3855.4000,3860.2000,3860.4000,3860.6000,3860.8000,3862.2000,1,1,1,1,1,1,2,1,1,1
SF,IF2007,2020-05-20 09:32:33.100,3858.8000,3114,0,119417280.000,0,-,-,-,-,3859.0000,3858.6000,3858.4000,3857.4000,3856.0000,3860.2000,3860.4000,3860.6000,3860.8000,3862.2000,2,1,1,1,1,1,2,1,1,1
SF,IF2007,2020-05-20 09:32:33.600,3858.8000,3114,0,119417280.000,0,-,-,-,-,3859.2000,3858.6000,3858.4000,3857.4000,3856.0000,3860.2000,3860.4000,3860.6000,3860.8000,3862.2000,2,1,1,1,1,1,2,1,1,1
SF,IF2007,2020-05-20 09:32:34.600,3858.8000,3114,0,119417280.000,0,-,-,-,-,3859.2000,3858.6000,3858.4000,3857.4000,3856.0000,3860.2000,3860.4000,3860.6000,3862.2000,3863.8000,2,1,1,1,1,1,1,1,1,1
SF,IF2007,2020-05-20 09:32:36.600,3858.8000,3114,0,119417280.000,0,-,-,-,-,3859.2000,3858.6000,3858.4000,3857.4000,3856.0000,3860.6000,3862.2000,3863.8000,3865.0000,3867.2000,2,1,1,1,1,1,1,1,6,4
SF,IF2007,2020-05-20 09:32:37.100,3858.8000,3114,0,119417280.000,0,-,-,-,-,3859.2000,3858.6000,3858.4000,3857.4000,3856.0000,3862.2000,3863.8000,3865.0000,3867.2000,3872.0000,2,1,1,1,1,1,1,6,4,1
SF,IF2007,2020-05-20 09:32:37.600,3858.8000,3114,0,119417280.000,0,-,-,-,-,3859.4000,3859.2000,3858.6000,3857.4000,3855.4000,3861.8000,3862.0000,3863.8000,3867.2000,3870.0000,1,1,1,1,1,1,4,1,4,6
SF,IF2007,2020-05-20 09:32:38.100,3858.8000,3114,0,119417280.000,0,-,-,-,-,3860.0000,3859.4000,3859.2000,3858.0000,3857.4000,3861.6000,3861.8000,3862.0000,3863.8000,3867.2000,1,1,1,5,1,1,1,3,1,4
SF,IF2007,2020-05-20 09:32:38.600,3858.8000,3114,0,119417280.000,0,-,-,-,-,3858.0000,3857.4000,3855.4000,3855.0000,3854.6000,3861.6000,3861.8000,3862.0000,3863.8000,3867.2000,5,1,1,5,5,1,1,2,1,4
SF,IF2007,2020-05-20 09:32:39.100,3858.8000,3114,0,119417280.000,0,-,-,-,-,3858.2000,3858.0000,3857.4000,3855.4000,3855.0000,3861.0000,3861.2000,3861.6000,3862.0000,3863.8000,3,5,1,1,5,1,2,1,1,1
SF,IF2007,2020-05-20 09:32:39.600,3858.8000,3114,0,119417280.000,0,-,-,-,-,3858.8000,3858.0000,3857.4000,3855.4000,3855.0000,3860.8000,3861.0000,3861.2000,3862.0000,3863.8000,1,5,1,1,5,1,1,2,1,1
SF,IF2007,2020-05-20 09:32:40.100,3858.8000,3114,0,119417280.000,0,-,-,-,-,3858.0000,3857.4000,3855.4000,3855.0000,3854.6000,3860.8000,3861.0000,3861.2000,3862.0000,3863.8000,5,1,1,5,5,1,1,1,1,1
SF,IF2007,2020-05-20 09:32:40.600,3858.8000,3114,0,119417280.000,0,-,-,-,-,3858.2000,3858.0000,3857.4000,3855.4000,3855.0000,3860.2000,3860.4000,3860.6000,3860.8000,3862.0000,1,5,1,1,5,1,2,2,1,1
SF,IF2007,2020-05-20 09:32:41.100,3858.8000,3114,0,119417280.000,0,-,-,-,-,3858.2000,3858.0000,3857.4000,3855.4000,3855.0000,3860.0000,3860.2000,3860.4000,3860.6000,3862.0000,2,5,1,1,5,1,1,2,2,1
SF,IF2007,2020-05-20 09:32:47.100,3858.8000,3114,0,119417280.000,0,-,-,-,-,3858.2000,3858.0000,3857.4000,3855.4000,3855.0000,3860.0000,3860.2000,3860.4000,3860.6000,3862.0000,2,5,1,1,5,1,1,2,1,1
SF,IF2007,2020-05-20 09:32:47.600,3858.8000,3114,0,119417280.000,0,-,-,-,-,3858.2000,3858.0000,3857.4000,3855.4000,3855.0000,3860.2000,3860.4000,3860.6000,3862.0000,3863.8000,2,5,1,1,5,1,2,1,1,1
SF,IF2007,2020-05-20 09:32:48.100,3858.8000,3114,0,119417280.000,0,-,-,-,-,3858.6000,3858.2000,3858.0000,3857.4000,3855.4000,3860.2000,3860.4000,3862.0000,3863.8000,3867.2000,1,3,5,1,1,1,1,1,1,4
SF,IF2007,2020-05-20 09:32:48.600,3858.8000,3114,0,119417280.000,0,-,-,-,-,3858.6000,3858.2000,3858.0000,3857.4000,3855.4000,3860.2000,3860.4000,3862.0000,3863.8000,3867.2000,1,3,5,1,1,1,1,1,1,4
SF,IF2007,2020-05-20 09:32:49.100,3858.8000,3114,0,119417280.000,0,-,-,-,-,3858.8000,3858.6000,3858.2000,3858.0000,3857.4000,3862.0000,3863.8000,3867.2000,3870.0000,3872.0000,1,1,2,5,1,1,1,4,6,1
SF,IF2007,2020-05-20 09:32:49.600,3858.8000,3114,0,119417280.000,0,-,-,-,-,3858.8000,3858.2000,3858.0000,3857.4000,3855.4000,3860.8000,3861.0000,3861.8000,3863.8000,3867.2000,1,1,5,1,1,1,2,3,1,4
SF,IF2007,2020-05-20 09:32:50.100,3858.8000,3114,0,119417280.000,0,-,-,-,-,3859.2000,3859.0000,3858.8000,3858.2000,3858.0000,3860.8000,3861.0000,3861.8000,3863.8000,3867.2000,1,1,1,1,5,1,2,3,1,4
SF,IF2007,2020-05-20 09:32:50.600,3858.8000,3114,0,119417280.000,0,-,-,-,-,3859.2000,3859.0000,3858.8000,3858.2000,3858.0000,3860.8000,3861.0000,3861.8000,3863.8000,3867.2000,1,1,1,6,5,1,2,3,1,4
SF,IF2007,2020-05-20 09:32:51.100,3858.8000,3114,0,119417280.000,0,-,-,-,-,3859.2000,3859.0000,3858.8000,3858.2000,3858.0000,3860.8000,3861.0000,3861.8000,3863.8000,3867.2000,1,1,1,6,5,1,2,3,1,4
SF,IF2007,2020-05-20 09:32:51.600,3858.8000,3114,0,119417280.000,0,-,-,-,-,3859.6000,3859.2000,3859.0000,3858.8000,3858.2000,3860.8000,3861.0000,3861.8000,3863.8000,3867.2000,1,1,1,1,6,1,2,3,1,4
SF,IF2007,2020-05-20 09:32:52.100,3858.8000,3114,0,119417280.000,0,-,-,-,-,3859.2000,3859.0000,3858.8000,3858.2000,3858.0000,3860.8000,3861.0000,3861.8000,3863.8000,3867.2000,1,1,1,6,5,1,2,3,1,4
SF,IF2007,2020-05-20 09:32:52.600,3858.8000,3114,0,119417280.000,0,-,-,-,-,3859.2000,3858.8000,3858.2000,3858.0000,3857.4000,3860.6000,3860.8000,3861.0000,3861.8000,3863.8000,1,1,6,5,1,1,1,2,3,1
SF,IF2007,2020-05-20 09:32:53.100,3858.8000,3114,0,119417280.000,0,-,-,-,-,3859.2000,3858.8000,3858.2000,3858.0000,3857.4000,3860.8000,3861.0000,3861.8000,3863.8000,3867.2000,1,1,6,5,1,1,2,3,1,4
SF,IF2007,2020-05-20 09:32:53.600,3858.8000,3114,0,119417280.000,0,-,-,-,-,3858.8000,3858.2000,3858.0000,3857.4000,3855.4000,3859.6000,3860.6000,3860.8000,3861.0000,3861.8000,1,6,5,1,1,1,1,1,2,3
SF,IF2007,2020-05-20 09:32:54.100,3858.8000,3114,0,119417280.000,0,-,-,-,-,3858.8000,3858.2000,3858.0000,3857.4000,3855.4000,3859.6000,3860.8000,3861.0000,3861.8000,3863.8000,1,6,5,1,1,1,1,2,3,1
SF,IF2007,2020-05-20 09:33:00.100,3858.8000,3114,0,120574920.000,1,0,1,多换,S,3858.2000,3858.0000,3857.4000,3855.4000,3855.0000,3859.6000,3860.8000,3861.0000,3861.8000,3863.8000,6,5,1,1,5,1,1,2,3,1
SF,IF2007,2020-05-20 09:33:00.600,3858.8000,3114,0,120574920.000,0,-,-,-,-,3858.6000,3858.2000,3858.0000,3857.4000,3855.4000,3859.4000,3859.6000,3860.8000,3861.0000,3861.8000,1,6,5,1,1,1,1,1,2,2
SF,IF2007,2020-05-20 09:33:01.100,3858.6000,3114,0,121732500.000,1,0,1,多换,S,3858.6000,3858.2000,3858.0000,3857.4000,3855.4000,3859.4000,3859.6000,3860.8000,3861.0000,3861.8000,2,6,5,1,1,1,1,1,2,2
SF,IF2007,2020-05-20 09:33:01.600,3858.2000,3116,2,125205120.000,3,2,1,空开,S,3858.2000,3858.0000,3857.4000,3855.4000,3855.0000,3859.2000,3859.6000,3860.8000,3861.0000,3861.8000,5,5,1,1,5,1,1,1,2,2
SF,IF2007,2020-05-20 09:33:02.100,3858.2000,3117,1,130992420.000,5,3,2,空开,S,3858.0000,3855.4000,3855.0000,3854.6000,3852.0000,3858.8000,3859.0000,3859.6000,3861.8000,3863.8000,5,1,5,5,1,1,4,1,2,1
SF,IF2007,2020-05-20 09:33:02.600,3858.0000,3119,2,134464620.000,3,2,1,空开,S,3858.0000,3855.4000,3855.0000,3854.6000,3852.0000,3859.0000,3859.6000,3861.8000,3863.8000,3867.2000,2,1,5,5,1,3,1,2,1,4
SF,IF2007,2020-05-20 09:33:03.100,3858.0000,3119,0,135622020.000,1,0,1,多换,S,3858.0000,3855.4000,3855.0000,3854.6000,3852.0000,3858.8000,3859.0000,3859.6000,3861.8000,3863.8000,1,1,5,5,1,4,1,1,2,1
SF,IF2007,2020-05-20 09:33:03.600,3858.0000,3119,0,136779420.000,1,0,1,多换,S,3855.4000,3855.0000,3854.6000,3852.0000,3851.8000,3858.2000,3858.8000,3859.0000,3859.6000,3861.8000,1,5,5,1,3,1,4,1,1,2
SF,IF2007,2020-05-20 09:33:04.100,3858.2000,3120,1,137936880.000,1,1,0,双开,S,3856.0000,3855.6000,3855.4000,3855.0000,3854.6000,3858.8000,3859.0000,3859.6000,3861.8000,3863.8000,2,6,1,5,5,3,1,1,2,1
SF,IF2007,2020-05-20 09:33:04.600,3858.2000,3120,0,137936880.000,0,-,-,-,-,3857.4000,3856.2000,3856.0000,3855.6000,3855.4000,3858.6000,3858.8000,3859.0000,3859.6000,3861.8000,1,3,2,3,1,1,1,1,1,2
SF,IF2007,2020-05-20 09:33:05.100,3858.2000,3120,0,137936880.000,0,-,-,-,-,3857.6000,3857.4000,3856.4000,3856.2000,3856.0000,3858.4000,3858.8000,3859.0000,3859.6000,3861.8000,1,1,1,3,1,1,1,1,1,2
SF,IF2007,2020-05-20 09:33:05.600,3858.2000,3120,0,137936880.000,0,-,-,-,-,3857.4000,3856.2000,3856.0000,3855.6000,3855.4000,3858.8000,3859.0000,3859.6000,3861.8000,3863.8000,1,3,1,3,1,1,1,1,2,1
SF,IF2007,2020-05-20 09:33:06.100,3858.8000,3119,-1,139094520.000,1,0,1,双平,S,3857.6000,3857.4000,3856.2000,3856.0000,3855.6000,3859.0000,3859.6000,3861.8000,3863.8000,3867.2000,1,1,2,1,3,1,1,2,1,4
SF,IF2007,2020-05-20 09:33:06.600,3859.0000,3119,0,140252220.000,1,0,1,多换,S,3857.6000,3857.4000,3856.2000,3856.0000,3855.6000,3859.0000,3859.6000,3861.8000,3863.8000,3867.2000,1,1,2,1,3,1,1,2,1,4
SF,IF2007,2020-05-20 09:33:07.100,3859.6000,3118,-1,142567800.000,2,0,2,多平,S,3857.6000,3857.4000,3856.2000,3856.0000,3855.6000,3861.8000,3863.8000,3867.2000,3870.0000,3872.0000,1,1,2,1,3,2,1,4,6,1
SF,IF2007,2020-05-20 09:33:07.600,3859.6000,3118,0,142567800.000,0,-,-,-,-,3857.8000,3857.6000,3857.4000,3856.0000,3855.6000,3860.4000,3860.6000,3861.6000,3861.8000,3863.8000,2,1,1,1,3,1,1,3,2,1
SF,IF2007,2020-05-20 09:33:08.100,3859.6000,3118,0,142567800.000,0,-,-,-,-,3858.0000,3857.8000,3857.4000,3856.0000,3855.6000,3860.2000,3860.4000,3860.6000,3861.6000,3861.8000,1,3,1,1,3,2,1,1,1,2
SF,IF2007,2020-05-20 09:33:08.600,3859.6000,3118,0,142567800.000,0,-,-,-,-,3858.0000,3857.8000,3857.4000,3856.0000,3855.6000,3860.0000,3860.2000,3860.4000,3860.6000,3861.6000,1,3,1,1,3,1,1,1,1,1
SF,IF2007,2020-05-20 09:33:09.100,3859.6000,3118,0,142567800.000,0,-,-,-,-,3857.8000,3857.4000,3856.0000,3855.6000,3855.4000,3859.6000,3859.8000,3860.0000,3860.6000,3861.6000,3,1,1,3,1,1,2,1,1,1
SF,IF2007,2020-05-20 09:33:09.600,3859.6000,3118,0,142567800.000,0,-,-,-,-,3858.0000,3857.8000,3857.4000,3856.0000,3855.6000,3859.4000,3859.6000,3859.8000,3860.6000,3861.6000,1,1,1,1,3,1,1,2,1,1
SF,IF2007,2020-05-20 09:33:10.100,3858.0000,3117,-1,143725200.000,1,0,1,双平,S,3857.8000,3857.4000,3856.0000,3855.6000,3855.4000,3858.0000,3859.6000,3859.8000,3860.6000,3861.6000,1,1,1,3,1,3,1,1,1,1
SF,IF2007,2020-05-20 09:33:10.600,3858.0000,3117,0,147197400.000,3,1,2,多换,S,3857.8000,3857.4000,3856.0000,3855.6000,3855.4000,3859.8000,3860.6000,3861.6000,3861.8000,3863.8000,1,1,1,3,1,1,1,1,2,1
SF,IF2007,2020-05-20 09:33:11.100,3858.0000,3117,0,147197400.000,0,-,-,-,-,3857.4000,3856.0000,3855.6000,3855.4000,3855.0000,3859.4000,3859.6000,3859.8000,3860.6000,3861.8000,1,1,3,1,5,1,2,1,1,2
SF,IF2007,2020-05-20 09:33:11.600,3858.0000,3117,0,147197400.000,0,-,-,-,-,3857.6000,3857.4000,3856.0000,3855.6000,3855.4000,3859.2000,3859.6000,3860.6000,3861.8000,3863.8000,1,1,1,3,1,2,1,1,2,1
SF,IF2007,2020-05-20 09:33:12.100,3858.0000,3117,0,147197400.000,0,-,-,-,-,3857.4000,3856.0000,3855.6000,3855.4000,3855.0000,3858.8000,3859.0000,3860.6000,3861.8000,3863.8000,1,1,3,1,5,1,3,1,2,1
SF,IF2007,2020-05-20 09:33:13.600,3858.0000,3117,0,147197400.000,0,-,-,-,-,3857.4000,3856.0000,3855.6000,3855.4000,3855.0000,3858.6000,3858.8000,3859.0000,3860.6000,3861.8000,1,1,3,1,5,1,1,2,1,2
SF,IF2007,2020-05-20 09:33:14.100,3858.0000,3117,0,147197400.000,0,-,-,-,-,3856.0000,3855.6000,3855.4000,3855.0000,3854.6000,3857.4000,3859.0000,3860.6000,3861.8000,3863.8000,1,3,1,5,5,1,2,1,2,1
SF,IF2007,2020-05-20 09:33:14.600,3857.4000,3117,0,148354620.000,1,0,1,多换,S,3857.6000,3857.4000,3856.6000,3856.4000,3856.2000,3859.0000,3860.6000,3861.8000,3863.8000,3867.2000,1,1,1,1,4,2,1,2,1,4
SF,IF2007,2020-05-20 09:33:15.100,3857.4000,3117,0,148354620.000,0,-,-,-,-,3857.6000,3857.4000,3856.2000,3856.0000,3855.6000,3858.8000,3859.0000,3860.6000,3861.8000,3863.8000,1,1,4,1,3,1,1,1,2,1
SF,IF2007,2020-05-20 09:33:15.600,3857.4000,3117,0,148354620.000,0,-,-,-,-,3857.6000,3857.4000,3856.2000,3856.0000,3855.6000,3858.6000,3858.8000,3859.0000,3860.6000,3861.8000,1,1,4,1,3,1,1,1,1,2
SF,IF2007,2020-05-20 09:33:16.100,3857.4000,3117,0,148354620.000,0,-,-,-,-,3857.6000,3857.4000,3856.2000,3856.0000,3855.6000,3858.4000,3858.6000,3859.0000,3860.6000,3861.8000,1,1,4,1,3,1,1,1,1,2
SF,IF2007,2020-05-20 09:33:17.100,3857.4000,3117,0,148354620.000,0,-,-,-,-,3857.4000,3856.2000,3856.0000,3855.6000,3855.4000,3858.6000,3859.0000,3860.6000,3861.8000,3863.8000,1,4,1,3,3,1,1,1,2,1
SF,IF2007,2020-05-20 09:33:17.600,3857.4000,3117,0,148354620.000,0,-,-,-,-,3857.4000,3856.2000,3856.0000,3855.6000,3855.4000,3857.6000,3858.6000,3859.0000,3860.6000,3861.8000,1,4,1,3,1,1,1,1,1,2
SF,IF2007,2020-05-20 09:33:18.100,3857.6000,3118,1,149511900.000,1,1,0,双开,S,3857.6000,3857.4000,3856.2000,3856.0000,3855.6000,3859.0000,3860.6000,3861.8000,3863.8000,3867.2000,1,1,4,1,3,1,1,2,1,4
SF,IF2007,2020-05-20 09:33:18.600,3857.6000,3118,0,149511900.000,0,-,-,-,-,3857.4000,3856.2000,3856.0000,3855.6000,3855.4000,3858.8000,3859.0000,3860.6000,3861.8000,3863.8000,1,4,1,3,1,1,1,1,2,1
SF,IF2007,2020-05-20 09:33:19.100,3857.6000,3118,0,149511900.000,0,-,-,-,-,3857.6000,3857.4000,3856.2000,3856.0000,3855.6000,3858.8000,3859.0000,3860.6000,3861.8000,3863.8000,1,1,4,1,3,1,1,1,2,1
SF,IF2007,2020-05-20 09:33:19.600,3858.8000,3118,0,150669540.000,1,0,1,多换,S,3857.8000,3857.6000,3857.4000,3856.2000,3856.0000,3860.6000,3861.8000,3863.8000,3867.2000,3870.0000,1,1,1,4,1,1,2,1,4,6
SF,IF2007,2020-05-20 09:33:20.100,3858.8000,3118,0,150669540.000,0,-,-,-,-,3858.0000,3857.6000,3857.4000,3856.2000,3856.0000,3859.8000,3860.0000,3860.4000,3861.8000,3863.8000,1,1,1,3,1,1,2,2,2,1
SF,IF2007,2020-05-20 09:33:20.600,3858.8000,3118,0,150669540.000,0,-,-,-,-,3858.0000,3857.6000,3857.4000,3856.2000,3856.0000,3859.8000,3860.0000,3860.4000,3861.8000,3863.8000,1,1,1,3,1,1,1,1,2,1
SF,IF2007,2020-05-20 09:33:21.600,3858.8000,3118,0,150669540.000,0,-,-,-,-,3858.2000,3858.0000,3857.6000,3857.4000,3856.2000,3859.8000,3860.0000,3860.4000,3861.8000,3863.8000,1,1,1,1,3,1,1,1,2,1
SF,IF2007,2020-05-20 09:33:22.100,3858.8000,3118,0,150669540.000,0,-,-,-,-,3858.2000,3858.0000,3857.6000,3857.4000,3856.2000,3859.6000,3860.0000,3861.8000,3863.8000,3867.2000,2,1,1,1,3,2,1,2,1,4
SF,IF2007,2020-05-20 09:33:22.600,3858.8000,3118,0,150669540.000,0,-,-,-,-,3858.2000,3858.0000,3857.6000,3857.4000,3856.2000,3859.6000,3860.0000,3861.8000,3863.8000,3867.2000,1,1,1,1,3,2,1,2,1,4
SF,IF2007,2020-05-20 09:33:25.100,3858.8000,3118,0,150669540.000,0,-,-,-,-,3858.2000,3858.0000,3857.6000,3856.2000,3856.0000,3859.6000,3860.0000,3861.8000,3863.8000,3867.2000,1,1,1,3,1,2,1,2,1,4
SF,IF2007,2020-05-20 09:33:25.600,3859.6000,3118,0,151827420.000,1,0,1,多换,S,3858.4000,3858.2000,3857.6000,3856.2000,3856.0000,3860.0000,3861.8000,3863.8000,3867.2000,3870.0000,1,1,1,3,1,1,2,1,4,6
SF,IF2007,2020-05-20 09:33:26.100,3860.0000,3117,-1,152985420.000,1,0,1,双平,S,3859.4000,3858.8000,3858.4000,3858.2000,3857.6000,3861.8000,3863.8000,3867.2000,3870.0000,3872.0000,1,1,1,1,1,2,1,4,6,1
SF,IF2007,2020-05-20 09:33:26.600,3860.0000,3117,0,152985420.000,0,-,-,-,-,3859.4000,3858.4000,3858.2000,3857.6000,3856.2000,3861.0000,3861.2000,3861.6000,3861.8000,3863.8000,1,1,1,1,3,1,1,2,2,1
SF,IF2007,2020-05-20 09:33:27.100,3860.0000,3117,0,152985420.000,0,-,-,-,-,3859.4000,3858.4000,3858.2000,3857.6000,3856.2000,3861.0000,3861.6000,3861.8000,3863.8000,3867.2000,1,1,1,1,3,1,2,2,1,4
SF,IF2007,2020-05-20 09:33:28.100,3860.0000,3117,0,152985420.000,0,-,-,-,-,3858.4000,3858.2000,3857.6000,3856.2000,3856.0000,3861.0000,3861.6000,3861.8000,3863.8000,3867.2000,1,1,1,3,1,1,2,2,1,4
SF,IF2007,2020-05-20 09:33:28.600,3860.0000,3117,0,152985420.000,0,-,-,-,-,3858.6000,3858.4000,3858.2000,3857.6000,3856.2000,3860.8000,3861.0000,3861.6000,3861.8000,3863.8000,2,1,1,1,1,1,1,1,2,1
SF,IF2007,2020-05-20 09:33:29.100,3860.0000,3117,0,152985420.000,0,-,-,-,-,3859.0000,3858.8000,3858.6000,3858.2000,3857.6000,3860.8000,3861.0000,3861.6000,3861.8000,3863.8000,1,1,2,1,1,1,1,1,2,1
SF,IF2007,2020-05-20 09:33:29.600,3860.0000,3117,0,152985420.000,0,-,-,-,-,3859.6000,3859.2000,3858.6000,3858.2000,3857.6000,3861.0000,3861.6000,3861.8000,3863.8000,3867.2000,1,2,2,1,1,1,1,2,1,4
SF,IF2007,2020-05-20 09:33:30.100,3860.0000,3117,0,152985420.000,0,-,-,-,-,3859.6000,3859.2000,3858.6000,3858.2000,3857.6000,3861.6000,3861.8000,3863.8000,3867.2000,3870.0000,1,1,2,1,1,1,2,1,4,6
SF,IF2007,2020-05-20 09:33:30.600,3860.0000,3117,0,152985420.000,0,-,-,-,-,3859.6000,3859.2000,3858.6000,3857.6000,3856.2000,3861.4000,3861.6000,3861.8000,3863.8000,3867.2000,1,1,2,1,1,3,1,1,1,4
SF,IF2007,2020-05-20 09:33:31.100,3860.0000,3117,0,152985420.000,0,-,-,-,-,3859.8000,3859.6000,3858.6000,3857.6000,3856.2000,3861.4000,3861.6000,3861.8000,3863.8000,3867.2000,1,1,2,1,1,3,1,1,1,4
SF,IF2007,2020-05-20 09:33:31.600,3860.0000,3117,0,152985420.000,0,-,-,-,-,3859.8000,3859.6000,3858.6000,3857.6000,3856.2000,3861.4000,3861.8000,3863.8000,3867.2000,3870.0000,1,1,2,1,1,1,1,1,4,6
SF,IF2007,2020-05-20 09:33:32.100,3860.0000,3117,0,152985420.000,0,-,-,-,-,3860.0000,3859.8000,3859.6000,3858.6000,3857.6000,3861.4000,3863.8000,3867.2000,3870.0000,3872.0000,1,1,1,2,1,1,1,4,6,1
SF,IF2007,2020-05-20 09:33:32.600,3860.0000,3117,0,152985420.000,0,-,-,-,-,3860.2000,3860.0000,3859.6000,3858.6000,3857.6000,3861.4000,3863.8000,3867.2000,3870.0000,3872.0000,1,1,1,2,1,1,1,4,6,1
SF,IF2007,2020-05-20 09:33:33.100,3860.0000,3117,0,152985420.000,0,-,-,-,-,3860.4000,3860.2000,3860.0000,3859.6000,3858.6000,3861.4000,3863.8000,3867.2000,3870.0000,3872.0000,1,1,1,1,2,1,1,4,6,1
SF,IF2007,2020-05-20 09:33:35.600,3860.4000,3117,0,154143540.000,1,0,1,多换,S,3860.2000,3860.0000,3859.6000,3858.6000,3857.6000,3861.4000,3863.8000,3867.2000,3870.0000,3872.0000,1,1,1,2,1,1,1,4,6,1
SF,IF2007,2020-05-20 09:33:36.100,3860.4000,3117,0,154143540.000,0,-,-,-,-,3860.2000,3860.0000,3859.6000,3858.6000,3857.6000,3861.4000,3863.8000,3867.2000,3870.0000,3872.0000,1,1,1,2,1,1,1,4,6,1
SF,IF2007,2020-05-20 09:33:36.600,3860.4000,3117,0,154143540.000,0,-,-,-,-,3860.2000,3860.0000,3859.6000,3858.6000,3857.6000,3861.4000,3863.8000,3867.2000,3870.0000,3872.0000,1,1,1,2,1,1,1,4,6,1
SF,IF2007,2020-05-20 09:33:37.600,3860.4000,3117,0,154143540.000,0,-,-,-,-,3860.2000,3860.0000,3859.6000,3858.6000,3857.6000,3861.4000,3863.8000,3867.2000,3870.0000,3872.0000,1,1,1,2,1,1,1,4,6,2
SF,IF2007,2020-05-20 09:33:38.100,3860.4000,3117,0,154143540.000,0,-,-,-,-,3860.0000,3859.6000,3858.6000,3857.6000,3856.2000,3861.2000,3861.4000,3863.8000,3867.2000,3870.0000,1,1,2,1,1,1,1,1,4,6
SF,IF2007,2020-05-20 09:33:38.600,3860.4000,3117,0,154143540.000,0,-,-,-,-,3859.6000,3858.6000,3857.6000,3856.2000,3855.6000,3861.4000,3863.8000,3867.2000,3870.0000,3872.0000,1,2,1,1,3,1,1,4,6,2
SF,IF2007,2020-05-20 09:33:39.100,3860.4000,3117,0,154143540.000,0,-,-,-,-,3859.8000,3859.6000,3858.6000,3857.6000,3856.2000,3860.2000,3861.4000,3863.8000,3867.2000,3870.0000,1,1,2,1,1,1,1,1,4,6
SF,IF2007,2020-05-20 09:33:39.600,3860.2000,3118,1,155301600.000,1,1,0,双开,S,3859.8000,3859.6000,3858.6000,3857.6000,3856.2000,3863.8000,3867.2000,3870.0000,3872.0000,3876.4000,1,1,2,1,1,1,4,6,2,8
SF,IF2007,2020-05-20 09:33:40.100,3860.2000,3118,0,155301600.000,0,-,-,-,-,3859.8000,3859.6000,3858.6000,3857.6000,3856.2000,3862.0000,3862.2000,3863.6000,3863.8000,3867.2000,1,1,2,1,1,1,1,3,1,4
SF,IF2007,2020-05-20 09:33:40.600,3860.2000,3118,0,155301600.000,0,-,-,-,-,3860.0000,3859.6000,3858.6000,3857.6000,3856.2000,3861.4000,3861.8000,3862.0000,3862.2000,3863.6000,1,1,2,1,1,1,1,1,1,2
SF,IF2007,2020-05-20 09:33:42.100,3860.2000,3118,0,155301600.000,0,-,-,-,-,3859.6000,3858.6000,3857.6000,3856.2000,3855.6000,3861.4000,3861.8000,3862.0000,3862.2000,3863.6000,1,2,1,1,3,1,1,1,1,2
SF,IF2007,2020-05-20 09:33:42.600,3860.2000,3118,0,155301600.000,0,-,-,-,-,3859.8000,3859.6000,3858.6000,3857.6000,3856.2000,3861.8000,3862.0000,3862.2000,3863.6000,3863.8000,1,1,2,1,1,1,1,1,2,1
SF,IF2007,2020-05-20 09:33:43.600,3860.2000,3118,0,155301600.000,0,-,-,-,-,3860.0000,3859.8000,3859.6000,3858.6000,3857.6000,3861.8000,3862.0000,3862.2000,3863.6000,3863.8000,1,1,1,2,1,1,1,1,2,1
SF,IF2007,2020-05-20 09:33:44.100,3860.2000,3118,0,155301600.000,0,-,-,-,-,3860.0000,3859.8000,3859.6000,3858.6000,3857.6000,3861.8000,3862.0000,3862.2000,3863.6000,3863.8000,1,1,1,2,1,1,1,1,2,1
SF,IF2007,2020-05-20 09:33:44.600,3860.2000,3118,0,155301600.000,0,-,-,-,-,3860.0000,3859.8000,3859.6000,3858.6000,3857.6000,3861.6000,3861.8000,3862.2000,3863.6000,3863.8000,1,1,1,2,1,1,1,1,2,1
SF,IF2007,2020-05-20 09:33:45.100,3860.2000,3118,0,155301600.000,0,-,-,-,-,3860.0000,3859.8000,3859.6000,3858.6000,3857.6000,3861.4000,3861.8000,3862.2000,3863.6000,3863.8000,1,1,1,2,1,1,1,1,2,1
SF,IF2007,2020-05-20 09:33:45.600,3860.2000,3118,0,155301600.000,0,-,-,-,-,3860.0000,3859.6000,3858.6000,3857.6000,3856.2000,3861.2000,3861.4000,3862.2000,3863.6000,3863.8000,1,1,2,1,1,1,1,1,2,1
SF,IF2007,2020-05-20 09:33:46.100,3860.2000,3118,0,155301600.000,0,-,-,-,-,3859.6000,3858.6000,3857.6000,3856.2000,3855.6000,3861.0000,3861.2000,3861.4000,3862.2000,3863.6000,1,2,1,1,3,1,1,1,1,2
SF,IF2007,2020-05-20 09:33:46.600,3860.2000,3118,0,155301600.000,0,-,-,-,-,3859.6000,3858.6000,3857.6000,3856.2000,3855.6000,3861.2000,3861.4000,3862.2000,3863.6000,3863.8000,1,2,1,1,3,1,1,1,2,1
SF,IF2007,2020-05-20 09:33:48.600,3861.2000,3118,0,156459960.000,1,0,1,多换,S,3859.6000,3858.6000,3857.6000,3856.2000,3855.6000,3861.4000,3862.2000,3863.6000,3863.8000,3869.0000,1,2,1,1,3,1,1,2,1,9
SF,IF2007,2020-05-20 09:33:49.100,3861.4000,3118,0,157618380.000,1,0,1,多换,S,3859.8000,3859.6000,3858.6000,3857.6000,3856.2000,3862.2000,3863.6000,3863.8000,3869.0000,3870.0000,1,1,2,1,1,1,2,1,9,6
SF,IF2007,2020-05-20 09:33:49.600,3861.4000,3118,0,157618380.000,0,-,-,-,-,3859.8000,3859.6000,3858.6000,3857.6000,3856.2000,3862.2000,3863.6000,3863.8000,3869.0000,3870.0000,1,1,2,1,1,1,2,1,9,6
SF,IF2007,2020-05-20 09:33:50.100,3861.4000,3118,0,157618380.000,0,-,-,-,-,3860.0000,3859.8000,3859.6000,3857.6000,3856.2000,3862.2000,3863.6000,3863.8000,3869.0000,3870.0000,2,1,1,1,1,1,2,1,9,6
SF,IF2007,2020-05-20 09:33:50.600,3861.4000,3118,0,157618380.000,0,-,-,-,-,3860.2000,3860.0000,3859.6000,3857.6000,3856.2000,3863.6000,3863.8000,3869.0000,3870.0000,3872.0000,2,2,1,1,1,2,1,9,6,6
SF,IF2007,2020-05-20 09:33:51.100,3861.4000,3118,0,157618380.000,0,-,-,-,-,3860.4000,3860.2000,3860.0000,3859.6000,3857.6000,3861.4000,3863.0000,3863.2000,3863.4000,3863.6000,1,2,2,1,1,1,1,1,1,1
SF,IF2007,2020-05-20 09:33:51.600,3861.4000,3118,0,157618380.000,0,-,-,-,-,3860.6000,3860.4000,3860.0000,3859.6000,3857.6000,3861.4000,3863.0000,3863.2000,3863.4000,3863.6000,1,1,2,1,1,1,1,1,1,1
SF,IF2007,2020-05-20 09:33:53.600,3861.4000,3119,1,158776800.000,1,1,0,双开,S,3860.6000,3860.4000,3860.0000,3859.6000,3857.6000,3863.0000,3863.2000,3863.4000,3863.6000,3863.8000,1,1,2,1,1,1,1,1,1,1
SF,IF2007,2020-05-20 09:33:54.100,3861.4000,3119,0,158776800.000,0,-,-,-,-,3860.6000,3860.4000,3860.0000,3859.6000,3857.6000,3862.4000,3862.6000,3862.8000,3863.6000,3863.8000,1,1,2,1,1,3,1,1,1,1
SF,IF2007,2020-05-20 09:33:54.600,3861.4000,3119,0,158776800.000,0,-,-,-,-,3860.6000,3860.4000,3860.0000,3859.6000,3857.6000,3862.4000,3862.6000,3862.8000,3863.6000,3863.8000,1,1,2,1,1,1,1,1,1,1
SF,IF2007,2020-05-20 09:33:55.100,3861.4000,3119,0,158776800.000,0,-,-,-,-,3860.6000,3860.4000,3860.0000,3859.6000,3857.6000,3862.4000,3862.6000,3862.8000,3863.6000,3863.8000,1,1,2,1,1,1,1,1,1,1
SF,IF2007,2020-05-20 09:33:55.600,3861.4000,3119,0,158776800.000,0,-,-,-,-,3860.6000,3860.0000,3859.6000,3857.6000,3856.2000,3862.4000,3862.6000,3862.8000,3863.6000,3863.8000,1,2,1,1,1,1,1,1,1,1
SF,IF2007,2020-05-20 09:33:56.100,3861.4000,3119,0,158776800.000,0,-,-,-,-,3860.6000,3860.0000,3859.6000,3857.6000,3856.2000,3862.4000,3862.6000,3862.8000,3863.6000,3863.8000,1,2,1,1,1,1,1,1,1,1
SF,IF2007,2020-05-20 09:33:57.600,3861.4000,3119,0,158776800.000,0,-,-,-,-,3860.6000,3860.0000,3859.6000,3857.6000,3856.2000,3862.4000,3862.6000,3862.8000,3863.6000,3863.8000,1,2,1,1,1,1,1,1,1,1
SF,IF2007,2020-05-20 09:33:58.100,3861.4000,3119,0,158776800.000,0,-,-,-,-,3860.8000,3860.6000,3860.0000,3859.6000,3857.6000,3862.4000,3862.6000,3862.8000,3863.6000,3863.8000,1,1,2,1,1,1,1,1,1,1
SF,IF2007,2020-05-20 09:34:00.100,3861.4000,3119,0,158776800.000,0,-,-,-,-,3860.6000,3860.0000,3859.6000,3857.6000,3856.2000,3862.4000,3862.6000,3862.8000,3863.6000,3863.8000,1,2,1,1,1,1,1,1,1,1
SF,IF2007,2020-05-20 09:34:02.100,3861.4000,3119,0,158776800.000,0,-,-,-,-,3860.8000,3860.6000,3860.0000,3859.6000,3857.6000,3862.4000,3862.6000,3862.8000,3863.6000,3863.8000,1,1,2,1,1,1,1,1,1,1
SF,IF2007,2020-05-20 09:34:02.600,3861.4000,3119,0,158776800.000,0,-,-,-,-,3860.8000,3860.6000,3860.0000,3859.6000,3857.6000,3862.0000,3862.2000,3862.4000,3862.6000,3862.8000,1,1,2,1,1,2,1,1,1,1
SF,IF2007,2020-05-20 09:34:03.100,3861.4000,3119,0,158776800.000,0,-,-,-,-,3860.8000,3860.6000,3860.0000,3859.6000,3857.6000,3862.0000,3862.4000,3862.6000,3862.8000,3863.6000,1,1,2,1,1,2,1,1,1,1
SF,IF2007,2020-05-20 09:34:03.600,3861.4000,3119,0,158776800.000,0,-,-,-,-,3860.8000,3860.6000,3860.0000,3859.6000,3857.6000,3861.8000,3862.4000,3862.6000,3862.8000,3863.6000,1,1,2,1,1,1,1,1,1,1
SF,IF2007,2020-05-20 09:34:04.100,3861.4000,3119,0,158776800.000,0,-,-,-,-,3860.8000,3860.6000,3860.0000,3859.6000,3857.6000,3861.8000,3862.4000,3862.6000,3862.8000,3863.6000,1,1,2,1,1,1,1,1,1,1
SF,IF2007,2020-05-20 09:34:04.600,3861.8000,3120,1,159935340.000,1,1,0,双开,S,3861.0000,3860.8000,3860.0000,3859.6000,3857.6000,3861.6000,3862.4000,3862.6000,3863.6000,3863.8000,1,1,2,1,1,1,1,1,1,1
SF,IF2007,2020-05-20 09:34:05.100,3861.6000,3121,1,162252300.000,2,1,1,空开,S,3861.0000,3860.8000,3860.0000,3859.6000,3857.6000,3861.6000,3862.4000,3862.6000,3863.6000,3863.8000,1,1,2,1,1,1,1,1,1,1
SF,IF2007,2020-05-20 09:34:05.600,3861.6000,3122,1,164569260.000,2,1,1,空开,S,3860.8000,3860.0000,3859.6000,3857.6000,3856.2000,3862.4000,3862.6000,3863.6000,3863.8000,3869.0000,1,2,1,1,1,1,1,1,1,9
SF,IF2007,2020-05-20 09:34:06.100,3861.6000,3122,0,164569260.000,0,-,-,-,-,3861.0000,3860.8000,3860.0000,3859.6000,3857.6000,3862.4000,3862.6000,3863.6000,3863.8000,3869.0000,1,1,2,1,1,1,1,1,1,9
SF,IF2007,2020-05-20 09:34:06.600,3861.6000,3122,0,164569260.000,0,-,-,-,-,3861.4000,3861.0000,3860.8000,3860.0000,3859.6000,3862.2000,3863.6000,3863.8000,3869.0000,3870.0000,1,1,1,2,1,1,1,1,9,6
SF,IF2007,2020-05-20 09:34:07.100,3861.6000,3122,0,164569260.000,0,-,-,-,-,3861.4000,3861.0000,3860.8000,3860.0000,3859.6000,3863.6000,3863.8000,3869.0000,3870.0000,3872.0000,1,1,1,2,1,1,1,9,6,6
SF,IF2007,2020-05-20 09:34:07.600,3863.0000,3121,-1,165728160.000,1,0,1,双平,S,3861.6000,3861.4000,3860.0000,3859.6000,3857.6000,3863.8000,3868.6000,3869.0000,3870.0000,3872.0000,1,1,2,1,1,1,1,9,6,6
SF,IF2007,2020-05-20 09:34:08.100,3863.8000,3120,-1,166887300.000,1,0,1,双平,S,3861.8000,3861.6000,3861.4000,3859.6000,3857.6000,3864.2000,3868.6000,3869.0000,3870.0000,3872.0000,3,1,1,1,1,1,1,9,6,6
SF,IF2007,2020-05-20 09:34:08.600,3863.8000,3120,0,166887300.000,0,-,-,-,-,3862.4000,3862.0000,3861.8000,3861.4000,3860.8000,3868.6000,3869.0000,3870.0000,3872.0000,3876.4000,2,2,4,1,5,1,9,6,6,8
SF,IF2007,2020-05-20 09:34:09.100,3863.8000,3120,0,166887300.000,0,-,-,-,-,3863.4000,3862.6000,3862.4000,3862.0000,3861.8000,3865.4000,3865.6000,3866.4000,3868.4000,3868.6000,1,4,1,1,1,1,1,1,4,2
SF,IF2007,2020-05-20 09:34:09.600,3865.4000,3119,-1,168046920.000,1,0,1,双平,S,3863.8000,3863.6000,3863.4000,3862.6000,3862.4000,3868.4000,3868.6000,3869.0000,3870.0000,3872.0000,1,1,1,3,1,3,1,9,6,6
SF,IF2007,2020-05-20 09:34:10.100,3865.4000,3119,0,168046920.000,0,-,-,-,-,3864.0000,3863.4000,3862.6000,3862.4000,3862.0000,3866.4000,3866.6000,3868.0000,3868.2000,3868.4000,1,1,3,1,1,1,1,1,1,3
SF,IF2007,2020-05-20 09:34:10.600,3865.4000,3119,0,168046920.000,0,-,-,-,-,3864.0000,3863.4000,3862.6000,3862.4000,3862.0000,3866.2000,3866.6000,3868.0000,3868.4000,3868.6000,1,1,3,1,1,3,1,1,2,1
SF,IF2007,2020-05-20 09:34:11.100,3865.4000,3119,0,168046920.000,0,-,-,-,-,3864.0000,3863.4000,3862.6000,3862.4000,3862.0000,3865.8000,3866.2000,3866.6000,3867.8000,3868.0000,1,1,3,1,1,1,1,1,1,1
SF,IF2007,2020-05-20 09:34:11.600,3865.4000,3119,0,168046920.000,0,-,-,-,-,3864.0000,3863.4000,3862.6000,3862.4000,3862.0000,3865.6000,3866.2000,3866.6000,3867.8000,3868.0000,1,1,3,1,1,1,1,1,1,1
SF,IF2007,2020-05-20 09:34:12.100,3865.4000,3119,0,168046920.000,0,-,-,-,-,3864.4000,3864.0000,3863.4000,3862.6000,3862.4000,3865.6000,3866.2000,3866.6000,3867.8000,3868.0000,1,1,1,3,1,1,1,1,1,1
SF,IF2007,2020-05-20 09:34:12.600,3865.4000,3119,0,168046920.000,0,-,-,-,-,3864.6000,3863.4000,3862.6000,3862.4000,3862.0000,3865.6000,3867.8000,3868.4000,3868.6000,3872.0000,2,1,3,1,1,1,1,2,1,6
SF,IF2007,2020-05-20 09:34:13.100,3865.4000,3119,0,168046920.000,0,-,-,-,-,3865.4000,3864.6000,3863.4000,3862.6000,3862.4000,3866.2000,3867.8000,3868.4000,3868.6000,3872.0000,1,2,1,3,1,1,1,2,1,6
SF,IF2007,2020-05-20 09:34:13.600,3865.4000,3119,0,168046920.000,0,-,-,-,-,3865.4000,3864.6000,3863.4000,3862.6000,3862.4000,3868.4000,3868.6000,3872.0000,3872.6000,3873.6000,1,1,1,3,1,2,1,6,9,3
SF,IF2007,2020-05-20 09:34:14.100,3865.4000,3119,0,168046920.000,0,-,-,-,-,3865.4000,3864.6000,3863.4000,3862.6000,3862.4000,3866.8000,3867.0000,3868.2000,3868.4000,3868.6000,1,1,1,3,1,1,1,3,2,1
SF,IF2007,2020-05-20 09:34:14.600,3866.8000,3118,-1,169206960.000,1,0,1,双平,S,3865.6000,3865.4000,3863.4000,3862.6000,3862.4000,3867.0000,3867.4000,3868.2000,3868.4000,3868.6000,1,1,1,3,1,1,1,1,2,1
SF,IF2007,2020-05-20 09:34:15.100,3866.8000,3118,0,169206960.000,0,-,-,-,-,3865.6000,3865.4000,3863.4000,3862.6000,3862.4000,3866.8000,3867.0000,3867.4000,3868.2000,3868.4000,1,1,1,3,1,1,1,1,1,2
SF,IF2007,2020-05-20 09:34:17.100,3866.8000,3118,0,169206960.000,0,-,-,-,-,3865.6000,3865.4000,3863.4000,3862.6000,3862.4000,3866.8000,3867.0000,3868.2000,3868.4000,3868.6000,1,1,1,3,1,2,1,1,2,1
SF,IF2007,2020-05-20 09:34:17.600,3866.8000,3118,0,169206960.000,0,-,-,-,-,3865.6000,3865.4000,3863.4000,3862.6000,3862.4000,3866.8000,3867.0000,3868.2000,3868.4000,3868.6000,1,1,1,3,1,1,1,1,2,1
SF,IF2007,2020-05-20 09:34:18.100,3866.8000,3118,0,169206960.000,0,-,-,-,-,3865.6000,3865.4000,3863.4000,3862.6000,3862.4000,3866.6000,3866.8000,3867.0000,3868.2000,3868.4000,1,1,1,3,1,1,1,1,1,2
SF,IF2007,2020-05-20 09:34:18.600,3866.6000,3118,0,170366940.000,1,0,1,多换,S,3865.6000,3865.4000,3863.4000,3862.6000,3862.4000,3866.6000,3867.0000,3868.2000,3868.4000,3868.6000,1,1,1,3,1,1,1,1,2,1
SF,IF2007,2020-05-20 09:34:19.100,3866.6000,3117,-1,172686900.000,2,0,2,多平,S,3866.0000,3865.6000,3865.4000,3863.4000,3862.6000,3868.2000,3868.4000,3868.6000,3872.0000,3872.6000,1,1,1,1,3,1,2,1,8,9
SF,IF2007,2020-05-20 09:34:19.600,3866.6000,3117,0,172686900.000,0,-,-,-,-,3866.2000,3865.4000,3863.4000,3862.6000,3862.0000,3868.2000,3868.4000,3868.6000,3872.0000,3872.6000,1,1,1,3,1,1,2,1,8,9
SF,IF2007,2020-05-20 09:34:20.100,3866.6000,3117,0,172686900.000,0,-,-,-,-,3866.6000,3865.4000,3863.4000,3862.6000,3862.0000,3868.0000,3868.2000,3868.4000,3868.6000,3872.0000,1,1,1,3,1,1,1,2,1,8
SF,IF2007,2020-05-20 09:34:20.600,3866.6000,3117,0,173846880.000,1,0,1,多换,S,3865.4000,3863.4000,3862.6000,3862.0000,3861.4000,3867.8000,3868.0000,3868.4000,3868.6000,3872.0000,1,1,3,1,1,2,1,2,1,8
SF,IF2007,2020-05-20 09:34:21.100,3866.6000,3117,0,173846880.000,0,-,-,-,-,3865.4000,3863.4000,3862.6000,3862.0000,3861.4000,3867.2000,3867.4000,3867.8000,3868.4000,3868.6000,1,1,3,1,1,1,1,2,2,1
SF,IF2007,2020-05-20 09:34:21.600,3866.6000,3117,0,173846880.000,0,-,-,-,-,3863.4000,3862.6000,3862.0000,3861.4000,3860.8000,3867.0000,3867.2000,3867.8000,3868.4000,3868.6000,1,3,1,1,5,3,1,1,2,1
SF,IF2007,2020-05-20 09:34:22.100,3866.6000,3117,0,173846880.000,0,-,-,-,-,3864.0000,3863.6000,3863.4000,3862.6000,3862.0000,3866.6000,3867.0000,3867.8000,3868.4000,3868.6000,1,3,1,1,1,1,1,1,1,1
SF,IF2007,2020-05-20 09:34:22.600,3866.6000,3117,0,173846880.000,0,-,-,-,-,3864.2000,3863.6000,3863.4000,3862.6000,3862.0000,3866.4000,3866.6000,3867.0000,3867.8000,3868.4000,1,2,1,1,1,1,1,1,1,1
SF,IF2007,2020-05-20 09:34:23.100,3866.6000,3117,0,173846880.000,0,-,-,-,-,3864.2000,3863.6000,3863.4000,3862.6000,3862.0000,3866.4000,3866.6000,3867.8000,3868.4000,3868.6000,1,2,1,1,1,1,1,1,1,1
SF,IF2007,2020-05-20 09:34:23.600,3866.6000,3117,0,173846880.000,0,-,-,-,-,3865.6000,3864.2000,3863.6000,3863.4000,3862.6000,3866.4000,3866.6000,3867.8000,3868.4000,3868.6000,1,1,2,1,1,1,1,1,1,1
SF,IF2007,2020-05-20 09:34:24.100,3866.4000,3118,1,175006800.000,1,1,0,双开,S,3865.6000,3864.2000,3863.6000,3863.4000,3862.6000,3866.2000,3866.6000,3867.8000,3868.4000,3868.6000,1,1,2,1,1,1,1,1,1,1
SF,IF2007,2020-05-20 09:34:24.600,3866.2000,3120,2,177326520.000,2,2,0,双开,S,3865.6000,3863.6000,3863.4000,3862.6000,3862.0000,3866.6000,3867.8000,3868.4000,3868.6000,3872.0000,1,2,1,1,1,1,1,1,1,8
SF,IF2007,2020-05-20 09:34:25.100,3866.2000,3120,0,177326520.000,0,-,-,-,-,3865.6000,3863.6000,3863.4000,3862.6000,3862.0000,3866.6000,3867.8000,3868.4000,3868.6000,3872.0000,1,2,1,1,1,1,1,1,1,8
SF,IF2007,2020-05-20 09:34:25.600,3866.2000,3120,0,177326520.000,0,-,-,-,-,3865.6000,3863.6000,3863.4000,3862.6000,3862.0000,3867.8000,3868.4000,3868.6000,3872.0000,3873.6000,1,2,1,1,1,1,1,1,8,3
SF,IF2007,2020-05-20 09:34:26.100,3866.2000,3120,0,177326520.000,0,-,-,-,-,3865.6000,3863.6000,3863.4000,3862.6000,3862.0000,3867.6000,3867.8000,3868.6000,3872.0000,3873.6000,1,2,1,1,1,3,1,1,8,3
SF,IF2007,2020-05-20 09:34:26.600,3866.2000,3120,0,177326520.000,0,-,-,-,-,3865.6000,3863.6000,3863.4000,3862.6000,3862.0000,3867.0000,3867.2000,3867.6000,3867.8000,3868.6000,1,2,1,1,1,1,1,2,1,1
SF,IF2007,2020-05-20 09:34:27.100,3866.2000,3120,0,177326520.000,0,-,-,-,-,3865.6000,3863.6000,3863.4000,3862.6000,3862.0000,3867.0000,3867.2000,3867.6000,3867.8000,3868.6000,1,2,1,1,1,2,1,2,1,1
SF,IF2007,2020-05-20 09:34:27.600,3865.6000,3120,0,178486200.000,1,0,1,多换,S,3863.6000,3863.4000,3862.6000,3862.0000,3861.4000,3866.8000,3867.0000,3867.2000,3867.6000,3867.8000,2,1,1,1,1,1,2,1,1,1
SF,IF2007,2020-05-20 09:34:28.100,3865.6000,3120,0,178486200.000,0,-,-,-,-,3863.8000,3863.6000,3863.4000,3862.6000,3862.0000,3866.0000,3866.4000,3866.6000,3866.8000,3867.0000,3,2,1,1,1,1,1,1,1,1
SF,IF2007,2020-05-20 09:34:28.600,3865.6000,3120,0,178486200.000,0,-,-,-,-,3863.8000,3863.6000,3863.4000,3862.6000,3862.0000,3865.8000,3866.0000,3866.4000,3866.6000,3867.0000,1,2,1,1,1,1,1,1,1,1
SF,IF2007,2020-05-20 09:34:29.100,3865.6000,3120,0,178486200.000,0,-,-,-,-,3863.6000,3863.4000,3862.6000,3862.0000,3861.4000,3865.4000,3865.8000,3866.0000,3866.4000,3866.6000,2,1,1,1,1,1,1,1,1,1
SF,IF2007,2020-05-20 09:34:29.600,3865.6000,3120,0,178486200.000,0,-,-,-,-,3863.8000,3863.4000,3862.6000,3862.0000,3861.4000,3865.4000,3865.8000,3866.0000,3866.4000,3866.6000,1,1,1,1,1,1,1,1,1,1
SF,IF2007,2020-05-20 09:34:30.100,3865.6000,3120,0,178486200.000,0,-,-,-,-,3863.8000,3863.4000,3862.6000,3862.0000,3861.4000,3865.0000,3865.8000,3866.0000,3866.4000,3866.6000,1,1,1,1,1,1,1,1,1,1
SF,IF2007,2020-05-20 09:34:30.600,3865.6000,3120,0,178486200.000,0,-,-,-,-,3865.0000,3863.8000,3863.4000,3862.6000,3862.0000,3865.8000,3866.0000,3866.4000,3866.6000,3866.8000,1,1,1,1,1,1,1,1,1,1
SF,IF2007,2020-05-20 09:34:31.100,3865.0000,3121,1,179645700.000,1,1,0,双开,S,3863.8000,3863.4000,3862.6000,3862.0000,3861.4000,3865.8000,3866.0000,3866.4000,3866.6000,3866.8000,1,1,1,1,1,1,1,1,1,1
SF,IF2007,2020-05-20 09:34:31.600,3864.0000,3122,1,180804900.000,1,1,0,双开,S,3863.8000,3863.4000,3862.6000,3862.0000,3861.4000,3866.0000,3866.4000,3866.6000,3866.8000,3867.6000,1,1,1,1,1,1,1,1,1,1
SF,IF2007,2020-05-20 09:34:32.100,3866.6000,3123,1,184284600.000,3,2,1,空开,S,3864.2000,3863.8000,3863.4000,3862.6000,3862.0000,3867.6000,3867.8000,3868.6000,3872.0000,3873.6000,1,1,1,1,1,1,1,1,4,3
SF,IF2007,2020-05-20 09:34:32.600,3864.4000,3122,-1,185443920.000,1,0,1,双平,S,3864.2000,3863.4000,3862.6000,3862.0000,3861.4000,3866.6000,3867.4000,3867.6000,3867.8000,3868.6000,1,1,1,1,1,1,3,1,1,1
SF,IF2007,2020-05-20 09:34:33.100,3864.4000,3122,0,185443920.000,0,-,-,-,-,3864.4000,3864.2000,3863.4000,3862.6000,3862.0000,3866.6000,3867.4000,3867.6000,3867.8000,3868.6000,2,1,1,1,1,1,3,1,1,1
SF,IF2007,2020-05-20 09:34:33.600,3864.4000,3122,0,185443920.000,0,-,-,-,-,3864.4000,3864.2000,3863.4000,3862.6000,3862.0000,3866.4000,3866.6000,3867.4000,3867.6000,3867.8000,1,1,1,1,1,1,1,2,1,1
SF,IF2007,2020-05-20 09:34:34.100,3864.4000,3122,0,185443920.000,0,-,-,-,-,3864.8000,3864.4000,3864.2000,3863.4000,3862.6000,3866.4000,3866.6000,3867.4000,3867.6000,3867.8000,1,1,1,1,1,1,1,3,1,1
SF,IF2007,2020-05-20 09:34:34.600,3864.4000,3122,0,185443920.000,0,-,-,-,-,3865.2000,3865.0000,3864.2000,3863.4000,3862.6000,3866.6000,3867.4000,3867.6000,3867.8000,3868.6000,1,2,1,1,1,1,3,1,1,1
SF,IF2007,2020-05-20 09:34:35.100,3864.4000,3122,0,185443920.000,0,-,-,-,-,3865.2000,3865.0000,3864.2000,3863.4000,3862.6000,3866.6000,3867.4000,3867.6000,3867.8000,3868.6000,1,2,1,1,1,1,3,1,1,1
SF,IF2007,2020-05-20 09:34:35.600,3864.4000,3122,0,185443920.000,0,-,-,-,-,3865.4000,3865.2000,3865.0000,3864.2000,3863.4000,3866.6000,3867.4000,3867.6000,3867.8000,3868.6000,1,1,2,1,1,1,3,1,1,1
SF,IF2007,2020-05-20 09:34:36.100,3864.4000,3122,0,185443920.000,0,-,-,-,-,3865.4000,3865.0000,3864.2000,3863.4000,3862.6000,3866.6000,3867.4000,3867.6000,3867.8000,3868.6000,1,2,1,1,1,1,2,1,1,1
SF,IF2007,2020-05-20 09:34:36.600,3865.4000,3122,0,186603540.000,1,0,1,多换,S,3865.0000,3864.2000,3863.4000,3862.6000,3862.0000,3866.6000,3867.4000,3867.6000,3867.8000,3868.6000,1,1,1,1,1,1,2,1,1,1
SF,IF2007,2020-05-20 09:34:37.100,3865.0000,3122,0,187763040.000,1,0,1,多换,S,3864.2000,3863.4000,3862.6000,3862.0000,3861.4000,3866.0000,3866.2000,3866.4000,3866.6000,3867.4000,1,1,1,1,1,1,1,1,1,2
SF,IF2007,2020-05-20 09:34:37.600,3864.2000,3121,-1,188922300.000,1,0,1,双平,S,3862.6000,3862.0000,3861.4000,3860.8000,3859.6000,3865.8000,3866.0000,3866.2000,3866.6000,3867.4000,1,1,1,5,1,2,1,1,1,2
SF,IF2007,2020-05-20 09:34:38.100,3864.2000,3121,0,188922300.000,0,-,-,-,-,3863.0000,3862.8000,3862.6000,3862.4000,3862.0000,3865.8000,3866.0000,3866.6000,3867.4000,3867.6000,1,2,1,1,1,2,1,1,2,1
SF,IF2007,2020-05-20 09:34:38.600,3864.2000,3121,0,188922300.000,0,-,-,-,-,3863.8000,3863.2000,3863.0000,3862.6000,3862.4000,3865.2000,3865.6000,3865.8000,3866.0000,3867.4000,1,3,1,1,1,1,2,2,1,2
SF,IF2007,2020-05-20 09:34:39.100,3864.2000,3121,0,188922300.000,0,-,-,-,-,3863.8000,3863.2000,3863.0000,3862.6000,3862.4000,3865.2000,3865.6000,3865.8000,3866.0000,3867.4000,1,3,1,1,1,1,1,2,1,2
SF,IF2007,2020-05-20 09:34:39.600,3864.2000,3121,0,188922300.000,0,-,-,-,-,3863.8000,3863.2000,3863.0000,3862.6000,3862.4000,3865.2000,3865.6000,3865.8000,3866.0000,3867.4000,1,3,1,1,1,1,1,1,1,1
SF,IF2007,2020-05-20 09:34:40.100,3864.2000,3121,0,188922300.000,0,-,-,-,-,3864.0000,3863.8000,3863.2000,3863.0000,3862.6000,3865.6000,3866.0000,3867.4000,3867.6000,3867.8000,1,1,2,1,1,1,1,1,1,1
SF,IF2007,2020-05-20 09:34:40.600,3864.2000,3121,0,188922300.000,0,-,-,-,-,3864.4000,3864.0000,3863.8000,3863.2000,3863.0000,3867.4000,3867.6000,3867.8000,3868.6000,3872.0000,1,1,1,2,1,1,1,1,1,4
SF,IF2007,2020-05-20 09:34:41.100,3864.2000,3121,0,188922300.000,0,-,-,-,-,3864.6000,3863.8000,3863.2000,3863.0000,3862.6000,3866.6000,3867.2000,3867.4000,3867.6000,3867.8000,1,1,2,1,1,1,3,1,1,1
SF,IF2007,2020-05-20 09:34:41.600,3864.2000,3121,0,188922300.000,0,-,-,-,-,3864.6000,3863.8000,3863.2000,3863.0000,3862.6000,3866.2000,3866.6000,3867.2000,3867.4000,3867.6000,1,1,2,1,1,1,1,3,1,1
SF,IF2007,2020-05-20 09:34:42.100,3866.6000,3122,1,191242140.000,2,1,1,空开,S,3866.6000,3864.6000,3863.8000,3863.2000,3863.0000,3867.2000,3867.4000,3867.6000,3867.8000,3868.6000,1,1,1,2,1,3,1,1,1,1
SF,IF2007,2020-05-20 09:34:42.600,3866.6000,3123,1,192402120.000,1,1,0,双开,S,3863.8000,3863.2000,3863.0000,3862.6000,3862.4000,3866.4000,3866.6000,3867.2000,3867.4000,3867.6000,1,2,1,1,1,1,3,2,1,1
SF,IF2007,2020-05-20 09:34:43.100,3866.6000,3123,0,192402120.000,0,-,-,-,-,3864.0000,3863.8000,3862.6000,3862.4000,3862.0000,3866.2000,3866.6000,3867.2000,3867.4000,3867.6000,1,1,1,1,1,1,2,2,1,1
SF,IF2007,2020-05-20 09:34:43.600,3866.6000,3123,0,192402120.000,0,-,-,-,-,3864.0000,3863.8000,3862.6000,3862.4000,3862.0000,3866.0000,3866.2000,3867.2000,3867.4000,3867.6000,1,1,1,1,1,1,2,2,1,1
SF,IF2007,2020-05-20 09:34:44.100,3866.6000,3123,0,192402120.000,0,-,-,-,-,3864.0000,3863.8000,3862.6000,3862.4000,3862.0000,3866.0000,3866.2000,3866.6000,3867.2000,3867.4000,1,1,1,1,1,1,2,1,2,1
SF,IF2007,2020-05-20 09:34:44.600,3866.6000,3123,0,192402120.000,0,-,-,-,-,3864.0000,3863.8000,3862.6000,3862.4000,3862.0000,3866.2000,3866.6000,3867.2000,3867.4000,3867.6000,1,1,1,1,1,1,1,2,1,1
SF,IF2007,2020-05-20 09:34:45.100,3866.6000,3123,0,192402120.000,0,-,-,-,-,3864.4000,3864.0000,3863.8000,3862.6000,3862.4000,3865.8000,3866.2000,3866.4000,3866.6000,3867.2000,1,1,1,1,1,1,1,1,1,2
SF,IF2007,2020-05-20 09:34:46.100,3866.6000,3123,0,192402120.000,0,-,-,-,-,3864.6000,3864.4000,3864.0000,3863.8000,3862.6000,3866.2000,3866.4000,3866.6000,3867.2000,3867.4000,1,1,1,1,1,1,1,1,2,1
SF,IF2007,2020-05-20 09:34:46.600,3865.4000,3123,0,193561740.000,1,0,1,多换,S,3865.0000,3864.8000,3864.6000,3864.4000,3863.8000,3866.6000,3867.2000,3867.4000,3867.6000,3867.8000,1,1,1,1,1,1,1,1,1,1
SF,IF2007,2020-05-20 09:34:47.100,3865.4000,3123,0,193561740.000,0,-,-,-,-,3865.6000,3865.4000,3865.2000,3864.6000,3864.4000,3867.2000,3867.4000,3867.6000,3867.8000,3868.6000,1,1,1,1,1,1,1,1,1,1
SF,IF2007,2020-05-20 09:34:47.600,3865.4000,3123,0,193561740.000,0,-,-,-,-,3865.6000,3865.2000,3864.6000,3864.4000,3864.2000,3867.2000,3867.4000,3867.6000,3867.8000,3868.6000,1,1,1,1,1,1,1,1,1,1
SF,IF2007,2020-05-20 09:34:48.100,3865.4000,3123,0,193561740.000,0,-,-,-,-,3865.6000,3865.2000,3864.6000,3864.4000,3864.2000,3867.2000,3867.6000,3867.8000,3868.4000,3868.6000,1,1,1,1,1,1,1,1,1,1
SF,IF2007,2020-05-20 09:34:48.600,3865.4000,3123,0,193561740.000,0,-,-,-,-,3865.6000,3865.2000,3864.6000,3864.4000,3864.2000,3867.8000,3868.4000,3868.6000,3872.0000,3873.6000,1,1,1,1,1,1,1,1,4,3
SF,IF2007,2020-05-20 09:34:49.100,3865.4000,3123,0,193561740.000,0,-,-,-,-,3866.0000,3865.8000,3865.6000,3864.6000,3864.4000,3867.6000,3867.8000,3868.4000,3868.6000,3872.0000,3,1,2,1,1,1,1,1,1,4
SF,IF2007,2020-05-20 09:34:49.600,3866.0000,3123,0,194721540.000,1,0,1,多换,S,3866.0000,3865.8000,3865.6000,3864.6000,3864.4000,3867.6000,3868.4000,3868.6000,3872.0000,3873.6000,3,1,2,1,1,1,1,1,4,3
SF,IF2007,2020-05-20 09:34:50.600,3866.0000,3123,0,194721540.000,0,-,-,-,-,3866.0000,3865.8000,3865.6000,3864.6000,3864.4000,3867.6000,3868.6000,3872.0000,3873.6000,3875.0000,3,1,2,1,1,1,1,4,3,6
SF,IF2007,2020-05-20 09:34:51.100,3866.0000,3123,0,194721540.000,0,-,-,-,-,3866.0000,3865.8000,3865.6000,3864.6000,3864.4000,3867.4000,3867.6000,3868.6000,3872.0000,3873.6000,3,1,2,1,1,1,1,1,4,3
SF,IF2007,2020-05-20 09:34:51.600,3866.0000,3123,0,194721540.000,0,-,-,-,-,3866.0000,3865.8000,3865.6000,3864.6000,3864.4000,3867.6000,3868.6000,3872.0000,3873.6000,3875.0000,3,1,2,1,1,1,1,4,3,6
SF,IF2007,2020-05-20 09:34:52.100,3866.0000,3123,0,194721540.000,0,-,-,-,-,3866.0000,3865.8000,3865.6000,3864.6000,3864.4000,3867.6000,3868.6000,3872.0000,3873.6000,3875.0000,3,1,2,1,1,1,1,4,3,6
SF,IF2007,2020-05-20 09:34:53.100,3866.0000,3123,0,195881340.000,1,0,1,多换,S,3866.0000,3865.8000,3865.6000,3864.6000,3864.4000,3867.6000,3868.6000,3872.0000,3873.6000,3875.0000,2,1,2,1,1,1,1,4,3,6
SF,IF2007,2020-05-20 09:34:54.100,3866.0000,3123,0,195881340.000,0,-,-,-,-,3866.0000,3865.8000,3865.6000,3864.6000,3864.4000,3867.6000,3868.6000,3872.0000,3873.6000,3875.0000,2,1,2,1,1,1,1,4,3,6
SF,IF2007,2020-05-20 09:34:54.600,3866.0000,3123,0,195881340.000,0,-,-,-,-,3866.0000,3865.8000,3865.6000,3864.6000,3864.4000,3867.6000,3868.6000,3872.0000,3873.6000,3875.0000,2,1,2,1,1,1,1,4,3,6
SF,IF2007,2020-05-20 09:34:55.100,3866.0000,3123,0,195881340.000,0,-,-,-,-,3866.0000,3865.8000,3865.6000,3864.6000,3864.4000,3867.2000,3867.4000,3867.6000,3868.6000,3872.0000,2,1,1,1,1,2,1,1,1,4
SF,IF2007,2020-05-20 09:34:55.600,3866.0000,3123,0,195881340.000,0,-,-,-,-,3866.0000,3865.8000,3865.6000,3864.6000,3864.4000,3867.0000,3867.2000,3867.4000,3867.6000,3868.6000,2,1,1,1,1,1,2,1,1,1
SF,IF2007,2020-05-20 09:34:56.100,3866.0000,3124,1,197041140.000,1,1,0,双开,S,3866.0000,3865.6000,3864.6000,3864.4000,3864.2000,3867.0000,3867.2000,3867.4000,3867.6000,3868.6000,1,1,1,1,1,1,2,1,1,1
SF,IF2007,2020-05-20 09:34:56.600,3866.0000,3124,0,198200940.000,1,0,1,多换,S,3864.6000,3864.4000,3864.2000,3863.8000,3862.6000,3866.8000,3867.2000,3867.6000,3868.6000,3872.0000,1,1,1,1,1,1,2,1,1,4
SF,IF2007,2020-05-20 09:34:57.100,3866.0000,3124,0,198200940.000,0,-,-,-,-,3864.6000,3864.4000,3864.2000,3863.8000,3862.6000,3866.8000,3867.2000,3867.6000,3868.6000,3872.0000,1,1,1,1,1,1,2,1,1,4
SF,IF2007,2020-05-20 09:34:57.600,3866.0000,3124,0,198200940.000,0,-,-,-,-,3864.4000,3864.2000,3863.8000,3862.6000,3862.0000,3866.8000,3867.2000,3867.6000,3868.6000,3872.0000,1,1,1,1,1,1,2,1,1,4
SF,IF2007,2020-05-20 09:34:58.100,3866.0000,3124,0,198200940.000,0,-,-,-,-,3864.6000,3864.4000,3864.2000,3863.8000,3862.6000,3866.0000,3866.6000,3866.8000,3867.2000,3867.6000,1,1,1,1,1,1,1,2,2,1
SF,IF2007,2020-05-20 09:34:58.600,3866.0000,3124,0,198200940.000,0,-,-,-,-,3864.6000,3864.4000,3863.8000,3862.6000,3862.0000,3866.0000,3866.6000,3866.8000,3868.6000,3872.0000,1,1,1,1,1,1,1,2,1,4
SF,IF2007,2020-05-20 09:34:59.100,3866.0000,3124,0,198200940.000,0,-,-,-,-,3864.8000,3864.6000,3864.4000,3863.8000,3862.6000,3866.0000,3866.6000,3866.8000,3868.6000,3872.0000,1,1,1,1,1,1,1,2,1,4
SF,IF2007,2020-05-20 09:34:59.600,3866.0000,3124,0,199360740.000,1,0,1,多换,S,3865.8000,3865.0000,3864.8000,3864.4000,3863.8000,3866.6000,3866.8000,3868.6000,3872.0000,3873.6000,1,1,1,1,1,1,1,1,4,3
SF,IF2007,2020-05-20 09:35:00.100,3866.0000,3124,0,199360740.000,0,-,-,-,-,3865.8000,3865.0000,3864.8000,3864.4000,3863.8000,3866.8000,3868.6000,3872.0000,3873.6000,3875.0000,1,1,1,1,1,1,1,4,3,6
