市场代码,合约代码,时间,最新,持仓,增仓,成交额,成交量,开仓,平仓,成交类型,方向,买一价,买二价,买三价,买四价,买五价,卖一价,卖二价,卖三价,卖四价,卖五价,买一量,买二量,买三量,买四量,买五量,卖一量,卖二量,卖三量,卖四量,卖五量
SF,IF2012,2020-06-02 09:29:00.000,3806.0000,6512,0,2283600.000,2.000,-,-,-,-,3805.4000,3804.8000,3801.0000,3800.2000,3800.0000,3806.2000,3810.0000,3810.2000,3810.6000,3813.0000,2,1,2,1,1,1,1,1,1,2
SF,IF2012,2020-06-02 09:30:00.500,3806.2000,6511,-1,4567320.000,2,0,2,多平,S,3806.4000,3805.6000,3805.4000,3804.8000,3801.0000,3810.0000,3810.2000,3810.6000,3816.0000,3824.0000,2,2,2,1,2,1,1,1,1,2
SF,IF2012,2020-06-02 09:30:01.000,3806.2000,6511,0,4567320.000,0,-,-,-,-,3806.6000,3806.4000,3805.6000,3805.4000,3804.8000,3810.2000,3810.6000,3816.0000,3824.0000,3824.8000,2,5,1,2,1,1,1,1,2,1
SF,IF2012,2020-06-02 09:30:01.500,3810.2000,6511,0,5710380.000,1,0,1,多换,S,3806.8000,3806.6000,3806.4000,3805.6000,3805.4000,3810.6000,3816.0000,3820.0000,3824.0000,3824.8000,2,1,5,1,2,1,1,5,2,1
SF,IF2012,2020-06-02 09:30:02.000,3810.2000,6511,0,5710380.000,0,-,-,-,-,3807.0000,3806.8000,3806.4000,3805.6000,3805.4000,3810.6000,3816.0000,3820.0000,3824.0000,3824.8000,1,1,5,1,2,1,1,5,2,1
SF,IF2012,2020-06-02 09:30:02.500,3810.6000,6510,-1,6853560.000,1,0,1,双平,S,3810.0000,3807.2000,3807.0000,3806.4000,3805.6000,3816.0000,3820.0000,3824.0000,3824.8000,3825.0000,2,1,2,5,1,1,5,2,1,1
SF,IF2012,2020-06-02 09:30:03.000,3810.6000,6510,0,6853560.000,0,-,-,-,-,3810.2000,3810.0000,3806.4000,3805.4000,3805.0000,3814.2000,3814.8000,3815.6000,3815.8000,3816.0000,1,2,5,2,5,1,1,4,3,1
SF,IF2012,2020-06-02 09:30:03.500,3806.4000,6508,-2,11424540.000,4,1,3,多平,S,3806.4000,3805.4000,3805.0000,3804.8000,3801.0000,3806.8000,3811.6000,3814.0000,3814.2000,3814.8000,4,2,5,1,2,2,1,1,1,1
SF,IF2012,2020-06-02 09:30:04.000,3806.8000,6506,-2,13708620.000,2,0,2,双平,S,3807.0000,3806.8000,3806.6000,3806.4000,3805.4000,3814.0000,3814.2000,3814.8000,3815.6000,3815.8000,6,2,7,3,2,1,1,1,4,1
SF,IF2012,2020-06-02 09:30:04.500,3813.6000,6507,1,15996180.000,2,1,1,空开,S,3807.4000,3807.2000,3807.0000,3806.8000,3806.4000,3812.8000,3813.6000,3814.2000,3814.8000,3815.8000,1,4,6,2,2,2,3,1,1,1
SF,IF2012,2020-06-02 09:30:05.000,3813.6000,6507,0,15996180.000,0,-,-,-,-,3808.2000,3807.6000,3807.4000,3807.2000,3807.0000,3812.8000,3813.6000,3814.2000,3814.8000,3815.8000,1,1,1,5,6,2,3,1,1,1
SF,IF2012,2020-06-02 09:30:05.500,3812.8000,6506,-1,17140020.000,1,0,1,双平,S,3808.4000,3808.2000,3807.2000,3807.0000,3806.4000,3812.2000,3812.8000,3814.2000,3814.8000,3815.8000,2,1,5,6,3,1,2,1,1,1
SF,IF2012,2020-06-02 09:30:06.000,3812.2000,6505,-1,18283680.000,1,0,1,双平,S,3811.6000,3810.4000,3808.8000,3808.6000,3808.4000,3812.8000,3815.8000,3816.0000,3820.0000,3824.0000,1,1,3,2,1,3,1,1,5,2
SF,IF2012,2020-06-02 09:30:06.500,3812.8000,6502,-3,21715200.000,3,0,3,双平,S,3808.6000,3808.4000,3808.2000,3807.8000,3807.2000,3815.8000,3816.0000,3820.0000,3824.0000,3824.8000,2,1,1,1,2,1,1,5,2,1
SF,IF2012,2020-06-02 09:30:07.000,3812.8000,6502,0,21715200.000,0,-,-,-,-,3811.4000,3809.0000,3807.8000,3807.0000,3806.4000,3814.2000,3814.8000,3815.4000,3815.6000,3815.8000,2,1,1,6,2,1,1,3,2,1
SF,IF2012,2020-06-02 09:30:07.500,3811.4000,6501,-1,22858620.000,1,0,1,双平,S,3811.4000,3809.6000,3809.4000,3808.6000,3807.0000,3814.2000,3814.8000,3815.4000,3815.6000,3815.8000,1,1,1,1,6,1,1,3,1,1
SF,IF2012,2020-06-02 09:30:08.000,3811.4000,6501,0,22858620.000,0,-,-,-,-,3811.4000,3809.6000,3808.6000,3807.0000,3806.4000,3814.0000,3814.2000,3814.8000,3815.4000,3816.0000,1,1,1,6,2,3,1,1,3,1
SF,IF2012,2020-06-02 09:30:08.500,3811.4000,6501,0,22858620.000,0,-,-,-,-,3811.4000,3808.6000,3807.0000,3806.4000,3805.4000,3813.4000,3813.8000,3814.0000,3814.2000,3814.8000,1,1,6,2,2,1,1,1,1,1
SF,IF2012,2020-06-02 09:30:09.000,3811.4000,6501,0,24002040.000,1,0,1,多换,S,3807.0000,3806.4000,3805.4000,3805.0000,3804.8000,3811.2000,3813.2000,3813.4000,3813.6000,3813.8000,6,2,2,5,1,2,1,1,1,1
SF,IF2012,2020-06-02 09:30:09.500,3811.4000,6501,0,24002040.000,0,-,-,-,-,3811.6000,3810.4000,3807.4000,3807.2000,3807.0000,3813.4000,3813.8000,3816.0000,3820.0000,3824.0000,1,1,4,3,6,3,1,1,5,2
SF,IF2012,2020-06-02 09:30:10.000,3811.6000,6500,-1,26289000.000,2,0,2,多平,S,3807.4000,3807.2000,3807.0000,3806.4000,3805.4000,3813.2000,3813.8000,3816.0000,3820.0000,3824.0000,4,2,6,2,2,1,1,1,5,2
SF,IF2012,2020-06-02 09:30:10.500,3811.6000,6500,0,26289000.000,0,-,-,-,-,3809.4000,3807.6000,3807.4000,3807.0000,3806.4000,3813.0000,3813.2000,3813.8000,3816.0000,3820.0000,2,3,4,6,2,1,1,1,1,5
SF,IF2012,2020-06-02 09:30:11.000,3809.8000,6499,-1,28575780.000,2,0,2,多平,S,3809.6000,3809.2000,3807.4000,3807.0000,3806.4000,3813.0000,3813.2000,3813.8000,3816.0000,3820.0000,2,2,2,4,2,1,1,1,1,5
SF,IF2012,2020-06-02 09:30:11.500,3809.8000,6499,0,28575780.000,0,-,-,-,-,3810.0000,3809.8000,3809.6000,3807.4000,3807.0000,3813.0000,3813.2000,3813.8000,3816.0000,3820.0000,1,2,1,2,4,1,1,1,1,5
SF,IF2012,2020-06-02 09:30:12.000,3810.0000,6495,-4,33147780.000,4,0,4,双平,S,3809.6000,3807.0000,3806.4000,3805.4000,3805.0000,3812.4000,3813.0000,3813.2000,3813.8000,3816.0000,1,4,2,2,5,1,1,1,1,1
SF,IF2012,2020-06-02 09:30:12.500,3809.6000,6494,-1,34290660.000,1,0,1,双平,S,3810.2000,3807.0000,3806.4000,3805.4000,3805.0000,3812.4000,3812.8000,3813.2000,3816.0000,3820.0000,1,4,2,2,5,1,1,1,1,5
SF,IF2012,2020-06-02 09:30:13.000,3810.2000,6493,-1,35433720.000,1,0,1,双平,S,3807.0000,3806.4000,3805.4000,3805.0000,3804.8000,3812.2000,3812.4000,3812.6000,3812.8000,3813.2000,4,2,2,5,1,1,1,2,1,1
SF,IF2012,2020-06-02 09:30:13.500,3810.2000,6493,0,35433720.000,0,-,-,-,-,3807.2000,3807.0000,3806.4000,3805.4000,3805.0000,3812.2000,3812.4000,3812.6000,3812.8000,3813.2000,3,4,2,2,5,1,1,2,1,1
SF,IF2012,2020-06-02 09:30:14.000,3810.2000,6493,0,35433720.000,0,-,-,-,-,3807.6000,3807.4000,3807.2000,3807.0000,3806.4000,3811.0000,3811.6000,3811.8000,3812.2000,3812.8000,1,3,3,4,2,1,2,1,1,1
SF,IF2012,2020-06-02 09:30:14.500,3811.0000,6492,-1,36577020.000,1,0,1,双平,S,3807.8000,3807.6000,3807.0000,3806.4000,3805.4000,3811.6000,3811.8000,3812.8000,3816.0000,3820.0000,3,1,4,2,2,2,1,1,1,5
SF,IF2012,2020-06-02 09:30:15.000,3811.0000,6492,0,36577020.000,0,-,-,-,-,3808.8000,3808.0000,3807.8000,3807.6000,3807.0000,3811.8000,3812.8000,3816.0000,3820.0000,3820.8000,2,1,3,1,4,1,1,1,5,1
SF,IF2012,2020-06-02 09:30:15.500,3811.0000,6492,0,36577020.000,0,-,-,-,-,3809.4000,3809.0000,3808.2000,3807.8000,3807.0000,3812.8000,3816.0000,3820.0000,3820.8000,3824.0000,2,2,1,1,4,1,1,5,1,2
SF,IF2012,2020-06-02 09:30:16.000,3811.0000,6492,0,36577020.000,0,-,-,-,-,3809.4000,3809.0000,3807.8000,3807.0000,3806.4000,3812.6000,3812.8000,3816.0000,3820.0000,3820.8000,2,1,1,4,2,1,1,1,5,1
SF,IF2012,2020-06-02 09:30:16.500,3811.0000,6492,0,36577020.000,0,-,-,-,-,3809.4000,3807.8000,3807.0000,3806.4000,3805.4000,3812.6000,3812.8000,3816.0000,3820.0000,3820.8000,2,1,4,2,2,1,1,1,5,1
SF,IF2012,2020-06-02 09:30:17.000,3811.0000,6492,0,36577020.000,0,-,-,-,-,3809.6000,3809.4000,3807.8000,3807.0000,3806.4000,3812.6000,3812.8000,3816.0000,3820.0000,3820.8000,1,2,1,4,2,1,1,1,5,1
SF,IF2012,2020-06-02 09:30:17.500,3811.0000,6492,0,36577020.000,0,-,-,-,-,3809.4000,3807.8000,3807.0000,3806.4000,3805.4000,3812.4000,3812.6000,3812.8000,3816.0000,3820.0000,2,1,4,2,2,1,1,1,1,5
SF,IF2012,2020-06-02 09:30:18.000,3812.6000,6490,-2,38864520.000,2,0,2,双平,S,3810.4000,3809.8000,3809.6000,3809.4000,3807.0000,3812.8000,3816.0000,3820.0000,3820.8000,3824.0000,1,2,4,2,4,1,1,5,1,2
SF,IF2012,2020-06-02 09:30:18.500,3812.8000,6490,0,40008360.000,1,0,1,多换,S,3810.6000,3809.8000,3809.6000,3809.4000,3807.0000,3816.0000,3820.0000,3820.8000,3824.0000,3824.8000,2,2,1,2,4,1,5,1,2,1
SF,IF2012,2020-06-02 09:30:19.000,3812.8000,6490,0,40008360.000,0,-,-,-,-,3810.8000,3810.6000,3809.8000,3809.6000,3809.4000,3814.2000,3814.8000,3815.6000,3815.8000,3816.0000,2,1,2,1,2,1,1,3,3,1
SF,IF2012,2020-06-02 09:30:19.500,3812.8000,6490,0,40008360.000,0,-,-,-,-,3811.6000,3810.8000,3809.8000,3809.6000,3809.4000,3814.0000,3814.2000,3814.8000,3815.8000,3816.0000,2,2,2,1,2,2,1,1,1,1
SF,IF2012,2020-06-02 09:30:20.000,3812.8000,6490,0,40008360.000,0,-,-,-,-,3811.6000,3810.8000,3809.8000,3809.6000,3809.4000,3814.0000,3814.2000,3814.8000,3815.8000,3816.0000,2,2,2,1,2,1,1,1,1,1
SF,IF2012,2020-06-02 09:30:20.500,3814.0000,6490,0,41152560.000,1,0,1,多换,S,3811.8000,3811.6000,3810.8000,3809.8000,3809.6000,3814.8000,3815.8000,3816.0000,3820.0000,3820.8000,1,2,2,2,1,1,1,1,5,1
SF,IF2012,2020-06-02 09:30:21.000,3814.0000,6490,0,41152560.000,0,-,-,-,-,3811.8000,3811.6000,3810.8000,3809.8000,3809.6000,3814.6000,3814.8000,3815.8000,3816.0000,3820.0000,1,2,2,2,1,1,1,1,1,5
SF,IF2012,2020-06-02 09:30:21.500,3814.0000,6490,0,41152560.000,0,-,-,-,-,3811.8000,3811.6000,3810.8000,3809.8000,3809.6000,3814.2000,3814.6000,3814.8000,3815.8000,3816.0000,1,2,2,2,1,1,1,1,1,1
SF,IF2012,2020-06-02 09:30:22.000,3814.0000,6490,0,41152560.000,0,-,-,-,-,3812.0000,3811.8000,3809.6000,3807.0000,3806.4000,3814.8000,3815.8000,3816.0000,3820.0000,3820.8000,2,1,1,4,2,1,1,1,5,1
SF,IF2012,2020-06-02 09:30:22.500,3814.0000,6490,0,41152560.000,0,-,-,-,-,3814.0000,3812.2000,3812.0000,3810.2000,3809.6000,3814.8000,3815.8000,3816.0000,3820.0000,3820.8000,1,1,2,2,1,1,1,1,5,1
SF,IF2012,2020-06-02 09:30:23.000,3814.0000,6489,-1,42296760.000,1,0,1,双平,S,3812.0000,3810.2000,3809.6000,3807.0000,3806.4000,3813.8000,3814.2000,3814.6000,3814.8000,3815.8000,2,2,1,4,2,2,1,2,1,1
SF,IF2012,2020-06-02 09:30:23.500,3814.0000,6489,0,42296760.000,0,-,-,-,-,3812.2000,3810.2000,3809.6000,3807.0000,3806.4000,3813.8000,3814.2000,3814.6000,3814.8000,3815.8000,3,2,1,4,2,2,1,2,1,1
SF,IF2012,2020-06-02 09:30:24.000,3814.0000,6489,0,42296760.000,0,-,-,-,-,3812.2000,3810.2000,3809.6000,3807.0000,3806.4000,3813.8000,3814.2000,3814.6000,3814.8000,3815.8000,3,2,1,4,2,2,1,1,1,1
SF,IF2012,2020-06-02 09:30:24.500,3814.0000,6489,0,42296760.000,0,-,-,-,-,3812.2000,3810.2000,3809.6000,3807.0000,3806.4000,3813.8000,3814.2000,3814.6000,3814.8000,3815.8000,1,2,1,4,2,2,1,1,1,1
SF,IF2012,2020-06-02 09:30:25.000,3814.0000,6489,0,42296760.000,0,-,-,-,-,3812.2000,3810.2000,3809.6000,3807.0000,3806.4000,3813.8000,3814.2000,3814.6000,3814.8000,3815.8000,1,2,1,4,2,2,1,1,1,1
SF,IF2012,2020-06-02 09:30:26.000,3814.0000,6489,0,42296760.000,0,-,-,-,-,3812.2000,3810.2000,3809.6000,3807.0000,3806.4000,3813.8000,3814.6000,3814.8000,3815.8000,3816.0000,1,2,1,4,2,2,1,1,1,1
SF,IF2012,2020-06-02 09:30:27.000,3814.0000,6489,0,43440960.000,1,0,1,多换,S,3812.2000,3810.2000,3809.6000,3807.0000,3806.4000,3813.8000,3814.6000,3814.8000,3815.8000,3816.0000,1,2,1,4,2,1,1,1,1,1
SF,IF2012,2020-06-02 09:30:27.500,3814.0000,6489,0,43440960.000,0,-,-,-,-,3812.2000,3810.2000,3809.6000,3807.0000,3806.4000,3814.6000,3815.8000,3816.0000,3820.0000,3820.8000,1,2,1,4,2,1,1,1,5,1
SF,IF2012,2020-06-02 09:30:28.000,3814.0000,6489,0,43440960.000,0,-,-,-,-,3812.2000,3810.2000,3809.6000,3807.0000,3806.4000,3814.2000,3814.6000,3815.8000,3816.0000,3820.0000,1,2,1,4,2,1,1,1,1,5
SF,IF2012,2020-06-02 09:30:28.500,3814.0000,6489,0,43440960.000,0,-,-,-,-,3812.6000,3812.2000,3810.2000,3809.6000,3807.0000,3814.6000,3815.8000,3816.0000,3820.0000,3820.8000,2,1,2,1,4,1,1,1,5,1
SF,IF2012,2020-06-02 09:30:29.000,3814.0000,6489,0,43440960.000,0,-,-,-,-,3812.8000,3810.2000,3809.6000,3807.0000,3806.4000,3814.6000,3815.8000,3816.0000,3820.0000,3820.8000,1,2,1,4,2,1,1,1,5,1
SF,IF2012,2020-06-02 09:30:29.500,3814.0000,6489,0,43440960.000,0,-,-,-,-,3812.8000,3810.2000,3809.6000,3807.0000,3806.4000,3814.2000,3814.6000,3815.8000,3816.0000,3820.0000,1,2,1,4,2,2,1,1,1,5
SF,IF2012,2020-06-02 09:30:30.000,3814.0000,6489,0,43440960.000,0,-,-,-,-,3810.2000,3809.6000,3807.0000,3806.4000,3806.0000,3814.2000,3814.6000,3815.8000,3816.0000,3820.0000,2,1,4,2,3,2,1,1,1,5
SF,IF2012,2020-06-02 09:30:30.500,3814.0000,6489,0,43440960.000,0,-,-,-,-,3810.4000,3810.2000,3809.6000,3807.0000,3806.4000,3814.2000,3814.6000,3815.8000,3816.0000,3820.0000,1,2,1,4,2,2,1,1,1,5
SF,IF2012,2020-06-02 09:30:31.000,3814.0000,6489,0,43440960.000,0,-,-,-,-,3810.4000,3810.2000,3809.6000,3807.0000,3806.4000,3814.2000,3814.6000,3815.8000,3816.0000,3820.0000,2,2,1,4,2,2,1,1,1,5
SF,IF2012,2020-06-02 09:30:31.500,3814.0000,6489,0,43440960.000,0,-,-,-,-,3810.4000,3810.2000,3809.6000,3807.0000,3806.4000,3814.2000,3814.6000,3815.8000,3816.0000,3820.0000,2,2,1,4,2,3,1,1,1,5
SF,IF2012,2020-06-02 09:30:32.000,3814.0000,6489,0,43440960.000,0,-,-,-,-,3810.4000,3810.2000,3809.6000,3807.0000,3806.4000,3813.8000,3814.2000,3814.6000,3815.8000,3816.0000,3,2,1,4,2,1,2,1,1,1
SF,IF2012,2020-06-02 09:30:32.500,3814.0000,6489,0,43440960.000,0,-,-,-,-,3812.0000,3810.6000,3810.4000,3810.2000,3809.6000,3813.8000,3814.6000,3815.8000,3816.0000,3820.0000,1,2,3,2,1,2,1,1,1,5
SF,IF2012,2020-06-02 09:30:33.000,3813.8000,6487,-2,45729240.000,2,0,2,双平,S,3812.2000,3812.0000,3810.6000,3810.4000,3810.2000,3814.6000,3815.8000,3816.0000,3820.0000,3820.8000,1,1,2,1,2,1,1,1,5,1
SF,IF2012,2020-06-02 09:30:33.500,3813.8000,6487,0,45729240.000,0,-,-,-,-,3812.6000,3812.2000,3812.0000,3810.4000,3810.2000,3814.4000,3814.6000,3815.8000,3816.0000,3820.0000,2,1,1,1,2,1,1,1,1,5
SF,IF2012,2020-06-02 09:30:35.000,3814.4000,6487,0,46873560.000,1,0,1,多换,S,3812.6000,3812.2000,3812.0000,3810.4000,3810.2000,3814.6000,3815.8000,3816.0000,3820.0000,3820.8000,2,1,1,1,2,1,1,1,5,1
SF,IF2012,2020-06-02 09:30:35.500,3814.4000,6487,0,46873560.000,0,-,-,-,-,3812.8000,3812.0000,3810.4000,3810.2000,3809.6000,3814.6000,3815.8000,3816.0000,3820.0000,3820.8000,1,1,1,2,1,1,1,1,5,1
SF,IF2012,2020-06-02 09:30:36.000,3812.8000,6486,-1,48017400.000,1,0,1,双平,S,3812.0000,3810.4000,3810.2000,3809.6000,3807.0000,3814.4000,3814.6000,3815.8000,3816.0000,3820.0000,1,1,2,1,4,1,1,1,1,5
SF,IF2012,2020-06-02 09:30:36.500,3812.8000,6486,0,48017400.000,0,-,-,-,-,3812.0000,3810.4000,3810.2000,3809.6000,3807.0000,3814.2000,3814.4000,3814.6000,3815.8000,3816.0000,1,1,2,1,4,1,1,1,1,1
SF,IF2012,2020-06-02 09:30:37.000,3812.8000,6486,0,48017400.000,0,-,-,-,-,3812.4000,3812.0000,3810.4000,3810.2000,3809.6000,3814.2000,3814.4000,3814.6000,3815.8000,3816.0000,1,1,1,2,1,2,1,1,1,1
SF,IF2012,2020-06-02 09:30:37.500,3812.8000,6486,0,48017400.000,0,-,-,-,-,3812.4000,3812.0000,3810.4000,3810.2000,3809.6000,3814.2000,3814.4000,3814.6000,3815.8000,3816.0000,1,1,1,2,1,2,1,1,1,1
SF,IF2012,2020-06-02 09:30:38.000,3812.4000,6485,-1,49161120.000,1,0,1,双平,S,3812.0000,3810.4000,3810.2000,3809.6000,3807.0000,3814.2000,3814.4000,3814.6000,3815.8000,3816.0000,1,1,2,1,4,2,1,1,1,1
SF,IF2012,2020-06-02 09:30:38.500,3812.0000,6485,0,50304720.000,1,0,1,多换,S,3810.4000,3810.2000,3809.6000,3807.0000,3806.4000,3813.6000,3814.0000,3814.2000,3814.4000,3815.8000,1,2,1,4,2,2,1,2,1,1
SF,IF2012,2020-06-02 09:30:39.000,3812.0000,6485,0,50304720.000,0,-,-,-,-,3810.6000,3810.4000,3810.2000,3809.6000,3807.0000,3813.6000,3814.0000,3814.2000,3814.4000,3815.8000,2,1,2,1,4,2,1,1,1,1
SF,IF2012,2020-06-02 09:30:40.000,3812.0000,6485,0,50304720.000,0,-,-,-,-,3811.0000,3810.6000,3810.4000,3810.2000,3809.6000,3814.0000,3814.2000,3814.4000,3815.8000,3816.0000,1,2,1,2,1,1,1,1,1,1
SF,IF2012,2020-06-02 09:30:40.500,3812.0000,6485,0,50304720.000,0,-,-,-,-,3811.2000,3811.0000,3810.4000,3810.2000,3809.6000,3814.2000,3814.4000,3815.8000,3816.0000,3820.0000,1,1,1,2,1,1,1,1,1,5
SF,IF2012,2020-06-02 09:30:41.000,3812.0000,6485,0,50304720.000,0,-,-,-,-,3811.4000,3811.2000,3810.4000,3810.2000,3809.6000,3814.0000,3814.2000,3814.4000,3815.8000,3816.0000,1,1,1,2,1,1,1,1,1,1
SF,IF2012,2020-06-02 09:30:41.500,3811.6000,6484,-1,51448200.000,1,0,1,双平,S,3811.4000,3810.4000,3810.2000,3809.6000,3807.0000,3814.0000,3814.2000,3814.4000,3815.8000,3816.0000,1,1,2,1,4,1,1,1,1,1
SF,IF2012,2020-06-02 09:30:42.000,3811.6000,6484,0,51448200.000,0,-,-,-,-,3811.6000,3811.4000,3810.4000,3810.2000,3809.6000,3814.0000,3814.2000,3814.4000,3815.8000,3816.0000,1,1,1,2,1,1,1,1,1,1
SF,IF2012,2020-06-02 09:30:42.500,3811.6000,6484,0,51448200.000,0,-,-,-,-,3810.4000,3810.2000,3809.6000,3807.0000,3806.4000,3813.6000,3813.8000,3814.0000,3814.2000,3814.4000,1,2,1,4,2,2,1,1,1,1
SF,IF2012,2020-06-02 09:30:43.000,3811.6000,6484,0,51448200.000,0,-,-,-,-,3810.6000,3810.4000,3810.2000,3809.6000,3807.0000,3813.6000,3813.8000,3814.2000,3814.4000,3815.8000,3,1,2,1,4,2,1,1,1,1
SF,IF2012,2020-06-02 09:30:43.500,3811.6000,6484,0,51448200.000,0,-,-,-,-,3810.6000,3810.4000,3810.2000,3809.6000,3807.0000,3813.4000,3813.6000,3813.8000,3814.2000,3814.4000,3,1,2,1,4,1,2,1,1,1
SF,IF2012,2020-06-02 09:30:44.000,3811.6000,6484,0,51448200.000,0,-,-,-,-,3810.6000,3810.4000,3810.2000,3809.6000,3807.0000,3813.4000,3813.6000,3813.8000,3814.2000,3814.4000,1,1,2,1,4,1,2,1,1,1
SF,IF2012,2020-06-02 09:30:44.500,3811.6000,6484,0,51448200.000,0,-,-,-,-,3810.6000,3810.4000,3810.2000,3809.6000,3807.0000,3813.2000,3813.4000,3813.8000,3814.2000,3815.8000,1,1,2,1,4,3,1,1,1,1
SF,IF2012,2020-06-02 09:30:45.000,3811.6000,6484,0,51448200.000,0,-,-,-,-,3810.6000,3810.4000,3810.2000,3809.6000,3807.0000,3813.0000,3813.2000,3813.8000,3814.2000,3815.8000,1,1,2,1,4,3,3,1,1,1
SF,IF2012,2020-06-02 09:30:45.500,3811.6000,6484,0,51448200.000,0,-,-,-,-,3810.6000,3810.4000,3810.2000,3809.6000,3807.0000,3813.0000,3813.2000,3813.8000,3814.2000,3815.8000,1,1,2,1,4,5,1,1,1,1
SF,IF2012,2020-06-02 09:30:46.000,3811.6000,6484,0,51448200.000,0,-,-,-,-,3810.6000,3810.4000,3810.2000,3809.6000,3807.0000,3812.6000,3812.8000,3813.0000,3813.2000,3813.8000,1,1,2,1,4,2,1,1,1,1
SF,IF2012,2020-06-02 09:30:46.500,3811.6000,6484,0,51448200.000,0,-,-,-,-,3810.6000,3810.4000,3810.2000,3809.6000,3807.0000,3812.4000,3812.6000,3813.2000,3813.8000,3814.2000,1,1,2,1,4,1,2,1,1,1
SF,IF2012,2020-06-02 09:30:48.000,3811.6000,6484,0,51448200.000,0,-,-,-,-,3810.6000,3810.4000,3810.2000,3809.6000,3807.0000,3812.2000,3812.4000,3813.2000,3813.8000,3814.2000,1,1,2,1,4,2,1,1,1,1
SF,IF2012,2020-06-02 09:30:48.500,3811.6000,6484,0,51448200.000,0,-,-,-,-,3811.0000,3810.6000,3810.4000,3810.2000,3809.6000,3811.6000,3812.0000,3812.2000,3813.2000,3814.2000,1,1,1,2,1,1,1,1,1,1
SF,IF2012,2020-06-02 09:30:49.000,3811.6000,6484,0,52591680.000,1,0,1,多换,S,3810.6000,3810.4000,3810.2000,3809.6000,3807.0000,3812.0000,3812.2000,3813.2000,3814.2000,3815.8000,1,1,2,1,4,1,1,1,1,1
SF,IF2012,2020-06-02 09:30:50.000,3810.6000,6484,0,53734860.000,1,0,1,多换,S,3810.4000,3810.2000,3809.6000,3807.2000,3807.0000,3812.0000,3812.2000,3813.2000,3814.2000,3815.8000,1,2,1,1,5,1,1,1,1,1
SF,IF2012,2020-06-02 09:30:50.500,3810.6000,6484,0,53734860.000,0,-,-,-,-,3810.4000,3810.2000,3809.6000,3807.2000,3807.0000,3812.0000,3812.2000,3813.2000,3814.2000,3815.8000,1,2,1,1,5,1,1,1,1,1
SF,IF2012,2020-06-02 09:30:51.000,3810.6000,6484,0,53734860.000,0,-,-,-,-,3810.4000,3810.2000,3809.6000,3807.2000,3807.0000,3812.2000,3813.2000,3814.2000,3815.8000,3816.0000,1,2,1,1,5,1,1,1,1,1
SF,IF2012,2020-06-02 09:30:51.500,3810.6000,6484,0,53734860.000,0,-,-,-,-,3810.4000,3810.2000,3809.6000,3807.2000,3807.0000,3812.0000,3812.2000,3813.2000,3814.2000,3815.8000,1,2,1,1,5,1,1,1,1,1
SF,IF2012,2020-06-02 09:30:52.000,3810.6000,6484,0,53734860.000,0,-,-,-,-,3810.4000,3810.2000,3809.6000,3807.2000,3807.0000,3812.2000,3813.2000,3814.2000,3815.8000,3816.0000,1,2,1,1,5,1,1,1,1,1
SF,IF2012,2020-06-02 09:30:52.500,3810.6000,6484,0,53734860.000,0,-,-,-,-,3810.4000,3810.2000,3809.6000,3807.2000,3807.0000,3812.0000,3812.2000,3813.2000,3814.2000,3815.8000,1,2,1,1,5,1,1,1,1,1
SF,IF2012,2020-06-02 09:30:53.000,3810.6000,6484,0,53734860.000,0,-,-,-,-,3810.4000,3810.2000,3809.6000,3807.2000,3807.0000,3812.0000,3812.2000,3813.2000,3814.2000,3815.8000,1,2,1,1,5,1,1,1,1,1
SF,IF2012,2020-06-02 09:30:53.500,3812.0000,6484,0,54878460.000,1,0,1,多换,S,3810.4000,3810.2000,3809.6000,3807.2000,3807.0000,3812.2000,3813.2000,3814.2000,3815.8000,3816.0000,1,2,1,1,5,1,1,1,1,1
SF,IF2012,2020-06-02 09:30:54.000,3812.0000,6484,0,54878460.000,0,-,-,-,-,3810.4000,3810.2000,3809.6000,3807.2000,3807.0000,3812.2000,3813.2000,3814.2000,3815.8000,3816.0000,1,2,1,1,5,1,1,1,1,1
SF,IF2012,2020-06-02 09:30:54.500,3812.0000,6484,0,54878460.000,0,-,-,-,-,3810.4000,3810.2000,3809.6000,3807.2000,3807.0000,3812.0000,3812.2000,3813.2000,3814.2000,3815.8000,1,2,1,1,5,1,1,1,1,1
SF,IF2012,2020-06-02 09:30:55.000,3810.4000,6484,0,56021580.000,1,0,1,多换,S,3810.2000,3809.6000,3807.2000,3807.0000,3806.4000,3812.0000,3812.2000,3813.2000,3814.2000,3815.8000,2,1,1,5,2,1,1,1,1,1
SF,IF2012,2020-06-02 09:30:55.500,3810.2000,6484,0,58307700.000,2,1,1,多换,S,3809.6000,3807.2000,3807.0000,3806.4000,3805.4000,3812.0000,3812.2000,3813.2000,3814.2000,3815.8000,1,1,5,1,2,1,1,1,1,1
SF,IF2012,2020-06-02 09:30:56.000,3810.2000,6484,0,58307700.000,0,-,-,-,-,3809.8000,3807.2000,3807.0000,3806.4000,3805.4000,3811.8000,3812.0000,3812.2000,3813.2000,3814.2000,1,1,5,1,2,1,1,1,1,1
SF,IF2012,2020-06-02 09:30:56.500,3810.2000,6484,0,58307700.000,0,-,-,-,-,3807.2000,3807.0000,3806.4000,3805.4000,3804.8000,3810.4000,3811.2000,3811.4000,3811.6000,3812.2000,1,5,1,2,1,1,1,1,2,1
SF,IF2012,2020-06-02 09:30:57.000,3810.2000,6484,0,58307700.000,0,-,-,-,-,3807.4000,3807.2000,3807.0000,3806.4000,3805.4000,3811.2000,3811.4000,3811.6000,3813.2000,3814.2000,1,1,5,1,2,1,1,1,1,1
SF,IF2012,2020-06-02 09:30:57.500,3810.2000,6484,0,58307700.000,0,-,-,-,-,3808.2000,3807.4000,3807.2000,3807.0000,3806.4000,3811.0000,3811.2000,3811.4000,3811.6000,3813.2000,2,1,1,5,1,1,1,1,1,1
SF,IF2012,2020-06-02 09:30:58.000,3810.2000,6484,0,58307700.000,0,-,-,-,-,3808.4000,3808.2000,3807.2000,3807.0000,3806.4000,3810.4000,3810.6000,3811.0000,3811.4000,3813.2000,1,2,1,5,1,1,1,1,1,1
SF,IF2012,2020-06-02 09:30:58.500,3810.2000,6484,0,58307700.000,0,-,-,-,-,3808.6000,3808.4000,3807.2000,3807.0000,3806.4000,3810.6000,3813.2000,3814.2000,3815.8000,3816.0000,2,1,1,5,1,2,1,1,1,1
SF,IF2012,2020-06-02 09:30:59.000,3810.2000,6484,0,58307700.000,0,-,-,-,-,3808.8000,3808.6000,3807.2000,3807.0000,3806.4000,3810.4000,3810.6000,3813.2000,3814.2000,3815.8000,1,2,1,5,1,1,2,1,1,1
SF,IF2012,2020-06-02 09:30:59.500,3810.2000,6484,0,58307700.000,0,-,-,-,-,3808.8000,3808.6000,3807.2000,3807.0000,3806.4000,3810.2000,3810.4000,3810.6000,3813.2000,3814.2000,1,2,1,5,1,1,1,2,1,1
SF,IF2012,2020-06-02 09:31:00.000,3810.2000,6484,0,58307700.000,0,-,-,-,-,3808.8000,3807.2000,3807.0000,3806.4000,3805.4000,3810.2000,3810.4000,3810.6000,3813.2000,3814.2000,1,1,5,1,2,1,1,2,1,1
SF,IF2012,2020-06-02 09:31:01.500,3808.8000,6483,-1,59450340.000,1,0,1,双平,S,3807.2000,3807.0000,3806.4000,3805.4000,3804.8000,3810.2000,3810.4000,3810.6000,3812.4000,3813.2000,1,5,1,2,1,1,1,1,1,1
SF,IF2012,2020-06-02 09:31:02.000,3808.8000,6483,0,59450340.000,0,-,-,-,-,3807.4000,3807.2000,3807.0000,3806.4000,3805.4000,3808.8000,3809.8000,3810.0000,3810.4000,3810.6000,1,1,5,1,2,1,2,1,1,1
SF,IF2012,2020-06-02 09:31:03.000,3808.8000,6483,0,59450340.000,0,-,-,-,-,3807.0000,3806.4000,3805.4000,3804.8000,3801.6000,3808.8000,3809.8000,3810.0000,3810.4000,3810.6000,4,1,2,1,3,1,2,1,1,1
SF,IF2012,2020-06-02 09:31:03.500,3808.8000,6483,0,59450340.000,0,-,-,-,-,3807.0000,3806.4000,3805.4000,3804.8000,3801.0000,3808.6000,3808.8000,3809.8000,3810.4000,3810.6000,4,1,2,1,2,1,1,2,1,1
SF,IF2012,2020-06-02 09:31:04.000,3808.8000,6482,-1,60592980.000,1,0,1,双平,S,3807.0000,3806.4000,3805.4000,3804.8000,3801.0000,3808.8000,3809.8000,3810.4000,3810.6000,3812.4000,4,1,2,1,2,1,2,1,1,1
SF,IF2012,2020-06-02 09:31:04.500,3808.8000,6482,0,60592980.000,0,-,-,-,-,3807.2000,3807.0000,3806.4000,3805.4000,3804.8000,3808.8000,3810.4000,3812.4000,3813.2000,3814.2000,1,4,1,2,1,1,1,1,1,1
SF,IF2012,2020-06-02 09:31:05.000,3808.8000,6482,0,60592980.000,0,-,-,-,-,3807.2000,3807.0000,3806.4000,3805.4000,3804.8000,3808.6000,3808.8000,3810.4000,3812.4000,3813.2000,1,4,1,2,1,1,1,1,1,1
SF,IF2012,2020-06-02 09:31:05.500,3808.8000,6482,0,60592980.000,0,-,-,-,-,3807.2000,3807.0000,3806.4000,3805.4000,3804.8000,3808.4000,3808.6000,3808.8000,3810.4000,3812.4000,1,4,1,2,1,1,1,1,1,1
SF,IF2012,2020-06-02 09:31:06.000,3808.8000,6482,0,60592980.000,0,-,-,-,-,3807.2000,3807.0000,3806.4000,3805.4000,3804.8000,3808.4000,3808.6000,3808.8000,3810.4000,3813.2000,1,4,1,2,1,1,1,1,1,1
SF,IF2012,2020-06-02 09:31:06.500,3807.2000,6481,-1,61735140.000,1,0,1,双平,S,3807.0000,3806.4000,3805.4000,3804.8000,3801.0000,3808.4000,3808.6000,3808.8000,3810.4000,3813.2000,4,1,2,1,2,1,1,1,1,1
SF,IF2012,2020-06-02 09:31:07.000,3807.2000,6481,0,61735140.000,0,-,-,-,-,3807.0000,3806.4000,3805.4000,3804.8000,3801.0000,3808.4000,3808.8000,3810.4000,3813.2000,3814.2000,4,1,2,1,2,1,1,1,1,1
SF,IF2012,2020-06-02 09:31:08.500,3808.4000,6480,-1,62877660.000,1,0,1,双平,S,3807.0000,3806.4000,3805.4000,3804.8000,3801.0000,3808.8000,3810.4000,3813.2000,3814.2000,3815.8000,4,1,2,1,2,1,1,1,1,1
SF,IF2012,2020-06-02 09:31:09.000,3808.4000,6480,0,62877660.000,0,-,-,-,-,3807.2000,3807.0000,3806.4000,3805.4000,3804.8000,3808.8000,3810.4000,3813.2000,3814.2000,3815.8000,3,4,1,2,1,1,1,1,1,1
SF,IF2012,2020-06-02 09:31:09.500,3808.4000,6480,0,62877660.000,0,-,-,-,-,3807.4000,3807.2000,3807.0000,3806.4000,3805.4000,3808.8000,3810.4000,3813.2000,3814.2000,3815.8000,1,3,4,1,2,1,1,1,1,1
SF,IF2012,2020-06-02 09:31:10.000,3808.8000,6479,-1,64020300.000,1,0,1,双平,S,3807.6000,3807.4000,3807.2000,3807.0000,3806.4000,3810.4000,3813.2000,3814.2000,3815.8000,3816.0000,1,2,2,4,1,1,1,1,1,1
SF,IF2012,2020-06-02 09:31:10.500,3808.8000,6479,0,64020300.000,0,-,-,-,-,3807.6000,3807.4000,3807.0000,3806.4000,3805.4000,3810.2000,3810.4000,3813.2000,3814.2000,3815.8000,1,1,4,1,2,1,1,1,1,1
SF,IF2012,2020-06-02 09:31:11.000,3808.8000,6479,0,64020300.000,0,-,-,-,-,3807.8000,3807.0000,3806.4000,3805.4000,3804.8000,3810.2000,3810.4000,3813.2000,3814.2000,3815.8000,2,4,1,2,1,1,1,1,1,1
SF,IF2012,2020-06-02 09:31:12.500,3808.8000,6479,0,64020300.000,0,-,-,-,-,3808.0000,3807.8000,3807.0000,3806.4000,3805.4000,3810.2000,3810.4000,3813.2000,3814.2000,3815.8000,1,1,4,1,2,1,1,1,1,1
SF,IF2012,2020-06-02 09:31:13.000,3808.8000,6479,0,64020300.000,0,-,-,-,-,3808.2000,3808.0000,3807.0000,3806.4000,3805.4000,3810.2000,3810.4000,3813.2000,3814.2000,3815.8000,1,1,4,1,2,1,1,1,1,1
SF,IF2012,2020-06-02 09:31:14.500,3810.2000,6478,-1,65163360.000,1,0,1,双平,S,3808.2000,3808.0000,3807.0000,3806.4000,3805.4000,3810.4000,3813.2000,3814.2000,3815.8000,3816.0000,1,1,4,1,2,1,1,1,1,1
SF,IF2012,2020-06-02 09:31:15.000,3810.2000,6478,0,65163360.000,0,-,-,-,-,3808.4000,3808.2000,3808.0000,3807.0000,3806.4000,3810.4000,3813.2000,3814.2000,3815.8000,3816.0000,1,1,1,4,1,1,1,1,1,1
SF,IF2012,2020-06-02 09:31:15.500,3810.4000,6477,-1,66306480.000,1,0,1,双平,S,3808.6000,3808.4000,3807.0000,3806.4000,3805.4000,3813.2000,3814.2000,3815.8000,3816.0000,3820.0000,1,2,4,1,2,1,1,1,1,5
SF,IF2012,2020-06-02 09:31:16.000,3810.4000,6477,0,66306480.000,0,-,-,-,-,3808.6000,3808.4000,3807.0000,3806.4000,3805.4000,3812.8000,3813.0000,3813.2000,3814.2000,3815.8000,1,1,4,1,2,4,1,1,1,1
SF,IF2012,2020-06-02 09:31:16.500,3810.4000,6477,0,66306480.000,0,-,-,-,-,3808.8000,3808.6000,3807.0000,3806.4000,3805.4000,3812.6000,3812.8000,3813.2000,3814.2000,3814.6000,1,1,4,1,2,2,4,1,1,1
SF,IF2012,2020-06-02 09:31:17.000,3810.4000,6477,0,66306480.000,0,-,-,-,-,3809.0000,3808.8000,3807.0000,3806.4000,3805.4000,3812.4000,3812.6000,3812.8000,3813.2000,3814.2000,1,1,4,1,2,1,2,4,1,1
SF,IF2012,2020-06-02 09:31:17.500,3810.4000,6477,0,66306480.000,0,-,-,-,-,3809.0000,3808.8000,3807.0000,3806.4000,3805.4000,3812.2000,3812.4000,3812.8000,3813.2000,3814.2000,1,1,4,1,2,2,1,4,1,1
SF,IF2012,2020-06-02 09:31:18.000,3810.4000,6477,0,66306480.000,0,-,-,-,-,3809.0000,3807.0000,3806.4000,3805.4000,3804.8000,3812.0000,3812.2000,3812.4000,3812.8000,3813.2000,1,4,1,2,1,1,2,1,4,1
SF,IF2012,2020-06-02 09:31:18.500,3810.4000,6477,0,66306480.000,0,-,-,-,-,3809.0000,3807.0000,3806.4000,3805.4000,3804.8000,3811.8000,3812.0000,3812.4000,3812.8000,3814.2000,1,4,1,2,1,3,1,1,4,1
SF,IF2012,2020-06-02 09:31:19.000,3810.4000,6477,0,66306480.000,0,-,-,-,-,3807.0000,3806.4000,3805.4000,3804.8000,3801.0000,3811.8000,3812.0000,3812.4000,3812.8000,3814.2000,4,1,2,1,2,4,1,1,4,1
SF,IF2012,2020-06-02 09:31:19.500,3810.4000,6477,0,66306480.000,0,-,-,-,-,3807.2000,3807.0000,3806.4000,3805.4000,3804.8000,3811.8000,3812.0000,3812.4000,3812.8000,3814.2000,1,4,1,2,1,4,1,1,4,1
SF,IF2012,2020-06-02 09:31:20.000,3810.4000,6477,0,66306480.000,0,-,-,-,-,3807.6000,3807.4000,3807.2000,3807.0000,3806.4000,3811.6000,3811.8000,3812.0000,3812.4000,3812.8000,2,2,1,4,1,1,4,1,1,4
SF,IF2012,2020-06-02 09:31:20.500,3810.4000,6477,0,66306480.000,0,-,-,-,-,3807.8000,3807.6000,3807.4000,3807.0000,3806.4000,3811.6000,3811.8000,3812.0000,3812.4000,3814.2000,1,2,2,4,1,1,3,1,1,1
SF,IF2012,2020-06-02 09:31:21.000,3810.4000,6477,0,66306480.000,0,-,-,-,-,3808.2000,3807.8000,3807.4000,3807.0000,3806.4000,3811.8000,3812.0000,3812.4000,3814.2000,3814.6000,2,1,2,4,1,1,1,1,1,1
SF,IF2012,2020-06-02 09:31:21.500,3810.4000,6477,0,66306480.000,0,-,-,-,-,3808.4000,3808.2000,3807.0000,3806.4000,3805.4000,3811.8000,3812.0000,3812.4000,3814.2000,3814.6000,1,2,4,1,2,1,1,1,1,1
SF,IF2012,2020-06-02 09:31:22.000,3810.4000,6477,0,66306480.000,0,-,-,-,-,3808.8000,3808.4000,3807.0000,3806.4000,3805.4000,3811.8000,3812.4000,3814.2000,3814.6000,3816.0000,2,1,4,1,2,1,1,1,1,1
SF,IF2012,2020-06-02 09:31:22.500,3810.4000,6477,0,66306480.000,0,-,-,-,-,3809.0000,3808.8000,3807.0000,3806.4000,3805.4000,3811.8000,3812.4000,3814.2000,3814.6000,3816.0000,1,2,4,1,2,1,1,1,1,1
SF,IF2012,2020-06-02 09:31:23.000,3810.4000,6477,0,66306480.000,0,-,-,-,-,3809.2000,3809.0000,3807.0000,3806.4000,3805.4000,3811.8000,3812.4000,3814.2000,3814.6000,3816.0000,2,1,4,1,2,1,1,1,1,1
SF,IF2012,2020-06-02 09:31:23.500,3810.4000,6477,0,66306480.000,0,-,-,-,-,3809.4000,3809.2000,3807.0000,3806.4000,3805.4000,3811.4000,3811.8000,3812.4000,3814.2000,3814.6000,1,2,4,1,2,1,1,1,1,1
SF,IF2012,2020-06-02 09:31:24.000,3810.4000,6477,0,66306480.000,0,-,-,-,-,3809.6000,3809.4000,3807.0000,3806.4000,3805.4000,3811.4000,3811.6000,3811.8000,3812.4000,3814.2000,2,1,4,1,2,1,1,1,1,1
SF,IF2012,2020-06-02 09:31:24.500,3810.4000,6477,0,66306480.000,0,-,-,-,-,3809.8000,3809.6000,3807.0000,3806.4000,3805.4000,3811.4000,3811.6000,3811.8000,3812.4000,3814.2000,1,2,4,1,2,1,1,1,1,1
SF,IF2012,2020-06-02 09:31:25.000,3810.4000,6477,0,66306480.000,0,-,-,-,-,3809.8000,3807.0000,3806.4000,3805.4000,3804.8000,3811.4000,3811.6000,3812.4000,3814.2000,3814.6000,1,4,1,2,1,1,1,1,1,1
SF,IF2012,2020-06-02 09:31:25.500,3810.4000,6477,0,66306480.000,0,-,-,-,-,3809.8000,3807.0000,3806.4000,3805.4000,3804.8000,3811.4000,3812.4000,3814.2000,3814.6000,3816.0000,1,4,1,2,1,1,1,1,1,1
SF,IF2012,2020-06-02 09:31:26.500,3810.4000,6477,0,66306480.000,0,-,-,-,-,3810.0000,3809.8000,3809.2000,3807.0000,3806.4000,3811.2000,3811.4000,3812.4000,3814.2000,3814.6000,1,1,1,4,1,1,1,1,1,1
SF,IF2012,2020-06-02 09:31:27.000,3810.4000,6477,0,66306480.000,0,-,-,-,-,3810.0000,3809.8000,3809.2000,3807.0000,3806.4000,3811.2000,3812.4000,3814.2000,3814.6000,3816.0000,1,1,1,4,1,1,1,1,1,1
SF,IF2012,2020-06-02 09:31:27.500,3810.4000,6477,0,66306480.000,0,-,-,-,-,3810.2000,3809.2000,3807.0000,3806.4000,3805.4000,3811.2000,3812.4000,3814.2000,3814.6000,3816.0000,1,1,4,1,2,1,1,1,1,1
SF,IF2012,2020-06-02 09:31:28.000,3810.2000,6476,-1,67449540.000,1,0,1,双平,S,3809.2000,3807.0000,3806.4000,3805.4000,3804.8000,3811.2000,3812.4000,3814.2000,3814.6000,3816.0000,1,4,1,2,1,1,1,1,1,1
SF,IF2012,2020-06-02 09:31:28.500,3810.2000,6476,0,67449540.000,0,-,-,-,-,3809.4000,3809.2000,3807.0000,3806.4000,3805.4000,3811.2000,3812.4000,3814.2000,3814.6000,3816.0000,1,1,4,1,2,1,1,1,1,1
SF,IF2012,2020-06-02 09:31:29.000,3810.2000,6476,0,67449540.000,0,-,-,-,-,3809.6000,3809.4000,3809.2000,3807.0000,3806.4000,3811.2000,3812.4000,3814.2000,3814.6000,3816.0000,1,2,1,4,1,1,1,1,1,1
SF,IF2012,2020-06-02 09:31:29.500,3810.2000,6476,0,67449540.000,0,-,-,-,-,3809.8000,3809.6000,3809.4000,3809.2000,3807.0000,3811.2000,3812.4000,3814.2000,3814.6000,3816.0000,1,1,1,1,4,1,1,1,1,1
SF,IF2012,2020-06-02 09:31:30.000,3810.2000,6476,0,67449540.000,0,-,-,-,-,3809.8000,3809.6000,3809.2000,3807.0000,3806.4000,3811.2000,3812.4000,3814.2000,3814.6000,3816.0000,2,1,1,4,1,1,1,1,1,1
SF,IF2012,2020-06-02 09:31:30.500,3810.2000,6476,0,67449540.000,0,-,-,-,-,3810.0000,3809.8000,3809.2000,3807.0000,3806.4000,3811.2000,3812.4000,3814.2000,3814.6000,3816.0000,1,1,1,4,1,1,1,1,1,1
SF,IF2012,2020-06-02 09:31:31.000,3810.2000,6476,0,68592600.000,1,0,1,多换,S,3810.0000,3809.2000,3807.0000,3806.4000,3805.4000,3811.2000,3812.4000,3814.2000,3814.6000,3816.0000,1,1,4,1,2,1,1,1,1,1
SF,IF2012,2020-06-02 09:31:31.500,3810.2000,6475,-1,69735660.000,1,0,1,双平,S,3810.2000,3809.2000,3807.0000,3806.4000,3805.4000,3811.2000,3812.4000,3814.2000,3814.6000,3816.0000,1,1,4,1,2,1,1,1,1,1
SF,IF2012,2020-06-02 09:31:32.000,3810.2000,6475,0,69735660.000,0,-,-,-,-,3809.2000,3807.0000,3806.4000,3805.4000,3804.8000,3811.2000,3812.4000,3814.2000,3814.6000,3816.0000,1,4,1,2,1,1,1,1,1,1
SF,IF2012,2020-06-02 09:31:32.500,3810.2000,6475,0,69735660.000,0,-,-,-,-,3810.2000,3809.4000,3809.2000,3807.0000,3806.4000,3811.2000,3812.4000,3814.2000,3814.6000,3816.0000,1,1,1,4,1,1,1,1,1,1
SF,IF2012,2020-06-02 09:31:33.000,3810.2000,6475,0,69735660.000,0,-,-,-,-,3809.2000,3807.0000,3806.4000,3805.4000,3804.8000,3811.2000,3812.4000,3814.2000,3814.6000,3816.0000,1,4,1,2,1,1,1,1,1,1
SF,IF2012,2020-06-02 09:31:33.500,3810.2000,6475,0,69735660.000,0,-,-,-,-,3809.8000,3809.4000,3809.2000,3807.0000,3806.4000,3811.2000,3812.4000,3814.2000,3814.6000,3816.0000,1,1,1,4,1,1,1,1,1,1
SF,IF2012,2020-06-02 09:31:34.000,3810.2000,6475,0,69735660.000,0,-,-,-,-,3809.4000,3809.2000,3807.0000,3806.4000,3805.4000,3811.2000,3812.4000,3814.2000,3814.6000,3816.0000,1,1,4,1,2,1,1,1,1,1
SF,IF2012,2020-06-02 09:31:34.500,3810.2000,6475,0,69735660.000,0,-,-,-,-,3809.6000,3809.4000,3809.2000,3807.0000,3806.4000,3811.2000,3812.4000,3814.2000,3814.6000,3816.0000,1,1,1,4,1,1,1,1,1,1
SF,IF2012,2020-06-02 09:31:35.000,3811.2000,6474,-1,70879020.000,1,0,1,双平,S,3810.4000,3809.8000,3809.6000,3809.2000,3807.0000,3812.4000,3814.2000,3814.6000,3816.0000,3820.0000,1,1,1,1,4,1,1,1,1,5
SF,IF2012,2020-06-02 09:31:35.500,3811.2000,6474,0,70879020.000,0,-,-,-,-,3809.8000,3809.2000,3807.0000,3806.4000,3805.4000,3812.2000,3814.2000,3814.6000,3816.0000,3820.0000,1,1,4,1,2,1,1,1,1,5
SF,IF2012,2020-06-02 09:31:36.000,3811.2000,6474,0,70879020.000,0,-,-,-,-,3810.4000,3810.2000,3809.8000,3809.2000,3807.0000,3812.2000,3814.2000,3814.6000,3816.0000,3820.0000,1,1,1,1,4,1,1,1,1,5
SF,IF2012,2020-06-02 09:31:37.000,3811.2000,6474,0,70879020.000,0,-,-,-,-,3810.6000,3810.4000,3809.2000,3807.0000,3806.4000,3812.2000,3814.2000,3814.6000,3816.0000,3820.0000,1,1,1,4,1,1,1,1,1,5
SF,IF2012,2020-06-02 09:31:37.500,3811.2000,6474,0,70879020.000,0,-,-,-,-,3810.6000,3810.4000,3809.2000,3807.0000,3806.4000,3812.2000,3814.2000,3814.6000,3816.0000,3820.0000,1,1,1,4,1,1,1,1,1,5
SF,IF2012,2020-06-02 09:31:38.000,3811.2000,6474,0,70879020.000,0,-,-,-,-,3810.6000,3809.2000,3807.0000,3806.4000,3805.4000,3811.8000,3812.2000,3814.2000,3814.6000,3816.0000,1,1,4,1,2,1,1,1,1,1
SF,IF2012,2020-06-02 09:31:38.500,3811.2000,6474,0,70879020.000,0,-,-,-,-,3810.6000,3809.2000,3807.0000,3806.4000,3805.4000,3811.8000,3812.2000,3814.2000,3814.6000,3816.0000,1,1,4,1,2,1,1,1,1,1
SF,IF2012,2020-06-02 09:31:39.000,3811.2000,6474,0,70879020.000,0,-,-,-,-,3810.6000,3809.2000,3807.0000,3806.4000,3805.4000,3811.6000,3811.8000,3814.2000,3814.6000,3816.0000,1,1,4,1,2,1,1,1,1,1
SF,IF2012,2020-06-02 09:31:40.500,3811.2000,6474,0,70879020.000,0,-,-,-,-,3809.2000,3807.0000,3806.4000,3805.4000,3804.8000,3811.6000,3814.2000,3814.6000,3816.0000,3820.0000,1,4,1,2,1,1,1,1,1,5
SF,IF2012,2020-06-02 09:31:41.000,3811.2000,6474,0,70879020.000,0,-,-,-,-,3809.4000,3809.2000,3807.0000,3806.4000,3805.4000,3814.2000,3814.6000,3816.0000,3820.0000,3823.0000,1,1,4,1,2,1,1,1,5,1
SF,IF2012,2020-06-02 09:31:41.500,3811.2000,6474,0,70879020.000,0,-,-,-,-,3809.6000,3809.4000,3809.2000,3807.0000,3806.4000,3814.0000,3814.2000,3814.6000,3816.0000,3820.0000,1,1,1,4,1,2,1,1,1,5
SF,IF2012,2020-06-02 09:31:42.000,3811.2000,6474,0,70879020.000,0,-,-,-,-,3810.4000,3810.2000,3809.4000,3809.2000,3807.0000,3814.0000,3814.2000,3814.6000,3816.0000,3820.0000,1,2,1,1,4,2,1,1,1,5
SF,IF2012,2020-06-02 09:31:42.500,3811.2000,6474,0,70879020.000,0,-,-,-,-,3810.4000,3809.2000,3807.0000,3806.4000,3805.4000,3813.4000,3814.0000,3814.2000,3814.6000,3816.0000,1,1,4,1,2,1,2,1,1,1
SF,IF2012,2020-06-02 09:31:43.000,3811.2000,6474,0,70879020.000,0,-,-,-,-,3811.2000,3810.4000,3809.2000,3807.0000,3806.4000,3813.2000,3813.4000,3814.0000,3814.2000,3814.6000,2,1,1,4,1,1,1,1,1,1
SF,IF2012,2020-06-02 09:31:43.500,3811.2000,6474,0,70879020.000,0,-,-,-,-,3810.4000,3809.2000,3807.0000,3806.4000,3805.4000,3811.2000,3813.2000,3814.0000,3814.2000,3814.6000,1,1,4,1,2,1,1,1,1,1
SF,IF2012,2020-06-02 09:31:44.000,3811.2000,6473,-1,72022380.000,1,0,1,双平,S,3810.6000,3810.4000,3809.2000,3807.0000,3806.4000,3813.2000,3814.0000,3814.2000,3814.6000,3816.0000,2,1,1,4,1,1,1,1,1,1
SF,IF2012,2020-06-02 09:31:44.500,3811.2000,6473,0,72022380.000,0,-,-,-,-,3810.6000,3809.2000,3807.0000,3806.4000,3805.4000,3813.2000,3814.0000,3814.2000,3814.6000,3816.0000,2,1,4,1,2,1,1,1,1,1
SF,IF2012,2020-06-02 09:31:45.000,3810.6000,6471,-2,74308740.000,2,0,2,双平,S,3809.2000,3807.0000,3806.4000,3805.4000,3804.8000,3814.0000,3814.2000,3814.6000,3816.0000,3820.0000,1,4,1,2,1,1,1,1,1,5
SF,IF2012,2020-06-02 09:31:45.500,3810.6000,6471,0,74308740.000,0,-,-,-,-,3809.2000,3807.0000,3806.4000,3805.4000,3804.8000,3812.6000,3813.6000,3813.8000,3814.0000,3814.2000,1,4,1,2,1,1,4,1,1,1
SF,IF2012,2020-06-02 09:31:46.000,3810.6000,6471,0,74308740.000,0,-,-,-,-,3807.0000,3806.4000,3805.4000,3804.8000,3801.0000,3812.4000,3812.6000,3814.0000,3814.2000,3814.6000,4,1,2,1,2,1,1,1,1,1
SF,IF2012,2020-06-02 09:31:46.500,3810.6000,6471,0,74308740.000,0,-,-,-,-,3807.0000,3806.4000,3805.4000,3804.8000,3801.0000,3812.0000,3812.4000,3812.6000,3814.0000,3814.2000,4,1,2,1,2,1,1,1,1,1
SF,IF2012,2020-06-02 09:31:47.000,3810.6000,6471,0,74308740.000,0,-,-,-,-,3807.2000,3807.0000,3806.4000,3805.4000,3804.8000,3811.8000,3812.0000,3812.6000,3814.0000,3814.2000,2,4,1,2,1,1,1,1,1,1
SF,IF2012,2020-06-02 09:31:48.000,3810.6000,6471,0,74308740.000,0,-,-,-,-,3807.0000,3806.4000,3805.4000,3804.8000,3801.0000,3811.8000,3812.0000,3812.6000,3814.0000,3814.2000,4,1,2,1,2,1,1,1,1,1
SF,IF2012,2020-06-02 09:31:49.000,3810.6000,6471,0,74308740.000,0,-,-,-,-,3807.0000,3806.4000,3805.4000,3804.8000,3801.0000,3811.2000,3811.4000,3811.8000,3812.0000,3812.6000,4,1,2,1,2,1,1,1,1,1
SF,IF2012,2020-06-02 09:31:49.500,3810.6000,6471,0,74308740.000,0,-,-,-,-,3807.2000,3807.0000,3806.4000,3805.4000,3804.8000,3811.0000,3811.2000,3811.4000,3812.0000,3812.6000,2,4,1,2,1,1,1,1,1,1
SF,IF2012,2020-06-02 09:31:50.000,3810.6000,6471,0,74308740.000,0,-,-,-,-,3807.2000,3807.0000,3806.4000,3805.4000,3804.8000,3811.0000,3811.2000,3811.4000,3812.0000,3814.0000,2,4,1,2,1,1,1,1,1,1
SF,IF2012,2020-06-02 09:31:50.500,3810.6000,6471,0,74308740.000,0,-,-,-,-,3807.4000,3807.2000,3807.0000,3806.4000,3805.4000,3810.8000,3811.0000,3811.2000,3811.4000,3812.0000,1,2,4,1,2,1,1,1,1,1
SF,IF2012,2020-06-02 09:31:51.000,3810.6000,6471,0,74308740.000,0,-,-,-,-,3807.4000,3807.0000,3806.4000,3805.4000,3804.8000,3810.6000,3810.8000,3811.2000,3811.4000,3812.0000,1,4,1,2,1,1,1,1,1,1
SF,IF2012,2020-06-02 09:31:51.500,3810.6000,6471,0,74308740.000,0,-,-,-,-,3807.4000,3807.0000,3806.4000,3805.4000,3804.8000,3810.6000,3810.8000,3811.4000,3812.0000,3814.0000,1,4,1,2,1,1,1,1,1,1
SF,IF2012,2020-06-02 09:31:52.000,3810.6000,6471,0,74308740.000,0,-,-,-,-,3807.4000,3807.0000,3806.4000,3805.4000,3804.8000,3810.6000,3810.8000,3814.0000,3814.2000,3814.6000,1,4,1,2,1,1,1,1,1,1
SF,IF2012,2020-06-02 09:31:53.000,3810.6000,6471,0,74308740.000,0,-,-,-,-,3807.4000,3807.0000,3806.4000,3805.4000,3804.8000,3810.6000,3814.0000,3814.2000,3814.6000,3816.0000,1,4,1,2,1,1,1,1,1,1
SF,IF2012,2020-06-02 09:31:55.000,3810.6000,6471,0,74308740.000,0,-,-,-,-,3807.4000,3807.0000,3806.4000,3805.4000,3804.8000,3810.4000,3810.6000,3814.0000,3814.2000,3814.6000,1,4,1,2,1,1,1,1,1,1
SF,IF2012,2020-06-02 09:31:55.500,3810.6000,6471,0,74308740.000,0,-,-,-,-,3807.4000,3807.0000,3806.4000,3805.4000,3804.8000,3810.2000,3810.4000,3814.0000,3814.2000,3814.6000,1,4,1,2,1,1,1,1,1,1
SF,IF2012,2020-06-02 09:31:56.500,3810.6000,6471,0,74308740.000,0,-,-,-,-,3807.4000,3807.0000,3806.4000,3805.4000,3804.8000,3810.0000,3810.2000,3814.0000,3814.2000,3814.6000,1,4,1,2,1,1,1,1,1,1
SF,IF2012,2020-06-02 09:31:57.000,3810.6000,6471,0,74308740.000,0,-,-,-,-,3807.4000,3807.0000,3806.4000,3805.4000,3804.8000,3809.8000,3810.0000,3814.0000,3814.2000,3814.6000,1,4,1,2,1,1,1,1,1,1
SF,IF2012,2020-06-02 09:31:58.000,3810.6000,6471,0,74308740.000,0,-,-,-,-,3807.4000,3807.0000,3806.4000,3805.4000,3804.8000,3809.8000,3814.0000,3814.2000,3814.6000,3816.0000,1,4,1,2,1,1,1,1,1,1
SF,IF2012,2020-06-02 09:31:58.500,3810.6000,6471,0,74308740.000,0,-,-,-,-,3807.4000,3807.0000,3806.4000,3805.4000,3804.8000,3809.6000,3809.8000,3814.0000,3814.2000,3814.6000,1,4,1,2,1,1,1,1,1,1
SF,IF2012,2020-06-02 09:31:59.000,3810.6000,6471,0,74308740.000,0,-,-,-,-,3807.4000,3807.0000,3806.4000,3805.4000,3804.8000,3809.4000,3809.6000,3814.0000,3814.2000,3814.6000,1,4,1,2,1,1,1,1,1,1
SF,IF2012,2020-06-02 09:31:59.500,3810.6000,6471,0,74308740.000,0,-,-,-,-,3807.0000,3806.4000,3805.4000,3804.8000,3801.0000,3809.4000,3809.6000,3814.0000,3814.2000,3814.6000,4,1,2,1,2,1,1,1,1,1
SF,IF2012,2020-06-02 09:32:00.000,3810.6000,6471,0,74308740.000,0,-,-,-,-,3807.0000,3806.4000,3805.4000,3804.8000,3801.0000,3809.4000,3814.0000,3814.2000,3814.6000,3816.0000,4,1,2,1,2,3,1,1,1,1
SF,IF2012,2020-06-02 09:32:00.500,3810.6000,6471,0,74308740.000,0,-,-,-,-,3807.0000,3806.4000,3805.4000,3804.8000,3801.0000,3809.2000,3809.4000,3814.0000,3814.2000,3814.6000,4,1,2,1,2,2,1,1,1,1
SF,IF2012,2020-06-02 09:32:01.000,3810.6000,6471,0,74308740.000,0,-,-,-,-,3807.0000,3806.4000,3805.4000,3804.8000,3801.0000,3809.0000,3809.2000,3814.0000,3814.2000,3814.6000,4,1,2,1,2,1,2,1,1,1
SF,IF2012,2020-06-02 09:32:02.000,3810.6000,6471,0,74308740.000,0,-,-,-,-,3807.0000,3806.4000,3805.4000,3804.8000,3801.0000,3809.0000,3809.2000,3810.0000,3814.0000,3814.2000,4,1,2,1,2,1,2,1,1,1
SF,IF2012,2020-06-02 09:32:03.000,3810.6000,6471,0,74308740.000,0,-,-,-,-,3807.0000,3806.4000,3805.4000,3804.8000,3801.0000,3808.8000,3809.0000,3810.0000,3814.0000,3814.2000,4,1,2,1,2,2,1,1,1,1
SF,IF2012,2020-06-02 09:32:03.500,3810.6000,6471,0,74308740.000,0,-,-,-,-,3807.0000,3806.4000,3805.4000,3804.8000,3801.0000,3808.6000,3808.8000,3810.0000,3814.0000,3814.2000,4,1,2,1,2,1,2,1,1,1
SF,IF2012,2020-06-02 09:32:04.000,3810.6000,6471,0,74308740.000,0,-,-,-,-,3807.0000,3806.4000,3805.4000,3804.8000,3801.0000,3808.6000,3808.8000,3810.0000,3814.0000,3814.2000,4,1,2,1,2,1,2,1,1,1
SF,IF2012,2020-06-02 09:32:04.500,3808.6000,6470,-1,75451320.000,1,0,1,双平,S,3807.2000,3807.0000,3806.4000,3805.4000,3804.8000,3808.8000,3810.0000,3814.0000,3814.2000,3814.6000,1,4,1,2,1,2,1,1,1,1
SF,IF2012,2020-06-02 09:32:05.000,3808.8000,6468,-2,77736600.000,2,0,2,双平,S,3807.4000,3807.0000,3806.4000,3805.4000,3804.8000,3810.0000,3814.0000,3814.2000,3814.6000,3816.0000,2,4,1,2,1,1,1,1,1,1
SF,IF2012,2020-06-02 09:32:05.500,3808.8000,6468,0,77736600.000,0,-,-,-,-,3807.6000,3807.4000,3807.0000,3806.4000,3805.4000,3809.8000,3810.0000,3814.0000,3814.2000,3814.6000,1,2,4,1,2,1,1,1,1,1
SF,IF2012,2020-06-02 09:32:06.500,3808.8000,6468,0,77736600.000,0,-,-,-,-,3808.0000,3807.6000,3807.4000,3807.0000,3806.4000,3809.8000,3810.0000,3814.0000,3814.2000,3814.6000,1,1,2,4,1,1,1,1,1,1
SF,IF2012,2020-06-02 09:32:07.000,3808.8000,6468,0,77736600.000,0,-,-,-,-,3808.0000,3807.0000,3806.4000,3805.4000,3804.8000,3809.8000,3810.0000,3814.0000,3814.2000,3814.6000,1,4,1,2,1,1,1,1,1,1
SF,IF2012,2020-06-02 09:32:09.000,3808.8000,6468,0,77736600.000,0,-,-,-,-,3808.4000,3807.0000,3806.4000,3805.4000,3804.8000,3809.8000,3810.0000,3814.0000,3814.2000,3814.6000,1,4,1,2,1,1,1,1,1,1
SF,IF2012,2020-06-02 09:32:09.500,3808.8000,6468,0,77736600.000,0,-,-,-,-,3808.4000,3807.0000,3806.4000,3805.4000,3804.8000,3809.8000,3810.0000,3813.6000,3814.0000,3814.2000,1,4,1,2,1,1,1,1,1,1
SF,IF2012,2020-06-02 09:32:10.000,3808.4000,6467,-1,78879120.000,1,0,1,双平,S,3807.0000,3806.4000,3805.4000,3804.8000,3801.0000,3810.0000,3813.6000,3814.0000,3814.2000,3814.6000,4,1,2,1,2,1,1,1,1,1
SF,IF2012,2020-06-02 09:32:10.500,3808.4000,6467,0,78879120.000,0,-,-,-,-,3807.2000,3807.0000,3806.4000,3805.4000,3804.8000,3810.0000,3813.6000,3814.0000,3814.2000,3814.6000,1,4,1,2,1,1,1,1,1,1
SF,IF2012,2020-06-02 09:32:11.000,3808.4000,6467,0,78879120.000,0,-,-,-,-,3809.8000,3807.2000,3807.0000,3806.4000,3805.4000,3810.0000,3811.2000,3813.6000,3814.0000,3814.2000,1,1,4,1,2,1,1,1,1,1
SF,IF2012,2020-06-02 09:32:11.500,3809.8000,6466,-1,80022060.000,1,0,1,双平,S,3807.0000,3806.4000,3805.4000,3804.8000,3801.0000,3810.0000,3811.2000,3813.6000,3814.0000,3814.2000,4,1,2,1,2,1,1,1,1,1
SF,IF2012,2020-06-02 09:32:12.000,3809.8000,6466,0,80022060.000,0,-,-,-,-,3807.2000,3807.0000,3806.4000,3805.4000,3804.8000,3810.0000,3811.2000,3813.6000,3814.0000,3814.2000,3,4,1,2,1,1,1,1,1,1
SF,IF2012,2020-06-02 09:32:12.500,3809.8000,6466,0,80022060.000,0,-,-,-,-,3807.2000,3807.0000,3806.4000,3805.4000,3804.8000,3810.0000,3811.2000,3813.6000,3814.0000,3814.2000,5,4,1,2,1,1,1,1,1,1
SF,IF2012,2020-06-02 09:32:13.000,3809.8000,6466,0,80022060.000,0,-,-,-,-,3807.2000,3807.0000,3806.4000,3805.4000,3804.8000,3809.8000,3810.0000,3811.2000,3813.6000,3814.0000,3,4,1,2,1,1,1,1,1,1
SF,IF2012,2020-06-02 09:32:13.500,3809.8000,6466,0,80022060.000,0,-,-,-,-,3807.2000,3807.0000,3806.4000,3805.4000,3804.8000,3809.8000,3810.0000,3811.2000,3813.6000,3814.0000,1,4,1,2,1,1,1,1,1,1
SF,IF2012,2020-06-02 09:32:14.000,3809.8000,6466,0,80022060.000,0,-,-,-,-,3807.2000,3807.0000,3806.4000,3805.4000,3804.8000,3809.4000,3809.8000,3810.0000,3811.2000,3813.6000,1,4,1,2,1,2,1,1,1,1
SF,IF2012,2020-06-02 09:32:15.000,3809.8000,6466,0,80022060.000,0,-,-,-,-,3807.2000,3807.0000,3806.4000,3805.4000,3804.8000,3809.8000,3810.0000,3811.2000,3813.6000,3814.0000,1,4,1,2,1,1,1,1,1,1
SF,IF2012,2020-06-02 09:32:15.500,3809.8000,6466,0,80022060.000,0,-,-,-,-,3807.2000,3807.0000,3806.4000,3805.4000,3804.8000,3809.8000,3810.0000,3811.2000,3813.6000,3814.0000,1,4,1,2,1,1,1,1,1,1
SF,IF2012,2020-06-02 09:32:16.000,3809.8000,6466,0,80022060.000,0,-,-,-,-,3807.0000,3806.4000,3805.4000,3804.8000,3801.0000,3809.6000,3809.8000,3810.0000,3811.2000,3813.6000,4,1,2,1,2,2,1,1,1,1
SF,IF2012,2020-06-02 09:32:16.500,3809.8000,6466,0,80022060.000,0,-,-,-,-,3807.2000,3807.0000,3806.4000,3805.4000,3804.8000,3809.6000,3810.0000,3811.2000,3813.6000,3814.0000,1,4,1,2,1,2,1,1,1,1
SF,IF2012,2020-06-02 09:32:17.500,3809.8000,6466,0,80022060.000,0,-,-,-,-,3807.6000,3807.2000,3807.0000,3806.4000,3805.4000,3809.6000,3810.0000,3811.2000,3813.6000,3814.0000,1,1,4,1,2,2,1,1,1,1
SF,IF2012,2020-06-02 09:32:18.000,3809.8000,6466,0,80022060.000,0,-,-,-,-,3807.8000,3807.4000,3807.0000,3806.4000,3805.4000,3809.6000,3810.0000,3811.2000,3813.6000,3814.0000,1,1,4,1,2,2,1,1,1,1
SF,IF2012,2020-06-02 09:32:18.500,3809.8000,6466,0,80022060.000,0,-,-,-,-,3807.8000,3807.4000,3807.0000,3806.4000,3805.4000,3810.0000,3811.2000,3813.6000,3814.0000,3814.2000,1,1,4,1,2,1,1,1,1,1
SF,IF2012,2020-06-02 09:32:19.000,3809.8000,6466,0,80022060.000,0,-,-,-,-,3807.8000,3807.4000,3807.0000,3806.4000,3805.4000,3809.8000,3810.0000,3811.2000,3813.6000,3814.0000,1,1,4,1,2,2,1,1,1,1
SF,IF2012,2020-06-02 09:32:21.000,3809.8000,6466,0,80022060.000,0,-,-,-,-,3808.0000,3807.8000,3807.4000,3807.0000,3806.4000,3809.8000,3810.0000,3811.2000,3813.6000,3814.0000,1,1,1,4,1,2,1,1,1,1
SF,IF2012,2020-06-02 09:32:21.500,3809.8000,6466,0,80022060.000,0,-,-,-,-,3808.2000,3808.0000,3807.4000,3807.0000,3806.4000,3809.8000,3810.0000,3811.2000,3813.6000,3814.0000,1,1,1,4,1,2,1,1,1,1
SF,IF2012,2020-06-02 09:32:22.000,3809.8000,6466,0,80022060.000,0,-,-,-,-,3808.2000,3807.4000,3807.0000,3806.4000,3805.4000,3810.0000,3811.2000,3813.6000,3814.0000,3814.2000,1,1,4,1,2,1,1,1,1,1
SF,IF2012,2020-06-02 09:32:22.500,3809.8000,6466,0,80022060.000,0,-,-,-,-,3808.2000,3807.4000,3807.0000,3806.4000,3805.4000,3810.0000,3811.2000,3813.6000,3814.0000,3814.2000,1,1,4,1,2,3,1,1,1,1
SF,IF2012,2020-06-02 09:32:23.000,3809.8000,6466,0,80022060.000,0,-,-,-,-,3808.2000,3807.4000,3807.0000,3806.4000,3805.4000,3809.8000,3810.0000,3811.2000,3813.6000,3814.0000,1,1,4,1,2,2,1,1,1,1
SF,IF2012,2020-06-02 09:32:23.500,3809.8000,6466,0,80022060.000,0,-,-,-,-,3807.4000,3807.0000,3806.4000,3805.4000,3804.8000,3809.8000,3810.0000,3811.2000,3813.6000,3814.0000,1,4,1,2,1,2,1,1,1,1
SF,IF2012,2020-06-02 09:32:24.000,3809.8000,6466,0,80022060.000,0,-,-,-,-,3807.6000,3807.4000,3807.0000,3806.4000,3805.4000,3809.8000,3810.0000,3811.2000,3813.6000,3814.0000,2,1,4,1,2,2,1,1,1,1
SF,IF2012,2020-06-02 09:32:24.500,3809.8000,6466,0,80022060.000,0,-,-,-,-,3807.6000,3807.4000,3807.0000,3806.4000,3805.4000,3809.6000,3810.0000,3811.2000,3813.6000,3814.0000,2,1,4,1,2,2,1,1,1,1
SF,IF2012,2020-06-02 09:32:25.000,3809.8000,6466,0,80022060.000,0,-,-,-,-,3807.6000,3807.4000,3807.0000,3806.4000,3805.4000,3809.4000,3809.6000,3810.0000,3811.2000,3813.6000,1,1,4,1,2,1,2,1,1,1
SF,IF2012,2020-06-02 09:32:25.500,3809.8000,6466,0,80022060.000,0,-,-,-,-,3807.4000,3807.0000,3806.4000,3805.4000,3804.8000,3809.4000,3809.6000,3810.0000,3811.2000,3813.6000,1,4,1,2,1,1,2,1,1,1
SF,IF2012,2020-06-02 09:32:26.000,3809.8000,6466,0,80022060.000,0,-,-,-,-,3807.6000,3807.4000,3807.0000,3806.4000,3805.4000,3809.2000,3809.4000,3810.0000,3811.2000,3813.6000,1,1,4,1,2,2,1,1,1,1
SF,IF2012,2020-06-02 09:32:26.500,3807.6000,6465,-1,81164340.000,1,0,1,双平,S,3807.4000,3807.0000,3806.4000,3805.4000,3804.8000,3809.2000,3809.4000,3810.0000,3811.2000,3813.6000,1,4,1,2,1,2,1,1,1,1
SF,IF2012,2020-06-02 09:32:27.000,3807.6000,6465,0,81164340.000,0,-,-,-,-,3807.0000,3806.4000,3805.4000,3804.8000,3801.0000,3809.0000,3810.0000,3811.2000,3813.6000,3814.0000,4,1,2,1,2,1,1,1,1,1
SF,IF2012,2020-06-02 09:32:28.000,3807.6000,6465,0,81164340.000,0,-,-,-,-,3807.0000,3806.4000,3805.4000,3804.8000,3801.0000,3809.0000,3810.0000,3811.2000,3813.6000,3814.0000,4,1,2,1,2,3,1,1,1,1
SF,IF2012,2020-06-02 09:32:28.500,3807.6000,6465,0,81164340.000,0,-,-,-,-,3807.0000,3806.4000,3805.4000,3804.8000,3801.0000,3808.8000,3809.0000,3810.0000,3811.2000,3813.6000,4,1,2,1,2,2,1,1,1,1
SF,IF2012,2020-06-02 09:32:29.000,3807.6000,6465,0,81164340.000,0,-,-,-,-,3807.0000,3806.4000,3805.4000,3804.8000,3801.0000,3808.6000,3808.8000,3810.0000,3811.2000,3813.6000,4,1,2,1,2,1,2,1,1,1
SF,IF2012,2020-06-02 09:32:29.500,3807.6000,6465,0,81164340.000,0,-,-,-,-,3807.0000,3806.4000,3805.4000,3804.8000,3801.0000,3808.6000,3810.0000,3811.2000,3813.6000,3814.0000,4,1,2,1,2,3,1,1,1,1
SF,IF2012,2020-06-02 09:32:30.000,3807.6000,6465,0,81164340.000,0,-,-,-,-,3807.0000,3806.4000,3805.4000,3805.2000,3804.8000,3808.4000,3808.6000,3810.0000,3811.2000,3813.6000,4,1,2,1,1,2,1,1,1,1
SF,IF2012,2020-06-02 09:32:30.500,3807.6000,6465,0,81164340.000,0,-,-,-,-,3807.0000,3806.4000,3805.4000,3805.2000,3804.8000,3808.2000,3810.0000,3811.2000,3813.6000,3814.0000,4,1,2,1,1,1,1,1,1,1
SF,IF2012,2020-06-02 09:32:33.500,3807.6000,6465,0,81164340.000,0,-,-,-,-,3807.0000,3806.4000,3805.4000,3805.2000,3804.8000,3808.0000,3808.2000,3810.0000,3811.2000,3813.6000,4,1,2,1,1,1,1,1,1,1
SF,IF2012,2020-06-02 09:32:34.000,3807.6000,6465,0,81164340.000,0,-,-,-,-,3807.0000,3806.4000,3805.4000,3805.2000,3804.8000,3807.8000,3808.0000,3810.0000,3811.2000,3813.6000,4,1,2,1,1,1,1,1,1,1
SF,IF2012,2020-06-02 09:32:34.500,3807.6000,6465,0,81164340.000,0,-,-,-,-,3807.0000,3806.4000,3805.4000,3805.2000,3804.8000,3807.8000,3810.0000,3811.2000,3813.6000,3814.0000,4,1,2,1,1,1,1,1,1,1
SF,IF2012,2020-06-02 09:32:35.000,3807.6000,6465,0,81164340.000,0,-,-,-,-,3807.0000,3806.4000,3805.4000,3804.8000,3801.0000,3807.8000,3810.0000,3811.2000,3813.6000,3814.0000,4,1,2,1,2,1,1,1,1,1
SF,IF2012,2020-06-02 09:32:36.500,3807.0000,6463,-2,85732740.000,4,1,3,多平,S,3806.4000,3805.4000,3804.8000,3801.0000,3800.2000,3806.6000,3806.8000,3807.8000,3810.0000,3811.2000,1,2,1,2,1,2,2,1,1,1
SF,IF2012,2020-06-02 09:32:37.000,3806.4000,6463,0,86874660.000,1,0,1,多换,S,3805.4000,3804.8000,3801.0000,3800.2000,3800.0000,3806.2000,3807.8000,3810.0000,3811.2000,3813.6000,2,1,2,1,7,4,1,1,1,1
SF,IF2012,2020-06-02 09:32:37.500,3805.6000,6462,-1,89158140.000,2,0,2,多平,S,3805.6000,3805.4000,3804.8000,3801.0000,3800.2000,3807.8000,3810.0000,3811.2000,3813.6000,3814.0000,3,2,1,2,1,1,1,1,1,1
SF,IF2012,2020-06-02 09:32:38.500,3805.6000,6462,0,89158140.000,0,-,-,-,-,3806.4000,3805.6000,3805.4000,3804.8000,3801.0000,3807.8000,3810.0000,3811.2000,3813.6000,3814.0000,1,3,2,1,2,1,1,1,1,1
SF,IF2012,2020-06-02 09:32:39.000,3805.6000,6462,0,89158140.000,0,-,-,-,-,3805.6000,3805.4000,3804.8000,3801.0000,3800.2000,3807.8000,3810.0000,3811.2000,3813.6000,3814.0000,3,2,1,2,1,1,1,1,1,1
SF,IF2012,2020-06-02 09:32:39.500,3805.6000,6462,0,89158140.000,0,-,-,-,-,3805.8000,3805.6000,3805.4000,3804.8000,3801.0000,3810.0000,3811.2000,3813.6000,3814.0000,3814.2000,1,3,2,1,2,1,1,1,1,1
SF,IF2012,2020-06-02 09:32:40.000,3805.6000,6462,0,89158140.000,0,-,-,-,-,3805.8000,3805.6000,3805.4000,3804.8000,3801.0000,3809.8000,3810.0000,3811.2000,3813.6000,3814.0000,2,1,2,1,2,1,1,1,1,1
SF,IF2012,2020-06-02 09:32:40.500,3805.6000,6462,0,89158140.000,0,-,-,-,-,3806.4000,3805.8000,3805.6000,3805.4000,3804.8000,3809.8000,3810.0000,3811.2000,3813.6000,3814.0000,1,2,1,2,1,1,1,1,1,1
SF,IF2012,2020-06-02 09:32:41.000,3805.6000,6462,0,89158140.000,0,-,-,-,-,3806.4000,3805.8000,3805.6000,3805.4000,3804.8000,3809.8000,3810.0000,3811.2000,3813.6000,3814.0000,1,1,1,2,1,1,1,1,1,1
SF,IF2012,2020-06-02 09:32:41.500,3805.6000,6462,0,89158140.000,0,-,-,-,-,3806.4000,3805.8000,3805.4000,3804.8000,3801.0000,3809.4000,3809.8000,3810.0000,3811.2000,3813.6000,1,1,2,1,2,1,1,1,1,1
SF,IF2012,2020-06-02 09:32:42.000,3805.6000,6462,0,89158140.000,0,-,-,-,-,3806.4000,3806.2000,3805.8000,3805.4000,3804.8000,3809.0000,3809.2000,3809.4000,3810.0000,3811.2000,1,1,1,2,1,2,1,1,1,1
SF,IF2012,2020-06-02 09:32:42.500,3805.6000,6462,0,89158140.000,0,-,-,-,-,3806.4000,3806.2000,3805.8000,3805.4000,3804.8000,3808.8000,3809.0000,3810.0000,3811.2000,3813.6000,1,1,1,2,1,2,2,1,1,4
SF,IF2012,2020-06-02 09:32:43.000,3805.6000,6462,0,89158140.000,0,-,-,-,-,3806.4000,3806.2000,3805.8000,3805.4000,3804.8000,3808.6000,3808.8000,3810.0000,3811.2000,3813.6000,1,1,1,2,1,2,2,1,1,4
SF,IF2012,2020-06-02 09:32:43.500,3805.6000,6462,0,89158140.000,0,-,-,-,-,3806.4000,3806.2000,3805.8000,3805.4000,3804.8000,3808.4000,3808.6000,3808.8000,3810.0000,3811.2000,1,1,1,2,1,1,1,1,1,1
SF,IF2012,2020-06-02 09:32:44.000,3805.6000,6462,0,89158140.000,0,-,-,-,-,3806.4000,3806.2000,3805.8000,3805.4000,3804.8000,3808.2000,3808.4000,3808.6000,3810.0000,3811.2000,1,1,1,2,1,1,1,1,1,1
SF,IF2012,2020-06-02 09:32:44.500,3805.6000,6462,0,89158140.000,0,-,-,-,-,3806.4000,3806.2000,3805.8000,3805.4000,3804.8000,3808.2000,3808.4000,3808.6000,3810.0000,3811.2000,1,1,1,2,1,2,1,1,1,1
SF,IF2012,2020-06-02 09:32:45.000,3805.6000,6462,0,89158140.000,0,-,-,-,-,3806.4000,3806.2000,3805.4000,3804.8000,3801.0000,3808.0000,3808.2000,3810.0000,3811.2000,3813.6000,1,1,2,1,2,1,1,1,1,4
SF,IF2012,2020-06-02 09:32:46.000,3805.6000,6462,0,89158140.000,0,-,-,-,-,3806.4000,3806.2000,3805.4000,3804.8000,3801.0000,3808.0000,3810.0000,3811.2000,3813.6000,3814.0000,1,1,2,1,2,1,1,1,4,1
SF,IF2012,2020-06-02 09:32:46.500,3805.6000,6462,0,89158140.000,0,-,-,-,-,3806.2000,3805.4000,3804.8000,3801.0000,3800.4000,3808.0000,3810.0000,3811.2000,3813.6000,3814.0000,1,2,1,2,3,1,1,1,4,1
SF,IF2012,2020-06-02 09:32:48.500,3805.6000,6462,0,89158140.000,0,-,-,-,-,3806.4000,3806.2000,3805.4000,3804.8000,3801.0000,3808.0000,3810.0000,3811.2000,3813.6000,3814.0000,2,1,2,1,2,1,1,1,4,1
SF,IF2012,2020-06-02 09:32:49.500,3805.6000,6462,0,89158140.000,0,-,-,-,-,3806.2000,3805.4000,3804.8000,3801.0000,3800.4000,3808.0000,3810.0000,3811.2000,3813.6000,3814.0000,1,2,1,2,3,1,1,1,4,1
SF,IF2012,2020-06-02 09:32:50.000,3805.6000,6462,0,89158140.000,0,-,-,-,-,3806.4000,3806.2000,3805.4000,3804.8000,3801.0000,3808.0000,3810.0000,3811.2000,3813.6000,3814.0000,2,1,2,1,2,1,1,1,4,1
SF,IF2012,2020-06-02 09:32:50.500,3805.6000,6462,0,89158140.000,0,-,-,-,-,3806.4000,3806.2000,3805.4000,3804.8000,3801.0000,3808.0000,3810.0000,3811.2000,3813.6000,3814.0000,2,1,2,1,2,1,1,1,4,1
SF,IF2012,2020-06-02 09:32:51.000,3805.6000,6462,0,89158140.000,0,-,-,-,-,3806.4000,3805.4000,3804.8000,3801.0000,3800.4000,3808.0000,3810.0000,3811.2000,3813.6000,3814.0000,1,2,1,2,3,1,1,1,4,1
SF,IF2012,2020-06-02 09:32:51.500,3805.6000,6462,0,89158140.000,0,-,-,-,-,3806.6000,3806.4000,3805.4000,3804.8000,3801.0000,3807.8000,3808.0000,3810.0000,3811.2000,3813.6000,1,2,2,1,2,1,1,1,1,4
SF,IF2012,2020-06-02 09:32:52.000,3805.6000,6462,0,89158140.000,0,-,-,-,-,3806.6000,3806.4000,3805.4000,3804.8000,3801.0000,3808.0000,3810.0000,3811.2000,3813.6000,3814.0000,1,1,2,1,2,1,1,1,4,1
SF,IF2012,2020-06-02 09:32:52.500,3806.4000,6462,0,91441980.000,2,1,1,多换,S,3805.4000,3804.8000,3801.0000,3800.4000,3800.2000,3808.0000,3810.0000,3811.2000,3813.6000,3814.0000,2,1,2,3,1,1,1,1,4,1
SF,IF2012,2020-06-02 09:32:53.000,3806.4000,6462,0,91441980.000,0,-,-,-,-,3806.4000,3805.6000,3805.4000,3804.8000,3801.0000,3808.0000,3810.0000,3811.2000,3813.6000,3814.0000,1,2,2,1,2,1,1,1,4,1
SF,IF2012,2020-06-02 09:32:53.500,3806.4000,6462,0,91441980.000,0,-,-,-,-,3805.8000,3805.6000,3805.4000,3804.8000,3801.0000,3808.0000,3810.0000,3811.2000,3813.6000,3814.0000,2,1,2,1,2,1,1,1,4,1
SF,IF2012,2020-06-02 09:32:54.000,3806.4000,6462,0,91441980.000,0,-,-,-,-,3806.4000,3806.0000,3805.6000,3805.4000,3804.8000,3808.0000,3810.0000,3811.2000,3813.6000,3814.0000,3,1,1,2,1,1,1,1,4,1
SF,IF2012,2020-06-02 09:32:54.500,3806.4000,6462,0,91441980.000,0,-,-,-,-,3805.4000,3804.8000,3801.0000,3800.4000,3800.2000,3808.0000,3810.0000,3811.2000,3813.6000,3814.0000,2,1,2,3,1,1,1,1,4,1
SF,IF2012,2020-06-02 09:32:55.000,3806.4000,6462,0,91441980.000,0,-,-,-,-,3806.0000,3805.6000,3805.4000,3804.8000,3801.0000,3808.0000,3810.0000,3811.2000,3813.6000,3814.0000,2,2,2,1,2,1,1,1,4,1
SF,IF2012,2020-06-02 09:32:55.500,3806.4000,6462,0,91441980.000,0,-,-,-,-,3806.0000,3805.6000,3805.4000,3804.8000,3801.0000,3808.0000,3810.0000,3811.2000,3813.6000,3814.0000,2,1,2,1,2,1,1,1,4,1
SF,IF2012,2020-06-02 09:32:56.000,3806.4000,6462,0,91441980.000,0,-,-,-,-,3806.2000,3805.4000,3804.8000,3801.0000,3800.4000,3808.0000,3810.0000,3811.2000,3813.6000,3814.0000,2,2,1,2,3,1,1,1,4,1
SF,IF2012,2020-06-02 09:32:56.500,3806.4000,6462,0,91441980.000,0,-,-,-,-,3805.8000,3805.4000,3804.8000,3801.0000,3800.4000,3808.0000,3810.0000,3811.2000,3813.6000,3814.0000,2,2,1,2,3,1,1,1,4,1
SF,IF2012,2020-06-02 09:32:57.000,3806.4000,6462,0,91441980.000,0,-,-,-,-,3806.0000,3805.4000,3804.8000,3801.0000,3800.4000,3808.0000,3810.0000,3811.2000,3813.6000,3814.0000,2,2,1,2,3,1,1,1,4,1
SF,IF2012,2020-06-02 09:32:57.500,3806.4000,6462,0,91441980.000,0,-,-,-,-,3805.4000,3804.8000,3801.0000,3800.4000,3800.2000,3808.0000,3810.0000,3811.2000,3813.6000,3814.0000,2,1,2,3,1,1,1,1,4,1
SF,IF2012,2020-06-02 09:32:58.000,3806.4000,6462,0,91441980.000,0,-,-,-,-,3805.6000,3805.4000,3804.8000,3801.0000,3800.4000,3808.0000,3810.0000,3811.2000,3813.6000,3814.0000,1,2,1,2,3,1,1,1,4,1
SF,IF2012,2020-06-02 09:32:58.500,3806.4000,6462,0,91441980.000,0,-,-,-,-,3805.8000,3805.6000,3805.4000,3804.8000,3801.0000,3808.0000,3810.0000,3811.2000,3813.6000,3814.0000,2,1,2,1,2,1,1,1,4,1
SF,IF2012,2020-06-02 09:32:59.000,3806.4000,6462,0,91441980.000,0,-,-,-,-,3806.0000,3805.4000,3804.8000,3801.0000,3800.4000,3808.0000,3810.0000,3811.2000,3813.6000,3814.0000,2,2,1,2,3,1,1,1,4,1
SF,IF2012,2020-06-02 09:32:59.500,3806.4000,6462,0,91441980.000,0,-,-,-,-,3806.0000,3805.4000,3804.8000,3801.0000,3800.4000,3808.0000,3810.0000,3811.2000,3813.6000,3814.0000,2,2,1,2,3,1,1,1,4,1
SF,IF2012,2020-06-02 09:33:00.000,3806.4000,6462,0,91441980.000,0,-,-,-,-,3806.0000,3805.4000,3804.8000,3801.0000,3800.4000,3808.0000,3810.0000,3811.2000,3813.6000,3814.0000,2,2,1,2,3,1,1,1,4,1
SF,IF2012,2020-06-02 09:33:00.500,3806.4000,6462,0,91441980.000,0,-,-,-,-,3805.4000,3804.8000,3801.0000,3800.4000,3800.2000,3808.0000,3810.0000,3811.2000,3813.6000,3814.0000,2,1,2,3,1,1,1,1,4,1
SF,IF2012,2020-06-02 09:33:01.000,3806.4000,6462,0,91441980.000,0,-,-,-,-,3805.6000,3805.4000,3804.8000,3801.0000,3800.4000,3808.0000,3810.0000,3811.2000,3813.6000,3814.0000,4,2,1,2,3,1,1,1,4,1
SF,IF2012,2020-06-02 09:33:01.500,3806.4000,6462,0,91441980.000,0,-,-,-,-,3806.0000,3805.6000,3805.4000,3804.8000,3801.0000,3808.0000,3810.0000,3811.2000,3813.6000,3814.0000,2,2,2,1,2,1,1,1,4,1
SF,IF2012,2020-06-02 09:33:02.000,3806.4000,6462,0,91441980.000,0,-,-,-,-,3806.0000,3805.4000,3804.8000,3801.0000,3800.4000,3808.0000,3810.0000,3811.2000,3813.6000,3814.0000,2,2,1,2,3,1,1,1,4,1
SF,IF2012,2020-06-02 09:33:02.500,3806.4000,6462,0,91441980.000,0,-,-,-,-,3806.4000,3806.0000,3805.4000,3804.8000,3801.0000,3808.0000,3810.0000,3811.2000,3813.6000,3814.0000,1,2,2,1,2,1,1,1,4,1
SF,IF2012,2020-06-02 09:33:03.000,3806.4000,6462,0,91441980.000,0,-,-,-,-,3805.4000,3804.8000,3801.0000,3800.4000,3800.2000,3807.8000,3808.0000,3810.0000,3811.2000,3813.6000,2,1,2,3,1,2,1,1,1,4
SF,IF2012,2020-06-02 09:33:03.500,3806.4000,6462,0,91441980.000,0,-,-,-,-,3805.4000,3804.8000,3801.0000,3800.4000,3800.2000,3807.6000,3807.8000,3810.0000,3811.2000,3813.6000,2,1,2,3,1,1,2,1,1,4
SF,IF2012,2020-06-02 09:33:05.500,3806.4000,6462,0,91441980.000,0,-,-,-,-,3805.4000,3804.8000,3801.0000,3800.4000,3800.2000,3807.2000,3807.4000,3807.6000,3807.8000,3810.0000,2,1,2,3,1,1,2,1,1,1
SF,IF2012,2020-06-02 09:33:06.000,3805.4000,6462,0,92583600.000,1,0,1,多换,S,3805.4000,3804.8000,3801.0000,3800.4000,3800.2000,3807.0000,3807.2000,3807.4000,3810.0000,3811.2000,1,1,2,3,1,1,1,2,1,1
SF,IF2012,2020-06-02 09:33:06.500,3805.4000,6462,0,92583600.000,0,-,-,-,-,3805.4000,3804.8000,3801.0000,3800.4000,3800.2000,3807.0000,3810.0000,3811.2000,3813.6000,3814.0000,1,1,2,3,1,3,1,1,4,1
SF,IF2012,2020-06-02 09:33:07.000,3805.4000,6462,0,92583600.000,0,-,-,-,-,3805.4000,3804.8000,3801.0000,3800.4000,3800.2000,3806.8000,3807.0000,3810.0000,3811.2000,3813.6000,1,1,2,3,1,2,1,1,1,4
SF,IF2012,2020-06-02 09:33:07.500,3805.4000,6462,0,92583600.000,0,-,-,-,-,3805.4000,3804.8000,3801.0000,3800.4000,3800.2000,3806.6000,3810.0000,3811.2000,3813.6000,3814.0000,1,1,2,3,1,1,1,1,4,1
SF,IF2012,2020-06-02 09:33:09.500,3805.4000,6462,0,92583600.000,0,-,-,-,-,3805.4000,3804.8000,3801.0000,3800.4000,3800.2000,3806.4000,3806.6000,3810.0000,3811.2000,3813.6000,1,1,2,3,1,1,1,1,1,4
SF,IF2012,2020-06-02 09:33:10.000,3805.4000,6462,0,92583600.000,0,-,-,-,-,3805.4000,3804.8000,3801.0000,3800.4000,3800.2000,3806.2000,3806.4000,3810.0000,3811.2000,3813.6000,1,1,2,3,1,1,1,1,1,4
SF,IF2012,2020-06-02 09:33:10.500,3806.4000,6461,-1,93725520.000,1,0,1,双平,S,3805.4000,3804.8000,3801.0000,3800.4000,3800.2000,3810.0000,3811.2000,3813.6000,3814.0000,3814.2000,1,1,2,3,1,1,1,4,1,1
SF,IF2012,2020-06-02 09:33:11.000,3806.4000,6461,0,93725520.000,0,-,-,-,-,3805.4000,3804.8000,3801.0000,3800.4000,3800.2000,3809.8000,3810.0000,3811.2000,3813.6000,3814.2000,1,1,2,3,1,2,1,1,4,1
SF,IF2012,2020-06-02 09:33:11.500,3805.4000,6461,0,94867140.000,1,0,1,多换,S,3804.8000,3801.0000,3800.4000,3800.2000,3800.0000,3809.8000,3810.0000,3811.2000,3813.6000,3814.2000,1,2,3,1,7,2,1,1,4,1
SF,IF2012,2020-06-02 09:33:12.000,3805.4000,6461,0,94867140.000,0,-,-,-,-,3805.0000,3804.8000,3801.0000,3800.4000,3800.2000,3809.8000,3810.0000,3811.2000,3813.6000,3814.2000,1,1,2,3,1,2,1,1,4,1
SF,IF2012,2020-06-02 09:33:12.500,3805.4000,6461,0,94867140.000,0,-,-,-,-,3805.2000,3804.8000,3801.0000,3800.4000,3800.2000,3809.8000,3810.0000,3811.2000,3813.6000,3814.2000,2,1,2,3,1,2,1,1,4,1
SF,IF2012,2020-06-02 09:33:13.000,3805.4000,6461,0,94867140.000,0,-,-,-,-,3805.2000,3805.0000,3804.8000,3801.0000,3800.4000,3809.2000,3809.8000,3810.0000,3811.2000,3813.6000,2,1,1,2,3,1,2,1,1,1
SF,IF2012,2020-06-02 09:33:13.500,3805.4000,6461,0,94867140.000,0,-,-,-,-,3805.6000,3804.8000,3801.0000,3800.4000,3800.2000,3809.0000,3809.2000,3809.8000,3810.0000,3811.2000,2,1,2,3,1,1,1,1,1,1
SF,IF2012,2020-06-02 09:33:14.000,3805.4000,6461,0,94867140.000,0,-,-,-,-,3805.6000,3804.8000,3801.0000,3800.4000,3800.2000,3808.4000,3808.6000,3809.0000,3809.8000,3810.0000,2,1,2,3,1,1,1,1,1,1
SF,IF2012,2020-06-02 09:33:14.500,3805.4000,6461,0,94867140.000,0,-,-,-,-,3805.6000,3804.8000,3801.0000,3800.4000,3800.2000,3808.0000,3808.2000,3808.4000,3808.6000,3809.8000,2,1,2,3,1,1,1,2,2,1
SF,IF2012,2020-06-02 09:33:15.000,3805.4000,6461,0,94867140.000,0,-,-,-,-,3804.8000,3801.0000,3800.4000,3800.2000,3800.0000,3807.8000,3808.4000,3808.6000,3809.8000,3810.0000,1,2,3,1,7,2,1,2,1,1
SF,IF2012,2020-06-02 09:33:15.500,3805.4000,6461,0,94867140.000,0,-,-,-,-,3804.8000,3801.0000,3800.4000,3800.2000,3800.0000,3807.2000,3807.6000,3807.8000,3808.4000,3809.8000,1,2,3,1,7,1,1,1,1,1
SF,IF2012,2020-06-02 09:33:16.000,3805.4000,6461,0,94867140.000,0,-,-,-,-,3805.0000,3804.8000,3801.0000,3800.4000,3800.2000,3807.0000,3807.2000,3807.6000,3808.4000,3809.8000,2,1,2,3,1,1,1,1,1,1
SF,IF2012,2020-06-02 09:33:16.500,3805.4000,6461,0,94867140.000,0,-,-,-,-,3804.8000,3801.0000,3800.4000,3800.2000,3800.0000,3807.0000,3807.2000,3807.6000,3808.4000,3809.8000,1,2,3,1,7,1,1,1,1,1
SF,IF2012,2020-06-02 09:33:17.000,3805.4000,6461,0,94867140.000,0,-,-,-,-,3804.8000,3801.0000,3800.4000,3800.2000,3800.0000,3806.8000,3807.0000,3807.6000,3808.4000,3809.8000,1,2,3,1,7,1,1,1,1,1
SF,IF2012,2020-06-02 09:33:17.500,3805.4000,6461,0,94867140.000,0,-,-,-,-,3804.8000,3801.0000,3800.4000,3800.2000,3800.0000,3806.6000,3806.8000,3807.6000,3808.4000,3809.8000,1,2,3,1,7,1,1,1,1,1
SF,IF2012,2020-06-02 09:33:18.000,3805.4000,6461,0,94867140.000,0,-,-,-,-,3804.8000,3801.0000,3800.4000,3800.2000,3800.0000,3806.6000,3806.8000,3808.4000,3809.8000,3810.0000,1,2,3,1,7,1,1,1,1,6
SF,IF2012,2020-06-02 09:33:18.500,3805.4000,6461,0,94867140.000,0,-,-,-,-,3804.8000,3801.0000,3800.4000,3800.2000,3800.0000,3806.6000,3806.8000,3809.8000,3810.0000,3811.2000,1,2,3,1,7,1,1,1,6,1
SF,IF2012,2020-06-02 09:33:19.000,3805.4000,6461,0,94867140.000,0,-,-,-,-,3804.8000,3801.0000,3800.4000,3800.2000,3800.0000,3806.2000,3806.6000,3809.8000,3810.0000,3811.2000,1,2,3,1,7,1,1,1,6,1
SF,IF2012,2020-06-02 09:33:19.500,3806.0000,6461,0,96008940.000,1,0,1,多换,S,3804.8000,3801.0000,3800.4000,3800.2000,3800.0000,3806.2000,3809.8000,3810.0000,3811.2000,3812.8000,1,2,3,1,7,1,1,6,1,3
SF,IF2012,2020-06-02 09:33:20.000,3806.0000,6461,0,96008940.000,0,-,-,-,-,3804.8000,3801.0000,3800.4000,3800.2000,3800.0000,3809.8000,3810.0000,3811.2000,3812.8000,3813.6000,1,2,3,1,7,1,6,1,3,1
SF,IF2012,2020-06-02 09:33:20.500,3806.0000,6461,0,96008940.000,0,-,-,-,-,3804.8000,3801.0000,3800.4000,3800.2000,3800.0000,3806.4000,3809.4000,3809.6000,3809.8000,3810.0000,1,2,3,1,2,1,4,2,1,6
SF,IF2012,2020-06-02 09:33:21.000,3806.0000,6461,0,96008940.000,0,-,-,-,-,3805.0000,3804.8000,3801.0000,3800.4000,3800.2000,3806.2000,3806.4000,3806.6000,3809.4000,3809.6000,2,1,2,3,1,1,1,1,4,1
SF,IF2012,2020-06-02 09:33:21.500,3806.0000,6461,0,96008940.000,0,-,-,-,-,3804.8000,3801.0000,3800.4000,3800.2000,3800.0000,3806.0000,3806.4000,3809.4000,3809.6000,3809.8000,1,2,3,1,2,1,1,4,1,1
SF,IF2012,2020-06-02 09:33:22.500,3806.4000,6460,-1,97150860.000,1,0,1,双平,S,3804.8000,3801.0000,3800.4000,3800.2000,3800.0000,3809.0000,3809.4000,3809.6000,3809.8000,3810.0000,1,2,3,1,2,1,4,1,1,5
SF,IF2012,2020-06-02 09:33:23.000,3806.4000,6460,0,97150860.000,0,-,-,-,-,3804.8000,3801.0000,3800.4000,3800.2000,3800.0000,3808.8000,3809.0000,3809.6000,3810.0000,3811.2000,1,2,3,1,2,2,1,1,5,1
SF,IF2012,2020-06-02 09:33:23.500,3806.4000,6460,0,97150860.000,0,-,-,-,-,3805.0000,3804.8000,3801.0000,3800.4000,3800.2000,3807.0000,3808.8000,3809.0000,3809.6000,3810.0000,1,1,2,3,1,1,2,1,1,5
SF,IF2012,2020-06-02 09:33:24.000,3806.4000,6460,0,97150860.000,0,-,-,-,-,3805.2000,3805.0000,3804.8000,3801.0000,3800.4000,3807.0000,3808.8000,3809.0000,3809.6000,3810.0000,2,1,1,2,3,1,2,1,1,5
SF,IF2012,2020-06-02 09:33:24.500,3806.4000,6460,0,97150860.000,0,-,-,-,-,3805.4000,3805.2000,3804.8000,3801.0000,3800.4000,3807.0000,3808.8000,3809.0000,3809.6000,3810.0000,1,2,1,2,3,1,2,1,1,5
SF,IF2012,2020-06-02 09:33:25.000,3806.4000,6460,0,97150860.000,0,-,-,-,-,3805.2000,3804.8000,3801.0000,3800.4000,3800.2000,3807.0000,3808.8000,3809.0000,3809.6000,3810.0000,2,1,2,3,1,1,2,1,1,5
SF,IF2012,2020-06-02 09:33:27.000,3807.0000,6459,-1,98292960.000,1,0,1,双平,S,3805.2000,3804.8000,3801.0000,3800.4000,3800.2000,3808.8000,3809.0000,3809.6000,3810.0000,3811.2000,2,1,2,3,1,2,1,1,5,1
SF,IF2012,2020-06-02 09:33:27.500,3807.0000,6459,0,98292960.000,0,-,-,-,-,3805.4000,3805.2000,3804.8000,3801.0000,3800.4000,3808.8000,3809.0000,3809.6000,3811.2000,3812.8000,2,1,1,2,3,2,1,1,1,3
SF,IF2012,2020-06-02 09:33:29.000,3807.0000,6459,0,98292960.000,0,-,-,-,-,3805.6000,3805.4000,3805.2000,3804.8000,3801.0000,3808.8000,3809.0000,3809.6000,3811.2000,3812.8000,2,1,1,1,2,2,1,1,1,3
SF,IF2012,2020-06-02 09:33:29.500,3807.0000,6459,0,98292960.000,0,-,-,-,-,3805.8000,3805.6000,3804.8000,3801.0000,3800.4000,3808.4000,3808.8000,3809.0000,3809.6000,3811.2000,1,2,1,2,3,1,2,1,1,1
SF,IF2012,2020-06-02 09:33:30.000,3807.0000,6459,0,98292960.000,0,-,-,-,-,3805.6000,3804.8000,3801.0000,3800.4000,3800.2000,3808.2000,3808.4000,3808.8000,3809.0000,3809.6000,2,1,2,3,1,1,1,1,1,1
SF,IF2012,2020-06-02 09:33:30.500,3807.0000,6459,0,98292960.000,0,-,-,-,-,3806.0000,3804.8000,3801.0000,3800.4000,3800.2000,3808.2000,3808.4000,3808.8000,3809.0000,3809.6000,2,1,2,3,1,1,1,1,1,1
SF,IF2012,2020-06-02 09:33:31.000,3807.0000,6459,0,98292960.000,0,-,-,-,-,3804.8000,3801.0000,3800.4000,3800.2000,3800.0000,3808.2000,3808.4000,3808.8000,3809.0000,3809.6000,1,2,3,1,2,1,1,1,1,1
SF,IF2012,2020-06-02 09:33:31.500,3807.0000,6459,0,98292960.000,0,-,-,-,-,3806.2000,3805.0000,3804.8000,3801.0000,3800.4000,3808.2000,3808.4000,3808.8000,3809.0000,3809.6000,1,1,1,2,3,1,1,1,1,1
SF,IF2012,2020-06-02 09:33:32.000,3807.0000,6459,0,98292960.000,0,-,-,-,-,3806.2000,3805.2000,3805.0000,3804.8000,3801.0000,3808.2000,3808.8000,3809.0000,3809.6000,3811.2000,1,2,1,1,2,1,1,1,1,1
SF,IF2012,2020-06-02 09:33:32.500,3807.0000,6459,0,98292960.000,0,-,-,-,-,3806.2000,3805.2000,3805.0000,3804.8000,3801.0000,3807.6000,3808.0000,3808.2000,3808.8000,3809.0000,1,2,1,1,2,1,1,1,1,1
SF,IF2012,2020-06-02 09:33:33.000,3807.0000,6459,0,98292960.000,0,-,-,-,-,3806.2000,3805.4000,3805.0000,3804.8000,3801.0000,3807.4000,3807.6000,3808.0000,3808.8000,3809.0000,1,2,1,1,2,1,1,1,1,1
SF,IF2012,2020-06-02 09:33:33.500,3806.2000,6459,0,99434820.000,1,0,1,多换,S,3805.4000,3804.8000,3801.0000,3800.4000,3800.2000,3807.4000,3807.6000,3808.8000,3809.0000,3809.6000,2,1,2,3,1,1,1,1,1,1
SF,IF2012,2020-06-02 09:33:34.000,3806.2000,6459,0,99434820.000,0,-,-,-,-,3805.4000,3804.8000,3801.0000,3800.4000,3800.2000,3807.4000,3807.6000,3808.8000,3809.0000,3809.6000,2,1,2,3,1,1,1,1,1,1
SF,IF2012,2020-06-02 09:33:34.500,3806.2000,6459,0,99434820.000,0,-,-,-,-,3805.4000,3804.8000,3801.0000,3800.4000,3800.2000,3806.0000,3806.2000,3807.4000,3807.6000,3808.8000,2,1,2,3,1,1,1,1,1,1
SF,IF2012,2020-06-02 09:33:35.000,3806.2000,6458,-1,101718480.000,2,0,2,多平,S,3804.8000,3801.0000,3800.4000,3800.2000,3800.0000,3807.4000,3807.6000,3808.8000,3809.0000,3809.6000,1,2,3,1,2,1,1,1,1,1
SF,IF2012,2020-06-02 09:33:35.500,3806.2000,6458,0,101718480.000,0,-,-,-,-,3805.0000,3804.8000,3801.0000,3800.4000,3800.2000,3807.4000,3807.6000,3808.8000,3809.0000,3809.6000,1,1,2,3,1,1,1,1,1,1
SF,IF2012,2020-06-02 09:33:36.000,3806.2000,6458,0,101718480.000,0,-,-,-,-,3805.0000,3804.8000,3801.0000,3800.4000,3800.2000,3807.0000,3807.4000,3807.6000,3808.8000,3809.0000,1,1,2,3,1,2,1,1,1,1
SF,IF2012,2020-06-02 09:33:36.500,3806.2000,6458,0,101718480.000,0,-,-,-,-,3805.2000,3805.0000,3804.8000,3801.0000,3800.4000,3807.4000,3807.6000,3808.8000,3809.0000,3809.6000,1,1,1,2,3,1,1,1,1,1
SF,IF2012,2020-06-02 09:33:37.000,3806.2000,6458,0,101718480.000,0,-,-,-,-,3805.4000,3805.2000,3804.8000,3801.0000,3800.4000,3807.4000,3807.6000,3808.8000,3809.0000,3809.6000,1,1,1,2,3,1,1,1,1,1
SF,IF2012,2020-06-02 09:33:37.500,3806.2000,6458,0,101718480.000,0,-,-,-,-,3805.4000,3805.2000,3804.8000,3801.0000,3800.4000,3807.4000,3807.6000,3808.8000,3809.0000,3809.6000,3,1,1,2,3,1,1,1,1,1
SF,IF2012,2020-06-02 09:33:38.000,3806.2000,6458,0,101718480.000,0,-,-,-,-,3805.4000,3805.2000,3804.8000,3801.0000,3800.4000,3807.4000,3807.6000,3808.8000,3809.0000,3809.6000,1,1,1,2,3,1,1,1,1,1
SF,IF2012,2020-06-02 09:33:38.500,3806.2000,6458,0,101718480.000,0,-,-,-,-,3805.2000,3804.8000,3801.0000,3800.4000,3800.2000,3807.4000,3807.6000,3808.8000,3809.0000,3809.6000,1,1,2,3,1,1,1,1,1,1
SF,IF2012,2020-06-02 09:33:39.000,3806.2000,6458,0,101718480.000,0,-,-,-,-,3805.4000,3805.2000,3804.8000,3801.0000,3800.4000,3807.2000,3807.4000,3807.6000,3808.8000,3809.0000,1,1,1,2,3,2,1,1,1,1
SF,IF2012,2020-06-02 09:33:39.500,3805.4000,6458,0,102860100.000,1,0,1,多换,S,3805.2000,3804.8000,3801.0000,3800.4000,3800.2000,3807.4000,3807.6000,3808.8000,3809.0000,3809.6000,1,1,2,3,1,1,1,1,1,1
SF,IF2012,2020-06-02 09:33:40.000,3805.4000,6458,0,102860100.000,0,-,-,-,-,3805.4000,3805.2000,3804.8000,3801.0000,3800.4000,3807.4000,3807.6000,3808.8000,3809.0000,3809.6000,2,1,1,2,3,1,1,1,1,1
SF,IF2012,2020-06-02 09:33:41.000,3805.4000,6458,0,102860100.000,0,-,-,-,-,3805.4000,3804.8000,3801.0000,3800.4000,3800.2000,3807.4000,3807.6000,3808.8000,3809.0000,3809.6000,2,1,2,3,1,1,1,1,1,1
SF,IF2012,2020-06-02 09:33:41.500,3805.4000,6458,0,102860100.000,0,-,-,-,-,3805.4000,3804.8000,3801.0000,3800.4000,3800.2000,3807.4000,3807.6000,3808.8000,3809.0000,3809.6000,2,1,2,3,1,1,1,1,1,1
SF,IF2012,2020-06-02 09:33:44.000,3805.4000,6458,0,102860100.000,0,-,-,-,-,3805.4000,3804.8000,3801.0000,3800.4000,3800.2000,3807.4000,3807.6000,3808.8000,3809.0000,3809.6000,2,1,2,3,1,1,1,1,1,1
SF,IF2012,2020-06-02 09:33:44.500,3805.4000,6458,0,102860100.000,0,-,-,-,-,3804.8000,3801.0000,3800.4000,3800.2000,3800.0000,3806.8000,3807.0000,3807.2000,3807.4000,3808.8000,1,2,3,1,2,2,1,1,1,1
SF,IF2012,2020-06-02 09:33:45.000,3805.4000,6458,0,102860100.000,0,-,-,-,-,3804.8000,3801.0000,3800.4000,3800.2000,3800.0000,3805.4000,3806.6000,3806.8000,3807.0000,3807.2000,1,2,3,1,2,1,1,2,1,1
SF,IF2012,2020-06-02 09:33:45.500,3805.4000,6457,-1,104001720.000,1,0,1,双平,S,3804.8000,3801.0000,3800.4000,3800.2000,3800.0000,3806.8000,3807.0000,3808.8000,3809.0000,3809.6000,1,2,3,1,2,2,1,1,1,1
SF,IF2012,2020-06-02 09:33:46.000,3805.4000,6457,0,104001720.000,0,-,-,-,-,3804.8000,3801.0000,3800.4000,3800.2000,3800.0000,3806.6000,3806.8000,3807.0000,3808.8000,3809.0000,1,2,3,1,2,1,2,1,1,1
SF,IF2012,2020-06-02 09:33:46.500,3805.4000,6457,0,104001720.000,0,-,-,-,-,3804.8000,3801.0000,3800.4000,3800.2000,3800.0000,3806.6000,3807.0000,3808.8000,3809.0000,3809.6000,1,2,3,1,2,1,1,1,1,1
SF,IF2012,2020-06-02 09:33:47.000,3805.4000,6457,0,104001720.000,0,-,-,-,-,3804.8000,3801.0000,3800.4000,3800.2000,3800.0000,3806.4000,3806.6000,3807.0000,3808.8000,3809.0000,1,2,3,1,2,1,1,1,1,1
SF,IF2012,2020-06-02 09:33:47.500,3805.4000,6457,0,104001720.000,0,-,-,-,-,3804.8000,3801.0000,3800.4000,3800.2000,3800.0000,3806.2000,3806.4000,3807.0000,3808.8000,3809.0000,1,2,3,1,2,1,1,1,1,1
SF,IF2012,2020-06-02 09:33:48.000,3805.4000,6457,0,104001720.000,0,-,-,-,-,3804.8000,3801.0000,3800.4000,3800.2000,3800.0000,3806.2000,3807.0000,3808.8000,3809.0000,3809.6000,1,2,3,1,2,1,1,1,1,1
SF,IF2012,2020-06-02 09:33:50.000,3805.4000,6457,0,104001720.000,0,-,-,-,-,3804.8000,3801.0000,3800.4000,3800.2000,3800.0000,3806.2000,3807.0000,3808.8000,3809.0000,3809.6000,1,2,3,1,2,1,1,1,1,1
SF,IF2012,2020-06-02 09:33:50.500,3804.8000,6457,0,105143160.000,1,0,1,多换,S,3801.0000,3800.4000,3800.2000,3800.0000,3797.0000,3806.2000,3807.0000,3808.8000,3809.0000,3809.6000,2,3,1,2,3,1,1,1,1,1
SF,IF2012,2020-06-02 09:33:51.000,3804.8000,6457,0,105143160.000,0,-,-,-,-,3801.6000,3801.2000,3801.0000,3800.4000,3800.2000,3806.2000,3807.0000,3808.8000,3809.0000,3809.6000,1,3,2,3,1,1,1,1,1,1
SF,IF2012,2020-06-02 09:33:51.500,3804.8000,6457,0,105143160.000,0,-,-,-,-,3801.8000,3801.6000,3801.2000,3801.0000,3800.4000,3806.2000,3807.0000,3808.8000,3809.0000,3809.6000,1,1,2,2,3,1,1,1,1,1
SF,IF2012,2020-06-02 09:33:52.000,3804.8000,6457,0,105143160.000,0,-,-,-,-,3802.0000,3801.8000,3801.6000,3801.2000,3801.0000,3806.0000,3806.2000,3807.0000,3808.8000,3809.0000,1,1,1,2,2,1,1,1,1,1
SF,IF2012,2020-06-02 09:33:52.500,3804.8000,6457,0,105143160.000,0,-,-,-,-,3802.2000,3802.0000,3801.6000,3801.2000,3801.0000,3805.8000,3806.0000,3808.8000,3809.0000,3809.6000,1,1,1,2,2,1,1,1,1,1
SF,IF2012,2020-06-02 09:33:53.000,3804.8000,6457,0,105143160.000,0,-,-,-,-,3802.2000,3802.0000,3801.6000,3801.2000,3801.0000,3805.6000,3805.8000,3806.0000,3808.8000,3809.0000,1,1,1,2,2,1,1,1,1,1
SF,IF2012,2020-06-02 09:33:53.500,3804.8000,6457,0,105143160.000,0,-,-,-,-,3802.2000,3801.6000,3801.2000,3801.0000,3800.2000,3805.6000,3805.8000,3806.0000,3808.8000,3809.0000,1,1,1,2,1,1,1,1,1,1
SF,IF2012,2020-06-02 09:33:54.000,3804.8000,6457,0,105143160.000,0,-,-,-,-,3802.2000,3801.6000,3801.2000,3801.0000,3800.2000,3805.6000,3805.8000,3808.8000,3809.0000,3809.6000,1,1,1,2,1,1,1,1,1,1
SF,IF2012,2020-06-02 09:33:54.500,3804.8000,6457,0,105143160.000,0,-,-,-,-,3802.4000,3802.2000,3801.6000,3801.2000,3801.0000,3805.6000,3805.8000,3808.8000,3809.0000,3809.6000,1,1,1,1,2,1,1,1,1,1
SF,IF2012,2020-06-02 09:33:55.000,3804.8000,6457,0,105143160.000,0,-,-,-,-,3802.8000,3802.6000,3802.4000,3801.6000,3801.2000,3805.6000,3805.8000,3808.8000,3809.0000,3809.6000,1,1,1,1,1,1,1,1,1,1
SF,IF2012,2020-06-02 09:33:55.500,3804.8000,6457,0,105143160.000,0,-,-,-,-,3803.0000,3802.8000,3802.4000,3801.6000,3801.2000,3805.6000,3805.8000,3808.8000,3809.0000,3809.6000,1,1,1,1,1,1,1,1,1,1
SF,IF2012,2020-06-02 09:33:56.000,3804.8000,6457,0,105143160.000,0,-,-,-,-,3802.8000,3802.4000,3801.6000,3801.2000,3801.0000,3805.6000,3805.8000,3808.8000,3809.0000,3809.6000,1,1,1,1,2,1,1,1,1,1
SF,IF2012,2020-06-02 09:33:56.500,3804.8000,6457,0,105143160.000,0,-,-,-,-,3803.0000,3802.8000,3801.6000,3801.2000,3801.0000,3805.2000,3805.6000,3808.8000,3809.0000,3809.6000,1,1,1,1,2,1,1,1,1,1
SF,IF2012,2020-06-02 09:33:57.000,3804.8000,6457,0,105143160.000,0,-,-,-,-,3803.2000,3803.0000,3802.8000,3801.6000,3801.2000,3805.2000,3808.8000,3809.0000,3809.6000,3811.2000,1,1,1,1,1,1,1,1,1,1
SF,IF2012,2020-06-02 09:33:57.500,3804.8000,6457,0,105143160.000,0,-,-,-,-,3803.4000,3803.2000,3801.6000,3801.2000,3801.0000,3808.8000,3809.0000,3809.6000,3811.2000,3812.8000,2,1,1,1,2,1,1,1,1,3
SF,IF2012,2020-06-02 09:33:58.000,3804.8000,6457,0,105143160.000,0,-,-,-,-,3803.4000,3801.6000,3801.2000,3801.0000,3800.2000,3808.4000,3808.6000,3808.8000,3809.0000,3809.6000,1,1,1,2,1,4,1,1,1,1
SF,IF2012,2020-06-02 09:33:58.500,3804.8000,6457,0,105143160.000,0,-,-,-,-,3801.6000,3801.2000,3801.0000,3800.2000,3800.0000,3808.2000,3808.4000,3809.0000,3811.2000,3812.8000,1,1,2,1,2,3,4,1,1,3
SF,IF2012,2020-06-02 09:33:59.000,3804.8000,6457,0,105143160.000,0,-,-,-,-,3801.8000,3801.6000,3801.2000,3801.0000,3800.2000,3808.2000,3808.4000,3809.0000,3811.2000,3812.8000,1,1,1,2,1,3,4,1,1,3
SF,IF2012,2020-06-02 09:33:59.500,3801.8000,6457,0,106283700.000,1,0,1,多换,S,3801.6000,3801.2000,3801.0000,3800.2000,3800.0000,3808.2000,3808.4000,3809.0000,3811.2000,3812.8000,1,1,2,1,2,3,4,1,1,3
SF,IF2012,2020-06-02 09:34:00.000,3801.8000,6457,0,106283700.000,0,-,-,-,-,3802.6000,3801.8000,3801.6000,3801.2000,3801.0000,3807.0000,3807.4000,3808.2000,3808.4000,3809.0000,1,2,1,1,2,1,1,3,4,1
SF,IF2012,2020-06-02 09:34:00.500,3801.8000,6457,0,106283700.000,0,-,-,-,-,3802.6000,3801.8000,3801.6000,3801.2000,3801.0000,3806.8000,3807.0000,3807.4000,3808.2000,3808.4000,1,2,1,1,2,2,1,1,1,4
SF,IF2012,2020-06-02 09:34:01.000,3801.8000,6457,0,106283700.000,0,-,-,-,-,3802.8000,3802.6000,3802.4000,3801.8000,3801.6000,3806.4000,3806.8000,3807.0000,3808.2000,3808.4000,1,1,1,1,1,2,2,1,1,4
SF,IF2012,2020-06-02 09:34:01.500,3801.8000,6457,0,106283700.000,0,-,-,-,-,3802.8000,3802.6000,3802.4000,3802.2000,3801.8000,3806.2000,3806.4000,3806.8000,3807.0000,3808.2000,1,1,1,1,1,1,2,1,1,1
SF,IF2012,2020-06-02 09:34:02.500,3801.8000,6457,0,106283700.000,0,-,-,-,-,3803.0000,3802.8000,3802.6000,3802.4000,3802.2000,3806.2000,3806.4000,3806.8000,3807.0000,3808.2000,1,1,1,1,1,1,2,1,1,1
SF,IF2012,2020-06-02 09:34:03.000,3801.8000,6457,0,106283700.000,0,-,-,-,-,3803.0000,3802.8000,3802.6000,3802.4000,3802.2000,3806.2000,3806.4000,3806.8000,3807.0000,3808.2000,1,1,1,1,1,1,1,1,1,1
SF,IF2012,2020-06-02 09:34:03.500,3801.8000,6457,0,106283700.000,0,-,-,-,-,3803.0000,3802.8000,3802.6000,3802.4000,3802.2000,3805.8000,3806.2000,3806.4000,3806.8000,3807.0000,1,1,1,1,1,1,1,1,1,1
SF,IF2012,2020-06-02 09:34:04.000,3801.8000,6457,0,106283700.000,0,-,-,-,-,3802.8000,3802.6000,3802.4000,3802.2000,3801.8000,3805.6000,3805.8000,3806.4000,3806.8000,3807.0000,1,1,1,1,1,1,1,1,1,1
SF,IF2012,2020-06-02 09:34:04.500,3801.8000,6457,0,106283700.000,0,-,-,-,-,3803.2000,3802.8000,3802.6000,3802.4000,3802.2000,3805.6000,3805.8000,3806.4000,3806.8000,3807.0000,1,1,1,1,1,1,1,1,1,1
SF,IF2012,2020-06-02 09:34:06.000,3803.2000,6456,-1,107424660.000,1,0,1,双平,S,3802.8000,3802.6000,3802.4000,3802.2000,3801.8000,3805.6000,3805.8000,3806.4000,3806.8000,3807.0000,1,1,1,1,1,1,1,1,1,1
SF,IF2012,2020-06-02 09:34:06.500,3803.2000,6456,0,107424660.000,0,-,-,-,-,3803.0000,3802.8000,3802.6000,3802.4000,3801.8000,3805.6000,3805.8000,3806.4000,3806.8000,3807.0000,1,1,1,1,1,1,1,1,1,1
SF,IF2012,2020-06-02 09:34:07.000,3803.2000,6456,0,107424660.000,0,-,-,-,-,3803.0000,3802.8000,3802.4000,3801.8000,3801.6000,3805.6000,3805.8000,3806.4000,3806.8000,3807.0000,1,1,1,1,1,1,1,1,1,1
SF,IF2012,2020-06-02 09:34:08.500,3803.2000,6456,0,107424660.000,0,-,-,-,-,3802.8000,3802.4000,3801.8000,3801.6000,3801.2000,3805.6000,3805.8000,3806.4000,3806.8000,3807.0000,1,1,1,1,1,1,1,1,1,1
SF,IF2012,2020-06-02 09:34:09.000,3803.2000,6456,0,107424660.000,0,-,-,-,-,3802.6000,3802.4000,3801.8000,3801.6000,3801.2000,3805.6000,3805.8000,3806.4000,3806.8000,3807.0000,1,1,1,1,1,1,1,1,1,1
SF,IF2012,2020-06-02 09:34:09.500,3803.2000,6456,0,107424660.000,0,-,-,-,-,3802.8000,3802.6000,3802.4000,3801.8000,3801.6000,3805.6000,3805.8000,3806.4000,3806.8000,3807.0000,1,1,1,1,1,1,1,1,1,1
SF,IF2012,2020-06-02 09:34:10.500,3803.2000,6456,0,107424660.000,0,-,-,-,-,3802.8000,3802.6000,3802.4000,3801.8000,3801.6000,3805.6000,3805.8000,3806.4000,3806.8000,3807.0000,1,1,1,1,1,1,1,1,1,1
SF,IF2012,2020-06-02 09:34:11.000,3803.2000,6456,0,107424660.000,0,-,-,-,-,3802.8000,3802.6000,3802.4000,3801.8000,3801.6000,3805.6000,3805.8000,3806.4000,3806.8000,3807.0000,1,1,1,1,1,1,1,1,1,1
SF,IF2012,2020-06-02 09:34:11.500,3803.2000,6456,0,107424660.000,0,-,-,-,-,3803.0000,3802.8000,3802.6000,3802.4000,3801.6000,3805.6000,3805.8000,3806.4000,3806.8000,3807.0000,1,1,1,1,1,1,1,1,1,1
SF,IF2012,2020-06-02 09:34:12.000,3803.2000,6456,0,107424660.000,0,-,-,-,-,3803.0000,3802.6000,3801.6000,3801.2000,3801.0000,3805.6000,3806.4000,3806.8000,3807.0000,3808.2000,1,1,1,1,2,1,1,1,1,1
SF,IF2012,2020-06-02 09:34:12.500,3803.2000,6456,0,107424660.000,0,-,-,-,-,3803.0000,3802.6000,3801.6000,3801.2000,3801.0000,3805.6000,3806.4000,3806.8000,3807.0000,3808.2000,1,1,1,1,2,1,1,1,1,1
SF,IF2012,2020-06-02 09:34:13.000,3803.2000,6456,0,107424660.000,0,-,-,-,-,3803.0000,3801.6000,3801.2000,3801.0000,3800.2000,3805.6000,3806.4000,3806.8000,3807.0000,3808.2000,1,1,1,2,1,1,1,1,1,1
SF,IF2012,2020-06-02 09:34:13.500,3803.2000,6456,0,107424660.000,0,-,-,-,-,3801.6000,3801.2000,3801.0000,3800.2000,3800.0000,3805.6000,3806.4000,3806.8000,3807.0000,3808.2000,1,1,2,1,2,1,1,1,1,1
SF,IF2012,2020-06-02 09:34:14.000,3803.2000,6456,0,107424660.000,0,-,-,-,-,3801.8000,3801.6000,3801.2000,3801.0000,3800.2000,3805.6000,3806.4000,3806.8000,3807.0000,3808.2000,1,1,1,2,1,1,1,1,1,1
SF,IF2012,2020-06-02 09:34:16.000,3803.2000,6456,0,107424660.000,0,-,-,-,-,3802.2000,3801.8000,3801.6000,3801.2000,3801.0000,3805.6000,3806.4000,3806.8000,3807.0000,3808.2000,2,1,1,1,2,1,1,1,1,1
SF,IF2012,2020-06-02 09:34:16.500,3803.2000,6456,0,107424660.000,0,-,-,-,-,3802.4000,3802.2000,3801.6000,3801.2000,3801.0000,3805.6000,3806.4000,3806.8000,3807.0000,3808.2000,1,3,1,1,2,1,1,1,1,1
SF,IF2012,2020-06-02 09:34:17.500,3803.2000,6456,0,107424660.000,0,-,-,-,-,3802.6000,3802.4000,3802.2000,3801.6000,3801.2000,3805.6000,3806.4000,3806.8000,3807.0000,3808.2000,2,1,1,1,1,1,1,1,1,1
SF,IF2012,2020-06-02 09:34:18.000,3803.2000,6456,0,107424660.000,0,-,-,-,-,3802.8000,3802.6000,3802.2000,3801.6000,3801.2000,3805.6000,3806.4000,3806.8000,3807.0000,3808.2000,1,2,1,1,1,1,1,1,1,1
SF,IF2012,2020-06-02 09:34:19.000,3803.2000,6456,0,107424660.000,0,-,-,-,-,3803.0000,3802.8000,3802.2000,3801.6000,3801.2000,3805.6000,3806.4000,3806.8000,3807.0000,3808.2000,2,1,1,1,1,1,1,1,1,1
SF,IF2012,2020-06-02 09:34:19.500,3803.2000,6456,0,107424660.000,0,-,-,-,-,3803.2000,3803.0000,3802.8000,3802.2000,3801.6000,3805.6000,3806.4000,3806.8000,3807.0000,3808.2000,1,3,1,1,1,1,1,1,1,1
SF,IF2012,2020-06-02 09:34:20.000,3803.2000,6456,0,107424660.000,0,-,-,-,-,3803.2000,3802.8000,3802.2000,3801.6000,3801.2000,3805.6000,3806.4000,3806.8000,3807.0000,3808.2000,1,1,1,1,1,1,1,1,1,1
SF,IF2012,2020-06-02 09:34:20.500,3803.2000,6456,0,107424660.000,0,-,-,-,-,3803.4000,3803.2000,3802.8000,3802.2000,3801.6000,3805.6000,3806.4000,3806.8000,3807.0000,3808.2000,1,1,1,3,1,1,1,1,1,1
SF,IF2012,2020-06-02 09:34:21.000,3803.2000,6456,0,107424660.000,0,-,-,-,-,3803.4000,3803.2000,3802.8000,3802.2000,3801.6000,3805.6000,3806.4000,3806.8000,3807.0000,3808.2000,1,1,1,1,1,1,1,1,1,1
SF,IF2012,2020-06-02 09:34:21.500,3803.2000,6456,0,107424660.000,0,-,-,-,-,3803.6000,3803.4000,3803.2000,3802.8000,3802.2000,3805.6000,3806.8000,3808.2000,3808.8000,3809.0000,2,1,1,1,1,1,1,1,1,1
SF,IF2012,2020-06-02 09:34:22.000,3803.2000,6456,0,107424660.000,0,-,-,-,-,3803.6000,3803.4000,3803.2000,3802.8000,3802.2000,3805.6000,3806.8000,3808.2000,3808.8000,3809.0000,1,1,1,1,1,1,1,1,1,1
SF,IF2012,2020-06-02 09:34:22.500,3803.2000,6456,0,107424660.000,0,-,-,-,-,3803.6000,3803.4000,3803.2000,3802.8000,3802.2000,3806.8000,3808.2000,3808.8000,3809.0000,3811.2000,1,1,1,1,1,1,1,1,1,1
SF,IF2012,2020-06-02 09:34:23.000,3803.2000,6456,0,107424660.000,0,-,-,-,-,3803.6000,3803.4000,3803.2000,3802.8000,3802.2000,3806.4000,3806.6000,3808.2000,3808.8000,3809.0000,2,1,1,1,1,2,1,1,1,1
SF,IF2012,2020-06-02 09:34:23.500,3803.2000,6456,0,107424660.000,0,-,-,-,-,3803.6000,3803.4000,3803.2000,3802.8000,3802.2000,3806.2000,3806.4000,3808.2000,3808.8000,3809.0000,2,1,1,1,1,1,1,1,1,1
SF,IF2012,2020-06-02 09:34:24.500,3803.2000,6456,0,107424660.000,0,-,-,-,-,3803.6000,3803.4000,3803.2000,3802.2000,3801.6000,3806.2000,3806.4000,3808.2000,3808.8000,3809.0000,2,1,1,1,1,1,1,1,1,1
SF,IF2012,2020-06-02 09:34:25.000,3803.2000,6456,0,107424660.000,0,-,-,-,-,3803.6000,3803.4000,3802.2000,3801.6000,3801.2000,3806.2000,3806.4000,3808.2000,3808.8000,3809.0000,2,1,1,1,1,1,1,1,1,1
SF,IF2012,2020-06-02 09:34:25.500,3803.2000,6456,0,107424660.000,0,-,-,-,-,3803.6000,3803.4000,3802.2000,3801.6000,3801.2000,3806.2000,3806.4000,3808.2000,3808.8000,3809.0000,1,1,1,1,1,1,1,1,1,1
SF,IF2012,2020-06-02 09:34:26.500,3803.2000,6456,0,107424660.000,0,-,-,-,-,3803.8000,3803.6000,3802.2000,3801.6000,3801.2000,3806.2000,3808.2000,3808.8000,3809.0000,3811.2000,1,1,1,1,1,1,1,1,1,1
SF,IF2012,2020-06-02 09:34:28.000,3803.2000,6456,0,107424660.000,0,-,-,-,-,3803.8000,3803.6000,3802.2000,3801.6000,3801.2000,3806.2000,3808.2000,3808.8000,3809.0000,3811.2000,1,1,1,1,1,1,1,1,1,1
SF,IF2012,2020-06-02 09:34:29.500,3803.2000,6456,0,107424660.000,0,-,-,-,-,3804.0000,3803.8000,3803.6000,3802.2000,3801.6000,3806.2000,3808.2000,3808.8000,3809.0000,3811.2000,1,1,1,1,1,1,1,1,1,1
SF,IF2012,2020-06-02 09:34:30.000,3803.2000,6456,0,107424660.000,0,-,-,-,-,3804.0000,3803.8000,3803.6000,3801.6000,3801.2000,3806.2000,3808.2000,3808.8000,3809.0000,3811.2000,1,1,1,1,1,1,1,1,1,1
SF,IF2012,2020-06-02 09:34:31.500,3803.2000,6456,0,107424660.000,0,-,-,-,-,3804.2000,3804.0000,3803.8000,3803.6000,3801.6000,3806.2000,3808.2000,3808.8000,3809.0000,3811.2000,1,1,1,1,1,1,1,1,1,1
SF,IF2012,2020-06-02 09:34:38.000,3803.2000,6456,0,107424660.000,0,-,-,-,-,3804.2000,3804.0000,3803.8000,3801.6000,3801.2000,3806.2000,3808.2000,3808.8000,3809.0000,3811.2000,2,1,1,1,1,1,1,1,1,1
SF,IF2012,2020-06-02 09:34:38.500,3803.2000,6456,0,107424660.000,0,-,-,-,-,3804.2000,3804.0000,3803.8000,3801.6000,3801.2000,3808.2000,3808.8000,3809.0000,3811.2000,3812.2000,2,1,1,1,1,1,1,1,1,3
SF,IF2012,2020-06-02 09:34:39.000,3803.2000,6456,0,107424660.000,0,-,-,-,-,3804.2000,3801.6000,3801.2000,3801.0000,3800.2000,3808.0000,3808.8000,3809.0000,3811.2000,3812.2000,2,1,1,2,1,1,1,1,1,3
SF,IF2012,2020-06-02 09:34:39.500,3803.2000,6456,0,107424660.000,0,-,-,-,-,3804.2000,3801.6000,3801.2000,3801.0000,3800.2000,3808.0000,3808.8000,3809.0000,3811.2000,3812.2000,1,1,1,2,1,1,1,1,1,3
SF,IF2012,2020-06-02 09:34:42.000,3803.2000,6456,0,107424660.000,0,-,-,-,-,3804.2000,3801.6000,3801.2000,3801.0000,3800.2000,3807.8000,3808.0000,3808.8000,3809.0000,3811.2000,1,1,1,2,1,1,1,1,1,1
SF,IF2012,2020-06-02 09:34:42.500,3803.2000,6456,0,107424660.000,0,-,-,-,-,3804.2000,3801.6000,3801.2000,3801.0000,3800.2000,3807.6000,3807.8000,3808.8000,3809.0000,3811.2000,1,1,1,2,1,1,1,1,1,1
SF,IF2012,2020-06-02 09:34:44.000,3803.2000,6456,0,107424660.000,0,-,-,-,-,3804.2000,3801.6000,3801.2000,3801.0000,3800.2000,3807.6000,3808.8000,3809.0000,3811.2000,3812.2000,1,1,1,2,1,1,1,1,1,3
SF,IF2012,2020-06-02 09:34:45.000,3803.2000,6456,0,107424660.000,0,-,-,-,-,3801.6000,3801.2000,3801.0000,3800.2000,3800.0000,3807.0000,3807.4000,3807.6000,3808.8000,3809.0000,1,1,2,1,2,1,1,1,1,1
SF,IF2012,2020-06-02 09:34:45.500,3803.2000,6456,0,107424660.000,0,-,-,-,-,3801.8000,3801.6000,3801.2000,3801.0000,3800.2000,3806.8000,3807.4000,3808.8000,3809.0000,3811.2000,1,1,1,2,1,1,1,1,1,1
SF,IF2012,2020-06-02 09:34:46.500,3803.2000,6456,0,107424660.000,0,-,-,-,-,3802.0000,3801.8000,3801.6000,3801.2000,3801.0000,3806.8000,3807.4000,3808.8000,3809.0000,3811.2000,1,1,1,1,2,1,1,1,1,1
SF,IF2012,2020-06-02 09:34:47.500,3803.2000,6456,0,107424660.000,0,-,-,-,-,3802.4000,3802.0000,3801.8000,3801.6000,3801.2000,3806.8000,3807.4000,3808.8000,3809.0000,3811.2000,1,1,1,1,1,1,1,1,1,1
SF,IF2012,2020-06-02 09:34:48.000,3803.2000,6456,0,107424660.000,0,-,-,-,-,3802.6000,3802.4000,3802.0000,3801.8000,3801.6000,3806.6000,3806.8000,3807.4000,3808.8000,3809.0000,1,1,1,1,1,2,1,1,1,1
SF,IF2012,2020-06-02 09:34:48.500,3803.2000,6456,0,107424660.000,0,-,-,-,-,3802.8000,3802.6000,3802.4000,3802.0000,3801.6000,3806.4000,3806.6000,3807.4000,3808.8000,3809.0000,1,1,1,1,1,1,2,1,1,1
SF,IF2012,2020-06-02 09:34:49.000,3803.2000,6456,0,107424660.000,0,-,-,-,-,3803.0000,3802.8000,3802.6000,3802.4000,3802.0000,3806.4000,3806.6000,3807.4000,3808.8000,3809.0000,1,1,1,1,1,1,1,1,1,1
SF,IF2012,2020-06-02 09:34:49.500,3803.2000,6456,0,107424660.000,0,-,-,-,-,3803.0000,3802.8000,3802.6000,3802.4000,3802.0000,3805.8000,3806.4000,3807.4000,3808.8000,3809.0000,1,1,1,1,1,1,1,1,1,1
SF,IF2012,2020-06-02 09:34:50.000,3803.2000,6456,0,107424660.000,0,-,-,-,-,3803.0000,3802.8000,3802.6000,3802.4000,3802.0000,3805.6000,3808.8000,3809.0000,3811.2000,3812.2000,2,1,1,1,1,1,1,1,1,3
SF,IF2012,2020-06-02 09:34:51.000,3803.2000,6456,0,107424660.000,0,-,-,-,-,3803.2000,3803.0000,3802.8000,3802.6000,3802.4000,3805.6000,3808.8000,3809.0000,3811.2000,3812.2000,1,2,1,1,1,1,1,1,1,3
SF,IF2012,2020-06-02 09:34:51.500,3803.2000,6456,0,107424660.000,0,-,-,-,-,3803.2000,3803.0000,3802.8000,3802.4000,3801.6000,3805.2000,3805.4000,3805.6000,3808.8000,3809.0000,1,2,1,1,1,1,1,1,1,1
SF,IF2012,2020-06-02 09:34:52.000,3803.2000,6456,0,107424660.000,0,-,-,-,-,3803.2000,3803.0000,3802.8000,3802.4000,3801.6000,3805.0000,3805.2000,3805.4000,3808.8000,3809.0000,1,2,1,1,1,1,1,1,1,1
SF,IF2012,2020-06-02 09:34:52.500,3803.2000,6456,0,107424660.000,0,-,-,-,-,3803.2000,3803.0000,3802.8000,3801.6000,3801.2000,3805.0000,3805.2000,3805.4000,3808.8000,3809.0000,1,2,1,1,1,1,1,1,1,1
SF,IF2012,2020-06-02 09:34:53.000,3803.2000,6456,0,107424660.000,0,-,-,-,-,3803.2000,3803.0000,3802.8000,3801.6000,3801.2000,3805.0000,3805.2000,3808.8000,3809.0000,3811.2000,1,1,1,1,1,1,1,1,1,1
SF,IF2012,2020-06-02 09:34:54.500,3803.2000,6456,0,107424660.000,0,-,-,-,-,3803.2000,3803.0000,3802.8000,3801.6000,3801.2000,3805.0000,3808.8000,3809.0000,3811.2000,3812.2000,1,1,1,1,1,1,1,1,1,3
SF,IF2012,2020-06-02 09:34:59.000,3803.2000,6456,0,107424660.000,0,-,-,-,-,3803.2000,3803.0000,3802.8000,3801.6000,3801.2000,3804.6000,3805.0000,3808.8000,3809.0000,3811.2000,1,1,1,1,1,1,1,1,1,1
SF,IF2012,2020-06-02 09:34:59.500,3803.2000,6456,0,107424660.000,0,-,-,-,-,3803.2000,3803.0000,3802.8000,3801.6000,3801.2000,3804.4000,3804.6000,3808.8000,3809.0000,3811.2000,1,1,1,1,1,1,1,1,1,1
SF,IF2012,2020-06-02 09:35:00.500,3804.4000,6455,-1,108565980.000,1,0,1,双平,S,3803.2000,3803.0000,3802.8000,3801.6000,3801.2000,3808.8000,3809.0000,3811.2000,3812.2000,3813.6000,1,1,1,1,1,1,1,1,3,1
SF,IF2012,2020-06-02 09:35:01.000,3804.4000,6455,0,108565980.000,0,-,-,-,-,3803.2000,3803.0000,3801.6000,3801.2000,3801.0000,3808.6000,3808.8000,3809.0000,3811.2000,3812.2000,1,1,1,1,2,3,1,1,1,3
SF,IF2012,2020-06-02 09:35:01.500,3804.4000,6455,0,108565980.000,0,-,-,-,-,3803.2000,3803.0000,3801.6000,3801.2000,3801.0000,3808.6000,3808.8000,3809.0000,3811.2000,3812.2000,1,1,1,1,2,3,1,1,1,3
SF,IF2012,2020-06-02 09:35:02.000,3804.4000,6455,0,108565980.000,0,-,-,-,-,3803.2000,3803.0000,3801.6000,3801.2000,3801.0000,3808.2000,3808.6000,3808.8000,3809.0000,3811.2000,1,1,1,1,2,4,3,1,1,1
SF,IF2012,2020-06-02 09:35:02.500,3804.4000,6455,0,108565980.000,0,-,-,-,-,3803.2000,3803.0000,3801.6000,3801.2000,3801.0000,3807.4000,3808.0000,3808.2000,3808.8000,3809.0000,1,1,1,1,2,1,3,4,1,1
SF,IF2012,2020-06-02 09:35:03.000,3804.4000,6455,0,108565980.000,0,-,-,-,-,3803.0000,3801.6000,3801.2000,3801.0000,3800.2000,3807.2000,3807.4000,3808.8000,3809.0000,3811.2000,1,1,1,2,1,7,2,1,1,1
SF,IF2012,2020-06-02 09:35:03.500,3804.4000,6455,0,108565980.000,0,-,-,-,-,3803.0000,3801.6000,3801.2000,3801.0000,3800.2000,3807.0000,3807.2000,3808.8000,3809.0000,3811.2000,1,1,1,2,1,2,6,1,1,1
SF,IF2012,2020-06-02 09:35:04.000,3804.4000,6455,0,108565980.000,0,-,-,-,-,3803.0000,3801.6000,3801.2000,3801.0000,3800.2000,3806.2000,3806.6000,3806.8000,3807.0000,3808.8000,1,1,1,2,1,1,1,6,1,1
SF,IF2012,2020-06-02 09:35:04.500,3804.4000,6455,0,108565980.000,0,-,-,-,-,3803.0000,3801.6000,3801.2000,3801.0000,3800.2000,3805.8000,3806.0000,3806.2000,3806.8000,3807.0000,1,1,1,2,1,2,2,1,4,1
SF,IF2012,2020-06-02 09:35:05.000,3803.0000,6455,0,109706880.000,1,0,1,多换,S,3801.2000,3801.0000,3800.2000,3800.0000,3799.0000,3805.4000,3805.6000,3806.0000,3806.2000,3806.8000,1,2,1,3,1,2,2,1,1,4
SF,IF2012,2020-06-02 09:35:05.500,3803.0000,6455,0,109706880.000,0,-,-,-,-,3801.4000,3801.2000,3801.0000,3800.2000,3800.0000,3805.4000,3805.6000,3806.0000,3806.2000,3806.8000,1,1,2,1,3,2,1,1,1,4
SF,IF2012,2020-06-02 09:35:06.000,3803.0000,6455,0,109706880.000,0,-,-,-,-,3801.0000,3800.2000,3800.0000,3799.0000,3797.6000,3805.2000,3805.6000,3806.8000,3808.8000,3811.2000,2,1,3,1,1,1,1,4,1,1
SF,IF2012,2020-06-02 09:35:06.500,3803.0000,6455,0,109706880.000,0,-,-,-,-,3801.0000,3800.2000,3800.0000,3799.0000,3797.6000,3804.8000,3805.0000,3805.2000,3805.6000,3806.8000,2,1,3,1,1,1,1,1,1,4
SF,IF2012,2020-06-02 09:35:07.000,3803.0000,6455,0,109706880.000,0,-,-,-,-,3801.0000,3800.2000,3800.0000,3799.0000,3797.6000,3804.6000,3804.8000,3805.0000,3805.6000,3806.8000,2,1,3,1,1,1,1,1,1,4
SF,IF2012,2020-06-02 09:35:07.500,3803.0000,6455,0,109706880.000,0,-,-,-,-,3801.0000,3800.2000,3800.0000,3799.0000,3797.6000,3804.6000,3804.8000,3805.0000,3805.6000,3806.8000,2,1,3,1,1,1,1,1,1,4
SF,IF2012,2020-06-02 09:35:08.000,3801.0000,6455,0,110847180.000,1,0,1,多换,S,3801.0000,3800.2000,3800.0000,3799.0000,3797.6000,3804.0000,3804.2000,3804.6000,3805.6000,3808.8000,1,1,3,1,1,2,4,1,1,1
SF,IF2012,2020-06-02 09:35:08.500,3801.0000,6455,0,110847180.000,0,-,-,-,-,3801.0000,3800.2000,3800.0000,3799.0000,3797.6000,3803.4000,3803.8000,3804.0000,3804.2000,3808.8000,1,1,3,1,1,1,2,2,4,1
SF,IF2012,2020-06-02 09:35:09.000,3801.0000,6454,-1,111987480.000,1,0,1,双平,S,3800.2000,3800.0000,3799.0000,3797.6000,3797.2000,3803.0000,3803.2000,3804.0000,3804.2000,3805.0000,1,3,1,1,1,2,2,2,4,5
SF,IF2012,2020-06-02 09:35:09.500,3801.0000,6454,0,111987480.000,0,-,-,-,-,3800.2000,3800.0000,3799.0000,3797.6000,3797.2000,3802.8000,3803.0000,3804.0000,3804.2000,3805.0000,1,3,1,1,1,2,2,2,4,5
SF,IF2012,2020-06-02 09:35:10.000,3801.0000,6454,0,111987480.000,0,-,-,-,-,3800.2000,3800.0000,3799.0000,3797.6000,3797.2000,3802.8000,3803.0000,3804.0000,3804.2000,3805.0000,1,3,1,1,1,2,2,2,4,5
SF,IF2012,2020-06-02 09:35:10.500,3801.0000,6454,0,111987480.000,0,-,-,-,-,3800.4000,3800.2000,3800.0000,3799.0000,3797.6000,3802.6000,3802.8000,3803.0000,3804.0000,3804.2000,1,1,3,1,1,1,2,2,2,4
SF,IF2012,2020-06-02 09:35:11.000,3801.0000,6454,0,111987480.000,0,-,-,-,-,3800.4000,3800.2000,3800.0000,3799.0000,3797.6000,3802.4000,3802.6000,3802.8000,3803.0000,3804.0000,1,1,3,1,1,1,2,1,2,1
SF,IF2012,2020-06-02 09:35:11.500,3801.0000,6454,0,111987480.000,0,-,-,-,-,3800.6000,3800.4000,3800.0000,3799.0000,3797.6000,3802.6000,3802.8000,3804.0000,3808.8000,3810.0000,1,1,3,1,1,1,1,1,1,5
SF,IF2012,2020-06-02 09:35:12.000,3801.0000,6454,0,111987480.000,0,-,-,-,-,3800.8000,3800.6000,3800.0000,3799.0000,3797.6000,3802.6000,3804.0000,3808.8000,3810.0000,3811.2000,1,1,3,1,1,1,1,1,5,1
SF,IF2012,2020-06-02 09:35:12.500,3801.0000,6454,0,111987480.000,0,-,-,-,-,3801.0000,3800.8000,3800.6000,3800.0000,3799.0000,3802.6000,3804.0000,3808.8000,3810.0000,3811.2000,1,1,1,3,1,1,1,1,5,1
SF,IF2012,2020-06-02 09:35:13.000,3801.0000,6454,0,111987480.000,0,-,-,-,-,3801.0000,3800.6000,3800.0000,3799.0000,3797.6000,3802.4000,3802.6000,3804.0000,3808.8000,3810.0000,1,1,3,1,1,1,1,1,1,5
SF,IF2012,2020-06-02 09:35:13.500,3801.0000,6454,0,111987480.000,0,-,-,-,-,3800.0000,3799.0000,3797.6000,3797.2000,3795.0000,3802.4000,3802.6000,3804.0000,3808.8000,3810.0000,3,1,1,1,9,1,1,1,1,5
SF,IF2012,2020-06-02 09:35:14.000,3801.0000,6454,0,111987480.000,0,-,-,-,-,3800.2000,3800.0000,3799.0000,3797.6000,3797.2000,3802.4000,3802.6000,3804.0000,3808.8000,3810.0000,1,3,1,1,1,1,1,1,1,5
SF,IF2012,2020-06-02 09:35:15.000,3801.0000,6454,0,111987480.000,0,-,-,-,-,3800.2000,3800.0000,3799.0000,3797.6000,3797.2000,3802.4000,3802.6000,3804.0000,3808.8000,3810.0000,1,3,1,1,1,1,1,1,1,5
SF,IF2012,2020-06-02 09:35:15.500,3801.0000,6454,0,111987480.000,0,-,-,-,-,3800.4000,3800.2000,3800.0000,3799.0000,3797.6000,3804.0000,3808.8000,3810.0000,3811.2000,3812.2000,1,1,3,1,1,1,1,5,1,3
SF,IF2012,2020-06-02 09:35:16.000,3801.0000,6454,0,111987480.000,0,-,-,-,-,3800.6000,3800.4000,3800.0000,3799.0000,3797.6000,3804.0000,3808.8000,3810.0000,3811.2000,3812.2000,1,1,3,1,1,1,1,5,1,3
SF,IF2012,2020-06-02 09:35:16.500,3801.0000,6454,0,111987480.000,0,-,-,-,-,3800.6000,3800.4000,3800.0000,3799.0000,3797.6000,3803.4000,3803.8000,3804.0000,3808.8000,3810.0000,1,1,3,1,1,1,1,1,1,5
SF,IF2012,2020-06-02 09:35:17.000,3801.0000,6454,0,111987480.000,0,-,-,-,-,3800.6000,3800.4000,3800.0000,3799.0000,3797.6000,3804.0000,3808.8000,3810.0000,3811.2000,3812.2000,1,1,3,1,1,1,1,5,1,3
SF,IF2012,2020-06-02 09:35:17.500,3801.0000,6454,0,111987480.000,0,-,-,-,-,3800.8000,3800.6000,3800.4000,3800.0000,3799.0000,3804.0000,3808.8000,3810.0000,3811.2000,3812.2000,1,1,1,3,1,1,1,5,1,3
SF,IF2012,2020-06-02 09:35:18.000,3801.0000,6454,0,111987480.000,0,-,-,-,-,3801.0000,3800.8000,3800.4000,3800.0000,3799.0000,3808.8000,3810.0000,3811.2000,3812.2000,3813.6000,1,1,1,3,1,1,5,1,3,1
