市场代码,合约代码,时间,最新,持仓,增仓,成交额,成交量,开仓,平仓,成交类型,方向,买一价,买二价,买三价,买四价,买五价,卖一价,卖二价,卖三价,卖四价,卖五价,买一量,买二量,买三量,买四量,买五量,卖一量,卖二量,卖三量,卖四量,卖五量
SF,IF2003,2019-11-15 09:29:00.300,3884.0000,11675,0,0.000,0.000,-,-,-,-,3894.6000,3892.4000,3890.6000,3887.2000,3886.4000,3898.2000,3899.6000,3903.6000,3904.0000,3906.2000,1,1,1,1,3,1,1,1,5,2
SF,IF2003,2019-11-15 09:30:00.300,3894.2000,11674,-1,3503520.000,3,1,2,多平,S,3892.4000,3887.2000,3886.4000,3885.8000,3884.8000,3894.0000,3894.6000,3894.8000,3896.4000,3897.2000,1,1,3,1,1,1,1,1,1,1
SF,IF2003,2019-11-15 09:30:00.800,3892.4000,11672,-2,7007220.000,3,0,3,多平,S,3892.4000,3891.2000,3887.2000,3885.8000,3884.8000,3893.0000,3893.8000,3894.0000,3894.6000,3894.8000,1,1,1,1,1,1,1,1,1,1
SF,IF2003,2019-11-15 09:30:01.300,3892.4000,11672,0,7007220.000,0,-,-,-,-,3892.6000,3892.4000,3891.2000,3887.2000,3885.8000,3893.6000,3893.8000,3894.0000,3894.6000,3894.8000,1,1,1,1,1,1,2,1,1,1
SF,IF2003,2019-11-15 09:30:01.800,3892.4000,11672,0,7007220.000,0,-,-,-,-,3892.8000,3892.6000,3892.4000,3891.2000,3887.2000,3893.6000,3893.8000,3894.0000,3894.6000,3894.8000,1,1,1,1,1,1,2,1,1,1
SF,IF2003,2019-11-15 09:30:02.300,3892.4000,11672,0,7007220.000,0,-,-,-,-,3892.8000,3892.6000,3892.4000,3891.2000,3887.2000,3893.6000,3893.8000,3894.0000,3894.6000,3894.8000,1,1,1,1,1,1,2,1,1,1
SF,IF2003,2019-11-15 09:30:02.800,3892.4000,11672,0,7007220.000,0,-,-,-,-,3892.8000,3892.6000,3892.4000,3891.6000,3891.2000,3893.4000,3893.6000,3893.8000,3894.0000,3894.6000,1,1,1,1,1,1,1,1,1,1
SF,IF2003,2019-11-15 09:30:03.300,3892.4000,11672,0,7007220.000,0,-,-,-,-,3892.8000,3892.6000,3892.4000,3891.6000,3891.2000,3893.0000,3893.4000,3893.8000,3894.0000,3894.8000,1,1,1,1,1,1,1,1,1,1
SF,IF2003,2019-11-15 09:30:03.800,3892.4000,11672,0,7007220.000,0,-,-,-,-,3892.8000,3892.6000,3892.4000,3891.6000,3891.2000,3893.0000,3893.4000,3894.0000,3894.8000,3895.0000,2,1,1,1,1,1,1,1,1,2
SF,IF2003,2019-11-15 09:30:04.300,3892.6000,11669,-3,10510680.000,3,0,3,双平,S,3892.4000,3891.6000,3889.8000,3887.2000,3885.8000,3893.0000,3894.0000,3894.8000,3895.0000,3896.4000,1,1,1,1,1,1,1,1,3,1
SF,IF2003,2019-11-15 09:30:04.800,3893.0000,11668,-1,11678580.000,1,0,1,双平,S,3892.6000,3892.4000,3891.6000,3889.8000,3887.2000,3894.0000,3894.8000,3895.0000,3896.4000,3896.6000,1,1,1,1,1,1,1,3,1,1
SF,IF2003,2019-11-15 09:30:05.300,3892.6000,11667,-1,12846360.000,1,0,1,双平,S,3892.4000,3891.6000,3889.8000,3887.2000,3885.8000,3893.0000,3893.6000,3893.8000,3894.0000,3894.8000,1,1,1,1,1,1,10,3,2,1
SF,IF2003,2019-11-15 09:30:05.800,3892.4000,11667,0,14014080.000,1,0,1,多换,S,3891.6000,3889.8000,3887.2000,3885.8000,3884.8000,3893.0000,3893.2000,3893.4000,3893.6000,3893.8000,1,1,1,1,1,1,1,5,10,3
SF,IF2003,2019-11-15 09:30:06.300,3891.6000,11666,-1,15181560.000,1,0,1,双平,S,3889.8000,3887.2000,3885.8000,3884.8000,3884.6000,3893.0000,3893.2000,3893.4000,3893.6000,3893.8000,1,1,1,1,2,1,1,5,10,3
SF,IF2003,2019-11-15 09:30:06.800,3891.6000,11666,0,15181560.000,0,-,-,-,-,3891.0000,3890.0000,3889.8000,3887.2000,3885.8000,3892.6000,3893.2000,3893.4000,3893.6000,3893.8000,2,2,1,1,1,2,1,5,8,2
SF,IF2003,2019-11-15 09:30:07.300,3892.2000,11665,-1,16349220.000,1,0,1,双平,S,3890.0000,3889.8000,3887.2000,3885.8000,3884.8000,3892.6000,3892.8000,3893.2000,3893.4000,3893.6000,2,1,1,1,1,2,1,1,5,8
SF,IF2003,2019-11-15 09:30:07.800,3892.2000,11665,0,16349220.000,0,-,-,-,-,3891.0000,3890.2000,3890.0000,3889.8000,3887.2000,3892.4000,3892.8000,3893.2000,3893.4000,3893.6000,2,1,1,1,1,3,1,1,5,8
SF,IF2003,2019-11-15 09:30:08.300,3892.2000,11665,0,16349220.000,0,-,-,-,-,3891.0000,3890.2000,3890.0000,3889.8000,3887.2000,3892.4000,3892.8000,3893.2000,3893.4000,3893.6000,2,1,1,1,1,3,1,1,5,3
SF,IF2003,2019-11-15 09:30:08.800,3892.2000,11665,0,16349220.000,0,-,-,-,-,3891.0000,3890.2000,3890.0000,3889.8000,3887.2000,3892.4000,3893.2000,3893.4000,3893.6000,3893.8000,2,1,1,1,1,2,1,5,3,2
SF,IF2003,2019-11-15 09:30:09.800,3892.2000,11665,0,16349220.000,0,-,-,-,-,3890.0000,3889.8000,3887.2000,3885.8000,3884.8000,3892.2000,3892.4000,3893.2000,3893.4000,3893.6000,1,1,1,1,1,1,2,1,5,3
SF,IF2003,2019-11-15 09:30:10.300,3890.2000,11664,-1,17516280.000,1,0,1,双平,S,3890.2000,3890.0000,3889.0000,3887.2000,3885.8000,3892.2000,3892.4000,3893.2000,3893.6000,3893.8000,2,1,1,1,1,1,1,1,3,2
SF,IF2003,2019-11-15 09:30:10.800,3890.2000,11664,0,17516280.000,0,-,-,-,-,3890.2000,3889.0000,3887.2000,3885.8000,3884.8000,3892.2000,3892.4000,3893.2000,3893.6000,3893.8000,2,1,1,1,1,2,1,1,3,2
SF,IF2003,2019-11-15 09:30:12.300,3892.2000,11664,0,19851600.000,2,1,1,多换,S,3890.2000,3889.0000,3887.2000,3885.8000,3884.8000,3892.4000,3893.2000,3893.6000,3893.8000,3894.0000,2,1,1,1,1,1,1,3,2,2
SF,IF2003,2019-11-15 09:30:12.800,3892.2000,11664,0,19851600.000,0,-,-,-,-,3891.0000,3890.4000,3890.2000,3889.0000,3887.2000,3892.2000,3892.4000,3893.2000,3893.6000,3893.8000,1,1,2,1,1,1,1,1,3,2
SF,IF2003,2019-11-15 09:30:13.300,3892.2000,11664,0,19851600.000,0,-,-,-,-,3890.4000,3890.2000,3889.0000,3887.2000,3885.8000,3892.0000,3892.2000,3892.4000,3893.2000,3893.6000,1,2,1,1,1,2,1,1,1,3
SF,IF2003,2019-11-15 09:30:13.800,3892.2000,11664,0,19851600.000,0,-,-,-,-,3891.0000,3890.4000,3890.2000,3889.0000,3887.2000,3892.2000,3892.4000,3893.2000,3893.6000,3893.8000,2,1,2,1,1,1,1,1,3,2
SF,IF2003,2019-11-15 09:30:14.300,3892.2000,11664,0,19851600.000,0,-,-,-,-,3890.4000,3890.2000,3889.0000,3887.2000,3885.8000,3892.2000,3892.4000,3893.2000,3893.6000,3893.8000,1,1,1,1,1,1,1,1,3,2
SF,IF2003,2019-11-15 09:30:14.800,3892.2000,11664,0,19851600.000,0,-,-,-,-,3891.0000,3890.6000,3890.4000,3889.0000,3887.2000,3892.2000,3892.4000,3893.2000,3893.6000,3893.8000,2,2,1,1,1,1,1,1,3,2
SF,IF2003,2019-11-15 09:30:15.800,3892.2000,11664,0,21019260.000,1,0,1,多换,S,3890.6000,3890.4000,3889.0000,3887.2000,3885.8000,3892.4000,3893.2000,3893.6000,3893.8000,3894.0000,2,1,1,1,1,1,1,3,2,2
SF,IF2003,2019-11-15 09:30:16.300,3892.2000,11664,0,21019260.000,0,-,-,-,-,3890.6000,3890.4000,3889.0000,3887.2000,3885.8000,3892.4000,3893.2000,3893.6000,3893.8000,3894.0000,1,1,1,1,1,1,1,3,2,2
SF,IF2003,2019-11-15 09:30:16.800,3892.2000,11664,0,21019260.000,0,-,-,-,-,3890.8000,3890.6000,3890.4000,3889.0000,3887.2000,3892.2000,3892.4000,3893.2000,3893.6000,3893.8000,1,1,1,1,1,1,1,1,3,2
SF,IF2003,2019-11-15 09:30:17.300,3892.2000,11664,0,21019260.000,0,-,-,-,-,3890.8000,3890.6000,3890.4000,3889.0000,3887.2000,3892.2000,3892.4000,3893.2000,3893.6000,3893.8000,1,1,1,1,1,2,1,1,3,2
SF,IF2003,2019-11-15 09:30:18.300,3892.2000,11664,0,21019260.000,0,-,-,-,-,3891.0000,3890.8000,3890.6000,3890.4000,3889.0000,3892.2000,3892.4000,3893.2000,3893.6000,3893.8000,2,1,1,1,1,2,1,1,3,2
SF,IF2003,2019-11-15 09:30:18.800,3892.2000,11664,0,21019260.000,0,-,-,-,-,3891.0000,3890.8000,3890.4000,3889.0000,3887.2000,3892.2000,3892.4000,3893.2000,3893.6000,3893.8000,2,1,1,1,1,2,1,1,3,2
SF,IF2003,2019-11-15 09:30:19.300,3892.2000,11664,0,21019260.000,0,-,-,-,-,3891.0000,3890.8000,3890.4000,3889.0000,3887.2000,3892.2000,3892.4000,3893.2000,3893.6000,3893.8000,2,1,1,1,1,2,1,1,3,2
SF,IF2003,2019-11-15 09:30:19.800,3892.2000,11664,0,21019260.000,0,-,-,-,-,3890.8000,3890.4000,3889.0000,3887.2000,3885.8000,3892.0000,3892.2000,3892.4000,3893.2000,3893.6000,1,1,1,1,1,2,2,1,1,3
SF,IF2003,2019-11-15 09:30:20.300,3892.2000,11664,0,21019260.000,0,-,-,-,-,3891.0000,3890.8000,3890.4000,3889.0000,3887.2000,3892.0000,3892.2000,3892.4000,3893.2000,3893.6000,1,1,1,1,1,2,2,1,1,3
SF,IF2003,2019-11-15 09:30:20.800,3891.0000,11663,-1,22186560.000,1,0,1,双平,S,3890.8000,3889.0000,3887.2000,3885.8000,3884.8000,3891.8000,3892.0000,3892.2000,3892.4000,3893.2000,1,1,1,1,1,2,3,2,1,1
SF,IF2003,2019-11-15 09:30:21.300,3891.0000,11663,0,22186560.000,0,-,-,-,-,3890.8000,3889.0000,3887.2000,3885.8000,3884.8000,3891.6000,3891.8000,3892.0000,3892.2000,3892.4000,1,1,1,1,1,1,2,2,2,1
SF,IF2003,2019-11-15 09:30:21.800,3890.8000,11662,-1,23353800.000,1,0,1,双平,S,3889.0000,3887.2000,3885.8000,3884.8000,3884.4000,3891.6000,3891.8000,3892.0000,3892.2000,3892.4000,1,1,1,1,1,1,1,2,2,1
SF,IF2003,2019-11-15 09:30:22.300,3890.8000,11662,0,23353800.000,0,-,-,-,-,3889.2000,3889.0000,3887.2000,3885.8000,3884.8000,3891.4000,3891.6000,3891.8000,3892.0000,3892.2000,3,1,1,1,1,1,1,1,2,2
SF,IF2003,2019-11-15 09:30:22.800,3890.8000,11662,0,23353800.000,0,-,-,-,-,3889.2000,3889.0000,3887.2000,3885.8000,3884.8000,3891.4000,3891.8000,3892.0000,3892.2000,3892.4000,3,1,1,1,1,1,1,2,2,1
SF,IF2003,2019-11-15 09:30:23.300,3890.8000,11662,0,23353800.000,0,-,-,-,-,3889.6000,3889.2000,3889.0000,3887.2000,3885.8000,3891.2000,3891.4000,3891.8000,3892.0000,3892.2000,1,3,1,1,1,1,1,1,2,2
SF,IF2003,2019-11-15 09:30:23.800,3890.8000,11662,0,23353800.000,0,-,-,-,-,3889.6000,3889.2000,3889.0000,3887.2000,3885.8000,3891.2000,3891.4000,3891.8000,3892.0000,3892.2000,1,2,1,1,1,1,1,1,2,2
SF,IF2003,2019-11-15 09:30:24.300,3890.8000,11662,0,23353800.000,0,-,-,-,-,3889.6000,3889.2000,3889.0000,3887.2000,3885.8000,3891.2000,3891.4000,3891.8000,3892.0000,3892.2000,1,1,1,1,1,1,1,1,2,2
SF,IF2003,2019-11-15 09:30:24.800,3890.8000,11662,0,23353800.000,0,-,-,-,-,3889.6000,3889.2000,3889.0000,3887.2000,3885.8000,3891.0000,3891.2000,3891.4000,3891.8000,3892.0000,1,1,1,1,1,1,1,2,1,2
SF,IF2003,2019-11-15 09:30:25.300,3890.8000,11662,0,23353800.000,0,-,-,-,-,3889.8000,3889.6000,3889.2000,3889.0000,3887.2000,3891.2000,3891.4000,3891.8000,3892.0000,3892.2000,1,1,1,1,1,1,2,1,2,2
SF,IF2003,2019-11-15 09:30:25.800,3891.2000,11661,-1,24521160.000,1,0,1,双平,S,3889.8000,3889.6000,3889.2000,3889.0000,3887.2000,3891.8000,3892.0000,3892.2000,3892.4000,3893.2000,2,1,1,1,1,1,2,2,1,1
SF,IF2003,2019-11-15 09:30:26.300,3891.2000,11661,0,24521160.000,0,-,-,-,-,3890.0000,3889.8000,3889.6000,3889.2000,3889.0000,3891.4000,3891.6000,3891.8000,3892.0000,3892.2000,1,2,1,1,1,2,1,1,1,2
SF,IF2003,2019-11-15 09:30:26.800,3891.2000,11661,0,24521160.000,0,-,-,-,-,3890.0000,3889.8000,3889.6000,3889.2000,3889.0000,3891.8000,3892.0000,3892.2000,3892.4000,3893.2000,1,1,1,1,1,1,1,2,1,1
SF,IF2003,2019-11-15 09:30:27.300,3891.2000,11661,0,24521160.000,0,-,-,-,-,3890.0000,3889.8000,3889.6000,3889.0000,3887.2000,3891.6000,3891.8000,3892.2000,3892.4000,3893.2000,1,1,1,1,1,1,1,2,1,1
SF,IF2003,2019-11-15 09:30:27.800,3891.2000,11661,0,24521160.000,0,-,-,-,-,3890.2000,3890.0000,3889.8000,3889.6000,3889.0000,3891.6000,3891.8000,3892.2000,3892.4000,3893.2000,1,1,1,1,1,1,1,2,1,1
SF,IF2003,2019-11-15 09:30:28.300,3891.2000,11661,0,24521160.000,0,-,-,-,-,3890.2000,3890.0000,3889.8000,3889.6000,3889.0000,3891.6000,3891.8000,3892.2000,3892.4000,3893.2000,1,1,1,1,1,1,1,2,1,1
SF,IF2003,2019-11-15 09:30:28.800,3891.2000,11661,0,24521160.000,0,-,-,-,-,3890.2000,3890.0000,3889.8000,3889.6000,3889.0000,3891.6000,3891.8000,3892.2000,3892.4000,3893.2000,1,1,1,1,1,1,1,2,1,1
SF,IF2003,2019-11-15 09:30:29.300,3890.2000,11660,-1,25688220.000,1,0,1,双平,S,3890.0000,3889.8000,3889.6000,3889.0000,3887.2000,3890.2000,3891.4000,3891.6000,3891.8000,3892.2000,1,1,1,1,1,1,1,1,1,2
SF,IF2003,2019-11-15 09:30:29.800,3890.2000,11659,-1,26855280.000,1,0,1,双平,S,3890.2000,3889.8000,3889.6000,3889.0000,3887.2000,3891.6000,3891.8000,3892.2000,3892.4000,3893.2000,1,1,1,1,1,1,1,2,1,1
SF,IF2003,2019-11-15 09:30:30.800,3890.2000,11659,0,26855280.000,0,-,-,-,-,3890.2000,3889.8000,3889.6000,3889.0000,3887.2000,3891.4000,3891.8000,3892.2000,3892.4000,3893.2000,1,1,1,1,1,2,1,2,1,1
SF,IF2003,2019-11-15 09:30:31.300,3890.2000,11659,0,26855280.000,0,-,-,-,-,3890.2000,3889.8000,3889.6000,3889.0000,3887.2000,3891.4000,3891.8000,3892.2000,3892.4000,3893.2000,1,1,1,1,1,3,1,2,1,1
SF,IF2003,2019-11-15 09:30:31.800,3890.2000,11659,0,26855280.000,0,-,-,-,-,3890.2000,3889.8000,3889.6000,3889.0000,3887.2000,3891.4000,3891.8000,3892.2000,3892.4000,3893.2000,1,1,1,1,1,3,1,2,1,1
SF,IF2003,2019-11-15 09:30:32.300,3890.2000,11659,0,26855280.000,0,-,-,-,-,3890.2000,3889.8000,3889.6000,3889.0000,3887.2000,3891.4000,3891.8000,3892.2000,3892.4000,3893.2000,1,1,1,1,1,3,1,2,1,1
SF,IF2003,2019-11-15 09:30:32.800,3890.2000,11659,0,26855280.000,0,-,-,-,-,3890.2000,3889.8000,3889.6000,3889.0000,3887.2000,3891.0000,3891.4000,3891.8000,3892.2000,3892.4000,1,1,1,1,1,1,3,1,2,1
SF,IF2003,2019-11-15 09:30:33.300,3890.2000,11659,0,26855280.000,0,-,-,-,-,3890.2000,3889.8000,3889.6000,3889.0000,3887.2000,3891.0000,3891.4000,3891.8000,3892.2000,3892.4000,1,1,1,1,1,1,2,1,2,1
SF,IF2003,2019-11-15 09:30:33.800,3890.2000,11659,0,26855280.000,0,-,-,-,-,3890.2000,3890.0000,3889.8000,3889.6000,3889.0000,3891.0000,3891.4000,3891.8000,3892.2000,3892.4000,1,1,1,1,1,1,2,1,2,1
SF,IF2003,2019-11-15 09:30:34.800,3890.2000,11659,0,26855280.000,0,-,-,-,-,3890.4000,3890.2000,3890.0000,3889.8000,3889.6000,3891.0000,3891.4000,3891.8000,3892.2000,3892.4000,1,1,1,1,1,1,2,1,2,1
SF,IF2003,2019-11-15 09:30:35.300,3890.2000,11659,0,26855280.000,0,-,-,-,-,3890.2000,3890.0000,3889.8000,3889.6000,3889.0000,3891.0000,3891.4000,3891.8000,3892.2000,3892.4000,1,1,1,1,1,1,2,1,2,1
SF,IF2003,2019-11-15 09:30:35.800,3890.2000,11659,0,26855280.000,0,-,-,-,-,3890.4000,3890.2000,3890.0000,3889.8000,3889.6000,3891.0000,3891.4000,3891.8000,3892.2000,3892.4000,1,1,1,1,1,1,2,1,2,1
SF,IF2003,2019-11-15 09:30:36.300,3890.2000,11659,0,26855280.000,0,-,-,-,-,3890.2000,3890.0000,3889.8000,3889.6000,3889.0000,3891.0000,3891.4000,3891.8000,3892.2000,3892.4000,1,1,1,1,1,1,2,1,2,1
SF,IF2003,2019-11-15 09:30:36.800,3890.2000,11659,0,26855280.000,0,-,-,-,-,3890.2000,3890.0000,3889.8000,3889.6000,3889.0000,3891.0000,3891.4000,3891.8000,3892.2000,3892.4000,1,1,1,1,1,1,2,1,2,1
SF,IF2003,2019-11-15 09:30:37.300,3890.8000,11656,-3,30357000.000,3,0,3,双平,S,3890.2000,3890.0000,3889.8000,3889.6000,3889.0000,3891.0000,3891.4000,3891.8000,3892.2000,3892.4000,1,1,1,1,1,1,2,1,2,1
SF,IF2003,2019-11-15 09:30:37.800,3890.4000,11655,-1,31524120.000,1,0,1,双平,S,3890.2000,3890.0000,3889.8000,3889.6000,3889.0000,3891.0000,3891.4000,3891.8000,3892.2000,3892.4000,1,1,1,1,1,1,2,1,2,1
SF,IF2003,2019-11-15 09:30:38.800,3891.0000,11656,1,32691420.000,1,1,0,双开,S,3891.0000,3890.2000,3890.0000,3889.8000,3889.6000,3891.4000,3891.8000,3892.2000,3892.4000,3893.2000,1,1,1,1,1,2,1,2,1,1
SF,IF2003,2019-11-15 09:30:39.300,3891.0000,11656,0,33858720.000,1,0,1,多换,S,3890.2000,3890.0000,3889.8000,3889.6000,3889.0000,3891.4000,3892.2000,3892.4000,3893.2000,3893.4000,1,1,1,1,1,2,2,1,1,2
SF,IF2003,2019-11-15 09:30:39.800,3891.4000,11655,-1,35026140.000,1,0,1,双平,S,3890.4000,3890.2000,3890.0000,3889.8000,3889.6000,3891.4000,3892.2000,3892.4000,3893.2000,3893.4000,2,1,1,1,1,1,2,1,1,2
SF,IF2003,2019-11-15 09:30:40.300,3891.4000,11654,-1,36193560.000,1,0,1,双平,S,3891.4000,3891.0000,3890.4000,3890.2000,3890.0000,3892.2000,3892.4000,3893.2000,3893.4000,3893.6000,1,2,2,1,1,1,1,1,2,3
SF,IF2003,2019-11-15 09:30:40.800,3892.2000,11653,-1,37361220.000,1,0,1,双平,S,3891.0000,3890.0000,3889.8000,3889.6000,3889.0000,3892.4000,3893.2000,3893.4000,3893.6000,3893.8000,2,1,1,1,1,1,1,2,3,1
SF,IF2003,2019-11-15 09:30:41.300,3892.2000,11653,0,37361220.000,0,-,-,-,-,3891.2000,3891.0000,3890.8000,3890.0000,3889.8000,3892.4000,3893.2000,3893.4000,3893.8000,3894.0000,1,2,1,1,1,1,1,2,1,2
SF,IF2003,2019-11-15 09:30:41.800,3892.2000,11653,0,37361220.000,0,-,-,-,-,3891.4000,3890.8000,3890.0000,3889.8000,3889.6000,3892.4000,3893.2000,3893.4000,3893.8000,3894.0000,1,1,1,1,1,1,1,2,1,2
SF,IF2003,2019-11-15 09:30:42.300,3892.2000,11653,0,37361220.000,0,-,-,-,-,3890.8000,3890.0000,3889.8000,3889.6000,3889.0000,3892.4000,3893.2000,3893.4000,3893.8000,3894.0000,1,1,1,1,1,1,1,2,1,2
SF,IF2003,2019-11-15 09:30:42.800,3892.2000,11653,0,37361220.000,0,-,-,-,-,3891.0000,3890.8000,3890.0000,3889.8000,3889.6000,3892.4000,3893.2000,3893.4000,3893.8000,3894.0000,3,1,1,1,1,2,1,2,1,2
SF,IF2003,2019-11-15 09:30:44.300,3892.2000,11653,0,37361220.000,0,-,-,-,-,3891.0000,3890.8000,3889.8000,3889.6000,3889.0000,3892.4000,3893.2000,3893.4000,3893.8000,3894.0000,3,1,1,1,1,2,1,2,1,2
SF,IF2003,2019-11-15 09:30:46.800,3892.2000,11653,0,37361220.000,0,-,-,-,-,3891.0000,3890.8000,3889.8000,3889.6000,3889.0000,3892.4000,3893.2000,3893.4000,3893.8000,3894.0000,3,1,1,1,1,2,1,2,1,2
SF,IF2003,2019-11-15 09:30:47.800,3891.0000,11652,-1,38528520.000,1,0,1,双平,S,3891.0000,3890.8000,3889.8000,3889.6000,3889.0000,3892.2000,3892.4000,3893.2000,3893.4000,3893.8000,2,1,1,1,1,1,2,1,2,1
SF,IF2003,2019-11-15 09:30:48.300,3891.0000,11652,0,38528520.000,0,-,-,-,-,3891.0000,3890.8000,3890.0000,3889.8000,3889.6000,3892.0000,3892.4000,3893.2000,3893.4000,3893.8000,2,1,1,1,1,1,2,1,2,1
SF,IF2003,2019-11-15 09:30:48.800,3891.0000,11652,0,38528520.000,0,-,-,-,-,3891.0000,3890.8000,3890.0000,3889.8000,3889.6000,3892.4000,3893.2000,3893.4000,3893.8000,3894.0000,2,1,1,1,1,2,1,2,1,2
SF,IF2003,2019-11-15 09:30:49.300,3891.0000,11652,0,38528520.000,0,-,-,-,-,3891.0000,3890.8000,3890.0000,3889.8000,3889.6000,3892.2000,3892.4000,3893.2000,3893.4000,3893.8000,2,1,1,1,1,1,2,1,2,1
SF,IF2003,2019-11-15 09:30:49.800,3891.0000,11652,0,38528520.000,0,-,-,-,-,3891.0000,3890.8000,3890.0000,3889.8000,3889.6000,3892.4000,3893.2000,3893.4000,3893.8000,3894.0000,2,1,1,1,1,2,1,2,1,2
SF,IF2003,2019-11-15 09:30:50.300,3891.0000,11652,0,38528520.000,0,-,-,-,-,3891.2000,3890.8000,3890.0000,3889.8000,3889.6000,3892.2000,3892.4000,3893.2000,3893.4000,3893.8000,1,1,1,1,1,1,2,1,2,1
SF,IF2003,2019-11-15 09:30:50.800,3891.0000,11651,-1,39695820.000,1,0,1,双平,S,3891.0000,3890.8000,3890.0000,3889.8000,3889.6000,3892.4000,3893.2000,3893.4000,3893.8000,3894.0000,2,1,1,1,1,2,1,2,1,2
SF,IF2003,2019-11-15 09:30:51.300,3891.0000,11651,0,39695820.000,0,-,-,-,-,3891.0000,3890.8000,3890.0000,3889.8000,3889.6000,3892.0000,3892.2000,3892.4000,3893.2000,3893.4000,2,1,1,1,1,3,1,2,1,2
SF,IF2003,2019-11-15 09:30:51.800,3892.0000,11650,-1,40863420.000,1,0,1,双平,S,3891.0000,3890.8000,3890.0000,3889.8000,3889.6000,3892.0000,3892.4000,3893.2000,3893.4000,3893.8000,2,1,1,1,1,2,2,1,2,1
SF,IF2003,2019-11-15 09:30:52.800,3892.0000,11650,0,42031020.000,1,0,1,多换,S,3891.0000,3890.8000,3890.0000,3889.8000,3889.6000,3892.0000,3892.4000,3893.2000,3893.4000,3893.8000,2,1,1,1,1,1,2,1,2,1
SF,IF2003,2019-11-15 09:30:53.300,3892.0000,11650,0,42031020.000,0,-,-,-,-,3890.8000,3890.0000,3889.8000,3889.6000,3889.0000,3891.8000,3892.0000,3892.4000,3893.2000,3893.4000,1,1,1,1,1,1,1,2,1,2
SF,IF2003,2019-11-15 09:30:53.800,3892.0000,11650,0,42031020.000,0,-,-,-,-,3890.8000,3890.0000,3889.8000,3889.6000,3889.0000,3892.0000,3892.4000,3893.2000,3893.4000,3893.8000,1,1,1,1,1,1,2,1,2,1
SF,IF2003,2019-11-15 09:30:54.300,3892.0000,11650,0,42031020.000,0,-,-,-,-,3891.0000,3890.8000,3890.0000,3889.8000,3889.6000,3892.0000,3892.4000,3893.2000,3893.4000,3893.8000,2,1,1,1,1,1,2,1,2,1
SF,IF2003,2019-11-15 09:30:54.800,3892.0000,11650,0,42031020.000,0,-,-,-,-,3890.8000,3890.0000,3889.8000,3889.6000,3889.0000,3891.8000,3892.0000,3892.4000,3893.2000,3893.4000,1,1,1,1,1,1,1,2,1,2
SF,IF2003,2019-11-15 09:30:55.300,3892.0000,11650,0,42031020.000,0,-,-,-,-,3890.8000,3890.0000,3889.8000,3889.6000,3889.0000,3892.0000,3892.4000,3893.2000,3893.4000,3893.8000,1,1,1,1,1,1,2,1,2,1
SF,IF2003,2019-11-15 09:30:55.800,3892.0000,11650,0,42031020.000,0,-,-,-,-,3891.0000,3890.8000,3890.0000,3889.8000,3889.6000,3892.0000,3892.4000,3893.2000,3893.4000,3893.8000,2,1,1,1,1,1,2,1,2,1
SF,IF2003,2019-11-15 09:30:56.300,3892.0000,11650,0,42031020.000,0,-,-,-,-,3891.0000,3890.8000,3890.0000,3889.8000,3889.6000,3892.0000,3892.4000,3893.2000,3893.4000,3893.8000,2,1,1,1,1,1,2,1,2,1
SF,IF2003,2019-11-15 09:30:57.800,3892.0000,11650,0,42031020.000,0,-,-,-,-,3891.0000,3890.8000,3889.8000,3889.6000,3889.0000,3892.0000,3892.4000,3893.2000,3893.4000,3893.8000,2,1,1,1,1,1,1,1,2,1
SF,IF2003,2019-11-15 09:30:58.300,3892.0000,11650,0,42031020.000,0,-,-,-,-,3890.8000,3889.8000,3889.6000,3889.0000,3887.2000,3892.0000,3892.4000,3893.2000,3893.4000,3893.8000,1,1,1,1,1,1,1,1,2,1
SF,IF2003,2019-11-15 09:30:58.800,3892.0000,11650,0,42031020.000,0,-,-,-,-,3891.0000,3890.8000,3889.8000,3889.6000,3889.0000,3892.0000,3892.4000,3893.2000,3893.4000,3893.8000,3,1,1,1,1,1,1,1,2,1
SF,IF2003,2019-11-15 09:30:59.300,3892.0000,11650,0,43198620.000,1,0,1,多换,S,3891.0000,3890.8000,3889.8000,3889.6000,3889.0000,3892.4000,3893.2000,3893.4000,3893.8000,3894.0000,3,1,1,1,1,1,1,2,1,2
SF,IF2003,2019-11-15 09:30:59.800,3892.0000,11650,0,43198620.000,0,-,-,-,-,3891.0000,3890.8000,3889.8000,3889.6000,3889.0000,3892.2000,3892.4000,3893.2000,3893.4000,3893.8000,3,1,1,1,1,1,1,1,2,1
SF,IF2003,2019-11-15 09:31:00.300,3892.0000,11650,0,43198620.000,0,-,-,-,-,3891.0000,3890.8000,3889.8000,3889.6000,3889.0000,3892.4000,3893.2000,3893.4000,3893.8000,3894.0000,2,1,1,1,1,1,1,2,1,2
SF,IF2003,2019-11-15 09:31:00.800,3892.2000,11649,-1,45533580.000,2,0,2,多平,S,3892.0000,3891.0000,3890.8000,3889.8000,3889.6000,3892.2000,3892.4000,3893.2000,3893.4000,3893.8000,1,1,1,1,1,1,1,1,2,1
SF,IF2003,2019-11-15 09:31:01.300,3892.0000,11648,-1,46701180.000,1,0,1,双平,S,3890.8000,3889.8000,3889.6000,3889.0000,3887.2000,3891.8000,3892.0000,3892.2000,3892.4000,3893.2000,1,1,1,1,1,1,3,1,1,1
SF,IF2003,2019-11-15 09:31:01.800,3892.0000,11648,0,46701180.000,0,-,-,-,-,3890.8000,3889.8000,3889.6000,3889.0000,3887.2000,3891.8000,3892.0000,3892.2000,3892.4000,3893.2000,1,1,1,1,1,1,2,1,1,1
SF,IF2003,2019-11-15 09:31:02.300,3890.8000,11645,-3,50202960.000,3,0,3,双平,S,3890.0000,3889.8000,3889.6000,3889.0000,3887.2000,3890.8000,3891.8000,3892.0000,3892.4000,3893.2000,1,1,1,1,1,3,1,2,1,1
SF,IF2003,2019-11-15 09:31:02.800,3890.8000,11645,0,53704680.000,3,1,2,多换,S,3891.0000,3890.8000,3890.4000,3890.2000,3890.0000,3891.8000,3892.0000,3892.4000,3893.2000,3893.4000,2,2,1,5,1,1,1,1,1,2
SF,IF2003,2019-11-15 09:31:03.300,3891.6000,11645,0,54872160.000,1,0,1,多换,S,3891.0000,3890.8000,3890.2000,3890.0000,3889.6000,3891.8000,3892.0000,3892.2000,3892.4000,3893.2000,1,1,2,1,1,1,1,1,1,1
SF,IF2003,2019-11-15 09:31:03.800,3891.6000,11645,0,54872160.000,0,-,-,-,-,3890.8000,3890.2000,3890.0000,3889.6000,3889.0000,3891.6000,3891.8000,3892.0000,3892.2000,3892.4000,1,2,1,1,1,1,1,1,1,1
SF,IF2003,2019-11-15 09:31:04.300,3891.6000,11645,0,54872160.000,0,-,-,-,-,3890.8000,3890.2000,3890.0000,3889.6000,3889.0000,3891.6000,3891.8000,3892.0000,3892.2000,3892.4000,1,3,1,1,1,2,1,1,1,1
SF,IF2003,2019-11-15 09:31:04.800,3891.6000,11645,0,56039640.000,1,0,1,多换,S,3890.8000,3890.2000,3890.0000,3889.8000,3889.6000,3891.8000,3892.0000,3892.2000,3892.4000,3893.2000,1,3,1,1,1,1,1,1,1,2
SF,IF2003,2019-11-15 09:31:05.300,3891.8000,11643,-2,58374420.000,2,0,2,双平,S,3890.2000,3890.0000,3889.8000,3889.6000,3889.0000,3892.0000,3892.2000,3892.4000,3893.2000,3893.4000,3,1,1,1,1,1,1,1,1,2
SF,IF2003,2019-11-15 09:31:05.800,3891.8000,11643,0,58374420.000,0,-,-,-,-,3890.8000,3890.4000,3890.2000,3890.0000,3889.8000,3891.8000,3892.0000,3892.2000,3892.4000,3893.2000,1,2,4,1,1,1,1,1,1,1
SF,IF2003,2019-11-15 09:31:06.300,3891.8000,11643,0,58374420.000,0,-,-,-,-,3890.8000,3890.2000,3890.0000,3889.8000,3889.6000,3891.6000,3892.0000,3892.2000,3892.4000,3893.2000,1,4,1,1,1,1,1,1,1,1
SF,IF2003,2019-11-15 09:31:06.800,3891.8000,11643,0,58374420.000,0,-,-,-,-,3890.2000,3890.0000,3889.8000,3889.6000,3889.0000,3891.6000,3892.0000,3892.2000,3892.4000,3893.2000,3,1,1,1,1,1,1,1,1,1
SF,IF2003,2019-11-15 09:31:07.300,3891.8000,11643,0,58374420.000,0,-,-,-,-,3890.4000,3890.2000,3890.0000,3889.8000,3889.6000,3891.6000,3892.0000,3892.2000,3892.4000,3893.2000,2,3,1,1,1,1,1,1,1,1
SF,IF2003,2019-11-15 09:31:08.300,3891.8000,11643,0,58374420.000,0,-,-,-,-,3890.4000,3890.2000,3890.0000,3889.8000,3889.6000,3891.6000,3892.0000,3892.2000,3892.4000,3893.2000,1,3,1,1,1,1,1,1,1,1
SF,IF2003,2019-11-15 09:31:08.800,3891.8000,11643,0,58374420.000,0,-,-,-,-,3890.2000,3890.0000,3889.8000,3889.6000,3889.0000,3891.6000,3891.8000,3892.0000,3892.2000,3892.4000,3,1,1,1,1,1,1,1,1,1
SF,IF2003,2019-11-15 09:31:09.300,3891.8000,11643,0,58374420.000,0,-,-,-,-,3890.4000,3890.2000,3890.0000,3889.8000,3889.6000,3891.6000,3891.8000,3892.0000,3892.2000,3892.4000,1,2,1,1,1,1,1,1,1,1
SF,IF2003,2019-11-15 09:31:09.800,3891.8000,11643,0,58374420.000,0,-,-,-,-,3890.2000,3890.0000,3889.8000,3889.6000,3889.0000,3891.4000,3891.6000,3891.8000,3892.0000,3892.2000,2,1,1,1,1,1,1,1,1,1
SF,IF2003,2019-11-15 09:31:10.300,3891.8000,11643,0,58374420.000,0,-,-,-,-,3890.2000,3890.0000,3889.6000,3889.0000,3887.2000,3891.2000,3891.4000,3891.8000,3892.0000,3892.2000,2,1,1,1,1,1,1,1,1,1
SF,IF2003,2019-11-15 09:31:10.800,3891.8000,11643,0,58374420.000,0,-,-,-,-,3890.4000,3890.2000,3890.0000,3889.6000,3889.0000,3891.2000,3891.4000,3891.8000,3892.0000,3892.2000,1,2,1,1,1,1,1,1,1,1
SF,IF2003,2019-11-15 09:31:11.300,3891.8000,11643,0,58374420.000,0,-,-,-,-,3890.4000,3890.2000,3890.0000,3889.6000,3889.0000,3891.2000,3891.4000,3891.8000,3892.0000,3892.2000,1,2,1,1,1,1,1,1,1,1
SF,IF2003,2019-11-15 09:31:11.800,3891.4000,11641,-2,60709200.000,2,0,2,双平,S,3890.4000,3890.2000,3890.0000,3889.6000,3889.0000,3892.0000,3892.2000,3892.4000,3893.2000,3893.4000,1,2,1,1,1,1,1,1,1,2
SF,IF2003,2019-11-15 09:31:12.300,3891.4000,11641,0,60709200.000,0,-,-,-,-,3890.4000,3890.2000,3890.0000,3889.8000,3889.6000,3891.8000,3892.0000,3892.2000,3892.4000,3893.2000,1,2,1,1,1,1,1,1,1,1
SF,IF2003,2019-11-15 09:31:12.800,3891.4000,11641,0,60709200.000,0,-,-,-,-,3890.6000,3890.4000,3890.2000,3890.0000,3889.8000,3892.0000,3892.2000,3892.4000,3893.2000,3893.4000,2,1,2,1,1,1,1,1,1,2
SF,IF2003,2019-11-15 09:31:13.300,3891.4000,11641,0,60709200.000,0,-,-,-,-,3890.6000,3890.4000,3890.2000,3890.0000,3889.8000,3892.0000,3892.2000,3892.4000,3893.2000,3893.4000,2,1,2,2,1,1,1,1,1,2
SF,IF2003,2019-11-15 09:31:13.800,3892.0000,11641,0,61876800.000,1,0,1,多换,S,3890.6000,3890.4000,3890.2000,3890.0000,3889.8000,3892.4000,3893.2000,3893.4000,3893.8000,3894.0000,2,1,2,2,1,1,1,2,1,1
SF,IF2003,2019-11-15 09:31:14.300,3892.0000,11641,0,61876800.000,0,-,-,-,-,3891.0000,3890.8000,3890.6000,3890.4000,3890.2000,3892.4000,3893.2000,3893.4000,3893.8000,3894.0000,1,1,2,1,2,1,1,2,1,1
SF,IF2003,2019-11-15 09:31:14.800,3892.0000,11641,0,61876800.000,0,-,-,-,-,3891.2000,3891.0000,3890.8000,3890.4000,3890.2000,3892.4000,3893.2000,3893.4000,3893.8000,3894.0000,1,1,2,1,2,1,1,2,1,1
SF,IF2003,2019-11-15 09:31:15.300,3892.4000,11640,-1,64212180.000,2,0,2,多平,S,3891.0000,3890.8000,3890.4000,3890.2000,3890.0000,3893.2000,3893.4000,3893.8000,3894.0000,3897.8000,1,2,1,1,2,1,2,1,1,4
SF,IF2003,2019-11-15 09:31:15.800,3892.4000,11640,0,64212180.000,0,-,-,-,-,3891.2000,3891.0000,3890.8000,3890.4000,3890.2000,3892.6000,3892.8000,3893.0000,3893.2000,3893.4000,1,1,1,1,1,1,1,1,1,2
SF,IF2003,2019-11-15 09:31:16.300,3892.4000,11640,0,64212180.000,0,-,-,-,-,3891.4000,3891.2000,3891.0000,3890.8000,3890.4000,3892.4000,3892.8000,3893.2000,3893.4000,3893.8000,1,1,1,1,1,1,1,1,2,1
SF,IF2003,2019-11-15 09:31:16.800,3892.4000,11640,0,64212180.000,0,-,-,-,-,3891.0000,3890.8000,3890.4000,3890.2000,3890.0000,3892.4000,3892.8000,3893.2000,3893.4000,3893.8000,1,1,1,1,2,1,2,1,2,1
SF,IF2003,2019-11-15 09:31:17.300,3892.4000,11640,0,64212180.000,0,-,-,-,-,3891.2000,3891.0000,3890.8000,3890.6000,3890.4000,3891.4000,3892.4000,3892.8000,3893.2000,3893.4000,1,1,1,1,1,4,1,2,1,2
SF,IF2003,2019-11-15 09:31:17.800,3891.4000,11636,-4,68881860.000,4,0,4,双平,S,3891.0000,3890.8000,3890.6000,3890.4000,3890.2000,3892.4000,3892.8000,3893.2000,3893.4000,3893.8000,1,1,1,1,1,1,2,1,2,1
SF,IF2003,2019-11-15 09:31:18.300,3891.4000,11636,0,68881860.000,0,-,-,-,-,3891.2000,3891.0000,3890.8000,3890.6000,3890.4000,3892.4000,3892.8000,3893.2000,3893.4000,3893.8000,1,1,1,1,1,1,2,1,2,1
SF,IF2003,2019-11-15 09:31:18.800,3891.4000,11636,0,68881860.000,0,-,-,-,-,3891.0000,3890.8000,3890.6000,3890.4000,3890.2000,3892.2000,3892.4000,3892.8000,3893.2000,3893.4000,1,1,1,1,1,1,1,2,1,2
SF,IF2003,2019-11-15 09:31:19.300,3892.2000,11635,-1,70049520.000,1,0,1,双平,S,3891.2000,3890.8000,3890.6000,3890.4000,3890.2000,3892.8000,3893.2000,3893.4000,3893.8000,3894.0000,2,1,1,1,1,1,1,2,1,1
SF,IF2003,2019-11-15 09:31:20.300,3892.2000,11635,0,70049520.000,0,-,-,-,-,3891.2000,3890.8000,3890.6000,3890.4000,3890.2000,3892.8000,3893.2000,3893.4000,3894.0000,3897.8000,2,1,1,1,1,1,1,2,1,4
SF,IF2003,2019-11-15 09:31:20.800,3892.2000,11635,0,70049520.000,0,-,-,-,-,3891.2000,3890.8000,3890.6000,3890.4000,3890.2000,3893.2000,3893.4000,3894.0000,3897.8000,3898.0000,1,1,1,1,1,1,2,1,4,1
SF,IF2003,2019-11-15 09:31:21.300,3892.2000,11635,0,70049520.000,0,-,-,-,-,3891.4000,3891.2000,3890.8000,3890.6000,3890.4000,3892.8000,3893.0000,3893.2000,3893.4000,3894.0000,2,1,1,1,1,1,2,1,2,1
SF,IF2003,2019-11-15 09:31:21.800,3892.2000,11635,0,70049520.000,0,-,-,-,-,3891.6000,3891.4000,3890.8000,3890.6000,3890.4000,3892.6000,3893.0000,3893.2000,3893.4000,3894.0000,1,2,1,1,1,1,1,1,2,1
SF,IF2003,2019-11-15 09:31:22.300,3892.2000,11635,0,70049520.000,0,-,-,-,-,3891.8000,3891.4000,3890.8000,3890.6000,3890.4000,3893.0000,3893.2000,3893.4000,3894.0000,3897.8000,1,1,1,1,1,1,1,2,1,4
SF,IF2003,2019-11-15 09:31:22.800,3892.2000,11635,0,70049520.000,0,-,-,-,-,3892.0000,3891.4000,3890.8000,3890.6000,3890.4000,3893.2000,3893.4000,3894.0000,3897.8000,3898.0000,1,1,1,1,1,1,2,1,4,1
SF,IF2003,2019-11-15 09:31:23.300,3892.2000,11635,0,70049520.000,0,-,-,-,-,3891.4000,3890.8000,3890.6000,3890.4000,3890.2000,3893.2000,3893.4000,3894.0000,3897.8000,3898.0000,1,1,1,1,1,1,2,1,4,1
SF,IF2003,2019-11-15 09:31:23.800,3893.2000,11635,0,71217480.000,1,0,1,多换,S,3891.6000,3891.4000,3890.8000,3890.6000,3890.4000,3893.4000,3894.0000,3897.8000,3898.0000,3898.2000,3,1,1,1,1,2,1,4,1,2
SF,IF2003,2019-11-15 09:31:24.300,3893.2000,11635,0,71217480.000,0,-,-,-,-,3891.8000,3891.6000,3891.4000,3890.8000,3890.6000,3892.8000,3893.2000,3893.4000,3894.0000,3897.8000,2,3,1,1,1,1,1,3,1,4
SF,IF2003,2019-11-15 09:31:24.800,3893.2000,11635,0,71217480.000,0,-,-,-,-,3892.0000,3891.8000,3891.4000,3890.8000,3890.6000,3893.2000,3893.4000,3894.0000,3897.8000,3898.0000,1,2,1,1,1,1,3,1,4,1
SF,IF2003,2019-11-15 09:31:25.800,3893.2000,11635,0,71217480.000,0,-,-,-,-,3892.0000,3891.8000,3891.4000,3890.8000,3890.6000,3893.2000,3893.4000,3894.0000,3897.8000,3898.0000,1,1,1,1,1,1,3,1,4,1
SF,IF2003,2019-11-15 09:31:26.300,3893.2000,11635,0,71217480.000,0,-,-,-,-,3892.0000,3891.8000,3890.8000,3890.6000,3890.4000,3893.4000,3894.8000,3897.8000,3898.0000,3898.2000,1,1,1,1,1,2,1,4,1,2
SF,IF2003,2019-11-15 09:31:26.800,3893.2000,11635,0,71217480.000,0,-,-,-,-,3892.4000,3892.2000,3892.0000,3891.8000,3890.8000,3893.4000,3894.8000,3897.8000,3898.0000,3898.2000,1,1,1,1,1,2,1,4,1,2
SF,IF2003,2019-11-15 09:31:27.300,3893.2000,11635,0,71217480.000,0,-,-,-,-,3892.2000,3891.8000,3890.8000,3890.6000,3890.4000,3893.4000,3894.8000,3897.8000,3898.0000,3898.2000,1,1,1,1,1,2,1,4,1,2
SF,IF2003,2019-11-15 09:31:27.800,3893.2000,11635,0,71217480.000,0,-,-,-,-,3892.4000,3892.2000,3891.8000,3890.8000,3890.6000,3893.4000,3894.8000,3897.8000,3898.0000,3898.2000,1,1,1,1,1,2,1,4,1,2
SF,IF2003,2019-11-15 09:31:28.300,3893.2000,11635,0,71217480.000,0,-,-,-,-,3892.4000,3891.8000,3890.8000,3890.6000,3890.4000,3893.4000,3894.8000,3897.8000,3898.0000,3898.2000,1,1,1,1,1,2,1,4,1,2
SF,IF2003,2019-11-15 09:31:28.800,3893.4000,11633,-2,73553520.000,2,0,2,双平,S,3892.6000,3892.4000,3891.8000,3890.8000,3890.6000,3894.8000,3897.8000,3898.2000,3898.8000,3904.0000,2,1,1,1,1,1,4,2,1,2
SF,IF2003,2019-11-15 09:31:29.300,3893.4000,11633,0,73553520.000,0,-,-,-,-,3892.8000,3892.6000,3891.8000,3890.8000,3890.6000,3893.8000,3894.2000,3894.4000,3894.6000,3894.8000,1,1,1,1,1,1,1,3,1,1
SF,IF2003,2019-11-15 09:31:29.800,3893.4000,11633,0,73553520.000,0,-,-,-,-,3893.0000,3891.8000,3890.8000,3890.6000,3890.4000,3894.2000,3894.6000,3894.8000,3897.0000,3897.8000,1,1,1,1,1,1,1,1,1,4
SF,IF2003,2019-11-15 09:31:30.300,3893.2000,11632,-1,75889440.000,2,0,2,多平,S,3891.8000,3890.8000,3890.6000,3890.4000,3890.2000,3892.4000,3894.0000,3894.2000,3894.6000,3894.8000,1,1,2,1,1,1,1,1,1,1
SF,IF2003,2019-11-15 09:31:30.800,3892.8000,11631,-1,77057280.000,1,0,1,双平,S,3892.6000,3892.4000,3892.2000,3892.0000,3891.8000,3894.0000,3894.2000,3894.6000,3894.8000,3897.0000,1,4,1,5,1,1,1,1,1,1
SF,IF2003,2019-11-15 09:31:31.300,3892.8000,11629,-2,79392960.000,2,0,2,双平,S,3892.8000,3892.6000,3892.4000,3892.0000,3891.8000,3894.0000,3894.8000,3897.0000,3897.8000,3898.2000,2,1,4,4,1,1,1,1,4,2
SF,IF2003,2019-11-15 09:31:31.800,3892.8000,11629,0,79392960.000,0,-,-,-,-,3892.8000,3892.6000,3892.4000,3892.0000,3891.8000,3893.8000,3894.0000,3894.8000,3897.0000,3897.8000,1,1,4,2,1,1,1,1,1,4
SF,IF2003,2019-11-15 09:31:32.300,3893.8000,11629,0,80561100.000,1,0,1,多换,S,3892.8000,3892.6000,3892.4000,3892.2000,3892.0000,3894.0000,3894.4000,3894.8000,3897.0000,3897.8000,1,1,4,1,3,1,1,1,1,4
SF,IF2003,2019-11-15 09:31:32.800,3894.0000,11629,0,82897440.000,2,1,1,多换,S,3893.0000,3892.8000,3892.4000,3892.2000,3892.0000,3894.8000,3897.0000,3897.8000,3898.2000,3898.8000,1,1,2,1,2,1,1,4,2,1
SF,IF2003,2019-11-15 09:31:33.300,3894.0000,11629,0,82897440.000,0,-,-,-,-,3893.2000,3893.0000,3892.8000,3892.4000,3892.2000,3893.8000,3894.2000,3894.6000,3894.8000,3897.0000,3,1,1,2,1,1,1,4,1,1
SF,IF2003,2019-11-15 09:31:33.800,3893.2000,11626,-3,86401320.000,3,0,3,双平,S,3892.4000,3892.2000,3892.0000,3891.8000,3890.8000,3893.6000,3894.2000,3894.4000,3894.6000,3894.8000,2,1,1,1,1,2,6,2,2,1
SF,IF2003,2019-11-15 09:31:34.300,3893.2000,11626,0,86401320.000,0,-,-,-,-,3892.6000,3892.4000,3892.0000,3891.8000,3890.8000,3893.8000,3894.6000,3894.8000,3897.0000,3897.8000,2,2,1,1,1,1,2,1,1,4
SF,IF2003,2019-11-15 09:31:34.800,3893.2000,11626,0,86401320.000,0,-,-,-,-,3892.6000,3892.4000,3892.0000,3891.8000,3890.8000,3893.8000,3894.6000,3894.8000,3897.0000,3897.8000,2,2,1,1,1,2,2,1,1,4
SF,IF2003,2019-11-15 09:31:35.300,3893.2000,11626,0,86401320.000,0,-,-,-,-,3892.6000,3892.4000,3892.2000,3892.0000,3891.8000,3893.4000,3894.6000,3894.8000,3897.0000,3897.8000,2,2,1,1,1,1,2,1,1,4
SF,IF2003,2019-11-15 09:31:35.800,3893.2000,11626,0,86401320.000,0,-,-,-,-,3892.6000,3892.4000,3892.2000,3892.0000,3891.8000,3894.6000,3894.8000,3897.0000,3897.8000,3898.2000,2,2,1,1,1,2,1,1,4,2
SF,IF2003,2019-11-15 09:31:36.300,3893.2000,11626,0,86401320.000,0,-,-,-,-,3892.6000,3892.4000,3892.2000,3892.0000,3891.8000,3894.0000,3894.4000,3894.6000,3894.8000,3897.0000,1,2,1,1,1,1,3,2,2,1
SF,IF2003,2019-11-15 09:31:36.800,3893.2000,11626,0,86401320.000,0,-,-,-,-,3892.8000,3892.6000,3892.4000,3892.2000,3892.0000,3893.8000,3894.0000,3894.4000,3894.6000,3894.8000,1,1,2,1,1,2,1,1,2,2
SF,IF2003,2019-11-15 09:31:37.300,3893.2000,11626,0,86401320.000,0,-,-,-,-,3893.0000,3892.8000,3892.6000,3892.4000,3892.2000,3893.8000,3894.0000,3894.4000,3894.6000,3894.8000,1,1,1,2,1,1,1,1,2,1
SF,IF2003,2019-11-15 09:31:37.800,3893.2000,11626,0,86401320.000,0,-,-,-,-,3893.0000,3892.8000,3892.6000,3892.4000,3892.2000,3894.4000,3894.6000,3894.8000,3897.0000,3897.8000,1,1,1,2,1,1,2,1,1,4
SF,IF2003,2019-11-15 09:31:38.300,3893.2000,11626,0,86401320.000,0,-,-,-,-,3893.0000,3892.8000,3892.6000,3892.4000,3892.2000,3894.4000,3894.6000,3894.8000,3897.0000,3897.8000,1,1,1,2,1,2,1,1,1,4
SF,IF2003,2019-11-15 09:31:38.800,3892.6000,11622,-4,91072620.000,4,0,4,双平,S,3892.4000,3892.2000,3892.0000,3891.8000,3890.8000,3892.6000,3894.2000,3894.4000,3894.6000,3894.8000,1,2,1,1,1,7,1,2,1,1
SF,IF2003,2019-11-15 09:31:39.300,3892.6000,11615,-7,99247080.000,7,0,7,双平,S,3892.6000,3892.4000,3892.2000,3892.0000,3891.8000,3894.0000,3894.4000,3894.6000,3894.8000,3897.0000,4,1,1,1,1,1,3,1,1,1
SF,IF2003,2019-11-15 09:31:39.800,3893.8000,11616,1,101583000.000,2,1,1,空开,S,3892.4000,3892.2000,3892.0000,3891.8000,3890.8000,3893.8000,3894.0000,3894.2000,3894.4000,3894.6000,1,1,1,1,1,2,1,1,3,1
SF,IF2003,2019-11-15 09:31:40.300,3893.8000,11616,0,101583000.000,0,-,-,-,-,3892.4000,3892.2000,3892.0000,3890.8000,3890.6000,3893.8000,3894.0000,3894.2000,3894.4000,3894.6000,1,1,1,1,2,2,2,1,2,1
SF,IF2003,2019-11-15 09:31:40.800,3893.8000,11616,0,101583000.000,0,-,-,-,-,3892.2000,3892.0000,3890.8000,3890.6000,3890.4000,3893.2000,3893.4000,3893.6000,3893.8000,3894.0000,1,1,1,2,1,1,1,1,2,2
SF,IF2003,2019-11-15 09:31:41.300,3893.8000,11616,0,101583000.000,0,-,-,-,-,3892.2000,3892.0000,3890.8000,3890.6000,3890.4000,3893.0000,3893.2000,3893.4000,3893.6000,3894.0000,1,1,1,2,1,1,1,1,1,2
SF,IF2003,2019-11-15 09:31:41.800,3892.2000,11615,-1,102750660.000,1,0,1,双平,S,3892.0000,3890.8000,3890.6000,3890.4000,3890.2000,3893.2000,3893.4000,3893.6000,3894.0000,3894.4000,1,1,2,1,1,1,1,1,2,2
SF,IF2003,2019-11-15 09:31:42.300,3892.2000,11615,0,102750660.000,0,-,-,-,-,3892.0000,3890.8000,3890.6000,3890.4000,3890.2000,3893.0000,3893.2000,3893.4000,3893.6000,3894.0000,1,1,2,1,1,1,1,1,1,3
SF,IF2003,2019-11-15 09:31:42.800,3892.2000,11615,0,102750660.000,0,-,-,-,-,3892.0000,3890.8000,3890.6000,3890.4000,3890.2000,3893.0000,3893.2000,3893.4000,3893.6000,3894.0000,1,1,2,1,1,1,1,1,1,3
SF,IF2003,2019-11-15 09:31:43.300,3892.2000,11615,0,102750660.000,0,-,-,-,-,3892.0000,3890.8000,3890.6000,3890.4000,3890.2000,3892.8000,3893.0000,3893.2000,3893.4000,3894.0000,1,1,2,1,1,1,1,1,1,3
SF,IF2003,2019-11-15 09:31:43.800,3892.8000,11615,0,103918500.000,1,0,1,多换,S,3892.0000,3890.8000,3890.6000,3890.4000,3890.2000,3893.2000,3893.4000,3894.0000,3894.4000,3894.8000,1,1,2,1,1,1,1,3,2,1
SF,IF2003,2019-11-15 09:31:44.300,3892.0000,11615,0,105086100.000,1,0,1,多换,S,3890.8000,3890.6000,3890.4000,3890.2000,3890.0000,3893.0000,3893.2000,3893.4000,3894.0000,3894.4000,1,2,1,1,1,3,1,1,3,2
SF,IF2003,2019-11-15 09:31:44.800,3892.0000,11615,0,105086100.000,0,-,-,-,-,3891.0000,3890.8000,3890.6000,3890.4000,3890.2000,3892.8000,3893.0000,3893.2000,3893.4000,3894.0000,3,1,2,1,1,2,1,1,1,3
SF,IF2003,2019-11-15 09:31:45.300,3892.0000,11615,0,105086100.000,0,-,-,-,-,3891.2000,3890.8000,3890.6000,3890.4000,3890.2000,3892.8000,3893.0000,3893.2000,3893.4000,3894.0000,3,1,2,1,1,2,1,1,1,3
SF,IF2003,2019-11-15 09:31:45.800,3892.0000,11615,0,105086100.000,0,-,-,-,-,3891.8000,3891.2000,3890.8000,3890.6000,3890.4000,3892.8000,3893.0000,3893.2000,3893.4000,3894.0000,1,4,1,2,1,1,1,1,1,3
SF,IF2003,2019-11-15 09:31:46.300,3892.0000,11615,0,105086100.000,0,-,-,-,-,3891.2000,3890.8000,3890.6000,3890.4000,3890.2000,3893.0000,3893.2000,3893.4000,3894.0000,3894.4000,1,1,2,1,1,1,1,1,3,1
SF,IF2003,2019-11-15 09:31:46.800,3892.0000,11615,0,105086100.000,0,-,-,-,-,3891.4000,3891.2000,3890.8000,3890.6000,3890.4000,3892.8000,3893.2000,3893.4000,3894.0000,3894.4000,2,1,1,2,1,3,1,1,3,1
SF,IF2003,2019-11-15 09:31:47.800,3892.0000,11615,0,105086100.000,0,-,-,-,-,3891.4000,3891.2000,3890.8000,3890.6000,3890.4000,3892.8000,3893.2000,3893.4000,3894.0000,3894.4000,2,1,1,2,1,4,1,1,3,1
SF,IF2003,2019-11-15 09:31:48.300,3892.0000,11615,0,105086100.000,0,-,-,-,-,3891.4000,3891.2000,3890.8000,3890.6000,3890.4000,3892.6000,3892.8000,3893.2000,3893.4000,3894.0000,2,1,1,2,1,1,3,1,1,3
SF,IF2003,2019-11-15 09:31:48.800,3892.0000,11615,0,105086100.000,0,-,-,-,-,3891.4000,3891.2000,3890.8000,3890.6000,3890.4000,3892.6000,3892.8000,3893.2000,3893.4000,3894.0000,2,1,1,2,1,1,2,1,1,3
SF,IF2003,2019-11-15 09:31:50.300,3892.0000,11615,0,105086100.000,0,-,-,-,-,3891.4000,3890.8000,3890.6000,3890.4000,3890.2000,3892.6000,3892.8000,3893.0000,3893.2000,3894.0000,2,1,2,1,1,1,2,1,1,3
SF,IF2003,2019-11-15 09:31:50.800,3892.0000,11615,0,105086100.000,0,-,-,-,-,3891.4000,3890.8000,3890.6000,3890.4000,3890.2000,3892.8000,3893.0000,3893.2000,3894.0000,3894.4000,2,1,2,1,1,2,1,1,3,1
SF,IF2003,2019-11-15 09:31:52.300,3892.0000,11615,0,105086100.000,0,-,-,-,-,3891.4000,3890.8000,3890.6000,3890.4000,3890.2000,3892.0000,3892.6000,3892.8000,3893.0000,3893.2000,2,1,2,1,1,3,1,2,1,1
SF,IF2003,2019-11-15 09:31:52.800,3892.0000,11615,0,105086100.000,0,-,-,-,-,3890.8000,3890.6000,3890.4000,3890.2000,3889.8000,3892.0000,3892.6000,3892.8000,3893.0000,3893.2000,1,2,1,1,1,3,1,2,1,1
SF,IF2003,2019-11-15 09:31:53.300,3892.0000,11615,0,105086100.000,0,-,-,-,-,3891.0000,3890.8000,3890.6000,3890.4000,3890.2000,3892.0000,3892.4000,3892.6000,3892.8000,3893.0000,1,1,2,1,1,3,1,1,2,1
SF,IF2003,2019-11-15 09:31:53.800,3892.0000,11615,0,105086100.000,0,-,-,-,-,3890.6000,3890.4000,3890.2000,3889.8000,3887.2000,3891.8000,3892.0000,3892.4000,3892.8000,3893.0000,1,1,1,1,1,2,3,1,2,1
SF,IF2003,2019-11-15 09:31:54.800,3892.0000,11615,0,105086100.000,0,-,-,-,-,3890.6000,3890.4000,3890.2000,3889.8000,3887.2000,3891.6000,3891.8000,3892.0000,3892.4000,3892.8000,1,1,1,1,1,2,1,3,1,2
SF,IF2003,2019-11-15 09:31:55.300,3892.0000,11613,-2,107421300.000,2,0,2,双平,S,3890.8000,3890.6000,3890.4000,3890.2000,3889.8000,3892.0000,3892.4000,3892.8000,3893.0000,3893.2000,3,1,1,1,1,2,1,2,1,1
SF,IF2003,2019-11-15 09:31:55.800,3892.0000,11613,0,107421300.000,0,-,-,-,-,3890.8000,3890.6000,3890.4000,3890.2000,3889.8000,3892.0000,3892.4000,3892.8000,3893.0000,3893.2000,3,1,1,1,1,2,1,2,1,1
SF,IF2003,2019-11-15 09:31:56.300,3892.0000,11613,0,107421300.000,0,-,-,-,-,3890.8000,3890.6000,3890.4000,3890.2000,3889.8000,3891.8000,3892.0000,3892.4000,3892.8000,3893.0000,2,1,1,1,1,2,2,1,2,1
SF,IF2003,2019-11-15 09:31:56.800,3892.0000,11613,0,107421300.000,0,-,-,-,-,3890.8000,3890.6000,3890.4000,3890.2000,3889.8000,3891.8000,3892.0000,3892.4000,3892.8000,3893.0000,2,1,1,1,1,2,2,1,2,1
SF,IF2003,2019-11-15 09:31:57.300,3892.0000,11613,0,107421300.000,0,-,-,-,-,3890.6000,3890.4000,3890.2000,3889.8000,3887.2000,3891.6000,3891.8000,3892.4000,3892.8000,3893.0000,1,1,1,1,1,3,1,1,2,1
SF,IF2003,2019-11-15 09:31:57.800,3892.0000,11613,0,107421300.000,0,-,-,-,-,3890.6000,3890.4000,3890.2000,3889.8000,3887.2000,3891.4000,3891.6000,3892.4000,3892.8000,3893.0000,1,1,1,1,1,1,3,1,2,1
SF,IF2003,2019-11-15 09:31:58.300,3892.0000,11613,0,107421300.000,0,-,-,-,-,3890.6000,3890.4000,3890.2000,3889.8000,3887.2000,3891.4000,3891.6000,3892.4000,3892.8000,3893.0000,1,1,1,1,1,1,2,1,2,1
SF,IF2003,2019-11-15 09:31:58.800,3892.0000,11613,0,107421300.000,0,-,-,-,-,3890.6000,3890.4000,3890.2000,3889.8000,3887.2000,3891.6000,3892.4000,3892.8000,3893.0000,3893.2000,1,1,1,1,1,2,1,2,1,1
SF,IF2003,2019-11-15 09:31:59.300,3892.0000,11613,0,107421300.000,0,-,-,-,-,3890.8000,3890.6000,3890.4000,3890.2000,3889.8000,3891.6000,3892.4000,3892.8000,3893.0000,3893.2000,1,1,1,1,1,2,1,2,1,1
SF,IF2003,2019-11-15 09:31:59.800,3892.0000,11613,0,107421300.000,0,-,-,-,-,3890.8000,3890.6000,3890.4000,3890.2000,3889.8000,3892.4000,3892.8000,3893.0000,3893.2000,3894.0000,3,1,1,1,1,1,2,1,1,2
SF,IF2003,2019-11-15 09:32:00.300,3892.0000,11613,0,107421300.000,0,-,-,-,-,3891.0000,3890.8000,3890.6000,3890.4000,3890.2000,3892.2000,3892.4000,3892.8000,3893.0000,3893.2000,2,3,1,1,1,2,1,2,1,1
SF,IF2003,2019-11-15 09:32:00.800,3892.0000,11613,0,107421300.000,0,-,-,-,-,3890.8000,3890.6000,3890.4000,3890.2000,3889.8000,3892.2000,3892.4000,3892.8000,3893.0000,3893.2000,2,1,1,1,1,2,1,2,1,1
SF,IF2003,2019-11-15 09:32:01.300,3892.0000,11613,0,107421300.000,0,-,-,-,-,3890.8000,3890.6000,3890.4000,3890.2000,3889.8000,3892.0000,3892.2000,3892.4000,3892.8000,3893.0000,2,2,1,1,1,3,1,1,2,2
SF,IF2003,2019-11-15 09:32:01.800,3892.0000,11613,0,107421300.000,0,-,-,-,-,3891.0000,3890.8000,3890.6000,3890.4000,3890.2000,3892.0000,3892.4000,3892.8000,3893.0000,3893.2000,2,2,2,1,1,1,1,2,2,1
SF,IF2003,2019-11-15 09:32:02.300,3892.0000,11613,0,107421300.000,0,-,-,-,-,3891.0000,3890.8000,3890.6000,3890.4000,3890.2000,3892.4000,3892.8000,3893.0000,3893.2000,3894.0000,2,2,2,1,1,1,2,2,1,2
SF,IF2003,2019-11-15 09:32:02.800,3892.0000,11613,0,107421300.000,0,-,-,-,-,3891.2000,3891.0000,3890.8000,3890.6000,3890.4000,3892.2000,3892.4000,3892.8000,3893.0000,3893.2000,1,2,2,2,1,1,1,2,2,1
SF,IF2003,2019-11-15 09:32:03.300,3892.0000,11613,0,107421300.000,0,-,-,-,-,3891.2000,3891.0000,3890.8000,3890.6000,3890.4000,3892.2000,3892.8000,3893.0000,3893.2000,3894.0000,1,2,2,2,1,1,2,2,1,2
SF,IF2003,2019-11-15 09:32:03.800,3892.0000,11613,0,107421300.000,0,-,-,-,-,3891.2000,3891.0000,3890.8000,3890.6000,3890.4000,3892.8000,3893.0000,3893.2000,3894.0000,3896.2000,1,2,2,3,1,2,2,1,2,1
SF,IF2003,2019-11-15 09:32:04.300,3892.0000,11613,0,107421300.000,0,-,-,-,-,3891.2000,3890.8000,3890.6000,3890.4000,3890.2000,3892.6000,3892.8000,3893.0000,3893.2000,3894.0000,1,2,3,1,1,2,3,2,1,2
SF,IF2003,2019-11-15 09:32:04.800,3892.0000,11613,0,107421300.000,0,-,-,-,-,3891.2000,3890.8000,3890.6000,3890.4000,3890.2000,3892.4000,3892.6000,3892.8000,3893.0000,3893.2000,1,2,3,1,1,1,1,3,2,1
SF,IF2003,2019-11-15 09:32:05.300,3892.0000,11613,0,107421300.000,0,-,-,-,-,3891.4000,3891.2000,3890.8000,3890.6000,3890.4000,3892.4000,3892.8000,3893.0000,3893.2000,3894.0000,2,1,2,3,1,1,3,2,1,2
SF,IF2003,2019-11-15 09:32:05.800,3892.0000,11613,0,107421300.000,0,-,-,-,-,3891.6000,3891.4000,3890.8000,3890.6000,3890.4000,3892.8000,3893.0000,3893.2000,3894.0000,3896.2000,1,2,2,3,1,3,2,1,2,1
SF,IF2003,2019-11-15 09:32:06.300,3892.0000,11613,0,107421300.000,0,-,-,-,-,3890.8000,3890.6000,3890.4000,3890.2000,3889.8000,3892.6000,3892.8000,3893.0000,3893.2000,3894.0000,2,3,1,1,1,4,2,2,1,2
SF,IF2003,2019-11-15 09:32:06.800,3892.6000,11611,-2,109756860.000,2,0,2,双平,S,3891.2000,3891.0000,3890.8000,3890.6000,3890.4000,3892.6000,3892.8000,3893.0000,3893.2000,3894.0000,1,4,2,3,1,1,1,2,1,2
SF,IF2003,2019-11-15 09:32:07.300,3892.6000,11611,0,109756860.000,0,-,-,-,-,3891.4000,3891.2000,3891.0000,3890.6000,3890.4000,3892.8000,3893.0000,3893.2000,3894.0000,3896.2000,5,1,2,3,1,1,2,1,2,1
SF,IF2003,2019-11-15 09:32:07.800,3892.6000,11611,0,109756860.000,0,-,-,-,-,3891.4000,3891.0000,3890.6000,3890.4000,3890.2000,3892.8000,3893.0000,3893.2000,3894.0000,3896.2000,5,2,3,1,1,1,2,1,2,1
SF,IF2003,2019-11-15 09:32:08.300,3892.6000,11611,0,109756860.000,0,-,-,-,-,3891.6000,3891.4000,3891.0000,3890.6000,3890.4000,3892.0000,3892.8000,3893.0000,3893.2000,3894.0000,1,5,2,3,1,3,1,2,1,2
SF,IF2003,2019-11-15 09:32:08.800,3892.0000,11611,0,113259660.000,3,1,2,多换,S,3891.8000,3891.6000,3891.4000,3891.0000,3890.6000,3892.8000,3893.0000,3893.2000,3894.0000,3896.2000,1,3,1,1,3,1,2,1,2,1
SF,IF2003,2019-11-15 09:32:09.300,3892.0000,11611,0,113259660.000,0,-,-,-,-,3891.8000,3891.6000,3891.0000,3890.6000,3890.4000,3892.6000,3892.8000,3893.0000,3893.2000,3894.0000,1,2,1,3,1,1,1,2,1,2
SF,IF2003,2019-11-15 09:32:09.800,3892.0000,11611,0,113259660.000,0,-,-,-,-,3891.8000,3891.0000,3890.6000,3890.4000,3890.2000,3892.6000,3892.8000,3893.0000,3893.2000,3894.0000,1,1,3,1,1,1,1,2,1,2
SF,IF2003,2019-11-15 09:32:10.800,3892.4000,11611,0,114427380.000,1,0,1,多换,S,3891.8000,3890.6000,3890.4000,3890.2000,3889.8000,3892.4000,3892.6000,3892.8000,3893.0000,3893.2000,1,3,1,1,1,1,1,1,2,1
SF,IF2003,2019-11-15 09:32:11.300,3891.8000,11611,0,115594920.000,1,0,1,多换,S,3890.6000,3890.4000,3890.2000,3889.8000,3887.2000,3892.8000,3893.0000,3893.2000,3894.0000,3896.2000,3,1,1,1,1,1,2,1,2,1
SF,IF2003,2019-11-15 09:32:11.800,3891.8000,11611,0,115594920.000,0,-,-,-,-,3891.0000,3890.8000,3890.6000,3890.4000,3890.2000,3892.6000,3892.8000,3893.0000,3893.2000,3894.0000,2,3,2,1,1,3,1,2,1,2
SF,IF2003,2019-11-15 09:32:12.300,3891.8000,11611,0,115594920.000,0,-,-,-,-,3891.2000,3891.0000,3890.8000,3890.6000,3890.4000,3892.4000,3892.8000,3893.0000,3893.2000,3894.0000,3,2,2,2,1,1,1,2,1,2
SF,IF2003,2019-11-15 09:32:12.800,3891.8000,11611,0,115594920.000,0,-,-,-,-,3891.4000,3891.2000,3891.0000,3890.8000,3890.6000,3892.4000,3892.6000,3892.8000,3893.0000,3893.2000,2,1,2,2,2,1,1,1,2,1
SF,IF2003,2019-11-15 09:32:13.300,3891.8000,11611,0,115594920.000,0,-,-,-,-,3891.0000,3890.8000,3890.6000,3890.4000,3890.2000,3892.2000,3892.4000,3892.8000,3893.0000,3893.2000,2,2,2,1,1,2,1,1,2,1
SF,IF2003,2019-11-15 09:32:13.800,3891.8000,11611,0,115594920.000,0,-,-,-,-,3891.6000,3891.2000,3891.0000,3890.8000,3890.6000,3892.8000,3893.0000,3893.2000,3894.0000,3896.2000,1,6,2,2,2,1,2,1,2,1
SF,IF2003,2019-11-15 09:32:14.300,3891.8000,11611,0,115594920.000,0,-,-,-,-,3891.2000,3891.0000,3890.8000,3890.6000,3890.4000,3892.6000,3892.8000,3893.0000,3893.2000,3894.0000,3,2,2,2,1,3,2,2,1,2
SF,IF2003,2019-11-15 09:32:14.800,3891.8000,11611,0,115594920.000,0,-,-,-,-,3891.4000,3891.2000,3891.0000,3890.8000,3890.6000,3892.6000,3892.8000,3893.0000,3893.2000,3894.0000,1,3,2,2,2,3,2,2,1,2
SF,IF2003,2019-11-15 09:32:15.300,3891.8000,11611,0,115594920.000,0,-,-,-,-,3891.4000,3891.2000,3891.0000,3890.8000,3890.6000,3892.6000,3892.8000,3893.0000,3893.2000,3894.0000,1,3,2,2,2,3,3,4,1,2
SF,IF2003,2019-11-15 09:32:15.800,3891.8000,11611,0,115594920.000,0,-,-,-,-,3891.2000,3891.0000,3890.8000,3890.6000,3890.4000,3892.4000,3892.6000,3892.8000,3893.0000,3893.2000,3,2,2,2,1,2,1,3,4,1
SF,IF2003,2019-11-15 09:32:16.300,3891.8000,11611,0,115594920.000,0,-,-,-,-,3891.4000,3891.2000,3891.0000,3890.8000,3890.6000,3892.6000,3892.8000,3893.0000,3893.2000,3894.0000,2,3,2,2,2,1,2,4,1,2
SF,IF2003,2019-11-15 09:32:16.800,3891.8000,11611,0,115594920.000,0,-,-,-,-,3891.2000,3891.0000,3890.8000,3890.6000,3890.4000,3892.2000,3892.4000,3892.6000,3892.8000,3893.0000,3,2,2,2,1,2,2,1,2,4
SF,IF2003,2019-11-15 09:32:17.300,3891.8000,11611,0,115594920.000,0,-,-,-,-,3891.0000,3890.6000,3890.4000,3890.2000,3889.8000,3892.0000,3892.2000,3892.4000,3892.6000,3892.8000,2,2,1,1,1,1,2,1,1,2
SF,IF2003,2019-11-15 09:32:18.300,3891.8000,11611,0,115594920.000,0,-,-,-,-,3891.0000,3890.6000,3890.4000,3890.2000,3889.8000,3892.0000,3892.2000,3892.4000,3892.6000,3892.8000,1,2,1,1,1,1,2,1,1,2
SF,IF2003,2019-11-15 09:32:18.800,3891.8000,11611,0,115594920.000,0,-,-,-,-,3891.2000,3891.0000,3890.6000,3890.4000,3890.2000,3892.0000,3892.2000,3892.4000,3892.6000,3892.8000,1,2,2,1,1,1,2,1,1,1
SF,IF2003,2019-11-15 09:32:19.300,3891.8000,11611,0,115594920.000,0,-,-,-,-,3891.2000,3891.0000,3890.6000,3890.4000,3890.2000,3892.0000,3892.4000,3892.6000,3892.8000,3893.0000,1,2,2,1,1,1,1,1,1,4
SF,IF2003,2019-11-15 09:32:19.800,3891.8000,11611,0,115594920.000,0,-,-,-,-,3891.2000,3891.0000,3890.4000,3890.2000,3889.8000,3891.8000,3892.0000,3892.4000,3892.6000,3892.8000,1,2,1,1,1,1,1,1,1,1
SF,IF2003,2019-11-15 09:32:20.300,3891.8000,11611,0,115594920.000,0,-,-,-,-,3891.2000,3891.0000,3890.4000,3890.2000,3889.8000,3891.6000,3891.8000,3892.4000,3892.6000,3892.8000,1,2,1,1,1,1,1,1,1,1
SF,IF2003,2019-11-15 09:32:20.800,3891.8000,11611,0,115594920.000,0,-,-,-,-,3891.2000,3891.0000,3890.4000,3890.2000,3889.8000,3891.8000,3892.4000,3892.6000,3892.8000,3893.0000,1,2,1,1,1,1,1,1,1,4
SF,IF2003,2019-11-15 09:32:21.800,3891.8000,11611,0,115594920.000,0,-,-,-,-,3891.2000,3891.0000,3890.4000,3890.2000,3889.8000,3892.4000,3892.6000,3892.8000,3893.0000,3893.2000,1,2,1,1,1,1,1,1,4,1
SF,IF2003,2019-11-15 09:32:22.300,3891.8000,11611,0,115594920.000,0,-,-,-,-,3891.2000,3891.0000,3890.4000,3890.2000,3889.8000,3892.2000,3892.4000,3892.6000,3892.8000,3893.0000,1,2,1,1,1,6,1,1,1,4
SF,IF2003,2019-11-15 09:32:22.800,3891.2000,11610,-1,116762280.000,1,0,1,双平,S,3891.0000,3890.4000,3890.2000,3889.8000,3887.2000,3892.2000,3892.4000,3892.6000,3892.8000,3893.0000,2,1,1,1,1,6,1,1,1,4
SF,IF2003,2019-11-15 09:32:23.300,3891.0000,11609,-1,117929580.000,1,0,1,双平,S,3891.0000,3890.4000,3890.2000,3889.8000,3887.2000,3892.0000,3892.2000,3892.4000,3892.6000,3892.8000,1,1,1,1,1,2,4,1,1,1
SF,IF2003,2019-11-15 09:32:23.800,3891.0000,11609,0,117929580.000,0,-,-,-,-,3891.0000,3890.4000,3890.2000,3889.8000,3887.2000,3891.8000,3892.0000,3892.2000,3892.4000,3892.6000,1,1,1,1,1,2,3,1,1,1
SF,IF2003,2019-11-15 09:32:24.300,3891.0000,11609,0,119096880.000,1,0,1,多换,S,3890.4000,3890.2000,3889.8000,3887.2000,3884.8000,3891.8000,3892.0000,3892.2000,3892.4000,3892.6000,1,1,1,1,1,2,1,1,1,1
SF,IF2003,2019-11-15 09:32:24.800,3891.0000,11609,0,119096880.000,0,-,-,-,-,3890.4000,3890.2000,3889.8000,3887.2000,3884.8000,3891.6000,3891.8000,3892.0000,3892.2000,3892.4000,1,1,1,1,1,1,2,1,1,1
SF,IF2003,2019-11-15 09:32:25.300,3891.0000,11609,0,119096880.000,0,-,-,-,-,3890.4000,3890.2000,3889.8000,3887.2000,3884.8000,3891.4000,3891.6000,3891.8000,3892.0000,3892.2000,1,1,1,1,1,1,1,1,1,1
SF,IF2003,2019-11-15 09:32:25.800,3891.0000,11609,0,119096880.000,0,-,-,-,-,3890.4000,3890.2000,3889.8000,3887.2000,3884.8000,3891.4000,3891.6000,3891.8000,3892.0000,3892.2000,1,1,1,1,1,3,1,1,1,1
SF,IF2003,2019-11-15 09:32:26.300,3891.0000,11609,0,119096880.000,0,-,-,-,-,3890.4000,3890.2000,3889.8000,3887.2000,3884.8000,3891.4000,3891.8000,3892.0000,3892.2000,3892.4000,1,1,1,1,1,3,1,1,1,1
SF,IF2003,2019-11-15 09:32:26.800,3891.0000,11609,0,119096880.000,0,-,-,-,-,3890.4000,3890.2000,3889.8000,3887.2000,3884.8000,3891.2000,3891.4000,3891.8000,3892.0000,3892.2000,1,1,1,1,1,1,3,1,1,1
SF,IF2003,2019-11-15 09:32:27.300,3891.0000,11609,0,119096880.000,0,-,-,-,-,3890.4000,3890.2000,3889.8000,3887.2000,3884.8000,3891.2000,3891.8000,3892.0000,3892.2000,3892.4000,1,1,1,1,1,1,1,1,1,1
SF,IF2003,2019-11-15 09:32:27.800,3891.0000,11609,0,119096880.000,0,-,-,-,-,3890.6000,3890.4000,3890.2000,3889.8000,3887.2000,3891.2000,3891.8000,3892.0000,3892.2000,3892.4000,1,1,1,1,1,1,1,1,1,1
SF,IF2003,2019-11-15 09:32:29.300,3891.2000,11608,-1,120264240.000,1,0,1,双平,S,3890.8000,3890.6000,3890.4000,3890.2000,3889.8000,3892.0000,3892.2000,3892.4000,3892.6000,3892.8000,3,1,1,1,1,1,1,1,1,1
SF,IF2003,2019-11-15 09:32:29.800,3891.2000,11608,0,120264240.000,0,-,-,-,-,3890.4000,3890.2000,3889.8000,3887.2000,3884.8000,3891.8000,3892.0000,3892.2000,3892.4000,3892.6000,1,1,1,1,1,4,1,1,1,1
SF,IF2003,2019-11-15 09:32:30.300,3891.2000,11608,0,120264240.000,0,-,-,-,-,3891.0000,3890.6000,3890.4000,3890.2000,3889.8000,3891.8000,3892.0000,3892.2000,3892.4000,3892.6000,2,1,1,1,1,2,1,1,1,1
SF,IF2003,2019-11-15 09:32:30.800,3891.2000,11608,0,120264240.000,0,-,-,-,-,3890.4000,3890.2000,3889.8000,3887.2000,3884.8000,3891.8000,3892.0000,3892.2000,3892.4000,3892.6000,1,1,1,1,1,2,1,1,1,1
SF,IF2003,2019-11-15 09:32:31.300,3891.2000,11608,0,120264240.000,0,-,-,-,-,3891.0000,3890.6000,3890.4000,3890.2000,3889.8000,3891.8000,3892.0000,3892.4000,3892.6000,3892.8000,1,1,1,1,1,2,1,1,1,1
SF,IF2003,2019-11-15 09:32:31.800,3891.2000,11608,0,120264240.000,0,-,-,-,-,3891.0000,3890.6000,3890.4000,3890.2000,3889.8000,3891.8000,3892.0000,3892.4000,3892.6000,3892.8000,1,1,1,1,1,1,1,1,1,1
SF,IF2003,2019-11-15 09:32:32.300,3891.2000,11608,0,120264240.000,0,-,-,-,-,3891.0000,3890.6000,3890.4000,3890.2000,3889.8000,3891.8000,3892.0000,3892.4000,3892.8000,3893.0000,1,1,1,1,1,1,1,1,1,4
SF,IF2003,2019-11-15 09:32:32.800,3891.0000,11608,0,121431540.000,1,0,1,多换,S,3890.6000,3890.4000,3890.2000,3889.8000,3887.2000,3891.6000,3891.8000,3892.0000,3892.4000,3892.8000,1,1,1,1,1,2,1,1,1,1
SF,IF2003,2019-11-15 09:32:33.300,3891.0000,11608,0,121431540.000,0,-,-,-,-,3890.8000,3890.6000,3890.4000,3890.2000,3889.8000,3891.8000,3892.4000,3892.8000,3893.0000,3893.2000,1,1,1,1,1,1,1,1,3,1
SF,IF2003,2019-11-15 09:32:36.300,3890.8000,11607,-1,122598780.000,1,0,1,双平,S,3890.6000,3890.4000,3890.2000,3889.8000,3887.2000,3891.6000,3891.8000,3892.4000,3892.8000,3893.0000,1,1,1,2,1,1,1,1,1,3
SF,IF2003,2019-11-15 09:32:36.800,3890.6000,11606,-1,123765960.000,1,0,1,双平,S,3890.4000,3890.2000,3889.8000,3887.2000,3884.8000,3891.4000,3891.8000,3892.4000,3892.8000,3893.0000,1,1,1,1,1,1,1,1,1,3
SF,IF2003,2019-11-15 09:32:37.800,3890.4000,11605,-1,124933080.000,1,0,1,双平,S,3890.2000,3889.8000,3887.2000,3884.8000,3884.4000,3890.4000,3891.4000,3891.8000,3892.4000,3892.8000,1,1,1,1,1,2,1,1,1,1
SF,IF2003,2019-11-15 09:32:38.300,3889.8000,11604,-1,127267080.000,2,0,2,多平,S,3889.0000,3887.2000,3884.8000,3884.4000,3881.2000,3890.0000,3890.2000,3890.4000,3891.2000,3891.6000,1,1,1,1,1,1,2,2,1,1
SF,IF2003,2019-11-15 09:32:38.800,3890.0000,11603,-1,128434080.000,1,0,1,双平,S,3889.2000,3888.2000,3887.2000,3884.8000,3884.4000,3890.2000,3890.4000,3890.8000,3891.6000,3891.8000,3,1,1,1,1,1,2,1,1,1
SF,IF2003,2019-11-15 09:32:39.300,3890.0000,11603,0,128434080.000,0,-,-,-,-,3889.2000,3888.2000,3887.2000,3884.8000,3884.4000,3890.0000,3890.2000,3890.4000,3890.8000,3891.6000,3,1,1,1,1,1,1,2,1,1
SF,IF2003,2019-11-15 09:32:39.800,3890.0000,11603,0,128434080.000,0,-,-,-,-,3890.0000,3889.2000,3888.2000,3887.2000,3884.8000,3890.2000,3890.4000,3890.8000,3891.6000,3891.8000,2,3,1,1,1,1,2,1,1,1
SF,IF2003,2019-11-15 09:32:40.300,3890.0000,11601,-2,131935080.000,3,0,3,多平,S,3890.2000,3889.2000,3888.2000,3887.2000,3884.8000,3890.4000,3890.8000,3891.6000,3891.8000,3892.4000,1,3,1,1,1,2,1,1,1,1
SF,IF2003,2019-11-15 09:32:40.800,3890.2000,11601,0,133102140.000,1,0,1,多换,S,3889.2000,3888.2000,3887.2000,3884.8000,3884.4000,3890.0000,3890.2000,3890.4000,3890.8000,3891.6000,3,1,1,1,1,1,2,2,1,1
SF,IF2003,2019-11-15 09:32:41.300,3890.2000,11601,0,133102140.000,0,-,-,-,-,3889.2000,3888.2000,3887.2000,3884.8000,3884.4000,3890.4000,3890.8000,3891.6000,3891.8000,3892.4000,3,1,1,1,1,2,1,1,1,1
SF,IF2003,2019-11-15 09:32:41.800,3889.2000,11601,0,135435660.000,2,1,1,多换,S,3889.2000,3888.2000,3887.2000,3886.2000,3884.8000,3890.0000,3890.2000,3890.4000,3890.8000,3891.6000,1,1,1,2,1,1,3,2,1,1
SF,IF2003,2019-11-15 09:32:42.300,3889.2000,11601,0,135435660.000,0,-,-,-,-,3889.2000,3888.2000,3887.2000,3886.2000,3884.8000,3890.0000,3890.4000,3890.8000,3891.6000,3891.8000,1,1,1,2,1,1,2,1,1,1
SF,IF2003,2019-11-15 09:32:42.800,3889.2000,11601,0,135435660.000,0,-,-,-,-,3889.2000,3888.2000,3887.2000,3886.2000,3884.8000,3889.8000,3890.0000,3890.4000,3890.8000,3891.6000,1,1,1,2,1,1,1,2,1,1
SF,IF2003,2019-11-15 09:32:44.300,3889.8000,11600,-1,136602600.000,1,0,1,双平,S,3889.8000,3889.2000,3889.0000,3888.2000,3887.2000,3890.0000,3890.4000,3890.8000,3891.6000,3891.8000,2,1,1,1,1,1,2,2,1,1
SF,IF2003,2019-11-15 09:32:44.800,3889.8000,11598,-2,138936480.000,2,0,2,双平,S,3889.2000,3888.2000,3887.2000,3886.2000,3884.8000,3889.8000,3890.0000,3890.4000,3890.8000,3891.6000,1,1,1,2,1,2,1,2,1,1
SF,IF2003,2019-11-15 09:32:45.300,3889.8000,11598,0,138936480.000,0,-,-,-,-,3889.2000,3888.2000,3887.2000,3886.2000,3884.8000,3890.0000,3890.4000,3890.8000,3891.6000,3891.8000,1,1,1,2,1,1,2,1,1,1
SF,IF2003,2019-11-15 09:32:45.800,3889.8000,11598,0,138936480.000,0,-,-,-,-,3889.4000,3889.2000,3888.2000,3887.2000,3886.2000,3890.0000,3890.4000,3890.8000,3891.6000,3891.8000,1,1,1,1,2,1,2,1,1,1
SF,IF2003,2019-11-15 09:32:46.300,3889.8000,11598,0,138936480.000,0,-,-,-,-,3889.6000,3889.4000,3888.2000,3887.2000,3886.2000,3890.0000,3890.4000,3890.8000,3891.6000,3891.8000,1,1,1,1,2,1,2,1,1,1
SF,IF2003,2019-11-15 09:32:46.800,3889.6000,11597,-1,140103360.000,1,0,1,双平,S,3888.2000,3887.2000,3886.2000,3884.8000,3884.4000,3889.8000,3890.0000,3890.4000,3890.8000,3891.6000,1,1,2,1,1,1,1,2,1,1
SF,IF2003,2019-11-15 09:32:47.300,3889.6000,11597,0,140103360.000,0,-,-,-,-,3888.8000,3888.6000,3888.4000,3888.2000,3887.2000,3889.8000,3890.0000,3890.4000,3890.8000,3891.6000,1,1,5,2,1,1,1,2,1,1
SF,IF2003,2019-11-15 09:32:47.800,3889.6000,11597,0,140103360.000,0,-,-,-,-,3888.8000,3888.6000,3888.4000,3888.2000,3887.2000,3889.8000,3890.0000,3890.4000,3890.8000,3891.6000,1,1,3,2,1,1,1,2,1,1
SF,IF2003,2019-11-15 09:32:48.300,3889.6000,11597,0,140103360.000,0,-,-,-,-,3889.0000,3888.8000,3888.6000,3888.4000,3888.2000,3889.8000,3890.0000,3890.4000,3890.8000,3891.6000,1,1,1,3,2,1,1,2,1,1
SF,IF2003,2019-11-15 09:32:48.800,3889.6000,11597,0,140103360.000,0,-,-,-,-,3888.6000,3888.4000,3888.2000,3887.2000,3886.2000,3889.8000,3890.0000,3890.8000,3891.6000,3891.8000,1,1,1,1,2,1,1,1,1,1
SF,IF2003,2019-11-15 09:32:49.300,3889.6000,11597,0,140103360.000,0,-,-,-,-,3888.8000,3888.6000,3888.4000,3888.2000,3887.2000,3889.6000,3889.8000,3890.0000,3890.8000,3891.6000,1,1,1,1,1,2,1,2,1,1
SF,IF2003,2019-11-15 09:32:49.800,3888.6000,11595,-2,142436580.000,2,0,2,双平,S,3888.4000,3888.2000,3888.0000,3887.2000,3886.2000,3889.8000,3890.0000,3890.8000,3891.6000,3891.8000,1,1,1,1,2,2,2,1,1,1
SF,IF2003,2019-11-15 09:32:50.300,3888.6000,11595,0,142436580.000,0,-,-,-,-,3888.8000,3888.6000,3888.4000,3888.2000,3887.2000,3889.8000,3890.0000,3890.8000,3891.6000,3891.8000,1,1,1,1,1,2,2,1,1,1
SF,IF2003,2019-11-15 09:32:50.800,3888.6000,11595,0,142436580.000,0,-,-,-,-,3888.8000,3888.4000,3888.2000,3887.2000,3886.2000,3889.8000,3890.0000,3890.8000,3891.6000,3891.8000,1,1,1,1,2,2,2,1,1,1
SF,IF2003,2019-11-15 09:32:52.800,3888.6000,11595,0,142436580.000,0,-,-,-,-,3888.8000,3888.4000,3888.2000,3887.2000,3886.2000,3889.8000,3890.0000,3890.8000,3891.6000,3892.4000,1,1,1,1,2,2,2,1,1,1
SF,IF2003,2019-11-15 09:32:56.300,3888.6000,11595,0,142436580.000,0,-,-,-,-,3888.4000,3888.2000,3887.2000,3886.2000,3884.8000,3889.8000,3890.0000,3890.8000,3891.6000,3892.4000,1,1,1,2,1,2,2,1,1,1
SF,IF2003,2019-11-15 09:32:59.300,3888.6000,11595,0,142436580.000,0,-,-,-,-,3888.8000,3888.4000,3888.2000,3887.2000,3886.2000,3889.8000,3890.0000,3890.8000,3891.6000,3892.4000,1,1,1,1,2,2,2,1,1,1
SF,IF2003,2019-11-15 09:33:01.300,3888.6000,11595,0,142436580.000,0,-,-,-,-,3888.4000,3888.2000,3887.2000,3886.2000,3884.8000,3889.8000,3890.0000,3890.8000,3891.6000,3892.4000,1,1,1,2,1,2,2,1,1,1
SF,IF2003,2019-11-15 09:33:01.800,3888.4000,11594,-1,143603100.000,1,0,1,双平,S,3887.2000,3886.2000,3884.8000,3884.4000,3883.0000,3889.6000,3889.8000,3890.0000,3890.8000,3891.6000,2,2,1,1,1,6,2,2,1,1
SF,IF2003,2019-11-15 09:33:02.300,3888.4000,11594,0,143603100.000,0,-,-,-,-,3888.0000,3887.4000,3887.2000,3886.2000,3884.8000,3889.4000,3889.6000,3889.8000,3890.0000,3890.8000,1,4,3,2,1,4,3,1,2,1
SF,IF2003,2019-11-15 09:33:02.800,3888.4000,11594,0,143603100.000,0,-,-,-,-,3888.0000,3887.4000,3887.2000,3884.8000,3884.4000,3889.2000,3889.4000,3889.6000,3889.8000,3890.0000,1,2,3,1,1,2,4,2,1,2
SF,IF2003,2019-11-15 09:33:03.300,3888.4000,11594,0,143603100.000,0,-,-,-,-,3887.4000,3887.2000,3884.8000,3884.4000,3883.0000,3889.0000,3889.2000,3889.6000,3889.8000,3890.0000,1,2,1,1,1,4,2,2,1,2
SF,IF2003,2019-11-15 09:33:03.800,3888.4000,11594,0,143603100.000,0,-,-,-,-,3887.8000,3887.6000,3887.4000,3887.2000,3884.8000,3889.0000,3889.2000,3889.6000,3889.8000,3890.0000,1,4,1,2,1,2,2,2,1,2
SF,IF2003,2019-11-15 09:33:04.300,3888.4000,11594,0,143603100.000,0,-,-,-,-,3888.0000,3887.8000,3887.4000,3887.2000,3884.8000,3889.0000,3889.2000,3889.6000,3889.8000,3890.0000,3,1,1,2,1,2,2,2,1,2
SF,IF2003,2019-11-15 09:33:04.800,3888.4000,11594,0,143603100.000,0,-,-,-,-,3888.0000,3887.8000,3887.4000,3887.2000,3884.8000,3888.8000,3889.0000,3889.2000,3889.6000,3889.8000,1,1,1,2,1,2,1,1,1,1
SF,IF2003,2019-11-15 09:33:05.300,3888.4000,11594,0,143603100.000,0,-,-,-,-,3888.0000,3887.8000,3887.4000,3887.2000,3884.8000,3889.2000,3889.6000,3889.8000,3890.0000,3890.8000,1,1,1,2,1,1,1,1,2,1
SF,IF2003,2019-11-15 09:33:05.800,3888.4000,11594,0,143603100.000,0,-,-,-,-,3888.2000,3888.0000,3887.4000,3887.2000,3884.8000,3889.2000,3889.6000,3889.8000,3890.0000,3890.8000,2,1,1,2,1,1,1,1,2,1
SF,IF2003,2019-11-15 09:33:06.300,3888.4000,11594,0,143603100.000,0,-,-,-,-,3887.4000,3887.2000,3884.8000,3884.4000,3883.0000,3889.0000,3889.2000,3889.6000,3889.8000,3890.0000,1,2,1,1,1,3,1,1,1,2
SF,IF2003,2019-11-15 09:33:06.800,3888.4000,11594,0,143603100.000,0,-,-,-,-,3887.8000,3887.6000,3887.4000,3887.2000,3884.8000,3889.0000,3889.2000,3889.6000,3889.8000,3890.0000,1,4,1,2,1,1,1,1,1,2
SF,IF2003,2019-11-15 09:33:07.300,3888.4000,11594,0,143603100.000,0,-,-,-,-,3888.0000,3887.2000,3884.8000,3884.4000,3883.0000,3888.8000,3889.0000,3889.2000,3889.6000,3889.8000,1,2,1,1,1,2,1,1,1,1
SF,IF2003,2019-11-15 09:33:07.800,3888.4000,11594,0,143603100.000,0,-,-,-,-,3888.0000,3887.2000,3884.8000,3884.4000,3883.0000,3889.2000,3889.6000,3889.8000,3890.0000,3890.8000,1,2,1,1,1,1,1,1,2,1
SF,IF2003,2019-11-15 09:33:08.300,3888.4000,11594,0,143603100.000,0,-,-,-,-,3888.0000,3887.2000,3884.8000,3884.4000,3883.0000,3889.0000,3889.2000,3889.6000,3889.8000,3890.0000,1,2,1,1,1,5,1,1,1,2
SF,IF2003,2019-11-15 09:33:08.800,3888.4000,11594,0,143603100.000,0,-,-,-,-,3888.0000,3887.2000,3885.0000,3884.8000,3884.4000,3889.0000,3889.2000,3889.6000,3889.8000,3890.0000,1,2,2,1,1,5,1,1,1,2
SF,IF2003,2019-11-15 09:33:09.300,3888.4000,11594,0,143603100.000,0,-,-,-,-,3888.0000,3887.2000,3885.0000,3884.8000,3884.4000,3889.0000,3889.2000,3889.6000,3889.8000,3890.0000,1,2,2,1,1,5,1,1,1,2
SF,IF2003,2019-11-15 09:33:09.800,3888.0000,11593,-1,144769500.000,1,0,1,双平,S,3887.2000,3885.0000,3884.8000,3884.4000,3883.0000,3889.0000,3889.2000,3889.6000,3889.8000,3890.0000,2,2,1,1,1,5,1,1,1,2
SF,IF2003,2019-11-15 09:33:10.300,3888.0000,11593,0,144769500.000,0,-,-,-,-,3887.4000,3887.2000,3886.4000,3885.0000,3884.8000,3889.0000,3889.2000,3889.6000,3889.8000,3890.0000,1,1,1,2,1,5,1,1,1,2
SF,IF2003,2019-11-15 09:33:10.800,3888.0000,11593,0,144769500.000,0,-,-,-,-,3887.2000,3886.4000,3885.0000,3884.8000,3884.4000,3888.8000,3889.0000,3889.2000,3889.6000,3889.8000,1,1,2,1,1,3,3,1,1,1
SF,IF2003,2019-11-15 09:33:11.300,3888.0000,11593,0,144769500.000,0,-,-,-,-,3887.6000,3887.4000,3887.2000,3886.4000,3885.0000,3888.6000,3888.8000,3889.2000,3889.6000,3890.0000,1,3,1,1,2,1,2,1,1,2
SF,IF2003,2019-11-15 09:33:11.800,3888.0000,11593,0,144769500.000,0,-,-,-,-,3887.6000,3887.4000,3887.2000,3886.4000,3885.0000,3888.4000,3888.6000,3888.8000,3889.2000,3889.6000,1,2,1,1,2,1,1,2,1,1
SF,IF2003,2019-11-15 09:33:12.300,3888.0000,11593,0,144769500.000,0,-,-,-,-,3887.6000,3887.2000,3886.4000,3884.8000,3884.4000,3888.4000,3888.8000,3889.2000,3889.6000,3890.0000,1,1,1,1,1,1,1,1,1,2
SF,IF2003,2019-11-15 09:33:12.800,3888.0000,11593,0,144769500.000,0,-,-,-,-,3887.2000,3886.4000,3884.8000,3884.4000,3883.0000,3888.2000,3888.4000,3888.8000,3889.2000,3889.6000,1,1,1,1,1,2,1,1,1,1
SF,IF2003,2019-11-15 09:33:13.300,3888.0000,11593,0,144769500.000,0,-,-,-,-,3887.6000,3887.4000,3887.2000,3886.4000,3884.8000,3888.2000,3888.8000,3889.2000,3889.6000,3890.0000,1,1,1,1,1,1,1,1,1,2
SF,IF2003,2019-11-15 09:33:13.800,3888.0000,11593,0,144769500.000,0,-,-,-,-,3887.8000,3887.2000,3886.4000,3884.8000,3883.0000,3888.2000,3889.2000,3889.6000,3890.0000,3890.8000,1,1,1,1,1,1,1,1,2,1
SF,IF2003,2019-11-15 09:33:14.300,3888.2000,11592,-1,145935960.000,1,0,1,双平,S,3887.2000,3886.4000,3884.8000,3883.0000,3881.2000,3889.2000,3889.6000,3890.0000,3890.8000,3891.6000,1,1,1,1,1,1,1,2,1,1
SF,IF2003,2019-11-15 09:33:14.800,3888.2000,11592,0,145935960.000,0,-,-,-,-,3887.6000,3887.4000,3887.2000,3886.4000,3884.8000,3888.8000,3889.0000,3889.2000,3889.6000,3890.0000,1,2,1,1,1,1,4,1,1,2
SF,IF2003,2019-11-15 09:33:15.300,3888.2000,11592,0,145935960.000,0,-,-,-,-,3887.6000,3887.4000,3887.2000,3886.4000,3884.8000,3888.6000,3888.8000,3889.0000,3889.2000,3889.6000,1,1,1,1,1,3,1,1,1,1
SF,IF2003,2019-11-15 09:33:15.800,3888.2000,11592,0,145935960.000,0,-,-,-,-,3887.8000,3887.6000,3887.2000,3886.4000,3884.8000,3888.6000,3889.0000,3889.2000,3889.6000,3890.0000,1,1,1,1,1,2,1,1,1,2
SF,IF2003,2019-11-15 09:33:16.300,3888.2000,11592,0,145935960.000,0,-,-,-,-,3887.6000,3887.2000,3886.4000,3884.8000,3883.0000,3888.6000,3889.0000,3889.2000,3889.6000,3890.0000,1,1,1,1,1,2,1,1,1,2
SF,IF2003,2019-11-15 09:33:17.800,3888.2000,11592,0,145935960.000,0,-,-,-,-,3887.6000,3887.2000,3886.4000,3884.8000,3883.0000,3888.4000,3888.6000,3889.0000,3889.2000,3889.6000,1,1,1,1,1,1,2,1,1,1
SF,IF2003,2019-11-15 09:33:18.300,3888.2000,11592,0,145935960.000,0,-,-,-,-,3887.6000,3887.2000,3886.4000,3884.8000,3883.0000,3888.4000,3889.0000,3889.2000,3889.6000,3890.0000,1,1,1,1,1,1,1,1,1,2
SF,IF2003,2019-11-15 09:33:21.300,3888.2000,11592,0,145935960.000,0,-,-,-,-,3887.6000,3887.2000,3886.4000,3884.8000,3884.6000,3888.4000,3889.0000,3889.2000,3889.6000,3890.0000,1,1,1,1,2,1,1,1,1,2
SF,IF2003,2019-11-15 09:33:22.300,3888.4000,11591,-1,147102480.000,1,0,1,双平,S,3887.6000,3887.2000,3886.4000,3884.8000,3884.6000,3889.0000,3889.2000,3889.6000,3890.0000,3890.8000,1,1,1,1,2,1,1,1,2,1
SF,IF2003,2019-11-15 09:33:22.800,3888.4000,11591,0,147102480.000,0,-,-,-,-,3887.8000,3887.6000,3887.2000,3886.4000,3884.8000,3889.0000,3889.2000,3889.6000,3890.0000,3890.8000,1,1,1,1,1,1,1,1,2,1
SF,IF2003,2019-11-15 09:33:23.300,3888.4000,11591,0,147102480.000,0,-,-,-,-,3888.0000,3887.8000,3887.6000,3887.2000,3886.4000,3889.2000,3889.6000,3890.0000,3890.8000,3891.6000,2,1,1,1,1,1,1,2,1,1
SF,IF2003,2019-11-15 09:33:23.800,3888.4000,11591,0,147102480.000,0,-,-,-,-,3888.2000,3887.4000,3887.2000,3886.4000,3884.8000,3889.2000,3889.6000,3890.0000,3890.8000,3891.6000,3,1,1,1,1,1,1,2,1,1
SF,IF2003,2019-11-15 09:33:24.300,3888.4000,11591,0,147102480.000,0,-,-,-,-,3888.4000,3888.2000,3887.4000,3887.2000,3886.4000,3890.0000,3890.8000,3891.6000,3892.4000,3892.6000,1,3,1,1,1,2,1,1,1,1
SF,IF2003,2019-11-15 09:33:24.800,3888.4000,11591,0,147102480.000,0,-,-,-,-,3888.6000,3887.4000,3887.2000,3886.4000,3884.8000,3889.8000,3890.0000,3890.8000,3891.6000,3892.4000,3,1,1,1,1,1,2,1,1,1
SF,IF2003,2019-11-15 09:33:25.300,3888.4000,11591,0,147102480.000,0,-,-,-,-,3887.4000,3887.2000,3886.4000,3884.8000,3884.6000,3889.8000,3890.0000,3890.8000,3891.6000,3892.4000,1,1,1,1,2,3,2,1,1,1
SF,IF2003,2019-11-15 09:33:25.800,3888.4000,11591,0,147102480.000,0,-,-,-,-,3887.8000,3887.6000,3887.4000,3887.2000,3886.4000,3889.6000,3889.8000,3890.0000,3890.8000,3891.6000,2,3,1,1,1,6,1,2,1,1
SF,IF2003,2019-11-15 09:33:26.300,3888.4000,11591,0,147102480.000,0,-,-,-,-,3888.0000,3887.8000,3887.4000,3887.2000,3886.4000,3889.4000,3889.6000,3890.0000,3890.8000,3891.6000,2,1,1,1,1,3,8,2,1,1
SF,IF2003,2019-11-15 09:33:27.300,3888.4000,11591,0,147102480.000,0,-,-,-,-,3888.0000,3887.4000,3887.2000,3886.4000,3884.8000,3889.4000,3889.6000,3890.0000,3890.8000,3891.6000,2,1,1,1,1,3,8,2,1,1
SF,IF2003,2019-11-15 09:33:27.800,3888.4000,11591,0,147102480.000,0,-,-,-,-,3888.0000,3887.4000,3887.2000,3886.4000,3884.8000,3889.4000,3889.6000,3890.0000,3890.8000,3891.6000,2,1,1,1,1,3,7,2,1,1
SF,IF2003,2019-11-15 09:33:28.300,3888.4000,11591,0,147102480.000,0,-,-,-,-,3888.4000,3888.2000,3888.0000,3887.4000,3887.2000,3889.2000,3889.4000,3889.6000,3890.0000,3890.8000,1,1,2,1,1,1,1,7,2,1
SF,IF2003,2019-11-15 09:33:28.800,3888.4000,11591,0,147102480.000,0,-,-,-,-,3888.0000,3887.4000,3887.2000,3886.4000,3884.8000,3889.2000,3889.4000,3889.6000,3890.0000,3890.8000,1,1,1,1,1,1,1,5,2,1
SF,IF2003,2019-11-15 09:33:29.300,3888.4000,11591,0,147102480.000,0,-,-,-,-,3888.0000,3887.4000,3887.2000,3886.4000,3884.8000,3889.0000,3889.2000,3889.4000,3889.6000,3890.0000,1,1,1,1,1,6,2,1,1,2
SF,IF2003,2019-11-15 09:33:29.800,3888.4000,11591,0,147102480.000,0,-,-,-,-,3888.0000,3887.4000,3887.2000,3886.4000,3884.8000,3889.0000,3889.2000,3889.4000,3889.6000,3890.0000,1,1,1,1,1,2,1,1,1,2
SF,IF2003,2019-11-15 09:33:30.300,3888.4000,11591,0,147102480.000,0,-,-,-,-,3888.0000,3887.4000,3887.2000,3886.4000,3884.8000,3888.8000,3889.0000,3889.2000,3889.4000,3889.6000,1,1,1,1,1,1,2,1,1,1
SF,IF2003,2019-11-15 09:33:31.300,3888.4000,11591,0,147102480.000,0,-,-,-,-,3888.0000,3887.4000,3887.2000,3886.4000,3884.8000,3888.8000,3889.2000,3889.4000,3889.6000,3890.0000,1,1,1,1,1,1,1,1,1,2
SF,IF2003,2019-11-15 09:33:33.300,3888.0000,11591,0,148268880.000,1,0,1,多换,S,3887.4000,3887.2000,3886.4000,3884.8000,3884.6000,3888.8000,3889.2000,3889.4000,3889.6000,3890.0000,1,1,1,1,2,1,1,1,1,2
SF,IF2003,2019-11-15 09:33:33.800,3888.0000,11591,0,148268880.000,0,-,-,-,-,3887.8000,3887.6000,3887.4000,3887.2000,3886.4000,3888.8000,3889.2000,3889.4000,3889.6000,3890.0000,1,1,1,1,1,1,1,1,1,2
SF,IF2003,2019-11-15 09:33:34.300,3888.0000,11591,0,148268880.000,0,-,-,-,-,3887.8000,3887.4000,3887.2000,3886.4000,3884.8000,3888.6000,3888.8000,3889.2000,3889.4000,3889.6000,1,1,1,1,1,1,1,1,1,1
SF,IF2003,2019-11-15 09:33:34.800,3888.0000,11591,0,148268880.000,0,-,-,-,-,3888.0000,3887.4000,3887.2000,3886.4000,3884.8000,3888.6000,3889.2000,3889.4000,3889.6000,3890.0000,1,1,1,1,1,1,1,1,1,2
SF,IF2003,2019-11-15 09:33:35.300,3888.0000,11591,0,148268880.000,0,-,-,-,-,3887.4000,3887.2000,3886.4000,3884.8000,3884.6000,3888.6000,3889.2000,3889.4000,3889.6000,3890.0000,1,1,1,1,2,1,1,1,1,2
SF,IF2003,2019-11-15 09:33:35.800,3888.0000,11591,0,148268880.000,0,-,-,-,-,3887.8000,3887.6000,3887.4000,3887.2000,3886.4000,3888.0000,3888.6000,3889.2000,3889.4000,3889.6000,1,4,1,1,1,1,1,1,1,1
SF,IF2003,2019-11-15 09:33:36.300,3888.0000,11591,0,149435280.000,1,0,1,多换,S,3888.2000,3888.0000,3887.8000,3887.6000,3887.4000,3888.6000,3889.2000,3889.4000,3889.6000,3890.0000,1,4,1,1,1,1,1,1,1,2
SF,IF2003,2019-11-15 09:33:36.800,3888.6000,11590,-1,150601860.000,1,0,1,双平,S,3888.2000,3888.0000,3887.8000,3887.6000,3887.4000,3889.2000,3889.4000,3889.6000,3890.0000,3890.8000,1,3,1,1,1,1,1,1,2,1
SF,IF2003,2019-11-15 09:33:37.300,3888.6000,11590,0,150601860.000,0,-,-,-,-,3888.0000,3887.8000,3887.6000,3887.4000,3887.2000,3889.0000,3889.2000,3889.4000,3889.6000,3890.0000,3,1,1,1,1,1,1,1,1,2
SF,IF2003,2019-11-15 09:33:37.800,3888.6000,11590,0,150601860.000,0,-,-,-,-,3888.0000,3887.8000,3887.4000,3887.2000,3886.4000,3889.0000,3889.2000,3889.4000,3889.6000,3890.0000,3,1,1,1,1,1,1,1,1,2
SF,IF2003,2019-11-15 09:33:38.800,3888.0000,11591,1,152934660.000,2,1,1,空开,S,3888.0000,3887.8000,3887.4000,3887.2000,3886.4000,3889.0000,3889.2000,3889.6000,3890.0000,3890.8000,1,1,1,1,1,1,1,1,2,1
SF,IF2003,2019-11-15 09:33:42.800,3888.0000,11591,0,154101060.000,1,0,1,多换,S,3887.8000,3887.4000,3887.2000,3886.4000,3884.8000,3889.0000,3889.2000,3889.6000,3890.0000,3890.8000,1,1,1,1,1,1,1,1,2,1
SF,IF2003,2019-11-15 09:33:43.300,3888.0000,11591,0,154101060.000,0,-,-,-,-,3887.8000,3887.4000,3887.2000,3886.4000,3884.8000,3888.8000,3889.0000,3889.2000,3889.6000,3890.0000,1,1,1,1,1,2,1,1,1,2
SF,IF2003,2019-11-15 09:33:43.800,3888.0000,11591,0,154101060.000,0,-,-,-,-,3887.8000,3887.4000,3887.2000,3886.4000,3884.8000,3888.0000,3888.6000,3888.8000,3889.2000,3889.6000,1,1,1,1,1,1,1,2,1,1
SF,IF2003,2019-11-15 09:33:44.300,3887.8000,11591,0,155267400.000,1,0,1,多换,S,3887.2000,3886.4000,3884.8000,3884.6000,3883.0000,3888.0000,3889.2000,3889.6000,3890.0000,3890.8000,1,1,1,2,1,1,1,1,2,1
SF,IF2003,2019-11-15 09:33:44.800,3887.8000,11591,0,155267400.000,0,-,-,-,-,3887.4000,3887.2000,3886.4000,3884.8000,3884.6000,3888.0000,3889.2000,3889.6000,3890.0000,3890.8000,1,1,1,1,2,1,1,1,2,1
SF,IF2003,2019-11-15 09:33:45.300,3887.8000,11591,0,155267400.000,0,-,-,-,-,3887.2000,3886.4000,3884.8000,3884.6000,3883.0000,3888.0000,3889.2000,3889.6000,3890.0000,3890.8000,1,1,1,2,1,1,2,1,2,1
SF,IF2003,2019-11-15 09:33:45.800,3887.8000,11591,0,155267400.000,0,-,-,-,-,3887.4000,3887.2000,3886.4000,3884.8000,3884.6000,3888.0000,3889.2000,3889.6000,3890.0000,3890.8000,1,1,1,1,2,1,2,1,2,1
SF,IF2003,2019-11-15 09:33:46.300,3887.8000,11591,0,155267400.000,0,-,-,-,-,3887.4000,3887.2000,3886.4000,3884.8000,3884.6000,3888.0000,3889.2000,3889.6000,3890.0000,3890.8000,1,1,1,1,2,1,2,1,2,1
SF,IF2003,2019-11-15 09:33:49.300,3887.8000,11591,0,155267400.000,0,-,-,-,-,3887.4000,3887.2000,3886.4000,3884.8000,3884.6000,3888.0000,3889.2000,3889.6000,3890.0000,3890.8000,1,1,1,1,2,2,2,1,2,1
SF,IF2003,2019-11-15 09:33:49.800,3887.8000,11591,0,155267400.000,0,-,-,-,-,3887.4000,3887.2000,3886.4000,3884.8000,3884.6000,3888.0000,3889.2000,3889.6000,3890.0000,3890.8000,1,1,1,1,2,1,2,1,2,1
SF,IF2003,2019-11-15 09:33:50.300,3888.0000,11591,0,156433800.000,1,0,1,多换,S,3887.4000,3887.2000,3886.4000,3884.8000,3884.6000,3889.2000,3889.6000,3890.0000,3890.8000,3891.6000,1,1,1,1,2,2,1,2,1,1
SF,IF2003,2019-11-15 09:33:50.800,3888.0000,11591,0,156433800.000,0,-,-,-,-,3887.4000,3887.2000,3886.4000,3884.8000,3884.6000,3888.6000,3888.8000,3889.0000,3889.2000,3889.6000,1,1,1,1,2,1,3,6,2,1
SF,IF2003,2019-11-15 09:33:51.300,3888.0000,11591,0,156433800.000,0,-,-,-,-,3887.4000,3887.2000,3886.4000,3884.8000,3884.6000,3888.4000,3888.6000,3889.0000,3889.2000,3889.6000,1,1,1,1,2,3,1,6,2,1
SF,IF2003,2019-11-15 09:33:51.800,3887.4000,11591,0,157600020.000,1,0,1,多换,S,3887.2000,3886.4000,3884.8000,3884.6000,3883.0000,3888.2000,3888.4000,3889.0000,3889.2000,3890.0000,1,1,1,2,1,1,9,2,2,2
SF,IF2003,2019-11-15 09:33:52.300,3887.4000,11591,0,157600020.000,0,-,-,-,-,3887.4000,3887.2000,3886.4000,3884.8000,3883.0000,3888.0000,3888.2000,3888.4000,3889.0000,3889.2000,1,1,1,1,1,2,1,8,2,3
SF,IF2003,2019-11-15 09:33:52.800,3887.4000,11591,0,157600020.000,0,-,-,-,-,3887.4000,3887.2000,3886.4000,3884.8000,3883.0000,3888.2000,3889.0000,3889.2000,3890.0000,3890.8000,1,1,1,1,1,1,2,2,2,1
SF,IF2003,2019-11-15 09:33:53.300,3887.4000,11590,-1,158766240.000,1,0,1,双平,S,3887.2000,3886.4000,3884.8000,3883.0000,3881.2000,3888.2000,3889.0000,3889.2000,3890.0000,3890.8000,1,1,1,1,1,1,2,2,2,1
SF,IF2003,2019-11-15 09:33:55.800,3887.2000,11591,1,159932400.000,1,1,0,双开,S,3886.4000,3884.8000,3883.0000,3881.2000,3881.0000,3888.2000,3888.4000,3889.0000,3889.2000,3890.0000,1,1,1,1,1,1,1,2,2,2
SF,IF2003,2019-11-15 09:33:56.300,3887.2000,11591,0,159932400.000,0,-,-,-,-,3886.8000,3886.6000,3886.4000,3884.8000,3883.0000,3888.0000,3888.2000,3888.4000,3889.0000,3889.2000,1,4,1,1,1,1,1,1,2,2
SF,IF2003,2019-11-15 09:33:56.800,3887.2000,11591,0,159932400.000,0,-,-,-,-,3886.6000,3886.4000,3884.8000,3883.0000,3881.2000,3888.0000,3888.2000,3888.4000,3889.0000,3889.2000,1,1,1,1,1,1,1,1,2,2
SF,IF2003,2019-11-15 09:33:57.300,3887.2000,11591,0,159932400.000,0,-,-,-,-,3886.8000,3886.6000,3886.4000,3884.8000,3883.0000,3888.0000,3888.2000,3888.4000,3889.0000,3889.2000,1,1,1,1,1,1,1,1,2,2
SF,IF2003,2019-11-15 09:33:57.800,3887.2000,11591,0,159932400.000,0,-,-,-,-,3887.0000,3886.8000,3886.6000,3886.4000,3884.8000,3888.2000,3889.0000,3889.2000,3890.0000,3890.8000,2,1,1,1,1,1,2,2,2,1
SF,IF2003,2019-11-15 09:33:58.300,3887.2000,11591,0,159932400.000,0,-,-,-,-,3887.0000,3886.6000,3886.4000,3884.8000,3883.0000,3888.0000,3888.2000,3889.0000,3889.2000,3890.0000,2,1,1,1,1,1,1,2,2,2
SF,IF2003,2019-11-15 09:33:58.800,3887.2000,11591,0,159932400.000,0,-,-,-,-,3887.0000,3886.6000,3886.4000,3884.8000,3883.0000,3888.0000,3888.2000,3889.0000,3889.2000,3890.0000,2,1,1,1,1,1,1,2,2,1
SF,IF2003,2019-11-15 09:34:00.800,3887.2000,11591,0,159932400.000,0,-,-,-,-,3887.0000,3886.6000,3886.4000,3884.8000,3883.0000,3888.0000,3888.2000,3889.0000,3889.2000,3890.0000,2,1,1,1,1,2,1,2,2,1
SF,IF2003,2019-11-15 09:34:01.300,3887.2000,11591,0,159932400.000,0,-,-,-,-,3887.0000,3886.6000,3886.4000,3884.8000,3883.0000,3888.0000,3888.2000,3889.0000,3889.2000,3890.0000,2,1,1,1,1,2,1,3,2,1
SF,IF2003,2019-11-15 09:34:01.800,3887.2000,11591,0,159932400.000,0,-,-,-,-,3886.6000,3886.4000,3884.8000,3883.0000,3881.2000,3888.0000,3888.2000,3889.0000,3889.2000,3890.0000,1,1,1,1,1,2,1,3,2,1
SF,IF2003,2019-11-15 09:34:02.300,3887.2000,11591,0,159932400.000,0,-,-,-,-,3886.6000,3886.4000,3884.8000,3883.0000,3881.2000,3888.0000,3888.2000,3888.4000,3889.0000,3889.2000,1,1,1,1,1,2,1,1,3,2
SF,IF2003,2019-11-15 09:34:05.300,3887.2000,11591,0,159932400.000,0,-,-,-,-,3886.8000,3886.6000,3886.4000,3884.8000,3883.0000,3888.0000,3888.2000,3888.4000,3889.0000,3889.2000,1,1,1,1,1,2,1,1,3,2
SF,IF2003,2019-11-15 09:34:05.800,3887.0000,11592,1,162264600.000,2,1,1,空开,S,3886.8000,3886.6000,3886.4000,3884.8000,3883.0000,3888.0000,3888.2000,3888.4000,3889.0000,3889.2000,1,1,1,1,1,2,1,1,3,2
SF,IF2003,2019-11-15 09:34:06.300,3887.0000,11592,0,162264600.000,0,-,-,-,-,3886.8000,3886.6000,3886.4000,3884.8000,3883.0000,3887.8000,3888.0000,3888.2000,3888.4000,3889.0000,1,1,1,1,1,4,2,1,1,3
SF,IF2003,2019-11-15 09:34:06.800,3887.0000,11592,0,162264600.000,0,-,-,-,-,3887.0000,3886.6000,3886.4000,3884.8000,3883.0000,3888.0000,3888.2000,3888.4000,3889.0000,3889.2000,1,1,1,1,1,1,1,1,3,2
SF,IF2003,2019-11-15 09:34:07.300,3887.0000,11591,-1,163430700.000,1,0,1,双平,S,3887.0000,3886.6000,3886.4000,3884.8000,3883.0000,3888.0000,3888.2000,3888.4000,3889.0000,3889.2000,1,1,1,1,1,1,1,1,2,2
SF,IF2003,2019-11-15 09:34:07.800,3887.0000,11591,0,163430700.000,0,-,-,-,-,3886.6000,3886.4000,3884.8000,3883.0000,3881.2000,3887.8000,3888.0000,3888.2000,3888.4000,3889.0000,1,1,1,1,1,1,1,1,1,2
SF,IF2003,2019-11-15 09:34:08.300,3887.0000,11591,0,163430700.000,0,-,-,-,-,3886.8000,3886.6000,3886.4000,3884.8000,3883.0000,3887.8000,3888.0000,3888.2000,3888.4000,3889.0000,1,1,1,1,1,1,1,1,1,2
SF,IF2003,2019-11-15 09:34:08.800,3887.0000,11591,0,163430700.000,0,-,-,-,-,3886.8000,3886.6000,3886.4000,3884.8000,3883.0000,3888.0000,3888.2000,3889.0000,3889.2000,3890.0000,1,1,1,1,1,1,1,2,2,1
SF,IF2003,2019-11-15 09:34:09.300,3887.0000,11591,0,163430700.000,0,-,-,-,-,3887.0000,3886.8000,3886.6000,3886.4000,3884.8000,3888.0000,3888.2000,3889.0000,3889.2000,3890.0000,2,1,1,1,1,1,1,2,2,1
SF,IF2003,2019-11-15 09:34:09.800,3888.0000,11591,0,164597100.000,1,0,1,多换,S,3887.2000,3887.0000,3886.4000,3884.8000,3883.0000,3888.2000,3889.0000,3889.2000,3890.0000,3890.8000,2,3,1,1,1,1,2,2,1,1
SF,IF2003,2019-11-15 09:34:10.300,3888.0000,11591,0,164597100.000,0,-,-,-,-,3887.2000,3887.0000,3886.4000,3884.8000,3883.0000,3889.0000,3889.2000,3890.0000,3890.8000,3892.4000,2,5,1,1,1,2,2,1,1,1
SF,IF2003,2019-11-15 09:34:10.800,3888.0000,11591,0,164597100.000,0,-,-,-,-,3887.4000,3887.2000,3887.0000,3886.4000,3884.8000,3888.8000,3889.0000,3889.2000,3890.0000,3890.8000,1,4,5,1,1,1,1,2,1,1
SF,IF2003,2019-11-15 09:34:11.300,3888.0000,11591,0,164597100.000,0,-,-,-,-,3887.6000,3887.4000,3887.2000,3887.0000,3886.4000,3888.8000,3889.0000,3889.2000,3890.0000,3890.8000,1,1,3,5,1,1,1,2,1,1
SF,IF2003,2019-11-15 09:34:11.800,3887.8000,11592,1,165763440.000,1,1,0,双开,S,3887.6000,3887.4000,3887.2000,3887.0000,3886.4000,3888.8000,3889.0000,3889.2000,3890.0000,3890.8000,1,1,2,5,1,1,1,2,1,1
SF,IF2003,2019-11-15 09:34:12.300,3887.8000,11592,0,165763440.000,0,-,-,-,-,3887.6000,3887.4000,3887.2000,3887.0000,3886.4000,3888.6000,3888.8000,3889.0000,3889.2000,3890.0000,1,1,2,4,1,4,1,1,2,1
SF,IF2003,2019-11-15 09:34:12.800,3887.8000,11592,0,165763440.000,0,-,-,-,-,3887.6000,3887.2000,3887.0000,3886.4000,3884.8000,3888.6000,3889.0000,3889.2000,3890.0000,3890.8000,1,2,4,1,1,4,1,2,1,1
SF,IF2003,2019-11-15 09:34:13.800,3887.8000,11592,0,165763440.000,0,-,-,-,-,3887.6000,3887.4000,3887.2000,3887.0000,3886.4000,3889.0000,3889.2000,3890.0000,3890.8000,3892.4000,1,1,2,3,1,1,2,1,1,1
SF,IF2003,2019-11-15 09:34:14.300,3887.8000,11592,0,165763440.000,0,-,-,-,-,3887.6000,3887.4000,3887.2000,3887.0000,3886.4000,3888.8000,3889.0000,3889.2000,3890.0000,3890.8000,1,1,2,3,1,1,1,2,1,1
SF,IF2003,2019-11-15 09:34:15.800,3887.8000,11592,0,165763440.000,0,-,-,-,-,3887.6000,3887.4000,3887.2000,3887.0000,3886.4000,3888.8000,3889.0000,3889.2000,3890.0000,3890.8000,1,1,2,3,1,1,1,1,1,1
SF,IF2003,2019-11-15 09:34:16.300,3887.8000,11592,0,165763440.000,0,-,-,-,-,3887.6000,3887.4000,3887.2000,3887.0000,3886.4000,3889.0000,3889.2000,3890.0000,3890.8000,3892.4000,1,1,2,3,1,1,1,1,1,1
SF,IF2003,2019-11-15 09:34:16.800,3887.8000,11592,0,165763440.000,0,-,-,-,-,3887.6000,3887.4000,3887.2000,3887.0000,3886.4000,3888.8000,3889.0000,3889.2000,3890.0000,3890.8000,1,2,2,3,1,1,1,1,1,1
SF,IF2003,2019-11-15 09:34:17.300,3887.4000,11589,-3,169262160.000,3,0,3,双平,S,3887.2000,3887.0000,3886.4000,3884.8000,3883.0000,3889.0000,3889.2000,3890.0000,3890.8000,3892.4000,3,3,1,1,1,2,1,1,1,1
SF,IF2003,2019-11-15 09:34:17.800,3887.4000,11589,0,169262160.000,0,-,-,-,-,3887.4000,3887.2000,3887.0000,3886.4000,3884.8000,3889.0000,3889.2000,3890.0000,3890.8000,3892.4000,1,3,3,1,1,2,1,1,1,1
SF,IF2003,2019-11-15 09:34:18.300,3887.4000,11589,0,169262160.000,0,-,-,-,-,3887.4000,3887.2000,3887.0000,3886.4000,3884.8000,3888.8000,3889.0000,3889.2000,3890.0000,3890.8000,1,2,3,1,1,4,2,2,1,1
SF,IF2003,2019-11-15 09:34:18.800,3887.4000,11589,0,169262160.000,0,-,-,-,-,3887.6000,3887.4000,3887.2000,3887.0000,3886.4000,3888.6000,3888.8000,3889.0000,3889.2000,3890.0000,1,1,1,3,1,2,4,1,2,1
SF,IF2003,2019-11-15 09:34:19.300,3887.4000,11589,0,169262160.000,0,-,-,-,-,3887.6000,3887.2000,3887.0000,3886.4000,3884.8000,3888.6000,3888.8000,3889.0000,3889.2000,3890.0000,1,1,3,1,1,2,4,1,2,1
SF,IF2003,2019-11-15 09:34:20.300,3887.4000,11589,0,169262160.000,0,-,-,-,-,3887.6000,3887.0000,3886.4000,3884.8000,3883.0000,3888.6000,3888.8000,3889.0000,3889.2000,3890.0000,1,3,1,1,1,2,4,1,2,1
SF,IF2003,2019-11-15 09:34:20.800,3887.6000,11588,-1,170428440.000,1,0,1,双平,S,3887.0000,3886.4000,3884.8000,3883.0000,3881.2000,3888.6000,3888.8000,3889.0000,3889.2000,3890.0000,3,1,1,1,1,2,4,1,2,1
SF,IF2003,2019-11-15 09:34:21.300,3887.6000,11588,0,170428440.000,0,-,-,-,-,3887.2000,3887.0000,3886.4000,3884.8000,3883.0000,3888.4000,3889.0000,3889.2000,3890.0000,3890.8000,1,3,1,1,1,1,1,2,1,1
SF,IF2003,2019-11-15 09:34:21.800,3887.6000,11588,0,170428440.000,0,-,-,-,-,3887.2000,3887.0000,3886.4000,3884.8000,3883.0000,3888.4000,3889.0000,3889.2000,3890.0000,3890.8000,2,3,1,1,1,1,1,2,1,1
SF,IF2003,2019-11-15 09:34:22.300,3887.6000,11588,0,170428440.000,0,-,-,-,-,3887.2000,3887.0000,3886.4000,3884.8000,3883.0000,3888.4000,3889.0000,3889.2000,3890.0000,3890.8000,1,3,1,1,1,1,1,2,1,1
SF,IF2003,2019-11-15 09:34:22.800,3887.6000,11588,0,170428440.000,0,-,-,-,-,3887.8000,3887.0000,3886.4000,3884.8000,3883.0000,3888.2000,3888.4000,3889.0000,3889.2000,3890.0000,1,3,1,1,1,2,1,1,2,1
SF,IF2003,2019-11-15 09:34:23.300,3887.6000,11588,0,170428440.000,0,-,-,-,-,3887.8000,3887.0000,3886.4000,3884.8000,3883.0000,3889.0000,3889.2000,3890.0000,3890.8000,3892.4000,1,3,1,1,1,1,2,1,1,1
SF,IF2003,2019-11-15 09:34:23.800,3887.6000,11588,0,170428440.000,0,-,-,-,-,3887.8000,3887.0000,3886.4000,3884.8000,3883.0000,3888.8000,3889.0000,3889.2000,3890.0000,3890.8000,1,3,1,1,1,8,1,2,1,1
SF,IF2003,2019-11-15 09:34:24.300,3887.6000,11588,0,170428440.000,0,-,-,-,-,3887.8000,3887.0000,3886.4000,3884.8000,3883.0000,3888.6000,3888.8000,3889.0000,3889.2000,3890.0000,1,3,1,1,1,1,12,1,2,1
SF,IF2003,2019-11-15 09:34:24.800,3887.6000,11588,0,170428440.000,0,-,-,-,-,3887.8000,3887.0000,3886.4000,3884.8000,3883.0000,3888.4000,3888.6000,3888.8000,3889.0000,3889.2000,1,3,1,1,1,1,1,6,1,2
SF,IF2003,2019-11-15 09:34:25.300,3887.8000,11588,0,171594780.000,1,0,1,多换,S,3887.0000,3886.4000,3884.8000,3883.0000,3881.2000,3888.2000,3888.4000,3888.6000,3889.0000,3889.2000,2,1,1,1,1,1,5,1,1,2
SF,IF2003,2019-11-15 09:34:25.800,3887.8000,11588,0,171594780.000,0,-,-,-,-,3887.2000,3887.0000,3886.4000,3884.8000,3883.0000,3888.6000,3889.0000,3889.2000,3890.0000,3890.8000,1,1,1,1,1,1,1,2,1,1
SF,IF2003,2019-11-15 09:34:26.300,3887.8000,11588,0,171594780.000,0,-,-,-,-,3887.2000,3887.0000,3886.4000,3884.8000,3883.0000,3888.4000,3888.6000,3889.0000,3889.2000,3890.0000,1,1,1,1,1,3,1,1,2,1
SF,IF2003,2019-11-15 09:34:27.800,3887.8000,11588,0,171594780.000,0,-,-,-,-,3887.2000,3887.0000,3886.4000,3884.8000,3883.0000,3888.2000,3888.4000,3888.6000,3889.0000,3889.2000,1,1,1,1,1,4,3,1,1,2
SF,IF2003,2019-11-15 09:34:28.300,3887.8000,11588,0,171594780.000,0,-,-,-,-,3887.2000,3887.0000,3886.4000,3884.8000,3883.0000,3888.2000,3888.4000,3888.6000,3889.0000,3889.2000,1,1,1,1,1,4,2,1,1,2
SF,IF2003,2019-11-15 09:34:28.800,3887.8000,11588,0,171594780.000,0,-,-,-,-,3887.2000,3887.0000,3886.4000,3884.8000,3883.0000,3888.2000,3888.6000,3889.0000,3889.2000,3890.0000,2,1,1,1,1,4,1,1,2,1
SF,IF2003,2019-11-15 09:34:29.300,3887.8000,11588,0,171594780.000,0,-,-,-,-,3887.2000,3887.0000,3886.4000,3885.2000,3884.8000,3888.6000,3889.0000,3889.2000,3890.0000,3890.8000,1,1,1,2,1,1,1,2,1,1
SF,IF2003,2019-11-15 09:34:29.800,3887.8000,11588,0,171594780.000,0,-,-,-,-,3887.2000,3887.0000,3886.4000,3885.2000,3884.8000,3888.4000,3888.6000,3889.0000,3889.2000,3890.0000,2,1,1,2,1,1,1,1,2,1
SF,IF2003,2019-11-15 09:34:30.800,3887.8000,11588,0,171594780.000,0,-,-,-,-,3887.2000,3887.0000,3886.4000,3885.2000,3884.8000,3888.4000,3888.6000,3889.0000,3889.2000,3890.0000,2,1,1,2,1,1,1,1,2,1
SF,IF2003,2019-11-15 09:34:31.300,3887.8000,11588,0,171594780.000,0,-,-,-,-,3887.0000,3886.4000,3885.2000,3884.8000,3883.0000,3888.0000,3888.2000,3888.4000,3888.6000,3889.0000,1,1,2,1,1,2,4,1,1,1
SF,IF2003,2019-11-15 09:34:31.800,3887.8000,11588,0,171594780.000,0,-,-,-,-,3887.0000,3886.4000,3885.2000,3884.8000,3883.0000,3888.2000,3888.6000,3889.0000,3889.2000,3890.0000,1,1,2,1,1,4,1,1,2,1
SF,IF2003,2019-11-15 09:34:32.300,3887.8000,11588,0,171594780.000,0,-,-,-,-,3887.6000,3887.2000,3887.0000,3886.4000,3884.8000,3888.0000,3888.6000,3889.0000,3889.2000,3890.0000,1,1,1,1,1,7,1,1,2,1
SF,IF2003,2019-11-15 09:34:32.800,3887.8000,11588,0,171594780.000,0,-,-,-,-,3887.6000,3887.2000,3887.0000,3886.4000,3884.8000,3888.0000,3888.6000,3889.0000,3889.2000,3890.0000,1,1,1,1,1,5,1,1,2,1
SF,IF2003,2019-11-15 09:34:33.300,3888.0000,11588,0,172761180.000,1,0,1,多换,S,3887.6000,3887.2000,3887.0000,3886.4000,3884.8000,3888.0000,3888.6000,3889.0000,3889.2000,3890.0000,1,1,1,1,1,3,1,1,2,1
SF,IF2003,2019-11-15 09:34:34.300,3888.0000,11588,0,172761180.000,0,-,-,-,-,3887.6000,3887.0000,3886.4000,3884.8000,3881.2000,3888.0000,3888.6000,3889.0000,3889.2000,3890.0000,1,1,1,1,1,3,1,1,2,1
SF,IF2003,2019-11-15 09:34:34.800,3888.0000,11588,0,172761180.000,0,-,-,-,-,3887.6000,3887.0000,3886.4000,3884.8000,3881.2000,3887.8000,3888.0000,3888.6000,3889.0000,3889.2000,1,1,1,1,1,2,3,1,1,2
SF,IF2003,2019-11-15 09:34:35.300,3887.6000,11588,0,173927460.000,1,0,1,多换,S,3887.0000,3886.4000,3884.8000,3881.2000,3881.0000,3887.6000,3888.6000,3889.0000,3889.2000,3890.0000,1,1,1,1,1,2,1,1,2,1
SF,IF2003,2019-11-15 09:34:35.800,3887.6000,11588,0,176260020.000,2,1,1,多换,S,3887.0000,3886.4000,3884.8000,3881.2000,3881.0000,3887.8000,3889.0000,3889.2000,3890.0000,3890.8000,1,1,1,1,1,4,1,2,1,1
SF,IF2003,2019-11-15 09:34:36.300,3887.6000,11588,0,176260020.000,0,-,-,-,-,3887.0000,3886.4000,3884.8000,3881.2000,3881.0000,3887.6000,3889.0000,3889.2000,3890.0000,3890.8000,1,1,1,1,1,2,1,2,1,1
SF,IF2003,2019-11-15 09:34:37.300,3887.0000,11588,0,177426120.000,1,0,1,多换,S,3886.4000,3885.2000,3884.8000,3881.2000,3881.0000,3887.6000,3888.4000,3889.0000,3889.2000,3890.0000,1,2,1,1,1,2,1,1,2,1
SF,IF2003,2019-11-15 09:34:37.800,3887.6000,11589,1,178592400.000,1,1,0,双开,S,3886.6000,3886.4000,3885.2000,3884.8000,3881.2000,3887.6000,3888.4000,3889.0000,3889.2000,3890.0000,3,1,2,1,1,1,1,1,2,1
SF,IF2003,2019-11-15 09:34:38.300,3887.6000,11589,0,178592400.000,0,-,-,-,-,3886.6000,3886.4000,3885.2000,3884.8000,3881.2000,3887.4000,3887.6000,3888.4000,3889.0000,3889.2000,1,1,2,1,1,1,1,1,1,2
SF,IF2003,2019-11-15 09:34:38.800,3887.4000,11588,-1,179758620.000,1,0,1,双平,S,3886.2000,3885.6000,3885.2000,3884.8000,3881.2000,3887.6000,3888.0000,3888.4000,3889.0000,3889.2000,1,1,2,1,1,1,1,1,1,2
SF,IF2003,2019-11-15 09:34:39.300,3887.4000,11588,0,179758620.000,0,-,-,-,-,3886.2000,3885.6000,3885.2000,3884.8000,3881.2000,3887.6000,3888.4000,3889.0000,3889.2000,3890.0000,1,1,2,1,1,1,1,1,2,1
SF,IF2003,2019-11-15 09:34:40.800,3887.4000,11588,0,179758620.000,0,-,-,-,-,3886.4000,3886.2000,3885.6000,3884.8000,3881.2000,3887.6000,3888.4000,3889.0000,3889.2000,3890.0000,1,1,1,1,1,1,1,1,2,1
SF,IF2003,2019-11-15 09:34:41.300,3887.4000,11588,0,179758620.000,0,-,-,-,-,3886.6000,3886.4000,3885.6000,3884.8000,3881.2000,3887.4000,3888.4000,3889.0000,3889.2000,3890.0000,1,1,1,1,1,3,1,1,2,1
SF,IF2003,2019-11-15 09:34:41.800,3887.4000,11588,0,179758620.000,0,-,-,-,-,3886.6000,3885.6000,3884.8000,3881.2000,3881.0000,3887.4000,3888.4000,3889.0000,3889.2000,3890.0000,1,1,1,1,1,3,1,1,2,1
SF,IF2003,2019-11-15 09:34:42.300,3887.4000,11588,0,179758620.000,0,-,-,-,-,3886.6000,3885.6000,3884.8000,3881.2000,3881.0000,3887.2000,3888.4000,3889.0000,3889.2000,3890.0000,1,1,1,1,1,1,1,1,2,1
SF,IF2003,2019-11-15 09:34:42.800,3887.4000,11588,0,179758620.000,0,-,-,-,-,3886.6000,3885.6000,3884.8000,3881.2000,3881.0000,3888.4000,3889.0000,3889.2000,3890.0000,3890.8000,1,1,3,1,1,1,1,2,1,1
SF,IF2003,2019-11-15 09:34:43.300,3887.4000,11588,0,179758620.000,0,-,-,-,-,3886.6000,3885.6000,3884.8000,3881.2000,3881.0000,3887.8000,3888.2000,3888.4000,3889.0000,3889.2000,1,1,3,1,1,1,9,1,1,2
SF,IF2003,2019-11-15 09:34:43.800,3887.4000,11588,0,179758620.000,0,-,-,-,-,3885.6000,3884.8000,3881.2000,3881.0000,3880.0000,3887.6000,3887.8000,3888.0000,3888.2000,3888.4000,1,3,1,1,4,7,1,5,4,1
SF,IF2003,2019-11-15 09:34:44.300,3887.4000,11588,0,179758620.000,0,-,-,-,-,3885.8000,3885.6000,3884.8000,3881.2000,3881.0000,3887.6000,3888.2000,3888.4000,3889.0000,3889.2000,2,1,3,1,1,7,2,1,1,2
SF,IF2003,2019-11-15 09:34:44.800,3887.4000,11588,0,179758620.000,0,-,-,-,-,3885.8000,3885.6000,3884.8000,3881.2000,3881.0000,3887.0000,3887.4000,3887.6000,3888.2000,3888.4000,2,1,1,1,1,1,4,8,2,1
SF,IF2003,2019-11-15 09:34:45.300,3887.4000,11588,0,179758620.000,0,-,-,-,-,3886.0000,3885.8000,3885.6000,3884.8000,3881.2000,3887.0000,3887.4000,3887.6000,3888.2000,3888.4000,2,2,1,1,1,1,1,6,2,1
SF,IF2003,2019-11-15 09:34:45.800,3887.4000,11588,0,179758620.000,0,-,-,-,-,3886.2000,3886.0000,3885.6000,3884.8000,3881.2000,3887.0000,3887.4000,3887.6000,3888.2000,3888.4000,1,2,1,1,1,1,1,6,2,1
SF,IF2003,2019-11-15 09:34:46.300,3887.4000,11588,0,179758620.000,0,-,-,-,-,3886.2000,3886.0000,3885.6000,3884.8000,3881.2000,3887.4000,3887.6000,3888.2000,3888.4000,3889.0000,1,2,1,1,1,1,5,2,1,1
SF,IF2003,2019-11-15 09:34:46.800,3887.4000,11588,0,179758620.000,0,-,-,-,-,3886.2000,3886.0000,3885.6000,3884.8000,3881.2000,3887.4000,3887.6000,3888.2000,3888.4000,3889.0000,1,1,1,1,1,1,5,2,1,1
SF,IF2003,2019-11-15 09:34:47.800,3887.4000,11588,0,179758620.000,0,-,-,-,-,3886.4000,3886.2000,3885.6000,3884.8000,3881.2000,3887.4000,3887.6000,3888.2000,3888.4000,3889.0000,1,1,1,1,1,1,5,2,1,1
SF,IF2003,2019-11-15 09:34:48.300,3887.4000,11588,0,179758620.000,0,-,-,-,-,3886.4000,3885.6000,3884.8000,3881.2000,3881.0000,3887.4000,3887.6000,3888.2000,3888.4000,3889.0000,1,1,1,1,1,1,5,2,1,1
SF,IF2003,2019-11-15 09:34:48.800,3887.4000,11588,0,179758620.000,0,-,-,-,-,3886.6000,3886.4000,3885.6000,3884.8000,3881.2000,3887.4000,3888.2000,3888.4000,3889.0000,3889.2000,2,1,1,1,1,1,2,1,1,2
SF,IF2003,2019-11-15 09:34:49.300,3886.4000,11588,0,185588760.000,5,2,3,多换,S,3886.0000,3885.6000,3884.8000,3881.2000,3881.0000,3886.2000,3887.8000,3888.2000,3889.0000,3889.2000,1,1,1,1,1,1,1,1,1,2
SF,IF2003,2019-11-15 09:34:49.800,3886.2000,11588,0,186754620.000,1,0,1,多换,S,3886.8000,3886.6000,3886.4000,3886.2000,3885.6000,3888.2000,3889.0000,3889.2000,3890.0000,3890.8000,1,2,4,4,1,1,1,2,1,1
SF,IF2003,2019-11-15 09:34:50.300,3888.0000,11588,0,187921020.000,1,0,1,多换,S,3886.8000,3886.4000,3886.2000,3885.6000,3884.8000,3888.0000,3888.2000,3889.0000,3889.2000,3890.0000,1,1,3,1,1,4,1,1,2,1
SF,IF2003,2019-11-15 09:34:50.800,3888.0000,11588,0,187921020.000,0,-,-,-,-,3886.8000,3886.2000,3885.6000,3884.8000,3881.2000,3887.8000,3888.0000,3888.2000,3889.0000,3889.2000,1,3,1,1,1,3,4,1,1,2
SF,IF2003,2019-11-15 09:34:51.300,3888.0000,11588,0,189087420.000,1,0,1,多换,S,3886.8000,3886.2000,3886.0000,3885.6000,3884.8000,3887.6000,3887.8000,3888.0000,3888.2000,3889.0000,1,3,1,1,1,2,3,1,1,1
SF,IF2003,2019-11-15 09:34:51.800,3888.0000,11588,0,189087420.000,0,-,-,-,-,3886.8000,3886.2000,3886.0000,3885.6000,3884.8000,3887.6000,3887.8000,3888.2000,3889.0000,3889.2000,1,3,1,1,1,3,3,1,1,2
SF,IF2003,2019-11-15 09:34:52.300,3888.0000,11588,0,189087420.000,0,-,-,-,-,3886.8000,3886.2000,3886.0000,3885.6000,3884.8000,3887.4000,3887.6000,3889.0000,3889.2000,3890.0000,1,3,1,1,1,1,1,1,2,1
SF,IF2003,2019-11-15 09:34:52.800,3887.6000,11587,-1,191419920.000,2,0,2,多平,S,3888.0000,3887.4000,3887.2000,3887.0000,3886.8000,3888.4000,3889.0000,3889.2000,3890.0000,3890.8000,1,1,1,1,2,1,1,2,1,1
SF,IF2003,2019-11-15 09:34:53.300,3888.0000,11586,-1,192586320.000,1,0,1,双平,S,3886.8000,3886.2000,3886.0000,3885.6000,3884.8000,3888.0000,3888.2000,3889.0000,3889.2000,3890.0000,2,2,1,1,1,3,6,1,2,1
SF,IF2003,2019-11-15 09:34:53.800,3888.0000,11586,0,192586320.000,0,-,-,-,-,3887.0000,3886.8000,3886.2000,3886.0000,3885.6000,3888.2000,3889.0000,3889.2000,3890.0000,3890.8000,1,2,2,1,1,4,1,2,1,1
SF,IF2003,2019-11-15 09:34:54.300,3888.0000,11586,0,192586320.000,0,-,-,-,-,3887.0000,3886.8000,3886.6000,3886.2000,3886.0000,3888.0000,3888.2000,3889.0000,3889.2000,3890.0000,1,2,1,2,1,1,4,1,2,1
SF,IF2003,2019-11-15 09:34:54.800,3888.0000,11586,0,192586320.000,0,-,-,-,-,3886.8000,3886.6000,3886.2000,3886.0000,3885.6000,3888.0000,3888.2000,3889.0000,3889.2000,3890.0000,2,1,2,1,1,1,4,1,2,1
SF,IF2003,2019-11-15 09:34:55.800,3888.0000,11586,0,192586320.000,0,-,-,-,-,3886.8000,3886.6000,3886.2000,3885.6000,3884.8000,3888.0000,3888.2000,3889.0000,3889.2000,3890.0000,2,1,3,1,1,1,4,1,2,1
SF,IF2003,2019-11-15 09:34:56.300,3888.0000,11586,0,193752720.000,1,0,1,多换,S,3887.0000,3886.8000,3886.6000,3886.2000,3885.6000,3888.8000,3889.0000,3889.2000,3890.0000,3890.8000,4,2,1,2,1,1,1,2,1,1
SF,IF2003,2019-11-15 09:34:57.300,3888.0000,11586,0,193752720.000,0,-,-,-,-,3887.0000,3886.8000,3886.6000,3886.2000,3885.6000,3888.8000,3889.0000,3889.2000,3890.0000,3890.8000,4,2,2,2,1,1,1,2,1,1
SF,IF2003,2019-11-15 09:34:57.800,3888.0000,11586,0,193752720.000,0,-,-,-,-,3887.0000,3886.8000,3886.6000,3886.2000,3885.6000,3888.6000,3888.8000,3889.0000,3889.2000,3890.0000,1,2,2,2,1,3,1,1,2,1
SF,IF2003,2019-11-15 09:34:58.300,3888.0000,11586,0,193752720.000,0,-,-,-,-,3887.2000,3887.0000,3886.8000,3886.6000,3886.2000,3888.6000,3889.0000,3889.2000,3890.0000,3890.8000,2,1,2,2,2,1,1,2,1,1
SF,IF2003,2019-11-15 09:34:58.800,3888.0000,11586,0,193752720.000,0,-,-,-,-,3887.4000,3886.8000,3886.6000,3886.2000,3885.6000,3888.4000,3888.6000,3889.0000,3889.2000,3890.0000,1,2,2,2,1,3,1,1,2,1
SF,IF2003,2019-11-15 09:34:59.300,3888.0000,11586,0,193752720.000,0,-,-,-,-,3887.4000,3886.8000,3886.6000,3886.2000,3885.6000,3888.4000,3889.0000,3889.2000,3890.0000,3890.8000,1,2,2,2,1,3,1,2,1,1
SF,IF2003,2019-11-15 09:34:59.800,3888.0000,11586,0,193752720.000,0,-,-,-,-,3887.4000,3886.8000,3886.6000,3886.2000,3885.6000,3888.4000,3889.0000,3889.2000,3890.0000,3890.8000,1,2,2,1,1,3,1,2,1,1
SF,IF2003,2019-11-15 09:35:01.300,3887.4000,11586,0,194918940.000,1,0,1,多换,S,3886.8000,3886.6000,3886.4000,3886.2000,3885.6000,3888.2000,3888.4000,3889.0000,3889.2000,3890.0000,2,2,1,1,1,1,3,1,2,1
SF,IF2003,2019-11-15 09:35:01.800,3887.4000,11586,0,194918940.000,0,-,-,-,-,3886.8000,3886.6000,3886.2000,3885.6000,3884.8000,3888.0000,3888.4000,3889.0000,3889.2000,3890.0000,2,2,1,1,1,1,3,1,2,1
SF,IF2003,2019-11-15 09:35:02.300,3887.4000,11586,0,194918940.000,0,-,-,-,-,3886.8000,3886.6000,3886.2000,3885.6000,3884.8000,3887.8000,3888.0000,3889.0000,3889.2000,3890.0000,1,2,1,1,1,3,1,1,2,1
SF,IF2003,2019-11-15 09:35:02.800,3887.4000,11586,0,194918940.000,0,-,-,-,-,3886.8000,3886.6000,3886.2000,3885.6000,3884.8000,3887.6000,3887.8000,3889.0000,3889.2000,3890.0000,1,2,1,1,1,1,3,1,2,1
SF,IF2003,2019-11-15 09:35:03.300,3887.4000,11586,0,194918940.000,0,-,-,-,-,3888.2000,3887.0000,3886.8000,3886.6000,3886.2000,3889.0000,3889.2000,3890.0000,3890.8000,3892.4000,1,2,1,3,1,1,2,1,1,1
SF,IF2003,2019-11-15 09:35:03.800,3888.2000,11585,-1,196085400.000,1,0,1,双平,S,3886.8000,3886.6000,3886.2000,3885.6000,3884.8000,3888.2000,3888.4000,3888.6000,3888.8000,3889.0000,1,2,1,1,1,2,1,4,5,2
SF,IF2003,2019-11-15 09:35:04.300,3888.2000,11585,0,196085400.000,0,-,-,-,-,3886.8000,3886.6000,3886.2000,3885.6000,3884.8000,3888.0000,3888.4000,3888.6000,3888.8000,3889.0000,1,2,1,1,1,1,1,1,5,2
SF,IF2003,2019-11-15 09:35:04.800,3888.2000,11585,0,196085400.000,0,-,-,-,-,3887.0000,3886.8000,3886.6000,3886.2000,3885.6000,3888.0000,3888.4000,3888.6000,3888.8000,3889.0000,1,1,2,1,1,1,1,1,5,2
SF,IF2003,2019-11-15 09:35:05.800,3888.2000,11585,0,196085400.000,0,-,-,-,-,3887.0000,3886.8000,3886.6000,3886.2000,3885.6000,3888.0000,3888.4000,3888.6000,3888.8000,3889.0000,1,1,1,1,1,1,1,1,5,2
SF,IF2003,2019-11-15 09:35:06.300,3888.2000,11585,0,196085400.000,0,-,-,-,-,3887.0000,3886.8000,3886.6000,3886.2000,3885.6000,3888.0000,3888.4000,3888.8000,3889.0000,3889.2000,1,1,1,1,1,1,1,5,2,2
SF,IF2003,2019-11-15 09:35:06.800,3888.2000,11585,0,196085400.000,0,-,-,-,-,3887.0000,3886.8000,3886.6000,3886.2000,3885.6000,3888.0000,3888.4000,3888.8000,3889.0000,3889.2000,1,1,1,1,1,1,1,5,3,2
SF,IF2003,2019-11-15 09:35:07.300,3888.2000,11585,0,196085400.000,0,-,-,-,-,3887.2000,3887.0000,3886.8000,3886.6000,3886.2000,3888.4000,3888.8000,3889.0000,3889.2000,3890.0000,1,1,1,2,1,1,5,3,2,1
SF,IF2003,2019-11-15 09:35:07.800,3888.2000,11585,0,196085400.000,0,-,-,-,-,3886.8000,3886.6000,3886.2000,3885.6000,3884.8000,3888.2000,3888.4000,3888.8000,3889.0000,3889.2000,1,2,1,1,1,4,1,5,3,2
SF,IF2003,2019-11-15 09:35:08.300,3888.2000,11585,0,196085400.000,0,-,-,-,-,3887.0000,3886.8000,3886.6000,3886.2000,3885.6000,3888.2000,3888.4000,3888.8000,3889.0000,3889.2000,1,1,2,1,1,4,1,5,3,2
SF,IF2003,2019-11-15 09:35:08.800,3888.2000,11585,0,196085400.000,0,-,-,-,-,3887.2000,3887.0000,3886.8000,3886.6000,3886.2000,3888.2000,3888.4000,3888.8000,3889.0000,3889.2000,1,1,1,2,1,1,1,5,3,2
