市场代码,合约代码,时间,最新,持仓,增仓,成交额,成交量,开仓,平仓,成交类型,方向,买一价,买二价,买三价,买四价,买五价,卖一价,卖二价,卖三价,卖四价,卖五价,买一量,买二量,买三量,买四量,买五量,卖一量,卖二量,卖三量,卖四量,卖五量
SF,IF2012,2020-05-22 09:29:00.000,3740.0000,4185,0,2244000.000,2.000,-,-,-,-,3740.0000,3737.0000,3727.0000,3718.2000,3716.2000,3740.2000,3743.4000,3743.6000,3759.0000,3763.8000,1,1,2,1,1,2,1,1,1,1
SF,IF2012,2020-05-22 09:30:00.500,3739.4000,4188,3,10095120.000,7,5,2,空开,S,3728.0000,3727.4000,3727.0000,3724.4000,3721.4000,3738.0000,3738.6000,3739.2000,3739.4000,3739.6000,1,3,1,2,3,1,1,1,5,13
SF,IF2012,2020-05-22 09:30:01.000,3739.4000,4188,0,10095120.000,0,-,-,-,-,3734.6000,3728.4000,3728.2000,3728.0000,3727.4000,3737.8000,3738.6000,3739.2000,3739.4000,3739.6000,2,7,5,1,3,3,1,1,5,1
SF,IF2012,2020-05-22 09:30:01.500,3734.6000,4188,0,11215500.000,1,0,1,多换,S,3734.8000,3728.4000,3728.2000,3728.0000,3727.4000,3737.8000,3738.6000,3739.2000,3739.4000,3739.6000,1,8,4,1,3,3,1,1,5,1
SF,IF2012,2020-05-22 09:30:02.000,3734.8000,4188,0,12335940.000,1,0,1,多换,S,3728.4000,3728.2000,3728.0000,3727.4000,3727.0000,3737.8000,3738.6000,3739.2000,3739.4000,3739.6000,8,4,1,3,1,3,1,1,5,1
SF,IF2012,2020-05-22 09:30:02.500,3737.8000,4188,0,13457280.000,1,0,1,多换,S,3734.4000,3729.0000,3728.6000,3728.4000,3728.2000,3737.8000,3738.6000,3739.2000,3739.4000,3739.8000,1,3,3,8,2,2,1,2,5,8
SF,IF2012,2020-05-22 09:30:03.000,3737.8000,4188,0,13457280.000,0,-,-,-,-,3734.6000,3729.0000,3728.6000,3728.4000,3728.2000,3737.8000,3739.2000,3739.4000,3739.8000,3740.0000,2,3,3,8,2,2,1,5,8,6
SF,IF2012,2020-05-22 09:30:03.500,3737.8000,4188,0,13457280.000,0,-,-,-,-,3734.6000,3729.6000,3729.0000,3728.6000,3728.4000,3737.8000,3739.2000,3739.4000,3739.8000,3740.0000,2,2,3,3,8,2,1,5,8,6
SF,IF2012,2020-05-22 09:30:04.500,3737.8000,4187,-1,14578620.000,1,0,1,双平,S,3735.0000,3734.6000,3729.6000,3728.6000,3728.4000,3739.2000,3740.0000,3743.6000,3745.0000,3747.6000,1,2,2,3,8,3,1,1,5,1
SF,IF2012,2020-05-22 09:30:05.000,3737.8000,4187,0,14578620.000,0,-,-,-,-,3735.2000,3735.0000,3729.6000,3728.6000,3728.4000,3739.0000,3739.2000,3740.0000,3743.6000,3745.0000,3,1,2,3,8,1,2,1,1,5
SF,IF2012,2020-05-22 09:30:05.500,3737.8000,4187,0,14578620.000,0,-,-,-,-,3735.2000,3735.0000,3729.6000,3728.6000,3728.4000,3739.0000,3743.6000,3745.0000,3747.6000,3748.8000,3,1,2,3,8,1,1,5,1,3
SF,IF2012,2020-05-22 09:30:06.000,3737.0000,4186,-1,15699720.000,1,0,1,双平,S,3736.2000,3735.4000,3735.2000,3729.6000,3728.6000,3743.6000,3745.0000,3747.6000,3748.8000,3749.6000,1,2,3,2,3,1,5,1,3,3
SF,IF2012,2020-05-22 09:30:06.500,3737.0000,4186,0,15699720.000,0,-,-,-,-,3736.4000,3736.2000,3735.4000,3729.6000,3728.6000,3743.2000,3743.4000,3743.6000,3745.0000,3747.6000,3,1,3,2,2,8,1,1,5,1
SF,IF2012,2020-05-22 09:30:07.000,3737.0000,4186,0,15699720.000,0,-,-,-,-,3736.8000,3736.4000,3736.2000,3735.4000,3728.6000,3743.0000,3743.2000,3743.6000,3745.0000,3747.6000,1,3,1,2,2,2,8,1,5,1
SF,IF2012,2020-05-22 09:30:07.500,3737.0000,4186,0,15699720.000,0,-,-,-,-,3737.4000,3737.0000,3735.4000,3728.6000,3728.4000,3742.6000,3743.0000,3743.6000,3745.0000,3747.6000,1,3,1,2,8,8,2,1,5,1
SF,IF2012,2020-05-22 09:30:08.000,3737.0000,4186,0,15699720.000,0,-,-,-,-,3737.6000,3737.4000,3735.4000,3728.6000,3728.4000,3741.6000,3742.4000,3742.6000,3743.6000,3745.0000,2,1,1,2,8,1,2,8,1,5
SF,IF2012,2020-05-22 09:30:08.500,3737.0000,4186,0,15699720.000,0,-,-,-,-,3737.6000,3737.4000,3735.4000,3728.6000,3728.4000,3741.4000,3741.6000,3742.6000,3743.6000,3745.0000,2,1,1,2,8,2,1,8,1,5
SF,IF2012,2020-05-22 09:30:09.000,3737.0000,4186,0,15699720.000,0,-,-,-,-,3737.6000,3737.4000,3735.4000,3728.6000,3728.4000,3741.4000,3741.6000,3742.6000,3743.6000,3745.0000,2,1,1,2,8,3,1,8,1,5
SF,IF2012,2020-05-22 09:30:09.500,3737.0000,4186,0,15699720.000,0,-,-,-,-,3737.6000,3737.4000,3735.4000,3728.6000,3728.4000,3741.4000,3741.6000,3743.6000,3745.0000,3747.6000,2,1,1,2,8,3,1,1,5,1
SF,IF2012,2020-05-22 09:30:10.000,3741.4000,4185,-1,16822140.000,1,0,1,双平,S,3737.8000,3737.6000,3737.4000,3735.4000,3728.6000,3741.4000,3741.6000,3743.6000,3745.0000,3747.6000,2,2,1,1,2,1,1,1,5,1
SF,IF2012,2020-05-22 09:30:10.500,3738.0000,4184,-1,17943540.000,1,0,1,双平,S,3738.0000,3737.8000,3737.4000,3735.4000,3728.6000,3741.4000,3743.6000,3745.0000,3747.6000,3748.8000,1,2,1,1,2,1,1,5,1,3
SF,IF2012,2020-05-22 09:30:11.000,3738.0000,4184,0,17943540.000,0,-,-,-,-,3738.2000,3738.0000,3737.8000,3737.4000,3735.4000,3741.4000,3743.6000,3745.0000,3747.6000,3748.8000,1,1,1,1,1,1,1,5,1,3
SF,IF2012,2020-05-22 09:30:11.500,3738.0000,4184,0,17943540.000,0,-,-,-,-,3738.4000,3738.2000,3735.4000,3728.6000,3728.4000,3739.0000,3741.2000,3741.4000,3743.6000,3745.0000,3,1,1,2,8,1,1,1,1,5
SF,IF2012,2020-05-22 09:30:12.000,3739.0000,4183,-1,19065240.000,1,0,1,双平,S,3738.4000,3735.4000,3728.6000,3728.4000,3728.2000,3741.2000,3741.4000,3743.6000,3745.0000,3747.6000,3,1,2,8,2,1,1,1,5,1
SF,IF2012,2020-05-22 09:30:12.500,3738.8000,4181,-2,23551440.000,4,1,3,多平,S,3738.6000,3735.4000,3728.6000,3728.4000,3728.2000,3741.0000,3741.2000,3743.6000,3745.0000,3747.6000,1,1,2,8,2,1,1,1,5,1
SF,IF2012,2020-05-22 09:30:13.000,3738.6000,4180,-1,24673020.000,1,0,1,双平,S,3735.4000,3728.6000,3728.2000,3728.0000,3727.4000,3740.4000,3740.8000,3741.0000,3741.2000,3743.6000,1,2,2,1,3,1,1,1,1,1
SF,IF2012,2020-05-22 09:30:13.500,3738.6000,4180,0,24673020.000,0,-,-,-,-,3728.6000,3728.2000,3728.0000,3727.4000,3727.0000,3740.2000,3740.4000,3741.2000,3743.6000,3745.0000,2,2,1,3,1,2,1,1,1,5
SF,IF2012,2020-05-22 09:30:14.000,3738.6000,4180,0,24673020.000,0,-,-,-,-,3729.0000,3728.8000,3728.6000,3728.2000,3728.0000,3740.0000,3740.2000,3740.8000,3741.2000,3743.6000,8,3,2,2,1,1,2,1,1,1
SF,IF2012,2020-05-22 09:30:14.500,3738.6000,4180,0,24673020.000,0,-,-,-,-,3729.2000,3729.0000,3728.8000,3728.6000,3728.2000,3739.2000,3739.6000,3739.8000,3740.8000,3743.6000,4,8,2,1,2,1,1,2,1,1
SF,IF2012,2020-05-22 09:30:15.000,3738.6000,4180,0,24673020.000,0,-,-,-,-,3732.8000,3729.6000,3729.2000,3728.8000,3728.6000,3739.0000,3739.2000,3739.6000,3740.8000,3743.6000,1,8,5,2,1,2,1,1,1,1
SF,IF2012,2020-05-22 09:30:15.500,3738.6000,4180,0,24673020.000,0,-,-,-,-,3733.0000,3732.8000,3732.2000,3731.4000,3729.6000,3739.0000,3739.2000,3739.6000,3743.6000,3743.8000,2,1,1,1,8,2,1,1,1,1
SF,IF2012,2020-05-22 09:30:16.000,3739.0000,4180,0,25794720.000,1,0,1,多换,S,3734.8000,3733.6000,3733.4000,3733.2000,3733.0000,3739.0000,3739.2000,3743.6000,3743.8000,3745.0000,1,1,1,2,10,1,1,1,1,5
SF,IF2012,2020-05-22 09:30:16.500,3739.0000,4180,0,25794720.000,0,-,-,-,-,3735.0000,3734.8000,3733.6000,3733.4000,3733.2000,3743.0000,3743.6000,3743.8000,3745.0000,3747.6000,4,1,1,1,2,1,1,1,5,1
SF,IF2012,2020-05-22 09:30:17.000,3739.0000,4180,0,25794720.000,0,-,-,-,-,3735.4000,3735.2000,3735.0000,3733.4000,3733.2000,3742.6000,3742.8000,3743.0000,3743.6000,3743.8000,2,2,4,1,2,8,1,1,1,1
SF,IF2012,2020-05-22 09:30:17.500,3739.0000,4180,0,25794720.000,0,-,-,-,-,3736.0000,3735.6000,3735.4000,3735.2000,3735.0000,3742.4000,3742.6000,3743.0000,3743.6000,3743.8000,1,4,2,2,2,1,8,1,1,1
SF,IF2012,2020-05-22 09:30:18.000,3739.0000,4180,0,25794720.000,0,-,-,-,-,3736.4000,3736.2000,3736.0000,3735.8000,3735.6000,3741.2000,3742.4000,3742.6000,3743.0000,3743.6000,1,3,1,1,2,2,1,8,1,1
SF,IF2012,2020-05-22 09:30:18.500,3739.0000,4180,0,25794720.000,0,-,-,-,-,3736.6000,3736.4000,3736.2000,3736.0000,3735.6000,3741.0000,3741.2000,3742.2000,3742.6000,3743.0000,3,1,1,1,2,2,1,1,8,1
SF,IF2012,2020-05-22 09:30:19.000,3739.0000,4180,0,25794720.000,0,-,-,-,-,3737.0000,3736.8000,3736.6000,3736.4000,3735.6000,3741.0000,3741.2000,3742.2000,3743.0000,3743.6000,3,1,2,1,2,2,1,1,1,1
SF,IF2012,2020-05-22 09:30:19.500,3739.0000,4180,0,25794720.000,0,-,-,-,-,3737.2000,3736.8000,3736.6000,3735.4000,3735.0000,3741.0000,3741.2000,3742.2000,3743.6000,3743.8000,1,1,1,1,2,2,1,1,1,1
SF,IF2012,2020-05-22 09:30:20.000,3737.2000,4179,-1,26915880.000,1,0,1,双平,S,3736.8000,3736.6000,3735.4000,3735.0000,3733.2000,3740.6000,3740.8000,3741.0000,3741.2000,3742.2000,1,1,1,2,1,2,1,3,1,1
SF,IF2012,2020-05-22 09:30:20.500,3737.2000,4179,0,26915880.000,0,-,-,-,-,3736.6000,3735.4000,3735.0000,3733.2000,3733.0000,3740.4000,3741.0000,3741.2000,3742.2000,3743.6000,1,1,2,1,9,2,1,1,1,1
SF,IF2012,2020-05-22 09:30:21.000,3737.2000,4179,0,26915880.000,0,-,-,-,-,3735.4000,3735.0000,3733.2000,3733.0000,3729.2000,3740.4000,3741.2000,3742.2000,3743.6000,3743.8000,1,2,1,9,2,2,1,1,1,1
SF,IF2012,2020-05-22 09:30:21.500,3737.2000,4179,0,26915880.000,0,-,-,-,-,3737.0000,3736.8000,3735.0000,3733.2000,3733.0000,3739.8000,3740.2000,3740.4000,3741.2000,3743.6000,1,1,2,1,9,1,1,2,1,1
SF,IF2012,2020-05-22 09:30:22.000,3737.2000,4179,0,26915880.000,0,-,-,-,-,3733.2000,3733.0000,3729.2000,3728.8000,3728.6000,3739.6000,3740.2000,3740.4000,3741.2000,3743.6000,1,1,2,2,1,4,2,1,1,1
SF,IF2012,2020-05-22 09:30:22.500,3737.2000,4179,0,26915880.000,0,-,-,-,-,3733.4000,3733.2000,3733.0000,3729.2000,3728.8000,3739.6000,3740.2000,3740.4000,3741.2000,3743.6000,2,1,1,2,2,2,2,1,1,1
SF,IF2012,2020-05-22 09:30:23.000,3737.2000,4179,0,26915880.000,0,-,-,-,-,3733.6000,3733.4000,3733.0000,3729.2000,3728.8000,3739.6000,3741.2000,3743.6000,3743.8000,3745.0000,2,2,1,2,2,2,1,1,1,5
SF,IF2012,2020-05-22 09:30:23.500,3737.2000,4179,0,26915880.000,0,-,-,-,-,3735.4000,3734.6000,3733.8000,3733.6000,3733.4000,3739.4000,3739.6000,3741.2000,3743.6000,3743.8000,1,1,2,2,1,1,1,1,1,1
SF,IF2012,2020-05-22 09:30:24.000,3737.2000,4179,0,26915880.000,0,-,-,-,-,3735.4000,3734.6000,3733.8000,3733.6000,3733.4000,3739.2000,3741.2000,3743.6000,3743.8000,3745.0000,1,1,2,2,1,1,2,1,1,5
SF,IF2012,2020-05-22 09:30:24.500,3737.2000,4179,0,26915880.000,0,-,-,-,-,3735.8000,3735.6000,3735.4000,3733.8000,3733.6000,3739.0000,3739.2000,3741.2000,3743.6000,3743.8000,1,1,1,2,1,1,1,2,1,1
SF,IF2012,2020-05-22 09:30:25.000,3737.2000,4179,0,26915880.000,0,-,-,-,-,3735.6000,3735.4000,3733.8000,3733.6000,3733.4000,3738.8000,3739.0000,3741.2000,3743.6000,3743.8000,1,1,2,1,1,1,1,2,1,1
SF,IF2012,2020-05-22 09:30:25.500,3737.2000,4179,0,26915880.000,0,-,-,-,-,3736.6000,3735.6000,3733.8000,3733.6000,3733.4000,3738.6000,3738.8000,3741.2000,3743.6000,3743.8000,1,1,2,1,1,1,1,2,1,1
SF,IF2012,2020-05-22 09:30:26.000,3737.2000,4179,0,26915880.000,0,-,-,-,-,3736.6000,3733.8000,3733.6000,3733.4000,3733.0000,3738.6000,3738.8000,3741.2000,3743.6000,3743.8000,1,2,1,1,1,1,1,2,1,1
SF,IF2012,2020-05-22 09:30:26.500,3737.2000,4179,0,26915880.000,0,-,-,-,-,3735.4000,3733.8000,3733.6000,3733.4000,3733.0000,3738.4000,3738.6000,3741.2000,3743.6000,3743.8000,1,2,1,1,1,1,1,2,1,1
SF,IF2012,2020-05-22 09:30:27.000,3737.2000,4179,0,26915880.000,0,-,-,-,-,3735.4000,3733.8000,3733.6000,3733.4000,3733.0000,3738.2000,3738.4000,3741.2000,3743.6000,3743.8000,2,2,1,1,1,1,1,4,1,1
SF,IF2012,2020-05-22 09:30:27.500,3737.2000,4179,0,26915880.000,0,-,-,-,-,3735.4000,3733.8000,3733.6000,3733.4000,3733.0000,3738.0000,3738.2000,3741.2000,3743.6000,3743.8000,1,1,1,1,1,1,2,4,1,1
SF,IF2012,2020-05-22 09:30:28.000,3737.2000,4179,0,26915880.000,0,-,-,-,-,3735.4000,3733.8000,3733.6000,3733.4000,3733.0000,3737.8000,3738.0000,3738.2000,3741.2000,3743.6000,1,1,1,1,1,1,1,1,4,1
SF,IF2012,2020-05-22 09:30:28.500,3737.2000,4179,0,26915880.000,0,-,-,-,-,3735.4000,3733.8000,3733.6000,3733.4000,3733.0000,3737.6000,3737.8000,3738.2000,3741.2000,3743.6000,1,1,1,1,1,1,1,1,4,1
SF,IF2012,2020-05-22 09:30:29.000,3737.2000,4179,0,26915880.000,0,-,-,-,-,3735.6000,3735.4000,3733.8000,3733.6000,3733.4000,3737.4000,3737.6000,3741.2000,3743.6000,3745.0000,1,1,1,1,1,1,1,4,1,5
SF,IF2012,2020-05-22 09:30:29.500,3737.2000,4179,0,26915880.000,0,-,-,-,-,3735.6000,3735.4000,3733.8000,3733.6000,3733.4000,3737.4000,3737.6000,3741.2000,3743.6000,3745.0000,1,1,1,1,1,1,1,2,1,5
SF,IF2012,2020-05-22 09:30:30.000,3737.2000,4179,0,26915880.000,0,-,-,-,-,3735.4000,3733.8000,3733.6000,3733.4000,3733.0000,3737.4000,3737.6000,3741.2000,3743.6000,3745.0000,1,1,1,1,1,1,1,2,1,5
SF,IF2012,2020-05-22 09:30:30.500,3737.2000,4179,0,26915880.000,0,-,-,-,-,3735.4000,3733.8000,3733.6000,3733.4000,3733.0000,3737.0000,3737.4000,3737.6000,3741.2000,3743.6000,1,1,1,1,1,1,1,1,2,1
SF,IF2012,2020-05-22 09:30:31.000,3737.2000,4179,0,26915880.000,0,-,-,-,-,3735.6000,3735.4000,3733.8000,3733.6000,3733.4000,3737.0000,3737.4000,3737.6000,3741.2000,3743.6000,1,1,1,1,1,1,1,1,2,1
SF,IF2012,2020-05-22 09:30:33.000,3737.2000,4179,0,26915880.000,0,-,-,-,-,3735.6000,3735.4000,3733.8000,3733.6000,3733.4000,3736.0000,3737.0000,3737.4000,3737.6000,3741.2000,1,1,1,1,1,20,1,1,1,2
SF,IF2012,2020-05-22 09:30:33.500,3735.4000,4178,-1,29157180.000,2,0,2,多平,S,3733.8000,3733.6000,3733.4000,3733.2000,3733.0000,3736.0000,3737.0000,3737.4000,3737.6000,3741.2000,1,1,1,1,1,23,1,1,1,2
SF,IF2012,2020-05-22 09:30:34.000,3735.4000,4178,0,29157180.000,0,-,-,-,-,3733.8000,3733.4000,3733.2000,3733.0000,3729.2000,3735.8000,3736.0000,3737.0000,3737.6000,3741.2000,1,1,1,1,2,1,23,1,1,1
SF,IF2012,2020-05-22 09:30:34.500,3735.4000,4178,0,29157180.000,0,-,-,-,-,3733.4000,3733.2000,3733.0000,3729.2000,3728.8000,3735.8000,3736.0000,3737.6000,3741.2000,3743.6000,1,1,1,2,2,1,23,1,1,1
SF,IF2012,2020-05-22 09:30:35.000,3735.4000,4178,0,29157180.000,0,-,-,-,-,3734.4000,3733.4000,3733.2000,3733.0000,3729.2000,3735.8000,3736.0000,3737.6000,3741.2000,3743.6000,1,1,1,1,2,1,23,1,1,1
SF,IF2012,2020-05-22 09:30:35.500,3735.8000,4177,-1,30277920.000,1,0,1,双平,S,3734.4000,3733.4000,3733.2000,3733.0000,3729.2000,3736.0000,3737.6000,3740.0000,3741.2000,3743.6000,1,1,1,1,2,23,1,1,1,1
SF,IF2012,2020-05-22 09:30:36.000,3735.8000,4177,0,30277920.000,0,-,-,-,-,3733.4000,3733.2000,3733.0000,3729.2000,3728.8000,3736.0000,3737.6000,3740.0000,3741.2000,3743.6000,1,1,1,2,2,23,1,1,1,1
SF,IF2012,2020-05-22 09:30:36.500,3735.8000,4177,0,30277920.000,0,-,-,-,-,3733.6000,3733.4000,3733.2000,3733.0000,3729.2000,3736.0000,3737.6000,3740.0000,3741.2000,3743.6000,3,1,1,1,2,23,1,1,1,1
SF,IF2012,2020-05-22 09:30:37.000,3736.0000,4177,0,31398720.000,1,0,1,多换,S,3733.6000,3733.4000,3733.2000,3733.0000,3729.2000,3736.0000,3737.6000,3740.0000,3741.2000,3743.6000,3,1,1,1,2,22,1,1,1,1
SF,IF2012,2020-05-22 09:30:38.500,3736.0000,4177,0,32519520.000,1,0,1,多换,S,3733.6000,3733.4000,3733.2000,3733.0000,3729.2000,3736.0000,3737.6000,3740.0000,3741.2000,3743.6000,3,1,1,1,2,21,1,1,1,1
SF,IF2012,2020-05-22 09:30:40.000,3736.0000,4177,0,32519520.000,0,-,-,-,-,3733.6000,3733.4000,3733.2000,3733.0000,3731.4000,3736.0000,3737.6000,3740.0000,3741.2000,3743.6000,3,1,1,1,1,21,1,1,1,1
SF,IF2012,2020-05-22 09:30:43.000,3736.0000,4177,0,32519520.000,0,-,-,-,-,3733.6000,3733.4000,3733.2000,3733.0000,3731.8000,3736.0000,3737.6000,3740.0000,3741.2000,3743.6000,3,1,1,1,1,21,1,1,1,1
SF,IF2012,2020-05-22 09:30:45.000,3736.0000,4177,0,32519520.000,0,-,-,-,-,3733.6000,3733.4000,3733.2000,3733.0000,3731.8000,3736.0000,3737.6000,3740.0000,3741.2000,3743.6000,3,1,1,1,1,24,1,1,1,1
SF,IF2012,2020-05-22 09:30:45.500,3736.0000,4177,0,32519520.000,0,-,-,-,-,3733.6000,3733.4000,3733.2000,3733.0000,3731.8000,3736.0000,3737.6000,3740.0000,3741.2000,3743.6000,3,1,1,2,1,24,1,1,1,1
SF,IF2012,2020-05-22 09:30:47.000,3736.0000,4177,0,32519520.000,0,-,-,-,-,3733.6000,3733.4000,3733.2000,3733.0000,3731.8000,3736.0000,3737.6000,3740.0000,3741.2000,3743.6000,3,1,1,2,1,24,1,1,1,1
SF,IF2012,2020-05-22 09:30:47.500,3736.0000,4177,0,32519520.000,0,-,-,-,-,3733.6000,3733.4000,3733.2000,3733.0000,3731.8000,3736.0000,3737.6000,3740.0000,3741.2000,3743.6000,3,1,1,2,1,24,1,1,1,1
SF,IF2012,2020-05-22 09:30:48.000,3736.0000,4177,0,32519520.000,0,-,-,-,-,3733.6000,3733.4000,3733.2000,3733.0000,3731.8000,3736.0000,3737.6000,3740.0000,3741.2000,3743.6000,2,1,1,2,1,24,1,1,1,1
SF,IF2012,2020-05-22 09:30:48.500,3736.0000,4177,0,32519520.000,0,-,-,-,-,3733.8000,3733.6000,3733.4000,3733.2000,3733.0000,3736.0000,3737.6000,3740.0000,3741.2000,3743.6000,2,2,1,1,2,24,1,1,1,1
SF,IF2012,2020-05-22 09:30:49.000,3736.0000,4177,0,32519520.000,0,-,-,-,-,3734.0000,3733.8000,3733.4000,3733.2000,3733.0000,3736.0000,3737.6000,3740.0000,3741.2000,3743.6000,2,2,1,1,2,24,1,1,1,1
SF,IF2012,2020-05-22 09:30:50.000,3736.0000,4177,0,32519520.000,0,-,-,-,-,3734.2000,3734.0000,3733.8000,3733.4000,3733.2000,3736.0000,3737.6000,3740.0000,3741.2000,3743.6000,1,2,2,1,1,24,1,1,1,1
SF,IF2012,2020-05-22 09:30:50.500,3736.0000,4177,0,32519520.000,0,-,-,-,-,3734.0000,3733.8000,3733.4000,3733.2000,3733.0000,3736.0000,3737.6000,3740.0000,3741.2000,3743.6000,2,2,1,1,2,24,1,1,1,1
SF,IF2012,2020-05-22 09:30:51.000,3736.0000,4177,0,32519520.000,0,-,-,-,-,3734.0000,3733.4000,3733.2000,3733.0000,3731.8000,3736.0000,3737.6000,3740.0000,3741.2000,3743.6000,2,1,1,2,2,24,1,1,1,1
SF,IF2012,2020-05-22 09:30:52.000,3736.0000,4177,0,32519520.000,0,-,-,-,-,3734.0000,3733.4000,3733.2000,3733.0000,3731.8000,3735.8000,3736.0000,3737.6000,3740.0000,3741.2000,2,1,1,2,2,1,24,1,1,1
SF,IF2012,2020-05-22 09:30:52.500,3736.0000,4177,0,32519520.000,0,-,-,-,-,3734.0000,3733.4000,3733.2000,3733.0000,3731.8000,3735.8000,3736.0000,3737.6000,3740.0000,3741.2000,1,1,1,2,2,1,24,1,1,1
SF,IF2012,2020-05-22 09:30:53.000,3736.0000,4177,0,32519520.000,0,-,-,-,-,3734.0000,3733.4000,3733.2000,3733.0000,3731.8000,3735.8000,3736.0000,3737.6000,3740.0000,3741.2000,1,1,1,2,2,1,24,1,1,1
SF,IF2012,2020-05-22 09:30:53.500,3736.0000,4177,0,32519520.000,0,-,-,-,-,3734.0000,3733.4000,3733.2000,3733.0000,3731.8000,3735.8000,3736.0000,3737.6000,3740.0000,3741.2000,1,1,1,2,1,1,24,1,1,1
SF,IF2012,2020-05-22 09:30:54.000,3736.0000,4177,0,32519520.000,0,-,-,-,-,3734.0000,3733.4000,3733.2000,3733.0000,3731.8000,3735.8000,3736.0000,3737.6000,3740.0000,3741.2000,1,1,1,2,1,1,24,1,1,1
SF,IF2012,2020-05-22 09:30:54.500,3736.0000,4177,0,32519520.000,0,-,-,-,-,3734.0000,3733.4000,3733.2000,3733.0000,3731.8000,3735.8000,3736.0000,3737.6000,3740.0000,3741.2000,1,1,1,2,1,1,24,1,1,1
SF,IF2012,2020-05-22 09:30:55.500,3736.0000,4177,0,32519520.000,0,-,-,-,-,3734.0000,3733.4000,3733.2000,3733.0000,3731.8000,3735.8000,3736.0000,3737.6000,3740.0000,3741.2000,1,1,1,2,1,1,24,1,1,1
SF,IF2012,2020-05-22 09:30:56.000,3736.0000,4177,0,32519520.000,0,-,-,-,-,3734.0000,3733.4000,3733.2000,3733.0000,3731.8000,3735.8000,3736.0000,3737.6000,3740.0000,3741.2000,1,1,2,2,1,1,24,1,1,1
SF,IF2012,2020-05-22 09:30:57.000,3736.0000,4177,0,32519520.000,0,-,-,-,-,3734.0000,3733.4000,3733.2000,3733.0000,3731.2000,3735.8000,3736.0000,3737.6000,3740.0000,3741.2000,1,1,2,2,1,1,24,1,1,1
SF,IF2012,2020-05-22 09:30:57.500,3736.0000,4177,0,32519520.000,0,-,-,-,-,3734.2000,3734.0000,3733.4000,3733.2000,3733.0000,3735.8000,3736.0000,3737.6000,3740.0000,3741.2000,1,1,1,2,2,1,24,1,1,1
SF,IF2012,2020-05-22 09:30:58.000,3736.0000,4177,0,32519520.000,0,-,-,-,-,3734.2000,3734.0000,3733.4000,3733.2000,3733.0000,3735.8000,3736.0000,3737.6000,3740.0000,3741.2000,1,1,1,2,2,1,24,1,1,1
SF,IF2012,2020-05-22 09:30:59.000,3736.0000,4177,0,32519520.000,0,-,-,-,-,3734.0000,3733.4000,3733.2000,3733.0000,3732.0000,3735.8000,3736.0000,3737.6000,3740.0000,3741.2000,1,1,2,2,1,1,24,1,1,1
SF,IF2012,2020-05-22 09:31:00.000,3736.0000,4177,0,32519520.000,0,-,-,-,-,3734.0000,3733.4000,3733.2000,3733.0000,3732.0000,3735.6000,3735.8000,3736.0000,3737.6000,3740.0000,1,1,2,2,1,1,1,24,1,1
SF,IF2012,2020-05-22 09:31:00.500,3736.0000,4177,0,32519520.000,0,-,-,-,-,3734.0000,3733.4000,3733.2000,3733.0000,3732.0000,3735.6000,3735.8000,3736.0000,3737.6000,3740.0000,1,1,2,1,1,1,1,24,1,1
SF,IF2012,2020-05-22 09:31:01.500,3736.0000,4177,0,32519520.000,0,-,-,-,-,3734.2000,3734.0000,3733.4000,3733.2000,3733.0000,3735.6000,3735.8000,3736.0000,3737.6000,3740.0000,1,1,1,2,1,1,1,24,1,1
SF,IF2012,2020-05-22 09:31:02.000,3736.0000,4177,0,32519520.000,0,-,-,-,-,3734.2000,3734.0000,3733.4000,3733.2000,3733.0000,3735.4000,3735.6000,3735.8000,3736.0000,3737.6000,1,1,1,2,1,1,1,1,24,1
SF,IF2012,2020-05-22 09:31:02.500,3736.0000,4177,0,32519520.000,0,-,-,-,-,3734.2000,3733.4000,3733.2000,3733.0000,3732.2000,3735.4000,3735.6000,3735.8000,3736.0000,3737.6000,1,1,2,1,1,1,1,1,24,1
SF,IF2012,2020-05-22 09:31:03.000,3736.0000,4177,0,32519520.000,0,-,-,-,-,3734.2000,3733.4000,3733.2000,3733.0000,3732.0000,3735.4000,3735.6000,3735.8000,3736.0000,3737.6000,1,1,2,1,1,1,1,1,24,1
SF,IF2012,2020-05-22 09:31:03.500,3734.2000,4176,-1,33639780.000,1,0,1,双平,S,3733.2000,3733.0000,3731.2000,3730.8000,3730.6000,3735.4000,3735.6000,3736.0000,3737.6000,3740.0000,2,1,1,1,3,1,1,84,1,1
SF,IF2012,2020-05-22 09:31:04.000,3734.2000,4176,0,33639780.000,0,-,-,-,-,3733.4000,3733.2000,3732.2000,3731.2000,3730.8000,3735.4000,3735.6000,3736.0000,3737.6000,3740.0000,1,2,1,1,1,1,1,119,1,1
SF,IF2012,2020-05-22 09:31:04.500,3734.2000,4176,0,33639780.000,0,-,-,-,-,3733.4000,3733.2000,3732.2000,3731.2000,3730.8000,3735.4000,3735.6000,3736.0000,3737.6000,3740.0000,1,1,1,1,1,1,1,119,1,1
SF,IF2012,2020-05-22 09:31:05.000,3734.2000,4176,0,33639780.000,0,-,-,-,-,3733.4000,3733.2000,3732.2000,3731.2000,3730.8000,3735.2000,3735.4000,3735.6000,3736.0000,3740.0000,1,1,1,1,1,1,1,1,119,1
SF,IF2012,2020-05-22 09:31:05.500,3734.2000,4176,0,33639780.000,0,-,-,-,-,3733.4000,3733.2000,3732.2000,3731.2000,3730.8000,3735.0000,3735.2000,3736.0000,3740.0000,3741.2000,1,1,1,1,1,1,2,119,1,1
SF,IF2012,2020-05-22 09:31:06.000,3734.2000,4176,0,33639780.000,0,-,-,-,-,3733.4000,3733.2000,3732.2000,3731.2000,3730.8000,3735.0000,3735.2000,3736.0000,3740.0000,3741.2000,1,1,1,1,1,1,2,119,1,1
SF,IF2012,2020-05-22 09:31:06.500,3734.2000,4176,0,33639780.000,0,-,-,-,-,3733.4000,3733.2000,3732.2000,3731.2000,3730.8000,3735.0000,3735.2000,3736.0000,3740.0000,3741.2000,1,1,1,1,1,1,2,119,1,1
SF,IF2012,2020-05-22 09:31:07.000,3733.4000,4175,-1,34759800.000,1,0,1,双平,S,3733.2000,3732.2000,3731.2000,3730.8000,3729.2000,3735.0000,3735.2000,3736.0000,3740.0000,3741.2000,1,1,1,1,2,1,2,119,1,1
SF,IF2012,2020-05-22 09:31:07.500,3733.2000,4174,-1,35879760.000,1,0,1,双平,S,3730.8000,3729.4000,3729.2000,3728.8000,3728.6000,3734.8000,3735.0000,3736.0000,3740.0000,3741.2000,1,1,2,2,3,2,1,119,1,1
SF,IF2012,2020-05-22 09:31:08.000,3733.2000,4174,0,35879760.000,0,-,-,-,-,3731.4000,3731.0000,3729.4000,3729.2000,3728.8000,3734.6000,3734.8000,3736.0000,3740.0000,3741.2000,1,2,1,2,2,2,2,119,1,1
SF,IF2012,2020-05-22 09:31:08.500,3733.2000,4174,0,35879760.000,0,-,-,-,-,3731.6000,3731.4000,3731.0000,3729.4000,3729.2000,3734.4000,3734.6000,3734.8000,3736.0000,3740.0000,1,1,1,1,2,1,2,1,119,1
SF,IF2012,2020-05-22 09:31:09.000,3733.2000,4174,0,35879760.000,0,-,-,-,-,3729.4000,3729.2000,3728.8000,3728.6000,3728.2000,3734.2000,3734.4000,3734.8000,3736.0000,3740.0000,1,2,2,3,2,2,1,1,119,1
SF,IF2012,2020-05-22 09:31:09.500,3733.2000,4174,0,35879760.000,0,-,-,-,-,3729.6000,3729.2000,3728.8000,3728.6000,3728.2000,3734.0000,3734.2000,3734.8000,3736.0000,3740.0000,3,2,2,3,2,1,2,1,119,1
SF,IF2012,2020-05-22 09:31:10.000,3733.2000,4174,0,35879760.000,0,-,-,-,-,3729.6000,3729.2000,3729.0000,3728.8000,3728.6000,3733.8000,3734.0000,3736.0000,3740.0000,3741.2000,3,2,1,2,1,2,2,119,1,1
SF,IF2012,2020-05-22 09:31:10.500,3733.2000,4174,0,35879760.000,0,-,-,-,-,3729.6000,3729.2000,3729.0000,3728.8000,3728.6000,3733.4000,3733.6000,3733.8000,3734.0000,3736.0000,3,2,1,2,1,1,1,2,1,119
SF,IF2012,2020-05-22 09:31:11.000,3733.2000,4174,0,35879760.000,0,-,-,-,-,3729.6000,3729.2000,3729.0000,3728.8000,3728.6000,3733.2000,3733.4000,3734.0000,3736.0000,3740.0000,3,2,1,2,1,3,1,1,119,1
SF,IF2012,2020-05-22 09:31:11.500,3733.2000,4174,0,35879760.000,0,-,-,-,-,3729.6000,3729.2000,3729.0000,3728.8000,3728.6000,3733.0000,3733.2000,3736.0000,3740.0000,3741.2000,3,2,1,2,1,1,3,119,1,1
SF,IF2012,2020-05-22 09:31:12.000,3733.2000,4174,0,35879760.000,0,-,-,-,-,3729.6000,3729.2000,3729.0000,3728.8000,3728.6000,3732.8000,3733.0000,3733.2000,3736.0000,3740.0000,3,2,1,2,1,2,1,1,119,1
SF,IF2012,2020-05-22 09:31:13.000,3733.2000,4174,0,35879760.000,0,-,-,-,-,3729.6000,3729.2000,3729.0000,3728.8000,3728.6000,3732.8000,3733.0000,3733.2000,3736.0000,3740.0000,3,2,1,2,1,2,1,1,119,1
SF,IF2012,2020-05-22 09:31:13.500,3733.2000,4174,0,35879760.000,0,-,-,-,-,3729.6000,3729.2000,3729.0000,3728.8000,3728.6000,3732.8000,3733.0000,3733.2000,3736.0000,3740.0000,3,2,1,2,1,1,1,1,119,1
SF,IF2012,2020-05-22 09:31:14.000,3733.2000,4174,0,35879760.000,0,-,-,-,-,3729.6000,3729.0000,3728.8000,3728.6000,3728.2000,3732.6000,3732.8000,3733.0000,3736.0000,3740.0000,2,1,3,1,2,2,1,1,119,1
SF,IF2012,2020-05-22 09:31:14.500,3733.2000,4174,0,35879760.000,0,-,-,-,-,3729.6000,3728.8000,3728.6000,3728.2000,3728.0000,3732.4000,3732.6000,3733.0000,3735.0000,3736.0000,1,1,1,2,1,1,2,1,3,119
SF,IF2012,2020-05-22 09:31:15.000,3733.2000,4174,0,35879760.000,0,-,-,-,-,3729.6000,3728.6000,3728.2000,3728.0000,3727.8000,3732.2000,3732.4000,3732.6000,3733.0000,3735.0000,1,1,2,1,1,1,1,1,1,3
SF,IF2012,2020-05-22 09:31:15.500,3733.2000,4174,0,35879760.000,0,-,-,-,-,3728.6000,3728.2000,3728.0000,3727.8000,3725.4000,3732.0000,3732.2000,3732.6000,3733.0000,3735.0000,1,2,1,1,1,1,1,1,1,3
SF,IF2012,2020-05-22 09:31:16.000,3733.2000,4174,0,35879760.000,0,-,-,-,-,3728.8000,3728.6000,3728.2000,3728.0000,3727.8000,3731.8000,3732.0000,3732.6000,3733.0000,3735.0000,4,1,2,1,1,1,1,1,1,3
SF,IF2012,2020-05-22 09:31:16.500,3733.2000,4174,0,35879760.000,0,-,-,-,-,3728.8000,3728.6000,3728.2000,3728.0000,3727.8000,3731.6000,3731.8000,3732.6000,3733.0000,3735.0000,4,1,2,1,1,1,1,1,1,3
SF,IF2012,2020-05-22 09:31:17.000,3733.2000,4174,0,35879760.000,0,-,-,-,-,3728.8000,3728.6000,3728.2000,3728.0000,3727.8000,3731.4000,3731.6000,3732.6000,3733.0000,3735.0000,4,1,2,1,1,1,1,1,1,3
SF,IF2012,2020-05-22 09:31:17.500,3733.2000,4174,0,35879760.000,0,-,-,-,-,3728.8000,3728.6000,3728.2000,3728.0000,3727.8000,3731.2000,3731.4000,3732.6000,3733.0000,3735.0000,4,1,2,1,1,1,1,1,1,3
SF,IF2012,2020-05-22 09:31:18.000,3733.2000,4174,0,35879760.000,0,-,-,-,-,3728.8000,3728.6000,3728.2000,3728.0000,3725.4000,3731.0000,3731.2000,3732.6000,3733.0000,3735.0000,4,1,2,1,1,1,1,1,1,3
SF,IF2012,2020-05-22 09:31:18.500,3731.0000,4173,-1,36999060.000,1,0,1,双平,S,3729.0000,3728.8000,3728.6000,3728.2000,3728.0000,3731.2000,3732.6000,3733.0000,3735.0000,3736.0000,1,4,1,2,1,1,1,1,3,119
SF,IF2012,2020-05-22 09:31:19.000,3731.0000,4173,0,36999060.000,0,-,-,-,-,3729.2000,3729.0000,3728.8000,3728.6000,3728.2000,3731.2000,3732.6000,3733.0000,3735.0000,3736.0000,1,1,2,1,2,1,1,1,3,119
SF,IF2012,2020-05-22 09:31:19.500,3731.0000,4173,0,36999060.000,0,-,-,-,-,3729.4000,3729.2000,3728.8000,3728.6000,3728.2000,3731.2000,3732.6000,3733.0000,3735.0000,3736.0000,1,3,2,1,2,1,1,1,3,119
SF,IF2012,2020-05-22 09:31:20.000,3731.0000,4173,0,36999060.000,0,-,-,-,-,3729.6000,3729.4000,3728.8000,3728.6000,3728.2000,3731.0000,3731.2000,3732.6000,3735.0000,3736.0000,1,1,2,1,2,1,1,1,3,119
SF,IF2012,2020-05-22 09:31:20.500,3731.2000,4171,-2,39237720.000,2,0,2,双平,S,3729.6000,3729.4000,3728.8000,3728.6000,3728.2000,3732.6000,3735.0000,3736.0000,3740.0000,3741.2000,1,1,2,1,2,1,3,119,1,1
SF,IF2012,2020-05-22 09:31:21.000,3731.2000,4171,0,39237720.000,0,-,-,-,-,3729.8000,3729.6000,3728.8000,3728.6000,3728.2000,3732.4000,3735.0000,3736.0000,3740.0000,3741.2000,4,1,2,1,2,1,3,119,1,1
SF,IF2012,2020-05-22 09:31:21.500,3731.2000,4171,0,39237720.000,0,-,-,-,-,3730.0000,3729.8000,3728.8000,3728.6000,3728.2000,3732.4000,3735.0000,3736.0000,3740.0000,3741.2000,1,4,2,1,2,1,3,119,1,1
SF,IF2012,2020-05-22 09:31:22.000,3731.2000,4171,0,39237720.000,0,-,-,-,-,3730.6000,3730.2000,3730.0000,3729.8000,3728.8000,3732.4000,3735.0000,3736.0000,3740.0000,3741.2000,1,3,1,2,2,1,3,119,1,1
SF,IF2012,2020-05-22 09:31:23.000,3731.2000,4171,0,39237720.000,0,-,-,-,-,3730.6000,3730.2000,3730.0000,3729.8000,3728.8000,3732.4000,3735.0000,3736.0000,3740.0000,3741.2000,1,2,1,2,2,1,3,119,1,1
SF,IF2012,2020-05-22 09:31:23.500,3731.2000,4171,0,39237720.000,0,-,-,-,-,3730.6000,3730.2000,3730.0000,3729.8000,3728.8000,3732.4000,3735.0000,3736.0000,3740.0000,3741.2000,1,1,1,2,2,1,3,119,1,1
SF,IF2012,2020-05-22 09:31:24.000,3731.2000,4171,0,39237720.000,0,-,-,-,-,3730.6000,3730.2000,3730.0000,3728.8000,3728.6000,3732.4000,3735.0000,3736.0000,3740.0000,3741.2000,1,1,1,2,1,1,3,119,1,1
SF,IF2012,2020-05-22 09:31:25.500,3730.0000,4172,1,42594960.000,3,2,1,空开,S,3728.8000,3728.6000,3728.2000,3728.0000,3725.4000,3730.0000,3732.4000,3735.0000,3736.0000,3740.0000,2,1,2,1,1,16,1,3,119,1
SF,IF2012,2020-05-22 09:31:26.000,3730.0000,4173,1,56022960.000,12,6,6,空开,S,3729.0000,3728.6000,3728.2000,3728.0000,3725.4000,3730.0000,3730.6000,3732.4000,3735.0000,3736.0000,1,1,2,1,1,4,1,1,3,119
SF,IF2012,2020-05-22 09:31:26.500,3730.0000,4174,1,57141960.000,1,1,0,双开,S,3729.0000,3728.6000,3728.2000,3728.0000,3725.4000,3730.0000,3730.6000,3732.4000,3735.0000,3736.0000,3,1,2,1,1,3,1,1,3,116
SF,IF2012,2020-05-22 09:31:27.000,3730.0000,4176,2,59379960.000,2,2,0,双开,S,3729.2000,3729.0000,3728.6000,3728.2000,3728.0000,3730.0000,3730.6000,3732.4000,3735.0000,3736.0000,1,1,1,2,1,1,1,1,3,116
SF,IF2012,2020-05-22 09:31:27.500,3730.0000,4176,0,60498960.000,1,0,1,多换,S,3730.0000,3729.4000,3729.2000,3729.0000,3728.6000,3730.6000,3732.4000,3735.0000,3736.0000,3740.0000,2,2,3,1,1,1,1,3,116,1
SF,IF2012,2020-05-22 09:31:28.500,3730.6000,4176,0,61618140.000,1,0,1,多换,S,3729.4000,3729.2000,3729.0000,3728.6000,3728.2000,3732.4000,3735.0000,3736.0000,3740.0000,3741.2000,2,3,1,1,2,1,3,116,1,1
SF,IF2012,2020-05-22 09:31:29.000,3730.6000,4176,0,61618140.000,0,-,-,-,-,3730.2000,3729.6000,3729.4000,3729.2000,3728.6000,3732.2000,3732.4000,3735.0000,3736.0000,3740.0000,1,2,2,4,2,1,1,3,116,1
SF,IF2012,2020-05-22 09:31:29.500,3730.6000,4176,0,61618140.000,0,-,-,-,-,3730.2000,3729.6000,3729.4000,3729.2000,3728.6000,3732.0000,3732.2000,3735.0000,3736.0000,3740.0000,1,3,2,4,2,1,1,3,116,1
SF,IF2012,2020-05-22 09:31:30.000,3730.6000,4176,0,61618140.000,0,-,-,-,-,3730.2000,3729.6000,3729.4000,3729.2000,3728.6000,3731.8000,3732.0000,3732.2000,3735.0000,3736.0000,1,3,2,4,2,2,1,1,3,116
SF,IF2012,2020-05-22 09:31:30.500,3730.6000,4176,0,61618140.000,0,-,-,-,-,3730.2000,3729.6000,3729.4000,3729.2000,3728.6000,3731.6000,3732.0000,3732.2000,3735.0000,3736.0000,1,3,2,4,2,2,1,1,3,116
SF,IF2012,2020-05-22 09:31:31.000,3730.6000,4176,0,61618140.000,0,-,-,-,-,3730.2000,3729.6000,3729.4000,3729.2000,3728.6000,3731.4000,3732.2000,3735.0000,3736.0000,3740.0000,1,3,2,4,2,1,1,3,116,1
SF,IF2012,2020-05-22 09:31:32.000,3730.6000,4176,0,61618140.000,0,-,-,-,-,3729.6000,3729.4000,3729.2000,3728.6000,3728.2000,3731.4000,3732.2000,3735.0000,3736.0000,3740.0000,2,2,3,2,2,1,1,3,116,1
SF,IF2012,2020-05-22 09:31:32.500,3730.6000,4176,0,61618140.000,0,-,-,-,-,3729.6000,3729.4000,3729.2000,3729.0000,3728.6000,3731.4000,3732.2000,3735.0000,3736.0000,3740.0000,1,2,3,1,1,1,1,3,116,1
SF,IF2012,2020-05-22 09:31:33.000,3730.6000,4176,0,61618140.000,0,-,-,-,-,3729.2000,3729.0000,3728.6000,3728.2000,3728.0000,3731.0000,3731.4000,3732.2000,3735.0000,3736.0000,3,1,1,2,1,1,1,1,3,116
SF,IF2012,2020-05-22 09:31:33.500,3730.6000,4176,0,61618140.000,0,-,-,-,-,3729.4000,3729.2000,3729.0000,3728.6000,3728.2000,3731.0000,3731.4000,3732.2000,3735.0000,3736.0000,1,3,1,1,2,1,1,1,3,116
SF,IF2012,2020-05-22 09:31:34.000,3730.6000,4176,0,61618140.000,0,-,-,-,-,3729.4000,3729.2000,3729.0000,3728.6000,3728.2000,3730.8000,3731.0000,3732.2000,3735.0000,3736.0000,1,3,1,1,2,1,1,1,3,116
SF,IF2012,2020-05-22 09:31:36.500,3730.6000,4176,0,61618140.000,0,-,-,-,-,3729.6000,3729.4000,3729.2000,3729.0000,3728.6000,3730.8000,3731.0000,3732.2000,3735.0000,3736.0000,1,1,3,1,1,1,1,1,3,116
SF,IF2012,2020-05-22 09:31:37.000,3730.6000,4176,0,61618140.000,0,-,-,-,-,3729.8000,3729.4000,3729.2000,3729.0000,3728.6000,3730.8000,3731.0000,3735.0000,3736.0000,3740.0000,1,1,3,1,1,1,1,3,116,1
SF,IF2012,2020-05-22 09:31:40.000,3730.8000,4175,-1,62737380.000,1,0,1,双平,S,3729.8000,3729.4000,3729.2000,3729.0000,3728.6000,3731.0000,3735.0000,3736.0000,3740.0000,3741.2000,1,1,3,1,1,1,3,116,1,1
SF,IF2012,2020-05-22 09:31:41.000,3730.8000,4175,0,62737380.000,0,-,-,-,-,3729.2000,3729.0000,3728.6000,3728.2000,3728.0000,3731.0000,3735.0000,3736.0000,3740.0000,3741.2000,1,1,1,2,1,1,3,116,1,1
SF,IF2012,2020-05-22 09:31:41.500,3730.8000,4175,0,62737380.000,0,-,-,-,-,3730.0000,3729.2000,3729.0000,3728.6000,3728.2000,3731.0000,3735.0000,3736.0000,3740.0000,3741.2000,1,1,1,1,2,1,3,116,1,1
SF,IF2012,2020-05-22 09:31:42.500,3730.0000,4174,-1,63856380.000,1,0,1,双平,S,3729.2000,3729.0000,3728.6000,3728.2000,3728.0000,3731.0000,3735.0000,3736.0000,3740.0000,3741.2000,1,1,1,2,1,1,3,116,1,1
SF,IF2012,2020-05-22 09:31:43.000,3730.0000,4174,0,63856380.000,0,-,-,-,-,3729.2000,3729.0000,3728.6000,3728.2000,3728.0000,3730.8000,3731.0000,3735.0000,3736.0000,3740.0000,1,1,1,2,1,1,1,3,116,1
SF,IF2012,2020-05-22 09:31:43.500,3730.0000,4174,0,63856380.000,0,-,-,-,-,3729.2000,3729.0000,3728.6000,3728.2000,3728.0000,3730.8000,3731.0000,3735.0000,3736.0000,3740.0000,1,1,1,2,1,1,1,8,116,1
SF,IF2012,2020-05-22 09:31:46.000,3730.0000,4174,0,63856380.000,0,-,-,-,-,3729.2000,3729.0000,3728.6000,3728.2000,3728.0000,3730.8000,3731.0000,3735.0000,3736.0000,3740.0000,1,1,1,2,1,1,1,3,116,6
SF,IF2012,2020-05-22 09:31:49.500,3730.0000,4174,0,63856380.000,0,-,-,-,-,3729.2000,3729.0000,3728.8000,3728.6000,3728.2000,3730.8000,3731.0000,3735.0000,3736.0000,3740.0000,1,1,1,1,2,1,1,3,116,6
SF,IF2012,2020-05-22 09:31:51.000,3730.0000,4174,0,63856380.000,0,-,-,-,-,3729.4000,3729.2000,3729.0000,3728.8000,3728.6000,3730.0000,3730.8000,3731.0000,3735.0000,3736.0000,1,1,1,1,1,20,1,1,3,116
SF,IF2012,2020-05-22 09:31:51.500,3730.0000,4174,0,63856380.000,0,-,-,-,-,3729.2000,3729.0000,3728.8000,3728.6000,3728.2000,3730.0000,3730.8000,3731.0000,3735.0000,3736.0000,1,1,1,1,2,50,1,1,3,116
SF,IF2012,2020-05-22 09:31:52.500,3730.0000,4174,0,63856380.000,0,-,-,-,-,3729.2000,3729.0000,3728.8000,3728.6000,3728.2000,3730.0000,3730.8000,3731.0000,3735.0000,3736.0000,1,1,1,1,2,50,1,1,3,116
SF,IF2012,2020-05-22 09:31:53.500,3730.0000,4174,0,63856380.000,0,-,-,-,-,3729.2000,3729.0000,3728.8000,3728.6000,3728.2000,3730.0000,3730.8000,3731.0000,3735.0000,3736.0000,1,1,1,1,2,50,1,1,3,116
SF,IF2012,2020-05-22 09:31:54.000,3730.0000,4174,0,63856380.000,0,-,-,-,-,3729.2000,3729.0000,3728.8000,3728.6000,3728.2000,3729.8000,3730.0000,3730.8000,3731.0000,3735.0000,1,1,1,1,2,1,50,1,1,3
SF,IF2012,2020-05-22 09:31:55.000,3729.0000,4172,-2,66093840.000,2,0,2,双平,S,3729.0000,3728.8000,3728.6000,3728.2000,3728.0000,3729.8000,3730.0000,3730.8000,3731.0000,3735.0000,1,1,1,2,1,1,50,1,1,3
SF,IF2012,2020-05-22 09:31:55.500,3729.0000,4173,1,67212540.000,1,1,0,双开,S,3728.8000,3728.6000,3728.2000,3728.0000,3727.0000,3729.8000,3730.0000,3730.8000,3731.0000,3736.0000,1,1,2,1,1,2,50,1,1,116
SF,IF2012,2020-05-22 09:31:56.000,3729.0000,4173,0,68331240.000,1,0,1,多换,S,3728.8000,3728.0000,3727.0000,3725.0000,3724.0000,3729.8000,3730.0000,3730.8000,3731.0000,3736.0000,1,1,1,5,1,2,50,1,1,116
SF,IF2012,2020-05-22 09:31:56.500,3728.8000,4173,0,69449880.000,1,0,1,多换,S,3728.0000,3727.0000,3725.0000,3724.0000,3723.2000,3729.6000,3729.8000,3730.0000,3730.8000,3731.0000,1,1,5,1,5,1,2,50,1,1
SF,IF2012,2020-05-22 09:31:57.000,3728.8000,4173,0,69449880.000,0,-,-,-,-,3728.0000,3727.0000,3725.0000,3724.0000,3723.2000,3728.2000,3729.6000,3729.8000,3730.0000,3730.8000,1,1,5,1,5,1,1,2,50,1
SF,IF2012,2020-05-22 09:31:57.500,3728.4000,4174,1,70568400.000,1,1,0,双开,S,3728.0000,3725.0000,3724.0000,3723.2000,3720.4000,3729.8000,3730.0000,3730.8000,3731.0000,3736.0000,1,5,1,5,3,2,50,1,1,116
SF,IF2012,2020-05-22 09:31:58.000,3728.4000,4174,0,70568400.000,0,-,-,-,-,3728.0000,3725.0000,3724.0000,3723.2000,3720.4000,3729.6000,3729.8000,3730.0000,3731.0000,3736.0000,1,5,1,5,3,2,2,50,1,116
SF,IF2012,2020-05-22 09:31:58.500,3728.4000,4174,0,70568400.000,0,-,-,-,-,3728.0000,3726.4000,3725.0000,3724.0000,3723.2000,3729.6000,3729.8000,3730.0000,3731.0000,3736.0000,1,1,5,1,5,2,2,50,1,116
SF,IF2012,2020-05-22 09:32:00.000,3728.4000,4174,0,70568400.000,0,-,-,-,-,3728.2000,3728.0000,3726.6000,3726.4000,3725.0000,3729.6000,3729.8000,3730.0000,3731.0000,3736.0000,1,1,1,1,5,2,2,50,1,116
SF,IF2012,2020-05-22 09:32:00.500,3728.4000,4174,0,70568400.000,0,-,-,-,-,3728.0000,3726.6000,3726.4000,3725.0000,3724.0000,3729.4000,3729.6000,3729.8000,3730.0000,3731.0000,1,1,1,5,1,1,2,2,50,1
SF,IF2012,2020-05-22 09:32:01.000,3728.0000,4174,0,71686800.000,1,0,1,多换,S,3726.6000,3726.4000,3725.0000,3724.0000,3723.2000,3729.2000,3729.6000,3729.8000,3730.0000,3731.0000,1,1,5,1,5,3,1,2,50,1
SF,IF2012,2020-05-22 09:32:01.500,3728.0000,4174,0,71686800.000,0,-,-,-,-,3726.8000,3726.6000,3724.0000,3723.2000,3720.6000,3729.0000,3729.2000,3729.4000,3729.8000,3730.0000,1,1,1,5,2,1,2,1,2,50
SF,IF2012,2020-05-22 09:32:02.000,3728.0000,4174,0,71686800.000,0,-,-,-,-,3723.2000,3720.6000,3720.4000,3720.0000,3710.0000,3728.8000,3729.0000,3729.2000,3729.4000,3729.8000,5,2,3,5,1,2,1,1,1,2
SF,IF2012,2020-05-22 09:32:02.500,3728.0000,4174,0,71686800.000,0,-,-,-,-,3723.6000,3723.4000,3723.2000,3720.6000,3720.4000,3728.6000,3728.8000,3729.2000,3729.4000,3729.8000,8,3,5,2,3,3,1,1,1,2
SF,IF2012,2020-05-22 09:32:03.000,3728.0000,4174,0,71686800.000,0,-,-,-,-,3723.8000,3723.6000,3723.2000,3720.6000,3720.4000,3728.4000,3728.6000,3729.2000,3729.4000,3729.8000,3,8,3,2,3,2,2,1,1,2
SF,IF2012,2020-05-22 09:32:03.500,3728.0000,4174,0,71686800.000,0,-,-,-,-,3723.8000,3723.6000,3723.0000,3720.6000,3720.4000,3728.2000,3728.4000,3728.6000,3729.2000,3729.4000,3,8,1,2,3,2,1,1,1,1
SF,IF2012,2020-05-22 09:32:04.000,3728.0000,4174,0,71686800.000,0,-,-,-,-,3724.6000,3723.8000,3723.0000,3720.6000,3720.4000,3728.0000,3728.2000,3728.6000,3729.2000,3729.4000,1,3,1,2,3,3,1,1,1,1
SF,IF2012,2020-05-22 09:32:04.500,3728.0000,4174,0,71686800.000,0,-,-,-,-,3724.6000,3723.8000,3723.0000,3720.6000,3720.4000,3727.8000,3728.0000,3729.2000,3729.4000,3729.8000,1,3,1,2,3,2,2,1,1,2
SF,IF2012,2020-05-22 09:32:05.000,3728.0000,4174,0,71686800.000,0,-,-,-,-,3724.6000,3723.8000,3723.0000,3720.6000,3720.4000,3727.4000,3727.6000,3727.8000,3728.0000,3729.4000,1,2,1,2,3,1,2,1,1,1
SF,IF2012,2020-05-22 09:32:05.500,3728.0000,4174,0,71686800.000,0,-,-,-,-,3723.8000,3723.0000,3722.2000,3720.6000,3720.0000,3727.2000,3729.4000,3729.8000,3730.0000,3731.0000,2,1,1,2,5,4,1,2,50,1
SF,IF2012,2020-05-22 09:32:06.000,3728.0000,4174,0,71686800.000,0,-,-,-,-,3724.0000,3722.2000,3720.6000,3720.0000,3719.6000,3727.0000,3727.2000,3729.4000,3729.8000,3730.0000,2,1,3,5,2,1,3,1,2,50
SF,IF2012,2020-05-22 09:32:06.500,3728.0000,4174,0,71686800.000,0,-,-,-,-,3724.0000,3723.8000,3722.2000,3721.2000,3720.6000,3726.8000,3727.2000,3729.4000,3729.8000,3730.0000,2,1,1,1,3,3,2,1,2,50
SF,IF2012,2020-05-22 09:32:07.000,3728.0000,4174,0,71686800.000,0,-,-,-,-,3725.8000,3724.0000,3722.2000,3721.2000,3720.6000,3726.6000,3726.8000,3727.2000,3729.8000,3730.0000,1,2,1,1,3,1,2,2,2,50
SF,IF2012,2020-05-22 09:32:07.500,3725.8000,4174,0,72804540.000,1,0,1,多换,S,3724.0000,3722.2000,3721.2000,3720.6000,3720.0000,3726.4000,3726.6000,3726.8000,3727.2000,3729.8000,1,1,1,3,5,1,1,1,1,2
SF,IF2012,2020-05-22 09:32:08.000,3725.8000,4174,0,72804540.000,0,-,-,-,-,3724.2000,3724.0000,3722.2000,3721.2000,3720.6000,3726.2000,3726.4000,3726.6000,3726.8000,3729.8000,1,1,1,1,3,1,1,1,1,1
SF,IF2012,2020-05-22 09:32:08.500,3725.8000,4174,0,72804540.000,0,-,-,-,-,3724.4000,3724.0000,3722.2000,3721.2000,3720.6000,3726.2000,3726.4000,3726.8000,3729.8000,3730.0000,1,1,1,1,3,1,1,1,1,50
SF,IF2012,2020-05-22 09:32:09.000,3725.8000,4174,0,72804540.000,0,-,-,-,-,3724.6000,3724.4000,3724.0000,3722.2000,3721.2000,3726.2000,3726.4000,3726.8000,3729.8000,3730.0000,1,1,1,1,1,1,1,1,1,50
SF,IF2012,2020-05-22 09:32:09.500,3725.8000,4174,0,72804540.000,0,-,-,-,-,3724.8000,3724.6000,3724.0000,3722.8000,3722.2000,3726.2000,3726.4000,3726.8000,3729.8000,3730.0000,2,1,1,1,1,1,1,1,1,50
SF,IF2012,2020-05-22 09:32:10.000,3725.8000,4174,0,72804540.000,0,-,-,-,-,3724.8000,3724.6000,3724.0000,3722.8000,3722.4000,3726.0000,3726.8000,3729.8000,3730.0000,3736.0000,1,1,1,1,1,2,1,1,50,116
SF,IF2012,2020-05-22 09:32:10.500,3725.8000,4174,0,72804540.000,0,-,-,-,-,3724.8000,3724.6000,3724.0000,3722.8000,3722.4000,3725.8000,3726.0000,3726.8000,3729.8000,3730.0000,1,1,1,1,1,1,1,1,1,50
SF,IF2012,2020-05-22 09:32:11.000,3725.8000,4174,0,72804540.000,0,-,-,-,-,3724.6000,3724.0000,3722.8000,3722.4000,3722.2000,3725.8000,3726.8000,3729.8000,3730.0000,3736.0000,1,1,1,1,1,1,1,1,50,116
SF,IF2012,2020-05-22 09:32:11.500,3725.8000,4174,0,72804540.000,0,-,-,-,-,3724.6000,3722.8000,3722.4000,3722.2000,3721.2000,3725.6000,3725.8000,3729.8000,3730.0000,3736.0000,1,1,1,1,1,1,1,1,50,116
SF,IF2012,2020-05-22 09:32:12.000,3725.8000,4174,0,72804540.000,0,-,-,-,-,3724.6000,3722.8000,3722.4000,3722.2000,3721.2000,3725.4000,3725.6000,3729.8000,3730.0000,3736.0000,1,1,1,1,1,1,2,1,50,116
SF,IF2012,2020-05-22 09:32:13.000,3725.8000,4174,0,72804540.000,0,-,-,-,-,3724.6000,3722.8000,3722.4000,3722.2000,3721.2000,3725.4000,3725.6000,3729.8000,3730.0000,3736.0000,1,1,1,1,1,1,2,1,50,116
SF,IF2012,2020-05-22 09:32:13.500,3724.6000,4173,-1,73921920.000,1,0,1,双平,S,3722.8000,3722.4000,3721.2000,3720.8000,3720.6000,3725.2000,3725.4000,3725.6000,3729.8000,3730.0000,1,1,1,1,3,1,1,1,1,50
SF,IF2012,2020-05-22 09:32:14.000,3724.6000,4173,0,73921920.000,0,-,-,-,-,3723.0000,3721.8000,3721.2000,3720.8000,3720.6000,3724.6000,3725.0000,3725.2000,3729.8000,3730.0000,1,1,1,1,3,1,3,1,1,50
SF,IF2012,2020-05-22 09:32:14.500,3724.6000,4173,0,73921920.000,0,-,-,-,-,3721.8000,3721.2000,3720.8000,3720.6000,3720.0000,3724.6000,3725.0000,3725.2000,3729.8000,3730.0000,1,1,1,1,5,1,4,1,1,50
SF,IF2012,2020-05-22 09:32:15.000,3724.6000,4173,0,73921920.000,0,-,-,-,-,3722.0000,3721.8000,3721.4000,3720.8000,3720.6000,3724.4000,3724.6000,3729.8000,3730.0000,3736.0000,3,1,1,1,1,4,1,1,50,116
SF,IF2012,2020-05-22 09:32:15.500,3724.6000,4174,1,75039300.000,1,1,0,双开,S,3722.0000,3721.4000,3720.8000,3720.6000,3720.0000,3724.4000,3724.6000,3729.8000,3730.0000,3736.0000,3,1,1,1,1,3,1,1,50,116
SF,IF2012,2020-05-22 09:32:16.000,3724.6000,4174,0,75039300.000,0,-,-,-,-,3722.0000,3721.4000,3720.8000,3720.6000,3720.0000,3722.8000,3724.2000,3724.4000,3724.6000,3729.8000,1,1,1,1,1,5,1,3,1,1
SF,IF2012,2020-05-22 09:32:16.500,3722.8000,4173,-1,76156140.000,1,0,1,双平,S,3721.4000,3720.0000,3719.8000,3719.6000,3719.0000,3722.8000,3724.4000,3724.6000,3729.8000,3730.0000,1,2,1,1,1,4,2,1,1,55
SF,IF2012,2020-05-22 09:32:17.000,3722.8000,4173,0,76156140.000,0,-,-,-,-,3721.4000,3720.0000,3719.6000,3719.0000,3718.8000,3722.8000,3724.4000,3724.6000,3729.8000,3730.0000,1,2,1,1,1,4,2,1,1,55
SF,IF2012,2020-05-22 09:32:17.500,3722.8000,4173,0,76156140.000,0,-,-,-,-,3721.4000,3720.0000,3719.6000,3719.0000,3718.8000,3722.6000,3722.8000,3724.4000,3724.6000,3729.8000,1,2,1,1,1,1,4,2,1,1
SF,IF2012,2020-05-22 09:32:18.000,3722.8000,4173,0,76156140.000,0,-,-,-,-,3721.4000,3720.0000,3719.6000,3719.0000,3718.8000,3722.6000,3722.8000,3724.4000,3729.8000,3730.0000,1,2,1,1,1,1,4,2,1,55
SF,IF2012,2020-05-22 09:32:18.500,3722.8000,4173,0,76156140.000,0,-,-,-,-,3721.4000,3719.6000,3719.0000,3718.8000,3717.4000,3722.4000,3722.6000,3722.8000,3724.4000,3729.8000,1,1,1,1,1,1,1,4,1,1
SF,IF2012,2020-05-22 09:32:19.000,3722.8000,4173,0,76156140.000,0,-,-,-,-,3721.4000,3719.0000,3718.8000,3717.4000,3716.4000,3722.2000,3722.4000,3722.6000,3722.8000,3724.4000,1,1,1,1,2,1,1,1,4,1
SF,IF2012,2020-05-22 09:32:19.500,3722.8000,4173,0,76156140.000,0,-,-,-,-,3721.4000,3719.0000,3718.8000,3717.4000,3716.4000,3722.2000,3722.4000,3722.6000,3722.8000,3724.4000,1,1,1,1,2,1,1,1,4,1
SF,IF2012,2020-05-22 09:32:20.000,3722.8000,4173,0,76156140.000,0,-,-,-,-,3721.4000,3719.0000,3718.8000,3717.4000,3716.4000,3722.2000,3722.4000,3722.6000,3722.8000,3724.4000,1,1,2,1,2,1,1,1,4,1
SF,IF2012,2020-05-22 09:32:20.500,3721.4000,4173,0,77272560.000,1,0,1,多换,S,3719.0000,3718.8000,3718.0000,3717.4000,3716.4000,3722.2000,3722.4000,3722.6000,3722.8000,3724.4000,1,2,1,1,2,1,1,1,4,1
SF,IF2012,2020-05-22 09:32:21.000,3721.4000,4173,0,77272560.000,0,-,-,-,-,3721.0000,3719.4000,3719.2000,3718.8000,3718.0000,3722.0000,3722.2000,3722.8000,3729.8000,3730.0000,1,9,3,2,1,1,1,4,1,55
SF,IF2012,2020-05-22 09:32:21.500,3722.0000,4172,-1,78389160.000,1,0,1,双平,S,3719.4000,3719.2000,3718.8000,3718.0000,3717.4000,3721.4000,3722.8000,3729.8000,3730.0000,3736.0000,8,4,1,1,1,1,4,1,55,116
SF,IF2012,2020-05-22 09:32:22.000,3722.0000,4172,0,79505760.000,1,0,1,多换,S,3721.4000,3719.6000,3719.4000,3718.8000,3718.0000,3722.8000,3729.8000,3730.0000,3736.0000,3740.0000,1,6,8,1,1,4,1,55,116,1
SF,IF2012,2020-05-22 09:32:22.500,3722.0000,4172,0,79505760.000,0,-,-,-,-,3721.6000,3721.4000,3719.6000,3719.4000,3718.8000,3722.8000,3729.8000,3730.0000,3736.0000,3740.0000,6,1,5,8,1,4,1,55,116,1
SF,IF2012,2020-05-22 09:32:23.000,3722.0000,4172,0,79505760.000,0,-,-,-,-,3721.6000,3719.6000,3719.4000,3718.8000,3718.0000,3722.6000,3722.8000,3729.8000,3730.0000,3736.0000,6,4,8,1,1,1,4,1,55,116
SF,IF2012,2020-05-22 09:32:23.500,3722.0000,4172,0,79505760.000,0,-,-,-,-,3721.6000,3721.0000,3719.6000,3719.4000,3718.8000,3722.6000,3722.8000,3729.8000,3730.0000,3736.0000,6,1,4,8,1,1,4,1,55,116
SF,IF2012,2020-05-22 09:32:24.500,3722.0000,4172,0,79505760.000,0,-,-,-,-,3721.6000,3721.0000,3719.6000,3719.4000,3718.8000,3722.6000,3729.8000,3730.0000,3736.0000,3740.0000,6,1,4,8,1,1,1,55,116,1
SF,IF2012,2020-05-22 09:32:25.000,3721.6000,4170,-2,83971680.000,4,1,3,多平,S,3721.6000,3721.0000,3720.2000,3719.6000,3719.4000,3722.6000,3729.8000,3730.0000,3736.0000,3740.0000,2,1,1,4,8,1,1,55,116,1
SF,IF2012,2020-05-22 09:32:27.500,3721.6000,4170,0,83971680.000,0,-,-,-,-,3721.8000,3721.6000,3721.0000,3720.2000,3719.6000,3722.6000,3729.8000,3730.0000,3736.0000,3740.0000,1,2,1,1,4,1,1,55,116,1
SF,IF2012,2020-05-22 09:32:28.000,3721.6000,4170,0,83971680.000,0,-,-,-,-,3721.8000,3721.6000,3721.0000,3720.2000,3719.6000,3729.8000,3730.0000,3736.0000,3740.0000,3741.2000,1,2,1,1,4,1,55,116,1,1
SF,IF2012,2020-05-22 09:32:28.500,3721.6000,4170,0,83971680.000,0,-,-,-,-,3722.0000,3721.8000,3721.6000,3721.0000,3720.2000,3722.4000,3729.4000,3729.6000,3729.8000,3730.0000,2,1,2,1,1,1,8,4,1,55
SF,IF2012,2020-05-22 09:32:29.000,3722.4000,4169,-1,85088400.000,1,0,1,双平,S,3722.0000,3721.8000,3721.6000,3721.0000,3720.2000,3729.4000,3729.6000,3729.8000,3730.0000,3736.0000,1,1,2,1,1,8,4,1,55,116
SF,IF2012,2020-05-22 09:32:29.500,3722.4000,4169,0,85088400.000,0,-,-,-,-,3722.2000,3721.8000,3721.6000,3721.0000,3720.2000,3729.2000,3729.4000,3729.6000,3729.8000,3730.0000,1,1,2,1,1,4,8,1,1,55
SF,IF2012,2020-05-22 09:32:30.000,3722.4000,4169,0,86205120.000,1,0,1,多换,S,3722.2000,3721.6000,3721.0000,3720.2000,3719.6000,3727.6000,3728.8000,3729.2000,3729.6000,3729.8000,2,2,1,1,2,3,8,4,1,1
SF,IF2012,2020-05-22 09:32:30.500,3722.4000,4169,0,86205120.000,0,-,-,-,-,3722.4000,3722.2000,3721.6000,3721.0000,3720.2000,3727.4000,3727.6000,3728.4000,3728.8000,3729.2000,1,2,2,1,1,5,3,1,8,1
SF,IF2012,2020-05-22 09:32:31.000,3722.4000,4169,0,86205120.000,0,-,-,-,-,3722.6000,3722.4000,3722.2000,3721.6000,3721.0000,3727.0000,3727.4000,3727.6000,3728.4000,3728.8000,2,1,1,2,1,1,5,3,1,8
SF,IF2012,2020-05-22 09:32:31.500,3722.4000,4169,0,86205120.000,0,-,-,-,-,3722.8000,3722.6000,3721.6000,3721.0000,3720.2000,3726.8000,3727.0000,3727.4000,3727.6000,3728.4000,1,3,2,1,1,4,1,2,3,1
SF,IF2012,2020-05-22 09:32:32.000,3722.4000,4169,0,86205120.000,0,-,-,-,-,3723.0000,3722.8000,3722.6000,3721.6000,3721.0000,3726.4000,3726.8000,3727.4000,3728.4000,3729.2000,1,1,2,2,1,1,4,2,1,1
SF,IF2012,2020-05-22 09:32:32.500,3722.4000,4169,0,86205120.000,0,-,-,-,-,3723.2000,3723.0000,3722.6000,3721.6000,3721.0000,3726.2000,3726.4000,3726.8000,3727.4000,3728.4000,1,1,2,2,1,1,1,3,2,1
SF,IF2012,2020-05-22 09:32:33.000,3722.4000,4169,0,86205120.000,0,-,-,-,-,3723.4000,3723.2000,3722.6000,3721.6000,3721.0000,3726.2000,3726.4000,3726.8000,3727.4000,3728.4000,1,1,2,2,1,1,1,3,2,1
SF,IF2012,2020-05-22 09:32:33.500,3722.4000,4169,0,86205120.000,0,-,-,-,-,3723.6000,3723.4000,3722.6000,3721.6000,3721.0000,3726.0000,3726.2000,3726.4000,3726.8000,3727.4000,1,1,2,2,1,1,1,1,3,2
SF,IF2012,2020-05-22 09:32:34.000,3722.4000,4169,0,86205120.000,0,-,-,-,-,3723.8000,3723.6000,3722.6000,3722.0000,3721.6000,3726.2000,3726.4000,3726.8000,3727.4000,3728.4000,1,2,2,1,2,1,1,2,2,1
SF,IF2012,2020-05-22 09:32:34.500,3722.4000,4169,0,86205120.000,0,-,-,-,-,3724.0000,3723.8000,3723.6000,3722.6000,3722.2000,3726.2000,3726.8000,3727.4000,3728.4000,3729.2000,1,1,1,2,1,1,2,2,1,1
SF,IF2012,2020-05-22 09:32:35.000,3722.4000,4169,0,86205120.000,0,-,-,-,-,3724.2000,3724.0000,3723.6000,3722.6000,3722.2000,3726.2000,3726.8000,3727.4000,3728.4000,3729.2000,2,1,1,2,1,1,2,2,1,1
SF,IF2012,2020-05-22 09:32:35.500,3722.4000,4169,0,86205120.000,0,-,-,-,-,3724.4000,3724.2000,3723.6000,3722.6000,3722.2000,3726.2000,3726.8000,3727.4000,3728.4000,3729.2000,1,2,1,2,1,1,2,2,1,1
SF,IF2012,2020-05-22 09:32:36.000,3722.4000,4169,0,86205120.000,0,-,-,-,-,3724.4000,3724.2000,3723.6000,3722.6000,3722.2000,3726.2000,3726.8000,3727.4000,3728.4000,3729.2000,1,2,1,2,1,1,2,2,1,1
SF,IF2012,2020-05-22 09:32:36.500,3722.4000,4169,0,86205120.000,0,-,-,-,-,3724.4000,3724.2000,3723.6000,3722.6000,3722.2000,3726.2000,3726.8000,3728.4000,3729.2000,3729.6000,1,1,1,3,1,1,2,1,1,4
SF,IF2012,2020-05-22 09:32:37.000,3722.4000,4169,0,86205120.000,0,-,-,-,-,3724.6000,3724.4000,3724.2000,3723.6000,3722.6000,3726.2000,3726.8000,3728.4000,3729.2000,3729.6000,1,1,1,1,2,1,2,1,1,4
SF,IF2012,2020-05-22 09:32:37.500,3722.0000,4173,4,95138700.000,8,6,2,空开,S,3721.6000,3721.0000,3720.2000,3719.6000,3719.4000,3722.0000,3726.2000,3726.8000,3729.2000,3729.6000,3,2,1,1,8,12,1,1,1,4
SF,IF2012,2020-05-22 09:32:38.000,3722.0000,4183,10,124170300.000,26,18,8,空开,S,3721.8000,3721.6000,3721.0000,3720.2000,3719.2000,3722.0000,3726.2000,3726.8000,3729.2000,3729.6000,1,1,2,1,2,6,1,1,1,4
SF,IF2012,2020-05-22 09:32:38.500,3722.0000,4187,4,137569500.000,12,8,4,空开,S,3721.8000,3721.6000,3721.0000,3720.2000,3719.2000,3722.0000,3726.2000,3726.8000,3729.2000,3729.6000,2,1,2,1,2,2,1,1,1,4
SF,IF2012,2020-05-22 09:32:39.000,3722.0000,4188,1,139802700.000,2,1,1,空开,S,3722.4000,3722.2000,3722.0000,3721.8000,3721.0000,3726.2000,3726.8000,3729.2000,3729.6000,3730.0000,4,4,3,3,2,1,1,1,4,50
SF,IF2012,2020-05-22 09:32:39.500,3722.0000,4188,0,139802700.000,0,-,-,-,-,3722.6000,3722.4000,3722.2000,3722.0000,3721.8000,3722.8000,3726.2000,3726.8000,3729.2000,3729.6000,1,4,7,3,1,1,1,1,1,4
SF,IF2012,2020-05-22 09:32:40.000,3722.8000,4189,1,140919540.000,1,1,0,双开,S,3723.0000,3722.8000,3722.6000,3722.4000,3722.2000,3726.2000,3726.8000,3729.2000,3729.6000,3730.0000,1,1,1,4,10,1,1,1,4,50
SF,IF2012,2020-05-22 09:32:40.500,3722.8000,4189,0,140919540.000,0,-,-,-,-,3723.2000,3723.0000,3722.8000,3722.2000,3721.8000,3725.8000,3726.2000,3726.8000,3729.2000,3729.6000,1,2,4,8,1,2,1,1,1,4
SF,IF2012,2020-05-22 09:32:41.000,3722.8000,4189,0,140919540.000,0,-,-,-,-,3723.2000,3723.0000,3722.8000,3722.4000,3722.2000,3725.0000,3725.4000,3725.6000,3726.8000,3729.2000,1,2,4,2,5,1,2,2,1,1
SF,IF2012,2020-05-22 09:32:41.500,3722.8000,4189,0,140919540.000,0,-,-,-,-,3723.2000,3723.0000,3722.8000,3722.4000,3722.2000,3724.8000,3725.0000,3725.4000,3725.6000,3726.8000,1,2,4,3,6,3,1,1,1,1
SF,IF2012,2020-05-22 09:32:42.000,3724.8000,4189,0,143154420.000,2,1,1,多换,S,3723.2000,3723.0000,3722.8000,3722.4000,3722.2000,3724.6000,3725.0000,3725.4000,3726.8000,3729.2000,2,1,2,1,8,1,2,1,1,1
SF,IF2012,2020-05-22 09:32:42.500,3724.8000,4189,0,143154420.000,0,-,-,-,-,3723.2000,3723.0000,3722.8000,3722.4000,3722.2000,3724.6000,3725.0000,3726.8000,3729.2000,3729.6000,2,1,2,1,8,1,2,1,1,4
SF,IF2012,2020-05-22 09:32:43.000,3724.6000,4188,-1,144271800.000,1,0,1,双平,S,3723.2000,3723.0000,3722.8000,3722.4000,3722.2000,3724.4000,3725.0000,3726.8000,3729.2000,3729.6000,2,1,2,1,8,1,1,1,1,4
SF,IF2012,2020-05-22 09:32:43.500,3724.4000,4188,0,145389120.000,1,0,1,多换,S,3724.6000,3723.2000,3723.0000,3722.8000,3722.4000,3725.0000,3726.8000,3729.2000,3729.6000,3730.0000,1,2,1,2,1,1,1,1,4,50
SF,IF2012,2020-05-22 09:32:44.000,3724.4000,4188,0,145389120.000,0,-,-,-,-,3724.6000,3723.2000,3723.0000,3722.8000,3722.4000,3726.8000,3729.2000,3729.6000,3730.0000,3735.0000,1,2,1,1,1,1,1,4,50,5
SF,IF2012,2020-05-22 09:32:44.500,3724.4000,4188,0,145389120.000,0,-,-,-,-,3724.6000,3723.2000,3723.0000,3722.8000,3722.4000,3726.6000,3729.2000,3729.6000,3730.0000,3735.0000,1,2,1,1,1,2,1,4,50,5
SF,IF2012,2020-05-22 09:32:45.000,3724.6000,4188,0,146506500.000,1,0,1,多换,S,3723.4000,3723.2000,3723.0000,3722.8000,3722.4000,3726.4000,3726.6000,3729.2000,3729.6000,3730.0000,1,1,1,1,1,2,2,1,4,50
SF,IF2012,2020-05-22 09:32:45.500,3724.6000,4188,0,146506500.000,0,-,-,-,-,3723.6000,3723.4000,3723.0000,3722.4000,3722.2000,3726.2000,3726.4000,3726.6000,3729.2000,3729.6000,1,1,1,1,9,1,1,1,1,4
SF,IF2012,2020-05-22 09:32:46.000,3724.6000,4188,0,146506500.000,0,-,-,-,-,3723.6000,3723.4000,3723.0000,3722.8000,3722.6000,3726.0000,3726.2000,3726.4000,3726.6000,3729.2000,1,1,1,2,2,1,2,1,1,1
SF,IF2012,2020-05-22 09:32:46.500,3724.6000,4188,0,146506500.000,0,-,-,-,-,3723.6000,3723.4000,3723.0000,3722.8000,3722.6000,3725.8000,3726.2000,3726.4000,3729.2000,3729.6000,1,1,1,2,2,2,1,1,1,4
SF,IF2012,2020-05-22 09:32:47.000,3724.6000,4188,0,146506500.000,0,-,-,-,-,3723.8000,3723.6000,3723.4000,3723.0000,3722.8000,3725.6000,3725.8000,3729.2000,3729.6000,3730.0000,3,1,1,1,2,1,1,1,4,50
SF,IF2012,2020-05-22 09:32:47.500,3724.6000,4188,0,146506500.000,0,-,-,-,-,3724.0000,3723.8000,3723.4000,3722.8000,3722.6000,3725.4000,3729.2000,3729.6000,3730.0000,3735.0000,1,3,1,2,2,3,1,4,50,5
SF,IF2012,2020-05-22 09:32:48.000,3724.6000,4188,0,146506500.000,0,-,-,-,-,3723.8000,3723.4000,3722.8000,3722.6000,3722.4000,3725.2000,3725.4000,3729.2000,3729.6000,3730.0000,3,1,2,2,1,1,2,1,4,50
SF,IF2012,2020-05-22 09:32:48.500,3724.6000,4188,0,146506500.000,0,-,-,-,-,3724.2000,3723.8000,3723.4000,3722.8000,3722.6000,3725.2000,3725.4000,3729.2000,3729.6000,3730.0000,2,3,1,2,3,1,2,1,4,50
SF,IF2012,2020-05-22 09:32:49.000,3724.6000,4188,0,146506500.000,0,-,-,-,-,3724.2000,3723.8000,3723.4000,3722.8000,3722.6000,3725.0000,3725.2000,3729.2000,3729.6000,3730.0000,2,2,1,2,3,1,1,1,4,50
SF,IF2012,2020-05-22 09:32:49.500,3724.2000,4188,0,147623760.000,1,0,1,多换,S,3724.2000,3723.8000,3723.4000,3722.8000,3722.6000,3725.0000,3725.2000,3729.2000,3729.6000,3730.0000,1,2,1,2,3,1,1,1,4,50
SF,IF2012,2020-05-22 09:32:50.000,3724.2000,4188,0,148741020.000,1,0,1,多换,S,3724.4000,3723.8000,3723.4000,3722.8000,3722.6000,3725.0000,3725.2000,3729.2000,3729.6000,3730.0000,1,1,1,2,1,1,1,1,4,50
SF,IF2012,2020-05-22 09:32:50.500,3724.2000,4188,0,148741020.000,0,-,-,-,-,3724.4000,3723.8000,3723.4000,3722.8000,3722.6000,3725.0000,3725.2000,3729.2000,3729.6000,3730.0000,1,1,1,2,1,1,1,1,4,50
SF,IF2012,2020-05-22 09:32:51.000,3724.4000,4188,0,150975780.000,2,1,1,多换,S,3723.8000,3723.4000,3722.8000,3722.6000,3722.2000,3725.0000,3725.2000,3729.2000,3729.6000,3730.0000,1,1,2,1,3,1,1,1,4,50
SF,IF2012,2020-05-22 09:32:52.000,3723.4000,4189,1,154327380.000,3,2,1,空开,S,3722.8000,3722.6000,3722.2000,3721.8000,3721.6000,3725.0000,3729.2000,3729.6000,3730.0000,3735.0000,2,1,3,1,2,1,1,4,50,5
SF,IF2012,2020-05-22 09:32:52.500,3723.4000,4189,0,154327380.000,0,-,-,-,-,3723.0000,3722.2000,3721.8000,3721.6000,3721.4000,3724.8000,3725.0000,3729.2000,3729.6000,3730.0000,1,3,1,2,4,2,1,1,4,50
SF,IF2012,2020-05-22 09:32:53.000,3723.4000,4189,0,154327380.000,0,-,-,-,-,3722.2000,3721.6000,3721.4000,3721.0000,3720.2000,3724.4000,3724.6000,3724.8000,3729.2000,3729.6000,3,4,1,2,1,1,1,2,1,4
SF,IF2012,2020-05-22 09:32:53.500,3723.4000,4189,0,154327380.000,0,-,-,-,-,3722.6000,3722.4000,3722.2000,3721.6000,3721.0000,3724.2000,3724.4000,3724.8000,3729.2000,3729.6000,1,1,2,4,2,2,1,1,1,4
SF,IF2012,2020-05-22 09:32:54.000,3724.4000,4187,-2,157679220.000,3,0,3,多平,S,3722.8000,3721.8000,3721.6000,3721.0000,3720.2000,3724.8000,3729.2000,3729.6000,3730.0000,3735.0000,3,1,4,2,1,1,1,4,50,5
SF,IF2012,2020-05-22 09:32:54.500,3724.8000,4187,0,158796660.000,1,0,1,多换,S,3723.0000,3721.8000,3721.6000,3721.0000,3720.2000,3729.2000,3729.6000,3730.0000,3735.0000,3736.0000,2,1,5,2,1,1,4,50,5,116
SF,IF2012,2020-05-22 09:32:55.000,3724.8000,4187,0,158796660.000,0,-,-,-,-,3723.2000,3723.0000,3721.8000,3721.6000,3721.0000,3728.8000,3729.0000,3729.2000,3729.6000,3730.0000,1,4,1,6,2,8,4,1,4,50
SF,IF2012,2020-05-22 09:32:55.500,3724.8000,4187,0,158796660.000,0,-,-,-,-,3723.6000,3723.4000,3723.2000,3723.0000,3721.8000,3728.2000,3728.6000,3728.8000,3729.0000,3729.2000,1,2,1,1,1,1,5,8,1,1
SF,IF2012,2020-05-22 09:32:56.000,3724.8000,4187,0,158796660.000,0,-,-,-,-,3723.8000,3723.6000,3723.0000,3721.8000,3721.6000,3727.0000,3727.8000,3728.0000,3728.2000,3728.6000,3,1,1,1,7,1,8,6,1,2
SF,IF2012,2020-05-22 09:32:56.500,3724.8000,4187,0,158796660.000,0,-,-,-,-,3723.8000,3723.6000,3723.0000,3722.4000,3722.2000,3726.8000,3727.0000,3727.8000,3728.0000,3728.2000,1,1,1,1,1,2,1,8,4,1
SF,IF2012,2020-05-22 09:32:57.500,3724.8000,4187,0,158796660.000,0,-,-,-,-,3723.8000,3722.4000,3722.2000,3721.8000,3721.6000,3726.6000,3726.8000,3727.0000,3727.8000,3728.0000,1,1,1,1,7,1,2,1,8,3
SF,IF2012,2020-05-22 09:32:58.000,3724.8000,4187,0,158796660.000,0,-,-,-,-,3723.8000,3722.4000,3722.2000,3721.6000,3721.0000,3726.4000,3726.6000,3727.0000,3727.8000,3728.0000,1,2,1,7,2,2,1,1,8,3
SF,IF2012,2020-05-22 09:32:58.500,3724.8000,4187,0,158796660.000,0,-,-,-,-,3723.8000,3722.4000,3722.2000,3721.6000,3721.0000,3726.4000,3727.0000,3727.8000,3728.0000,3728.2000,1,2,1,7,2,2,1,8,3,1
SF,IF2012,2020-05-22 09:32:59.000,3724.8000,4187,0,158796660.000,0,-,-,-,-,3723.8000,3722.4000,3721.6000,3721.0000,3720.8000,3726.4000,3727.0000,3727.8000,3728.0000,3728.2000,1,2,6,2,1,2,1,8,3,1
SF,IF2012,2020-05-22 09:32:59.500,3724.8000,4187,0,158796660.000,0,-,-,-,-,3724.0000,3723.8000,3722.4000,3721.6000,3721.0000,3726.4000,3727.0000,3727.8000,3728.0000,3728.2000,1,1,2,6,2,2,1,8,3,1
SF,IF2012,2020-05-22 09:33:00.000,3724.8000,4187,0,158796660.000,0,-,-,-,-,3724.2000,3724.0000,3722.4000,3721.6000,3721.0000,3726.4000,3727.0000,3727.8000,3728.0000,3728.2000,1,1,1,6,2,2,1,8,3,1
SF,IF2012,2020-05-22 09:33:01.000,3724.2000,4187,0,159913920.000,1,0,1,多换,S,3724.0000,3722.4000,3721.6000,3721.0000,3720.8000,3726.2000,3726.4000,3727.8000,3728.0000,3728.2000,1,1,6,2,1,1,2,8,3,1
SF,IF2012,2020-05-22 09:33:01.500,3724.2000,4187,0,159913920.000,0,-,-,-,-,3722.4000,3721.6000,3721.0000,3720.8000,3720.2000,3726.0000,3726.2000,3726.4000,3727.8000,3728.0000,1,6,2,1,1,1,1,1,8,3
SF,IF2012,2020-05-22 09:33:02.000,3724.2000,4187,0,159913920.000,0,-,-,-,-,3722.6000,3722.4000,3721.6000,3721.0000,3720.8000,3725.8000,3726.0000,3727.8000,3728.0000,3728.2000,1,1,6,2,1,1,2,8,3,1
SF,IF2012,2020-05-22 09:33:02.500,3724.2000,4187,0,159913920.000,0,-,-,-,-,3722.4000,3721.6000,3721.0000,3720.8000,3720.2000,3725.6000,3725.8000,3727.8000,3728.0000,3728.2000,1,5,2,1,1,2,2,8,3,1
SF,IF2012,2020-05-22 09:33:03.000,3724.2000,4187,0,159913920.000,0,-,-,-,-,3721.6000,3721.0000,3720.2000,3720.0000,3718.2000,3725.4000,3725.6000,3727.8000,3728.0000,3728.2000,3,2,1,1,1,2,2,8,3,1
SF,IF2012,2020-05-22 09:33:03.500,3724.2000,4187,0,159913920.000,0,-,-,-,-,3721.8000,3721.6000,3721.0000,3720.2000,3720.0000,3725.2000,3725.4000,3727.8000,3728.0000,3728.2000,1,2,2,1,1,2,2,8,3,1
SF,IF2012,2020-05-22 09:33:04.000,3724.2000,4187,0,159913920.000,0,-,-,-,-,3721.8000,3721.0000,3720.2000,3720.0000,3719.6000,3725.2000,3725.4000,3727.8000,3728.0000,3728.2000,1,2,1,1,2,2,1,8,3,1
SF,IF2012,2020-05-22 09:33:04.500,3724.2000,4187,0,159913920.000,0,-,-,-,-,3721.8000,3721.0000,3720.2000,3720.0000,3719.6000,3725.2000,3727.8000,3728.0000,3728.2000,3728.6000,1,2,1,1,2,2,8,3,1,2
SF,IF2012,2020-05-22 09:33:05.000,3724.2000,4187,0,159913920.000,0,-,-,-,-,3721.0000,3720.2000,3720.0000,3719.6000,3718.2000,3725.0000,3725.2000,3727.8000,3728.0000,3728.2000,2,1,1,2,1,1,1,8,3,1
SF,IF2012,2020-05-22 09:33:05.500,3724.2000,4187,0,159913920.000,0,-,-,-,-,3721.2000,3721.0000,3720.2000,3720.0000,3718.2000,3724.8000,3725.0000,3727.8000,3728.0000,3728.6000,1,2,1,1,1,2,1,8,3,2
SF,IF2012,2020-05-22 09:33:06.000,3724.2000,4187,0,159913920.000,0,-,-,-,-,3721.2000,3721.0000,3720.2000,3720.0000,3718.2000,3724.6000,3724.8000,3727.8000,3728.0000,3728.6000,2,2,1,1,1,1,1,8,3,2
SF,IF2012,2020-05-22 09:33:06.500,3724.2000,4187,0,159913920.000,0,-,-,-,-,3721.6000,3721.2000,3721.0000,3720.2000,3720.0000,3724.4000,3724.6000,3727.8000,3728.0000,3728.6000,1,2,2,1,1,1,1,8,3,2
SF,IF2012,2020-05-22 09:33:07.000,3724.2000,4187,0,159913920.000,0,-,-,-,-,3721.8000,3721.2000,3721.0000,3720.2000,3720.0000,3724.4000,3727.8000,3728.0000,3728.6000,3729.0000,3,1,2,1,1,1,8,3,2,1
SF,IF2012,2020-05-22 09:33:07.500,3724.2000,4187,0,159913920.000,0,-,-,-,-,3721.8000,3721.6000,3721.0000,3720.2000,3720.0000,3724.4000,3727.8000,3728.0000,3728.6000,3729.0000,4,1,2,1,1,1,8,3,2,1
SF,IF2012,2020-05-22 09:33:08.000,3724.2000,4187,0,159913920.000,0,-,-,-,-,3721.8000,3721.6000,3721.2000,3721.0000,3720.2000,3724.0000,3724.4000,3727.8000,3728.0000,3728.6000,4,1,1,2,1,22,1,8,3,2
SF,IF2012,2020-05-22 09:33:08.500,3724.2000,4187,0,159913920.000,0,-,-,-,-,3722.2000,3721.8000,3721.6000,3721.2000,3721.0000,3724.0000,3724.4000,3727.8000,3728.0000,3728.6000,2,2,1,1,2,22,1,8,3,2
SF,IF2012,2020-05-22 09:33:09.000,3724.2000,4188,1,161031180.000,1,1,0,双开,S,3722.2000,3721.8000,3721.6000,3721.2000,3721.0000,3724.0000,3724.4000,3727.8000,3728.0000,3728.6000,2,2,1,1,2,21,1,8,3,2
SF,IF2012,2020-05-22 09:33:09.500,3724.2000,4188,0,161031180.000,0,-,-,-,-,3722.2000,3721.8000,3721.6000,3721.2000,3721.0000,3723.8000,3724.0000,3727.8000,3728.0000,3728.6000,2,2,1,1,2,1,21,8,3,2
SF,IF2012,2020-05-22 09:33:10.000,3724.2000,4188,0,161031180.000,0,-,-,-,-,3722.4000,3721.8000,3721.6000,3721.2000,3721.0000,3723.8000,3724.0000,3727.8000,3728.0000,3728.6000,2,3,1,1,2,1,21,8,3,2
SF,IF2012,2020-05-22 09:33:10.500,3724.2000,4188,0,161031180.000,0,-,-,-,-,3722.4000,3721.8000,3721.6000,3721.0000,3720.4000,3724.0000,3727.8000,3728.0000,3728.6000,3729.0000,2,3,1,2,1,21,8,3,2,1
SF,IF2012,2020-05-22 09:33:11.000,3724.2000,4188,0,161031180.000,0,-,-,-,-,3722.6000,3721.8000,3721.6000,3721.0000,3720.4000,3724.0000,3727.8000,3728.0000,3728.6000,3729.0000,2,3,1,2,1,21,8,3,2,1
SF,IF2012,2020-05-22 09:33:11.500,3724.2000,4188,0,161031180.000,0,-,-,-,-,3722.6000,3721.8000,3721.4000,3721.0000,3720.4000,3723.8000,3724.0000,3727.8000,3728.0000,3728.6000,2,2,1,2,1,1,21,8,3,2
SF,IF2012,2020-05-22 09:33:12.000,3724.2000,4188,0,161031180.000,0,-,-,-,-,3721.8000,3721.4000,3721.0000,3720.4000,3720.2000,3723.8000,3724.0000,3727.8000,3728.0000,3728.6000,2,1,2,1,1,1,21,8,3,2
SF,IF2012,2020-05-22 09:33:12.500,3724.2000,4188,0,161031180.000,0,-,-,-,-,3722.0000,3721.8000,3721.4000,3721.0000,3720.4000,3723.6000,3723.8000,3724.0000,3727.8000,3728.0000,2,2,1,2,1,1,1,21,8,3
SF,IF2012,2020-05-22 09:33:13.000,3724.2000,4188,0,161031180.000,0,-,-,-,-,3722.2000,3721.8000,3721.4000,3721.0000,3720.4000,3723.6000,3723.8000,3724.0000,3727.8000,3728.0000,2,2,1,2,2,1,1,21,8,3
SF,IF2012,2020-05-22 09:33:13.500,3724.2000,4188,0,161031180.000,0,-,-,-,-,3722.2000,3721.8000,3721.0000,3720.4000,3720.2000,3723.8000,3724.0000,3727.8000,3728.0000,3728.6000,2,1,2,2,1,1,21,8,3,2
SF,IF2012,2020-05-22 09:33:14.000,3724.2000,4188,0,161031180.000,0,-,-,-,-,3722.4000,3721.8000,3721.0000,3720.4000,3720.2000,3723.8000,3724.0000,3727.8000,3728.0000,3728.6000,2,1,2,2,1,1,21,8,3,2
SF,IF2012,2020-05-22 09:33:14.500,3724.2000,4188,0,161031180.000,0,-,-,-,-,3722.4000,3721.8000,3721.6000,3721.0000,3720.4000,3723.8000,3724.0000,3727.8000,3728.0000,3728.6000,2,1,1,2,2,1,21,8,3,2
SF,IF2012,2020-05-22 09:33:15.000,3724.2000,4188,0,161031180.000,0,-,-,-,-,3722.4000,3722.0000,3721.8000,3721.6000,3721.0000,3723.8000,3724.0000,3727.8000,3728.0000,3728.6000,2,1,1,2,2,1,21,8,3,2
SF,IF2012,2020-05-22 09:33:15.500,3724.2000,4188,0,161031180.000,0,-,-,-,-,3722.6000,3722.4000,3722.0000,3721.8000,3721.6000,3723.8000,3724.0000,3727.8000,3728.0000,3728.6000,1,2,1,1,2,1,21,8,3,2
SF,IF2012,2020-05-22 09:33:16.000,3724.2000,4188,0,161031180.000,0,-,-,-,-,3722.6000,3722.0000,3721.8000,3721.6000,3721.0000,3723.8000,3724.0000,3727.8000,3728.0000,3728.6000,1,1,1,2,2,1,21,8,3,2
SF,IF2012,2020-05-22 09:33:17.000,3723.8000,4188,0,162148320.000,1,0,1,多换,S,3722.6000,3722.0000,3721.8000,3721.6000,3721.0000,3724.0000,3727.8000,3728.0000,3728.6000,3729.0000,1,1,1,2,2,21,8,3,2,1
SF,IF2012,2020-05-22 09:33:17.500,3723.8000,4188,0,162148320.000,0,-,-,-,-,3722.8000,3722.6000,3722.0000,3721.8000,3721.6000,3724.0000,3727.8000,3728.0000,3728.6000,3729.0000,1,1,1,1,2,21,8,3,2,1
SF,IF2012,2020-05-22 09:33:18.000,3723.8000,4188,0,162148320.000,0,-,-,-,-,3722.6000,3722.0000,3721.8000,3721.6000,3721.4000,3724.0000,3727.8000,3728.0000,3728.6000,3729.0000,1,1,1,2,1,21,8,3,2,1
SF,IF2012,2020-05-22 09:33:18.500,3723.8000,4188,0,162148320.000,0,-,-,-,-,3722.8000,3722.6000,3722.0000,3721.8000,3721.6000,3724.0000,3727.8000,3728.0000,3728.6000,3729.0000,1,1,1,1,2,21,8,3,2,1
SF,IF2012,2020-05-22 09:33:19.000,3723.8000,4188,0,162148320.000,0,-,-,-,-,3722.6000,3722.0000,3721.8000,3721.6000,3721.4000,3724.0000,3727.8000,3728.0000,3728.6000,3729.0000,1,1,2,2,1,21,8,3,2,1
SF,IF2012,2020-05-22 09:33:19.500,3723.8000,4188,0,162148320.000,0,-,-,-,-,3722.8000,3722.6000,3722.0000,3721.8000,3721.6000,3724.0000,3727.8000,3728.0000,3728.6000,3729.0000,1,1,1,2,2,21,8,3,2,1
SF,IF2012,2020-05-22 09:33:20.000,3723.8000,4188,0,162148320.000,0,-,-,-,-,3722.6000,3722.0000,3721.8000,3721.6000,3721.4000,3724.0000,3727.8000,3728.0000,3728.6000,3729.0000,1,1,2,2,1,21,8,3,2,1
SF,IF2012,2020-05-22 09:33:20.500,3724.0000,4188,0,165499920.000,3,1,2,多换,S,3723.0000,3722.8000,3722.6000,3722.0000,3721.8000,3724.0000,3727.8000,3728.0000,3728.6000,3729.0000,1,1,1,1,2,18,8,3,2,1
SF,IF2012,2020-05-22 09:33:21.000,3724.0000,4188,0,165499920.000,0,-,-,-,-,3723.0000,3722.8000,3722.6000,3722.0000,3721.8000,3724.0000,3728.0000,3728.6000,3729.0000,3729.2000,1,2,1,1,2,18,3,2,1,1
SF,IF2012,2020-05-22 09:33:21.500,3724.0000,4188,0,165499920.000,0,-,-,-,-,3723.0000,3722.8000,3722.6000,3721.8000,3721.6000,3724.0000,3728.0000,3728.6000,3729.0000,3729.2000,1,2,1,2,3,18,3,2,1,1
SF,IF2012,2020-05-22 09:33:22.500,3724.0000,4189,1,166617120.000,1,1,0,双开,S,3723.0000,3722.8000,3722.6000,3721.8000,3721.6000,3724.0000,3728.0000,3728.6000,3729.0000,3729.2000,1,2,1,2,3,17,3,2,1,1
SF,IF2012,2020-05-22 09:33:23.000,3724.0000,4189,0,166617120.000,0,-,-,-,-,3723.0000,3722.8000,3722.6000,3722.0000,3721.8000,3724.0000,3728.0000,3728.6000,3729.0000,3729.2000,1,2,1,1,2,17,3,2,1,1
SF,IF2012,2020-05-22 09:33:23.500,3724.0000,4189,0,166617120.000,0,-,-,-,-,3723.2000,3723.0000,3722.8000,3722.6000,3722.0000,3724.0000,3728.0000,3728.6000,3729.0000,3729.2000,1,1,2,1,1,17,3,2,1,1
SF,IF2012,2020-05-22 09:33:24.000,3724.0000,4189,0,168851520.000,2,1,1,多换,S,3723.2000,3722.6000,3722.0000,3721.8000,3721.6000,3724.0000,3728.0000,3728.6000,3729.0000,3729.2000,1,1,1,1,3,15,3,2,1,1
SF,IF2012,2020-05-22 09:33:24.500,3724.0000,4190,1,169968720.000,1,1,0,双开,S,3723.4000,3723.2000,3722.6000,3722.0000,3721.8000,3724.0000,3728.0000,3728.6000,3729.0000,3729.2000,1,2,1,1,2,14,3,2,1,1
SF,IF2012,2020-05-22 09:33:25.000,3724.0000,4190,0,169968720.000,0,-,-,-,-,3723.4000,3722.6000,3722.0000,3721.8000,3721.6000,3724.0000,3728.0000,3728.6000,3729.0000,3729.2000,1,1,1,2,3,14,3,2,1,1
SF,IF2012,2020-05-22 09:33:25.500,3724.0000,4190,0,171085920.000,1,0,1,多换,S,3723.4000,3722.6000,3722.4000,3722.0000,3721.8000,3724.0000,3728.0000,3728.6000,3729.0000,3729.2000,1,1,1,1,1,13,3,2,1,1
SF,IF2012,2020-05-22 09:33:26.000,3724.0000,4190,0,171085920.000,0,-,-,-,-,3723.4000,3722.6000,3722.4000,3722.0000,3721.8000,3724.0000,3728.0000,3728.6000,3729.0000,3729.2000,1,1,1,1,1,13,1,2,1,1
SF,IF2012,2020-05-22 09:33:26.500,3724.0000,4190,0,171085920.000,0,-,-,-,-,3723.6000,3723.4000,3722.4000,3722.0000,3721.8000,3724.0000,3728.0000,3728.6000,3729.0000,3729.2000,1,1,1,1,1,13,1,2,1,1
SF,IF2012,2020-05-22 09:33:27.000,3724.0000,4190,0,171085920.000,0,-,-,-,-,3723.6000,3723.4000,3722.0000,3721.8000,3721.6000,3724.0000,3728.0000,3728.6000,3729.0000,3729.2000,1,1,2,1,3,13,1,2,1,1
SF,IF2012,2020-05-22 09:33:28.500,3724.0000,4190,0,171085920.000,0,-,-,-,-,3723.6000,3723.4000,3722.0000,3721.8000,3721.6000,3724.0000,3728.0000,3728.6000,3729.0000,3729.2000,1,1,2,1,4,13,1,2,1,1
SF,IF2012,2020-05-22 09:33:29.000,3724.0000,4190,0,171085920.000,0,-,-,-,-,3723.6000,3723.4000,3722.0000,3721.8000,3721.6000,3724.0000,3728.0000,3728.6000,3729.0000,3729.2000,1,1,1,1,4,13,1,2,1,1
SF,IF2012,2020-05-22 09:33:30.000,3724.0000,4190,0,171085920.000,0,-,-,-,-,3722.4000,3722.0000,3721.8000,3721.6000,3721.0000,3724.0000,3728.0000,3728.6000,3729.0000,3729.2000,1,1,1,5,2,13,1,2,1,1
SF,IF2012,2020-05-22 09:33:30.500,3724.0000,4190,0,171085920.000,0,-,-,-,-,3723.2000,3722.6000,3722.4000,3722.0000,3721.8000,3724.0000,3728.0000,3728.6000,3729.0000,3729.2000,1,3,1,1,1,13,1,2,1,1
SF,IF2012,2020-05-22 09:33:31.000,3724.0000,4190,0,171085920.000,0,-,-,-,-,3722.6000,3722.4000,3722.0000,3721.8000,3721.6000,3724.0000,3728.0000,3728.6000,3729.0000,3729.2000,1,1,1,1,5,13,1,2,1,1
SF,IF2012,2020-05-22 09:33:31.500,3724.0000,4190,0,171085920.000,0,-,-,-,-,3723.0000,3722.8000,3722.6000,3722.4000,3722.0000,3724.0000,3728.0000,3728.6000,3729.0000,3729.2000,1,1,1,1,1,13,1,2,1,1
SF,IF2012,2020-05-22 09:33:32.000,3724.0000,4190,0,171085920.000,0,-,-,-,-,3723.2000,3722.8000,3722.4000,3722.0000,3721.8000,3724.0000,3728.0000,3728.6000,3729.0000,3729.2000,2,1,1,1,1,13,1,2,1,1
SF,IF2012,2020-05-22 09:33:33.000,3723.2000,4189,-1,172202880.000,1,0,1,双平,S,3722.4000,3722.0000,3721.8000,3721.6000,3721.2000,3724.0000,3728.6000,3729.0000,3729.2000,3729.6000,1,1,1,5,1,13,2,1,1,4
SF,IF2012,2020-05-22 09:33:33.500,3724.0000,4190,1,185609280.000,12,6,6,空开,S,3723.8000,3722.6000,3722.4000,3722.0000,3721.8000,3724.0000,3728.6000,3729.0000,3729.2000,3729.6000,1,3,1,1,1,1,2,1,1,4
SF,IF2012,2020-05-22 09:33:34.000,3724.0000,4190,0,185609280.000,0,-,-,-,-,3722.6000,3722.4000,3722.0000,3721.8000,3721.6000,3724.0000,3728.6000,3729.0000,3729.2000,3729.6000,1,1,1,1,5,1,2,1,1,4
SF,IF2012,2020-05-22 09:33:34.500,3724.0000,4191,1,186726480.000,1,1,0,双开,S,3722.8000,3722.6000,3722.4000,3722.0000,3721.8000,3728.6000,3729.0000,3729.2000,3729.6000,3730.0000,3,1,1,1,1,2,1,1,4,50
SF,IF2012,2020-05-22 09:33:35.000,3724.0000,4191,0,186726480.000,0,-,-,-,-,3724.0000,3722.8000,3722.6000,3722.4000,3722.0000,3728.2000,3728.4000,3728.6000,3729.0000,3729.2000,1,1,1,1,2,8,5,2,1,1
SF,IF2012,2020-05-22 09:33:35.500,3724.0000,4191,0,186726480.000,0,-,-,-,-,3724.0000,3722.8000,3722.6000,3722.4000,3722.0000,3728.0000,3728.2000,3728.4000,3728.6000,3729.0000,1,1,1,1,2,5,8,2,2,1
SF,IF2012,2020-05-22 09:33:36.000,3724.0000,4191,0,186726480.000,0,-,-,-,-,3723.2000,3722.8000,3722.6000,3722.4000,3722.0000,3727.6000,3728.0000,3728.2000,3728.4000,3728.6000,1,1,1,1,2,1,7,8,2,2
SF,IF2012,2020-05-22 09:33:36.500,3724.0000,4191,0,186726480.000,0,-,-,-,-,3723.4000,3723.2000,3722.6000,3722.4000,3722.0000,3727.4000,3727.6000,3728.0000,3728.2000,3728.4000,1,1,1,1,2,4,1,4,8,2
SF,IF2012,2020-05-22 09:33:37.000,3724.0000,4191,0,186726480.000,0,-,-,-,-,3723.6000,3722.4000,3722.0000,3721.6000,3721.4000,3727.2000,3727.4000,3727.6000,3728.0000,3728.2000,1,1,2,4,4,3,3,1,2,8
SF,IF2012,2020-05-22 09:33:37.500,3724.0000,4191,0,186726480.000,0,-,-,-,-,3723.8000,3723.6000,3722.4000,3722.0000,3721.6000,3727.0000,3727.2000,3727.6000,3728.0000,3728.2000,2,1,1,2,4,4,2,1,2,8
SF,IF2012,2020-05-22 09:33:38.000,3724.0000,4191,0,186726480.000,0,-,-,-,-,3723.8000,3723.6000,3722.4000,3722.0000,3721.6000,3726.8000,3727.0000,3727.2000,3727.6000,3728.0000,2,1,1,2,4,1,3,2,1,2
SF,IF2012,2020-05-22 09:33:38.500,3724.0000,4191,0,186726480.000,0,-,-,-,-,3723.8000,3723.6000,3722.4000,3722.0000,3721.6000,3726.6000,3726.8000,3727.0000,3727.6000,3728.0000,2,1,1,2,4,3,2,1,1,2
SF,IF2012,2020-05-22 09:33:39.000,3724.0000,4191,0,186726480.000,0,-,-,-,-,3724.0000,3723.8000,3723.6000,3722.4000,3722.0000,3726.4000,3726.6000,3726.8000,3727.6000,3728.0000,1,2,1,1,1,1,3,2,1,2
SF,IF2012,2020-05-22 09:33:39.500,3724.0000,4191,0,186726480.000,0,-,-,-,-,3724.0000,3723.8000,3723.6000,3722.4000,3722.0000,3726.2000,3726.6000,3728.0000,3728.4000,3728.6000,2,2,1,1,1,2,2,2,2,2
SF,IF2012,2020-05-22 09:33:40.500,3724.0000,4191,0,186726480.000,0,-,-,-,-,3724.0000,3723.8000,3723.6000,3722.4000,3722.0000,3726.2000,3726.6000,3728.4000,3728.6000,3729.0000,1,2,1,1,1,2,2,2,2,1
SF,IF2012,2020-05-22 09:33:41.000,3724.0000,4191,0,186726480.000,0,-,-,-,-,3724.2000,3724.0000,3723.8000,3723.6000,3722.4000,3726.0000,3726.2000,3726.6000,3728.4000,3728.6000,2,1,1,1,1,1,1,2,2,2
SF,IF2012,2020-05-22 09:33:41.500,3724.0000,4191,0,186726480.000,0,-,-,-,-,3724.2000,3724.0000,3723.8000,3723.6000,3722.4000,3725.8000,3726.0000,3726.6000,3728.4000,3728.6000,2,1,1,1,1,1,1,2,2,2
SF,IF2012,2020-05-22 09:33:42.000,3724.0000,4191,0,186726480.000,0,-,-,-,-,3724.0000,3723.6000,3722.4000,3722.2000,3722.0000,3725.6000,3725.8000,3726.6000,3728.4000,3728.6000,1,1,1,1,1,1,3,2,2,2
SF,IF2012,2020-05-22 09:33:42.500,3724.0000,4191,0,186726480.000,0,-,-,-,-,3724.0000,3723.6000,3722.4000,3722.2000,3722.0000,3725.4000,3725.8000,3726.6000,3728.4000,3728.6000,1,1,1,1,1,2,1,2,2,2
SF,IF2012,2020-05-22 09:33:43.000,3724.0000,4191,0,186726480.000,0,-,-,-,-,3723.6000,3722.4000,3722.2000,3722.0000,3721.8000,3725.2000,3725.4000,3725.8000,3726.6000,3728.4000,1,1,1,1,1,1,2,1,2,2
SF,IF2012,2020-05-22 09:33:44.500,3724.0000,4191,0,186726480.000,0,-,-,-,-,3723.6000,3722.4000,3722.2000,3722.0000,3721.8000,3725.0000,3725.2000,3725.4000,3725.8000,3726.6000,1,1,1,1,1,1,1,1,1,2
SF,IF2012,2020-05-22 09:33:45.000,3724.0000,4191,0,186726480.000,0,-,-,-,-,3723.6000,3722.4000,3722.2000,3722.0000,3721.8000,3724.8000,3725.2000,3725.8000,3726.6000,3728.4000,1,1,1,1,1,2,1,1,2,2
SF,IF2012,2020-05-22 09:33:45.500,3724.0000,4191,0,186726480.000,0,-,-,-,-,3723.6000,3722.4000,3722.2000,3722.0000,3721.8000,3724.8000,3725.2000,3726.6000,3728.4000,3728.6000,1,1,1,1,1,2,1,2,2,2
SF,IF2012,2020-05-22 09:33:46.000,3724.0000,4191,0,186726480.000,0,-,-,-,-,3723.6000,3722.2000,3722.0000,3721.8000,3721.6000,3724.6000,3724.8000,3726.6000,3728.4000,3728.6000,1,1,1,1,3,1,1,2,2,2
SF,IF2012,2020-05-22 09:33:46.500,3724.0000,4191,0,186726480.000,0,-,-,-,-,3723.6000,3722.2000,3722.0000,3721.8000,3721.6000,3724.4000,3724.8000,3726.6000,3728.4000,3728.6000,1,1,1,1,3,1,1,2,2,2
SF,IF2012,2020-05-22 09:33:47.000,3724.0000,4191,0,186726480.000,0,-,-,-,-,3723.8000,3723.6000,3722.2000,3722.0000,3721.8000,3724.8000,3726.6000,3728.4000,3728.6000,3729.0000,1,1,1,1,1,1,2,2,2,1
SF,IF2012,2020-05-22 09:33:48.000,3724.0000,4191,0,186726480.000,0,-,-,-,-,3723.8000,3723.6000,3722.2000,3722.0000,3721.8000,3724.8000,3726.6000,3728.4000,3728.6000,3729.0000,1,1,1,1,1,1,2,2,2,1
SF,IF2012,2020-05-22 09:33:48.500,3724.0000,4191,0,186726480.000,0,-,-,-,-,3723.8000,3723.6000,3722.2000,3722.0000,3721.8000,3724.8000,3726.6000,3728.4000,3728.6000,3729.0000,1,1,1,1,1,1,2,2,2,1
SF,IF2012,2020-05-22 09:33:49.000,3724.0000,4191,0,186726480.000,0,-,-,-,-,3723.8000,3723.6000,3722.2000,3722.0000,3721.8000,3724.0000,3726.6000,3728.4000,3728.6000,3729.0000,1,1,1,1,1,9,2,2,2,1
SF,IF2012,2020-05-22 09:33:49.500,3724.0000,4191,0,188960880.000,2,1,1,多换,S,3723.8000,3723.6000,3722.2000,3722.0000,3721.8000,3724.0000,3726.6000,3728.4000,3728.6000,3729.0000,1,1,1,1,1,7,2,2,2,1
SF,IF2012,2020-05-22 09:33:50.000,3724.0000,4192,1,190078080.000,1,1,0,双开,S,3723.8000,3723.6000,3722.2000,3722.0000,3721.8000,3724.0000,3726.6000,3728.4000,3728.6000,3729.0000,1,1,1,1,1,6,2,2,2,1
SF,IF2012,2020-05-22 09:33:51.000,3724.0000,4192,0,196781280.000,6,3,3,多换,S,3723.8000,3723.6000,3722.2000,3722.0000,3721.8000,3726.6000,3728.4000,3728.6000,3729.0000,3729.2000,1,1,1,1,1,2,2,2,1,1
SF,IF2012,2020-05-22 09:33:51.500,3724.0000,4192,0,196781280.000,0,-,-,-,-,3724.0000,3723.8000,3723.6000,3722.2000,3722.0000,3726.4000,3728.4000,3728.6000,3729.0000,3729.2000,1,1,1,1,1,2,2,2,1,1
SF,IF2012,2020-05-22 09:33:52.000,3724.0000,4192,0,196781280.000,0,-,-,-,-,3724.0000,3723.8000,3723.6000,3722.2000,3722.0000,3726.4000,3728.4000,3728.6000,3729.0000,3729.2000,3,1,1,1,1,3,2,2,1,1
SF,IF2012,2020-05-22 09:33:52.500,3724.0000,4192,0,196781280.000,0,-,-,-,-,3724.2000,3724.0000,3723.8000,3723.6000,3722.2000,3726.4000,3728.6000,3729.0000,3729.2000,3729.6000,2,1,1,1,1,3,2,1,1,4
SF,IF2012,2020-05-22 09:33:53.000,3724.0000,4192,0,196781280.000,0,-,-,-,-,3724.2000,3724.0000,3723.6000,3722.2000,3722.0000,3726.4000,3728.6000,3729.0000,3729.2000,3729.6000,2,1,1,1,1,3,2,1,1,4
SF,IF2012,2020-05-22 09:33:53.500,3724.0000,4192,0,196781280.000,0,-,-,-,-,3724.2000,3724.0000,3723.6000,3722.2000,3722.0000,3726.2000,3726.4000,3728.6000,3729.0000,3729.2000,2,1,1,1,1,1,2,2,1,1
SF,IF2012,2020-05-22 09:33:54.000,3724.0000,4192,0,196781280.000,0,-,-,-,-,3724.4000,3724.2000,3724.0000,3723.6000,3722.2000,3726.0000,3726.4000,3728.6000,3729.0000,3729.2000,1,2,1,1,1,2,1,2,1,1
SF,IF2012,2020-05-22 09:33:54.500,3724.0000,4192,0,196781280.000,0,-,-,-,-,3724.4000,3724.2000,3724.0000,3723.6000,3722.2000,3725.8000,3726.0000,3726.4000,3728.6000,3729.0000,1,2,1,1,1,1,1,1,2,1
SF,IF2012,2020-05-22 09:33:55.000,3724.0000,4192,0,196781280.000,0,-,-,-,-,3724.6000,3723.6000,3722.2000,3722.0000,3721.8000,3725.8000,3726.0000,3726.4000,3729.0000,3729.2000,1,1,1,1,1,1,1,1,1,1
SF,IF2012,2020-05-22 09:33:55.500,3724.0000,4192,0,196781280.000,0,-,-,-,-,3724.6000,3723.6000,3722.2000,3722.0000,3721.8000,3726.4000,3729.0000,3729.2000,3729.6000,3730.0000,3,1,1,1,1,1,1,1,4,50
SF,IF2012,2020-05-22 09:33:56.000,3724.0000,4192,0,196781280.000,0,-,-,-,-,3724.6000,3723.6000,3722.2000,3722.0000,3721.8000,3726.2000,3726.4000,3729.0000,3729.2000,3729.6000,2,1,1,1,1,1,1,1,1,4
SF,IF2012,2020-05-22 09:33:56.500,3724.0000,4192,0,196781280.000,0,-,-,-,-,3724.8000,3724.6000,3724.4000,3723.6000,3722.2000,3726.2000,3726.4000,3729.0000,3729.2000,3729.6000,1,1,1,1,1,1,1,1,1,4
SF,IF2012,2020-05-22 09:33:57.000,3724.0000,4192,0,196781280.000,0,-,-,-,-,3725.0000,3724.8000,3724.6000,3724.4000,3723.6000,3726.2000,3726.4000,3729.0000,3729.2000,3729.6000,1,1,1,1,1,1,1,1,1,4
SF,IF2012,2020-05-22 09:33:57.500,3724.0000,4192,0,196781280.000,0,-,-,-,-,3725.0000,3724.6000,3724.4000,3724.2000,3723.6000,3726.2000,3729.6000,3730.0000,3735.0000,3736.0000,1,1,1,1,1,1,4,50,5,116
SF,IF2012,2020-05-22 09:33:58.500,3724.0000,4192,0,196781280.000,0,-,-,-,-,3725.2000,3725.0000,3724.4000,3724.2000,3723.6000,3729.6000,3730.0000,3735.0000,3736.0000,3740.0000,1,1,1,1,1,4,50,5,116,1
SF,IF2012,2020-05-22 09:33:59.000,3724.0000,4192,0,196781280.000,0,-,-,-,-,3725.4000,3725.2000,3725.0000,3724.4000,3723.6000,3729.4000,3729.6000,3730.0000,3735.0000,3736.0000,1,1,1,1,1,6,3,50,5,116
SF,IF2012,2020-05-22 09:33:59.500,3724.0000,4192,0,196781280.000,0,-,-,-,-,3725.2000,3725.0000,3724.4000,3723.6000,3723.0000,3729.2000,3729.4000,3729.6000,3730.0000,3735.0000,1,1,2,1,1,1,5,3,50,5
SF,IF2012,2020-05-22 09:34:00.000,3724.0000,4192,0,196781280.000,0,-,-,-,-,3725.4000,3725.2000,3725.0000,3724.4000,3723.6000,3729.0000,3729.4000,3729.6000,3730.0000,3733.6000,1,1,1,2,1,5,2,3,50,1
SF,IF2012,2020-05-22 09:34:00.500,3724.0000,4192,0,196781280.000,0,-,-,-,-,3725.6000,3725.4000,3725.2000,3725.0000,3724.4000,3728.8000,3729.0000,3729.6000,3730.0000,3733.6000,1,1,1,1,4,1,4,3,50,1
SF,IF2012,2020-05-22 09:34:01.000,3724.0000,4192,0,196781280.000,0,-,-,-,-,3726.0000,3725.6000,3725.4000,3725.2000,3725.0000,3728.6000,3729.0000,3730.0000,3733.0000,3733.6000,1,1,1,1,1,4,1,50,3,1
SF,IF2012,2020-05-22 09:34:01.500,3724.0000,4192,0,196781280.000,0,-,-,-,-,3725.6000,3725.4000,3725.2000,3725.0000,3724.8000,3728.4000,3728.6000,3730.0000,3733.0000,3733.6000,1,1,1,1,1,2,1,50,3,1
SF,IF2012,2020-05-22 09:34:02.000,3728.2000,4193,1,197899740.000,1,1,0,双开,S,3725.8000,3725.6000,3725.4000,3725.0000,3724.8000,3728.2000,3728.4000,3730.0000,3733.0000,3733.6000,1,1,1,1,2,1,1,50,3,1
SF,IF2012,2020-05-22 09:34:02.500,3728.2000,4193,0,197899740.000,0,-,-,-,-,3725.8000,3725.4000,3725.0000,3724.8000,3724.4000,3728.2000,3728.4000,3730.0000,3733.0000,3733.6000,1,1,1,2,5,1,1,50,3,1
SF,IF2012,2020-05-22 09:34:03.000,3728.2000,4193,0,199018200.000,1,0,1,多换,S,3725.8000,3725.4000,3725.0000,3724.8000,3724.4000,3728.4000,3730.0000,3733.0000,3733.6000,3735.0000,1,1,1,2,5,1,50,3,1,5
SF,IF2012,2020-05-22 09:34:03.500,3728.2000,4193,0,199018200.000,0,-,-,-,-,3725.8000,3725.4000,3725.0000,3724.8000,3724.4000,3728.2000,3729.8000,3730.0000,3733.0000,3733.6000,1,1,1,2,5,1,1,50,3,1
SF,IF2012,2020-05-22 09:34:04.000,3728.2000,4193,0,199018200.000,0,-,-,-,-,3725.8000,3725.4000,3725.0000,3724.8000,3724.4000,3728.2000,3729.8000,3730.0000,3733.0000,3733.6000,1,1,1,2,5,1,1,50,3,1
SF,IF2012,2020-05-22 09:34:05.000,3725.8000,4192,-1,200135940.000,1,0,1,双平,S,3725.4000,3725.0000,3724.8000,3724.4000,3723.8000,3728.2000,3729.8000,3730.0000,3733.0000,3733.6000,1,1,1,4,1,1,1,50,3,1
SF,IF2012,2020-05-22 09:34:05.500,3725.8000,4192,0,200135940.000,0,-,-,-,-,3724.8000,3724.4000,3723.8000,3723.6000,3722.6000,3728.0000,3728.2000,3729.8000,3730.0000,3733.0000,1,4,1,1,1,1,1,1,50,3
SF,IF2012,2020-05-22 09:34:06.000,3725.8000,4192,0,200135940.000,0,-,-,-,-,3724.8000,3724.4000,3723.8000,3723.6000,3722.6000,3727.8000,3728.0000,3729.8000,3730.0000,3733.0000,1,2,1,1,1,1,2,1,50,3
SF,IF2012,2020-05-22 09:34:06.500,3725.8000,4192,0,200135940.000,0,-,-,-,-,3724.8000,3724.4000,3723.6000,3722.6000,3722.2000,3727.6000,3727.8000,3728.0000,3729.8000,3730.0000,1,1,1,1,1,1,3,1,1,50
SF,IF2012,2020-05-22 09:34:07.000,3725.8000,4192,0,200135940.000,0,-,-,-,-,3725.0000,3724.4000,3723.6000,3722.4000,3722.2000,3727.4000,3727.6000,3727.8000,3730.0000,3733.0000,1,1,1,1,1,1,1,2,50,3
SF,IF2012,2020-05-22 09:34:07.500,3725.8000,4192,0,200135940.000,0,-,-,-,-,3725.0000,3724.4000,3723.6000,3722.4000,3722.2000,3727.2000,3727.4000,3727.8000,3730.0000,3733.0000,1,1,1,1,1,1,2,1,50,3
SF,IF2012,2020-05-22 09:34:08.000,3725.8000,4192,0,200135940.000,0,-,-,-,-,3725.2000,3725.0000,3724.4000,3723.6000,3722.4000,3727.0000,3727.2000,3727.4000,3727.8000,3730.0000,1,1,1,1,1,1,1,1,1,50
SF,IF2012,2020-05-22 09:34:08.500,3725.8000,4192,0,200135940.000,0,-,-,-,-,3725.4000,3725.2000,3725.0000,3724.4000,3723.6000,3727.0000,3727.2000,3727.4000,3727.8000,3730.0000,1,1,1,1,1,1,1,1,1,50
SF,IF2012,2020-05-22 09:34:09.000,3725.8000,4192,0,200135940.000,0,-,-,-,-,3725.2000,3725.0000,3724.4000,3723.6000,3722.4000,3727.0000,3727.4000,3727.8000,3730.0000,3733.0000,1,1,1,1,1,1,1,1,50,3
SF,IF2012,2020-05-22 09:34:09.500,3727.0000,4192,0,201254040.000,1,0,1,多换,S,3725.0000,3724.4000,3723.6000,3722.4000,3722.2000,3727.4000,3727.8000,3730.0000,3733.0000,3733.6000,1,1,1,1,1,1,1,50,3,1
SF,IF2012,2020-05-22 09:34:10.000,3727.0000,4192,0,201254040.000,0,-,-,-,-,3725.4000,3725.0000,3724.4000,3723.6000,3722.4000,3727.8000,3730.0000,3733.0000,3733.6000,3735.0000,1,1,1,1,1,1,50,3,1,5
SF,IF2012,2020-05-22 09:34:10.500,3727.0000,4192,0,201254040.000,0,-,-,-,-,3725.4000,3725.2000,3725.0000,3724.4000,3723.6000,3727.6000,3730.0000,3733.0000,3733.6000,3735.0000,1,2,1,1,1,1,50,3,1,5
SF,IF2012,2020-05-22 09:34:11.000,3727.0000,4192,0,201254040.000,0,-,-,-,-,3725.4000,3725.0000,3724.4000,3723.6000,3722.4000,3727.6000,3730.0000,3733.0000,3733.6000,3735.0000,1,1,1,1,1,1,50,3,1,5
SF,IF2012,2020-05-22 09:34:11.500,3727.0000,4192,0,201254040.000,0,-,-,-,-,3725.4000,3725.0000,3723.6000,3722.4000,3722.2000,3727.6000,3730.0000,3733.0000,3733.6000,3735.0000,1,1,1,1,1,1,50,3,1,5
SF,IF2012,2020-05-22 09:34:12.000,3727.0000,4192,0,201254040.000,0,-,-,-,-,3725.8000,3725.4000,3725.0000,3723.6000,3722.4000,3727.6000,3730.0000,3733.0000,3733.6000,3735.0000,1,1,1,1,1,1,50,3,1,5
SF,IF2012,2020-05-22 09:34:12.500,3727.0000,4192,0,201254040.000,0,-,-,-,-,3726.0000,3725.8000,3725.4000,3724.0000,3723.6000,3730.0000,3733.0000,3733.6000,3735.0000,3736.0000,1,1,1,1,1,50,3,1,5,116
SF,IF2012,2020-05-22 09:34:13.000,3727.0000,4192,0,201254040.000,0,-,-,-,-,3726.0000,3725.4000,3724.0000,3723.6000,3722.4000,3729.6000,3729.8000,3730.0000,3733.0000,3733.6000,1,1,1,1,1,8,5,50,3,1
SF,IF2012,2020-05-22 09:34:13.500,3727.0000,4192,0,201254040.000,0,-,-,-,-,3726.0000,3725.4000,3724.0000,3723.6000,3722.4000,3729.4000,3729.6000,3729.8000,3730.0000,3733.0000,1,1,1,1,1,3,8,4,50,3
SF,IF2012,2020-05-22 09:34:14.000,3727.0000,4192,0,201254040.000,0,-,-,-,-,3726.0000,3725.4000,3724.0000,3723.6000,3722.4000,3729.0000,3729.4000,3729.8000,3730.0000,3733.0000,1,1,1,1,1,8,3,4,50,3
SF,IF2012,2020-05-22 09:34:14.500,3727.0000,4192,0,201254040.000,0,-,-,-,-,3726.0000,3725.4000,3724.0000,3723.6000,3723.0000,3728.8000,3729.8000,3730.0000,3733.0000,3733.6000,1,1,1,1,1,3,2,50,3,1
SF,IF2012,2020-05-22 09:34:17.000,3726.0000,4192,0,202371840.000,1,0,1,多换,S,3725.4000,3723.6000,3723.0000,3722.4000,3722.2000,3728.4000,3728.8000,3729.8000,3730.0000,3733.0000,1,1,1,1,1,8,3,2,50,3
SF,IF2012,2020-05-22 09:34:17.500,3726.0000,4192,0,202371840.000,0,-,-,-,-,3725.4000,3723.6000,3723.0000,3722.4000,3722.2000,3728.2000,3729.8000,3730.0000,3733.0000,3733.6000,1,1,1,1,1,6,2,50,3,1
SF,IF2012,2020-05-22 09:34:18.000,3726.0000,4192,0,202371840.000,0,-,-,-,-,3725.6000,3725.4000,3723.6000,3723.0000,3722.4000,3728.2000,3729.8000,3730.0000,3733.0000,3733.6000,1,1,1,1,1,4,2,50,3,1
SF,IF2012,2020-05-22 09:34:18.500,3726.0000,4192,0,202371840.000,0,-,-,-,-,3725.6000,3725.4000,3723.6000,3723.0000,3722.4000,3728.2000,3729.8000,3730.0000,3733.0000,3733.6000,1,1,1,1,1,2,2,50,3,1
SF,IF2012,2020-05-22 09:34:19.500,3726.0000,4192,0,202371840.000,0,-,-,-,-,3725.6000,3723.6000,3722.4000,3722.2000,3722.0000,3728.2000,3729.8000,3730.0000,3733.0000,3733.6000,1,1,1,1,1,2,2,50,3,1
SF,IF2012,2020-05-22 09:34:20.000,3726.0000,4192,0,202371840.000,0,-,-,-,-,3725.8000,3725.6000,3723.6000,3722.4000,3722.2000,3728.2000,3729.8000,3730.0000,3733.0000,3733.6000,1,1,1,1,3,2,2,50,3,1
SF,IF2012,2020-05-22 09:34:21.000,3726.0000,4192,0,202371840.000,0,-,-,-,-,3725.8000,3725.6000,3723.6000,3722.4000,3722.2000,3728.0000,3728.2000,3729.8000,3730.0000,3733.0000,1,1,1,1,3,2,2,2,50,3
SF,IF2012,2020-05-22 09:34:21.500,3726.0000,4192,0,202371840.000,0,-,-,-,-,3723.6000,3722.4000,3722.2000,3722.0000,3721.8000,3727.8000,3728.0000,3729.8000,3730.0000,3733.0000,1,1,3,1,1,4,1,2,50,3
SF,IF2012,2020-05-22 09:34:22.000,3726.0000,4192,0,202371840.000,0,-,-,-,-,3723.8000,3723.6000,3722.4000,3722.2000,3722.0000,3727.6000,3727.8000,3728.0000,3729.8000,3730.0000,2,1,1,3,1,1,2,1,2,50
SF,IF2012,2020-05-22 09:34:22.500,3726.0000,4192,0,202371840.000,0,-,-,-,-,3725.0000,3723.8000,3723.6000,3722.4000,3722.2000,3727.4000,3727.6000,3729.8000,3730.0000,3733.0000,1,2,1,1,3,2,1,2,50,3
SF,IF2012,2020-05-22 09:34:23.000,3726.0000,4192,0,202371840.000,0,-,-,-,-,3725.2000,3723.8000,3723.6000,3722.4000,3722.2000,3727.4000,3727.6000,3729.8000,3730.0000,3733.0000,2,2,1,1,3,1,1,2,50,3
SF,IF2012,2020-05-22 09:34:23.500,3726.0000,4192,0,202371840.000,0,-,-,-,-,3725.4000,3725.2000,3723.8000,3723.6000,3722.4000,3727.4000,3727.6000,3729.8000,3730.0000,3733.0000,1,3,2,1,1,1,1,2,50,3
SF,IF2012,2020-05-22 09:34:24.000,3726.0000,4192,0,202371840.000,0,-,-,-,-,3725.4000,3725.2000,3723.8000,3723.6000,3722.8000,3727.4000,3729.8000,3730.0000,3733.0000,3733.6000,1,3,2,1,1,1,2,50,3,1
SF,IF2012,2020-05-22 09:34:24.500,3726.0000,4192,0,202371840.000,0,-,-,-,-,3725.4000,3725.2000,3723.8000,3723.6000,3722.8000,3727.4000,3729.8000,3730.0000,3733.0000,3733.6000,1,1,2,1,1,1,2,50,3,1
SF,IF2012,2020-05-22 09:34:25.000,3726.0000,4192,0,202371840.000,0,-,-,-,-,3725.2000,3723.8000,3723.6000,3722.8000,3722.4000,3727.4000,3729.8000,3730.0000,3733.0000,3733.6000,1,2,1,1,1,1,2,50,3,1
SF,IF2012,2020-05-22 09:34:25.500,3726.0000,4192,0,202371840.000,0,-,-,-,-,3726.2000,3725.4000,3725.2000,3723.8000,3723.6000,3727.4000,3729.8000,3730.0000,3733.0000,3733.6000,1,1,1,2,1,1,2,50,3,1
SF,IF2012,2020-05-22 09:34:26.000,3726.2000,4192,0,203489700.000,1,0,1,多换,S,3725.4000,3725.2000,3723.8000,3723.6000,3722.8000,3727.4000,3729.8000,3730.0000,3733.0000,3733.6000,1,1,2,1,1,1,2,50,3,1
SF,IF2012,2020-05-22 09:34:26.500,3726.2000,4192,0,203489700.000,0,-,-,-,-,3725.6000,3725.4000,3725.2000,3723.8000,3723.6000,3727.4000,3729.8000,3730.0000,3733.0000,3733.6000,1,1,1,1,1,1,2,50,3,1
SF,IF2012,2020-05-22 09:34:27.000,3726.2000,4192,0,203489700.000,0,-,-,-,-,3725.6000,3725.2000,3723.8000,3723.6000,3722.4000,3727.2000,3727.4000,3729.8000,3730.0000,3733.0000,2,1,1,1,1,1,1,2,50,3
SF,IF2012,2020-05-22 09:34:28.000,3726.2000,4192,0,203489700.000,0,-,-,-,-,3725.8000,3725.6000,3725.2000,3723.8000,3723.6000,3727.4000,3729.8000,3730.0000,3733.0000,3733.6000,2,1,1,1,1,1,2,50,3,1
SF,IF2012,2020-05-22 09:34:28.500,3726.2000,4192,0,203489700.000,0,-,-,-,-,3726.0000,3725.6000,3725.2000,3723.8000,3723.6000,3727.4000,3729.8000,3730.0000,3733.0000,3733.6000,2,1,1,1,1,1,2,50,3,1
SF,IF2012,2020-05-22 09:34:29.000,3726.2000,4192,0,203489700.000,0,-,-,-,-,3726.0000,3725.6000,3725.2000,3724.4000,3723.8000,3727.4000,3729.8000,3730.0000,3733.0000,3733.6000,2,1,1,1,1,1,2,50,3,1
SF,IF2012,2020-05-22 09:34:29.500,3726.2000,4192,0,203489700.000,0,-,-,-,-,3725.6000,3725.2000,3724.4000,3723.8000,3723.6000,3727.4000,3729.8000,3730.0000,3733.0000,3733.6000,1,1,1,1,1,1,2,50,3,1
SF,IF2012,2020-05-22 09:34:30.000,3726.2000,4192,0,203489700.000,0,-,-,-,-,3724.4000,3723.8000,3723.6000,3722.4000,3722.2000,3727.2000,3727.4000,3729.8000,3730.0000,3733.0000,1,1,1,1,3,1,1,2,50,3
SF,IF2012,2020-05-22 09:34:30.500,3726.2000,4192,0,203489700.000,0,-,-,-,-,3725.8000,3724.6000,3724.4000,3723.8000,3723.6000,3727.2000,3727.4000,3729.8000,3730.0000,3733.0000,1,2,1,1,1,1,1,2,50,3
SF,IF2012,2020-05-22 09:34:31.000,3726.2000,4192,0,203489700.000,0,-,-,-,-,3725.8000,3724.6000,3724.4000,3723.6000,3722.4000,3727.4000,3729.8000,3730.0000,3733.0000,3733.6000,1,1,1,1,1,1,2,50,3,1
SF,IF2012,2020-05-22 09:34:31.500,3726.2000,4192,0,203489700.000,0,-,-,-,-,3724.6000,3724.4000,3723.6000,3722.4000,3722.2000,3727.4000,3729.8000,3730.0000,3733.0000,3733.6000,1,1,1,1,3,1,2,50,3,1
SF,IF2012,2020-05-22 09:34:32.000,3726.2000,4192,0,203489700.000,0,-,-,-,-,3726.0000,3724.8000,3724.6000,3724.4000,3723.6000,3727.4000,3729.8000,3730.0000,3733.0000,3733.6000,1,2,1,1,1,1,2,50,3,1
SF,IF2012,2020-05-22 09:34:32.500,3726.2000,4192,0,203489700.000,0,-,-,-,-,3726.0000,3724.6000,3724.4000,3723.6000,3722.4000,3727.4000,3729.8000,3730.0000,3733.0000,3733.6000,1,1,1,1,1,1,2,50,3,1
SF,IF2012,2020-05-22 09:34:33.000,3726.2000,4192,0,203489700.000,0,-,-,-,-,3726.2000,3726.0000,3724.6000,3724.4000,3723.6000,3727.4000,3729.8000,3730.0000,3733.0000,3733.6000,1,1,1,1,1,1,2,50,3,1
SF,IF2012,2020-05-22 09:34:33.500,3726.2000,4192,0,203489700.000,0,-,-,-,-,3726.0000,3724.6000,3724.4000,3723.6000,3722.4000,3727.2000,3729.8000,3730.0000,3733.0000,3733.6000,1,1,1,1,1,1,2,50,3,1
SF,IF2012,2020-05-22 09:34:34.500,3726.2000,4192,0,203489700.000,0,-,-,-,-,3726.0000,3724.6000,3724.4000,3723.6000,3722.4000,3729.8000,3730.0000,3733.0000,3733.6000,3735.0000,1,1,1,1,1,2,50,3,1,5
SF,IF2012,2020-05-22 09:34:35.000,3726.2000,4192,0,203489700.000,0,-,-,-,-,3726.0000,3724.6000,3724.4000,3723.6000,3722.4000,3729.4000,3729.6000,3729.8000,3730.0000,3733.0000,1,1,1,1,1,8,4,2,50,3
SF,IF2012,2020-05-22 09:34:35.500,3726.2000,4192,0,203489700.000,0,-,-,-,-,3726.0000,3724.6000,3724.4000,3723.6000,3722.4000,3729.2000,3729.4000,3729.6000,3729.8000,3730.0000,1,1,1,1,1,3,8,1,2,50
SF,IF2012,2020-05-22 09:34:36.000,3726.2000,4192,0,203489700.000,0,-,-,-,-,3726.0000,3724.6000,3724.4000,3723.6000,3722.4000,3729.2000,3729.4000,3729.8000,3730.0000,3733.0000,1,1,1,1,1,3,8,2,50,3
SF,IF2012,2020-05-22 09:34:36.500,3726.2000,4192,0,203489700.000,0,-,-,-,-,3726.4000,3726.2000,3726.0000,3724.4000,3723.6000,3729.2000,3729.8000,3730.0000,3733.0000,3733.6000,1,1,1,1,1,3,2,50,3,1
SF,IF2012,2020-05-22 09:34:37.000,3726.2000,4192,0,203489700.000,0,-,-,-,-,3726.6000,3726.0000,3724.4000,3723.6000,3722.4000,3729.0000,3729.2000,3729.8000,3730.0000,3733.0000,1,1,1,5,1,2,3,2,50,3
SF,IF2012,2020-05-22 09:34:37.500,3726.2000,4192,0,203489700.000,0,-,-,-,-,3726.6000,3724.4000,3723.6000,3722.4000,3722.2000,3728.8000,3729.0000,3729.8000,3730.0000,3733.0000,1,1,5,1,3,3,2,2,50,3
SF,IF2012,2020-05-22 09:34:38.000,3726.2000,4192,0,203489700.000,0,-,-,-,-,3726.6000,3724.4000,3723.6000,3722.4000,3722.2000,3728.8000,3730.0000,3733.0000,3733.6000,3735.0000,1,1,5,1,3,3,50,3,1,5
SF,IF2012,2020-05-22 09:34:38.500,3726.2000,4192,0,203489700.000,0,-,-,-,-,3726.6000,3724.4000,3723.6000,3722.4000,3722.2000,3728.8000,3730.0000,3733.0000,3733.6000,3735.0000,1,1,5,1,3,1,50,3,1,5
SF,IF2012,2020-05-22 09:34:39.000,3726.2000,4192,0,203489700.000,0,-,-,-,-,3724.4000,3723.6000,3722.4000,3722.2000,3722.0000,3728.6000,3728.8000,3730.0000,3733.0000,3733.6000,1,5,1,3,1,2,1,50,3,1
SF,IF2012,2020-05-22 09:34:39.500,3726.2000,4192,0,203489700.000,0,-,-,-,-,3724.6000,3724.4000,3723.6000,3722.4000,3722.2000,3728.4000,3728.6000,3730.0000,3733.0000,3733.6000,1,1,5,1,3,3,2,50,3,1
SF,IF2012,2020-05-22 09:34:40.000,3726.2000,4192,0,203489700.000,0,-,-,-,-,3724.6000,3724.4000,3723.6000,3722.4000,3722.2000,3728.4000,3730.0000,3733.0000,3733.6000,3735.0000,1,1,5,1,3,3,50,3,1,5
SF,IF2012,2020-05-22 09:34:40.500,3726.2000,4192,0,203489700.000,0,-,-,-,-,3724.8000,3724.6000,3724.4000,3723.6000,3722.4000,3728.4000,3730.0000,3733.0000,3733.6000,3735.0000,1,1,1,5,1,1,50,3,1,5
SF,IF2012,2020-05-22 09:34:41.000,3726.2000,4192,0,203489700.000,0,-,-,-,-,3725.0000,3724.8000,3724.4000,3723.6000,3722.4000,3728.4000,3730.0000,3733.0000,3733.6000,3735.0000,1,1,1,1,1,1,50,3,1,5
SF,IF2012,2020-05-22 09:34:41.500,3726.2000,4192,0,203489700.000,0,-,-,-,-,3725.4000,3725.0000,3724.8000,3724.4000,3723.6000,3728.4000,3730.0000,3733.0000,3733.6000,3735.0000,1,1,1,1,1,1,50,3,1,5
SF,IF2012,2020-05-22 09:34:42.000,3726.2000,4192,0,203489700.000,0,-,-,-,-,3725.6000,3725.4000,3724.8000,3724.4000,3723.6000,3730.0000,3733.0000,3733.6000,3735.0000,3736.0000,1,2,1,1,1,50,3,1,5,116
SF,IF2012,2020-05-22 09:34:42.500,3726.2000,4192,0,203489700.000,0,-,-,-,-,3725.6000,3724.8000,3724.4000,3723.6000,3722.4000,3729.8000,3730.0000,3733.0000,3733.6000,3735.0000,1,1,1,1,1,3,50,3,1,5
SF,IF2012,2020-05-22 09:34:43.500,3726.2000,4192,0,203489700.000,0,-,-,-,-,3726.2000,3726.0000,3725.6000,3724.8000,3724.4000,3729.8000,3730.0000,3733.0000,3733.6000,3735.0000,1,2,2,1,1,3,50,3,1,5
SF,IF2012,2020-05-22 09:34:44.000,3726.2000,4192,0,203489700.000,0,-,-,-,-,3726.4000,3726.2000,3726.0000,3725.6000,3724.8000,3729.8000,3730.0000,3733.0000,3733.6000,3735.0000,1,2,2,1,1,3,50,3,1,5
SF,IF2012,2020-05-22 09:34:44.500,3726.2000,4192,0,203489700.000,0,-,-,-,-,3726.4000,3726.2000,3726.0000,3725.6000,3724.8000,3729.6000,3729.8000,3730.0000,3733.0000,3733.6000,1,2,1,1,1,1,3,50,3,1
SF,IF2012,2020-05-22 09:34:45.000,3726.2000,4192,0,203489700.000,0,-,-,-,-,3726.2000,3726.0000,3725.6000,3724.4000,3723.6000,3729.4000,3729.6000,3730.0000,3733.0000,3733.6000,1,1,1,1,1,11,3,50,3,1
SF,IF2012,2020-05-22 09:34:45.500,3726.2000,4192,0,203489700.000,0,-,-,-,-,3726.4000,3726.2000,3725.6000,3724.4000,3723.6000,3729.0000,3729.4000,3729.6000,3730.0000,3733.0000,1,1,1,1,1,1,11,2,50,3
SF,IF2012,2020-05-22 09:34:46.000,3726.2000,4192,0,203489700.000,0,-,-,-,-,3726.4000,3726.2000,3725.6000,3724.4000,3723.6000,3728.8000,3729.0000,3729.4000,3730.0000,3733.0000,1,1,1,1,1,3,1,8,50,3
SF,IF2012,2020-05-22 09:34:46.500,3726.2000,4192,0,203489700.000,0,-,-,-,-,3726.4000,3726.2000,3725.6000,3724.4000,3723.6000,3728.8000,3729.0000,3729.4000,3730.0000,3733.0000,2,1,1,1,1,3,1,8,50,3
SF,IF2012,2020-05-22 09:34:47.000,3726.2000,4192,0,203489700.000,0,-,-,-,-,3726.4000,3725.6000,3724.4000,3724.0000,3723.6000,3728.8000,3729.0000,3730.0000,3733.0000,3733.6000,2,1,1,1,1,3,1,50,3,1
SF,IF2012,2020-05-22 09:34:47.500,3726.2000,4192,0,203489700.000,0,-,-,-,-,3726.6000,3726.4000,3725.6000,3724.4000,3724.0000,3728.4000,3728.8000,3730.0000,3733.0000,3733.6000,1,1,1,1,1,1,3,50,3,1
SF,IF2012,2020-05-22 09:34:48.000,3726.2000,4192,0,203489700.000,0,-,-,-,-,3726.6000,3726.4000,3725.6000,3724.4000,3724.0000,3728.4000,3728.8000,3730.0000,3733.0000,3733.6000,4,1,1,1,1,1,2,50,3,1
SF,IF2012,2020-05-22 09:34:48.500,3726.2000,4192,0,203489700.000,0,-,-,-,-,3726.6000,3726.4000,3724.4000,3724.0000,3723.6000,3728.4000,3728.8000,3730.0000,3733.0000,3733.6000,4,1,1,1,1,1,2,50,3,1
SF,IF2012,2020-05-22 09:34:49.000,3726.2000,4192,0,203489700.000,0,-,-,-,-,3726.6000,3726.4000,3724.4000,3724.0000,3723.6000,3728.8000,3730.0000,3733.0000,3733.6000,3735.0000,3,1,1,1,1,2,50,3,1,5
SF,IF2012,2020-05-22 09:34:49.500,3726.2000,4192,0,203489700.000,0,-,-,-,-,3726.6000,3726.4000,3724.4000,3724.0000,3723.6000,3728.6000,3728.8000,3730.0000,3733.0000,3733.6000,3,1,1,1,1,1,1,50,3,1
SF,IF2012,2020-05-22 09:34:50.000,3726.2000,4192,0,203489700.000,0,-,-,-,-,3726.6000,3726.4000,3724.4000,3724.0000,3723.6000,3728.6000,3728.8000,3730.0000,3733.0000,3733.6000,3,1,1,1,1,4,1,50,3,1
SF,IF2012,2020-05-22 09:34:50.500,3726.2000,4192,0,203489700.000,0,-,-,-,-,3726.6000,3726.4000,3724.4000,3724.0000,3723.6000,3728.6000,3728.8000,3730.0000,3733.0000,3733.6000,1,1,1,1,1,4,1,50,3,1
SF,IF2012,2020-05-22 09:34:51.000,3726.2000,4192,0,203489700.000,0,-,-,-,-,3726.6000,3726.4000,3724.4000,3724.0000,3723.6000,3728.4000,3728.6000,3730.0000,3733.0000,3733.6000,1,1,1,1,1,1,4,50,3,1
SF,IF2012,2020-05-22 09:34:51.500,3726.6000,4192,0,204607680.000,1,0,1,多换,S,3726.8000,3724.4000,3724.0000,3723.6000,3722.8000,3728.2000,3728.4000,3728.6000,3730.0000,3733.0000,1,1,1,1,1,1,2,2,50,3
SF,IF2012,2020-05-22 09:34:52.000,3728.0000,4191,-1,206844060.000,2,0,2,多平,S,3724.4000,3724.0000,3723.6000,3722.8000,3722.2000,3728.0000,3728.2000,3728.6000,3729.8000,3730.0000,1,1,1,1,3,1,2,2,1,50
SF,IF2012,2020-05-22 09:34:52.500,3728.0000,4191,0,206844060.000,0,-,-,-,-,3724.6000,3724.4000,3724.0000,3723.6000,3722.8000,3727.8000,3728.0000,3728.2000,3729.8000,3730.0000,1,1,1,1,1,4,1,1,1,50
SF,IF2012,2020-05-22 09:34:53.000,3728.0000,4191,0,206844060.000,0,-,-,-,-,3725.0000,3724.6000,3724.0000,3723.6000,3722.8000,3727.6000,3727.8000,3729.8000,3730.0000,3733.0000,1,1,1,1,1,1,4,1,50,3
SF,IF2012,2020-05-22 09:34:53.500,3728.0000,4191,0,206844060.000,0,-,-,-,-,3725.2000,3725.0000,3724.8000,3724.0000,3723.6000,3727.4000,3727.6000,3727.8000,3729.8000,3730.0000,1,2,1,1,1,1,2,2,1,50
SF,IF2012,2020-05-22 09:34:54.000,3728.0000,4191,0,206844060.000,0,-,-,-,-,3725.2000,3724.8000,3724.0000,3723.6000,3722.8000,3727.4000,3727.6000,3727.8000,3729.8000,3730.0000,1,1,1,1,1,1,2,2,1,50
SF,IF2012,2020-05-22 09:34:54.500,3728.0000,4191,0,206844060.000,0,-,-,-,-,3725.2000,3724.0000,3723.6000,3722.8000,3722.2000,3727.2000,3727.4000,3727.6000,3727.8000,3729.8000,1,1,1,1,3,1,1,2,3,1
SF,IF2012,2020-05-22 09:34:55.000,3728.0000,4191,0,206844060.000,0,-,-,-,-,3725.6000,3725.4000,3725.2000,3724.0000,3723.6000,3727.0000,3727.2000,3727.6000,3727.8000,3729.8000,1,1,1,1,1,1,1,2,3,1
SF,IF2012,2020-05-22 09:34:55.500,3728.0000,4191,0,206844060.000,0,-,-,-,-,3725.6000,3725.4000,3725.2000,3723.6000,3722.8000,3727.2000,3727.6000,3727.8000,3729.8000,3730.0000,1,1,1,1,1,1,2,3,1,50
SF,IF2012,2020-05-22 09:34:56.000,3728.0000,4191,0,206844060.000,0,-,-,-,-,3725.8000,3725.6000,3725.4000,3725.2000,3723.6000,3727.6000,3727.8000,3729.8000,3730.0000,3733.0000,1,1,1,1,1,2,3,1,50,3
SF,IF2012,2020-05-22 09:34:56.500,3728.0000,4191,0,206844060.000,0,-,-,-,-,3726.0000,3725.8000,3725.2000,3723.6000,3722.8000,3727.8000,3729.8000,3730.0000,3733.0000,3733.6000,1,1,1,1,1,3,1,50,3,1
SF,IF2012,2020-05-22 09:34:57.000,3728.0000,4191,0,206844060.000,0,-,-,-,-,3726.0000,3725.2000,3723.6000,3722.8000,3722.2000,3727.4000,3727.8000,3729.8000,3730.0000,3733.0000,1,1,1,1,3,1,1,1,50,3
SF,IF2012,2020-05-22 09:34:58.000,3728.0000,4191,0,206844060.000,0,-,-,-,-,3726.0000,3725.2000,3723.6000,3722.8000,3722.2000,3727.4000,3727.8000,3729.8000,3730.0000,3733.0000,1,1,1,1,3,1,1,1,50,3
SF,IF2012,2020-05-22 09:34:58.500,3728.0000,4191,0,206844060.000,0,-,-,-,-,3726.0000,3725.2000,3723.6000,3722.8000,3722.2000,3727.4000,3729.8000,3730.0000,3733.0000,3733.6000,1,1,3,1,3,1,1,50,3,1
