市场代码,合约代码,时间,最新,持仓,增仓,成交额,成交量,开仓,平仓,成交类型,方向,买一价,买二价,买三价,买四价,买五价,卖一价,卖二价,卖三价,卖四价,卖五价,买一量,买二量,买三量,买四量,买五量,卖一量,卖二量,卖三量,卖四量,卖五量
SF,IF2001,2019-11-19 09:29:00.200,3905.6000,322,0,0.000,0.000,-,-,-,-,3897.6000,3893.4000,3892.4000,3892.2000,3890.6000,3900.8000,3904.2000,3907.6000,3910.0000,3911.4000,1,5,3,1,1,1,1,4,1,5
SF,IF2001,2019-11-19 09:30:00.200,3905.6000,322,0,0.000,0,-,-,-,-,3897.6000,3896.2000,3892.4000,3892.2000,3890.6000,3900.8000,3907.6000,3910.0000,3912.6000,3914.6000,2,1,2,1,1,1,4,1,5,1
SF,IF2001,2019-11-19 09:30:00.700,3905.6000,322,0,0.000,0,-,-,-,-,3898.4000,3898.2000,3897.6000,3896.2000,3895.2000,3900.8000,3901.2000,3907.6000,3912.6000,3914.6000,1,3,1,1,1,2,1,4,5,1
SF,IF2001,2019-11-19 09:30:01.200,3905.6000,322,0,0.000,0,-,-,-,-,3898.6000,3898.4000,3896.2000,3895.2000,3892.2000,3900.8000,3901.2000,3907.6000,3912.6000,3914.6000,2,1,1,1,1,2,1,4,5,1
SF,IF2001,2019-11-19 09:30:01.700,3905.6000,322,0,0.000,0,-,-,-,-,3897.4000,3896.2000,3895.2000,3892.2000,3890.6000,3900.0000,3900.8000,3901.2000,3905.0000,3907.6000,1,1,1,1,1,1,2,1,5,4
SF,IF2001,2019-11-19 09:30:02.200,3905.6000,322,0,0.000,0,-,-,-,-,3898.2000,3897.8000,3897.6000,3897.4000,3896.2000,3900.0000,3900.8000,3901.2000,3905.0000,3907.6000,1,3,1,1,1,1,1,1,5,4
SF,IF2001,2019-11-19 09:30:02.700,3905.6000,322,0,0.000,0,-,-,-,-,3898.4000,3898.2000,3897.4000,3896.2000,3895.2000,3900.0000,3900.8000,3901.2000,3905.0000,3907.6000,1,1,1,1,1,2,1,1,5,4
SF,IF2001,2019-11-19 09:30:03.200,3905.6000,322,0,0.000,0,-,-,-,-,3898.4000,3897.4000,3896.2000,3895.2000,3892.2000,3900.0000,3900.8000,3901.2000,3905.0000,3907.6000,1,1,1,1,1,1,1,1,5,4
SF,IF2001,2019-11-19 09:30:03.700,3905.6000,322,0,0.000,0,-,-,-,-,3898.4000,3897.4000,3896.2000,3895.2000,3892.2000,3900.0000,3900.8000,3901.2000,3905.0000,3907.6000,1,1,1,1,1,2,1,1,5,4
SF,IF2001,2019-11-19 09:30:04.200,3905.6000,322,0,0.000,0,-,-,-,-,3898.4000,3897.4000,3896.2000,3895.2000,3892.2000,3900.0000,3900.8000,3901.2000,3905.0000,3907.6000,1,1,1,1,1,1,1,1,5,4
SF,IF2001,2019-11-19 09:30:05.200,3905.6000,322,0,0.000,0,-,-,-,-,3898.4000,3897.4000,3896.2000,3895.2000,3892.2000,3900.8000,3901.2000,3905.0000,3907.6000,3912.6000,2,1,1,1,1,1,1,5,4,5
SF,IF2001,2019-11-19 09:30:05.700,3900.8000,323,1,1170240.000,1,1,0,双开,S,3898.4000,3897.4000,3896.2000,3895.2000,3892.2000,3901.2000,3905.0000,3907.6000,3912.6000,3914.6000,2,1,1,1,1,1,5,4,5,1
SF,IF2001,2019-11-19 09:30:06.200,3900.8000,323,0,1170240.000,0,-,-,-,-,3898.4000,3897.4000,3896.2000,3895.2000,3892.2000,3901.0000,3901.2000,3905.0000,3907.6000,3912.6000,2,1,1,1,1,1,2,5,4,5
SF,IF2001,2019-11-19 09:30:06.700,3900.8000,323,0,1170240.000,0,-,-,-,-,3899.2000,3898.4000,3897.4000,3896.2000,3895.2000,3901.2000,3905.0000,3907.6000,3912.6000,3914.6000,1,2,1,1,1,1,5,4,5,1
SF,IF2001,2019-11-19 09:30:07.200,3900.8000,323,0,1170240.000,0,-,-,-,-,3899.4000,3899.2000,3898.4000,3897.4000,3896.2000,3901.2000,3905.0000,3907.6000,3912.6000,3914.6000,1,1,1,1,1,1,5,4,5,1
SF,IF2001,2019-11-19 09:30:07.700,3900.8000,323,0,1170240.000,0,-,-,-,-,3899.4000,3899.2000,3898.4000,3897.4000,3896.2000,3901.2000,3905.0000,3907.6000,3912.6000,3914.6000,2,1,1,1,1,1,6,4,5,1
SF,IF2001,2019-11-19 09:30:08.200,3899.4000,323,0,2340060.000,1,0,1,多换,S,3899.4000,3899.2000,3898.4000,3897.4000,3896.2000,3902.0000,3905.0000,3907.6000,3912.6000,3914.6000,1,1,1,1,1,2,5,4,5,1
SF,IF2001,2019-11-19 09:30:09.700,3899.4000,323,0,2340060.000,0,-,-,-,-,3899.4000,3899.2000,3898.4000,3897.4000,3896.2000,3902.0000,3905.0000,3907.6000,3914.6000,3915.6000,1,1,1,1,1,2,5,2,1,1
SF,IF2001,2019-11-19 09:30:10.200,3899.4000,323,0,2340060.000,0,-,-,-,-,3899.6000,3899.4000,3899.2000,3898.4000,3897.4000,3902.0000,3905.0000,3907.6000,3914.6000,3915.6000,1,1,1,1,1,2,5,2,1,1
SF,IF2001,2019-11-19 09:30:10.700,3899.4000,323,0,2340060.000,0,-,-,-,-,3900.0000,3899.6000,3899.2000,3898.4000,3897.4000,3902.0000,3905.0000,3907.6000,3914.6000,3915.6000,1,2,1,1,1,2,5,2,1,1
SF,IF2001,2019-11-19 09:30:11.200,3899.4000,323,0,2340060.000,0,-,-,-,-,3900.0000,3899.2000,3898.4000,3897.4000,3896.2000,3902.0000,3903.0000,3907.6000,3910.0000,3914.6000,2,1,1,1,1,1,1,2,5,1
SF,IF2001,2019-11-19 09:30:11.700,3899.4000,323,0,2340060.000,0,-,-,-,-,3900.2000,3900.0000,3899.2000,3898.4000,3897.4000,3902.0000,3903.0000,3907.6000,3910.0000,3914.6000,1,1,1,1,1,1,1,2,5,1
SF,IF2001,2019-11-19 09:30:13.700,3899.4000,323,0,2340060.000,0,-,-,-,-,3900.8000,3900.2000,3900.0000,3899.2000,3898.4000,3902.0000,3903.0000,3907.6000,3910.0000,3914.6000,1,1,1,1,1,1,1,2,5,1
SF,IF2001,2019-11-19 09:30:14.200,3899.4000,323,0,2340060.000,0,-,-,-,-,3900.8000,3900.0000,3899.2000,3898.4000,3896.2000,3902.0000,3903.0000,3907.6000,3910.0000,3914.6000,1,1,1,1,1,1,1,2,5,1
SF,IF2001,2019-11-19 09:30:15.700,3900.8000,323,0,3510300.000,1,0,1,多换,S,3900.0000,3899.2000,3898.4000,3896.2000,3895.2000,3902.0000,3903.0000,3907.6000,3910.0000,3914.6000,1,1,1,1,1,1,1,2,5,1
SF,IF2001,2019-11-19 09:30:18.200,3900.8000,323,0,3510300.000,0,-,-,-,-,3900.8000,3900.0000,3899.2000,3898.4000,3896.2000,3902.0000,3903.0000,3907.6000,3910.0000,3914.6000,1,1,1,1,1,1,1,2,5,1
SF,IF2001,2019-11-19 09:30:18.700,3900.8000,323,0,3510300.000,0,-,-,-,-,3900.0000,3899.2000,3898.4000,3896.2000,3895.2000,3902.0000,3903.0000,3907.6000,3910.0000,3914.6000,1,1,1,1,1,1,1,2,5,1
SF,IF2001,2019-11-19 09:30:19.700,3900.8000,323,0,3510300.000,0,-,-,-,-,3900.8000,3900.0000,3899.2000,3898.4000,3896.2000,3902.0000,3903.0000,3907.6000,3910.0000,3914.6000,1,1,1,1,1,1,1,2,5,1
SF,IF2001,2019-11-19 09:30:22.700,3900.8000,323,0,3510300.000,0,-,-,-,-,3901.2000,3900.8000,3900.0000,3899.2000,3898.4000,3902.0000,3903.0000,3907.6000,3910.0000,3914.6000,1,1,1,1,1,1,1,2,5,1
SF,IF2001,2019-11-19 09:30:23.700,3900.8000,323,0,3510300.000,0,-,-,-,-,3900.8000,3900.0000,3899.2000,3898.4000,3896.2000,3902.0000,3903.0000,3907.6000,3910.0000,3914.6000,1,1,1,1,1,1,1,2,5,1
SF,IF2001,2019-11-19 09:30:26.200,3900.8000,323,0,3510300.000,0,-,-,-,-,3900.0000,3899.2000,3898.4000,3896.2000,3895.2000,3902.0000,3903.0000,3907.6000,3910.0000,3914.6000,1,1,1,1,1,1,1,2,5,1
SF,IF2001,2019-11-19 09:30:27.700,3900.8000,323,0,3510300.000,0,-,-,-,-,3900.0000,3899.2000,3898.4000,3896.2000,3895.2000,3902.0000,3902.2000,3903.0000,3907.6000,3910.0000,1,1,1,1,1,1,1,1,2,5
SF,IF2001,2019-11-19 09:30:32.200,3900.0000,322,-1,4680300.000,1,0,1,双平,S,3899.2000,3898.4000,3896.2000,3895.2000,3892.2000,3902.0000,3902.2000,3903.0000,3907.6000,3910.0000,1,1,1,1,1,1,1,1,2,5
SF,IF2001,2019-11-19 09:30:33.700,3900.0000,322,0,4680300.000,0,-,-,-,-,3899.4000,3899.2000,3898.4000,3896.2000,3895.2000,3902.0000,3902.2000,3903.0000,3907.6000,3910.0000,1,1,1,1,1,1,1,1,2,5
SF,IF2001,2019-11-19 09:30:34.200,3900.0000,322,0,4680300.000,0,-,-,-,-,3900.0000,3899.4000,3899.2000,3898.4000,3896.2000,3902.0000,3902.2000,3903.0000,3907.6000,3910.0000,1,1,1,1,1,1,1,1,2,5
SF,IF2001,2019-11-19 09:30:36.700,3900.0000,322,0,4680300.000,0,-,-,-,-,3900.0000,3899.2000,3898.4000,3896.2000,3895.2000,3902.0000,3902.2000,3903.0000,3907.6000,3910.0000,1,1,1,1,1,1,1,1,2,5
SF,IF2001,2019-11-19 09:30:37.200,3900.0000,322,0,4680300.000,0,-,-,-,-,3900.4000,3900.0000,3899.2000,3898.4000,3896.2000,3902.0000,3902.2000,3903.0000,3907.6000,3910.0000,1,1,1,1,1,1,1,1,2,5
SF,IF2001,2019-11-19 09:30:38.700,3900.0000,322,0,4680300.000,0,-,-,-,-,3900.0000,3899.2000,3898.4000,3896.2000,3895.2000,3902.0000,3902.2000,3903.0000,3907.6000,3910.0000,1,1,1,1,1,1,1,1,2,5
SF,IF2001,2019-11-19 09:30:40.700,3900.0000,322,0,4680300.000,0,-,-,-,-,3900.2000,3900.0000,3899.2000,3898.4000,3896.2000,3902.0000,3902.2000,3903.0000,3907.6000,3910.0000,1,1,1,1,1,1,1,1,2,5
SF,IF2001,2019-11-19 09:30:41.700,3900.0000,322,0,4680300.000,0,-,-,-,-,3900.0000,3899.2000,3898.4000,3896.2000,3895.2000,3902.0000,3902.2000,3903.0000,3907.6000,3910.0000,1,1,1,1,1,1,1,1,2,5
SF,IF2001,2019-11-19 09:30:42.200,3900.0000,322,0,4680300.000,0,-,-,-,-,3900.0000,3899.2000,3898.4000,3896.2000,3895.2000,3902.0000,3902.2000,3903.0000,3907.6000,3910.0000,1,1,1,1,1,2,1,1,2,5
SF,IF2001,2019-11-19 09:30:45.200,3900.0000,322,0,4680300.000,0,-,-,-,-,3900.2000,3900.0000,3899.2000,3898.4000,3896.2000,3902.0000,3902.2000,3903.0000,3907.6000,3910.0000,1,1,1,1,1,2,1,1,2,5
SF,IF2001,2019-11-19 09:30:46.200,3900.0000,322,0,4680300.000,0,-,-,-,-,3900.0000,3899.2000,3898.4000,3896.2000,3895.2000,3902.0000,3902.2000,3903.0000,3907.6000,3910.0000,1,1,1,1,1,2,1,1,2,5
SF,IF2001,2019-11-19 09:30:46.700,3900.0000,322,0,4680300.000,0,-,-,-,-,3900.0000,3899.2000,3898.4000,3896.2000,3895.2000,3902.0000,3902.2000,3903.0000,3907.6000,3910.0000,1,1,1,1,1,1,1,1,2,5
SF,IF2001,2019-11-19 09:30:48.200,3900.0000,322,0,4680300.000,0,-,-,-,-,3900.6000,3900.0000,3899.2000,3898.4000,3896.2000,3902.0000,3902.2000,3903.0000,3907.6000,3910.0000,1,1,1,1,1,1,1,1,2,5
SF,IF2001,2019-11-19 09:30:49.200,3900.0000,322,0,4680300.000,0,-,-,-,-,3900.0000,3899.2000,3898.4000,3896.2000,3895.2000,3902.0000,3902.2000,3903.0000,3907.6000,3910.0000,1,1,1,1,1,1,1,1,2,5
SF,IF2001,2019-11-19 09:30:50.200,3900.0000,322,0,4680300.000,0,-,-,-,-,3900.6000,3900.0000,3899.2000,3898.4000,3896.2000,3902.0000,3902.2000,3903.0000,3907.6000,3910.0000,1,1,1,1,1,1,1,1,2,5
SF,IF2001,2019-11-19 09:30:50.700,3900.0000,322,0,4680300.000,0,-,-,-,-,3900.8000,3900.6000,3900.0000,3899.2000,3898.4000,3903.0000,3907.6000,3910.0000,3914.6000,3915.6000,1,2,1,1,1,1,2,5,1,1
SF,IF2001,2019-11-19 09:30:51.200,3900.0000,322,0,4680300.000,0,-,-,-,-,3900.8000,3900.6000,3900.0000,3899.2000,3898.4000,3902.8000,3903.0000,3907.6000,3910.0000,3914.6000,1,2,1,1,1,1,1,2,5,1
SF,IF2001,2019-11-19 09:30:51.700,3900.0000,322,0,4680300.000,0,-,-,-,-,3900.8000,3900.6000,3900.0000,3899.2000,3898.4000,3902.8000,3903.0000,3907.6000,3910.0000,3914.6000,1,1,1,1,1,1,1,2,5,1
SF,IF2001,2019-11-19 09:30:52.200,3900.0000,322,0,4680300.000,0,-,-,-,-,3901.2000,3900.8000,3900.6000,3900.0000,3899.2000,3902.8000,3903.0000,3907.6000,3910.0000,3914.6000,1,1,1,1,1,1,1,2,5,1
SF,IF2001,2019-11-19 09:30:53.700,3900.0000,322,0,4680300.000,0,-,-,-,-,3901.2000,3900.8000,3900.6000,3900.0000,3899.2000,3902.8000,3903.0000,3907.6000,3910.0000,3914.6000,1,1,1,1,1,1,1,2,5,1
SF,IF2001,2019-11-19 09:30:54.200,3900.0000,322,0,4680300.000,0,-,-,-,-,3901.6000,3901.2000,3900.8000,3900.6000,3900.0000,3902.8000,3903.8000,3907.6000,3910.0000,3914.6000,1,1,1,1,1,1,1,2,5,1
SF,IF2001,2019-11-19 09:30:54.700,3900.0000,322,0,4680300.000,0,-,-,-,-,3901.6000,3901.2000,3900.8000,3900.0000,3899.2000,3902.8000,3903.8000,3907.6000,3910.0000,3914.6000,1,1,1,1,1,1,1,2,5,1
SF,IF2001,2019-11-19 09:30:56.200,3900.0000,322,0,4680300.000,0,-,-,-,-,3901.2000,3900.8000,3900.0000,3899.2000,3896.2000,3902.8000,3903.8000,3907.6000,3910.0000,3914.6000,1,1,1,1,1,1,1,2,5,1
SF,IF2001,2019-11-19 09:30:56.700,3900.0000,322,0,4680300.000,0,-,-,-,-,3900.8000,3900.0000,3899.2000,3896.2000,3895.2000,3902.8000,3903.8000,3907.6000,3910.0000,3914.6000,1,1,1,1,1,1,1,2,5,1
SF,IF2001,2019-11-19 09:30:57.200,3900.0000,322,0,4680300.000,0,-,-,-,-,3901.8000,3900.8000,3900.0000,3899.2000,3896.2000,3902.8000,3903.8000,3907.6000,3910.0000,3914.6000,1,1,1,1,1,1,1,2,5,1
SF,IF2001,2019-11-19 09:30:59.200,3902.8000,321,-1,5851140.000,1,0,1,双平,S,3902.8000,3901.8000,3900.8000,3900.6000,3900.0000,3903.8000,3907.6000,3910.0000,3914.6000,3915.6000,1,1,1,1,1,1,2,5,1,1
SF,IF2001,2019-11-19 09:30:59.700,3902.8000,321,0,7021980.000,1,0,1,多换,S,3901.8000,3900.8000,3900.0000,3899.2000,3896.2000,3903.6000,3903.8000,3907.6000,3910.0000,3914.6000,1,1,1,1,1,1,1,2,5,1
SF,IF2001,2019-11-19 09:31:03.700,3902.8000,321,0,7021980.000,0,-,-,-,-,3900.8000,3900.0000,3899.2000,3896.2000,3895.2000,3903.6000,3903.8000,3907.6000,3910.0000,3914.6000,1,1,1,1,1,1,1,2,5,1
SF,IF2001,2019-11-19 09:31:04.200,3902.8000,321,0,7021980.000,0,-,-,-,-,3901.6000,3901.0000,3900.8000,3900.0000,3899.2000,3903.6000,3903.8000,3907.6000,3910.0000,3914.6000,1,2,1,1,1,1,1,2,5,1
SF,IF2001,2019-11-19 09:31:04.700,3902.8000,321,0,7021980.000,0,-,-,-,-,3901.8000,3901.6000,3900.8000,3900.0000,3899.2000,3903.6000,3903.8000,3907.6000,3910.0000,3914.6000,1,1,1,1,1,1,1,2,5,1
SF,IF2001,2019-11-19 09:31:05.200,3902.8000,321,0,7021980.000,0,-,-,-,-,3901.8000,3901.6000,3900.8000,3900.0000,3899.2000,3903.8000,3907.6000,3910.0000,3914.6000,3915.6000,2,1,1,1,1,1,2,5,1,1
SF,IF2001,2019-11-19 09:31:06.200,3902.8000,321,0,7021980.000,0,-,-,-,-,3902.2000,3901.8000,3901.6000,3900.8000,3900.0000,3903.8000,3907.6000,3910.0000,3914.6000,3915.6000,1,2,1,1,1,1,2,5,1,1
SF,IF2001,2019-11-19 09:31:06.700,3902.8000,321,0,7021980.000,0,-,-,-,-,3902.2000,3901.6000,3900.8000,3900.0000,3899.2000,3903.8000,3907.6000,3910.0000,3914.6000,3915.6000,2,1,1,1,1,1,2,5,1,1
SF,IF2001,2019-11-19 09:31:07.200,3902.8000,321,0,7021980.000,0,-,-,-,-,3902.2000,3901.6000,3900.8000,3900.0000,3899.2000,3903.8000,3907.6000,3910.0000,3914.6000,3915.6000,1,1,1,1,1,1,2,5,1,1
SF,IF2001,2019-11-19 09:31:07.700,3902.8000,321,0,7021980.000,0,-,-,-,-,3901.6000,3900.8000,3900.0000,3899.2000,3896.2000,3903.8000,3907.6000,3910.0000,3914.6000,3915.6000,1,1,1,1,1,1,2,5,1,1
SF,IF2001,2019-11-19 09:31:08.200,3902.8000,321,0,7021980.000,0,-,-,-,-,3902.4000,3901.8000,3901.6000,3900.8000,3900.0000,3904.6000,3907.6000,3910.0000,3914.6000,3915.6000,1,2,2,1,1,1,2,5,1,1
SF,IF2001,2019-11-19 09:31:08.700,3902.8000,321,0,7021980.000,0,-,-,-,-,3902.6000,3902.4000,3901.6000,3900.8000,3900.0000,3904.6000,3907.6000,3910.0000,3914.6000,3915.6000,1,1,2,1,1,1,2,5,1,1
SF,IF2001,2019-11-19 09:31:09.200,3902.8000,321,0,7021980.000,0,-,-,-,-,3902.6000,3902.4000,3901.6000,3900.8000,3900.0000,3904.6000,3907.6000,3910.0000,3914.6000,3915.6000,2,1,1,1,1,1,2,5,1,1
SF,IF2001,2019-11-19 09:31:10.700,3902.8000,321,0,7021980.000,0,-,-,-,-,3902.6000,3902.4000,3901.6000,3900.8000,3900.0000,3905.8000,3907.6000,3910.0000,3914.6000,3915.6000,2,1,1,1,1,1,2,5,1,1
SF,IF2001,2019-11-19 09:31:11.200,3902.8000,321,0,7021980.000,0,-,-,-,-,3902.6000,3902.4000,3901.6000,3900.8000,3900.0000,3905.6000,3905.8000,3907.6000,3910.0000,3914.6000,1,1,1,1,1,2,1,2,5,1
SF,IF2001,2019-11-19 09:31:12.200,3902.8000,321,0,7021980.000,0,-,-,-,-,3903.0000,3902.6000,3902.4000,3901.6000,3900.8000,3905.6000,3905.8000,3907.6000,3910.0000,3914.6000,1,1,1,1,1,2,1,2,5,1
SF,IF2001,2019-11-19 09:31:12.700,3902.8000,321,0,7021980.000,0,-,-,-,-,3903.0000,3902.4000,3901.6000,3900.8000,3900.0000,3905.6000,3905.8000,3907.6000,3910.0000,3914.6000,1,1,1,1,1,2,1,2,5,1
SF,IF2001,2019-11-19 09:31:13.200,3902.8000,321,0,7021980.000,0,-,-,-,-,3903.0000,3902.4000,3901.6000,3900.8000,3900.0000,3904.8000,3905.6000,3905.8000,3907.6000,3910.0000,1,1,1,1,1,1,2,1,2,5
SF,IF2001,2019-11-19 09:31:13.700,3902.8000,321,0,7021980.000,0,-,-,-,-,3902.4000,3901.6000,3900.8000,3900.0000,3896.2000,3905.8000,3907.6000,3910.0000,3914.6000,3915.6000,1,1,1,1,1,1,2,5,1,1
SF,IF2001,2019-11-19 09:31:14.200,3902.8000,321,0,7021980.000,0,-,-,-,-,3902.6000,3902.4000,3901.6000,3900.8000,3900.0000,3905.6000,3905.8000,3907.6000,3910.0000,3914.6000,1,1,1,1,1,2,1,2,5,1
SF,IF2001,2019-11-19 09:31:14.700,3902.8000,321,0,7021980.000,0,-,-,-,-,3902.8000,3902.6000,3902.4000,3901.6000,3900.8000,3905.6000,3905.8000,3907.6000,3910.0000,3914.6000,1,1,1,1,1,2,1,2,5,1
SF,IF2001,2019-11-19 09:31:15.200,3902.8000,321,0,7021980.000,0,-,-,-,-,3903.2000,3903.0000,3902.8000,3902.4000,3901.6000,3905.6000,3905.8000,3907.6000,3910.0000,3914.6000,1,1,1,1,1,2,1,2,5,1
SF,IF2001,2019-11-19 09:31:15.700,3902.8000,321,0,7021980.000,0,-,-,-,-,3903.2000,3902.8000,3902.4000,3901.6000,3900.8000,3905.6000,3905.8000,3907.6000,3910.0000,3914.6000,1,1,1,1,1,2,1,2,5,1
SF,IF2001,2019-11-19 09:31:17.200,3902.8000,321,0,7021980.000,0,-,-,-,-,3903.4000,3903.2000,3902.8000,3902.4000,3901.6000,3905.6000,3905.8000,3907.6000,3910.0000,3914.6000,1,1,1,1,1,2,1,2,5,1
SF,IF2001,2019-11-19 09:31:17.700,3905.6000,321,0,8193660.000,1,0,1,多换,S,3903.4000,3903.2000,3902.8000,3902.4000,3901.6000,3905.6000,3905.8000,3907.6000,3910.0000,3915.6000,1,1,1,1,1,1,1,2,5,1
SF,IF2001,2019-11-19 09:31:18.200,3905.6000,321,0,8193660.000,0,-,-,-,-,3903.6000,3903.4000,3903.2000,3902.8000,3902.4000,3905.8000,3907.6000,3910.0000,3915.6000,3966.0000,2,1,1,1,1,1,2,5,1,3
SF,IF2001,2019-11-19 09:31:18.700,3905.6000,321,0,8193660.000,0,-,-,-,-,3903.6000,3903.4000,3903.2000,3902.4000,3901.6000,3905.8000,3907.6000,3910.0000,3915.6000,3966.0000,2,1,1,1,1,1,2,5,1,3
SF,IF2001,2019-11-19 09:31:19.200,3905.6000,321,0,8193660.000,0,-,-,-,-,3904.0000,3903.6000,3903.4000,3903.2000,3902.4000,3905.8000,3907.6000,3910.0000,3915.6000,3966.0000,2,2,1,1,1,1,2,5,1,3
SF,IF2001,2019-11-19 09:31:19.700,3905.6000,321,0,8193660.000,0,-,-,-,-,3904.2000,3904.0000,3903.2000,3902.4000,3901.6000,3905.8000,3907.6000,3910.0000,3915.6000,3966.0000,1,2,1,1,1,1,2,5,1,3
SF,IF2001,2019-11-19 09:31:20.200,3905.6000,321,0,8193660.000,0,-,-,-,-,3904.2000,3904.0000,3903.2000,3902.4000,3901.6000,3905.8000,3907.6000,3910.0000,3915.6000,3966.0000,1,1,1,1,1,1,2,5,1,3
SF,IF2001,2019-11-19 09:31:20.700,3905.6000,321,0,8193660.000,0,-,-,-,-,3904.2000,3904.0000,3903.2000,3902.4000,3901.6000,3905.8000,3907.6000,3910.0000,3915.6000,3966.0000,1,2,1,1,1,1,2,5,1,3
SF,IF2001,2019-11-19 09:31:21.200,3905.6000,321,0,8193660.000,0,-,-,-,-,3904.2000,3904.0000,3903.2000,3902.4000,3901.6000,3906.6000,3907.6000,3915.0000,3915.6000,3966.0000,2,2,1,1,1,1,2,5,1,3
SF,IF2001,2019-11-19 09:31:21.700,3905.6000,321,0,8193660.000,0,-,-,-,-,3904.2000,3904.0000,3903.2000,3902.4000,3901.6000,3907.4000,3907.6000,3915.0000,3915.6000,3966.0000,2,2,1,1,1,1,2,5,1,3
SF,IF2001,2019-11-19 09:31:22.200,3905.6000,321,0,8193660.000,0,-,-,-,-,3904.2000,3904.0000,3903.2000,3902.4000,3901.6000,3906.4000,3907.2000,3907.4000,3907.6000,3915.0000,1,2,1,1,1,1,1,1,2,5
SF,IF2001,2019-11-19 09:31:22.700,3905.6000,321,0,8193660.000,0,-,-,-,-,3904.2000,3904.0000,3903.2000,3902.4000,3901.6000,3907.4000,3907.6000,3915.0000,3915.6000,3966.0000,2,2,1,1,1,1,2,5,1,3
SF,IF2001,2019-11-19 09:31:23.200,3905.6000,321,0,8193660.000,0,-,-,-,-,3904.2000,3904.0000,3903.2000,3902.4000,3901.6000,3907.2000,3907.4000,3907.6000,3915.0000,3915.6000,1,2,1,1,1,1,1,2,5,1
SF,IF2001,2019-11-19 09:31:24.700,3907.0000,321,0,9365760.000,1,0,1,多换,S,3904.2000,3904.0000,3903.2000,3902.4000,3901.6000,3907.2000,3907.4000,3907.6000,3915.0000,3915.6000,1,2,1,1,1,1,1,2,5,1
SF,IF2001,2019-11-19 09:31:25.200,3907.0000,321,0,9365760.000,0,-,-,-,-,3905.0000,3904.2000,3904.0000,3903.2000,3902.4000,3907.2000,3907.4000,3907.6000,3915.0000,3915.6000,1,1,2,1,1,1,1,2,5,1
SF,IF2001,2019-11-19 09:31:25.700,3907.0000,321,0,9365760.000,0,-,-,-,-,3905.2000,3905.0000,3904.0000,3903.2000,3902.4000,3907.2000,3907.4000,3907.6000,3915.0000,3915.6000,1,1,2,1,1,1,1,2,5,1
SF,IF2001,2019-11-19 09:31:26.200,3907.0000,321,0,9365760.000,0,-,-,-,-,3905.2000,3905.0000,3904.0000,3903.2000,3902.4000,3907.4000,3915.0000,3915.6000,3966.0000,3979.2000,1,1,2,1,1,1,5,1,3,1
SF,IF2001,2019-11-19 09:31:27.700,3907.0000,321,0,9365760.000,0,-,-,-,-,3905.2000,3905.0000,3904.0000,3903.2000,3902.4000,3907.2000,3907.4000,3915.0000,3915.6000,3966.0000,1,1,2,1,1,1,1,5,1,3
SF,IF2001,2019-11-19 09:31:29.200,3907.0000,321,0,9365760.000,0,-,-,-,-,3905.2000,3905.0000,3904.0000,3903.2000,3902.4000,3907.4000,3915.0000,3915.6000,3966.0000,3979.2000,1,1,2,1,1,1,5,1,3,1
SF,IF2001,2019-11-19 09:31:29.700,3907.0000,321,0,9365760.000,0,-,-,-,-,3905.4000,3905.2000,3905.0000,3904.0000,3903.2000,3907.4000,3915.0000,3915.6000,3966.0000,3979.2000,1,1,1,2,1,1,5,1,3,1
SF,IF2001,2019-11-19 09:31:30.200,3907.0000,321,0,9365760.000,0,-,-,-,-,3905.4000,3904.0000,3903.2000,3902.4000,3900.0000,3906.4000,3907.2000,3907.4000,3915.0000,3915.6000,1,2,1,1,5,1,1,1,5,1
SF,IF2001,2019-11-19 09:31:30.700,3907.0000,321,0,9365760.000,0,-,-,-,-,3905.6000,3904.0000,3903.2000,3902.4000,3900.0000,3907.2000,3907.4000,3915.0000,3915.6000,3966.0000,1,2,1,1,5,1,1,5,1,3
SF,IF2001,2019-11-19 09:31:31.200,3907.0000,321,0,9365760.000,0,-,-,-,-,3905.6000,3904.0000,3903.2000,3902.4000,3900.0000,3907.0000,3907.2000,3907.4000,3915.0000,3915.6000,1,2,1,1,5,1,1,1,5,1
SF,IF2001,2019-11-19 09:31:31.700,3907.0000,321,0,9365760.000,0,-,-,-,-,3905.6000,3904.0000,3903.2000,3902.4000,3900.0000,3906.4000,3906.8000,3907.0000,3907.4000,3915.0000,1,2,1,1,5,1,1,1,1,5
SF,IF2001,2019-11-19 09:31:32.200,3905.6000,320,-1,10537440.000,1,0,1,双平,S,3904.0000,3903.2000,3902.4000,3900.0000,3896.2000,3906.4000,3906.8000,3907.0000,3907.4000,3915.0000,2,1,1,5,1,1,1,1,2,5
SF,IF2001,2019-11-19 09:31:32.700,3905.6000,320,0,10537440.000,0,-,-,-,-,3904.2000,3904.0000,3903.2000,3902.4000,3900.0000,3906.4000,3906.8000,3907.0000,3907.4000,3915.0000,1,2,1,1,5,1,1,1,1,5
SF,IF2001,2019-11-19 09:31:33.700,3905.6000,320,0,10537440.000,0,-,-,-,-,3904.2000,3904.0000,3903.2000,3902.4000,3896.2000,3906.4000,3906.8000,3907.4000,3915.0000,3915.6000,1,1,1,1,1,1,1,1,5,1
SF,IF2001,2019-11-19 09:31:34.200,3905.6000,320,0,10537440.000,0,-,-,-,-,3904.4000,3904.0000,3903.2000,3902.4000,3896.2000,3906.2000,3906.4000,3907.4000,3915.0000,3915.6000,1,1,1,1,1,2,2,1,5,1
SF,IF2001,2019-11-19 09:31:34.700,3905.6000,320,0,10537440.000,0,-,-,-,-,3903.2000,3902.4000,3896.2000,3895.2000,3895.0000,3905.6000,3906.2000,3906.4000,3907.4000,3915.0000,1,1,1,1,5,1,3,1,1,5
SF,IF2001,2019-11-19 09:31:35.200,3905.6000,320,0,10537440.000,0,-,-,-,-,3903.4000,3903.2000,3902.4000,3896.2000,3895.2000,3905.6000,3906.2000,3906.4000,3907.4000,3915.0000,1,1,1,1,1,1,2,1,1,5
SF,IF2001,2019-11-19 09:31:35.700,3905.6000,320,0,10537440.000,0,-,-,-,-,3903.4000,3903.2000,3902.4000,3896.2000,3895.2000,3905.4000,3905.6000,3906.2000,3906.4000,3907.4000,1,1,1,1,1,2,1,1,1,1
SF,IF2001,2019-11-19 09:31:36.200,3905.6000,320,0,10537440.000,0,-,-,-,-,3903.4000,3902.4000,3896.2000,3895.2000,3895.0000,3905.4000,3905.6000,3906.4000,3907.4000,3915.0000,1,1,1,1,5,3,1,1,1,5
SF,IF2001,2019-11-19 09:31:36.700,3905.6000,320,0,10537440.000,0,-,-,-,-,3903.4000,3902.4000,3896.2000,3895.2000,3895.0000,3905.0000,3905.4000,3905.6000,3906.4000,3907.4000,2,1,1,1,5,1,2,1,1,1
SF,IF2001,2019-11-19 09:31:37.200,3905.0000,320,0,11708940.000,1,0,1,多换,S,3903.4000,3903.2000,3902.4000,3896.2000,3895.2000,3905.4000,3905.6000,3906.4000,3907.4000,3915.0000,2,1,1,1,1,1,1,1,1,5
SF,IF2001,2019-11-19 09:31:39.200,3905.0000,320,0,11708940.000,0,-,-,-,-,3903.4000,3903.2000,3902.4000,3896.2000,3895.2000,3904.8000,3905.4000,3905.6000,3906.4000,3907.4000,2,1,1,1,1,1,1,1,1,1
SF,IF2001,2019-11-19 09:31:39.700,3905.0000,320,0,11708940.000,0,-,-,-,-,3903.4000,3903.2000,3902.4000,3896.2000,3895.2000,3905.4000,3905.6000,3906.4000,3907.4000,3915.0000,2,1,1,1,1,1,1,1,1,5
SF,IF2001,2019-11-19 09:31:40.200,3905.0000,320,0,11708940.000,0,-,-,-,-,3903.4000,3902.4000,3896.2000,3895.2000,3895.0000,3904.6000,3905.4000,3905.6000,3906.4000,3907.4000,1,1,1,1,5,1,1,1,1,1
SF,IF2001,2019-11-19 09:31:41.200,3905.0000,320,0,11708940.000,0,-,-,-,-,3903.4000,3902.4000,3896.2000,3895.2000,3895.0000,3905.4000,3905.6000,3906.4000,3907.4000,3915.0000,1,1,1,1,5,1,1,1,1,5
SF,IF2001,2019-11-19 09:31:43.200,3905.0000,320,0,11708940.000,0,-,-,-,-,3903.4000,3902.4000,3896.2000,3895.2000,3895.0000,3904.8000,3905.4000,3905.6000,3906.4000,3907.4000,1,1,1,1,5,1,1,1,1,1
SF,IF2001,2019-11-19 09:31:43.700,3905.0000,320,0,11708940.000,0,-,-,-,-,3903.4000,3902.4000,3896.2000,3895.2000,3895.0000,3904.8000,3905.4000,3905.6000,3906.4000,3907.4000,2,1,1,1,5,1,1,1,1,1
SF,IF2001,2019-11-19 09:31:44.200,3905.0000,320,0,11708940.000,0,-,-,-,-,3903.4000,3902.4000,3896.2000,3895.2000,3895.0000,3905.4000,3905.6000,3906.4000,3907.4000,3915.0000,3,1,1,1,5,1,1,1,1,5
SF,IF2001,2019-11-19 09:31:44.700,3905.0000,320,0,11708940.000,0,-,-,-,-,3903.4000,3902.4000,3896.2000,3895.2000,3895.0000,3904.8000,3905.4000,3905.6000,3906.4000,3907.4000,1,1,1,1,5,1,1,1,1,1
SF,IF2001,2019-11-19 09:31:45.200,3905.0000,320,0,11708940.000,0,-,-,-,-,3903.4000,3902.4000,3896.2000,3895.2000,3895.0000,3905.6000,3906.4000,3907.4000,3915.0000,3915.6000,1,1,1,1,5,1,1,1,5,1
SF,IF2001,2019-11-19 09:31:45.700,3905.0000,320,0,11708940.000,0,-,-,-,-,3903.4000,3902.4000,3896.2000,3895.2000,3895.0000,3905.6000,3906.4000,3907.4000,3915.0000,3915.6000,2,1,1,1,5,1,1,1,5,1
SF,IF2001,2019-11-19 09:31:47.700,3905.0000,320,0,11708940.000,0,-,-,-,-,3903.8000,3903.4000,3902.4000,3896.2000,3895.2000,3905.6000,3906.4000,3907.4000,3915.0000,3915.6000,2,2,1,1,1,1,1,1,5,1
SF,IF2001,2019-11-19 09:31:48.200,3905.0000,320,0,11708940.000,0,-,-,-,-,3904.0000,3903.8000,3903.4000,3902.4000,3896.2000,3905.6000,3906.4000,3907.4000,3915.0000,3915.6000,1,2,1,1,1,1,1,1,5,1
SF,IF2001,2019-11-19 09:31:48.700,3905.0000,320,0,11708940.000,0,-,-,-,-,3904.2000,3904.0000,3903.8000,3903.4000,3902.4000,3906.4000,3907.4000,3915.0000,3915.6000,3966.0000,1,2,2,1,1,1,1,5,1,3
SF,IF2001,2019-11-19 09:31:49.200,3905.0000,320,0,11708940.000,0,-,-,-,-,3904.4000,3904.2000,3903.4000,3902.4000,3896.2000,3906.4000,3907.4000,3915.0000,3915.6000,3966.0000,2,1,1,1,1,1,1,5,1,3
SF,IF2001,2019-11-19 09:31:49.700,3905.0000,320,0,11708940.000,0,-,-,-,-,3904.4000,3904.2000,3903.4000,3902.4000,3896.2000,3906.2000,3906.4000,3907.4000,3915.0000,3915.6000,2,1,1,1,1,1,1,1,5,1
SF,IF2001,2019-11-19 09:31:52.200,3904.4000,319,-1,12880260.000,1,0,1,双平,S,3904.4000,3903.4000,3902.4000,3896.2000,3895.2000,3905.6000,3906.0000,3906.2000,3906.4000,3907.4000,1,1,1,1,1,1,1,1,1,1
SF,IF2001,2019-11-19 09:31:52.700,3904.4000,318,-1,14051580.000,1,0,1,双平,S,3903.4000,3902.4000,3896.2000,3895.2000,3895.0000,3905.4000,3905.6000,3906.4000,3907.4000,3915.0000,1,1,1,1,5,2,1,1,1,5
SF,IF2001,2019-11-19 09:31:53.200,3904.4000,318,0,14051580.000,0,-,-,-,-,3903.4000,3902.4000,3896.2000,3895.2000,3895.0000,3905.4000,3905.6000,3906.4000,3907.4000,3915.0000,2,1,1,1,5,2,1,1,1,5
SF,IF2001,2019-11-19 09:31:53.700,3904.4000,318,0,14051580.000,0,-,-,-,-,3903.4000,3902.4000,3896.2000,3895.2000,3895.0000,3905.4000,3905.6000,3906.4000,3907.4000,3915.0000,1,1,1,1,5,2,1,1,1,5
SF,IF2001,2019-11-19 09:31:54.200,3904.4000,318,0,14051580.000,0,-,-,-,-,3903.6000,3903.4000,3902.4000,3896.2000,3895.2000,3905.4000,3905.6000,3906.4000,3907.4000,3915.0000,1,1,1,1,1,1,1,1,1,5
SF,IF2001,2019-11-19 09:31:56.700,3904.4000,318,0,14051580.000,0,-,-,-,-,3903.6000,3903.4000,3902.4000,3896.2000,3895.2000,3905.4000,3905.6000,3906.4000,3907.4000,3915.0000,1,1,1,1,1,1,1,1,1,6
SF,IF2001,2019-11-19 09:31:57.200,3904.4000,318,0,14051580.000,0,-,-,-,-,3903.4000,3902.4000,3896.2000,3895.2000,3895.0000,3905.4000,3905.6000,3906.4000,3907.4000,3915.0000,1,1,1,1,5,1,1,1,1,6
SF,IF2001,2019-11-19 09:31:57.700,3904.4000,318,0,14051580.000,0,-,-,-,-,3903.4000,3902.4000,3896.2000,3895.2000,3895.0000,3905.2000,3905.4000,3905.6000,3906.4000,3907.4000,1,1,1,1,5,1,1,1,1,1
SF,IF2001,2019-11-19 09:31:58.200,3904.4000,318,0,14051580.000,0,-,-,-,-,3903.4000,3902.4000,3896.2000,3895.2000,3895.0000,3905.2000,3905.6000,3906.4000,3907.4000,3915.0000,1,1,1,1,5,1,1,1,1,6
SF,IF2001,2019-11-19 09:31:58.700,3904.4000,318,0,14051580.000,0,-,-,-,-,3902.4000,3896.2000,3895.2000,3895.0000,3892.2000,3905.2000,3905.6000,3906.4000,3907.4000,3915.0000,1,1,1,5,1,1,1,1,1,6
SF,IF2001,2019-11-19 09:31:59.200,3904.4000,318,0,14051580.000,0,-,-,-,-,3902.6000,3902.4000,3896.2000,3895.2000,3895.0000,3905.0000,3905.2000,3905.6000,3906.4000,3907.4000,1,1,1,1,5,1,1,1,1,1
SF,IF2001,2019-11-19 09:32:02.700,3904.4000,318,0,14051580.000,0,-,-,-,-,3902.6000,3902.4000,3896.2000,3895.2000,3895.0000,3904.6000,3904.8000,3905.0000,3905.6000,3906.4000,1,1,1,1,5,1,1,1,1,1
SF,IF2001,2019-11-19 09:32:03.200,3904.4000,318,0,14051580.000,0,-,-,-,-,3902.6000,3902.4000,3896.2000,3895.2000,3895.0000,3904.6000,3904.8000,3905.6000,3906.4000,3907.4000,1,1,1,1,5,1,1,1,1,1
SF,IF2001,2019-11-19 09:32:05.200,3904.4000,318,0,14051580.000,0,-,-,-,-,3902.6000,3902.4000,3896.2000,3895.2000,3895.0000,3904.6000,3904.8000,3905.6000,3906.4000,3907.4000,1,1,1,1,5,1,1,1,1,1
SF,IF2001,2019-11-19 09:32:05.700,3904.4000,318,0,14051580.000,0,-,-,-,-,3902.6000,3902.4000,3896.2000,3895.2000,3895.0000,3904.6000,3904.8000,3905.6000,3906.4000,3907.4000,1,1,1,1,5,1,1,1,1,1
SF,IF2001,2019-11-19 09:32:06.700,3904.4000,318,0,14051580.000,0,-,-,-,-,3902.6000,3902.4000,3896.2000,3895.2000,3895.0000,3904.4000,3904.6000,3905.6000,3906.4000,3907.4000,1,1,1,1,5,1,1,1,1,1
SF,IF2001,2019-11-19 09:32:07.700,3904.4000,318,0,14051580.000,0,-,-,-,-,3902.6000,3902.4000,3896.2000,3895.2000,3895.0000,3904.6000,3905.6000,3906.4000,3907.4000,3915.0000,1,1,1,1,5,1,1,1,1,6
SF,IF2001,2019-11-19 09:32:08.200,3904.4000,318,0,14051580.000,0,-,-,-,-,3902.6000,3902.4000,3896.2000,3895.2000,3895.0000,3905.6000,3906.4000,3907.4000,3915.0000,3966.0000,1,1,1,1,5,1,1,1,6,3
SF,IF2001,2019-11-19 09:32:08.700,3904.4000,318,0,14051580.000,0,-,-,-,-,3902.6000,3902.4000,3896.2000,3895.2000,3895.0000,3905.4000,3905.6000,3906.4000,3907.4000,3915.0000,1,1,1,1,5,1,1,1,1,6
SF,IF2001,2019-11-19 09:32:09.200,3904.4000,318,0,14051580.000,0,-,-,-,-,3904.6000,3903.4000,3902.6000,3902.4000,3896.2000,3905.4000,3905.6000,3906.4000,3907.4000,3915.0000,1,1,1,1,1,1,1,1,1,6
SF,IF2001,2019-11-19 09:32:09.700,3904.4000,318,0,15222900.000,1,0,1,多换,S,3902.4000,3896.2000,3895.2000,3895.0000,3892.2000,3905.2000,3905.4000,3905.6000,3906.4000,3907.4000,1,1,1,5,1,1,1,1,1,1
SF,IF2001,2019-11-19 09:32:10.200,3904.4000,318,0,15222900.000,0,-,-,-,-,3902.6000,3902.4000,3896.2000,3895.2000,3895.0000,3905.2000,3905.6000,3906.4000,3907.4000,3915.0000,1,1,1,1,5,1,1,1,1,6
SF,IF2001,2019-11-19 09:32:11.200,3904.4000,318,0,15222900.000,0,-,-,-,-,3903.2000,3902.6000,3902.4000,3896.2000,3895.2000,3905.2000,3905.6000,3906.4000,3907.4000,3915.0000,1,1,1,1,1,1,1,1,1,6
SF,IF2001,2019-11-19 09:32:11.700,3904.4000,318,0,15222900.000,0,-,-,-,-,3903.2000,3902.4000,3896.2000,3895.2000,3895.0000,3905.2000,3905.6000,3906.4000,3907.4000,3915.0000,1,1,1,1,5,1,1,1,1,6
SF,IF2001,2019-11-19 09:32:12.200,3904.4000,318,0,15222900.000,0,-,-,-,-,3903.2000,3902.4000,3896.2000,3895.2000,3895.0000,3905.0000,3905.2000,3905.6000,3906.4000,3907.4000,1,1,1,1,5,1,1,1,1,1
SF,IF2001,2019-11-19 09:32:14.700,3904.4000,318,0,15222900.000,0,-,-,-,-,3903.2000,3902.4000,3896.2000,3895.2000,3895.0000,3904.8000,3905.0000,3905.2000,3905.6000,3906.4000,1,1,1,1,5,2,1,1,1,1
SF,IF2001,2019-11-19 09:32:15.200,3904.4000,318,0,15222900.000,0,-,-,-,-,3903.2000,3902.4000,3896.2000,3895.2000,3895.0000,3905.2000,3905.6000,3906.4000,3907.4000,3915.0000,1,1,1,1,5,1,1,1,1,6
SF,IF2001,2019-11-19 09:32:15.700,3904.4000,318,0,15222900.000,0,-,-,-,-,3903.2000,3902.4000,3896.2000,3895.2000,3895.0000,3905.0000,3905.2000,3905.6000,3906.4000,3907.4000,1,1,1,1,5,1,1,1,1,1
SF,IF2001,2019-11-19 09:32:16.200,3904.4000,318,0,15222900.000,0,-,-,-,-,3903.2000,3902.4000,3896.2000,3895.2000,3895.0000,3905.0000,3905.2000,3905.6000,3906.4000,3907.4000,1,1,1,1,5,2,1,1,1,1
SF,IF2001,2019-11-19 09:32:16.700,3904.4000,318,0,15222900.000,0,-,-,-,-,3903.2000,3902.4000,3896.2000,3895.2000,3895.0000,3905.0000,3905.2000,3905.6000,3906.4000,3907.4000,1,1,1,1,5,1,1,1,1,1
SF,IF2001,2019-11-19 09:32:17.200,3904.4000,318,0,15222900.000,0,-,-,-,-,3903.4000,3903.2000,3902.4000,3896.2000,3895.2000,3905.0000,3905.2000,3905.6000,3906.4000,3907.4000,2,1,1,1,1,1,1,1,1,1
SF,IF2001,2019-11-19 09:32:19.700,3904.4000,318,0,15222900.000,0,-,-,-,-,3903.4000,3903.2000,3902.4000,3896.2000,3895.2000,3905.0000,3905.6000,3906.4000,3907.4000,3915.0000,2,1,1,1,1,1,1,1,1,6
SF,IF2001,2019-11-19 09:32:20.200,3904.4000,318,0,15222900.000,0,-,-,-,-,3904.2000,3903.6000,3903.4000,3903.2000,3902.4000,3906.4000,3907.4000,3915.0000,3966.0000,3979.2000,1,1,2,1,1,1,1,6,3,1
SF,IF2001,2019-11-19 09:32:20.700,3904.4000,318,0,15222900.000,0,-,-,-,-,3904.2000,3903.4000,3903.2000,3902.4000,3896.2000,3906.2000,3906.4000,3907.4000,3915.0000,3966.0000,1,2,1,1,1,1,1,1,6,3
SF,IF2001,2019-11-19 09:32:21.200,3904.4000,318,0,15222900.000,0,-,-,-,-,3904.2000,3903.4000,3903.2000,3902.4000,3896.2000,3906.0000,3906.2000,3906.4000,3907.4000,3915.0000,2,2,1,1,1,1,1,1,1,6
SF,IF2001,2019-11-19 09:32:21.700,3904.4000,318,0,15222900.000,0,-,-,-,-,3904.2000,3903.4000,3903.2000,3902.4000,3896.2000,3906.0000,3906.4000,3907.4000,3915.0000,3966.0000,2,2,1,1,1,1,1,1,6,3
SF,IF2001,2019-11-19 09:32:22.200,3904.4000,318,0,15222900.000,0,-,-,-,-,3904.2000,3903.4000,3903.2000,3902.4000,3896.2000,3906.0000,3906.4000,3907.4000,3915.0000,3966.0000,1,2,1,1,1,1,1,1,6,3
SF,IF2001,2019-11-19 09:32:22.700,3904.4000,318,0,15222900.000,0,-,-,-,-,3904.2000,3903.4000,3903.2000,3902.4000,3896.2000,3906.0000,3906.4000,3907.4000,3915.0000,3966.0000,2,2,1,1,1,1,1,1,6,3
SF,IF2001,2019-11-19 09:32:26.200,3904.4000,318,0,15222900.000,0,-,-,-,-,3904.2000,3903.4000,3903.2000,3902.4000,3896.2000,3905.6000,3906.0000,3906.4000,3907.4000,3915.0000,1,2,1,1,1,1,1,1,1,6
SF,IF2001,2019-11-19 09:32:26.700,3904.4000,318,0,15222900.000,0,-,-,-,-,3904.2000,3903.2000,3902.4000,3896.2000,3895.2000,3905.6000,3906.0000,3906.4000,3907.4000,3915.0000,1,1,1,1,1,1,1,1,1,6
SF,IF2001,2019-11-19 09:32:27.200,3904.4000,318,0,15222900.000,0,-,-,-,-,3904.4000,3904.2000,3904.0000,3903.2000,3902.4000,3905.6000,3906.0000,3906.4000,3907.4000,3915.0000,1,1,1,1,1,1,1,1,1,6
SF,IF2001,2019-11-19 09:32:27.700,3904.4000,318,0,15222900.000,0,-,-,-,-,3904.4000,3904.2000,3904.0000,3903.2000,3902.4000,3906.0000,3906.4000,3907.4000,3915.0000,3966.0000,1,1,1,1,1,1,1,1,6,3
SF,IF2001,2019-11-19 09:32:28.200,3904.4000,318,0,15222900.000,0,-,-,-,-,3904.4000,3904.0000,3903.2000,3902.4000,3896.2000,3906.0000,3906.4000,3907.4000,3915.0000,3966.0000,1,1,1,1,1,1,1,1,6,3
SF,IF2001,2019-11-19 09:32:35.700,3904.4000,318,0,15222900.000,0,-,-,-,-,3904.4000,3904.0000,3903.2000,3902.4000,3896.2000,3906.0000,3906.4000,3907.4000,3915.0000,3966.0000,1,1,1,1,1,2,1,1,6,3
SF,IF2001,2019-11-19 09:32:39.200,3904.4000,318,0,15222900.000,0,-,-,-,-,3904.4000,3904.0000,3903.2000,3902.4000,3896.2000,3906.0000,3906.4000,3907.4000,3915.0000,3966.0000,1,1,1,1,1,1,1,1,6,3
SF,IF2001,2019-11-19 09:32:47.200,3904.4000,318,0,15222900.000,0,-,-,-,-,3904.4000,3904.0000,3903.2000,3902.4000,3896.2000,3905.8000,3906.0000,3906.4000,3907.4000,3915.0000,1,1,1,1,1,1,1,1,1,6
SF,IF2001,2019-11-19 09:32:47.700,3904.4000,318,0,15222900.000,0,-,-,-,-,3904.0000,3903.2000,3902.4000,3896.2000,3895.2000,3905.6000,3905.8000,3906.0000,3906.4000,3907.4000,1,1,1,1,1,1,2,1,1,1
SF,IF2001,2019-11-19 09:32:48.200,3904.4000,318,0,15222900.000,0,-,-,-,-,3904.0000,3903.2000,3902.4000,3896.2000,3895.2000,3905.6000,3905.8000,3906.4000,3907.4000,3915.0000,1,1,1,1,1,2,2,1,1,6
SF,IF2001,2019-11-19 09:32:50.200,3904.0000,317,-1,16394100.000,1,0,1,双平,S,3903.2000,3902.4000,3896.2000,3895.2000,3895.0000,3905.6000,3905.8000,3906.4000,3907.4000,3915.0000,1,1,1,1,5,2,2,1,1,6
SF,IF2001,2019-11-19 09:32:52.700,3904.0000,317,0,16394100.000,0,-,-,-,-,3903.2000,3902.4000,3896.2000,3895.2000,3895.0000,3905.4000,3905.6000,3905.8000,3906.4000,3907.4000,1,1,1,1,5,2,3,2,1,1
SF,IF2001,2019-11-19 09:32:53.200,3904.0000,317,0,16394100.000,0,-,-,-,-,3903.4000,3903.2000,3902.4000,3896.2000,3895.2000,3905.4000,3905.6000,3905.8000,3906.4000,3907.4000,1,1,1,1,1,2,2,2,1,1
SF,IF2001,2019-11-19 09:33:00.200,3904.0000,317,0,16394100.000,0,-,-,-,-,3903.4000,3903.2000,3902.6000,3902.4000,3896.2000,3905.4000,3905.6000,3905.8000,3906.4000,3907.4000,1,1,1,1,1,2,2,2,1,1
SF,IF2001,2019-11-19 09:33:00.700,3904.0000,317,0,16394100.000,0,-,-,-,-,3903.4000,3903.2000,3902.6000,3902.4000,3896.2000,3905.2000,3905.4000,3905.6000,3905.8000,3906.4000,1,1,1,1,1,3,2,1,2,1
SF,IF2001,2019-11-19 09:33:01.200,3903.4000,316,-1,17565120.000,1,0,1,双平,S,3903.2000,3902.6000,3902.4000,3902.2000,3896.2000,3905.2000,3905.4000,3905.6000,3905.8000,3906.4000,1,1,1,1,1,3,2,1,2,1
SF,IF2001,2019-11-19 09:33:01.700,3903.4000,316,0,17565120.000,0,-,-,-,-,3903.2000,3902.6000,3902.4000,3896.2000,3895.2000,3905.2000,3905.4000,3905.6000,3905.8000,3906.4000,1,1,1,1,1,3,2,1,2,1
SF,IF2001,2019-11-19 09:33:02.200,3903.4000,316,0,17565120.000,0,-,-,-,-,3903.2000,3902.6000,3902.4000,3896.2000,3895.2000,3905.2000,3905.4000,3905.6000,3905.8000,3906.4000,1,1,1,1,1,3,2,1,1,1
SF,IF2001,2019-11-19 09:33:03.700,3903.4000,316,0,17565120.000,0,-,-,-,-,3903.2000,3902.6000,3902.4000,3896.2000,3895.2000,3905.2000,3905.4000,3905.6000,3905.8000,3906.4000,1,1,1,1,1,2,2,1,1,1
SF,IF2001,2019-11-19 09:33:08.200,3903.4000,316,0,17565120.000,0,-,-,-,-,3903.2000,3902.6000,3902.4000,3896.2000,3895.2000,3905.2000,3905.4000,3905.6000,3905.8000,3906.4000,1,1,1,1,1,2,2,1,1,1
SF,IF2001,2019-11-19 09:33:10.200,3903.4000,316,0,17565120.000,0,-,-,-,-,3903.2000,3902.6000,3902.4000,3896.2000,3895.2000,3905.0000,3905.2000,3905.4000,3905.6000,3905.8000,1,1,1,1,1,1,2,2,1,1
SF,IF2001,2019-11-19 09:33:10.700,3903.4000,316,0,17565120.000,0,-,-,-,-,3902.6000,3902.4000,3896.2000,3895.2000,3895.0000,3904.8000,3905.0000,3905.4000,3905.6000,3905.8000,1,1,1,1,5,3,1,2,1,1
SF,IF2001,2019-11-19 09:33:12.700,3903.4000,316,0,17565120.000,0,-,-,-,-,3902.6000,3902.4000,3896.2000,3895.2000,3895.0000,3904.8000,3905.4000,3905.6000,3905.8000,3906.4000,1,1,1,1,5,3,2,1,1,1
SF,IF2001,2019-11-19 09:33:13.700,3903.4000,316,0,17565120.000,0,-,-,-,-,3902.6000,3902.4000,3896.2000,3895.2000,3895.0000,3904.6000,3904.8000,3905.4000,3905.6000,3905.8000,1,1,1,1,5,1,3,2,1,1
SF,IF2001,2019-11-19 09:33:14.200,3903.4000,316,0,17565120.000,0,-,-,-,-,3902.6000,3902.4000,3896.2000,3895.2000,3895.0000,3904.0000,3904.6000,3905.4000,3905.6000,3905.8000,1,1,1,1,5,3,2,2,1,1
SF,IF2001,2019-11-19 09:33:14.700,3902.6000,315,-1,18735900.000,1,0,1,双平,S,3902.4000,3896.2000,3895.2000,3895.0000,3892.2000,3904.0000,3904.6000,3905.4000,3905.6000,3905.8000,1,1,1,5,1,3,2,2,1,1
SF,IF2001,2019-11-19 09:33:15.700,3902.6000,315,0,18735900.000,0,-,-,-,-,3902.4000,3896.2000,3895.2000,3895.0000,3892.2000,3904.0000,3904.6000,3905.6000,3905.8000,3906.4000,1,1,1,5,1,3,1,1,1,1
SF,IF2001,2019-11-19 09:33:16.200,3902.6000,315,0,18735900.000,0,-,-,-,-,3902.4000,3896.2000,3895.2000,3895.0000,3892.2000,3904.0000,3904.6000,3905.6000,3905.8000,3906.4000,1,1,1,5,1,3,2,1,1,1
SF,IF2001,2019-11-19 09:33:16.700,3902.6000,315,0,18735900.000,0,-,-,-,-,3902.4000,3896.2000,3895.2000,3895.0000,3892.2000,3904.6000,3905.6000,3905.8000,3906.4000,3907.4000,1,1,1,5,1,1,1,1,1,1
SF,IF2001,2019-11-19 09:33:17.200,3902.6000,315,0,18735900.000,0,-,-,-,-,3902.4000,3896.2000,3895.2000,3895.0000,3892.2000,3904.4000,3904.6000,3905.6000,3905.8000,3906.4000,1,1,1,5,1,2,1,1,1,1
SF,IF2001,2019-11-19 09:33:17.700,3902.6000,315,0,18735900.000,0,-,-,-,-,3904.0000,3902.4000,3896.2000,3895.2000,3895.0000,3904.4000,3904.6000,3905.6000,3905.8000,3906.4000,1,2,1,1,5,2,1,1,1,1
SF,IF2001,2019-11-19 09:33:18.200,3902.6000,315,0,18735900.000,0,-,-,-,-,3904.0000,3902.4000,3896.2000,3895.2000,3895.0000,3905.6000,3905.8000,3906.4000,3907.4000,3915.0000,1,2,1,1,5,1,1,1,1,6
SF,IF2001,2019-11-19 09:33:18.700,3904.0000,314,-1,19907100.000,1,0,1,双平,S,3902.4000,3896.2000,3895.2000,3895.0000,3892.2000,3905.2000,3905.6000,3905.8000,3906.4000,3907.4000,2,1,1,5,1,3,1,1,1,1
SF,IF2001,2019-11-19 09:33:19.200,3904.0000,314,0,19907100.000,0,-,-,-,-,3902.6000,3902.4000,3896.2000,3895.2000,3895.0000,3905.2000,3905.6000,3905.8000,3906.4000,3907.4000,2,2,1,1,5,3,1,1,1,1
SF,IF2001,2019-11-19 09:33:26.700,3904.0000,314,0,19907100.000,0,-,-,-,-,3903.2000,3902.6000,3902.4000,3896.2000,3895.2000,3905.2000,3905.6000,3905.8000,3906.4000,3907.4000,1,2,2,1,1,3,1,1,1,1
SF,IF2001,2019-11-19 09:33:27.200,3904.0000,314,0,19907100.000,0,-,-,-,-,3903.8000,3903.2000,3902.4000,3896.2000,3895.2000,3905.6000,3905.8000,3906.4000,3907.4000,3915.0000,3,2,1,1,1,1,1,1,1,6
SF,IF2001,2019-11-19 09:33:27.700,3904.0000,314,0,19907100.000,0,-,-,-,-,3903.8000,3903.2000,3902.4000,3896.2000,3895.2000,3905.8000,3906.4000,3907.4000,3915.0000,3966.0000,3,1,1,1,1,1,1,1,6,3
SF,IF2001,2019-11-19 09:33:28.200,3904.0000,314,0,19907100.000,0,-,-,-,-,3904.0000,3903.8000,3903.2000,3902.4000,3896.2000,3905.8000,3906.4000,3907.4000,3915.0000,3966.0000,1,3,1,1,1,1,1,1,6,3
SF,IF2001,2019-11-19 09:33:28.700,3904.0000,314,0,19907100.000,0,-,-,-,-,3904.2000,3904.0000,3903.2000,3902.4000,3896.2000,3905.8000,3906.4000,3907.4000,3915.0000,3966.0000,1,1,1,1,1,1,1,1,6,3
SF,IF2001,2019-11-19 09:33:29.200,3904.0000,314,0,19907100.000,0,-,-,-,-,3904.2000,3903.2000,3902.4000,3896.2000,3895.2000,3905.8000,3906.4000,3907.4000,3915.0000,3966.0000,1,1,1,1,1,1,1,1,6,3
SF,IF2001,2019-11-19 09:33:33.200,3904.0000,314,0,19907100.000,0,-,-,-,-,3904.2000,3903.2000,3902.4000,3896.2000,3895.2000,3905.6000,3905.8000,3906.4000,3907.4000,3915.0000,1,1,1,1,1,1,1,1,1,6
SF,IF2001,2019-11-19 09:33:33.700,3904.0000,314,0,19907100.000,0,-,-,-,-,3904.2000,3903.2000,3902.4000,3896.2000,3895.2000,3905.6000,3905.8000,3906.4000,3907.4000,3915.0000,2,1,1,1,1,1,1,1,1,6
SF,IF2001,2019-11-19 09:33:34.200,3904.0000,314,0,19907100.000,0,-,-,-,-,3904.2000,3903.2000,3902.4000,3896.2000,3895.2000,3905.2000,3905.4000,3905.6000,3905.8000,3906.4000,2,1,1,1,1,1,1,1,1,1
SF,IF2001,2019-11-19 09:33:34.700,3904.0000,314,0,19907100.000,0,-,-,-,-,3904.2000,3903.2000,3902.4000,3896.2000,3895.2000,3905.2000,3905.4000,3905.8000,3906.4000,3907.4000,2,1,1,1,1,1,1,1,1,1
SF,IF2001,2019-11-19 09:33:35.200,3904.0000,314,0,19907100.000,0,-,-,-,-,3904.2000,3903.2000,3902.4000,3896.2000,3895.2000,3905.2000,3905.4000,3905.8000,3906.4000,3907.4000,1,1,1,1,1,1,1,1,1,1
SF,IF2001,2019-11-19 09:33:40.700,3904.2000,314,0,21078360.000,1,0,1,多换,S,3903.2000,3902.4000,3896.2000,3895.2000,3895.0000,3905.2000,3905.4000,3905.8000,3906.4000,3907.4000,1,1,1,1,5,1,2,1,1,1
SF,IF2001,2019-11-19 09:33:41.200,3904.2000,314,0,21078360.000,0,-,-,-,-,3903.4000,3903.2000,3902.4000,3896.2000,3895.2000,3905.2000,3905.4000,3905.8000,3906.4000,3907.4000,1,1,1,1,1,1,1,1,1,1
SF,IF2001,2019-11-19 09:33:41.700,3904.2000,314,0,21078360.000,0,-,-,-,-,3903.4000,3903.2000,3902.4000,3896.2000,3895.2000,3905.0000,3905.2000,3905.4000,3905.8000,3906.4000,1,1,1,1,1,1,1,1,1,1
SF,IF2001,2019-11-19 09:33:42.200,3904.2000,314,0,21078360.000,0,-,-,-,-,3903.4000,3903.2000,3902.4000,3896.2000,3895.2000,3905.0000,3905.2000,3905.4000,3905.8000,3906.4000,1,1,1,1,1,2,1,1,1,1
SF,IF2001,2019-11-19 09:33:43.200,3904.2000,314,0,21078360.000,0,-,-,-,-,3903.4000,3902.4000,3896.2000,3895.2000,3895.0000,3905.0000,3905.2000,3905.4000,3905.8000,3906.4000,1,1,1,1,5,2,1,1,1,1
SF,IF2001,2019-11-19 09:33:43.700,3904.2000,314,0,21078360.000,0,-,-,-,-,3902.4000,3896.2000,3895.2000,3895.0000,3892.2000,3904.8000,3905.0000,3905.2000,3905.8000,3906.4000,1,1,1,5,1,3,2,1,1,1
SF,IF2001,2019-11-19 09:33:44.200,3904.2000,314,0,21078360.000,0,-,-,-,-,3902.6000,3902.4000,3896.2000,3895.2000,3895.0000,3904.4000,3904.8000,3905.0000,3905.2000,3905.8000,1,1,1,1,5,1,3,2,1,1
SF,IF2001,2019-11-19 09:33:44.700,3904.2000,314,0,21078360.000,0,-,-,-,-,3902.6000,3902.4000,3896.2000,3895.2000,3895.0000,3904.4000,3904.8000,3905.0000,3905.2000,3905.8000,1,1,1,1,5,1,1,2,1,1
SF,IF2001,2019-11-19 09:33:48.700,3904.2000,314,0,21078360.000,0,-,-,-,-,3902.6000,3902.4000,3896.2000,3895.2000,3895.0000,3905.0000,3905.2000,3905.8000,3906.4000,3907.4000,1,1,1,1,5,2,1,1,1,1
SF,IF2001,2019-11-19 09:33:49.200,3904.2000,314,0,21078360.000,0,-,-,-,-,3903.2000,3902.6000,3902.4000,3896.2000,3895.2000,3905.0000,3905.8000,3906.4000,3907.4000,3915.0000,1,1,1,1,1,1,1,1,1,6
SF,IF2001,2019-11-19 09:33:49.700,3904.2000,314,0,21078360.000,0,-,-,-,-,3903.4000,3903.2000,3902.4000,3896.2000,3895.2000,3905.8000,3906.4000,3907.4000,3915.0000,3966.0000,1,1,1,1,1,1,1,1,6,3
SF,IF2001,2019-11-19 09:33:50.200,3904.2000,314,0,21078360.000,0,-,-,-,-,3903.4000,3903.2000,3902.4000,3896.2000,3895.2000,3905.6000,3905.8000,3906.4000,3907.4000,3915.0000,1,1,1,1,1,3,1,1,1,6
SF,IF2001,2019-11-19 09:33:50.700,3904.2000,314,0,21078360.000,0,-,-,-,-,3903.4000,3903.2000,3902.4000,3896.2000,3895.2000,3905.4000,3905.6000,3905.8000,3906.4000,3907.4000,1,1,1,1,1,1,3,1,1,1
SF,IF2001,2019-11-19 09:33:51.200,3904.2000,314,0,21078360.000,0,-,-,-,-,3903.2000,3902.4000,3896.2000,3895.2000,3895.0000,3905.2000,3905.4000,3905.6000,3905.8000,3906.4000,1,1,1,1,5,2,1,1,1,1
SF,IF2001,2019-11-19 09:33:51.700,3904.2000,314,0,21078360.000,0,-,-,-,-,3903.4000,3903.2000,3902.4000,3896.2000,3895.2000,3905.6000,3905.8000,3906.4000,3907.4000,3909.8000,1,1,1,1,1,1,1,1,1,1
SF,IF2001,2019-11-19 09:33:54.700,3904.2000,314,0,21078360.000,0,-,-,-,-,3903.4000,3903.2000,3902.4000,3896.2000,3895.2000,3905.4000,3905.6000,3905.8000,3906.4000,3907.4000,1,1,1,1,1,2,1,1,1,1
SF,IF2001,2019-11-19 09:33:55.200,3904.2000,314,0,21078360.000,0,-,-,-,-,3903.4000,3903.2000,3902.4000,3896.2000,3895.2000,3905.4000,3905.6000,3905.8000,3906.4000,3907.4000,1,1,1,1,1,3,1,1,1,1
SF,IF2001,2019-11-19 09:33:59.200,3904.2000,314,0,21078360.000,0,-,-,-,-,3903.4000,3903.2000,3902.4000,3896.2000,3895.2000,3905.4000,3905.6000,3905.8000,3906.4000,3907.4000,1,1,1,1,1,2,1,1,1,1
SF,IF2001,2019-11-19 09:34:04.700,3904.2000,314,0,21078360.000,0,-,-,-,-,3904.0000,3903.4000,3903.2000,3902.4000,3896.2000,3905.4000,3905.8000,3906.4000,3907.4000,3909.8000,1,1,1,1,1,2,1,1,1,1
SF,IF2001,2019-11-19 09:34:05.200,3904.2000,314,0,21078360.000,0,-,-,-,-,3904.2000,3904.0000,3903.2000,3902.4000,3896.2000,3905.8000,3906.4000,3907.4000,3909.8000,3915.0000,1,1,1,1,1,1,1,1,1,6
SF,IF2001,2019-11-19 09:34:08.700,3904.2000,314,0,21078360.000,0,-,-,-,-,3904.2000,3904.0000,3903.2000,3902.4000,3896.2000,3905.8000,3906.4000,3907.4000,3909.8000,3915.0000,1,2,1,1,1,1,1,1,1,6
SF,IF2001,2019-11-19 09:34:09.200,3904.2000,314,0,21078360.000,0,-,-,-,-,3904.2000,3904.0000,3903.2000,3902.4000,3896.2000,3905.8000,3906.4000,3907.4000,3909.8000,3915.0000,1,1,1,1,1,1,1,1,1,6
SF,IF2001,2019-11-19 09:34:10.700,3904.2000,314,0,21078360.000,0,-,-,-,-,3904.2000,3904.0000,3903.2000,3902.4000,3896.2000,3905.8000,3907.4000,3909.8000,3915.0000,3966.0000,1,1,1,1,1,1,1,1,6,3
SF,IF2001,2019-11-19 09:34:12.700,3904.2000,314,0,21078360.000,0,-,-,-,-,3904.2000,3904.0000,3903.2000,3902.4000,3896.2000,3905.8000,3907.4000,3909.8000,3915.0000,3966.0000,1,2,1,1,1,1,1,1,6,3
SF,IF2001,2019-11-19 09:34:13.200,3904.2000,314,0,21078360.000,0,-,-,-,-,3904.2000,3904.0000,3903.2000,3902.4000,3896.2000,3905.8000,3907.4000,3909.8000,3915.0000,3966.0000,1,1,1,1,1,1,1,1,6,3
SF,IF2001,2019-11-19 09:34:17.700,3904.2000,314,0,21078360.000,0,-,-,-,-,3904.2000,3904.0000,3903.2000,3902.4000,3896.2000,3905.8000,3906.4000,3907.4000,3909.8000,3915.0000,1,1,1,1,1,1,1,1,1,6
SF,IF2001,2019-11-19 09:34:24.200,3904.2000,314,0,21078360.000,0,-,-,-,-,3904.2000,3904.0000,3903.2000,3902.4000,3896.2000,3905.8000,3907.4000,3909.8000,3915.0000,3966.0000,1,1,1,1,1,1,1,1,6,3
SF,IF2001,2019-11-19 09:34:24.700,3904.2000,314,0,21078360.000,0,-,-,-,-,3904.8000,3904.2000,3904.0000,3903.2000,3902.4000,3905.8000,3907.4000,3909.8000,3915.0000,3966.0000,1,1,2,1,1,1,1,1,6,3
SF,IF2001,2019-11-19 09:34:25.200,3904.2000,314,0,21078360.000,0,-,-,-,-,3904.8000,3904.0000,3903.2000,3902.4000,3896.2000,3905.8000,3907.4000,3909.8000,3915.0000,3966.0000,1,1,1,1,1,1,1,1,6,3
SF,IF2001,2019-11-19 09:34:27.200,3905.8000,313,-1,22250100.000,1,0,1,双平,S,3904.8000,3904.0000,3903.2000,3902.4000,3896.2000,3907.4000,3909.8000,3915.0000,3966.0000,3979.2000,1,1,1,1,1,1,1,6,3,1
SF,IF2001,2019-11-19 09:34:27.700,3905.8000,313,0,22250100.000,0,-,-,-,-,3905.0000,3904.8000,3904.0000,3903.2000,3902.4000,3907.2000,3907.4000,3909.8000,3915.0000,3966.0000,1,1,1,1,1,2,1,1,6,3
SF,IF2001,2019-11-19 09:34:30.200,3905.8000,313,0,22250100.000,0,-,-,-,-,3905.6000,3905.2000,3905.0000,3904.8000,3904.0000,3907.2000,3907.4000,3909.8000,3915.0000,3966.0000,1,1,1,1,1,2,1,1,6,3
SF,IF2001,2019-11-19 09:34:30.700,3905.8000,313,0,22250100.000,0,-,-,-,-,3905.8000,3905.6000,3905.2000,3904.8000,3904.0000,3908.2000,3909.8000,3915.0000,3966.0000,3979.2000,1,1,1,1,1,1,1,6,3,1
SF,IF2001,2019-11-19 09:34:31.200,3905.8000,313,0,22250100.000,0,-,-,-,-,3905.8000,3905.6000,3905.2000,3904.8000,3904.0000,3908.0000,3908.2000,3909.8000,3915.0000,3966.0000,1,1,1,1,1,3,1,1,6,3
SF,IF2001,2019-11-19 09:34:31.700,3905.8000,313,0,22250100.000,0,-,-,-,-,3905.6000,3905.2000,3904.8000,3904.0000,3903.2000,3908.0000,3908.2000,3909.8000,3915.0000,3966.0000,1,1,1,1,1,3,1,1,6,3
SF,IF2001,2019-11-19 09:34:32.200,3905.8000,313,0,22250100.000,0,-,-,-,-,3905.6000,3904.8000,3904.0000,3903.2000,3896.2000,3907.6000,3908.0000,3908.2000,3909.8000,3915.0000,1,1,1,1,1,1,3,1,1,6
SF,IF2001,2019-11-19 09:34:32.700,3905.8000,313,0,22250100.000,0,-,-,-,-,3904.8000,3904.0000,3903.2000,3896.2000,3895.2000,3907.4000,3907.6000,3907.8000,3908.2000,3909.8000,1,1,1,1,1,3,1,1,1,1
SF,IF2001,2019-11-19 09:34:33.200,3905.8000,313,0,22250100.000,0,-,-,-,-,3905.0000,3904.8000,3904.0000,3903.2000,3896.2000,3907.4000,3907.6000,3907.8000,3908.2000,3909.8000,1,1,1,1,1,3,1,1,1,1
SF,IF2001,2019-11-19 09:34:34.700,3905.8000,313,0,22250100.000,0,-,-,-,-,3905.0000,3904.8000,3904.0000,3903.2000,3896.2000,3907.4000,3907.8000,3908.2000,3909.8000,3915.0000,1,1,1,1,1,3,1,1,1,6
SF,IF2001,2019-11-19 09:34:37.200,3905.8000,313,0,22250100.000,0,-,-,-,-,3905.6000,3905.0000,3904.8000,3904.0000,3903.2000,3907.4000,3907.8000,3908.2000,3909.8000,3915.0000,1,1,1,1,1,3,1,1,1,6
SF,IF2001,2019-11-19 09:34:37.700,3905.8000,313,0,22250100.000,0,-,-,-,-,3905.6000,3904.8000,3904.0000,3903.2000,3896.2000,3907.4000,3907.8000,3908.2000,3909.8000,3915.0000,1,1,1,1,1,3,1,1,1,6
SF,IF2001,2019-11-19 09:34:40.200,3905.8000,313,0,22250100.000,0,-,-,-,-,3905.6000,3904.8000,3904.0000,3903.2000,3896.2000,3907.4000,3907.8000,3908.2000,3909.8000,3915.0000,1,1,1,1,1,3,1,1,1,6
SF,IF2001,2019-11-19 09:34:42.700,3905.8000,313,0,22250100.000,0,-,-,-,-,3905.6000,3904.8000,3904.0000,3903.2000,3896.2000,3907.4000,3907.8000,3908.2000,3909.8000,3915.0000,1,1,1,1,1,2,1,1,1,6
SF,IF2001,2019-11-19 09:34:43.200,3905.8000,313,0,22250100.000,0,-,-,-,-,3905.8000,3905.6000,3904.8000,3904.0000,3903.2000,3907.8000,3908.2000,3909.8000,3915.0000,3966.0000,1,1,1,1,1,1,1,1,6,3
SF,IF2001,2019-11-19 09:34:43.700,3905.8000,313,0,22250100.000,0,-,-,-,-,3905.8000,3905.6000,3904.8000,3904.0000,3903.2000,3907.6000,3907.8000,3908.2000,3909.8000,3915.0000,1,1,1,1,1,1,1,1,1,6
SF,IF2001,2019-11-19 09:34:46.200,3905.8000,313,0,22250100.000,0,-,-,-,-,3905.8000,3905.6000,3904.8000,3904.0000,3903.2000,3907.4000,3907.6000,3907.8000,3908.2000,3909.8000,1,1,1,1,1,1,1,1,1,1
SF,IF2001,2019-11-19 09:34:46.700,3905.8000,313,0,22250100.000,0,-,-,-,-,3905.6000,3904.8000,3904.0000,3903.2000,3896.2000,3907.2000,3907.8000,3908.2000,3909.8000,3915.0000,1,1,1,1,1,1,1,1,1,6
SF,IF2001,2019-11-19 09:34:58.700,3905.8000,313,0,22250100.000,0,-,-,-,-,3905.6000,3904.8000,3904.0000,3903.2000,3896.2000,3907.2000,3908.2000,3909.8000,3915.0000,3966.0000,1,1,1,1,1,1,1,1,6,3
SF,IF2001,2019-11-19 09:34:59.200,3905.8000,313,0,22250100.000,0,-,-,-,-,3905.8000,3905.6000,3904.8000,3904.0000,3903.2000,3908.2000,3909.8000,3915.0000,3966.0000,3979.2000,1,1,1,1,1,1,1,6,3,1
SF,IF2001,2019-11-19 09:34:59.700,3905.8000,313,0,22250100.000,0,-,-,-,-,3905.8000,3905.6000,3904.8000,3904.0000,3903.2000,3908.0000,3908.2000,3909.8000,3915.0000,3966.0000,1,1,1,1,1,2,1,1,6,3
SF,IF2001,2019-11-19 09:35:02.200,3905.8000,313,0,22250100.000,0,-,-,-,-,3905.8000,3905.6000,3904.8000,3904.0000,3903.2000,3908.0000,3908.2000,3909.8000,3915.0000,3966.0000,1,1,1,1,1,2,1,1,6,3
SF,IF2001,2019-11-19 09:35:05.200,3905.8000,313,0,22250100.000,0,-,-,-,-,3906.0000,3905.8000,3905.6000,3904.8000,3904.0000,3908.0000,3908.2000,3909.8000,3915.0000,3966.0000,1,1,1,1,1,2,1,1,6,3
SF,IF2001,2019-11-19 09:35:05.700,3905.8000,313,0,22250100.000,0,-,-,-,-,3906.2000,3905.6000,3904.8000,3904.0000,3903.2000,3908.0000,3908.2000,3909.8000,3915.0000,3966.0000,1,1,1,1,1,2,1,1,6,3
SF,IF2001,2019-11-19 09:35:06.200,3905.8000,313,0,22250100.000,0,-,-,-,-,3906.2000,3905.6000,3904.8000,3904.0000,3903.2000,3908.2000,3909.8000,3915.0000,3925.0000,3966.0000,1,1,1,1,1,1,1,5,1,3
SF,IF2001,2019-11-19 09:35:06.700,3905.8000,313,0,22250100.000,0,-,-,-,-,3906.6000,3906.2000,3905.6000,3904.8000,3904.0000,3909.0000,3909.8000,3915.0000,3925.0000,3966.0000,1,2,1,1,1,1,1,5,1,3
SF,IF2001,2019-11-19 09:35:07.200,3905.8000,313,0,22250100.000,0,-,-,-,-,3906.8000,3906.6000,3906.2000,3905.6000,3904.8000,3908.8000,3909.0000,3909.8000,3915.0000,3925.0000,1,1,1,1,1,1,1,1,5,1
SF,IF2001,2019-11-19 09:35:07.700,3905.8000,313,0,22250100.000,0,-,-,-,-,3906.8000,3906.6000,3905.6000,3904.8000,3904.0000,3908.8000,3909.0000,3909.8000,3915.0000,3925.0000,2,1,1,1,1,1,1,1,5,1
SF,IF2001,2019-11-19 09:35:08.700,3905.8000,313,0,22250100.000,0,-,-,-,-,3907.4000,3906.8000,3906.6000,3905.6000,3904.8000,3908.8000,3909.8000,3915.0000,3925.0000,3966.0000,1,2,1,1,1,1,2,5,1,3
SF,IF2001,2019-11-19 09:35:09.200,3905.8000,313,0,22250100.000,0,-,-,-,-,3907.4000,3906.6000,3905.6000,3904.8000,3896.2000,3908.8000,3909.8000,3915.0000,3925.0000,3966.0000,1,1,1,1,1,1,2,5,1,3
SF,IF2001,2019-11-19 09:35:11.700,3905.8000,313,0,22250100.000,0,-,-,-,-,3906.6000,3905.6000,3904.8000,3896.2000,3895.2000,3908.8000,3909.0000,3909.8000,3915.0000,3925.0000,1,1,1,1,1,1,1,2,5,1
SF,IF2001,2019-11-19 09:35:12.200,3905.8000,313,0,22250100.000,0,-,-,-,-,3906.8000,3906.6000,3905.6000,3904.8000,3896.2000,3908.8000,3909.0000,3909.8000,3915.0000,3925.0000,1,2,1,1,1,1,1,2,5,1
SF,IF2001,2019-11-19 09:35:13.200,3905.8000,313,0,22250100.000,0,-,-,-,-,3907.4000,3906.8000,3906.6000,3905.6000,3904.8000,3908.8000,3909.8000,3915.0000,3925.0000,3966.0000,1,1,2,1,1,1,2,5,1,3
SF,IF2001,2019-11-19 09:35:13.700,3905.8000,313,0,22250100.000,0,-,-,-,-,3907.6000,3907.4000,3906.6000,3905.6000,3904.8000,3909.8000,3915.0000,3925.0000,3966.0000,3979.2000,1,1,2,1,1,2,5,1,3,1
SF,IF2001,2019-11-19 09:35:14.200,3905.8000,313,0,22250100.000,0,-,-,-,-,3907.6000,3907.4000,3906.6000,3905.6000,3904.8000,3909.6000,3909.8000,3915.0000,3925.0000,3966.0000,1,1,1,1,1,2,2,5,1,3
SF,IF2001,2019-11-19 09:35:22.700,3905.8000,313,0,22250100.000,0,-,-,-,-,3907.6000,3907.4000,3906.6000,3905.6000,3904.8000,3909.6000,3909.8000,3915.0000,3915.4000,3925.0000,1,1,1,1,1,2,2,5,1,1
SF,IF2001,2019-11-19 09:35:23.200,3905.8000,313,0,22250100.000,0,-,-,-,-,3907.8000,3907.6000,3907.4000,3906.6000,3905.6000,3909.6000,3909.8000,3915.0000,3915.4000,3925.0000,2,1,1,1,1,2,2,5,1,1
SF,IF2001,2019-11-19 09:35:23.700,3905.8000,313,0,22250100.000,0,-,-,-,-,3907.4000,3906.6000,3905.6000,3904.8000,3896.2000,3909.6000,3909.8000,3915.0000,3915.4000,3925.0000,1,1,1,1,1,2,2,5,1,1
SF,IF2001,2019-11-19 09:35:24.200,3905.8000,313,0,22250100.000,0,-,-,-,-,3907.4000,3906.6000,3905.6000,3904.8000,3896.2000,3909.4000,3909.6000,3909.8000,3915.0000,3915.4000,1,1,1,1,1,1,2,2,5,1
SF,IF2001,2019-11-19 09:35:24.700,3905.8000,313,0,22250100.000,0,-,-,-,-,3906.6000,3905.6000,3904.8000,3896.2000,3895.2000,3909.2000,3909.4000,3909.8000,3915.0000,3915.4000,1,1,1,1,1,3,1,2,5,1
SF,IF2001,2019-11-19 09:35:25.200,3905.8000,313,0,22250100.000,0,-,-,-,-,3907.4000,3906.8000,3906.6000,3905.6000,3904.8000,3909.2000,3909.8000,3915.0000,3915.4000,3925.0000,1,2,2,1,1,3,2,5,1,1
SF,IF2001,2019-11-19 09:35:25.700,3905.8000,313,0,22250100.000,0,-,-,-,-,3906.6000,3905.6000,3904.8000,3896.2000,3895.2000,3908.8000,3909.0000,3909.2000,3909.8000,3915.0000,1,1,1,1,1,1,1,1,2,5
SF,IF2001,2019-11-19 09:35:26.200,3905.8000,313,0,22250100.000,0,-,-,-,-,3906.8000,3906.6000,3905.6000,3904.8000,3896.2000,3908.8000,3909.0000,3909.8000,3915.0000,3915.4000,2,2,1,1,1,1,1,2,5,1
SF,IF2001,2019-11-19 09:35:26.700,3905.8000,313,0,22250100.000,0,-,-,-,-,3906.8000,3906.6000,3905.6000,3904.8000,3896.2000,3909.8000,3915.0000,3915.4000,3925.0000,3966.0000,2,2,1,1,1,2,5,1,1,3
SF,IF2001,2019-11-19 09:35:27.200,3905.8000,313,0,22250100.000,0,-,-,-,-,3906.8000,3906.6000,3905.6000,3904.8000,3896.2000,3909.6000,3909.8000,3915.0000,3915.4000,3925.0000,2,2,1,1,1,2,2,5,1,1
SF,IF2001,2019-11-19 09:35:28.200,3905.8000,313,0,22250100.000,0,-,-,-,-,3907.4000,3907.2000,3906.8000,3906.6000,3905.6000,3909.6000,3909.8000,3915.0000,3915.4000,3925.0000,1,1,2,2,1,2,2,5,1,1
SF,IF2001,2019-11-19 09:35:28.700,3905.8000,313,0,22250100.000,0,-,-,-,-,3907.6000,3907.4000,3907.2000,3906.6000,3905.6000,3909.6000,3909.8000,3915.0000,3915.4000,3925.0000,1,1,1,2,1,2,2,5,1,1
SF,IF2001,2019-11-19 09:35:30.700,3905.8000,313,0,22250100.000,0,-,-,-,-,3907.6000,3907.4000,3906.6000,3905.6000,3904.8000,3909.6000,3909.8000,3915.0000,3915.4000,3925.0000,1,1,2,1,1,2,2,5,1,1
SF,IF2001,2019-11-19 09:35:31.200,3905.8000,313,0,22250100.000,0,-,-,-,-,3907.6000,3907.4000,3906.6000,3905.6000,3904.8000,3909.6000,3909.8000,3915.0000,3915.4000,3925.0000,1,1,1,1,1,2,2,5,1,1
SF,IF2001,2019-11-19 09:35:32.200,3905.8000,313,0,22250100.000,0,-,-,-,-,3907.6000,3907.4000,3906.6000,3905.6000,3904.8000,3909.4000,3909.6000,3909.8000,3915.0000,3915.4000,1,1,1,1,1,1,2,2,5,1
SF,IF2001,2019-11-19 09:35:32.700,3905.8000,313,0,22250100.000,0,-,-,-,-,3907.6000,3907.4000,3906.6000,3905.6000,3904.8000,3909.2000,3909.4000,3909.8000,3915.0000,3915.4000,1,1,1,1,1,1,1,2,5,1
SF,IF2001,2019-11-19 09:35:33.200,3905.8000,313,0,22250100.000,0,-,-,-,-,3907.6000,3907.4000,3906.6000,3905.6000,3904.8000,3909.2000,3909.4000,3909.8000,3915.0000,3915.4000,1,1,1,1,1,2,1,2,5,1
SF,IF2001,2019-11-19 09:35:33.700,3905.8000,313,0,22250100.000,0,-,-,-,-,3907.8000,3907.6000,3907.4000,3906.6000,3905.6000,3909.2000,3909.8000,3915.0000,3915.4000,3925.0000,1,1,1,1,1,1,2,5,1,1
SF,IF2001,2019-11-19 09:35:34.200,3905.8000,313,0,22250100.000,0,-,-,-,-,3907.4000,3906.6000,3905.6000,3904.8000,3896.2000,3909.2000,3909.8000,3915.0000,3915.4000,3925.0000,1,1,1,1,1,1,2,5,1,1
SF,IF2001,2019-11-19 09:35:34.700,3905.8000,313,0,22250100.000,0,-,-,-,-,3906.6000,3905.6000,3904.8000,3896.2000,3895.2000,3909.0000,3909.2000,3909.8000,3915.0000,3915.4000,1,1,1,1,1,1,1,2,5,1
SF,IF2001,2019-11-19 09:35:35.200,3905.8000,313,0,22250100.000,0,-,-,-,-,3906.8000,3906.6000,3905.6000,3904.8000,3896.2000,3909.0000,3909.8000,3915.0000,3915.4000,3925.0000,2,1,1,1,1,1,2,5,1,1
SF,IF2001,2019-11-19 09:35:35.700,3905.8000,313,0,22250100.000,0,-,-,-,-,3906.8000,3906.6000,3905.6000,3904.8000,3896.2000,3909.8000,3915.0000,3915.4000,3925.0000,3966.0000,2,1,1,1,1,2,5,1,1,3
SF,IF2001,2019-11-19 09:35:36.200,3905.8000,313,0,22250100.000,0,-,-,-,-,3906.8000,3906.6000,3905.6000,3904.8000,3896.2000,3909.6000,3909.8000,3915.0000,3915.4000,3925.0000,2,1,1,1,1,2,2,5,1,1
SF,IF2001,2019-11-19 09:35:36.700,3905.8000,313,0,22250100.000,0,-,-,-,-,3907.0000,3906.8000,3906.6000,3905.6000,3904.8000,3909.6000,3909.8000,3915.0000,3915.4000,3925.0000,2,2,1,1,1,2,2,5,1,1
SF,IF2001,2019-11-19 09:35:37.200,3905.8000,313,0,22250100.000,0,-,-,-,-,3907.2000,3907.0000,3906.6000,3905.6000,3904.8000,3909.6000,3909.8000,3915.0000,3915.4000,3925.0000,2,2,1,1,1,2,2,5,1,1
SF,IF2001,2019-11-19 09:35:37.700,3905.8000,313,0,22250100.000,0,-,-,-,-,3907.2000,3907.0000,3906.6000,3905.6000,3904.8000,3909.4000,3909.6000,3909.8000,3915.0000,3915.4000,2,2,1,1,1,1,3,2,5,1
SF,IF2001,2019-11-19 09:35:38.200,3905.8000,313,0,22250100.000,0,-,-,-,-,3907.0000,3906.6000,3905.6000,3904.8000,3896.2000,3909.0000,3909.2000,3909.4000,3909.6000,3909.8000,2,1,1,1,1,1,2,1,1,2
SF,IF2001,2019-11-19 09:35:38.700,3905.8000,313,0,22250100.000,0,-,-,-,-,3907.2000,3906.6000,3905.6000,3904.8000,3896.2000,3909.0000,3909.4000,3909.6000,3909.8000,3915.0000,1,1,1,1,1,1,1,1,2,5
SF,IF2001,2019-11-19 09:35:39.200,3905.8000,313,0,22250100.000,0,-,-,-,-,3907.2000,3906.6000,3905.6000,3904.8000,3896.2000,3909.0000,3909.4000,3909.8000,3915.0000,3915.4000,1,1,1,1,1,1,1,2,5,1
SF,IF2001,2019-11-19 09:35:39.700,3905.8000,313,0,22250100.000,0,-,-,-,-,3907.2000,3906.6000,3905.6000,3904.8000,3896.2000,3909.0000,3909.4000,3909.8000,3915.0000,3915.4000,1,1,1,1,1,2,1,2,5,1
SF,IF2001,2019-11-19 09:35:40.200,3905.8000,313,0,22250100.000,0,-,-,-,-,3907.2000,3906.6000,3905.6000,3904.8000,3896.2000,3908.8000,3909.0000,3909.4000,3909.8000,3915.0000,1,1,1,1,1,1,2,1,2,5
SF,IF2001,2019-11-19 09:35:40.700,3905.8000,313,0,22250100.000,0,-,-,-,-,3906.6000,3905.6000,3904.8000,3896.2000,3895.2000,3908.8000,3909.0000,3909.8000,3915.0000,3915.4000,1,1,1,1,1,2,2,2,5,1
SF,IF2001,2019-11-19 09:35:41.200,3905.8000,313,0,22250100.000,0,-,-,-,-,3906.6000,3905.6000,3904.8000,3896.2000,3895.2000,3908.6000,3908.8000,3909.0000,3909.8000,3915.0000,1,1,1,1,1,2,2,2,2,5
SF,IF2001,2019-11-19 09:35:41.700,3905.8000,313,0,22250100.000,0,-,-,-,-,3905.6000,3904.8000,3896.2000,3895.2000,3895.0000,3908.2000,3908.4000,3908.6000,3909.0000,3909.8000,1,1,1,1,5,1,2,2,2,2
SF,IF2001,2019-11-19 09:35:42.200,3905.8000,313,0,22250100.000,0,-,-,-,-,3905.8000,3905.6000,3904.8000,3896.2000,3895.2000,3908.2000,3908.4000,3908.6000,3909.0000,3909.8000,3,1,1,1,1,1,1,2,1,2
SF,IF2001,2019-11-19 09:35:42.700,3905.8000,313,0,22250100.000,0,-,-,-,-,3906.0000,3905.8000,3905.6000,3904.8000,3896.2000,3908.2000,3908.4000,3908.6000,3909.0000,3909.8000,1,3,1,1,1,1,1,2,1,2
SF,IF2001,2019-11-19 09:35:43.200,3905.8000,313,0,22250100.000,0,-,-,-,-,3906.4000,3906.0000,3905.6000,3904.8000,3896.2000,3909.0000,3909.8000,3915.0000,3915.4000,3925.0000,3,1,1,1,1,1,2,5,1,1
SF,IF2001,2019-11-19 09:35:43.700,3905.8000,313,0,22250100.000,0,-,-,-,-,3906.8000,3906.4000,3906.0000,3905.6000,3904.8000,3909.0000,3909.8000,3915.0000,3915.4000,3925.0000,1,5,1,1,1,1,2,5,1,1
SF,IF2001,2019-11-19 09:35:44.200,3905.8000,313,0,22250100.000,0,-,-,-,-,3907.0000,3906.8000,3906.0000,3905.6000,3904.8000,3909.0000,3909.8000,3915.0000,3915.4000,3925.0000,1,3,1,1,1,1,2,5,1,1
SF,IF2001,2019-11-19 09:35:44.700,3905.8000,313,0,22250100.000,0,-,-,-,-,3907.0000,3906.8000,3906.0000,3905.6000,3904.8000,3909.0000,3909.8000,3915.0000,3915.4000,3925.0000,3,1,1,1,1,1,2,5,1,1
SF,IF2001,2019-11-19 09:35:45.200,3905.8000,313,0,22250100.000,0,-,-,-,-,3907.0000,3906.8000,3905.6000,3904.8000,3896.2000,3909.0000,3909.8000,3915.0000,3915.4000,3925.0000,3,1,1,1,1,1,2,5,1,1
SF,IF2001,2019-11-19 09:35:45.700,3905.8000,313,0,22250100.000,0,-,-,-,-,3907.0000,3906.8000,3905.6000,3904.8000,3896.2000,3908.8000,3909.0000,3909.8000,3915.0000,3915.4000,1,1,1,1,1,1,2,2,5,1
SF,IF2001,2019-11-19 09:35:46.200,3905.8000,313,0,22250100.000,0,-,-,-,-,3907.0000,3906.8000,3905.6000,3904.8000,3896.2000,3908.8000,3909.0000,3909.8000,3915.0000,3915.4000,1,1,1,1,1,1,1,2,5,1
SF,IF2001,2019-11-19 09:35:47.200,3905.8000,313,0,22250100.000,0,-,-,-,-,3907.0000,3905.6000,3904.8000,3896.2000,3895.2000,3908.6000,3908.8000,3909.0000,3909.8000,3915.0000,1,1,1,1,1,1,1,1,2,5
SF,IF2001,2019-11-19 09:35:47.700,3905.8000,313,0,22250100.000,0,-,-,-,-,3907.0000,3905.6000,3904.8000,3896.2000,3895.2000,3908.4000,3908.6000,3909.0000,3909.8000,3915.0000,1,1,1,1,1,1,1,1,2,5
SF,IF2001,2019-11-19 09:35:48.200,3905.8000,313,0,22250100.000,0,-,-,-,-,3905.6000,3904.8000,3896.2000,3895.2000,3895.0000,3908.4000,3908.6000,3909.0000,3909.8000,3915.0000,1,1,1,1,5,1,1,1,2,5
SF,IF2001,2019-11-19 09:35:48.700,3905.8000,313,0,22250100.000,0,-,-,-,-,3905.8000,3905.6000,3904.8000,3896.2000,3895.2000,3908.4000,3908.6000,3909.0000,3909.8000,3915.0000,3,1,1,1,1,1,1,1,2,5
SF,IF2001,2019-11-19 09:35:49.200,3905.8000,313,0,22250100.000,0,-,-,-,-,3906.0000,3905.8000,3905.6000,3904.8000,3896.2000,3908.4000,3908.6000,3909.0000,3909.8000,3915.0000,1,3,1,1,1,1,1,1,2,5
SF,IF2001,2019-11-19 09:35:49.700,3905.8000,313,0,22250100.000,0,-,-,-,-,3906.2000,3906.0000,3905.6000,3904.8000,3896.2000,3908.4000,3908.6000,3909.0000,3909.8000,3915.0000,2,1,1,1,1,1,1,1,2,5
SF,IF2001,2019-11-19 09:35:50.700,3905.8000,313,0,22250100.000,0,-,-,-,-,3906.4000,3906.2000,3905.6000,3904.8000,3896.2000,3908.4000,3908.6000,3909.0000,3909.8000,3915.0000,1,2,1,1,1,1,1,1,2,5
SF,IF2001,2019-11-19 09:35:51.200,3905.8000,313,0,22250100.000,0,-,-,-,-,3906.6000,3906.4000,3905.6000,3904.8000,3896.2000,3908.4000,3908.6000,3909.0000,3909.8000,3915.0000,1,1,1,1,1,1,1,1,2,5
SF,IF2001,2019-11-19 09:35:52.200,3905.8000,313,0,22250100.000,0,-,-,-,-,3906.6000,3905.6000,3904.8000,3896.2000,3895.2000,3908.4000,3908.6000,3909.0000,3909.8000,3915.0000,1,1,1,1,1,1,1,1,2,5
SF,IF2001,2019-11-19 09:35:52.700,3905.8000,313,0,22250100.000,0,-,-,-,-,3906.6000,3906.4000,3905.6000,3904.8000,3896.2000,3908.4000,3908.6000,3909.0000,3909.8000,3915.0000,1,1,1,1,1,1,1,1,2,5
SF,IF2001,2019-11-19 09:35:57.200,3905.8000,313,0,22250100.000,0,-,-,-,-,3906.6000,3906.4000,3905.6000,3904.8000,3896.2000,3908.4000,3909.0000,3909.8000,3915.0000,3915.4000,1,1,1,1,1,1,1,2,5,1
SF,IF2001,2019-11-19 09:36:02.700,3905.8000,313,0,22250100.000,0,-,-,-,-,3906.8000,3906.6000,3906.4000,3905.6000,3904.8000,3908.4000,3909.0000,3909.8000,3915.0000,3915.4000,1,1,1,1,1,1,1,2,5,1
SF,IF2001,2019-11-19 09:36:03.200,3905.8000,313,0,22250100.000,0,-,-,-,-,3907.0000,3906.8000,3906.4000,3905.6000,3904.8000,3909.0000,3909.8000,3915.0000,3915.4000,3925.0000,1,1,1,1,1,1,2,5,1,1
SF,IF2001,2019-11-19 09:36:05.700,3905.8000,313,0,22250100.000,0,-,-,-,-,3907.2000,3907.0000,3906.8000,3906.4000,3905.6000,3909.0000,3909.8000,3915.0000,3915.4000,3925.0000,2,1,1,1,1,1,2,5,1,1
SF,IF2001,2019-11-19 09:36:06.200,3905.8000,313,0,22250100.000,0,-,-,-,-,3907.2000,3906.8000,3906.4000,3905.6000,3904.8000,3909.0000,3909.8000,3915.0000,3915.4000,3925.0000,2,1,1,1,1,1,2,5,1,1
SF,IF2001,2019-11-19 09:36:07.200,3905.8000,313,0,22250100.000,0,-,-,-,-,3906.8000,3906.4000,3905.6000,3904.8000,3896.2000,3909.0000,3909.8000,3915.0000,3915.4000,3925.0000,1,1,1,1,1,1,2,5,1,1
SF,IF2001,2019-11-19 09:36:07.700,3905.8000,313,0,22250100.000,0,-,-,-,-,3907.4000,3907.0000,3906.8000,3906.4000,3905.6000,3909.8000,3915.0000,3915.4000,3925.0000,3966.0000,1,2,2,1,1,2,5,1,1,3
SF,IF2001,2019-11-19 09:36:08.200,3905.8000,313,0,22250100.000,0,-,-,-,-,3907.4000,3906.8000,3906.4000,3905.6000,3904.8000,3909.6000,3909.8000,3915.0000,3915.4000,3925.0000,1,1,1,1,1,2,2,5,1,1
SF,IF2001,2019-11-19 09:36:08.700,3905.8000,313,0,22250100.000,0,-,-,-,-,3907.6000,3907.4000,3906.8000,3906.4000,3905.6000,3909.6000,3909.8000,3915.0000,3915.4000,3925.0000,1,1,1,1,1,2,2,5,1,1
SF,IF2001,2019-11-19 09:36:11.200,3905.8000,313,0,22250100.000,0,-,-,-,-,3907.6000,3907.4000,3906.4000,3905.6000,3904.8000,3909.6000,3909.8000,3915.0000,3915.4000,3925.0000,2,1,1,1,1,2,2,5,1,1
SF,IF2001,2019-11-19 09:36:11.700,3905.8000,313,0,22250100.000,0,-,-,-,-,3907.8000,3907.6000,3907.4000,3906.4000,3905.6000,3909.8000,3915.0000,3915.4000,3925.0000,3966.0000,1,2,1,1,1,2,5,1,1,3
SF,IF2001,2019-11-19 09:36:12.200,3905.8000,313,0,22250100.000,0,-,-,-,-,3907.8000,3907.6000,3907.4000,3906.4000,3905.6000,3909.6000,3909.8000,3915.0000,3915.4000,3925.0000,1,2,1,1,1,1,3,5,1,1
SF,IF2001,2019-11-19 09:36:12.700,3905.8000,313,0,22250100.000,0,-,-,-,-,3907.6000,3907.4000,3906.4000,3905.6000,3904.8000,3909.6000,3909.8000,3915.0000,3915.4000,3925.0000,2,1,1,1,1,2,2,5,1,1
SF,IF2001,2019-11-19 09:36:13.200,3905.8000,313,0,22250100.000,0,-,-,-,-,3907.4000,3906.4000,3905.6000,3904.8000,3896.2000,3909.6000,3909.8000,3915.0000,3915.4000,3925.0000,1,1,1,1,1,2,2,5,1,1
SF,IF2001,2019-11-19 09:36:13.700,3905.8000,313,0,22250100.000,0,-,-,-,-,3906.4000,3905.6000,3904.8000,3896.2000,3895.2000,3909.2000,3909.6000,3909.8000,3915.0000,3915.4000,1,1,1,1,1,2,2,2,5,1
SF,IF2001,2019-11-19 09:36:14.200,3905.8000,313,0,22250100.000,0,-,-,-,-,3906.6000,3906.4000,3905.6000,3904.8000,3896.2000,3909.2000,3909.4000,3909.6000,3909.8000,3915.0000,2,1,1,1,1,2,1,1,2,5
SF,IF2001,2019-11-19 09:36:14.700,3905.8000,313,0,22250100.000,0,-,-,-,-,3906.6000,3906.4000,3905.6000,3904.8000,3896.2000,3909.0000,3909.2000,3909.4000,3909.6000,3909.8000,2,1,1,1,1,1,2,1,1,2
SF,IF2001,2019-11-19 09:36:15.200,3905.8000,313,0,22250100.000,0,-,-,-,-,3906.6000,3906.4000,3905.6000,3904.8000,3896.2000,3909.0000,3909.2000,3909.4000,3909.8000,3915.0000,2,1,1,1,1,1,2,1,2,5
SF,IF2001,2019-11-19 09:36:15.700,3905.8000,313,0,22250100.000,0,-,-,-,-,3906.6000,3906.4000,3905.6000,3904.8000,3896.2000,3909.0000,3909.2000,3909.4000,3909.8000,3915.0000,3,1,1,1,1,1,2,1,2,5
SF,IF2001,2019-11-19 09:36:17.200,3905.8000,313,0,22250100.000,0,-,-,-,-,3906.6000,3906.4000,3905.6000,3904.8000,3896.2000,3909.0000,3909.4000,3909.8000,3915.0000,3915.4000,3,1,1,1,1,1,1,2,5,1
SF,IF2001,2019-11-19 09:36:18.700,3905.8000,313,0,22250100.000,0,-,-,-,-,3906.6000,3906.4000,3905.6000,3904.8000,3896.2000,3908.8000,3909.0000,3909.4000,3909.8000,3915.0000,3,1,1,1,1,1,1,1,2,5
SF,IF2001,2019-11-19 09:36:19.200,3905.8000,313,0,22250100.000,0,-,-,-,-,3906.6000,3906.4000,3905.6000,3904.8000,3896.2000,3908.8000,3909.4000,3909.8000,3915.0000,3915.4000,3,1,1,1,1,1,1,2,5,1
SF,IF2001,2019-11-19 09:36:19.700,3905.8000,313,0,22250100.000,0,-,-,-,-,3906.8000,3906.6000,3906.4000,3905.6000,3904.8000,3908.8000,3909.4000,3909.8000,3915.0000,3915.4000,1,2,1,1,1,1,1,2,5,1
SF,IF2001,2019-11-19 09:36:20.200,3905.8000,313,0,22250100.000,0,-,-,-,-,3907.0000,3906.8000,3906.4000,3905.6000,3904.8000,3908.8000,3909.4000,3909.8000,3915.0000,3915.4000,1,1,1,1,1,1,1,2,5,1
SF,IF2001,2019-11-19 09:36:20.700,3905.8000,313,0,22250100.000,0,-,-,-,-,3907.0000,3906.4000,3905.6000,3904.8000,3896.2000,3908.6000,3908.8000,3909.4000,3909.8000,3915.0000,1,1,1,1,1,1,2,1,2,5
SF,IF2001,2019-11-19 09:36:21.200,3905.8000,313,0,22250100.000,0,-,-,-,-,3907.0000,3906.4000,3905.6000,3904.8000,3896.2000,3908.6000,3908.8000,3909.4000,3909.8000,3915.0000,1,1,1,1,1,1,1,1,2,5
SF,IF2001,2019-11-19 09:36:21.700,3905.8000,313,0,22250100.000,0,-,-,-,-,3907.0000,3906.4000,3905.6000,3904.8000,3895.2000,3908.6000,3908.8000,3909.4000,3909.8000,3915.0000,1,1,1,1,1,1,1,1,2,5
SF,IF2001,2019-11-19 09:36:32.200,3905.8000,313,0,22250100.000,0,-,-,-,-,3907.0000,3906.4000,3905.6000,3904.8000,3895.2000,3908.6000,3908.8000,3909.4000,3909.8000,3915.0000,1,1,1,1,1,1,1,1,2,5
SF,IF2001,2019-11-19 09:36:59.200,3905.8000,313,0,22250100.000,0,-,-,-,-,3907.0000,3906.4000,3905.6000,3904.8000,3895.2000,3908.6000,3909.4000,3909.8000,3915.0000,3915.4000,1,1,1,1,1,1,1,2,5,1
SF,IF2001,2019-11-19 09:36:59.700,3908.6000,312,-1,23422680.000,1,0,1,双平,S,3907.4000,3907.0000,3906.4000,3905.6000,3904.8000,3909.4000,3909.8000,3910.2000,3915.0000,3915.4000,1,1,1,1,1,1,2,1,6,1
SF,IF2001,2019-11-19 09:37:00.200,3908.6000,312,0,23422680.000,0,-,-,-,-,3907.6000,3907.4000,3906.4000,3905.6000,3904.8000,3909.4000,3909.8000,3915.0000,3915.4000,3938.6000,2,1,1,1,1,1,2,6,1,1
SF,IF2001,2019-11-19 09:37:00.700,3908.6000,312,0,23422680.000,0,-,-,-,-,3907.6000,3907.4000,3906.4000,3905.6000,3904.8000,3909.8000,3915.0000,3915.4000,3938.6000,3966.0000,2,1,1,1,1,2,6,1,1,3
SF,IF2001,2019-11-19 09:37:06.200,3908.6000,312,0,23422680.000,0,-,-,-,-,3907.6000,3906.4000,3905.6000,3904.8000,3895.2000,3909.8000,3915.0000,3915.4000,3938.6000,3966.0000,2,1,1,1,1,2,6,1,1,3
SF,IF2001,2019-11-19 09:37:06.700,3908.6000,312,0,23422680.000,0,-,-,-,-,3907.6000,3906.4000,3905.6000,3904.8000,3895.2000,3909.8000,3915.0000,3915.4000,3938.6000,3966.0000,3,1,1,1,1,2,6,1,1,3
SF,IF2001,2019-11-19 09:37:07.700,3908.6000,312,0,23422680.000,0,-,-,-,-,3907.6000,3906.4000,3905.6000,3904.8000,3895.2000,3909.8000,3915.0000,3915.4000,3938.6000,3966.0000,3,1,1,1,1,3,6,1,1,3
SF,IF2001,2019-11-19 09:37:12.200,3908.6000,312,0,23422680.000,0,-,-,-,-,3907.6000,3906.4000,3905.6000,3904.8000,3895.2000,3909.6000,3909.8000,3915.0000,3915.4000,3938.6000,3,1,1,1,1,1,3,6,1,1
SF,IF2001,2019-11-19 09:37:12.700,3908.6000,312,0,23422680.000,0,-,-,-,-,3907.6000,3906.4000,3905.6000,3904.8000,3895.2000,3908.8000,3909.4000,3909.6000,3909.8000,3915.0000,2,1,1,1,1,1,1,1,3,6
SF,IF2001,2019-11-19 09:37:13.200,3908.6000,312,0,23422680.000,0,-,-,-,-,3907.6000,3906.4000,3905.6000,3904.8000,3895.2000,3908.8000,3909.6000,3909.8000,3915.0000,3915.4000,2,1,1,1,1,1,1,2,6,1
SF,IF2001,2019-11-19 09:37:15.700,3908.6000,312,0,23422680.000,0,-,-,-,-,3907.6000,3906.4000,3905.6000,3904.8000,3895.2000,3908.6000,3908.8000,3909.8000,3915.0000,3915.4000,2,1,1,1,1,1,1,2,6,1
SF,IF2001,2019-11-19 09:37:16.700,3908.6000,312,0,23422680.000,0,-,-,-,-,3907.6000,3906.4000,3905.6000,3904.8000,3895.2000,3908.6000,3908.8000,3909.8000,3915.0000,3915.4000,2,1,1,1,1,1,1,2,6,1
SF,IF2001,2019-11-19 09:37:22.700,3907.6000,311,-1,25767240.000,2,0,2,多平,S,3906.4000,3905.6000,3904.8000,3895.2000,3895.0000,3908.6000,3908.8000,3909.8000,3915.0000,3915.4000,1,1,1,1,5,2,1,2,6,1
SF,IF2001,2019-11-19 09:37:23.200,3907.6000,311,0,25767240.000,0,-,-,-,-,3906.6000,3906.4000,3905.6000,3904.8000,3895.2000,3908.6000,3908.8000,3909.8000,3915.0000,3915.4000,1,1,1,1,1,2,1,2,6,1
SF,IF2001,2019-11-19 09:37:42.200,3907.6000,311,0,25767240.000,0,-,-,-,-,3906.6000,3906.4000,3905.6000,3904.8000,3895.2000,3908.0000,3908.6000,3908.8000,3909.8000,3915.0000,1,1,1,1,1,1,2,1,2,6
SF,IF2001,2019-11-19 09:37:42.700,3907.6000,311,0,25767240.000,0,-,-,-,-,3906.4000,3905.6000,3904.8000,3895.2000,3895.0000,3907.8000,3908.0000,3908.6000,3908.8000,3909.8000,1,1,1,1,5,3,1,1,1,2
SF,IF2001,2019-11-19 09:37:43.200,3907.6000,311,0,25767240.000,0,-,-,-,-,3905.6000,3904.8000,3895.2000,3895.0000,3894.0000,3907.8000,3908.0000,3908.6000,3908.8000,3909.8000,1,1,1,5,1,3,1,1,1,2
SF,IF2001,2019-11-19 09:37:45.200,3907.6000,311,0,25767240.000,0,-,-,-,-,3905.6000,3904.8000,3895.2000,3895.0000,3894.0000,3907.6000,3907.8000,3908.0000,3908.8000,3909.8000,1,1,1,5,1,1,3,1,1,2
SF,IF2001,2019-11-19 09:37:45.700,3907.6000,311,0,25767240.000,0,-,-,-,-,3905.6000,3904.8000,3895.2000,3895.0000,3894.0000,3907.4000,3907.6000,3908.0000,3908.8000,3909.8000,1,1,1,5,1,3,1,1,1,2
SF,IF2001,2019-11-19 09:37:46.700,3907.6000,311,0,25767240.000,0,-,-,-,-,3905.6000,3904.8000,3895.2000,3895.0000,3894.0000,3907.2000,3907.4000,3907.6000,3908.0000,3908.8000,1,1,1,5,1,1,3,1,1,1
SF,IF2001,2019-11-19 09:37:47.200,3907.6000,311,0,25767240.000,0,-,-,-,-,3905.6000,3904.8000,3895.2000,3895.0000,3894.0000,3907.0000,3907.2000,3907.6000,3908.0000,3908.8000,1,1,1,5,1,2,1,1,1,1
SF,IF2001,2019-11-19 09:37:51.200,3907.6000,311,0,25767240.000,0,-,-,-,-,3905.6000,3904.8000,3895.2000,3895.0000,3894.0000,3907.0000,3907.2000,3907.6000,3908.0000,3908.8000,1,1,1,5,1,2,1,1,1,1
SF,IF2001,2019-11-19 09:37:52.200,3907.6000,311,0,25767240.000,0,-,-,-,-,3904.8000,3895.2000,3895.0000,3894.0000,3891.2000,3907.0000,3907.2000,3907.6000,3908.0000,3908.8000,1,1,5,1,1,2,1,1,1,1
SF,IF2001,2019-11-19 09:37:53.200,3907.6000,311,0,25767240.000,0,-,-,-,-,3904.8000,3900.8000,3895.2000,3895.0000,3894.0000,3907.0000,3907.2000,3907.6000,3908.0000,3908.8000,1,4,1,5,1,2,1,1,1,1
SF,IF2001,2019-11-19 09:37:53.700,3907.6000,311,0,25767240.000,0,-,-,-,-,3905.0000,3904.8000,3900.8000,3895.2000,3895.0000,3907.0000,3907.2000,3907.6000,3908.0000,3908.8000,1,1,4,1,5,2,1,1,1,1
SF,IF2001,2019-11-19 09:37:54.200,3907.6000,311,0,25767240.000,0,-,-,-,-,3905.6000,3905.0000,3904.8000,3900.8000,3895.2000,3907.0000,3907.2000,3907.6000,3908.0000,3908.8000,1,2,1,4,1,2,1,1,1,1
SF,IF2001,2019-11-19 09:37:54.700,3907.6000,311,0,25767240.000,0,-,-,-,-,3905.6000,3905.0000,3904.8000,3900.8000,3895.2000,3907.6000,3908.0000,3908.8000,3909.8000,3912.0000,1,1,1,4,1,1,1,1,2,4
SF,IF2001,2019-11-19 09:37:55.200,3907.6000,311,0,25767240.000,0,-,-,-,-,3905.6000,3905.0000,3904.8000,3900.8000,3895.2000,3907.4000,3908.0000,3908.8000,3909.8000,3912.0000,1,1,1,4,1,1,1,1,2,4
SF,IF2001,2019-11-19 09:37:56.700,3907.6000,311,0,25767240.000,0,-,-,-,-,3906.4000,3905.6000,3905.0000,3904.8000,3900.8000,3907.4000,3908.0000,3908.8000,3909.8000,3912.0000,1,1,1,1,4,1,1,1,2,4
SF,IF2001,2019-11-19 09:37:57.200,3907.6000,311,0,25767240.000,0,-,-,-,-,3906.4000,3905.6000,3904.8000,3900.8000,3895.2000,3907.4000,3908.0000,3908.8000,3909.8000,3912.0000,1,1,1,4,1,1,1,1,2,4
SF,IF2001,2019-11-19 09:38:00.700,3907.4000,311,0,26939460.000,1,0,1,多换,S,3906.4000,3905.8000,3905.6000,3904.8000,3900.8000,3908.8000,3909.8000,3912.0000,3915.0000,3915.4000,1,1,1,1,4,1,2,4,6,1
SF,IF2001,2019-11-19 09:38:01.200,3907.4000,311,0,26939460.000,0,-,-,-,-,3906.4000,3905.6000,3904.8000,3900.8000,3895.2000,3908.6000,3908.8000,3909.8000,3912.0000,3915.0000,1,1,1,4,1,2,1,2,4,6
SF,IF2001,2019-11-19 09:38:05.200,3908.6000,311,0,28112040.000,1,0,1,多换,S,3907.2000,3906.4000,3905.6000,3904.8000,3900.8000,3908.6000,3908.8000,3909.8000,3912.0000,3915.0000,1,1,1,1,4,1,1,2,4,6
SF,IF2001,2019-11-19 09:38:05.700,3908.6000,311,0,28112040.000,0,-,-,-,-,3907.2000,3906.4000,3905.6000,3904.8000,3900.8000,3908.8000,3909.8000,3912.0000,3915.0000,3915.4000,1,1,1,1,4,1,2,4,6,1
SF,IF2001,2019-11-19 09:38:11.200,3908.6000,311,0,28112040.000,0,-,-,-,-,3906.4000,3905.6000,3904.8000,3900.8000,3895.2000,3908.8000,3909.8000,3912.0000,3915.0000,3915.4000,1,1,1,4,1,1,2,4,6,1
SF,IF2001,2019-11-19 09:38:11.700,3908.6000,311,0,28112040.000,0,-,-,-,-,3906.6000,3906.4000,3905.6000,3904.8000,3900.8000,3908.8000,3909.8000,3912.0000,3915.0000,3915.4000,2,2,1,1,4,1,2,4,6,1
SF,IF2001,2019-11-19 09:38:12.200,3908.6000,311,0,28112040.000,0,-,-,-,-,3906.6000,3906.4000,3905.6000,3904.8000,3900.8000,3908.8000,3909.8000,3912.0000,3915.0000,3915.4000,2,1,1,1,4,1,2,4,6,1
SF,IF2001,2019-11-19 09:38:15.200,3908.6000,311,0,28112040.000,0,-,-,-,-,3907.2000,3906.6000,3906.4000,3905.6000,3904.8000,3908.8000,3909.8000,3912.0000,3915.0000,3915.4000,1,2,1,1,1,1,2,4,6,1
SF,IF2001,2019-11-19 09:38:15.700,3908.6000,311,0,28112040.000,0,-,-,-,-,3907.4000,3907.2000,3906.8000,3906.4000,3905.6000,3908.8000,3909.8000,3912.0000,3915.0000,3915.4000,1,1,1,1,1,1,2,4,6,1
SF,IF2001,2019-11-19 09:38:19.700,3908.6000,311,0,28112040.000,0,-,-,-,-,3907.4000,3907.2000,3906.4000,3905.6000,3904.8000,3908.8000,3909.8000,3912.0000,3915.0000,3915.4000,1,1,1,1,1,1,2,4,6,1
SF,IF2001,2019-11-19 09:38:22.700,3908.6000,311,0,28112040.000,0,-,-,-,-,3907.4000,3906.4000,3905.6000,3904.8000,3900.8000,3908.8000,3909.8000,3912.0000,3915.0000,3915.4000,1,1,1,1,4,1,2,4,6,1
SF,IF2001,2019-11-19 09:38:23.700,3907.4000,310,-1,29284260.000,1,0,1,双平,S,3906.4000,3905.6000,3904.8000,3900.8000,3895.2000,3908.8000,3909.8000,3912.0000,3915.0000,3915.4000,1,1,1,4,1,1,2,4,6,1
SF,IF2001,2019-11-19 09:38:24.200,3907.4000,310,0,29284260.000,0,-,-,-,-,3906.4000,3905.6000,3904.8000,3900.8000,3895.2000,3908.6000,3908.8000,3909.8000,3912.0000,3915.0000,1,1,1,4,1,3,2,2,4,6
SF,IF2001,2019-11-19 09:38:24.700,3907.4000,310,0,29284260.000,0,-,-,-,-,3906.4000,3905.6000,3904.8000,3900.8000,3895.2000,3908.0000,3908.6000,3908.8000,3909.8000,3912.0000,1,1,1,4,1,1,3,2,2,4
SF,IF2001,2019-11-19 09:38:25.200,3908.0000,310,0,30456660.000,1,0,1,多换,S,3906.6000,3906.4000,3905.6000,3904.8000,3900.8000,3908.6000,3908.8000,3909.8000,3912.0000,3915.0000,1,1,1,1,4,1,1,2,4,6
SF,IF2001,2019-11-19 09:38:30.700,3908.0000,310,0,30456660.000,0,-,-,-,-,3906.6000,3906.4000,3905.6000,3904.8000,3904.0000,3908.6000,3908.8000,3909.8000,3912.0000,3915.0000,1,1,1,1,1,1,1,2,4,6
SF,IF2001,2019-11-19 09:38:34.700,3908.0000,310,0,30456660.000,0,-,-,-,-,3906.6000,3906.4000,3905.6000,3904.8000,3904.0000,3909.8000,3912.0000,3915.0000,3915.4000,3938.6000,1,1,1,1,1,2,4,6,1,1
SF,IF2001,2019-11-19 09:38:35.200,3908.0000,310,0,30456660.000,0,-,-,-,-,3906.6000,3906.4000,3905.6000,3904.8000,3904.0000,3909.6000,3909.8000,3912.0000,3915.0000,3915.4000,1,1,1,1,1,2,2,4,6,1
SF,IF2001,2019-11-19 09:38:35.700,3908.0000,310,0,30456660.000,0,-,-,-,-,3907.2000,3906.6000,3906.4000,3905.6000,3904.8000,3909.6000,3909.8000,3912.0000,3915.0000,3915.4000,1,1,1,1,1,2,2,4,6,1
SF,IF2001,2019-11-19 09:38:36.200,3908.0000,310,0,30456660.000,0,-,-,-,-,3907.2000,3906.4000,3905.6000,3904.8000,3904.0000,3909.6000,3909.8000,3912.0000,3915.0000,3915.4000,1,1,1,1,1,2,2,4,6,1
SF,IF2001,2019-11-19 09:38:37.200,3908.0000,310,0,30456660.000,0,-,-,-,-,3907.2000,3906.4000,3905.6000,3904.8000,3904.0000,3909.4000,3909.6000,3909.8000,3912.0000,3915.0000,1,1,1,1,1,1,2,2,4,6
SF,IF2001,2019-11-19 09:38:37.700,3908.0000,310,0,30456660.000,0,-,-,-,-,3907.2000,3906.4000,3905.6000,3904.8000,3904.0000,3909.2000,3909.4000,3909.8000,3912.0000,3915.0000,1,1,1,1,1,1,1,2,4,6
SF,IF2001,2019-11-19 09:38:39.700,3908.0000,310,0,30456660.000,0,-,-,-,-,3907.2000,3906.4000,3905.6000,3904.8000,3904.0000,3909.0000,3909.2000,3909.4000,3909.8000,3912.0000,1,1,1,1,1,1,1,1,2,4
SF,IF2001,2019-11-19 09:38:40.200,3908.0000,310,0,30456660.000,0,-,-,-,-,3907.2000,3906.4000,3905.6000,3904.8000,3904.0000,3909.0000,3909.4000,3909.8000,3912.0000,3915.0000,1,1,1,1,1,1,1,2,4,6
SF,IF2001,2019-11-19 09:38:43.200,3908.0000,310,0,30456660.000,0,-,-,-,-,3907.2000,3906.4000,3905.6000,3904.8000,3904.0000,3909.0000,3909.4000,3909.8000,3912.0000,3915.0000,1,1,1,1,1,2,1,2,4,6
SF,IF2001,2019-11-19 09:38:43.700,3908.0000,310,0,30456660.000,0,-,-,-,-,3907.2000,3906.4000,3905.6000,3904.8000,3904.0000,3908.8000,3909.0000,3909.4000,3909.8000,3912.0000,1,1,1,1,1,1,2,1,2,4
SF,IF2001,2019-11-19 09:38:44.700,3908.8000,310,0,31629300.000,1,0,1,多换,S,3907.2000,3906.4000,3905.6000,3904.8000,3904.0000,3909.0000,3909.4000,3909.8000,3912.0000,3915.0000,1,1,1,1,1,2,1,2,4,6
SF,IF2001,2019-11-19 09:38:45.200,3908.8000,310,0,31629300.000,0,-,-,-,-,3907.4000,3907.2000,3906.4000,3905.6000,3904.8000,3909.0000,3909.4000,3909.8000,3912.0000,3915.0000,1,1,1,1,1,2,1,2,4,6
SF,IF2001,2019-11-19 09:38:45.700,3908.8000,310,0,31629300.000,0,-,-,-,-,3907.4000,3906.4000,3905.6000,3904.8000,3904.0000,3908.8000,3909.0000,3909.8000,3912.0000,3915.0000,1,1,1,1,1,1,2,2,4,6
SF,IF2001,2019-11-19 09:38:57.200,3908.8000,310,0,31629300.000,0,-,-,-,-,3907.4000,3906.4000,3905.6000,3904.8000,3904.0000,3908.8000,3909.0000,3909.8000,3912.0000,3915.0000,1,1,1,1,1,1,1,2,4,6
SF,IF2001,2019-11-19 09:38:57.700,3908.8000,310,0,31629300.000,0,-,-,-,-,3907.4000,3906.4000,3905.6000,3904.8000,3904.0000,3908.6000,3908.8000,3909.0000,3909.8000,3912.0000,1,1,1,1,1,1,1,1,2,4
SF,IF2001,2019-11-19 09:38:58.200,3908.8000,310,0,31629300.000,0,-,-,-,-,3907.4000,3906.4000,3905.6000,3904.8000,3900.8000,3908.6000,3908.8000,3909.0000,3909.8000,3912.0000,1,1,1,1,4,2,1,1,2,4
SF,IF2001,2019-11-19 09:39:01.200,3908.8000,310,0,31629300.000,0,-,-,-,-,3907.4000,3906.4000,3905.6000,3904.8000,3900.8000,3908.2000,3908.4000,3908.6000,3909.0000,3909.8000,1,1,1,1,4,1,1,2,1,2
SF,IF2001,2019-11-19 09:39:01.700,3907.4000,309,-1,32801520.000,1,0,1,双平,S,3906.4000,3905.6000,3904.8000,3900.8000,3895.2000,3908.2000,3908.4000,3908.6000,3909.0000,3909.8000,1,1,1,4,1,1,1,2,1,2
SF,IF2001,2019-11-19 09:39:02.200,3907.4000,309,0,32801520.000,0,-,-,-,-,3906.4000,3905.6000,3904.8000,3900.8000,3895.2000,3907.4000,3908.2000,3908.4000,3908.6000,3909.0000,1,1,1,4,1,1,1,1,2,1
SF,IF2001,2019-11-19 09:39:02.700,3907.4000,309,0,32801520.000,0,-,-,-,-,3906.6000,3906.4000,3905.6000,3904.8000,3900.8000,3908.2000,3908.4000,3908.6000,3909.0000,3909.8000,1,1,1,1,4,1,1,2,1,2
SF,IF2001,2019-11-19 09:39:04.700,3907.4000,309,0,32801520.000,0,-,-,-,-,3906.6000,3905.6000,3904.8000,3900.8000,3895.2000,3908.2000,3908.4000,3908.6000,3909.0000,3909.8000,1,1,1,4,1,1,1,1,1,2
SF,IF2001,2019-11-19 09:39:05.200,3908.0000,309,0,33973920.000,1,0,1,多换,S,3906.6000,3905.6000,3904.8000,3900.8000,3895.2000,3908.0000,3908.2000,3908.6000,3909.0000,3909.8000,1,1,1,4,1,2,1,1,1,2
SF,IF2001,2019-11-19 09:39:08.200,3908.0000,309,0,33973920.000,0,-,-,-,-,3906.6000,3905.6000,3904.8000,3900.8000,3895.2000,3908.0000,3908.2000,3909.0000,3909.8000,3912.0000,1,1,1,4,1,2,1,1,2,4
SF,IF2001,2019-11-19 09:39:09.200,3906.6000,308,-1,35145900.000,1,0,1,双平,S,3905.6000,3904.8000,3900.8000,3895.2000,3895.0000,3908.0000,3908.2000,3909.0000,3909.8000,3912.0000,1,1,4,1,5,2,1,1,2,4
SF,IF2001,2019-11-19 09:39:09.700,3906.6000,308,0,35145900.000,0,-,-,-,-,3905.8000,3905.6000,3904.8000,3900.8000,3895.2000,3908.0000,3908.2000,3909.0000,3909.8000,3912.0000,1,1,1,4,1,3,1,1,2,4
SF,IF2001,2019-11-19 09:39:10.200,3906.6000,308,0,35145900.000,0,-,-,-,-,3905.6000,3904.8000,3900.8000,3895.2000,3895.0000,3907.2000,3907.8000,3908.0000,3908.2000,3909.0000,1,1,4,1,5,1,4,2,1,1
SF,IF2001,2019-11-19 09:39:10.700,3906.6000,308,0,35145900.000,0,-,-,-,-,3904.8000,3900.8000,3895.2000,3895.0000,3894.0000,3907.0000,3907.2000,3908.0000,3908.2000,3909.0000,1,4,1,5,1,2,2,2,1,1
SF,IF2001,2019-11-19 09:39:11.200,3906.6000,308,0,35145900.000,0,-,-,-,-,3904.8000,3900.8000,3895.2000,3895.0000,3894.0000,3907.0000,3907.2000,3908.0000,3908.2000,3909.0000,1,4,1,5,1,3,2,1,1,1
SF,IF2001,2019-11-19 09:39:11.700,3906.6000,308,0,35145900.000,0,-,-,-,-,3905.0000,3904.8000,3900.8000,3895.2000,3895.0000,3907.0000,3907.2000,3908.0000,3908.2000,3909.0000,1,1,4,1,5,3,2,1,1,1
SF,IF2001,2019-11-19 09:39:12.200,3906.6000,308,0,35145900.000,0,-,-,-,-,3905.0000,3904.8000,3900.8000,3895.2000,3895.0000,3907.0000,3907.2000,3908.0000,3908.2000,3909.0000,1,1,4,1,5,1,2,1,1,1
SF,IF2001,2019-11-19 09:39:12.700,3906.6000,308,0,35145900.000,0,-,-,-,-,3905.0000,3904.8000,3900.8000,3895.2000,3895.0000,3906.8000,3907.0000,3907.2000,3908.0000,3908.2000,1,1,4,1,5,1,1,2,1,1
SF,IF2001,2019-11-19 09:39:13.200,3906.6000,308,0,35145900.000,0,-,-,-,-,3905.0000,3904.8000,3900.8000,3895.2000,3895.0000,3906.8000,3907.0000,3907.2000,3908.0000,3908.2000,1,1,4,1,5,1,1,1,1,1
SF,IF2001,2019-11-19 09:39:13.700,3906.6000,308,0,35145900.000,0,-,-,-,-,3905.0000,3904.8000,3900.8000,3895.2000,3895.0000,3906.8000,3907.0000,3907.2000,3908.2000,3909.0000,1,1,4,1,5,1,1,1,1,1
SF,IF2001,2019-11-19 09:39:14.200,3906.6000,308,0,35145900.000,0,-,-,-,-,3905.0000,3904.8000,3900.8000,3895.2000,3895.0000,3906.6000,3906.8000,3907.0000,3907.2000,3908.2000,1,1,4,1,5,1,1,1,1,1
SF,IF2001,2019-11-19 09:39:14.700,3906.6000,308,0,35145900.000,0,-,-,-,-,3905.0000,3904.8000,3900.8000,3895.2000,3895.0000,3906.6000,3907.0000,3907.2000,3908.2000,3909.0000,1,1,4,1,5,1,1,1,1,1
SF,IF2001,2019-11-19 09:39:16.700,3906.6000,308,0,35145900.000,0,-,-,-,-,3905.0000,3904.8000,3900.8000,3895.2000,3895.0000,3907.0000,3907.2000,3908.2000,3909.0000,3909.8000,1,1,4,1,5,1,1,1,1,2
SF,IF2001,2019-11-19 09:39:17.200,3906.6000,308,0,35145900.000,0,-,-,-,-,3905.0000,3904.8000,3900.8000,3895.2000,3895.0000,3906.8000,3907.0000,3907.2000,3908.2000,3909.0000,1,1,4,1,5,2,1,1,1,1
SF,IF2001,2019-11-19 09:39:17.700,3906.6000,308,0,35145900.000,0,-,-,-,-,3905.0000,3904.8000,3900.8000,3895.2000,3895.0000,3906.8000,3907.0000,3907.2000,3908.2000,3909.0000,2,1,4,1,5,2,1,1,1,1
SF,IF2001,2019-11-19 09:39:22.700,3906.6000,308,0,35145900.000,0,-,-,-,-,3905.0000,3904.8000,3900.8000,3895.2000,3895.0000,3906.8000,3907.2000,3908.2000,3909.0000,3909.8000,2,1,4,1,5,1,1,1,1,2
SF,IF2001,2019-11-19 09:39:23.200,3906.6000,308,0,35145900.000,0,-,-,-,-,3905.0000,3904.8000,3900.8000,3895.2000,3895.0000,3907.2000,3908.2000,3909.0000,3909.8000,3912.0000,2,1,4,1,5,1,1,1,2,4
SF,IF2001,2019-11-19 09:39:24.200,3906.6000,308,0,35145900.000,0,-,-,-,-,3905.0000,3904.8000,3900.8000,3895.2000,3895.0000,3907.0000,3907.2000,3908.2000,3909.0000,3909.8000,2,1,4,1,5,1,1,1,1,2
SF,IF2001,2019-11-19 09:39:24.700,3906.8000,309,1,36317940.000,1,1,0,双开,S,3905.0000,3904.8000,3900.8000,3895.2000,3895.0000,3907.0000,3907.2000,3908.2000,3909.0000,3909.8000,2,1,4,1,5,1,1,1,1,2
SF,IF2001,2019-11-19 09:39:25.200,3906.8000,309,0,36317940.000,0,-,-,-,-,3905.0000,3904.8000,3900.8000,3895.2000,3895.0000,3907.2000,3908.2000,3909.0000,3909.8000,3912.0000,2,1,4,1,5,1,1,1,2,4
SF,IF2001,2019-11-19 09:39:26.200,3906.8000,309,0,36317940.000,0,-,-,-,-,3905.0000,3904.8000,3900.8000,3895.2000,3895.0000,3907.0000,3907.2000,3908.2000,3909.0000,3909.8000,2,1,4,1,5,1,1,1,1,2
SF,IF2001,2019-11-19 09:39:26.700,3906.8000,309,0,36317940.000,0,-,-,-,-,3905.6000,3905.0000,3904.8000,3900.8000,3895.2000,3908.2000,3909.0000,3909.8000,3912.0000,3915.0000,1,2,1,4,1,1,1,2,4,6
SF,IF2001,2019-11-19 09:39:27.200,3906.8000,309,0,36317940.000,0,-,-,-,-,3905.8000,3905.6000,3904.8000,3900.8000,3895.2000,3908.2000,3909.0000,3909.8000,3912.0000,3915.0000,1,1,1,4,1,1,1,2,4,6
SF,IF2001,2019-11-19 09:39:27.700,3906.8000,309,0,36317940.000,0,-,-,-,-,3905.8000,3905.6000,3904.8000,3900.8000,3895.2000,3908.0000,3908.2000,3909.0000,3909.8000,3912.0000,1,1,1,4,1,1,1,1,2,4
SF,IF2001,2019-11-19 09:39:28.200,3906.8000,309,0,36317940.000,0,-,-,-,-,3905.8000,3905.6000,3904.8000,3900.8000,3895.2000,3908.0000,3908.2000,3909.0000,3909.8000,3912.0000,1,1,1,4,1,1,2,1,2,4
SF,IF2001,2019-11-19 09:39:28.700,3906.8000,309,0,36317940.000,0,-,-,-,-,3905.8000,3905.6000,3904.8000,3900.8000,3895.2000,3907.6000,3908.0000,3908.2000,3909.0000,3909.8000,1,1,1,4,1,1,1,1,1,2
SF,IF2001,2019-11-19 09:39:29.200,3906.8000,309,0,36317940.000,0,-,-,-,-,3905.8000,3905.6000,3904.8000,3900.8000,3895.2000,3907.6000,3908.2000,3909.0000,3909.8000,3912.0000,1,1,1,4,1,1,1,1,2,4
SF,IF2001,2019-11-19 09:39:29.700,3906.8000,309,0,36317940.000,0,-,-,-,-,3905.8000,3905.6000,3904.8000,3900.8000,3895.2000,3907.4000,3907.6000,3908.2000,3909.0000,3909.8000,1,1,1,4,1,1,1,1,1,2
SF,IF2001,2019-11-19 09:39:32.200,3906.8000,309,0,36317940.000,0,-,-,-,-,3905.8000,3905.6000,3904.8000,3900.8000,3895.2000,3907.4000,3908.2000,3909.0000,3909.8000,3912.0000,1,1,1,4,1,2,1,1,2,4
SF,IF2001,2019-11-19 09:39:32.700,3906.8000,309,0,36317940.000,0,-,-,-,-,3905.8000,3905.6000,3904.8000,3900.8000,3895.2000,3907.4000,3908.2000,3909.0000,3909.8000,3912.0000,1,1,1,4,1,3,1,1,2,4
SF,IF2001,2019-11-19 09:39:33.200,3906.8000,309,0,36317940.000,0,-,-,-,-,3905.6000,3904.8000,3900.8000,3895.2000,3895.0000,3907.2000,3907.4000,3908.2000,3909.0000,3909.8000,1,1,4,1,5,1,2,1,1,2
SF,IF2001,2019-11-19 09:39:33.700,3906.8000,309,0,36317940.000,0,-,-,-,-,3905.6000,3904.8000,3900.8000,3895.2000,3895.0000,3907.4000,3908.2000,3909.0000,3909.8000,3912.0000,1,1,4,1,5,1,1,1,2,4
SF,IF2001,2019-11-19 09:39:35.200,3906.8000,309,0,36317940.000,0,-,-,-,-,3904.8000,3900.8000,3895.2000,3895.0000,3894.0000,3907.4000,3908.2000,3909.0000,3909.8000,3912.0000,1,4,1,5,1,1,1,1,2,4
SF,IF2001,2019-11-19 09:39:35.700,3906.8000,309,0,36317940.000,0,-,-,-,-,3905.0000,3904.8000,3900.8000,3895.2000,3895.0000,3907.4000,3908.2000,3909.0000,3909.8000,3912.0000,2,2,4,1,5,2,1,1,2,4
SF,IF2001,2019-11-19 09:39:36.200,3906.8000,309,0,36317940.000,0,-,-,-,-,3905.0000,3904.8000,3900.8000,3895.2000,3895.0000,3907.2000,3907.4000,3908.2000,3909.0000,3909.8000,2,1,4,1,5,1,2,1,1,2
SF,IF2001,2019-11-19 09:39:40.700,3906.8000,309,0,36317940.000,0,-,-,-,-,3905.0000,3904.8000,3900.8000,3895.2000,3895.0000,3907.0000,3907.2000,3907.4000,3908.2000,3909.0000,2,1,4,1,5,1,1,1,1,1
SF,IF2001,2019-11-19 09:39:41.200,3906.8000,309,0,36317940.000,0,-,-,-,-,3904.8000,3900.8000,3895.2000,3895.0000,3894.0000,3906.8000,3907.0000,3907.4000,3908.2000,3909.0000,1,4,1,5,1,3,1,1,1,1
SF,IF2001,2019-11-19 09:39:41.700,3906.8000,309,0,36317940.000,0,-,-,-,-,3904.8000,3900.8000,3895.2000,3895.0000,3894.0000,3906.8000,3907.0000,3907.4000,3908.2000,3909.0000,2,4,1,5,1,3,1,1,1,1
SF,IF2001,2019-11-19 09:39:42.200,3906.8000,309,0,36317940.000,0,-,-,-,-,3904.8000,3900.8000,3895.2000,3895.0000,3894.0000,3906.6000,3906.8000,3907.0000,3907.4000,3908.2000,2,4,1,5,1,2,1,1,1,1
SF,IF2001,2019-11-19 09:39:44.700,3906.6000,309,0,37489920.000,1,0,1,多换,S,3904.8000,3900.8000,3895.2000,3895.0000,3894.0000,3906.6000,3906.8000,3907.0000,3907.4000,3908.2000,2,4,1,5,1,1,1,1,1,1
SF,IF2001,2019-11-19 09:39:45.200,3906.6000,309,0,37489920.000,0,-,-,-,-,3904.8000,3900.8000,3895.2000,3895.0000,3894.0000,3906.4000,3906.6000,3907.0000,3907.4000,3908.2000,2,4,1,5,1,1,1,1,1,1
SF,IF2001,2019-11-19 09:39:46.700,3906.6000,309,0,37489920.000,0,-,-,-,-,3904.8000,3900.8000,3895.2000,3895.0000,3894.0000,3906.4000,3907.0000,3907.4000,3908.2000,3909.0000,2,4,1,5,1,1,1,1,1,1
SF,IF2001,2019-11-19 09:39:49.700,3906.6000,309,0,37489920.000,0,-,-,-,-,3904.8000,3900.8000,3895.2000,3895.0000,3894.0000,3906.4000,3907.0000,3907.4000,3908.2000,3909.0000,2,4,1,5,1,2,1,1,1,1
SF,IF2001,2019-11-19 09:39:50.200,3906.6000,309,0,37489920.000,0,-,-,-,-,3904.8000,3900.8000,3895.2000,3895.0000,3894.0000,3906.4000,3907.0000,3907.4000,3908.2000,3909.0000,2,4,1,5,1,1,1,1,1,1
SF,IF2001,2019-11-19 09:39:50.700,3906.6000,309,0,37489920.000,0,-,-,-,-,3904.8000,3900.8000,3895.2000,3895.0000,3894.0000,3906.4000,3907.0000,3907.4000,3908.2000,3909.0000,2,4,1,5,1,1,1,1,1,1
SF,IF2001,2019-11-19 09:39:51.200,3906.6000,309,0,37489920.000,0,-,-,-,-,3905.0000,3904.8000,3900.8000,3895.2000,3895.0000,3906.4000,3907.0000,3907.4000,3908.2000,3909.0000,1,2,4,1,5,1,1,1,1,1
SF,IF2001,2019-11-19 09:39:51.700,3906.6000,309,0,37489920.000,0,-,-,-,-,3905.0000,3904.8000,3900.8000,3895.2000,3895.0000,3906.4000,3907.0000,3907.4000,3908.2000,3909.0000,2,2,4,1,5,1,1,1,1,1
SF,IF2001,2019-11-19 09:39:52.200,3906.6000,309,0,37489920.000,0,-,-,-,-,3905.0000,3904.8000,3900.8000,3895.2000,3895.0000,3906.4000,3907.0000,3907.4000,3908.2000,3909.0000,2,1,4,1,5,1,1,1,1,1
SF,IF2001,2019-11-19 09:39:53.200,3906.6000,309,0,37489920.000,0,-,-,-,-,3905.2000,3905.0000,3904.8000,3900.8000,3895.2000,3906.4000,3907.0000,3907.4000,3908.2000,3909.0000,1,1,1,4,1,1,1,1,1,1
SF,IF2001,2019-11-19 09:39:53.700,3906.6000,309,0,37489920.000,0,-,-,-,-,3905.2000,3904.8000,3900.8000,3895.2000,3895.0000,3906.4000,3907.0000,3907.4000,3908.2000,3909.0000,1,1,4,1,5,1,1,1,1,1
SF,IF2001,2019-11-19 09:39:54.200,3906.6000,309,0,37489920.000,0,-,-,-,-,3904.8000,3900.8000,3895.2000,3895.0000,3894.0000,3906.4000,3907.0000,3907.4000,3908.2000,3909.0000,1,4,1,5,1,1,1,1,1,1
SF,IF2001,2019-11-19 09:39:54.700,3906.6000,309,0,37489920.000,0,-,-,-,-,3904.8000,3900.8000,3895.2000,3895.0000,3894.0000,3906.2000,3906.4000,3907.0000,3907.4000,3908.2000,1,4,1,5,1,1,1,1,1,1
SF,IF2001,2019-11-19 09:39:55.200,3906.6000,309,0,37489920.000,0,-,-,-,-,3904.8000,3900.8000,3895.2000,3895.0000,3894.0000,3906.2000,3907.4000,3908.2000,3909.0000,3909.8000,1,4,1,5,1,2,1,1,1,1
SF,IF2001,2019-11-19 09:39:55.700,3906.6000,309,0,37489920.000,0,-,-,-,-,3904.8000,3900.8000,3895.2000,3895.0000,3894.0000,3906.2000,3907.4000,3908.2000,3909.0000,3909.8000,1,4,1,5,1,1,1,1,1,1
SF,IF2001,2019-11-19 09:39:57.700,3906.6000,309,0,37489920.000,0,-,-,-,-,3904.8000,3900.8000,3895.2000,3895.0000,3894.0000,3906.2000,3906.6000,3907.4000,3908.2000,3909.0000,1,4,1,5,1,1,1,1,1,1
SF,IF2001,2019-11-19 09:40:02.200,3906.6000,309,0,37489920.000,0,-,-,-,-,3904.8000,3900.8000,3895.2000,3895.0000,3894.0000,3906.6000,3907.4000,3908.2000,3909.0000,3909.8000,1,4,1,5,1,1,1,1,1,1
SF,IF2001,2019-11-19 09:40:02.700,3906.6000,309,0,37489920.000,0,-,-,-,-,3904.8000,3900.8000,3895.2000,3895.0000,3894.0000,3906.4000,3906.6000,3907.4000,3908.2000,3909.0000,1,4,1,5,1,1,1,1,1,1
SF,IF2001,2019-11-19 09:40:04.700,3906.4000,309,0,38661840.000,1,0,1,多换,S,3904.8000,3900.8000,3895.2000,3895.0000,3894.0000,3907.4000,3908.2000,3909.0000,3909.8000,3912.0000,1,4,1,5,1,1,1,1,1,4
SF,IF2001,2019-11-19 09:40:05.200,3906.4000,309,0,38661840.000,0,-,-,-,-,3905.0000,3904.8000,3900.8000,3895.2000,3895.0000,3907.4000,3908.2000,3909.0000,3909.8000,3912.0000,2,1,4,1,5,1,1,1,1,4
SF,IF2001,2019-11-19 09:40:05.700,3906.4000,309,0,38661840.000,0,-,-,-,-,3905.0000,3904.8000,3900.8000,3895.2000,3895.0000,3907.2000,3907.4000,3908.2000,3909.0000,3909.8000,2,1,4,1,5,1,1,1,1,1
SF,IF2001,2019-11-19 09:40:08.200,3906.4000,309,0,38661840.000,0,-,-,-,-,3905.0000,3904.8000,3900.8000,3895.2000,3895.0000,3906.8000,3907.2000,3907.4000,3908.2000,3909.0000,2,1,4,1,5,1,1,1,1,1
SF,IF2001,2019-11-19 09:40:08.700,3906.4000,309,0,38661840.000,0,-,-,-,-,3905.0000,3904.8000,3900.8000,3895.2000,3895.0000,3906.8000,3907.4000,3908.2000,3909.0000,3909.8000,2,1,4,1,5,1,1,1,1,1
SF,IF2001,2019-11-19 09:40:09.700,3906.4000,309,0,38661840.000,0,-,-,-,-,3905.0000,3904.8000,3900.8000,3895.2000,3895.0000,3907.4000,3908.2000,3909.0000,3909.8000,3912.0000,2,1,4,1,5,1,1,1,1,4
SF,IF2001,2019-11-19 09:40:10.200,3906.4000,309,0,38661840.000,0,-,-,-,-,3905.0000,3904.8000,3900.8000,3895.2000,3895.0000,3907.2000,3907.4000,3908.2000,3909.0000,3909.8000,2,1,4,1,5,1,1,1,1,1
SF,IF2001,2019-11-19 09:40:10.700,3906.4000,309,0,38661840.000,0,-,-,-,-,3905.0000,3904.8000,3900.8000,3895.2000,3895.0000,3907.0000,3907.2000,3907.4000,3908.2000,3909.0000,2,1,4,1,5,1,1,1,1,1
SF,IF2001,2019-11-19 09:40:11.200,3906.4000,309,0,38661840.000,0,-,-,-,-,3905.0000,3904.8000,3900.8000,3895.2000,3895.0000,3907.0000,3907.4000,3908.2000,3909.0000,3909.8000,2,1,4,1,5,1,1,1,1,1
SF,IF2001,2019-11-19 09:40:16.200,3906.4000,309,0,38661840.000,0,-,-,-,-,3905.0000,3904.8000,3900.8000,3895.2000,3895.0000,3906.6000,3907.0000,3907.4000,3908.2000,3909.0000,2,1,4,1,5,1,1,1,1,1
SF,IF2001,2019-11-19 09:40:16.700,3906.4000,309,0,38661840.000,0,-,-,-,-,3905.0000,3904.8000,3900.8000,3895.2000,3895.0000,3906.6000,3907.0000,3907.4000,3908.2000,3909.0000,2,1,4,1,5,2,1,1,1,1
SF,IF2001,2019-11-19 09:40:17.200,3906.4000,309,0,38661840.000,0,-,-,-,-,3905.0000,3904.8000,3900.8000,3895.2000,3895.0000,3906.4000,3906.6000,3907.4000,3908.2000,3909.0000,2,1,4,1,5,1,2,1,1,1
SF,IF2001,2019-11-19 09:40:19.200,3906.4000,309,0,38661840.000,0,-,-,-,-,3905.0000,3904.8000,3900.8000,3895.2000,3895.0000,3906.4000,3906.6000,3907.4000,3908.2000,3909.0000,2,1,4,1,5,1,1,1,1,1
SF,IF2001,2019-11-19 09:40:19.700,3906.4000,309,0,38661840.000,0,-,-,-,-,3905.0000,3904.8000,3900.8000,3895.2000,3895.0000,3906.2000,3906.4000,3906.6000,3907.4000,3908.2000,2,1,4,1,5,1,1,1,1,1
SF,IF2001,2019-11-19 09:40:20.200,3906.4000,309,0,38661840.000,0,-,-,-,-,3905.0000,3904.8000,3900.8000,3895.2000,3895.0000,3906.2000,3906.4000,3907.4000,3908.2000,3909.0000,2,1,4,1,5,1,1,1,1,1
SF,IF2001,2019-11-19 09:40:20.700,3906.4000,309,0,38661840.000,0,-,-,-,-,3905.0000,3904.8000,3900.8000,3895.2000,3895.0000,3906.2000,3906.4000,3906.6000,3907.4000,3908.2000,2,1,4,1,5,2,1,1,1,1
SF,IF2001,2019-11-19 09:40:21.700,3906.4000,309,0,38661840.000,0,-,-,-,-,3905.0000,3904.8000,3900.8000,3895.2000,3895.0000,3906.0000,3906.2000,3906.6000,3907.4000,3908.2000,2,1,4,1,5,1,2,1,1,1
SF,IF2001,2019-11-19 09:40:23.200,3906.4000,309,0,38661840.000,0,-,-,-,-,3905.0000,3904.8000,3900.8000,3895.2000,3895.0000,3906.0000,3906.2000,3906.6000,3907.4000,3908.2000,2,1,4,1,5,1,1,1,1,1
SF,IF2001,2019-11-19 09:40:24.700,3906.0000,309,0,39833640.000,1,0,1,多换,S,3905.0000,3904.8000,3900.8000,3895.2000,3895.0000,3906.2000,3906.6000,3907.4000,3908.2000,3909.0000,2,1,4,1,5,1,1,1,1,1
SF,IF2001,2019-11-19 09:40:25.200,3906.0000,309,0,39833640.000,0,-,-,-,-,3904.8000,3900.8000,3895.2000,3895.0000,3894.0000,3906.2000,3906.6000,3907.4000,3908.2000,3909.0000,1,4,1,5,1,1,1,1,1,1
SF,IF2001,2019-11-19 09:40:27.700,3906.0000,309,0,39833640.000,0,-,-,-,-,3904.0000,3900.8000,3895.2000,3895.0000,3894.0000,3906.2000,3906.6000,3907.4000,3908.2000,3909.0000,1,4,1,5,1,1,1,1,1,1
SF,IF2001,2019-11-19 09:40:28.200,3906.0000,309,0,39833640.000,0,-,-,-,-,3904.2000,3904.0000,3900.8000,3895.2000,3895.0000,3906.6000,3907.4000,3908.2000,3909.0000,3909.8000,3,1,4,1,5,1,1,1,1,1
SF,IF2001,2019-11-19 09:40:29.200,3906.0000,309,0,39833640.000,0,-,-,-,-,3904.2000,3904.0000,3900.8000,3895.2000,3895.0000,3906.4000,3906.6000,3907.4000,3908.2000,3909.0000,3,1,4,1,5,1,1,1,1,1
SF,IF2001,2019-11-19 09:40:32.200,3906.0000,309,0,39833640.000,0,-,-,-,-,3904.8000,3904.4000,3904.2000,3904.0000,3900.8000,3906.6000,3907.4000,3908.2000,3909.0000,3909.8000,1,1,3,1,4,1,1,1,1,1
SF,IF2001,2019-11-19 09:40:32.700,3906.0000,309,0,39833640.000,0,-,-,-,-,3905.0000,3904.8000,3904.4000,3904.0000,3900.8000,3906.6000,3907.4000,3908.2000,3909.0000,3909.8000,2,1,1,1,4,1,1,1,1,1
SF,IF2001,2019-11-19 09:40:33.200,3906.0000,309,0,39833640.000,0,-,-,-,-,3905.0000,3904.8000,3904.4000,3904.0000,3900.8000,3906.6000,3907.4000,3908.2000,3909.0000,3909.8000,3,1,1,1,4,1,1,1,1,1
SF,IF2001,2019-11-19 09:40:33.700,3906.0000,309,0,39833640.000,0,-,-,-,-,3905.2000,3905.0000,3904.8000,3904.4000,3904.0000,3906.6000,3907.4000,3908.2000,3909.0000,3909.8000,1,2,1,1,1,1,1,1,1,1
SF,IF2001,2019-11-19 09:40:34.200,3906.0000,309,0,39833640.000,0,-,-,-,-,3905.4000,3905.2000,3904.8000,3904.0000,3900.8000,3906.6000,3907.4000,3908.2000,3909.0000,3909.8000,1,1,1,1,4,1,1,1,1,1
SF,IF2001,2019-11-19 09:40:35.700,3906.0000,309,0,39833640.000,0,-,-,-,-,3905.4000,3904.8000,3904.0000,3900.8000,3895.2000,3906.6000,3907.4000,3908.2000,3909.0000,3909.8000,1,1,1,4,1,1,1,1,1,1
SF,IF2001,2019-11-19 09:40:45.700,3906.0000,309,0,41005440.000,1,0,1,多换,S,3905.4000,3904.8000,3904.0000,3900.8000,3895.2000,3907.4000,3908.2000,3909.0000,3909.8000,3912.0000,1,1,1,4,1,1,1,1,1,4
SF,IF2001,2019-11-19 09:40:49.200,3906.0000,309,0,41005440.000,0,-,-,-,-,3905.4000,3904.8000,3904.0000,3900.8000,3895.2000,3907.2000,3907.4000,3908.2000,3909.0000,3909.8000,1,1,1,4,1,2,1,1,1,1
SF,IF2001,2019-11-19 09:40:50.700,3906.0000,309,0,41005440.000,0,-,-,-,-,3905.4000,3904.8000,3904.0000,3900.8000,3895.2000,3907.0000,3907.2000,3907.4000,3908.2000,3909.0000,1,1,1,4,1,1,2,1,1,1
