市场代码,合约代码,时间,最新,持仓,增仓,成交额,成交量,开仓,平仓,成交类型,方向,买一价,买二价,买三价,买四价,买五价,卖一价,卖二价,卖三价,卖四价,卖五价,买一量,买二量,买三量,买四量,买五量,卖一量,卖二量,卖三量,卖四量,卖五量
SF,IF2006,2020-01-03 09:29:00.400,4179.6000,14645,0,0.000,0.000,-,-,-,-,4192.0000,4191.0000,4190.2000,4190.0000,4189.2000,4196.0000,4198.0000,4199.6000,4199.8000,4200.0000,1,4,1,1,1,1,1,1,1,3
SF,IF2006,2020-01-03 09:30:00.400,4179.6000,14645,0,0.000,0,-,-,-,-,4192.4000,4192.0000,4191.0000,4190.0000,4189.2000,4192.8000,4193.2000,4195.2000,4195.6000,4195.8000,3,1,4,1,1,1,2,2,6,1
SF,IF2006,2020-01-03 09:30:00.900,4192.8000,14644,-1,1257840.000,1,0,1,双平,S,4192.4000,4192.0000,4191.0000,4190.0000,4189.2000,4195.2000,4195.6000,4195.8000,4196.0000,4198.0000,3,1,4,1,1,2,6,1,6,1
SF,IF2006,2020-01-03 09:30:01.400,4192.8000,14644,0,2515680.000,1,0,1,多换,S,4192.6000,4192.4000,4192.0000,4190.0000,4189.2000,4195.0000,4195.2000,4195.4000,4195.6000,4195.8000,1,3,1,1,1,1,1,2,1,1
SF,IF2006,2020-01-03 09:30:01.900,4192.8000,14644,0,2515680.000,0,-,-,-,-,4192.4000,4192.0000,4190.0000,4185.0000,4183.8000,4195.0000,4195.2000,4195.4000,4195.6000,4195.8000,3,1,1,5,1,1,1,2,1,2
SF,IF2006,2020-01-03 09:30:02.400,4192.8000,14644,0,2515680.000,0,-,-,-,-,4192.4000,4192.0000,4190.0000,4185.0000,4183.8000,4194.8000,4195.0000,4195.2000,4195.4000,4195.6000,3,2,1,5,1,1,1,1,2,1
SF,IF2006,2020-01-03 09:30:02.900,4192.8000,14644,0,2515680.000,0,-,-,-,-,4192.4000,4192.0000,4190.0000,4185.0000,4183.8000,4194.6000,4194.8000,4195.2000,4195.4000,4195.6000,3,2,1,5,1,5,1,1,2,1
SF,IF2006,2020-01-03 09:30:03.400,4192.8000,14644,0,2515680.000,0,-,-,-,-,4192.4000,4192.0000,4190.0000,4185.0000,4183.8000,4194.6000,4194.8000,4195.2000,4195.4000,4195.6000,3,2,1,5,1,6,1,1,2,1
SF,IF2006,2020-01-03 09:30:03.900,4192.8000,14644,0,2515680.000,0,-,-,-,-,4192.4000,4192.0000,4190.0000,4185.0000,4183.8000,4194.4000,4194.6000,4194.8000,4195.2000,4195.4000,3,2,1,5,1,1,6,1,1,2
SF,IF2006,2020-01-03 09:30:04.400,4192.8000,14644,0,2515680.000,0,-,-,-,-,4192.4000,4192.0000,4190.0000,4185.0000,4183.8000,4193.2000,4194.0000,4194.2000,4194.4000,4194.6000,3,2,1,5,1,1,4,1,1,1
SF,IF2006,2020-01-03 09:30:05.400,4192.0000,14641,-3,7546440.000,4,0,4,多平,S,4192.0000,4190.0000,4185.0000,4183.8000,4183.0000,4193.2000,4194.0000,4194.2000,4194.4000,4194.8000,1,1,5,1,1,1,4,1,1,1
SF,IF2006,2020-01-03 09:30:05.900,4192.0000,14640,-1,8804040.000,1,0,1,双平,S,4190.0000,4185.0000,4183.8000,4183.0000,4182.6000,4193.0000,4193.2000,4194.0000,4194.4000,4194.8000,1,5,1,1,1,1,2,4,1,1
SF,IF2006,2020-01-03 09:30:06.400,4192.0000,14640,0,8804040.000,0,-,-,-,-,4190.4000,4190.2000,4190.0000,4185.0000,4183.8000,4192.8000,4193.0000,4194.0000,4194.4000,4194.8000,1,1,1,5,1,1,1,4,1,1
SF,IF2006,2020-01-03 09:30:06.900,4192.0000,14640,0,8804040.000,0,-,-,-,-,4190.6000,4190.0000,4185.0000,4183.8000,4183.0000,4192.6000,4192.8000,4194.0000,4194.4000,4194.8000,1,1,5,1,1,1,1,4,1,1
SF,IF2006,2020-01-03 09:30:07.400,4192.0000,14640,0,8804040.000,0,-,-,-,-,4190.6000,4190.0000,4183.8000,4183.0000,4182.6000,4192.2000,4192.6000,4194.0000,4194.4000,4194.8000,1,1,1,1,1,1,1,4,1,1
SF,IF2006,2020-01-03 09:30:07.900,4192.2000,14640,0,11319300.000,2,1,1,多换,S,4190.0000,4183.8000,4183.0000,4182.6000,4182.0000,4194.0000,4194.4000,4194.8000,4195.2000,4195.6000,1,1,1,1,1,4,1,1,1,1
SF,IF2006,2020-01-03 09:30:08.400,4192.2000,14640,0,11319300.000,0,-,-,-,-,4190.2000,4190.0000,4183.8000,4183.0000,4182.6000,4193.2000,4193.8000,4194.0000,4194.4000,4194.8000,1,1,1,1,1,2,1,4,1,1
SF,IF2006,2020-01-03 09:30:08.900,4192.2000,14640,0,11319300.000,0,-,-,-,-,4190.4000,4190.2000,4190.0000,4183.8000,4183.0000,4193.0000,4193.2000,4194.0000,4194.4000,4194.8000,1,1,1,1,1,1,2,4,1,1
SF,IF2006,2020-01-03 09:30:09.400,4192.2000,14640,0,11319300.000,0,-,-,-,-,4190.6000,4190.0000,4183.8000,4183.0000,4182.6000,4191.4000,4193.0000,4193.2000,4194.0000,4194.4000,1,1,1,1,1,1,1,3,4,1
SF,IF2006,2020-01-03 09:30:09.900,4191.4000,14639,-1,12576720.000,1,0,1,双平,S,4190.6000,4190.0000,4183.8000,4183.0000,4182.6000,4193.0000,4193.2000,4194.0000,4194.4000,4194.8000,1,1,1,1,1,1,3,4,1,1
SF,IF2006,2020-01-03 09:30:10.400,4191.4000,14639,0,12576720.000,0,-,-,-,-,4190.8000,4190.6000,4190.0000,4183.8000,4183.0000,4193.0000,4193.2000,4194.0000,4194.4000,4194.8000,1,1,1,1,1,1,3,4,1,1
SF,IF2006,2020-01-03 09:30:10.900,4191.4000,14639,0,12576720.000,0,-,-,-,-,4191.0000,4190.8000,4190.0000,4183.8000,4183.0000,4192.6000,4192.8000,4194.0000,4194.4000,4194.8000,1,1,1,1,1,1,1,4,1,1
SF,IF2006,2020-01-03 09:30:11.400,4191.2000,14638,-1,13834080.000,1,0,1,双平,S,4191.0000,4190.8000,4190.0000,4183.8000,4183.0000,4192.8000,4194.0000,4194.4000,4194.8000,4195.6000,1,1,1,1,1,1,4,1,1,1
SF,IF2006,2020-01-03 09:30:11.900,4191.2000,14638,0,13834080.000,0,-,-,-,-,4191.0000,4190.8000,4190.0000,4183.8000,4183.0000,4192.8000,4194.0000,4194.4000,4194.8000,4195.6000,1,1,1,1,1,1,4,1,1,1
SF,IF2006,2020-01-03 09:30:12.900,4191.2000,14638,0,13834080.000,0,-,-,-,-,4192.6000,4191.2000,4191.0000,4190.8000,4190.0000,4192.8000,4194.0000,4194.4000,4194.8000,4195.6000,1,1,1,1,1,1,4,1,1,1
SF,IF2006,2020-01-03 09:30:13.400,4192.4000,14638,0,15091800.000,1,0,1,多换,S,4191.2000,4191.0000,4190.8000,4190.0000,4183.8000,4192.6000,4192.8000,4194.0000,4194.4000,4194.8000,1,1,1,1,1,1,1,4,1,1
SF,IF2006,2020-01-03 09:30:13.900,4192.8000,14637,-1,17607480.000,2,0,2,多平,S,4192.8000,4191.4000,4191.2000,4190.8000,4190.0000,4194.0000,4194.4000,4194.8000,4195.6000,4195.8000,4,1,1,1,1,4,1,1,1,1
SF,IF2006,2020-01-03 09:30:14.400,4192.8000,14633,-4,22638840.000,4,0,4,双平,S,4191.4000,4191.2000,4190.8000,4190.0000,4183.8000,4193.2000,4193.8000,4194.0000,4194.4000,4194.8000,1,1,1,1,1,2,1,4,1,1
SF,IF2006,2020-01-03 09:30:14.900,4192.8000,14633,0,22638840.000,0,-,-,-,-,4191.6000,4191.4000,4191.2000,4190.8000,4190.0000,4192.8000,4193.2000,4193.8000,4194.0000,4194.4000,1,1,1,1,1,1,1,1,4,1
SF,IF2006,2020-01-03 09:30:15.400,4192.8000,14632,-1,23896680.000,1,0,1,双平,S,4191.8000,4191.6000,4191.2000,4190.8000,4190.0000,4192.8000,4193.2000,4193.8000,4194.0000,4194.4000,1,1,1,1,1,1,1,1,4,1
SF,IF2006,2020-01-03 09:30:15.900,4193.2000,14630,-2,26412480.000,2,0,2,双平,S,4191.6000,4191.2000,4190.8000,4190.0000,4183.8000,4193.8000,4194.0000,4194.4000,4195.6000,4195.8000,1,1,1,1,1,1,4,1,1,1
SF,IF2006,2020-01-03 09:30:16.400,4193.2000,14630,0,26412480.000,0,-,-,-,-,4191.8000,4191.6000,4191.2000,4190.8000,4190.0000,4194.0000,4194.4000,4195.6000,4195.8000,4196.0000,1,1,1,1,1,4,1,1,1,6
SF,IF2006,2020-01-03 09:30:16.900,4191.8000,14628,-2,28927620.000,2,0,2,双平,S,4191.6000,4191.2000,4190.8000,4190.0000,4183.8000,4193.8000,4194.0000,4194.4000,4195.4000,4195.6000,1,1,1,1,1,1,4,1,1,1
SF,IF2006,2020-01-03 09:30:17.400,4191.8000,14628,0,28927620.000,0,-,-,-,-,4191.8000,4191.6000,4191.2000,4190.8000,4190.0000,4193.8000,4194.0000,4194.4000,4195.4000,4195.6000,1,1,1,1,1,1,4,1,1,1
SF,IF2006,2020-01-03 09:30:17.900,4191.8000,14628,0,28927620.000,0,-,-,-,-,4192.8000,4191.8000,4191.6000,4191.2000,4190.0000,4193.6000,4193.8000,4194.0000,4194.4000,4195.4000,1,1,1,1,1,2,1,4,1,1
SF,IF2006,2020-01-03 09:30:18.400,4191.8000,14628,0,28927620.000,0,-,-,-,-,4192.8000,4191.8000,4191.6000,4190.0000,4183.8000,4193.6000,4193.8000,4194.0000,4194.4000,4195.4000,1,1,1,1,1,2,1,4,1,1
SF,IF2006,2020-01-03 09:30:18.900,4192.8000,14627,-1,30185460.000,1,0,1,双平,S,4191.8000,4191.6000,4190.0000,4183.8000,4183.0000,4193.4000,4193.6000,4194.0000,4194.4000,4195.4000,1,1,1,1,1,1,1,4,1,1
SF,IF2006,2020-01-03 09:30:19.400,4192.8000,14627,0,30185460.000,0,-,-,-,-,4191.8000,4191.6000,4190.0000,4183.8000,4183.0000,4193.6000,4194.0000,4194.4000,4195.4000,4195.6000,1,1,1,1,1,1,4,1,1,1
SF,IF2006,2020-01-03 09:30:19.900,4192.8000,14627,0,30185460.000,0,-,-,-,-,4191.8000,4191.6000,4191.2000,4190.0000,4183.8000,4194.4000,4195.4000,4195.6000,4195.8000,4196.0000,1,1,4,1,1,1,1,1,1,6
SF,IF2006,2020-01-03 09:30:20.400,4192.8000,14627,0,30185460.000,0,-,-,-,-,4193.6000,4191.8000,4191.6000,4191.2000,4190.0000,4194.2000,4194.4000,4195.4000,4195.6000,4195.8000,4,1,1,4,1,1,1,1,1,1
SF,IF2006,2020-01-03 09:30:20.900,4193.6000,14625,-2,32701620.000,2,0,2,双平,S,4193.6000,4191.8000,4191.2000,4190.0000,4183.8000,4194.2000,4194.4000,4195.4000,4195.6000,4195.8000,2,1,4,1,1,1,1,1,1,1
SF,IF2006,2020-01-03 09:30:21.400,4193.6000,14623,-2,35217780.000,2,0,2,双平,S,4191.8000,4191.2000,4190.0000,4183.8000,4183.0000,4193.2000,4194.2000,4194.4000,4195.4000,4195.6000,1,4,1,1,1,1,1,1,1,1
SF,IF2006,2020-01-03 09:30:21.900,4193.6000,14623,0,35217780.000,0,-,-,-,-,4191.8000,4191.2000,4190.0000,4183.8000,4183.0000,4193.2000,4194.2000,4194.4000,4195.4000,4195.6000,1,4,1,1,1,1,1,1,1,1
SF,IF2006,2020-01-03 09:30:22.400,4193.6000,14623,0,35217780.000,0,-,-,-,-,4191.8000,4191.2000,4190.0000,4183.8000,4183.0000,4193.2000,4194.2000,4194.4000,4195.4000,4195.6000,1,4,1,1,1,1,1,1,1,1
SF,IF2006,2020-01-03 09:30:22.900,4193.6000,14623,0,35217780.000,0,-,-,-,-,4191.8000,4191.2000,4190.0000,4183.8000,4183.0000,4193.2000,4193.6000,4194.2000,4194.4000,4195.4000,1,4,1,1,1,1,1,1,1,1
SF,IF2006,2020-01-03 09:30:23.400,4193.4000,14623,0,36475800.000,1,0,1,多换,S,4191.8000,4191.2000,4190.0000,4183.8000,4183.0000,4193.2000,4193.6000,4194.4000,4195.4000,4195.6000,1,4,1,1,1,1,1,1,1,1
SF,IF2006,2020-01-03 09:30:24.400,4193.4000,14623,0,36475800.000,0,-,-,-,-,4191.8000,4191.2000,4190.0000,4183.8000,4183.0000,4193.2000,4193.6000,4194.4000,4195.4000,4195.6000,1,4,1,1,1,1,1,1,1,1
SF,IF2006,2020-01-03 09:30:24.900,4193.4000,14623,0,36475800.000,0,-,-,-,-,4191.8000,4191.2000,4190.0000,4183.8000,4183.0000,4193.0000,4193.2000,4193.6000,4194.4000,4195.6000,1,4,1,1,1,1,1,1,1,1
SF,IF2006,2020-01-03 09:30:25.400,4193.4000,14623,0,36475800.000,0,-,-,-,-,4191.8000,4191.2000,4190.0000,4183.8000,4183.0000,4193.0000,4193.2000,4193.6000,4194.4000,4195.6000,1,4,1,1,1,1,1,1,1,1
SF,IF2006,2020-01-03 09:30:25.900,4193.4000,14623,0,36475800.000,0,-,-,-,-,4191.8000,4191.2000,4190.0000,4183.8000,4183.0000,4193.2000,4193.6000,4194.4000,4195.6000,4195.8000,1,4,1,1,1,1,1,1,1,1
SF,IF2006,2020-01-03 09:30:26.400,4193.4000,14623,0,36475800.000,0,-,-,-,-,4191.8000,4191.2000,4190.0000,4183.8000,4183.0000,4193.0000,4193.2000,4193.6000,4194.4000,4195.6000,1,4,1,1,1,1,1,1,1,1
SF,IF2006,2020-01-03 09:30:27.400,4191.8000,14622,-1,37733340.000,1,0,1,双平,S,4191.2000,4190.0000,4183.8000,4183.0000,4182.6000,4193.0000,4193.2000,4193.6000,4194.4000,4195.6000,4,1,1,1,1,1,1,1,1,1
SF,IF2006,2020-01-03 09:30:27.900,4191.8000,14622,0,37733340.000,0,-,-,-,-,4191.2000,4191.0000,4190.0000,4183.8000,4183.0000,4192.8000,4193.0000,4193.2000,4193.6000,4194.4000,4,1,1,1,1,1,1,1,1,1
SF,IF2006,2020-01-03 09:30:28.400,4191.8000,14622,0,37733340.000,0,-,-,-,-,4191.4000,4191.2000,4190.0000,4183.8000,4183.0000,4192.6000,4192.8000,4193.2000,4193.6000,4194.4000,1,4,1,1,1,2,1,1,1,1
SF,IF2006,2020-01-03 09:30:28.900,4191.8000,14622,0,37733340.000,0,-,-,-,-,4191.2000,4190.0000,4183.8000,4183.0000,4182.6000,4192.4000,4192.6000,4193.2000,4193.6000,4194.4000,4,1,1,1,1,1,2,2,1,1
SF,IF2006,2020-01-03 09:30:30.400,4191.8000,14622,0,37733340.000,0,-,-,-,-,4191.2000,4190.0000,4183.8000,4183.0000,4182.6000,4192.4000,4192.6000,4193.2000,4193.6000,4194.4000,4,1,1,1,1,1,2,2,1,1
SF,IF2006,2020-01-03 09:30:30.900,4191.8000,14622,0,37733340.000,0,-,-,-,-,4191.2000,4191.0000,4190.0000,4183.8000,4183.0000,4192.4000,4192.6000,4193.2000,4193.6000,4194.4000,4,1,1,1,1,1,2,2,1,1
SF,IF2006,2020-01-03 09:30:31.400,4192.4000,14621,-1,38991060.000,1,0,1,双平,S,4191.2000,4190.0000,4183.8000,4183.0000,4182.6000,4192.6000,4193.2000,4193.6000,4194.4000,4195.6000,4,1,1,1,1,2,2,1,1,1
SF,IF2006,2020-01-03 09:30:31.900,4192.4000,14621,0,38991060.000,0,-,-,-,-,4191.4000,4191.2000,4190.0000,4183.8000,4183.0000,4192.6000,4193.2000,4193.6000,4194.4000,4195.6000,1,4,1,1,1,2,2,1,1,1
SF,IF2006,2020-01-03 09:30:32.400,4192.4000,14621,0,38991060.000,0,-,-,-,-,4191.4000,4191.2000,4190.0000,4183.8000,4183.0000,4193.2000,4193.6000,4194.4000,4195.6000,4195.8000,2,4,1,1,1,2,1,1,1,1
SF,IF2006,2020-01-03 09:30:32.900,4192.4000,14621,0,38991060.000,0,-,-,-,-,4191.4000,4191.2000,4190.0000,4183.8000,4183.0000,4193.0000,4193.2000,4193.6000,4194.4000,4195.6000,2,4,1,1,1,3,2,1,1,1
SF,IF2006,2020-01-03 09:30:33.900,4192.4000,14621,0,38991060.000,0,-,-,-,-,4191.4000,4191.2000,4183.8000,4183.0000,4182.6000,4193.0000,4193.2000,4193.6000,4194.4000,4195.6000,2,4,1,1,1,3,2,1,1,1
SF,IF2006,2020-01-03 09:30:34.400,4192.4000,14621,0,38991060.000,0,-,-,-,-,4191.4000,4191.2000,4183.8000,4183.0000,4182.6000,4192.8000,4193.2000,4193.6000,4194.4000,4195.6000,2,4,1,1,1,1,2,1,1,1
SF,IF2006,2020-01-03 09:30:34.900,4192.4000,14621,0,38991060.000,0,-,-,-,-,4191.4000,4191.2000,4183.8000,4183.0000,4182.6000,4192.6000,4192.8000,4193.2000,4193.6000,4194.4000,1,4,1,1,1,2,1,2,1,1
SF,IF2006,2020-01-03 09:30:35.400,4192.4000,14621,0,38991060.000,0,-,-,-,-,4191.4000,4191.2000,4183.8000,4183.0000,4182.6000,4192.6000,4192.8000,4193.2000,4193.6000,4194.4000,1,4,1,1,1,1,1,2,1,1
SF,IF2006,2020-01-03 09:30:35.900,4192.4000,14621,0,38991060.000,0,-,-,-,-,4191.4000,4191.2000,4183.8000,4183.0000,4182.6000,4192.0000,4192.8000,4193.2000,4193.6000,4194.4000,1,4,1,1,1,1,1,2,1,1
SF,IF2006,2020-01-03 09:30:36.400,4192.0000,14620,-1,40248660.000,1,0,1,双平,S,4191.4000,4191.2000,4183.8000,4183.0000,4182.6000,4192.8000,4193.2000,4193.6000,4194.4000,4195.6000,1,4,1,1,1,1,2,1,1,1
SF,IF2006,2020-01-03 09:30:36.900,4192.0000,14620,0,40248660.000,0,-,-,-,-,4191.4000,4191.2000,4183.8000,4183.0000,4182.6000,4192.6000,4192.8000,4193.2000,4193.6000,4194.4000,1,4,1,1,1,2,1,2,1,1
SF,IF2006,2020-01-03 09:30:37.900,4192.0000,14620,0,40248660.000,0,-,-,-,-,4191.4000,4191.2000,4183.8000,4183.0000,4182.6000,4192.6000,4192.8000,4193.2000,4193.6000,4194.4000,1,4,1,1,1,1,1,2,1,1
SF,IF2006,2020-01-03 09:30:38.400,4192.4000,14620,0,41506380.000,1,0,1,多换,S,4191.4000,4191.2000,4183.8000,4183.0000,4182.6000,4192.4000,4192.8000,4193.2000,4193.6000,4194.4000,1,4,1,1,1,1,1,2,1,1
SF,IF2006,2020-01-03 09:30:38.900,4192.4000,14620,0,41506380.000,0,-,-,-,-,4191.2000,4183.8000,4183.0000,4182.6000,4182.0000,4191.4000,4192.4000,4192.8000,4193.2000,4193.6000,4,1,1,1,1,1,1,1,2,1
SF,IF2006,2020-01-03 09:30:39.400,4192.8000,14619,-1,44021640.000,2,0,2,多平,S,4191.2000,4183.8000,4183.0000,4182.6000,4182.0000,4193.2000,4193.6000,4194.4000,4195.6000,4195.8000,4,1,1,1,1,2,1,1,1,1
SF,IF2006,2020-01-03 09:30:39.900,4192.8000,14619,0,44021640.000,0,-,-,-,-,4191.2000,4183.8000,4183.0000,4182.6000,4182.0000,4193.0000,4193.2000,4193.6000,4194.4000,4195.6000,4,1,1,1,1,3,2,1,1,1
SF,IF2006,2020-01-03 09:30:40.400,4192.8000,14619,0,44021640.000,0,-,-,-,-,4191.2000,4183.8000,4183.0000,4182.6000,4182.0000,4192.8000,4193.0000,4193.2000,4193.6000,4194.4000,4,1,1,1,1,1,3,2,1,1
SF,IF2006,2020-01-03 09:30:40.900,4192.8000,14619,0,44021640.000,0,-,-,-,-,4191.4000,4191.2000,4183.8000,4183.0000,4182.6000,4192.6000,4193.0000,4193.2000,4193.6000,4194.4000,1,4,1,1,1,1,3,2,1,1
SF,IF2006,2020-01-03 09:30:41.400,4192.8000,14619,0,44021640.000,0,-,-,-,-,4191.4000,4191.2000,4183.8000,4183.0000,4182.6000,4192.4000,4192.6000,4193.0000,4193.2000,4193.6000,1,4,1,1,1,1,1,3,2,1
SF,IF2006,2020-01-03 09:30:41.900,4192.8000,14619,0,44021640.000,0,-,-,-,-,4191.4000,4191.2000,4183.8000,4183.0000,4182.6000,4192.4000,4192.6000,4193.0000,4193.2000,4193.6000,1,4,1,1,1,1,1,1,2,1
SF,IF2006,2020-01-03 09:30:43.400,4191.4000,14619,0,45279060.000,1,0,1,多换,S,4191.2000,4183.8000,4183.0000,4182.6000,4182.0000,4192.2000,4193.0000,4193.2000,4193.6000,4194.4000,4,1,1,1,1,1,1,2,1,1
SF,IF2006,2020-01-03 09:30:43.900,4191.4000,14619,0,45279060.000,0,-,-,-,-,4191.2000,4183.8000,4183.0000,4182.6000,4182.0000,4191.4000,4192.0000,4192.2000,4193.2000,4193.6000,4,1,1,1,1,1,1,1,2,1
SF,IF2006,2020-01-03 09:30:44.400,4191.4000,14618,-1,46536480.000,1,0,1,双平,S,4191.2000,4183.8000,4183.0000,4182.6000,4182.0000,4192.0000,4192.2000,4193.0000,4193.2000,4193.6000,4,1,1,1,1,1,1,1,2,1
SF,IF2006,2020-01-03 09:30:44.900,4191.4000,14618,0,46536480.000,0,-,-,-,-,4191.2000,4183.8000,4183.0000,4182.6000,4182.0000,4192.0000,4192.2000,4193.0000,4193.2000,4193.6000,4,1,1,1,1,1,1,1,2,1
SF,IF2006,2020-01-03 09:30:45.400,4191.4000,14618,0,46536480.000,0,-,-,-,-,4191.4000,4191.2000,4183.8000,4183.0000,4182.6000,4192.0000,4192.2000,4193.0000,4193.2000,4193.6000,1,4,1,1,1,1,1,1,2,1
SF,IF2006,2020-01-03 09:30:45.900,4191.4000,14618,0,46536480.000,0,-,-,-,-,4191.4000,4191.2000,4183.8000,4183.0000,4182.6000,4192.2000,4193.0000,4193.2000,4193.6000,4194.4000,1,4,1,1,1,1,1,2,1,1
SF,IF2006,2020-01-03 09:30:46.400,4191.4000,14619,1,47793900.000,1,1,0,双开,S,4191.2000,4183.8000,4183.0000,4182.6000,4182.0000,4193.0000,4193.2000,4193.6000,4194.4000,4195.6000,4,1,1,1,1,1,2,1,1,1
SF,IF2006,2020-01-03 09:30:46.900,4191.4000,14619,0,47793900.000,0,-,-,-,-,4191.2000,4183.8000,4183.0000,4182.6000,4182.0000,4192.8000,4193.0000,4193.2000,4193.6000,4194.4000,4,1,1,1,1,3,1,3,1,1
SF,IF2006,2020-01-03 09:30:47.400,4191.4000,14619,0,47793900.000,0,-,-,-,-,4191.2000,4183.8000,4183.0000,4182.6000,4182.0000,4192.8000,4193.0000,4193.2000,4193.6000,4194.4000,4,1,1,1,1,3,1,2,1,1
SF,IF2006,2020-01-03 09:30:47.900,4191.4000,14619,0,47793900.000,0,-,-,-,-,4191.4000,4191.2000,4183.8000,4183.0000,4182.6000,4192.8000,4193.0000,4193.2000,4193.6000,4194.4000,1,4,1,1,1,3,1,2,1,1
SF,IF2006,2020-01-03 09:30:48.400,4191.4000,14619,0,47793900.000,0,-,-,-,-,4191.4000,4191.2000,4183.8000,4183.0000,4182.6000,4192.8000,4193.0000,4193.2000,4193.6000,4194.4000,1,4,1,1,1,1,1,2,1,1
SF,IF2006,2020-01-03 09:30:48.900,4191.4000,14619,0,47793900.000,0,-,-,-,-,4191.4000,4191.2000,4183.8000,4183.0000,4182.6000,4192.6000,4192.8000,4193.0000,4193.2000,4193.6000,1,4,1,1,1,1,1,1,2,1
SF,IF2006,2020-01-03 09:30:49.900,4192.6000,14619,0,49051680.000,1,0,1,多换,S,4191.4000,4191.2000,4183.8000,4183.0000,4182.6000,4192.8000,4193.0000,4193.2000,4193.6000,4194.4000,1,9,1,1,1,1,1,2,1,1
SF,IF2006,2020-01-03 09:30:50.400,4192.6000,14619,0,49051680.000,0,-,-,-,-,4191.4000,4191.2000,4183.8000,4183.0000,4182.6000,4192.6000,4193.0000,4193.2000,4193.6000,4194.4000,1,9,1,1,1,1,1,2,1,1
SF,IF2006,2020-01-03 09:30:50.900,4192.6000,14619,0,49051680.000,0,-,-,-,-,4191.6000,4191.4000,4191.2000,4183.8000,4183.0000,4192.6000,4193.0000,4193.2000,4193.6000,4194.4000,1,1,9,1,1,1,1,2,1,1
SF,IF2006,2020-01-03 09:30:51.400,4192.6000,14618,-1,50309460.000,1,0,1,双平,S,4191.8000,4191.6000,4191.2000,4183.8000,4183.0000,4193.0000,4193.2000,4193.6000,4194.4000,4195.6000,1,2,9,1,1,1,2,1,1,1
SF,IF2006,2020-01-03 09:30:51.900,4192.6000,14618,0,50309460.000,0,-,-,-,-,4191.8000,4191.6000,4191.2000,4183.8000,4183.0000,4193.0000,4193.2000,4193.6000,4194.4000,4195.6000,1,2,9,1,1,1,2,1,1,1
SF,IF2006,2020-01-03 09:30:52.400,4192.6000,14618,0,50309460.000,0,-,-,-,-,4191.8000,4191.6000,4191.2000,4183.8000,4183.0000,4193.0000,4193.2000,4193.6000,4194.4000,4195.6000,1,2,9,1,1,1,2,1,1,1
SF,IF2006,2020-01-03 09:30:52.900,4192.6000,14618,0,50309460.000,0,-,-,-,-,4192.0000,4191.8000,4191.6000,4191.2000,4183.8000,4193.0000,4193.2000,4193.6000,4194.4000,4195.6000,1,1,1,9,1,1,2,1,1,1
SF,IF2006,2020-01-03 09:30:53.400,4192.6000,14618,0,50309460.000,0,-,-,-,-,4192.2000,4192.0000,4191.6000,4191.2000,4183.8000,4192.6000,4193.0000,4193.2000,4193.6000,4194.4000,1,1,1,11,1,1,1,2,1,1
SF,IF2006,2020-01-03 09:30:53.900,4192.6000,14617,-1,51567240.000,1,0,1,双平,S,4192.2000,4192.0000,4191.6000,4191.2000,4183.8000,4193.0000,4193.2000,4193.6000,4194.4000,4195.6000,1,1,1,11,1,1,2,1,1,1
SF,IF2006,2020-01-03 09:30:54.400,4192.6000,14617,0,51567240.000,0,-,-,-,-,4192.8000,4192.2000,4191.6000,4191.2000,4183.8000,4193.0000,4193.2000,4193.6000,4194.4000,4195.6000,1,1,1,11,1,1,2,1,1,1
SF,IF2006,2020-01-03 09:30:54.900,4193.0000,14616,-1,52825140.000,1,0,1,双平,S,4192.2000,4191.6000,4191.2000,4183.8000,4183.0000,4193.2000,4193.6000,4194.4000,4195.6000,4195.8000,1,1,11,1,1,2,1,1,1,1
SF,IF2006,2020-01-03 09:30:55.400,4192.2000,14615,-1,54082800.000,1,0,1,双平,S,4191.6000,4191.2000,4183.8000,4183.0000,4182.6000,4193.2000,4193.6000,4194.4000,4195.6000,4195.8000,1,11,1,1,1,2,1,1,1,1
SF,IF2006,2020-01-03 09:30:55.900,4192.2000,14615,0,54082800.000,0,-,-,-,-,4191.8000,4191.6000,4191.2000,4183.8000,4183.0000,4193.0000,4193.2000,4193.6000,4194.4000,4195.6000,1,1,11,1,1,1,2,1,1,1
SF,IF2006,2020-01-03 09:30:56.400,4193.0000,14615,0,55340700.000,1,0,1,多换,S,4191.8000,4191.6000,4191.2000,4183.8000,4183.0000,4193.2000,4193.6000,4194.4000,4195.6000,4195.8000,2,1,9,1,1,2,1,1,1,1
SF,IF2006,2020-01-03 09:30:56.900,4193.0000,14615,0,55340700.000,0,-,-,-,-,4192.0000,4191.8000,4191.6000,4191.2000,4183.8000,4192.6000,4193.2000,4193.6000,4194.4000,4195.6000,1,2,1,9,1,1,2,1,1,1
SF,IF2006,2020-01-03 09:30:57.400,4192.6000,14615,0,56598480.000,1,0,1,多换,S,4192.0000,4191.8000,4191.6000,4191.2000,4183.8000,4193.2000,4193.6000,4194.4000,4195.6000,4195.8000,1,2,1,9,1,2,1,1,1,1
SF,IF2006,2020-01-03 09:30:57.900,4192.6000,14615,0,56598480.000,0,-,-,-,-,4192.8000,4192.6000,4192.0000,4191.8000,4191.6000,4193.2000,4193.6000,4194.4000,4195.6000,4195.8000,1,1,1,2,1,2,1,1,1,1
SF,IF2006,2020-01-03 09:30:58.400,4193.2000,14615,0,57856440.000,1,0,1,多换,S,4192.8000,4192.6000,4192.4000,4192.0000,4191.6000,4193.2000,4193.6000,4194.4000,4195.6000,4195.8000,1,1,1,1,1,1,1,1,1,1
SF,IF2006,2020-01-03 09:30:58.900,4193.2000,14614,-1,59114400.000,1,0,1,双平,S,4193.0000,4192.8000,4192.6000,4192.4000,4191.6000,4193.6000,4194.4000,4195.6000,4195.8000,4196.0000,1,1,1,1,1,1,1,1,1,5
SF,IF2006,2020-01-03 09:30:59.400,4193.0000,14614,0,60372300.000,1,0,1,多换,S,4192.8000,4192.6000,4192.4000,4191.6000,4191.2000,4193.2000,4193.6000,4194.4000,4195.6000,4195.8000,1,1,1,1,9,1,1,1,1,1
SF,IF2006,2020-01-03 09:30:59.900,4193.2000,14613,-1,61630260.000,1,0,1,双平,S,4192.8000,4192.6000,4192.4000,4191.6000,4191.2000,4193.6000,4194.4000,4195.6000,4195.8000,4196.0000,1,1,1,1,9,1,1,1,1,5
SF,IF2006,2020-01-03 09:31:00.400,4193.2000,14613,0,61630260.000,0,-,-,-,-,4192.8000,4192.6000,4192.4000,4191.6000,4191.2000,4193.4000,4193.6000,4195.6000,4195.8000,4196.0000,1,1,1,1,9,1,1,1,1,5
SF,IF2006,2020-01-03 09:31:00.900,4193.2000,14613,0,61630260.000,0,-,-,-,-,4192.8000,4192.6000,4192.4000,4191.6000,4191.2000,4193.6000,4195.6000,4195.8000,4196.0000,4196.6000,1,1,1,1,9,1,1,1,5,1
SF,IF2006,2020-01-03 09:31:01.400,4192.8000,14611,-2,64146000.000,2,0,2,双平,S,4192.6000,4191.6000,4191.2000,4183.8000,4183.0000,4192.8000,4193.4000,4193.6000,4195.6000,4195.8000,1,1,9,1,1,3,1,1,1,1
SF,IF2006,2020-01-03 09:31:01.900,4192.6000,14610,-1,65403780.000,1,0,1,双平,S,4191.6000,4191.2000,4183.8000,4183.0000,4182.6000,4192.8000,4193.4000,4193.6000,4195.6000,4195.8000,1,9,1,1,1,3,1,1,1,1
SF,IF2006,2020-01-03 09:31:02.400,4192.6000,14610,0,65403780.000,0,-,-,-,-,4191.6000,4191.2000,4183.8000,4183.0000,4182.6000,4192.6000,4192.8000,4193.6000,4195.6000,4195.8000,1,9,1,1,1,1,3,1,1,1
SF,IF2006,2020-01-03 09:31:03.400,4191.6000,14610,0,66661260.000,1,0,1,多换,S,4191.2000,4183.8000,4183.0000,4182.6000,4182.0000,4192.6000,4192.8000,4193.6000,4195.6000,4195.8000,9,1,1,1,1,1,3,1,1,1
SF,IF2006,2020-01-03 09:31:03.900,4192.6000,14610,0,67919040.000,1,0,1,多换,S,4191.2000,4183.8000,4183.0000,4182.6000,4182.0000,4192.8000,4193.6000,4195.6000,4195.8000,4196.0000,9,1,1,1,1,3,1,1,1,5
SF,IF2006,2020-01-03 09:31:04.400,4192.6000,14610,0,67919040.000,0,-,-,-,-,4191.2000,4183.8000,4183.0000,4182.6000,4182.0000,4192.6000,4192.8000,4193.6000,4195.6000,4195.8000,9,1,1,1,1,3,3,1,1,1
SF,IF2006,2020-01-03 09:31:04.900,4192.8000,14607,-3,74208060.000,5,1,4,多平,S,4191.2000,4183.8000,4183.0000,4182.6000,4182.0000,4192.8000,4193.6000,4195.6000,4195.8000,4196.0000,9,1,1,1,1,1,1,1,1,5
SF,IF2006,2020-01-03 09:31:05.400,4192.8000,14607,0,74208060.000,0,-,-,-,-,4192.2000,4191.4000,4191.2000,4183.8000,4183.0000,4192.8000,4193.6000,4195.6000,4195.8000,4196.0000,1,3,9,1,1,1,1,1,1,5
SF,IF2006,2020-01-03 09:31:05.900,4192.8000,14607,0,74208060.000,0,-,-,-,-,4192.4000,4192.2000,4191.6000,4191.4000,4191.2000,4192.6000,4192.8000,4193.6000,4195.6000,4195.8000,1,1,1,3,9,1,1,1,1,1
SF,IF2006,2020-01-03 09:31:06.400,4192.6000,14607,0,75465840.000,1,0,1,多换,S,4191.6000,4191.4000,4191.2000,4183.8000,4183.0000,4192.8000,4193.6000,4195.6000,4195.8000,4196.0000,1,3,9,1,1,1,1,1,1,5
SF,IF2006,2020-01-03 09:31:06.900,4192.8000,14606,-1,76723680.000,1,0,1,双平,S,4191.8000,4191.6000,4191.4000,4191.2000,4183.8000,4193.6000,4195.6000,4195.8000,4196.0000,4196.6000,2,1,3,9,1,1,1,1,5,1
SF,IF2006,2020-01-03 09:31:07.400,4192.8000,14606,0,76723680.000,0,-,-,-,-,4191.8000,4191.6000,4191.4000,4191.2000,4190.0000,4193.4000,4193.6000,4195.6000,4195.8000,4196.0000,2,1,3,9,1,1,1,1,1,5
SF,IF2006,2020-01-03 09:31:07.900,4192.8000,14606,0,76723680.000,0,-,-,-,-,4191.8000,4191.6000,4191.4000,4191.2000,4190.0000,4193.4000,4193.6000,4195.6000,4195.8000,4196.0000,2,1,3,9,1,1,1,1,1,5
SF,IF2006,2020-01-03 09:31:08.400,4192.8000,14606,0,76723680.000,0,-,-,-,-,4191.8000,4191.6000,4191.4000,4191.2000,4190.0000,4193.4000,4193.6000,4195.6000,4195.8000,4196.0000,2,1,3,4,1,1,1,1,1,5
SF,IF2006,2020-01-03 09:31:08.900,4192.8000,14606,0,76723680.000,0,-,-,-,-,4192.2000,4191.8000,4191.6000,4191.4000,4191.2000,4193.4000,4193.6000,4195.6000,4195.8000,4196.0000,1,2,1,3,4,1,1,1,1,5
SF,IF2006,2020-01-03 09:31:09.400,4192.8000,14606,0,76723680.000,0,-,-,-,-,4192.4000,4192.2000,4191.8000,4191.6000,4191.4000,4193.4000,4193.6000,4195.6000,4195.8000,4196.0000,2,1,1,1,3,1,1,1,1,5
SF,IF2006,2020-01-03 09:31:09.900,4192.8000,14606,0,76723680.000,0,-,-,-,-,4192.4000,4192.2000,4191.8000,4191.6000,4191.4000,4193.4000,4193.6000,4195.6000,4196.0000,4196.6000,2,1,1,1,3,1,1,1,5,1
SF,IF2006,2020-01-03 09:31:10.900,4193.4000,14606,0,77981700.000,1,0,1,多换,S,4192.4000,4192.2000,4191.8000,4191.6000,4191.4000,4193.6000,4195.6000,4196.0000,4196.6000,4198.0000,2,1,1,1,1,1,1,5,1,1
SF,IF2006,2020-01-03 09:31:11.400,4193.4000,14606,0,77981700.000,0,-,-,-,-,4192.4000,4192.2000,4191.8000,4191.6000,4191.2000,4193.6000,4195.6000,4196.0000,4196.6000,4198.0000,2,1,1,1,4,1,1,5,1,1
SF,IF2006,2020-01-03 09:31:11.900,4193.4000,14606,0,77981700.000,0,-,-,-,-,4192.4000,4192.2000,4191.6000,4191.2000,4190.0000,4193.6000,4195.6000,4196.0000,4196.6000,4198.0000,2,1,1,4,1,1,1,5,1,1
SF,IF2006,2020-01-03 09:31:12.400,4193.4000,14606,0,77981700.000,0,-,-,-,-,4192.6000,4192.4000,4191.2000,4190.0000,4183.8000,4193.6000,4195.6000,4196.0000,4196.6000,4198.0000,1,2,4,1,1,1,1,5,1,1
SF,IF2006,2020-01-03 09:31:12.900,4193.4000,14606,0,77981700.000,0,-,-,-,-,4192.8000,4192.4000,4191.2000,4183.8000,4183.0000,4193.6000,4195.6000,4196.0000,4196.6000,4198.0000,1,1,4,1,1,1,1,5,1,1
SF,IF2006,2020-01-03 09:31:15.900,4193.4000,14606,0,77981700.000,0,-,-,-,-,4192.8000,4192.4000,4191.2000,4183.8000,4183.0000,4193.6000,4195.6000,4196.0000,4196.6000,4198.0000,1,1,4,1,1,1,1,5,1,1
SF,IF2006,2020-01-03 09:31:16.400,4193.4000,14606,0,77981700.000,0,-,-,-,-,4192.8000,4192.4000,4191.2000,4183.8000,4183.0000,4193.6000,4195.6000,4196.0000,4196.6000,4198.0000,1,1,4,1,1,1,1,5,1,1
SF,IF2006,2020-01-03 09:31:16.900,4193.6000,14606,0,79239780.000,1,0,1,多换,S,4192.8000,4192.4000,4191.2000,4183.8000,4183.0000,4195.6000,4196.0000,4196.6000,4198.0000,4198.8000,1,1,4,1,1,1,5,1,1,1
SF,IF2006,2020-01-03 09:31:17.400,4193.6000,14606,0,79239780.000,0,-,-,-,-,4192.8000,4192.4000,4191.2000,4183.8000,4183.0000,4195.4000,4195.6000,4196.0000,4196.6000,4198.0000,1,1,4,1,1,2,1,5,1,1
SF,IF2006,2020-01-03 09:31:17.900,4193.0000,14606,0,80497680.000,1,0,1,多换,S,4192.8000,4192.4000,4191.2000,4183.8000,4183.0000,4195.2000,4195.4000,4195.6000,4196.0000,4196.6000,1,1,4,1,1,1,3,1,5,1
SF,IF2006,2020-01-03 09:31:18.400,4195.0000,14606,0,81756180.000,1,0,1,多换,S,4192.8000,4192.4000,4191.2000,4183.8000,4183.0000,4195.4000,4195.6000,4196.0000,4196.6000,4198.0000,1,1,4,1,1,1,1,5,1,1
SF,IF2006,2020-01-03 09:31:18.900,4195.0000,14606,0,81756180.000,0,-,-,-,-,4193.0000,4192.8000,4191.2000,4183.8000,4183.0000,4195.2000,4195.4000,4195.6000,4196.0000,4196.6000,1,1,4,1,1,1,1,1,5,1
SF,IF2006,2020-01-03 09:31:19.400,4195.2000,14605,-1,83014740.000,1,0,1,双平,S,4195.2000,4193.2000,4193.0000,4191.2000,4183.8000,4195.4000,4195.6000,4196.0000,4196.6000,4198.0000,4,2,1,4,1,1,1,5,1,1
SF,IF2006,2020-01-03 09:31:19.900,4195.2000,14601,-4,88048980.000,4,0,4,双平,S,4193.2000,4191.2000,4183.8000,4183.0000,4182.0000,4195.4000,4195.6000,4196.0000,4196.6000,4198.0000,3,4,1,1,1,1,1,5,1,1
SF,IF2006,2020-01-03 09:31:20.400,4195.2000,14601,0,88048980.000,0,-,-,-,-,4193.4000,4193.2000,4191.2000,4183.8000,4183.0000,4195.2000,4195.4000,4195.6000,4196.0000,4196.6000,2,3,4,1,1,1,1,1,5,1
SF,IF2006,2020-01-03 09:31:20.900,4195.2000,14601,0,88048980.000,0,-,-,-,-,4193.6000,4193.4000,4191.2000,4183.8000,4183.0000,4195.2000,4195.4000,4195.6000,4196.0000,4196.6000,3,2,4,1,1,1,1,1,5,1
SF,IF2006,2020-01-03 09:31:21.400,4195.2000,14601,0,88048980.000,0,-,-,-,-,4193.8000,4193.6000,4191.2000,4183.8000,4183.0000,4195.2000,4195.4000,4195.6000,4196.0000,4196.6000,2,3,4,1,1,1,1,1,5,1
SF,IF2006,2020-01-03 09:31:21.900,4195.2000,14600,-1,89307540.000,1,0,1,双平,S,4193.8000,4193.6000,4191.2000,4183.8000,4183.0000,4195.4000,4195.6000,4196.0000,4196.6000,4198.0000,2,2,4,1,1,1,1,5,1,1
SF,IF2006,2020-01-03 09:31:22.400,4195.2000,14600,0,89307540.000,0,-,-,-,-,4194.0000,4193.8000,4193.6000,4192.2000,4191.2000,4195.4000,4195.6000,4196.0000,4196.6000,4198.0000,3,2,1,1,4,1,1,5,1,1
SF,IF2006,2020-01-03 09:31:22.900,4195.2000,14600,0,89307540.000,0,-,-,-,-,4194.2000,4194.0000,4193.6000,4192.2000,4191.2000,4195.6000,4196.0000,4196.6000,4198.0000,4198.8000,4,1,1,1,4,1,5,1,1,1
SF,IF2006,2020-01-03 09:31:23.400,4195.2000,14600,0,89307540.000,0,-,-,-,-,4194.4000,4194.2000,4193.6000,4191.2000,4183.8000,4195.6000,4196.0000,4196.6000,4198.0000,4198.8000,1,4,1,4,1,1,5,1,1,1
SF,IF2006,2020-01-03 09:31:23.900,4195.2000,14600,0,89307540.000,0,-,-,-,-,4194.4000,4194.2000,4193.6000,4191.2000,4183.8000,4196.0000,4196.6000,4198.0000,4198.8000,4199.6000,1,4,1,4,1,5,1,1,1,1
SF,IF2006,2020-01-03 09:31:24.400,4194.6000,14599,-1,90565920.000,1,0,1,双平,S,4195.4000,4194.6000,4194.4000,4194.2000,4193.6000,4196.0000,4196.6000,4198.0000,4198.8000,4199.6000,1,1,1,4,1,5,1,1,1,1
SF,IF2006,2020-01-03 09:31:24.900,4195.6000,14598,-1,93083220.000,2,0,2,多平,S,4194.6000,4194.2000,4193.6000,4191.2000,4183.8000,4196.0000,4196.6000,4198.0000,4198.8000,4199.6000,1,2,1,4,1,5,1,1,1,1
SF,IF2006,2020-01-03 09:31:25.400,4196.0000,14599,1,94342020.000,1,1,0,双开,S,4194.8000,4194.6000,4194.2000,4191.2000,4183.8000,4196.0000,4196.6000,4198.0000,4198.8000,4199.8000,1,1,2,4,1,4,1,1,1,1
SF,IF2006,2020-01-03 09:31:25.900,4195.6000,14598,-1,96859140.000,2,0,2,多平,S,4194.6000,4194.2000,4191.2000,4183.8000,4183.0000,4195.6000,4195.8000,4196.0000,4196.6000,4198.0000,1,2,4,1,1,3,1,4,1,1
SF,IF2006,2020-01-03 09:31:26.400,4194.6000,14597,-1,98117520.000,1,0,1,双平,S,4194.2000,4191.2000,4183.8000,4183.0000,4182.0000,4194.6000,4195.4000,4195.6000,4195.8000,4196.0000,2,4,1,1,1,1,1,3,1,4
SF,IF2006,2020-01-03 09:31:26.900,4194.6000,14597,0,99375900.000,1,0,1,多换,S,4194.4000,4191.2000,4183.8000,4183.0000,4182.0000,4195.4000,4195.6000,4196.0000,4196.6000,4198.0000,1,4,1,1,1,1,3,4,1,1
SF,IF2006,2020-01-03 09:31:27.400,4194.6000,14597,0,99375900.000,0,-,-,-,-,4194.4000,4191.2000,4183.8000,4183.0000,4182.0000,4195.4000,4195.6000,4195.8000,4196.0000,4196.6000,1,4,1,1,1,2,3,2,4,1
SF,IF2006,2020-01-03 09:31:27.900,4194.6000,14597,0,99375900.000,0,-,-,-,-,4194.4000,4191.2000,4183.8000,4183.0000,4182.0000,4195.4000,4195.6000,4195.8000,4196.0000,4196.6000,1,4,1,1,1,2,3,1,4,1
SF,IF2006,2020-01-03 09:31:28.400,4194.6000,14597,0,99375900.000,0,-,-,-,-,4194.4000,4191.2000,4183.8000,4183.0000,4182.0000,4195.4000,4195.6000,4196.0000,4196.6000,4198.0000,1,4,1,1,1,3,3,4,1,1
SF,IF2006,2020-01-03 09:31:28.900,4194.6000,14597,0,99375900.000,0,-,-,-,-,4194.4000,4191.2000,4183.8000,4183.0000,4182.0000,4195.4000,4195.6000,4196.0000,4196.6000,4198.0000,1,4,1,1,1,2,3,4,1,1
SF,IF2006,2020-01-03 09:31:29.400,4195.4000,14597,0,100634520.000,1,0,1,多换,S,4194.4000,4191.2000,4183.8000,4183.0000,4182.0000,4195.4000,4196.0000,4196.6000,4198.0000,4198.8000,1,4,1,1,1,1,4,1,1,1
SF,IF2006,2020-01-03 09:31:29.900,4195.4000,14597,0,100634520.000,0,-,-,-,-,4194.4000,4191.2000,4183.8000,4183.0000,4182.0000,4195.4000,4196.0000,4196.6000,4198.0000,4198.8000,1,4,1,2,1,1,4,1,1,1
SF,IF2006,2020-01-03 09:31:30.400,4195.4000,14597,0,101893140.000,1,0,1,多换,S,4194.4000,4191.2000,4186.6000,4183.8000,4183.0000,4196.0000,4196.6000,4198.0000,4198.8000,4199.8000,1,4,1,1,2,4,1,1,1,1
SF,IF2006,2020-01-03 09:31:30.900,4195.4000,14597,0,101893140.000,0,-,-,-,-,4194.6000,4194.4000,4191.2000,4186.6000,4183.8000,4195.6000,4195.8000,4196.0000,4196.6000,4198.0000,1,1,4,1,1,3,2,4,1,1
SF,IF2006,2020-01-03 09:31:31.400,4195.4000,14597,0,101893140.000,0,-,-,-,-,4195.4000,4194.6000,4194.4000,4191.2000,4186.6000,4195.8000,4196.0000,4196.6000,4198.0000,4198.8000,1,1,1,4,1,2,4,1,1,1
SF,IF2006,2020-01-03 09:31:31.900,4195.4000,14597,0,103151760.000,1,0,1,多换,S,4194.6000,4194.4000,4191.2000,4186.6000,4183.8000,4196.0000,4196.6000,4198.0000,4198.8000,4199.8000,1,1,4,1,1,4,1,1,1,1
SF,IF2006,2020-01-03 09:31:32.400,4195.4000,14597,0,103151760.000,0,-,-,-,-,4194.6000,4194.4000,4191.2000,4186.6000,4183.8000,4195.8000,4196.0000,4196.6000,4198.0000,4198.8000,1,1,4,1,1,1,4,1,1,1
SF,IF2006,2020-01-03 09:31:32.900,4195.4000,14597,0,103151760.000,0,-,-,-,-,4194.8000,4194.6000,4191.2000,4186.6000,4183.8000,4195.8000,4196.0000,4196.6000,4198.0000,4198.8000,1,1,4,1,1,1,4,1,1,1
SF,IF2006,2020-01-03 09:31:33.400,4196.0000,14598,1,105669300.000,2,1,1,空开,S,4195.0000,4194.8000,4191.2000,4186.6000,4183.8000,4196.0000,4196.6000,4198.0000,4198.8000,4199.8000,1,1,4,1,1,3,1,1,1,1
SF,IF2006,2020-01-03 09:31:33.900,4196.0000,14598,0,105669300.000,0,-,-,-,-,4195.0000,4194.8000,4191.2000,4186.6000,4183.8000,4196.0000,4196.6000,4198.0000,4198.8000,4199.8000,1,1,4,1,1,3,1,1,1,1
SF,IF2006,2020-01-03 09:31:34.400,4196.0000,14598,0,105669300.000,0,-,-,-,-,4195.8000,4195.0000,4194.8000,4191.2000,4186.6000,4196.0000,4196.6000,4198.0000,4198.8000,4199.4000,1,1,1,4,1,3,1,1,1,2
SF,IF2006,2020-01-03 09:31:34.900,4195.8000,14598,0,106928040.000,1,0,1,多换,S,4195.0000,4194.8000,4191.2000,4186.6000,4183.8000,4196.0000,4196.6000,4198.0000,4198.8000,4199.4000,1,1,4,1,1,3,1,1,1,2
SF,IF2006,2020-01-03 09:31:35.400,4196.0000,14599,1,108186840.000,1,1,0,双开,S,4195.0000,4194.8000,4191.2000,4186.6000,4183.8000,4196.0000,4196.6000,4198.0000,4198.8000,4199.4000,1,1,4,1,1,2,1,1,1,2
SF,IF2006,2020-01-03 09:31:35.900,4196.0000,14599,0,108186840.000,0,-,-,-,-,4194.8000,4191.2000,4190.0000,4186.6000,4183.8000,4195.6000,4195.8000,4196.0000,4196.6000,4198.0000,1,4,1,1,1,3,1,2,1,1
SF,IF2006,2020-01-03 09:31:36.400,4196.0000,14598,-1,109445640.000,1,0,1,双平,S,4195.0000,4191.2000,4190.0000,4186.6000,4183.8000,4196.0000,4196.6000,4198.0000,4198.8000,4199.4000,2,4,1,1,1,2,1,1,1,2
SF,IF2006,2020-01-03 09:31:36.900,4195.0000,14598,0,110704140.000,1,0,1,多换,S,4195.0000,4191.2000,4190.0000,4186.6000,4183.8000,4196.0000,4196.6000,4198.0000,4198.8000,4199.4000,1,4,1,1,1,2,1,1,1,2
SF,IF2006,2020-01-03 09:31:37.400,4195.0000,14598,0,110704140.000,0,-,-,-,-,4195.0000,4191.2000,4190.0000,4186.6000,4183.8000,4196.0000,4196.6000,4198.0000,4198.8000,4199.4000,1,4,1,1,1,3,1,1,1,2
SF,IF2006,2020-01-03 09:31:39.400,4195.0000,14598,0,110704140.000,0,-,-,-,-,4195.0000,4191.2000,4190.0000,4186.6000,4183.8000,4195.8000,4196.0000,4196.6000,4198.0000,4198.8000,1,4,1,1,1,1,3,1,1,1
SF,IF2006,2020-01-03 09:31:40.400,4195.8000,14598,0,111962880.000,1,0,1,多换,S,4195.0000,4191.2000,4190.0000,4186.6000,4183.8000,4196.0000,4196.6000,4198.0000,4198.8000,4199.4000,1,4,1,1,1,3,1,1,1,2
SF,IF2006,2020-01-03 09:31:42.900,4195.8000,14598,0,111962880.000,0,-,-,-,-,4195.2000,4195.0000,4191.2000,4190.0000,4186.6000,4196.0000,4196.6000,4198.0000,4198.8000,4199.4000,2,1,4,1,1,3,1,1,1,2
SF,IF2006,2020-01-03 09:31:43.400,4195.8000,14598,0,111962880.000,0,-,-,-,-,4195.4000,4195.2000,4191.2000,4190.0000,4186.6000,4196.0000,4196.6000,4198.8000,4199.4000,4199.8000,1,2,4,1,1,3,1,1,2,1
SF,IF2006,2020-01-03 09:31:43.900,4195.8000,14598,0,111962880.000,0,-,-,-,-,4195.4000,4195.2000,4191.2000,4190.0000,4186.6000,4196.0000,4196.6000,4198.8000,4199.4000,4199.8000,1,2,4,1,1,3,1,1,2,1
SF,IF2006,2020-01-03 09:31:44.400,4196.0000,14599,1,113221680.000,1,1,0,双开,S,4195.4000,4195.2000,4191.2000,4190.0000,4186.6000,4196.0000,4196.6000,4198.8000,4199.4000,4199.8000,1,2,4,1,1,2,1,1,2,1
SF,IF2006,2020-01-03 09:31:44.900,4196.0000,14599,0,114480480.000,1,0,1,多换,S,4195.2000,4191.2000,4190.0000,4186.6000,4183.8000,4196.0000,4196.6000,4198.8000,4199.4000,4199.8000,2,4,1,1,1,1,1,1,2,1
SF,IF2006,2020-01-03 09:31:45.400,4196.0000,14599,0,114480480.000,0,-,-,-,-,4195.2000,4191.2000,4190.0000,4186.6000,4183.8000,4196.0000,4196.6000,4198.8000,4199.4000,4199.8000,2,4,1,1,1,1,1,1,2,1
SF,IF2006,2020-01-03 09:31:45.900,4196.0000,14599,0,114480480.000,0,-,-,-,-,4195.2000,4191.2000,4190.0000,4186.6000,4183.8000,4196.0000,4196.6000,4198.8000,4199.4000,4199.8000,2,4,1,1,1,1,1,1,2,1
SF,IF2006,2020-01-03 09:31:46.900,4196.0000,14599,0,114480480.000,0,-,-,-,-,4191.2000,4190.0000,4186.6000,4183.8000,4183.0000,4195.4000,4195.8000,4196.0000,4196.6000,4198.8000,4,1,1,1,2,1,2,1,1,1
SF,IF2006,2020-01-03 09:31:47.400,4196.0000,14599,0,114480480.000,0,-,-,-,-,4192.2000,4191.6000,4191.4000,4191.2000,4191.0000,4195.2000,4195.4000,4195.8000,4196.0000,4196.6000,1,3,2,4,1,3,1,2,1,1
SF,IF2006,2020-01-03 09:31:47.900,4196.0000,14599,0,114480480.000,0,-,-,-,-,4192.4000,4192.2000,4191.6000,4191.4000,4191.2000,4195.2000,4195.4000,4195.8000,4196.0000,4196.6000,1,1,3,1,4,3,1,2,1,1
SF,IF2006,2020-01-03 09:31:48.400,4196.0000,14599,0,114480480.000,0,-,-,-,-,4192.4000,4192.2000,4191.6000,4191.4000,4191.2000,4195.4000,4195.8000,4196.0000,4196.6000,4198.8000,1,1,3,1,4,1,2,1,1,1
SF,IF2006,2020-01-03 09:31:48.900,4196.0000,14599,0,114480480.000,0,-,-,-,-,4192.4000,4192.2000,4191.6000,4191.4000,4191.2000,4195.2000,4195.4000,4195.8000,4196.0000,4196.6000,1,1,3,1,4,2,1,2,1,2
SF,IF2006,2020-01-03 09:31:49.400,4196.0000,14599,0,114480480.000,0,-,-,-,-,4193.0000,4192.4000,4192.2000,4191.6000,4191.4000,4195.2000,4195.4000,4195.8000,4196.0000,4196.6000,1,1,1,3,1,2,1,2,1,2
SF,IF2006,2020-01-03 09:31:49.900,4196.0000,14599,0,114480480.000,0,-,-,-,-,4193.2000,4193.0000,4192.6000,4192.2000,4191.6000,4195.2000,4195.4000,4195.8000,4196.0000,4196.6000,1,1,1,1,3,2,1,2,1,2
SF,IF2006,2020-01-03 09:31:50.900,4196.0000,14599,0,114480480.000,0,-,-,-,-,4193.2000,4193.0000,4192.2000,4191.6000,4191.4000,4195.0000,4195.2000,4195.4000,4195.8000,4196.0000,1,1,1,3,1,1,2,1,2,1
SF,IF2006,2020-01-03 09:31:51.400,4196.0000,14599,0,114480480.000,0,-,-,-,-,4193.2000,4192.2000,4191.6000,4191.4000,4191.2000,4194.8000,4195.0000,4195.2000,4195.4000,4195.8000,1,1,3,1,4,2,1,1,1,2
SF,IF2006,2020-01-03 09:31:52.400,4196.0000,14599,0,114480480.000,0,-,-,-,-,4193.2000,4192.2000,4191.6000,4191.4000,4191.2000,4194.8000,4195.0000,4195.2000,4195.4000,4195.8000,1,1,2,1,4,2,1,1,1,2
SF,IF2006,2020-01-03 09:31:52.900,4196.0000,14599,0,114480480.000,0,-,-,-,-,4191.6000,4191.4000,4191.2000,4190.0000,4186.6000,4194.8000,4195.0000,4195.2000,4195.4000,4195.8000,2,1,4,1,1,2,1,1,1,2
SF,IF2006,2020-01-03 09:31:53.400,4196.0000,14599,0,114480480.000,0,-,-,-,-,4191.8000,4191.6000,4191.4000,4191.2000,4190.0000,4194.8000,4195.0000,4195.2000,4195.4000,4195.8000,1,2,1,4,1,2,1,1,1,2
SF,IF2006,2020-01-03 09:31:53.900,4194.8000,14599,0,115738920.000,1,0,1,多换,S,4191.8000,4191.6000,4191.4000,4191.2000,4190.0000,4194.8000,4195.0000,4195.4000,4195.8000,4196.0000,1,2,1,4,1,1,1,1,2,1
SF,IF2006,2020-01-03 09:31:54.400,4194.8000,14599,0,115738920.000,0,-,-,-,-,4192.0000,4191.8000,4191.6000,4191.4000,4191.2000,4194.6000,4194.8000,4195.0000,4195.4000,4195.8000,1,1,2,1,4,1,1,1,1,2
SF,IF2006,2020-01-03 09:31:54.900,4194.8000,14599,0,115738920.000,0,-,-,-,-,4192.2000,4192.0000,4191.6000,4191.4000,4190.0000,4194.4000,4194.6000,4195.0000,4195.4000,4195.8000,1,1,2,1,1,1,2,1,1,2
SF,IF2006,2020-01-03 09:31:55.400,4194.8000,14599,0,115738920.000,0,-,-,-,-,4192.2000,4191.6000,4191.4000,4190.0000,4186.6000,4194.2000,4194.4000,4194.6000,4195.0000,4195.4000,1,2,1,1,1,1,3,1,1,1
SF,IF2006,2020-01-03 09:31:55.900,4194.8000,14599,0,115738920.000,0,-,-,-,-,4192.2000,4191.6000,4191.4000,4190.0000,4186.6000,4194.0000,4194.2000,4194.4000,4194.6000,4195.0000,1,2,1,1,1,2,1,1,1,1
SF,IF2006,2020-01-03 09:31:56.400,4194.8000,14599,0,115738920.000,0,-,-,-,-,4192.4000,4192.2000,4191.6000,4191.4000,4190.0000,4194.0000,4194.4000,4194.6000,4195.0000,4195.4000,1,1,2,1,1,2,1,1,1,1
SF,IF2006,2020-01-03 09:31:56.900,4194.8000,14599,0,115738920.000,0,-,-,-,-,4192.4000,4192.2000,4191.6000,4190.0000,4186.6000,4194.0000,4194.4000,4194.6000,4195.0000,4195.4000,1,1,2,1,1,1,1,1,1,1
SF,IF2006,2020-01-03 09:31:57.400,4194.8000,14599,0,115738920.000,0,-,-,-,-,4192.2000,4191.6000,4190.0000,4186.6000,4183.8000,4193.8000,4194.0000,4194.4000,4194.6000,4195.0000,1,2,1,1,1,1,1,1,1,1
SF,IF2006,2020-01-03 09:31:57.900,4194.8000,14599,0,115738920.000,0,-,-,-,-,4192.2000,4191.6000,4190.0000,4186.6000,4183.8000,4193.6000,4193.8000,4194.6000,4195.0000,4195.4000,1,2,1,1,1,1,2,1,1,1
SF,IF2006,2020-01-03 09:31:58.400,4194.8000,14599,0,115738920.000,0,-,-,-,-,4192.2000,4191.6000,4190.0000,4186.6000,4183.8000,4193.6000,4193.8000,4194.6000,4195.0000,4195.4000,1,2,1,1,1,1,1,1,1,1
SF,IF2006,2020-01-03 09:31:58.900,4194.8000,14599,0,115738920.000,0,-,-,-,-,4192.2000,4191.6000,4190.0000,4186.6000,4183.8000,4193.4000,4193.8000,4194.6000,4195.0000,4195.4000,1,2,1,1,1,1,1,1,1,1
SF,IF2006,2020-01-03 09:31:59.400,4194.8000,14599,0,115738920.000,0,-,-,-,-,4191.6000,4190.0000,4186.6000,4183.8000,4183.0000,4193.4000,4193.8000,4194.6000,4195.0000,4195.4000,2,1,1,1,1,1,1,1,1,1
SF,IF2006,2020-01-03 09:31:59.900,4194.8000,14599,0,115738920.000,0,-,-,-,-,4191.8000,4191.6000,4190.0000,4186.6000,4183.8000,4193.4000,4193.8000,4194.6000,4195.0000,4195.4000,2,2,1,1,1,1,1,1,1,1
SF,IF2006,2020-01-03 09:32:00.400,4194.8000,14599,0,115738920.000,0,-,-,-,-,4191.8000,4191.6000,4190.0000,4186.6000,4183.8000,4193.4000,4193.8000,4194.6000,4195.0000,4195.4000,2,2,1,1,1,1,1,1,1,1
SF,IF2006,2020-01-03 09:32:00.900,4194.0000,14599,0,116997120.000,1,0,1,多换,S,4191.8000,4191.6000,4190.0000,4186.6000,4183.8000,4193.8000,4194.6000,4195.0000,4195.4000,4195.8000,1,2,1,1,1,1,1,1,1,2
SF,IF2006,2020-01-03 09:32:01.400,4191.8000,14599,0,118254660.000,1,0,1,多换,S,4191.6000,4190.0000,4186.6000,4183.8000,4183.0000,4193.6000,4193.8000,4194.6000,4195.0000,4195.4000,2,1,1,1,1,2,1,1,1,1
SF,IF2006,2020-01-03 09:32:01.900,4191.8000,14599,0,118254660.000,0,-,-,-,-,4191.6000,4190.0000,4186.6000,4183.8000,4183.0000,4193.2000,4193.6000,4193.8000,4194.6000,4195.0000,2,1,1,1,1,1,2,1,1,1
SF,IF2006,2020-01-03 09:32:02.400,4191.8000,14599,0,118254660.000,0,-,-,-,-,4191.6000,4190.0000,4186.6000,4183.8000,4183.0000,4193.0000,4193.2000,4193.6000,4193.8000,4194.6000,2,1,1,1,1,2,1,1,1,1
SF,IF2006,2020-01-03 09:32:02.900,4191.8000,14599,0,118254660.000,0,-,-,-,-,4191.6000,4190.0000,4186.6000,4183.8000,4183.0000,4193.0000,4193.2000,4193.6000,4194.6000,4195.0000,2,1,1,1,1,3,1,1,1,1
SF,IF2006,2020-01-03 09:32:03.400,4191.8000,14599,0,118254660.000,0,-,-,-,-,4191.6000,4190.0000,4186.6000,4183.8000,4183.0000,4193.0000,4193.6000,4194.6000,4195.0000,4195.4000,2,1,1,1,1,3,1,1,1,1
SF,IF2006,2020-01-03 09:32:03.900,4191.8000,14599,0,118254660.000,0,-,-,-,-,4190.0000,4186.6000,4183.8000,4183.0000,4182.0000,4193.0000,4193.6000,4194.6000,4195.0000,4195.4000,1,1,1,1,2,3,1,1,1,1
SF,IF2006,2020-01-03 09:32:04.400,4191.8000,14599,0,118254660.000,0,-,-,-,-,4190.2000,4190.0000,4186.6000,4183.8000,4183.0000,4193.0000,4194.6000,4195.0000,4195.4000,4195.8000,1,1,1,1,1,3,1,1,1,2
SF,IF2006,2020-01-03 09:32:04.900,4191.8000,14599,0,118254660.000,0,-,-,-,-,4190.4000,4190.2000,4190.0000,4186.6000,4183.8000,4193.0000,4195.0000,4195.4000,4195.8000,4196.0000,2,1,1,1,1,2,1,1,2,1
SF,IF2006,2020-01-03 09:32:05.400,4191.8000,14599,0,118254660.000,0,-,-,-,-,4190.6000,4190.4000,4190.0000,4186.6000,4183.8000,4193.0000,4195.0000,4195.4000,4195.8000,4196.0000,1,2,1,1,1,2,1,1,2,1
SF,IF2006,2020-01-03 09:32:05.900,4191.8000,14599,0,118254660.000,0,-,-,-,-,4191.4000,4190.4000,4190.0000,4186.6000,4183.8000,4192.8000,4193.0000,4195.0000,4195.4000,4195.8000,2,2,1,1,1,1,2,1,1,2
SF,IF2006,2020-01-03 09:32:06.400,4191.8000,14599,0,118254660.000,0,-,-,-,-,4191.4000,4190.0000,4186.6000,4183.8000,4183.0000,4192.6000,4192.8000,4193.0000,4195.0000,4195.4000,2,1,1,1,1,1,1,1,1,1
SF,IF2006,2020-01-03 09:32:06.900,4191.8000,14599,0,118254660.000,0,-,-,-,-,4191.4000,4191.0000,4190.0000,4186.6000,4183.8000,4192.6000,4192.8000,4193.0000,4195.0000,4195.4000,2,1,1,1,1,1,1,1,1,1
SF,IF2006,2020-01-03 09:32:07.400,4191.8000,14599,0,118254660.000,0,-,-,-,-,4191.4000,4191.0000,4190.0000,4186.6000,4183.8000,4191.6000,4192.6000,4192.8000,4193.0000,4195.0000,2,1,1,1,1,1,1,1,1,1
SF,IF2006,2020-01-03 09:32:07.900,4191.8000,14599,0,118254660.000,0,-,-,-,-,4191.4000,4191.0000,4190.0000,4186.6000,4183.8000,4191.6000,4192.6000,4192.8000,4195.0000,4195.4000,2,1,1,1,1,1,1,1,1,1
SF,IF2006,2020-01-03 09:32:08.400,4191.8000,14599,0,118254660.000,0,-,-,-,-,4191.4000,4191.0000,4190.0000,4186.6000,4183.8000,4191.6000,4192.6000,4192.8000,4195.4000,4195.8000,2,1,1,1,1,1,1,1,1,2
SF,IF2006,2020-01-03 09:32:08.900,4191.4000,14598,-1,119512080.000,1,0,1,双平,S,4191.4000,4191.0000,4190.0000,4186.6000,4183.8000,4191.6000,4192.6000,4192.8000,4195.4000,4195.8000,1,1,1,1,1,1,1,1,1,2
SF,IF2006,2020-01-03 09:32:09.400,4191.4000,14598,0,120769500.000,1,0,1,多换,S,4191.0000,4190.0000,4186.6000,4183.8000,4183.0000,4191.6000,4192.6000,4192.8000,4195.4000,4195.8000,1,1,1,1,1,1,1,1,1,2
SF,IF2006,2020-01-03 09:32:09.900,4191.4000,14598,0,120769500.000,0,-,-,-,-,4191.0000,4190.0000,4186.6000,4183.8000,4183.0000,4191.4000,4191.6000,4192.8000,4195.4000,4195.8000,1,1,1,1,1,1,1,1,1,2
SF,IF2006,2020-01-03 09:32:11.400,4191.0000,14598,0,122026800.000,1,0,1,多换,S,4190.0000,4186.6000,4183.8000,4183.0000,4182.0000,4191.4000,4191.6000,4192.8000,4195.4000,4195.8000,1,1,1,1,2,1,1,1,1,2
SF,IF2006,2020-01-03 09:32:11.900,4191.0000,14598,0,122026800.000,0,-,-,-,-,4190.0000,4186.6000,4183.8000,4183.0000,4182.0000,4191.4000,4191.6000,4192.8000,4195.4000,4195.8000,1,1,1,1,2,1,2,1,1,2
SF,IF2006,2020-01-03 09:32:14.400,4190.0000,14597,-1,123283800.000,1,0,1,双平,S,4186.6000,4183.8000,4183.0000,4182.0000,4180.2000,4190.0000,4191.4000,4191.6000,4192.8000,4195.4000,1,1,1,2,1,4,1,2,1,1
SF,IF2006,2020-01-03 09:32:14.900,4190.0000,14595,-2,125797800.000,2,0,2,双平,S,4188.8000,4187.6000,4187.0000,4186.8000,4186.6000,4189.8000,4190.0000,4191.6000,4195.4000,4195.8000,2,3,1,3,3,1,2,2,1,2
SF,IF2006,2020-01-03 09:32:15.400,4190.0000,14595,0,125797800.000,0,-,-,-,-,4188.8000,4187.6000,4187.0000,4186.8000,4186.6000,4190.0000,4191.6000,4195.4000,4195.8000,4196.0000,2,3,1,3,3,2,2,1,2,1
SF,IF2006,2020-01-03 09:32:15.900,4190.0000,14595,0,125797800.000,0,-,-,-,-,4189.0000,4188.8000,4187.6000,4187.0000,4186.8000,4190.0000,4191.6000,4195.4000,4195.8000,4196.0000,2,2,3,1,3,2,2,1,2,1
SF,IF2006,2020-01-03 09:32:16.400,4190.0000,14595,0,125797800.000,0,-,-,-,-,4189.0000,4188.8000,4187.6000,4187.0000,4186.8000,4190.0000,4191.6000,4195.4000,4195.8000,4196.0000,2,2,3,1,3,2,2,1,2,1
SF,IF2006,2020-01-03 09:32:16.900,4190.0000,14595,0,125797800.000,0,-,-,-,-,4189.0000,4188.8000,4187.6000,4187.0000,4186.8000,4190.0000,4191.6000,4195.4000,4195.8000,4196.0000,2,2,3,1,1,2,2,1,2,1
SF,IF2006,2020-01-03 09:32:17.400,4190.0000,14595,0,125797800.000,0,-,-,-,-,4189.2000,4189.0000,4188.8000,4187.6000,4187.0000,4190.0000,4191.6000,4195.4000,4195.8000,4196.0000,1,2,2,3,1,2,2,1,2,1
SF,IF2006,2020-01-03 09:32:17.900,4190.0000,14595,0,125797800.000,0,-,-,-,-,4189.2000,4189.0000,4188.8000,4187.6000,4187.0000,4190.0000,4191.6000,4195.4000,4195.8000,4196.0000,1,2,2,3,1,2,2,1,2,1
SF,IF2006,2020-01-03 09:32:18.900,4190.0000,14595,0,125797800.000,0,-,-,-,-,4189.0000,4188.8000,4187.6000,4187.0000,4186.8000,4190.0000,4191.6000,4195.4000,4195.8000,4196.0000,2,2,3,1,1,2,2,1,2,1
SF,IF2006,2020-01-03 09:32:19.400,4190.0000,14595,0,127054800.000,1,0,1,多换,S,4189.0000,4188.8000,4187.6000,4187.0000,4186.8000,4191.6000,4195.4000,4195.8000,4196.0000,4196.6000,2,2,3,1,1,2,1,2,1,2
SF,IF2006,2020-01-03 09:32:19.900,4190.0000,14595,0,127054800.000,0,-,-,-,-,4189.0000,4188.8000,4187.6000,4187.0000,4186.8000,4191.4000,4191.6000,4195.4000,4195.8000,4196.0000,2,2,3,1,1,3,2,1,2,1
SF,IF2006,2020-01-03 09:32:20.400,4189.0000,14594,-1,128311500.000,1,0,1,双平,S,4189.0000,4188.8000,4187.6000,4187.0000,4186.8000,4191.4000,4191.6000,4195.4000,4195.8000,4196.0000,1,2,3,1,1,3,2,1,2,1
SF,IF2006,2020-01-03 09:32:20.900,4189.0000,14594,0,128311500.000,0,-,-,-,-,4188.8000,4187.6000,4187.0000,4186.8000,4186.6000,4191.2000,4191.4000,4191.6000,4195.4000,4195.8000,1,3,1,1,3,3,1,2,1,2
SF,IF2006,2020-01-03 09:32:21.400,4189.2000,14595,1,129568260.000,1,1,0,双开,S,4188.8000,4187.6000,4187.0000,4186.8000,4186.6000,4191.0000,4191.2000,4191.6000,4195.4000,4195.8000,2,3,1,1,3,1,3,2,1,2
SF,IF2006,2020-01-03 09:32:21.900,4189.0000,14594,-1,130824960.000,1,0,1,双平,S,4188.8000,4187.6000,4187.0000,4186.6000,4183.8000,4191.0000,4191.2000,4191.6000,4195.4000,4195.8000,2,3,1,3,1,1,3,2,1,2
SF,IF2006,2020-01-03 09:32:22.400,4190.8000,14594,0,132082200.000,1,0,1,多换,S,4188.8000,4187.6000,4187.0000,4186.6000,4183.8000,4191.0000,4191.2000,4191.6000,4195.4000,4195.8000,2,3,1,3,1,1,3,2,1,2
SF,IF2006,2020-01-03 09:32:22.900,4190.8000,14594,0,132082200.000,0,-,-,-,-,4189.0000,4188.8000,4187.6000,4187.0000,4186.6000,4191.0000,4191.2000,4191.6000,4195.4000,4195.8000,1,2,3,1,3,1,3,2,1,2
SF,IF2006,2020-01-03 09:32:23.400,4190.8000,14594,0,133339440.000,1,0,1,多换,S,4189.0000,4188.8000,4187.6000,4187.0000,4186.6000,4191.0000,4191.2000,4191.6000,4195.4000,4195.8000,2,2,3,1,3,1,3,2,1,2
SF,IF2006,2020-01-03 09:32:23.900,4190.8000,14594,0,133339440.000,0,-,-,-,-,4189.2000,4189.0000,4188.8000,4187.6000,4187.0000,4191.0000,4191.2000,4191.6000,4195.4000,4195.8000,1,2,2,3,1,1,3,2,1,1
SF,IF2006,2020-01-03 09:32:24.900,4190.8000,14594,0,133339440.000,0,-,-,-,-,4189.6000,4189.2000,4189.0000,4188.8000,4187.6000,4191.0000,4191.2000,4191.6000,4195.4000,4195.8000,2,1,1,2,3,1,3,2,1,1
SF,IF2006,2020-01-03 09:32:25.400,4190.8000,14594,0,133339440.000,0,-,-,-,-,4189.8000,4189.6000,4189.2000,4189.0000,4188.8000,4191.0000,4191.2000,4191.6000,4195.4000,4195.8000,1,2,1,1,1,1,1,2,1,1
SF,IF2006,2020-01-03 09:32:25.900,4190.8000,14594,0,133339440.000,0,-,-,-,-,4189.8000,4189.6000,4189.2000,4188.8000,4187.6000,4191.0000,4191.2000,4191.6000,4195.4000,4195.8000,1,2,1,1,3,1,1,2,1,1
SF,IF2006,2020-01-03 09:32:26.400,4190.8000,14594,0,133339440.000,0,-,-,-,-,4189.8000,4189.6000,4188.8000,4187.8000,4187.6000,4191.0000,4191.2000,4191.6000,4195.4000,4195.8000,1,2,1,2,3,1,1,2,1,1
SF,IF2006,2020-01-03 09:32:26.900,4190.8000,14594,0,133339440.000,0,-,-,-,-,4189.6000,4188.8000,4187.8000,4187.6000,4187.0000,4191.0000,4191.2000,4191.6000,4195.4000,4195.8000,2,1,2,3,1,1,1,2,1,1
SF,IF2006,2020-01-03 09:32:28.400,4190.8000,14594,0,133339440.000,0,-,-,-,-,4189.6000,4188.8000,4187.8000,4187.6000,4187.0000,4191.0000,4191.2000,4191.6000,4195.4000,4195.8000,2,1,2,3,1,1,1,1,1,1
SF,IF2006,2020-01-03 09:32:28.900,4190.8000,14594,0,133339440.000,0,-,-,-,-,4189.8000,4189.6000,4188.8000,4187.8000,4187.6000,4191.0000,4191.2000,4191.6000,4195.4000,4195.8000,1,2,1,2,3,1,1,1,1,1
SF,IF2006,2020-01-03 09:32:29.400,4190.8000,14594,0,133339440.000,0,-,-,-,-,4190.6000,4189.8000,4188.8000,4187.8000,4187.6000,4191.0000,4191.2000,4191.6000,4195.4000,4195.8000,2,1,1,2,3,1,1,1,1,1
SF,IF2006,2020-01-03 09:32:29.900,4190.6000,14594,0,135853800.000,2,1,1,多换,S,4189.8000,4188.8000,4187.8000,4187.6000,4187.0000,4191.2000,4191.6000,4195.4000,4195.8000,4196.0000,1,1,2,3,1,1,1,1,1,1
SF,IF2006,2020-01-03 09:32:30.400,4190.6000,14594,0,135853800.000,0,-,-,-,-,4188.8000,4187.8000,4187.6000,4187.0000,4186.6000,4191.0000,4191.2000,4191.6000,4195.4000,4195.8000,1,2,3,1,1,1,2,1,1,1
SF,IF2006,2020-01-03 09:32:30.900,4190.6000,14594,0,135853800.000,0,-,-,-,-,4189.0000,4188.8000,4187.8000,4187.6000,4187.0000,4191.0000,4191.2000,4191.6000,4193.2000,4195.4000,2,2,2,3,1,1,2,1,1,1
SF,IF2006,2020-01-03 09:32:31.400,4191.0000,14594,0,137111100.000,1,0,1,多换,S,4189.0000,4188.8000,4187.8000,4187.6000,4187.0000,4191.2000,4191.6000,4193.2000,4195.4000,4195.8000,2,2,2,3,1,2,1,1,1,1
SF,IF2006,2020-01-03 09:32:31.900,4191.0000,14594,0,137111100.000,0,-,-,-,-,4189.2000,4189.0000,4188.8000,4187.8000,4187.6000,4191.0000,4191.2000,4191.6000,4193.2000,4195.4000,2,1,2,2,3,1,2,1,1,1
SF,IF2006,2020-01-03 09:32:32.400,4189.4000,14593,-1,138367920.000,1,0,1,双平,S,4189.2000,4189.0000,4188.8000,4187.8000,4187.6000,4191.0000,4191.2000,4191.6000,4193.2000,4195.4000,2,1,2,2,3,1,2,1,1,1
SF,IF2006,2020-01-03 09:32:32.900,4191.0000,14593,0,139625220.000,1,0,1,多换,S,4189.4000,4189.2000,4189.0000,4188.8000,4187.8000,4191.2000,4191.6000,4193.2000,4195.4000,4195.8000,1,2,1,2,2,2,1,1,1,1
SF,IF2006,2020-01-03 09:32:33.400,4191.0000,14593,0,139625220.000,0,-,-,-,-,4189.6000,4189.4000,4189.2000,4189.0000,4188.8000,4191.0000,4191.2000,4191.6000,4193.2000,4195.4000,1,2,1,1,2,3,2,1,1,1
SF,IF2006,2020-01-03 09:32:33.900,4191.0000,14593,0,139625220.000,0,-,-,-,-,4189.6000,4189.4000,4188.8000,4187.8000,4187.6000,4191.0000,4191.2000,4191.6000,4193.2000,4195.4000,1,2,2,2,3,3,2,1,1,1
SF,IF2006,2020-01-03 09:32:34.400,4191.0000,14593,0,139625220.000,0,-,-,-,-,4189.6000,4189.4000,4188.8000,4187.8000,4187.6000,4191.0000,4191.2000,4191.6000,4193.2000,4195.4000,2,2,2,2,3,3,2,1,1,1
SF,IF2006,2020-01-03 09:32:34.900,4189.8000,14593,0,140882160.000,1,0,1,多换,S,4189.6000,4189.4000,4188.8000,4187.8000,4187.6000,4191.0000,4191.2000,4191.6000,4193.2000,4193.8000,2,1,1,2,3,2,2,1,1,1
SF,IF2006,2020-01-03 09:32:35.400,4189.8000,14593,0,140882160.000,0,-,-,-,-,4189.6000,4189.4000,4188.8000,4187.8000,4187.6000,4191.0000,4191.2000,4191.6000,4193.2000,4193.8000,2,1,1,2,3,2,2,1,1,1
SF,IF2006,2020-01-03 09:32:35.900,4189.8000,14593,0,143396040.000,2,1,1,多换,S,4189.8000,4189.6000,4189.4000,4188.8000,4187.8000,4191.0000,4191.2000,4191.6000,4193.2000,4193.8000,1,2,1,1,2,2,2,1,1,1
SF,IF2006,2020-01-03 09:32:36.400,4189.8000,14593,0,143396040.000,0,-,-,-,-,4190.0000,4189.8000,4189.6000,4189.4000,4188.8000,4191.0000,4191.2000,4191.6000,4193.2000,4193.8000,1,2,1,1,1,2,2,1,1,1
SF,IF2006,2020-01-03 09:32:36.900,4189.8000,14593,0,143396040.000,0,-,-,-,-,4190.0000,4189.8000,4189.6000,4189.4000,4188.8000,4191.0000,4191.2000,4191.6000,4193.2000,4193.8000,2,1,1,1,1,2,2,1,1,1
SF,IF2006,2020-01-03 09:32:37.400,4189.8000,14593,0,143396040.000,0,-,-,-,-,4190.0000,4189.8000,4189.6000,4189.4000,4189.2000,4191.0000,4191.2000,4191.6000,4193.2000,4193.8000,1,1,1,1,2,2,2,1,1,1
SF,IF2006,2020-01-03 09:32:37.900,4189.8000,14593,0,143396040.000,0,-,-,-,-,4190.2000,4189.6000,4189.4000,4189.2000,4188.8000,4191.0000,4191.2000,4191.6000,4193.2000,4193.8000,1,1,1,2,1,3,2,1,1,1
SF,IF2006,2020-01-03 09:32:38.400,4191.0000,14592,-1,145910400.000,2,0,2,多平,S,4189.6000,4189.4000,4189.2000,4188.8000,4187.8000,4190.8000,4191.0000,4191.2000,4191.6000,4193.2000,1,1,2,1,2,1,2,2,1,1
SF,IF2006,2020-01-03 09:32:40.900,4191.0000,14592,0,145910400.000,0,-,-,-,-,4189.6000,4188.8000,4187.8000,4187.6000,4187.0000,4190.8000,4191.0000,4191.2000,4191.6000,4193.2000,1,1,2,3,1,1,2,2,1,1
SF,IF2006,2020-01-03 09:32:42.400,4190.8000,14592,0,147167640.000,1,0,1,多换,S,4189.6000,4188.8000,4187.8000,4187.6000,4187.0000,4191.0000,4191.2000,4191.6000,4193.2000,4193.8000,1,1,2,3,1,2,2,1,1,1
SF,IF2006,2020-01-03 09:32:42.900,4190.8000,14592,0,147167640.000,0,-,-,-,-,4189.8000,4189.6000,4188.8000,4187.8000,4187.6000,4191.0000,4191.2000,4191.6000,4193.2000,4193.8000,1,1,1,2,3,2,2,1,1,1
SF,IF2006,2020-01-03 09:32:43.400,4190.8000,14592,0,147167640.000,0,-,-,-,-,4189.8000,4189.6000,4188.8000,4187.8000,4187.6000,4191.0000,4191.2000,4191.6000,4193.2000,4193.8000,1,1,1,2,3,2,2,1,1,1
SF,IF2006,2020-01-03 09:32:43.900,4190.8000,14592,0,147167640.000,0,-,-,-,-,4189.6000,4188.8000,4187.8000,4187.6000,4187.0000,4191.0000,4191.2000,4191.6000,4193.2000,4193.8000,1,1,2,3,1,2,2,1,1,1
SF,IF2006,2020-01-03 09:32:44.400,4190.8000,14592,0,147167640.000,0,-,-,-,-,4189.6000,4189.0000,4188.8000,4187.8000,4187.6000,4191.0000,4191.2000,4191.6000,4193.2000,4193.8000,1,1,1,2,3,2,2,1,1,1
SF,IF2006,2020-01-03 09:32:44.900,4190.8000,14592,0,147167640.000,0,-,-,-,-,4189.6000,4189.0000,4188.8000,4187.8000,4187.6000,4190.8000,4191.0000,4191.2000,4191.6000,4193.2000,1,1,1,2,3,2,2,2,1,1
SF,IF2006,2020-01-03 09:32:45.400,4190.8000,14592,0,147167640.000,0,-,-,-,-,4189.6000,4189.0000,4188.8000,4187.8000,4187.6000,4190.8000,4191.0000,4191.2000,4191.6000,4193.2000,1,1,1,2,3,2,2,2,1,1
SF,IF2006,2020-01-03 09:32:45.900,4190.8000,14592,0,147167640.000,0,-,-,-,-,4189.6000,4189.0000,4188.8000,4187.8000,4187.6000,4190.8000,4191.0000,4191.2000,4191.6000,4193.2000,1,1,1,2,3,1,2,2,1,1
SF,IF2006,2020-01-03 09:32:46.400,4190.8000,14592,0,147167640.000,0,-,-,-,-,4189.6000,4189.0000,4188.8000,4187.8000,4187.6000,4191.0000,4191.2000,4191.6000,4193.2000,4193.8000,1,1,1,2,3,2,2,1,1,1
SF,IF2006,2020-01-03 09:32:47.900,4190.8000,14592,0,147167640.000,0,-,-,-,-,4189.6000,4189.0000,4188.8000,4187.8000,4187.6000,4190.8000,4191.0000,4191.2000,4191.6000,4193.2000,1,1,1,2,3,2,2,2,1,1
SF,IF2006,2020-01-03 09:32:48.900,4190.8000,14592,0,147167640.000,0,-,-,-,-,4189.6000,4189.0000,4188.8000,4187.8000,4187.6000,4190.8000,4191.0000,4191.2000,4191.6000,4193.2000,2,1,1,2,3,2,2,2,1,1
SF,IF2006,2020-01-03 09:32:49.400,4190.8000,14592,0,148424880.000,1,0,1,多换,S,4189.8000,4189.6000,4189.0000,4188.8000,4187.8000,4191.0000,4191.2000,4191.6000,4193.2000,4193.8000,1,2,1,1,2,2,2,1,1,1
SF,IF2006,2020-01-03 09:32:49.900,4190.8000,14592,0,148424880.000,0,-,-,-,-,4189.8000,4189.6000,4189.0000,4188.8000,4187.8000,4190.8000,4191.0000,4191.2000,4191.6000,4193.2000,1,2,1,1,2,1,2,2,1,1
SF,IF2006,2020-01-03 09:32:50.900,4190.8000,14592,0,149682120.000,1,0,1,多换,S,4189.8000,4189.6000,4189.0000,4188.8000,4187.8000,4191.0000,4191.2000,4191.6000,4193.2000,4193.8000,1,2,1,1,2,2,2,1,1,1
SF,IF2006,2020-01-03 09:32:51.400,4190.8000,14592,0,149682120.000,0,-,-,-,-,4190.0000,4189.8000,4189.6000,4189.0000,4188.8000,4191.0000,4191.2000,4191.6000,4193.2000,4193.8000,1,1,2,1,1,2,2,1,1,1
SF,IF2006,2020-01-03 09:32:53.400,4190.8000,14592,0,149682120.000,0,-,-,-,-,4190.0000,4189.8000,4189.6000,4189.0000,4187.8000,4191.0000,4191.2000,4191.6000,4193.2000,4193.8000,1,1,2,1,2,2,2,1,1,1
SF,IF2006,2020-01-03 09:32:53.900,4190.8000,14592,0,149682120.000,0,-,-,-,-,4190.2000,4190.0000,4189.8000,4189.6000,4189.0000,4191.0000,4191.2000,4191.6000,4193.2000,4193.8000,1,1,1,1,1,2,2,1,1,1
SF,IF2006,2020-01-03 09:32:54.400,4190.2000,14591,-1,150939180.000,1,0,1,双平,S,4190.0000,4189.8000,4189.6000,4189.0000,4187.8000,4191.0000,4191.2000,4191.6000,4193.2000,4193.8000,1,1,1,1,2,2,2,1,1,1
SF,IF2006,2020-01-03 09:32:54.900,4190.0000,14590,-1,152196180.000,1,0,1,双平,S,4189.8000,4189.6000,4189.0000,4187.8000,4187.6000,4191.0000,4191.2000,4191.6000,4193.2000,4193.8000,1,1,1,2,3,2,2,1,1,1
SF,IF2006,2020-01-03 09:32:55.400,4190.0000,14590,0,152196180.000,0,-,-,-,-,4189.8000,4189.6000,4189.0000,4187.8000,4187.6000,4190.8000,4191.0000,4191.2000,4191.6000,4193.2000,1,1,1,2,3,1,2,2,1,1
SF,IF2006,2020-01-03 09:32:55.900,4190.0000,14590,0,152196180.000,0,-,-,-,-,4189.8000,4189.6000,4189.0000,4187.8000,4187.6000,4190.8000,4191.0000,4191.2000,4191.6000,4193.2000,1,1,1,2,3,1,2,2,1,1
SF,IF2006,2020-01-03 09:32:56.400,4190.8000,14590,0,153453420.000,1,0,1,多换,S,4189.8000,4189.6000,4189.0000,4187.8000,4187.6000,4191.0000,4191.2000,4191.6000,4193.2000,4193.8000,1,1,1,2,3,2,2,1,1,1
SF,IF2006,2020-01-03 09:32:56.900,4190.8000,14590,0,154710660.000,1,0,1,多换,S,4189.8000,4189.6000,4189.0000,4187.8000,4187.6000,4191.0000,4191.2000,4191.6000,4193.2000,4193.8000,1,1,1,2,3,2,1,1,1,1
SF,IF2006,2020-01-03 09:32:57.400,4190.8000,14590,0,154710660.000,0,-,-,-,-,4190.0000,4189.8000,4189.6000,4189.0000,4187.8000,4191.0000,4191.2000,4191.6000,4193.2000,4193.8000,1,1,1,1,2,2,1,1,1,1
SF,IF2006,2020-01-03 09:32:57.900,4190.8000,14590,0,154710660.000,0,-,-,-,-,4190.2000,4190.0000,4189.6000,4189.0000,4187.8000,4191.0000,4191.2000,4191.6000,4193.2000,4193.8000,1,1,1,1,2,2,1,1,1,1
SF,IF2006,2020-01-03 09:33:01.400,4190.8000,14590,0,154710660.000,0,-,-,-,-,4190.2000,4190.0000,4189.6000,4189.0000,4187.8000,4191.0000,4191.2000,4191.6000,4193.2000,4193.8000,1,1,1,1,2,2,1,1,1,1
SF,IF2006,2020-01-03 09:33:03.400,4190.2000,14589,-1,155967720.000,1,0,1,双平,S,4190.0000,4189.6000,4189.0000,4187.8000,4187.6000,4190.2000,4191.0000,4191.2000,4191.6000,4193.2000,1,1,1,2,3,1,2,1,1,1
SF,IF2006,2020-01-03 09:33:03.900,4190.2000,14589,0,157224780.000,1,0,1,多换,S,4190.4000,4189.6000,4189.0000,4187.8000,4187.6000,4191.0000,4191.2000,4191.6000,4193.2000,4193.8000,1,1,1,2,3,2,1,1,1,1
SF,IF2006,2020-01-03 09:33:04.900,4190.2000,14589,0,157224780.000,0,-,-,-,-,4190.4000,4189.6000,4189.0000,4187.8000,4187.6000,4191.0000,4191.2000,4191.6000,4193.2000,4193.8000,1,1,1,2,3,2,1,1,1,1
SF,IF2006,2020-01-03 09:33:05.400,4191.0000,14589,0,158482080.000,1,0,1,多换,S,4189.6000,4189.0000,4187.8000,4187.6000,4187.0000,4191.0000,4191.2000,4191.6000,4193.2000,4193.8000,1,1,2,3,1,1,1,1,1,1
SF,IF2006,2020-01-03 09:33:05.900,4191.0000,14589,0,158482080.000,0,-,-,-,-,4189.8000,4189.6000,4189.0000,4187.8000,4187.6000,4191.0000,4191.2000,4191.6000,4193.2000,4193.8000,1,1,1,2,3,1,1,1,1,1
SF,IF2006,2020-01-03 09:33:06.400,4191.0000,14589,0,158482080.000,0,-,-,-,-,4189.8000,4189.6000,4189.0000,4187.8000,4187.6000,4191.0000,4191.2000,4191.6000,4193.2000,4193.8000,1,1,1,2,3,1,1,1,1,1
SF,IF2006,2020-01-03 09:33:06.900,4191.0000,14589,0,158482080.000,0,-,-,-,-,4190.0000,4189.8000,4189.6000,4189.0000,4187.8000,4191.0000,4191.2000,4191.6000,4193.2000,4193.8000,1,1,1,1,2,1,1,1,1,1
SF,IF2006,2020-01-03 09:33:07.900,4191.0000,14589,0,158482080.000,0,-,-,-,-,4189.8000,4189.6000,4189.0000,4187.8000,4187.6000,4191.0000,4191.2000,4191.6000,4193.2000,4193.8000,1,1,1,2,3,1,1,1,1,1
SF,IF2006,2020-01-03 09:33:08.400,4191.0000,14589,0,158482080.000,0,-,-,-,-,4189.6000,4189.0000,4187.8000,4187.6000,4187.0000,4191.0000,4191.2000,4191.6000,4193.2000,4193.8000,1,1,2,3,1,1,1,1,1,1
SF,IF2006,2020-01-03 09:33:09.400,4191.0000,14589,0,158482080.000,0,-,-,-,-,4189.6000,4189.0000,4187.8000,4187.6000,4187.0000,4190.8000,4191.0000,4191.2000,4191.6000,4193.2000,1,1,2,3,1,1,1,1,1,1
SF,IF2006,2020-01-03 09:33:10.400,4191.0000,14589,0,158482080.000,0,-,-,-,-,4189.6000,4189.0000,4187.8000,4187.6000,4187.0000,4190.8000,4191.0000,4191.2000,4191.6000,4193.2000,1,1,2,3,1,1,1,1,1,1
SF,IF2006,2020-01-03 09:33:10.900,4190.8000,14588,-1,159739320.000,1,0,1,双平,S,4189.8000,4189.6000,4189.0000,4187.8000,4187.6000,4191.0000,4191.2000,4191.6000,4193.2000,4193.8000,2,1,1,2,3,1,1,1,1,1
SF,IF2006,2020-01-03 09:33:11.400,4190.8000,14588,0,159739320.000,0,-,-,-,-,4190.8000,4189.8000,4189.6000,4189.0000,4187.8000,4191.0000,4191.2000,4191.6000,4193.2000,4193.8000,1,2,1,1,2,1,1,1,1,1
SF,IF2006,2020-01-03 09:33:11.900,4190.8000,14588,0,160996560.000,1,0,1,多换,S,4189.8000,4189.6000,4189.0000,4187.8000,4187.6000,4191.0000,4191.2000,4191.6000,4193.2000,4193.8000,1,1,1,2,3,1,1,1,1,1
SF,IF2006,2020-01-03 09:33:12.400,4190.8000,14588,0,160996560.000,0,-,-,-,-,4190.0000,4189.8000,4189.6000,4189.0000,4187.8000,4191.0000,4191.2000,4191.6000,4193.2000,4193.8000,2,1,1,1,2,1,1,1,1,1
SF,IF2006,2020-01-03 09:33:12.900,4190.8000,14588,0,160996560.000,0,-,-,-,-,4190.0000,4189.6000,4189.0000,4187.8000,4187.6000,4191.0000,4191.2000,4191.6000,4193.2000,4193.8000,1,1,1,2,3,1,1,1,1,1
SF,IF2006,2020-01-03 09:33:13.400,4190.8000,14588,0,160996560.000,0,-,-,-,-,4190.0000,4189.6000,4189.0000,4187.8000,4187.6000,4190.8000,4191.0000,4191.2000,4191.6000,4193.2000,1,1,1,2,3,1,2,1,1,1
SF,IF2006,2020-01-03 09:33:13.900,4190.0000,14588,0,164768160.000,3,1,2,多换,S,4189.6000,4187.6000,4187.0000,4186.6000,4183.8000,4191.0000,4191.2000,4191.6000,4193.2000,4193.8000,1,3,1,1,1,1,1,1,1,1
SF,IF2006,2020-01-03 09:33:16.900,4191.0000,14589,1,166025460.000,1,1,0,双开,S,4190.0000,4189.6000,4187.6000,4187.0000,4186.6000,4191.2000,4191.6000,4193.2000,4193.8000,4194.8000,1,1,3,1,1,1,1,1,1,1
SF,IF2006,2020-01-03 09:33:17.400,4191.0000,14589,0,166025460.000,0,-,-,-,-,4190.2000,4190.0000,4189.6000,4187.6000,4187.0000,4191.2000,4191.6000,4193.2000,4193.8000,4194.8000,1,1,1,3,1,1,1,1,1,1
SF,IF2006,2020-01-03 09:33:17.900,4191.0000,14589,0,166025460.000,0,-,-,-,-,4190.2000,4190.0000,4189.8000,4189.6000,4187.6000,4191.2000,4191.6000,4193.2000,4193.8000,4194.8000,1,2,2,1,3,1,1,1,1,1
SF,IF2006,2020-01-03 09:33:18.400,4191.0000,14589,0,166025460.000,0,-,-,-,-,4190.2000,4190.0000,4189.8000,4189.6000,4187.6000,4191.2000,4191.6000,4193.2000,4193.8000,4194.8000,1,2,2,1,3,1,1,1,1,1
SF,IF2006,2020-01-03 09:33:18.900,4191.0000,14589,0,166025460.000,0,-,-,-,-,4190.2000,4190.0000,4189.8000,4189.6000,4187.6000,4191.2000,4191.6000,4193.2000,4193.8000,4194.8000,1,2,1,1,3,1,1,1,1,1
SF,IF2006,2020-01-03 09:33:19.400,4191.2000,14588,-1,167282820.000,1,0,1,双平,S,4190.2000,4190.0000,4189.8000,4189.6000,4187.6000,4191.6000,4193.2000,4193.8000,4194.8000,4195.4000,1,2,1,1,3,1,1,1,1,1
SF,IF2006,2020-01-03 09:33:19.900,4191.6000,14587,-1,168540300.000,1,0,1,双平,S,4190.4000,4190.2000,4190.0000,4189.8000,4189.6000,4193.2000,4193.8000,4194.8000,4195.4000,4195.8000,1,1,2,1,1,1,1,1,1,1
SF,IF2006,2020-01-03 09:33:20.400,4191.6000,14587,0,168540300.000,0,-,-,-,-,4191.2000,4190.6000,4190.4000,4190.0000,4189.8000,4193.0000,4193.2000,4193.8000,4194.8000,4195.4000,1,2,1,2,1,1,1,1,1,1
SF,IF2006,2020-01-03 09:33:20.900,4191.6000,14587,0,168540300.000,0,-,-,-,-,4191.2000,4190.6000,4190.0000,4189.8000,4189.6000,4193.0000,4193.2000,4193.8000,4194.8000,4195.4000,1,2,2,1,1,1,1,1,1,1
SF,IF2006,2020-01-03 09:33:21.400,4191.6000,14587,0,168540300.000,0,-,-,-,-,4191.2000,4190.6000,4190.0000,4189.8000,4189.6000,4192.8000,4193.0000,4193.2000,4193.8000,4194.8000,1,1,2,1,1,1,1,1,1,1
SF,IF2006,2020-01-03 09:33:21.900,4191.2000,14588,1,171055080.000,2,1,1,空开,S,4190.0000,4189.8000,4189.6000,4187.6000,4187.0000,4192.8000,4193.0000,4193.2000,4193.8000,4194.8000,2,1,1,3,1,1,1,1,1,1
SF,IF2006,2020-01-03 09:33:22.400,4191.2000,14588,0,171055080.000,0,-,-,-,-,4190.2000,4190.0000,4189.8000,4189.6000,4187.6000,4192.6000,4192.8000,4193.2000,4193.8000,4194.8000,3,2,1,1,3,1,1,1,1,1
SF,IF2006,2020-01-03 09:33:22.900,4191.2000,14588,0,171055080.000,0,-,-,-,-,4190.2000,4190.0000,4189.8000,4189.6000,4187.6000,4192.6000,4192.8000,4193.2000,4193.8000,4194.8000,3,2,1,1,3,1,1,1,1,1
SF,IF2006,2020-01-03 09:33:23.400,4191.2000,14588,0,171055080.000,0,-,-,-,-,4191.0000,4190.4000,4190.2000,4190.0000,4189.8000,4192.4000,4192.6000,4192.8000,4193.2000,4193.8000,2,2,2,2,1,2,1,1,1,1
SF,IF2006,2020-01-03 09:33:23.900,4191.2000,14588,0,171055080.000,0,-,-,-,-,4191.0000,4190.4000,4190.2000,4190.0000,4189.8000,4192.2000,4192.4000,4192.8000,4193.2000,4193.8000,2,2,2,2,1,1,2,1,1,1
SF,IF2006,2020-01-03 09:33:24.400,4191.2000,14588,0,171055080.000,0,-,-,-,-,4191.2000,4191.0000,4190.4000,4190.2000,4190.0000,4192.2000,4192.4000,4192.8000,4193.2000,4193.8000,1,2,2,2,2,1,2,1,1,1
SF,IF2006,2020-01-03 09:33:24.900,4191.2000,14588,0,171055080.000,0,-,-,-,-,4191.2000,4191.0000,4190.4000,4190.2000,4190.0000,4192.2000,4192.4000,4193.2000,4193.8000,4194.8000,1,2,1,2,2,1,2,1,1,1
SF,IF2006,2020-01-03 09:33:25.400,4191.2000,14588,0,171055080.000,0,-,-,-,-,4191.2000,4191.0000,4190.4000,4190.2000,4190.0000,4192.2000,4193.2000,4193.8000,4194.8000,4195.4000,2,2,1,2,2,1,1,1,1,1
SF,IF2006,2020-01-03 09:33:25.900,4191.2000,14588,0,171055080.000,0,-,-,-,-,4191.2000,4191.0000,4190.4000,4190.2000,4190.0000,4192.2000,4193.2000,4193.8000,4194.8000,4195.4000,2,2,1,2,2,1,1,1,1,1
SF,IF2006,2020-01-03 09:33:26.900,4191.2000,14588,0,171055080.000,0,-,-,-,-,4191.2000,4191.0000,4190.4000,4190.2000,4190.0000,4192.2000,4193.2000,4193.8000,4194.8000,4195.4000,2,2,1,2,2,1,1,1,1,1
SF,IF2006,2020-01-03 09:33:27.900,4192.2000,14588,0,172312740.000,1,0,1,多换,S,4191.2000,4191.0000,4190.4000,4190.2000,4190.0000,4193.2000,4193.8000,4194.8000,4195.4000,4195.6000,1,2,1,2,2,1,1,1,1,1
SF,IF2006,2020-01-03 09:33:28.400,4192.2000,14588,0,172312740.000,0,-,-,-,-,4191.4000,4191.2000,4191.0000,4190.4000,4190.2000,4193.0000,4193.2000,4193.8000,4194.8000,4195.4000,2,1,2,1,1,1,1,1,1,1
SF,IF2006,2020-01-03 09:33:29.400,4192.2000,14588,0,172312740.000,0,-,-,-,-,4191.4000,4191.2000,4191.0000,4190.4000,4190.2000,4193.0000,4193.2000,4193.8000,4194.8000,4195.4000,3,1,2,1,1,1,1,1,1,1
SF,IF2006,2020-01-03 09:33:29.900,4192.2000,14588,0,172312740.000,0,-,-,-,-,4191.4000,4191.2000,4191.0000,4190.4000,4190.2000,4193.2000,4193.8000,4194.8000,4195.4000,4195.6000,3,1,2,1,1,1,1,1,1,1
SF,IF2006,2020-01-03 09:33:30.900,4192.2000,14588,0,172312740.000,0,-,-,-,-,4191.4000,4191.2000,4191.0000,4190.4000,4190.2000,4193.2000,4193.8000,4194.8000,4195.4000,4195.6000,2,1,2,1,1,1,1,1,1,1
SF,IF2006,2020-01-03 09:33:31.400,4192.2000,14588,0,172312740.000,0,-,-,-,-,4191.6000,4191.4000,4191.2000,4191.0000,4190.4000,4193.2000,4193.8000,4194.8000,4195.4000,4195.6000,2,2,1,2,1,1,1,1,1,1
SF,IF2006,2020-01-03 09:33:31.900,4192.2000,14588,0,172312740.000,0,-,-,-,-,4191.8000,4191.6000,4191.4000,4191.2000,4191.0000,4193.2000,4193.8000,4194.8000,4195.4000,4195.6000,1,2,1,1,2,1,1,1,1,1
SF,IF2006,2020-01-03 09:33:32.400,4192.2000,14588,0,172312740.000,0,-,-,-,-,4191.8000,4191.6000,4191.4000,4191.2000,4191.0000,4193.2000,4193.8000,4194.8000,4195.4000,4195.6000,1,2,2,1,2,1,1,1,1,1
SF,IF2006,2020-01-03 09:33:33.400,4191.8000,14588,0,173570280.000,1,0,1,多换,S,4191.6000,4191.4000,4191.2000,4191.0000,4190.4000,4193.2000,4193.8000,4194.8000,4195.4000,4195.6000,2,2,1,2,1,1,1,1,1,1
SF,IF2006,2020-01-03 09:33:33.900,4191.8000,14588,0,173570280.000,0,-,-,-,-,4191.6000,4191.4000,4191.0000,4190.4000,4190.2000,4193.0000,4193.2000,4193.8000,4194.8000,4195.4000,1,2,2,1,1,2,1,1,1,1
SF,IF2006,2020-01-03 09:33:34.900,4191.8000,14588,0,173570280.000,0,-,-,-,-,4191.4000,4191.0000,4190.2000,4190.0000,4189.8000,4193.0000,4193.2000,4193.8000,4194.8000,4195.4000,1,2,1,2,1,2,1,1,1,1
SF,IF2006,2020-01-03 09:33:35.400,4192.8000,14588,0,174828120.000,1,0,1,多换,S,4191.4000,4191.0000,4190.2000,4190.0000,4189.8000,4193.0000,4193.2000,4193.8000,4194.8000,4195.4000,1,2,1,2,1,1,1,1,1,1
SF,IF2006,2020-01-03 09:33:35.900,4192.8000,14588,0,174828120.000,0,-,-,-,-,4192.0000,4191.6000,4191.4000,4191.0000,4190.2000,4193.0000,4193.2000,4193.8000,4194.8000,4195.4000,1,1,2,2,1,1,1,1,1,1
SF,IF2006,2020-01-03 09:33:36.400,4192.8000,14588,0,174828120.000,0,-,-,-,-,4192.4000,4192.0000,4191.6000,4191.4000,4191.0000,4193.0000,4193.2000,4193.8000,4194.8000,4195.4000,1,1,1,2,2,1,1,1,1,1
SF,IF2006,2020-01-03 09:33:37.400,4192.8000,14588,0,174828120.000,0,-,-,-,-,4192.4000,4192.0000,4191.6000,4191.4000,4191.0000,4193.0000,4193.2000,4193.8000,4194.8000,4195.4000,1,1,1,2,2,1,1,1,1,1
SF,IF2006,2020-01-03 09:33:37.900,4192.8000,14588,0,174828120.000,0,-,-,-,-,4192.4000,4192.0000,4191.4000,4191.0000,4190.2000,4193.0000,4193.2000,4193.8000,4194.8000,4195.4000,1,1,2,2,1,1,1,1,1,1
SF,IF2006,2020-01-03 09:33:38.900,4193.0000,14587,-1,176086020.000,1,0,1,双平,S,4192.4000,4192.0000,4191.4000,4191.0000,4190.2000,4193.2000,4193.8000,4194.8000,4195.4000,4195.6000,1,1,2,2,1,1,1,1,1,1
SF,IF2006,2020-01-03 09:33:39.400,4192.4000,14588,1,177343740.000,1,1,0,双开,S,4192.0000,4191.4000,4191.0000,4190.2000,4190.0000,4192.4000,4193.2000,4193.8000,4194.8000,4195.4000,1,2,2,1,1,1,1,1,1,1
SF,IF2006,2020-01-03 09:33:39.900,4192.4000,14588,0,178601460.000,1,0,1,多换,S,4192.2000,4192.0000,4191.4000,4191.0000,4190.2000,4193.2000,4193.8000,4194.8000,4195.4000,4195.6000,1,1,2,2,1,1,1,1,1,1
SF,IF2006,2020-01-03 09:33:41.400,4193.2000,14588,0,179859420.000,1,0,1,多换,S,4192.4000,4192.2000,4192.0000,4191.4000,4191.0000,4193.8000,4194.8000,4195.4000,4195.6000,4195.8000,1,1,1,2,2,1,1,1,1,1
SF,IF2006,2020-01-03 09:33:41.900,4193.2000,14588,0,179859420.000,0,-,-,-,-,4192.6000,4192.4000,4192.2000,4192.0000,4191.4000,4193.8000,4194.8000,4195.4000,4195.6000,4195.8000,1,1,1,1,2,1,1,1,1,1
SF,IF2006,2020-01-03 09:33:42.900,4193.2000,14588,0,179859420.000,0,-,-,-,-,4192.4000,4192.2000,4192.0000,4191.4000,4191.0000,4193.8000,4194.8000,4195.4000,4195.6000,4195.8000,1,1,1,2,2,1,1,1,1,1
SF,IF2006,2020-01-03 09:33:43.400,4193.2000,14588,0,179859420.000,0,-,-,-,-,4192.6000,4192.4000,4192.2000,4192.0000,4191.4000,4193.8000,4194.8000,4195.4000,4195.6000,4195.8000,2,1,1,1,2,1,1,1,1,1
SF,IF2006,2020-01-03 09:33:43.900,4193.2000,14588,0,179859420.000,0,-,-,-,-,4192.6000,4192.4000,4192.2000,4192.0000,4191.4000,4193.8000,4194.8000,4195.4000,4195.6000,4195.8000,2,1,1,1,2,1,1,1,1,1
SF,IF2006,2020-01-03 09:33:44.400,4193.2000,14588,0,179859420.000,0,-,-,-,-,4192.8000,4192.6000,4192.4000,4192.2000,4192.0000,4193.8000,4194.8000,4195.4000,4195.6000,4195.8000,1,1,3,1,1,1,1,1,1,1
SF,IF2006,2020-01-03 09:33:44.900,4193.2000,14588,0,179859420.000,0,-,-,-,-,4192.8000,4192.6000,4192.4000,4192.0000,4191.4000,4193.8000,4194.8000,4195.4000,4195.6000,4195.8000,2,1,3,1,2,1,1,1,1,1
SF,IF2006,2020-01-03 09:33:45.900,4193.2000,14588,0,179859420.000,0,-,-,-,-,4192.8000,4192.6000,4192.4000,4192.0000,4191.4000,4193.8000,4194.8000,4195.4000,4195.6000,4195.8000,1,1,3,1,2,1,1,1,1,1
SF,IF2006,2020-01-03 09:33:46.400,4193.2000,14588,0,179859420.000,0,-,-,-,-,4193.0000,4192.8000,4192.4000,4192.0000,4191.4000,4193.8000,4194.8000,4195.4000,4195.6000,4195.8000,2,1,3,1,2,1,1,1,1,1
SF,IF2006,2020-01-03 09:33:47.900,4193.2000,14588,0,179859420.000,0,-,-,-,-,4193.0000,4192.4000,4192.0000,4191.4000,4191.0000,4193.8000,4194.8000,4195.4000,4195.6000,4195.8000,2,2,1,2,2,1,1,1,1,1
SF,IF2006,2020-01-03 09:33:49.900,4193.8000,14588,0,181117560.000,1,0,1,多换,S,4193.0000,4192.4000,4192.0000,4191.4000,4191.0000,4194.8000,4195.4000,4195.6000,4195.8000,4196.6000,3,2,1,2,2,1,1,1,1,2
SF,IF2006,2020-01-03 09:33:50.400,4193.8000,14588,0,181117560.000,0,-,-,-,-,4193.2000,4193.0000,4192.4000,4192.0000,4191.4000,4194.6000,4194.8000,4195.4000,4195.6000,4195.8000,1,3,2,1,2,2,1,1,1,1
SF,IF2006,2020-01-03 09:33:51.400,4193.8000,14588,0,181117560.000,0,-,-,-,-,4193.2000,4193.0000,4192.4000,4192.0000,4191.4000,4194.6000,4194.8000,4195.4000,4195.6000,4195.8000,1,3,2,1,2,1,1,1,1,1
SF,IF2006,2020-01-03 09:33:51.900,4193.8000,14588,0,181117560.000,0,-,-,-,-,4193.4000,4193.2000,4193.0000,4192.4000,4192.0000,4194.6000,4194.8000,4195.4000,4195.6000,4195.8000,1,1,3,2,1,1,1,1,1,1
SF,IF2006,2020-01-03 09:33:52.900,4193.8000,14588,0,181117560.000,0,-,-,-,-,4193.6000,4193.4000,4193.2000,4193.0000,4192.4000,4194.6000,4194.8000,4195.4000,4195.6000,4195.8000,1,1,1,3,2,1,1,1,1,1
SF,IF2006,2020-01-03 09:33:53.400,4193.8000,14588,0,181117560.000,0,-,-,-,-,4193.6000,4193.0000,4192.4000,4192.0000,4191.4000,4194.6000,4194.8000,4195.4000,4195.6000,4195.8000,1,2,2,1,2,1,1,1,1,1
SF,IF2006,2020-01-03 09:33:54.400,4193.8000,14588,0,181117560.000,0,-,-,-,-,4193.0000,4192.4000,4192.0000,4191.4000,4191.0000,4194.6000,4194.8000,4195.4000,4195.6000,4195.8000,2,2,1,2,2,1,1,1,1,1
SF,IF2006,2020-01-03 09:33:54.900,4193.8000,14588,0,181117560.000,0,-,-,-,-,4193.0000,4192.4000,4192.0000,4191.4000,4191.0000,4194.4000,4194.8000,4195.4000,4195.6000,4195.8000,2,2,1,2,2,1,1,1,1,1
SF,IF2006,2020-01-03 09:33:55.400,4193.8000,14588,0,181117560.000,0,-,-,-,-,4193.2000,4193.0000,4192.4000,4192.0000,4191.4000,4194.4000,4194.8000,4195.4000,4195.6000,4195.8000,2,2,2,1,2,1,1,1,1,1
SF,IF2006,2020-01-03 09:33:55.900,4193.8000,14588,0,181117560.000,0,-,-,-,-,4193.4000,4193.2000,4193.0000,4192.4000,4192.0000,4194.4000,4194.8000,4195.4000,4195.6000,4195.8000,2,2,1,2,1,1,1,1,1,1
SF,IF2006,2020-01-03 09:33:56.400,4193.8000,14588,0,181117560.000,0,-,-,-,-,4193.4000,4193.2000,4193.0000,4192.4000,4192.0000,4194.4000,4195.4000,4195.6000,4195.8000,4196.6000,2,2,1,2,1,1,1,1,1,2
SF,IF2006,2020-01-03 09:33:58.400,4193.8000,14588,0,181117560.000,0,-,-,-,-,4193.4000,4193.2000,4193.0000,4192.4000,4192.0000,4194.4000,4195.4000,4195.6000,4195.8000,4196.6000,2,1,1,2,1,1,1,1,1,2
SF,IF2006,2020-01-03 09:33:58.900,4193.8000,14588,0,181117560.000,0,-,-,-,-,4193.4000,4193.2000,4193.0000,4192.4000,4192.0000,4194.4000,4195.4000,4195.6000,4195.8000,4196.6000,2,1,1,2,1,1,1,1,1,2
SF,IF2006,2020-01-03 09:33:59.400,4193.8000,14588,0,181117560.000,0,-,-,-,-,4193.6000,4193.4000,4193.2000,4193.0000,4192.4000,4194.4000,4195.4000,4195.6000,4195.8000,4196.6000,1,2,1,1,2,1,1,1,1,2
SF,IF2006,2020-01-03 09:33:59.900,4193.8000,14588,0,181117560.000,0,-,-,-,-,4193.6000,4193.4000,4193.0000,4192.4000,4192.0000,4195.4000,4195.6000,4195.8000,4196.6000,4198.8000,1,2,1,2,1,1,1,1,2,1
SF,IF2006,2020-01-03 09:34:00.400,4193.8000,14588,0,181117560.000,0,-,-,-,-,4193.8000,4193.6000,4193.4000,4193.0000,4192.4000,4195.2000,4195.4000,4195.6000,4195.8000,4196.6000,1,1,2,1,2,1,1,1,1,2
SF,IF2006,2020-01-03 09:34:00.900,4193.8000,14588,0,182375700.000,1,0,1,多换,S,4193.8000,4193.6000,4193.4000,4193.0000,4192.4000,4195.2000,4195.4000,4195.6000,4195.8000,4196.6000,1,1,2,1,2,1,1,1,1,2
SF,IF2006,2020-01-03 09:34:01.900,4195.2000,14588,0,183634260.000,1,0,1,多换,S,4193.6000,4193.4000,4193.0000,4192.4000,4192.0000,4195.4000,4195.6000,4195.8000,4196.6000,4198.8000,1,1,1,2,1,1,1,1,2,1
SF,IF2006,2020-01-03 09:34:02.400,4195.2000,14588,0,183634260.000,0,-,-,-,-,4193.8000,4193.6000,4193.0000,4192.4000,4192.0000,4195.2000,4195.4000,4195.6000,4195.8000,4196.6000,1,1,1,2,1,2,1,1,1,2
SF,IF2006,2020-01-03 09:34:02.900,4195.2000,14588,0,183634260.000,0,-,-,-,-,4193.0000,4192.4000,4192.0000,4191.4000,4191.0000,4193.8000,4195.2000,4195.4000,4195.6000,4195.8000,1,2,1,2,2,2,2,1,1,1
SF,IF2006,2020-01-03 09:34:03.400,4195.2000,14586,-2,188668500.000,4,1,3,多平,S,4193.2000,4193.0000,4192.4000,4192.0000,4191.4000,4195.4000,4195.6000,4195.8000,4196.6000,4198.8000,2,1,2,1,2,1,1,1,2,1
SF,IF2006,2020-01-03 09:34:03.900,4195.2000,14586,0,188668500.000,0,-,-,-,-,4193.2000,4193.0000,4192.4000,4192.0000,4191.4000,4195.2000,4195.4000,4195.6000,4195.8000,4196.6000,2,1,2,1,2,2,1,1,1,2
SF,IF2006,2020-01-03 09:34:04.400,4195.2000,14586,0,188668500.000,0,-,-,-,-,4193.2000,4193.0000,4192.4000,4192.0000,4191.4000,4195.0000,4195.2000,4195.4000,4195.6000,4195.8000,2,1,2,1,2,1,2,2,1,1
SF,IF2006,2020-01-03 09:34:04.900,4195.2000,14586,0,188668500.000,0,-,-,-,-,4193.2000,4193.0000,4192.4000,4192.0000,4191.4000,4194.8000,4195.0000,4195.2000,4195.4000,4195.6000,2,1,2,1,2,3,1,1,2,1
SF,IF2006,2020-01-03 09:34:05.400,4195.2000,14586,0,188668500.000,0,-,-,-,-,4193.2000,4193.0000,4192.4000,4192.0000,4191.4000,4194.8000,4195.0000,4195.2000,4195.4000,4195.6000,2,1,2,1,2,3,1,1,2,1
SF,IF2006,2020-01-03 09:34:08.900,4195.2000,14586,0,188668500.000,0,-,-,-,-,4193.2000,4193.0000,4192.4000,4192.0000,4191.4000,4194.6000,4194.8000,4195.0000,4195.2000,4195.4000,2,1,2,1,2,2,2,1,1,2
SF,IF2006,2020-01-03 09:34:09.400,4195.2000,14586,0,188668500.000,0,-,-,-,-,4193.4000,4193.2000,4193.0000,4192.4000,4192.0000,4194.6000,4194.8000,4195.0000,4195.4000,4195.6000,1,2,1,2,1,2,2,1,2,1
SF,IF2006,2020-01-03 09:34:09.900,4195.2000,14586,0,188668500.000,0,-,-,-,-,4193.6000,4193.4000,4193.2000,4193.0000,4192.4000,4194.6000,4195.0000,4195.4000,4195.6000,4195.8000,1,1,1,1,2,2,1,2,1,1
SF,IF2006,2020-01-03 09:34:10.400,4195.2000,14586,0,188668500.000,0,-,-,-,-,4193.6000,4193.4000,4193.0000,4192.4000,4192.0000,4194.6000,4195.0000,4195.4000,4195.6000,4195.8000,1,1,1,2,1,1,1,2,1,1
SF,IF2006,2020-01-03 09:34:10.900,4195.2000,14586,0,188668500.000,0,-,-,-,-,4193.6000,4193.4000,4193.0000,4192.4000,4192.0000,4195.4000,4195.6000,4195.8000,4196.6000,4198.8000,1,1,1,2,1,2,1,1,2,1
SF,IF2006,2020-01-03 09:34:11.400,4195.2000,14586,0,188668500.000,0,-,-,-,-,4193.6000,4193.0000,4192.4000,4192.0000,4191.4000,4195.2000,4195.4000,4195.6000,4195.8000,4196.6000,1,1,2,1,2,1,2,1,1,2
SF,IF2006,2020-01-03 09:34:11.900,4195.2000,14586,0,188668500.000,0,-,-,-,-,4193.6000,4193.0000,4192.4000,4192.0000,4191.4000,4195.0000,4195.2000,4195.4000,4195.6000,4196.6000,1,1,2,1,2,1,1,2,1,2
SF,IF2006,2020-01-03 09:34:12.400,4195.2000,14586,0,188668500.000,0,-,-,-,-,4193.8000,4193.6000,4193.0000,4192.4000,4192.0000,4195.0000,4195.4000,4196.6000,4198.8000,4199.4000,1,1,1,2,1,1,2,2,1,2
SF,IF2006,2020-01-03 09:34:12.900,4195.2000,14586,0,188668500.000,0,-,-,-,-,4194.0000,4193.8000,4193.0000,4192.4000,4192.0000,4195.0000,4195.4000,4196.6000,4198.8000,4199.4000,1,1,1,2,1,1,2,2,1,2
SF,IF2006,2020-01-03 09:34:13.400,4194.0000,14585,-1,189926700.000,1,0,1,双平,S,4193.8000,4193.0000,4192.4000,4192.0000,4191.4000,4195.0000,4195.4000,4196.6000,4198.8000,4199.4000,1,1,2,1,2,1,2,2,1,2
SF,IF2006,2020-01-03 09:34:13.900,4194.0000,14585,0,189926700.000,0,-,-,-,-,4194.0000,4193.8000,4193.0000,4192.4000,4192.0000,4195.0000,4195.4000,4196.6000,4198.8000,4199.4000,1,1,1,2,1,1,2,2,1,2
SF,IF2006,2020-01-03 09:34:14.400,4194.0000,14584,-1,191184900.000,1,0,1,双平,S,4193.0000,4192.4000,4192.0000,4191.4000,4191.0000,4195.0000,4195.4000,4196.6000,4198.8000,4199.4000,1,2,1,2,2,1,2,2,1,2
SF,IF2006,2020-01-03 09:34:14.900,4194.0000,14584,0,191184900.000,0,-,-,-,-,4193.2000,4193.0000,4192.4000,4192.0000,4191.4000,4193.8000,4194.8000,4195.4000,4196.6000,4198.8000,2,1,2,1,2,1,2,2,2,1
SF,IF2006,2020-01-03 09:34:15.400,4193.8000,14584,0,192443040.000,1,0,1,多换,S,4193.2000,4193.0000,4192.4000,4192.0000,4191.4000,4194.8000,4195.4000,4196.6000,4198.8000,4199.4000,2,1,2,1,2,2,2,2,1,2
SF,IF2006,2020-01-03 09:34:15.900,4193.8000,14584,0,192443040.000,0,-,-,-,-,4193.2000,4193.0000,4192.4000,4192.0000,4191.4000,4194.8000,4195.4000,4196.6000,4198.8000,4199.4000,1,1,2,1,2,2,2,2,1,2
SF,IF2006,2020-01-03 09:34:16.400,4193.8000,14584,0,192443040.000,0,-,-,-,-,4193.4000,4193.2000,4193.0000,4192.4000,4192.0000,4194.8000,4195.4000,4196.6000,4198.8000,4199.4000,2,1,1,2,1,1,2,2,1,2
SF,IF2006,2020-01-03 09:34:16.900,4193.8000,14584,0,192443040.000,0,-,-,-,-,4193.4000,4193.2000,4193.0000,4192.4000,4192.0000,4194.8000,4195.4000,4196.6000,4198.8000,4199.4000,2,1,1,2,1,1,2,2,1,2
SF,IF2006,2020-01-03 09:34:17.400,4193.8000,14584,0,192443040.000,0,-,-,-,-,4193.4000,4193.2000,4193.0000,4192.4000,4192.0000,4194.8000,4195.4000,4196.6000,4198.8000,4199.4000,1,1,1,2,1,1,2,2,1,2
SF,IF2006,2020-01-03 09:34:17.900,4193.8000,14584,0,192443040.000,0,-,-,-,-,4193.2000,4193.0000,4192.4000,4192.0000,4191.4000,4194.8000,4195.4000,4196.6000,4198.8000,4199.4000,1,1,2,1,2,1,2,2,1,2
SF,IF2006,2020-01-03 09:34:18.400,4193.8000,14584,0,192443040.000,0,-,-,-,-,4193.2000,4193.0000,4192.4000,4192.0000,4191.4000,4194.6000,4194.8000,4195.4000,4196.6000,4198.8000,1,1,2,1,2,1,1,2,2,1
SF,IF2006,2020-01-03 09:34:18.900,4193.8000,14584,0,192443040.000,0,-,-,-,-,4193.4000,4193.2000,4193.0000,4192.4000,4192.0000,4194.6000,4194.8000,4195.4000,4196.6000,4198.8000,1,1,1,2,1,1,1,2,2,1
SF,IF2006,2020-01-03 09:34:19.400,4193.8000,14584,0,192443040.000,0,-,-,-,-,4193.6000,4193.4000,4193.2000,4193.0000,4192.4000,4194.8000,4195.4000,4196.6000,4198.8000,4199.4000,1,1,1,1,2,1,2,2,1,2
SF,IF2006,2020-01-03 09:34:19.900,4193.8000,14584,0,192443040.000,0,-,-,-,-,4193.6000,4193.4000,4193.2000,4193.0000,4192.4000,4195.4000,4196.6000,4198.8000,4199.4000,4199.8000,1,1,1,1,2,2,2,1,2,1
SF,IF2006,2020-01-03 09:34:20.400,4193.8000,14584,0,192443040.000,0,-,-,-,-,4193.6000,4193.4000,4193.2000,4193.0000,4192.4000,4195.2000,4195.4000,4196.6000,4198.8000,4199.4000,1,3,1,1,2,2,2,2,1,2
SF,IF2006,2020-01-03 09:34:20.900,4193.8000,14584,0,192443040.000,0,-,-,-,-,4193.4000,4193.2000,4193.0000,4192.4000,4192.0000,4195.2000,4195.4000,4196.6000,4198.8000,4199.4000,3,1,1,2,1,2,1,2,1,2
SF,IF2006,2020-01-03 09:34:21.900,4193.8000,14584,0,192443040.000,0,-,-,-,-,4193.6000,4193.4000,4193.2000,4193.0000,4192.4000,4195.2000,4195.4000,4196.6000,4198.8000,4199.4000,1,3,1,1,2,2,2,2,1,2
SF,IF2006,2020-01-03 09:34:22.400,4193.8000,14584,0,193701180.000,1,0,1,多换,S,4193.6000,4193.4000,4193.0000,4192.4000,4192.0000,4195.2000,4195.4000,4196.6000,4198.8000,4199.4000,1,2,1,2,1,1,2,2,1,2
SF,IF2006,2020-01-03 09:34:22.900,4193.8000,14584,0,193701180.000,0,-,-,-,-,4193.6000,4193.4000,4193.0000,4192.4000,4192.0000,4195.2000,4195.4000,4196.6000,4198.8000,4199.4000,1,2,1,2,1,1,1,2,1,2
SF,IF2006,2020-01-03 09:34:23.400,4193.8000,14584,0,193701180.000,0,-,-,-,-,4193.6000,4193.4000,4193.0000,4192.4000,4192.0000,4195.2000,4195.4000,4196.6000,4198.8000,4199.4000,1,2,1,2,1,1,1,2,1,2
SF,IF2006,2020-01-03 09:34:23.900,4195.0000,14584,0,194959680.000,1,0,1,多换,S,4193.4000,4193.0000,4192.4000,4192.0000,4191.4000,4195.2000,4195.4000,4196.6000,4198.8000,4199.4000,2,1,2,1,2,1,1,2,1,2
SF,IF2006,2020-01-03 09:34:24.900,4195.0000,14584,0,194959680.000,0,-,-,-,-,4193.4000,4193.0000,4192.4000,4192.0000,4191.4000,4194.0000,4195.2000,4195.4000,4196.6000,4198.8000,2,1,2,1,2,2,1,1,2,1
SF,IF2006,2020-01-03 09:34:25.400,4194.0000,14584,0,197476080.000,2,1,1,多换,S,4193.4000,4193.0000,4192.4000,4192.0000,4191.4000,4195.2000,4195.4000,4196.6000,4198.8000,4199.4000,2,1,2,1,2,1,1,2,1,2
SF,IF2006,2020-01-03 09:34:25.900,4194.0000,14584,0,197476080.000,0,-,-,-,-,4193.6000,4193.4000,4193.0000,4192.4000,4192.0000,4195.2000,4195.4000,4196.6000,4198.8000,4199.4000,1,2,1,2,1,1,1,2,1,2
SF,IF2006,2020-01-03 09:34:26.400,4194.0000,14584,0,197476080.000,0,-,-,-,-,4193.6000,4193.4000,4193.0000,4192.4000,4192.0000,4195.0000,4195.2000,4195.4000,4196.6000,4198.8000,1,2,1,2,1,1,1,1,2,1
SF,IF2006,2020-01-03 09:34:26.900,4194.0000,14584,0,197476080.000,0,-,-,-,-,4193.4000,4193.0000,4192.4000,4192.0000,4191.4000,4194.8000,4195.0000,4195.4000,4196.6000,4198.8000,2,1,2,1,2,1,1,1,2,1
SF,IF2006,2020-01-03 09:34:27.400,4194.0000,14584,0,197476080.000,0,-,-,-,-,4193.6000,4193.4000,4193.0000,4192.4000,4192.0000,4194.8000,4195.0000,4195.4000,4196.6000,4198.8000,1,2,1,2,1,1,1,1,2,1
SF,IF2006,2020-01-03 09:34:28.900,4194.0000,14584,0,197476080.000,0,-,-,-,-,4193.4000,4193.0000,4192.4000,4192.0000,4191.4000,4194.8000,4195.0000,4195.4000,4196.6000,4198.8000,2,1,2,1,2,1,1,1,2,1
SF,IF2006,2020-01-03 09:34:29.400,4194.0000,14584,0,197476080.000,0,-,-,-,-,4193.8000,4193.6000,4193.4000,4193.0000,4192.4000,4194.8000,4195.0000,4195.4000,4196.6000,4198.8000,1,1,2,1,2,1,1,1,2,3
SF,IF2006,2020-01-03 09:34:30.400,4194.0000,14584,0,197476080.000,0,-,-,-,-,4193.8000,4193.4000,4193.0000,4192.4000,4192.0000,4194.8000,4195.0000,4195.4000,4196.6000,4198.8000,1,2,1,2,1,1,1,1,2,3
SF,IF2006,2020-01-03 09:34:30.900,4193.8000,14585,1,198734220.000,1,1,0,双开,S,4193.8000,4193.4000,4193.0000,4192.4000,4192.0000,4194.8000,4195.0000,4195.4000,4196.6000,4198.8000,2,2,1,2,1,1,1,1,2,3
SF,IF2006,2020-01-03 09:34:31.400,4193.8000,14585,0,198734220.000,0,-,-,-,-,4193.8000,4193.4000,4193.0000,4192.4000,4192.0000,4194.8000,4195.0000,4195.4000,4196.6000,4198.8000,2,2,1,2,1,1,1,1,2,3
SF,IF2006,2020-01-03 09:34:32.400,4193.8000,14585,0,198734220.000,0,-,-,-,-,4193.8000,4193.4000,4193.0000,4192.4000,4192.0000,4194.8000,4195.0000,4195.2000,4195.4000,4196.6000,2,2,1,2,1,1,1,2,1,2
SF,IF2006,2020-01-03 09:34:32.900,4193.8000,14585,0,198734220.000,0,-,-,-,-,4193.8000,4193.4000,4193.0000,4192.4000,4192.0000,4194.8000,4195.0000,4195.2000,4195.4000,4196.6000,2,2,1,2,1,1,1,2,1,2
SF,IF2006,2020-01-03 09:34:33.400,4193.8000,14585,0,198734220.000,0,-,-,-,-,4193.8000,4193.4000,4193.0000,4192.4000,4192.0000,4194.8000,4195.0000,4195.2000,4195.4000,4196.6000,2,2,1,2,1,1,1,2,1,2
SF,IF2006,2020-01-03 09:34:34.900,4193.8000,14585,0,198734220.000,0,-,-,-,-,4193.8000,4193.4000,4193.0000,4192.4000,4192.0000,4194.8000,4195.0000,4195.2000,4195.4000,4196.6000,2,2,1,2,1,1,1,2,1,2
SF,IF2006,2020-01-03 09:34:35.400,4193.8000,14585,0,198734220.000,0,-,-,-,-,4193.8000,4193.4000,4193.0000,4192.4000,4192.0000,4194.6000,4194.8000,4195.0000,4195.2000,4195.4000,2,2,1,2,1,1,1,1,2,1
SF,IF2006,2020-01-03 09:34:35.900,4193.8000,14585,0,198734220.000,0,-,-,-,-,4193.8000,4193.4000,4193.0000,4192.4000,4192.0000,4194.6000,4194.8000,4195.0000,4195.2000,4195.4000,2,2,1,2,1,1,1,1,2,1
SF,IF2006,2020-01-03 09:34:36.400,4193.8000,14585,0,198734220.000,0,-,-,-,-,4193.8000,4193.4000,4193.0000,4192.4000,4192.0000,4194.6000,4194.8000,4195.0000,4195.2000,4195.4000,2,2,1,2,1,1,1,1,2,1
SF,IF2006,2020-01-03 09:34:36.900,4193.8000,14585,0,198734220.000,0,-,-,-,-,4193.8000,4193.4000,4193.0000,4192.4000,4192.0000,4194.6000,4194.8000,4195.0000,4195.2000,4195.4000,2,2,1,2,1,1,1,1,3,1
SF,IF2006,2020-01-03 09:34:37.400,4193.8000,14585,0,198734220.000,0,-,-,-,-,4194.0000,4193.8000,4193.4000,4193.0000,4192.4000,4194.6000,4194.8000,4195.0000,4195.2000,4195.4000,2,2,2,1,2,1,1,1,3,1
SF,IF2006,2020-01-03 09:34:37.900,4194.0000,14586,1,199992420.000,1,1,0,双开,S,4194.0000,4193.8000,4193.4000,4193.0000,4192.4000,4194.6000,4194.8000,4195.0000,4195.2000,4195.4000,1,2,2,1,2,1,1,1,3,1
SF,IF2006,2020-01-03 09:34:38.900,4194.0000,14586,0,199992420.000,0,-,-,-,-,4194.0000,4193.8000,4193.4000,4193.0000,4192.4000,4194.6000,4194.8000,4195.0000,4195.2000,4195.4000,1,2,2,1,2,1,1,1,3,1
SF,IF2006,2020-01-03 09:34:40.900,4194.0000,14587,1,201250620.000,1,1,0,双开,S,4193.8000,4193.4000,4193.0000,4192.4000,4192.0000,4194.0000,4194.6000,4194.8000,4195.0000,4195.2000,2,2,1,2,1,1,1,1,1,3
SF,IF2006,2020-01-03 09:34:41.400,4194.0000,14587,0,202508820.000,1,0,1,多换,S,4194.2000,4193.8000,4193.4000,4193.0000,4192.4000,4194.6000,4194.8000,4195.0000,4195.2000,4195.4000,1,2,2,1,2,1,1,1,3,1
SF,IF2006,2020-01-03 09:34:41.900,4194.0000,14587,0,203767020.000,1,0,1,多换,S,4193.8000,4193.4000,4193.0000,4192.4000,4192.0000,4194.0000,4194.6000,4194.8000,4195.0000,4195.2000,2,2,1,2,1,2,1,1,1,3
SF,IF2006,2020-01-03 09:34:42.400,4194.0000,14587,0,206283420.000,2,1,1,多换,S,4194.2000,4193.8000,4193.4000,4193.0000,4192.4000,4194.6000,4194.8000,4195.0000,4195.2000,4195.4000,1,2,2,1,2,1,1,1,3,1
SF,IF2006,2020-01-03 09:34:43.400,4194.0000,14587,0,206283420.000,0,-,-,-,-,4193.8000,4193.4000,4193.0000,4192.4000,4192.0000,4194.6000,4194.8000,4195.0000,4195.2000,4195.4000,2,2,1,2,1,1,1,1,3,1
SF,IF2006,2020-01-03 09:34:43.900,4194.0000,14587,0,206283420.000,0,-,-,-,-,4193.8000,4193.4000,4193.0000,4192.4000,4192.0000,4194.6000,4194.8000,4195.0000,4195.2000,4195.4000,2,2,1,2,1,1,1,1,3,1
SF,IF2006,2020-01-03 09:34:44.900,4193.8000,14587,0,207541560.000,1,0,1,多换,S,4193.8000,4193.4000,4193.0000,4192.4000,4192.0000,4194.6000,4194.8000,4195.0000,4195.2000,4195.4000,1,2,1,2,1,1,1,1,3,1
SF,IF2006,2020-01-03 09:34:47.400,4193.8000,14587,0,207541560.000,0,-,-,-,-,4193.8000,4193.4000,4193.0000,4192.4000,4192.0000,4194.6000,4194.8000,4195.0000,4195.2000,4195.4000,1,2,1,2,1,1,2,1,3,1
SF,IF2006,2020-01-03 09:34:48.400,4193.8000,14587,0,207541560.000,0,-,-,-,-,4193.8000,4193.4000,4193.0000,4192.4000,4192.0000,4194.2000,4194.6000,4194.8000,4195.0000,4195.2000,1,2,1,2,1,1,1,2,1,3
SF,IF2006,2020-01-03 09:34:48.900,4193.8000,14587,0,210057960.000,2,1,1,多换,S,4193.4000,4193.0000,4192.4000,4192.0000,4191.4000,4194.6000,4194.8000,4195.0000,4195.2000,4195.4000,2,1,2,1,2,1,2,1,3,1
SF,IF2006,2020-01-03 09:34:49.400,4193.8000,14587,0,210057960.000,0,-,-,-,-,4193.4000,4193.0000,4192.4000,4192.0000,4191.4000,4194.4000,4194.6000,4194.8000,4195.0000,4195.2000,2,1,2,1,2,1,1,1,1,3
SF,IF2006,2020-01-03 09:34:50.900,4193.8000,14587,0,210057960.000,0,-,-,-,-,4194.0000,4193.4000,4193.0000,4192.4000,4192.0000,4194.4000,4194.6000,4194.8000,4195.0000,4195.2000,2,2,1,2,1,1,1,1,1,3
SF,IF2006,2020-01-03 09:34:51.900,4194.4000,14586,-1,211316280.000,1,0,1,双平,S,4194.0000,4193.4000,4193.0000,4192.4000,4192.0000,4194.6000,4194.8000,4195.0000,4195.2000,4195.4000,2,2,1,2,1,1,1,1,3,1
SF,IF2006,2020-01-03 09:34:54.400,4194.0000,14587,1,212574480.000,1,1,0,双开,S,4194.0000,4193.4000,4193.0000,4192.4000,4192.0000,4194.6000,4194.8000,4195.0000,4195.2000,4195.4000,1,2,1,2,1,1,1,1,3,1
SF,IF2006,2020-01-03 09:34:54.900,4194.0000,14587,0,212574480.000,0,-,-,-,-,4194.0000,4193.8000,4193.4000,4193.0000,4192.4000,4194.6000,4194.8000,4195.0000,4195.2000,4195.4000,1,1,2,1,2,1,1,1,3,1
SF,IF2006,2020-01-03 09:34:55.400,4194.0000,14587,0,213832680.000,1,0,1,多换,S,4193.8000,4193.4000,4193.0000,4192.4000,4192.0000,4194.6000,4194.8000,4195.0000,4195.2000,4195.4000,1,2,1,2,1,1,1,1,3,1
SF,IF2006,2020-01-03 09:34:55.900,4193.8000,14586,-1,216348960.000,2,0,2,多平,S,4193.4000,4193.0000,4192.4000,4192.0000,4191.4000,4194.6000,4194.8000,4195.0000,4195.2000,4195.4000,2,1,2,1,2,1,1,1,3,1
SF,IF2006,2020-01-03 09:34:56.400,4193.8000,14586,0,216348960.000,0,-,-,-,-,4193.4000,4193.0000,4192.4000,4192.0000,4191.4000,4194.4000,4194.6000,4194.8000,4195.0000,4195.2000,2,1,2,1,2,1,1,1,1,3
SF,IF2006,2020-01-03 09:34:57.400,4193.8000,14586,0,216348960.000,0,-,-,-,-,4193.4000,4193.0000,4192.4000,4192.0000,4191.4000,4193.8000,4194.4000,4194.6000,4194.8000,4195.0000,2,1,2,1,2,1,1,1,1,1
SF,IF2006,2020-01-03 09:34:58.900,4193.4000,14586,0,218865000.000,2,1,1,多换,S,4193.0000,4192.4000,4192.0000,4191.4000,4191.0000,4193.8000,4194.4000,4194.6000,4194.8000,4195.0000,1,2,1,2,2,1,1,1,1,1
SF,IF2006,2020-01-03 09:34:59.400,4193.0000,14586,0,220122900.000,1,0,1,多换,S,4192.4000,4192.0000,4191.4000,4191.0000,4190.2000,4193.4000,4193.8000,4194.4000,4194.6000,4194.8000,2,1,2,2,1,1,1,1,1,1
SF,IF2006,2020-01-03 09:34:59.900,4193.0000,14586,0,220122900.000,0,-,-,-,-,4192.4000,4192.2000,4192.0000,4191.4000,4191.0000,4193.4000,4193.8000,4194.4000,4194.6000,4194.8000,2,1,1,2,2,1,1,1,1,1
SF,IF2006,2020-01-03 09:35:00.900,4193.0000,14586,0,220122900.000,0,-,-,-,-,4192.4000,4192.2000,4192.0000,4191.4000,4191.0000,4193.4000,4193.8000,4194.4000,4194.6000,4194.8000,2,1,1,2,2,1,1,1,1,1
SF,IF2006,2020-01-03 09:35:01.900,4192.4000,14586,0,222638340.000,2,1,1,多换,S,4192.0000,4191.4000,4191.0000,4190.2000,4190.0000,4193.4000,4193.8000,4194.4000,4194.6000,4194.8000,1,2,2,1,6,1,1,1,1,1
SF,IF2006,2020-01-03 09:35:02.400,4192.4000,14586,0,222638340.000,0,-,-,-,-,4192.0000,4191.4000,4191.0000,4190.2000,4190.0000,4193.2000,4193.4000,4193.8000,4194.6000,4194.8000,1,2,2,1,6,1,1,1,1,1
SF,IF2006,2020-01-03 09:35:02.900,4192.4000,14586,0,222638340.000,0,-,-,-,-,4192.0000,4191.4000,4191.0000,4190.2000,4190.0000,4193.2000,4193.4000,4193.8000,4194.6000,4194.8000,1,2,2,1,6,1,1,1,1,1
SF,IF2006,2020-01-03 09:35:03.400,4192.0000,14586,0,223895940.000,1,0,1,多换,S,4191.4000,4191.0000,4190.2000,4190.0000,4189.8000,4193.2000,4193.4000,4193.8000,4194.6000,4194.8000,1,2,1,6,1,1,1,1,1,1
SF,IF2006,2020-01-03 09:35:03.900,4192.0000,14586,0,223895940.000,0,-,-,-,-,4191.4000,4191.0000,4190.2000,4190.0000,4189.8000,4193.0000,4193.2000,4193.4000,4193.8000,4194.6000,1,2,1,6,1,1,1,1,1,1
SF,IF2006,2020-01-03 09:35:04.400,4192.0000,14586,0,223895940.000,0,-,-,-,-,4191.6000,4191.4000,4191.0000,4190.2000,4190.0000,4193.0000,4193.2000,4193.4000,4193.8000,4194.6000,1,1,2,1,6,1,1,1,1,1
SF,IF2006,2020-01-03 09:35:04.900,4192.0000,14586,0,223895940.000,0,-,-,-,-,4191.8000,4191.6000,4191.4000,4191.0000,4190.2000,4193.2000,4193.4000,4193.8000,4194.6000,4194.8000,1,1,1,2,1,1,1,1,1,1
SF,IF2006,2020-01-03 09:35:05.400,4192.0000,14586,0,223895940.000,0,-,-,-,-,4192.0000,4191.8000,4191.6000,4191.4000,4191.0000,4193.2000,4193.4000,4193.8000,4194.6000,4194.8000,1,1,1,1,2,1,1,1,1,1
SF,IF2006,2020-01-03 09:35:05.900,4192.0000,14586,0,223895940.000,0,-,-,-,-,4192.2000,4192.0000,4191.8000,4191.6000,4191.4000,4193.4000,4193.8000,4194.6000,4194.8000,4195.0000,1,1,1,1,1,1,1,1,1,1
SF,IF2006,2020-01-03 09:35:06.400,4192.0000,14586,0,223895940.000,0,-,-,-,-,4192.4000,4192.2000,4191.4000,4191.0000,4190.2000,4193.4000,4193.8000,4194.6000,4194.8000,4195.0000,1,1,1,2,1,1,1,1,1,1
SF,IF2006,2020-01-03 09:35:07.400,4192.0000,14586,0,223895940.000,0,-,-,-,-,4192.4000,4191.4000,4191.0000,4190.2000,4190.0000,4193.4000,4193.8000,4194.6000,4194.8000,4195.0000,1,1,2,1,6,1,1,1,1,1
SF,IF2006,2020-01-03 09:35:07.900,4192.0000,14586,0,223895940.000,0,-,-,-,-,4191.4000,4191.0000,4190.2000,4190.0000,4189.8000,4193.4000,4193.8000,4194.6000,4194.8000,4195.0000,1,2,1,7,1,1,1,1,1,1
SF,IF2006,2020-01-03 09:35:08.400,4192.0000,14586,0,223895940.000,0,-,-,-,-,4191.6000,4191.4000,4191.0000,4190.2000,4190.0000,4193.2000,4193.4000,4193.8000,4194.6000,4194.8000,2,2,2,1,7,1,1,1,1,1
SF,IF2006,2020-01-03 09:35:09.400,4192.0000,14586,0,223895940.000,0,-,-,-,-,4191.8000,4191.6000,4191.4000,4191.0000,4190.2000,4193.0000,4193.2000,4193.4000,4193.8000,4194.6000,1,1,2,2,1,1,1,1,1,1
SF,IF2006,2020-01-03 09:35:09.900,4192.0000,14586,0,223895940.000,0,-,-,-,-,4192.0000,4191.8000,4191.4000,4191.0000,4190.2000,4193.0000,4193.4000,4193.8000,4194.8000,4195.0000,1,1,2,2,1,1,1,1,1,1
SF,IF2006,2020-01-03 09:35:10.400,4192.0000,14586,0,223895940.000,0,-,-,-,-,4192.0000,4191.8000,4191.4000,4191.0000,4190.2000,4193.4000,4193.8000,4194.8000,4195.0000,4195.2000,1,1,2,2,1,1,1,1,1,3
SF,IF2006,2020-01-03 09:35:10.900,4193.4000,14586,0,225153960.000,1,0,1,多换,S,4192.2000,4192.0000,4191.8000,4191.4000,4191.0000,4193.8000,4194.8000,4195.0000,4195.2000,4195.4000,1,1,1,2,2,1,1,1,3,1
SF,IF2006,2020-01-03 09:35:11.400,4193.4000,14586,0,225153960.000,0,-,-,-,-,4192.4000,4192.2000,4191.8000,4191.4000,4191.0000,4193.8000,4194.8000,4195.0000,4195.2000,4195.4000,1,1,1,2,2,1,1,1,3,1
SF,IF2006,2020-01-03 09:35:11.900,4193.8000,14586,0,226412100.000,1,0,1,多换,S,4192.6000,4192.4000,4192.2000,4191.8000,4191.4000,4194.8000,4195.0000,4195.2000,4195.4000,4196.6000,1,1,2,1,2,1,1,3,1,2
SF,IF2006,2020-01-03 09:35:12.400,4193.8000,14586,0,226412100.000,0,-,-,-,-,4192.8000,4192.6000,4192.2000,4191.8000,4191.4000,4194.8000,4195.0000,4195.2000,4195.4000,4196.6000,1,1,2,1,2,1,1,3,1,2
SF,IF2006,2020-01-03 09:35:12.900,4193.0000,14586,0,227670000.000,1,0,1,多换,S,4192.8000,4192.6000,4192.2000,4191.8000,4191.4000,4194.6000,4194.8000,4195.0000,4195.2000,4195.4000,1,1,2,1,2,1,1,1,3,1
SF,IF2006,2020-01-03 09:35:13.400,4193.0000,14586,0,227670000.000,0,-,-,-,-,4193.4000,4193.0000,4192.8000,4192.6000,4192.2000,4194.6000,4194.8000,4195.0000,4195.2000,4195.4000,1,1,1,1,1,1,1,1,3,1
SF,IF2006,2020-01-03 09:35:13.900,4194.6000,14586,0,228928380.000,1,0,1,多换,S,4193.4000,4192.2000,4191.4000,4191.0000,4190.2000,4194.8000,4195.0000,4195.2000,4195.4000,4196.6000,1,1,2,2,1,1,1,3,1,2
SF,IF2006,2020-01-03 09:35:14.400,4194.6000,14586,0,228928380.000,0,-,-,-,-,4192.2000,4191.4000,4191.0000,4190.2000,4190.0000,4194.8000,4195.0000,4195.2000,4195.4000,4196.6000,1,2,2,1,7,1,1,3,1,2
SF,IF2006,2020-01-03 09:35:14.900,4194.6000,14586,0,228928380.000,0,-,-,-,-,4192.4000,4192.2000,4191.4000,4191.0000,4190.2000,4194.8000,4195.0000,4195.2000,4195.4000,4196.6000,2,1,2,2,1,1,1,3,1,2
SF,IF2006,2020-01-03 09:35:15.400,4194.6000,14586,0,228928380.000,0,-,-,-,-,4192.6000,4192.4000,4192.2000,4191.4000,4191.0000,4194.6000,4194.8000,4195.0000,4195.2000,4195.4000,1,2,1,2,2,1,1,1,3,1
SF,IF2006,2020-01-03 09:35:15.900,4194.6000,14586,0,228928380.000,0,-,-,-,-,4192.8000,4192.6000,4192.2000,4191.4000,4191.0000,4194.4000,4194.8000,4195.0000,4195.2000,4195.4000,1,1,1,2,2,1,1,1,3,1
SF,IF2006,2020-01-03 09:35:17.400,4193.0000,14586,0,230186280.000,1,0,1,多换,S,4192.8000,4192.2000,4191.4000,4191.0000,4190.2000,4193.4000,4194.4000,4194.8000,4195.0000,4195.2000,1,1,2,2,1,2,1,1,1,3
SF,IF2006,2020-01-03 09:35:17.900,4193.0000,14586,0,230186280.000,0,-,-,-,-,4192.8000,4192.2000,4191.4000,4191.0000,4190.2000,4193.4000,4194.4000,4194.8000,4195.0000,4195.2000,1,1,2,2,1,2,1,1,1,3
SF,IF2006,2020-01-03 09:35:18.400,4193.0000,14586,0,230186280.000,0,-,-,-,-,4192.8000,4191.4000,4191.0000,4190.2000,4190.0000,4193.4000,4194.8000,4195.0000,4195.2000,4195.4000,1,2,2,1,7,2,1,1,3,1
SF,IF2006,2020-01-03 09:35:19.400,4192.8000,14585,-1,231444120.000,1,0,1,双平,S,4191.4000,4191.0000,4190.2000,4190.0000,4189.6000,4193.4000,4194.8000,4195.0000,4195.2000,4195.4000,2,2,1,7,1,2,1,1,3,1
SF,IF2006,2020-01-03 09:35:19.900,4192.8000,14585,0,231444120.000,0,-,-,-,-,4191.6000,4191.4000,4191.0000,4190.2000,4190.0000,4193.2000,4193.4000,4194.8000,4195.0000,4195.2000,2,2,2,1,7,1,2,1,1,3
SF,IF2006,2020-01-03 09:35:20.400,4192.8000,14585,0,231444120.000,0,-,-,-,-,4192.2000,4191.6000,4191.4000,4191.0000,4190.2000,4193.4000,4194.8000,4195.0000,4195.2000,4195.4000,1,2,2,2,1,2,1,1,3,1
