市场代码,合约代码,时间,最新,持仓,增仓,成交额,成交量,开仓,平仓,成交类型,方向,买一价,买二价,买三价,买四价,买五价,卖一价,卖二价,卖三价,卖四价,卖五价,买一量,买二量,买三量,买四量,买五量,卖一量,卖二量,卖三量,卖四量,卖五量
SF,IF2103,2020-09-07 09:29:00.400,4621.4000,8072,0,1386420.000,1.000,-,-,-,-,4620.8000,4620.2000,4620.0000,4614.8000,4610.6000,4625.0000,4628.2000,4638.4000,4640.2000,4645.6000,4,1,3,1,1,2,1,1,1,1
SF,IF2103,2020-09-07 09:30:00.400,4625.0000,8072,0,4161420.000,2,1,1,多换,S,4621.4000,4620.2000,4620.0000,4614.8000,4610.6000,4628.2000,4638.4000,4640.2000,4642.6000,4645.6000,1,1,3,1,1,1,1,1,1,1
SF,IF2103,2020-09-07 09:30:00.900,4625.0000,8072,0,4161420.000,0,-,-,-,-,4625.6000,4624.4000,4621.6000,4621.4000,4620.2000,4628.2000,4637.6000,4642.6000,4645.8000,4648.0000,1,1,1,1,1,1,3,1,1,1
SF,IF2103,2020-09-07 09:30:01.400,4628.0000,8071,-1,5549820.000,1,0,1,双平,S,4625.6000,4624.4000,4622.8000,4620.2000,4620.0000,4628.2000,4637.6000,4642.6000,4645.8000,4648.0000,2,1,1,1,2,1,3,1,1,1
SF,IF2103,2020-09-07 09:30:01.900,4628.0000,8070,-1,6938220.000,1,0,1,双平,S,4627.2000,4625.6000,4624.4000,4622.8000,4621.0000,4628.0000,4628.2000,4633.0000,4642.6000,4645.8000,1,2,1,1,1,1,1,3,1,1
SF,IF2103,2020-09-07 09:30:02.400,4628.0000,8070,0,6938220.000,0,-,-,-,-,4625.6000,4624.4000,4622.8000,4621.0000,4620.0000,4628.2000,4633.0000,4642.6000,4645.8000,4650.0000,1,1,1,1,2,1,3,1,1,1
SF,IF2103,2020-09-07 09:30:02.900,4628.0000,8070,0,6938220.000,0,-,-,-,-,4625.6000,4624.4000,4622.8000,4621.0000,4620.0000,4628.0000,4628.2000,4633.0000,4642.6000,4645.8000,1,1,1,1,2,1,2,3,1,1
SF,IF2103,2020-09-07 09:30:03.400,4628.0000,8070,0,6938220.000,0,-,-,-,-,4625.6000,4624.4000,4622.8000,4621.0000,4620.0000,4628.0000,4628.2000,4633.0000,4642.6000,4645.8000,1,1,1,1,2,1,1,3,1,1
SF,IF2103,2020-09-07 09:30:03.900,4628.0000,8070,0,6938220.000,0,-,-,-,-,4625.6000,4624.4000,4622.8000,4621.0000,4620.0000,4628.0000,4628.2000,4633.0000,4642.6000,4645.8000,2,1,1,1,2,1,1,3,1,1
SF,IF2103,2020-09-07 09:30:04.400,4628.0000,8070,0,6938220.000,0,-,-,-,-,4627.2000,4625.6000,4624.4000,4622.8000,4621.0000,4628.0000,4628.2000,4633.0000,4642.6000,4645.8000,1,1,1,1,1,1,1,3,1,1
SF,IF2103,2020-09-07 09:30:04.900,4628.0000,8070,0,6938220.000,0,-,-,-,-,4627.2000,4625.6000,4624.4000,4622.8000,4621.0000,4628.2000,4633.0000,4642.6000,4645.8000,4650.0000,1,1,1,1,1,1,3,1,1,1
SF,IF2103,2020-09-07 09:30:05.400,4628.2000,8069,-1,8326680.000,1,0,1,双平,S,4627.2000,4625.6000,4624.4000,4622.8000,4621.0000,4633.0000,4642.6000,4645.8000,4650.0000,4659.4000,1,1,1,1,1,3,1,1,1,1
SF,IF2103,2020-09-07 09:30:05.900,4628.2000,8069,0,8326680.000,0,-,-,-,-,4627.4000,4627.2000,4625.6000,4624.4000,4622.8000,4633.0000,4642.6000,4650.0000,4659.4000,4680.0000,1,1,1,1,1,3,1,1,1,1
SF,IF2103,2020-09-07 09:30:06.400,4628.2000,8069,0,8326680.000,0,-,-,-,-,4627.4000,4625.6000,4624.4000,4622.8000,4621.0000,4633.0000,4642.6000,4650.0000,4659.4000,4680.0000,2,1,1,1,1,3,1,1,1,1
SF,IF2103,2020-09-07 09:30:06.900,4628.2000,8069,0,8326680.000,0,-,-,-,-,4627.4000,4625.6000,4624.4000,4622.8000,4621.0000,4637.6000,4642.6000,4650.0000,4659.4000,4680.0000,1,1,1,1,1,3,1,1,1,1
SF,IF2103,2020-09-07 09:30:07.400,4628.2000,8069,0,8326680.000,0,-,-,-,-,4627.4000,4625.6000,4624.4000,4622.8000,4621.0000,4634.0000,4637.4000,4637.6000,4642.6000,4650.0000,1,1,1,1,1,1,2,4,1,1
SF,IF2103,2020-09-07 09:30:07.900,4628.2000,8069,0,8326680.000,0,-,-,-,-,4627.4000,4625.6000,4624.4000,4622.8000,4621.0000,4633.2000,4634.0000,4637.6000,4642.6000,4650.0000,1,1,1,1,1,1,1,3,1,1
SF,IF2103,2020-09-07 09:30:08.400,4628.2000,8069,0,8326680.000,0,-,-,-,-,4633.0000,4628.8000,4628.4000,4627.4000,4622.8000,4634.0000,4637.6000,4642.6000,4650.0000,4659.4000,1,1,1,1,1,1,3,1,1,1
SF,IF2103,2020-09-07 09:30:08.900,4633.0000,8068,-1,9716580.000,1,0,1,双平,S,4628.8000,4628.4000,4627.4000,4622.8000,4621.0000,4637.6000,4642.6000,4650.0000,4659.4000,4680.0000,1,1,1,1,1,3,1,1,1,1
SF,IF2103,2020-09-07 09:30:09.400,4633.0000,8068,0,9716580.000,0,-,-,-,-,4629.0000,4628.8000,4628.6000,4628.4000,4622.8000,4634.0000,4635.4000,4637.4000,4637.6000,4642.6000,1,1,1,1,1,1,3,4,4,1
SF,IF2103,2020-09-07 09:30:09.900,4633.0000,8068,0,9716580.000,0,-,-,-,-,4629.0000,4628.6000,4628.4000,4622.8000,4621.0000,4633.2000,4633.8000,4634.0000,4635.4000,4635.8000,1,1,1,1,1,1,1,2,3,2
SF,IF2103,2020-09-07 09:30:10.400,4633.0000,8068,0,9716580.000,0,-,-,-,-,4629.0000,4628.6000,4627.4000,4622.8000,4621.0000,4633.2000,4633.8000,4634.0000,4635.4000,4635.8000,1,1,1,1,1,2,1,1,3,2
SF,IF2103,2020-09-07 09:30:10.900,4633.0000,8068,0,9716580.000,0,-,-,-,-,4628.6000,4627.4000,4622.8000,4621.0000,4620.0000,4633.0000,4633.2000,4633.8000,4634.0000,4635.4000,1,1,1,1,2,2,2,1,1,3
SF,IF2103,2020-09-07 09:30:11.400,4633.0000,8068,0,9716580.000,0,-,-,-,-,4628.8000,4628.6000,4627.4000,4622.8000,4621.0000,4632.2000,4633.0000,4633.8000,4634.0000,4635.4000,1,1,1,1,1,2,2,1,1,1
SF,IF2103,2020-09-07 09:30:11.900,4633.0000,8068,0,9716580.000,0,-,-,-,-,4629.2000,4629.0000,4628.8000,4627.4000,4622.8000,4632.0000,4633.0000,4633.8000,4634.0000,4635.4000,1,1,1,1,1,3,1,1,1,1
SF,IF2103,2020-09-07 09:30:12.400,4633.0000,8068,0,9716580.000,0,-,-,-,-,4629.4000,4629.2000,4628.8000,4627.4000,4622.8000,4632.0000,4634.0000,4635.2000,4635.4000,4636.6000,1,1,1,1,1,2,1,1,1,1
SF,IF2103,2020-09-07 09:30:12.900,4633.0000,8068,0,9716580.000,0,-,-,-,-,4629.4000,4629.2000,4628.8000,4627.4000,4622.8000,4632.0000,4634.0000,4635.2000,4635.4000,4636.6000,2,1,1,1,1,2,1,1,1,1
SF,IF2103,2020-09-07 09:30:13.400,4633.0000,8068,0,9716580.000,0,-,-,-,-,4629.4000,4629.2000,4628.8000,4627.4000,4622.8000,4632.0000,4634.0000,4635.2000,4635.4000,4636.6000,1,1,1,1,1,2,1,1,1,1
SF,IF2103,2020-09-07 09:30:13.900,4633.0000,8068,0,9716580.000,0,-,-,-,-,4629.4000,4629.2000,4628.8000,4627.4000,4622.8000,4632.0000,4634.0000,4635.4000,4636.6000,4638.2000,1,1,1,1,1,2,1,1,1,1
SF,IF2103,2020-09-07 09:30:14.400,4633.0000,8068,0,9716580.000,0,-,-,-,-,4629.4000,4628.8000,4627.4000,4622.8000,4621.0000,4631.8000,4632.0000,4634.0000,4635.4000,4636.6000,1,1,1,1,1,1,2,1,1,1
SF,IF2103,2020-09-07 09:30:14.900,4633.0000,8068,0,9716580.000,0,-,-,-,-,4629.4000,4628.8000,4627.4000,4622.8000,4621.0000,4631.6000,4631.8000,4634.0000,4635.4000,4636.6000,1,1,1,1,1,2,1,1,1,1
SF,IF2103,2020-09-07 09:30:15.400,4629.4000,8067,-1,11105400.000,1,0,1,双平,S,4627.4000,4622.8000,4621.0000,4620.0000,4610.0000,4631.4000,4631.6000,4634.0000,4635.4000,4635.8000,1,1,1,2,2,2,2,1,1,3
SF,IF2103,2020-09-07 09:30:15.900,4629.4000,8067,0,11105400.000,0,-,-,-,-,4628.4000,4622.8000,4621.0000,4620.0000,4610.0000,4631.2000,4631.4000,4634.0000,4635.4000,4635.8000,1,1,1,2,2,3,1,1,1,3
SF,IF2103,2020-09-07 09:30:16.400,4629.4000,8067,0,11105400.000,0,-,-,-,-,4627.8000,4622.8000,4621.0000,4620.0000,4610.0000,4631.0000,4631.2000,4634.0000,4635.4000,4635.8000,1,1,1,2,2,1,3,1,1,3
SF,IF2103,2020-09-07 09:30:16.900,4629.4000,8067,0,11105400.000,0,-,-,-,-,4628.0000,4627.8000,4622.8000,4621.0000,4620.0000,4630.8000,4634.0000,4635.4000,4635.8000,4638.2000,1,1,1,1,2,3,1,1,3,1
SF,IF2103,2020-09-07 09:30:17.400,4628.2000,8066,-1,12493860.000,1,0,1,双平,S,4628.0000,4627.8000,4622.8000,4621.0000,4620.0000,4630.8000,4634.0000,4635.4000,4635.8000,4638.2000,1,1,1,1,2,3,1,1,3,1
SF,IF2103,2020-09-07 09:30:17.900,4628.2000,8066,0,12493860.000,0,-,-,-,-,4628.0000,4627.8000,4622.8000,4621.0000,4620.0000,4630.8000,4634.0000,4635.4000,4635.8000,4644.6000,1,1,1,1,2,3,1,1,3,1
SF,IF2103,2020-09-07 09:30:18.400,4628.2000,8066,0,12493860.000,0,-,-,-,-,4628.2000,4622.8000,4621.0000,4620.0000,4610.0000,4630.8000,4634.0000,4635.4000,4635.8000,4644.6000,1,1,1,2,2,3,1,1,3,1
SF,IF2103,2020-09-07 09:30:18.900,4628.2000,8064,-2,15270780.000,2,0,2,双平,S,4622.8000,4621.0000,4620.0000,4610.0000,4602.6000,4630.6000,4630.8000,4634.0000,4635.4000,4635.8000,1,1,2,2,1,2,3,1,1,3
SF,IF2103,2020-09-07 09:30:19.400,4628.2000,8064,0,15270780.000,0,-,-,-,-,4627.4000,4625.6000,4624.4000,4622.8000,4621.0000,4630.4000,4630.6000,4634.0000,4635.4000,4635.8000,1,1,1,1,1,3,1,1,1,3
SF,IF2103,2020-09-07 09:30:19.900,4628.2000,8064,0,15270780.000,0,-,-,-,-,4625.6000,4624.4000,4622.8000,4621.0000,4620.0000,4630.4000,4630.6000,4634.0000,4635.4000,4635.8000,1,1,1,1,2,3,1,1,1,3
SF,IF2103,2020-09-07 09:30:20.400,4628.2000,8064,0,15270780.000,0,-,-,-,-,4625.6000,4624.4000,4622.8000,4621.0000,4620.0000,4629.8000,4630.4000,4635.4000,4635.8000,4644.6000,1,1,1,1,2,1,3,1,3,1
SF,IF2103,2020-09-07 09:30:20.900,4628.2000,8064,0,15270780.000,0,-,-,-,-,4625.6000,4624.4000,4622.8000,4621.0000,4620.0000,4629.6000,4629.8000,4635.4000,4635.8000,4644.6000,1,1,1,1,2,3,2,1,3,1
SF,IF2103,2020-09-07 09:30:21.400,4628.2000,8064,0,15270780.000,0,-,-,-,-,4625.8000,4625.6000,4624.4000,4622.8000,4621.0000,4629.6000,4629.8000,4635.4000,4635.8000,4644.6000,1,1,1,1,1,3,2,1,3,1
SF,IF2103,2020-09-07 09:30:21.900,4628.2000,8064,0,15270780.000,0,-,-,-,-,4625.8000,4625.6000,4624.4000,4622.8000,4621.0000,4629.4000,4629.6000,4629.8000,4635.4000,4635.8000,1,1,1,1,1,1,3,1,1,3
SF,IF2103,2020-09-07 09:30:22.400,4628.2000,8064,0,15270780.000,0,-,-,-,-,4625.8000,4625.6000,4624.4000,4622.8000,4621.0000,4629.2000,4629.4000,4629.8000,4635.4000,4635.8000,1,1,1,1,1,3,1,1,1,3
SF,IF2103,2020-09-07 09:30:22.900,4628.2000,8064,0,15270780.000,0,-,-,-,-,4625.8000,4625.6000,4624.4000,4622.8000,4621.0000,4629.0000,4629.2000,4629.8000,4635.4000,4635.8000,1,1,1,1,1,1,3,1,1,3
SF,IF2103,2020-09-07 09:30:23.400,4628.2000,8064,0,15270780.000,0,-,-,-,-,4624.4000,4622.8000,4621.0000,4620.0000,4610.0000,4628.8000,4629.0000,4629.8000,4635.4000,4635.8000,1,1,1,2,2,3,1,1,1,3
SF,IF2103,2020-09-07 09:30:23.900,4628.2000,8064,0,15270780.000,0,-,-,-,-,4625.6000,4624.6000,4624.4000,4622.8000,4621.0000,4628.6000,4628.8000,4629.8000,4635.4000,4635.8000,1,1,1,1,1,1,3,1,1,3
SF,IF2103,2020-09-07 09:30:24.400,4628.2000,8064,0,15270780.000,0,-,-,-,-,4624.6000,4624.4000,4622.8000,4621.0000,4620.0000,4628.4000,4628.6000,4629.8000,4635.4000,4635.8000,1,1,1,1,2,3,1,1,1,3
SF,IF2103,2020-09-07 09:30:25.400,4628.2000,8064,0,15270780.000,0,-,-,-,-,4624.6000,4624.4000,4622.8000,4621.0000,4620.0000,4628.2000,4628.4000,4629.8000,4635.4000,4635.8000,1,1,1,1,2,1,3,1,1,3
SF,IF2103,2020-09-07 09:30:25.900,4628.2000,8064,0,15270780.000,0,-,-,-,-,4624.4000,4622.8000,4621.0000,4620.0000,4610.0000,4628.0000,4628.2000,4629.8000,4635.4000,4635.8000,1,1,1,2,2,3,1,1,1,3
SF,IF2103,2020-09-07 09:30:26.400,4628.0000,8064,0,16659180.000,1,0,1,多换,S,4624.6000,4624.4000,4622.8000,4621.0000,4620.0000,4628.0000,4628.2000,4629.8000,4635.4000,4635.8000,1,1,1,1,2,2,1,1,1,3
SF,IF2103,2020-09-07 09:30:26.900,4628.0000,8064,0,16659180.000,0,-,-,-,-,4624.6000,4624.4000,4622.8000,4621.0000,4620.0000,4627.8000,4628.0000,4629.8000,4635.4000,4635.8000,1,1,1,1,2,1,2,1,1,3
SF,IF2103,2020-09-07 09:30:27.400,4628.0000,8064,0,18047580.000,1,0,1,多换,S,4624.8000,4624.6000,4624.4000,4622.8000,4621.0000,4627.6000,4627.8000,4629.8000,4635.4000,4635.8000,1,1,1,1,1,1,1,1,1,3
SF,IF2103,2020-09-07 09:30:27.900,4628.0000,8064,0,18047580.000,0,-,-,-,-,4625.0000,4624.8000,4624.4000,4622.8000,4621.0000,4627.6000,4629.8000,4635.4000,4635.8000,4644.6000,1,1,1,1,1,2,1,1,3,1
SF,IF2103,2020-09-07 09:30:28.400,4628.0000,8064,0,18047580.000,0,-,-,-,-,4625.0000,4624.8000,4622.8000,4621.0000,4620.0000,4627.6000,4629.8000,4631.0000,4635.4000,4644.6000,1,1,1,1,2,2,1,3,1,1
SF,IF2103,2020-09-07 09:30:28.900,4628.0000,8064,0,18047580.000,0,-,-,-,-,4624.8000,4622.8000,4621.0000,4620.0000,4610.0000,4627.4000,4627.6000,4631.0000,4635.4000,4644.6000,1,1,1,2,2,2,2,3,1,1
SF,IF2103,2020-09-07 09:30:29.400,4628.0000,8064,0,18047580.000,0,-,-,-,-,4624.8000,4622.8000,4621.0000,4620.0000,4610.0000,4627.2000,4627.4000,4627.6000,4631.0000,4635.4000,1,1,1,2,2,1,2,1,3,1
SF,IF2103,2020-09-07 09:30:29.900,4628.0000,8064,0,18047580.000,0,-,-,-,-,4624.8000,4622.8000,4621.0000,4620.0000,4610.0000,4627.2000,4627.4000,4631.0000,4635.4000,4644.6000,1,1,1,2,2,1,2,3,1,1
SF,IF2103,2020-09-07 09:30:30.400,4627.2000,8065,1,19435740.000,1,1,0,双开,S,4627.2000,4624.8000,4622.8000,4621.0000,4620.0000,4627.4000,4631.0000,4635.4000,4644.6000,4650.0000,1,1,1,1,1,1,3,1,1,1
SF,IF2103,2020-09-07 09:30:30.900,4627.2000,8065,0,20823900.000,1,0,1,多换,S,4622.8000,4621.0000,4620.0000,4610.0000,4605.0000,4631.0000,4635.4000,4644.6000,4650.0000,4659.4000,1,1,1,2,1,3,1,1,1,1
SF,IF2103,2020-09-07 09:30:31.400,4627.2000,8065,0,20823900.000,0,-,-,-,-,4624.4000,4623.0000,4622.8000,4621.0000,4620.0000,4631.0000,4635.4000,4644.6000,4650.0000,4659.4000,1,2,2,1,1,3,1,1,1,1
SF,IF2103,2020-09-07 09:30:31.900,4627.2000,8065,0,20823900.000,0,-,-,-,-,4624.6000,4624.4000,4623.0000,4622.8000,4621.0000,4629.6000,4629.8000,4630.8000,4635.4000,4644.6000,1,1,1,2,1,1,1,1,1,1
SF,IF2103,2020-09-07 09:30:32.400,4627.2000,8065,0,20823900.000,0,-,-,-,-,4624.8000,4624.6000,4624.4000,4623.0000,4622.8000,4629.6000,4629.8000,4635.4000,4644.6000,4650.0000,1,1,1,1,2,2,1,1,1,1
SF,IF2103,2020-09-07 09:30:32.900,4627.2000,8065,0,20823900.000,0,-,-,-,-,4625.0000,4624.8000,4624.4000,4623.0000,4622.8000,4629.6000,4629.8000,4635.4000,4644.6000,4650.0000,1,1,1,1,2,2,1,1,1,1
SF,IF2103,2020-09-07 09:30:33.400,4627.2000,8065,0,20823900.000,0,-,-,-,-,4625.0000,4624.4000,4623.0000,4622.8000,4621.0000,4629.6000,4629.8000,4635.4000,4644.6000,4650.0000,1,1,1,2,1,2,1,1,1,1
SF,IF2103,2020-09-07 09:30:34.400,4627.2000,8065,0,20823900.000,0,-,-,-,-,4625.0000,4624.4000,4623.0000,4622.8000,4621.0000,4629.6000,4629.8000,4635.4000,4644.6000,4650.0000,1,1,1,2,1,2,1,1,1,1
SF,IF2103,2020-09-07 09:30:34.900,4627.2000,8065,0,20823900.000,0,-,-,-,-,4625.0000,4624.4000,4623.0000,4622.8000,4621.0000,4629.6000,4629.8000,4635.4000,4644.6000,4650.0000,1,1,1,2,1,1,1,1,1,1
SF,IF2103,2020-09-07 09:30:35.400,4627.2000,8065,0,20823900.000,0,-,-,-,-,4625.2000,4625.0000,4624.4000,4623.0000,4622.8000,4629.6000,4629.8000,4635.4000,4644.6000,4650.0000,1,1,1,1,2,1,1,1,1,1
SF,IF2103,2020-09-07 09:30:35.900,4627.2000,8065,0,20823900.000,0,-,-,-,-,4625.4000,4625.2000,4624.4000,4623.0000,4622.8000,4629.4000,4629.6000,4635.4000,4644.6000,4650.0000,1,1,1,1,2,1,2,1,1,1
SF,IF2103,2020-09-07 09:30:36.400,4627.2000,8065,0,20823900.000,0,-,-,-,-,4625.6000,4625.4000,4624.4000,4623.0000,4622.8000,4629.4000,4629.6000,4635.4000,4644.6000,4650.0000,2,1,1,1,1,2,1,1,1,1
SF,IF2103,2020-09-07 09:30:36.900,4627.2000,8065,0,20823900.000,0,-,-,-,-,4625.8000,4624.4000,4623.0000,4622.8000,4621.0000,4629.4000,4629.6000,4632.0000,4635.4000,4644.6000,2,1,1,1,1,1,1,3,1,1
SF,IF2103,2020-09-07 09:30:37.400,4627.2000,8065,0,20823900.000,0,-,-,-,-,4625.8000,4624.4000,4622.8000,4621.0000,4620.6000,4629.4000,4629.6000,4632.0000,4635.4000,4644.6000,2,1,1,1,1,1,1,3,1,1
SF,IF2103,2020-09-07 09:30:37.900,4627.2000,8065,0,20823900.000,0,-,-,-,-,4625.8000,4624.4000,4622.8000,4621.0000,4620.6000,4629.4000,4629.6000,4632.0000,4635.4000,4644.6000,2,1,1,1,1,1,1,3,1,1
SF,IF2103,2020-09-07 09:30:38.400,4627.2000,8065,0,20823900.000,0,-,-,-,-,4625.8000,4624.4000,4622.8000,4621.0000,4620.6000,4629.6000,4632.0000,4635.4000,4644.6000,4650.0000,2,1,1,1,1,1,3,1,1,1
SF,IF2103,2020-09-07 09:30:38.900,4627.2000,8065,0,20823900.000,0,-,-,-,-,4626.0000,4625.8000,4624.4000,4622.8000,4621.0000,4629.4000,4629.6000,4632.0000,4635.4000,4644.6000,1,2,1,1,1,1,2,3,1,1
SF,IF2103,2020-09-07 09:30:39.400,4627.2000,8065,0,20823900.000,0,-,-,-,-,4626.2000,4626.0000,4624.4000,4622.8000,4621.0000,4629.4000,4629.6000,4632.0000,4635.4000,4644.6000,2,1,1,1,1,2,1,3,1,1
SF,IF2103,2020-09-07 09:30:41.400,4627.2000,8065,0,20823900.000,0,-,-,-,-,4626.2000,4626.0000,4624.4000,4622.8000,4621.0000,4629.4000,4629.6000,4632.0000,4635.4000,4644.6000,2,1,1,1,1,2,1,3,1,1
SF,IF2103,2020-09-07 09:30:42.400,4627.2000,8065,0,20823900.000,0,-,-,-,-,4626.2000,4626.0000,4624.4000,4622.8000,4621.0000,4629.4000,4629.6000,4632.0000,4635.4000,4644.6000,2,1,1,1,1,1,1,3,1,1
SF,IF2103,2020-09-07 09:30:42.900,4627.2000,8065,0,20823900.000,0,-,-,-,-,4626.2000,4626.0000,4624.4000,4622.8000,4621.0000,4629.4000,4629.6000,4632.0000,4635.4000,4644.6000,2,1,1,1,1,1,1,3,1,1
SF,IF2103,2020-09-07 09:30:43.400,4627.2000,8065,0,20823900.000,0,-,-,-,-,4626.2000,4626.0000,4624.4000,4622.8000,4621.0000,4629.4000,4632.0000,4635.4000,4644.6000,4650.0000,2,1,1,1,1,1,3,1,1,1
SF,IF2103,2020-09-07 09:30:43.900,4627.2000,8065,0,20823900.000,0,-,-,-,-,4626.2000,4626.0000,4624.4000,4622.8000,4621.0000,4629.4000,4632.0000,4635.4000,4644.6000,4650.0000,2,1,1,1,1,1,3,1,1,1
SF,IF2103,2020-09-07 09:30:44.400,4629.4000,8065,0,22212720.000,1,0,1,多换,S,4626.2000,4626.0000,4624.4000,4622.8000,4621.0000,4632.0000,4635.4000,4644.6000,4650.0000,4659.4000,2,1,1,1,1,3,1,1,1,1
SF,IF2103,2020-09-07 09:30:45.400,4629.4000,8065,0,22212720.000,0,-,-,-,-,4626.2000,4626.0000,4624.4000,4622.8000,4621.0000,4631.8000,4632.0000,4635.4000,4644.6000,4650.0000,2,1,1,1,1,1,3,1,1,1
SF,IF2103,2020-09-07 09:30:45.900,4629.4000,8065,0,22212720.000,0,-,-,-,-,4626.2000,4624.4000,4622.8000,4621.0000,4620.6000,4631.8000,4632.0000,4635.4000,4644.6000,4650.0000,2,1,1,1,1,1,3,1,1,1
SF,IF2103,2020-09-07 09:30:46.400,4629.4000,8065,0,22212720.000,0,-,-,-,-,4626.4000,4626.2000,4624.4000,4622.8000,4621.0000,4631.4000,4631.8000,4635.4000,4644.6000,4650.0000,1,2,1,1,1,1,1,1,1,1
SF,IF2103,2020-09-07 09:30:46.900,4629.4000,8065,0,22212720.000,0,-,-,-,-,4626.6000,4626.4000,4624.4000,4622.8000,4621.0000,4631.4000,4635.4000,4644.6000,4650.0000,4659.4000,1,2,1,1,1,2,1,1,1,1
SF,IF2103,2020-09-07 09:30:47.400,4629.4000,8065,0,22212720.000,0,-,-,-,-,4626.6000,4626.4000,4624.4000,4622.8000,4621.0000,4631.2000,4631.4000,4635.4000,4644.6000,4650.0000,1,2,1,1,1,1,2,1,1,1
SF,IF2103,2020-09-07 09:30:47.900,4629.4000,8065,0,22212720.000,0,-,-,-,-,4626.8000,4626.6000,4626.4000,4624.4000,4622.8000,4630.6000,4631.4000,4635.4000,4644.6000,4650.0000,1,1,1,1,1,1,1,1,1,1
SF,IF2103,2020-09-07 09:30:48.400,4629.4000,8065,0,22212720.000,0,-,-,-,-,4627.0000,4626.8000,4626.4000,4624.4000,4622.8000,4630.6000,4631.0000,4633.6000,4635.4000,4644.6000,1,1,1,1,1,1,1,1,1,1
SF,IF2103,2020-09-07 09:30:48.900,4629.4000,8065,0,22212720.000,0,-,-,-,-,4627.0000,4626.4000,4624.4000,4622.8000,4621.0000,4630.6000,4631.0000,4633.6000,4635.4000,4644.6000,1,1,1,1,1,1,1,1,1,1
SF,IF2103,2020-09-07 09:30:49.400,4629.4000,8065,0,22212720.000,0,-,-,-,-,4627.2000,4627.0000,4624.4000,4622.8000,4621.0000,4630.6000,4631.0000,4633.6000,4635.4000,4644.6000,1,1,1,1,1,1,1,1,1,1
SF,IF2103,2020-09-07 09:30:49.900,4629.4000,8065,0,22212720.000,0,-,-,-,-,4627.4000,4627.2000,4624.4000,4622.8000,4621.0000,4630.6000,4633.6000,4635.4000,4636.2000,4644.6000,1,1,1,1,1,2,1,1,3,1
SF,IF2103,2020-09-07 09:30:50.400,4629.4000,8065,0,22212720.000,0,-,-,-,-,4627.4000,4624.4000,4622.8000,4621.0000,4620.6000,4630.6000,4633.6000,4635.4000,4636.2000,4644.6000,1,1,1,1,1,2,1,1,3,1
SF,IF2103,2020-09-07 09:30:52.400,4629.4000,8065,0,22212720.000,0,-,-,-,-,4627.4000,4624.4000,4621.0000,4620.6000,4610.0000,4630.4000,4630.6000,4633.6000,4635.4000,4644.6000,1,1,1,1,2,1,1,1,1,1
SF,IF2103,2020-09-07 09:30:53.900,4629.4000,8065,0,22212720.000,0,-,-,-,-,4627.4000,4624.4000,4621.0000,4620.6000,4610.0000,4630.4000,4630.6000,4633.6000,4635.4000,4644.6000,1,1,1,1,2,2,1,1,1,1
SF,IF2103,2020-09-07 09:30:55.400,4629.4000,8065,0,22212720.000,0,-,-,-,-,4627.6000,4627.4000,4624.4000,4621.0000,4620.6000,4630.4000,4630.6000,4633.6000,4635.4000,4644.6000,1,1,1,1,1,2,1,1,1,1
SF,IF2103,2020-09-07 09:30:55.900,4629.4000,8065,0,22212720.000,0,-,-,-,-,4627.8000,4627.6000,4624.4000,4621.0000,4620.6000,4630.4000,4630.6000,4633.6000,4635.4000,4644.6000,1,1,1,1,1,2,1,1,1,1
SF,IF2103,2020-09-07 09:30:56.400,4629.4000,8065,0,22212720.000,0,-,-,-,-,4627.8000,4624.4000,4621.0000,4620.6000,4610.0000,4630.4000,4630.6000,4632.6000,4633.6000,4635.4000,1,1,1,1,2,1,1,3,1,1
SF,IF2103,2020-09-07 09:30:56.900,4629.4000,8065,0,22212720.000,0,-,-,-,-,4627.8000,4624.4000,4621.0000,4620.6000,4610.0000,4632.6000,4633.6000,4635.4000,4644.6000,4650.0000,1,1,1,1,2,3,1,1,1,1
SF,IF2103,2020-09-07 09:30:57.400,4629.4000,8065,0,22212720.000,0,-,-,-,-,4627.8000,4624.4000,4621.0000,4620.6000,4610.0000,4631.2000,4632.4000,4632.6000,4633.6000,4635.4000,1,1,1,1,2,1,1,3,1,1
SF,IF2103,2020-09-07 09:30:57.900,4629.4000,8065,0,22212720.000,0,-,-,-,-,4628.0000,4627.8000,4624.4000,4621.0000,4620.6000,4632.4000,4632.6000,4633.6000,4635.4000,4644.6000,1,1,1,1,1,1,3,1,1,1
SF,IF2103,2020-09-07 09:30:58.400,4629.4000,8065,0,22212720.000,0,-,-,-,-,4628.2000,4628.0000,4624.4000,4621.0000,4620.6000,4632.4000,4632.6000,4633.6000,4635.4000,4644.6000,1,1,1,1,1,1,3,1,1,1
SF,IF2103,2020-09-07 09:30:58.900,4629.4000,8065,0,22212720.000,0,-,-,-,-,4628.2000,4628.0000,4624.4000,4621.0000,4620.6000,4631.8000,4632.4000,4632.6000,4633.6000,4635.4000,1,1,1,1,1,1,1,3,1,1
SF,IF2103,2020-09-07 09:30:59.400,4629.4000,8065,0,22212720.000,0,-,-,-,-,4628.2000,4624.4000,4621.0000,4620.6000,4610.0000,4631.8000,4632.6000,4633.6000,4635.4000,4644.6000,1,1,1,1,2,1,3,1,1,1
SF,IF2103,2020-09-07 09:30:59.900,4629.4000,8065,0,22212720.000,0,-,-,-,-,4624.4000,4621.0000,4620.6000,4610.0000,4605.0000,4631.6000,4631.8000,4632.6000,4633.6000,4635.4000,1,1,1,2,1,1,2,3,1,1
SF,IF2103,2020-09-07 09:31:00.400,4629.4000,8065,0,22212720.000,0,-,-,-,-,4625.6000,4624.4000,4621.0000,4620.6000,4610.0000,4631.6000,4631.8000,4632.6000,4633.6000,4635.4000,1,2,1,1,2,1,1,3,1,1
SF,IF2103,2020-09-07 09:31:00.900,4629.4000,8065,0,22212720.000,0,-,-,-,-,4625.8000,4625.6000,4624.4000,4621.0000,4620.6000,4631.4000,4631.6000,4631.8000,4632.6000,4633.6000,2,1,2,1,1,1,2,1,3,1
SF,IF2103,2020-09-07 09:31:01.400,4629.4000,8065,0,22212720.000,0,-,-,-,-,4625.8000,4625.6000,4624.4000,4621.0000,4620.6000,4631.2000,4631.4000,4631.6000,4631.8000,4632.6000,2,1,2,1,1,1,1,1,1,3
SF,IF2103,2020-09-07 09:31:01.900,4629.4000,8065,0,22212720.000,0,-,-,-,-,4625.8000,4625.6000,4624.4000,4621.0000,4620.6000,4631.0000,4631.2000,4631.8000,4632.6000,4633.6000,2,1,2,1,1,1,1,1,3,1
SF,IF2103,2020-09-07 09:31:02.400,4629.4000,8065,0,22212720.000,0,-,-,-,-,4625.8000,4625.6000,4624.4000,4621.0000,4620.6000,4630.8000,4631.0000,4631.8000,4632.6000,4633.6000,2,1,2,1,1,1,1,1,3,1
SF,IF2103,2020-09-07 09:31:02.900,4629.4000,8065,0,22212720.000,0,-,-,-,-,4628.4000,4628.2000,4625.8000,4624.4000,4621.0000,4630.6000,4630.8000,4631.8000,4632.6000,4633.6000,1,1,2,2,1,1,1,1,3,1
SF,IF2103,2020-09-07 09:31:03.400,4629.4000,8065,0,22212720.000,0,-,-,-,-,4628.4000,4625.8000,4624.8000,4624.4000,4621.0000,4630.6000,4630.8000,4631.8000,4632.6000,4633.6000,1,2,1,2,1,1,1,1,3,1
SF,IF2103,2020-09-07 09:31:03.900,4629.4000,8065,0,22212720.000,0,-,-,-,-,4625.8000,4624.8000,4624.4000,4621.0000,4620.6000,4630.6000,4631.8000,4632.6000,4633.6000,4635.4000,2,1,1,1,1,1,1,3,1,1
SF,IF2103,2020-09-07 09:31:04.400,4629.4000,8065,0,22212720.000,0,-,-,-,-,4628.4000,4628.2000,4626.0000,4625.8000,4624.8000,4630.6000,4631.8000,4632.6000,4633.6000,4635.4000,1,1,1,2,1,1,1,3,1,1
SF,IF2103,2020-09-07 09:31:04.900,4630.6000,8065,0,23601900.000,1,0,1,多换,S,4628.4000,4626.0000,4625.8000,4624.8000,4624.4000,4631.8000,4632.6000,4633.6000,4635.4000,4644.6000,1,1,2,1,1,1,3,1,1,1
SF,IF2103,2020-09-07 09:31:05.400,4630.6000,8065,0,23601900.000,0,-,-,-,-,4628.6000,4628.4000,4625.8000,4624.8000,4624.4000,4631.6000,4631.8000,4632.6000,4633.6000,4635.4000,2,1,1,1,1,1,1,3,1,1
SF,IF2103,2020-09-07 09:31:05.900,4630.6000,8065,0,23601900.000,0,-,-,-,-,4628.6000,4628.4000,4625.8000,4624.8000,4624.4000,4629.0000,4631.6000,4631.8000,4632.6000,4633.6000,2,1,1,1,1,1,1,1,3,1
SF,IF2103,2020-09-07 09:31:06.400,4629.0000,8064,-1,24990600.000,1,0,1,双平,S,4629.0000,4628.8000,4628.4000,4625.8000,4624.8000,4631.8000,4632.6000,4633.6000,4635.4000,4644.6000,1,4,1,1,1,1,3,1,1,1
SF,IF2103,2020-09-07 09:31:06.900,4629.0000,8064,0,24990600.000,0,-,-,-,-,4629.2000,4628.8000,4628.4000,4624.8000,4621.0000,4631.6000,4631.8000,4632.6000,4633.6000,4635.4000,1,3,1,1,1,1,2,3,1,1
SF,IF2103,2020-09-07 09:31:07.400,4629.0000,8064,0,24990600.000,0,-,-,-,-,4629.2000,4628.8000,4624.8000,4621.0000,4620.6000,4631.6000,4631.8000,4632.6000,4633.6000,4635.4000,1,3,1,1,1,2,1,3,1,1
SF,IF2103,2020-09-07 09:31:07.900,4629.0000,8064,0,24990600.000,0,-,-,-,-,4628.8000,4624.8000,4621.0000,4620.6000,4610.0000,4631.6000,4631.8000,4633.6000,4635.4000,4637.4000,3,1,1,1,2,2,1,1,1,3
SF,IF2103,2020-09-07 09:31:08.400,4629.0000,8064,0,24990600.000,0,-,-,-,-,4628.8000,4624.8000,4621.0000,4620.6000,4610.0000,4631.4000,4631.6000,4631.8000,4633.6000,4635.4000,3,1,1,1,2,1,2,1,1,1
SF,IF2103,2020-09-07 09:31:08.900,4629.0000,8064,0,24990600.000,0,-,-,-,-,4628.8000,4624.8000,4621.0000,4620.6000,4610.0000,4631.2000,4631.4000,4631.6000,4631.8000,4633.6000,3,1,1,1,2,1,1,1,1,1
SF,IF2103,2020-09-07 09:31:09.400,4629.0000,8064,0,24990600.000,0,-,-,-,-,4624.8000,4621.0000,4620.6000,4610.0000,4605.0000,4631.2000,4631.4000,4631.8000,4633.6000,4635.4000,1,1,1,2,1,1,1,1,1,1
SF,IF2103,2020-09-07 09:31:09.900,4629.0000,8064,0,24990600.000,0,-,-,-,-,4628.0000,4625.6000,4625.0000,4624.8000,4621.0000,4631.2000,4631.8000,4632.8000,4633.6000,4635.4000,1,1,3,1,1,1,1,1,1,1
SF,IF2103,2020-09-07 09:31:10.400,4629.0000,8064,0,24990600.000,0,-,-,-,-,4628.2000,4625.6000,4625.0000,4624.8000,4621.0000,4631.0000,4631.2000,4631.8000,4632.8000,4633.6000,1,1,1,1,1,1,2,1,1,1
SF,IF2103,2020-09-07 09:31:10.900,4630.8000,8064,0,26379840.000,1,0,1,多换,S,4628.2000,4625.6000,4625.0000,4624.8000,4621.0000,4631.0000,4631.8000,4633.6000,4635.4000,4637.4000,1,1,1,1,1,2,1,1,1,3
SF,IF2103,2020-09-07 09:31:11.400,4630.8000,8064,0,26379840.000,0,-,-,-,-,4628.2000,4625.6000,4625.0000,4624.8000,4621.0000,4631.0000,4631.8000,4633.6000,4635.4000,4637.4000,1,1,1,1,1,2,1,1,1,3
SF,IF2103,2020-09-07 09:31:12.900,4628.2000,8063,-1,27768300.000,1,0,1,双平,S,4625.6000,4625.0000,4624.8000,4621.0000,4620.6000,4628.2000,4631.0000,4631.8000,4633.6000,4635.4000,1,1,1,1,1,1,2,1,1,1
SF,IF2103,2020-09-07 09:31:13.400,4628.2000,8061,-2,30545220.000,2,0,2,双平,S,4628.2000,4627.8000,4627.6000,4625.8000,4625.6000,4631.0000,4631.8000,4633.6000,4635.4000,4637.4000,5,1,1,1,1,1,1,1,1,3
SF,IF2103,2020-09-07 09:31:13.900,4628.2000,8061,0,30545220.000,0,-,-,-,-,4628.4000,4628.2000,4625.6000,4625.0000,4624.8000,4630.8000,4631.8000,4633.6000,4635.4000,4637.4000,2,5,1,1,1,1,1,1,1,3
SF,IF2103,2020-09-07 09:31:14.400,4628.2000,8061,0,30545220.000,0,-,-,-,-,4628.4000,4628.2000,4625.6000,4625.0000,4624.8000,4630.8000,4631.8000,4633.6000,4635.4000,4637.4000,2,4,1,1,1,2,1,1,1,3
SF,IF2103,2020-09-07 09:31:14.900,4628.2000,8061,0,30545220.000,0,-,-,-,-,4628.4000,4628.2000,4625.6000,4625.0000,4624.8000,4630.8000,4631.8000,4633.6000,4635.4000,4637.4000,2,4,1,2,1,2,1,1,1,3
SF,IF2103,2020-09-07 09:31:15.400,4628.2000,8061,0,30545220.000,0,-,-,-,-,4628.4000,4628.2000,4625.6000,4625.0000,4624.8000,4630.8000,4631.8000,4633.6000,4635.4000,4637.4000,2,4,1,2,1,2,1,1,1,3
SF,IF2103,2020-09-07 09:31:15.900,4628.2000,8061,0,30545220.000,0,-,-,-,-,4628.4000,4628.2000,4625.6000,4625.0000,4624.8000,4630.8000,4631.8000,4633.6000,4635.4000,4637.4000,1,4,1,2,1,2,1,1,1,3
SF,IF2103,2020-09-07 09:31:16.400,4628.2000,8061,0,30545220.000,0,-,-,-,-,4628.4000,4628.2000,4625.6000,4625.0000,4624.8000,4630.8000,4631.8000,4633.6000,4635.4000,4637.4000,1,4,1,2,1,1,1,1,1,3
SF,IF2103,2020-09-07 09:31:16.900,4628.2000,8061,0,30545220.000,0,-,-,-,-,4628.6000,4628.4000,4628.2000,4625.6000,4625.0000,4630.8000,4631.8000,4633.6000,4635.4000,4637.4000,1,1,4,1,2,2,1,1,1,3
SF,IF2103,2020-09-07 09:31:17.400,4628.2000,8061,0,34710600.000,3,1,2,多换,S,4628.2000,4625.6000,4625.0000,4624.8000,4621.0000,4630.8000,4631.8000,4633.6000,4635.4000,4637.4000,3,1,2,1,1,2,1,1,1,3
SF,IF2103,2020-09-07 09:31:17.900,4628.2000,8061,0,34710600.000,0,-,-,-,-,4628.2000,4625.6000,4625.0000,4624.8000,4621.0000,4630.4000,4630.6000,4630.8000,4631.8000,4633.6000,3,1,1,1,1,1,1,2,1,1
SF,IF2103,2020-09-07 09:31:18.400,4628.2000,8061,0,34710600.000,0,-,-,-,-,4628.2000,4625.6000,4625.0000,4624.8000,4621.0000,4628.4000,4630.2000,4630.4000,4630.6000,4630.8000,3,1,1,1,1,1,1,1,1,1
SF,IF2103,2020-09-07 09:31:18.900,4628.4000,8061,0,36099120.000,1,0,1,多换,S,4628.4000,4628.2000,4625.6000,4625.0000,4624.8000,4630.2000,4630.4000,4630.6000,4631.8000,4633.6000,2,3,1,1,1,1,1,1,1,1
SF,IF2103,2020-09-07 09:31:19.400,4628.4000,8061,0,36099120.000,0,-,-,-,-,4628.4000,4628.2000,4625.6000,4625.0000,4624.8000,4630.2000,4630.4000,4630.6000,4631.8000,4633.6000,1,3,1,1,1,1,1,1,1,1
SF,IF2103,2020-09-07 09:31:19.900,4628.4000,8061,0,36099120.000,0,-,-,-,-,4628.4000,4628.2000,4625.6000,4625.0000,4624.8000,4630.0000,4630.2000,4630.4000,4630.6000,4631.8000,1,3,1,1,1,1,2,1,1,1
SF,IF2103,2020-09-07 09:31:20.400,4628.2000,8059,-2,41653020.000,4,1,3,多平,S,4625.6000,4625.0000,4624.8000,4621.0000,4620.6000,4629.8000,4630.0000,4630.4000,4630.6000,4631.8000,1,1,1,1,1,1,2,1,1,1
SF,IF2103,2020-09-07 09:31:20.900,4628.2000,8059,0,41653020.000,0,-,-,-,-,4625.8000,4625.6000,4625.0000,4624.8000,4621.0000,4629.6000,4629.8000,4630.0000,4630.4000,4631.8000,1,1,1,1,1,2,2,1,1,1
SF,IF2103,2020-09-07 09:31:21.400,4628.2000,8059,0,41653020.000,0,-,-,-,-,4625.8000,4625.6000,4625.0000,4624.8000,4621.0000,4628.4000,4629.4000,4629.6000,4629.8000,4630.4000,1,1,1,1,1,1,1,2,1,1
SF,IF2103,2020-09-07 09:31:21.900,4628.2000,8059,0,41653020.000,0,-,-,-,-,4625.8000,4625.6000,4625.0000,4624.8000,4621.0000,4628.2000,4628.4000,4629.4000,4629.6000,4630.4000,1,1,1,1,1,1,2,1,1,1
SF,IF2103,2020-09-07 09:31:22.400,4628.2000,8059,0,41653020.000,0,-,-,-,-,4625.8000,4625.6000,4625.0000,4624.8000,4621.0000,4628.0000,4628.2000,4628.4000,4629.2000,4631.8000,1,1,1,1,1,1,2,1,1,1
SF,IF2103,2020-09-07 09:31:22.900,4628.2000,8059,0,41653020.000,0,-,-,-,-,4625.0000,4624.8000,4621.0000,4620.6000,4610.0000,4628.0000,4628.2000,4628.4000,4629.2000,4630.0000,1,1,1,1,1,2,1,1,1,1
SF,IF2103,2020-09-07 09:31:23.400,4628.2000,8059,0,41653020.000,0,-,-,-,-,4625.2000,4625.0000,4624.8000,4621.0000,4620.6000,4627.8000,4628.0000,4628.4000,4629.2000,4630.0000,1,1,1,1,1,1,2,1,1,1
SF,IF2103,2020-09-07 09:31:23.900,4628.2000,8059,0,41653020.000,0,-,-,-,-,4625.2000,4625.0000,4624.8000,4621.0000,4620.6000,4627.6000,4627.8000,4628.0000,4628.4000,4629.2000,1,1,1,1,1,1,1,1,1,1
SF,IF2103,2020-09-07 09:31:24.400,4628.2000,8059,0,41653020.000,0,-,-,-,-,4625.0000,4624.8000,4621.0000,4620.6000,4610.0000,4627.6000,4627.8000,4628.0000,4628.4000,4629.2000,1,1,1,1,1,1,1,1,1,1
SF,IF2103,2020-09-07 09:31:24.900,4625.0000,8059,0,43040520.000,1,0,1,多换,S,4624.8000,4621.0000,4620.6000,4610.0000,4605.0000,4627.4000,4627.6000,4628.4000,4630.0000,4630.2000,1,1,1,1,1,1,1,1,1,3
SF,IF2103,2020-09-07 09:31:25.400,4624.8000,8059,0,44427960.000,1,0,1,多换,S,4621.0000,4620.6000,4610.0000,4605.0000,4602.6000,4627.2000,4627.4000,4628.4000,4630.0000,4630.2000,1,1,1,1,1,2,2,1,1,3
SF,IF2103,2020-09-07 09:31:25.900,4624.8000,8059,0,44427960.000,0,-,-,-,-,4624.0000,4621.2000,4621.0000,4620.6000,4610.0000,4627.0000,4627.2000,4627.4000,4628.4000,4630.2000,1,1,1,1,1,1,2,1,1,3
SF,IF2103,2020-09-07 09:31:26.400,4624.8000,8059,0,44427960.000,0,-,-,-,-,4621.2000,4621.0000,4620.6000,4610.0000,4605.0000,4626.8000,4627.0000,4627.2000,4628.4000,4630.2000,1,1,1,1,1,1,2,1,1,3
SF,IF2103,2020-09-07 09:31:26.900,4624.8000,8059,0,44427960.000,0,-,-,-,-,4621.4000,4621.2000,4621.0000,4620.6000,4610.0000,4626.6000,4626.8000,4628.4000,4630.2000,4631.8000,1,1,1,1,1,1,2,1,3,1
SF,IF2103,2020-09-07 09:31:27.400,4624.8000,8059,0,44427960.000,0,-,-,-,-,4621.6000,4621.4000,4621.0000,4620.6000,4610.0000,4626.4000,4626.6000,4628.4000,4630.2000,4631.8000,1,1,1,1,1,1,2,1,3,1
SF,IF2103,2020-09-07 09:31:27.900,4624.8000,8059,0,44427960.000,0,-,-,-,-,4621.6000,4621.0000,4620.6000,4610.0000,4605.0000,4626.2000,4626.4000,4628.4000,4630.2000,4631.8000,1,1,1,1,1,1,1,1,3,1
SF,IF2103,2020-09-07 09:31:28.400,4624.8000,8059,0,44427960.000,0,-,-,-,-,4621.6000,4621.0000,4620.6000,4610.0000,4605.0000,4626.0000,4626.2000,4628.4000,4630.2000,4631.8000,1,1,1,1,1,1,1,1,3,1
SF,IF2103,2020-09-07 09:31:28.900,4624.8000,8059,0,44427960.000,0,-,-,-,-,4622.0000,4621.6000,4621.0000,4620.6000,4610.0000,4625.8000,4626.0000,4628.4000,4630.2000,4631.8000,1,1,1,1,1,1,2,1,3,1
SF,IF2103,2020-09-07 09:31:29.400,4624.8000,8059,0,44427960.000,0,-,-,-,-,4622.2000,4622.0000,4621.0000,4620.6000,4610.0000,4625.6000,4625.8000,4626.0000,4628.4000,4630.2000,1,1,1,1,1,1,1,1,1,3
SF,IF2103,2020-09-07 09:31:29.900,4624.8000,8059,0,44427960.000,0,-,-,-,-,4622.2000,4622.0000,4621.0000,4620.6000,4610.0000,4625.4000,4625.6000,4626.0000,4628.4000,4630.2000,1,1,1,1,1,1,1,1,1,3
SF,IF2103,2020-09-07 09:31:30.400,4624.8000,8059,0,44427960.000,0,-,-,-,-,4622.2000,4622.0000,4621.0000,4620.6000,4610.0000,4625.2000,4625.4000,4626.0000,4628.4000,4630.2000,1,1,1,1,1,1,1,1,1,3
SF,IF2103,2020-09-07 09:31:30.900,4624.8000,8059,0,44427960.000,0,-,-,-,-,4622.2000,4622.0000,4621.0000,4620.6000,4610.0000,4625.0000,4625.2000,4628.4000,4630.2000,4631.8000,1,1,1,1,1,1,1,1,3,1
SF,IF2103,2020-09-07 09:31:31.400,4624.8000,8059,0,44427960.000,0,-,-,-,-,4622.2000,4621.0000,4620.6000,4610.0000,4605.0000,4624.8000,4625.0000,4628.4000,4630.2000,4631.8000,1,1,1,1,1,1,2,1,3,1
SF,IF2103,2020-09-07 09:31:31.900,4624.8000,8059,0,44427960.000,0,-,-,-,-,4622.2000,4621.0000,4620.6000,4610.0000,4605.0000,4624.6000,4624.8000,4628.4000,4630.2000,4631.8000,1,1,1,1,1,1,2,1,3,1
SF,IF2103,2020-09-07 09:31:32.400,4624.8000,8059,0,44427960.000,0,-,-,-,-,4621.0000,4620.6000,4610.0000,4605.0000,4602.6000,4624.4000,4624.6000,4628.4000,4630.2000,4631.8000,1,1,1,1,1,1,2,1,3,1
SF,IF2103,2020-09-07 09:31:32.900,4624.8000,8059,0,44427960.000,0,-,-,-,-,4621.2000,4621.0000,4620.6000,4610.0000,4605.0000,4624.2000,4624.4000,4628.4000,4630.2000,4631.8000,1,1,1,1,1,1,2,1,3,1
SF,IF2103,2020-09-07 09:31:33.400,4624.8000,8059,0,44427960.000,0,-,-,-,-,4621.2000,4621.0000,4620.6000,4610.0000,4605.0000,4624.0000,4624.2000,4628.4000,4630.2000,4633.6000,1,1,1,1,1,1,2,1,3,1
SF,IF2103,2020-09-07 09:31:33.900,4624.8000,8059,0,44427960.000,0,-,-,-,-,4621.2000,4621.0000,4620.6000,4610.0000,4605.0000,4623.8000,4624.0000,4628.4000,4630.2000,4633.6000,1,1,1,1,1,1,2,1,3,1
SF,IF2103,2020-09-07 09:31:34.400,4623.8000,8059,0,45815100.000,1,0,1,多换,S,4621.2000,4621.0000,4620.6000,4610.0000,4605.0000,4623.6000,4623.8000,4624.0000,4628.4000,4630.2000,1,1,1,1,1,1,1,1,1,3
SF,IF2103,2020-09-07 09:31:34.900,4623.8000,8059,0,45815100.000,0,-,-,-,-,4622.6000,4621.4000,4621.2000,4621.0000,4620.6000,4623.6000,4623.8000,4628.4000,4630.2000,4633.6000,1,1,1,1,1,1,1,1,3,1
SF,IF2103,2020-09-07 09:31:35.400,4623.6000,8058,-1,47202180.000,1,0,1,双平,S,4621.4000,4621.2000,4621.0000,4620.6000,4610.0000,4628.4000,4630.2000,4633.6000,4635.4000,4637.6000,1,1,1,1,1,1,3,1,1,1
SF,IF2103,2020-09-07 09:31:35.900,4623.6000,8058,0,47202180.000,0,-,-,-,-,4621.6000,4621.4000,4621.0000,4620.6000,4610.0000,4628.2000,4628.4000,4630.2000,4633.6000,4635.4000,2,1,1,1,1,1,3,3,1,1
SF,IF2103,2020-09-07 09:31:36.400,4623.6000,8058,0,47202180.000,0,-,-,-,-,4621.6000,4621.0000,4620.6000,4610.0000,4605.0000,4628.0000,4628.2000,4628.4000,4630.2000,4633.6000,2,1,1,1,1,1,2,2,3,1
SF,IF2103,2020-09-07 09:31:36.900,4623.6000,8058,0,47202180.000,0,-,-,-,-,4621.6000,4621.0000,4620.6000,4610.0000,4605.0000,4625.6000,4627.8000,4628.0000,4628.4000,4630.2000,1,1,1,1,1,1,2,2,1,3
SF,IF2103,2020-09-07 09:31:37.400,4623.6000,8058,0,47202180.000,0,-,-,-,-,4621.8000,4621.6000,4621.0000,4620.6000,4610.0000,4625.4000,4625.6000,4626.2000,4626.8000,4627.6000,1,1,1,1,1,2,1,1,1,1
SF,IF2103,2020-09-07 09:31:37.900,4623.6000,8058,0,47202180.000,0,-,-,-,-,4622.0000,4621.8000,4621.0000,4620.6000,4610.0000,4625.2000,4625.4000,4626.2000,4626.8000,4627.6000,1,1,1,1,1,1,2,1,1,1
SF,IF2103,2020-09-07 09:31:38.400,4623.6000,8058,0,47202180.000,0,-,-,-,-,4622.0000,4621.8000,4621.0000,4620.6000,4610.0000,4625.0000,4625.2000,4626.2000,4626.8000,4627.6000,1,1,1,1,1,2,1,1,1,1
SF,IF2103,2020-09-07 09:31:38.900,4623.6000,8058,0,47202180.000,0,-,-,-,-,4622.8000,4622.0000,4621.8000,4621.0000,4620.6000,4625.0000,4626.2000,4627.6000,4628.4000,4630.2000,1,1,1,1,1,1,1,1,1,3
SF,IF2103,2020-09-07 09:31:39.400,4623.6000,8058,0,47202180.000,0,-,-,-,-,4623.0000,4621.8000,4621.0000,4620.6000,4610.0000,4625.0000,4626.2000,4627.6000,4628.4000,4630.2000,1,1,1,1,1,1,1,1,1,3
SF,IF2103,2020-09-07 09:31:40.400,4623.6000,8058,0,47202180.000,0,-,-,-,-,4623.0000,4621.0000,4620.6000,4610.0000,4605.0000,4625.0000,4626.2000,4627.6000,4628.4000,4630.2000,1,1,1,1,1,1,1,1,1,3
SF,IF2103,2020-09-07 09:31:40.900,4623.6000,8058,0,47202180.000,0,-,-,-,-,4621.0000,4620.6000,4610.0000,4605.0000,4602.6000,4624.8000,4625.0000,4626.2000,4627.6000,4628.4000,1,1,1,1,1,1,1,1,1,1
SF,IF2103,2020-09-07 09:31:41.400,4623.6000,8058,0,47202180.000,0,-,-,-,-,4621.2000,4621.0000,4620.6000,4610.0000,4605.0000,4624.6000,4625.0000,4626.2000,4627.6000,4628.4000,2,1,1,1,1,1,1,1,1,1
SF,IF2103,2020-09-07 09:31:41.900,4623.6000,8058,0,47202180.000,0,-,-,-,-,4621.6000,4621.2000,4621.0000,4620.6000,4610.0000,4624.6000,4626.2000,4627.6000,4628.4000,4630.2000,1,2,1,1,1,1,1,1,1,3
SF,IF2103,2020-09-07 09:31:42.400,4623.6000,8058,0,47202180.000,0,-,-,-,-,4621.8000,4621.6000,4621.2000,4621.0000,4620.6000,4624.6000,4626.2000,4627.6000,4628.4000,4630.2000,1,1,1,1,1,1,1,1,1,3
SF,IF2103,2020-09-07 09:31:42.900,4623.6000,8058,0,47202180.000,0,-,-,-,-,4621.8000,4621.6000,4621.2000,4621.0000,4620.6000,4624.6000,4626.2000,4627.6000,4628.4000,4630.2000,1,1,1,1,1,2,1,1,1,3
SF,IF2103,2020-09-07 09:31:43.900,4623.6000,8058,0,47202180.000,0,-,-,-,-,4622.0000,4621.8000,4621.2000,4621.0000,4620.6000,4624.6000,4626.2000,4628.4000,4630.2000,4633.6000,1,1,1,1,1,2,1,1,3,1
SF,IF2103,2020-09-07 09:31:44.400,4623.6000,8058,0,47202180.000,0,-,-,-,-,4622.2000,4622.0000,4621.2000,4621.0000,4620.6000,4624.6000,4626.2000,4628.4000,4630.2000,4633.6000,1,1,1,1,1,2,1,1,3,1
SF,IF2103,2020-09-07 09:31:44.900,4623.6000,8058,0,47202180.000,0,-,-,-,-,4622.4000,4622.2000,4622.0000,4621.2000,4621.0000,4624.6000,4626.2000,4628.4000,4630.2000,4633.6000,1,1,1,1,1,1,1,1,3,1
SF,IF2103,2020-09-07 09:31:45.400,4623.6000,8058,0,47202180.000,0,-,-,-,-,4622.6000,4622.4000,4622.0000,4621.2000,4621.0000,4624.6000,4626.2000,4628.4000,4630.2000,4633.6000,1,1,1,1,1,2,1,1,3,1
SF,IF2103,2020-09-07 09:31:45.900,4624.6000,8057,-1,48589560.000,1,0,1,双平,S,4624.6000,4622.6000,4622.4000,4622.0000,4621.2000,4626.2000,4628.4000,4630.2000,4633.6000,4635.4000,1,1,1,1,1,1,1,3,1,1
SF,IF2103,2020-09-07 09:31:46.400,4624.6000,8057,0,49976940.000,1,0,1,多换,S,4622.4000,4621.0000,4620.6000,4610.0000,4605.0000,4625.6000,4626.0000,4626.2000,4628.4000,4630.2000,1,1,1,1,1,1,1,2,1,3
SF,IF2103,2020-09-07 09:31:46.900,4624.6000,8057,0,49976940.000,0,-,-,-,-,4622.6000,4622.4000,4621.0000,4620.6000,4610.0000,4625.4000,4626.2000,4628.4000,4630.2000,4633.6000,2,1,1,1,1,1,1,1,3,1
SF,IF2103,2020-09-07 09:31:47.400,4624.6000,8057,0,49976940.000,0,-,-,-,-,4622.8000,4622.6000,4622.4000,4621.0000,4620.6000,4628.4000,4630.2000,4633.6000,4635.4000,4637.6000,2,2,1,1,1,1,3,1,1,1
SF,IF2103,2020-09-07 09:31:47.900,4624.6000,8057,0,49976940.000,0,-,-,-,-,4623.0000,4622.8000,4621.0000,4620.6000,4610.0000,4628.2000,4628.4000,4630.2000,4633.6000,4635.4000,2,1,1,1,1,1,2,3,1,1
SF,IF2103,2020-09-07 09:31:48.400,4624.6000,8057,0,49976940.000,0,-,-,-,-,4623.2000,4623.0000,4622.8000,4621.0000,4620.6000,4628.2000,4628.4000,4630.2000,4633.6000,4635.4000,1,2,1,1,1,2,2,3,1,1
SF,IF2103,2020-09-07 09:31:48.900,4624.6000,8057,0,49976940.000,0,-,-,-,-,4623.4000,4623.2000,4622.8000,4621.0000,4620.6000,4627.0000,4628.0000,4628.2000,4628.4000,4630.2000,2,1,1,1,1,1,1,2,2,3
SF,IF2103,2020-09-07 09:31:49.400,4624.6000,8057,0,49976940.000,0,-,-,-,-,4623.4000,4621.0000,4620.6000,4610.0000,4605.0000,4626.8000,4627.0000,4627.6000,4628.0000,4628.4000,2,1,1,1,1,1,2,1,1,2
SF,IF2103,2020-09-07 09:31:49.900,4624.6000,8057,0,49976940.000,0,-,-,-,-,4623.4000,4621.0000,4620.6000,4610.0000,4605.0000,4626.8000,4627.0000,4627.6000,4628.0000,4628.4000,1,1,1,1,1,2,1,1,1,2
SF,IF2103,2020-09-07 09:31:50.400,4624.6000,8057,0,49976940.000,0,-,-,-,-,4624.0000,4623.4000,4621.0000,4620.6000,4610.0000,4625.6000,4626.0000,4626.6000,4626.8000,4627.2000,1,1,1,1,1,1,1,1,2,1
SF,IF2103,2020-09-07 09:31:50.900,4624.0000,8057,0,51364140.000,1,0,1,多换,S,4623.4000,4621.0000,4620.6000,4610.0000,4605.0000,4625.4000,4625.6000,4626.0000,4626.4000,4626.6000,1,1,1,1,1,1,1,1,1,1
SF,IF2103,2020-09-07 09:31:51.400,4624.0000,8057,0,51364140.000,0,-,-,-,-,4621.0000,4620.6000,4610.0000,4605.0000,4602.6000,4625.4000,4625.6000,4626.0000,4626.4000,4626.6000,1,1,1,1,1,2,1,1,1,1
SF,IF2103,2020-09-07 09:31:51.900,4624.0000,8057,0,51364140.000,0,-,-,-,-,4621.2000,4621.0000,4620.6000,4610.0000,4605.0000,4625.2000,4625.4000,4625.6000,4626.0000,4626.4000,1,1,1,1,1,1,2,1,1,1
SF,IF2103,2020-09-07 09:31:52.400,4624.0000,8057,0,51364140.000,0,-,-,-,-,4621.2000,4621.0000,4620.6000,4610.0000,4605.0000,4624.8000,4625.0000,4625.2000,4625.6000,4626.0000,1,1,1,1,1,1,1,2,1,1
SF,IF2103,2020-09-07 09:31:52.900,4624.0000,8057,0,51364140.000,0,-,-,-,-,4621.2000,4621.0000,4620.6000,4610.0000,4605.0000,4624.6000,4624.8000,4625.0000,4625.6000,4626.0000,1,1,1,1,1,2,2,1,1,1
SF,IF2103,2020-09-07 09:31:53.400,4624.0000,8057,0,51364140.000,0,-,-,-,-,4621.2000,4621.0000,4620.6000,4610.0000,4605.0000,4624.6000,4624.8000,4625.0000,4625.6000,4625.8000,1,1,1,1,1,2,1,1,1,1
SF,IF2103,2020-09-07 09:31:53.900,4624.0000,8057,0,51364140.000,0,-,-,-,-,4621.2000,4621.0000,4620.6000,4610.0000,4605.0000,4624.6000,4625.0000,4625.6000,4625.8000,4626.0000,1,1,1,1,1,2,1,1,1,1
SF,IF2103,2020-09-07 09:31:54.400,4624.0000,8057,0,51364140.000,0,-,-,-,-,4621.2000,4621.0000,4620.6000,4610.0000,4605.0000,4623.4000,4624.0000,4624.4000,4624.6000,4625.0000,1,1,1,1,1,1,1,1,2,1
SF,IF2103,2020-09-07 09:31:54.900,4624.0000,8057,0,51364140.000,0,-,-,-,-,4621.2000,4621.0000,4620.6000,4610.0000,4605.0000,4623.4000,4624.0000,4624.6000,4625.0000,4625.6000,1,1,1,1,1,2,1,1,1,1
SF,IF2103,2020-09-07 09:31:55.400,4624.0000,8057,0,51364140.000,0,-,-,-,-,4621.2000,4621.0000,4620.6000,4610.0000,4605.0000,4623.4000,4624.0000,4624.6000,4625.0000,4625.6000,1,1,1,1,1,2,1,1,1,1
SF,IF2103,2020-09-07 09:31:55.900,4624.0000,8057,0,51364140.000,0,-,-,-,-,4621.2000,4621.0000,4620.6000,4610.0000,4605.0000,4623.4000,4624.0000,4624.6000,4625.0000,4625.6000,1,1,1,1,1,2,1,1,1,1
SF,IF2103,2020-09-07 09:31:56.400,4624.0000,8057,0,51364140.000,0,-,-,-,-,4621.2000,4621.0000,4620.6000,4610.0000,4605.0000,4623.2000,4623.4000,4624.0000,4624.6000,4625.0000,1,1,1,1,1,1,1,1,1,1
SF,IF2103,2020-09-07 09:31:56.900,4624.0000,8057,0,51364140.000,0,-,-,-,-,4621.0000,4620.6000,4610.0000,4605.0000,4602.6000,4623.2000,4623.4000,4624.0000,4624.6000,4625.0000,1,1,1,1,1,2,1,1,1,1
SF,IF2103,2020-09-07 09:31:57.400,4624.0000,8057,0,51364140.000,0,-,-,-,-,4621.0000,4620.6000,4610.0000,4605.0000,4602.6000,4623.2000,4624.0000,4624.6000,4625.0000,4625.6000,1,1,1,1,1,2,1,1,1,1
SF,IF2103,2020-09-07 09:31:57.900,4624.0000,8057,0,51364140.000,0,-,-,-,-,4621.0000,4620.6000,4610.0000,4605.0000,4602.6000,4623.2000,4624.0000,4624.6000,4625.0000,4625.6000,1,1,1,1,1,2,1,1,1,1
SF,IF2103,2020-09-07 09:31:58.400,4624.0000,8057,0,52751340.000,1,0,1,多换,S,4621.0000,4620.6000,4610.0000,4605.0000,4602.6000,4622.4000,4623.0000,4623.2000,4624.0000,4624.6000,1,1,1,1,1,1,1,2,1,1
SF,IF2103,2020-09-07 09:31:58.900,4621.0000,8057,0,54137640.000,1,0,1,多换,S,4620.6000,4610.0000,4605.0000,4602.6000,4595.0000,4622.4000,4623.0000,4623.2000,4624.0000,4624.6000,1,1,1,1,1,1,1,2,1,1
SF,IF2103,2020-09-07 09:31:59.400,4620.6000,8057,0,55523820.000,1,0,1,多换,S,4610.0000,4605.0000,4602.6000,4595.0000,4590.0000,4622.2000,4622.4000,4623.0000,4623.2000,4624.0000,1,1,1,1,1,1,1,1,1,1
SF,IF2103,2020-09-07 09:31:59.900,4620.6000,8057,0,55523820.000,0,-,-,-,-,4619.0000,4617.2000,4616.0000,4615.6000,4614.6000,4622.0000,4622.2000,4622.4000,4624.0000,4625.8000,1,1,1,1,1,2,1,1,1,1
SF,IF2103,2020-09-07 09:32:00.400,4620.6000,8057,0,55523820.000,0,-,-,-,-,4619.2000,4617.2000,4615.6000,4610.2000,4610.0000,4621.8000,4622.0000,4622.4000,4624.0000,4625.8000,1,1,1,1,2,1,2,1,1,1
SF,IF2103,2020-09-07 09:32:00.900,4617.2000,8056,-1,56908980.000,1,0,1,双平,S,4615.6000,4610.2000,4610.0000,4605.0000,4602.6000,4621.6000,4621.8000,4624.0000,4625.8000,4627.2000,1,1,1,1,1,2,1,1,1,1
SF,IF2103,2020-09-07 09:32:01.400,4617.2000,8056,0,56908980.000,0,-,-,-,-,4615.8000,4615.6000,4610.0000,4605.0000,4595.0000,4621.4000,4621.6000,4624.0000,4627.2000,4628.4000,1,2,1,1,1,2,2,1,1,1
SF,IF2103,2020-09-07 09:32:01.900,4617.2000,8056,0,56908980.000,0,-,-,-,-,4615.8000,4615.6000,4610.0000,4605.0000,4595.0000,4620.0000,4620.8000,4621.2000,4621.4000,4621.6000,1,1,1,1,1,1,1,1,2,1
SF,IF2103,2020-09-07 09:32:02.400,4617.2000,8056,0,56908980.000,0,-,-,-,-,4615.8000,4615.6000,4610.0000,4605.0000,4595.0000,4619.8000,4620.0000,4620.8000,4621.4000,4624.0000,1,1,1,1,1,3,2,1,1,1
SF,IF2103,2020-09-07 09:32:02.900,4617.2000,8056,0,56908980.000,0,-,-,-,-,4616.2000,4615.8000,4615.6000,4610.0000,4605.0000,4619.8000,4620.0000,4620.8000,4621.4000,4624.0000,1,1,1,1,1,3,1,1,1,1
SF,IF2103,2020-09-07 09:32:03.400,4617.2000,8056,0,56908980.000,0,-,-,-,-,4616.4000,4615.6000,4610.0000,4605.0000,4603.2000,4619.8000,4620.0000,4620.8000,4621.4000,4624.0000,1,1,1,1,1,3,1,1,1,1
SF,IF2103,2020-09-07 09:32:03.900,4617.2000,8056,0,56908980.000,0,-,-,-,-,4616.6000,4616.4000,4615.6000,4610.0000,4605.0000,4619.8000,4620.0000,4620.8000,4621.4000,4624.0000,1,1,1,1,1,3,1,1,1,1
SF,IF2103,2020-09-07 09:32:04.400,4617.2000,8056,0,56908980.000,0,-,-,-,-,4616.8000,4615.6000,4610.0000,4605.0000,4603.2000,4619.8000,4620.0000,4620.8000,4621.4000,4624.0000,1,1,1,1,1,3,1,1,1,1
SF,IF2103,2020-09-07 09:32:04.900,4617.2000,8056,0,56908980.000,0,-,-,-,-,4616.8000,4615.6000,4610.0000,4605.0000,4603.2000,4619.8000,4620.0000,4620.8000,4621.4000,4624.0000,2,1,1,1,1,3,1,1,1,1
SF,IF2103,2020-09-07 09:32:05.400,4617.2000,8056,0,56908980.000,0,-,-,-,-,4610.0000,4605.0000,4603.2000,4595.0000,4590.0000,4615.8000,4619.6000,4619.8000,4620.0000,4620.8000,1,1,1,1,1,1,1,3,1,1
SF,IF2103,2020-09-07 09:32:05.900,4615.8000,8054,-2,59678460.000,2,0,2,双平,S,4615.8000,4612.8000,4611.2000,4610.2000,4610.0000,4619.8000,4620.0000,4620.8000,4624.0000,4627.2000,2,1,2,2,1,1,1,1,1,1
SF,IF2103,2020-09-07 09:32:06.400,4615.8000,8054,0,59678460.000,0,-,-,-,-,4616.0000,4615.8000,4611.2000,4610.0000,4605.0000,4619.6000,4619.8000,4620.0000,4620.8000,4624.0000,2,1,1,1,1,1,2,1,1,1
SF,IF2103,2020-09-07 09:32:06.900,4615.8000,8054,0,59678460.000,0,-,-,-,-,4616.0000,4610.0000,4605.0000,4603.2000,4595.0000,4617.2000,4619.4000,4619.6000,4619.8000,4620.8000,1,1,1,1,1,1,1,2,1,1
SF,IF2103,2020-09-07 09:32:07.400,4615.8000,8054,0,59678460.000,0,-,-,-,-,4610.0000,4605.0000,4603.2000,4595.0000,4590.0000,4619.4000,4619.6000,4619.8000,4620.8000,4624.0000,1,1,1,1,1,1,1,1,1,1
SF,IF2103,2020-09-07 09:32:07.900,4615.8000,8054,0,59678460.000,0,-,-,-,-,4615.8000,4615.6000,4613.0000,4611.4000,4610.2000,4619.2000,4619.8000,4620.8000,4624.0000,4627.2000,1,1,1,1,4,1,1,1,1,1
SF,IF2103,2020-09-07 09:32:08.400,4615.8000,8054,0,59678460.000,0,-,-,-,-,4616.6000,4616.0000,4615.6000,4613.0000,4611.4000,4619.2000,4620.8000,4624.0000,4627.2000,4628.4000,1,2,1,1,1,1,1,1,1,1
SF,IF2103,2020-09-07 09:32:08.900,4615.8000,8054,0,59678460.000,0,-,-,-,-,4616.8000,4616.6000,4615.6000,4613.0000,4611.4000,4619.2000,4620.8000,4624.0000,4627.2000,4628.4000,2,1,1,1,1,1,1,1,1,1
SF,IF2103,2020-09-07 09:32:09.400,4615.8000,8054,0,59678460.000,0,-,-,-,-,4616.8000,4616.6000,4615.6000,4613.0000,4610.0000,4619.0000,4620.8000,4624.0000,4627.2000,4628.4000,2,1,1,1,1,1,1,1,1,1
SF,IF2103,2020-09-07 09:32:09.900,4615.8000,8054,0,59678460.000,0,-,-,-,-,4616.8000,4616.6000,4615.6000,4613.0000,4610.0000,4619.0000,4624.0000,4627.2000,4628.4000,4630.2000,2,1,1,1,1,2,1,1,1,3
SF,IF2103,2020-09-07 09:32:10.400,4615.8000,8054,0,59678460.000,0,-,-,-,-,4616.8000,4616.6000,4615.6000,4613.0000,4610.0000,4619.0000,4624.0000,4627.2000,4628.4000,4630.2000,2,1,1,1,1,1,1,1,1,3
SF,IF2103,2020-09-07 09:32:10.900,4619.0000,8054,0,61064160.000,1,0,1,多换,S,4617.0000,4616.8000,4616.6000,4615.6000,4613.0000,4624.0000,4627.2000,4628.4000,4630.2000,4633.6000,1,2,1,2,1,1,1,1,3,1
SF,IF2103,2020-09-07 09:32:11.400,4619.0000,8054,0,61064160.000,0,-,-,-,-,4617.2000,4616.6000,4615.6000,4613.0000,4610.0000,4620.0000,4623.8000,4624.0000,4627.2000,4628.4000,3,1,2,1,1,1,2,1,1,1
SF,IF2103,2020-09-07 09:32:11.900,4619.0000,8054,0,61064160.000,0,-,-,-,-,4617.2000,4616.6000,4615.6000,4613.0000,4610.0000,4620.0000,4623.8000,4624.0000,4627.2000,4628.4000,3,1,2,1,1,1,2,1,1,1
SF,IF2103,2020-09-07 09:32:12.400,4619.0000,8054,0,61064160.000,0,-,-,-,-,4617.4000,4617.2000,4616.6000,4615.6000,4613.0000,4620.0000,4623.8000,4624.0000,4627.2000,4628.4000,1,3,1,2,1,1,2,1,1,1
SF,IF2103,2020-09-07 09:32:12.900,4620.0000,8053,-1,62450160.000,1,0,1,双平,S,4617.6000,4617.4000,4616.6000,4615.6000,4613.0000,4619.8000,4623.8000,4624.0000,4627.2000,4628.4000,3,1,1,2,1,1,2,1,1,1
SF,IF2103,2020-09-07 09:32:13.400,4619.8000,8053,0,63836100.000,1,0,1,多换,S,4617.6000,4617.4000,4616.6000,4615.6000,4613.0000,4619.8000,4622.4000,4623.8000,4624.0000,4627.2000,2,1,1,2,1,1,1,2,1,1
SF,IF2103,2020-09-07 09:32:13.900,4619.8000,8053,0,63836100.000,0,-,-,-,-,4617.8000,4617.6000,4616.6000,4615.6000,4610.0000,4619.6000,4619.8000,4622.4000,4623.8000,4624.0000,1,1,1,2,1,1,1,1,1,1
SF,IF2103,2020-09-07 09:32:14.400,4617.8000,8052,-1,65221440.000,1,0,1,双平,S,4616.6000,4615.6000,4614.4000,4610.0000,4605.0000,4616.8000,4619.6000,4622.4000,4623.8000,4624.0000,1,2,1,1,1,1,2,1,1,1
SF,IF2103,2020-09-07 09:32:14.900,4616.8000,8052,0,66606480.000,1,0,1,多换,S,4616.6000,4615.6000,4614.4000,4610.0000,4605.0000,4619.6000,4624.0000,4627.2000,4628.4000,4630.2000,1,2,1,1,1,1,1,1,1,3
SF,IF2103,2020-09-07 09:32:15.400,4619.4000,8052,0,67992300.000,1,0,1,多换,S,4617.2000,4616.8000,4616.6000,4615.6000,4614.4000,4624.0000,4627.2000,4628.4000,4630.2000,4633.6000,1,2,1,2,1,1,1,1,3,1
SF,IF2103,2020-09-07 09:32:15.900,4619.4000,8052,0,67992300.000,0,-,-,-,-,4617.4000,4617.2000,4616.6000,4615.6000,4614.4000,4622.8000,4623.8000,4624.0000,4627.2000,4628.4000,2,1,1,2,1,1,2,2,1,1
SF,IF2103,2020-09-07 09:32:16.400,4619.4000,8052,0,67992300.000,0,-,-,-,-,4617.4000,4617.2000,4616.6000,4615.6000,4614.4000,4622.6000,4622.8000,4623.8000,4624.0000,4627.2000,2,1,1,2,1,1,1,1,1,1
SF,IF2103,2020-09-07 09:32:16.900,4619.4000,8052,0,67992300.000,0,-,-,-,-,4617.6000,4617.4000,4617.2000,4616.6000,4615.6000,4622.8000,4623.8000,4624.0000,4627.2000,4628.4000,1,2,1,1,2,1,1,1,1,1
SF,IF2103,2020-09-07 09:32:17.400,4619.4000,8052,0,67992300.000,0,-,-,-,-,4617.8000,4617.6000,4617.2000,4616.6000,4615.6000,4622.8000,4623.8000,4624.0000,4627.2000,4628.4000,2,1,1,1,2,1,1,1,1,1
SF,IF2103,2020-09-07 09:32:17.900,4619.4000,8052,0,67992300.000,0,-,-,-,-,4617.8000,4617.2000,4616.6000,4615.6000,4614.4000,4622.6000,4622.8000,4623.8000,4624.0000,4627.2000,2,1,1,2,1,1,1,1,1,1
SF,IF2103,2020-09-07 09:32:18.400,4619.4000,8052,0,67992300.000,0,-,-,-,-,4618.4000,4617.8000,4617.2000,4616.6000,4615.6000,4622.6000,4622.8000,4623.8000,4624.0000,4627.2000,1,2,1,1,1,2,1,1,1,1
SF,IF2103,2020-09-07 09:32:18.900,4619.4000,8052,0,67992300.000,0,-,-,-,-,4618.6000,4617.2000,4616.6000,4615.6000,4614.4000,4622.0000,4622.6000,4622.8000,4623.8000,4624.0000,1,1,1,1,1,1,2,1,1,1
SF,IF2103,2020-09-07 09:32:19.400,4619.4000,8052,0,67992300.000,0,-,-,-,-,4618.6000,4617.2000,4616.6000,4615.6000,4614.4000,4621.8000,4622.0000,4622.8000,4623.8000,4624.0000,1,1,1,1,1,1,2,1,1,1
SF,IF2103,2020-09-07 09:32:19.900,4619.4000,8052,0,67992300.000,0,-,-,-,-,4618.6000,4616.6000,4615.6000,4614.4000,4613.2000,4621.8000,4622.8000,4623.8000,4624.0000,4627.2000,1,1,1,1,1,2,1,1,1,1
SF,IF2103,2020-09-07 09:32:20.400,4619.4000,8052,0,67992300.000,0,-,-,-,-,4618.8000,4618.6000,4616.6000,4615.6000,4614.4000,4621.2000,4621.6000,4621.8000,4622.8000,4623.8000,1,1,1,1,1,1,1,2,1,1
SF,IF2103,2020-09-07 09:32:20.900,4619.4000,8052,0,67992300.000,0,-,-,-,-,4618.8000,4618.6000,4616.6000,4615.6000,4614.4000,4621.2000,4621.6000,4621.8000,4622.8000,4623.8000,1,1,1,1,1,1,1,1,1,1
SF,IF2103,2020-09-07 09:32:21.400,4619.4000,8052,0,67992300.000,0,-,-,-,-,4618.8000,4618.6000,4616.6000,4615.6000,4614.4000,4621.2000,4621.6000,4622.8000,4623.8000,4624.0000,2,1,1,1,1,1,1,1,1,1
SF,IF2103,2020-09-07 09:32:21.900,4619.4000,8052,0,67992300.000,0,-,-,-,-,4618.8000,4618.6000,4616.6000,4615.6000,4614.4000,4621.2000,4622.8000,4623.8000,4624.0000,4627.2000,2,1,1,1,1,1,1,1,1,1
SF,IF2103,2020-09-07 09:32:22.400,4621.2000,8051,-1,69378660.000,1,0,1,双平,S,4618.8000,4618.6000,4616.6000,4615.6000,4614.4000,4622.8000,4623.8000,4624.0000,4627.2000,4628.4000,1,1,1,1,1,1,1,1,1,1
SF,IF2103,2020-09-07 09:32:22.900,4621.2000,8051,0,69378660.000,0,-,-,-,-,4619.0000,4616.6000,4615.6000,4614.4000,4613.2000,4622.6000,4622.8000,4623.8000,4624.0000,4627.2000,3,1,1,1,1,1,1,1,1,1
SF,IF2103,2020-09-07 09:32:23.900,4621.2000,8051,0,69378660.000,0,-,-,-,-,4619.0000,4616.6000,4615.6000,4614.4000,4613.2000,4622.6000,4622.8000,4623.8000,4624.0000,4627.2000,3,1,1,1,1,2,1,1,1,1
SF,IF2103,2020-09-07 09:32:24.400,4621.2000,8051,0,69378660.000,0,-,-,-,-,4619.0000,4616.6000,4615.6000,4614.4000,4613.2000,4622.6000,4622.8000,4623.8000,4624.0000,4627.2000,2,1,1,1,1,1,1,1,1,1
SF,IF2103,2020-09-07 09:32:25.400,4619.0000,8051,0,70764360.000,1,0,1,多换,S,4619.0000,4616.6000,4615.6000,4614.4000,4613.2000,4622.6000,4623.8000,4624.0000,4627.2000,4628.4000,1,1,1,1,1,1,1,1,1,1
SF,IF2103,2020-09-07 09:32:25.900,4619.0000,8051,0,70764360.000,0,-,-,-,-,4619.2000,4619.0000,4616.6000,4615.6000,4614.4000,4622.6000,4623.8000,4624.0000,4627.2000,4628.4000,1,1,1,1,1,2,1,1,1,1
SF,IF2103,2020-09-07 09:32:26.400,4619.0000,8051,0,70764360.000,0,-,-,-,-,4619.4000,4619.2000,4616.6000,4615.6000,4614.4000,4622.0000,4622.6000,4623.8000,4624.0000,4627.2000,2,1,1,1,1,1,2,1,1,1
SF,IF2103,2020-09-07 09:32:26.900,4619.0000,8051,0,70764360.000,0,-,-,-,-,4619.6000,4619.4000,4616.6000,4615.6000,4614.4000,4621.8000,4622.0000,4622.6000,4623.8000,4624.0000,1,2,1,1,1,1,1,1,1,1
SF,IF2103,2020-09-07 09:32:27.400,4619.0000,8051,0,70764360.000,0,-,-,-,-,4619.8000,4619.6000,4616.6000,4615.6000,4614.4000,4621.8000,4622.6000,4623.8000,4624.0000,4627.2000,1,1,1,1,1,1,1,1,1,1
SF,IF2103,2020-09-07 09:32:27.900,4619.0000,8051,0,70764360.000,0,-,-,-,-,4619.8000,4619.6000,4616.6000,4615.6000,4614.4000,4621.8000,4623.8000,4624.0000,4627.2000,4628.4000,1,1,1,1,1,1,1,1,1,1
SF,IF2103,2020-09-07 09:32:32.400,4619.0000,8051,0,70764360.000,0,-,-,-,-,4619.8000,4619.6000,4616.6000,4615.6000,4614.4000,4621.8000,4623.8000,4624.0000,4627.2000,4628.4000,1,1,1,1,1,2,1,1,1,1
SF,IF2103,2020-09-07 09:32:32.900,4619.0000,8051,0,70764360.000,0,-,-,-,-,4619.6000,4616.6000,4615.6000,4614.4000,4613.2000,4621.8000,4623.8000,4624.0000,4627.2000,4628.4000,1,1,1,1,1,2,1,1,1,1
SF,IF2103,2020-09-07 09:32:33.400,4619.0000,8051,0,70764360.000,0,-,-,-,-,4616.6000,4615.6000,4614.4000,4613.2000,4612.0000,4621.8000,4623.8000,4624.0000,4627.2000,4628.4000,1,1,1,1,1,2,1,1,1,1
SF,IF2103,2020-09-07 09:32:33.900,4619.0000,8051,0,70764360.000,0,-,-,-,-,4617.2000,4616.8000,4616.6000,4615.6000,4614.4000,4621.6000,4621.8000,4624.0000,4627.2000,4628.4000,1,1,1,1,1,1,1,1,1,1
SF,IF2103,2020-09-07 09:32:34.400,4619.0000,8051,0,70764360.000,0,-,-,-,-,4617.4000,4617.2000,4616.6000,4615.6000,4614.4000,4621.4000,4621.6000,4624.0000,4627.2000,4628.4000,1,1,1,1,1,1,1,1,1,1
SF,IF2103,2020-09-07 09:32:34.900,4619.0000,8051,0,70764360.000,0,-,-,-,-,4617.4000,4617.2000,4616.6000,4615.6000,4614.4000,4621.2000,4621.4000,4624.0000,4627.2000,4628.4000,2,1,1,1,1,1,1,1,1,1
SF,IF2103,2020-09-07 09:32:35.400,4619.0000,8051,0,70764360.000,0,-,-,-,-,4617.4000,4617.2000,4616.6000,4615.6000,4614.4000,4621.2000,4624.0000,4627.2000,4628.4000,4633.6000,1,1,1,1,1,1,1,1,1,1
SF,IF2103,2020-09-07 09:32:35.900,4619.0000,8051,0,70764360.000,0,-,-,-,-,4617.8000,4617.4000,4617.2000,4616.6000,4615.6000,4621.2000,4624.0000,4627.2000,4628.4000,4633.6000,1,2,1,1,1,1,1,1,1,1
SF,IF2103,2020-09-07 09:32:36.400,4619.0000,8051,0,70764360.000,0,-,-,-,-,4618.0000,4617.8000,4617.2000,4616.6000,4615.6000,4621.2000,4624.0000,4627.2000,4628.4000,4633.6000,1,1,1,1,1,1,1,1,1,1
SF,IF2103,2020-09-07 09:32:37.400,4619.0000,8051,0,70764360.000,0,-,-,-,-,4618.0000,4617.8000,4617.2000,4616.6000,4615.6000,4621.2000,4624.0000,4627.2000,4628.4000,4633.6000,1,1,1,1,1,2,1,1,1,1
SF,IF2103,2020-09-07 09:32:37.900,4619.0000,8051,0,70764360.000,0,-,-,-,-,4618.0000,4617.8000,4617.2000,4616.6000,4615.6000,4621.2000,4624.0000,4627.2000,4628.4000,4633.6000,1,1,1,1,1,1,1,1,1,1
SF,IF2103,2020-09-07 09:32:39.400,4619.0000,8051,0,70764360.000,0,-,-,-,-,4618.2000,4618.0000,4617.8000,4617.2000,4616.6000,4621.2000,4624.0000,4627.2000,4628.4000,4633.6000,1,2,1,1,1,1,1,1,1,1
SF,IF2103,2020-09-07 09:32:39.900,4619.0000,8051,0,70764360.000,0,-,-,-,-,4618.4000,4618.2000,4617.8000,4617.2000,4616.6000,4624.0000,4627.2000,4628.4000,4633.6000,4635.4000,2,2,1,1,1,1,1,1,1,1
SF,IF2103,2020-09-07 09:32:40.400,4619.0000,8051,0,70764360.000,0,-,-,-,-,4618.6000,4618.4000,4618.2000,4617.8000,4617.2000,4622.8000,4623.8000,4624.0000,4627.2000,4628.4000,1,2,1,1,1,1,1,1,1,1
SF,IF2103,2020-09-07 09:32:40.900,4619.0000,8051,0,70764360.000,0,-,-,-,-,4618.8000,4618.6000,4617.8000,4617.2000,4616.6000,4622.6000,4624.0000,4627.2000,4628.4000,4633.6000,3,1,1,1,1,1,1,1,1,1
SF,IF2103,2020-09-07 09:32:41.400,4619.0000,8051,0,70764360.000,0,-,-,-,-,4619.0000,4618.8000,4617.8000,4617.2000,4616.6000,4622.6000,4624.0000,4627.2000,4628.4000,4633.6000,1,4,1,1,1,1,1,1,1,1
SF,IF2103,2020-09-07 09:32:41.900,4619.0000,8051,0,70764360.000,0,-,-,-,-,4619.2000,4619.0000,4618.8000,4617.8000,4617.2000,4622.6000,4624.0000,4627.2000,4628.4000,4633.6000,2,1,1,1,1,1,1,1,1,1
SF,IF2103,2020-09-07 09:32:42.400,4619.0000,8051,0,72150060.000,1,0,1,多换,S,4619.4000,4619.2000,4617.8000,4617.2000,4616.6000,4622.6000,4624.0000,4627.2000,4628.4000,4633.6000,1,3,1,1,1,1,1,1,1,1
SF,IF2103,2020-09-07 09:32:42.900,4619.0000,8051,0,72150060.000,0,-,-,-,-,4619.6000,4619.4000,4617.8000,4617.2000,4616.6000,4622.6000,4624.0000,4627.2000,4628.4000,4633.6000,2,1,1,1,1,1,1,1,1,1
SF,IF2103,2020-09-07 09:32:43.400,4619.0000,8051,0,72150060.000,0,-,-,-,-,4619.8000,4619.6000,4619.4000,4617.8000,4617.2000,4622.6000,4624.0000,4627.2000,4628.4000,4633.6000,1,2,1,1,1,1,1,1,1,1
SF,IF2103,2020-09-07 09:32:43.900,4619.0000,8051,0,72150060.000,0,-,-,-,-,4620.0000,4619.8000,4619.4000,4617.8000,4617.2000,4622.6000,4624.0000,4627.2000,4628.4000,4633.6000,2,1,1,1,1,1,1,1,1,1
SF,IF2103,2020-09-07 09:32:44.400,4619.0000,8051,0,72150060.000,0,-,-,-,-,4620.4000,4620.0000,4617.2000,4616.6000,4615.6000,4624.0000,4627.2000,4628.4000,4633.6000,4635.4000,1,3,1,1,1,1,1,1,1,1
SF,IF2103,2020-09-07 09:32:44.900,4619.0000,8051,0,72150060.000,0,-,-,-,-,4620.6000,4620.4000,4617.2000,4616.6000,4615.6000,4623.8000,4624.0000,4627.2000,4628.4000,4633.6000,3,1,1,1,1,2,1,1,1,1
SF,IF2103,2020-09-07 09:32:45.400,4619.0000,8051,0,72150060.000,0,-,-,-,-,4620.6000,4620.4000,4617.2000,4616.6000,4615.6000,4623.6000,4623.8000,4624.0000,4627.2000,4628.4000,3,2,1,1,1,1,2,1,1,1
SF,IF2103,2020-09-07 09:32:45.900,4619.0000,8051,0,72150060.000,0,-,-,-,-,4620.6000,4619.4000,4617.2000,4616.6000,4614.4000,4623.4000,4623.6000,4623.8000,4624.0000,4627.2000,3,1,1,1,1,1,1,1,1,1
SF,IF2103,2020-09-07 09:32:46.400,4619.0000,8051,0,72150060.000,0,-,-,-,-,4620.8000,4620.6000,4619.4000,4617.2000,4616.6000,4623.4000,4623.8000,4627.2000,4628.4000,4633.6000,1,3,1,1,1,1,1,1,1,1
SF,IF2103,2020-09-07 09:32:46.900,4619.0000,8051,0,72150060.000,0,-,-,-,-,4621.0000,4620.8000,4620.6000,4619.4000,4616.6000,4623.4000,4623.8000,4627.2000,4628.4000,4633.6000,2,1,1,1,1,1,1,1,1,1
SF,IF2103,2020-09-07 09:32:47.400,4619.0000,8051,0,72150060.000,0,-,-,-,-,4621.0000,4620.8000,4619.4000,4616.6000,4614.4000,4623.4000,4623.8000,4627.2000,4628.4000,4633.6000,2,1,1,1,1,1,1,1,1,1
SF,IF2103,2020-09-07 09:32:47.900,4619.0000,8051,0,72150060.000,0,-,-,-,-,4621.0000,4619.4000,4616.6000,4614.4000,4613.2000,4623.4000,4623.8000,4627.2000,4628.4000,4633.6000,2,1,1,1,1,1,1,1,1,1
SF,IF2103,2020-09-07 09:32:48.400,4619.0000,8051,0,72150060.000,0,-,-,-,-,4621.0000,4619.4000,4616.6000,4614.4000,4613.2000,4623.4000,4623.8000,4627.2000,4628.4000,4633.6000,1,1,1,1,1,2,1,1,1,1
SF,IF2103,2020-09-07 09:32:49.900,4619.0000,8051,0,72150060.000,0,-,-,-,-,4621.0000,4619.4000,4616.6000,4614.4000,4613.2000,4623.4000,4623.8000,4627.2000,4628.4000,4633.6000,1,1,1,1,1,1,1,1,1,1
SF,IF2103,2020-09-07 09:32:50.400,4623.4000,8050,-1,73537080.000,1,0,1,双平,S,4619.4000,4616.6000,4614.4000,4613.2000,4612.0000,4623.8000,4627.2000,4628.4000,4633.6000,4635.4000,1,1,1,1,1,1,1,1,1,1
SF,IF2103,2020-09-07 09:32:50.900,4623.4000,8050,0,73537080.000,0,-,-,-,-,4619.6000,4619.4000,4616.6000,4614.4000,4613.2000,4623.6000,4627.2000,4628.4000,4633.6000,4635.4000,2,1,1,1,1,1,1,1,1,1
SF,IF2103,2020-09-07 09:32:51.400,4623.4000,8050,0,73537080.000,0,-,-,-,-,4620.0000,4619.8000,4619.6000,4619.4000,4616.6000,4623.6000,4627.2000,4628.4000,4633.6000,4635.4000,2,2,1,1,1,1,1,1,1,1
SF,IF2103,2020-09-07 09:32:51.900,4623.4000,8050,0,73537080.000,0,-,-,-,-,4620.4000,4620.2000,4620.0000,4619.4000,4616.6000,4623.6000,4627.2000,4628.4000,4633.6000,4635.4000,1,1,2,1,1,1,1,1,1,1
SF,IF2103,2020-09-07 09:32:52.400,4623.4000,8050,0,73537080.000,0,-,-,-,-,4620.6000,4620.4000,4620.0000,4619.4000,4616.6000,4627.2000,4628.4000,4633.6000,4635.4000,4637.6000,2,1,2,1,1,1,1,1,1,1
SF,IF2103,2020-09-07 09:32:52.900,4623.4000,8050,0,73537080.000,0,-,-,-,-,4620.6000,4620.4000,4620.0000,4619.4000,4616.6000,4625.6000,4627.0000,4627.2000,4628.4000,4633.6000,2,1,2,1,1,1,2,2,1,1
SF,IF2103,2020-09-07 09:32:53.400,4623.4000,8050,0,73537080.000,0,-,-,-,-,4620.6000,4620.4000,4620.0000,4619.4000,4616.6000,4625.4000,4625.6000,4627.0000,4627.2000,4628.4000,1,1,2,1,1,2,2,1,1,1
SF,IF2103,2020-09-07 09:32:53.900,4623.4000,8050,0,73537080.000,0,-,-,-,-,4620.8000,4620.6000,4620.4000,4620.0000,4619.4000,4624.8000,4625.0000,4625.4000,4625.6000,4627.0000,1,1,1,2,1,1,1,2,2,1
SF,IF2103,2020-09-07 09:32:54.400,4623.4000,8050,0,73537080.000,0,-,-,-,-,4621.0000,4620.4000,4620.0000,4619.4000,4616.6000,4624.6000,4624.8000,4625.0000,4625.6000,4627.0000,1,1,2,1,1,3,3,2,2,1
SF,IF2103,2020-09-07 09:32:54.900,4623.4000,8050,0,73537080.000,0,-,-,-,-,4621.0000,4620.4000,4620.0000,4619.4000,4616.6000,4624.2000,4624.6000,4624.8000,4625.0000,4625.6000,1,1,1,1,1,1,2,3,2,2
SF,IF2103,2020-09-07 09:32:55.400,4623.4000,8050,0,73537080.000,0,-,-,-,-,4621.0000,4620.4000,4620.0000,4619.4000,4616.6000,4623.2000,4624.0000,4624.2000,4624.8000,4625.0000,1,1,1,1,1,1,2,1,3,2
SF,IF2103,2020-09-07 09:32:55.900,4623.4000,8050,0,73537080.000,0,-,-,-,-,4621.0000,4620.4000,4620.0000,4619.4000,4616.6000,4623.2000,4624.0000,4624.8000,4625.0000,4625.6000,1,1,1,1,1,1,1,2,1,1
SF,IF2103,2020-09-07 09:32:56.400,4623.4000,8050,0,73537080.000,0,-,-,-,-,4621.0000,4620.4000,4620.0000,4619.4000,4616.6000,4623.2000,4624.8000,4625.0000,4625.6000,4628.4000,1,1,1,1,1,1,2,1,1,1
SF,IF2103,2020-09-07 09:32:56.900,4623.4000,8050,0,73537080.000,0,-,-,-,-,4621.0000,4620.4000,4620.0000,4619.4000,4616.6000,4623.2000,4624.8000,4625.0000,4625.6000,4628.4000,1,1,1,1,1,1,2,1,1,1
SF,IF2103,2020-09-07 09:32:57.400,4623.4000,8050,0,73537080.000,0,-,-,-,-,4621.0000,4620.4000,4620.0000,4619.4000,4616.6000,4623.2000,4624.8000,4625.0000,4625.6000,4628.4000,1,1,1,1,1,1,1,1,1,1
SF,IF2103,2020-09-07 09:32:57.900,4623.2000,8049,-1,74924040.000,1,0,1,双平,S,4621.0000,4620.4000,4620.0000,4619.4000,4616.6000,4624.8000,4625.0000,4625.6000,4628.4000,4633.6000,1,1,1,1,1,1,1,1,1,1
SF,IF2103,2020-09-07 09:32:58.400,4623.2000,8049,0,74924040.000,0,-,-,-,-,4621.2000,4621.0000,4620.4000,4620.0000,4619.4000,4624.6000,4624.8000,4625.6000,4628.4000,4633.6000,1,1,1,1,1,1,1,1,1,1
SF,IF2103,2020-09-07 09:32:58.900,4623.2000,8049,0,74924040.000,0,-,-,-,-,4621.4000,4621.2000,4620.4000,4620.0000,4619.4000,4624.8000,4625.6000,4628.4000,4633.4000,4633.6000,1,2,1,1,1,1,1,1,1,1
SF,IF2103,2020-09-07 09:32:59.400,4623.2000,8049,0,74924040.000,0,-,-,-,-,4621.6000,4621.4000,4621.2000,4620.4000,4620.0000,4624.8000,4625.6000,4628.4000,4633.4000,4633.6000,1,1,1,1,1,1,1,1,1,1
SF,IF2103,2020-09-07 09:32:59.900,4623.2000,8049,0,74924040.000,0,-,-,-,-,4621.8000,4621.6000,4620.4000,4620.0000,4619.4000,4624.8000,4625.6000,4628.4000,4633.4000,4633.6000,1,1,1,1,1,1,1,1,1,1
SF,IF2103,2020-09-07 09:33:00.400,4623.2000,8049,0,74924040.000,0,-,-,-,-,4622.0000,4621.8000,4620.4000,4620.0000,4619.4000,4624.4000,4624.8000,4625.6000,4628.4000,4633.4000,1,1,1,1,1,1,1,1,1,1
SF,IF2103,2020-09-07 09:33:00.900,4623.2000,8049,0,74924040.000,0,-,-,-,-,4622.2000,4622.0000,4620.4000,4620.0000,4619.4000,4624.4000,4624.8000,4625.6000,4628.4000,4633.4000,1,1,1,1,1,1,1,1,1,1
SF,IF2103,2020-09-07 09:33:01.400,4623.2000,8049,0,74924040.000,0,-,-,-,-,4622.2000,4622.0000,4620.4000,4620.0000,4616.6000,4624.4000,4624.8000,4625.6000,4628.4000,4633.4000,1,1,1,1,1,2,1,1,1,1
SF,IF2103,2020-09-07 09:33:01.900,4623.2000,8049,0,74924040.000,0,-,-,-,-,4622.2000,4622.0000,4620.4000,4620.0000,4616.6000,4624.2000,4624.4000,4625.6000,4628.4000,4633.4000,1,1,1,1,1,2,2,1,1,1
SF,IF2103,2020-09-07 09:33:02.400,4622.0000,8047,-2,77697300.000,2,0,2,双平,S,4620.4000,4620.0000,4616.6000,4614.4000,4613.2000,4624.0000,4624.2000,4625.6000,4628.4000,4633.4000,1,1,1,1,1,2,1,1,1,1
SF,IF2103,2020-09-07 09:33:02.900,4622.0000,8047,0,77697300.000,0,-,-,-,-,4620.6000,4620.4000,4620.0000,4616.6000,4614.4000,4623.8000,4624.0000,4625.6000,4628.4000,4633.4000,1,1,1,1,1,2,1,1,1,1
SF,IF2103,2020-09-07 09:33:03.400,4622.0000,8047,0,77697300.000,0,-,-,-,-,4620.6000,4620.4000,4620.0000,4616.6000,4614.4000,4623.4000,4623.8000,4624.0000,4625.6000,4628.4000,2,1,1,1,1,1,2,1,1,1
SF,IF2103,2020-09-07 09:33:03.900,4622.0000,8047,0,77697300.000,0,-,-,-,-,4620.6000,4616.6000,4614.4000,4613.2000,4612.0000,4623.2000,4623.4000,4625.6000,4628.4000,4633.4000,1,1,1,1,1,2,1,1,1,1
SF,IF2103,2020-09-07 09:33:04.400,4622.0000,8047,0,77697300.000,0,-,-,-,-,4616.6000,4614.4000,4613.2000,4612.0000,4610.0000,4623.0000,4623.2000,4623.4000,4625.6000,4628.4000,1,1,1,1,1,1,2,1,1,1
SF,IF2103,2020-09-07 09:33:04.900,4622.0000,8047,0,77697300.000,0,-,-,-,-,4617.2000,4616.8000,4616.6000,4614.4000,4613.2000,4622.8000,4623.0000,4628.4000,4633.4000,4633.6000,1,1,1,1,1,3,2,1,1,1
SF,IF2103,2020-09-07 09:33:05.400,4622.0000,8047,0,77697300.000,0,-,-,-,-,4617.4000,4617.2000,4616.6000,4614.4000,4613.2000,4622.6000,4622.8000,4623.0000,4628.4000,4633.4000,1,1,1,1,1,2,3,1,1,1
SF,IF2103,2020-09-07 09:33:05.900,4622.0000,8047,0,77697300.000,0,-,-,-,-,4617.4000,4617.2000,4616.6000,4614.4000,4613.2000,4622.4000,4622.6000,4622.8000,4623.0000,4628.4000,1,1,1,1,1,3,2,1,1,1
SF,IF2103,2020-09-07 09:33:06.400,4622.0000,8047,0,77697300.000,0,-,-,-,-,4617.4000,4617.2000,4616.6000,4614.4000,4613.2000,4621.8000,4622.2000,4622.4000,4622.8000,4628.4000,1,1,1,1,1,1,2,3,1,1
SF,IF2103,2020-09-07 09:33:06.900,4622.0000,8047,0,77697300.000,0,-,-,-,-,4617.4000,4616.6000,4614.4000,4613.2000,4612.0000,4621.6000,4621.8000,4622.0000,4622.2000,4622.4000,1,1,1,1,1,2,2,1,1,1
SF,IF2103,2020-09-07 09:33:07.900,4622.0000,8047,0,77697300.000,0,-,-,-,-,4617.4000,4616.6000,4614.4000,4613.2000,4612.0000,4621.6000,4621.8000,4622.2000,4622.4000,4622.8000,1,1,1,1,1,2,1,1,1,1
SF,IF2103,2020-09-07 09:33:08.400,4622.0000,8047,0,77697300.000,0,-,-,-,-,4617.4000,4616.6000,4614.4000,4613.2000,4612.0000,4621.6000,4622.2000,4622.8000,4628.4000,4633.4000,1,1,1,1,1,3,1,1,1,1
SF,IF2103,2020-09-07 09:33:08.900,4622.0000,8047,0,77697300.000,0,-,-,-,-,4617.6000,4617.4000,4616.6000,4614.4000,4613.2000,4621.6000,4622.8000,4628.4000,4633.4000,4633.6000,2,1,1,1,1,4,1,1,1,1
SF,IF2103,2020-09-07 09:33:09.400,4622.0000,8047,0,77697300.000,0,-,-,-,-,4617.8000,4617.6000,4616.6000,4614.4000,4613.2000,4621.6000,4622.8000,4628.4000,4633.4000,4633.6000,2,2,1,1,1,4,1,1,1,1
SF,IF2103,2020-09-07 09:33:09.900,4622.0000,8047,0,77697300.000,0,-,-,-,-,4617.8000,4617.6000,4616.6000,4614.4000,4613.2000,4620.0000,4621.6000,4622.8000,4628.4000,4633.4000,1,2,1,1,1,1,4,1,1,1
SF,IF2103,2020-09-07 09:33:10.400,4620.2000,8046,-1,79083360.000,1,0,1,双平,S,4617.8000,4617.6000,4616.6000,4614.4000,4613.2000,4621.4000,4621.6000,4622.8000,4628.4000,4633.4000,1,2,1,1,1,1,4,1,1,1
SF,IF2103,2020-09-07 09:33:10.900,4620.2000,8046,0,79083360.000,0,-,-,-,-,4617.8000,4616.6000,4614.4000,4613.2000,4612.0000,4621.2000,4621.4000,4621.6000,4622.8000,4628.4000,1,1,1,1,1,2,2,1,1,1
SF,IF2103,2020-09-07 09:33:11.400,4620.2000,8046,0,79083360.000,0,-,-,-,-,4617.8000,4616.6000,4614.4000,4613.2000,4612.0000,4621.2000,4621.4000,4621.6000,4622.8000,4628.4000,1,1,1,1,1,2,1,1,1,1
SF,IF2103,2020-09-07 09:33:11.900,4620.2000,8046,0,79083360.000,0,-,-,-,-,4618.0000,4617.8000,4616.6000,4614.4000,4613.2000,4621.2000,4621.4000,4621.6000,4622.8000,4628.4000,1,2,1,1,1,2,1,1,1,1
SF,IF2103,2020-09-07 09:33:12.400,4620.2000,8046,0,79083360.000,0,-,-,-,-,4618.2000,4618.0000,4616.6000,4614.4000,4613.2000,4620.8000,4621.2000,4621.6000,4622.8000,4628.4000,1,1,1,1,1,1,2,1,1,1
SF,IF2103,2020-09-07 09:33:12.900,4620.2000,8046,0,79083360.000,0,-,-,-,-,4618.2000,4618.0000,4616.6000,4614.4000,4613.2000,4620.6000,4620.8000,4621.6000,4622.8000,4628.4000,1,1,1,1,1,2,1,1,1,1
SF,IF2103,2020-09-07 09:33:13.400,4620.2000,8046,0,79083360.000,0,-,-,-,-,4618.2000,4618.0000,4616.6000,4614.4000,4613.2000,4620.6000,4620.8000,4621.6000,4622.8000,4628.4000,1,1,1,1,1,1,1,1,1,1
SF,IF2103,2020-09-07 09:33:13.900,4620.2000,8046,0,79083360.000,0,-,-,-,-,4618.2000,4618.0000,4616.6000,4614.4000,4613.2000,4620.6000,4621.6000,4622.8000,4628.4000,4633.4000,1,1,1,1,1,1,1,1,1,1
SF,IF2103,2020-09-07 09:33:14.400,4620.2000,8046,0,79083360.000,0,-,-,-,-,4618.4000,4618.2000,4618.0000,4616.6000,4614.4000,4620.6000,4621.6000,4622.8000,4628.4000,4633.4000,1,2,1,1,1,1,1,1,1,1
SF,IF2103,2020-09-07 09:33:14.900,4620.6000,8045,-1,80469540.000,1,0,1,双平,S,4618.6000,4618.4000,4618.0000,4616.6000,4614.4000,4622.8000,4628.4000,4633.4000,4633.6000,4635.4000,1,2,1,1,1,1,1,1,1,1
SF,IF2103,2020-09-07 09:33:15.400,4620.6000,8045,0,80469540.000,0,-,-,-,-,4618.8000,4618.6000,4618.4000,4618.0000,4616.6000,4622.6000,4622.8000,4628.4000,4633.4000,4633.6000,1,1,1,1,1,1,1,1,1,1
SF,IF2103,2020-09-07 09:33:15.900,4620.6000,8045,0,80469540.000,0,-,-,-,-,4619.0000,4618.8000,4618.4000,4616.6000,4614.4000,4622.6000,4622.8000,4628.4000,4633.4000,4633.6000,2,2,1,1,1,1,1,1,1,1
SF,IF2103,2020-09-07 09:33:16.400,4620.6000,8045,0,80469540.000,0,-,-,-,-,4619.2000,4619.0000,4618.4000,4616.6000,4614.4000,4628.4000,4633.4000,4633.6000,4635.4000,4637.6000,2,2,1,1,1,1,1,1,1,1
SF,IF2103,2020-09-07 09:33:16.900,4620.6000,8045,0,80469540.000,0,-,-,-,-,4619.4000,4619.2000,4619.0000,4616.6000,4614.4000,4624.4000,4625.6000,4628.2000,4628.4000,4633.4000,1,1,1,1,1,1,1,2,1,1
SF,IF2103,2020-09-07 09:33:17.400,4620.6000,8045,0,80469540.000,0,-,-,-,-,4620.0000,4619.6000,4619.4000,4616.6000,4614.4000,4624.2000,4625.6000,4628.4000,4633.4000,4633.6000,2,1,2,1,1,1,1,1,1,1
SF,IF2103,2020-09-07 09:33:17.900,4620.6000,8045,0,80469540.000,0,-,-,-,-,4620.2000,4616.6000,4614.4000,4613.2000,4612.0000,4624.2000,4625.6000,4628.4000,4633.4000,4633.6000,2,1,1,1,1,1,1,1,1,1
SF,IF2103,2020-09-07 09:33:18.400,4620.6000,8045,0,80469540.000,0,-,-,-,-,4620.4000,4620.2000,4616.6000,4614.4000,4613.2000,4623.8000,4624.2000,4625.6000,4628.4000,4633.4000,1,2,1,1,1,1,1,1,1,1
SF,IF2103,2020-09-07 09:33:18.900,4620.6000,8045,0,80469540.000,0,-,-,-,-,4620.6000,4620.4000,4616.6000,4614.4000,4613.2000,4623.6000,4623.8000,4625.6000,4628.4000,4633.4000,2,1,1,1,1,1,1,1,1,1
SF,IF2103,2020-09-07 09:33:19.400,4620.6000,8045,0,80469540.000,0,-,-,-,-,4620.6000,4616.6000,4614.4000,4613.2000,4612.0000,4623.6000,4623.8000,4625.6000,4628.4000,4633.4000,2,1,1,1,1,2,1,1,1,1
SF,IF2103,2020-09-07 09:33:19.900,4620.6000,8045,0,80469540.000,0,-,-,-,-,4620.8000,4620.6000,4616.6000,4614.4000,4613.2000,4623.6000,4625.6000,4628.4000,4633.4000,4633.6000,1,2,1,1,1,2,1,1,1,1
SF,IF2103,2020-09-07 09:33:20.400,4620.6000,8045,0,80469540.000,0,-,-,-,-,4621.0000,4620.8000,4616.6000,4614.4000,4613.2000,4623.6000,4625.6000,4628.4000,4633.4000,4633.6000,2,1,1,1,1,2,1,1,1,1
SF,IF2103,2020-09-07 09:33:20.900,4620.6000,8045,0,80469540.000,0,-,-,-,-,4621.2000,4621.0000,4616.6000,4614.4000,4613.2000,4625.6000,4628.4000,4633.4000,4633.6000,4635.4000,2,2,1,1,1,1,1,1,1,1
SF,IF2103,2020-09-07 09:33:21.400,4620.6000,8045,0,80469540.000,0,-,-,-,-,4621.4000,4621.2000,4616.6000,4614.4000,4613.2000,4625.4000,4625.6000,4628.4000,4633.4000,4633.6000,2,3,1,1,1,1,2,1,1,1
SF,IF2103,2020-09-07 09:33:21.900,4620.6000,8045,0,80469540.000,0,-,-,-,-,4621.4000,4621.2000,4616.6000,4614.4000,4613.2000,4625.4000,4625.6000,4628.4000,4633.4000,4633.6000,2,2,1,1,1,1,1,1,1,1
SF,IF2103,2020-09-07 09:33:22.400,4620.6000,8045,0,80469540.000,0,-,-,-,-,4621.6000,4621.4000,4621.2000,4616.6000,4614.4000,4628.4000,4633.4000,4633.6000,4635.4000,4637.6000,3,2,2,1,1,1,1,1,1,1
SF,IF2103,2020-09-07 09:33:22.900,4620.6000,8045,0,80469540.000,0,-,-,-,-,4621.8000,4621.6000,4616.6000,4614.4000,4613.2000,4628.2000,4628.4000,4633.4000,4633.6000,4635.4000,3,1,1,1,1,1,2,1,1,1
SF,IF2103,2020-09-07 09:33:23.400,4620.6000,8045,0,80469540.000,0,-,-,-,-,4621.8000,4616.6000,4614.4000,4613.2000,4612.0000,4628.2000,4628.4000,4633.4000,4633.6000,4635.4000,3,1,1,1,1,1,2,1,1,1
SF,IF2103,2020-09-07 09:33:23.900,4620.6000,8045,0,80469540.000,0,-,-,-,-,4621.8000,4616.6000,4614.4000,4613.2000,4612.0000,4628.0000,4628.2000,4628.4000,4633.4000,4633.6000,3,1,1,1,1,1,2,2,1,1
SF,IF2103,2020-09-07 09:33:24.400,4620.6000,8045,0,80469540.000,0,-,-,-,-,4621.8000,4616.6000,4614.4000,4613.2000,4612.0000,4627.8000,4628.0000,4628.4000,4633.4000,4633.6000,3,1,1,1,1,1,2,2,1,1
SF,IF2103,2020-09-07 09:33:24.900,4620.6000,8045,0,80469540.000,0,-,-,-,-,4621.8000,4616.6000,4614.4000,4613.2000,4612.0000,4627.8000,4628.0000,4628.4000,4633.4000,4633.6000,2,1,1,1,1,2,1,2,1,1
SF,IF2103,2020-09-07 09:33:25.400,4620.6000,8045,0,80469540.000,0,-,-,-,-,4621.8000,4616.6000,4614.4000,4613.2000,4612.0000,4625.6000,4626.6000,4627.8000,4628.0000,4628.4000,2,1,1,1,1,1,1,2,1,1
SF,IF2103,2020-09-07 09:33:25.900,4620.6000,8045,0,80469540.000,0,-,-,-,-,4622.0000,4621.8000,4616.6000,4614.4000,4613.2000,4625.4000,4625.6000,4626.6000,4628.0000,4628.4000,1,1,1,1,1,2,1,1,1,1
SF,IF2103,2020-09-07 09:33:26.400,4620.6000,8045,0,80469540.000,0,-,-,-,-,4622.0000,4616.6000,4614.4000,4613.2000,4612.0000,4625.4000,4625.6000,4626.6000,4628.4000,4633.4000,2,1,1,1,1,2,1,1,1,1
SF,IF2103,2020-09-07 09:33:26.900,4620.6000,8045,0,80469540.000,0,-,-,-,-,4622.2000,4622.0000,4616.6000,4614.4000,4613.2000,4625.4000,4626.6000,4628.4000,4633.4000,4633.6000,3,2,1,1,1,1,1,1,1,1
SF,IF2103,2020-09-07 09:33:27.400,4620.6000,8045,0,80469540.000,0,-,-,-,-,4622.4000,4622.2000,4616.6000,4614.4000,4613.2000,4625.4000,4626.6000,4628.4000,4633.4000,4633.6000,2,3,1,1,1,1,1,1,1,1
SF,IF2103,2020-09-07 09:33:27.900,4620.6000,8045,0,80469540.000,0,-,-,-,-,4622.4000,4622.2000,4616.6000,4614.4000,4613.2000,4625.4000,4628.4000,4633.4000,4633.6000,4635.4000,2,2,1,1,1,1,1,1,1,1
SF,IF2103,2020-09-07 09:33:28.400,4620.6000,8045,0,80469540.000,0,-,-,-,-,4622.8000,4622.6000,4622.4000,4622.2000,4616.6000,4628.4000,4633.4000,4633.6000,4635.4000,4637.6000,1,5,2,2,1,1,1,1,1,1
SF,IF2103,2020-09-07 09:33:28.900,4620.6000,8045,0,80469540.000,0,-,-,-,-,4623.4000,4623.0000,4622.6000,4616.6000,4614.4000,4625.6000,4628.2000,4628.4000,4633.4000,4633.6000,1,1,1,1,1,1,2,1,1,1
SF,IF2103,2020-09-07 09:33:29.400,4620.6000,8045,0,80469540.000,0,-,-,-,-,4623.4000,4623.0000,4616.6000,4614.4000,4613.2000,4625.4000,4628.4000,4633.4000,4633.6000,4635.4000,1,1,1,1,1,1,1,1,1,1
SF,IF2103,2020-09-07 09:33:29.900,4620.6000,8045,0,80469540.000,0,-,-,-,-,4623.0000,4616.6000,4614.4000,4613.2000,4612.0000,4625.4000,4628.4000,4633.4000,4633.6000,4635.4000,1,1,1,1,1,1,1,1,1,1
SF,IF2103,2020-09-07 09:33:30.400,4620.6000,8045,0,80469540.000,0,-,-,-,-,4623.2000,4623.0000,4616.6000,4614.4000,4613.2000,4625.4000,4628.4000,4633.4000,4633.6000,4635.4000,1,1,1,1,1,1,1,1,1,1
SF,IF2103,2020-09-07 09:33:30.900,4620.6000,8045,0,80469540.000,0,-,-,-,-,4623.2000,4623.0000,4616.6000,4614.4000,4613.2000,4628.4000,4633.4000,4633.6000,4635.4000,4637.6000,1,1,1,1,1,1,1,1,1,1
SF,IF2103,2020-09-07 09:33:31.400,4620.6000,8045,0,80469540.000,0,-,-,-,-,4623.4000,4623.2000,4616.6000,4614.4000,4613.2000,4628.2000,4628.4000,4633.4000,4633.6000,4635.4000,1,2,1,1,1,1,2,1,1,1
SF,IF2103,2020-09-07 09:33:31.900,4620.6000,8045,0,80469540.000,0,-,-,-,-,4623.6000,4623.4000,4623.2000,4616.6000,4614.4000,4627.6000,4628.0000,4628.2000,4628.4000,4633.4000,1,1,1,1,1,1,1,1,2,1
SF,IF2103,2020-09-07 09:33:32.400,4620.6000,8045,0,80469540.000,0,-,-,-,-,4623.8000,4623.6000,4616.6000,4614.4000,4613.2000,4627.4000,4627.6000,4628.0000,4628.4000,4633.4000,1,2,1,1,1,1,2,1,2,1
SF,IF2103,2020-09-07 09:33:32.900,4623.2000,8045,0,81856500.000,1,0,1,多换,S,4623.8000,4616.6000,4614.4000,4613.2000,4612.0000,4627.4000,4627.6000,4628.0000,4628.4000,4633.4000,2,1,1,1,1,1,2,1,2,1
SF,IF2103,2020-09-07 09:33:33.400,4627.4000,8045,0,83244720.000,1,0,1,多换,S,4623.8000,4616.6000,4614.4000,4613.2000,4612.0000,4627.6000,4628.0000,4628.4000,4633.4000,4633.6000,1,1,1,1,1,2,1,2,1,1
SF,IF2103,2020-09-07 09:33:33.900,4627.4000,8045,0,83244720.000,0,-,-,-,-,4623.8000,4616.6000,4614.4000,4613.2000,4612.0000,4627.2000,4627.4000,4628.0000,4628.4000,4633.4000,2,1,1,1,1,1,3,1,2,1
SF,IF2103,2020-09-07 09:33:34.400,4627.4000,8045,0,83244720.000,0,-,-,-,-,4624.0000,4623.8000,4616.6000,4614.4000,4613.2000,4627.0000,4627.2000,4627.4000,4628.0000,4628.4000,1,2,1,1,1,1,1,2,1,2
SF,IF2103,2020-09-07 09:33:34.900,4627.4000,8045,0,83244720.000,0,-,-,-,-,4624.2000,4624.0000,4616.6000,4614.4000,4613.2000,4627.0000,4627.2000,4627.4000,4628.0000,4628.4000,2,1,1,1,1,2,1,2,1,2
SF,IF2103,2020-09-07 09:33:35.400,4627.4000,8045,0,83244720.000,0,-,-,-,-,4624.4000,4624.2000,4616.6000,4614.4000,4613.2000,4627.0000,4627.2000,4627.4000,4628.0000,4628.4000,1,2,1,1,1,2,1,2,1,2
SF,IF2103,2020-09-07 09:33:35.900,4627.4000,8045,0,83244720.000,0,-,-,-,-,4624.6000,4624.4000,4624.2000,4616.6000,4614.4000,4627.0000,4627.2000,4627.4000,4628.0000,4628.4000,3,1,1,1,1,2,1,2,1,2
SF,IF2103,2020-09-07 09:33:36.400,4627.4000,8045,0,83244720.000,0,-,-,-,-,4624.8000,4624.6000,4624.2000,4616.6000,4614.4000,4627.4000,4628.0000,4628.4000,4633.4000,4633.6000,1,3,1,1,1,1,1,2,1,1
SF,IF2103,2020-09-07 09:33:36.900,4627.4000,8045,0,83244720.000,0,-,-,-,-,4625.0000,4624.8000,4624.6000,4624.2000,4616.6000,4628.0000,4628.4000,4633.4000,4633.6000,4635.4000,2,1,1,1,1,1,2,1,1,1
SF,IF2103,2020-09-07 09:33:37.400,4627.4000,8045,0,83244720.000,0,-,-,-,-,4625.0000,4624.6000,4616.6000,4614.4000,4613.2000,4627.8000,4628.4000,4633.4000,4633.6000,4635.4000,2,1,1,1,1,3,2,1,1,1
SF,IF2103,2020-09-07 09:33:37.900,4627.4000,8045,0,83244720.000,0,-,-,-,-,4625.0000,4616.6000,4614.4000,4613.2000,4612.0000,4627.6000,4627.8000,4628.4000,4633.4000,4633.6000,1,1,1,1,1,2,2,2,1,1
SF,IF2103,2020-09-07 09:33:38.400,4627.4000,8045,0,83244720.000,0,-,-,-,-,4616.6000,4614.4000,4613.2000,4612.0000,4610.0000,4627.4000,4627.6000,4627.8000,4628.4000,4633.4000,1,1,1,1,1,1,3,2,2,1
SF,IF2103,2020-09-07 09:33:38.900,4627.4000,8045,0,83244720.000,0,-,-,-,-,4620.0000,4618.4000,4616.8000,4616.6000,4614.4000,4625.6000,4627.2000,4627.4000,4627.6000,4627.8000,2,1,2,1,1,1,1,1,2,2
SF,IF2103,2020-09-07 09:33:39.400,4627.4000,8045,0,83244720.000,0,-,-,-,-,4620.2000,4620.0000,4618.4000,4616.8000,4616.6000,4625.4000,4627.0000,4627.6000,4627.8000,4628.4000,2,2,1,1,1,1,1,1,2,1
SF,IF2103,2020-09-07 09:33:39.900,4625.4000,8044,-1,84632340.000,1,0,1,双平,S,4621.6000,4620.8000,4620.4000,4620.2000,4620.0000,4627.0000,4627.6000,4628.4000,4633.4000,4633.6000,1,2,1,1,2,1,1,1,1,1
SF,IF2103,2020-09-07 09:33:40.400,4625.4000,8044,0,84632340.000,0,-,-,-,-,4621.8000,4621.6000,4620.0000,4616.8000,4616.6000,4627.6000,4628.4000,4633.4000,4633.6000,4635.4000,3,1,2,1,1,1,1,1,1,1
SF,IF2103,2020-09-07 09:33:40.900,4625.4000,8044,0,84632340.000,0,-,-,-,-,4622.8000,4622.4000,4622.0000,4621.8000,4620.0000,4627.4000,4627.6000,4628.4000,4633.4000,4633.6000,1,1,1,3,1,1,1,1,1,1
SF,IF2103,2020-09-07 09:33:41.400,4625.4000,8044,0,84632340.000,0,-,-,-,-,4623.4000,4623.0000,4622.8000,4622.4000,4621.8000,4627.4000,4627.6000,4628.4000,4633.4000,4633.6000,1,2,2,1,1,1,1,1,1,1
SF,IF2103,2020-09-07 09:33:41.900,4625.4000,8044,0,84632340.000,0,-,-,-,-,4623.6000,4623.4000,4622.8000,4622.4000,4621.8000,4627.4000,4627.6000,4628.4000,4633.4000,4633.6000,2,1,1,1,1,1,1,1,1,1
SF,IF2103,2020-09-07 09:33:42.400,4625.4000,8044,0,84632340.000,0,-,-,-,-,4624.0000,4623.6000,4622.8000,4622.4000,4621.8000,4627.4000,4628.4000,4633.4000,4633.6000,4635.4000,1,2,1,1,1,1,1,1,1,1
SF,IF2103,2020-09-07 09:33:42.900,4625.4000,8044,0,84632340.000,0,-,-,-,-,4624.2000,4624.0000,4622.8000,4622.4000,4620.0000,4627.4000,4628.4000,4633.4000,4633.6000,4635.4000,1,1,1,1,1,2,1,1,1,1
SF,IF2103,2020-09-07 09:33:43.400,4625.4000,8044,0,84632340.000,0,-,-,-,-,4624.2000,4624.0000,4622.8000,4622.4000,4620.0000,4627.4000,4628.4000,4633.4000,4633.6000,4635.4000,1,1,1,1,1,1,1,1,1,1
SF,IF2103,2020-09-07 09:33:43.900,4625.4000,8044,0,84632340.000,0,-,-,-,-,4624.2000,4624.0000,4622.8000,4620.0000,4616.6000,4627.2000,4627.4000,4628.4000,4633.4000,4633.6000,1,1,1,1,1,1,1,1,1,1
SF,IF2103,2020-09-07 09:33:44.400,4625.4000,8044,0,84632340.000,0,-,-,-,-,4624.4000,4624.2000,4624.0000,4622.8000,4620.0000,4627.0000,4627.2000,4628.4000,4633.4000,4633.6000,1,1,1,1,1,1,1,1,1,1
SF,IF2103,2020-09-07 09:33:44.900,4627.0000,8043,-1,86020440.000,1,0,1,双平,S,4624.6000,4624.4000,4624.0000,4622.8000,4620.0000,4628.4000,4633.4000,4633.6000,4635.4000,4637.6000,2,2,1,1,1,1,1,1,1,1
SF,IF2103,2020-09-07 09:33:45.400,4627.0000,8043,0,86020440.000,0,-,-,-,-,4624.8000,4624.6000,4624.0000,4622.8000,4616.6000,4628.4000,4633.4000,4633.6000,4635.4000,4637.6000,2,2,1,1,1,1,1,1,1,1
SF,IF2103,2020-09-07 09:33:45.900,4627.0000,8043,0,86020440.000,0,-,-,-,-,4625.6000,4625.0000,4624.8000,4624.6000,4616.6000,4628.4000,4633.4000,4633.6000,4635.4000,4637.6000,1,1,2,1,1,1,1,1,1,1
SF,IF2103,2020-09-07 09:33:46.400,4628.4000,8042,-1,87408960.000,1,0,1,双平,S,4625.8000,4625.6000,4624.6000,4616.6000,4615.0000,4633.4000,4633.6000,4635.4000,4637.6000,4650.0000,1,2,1,1,1,1,1,1,1,1
SF,IF2103,2020-09-07 09:33:46.900,4628.4000,8042,0,87408960.000,0,-,-,-,-,4626.0000,4625.8000,4625.6000,4616.6000,4615.0000,4631.2000,4633.2000,4633.4000,4633.6000,4635.4000,1,1,1,1,1,1,3,1,1,1
SF,IF2103,2020-09-07 09:33:47.400,4628.4000,8042,0,87408960.000,0,-,-,-,-,4626.2000,4616.6000,4615.0000,4614.4000,4613.2000,4631.0000,4631.2000,4633.2000,4633.4000,4633.6000,1,1,1,1,1,1,2,2,1,1
SF,IF2103,2020-09-07 09:33:47.900,4626.2000,8041,-1,88796820.000,1,0,1,双平,S,4616.6000,4615.0000,4614.4000,4613.2000,4612.0000,4630.8000,4631.0000,4631.2000,4633.2000,4633.4000,1,1,1,1,1,3,1,1,2,1
SF,IF2103,2020-09-07 09:33:48.400,4626.2000,8041,0,88796820.000,0,-,-,-,-,4624.6000,4624.4000,4622.8000,4622.0000,4619.4000,4630.2000,4630.6000,4630.8000,4631.2000,4633.2000,1,1,1,1,1,1,1,2,1,1
SF,IF2103,2020-09-07 09:33:48.900,4630.0000,8041,0,90185820.000,1,0,1,多换,S,4624.8000,4624.4000,4622.8000,4622.0000,4619.4000,4630.0000,4630.2000,4631.2000,4633.2000,4633.4000,1,1,1,1,1,2,1,1,1,1
SF,IF2103,2020-09-07 09:33:49.400,4630.0000,8041,0,90185820.000,0,-,-,-,-,4625.8000,4625.6000,4624.8000,4624.4000,4616.6000,4629.8000,4630.0000,4630.2000,4631.2000,4633.2000,1,1,2,1,1,1,2,1,1,1
SF,IF2103,2020-09-07 09:33:49.900,4629.8000,8040,-1,91574760.000,1,0,1,双平,S,4626.2000,4626.0000,4625.8000,4625.6000,4624.4000,4629.6000,4629.8000,4630.0000,4631.2000,4633.2000,1,1,2,1,1,1,1,1,1,1
SF,IF2103,2020-09-07 09:33:50.400,4629.8000,8040,0,92963700.000,1,0,1,多换,S,4626.6000,4626.4000,4626.2000,4625.6000,4624.4000,4629.4000,4629.8000,4630.0000,4631.2000,4633.2000,2,1,1,1,1,1,1,1,1,1
SF,IF2103,2020-09-07 09:33:50.900,4629.4000,8039,-1,94352520.000,1,0,1,双平,S,4627.4000,4627.0000,4626.8000,4626.6000,4625.6000,4629.8000,4630.0000,4633.2000,4633.6000,4635.4000,1,1,2,2,1,1,1,1,1,1
SF,IF2103,2020-09-07 09:33:51.400,4630.0000,8037,-2,97130460.000,2,0,2,双平,S,4627.6000,4627.4000,4627.0000,4626.8000,4626.6000,4633.2000,4633.6000,4635.4000,4637.6000,4640.4000,1,2,1,1,2,1,1,1,1,1
SF,IF2103,2020-09-07 09:33:51.900,4630.0000,8037,0,97130460.000,0,-,-,-,-,4627.8000,4627.6000,4627.4000,4626.6000,4625.6000,4631.2000,4633.0000,4633.2000,4633.6000,4635.4000,1,1,1,2,1,1,1,1,1,1
SF,IF2103,2020-09-07 09:33:52.400,4630.0000,8037,0,97130460.000,0,-,-,-,-,4627.8000,4627.4000,4626.6000,4625.6000,4624.4000,4631.0000,4631.2000,4633.2000,4633.6000,4635.4000,1,1,2,1,1,1,2,1,1,1
SF,IF2103,2020-09-07 09:33:52.900,4630.0000,8037,0,97130460.000,0,-,-,-,-,4627.8000,4625.6000,4624.4000,4616.6000,4615.0000,4630.8000,4631.0000,4631.2000,4633.2000,4633.6000,1,1,1,1,1,1,2,1,1,1
SF,IF2103,2020-09-07 09:33:53.400,4627.8000,8036,-1,98518800.000,1,0,1,双平,S,4625.6000,4624.4000,4616.6000,4615.0000,4614.4000,4630.6000,4630.8000,4631.2000,4633.2000,4633.6000,1,1,1,1,1,1,2,1,1,1
SF,IF2103,2020-09-07 09:33:53.900,4627.8000,8036,0,98518800.000,0,-,-,-,-,4625.8000,4625.6000,4624.4000,4616.6000,4615.0000,4630.4000,4630.6000,4630.8000,4631.2000,4633.2000,1,1,1,1,1,1,1,1,1,1
SF,IF2103,2020-09-07 09:33:54.400,4627.8000,8036,0,98518800.000,0,-,-,-,-,4626.0000,4625.8000,4625.6000,4624.4000,4616.6000,4630.8000,4633.2000,4633.6000,4635.4000,4637.6000,1,2,1,1,1,1,1,1,1,1
SF,IF2103,2020-09-07 09:33:54.900,4627.8000,8036,0,98518800.000,0,-,-,-,-,4626.4000,4626.2000,4626.0000,4625.8000,4625.6000,4630.8000,4633.2000,4633.6000,4635.4000,4637.6000,1,1,1,1,1,1,1,1,1,1
SF,IF2103,2020-09-07 09:33:55.400,4627.8000,8036,0,98518800.000,0,-,-,-,-,4626.6000,4626.4000,4625.6000,4624.4000,4616.6000,4633.2000,4633.6000,4635.4000,4637.6000,4640.4000,2,2,1,1,1,1,1,1,1,1
SF,IF2103,2020-09-07 09:33:55.900,4627.8000,8036,0,98518800.000,0,-,-,-,-,4628.4000,4626.8000,4626.6000,4626.4000,4624.4000,4633.0000,4633.2000,4633.6000,4635.4000,4637.6000,1,1,2,1,1,1,1,1,1,1
SF,IF2103,2020-09-07 09:33:56.400,4627.8000,8036,0,98518800.000,0,-,-,-,-,4628.8000,4628.6000,4628.4000,4616.6000,4615.0000,4633.0000,4633.6000,4635.4000,4637.6000,4640.4000,1,2,2,1,1,1,1,1,1,1
SF,IF2103,2020-09-07 09:33:56.900,4627.8000,8036,0,98518800.000,0,-,-,-,-,4629.0000,4628.8000,4628.4000,4616.6000,4615.0000,4633.0000,4633.6000,4635.4000,4637.6000,4640.4000,2,1,1,1,1,1,1,1,1,1
SF,IF2103,2020-09-07 09:33:57.400,4627.8000,8036,0,98518800.000,0,-,-,-,-,4629.0000,4628.8000,4628.4000,4616.6000,4615.0000,4633.0000,4633.6000,4635.4000,4637.6000,4640.4000,1,1,1,1,1,1,1,1,1,1
SF,IF2103,2020-09-07 09:33:57.900,4627.8000,8036,0,98518800.000,0,-,-,-,-,4629.2000,4629.0000,4628.4000,4616.6000,4615.0000,4632.8000,4633.0000,4633.6000,4635.4000,4637.6000,1,1,1,1,1,1,1,1,1,1
SF,IF2103,2020-09-07 09:33:58.400,4627.8000,8036,0,98518800.000,0,-,-,-,-,4616.6000,4615.0000,4614.4000,4613.2000,4612.0000,4632.6000,4632.8000,4633.6000,4635.4000,4637.6000,1,1,1,1,1,1,1,1,1,1
SF,IF2103,2020-09-07 09:33:58.900,4627.8000,8036,0,98518800.000,0,-,-,-,-,4629.6000,4628.8000,4628.4000,4628.0000,4627.2000,4632.6000,4633.6000,4635.4000,4637.6000,4640.4000,1,1,1,1,2,1,1,1,1,1
SF,IF2103,2020-09-07 09:33:59.400,4627.8000,8036,0,98518800.000,0,-,-,-,-,4629.8000,4629.6000,4628.8000,4628.4000,4628.0000,4633.6000,4635.4000,4637.6000,4640.4000,4650.0000,2,1,1,1,1,1,1,1,1,1
SF,IF2103,2020-09-07 09:33:59.900,4627.8000,8036,0,98518800.000,0,-,-,-,-,4630.0000,4629.8000,4628.8000,4628.4000,4616.6000,4633.6000,4635.4000,4637.6000,4640.4000,4650.0000,1,2,1,1,1,1,1,1,1,1
SF,IF2103,2020-09-07 09:34:00.400,4627.8000,8036,0,98518800.000,0,-,-,-,-,4630.2000,4630.0000,4628.8000,4628.4000,4616.6000,4633.6000,4635.4000,4637.6000,4640.4000,4650.0000,2,1,1,1,1,1,1,1,1,1
SF,IF2103,2020-09-07 09:34:00.900,4633.6000,8036,0,99908880.000,1,0,1,多换,S,4630.4000,4630.2000,4628.8000,4628.4000,4616.6000,4635.4000,4637.6000,4640.4000,4650.0000,4670.0000,1,1,1,1,1,1,1,1,1,1
SF,IF2103,2020-09-07 09:34:01.400,4633.6000,8036,0,99908880.000,0,-,-,-,-,4631.2000,4630.6000,4630.4000,4628.8000,4616.6000,4635.2000,4635.4000,4637.6000,4640.4000,4650.0000,1,2,1,1,1,1,1,1,1,1
SF,IF2103,2020-09-07 09:34:01.900,4633.6000,8036,0,99908880.000,0,-,-,-,-,4631.4000,4628.8000,4616.6000,4615.0000,4614.4000,4635.2000,4635.4000,4637.6000,4640.4000,4650.0000,1,1,1,1,1,1,1,1,1,1
SF,IF2103,2020-09-07 09:34:02.400,4631.4000,8035,-1,101298300.000,1,0,1,双平,S,4628.8000,4616.6000,4615.0000,4614.4000,4613.2000,4635.0000,4635.4000,4637.6000,4640.4000,4650.0000,1,1,1,1,1,2,1,1,1,1
SF,IF2103,2020-09-07 09:34:02.900,4631.4000,8035,0,101298300.000,0,-,-,-,-,4629.2000,4629.0000,4628.8000,4616.6000,4615.0000,4634.0000,4634.8000,4635.0000,4635.4000,4637.6000,1,1,2,1,1,1,1,2,1,1
SF,IF2103,2020-09-07 09:34:03.400,4631.4000,8035,0,101298300.000,0,-,-,-,-,4629.4000,4629.2000,4628.8000,4616.6000,4615.0000,4633.8000,4634.0000,4635.0000,4635.4000,4637.6000,1,2,1,1,1,2,1,1,1,1
SF,IF2103,2020-09-07 09:34:03.900,4631.4000,8035,0,101298300.000,0,-,-,-,-,4629.4000,4629.2000,4628.8000,4616.6000,4615.0000,4633.8000,4635.0000,4635.4000,4637.6000,4646.6000,1,2,1,1,1,2,1,1,1,1
SF,IF2103,2020-09-07 09:34:04.900,4631.4000,8035,0,101298300.000,0,-,-,-,-,4629.4000,4629.2000,4628.8000,4616.6000,4615.0000,4633.6000,4633.8000,4635.4000,4637.6000,4646.6000,1,1,1,1,1,1,2,1,1,1
SF,IF2103,2020-09-07 09:34:05.400,4631.4000,8035,0,101298300.000,0,-,-,-,-,4629.4000,4629.2000,4628.8000,4616.6000,4615.0000,4633.4000,4633.6000,4635.4000,4637.6000,4646.6000,2,1,1,1,1,1,1,1,1,1
SF,IF2103,2020-09-07 09:34:05.900,4631.4000,8035,0,101298300.000,0,-,-,-,-,4629.8000,4629.4000,4628.8000,4616.6000,4615.0000,4633.4000,4635.4000,4637.6000,4646.6000,4650.0000,2,2,1,1,1,1,1,1,1,1
SF,IF2103,2020-09-07 09:34:06.400,4631.4000,8035,0,101298300.000,0,-,-,-,-,4630.0000,4628.8000,4616.6000,4615.0000,4614.4000,4633.4000,4635.4000,4637.6000,4646.6000,4650.0000,1,1,1,1,1,1,1,1,1,1
SF,IF2103,2020-09-07 09:34:06.900,4631.4000,8035,0,101298300.000,0,-,-,-,-,4631.6000,4630.0000,4628.8000,4616.6000,4615.0000,4633.4000,4635.4000,4637.6000,4646.6000,4650.0000,1,2,1,1,1,1,1,1,1,1
SF,IF2103,2020-09-07 09:34:07.400,4631.4000,8035,0,101298300.000,0,-,-,-,-,4631.8000,4631.6000,4628.8000,4616.6000,4615.0000,4635.4000,4637.6000,4646.6000,4650.0000,4670.0000,1,1,1,1,1,1,1,1,1,1
SF,IF2103,2020-09-07 09:34:07.900,4631.4000,8035,0,101298300.000,0,-,-,-,-,4631.8000,4628.8000,4616.6000,4615.0000,4614.4000,4635.2000,4635.4000,4637.6000,4646.6000,4650.0000,2,1,1,1,1,1,1,1,1,1
SF,IF2103,2020-09-07 09:34:08.400,4631.4000,8035,0,101298300.000,0,-,-,-,-,4633.4000,4631.8000,4628.8000,4616.6000,4615.0000,4635.2000,4635.4000,4637.6000,4646.6000,4650.0000,1,2,1,1,1,1,1,1,1,1
SF,IF2103,2020-09-07 09:34:08.900,4631.4000,8035,0,101298300.000,0,-,-,-,-,4633.6000,4631.8000,4628.8000,4616.6000,4615.0000,4635.4000,4637.6000,4646.6000,4650.0000,4670.0000,1,1,1,1,1,1,1,1,1,1
SF,IF2103,2020-09-07 09:34:09.400,4631.4000,8035,0,101298300.000,0,-,-,-,-,4633.6000,4628.8000,4616.6000,4615.0000,4614.4000,4635.4000,4637.6000,4646.6000,4650.0000,4670.0000,1,1,1,1,1,1,1,1,1,1
SF,IF2103,2020-09-07 09:34:09.900,4631.4000,8035,0,101298300.000,0,-,-,-,-,4633.6000,4628.8000,4616.6000,4615.0000,4614.4000,4635.4000,4637.6000,4646.6000,4650.0000,4670.0000,1,1,1,1,1,1,1,1,1,1
SF,IF2103,2020-09-07 09:34:10.400,4631.4000,8035,0,101298300.000,0,-,-,-,-,4628.8000,4616.6000,4615.0000,4614.4000,4613.2000,4635.2000,4635.4000,4637.6000,4646.6000,4650.0000,1,1,1,1,1,1,1,1,1,1
SF,IF2103,2020-09-07 09:34:10.900,4631.4000,8035,0,101298300.000,0,-,-,-,-,4632.6000,4632.4000,4631.6000,4631.2000,4629.2000,4635.0000,4635.4000,4637.6000,4646.6000,4650.0000,1,1,2,1,1,1,1,1,1,1
SF,IF2103,2020-09-07 09:34:11.400,4635.0000,8034,-1,102688800.000,1,0,1,双平,S,4632.8000,4632.6000,4632.4000,4631.6000,4631.2000,4635.4000,4637.6000,4646.6000,4650.0000,4670.0000,1,1,1,2,1,1,1,1,1,1
SF,IF2103,2020-09-07 09:34:11.900,4635.4000,8034,0,104079420.000,1,0,1,多换,S,4633.0000,4632.6000,4632.4000,4631.6000,4631.2000,4637.6000,4646.6000,4650.0000,4670.0000,4679.6000,1,1,1,2,1,1,1,1,1,12
SF,IF2103,2020-09-07 09:34:12.400,4635.4000,8034,0,104079420.000,0,-,-,-,-,4633.2000,4633.0000,4632.4000,4631.6000,4631.2000,4637.4000,4637.6000,4646.6000,4650.0000,4670.0000,2,2,1,2,1,1,1,1,1,1
SF,IF2103,2020-09-07 09:34:12.900,4635.4000,8034,0,104079420.000,0,-,-,-,-,4633.4000,4633.2000,4632.4000,4631.6000,4631.2000,4637.4000,4637.6000,4646.6000,4650.0000,4670.0000,2,1,1,2,1,1,1,1,1,1
SF,IF2103,2020-09-07 09:34:13.400,4635.4000,8034,0,104079420.000,0,-,-,-,-,4633.6000,4633.4000,4632.4000,4631.6000,4631.2000,4637.4000,4637.6000,4646.6000,4650.0000,4670.0000,1,2,1,2,1,1,1,1,1,1
SF,IF2103,2020-09-07 09:34:13.900,4635.4000,8034,0,104079420.000,0,-,-,-,-,4633.8000,4633.6000,4631.2000,4616.6000,4615.0000,4637.6000,4646.6000,4650.0000,4670.0000,4679.6000,1,2,1,1,1,1,1,1,1,12
SF,IF2103,2020-09-07 09:34:14.400,4635.4000,8034,0,104079420.000,0,-,-,-,-,4634.0000,4633.8000,4616.6000,4615.0000,4614.4000,4637.6000,4646.6000,4650.0000,4670.0000,4679.6000,2,2,1,1,1,1,1,1,1,12
SF,IF2103,2020-09-07 09:34:14.900,4635.4000,8034,0,104079420.000,0,-,-,-,-,4634.4000,4634.2000,4634.0000,4633.8000,4616.6000,4637.6000,4646.6000,4650.0000,4670.0000,4679.6000,1,1,2,1,1,1,1,1,1,12
SF,IF2103,2020-09-07 09:34:15.400,4637.6000,8033,-1,105470700.000,1,0,1,双平,S,4636.4000,4634.6000,4634.4000,4634.0000,4616.6000,4646.6000,4650.0000,4670.0000,4679.6000,4680.0000,1,1,2,1,1,1,1,1,12,1
SF,IF2103,2020-09-07 09:34:15.900,4637.6000,8033,0,105470700.000,0,-,-,-,-,4636.6000,4634.4000,4634.0000,4616.6000,4615.0000,4642.0000,4642.4000,4646.4000,4646.6000,4650.0000,1,1,1,1,1,1,1,2,1,1
SF,IF2103,2020-09-07 09:34:16.400,4636.6000,8032,-1,106861680.000,1,0,1,双平,S,4634.4000,4634.0000,4616.6000,4615.0000,4614.4000,4639.6000,4641.8000,4642.0000,4646.6000,4650.0000,1,1,1,1,1,1,1,2,1,1
SF,IF2103,2020-09-07 09:34:16.900,4636.6000,8032,0,106861680.000,0,-,-,-,-,4634.6000,4634.4000,4634.0000,4616.6000,4615.0000,4639.4000,4639.6000,4640.4000,4642.0000,4646.6000,1,1,1,1,1,2,1,1,1,1
SF,IF2103,2020-09-07 09:34:17.400,4639.4000,8032,0,108253500.000,1,0,1,多换,S,4635.4000,4634.8000,4634.6000,4634.4000,4634.0000,4639.0000,4639.4000,4639.6000,4640.4000,4642.0000,1,1,1,1,1,1,1,1,1,1
SF,IF2103,2020-09-07 09:34:17.900,4639.4000,8032,0,108253500.000,0,-,-,-,-,4635.6000,4635.4000,4634.4000,4634.0000,4616.6000,4638.8000,4639.0000,4640.4000,4642.0000,4646.6000,2,2,1,1,1,1,1,1,1,1
SF,IF2103,2020-09-07 09:34:18.400,4639.4000,8032,0,108253500.000,0,-,-,-,-,4635.6000,4635.4000,4634.4000,4634.0000,4616.6000,4638.8000,4640.4000,4642.0000,4646.6000,4650.0000,2,1,1,1,1,1,1,1,1,1
SF,IF2103,2020-09-07 09:34:18.900,4639.4000,8032,0,108253500.000,0,-,-,-,-,4635.6000,4635.4000,4634.4000,4634.0000,4616.6000,4638.8000,4639.2000,4642.0000,4646.6000,4650.0000,2,1,1,1,1,1,1,1,1,1
SF,IF2103,2020-09-07 09:34:19.400,4639.4000,8032,0,108253500.000,0,-,-,-,-,4635.6000,4635.4000,4634.4000,4634.0000,4616.6000,4638.8000,4639.2000,4642.0000,4646.6000,4650.0000,2,1,1,1,1,1,1,1,1,1
SF,IF2103,2020-09-07 09:34:19.900,4639.4000,8032,0,108253500.000,0,-,-,-,-,4635.6000,4635.4000,4634.0000,4616.6000,4615.0000,4638.8000,4639.2000,4642.0000,4646.6000,4650.0000,2,1,1,1,1,1,1,1,1,1
SF,IF2103,2020-09-07 09:34:20.900,4639.4000,8032,0,108253500.000,0,-,-,-,-,4635.6000,4635.4000,4634.0000,4616.6000,4615.0000,4638.8000,4642.0000,4646.6000,4650.0000,4670.0000,2,1,1,1,1,1,1,1,1,1
SF,IF2103,2020-09-07 09:34:21.400,4639.4000,8032,0,108253500.000,0,-,-,-,-,4635.6000,4635.4000,4634.0000,4616.6000,4615.0000,4638.8000,4642.0000,4646.6000,4650.0000,4670.0000,2,1,1,1,1,2,1,1,1,1
SF,IF2103,2020-09-07 09:34:23.400,4635.4000,8030,-2,112425480.000,3,0,3,多平,S,4616.6000,4615.0000,4614.4000,4613.2000,4612.0000,4638.6000,4638.8000,4642.0000,4646.6000,4650.0000,1,1,1,1,1,1,2,1,1,1
SF,IF2103,2020-09-07 09:34:23.900,4635.4000,8030,0,112425480.000,0,-,-,-,-,4633.8000,4631.2000,4630.8000,4629.0000,4628.8000,4638.4000,4638.6000,4642.0000,4646.6000,4650.0000,1,1,1,1,1,1,1,1,1,1
SF,IF2103,2020-09-07 09:34:24.400,4635.4000,8030,0,112425480.000,0,-,-,-,-,4631.2000,4629.0000,4626.4000,4626.0000,4616.8000,4638.2000,4638.4000,4642.0000,4646.6000,4650.0000,1,1,1,1,2,1,1,1,1,1
SF,IF2103,2020-09-07 09:34:24.900,4635.4000,8030,0,112425480.000,0,-,-,-,-,4633.2000,4631.4000,4631.2000,4629.0000,4626.4000,4638.0000,4638.2000,4642.0000,4646.6000,4650.0000,1,1,1,1,1,1,1,1,1,1
SF,IF2103,2020-09-07 09:34:25.400,4635.4000,8030,0,112425480.000,0,-,-,-,-,4634.0000,4633.4000,4633.2000,4629.0000,4626.4000,4637.8000,4638.0000,4642.0000,4646.6000,4650.0000,1,1,1,1,1,1,1,1,1,1
SF,IF2103,2020-09-07 09:34:25.900,4634.0000,8030,0,113815680.000,1,0,1,多换,S,4616.8000,4616.6000,4615.0000,4614.4000,4613.2000,4636.8000,4637.8000,4642.0000,4646.6000,4650.0000,1,1,1,1,1,1,2,1,1,1
SF,IF2103,2020-09-07 09:34:26.400,4634.0000,8030,0,113815680.000,0,-,-,-,-,4633.4000,4630.4000,4629.0000,4628.8000,4626.4000,4636.6000,4636.8000,4642.0000,4646.6000,4650.0000,1,1,1,1,1,2,1,1,1,1
SF,IF2103,2020-09-07 09:34:26.900,4634.0000,8030,0,113815680.000,0,-,-,-,-,4628.8000,4622.8000,4617.0000,4616.8000,4616.6000,4636.4000,4636.6000,4636.8000,4642.0000,4646.6000,1,1,1,1,1,2,2,1,1,1
SF,IF2103,2020-09-07 09:34:27.400,4634.0000,8030,0,113815680.000,0,-,-,-,-,4629.0000,4628.8000,4622.8000,4616.8000,4616.6000,4634.0000,4636.2000,4636.4000,4646.6000,4650.0000,1,1,1,1,1,1,3,1,1,1
SF,IF2103,2020-09-07 09:34:27.900,4634.0000,8030,0,113815680.000,0,-,-,-,-,4631.8000,4629.0000,4628.8000,4622.8000,4616.8000,4633.8000,4634.0000,4646.6000,4650.0000,4670.0000,1,1,1,1,1,2,1,1,1,1
SF,IF2103,2020-09-07 09:34:28.400,4634.0000,8030,0,113815680.000,0,-,-,-,-,4632.0000,4629.2000,4628.8000,4622.8000,4616.8000,4633.8000,4646.6000,4650.0000,4670.0000,4679.6000,1,1,1,1,1,1,1,1,1,12
SF,IF2103,2020-09-07 09:34:28.900,4634.0000,8030,0,113815680.000,0,-,-,-,-,4632.2000,4632.0000,4629.2000,4628.8000,4622.8000,4633.8000,4646.6000,4650.0000,4670.0000,4679.6000,1,1,1,1,1,2,1,1,1,12
SF,IF2103,2020-09-07 09:34:29.400,4632.4000,8028,-2,116595120.000,2,0,2,双平,S,4632.2000,4629.2000,4628.8000,4622.8000,4616.8000,4633.8000,4646.6000,4650.0000,4670.0000,4679.6000,1,1,1,1,1,2,1,1,1,12
SF,IF2103,2020-09-07 09:34:29.900,4632.2000,8028,0,117984780.000,1,0,1,多换,S,4629.2000,4628.8000,4622.8000,4616.8000,4616.6000,4633.8000,4646.4000,4646.6000,4650.0000,4670.0000,1,1,1,1,1,2,1,1,1,1
SF,IF2103,2020-09-07 09:34:30.400,4632.2000,8028,0,117984780.000,0,-,-,-,-,4630.0000,4629.4000,4629.2000,4628.8000,4622.8000,4633.6000,4633.8000,4646.4000,4646.6000,4650.0000,1,1,1,1,1,1,1,1,1,1
SF,IF2103,2020-09-07 09:34:30.900,4632.2000,8028,0,117984780.000,0,-,-,-,-,4630.0000,4629.2000,4628.8000,4622.8000,4616.8000,4633.4000,4633.6000,4646.6000,4650.0000,4670.0000,1,1,1,1,1,2,2,1,1,1
SF,IF2103,2020-09-07 09:34:31.400,4632.2000,8028,0,117984780.000,0,-,-,-,-,4630.0000,4628.8000,4622.8000,4616.8000,4616.6000,4633.2000,4633.4000,4646.6000,4650.0000,4670.0000,1,1,1,1,1,3,2,1,1,1
SF,IF2103,2020-09-07 09:34:31.900,4630.0000,8027,-1,119373780.000,1,0,1,双平,S,4628.8000,4622.8000,4616.8000,4616.6000,4615.0000,4633.0000,4633.2000,4633.4000,4646.6000,4650.0000,1,1,1,1,1,1,2,1,1,1
SF,IF2103,2020-09-07 09:34:32.400,4630.0000,8027,0,119373780.000,0,-,-,-,-,4628.8000,4622.8000,4616.8000,4616.6000,4615.0000,4631.2000,4632.8000,4633.2000,4633.4000,4646.6000,1,1,1,1,1,1,2,1,1,1
SF,IF2103,2020-09-07 09:34:32.900,4630.0000,8027,0,119373780.000,0,-,-,-,-,4629.0000,4622.8000,4616.8000,4616.6000,4615.0000,4631.0000,4631.2000,4632.8000,4633.2000,4633.4000,1,1,1,1,1,1,1,1,1,1
SF,IF2103,2020-09-07 09:34:33.400,4630.0000,8027,0,119373780.000,0,-,-,-,-,4629.0000,4622.8000,4616.8000,4616.6000,4615.0000,4631.0000,4631.2000,4632.8000,4633.4000,4646.6000,2,1,1,1,1,1,1,1,1,1
SF,IF2103,2020-09-07 09:34:33.900,4631.2000,8027,0,120763140.000,1,0,1,多换,S,4629.0000,4622.8000,4616.8000,4616.6000,4615.0000,4632.8000,4633.4000,4646.6000,4650.0000,4670.0000,1,1,1,1,1,1,1,1,1,1
SF,IF2103,2020-09-07 09:34:34.400,4631.2000,8027,0,120763140.000,0,-,-,-,-,4629.0000,4622.8000,4616.8000,4616.6000,4615.0000,4632.6000,4632.8000,4646.6000,4650.0000,4670.0000,2,1,1,1,1,1,1,1,1,1
