市场代码,合约代码,时间,最新,持仓,增仓,成交额,成交量,开仓,平仓,成交类型,方向,买一价,买二价,买三价,买四价,买五价,卖一价,卖二价,卖三价,卖四价,卖五价,买一量,买二量,买三量,买四量,买五量,卖一量,卖二量,卖三量,卖四量,卖五量
SF,IF2103,2020-08-28 09:29:00.000,4592.4000,6110,0,4133160.000,3.000,-,-,-,-,4586.2000,4581.8000,4581.0000,4580.4000,4578.8000,4592.6000,4592.8000,4603.0000,4603.6000,4604.6000,1,1,1,4,1,1,1,5,1,1
SF,IF2103,2020-08-28 09:30:00.500,4592.4000,6110,0,4133160.000,0,-,-,-,-,4586.8000,4581.8000,4581.0000,4578.0000,4577.4000,4592.6000,4592.8000,4599.0000,4603.0000,4604.8000,1,1,1,1,1,1,1,1,5,1
SF,IF2103,2020-08-28 09:30:01.000,4592.4000,6110,0,4133160.000,0,-,-,-,-,4587.8000,4587.0000,4586.8000,4581.8000,4581.0000,4592.4000,4592.8000,4599.0000,4603.0000,4604.8000,1,1,1,1,1,1,1,1,5,1
SF,IF2103,2020-08-28 09:30:01.500,4592.4000,6110,0,4133160.000,0,-,-,-,-,4590.2000,4589.6000,4588.0000,4587.8000,4586.8000,4591.8000,4592.2000,4592.4000,4592.8000,4599.0000,1,1,1,1,1,1,1,1,1,1
SF,IF2103,2020-08-28 09:30:02.000,4592.4000,6110,0,4133160.000,0,-,-,-,-,4588.0000,4587.8000,4586.8000,4581.8000,4571.6000,4591.4000,4591.8000,4592.2000,4592.4000,4592.8000,1,1,1,1,1,1,1,1,1,1
SF,IF2103,2020-08-28 09:30:02.500,4592.4000,6110,0,4133160.000,0,-,-,-,-,4590.2000,4589.6000,4588.2000,4588.0000,4587.8000,4591.4000,4591.8000,4592.2000,4592.4000,4592.8000,1,1,1,1,1,1,1,1,1,1
SF,IF2103,2020-08-28 09:30:03.000,4592.4000,6110,0,4133160.000,0,-,-,-,-,4588.2000,4588.0000,4587.8000,4586.8000,4571.6000,4591.4000,4591.8000,4592.2000,4592.4000,4592.8000,1,1,1,1,1,1,1,1,1,1
SF,IF2103,2020-08-28 09:30:03.500,4592.4000,6110,0,4133160.000,0,-,-,-,-,4588.2000,4586.8000,4571.6000,4567.2000,4560.4000,4591.0000,4591.4000,4591.8000,4592.2000,4592.8000,1,1,1,8,1,1,1,1,1,1
SF,IF2103,2020-08-28 09:30:04.000,4592.4000,6110,0,4133160.000,0,-,-,-,-,4588.6000,4571.6000,4567.2000,4560.4000,4552.0000,4590.6000,4590.8000,4591.0000,4591.4000,4591.8000,4,1,8,1,6,1,1,2,1,1
SF,IF2103,2020-08-28 09:30:04.500,4588.8000,6109,-1,5509800.000,1,0,1,双平,S,4571.6000,4567.2000,4560.4000,4552.0000,4551.2000,4590.2000,4590.6000,4590.8000,4591.0000,4591.4000,1,8,1,6,1,1,1,1,2,1
SF,IF2103,2020-08-28 09:30:05.000,4588.8000,6109,0,5509800.000,0,-,-,-,-,4588.0000,4587.4000,4587.2000,4587.0000,4586.6000,4589.8000,4590.0000,4590.2000,4590.6000,4591.0000,1,1,1,1,1,1,1,1,1,2
SF,IF2103,2020-08-28 09:30:05.500,4587.4000,6108,-1,6886020.000,1,0,1,双平,S,4586.6000,4586.4000,4584.8000,4582.8000,4582.4000,4589.8000,4590.2000,4590.6000,4591.0000,4592.8000,1,1,1,1,2,1,1,1,2,1
SF,IF2103,2020-08-28 09:30:06.000,4586.6000,6107,-1,8262000.000,1,0,1,双平,S,4586.8000,4584.8000,4582.0000,4581.2000,4572.2000,4589.4000,4589.6000,4589.8000,4590.2000,4590.6000,1,1,1,1,2,1,1,1,1,1
SF,IF2103,2020-08-28 09:30:06.500,4586.6000,6106,-1,9637980.000,1,0,1,双平,S,4584.8000,4582.0000,4581.2000,4577.2000,4572.2000,4589.2000,4589.4000,4589.8000,4590.2000,4590.6000,1,1,1,3,2,1,1,1,1,1
SF,IF2103,2020-08-28 09:30:07.000,4586.6000,6106,0,9637980.000,0,-,-,-,-,4582.0000,4581.2000,4577.2000,4572.2000,4571.8000,4588.6000,4589.0000,4589.2000,4589.4000,4589.8000,1,1,3,2,2,1,1,2,1,1
SF,IF2103,2020-08-28 09:30:07.500,4586.6000,6106,0,9637980.000,0,-,-,-,-,4585.8000,4582.6000,4582.2000,4582.0000,4581.6000,4588.2000,4588.4000,4588.6000,4589.0000,4589.2000,1,2,1,1,2,1,1,1,1,1
SF,IF2103,2020-08-28 09:30:08.000,4586.6000,6106,0,9637980.000,0,-,-,-,-,4582.6000,4582.0000,4581.6000,4581.2000,4577.2000,4587.8000,4588.2000,4588.4000,4588.6000,4589.0000,1,1,2,1,3,1,1,1,1,1
SF,IF2103,2020-08-28 09:30:08.500,4586.6000,6106,0,9637980.000,0,-,-,-,-,4582.6000,4582.0000,4581.6000,4581.2000,4577.2000,4586.6000,4587.4000,4587.6000,4587.8000,4588.2000,1,1,2,1,3,1,1,1,1,1
SF,IF2103,2020-08-28 09:30:09.000,4586.6000,6106,0,9637980.000,0,-,-,-,-,4585.2000,4582.6000,4582.0000,4581.6000,4581.2000,4586.4000,4586.6000,4587.4000,4587.8000,4588.2000,1,1,1,2,1,1,1,1,1,1
SF,IF2103,2020-08-28 09:30:09.500,4585.2000,6105,-1,11013540.000,1,0,1,双平,S,4582.6000,4582.0000,4581.6000,4581.2000,4577.2000,4587.4000,4587.8000,4588.2000,4588.6000,4589.2000,1,1,2,1,3,1,1,1,1,1
SF,IF2103,2020-08-28 09:30:10.000,4585.2000,6105,0,11013540.000,0,-,-,-,-,4582.6000,4582.0000,4581.6000,4581.2000,4577.2000,4586.6000,4587.0000,4587.2000,4587.4000,4587.8000,1,1,2,1,3,1,1,1,1,1
SF,IF2103,2020-08-28 09:30:10.500,4585.2000,6105,0,11013540.000,0,-,-,-,-,4582.0000,4581.6000,4581.2000,4577.2000,4572.2000,4586.4000,4586.6000,4587.0000,4587.4000,4587.8000,1,2,1,3,1,2,1,1,1,1
SF,IF2103,2020-08-28 09:30:11.000,4585.2000,6105,0,11013540.000,0,-,-,-,-,4582.2000,4582.0000,4581.6000,4581.2000,4577.2000,4585.8000,4586.4000,4586.6000,4587.0000,4587.8000,1,1,2,1,3,1,2,1,1,1
SF,IF2103,2020-08-28 09:30:11.500,4585.2000,6105,0,11013540.000,0,-,-,-,-,4582.2000,4582.0000,4581.2000,4577.2000,4572.2000,4585.6000,4585.8000,4586.6000,4587.0000,4587.8000,1,1,1,3,1,1,1,1,1,1
SF,IF2103,2020-08-28 09:30:12.000,4585.2000,6105,0,11013540.000,0,-,-,-,-,4582.0000,4581.2000,4577.2000,4572.2000,4571.8000,4585.6000,4585.8000,4586.6000,4587.0000,4587.8000,1,1,3,1,2,1,1,1,1,1
SF,IF2103,2020-08-28 09:30:12.500,4585.2000,6105,0,11013540.000,0,-,-,-,-,4583.8000,4582.0000,4581.2000,4577.2000,4572.2000,4585.6000,4585.8000,4586.6000,4587.0000,4587.8000,1,1,1,3,1,1,1,1,1,1
SF,IF2103,2020-08-28 09:30:13.000,4583.8000,6104,-1,12388680.000,1,0,1,双平,S,4582.0000,4581.2000,4580.0000,4577.2000,4572.2000,4585.8000,4586.6000,4587.0000,4587.8000,4588.2000,1,1,1,3,1,1,1,1,1,1
SF,IF2103,2020-08-28 09:30:13.500,4583.8000,6104,0,12388680.000,0,-,-,-,-,4583.8000,4582.2000,4582.0000,4581.2000,4580.0000,4585.8000,4586.6000,4587.0000,4587.8000,4588.2000,1,1,1,1,1,1,1,1,1,1
SF,IF2103,2020-08-28 09:30:14.000,4583.8000,6104,0,12388680.000,0,-,-,-,-,4582.2000,4582.0000,4581.2000,4580.0000,4577.2000,4585.8000,4586.6000,4587.0000,4587.8000,4588.2000,1,1,1,1,3,1,1,1,1,1
SF,IF2103,2020-08-28 09:30:14.500,4583.8000,6104,0,12388680.000,0,-,-,-,-,4582.4000,4582.2000,4582.0000,4581.2000,4580.0000,4585.8000,4586.6000,4587.0000,4587.8000,4588.2000,1,1,1,1,1,1,1,1,1,1
SF,IF2103,2020-08-28 09:30:15.000,4583.8000,6104,0,12388680.000,0,-,-,-,-,4584.2000,4582.6000,4582.4000,4582.0000,4581.2000,4585.8000,4586.6000,4587.0000,4587.8000,4588.2000,1,2,1,1,1,1,1,1,1,1
SF,IF2103,2020-08-28 09:30:15.500,4583.8000,6104,0,12388680.000,0,-,-,-,-,4582.6000,4582.0000,4581.2000,4580.0000,4577.2000,4585.8000,4586.6000,4587.0000,4587.8000,4588.2000,1,1,1,1,3,1,1,1,1,1
SF,IF2103,2020-08-28 09:30:16.000,4583.8000,6104,0,12388680.000,0,-,-,-,-,4582.8000,4582.6000,4582.0000,4581.2000,4580.0000,4585.8000,4586.6000,4587.0000,4587.8000,4588.2000,1,1,1,1,1,1,1,1,1,1
SF,IF2103,2020-08-28 09:30:16.500,4583.8000,6104,0,12388680.000,0,-,-,-,-,4583.0000,4582.8000,4582.0000,4581.2000,4580.0000,4585.8000,4586.6000,4587.0000,4587.8000,4588.2000,1,1,1,1,1,1,1,1,1,1
SF,IF2103,2020-08-28 09:30:17.500,4583.8000,6104,0,12388680.000,0,-,-,-,-,4583.0000,4582.8000,4582.0000,4581.2000,4580.0000,4585.8000,4586.6000,4587.0000,4587.8000,4588.2000,1,1,1,1,1,1,1,1,1,1
SF,IF2103,2020-08-28 09:30:19.500,4583.8000,6104,0,12388680.000,0,-,-,-,-,4583.4000,4583.0000,4582.8000,4582.0000,4581.2000,4585.8000,4586.6000,4587.0000,4587.8000,4588.2000,2,1,1,1,1,1,1,1,1,1
SF,IF2103,2020-08-28 09:30:20.000,4583.8000,6104,0,12388680.000,0,-,-,-,-,4583.0000,4582.0000,4581.2000,4580.0000,4577.2000,4585.8000,4586.6000,4587.0000,4587.8000,4588.2000,1,1,1,1,3,1,1,1,1,1
SF,IF2103,2020-08-28 09:30:21.000,4583.8000,6104,0,12388680.000,0,-,-,-,-,4583.0000,4582.0000,4581.2000,4580.4000,4580.0000,4585.8000,4586.6000,4587.0000,4587.8000,4588.2000,1,1,1,2,1,1,1,1,1,1
SF,IF2103,2020-08-28 09:30:21.500,4583.8000,6104,0,12388680.000,0,-,-,-,-,4582.0000,4581.2000,4580.4000,4580.0000,4572.2000,4585.6000,4585.8000,4586.6000,4587.0000,4587.8000,1,1,2,1,1,1,1,1,1,1
SF,IF2103,2020-08-28 09:30:22.000,4583.8000,6104,0,12388680.000,0,-,-,-,-,4582.0000,4581.2000,4580.4000,4580.0000,4572.2000,4585.0000,4585.4000,4585.6000,4585.8000,4586.6000,1,1,2,1,1,1,1,1,1,1
SF,IF2103,2020-08-28 09:30:22.500,4583.8000,6104,0,12388680.000,0,-,-,-,-,4582.0000,4581.2000,4580.4000,4580.0000,4572.2000,4584.8000,4585.0000,4585.4000,4585.8000,4586.6000,1,1,2,1,1,1,1,1,1,1
SF,IF2103,2020-08-28 09:30:23.000,4583.8000,6104,0,12388680.000,0,-,-,-,-,4582.0000,4581.2000,4580.4000,4580.0000,4572.2000,4584.8000,4585.0000,4585.4000,4585.8000,4586.6000,1,1,2,1,1,1,1,1,1,1
SF,IF2103,2020-08-28 09:30:23.500,4583.8000,6104,0,12388680.000,0,-,-,-,-,4582.0000,4581.2000,4580.0000,4572.2000,4571.8000,4584.8000,4585.0000,4585.4000,4585.8000,4586.6000,1,1,1,1,2,1,1,1,1,1
SF,IF2103,2020-08-28 09:30:25.000,4583.8000,6104,0,12388680.000,0,-,-,-,-,4582.2000,4582.0000,4581.2000,4580.0000,4572.2000,4584.8000,4585.0000,4585.4000,4585.8000,4586.6000,1,1,1,1,1,1,1,1,1,1
SF,IF2103,2020-08-28 09:30:25.500,4583.8000,6104,0,12388680.000,0,-,-,-,-,4582.4000,4582.2000,4582.0000,4581.2000,4580.0000,4584.8000,4585.0000,4585.4000,4585.8000,4586.6000,1,1,1,1,1,1,1,1,1,1
SF,IF2103,2020-08-28 09:30:26.000,4583.8000,6104,0,12388680.000,0,-,-,-,-,4582.4000,4582.0000,4581.2000,4580.0000,4572.2000,4585.0000,4585.4000,4585.8000,4586.6000,4587.8000,1,1,1,1,1,1,1,1,1,1
SF,IF2103,2020-08-28 09:30:26.500,4583.8000,6104,0,12388680.000,0,-,-,-,-,4582.6000,4582.4000,4582.0000,4581.2000,4580.0000,4585.0000,4585.4000,4585.8000,4586.6000,4587.8000,1,1,1,1,1,1,1,1,1,1
SF,IF2103,2020-08-28 09:30:27.000,4583.8000,6104,0,12388680.000,0,-,-,-,-,4583.0000,4582.6000,4582.4000,4582.0000,4581.2000,4585.4000,4585.8000,4586.6000,4587.8000,4589.2000,1,1,1,1,1,1,1,1,1,1
SF,IF2103,2020-08-28 09:30:27.500,4583.8000,6104,0,12388680.000,0,-,-,-,-,4583.0000,4582.6000,4582.4000,4582.0000,4581.2000,4585.4000,4585.8000,4586.6000,4587.8000,4589.2000,1,1,1,1,1,1,1,1,1,1
SF,IF2103,2020-08-28 09:30:28.000,4583.8000,6104,0,12388680.000,0,-,-,-,-,4584.2000,4583.0000,4582.6000,4582.4000,4582.0000,4585.8000,4586.6000,4587.8000,4589.2000,4592.8000,1,1,1,1,1,1,1,1,1,1
SF,IF2103,2020-08-28 09:30:28.500,4583.8000,6104,0,12388680.000,0,-,-,-,-,4583.0000,4582.6000,4582.0000,4581.2000,4580.0000,4586.6000,4587.8000,4589.2000,4592.8000,4603.0000,1,1,1,1,1,1,1,1,1,5
SF,IF2103,2020-08-28 09:30:29.000,4583.8000,6104,0,12388680.000,0,-,-,-,-,4583.2000,4583.0000,4582.0000,4581.2000,4580.0000,4586.6000,4587.8000,4589.2000,4592.8000,4603.0000,1,1,1,1,1,1,1,1,1,5
SF,IF2103,2020-08-28 09:30:30.000,4583.8000,6104,0,12388680.000,0,-,-,-,-,4583.2000,4582.0000,4581.2000,4580.0000,4572.2000,4586.6000,4587.8000,4589.2000,4592.8000,4603.0000,1,1,1,1,1,1,1,1,1,5
SF,IF2103,2020-08-28 09:30:30.500,4583.8000,6104,0,12388680.000,0,-,-,-,-,4583.4000,4583.2000,4582.0000,4581.2000,4580.0000,4586.6000,4587.8000,4589.2000,4592.8000,4603.0000,1,1,1,1,1,1,1,1,1,5
SF,IF2103,2020-08-28 09:30:31.000,4583.8000,6104,0,12388680.000,0,-,-,-,-,4583.6000,4583.4000,4582.0000,4581.2000,4580.0000,4586.6000,4587.8000,4589.2000,4592.8000,4603.0000,1,1,1,1,1,1,1,1,1,5
SF,IF2103,2020-08-28 09:30:31.500,4583.8000,6104,0,12388680.000,0,-,-,-,-,4583.6000,4583.4000,4582.0000,4581.2000,4580.0000,4586.6000,4587.8000,4589.2000,4592.8000,4603.0000,1,1,1,1,1,1,1,1,1,5
SF,IF2103,2020-08-28 09:30:32.000,4583.8000,6104,0,12388680.000,0,-,-,-,-,4583.6000,4583.4000,4582.0000,4581.2000,4580.0000,4586.6000,4587.8000,4589.2000,4592.8000,4603.0000,1,1,1,1,1,1,1,1,1,5
SF,IF2103,2020-08-28 09:30:32.500,4583.8000,6104,0,13763820.000,1,0,1,多换,S,4584.2000,4583.6000,4583.4000,4582.0000,4581.2000,4586.6000,4587.8000,4589.2000,4592.8000,4603.0000,2,1,1,1,1,1,1,1,1,5
SF,IF2103,2020-08-28 09:30:33.500,4583.8000,6104,0,13763820.000,0,-,-,-,-,4584.2000,4583.6000,4582.0000,4581.2000,4580.0000,4586.6000,4587.8000,4589.2000,4592.8000,4603.0000,2,1,1,1,1,1,1,1,1,5
SF,IF2103,2020-08-28 09:30:34.500,4583.8000,6104,0,13763820.000,0,-,-,-,-,4583.6000,4582.0000,4581.2000,4580.0000,4572.2000,4586.6000,4587.8000,4589.2000,4592.8000,4603.0000,1,1,1,1,1,1,1,1,1,5
SF,IF2103,2020-08-28 09:30:35.500,4583.8000,6104,0,13763820.000,0,-,-,-,-,4583.8000,4583.6000,4582.0000,4581.2000,4580.0000,4586.6000,4587.8000,4589.2000,4592.8000,4603.0000,1,1,1,1,1,1,1,1,1,5
SF,IF2103,2020-08-28 09:30:36.000,4583.8000,6104,0,13763820.000,0,-,-,-,-,4584.0000,4583.8000,4582.0000,4581.2000,4580.0000,4585.6000,4586.6000,4587.8000,4589.2000,4592.8000,1,3,1,1,1,1,1,1,1,1
SF,IF2103,2020-08-28 09:30:36.500,4583.8000,6104,0,13763820.000,0,-,-,-,-,4583.8000,4582.0000,4581.2000,4580.0000,4572.2000,4585.6000,4586.6000,4587.8000,4589.2000,4592.8000,1,1,1,1,1,1,1,1,1,1
SF,IF2103,2020-08-28 09:30:37.000,4585.6000,6103,-1,15139500.000,1,0,1,双平,S,4583.8000,4582.0000,4581.2000,4580.0000,4572.2000,4586.6000,4587.8000,4589.2000,4592.8000,4603.0000,1,1,1,2,1,1,1,1,1,5
SF,IF2103,2020-08-28 09:30:37.500,4585.6000,6103,0,15139500.000,0,-,-,-,-,4584.0000,4583.8000,4582.0000,4581.2000,4580.0000,4586.6000,4587.8000,4589.2000,4592.8000,4603.0000,1,1,1,1,2,1,1,1,1,5
SF,IF2103,2020-08-28 09:30:38.000,4585.6000,6103,0,15139500.000,0,-,-,-,-,4584.0000,4583.8000,4582.0000,4581.2000,4580.0000,4586.6000,4587.8000,4589.2000,4592.8000,4603.0000,1,1,1,1,2,1,1,1,1,5
SF,IF2103,2020-08-28 09:30:38.500,4585.6000,6103,0,15139500.000,0,-,-,-,-,4584.0000,4583.8000,4582.0000,4581.2000,4580.0000,4586.6000,4587.8000,4589.2000,4592.8000,4603.0000,1,1,1,1,2,1,1,1,1,5
SF,IF2103,2020-08-28 09:30:43.000,4585.6000,6103,0,15139500.000,0,-,-,-,-,4584.0000,4583.8000,4582.2000,4582.0000,4581.2000,4586.6000,4587.8000,4589.2000,4592.8000,4603.0000,1,1,2,1,1,1,1,1,1,5
SF,IF2103,2020-08-28 09:30:47.500,4585.6000,6103,0,15139500.000,0,-,-,-,-,4584.0000,4583.8000,4582.2000,4582.0000,4581.2000,4586.6000,4589.2000,4592.8000,4603.0000,4606.4000,1,1,2,1,1,1,1,1,5,1
SF,IF2103,2020-08-28 09:30:48.000,4585.6000,6103,0,15139500.000,0,-,-,-,-,4584.2000,4584.0000,4583.8000,4582.2000,4582.0000,4586.6000,4589.2000,4592.8000,4603.0000,4606.4000,1,1,1,2,1,1,1,1,5,1
SF,IF2103,2020-08-28 09:30:48.500,4586.6000,6103,0,16515480.000,1,0,1,多换,S,4586.6000,4584.2000,4584.0000,4583.8000,4582.0000,4589.2000,4592.8000,4603.0000,4606.4000,4628.8000,1,3,1,1,1,1,1,5,1,1
SF,IF2103,2020-08-28 09:30:49.000,4586.8000,6102,-1,19267500.000,2,0,2,多平,S,4584.2000,4582.0000,4581.2000,4580.0000,4572.2000,4586.8000,4587.8000,4589.0000,4589.2000,4592.8000,3,1,1,2,1,1,2,6,1,1
SF,IF2103,2020-08-28 09:30:49.500,4586.8000,6102,0,19267500.000,0,-,-,-,-,4584.2000,4582.0000,4581.2000,4580.0000,4572.2000,4586.6000,4586.8000,4589.0000,4589.2000,4592.8000,3,1,1,2,1,1,1,5,1,1
SF,IF2103,2020-08-28 09:30:50.000,4586.8000,6102,0,19267500.000,0,-,-,-,-,4584.2000,4582.0000,4581.2000,4580.0000,4572.2000,4586.4000,4586.6000,4586.8000,4589.0000,4589.2000,3,1,1,2,1,1,1,1,5,1
SF,IF2103,2020-08-28 09:30:50.500,4586.4000,6102,0,20643420.000,1,0,1,多换,S,4584.2000,4582.0000,4581.2000,4580.0000,4572.2000,4586.6000,4586.8000,4587.6000,4589.0000,4589.2000,3,1,1,1,1,1,1,1,5,1
SF,IF2103,2020-08-28 09:30:51.000,4586.6000,6101,-1,22019400.000,1,0,1,双平,S,4586.6000,4584.4000,4584.2000,4582.0000,4581.2000,4586.8000,4589.0000,4589.2000,4592.8000,4603.0000,1,1,3,1,1,1,5,1,1,5
SF,IF2103,2020-08-28 09:30:51.500,4586.8000,6099,-2,24771480.000,2,0,2,双平,S,4586.8000,4586.6000,4584.4000,4584.2000,4582.0000,4589.0000,4589.2000,4592.8000,4603.0000,4628.8000,2,1,1,3,1,3,1,1,5,1
SF,IF2103,2020-08-28 09:30:52.000,4586.8000,6099,0,24771480.000,0,-,-,-,-,4586.8000,4586.6000,4584.2000,4582.0000,4581.2000,4587.6000,4589.0000,4589.2000,4592.8000,4603.0000,1,1,3,1,1,1,3,1,1,5
SF,IF2103,2020-08-28 09:30:52.500,4587.6000,6098,-1,26147760.000,1,0,1,双平,S,4586.6000,4584.2000,4582.0000,4581.2000,4580.0000,4589.0000,4589.2000,4592.8000,4603.0000,4628.8000,1,3,1,1,1,3,1,1,5,1
SF,IF2103,2020-08-28 09:30:53.000,4587.6000,6098,0,26147760.000,0,-,-,-,-,4586.6000,4584.2000,4582.0000,4581.2000,4580.0000,4588.8000,4589.0000,4589.2000,4592.8000,4603.0000,1,3,1,1,1,1,3,1,1,5
SF,IF2103,2020-08-28 09:30:53.500,4587.6000,6098,0,26147760.000,0,-,-,-,-,4586.6000,4584.2000,4582.0000,4581.2000,4580.0000,4588.8000,4589.0000,4589.2000,4592.8000,4603.0000,1,1,1,1,1,1,3,1,1,5
SF,IF2103,2020-08-28 09:30:55.000,4587.6000,6098,0,26147760.000,0,-,-,-,-,4586.6000,4584.2000,4582.0000,4581.2000,4580.0000,4589.0000,4592.8000,4603.0000,4628.8000,4633.8000,1,1,1,1,1,1,1,5,1,12
SF,IF2103,2020-08-28 09:30:55.500,4587.6000,6098,0,26147760.000,0,-,-,-,-,4586.8000,4586.6000,4584.2000,4582.0000,4581.2000,4592.8000,4603.0000,4628.8000,4633.8000,4658.8000,1,1,1,1,1,1,5,1,12,1
SF,IF2103,2020-08-28 09:30:56.000,4587.6000,6098,0,26147760.000,0,-,-,-,-,4587.0000,4586.8000,4586.6000,4584.2000,4582.0000,4588.8000,4589.0000,4589.2000,4590.0000,4591.6000,1,1,1,1,1,1,2,1,1,1
SF,IF2103,2020-08-28 09:30:56.500,4587.6000,6098,0,26147760.000,0,-,-,-,-,4586.8000,4586.6000,4584.2000,4582.0000,4581.2000,4590.0000,4591.6000,4592.2000,4592.6000,4592.8000,1,1,1,1,1,1,1,1,4,1
SF,IF2103,2020-08-28 09:30:57.000,4587.6000,6098,0,26147760.000,0,-,-,-,-,4587.0000,4586.8000,4586.6000,4584.2000,4582.0000,4590.0000,4591.6000,4592.2000,4592.6000,4592.8000,1,1,1,1,1,1,1,1,4,1
SF,IF2103,2020-08-28 09:30:58.500,4587.6000,6098,0,26147760.000,0,-,-,-,-,4587.0000,4586.6000,4584.2000,4582.0000,4581.2000,4590.0000,4591.6000,4592.2000,4592.6000,4592.8000,1,1,1,1,1,1,1,1,4,1
SF,IF2103,2020-08-28 09:30:59.000,4587.6000,6098,0,26147760.000,0,-,-,-,-,4587.0000,4586.6000,4584.2000,4582.0000,4581.2000,4589.8000,4590.0000,4591.6000,4592.2000,4592.6000,1,1,1,1,1,1,1,1,1,4
SF,IF2103,2020-08-28 09:30:59.500,4587.6000,6098,0,26147760.000,0,-,-,-,-,4587.0000,4586.6000,4584.2000,4582.0000,4581.2000,4590.0000,4591.6000,4592.2000,4592.6000,4592.8000,1,1,1,1,1,1,1,1,4,1
SF,IF2103,2020-08-28 09:31:00.000,4587.6000,6098,0,26147760.000,0,-,-,-,-,4587.0000,4586.6000,4584.2000,4582.0000,4581.2000,4589.2000,4589.8000,4590.0000,4591.6000,4592.2000,1,1,1,1,1,1,1,1,1,1
SF,IF2103,2020-08-28 09:31:00.500,4587.6000,6098,0,26147760.000,0,-,-,-,-,4587.2000,4587.0000,4586.6000,4584.2000,4582.0000,4589.8000,4590.0000,4591.6000,4592.2000,4592.6000,1,1,1,1,1,1,1,1,1,4
SF,IF2103,2020-08-28 09:31:01.000,4587.6000,6098,0,26147760.000,0,-,-,-,-,4587.4000,4587.2000,4586.6000,4584.2000,4582.0000,4589.2000,4589.6000,4589.8000,4590.0000,4591.6000,1,1,1,1,1,1,1,1,1,1
SF,IF2103,2020-08-28 09:31:01.500,4586.6000,6097,-1,27523740.000,1,0,1,双平,S,4584.2000,4582.0000,4581.2000,4580.0000,4575.2000,4589.0000,4589.2000,4589.8000,4590.0000,4591.6000,1,1,1,1,1,1,1,1,1,1
SF,IF2103,2020-08-28 09:31:02.000,4586.6000,6097,0,27523740.000,0,-,-,-,-,4584.4000,4584.2000,4582.0000,4581.2000,4580.0000,4589.0000,4589.2000,4589.8000,4590.0000,4591.6000,2,1,1,1,1,2,1,1,1,1
SF,IF2103,2020-08-28 09:31:02.500,4586.6000,6097,0,27523740.000,0,-,-,-,-,4585.0000,4584.4000,4582.0000,4581.2000,4580.0000,4588.8000,4589.0000,4589.2000,4589.8000,4590.0000,2,1,1,1,1,2,2,1,1,1
SF,IF2103,2020-08-28 09:31:03.000,4586.6000,6097,0,27523740.000,0,-,-,-,-,4585.0000,4584.4000,4582.0000,4581.2000,4580.0000,4588.6000,4588.8000,4589.0000,4589.2000,4589.8000,2,1,1,1,1,1,2,1,1,1
SF,IF2103,2020-08-28 09:31:03.500,4586.6000,6097,0,27523740.000,0,-,-,-,-,4585.2000,4585.0000,4584.4000,4582.0000,4581.2000,4587.8000,4588.4000,4588.6000,4588.8000,4589.0000,1,2,1,1,1,1,2,1,1,1
SF,IF2103,2020-08-28 09:31:04.000,4586.6000,6097,0,27523740.000,0,-,-,-,-,4585.2000,4585.0000,4584.4000,4582.0000,4581.2000,4587.6000,4587.8000,4588.4000,4588.8000,4589.0000,1,2,1,1,1,2,1,1,1,1
SF,IF2103,2020-08-28 09:31:04.500,4585.2000,6097,0,28899300.000,1,0,1,多换,S,4585.0000,4584.4000,4582.0000,4581.2000,4580.0000,4587.4000,4587.6000,4587.8000,4588.4000,4588.8000,2,1,1,1,1,1,2,1,1,1
SF,IF2103,2020-08-28 09:31:05.000,4585.2000,6097,0,28899300.000,0,-,-,-,-,4585.0000,4584.4000,4582.0000,4581.2000,4580.0000,4587.2000,4587.6000,4588.4000,4588.8000,4589.2000,2,1,1,1,1,1,1,1,1,1
SF,IF2103,2020-08-28 09:31:05.500,4585.2000,6097,0,28899300.000,0,-,-,-,-,4585.0000,4584.4000,4582.0000,4581.2000,4580.0000,4587.2000,4587.6000,4588.8000,4589.2000,4589.8000,2,1,1,1,1,1,1,1,1,1
SF,IF2103,2020-08-28 09:31:06.000,4585.2000,6097,0,28899300.000,0,-,-,-,-,4585.0000,4584.4000,4582.0000,4581.2000,4580.0000,4587.2000,4587.6000,4588.8000,4589.2000,4589.8000,2,1,1,1,1,1,1,1,1,1
SF,IF2103,2020-08-28 09:31:06.500,4585.2000,6097,0,28899300.000,0,-,-,-,-,4585.0000,4584.4000,4582.0000,4581.2000,4580.0000,4587.2000,4588.8000,4589.2000,4589.8000,4590.0000,2,1,1,1,1,1,1,1,1,1
SF,IF2103,2020-08-28 09:31:07.000,4585.2000,6097,0,28899300.000,0,-,-,-,-,4585.0000,4584.4000,4582.0000,4581.2000,4580.0000,4587.0000,4587.2000,4588.8000,4589.2000,4589.8000,2,1,1,1,1,1,1,1,1,1
SF,IF2103,2020-08-28 09:31:07.500,4585.2000,6097,0,28899300.000,0,-,-,-,-,4585.0000,4582.0000,4581.2000,4580.0000,4575.2000,4586.8000,4587.0000,4588.8000,4589.2000,4589.8000,1,1,1,1,1,1,1,1,1,1
SF,IF2103,2020-08-28 09:31:08.000,4585.0000,6096,-1,30274800.000,1,0,1,双平,S,4582.0000,4581.2000,4580.0000,4575.2000,4571.8000,4586.8000,4588.8000,4589.2000,4589.8000,4590.0000,1,1,1,1,2,1,1,1,1,1
SF,IF2103,2020-08-28 09:31:08.500,4585.0000,6096,0,30274800.000,0,-,-,-,-,4582.6000,4582.2000,4582.0000,4581.2000,4580.0000,4586.6000,4586.8000,4588.8000,4589.2000,4589.8000,1,2,1,1,1,1,1,1,1,1
SF,IF2103,2020-08-28 09:31:09.000,4585.0000,6096,0,30274800.000,0,-,-,-,-,4583.0000,4582.8000,4582.6000,4582.2000,4582.0000,4586.4000,4586.6000,4588.8000,4589.2000,4589.8000,1,1,1,1,1,1,1,1,1,1
SF,IF2103,2020-08-28 09:31:09.500,4585.0000,6096,0,30274800.000,0,-,-,-,-,4583.4000,4583.2000,4583.0000,4582.6000,4582.2000,4586.2000,4586.4000,4588.8000,4589.2000,4589.8000,1,1,1,1,1,1,1,1,1,1
SF,IF2103,2020-08-28 09:31:10.000,4585.0000,6096,0,30274800.000,0,-,-,-,-,4583.4000,4583.0000,4582.6000,4582.2000,4582.0000,4586.0000,4586.2000,4588.8000,4589.2000,4589.8000,1,1,1,1,1,1,1,1,1,1
SF,IF2103,2020-08-28 09:31:10.500,4585.0000,6096,0,30274800.000,0,-,-,-,-,4583.4000,4583.0000,4582.6000,4582.2000,4582.0000,4585.8000,4586.0000,4588.8000,4589.2000,4589.8000,1,1,1,1,1,1,1,1,1,1
SF,IF2103,2020-08-28 09:31:11.000,4585.0000,6096,0,30274800.000,0,-,-,-,-,4583.4000,4583.0000,4582.6000,4582.2000,4582.0000,4585.6000,4585.8000,4588.8000,4589.2000,4589.8000,1,1,1,1,1,1,1,1,1,1
SF,IF2103,2020-08-28 09:31:11.500,4585.0000,6096,0,30274800.000,0,-,-,-,-,4583.4000,4583.0000,4582.6000,4582.2000,4582.0000,4585.6000,4585.8000,4588.8000,4589.2000,4589.8000,1,1,1,1,1,2,1,1,1,1
SF,IF2103,2020-08-28 09:31:12.000,4585.0000,6096,0,30274800.000,0,-,-,-,-,4583.4000,4583.0000,4582.6000,4582.2000,4582.0000,4585.6000,4585.8000,4588.8000,4589.2000,4589.8000,1,1,1,1,1,1,1,1,1,1
SF,IF2103,2020-08-28 09:31:12.500,4585.0000,6096,0,30274800.000,0,-,-,-,-,4583.4000,4583.0000,4582.6000,4582.2000,4582.0000,4585.4000,4585.6000,4585.8000,4588.8000,4589.2000,1,1,1,1,1,1,1,1,1,1
SF,IF2103,2020-08-28 09:31:13.000,4585.0000,6096,0,30274800.000,0,-,-,-,-,4583.4000,4583.0000,4582.6000,4582.2000,4582.0000,4585.2000,4585.4000,4585.8000,4588.8000,4589.2000,1,1,1,1,1,1,1,1,1,1
SF,IF2103,2020-08-28 09:31:13.500,4585.2000,6095,-1,31650360.000,1,0,1,双平,S,4583.4000,4583.0000,4582.6000,4582.2000,4582.0000,4585.8000,4588.8000,4589.2000,4589.8000,4592.2000,1,1,1,1,1,1,1,1,1,1
SF,IF2103,2020-08-28 09:31:14.000,4585.2000,6095,0,31650360.000,0,-,-,-,-,4583.6000,4583.4000,4583.0000,4582.6000,4582.2000,4585.6000,4585.8000,4588.8000,4589.2000,4589.8000,1,1,1,1,1,1,1,1,1,1
SF,IF2103,2020-08-28 09:31:14.500,4583.6000,6094,-1,33025440.000,1,0,1,双平,S,4583.4000,4583.0000,4582.6000,4582.2000,4582.0000,4585.6000,4585.8000,4588.8000,4589.2000,4589.8000,1,1,1,1,1,1,1,1,1,1
SF,IF2103,2020-08-28 09:31:15.000,4583.6000,6094,0,33025440.000,0,-,-,-,-,4583.4000,4583.0000,4582.6000,4582.2000,4581.2000,4585.6000,4585.8000,4588.8000,4589.2000,4589.8000,1,1,1,1,1,1,1,1,1,1
SF,IF2103,2020-08-28 09:31:16.000,4583.6000,6094,0,33025440.000,0,-,-,-,-,4583.4000,4583.0000,4582.6000,4582.2000,4580.0000,4585.6000,4585.8000,4588.8000,4589.2000,4589.8000,1,1,1,1,1,1,1,1,1,1
SF,IF2103,2020-08-28 09:31:16.500,4583.6000,6094,0,33025440.000,0,-,-,-,-,4583.4000,4582.6000,4582.2000,4580.0000,4575.2000,4585.4000,4585.6000,4585.8000,4588.8000,4589.2000,1,1,1,1,1,1,1,1,1,1
SF,IF2103,2020-08-28 09:31:17.000,4583.4000,6094,0,34400460.000,1,0,1,多换,S,4582.6000,4582.2000,4580.0000,4575.2000,4571.8000,4585.2000,4585.4000,4585.8000,4588.8000,4589.2000,1,1,1,1,1,1,1,1,1,1
SF,IF2103,2020-08-28 09:31:17.500,4583.4000,6094,0,34400460.000,0,-,-,-,-,4582.6000,4582.2000,4580.0000,4575.2000,4571.8000,4585.0000,4585.2000,4585.4000,4588.8000,4589.2000,1,1,1,1,1,1,1,1,1,1
SF,IF2103,2020-08-28 09:31:18.000,4583.4000,6094,0,34400460.000,0,-,-,-,-,4582.6000,4580.0000,4575.2000,4571.8000,4570.4000,4584.8000,4585.0000,4588.8000,4589.2000,4589.8000,1,1,1,1,8,1,2,1,1,1
SF,IF2103,2020-08-28 09:31:18.500,4583.4000,6094,0,34400460.000,0,-,-,-,-,4580.0000,4575.2000,4571.8000,4570.4000,4560.4000,4584.6000,4584.8000,4585.0000,4588.8000,4589.2000,1,1,1,8,1,1,1,1,1,1
SF,IF2103,2020-08-28 09:31:19.000,4583.4000,6094,0,34400460.000,0,-,-,-,-,4582.2000,4580.6000,4580.4000,4580.2000,4580.0000,4584.4000,4588.8000,4589.2000,4589.8000,4592.2000,1,1,1,1,1,2,1,1,1,1
SF,IF2103,2020-08-28 09:31:19.500,4583.4000,6094,0,34400460.000,0,-,-,-,-,4582.6000,4580.6000,4580.4000,4580.2000,4580.0000,4584.2000,4584.4000,4588.8000,4589.2000,4589.8000,1,1,1,1,1,1,2,1,1,1
SF,IF2103,2020-08-28 09:31:20.000,4583.4000,6094,0,34400460.000,0,-,-,-,-,4582.6000,4580.6000,4580.4000,4580.2000,4580.0000,4584.0000,4584.2000,4588.8000,4589.2000,4589.8000,1,1,1,1,1,1,1,1,1,1
SF,IF2103,2020-08-28 09:31:20.500,4583.4000,6094,0,34400460.000,0,-,-,-,-,4582.6000,4580.6000,4580.4000,4580.2000,4580.0000,4584.0000,4588.8000,4589.2000,4589.8000,4592.2000,1,1,1,1,1,1,1,1,1,1
SF,IF2103,2020-08-28 09:31:21.000,4583.4000,6094,0,34400460.000,0,-,-,-,-,4582.6000,4580.6000,4580.4000,4580.2000,4580.0000,4583.8000,4584.0000,4588.8000,4589.2000,4589.8000,1,1,1,1,1,1,1,1,1,1
SF,IF2103,2020-08-28 09:31:21.500,4582.8000,6094,0,35775300.000,1,0,1,多换,S,4582.6000,4580.6000,4580.4000,4580.2000,4580.0000,4583.6000,4588.8000,4589.2000,4589.8000,4592.2000,1,1,1,1,1,1,1,1,1,1
SF,IF2103,2020-08-28 09:31:22.000,4582.6000,6093,-1,37150080.000,1,0,1,双平,S,4580.6000,4580.4000,4580.2000,4580.0000,4575.2000,4583.6000,4588.8000,4589.2000,4589.8000,4592.2000,1,1,1,1,1,1,1,1,1,1
SF,IF2103,2020-08-28 09:31:22.500,4582.6000,6093,0,37150080.000,0,-,-,-,-,4580.8000,4580.6000,4580.0000,4575.2000,4571.8000,4583.4000,4583.6000,4588.8000,4589.8000,4592.2000,1,1,1,1,1,1,1,1,1,1
SF,IF2103,2020-08-28 09:31:23.000,4582.6000,6093,0,37150080.000,0,-,-,-,-,4580.8000,4580.6000,4580.0000,4575.2000,4571.8000,4583.2000,4583.4000,4588.8000,4589.8000,4592.2000,1,1,1,1,1,2,1,1,1,1
SF,IF2103,2020-08-28 09:31:24.500,4582.6000,6093,0,37150080.000,0,-,-,-,-,4580.8000,4580.6000,4580.0000,4575.2000,4571.8000,4583.2000,4583.4000,4588.8000,4589.8000,4592.2000,1,1,1,1,1,1,1,1,1,1
SF,IF2103,2020-08-28 09:31:25.000,4582.6000,6093,0,37150080.000,0,-,-,-,-,4580.0000,4575.2000,4570.4000,4560.4000,4559.4000,4580.8000,4583.0000,4583.2000,4583.4000,4588.8000,1,1,8,1,1,6,1,2,1,1
SF,IF2103,2020-08-28 09:31:25.500,4580.8000,6087,-6,46769760.000,7,0,7,多平,S,4575.2000,4570.4000,4560.4000,4559.4000,4551.2000,4583.0000,4583.2000,4583.4000,4588.8000,4589.8000,1,8,1,1,1,2,1,1,1,1
SF,IF2103,2020-08-28 09:31:26.000,4580.8000,6087,0,46769760.000,0,-,-,-,-,4580.2000,4579.2000,4577.0000,4576.4000,4576.2000,4582.8000,4588.8000,4589.8000,4592.2000,4592.6000,1,1,2,1,1,2,1,1,1,4
SF,IF2103,2020-08-28 09:31:26.500,4580.8000,6087,0,46769760.000,0,-,-,-,-,4577.0000,4576.4000,4576.2000,4576.0000,4575.8000,4582.8000,4588.8000,4589.8000,4592.2000,4592.6000,2,1,1,2,1,2,1,1,1,4
SF,IF2103,2020-08-28 09:31:27.000,4580.8000,6087,0,46769760.000,0,-,-,-,-,4579.8000,4577.4000,4577.2000,4577.0000,4576.2000,4582.8000,4588.8000,4589.8000,4592.2000,4592.6000,1,1,2,2,1,2,1,1,1,4
SF,IF2103,2020-08-28 09:31:27.500,4580.8000,6087,0,46769760.000,0,-,-,-,-,4580.0000,4577.4000,4577.2000,4577.0000,4576.2000,4582.8000,4588.8000,4589.8000,4592.2000,4592.6000,1,1,1,2,1,2,1,1,1,4
SF,IF2103,2020-08-28 09:31:28.000,4580.8000,6087,0,46769760.000,0,-,-,-,-,4580.0000,4577.4000,4577.2000,4576.2000,4576.0000,4582.8000,4588.8000,4589.8000,4592.2000,4592.6000,1,1,1,1,2,2,1,1,1,4
SF,IF2103,2020-08-28 09:31:28.500,4580.8000,6087,0,46769760.000,0,-,-,-,-,4580.4000,4580.0000,4577.4000,4577.2000,4576.2000,4582.8000,4588.8000,4589.8000,4592.2000,4592.6000,2,1,1,1,1,2,1,1,1,4
SF,IF2103,2020-08-28 09:31:29.000,4580.8000,6087,0,46769760.000,0,-,-,-,-,4580.6000,4580.4000,4580.0000,4577.2000,4576.2000,4582.8000,4588.8000,4589.8000,4592.2000,4592.6000,1,2,1,1,1,2,1,1,1,4
SF,IF2103,2020-08-28 09:31:29.500,4580.8000,6087,0,46769760.000,0,-,-,-,-,4580.8000,4580.6000,4580.4000,4577.2000,4576.2000,4582.8000,4588.8000,4589.8000,4592.2000,4592.6000,1,1,2,1,1,2,1,1,1,4
SF,IF2103,2020-08-28 09:31:30.000,4580.8000,6087,0,46769760.000,0,-,-,-,-,4580.8000,4580.6000,4577.2000,4576.2000,4576.0000,4582.8000,4588.8000,4589.8000,4592.2000,4592.6000,1,1,1,1,2,1,1,1,1,4
SF,IF2103,2020-08-28 09:31:30.500,4580.8000,6087,0,46769760.000,0,-,-,-,-,4581.0000,4580.8000,4580.6000,4577.2000,4576.2000,4582.8000,4588.8000,4589.8000,4592.2000,4592.6000,2,1,1,1,1,1,1,1,1,4
SF,IF2103,2020-08-28 09:31:31.500,4582.8000,6086,-1,48144600.000,1,0,1,双平,S,4580.8000,4580.6000,4577.2000,4576.2000,4576.0000,4588.8000,4589.8000,4592.2000,4592.6000,4592.8000,1,1,1,1,2,1,1,1,4,1
SF,IF2103,2020-08-28 09:31:32.000,4582.8000,6086,0,48144600.000,0,-,-,-,-,4581.0000,4580.8000,4580.6000,4577.2000,4576.2000,4584.6000,4586.4000,4586.6000,4587.8000,4588.2000,1,1,1,1,1,2,1,1,1,3
SF,IF2103,2020-08-28 09:31:32.500,4582.8000,6086,0,48144600.000,0,-,-,-,-,4581.2000,4581.0000,4580.6000,4577.2000,4576.2000,4584.4000,4586.4000,4586.6000,4587.8000,4588.2000,1,1,1,1,1,1,1,1,1,3
SF,IF2103,2020-08-28 09:31:33.000,4582.8000,6086,0,48144600.000,0,-,-,-,-,4581.4000,4581.2000,4580.6000,4577.2000,4576.2000,4584.4000,4586.4000,4586.6000,4587.8000,4588.2000,1,1,1,1,1,1,1,1,1,3
SF,IF2103,2020-08-28 09:31:33.500,4582.8000,6086,0,48144600.000,0,-,-,-,-,4581.6000,4581.4000,4580.6000,4577.2000,4576.2000,4584.4000,4586.4000,4586.6000,4587.8000,4588.2000,1,1,1,1,1,1,1,1,1,3
SF,IF2103,2020-08-28 09:31:34.000,4582.8000,6086,0,48144600.000,0,-,-,-,-,4581.8000,4581.6000,4580.6000,4577.2000,4576.2000,4584.4000,4586.4000,4586.6000,4587.8000,4588.2000,1,1,1,1,1,1,1,1,1,3
SF,IF2103,2020-08-28 09:31:34.500,4582.8000,6086,0,48144600.000,0,-,-,-,-,4582.0000,4581.8000,4580.6000,4577.2000,4576.2000,4584.4000,4586.4000,4586.6000,4587.8000,4588.2000,1,1,1,1,1,1,1,1,1,3
SF,IF2103,2020-08-28 09:31:35.500,4582.8000,6086,0,48144600.000,0,-,-,-,-,4582.0000,4581.8000,4580.6000,4577.2000,4576.2000,4584.2000,4584.4000,4586.4000,4586.6000,4587.8000,1,1,1,1,1,1,1,1,1,1
SF,IF2103,2020-08-28 09:31:37.000,4584.4000,6084,-2,50895180.000,2,0,2,双平,S,4582.0000,4581.8000,4580.6000,4577.2000,4576.2000,4586.4000,4586.6000,4587.8000,4588.2000,4588.6000,1,1,1,1,1,1,1,1,3,3
SF,IF2103,2020-08-28 09:31:37.500,4584.4000,6084,0,50895180.000,0,-,-,-,-,4582.2000,4582.0000,4580.6000,4577.2000,4576.2000,4585.8000,4586.0000,4586.2000,4586.4000,4586.6000,1,1,1,1,1,2,2,4,1,1
SF,IF2103,2020-08-28 09:31:38.000,4584.4000,6084,0,50895180.000,0,-,-,-,-,4582.4000,4582.2000,4580.6000,4577.2000,4575.4000,4585.6000,4585.8000,4586.0000,4586.2000,4586.4000,1,1,1,1,1,1,2,2,1,1
SF,IF2103,2020-08-28 09:31:38.500,4584.4000,6084,0,50895180.000,0,-,-,-,-,4582.6000,4582.4000,4580.6000,4577.2000,4575.4000,4585.8000,4586.2000,4586.6000,4587.8000,4588.2000,1,1,1,1,1,2,1,1,1,1
SF,IF2103,2020-08-28 09:31:39.000,4584.4000,6084,0,50895180.000,0,-,-,-,-,4582.8000,4582.6000,4580.6000,4577.2000,4575.4000,4587.8000,4588.2000,4588.6000,4588.8000,4589.8000,3,1,1,1,1,1,1,3,1,1
SF,IF2103,2020-08-28 09:31:39.500,4584.4000,6084,0,50895180.000,0,-,-,-,-,4583.0000,4582.8000,4580.6000,4577.2000,4575.4000,4587.2000,4587.4000,4587.6000,4587.8000,4588.2000,1,3,1,1,1,2,1,2,1,1
SF,IF2103,2020-08-28 09:31:40.000,4584.4000,6084,0,50895180.000,0,-,-,-,-,4583.2000,4583.0000,4580.6000,4577.2000,4575.4000,4586.6000,4587.0000,4587.2000,4587.4000,4587.6000,1,1,1,1,1,1,2,2,1,1
SF,IF2103,2020-08-28 09:31:40.500,4584.4000,6084,0,50895180.000,0,-,-,-,-,4583.4000,4583.2000,4580.6000,4577.2000,4575.4000,4586.2000,4586.4000,4587.4000,4587.6000,4587.8000,1,1,1,1,1,2,1,1,1,1
SF,IF2103,2020-08-28 09:31:41.000,4584.4000,6084,0,50895180.000,0,-,-,-,-,4583.6000,4583.4000,4580.6000,4577.2000,4575.4000,4587.4000,4587.8000,4588.2000,4588.6000,4588.8000,1,1,1,1,1,1,1,1,3,1
SF,IF2103,2020-08-28 09:31:41.500,4584.4000,6084,0,50895180.000,0,-,-,-,-,4583.8000,4583.6000,4580.6000,4577.2000,4575.4000,4586.8000,4587.2000,4587.4000,4587.8000,4588.2000,1,1,1,1,1,1,1,1,1,1
SF,IF2103,2020-08-28 09:31:42.000,4584.4000,6084,0,50895180.000,0,-,-,-,-,4584.0000,4583.8000,4580.6000,4577.2000,4575.4000,4586.6000,4586.8000,4587.4000,4587.8000,4588.2000,1,1,1,1,1,1,1,1,1,1
SF,IF2103,2020-08-28 09:31:42.500,4584.4000,6084,0,50895180.000,0,-,-,-,-,4584.2000,4584.0000,4580.6000,4577.2000,4575.4000,4586.8000,4587.4000,4587.8000,4588.2000,4588.6000,1,1,1,1,1,1,1,1,1,3
SF,IF2103,2020-08-28 09:31:43.000,4584.4000,6084,0,50895180.000,0,-,-,-,-,4584.4000,4584.2000,4580.6000,4577.2000,4575.4000,4587.4000,4587.8000,4588.2000,4588.6000,4588.8000,1,1,1,1,1,1,1,1,3,1
SF,IF2103,2020-08-28 09:31:43.500,4584.4000,6084,0,50895180.000,0,-,-,-,-,4584.6000,4584.4000,4580.6000,4577.2000,4575.4000,4587.2000,4588.2000,4588.6000,4588.8000,4589.8000,1,1,1,1,1,3,1,3,1,1
SF,IF2103,2020-08-28 09:31:44.000,4584.4000,6084,0,50895180.000,0,-,-,-,-,4584.8000,4584.6000,4580.6000,4577.2000,4575.4000,4587.2000,4588.2000,4588.6000,4588.8000,4589.8000,1,1,1,1,1,2,1,3,1,1
SF,IF2103,2020-08-28 09:31:45.000,4584.4000,6084,0,50895180.000,0,-,-,-,-,4584.8000,4584.6000,4580.6000,4577.2000,4575.4000,4587.0000,4587.2000,4588.2000,4588.6000,4588.8000,1,1,1,1,1,1,2,1,3,1
SF,IF2103,2020-08-28 09:31:45.500,4584.4000,6084,0,50895180.000,0,-,-,-,-,4584.8000,4584.6000,4580.6000,4577.2000,4575.4000,4586.8000,4587.0000,4588.2000,4588.6000,4588.8000,1,1,1,1,1,3,1,1,3,1
SF,IF2103,2020-08-28 09:31:46.000,4584.4000,6084,0,50895180.000,0,-,-,-,-,4584.8000,4580.6000,4577.2000,4575.4000,4575.2000,4586.8000,4587.0000,4588.2000,4588.6000,4588.8000,1,1,1,1,1,3,1,1,3,1
SF,IF2103,2020-08-28 09:31:46.500,4584.4000,6084,0,50895180.000,0,-,-,-,-,4584.8000,4580.6000,4577.2000,4575.4000,4575.2000,4586.6000,4586.8000,4588.2000,4588.6000,4588.8000,1,1,1,1,1,1,2,1,3,1
SF,IF2103,2020-08-28 09:31:47.000,4584.4000,6084,0,50895180.000,0,-,-,-,-,4584.8000,4580.6000,4577.2000,4575.4000,4575.2000,4586.4000,4586.6000,4586.8000,4588.2000,4588.6000,1,1,1,1,1,1,1,1,1,3
SF,IF2103,2020-08-28 09:31:48.500,4584.4000,6084,0,50895180.000,0,-,-,-,-,4584.8000,4580.6000,4577.2000,4575.4000,4575.2000,4586.4000,4586.8000,4588.2000,4588.6000,4588.8000,1,1,1,1,1,1,1,1,3,1
SF,IF2103,2020-08-28 09:31:49.000,4584.4000,6084,0,50895180.000,0,-,-,-,-,4584.8000,4580.6000,4577.2000,4575.4000,4575.2000,4588.2000,4588.6000,4588.8000,4589.8000,4592.6000,1,1,1,1,1,1,3,1,1,2
SF,IF2103,2020-08-28 09:31:49.500,4584.4000,6084,0,50895180.000,0,-,-,-,-,4584.8000,4580.6000,4577.2000,4575.4000,4575.2000,4587.6000,4588.0000,4588.2000,4588.6000,4588.8000,1,1,1,1,1,2,3,1,3,1
SF,IF2103,2020-08-28 09:31:50.000,4584.4000,6084,0,50895180.000,0,-,-,-,-,4584.8000,4580.6000,4577.2000,4575.4000,4575.2000,4587.4000,4587.6000,4588.0000,4588.2000,4588.6000,1,1,1,1,1,2,2,1,1,1
SF,IF2103,2020-08-28 09:31:50.500,4584.4000,6084,0,50895180.000,0,-,-,-,-,4584.8000,4580.6000,4577.2000,4575.4000,4575.2000,4587.0000,4587.4000,4587.6000,4588.0000,4588.2000,1,1,1,1,1,1,2,1,1,1
SF,IF2103,2020-08-28 09:31:51.000,4584.4000,6084,0,50895180.000,0,-,-,-,-,4584.8000,4580.6000,4577.2000,4575.4000,4575.2000,4586.8000,4587.0000,4587.4000,4588.2000,4588.6000,1,1,1,1,1,2,1,1,1,1
SF,IF2103,2020-08-28 09:31:52.500,4584.4000,6084,0,50895180.000,0,-,-,-,-,4584.8000,4580.6000,4577.2000,4575.4000,4575.2000,4586.6000,4586.8000,4587.4000,4588.2000,4588.6000,1,1,1,1,1,1,2,1,1,1
SF,IF2103,2020-08-28 09:31:53.000,4584.4000,6084,0,50895180.000,0,-,-,-,-,4584.8000,4580.6000,4577.2000,4575.4000,4575.2000,4586.6000,4586.8000,4588.2000,4588.6000,4589.8000,1,1,1,1,1,1,2,1,1,1
SF,IF2103,2020-08-28 09:31:54.000,4584.8000,6083,-1,52270620.000,1,0,1,双平,S,4580.6000,4577.2000,4575.4000,4575.2000,4570.4000,4586.2000,4586.6000,4586.8000,4588.2000,4588.6000,1,1,1,1,8,1,1,1,1,1
SF,IF2103,2020-08-28 09:31:54.500,4586.0000,6084,1,55022160.000,2,1,1,空开,S,4584.0000,4582.0000,4581.2000,4581.0000,4580.8000,4586.0000,4586.2000,4588.2000,4588.6000,4589.8000,1,1,1,1,3,1,1,1,1,1
SF,IF2103,2020-08-28 09:31:55.000,4586.0000,6084,0,55022160.000,0,-,-,-,-,4584.2000,4582.0000,4581.2000,4581.0000,4580.8000,4586.0000,4586.2000,4588.2000,4588.6000,4589.8000,1,1,1,1,2,1,1,1,1,1
SF,IF2103,2020-08-28 09:31:55.500,4586.0000,6084,0,55022160.000,0,-,-,-,-,4584.2000,4582.0000,4581.2000,4581.0000,4580.8000,4586.2000,4588.2000,4588.6000,4589.8000,4592.6000,1,1,1,1,2,1,1,1,1,2
SF,IF2103,2020-08-28 09:31:56.000,4586.0000,6084,0,55022160.000,0,-,-,-,-,4584.2000,4582.0000,4581.2000,4581.0000,4580.8000,4588.2000,4588.6000,4589.8000,4592.6000,4592.8000,1,1,1,1,2,1,1,1,2,1
SF,IF2103,2020-08-28 09:31:56.500,4586.0000,6084,0,55022160.000,0,-,-,-,-,4584.4000,4584.2000,4582.0000,4581.2000,4581.0000,4587.6000,4587.8000,4588.0000,4588.2000,4588.6000,1,1,1,1,1,1,2,3,1,1
SF,IF2103,2020-08-28 09:31:57.000,4586.0000,6084,0,55022160.000,0,-,-,-,-,4584.6000,4584.4000,4582.0000,4581.2000,4581.0000,4587.4000,4587.6000,4587.8000,4588.0000,4588.2000,1,1,1,1,1,2,1,2,1,1
SF,IF2103,2020-08-28 09:31:57.500,4586.0000,6084,0,55022160.000,0,-,-,-,-,4584.8000,4584.6000,4582.0000,4581.2000,4581.0000,4586.8000,4587.4000,4587.8000,4588.2000,4588.6000,1,1,1,1,1,1,2,2,1,1
SF,IF2103,2020-08-28 09:31:58.000,4586.0000,6084,0,55022160.000,0,-,-,-,-,4585.0000,4582.0000,4581.2000,4581.0000,4580.8000,4586.8000,4587.4000,4587.8000,4588.2000,4588.6000,1,1,1,1,1,1,2,2,1,1
SF,IF2103,2020-08-28 09:31:58.500,4585.0000,6084,0,56397660.000,1,0,1,多换,S,4582.0000,4581.2000,4581.0000,4580.8000,4580.6000,4586.6000,4586.8000,4587.4000,4587.8000,4588.2000,1,1,1,1,1,1,1,1,2,1
SF,IF2103,2020-08-28 09:31:59.000,4585.0000,6084,0,56397660.000,0,-,-,-,-,4584.4000,4583.2000,4582.6000,4582.2000,4582.0000,4586.2000,4586.6000,4587.4000,4587.8000,4588.2000,1,1,1,3,1,1,1,1,2,1
SF,IF2103,2020-08-28 09:31:59.500,4585.0000,6084,0,56397660.000,0,-,-,-,-,4583.2000,4582.6000,4582.2000,4582.0000,4581.2000,4586.0000,4586.2000,4587.4000,4587.8000,4588.2000,1,1,3,1,1,1,1,1,2,1
SF,IF2103,2020-08-28 09:32:00.000,4585.0000,6084,0,56397660.000,0,-,-,-,-,4583.4000,4582.6000,4582.2000,4582.0000,4581.2000,4586.0000,4586.2000,4587.4000,4587.8000,4588.2000,2,1,1,1,1,1,1,1,2,1
SF,IF2103,2020-08-28 09:32:01.000,4585.0000,6084,0,56397660.000,0,-,-,-,-,4583.4000,4582.6000,4582.0000,4581.2000,4580.8000,4585.8000,4586.0000,4587.4000,4587.8000,4588.2000,2,1,1,1,1,1,1,1,2,1
SF,IF2103,2020-08-28 09:32:01.500,4585.0000,6084,0,56397660.000,0,-,-,-,-,4583.4000,4582.0000,4581.2000,4580.8000,4577.2000,4585.4000,4585.6000,4585.8000,4587.4000,4587.8000,1,1,1,1,1,1,1,1,1,2
SF,IF2103,2020-08-28 09:32:02.000,4585.0000,6084,0,56397660.000,0,-,-,-,-,4582.0000,4581.2000,4580.8000,4577.2000,4575.2000,4585.2000,4587.4000,4587.8000,4588.2000,4588.6000,1,1,1,1,1,3,1,2,1,1
SF,IF2103,2020-08-28 09:32:02.500,4585.0000,6084,0,56397660.000,0,-,-,-,-,4582.2000,4581.2000,4580.8000,4577.2000,4575.2000,4585.2000,4587.4000,4587.8000,4588.2000,4588.6000,1,1,1,1,1,2,1,2,1,1
SF,IF2103,2020-08-28 09:32:03.000,4585.0000,6084,0,56397660.000,0,-,-,-,-,4582.2000,4577.2000,4576.2000,4575.2000,4575.0000,4585.0000,4585.2000,4587.4000,4587.8000,4588.6000,1,1,3,1,5,1,2,1,2,1
SF,IF2103,2020-08-28 09:32:03.500,4585.0000,6084,0,56397660.000,0,-,-,-,-,4582.4000,4582.2000,4580.4000,4577.2000,4576.2000,4584.4000,4584.8000,4585.0000,4587.4000,4587.8000,1,1,2,1,3,1,1,1,1,2
SF,IF2103,2020-08-28 09:32:04.000,4585.0000,6084,0,56397660.000,0,-,-,-,-,4583.4000,4582.6000,4582.4000,4582.2000,4580.4000,4584.8000,4587.4000,4587.8000,4588.6000,4589.8000,1,1,1,1,2,1,1,2,1,1
SF,IF2103,2020-08-28 09:32:04.500,4583.6000,6087,3,60522900.000,3,3,0,双开,S,4582.4000,4582.2000,4580.4000,4577.2000,4576.2000,4584.8000,4587.4000,4587.8000,4588.6000,4589.8000,1,1,2,1,3,1,1,2,1,1
SF,IF2103,2020-08-28 09:32:05.000,4583.6000,6087,0,60522900.000,0,-,-,-,-,4582.8000,4582.4000,4582.2000,4580.4000,4577.2000,4584.8000,4587.4000,4587.8000,4588.6000,4589.8000,1,1,1,2,1,1,1,2,1,1
SF,IF2103,2020-08-28 09:32:05.500,4583.6000,6087,0,60522900.000,0,-,-,-,-,4583.0000,4582.2000,4580.4000,4577.2000,4576.2000,4584.8000,4587.4000,4587.8000,4588.6000,4589.8000,2,1,2,1,3,1,1,2,1,1
SF,IF2103,2020-08-28 09:32:06.500,4583.6000,6087,0,60522900.000,0,-,-,-,-,4583.4000,4583.0000,4582.2000,4580.4000,4577.2000,4584.8000,4587.4000,4587.8000,4588.6000,4589.8000,1,1,1,2,1,1,1,2,1,1
SF,IF2103,2020-08-28 09:32:07.500,4584.8000,6086,-1,61898340.000,1,0,1,双平,S,4583.4000,4583.0000,4582.2000,4580.4000,4577.2000,4587.4000,4587.8000,4588.6000,4589.8000,4592.6000,1,1,1,2,1,1,2,1,1,1
SF,IF2103,2020-08-28 09:32:08.000,4584.8000,6086,0,61898340.000,0,-,-,-,-,4583.6000,4580.4000,4577.2000,4576.2000,4575.2000,4586.6000,4586.8000,4587.0000,4587.2000,4587.4000,2,2,1,3,1,1,1,1,3,1
SF,IF2103,2020-08-28 09:32:08.500,4584.8000,6086,0,61898340.000,0,-,-,-,-,4583.6000,4580.4000,4577.2000,4576.2000,4575.2000,4586.0000,4586.2000,4586.4000,4586.6000,4587.0000,1,2,1,3,1,1,1,2,1,1
SF,IF2103,2020-08-28 09:32:09.000,4583.6000,6086,0,63273420.000,1,0,1,多换,S,4580.4000,4577.2000,4576.2000,4575.2000,4575.0000,4585.6000,4585.8000,4586.0000,4586.2000,4586.4000,2,1,3,1,5,1,2,1,1,1
SF,IF2103,2020-08-28 09:32:09.500,4583.6000,6086,0,63273420.000,0,-,-,-,-,4583.0000,4581.2000,4581.0000,4580.6000,4580.4000,4585.0000,4585.4000,4585.8000,4586.2000,4586.6000,1,1,1,3,3,2,1,1,1,1
SF,IF2103,2020-08-28 09:32:10.000,4583.6000,6086,0,63273420.000,0,-,-,-,-,4583.2000,4581.2000,4581.0000,4580.6000,4580.4000,4585.0000,4585.4000,4585.8000,4586.2000,4586.6000,1,1,1,2,3,2,1,1,1,1
SF,IF2103,2020-08-28 09:32:11.000,4583.2000,6085,-1,64648380.000,1,0,1,双平,S,4581.2000,4581.0000,4580.6000,4580.4000,4577.2000,4585.0000,4585.4000,4585.8000,4586.2000,4586.6000,1,1,2,3,1,2,1,1,1,1
SF,IF2103,2020-08-28 09:32:11.500,4583.2000,6085,0,64648380.000,0,-,-,-,-,4581.4000,4581.2000,4581.0000,4580.6000,4580.4000,4584.6000,4584.8000,4585.0000,4585.8000,4586.2000,2,1,1,1,3,1,1,2,1,1
SF,IF2103,2020-08-28 09:32:12.000,4583.2000,6085,0,64648380.000,0,-,-,-,-,4583.4000,4582.0000,4581.4000,4581.2000,4581.0000,4584.4000,4585.0000,4585.8000,4586.2000,4586.6000,1,1,2,1,1,2,1,1,1,1
SF,IF2103,2020-08-28 09:32:12.500,4583.2000,6085,0,64648380.000,0,-,-,-,-,4582.0000,4581.4000,4581.2000,4581.0000,4580.6000,4584.4000,4585.0000,4585.8000,4586.2000,4586.6000,1,2,1,1,1,2,1,1,1,1
SF,IF2103,2020-08-28 09:32:13.000,4583.2000,6085,0,64648380.000,0,-,-,-,-,4582.4000,4581.4000,4581.2000,4581.0000,4580.6000,4584.4000,4585.0000,4585.8000,4586.2000,4586.6000,1,2,1,1,1,2,1,1,1,1
SF,IF2103,2020-08-28 09:32:13.500,4583.2000,6085,0,64648380.000,0,-,-,-,-,4581.4000,4581.2000,4581.0000,4580.6000,4580.4000,4584.4000,4585.0000,4585.8000,4586.2000,4586.6000,2,1,1,1,3,2,1,1,1,1
SF,IF2103,2020-08-28 09:32:14.000,4583.2000,6085,0,64648380.000,0,-,-,-,-,4581.4000,4580.6000,4580.4000,4577.2000,4576.2000,4584.4000,4585.0000,4585.8000,4586.2000,4586.6000,2,1,3,1,3,2,1,1,1,1
SF,IF2103,2020-08-28 09:32:14.500,4583.2000,6085,0,64648380.000,0,-,-,-,-,4580.4000,4577.2000,4576.2000,4575.2000,4575.0000,4584.2000,4584.4000,4585.0000,4586.2000,4586.6000,3,1,3,1,5,3,2,1,1,1
SF,IF2103,2020-08-28 09:32:15.000,4583.2000,6085,0,64648380.000,0,-,-,-,-,4580.6000,4580.4000,4577.2000,4576.2000,4575.2000,4582.0000,4583.6000,4584.0000,4584.2000,4585.0000,1,1,1,3,1,1,1,1,3,1
SF,IF2103,2020-08-28 09:32:15.500,4582.0000,6084,-1,66022980.000,1,0,1,双平,S,4581.4000,4581.0000,4580.6000,4577.2000,4576.2000,4583.6000,4584.0000,4584.2000,4585.0000,4586.2000,1,1,1,1,3,1,1,2,1,1
SF,IF2103,2020-08-28 09:32:16.000,4582.0000,6084,0,66022980.000,0,-,-,-,-,4580.6000,4577.2000,4576.2000,4575.2000,4575.0000,4583.4000,4583.6000,4584.2000,4585.0000,4586.2000,1,1,3,1,5,1,1,2,1,1
SF,IF2103,2020-08-28 09:32:16.500,4582.0000,6084,0,66022980.000,0,-,-,-,-,4580.6000,4577.2000,4576.2000,4575.2000,4575.0000,4582.8000,4583.2000,4583.4000,4584.2000,4585.0000,1,1,3,1,5,1,1,1,1,1
SF,IF2103,2020-08-28 09:32:17.000,4582.0000,6084,0,66022980.000,0,-,-,-,-,4581.6000,4581.0000,4580.6000,4577.2000,4576.2000,4582.6000,4582.8000,4583.2000,4584.2000,4585.0000,1,1,1,1,3,1,1,1,1,1
SF,IF2103,2020-08-28 09:32:17.500,4582.0000,6084,0,66022980.000,0,-,-,-,-,4580.6000,4577.2000,4576.2000,4575.2000,4575.0000,4582.6000,4582.8000,4584.2000,4585.0000,4586.2000,1,1,3,1,5,1,1,1,1,1
SF,IF2103,2020-08-28 09:32:18.000,4582.0000,6084,0,66022980.000,0,-,-,-,-,4580.8000,4580.6000,4577.2000,4576.2000,4575.2000,4582.6000,4582.8000,4584.2000,4585.0000,4586.2000,1,1,1,3,1,1,1,1,1,1
SF,IF2103,2020-08-28 09:32:18.500,4582.0000,6084,0,66022980.000,0,-,-,-,-,4577.4000,4577.2000,4576.2000,4575.2000,4575.0000,4582.4000,4582.6000,4584.2000,4585.0000,4586.2000,2,1,3,1,5,1,1,1,1,1
SF,IF2103,2020-08-28 09:32:19.000,4582.0000,6084,0,66022980.000,0,-,-,-,-,4581.6000,4580.6000,4579.8000,4577.8000,4577.6000,4582.2000,4582.4000,4584.2000,4585.0000,4586.2000,1,1,1,1,2,2,1,1,1,1
SF,IF2103,2020-08-28 09:32:19.500,4580.6000,6082,-2,68771640.000,2,0,2,双平,S,4577.8000,4577.6000,4577.4000,4577.2000,4576.2000,4581.6000,4582.4000,4584.2000,4585.0000,4586.2000,1,2,2,1,3,1,1,1,1,1
SF,IF2103,2020-08-28 09:32:20.000,4580.6000,6082,0,68771640.000,0,-,-,-,-,4578.0000,4577.8000,4577.6000,4577.4000,4577.2000,4581.4000,4581.6000,4584.2000,4585.0000,4586.2000,1,1,1,2,1,3,1,1,1,1
SF,IF2103,2020-08-28 09:32:20.500,4580.6000,6082,0,68771640.000,0,-,-,-,-,4578.0000,4577.8000,4577.6000,4577.4000,4577.2000,4581.2000,4581.4000,4581.6000,4584.2000,4585.0000,1,1,1,2,1,1,3,1,1,1
SF,IF2103,2020-08-28 09:32:21.000,4580.6000,6082,0,68771640.000,0,-,-,-,-,4577.4000,4577.2000,4576.2000,4575.2000,4570.0000,4580.6000,4581.0000,4581.2000,4581.6000,4585.0000,2,1,3,1,5,1,3,1,1,1
SF,IF2103,2020-08-28 09:32:21.500,4580.6000,6082,0,68771640.000,0,-,-,-,-,4577.4000,4576.2000,4575.2000,4570.0000,4560.4000,4580.4000,4580.6000,4581.0000,4581.2000,4581.6000,2,3,1,5,1,2,1,1,1,1
SF,IF2103,2020-08-28 09:32:22.000,4580.6000,6082,0,68771640.000,0,-,-,-,-,4576.2000,4575.2000,4570.0000,4560.4000,4559.4000,4579.8000,4580.2000,4580.4000,4581.0000,4581.2000,3,1,5,1,1,1,1,2,1,1
SF,IF2103,2020-08-28 09:32:22.500,4580.6000,6082,0,68771640.000,0,-,-,-,-,4576.4000,4576.2000,4575.2000,4574.6000,4570.0000,4579.4000,4579.6000,4579.8000,4580.2000,4581.2000,2,3,1,2,5,1,2,1,1,1
SF,IF2103,2020-08-28 09:32:23.000,4580.6000,6082,0,68771640.000,0,-,-,-,-,4576.4000,4576.2000,4575.2000,4574.6000,4570.0000,4579.2000,4579.4000,4579.8000,4580.2000,4581.2000,2,3,1,2,5,2,1,1,1,1
SF,IF2103,2020-08-28 09:32:23.500,4580.6000,6082,0,68771640.000,0,-,-,-,-,4576.2000,4575.2000,4574.6000,4570.0000,4560.4000,4578.8000,4579.2000,4579.4000,4580.2000,4581.2000,3,1,2,5,1,1,2,1,1,1
SF,IF2103,2020-08-28 09:32:24.000,4580.6000,6082,0,68771640.000,0,-,-,-,-,4576.4000,4576.2000,4575.2000,4574.6000,4570.0000,4578.6000,4578.8000,4579.4000,4580.2000,4581.2000,2,3,1,2,5,2,1,1,1,1
SF,IF2103,2020-08-28 09:32:24.500,4576.8000,6083,1,70144680.000,1,1,0,双开,S,4576.4000,4576.2000,4575.2000,4574.6000,4570.0000,4578.6000,4579.4000,4580.2000,4586.2000,4587.0000,2,3,1,2,5,2,1,1,1,1
SF,IF2103,2020-08-28 09:32:25.000,4576.8000,6083,0,70144680.000,0,-,-,-,-,4576.4000,4576.2000,4575.2000,4570.0000,4560.4000,4578.6000,4580.2000,4586.2000,4587.0000,4587.2000,2,3,1,5,1,2,1,1,1,2
SF,IF2103,2020-08-28 09:32:25.500,4576.8000,6083,0,70144680.000,0,-,-,-,-,4576.8000,4576.4000,4576.2000,4575.2000,4570.0000,4578.6000,4580.2000,4586.2000,4587.0000,4587.2000,2,2,3,1,5,2,1,1,1,2
SF,IF2103,2020-08-28 09:32:26.000,4578.6000,6082,-1,71518260.000,1,0,1,双平,S,4576.8000,4576.4000,4576.2000,4575.2000,4570.0000,4586.2000,4587.0000,4587.2000,4589.8000,4592.6000,2,2,3,1,5,1,1,2,1,1
SF,IF2103,2020-08-28 09:32:26.500,4578.6000,6082,0,71518260.000,0,-,-,-,-,4577.0000,4576.8000,4576.4000,4576.2000,4575.2000,4579.8000,4581.2000,4582.0000,4583.2000,4584.8000,1,2,1,3,1,2,1,1,1,1
SF,IF2103,2020-08-28 09:32:27.000,4578.6000,6082,0,71518260.000,0,-,-,-,-,4577.0000,4576.8000,4576.4000,4576.2000,4575.2000,4579.6000,4582.0000,4583.2000,4584.8000,4585.6000,1,2,1,3,1,2,1,1,1,1
SF,IF2103,2020-08-28 09:32:27.500,4578.6000,6082,0,71518260.000,0,-,-,-,-,4577.6000,4577.0000,4576.2000,4575.2000,4570.0000,4579.6000,4582.0000,4583.2000,4584.8000,4585.6000,2,1,3,1,5,2,1,1,1,1
SF,IF2103,2020-08-28 09:32:28.000,4578.6000,6082,0,71518260.000,0,-,-,-,-,4577.8000,4577.6000,4576.2000,4575.2000,4570.0000,4582.0000,4583.2000,4584.8000,4585.6000,4585.8000,1,2,3,1,5,1,1,1,1,1
SF,IF2103,2020-08-28 09:32:28.500,4578.6000,6082,0,71518260.000,0,-,-,-,-,4577.8000,4576.2000,4575.2000,4570.0000,4560.4000,4581.8000,4582.0000,4583.2000,4584.8000,4585.6000,1,3,1,5,1,3,1,1,1,1
SF,IF2103,2020-08-28 09:32:29.000,4578.6000,6082,0,71518260.000,0,-,-,-,-,4577.8000,4576.2000,4575.2000,4570.0000,4560.4000,4581.2000,4581.4000,4581.6000,4581.8000,4582.0000,1,3,1,5,1,2,1,1,3,1
SF,IF2103,2020-08-28 09:32:29.500,4578.6000,6082,0,71518260.000,0,-,-,-,-,4576.2000,4575.2000,4570.0000,4560.4000,4559.4000,4580.6000,4581.0000,4581.2000,4581.4000,4581.6000,3,1,5,1,1,1,3,2,1,1
SF,IF2103,2020-08-28 09:32:30.000,4578.6000,6082,0,71518260.000,0,-,-,-,-,4576.4000,4576.2000,4575.2000,4570.0000,4560.4000,4580.0000,4580.2000,4580.4000,4580.6000,4581.0000,1,3,1,5,1,1,1,2,1,1
SF,IF2103,2020-08-28 09:32:30.500,4578.6000,6082,0,71518260.000,0,-,-,-,-,4576.4000,4576.2000,4575.2000,4570.0000,4560.4000,4579.8000,4580.0000,4580.2000,4580.6000,4581.0000,2,3,1,5,1,2,1,1,1,1
SF,IF2103,2020-08-28 09:32:31.000,4578.6000,6082,0,71518260.000,0,-,-,-,-,4576.4000,4576.2000,4575.2000,4570.0000,4560.4000,4579.6000,4579.8000,4580.2000,4580.6000,4581.0000,2,3,1,6,1,1,1,1,1,1
SF,IF2103,2020-08-28 09:32:31.500,4579.6000,6082,0,72892140.000,1,0,1,多换,S,4577.0000,4576.6000,4576.4000,4576.2000,4575.2000,4581.0000,4581.4000,4583.2000,4584.8000,4586.0000,1,1,2,3,1,1,1,1,1,3
SF,IF2103,2020-08-28 09:32:32.000,4579.6000,6082,0,72892140.000,0,-,-,-,-,4577.2000,4577.0000,4576.4000,4576.2000,4575.2000,4580.8000,4581.0000,4581.4000,4583.2000,4584.8000,2,1,1,3,1,1,1,1,1,1
SF,IF2103,2020-08-28 09:32:33.000,4579.6000,6082,0,72892140.000,0,-,-,-,-,4577.2000,4577.0000,4576.4000,4576.2000,4575.2000,4580.8000,4581.0000,4581.4000,4583.2000,4584.8000,2,1,1,3,1,1,1,1,1,1
SF,IF2103,2020-08-28 09:32:35.000,4579.6000,6082,0,72892140.000,0,-,-,-,-,4577.2000,4577.0000,4576.4000,4576.2000,4575.2000,4580.8000,4583.2000,4584.8000,4585.0000,4586.0000,2,1,1,3,1,1,1,1,1,3
SF,IF2103,2020-08-28 09:32:39.500,4579.6000,6082,0,72892140.000,0,-,-,-,-,4577.2000,4576.4000,4576.2000,4575.2000,4570.0000,4580.8000,4583.2000,4584.8000,4585.0000,4586.0000,2,1,3,1,6,1,1,1,1,3
SF,IF2103,2020-08-28 09:32:40.000,4579.6000,6082,0,72892140.000,0,-,-,-,-,4576.2000,4575.2000,4570.0000,4560.4000,4559.4000,4580.6000,4580.8000,4583.2000,4584.8000,4585.0000,3,1,6,1,1,2,1,1,1,1
SF,IF2103,2020-08-28 09:32:40.500,4579.6000,6082,0,72892140.000,0,-,-,-,-,4576.4000,4576.2000,4575.2000,4570.0000,4560.4000,4580.2000,4580.4000,4580.6000,4583.2000,4585.0000,1,3,1,6,1,1,2,2,1,1
SF,IF2103,2020-08-28 09:32:41.000,4579.6000,6082,0,72892140.000,0,-,-,-,-,4576.4000,4576.2000,4575.2000,4570.0000,4560.4000,4580.0000,4580.2000,4580.6000,4583.2000,4585.0000,1,3,1,6,1,2,1,1,1,1
SF,IF2103,2020-08-28 09:32:41.500,4579.6000,6082,0,72892140.000,0,-,-,-,-,4576.8000,4576.4000,4576.2000,4575.2000,4570.0000,4580.0000,4580.2000,4583.2000,4585.0000,4586.0000,2,1,3,1,6,2,1,1,1,3
SF,IF2103,2020-08-28 09:32:42.000,4579.6000,6082,0,72892140.000,0,-,-,-,-,4577.0000,4576.8000,4576.2000,4575.2000,4570.0000,4580.0000,4583.2000,4585.0000,4586.0000,4587.2000,1,2,3,1,6,2,1,1,3,2
SF,IF2103,2020-08-28 09:32:42.500,4579.6000,6082,0,72892140.000,0,-,-,-,-,4577.2000,4577.0000,4576.8000,4576.2000,4575.2000,4580.0000,4583.2000,4585.0000,4586.0000,4587.2000,1,1,2,3,1,1,1,1,3,2
SF,IF2103,2020-08-28 09:32:43.000,4579.6000,6082,0,72892140.000,0,-,-,-,-,4577.4000,4577.2000,4576.8000,4576.2000,4575.2000,4583.2000,4585.0000,4586.0000,4587.2000,4589.8000,1,1,2,3,1,1,1,3,2,1
SF,IF2103,2020-08-28 09:32:43.500,4579.6000,6082,0,72892140.000,0,-,-,-,-,4577.6000,4577.4000,4576.8000,4576.2000,4575.2000,4580.2000,4582.0000,4582.6000,4583.0000,4583.2000,1,1,2,3,1,1,1,1,4,1
SF,IF2103,2020-08-28 09:32:44.000,4577.8000,6082,0,74265480.000,1,0,1,多换,S,4577.8000,4577.6000,4576.2000,4575.2000,4570.0000,4580.0000,4582.0000,4582.6000,4583.0000,4583.2000,2,1,3,1,6,1,1,1,3,1
SF,IF2103,2020-08-28 09:32:44.500,4577.8000,6082,0,74265480.000,0,-,-,-,-,4576.2000,4575.2000,4570.0000,4560.4000,4559.4000,4579.6000,4580.0000,4582.0000,4582.6000,4583.0000,3,1,6,1,1,1,1,1,1,3
SF,IF2103,2020-08-28 09:32:45.000,4577.8000,6082,0,74265480.000,0,-,-,-,-,4576.4000,4576.2000,4575.2000,4570.0000,4560.4000,4579.4000,4582.0000,4582.6000,4583.0000,4583.2000,3,3,1,6,1,2,1,1,3,1
SF,IF2103,2020-08-28 09:32:45.500,4577.8000,6082,0,74265480.000,0,-,-,-,-,4576.8000,4576.4000,4576.2000,4575.2000,4570.0000,4579.4000,4582.0000,4582.6000,4583.0000,4583.2000,2,3,3,1,6,2,1,1,3,1
SF,IF2103,2020-08-28 09:32:46.000,4577.8000,6082,0,74265480.000,0,-,-,-,-,4577.0000,4576.8000,4576.4000,4576.2000,4575.2000,4579.4000,4582.0000,4582.6000,4583.0000,4583.2000,1,2,2,3,1,2,1,1,3,1
SF,IF2103,2020-08-28 09:32:47.000,4577.8000,6082,0,74265480.000,0,-,-,-,-,4577.0000,4576.8000,4576.4000,4576.2000,4575.2000,4579.4000,4582.0000,4582.6000,4583.0000,4583.2000,1,2,1,3,1,2,1,1,3,1
SF,IF2103,2020-08-28 09:32:48.000,4577.8000,6082,0,74265480.000,0,-,-,-,-,4577.0000,4576.8000,4576.4000,4576.2000,4575.2000,4579.4000,4582.0000,4582.6000,4583.0000,4583.2000,1,2,1,3,1,2,1,1,3,1
SF,IF2103,2020-08-28 09:32:48.500,4577.8000,6082,0,74265480.000,0,-,-,-,-,4577.2000,4577.0000,4576.8000,4576.4000,4576.2000,4579.4000,4582.0000,4582.6000,4583.0000,4583.2000,1,1,2,1,3,2,1,1,3,1
SF,IF2103,2020-08-28 09:32:49.000,4577.8000,6082,0,74265480.000,0,-,-,-,-,4577.4000,4577.2000,4576.4000,4576.2000,4575.2000,4579.4000,4582.0000,4582.6000,4583.0000,4583.2000,1,3,1,3,1,2,1,1,3,1
SF,IF2103,2020-08-28 09:32:49.500,4577.8000,6082,0,74265480.000,0,-,-,-,-,4577.4000,4577.2000,4576.4000,4576.2000,4575.2000,4579.4000,4582.0000,4582.6000,4583.0000,4583.2000,1,3,1,3,1,1,1,1,3,1
SF,IF2103,2020-08-28 09:32:50.000,4579.4000,6081,-1,75639300.000,1,0,1,双平,S,4577.4000,4577.2000,4576.4000,4576.2000,4575.2000,4582.0000,4582.6000,4583.0000,4583.2000,4585.0000,1,3,1,3,1,1,1,3,1,1
SF,IF2103,2020-08-28 09:32:50.500,4579.4000,6081,0,75639300.000,0,-,-,-,-,4577.6000,4577.4000,4577.2000,4576.4000,4576.2000,4581.8000,4582.0000,4582.6000,4583.0000,4583.2000,1,1,2,1,3,2,1,1,3,1
SF,IF2103,2020-08-28 09:32:51.000,4579.4000,6081,0,75639300.000,0,-,-,-,-,4577.8000,4577.6000,4577.2000,4576.4000,4576.2000,4581.8000,4582.6000,4583.0000,4583.2000,4585.0000,3,1,2,1,3,2,1,1,1,1
SF,IF2103,2020-08-28 09:32:51.500,4579.4000,6081,0,75639300.000,0,-,-,-,-,4578.0000,4577.8000,4577.2000,4576.4000,4576.2000,4581.8000,4582.6000,4583.0000,4585.0000,4586.0000,3,3,2,1,3,1,1,1,1,1
SF,IF2103,2020-08-28 09:32:52.000,4579.4000,6081,0,75639300.000,0,-,-,-,-,4579.8000,4578.6000,4578.2000,4578.0000,4577.8000,4585.0000,4586.0000,4587.2000,4589.8000,4592.6000,1,1,2,3,2,1,1,2,1,1
SF,IF2103,2020-08-28 09:32:52.500,4579.4000,6081,0,75639300.000,0,-,-,-,-,4580.0000,4578.6000,4578.2000,4578.0000,4577.8000,4584.6000,4584.8000,4585.0000,4586.0000,4587.2000,2,1,1,2,2,1,3,1,1,2
SF,IF2103,2020-08-28 09:32:53.000,4579.4000,6081,0,75639300.000,0,-,-,-,-,4580.0000,4578.6000,4578.2000,4578.0000,4577.8000,4584.2000,4584.4000,4584.6000,4584.8000,4585.0000,2,1,1,2,2,1,2,1,2,1
SF,IF2103,2020-08-28 09:32:53.500,4579.4000,6081,0,75639300.000,0,-,-,-,-,4580.0000,4578.0000,4577.8000,4577.2000,4576.2000,4581.8000,4582.8000,4583.2000,4583.6000,4583.8000,1,1,1,2,3,1,3,1,2,1
SF,IF2103,2020-08-28 09:32:54.000,4579.4000,6081,0,75639300.000,0,-,-,-,-,4577.2000,4576.2000,4575.2000,4570.0000,4560.4000,4581.4000,4581.6000,4582.8000,4583.2000,4583.6000,2,3,1,6,1,2,1,3,1,2
SF,IF2103,2020-08-28 09:32:54.500,4579.4000,6081,0,75639300.000,0,-,-,-,-,4577.4000,4577.2000,4576.2000,4575.2000,4570.0000,4581.2000,4582.8000,4583.2000,4583.8000,4584.0000,1,2,3,1,6,2,3,1,1,3
SF,IF2103,2020-08-28 09:32:55.500,4579.4000,6081,0,75639300.000,0,-,-,-,-,4577.8000,4577.4000,4577.2000,4576.2000,4575.2000,4581.2000,4582.8000,4583.2000,4583.8000,4584.0000,1,1,2,3,1,2,3,1,1,3
SF,IF2103,2020-08-28 09:32:56.000,4579.4000,6081,0,75639300.000,0,-,-,-,-,4578.0000,4577.8000,4577.2000,4576.2000,4575.2000,4581.2000,4582.8000,4583.2000,4583.8000,4584.0000,1,1,2,3,1,2,3,1,1,3
SF,IF2103,2020-08-28 09:32:57.500,4579.4000,6081,0,75639300.000,0,-,-,-,-,4578.0000,4577.8000,4576.2000,4575.2000,4570.0000,4581.2000,4582.8000,4583.2000,4583.8000,4584.0000,1,1,3,1,6,2,3,1,1,3
SF,IF2103,2020-08-28 09:32:58.000,4579.4000,6081,0,75639300.000,0,-,-,-,-,4578.2000,4578.0000,4577.8000,4576.2000,4575.2000,4581.2000,4583.2000,4583.8000,4584.0000,4584.2000,1,1,1,3,1,2,1,1,3,1
SF,IF2103,2020-08-28 09:32:58.500,4579.4000,6081,0,75639300.000,0,-,-,-,-,4578.4000,4578.2000,4577.8000,4576.2000,4575.2000,4581.2000,4583.2000,4583.8000,4584.0000,4584.2000,1,1,1,3,1,2,1,1,3,1
SF,IF2103,2020-08-28 09:32:59.000,4579.4000,6081,0,75639300.000,0,-,-,-,-,4578.4000,4578.2000,4577.8000,4576.2000,4575.2000,4581.2000,4583.2000,4583.8000,4584.0000,4584.2000,1,1,1,3,1,2,1,1,3,1
SF,IF2103,2020-08-28 09:33:00.500,4579.4000,6081,0,75639300.000,0,-,-,-,-,4578.6000,4578.4000,4577.8000,4576.2000,4575.2000,4581.2000,4583.8000,4584.0000,4584.2000,4584.4000,1,1,1,3,1,2,1,3,1,1
SF,IF2103,2020-08-28 09:33:01.000,4579.4000,6081,0,75639300.000,0,-,-,-,-,4578.8000,4578.6000,4577.8000,4576.2000,4575.2000,4583.8000,4584.2000,4584.4000,4584.6000,4584.8000,2,1,1,3,1,1,1,1,1,2
SF,IF2103,2020-08-28 09:33:01.500,4579.4000,6081,0,75639300.000,0,-,-,-,-,4579.8000,4579.2000,4578.8000,4578.6000,4577.8000,4583.4000,4583.6000,4583.8000,4584.2000,4584.4000,1,2,2,1,1,1,1,1,1,1
SF,IF2103,2020-08-28 09:33:02.000,4579.4000,6081,0,75639300.000,0,-,-,-,-,4580.0000,4579.8000,4579.2000,4578.6000,4577.8000,4583.2000,4583.4000,4583.8000,4584.2000,4584.6000,2,1,2,1,1,1,1,1,1,1
SF,IF2103,2020-08-28 09:33:02.500,4579.4000,6081,0,75639300.000,0,-,-,-,-,4580.4000,4580.2000,4580.0000,4579.8000,4579.2000,4584.2000,4584.6000,4585.0000,4586.0000,4587.2000,1,1,2,1,2,1,1,1,1,2
SF,IF2103,2020-08-28 09:33:03.000,4579.4000,6081,0,75639300.000,0,-,-,-,-,4581.0000,4580.6000,4580.4000,4580.2000,4579.8000,4584.0000,4585.0000,4587.2000,4589.8000,4592.6000,1,5,1,1,1,1,1,2,1,1
SF,IF2103,2020-08-28 09:33:03.500,4579.4000,6081,0,75639300.000,0,-,-,-,-,4581.2000,4581.0000,4580.6000,4580.4000,4580.2000,4584.0000,4585.0000,4587.2000,4589.8000,4592.6000,2,1,3,1,1,1,1,2,1,1
SF,IF2103,2020-08-28 09:33:04.500,4579.4000,6081,0,75639300.000,0,-,-,-,-,4581.2000,4581.0000,4580.6000,4580.4000,4580.2000,4584.0000,4585.0000,4587.2000,4589.8000,4592.6000,3,1,3,1,1,1,1,2,1,1
SF,IF2103,2020-08-28 09:33:05.000,4579.4000,6081,0,75639300.000,0,-,-,-,-,4581.2000,4581.0000,4580.6000,4580.4000,4580.2000,4584.0000,4585.0000,4587.2000,4589.8000,4592.6000,3,1,3,1,1,1,1,2,1,1
SF,IF2103,2020-08-28 09:33:05.500,4579.4000,6081,0,75639300.000,0,-,-,-,-,4582.0000,4581.4000,4581.2000,4581.0000,4580.6000,4585.0000,4587.2000,4589.8000,4592.6000,4595.0000,1,2,3,1,1,1,2,1,1,5
SF,IF2103,2020-08-28 09:33:06.000,4579.4000,6081,0,75639300.000,0,-,-,-,-,4582.2000,4582.0000,4581.4000,4581.2000,4581.0000,4584.8000,4585.0000,4587.2000,4589.8000,4592.6000,2,1,2,1,1,1,1,2,1,1
SF,IF2103,2020-08-28 09:33:07.500,4579.4000,6081,0,75639300.000,0,-,-,-,-,4582.2000,4582.0000,4581.4000,4581.2000,4581.0000,4584.8000,4585.0000,4587.2000,4589.8000,4592.6000,2,1,2,1,1,1,1,2,1,1
SF,IF2103,2020-08-28 09:33:08.000,4579.4000,6081,0,75639300.000,0,-,-,-,-,4582.4000,4582.2000,4582.0000,4581.4000,4581.2000,4584.6000,4584.8000,4585.0000,4587.2000,4589.8000,1,1,1,1,1,1,1,1,2,1
SF,IF2103,2020-08-28 09:33:08.500,4579.4000,6081,0,75639300.000,0,-,-,-,-,4582.6000,4582.4000,4582.0000,4581.4000,4581.2000,4584.2000,4584.6000,4584.8000,4585.0000,4587.2000,1,1,1,1,1,1,1,1,1,2
SF,IF2103,2020-08-28 09:33:09.000,4579.4000,6081,0,75639300.000,0,-,-,-,-,4582.6000,4582.4000,4582.0000,4581.2000,4581.0000,4584.8000,4585.0000,4587.2000,4589.8000,4592.6000,1,1,1,1,1,1,1,2,1,1
SF,IF2103,2020-08-28 09:33:09.500,4579.4000,6081,0,75639300.000,0,-,-,-,-,4582.8000,4582.6000,4582.4000,4582.0000,4581.2000,4584.8000,4585.0000,4589.8000,4592.6000,4595.0000,1,1,1,1,1,1,1,1,1,5
SF,IF2103,2020-08-28 09:33:10.000,4579.4000,6081,0,75639300.000,0,-,-,-,-,4583.0000,4582.0000,4581.2000,4581.0000,4580.6000,4585.0000,4589.8000,4592.6000,4595.0000,4603.0000,2,1,1,1,1,1,1,1,5,5
SF,IF2103,2020-08-28 09:33:11.000,4579.4000,6081,0,75639300.000,0,-,-,-,-,4584.2000,4583.0000,4582.0000,4581.2000,4581.0000,4585.0000,4589.8000,4592.6000,4595.0000,4603.0000,1,4,1,1,1,1,1,1,5,5
SF,IF2103,2020-08-28 09:33:11.500,4584.2000,6081,0,78390060.000,2,1,1,多换,S,4583.0000,4582.0000,4581.2000,4581.0000,4580.6000,4584.8000,4589.8000,4592.6000,4595.0000,4603.0000,1,1,1,1,1,1,1,1,5,5
SF,IF2103,2020-08-28 09:33:12.000,4584.2000,6081,0,78390060.000,0,-,-,-,-,4583.0000,4582.0000,4581.2000,4581.0000,4580.6000,4584.4000,4584.8000,4589.8000,4592.6000,4595.0000,1,1,1,1,1,1,1,1,1,5
SF,IF2103,2020-08-28 09:33:12.500,4584.2000,6081,0,78390060.000,0,-,-,-,-,4583.0000,4581.2000,4581.0000,4580.6000,4580.4000,4584.2000,4584.4000,4589.8000,4592.6000,4595.0000,1,1,1,1,1,1,1,1,1,5
SF,IF2103,2020-08-28 09:33:13.000,4584.2000,6081,0,78390060.000,0,-,-,-,-,4581.0000,4580.6000,4580.4000,4580.2000,4580.0000,4584.2000,4589.8000,4592.6000,4595.0000,4603.0000,1,1,1,1,2,1,1,1,5,5
SF,IF2103,2020-08-28 09:33:13.500,4584.2000,6081,0,78390060.000,0,-,-,-,-,4581.4000,4581.2000,4581.0000,4580.6000,4580.4000,4584.0000,4584.2000,4589.8000,4592.6000,4595.0000,1,1,1,1,1,1,1,1,1,5
SF,IF2103,2020-08-28 09:33:14.000,4584.2000,6081,0,78390060.000,0,-,-,-,-,4581.8000,4581.6000,4581.4000,4581.0000,4580.6000,4584.0000,4584.2000,4589.8000,4592.6000,4595.0000,1,1,1,1,1,1,1,1,1,5
SF,IF2103,2020-08-28 09:33:14.500,4584.2000,6081,0,78390060.000,0,-,-,-,-,4582.0000,4581.8000,4581.4000,4581.0000,4580.6000,4583.6000,4584.0000,4584.2000,4589.8000,4592.6000,1,1,1,1,1,1,1,1,1,1
SF,IF2103,2020-08-28 09:33:15.000,4584.2000,6081,0,78390060.000,0,-,-,-,-,4582.0000,4581.8000,4581.4000,4581.0000,4580.6000,4583.4000,4584.2000,4589.8000,4592.6000,4595.0000,1,1,1,1,1,2,1,1,1,5
SF,IF2103,2020-08-28 09:33:15.500,4584.2000,6081,0,78390060.000,0,-,-,-,-,4582.0000,4581.8000,4581.4000,4581.0000,4580.6000,4584.2000,4589.8000,4592.6000,4595.0000,4603.0000,1,1,1,1,1,1,1,1,5,5
SF,IF2103,2020-08-28 09:33:16.000,4584.2000,6081,0,78390060.000,0,-,-,-,-,4582.0000,4581.8000,4581.4000,4581.0000,4580.6000,4583.8000,4584.2000,4589.8000,4592.6000,4595.0000,1,1,1,1,1,1,1,1,1,5
SF,IF2103,2020-08-28 09:33:17.500,4584.2000,6081,0,78390060.000,0,-,-,-,-,4582.0000,4581.8000,4581.4000,4581.0000,4580.6000,4584.2000,4589.8000,4592.6000,4595.0000,4603.0000,1,1,1,1,1,1,1,1,5,5
SF,IF2103,2020-08-28 09:33:18.000,4584.2000,6081,0,78390060.000,0,-,-,-,-,4582.0000,4581.8000,4581.4000,4581.0000,4580.6000,4589.8000,4592.6000,4595.0000,4603.0000,4607.0000,1,1,1,1,1,1,1,5,5,1
SF,IF2103,2020-08-28 09:33:18.500,4584.2000,6081,0,78390060.000,0,-,-,-,-,4582.6000,4582.2000,4582.0000,4581.8000,4581.4000,4585.8000,4587.8000,4589.2000,4589.6000,4589.8000,1,1,1,1,1,2,1,1,6,1
SF,IF2103,2020-08-28 09:33:19.000,4584.2000,6081,0,78390060.000,0,-,-,-,-,4582.8000,4582.6000,4582.2000,4581.8000,4581.4000,4585.6000,4587.8000,4589.2000,4589.6000,4589.8000,2,1,1,1,1,1,1,1,4,1
SF,IF2103,2020-08-28 09:33:20.000,4584.2000,6081,0,78390060.000,0,-,-,-,-,4583.4000,4583.0000,4582.8000,4582.6000,4582.2000,4585.6000,4587.8000,4589.2000,4589.6000,4589.8000,1,1,2,1,1,1,1,1,4,1
SF,IF2103,2020-08-28 09:33:20.500,4584.2000,6081,0,78390060.000,0,-,-,-,-,4583.6000,4583.4000,4583.0000,4582.8000,4582.6000,4585.6000,4587.8000,4589.2000,4589.6000,4589.8000,1,1,1,1,1,1,1,1,4,1
SF,IF2103,2020-08-28 09:33:22.000,4583.6000,6081,0,79765140.000,1,0,1,多换,S,4583.4000,4583.0000,4582.8000,4582.6000,4582.2000,4585.6000,4587.8000,4589.2000,4589.6000,4589.8000,1,1,1,1,1,1,1,1,4,1
SF,IF2103,2020-08-28 09:33:22.500,4583.6000,6081,0,79765140.000,0,-,-,-,-,4583.6000,4583.4000,4583.0000,4582.8000,4582.6000,4585.4000,4585.6000,4587.8000,4589.2000,4589.6000,1,1,1,1,1,3,1,1,1,4
SF,IF2103,2020-08-28 09:33:23.000,4583.4000,6080,-1,82515240.000,2,0,2,多平,S,4582.8000,4582.6000,4582.2000,4580.4000,4576.2000,4585.0000,4585.2000,4585.4000,4587.8000,4589.2000,1,1,1,1,3,2,1,1,1,1
SF,IF2103,2020-08-28 09:33:23.500,4583.4000,6080,0,82515240.000,0,-,-,-,-,4582.8000,4582.6000,4582.2000,4580.4000,4576.2000,4584.8000,4585.4000,4587.8000,4589.2000,4589.6000,1,1,1,1,3,1,1,1,1,4
SF,IF2103,2020-08-28 09:33:24.000,4583.4000,6080,0,82515240.000,0,-,-,-,-,4582.6000,4582.2000,4580.4000,4576.2000,4575.2000,4584.8000,4587.8000,4589.2000,4589.6000,4589.8000,1,1,1,3,1,1,1,1,4,1
SF,IF2103,2020-08-28 09:33:25.500,4583.4000,6080,0,82515240.000,0,-,-,-,-,4582.6000,4582.2000,4580.4000,4577.8000,4576.2000,4584.8000,4587.8000,4589.2000,4589.6000,4589.8000,1,1,1,2,3,1,1,1,4,1
SF,IF2103,2020-08-28 09:33:28.000,4584.8000,6079,-1,83890680.000,1,0,1,双平,S,4583.2000,4582.6000,4582.2000,4580.4000,4576.2000,4587.8000,4589.2000,4589.6000,4589.8000,4592.6000,1,1,1,1,3,1,1,4,1,1
SF,IF2103,2020-08-28 09:33:28.500,4584.8000,6079,0,83890680.000,0,-,-,-,-,4583.4000,4583.2000,4582.8000,4582.6000,4582.2000,4587.2000,4587.4000,4587.6000,4587.8000,4589.2000,2,1,2,1,1,1,1,2,1,1
SF,IF2103,2020-08-28 09:33:29.000,4584.8000,6079,0,83890680.000,0,-,-,-,-,4583.4000,4582.8000,4582.6000,4582.2000,4580.4000,4587.0000,4587.2000,4587.4000,4587.6000,4587.8000,2,2,1,1,1,1,1,1,1,1
SF,IF2103,2020-08-28 09:33:29.500,4584.8000,6079,0,83890680.000,0,-,-,-,-,4583.6000,4583.4000,4582.6000,4582.2000,4580.4000,4586.8000,4587.0000,4587.4000,4587.6000,4587.8000,2,2,1,1,1,1,1,1,1,1
SF,IF2103,2020-08-28 09:33:30.000,4584.8000,6079,0,83890680.000,0,-,-,-,-,4583.8000,4583.6000,4582.6000,4582.2000,4580.4000,4586.6000,4586.8000,4587.4000,4587.6000,4587.8000,2,2,1,1,1,1,1,1,1,1
SF,IF2103,2020-08-28 09:33:30.500,4584.8000,6079,0,83890680.000,0,-,-,-,-,4583.8000,4582.6000,4582.2000,4580.4000,4576.2000,4586.6000,4586.8000,4587.4000,4587.6000,4587.8000,2,1,1,1,3,1,1,1,1,1
SF,IF2103,2020-08-28 09:33:31.000,4584.8000,6079,0,83890680.000,0,-,-,-,-,4583.8000,4582.6000,4582.2000,4580.4000,4576.2000,4586.4000,4586.6000,4587.4000,4587.6000,4587.8000,2,1,1,1,3,1,2,1,1,1
SF,IF2103,2020-08-28 09:33:31.500,4584.8000,6079,0,83890680.000,0,-,-,-,-,4583.8000,4582.6000,4582.2000,4580.4000,4577.8000,4586.2000,4586.4000,4587.4000,4587.6000,4587.8000,2,1,1,1,2,1,1,1,1,1
SF,IF2103,2020-08-28 09:33:32.000,4583.8000,6079,0,85265820.000,1,0,1,多换,S,4582.6000,4582.2000,4580.4000,4577.8000,4576.2000,4585.8000,4586.2000,4586.4000,4587.4000,4587.6000,1,1,1,2,3,2,1,1,1,1
SF,IF2103,2020-08-28 09:33:32.500,4583.8000,6079,0,85265820.000,0,-,-,-,-,4582.8000,4582.6000,4582.2000,4580.4000,4577.8000,4585.6000,4586.4000,4587.4000,4587.8000,4589.2000,1,1,1,1,2,2,1,1,1,1
SF,IF2103,2020-08-28 09:33:33.000,4583.8000,6079,0,85265820.000,0,-,-,-,-,4582.8000,4582.6000,4582.2000,4580.4000,4577.8000,4585.6000,4586.4000,4587.4000,4587.8000,4589.2000,1,1,1,1,2,2,1,1,1,1
SF,IF2103,2020-08-28 09:33:34.000,4583.8000,6079,0,85265820.000,0,-,-,-,-,4582.8000,4582.6000,4582.2000,4580.4000,4577.8000,4585.4000,4585.6000,4586.4000,4587.4000,4587.8000,1,1,1,1,2,1,2,1,1,1
SF,IF2103,2020-08-28 09:33:34.500,4583.8000,6079,0,85265820.000,0,-,-,-,-,4582.8000,4580.4000,4577.8000,4576.2000,4575.2000,4585.2000,4585.4000,4586.4000,4587.4000,4587.8000,1,1,2,3,1,2,1,1,1,1
SF,IF2103,2020-08-28 09:33:35.000,4583.8000,6079,0,85265820.000,0,-,-,-,-,4582.8000,4580.4000,4577.8000,4576.2000,4575.2000,4584.8000,4585.2000,4585.4000,4586.4000,4587.4000,1,1,2,3,1,2,2,1,1,1
SF,IF2103,2020-08-28 09:33:35.500,4583.8000,6079,0,85265820.000,0,-,-,-,-,4582.8000,4580.4000,4577.8000,4576.2000,4575.2000,4584.6000,4585.2000,4586.4000,4587.4000,4587.8000,1,1,2,3,1,3,1,1,1,1
SF,IF2103,2020-08-28 09:33:36.000,4582.8000,6078,-1,86640660.000,1,0,1,双平,S,4580.4000,4577.8000,4576.2000,4575.2000,4573.0000,4584.6000,4585.2000,4586.4000,4587.4000,4587.8000,1,2,3,1,1,3,1,1,1,1
SF,IF2103,2020-08-28 09:33:36.500,4582.8000,6078,0,86640660.000,0,-,-,-,-,4581.0000,4580.6000,4580.4000,4577.8000,4576.2000,4584.4000,4584.6000,4586.4000,4587.4000,4587.8000,1,3,1,2,3,1,1,1,1,1
SF,IF2103,2020-08-28 09:33:37.000,4582.8000,6078,0,86640660.000,0,-,-,-,-,4581.4000,4581.2000,4581.0000,4580.6000,4580.4000,4584.2000,4584.4000,4586.4000,4587.4000,4587.8000,1,1,1,2,1,1,1,1,1,1
SF,IF2103,2020-08-28 09:33:37.500,4582.8000,6078,0,86640660.000,0,-,-,-,-,4581.6000,4581.4000,4581.0000,4580.6000,4580.4000,4584.0000,4584.2000,4586.4000,4587.4000,4587.8000,1,1,1,2,1,1,1,1,1,1
SF,IF2103,2020-08-28 09:33:38.000,4584.2000,6076,-2,89391120.000,2,0,2,双平,S,4582.0000,4581.6000,4581.4000,4581.0000,4580.6000,4586.4000,4587.4000,4587.8000,4589.2000,4589.6000,1,1,1,1,2,1,1,1,1,4
SF,IF2103,2020-08-28 09:33:38.500,4584.2000,6076,0,89391120.000,0,-,-,-,-,4582.2000,4582.0000,4581.4000,4581.0000,4580.6000,4586.2000,4586.4000,4587.4000,4587.8000,4589.2000,2,1,1,1,2,2,1,1,1,1
SF,IF2103,2020-08-28 09:33:39.000,4584.2000,6076,0,89391120.000,0,-,-,-,-,4582.2000,4581.4000,4581.0000,4580.6000,4580.4000,4585.6000,4586.2000,4587.4000,4587.8000,4589.2000,2,1,1,2,1,1,2,1,1,1
SF,IF2103,2020-08-28 09:33:39.500,4584.2000,6076,0,89391120.000,0,-,-,-,-,4582.2000,4581.4000,4581.0000,4580.6000,4580.4000,4585.4000,4585.6000,4586.2000,4587.4000,4587.8000,2,1,1,2,1,1,1,1,1,1
SF,IF2103,2020-08-28 09:33:40.000,4584.2000,6076,0,89391120.000,0,-,-,-,-,4582.2000,4581.4000,4581.0000,4580.6000,4580.4000,4585.2000,4585.4000,4586.2000,4587.4000,4587.8000,2,1,1,2,1,1,1,1,1,1
SF,IF2103,2020-08-28 09:33:40.500,4584.2000,6076,0,89391120.000,0,-,-,-,-,4582.2000,4581.4000,4581.0000,4580.6000,4580.4000,4585.0000,4585.2000,4586.2000,4587.4000,4587.8000,2,1,1,2,1,1,1,1,1,1
SF,IF2103,2020-08-28 09:33:41.000,4584.2000,6076,0,89391120.000,0,-,-,-,-,4582.2000,4581.4000,4581.0000,4580.6000,4580.4000,4584.8000,4585.0000,4585.2000,4586.2000,4587.4000,1,1,1,2,1,1,1,2,1,1
SF,IF2103,2020-08-28 09:33:41.500,4584.2000,6076,0,89391120.000,0,-,-,-,-,4582.2000,4581.4000,4581.0000,4580.6000,4580.4000,4584.6000,4584.8000,4585.2000,4586.2000,4587.4000,1,1,1,2,1,1,1,2,1,1
SF,IF2103,2020-08-28 09:33:42.000,4584.2000,6076,0,89391120.000,0,-,-,-,-,4581.4000,4581.0000,4580.6000,4580.4000,4577.8000,4584.2000,4584.6000,4585.2000,4586.2000,4587.4000,1,1,2,1,2,2,1,2,1,1
SF,IF2103,2020-08-28 09:33:42.500,4584.2000,6076,0,89391120.000,0,-,-,-,-,4581.6000,4581.0000,4580.6000,4580.4000,4577.8000,4584.0000,4585.2000,4587.4000,4587.8000,4589.2000,2,1,2,1,2,1,2,1,1,1
SF,IF2103,2020-08-28 09:33:43.000,4584.2000,6076,0,89391120.000,0,-,-,-,-,4581.6000,4577.8000,4576.2000,4575.2000,4573.0000,4583.6000,4584.0000,4585.2000,4587.4000,4587.8000,1,2,3,1,1,2,1,2,1,1
SF,IF2103,2020-08-28 09:33:43.500,4584.2000,6076,0,89391120.000,0,-,-,-,-,4577.8000,4576.2000,4575.2000,4573.0000,4570.0000,4581.6000,4583.4000,4585.2000,4587.4000,4587.8000,2,3,1,1,6,1,4,2,1,1
SF,IF2103,2020-08-28 09:33:44.000,4581.6000,6075,-1,92140080.000,2,0,2,多平,S,4579.8000,4578.2000,4578.0000,4577.8000,4576.2000,4583.4000,4585.2000,4587.4000,4587.8000,4589.6000,1,1,4,2,3,1,2,1,1,4
SF,IF2103,2020-08-28 09:33:44.500,4581.6000,6075,0,92140080.000,0,-,-,-,-,4580.0000,4579.8000,4578.2000,4578.0000,4577.8000,4585.2000,4587.4000,4587.8000,4589.6000,4589.8000,2,1,1,2,2,2,1,1,4,1
SF,IF2103,2020-08-28 09:33:45.000,4581.6000,6075,0,92140080.000,0,-,-,-,-,4580.6000,4580.4000,4580.0000,4579.8000,4578.2000,4585.0000,4585.2000,4587.4000,4587.8000,4589.6000,1,1,2,1,1,1,2,1,1,4
SF,IF2103,2020-08-28 09:33:45.500,4581.6000,6075,0,92140080.000,0,-,-,-,-,4581.0000,4580.8000,4580.6000,4580.4000,4579.8000,4584.6000,4585.0000,4585.2000,4587.4000,4587.8000,1,2,1,1,1,1,1,1,1,1
SF,IF2103,2020-08-28 09:33:46.000,4581.6000,6075,0,92140080.000,0,-,-,-,-,4581.2000,4581.0000,4580.6000,4580.4000,4579.8000,4584.4000,4584.6000,4585.2000,4587.4000,4587.8000,2,1,1,1,1,1,1,1,1,1
SF,IF2103,2020-08-28 09:33:47.000,4581.6000,6075,0,92140080.000,0,-,-,-,-,4581.2000,4581.0000,4580.6000,4579.8000,4578.2000,4584.4000,4584.6000,4585.2000,4587.4000,4587.8000,2,1,1,1,1,1,1,1,1,1
SF,IF2103,2020-08-28 09:33:48.000,4581.6000,6075,0,92140080.000,0,-,-,-,-,4581.2000,4581.0000,4580.6000,4579.8000,4578.2000,4584.4000,4584.6000,4585.2000,4587.4000,4587.8000,2,1,1,1,1,1,1,1,1,1
SF,IF2103,2020-08-28 09:33:48.500,4581.6000,6075,0,92140080.000,0,-,-,-,-,4581.2000,4581.0000,4580.6000,4579.8000,4578.2000,4584.4000,4585.2000,4587.4000,4587.8000,4589.6000,2,1,1,1,1,1,1,1,1,4
SF,IF2103,2020-08-28 09:33:49.000,4581.6000,6075,0,92140080.000,0,-,-,-,-,4581.2000,4581.0000,4580.6000,4579.8000,4578.2000,4584.4000,4585.2000,4587.4000,4587.8000,4589.6000,2,1,1,1,1,1,1,1,1,4
SF,IF2103,2020-08-28 09:33:52.000,4581.6000,6075,0,92140080.000,0,-,-,-,-,4581.2000,4581.0000,4580.6000,4579.8000,4578.2000,4584.2000,4584.4000,4587.4000,4587.8000,4589.6000,2,1,1,1,1,1,1,1,1,4
SF,IF2103,2020-08-28 09:33:52.500,4581.6000,6075,0,92140080.000,0,-,-,-,-,4581.2000,4581.0000,4580.6000,4579.8000,4578.2000,4584.0000,4584.2000,4587.4000,4587.8000,4589.6000,2,1,1,1,1,1,1,1,1,4
SF,IF2103,2020-08-28 09:33:53.500,4581.6000,6075,0,92140080.000,0,-,-,-,-,4581.2000,4581.0000,4580.6000,4579.8000,4578.2000,4584.0000,4584.2000,4587.4000,4587.8000,4589.6000,2,1,1,1,1,1,1,1,1,4
SF,IF2103,2020-08-28 09:33:54.000,4581.4000,6075,0,93514500.000,1,0,1,多换,S,4581.4000,4581.2000,4581.0000,4580.6000,4579.8000,4584.0000,4584.2000,4587.4000,4587.8000,4589.6000,1,2,1,1,1,1,1,1,1,4
SF,IF2103,2020-08-28 09:33:54.500,4581.4000,6075,0,93514500.000,0,-,-,-,-,4581.6000,4581.4000,4581.0000,4580.6000,4579.8000,4584.0000,4584.2000,4587.4000,4587.8000,4589.6000,2,1,1,1,1,1,1,1,1,4
SF,IF2103,2020-08-28 09:33:55.000,4581.4000,6075,0,93514500.000,0,-,-,-,-,4581.8000,4581.6000,4581.0000,4580.6000,4579.8000,4584.0000,4584.2000,4587.4000,4587.8000,4589.6000,1,2,1,1,1,1,1,1,1,4
SF,IF2103,2020-08-28 09:33:55.500,4581.4000,6075,0,93514500.000,0,-,-,-,-,4582.4000,4582.0000,4581.6000,4581.0000,4580.6000,4584.0000,4584.2000,4587.4000,4587.8000,4589.6000,1,1,1,1,1,1,1,1,1,4
SF,IF2103,2020-08-28 09:33:56.000,4581.4000,6075,0,93514500.000,0,-,-,-,-,4582.6000,4582.4000,4581.6000,4581.0000,4580.6000,4584.2000,4587.4000,4587.8000,4589.6000,4589.8000,1,1,1,1,1,1,1,1,4,1
SF,IF2103,2020-08-28 09:33:56.500,4581.4000,6075,0,93514500.000,0,-,-,-,-,4582.6000,4581.6000,4581.0000,4580.6000,4579.8000,4584.2000,4587.4000,4587.8000,4589.6000,4589.8000,1,1,1,1,1,1,1,1,4,1
SF,IF2103,2020-08-28 09:33:57.000,4581.4000,6075,0,93514500.000,0,-,-,-,-,4582.8000,4582.6000,4581.6000,4581.0000,4580.6000,4587.4000,4587.8000,4589.6000,4589.8000,4592.2000,1,1,1,1,1,1,1,4,1,8
SF,IF2103,2020-08-28 09:33:57.500,4581.4000,6075,0,93514500.000,0,-,-,-,-,4583.0000,4581.0000,4580.6000,4579.8000,4578.2000,4586.8000,4587.2000,4587.4000,4587.8000,4589.6000,2,1,1,1,1,1,2,1,1,4
SF,IF2103,2020-08-28 09:33:58.000,4581.4000,6075,0,93514500.000,0,-,-,-,-,4583.0000,4581.0000,4580.6000,4579.8000,4578.2000,4586.6000,4586.8000,4587.2000,4587.4000,4587.8000,2,1,1,1,1,2,1,1,1,1
SF,IF2103,2020-08-28 09:33:58.500,4581.4000,6075,0,93514500.000,0,-,-,-,-,4583.0000,4581.0000,4580.6000,4579.8000,4578.2000,4586.0000,4586.6000,4587.4000,4587.8000,4589.6000,2,1,1,1,1,1,2,1,1,4
SF,IF2103,2020-08-28 09:33:59.000,4581.4000,6075,0,93514500.000,0,-,-,-,-,4583.0000,4581.0000,4580.6000,4579.8000,4578.2000,4585.8000,4586.0000,4586.6000,4587.4000,4587.8000,1,1,1,1,1,1,1,1,1,1
SF,IF2103,2020-08-28 09:33:59.500,4581.4000,6075,0,93514500.000,0,-,-,-,-,4583.2000,4583.0000,4581.0000,4580.6000,4579.8000,4585.4000,4585.8000,4586.6000,4587.4000,4587.8000,1,1,1,1,1,1,1,1,1,1
SF,IF2103,2020-08-28 09:34:00.000,4581.4000,6075,0,93514500.000,0,-,-,-,-,4583.2000,4583.0000,4581.0000,4580.6000,4579.8000,4585.0000,4585.2000,4586.6000,4587.4000,4587.8000,1,1,1,1,1,2,1,1,1,1
SF,IF2103,2020-08-28 09:34:00.500,4583.0000,6074,-1,94889400.000,1,0,1,双平,S,4583.2000,4581.0000,4580.6000,4579.8000,4578.2000,4585.0000,4585.2000,4586.6000,4587.4000,4587.8000,1,1,1,1,1,2,1,1,1,1
SF,IF2103,2020-08-28 09:34:01.000,4583.0000,6074,0,94889400.000,0,-,-,-,-,4583.2000,4581.0000,4580.6000,4579.8000,4578.2000,4585.2000,4586.6000,4587.4000,4587.8000,4589.6000,1,1,1,1,1,1,1,1,1,4
SF,IF2103,2020-08-28 09:34:02.000,4583.0000,6074,0,94889400.000,0,-,-,-,-,4583.2000,4581.0000,4580.6000,4579.8000,4578.2000,4585.0000,4585.2000,4586.6000,4587.4000,4587.8000,1,1,1,1,1,2,1,1,1,1
SF,IF2103,2020-08-28 09:34:02.500,4583.0000,6074,0,94889400.000,0,-,-,-,-,4581.0000,4580.6000,4579.8000,4578.2000,4578.0000,4584.8000,4585.0000,4586.6000,4587.4000,4587.8000,1,1,1,1,2,1,2,1,1,1
SF,IF2103,2020-08-28 09:34:03.000,4583.0000,6074,0,94889400.000,0,-,-,-,-,4581.2000,4581.0000,4580.6000,4579.8000,4578.2000,4584.6000,4584.8000,4586.6000,4587.4000,4587.8000,4,1,1,1,1,1,1,1,1,1
SF,IF2103,2020-08-28 09:34:03.500,4583.0000,6074,0,94889400.000,0,-,-,-,-,4581.2000,4581.0000,4580.6000,4579.8000,4578.2000,4584.4000,4584.6000,4586.6000,4587.4000,4587.8000,3,1,1,1,1,1,1,1,1,1
SF,IF2103,2020-08-28 09:34:05.000,4583.0000,6074,0,94889400.000,0,-,-,-,-,4581.2000,4581.0000,4580.6000,4579.8000,4578.2000,4584.2000,4584.4000,4584.6000,4586.6000,4587.4000,3,1,1,1,1,1,1,1,1,1
SF,IF2103,2020-08-28 09:34:05.500,4583.0000,6074,0,94889400.000,0,-,-,-,-,4581.2000,4580.6000,4579.8000,4579.4000,4578.2000,4584.0000,4584.2000,4584.6000,4586.6000,4587.4000,1,1,1,1,1,1,1,1,1,1
SF,IF2103,2020-08-28 09:34:06.000,4583.0000,6074,0,94889400.000,0,-,-,-,-,4581.2000,4579.8000,4579.4000,4578.2000,4578.0000,4583.4000,4584.0000,4584.6000,4586.6000,4587.4000,1,1,1,1,2,1,1,1,1,1
SF,IF2103,2020-08-28 09:34:06.500,4583.0000,6074,0,94889400.000,0,-,-,-,-,4581.2000,4579.8000,4578.2000,4578.0000,4576.2000,4583.0000,4583.2000,4583.4000,4583.8000,4584.6000,1,1,1,2,3,5,1,1,1,1
SF,IF2103,2020-08-28 09:34:07.000,4583.0000,6074,0,94889400.000,0,-,-,-,-,4578.2000,4578.0000,4576.2000,4575.2000,4573.0000,4582.6000,4582.8000,4583.0000,4584.6000,4586.6000,1,2,3,1,1,2,2,3,1,1
SF,IF2103,2020-08-28 09:34:07.500,4583.0000,6074,0,94889400.000,0,-,-,-,-,4578.4000,4578.2000,4578.0000,4576.2000,4575.2000,4582.4000,4586.6000,4587.4000,4587.8000,4589.6000,2,1,2,3,1,2,1,1,1,4
SF,IF2103,2020-08-28 09:34:08.500,4583.0000,6074,0,94889400.000,0,-,-,-,-,4578.4000,4578.2000,4578.0000,4576.2000,4575.2000,4582.4000,4586.6000,4587.4000,4587.8000,4589.6000,2,1,2,3,1,1,1,1,1,4
SF,IF2103,2020-08-28 09:34:09.000,4583.0000,6074,0,94889400.000,0,-,-,-,-,4578.4000,4578.2000,4578.0000,4576.2000,4575.2000,4582.2000,4582.4000,4586.6000,4587.4000,4587.8000,2,1,2,3,1,1,1,1,1,1
SF,IF2103,2020-08-28 09:34:09.500,4583.0000,6074,0,94889400.000,0,-,-,-,-,4578.4000,4578.2000,4578.0000,4576.2000,4575.2000,4582.0000,4582.2000,4586.6000,4587.4000,4587.8000,2,1,2,3,1,1,1,1,1,1
SF,IF2103,2020-08-28 09:34:10.000,4583.0000,6074,0,94889400.000,0,-,-,-,-,4579.8000,4578.4000,4578.2000,4578.0000,4576.2000,4582.2000,4586.6000,4587.4000,4587.8000,4589.6000,1,2,1,2,3,1,1,1,1,4
SF,IF2103,2020-08-28 09:34:10.500,4580.0000,6074,0,96263400.000,1,0,1,多换,S,4578.4000,4578.2000,4578.0000,4576.2000,4575.2000,4582.0000,4582.2000,4586.6000,4587.4000,4587.8000,1,1,2,3,1,1,1,1,1,1
SF,IF2103,2020-08-28 09:34:11.000,4580.0000,6074,0,96263400.000,0,-,-,-,-,4578.6000,4578.4000,4578.2000,4578.0000,4576.2000,4582.0000,4582.2000,4586.6000,4587.4000,4587.8000,1,1,1,2,3,1,1,1,1,1
SF,IF2103,2020-08-28 09:34:11.500,4580.0000,6074,0,96263400.000,0,-,-,-,-,4578.8000,4578.6000,4578.2000,4578.0000,4576.2000,4582.0000,4582.2000,4586.6000,4587.4000,4587.8000,1,1,1,2,3,1,1,1,1,1
SF,IF2103,2020-08-28 09:34:12.000,4580.0000,6074,0,96263400.000,0,-,-,-,-,4579.0000,4578.8000,4578.2000,4578.0000,4576.2000,4582.0000,4582.2000,4586.6000,4587.4000,4587.8000,1,1,1,2,3,1,1,1,1,1
SF,IF2103,2020-08-28 09:34:12.500,4580.0000,6074,0,96263400.000,0,-,-,-,-,4579.2000,4579.0000,4578.2000,4578.0000,4576.2000,4582.0000,4582.2000,4586.6000,4587.4000,4587.8000,1,1,1,2,3,1,1,1,1,1
SF,IF2103,2020-08-28 09:34:13.000,4580.0000,6074,0,96263400.000,0,-,-,-,-,4579.2000,4578.2000,4578.0000,4576.2000,4575.2000,4582.0000,4582.2000,4586.6000,4587.4000,4587.8000,1,1,2,3,1,1,1,1,1,1
SF,IF2103,2020-08-28 09:34:13.500,4580.0000,6074,0,96263400.000,0,-,-,-,-,4579.4000,4579.2000,4578.2000,4578.0000,4577.4000,4582.0000,4582.2000,4586.6000,4587.4000,4587.8000,1,1,1,2,1,1,1,1,1,1
SF,IF2103,2020-08-28 09:34:14.000,4580.0000,6074,0,96263400.000,0,-,-,-,-,4579.6000,4578.2000,4578.0000,4577.4000,4576.2000,4582.0000,4582.2000,4586.6000,4587.4000,4587.8000,1,1,2,1,3,1,1,1,1,1
SF,IF2103,2020-08-28 09:34:14.500,4580.0000,6074,0,96263400.000,0,-,-,-,-,4579.6000,4578.2000,4578.0000,4577.4000,4576.2000,4581.6000,4581.8000,4582.0000,4582.2000,4586.6000,1,1,2,1,3,2,1,1,1,1
SF,IF2103,2020-08-28 09:34:15.000,4580.0000,6074,0,96263400.000,0,-,-,-,-,4578.2000,4578.0000,4577.4000,4576.2000,4575.2000,4581.4000,4581.8000,4582.2000,4586.6000,4587.4000,1,2,1,3,1,3,1,1,1,1
SF,IF2103,2020-08-28 09:34:15.500,4580.0000,6074,0,96263400.000,0,-,-,-,-,4578.4000,4578.2000,4578.0000,4577.4000,4576.2000,4581.4000,4581.8000,4586.6000,4587.4000,4587.8000,2,1,2,1,3,1,1,1,1,1
SF,IF2103,2020-08-28 09:34:16.000,4580.0000,6074,0,96263400.000,0,-,-,-,-,4578.4000,4578.2000,4578.0000,4577.4000,4576.2000,4581.2000,4581.4000,4581.8000,4586.6000,4587.4000,2,1,1,1,3,1,1,1,1,1
SF,IF2103,2020-08-28 09:34:16.500,4580.0000,6074,0,96263400.000,0,-,-,-,-,4578.4000,4578.2000,4578.0000,4577.4000,4576.2000,4581.0000,4581.2000,4581.8000,4586.6000,4587.4000,2,1,1,1,3,1,1,1,1,1
SF,IF2103,2020-08-28 09:34:19.000,4581.0000,6073,-1,97637700.000,1,0,1,双平,S,4578.4000,4578.2000,4578.0000,4577.4000,4576.2000,4581.2000,4581.8000,4586.6000,4587.4000,4589.6000,2,1,1,1,3,1,1,1,1,4
SF,IF2103,2020-08-28 09:34:19.500,4581.0000,6073,0,97637700.000,0,-,-,-,-,4578.8000,4578.4000,4578.2000,4578.0000,4576.2000,4581.8000,4586.6000,4587.4000,4589.6000,4589.8000,1,2,1,1,3,1,1,1,4,1
SF,IF2103,2020-08-28 09:34:20.000,4581.0000,6073,0,97637700.000,0,-,-,-,-,4579.4000,4579.0000,4578.8000,4578.2000,4578.0000,4581.8000,4586.6000,4587.4000,4589.6000,4589.8000,1,3,1,1,1,1,1,1,4,1
SF,IF2103,2020-08-28 09:34:20.500,4581.0000,6073,0,97637700.000,0,-,-,-,-,4579.6000,4579.4000,4579.0000,4578.8000,4578.2000,4581.8000,4586.6000,4587.4000,4589.6000,4589.8000,1,1,2,1,1,1,1,1,4,1
SF,IF2103,2020-08-28 09:34:21.000,4581.0000,6073,0,97637700.000,0,-,-,-,-,4579.6000,4579.4000,4579.0000,4578.2000,4578.0000,4581.8000,4586.6000,4587.4000,4589.6000,4589.8000,2,1,2,1,1,1,1,1,4,1
SF,IF2103,2020-08-28 09:34:21.500,4579.6000,6073,0,99011580.000,1,0,1,多换,S,4579.4000,4579.0000,4578.2000,4578.0000,4576.2000,4581.8000,4586.6000,4587.4000,4589.6000,4589.8000,1,2,1,1,3,1,1,1,4,1
SF,IF2103,2020-08-28 09:34:22.000,4579.6000,6073,0,99011580.000,0,-,-,-,-,4579.6000,4579.4000,4579.0000,4578.2000,4578.0000,4581.6000,4581.8000,4586.6000,4587.4000,4589.6000,1,1,2,1,1,2,1,1,1,4
SF,IF2103,2020-08-28 09:34:22.500,4579.6000,6073,0,99011580.000,0,-,-,-,-,4579.4000,4579.0000,4578.2000,4578.0000,4576.2000,4581.6000,4581.8000,4586.6000,4587.4000,4589.6000,1,2,1,1,3,2,1,1,1,4
SF,IF2103,2020-08-28 09:34:23.500,4579.6000,6073,0,99011580.000,0,-,-,-,-,4579.4000,4579.0000,4578.2000,4578.0000,4576.2000,4581.2000,4581.6000,4581.8000,4586.6000,4587.4000,1,2,1,1,3,1,2,1,1,1
SF,IF2103,2020-08-28 09:34:24.000,4579.4000,6073,0,100385400.000,1,0,1,多换,S,4579.0000,4578.2000,4578.0000,4576.2000,4575.2000,4581.0000,4581.2000,4581.6000,4581.8000,4586.6000,1,1,1,3,1,1,1,1,1,1
SF,IF2103,2020-08-28 09:34:24.500,4579.4000,6073,0,100385400.000,0,-,-,-,-,4578.2000,4578.0000,4576.2000,4575.2000,4573.0000,4580.8000,4581.0000,4581.6000,4581.8000,4586.6000,1,1,3,1,1,2,1,1,1,1
SF,IF2103,2020-08-28 09:34:25.000,4579.4000,6073,0,100385400.000,0,-,-,-,-,4578.4000,4578.2000,4578.0000,4576.2000,4575.2000,4580.6000,4580.8000,4581.8000,4586.6000,4587.4000,2,1,1,3,1,1,2,1,1,1
SF,IF2103,2020-08-28 09:34:25.500,4579.4000,6073,0,100385400.000,0,-,-,-,-,4578.4000,4578.2000,4578.0000,4576.2000,4575.6000,4580.6000,4580.8000,4581.8000,4586.6000,4587.4000,2,1,1,3,1,1,2,1,1,1
SF,IF2103,2020-08-28 09:34:26.000,4579.4000,6073,0,100385400.000,0,-,-,-,-,4578.6000,4578.4000,4578.2000,4578.0000,4576.2000,4580.6000,4586.6000,4587.4000,4589.6000,4589.8000,1,2,1,1,3,1,1,1,4,1
SF,IF2103,2020-08-28 09:34:26.500,4579.4000,6073,0,100385400.000,0,-,-,-,-,4579.0000,4578.6000,4578.4000,4578.2000,4578.0000,4586.6000,4587.4000,4589.6000,4589.8000,4592.2000,1,1,1,1,1,1,1,4,1,8
SF,IF2103,2020-08-28 09:34:27.000,4579.4000,6073,0,100385400.000,0,-,-,-,-,4579.2000,4579.0000,4578.2000,4578.0000,4576.2000,4582.6000,4583.0000,4583.8000,4584.8000,4585.8000,2,1,1,1,3,2,3,1,1,2
SF,IF2103,2020-08-28 09:34:27.500,4579.4000,6073,0,100385400.000,0,-,-,-,-,4579.2000,4579.0000,4578.2000,4578.0000,4576.2000,4582.4000,4583.0000,4584.8000,4585.8000,4586.0000,2,1,1,1,3,1,3,1,2,2
SF,IF2103,2020-08-28 09:34:28.000,4579.4000,6073,0,100385400.000,0,-,-,-,-,4579.2000,4579.0000,4578.2000,4578.0000,4576.2000,4582.2000,4582.4000,4583.0000,4584.8000,4585.8000,1,1,1,1,3,2,1,3,1,2
SF,IF2103,2020-08-28 09:34:28.500,4579.4000,6073,0,100385400.000,0,-,-,-,-,4579.2000,4579.0000,4578.2000,4578.0000,4576.2000,4582.0000,4582.2000,4583.0000,4584.8000,4585.8000,1,1,1,1,3,1,2,3,1,2
SF,IF2103,2020-08-28 09:34:29.000,4579.4000,6073,0,100385400.000,0,-,-,-,-,4579.2000,4578.2000,4578.0000,4576.2000,4575.6000,4582.0000,4582.2000,4583.0000,4584.8000,4585.8000,1,1,1,3,1,1,1,3,1,2
SF,IF2103,2020-08-28 09:34:29.500,4579.4000,6073,0,100385400.000,0,-,-,-,-,4579.2000,4578.2000,4578.0000,4576.2000,4575.6000,4581.8000,4582.0000,4582.2000,4583.0000,4584.8000,1,1,1,3,1,1,1,1,3,1
SF,IF2103,2020-08-28 09:34:30.000,4579.4000,6073,0,100385400.000,0,-,-,-,-,4579.2000,4578.2000,4578.0000,4576.2000,4575.6000,4581.6000,4581.8000,4582.2000,4583.0000,4584.8000,1,1,1,3,1,1,1,1,3,1
SF,IF2103,2020-08-28 09:34:30.500,4579.4000,6073,0,100385400.000,0,-,-,-,-,4579.2000,4578.2000,4578.0000,4576.2000,4575.6000,4581.2000,4581.6000,4582.2000,4583.0000,4584.8000,1,1,1,3,1,2,1,1,3,1
SF,IF2103,2020-08-28 09:34:31.000,4579.4000,6073,0,100385400.000,0,-,-,-,-,4578.2000,4578.0000,4576.2000,4575.6000,4575.2000,4581.0000,4583.0000,4584.8000,4585.8000,4586.0000,1,1,3,1,1,1,3,1,2,2
SF,IF2103,2020-08-28 09:34:31.500,4578.4000,6073,0,101758920.000,1,0,1,多换,S,4578.4000,4578.2000,4578.0000,4576.2000,4575.6000,4580.8000,4581.0000,4583.0000,4584.8000,4585.8000,2,1,1,3,1,1,1,3,1,2
SF,IF2103,2020-08-28 09:34:32.000,4580.8000,6071,-2,104507400.000,2,0,2,双平,S,4578.4000,4578.2000,4578.0000,4576.2000,4575.6000,4583.0000,4584.8000,4585.8000,4586.0000,4586.2000,3,1,1,3,1,3,1,2,2,1
SF,IF2103,2020-08-28 09:34:32.500,4580.8000,6071,0,104507400.000,0,-,-,-,-,4579.0000,4578.6000,4578.4000,4578.2000,4578.0000,4582.4000,4582.8000,4583.0000,4584.8000,4585.8000,1,1,3,1,1,1,1,3,1,2
SF,IF2103,2020-08-28 09:34:33.000,4580.8000,6071,0,104507400.000,0,-,-,-,-,4579.2000,4579.0000,4578.4000,4578.2000,4578.0000,4582.2000,4584.8000,4586.0000,4586.2000,4586.4000,2,2,1,1,1,1,1,2,1,2
SF,IF2103,2020-08-28 09:34:33.500,4580.8000,6071,0,104507400.000,0,-,-,-,-,4579.6000,4579.2000,4579.0000,4578.4000,4578.2000,4582.2000,4584.8000,4586.0000,4586.2000,4586.4000,1,2,1,1,1,1,1,2,1,2
SF,IF2103,2020-08-28 09:34:34.000,4580.8000,6071,0,104507400.000,0,-,-,-,-,4579.8000,4579.0000,4578.4000,4578.2000,4578.0000,4582.2000,4584.8000,4586.0000,4586.2000,4586.4000,2,1,1,1,1,1,1,2,1,2
SF,IF2103,2020-08-28 09:34:34.500,4580.8000,6071,0,104507400.000,0,-,-,-,-,4579.8000,4579.0000,4578.4000,4578.2000,4578.0000,4581.8000,4582.2000,4584.8000,4586.0000,4586.2000,2,1,1,1,1,2,1,1,2,1
SF,IF2103,2020-08-28 09:34:35.000,4580.8000,6071,0,104507400.000,0,-,-,-,-,4579.8000,4579.0000,4578.4000,4578.2000,4578.0000,4582.2000,4584.8000,4586.0000,4586.2000,4586.4000,1,1,1,1,1,1,1,2,1,2
SF,IF2103,2020-08-28 09:34:35.500,4580.8000,6071,0,104507400.000,0,-,-,-,-,4579.8000,4579.0000,4578.4000,4578.2000,4578.0000,4581.8000,4582.0000,4582.2000,4584.8000,4586.0000,1,1,1,1,1,2,2,1,1,2
SF,IF2103,2020-08-28 09:34:36.000,4580.8000,6071,0,104507400.000,0,-,-,-,-,4579.8000,4579.0000,4578.4000,4578.2000,4578.0000,4581.6000,4582.0000,4584.8000,4586.0000,4586.2000,1,1,1,1,1,1,1,1,2,1
SF,IF2103,2020-08-28 09:34:36.500,4580.8000,6071,0,104507400.000,0,-,-,-,-,4579.8000,4579.0000,4578.4000,4578.2000,4578.0000,4581.2000,4581.6000,4582.0000,4584.8000,4586.0000,1,1,1,1,1,1,1,1,1,2
SF,IF2103,2020-08-28 09:34:37.000,4580.8000,6071,0,104507400.000,0,-,-,-,-,4579.8000,4578.4000,4578.2000,4578.0000,4576.2000,4581.6000,4582.0000,4584.8000,4586.0000,4586.2000,1,1,1,1,3,1,1,1,2,1
SF,IF2103,2020-08-28 09:34:37.500,4580.8000,6071,0,104507400.000,0,-,-,-,-,4579.8000,4578.4000,4578.2000,4578.0000,4576.2000,4581.2000,4581.6000,4582.0000,4584.8000,4586.0000,1,1,1,1,3,1,1,1,1,2
SF,IF2103,2020-08-28 09:34:38.000,4580.8000,6071,0,104507400.000,0,-,-,-,-,4579.8000,4578.4000,4578.2000,4578.0000,4576.2000,4581.6000,4584.8000,4586.0000,4586.2000,4586.4000,1,1,1,1,3,1,1,2,1,2
SF,IF2103,2020-08-28 09:34:38.500,4580.8000,6071,0,104507400.000,0,-,-,-,-,4579.8000,4578.4000,4578.2000,4578.0000,4576.2000,4584.8000,4586.0000,4586.2000,4586.4000,4586.6000,1,1,1,1,3,1,2,1,2,1
SF,IF2103,2020-08-28 09:34:39.000,4580.8000,6071,0,104507400.000,0,-,-,-,-,4580.0000,4579.8000,4578.4000,4578.2000,4578.0000,4583.6000,4584.2000,4584.6000,4584.8000,4586.4000,2,1,1,1,1,1,3,5,1,2
SF,IF2103,2020-08-28 09:34:39.500,4580.8000,6071,0,104507400.000,0,-,-,-,-,4580.2000,4580.0000,4578.4000,4578.2000,4578.0000,4583.0000,4583.4000,4583.6000,4584.2000,4584.6000,1,2,1,1,1,1,1,1,2,4
SF,IF2103,2020-08-28 09:34:40.000,4580.8000,6071,0,104507400.000,0,-,-,-,-,4580.4000,4578.4000,4578.2000,4578.0000,4576.2000,4582.8000,4583.0000,4584.2000,4584.6000,4584.8000,1,1,1,1,3,1,1,2,4,1
SF,IF2103,2020-08-28 09:34:40.500,4580.4000,6070,-1,105881520.000,1,0,1,双平,S,4578.4000,4578.2000,4578.0000,4576.2000,4575.2000,4582.4000,4582.6000,4582.8000,4584.2000,4584.6000,1,1,1,3,1,3,4,1,1,4
SF,IF2103,2020-08-28 09:34:41.000,4580.4000,6070,0,105881520.000,0,-,-,-,-,4578.6000,4578.4000,4578.2000,4578.0000,4576.2000,4582.2000,4582.4000,4582.6000,4584.2000,4584.6000,2,1,1,1,3,3,1,3,1,4
SF,IF2103,2020-08-28 09:34:41.500,4580.4000,6070,0,105881520.000,0,-,-,-,-,4578.6000,4578.4000,4578.2000,4578.0000,4576.2000,4582.0000,4582.2000,4582.6000,4584.2000,4584.6000,2,1,1,1,3,1,3,2,1,4
SF,IF2103,2020-08-28 09:34:42.000,4580.4000,6070,0,105881520.000,0,-,-,-,-,4578.6000,4578.4000,4578.2000,4578.0000,4576.2000,4581.8000,4582.0000,4582.2000,4582.6000,4584.2000,2,1,1,1,3,2,1,1,2,1
SF,IF2103,2020-08-28 09:34:42.500,4580.4000,6070,0,105881520.000,0,-,-,-,-,4578.6000,4578.4000,4578.2000,4578.0000,4576.2000,4581.6000,4581.8000,4582.0000,4582.2000,4582.6000,2,1,1,1,3,1,2,1,1,1
SF,IF2103,2020-08-28 09:34:43.000,4580.4000,6070,0,105881520.000,0,-,-,-,-,4578.8000,4578.6000,4578.4000,4578.2000,4578.0000,4581.4000,4582.2000,4582.6000,4584.2000,4584.6000,1,1,1,1,1,1,1,1,1,4
SF,IF2103,2020-08-28 09:34:43.500,4579.0000,6070,0,107255220.000,1,0,1,多换,S,4578.8000,4578.4000,4578.2000,4578.0000,4576.2000,4581.4000,4582.6000,4584.2000,4584.6000,4584.8000,1,1,1,1,3,1,1,1,4,1
SF,IF2103,2020-08-28 09:34:44.000,4579.0000,6070,0,107255220.000,0,-,-,-,-,4579.2000,4579.0000,4578.8000,4578.4000,4578.2000,4581.4000,4584.2000,4584.6000,4584.8000,4586.4000,1,1,1,1,1,1,1,4,1,2
SF,IF2103,2020-08-28 09:34:44.500,4579.0000,6070,0,107255220.000,0,-,-,-,-,4579.4000,4578.8000,4578.4000,4578.2000,4578.0000,4581.4000,4584.2000,4584.6000,4584.8000,4586.4000,1,1,1,1,1,1,1,4,1,2
SF,IF2103,2020-08-28 09:34:45.000,4579.0000,6070,0,107255220.000,0,-,-,-,-,4579.4000,4578.8000,4578.4000,4578.2000,4578.0000,4581.4000,4584.2000,4584.6000,4584.8000,4586.4000,1,1,1,1,1,1,1,4,1,2
SF,IF2103,2020-08-28 09:34:45.500,4579.0000,6070,0,107255220.000,0,-,-,-,-,4579.4000,4578.8000,4578.4000,4578.2000,4578.0000,4581.4000,4584.2000,4584.6000,4584.8000,4586.4000,1,1,1,1,1,1,1,3,1,2
SF,IF2103,2020-08-28 09:34:47.500,4579.0000,6070,0,107255220.000,0,-,-,-,-,4579.4000,4578.8000,4578.4000,4578.2000,4578.0000,4581.4000,4584.2000,4584.6000,4584.8000,4586.4000,1,1,1,1,1,1,1,3,1,2
SF,IF2103,2020-08-28 09:34:48.000,4579.0000,6070,0,107255220.000,0,-,-,-,-,4578.8000,4578.4000,4578.2000,4578.0000,4576.2000,4581.4000,4584.2000,4584.6000,4584.8000,4586.4000,1,1,1,1,3,1,1,3,1,2
SF,IF2103,2020-08-28 09:34:48.500,4579.0000,6070,0,107255220.000,0,-,-,-,-,4579.0000,4578.8000,4578.4000,4578.2000,4578.0000,4581.4000,4584.2000,4584.6000,4584.8000,4586.4000,2,1,1,1,1,1,1,3,1,2
SF,IF2103,2020-08-28 09:34:49.500,4579.0000,6070,0,107255220.000,0,-,-,-,-,4579.2000,4579.0000,4578.8000,4578.4000,4578.2000,4581.2000,4581.4000,4584.2000,4584.6000,4584.8000,1,1,1,1,1,1,1,1,3,1
SF,IF2103,2020-08-28 09:34:50.000,4579.0000,6070,0,107255220.000,0,-,-,-,-,4579.0000,4578.8000,4578.4000,4578.2000,4578.0000,4581.0000,4581.2000,4584.2000,4584.6000,4584.8000,1,1,1,1,1,3,1,1,3,1
SF,IF2103,2020-08-28 09:34:50.500,4579.0000,6070,0,107255220.000,0,-,-,-,-,4578.8000,4578.4000,4578.2000,4578.0000,4576.2000,4580.8000,4581.0000,4581.2000,4584.2000,4584.6000,1,1,1,1,3,3,1,1,1,3
SF,IF2103,2020-08-28 09:34:51.000,4579.0000,6070,0,107255220.000,0,-,-,-,-,4578.4000,4578.2000,4578.0000,4576.2000,4575.2000,4580.6000,4580.8000,4581.2000,4584.2000,4584.6000,1,1,1,3,1,3,1,1,1,3
SF,IF2103,2020-08-28 09:34:51.500,4579.0000,6070,0,107255220.000,0,-,-,-,-,4578.4000,4578.2000,4578.0000,4576.2000,4575.2000,4580.6000,4581.2000,4584.2000,4584.6000,4584.8000,1,1,1,3,1,3,1,1,3,1
SF,IF2103,2020-08-28 09:34:53.000,4579.0000,6070,0,107255220.000,0,-,-,-,-,4578.4000,4578.2000,4578.0000,4577.0000,4576.2000,4580.6000,4581.2000,4584.2000,4584.6000,4584.8000,1,1,1,1,3,3,1,1,3,1
SF,IF2103,2020-08-28 09:34:54.000,4579.0000,6070,0,107255220.000,0,-,-,-,-,4578.4000,4578.2000,4578.0000,4577.0000,4576.2000,4580.6000,4581.2000,4584.2000,4584.6000,4584.8000,1,1,1,1,3,1,1,1,3,1
SF,IF2103,2020-08-28 09:34:55.000,4579.0000,6070,0,107255220.000,0,-,-,-,-,4578.8000,4578.4000,4578.2000,4578.0000,4576.2000,4580.6000,4581.2000,4584.2000,4584.6000,4584.8000,1,1,1,1,3,1,1,1,3,1
SF,IF2103,2020-08-28 09:34:56.000,4580.6000,6069,-1,108629400.000,1,0,1,双平,S,4578.8000,4578.4000,4578.2000,4578.0000,4576.2000,4581.2000,4584.2000,4584.6000,4584.8000,4586.4000,1,1,1,1,3,1,1,3,1,2
SF,IF2103,2020-08-28 09:34:56.500,4580.6000,6069,0,108629400.000,0,-,-,-,-,4579.0000,4578.8000,4578.4000,4578.2000,4578.0000,4581.0000,4581.2000,4584.2000,4584.6000,4584.8000,2,1,1,1,1,1,1,1,3,1
SF,IF2103,2020-08-28 09:34:57.000,4580.6000,6069,0,108629400.000,0,-,-,-,-,4579.2000,4579.0000,4578.8000,4578.4000,4578.2000,4581.0000,4581.2000,4584.2000,4584.6000,4584.8000,1,2,1,1,1,1,1,1,3,1
SF,IF2103,2020-08-28 09:34:57.500,4580.6000,6069,0,108629400.000,0,-,-,-,-,4579.4000,4579.2000,4579.0000,4578.8000,4578.4000,4581.0000,4581.2000,4584.2000,4584.6000,4584.8000,1,1,1,1,1,1,1,1,3,1
SF,IF2103,2020-08-28 09:34:58.000,4580.6000,6069,0,108629400.000,0,-,-,-,-,4579.4000,4579.0000,4578.8000,4578.4000,4578.2000,4580.8000,4581.0000,4581.2000,4584.2000,4584.6000,1,1,1,1,1,1,1,1,1,3
SF,IF2103,2020-08-28 09:34:58.500,4578.8000,6066,-3,112750560.000,3,0,3,双平,S,4578.4000,4578.2000,4578.0000,4576.2000,4575.2000,4580.6000,4580.8000,4581.0000,4581.2000,4584.2000,1,1,1,3,1,1,1,1,1,1
SF,IF2103,2020-08-28 09:34:59.000,4578.8000,6066,0,112750560.000,0,-,-,-,-,4578.6000,4578.4000,4578.0000,4576.2000,4575.2000,4580.4000,4580.6000,4581.2000,4584.2000,4584.6000,1,1,1,3,1,1,1,1,1,3
SF,IF2103,2020-08-28 09:34:59.500,4578.8000,6066,0,112750560.000,0,-,-,-,-,4578.4000,4578.0000,4576.2000,4575.2000,4573.0000,4580.2000,4580.4000,4581.2000,4584.2000,4584.6000,1,1,3,1,1,1,1,1,1,3
SF,IF2103,2020-08-28 09:35:00.000,4578.8000,6066,0,112750560.000,0,-,-,-,-,4578.6000,4578.4000,4578.0000,4576.2000,4575.2000,4580.0000,4580.2000,4581.2000,4584.2000,4584.6000,1,1,1,3,1,1,1,1,1,3
SF,IF2103,2020-08-28 09:35:00.500,4580.2000,6065,-1,115498620.000,2,0,2,多平,S,4578.4000,4576.2000,4575.2000,4573.0000,4570.0000,4581.2000,4584.2000,4584.6000,4584.8000,4586.4000,1,3,1,1,6,1,1,3,1,2
SF,IF2103,2020-08-28 09:35:01.000,4580.2000,6065,0,115498620.000,0,-,-,-,-,4578.6000,4578.4000,4576.2000,4575.2000,4573.0000,4581.0000,4584.2000,4584.6000,4584.8000,4586.4000,1,1,3,1,1,2,1,3,1,2
SF,IF2103,2020-08-28 09:35:01.500,4580.2000,6065,0,115498620.000,0,-,-,-,-,4579.0000,4578.6000,4578.4000,4576.2000,4575.2000,4581.0000,4584.2000,4584.6000,4584.8000,4586.4000,1,1,1,3,1,2,1,3,1,2
SF,IF2103,2020-08-28 09:35:02.000,4580.2000,6065,0,115498620.000,0,-,-,-,-,4579.2000,4578.4000,4576.2000,4575.2000,4573.0000,4580.8000,4581.0000,4584.2000,4584.6000,4584.8000,1,1,3,1,1,1,1,1,3,1
SF,IF2103,2020-08-28 09:35:02.500,4580.2000,6065,0,115498620.000,0,-,-,-,-,4579.4000,4579.2000,4578.4000,4576.2000,4575.2000,4584.2000,4584.6000,4584.8000,4586.4000,4586.6000,1,1,1,3,1,1,3,1,2,1
SF,IF2103,2020-08-28 09:35:03.000,4580.2000,6065,0,115498620.000,0,-,-,-,-,4579.6000,4578.4000,4576.2000,4575.2000,4573.0000,4583.0000,4583.6000,4583.8000,4584.0000,4584.2000,1,1,3,1,1,1,3,1,2,1
SF,IF2103,2020-08-28 09:35:03.500,4580.2000,6065,0,115498620.000,0,-,-,-,-,4578.4000,4576.2000,4575.2000,4573.0000,4570.0000,4582.0000,4582.4000,4582.6000,4582.8000,4583.0000,1,3,1,1,6,1,3,1,2,1
SF,IF2103,2020-08-28 09:35:04.000,4580.2000,6065,0,115498620.000,0,-,-,-,-,4578.6000,4578.4000,4576.2000,4575.2000,4573.0000,4581.8000,4582.6000,4583.8000,4584.6000,4584.8000,2,1,3,1,1,5,1,1,3,1
SF,IF2103,2020-08-28 09:35:04.500,4580.2000,6065,0,115498620.000,0,-,-,-,-,4578.6000,4578.4000,4576.2000,4575.2000,4573.0000,4581.8000,4582.6000,4583.8000,4584.6000,4584.8000,2,1,3,1,1,2,1,1,3,1
SF,IF2103,2020-08-28 09:35:05.000,4580.2000,6065,0,115498620.000,0,-,-,-,-,4578.8000,4578.6000,4578.4000,4576.2000,4575.2000,4581.8000,4583.8000,4584.6000,4584.8000,4586.4000,1,2,1,3,1,1,1,3,1,2
SF,IF2103,2020-08-28 09:35:05.500,4580.2000,6065,0,115498620.000,0,-,-,-,-,4579.0000,4578.8000,4578.4000,4576.2000,4575.2000,4583.8000,4584.6000,4584.8000,4586.4000,4586.6000,1,1,1,3,1,1,3,1,2,1
SF,IF2103,2020-08-28 09:35:06.000,4580.2000,6065,0,115498620.000,0,-,-,-,-,4580.4000,4579.8000,4579.2000,4579.0000,4578.4000,4583.0000,4583.2000,4583.6000,4584.6000,4584.8000,1,1,4,1,1,1,3,1,3,1
SF,IF2103,2020-08-28 09:35:06.500,4580.2000,6065,0,115498620.000,0,-,-,-,-,4580.6000,4580.4000,4579.8000,4579.2000,4578.4000,4583.2000,4583.6000,4584.6000,4586.4000,4586.6000,2,1,1,2,1,2,1,3,2,1
SF,IF2103,2020-08-28 09:35:07.000,4580.2000,6065,0,115498620.000,0,-,-,-,-,4580.8000,4580.6000,4580.4000,4579.8000,4579.2000,4583.6000,4586.4000,4586.6000,4589.6000,4589.8000,1,3,1,1,2,1,2,1,2,1
SF,IF2103,2020-08-28 09:35:07.500,4583.6000,6064,-1,116873700.000,1,0,1,双平,S,4581.0000,4580.8000,4580.6000,4580.4000,4579.8000,4586.4000,4586.6000,4589.6000,4589.8000,4592.2000,2,1,1,1,1,1,1,2,1,8
SF,IF2103,2020-08-28 09:35:08.000,4583.6000,6064,0,116873700.000,0,-,-,-,-,4581.4000,4581.2000,4581.0000,4580.6000,4580.4000,4585.6000,4585.8000,4586.2000,4586.4000,4586.6000,1,2,2,1,1,1,4,1,1,1
SF,IF2103,2020-08-28 09:35:08.500,4583.6000,6064,0,116873700.000,0,-,-,-,-,4582.0000,4581.8000,4581.6000,4581.4000,4581.2000,4585.2000,4585.4000,4585.6000,4585.8000,4586.6000,1,1,3,1,2,3,1,1,1,1
SF,IF2103,2020-08-28 09:35:09.000,4583.6000,6064,0,116873700.000,0,-,-,-,-,4582.2000,4582.0000,4581.6000,4581.4000,4581.2000,4585.0000,4585.2000,4585.8000,4586.6000,4589.6000,2,1,1,1,2,1,3,1,1,2
SF,IF2103,2020-08-28 09:35:09.500,4583.6000,6064,0,116873700.000,0,-,-,-,-,4582.2000,4582.0000,4581.4000,4581.2000,4580.4000,4585.0000,4585.2000,4585.8000,4586.6000,4589.6000,2,1,1,2,1,1,3,1,1,2
