市场代码,合约代码,时间,最新,持仓,增仓,成交额,成交量,开仓,平仓,成交类型,方向,买一价,买二价,买三价,买四价,买五价,卖一价,卖二价,卖三价,卖四价,卖五价,买一量,买二量,买三量,买四量,买五量,卖一量,卖二量,卖三量,卖四量,卖五量
SF,IF2106,2020-10-26 09:29:00.000,4549.8000,2600,0,1364940.000,1.000,-,-,-,-,4539.8000,4531.6000,4531.0000,4526.0000,4525.4000,4550.0000,4552.0000,4557.2000,4557.8000,4558.2000,1,1,1,1,3,1,2,1,1,3
SF,IF2106,2020-10-26 09:30:00.500,4539.8000,2601,1,2726880.000,1,1,0,双开,S,4531.0000,4526.0000,4525.2000,4518.4000,4514.8000,4538.8000,4539.0000,4543.6000,4545.0000,4548.8000,1,1,1,1,2,1,1,2,1,2
SF,IF2106,2020-10-26 09:30:01.000,4531.0000,2600,-1,5445540.000,2,0,2,多平,S,4526.0000,4525.2000,4513.8000,4505.4000,4505.0000,4533.6000,4534.2000,4534.4000,4538.6000,4538.8000,1,1,1,3,3,1,1,1,1,1
SF,IF2106,2020-10-26 09:30:01.500,4531.0000,2600,0,5445540.000,0,-,-,-,-,4526.0000,4513.8000,4505.4000,4505.0000,4503.2000,4527.6000,4528.8000,4529.2000,4533.4000,4538.8000,1,1,3,3,1,1,1,1,2,1
SF,IF2106,2020-10-26 09:30:02.000,4527.6000,2599,-1,6803820.000,1,0,1,双平,S,4526.2000,4526.0000,4513.8000,4505.4000,4505.0000,4533.4000,4534.4000,4538.8000,4539.0000,4545.0000,1,1,1,3,3,2,1,1,1,1
SF,IF2106,2020-10-26 09:30:02.500,4527.6000,2599,0,6803820.000,0,-,-,-,-,4526.2000,4526.0000,4513.8000,4510.0000,4505.4000,4528.8000,4529.2000,4533.4000,4538.8000,4540.0000,1,1,1,5,3,1,1,2,1,5
SF,IF2106,2020-10-26 09:30:03.000,4526.4000,2599,0,9519600.000,2,1,1,多换,S,4526.0000,4513.8000,4505.4000,4505.0000,4501.0000,4526.2000,4529.2000,4533.4000,4538.8000,4540.0000,1,1,3,8,2,1,2,1,1,5
SF,IF2106,2020-10-26 09:30:03.500,4526.0000,2598,-1,12235260.000,2,0,2,多平,S,4513.8000,4505.4000,4505.0000,4501.0000,4476.0000,4533.4000,4538.8000,4540.0000,4545.0000,4550.0000,1,3,8,2,1,1,1,5,1,1
SF,IF2106,2020-10-26 09:30:04.000,4526.0000,2598,0,12235260.000,0,-,-,-,-,4521.0000,4519.2000,4516.2000,4514.0000,4513.8000,4526.6000,4533.2000,4533.4000,4538.8000,4540.0000,1,1,3,1,1,3,2,1,1,5
SF,IF2106,2020-10-26 09:30:04.500,4526.0000,2598,0,12235260.000,0,-,-,-,-,4521.2000,4521.0000,4519.2000,4516.2000,4513.8000,4530.0000,4533.2000,4538.8000,4545.0000,4550.0000,2,1,1,3,1,5,2,1,1,1
SF,IF2106,2020-10-26 09:30:05.000,4526.0000,2598,0,12235260.000,0,-,-,-,-,4521.2000,4513.8000,4505.4000,4505.0000,4501.0000,4526.6000,4529.8000,4530.0000,4538.8000,4545.0000,2,1,3,8,2,3,1,5,1,1
SF,IF2106,2020-10-26 09:30:05.500,4526.0000,2598,0,12235260.000,0,-,-,-,-,4521.2000,4505.4000,4505.0000,4501.0000,4476.0000,4526.6000,4529.8000,4530.0000,4538.8000,4545.0000,2,3,8,2,1,3,1,5,1,1
SF,IF2106,2020-10-26 09:30:06.000,4526.0000,2598,0,12235260.000,0,-,-,-,-,4521.2000,4505.4000,4505.0000,4501.0000,4476.0000,4525.8000,4526.4000,4526.6000,4530.0000,4538.8000,1,3,8,2,1,1,2,3,5,1
SF,IF2106,2020-10-26 09:30:06.500,4526.0000,2598,0,12235260.000,0,-,-,-,-,4505.4000,4505.0000,4501.0000,4476.0000,4460.2000,4525.6000,4526.6000,4530.0000,4538.8000,4545.0000,3,8,2,1,2,2,3,5,1,1
SF,IF2106,2020-10-26 09:30:07.000,4526.0000,2598,0,12235260.000,0,-,-,-,-,4518.8000,4516.8000,4513.6000,4505.6000,4505.4000,4525.6000,4526.6000,4530.0000,4538.8000,4545.0000,1,1,3,3,3,2,3,5,1,1
SF,IF2106,2020-10-26 09:30:07.500,4526.0000,2598,0,12235260.000,0,-,-,-,-,4519.0000,4516.8000,4505.6000,4505.4000,4505.0000,4524.0000,4525.2000,4525.6000,4530.0000,4538.8000,1,1,2,3,8,3,1,2,5,1
SF,IF2106,2020-10-26 09:30:08.000,4526.0000,2598,0,13593060.000,1,0,1,多换,S,4519.0000,4516.8000,4505.6000,4505.4000,4505.0000,4523.8000,4524.0000,4524.6000,4530.0000,4538.8000,1,1,2,3,8,1,3,1,5,1
SF,IF2106,2020-10-26 09:30:08.500,4526.0000,2598,0,13593060.000,0,-,-,-,-,4519.0000,4516.8000,4505.6000,4505.4000,4505.0000,4523.6000,4523.8000,4524.0000,4530.0000,4538.8000,1,1,2,3,8,1,1,3,5,1
SF,IF2106,2020-10-26 09:30:09.000,4526.0000,2598,0,13593060.000,0,-,-,-,-,4519.0000,4505.6000,4505.4000,4505.0000,4501.0000,4523.4000,4523.6000,4524.0000,4530.0000,4538.8000,1,2,3,8,2,1,2,3,5,1
SF,IF2106,2020-10-26 09:30:09.500,4526.0000,2598,0,13593060.000,0,-,-,-,-,4519.0000,4505.6000,4505.4000,4505.0000,4501.0000,4522.8000,4523.2000,4523.4000,4524.0000,4530.0000,1,2,3,8,2,1,2,1,2,5
SF,IF2106,2020-10-26 09:30:10.000,4524.2000,2598,0,14950320.000,1,0,1,多换,S,4519.0000,4506.0000,4505.6000,4505.4000,4505.0000,4521.4000,4522.2000,4522.6000,4523.2000,4530.0000,1,5,2,3,8,2,1,2,1,5
SF,IF2106,2020-10-26 09:30:10.500,4519.0000,2597,-1,16306020.000,1,0,1,双平,S,4506.0000,4505.4000,4505.0000,4501.0000,4476.0000,4521.4000,4522.6000,4530.0000,4550.0000,4552.0000,5,3,8,2,1,2,2,5,1,2
SF,IF2106,2020-10-26 09:30:11.000,4521.2000,2596,-1,17662380.000,1,0,1,双平,S,4516.6000,4516.2000,4514.4000,4511.0000,4506.2000,4521.2000,4521.4000,4530.0000,4550.0000,4559.8000,1,1,1,2,3,1,2,5,1,1
SF,IF2106,2020-10-26 09:30:11.500,4521.2000,2596,0,17662380.000,0,-,-,-,-,4516.8000,4514.4000,4506.0000,4505.4000,4505.0000,4521.2000,4521.4000,4524.0000,4530.0000,4550.0000,2,1,5,3,5,1,2,1,5,1
SF,IF2106,2020-10-26 09:30:12.000,4521.2000,2596,0,17662380.000,0,-,-,-,-,4516.8000,4514.4000,4506.0000,4505.4000,4501.0000,4521.4000,4524.0000,4530.0000,4550.0000,4559.8000,2,1,5,3,2,2,1,5,1,1
SF,IF2106,2020-10-26 09:30:12.500,4521.2000,2596,0,17662380.000,0,-,-,-,-,4516.8000,4514.4000,4506.0000,4505.4000,4501.0000,4520.2000,4521.4000,4524.0000,4530.0000,4550.0000,2,1,5,3,2,1,2,1,5,1
SF,IF2106,2020-10-26 09:30:13.000,4520.4000,2595,-1,19018500.000,1,0,1,双平,S,4516.8000,4514.4000,4505.4000,4501.0000,4500.6000,4524.0000,4530.0000,4550.0000,4559.8000,4584.6000,1,1,3,2,5,1,5,1,1,5
SF,IF2106,2020-10-26 09:30:13.500,4520.4000,2595,0,19018500.000,0,-,-,-,-,4517.0000,4516.8000,4514.4000,4505.4000,4501.0000,4524.0000,4530.0000,4550.0000,4559.8000,4584.6000,2,1,1,3,2,3,5,1,1,5
SF,IF2106,2020-10-26 09:30:14.000,4520.4000,2595,0,19018500.000,0,-,-,-,-,4517.4000,4517.2000,4517.0000,4505.4000,4501.0000,4523.8000,4524.0000,4530.0000,4550.0000,4559.8000,1,1,1,3,2,1,2,5,1,1
SF,IF2106,2020-10-26 09:30:14.500,4520.4000,2595,0,19018500.000,0,-,-,-,-,4517.8000,4517.6000,4505.4000,4501.0000,4500.6000,4524.0000,4526.0000,4530.0000,4550.0000,4559.8000,1,2,3,2,5,2,1,5,1,1
SF,IF2106,2020-10-26 09:30:15.000,4518.0000,2594,-1,20373900.000,1,0,1,双平,S,4518.0000,4517.8000,4505.4000,4501.0000,4500.6000,4523.8000,4524.0000,4526.0000,4527.4000,4530.0000,1,1,3,2,5,1,2,1,1,5
SF,IF2106,2020-10-26 09:30:15.500,4518.0000,2594,0,20373900.000,0,-,-,-,-,4518.0000,4505.4000,4501.0000,4500.6000,4500.0000,4523.8000,4524.0000,4526.0000,4527.4000,4530.0000,1,3,2,5,5,1,2,1,1,5
SF,IF2106,2020-10-26 09:30:16.000,4518.0000,2593,-1,21729300.000,1,0,1,双平,S,4505.4000,4501.0000,4500.6000,4500.0000,4476.0000,4521.4000,4523.6000,4523.8000,4526.0000,4527.4000,3,2,5,5,1,2,1,1,1,1
SF,IF2106,2020-10-26 09:30:16.500,4518.0000,2593,0,21729300.000,0,-,-,-,-,4516.2000,4514.4000,4511.0000,4505.6000,4505.4000,4518.0000,4521.2000,4521.4000,4526.0000,4530.0000,1,1,2,3,3,1,2,2,1,5
SF,IF2106,2020-10-26 09:30:17.000,4518.0000,2593,0,23084700.000,1,0,1,多换,S,4516.2000,4514.4000,4511.0000,4505.6000,4505.4000,4521.2000,4521.4000,4526.0000,4530.0000,4550.0000,1,1,2,2,3,1,2,1,5,1
SF,IF2106,2020-10-26 09:30:17.500,4518.0000,2593,0,23084700.000,0,-,-,-,-,4516.6000,4516.4000,4516.2000,4516.0000,4511.0000,4521.2000,4526.0000,4530.0000,4550.0000,4559.8000,1,1,1,1,2,1,1,5,1,1
SF,IF2106,2020-10-26 09:30:18.000,4521.2000,2592,-1,24441060.000,1,0,1,双平,S,4516.8000,4516.6000,4516.2000,4516.0000,4511.0000,4530.0000,4550.0000,4559.8000,4584.6000,4604.0000,2,1,1,1,2,5,1,1,5,1
SF,IF2106,2020-10-26 09:30:18.500,4521.2000,2592,0,24441060.000,0,-,-,-,-,4516.8000,4516.6000,4516.2000,4516.0000,4511.0000,4524.0000,4529.8000,4530.0000,4550.0000,4559.8000,2,1,1,1,1,2,1,5,1,1
SF,IF2106,2020-10-26 09:30:19.000,4521.2000,2592,0,24441060.000,0,-,-,-,-,4520.0000,4518.8000,4517.4000,4516.8000,4516.0000,4529.8000,4530.0000,4550.0000,4559.8000,4584.6000,1,2,1,2,1,1,5,1,1,5
SF,IF2106,2020-10-26 09:30:19.500,4521.2000,2592,0,24441060.000,0,-,-,-,-,4520.2000,4520.0000,4518.2000,4516.0000,4508.0000,4526.6000,4529.8000,4530.0000,4550.0000,4559.8000,2,1,1,1,5,2,1,5,1,1
SF,IF2106,2020-10-26 09:30:20.000,4521.2000,2592,0,24441060.000,0,-,-,-,-,4520.2000,4520.0000,4518.6000,4516.0000,4508.0000,4526.4000,4526.6000,4530.0000,4550.0000,4559.8000,2,1,1,1,5,1,2,5,1,1
SF,IF2106,2020-10-26 09:30:20.500,4521.2000,2592,0,24441060.000,0,-,-,-,-,4520.2000,4520.0000,4519.8000,4516.0000,4508.0000,4524.0000,4524.6000,4526.4000,4530.0000,4550.0000,1,1,1,1,5,2,1,1,5,1
SF,IF2106,2020-10-26 09:30:21.000,4524.0000,2590,-2,27155400.000,2,0,2,双平,S,4520.4000,4520.2000,4520.0000,4516.0000,4508.0000,4524.6000,4530.0000,4536.8000,4550.0000,4559.8000,1,1,1,1,5,1,5,5,1,1
SF,IF2106,2020-10-26 09:30:21.500,4524.0000,2590,0,27155400.000,0,-,-,-,-,4520.6000,4520.4000,4520.0000,4508.0000,4505.6000,4524.0000,4524.4000,4524.6000,4530.0000,4536.8000,1,1,1,5,2,1,1,1,5,5
SF,IF2106,2020-10-26 09:30:22.000,4524.0000,2590,0,27155400.000,0,-,-,-,-,4520.6000,4520.0000,4508.0000,4505.6000,4505.4000,4523.8000,4524.0000,4524.6000,4530.0000,4536.8000,1,1,5,2,3,1,1,1,5,5
SF,IF2106,2020-10-26 09:30:23.000,4520.6000,2589,-1,28511580.000,1,0,1,双平,S,4520.0000,4508.0000,4505.6000,4505.4000,4501.0000,4523.8000,4524.0000,4524.6000,4527.4000,4530.0000,1,5,2,3,2,1,1,1,2,5
SF,IF2106,2020-10-26 09:30:23.500,4520.0000,2588,-1,29867580.000,1,0,1,双平,S,4508.0000,4505.6000,4501.0000,4500.0000,4476.0000,4521.4000,4523.6000,4523.8000,4527.4000,4530.0000,5,2,2,5,1,1,1,1,2,5
SF,IF2106,2020-10-26 09:30:24.000,4520.0000,2588,0,29867580.000,0,-,-,-,-,4514.4000,4513.6000,4508.4000,4508.2000,4508.0000,4519.8000,4521.2000,4521.4000,4527.4000,4530.0000,1,2,1,1,5,1,2,1,2,5
SF,IF2106,2020-10-26 09:30:24.500,4520.0000,2588,0,29867580.000,0,-,-,-,-,4514.6000,4514.4000,4513.6000,4508.4000,4508.0000,4519.6000,4519.8000,4521.4000,4527.4000,4530.0000,1,1,2,1,5,1,1,1,2,5
SF,IF2106,2020-10-26 09:30:25.500,4520.0000,2588,0,29867580.000,0,-,-,-,-,4514.6000,4513.6000,4508.4000,4508.0000,4501.0000,4519.6000,4519.8000,4521.4000,4527.4000,4530.0000,1,1,1,5,2,1,1,1,2,5
SF,IF2106,2020-10-26 09:30:26.000,4520.0000,2588,0,29867580.000,0,-,-,-,-,4514.6000,4513.6000,4508.4000,4508.0000,4501.0000,4519.4000,4519.6000,4519.8000,4521.4000,4527.4000,1,1,1,5,2,1,1,1,1,2
SF,IF2106,2020-10-26 09:30:26.500,4520.0000,2588,0,29867580.000,0,-,-,-,-,4514.6000,4513.6000,4508.4000,4508.0000,4501.0000,4519.2000,4521.4000,4527.4000,4530.0000,4536.8000,1,1,1,5,2,1,1,2,5,5
SF,IF2106,2020-10-26 09:30:27.000,4520.0000,2588,0,31223580.000,1,0,1,多换,S,4514.8000,4514.6000,4513.6000,4509.2000,4508.4000,4521.4000,4527.4000,4530.0000,4536.8000,4550.0000,1,1,1,1,1,1,2,5,5,1
SF,IF2106,2020-10-26 09:30:27.500,4520.0000,2588,0,31223580.000,0,-,-,-,-,4515.0000,4514.8000,4513.6000,4509.2000,4508.4000,4521.2000,4521.4000,4527.4000,4530.0000,4536.8000,1,1,1,1,1,1,1,2,5,5
SF,IF2106,2020-10-26 09:30:28.000,4520.0000,2588,0,31223580.000,0,-,-,-,-,4515.2000,4515.0000,4513.6000,4509.2000,4508.4000,4521.2000,4521.4000,4527.4000,4530.0000,4536.8000,1,1,1,1,1,1,1,2,5,5
SF,IF2106,2020-10-26 09:30:28.500,4520.0000,2588,0,31223580.000,0,-,-,-,-,4515.4000,4515.2000,4513.6000,4509.2000,4508.4000,4521.2000,4521.4000,4527.4000,4530.0000,4536.8000,1,1,1,1,1,1,1,2,5,5
SF,IF2106,2020-10-26 09:30:29.000,4520.0000,2588,0,31223580.000,0,-,-,-,-,4515.6000,4515.4000,4513.6000,4509.2000,4508.4000,4521.2000,4521.4000,4527.4000,4530.0000,4536.8000,1,1,1,1,1,1,1,2,5,5
SF,IF2106,2020-10-26 09:30:29.500,4520.0000,2588,0,31223580.000,0,-,-,-,-,4515.8000,4515.6000,4513.6000,4509.2000,4508.4000,4521.2000,4521.4000,4527.4000,4530.0000,4536.8000,1,1,1,1,1,1,1,2,5,5
SF,IF2106,2020-10-26 09:30:30.000,4520.0000,2588,0,31223580.000,0,-,-,-,-,4516.0000,4515.8000,4513.6000,4509.2000,4508.4000,4520.6000,4521.2000,4521.4000,4527.4000,4530.0000,1,1,1,1,1,1,1,1,2,5
SF,IF2106,2020-10-26 09:30:30.500,4520.0000,2588,0,31223580.000,0,-,-,-,-,4516.2000,4516.0000,4513.6000,4509.2000,4508.4000,4520.4000,4521.4000,4527.4000,4530.0000,4536.8000,1,1,1,1,1,1,1,2,5,5
SF,IF2106,2020-10-26 09:30:31.000,4520.0000,2588,0,31223580.000,0,-,-,-,-,4516.4000,4516.2000,4513.6000,4509.2000,4508.4000,4520.4000,4521.4000,4527.4000,4530.0000,4536.8000,1,1,1,1,1,1,1,2,5,5
SF,IF2106,2020-10-26 09:30:31.500,4520.0000,2588,0,31223580.000,0,-,-,-,-,4516.4000,4516.2000,4513.6000,4509.2000,4508.4000,4518.8000,4520.4000,4527.4000,4530.0000,4536.8000,1,1,1,1,1,1,1,2,5,5
SF,IF2106,2020-10-26 09:30:32.000,4520.0000,2588,0,31223580.000,0,-,-,-,-,4509.2000,4508.0000,4501.0000,4500.0000,4476.0000,4518.6000,4518.8000,4527.4000,4530.0000,4536.8000,1,5,2,5,1,1,1,2,5,5
SF,IF2106,2020-10-26 09:30:32.500,4520.0000,2588,0,31223580.000,0,-,-,-,-,4512.6000,4512.2000,4511.0000,4509.4000,4509.2000,4518.8000,4527.4000,4530.0000,4536.8000,4550.0000,1,1,1,2,1,1,2,5,5,1
SF,IF2106,2020-10-26 09:30:33.000,4520.0000,2588,0,31223580.000,0,-,-,-,-,4512.8000,4512.6000,4512.2000,4511.0000,4509.2000,4518.6000,4518.8000,4527.4000,4530.0000,4536.8000,2,1,1,1,1,1,1,2,5,5
SF,IF2106,2020-10-26 09:30:33.500,4520.0000,2588,0,31223580.000,0,-,-,-,-,4514.4000,4512.8000,4512.2000,4511.0000,4509.2000,4518.6000,4518.8000,4527.4000,4530.0000,4536.8000,1,2,1,1,1,1,1,2,5,5
SF,IF2106,2020-10-26 09:30:34.000,4520.0000,2588,0,31223580.000,0,-,-,-,-,4514.6000,4514.4000,4512.2000,4511.0000,4509.2000,4518.6000,4518.8000,4527.4000,4530.0000,4536.8000,2,1,1,1,1,1,1,2,5,5
SF,IF2106,2020-10-26 09:30:34.500,4520.0000,2588,0,31223580.000,0,-,-,-,-,4514.6000,4514.4000,4512.2000,4511.0000,4508.0000,4518.6000,4518.8000,4527.4000,4530.0000,4536.8000,2,1,1,1,5,1,1,2,5,5
SF,IF2106,2020-10-26 09:30:35.000,4520.0000,2588,0,31223580.000,0,-,-,-,-,4514.6000,4511.0000,4508.0000,4501.0000,4500.0000,4518.6000,4518.8000,4527.4000,4530.0000,4536.8000,2,1,5,2,5,1,1,2,5,5
SF,IF2106,2020-10-26 09:30:36.000,4520.0000,2588,0,31223580.000,0,-,-,-,-,4515.0000,4514.6000,4511.0000,4508.0000,4501.0000,4518.6000,4518.8000,4520.0000,4527.4000,4536.8000,1,2,1,5,2,1,1,5,2,5
SF,IF2106,2020-10-26 09:30:36.500,4520.0000,2588,0,31223580.000,0,-,-,-,-,4515.2000,4515.0000,4511.0000,4508.0000,4501.0000,4518.6000,4518.8000,4520.0000,4527.4000,4536.8000,1,1,1,5,2,1,1,5,2,5
SF,IF2106,2020-10-26 09:30:38.000,4515.2000,2587,-1,32578140.000,1,0,1,双平,S,4515.0000,4508.0000,4501.0000,4495.0000,4476.0000,4516.2000,4518.4000,4518.6000,4520.0000,4527.4000,1,5,2,5,1,1,1,1,5,2
SF,IF2106,2020-10-26 09:30:38.500,4515.0000,2587,0,33932640.000,1,0,1,多换,S,4508.0000,4501.0000,4495.0000,4476.0000,4470.4000,4516.2000,4518.4000,4520.0000,4527.4000,4536.8000,5,2,5,1,7,1,1,5,2,5
SF,IF2106,2020-10-26 09:30:39.000,4515.0000,2587,0,33932640.000,0,-,-,-,-,4512.6000,4510.0000,4508.4000,4508.2000,4508.0000,4516.0000,4516.2000,4520.0000,4527.4000,4536.8000,1,1,1,1,5,3,1,5,2,5
SF,IF2106,2020-10-26 09:30:39.500,4515.0000,2587,0,33932640.000,0,-,-,-,-,4512.6000,4508.4000,4508.2000,4508.0000,4501.0000,4516.0000,4516.2000,4520.0000,4527.4000,4536.8000,1,1,1,5,2,3,1,5,2,5
SF,IF2106,2020-10-26 09:30:40.000,4515.0000,2587,0,33932640.000,0,-,-,-,-,4508.4000,4508.2000,4508.0000,4501.0000,4495.0000,4516.0000,4516.2000,4520.0000,4527.4000,4536.8000,1,1,5,2,5,3,1,5,2,5
SF,IF2106,2020-10-26 09:30:40.500,4515.0000,2587,0,33932640.000,0,-,-,-,-,4510.8000,4508.6000,4508.4000,4501.2000,4501.0000,4516.0000,4516.2000,4520.0000,4527.4000,4536.8000,1,1,1,5,2,2,1,5,2,5
SF,IF2106,2020-10-26 09:30:41.000,4515.0000,2587,0,33932640.000,0,-,-,-,-,4511.0000,4510.8000,4508.4000,4501.2000,4501.0000,4515.8000,4516.0000,4516.2000,4520.0000,4527.4000,1,1,1,5,2,1,2,1,5,2
SF,IF2106,2020-10-26 09:30:41.500,4515.0000,2587,0,33932640.000,0,-,-,-,-,4511.0000,4510.8000,4508.4000,4501.2000,4501.0000,4515.6000,4515.8000,4516.2000,4520.0000,4527.4000,1,1,1,5,2,2,1,1,5,2
SF,IF2106,2020-10-26 09:30:42.000,4515.0000,2587,0,33932640.000,0,-,-,-,-,4511.0000,4510.8000,4508.4000,4501.2000,4501.0000,4515.6000,4515.8000,4516.2000,4520.0000,4527.4000,1,1,1,5,2,2,1,1,5,2
SF,IF2106,2020-10-26 09:30:42.500,4515.0000,2587,0,33932640.000,0,-,-,-,-,4511.0000,4510.8000,4508.4000,4501.2000,4501.0000,4515.6000,4516.2000,4520.0000,4527.4000,4536.8000,1,1,1,5,2,2,1,5,2,5
SF,IF2106,2020-10-26 09:30:43.000,4515.6000,2585,-2,36642000.000,2,0,2,双平,S,4511.2000,4511.0000,4508.4000,4501.2000,4501.0000,4520.0000,4527.4000,4536.8000,4550.0000,4559.8000,2,2,1,5,2,5,2,5,1,1
SF,IF2106,2020-10-26 09:30:43.500,4515.6000,2585,0,36642000.000,0,-,-,-,-,4511.6000,4511.4000,4511.2000,4511.0000,4501.2000,4518.8000,4519.8000,4520.0000,4527.4000,4536.8000,1,1,1,1,5,1,1,5,2,5
SF,IF2106,2020-10-26 09:30:44.000,4512.2000,2584,-1,37995660.000,1,0,1,双平,S,4512.2000,4511.8000,4511.0000,4501.2000,4501.0000,4518.6000,4520.0000,4527.4000,4536.8000,4550.0000,1,2,1,5,2,1,5,2,5,1
SF,IF2106,2020-10-26 09:30:44.500,4512.2000,2584,0,37995660.000,0,-,-,-,-,4512.6000,4512.4000,4511.0000,4501.2000,4501.0000,4516.6000,4518.6000,4520.0000,4527.4000,4536.8000,1,2,1,5,2,1,1,5,2,5
SF,IF2106,2020-10-26 09:30:45.000,4512.2000,2584,0,37995660.000,0,-,-,-,-,4513.0000,4512.8000,4511.0000,4501.2000,4501.0000,4516.6000,4518.6000,4520.0000,4527.4000,4536.8000,1,2,1,5,2,1,1,5,2,5
SF,IF2106,2020-10-26 09:30:45.500,4512.2000,2584,0,37995660.000,0,-,-,-,-,4513.2000,4512.4000,4511.0000,4501.2000,4501.0000,4516.6000,4518.6000,4520.0000,4527.4000,4536.8000,2,1,1,5,2,1,1,5,2,5
SF,IF2106,2020-10-26 09:30:46.000,4512.2000,2584,0,37995660.000,0,-,-,-,-,4513.2000,4511.0000,4501.2000,4501.0000,4500.6000,4516.6000,4518.6000,4520.0000,4527.4000,4536.8000,2,1,5,2,3,1,1,5,2,5
SF,IF2106,2020-10-26 09:30:47.000,4512.2000,2584,0,37995660.000,0,-,-,-,-,4513.2000,4511.0000,4501.2000,4501.0000,4500.6000,4518.6000,4520.0000,4527.4000,4536.8000,4550.0000,2,1,5,2,3,1,5,2,5,1
SF,IF2106,2020-10-26 09:30:47.500,4512.2000,2584,0,37995660.000,0,-,-,-,-,4513.2000,4511.0000,4501.2000,4501.0000,4500.6000,4518.6000,4520.0000,4527.4000,4536.8000,4550.0000,2,1,5,2,3,1,5,2,5,1
SF,IF2106,2020-10-26 09:30:48.000,4512.2000,2584,0,37995660.000,0,-,-,-,-,4513.2000,4511.0000,4501.2000,4501.0000,4500.6000,4520.0000,4527.4000,4536.8000,4550.0000,4559.8000,2,1,5,2,3,5,2,5,1,1
SF,IF2106,2020-10-26 09:30:48.500,4512.2000,2584,0,37995660.000,0,-,-,-,-,4513.2000,4511.0000,4501.2000,4501.0000,4500.6000,4518.8000,4519.8000,4520.0000,4527.4000,4536.8000,2,1,5,2,3,2,1,5,2,5
SF,IF2106,2020-10-26 09:30:49.000,4513.2000,2583,-1,39349620.000,1,0,1,双平,S,4513.2000,4511.0000,4501.2000,4501.0000,4500.6000,4518.6000,4518.8000,4520.0000,4527.4000,4536.8000,1,1,5,2,3,2,2,5,2,5
SF,IF2106,2020-10-26 09:30:50.000,4513.2000,2583,0,39349620.000,0,-,-,-,-,4516.6000,4514.4000,4513.2000,4511.0000,4501.2000,4518.6000,4518.8000,4520.0000,4527.4000,4536.8000,1,1,1,1,5,2,2,5,2,5
SF,IF2106,2020-10-26 09:30:50.500,4518.6000,2582,-1,42060180.000,2,0,2,多平,S,4514.4000,4511.0000,4501.2000,4501.0000,4500.6000,4518.8000,4520.0000,4527.4000,4536.8000,4550.0000,1,1,5,2,3,2,5,2,5,1
SF,IF2106,2020-10-26 09:30:51.000,4518.6000,2582,0,42060180.000,0,-,-,-,-,4514.6000,4514.4000,4511.0000,4501.2000,4501.0000,4518.6000,4518.8000,4520.0000,4527.4000,4536.8000,2,1,1,5,2,1,2,5,2,5
SF,IF2106,2020-10-26 09:30:51.500,4518.6000,2582,0,42060180.000,0,-,-,-,-,4514.6000,4501.2000,4501.0000,4500.6000,4495.0000,4518.4000,4518.6000,4518.8000,4520.0000,4527.4000,2,5,2,3,5,1,1,1,5,2
SF,IF2106,2020-10-26 09:30:52.000,4518.6000,2582,0,42060180.000,0,-,-,-,-,4516.2000,4514.8000,4514.6000,4501.2000,4501.0000,4518.2000,4518.8000,4520.0000,4527.4000,4536.8000,1,1,2,5,2,1,1,5,2,5
SF,IF2106,2020-10-26 09:30:52.500,4518.6000,2582,0,42060180.000,0,-,-,-,-,4514.8000,4514.6000,4501.2000,4501.0000,4500.6000,4518.2000,4518.8000,4520.0000,4527.4000,4536.8000,1,2,5,2,3,1,1,5,2,5
SF,IF2106,2020-10-26 09:30:53.000,4518.6000,2582,0,42060180.000,0,-,-,-,-,4515.0000,4501.2000,4501.0000,4500.6000,4495.0000,4518.8000,4520.0000,4527.4000,4536.8000,4550.0000,2,5,2,3,5,1,5,2,5,1
SF,IF2106,2020-10-26 09:30:53.500,4518.6000,2582,0,42060180.000,0,-,-,-,-,4515.0000,4501.2000,4501.0000,4500.6000,4495.0000,4518.8000,4520.0000,4527.4000,4536.8000,4550.0000,2,5,2,3,5,1,5,2,5,1
SF,IF2106,2020-10-26 09:30:54.000,4518.6000,2582,0,42060180.000,0,-,-,-,-,4515.2000,4515.0000,4501.2000,4501.0000,4500.6000,4518.8000,4520.0000,4527.4000,4536.8000,4550.0000,1,2,5,2,3,1,5,2,5,1
SF,IF2106,2020-10-26 09:30:54.500,4518.6000,2582,0,42060180.000,0,-,-,-,-,4515.4000,4515.2000,4501.2000,4501.0000,4500.6000,4518.8000,4520.0000,4527.4000,4536.8000,4550.0000,2,1,5,2,3,1,5,2,5,1
SF,IF2106,2020-10-26 09:30:55.000,4518.6000,2582,0,42060180.000,0,-,-,-,-,4515.4000,4501.2000,4501.0000,4500.6000,4495.0000,4518.8000,4520.0000,4527.4000,4536.8000,4550.0000,2,5,2,3,5,1,5,2,5,1
SF,IF2106,2020-10-26 09:30:55.500,4518.6000,2582,0,42060180.000,0,-,-,-,-,4515.4000,4501.2000,4501.0000,4500.6000,4495.0000,4520.0000,4522.0000,4527.4000,4536.8000,4550.0000,2,5,2,3,5,5,1,2,5,1
SF,IF2106,2020-10-26 09:30:56.000,4518.6000,2582,0,42060180.000,0,-,-,-,-,4515.6000,4515.4000,4501.2000,4501.0000,4500.6000,4520.0000,4522.0000,4527.4000,4536.8000,4550.0000,1,2,5,2,3,5,1,2,5,1
SF,IF2106,2020-10-26 09:30:56.500,4518.6000,2582,0,42060180.000,0,-,-,-,-,4516.0000,4515.8000,4501.2000,4501.0000,4500.6000,4522.0000,4525.0000,4527.4000,4536.8000,4550.0000,1,2,5,2,3,1,5,2,5,1
SF,IF2106,2020-10-26 09:30:57.000,4518.6000,2582,0,42060180.000,0,-,-,-,-,4516.2000,4501.2000,4501.0000,4500.6000,4495.0000,4521.0000,4521.4000,4521.8000,4522.0000,4525.0000,2,5,2,3,5,1,1,1,1,5
SF,IF2106,2020-10-26 09:30:57.500,4518.6000,2582,0,42060180.000,0,-,-,-,-,4516.2000,4501.2000,4501.0000,4500.6000,4495.0000,4520.8000,4521.0000,4521.4000,4522.0000,4525.0000,2,5,2,3,5,1,1,1,1,5
SF,IF2106,2020-10-26 09:30:59.500,4518.6000,2582,0,42060180.000,0,-,-,-,-,4516.2000,4501.2000,4501.0000,4500.6000,4495.0000,4520.8000,4521.0000,4521.4000,4522.0000,4525.0000,2,5,2,3,5,1,1,1,1,5
SF,IF2106,2020-10-26 09:31:01.000,4518.6000,2582,0,42060180.000,0,-,-,-,-,4516.2000,4501.2000,4501.0000,4500.6000,4495.0000,4518.8000,4520.8000,4521.4000,4522.0000,4525.0000,2,5,2,3,5,1,1,1,1,5
SF,IF2106,2020-10-26 09:31:01.500,4516.2000,2581,-1,43415040.000,1,0,1,双平,S,4501.2000,4501.0000,4500.6000,4495.0000,4476.0000,4518.8000,4521.4000,4522.0000,4525.0000,4536.8000,5,2,3,5,1,1,1,1,5,5
SF,IF2106,2020-10-26 09:31:02.000,4516.2000,2581,0,43415040.000,0,-,-,-,-,4513.6000,4507.8000,4505.8000,4501.4000,4501.2000,4518.6000,4518.8000,4521.4000,4522.0000,4525.0000,2,1,1,4,5,1,1,1,1,5
SF,IF2106,2020-10-26 09:31:02.500,4516.2000,2581,0,43415040.000,0,-,-,-,-,4513.8000,4501.4000,4501.2000,4501.0000,4500.6000,4516.2000,4516.6000,4518.6000,4522.0000,4525.0000,1,1,5,2,3,1,1,1,1,5
SF,IF2106,2020-10-26 09:31:03.000,4513.8000,2580,-1,44769180.000,1,0,1,双平,S,4501.4000,4501.2000,4501.0000,4500.6000,4495.0000,4522.0000,4525.0000,4536.8000,4550.0000,4559.8000,1,5,2,3,5,1,5,5,1,1
SF,IF2106,2020-10-26 09:31:03.500,4513.8000,2580,0,44769180.000,0,-,-,-,-,4511.0000,4505.6000,4503.2000,4501.6000,4501.4000,4516.6000,4518.8000,4521.8000,4522.0000,4525.0000,2,1,1,1,1,1,1,1,1,5
SF,IF2106,2020-10-26 09:31:04.000,4513.8000,2580,0,44769180.000,0,-,-,-,-,4511.2000,4511.0000,4505.6000,4503.2000,4501.2000,4516.4000,4516.6000,4518.8000,4522.0000,4525.0000,2,2,1,1,5,1,1,1,1,5
SF,IF2106,2020-10-26 09:31:04.500,4513.8000,2580,0,44769180.000,0,-,-,-,-,4511.2000,4503.2000,4501.2000,4501.0000,4500.6000,4516.4000,4516.6000,4518.8000,4522.0000,4525.0000,2,1,5,2,3,1,1,1,1,5
SF,IF2106,2020-10-26 09:31:05.000,4513.8000,2580,0,44769180.000,0,-,-,-,-,4511.2000,4503.2000,4501.2000,4501.0000,4500.6000,4516.2000,4516.4000,4516.6000,4518.8000,4522.0000,1,1,5,2,3,1,1,1,1,1
SF,IF2106,2020-10-26 09:31:05.500,4513.8000,2580,0,44769180.000,0,-,-,-,-,4503.2000,4501.2000,4501.0000,4500.6000,4495.0000,4514.4000,4516.0000,4516.2000,4522.0000,4525.0000,1,5,2,3,5,1,1,2,1,5
SF,IF2106,2020-10-26 09:31:06.000,4513.8000,2580,0,44769180.000,0,-,-,-,-,4505.8000,4503.4000,4501.2000,4501.0000,4500.6000,4514.2000,4514.4000,4516.2000,4522.0000,4525.0000,2,1,5,2,3,2,1,1,1,5
SF,IF2106,2020-10-26 09:31:06.500,4513.8000,2580,0,44769180.000,0,-,-,-,-,4506.0000,4505.8000,4501.2000,4501.0000,4500.6000,4512.2000,4513.6000,4514.2000,4515.0000,4522.0000,1,2,5,2,3,1,1,2,5,1
SF,IF2106,2020-10-26 09:31:07.000,4513.8000,2580,0,44769180.000,0,-,-,-,-,4506.0000,4501.2000,4501.0000,4500.6000,4500.0000,4512.0000,4512.2000,4513.6000,4520.0000,4522.0000,1,5,2,3,1,2,1,1,5,1
SF,IF2106,2020-10-26 09:31:08.000,4513.8000,2580,0,44769180.000,0,-,-,-,-,4506.0000,4501.2000,4501.0000,4500.6000,4500.0000,4510.0000,4512.0000,4513.6000,4520.0000,4522.0000,1,5,2,3,1,1,2,1,5,1
SF,IF2106,2020-10-26 09:31:08.500,4513.8000,2580,0,44769180.000,0,-,-,-,-,4506.0000,4501.2000,4501.0000,4500.0000,4490.0000,4507.8000,4509.8000,4512.0000,4520.0000,4522.0000,1,5,2,1,5,1,1,1,5,1
SF,IF2106,2020-10-26 09:31:09.000,4507.8000,2580,0,46121520.000,1,0,1,多换,S,4501.2000,4501.0000,4500.0000,4490.0000,4476.6000,4509.8000,4520.0000,4522.0000,4536.8000,4550.0000,5,2,1,5,1,1,5,1,5,1
SF,IF2106,2020-10-26 09:31:09.500,4507.8000,2580,0,46121520.000,0,-,-,-,-,4503.4000,4503.2000,4502.4000,4501.4000,4501.2000,4509.6000,4509.8000,4520.0000,4522.0000,4536.8000,1,2,1,1,5,1,1,5,1,5
SF,IF2106,2020-10-26 09:31:10.000,4507.8000,2580,0,46121520.000,0,-,-,-,-,4503.6000,4501.2000,4501.0000,4500.0000,4490.0000,4509.4000,4509.6000,4520.0000,4522.0000,4536.8000,1,5,2,1,5,1,1,5,1,5
SF,IF2106,2020-10-26 09:31:10.500,4507.8000,2580,0,46121520.000,0,-,-,-,-,4503.6000,4501.2000,4501.0000,4500.0000,4490.0000,4508.4000,4509.2000,4509.4000,4510.0000,4522.0000,1,5,2,1,5,1,1,1,5,1
SF,IF2106,2020-10-26 09:31:11.000,4507.8000,2580,0,46121520.000,0,-,-,-,-,4503.6000,4501.0000,4500.0000,4490.0000,4476.6000,4508.2000,4508.4000,4510.0000,4522.0000,4536.8000,1,2,1,5,1,1,1,5,1,5
SF,IF2106,2020-10-26 09:31:11.500,4507.8000,2580,0,46121520.000,0,-,-,-,-,4503.6000,4501.0000,4500.0000,4494.2000,4490.0000,4508.2000,4510.0000,4522.0000,4536.8000,4550.0000,1,2,1,5,5,1,5,1,5,1
SF,IF2106,2020-10-26 09:31:12.000,4507.8000,2580,0,46121520.000,0,-,-,-,-,4503.6000,4501.0000,4500.0000,4494.2000,4490.0000,4508.2000,4515.0000,4522.0000,4536.8000,4550.0000,1,2,1,5,5,1,5,1,5,1
SF,IF2106,2020-10-26 09:31:12.500,4507.8000,2580,0,46121520.000,0,-,-,-,-,4503.8000,4503.6000,4501.0000,4500.0000,4494.2000,4515.0000,4522.0000,4536.8000,4550.0000,4559.8000,1,1,2,1,5,5,1,5,1,1
SF,IF2106,2020-10-26 09:31:13.000,4507.8000,2580,0,46121520.000,0,-,-,-,-,4504.0000,4503.8000,4501.0000,4500.0000,4494.2000,4511.0000,4514.8000,4515.0000,4522.0000,4536.8000,1,1,2,1,5,1,1,5,1,5
SF,IF2106,2020-10-26 09:31:13.500,4507.8000,2580,0,46121520.000,0,-,-,-,-,4504.2000,4504.0000,4501.0000,4500.0000,4494.2000,4510.8000,4511.0000,4515.0000,4522.0000,4536.8000,1,1,2,1,5,1,1,5,1,5
SF,IF2106,2020-10-26 09:31:14.000,4507.8000,2580,0,46121520.000,0,-,-,-,-,4504.4000,4504.2000,4501.0000,4500.0000,4494.2000,4510.0000,4510.8000,4511.0000,4515.0000,4536.8000,1,1,2,1,5,1,1,1,5,5
SF,IF2106,2020-10-26 09:31:14.500,4507.8000,2580,0,46121520.000,0,-,-,-,-,4504.6000,4504.4000,4501.0000,4500.0000,4494.2000,4510.4000,4515.0000,4536.8000,4550.0000,4559.8000,1,1,2,1,5,1,5,5,1,1
SF,IF2106,2020-10-26 09:31:15.000,4507.8000,2580,0,46121520.000,0,-,-,-,-,4504.8000,4504.6000,4501.0000,4500.0000,4494.2000,4515.0000,4536.8000,4550.0000,4559.8000,4566.4000,1,1,2,1,5,5,5,1,1,7
SF,IF2106,2020-10-26 09:31:15.500,4507.8000,2580,0,46121520.000,0,-,-,-,-,4505.0000,4504.8000,4501.0000,4500.0000,4494.2000,4513.6000,4514.8000,4515.0000,4536.8000,4550.0000,1,1,2,1,5,1,1,5,5,1
SF,IF2106,2020-10-26 09:31:16.000,4507.8000,2580,0,46121520.000,0,-,-,-,-,4505.8000,4505.6000,4505.2000,4505.0000,4501.0000,4512.8000,4513.4000,4513.6000,4515.0000,4536.8000,2,1,1,2,2,1,1,1,5,5
SF,IF2106,2020-10-26 09:31:16.500,4507.8000,2580,0,46121520.000,0,-,-,-,-,4506.0000,4505.8000,4505.6000,4505.4000,4501.0000,4512.6000,4512.8000,4513.6000,4515.0000,4536.8000,2,2,1,1,2,1,1,1,5,5
SF,IF2106,2020-10-26 09:31:17.000,4507.8000,2580,0,46121520.000,0,-,-,-,-,4506.0000,4505.8000,4505.6000,4501.0000,4500.0000,4512.6000,4512.8000,4513.6000,4515.0000,4536.8000,2,2,1,2,1,1,1,1,5,5
SF,IF2106,2020-10-26 09:31:17.500,4507.8000,2580,0,46121520.000,0,-,-,-,-,4506.0000,4505.8000,4505.6000,4501.0000,4500.0000,4512.6000,4512.8000,4513.6000,4515.0000,4536.8000,2,2,2,2,1,1,1,1,5,5
SF,IF2106,2020-10-26 09:31:18.000,4507.8000,2580,0,46121520.000,0,-,-,-,-,4506.2000,4506.0000,4505.8000,4505.6000,4501.0000,4512.8000,4515.0000,4536.8000,4550.0000,4559.8000,1,2,2,1,2,1,5,5,1,1
SF,IF2106,2020-10-26 09:31:18.500,4507.8000,2580,0,46121520.000,0,-,-,-,-,4506.6000,4506.4000,4505.8000,4505.6000,4501.0000,4515.0000,4536.8000,4550.0000,4559.8000,4566.4000,1,2,2,1,2,5,5,1,1,7
SF,IF2106,2020-10-26 09:31:19.000,4507.8000,2580,0,46121520.000,0,-,-,-,-,4506.8000,4506.6000,4505.8000,4505.6000,4501.0000,4513.6000,4514.8000,4515.0000,4536.8000,4550.0000,2,1,2,1,2,1,1,5,5,1
SF,IF2106,2020-10-26 09:31:19.500,4507.8000,2580,0,46121520.000,0,-,-,-,-,4507.0000,4506.8000,4505.8000,4505.6000,4501.0000,4513.4000,4513.6000,4515.0000,4536.8000,4550.0000,1,2,2,1,2,1,1,5,5,1
SF,IF2106,2020-10-26 09:31:20.000,4507.8000,2580,0,46121520.000,0,-,-,-,-,4507.2000,4505.8000,4505.6000,4501.0000,4500.0000,4513.4000,4513.6000,4515.0000,4536.8000,4550.0000,2,2,1,2,1,1,1,5,5,1
SF,IF2106,2020-10-26 09:31:20.500,4507.8000,2580,0,46121520.000,0,-,-,-,-,4507.2000,4505.8000,4505.6000,4501.0000,4500.0000,4512.6000,4513.2000,4513.4000,4513.6000,4515.0000,2,2,1,2,1,1,2,1,1,5
SF,IF2106,2020-10-26 09:31:21.000,4507.8000,2580,0,46121520.000,0,-,-,-,-,4507.2000,4501.0000,4500.0000,4494.2000,4490.0000,4512.4000,4512.6000,4513.2000,4513.6000,4515.0000,2,2,1,5,5,1,1,1,1,5
SF,IF2106,2020-10-26 09:31:21.500,4507.8000,2580,0,46121520.000,0,-,-,-,-,4507.2000,4501.0000,4500.0000,4494.2000,4490.0000,4511.0000,4512.2000,4512.4000,4512.6000,4513.2000,1,2,1,5,5,1,1,1,1,1
SF,IF2106,2020-10-26 09:31:22.000,4507.8000,2580,0,46121520.000,0,-,-,-,-,4507.2000,4501.0000,4500.0000,4494.2000,4490.0000,4510.8000,4511.0000,4512.6000,4513.2000,4515.0000,1,2,1,5,5,2,1,1,1,5
SF,IF2106,2020-10-26 09:31:22.500,4507.8000,2580,0,46121520.000,0,-,-,-,-,4507.2000,4501.0000,4500.0000,4494.2000,4490.0000,4510.8000,4511.0000,4512.6000,4513.2000,4515.0000,1,2,1,5,5,3,1,1,1,5
SF,IF2106,2020-10-26 09:31:23.000,4507.8000,2580,0,46121520.000,0,-,-,-,-,4507.2000,4501.0000,4500.0000,4494.2000,4490.0000,4509.8000,4510.8000,4511.0000,4513.2000,4515.0000,1,2,1,5,5,1,3,1,1,5
SF,IF2106,2020-10-26 09:31:23.500,4507.2000,2579,-1,47473680.000,1,0,1,双平,S,4501.0000,4500.0000,4494.2000,4490.0000,4476.6000,4509.8000,4510.8000,4511.0000,4513.2000,4515.0000,2,1,5,5,1,1,2,1,1,5
SF,IF2106,2020-10-26 09:31:24.000,4507.2000,2579,0,47473680.000,0,-,-,-,-,4503.4000,4503.2000,4502.4000,4501.2000,4501.0000,4509.6000,4509.8000,4511.0000,4513.2000,4515.0000,1,2,1,1,2,2,1,1,1,5
SF,IF2106,2020-10-26 09:31:24.500,4507.2000,2579,0,47473680.000,0,-,-,-,-,4503.6000,4503.4000,4503.2000,4501.0000,4500.0000,4509.4000,4509.6000,4509.8000,4511.0000,4513.2000,1,1,2,2,1,1,2,1,1,1
SF,IF2106,2020-10-26 09:31:25.000,4507.2000,2579,0,47473680.000,0,-,-,-,-,4503.6000,4503.2000,4501.0000,4500.0000,4494.2000,4509.2000,4509.8000,4511.0000,4513.2000,4515.0000,1,1,2,1,5,2,1,1,1,5
SF,IF2106,2020-10-26 09:31:26.000,4507.2000,2579,0,47473680.000,0,-,-,-,-,4503.6000,4503.2000,4501.0000,4500.0000,4494.2000,4507.2000,4509.2000,4509.8000,4511.0000,4513.2000,1,1,2,1,5,1,2,1,1,1
SF,IF2106,2020-10-26 09:31:26.500,4507.2000,2579,0,47473680.000,0,-,-,-,-,4503.6000,4503.2000,4501.0000,4500.0000,4494.2000,4507.0000,4507.2000,4509.2000,4509.8000,4511.0000,1,1,2,1,5,1,1,1,1,1
SF,IF2106,2020-10-26 09:31:27.500,4507.2000,2579,0,47473680.000,0,-,-,-,-,4503.6000,4501.0000,4500.0000,4494.2000,4490.0000,4507.0000,4507.2000,4509.2000,4509.8000,4511.0000,1,2,1,5,5,1,1,1,1,1
SF,IF2106,2020-10-26 09:31:28.000,4507.2000,2579,0,47473680.000,0,-,-,-,-,4501.0000,4500.0000,4494.2000,4490.0000,4476.6000,4506.8000,4507.0000,4507.2000,4509.8000,4511.0000,2,1,5,5,1,1,1,1,1,1
SF,IF2106,2020-10-26 09:31:28.500,4507.2000,2579,0,47473680.000,0,-,-,-,-,4501.2000,4501.0000,4500.0000,4494.2000,4490.0000,4506.6000,4506.8000,4507.2000,4513.2000,4515.0000,1,2,1,5,5,1,1,1,1,5
SF,IF2106,2020-10-26 09:31:29.000,4507.2000,2579,0,47473680.000,0,-,-,-,-,4501.2000,4501.0000,4500.0000,4494.2000,4490.0000,4506.6000,4507.2000,4513.2000,4515.0000,4536.8000,1,2,1,5,5,1,1,1,5,5
SF,IF2106,2020-10-26 09:31:29.500,4507.2000,2579,0,47473680.000,0,-,-,-,-,4501.2000,4501.0000,4500.0000,4494.2000,4490.0000,4506.4000,4506.6000,4507.2000,4513.2000,4515.0000,1,2,1,5,5,1,1,1,1,5
SF,IF2106,2020-10-26 09:31:30.000,4507.2000,2579,0,47473680.000,0,-,-,-,-,4501.2000,4501.0000,4500.0000,4494.2000,4490.0000,4506.2000,4506.4000,4513.2000,4515.0000,4536.8000,1,2,1,5,5,1,1,1,5,5
SF,IF2106,2020-10-26 09:31:30.500,4507.2000,2579,0,47473680.000,0,-,-,-,-,4501.2000,4501.0000,4500.0000,4494.2000,4490.0000,4506.0000,4506.2000,4513.2000,4515.0000,4536.8000,1,2,1,5,5,1,1,1,5,5
SF,IF2106,2020-10-26 09:31:31.000,4507.2000,2579,0,47473680.000,0,-,-,-,-,4501.2000,4501.0000,4500.0000,4494.2000,4490.0000,4505.8000,4506.0000,4513.2000,4515.0000,4536.8000,1,2,1,5,5,1,1,1,5,5
SF,IF2106,2020-10-26 09:31:31.500,4507.2000,2579,0,47473680.000,0,-,-,-,-,4501.2000,4501.0000,4500.0000,4494.2000,4490.0000,4505.8000,4513.2000,4515.0000,4536.8000,4550.0000,1,2,1,5,5,1,1,5,5,1
SF,IF2106,2020-10-26 09:31:32.000,4507.2000,2579,0,47473680.000,0,-,-,-,-,4501.4000,4501.2000,4501.0000,4500.0000,4494.2000,4513.2000,4515.0000,4536.8000,4550.0000,4559.8000,1,1,2,1,5,1,5,5,1,1
SF,IF2106,2020-10-26 09:31:32.500,4507.2000,2579,0,47473680.000,0,-,-,-,-,4501.6000,4501.4000,4501.0000,4500.0000,4494.2000,4508.4000,4513.0000,4513.2000,4515.0000,4536.8000,1,1,2,1,5,1,2,1,5,5
SF,IF2106,2020-10-26 09:31:33.000,4507.2000,2579,0,47473680.000,0,-,-,-,-,4503.2000,4501.8000,4501.6000,4501.0000,4500.0000,4508.2000,4513.2000,4515.0000,4536.8000,4550.0000,1,1,1,2,1,1,1,5,5,1
SF,IF2106,2020-10-26 09:31:33.500,4507.2000,2579,0,47473680.000,0,-,-,-,-,4503.4000,4501.0000,4500.0000,4494.2000,4490.0000,4508.2000,4513.2000,4515.0000,4536.8000,4550.0000,2,2,1,5,5,2,1,5,5,1
SF,IF2106,2020-10-26 09:31:34.000,4507.2000,2579,0,47473680.000,0,-,-,-,-,4503.4000,4501.6000,4501.0000,4500.0000,4494.2000,4508.2000,4513.2000,4515.0000,4536.8000,4550.0000,2,1,2,1,5,2,1,5,5,1
SF,IF2106,2020-10-26 09:31:34.500,4507.2000,2579,0,47473680.000,0,-,-,-,-,4503.4000,4501.6000,4501.0000,4500.0000,4494.2000,4508.2000,4513.2000,4515.0000,4536.8000,4550.0000,1,1,2,1,5,2,1,5,5,1
SF,IF2106,2020-10-26 09:31:37.000,4508.2000,2579,0,48826140.000,1,0,1,多换,S,4503.4000,4501.6000,4501.0000,4500.0000,4494.2000,4508.2000,4513.2000,4515.0000,4536.8000,4550.0000,1,1,2,1,5,1,1,5,5,1
SF,IF2106,2020-10-26 09:31:37.500,4508.2000,2579,0,48826140.000,0,-,-,-,-,4503.6000,4503.4000,4501.6000,4501.0000,4500.0000,4508.0000,4508.2000,4513.2000,4515.0000,4536.8000,1,1,1,2,1,1,1,1,5,5
SF,IF2106,2020-10-26 09:31:38.000,4508.2000,2579,0,48826140.000,0,-,-,-,-,4503.8000,4501.6000,4501.0000,4500.0000,4494.2000,4508.0000,4513.2000,4515.0000,4536.8000,4550.0000,1,1,2,1,5,1,1,5,5,1
SF,IF2106,2020-10-26 09:31:38.500,4508.2000,2579,0,48826140.000,0,-,-,-,-,4504.0000,4503.8000,4501.6000,4501.0000,4500.0000,4507.8000,4508.0000,4513.2000,4515.0000,4536.8000,1,1,1,2,1,1,1,1,5,5
SF,IF2106,2020-10-26 09:31:39.000,4508.2000,2579,0,48826140.000,0,-,-,-,-,4504.2000,4504.0000,4501.6000,4501.0000,4500.0000,4507.6000,4507.8000,4513.2000,4515.0000,4536.8000,1,1,1,2,1,1,1,1,5,5
SF,IF2106,2020-10-26 09:31:39.500,4508.2000,2579,0,48826140.000,0,-,-,-,-,4504.2000,4504.0000,4501.6000,4501.0000,4500.0000,4507.6000,4513.2000,4515.0000,4536.8000,4550.0000,1,1,1,2,1,1,1,5,5,1
SF,IF2106,2020-10-26 09:31:40.000,4508.2000,2579,0,48826140.000,0,-,-,-,-,4504.4000,4501.6000,4501.0000,4500.0000,4494.2000,4507.4000,4513.2000,4515.0000,4536.8000,4550.0000,1,1,2,1,5,2,1,5,5,1
SF,IF2106,2020-10-26 09:31:40.500,4508.2000,2579,0,48826140.000,0,-,-,-,-,4504.4000,4501.6000,4501.0000,4500.0000,4494.2000,4507.4000,4513.2000,4515.0000,4536.8000,4550.0000,1,1,2,1,5,1,1,5,5,1
SF,IF2106,2020-10-26 09:31:41.000,4508.2000,2579,0,48826140.000,0,-,-,-,-,4504.4000,4501.6000,4501.0000,4500.0000,4494.2000,4507.2000,4507.4000,4513.2000,4515.0000,4536.8000,1,1,2,1,5,1,1,1,5,5
SF,IF2106,2020-10-26 09:31:41.500,4508.2000,2579,0,48826140.000,0,-,-,-,-,4501.6000,4501.0000,4500.0000,4494.2000,4490.0000,4507.0000,4507.2000,4507.4000,4513.2000,4515.0000,1,2,1,5,5,1,1,1,1,5
SF,IF2106,2020-10-26 09:31:42.000,4508.2000,2579,0,48826140.000,0,-,-,-,-,4501.8000,4501.6000,4501.0000,4500.0000,4494.2000,4506.8000,4507.0000,4513.2000,4515.0000,4536.8000,1,1,2,1,5,1,1,1,5,5
SF,IF2106,2020-10-26 09:31:42.500,4508.2000,2579,0,48826140.000,0,-,-,-,-,4501.8000,4501.6000,4501.0000,4500.0000,4494.2000,4506.6000,4506.8000,4513.2000,4515.0000,4536.8000,1,1,2,1,5,2,1,1,5,5
SF,IF2106,2020-10-26 09:31:43.000,4508.2000,2579,0,48826140.000,0,-,-,-,-,4502.0000,4501.8000,4501.6000,4501.0000,4500.0000,4506.6000,4513.2000,4515.0000,4536.8000,4550.0000,1,1,1,2,1,1,1,5,5,1
SF,IF2106,2020-10-26 09:31:43.500,4508.2000,2579,0,48826140.000,0,-,-,-,-,4502.2000,4502.0000,4501.6000,4501.0000,4500.0000,4506.6000,4513.2000,4515.0000,4536.8000,4550.0000,1,1,1,2,1,1,1,5,5,1
SF,IF2106,2020-10-26 09:31:44.000,4508.2000,2579,0,48826140.000,0,-,-,-,-,4502.4000,4502.2000,4501.6000,4501.0000,4500.0000,4506.6000,4513.2000,4515.0000,4536.8000,4550.0000,1,1,1,2,1,1,1,5,5,1
SF,IF2106,2020-10-26 09:31:44.500,4508.2000,2579,0,48826140.000,0,-,-,-,-,4502.6000,4502.4000,4501.6000,4501.0000,4500.0000,4506.6000,4513.2000,4515.0000,4536.8000,4550.0000,1,1,1,2,1,1,1,5,5,1
SF,IF2106,2020-10-26 09:31:45.000,4508.2000,2579,0,48826140.000,0,-,-,-,-,4502.6000,4501.6000,4501.0000,4500.0000,4494.2000,4506.4000,4506.6000,4513.2000,4515.0000,4536.8000,1,1,2,1,5,2,1,1,5,5
SF,IF2106,2020-10-26 09:31:45.500,4508.2000,2579,0,48826140.000,0,-,-,-,-,4502.6000,4501.6000,4501.0000,4500.0000,4494.2000,4506.4000,4513.2000,4515.0000,4536.8000,4550.0000,1,1,2,1,5,2,1,5,5,1
SF,IF2106,2020-10-26 09:31:46.000,4508.2000,2579,0,48826140.000,0,-,-,-,-,4502.6000,4501.6000,4501.0000,4500.0000,4494.2000,4506.2000,4506.4000,4513.2000,4515.0000,4536.8000,2,1,2,1,5,1,2,1,5,5
SF,IF2106,2020-10-26 09:31:46.500,4502.6000,2578,-1,51527700.000,2,0,2,多平,S,4501.6000,4501.0000,4500.0000,4494.2000,4485.0000,4505.8000,4506.0000,4506.2000,4513.2000,4515.0000,1,2,1,5,5,1,2,1,1,5
SF,IF2106,2020-10-26 09:31:47.000,4502.6000,2578,0,51527700.000,0,-,-,-,-,4501.6000,4501.0000,4500.0000,4494.2000,4485.0000,4505.6000,4505.8000,4513.2000,4515.0000,4536.8000,1,2,1,5,5,2,1,1,5,5
SF,IF2106,2020-10-26 09:31:47.500,4502.6000,2578,0,51527700.000,0,-,-,-,-,4501.6000,4501.0000,4500.0000,4494.2000,4485.0000,4505.6000,4505.8000,4513.2000,4515.0000,4536.8000,1,2,1,5,5,3,1,1,5,5
SF,IF2106,2020-10-26 09:31:48.000,4501.6000,2578,0,52878180.000,1,0,1,多换,S,4501.0000,4500.0000,4494.2000,4485.0000,4476.6000,4505.6000,4505.8000,4513.2000,4515.0000,4536.8000,2,1,5,5,1,3,1,1,5,5
SF,IF2106,2020-10-26 09:31:48.500,4501.0000,2578,0,54228480.000,1,0,1,多换,S,4501.0000,4500.0000,4494.2000,4485.0000,4476.6000,4505.6000,4505.8000,4513.2000,4515.0000,4536.8000,1,1,5,5,1,2,1,1,5,5
SF,IF2106,2020-10-26 09:31:49.000,4505.0000,2578,0,55579980.000,1,0,1,多换,S,4501.0000,4500.0000,4494.2000,4485.0000,4476.6000,4505.0000,4505.4000,4505.6000,4505.8000,4513.2000,1,1,5,5,1,4,1,2,1,1
SF,IF2106,2020-10-26 09:31:49.500,4505.0000,2578,0,55579980.000,0,-,-,-,-,4501.0000,4500.0000,4485.0000,4476.6000,4476.0000,4504.8000,4505.0000,4505.8000,4513.2000,4536.8000,1,1,5,1,1,2,4,1,1,5
SF,IF2106,2020-10-26 09:31:50.000,4505.0000,2578,0,55579980.000,0,-,-,-,-,4501.0000,4500.0000,4485.0000,4476.6000,4476.0000,4504.8000,4505.0000,4505.8000,4513.2000,4550.0000,1,1,5,1,1,3,4,1,1,1
SF,IF2106,2020-10-26 09:31:50.500,4505.0000,2578,0,55579980.000,0,-,-,-,-,4501.4000,4501.2000,4501.0000,4500.0000,4485.0000,4504.8000,4505.0000,4505.8000,4513.2000,4550.0000,1,1,1,1,5,3,4,1,1,1
SF,IF2106,2020-10-26 09:31:51.000,4505.0000,2578,0,55579980.000,0,-,-,-,-,4501.6000,4501.4000,4501.2000,4501.0000,4500.0000,4504.8000,4505.0000,4505.8000,4513.2000,4550.0000,1,1,1,1,1,2,4,1,1,1
SF,IF2106,2020-10-26 09:31:51.500,4505.0000,2578,0,55579980.000,0,-,-,-,-,4501.6000,4501.4000,4501.0000,4500.0000,4485.0000,4504.8000,4505.8000,4510.0000,4513.2000,4550.0000,1,1,1,1,5,2,1,5,1,1
SF,IF2106,2020-10-26 09:31:52.000,4504.8000,2577,-1,58282860.000,2,0,2,多平,S,4501.6000,4501.4000,4501.0000,4500.0000,4485.0000,4505.8000,4510.0000,4513.2000,4550.0000,4559.8000,2,1,1,1,5,1,5,1,1,1
SF,IF2106,2020-10-26 09:31:52.500,4504.8000,2577,0,58282860.000,0,-,-,-,-,4501.8000,4501.6000,4501.4000,4501.0000,4500.0000,4505.8000,4510.0000,4513.2000,4550.0000,4559.8000,2,1,1,1,1,1,5,1,1,1
SF,IF2106,2020-10-26 09:31:53.000,4504.8000,2577,0,58282860.000,0,-,-,-,-,4502.0000,4501.8000,4501.4000,4501.0000,4500.0000,4510.0000,4513.2000,4550.0000,4559.8000,4566.4000,1,2,1,1,1,5,1,1,1,7
SF,IF2106,2020-10-26 09:31:53.500,4504.8000,2577,0,58282860.000,0,-,-,-,-,4502.4000,4502.2000,4502.0000,4501.0000,4500.0000,4508.4000,4509.8000,4510.0000,4513.2000,4550.0000,1,2,1,1,1,1,1,5,1,1
SF,IF2106,2020-10-26 09:31:54.000,4504.8000,2577,0,58282860.000,0,-,-,-,-,4502.6000,4502.4000,4502.2000,4501.0000,4500.0000,4508.2000,4508.4000,4510.0000,4513.2000,4550.0000,2,1,1,1,1,1,1,5,1,1
SF,IF2106,2020-10-26 09:31:54.500,4504.8000,2577,0,58282860.000,0,-,-,-,-,4502.8000,4502.6000,4501.0000,4500.0000,4485.0000,4508.2000,4508.4000,4510.0000,4513.2000,4550.0000,1,3,1,1,5,1,1,5,1,1
SF,IF2106,2020-10-26 09:31:55.000,4504.8000,2577,0,58282860.000,0,-,-,-,-,4503.0000,4502.8000,4501.0000,4500.0000,4485.0000,4508.2000,4508.4000,4510.0000,4513.2000,4550.0000,2,1,1,1,5,1,1,5,1,1
SF,IF2106,2020-10-26 09:31:55.500,4504.8000,2577,0,58282860.000,0,-,-,-,-,4503.4000,4503.0000,4501.0000,4500.0000,4485.0000,4508.2000,4508.4000,4510.0000,4513.2000,4550.0000,1,3,1,1,5,1,1,5,1,1
SF,IF2106,2020-10-26 09:31:56.000,4504.8000,2577,0,58282860.000,0,-,-,-,-,4503.6000,4503.4000,4503.0000,4501.0000,4500.0000,4508.2000,4508.4000,4510.0000,4513.2000,4550.0000,2,1,1,1,1,1,1,5,1,1
SF,IF2106,2020-10-26 09:31:56.500,4504.8000,2577,0,58282860.000,0,-,-,-,-,4503.6000,4503.4000,4503.0000,4501.0000,4500.0000,4508.2000,4508.4000,4510.0000,4513.2000,4550.0000,2,1,1,1,1,1,1,5,1,1
SF,IF2106,2020-10-26 09:31:57.000,4504.8000,2577,0,58282860.000,0,-,-,-,-,4503.6000,4503.4000,4501.0000,4500.0000,4485.0000,4508.4000,4510.0000,4513.2000,4550.0000,4559.8000,2,1,1,1,5,1,5,1,1,1
SF,IF2106,2020-10-26 09:31:57.500,4504.8000,2577,0,58282860.000,0,-,-,-,-,4504.0000,4503.6000,4501.0000,4500.0000,4485.0000,4506.6000,4508.4000,4510.0000,4513.2000,4550.0000,1,2,1,1,5,1,1,5,1,1
SF,IF2106,2020-10-26 09:31:58.000,4506.6000,2576,-1,59634840.000,1,0,1,双平,S,4504.2000,4503.6000,4501.0000,4500.0000,4485.0000,4508.4000,4510.0000,4513.2000,4550.0000,4559.8000,1,1,1,1,5,1,5,1,1,1
SF,IF2106,2020-10-26 09:31:58.500,4506.6000,2576,0,59634840.000,0,-,-,-,-,4504.4000,4504.2000,4501.0000,4500.0000,4485.0000,4508.2000,4508.4000,4510.0000,4513.2000,4550.0000,1,1,1,1,5,1,1,5,1,1
SF,IF2106,2020-10-26 09:31:59.000,4506.6000,2576,0,59634840.000,0,-,-,-,-,4504.6000,4504.4000,4501.0000,4500.0000,4485.0000,4508.4000,4510.0000,4513.2000,4550.0000,4559.8000,1,1,1,1,5,1,5,1,1,1
SF,IF2106,2020-10-26 09:31:59.500,4506.6000,2576,0,59634840.000,0,-,-,-,-,4504.8000,4504.6000,4501.0000,4500.0000,4485.0000,4508.4000,4510.0000,4513.2000,4550.0000,4559.8000,1,1,1,1,5,1,5,1,1,1
SF,IF2106,2020-10-26 09:32:00.000,4506.6000,2576,0,59634840.000,0,-,-,-,-,4505.0000,4504.8000,4501.0000,4500.0000,4485.0000,4508.4000,4510.0000,4513.2000,4550.0000,4559.8000,1,1,1,1,5,1,5,1,1,1
SF,IF2106,2020-10-26 09:32:00.500,4506.6000,2576,0,59634840.000,0,-,-,-,-,4505.2000,4505.0000,4501.0000,4500.0000,4485.0000,4508.4000,4510.0000,4513.2000,4550.0000,4559.8000,1,1,1,1,5,1,5,1,1,1
SF,IF2106,2020-10-26 09:32:01.000,4505.2000,2576,0,60986400.000,1,0,1,多换,S,4501.0000,4500.0000,4485.0000,4483.2000,4476.6000,4508.4000,4510.0000,4513.2000,4550.0000,4559.8000,1,1,5,1,1,1,5,1,1,1
SF,IF2106,2020-10-26 09:32:01.500,4505.2000,2576,0,60986400.000,0,-,-,-,-,4501.2000,4501.0000,4500.0000,4485.0000,4483.2000,4508.2000,4508.4000,4510.0000,4513.2000,4550.0000,1,1,1,5,1,2,1,5,1,1
SF,IF2106,2020-10-26 09:32:02.000,4505.2000,2576,0,60986400.000,0,-,-,-,-,4501.2000,4501.0000,4500.0000,4485.0000,4483.2000,4508.2000,4510.0000,4513.2000,4550.0000,4559.8000,1,1,1,5,1,2,5,1,1,1
SF,IF2106,2020-10-26 09:32:02.500,4505.2000,2576,0,60986400.000,0,-,-,-,-,4501.2000,4501.0000,4500.0000,4485.0000,4483.2000,4505.8000,4508.2000,4510.0000,4513.2000,4550.0000,1,1,1,5,1,1,2,5,1,1
SF,IF2106,2020-10-26 09:32:03.000,4505.2000,2576,0,60986400.000,0,-,-,-,-,4501.2000,4501.0000,4500.0000,4485.0000,4483.2000,4505.6000,4505.8000,4508.2000,4510.0000,4513.2000,1,1,1,5,1,1,1,1,5,1
SF,IF2106,2020-10-26 09:32:03.500,4505.2000,2576,0,60986400.000,0,-,-,-,-,4501.0000,4500.0000,4485.0000,4483.2000,4476.6000,4505.4000,4505.6000,4505.8000,4510.0000,4513.2000,1,1,5,1,1,1,1,1,5,1
SF,IF2106,2020-10-26 09:32:04.000,4501.0000,2576,0,62336700.000,1,0,1,多换,S,4500.0000,4485.0000,4483.2000,4476.6000,4476.0000,4503.2000,4505.2000,4505.4000,4510.0000,4513.2000,1,5,1,1,1,1,2,1,5,1
SF,IF2106,2020-10-26 09:32:04.500,4500.0000,2576,0,63686700.000,1,0,1,多换,S,4485.0000,4483.2000,4476.6000,4476.0000,4470.4000,4503.0000,4503.2000,4505.2000,4510.0000,4513.2000,5,1,1,1,7,2,1,1,5,1
SF,IF2106,2020-10-26 09:32:05.000,4500.0000,2576,0,63686700.000,0,-,-,-,-,4492.8000,4492.4000,4487.6000,4485.2000,4485.0000,4502.8000,4503.0000,4503.2000,4510.0000,4513.2000,2,1,1,1,5,1,2,1,5,1
SF,IF2106,2020-10-26 09:32:05.500,4500.0000,2576,0,63686700.000,0,-,-,-,-,4493.0000,4492.8000,4492.4000,4483.2000,4480.0000,4502.6000,4502.8000,4503.2000,4510.0000,4513.2000,1,2,1,1,5,2,1,1,5,1
SF,IF2106,2020-10-26 09:32:06.000,4500.0000,2576,0,63686700.000,0,-,-,-,-,4493.0000,4483.2000,4480.0000,4476.6000,4476.0000,4500.6000,4502.4000,4502.6000,4510.0000,4550.0000,1,1,5,1,1,1,2,2,5,1
SF,IF2106,2020-10-26 09:32:06.500,4500.0000,2576,0,63686700.000,0,-,-,-,-,4493.0000,4483.2000,4480.0000,4476.6000,4476.0000,4500.4000,4500.6000,4502.4000,4510.0000,4550.0000,1,1,5,1,1,3,1,1,5,1
SF,IF2106,2020-10-26 09:32:07.000,4500.0000,2576,0,63686700.000,0,-,-,-,-,4493.0000,4483.2000,4480.0000,4476.6000,4476.0000,4500.2000,4500.4000,4500.6000,4502.4000,4510.0000,1,1,5,1,1,1,2,1,1,5
SF,IF2106,2020-10-26 09:32:07.500,4500.0000,2576,0,63686700.000,0,-,-,-,-,4493.0000,4483.2000,4480.0000,4476.6000,4476.0000,4498.0000,4500.0000,4500.2000,4502.4000,4510.0000,1,1,5,1,1,1,2,1,1,5
SF,IF2106,2020-10-26 09:32:08.000,4500.0000,2576,0,63686700.000,0,-,-,-,-,4493.0000,4483.2000,4480.0000,4476.6000,4476.0000,4497.8000,4498.0000,4500.0000,4502.4000,4550.0000,1,1,5,1,1,3,1,5,1,1
SF,IF2106,2020-10-26 09:32:09.500,4500.0000,2576,0,63686700.000,0,-,-,-,-,4493.0000,4483.2000,4480.0000,4476.6000,4476.0000,4497.8000,4500.0000,4502.4000,4550.0000,4559.8000,1,1,5,1,1,3,5,1,1,1
SF,IF2106,2020-10-26 09:32:10.000,4500.0000,2576,0,63686700.000,0,-,-,-,-,4493.0000,4483.2000,4476.6000,4476.0000,4475.0000,4497.8000,4500.0000,4502.4000,4550.0000,4559.8000,1,1,1,1,5,3,5,1,1,1
SF,IF2106,2020-10-26 09:32:10.500,4500.0000,2576,0,63686700.000,0,-,-,-,-,4493.0000,4483.2000,4476.6000,4476.0000,4475.0000,4497.8000,4500.0000,4502.4000,4550.0000,4559.8000,1,1,1,1,5,2,5,1,1,1
SF,IF2106,2020-10-26 09:32:13.500,4493.0000,2575,-1,65034600.000,1,0,1,双平,S,4483.2000,4476.6000,4476.0000,4475.0000,4470.4000,4495.4000,4497.8000,4500.0000,4502.4000,4550.0000,1,1,1,5,7,1,2,5,1,1
SF,IF2106,2020-10-26 09:32:14.000,4493.0000,2575,0,65034600.000,0,-,-,-,-,4483.4000,4483.2000,4476.6000,4476.0000,4475.0000,4495.2000,4495.4000,4500.0000,4502.4000,4550.0000,1,1,1,1,5,3,1,5,1,1
SF,IF2106,2020-10-26 09:32:14.500,4493.0000,2575,0,65034600.000,0,-,-,-,-,4483.6000,4483.4000,4483.2000,4476.6000,4476.0000,4495.2000,4495.4000,4500.0000,4502.4000,4550.0000,1,1,1,1,1,3,1,5,1,1
SF,IF2106,2020-10-26 09:32:15.000,4493.0000,2575,0,65034600.000,0,-,-,-,-,4483.8000,4483.2000,4476.6000,4476.0000,4470.4000,4492.6000,4492.8000,4495.2000,4500.0000,4502.4000,1,1,1,1,7,1,1,3,5,1
SF,IF2106,2020-10-26 09:32:15.500,4493.0000,2575,0,65034600.000,0,-,-,-,-,4483.8000,4483.2000,4476.6000,4476.0000,4470.4000,4492.4000,4492.6000,4500.0000,4502.4000,4550.0000,1,1,1,1,7,3,1,5,1,1
SF,IF2106,2020-10-26 09:32:16.000,4493.0000,2575,0,65034600.000,0,-,-,-,-,4483.8000,4483.2000,4476.6000,4476.0000,4470.4000,4492.2000,4492.4000,4492.6000,4500.0000,4502.4000,1,1,1,1,7,1,2,1,5,1
SF,IF2106,2020-10-26 09:32:16.500,4493.0000,2575,0,65034600.000,0,-,-,-,-,4484.0000,4483.8000,4483.2000,4476.6000,4476.0000,4492.0000,4492.2000,4492.6000,4500.0000,4502.4000,1,1,1,1,1,1,1,1,5,1
SF,IF2106,2020-10-26 09:32:17.000,4493.0000,2575,0,65034600.000,0,-,-,-,-,4484.2000,4484.0000,4483.2000,4476.6000,4476.0000,4491.8000,4492.0000,4492.6000,4500.0000,4550.0000,1,1,1,1,1,1,1,1,5,1
SF,IF2106,2020-10-26 09:32:17.500,4493.0000,2575,0,65034600.000,0,-,-,-,-,4484.4000,4484.2000,4483.2000,4476.6000,4476.0000,4491.6000,4491.8000,4492.6000,4500.0000,4550.0000,1,1,1,1,1,1,1,1,5,1
SF,IF2106,2020-10-26 09:32:18.000,4493.0000,2575,0,65034600.000,0,-,-,-,-,4484.6000,4484.4000,4483.2000,4476.6000,4476.0000,4491.6000,4492.6000,4500.0000,4550.0000,4554.0000,1,1,1,1,1,1,1,5,1,1
SF,IF2106,2020-10-26 09:32:18.500,4493.0000,2575,0,65034600.000,0,-,-,-,-,4484.8000,4484.6000,4483.2000,4476.6000,4476.0000,4491.6000,4492.6000,4500.0000,4550.0000,4554.0000,1,1,1,1,1,1,1,5,1,1
SF,IF2106,2020-10-26 09:32:19.000,4493.0000,2575,0,65034600.000,0,-,-,-,-,4485.0000,4484.8000,4483.2000,4476.6000,4476.0000,4492.6000,4500.0000,4550.0000,4554.0000,4559.8000,1,1,1,1,1,1,5,1,1,1
SF,IF2106,2020-10-26 09:32:19.500,4493.0000,2575,0,65034600.000,0,-,-,-,-,4485.2000,4485.0000,4483.2000,4476.6000,4476.0000,4492.4000,4492.6000,4500.0000,4550.0000,4554.0000,1,3,1,1,1,2,1,5,1,1
SF,IF2106,2020-10-26 09:32:20.000,4493.0000,2575,0,65034600.000,0,-,-,-,-,4485.4000,4485.2000,4485.0000,4483.2000,4476.6000,4492.4000,4492.6000,4500.0000,4550.0000,4554.0000,1,1,1,1,1,1,1,5,1,1
SF,IF2106,2020-10-26 09:32:20.500,4493.0000,2575,0,65034600.000,0,-,-,-,-,4485.4000,4485.0000,4483.2000,4476.6000,4476.0000,4492.2000,4492.4000,4492.6000,4500.0000,4550.0000,1,1,1,1,1,2,1,1,5,1
SF,IF2106,2020-10-26 09:32:21.000,4493.0000,2575,0,65034600.000,0,-,-,-,-,4485.4000,4485.0000,4483.2000,4476.6000,4476.0000,4492.0000,4492.2000,4500.0000,4550.0000,4554.0000,1,1,1,1,1,1,1,5,1,1
SF,IF2106,2020-10-26 09:32:21.500,4493.0000,2575,0,65034600.000,0,-,-,-,-,4485.4000,4483.2000,4476.6000,4476.0000,4470.4000,4491.8000,4492.0000,4500.0000,4550.0000,4554.0000,1,1,1,1,7,1,1,5,1,1
SF,IF2106,2020-10-26 09:32:22.000,4493.0000,2575,0,65034600.000,0,-,-,-,-,4485.4000,4483.2000,4476.6000,4476.0000,4470.4000,4491.6000,4491.8000,4500.0000,4550.0000,4554.0000,1,1,1,1,7,1,1,5,1,1
SF,IF2106,2020-10-26 09:32:22.500,4493.0000,2575,0,65034600.000,0,-,-,-,-,4485.4000,4483.2000,4476.6000,4476.0000,4470.4000,4491.4000,4491.6000,4494.6000,4500.0000,4550.0000,1,1,1,1,7,1,1,2,5,1
SF,IF2106,2020-10-26 09:32:23.000,4493.0000,2575,0,65034600.000,0,-,-,-,-,4485.4000,4483.2000,4476.6000,4476.0000,4470.4000,4491.2000,4491.4000,4494.6000,4500.0000,4550.0000,1,1,1,1,7,1,1,2,5,1
SF,IF2106,2020-10-26 09:32:23.500,4493.0000,2575,0,65034600.000,0,-,-,-,-,4485.4000,4483.2000,4476.6000,4476.0000,4470.4000,4491.0000,4491.2000,4494.6000,4500.0000,4550.0000,1,1,1,1,7,1,1,2,5,1
SF,IF2106,2020-10-26 09:32:24.000,4493.0000,2575,0,65034600.000,0,-,-,-,-,4485.4000,4483.2000,4476.6000,4476.0000,4470.4000,4490.8000,4491.0000,4494.6000,4500.0000,4550.0000,1,1,1,1,7,1,1,2,5,1
SF,IF2106,2020-10-26 09:32:24.500,4493.0000,2575,0,65034600.000,0,-,-,-,-,4485.4000,4483.2000,4476.6000,4476.0000,4470.4000,4490.6000,4490.8000,4494.6000,4500.0000,4550.0000,1,1,1,1,7,1,1,2,5,1
SF,IF2106,2020-10-26 09:32:25.000,4493.0000,2575,0,65034600.000,0,-,-,-,-,4485.4000,4483.2000,4476.6000,4476.0000,4470.4000,4490.4000,4490.6000,4494.6000,4500.0000,4550.0000,1,1,1,1,7,1,1,2,5,1
SF,IF2106,2020-10-26 09:32:25.500,4493.0000,2575,0,65034600.000,0,-,-,-,-,4485.4000,4483.2000,4476.6000,4476.0000,4470.4000,4490.2000,4490.4000,4494.6000,4500.0000,4550.0000,1,1,1,1,7,1,1,2,5,1
SF,IF2106,2020-10-26 09:32:26.000,4493.0000,2575,0,65034600.000,0,-,-,-,-,4485.4000,4483.2000,4476.6000,4476.0000,4470.4000,4490.0000,4490.2000,4494.6000,4500.0000,4550.0000,1,1,1,1,7,1,2,2,5,1
SF,IF2106,2020-10-26 09:32:26.500,4493.0000,2575,0,65034600.000,0,-,-,-,-,4483.2000,4476.6000,4476.0000,4470.4000,4470.0000,4489.8000,4490.0000,4490.2000,4494.6000,4500.0000,1,1,1,7,5,1,1,1,2,5
SF,IF2106,2020-10-26 09:32:27.000,4493.0000,2575,0,65034600.000,0,-,-,-,-,4483.4000,4483.2000,4476.6000,4476.0000,4470.4000,4489.6000,4489.8000,4490.2000,4494.6000,4500.0000,1,1,1,1,7,1,1,1,2,5
SF,IF2106,2020-10-26 09:32:27.500,4493.0000,2575,0,65034600.000,0,-,-,-,-,4483.4000,4483.2000,4476.6000,4476.0000,4470.4000,4489.4000,4489.6000,4490.0000,4490.2000,4494.6000,1,1,1,1,7,1,1,5,1,2
SF,IF2106,2020-10-26 09:32:28.000,4493.0000,2575,0,65034600.000,0,-,-,-,-,4483.2000,4476.6000,4476.0000,4470.4000,4470.0000,4489.2000,4489.4000,4490.0000,4490.2000,4494.6000,1,1,1,7,5,1,1,5,1,2
SF,IF2106,2020-10-26 09:32:28.500,4493.0000,2575,0,65034600.000,0,-,-,-,-,4483.2000,4476.6000,4476.0000,4470.4000,4470.0000,4489.0000,4489.2000,4490.0000,4490.2000,4494.6000,1,1,1,7,5,1,1,5,1,2
SF,IF2106,2020-10-26 09:32:29.000,4493.0000,2575,0,65034600.000,0,-,-,-,-,4483.2000,4476.6000,4476.0000,4470.4000,4470.0000,4487.6000,4488.8000,4489.0000,4490.0000,4494.6000,1,1,1,7,5,1,3,1,5,2
SF,IF2106,2020-10-26 09:32:29.500,4487.4000,2576,1,67725780.000,2,1,1,空开,S,4476.6000,4476.0000,4470.4000,4470.0000,4460.2000,4487.4000,4488.8000,4490.0000,4494.6000,4550.0000,1,1,7,5,2,1,1,5,2,1
SF,IF2106,2020-10-26 09:32:30.000,4487.4000,2576,0,67725780.000,0,-,-,-,-,4479.8000,4479.2000,4476.8000,4476.6000,4476.0000,4487.2000,4487.4000,4488.8000,4490.0000,4494.6000,2,1,1,1,1,1,1,1,5,2
SF,IF2106,2020-10-26 09:32:30.500,4487.4000,2576,0,67725780.000,0,-,-,-,-,4480.0000,4479.8000,4476.6000,4476.0000,4470.0000,4487.0000,4487.2000,4488.8000,4490.0000,4494.6000,1,2,1,1,5,1,1,1,5,2
SF,IF2106,2020-10-26 09:32:31.000,4487.0000,2576,0,69071880.000,1,0,1,多换,S,4480.2000,4479.8000,4476.6000,4476.0000,4470.0000,4490.0000,4494.6000,4550.0000,4554.0000,4559.8000,1,2,1,1,5,5,2,1,1,1
SF,IF2106,2020-10-26 09:32:31.500,4487.0000,2576,0,69071880.000,0,-,-,-,-,4482.4000,4480.4000,4480.2000,4479.8000,4476.6000,4489.8000,4490.0000,4494.6000,4550.0000,4554.0000,1,1,1,2,1,2,5,2,1,1
SF,IF2106,2020-10-26 09:32:32.000,4487.0000,2576,0,69071880.000,0,-,-,-,-,4482.6000,4482.4000,4476.6000,4476.0000,4470.0000,4489.8000,4494.6000,4495.0000,4550.0000,4554.0000,2,3,1,1,5,1,2,5,1,1
SF,IF2106,2020-10-26 09:32:33.000,4487.0000,2576,0,69071880.000,0,-,-,-,-,4483.6000,4482.6000,4482.4000,4476.6000,4476.0000,4494.6000,4495.0000,4550.0000,4554.0000,4559.8000,1,2,3,1,1,2,5,1,1,1
SF,IF2106,2020-10-26 09:32:33.500,4487.0000,2576,0,69071880.000,0,-,-,-,-,4485.0000,4483.8000,4483.6000,4482.4000,4476.6000,4492.8000,4494.4000,4494.6000,4495.0000,4550.0000,1,2,1,2,1,1,2,2,5,1
SF,IF2106,2020-10-26 09:32:34.000,4487.0000,2576,0,69071880.000,0,-,-,-,-,4485.2000,4485.0000,4483.6000,4482.4000,4476.6000,4492.6000,4494.6000,4495.0000,4550.0000,4554.0000,2,2,1,1,1,1,2,5,1,1
SF,IF2106,2020-10-26 09:32:34.500,4487.0000,2576,0,69071880.000,0,-,-,-,-,4485.2000,4485.0000,4483.6000,4482.4000,4476.6000,4492.4000,4492.6000,4494.6000,4495.0000,4550.0000,2,1,1,1,1,1,1,2,5,1
SF,IF2106,2020-10-26 09:32:35.000,4487.0000,2576,0,69071880.000,0,-,-,-,-,4489.8000,4485.2000,4485.0000,4483.6000,4482.4000,4492.2000,4494.6000,4495.0000,4508.0000,4550.0000,1,2,1,1,1,1,2,5,1,1
SF,IF2106,2020-10-26 09:32:35.500,4489.8000,2576,0,70418820.000,1,0,1,多换,S,4485.2000,4485.0000,4483.6000,4482.4000,4476.6000,4492.2000,4494.6000,4495.0000,4508.0000,4550.0000,2,1,1,1,1,2,2,5,1,1
SF,IF2106,2020-10-26 09:32:36.000,4489.8000,2576,0,70418820.000,0,-,-,-,-,4485.2000,4485.0000,4483.6000,4482.4000,4476.6000,4492.2000,4494.6000,4495.0000,4508.0000,4550.0000,2,1,1,1,1,1,2,5,1,1
SF,IF2106,2020-10-26 09:32:36.500,4489.8000,2576,0,70418820.000,0,-,-,-,-,4485.2000,4485.0000,4483.6000,4482.4000,4476.6000,4494.6000,4495.0000,4508.0000,4550.0000,4554.0000,2,1,1,1,1,2,5,1,1,1
SF,IF2106,2020-10-26 09:32:37.000,4489.8000,2576,0,70418820.000,0,-,-,-,-,4485.8000,4485.2000,4485.0000,4482.4000,4476.6000,4491.6000,4494.4000,4494.6000,4500.0000,4508.0000,1,2,1,1,1,1,2,2,5,1
SF,IF2106,2020-10-26 09:32:37.500,4489.8000,2576,0,70418820.000,0,-,-,-,-,4486.0000,4485.8000,4485.0000,4482.4000,4476.6000,4500.0000,4508.0000,4550.0000,4554.0000,4559.8000,3,1,1,1,1,5,1,1,1,1
SF,IF2106,2020-10-26 09:32:38.000,4489.8000,2576,0,70418820.000,0,-,-,-,-,4486.2000,4486.0000,4485.0000,4482.4000,4476.6000,4495.4000,4499.8000,4500.0000,4508.0000,4550.0000,1,2,1,1,1,1,2,5,1,1
SF,IF2106,2020-10-26 09:32:38.500,4489.8000,2576,0,70418820.000,0,-,-,-,-,4486.4000,4485.0000,4482.4000,4476.6000,4476.0000,4495.2000,4495.4000,4499.6000,4500.0000,4508.0000,2,1,1,1,1,1,1,2,5,1
SF,IF2106,2020-10-26 09:32:39.000,4489.8000,2576,0,70418820.000,0,-,-,-,-,4486.4000,4485.0000,4482.4000,4476.6000,4476.0000,4495.2000,4495.4000,4499.6000,4500.0000,4508.0000,2,1,1,1,1,2,1,2,5,1
SF,IF2106,2020-10-26 09:32:40.000,4489.8000,2576,0,70418820.000,0,-,-,-,-,4487.6000,4486.4000,4482.4000,4476.6000,4476.0000,4495.2000,4495.4000,4499.6000,4500.0000,4508.0000,1,2,1,1,1,2,1,2,5,1
SF,IF2106,2020-10-26 09:32:40.500,4489.8000,2576,0,70418820.000,0,-,-,-,-,4487.8000,4487.6000,4482.4000,4476.6000,4476.0000,4495.2000,4495.4000,4499.6000,4500.0000,4508.0000,2,1,1,1,1,2,1,2,5,1
SF,IF2106,2020-10-26 09:32:41.000,4489.8000,2576,0,70418820.000,0,-,-,-,-,4487.8000,4487.6000,4482.4000,4476.6000,4476.0000,4495.2000,4499.6000,4500.0000,4508.0000,4550.0000,2,1,1,1,1,2,2,5,1,1
SF,IF2106,2020-10-26 09:32:41.500,4489.8000,2576,0,70418820.000,0,-,-,-,-,4488.0000,4487.8000,4487.6000,4482.4000,4476.6000,4495.2000,4499.6000,4500.0000,4508.0000,4550.0000,1,2,1,1,1,1,2,5,1,1
SF,IF2106,2020-10-26 09:32:42.000,4489.8000,2576,0,70418820.000,0,-,-,-,-,4488.2000,4487.6000,4482.4000,4476.6000,4476.0000,4495.2000,4499.6000,4500.0000,4508.0000,4550.0000,2,1,1,1,1,1,2,5,1,1
SF,IF2106,2020-10-26 09:32:42.500,4489.8000,2576,0,70418820.000,0,-,-,-,-,4488.4000,4488.2000,4487.6000,4482.4000,4476.6000,4495.2000,4499.6000,4500.0000,4508.0000,4550.0000,1,2,1,1,1,1,2,5,1,1
SF,IF2106,2020-10-26 09:32:43.000,4489.8000,2576,0,70418820.000,0,-,-,-,-,4488.6000,4488.4000,4487.6000,4482.4000,4476.6000,4499.6000,4500.0000,4508.0000,4550.0000,4554.0000,2,1,1,1,1,2,5,1,1,1
SF,IF2106,2020-10-26 09:32:43.500,4489.8000,2576,0,70418820.000,0,-,-,-,-,4488.6000,4488.4000,4487.6000,4482.4000,4476.6000,4498.0000,4499.4000,4499.6000,4500.0000,4508.0000,2,1,1,1,1,1,1,2,5,1
SF,IF2106,2020-10-26 09:32:44.000,4489.8000,2576,0,70418820.000,0,-,-,-,-,4488.6000,4488.4000,4487.6000,4482.4000,4476.6000,4497.8000,4498.0000,4499.6000,4500.0000,4508.0000,2,1,1,1,1,1,1,2,5,1
SF,IF2106,2020-10-26 09:32:46.000,4489.8000,2576,0,70418820.000,0,-,-,-,-,4490.2000,4488.6000,4488.4000,4482.4000,4476.6000,4497.8000,4499.6000,4500.0000,4508.0000,4550.0000,2,2,1,1,1,1,2,5,1,1
SF,IF2106,2020-10-26 09:32:46.500,4489.8000,2576,0,70418820.000,0,-,-,-,-,4490.4000,4488.4000,4482.4000,4476.6000,4476.0000,4497.8000,4499.6000,4500.0000,4508.0000,4550.0000,2,1,1,1,1,1,2,5,1,1
SF,IF2106,2020-10-26 09:32:48.500,4489.8000,2576,0,70418820.000,0,-,-,-,-,4490.4000,4488.4000,4482.4000,4476.6000,4476.0000,4495.4000,4497.8000,4499.6000,4500.0000,4508.0000,2,1,1,1,1,1,1,2,5,1
SF,IF2106,2020-10-26 09:32:49.000,4489.8000,2576,0,70418820.000,0,-,-,-,-,4490.4000,4488.4000,4482.4000,4476.6000,4476.0000,4495.2000,4495.4000,4499.6000,4500.0000,4508.0000,1,1,1,1,1,1,1,2,5,1
SF,IF2106,2020-10-26 09:32:49.500,4489.8000,2576,0,70418820.000,0,-,-,-,-,4490.6000,4490.4000,4488.4000,4482.4000,4476.6000,4495.2000,4499.6000,4500.0000,4508.0000,4550.0000,1,1,1,1,1,1,2,5,1,1
SF,IF2106,2020-10-26 09:32:50.000,4489.8000,2576,0,70418820.000,0,-,-,-,-,4490.8000,4490.6000,4488.4000,4482.4000,4476.6000,4495.2000,4499.6000,4500.0000,4508.0000,4550.0000,1,1,1,1,1,1,2,5,1,1
SF,IF2106,2020-10-26 09:32:50.500,4489.8000,2576,0,70418820.000,0,-,-,-,-,4491.0000,4490.8000,4488.4000,4482.4000,4476.6000,4495.2000,4499.6000,4500.0000,4508.0000,4550.0000,1,1,1,1,1,1,2,5,1,1
SF,IF2106,2020-10-26 09:32:51.000,4489.8000,2576,0,70418820.000,0,-,-,-,-,4491.2000,4491.0000,4488.4000,4482.4000,4476.6000,4499.6000,4500.0000,4508.0000,4550.0000,4554.0000,1,1,1,1,1,2,5,1,1,1
SF,IF2106,2020-10-26 09:32:51.500,4489.8000,2576,0,70418820.000,0,-,-,-,-,4491.4000,4491.2000,4488.4000,4482.4000,4476.6000,4498.0000,4499.4000,4499.6000,4500.0000,4508.0000,1,1,1,1,1,1,1,2,5,1
SF,IF2106,2020-10-26 09:32:52.000,4489.8000,2576,0,70418820.000,0,-,-,-,-,4491.6000,4491.4000,4488.4000,4482.4000,4476.6000,4497.8000,4498.0000,4499.6000,4500.0000,4508.0000,1,1,1,1,1,1,1,2,5,1
SF,IF2106,2020-10-26 09:32:52.500,4489.8000,2576,0,70418820.000,0,-,-,-,-,4491.8000,4491.6000,4488.4000,4482.4000,4476.6000,4497.8000,4498.0000,4500.0000,4508.0000,4550.0000,1,1,1,1,1,1,1,5,1,1
SF,IF2106,2020-10-26 09:32:53.000,4489.8000,2576,0,70418820.000,0,-,-,-,-,4492.0000,4491.8000,4488.4000,4482.4000,4476.6000,4497.8000,4498.0000,4500.0000,4508.0000,4550.0000,1,1,1,1,1,1,1,5,1,1
SF,IF2106,2020-10-26 09:32:53.500,4492.0000,2576,0,71766420.000,1,0,1,多换,S,4492.0000,4488.4000,4482.4000,4476.6000,4476.0000,4497.8000,4498.0000,4500.0000,4508.0000,4550.0000,1,1,1,1,1,1,1,5,1,1
SF,IF2106,2020-10-26 09:32:54.000,4492.0000,2576,0,71766420.000,0,-,-,-,-,4492.2000,4492.0000,4488.4000,4482.4000,4476.6000,4497.8000,4498.0000,4500.0000,4508.0000,4550.0000,1,1,1,1,1,1,1,5,1,1
SF,IF2106,2020-10-26 09:32:54.500,4492.0000,2576,0,71766420.000,0,-,-,-,-,4492.4000,4492.2000,4488.4000,4482.4000,4476.6000,4497.8000,4498.0000,4500.0000,4508.0000,4550.0000,1,1,1,1,1,1,1,5,1,1
SF,IF2106,2020-10-26 09:32:55.000,4492.0000,2576,0,71766420.000,0,-,-,-,-,4492.6000,4492.4000,4482.4000,4476.6000,4476.0000,4497.8000,4498.0000,4500.0000,4508.0000,4550.0000,1,1,1,1,1,1,1,5,1,1
SF,IF2106,2020-10-26 09:32:55.500,4492.0000,2576,0,71766420.000,0,-,-,-,-,4492.8000,4482.4000,4476.6000,4476.0000,4470.0000,4497.8000,4498.0000,4500.0000,4508.0000,4550.0000,1,1,1,1,5,1,1,5,1,1
SF,IF2106,2020-10-26 09:32:57.000,4492.0000,2576,0,71766420.000,0,-,-,-,-,4492.8000,4482.4000,4476.6000,4476.0000,4470.0000,4495.4000,4497.8000,4500.0000,4508.0000,4550.0000,1,1,1,1,5,1,1,5,1,1
SF,IF2106,2020-10-26 09:32:57.500,4492.8000,2576,0,73114260.000,1,0,1,多换,S,4482.4000,4476.6000,4476.0000,4470.0000,4460.2000,4495.2000,4500.0000,4508.0000,4550.0000,4554.0000,1,1,1,5,2,1,5,1,1,1
SF,IF2106,2020-10-26 09:32:58.000,4492.8000,2576,0,73114260.000,0,-,-,-,-,4488.0000,4487.6000,4485.6000,4482.6000,4482.4000,4495.0000,4495.2000,4500.0000,4508.0000,4550.0000,1,2,1,1,1,1,1,5,1,1
SF,IF2106,2020-10-26 09:32:58.500,4492.8000,2576,0,73114260.000,0,-,-,-,-,4488.2000,4488.0000,4487.6000,4485.6000,4482.4000,4495.0000,4500.0000,4508.0000,4550.0000,4554.0000,1,1,2,1,1,1,5,1,1,1
SF,IF2106,2020-10-26 09:32:59.000,4492.8000,2576,0,73114260.000,0,-,-,-,-,4490.2000,4488.2000,4488.0000,4487.6000,4485.6000,4495.0000,4500.0000,4508.0000,4550.0000,4554.0000,1,1,1,1,1,1,5,1,1,1
SF,IF2106,2020-10-26 09:32:59.500,4492.8000,2576,0,73114260.000,0,-,-,-,-,4490.4000,4490.2000,4488.8000,4488.0000,4487.6000,4495.0000,4500.0000,4508.0000,4550.0000,4554.0000,1,1,1,1,1,1,5,1,1,1
SF,IF2106,2020-10-26 09:33:00.000,4492.8000,2576,0,73114260.000,0,-,-,-,-,4490.6000,4490.4000,4490.2000,4488.8000,4488.0000,4500.0000,4500.4000,4508.0000,4550.0000,4554.0000,1,1,1,1,1,5,2,1,1,1
SF,IF2106,2020-10-26 09:33:00.500,4492.8000,2576,0,73114260.000,0,-,-,-,-,4490.8000,4490.6000,4490.2000,4488.8000,4488.0000,4498.0000,4499.8000,4500.0000,4500.4000,4508.0000,1,1,1,1,1,1,1,5,2,1
SF,IF2106,2020-10-26 09:33:01.000,4492.8000,2576,0,73114260.000,0,-,-,-,-,4491.2000,4491.0000,4490.8000,4490.2000,4488.0000,4497.8000,4498.0000,4500.0000,4500.4000,4508.0000,1,1,1,1,1,1,1,5,2,1
SF,IF2106,2020-10-26 09:33:01.500,4492.8000,2576,0,73114260.000,0,-,-,-,-,4491.4000,4491.2000,4488.0000,4485.6000,4482.4000,4497.8000,4498.0000,4500.0000,4500.4000,4508.0000,1,1,1,1,1,1,1,5,2,1
SF,IF2106,2020-10-26 09:33:02.000,4492.8000,2576,0,73114260.000,0,-,-,-,-,4491.4000,4491.2000,4485.6000,4482.4000,4480.2000,4497.8000,4498.0000,4500.0000,4500.4000,4508.0000,1,1,1,1,1,1,1,5,2,1
SF,IF2106,2020-10-26 09:33:02.500,4491.4000,2576,0,74461680.000,1,0,1,多换,S,4482.4000,4480.2000,4476.6000,4476.0000,4470.0000,4497.2000,4497.6000,4498.0000,4500.0000,4500.4000,1,1,1,1,5,1,1,1,5,2
SF,IF2106,2020-10-26 09:33:03.000,4491.4000,2576,0,74461680.000,0,-,-,-,-,4487.6000,4485.8000,4483.2000,4482.6000,4482.4000,4495.4000,4496.6000,4497.0000,4500.0000,4500.4000,2,1,1,1,1,1,1,2,5,2
SF,IF2106,2020-10-26 09:33:03.500,4491.4000,2576,0,74461680.000,0,-,-,-,-,4487.8000,4487.6000,4485.8000,4483.2000,4482.4000,4495.2000,4495.4000,4500.0000,4500.4000,4508.0000,1,1,1,1,1,2,1,5,2,1
SF,IF2106,2020-10-26 09:33:04.000,4491.4000,2576,0,74461680.000,0,-,-,-,-,4487.8000,4483.2000,4482.4000,4480.2000,4476.6000,4495.0000,4495.2000,4495.4000,4500.0000,4500.4000,1,1,1,1,1,1,2,1,5,2
SF,IF2106,2020-10-26 09:33:04.500,4491.4000,2576,0,74461680.000,0,-,-,-,-,4482.4000,4480.2000,4476.6000,4476.0000,4470.0000,4494.6000,4494.8000,4495.4000,4500.0000,4500.4000,1,1,1,1,5,1,2,1,5,2
SF,IF2106,2020-10-26 09:33:05.000,4491.4000,2576,0,74461680.000,0,-,-,-,-,4485.0000,4483.6000,4483.2000,4482.6000,4482.4000,4494.4000,4494.6000,4495.4000,4500.0000,4500.4000,2,1,1,1,1,2,1,1,5,2
SF,IF2106,2020-10-26 09:33:05.500,4491.4000,2576,0,74461680.000,0,-,-,-,-,4487.6000,4485.8000,4485.2000,4485.0000,4483.2000,4494.4000,4495.4000,4500.0000,4500.4000,4508.0000,1,1,1,1,1,2,1,5,2,1
SF,IF2106,2020-10-26 09:33:06.000,4491.4000,2576,0,74461680.000,0,-,-,-,-,4487.8000,4487.6000,4485.8000,4485.0000,4483.2000,4494.4000,4495.4000,4500.0000,4500.4000,4508.0000,1,1,1,1,1,2,1,5,2,1
SF,IF2106,2020-10-26 09:33:06.500,4491.4000,2576,0,74461680.000,0,-,-,-,-,4487.8000,4487.6000,4485.8000,4483.2000,4482.4000,4494.4000,4500.0000,4500.4000,4508.0000,4550.0000,1,1,1,1,1,1,5,2,1,1
SF,IF2106,2020-10-26 09:33:07.000,4491.4000,2576,0,74461680.000,0,-,-,-,-,4488.0000,4487.8000,4487.6000,4485.8000,4482.4000,4494.4000,4500.0000,4500.4000,4508.0000,4550.0000,1,1,1,1,1,1,5,2,1,1
SF,IF2106,2020-10-26 09:33:07.500,4491.4000,2576,0,74461680.000,0,-,-,-,-,4488.2000,4488.0000,4487.6000,4485.8000,4482.4000,4494.2000,4494.4000,4500.0000,4500.4000,4508.0000,1,1,1,1,1,1,1,5,2,1
SF,IF2106,2020-10-26 09:33:08.000,4491.4000,2576,0,74461680.000,0,-,-,-,-,4488.2000,4488.0000,4487.6000,4485.8000,4482.4000,4494.0000,4494.2000,4500.0000,4500.4000,4508.0000,1,1,1,1,1,1,1,5,2,1
SF,IF2106,2020-10-26 09:33:08.500,4491.4000,2576,0,74461680.000,0,-,-,-,-,4488.2000,4488.0000,4487.6000,4485.8000,4482.4000,4493.8000,4494.0000,4500.0000,4500.4000,4508.0000,1,1,1,1,1,1,1,5,2,1
SF,IF2106,2020-10-26 09:33:09.000,4491.4000,2576,0,74461680.000,0,-,-,-,-,4488.2000,4487.6000,4485.8000,4482.4000,4480.2000,4493.6000,4493.8000,4500.0000,4500.4000,4508.0000,1,1,1,1,1,1,1,5,2,1
SF,IF2106,2020-10-26 09:33:09.500,4491.4000,2576,0,74461680.000,0,-,-,-,-,4488.2000,4487.6000,4485.8000,4482.4000,4480.2000,4493.6000,4500.0000,4500.4000,4508.0000,4550.0000,1,1,1,1,1,1,5,2,1,1
SF,IF2106,2020-10-26 09:33:10.000,4491.4000,2576,0,74461680.000,0,-,-,-,-,4490.0000,4488.2000,4487.6000,4482.4000,4480.2000,4493.6000,4500.0000,4500.4000,4508.0000,4550.0000,1,1,1,1,1,1,5,2,1,1
SF,IF2106,2020-10-26 09:33:10.500,4491.4000,2576,0,74461680.000,0,-,-,-,-,4490.2000,4490.0000,4487.6000,4482.4000,4480.2000,4493.6000,4500.0000,4500.4000,4508.0000,4550.0000,1,1,1,1,1,1,5,2,1,1
SF,IF2106,2020-10-26 09:33:12.000,4491.4000,2576,0,74461680.000,0,-,-,-,-,4490.2000,4490.0000,4487.6000,4482.4000,4480.2000,4493.6000,4500.0000,4508.0000,4550.0000,4554.0000,1,1,1,1,1,1,5,1,1,1
SF,IF2106,2020-10-26 09:33:12.500,4491.4000,2576,0,74461680.000,0,-,-,-,-,4490.2000,4490.0000,4487.6000,4482.4000,4480.2000,4493.6000,4500.0000,4508.0000,4550.0000,4554.0000,1,1,1,1,1,1,5,1,1,1
SF,IF2106,2020-10-26 09:33:14.000,4491.4000,2576,0,74461680.000,0,-,-,-,-,4490.2000,4490.0000,4487.6000,4482.4000,4480.2000,4493.6000,4500.0000,4508.0000,4550.0000,4554.0000,1,1,1,1,1,1,5,1,1,1
SF,IF2106,2020-10-26 09:33:16.500,4491.4000,2576,0,74461680.000,0,-,-,-,-,4490.2000,4490.0000,4487.6000,4482.4000,4480.2000,4493.6000,4500.0000,4508.0000,4550.0000,4554.0000,1,1,1,1,1,1,5,1,1,1
SF,IF2106,2020-10-26 09:33:19.500,4490.2000,2575,-1,75808740.000,1,0,1,双平,S,4490.0000,4482.4000,4480.2000,4476.6000,4476.0000,4493.6000,4500.0000,4508.0000,4550.0000,4554.0000,1,1,1,1,1,1,5,1,1,1
SF,IF2106,2020-10-26 09:33:20.000,4490.2000,2575,0,75808740.000,0,-,-,-,-,4490.0000,4482.4000,4480.2000,4476.6000,4476.0000,4493.4000,4493.6000,4500.0000,4508.0000,4550.0000,1,1,1,1,1,1,1,5,1,1
SF,IF2106,2020-10-26 09:33:20.500,4490.2000,2575,0,75808740.000,0,-,-,-,-,4490.0000,4482.4000,4480.2000,4476.6000,4476.0000,4493.2000,4493.4000,4500.0000,4508.0000,4550.0000,1,1,1,1,1,1,1,5,1,1
SF,IF2106,2020-10-26 09:33:21.000,4490.2000,2575,0,75808740.000,0,-,-,-,-,4490.0000,4482.4000,4480.2000,4476.6000,4476.0000,4493.0000,4493.2000,4500.0000,4508.0000,4550.0000,1,1,1,1,1,1,1,5,1,1
SF,IF2106,2020-10-26 09:33:22.500,4490.2000,2575,0,75808740.000,0,-,-,-,-,4490.0000,4482.4000,4480.2000,4476.6000,4476.0000,4493.0000,4493.2000,4500.0000,4508.0000,4550.0000,2,1,1,1,1,1,1,5,1,1
SF,IF2106,2020-10-26 09:33:24.500,4493.0000,2575,0,77156640.000,1,0,1,多换,S,4490.0000,4482.4000,4480.2000,4476.6000,4476.0000,4493.2000,4500.0000,4508.0000,4550.0000,4554.0000,2,1,1,1,1,1,5,1,1,1
SF,IF2106,2020-10-26 09:33:25.000,4493.0000,2575,0,77156640.000,0,-,-,-,-,4490.2000,4490.0000,4482.4000,4480.2000,4476.6000,4493.2000,4500.0000,4508.0000,4550.0000,4554.0000,1,2,1,1,1,1,5,1,1,1
SF,IF2106,2020-10-26 09:33:25.500,4493.2000,2575,0,78504600.000,1,0,1,多换,S,4490.2000,4490.0000,4482.4000,4480.2000,4476.6000,4500.0000,4508.0000,4550.0000,4554.0000,4559.8000,1,2,1,1,1,5,1,1,1,1
SF,IF2106,2020-10-26 09:33:26.000,4493.2000,2575,0,78504600.000,0,-,-,-,-,4490.4000,4490.2000,4490.0000,4482.4000,4480.2000,4492.0000,4498.0000,4499.8000,4500.0000,4508.0000,1,1,2,1,1,1,1,1,5,1
SF,IF2106,2020-10-26 09:33:26.500,4492.0000,2574,-1,79852200.000,1,0,1,双平,S,4490.0000,4482.4000,4480.2000,4476.6000,4476.0000,4498.0000,4499.8000,4500.0000,4508.0000,4550.0000,2,1,1,1,1,1,1,5,1,1
SF,IF2106,2020-10-26 09:33:27.000,4492.0000,2574,0,79852200.000,0,-,-,-,-,4490.2000,4490.0000,4482.4000,4480.2000,4476.6000,4497.8000,4498.0000,4500.0000,4508.0000,4550.0000,2,2,1,1,1,1,1,5,1,1
SF,IF2106,2020-10-26 09:33:28.500,4492.0000,2574,0,79852200.000,0,-,-,-,-,4490.2000,4490.0000,4482.4000,4480.2000,4476.6000,4497.8000,4498.0000,4500.0000,4508.0000,4550.0000,3,2,1,1,1,1,1,5,1,1
SF,IF2106,2020-10-26 09:33:29.000,4492.0000,2574,0,79852200.000,0,-,-,-,-,4490.2000,4490.0000,4482.4000,4480.2000,4476.6000,4497.8000,4500.0000,4508.0000,4550.0000,4554.0000,4,2,1,1,1,1,5,1,1,1
SF,IF2106,2020-10-26 09:33:29.500,4492.0000,2574,0,79852200.000,0,-,-,-,-,4490.8000,4490.2000,4490.0000,4482.4000,4480.2000,4500.0000,4508.0000,4550.0000,4554.0000,4559.8000,1,4,2,1,1,5,1,1,1,1
SF,IF2106,2020-10-26 09:33:30.000,4492.0000,2574,0,79852200.000,0,-,-,-,-,4492.8000,4491.2000,4491.0000,4490.0000,4482.4000,4499.8000,4500.0000,4508.0000,4550.0000,4554.0000,2,1,2,2,1,1,5,1,1,1
SF,IF2106,2020-10-26 09:33:30.500,4492.0000,2574,0,79852200.000,0,-,-,-,-,4493.0000,4491.8000,4490.0000,4482.4000,4480.2000,4499.8000,4500.0000,4508.0000,4550.0000,4554.0000,2,1,2,1,1,1,5,1,1,1
SF,IF2106,2020-10-26 09:33:31.000,4492.0000,2574,0,79852200.000,0,-,-,-,-,4493.0000,4492.6000,4490.0000,4482.4000,4480.2000,4499.8000,4500.0000,4508.0000,4550.0000,4554.0000,2,1,2,1,1,1,5,1,1,1
SF,IF2106,2020-10-26 09:33:31.500,4492.0000,2574,0,79852200.000,0,-,-,-,-,4493.4000,4493.0000,4490.0000,4482.4000,4480.2000,4499.8000,4500.0000,4508.0000,4550.0000,4554.0000,1,2,2,1,1,1,5,1,1,1
SF,IF2106,2020-10-26 09:33:32.000,4492.0000,2574,0,79852200.000,0,-,-,-,-,4493.6000,4493.4000,4490.0000,4482.4000,4480.2000,4499.8000,4500.0000,4508.0000,4550.0000,4554.0000,2,1,2,1,1,1,5,1,1,1
SF,IF2106,2020-10-26 09:33:32.500,4492.0000,2574,0,79852200.000,0,-,-,-,-,4493.6000,4490.0000,4482.4000,4480.2000,4476.6000,4499.8000,4505.0000,4508.0000,4550.0000,4554.0000,2,2,1,1,1,1,5,1,1,1
SF,IF2106,2020-10-26 09:33:33.500,4492.0000,2574,0,79852200.000,0,-,-,-,-,4493.6000,4490.0000,4482.4000,4480.2000,4476.6000,4499.8000,4505.0000,4508.0000,4550.0000,4554.0000,2,2,1,1,1,1,5,1,1,1
SF,IF2106,2020-10-26 09:33:34.000,4492.0000,2574,0,79852200.000,0,-,-,-,-,4493.6000,4490.0000,4482.4000,4480.2000,4476.6000,4505.0000,4508.0000,4550.0000,4554.0000,4559.8000,2,2,1,1,1,5,1,1,1,1
SF,IF2106,2020-10-26 09:33:34.500,4492.0000,2574,0,79852200.000,0,-,-,-,-,4493.8000,4493.6000,4490.0000,4482.4000,4480.2000,4503.2000,4504.8000,4505.0000,4508.0000,4550.0000,1,2,2,1,1,1,1,5,1,1
SF,IF2106,2020-10-26 09:33:35.000,4492.0000,2574,0,79852200.000,0,-,-,-,-,4494.0000,4493.8000,4490.0000,4482.4000,4480.2000,4503.0000,4503.2000,4505.0000,4508.0000,4550.0000,2,1,2,1,1,1,1,5,1,1
SF,IF2106,2020-10-26 09:33:36.000,4492.0000,2574,0,79852200.000,0,-,-,-,-,4494.0000,4493.8000,4490.0000,4482.4000,4480.2000,4500.6000,4503.0000,4505.0000,4508.0000,4550.0000,2,1,2,1,1,1,1,5,1,1
SF,IF2106,2020-10-26 09:33:36.500,4492.0000,2574,0,79852200.000,0,-,-,-,-,4494.0000,4493.8000,4490.0000,4482.4000,4480.2000,4498.0000,4500.4000,4505.0000,4508.0000,4550.0000,2,1,2,1,1,1,1,5,1,1
SF,IF2106,2020-10-26 09:33:37.000,4492.0000,2574,0,79852200.000,0,-,-,-,-,4494.0000,4493.8000,4490.0000,4482.4000,4480.2000,4497.8000,4505.0000,4508.0000,4550.0000,4554.0000,2,1,2,1,1,1,5,1,1,1
SF,IF2106,2020-10-26 09:33:37.500,4492.0000,2574,0,79852200.000,0,-,-,-,-,4494.0000,4493.8000,4490.0000,4482.4000,4480.2000,4497.6000,4505.0000,4508.0000,4550.0000,4554.0000,1,1,2,1,1,1,5,1,1,1
SF,IF2106,2020-10-26 09:33:38.000,4497.6000,2574,0,81201480.000,1,0,1,多换,S,4494.2000,4494.0000,4493.8000,4490.0000,4482.4000,4505.0000,4508.0000,4550.0000,4554.0000,4559.8000,1,1,1,2,1,5,1,1,1,1
SF,IF2106,2020-10-26 09:33:38.500,4497.6000,2574,0,81201480.000,0,-,-,-,-,4494.4000,4494.2000,4493.8000,4490.0000,4482.4000,4500.6000,4504.4000,4504.8000,4505.0000,4508.0000,1,1,1,2,1,1,2,1,5,1
SF,IF2106,2020-10-26 09:33:39.000,4497.6000,2574,0,81201480.000,0,-,-,-,-,4494.6000,4494.4000,4493.8000,4490.0000,4482.4000,4500.4000,4504.4000,4505.0000,4508.0000,4550.0000,1,1,1,2,1,1,2,5,1,1
SF,IF2106,2020-10-26 09:33:39.500,4497.6000,2574,0,81201480.000,0,-,-,-,-,4494.8000,4494.6000,4493.8000,4490.0000,4482.4000,4500.4000,4504.4000,4505.0000,4508.0000,4550.0000,1,1,1,2,1,1,2,5,1,1
SF,IF2106,2020-10-26 09:33:40.000,4497.6000,2574,0,81201480.000,0,-,-,-,-,4495.0000,4494.8000,4493.8000,4490.0000,4482.4000,4500.4000,4504.4000,4505.0000,4508.0000,4550.0000,1,1,1,2,1,1,2,5,1,1
SF,IF2106,2020-10-26 09:33:40.500,4497.6000,2574,0,81201480.000,0,-,-,-,-,4495.2000,4495.0000,4493.8000,4490.0000,4482.4000,4500.4000,4504.4000,4505.0000,4508.0000,4550.0000,1,1,1,2,1,1,2,5,1,1
SF,IF2106,2020-10-26 09:33:41.000,4497.6000,2574,0,81201480.000,0,-,-,-,-,4495.4000,4495.2000,4493.8000,4490.0000,4482.4000,4500.4000,4504.4000,4505.0000,4508.0000,4550.0000,1,1,1,2,1,1,2,5,1,1
SF,IF2106,2020-10-26 09:33:41.500,4497.6000,2574,0,81201480.000,0,-,-,-,-,4495.6000,4495.4000,4493.8000,4490.0000,4482.4000,4500.4000,4504.4000,4505.0000,4508.0000,4550.0000,1,1,1,2,1,1,2,5,1,1
SF,IF2106,2020-10-26 09:33:42.000,4497.6000,2574,0,81201480.000,0,-,-,-,-,4495.8000,4495.6000,4493.8000,4490.0000,4482.4000,4500.4000,4504.4000,4505.0000,4508.0000,4550.0000,1,1,1,2,1,1,2,5,1,1
SF,IF2106,2020-10-26 09:33:42.500,4497.6000,2574,0,81201480.000,0,-,-,-,-,4496.0000,4495.8000,4493.8000,4490.0000,4482.4000,4500.4000,4504.4000,4505.0000,4508.0000,4550.0000,1,1,1,2,1,1,2,5,1,1
SF,IF2106,2020-10-26 09:33:43.000,4497.6000,2574,0,81201480.000,0,-,-,-,-,4496.2000,4496.0000,4493.8000,4490.0000,4482.4000,4500.4000,4504.4000,4505.0000,4508.0000,4550.0000,1,1,1,2,1,1,2,5,1,1
SF,IF2106,2020-10-26 09:33:43.500,4497.6000,2574,0,81201480.000,0,-,-,-,-,4496.4000,4496.2000,4493.8000,4490.0000,4488.0000,4504.4000,4505.0000,4508.0000,4550.0000,4554.0000,1,1,1,2,1,2,5,1,1,1
SF,IF2106,2020-10-26 09:33:44.000,4497.6000,2574,0,81201480.000,0,-,-,-,-,4496.8000,4496.6000,4496.4000,4490.0000,4488.0000,4503.2000,4504.2000,4504.4000,4505.0000,4508.0000,1,1,1,2,1,1,1,2,5,1
SF,IF2106,2020-10-26 09:33:44.500,4497.6000,2574,0,81201480.000,0,-,-,-,-,4497.0000,4496.8000,4490.0000,4488.0000,4482.4000,4503.0000,4503.2000,4504.4000,4505.0000,4508.0000,2,1,2,1,1,1,1,2,5,1
SF,IF2106,2020-10-26 09:33:45.000,4497.6000,2574,0,81201480.000,0,-,-,-,-,4497.0000,4496.8000,4490.0000,4488.0000,4482.4000,4503.0000,4503.2000,4504.4000,4505.0000,4508.0000,1,1,2,1,1,1,1,2,5,1
SF,IF2106,2020-10-26 09:33:46.000,4497.6000,2574,0,81201480.000,0,-,-,-,-,4497.0000,4496.8000,4490.0000,4488.0000,4482.4000,4500.6000,4503.0000,4504.4000,4505.0000,4508.0000,1,1,2,1,1,1,1,2,5,1
SF,IF2106,2020-10-26 09:33:46.500,4497.6000,2574,0,81201480.000,0,-,-,-,-,4497.0000,4496.8000,4490.0000,4488.0000,4486.6000,4500.4000,4500.6000,4504.4000,4505.0000,4508.0000,1,1,2,1,1,1,1,2,5,1
SF,IF2106,2020-10-26 09:33:47.000,4497.6000,2574,0,81201480.000,0,-,-,-,-,4497.0000,4496.8000,4490.0000,4488.0000,4486.6000,4500.4000,4504.4000,4505.0000,4508.0000,4550.0000,1,1,2,1,1,1,2,5,1,1
SF,IF2106,2020-10-26 09:33:53.500,4497.6000,2574,0,81201480.000,0,-,-,-,-,4497.0000,4490.0000,4488.0000,4486.6000,4482.4000,4500.4000,4504.4000,4505.0000,4508.0000,4550.0000,1,2,1,1,1,1,2,5,1,1
SF,IF2106,2020-10-26 09:33:54.500,4497.0000,2574,0,82550580.000,1,0,1,多换,S,4490.0000,4488.0000,4486.6000,4482.4000,4480.2000,4500.4000,4504.4000,4505.0000,4508.0000,4509.0000,2,1,1,1,1,1,2,5,1,1
SF,IF2106,2020-10-26 09:33:55.000,4497.0000,2574,0,82550580.000,0,-,-,-,-,4492.8000,4492.4000,4490.4000,4490.2000,4490.0000,4500.4000,4504.4000,4505.0000,4508.0000,4509.0000,2,1,1,2,2,1,2,5,1,1
SF,IF2106,2020-10-26 09:33:55.500,4497.0000,2574,0,82550580.000,0,-,-,-,-,4493.0000,4492.8000,4492.4000,4490.4000,4490.0000,4500.4000,4504.4000,4505.0000,4508.0000,4509.0000,2,2,1,1,2,1,2,5,1,1
SF,IF2106,2020-10-26 09:33:56.000,4497.0000,2574,0,82550580.000,0,-,-,-,-,4493.0000,4492.8000,4492.4000,4490.4000,4490.0000,4504.4000,4505.0000,4508.0000,4509.0000,4550.0000,2,2,1,1,2,2,5,1,1,1
SF,IF2106,2020-10-26 09:33:56.500,4497.0000,2574,0,82550580.000,0,-,-,-,-,4495.4000,4493.0000,4492.4000,4490.4000,4490.0000,4503.2000,4504.2000,4504.4000,4505.0000,4508.0000,2,2,1,1,2,1,1,2,5,1
SF,IF2106,2020-10-26 09:33:57.000,4497.0000,2574,0,82550580.000,0,-,-,-,-,4495.6000,4495.4000,4490.4000,4490.0000,4488.0000,4503.0000,4503.2000,4504.4000,4505.0000,4508.0000,2,2,1,2,1,1,1,2,5,1
SF,IF2106,2020-10-26 09:33:57.500,4497.0000,2574,0,82550580.000,0,-,-,-,-,4495.6000,4495.4000,4490.4000,4490.0000,4488.0000,4503.0000,4504.4000,4505.0000,4508.0000,4509.0000,2,1,1,2,1,1,2,5,1,1
SF,IF2106,2020-10-26 09:33:58.000,4497.0000,2574,0,82550580.000,0,-,-,-,-,4495.6000,4495.4000,4490.0000,4488.0000,4486.6000,4503.0000,4504.4000,4505.0000,4508.0000,4509.0000,2,1,2,1,1,1,2,5,1,1
SF,IF2106,2020-10-26 09:33:59.000,4497.0000,2574,0,82550580.000,0,-,-,-,-,4495.6000,4495.4000,4490.0000,4488.0000,4486.6000,4503.0000,4504.4000,4505.0000,4508.0000,4509.0000,2,1,2,1,1,1,2,5,1,1
SF,IF2106,2020-10-26 09:33:59.500,4497.0000,2574,0,82550580.000,0,-,-,-,-,4495.6000,4495.4000,4490.0000,4488.0000,4486.6000,4502.8000,4503.0000,4504.4000,4505.0000,4508.0000,1,1,2,1,1,1,1,2,5,1
SF,IF2106,2020-10-26 09:34:00.000,4497.0000,2574,0,82550580.000,0,-,-,-,-,4495.6000,4495.4000,4490.0000,4488.0000,4486.6000,4502.6000,4502.8000,4504.4000,4505.0000,4508.0000,1,1,2,1,1,1,1,2,5,1
SF,IF2106,2020-10-26 09:34:00.500,4497.0000,2574,0,82550580.000,0,-,-,-,-,4495.8000,4495.6000,4495.4000,4490.0000,4488.0000,4502.6000,4504.4000,4505.0000,4508.0000,4509.0000,1,1,1,2,1,1,2,5,1,1
SF,IF2106,2020-10-26 09:34:01.000,4497.0000,2574,0,82550580.000,0,-,-,-,-,4496.0000,4495.8000,4495.4000,4490.0000,4488.0000,4502.6000,4504.4000,4505.0000,4508.0000,4509.0000,1,1,1,2,1,1,2,5,1,1
SF,IF2106,2020-10-26 09:34:01.500,4497.0000,2574,0,82550580.000,0,-,-,-,-,4496.2000,4496.0000,4495.4000,4490.0000,4488.0000,4502.6000,4504.4000,4505.0000,4508.0000,4509.0000,1,1,1,2,1,1,2,5,1,1
SF,IF2106,2020-10-26 09:34:02.000,4497.0000,2574,0,82550580.000,0,-,-,-,-,4496.4000,4496.2000,4495.4000,4490.0000,4488.0000,4502.6000,4505.0000,4508.0000,4509.0000,4544.2000,1,1,1,2,1,1,5,1,1,5
SF,IF2106,2020-10-26 09:34:02.500,4497.0000,2574,0,82550580.000,0,-,-,-,-,4496.6000,4496.4000,4495.4000,4490.0000,4488.0000,4508.0000,4509.0000,4510.0000,4544.2000,4550.0000,1,1,1,2,1,1,1,5,5,1
SF,IF2106,2020-10-26 09:34:03.000,4497.0000,2574,0,82550580.000,0,-,-,-,-,4496.8000,4496.6000,4495.4000,4490.0000,4488.0000,4505.8000,4507.8000,4508.0000,4509.0000,4510.0000,1,1,1,2,1,1,1,1,1,5
SF,IF2106,2020-10-26 09:34:03.500,4497.0000,2574,0,82550580.000,0,-,-,-,-,4497.0000,4496.8000,4495.4000,4490.0000,4488.0000,4505.6000,4505.8000,4508.0000,4509.0000,4510.0000,1,1,1,2,1,1,1,1,1,5
SF,IF2106,2020-10-26 09:34:04.000,4497.0000,2574,0,82550580.000,0,-,-,-,-,4497.2000,4497.0000,4495.4000,4490.0000,4488.0000,4505.6000,4505.8000,4508.0000,4509.0000,4510.0000,1,1,1,2,1,1,1,1,1,5
SF,IF2106,2020-10-26 09:34:04.500,4497.0000,2574,0,82550580.000,0,-,-,-,-,4495.4000,4490.0000,4488.0000,4486.6000,4482.4000,4503.2000,4505.4000,4505.6000,4508.0000,4509.0000,1,2,1,1,1,1,1,1,1,1
SF,IF2106,2020-10-26 09:34:05.000,4497.0000,2574,0,82550580.000,0,-,-,-,-,4495.6000,4495.4000,4490.0000,4488.0000,4486.6000,4503.0000,4503.2000,4508.0000,4509.0000,4510.0000,1,1,2,1,1,2,1,1,1,5
SF,IF2106,2020-10-26 09:34:06.000,4497.0000,2574,0,82550580.000,0,-,-,-,-,4499.4000,4495.6000,4490.0000,4488.0000,4486.6000,4503.0000,4503.2000,4508.0000,4509.0000,4510.0000,4,1,2,1,1,2,1,1,1,5
SF,IF2106,2020-10-26 09:34:06.500,4499.4000,2574,0,86600040.000,3,1,2,多换,S,4499.4000,4490.0000,4488.0000,4486.6000,4482.4000,4503.0000,4503.2000,4508.0000,4509.0000,4510.0000,1,2,1,1,1,1,1,1,1,5
SF,IF2106,2020-10-26 09:34:07.000,4499.4000,2574,0,87949860.000,1,0,1,多换,S,4490.0000,4488.0000,4486.6000,4482.4000,4480.2000,4503.0000,4503.2000,4508.0000,4509.0000,4510.0000,2,1,1,1,1,1,1,1,1,5
SF,IF2106,2020-10-26 09:34:07.500,4499.4000,2574,0,87949860.000,0,-,-,-,-,4492.8000,4492.4000,4490.4000,4490.2000,4490.0000,4502.8000,4503.0000,4503.2000,4508.0000,4509.0000,2,1,1,1,2,1,1,1,1,1
SF,IF2106,2020-10-26 09:34:08.000,4499.4000,2574,0,87949860.000,0,-,-,-,-,4493.0000,4492.8000,4492.4000,4490.4000,4490.0000,4502.6000,4502.8000,4503.2000,4508.0000,4509.0000,1,2,1,1,2,1,1,1,1,1
SF,IF2106,2020-10-26 09:34:08.500,4499.4000,2574,0,87949860.000,0,-,-,-,-,4493.0000,4492.8000,4492.4000,4490.4000,4490.0000,4502.4000,4502.6000,4503.2000,4508.0000,4509.0000,1,2,1,1,2,1,1,1,1,1
SF,IF2106,2020-10-26 09:34:09.000,4499.4000,2574,0,87949860.000,0,-,-,-,-,4495.4000,4494.2000,4493.2000,4493.0000,4492.8000,4502.4000,4503.2000,4508.0000,4509.0000,4510.0000,1,1,1,1,1,1,1,1,1,5
SF,IF2106,2020-10-26 09:34:09.500,4499.4000,2574,0,87949860.000,0,-,-,-,-,4495.6000,4494.2000,4492.8000,4492.4000,4490.4000,4502.4000,4503.2000,4508.0000,4509.0000,4510.0000,2,1,1,1,1,1,1,1,1,5
SF,IF2106,2020-10-26 09:34:10.000,4499.4000,2574,0,87949860.000,0,-,-,-,-,4495.6000,4492.8000,4492.4000,4490.0000,4488.0000,4502.4000,4503.2000,4508.0000,4509.0000,4510.0000,2,1,1,2,1,1,1,1,1,5
SF,IF2106,2020-10-26 09:34:10.500,4499.4000,2574,0,87949860.000,0,-,-,-,-,4495.6000,4492.8000,4492.4000,4490.0000,4488.0000,4502.2000,4502.4000,4503.2000,4508.0000,4509.0000,1,1,1,2,1,1,1,1,1,1
SF,IF2106,2020-10-26 09:34:11.000,4499.4000,2574,0,87949860.000,0,-,-,-,-,4495.6000,4492.8000,4492.4000,4490.0000,4488.0000,4502.0000,4502.2000,4503.2000,4508.0000,4509.0000,1,1,1,2,1,1,1,1,1,1
SF,IF2106,2020-10-26 09:34:11.500,4499.4000,2574,0,87949860.000,0,-,-,-,-,4495.6000,4492.8000,4492.4000,4490.0000,4488.0000,4501.8000,4503.2000,4508.0000,4509.0000,4510.0000,1,1,1,2,1,1,1,1,1,5
SF,IF2106,2020-10-26 09:34:12.000,4499.4000,2574,0,87949860.000,0,-,-,-,-,4495.6000,4492.4000,4490.0000,4488.0000,4486.6000,4501.8000,4503.2000,4508.0000,4509.0000,4510.0000,1,1,2,1,1,1,1,1,1,5
SF,IF2106,2020-10-26 09:34:12.500,4499.4000,2574,0,87949860.000,0,-,-,-,-,4495.6000,4492.4000,4490.0000,4488.0000,4486.6000,4501.6000,4501.8000,4503.2000,4508.0000,4509.0000,1,1,2,1,1,1,1,1,1,1
SF,IF2106,2020-10-26 09:34:13.000,4499.4000,2574,0,87949860.000,0,-,-,-,-,4495.8000,4495.6000,4492.4000,4490.0000,4488.0000,4503.2000,4508.0000,4509.0000,4510.0000,4511.0000,1,1,1,2,1,1,1,1,5,2
SF,IF2106,2020-10-26 09:34:13.500,4499.4000,2574,0,87949860.000,0,-,-,-,-,4496.0000,4495.8000,4490.0000,4488.0000,4486.6000,4503.0000,4503.2000,4508.0000,4509.0000,4510.0000,1,1,2,1,1,1,1,1,1,5
SF,IF2106,2020-10-26 09:34:14.000,4499.4000,2574,0,87949860.000,0,-,-,-,-,4496.2000,4496.0000,4490.0000,4488.0000,4486.6000,4503.0000,4508.0000,4509.0000,4510.0000,4511.0000,1,1,2,1,1,1,1,1,5,2
SF,IF2106,2020-10-26 09:34:14.500,4499.4000,2574,0,87949860.000,0,-,-,-,-,4496.4000,4496.2000,4490.0000,4488.0000,4486.6000,4503.0000,4508.0000,4509.0000,4510.0000,4511.0000,1,1,2,1,1,1,1,1,5,2
SF,IF2106,2020-10-26 09:34:15.000,4499.4000,2574,0,87949860.000,0,-,-,-,-,4496.6000,4496.4000,4490.0000,4488.0000,4486.6000,4508.0000,4509.0000,4510.0000,4511.0000,4544.2000,1,1,2,1,1,1,1,5,2,5
SF,IF2106,2020-10-26 09:34:15.500,4499.4000,2574,0,87949860.000,0,-,-,-,-,4496.8000,4496.6000,4496.2000,4490.0000,4488.0000,4505.8000,4507.8000,4508.0000,4509.0000,4510.0000,1,1,1,2,1,1,1,1,1,5
SF,IF2106,2020-10-26 09:34:16.000,4499.4000,2574,0,87949860.000,0,-,-,-,-,4497.0000,4496.8000,4496.2000,4490.0000,4488.0000,4505.6000,4505.8000,4508.0000,4509.0000,4510.0000,1,1,1,2,1,1,1,1,1,5
SF,IF2106,2020-10-26 09:34:16.500,4499.4000,2574,0,87949860.000,0,-,-,-,-,4497.2000,4497.0000,4496.2000,4490.0000,4488.0000,4505.6000,4505.8000,4508.0000,4509.0000,4510.0000,1,1,1,2,1,1,1,1,1,5
SF,IF2106,2020-10-26 09:34:17.000,4499.4000,2574,0,87949860.000,0,-,-,-,-,4497.4000,4497.2000,4496.2000,4490.0000,4488.0000,4505.6000,4505.8000,4508.0000,4509.0000,4510.0000,1,1,1,2,1,1,1,1,1,5
SF,IF2106,2020-10-26 09:34:17.500,4499.4000,2574,0,87949860.000,0,-,-,-,-,4497.6000,4497.4000,4496.2000,4490.0000,4488.0000,4503.2000,4505.6000,4508.0000,4509.0000,4510.0000,1,1,1,2,1,1,1,1,1,5
SF,IF2106,2020-10-26 09:34:18.000,4499.4000,2574,0,87949860.000,0,-,-,-,-,4497.6000,4496.2000,4490.0000,4488.0000,4486.6000,4503.0000,4503.2000,4508.0000,4509.0000,4510.0000,1,1,2,1,1,2,1,1,1,5
SF,IF2106,2020-10-26 09:34:19.000,4499.4000,2574,0,87949860.000,0,-,-,-,-,4497.6000,4496.2000,4490.0000,4488.0000,4486.6000,4503.0000,4508.0000,4509.0000,4510.0000,4511.0000,1,1,2,1,1,2,1,1,5,2
SF,IF2106,2020-10-26 09:34:19.500,4499.4000,2574,0,87949860.000,0,-,-,-,-,4497.6000,4496.2000,4495.4000,4490.0000,4488.0000,4503.0000,4508.0000,4509.0000,4510.0000,4511.0000,1,1,1,2,1,1,1,1,5,2
SF,IF2106,2020-10-26 09:34:20.000,4499.4000,2574,0,87949860.000,0,-,-,-,-,4497.8000,4497.6000,4496.2000,4495.4000,4490.0000,4508.0000,4509.0000,4510.0000,4511.0000,4544.2000,1,1,1,1,2,1,1,5,2,5
SF,IF2106,2020-10-26 09:34:20.500,4499.4000,2574,0,87949860.000,0,-,-,-,-,4498.0000,4497.8000,4496.2000,4495.4000,4490.0000,4505.8000,4507.8000,4508.0000,4509.0000,4510.0000,1,1,1,1,2,1,1,1,1,5
SF,IF2106,2020-10-26 09:34:21.000,4499.4000,2574,0,87949860.000,0,-,-,-,-,4498.2000,4498.0000,4496.2000,4495.4000,4490.0000,4505.6000,4505.8000,4508.0000,4509.0000,4510.0000,1,1,1,1,2,1,1,1,1,5
SF,IF2106,2020-10-26 09:34:21.500,4499.4000,2574,0,87949860.000,0,-,-,-,-,4498.4000,4498.2000,4496.2000,4495.4000,4490.0000,4503.2000,4505.6000,4508.0000,4509.0000,4510.0000,1,1,1,1,2,1,1,1,1,5
SF,IF2106,2020-10-26 09:34:22.000,4499.4000,2574,0,87949860.000,0,-,-,-,-,4498.6000,4498.4000,4496.2000,4495.4000,4490.0000,4505.6000,4508.0000,4509.0000,4510.0000,4511.0000,1,1,1,1,2,1,1,1,5,2
SF,IF2106,2020-10-26 09:34:22.500,4499.4000,2574,0,87949860.000,0,-,-,-,-,4498.8000,4498.6000,4495.4000,4490.0000,4488.0000,4503.2000,4505.6000,4508.0000,4509.0000,4510.0000,2,1,1,2,1,1,1,1,1,5
SF,IF2106,2020-10-26 09:34:23.000,4499.4000,2574,0,87949860.000,0,-,-,-,-,4499.0000,4498.8000,4495.4000,4490.0000,4488.0000,4503.0000,4503.2000,4508.0000,4509.0000,4510.0000,1,2,1,2,1,1,1,1,1,5
SF,IF2106,2020-10-26 09:34:23.500,4499.4000,2574,0,87949860.000,0,-,-,-,-,4499.2000,4499.0000,4498.8000,4495.4000,4490.0000,4503.0000,4508.0000,4509.0000,4510.0000,4511.0000,1,1,1,1,2,1,1,1,5,2
SF,IF2106,2020-10-26 09:34:24.000,4499.4000,2574,0,87949860.000,0,-,-,-,-,4499.4000,4499.2000,4498.8000,4495.4000,4490.0000,4503.0000,4508.0000,4509.0000,4510.0000,4511.0000,1,1,1,1,2,1,1,1,5,2
SF,IF2106,2020-10-26 09:34:24.500,4499.4000,2574,0,87949860.000,0,-,-,-,-,4499.6000,4499.4000,4498.8000,4495.4000,4490.0000,4503.0000,4508.0000,4509.0000,4510.0000,4511.0000,1,1,1,1,2,1,1,1,5,2
SF,IF2106,2020-10-26 09:34:25.000,4499.4000,2574,0,87949860.000,0,-,-,-,-,4499.8000,4499.6000,4498.8000,4495.4000,4490.0000,4508.0000,4509.0000,4510.0000,4511.0000,4544.2000,1,1,1,1,2,1,1,5,2,5
SF,IF2106,2020-10-26 09:34:25.500,4499.4000,2574,0,87949860.000,0,-,-,-,-,4503.0000,4500.0000,4499.8000,4498.8000,4495.4000,4505.8000,4507.8000,4508.0000,4509.0000,4510.0000,1,1,1,1,1,1,1,1,1,5
SF,IF2106,2020-10-26 09:34:26.000,4503.0000,2574,0,89300760.000,1,0,1,多换,S,4500.0000,4499.8000,4498.8000,4495.4000,4490.0000,4505.6000,4505.8000,4508.0000,4509.0000,4510.0000,1,1,1,1,2,1,1,1,1,5
SF,IF2106,2020-10-26 09:34:26.500,4503.0000,2574,0,89300760.000,0,-,-,-,-,4500.2000,4500.0000,4498.8000,4495.4000,4490.0000,4505.6000,4505.8000,4508.0000,4509.0000,4510.0000,1,1,1,1,2,1,1,1,1,5
SF,IF2106,2020-10-26 09:34:27.000,4503.0000,2574,0,89300760.000,0,-,-,-,-,4500.4000,4500.2000,4498.8000,4495.4000,4490.0000,4505.6000,4505.8000,4508.0000,4509.0000,4510.0000,1,1,1,1,2,1,1,1,1,5
SF,IF2106,2020-10-26 09:34:27.500,4503.0000,2574,0,89300760.000,0,-,-,-,-,4500.6000,4500.4000,4498.8000,4495.4000,4490.0000,4505.6000,4505.8000,4508.0000,4509.0000,4510.0000,1,1,1,1,2,1,1,1,1,5
SF,IF2106,2020-10-26 09:34:28.000,4503.0000,2574,0,89300760.000,0,-,-,-,-,4500.8000,4500.6000,4498.8000,4495.4000,4490.0000,4505.6000,4505.8000,4508.0000,4509.0000,4510.0000,1,1,1,1,2,1,1,1,1,5
SF,IF2106,2020-10-26 09:34:28.500,4503.0000,2574,0,89300760.000,0,-,-,-,-,4501.0000,4500.8000,4498.8000,4495.4000,4490.0000,4505.8000,4508.0000,4509.0000,4510.0000,4511.0000,1,1,1,1,2,1,1,1,5,2
SF,IF2106,2020-10-26 09:34:29.000,4503.0000,2574,0,89300760.000,0,-,-,-,-,4501.2000,4501.0000,4498.8000,4495.4000,4490.0000,4505.8000,4508.0000,4509.0000,4510.0000,4511.0000,1,1,1,1,2,1,1,1,5,2
SF,IF2106,2020-10-26 09:34:29.500,4503.0000,2574,0,89300760.000,0,-,-,-,-,4501.4000,4501.2000,4498.8000,4495.4000,4490.0000,4508.0000,4509.0000,4510.0000,4511.0000,4544.2000,1,1,1,1,2,1,1,5,2,5
SF,IF2106,2020-10-26 09:34:30.000,4503.0000,2574,0,89300760.000,0,-,-,-,-,4501.6000,4501.4000,4498.8000,4495.4000,4490.0000,4505.8000,4507.8000,4508.0000,4509.0000,4510.0000,1,1,1,1,2,1,1,1,1,5
SF,IF2106,2020-10-26 09:34:30.500,4503.0000,2574,0,89300760.000,0,-,-,-,-,4501.8000,4501.6000,4498.8000,4495.4000,4490.0000,4507.8000,4508.0000,4509.0000,4510.0000,4511.0000,1,1,1,1,2,1,1,1,5,2
SF,IF2106,2020-10-26 09:34:31.000,4503.0000,2574,0,89300760.000,0,-,-,-,-,4502.0000,4501.8000,4498.8000,4495.4000,4490.0000,4507.8000,4508.0000,4509.0000,4510.0000,4511.0000,1,1,1,1,2,1,1,1,5,2
SF,IF2106,2020-10-26 09:34:31.500,4503.0000,2574,0,89300760.000,0,-,-,-,-,4502.2000,4502.0000,4498.8000,4495.4000,4490.0000,4507.8000,4508.0000,4509.0000,4510.0000,4511.0000,1,1,1,1,2,1,1,1,5,2
SF,IF2106,2020-10-26 09:34:32.000,4503.0000,2574,0,89300760.000,0,-,-,-,-,4502.4000,4502.2000,4498.8000,4495.4000,4490.0000,4507.8000,4508.0000,4509.0000,4510.0000,4511.0000,1,1,1,1,2,1,1,1,5,2
SF,IF2106,2020-10-26 09:34:32.500,4503.0000,2574,0,89300760.000,0,-,-,-,-,4502.6000,4502.4000,4495.4000,4490.0000,4488.0000,4505.8000,4507.8000,4508.0000,4509.0000,4510.0000,1,1,1,2,1,1,1,1,1,5
SF,IF2106,2020-10-26 09:34:33.000,4503.0000,2574,0,89300760.000,0,-,-,-,-,4502.8000,4502.6000,4495.4000,4490.0000,4488.0000,4507.8000,4508.0000,4509.0000,4510.0000,4511.0000,1,1,1,2,1,1,1,1,5,2
SF,IF2106,2020-10-26 09:34:33.500,4503.0000,2574,0,89300760.000,0,-,-,-,-,4502.8000,4495.4000,4490.0000,4488.0000,4486.6000,4507.6000,4507.8000,4508.0000,4509.0000,4510.0000,1,1,2,1,1,1,1,1,1,5
SF,IF2106,2020-10-26 09:34:34.000,4503.0000,2574,0,89300760.000,0,-,-,-,-,4502.8000,4495.4000,4490.0000,4488.0000,4486.6000,4507.4000,4507.6000,4508.0000,4509.0000,4510.0000,1,1,2,1,1,1,1,1,1,5
SF,IF2106,2020-10-26 09:34:34.500,4503.0000,2574,0,89300760.000,0,-,-,-,-,4502.8000,4495.4000,4490.0000,4488.0000,4486.6000,4507.2000,4507.4000,4508.0000,4509.0000,4510.0000,1,1,2,1,1,1,1,1,1,5
SF,IF2106,2020-10-26 09:34:35.000,4503.0000,2574,0,89300760.000,0,-,-,-,-,4502.8000,4495.4000,4490.0000,4488.0000,4486.6000,4506.8000,4507.0000,4507.2000,4508.0000,4509.0000,1,1,2,1,1,1,1,1,1,1
SF,IF2106,2020-10-26 09:34:35.500,4503.0000,2574,0,89300760.000,0,-,-,-,-,4502.8000,4495.4000,4490.0000,4488.0000,4486.6000,4506.6000,4506.8000,4508.0000,4509.0000,4510.0000,1,1,2,1,1,1,1,1,1,5
SF,IF2106,2020-10-26 09:34:36.500,4503.0000,2574,0,89300760.000,0,-,-,-,-,4502.8000,4495.4000,4490.0000,4488.0000,4486.6000,4506.6000,4508.0000,4509.0000,4510.0000,4511.0000,1,1,2,1,1,1,1,1,5,2
SF,IF2106,2020-10-26 09:34:37.000,4503.0000,2574,0,89300760.000,0,-,-,-,-,4502.8000,4495.4000,4490.0000,4488.0000,4486.6000,4506.4000,4506.6000,4508.0000,4509.0000,4510.0000,1,1,2,1,1,1,1,1,1,5
SF,IF2106,2020-10-26 09:34:37.500,4503.0000,2574,0,89300760.000,0,-,-,-,-,4502.8000,4495.4000,4490.0000,4488.0000,4486.6000,4506.2000,4506.4000,4508.0000,4509.0000,4510.0000,1,1,2,1,1,1,1,1,1,5
SF,IF2106,2020-10-26 09:34:41.000,4506.2000,2574,0,90652620.000,1,0,1,多换,S,4503.0000,4502.8000,4495.4000,4490.0000,4488.0000,4506.4000,4508.0000,4509.0000,4510.0000,4511.0000,1,1,1,2,1,1,1,1,5,2
SF,IF2106,2020-10-26 09:34:41.500,4506.4000,2573,-1,92004540.000,1,0,1,双平,S,4503.0000,4495.4000,4490.0000,4488.0000,4486.6000,4507.8000,4508.0000,4509.0000,4510.0000,4511.0000,1,1,2,1,1,1,1,1,5,2
SF,IF2106,2020-10-26 09:34:42.000,4506.4000,2573,0,92004540.000,0,-,-,-,-,4503.2000,4503.0000,4495.4000,4490.0000,4488.0000,4508.0000,4509.0000,4511.0000,4515.0000,4544.2000,1,1,1,2,1,1,1,2,5,5
SF,IF2106,2020-10-26 09:34:42.500,4506.4000,2573,0,92004540.000,0,-,-,-,-,4503.4000,4503.2000,4495.4000,4490.0000,4488.0000,4508.0000,4509.0000,4511.0000,4515.0000,4544.2000,1,1,1,2,1,1,1,2,5,5
SF,IF2106,2020-10-26 09:34:43.000,4506.4000,2573,0,92004540.000,0,-,-,-,-,4503.6000,4503.4000,4495.4000,4490.0000,4488.0000,4507.8000,4508.0000,4509.0000,4511.0000,4515.0000,1,1,1,2,1,1,1,1,2,5
SF,IF2106,2020-10-26 09:34:43.500,4506.4000,2573,0,92004540.000,0,-,-,-,-,4503.8000,4503.6000,4495.4000,4490.0000,4488.0000,4507.8000,4508.0000,4509.0000,4513.6000,4515.0000,1,1,1,2,1,1,1,1,2,5
SF,IF2106,2020-10-26 09:34:44.000,4506.4000,2573,0,92004540.000,0,-,-,-,-,4504.0000,4503.8000,4495.4000,4490.0000,4488.0000,4508.0000,4509.0000,4513.6000,4515.0000,4544.2000,1,1,1,2,1,1,1,2,5,5
SF,IF2106,2020-10-26 09:34:44.500,4506.4000,2573,0,92004540.000,0,-,-,-,-,4504.2000,4504.0000,4503.2000,4495.4000,4490.0000,4508.0000,4509.0000,4513.6000,4515.0000,4544.2000,1,1,1,1,2,1,1,2,5,5
SF,IF2106,2020-10-26 09:34:45.000,4506.4000,2573,0,92004540.000,0,-,-,-,-,4504.4000,4504.2000,4503.2000,4495.4000,4490.0000,4508.0000,4509.0000,4513.6000,4515.0000,4544.2000,1,1,1,1,2,1,1,2,5,5
SF,IF2106,2020-10-26 09:34:45.500,4506.4000,2573,0,92004540.000,0,-,-,-,-,4504.6000,4504.4000,4503.2000,4495.4000,4490.0000,4508.0000,4509.0000,4513.6000,4515.0000,4544.2000,1,1,1,1,2,1,1,2,5,5
SF,IF2106,2020-10-26 09:34:46.000,4508.0000,2572,-1,93356940.000,1,0,1,双平,S,4505.8000,4504.6000,4503.2000,4495.4000,4490.0000,4509.0000,4513.6000,4515.0000,4544.2000,4550.0000,2,1,1,1,2,1,2,5,5,1
SF,IF2106,2020-10-26 09:34:46.500,4509.0000,2572,0,94709640.000,1,0,1,多换,S,4506.0000,4504.6000,4503.2000,4495.4000,4490.0000,4513.6000,4515.0000,4544.2000,4550.0000,4554.0000,1,1,1,1,2,2,5,5,1,1
SF,IF2106,2020-10-26 09:34:47.000,4513.4000,2572,0,96063660.000,1,0,1,多换,S,4506.2000,4506.0000,4503.2000,4495.4000,4490.0000,4513.6000,4515.0000,4544.2000,4550.0000,4554.0000,1,1,1,1,2,3,5,5,1,1
SF,IF2106,2020-10-26 09:34:47.500,4513.4000,2572,0,96063660.000,0,-,-,-,-,4506.4000,4506.2000,4503.2000,4495.4000,4490.0000,4513.4000,4513.6000,4515.0000,4544.2000,4550.0000,1,1,1,1,2,1,3,5,5,1
SF,IF2106,2020-10-26 09:34:48.000,4513.4000,2572,0,96063660.000,0,-,-,-,-,4506.6000,4503.2000,4495.4000,4490.0000,4488.0000,4512.2000,4513.4000,4513.6000,4515.0000,4544.2000,1,1,1,2,3,1,1,3,5,5
SF,IF2106,2020-10-26 09:34:48.500,4513.4000,2572,0,96063660.000,0,-,-,-,-,4506.6000,4503.2000,4495.4000,4490.0000,4488.0000,4512.0000,4512.2000,4513.6000,4515.0000,4544.2000,1,1,1,2,3,1,1,3,5,5
SF,IF2106,2020-10-26 09:34:49.000,4513.4000,2572,0,96063660.000,0,-,-,-,-,4506.8000,4506.6000,4503.2000,4495.4000,4490.0000,4512.0000,4512.2000,4513.6000,4515.0000,4544.2000,1,1,1,1,2,1,1,3,5,5
SF,IF2106,2020-10-26 09:34:49.500,4513.4000,2572,0,96063660.000,0,-,-,-,-,4507.0000,4503.2000,4495.4000,4490.0000,4488.0000,4511.0000,4512.0000,4512.2000,4513.6000,4515.0000,1,1,1,2,3,1,1,1,2,5
SF,IF2106,2020-10-26 09:34:50.000,4513.4000,2572,0,96063660.000,0,-,-,-,-,4507.2000,4507.0000,4503.2000,4495.4000,4490.0000,4512.0000,4512.2000,4513.6000,4515.0000,4544.2000,1,1,1,1,2,1,1,2,5,5
SF,IF2106,2020-10-26 09:34:50.500,4513.4000,2572,0,96063660.000,0,-,-,-,-,4507.4000,4507.2000,4503.2000,4495.4000,4490.0000,4510.6000,4512.0000,4513.6000,4515.0000,4544.2000,1,1,1,1,2,1,1,2,5,5
SF,IF2106,2020-10-26 09:34:51.000,4513.4000,2572,0,96063660.000,0,-,-,-,-,4507.6000,4507.4000,4503.2000,4495.4000,4490.0000,4510.4000,4510.6000,4513.6000,4515.0000,4544.2000,1,1,1,1,2,1,1,2,5,5
SF,IF2106,2020-10-26 09:34:52.500,4507.6000,2571,-1,97415940.000,1,0,1,双平,S,4507.4000,4503.2000,4495.4000,4490.0000,4488.0000,4510.4000,4510.6000,4513.6000,4515.0000,4544.2000,1,1,1,2,3,1,1,2,5,5
SF,IF2106,2020-10-26 09:34:53.000,4507.6000,2571,0,97415940.000,0,-,-,-,-,4507.4000,4503.2000,4495.4000,4490.0000,4488.0000,4510.4000,4510.6000,4513.6000,4515.0000,4544.2000,1,1,1,2,3,1,1,2,5,5
SF,IF2106,2020-10-26 09:34:53.500,4507.4000,2571,0,98768160.000,1,0,1,多换,S,4495.4000,4490.0000,4488.0000,4486.6000,4485.0000,4510.6000,4513.6000,4515.0000,4544.2000,4550.0000,1,2,3,1,5,1,2,5,5,1
SF,IF2106,2020-10-26 09:34:54.000,4507.4000,2571,0,98768160.000,0,-,-,-,-,4503.2000,4501.2000,4500.0000,4495.6000,4495.4000,4510.4000,4510.6000,4513.6000,4515.0000,4544.2000,2,1,1,1,2,2,1,2,5,5
SF,IF2106,2020-10-26 09:34:54.500,4507.4000,2571,0,98768160.000,0,-,-,-,-,4503.4000,4503.2000,4501.2000,4500.0000,4495.4000,4508.4000,4510.4000,4510.6000,4513.6000,4515.0000,1,2,1,1,2,1,2,1,2,5
SF,IF2106,2020-10-26 09:34:55.000,4507.4000,2571,0,98768160.000,0,-,-,-,-,4503.4000,4495.4000,4495.0000,4490.0000,4488.0000,4508.2000,4508.4000,4510.4000,4510.6000,4513.6000,1,1,5,2,3,1,1,1,1,2
SF,IF2106,2020-10-26 09:34:55.500,4507.4000,2571,0,98768160.000,0,-,-,-,-,4503.4000,4496.2000,4495.4000,4495.0000,4490.0000,4508.2000,4508.4000,4510.6000,4513.6000,4515.0000,1,5,1,5,2,1,1,1,2,5
SF,IF2106,2020-10-26 09:34:56.000,4507.4000,2571,0,98768160.000,0,-,-,-,-,4503.6000,4503.4000,4496.2000,4495.4000,4495.0000,4507.4000,4510.6000,4513.6000,4515.0000,4520.0000,1,1,5,1,5,1,1,2,5,1
SF,IF2106,2020-10-26 09:34:56.500,4507.4000,2571,0,98768160.000,0,-,-,-,-,4503.8000,4503.6000,4496.2000,4495.4000,4495.0000,4507.4000,4510.6000,4513.6000,4515.0000,4520.0000,1,1,5,1,5,1,1,2,5,1
SF,IF2106,2020-10-26 09:34:57.000,4507.4000,2570,-1,100120380.000,1,0,1,双平,S,4504.0000,4496.2000,4495.4000,4495.0000,4490.0000,4510.6000,4513.6000,4515.0000,4520.0000,4544.2000,1,5,1,5,2,1,2,5,1,5
