市场代码,合约代码,时间,最新,持仓,增仓,成交额,成交量,开仓,平仓,成交类型,方向,买一价,买二价,买三价,买四价,买五价,卖一价,卖二价,卖三价,卖四价,卖五价,买一量,买二量,买三量,买四量,买五量,卖一量,卖二量,卖三量,卖四量,卖五量
SF,IF2103,2020-09-10 09:29:00.400,4499.6000,9133,0,8099280.000,6.000,-,-,-,-,4491.0000,4490.8000,4488.6000,4485.0000,4481.2000,4502.0000,4502.4000,4504.0000,4504.6000,4505.0000,1,1,1,1,1,1,1,1,1,1
SF,IF2103,2020-09-10 09:30:00.400,4502.0000,9134,1,10799760.000,2,1,1,空开,S,4491.2000,4491.0000,4488.6000,4485.0000,4484.0000,4493.8000,4504.0000,4505.0000,4505.4000,4507.6000,1,1,1,1,2,2,1,1,6,1
SF,IF2103,2020-09-10 09:30:00.900,4502.0000,9133,-1,12150360.000,1,0,1,双平,S,4491.4000,4491.2000,4488.6000,4485.0000,4484.0000,4502.0000,4504.0000,4505.0000,4505.4000,4507.6000,2,2,1,1,2,1,1,1,2,1
SF,IF2103,2020-09-10 09:30:01.400,4502.0000,9133,0,16202160.000,3,1,2,多换,S,4491.6000,4491.4000,4491.2000,4488.6000,4485.0000,4498.0000,4498.2000,4499.0000,4499.2000,4499.6000,2,2,1,1,1,2,1,1,1,1
SF,IF2103,2020-09-10 09:30:01.900,4502.0000,9133,0,16202160.000,0,-,-,-,-,4494.0000,4492.2000,4491.8000,4491.6000,4491.4000,4497.8000,4499.0000,4499.2000,4500.8000,4501.2000,1,1,4,2,2,1,1,1,1,1
SF,IF2103,2020-09-10 09:30:02.400,4502.0000,9133,0,16202160.000,0,-,-,-,-,4494.2000,4494.0000,4491.8000,4491.6000,4491.4000,4497.8000,4499.0000,4499.2000,4500.8000,4501.2000,4,1,1,1,1,1,1,1,1,1
SF,IF2103,2020-09-10 09:30:02.900,4502.0000,9133,0,16202160.000,0,-,-,-,-,4494.2000,4494.0000,4491.8000,4491.6000,4491.4000,4499.0000,4499.2000,4500.8000,4501.0000,4501.2000,4,1,1,1,1,1,1,1,1,1
SF,IF2103,2020-09-10 09:30:03.400,4502.0000,9133,0,16202160.000,0,-,-,-,-,4494.2000,4491.4000,4491.2000,4485.0000,4475.0000,4498.0000,4498.2000,4498.8000,4499.0000,4499.2000,2,1,1,1,1,2,1,1,1,1
SF,IF2103,2020-09-10 09:30:03.900,4494.2000,9131,-2,18898680.000,2,0,2,双平,S,4494.2000,4491.4000,4491.2000,4485.0000,4475.0000,4497.8000,4499.0000,4499.2000,4500.8000,4501.0000,1,1,1,1,1,4,1,1,1,1
SF,IF2103,2020-09-10 09:30:04.400,4494.2000,9131,0,18898680.000,0,-,-,-,-,4491.4000,4491.2000,4485.0000,4475.0000,4470.4000,4497.6000,4497.8000,4499.0000,4499.2000,4500.8000,1,1,1,1,13,2,3,1,1,1
SF,IF2103,2020-09-10 09:30:04.900,4494.2000,9131,0,18898680.000,0,-,-,-,-,4491.6000,4491.4000,4491.2000,4485.0000,4475.0000,4497.4000,4497.6000,4497.8000,4499.0000,4499.2000,3,1,1,1,1,1,2,1,1,1
SF,IF2103,2020-09-10 09:30:05.400,4494.2000,9131,0,18898680.000,0,-,-,-,-,4491.6000,4491.4000,4491.2000,4485.0000,4475.0000,4497.2000,4497.4000,4497.6000,4497.8000,4499.0000,3,1,1,1,1,2,1,1,1,1
SF,IF2103,2020-09-10 09:30:05.900,4494.2000,9131,0,18898680.000,0,-,-,-,-,4491.6000,4491.4000,4491.2000,4485.0000,4475.0000,4497.0000,4497.2000,4497.6000,4497.8000,4499.0000,3,1,1,1,1,1,2,1,1,1
SF,IF2103,2020-09-10 09:30:06.400,4494.2000,9131,0,18898680.000,0,-,-,-,-,4494.0000,4491.6000,4491.2000,4488.8000,4485.0000,4496.8000,4497.0000,4497.8000,4499.0000,4499.2000,1,6,1,1,1,2,1,1,1,1
SF,IF2103,2020-09-10 09:30:06.900,4494.2000,9131,0,18898680.000,0,-,-,-,-,4492.2000,4491.6000,4491.2000,4485.0000,4475.0000,4496.8000,4497.0000,4499.0000,4499.2000,4499.4000,1,1,1,1,1,3,1,1,1,1
SF,IF2103,2020-09-10 09:30:07.400,4494.2000,9131,0,18898680.000,0,-,-,-,-,4494.0000,4492.4000,4492.2000,4491.2000,4485.0000,4496.6000,4496.8000,4499.0000,4499.2000,4499.4000,1,3,1,1,1,1,3,1,1,1
SF,IF2103,2020-09-10 09:30:07.900,4494.2000,9131,0,18898680.000,0,-,-,-,-,4494.2000,4492.4000,4492.2000,4491.2000,4485.0000,4496.4000,4496.6000,4499.0000,4499.2000,4499.4000,1,2,1,1,1,1,1,1,1,1
SF,IF2103,2020-09-10 09:30:08.400,4494.2000,9131,0,18898680.000,0,-,-,-,-,4494.4000,4494.2000,4492.4000,4492.2000,4491.2000,4496.2000,4496.4000,4499.0000,4499.2000,4499.4000,1,1,2,1,1,1,1,1,1,1
SF,IF2103,2020-09-10 09:30:08.900,4499.0000,9132,1,25643280.000,5,3,2,空开,S,4494.2000,4492.2000,4491.2000,4490.0000,4485.0000,4499.2000,4499.4000,4499.8000,4500.0000,4501.2000,1,1,1,1,1,1,1,1,1,1
SF,IF2103,2020-09-10 09:30:09.400,4494.2000,9132,0,26991540.000,1,0,1,多换,S,4492.2000,4491.2000,4490.0000,4485.0000,4475.0000,4498.2000,4499.0000,4499.2000,4499.4000,4499.8000,1,1,1,1,1,1,6,1,1,1
SF,IF2103,2020-09-10 09:30:09.900,4494.2000,9132,0,26991540.000,0,-,-,-,-,4492.4000,4492.2000,4491.2000,4490.0000,4485.0000,4494.4000,4497.4000,4498.0000,4498.2000,4499.0000,3,1,1,1,1,1,1,3,1,4
SF,IF2103,2020-09-10 09:30:10.400,4494.2000,9132,0,26991540.000,0,-,-,-,-,4492.6000,4492.4000,4491.2000,4490.0000,4489.4000,4494.4000,4497.4000,4498.0000,4498.2000,4498.6000,1,3,1,1,1,1,1,2,1,1
SF,IF2103,2020-09-10 09:30:10.900,4492.6000,9132,0,28339320.000,1,0,1,多换,S,4492.8000,4492.4000,4491.2000,4490.0000,4489.4000,4494.4000,4497.4000,4498.0000,4498.2000,4498.6000,2,2,1,1,1,1,1,2,2,1
SF,IF2103,2020-09-10 09:30:11.400,4492.6000,9132,0,28339320.000,0,-,-,-,-,4493.0000,4492.8000,4492.4000,4491.2000,4490.0000,4494.4000,4497.4000,4498.0000,4498.2000,4498.6000,1,2,2,1,1,1,1,2,2,1
SF,IF2103,2020-09-10 09:30:11.900,4494.4000,9131,-1,29687640.000,1,0,1,双平,S,4493.0000,4492.8000,4492.4000,4491.2000,4490.0000,4497.4000,4498.0000,4498.2000,4498.6000,4499.2000,1,2,2,1,1,1,3,2,1,1
SF,IF2103,2020-09-10 09:30:12.400,4493.2000,9130,-1,31035600.000,1,0,1,双平,S,4492.8000,4492.4000,4491.2000,4490.0000,4485.8000,4493.0000,4497.2000,4497.4000,4498.0000,4498.2000,1,2,1,1,1,3,2,1,2,2
SF,IF2103,2020-09-10 09:30:12.900,4493.0000,9127,-3,35079300.000,3,0,3,双平,S,4492.8000,4492.4000,4491.2000,4490.0000,4485.8000,4497.2000,4497.4000,4498.0000,4498.2000,4498.6000,1,2,1,1,1,1,1,1,1,1
SF,IF2103,2020-09-10 09:30:13.400,4493.0000,9127,0,35079300.000,0,-,-,-,-,4492.8000,4492.4000,4491.2000,4490.0000,4485.8000,4497.0000,4497.2000,4497.4000,4498.0000,4498.2000,2,2,1,1,1,1,1,1,1,1
SF,IF2103,2020-09-10 09:30:13.900,4493.0000,9127,0,35079300.000,0,-,-,-,-,4492.4000,4491.2000,4490.0000,4485.8000,4475.0000,4495.2000,4496.8000,4497.0000,4498.0000,4498.2000,2,1,1,1,1,1,1,1,1,1
SF,IF2103,2020-09-10 09:30:14.400,4493.0000,9127,0,35079300.000,0,-,-,-,-,4492.6000,4492.4000,4491.2000,4490.0000,4485.8000,4496.8000,4498.0000,4498.2000,4498.6000,4498.8000,2,2,1,1,1,1,1,1,1,1
SF,IF2103,2020-09-10 09:30:14.900,4493.0000,9127,0,35079300.000,0,-,-,-,-,4493.0000,4492.6000,4492.4000,4491.2000,4490.0000,4496.6000,4496.8000,4498.0000,4498.2000,4498.6000,1,3,2,1,1,1,2,1,1,1
SF,IF2103,2020-09-10 09:30:15.400,4493.0000,9127,0,35079300.000,0,-,-,-,-,4493.0000,4492.6000,4492.4000,4491.2000,4490.0000,4496.4000,4496.6000,4498.0000,4498.2000,4498.6000,1,2,2,1,1,1,1,1,1,1
SF,IF2103,2020-09-10 09:30:15.900,4493.0000,9127,0,35079300.000,0,-,-,-,-,4493.2000,4493.0000,4492.6000,4492.4000,4491.2000,4496.2000,4496.4000,4498.0000,4498.2000,4498.6000,1,2,2,2,1,1,1,1,1,1
SF,IF2103,2020-09-10 09:30:16.400,4493.0000,9127,0,35079300.000,0,-,-,-,-,4493.0000,4492.6000,4492.4000,4491.2000,4490.0000,4496.0000,4496.2000,4496.4000,4498.0000,4498.2000,1,2,2,1,1,1,1,1,1,1
SF,IF2103,2020-09-10 09:30:16.900,4493.0000,9127,0,35079300.000,0,-,-,-,-,4493.6000,4493.0000,4492.6000,4492.4000,4491.2000,4496.0000,4496.2000,4496.4000,4498.0000,4498.2000,1,1,1,2,1,3,1,1,1,1
SF,IF2103,2020-09-10 09:30:17.400,4493.0000,9127,0,35079300.000,0,-,-,-,-,4493.0000,4492.6000,4492.4000,4491.2000,4490.0000,4494.6000,4495.8000,4496.0000,4496.2000,4496.4000,1,1,2,1,1,1,1,2,1,1
SF,IF2103,2020-09-10 09:30:17.900,4493.0000,9127,0,35079300.000,0,-,-,-,-,4493.0000,4492.6000,4492.4000,4491.2000,4490.0000,4494.6000,4496.0000,4496.2000,4496.4000,4498.2000,1,1,2,1,1,2,1,1,1,2
SF,IF2103,2020-09-10 09:30:18.400,4493.0000,9127,0,35079300.000,0,-,-,-,-,4493.0000,4492.6000,4492.4000,4491.2000,4490.0000,4494.6000,4496.0000,4496.2000,4496.4000,4498.2000,1,1,2,1,1,2,1,1,1,2
SF,IF2103,2020-09-10 09:30:18.900,4494.4000,9125,-2,37775940.000,2,0,2,双平,S,4493.0000,4492.6000,4492.4000,4491.2000,4490.0000,4494.6000,4496.0000,4496.2000,4496.4000,4498.2000,2,1,2,1,1,2,2,1,1,2
SF,IF2103,2020-09-10 09:30:19.400,4494.4000,9125,0,37775940.000,0,-,-,-,-,4493.2000,4493.0000,4492.6000,4492.4000,4491.2000,4494.6000,4496.0000,4496.2000,4496.4000,4498.2000,2,4,1,2,1,2,2,1,1,2
SF,IF2103,2020-09-10 09:30:19.900,4494.4000,9125,0,37775940.000,0,-,-,-,-,4493.2000,4493.0000,4492.6000,4492.4000,4491.2000,4494.6000,4496.0000,4496.2000,4496.4000,4498.2000,2,4,1,2,1,2,2,1,1,2
SF,IF2103,2020-09-10 09:30:20.400,4494.4000,9125,0,37775940.000,0,-,-,-,-,4493.4000,4493.2000,4493.0000,4492.6000,4492.4000,4494.6000,4496.0000,4496.2000,4496.4000,4498.2000,1,2,3,1,2,2,2,1,1,2
SF,IF2103,2020-09-10 09:30:20.900,4494.6000,9125,0,40472700.000,2,1,1,多换,S,4493.4000,4493.2000,4493.0000,4492.6000,4492.4000,4496.0000,4496.4000,4498.2000,4498.6000,4498.8000,1,2,1,1,2,2,1,2,1,1
SF,IF2103,2020-09-10 09:30:21.400,4494.6000,9125,0,40472700.000,0,-,-,-,-,4495.0000,4493.4000,4493.2000,4492.6000,4492.4000,4495.6000,4496.0000,4496.4000,4498.2000,4498.6000,1,1,2,1,2,1,2,1,2,1
SF,IF2103,2020-09-10 09:30:21.900,4495.6000,9124,-1,43169880.000,2,0,2,多平,S,4493.8000,4493.6000,4493.4000,4493.2000,4491.2000,4496.0000,4498.2000,4498.6000,4498.8000,4499.2000,1,1,1,2,1,2,2,1,1,1
SF,IF2103,2020-09-10 09:30:22.400,4496.0000,9124,0,44518680.000,1,0,1,多换,S,4494.0000,4493.8000,4493.6000,4493.2000,4491.2000,4498.2000,4498.8000,4499.2000,4499.4000,4501.6000,7,1,1,1,1,2,1,1,1,3
SF,IF2103,2020-09-10 09:30:22.900,4496.0000,9124,0,44518680.000,0,-,-,-,-,4495.6000,4494.0000,4493.8000,4493.6000,4491.2000,4498.0000,4498.2000,4498.8000,4499.2000,4499.4000,1,5,1,1,1,2,1,1,1,1
SF,IF2103,2020-09-10 09:30:23.400,4496.0000,9124,0,44518680.000,0,-,-,-,-,4495.6000,4494.2000,4494.0000,4493.8000,4491.2000,4497.8000,4498.0000,4498.2000,4499.4000,4501.6000,2,1,5,1,1,1,1,1,1,1
SF,IF2103,2020-09-10 09:30:23.900,4496.0000,9124,0,44518680.000,0,-,-,-,-,4495.6000,4494.2000,4494.0000,4493.8000,4491.2000,4497.6000,4497.8000,4498.2000,4499.4000,4501.6000,2,1,4,1,1,1,1,1,1,1
SF,IF2103,2020-09-10 09:30:24.400,4495.6000,9124,0,47216040.000,2,1,1,多换,S,4495.6000,4494.2000,4494.0000,4493.8000,4491.2000,4497.6000,4497.8000,4498.2000,4499.4000,4501.6000,2,1,4,1,1,1,1,1,1,1
SF,IF2103,2020-09-10 09:30:24.900,4495.6000,9124,0,47216040.000,0,-,-,-,-,4494.2000,4494.0000,4493.8000,4491.2000,4490.0000,4497.4000,4497.6000,4497.8000,4498.2000,4499.4000,1,4,1,1,2,1,1,1,1,1
SF,IF2103,2020-09-10 09:30:25.400,4495.6000,9124,0,47216040.000,0,-,-,-,-,4495.6000,4495.2000,4494.4000,4494.0000,4493.8000,4497.2000,4497.4000,4498.2000,4499.4000,4501.6000,1,2,1,3,1,1,1,1,1,1
SF,IF2103,2020-09-10 09:30:25.900,4495.6000,9124,0,47216040.000,0,-,-,-,-,4495.8000,4495.6000,4495.2000,4494.6000,4494.4000,4497.0000,4497.2000,4497.4000,4498.2000,4499.4000,1,1,2,1,1,1,1,1,1,1
SF,IF2103,2020-09-10 09:30:26.900,4495.6000,9124,0,47216040.000,0,-,-,-,-,4495.8000,4494.6000,4494.4000,4494.0000,4491.2000,4497.0000,4498.2000,4499.4000,4501.6000,4502.0000,1,1,1,3,1,1,1,1,1,1
SF,IF2103,2020-09-10 09:30:27.400,4496.0000,9122,-2,49913940.000,2,0,2,双平,S,4496.0000,4494.4000,4494.0000,4491.2000,4490.0000,4498.2000,4499.4000,4501.6000,4502.0000,4505.4000,1,1,3,1,2,1,1,1,1,2
SF,IF2103,2020-09-10 09:30:27.900,4498.2000,9122,0,51263400.000,1,0,1,多换,S,4496.8000,4496.2000,4493.4000,4491.2000,4490.0000,4499.4000,4501.6000,4502.0000,4505.4000,4508.0000,1,3,1,1,2,1,1,1,2,1
SF,IF2103,2020-09-10 09:30:28.400,4498.2000,9122,0,51263400.000,0,-,-,-,-,4497.0000,4496.8000,4496.2000,4493.4000,4491.2000,4499.4000,4501.6000,4502.0000,4505.4000,4508.0000,1,1,2,1,1,1,1,1,2,1
SF,IF2103,2020-09-10 09:30:28.900,4498.2000,9122,0,51263400.000,0,-,-,-,-,4497.0000,4496.8000,4496.2000,4493.4000,4491.2000,4499.4000,4502.0000,4505.4000,4508.0000,4515.0000,5,1,2,1,1,1,1,2,1,1
SF,IF2103,2020-09-10 09:30:29.400,4498.2000,9122,0,51263400.000,0,-,-,-,-,4497.0000,4496.8000,4496.2000,4493.4000,4491.2000,4499.4000,4502.0000,4505.4000,4508.0000,4515.0000,5,1,2,1,1,2,1,2,1,1
SF,IF2103,2020-09-10 09:30:29.900,4498.2000,9122,0,51263400.000,0,-,-,-,-,4497.2000,4497.0000,4496.8000,4496.2000,4496.0000,4499.4000,4502.0000,4505.4000,4508.0000,4515.0000,1,5,1,2,1,2,1,2,1,1
SF,IF2103,2020-09-10 09:30:30.400,4498.2000,9122,0,51263400.000,0,-,-,-,-,4497.4000,4497.0000,4496.8000,4496.2000,4496.0000,4499.4000,4502.0000,4505.4000,4508.0000,4515.0000,1,4,1,2,1,1,1,2,1,1
SF,IF2103,2020-09-10 09:30:30.900,4498.2000,9122,0,51263400.000,0,-,-,-,-,4497.6000,4497.4000,4497.0000,4496.8000,4496.2000,4499.4000,4502.0000,4505.4000,4508.0000,4515.0000,1,1,4,1,2,1,1,2,1,1
SF,IF2103,2020-09-10 09:30:31.400,4499.4000,9121,-1,52613220.000,1,0,1,双平,S,4497.8000,4497.6000,4497.0000,4496.8000,4496.2000,4502.0000,4505.4000,4508.0000,4515.0000,4520.0000,3,1,4,1,2,1,2,1,1,1
SF,IF2103,2020-09-10 09:30:31.900,4499.4000,9121,0,52613220.000,0,-,-,-,-,4498.0000,4497.8000,4497.6000,4497.0000,4496.8000,4501.8000,4502.0000,4505.4000,4508.0000,4515.0000,1,3,1,4,1,2,3,2,1,1
SF,IF2103,2020-09-10 09:30:32.400,4499.4000,9121,0,52613220.000,0,-,-,-,-,4498.2000,4497.6000,4497.0000,4496.8000,4496.2000,4501.8000,4502.0000,4505.4000,4508.0000,4515.0000,1,1,4,1,2,2,2,2,1,1
SF,IF2103,2020-09-10 09:30:32.900,4499.4000,9121,0,52613220.000,0,-,-,-,-,4498.4000,4498.2000,4497.6000,4497.0000,4496.8000,4501.8000,4502.0000,4505.4000,4508.0000,4515.0000,3,1,1,4,1,2,1,2,1,1
SF,IF2103,2020-09-10 09:30:33.400,4499.4000,9121,0,52613220.000,0,-,-,-,-,4498.6000,4498.4000,4497.6000,4497.0000,4496.8000,4501.8000,4502.0000,4505.4000,4508.0000,4515.0000,1,2,1,4,1,2,1,2,1,1
SF,IF2103,2020-09-10 09:30:33.900,4499.4000,9121,0,52613220.000,0,-,-,-,-,4498.6000,4498.4000,4497.6000,4497.0000,4496.8000,4501.8000,4502.0000,4505.4000,4508.0000,4515.0000,1,2,1,4,1,2,1,2,1,1
SF,IF2103,2020-09-10 09:30:34.400,4501.8000,9119,-2,55314300.000,2,0,2,双平,S,4501.8000,4499.0000,4498.8000,4498.6000,4498.4000,4502.0000,4505.4000,4508.0000,4515.0000,4520.0000,1,1,1,1,2,1,2,1,1,2
SF,IF2103,2020-09-10 09:30:34.900,4501.8000,9118,-1,56664840.000,1,0,1,双平,S,4499.0000,4498.8000,4498.6000,4497.6000,4497.0000,4502.0000,4505.4000,4508.0000,4515.0000,4520.0000,1,1,1,1,4,1,2,1,1,2
SF,IF2103,2020-09-10 09:30:35.400,4499.2000,9117,-1,58014600.000,1,0,1,双平,S,4499.2000,4498.8000,4497.6000,4497.0000,4496.8000,4501.8000,4502.0000,4505.4000,4508.0000,4515.0000,2,1,1,4,1,1,2,2,1,1
SF,IF2103,2020-09-10 09:30:35.900,4499.2000,9117,0,58014600.000,0,-,-,-,-,4499.4000,4499.2000,4498.8000,4497.6000,4497.0000,4500.0000,4501.6000,4501.8000,4502.0000,4505.4000,1,2,1,1,4,2,1,3,1,2
SF,IF2103,2020-09-10 09:30:36.400,4500.0000,9115,-2,60714600.000,2,0,2,双平,S,4499.4000,4499.2000,4497.6000,4497.0000,4496.8000,4501.4000,4501.6000,4501.8000,4502.0000,4505.4000,1,2,1,4,1,1,1,3,1,2
SF,IF2103,2020-09-10 09:30:36.900,4499.4000,9114,-1,62064420.000,1,0,1,双平,S,4497.6000,4497.0000,4496.8000,4491.2000,4490.0000,4499.4000,4501.2000,4501.4000,4501.6000,4501.8000,1,4,1,1,2,1,1,2,1,2
SF,IF2103,2020-09-10 09:30:37.400,4499.4000,9113,-1,63414240.000,1,0,1,双平,S,4499.6000,4499.2000,4497.8000,4497.6000,4497.0000,4501.2000,4501.4000,4501.8000,4502.0000,4505.4000,1,1,3,1,4,1,1,2,1,2
SF,IF2103,2020-09-10 09:30:37.900,4499.4000,9113,0,63414240.000,0,-,-,-,-,4499.6000,4499.2000,4497.8000,4497.6000,4497.0000,4501.0000,4501.2000,4501.8000,4502.0000,4505.4000,1,1,3,1,4,1,1,2,1,2
SF,IF2103,2020-09-10 09:30:38.400,4499.2000,9109,-4,68813460.000,4,0,4,双平,S,4497.8000,4497.6000,4496.6000,4491.2000,4490.0000,4500.4000,4501.0000,4501.2000,4501.8000,4502.0000,2,1,1,1,2,1,2,1,2,1
SF,IF2103,2020-09-10 09:30:38.900,4499.2000,9109,0,68813460.000,0,-,-,-,-,4497.8000,4497.6000,4496.6000,4491.2000,4490.0000,4500.2000,4500.4000,4501.2000,4501.8000,4502.0000,2,1,1,1,2,1,2,1,2,1
SF,IF2103,2020-09-10 09:30:39.400,4500.0000,9108,-1,75562800.000,5,2,3,多平,S,4497.6000,4496.6000,4491.2000,4490.0000,4486.6000,4500.2000,4500.4000,4501.2000,4501.8000,4502.0000,1,1,1,2,1,2,1,1,2,1
SF,IF2103,2020-09-10 09:30:39.900,4497.6000,9107,-1,76912080.000,1,0,1,双平,S,4497.8000,4496.6000,4491.2000,4490.0000,4486.6000,4500.0000,4500.2000,4500.4000,4501.2000,4501.8000,1,1,1,2,1,1,2,1,1,2
SF,IF2103,2020-09-10 09:30:40.400,4497.8000,9106,-1,78261420.000,1,0,1,双平,S,4494.4000,4491.2000,4490.0000,4486.6000,4485.0000,4499.8000,4500.0000,4500.4000,4501.2000,4501.8000,1,1,2,1,1,1,2,1,1,2
SF,IF2103,2020-09-10 09:30:40.900,4497.8000,9106,0,78261420.000,0,-,-,-,-,4494.6000,4494.4000,4491.2000,4490.0000,4486.6000,4499.6000,4499.8000,4500.4000,4501.2000,4501.8000,2,1,1,2,1,2,2,1,1,2
SF,IF2103,2020-09-10 09:30:41.400,4497.8000,9106,0,78261420.000,0,-,-,-,-,4494.6000,4494.4000,4491.2000,4490.0000,4486.6000,4498.8000,4499.4000,4499.6000,4500.4000,4501.8000,2,1,1,2,1,1,2,2,1,2
SF,IF2103,2020-09-10 09:30:41.900,4497.8000,9106,0,78261420.000,0,-,-,-,-,4495.2000,4494.6000,4491.2000,4490.0000,4486.6000,4498.6000,4498.8000,4499.4000,4499.6000,4500.4000,1,1,1,2,1,2,1,1,1,1
SF,IF2103,2020-09-10 09:30:42.400,4497.8000,9106,0,78261420.000,0,-,-,-,-,4495.4000,4495.2000,4491.2000,4490.0000,4486.6000,4498.6000,4498.8000,4499.6000,4500.4000,4501.8000,1,1,1,2,1,2,1,1,1,2
SF,IF2103,2020-09-10 09:30:42.900,4497.8000,9106,0,78261420.000,0,-,-,-,-,4495.2000,4491.2000,4490.0000,4486.6000,4485.0000,4498.4000,4498.6000,4499.6000,4500.4000,4501.8000,1,1,2,1,1,1,2,1,1,2
SF,IF2103,2020-09-10 09:30:43.400,4497.8000,9106,0,78261420.000,0,-,-,-,-,4495.4000,4491.2000,4490.0000,4486.6000,4485.0000,4498.2000,4499.6000,4500.4000,4501.8000,4502.0000,2,1,2,1,1,1,1,1,2,1
SF,IF2103,2020-09-10 09:30:43.900,4498.0000,9106,0,79610820.000,1,0,1,多换,S,4495.4000,4491.2000,4490.0000,4486.6000,4485.0000,4498.2000,4499.6000,4500.4000,4501.8000,4502.0000,1,1,2,1,1,2,1,1,1,1
SF,IF2103,2020-09-10 09:30:44.400,4498.2000,9107,1,83659140.000,3,2,1,空开,S,4498.2000,4495.4000,4491.2000,4490.0000,4486.6000,4499.6000,4500.4000,4501.8000,4502.0000,4505.2000,1,1,1,2,1,1,1,1,1,1
SF,IF2103,2020-09-10 09:30:44.900,4498.2000,9107,0,85008600.000,1,0,1,多换,S,4491.2000,4490.0000,4486.6000,4485.0000,4475.2000,4499.4000,4499.6000,4500.4000,4501.8000,4502.0000,1,2,1,1,1,1,2,1,1,1
SF,IF2103,2020-09-10 09:30:45.400,4498.2000,9107,0,85008600.000,0,-,-,-,-,4493.0000,4492.6000,4492.4000,4492.0000,4491.6000,4498.2000,4499.2000,4499.4000,4499.6000,4500.4000,1,2,1,3,4,1,3,2,1,1
SF,IF2103,2020-09-10 09:30:45.900,4498.2000,9107,0,85008600.000,0,-,-,-,-,4494.2000,4493.2000,4493.0000,4492.6000,4492.0000,4498.2000,4498.8000,4499.2000,4499.4000,4499.6000,1,2,1,2,3,2,1,1,1,1
SF,IF2103,2020-09-10 09:30:46.400,4498.2000,9107,0,85008600.000,0,-,-,-,-,4494.4000,4494.2000,4493.0000,4492.6000,4492.0000,4496.8000,4498.2000,4498.8000,4499.2000,4499.4000,2,2,1,2,3,1,2,1,1,1
SF,IF2103,2020-09-10 09:30:46.900,4498.2000,9107,0,85008600.000,0,-,-,-,-,4494.6000,4494.4000,4494.2000,4491.2000,4490.0000,4498.2000,4499.2000,4499.4000,4500.4000,4501.8000,1,1,1,1,2,3,1,1,1,1
SF,IF2103,2020-09-10 09:30:47.400,4498.2000,9107,0,85008600.000,0,-,-,-,-,4494.8000,4494.6000,4494.2000,4491.2000,4490.0000,4497.2000,4498.0000,4498.2000,4499.2000,4500.4000,2,1,1,1,2,1,2,3,1,1
SF,IF2103,2020-09-10 09:30:47.900,4498.2000,9107,0,85008600.000,0,-,-,-,-,4495.0000,4494.8000,4494.2000,4493.2000,4491.2000,4497.2000,4498.0000,4498.2000,4499.2000,4500.4000,1,1,1,3,1,2,1,1,1,1
SF,IF2103,2020-09-10 09:30:48.400,4498.2000,9107,0,85008600.000,0,-,-,-,-,4495.0000,4494.8000,4494.2000,4491.2000,4490.0000,4496.8000,4497.2000,4498.0000,4498.2000,4499.2000,1,1,1,1,2,1,2,1,1,1
SF,IF2103,2020-09-10 09:30:48.900,4495.2000,9106,-1,86357160.000,1,0,1,双平,S,4495.0000,4494.2000,4491.2000,4490.0000,4486.6000,4497.2000,4498.0000,4498.2000,4499.2000,4500.4000,1,1,1,2,1,2,1,1,1,1
SF,IF2103,2020-09-10 09:30:49.400,4495.2000,9106,0,86357160.000,0,-,-,-,-,4491.2000,4490.0000,4486.6000,4485.0000,4475.2000,4497.0000,4497.2000,4498.0000,4499.2000,4500.4000,1,2,1,1,1,1,2,1,1,1
SF,IF2103,2020-09-10 09:30:49.900,4495.2000,9106,0,86357160.000,0,-,-,-,-,4492.8000,4491.4000,4491.2000,4490.0000,4486.6000,4496.8000,4497.0000,4497.2000,4499.2000,4500.4000,1,3,1,2,1,1,1,1,1,1
SF,IF2103,2020-09-10 09:30:50.400,4495.2000,9106,0,86357160.000,0,-,-,-,-,4493.0000,4492.8000,4492.2000,4491.4000,4491.2000,4496.8000,4497.2000,4499.2000,4499.8000,4500.4000,2,1,3,1,1,3,1,1,2,1
SF,IF2103,2020-09-10 09:30:50.900,4495.2000,9106,0,86357160.000,0,-,-,-,-,4493.0000,4492.8000,4492.2000,4491.2000,4490.0000,4496.6000,4496.8000,4497.2000,4499.2000,4499.8000,2,1,3,1,2,2,2,1,1,2
SF,IF2103,2020-09-10 09:30:51.400,4495.2000,9106,0,86357160.000,0,-,-,-,-,4493.0000,4492.8000,4491.2000,4490.0000,4489.2000,4496.2000,4496.4000,4496.6000,4496.8000,4497.2000,1,1,1,2,3,1,2,2,1,1
SF,IF2103,2020-09-10 09:30:51.900,4496.2000,9107,1,91752480.000,4,2,2,空开,S,4493.2000,4493.0000,4491.2000,4490.0000,4489.2000,4496.4000,4496.8000,4497.2000,4497.4000,4498.8000,1,1,1,2,3,2,1,1,1,1
SF,IF2103,2020-09-10 09:30:52.400,4496.2000,9107,0,91752480.000,0,-,-,-,-,4493.4000,4493.2000,4491.2000,4490.0000,4489.2000,4496.4000,4496.8000,4497.2000,4497.4000,4498.8000,2,1,1,2,3,2,1,1,1,1
SF,IF2103,2020-09-10 09:30:52.900,4493.4000,9105,-2,94448520.000,2,0,2,双平,S,4493.2000,4491.2000,4490.0000,4489.2000,4486.6000,4496.2000,4496.8000,4497.2000,4498.8000,4499.2000,1,1,2,3,1,1,1,1,1,1
SF,IF2103,2020-09-10 09:30:53.400,4493.4000,9105,0,94448520.000,0,-,-,-,-,4493.4000,4493.2000,4491.2000,4490.0000,4489.2000,4496.2000,4496.8000,4497.2000,4498.8000,4499.2000,1,1,1,2,3,1,1,1,1,1
SF,IF2103,2020-09-10 09:30:53.900,4493.4000,9105,0,94448520.000,0,-,-,-,-,4493.4000,4493.2000,4491.2000,4490.0000,4489.2000,4496.0000,4496.2000,4496.8000,4497.2000,4498.8000,1,1,1,2,3,1,1,1,1,1
SF,IF2103,2020-09-10 09:30:54.400,4493.4000,9105,0,94448520.000,0,-,-,-,-,4491.2000,4490.0000,4489.2000,4486.6000,4485.0000,4495.8000,4496.0000,4496.2000,4496.8000,4497.2000,1,2,3,1,1,1,1,1,1,1
SF,IF2103,2020-09-10 09:30:54.900,4493.4000,9105,0,94448520.000,0,-,-,-,-,4491.4000,4491.2000,4490.0000,4489.2000,4486.6000,4495.6000,4496.2000,4496.8000,4497.2000,4498.8000,2,2,2,3,1,1,1,1,1,1
SF,IF2103,2020-09-10 09:30:55.400,4493.4000,9105,0,94448520.000,0,-,-,-,-,4491.8000,4491.4000,4491.2000,4490.0000,4489.2000,4495.4000,4495.6000,4496.2000,4496.8000,4497.2000,1,2,1,2,3,1,1,1,1,1
SF,IF2103,2020-09-10 09:30:55.900,4493.4000,9105,0,94448520.000,0,-,-,-,-,4492.0000,4491.8000,4491.2000,4490.0000,4489.2000,4495.2000,4495.4000,4496.8000,4497.2000,4498.8000,1,1,1,2,3,2,1,1,1,1
SF,IF2103,2020-09-10 09:30:56.400,4493.4000,9105,0,94448520.000,0,-,-,-,-,4492.0000,4491.2000,4490.0000,4489.2000,4486.6000,4495.0000,4495.2000,4496.8000,4497.2000,4498.8000,1,1,2,3,1,1,2,1,1,1
SF,IF2103,2020-09-10 09:30:56.900,4493.4000,9105,0,94448520.000,0,-,-,-,-,4492.4000,4492.0000,4491.2000,4490.0000,4489.2000,4495.0000,4495.2000,4496.8000,4497.2000,4498.8000,1,1,1,2,3,1,2,1,1,1
SF,IF2103,2020-09-10 09:30:57.400,4493.4000,9105,0,94448520.000,0,-,-,-,-,4492.6000,4491.2000,4490.0000,4489.2000,4486.6000,4495.0000,4495.2000,4495.6000,4496.8000,4497.2000,1,1,2,3,1,1,1,1,1,1
SF,IF2103,2020-09-10 09:30:57.900,4493.4000,9105,0,94448520.000,0,-,-,-,-,4492.6000,4491.2000,4490.0000,4489.2000,4486.6000,4494.4000,4495.0000,4495.6000,4496.8000,4497.2000,1,1,2,3,1,1,1,1,1,1
SF,IF2103,2020-09-10 09:30:58.900,4493.4000,9105,0,94448520.000,0,-,-,-,-,4492.6000,4491.2000,4490.0000,4489.2000,4486.6000,4494.4000,4495.0000,4495.6000,4496.8000,4497.2000,1,1,2,4,1,1,1,1,1,1
SF,IF2103,2020-09-10 09:30:59.400,4493.4000,9105,0,94448520.000,0,-,-,-,-,4492.6000,4491.2000,4490.0000,4489.2000,4486.6000,4495.0000,4495.6000,4496.8000,4497.2000,4498.8000,1,1,2,4,1,1,1,1,1,1
SF,IF2103,2020-09-10 09:30:59.900,4493.4000,9105,0,94448520.000,0,-,-,-,-,4492.6000,4491.2000,4490.0000,4489.2000,4486.6000,4494.2000,4495.0000,4495.6000,4496.8000,4497.2000,1,1,2,4,1,1,1,1,1,1
SF,IF2103,2020-09-10 09:31:00.400,4493.4000,9105,0,94448520.000,0,-,-,-,-,4492.6000,4491.2000,4490.0000,4489.2000,4486.6000,4494.2000,4495.6000,4496.8000,4497.2000,4499.4000,2,1,2,4,1,1,1,1,1,1
SF,IF2103,2020-09-10 09:31:00.900,4494.2000,9104,-1,95796780.000,1,0,1,双平,S,4492.8000,4492.6000,4491.2000,4490.0000,4489.2000,4496.8000,4497.2000,4499.4000,4499.8000,4500.0000,1,2,1,2,4,1,1,1,2,2
SF,IF2103,2020-09-10 09:31:01.400,4494.2000,9104,0,95796780.000,0,-,-,-,-,4493.0000,4492.8000,4491.2000,4490.0000,4489.2000,4496.8000,4499.4000,4499.8000,4500.0000,4500.4000,2,2,1,2,4,1,1,2,2,1
SF,IF2103,2020-09-10 09:31:01.900,4494.2000,9104,0,95796780.000,0,-,-,-,-,4493.2000,4493.0000,4491.2000,4490.0000,4489.2000,4496.0000,4496.6000,4496.8000,4499.4000,4499.8000,1,2,1,2,4,1,2,1,1,2
SF,IF2103,2020-09-10 09:31:02.400,4494.2000,9104,0,95796780.000,0,-,-,-,-,4493.4000,4493.2000,4493.0000,4491.2000,4490.0000,4496.0000,4496.6000,4496.8000,4499.4000,4499.8000,1,1,1,1,2,1,1,1,1,2
SF,IF2103,2020-09-10 09:31:02.900,4496.0000,9103,-1,97145580.000,1,0,1,双平,S,4493.4000,4493.0000,4491.2000,4490.0000,4489.2000,4499.4000,4499.8000,4500.0000,4500.4000,4501.8000,2,1,1,2,4,1,2,2,1,1
SF,IF2103,2020-09-10 09:31:03.400,4496.0000,9103,0,97145580.000,0,-,-,-,-,4493.8000,4493.6000,4493.4000,4491.2000,4490.0000,4499.2000,4499.4000,4500.0000,4500.4000,4501.8000,1,2,2,1,2,4,1,2,1,1
SF,IF2103,2020-09-10 09:31:03.900,4496.0000,9103,0,97145580.000,0,-,-,-,-,4494.0000,4493.8000,4493.6000,4491.2000,4490.0000,4499.2000,4499.4000,4500.0000,4500.4000,4501.8000,2,2,1,1,2,4,1,2,1,1
SF,IF2103,2020-09-10 09:31:04.400,4496.0000,9103,0,97145580.000,0,-,-,-,-,4494.4000,4494.2000,4494.0000,4493.6000,4491.2000,4498.2000,4499.2000,4499.4000,4500.0000,4500.4000,1,1,2,1,1,1,4,1,2,1
SF,IF2103,2020-09-10 09:31:04.900,4496.0000,9103,0,97145580.000,0,-,-,-,-,4494.6000,4494.4000,4494.2000,4493.6000,4491.2000,4498.0000,4498.2000,4499.2000,4499.4000,4500.0000,2,1,1,1,1,2,1,3,1,2
SF,IF2103,2020-09-10 09:31:05.400,4494.6000,9102,-1,98493960.000,1,0,1,双平,S,4494.6000,4494.4000,4493.6000,4491.2000,4490.0000,4496.8000,4497.8000,4498.0000,4498.2000,4499.2000,1,1,1,1,2,1,3,2,1,3
SF,IF2103,2020-09-10 09:31:05.900,4494.6000,9102,0,98493960.000,0,-,-,-,-,4494.6000,4493.6000,4491.2000,4490.0000,4489.2000,4497.8000,4498.0000,4498.2000,4499.2000,4499.4000,2,1,1,2,3,2,1,1,2,1
SF,IF2103,2020-09-10 09:31:06.400,4494.6000,9102,0,98493960.000,0,-,-,-,-,4494.6000,4493.6000,4491.2000,4490.0000,4489.2000,4496.8000,4497.8000,4498.0000,4498.2000,4499.2000,1,1,1,2,3,1,2,1,1,2
SF,IF2103,2020-09-10 09:31:06.900,4494.6000,9102,0,98493960.000,0,-,-,-,-,4494.6000,4493.6000,4491.2000,4490.0000,4489.2000,4497.8000,4499.2000,4499.4000,4500.0000,4500.4000,2,1,1,2,3,2,2,1,2,1
SF,IF2103,2020-09-10 09:31:07.400,4494.6000,9102,0,98493960.000,0,-,-,-,-,4495.6000,4494.6000,4493.6000,4491.2000,4490.0000,4497.8000,4499.2000,4499.4000,4500.0000,4500.4000,1,2,1,1,2,1,2,1,2,1
SF,IF2103,2020-09-10 09:31:07.900,4494.6000,9102,0,98493960.000,0,-,-,-,-,4495.8000,4495.6000,4495.0000,4494.8000,4493.6000,4499.2000,4499.4000,4500.0000,4500.4000,4501.8000,1,2,1,1,1,1,1,2,1,1
SF,IF2103,2020-09-10 09:31:08.400,4494.6000,9102,0,98493960.000,0,-,-,-,-,4495.8000,4495.6000,4495.0000,4494.8000,4493.6000,4499.0000,4499.4000,4500.0000,4500.4000,4501.8000,2,1,1,1,1,2,1,2,1,1
SF,IF2103,2020-09-10 09:31:08.900,4494.6000,9102,0,98493960.000,0,-,-,-,-,4495.8000,4495.6000,4495.0000,4494.8000,4493.6000,4499.0000,4499.4000,4500.0000,4500.4000,4501.0000,2,1,1,1,1,2,1,2,1,1
SF,IF2103,2020-09-10 09:31:09.400,4494.6000,9102,0,98493960.000,0,-,-,-,-,4495.8000,4495.6000,4495.0000,4493.6000,4491.2000,4499.0000,4499.4000,4500.0000,4500.4000,4501.0000,2,1,1,1,1,3,1,2,1,1
SF,IF2103,2020-09-10 09:31:09.900,4494.6000,9102,0,98493960.000,0,-,-,-,-,4495.8000,4495.6000,4495.0000,4493.6000,4491.2000,4498.8000,4499.0000,4499.4000,4500.0000,4500.4000,2,1,1,1,1,2,3,1,2,1
SF,IF2103,2020-09-10 09:31:10.400,4494.6000,9102,0,98493960.000,0,-,-,-,-,4496.0000,4495.8000,4495.6000,4495.0000,4493.6000,4498.6000,4498.8000,4499.0000,4499.4000,4500.0000,1,1,1,1,1,1,2,2,1,2
SF,IF2103,2020-09-10 09:31:10.900,4494.6000,9102,0,98493960.000,0,-,-,-,-,4496.2000,4496.0000,4495.6000,4494.6000,4493.6000,4498.6000,4499.0000,4499.4000,4500.0000,4500.4000,2,1,1,1,1,1,2,1,2,1
SF,IF2103,2020-09-10 09:31:11.400,4495.8000,9102,0,99842700.000,1,0,1,多换,S,4496.2000,4495.6000,4494.6000,4493.6000,4491.2000,4498.6000,4499.0000,4499.4000,4500.0000,4500.4000,2,1,1,1,1,1,2,1,2,1
SF,IF2103,2020-09-10 09:31:11.900,4495.8000,9102,0,99842700.000,0,-,-,-,-,4496.2000,4495.6000,4494.6000,4493.6000,4491.2000,4498.6000,4499.0000,4499.4000,4500.0000,4500.4000,2,1,1,1,1,1,2,1,2,1
SF,IF2103,2020-09-10 09:31:12.400,4495.8000,9102,0,99842700.000,0,-,-,-,-,4496.2000,4495.6000,4494.6000,4493.6000,4491.2000,4498.6000,4499.0000,4499.4000,4500.0000,4500.4000,1,1,1,1,1,2,2,1,2,1
SF,IF2103,2020-09-10 09:31:12.900,4495.8000,9102,0,99842700.000,0,-,-,-,-,4495.6000,4494.6000,4493.6000,4491.2000,4490.0000,4498.6000,4499.0000,4499.4000,4500.0000,4500.4000,1,1,1,1,2,2,2,1,2,1
SF,IF2103,2020-09-10 09:31:13.900,4495.8000,9102,0,99842700.000,0,-,-,-,-,4495.6000,4494.6000,4493.6000,4491.2000,4490.0000,4498.4000,4498.6000,4499.0000,4499.4000,4500.0000,1,1,1,1,2,1,2,2,1,2
SF,IF2103,2020-09-10 09:31:14.400,4498.2000,9102,0,101192160.000,1,0,1,多换,S,4495.6000,4493.6000,4493.4000,4491.2000,4490.0000,4498.4000,4499.0000,4499.4000,4500.0000,4500.4000,1,1,1,1,2,1,2,1,2,1
SF,IF2103,2020-09-10 09:31:14.900,4498.2000,9102,0,101192160.000,0,-,-,-,-,4495.8000,4495.6000,4493.6000,4493.4000,4491.2000,4498.4000,4499.0000,4499.4000,4500.0000,4500.4000,1,2,1,1,1,1,2,1,2,1
SF,IF2103,2020-09-10 09:31:15.400,4498.2000,9102,0,101192160.000,0,-,-,-,-,4496.0000,4495.8000,4495.6000,4493.6000,4493.4000,4499.0000,4499.4000,4500.0000,4500.4000,4501.0000,1,2,1,1,1,2,1,2,1,1
SF,IF2103,2020-09-10 09:31:15.900,4498.2000,9102,0,101192160.000,0,-,-,-,-,4496.2000,4496.0000,4495.6000,4493.6000,4493.4000,4499.0000,4499.4000,4500.0000,4500.4000,4501.0000,1,2,1,1,1,2,1,2,1,1
SF,IF2103,2020-09-10 09:31:16.400,4498.2000,9102,0,101192160.000,0,-,-,-,-,4496.2000,4496.0000,4495.6000,4493.6000,4493.4000,4499.0000,4499.4000,4500.0000,4500.4000,4501.0000,2,1,1,1,1,2,1,2,1,1
SF,IF2103,2020-09-10 09:31:16.900,4498.2000,9102,0,101192160.000,0,-,-,-,-,4496.2000,4495.6000,4493.6000,4493.4000,4491.2000,4499.0000,4499.4000,4500.0000,4500.4000,4501.0000,1,1,1,1,1,2,1,2,1,1
SF,IF2103,2020-09-10 09:31:18.400,4498.2000,9102,0,101192160.000,0,-,-,-,-,4496.2000,4495.6000,4493.6000,4493.4000,4491.2000,4498.8000,4499.0000,4499.4000,4500.0000,4500.4000,1,1,1,1,1,1,2,1,2,1
SF,IF2103,2020-09-10 09:31:18.900,4498.2000,9102,0,101192160.000,0,-,-,-,-,4496.2000,4495.6000,4493.6000,4493.4000,4491.2000,4499.0000,4499.4000,4500.0000,4500.4000,4501.0000,1,1,1,1,1,2,1,2,1,1
SF,IF2103,2020-09-10 09:31:19.400,4496.4000,9101,-1,102541080.000,1,0,1,双平,S,4496.2000,4495.6000,4493.6000,4493.4000,4491.2000,4499.0000,4499.4000,4500.0000,4500.4000,4501.0000,1,1,1,1,1,3,1,2,1,1
SF,IF2103,2020-09-10 09:31:19.900,4496.4000,9101,0,102541080.000,0,-,-,-,-,4496.6000,4496.2000,4495.6000,4493.6000,4493.4000,4498.8000,4499.0000,4499.4000,4500.0000,4500.4000,1,1,1,1,1,2,3,1,2,1
SF,IF2103,2020-09-10 09:31:20.400,4496.4000,9101,0,102541080.000,0,-,-,-,-,4496.8000,4496.6000,4496.4000,4495.6000,4493.6000,4498.8000,4499.0000,4499.4000,4500.0000,4500.4000,1,1,1,1,1,2,2,1,2,1
SF,IF2103,2020-09-10 09:31:20.900,4496.4000,9101,0,102541080.000,0,-,-,-,-,4496.8000,4496.4000,4495.6000,4493.6000,4493.4000,4498.8000,4499.0000,4499.4000,4500.0000,4500.4000,1,1,1,1,1,2,2,1,2,1
SF,IF2103,2020-09-10 09:31:21.400,4496.4000,9101,0,102541080.000,0,-,-,-,-,4496.8000,4496.4000,4495.6000,4493.6000,4493.4000,4498.8000,4499.0000,4499.2000,4499.4000,4500.0000,1,1,1,1,1,2,2,1,1,2
SF,IF2103,2020-09-10 09:31:21.900,4498.8000,9100,-1,103890720.000,1,0,1,双平,S,4496.8000,4496.4000,4495.6000,4493.6000,4493.4000,4498.8000,4499.0000,4499.2000,4499.4000,4500.0000,1,1,1,1,1,1,2,1,1,2
SF,IF2103,2020-09-10 09:31:22.400,4498.8000,9100,0,103890720.000,0,-,-,-,-,4496.8000,4496.4000,4495.6000,4493.6000,4493.4000,4498.8000,4499.0000,4499.2000,4499.4000,4500.0000,1,1,1,1,1,2,2,1,1,2
SF,IF2103,2020-09-10 09:31:22.900,4496.8000,9099,-1,105239760.000,1,0,1,双平,S,4496.4000,4495.6000,4493.6000,4493.4000,4491.2000,4498.6000,4498.8000,4499.0000,4499.2000,4499.4000,1,1,1,1,1,1,2,2,1,1
SF,IF2103,2020-09-10 09:31:23.400,4496.4000,9099,0,106588680.000,1,0,1,多换,S,4495.6000,4493.4000,4491.2000,4490.0000,4485.0000,4498.4000,4498.6000,4498.8000,4499.0000,4499.2000,1,1,1,2,1,1,2,1,2,1
SF,IF2103,2020-09-10 09:31:23.900,4496.4000,9099,0,106588680.000,0,-,-,-,-,4495.6000,4493.4000,4491.2000,4490.0000,4485.0000,4498.2000,4498.4000,4498.8000,4499.0000,4499.2000,1,1,1,2,1,1,2,1,2,1
SF,IF2103,2020-09-10 09:31:24.400,4496.4000,9099,0,106588680.000,0,-,-,-,-,4495.6000,4493.4000,4491.2000,4490.0000,4485.0000,4498.2000,4498.4000,4498.8000,4499.0000,4499.2000,1,1,1,2,1,2,1,1,2,1
SF,IF2103,2020-09-10 09:31:24.900,4496.4000,9099,0,106588680.000,0,-,-,-,-,4495.6000,4493.4000,4491.2000,4490.0000,4485.0000,4498.0000,4498.2000,4498.4000,4498.8000,4499.0000,1,1,1,2,1,1,2,1,1,2
SF,IF2103,2020-09-10 09:31:25.400,4496.4000,9099,0,106588680.000,0,-,-,-,-,4495.6000,4493.4000,4491.2000,4490.0000,4485.0000,4497.8000,4498.0000,4498.4000,4498.8000,4499.0000,1,1,1,2,1,1,2,1,2,2
SF,IF2103,2020-09-10 09:31:25.900,4496.4000,9099,0,106588680.000,0,-,-,-,-,4495.6000,4493.4000,4491.2000,4490.0000,4485.0000,4497.8000,4498.0000,4498.4000,4498.8000,4499.0000,1,1,1,2,1,1,2,1,2,3
SF,IF2103,2020-09-10 09:31:26.400,4496.4000,9099,0,106588680.000,0,-,-,-,-,4495.6000,4491.2000,4490.0000,4485.0000,4475.2000,4497.8000,4498.0000,4498.4000,4498.8000,4499.0000,1,1,2,1,1,2,1,1,2,3
SF,IF2103,2020-09-10 09:31:26.900,4495.6000,9099,0,107937360.000,1,0,1,多换,S,4491.2000,4490.0000,4485.0000,4475.2000,4461.8000,4497.8000,4498.0000,4498.4000,4498.8000,4499.0000,1,2,1,1,1,2,1,1,2,3
SF,IF2103,2020-09-10 09:31:27.400,4495.6000,9099,0,107937360.000,0,-,-,-,-,4491.4000,4491.2000,4490.0000,4485.0000,4475.2000,4497.6000,4497.8000,4498.0000,4498.4000,4498.8000,1,1,2,1,1,1,1,1,1,1
SF,IF2103,2020-09-10 09:31:27.900,4495.6000,9099,0,107937360.000,0,-,-,-,-,4492.6000,4491.4000,4491.2000,4490.0000,4485.0000,4496.8000,4497.4000,4497.6000,4498.0000,4498.4000,1,1,1,2,1,1,1,2,1,1
SF,IF2103,2020-09-10 09:31:28.400,4495.6000,9099,0,107937360.000,0,-,-,-,-,4492.8000,4492.6000,4491.2000,4490.0000,4485.0000,4496.6000,4496.8000,4498.0000,4498.4000,4498.8000,1,1,1,2,1,2,1,1,1,1
SF,IF2103,2020-09-10 09:31:28.900,4495.6000,9099,0,107937360.000,0,-,-,-,-,4492.8000,4492.6000,4491.2000,4490.0000,4485.0000,4496.4000,4496.6000,4497.8000,4498.0000,4498.4000,1,1,1,1,1,1,2,1,1,1
SF,IF2103,2020-09-10 09:31:29.400,4495.6000,9099,0,107937360.000,0,-,-,-,-,4492.8000,4492.6000,4491.2000,4490.0000,4485.0000,4496.2000,4496.4000,4496.6000,4497.8000,4498.0000,1,1,1,1,1,1,2,1,1,1
SF,IF2103,2020-09-10 09:31:29.900,4496.0000,9099,0,109286160.000,1,0,1,多换,S,4493.0000,4492.8000,4491.2000,4490.0000,4485.0000,4496.2000,4496.4000,4496.6000,4497.8000,4498.0000,1,1,1,1,1,1,1,1,1,1
SF,IF2103,2020-09-10 09:31:30.400,4496.0000,9099,0,109286160.000,0,-,-,-,-,4495.0000,4493.2000,4493.0000,4491.2000,4490.0000,4496.2000,4497.8000,4498.0000,4498.4000,4498.8000,1,1,1,1,1,1,1,1,1,1
SF,IF2103,2020-09-10 09:31:30.900,4495.0000,9099,0,110634660.000,1,0,1,多换,S,4493.2000,4493.0000,4491.2000,4490.0000,4485.0000,4495.0000,4496.0000,4496.2000,4497.8000,4498.0000,1,1,1,1,1,1,1,1,1,1
SF,IF2103,2020-09-10 09:31:31.400,4495.0000,9099,0,110634660.000,0,-,-,-,-,4493.2000,4493.0000,4491.2000,4490.0000,4485.0000,4495.0000,4496.0000,4497.8000,4498.0000,4498.4000,1,1,1,1,1,2,1,1,1,1
SF,IF2103,2020-09-10 09:31:31.900,4493.2000,9098,-1,111982620.000,1,0,1,双平,S,4491.2000,4490.0000,4485.0000,4475.2000,4461.8000,4495.0000,4496.0000,4497.8000,4498.0000,4498.4000,1,1,1,1,1,2,1,1,1,1
SF,IF2103,2020-09-10 09:31:32.400,4493.2000,9098,0,111982620.000,0,-,-,-,-,4491.4000,4490.0000,4485.0000,4475.2000,4461.8000,4494.8000,4495.0000,4497.8000,4498.0000,4498.4000,1,1,1,1,1,1,1,1,1,1
SF,IF2103,2020-09-10 09:31:32.900,4493.2000,9098,0,111982620.000,0,-,-,-,-,4491.4000,4490.0000,4485.0000,4475.2000,4461.8000,4494.6000,4494.8000,4495.0000,4497.8000,4498.0000,1,1,1,1,1,1,1,1,1,1
SF,IF2103,2020-09-10 09:31:33.400,4493.2000,9098,0,111982620.000,0,-,-,-,-,4491.6000,4491.4000,4490.0000,4485.0000,4475.2000,4494.4000,4494.6000,4495.0000,4497.8000,4498.0000,1,1,1,1,1,1,1,1,1,1
SF,IF2103,2020-09-10 09:31:33.900,4493.2000,9098,0,111982620.000,0,-,-,-,-,4491.8000,4491.6000,4490.0000,4485.0000,4475.2000,4494.4000,4495.0000,4497.8000,4498.0000,4498.4000,1,1,1,1,1,1,1,1,1,1
SF,IF2103,2020-09-10 09:31:34.400,4493.2000,9098,0,111982620.000,0,-,-,-,-,4491.8000,4491.6000,4490.0000,4485.0000,4475.2000,4494.2000,4495.0000,4497.8000,4498.0000,4498.4000,1,1,1,1,1,1,1,1,1,1
SF,IF2103,2020-09-10 09:31:34.900,4493.2000,9098,0,111982620.000,0,-,-,-,-,4491.8000,4490.0000,4485.0000,4475.2000,4461.8000,4494.2000,4495.0000,4497.8000,4498.0000,4498.4000,1,1,1,1,1,1,1,1,1,1
SF,IF2103,2020-09-10 09:31:35.400,4494.0000,9098,0,113330820.000,1,0,1,多换,S,4491.8000,4490.0000,4485.0000,4475.2000,4461.8000,4494.2000,4495.0000,4497.8000,4498.0000,4498.4000,1,1,1,1,1,1,1,1,1,1
SF,IF2103,2020-09-10 09:31:35.900,4494.0000,9098,0,113330820.000,0,-,-,-,-,4492.0000,4491.8000,4490.0000,4485.0000,4475.2000,4494.2000,4495.0000,4497.8000,4498.0000,4498.8000,1,1,1,1,1,1,1,1,1,1
SF,IF2103,2020-09-10 09:31:36.400,4494.0000,9098,0,113330820.000,0,-,-,-,-,4492.2000,4492.0000,4490.0000,4485.0000,4475.2000,4494.2000,4495.0000,4497.8000,4498.8000,4499.0000,1,1,1,1,1,1,1,1,1,3
SF,IF2103,2020-09-10 09:31:36.900,4494.0000,9098,0,113330820.000,0,-,-,-,-,4492.2000,4492.0000,4490.0000,4485.0000,4475.2000,4494.2000,4495.0000,4497.8000,4498.8000,4499.0000,1,1,1,1,1,1,1,1,1,3
SF,IF2103,2020-09-10 09:31:37.400,4494.0000,9098,0,113330820.000,0,-,-,-,-,4490.0000,4485.0000,4475.2000,4461.8000,4461.0000,4494.0000,4494.2000,4495.0000,4497.8000,4498.8000,1,1,1,1,1,1,2,1,1,1
SF,IF2103,2020-09-10 09:31:37.900,4494.0000,9098,0,113330820.000,0,-,-,-,-,4490.0000,4485.0000,4475.2000,4461.8000,4461.0000,4493.8000,4494.0000,4495.0000,4497.8000,4498.8000,1,1,1,1,1,2,2,1,1,1
SF,IF2103,2020-09-10 09:31:38.400,4494.0000,9098,0,113330820.000,0,-,-,-,-,4490.0000,4485.0000,4475.2000,4461.8000,4461.0000,4493.6000,4493.8000,4494.0000,4495.0000,4497.8000,1,1,1,1,1,1,2,1,1,1
SF,IF2103,2020-09-10 09:31:38.900,4494.0000,9098,0,113330820.000,0,-,-,-,-,4490.0000,4485.0000,4475.2000,4461.8000,4461.0000,4493.4000,4493.6000,4494.0000,4495.0000,4497.8000,1,1,1,1,1,2,1,1,1,1
SF,IF2103,2020-09-10 09:31:39.400,4494.0000,9098,0,113330820.000,0,-,-,-,-,4490.0000,4485.0000,4475.2000,4461.8000,4461.0000,4493.4000,4494.0000,4495.0000,4497.8000,4498.8000,1,1,1,1,1,2,1,1,1,1
SF,IF2103,2020-09-10 09:31:39.900,4494.0000,9098,0,113330820.000,0,-,-,-,-,4490.2000,4490.0000,4485.0000,4475.2000,4461.8000,4493.4000,4495.0000,4497.8000,4498.8000,4499.0000,1,1,1,1,1,2,1,1,1,3
SF,IF2103,2020-09-10 09:31:40.400,4494.0000,9098,0,113330820.000,0,-,-,-,-,4490.2000,4490.0000,4485.0000,4475.2000,4461.8000,4493.4000,4495.0000,4497.8000,4498.8000,4499.0000,1,1,1,1,1,2,1,1,1,2
SF,IF2103,2020-09-10 09:31:40.900,4494.0000,9098,0,113330820.000,0,-,-,-,-,4490.2000,4490.0000,4485.0000,4475.2000,4461.8000,4493.4000,4494.2000,4495.0000,4497.8000,4498.8000,2,1,1,1,1,2,1,1,1,1
SF,IF2103,2020-09-10 09:31:41.400,4494.0000,9098,0,113330820.000,0,-,-,-,-,4490.6000,4490.2000,4490.0000,4485.0000,4475.2000,4493.4000,4494.2000,4495.0000,4497.8000,4498.8000,1,1,1,1,1,2,1,1,2,1
SF,IF2103,2020-09-10 09:31:41.900,4494.0000,9098,0,113330820.000,0,-,-,-,-,4490.2000,4490.0000,4485.0000,4475.2000,4461.8000,4493.2000,4493.4000,4494.2000,4495.0000,4497.8000,1,1,1,1,1,1,2,1,1,2
SF,IF2103,2020-09-10 09:31:42.400,4493.2000,9096,-2,117374700.000,3,0,3,多平,S,4490.0000,4485.0000,4475.2000,4461.8000,4461.0000,4493.4000,4494.2000,4495.0000,4497.8000,4498.8000,1,1,1,1,1,1,1,1,2,1
SF,IF2103,2020-09-10 09:31:42.900,4490.0000,9096,0,118721700.000,1,0,1,多换,S,4485.0000,4475.2000,4461.8000,4461.0000,4450.0000,4493.2000,4493.4000,4494.2000,4495.0000,4497.8000,1,1,1,1,12,1,1,1,1,2
SF,IF2103,2020-09-10 09:31:43.400,4490.0000,9096,0,118721700.000,0,-,-,-,-,4486.4000,4486.0000,4485.8000,4485.6000,4485.4000,4492.6000,4493.0000,4493.2000,4494.2000,4495.0000,1,2,4,1,3,1,1,1,1,1
SF,IF2103,2020-09-10 09:31:43.900,4490.0000,9096,0,118721700.000,0,-,-,-,-,4487.0000,4486.6000,4486.4000,4486.0000,4485.8000,4492.4000,4492.6000,4494.2000,4495.0000,4497.8000,1,1,1,2,4,1,1,1,1,1
SF,IF2103,2020-09-10 09:31:44.400,4490.0000,9096,0,118721700.000,0,-,-,-,-,4487.2000,4487.0000,4486.4000,4486.0000,4485.8000,4491.2000,4491.8000,4492.2000,4492.4000,4492.6000,1,1,1,2,4,1,2,3,2,1
SF,IF2103,2020-09-10 09:31:44.900,4490.0000,9096,0,118721700.000,0,-,-,-,-,4487.2000,4487.0000,4485.0000,4464.8000,4461.8000,4491.0000,4491.2000,4491.8000,4492.2000,4492.4000,1,1,1,1,1,2,1,2,3,1
SF,IF2103,2020-09-10 09:31:45.400,4490.0000,9096,0,118721700.000,0,-,-,-,-,4487.2000,4487.0000,4485.0000,4464.8000,4461.8000,4491.0000,4491.2000,4491.8000,4492.2000,4492.4000,1,1,1,1,1,2,1,2,3,1
SF,IF2103,2020-09-10 09:31:45.900,4490.0000,9096,0,118721700.000,0,-,-,-,-,4487.2000,4485.0000,4483.6000,4464.8000,4461.8000,4491.0000,4492.2000,4492.4000,4492.6000,4494.2000,1,1,3,1,1,2,2,1,1,1
SF,IF2103,2020-09-10 09:31:46.400,4490.0000,9096,0,118721700.000,0,-,-,-,-,4487.2000,4485.0000,4483.6000,4464.8000,4461.8000,4491.0000,4492.2000,4492.4000,4492.6000,4494.2000,1,1,3,1,1,2,2,1,1,1
SF,IF2103,2020-09-10 09:31:46.900,4490.0000,9096,0,118721700.000,0,-,-,-,-,4487.2000,4485.0000,4483.6000,4464.8000,4461.8000,4491.0000,4492.2000,4492.4000,4492.6000,4494.2000,1,1,3,1,1,2,2,1,1,1
SF,IF2103,2020-09-10 09:31:47.400,4490.0000,9096,0,118721700.000,0,-,-,-,-,4487.2000,4485.0000,4483.6000,4477.4000,4464.8000,4491.0000,4492.2000,4492.4000,4492.6000,4494.2000,1,1,3,13,1,2,2,1,1,1
SF,IF2103,2020-09-10 09:31:47.900,4490.0000,9096,0,118721700.000,0,-,-,-,-,4487.4000,4487.2000,4485.0000,4483.6000,4477.4000,4491.0000,4492.2000,4492.4000,4492.6000,4494.2000,1,2,1,3,13,1,2,1,1,1
SF,IF2103,2020-09-10 09:31:48.400,4490.0000,9096,0,118721700.000,0,-,-,-,-,4487.6000,4487.4000,4485.0000,4483.6000,4477.4000,4491.0000,4492.2000,4492.4000,4492.6000,4494.2000,1,1,1,3,13,1,2,1,1,1
SF,IF2103,2020-09-10 09:31:48.900,4490.0000,9096,0,118721700.000,0,-,-,-,-,4487.6000,4487.4000,4485.0000,4483.6000,4477.4000,4490.8000,4491.0000,4492.2000,4492.4000,4492.6000,1,1,1,3,13,1,1,2,1,1
SF,IF2103,2020-09-10 09:31:49.400,4490.0000,9096,0,118721700.000,0,-,-,-,-,4487.6000,4487.4000,4485.0000,4483.6000,4477.4000,4490.6000,4492.2000,4492.4000,4492.6000,4494.2000,2,1,1,3,13,1,2,1,1,1
SF,IF2103,2020-09-10 09:31:49.900,4490.0000,9096,0,118721700.000,0,-,-,-,-,4487.6000,4485.0000,4483.6000,4477.4000,4464.8000,4490.6000,4492.2000,4492.4000,4492.6000,4494.2000,1,1,3,13,1,1,4,1,1,1
SF,IF2103,2020-09-10 09:31:50.400,4490.0000,9096,0,118721700.000,0,-,-,-,-,4487.6000,4486.8000,4485.0000,4483.6000,4477.4000,4490.6000,4492.2000,4492.4000,4492.6000,4494.2000,1,1,1,3,13,1,4,1,1,1
SF,IF2103,2020-09-10 09:31:50.900,4490.0000,9096,0,118721700.000,0,-,-,-,-,4488.0000,4487.6000,4486.8000,4485.0000,4483.6000,4490.6000,4492.2000,4492.4000,4492.6000,4494.2000,1,1,1,1,3,1,2,1,1,1
SF,IF2103,2020-09-10 09:31:51.400,4490.0000,9096,0,118721700.000,0,-,-,-,-,4488.2000,4488.0000,4486.8000,4485.0000,4483.6000,4492.2000,4492.4000,4492.6000,4494.2000,4495.0000,2,2,1,1,3,2,1,1,1,1
SF,IF2103,2020-09-10 09:31:51.900,4490.0000,9096,0,118721700.000,0,-,-,-,-,4488.4000,4488.2000,4488.0000,4486.8000,4485.0000,4492.0000,4494.2000,4495.0000,4497.8000,4498.8000,1,2,1,1,1,2,1,1,1,1
SF,IF2103,2020-09-10 09:31:52.400,4490.0000,9096,0,118721700.000,0,-,-,-,-,4488.6000,4488.4000,4488.2000,4488.0000,4486.8000,4492.0000,4494.2000,4495.0000,4497.8000,4498.8000,1,1,1,1,1,1,1,1,1,1
SF,IF2103,2020-09-10 09:31:52.900,4490.0000,9096,0,118721700.000,0,-,-,-,-,4488.8000,4488.6000,4488.2000,4488.0000,4486.8000,4492.0000,4494.2000,4495.0000,4497.8000,4498.8000,1,2,1,1,1,1,1,1,1,1
SF,IF2103,2020-09-10 09:31:53.400,4490.0000,9096,0,118721700.000,0,-,-,-,-,4489.0000,4488.8000,4488.6000,4488.2000,4488.0000,4492.0000,4494.2000,4495.0000,4497.8000,4499.0000,1,1,1,1,1,1,1,1,1,1
SF,IF2103,2020-09-10 09:31:53.900,4490.0000,9096,0,118721700.000,0,-,-,-,-,4489.0000,4488.8000,4488.2000,4488.0000,4486.8000,4492.0000,4494.2000,4495.0000,4497.8000,4499.0000,1,1,1,1,1,1,1,1,1,1
SF,IF2103,2020-09-10 09:31:54.900,4492.0000,9095,-1,120069300.000,1,0,1,双平,S,4489.0000,4488.8000,4488.2000,4488.0000,4486.8000,4494.2000,4495.0000,4497.8000,4499.0000,4499.2000,1,1,1,1,1,1,1,1,1,1
SF,IF2103,2020-09-10 09:31:55.400,4492.0000,9095,0,120069300.000,0,-,-,-,-,4489.2000,4489.0000,4488.8000,4488.0000,4486.8000,4494.0000,4494.2000,4495.0000,4497.8000,4499.0000,1,1,1,1,1,4,1,1,1,1
SF,IF2103,2020-09-10 09:31:55.900,4492.0000,9095,0,120069300.000,0,-,-,-,-,4489.4000,4489.2000,4488.8000,4488.0000,4486.8000,4493.2000,4494.0000,4494.2000,4495.0000,4497.8000,1,3,1,1,1,2,4,1,1,1
SF,IF2103,2020-09-10 09:31:56.400,4492.0000,9095,0,120069300.000,0,-,-,-,-,4489.6000,4489.4000,4489.2000,4488.8000,4488.0000,4492.4000,4492.8000,4493.0000,4493.2000,4494.0000,1,1,2,1,1,1,2,3,2,3
SF,IF2103,2020-09-10 09:31:56.900,4492.0000,9095,0,120069300.000,0,-,-,-,-,4489.8000,4489.6000,4489.2000,4488.8000,4488.0000,4492.4000,4494.0000,4494.2000,4495.0000,4497.8000,2,2,1,1,1,3,3,1,1,1
SF,IF2103,2020-09-10 09:31:57.400,4492.4000,9093,-2,122764740.000,2,0,2,双平,S,4490.0000,4489.8000,4489.6000,4489.2000,4488.8000,4494.0000,4494.2000,4495.0000,4497.8000,4499.0000,1,2,1,1,1,3,1,1,1,1
SF,IF2103,2020-09-10 09:31:57.900,4492.4000,9093,0,122764740.000,0,-,-,-,-,4490.4000,4490.2000,4490.0000,4489.8000,4489.2000,4494.0000,4494.2000,4495.0000,4497.8000,4499.0000,1,4,1,1,1,1,1,1,1,1
SF,IF2103,2020-09-10 09:31:58.400,4492.4000,9093,0,122764740.000,0,-,-,-,-,4490.6000,4490.4000,4490.2000,4489.8000,4489.2000,4494.2000,4495.0000,4497.8000,4499.0000,4499.2000,2,1,2,1,1,1,1,1,1,1
SF,IF2103,2020-09-10 09:31:58.900,4492.4000,9093,0,122764740.000,0,-,-,-,-,4490.8000,4490.6000,4490.2000,4489.8000,4489.2000,4494.2000,4495.0000,4497.8000,4499.0000,4499.2000,2,2,2,1,1,1,1,1,1,1
SF,IF2103,2020-09-10 09:31:59.400,4492.4000,9093,0,122764740.000,0,-,-,-,-,4491.0000,4490.8000,4490.2000,4489.8000,4488.8000,4494.2000,4495.0000,4497.8000,4499.0000,4499.2000,2,1,2,1,1,1,1,1,1,1
SF,IF2103,2020-09-10 09:31:59.900,4492.4000,9093,0,122764740.000,0,-,-,-,-,4491.2000,4491.0000,4490.8000,4490.2000,4489.8000,4494.2000,4495.0000,4497.8000,4499.0000,4499.2000,1,3,1,2,1,1,1,1,1,1
SF,IF2103,2020-09-10 09:32:00.400,4492.4000,9093,0,122764740.000,0,-,-,-,-,4491.4000,4491.2000,4491.0000,4490.8000,4490.2000,4494.2000,4495.0000,4497.8000,4499.0000,4499.2000,1,1,2,1,2,1,1,1,1,1
SF,IF2103,2020-09-10 09:32:00.900,4492.4000,9093,0,122764740.000,0,-,-,-,-,4491.6000,4491.4000,4491.0000,4490.8000,4490.2000,4494.2000,4494.4000,4495.0000,4497.8000,4499.0000,1,2,2,1,2,1,1,1,1,1
SF,IF2103,2020-09-10 09:32:01.400,4494.4000,9091,-2,125461320.000,2,0,2,双平,S,4491.8000,4491.6000,4491.0000,4490.8000,4490.2000,4495.0000,4497.8000,4499.0000,4499.2000,4499.4000,1,3,2,1,2,1,1,1,1,1
SF,IF2103,2020-09-10 09:32:01.900,4494.4000,9091,0,125461320.000,0,-,-,-,-,4492.0000,4491.8000,4491.6000,4491.0000,4490.8000,4495.0000,4497.8000,4499.0000,4499.2000,4499.4000,2,2,2,1,1,1,1,1,1,1
SF,IF2103,2020-09-10 09:32:02.400,4494.4000,9091,0,125461320.000,0,-,-,-,-,4492.2000,4492.0000,4491.6000,4491.0000,4490.8000,4494.0000,4494.8000,4497.8000,4499.0000,4499.2000,1,2,2,1,1,1,3,1,1,1
SF,IF2103,2020-09-10 09:32:02.900,4494.4000,9091,0,125461320.000,0,-,-,-,-,4492.2000,4492.0000,4491.6000,4491.0000,4490.8000,4494.8000,4497.8000,4499.0000,4499.2000,4499.4000,2,1,2,1,1,1,1,1,1,1
SF,IF2103,2020-09-10 09:32:03.400,4494.4000,9091,0,125461320.000,0,-,-,-,-,4492.2000,4492.0000,4491.6000,4491.0000,4490.8000,4497.8000,4499.0000,4499.2000,4499.4000,4499.8000,1,1,1,1,1,1,1,1,1,1
SF,IF2103,2020-09-10 09:32:03.900,4494.4000,9091,0,125461320.000,0,-,-,-,-,4492.4000,4492.2000,4491.6000,4490.8000,4490.2000,4494.8000,4495.4000,4496.8000,4497.6000,4497.8000,1,1,1,1,2,1,2,2,2,1
SF,IF2103,2020-09-10 09:32:04.400,4494.4000,9091,0,125461320.000,0,-,-,-,-,4492.6000,4491.6000,4490.8000,4490.6000,4490.0000,4495.4000,4496.8000,4497.6000,4497.8000,4499.0000,1,1,1,1,1,2,2,2,1,1
SF,IF2103,2020-09-10 09:32:04.900,4494.4000,9091,0,125461320.000,0,-,-,-,-,4492.6000,4491.6000,4490.8000,4490.6000,4490.0000,4495.2000,4495.4000,4496.8000,4497.6000,4497.8000,2,1,1,1,1,2,2,2,1,1
SF,IF2103,2020-09-10 09:32:05.400,4494.4000,9091,0,125461320.000,0,-,-,-,-,4492.6000,4491.6000,4490.6000,4490.0000,4486.8000,4496.8000,4497.6000,4497.8000,4499.0000,4499.2000,2,1,1,1,1,2,1,1,1,1
SF,IF2103,2020-09-10 09:32:05.900,4494.4000,9091,0,125461320.000,0,-,-,-,-,4492.8000,4492.6000,4491.6000,4490.6000,4490.0000,4496.6000,4496.8000,4497.6000,4497.8000,4499.0000,1,1,1,1,1,5,2,1,1,1
SF,IF2103,2020-09-10 09:32:06.400,4494.4000,9091,0,125461320.000,0,-,-,-,-,4493.0000,4492.8000,4491.6000,4490.6000,4490.0000,4496.6000,4496.8000,4497.6000,4497.8000,4499.0000,1,2,1,1,1,5,2,1,1,1
SF,IF2103,2020-09-10 09:32:06.900,4494.4000,9091,0,125461320.000,0,-,-,-,-,4493.2000,4493.0000,4491.6000,4490.6000,4490.0000,4496.6000,4496.8000,4497.6000,4497.8000,4499.0000,1,2,1,1,1,4,2,1,1,1
SF,IF2103,2020-09-10 09:32:07.400,4494.4000,9091,0,125461320.000,0,-,-,-,-,4493.4000,4493.2000,4493.0000,4491.6000,4490.6000,4496.4000,4496.6000,4496.8000,4497.6000,4497.8000,1,1,1,1,1,1,3,2,1,1
SF,IF2103,2020-09-10 09:32:07.900,4494.4000,9091,0,125461320.000,0,-,-,-,-,4493.4000,4493.2000,4491.6000,4490.6000,4490.0000,4496.2000,4496.4000,4496.6000,4496.8000,4497.6000,1,1,1,1,1,2,1,3,2,1
SF,IF2103,2020-09-10 09:32:09.400,4494.4000,9091,0,125461320.000,0,-,-,-,-,4493.4000,4493.2000,4491.8000,4491.6000,4490.6000,4496.2000,4496.4000,4496.6000,4496.8000,4497.6000,1,1,3,1,1,1,1,3,2,1
SF,IF2103,2020-09-10 09:32:09.900,4494.4000,9091,0,125461320.000,0,-,-,-,-,4493.4000,4493.2000,4491.8000,4491.6000,4490.6000,4496.0000,4496.2000,4496.4000,4496.6000,4496.8000,2,1,3,1,1,1,1,1,3,2
SF,IF2103,2020-09-10 09:32:10.400,4494.4000,9091,0,125461320.000,0,-,-,-,-,4493.4000,4493.2000,4491.8000,4491.6000,4490.6000,4496.4000,4496.6000,4496.8000,4497.6000,4497.8000,2,1,3,1,1,1,3,2,1,1
SF,IF2103,2020-09-10 09:32:10.900,4494.4000,9091,0,125461320.000,0,-,-,-,-,4493.4000,4493.2000,4491.8000,4491.6000,4490.6000,4496.2000,4496.4000,4496.6000,4496.8000,4497.6000,1,1,3,1,1,2,1,3,2,1
SF,IF2103,2020-09-10 09:32:11.400,4494.4000,9091,0,125461320.000,0,-,-,-,-,4493.4000,4493.2000,4491.8000,4491.6000,4490.6000,4496.2000,4496.4000,4496.6000,4496.8000,4497.6000,2,1,3,1,1,1,1,3,2,1
SF,IF2103,2020-09-10 09:32:11.900,4494.4000,9091,0,125461320.000,0,-,-,-,-,4493.4000,4493.2000,4491.8000,4491.6000,4490.6000,4496.4000,4496.6000,4496.8000,4497.6000,4497.8000,1,1,3,1,1,1,3,1,1,1
SF,IF2103,2020-09-10 09:32:12.400,4494.4000,9091,0,125461320.000,0,-,-,-,-,4493.4000,4493.2000,4491.8000,4491.6000,4490.6000,4496.0000,4496.2000,4496.4000,4496.6000,4496.8000,2,1,3,1,1,1,1,1,3,1
SF,IF2103,2020-09-10 09:32:12.900,4494.4000,9091,0,125461320.000,0,-,-,-,-,4493.4000,4493.2000,4491.8000,4491.6000,4490.6000,4496.0000,4496.2000,4496.4000,4496.6000,4496.8000,1,1,3,1,1,1,1,1,3,1
SF,IF2103,2020-09-10 09:32:13.400,4494.4000,9091,0,125461320.000,0,-,-,-,-,4493.4000,4493.2000,4491.8000,4491.6000,4490.6000,4495.8000,4496.0000,4496.4000,4496.6000,4496.8000,1,1,3,1,1,2,1,1,3,1
SF,IF2103,2020-09-10 09:32:13.900,4494.4000,9091,0,125461320.000,0,-,-,-,-,4493.4000,4491.8000,4491.6000,4490.6000,4490.0000,4495.8000,4496.0000,4496.4000,4496.6000,4496.8000,1,3,1,1,1,2,1,1,3,1
SF,IF2103,2020-09-10 09:32:14.400,4493.4000,9090,-1,126809340.000,1,0,1,双平,S,4491.6000,4490.8000,4490.6000,4490.0000,4489.2000,4495.4000,4495.6000,4495.8000,4496.0000,4496.4000,1,3,1,1,3,1,2,2,1,1
SF,IF2103,2020-09-10 09:32:14.900,4493.4000,9090,0,126809340.000,0,-,-,-,-,4491.8000,4491.6000,4490.8000,4490.6000,4490.0000,4495.2000,4495.4000,4495.6000,4495.8000,4496.0000,1,2,3,1,1,1,1,2,1,1
SF,IF2103,2020-09-10 09:32:15.400,4493.4000,9090,0,126809340.000,0,-,-,-,-,4491.8000,4491.6000,4490.8000,4490.6000,4490.0000,4495.0000,4495.2000,4495.4000,4495.6000,4495.8000,1,1,3,1,1,1,1,1,2,1
SF,IF2103,2020-09-10 09:32:15.900,4493.4000,9090,0,126809340.000,0,-,-,-,-,4491.8000,4491.6000,4490.8000,4490.6000,4490.0000,4494.8000,4495.0000,4495.4000,4495.6000,4495.8000,1,1,3,1,1,2,1,1,2,1
SF,IF2103,2020-09-10 09:32:16.400,4494.8000,9088,-2,129506160.000,2,0,2,双平,S,4495.2000,4491.8000,4491.6000,4490.8000,4490.6000,4495.4000,4495.6000,4496.0000,4496.4000,4496.6000,3,2,1,3,1,1,2,1,1,3
SF,IF2103,2020-09-10 09:32:16.900,4495.2000,9085,-3,133551840.000,3,0,3,双平,S,4491.8000,4491.6000,4490.8000,4490.6000,4490.0000,4494.6000,4495.2000,4495.4000,4495.6000,4496.0000,2,1,3,1,1,1,2,1,2,1
SF,IF2103,2020-09-10 09:32:17.400,4495.2000,9085,0,133551840.000,0,-,-,-,-,4491.8000,4491.6000,4490.8000,4490.6000,4490.0000,4494.6000,4495.4000,4495.6000,4496.0000,4496.4000,1,1,3,1,1,1,1,2,1,1
SF,IF2103,2020-09-10 09:32:18.400,4495.2000,9085,0,133551840.000,0,-,-,-,-,4491.8000,4491.6000,4490.8000,4490.6000,4490.0000,4494.6000,4495.4000,4495.6000,4496.0000,4496.4000,2,1,3,1,1,1,1,2,1,1
SF,IF2103,2020-09-10 09:32:18.900,4495.2000,9085,0,133551840.000,0,-,-,-,-,4492.0000,4491.8000,4491.6000,4490.8000,4490.6000,4494.2000,4494.6000,4495.4000,4495.6000,4496.0000,2,2,1,3,1,1,1,1,2,1
SF,IF2103,2020-09-10 09:32:19.400,4495.2000,9085,0,133551840.000,0,-,-,-,-,4492.2000,4492.0000,4491.6000,4490.8000,4490.6000,4494.6000,4496.0000,4496.4000,4496.6000,4496.8000,2,2,1,3,1,1,1,1,3,1
SF,IF2103,2020-09-10 09:32:19.900,4495.2000,9085,0,133551840.000,0,-,-,-,-,4492.2000,4492.0000,4491.6000,4490.8000,4490.6000,4496.0000,4496.4000,4496.6000,4496.8000,4497.8000,2,1,1,3,1,1,1,1,1,1
SF,IF2103,2020-09-10 09:32:20.400,4495.2000,9085,0,133551840.000,0,-,-,-,-,4492.4000,4492.2000,4490.8000,4490.6000,4490.0000,4495.8000,4496.0000,4496.4000,4496.6000,4496.8000,2,2,3,1,1,1,1,1,1,1
SF,IF2103,2020-09-10 09:32:20.900,4495.2000,9085,0,133551840.000,0,-,-,-,-,4492.6000,4492.4000,4490.8000,4490.6000,4490.0000,4496.0000,4496.4000,4496.6000,4496.8000,4497.8000,2,2,3,1,1,1,1,1,1,1
SF,IF2103,2020-09-10 09:32:21.400,4495.2000,9085,0,133551840.000,0,-,-,-,-,4492.8000,4492.6000,4492.4000,4490.8000,4490.6000,4495.8000,4496.0000,4496.4000,4496.6000,4496.8000,2,1,1,3,1,1,1,1,1,1
SF,IF2103,2020-09-10 09:32:21.900,4495.2000,9085,0,133551840.000,0,-,-,-,-,4493.0000,4492.8000,4490.8000,4490.6000,4490.0000,4495.4000,4495.6000,4495.8000,4496.0000,4496.4000,1,1,3,1,1,1,2,1,1,1
SF,IF2103,2020-09-10 09:32:22.400,4495.2000,9084,-1,134900400.000,1,0,1,双平,S,4493.0000,4490.8000,4490.6000,4490.0000,4489.2000,4494.4000,4495.8000,4496.0000,4496.4000,4496.6000,2,3,1,1,3,1,1,1,1,1
SF,IF2103,2020-09-10 09:32:22.900,4494.4000,9083,-1,136248720.000,1,0,1,双平,S,4493.0000,4490.8000,4490.6000,4490.0000,4489.2000,4495.8000,4496.0000,4496.4000,4496.6000,4496.8000,2,3,1,1,3,1,1,1,1,1
SF,IF2103,2020-09-10 09:32:23.400,4494.4000,9083,0,136248720.000,0,-,-,-,-,4493.0000,4490.8000,4490.6000,4490.0000,4489.2000,4495.6000,4495.8000,4496.0000,4496.4000,4496.6000,2,3,1,2,3,2,1,1,1,1
SF,IF2103,2020-09-10 09:32:23.900,4494.4000,9083,0,136248720.000,0,-,-,-,-,4493.0000,4490.8000,4490.6000,4490.0000,4489.2000,4495.4000,4495.6000,4495.8000,4496.0000,4496.4000,1,3,1,2,3,3,2,1,1,1
SF,IF2103,2020-09-10 09:32:24.400,4494.4000,9083,0,136248720.000,0,-,-,-,-,4493.0000,4490.8000,4490.6000,4490.0000,4489.2000,4495.2000,4495.4000,4495.6000,4496.0000,4496.4000,2,3,1,2,3,2,1,1,1,1
SF,IF2103,2020-09-10 09:32:24.900,4494.4000,9083,0,136248720.000,0,-,-,-,-,4493.0000,4490.8000,4490.6000,4490.0000,4489.2000,4495.0000,4495.2000,4495.4000,4496.0000,4496.4000,2,3,1,2,3,1,1,1,1,1
SF,IF2103,2020-09-10 09:32:25.400,4494.4000,9083,0,136248720.000,0,-,-,-,-,4493.4000,4493.0000,4490.6000,4490.0000,4489.2000,4495.2000,4495.4000,4496.0000,4496.4000,4496.6000,1,2,1,2,3,1,1,1,1,1
SF,IF2103,2020-09-10 09:32:26.400,4495.2000,9083,0,137597280.000,1,0,1,多换,S,4493.4000,4493.0000,4490.6000,4490.0000,4489.2000,4495.4000,4496.0000,4496.4000,4496.6000,4496.8000,1,2,1,2,3,1,1,1,1,2
SF,IF2103,2020-09-10 09:32:26.900,4495.2000,9083,0,137597280.000,0,-,-,-,-,4495.2000,4493.6000,4493.4000,4490.6000,4490.0000,4495.4000,4496.0000,4496.4000,4496.6000,4496.8000,1,1,1,1,2,1,1,1,1,2
SF,IF2103,2020-09-10 09:32:27.400,4495.2000,9082,-1,138945840.000,1,0,1,双平,S,4493.4000,4490.6000,4490.0000,4489.2000,4486.8000,4495.4000,4496.0000,4496.4000,4496.6000,4496.8000,1,1,2,3,1,1,1,1,1,2
SF,IF2103,2020-09-10 09:32:27.900,4495.2000,9082,0,138945840.000,0,-,-,-,-,4493.6000,4493.4000,4490.6000,4490.0000,4489.2000,4496.0000,4496.4000,4496.6000,4496.8000,4497.8000,1,1,1,2,3,1,1,1,2,1
SF,IF2103,2020-09-10 09:32:28.400,4495.8000,9082,0,140294580.000,1,0,1,多换,S,4493.6000,4493.4000,4490.6000,4490.0000,4489.2000,4496.0000,4496.4000,4496.6000,4496.8000,4497.8000,1,1,1,2,3,1,1,1,2,1
SF,IF2103,2020-09-10 09:32:28.900,4495.8000,9082,0,140294580.000,0,-,-,-,-,4493.6000,4490.6000,4490.0000,4489.2000,4486.8000,4495.8000,4496.0000,4496.4000,4496.6000,4496.8000,2,1,2,3,1,1,1,1,1,2
SF,IF2103,2020-09-10 09:32:29.400,4496.0000,9081,-1,142992120.000,2,0,2,多平,S,4493.6000,4490.6000,4490.0000,4489.2000,4486.8000,4496.4000,4496.8000,4497.8000,4499.0000,4499.2000,2,1,2,3,1,1,2,1,1,1
SF,IF2103,2020-09-10 09:32:29.900,4496.0000,9081,0,142992120.000,0,-,-,-,-,4493.8000,4493.6000,4490.6000,4490.0000,4489.2000,4496.8000,4497.8000,4499.0000,4499.2000,4499.4000,1,2,1,2,3,1,1,1,1,1
SF,IF2103,2020-09-10 09:32:30.400,4496.8000,9081,0,144341160.000,1,0,1,多换,S,4494.0000,4493.8000,4490.6000,4490.0000,4489.2000,4497.8000,4499.0000,4499.2000,4499.4000,4499.8000,1,2,1,2,3,1,1,1,1,1
SF,IF2103,2020-09-10 09:32:30.900,4496.8000,9081,0,144341160.000,0,-,-,-,-,4494.2000,4494.0000,4490.6000,4490.0000,4489.2000,4497.6000,4497.8000,4499.0000,4499.2000,4499.4000,1,2,1,2,3,2,1,1,1,1
SF,IF2103,2020-09-10 09:32:31.400,4496.8000,9081,0,144341160.000,0,-,-,-,-,4494.4000,4494.2000,4490.6000,4490.0000,4489.2000,4497.6000,4497.8000,4499.0000,4499.2000,4499.4000,1,2,1,2,3,1,1,1,1,1
SF,IF2103,2020-09-10 09:32:31.900,4496.8000,9081,0,144341160.000,0,-,-,-,-,4494.6000,4494.4000,4490.6000,4490.0000,4489.2000,4497.4000,4497.6000,4497.8000,4499.0000,4499.2000,1,1,1,2,3,1,1,1,1,1
SF,IF2103,2020-09-10 09:32:32.400,4497.4000,9081,0,145690380.000,1,0,1,多换,S,4494.8000,4494.6000,4490.6000,4490.0000,4489.2000,4497.6000,4497.8000,4499.0000,4499.2000,4499.4000,1,1,1,2,3,1,1,1,1,1
SF,IF2103,2020-09-10 09:32:33.400,4497.4000,9081,0,145690380.000,0,-,-,-,-,4494.8000,4494.6000,4490.6000,4490.0000,4489.2000,4497.4000,4497.6000,4497.8000,4498.2000,4499.0000,1,1,1,2,3,3,1,1,1,1
SF,IF2103,2020-09-10 09:32:33.900,4497.4000,9081,0,145690380.000,0,-,-,-,-,4494.8000,4494.6000,4490.6000,4490.0000,4489.2000,4497.4000,4497.6000,4497.8000,4498.2000,4499.0000,2,1,1,2,3,1,1,1,1,1
SF,IF2103,2020-09-10 09:32:34.400,4497.4000,9081,0,147039600.000,1,0,1,多换,S,4494.8000,4494.6000,4490.6000,4490.0000,4489.2000,4497.2000,4497.6000,4497.8000,4498.2000,4499.0000,2,1,1,2,3,1,1,1,1,1
SF,IF2103,2020-09-10 09:32:34.900,4497.4000,9081,0,147039600.000,0,-,-,-,-,4494.8000,4490.6000,4490.0000,4489.2000,4486.8000,4497.6000,4497.8000,4498.2000,4499.0000,4499.2000,2,1,2,3,1,1,1,1,1,1
SF,IF2103,2020-09-10 09:32:35.400,4494.8000,9080,-1,148388040.000,1,0,1,双平,S,4490.6000,4490.0000,4489.2000,4486.8000,4477.0000,4497.6000,4497.8000,4498.2000,4499.0000,4499.2000,1,2,3,1,1,1,1,1,1,1
SF,IF2103,2020-09-10 09:32:35.900,4494.8000,9080,0,148388040.000,0,-,-,-,-,4491.6000,4491.4000,4491.2000,4490.8000,4490.6000,4497.6000,4497.8000,4498.2000,4499.0000,4499.2000,1,1,1,7,2,1,1,1,1,1
SF,IF2103,2020-09-10 09:32:36.400,4494.8000,9080,0,148388040.000,0,-,-,-,-,4491.8000,4491.6000,4491.4000,4491.2000,4490.8000,4497.6000,4497.8000,4498.2000,4499.0000,4499.2000,3,2,1,1,5,1,1,1,1,1
SF,IF2103,2020-09-10 09:32:36.900,4494.8000,9080,0,148388040.000,0,-,-,-,-,4494.8000,4492.8000,4492.0000,4491.8000,4491.6000,4497.4000,4497.6000,4497.8000,4498.2000,4499.0000,1,1,3,3,1,1,1,1,1,1
SF,IF2103,2020-09-10 09:32:37.400,4494.8000,9080,0,148388040.000,0,-,-,-,-,4495.0000,4494.8000,4492.8000,4492.0000,4491.8000,4497.8000,4498.2000,4499.0000,4499.2000,4499.4000,1,2,1,2,2,1,1,1,1,1
SF,IF2103,2020-09-10 09:32:37.900,4494.8000,9080,0,148388040.000,0,-,-,-,-,4495.0000,4494.8000,4492.8000,4491.8000,4491.6000,4497.6000,4497.8000,4498.2000,4499.0000,4499.2000,2,1,1,2,1,1,1,1,1,1
SF,IF2103,2020-09-10 09:32:38.400,4494.8000,9080,0,148388040.000,0,-,-,-,-,4495.0000,4494.8000,4492.8000,4491.8000,4491.6000,4497.6000,4497.8000,4498.2000,4499.0000,4499.2000,2,1,1,2,1,1,1,1,1,1
SF,IF2103,2020-09-10 09:32:38.900,4497.4000,9079,-1,149737260.000,1,0,1,双平,S,4495.0000,4494.8000,4492.8000,4491.8000,4491.6000,4497.6000,4497.8000,4498.2000,4499.0000,4499.2000,2,1,1,2,1,1,1,1,1,1
SF,IF2103,2020-09-10 09:32:39.400,4497.6000,9078,-1,151086540.000,1,0,1,双平,S,4495.0000,4492.8000,4491.8000,4491.6000,4491.4000,4497.8000,4498.2000,4499.0000,4499.2000,4499.4000,1,1,2,1,1,1,1,1,1,1
SF,IF2103,2020-09-10 09:32:39.900,4497.6000,9078,0,151086540.000,0,-,-,-,-,4495.2000,4495.0000,4492.8000,4491.8000,4491.6000,4497.8000,4498.2000,4499.0000,4499.2000,4499.4000,1,2,1,2,1,1,1,1,1,1
SF,IF2103,2020-09-10 09:32:40.400,4497.6000,9078,0,151086540.000,0,-,-,-,-,4495.4000,4495.2000,4492.8000,4491.8000,4491.6000,4497.8000,4498.2000,4499.0000,4499.2000,4499.4000,1,2,1,2,1,1,1,1,1,1
SF,IF2103,2020-09-10 09:32:40.900,4497.6000,9078,0,151086540.000,0,-,-,-,-,4495.6000,4495.4000,4495.2000,4492.8000,4491.8000,4497.8000,4498.2000,4499.0000,4499.2000,4499.4000,1,2,1,1,2,1,1,1,1,1
SF,IF2103,2020-09-10 09:32:41.400,4497.8000,9078,0,152435880.000,1,0,1,多换,S,4495.8000,4495.6000,4495.2000,4492.8000,4491.8000,4498.2000,4499.0000,4499.2000,4499.4000,4499.8000,1,1,1,1,2,1,1,1,1,1
SF,IF2103,2020-09-10 09:32:41.900,4495.6000,9076,-2,155133300.000,2,0,2,双平,S,4495.2000,4491.8000,4491.4000,4491.2000,4490.8000,4498.2000,4499.0000,4499.2000,4499.4000,4499.8000,1,1,1,1,3,1,1,1,1,1
SF,IF2103,2020-09-10 09:32:42.400,4495.6000,9076,0,155133300.000,0,-,-,-,-,4495.4000,4495.2000,4491.8000,4491.4000,4491.2000,4498.2000,4499.0000,4499.2000,4499.4000,4499.8000,1,1,1,1,1,1,1,1,1,1
SF,IF2103,2020-09-10 09:32:42.900,4495.6000,9076,0,155133300.000,0,-,-,-,-,4491.8000,4491.4000,4491.2000,4490.8000,4490.6000,4498.0000,4498.2000,4499.0000,4499.2000,4499.4000,1,1,1,3,1,1,1,1,1,1
SF,IF2103,2020-09-10 09:32:43.400,4495.6000,9076,0,155133300.000,0,-,-,-,-,4492.0000,4491.8000,4491.4000,4491.2000,4490.8000,4498.0000,4498.2000,4499.0000,4499.2000,4499.4000,1,2,1,1,3,1,1,1,1,1
SF,IF2103,2020-09-10 09:32:43.900,4495.6000,9076,0,155133300.000,0,-,-,-,-,4492.2000,4492.0000,4491.4000,4491.2000,4490.8000,4498.0000,4498.2000,4499.0000,4499.2000,4499.4000,1,2,1,1,3,1,1,1,1,1
SF,IF2103,2020-09-10 09:32:44.400,4495.6000,9076,0,155133300.000,0,-,-,-,-,4493.0000,4492.4000,4492.2000,4491.4000,4491.2000,4498.0000,4498.2000,4499.0000,4499.2000,4499.4000,1,1,2,1,1,1,1,1,1,1
SF,IF2103,2020-09-10 09:32:44.900,4495.6000,9076,0,155133300.000,0,-,-,-,-,4493.2000,4493.0000,4491.4000,4491.2000,4490.6000,4498.0000,4498.2000,4499.0000,4499.2000,4499.4000,2,2,1,1,1,1,1,1,1,1
SF,IF2103,2020-09-10 09:32:45.400,4495.6000,9076,0,155133300.000,0,-,-,-,-,4493.4000,4493.2000,4493.0000,4491.4000,4491.2000,4498.0000,4498.2000,4499.0000,4499.2000,4499.4000,1,2,1,1,1,1,1,1,1,1
SF,IF2103,2020-09-10 09:32:45.900,4495.6000,9076,0,155133300.000,0,-,-,-,-,4493.6000,4491.4000,4491.2000,4490.6000,4490.0000,4498.0000,4498.2000,4499.0000,4499.2000,4499.4000,3,1,1,1,2,1,1,1,1,1
SF,IF2103,2020-09-10 09:32:46.400,4495.6000,9076,0,155133300.000,0,-,-,-,-,4493.6000,4491.2000,4490.6000,4490.0000,4489.2000,4497.8000,4498.0000,4498.2000,4499.0000,4499.2000,3,1,1,2,3,3,1,1,1,1
SF,IF2103,2020-09-10 09:32:46.900,4495.6000,9076,0,155133300.000,0,-,-,-,-,4493.6000,4491.2000,4490.6000,4490.0000,4489.2000,4497.6000,4497.8000,4498.2000,4499.0000,4499.2000,1,1,1,2,3,3,3,1,1,1
SF,IF2103,2020-09-10 09:32:47.400,4495.6000,9076,0,155133300.000,0,-,-,-,-,4493.6000,4490.6000,4490.0000,4489.2000,4486.8000,4496.6000,4497.4000,4497.6000,4497.8000,4498.2000,1,1,2,3,1,2,2,3,3,1
SF,IF2103,2020-09-10 09:32:47.900,4495.6000,9076,0,155133300.000,0,-,-,-,-,4493.6000,4490.6000,4490.0000,4489.2000,4486.8000,4496.4000,4497.4000,4497.6000,4497.8000,4498.2000,1,1,2,3,1,1,2,2,3,1
SF,IF2103,2020-09-10 09:32:48.400,4496.4000,9076,0,156482220.000,1,0,1,多换,S,4493.8000,4493.6000,4490.6000,4490.0000,4489.2000,4497.4000,4497.6000,4497.8000,4498.2000,4499.0000,1,1,1,2,3,2,2,3,1,1
SF,IF2103,2020-09-10 09:32:48.900,4494.0000,9075,-1,157830420.000,1,0,1,双平,S,4494.0000,4493.8000,4490.6000,4490.0000,4489.2000,4497.2000,4497.4000,4497.6000,4497.8000,4498.2000,1,1,1,2,3,1,2,2,3,1
SF,IF2103,2020-09-10 09:32:49.400,4494.0000,9075,0,157830420.000,0,-,-,-,-,4494.0000,4493.8000,4490.6000,4490.0000,4489.2000,4497.0000,4497.2000,4497.4000,4497.6000,4497.8000,1,1,1,2,3,1,1,2,2,3
SF,IF2103,2020-09-10 09:32:49.900,4494.0000,9075,0,157830420.000,0,-,-,-,-,4494.0000,4490.6000,4490.0000,4489.2000,4486.8000,4497.2000,4497.6000,4497.8000,4498.2000,4499.0000,2,1,2,3,1,1,1,1,1,1
SF,IF2103,2020-09-10 09:32:50.400,4494.0000,9075,0,157830420.000,0,-,-,-,-,4494.2000,4494.0000,4490.6000,4490.0000,4489.2000,4497.2000,4497.6000,4497.8000,4498.2000,4499.0000,1,2,1,2,3,1,1,1,1,1
SF,IF2103,2020-09-10 09:32:50.900,4494.0000,9075,0,157830420.000,0,-,-,-,-,4494.4000,4494.2000,4490.6000,4490.0000,4489.2000,4497.8000,4498.2000,4499.0000,4499.2000,4499.4000,1,2,1,2,3,1,1,1,1,1
SF,IF2103,2020-09-10 09:32:51.400,4494.0000,9075,0,157830420.000,0,-,-,-,-,4494.6000,4494.4000,4494.2000,4490.6000,4490.0000,4498.2000,4499.0000,4499.2000,4499.4000,4499.8000,1,1,2,1,2,1,1,1,1,1
SF,IF2103,2020-09-10 09:32:51.900,4494.0000,9075,0,157830420.000,0,-,-,-,-,4494.8000,4494.6000,4494.2000,4490.6000,4490.0000,4498.0000,4498.2000,4499.0000,4499.2000,4499.4000,1,1,1,1,2,5,1,1,1,1
SF,IF2103,2020-09-10 09:32:52.400,4494.0000,9075,0,157830420.000,0,-,-,-,-,4494.8000,4490.6000,4490.0000,4489.2000,4486.8000,4496.8000,4497.8000,4498.0000,4498.2000,4499.0000,1,1,2,3,1,2,2,5,1,1
SF,IF2103,2020-09-10 09:32:52.900,4494.8000,9074,-1,159178860.000,1,0,1,双平,S,4490.6000,4490.0000,4489.2000,4486.8000,4477.0000,4496.6000,4497.6000,4497.8000,4498.0000,4498.2000,1,2,3,1,1,3,2,1,4,1
SF,IF2103,2020-09-10 09:32:53.400,4494.8000,9074,0,159178860.000,0,-,-,-,-,4492.2000,4491.2000,4490.8000,4490.6000,4490.0000,4496.4000,4496.6000,4498.0000,4498.2000,4499.0000,1,1,4,1,2,1,3,4,1,1
SF,IF2103,2020-09-10 09:32:53.900,4494.8000,9074,0,159178860.000,0,-,-,-,-,4492.4000,4492.2000,4490.8000,4490.6000,4490.0000,4496.2000,4496.4000,4496.6000,4498.0000,4498.2000,1,1,3,1,2,2,1,2,4,1
SF,IF2103,2020-09-10 09:32:54.400,4494.8000,9074,0,159178860.000,0,-,-,-,-,4492.8000,4492.4000,4492.2000,4490.8000,4490.6000,4495.4000,4496.0000,4496.2000,4496.6000,4498.0000,1,1,1,3,1,2,2,2,2,4
SF,IF2103,2020-09-10 09:32:54.900,4494.8000,9074,0,159178860.000,0,-,-,-,-,4493.0000,4492.8000,4492.2000,4490.8000,4490.6000,4496.0000,4496.2000,4496.6000,4498.0000,4498.2000,2,2,1,3,1,1,2,2,4,1
SF,IF2103,2020-09-10 09:32:55.400,4494.8000,9074,0,159178860.000,0,-,-,-,-,4493.2000,4493.0000,4492.8000,4490.8000,4490.6000,4496.0000,4496.2000,4496.6000,4498.0000,4498.2000,1,2,1,3,1,1,2,1,4,1
SF,IF2103,2020-09-10 09:32:55.900,4494.8000,9074,0,159178860.000,0,-,-,-,-,4493.4000,4493.2000,4493.0000,4490.8000,4490.6000,4496.0000,4497.6000,4498.0000,4498.2000,4499.0000,4,1,1,3,1,1,2,4,1,1
SF,IF2103,2020-09-10 09:32:56.400,4494.8000,9074,0,159178860.000,0,-,-,-,-,4493.4000,4493.2000,4490.8000,4490.6000,4490.0000,4495.8000,4497.6000,4498.0000,4498.2000,4499.0000,3,1,3,1,2,1,2,4,1,1
SF,IF2103,2020-09-10 09:32:56.900,4494.8000,9074,0,159178860.000,0,-,-,-,-,4493.4000,4490.8000,4490.6000,4490.0000,4489.2000,4495.8000,4497.6000,4498.0000,4498.2000,4499.0000,2,3,1,2,3,1,2,4,1,1
SF,IF2103,2020-09-10 09:32:57.400,4494.8000,9074,0,159178860.000,0,-,-,-,-,4493.4000,4490.8000,4490.6000,4490.0000,4489.2000,4495.8000,4497.6000,4498.0000,4498.2000,4499.0000,1,3,1,2,3,1,2,4,1,1
SF,IF2103,2020-09-10 09:32:57.900,4494.8000,9074,0,159178860.000,0,-,-,-,-,4490.8000,4490.6000,4490.0000,4489.2000,4486.8000,4495.8000,4497.6000,4498.0000,4498.2000,4499.0000,3,1,2,3,1,1,2,4,1,1
SF,IF2103,2020-09-10 09:32:58.400,4494.8000,9074,0,159178860.000,0,-,-,-,-,4491.0000,4490.8000,4490.6000,4490.0000,4489.2000,4495.6000,4495.8000,4497.6000,4498.0000,4498.2000,2,3,1,2,3,2,1,2,4,1
SF,IF2103,2020-09-10 09:32:58.900,4494.8000,9074,0,159178860.000,0,-,-,-,-,4491.8000,4491.2000,4491.0000,4490.8000,4490.6000,4495.4000,4495.6000,4497.6000,4498.0000,4498.2000,1,1,2,3,1,1,2,2,4,1
SF,IF2103,2020-09-10 09:32:59.400,4494.8000,9074,0,159178860.000,0,-,-,-,-,4492.0000,4491.8000,4491.0000,4490.8000,4490.6000,4494.4000,4495.2000,4495.4000,4497.6000,4498.0000,2,2,1,3,1,2,1,1,2,4
SF,IF2103,2020-09-10 09:32:59.900,4494.8000,9074,0,159178860.000,0,-,-,-,-,4492.2000,4492.0000,4491.8000,4491.0000,4490.8000,4495.2000,4495.4000,4497.6000,4498.0000,4498.2000,1,2,1,1,3,1,1,2,4,1
SF,IF2103,2020-09-10 09:33:00.400,4494.8000,9074,0,159178860.000,0,-,-,-,-,4492.4000,4492.2000,4492.0000,4491.8000,4491.0000,4495.2000,4497.6000,4498.0000,4498.2000,4499.0000,1,1,1,1,1,1,2,4,1,1
SF,IF2103,2020-09-10 09:33:00.900,4494.8000,9074,0,159178860.000,0,-,-,-,-,4492.4000,4492.2000,4492.0000,4491.0000,4490.8000,4495.2000,4498.0000,4498.2000,4499.0000,4499.2000,1,1,1,1,3,1,4,1,1,1
SF,IF2103,2020-09-10 09:33:01.400,4494.8000,9074,0,159178860.000,0,-,-,-,-,4492.6000,4492.4000,4492.0000,4491.0000,4490.8000,4495.2000,4498.0000,4498.2000,4499.0000,4499.2000,1,2,1,1,3,1,4,1,1,1
SF,IF2103,2020-09-10 09:33:01.900,4494.8000,9074,0,159178860.000,0,-,-,-,-,4492.4000,4492.0000,4491.0000,4490.8000,4490.6000,4495.0000,4498.0000,4498.2000,4499.0000,4499.2000,2,1,1,3,1,1,4,1,1,1
SF,IF2103,2020-09-10 09:33:02.400,4494.8000,9074,0,159178860.000,0,-,-,-,-,4492.4000,4491.0000,4490.8000,4490.6000,4490.0000,4495.0000,4498.0000,4498.2000,4499.0000,4499.2000,1,1,3,1,2,1,4,1,1,1
SF,IF2103,2020-09-10 09:33:02.900,4494.8000,9074,0,159178860.000,0,-,-,-,-,4492.4000,4491.0000,4490.8000,4490.6000,4490.0000,4495.0000,4498.0000,4498.2000,4499.0000,4499.2000,2,1,2,1,2,1,4,1,1,1
SF,IF2103,2020-09-10 09:33:03.400,4494.8000,9074,0,159178860.000,0,-,-,-,-,4492.4000,4491.0000,4490.8000,4490.6000,4490.0000,4495.0000,4498.0000,4498.2000,4499.0000,4499.2000,1,1,2,1,2,1,4,1,1,1
SF,IF2103,2020-09-10 09:33:03.900,4494.8000,9074,0,159178860.000,0,-,-,-,-,4492.4000,4491.0000,4490.8000,4490.6000,4490.0000,4495.0000,4498.0000,4498.2000,4499.0000,4499.2000,1,1,2,1,2,1,4,2,1,1
SF,IF2103,2020-09-10 09:33:04.900,4494.8000,9074,0,159178860.000,0,-,-,-,-,4492.4000,4491.0000,4490.8000,4490.6000,4490.0000,4495.0000,4498.0000,4498.2000,4499.0000,4499.2000,1,1,1,1,2,1,4,2,1,1
SF,IF2103,2020-09-10 09:33:05.400,4494.8000,9074,0,159178860.000,0,-,-,-,-,4491.0000,4490.8000,4490.6000,4490.0000,4489.2000,4495.0000,4498.0000,4498.2000,4499.0000,4499.2000,1,1,1,2,3,1,4,2,1,1
SF,IF2103,2020-09-10 09:33:05.900,4494.8000,9074,0,159178860.000,0,-,-,-,-,4491.2000,4491.0000,4490.8000,4490.6000,4490.0000,4494.8000,4495.0000,4498.0000,4498.2000,4499.0000,1,2,1,1,2,1,1,4,2,1
SF,IF2103,2020-09-10 09:33:06.400,4494.8000,9074,0,159178860.000,0,-,-,-,-,4491.2000,4491.0000,4490.8000,4490.6000,4490.0000,4494.6000,4494.8000,4498.0000,4498.2000,4499.0000,1,2,1,1,2,1,1,4,2,1
SF,IF2103,2020-09-10 09:33:06.900,4494.8000,9074,0,161875740.000,2,1,1,多换,S,4495.0000,4491.4000,4491.2000,4490.8000,4490.6000,4498.0000,4498.2000,4499.0000,4499.2000,4499.4000,3,1,2,1,1,4,2,1,1,1
SF,IF2103,2020-09-10 09:33:07.400,4491.4000,9074,0,167268480.000,4,2,2,多换,S,4490.6000,4490.0000,4489.2000,4486.8000,4466.0000,4494.8000,4495.0000,4496.0000,4496.8000,4497.8000,1,2,3,1,1,2,1,1,2,2
SF,IF2103,2020-09-10 09:33:07.900,4491.4000,9074,0,167268480.000,0,-,-,-,-,4490.8000,4490.6000,4490.0000,4489.2000,4486.8000,4494.6000,4494.8000,4495.0000,4496.0000,4496.8000,1,2,2,3,1,2,2,1,1,2
SF,IF2103,2020-09-10 09:33:08.400,4491.4000,9074,0,167268480.000,0,-,-,-,-,4491.0000,4490.8000,4490.6000,4490.0000,4489.2000,4494.6000,4494.8000,4495.0000,4496.0000,4496.8000,1,2,1,2,3,1,2,1,1,2
SF,IF2103,2020-09-10 09:33:08.900,4494.6000,9073,-1,168616860.000,1,0,1,双平,S,4491.2000,4491.0000,4490.6000,4490.0000,4489.2000,4496.0000,4496.8000,4497.8000,4498.0000,4498.2000,2,2,1,2,3,1,2,2,3,2
SF,IF2103,2020-09-10 09:33:09.400,4494.6000,9073,0,168616860.000,0,-,-,-,-,4491.6000,4491.4000,4491.2000,4491.0000,4490.6000,4496.0000,4497.8000,4498.0000,4498.2000,4499.0000,1,3,2,1,1,1,2,3,2,1
SF,IF2103,2020-09-10 09:33:09.900,4494.6000,9073,0,168616860.000,0,-,-,-,-,4491.8000,4491.6000,4491.4000,4491.0000,4490.6000,4497.8000,4498.0000,4498.2000,4499.0000,4499.2000,3,2,2,1,1,2,3,4,1,1
SF,IF2103,2020-09-10 09:33:10.400,4494.6000,9073,0,168616860.000,0,-,-,-,-,4492.4000,4492.0000,4491.8000,4491.6000,4491.4000,4497.2000,4497.6000,4497.8000,4498.0000,4498.2000,1,1,3,2,2,2,3,2,3,4
SF,IF2103,2020-09-10 09:33:10.900,4494.6000,9073,0,168616860.000,0,-,-,-,-,4492.6000,4492.4000,4492.0000,4491.8000,4491.6000,4495.6000,4496.8000,4497.0000,4497.2000,4497.6000,2,2,1,1,1,2,6,1,1,2
SF,IF2103,2020-09-10 09:33:11.400,4494.6000,9073,0,168616860.000,0,-,-,-,-,4492.8000,4492.6000,4492.0000,4491.8000,4491.6000,4495.6000,4496.8000,4497.2000,4497.8000,4498.0000,2,3,1,1,1,2,7,1,2,4
SF,IF2103,2020-09-10 09:33:11.900,4494.6000,9073,0,168616860.000,0,-,-,-,-,4493.0000,4492.6000,4492.0000,4491.8000,4491.6000,4495.6000,4496.8000,4497.2000,4497.8000,4498.0000,2,2,1,1,1,2,5,1,2,3
SF,IF2103,2020-09-10 09:33:12.400,4494.6000,9073,0,168616860.000,0,-,-,-,-,4493.0000,4492.6000,4492.0000,4491.8000,4491.6000,4495.6000,4496.8000,4497.2000,4497.8000,4498.0000,2,1,1,1,1,2,5,1,2,3
SF,IF2103,2020-09-10 09:33:12.900,4494.6000,9073,0,168616860.000,0,-,-,-,-,4493.0000,4492.6000,4492.0000,4491.8000,4491.6000,4495.6000,4496.8000,4497.2000,4497.8000,4498.0000,1,1,1,1,1,2,5,1,2,3
SF,IF2103,2020-09-10 09:33:13.400,4494.6000,9073,0,168616860.000,0,-,-,-,-,4493.0000,4492.6000,4492.0000,4491.8000,4491.6000,4495.4000,4495.6000,4496.8000,4497.2000,4497.8000,2,1,1,1,1,1,2,5,1,2
SF,IF2103,2020-09-10 09:33:13.900,4494.6000,9073,0,168616860.000,0,-,-,-,-,4493.0000,4492.6000,4492.0000,4491.8000,4491.6000,4495.2000,4495.4000,4497.2000,4497.8000,4498.0000,2,1,1,1,1,2,1,1,2,3
SF,IF2103,2020-09-10 09:33:14.400,4494.6000,9073,0,168616860.000,0,-,-,-,-,4493.0000,4492.0000,4491.8000,4491.4000,4490.6000,4495.2000,4497.2000,4497.8000,4498.0000,4498.2000,2,1,1,2,1,2,1,2,3,2
SF,IF2103,2020-09-10 09:33:14.900,4494.6000,9073,0,168616860.000,0,-,-,-,-,4493.2000,4493.0000,4492.0000,4491.8000,4491.4000,4497.2000,4497.8000,4498.0000,4498.2000,4499.0000,1,2,1,1,2,1,2,3,2,1
SF,IF2103,2020-09-10 09:33:15.400,4494.6000,9073,0,168616860.000,0,-,-,-,-,4493.4000,4492.0000,4491.8000,4491.4000,4490.6000,4497.2000,4497.8000,4498.0000,4498.2000,4499.0000,2,1,1,2,1,1,2,3,2,1
SF,IF2103,2020-09-10 09:33:15.900,4494.6000,9073,0,168616860.000,0,-,-,-,-,4493.6000,4493.4000,4492.0000,4491.8000,4491.4000,4496.8000,4497.2000,4497.8000,4498.0000,4498.2000,2,2,1,1,2,3,1,2,3,2
SF,IF2103,2020-09-10 09:33:16.400,4494.6000,9073,0,168616860.000,0,-,-,-,-,4493.8000,4493.6000,4492.0000,4491.8000,4491.4000,4497.2000,4497.8000,4498.0000,4498.2000,4499.0000,4,1,1,1,2,1,1,3,2,1
SF,IF2103,2020-09-10 09:33:16.900,4494.6000,9073,0,168616860.000,0,-,-,-,-,4493.8000,4492.0000,4491.8000,4491.4000,4490.6000,4496.8000,4497.2000,4498.0000,4498.2000,4499.0000,3,1,1,2,1,2,1,2,2,1
SF,IF2103,2020-09-10 09:33:17.400,4494.6000,9073,0,168616860.000,0,-,-,-,-,4494.0000,4493.8000,4492.0000,4491.8000,4491.4000,4496.8000,4497.2000,4498.0000,4498.2000,4499.0000,1,2,1,1,2,2,1,2,2,1
SF,IF2103,2020-09-10 09:33:17.900,4494.6000,9073,0,168616860.000,0,-,-,-,-,4494.2000,4493.8000,4492.0000,4491.8000,4491.4000,4496.8000,4497.2000,4498.0000,4498.2000,4499.0000,1,1,1,1,2,2,1,2,2,1
SF,IF2103,2020-09-10 09:33:18.400,4494.6000,9073,0,168616860.000,0,-,-,-,-,4494.2000,4493.8000,4492.0000,4491.8000,4491.4000,4496.6000,4496.8000,4497.2000,4498.0000,4498.2000,1,1,1,1,2,1,2,1,2,2
SF,IF2103,2020-09-10 09:33:18.900,4494.6000,9073,0,168616860.000,0,-,-,-,-,4493.8000,4492.0000,4491.8000,4491.4000,4490.6000,4496.4000,4496.6000,4497.2000,4498.0000,4498.2000,1,1,1,2,1,1,1,1,2,2
SF,IF2103,2020-09-10 09:33:19.400,4494.6000,9073,0,168616860.000,0,-,-,-,-,4494.0000,4493.8000,4492.0000,4491.8000,4491.4000,4496.4000,4497.2000,4498.0000,4498.2000,4499.0000,1,1,1,1,2,1,1,2,2,1
SF,IF2103,2020-09-10 09:33:19.900,4494.6000,9073,0,168616860.000,0,-,-,-,-,4494.0000,4492.0000,4491.8000,4491.4000,4490.6000,4496.4000,4497.2000,4498.0000,4498.2000,4499.0000,1,1,1,2,1,1,1,2,2,1
SF,IF2103,2020-09-10 09:33:20.400,4494.6000,9073,0,168616860.000,0,-,-,-,-,4494.0000,4492.0000,4491.8000,4491.4000,4490.6000,4496.4000,4497.2000,4498.0000,4498.2000,4499.0000,2,1,1,2,1,1,1,2,2,1
SF,IF2103,2020-09-10 09:33:20.900,4494.6000,9073,0,168616860.000,0,-,-,-,-,4494.0000,4492.0000,4491.8000,4491.4000,4490.6000,4496.4000,4497.2000,4498.0000,4498.2000,4499.0000,1,1,1,2,1,1,1,2,2,1
SF,IF2103,2020-09-10 09:33:22.900,4494.0000,9072,-1,169965060.000,1,0,1,双平,S,4492.0000,4491.8000,4491.4000,4490.6000,4490.0000,4496.2000,4496.4000,4497.2000,4498.0000,4498.2000,1,1,2,1,2,2,1,1,2,2
SF,IF2103,2020-09-10 09:33:23.400,4494.0000,9072,0,169965060.000,0,-,-,-,-,4492.2000,4492.0000,4491.4000,4490.6000,4490.0000,4496.2000,4496.4000,4497.2000,4498.0000,4498.2000,3,1,2,1,2,2,1,1,2,2
SF,IF2103,2020-09-10 09:33:23.900,4494.0000,9072,0,169965060.000,0,-,-,-,-,4492.4000,4492.2000,4491.4000,4490.6000,4490.0000,4496.0000,4496.4000,4497.2000,4498.0000,4498.2000,1,3,1,1,2,1,1,1,2,2
SF,IF2103,2020-09-10 09:33:24.400,4494.0000,9072,0,169965060.000,0,-,-,-,-,4493.0000,4492.6000,4492.4000,4491.4000,4490.6000,4496.0000,4496.4000,4497.2000,4498.0000,4498.2000,1,2,1,1,1,1,1,1,2,2
SF,IF2103,2020-09-10 09:33:24.900,4494.0000,9072,0,169965060.000,0,-,-,-,-,4493.2000,4493.0000,4492.6000,4491.4000,4490.6000,4496.0000,4496.4000,4497.2000,4498.0000,4498.2000,1,2,1,1,1,1,1,1,2,2
SF,IF2103,2020-09-10 09:33:25.400,4494.0000,9072,0,169965060.000,0,-,-,-,-,4496.0000,4493.2000,4493.0000,4492.6000,4491.4000,4496.4000,4497.2000,4498.0000,4498.2000,4499.0000,1,2,1,1,1,1,1,2,2,1
SF,IF2103,2020-09-10 09:33:25.900,4496.0000,9072,0,171313860.000,1,0,1,多换,S,4493.2000,4493.0000,4492.6000,4491.4000,4490.6000,4496.4000,4497.2000,4498.0000,4498.2000,4499.0000,2,1,1,1,1,1,1,2,2,1
SF,IF2103,2020-09-10 09:33:26.400,4496.0000,9072,0,171313860.000,0,-,-,-,-,4493.4000,4493.2000,4493.0000,4491.4000,4490.6000,4496.2000,4496.4000,4497.2000,4498.0000,4498.2000,1,1,1,1,1,1,1,1,2,2
SF,IF2103,2020-09-10 09:33:26.900,4496.0000,9072,0,171313860.000,0,-,-,-,-,4493.6000,4493.4000,4493.0000,4491.4000,4490.6000,4496.2000,4496.4000,4497.2000,4498.0000,4498.2000,1,1,1,1,1,1,1,1,2,2
SF,IF2103,2020-09-10 09:33:27.400,4496.0000,9072,0,171313860.000,0,-,-,-,-,4493.6000,4493.4000,4491.4000,4490.6000,4490.0000,4496.4000,4497.2000,4498.0000,4498.2000,4499.0000,2,1,1,1,2,1,1,2,2,1
SF,IF2103,2020-09-10 09:33:27.900,4496.0000,9072,0,171313860.000,0,-,-,-,-,4493.8000,4493.6000,4493.4000,4491.4000,4490.6000,4496.4000,4497.2000,4498.0000,4498.2000,4499.0000,1,2,1,1,1,1,1,2,2,1
SF,IF2103,2020-09-10 09:33:28.400,4494.0000,9073,1,172662060.000,1,1,0,双开,S,4494.0000,4493.8000,4493.4000,4491.4000,4490.6000,4497.2000,4498.0000,4498.2000,4499.0000,4499.2000,3,2,1,1,1,1,2,2,1,1
SF,IF2103,2020-09-10 09:33:28.900,4494.0000,9073,0,172662060.000,0,-,-,-,-,4494.2000,4494.0000,4493.8000,4491.4000,4490.6000,4496.8000,4497.0000,4497.2000,4498.0000,4498.2000,2,1,1,1,1,2,1,1,2,2
SF,IF2103,2020-09-10 09:33:29.400,4494.0000,9073,0,172662060.000,0,-,-,-,-,4494.2000,4494.0000,4493.8000,4491.4000,4490.6000,4496.6000,4496.8000,4497.2000,4498.0000,4498.2000,1,1,1,1,1,1,2,1,2,2
SF,IF2103,2020-09-10 09:33:29.900,4494.0000,9073,0,172662060.000,0,-,-,-,-,4493.8000,4491.4000,4490.6000,4490.0000,4489.2000,4496.6000,4496.8000,4497.2000,4498.0000,4498.2000,1,1,1,2,3,1,2,1,2,2
SF,IF2103,2020-09-10 09:33:30.400,4494.0000,9073,0,172662060.000,0,-,-,-,-,4493.8000,4491.4000,4490.6000,4490.0000,4489.2000,4496.6000,4497.2000,4498.0000,4498.2000,4499.0000,1,1,1,2,3,1,1,2,2,1
SF,IF2103,2020-09-10 09:33:31.900,4494.0000,9073,0,172662060.000,0,-,-,-,-,4493.8000,4491.4000,4490.6000,4490.0000,4489.2000,4494.0000,4496.6000,4497.2000,4498.0000,4498.2000,1,1,1,2,3,1,1,1,2,2
SF,IF2103,2020-09-10 09:33:32.400,4494.0000,9073,0,174010260.000,1,0,1,多换,S,4493.8000,4491.4000,4490.6000,4490.0000,4489.2000,4497.2000,4498.0000,4498.2000,4499.0000,4499.2000,1,1,1,2,3,1,2,2,1,1
SF,IF2103,2020-09-10 09:33:32.900,4494.0000,9073,0,174010260.000,0,-,-,-,-,4494.0000,4491.4000,4490.6000,4490.0000,4489.2000,4497.0000,4497.2000,4498.0000,4498.2000,4499.0000,1,1,1,2,3,1,1,2,2,1
SF,IF2103,2020-09-10 09:33:33.400,4494.0000,9072,-1,175358460.000,1,0,1,双平,S,4494.0000,4491.4000,4490.6000,4490.0000,4489.2000,4496.0000,4496.8000,4497.0000,4497.2000,4498.0000,1,1,1,2,3,2,5,1,1,2
SF,IF2103,2020-09-10 09:33:33.900,4494.0000,9072,0,175358460.000,0,-,-,-,-,4494.0000,4491.4000,4490.6000,4490.0000,4489.2000,4495.8000,4496.0000,4496.8000,4497.2000,4498.0000,1,1,1,2,3,1,2,1,1,2
SF,IF2103,2020-09-10 09:33:34.400,4494.0000,9072,0,175358460.000,0,-,-,-,-,4491.4000,4490.6000,4490.0000,4489.2000,4486.8000,4495.8000,4496.8000,4497.2000,4498.0000,4498.2000,1,1,2,3,1,1,1,1,2,2
SF,IF2103,2020-09-10 09:33:34.900,4494.0000,9072,0,175358460.000,0,-,-,-,-,4492.4000,4491.6000,4491.4000,4490.6000,4490.0000,4495.6000,4496.8000,4497.2000,4498.0000,4498.2000,1,5,2,1,2,1,1,1,2,2
SF,IF2103,2020-09-10 09:33:35.400,4494.0000,9072,0,175358460.000,0,-,-,-,-,4492.6000,4492.4000,4492.0000,4491.6000,4491.4000,4495.6000,4496.8000,4497.2000,4498.0000,4498.2000,2,1,1,4,2,1,1,1,2,2
SF,IF2103,2020-09-10 09:33:35.900,4494.0000,9072,0,175358460.000,0,-,-,-,-,4492.8000,4492.6000,4492.4000,4492.0000,4491.6000,4495.6000,4496.8000,4497.2000,4498.0000,4498.2000,1,2,1,1,4,1,1,1,2,2
SF,IF2103,2020-09-10 09:33:36.400,4494.0000,9072,0,175358460.000,0,-,-,-,-,4493.0000,4492.8000,4492.6000,4492.4000,4492.0000,4495.6000,4496.8000,4497.2000,4498.0000,4498.2000,1,1,1,1,1,1,1,1,2,2
SF,IF2103,2020-09-10 09:33:36.900,4494.0000,9072,0,175358460.000,0,-,-,-,-,4493.0000,4492.4000,4492.0000,4491.6000,4491.4000,4495.4000,4496.8000,4497.2000,4498.0000,4498.2000,1,1,1,4,1,1,1,1,2,2
SF,IF2103,2020-09-10 09:33:37.400,4495.4000,9072,0,176707080.000,1,0,1,多换,S,4493.0000,4492.4000,4492.0000,4491.6000,4491.4000,4496.8000,4497.2000,4498.0000,4498.2000,4499.0000,2,1,1,4,1,1,1,2,2,1
SF,IF2103,2020-09-10 09:33:37.900,4495.4000,9072,0,176707080.000,0,-,-,-,-,4493.0000,4492.4000,4492.0000,4491.6000,4491.4000,4496.6000,4496.8000,4497.2000,4498.0000,4498.2000,1,1,1,4,1,5,2,1,2,2
SF,IF2103,2020-09-10 09:33:38.400,4493.0000,9072,0,178054980.000,1,0,1,多换,S,4492.4000,4492.0000,4491.6000,4491.4000,4490.6000,4496.6000,4496.8000,4497.2000,4498.0000,4498.2000,1,1,4,1,1,2,1,1,2,2
SF,IF2103,2020-09-10 09:33:38.900,4493.0000,9072,0,178054980.000,0,-,-,-,-,4492.6000,4492.4000,4492.0000,4491.6000,4491.4000,4496.4000,4496.6000,4496.8000,4497.2000,4498.0000,1,1,1,4,1,1,2,1,1,2
SF,IF2103,2020-09-10 09:33:39.400,4493.0000,9072,0,178054980.000,0,-,-,-,-,4493.6000,4492.8000,4492.6000,4491.6000,4491.4000,4496.2000,4496.8000,4497.2000,4498.0000,4498.2000,2,1,1,4,1,2,1,1,2,2
SF,IF2103,2020-09-10 09:33:39.900,4493.0000,9072,0,178054980.000,0,-,-,-,-,4493.6000,4492.6000,4491.6000,4491.4000,4490.6000,4495.6000,4496.2000,4496.8000,4497.2000,4498.0000,2,1,4,1,1,2,1,1,1,2
SF,IF2103,2020-09-10 09:33:40.400,4493.0000,9072,0,178054980.000,0,-,-,-,-,4493.6000,4491.4000,4490.6000,4490.0000,4489.2000,4495.4000,4495.6000,4496.8000,4497.2000,4498.0000,2,1,1,2,3,1,2,1,1,2
SF,IF2103,2020-09-10 09:33:40.900,4493.0000,9072,0,180750780.000,2,1,1,多换,S,4491.4000,4490.6000,4490.0000,4489.2000,4486.8000,4493.0000,4495.4000,4496.8000,4497.0000,4497.2000,1,1,2,3,1,3,1,1,2,1
SF,IF2103,2020-09-10 09:33:41.400,4493.0000,9069,-3,184794480.000,3,0,3,双平,S,4491.6000,4491.4000,4490.6000,4490.0000,4489.2000,4495.4000,4496.8000,4497.0000,4497.2000,4498.0000,1,2,1,2,3,1,1,2,1,2
SF,IF2103,2020-09-10 09:33:41.900,4493.0000,9069,0,184794480.000,0,-,-,-,-,4491.6000,4491.4000,4490.6000,4490.0000,4489.2000,4495.2000,4495.4000,4496.8000,4497.0000,4497.2000,1,1,1,2,3,2,1,1,2,1
SF,IF2103,2020-09-10 09:33:42.400,4493.0000,9069,0,184794480.000,0,-,-,-,-,4491.6000,4490.6000,4490.2000,4490.0000,4489.2000,4494.6000,4495.0000,4495.2000,4496.8000,4497.0000,1,1,1,2,3,2,1,2,1,2
SF,IF2103,2020-09-10 09:33:42.900,4493.0000,9069,0,184794480.000,0,-,-,-,-,4491.6000,4490.6000,4490.2000,4490.0000,4489.2000,4494.4000,4495.2000,4496.8000,4497.0000,4497.2000,1,1,1,2,3,1,2,1,2,1
SF,IF2103,2020-09-10 09:33:43.400,4493.0000,9069,0,184794480.000,0,-,-,-,-,4491.6000,4490.6000,4490.2000,4490.0000,4489.2000,4494.0000,4494.2000,4494.4000,4495.2000,4497.0000,1,1,1,2,3,2,1,1,2,2
SF,IF2103,2020-09-10 09:33:43.900,4493.0000,9069,0,184794480.000,0,-,-,-,-,4491.6000,4490.6000,4490.2000,4490.0000,4489.2000,4493.8000,4494.0000,4494.2000,4495.2000,4497.0000,1,1,1,2,3,1,2,1,2,2
SF,IF2103,2020-09-10 09:33:45.400,4493.0000,9069,0,184794480.000,0,-,-,-,-,4491.6000,4490.6000,4490.2000,4490.0000,4489.2000,4493.6000,4493.8000,4494.0000,4494.2000,4495.2000,1,1,1,2,3,2,1,2,1,2
SF,IF2103,2020-09-10 09:33:45.900,4493.0000,9069,0,184794480.000,0,-,-,-,-,4490.6000,4490.2000,4490.0000,4489.2000,4486.8000,4493.4000,4493.6000,4494.0000,4494.2000,4495.2000,1,1,2,3,1,1,2,2,1,1
SF,IF2103,2020-09-10 09:33:46.400,4493.0000,9069,0,184794480.000,0,-,-,-,-,4490.8000,4490.6000,4490.2000,4490.0000,4489.2000,4493.2000,4493.4000,4494.2000,4495.2000,4497.0000,1,2,1,2,3,1,1,1,1,2
SF,IF2103,2020-09-10 09:33:46.900,4493.0000,9069,0,184794480.000,0,-,-,-,-,4490.8000,4490.6000,4490.2000,4490.0000,4489.2000,4493.2000,4493.4000,4494.2000,4495.2000,4497.0000,2,1,1,2,3,1,1,1,1,2
SF,IF2103,2020-09-10 09:33:47.900,4493.0000,9069,0,184794480.000,0,-,-,-,-,4490.8000,4490.6000,4490.2000,4490.0000,4489.2000,4493.2000,4493.4000,4494.2000,4495.2000,4497.0000,1,1,1,2,3,1,1,1,1,2
SF,IF2103,2020-09-10 09:33:48.400,4493.0000,9069,0,184794480.000,0,-,-,-,-,4490.8000,4490.6000,4490.2000,4490.0000,4489.2000,4493.0000,4493.2000,4494.2000,4495.2000,4497.0000,1,1,1,2,3,1,1,1,1,2
SF,IF2103,2020-09-10 09:33:48.900,4493.0000,9069,0,184794480.000,0,-,-,-,-,4491.0000,4490.8000,4490.6000,4490.2000,4490.0000,4494.2000,4497.0000,4497.2000,4498.0000,4498.2000,1,2,1,1,2,1,2,1,2,2
SF,IF2103,2020-09-10 09:33:49.400,4493.0000,9069,0,184794480.000,0,-,-,-,-,4491.2000,4491.0000,4490.6000,4490.2000,4490.0000,4494.2000,4497.0000,4497.2000,4498.0000,4498.2000,2,2,1,1,2,1,2,1,2,2
SF,IF2103,2020-09-10 09:33:49.900,4493.0000,9069,0,184794480.000,0,-,-,-,-,4491.4000,4491.2000,4491.0000,4490.6000,4490.2000,4497.0000,4497.2000,4498.0000,4498.2000,4499.0000,1,2,1,1,1,2,1,2,2,1
SF,IF2103,2020-09-10 09:33:50.400,4493.0000,9069,0,184794480.000,0,-,-,-,-,4491.6000,4491.4000,4491.0000,4490.6000,4490.2000,4496.0000,4496.8000,4497.0000,4497.2000,4498.0000,4,1,1,1,1,1,5,2,1,2
SF,IF2103,2020-09-10 09:33:50.900,4493.0000,9069,0,184794480.000,0,-,-,-,-,4491.6000,4491.0000,4490.6000,4490.2000,4490.0000,4494.8000,4495.4000,4495.8000,4496.8000,4497.0000,3,1,1,1,2,1,2,2,5,2
SF,IF2103,2020-09-10 09:33:51.400,4493.0000,9069,0,184794480.000,0,-,-,-,-,4491.6000,4490.6000,4490.2000,4490.0000,4489.2000,4494.6000,4495.8000,4496.8000,4497.0000,4497.2000,2,1,1,2,3,1,1,5,2,1
SF,IF2103,2020-09-10 09:33:51.900,4493.0000,9069,0,184794480.000,0,-,-,-,-,4491.8000,4491.6000,4490.6000,4490.2000,4490.0000,4494.6000,4495.8000,4496.8000,4497.0000,4497.2000,1,2,1,1,2,1,1,5,2,1
SF,IF2103,2020-09-10 09:33:52.400,4493.0000,9069,0,184794480.000,0,-,-,-,-,4492.0000,4491.8000,4491.6000,4490.6000,4490.2000,4494.6000,4495.8000,4496.8000,4497.0000,4497.2000,1,1,1,1,1,1,1,5,2,1
SF,IF2103,2020-09-10 09:33:52.900,4493.0000,9069,0,184794480.000,0,-,-,-,-,4492.2000,4492.0000,4491.6000,4490.6000,4490.2000,4495.8000,4496.8000,4497.0000,4497.2000,4498.0000,1,2,1,1,1,1,5,2,1,1
SF,IF2103,2020-09-10 09:33:53.400,4493.0000,9069,0,184794480.000,0,-,-,-,-,4492.4000,4492.2000,4490.6000,4490.2000,4490.0000,4496.8000,4497.0000,4497.2000,4498.0000,4498.2000,2,2,1,1,2,5,2,1,1,2
SF,IF2103,2020-09-10 09:33:53.900,4493.0000,9069,0,184794480.000,0,-,-,-,-,4492.6000,4492.4000,4492.2000,4490.6000,4490.2000,4496.6000,4496.8000,4497.0000,4497.2000,4498.0000,2,2,1,1,1,1,1,2,1,1
SF,IF2103,2020-09-10 09:33:54.400,4493.0000,9069,0,184794480.000,0,-,-,-,-,4492.8000,4492.6000,4490.6000,4490.2000,4490.0000,4496.6000,4496.8000,4497.0000,4497.2000,4498.0000,2,2,1,1,2,1,1,2,1,1
SF,IF2103,2020-09-10 09:33:54.900,4493.0000,9069,0,184794480.000,0,-,-,-,-,4493.0000,4492.8000,4492.6000,4490.6000,4490.2000,4496.6000,4496.8000,4497.0000,4497.2000,4498.0000,1,2,1,1,1,1,1,2,1,1
SF,IF2103,2020-09-10 09:33:55.400,4493.0000,9069,0,184794480.000,0,-,-,-,-,4493.2000,4493.0000,4492.8000,4492.6000,4490.6000,4496.4000,4496.6000,4496.8000,4497.0000,4497.2000,1,1,1,1,1,1,1,1,2,1
SF,IF2103,2020-09-10 09:33:55.900,4493.0000,9069,0,184794480.000,0,-,-,-,-,4493.4000,4493.2000,4492.6000,4490.6000,4490.2000,4496.8000,4497.0000,4497.2000,4498.0000,4498.2000,1,2,1,1,1,1,2,1,1,2
SF,IF2103,2020-09-10 09:33:56.400,4493.0000,9069,0,184794480.000,0,-,-,-,-,4493.6000,4493.4000,4492.6000,4490.6000,4490.2000,4496.6000,4496.8000,4497.0000,4497.2000,4498.0000,1,1,1,1,1,6,2,2,1,1
SF,IF2103,2020-09-10 09:33:56.900,4493.0000,9069,0,184794480.000,0,-,-,-,-,4493.8000,4493.6000,4492.6000,4490.6000,4490.2000,4496.2000,4496.4000,4496.6000,4496.8000,4497.0000,1,3,1,1,1,2,1,3,1,2
SF,IF2103,2020-09-10 09:33:57.400,4493.0000,9069,0,184794480.000,0,-,-,-,-,4493.8000,4493.6000,4492.6000,4490.6000,4490.2000,4496.0000,4496.6000,4496.8000,4497.0000,4497.2000,2,1,1,1,1,1,2,1,2,1
SF,IF2103,2020-09-10 09:33:57.900,4493.0000,9069,0,184794480.000,0,-,-,-,-,4493.8000,4492.6000,4490.6000,4490.2000,4490.0000,4496.0000,4496.6000,4496.8000,4497.0000,4497.2000,2,1,1,1,2,1,2,1,2,1
SF,IF2103,2020-09-10 09:33:58.400,4493.0000,9069,0,184794480.000,0,-,-,-,-,4493.8000,4492.6000,4490.6000,4490.2000,4490.0000,4496.0000,4497.0000,4497.2000,4498.0000,4498.2000,2,1,1,1,2,1,2,1,1,2
SF,IF2103,2020-09-10 09:33:58.900,4493.0000,9069,0,184794480.000,0,-,-,-,-,4493.8000,4492.6000,4490.6000,4490.2000,4490.0000,4496.0000,4497.0000,4497.2000,4498.0000,4498.2000,1,1,1,1,2,1,2,1,1,2
SF,IF2103,2020-09-10 09:33:59.400,4493.0000,9069,0,184794480.000,0,-,-,-,-,4492.6000,4490.6000,4490.2000,4490.0000,4489.2000,4496.0000,4497.0000,4497.2000,4498.0000,4498.2000,1,1,1,2,3,1,2,1,1,2
SF,IF2103,2020-09-10 09:33:59.900,4493.0000,9069,0,184794480.000,0,-,-,-,-,4492.8000,4490.6000,4490.2000,4490.0000,4489.2000,4496.0000,4497.0000,4497.2000,4498.0000,4498.2000,2,1,1,2,3,1,2,1,1,2
SF,IF2103,2020-09-10 09:34:00.400,4493.0000,9069,0,184794480.000,0,-,-,-,-,4492.8000,4490.6000,4490.2000,4490.0000,4489.2000,4496.0000,4497.0000,4497.2000,4498.0000,4498.2000,2,1,1,2,3,1,2,1,1,2
SF,IF2103,2020-09-10 09:34:00.900,4493.0000,9069,0,184794480.000,0,-,-,-,-,4493.0000,4492.8000,4490.6000,4490.2000,4490.0000,4496.0000,4497.0000,4497.2000,4498.0000,4498.2000,1,2,1,1,2,1,2,1,1,2
SF,IF2103,2020-09-10 09:34:01.400,4493.0000,9069,0,184794480.000,0,-,-,-,-,4493.2000,4493.0000,4490.6000,4490.2000,4490.0000,4496.0000,4497.0000,4497.2000,4498.0000,4498.2000,1,1,1,1,2,1,2,1,1,2
SF,IF2103,2020-09-10 09:34:01.900,4493.0000,9069,0,184794480.000,0,-,-,-,-,4493.2000,4490.6000,4490.2000,4490.0000,4489.2000,4496.0000,4497.0000,4497.2000,4498.0000,4498.2000,1,1,1,2,3,1,2,1,1,2
SF,IF2103,2020-09-10 09:34:02.400,4493.0000,9069,0,184794480.000,0,-,-,-,-,4490.6000,4490.2000,4490.0000,4489.2000,4486.8000,4495.8000,4496.0000,4497.0000,4497.2000,4498.0000,1,1,2,3,1,4,1,2,1,1
SF,IF2103,2020-09-10 09:34:02.900,4493.0000,9069,0,184794480.000,0,-,-,-,-,4490.8000,4490.6000,4490.2000,4490.0000,4489.2000,4495.2000,4495.4000,4495.6000,4495.8000,4497.0000,4,1,1,2,3,2,2,3,4,2
SF,IF2103,2020-09-10 09:34:03.400,4493.0000,9069,0,184794480.000,0,-,-,-,-,4490.8000,4490.6000,4490.2000,4490.0000,4489.2000,4495.0000,4495.2000,4495.4000,4495.6000,4495.8000,3,1,1,2,3,2,2,2,2,3
SF,IF2103,2020-09-10 09:34:03.900,4493.0000,9069,0,184794480.000,0,-,-,-,-,4490.8000,4490.6000,4490.2000,4490.0000,4489.2000,4494.8000,4495.0000,4495.2000,4495.4000,4495.6000,3,1,1,2,3,1,2,2,1,2
SF,IF2103,2020-09-10 09:34:04.400,4493.0000,9069,0,184794480.000,0,-,-,-,-,4491.0000,4490.8000,4490.6000,4490.2000,4490.0000,4494.6000,4494.8000,4495.4000,4495.6000,4495.8000,1,1,1,1,2,1,1,1,2,3
SF,IF2103,2020-09-10 09:34:04.900,4493.0000,9069,0,184794480.000,0,-,-,-,-,4491.2000,4491.0000,4490.6000,4490.2000,4490.0000,4494.6000,4494.8000,4495.4000,4495.6000,4495.8000,2,2,1,1,2,1,1,1,2,3
SF,IF2103,2020-09-10 09:34:05.400,4493.0000,9069,0,184794480.000,0,-,-,-,-,4491.4000,4491.2000,4490.6000,4490.2000,4490.0000,4493.8000,4495.6000,4495.8000,4497.0000,4497.2000,2,2,1,1,2,1,2,3,2,1
SF,IF2103,2020-09-10 09:34:05.900,4493.8000,9068,-1,186142620.000,1,0,1,双平,S,4491.6000,4491.4000,4491.2000,4490.6000,4490.2000,4495.8000,4497.0000,4497.2000,4498.0000,4498.2000,3,1,1,1,1,1,2,1,1,2
SF,IF2103,2020-09-10 09:34:06.400,4493.8000,9068,0,186142620.000,0,-,-,-,-,4491.8000,4491.6000,4491.4000,4490.6000,4490.2000,4495.6000,4495.8000,4497.0000,4497.2000,4498.0000,1,3,1,1,1,1,1,2,1,1
SF,IF2103,2020-09-10 09:34:06.900,4493.8000,9068,0,186142620.000,0,-,-,-,-,4492.0000,4491.8000,4491.6000,4491.4000,4490.6000,4495.6000,4495.8000,4497.0000,4497.2000,4498.0000,1,1,2,1,1,1,1,2,1,1
SF,IF2103,2020-09-10 09:34:07.400,4493.8000,9068,0,186142620.000,0,-,-,-,-,4492.2000,4492.0000,4491.6000,4490.6000,4490.2000,4495.6000,4495.8000,4497.0000,4497.2000,4498.0000,1,1,2,1,1,1,1,2,1,1
SF,IF2103,2020-09-10 09:34:07.900,4493.8000,9068,0,186142620.000,0,-,-,-,-,4492.4000,4492.2000,4491.6000,4490.6000,4490.2000,4495.4000,4495.6000,4495.8000,4497.0000,4497.2000,1,1,1,1,1,1,1,1,2,1
SF,IF2103,2020-09-10 09:34:08.400,4493.8000,9068,0,186142620.000,0,-,-,-,-,4492.4000,4492.2000,4491.6000,4490.6000,4490.2000,4495.2000,4495.4000,4495.8000,4497.0000,4497.2000,1,1,1,1,1,3,1,1,2,1
SF,IF2103,2020-09-10 09:34:08.900,4493.8000,9068,0,186142620.000,0,-,-,-,-,4492.4000,4492.2000,4490.6000,4490.2000,4490.0000,4495.2000,4495.4000,4495.8000,4497.0000,4497.2000,2,1,1,1,2,3,1,1,2,1
SF,IF2103,2020-09-10 09:34:09.400,4493.8000,9068,0,186142620.000,0,-,-,-,-,4492.4000,4492.2000,4490.6000,4490.2000,4490.0000,4495.2000,4495.4000,4495.8000,4497.0000,4497.2000,1,1,1,1,2,3,1,1,2,1
SF,IF2103,2020-09-10 09:34:10.400,4493.8000,9068,0,186142620.000,0,-,-,-,-,4492.2000,4490.6000,4490.2000,4490.0000,4489.2000,4495.2000,4495.4000,4495.8000,4497.0000,4497.2000,1,1,1,2,3,2,1,1,2,1
SF,IF2103,2020-09-10 09:34:10.900,4493.8000,9068,0,186142620.000,0,-,-,-,-,4492.4000,4492.2000,4490.6000,4490.2000,4490.0000,4495.2000,4495.8000,4497.0000,4497.2000,4498.0000,1,2,1,1,2,2,1,2,1,1
SF,IF2103,2020-09-10 09:34:11.400,4493.8000,9068,0,186142620.000,0,-,-,-,-,4492.4000,4492.2000,4490.6000,4490.2000,4490.0000,4495.2000,4495.8000,4497.0000,4497.2000,4498.0000,2,1,1,1,2,2,1,2,1,1
SF,IF2103,2020-09-10 09:34:11.900,4493.8000,9068,0,186142620.000,0,-,-,-,-,4492.4000,4492.2000,4490.6000,4490.2000,4490.0000,4495.2000,4495.8000,4497.0000,4497.2000,4498.0000,2,1,1,1,2,2,1,2,1,1
SF,IF2103,2020-09-10 09:34:13.900,4493.8000,9068,0,186142620.000,0,-,-,-,-,4492.4000,4492.2000,4490.6000,4490.2000,4490.0000,4495.2000,4495.8000,4497.0000,4497.2000,4498.0000,2,4,1,1,2,2,1,2,1,1
SF,IF2103,2020-09-10 09:34:14.400,4493.8000,9068,0,186142620.000,0,-,-,-,-,4492.6000,4492.4000,4492.2000,4490.6000,4490.2000,4495.2000,4495.8000,4497.0000,4497.2000,4498.0000,2,2,3,1,1,2,1,2,1,1
SF,IF2103,2020-09-10 09:34:14.900,4493.8000,9068,0,186142620.000,0,-,-,-,-,4492.8000,4492.6000,4492.2000,4490.6000,4490.2000,4495.2000,4495.8000,4497.0000,4497.2000,4498.0000,2,2,3,1,1,2,1,2,1,1
SF,IF2103,2020-09-10 09:34:15.400,4493.8000,9068,0,186142620.000,0,-,-,-,-,4493.0000,4492.8000,4492.6000,4492.2000,4490.6000,4495.2000,4495.8000,4497.0000,4497.2000,4498.0000,3,1,2,3,1,1,1,2,1,1
SF,IF2103,2020-09-10 09:34:15.900,4495.2000,9067,-1,187491180.000,1,0,1,双平,S,4493.2000,4493.0000,4492.6000,4492.2000,4490.6000,4495.6000,4497.0000,4497.2000,4498.0000,4498.2000,2,2,2,3,1,1,2,1,1,2
SF,IF2103,2020-09-10 09:34:16.400,4495.6000,9066,-1,188839860.000,1,0,1,双平,S,4493.4000,4493.2000,4493.0000,4492.6000,4492.2000,4497.0000,4497.2000,4498.0000,4498.2000,4499.0000,1,2,2,2,3,2,1,1,2,1
SF,IF2103,2020-09-10 09:34:16.900,4495.6000,9066,0,188839860.000,0,-,-,-,-,4493.6000,4493.4000,4493.0000,4492.6000,4492.2000,4497.0000,4497.2000,4498.0000,4498.2000,4499.0000,3,1,2,2,3,2,1,1,2,1
SF,IF2103,2020-09-10 09:34:17.400,4495.6000,9066,0,188839860.000,0,-,-,-,-,4493.8000,4493.6000,4493.0000,4492.6000,4492.2000,4496.8000,4497.0000,4497.2000,4498.0000,4498.2000,1,3,2,2,3,1,2,1,1,2
SF,IF2103,2020-09-10 09:34:17.900,4495.6000,9066,0,188839860.000,0,-,-,-,-,4494.0000,4493.8000,4493.6000,4493.0000,4492.6000,4496.8000,4497.0000,4497.2000,4498.0000,4498.2000,1,1,2,2,2,1,2,1,1,2
SF,IF2103,2020-09-10 09:34:18.400,4495.6000,9066,0,188839860.000,0,-,-,-,-,4494.0000,4493.6000,4493.0000,4492.6000,4492.2000,4496.8000,4497.0000,4497.2000,4498.0000,4498.2000,2,2,2,2,3,1,2,1,1,2
SF,IF2103,2020-09-10 09:34:18.900,4495.6000,9066,0,188839860.000,0,-,-,-,-,4494.0000,4493.6000,4493.0000,4492.2000,4490.6000,4496.8000,4497.0000,4497.2000,4498.0000,4498.2000,2,2,2,3,1,1,2,1,1,2
SF,IF2103,2020-09-10 09:34:19.400,4495.6000,9066,0,188839860.000,0,-,-,-,-,4494.0000,4493.6000,4492.2000,4490.6000,4490.2000,4496.8000,4497.0000,4497.2000,4498.0000,4498.2000,2,2,3,1,1,1,2,1,1,2
SF,IF2103,2020-09-10 09:34:19.900,4495.6000,9066,0,188839860.000,0,-,-,-,-,4494.0000,4493.6000,4492.2000,4490.6000,4490.2000,4496.8000,4497.0000,4497.2000,4498.0000,4498.2000,1,1,3,1,1,1,2,1,1,2
SF,IF2103,2020-09-10 09:34:20.400,4495.6000,9066,0,188839860.000,0,-,-,-,-,4494.0000,4493.6000,4492.2000,4490.6000,4490.2000,4496.8000,4497.0000,4497.2000,4498.0000,4498.2000,1,1,3,1,1,1,2,1,1,2
SF,IF2103,2020-09-10 09:34:20.900,4495.6000,9066,0,188839860.000,0,-,-,-,-,4494.2000,4494.0000,4493.6000,4492.2000,4490.6000,4496.8000,4497.0000,4497.2000,4498.0000,4498.2000,1,1,1,3,1,1,2,1,1,2
SF,IF2103,2020-09-10 09:34:21.400,4495.6000,9066,0,188839860.000,0,-,-,-,-,4494.2000,4494.0000,4493.6000,4492.2000,4490.6000,4497.0000,4497.2000,4498.0000,4498.2000,4499.0000,1,1,1,3,1,2,1,1,2,1
SF,IF2103,2020-09-10 09:34:21.900,4495.6000,9066,0,188839860.000,0,-,-,-,-,4494.2000,4493.6000,4492.2000,4490.6000,4490.2000,4496.8000,4497.0000,4497.2000,4498.0000,4498.2000,2,1,3,1,1,1,2,1,1,2
SF,IF2103,2020-09-10 09:34:23.400,4495.6000,9066,0,188839860.000,0,-,-,-,-,4494.4000,4494.2000,4493.6000,4492.2000,4490.6000,4496.8000,4497.0000,4497.2000,4498.0000,4498.2000,2,2,1,3,1,1,2,1,1,2
SF,IF2103,2020-09-10 09:34:23.900,4497.2000,9065,-1,192887220.000,3,1,2,多平,S,4494.6000,4494.4000,4493.6000,4492.2000,4490.6000,4498.0000,4498.2000,4499.0000,4499.2000,4499.4000,3,2,1,3,1,1,2,1,1,1
SF,IF2103,2020-09-10 09:34:24.400,4497.2000,9065,0,192887220.000,0,-,-,-,-,4494.8000,4494.6000,4492.2000,4490.6000,4490.2000,4498.0000,4498.2000,4499.0000,4499.2000,4499.4000,6,2,3,1,1,1,2,1,1,1
SF,IF2103,2020-09-10 09:34:24.900,4497.2000,9065,0,192887220.000,0,-,-,-,-,4495.0000,4494.8000,4492.2000,4490.6000,4490.2000,4498.0000,4498.2000,4499.0000,4499.2000,4499.4000,4,5,3,1,1,1,2,1,1,1
SF,IF2103,2020-09-10 09:34:25.400,4498.0000,9065,0,194236620.000,1,0,1,多换,S,4495.8000,4495.6000,4495.2000,4495.0000,4494.8000,4498.2000,4499.0000,4499.2000,4499.4000,4499.8000,1,1,3,3,4,2,1,1,1,1
SF,IF2103,2020-09-10 09:34:25.900,4498.0000,9065,0,194236620.000,0,-,-,-,-,4496.0000,4495.8000,4495.6000,4495.2000,4495.0000,4497.2000,4498.2000,4499.0000,4499.2000,4499.4000,1,2,1,2,2,1,2,1,1,1
SF,IF2103,2020-09-10 09:34:26.400,4497.2000,9064,-1,195585780.000,1,0,1,双平,S,4496.0000,4495.8000,4495.2000,4495.0000,4494.8000,4498.2000,4499.0000,4499.2000,4499.4000,4499.8000,1,1,2,2,3,2,1,1,1,1
SF,IF2103,2020-09-10 09:34:26.900,4498.2000,9062,-2,198284700.000,2,0,2,双平,S,4496.4000,4496.2000,4496.0000,4495.8000,4495.2000,4499.0000,4499.2000,4499.4000,4499.8000,4500.0000,1,2,1,1,2,1,1,1,1,2
