市场代码,合约代码,时间,最新,持仓,增仓,成交额,成交量,开仓,平仓,成交类型,方向,买一价,买二价,买三价,买四价,买五价,卖一价,卖二价,卖三价,卖四价,卖五价,买一量,买二量,买三量,买四量,买五量,卖一量,卖二量,卖三量,卖四量,卖五量
SF,IF2103,2020-08-25 09:29:00.400,4598.0000,5465,0,0.000,0.000,-,-,-,-,4614.4000,4609.8000,4608.6000,4607.0000,4605.2000,4626.6000,4628.0000,4628.2000,4629.8000,4632.0000,1,1,1,1,2,1,1,1,4,2
SF,IF2103,2020-08-25 09:30:00.400,4598.0000,5465,0,0.000,0,-,-,-,-,4614.4000,4609.8000,4608.6000,4607.0000,4605.2000,4622.2000,4626.0000,4626.6000,4628.0000,4632.0000,1,1,1,1,2,1,1,1,1,2
SF,IF2103,2020-08-25 09:30:00.900,4598.0000,5465,0,0.000,0,-,-,-,-,4616.6000,4615.0000,4614.6000,4605.0000,4602.6000,4620.6000,4620.8000,4621.8000,4622.2000,4624.2000,2,1,3,3,1,1,1,1,1,1
SF,IF2103,2020-08-25 09:30:01.400,4598.0000,5465,0,0.000,0,-,-,-,-,4617.0000,4616.8000,4615.0000,4614.6000,4605.0000,4624.2000,4624.4000,4628.0000,4636.8000,4637.8000,1,2,1,1,2,1,1,1,1,3
SF,IF2103,2020-08-25 09:30:01.900,4598.0000,5465,0,0.000,0,-,-,-,-,4618.4000,4617.4000,4617.2000,4617.0000,4616.8000,4623.8000,4624.0000,4624.2000,4624.4000,4628.0000,2,1,2,2,1,1,1,1,1,1
SF,IF2103,2020-08-25 09:30:02.400,4598.0000,5465,0,0.000,0,-,-,-,-,4618.6000,4617.4000,4617.0000,4616.8000,4615.0000,4623.4000,4623.8000,4624.0000,4624.2000,4624.4000,3,1,1,1,1,1,1,1,1,1
SF,IF2103,2020-08-25 09:30:02.900,4598.0000,5465,0,0.000,0,-,-,-,-,4619.8000,4619.0000,4618.6000,4617.0000,4616.8000,4623.4000,4623.8000,4624.0000,4624.2000,4624.4000,2,1,3,1,1,1,1,1,1,1
SF,IF2103,2020-08-25 09:30:03.400,4598.0000,5465,0,0.000,0,-,-,-,-,4620.0000,4618.6000,4617.0000,4615.0000,4605.0000,4622.8000,4623.4000,4623.8000,4624.0000,4624.2000,1,1,1,1,2,4,1,1,1,1
SF,IF2103,2020-08-25 09:30:03.900,4619.8000,5464,-1,1385940.000,1,0,1,双平,S,4617.0000,4615.0000,4605.0000,4602.0000,4595.0000,4622.6000,4623.4000,4623.8000,4624.0000,4624.2000,1,1,2,4,1,1,1,1,1,1
SF,IF2103,2020-08-25 09:30:04.400,4619.8000,5464,0,1385940.000,0,-,-,-,-,4619.6000,4617.4000,4617.2000,4617.0000,4615.0000,4621.2000,4622.4000,4622.6000,4623.4000,4623.8000,2,1,1,1,1,2,1,1,1,1
SF,IF2103,2020-08-25 09:30:04.900,4619.8000,5464,0,1385940.000,0,-,-,-,-,4617.4000,4617.0000,4615.0000,4605.0000,4602.0000,4622.4000,4623.4000,4623.8000,4624.4000,4628.0000,1,1,1,2,4,1,1,1,1,1
SF,IF2103,2020-08-25 09:30:05.400,4619.8000,5464,0,1385940.000,0,-,-,-,-,4620.0000,4617.8000,4617.6000,4617.4000,4617.0000,4622.4000,4623.4000,4623.8000,4624.4000,4628.0000,2,1,1,1,1,1,1,1,1,1
SF,IF2103,2020-08-25 09:30:05.900,4619.8000,5464,0,1385940.000,0,-,-,-,-,4620.2000,4620.0000,4617.8000,4617.4000,4617.0000,4623.4000,4624.4000,4628.0000,4636.8000,4637.8000,1,2,1,1,1,1,1,1,1,3
SF,IF2103,2020-08-25 09:30:06.400,4619.8000,5464,0,1385940.000,0,-,-,-,-,4620.2000,4620.0000,4617.8000,4617.4000,4617.0000,4623.2000,4624.4000,4628.0000,4636.8000,4637.8000,1,2,1,1,1,1,1,1,1,3
SF,IF2103,2020-08-25 09:30:06.900,4619.8000,5464,0,1385940.000,0,-,-,-,-,4620.2000,4617.8000,4617.4000,4617.0000,4615.0000,4623.2000,4628.0000,4636.8000,4637.8000,4647.6000,1,1,1,1,1,1,1,1,3,5
SF,IF2103,2020-08-25 09:30:07.400,4619.8000,5464,0,1385940.000,0,-,-,-,-,4621.2000,4620.2000,4617.8000,4617.4000,4617.0000,4623.2000,4628.0000,4636.8000,4637.8000,4647.6000,2,1,1,1,1,1,1,1,3,5
SF,IF2103,2020-08-25 09:30:07.900,4619.8000,5464,0,1385940.000,0,-,-,-,-,4621.4000,4617.8000,4617.4000,4617.0000,4615.0000,4628.0000,4636.8000,4637.8000,4647.6000,4648.0000,1,1,1,1,1,1,1,3,5,1
SF,IF2103,2020-08-25 09:30:08.400,4619.8000,5464,0,1385940.000,0,-,-,-,-,4622.2000,4621.4000,4617.8000,4617.4000,4615.0000,4627.4000,4627.8000,4628.0000,4636.8000,4637.8000,2,1,1,1,1,2,2,1,1,3
SF,IF2103,2020-08-25 09:30:08.900,4619.8000,5464,0,1385940.000,0,-,-,-,-,4617.8000,4617.4000,4615.0000,4605.0000,4602.0000,4624.0000,4624.2000,4625.2000,4626.6000,4627.0000,1,1,1,2,4,3,2,2,1,1
SF,IF2103,2020-08-25 09:30:09.400,4619.8000,5464,0,1385940.000,0,-,-,-,-,4622.2000,4620.8000,4618.2000,4618.0000,4617.8000,4623.8000,4624.0000,4624.2000,4626.6000,4627.0000,2,1,1,2,1,1,3,2,1,1
SF,IF2103,2020-08-25 09:30:09.900,4622.2000,5462,-2,4159260.000,2,0,2,双平,S,4619.4000,4618.2000,4618.0000,4617.8000,4617.4000,4626.6000,4627.0000,4627.4000,4627.8000,4628.0000,1,1,1,1,1,1,1,2,1,1
SF,IF2103,2020-08-25 09:30:10.400,4622.2000,5462,0,4159260.000,0,-,-,-,-,4621.4000,4620.0000,4619.8000,4619.6000,4618.0000,4624.2000,4624.4000,4625.4000,4626.2000,4626.4000,1,1,1,1,1,3,2,2,1,1
SF,IF2103,2020-08-25 09:30:10.900,4622.2000,5462,0,4159260.000,0,-,-,-,-,4623.8000,4620.0000,4619.8000,4619.6000,4618.0000,4624.0000,4624.6000,4626.2000,4626.4000,4626.6000,1,1,1,1,1,1,1,1,1,1
SF,IF2103,2020-08-25 09:30:11.400,4623.8000,5461,-1,6933540.000,2,0,2,多平,S,4618.0000,4617.8000,4617.4000,4605.0000,4602.0000,4624.0000,4624.6000,4626.2000,4626.6000,4627.0000,1,1,1,2,4,1,1,1,1,1
SF,IF2103,2020-08-25 09:30:11.900,4623.8000,5461,0,6933540.000,0,-,-,-,-,4619.8000,4618.6000,4618.2000,4618.0000,4617.8000,4623.8000,4624.0000,4624.6000,4626.2000,4626.6000,1,1,2,1,1,6,2,1,1,1
SF,IF2103,2020-08-25 09:30:12.400,4623.8000,5461,0,6933540.000,0,-,-,-,-,4618.6000,4618.2000,4618.0000,4617.8000,4617.4000,4623.0000,4623.4000,4623.8000,4624.0000,4624.6000,1,2,1,1,1,1,2,6,1,1
SF,IF2103,2020-08-25 09:30:12.900,4623.8000,5461,0,6933540.000,0,-,-,-,-,4619.8000,4619.0000,4618.6000,4618.2000,4618.0000,4622.8000,4623.0000,4623.4000,4623.6000,4623.8000,1,1,1,2,1,1,1,3,1,3
SF,IF2103,2020-08-25 09:30:13.400,4623.0000,5459,-2,9707280.000,2,0,2,双平,S,4619.0000,4618.6000,4618.2000,4618.0000,4617.8000,4623.4000,4623.6000,4623.8000,4624.0000,4624.6000,1,1,2,1,1,3,1,3,1,1
SF,IF2103,2020-08-25 09:30:13.900,4623.0000,5459,0,9707280.000,0,-,-,-,-,4620.4000,4619.4000,4619.2000,4619.0000,4618.6000,4623.4000,4624.6000,4626.2000,4627.0000,4627.4000,1,1,1,1,1,2,1,1,1,1
SF,IF2103,2020-08-25 09:30:14.400,4623.0000,5459,0,9707280.000,0,-,-,-,-,4620.4000,4619.4000,4619.2000,4619.0000,4618.6000,4622.6000,4623.4000,4624.6000,4626.2000,4627.0000,1,1,1,1,1,1,1,1,1,1
SF,IF2103,2020-08-25 09:30:14.900,4623.0000,5459,0,9707280.000,0,-,-,-,-,4619.4000,4619.2000,4619.0000,4618.6000,4618.2000,4622.6000,4623.4000,4624.6000,4626.2000,4627.0000,1,1,1,1,1,1,1,1,1,1
SF,IF2103,2020-08-25 09:30:15.400,4623.0000,5459,0,9707280.000,0,-,-,-,-,4620.8000,4619.6000,4619.4000,4619.0000,4618.6000,4622.6000,4623.4000,4624.6000,4626.2000,4627.0000,1,2,1,1,1,1,1,1,1,1
SF,IF2103,2020-08-25 09:30:16.400,4622.6000,5458,-1,11094060.000,1,0,1,双平,S,4620.8000,4619.6000,4619.4000,4619.0000,4618.6000,4624.6000,4626.2000,4627.0000,4627.4000,4628.0000,1,2,1,1,1,1,1,1,1,1
SF,IF2103,2020-08-25 09:30:16.900,4622.6000,5458,0,11094060.000,0,-,-,-,-,4621.0000,4619.6000,4619.4000,4619.0000,4618.6000,4624.6000,4626.2000,4627.0000,4627.4000,4628.0000,1,1,1,1,1,1,1,1,1,1
SF,IF2103,2020-08-25 09:30:17.400,4622.6000,5458,0,11094060.000,0,-,-,-,-,4621.6000,4621.0000,4619.6000,4619.4000,4619.0000,4624.6000,4626.2000,4626.4000,4627.0000,4627.4000,1,1,1,1,1,1,1,1,1,1
SF,IF2103,2020-08-25 09:30:17.900,4622.6000,5458,0,11094060.000,0,-,-,-,-,4621.8000,4621.0000,4619.6000,4619.4000,4619.0000,4626.2000,4627.0000,4627.4000,4628.0000,4629.0000,1,1,1,1,1,1,1,1,1,1
SF,IF2103,2020-08-25 09:30:18.400,4622.6000,5458,0,11094060.000,0,-,-,-,-,4622.4000,4622.0000,4621.8000,4619.4000,4619.0000,4625.8000,4626.2000,4627.0000,4628.0000,4629.0000,1,1,1,1,1,1,1,1,1,1
SF,IF2103,2020-08-25 09:30:18.900,4622.6000,5458,0,11094060.000,0,-,-,-,-,4622.6000,4621.8000,4619.4000,4619.0000,4618.6000,4625.0000,4625.2000,4625.8000,4626.2000,4627.0000,1,1,1,1,1,3,4,1,1,1
SF,IF2103,2020-08-25 09:30:19.400,4622.6000,5458,0,11094060.000,0,-,-,-,-,4621.8000,4619.4000,4619.0000,4618.6000,4618.2000,4624.8000,4625.8000,4626.2000,4627.0000,4628.0000,1,1,1,1,1,3,1,1,1,1
SF,IF2103,2020-08-25 09:30:19.900,4622.6000,5458,0,11094060.000,0,-,-,-,-,4621.8000,4619.4000,4619.0000,4618.6000,4618.2000,4625.8000,4626.2000,4627.0000,4628.0000,4630.2000,2,1,1,1,1,1,1,1,1,1
SF,IF2103,2020-08-25 09:30:20.400,4622.6000,5458,0,11094060.000,0,-,-,-,-,4621.8000,4619.4000,4619.0000,4618.6000,4618.2000,4625.6000,4625.8000,4626.2000,4627.0000,4628.0000,1,1,1,1,1,2,1,1,1,1
SF,IF2103,2020-08-25 09:30:20.900,4622.6000,5458,0,11094060.000,0,-,-,-,-,4619.4000,4619.0000,4618.6000,4618.2000,4605.0000,4624.2000,4624.4000,4624.6000,4625.0000,4625.4000,1,1,1,1,2,3,2,1,1,1
SF,IF2103,2020-08-25 09:30:21.400,4624.0000,5458,0,12481260.000,1,0,1,多换,S,4621.0000,4619.6000,4619.4000,4619.0000,4618.6000,4624.0000,4624.2000,4624.4000,4624.6000,4625.0000,1,1,1,1,1,1,3,3,1,1
SF,IF2103,2020-08-25 09:30:21.900,4624.0000,5458,0,12481260.000,0,-,-,-,-,4619.4000,4619.0000,4618.6000,4618.2000,4605.0000,4624.0000,4624.2000,4624.4000,4624.6000,4625.0000,1,1,1,1,2,2,1,1,1,1
SF,IF2103,2020-08-25 09:30:22.400,4624.0000,5458,0,12481260.000,0,-,-,-,-,4619.8000,4619.4000,4619.0000,4618.6000,4618.2000,4623.4000,4623.8000,4624.0000,4624.2000,4624.4000,1,1,1,1,1,1,1,2,1,1
SF,IF2103,2020-08-25 09:30:22.900,4624.0000,5458,0,12481260.000,0,-,-,-,-,4619.4000,4619.0000,4618.6000,4618.2000,4605.0000,4623.0000,4623.2000,4623.4000,4623.8000,4624.0000,1,1,1,1,2,3,1,2,1,1
SF,IF2103,2020-08-25 09:30:23.400,4624.0000,5458,0,12481260.000,0,-,-,-,-,4620.2000,4619.4000,4619.0000,4618.6000,4618.2000,4622.8000,4623.0000,4623.4000,4623.8000,4624.0000,1,1,1,1,1,2,3,1,1,1
SF,IF2103,2020-08-25 09:30:23.900,4624.0000,5458,0,12481260.000,0,-,-,-,-,4620.2000,4619.4000,4619.0000,4618.6000,4618.2000,4623.0000,4623.4000,4623.8000,4624.2000,4624.4000,1,1,1,1,1,3,1,1,1,1
SF,IF2103,2020-08-25 09:30:24.400,4624.0000,5458,0,12481260.000,0,-,-,-,-,4620.4000,4620.2000,4619.4000,4619.0000,4618.6000,4623.0000,4623.4000,4624.6000,4625.8000,4626.2000,1,1,1,1,1,3,1,1,1,1
SF,IF2103,2020-08-25 09:30:24.900,4624.0000,5458,0,12481260.000,0,-,-,-,-,4620.4000,4619.4000,4619.0000,4618.6000,4618.2000,4623.0000,4624.6000,4625.8000,4626.2000,4630.2000,1,1,1,1,1,3,1,1,1,1
SF,IF2103,2020-08-25 09:30:25.400,4624.0000,5458,0,12481260.000,0,-,-,-,-,4620.4000,4619.4000,4619.0000,4618.6000,4618.2000,4623.0000,4624.6000,4625.8000,4626.2000,4630.2000,2,1,1,1,1,3,1,1,1,1
SF,IF2103,2020-08-25 09:30:25.900,4624.0000,5458,0,12481260.000,0,-,-,-,-,4619.4000,4619.0000,4618.6000,4618.2000,4605.0000,4623.0000,4624.6000,4625.8000,4626.2000,4630.2000,1,1,1,1,2,3,1,1,1,1
SF,IF2103,2020-08-25 09:30:26.400,4624.0000,5458,0,12481260.000,0,-,-,-,-,4620.2000,4619.4000,4619.0000,4618.6000,4618.2000,4622.8000,4623.0000,4624.6000,4625.8000,4626.2000,1,1,1,1,1,1,3,1,1,1
SF,IF2103,2020-08-25 09:30:26.900,4624.0000,5458,0,12481260.000,0,-,-,-,-,4620.2000,4619.4000,4619.0000,4618.6000,4618.2000,4622.8000,4623.0000,4624.6000,4625.8000,4626.2000,1,1,1,1,1,1,3,1,1,1
SF,IF2103,2020-08-25 09:30:27.400,4624.0000,5458,0,12481260.000,0,-,-,-,-,4619.4000,4619.0000,4618.6000,4618.2000,4605.0000,4623.0000,4624.4000,4624.6000,4625.8000,4626.2000,1,1,1,1,2,3,1,1,1,1
SF,IF2103,2020-08-25 09:30:27.900,4624.0000,5458,0,12481260.000,0,-,-,-,-,4620.4000,4619.6000,4619.4000,4619.0000,4618.6000,4623.0000,4624.6000,4625.8000,4626.2000,4630.2000,1,1,1,1,1,3,1,1,1,1
SF,IF2103,2020-08-25 09:30:28.400,4624.0000,5458,0,12481260.000,0,-,-,-,-,4620.4000,4619.6000,4619.4000,4619.0000,4618.6000,4622.8000,4624.6000,4625.8000,4626.2000,4630.2000,1,1,1,1,1,4,1,1,1,1
SF,IF2103,2020-08-25 09:30:28.900,4624.0000,5458,0,12481260.000,0,-,-,-,-,4619.6000,4619.4000,4619.0000,4618.6000,4618.2000,4622.8000,4624.6000,4625.8000,4626.2000,4630.2000,1,1,1,1,1,1,1,1,1,1
SF,IF2103,2020-08-25 09:30:29.400,4624.0000,5458,0,12481260.000,0,-,-,-,-,4620.8000,4620.2000,4619.8000,4619.6000,4619.4000,4622.8000,4624.6000,4625.8000,4626.2000,4630.2000,1,1,1,1,1,1,1,1,1,1
SF,IF2103,2020-08-25 09:30:29.900,4622.8000,5457,-1,13868100.000,1,0,1,双平,S,4620.2000,4619.8000,4619.6000,4619.4000,4619.0000,4624.0000,4624.6000,4625.8000,4626.2000,4630.2000,1,2,1,1,1,1,1,1,1,1
SF,IF2103,2020-08-25 09:30:30.400,4622.8000,5457,0,13868100.000,0,-,-,-,-,4621.8000,4620.4000,4620.2000,4619.8000,4619.4000,4623.6000,4624.0000,4625.8000,4626.2000,4630.2000,1,1,1,2,1,3,1,1,1,1
SF,IF2103,2020-08-25 09:30:30.900,4622.8000,5457,0,13868100.000,0,-,-,-,-,4620.8000,4620.4000,4620.2000,4619.8000,4619.4000,4625.8000,4626.2000,4630.2000,4636.8000,4637.8000,1,1,1,1,1,1,1,1,1,3
SF,IF2103,2020-08-25 09:30:31.400,4622.8000,5457,0,13868100.000,0,-,-,-,-,4622.0000,4621.0000,4620.8000,4620.2000,4619.0000,4624.6000,4625.8000,4626.2000,4630.2000,4636.8000,1,2,1,1,1,3,1,1,1,1
SF,IF2103,2020-08-25 09:30:31.900,4622.8000,5457,0,13868100.000,0,-,-,-,-,4621.0000,4620.8000,4620.2000,4619.0000,4618.2000,4624.2000,4625.8000,4626.2000,4630.2000,4636.8000,3,1,1,1,1,2,1,1,1,1
SF,IF2103,2020-08-25 09:30:32.400,4622.8000,5457,0,13868100.000,0,-,-,-,-,4622.0000,4621.0000,4620.8000,4620.2000,4619.0000,4625.8000,4626.2000,4630.2000,4636.8000,4637.8000,1,2,1,1,1,1,1,1,1,3
SF,IF2103,2020-08-25 09:30:32.900,4622.8000,5457,0,13868100.000,0,-,-,-,-,4622.2000,4621.2000,4621.0000,4620.8000,4620.2000,4624.8000,4625.0000,4625.8000,4626.2000,4630.2000,2,1,1,1,1,3,2,1,1,1
SF,IF2103,2020-08-25 09:30:33.400,4622.8000,5457,0,13868100.000,0,-,-,-,-,4623.2000,4622.2000,4621.2000,4621.0000,4620.8000,4624.8000,4625.0000,4625.8000,4626.2000,4630.2000,1,1,1,1,1,3,2,1,1,1
SF,IF2103,2020-08-25 09:30:33.900,4622.8000,5457,0,13868100.000,0,-,-,-,-,4622.2000,4621.0000,4620.8000,4620.2000,4619.0000,4624.8000,4625.0000,4630.2000,4636.8000,4637.8000,1,1,1,1,1,3,2,1,1,3
SF,IF2103,2020-08-25 09:30:34.400,4622.8000,5457,0,13868100.000,0,-,-,-,-,4623.8000,4622.4000,4622.2000,4621.0000,4620.8000,4630.2000,4636.8000,4637.8000,4647.6000,4648.0000,1,1,1,1,1,1,1,3,4,1
SF,IF2103,2020-08-25 09:30:34.900,4622.8000,5457,0,13868100.000,0,-,-,-,-,4624.0000,4622.4000,4621.0000,4620.8000,4620.2000,4626.0000,4626.2000,4628.4000,4628.8000,4629.8000,1,1,1,1,1,3,4,2,1,1
SF,IF2103,2020-08-25 09:30:35.400,4622.8000,5457,0,13868100.000,0,-,-,-,-,4624.0000,4622.4000,4621.0000,4620.8000,4620.2000,4626.0000,4626.2000,4627.4000,4628.4000,4628.8000,1,1,1,1,1,3,4,1,2,1
SF,IF2103,2020-08-25 09:30:35.900,4622.8000,5457,0,13868100.000,0,-,-,-,-,4622.4000,4621.0000,4620.8000,4620.2000,4619.0000,4626.0000,4626.2000,4628.4000,4628.8000,4629.8000,1,1,1,1,1,3,4,2,1,1
SF,IF2103,2020-08-25 09:30:36.400,4622.8000,5457,0,13868100.000,0,-,-,-,-,4624.6000,4622.6000,4622.4000,4620.8000,4620.2000,4626.0000,4626.2000,4628.4000,4628.8000,4629.8000,1,3,1,1,1,3,4,2,1,1
SF,IF2103,2020-08-25 09:30:36.900,4622.8000,5457,0,13868100.000,0,-,-,-,-,4622.6000,4620.8000,4620.2000,4619.0000,4618.2000,4628.4000,4628.8000,4629.8000,4630.2000,4636.8000,3,1,1,1,1,2,1,1,1,1
SF,IF2103,2020-08-25 09:30:37.400,4622.8000,5457,0,13868100.000,0,-,-,-,-,4624.4000,4622.8000,4622.6000,4620.8000,4620.2000,4625.8000,4628.2000,4628.4000,4628.8000,4630.2000,1,1,3,1,1,4,2,2,1,1
SF,IF2103,2020-08-25 09:30:37.900,4624.4000,5456,-1,15255420.000,1,0,1,双平,S,4622.6000,4620.8000,4620.2000,4619.0000,4618.2000,4625.8000,4627.4000,4628.2000,4628.4000,4628.8000,3,1,1,1,1,4,1,2,2,1
SF,IF2103,2020-08-25 09:30:38.400,4624.4000,5456,0,15255420.000,0,-,-,-,-,4622.6000,4620.8000,4620.2000,4619.0000,4618.2000,4625.8000,4627.4000,4628.2000,4628.4000,4628.8000,3,1,2,1,1,4,1,2,2,1
SF,IF2103,2020-08-25 09:30:38.900,4624.4000,5456,0,15255420.000,0,-,-,-,-,4622.6000,4620.8000,4620.2000,4619.0000,4618.2000,4625.6000,4625.8000,4627.4000,4628.2000,4628.4000,1,1,2,1,1,1,1,1,2,2
SF,IF2103,2020-08-25 09:30:39.400,4624.4000,5456,0,15255420.000,0,-,-,-,-,4620.8000,4620.2000,4619.0000,4618.2000,4605.0000,4623.0000,4623.2000,4625.4000,4625.6000,4625.8000,1,1,1,1,2,3,4,6,1,1
SF,IF2103,2020-08-25 09:30:39.900,4623.0000,5456,0,18029280.000,2,1,1,多换,S,4621.0000,4620.8000,4620.2000,4619.0000,4618.2000,4625.4000,4625.6000,4625.8000,4627.4000,4628.2000,2,1,1,1,1,5,1,1,1,1
SF,IF2103,2020-08-25 09:30:40.400,4623.0000,5456,0,18029280.000,0,-,-,-,-,4621.4000,4621.2000,4621.0000,4620.8000,4620.2000,4625.0000,4625.8000,4627.4000,4628.2000,4628.4000,1,1,2,1,1,3,1,1,1,2
SF,IF2103,2020-08-25 09:30:40.900,4625.0000,5455,-1,22191780.000,3,1,2,多平,S,4621.8000,4621.6000,4621.4000,4621.0000,4620.8000,4625.8000,4626.0000,4628.2000,4628.4000,4628.8000,1,2,2,2,1,1,1,1,2,1
SF,IF2103,2020-08-25 09:30:41.400,4625.0000,5455,0,22191780.000,0,-,-,-,-,4622.2000,4622.0000,4621.8000,4621.6000,4621.4000,4625.8000,4626.0000,4628.2000,4628.4000,4628.8000,1,1,1,1,1,1,1,1,2,1
SF,IF2103,2020-08-25 09:30:41.900,4625.0000,5455,0,22191780.000,0,-,-,-,-,4622.6000,4622.4000,4622.2000,4621.8000,4621.6000,4625.8000,4626.0000,4628.2000,4628.4000,4628.8000,1,1,2,1,1,1,1,1,2,1
SF,IF2103,2020-08-25 09:30:42.400,4625.0000,5455,0,22191780.000,0,-,-,-,-,4623.0000,4622.8000,4622.6000,4622.2000,4621.8000,4625.8000,4626.0000,4628.2000,4628.4000,4628.8000,1,1,1,1,1,1,1,1,2,1
SF,IF2103,2020-08-25 09:30:42.900,4625.0000,5455,0,22191780.000,0,-,-,-,-,4623.4000,4623.0000,4622.8000,4622.6000,4622.2000,4625.8000,4626.0000,4628.2000,4628.4000,4628.8000,1,2,1,1,1,1,1,1,2,1
SF,IF2103,2020-08-25 09:30:43.400,4625.0000,5455,0,22191780.000,0,-,-,-,-,4623.4000,4623.0000,4622.6000,4622.2000,4620.8000,4625.8000,4626.0000,4628.2000,4628.4000,4628.8000,1,2,1,1,1,1,1,1,2,1
SF,IF2103,2020-08-25 09:30:43.900,4625.0000,5455,0,22191780.000,0,-,-,-,-,4623.6000,4623.4000,4623.0000,4622.6000,4622.2000,4625.8000,4626.0000,4628.2000,4628.4000,4628.8000,1,1,1,1,1,1,1,1,2,1
SF,IF2103,2020-08-25 09:30:44.400,4625.0000,5455,0,22191780.000,0,-,-,-,-,4623.6000,4623.4000,4623.0000,4622.6000,4622.2000,4625.8000,4626.0000,4628.2000,4628.4000,4628.8000,1,1,1,1,1,1,1,1,2,1
SF,IF2103,2020-08-25 09:30:44.900,4625.0000,5455,0,22191780.000,0,-,-,-,-,4623.4000,4623.0000,4622.6000,4622.2000,4620.8000,4625.6000,4625.8000,4626.0000,4628.2000,4628.4000,1,1,1,1,1,1,1,1,1,2
SF,IF2103,2020-08-25 09:30:45.400,4625.0000,5455,0,22191780.000,0,-,-,-,-,4623.4000,4623.0000,4622.6000,4622.2000,4621.8000,4625.6000,4625.8000,4626.0000,4628.2000,4628.4000,1,1,1,1,1,1,1,1,1,2
SF,IF2103,2020-08-25 09:30:45.900,4625.0000,5455,0,22191780.000,0,-,-,-,-,4623.4000,4623.0000,4622.6000,4622.2000,4620.8000,4625.6000,4625.8000,4626.0000,4628.2000,4628.4000,1,1,1,1,1,1,1,1,1,2
SF,IF2103,2020-08-25 09:30:46.900,4623.0000,5453,-2,24965700.000,2,0,2,双平,S,4622.6000,4622.2000,4620.8000,4620.0000,4602.0000,4625.6000,4625.8000,4626.0000,4628.2000,4628.4000,1,1,1,1,4,1,1,1,1,2
SF,IF2103,2020-08-25 09:30:47.400,4623.0000,5453,0,24965700.000,0,-,-,-,-,4622.6000,4622.2000,4620.8000,4620.0000,4602.0000,4624.6000,4624.8000,4625.4000,4625.6000,4625.8000,1,1,1,1,4,3,2,3,1,1
SF,IF2103,2020-08-25 09:30:47.900,4622.2000,5451,-2,27739140.000,2,0,2,双平,S,4620.8000,4620.0000,4602.0000,4595.0000,4594.4000,4624.6000,4624.8000,4625.6000,4626.0000,4628.2000,1,1,4,1,1,3,2,1,1,1
SF,IF2103,2020-08-25 09:30:48.400,4622.2000,5451,0,27739140.000,0,-,-,-,-,4621.0000,4620.8000,4620.0000,4602.0000,4595.0000,4624.4000,4624.6000,4624.8000,4625.6000,4626.0000,1,1,1,4,1,1,3,2,1,1
SF,IF2103,2020-08-25 09:30:48.900,4622.2000,5451,0,27739140.000,0,-,-,-,-,4621.0000,4620.8000,4620.0000,4602.0000,4595.0000,4624.4000,4625.6000,4626.0000,4628.2000,4628.4000,1,1,1,4,1,1,1,1,1,2
SF,IF2103,2020-08-25 09:30:49.900,4622.2000,5451,0,27739140.000,0,-,-,-,-,4621.6000,4621.0000,4620.8000,4620.0000,4602.0000,4624.4000,4625.6000,4626.0000,4628.2000,4628.4000,1,1,1,1,4,1,1,1,1,2
SF,IF2103,2020-08-25 09:30:50.400,4622.2000,5451,0,27739140.000,0,-,-,-,-,4621.6000,4621.0000,4620.8000,4620.0000,4602.0000,4624.4000,4625.6000,4626.0000,4628.2000,4628.4000,1,1,1,1,4,1,1,1,1,2
SF,IF2103,2020-08-25 09:30:50.900,4622.2000,5451,0,27739140.000,0,-,-,-,-,4621.6000,4621.0000,4620.8000,4620.0000,4602.0000,4624.4000,4626.0000,4628.2000,4628.4000,4628.8000,1,1,1,1,4,1,1,1,2,1
SF,IF2103,2020-08-25 09:30:51.400,4622.2000,5451,0,27739140.000,0,-,-,-,-,4621.6000,4621.0000,4620.8000,4620.0000,4602.0000,4626.0000,4628.2000,4628.4000,4628.8000,4630.2000,1,1,1,1,4,1,1,2,1,1
SF,IF2103,2020-08-25 09:30:51.900,4622.2000,5451,0,27739140.000,0,-,-,-,-,4621.8000,4621.6000,4621.0000,4620.8000,4620.0000,4625.4000,4625.8000,4626.0000,4628.2000,4628.4000,1,1,1,1,1,4,1,1,1,2
SF,IF2103,2020-08-25 09:30:52.400,4622.2000,5451,0,27739140.000,0,-,-,-,-,4621.8000,4620.0000,4619.6000,4602.0000,4595.0000,4625.0000,4625.2000,4625.4000,4625.8000,4626.0000,1,1,1,4,1,1,1,4,1,1
SF,IF2103,2020-08-25 09:30:52.900,4621.8000,5450,-1,29125680.000,1,0,1,双平,S,4620.0000,4619.6000,4602.0000,4595.0000,4594.4000,4623.8000,4624.4000,4624.6000,4624.8000,4625.0000,1,1,4,1,1,3,4,2,1,1
SF,IF2103,2020-08-25 09:30:53.400,4621.8000,5450,0,29125680.000,0,-,-,-,-,4620.0000,4602.0000,4595.0000,4594.4000,4575.0000,4623.2000,4623.4000,4623.6000,4624.4000,4624.6000,1,4,1,1,12,7,1,1,1,2
SF,IF2103,2020-08-25 09:30:53.900,4620.0000,5450,0,30511680.000,1,0,1,多换,S,4602.0000,4595.0000,4594.4000,4575.0000,4571.2000,4622.6000,4623.0000,4623.2000,4623.4000,4624.6000,4,1,1,12,1,2,2,7,1,2
SF,IF2103,2020-08-25 09:30:54.400,4620.0000,5450,0,30511680.000,0,-,-,-,-,4618.0000,4617.2000,4617.0000,4615.8000,4615.6000,4622.0000,4622.4000,4622.6000,4623.0000,4623.2000,1,2,1,1,1,3,1,2,1,4
SF,IF2103,2020-08-25 09:30:54.900,4620.0000,5450,0,30511680.000,0,-,-,-,-,4618.2000,4617.2000,4617.0000,4615.8000,4615.6000,4621.8000,4622.0000,4622.6000,4623.2000,4623.4000,1,1,1,1,1,2,3,1,4,1
SF,IF2103,2020-08-25 09:30:55.400,4620.0000,5450,0,30511680.000,0,-,-,-,-,4618.2000,4617.2000,4617.0000,4616.6000,4615.8000,4621.4000,4621.8000,4622.0000,4622.6000,4623.4000,1,1,1,1,1,2,2,1,1,1
SF,IF2103,2020-08-25 09:30:55.900,4620.0000,5450,0,30511680.000,0,-,-,-,-,4618.4000,4618.2000,4617.2000,4617.0000,4616.6000,4621.2000,4621.4000,4621.8000,4622.0000,4622.6000,1,1,1,1,1,1,2,1,1,1
SF,IF2103,2020-08-25 09:30:57.900,4620.0000,5450,0,30511680.000,0,-,-,-,-,4618.4000,4618.2000,4617.2000,4617.0000,4616.6000,4621.0000,4621.2000,4621.8000,4622.0000,4622.6000,1,1,1,1,1,2,1,1,1,1
SF,IF2103,2020-08-25 09:30:58.900,4620.0000,5450,0,30511680.000,0,-,-,-,-,4618.4000,4618.2000,4617.2000,4617.0000,4615.8000,4621.0000,4621.2000,4621.8000,4622.0000,4622.6000,1,1,1,1,1,2,1,1,1,1
SF,IF2103,2020-08-25 09:31:00.400,4618.2000,5448,-2,33282660.000,2,0,2,双平,S,4617.2000,4617.0000,4615.8000,4615.6000,4614.4000,4620.8000,4621.0000,4621.2000,4622.6000,4623.4000,1,1,1,1,1,2,2,1,1,1
SF,IF2103,2020-08-25 09:31:00.900,4618.2000,5448,0,33282660.000,0,-,-,-,-,4617.0000,4615.8000,4615.6000,4614.4000,4613.4000,4620.2000,4620.6000,4620.8000,4622.6000,4623.4000,1,1,1,1,1,2,1,2,1,1
SF,IF2103,2020-08-25 09:31:01.400,4618.2000,5448,0,33282660.000,0,-,-,-,-,4617.2000,4617.0000,4615.8000,4615.6000,4613.4000,4620.0000,4620.2000,4620.8000,4622.6000,4623.4000,2,1,1,1,1,2,2,2,1,1
SF,IF2103,2020-08-25 09:31:01.900,4618.2000,5448,0,33282660.000,0,-,-,-,-,4617.0000,4615.8000,4615.6000,4613.4000,4612.4000,4620.0000,4620.2000,4620.8000,4622.6000,4623.4000,1,1,1,1,1,2,2,2,1,1
SF,IF2103,2020-08-25 09:31:02.400,4618.2000,5448,0,33282660.000,0,-,-,-,-,4617.2000,4617.0000,4615.8000,4615.6000,4613.4000,4619.8000,4620.0000,4620.2000,4620.8000,4622.6000,2,1,1,1,1,1,2,2,2,1
SF,IF2103,2020-08-25 09:31:02.900,4618.2000,5448,0,33282660.000,0,-,-,-,-,4617.4000,4617.2000,4617.0000,4615.8000,4615.6000,4619.8000,4620.0000,4622.6000,4623.4000,4624.0000,1,2,1,1,1,1,1,1,1,1
SF,IF2103,2020-08-25 09:31:03.400,4619.8000,5447,-1,34668600.000,1,0,1,双平,S,4617.6000,4617.4000,4617.2000,4617.0000,4615.8000,4622.6000,4623.4000,4624.0000,4624.6000,4626.0000,1,1,1,1,1,1,1,1,2,1
SF,IF2103,2020-08-25 09:31:03.900,4619.8000,5447,0,34668600.000,0,-,-,-,-,4617.6000,4617.4000,4617.2000,4617.0000,4615.8000,4622.0000,4622.2000,4622.4000,4622.6000,4623.4000,1,1,1,1,1,3,3,2,1,1
SF,IF2103,2020-08-25 09:31:04.400,4619.8000,5447,0,34668600.000,0,-,-,-,-,4618.4000,4617.6000,4617.4000,4617.2000,4617.0000,4621.6000,4621.8000,4622.0000,4622.6000,4623.4000,1,1,1,1,1,1,2,3,1,1
SF,IF2103,2020-08-25 09:31:04.900,4619.8000,5447,0,34668600.000,0,-,-,-,-,4618.4000,4617.6000,4617.4000,4617.2000,4617.0000,4621.4000,4621.6000,4622.0000,4622.6000,4623.4000,1,1,1,1,1,4,1,1,1,1
SF,IF2103,2020-08-25 09:31:05.400,4619.8000,5447,0,34668600.000,0,-,-,-,-,4618.4000,4617.6000,4617.2000,4617.0000,4615.8000,4621.4000,4621.6000,4622.0000,4622.6000,4623.4000,1,1,1,1,1,4,1,1,1,1
SF,IF2103,2020-08-25 09:31:05.900,4619.8000,5447,0,34668600.000,0,-,-,-,-,4618.6000,4618.4000,4617.2000,4617.0000,4615.8000,4621.4000,4621.6000,4622.0000,4622.6000,4623.4000,1,1,1,1,1,4,1,1,1,1
SF,IF2103,2020-08-25 09:31:06.900,4619.8000,5447,0,34668600.000,0,-,-,-,-,4621.2000,4618.6000,4618.4000,4617.2000,4617.0000,4621.4000,4621.6000,4622.0000,4622.6000,4623.4000,2,1,1,1,1,4,1,1,1,1
SF,IF2103,2020-08-25 09:31:07.400,4621.2000,5447,0,37441320.000,2,1,1,多换,S,4617.2000,4617.0000,4615.8000,4615.6000,4602.2000,4621.2000,4621.4000,4621.6000,4622.0000,4622.6000,1,1,1,1,1,1,2,1,1,1
SF,IF2103,2020-08-25 09:31:07.900,4621.2000,5447,0,37441320.000,0,-,-,-,-,4617.4000,4617.2000,4617.0000,4615.8000,4615.6000,4620.8000,4621.0000,4621.2000,4621.6000,4622.0000,1,1,1,1,1,1,3,1,1,1
SF,IF2103,2020-08-25 09:31:08.400,4621.2000,5447,0,37441320.000,0,-,-,-,-,4617.4000,4617.2000,4617.0000,4615.8000,4615.6000,4620.6000,4621.0000,4621.2000,4621.6000,4622.0000,1,1,1,1,1,1,1,1,1,1
SF,IF2103,2020-08-25 09:31:08.900,4621.2000,5447,0,37441320.000,0,-,-,-,-,4619.0000,4617.4000,4617.2000,4617.0000,4615.8000,4620.6000,4621.2000,4622.0000,4622.6000,4623.4000,1,1,1,1,1,1,1,1,1,1
SF,IF2103,2020-08-25 09:31:09.400,4620.6000,5446,-1,38827500.000,1,0,1,双平,S,4619.2000,4618.2000,4617.2000,4617.0000,4615.8000,4621.2000,4623.4000,4624.0000,4624.6000,4626.0000,1,1,1,1,1,1,1,1,1,1
SF,IF2103,2020-08-25 09:31:09.900,4620.6000,5446,0,38827500.000,0,-,-,-,-,4618.2000,4617.2000,4617.0000,4615.8000,4615.6000,4621.2000,4623.4000,4624.0000,4624.6000,4626.0000,1,1,1,1,1,1,1,1,1,1
SF,IF2103,2020-08-25 09:31:10.400,4620.6000,5446,0,38827500.000,0,-,-,-,-,4618.4000,4618.2000,4617.2000,4617.0000,4615.8000,4621.2000,4623.4000,4624.0000,4624.6000,4626.0000,1,1,1,1,1,1,1,1,1,1
SF,IF2103,2020-08-25 09:31:10.900,4620.6000,5446,0,38827500.000,0,-,-,-,-,4618.4000,4617.2000,4617.0000,4615.8000,4615.6000,4621.2000,4623.4000,4624.0000,4624.6000,4626.0000,1,1,1,1,1,1,1,1,1,1
SF,IF2103,2020-08-25 09:31:11.400,4620.6000,5446,0,38827500.000,0,-,-,-,-,4619.8000,4618.4000,4617.2000,4617.0000,4615.8000,4621.2000,4623.4000,4624.0000,4624.6000,4626.0000,1,1,1,1,1,1,1,1,1,1
SF,IF2103,2020-08-25 09:31:11.900,4620.6000,5446,0,38827500.000,0,-,-,-,-,4618.4000,4617.2000,4617.0000,4615.8000,4615.6000,4621.2000,4623.4000,4624.0000,4624.6000,4626.0000,1,1,1,1,1,1,1,1,1,1
SF,IF2103,2020-08-25 09:31:12.400,4620.6000,5446,0,38827500.000,0,-,-,-,-,4618.4000,4617.2000,4617.0000,4615.8000,4615.6000,4621.0000,4621.2000,4623.4000,4624.0000,4624.6000,1,1,1,1,1,1,1,1,1,1
SF,IF2103,2020-08-25 09:31:14.400,4621.2000,5444,-2,41600160.000,2,0,2,双平,S,4620.8000,4619.2000,4618.8000,4618.4000,4617.2000,4623.4000,4624.0000,4624.6000,4626.0000,4630.2000,1,1,1,1,1,1,1,1,1,1
SF,IF2103,2020-08-25 09:31:14.900,4621.2000,5444,0,41600160.000,0,-,-,-,-,4619.2000,4618.8000,4618.4000,4617.2000,4615.8000,4622.8000,4623.2000,4623.4000,4624.0000,4624.6000,1,1,1,1,1,3,1,1,1,1
SF,IF2103,2020-08-25 09:31:15.400,4621.2000,5444,0,41600160.000,0,-,-,-,-,4620.8000,4619.4000,4619.2000,4618.8000,4617.2000,4622.6000,4622.8000,4623.4000,4624.0000,4624.6000,1,2,1,1,1,2,3,1,1,1
SF,IF2103,2020-08-25 09:31:15.900,4621.2000,5444,0,41600160.000,0,-,-,-,-,4620.8000,4619.4000,4619.2000,4617.2000,4615.6000,4622.4000,4622.6000,4622.8000,4623.4000,4624.0000,1,2,1,1,1,2,2,1,1,1
SF,IF2103,2020-08-25 09:31:16.400,4620.8000,5443,-1,42986400.000,1,0,1,双平,S,4619.4000,4619.2000,4617.2000,4615.6000,4602.2000,4622.4000,4622.6000,4622.8000,4623.4000,4624.0000,2,1,1,1,1,2,2,1,1,1
SF,IF2103,2020-08-25 09:31:16.900,4620.8000,5443,0,42986400.000,0,-,-,-,-,4620.8000,4620.0000,4619.6000,4619.4000,4617.2000,4622.2000,4622.4000,4622.6000,4623.4000,4624.0000,1,1,1,1,1,2,2,1,1,1
SF,IF2103,2020-08-25 09:31:17.400,4620.8000,5442,-1,44372640.000,1,0,1,双平,S,4619.6000,4619.4000,4617.2000,4615.6000,4602.2000,4622.2000,4622.4000,4622.6000,4623.4000,4624.0000,1,1,1,1,1,2,2,1,1,1
SF,IF2103,2020-08-25 09:31:17.900,4620.8000,5442,0,44372640.000,0,-,-,-,-,4619.8000,4619.6000,4617.2000,4615.6000,4602.2000,4622.0000,4622.2000,4622.6000,4623.4000,4624.0000,1,1,1,1,1,3,2,1,1,1
SF,IF2103,2020-08-25 09:31:18.400,4620.8000,5442,0,44372640.000,0,-,-,-,-,4620.0000,4619.8000,4619.6000,4617.2000,4615.6000,4622.0000,4622.2000,4623.4000,4624.0000,4624.6000,1,1,1,1,1,3,2,1,1,1
SF,IF2103,2020-08-25 09:31:18.900,4622.0000,5439,-3,48532440.000,3,0,3,双平,S,4620.2000,4620.0000,4619.6000,4617.2000,4615.6000,4623.4000,4624.0000,4624.6000,4626.0000,4630.2000,1,1,1,1,1,1,1,1,1,1
SF,IF2103,2020-08-25 09:31:19.400,4622.0000,5439,0,48532440.000,0,-,-,-,-,4620.8000,4620.6000,4620.2000,4620.0000,4602.2000,4622.8000,4623.2000,4623.4000,4624.0000,4624.6000,1,2,2,1,1,2,1,1,1,1
SF,IF2103,2020-08-25 09:31:19.900,4622.0000,5439,0,48532440.000,0,-,-,-,-,4620.8000,4620.6000,4620.2000,4620.0000,4602.2000,4622.8000,4623.4000,4624.0000,4624.6000,4626.0000,1,2,2,1,1,2,1,1,1,1
SF,IF2103,2020-08-25 09:31:20.400,4622.0000,5439,0,48532440.000,0,-,-,-,-,4621.0000,4620.8000,4620.6000,4620.0000,4602.2000,4622.8000,4623.4000,4624.0000,4624.6000,4626.0000,3,1,1,1,1,2,1,1,1,1
SF,IF2103,2020-08-25 09:31:20.900,4621.0000,5437,-2,51305040.000,2,0,2,双平,S,4620.8000,4620.0000,4602.2000,4602.0000,4595.0000,4622.8000,4623.4000,4624.0000,4624.6000,4626.0000,1,1,1,4,1,2,1,1,1,1
SF,IF2103,2020-08-25 09:31:21.400,4621.0000,5436,-1,52691340.000,1,0,1,双平,S,4620.0000,4602.2000,4602.0000,4595.0000,4594.4000,4622.6000,4622.8000,4623.4000,4624.0000,4624.6000,1,1,4,1,1,2,2,1,1,1
SF,IF2103,2020-08-25 09:31:21.900,4621.0000,5436,0,52691340.000,0,-,-,-,-,4621.2000,4620.6000,4620.2000,4620.0000,4602.2000,4622.2000,4622.6000,4623.4000,4624.0000,4624.6000,1,1,1,2,1,2,2,1,1,1
SF,IF2103,2020-08-25 09:31:22.400,4621.0000,5436,0,52691340.000,0,-,-,-,-,4620.6000,4620.2000,4620.0000,4602.2000,4602.0000,4622.2000,4622.6000,4623.4000,4624.0000,4624.6000,1,1,2,1,4,1,1,1,1,1
SF,IF2103,2020-08-25 09:31:22.900,4621.0000,5436,0,52691340.000,0,-,-,-,-,4620.2000,4602.2000,4602.0000,4595.0000,4594.4000,4622.0000,4622.2000,4623.4000,4624.0000,4624.6000,1,1,4,1,1,2,1,1,1,1
SF,IF2103,2020-08-25 09:31:23.400,4621.0000,5436,0,52691340.000,0,-,-,-,-,4620.2000,4602.2000,4602.0000,4595.0000,4594.4000,4621.4000,4621.8000,4622.0000,4624.0000,4624.6000,1,1,4,1,1,1,1,2,1,1
SF,IF2103,2020-08-25 09:31:23.900,4620.2000,5435,-1,54077400.000,1,0,1,双平,S,4602.2000,4602.0000,4595.0000,4594.4000,4575.0000,4621.4000,4621.8000,4622.0000,4624.0000,4624.6000,1,4,1,1,12,1,1,2,1,1
SF,IF2103,2020-08-25 09:31:24.400,4620.2000,5435,0,54077400.000,0,-,-,-,-,4620.0000,4619.2000,4617.2000,4615.8000,4615.6000,4620.8000,4621.2000,4621.4000,4621.8000,4624.0000,1,1,1,1,1,1,2,1,1,1
SF,IF2103,2020-08-25 09:31:24.900,4620.2000,5435,0,54077400.000,0,-,-,-,-,4617.2000,4615.8000,4615.6000,4610.6000,4610.2000,4621.2000,4621.4000,4621.8000,4624.0000,4624.6000,1,1,1,1,1,1,1,1,1,1
SF,IF2103,2020-08-25 09:31:25.400,4620.2000,5435,0,54077400.000,0,-,-,-,-,4617.4000,4617.2000,4615.8000,4615.6000,4610.6000,4620.6000,4621.0000,4621.2000,4621.8000,4624.0000,2,1,1,1,1,2,1,1,1,1
SF,IF2103,2020-08-25 09:31:25.900,4620.2000,5435,0,54077400.000,0,-,-,-,-,4619.6000,4617.4000,4617.2000,4615.8000,4615.6000,4620.6000,4621.0000,4621.8000,4624.0000,4624.6000,1,2,1,1,1,1,1,1,1,1
SF,IF2103,2020-08-25 09:31:26.400,4620.2000,5435,0,54077400.000,0,-,-,-,-,4617.4000,4617.2000,4615.8000,4615.6000,4610.2000,4620.6000,4621.8000,4624.0000,4624.6000,4626.0000,2,1,1,1,1,1,1,1,1,1
SF,IF2103,2020-08-25 09:31:27.400,4620.2000,5435,0,54077400.000,0,-,-,-,-,4617.4000,4617.2000,4615.8000,4615.6000,4602.2000,4620.6000,4621.8000,4624.0000,4624.6000,4626.0000,2,1,1,1,1,1,1,1,1,1
SF,IF2103,2020-08-25 09:31:27.900,4620.2000,5435,0,54077400.000,0,-,-,-,-,4619.4000,4617.4000,4617.2000,4615.8000,4615.6000,4620.6000,4621.8000,4624.0000,4624.6000,4626.0000,1,2,1,1,1,1,1,1,1,1
SF,IF2103,2020-08-25 09:31:28.400,4619.4000,5435,0,55463220.000,1,0,1,多换,S,4617.4000,4617.2000,4615.8000,4615.6000,4607.0000,4621.8000,4624.0000,4624.6000,4626.0000,4630.2000,2,1,1,1,3,1,1,1,1,1
SF,IF2103,2020-08-25 09:31:28.900,4619.4000,5435,0,55463220.000,0,-,-,-,-,4617.4000,4617.2000,4615.8000,4615.6000,4607.0000,4621.2000,4621.6000,4621.8000,4624.0000,4624.6000,2,1,1,1,3,1,1,1,1,1
SF,IF2103,2020-08-25 09:31:29.400,4619.4000,5435,0,55463220.000,0,-,-,-,-,4617.4000,4617.2000,4615.8000,4615.6000,4607.0000,4620.6000,4621.0000,4621.2000,4621.8000,4624.0000,2,1,1,1,3,1,1,1,1,1
SF,IF2103,2020-08-25 09:31:29.900,4619.4000,5435,0,55463220.000,0,-,-,-,-,4617.4000,4617.2000,4615.8000,4615.6000,4607.0000,4620.4000,4620.6000,4621.2000,4621.8000,4624.0000,2,1,1,1,3,1,1,1,1,1
SF,IF2103,2020-08-25 09:31:30.400,4619.4000,5435,0,55463220.000,0,-,-,-,-,4617.4000,4617.2000,4615.8000,4615.6000,4607.0000,4620.0000,4620.4000,4621.2000,4621.8000,4624.0000,2,1,1,1,3,1,1,1,1,1
SF,IF2103,2020-08-25 09:31:30.900,4619.4000,5435,0,55463220.000,0,-,-,-,-,4617.2000,4615.8000,4615.6000,4607.0000,4602.2000,4619.8000,4620.0000,4621.2000,4621.8000,4624.0000,1,1,1,3,1,1,1,1,1,1
SF,IF2103,2020-08-25 09:31:31.400,4619.4000,5435,0,55463220.000,0,-,-,-,-,4617.4000,4615.8000,4615.6000,4607.0000,4602.2000,4619.2000,4619.4000,4619.8000,4621.8000,4624.0000,2,1,1,3,1,1,1,1,1,1
SF,IF2103,2020-08-25 09:31:31.900,4619.4000,5435,0,55463220.000,0,-,-,-,-,4617.2000,4615.8000,4615.6000,4607.0000,4602.2000,4619.2000,4619.4000,4619.8000,4621.8000,4624.0000,1,1,1,3,1,1,1,1,1,1
SF,IF2103,2020-08-25 09:31:32.900,4619.4000,5435,0,55463220.000,0,-,-,-,-,4617.2000,4615.8000,4615.6000,4607.0000,4602.2000,4619.2000,4619.8000,4621.8000,4623.0000,4624.0000,1,1,1,3,1,1,1,1,1,1
SF,IF2103,2020-08-25 09:31:34.400,4617.2000,5434,-1,56848380.000,1,0,1,双平,S,4615.8000,4615.6000,4607.0000,4602.2000,4602.0000,4617.2000,4619.2000,4619.8000,4621.8000,4623.0000,1,1,3,1,4,1,1,1,1,1
SF,IF2103,2020-08-25 09:31:34.900,4617.2000,5433,-1,58233540.000,1,0,1,双平,S,4617.2000,4616.8000,4616.0000,4615.8000,4615.6000,4619.2000,4621.8000,4623.0000,4624.0000,4624.6000,1,1,4,1,1,1,1,1,1,1
SF,IF2103,2020-08-25 09:31:35.400,4617.2000,5433,0,58233540.000,0,-,-,-,-,4617.2000,4616.4000,4616.0000,4615.8000,4615.6000,4621.8000,4623.0000,4624.0000,4624.6000,4626.0000,1,1,1,1,1,1,1,1,1,1
SF,IF2103,2020-08-25 09:31:35.900,4617.2000,5433,0,58233540.000,0,-,-,-,-,4617.4000,4617.2000,4616.4000,4616.0000,4615.8000,4621.2000,4621.4000,4621.6000,4621.8000,4623.0000,2,1,1,1,1,2,1,1,1,1
SF,IF2103,2020-08-25 09:31:36.400,4617.2000,5433,0,58233540.000,0,-,-,-,-,4617.4000,4617.2000,4616.0000,4615.8000,4615.6000,4620.6000,4621.0000,4621.2000,4621.4000,4621.8000,4,1,1,1,1,1,2,2,1,1
SF,IF2103,2020-08-25 09:31:36.900,4617.2000,5433,0,58233540.000,0,-,-,-,-,4617.8000,4617.4000,4616.0000,4615.8000,4615.6000,4620.0000,4620.2000,4620.4000,4620.6000,4621.0000,1,4,1,1,1,2,1,1,1,1
SF,IF2103,2020-08-25 09:31:37.400,4617.2000,5431,-2,61003860.000,2,0,2,双平,S,4616.0000,4615.8000,4615.6000,4607.0000,4602.2000,4619.8000,4620.0000,4620.2000,4620.6000,4621.0000,1,1,1,3,1,1,2,1,1,1
SF,IF2103,2020-08-25 09:31:37.900,4617.2000,5431,0,61003860.000,0,-,-,-,-,4616.2000,4616.0000,4615.8000,4615.6000,4607.0000,4619.2000,4619.4000,4619.8000,4620.2000,4620.6000,1,1,1,1,3,1,1,2,1,1
SF,IF2103,2020-08-25 09:31:38.400,4617.2000,5431,0,61003860.000,0,-,-,-,-,4617.6000,4616.4000,4616.2000,4615.8000,4615.6000,4619.0000,4619.2000,4619.4000,4619.8000,4620.2000,1,1,1,1,1,1,1,1,1,1
SF,IF2103,2020-08-25 09:31:38.900,4617.2000,5431,0,61003860.000,0,-,-,-,-,4616.6000,4616.4000,4616.2000,4615.8000,4615.6000,4617.4000,4619.0000,4619.2000,4619.4000,4619.8000,1,1,1,1,1,1,1,1,1,1
SF,IF2103,2020-08-25 09:31:39.400,4617.4000,5430,-1,62389080.000,1,0,1,双平,S,4617.4000,4616.8000,4616.6000,4615.8000,4615.6000,4619.8000,4620.2000,4621.0000,4621.4000,4623.0000,3,1,1,1,1,1,1,1,1,1
SF,IF2103,2020-08-25 09:31:39.900,4617.4000,5430,0,62389080.000,0,-,-,-,-,4617.4000,4617.2000,4615.8000,4615.6000,4607.0000,4619.4000,4619.6000,4619.8000,4620.2000,4621.0000,4,1,1,1,3,1,2,1,1,1
SF,IF2103,2020-08-25 09:31:40.400,4617.4000,5430,0,62389080.000,0,-,-,-,-,4617.6000,4617.4000,4615.8000,4615.6000,4615.0000,4619.4000,4619.6000,4619.8000,4620.2000,4621.0000,1,4,1,1,1,1,2,1,1,1
SF,IF2103,2020-08-25 09:31:40.900,4617.4000,5430,0,62389080.000,0,-,-,-,-,4617.6000,4617.4000,4615.8000,4615.6000,4615.0000,4619.4000,4619.6000,4619.8000,4620.2000,4621.0000,2,4,1,1,1,1,2,1,1,1
SF,IF2103,2020-08-25 09:31:41.400,4617.4000,5430,0,62389080.000,0,-,-,-,-,4617.6000,4617.4000,4615.8000,4615.6000,4615.0000,4619.4000,4619.6000,4619.8000,4620.2000,4621.0000,2,3,1,1,1,1,2,1,1,1
SF,IF2103,2020-08-25 09:31:42.400,4617.6000,5429,-1,63774360.000,1,0,1,双平,S,4617.8000,4617.6000,4617.4000,4615.8000,4615.6000,4619.4000,4619.6000,4619.8000,4620.2000,4621.0000,2,1,3,1,1,1,2,1,1,1
SF,IF2103,2020-08-25 09:31:42.900,4617.6000,5429,0,63774360.000,0,-,-,-,-,4617.8000,4617.4000,4615.8000,4615.6000,4615.0000,4619.4000,4619.6000,4619.8000,4620.2000,4621.0000,2,2,1,1,1,1,2,1,1,1
SF,IF2103,2020-08-25 09:31:43.400,4617.6000,5429,0,63774360.000,0,-,-,-,-,4617.8000,4617.4000,4615.8000,4615.6000,4615.0000,4619.2000,4619.4000,4619.6000,4619.8000,4620.2000,1,2,1,1,1,1,1,1,1,1
SF,IF2103,2020-08-25 09:31:43.900,4617.6000,5429,0,63774360.000,0,-,-,-,-,4618.0000,4617.4000,4615.8000,4615.6000,4615.0000,4619.4000,4619.8000,4620.2000,4621.0000,4621.4000,1,2,1,1,1,1,1,1,1,1
SF,IF2103,2020-08-25 09:31:44.400,4617.6000,5429,0,63774360.000,0,-,-,-,-,4617.4000,4615.8000,4615.6000,4615.0000,4607.0000,4619.4000,4619.8000,4620.2000,4621.0000,4621.4000,2,1,1,1,3,1,1,1,1,1
SF,IF2103,2020-08-25 09:31:44.900,4617.6000,5429,0,63774360.000,0,-,-,-,-,4617.6000,4617.4000,4615.8000,4615.6000,4615.0000,4619.4000,4619.8000,4620.2000,4621.0000,4621.4000,1,2,1,1,1,1,1,1,1,1
SF,IF2103,2020-08-25 09:31:45.400,4617.6000,5429,0,63774360.000,0,-,-,-,-,4617.8000,4617.6000,4617.4000,4615.8000,4615.6000,4619.4000,4619.8000,4620.2000,4621.0000,4621.4000,2,2,2,1,1,1,1,1,1,1
SF,IF2103,2020-08-25 09:31:45.900,4617.6000,5429,0,63774360.000,0,-,-,-,-,4618.0000,4617.8000,4617.6000,4617.4000,4615.8000,4619.8000,4620.2000,4621.0000,4621.4000,4623.0000,1,2,1,2,1,1,1,1,1,1
SF,IF2103,2020-08-25 09:31:46.400,4617.6000,5429,0,63774360.000,0,-,-,-,-,4618.2000,4618.0000,4617.8000,4617.6000,4617.4000,4619.8000,4620.2000,4621.0000,4621.4000,4623.0000,1,1,1,1,2,1,1,1,1,1
SF,IF2103,2020-08-25 09:31:46.900,4617.6000,5429,0,63774360.000,0,-,-,-,-,4618.2000,4618.0000,4617.6000,4617.4000,4615.8000,4619.8000,4620.2000,4621.0000,4621.4000,4623.0000,2,1,1,2,1,1,1,1,1,1
SF,IF2103,2020-08-25 09:31:47.400,4617.6000,5429,0,63774360.000,0,-,-,-,-,4618.0000,4617.4000,4615.8000,4615.6000,4607.0000,4619.8000,4620.2000,4621.0000,4621.4000,4623.0000,1,2,1,1,3,1,1,1,1,1
SF,IF2103,2020-08-25 09:31:47.900,4617.6000,5429,0,63774360.000,0,-,-,-,-,4618.0000,4617.4000,4615.8000,4615.6000,4607.0000,4619.4000,4619.8000,4620.2000,4621.0000,4621.4000,1,2,1,1,3,1,1,1,1,1
SF,IF2103,2020-08-25 09:31:48.400,4617.6000,5429,0,63774360.000,0,-,-,-,-,4617.4000,4615.8000,4615.6000,4607.0000,4602.2000,4619.4000,4619.8000,4620.2000,4621.0000,4621.4000,2,1,1,3,1,1,1,1,1,1
SF,IF2103,2020-08-25 09:31:48.900,4617.6000,5429,0,63774360.000,0,-,-,-,-,4617.6000,4617.4000,4615.8000,4615.6000,4607.0000,4619.8000,4620.2000,4621.0000,4621.4000,4623.0000,1,2,1,1,3,1,1,1,1,1
SF,IF2103,2020-08-25 09:31:49.400,4617.6000,5429,0,63774360.000,0,-,-,-,-,4617.6000,4617.4000,4615.8000,4615.6000,4607.0000,4619.8000,4620.2000,4621.0000,4621.4000,4623.0000,2,2,1,1,3,1,1,1,1,1
SF,IF2103,2020-08-25 09:31:49.900,4617.6000,5429,0,63774360.000,0,-,-,-,-,4619.0000,4617.8000,4617.6000,4617.4000,4615.8000,4619.8000,4620.2000,4621.0000,4621.4000,4623.0000,1,3,2,2,1,1,1,1,1,1
SF,IF2103,2020-08-25 09:31:50.400,4617.6000,5429,0,63774360.000,0,-,-,-,-,4617.8000,4617.6000,4617.4000,4615.8000,4615.6000,4619.8000,4620.2000,4621.0000,4621.4000,4623.0000,5,2,1,1,1,1,1,1,1,1
SF,IF2103,2020-08-25 09:31:50.900,4617.6000,5429,0,63774360.000,0,-,-,-,-,4618.0000,4617.8000,4617.6000,4617.4000,4615.8000,4619.8000,4620.2000,4621.0000,4621.4000,4623.0000,1,3,1,1,1,1,1,1,1,1
SF,IF2103,2020-08-25 09:31:51.400,4617.6000,5429,0,63774360.000,0,-,-,-,-,4618.0000,4617.8000,4617.6000,4617.4000,4615.8000,4619.8000,4620.2000,4621.0000,4621.4000,4623.0000,3,3,1,1,1,1,1,1,1,1
SF,IF2103,2020-08-25 09:31:51.900,4617.6000,5429,0,63774360.000,0,-,-,-,-,4618.2000,4617.8000,4617.6000,4617.4000,4615.8000,4619.6000,4619.8000,4620.2000,4621.0000,4621.4000,2,1,1,1,1,1,1,1,1,1
SF,IF2103,2020-08-25 09:31:52.400,4617.6000,5429,0,63774360.000,0,-,-,-,-,4618.2000,4617.6000,4617.4000,4615.8000,4615.6000,4619.8000,4620.2000,4621.0000,4621.4000,4623.0000,3,1,1,1,1,1,1,1,1,1
SF,IF2103,2020-08-25 09:31:52.900,4619.8000,5429,0,65160300.000,1,0,1,多换,S,4618.2000,4618.0000,4617.4000,4615.8000,4615.6000,4620.2000,4621.0000,4621.4000,4623.0000,4624.0000,2,1,1,1,1,1,1,1,1,1
SF,IF2103,2020-08-25 09:31:53.400,4619.8000,5429,0,65160300.000,0,-,-,-,-,4618.4000,4618.2000,4618.0000,4617.4000,4615.8000,4621.0000,4621.4000,4623.0000,4624.0000,4626.0000,2,2,1,1,1,1,1,1,1,1
SF,IF2103,2020-08-25 09:31:53.900,4619.8000,5429,0,65160300.000,0,-,-,-,-,4618.6000,4618.4000,4618.0000,4617.4000,4615.8000,4620.4000,4620.8000,4621.0000,4621.4000,4623.0000,1,2,1,1,1,2,2,1,1,1
SF,IF2103,2020-08-25 09:31:54.400,4619.8000,5429,0,65160300.000,0,-,-,-,-,4618.6000,4618.4000,4618.0000,4617.4000,4615.8000,4620.2000,4620.4000,4620.8000,4621.0000,4621.4000,1,2,1,1,1,1,2,1,1,1
SF,IF2103,2020-08-25 09:31:54.900,4619.8000,5429,0,65160300.000,0,-,-,-,-,4618.4000,4618.0000,4617.4000,4615.8000,4615.6000,4619.6000,4619.8000,4620.2000,4620.8000,4621.0000,2,1,1,1,1,1,1,1,1,1
SF,IF2103,2020-08-25 09:31:55.400,4619.8000,5429,0,65160300.000,0,-,-,-,-,4618.0000,4617.4000,4615.8000,4615.6000,4607.0000,4619.6000,4619.8000,4620.2000,4621.0000,4621.4000,1,1,1,1,3,1,1,1,1,1
SF,IF2103,2020-08-25 09:31:56.400,4619.8000,5429,0,65160300.000,0,-,-,-,-,4618.0000,4617.4000,4615.8000,4615.6000,4607.0000,4619.6000,4619.8000,4620.2000,4621.0000,4621.4000,1,1,1,1,3,1,1,1,1,1
SF,IF2103,2020-08-25 09:31:56.900,4619.8000,5427,-2,67932120.000,2,0,2,双平,S,4618.8000,4618.6000,4618.2000,4617.4000,4615.8000,4621.0000,4621.4000,4624.0000,4626.0000,4636.8000,1,1,1,1,1,1,1,1,1,1
SF,IF2103,2020-08-25 09:31:57.400,4619.8000,5427,0,67932120.000,0,-,-,-,-,4619.0000,4618.6000,4618.4000,4617.4000,4615.8000,4624.0000,4626.0000,4636.8000,4637.8000,4648.0000,1,1,1,1,1,1,1,1,3,1
SF,IF2103,2020-08-25 09:31:57.900,4619.8000,5427,0,67932120.000,0,-,-,-,-,4619.2000,4619.0000,4618.6000,4618.4000,4617.4000,4623.4000,4623.8000,4624.0000,4626.0000,4636.8000,1,1,1,1,1,1,2,2,1,1
SF,IF2103,2020-08-25 09:31:58.400,4619.8000,5427,0,67932120.000,0,-,-,-,-,4619.6000,4619.2000,4619.0000,4618.6000,4617.4000,4623.0000,4623.2000,4623.4000,4623.8000,4624.0000,1,2,1,1,1,1,2,1,1,2
SF,IF2103,2020-08-25 09:31:58.900,4619.6000,5426,-1,69318000.000,1,0,1,双平,S,4619.0000,4618.6000,4617.4000,4615.8000,4615.6000,4622.4000,4622.6000,4622.8000,4623.0000,4623.2000,1,1,1,1,1,4,1,2,1,1
SF,IF2103,2020-08-25 09:31:59.400,4619.6000,5426,0,69318000.000,0,-,-,-,-,4617.4000,4615.8000,4615.6000,4607.0000,4602.2000,4621.8000,4622.2000,4622.4000,4622.6000,4623.0000,1,1,1,3,1,1,3,4,1,1
SF,IF2103,2020-08-25 09:31:59.900,4619.6000,5426,0,69318000.000,0,-,-,-,-,4618.2000,4617.6000,4617.4000,4615.8000,4615.6000,4621.4000,4621.6000,4621.8000,4622.2000,4622.6000,1,1,1,1,1,1,2,1,1,1
SF,IF2103,2020-08-25 09:32:00.400,4619.6000,5426,0,69318000.000,0,-,-,-,-,4617.6000,4617.4000,4615.8000,4615.6000,4607.0000,4621.0000,4621.2000,4621.4000,4621.8000,4622.2000,1,1,1,1,3,1,2,1,1,1
SF,IF2103,2020-08-25 09:32:00.900,4619.6000,5426,0,69318000.000,0,-,-,-,-,4617.8000,4617.6000,4617.4000,4615.8000,4615.6000,4620.8000,4621.0000,4621.4000,4621.8000,4622.2000,1,1,1,1,1,1,1,1,1,1
SF,IF2103,2020-08-25 09:32:01.400,4621.0000,5424,-2,72090540.000,2,0,2,双平,S,4619.4000,4618.0000,4617.8000,4617.4000,4615.8000,4621.4000,4621.8000,4622.2000,4624.0000,4626.0000,1,2,4,1,1,1,1,1,2,1
SF,IF2103,2020-08-25 09:32:01.900,4621.8000,5422,-2,74863500.000,2,0,2,双平,S,4619.6000,4619.0000,4618.0000,4617.8000,4617.4000,4624.0000,4626.0000,4636.8000,4637.8000,4648.0000,2,1,3,4,1,2,1,1,3,1
SF,IF2103,2020-08-25 09:32:02.400,4621.8000,5422,0,74863500.000,0,-,-,-,-,4620.0000,4619.8000,4619.6000,4619.0000,4618.0000,4623.8000,4624.0000,4626.0000,4636.8000,4637.8000,2,1,1,1,3,2,2,1,1,3
SF,IF2103,2020-08-25 09:32:02.900,4621.8000,5422,0,74863500.000,0,-,-,-,-,4620.2000,4620.0000,4619.0000,4618.0000,4617.8000,4623.8000,4624.0000,4626.0000,4636.8000,4637.8000,2,2,1,3,4,2,2,1,1,3
SF,IF2103,2020-08-25 09:32:03.400,4621.8000,5422,0,74863500.000,0,-,-,-,-,4620.2000,4620.0000,4619.0000,4618.6000,4618.0000,4623.8000,4624.0000,4626.0000,4636.8000,4637.8000,2,2,1,1,3,2,1,1,1,3
SF,IF2103,2020-08-25 09:32:03.900,4621.8000,5422,0,74863500.000,0,-,-,-,-,4620.2000,4620.0000,4619.0000,4618.6000,4618.0000,4623.8000,4624.0000,4626.0000,4636.8000,4637.8000,2,2,1,1,3,1,1,1,1,3
SF,IF2103,2020-08-25 09:32:04.400,4621.8000,5422,0,74863500.000,0,-,-,-,-,4621.4000,4620.6000,4620.4000,4620.2000,4620.0000,4624.0000,4626.0000,4636.8000,4637.8000,4648.0000,1,1,2,2,2,1,1,1,3,1
SF,IF2103,2020-08-25 09:32:04.900,4621.8000,5422,0,74863500.000,0,-,-,-,-,4621.6000,4621.4000,4620.6000,4620.4000,4620.2000,4624.0000,4626.0000,4636.8000,4637.8000,4648.0000,1,1,1,2,1,1,1,1,3,1
SF,IF2103,2020-08-25 09:32:05.400,4621.8000,5422,0,74863500.000,0,-,-,-,-,4622.0000,4621.6000,4621.4000,4620.6000,4620.4000,4624.0000,4626.0000,4636.8000,4637.8000,4648.0000,1,1,1,1,2,1,1,1,3,1
SF,IF2103,2020-08-25 09:32:05.900,4624.0000,5422,0,76250700.000,1,0,1,多换,S,4622.2000,4622.0000,4621.4000,4620.6000,4620.4000,4626.0000,4636.8000,4637.8000,4648.0000,4649.8000,2,1,1,1,2,1,1,3,1,1
SF,IF2103,2020-08-25 09:32:06.400,4624.0000,5422,0,76250700.000,0,-,-,-,-,4622.4000,4622.2000,4621.4000,4620.6000,4620.4000,4624.8000,4625.8000,4626.0000,4636.8000,4637.8000,1,2,1,1,2,2,1,1,1,3
SF,IF2103,2020-08-25 09:32:06.900,4624.0000,5422,0,76250700.000,0,-,-,-,-,4622.6000,4622.2000,4621.4000,4620.6000,4620.4000,4624.4000,4624.8000,4625.8000,4626.0000,4636.8000,1,1,1,1,2,1,2,1,1,1
SF,IF2103,2020-08-25 09:32:07.400,4624.0000,5422,0,76250700.000,0,-,-,-,-,4622.8000,4622.6000,4622.2000,4621.4000,4620.6000,4625.8000,4626.0000,4636.8000,4637.8000,4648.0000,1,1,1,1,1,1,1,1,3,1
SF,IF2103,2020-08-25 09:32:07.900,4624.0000,5422,0,76250700.000,0,-,-,-,-,4622.6000,4621.4000,4620.6000,4620.4000,4620.0000,4625.8000,4626.0000,4636.8000,4637.8000,4648.0000,1,1,1,2,2,1,1,1,3,1
SF,IF2103,2020-08-25 09:32:08.400,4624.0000,5422,0,76250700.000,0,-,-,-,-,4622.8000,4622.6000,4621.4000,4620.6000,4620.4000,4625.8000,4626.0000,4636.8000,4637.8000,4648.0000,1,1,1,1,2,1,1,1,3,1
SF,IF2103,2020-08-25 09:32:08.900,4624.0000,5422,0,76250700.000,0,-,-,-,-,4623.0000,4622.8000,4621.4000,4620.6000,4620.4000,4625.8000,4626.0000,4636.8000,4637.8000,4648.0000,1,1,1,1,2,1,1,1,3,1
SF,IF2103,2020-08-25 09:32:09.400,4624.0000,5422,0,76250700.000,0,-,-,-,-,4622.8000,4620.6000,4620.4000,4620.0000,4618.0000,4625.8000,4626.0000,4636.8000,4637.8000,4648.0000,1,1,2,2,2,1,1,1,3,1
SF,IF2103,2020-08-25 09:32:09.900,4624.0000,5422,0,76250700.000,0,-,-,-,-,4623.0000,4622.8000,4620.6000,4620.4000,4620.0000,4625.8000,4626.0000,4636.8000,4637.8000,4648.0000,1,1,1,2,2,1,1,1,3,1
SF,IF2103,2020-08-25 09:32:10.400,4624.0000,5422,0,76250700.000,0,-,-,-,-,4622.8000,4620.6000,4620.4000,4620.0000,4618.0000,4625.8000,4626.0000,4636.8000,4637.8000,4648.0000,1,1,2,2,2,1,1,1,3,1
SF,IF2103,2020-08-25 09:32:10.900,4624.0000,5422,0,76250700.000,0,-,-,-,-,4623.0000,4622.8000,4620.6000,4620.4000,4620.0000,4625.8000,4626.0000,4636.8000,4637.8000,4648.0000,1,1,1,2,2,1,1,1,3,1
SF,IF2103,2020-08-25 09:32:11.400,4624.0000,5422,0,76250700.000,0,-,-,-,-,4622.8000,4620.6000,4620.4000,4620.0000,4618.0000,4625.8000,4626.0000,4636.8000,4637.8000,4648.0000,1,1,2,2,2,1,1,1,3,1
SF,IF2103,2020-08-25 09:32:11.900,4624.0000,5422,0,76250700.000,0,-,-,-,-,4623.0000,4622.8000,4620.6000,4620.4000,4620.0000,4625.8000,4626.0000,4636.8000,4637.8000,4648.0000,2,1,1,1,2,1,1,1,3,1
SF,IF2103,2020-08-25 09:32:12.400,4624.0000,5422,0,76250700.000,0,-,-,-,-,4623.2000,4623.0000,4622.8000,4620.4000,4620.0000,4625.8000,4626.0000,4636.8000,4637.8000,4648.0000,1,2,1,1,2,1,1,1,3,1
SF,IF2103,2020-08-25 09:32:12.900,4624.0000,5422,0,76250700.000,0,-,-,-,-,4623.6000,4623.4000,4623.2000,4622.8000,4620.4000,4626.0000,4636.8000,4637.8000,4648.0000,4649.8000,1,1,1,1,1,1,1,3,1,1
SF,IF2103,2020-08-25 09:32:13.400,4624.0000,5422,0,76250700.000,0,-,-,-,-,4623.8000,4623.6000,4622.8000,4620.0000,4618.0000,4625.6000,4626.0000,4636.8000,4637.8000,4648.0000,3,1,1,2,2,1,1,1,3,1
SF,IF2103,2020-08-25 09:32:13.900,4624.0000,5422,0,76250700.000,0,-,-,-,-,4624.0000,4622.8000,4620.0000,4618.0000,4617.0000,4625.6000,4626.0000,4636.8000,4637.8000,4648.0000,1,1,2,2,1,1,1,1,3,1
SF,IF2103,2020-08-25 09:32:14.400,4624.0000,5422,0,76250700.000,0,-,-,-,-,4624.0000,4622.8000,4620.0000,4618.0000,4617.0000,4626.0000,4636.8000,4637.8000,4648.0000,4649.8000,1,1,2,2,1,1,1,3,1,1
SF,IF2103,2020-08-25 09:32:14.900,4624.0000,5422,0,76250700.000,0,-,-,-,-,4624.0000,4622.8000,4620.0000,4618.0000,4617.0000,4625.4000,4626.0000,4636.8000,4637.8000,4648.0000,1,1,2,2,1,1,1,1,3,1
SF,IF2103,2020-08-25 09:32:15.400,4624.0000,5422,0,76250700.000,0,-,-,-,-,4620.0000,4618.0000,4617.0000,4616.2000,4607.0000,4625.4000,4626.0000,4636.8000,4637.8000,4648.0000,2,2,1,3,3,1,1,1,3,1
SF,IF2103,2020-08-25 09:32:15.900,4624.0000,5422,0,76250700.000,0,-,-,-,-,4622.6000,4620.6000,4620.2000,4620.0000,4618.0000,4626.0000,4636.8000,4637.8000,4648.0000,4649.8000,1,3,4,2,2,1,1,3,1,1
SF,IF2103,2020-08-25 09:32:16.400,4624.0000,5422,0,76250700.000,0,-,-,-,-,4623.2000,4622.8000,4620.2000,4620.0000,4618.0000,4625.8000,4626.0000,4636.8000,4637.8000,4648.0000,3,2,2,2,2,1,1,1,3,1
SF,IF2103,2020-08-25 09:32:16.900,4624.0000,5422,0,76250700.000,0,-,-,-,-,4623.2000,4622.8000,4620.2000,4620.0000,4618.0000,4625.8000,4626.0000,4636.8000,4637.8000,4648.0000,3,2,1,2,2,1,1,1,3,1
SF,IF2103,2020-08-25 09:32:17.400,4624.0000,5422,0,76250700.000,0,-,-,-,-,4623.4000,4623.2000,4622.8000,4620.0000,4618.0000,4626.0000,4636.8000,4637.8000,4648.0000,4649.8000,3,3,1,2,2,1,1,3,1,1
SF,IF2103,2020-08-25 09:32:17.900,4626.0000,5421,-1,77638500.000,1,0,1,双平,S,4624.0000,4623.4000,4623.2000,4622.8000,4620.0000,4636.8000,4637.8000,4648.0000,4649.8000,4650.0000,2,3,1,1,2,1,3,1,1,5
SF,IF2103,2020-08-25 09:32:18.400,4626.0000,5421,0,77638500.000,0,-,-,-,-,4624.6000,4624.2000,4624.0000,4623.4000,4620.0000,4627.4000,4627.8000,4628.4000,4628.8000,4632.6000,1,3,2,1,2,1,3,1,1,1
SF,IF2103,2020-08-25 09:32:18.900,4626.0000,5421,0,77638500.000,0,-,-,-,-,4625.2000,4624.8000,4624.6000,4624.2000,4623.4000,4628.4000,4632.6000,4633.2000,4636.6000,4636.8000,2,2,1,2,1,1,1,1,2,1
SF,IF2103,2020-08-25 09:32:19.400,4626.0000,5421,0,77638500.000,0,-,-,-,-,4625.8000,4625.4000,4625.2000,4624.8000,4624.2000,4627.4000,4628.2000,4628.4000,4632.6000,4633.2000,1,1,2,1,1,1,1,1,1,1
SF,IF2103,2020-08-25 09:32:19.900,4625.8000,5420,-1,79026240.000,1,0,1,双平,S,4625.2000,4624.2000,4623.4000,4620.0000,4618.0000,4627.2000,4628.2000,4628.4000,4632.6000,4633.2000,2,1,1,1,2,1,1,1,1,1
SF,IF2103,2020-08-25 09:32:20.400,4625.8000,5420,0,79026240.000,0,-,-,-,-,4625.2000,4624.2000,4623.4000,4620.0000,4618.0000,4625.8000,4627.0000,4627.2000,4628.4000,4632.6000,2,1,1,1,2,1,1,1,1,1
SF,IF2103,2020-08-25 09:32:20.900,4625.2000,5418,-2,81801360.000,2,0,2,双平,S,4624.2000,4623.4000,4620.0000,4618.0000,4617.0000,4625.8000,4627.0000,4628.4000,4632.6000,4633.2000,1,1,1,2,1,1,1,1,1,1
SF,IF2103,2020-08-25 09:32:21.400,4625.2000,5418,0,81801360.000,0,-,-,-,-,4624.4000,4624.2000,4623.4000,4620.0000,4618.0000,4625.8000,4627.0000,4628.4000,4632.6000,4633.2000,1,1,1,1,2,1,1,1,1,1
SF,IF2103,2020-08-25 09:32:22.900,4625.8000,5417,-1,83189100.000,1,0,1,双平,S,4624.8000,4624.2000,4623.4000,4620.0000,4618.0000,4627.0000,4628.4000,4632.6000,4633.2000,4634.4000,1,1,1,1,2,1,1,1,1,1
SF,IF2103,2020-08-25 09:32:23.400,4625.8000,5417,0,83189100.000,0,-,-,-,-,4625.0000,4624.8000,4624.2000,4623.4000,4620.0000,4628.4000,4632.6000,4633.2000,4634.4000,4636.6000,1,1,1,1,1,1,1,1,1,1
SF,IF2103,2020-08-25 09:32:23.900,4625.8000,5417,0,83189100.000,0,-,-,-,-,4625.2000,4625.0000,4624.2000,4623.4000,4620.0000,4628.2000,4628.4000,4632.6000,4633.2000,4634.4000,1,1,1,1,1,1,1,1,1,1
SF,IF2103,2020-08-25 09:32:25.400,4625.8000,5417,0,83189100.000,0,-,-,-,-,4625.2000,4625.0000,4624.2000,4623.4000,4618.0000,4628.2000,4628.4000,4632.6000,4633.2000,4634.4000,1,1,1,1,2,1,1,1,1,1
SF,IF2103,2020-08-25 09:32:25.900,4625.8000,5417,0,83189100.000,0,-,-,-,-,4625.4000,4625.2000,4624.2000,4623.4000,4618.0000,4628.2000,4628.4000,4632.6000,4633.2000,4634.4000,1,1,1,1,2,1,1,1,1,1
SF,IF2103,2020-08-25 09:32:26.400,4625.8000,5417,0,83189100.000,0,-,-,-,-,4625.8000,4625.6000,4625.4000,4625.2000,4623.4000,4628.2000,4628.4000,4632.6000,4633.2000,4634.4000,1,1,1,1,1,1,1,1,1,1
SF,IF2103,2020-08-25 09:32:26.900,4625.8000,5417,0,83189100.000,0,-,-,-,-,4625.8000,4625.6000,4625.4000,4625.2000,4623.4000,4628.2000,4628.4000,4632.6000,4633.2000,4634.4000,1,1,1,1,1,1,1,1,1,1
SF,IF2103,2020-08-25 09:32:27.400,4625.8000,5417,0,83189100.000,0,-,-,-,-,4628.2000,4626.2000,4626.0000,4625.8000,4625.6000,4632.6000,4633.2000,4634.4000,4636.6000,4636.8000,1,1,1,1,1,1,1,1,1,1
SF,IF2103,2020-08-25 09:32:27.900,4627.6000,5416,-1,84577380.000,1,0,1,双平,S,4628.2000,4625.8000,4623.4000,4618.0000,4616.2000,4630.8000,4631.4000,4631.6000,4632.2000,4632.4000,1,1,1,2,3,1,3,2,2,1
SF,IF2103,2020-08-25 09:32:28.400,4628.0000,5415,-1,85965780.000,1,0,1,双平,S,4625.8000,4623.4000,4618.0000,4616.2000,4607.0000,4628.2000,4628.4000,4630.6000,4630.8000,4632.6000,1,1,2,3,3,1,1,1,1,1
SF,IF2103,2020-08-25 09:32:28.900,4628.0000,5415,0,85965780.000,0,-,-,-,-,4626.2000,4626.0000,4625.8000,4623.4000,4618.0000,4628.2000,4628.4000,4630.6000,4630.8000,4632.6000,1,1,1,1,2,1,1,1,1,1
SF,IF2103,2020-08-25 09:32:29.400,4628.0000,5415,0,85965780.000,0,-,-,-,-,4626.4000,4626.0000,4625.8000,4623.4000,4618.0000,4628.4000,4630.6000,4630.8000,4632.6000,4633.2000,1,1,1,1,2,1,1,1,1,1
SF,IF2103,2020-08-25 09:32:29.900,4628.0000,5415,0,85965780.000,0,-,-,-,-,4626.6000,4626.0000,4625.8000,4623.4000,4618.0000,4630.8000,4632.6000,4633.2000,4634.4000,4636.6000,1,1,1,1,2,1,1,1,1,1
SF,IF2103,2020-08-25 09:32:30.400,4628.0000,5415,0,85965780.000,0,-,-,-,-,4626.8000,4626.4000,4625.8000,4623.4000,4618.0000,4628.4000,4630.6000,4630.8000,4632.6000,4633.2000,1,1,1,1,2,1,1,1,1,1
SF,IF2103,2020-08-25 09:32:30.900,4628.0000,5415,0,85965780.000,0,-,-,-,-,4625.8000,4623.4000,4618.0000,4616.2000,4607.0000,4628.4000,4630.6000,4630.8000,4632.6000,4633.2000,1,1,2,3,3,1,1,1,1,1
SF,IF2103,2020-08-25 09:32:31.400,4628.0000,5415,0,85965780.000,0,-,-,-,-,4626.0000,4625.8000,4623.4000,4618.0000,4616.2000,4628.2000,4628.4000,4630.6000,4630.8000,4632.6000,1,1,1,2,3,1,1,1,1,1
SF,IF2103,2020-08-25 09:32:31.900,4628.0000,5415,0,85965780.000,0,-,-,-,-,4626.0000,4625.8000,4623.4000,4618.0000,4616.2000,4628.4000,4630.6000,4630.8000,4632.6000,4633.2000,1,1,1,2,3,1,1,1,1,1
SF,IF2103,2020-08-25 09:32:32.400,4628.0000,5415,0,85965780.000,0,-,-,-,-,4626.4000,4626.2000,4626.0000,4625.8000,4623.4000,4630.6000,4630.8000,4633.2000,4634.4000,4636.6000,1,1,1,1,1,1,1,1,1,1
SF,IF2103,2020-08-25 09:32:32.900,4628.0000,5415,0,85965780.000,0,-,-,-,-,4626.6000,4626.2000,4625.8000,4618.0000,4616.2000,4630.6000,4630.8000,4633.2000,4634.4000,4636.6000,2,1,1,2,3,1,1,1,1,1
SF,IF2103,2020-08-25 09:32:33.400,4628.0000,5415,0,85965780.000,0,-,-,-,-,4626.8000,4626.6000,4625.8000,4618.0000,4616.2000,4630.4000,4630.6000,4630.8000,4633.2000,4634.4000,1,2,1,2,3,1,1,1,1,1
SF,IF2103,2020-08-25 09:32:33.900,4628.0000,5415,0,85965780.000,0,-,-,-,-,4627.0000,4626.6000,4625.8000,4618.0000,4616.2000,4630.2000,4630.4000,4630.8000,4633.2000,4636.6000,1,1,1,2,3,1,2,1,1,1
SF,IF2103,2020-08-25 09:32:34.900,4628.0000,5415,0,85965780.000,0,-,-,-,-,4627.0000,4626.6000,4625.8000,4619.8000,4618.0000,4629.8000,4630.2000,4630.4000,4630.8000,4633.2000,1,1,1,1,2,1,1,1,1,1
SF,IF2103,2020-08-25 09:32:35.400,4628.0000,5415,0,85965780.000,0,-,-,-,-,4627.2000,4627.0000,4626.6000,4625.8000,4619.8000,4629.8000,4630.2000,4630.8000,4633.2000,4636.6000,1,1,1,1,1,1,1,1,1,1
SF,IF2103,2020-08-25 09:32:35.900,4628.0000,5415,0,85965780.000,0,-,-,-,-,4627.4000,4627.2000,4627.0000,4626.6000,4619.8000,4629.8000,4630.2000,4630.8000,4633.2000,4636.6000,1,1,1,1,1,1,1,1,1,1
SF,IF2103,2020-08-25 09:32:36.400,4628.0000,5415,0,85965780.000,0,-,-,-,-,4627.8000,4627.6000,4627.4000,4627.0000,4626.6000,4629.8000,4630.8000,4633.2000,4636.6000,4636.8000,1,1,1,1,1,1,1,1,1,1
SF,IF2103,2020-08-25 09:32:36.900,4628.0000,5415,0,90130980.000,3,1,2,多换,S,4628.0000,4627.8000,4627.4000,4627.0000,4626.6000,4630.8000,4635.6000,4636.6000,4636.8000,4639.4000,1,1,1,1,1,1,1,1,1,3
SF,IF2103,2020-08-25 09:32:37.400,4628.0000,5415,0,90130980.000,0,-,-,-,-,4628.0000,4627.4000,4627.0000,4626.6000,4619.8000,4630.6000,4630.8000,4632.0000,4635.6000,4636.6000,1,1,1,1,1,1,1,1,1,1
SF,IF2103,2020-08-25 09:32:40.400,4628.0000,5415,0,90130980.000,0,-,-,-,-,4628.0000,4627.4000,4627.0000,4626.6000,4619.8000,4629.0000,4630.6000,4630.8000,4635.6000,4636.6000,1,1,1,1,1,1,1,1,1,1
SF,IF2103,2020-08-25 09:32:40.900,4628.0000,5415,0,90130980.000,0,-,-,-,-,4628.0000,4627.4000,4626.6000,4619.8000,4618.0000,4629.0000,4630.6000,4630.8000,4635.6000,4636.6000,1,1,1,1,2,1,1,1,1,1
SF,IF2103,2020-08-25 09:32:41.400,4629.0000,5415,0,91519680.000,1,0,1,多换,S,4628.0000,4627.4000,4626.6000,4619.8000,4618.0000,4630.6000,4630.8000,4635.6000,4636.6000,4636.8000,1,1,1,1,2,1,1,1,1,1
SF,IF2103,2020-08-25 09:32:41.900,4629.0000,5415,0,91519680.000,0,-,-,-,-,4627.4000,4626.6000,4619.8000,4618.0000,4616.2000,4630.6000,4630.8000,4635.6000,4636.6000,4636.8000,1,1,1,2,3,1,1,1,1,1
SF,IF2103,2020-08-25 09:32:42.400,4629.0000,5415,0,91519680.000,0,-,-,-,-,4627.6000,4627.4000,4626.6000,4619.8000,4618.0000,4630.6000,4630.8000,4635.6000,4636.6000,4636.8000,2,1,1,1,2,1,1,1,1,1
SF,IF2103,2020-08-25 09:32:42.900,4629.0000,5415,0,91519680.000,0,-,-,-,-,4628.2000,4627.8000,4627.6000,4627.4000,4619.8000,4630.8000,4635.6000,4636.6000,4636.8000,4639.4000,1,1,2,1,1,1,1,1,1,3
SF,IF2103,2020-08-25 09:32:43.400,4629.0000,5415,0,91519680.000,0,-,-,-,-,4628.4000,4628.2000,4627.8000,4627.6000,4627.4000,4630.8000,4635.6000,4636.6000,4636.8000,4639.4000,1,1,1,1,1,1,1,1,1,3
SF,IF2103,2020-08-25 09:32:43.900,4629.0000,5415,0,91519680.000,0,-,-,-,-,4628.4000,4628.2000,4627.8000,4627.6000,4627.4000,4630.4000,4630.8000,4635.6000,4636.6000,4636.8000,1,1,1,1,1,1,1,1,1,1
SF,IF2103,2020-08-25 09:32:44.900,4629.0000,5415,0,91519680.000,0,-,-,-,-,4628.6000,4628.4000,4628.2000,4628.0000,4627.8000,4630.8000,4632.0000,4635.6000,4636.6000,4636.8000,1,1,1,1,1,1,1,1,1,1
SF,IF2103,2020-08-25 09:32:45.400,4629.0000,5415,0,91519680.000,0,-,-,-,-,4628.2000,4628.0000,4627.8000,4627.6000,4627.4000,4630.2000,4630.6000,4630.8000,4632.0000,4635.6000,1,1,1,1,1,1,1,1,1,1
SF,IF2103,2020-08-25 09:32:45.900,4630.8000,5413,-2,94298100.000,2,0,2,双平,S,4628.4000,4628.2000,4628.0000,4627.8000,4627.4000,4632.0000,4635.6000,4636.6000,4636.8000,4639.4000,1,1,1,1,1,1,1,1,1,3
SF,IF2103,2020-08-25 09:32:46.400,4630.8000,5413,0,94298100.000,0,-,-,-,-,4628.6000,4628.2000,4628.0000,4627.8000,4627.4000,4631.8000,4632.0000,4635.6000,4636.6000,4636.8000,2,1,1,1,1,1,1,1,1,1
SF,IF2103,2020-08-25 09:32:46.900,4630.8000,5413,0,94298100.000,0,-,-,-,-,4628.6000,4628.2000,4628.0000,4627.8000,4627.4000,4631.6000,4631.8000,4632.0000,4635.6000,4636.6000,1,1,1,1,1,1,1,1,1,1
SF,IF2103,2020-08-25 09:32:47.400,4630.8000,5413,0,94298100.000,0,-,-,-,-,4628.8000,4628.6000,4628.2000,4628.0000,4627.8000,4630.6000,4631.6000,4631.8000,4632.0000,4635.6000,1,1,1,1,1,3,2,1,1,1
SF,IF2103,2020-08-25 09:32:47.900,4630.8000,5413,0,94298100.000,0,-,-,-,-,4628.8000,4628.2000,4628.0000,4627.8000,4627.4000,4631.2000,4631.6000,4632.0000,4635.6000,4636.6000,1,1,1,1,1,1,1,1,1,1
SF,IF2103,2020-08-25 09:32:48.400,4630.8000,5413,0,94298100.000,0,-,-,-,-,4628.8000,4628.2000,4628.0000,4627.8000,4627.4000,4630.8000,4631.2000,4631.6000,4632.0000,4635.6000,1,1,1,1,1,1,1,1,1,1
SF,IF2103,2020-08-25 09:32:48.900,4630.8000,5413,0,94298100.000,0,-,-,-,-,4628.8000,4628.2000,4628.0000,4627.8000,4627.4000,4630.6000,4631.2000,4631.6000,4632.0000,4635.6000,1,1,1,1,1,1,1,1,1,1
SF,IF2103,2020-08-25 09:32:49.400,4630.8000,5413,0,94298100.000,0,-,-,-,-,4629.0000,4628.8000,4628.2000,4628.0000,4627.8000,4631.6000,4632.0000,4635.6000,4636.6000,4636.8000,1,1,1,1,1,1,1,1,1,1
SF,IF2103,2020-08-25 09:32:49.900,4630.8000,5413,0,94298100.000,0,-,-,-,-,4629.2000,4628.2000,4628.0000,4627.8000,4627.4000,4631.6000,4632.0000,4635.6000,4636.6000,4636.8000,1,1,1,1,1,3,1,1,1,1
SF,IF2103,2020-08-25 09:32:50.400,4629.2000,5412,-1,95686860.000,1,0,1,双平,S,4628.2000,4628.0000,4627.8000,4627.4000,4619.8000,4631.2000,4631.6000,4632.0000,4635.6000,4636.6000,1,1,1,1,1,1,2,1,1,1
SF,IF2103,2020-08-25 09:32:50.900,4629.2000,5412,0,95686860.000,0,-,-,-,-,4628.4000,4628.2000,4628.0000,4627.8000,4627.4000,4631.0000,4631.2000,4631.6000,4632.0000,4635.6000,1,1,1,1,1,2,1,2,1,1
SF,IF2103,2020-08-25 09:32:51.400,4628.0000,5411,-1,98463720.000,2,0,2,多平,S,4627.8000,4627.4000,4619.8000,4618.0000,4616.2000,4630.8000,4631.0000,4631.6000,4632.0000,4635.6000,1,1,1,2,3,1,2,2,1,1
SF,IF2103,2020-08-25 09:32:51.900,4628.0000,5411,0,98463720.000,0,-,-,-,-,4627.8000,4627.4000,4619.8000,4618.0000,4616.2000,4630.2000,4630.6000,4630.8000,4631.0000,4631.6000,1,1,1,2,3,3,2,1,1,2
SF,IF2103,2020-08-25 09:32:52.400,4628.0000,5411,0,98463720.000,0,-,-,-,-,4619.8000,4618.0000,4616.2000,4607.0000,4602.2000,4629.8000,4630.0000,4630.4000,4630.6000,4631.0000,1,2,3,3,1,1,2,3,1,1
SF,IF2103,2020-08-25 09:32:52.900,4628.0000,5411,0,98463720.000,0,-,-,-,-,4625.4000,4624.4000,4624.2000,4624.0000,4623.2000,4628.4000,4629.4000,4629.6000,4630.4000,4630.6000,1,1,1,1,2,1,1,2,3,1
SF,IF2103,2020-08-25 09:32:53.400,4628.0000,5411,0,98463720.000,0,-,-,-,-,4625.8000,4625.6000,4624.4000,4624.2000,4624.0000,4629.6000,4630.4000,4630.6000,4631.0000,4631.6000,1,1,1,1,1,1,3,1,1,2
SF,IF2103,2020-08-25 09:32:53.900,4628.0000,5411,0,98463720.000,0,-,-,-,-,4626.2000,4626.0000,4625.8000,4624.4000,4624.2000,4630.4000,4630.6000,4631.0000,4631.6000,4632.0000,1,2,1,1,1,3,1,1,2,1
SF,IF2103,2020-08-25 09:32:54.400,4628.0000,5411,0,98463720.000,0,-,-,-,-,4626.4000,4626.2000,4625.8000,4624.4000,4624.2000,4630.2000,4630.6000,4631.6000,4632.0000,4635.6000,2,2,1,1,1,2,1,2,1,1
SF,IF2103,2020-08-25 09:32:54.900,4628.0000,5411,0,98463720.000,0,-,-,-,-,4626.6000,4626.4000,4626.2000,4625.8000,4624.4000,4630.2000,4631.6000,4632.0000,4635.6000,4636.6000,1,2,2,1,1,2,2,1,1,1
SF,IF2103,2020-08-25 09:32:55.400,4628.0000,5411,0,98463720.000,0,-,-,-,-,4626.8000,4626.6000,4626.2000,4625.8000,4624.4000,4630.0000,4630.2000,4631.6000,4632.0000,4635.6000,2,1,2,1,1,1,1,2,1,1
SF,IF2103,2020-08-25 09:32:55.900,4628.0000,5411,0,98463720.000,0,-,-,-,-,4627.0000,4626.8000,4626.6000,4626.2000,4625.8000,4630.0000,4631.6000,4632.0000,4635.6000,4636.6000,1,2,1,2,1,1,2,1,1,1
SF,IF2103,2020-08-25 09:32:56.400,4628.0000,5411,0,98463720.000,0,-,-,-,-,4627.2000,4627.0000,4626.8000,4626.6000,4626.2000,4630.0000,4631.6000,4632.0000,4635.6000,4636.6000,1,1,1,1,2,1,2,1,1,1
SF,IF2103,2020-08-25 09:32:56.900,4628.0000,5411,0,98463720.000,0,-,-,-,-,4627.2000,4627.0000,4626.6000,4626.2000,4625.8000,4630.0000,4631.6000,4632.0000,4635.6000,4636.6000,1,1,1,2,1,1,2,1,1,1
SF,IF2103,2020-08-25 09:32:57.400,4627.0000,5411,0,102628080.000,3,1,2,多换,S,4626.2000,4624.4000,4624.2000,4624.0000,4619.8000,4630.0000,4631.6000,4632.0000,4635.6000,4636.6000,2,1,1,1,1,1,2,1,1,1
SF,IF2103,2020-08-25 09:32:57.900,4627.0000,5411,0,102628080.000,0,-,-,-,-,4626.2000,4624.4000,4624.2000,4624.0000,4619.8000,4629.8000,4630.0000,4631.6000,4632.0000,4635.6000,2,1,1,1,1,3,1,2,1,1
SF,IF2103,2020-08-25 09:32:58.400,4627.0000,5411,0,102628080.000,0,-,-,-,-,4626.2000,4624.4000,4624.2000,4624.0000,4619.8000,4629.8000,4630.0000,4631.6000,4632.0000,4635.6000,1,1,1,1,1,3,1,2,1,1
SF,IF2103,2020-08-25 09:32:58.900,4627.0000,5411,0,102628080.000,0,-,-,-,-,4626.4000,4626.2000,4624.4000,4624.2000,4624.0000,4629.8000,4630.0000,4631.6000,4632.0000,4635.6000,1,1,1,1,1,2,1,2,1,1
SF,IF2103,2020-08-25 09:32:59.400,4627.0000,5411,0,102628080.000,0,-,-,-,-,4626.2000,4624.4000,4624.2000,4624.0000,4619.8000,4629.8000,4630.0000,4631.6000,4632.0000,4635.6000,1,1,1,1,1,2,1,2,1,1
SF,IF2103,2020-08-25 09:32:59.900,4627.0000,5411,0,102628080.000,0,-,-,-,-,4626.2000,4624.4000,4624.2000,4624.0000,4619.8000,4629.8000,4630.0000,4631.6000,4632.0000,4635.6000,1,1,1,1,1,2,1,2,1,1
SF,IF2103,2020-08-25 09:33:00.400,4627.0000,5411,0,102628080.000,0,-,-,-,-,4626.6000,4626.2000,4624.4000,4624.2000,4624.0000,4629.8000,4630.0000,4631.6000,4632.0000,4635.6000,1,1,1,1,1,2,1,2,1,1
SF,IF2103,2020-08-25 09:33:00.900,4627.0000,5411,0,102628080.000,0,-,-,-,-,4626.6000,4626.2000,4624.4000,4624.2000,4624.0000,4629.6000,4629.8000,4630.0000,4631.6000,4632.0000,1,1,1,1,1,1,2,1,2,1
SF,IF2103,2020-08-25 09:33:01.400,4627.0000,5411,0,102628080.000,0,-,-,-,-,4626.6000,4626.2000,4624.4000,4624.2000,4624.0000,4629.4000,4629.6000,4629.8000,4630.0000,4631.6000,1,1,1,1,1,1,1,1,1,2
SF,IF2103,2020-08-25 09:33:01.900,4627.0000,5411,0,102628080.000,0,-,-,-,-,4626.8000,4626.6000,4626.2000,4624.4000,4624.2000,4629.4000,4629.8000,4630.0000,4631.6000,4632.0000,1,1,1,1,3,1,1,1,2,1
SF,IF2103,2020-08-25 09:33:02.400,4627.0000,5412,1,104016180.000,1,1,0,双开,S,4626.8000,4626.6000,4626.2000,4624.4000,4624.2000,4629.4000,4630.0000,4631.6000,4632.0000,4635.6000,1,1,1,1,3,1,1,2,1,1
SF,IF2103,2020-08-25 09:33:02.900,4627.4000,5411,-1,106793220.000,2,0,2,多平,S,4627.2000,4627.0000,4626.8000,4626.2000,4624.4000,4630.0000,4631.6000,4632.0000,4635.6000,4636.6000,1,2,1,1,1,1,2,1,1,1
SF,IF2103,2020-08-25 09:33:03.400,4627.8000,5410,-1,109570560.000,2,0,2,多平,S,4627.8000,4627.4000,4627.2000,4627.0000,4626.8000,4631.6000,4632.0000,4635.6000,4636.6000,4636.8000,1,1,2,6,1,2,1,1,1,1
SF,IF2103,2020-08-25 09:33:03.900,4627.8000,5410,0,109570560.000,0,-,-,-,-,4628.0000,4627.8000,4627.4000,4627.2000,4627.0000,4631.6000,4632.0000,4635.6000,4636.6000,4636.8000,2,1,2,2,5,2,1,1,1,1
SF,IF2103,2020-08-25 09:33:04.400,4627.8000,5410,0,109570560.000,0,-,-,-,-,4628.4000,4628.2000,4628.0000,4627.4000,4627.2000,4631.6000,4632.0000,4635.6000,4636.6000,4636.8000,3,1,2,1,2,2,1,1,1,1
SF,IF2103,2020-08-25 09:33:04.900,4631.6000,5410,0,112349520.000,2,1,1,多换,S,4628.8000,4628.6000,4628.4000,4628.2000,4619.8000,4632.0000,4635.6000,4636.6000,4636.8000,4639.4000,1,4,5,1,1,1,1,1,1,3
SF,IF2103,2020-08-25 09:33:05.400,4631.6000,5410,0,112349520.000,0,-,-,-,-,4629.0000,4628.8000,4628.6000,4628.4000,4619.8000,4632.0000,4635.6000,4636.6000,4636.8000,4639.4000,4,1,2,3,1,1,1,1,1,3
SF,IF2103,2020-08-25 09:33:05.900,4631.6000,5410,0,112349520.000,0,-,-,-,-,4630.6000,4629.6000,4629.2000,4629.0000,4628.8000,4632.0000,4635.6000,4636.6000,4636.8000,4639.4000,1,1,2,4,1,1,1,1,1,3
SF,IF2103,2020-08-25 09:33:06.400,4632.0000,5409,-1,113739120.000,1,0,1,双平,S,4631.0000,4630.8000,4629.6000,4629.2000,4629.0000,4635.6000,4636.6000,4636.8000,4639.4000,4642.8000,1,1,2,2,2,1,1,1,3,3
SF,IF2103,2020-08-25 09:33:06.900,4632.0000,5409,0,113739120.000,0,-,-,-,-,4631.2000,4630.8000,4629.6000,4628.8000,4628.6000,4635.0000,4635.4000,4635.6000,4636.6000,4636.8000,2,2,1,1,2,3,2,1,1,1
SF,IF2103,2020-08-25 09:33:07.400,4632.0000,5409,0,113739120.000,0,-,-,-,-,4631.2000,4629.6000,4628.8000,4628.6000,4628.4000,4634.8000,4635.0000,4635.4000,4635.6000,4636.6000,2,1,1,2,1,1,3,1,1,1
SF,IF2103,2020-08-25 09:33:07.900,4631.2000,5408,-1,115128480.000,1,0,1,双平,S,4631.2000,4629.6000,4628.8000,4628.6000,4628.4000,4634.6000,4634.8000,4635.0000,4635.4000,4635.6000,1,1,1,2,1,1,1,3,1,1
SF,IF2103,2020-08-25 09:33:08.400,4631.2000,5408,0,115128480.000,0,-,-,-,-,4631.2000,4629.6000,4628.8000,4628.6000,4628.4000,4634.4000,4634.6000,4635.0000,4635.4000,4635.6000,1,1,1,2,1,2,1,3,1,1
SF,IF2103,2020-08-25 09:33:08.900,4631.2000,5408,0,115128480.000,0,-,-,-,-,4629.6000,4628.8000,4628.6000,4628.4000,4628.0000,4634.2000,4634.4000,4635.0000,4635.4000,4635.6000,1,1,2,1,2,2,2,2,1,1
SF,IF2103,2020-08-25 09:33:09.400,4631.2000,5408,0,115128480.000,0,-,-,-,-,4630.2000,4629.8000,4629.6000,4628.8000,4628.6000,4634.0000,4634.2000,4634.4000,4635.0000,4635.4000,1,1,1,1,1,3,3,1,1,1
SF,IF2103,2020-08-25 09:33:09.900,4631.2000,5408,0,115128480.000,0,-,-,-,-,4629.6000,4628.8000,4628.6000,4628.4000,4628.0000,4633.6000,4633.8000,4634.0000,4634.2000,4634.4000,1,1,1,1,2,2,1,3,1,1
SF,IF2103,2020-08-25 09:33:10.400,4631.2000,5408,0,115128480.000,0,-,-,-,-,4629.8000,4629.6000,4628.8000,4628.6000,4628.4000,4633.2000,4633.4000,4633.6000,4634.0000,4634.2000,1,1,1,1,1,1,2,2,1,1
SF,IF2103,2020-08-25 09:33:10.900,4631.2000,5408,0,115128480.000,0,-,-,-,-,4629.8000,4629.6000,4628.8000,4628.4000,4628.0000,4633.0000,4633.2000,4633.6000,4634.0000,4634.2000,1,1,1,1,2,1,1,2,1,1
SF,IF2103,2020-08-25 09:33:11.400,4631.2000,5408,0,115128480.000,0,-,-,-,-,4629.8000,4629.6000,4628.8000,4628.4000,4628.0000,4633.0000,4633.2000,4633.6000,4634.2000,4635.6000,1,1,1,1,2,1,1,2,1,1
SF,IF2103,2020-08-25 09:33:11.900,4631.2000,5408,0,115128480.000,0,-,-,-,-,4630.4000,4630.0000,4629.8000,4629.6000,4628.8000,4633.0000,4633.6000,4634.2000,4635.6000,4636.6000,1,1,1,1,1,1,2,1,1,1
SF,IF2103,2020-08-25 09:33:12.400,4631.2000,5408,0,115128480.000,0,-,-,-,-,4630.6000,4630.4000,4630.0000,4629.6000,4628.8000,4634.2000,4635.6000,4636.6000,4636.8000,4641.4000,1,1,2,1,1,1,1,1,1,3
SF,IF2103,2020-08-25 09:33:12.900,4631.2000,5408,0,115128480.000,0,-,-,-,-,4630.6000,4630.4000,4630.0000,4629.6000,4628.8000,4634.0000,4635.6000,4636.6000,4636.8000,4641.4000,1,1,1,1,1,2,1,1,1,3
SF,IF2103,2020-08-25 09:33:13.400,4631.2000,5408,0,115128480.000,0,-,-,-,-,4630.6000,4630.4000,4630.0000,4629.6000,4628.8000,4634.0000,4634.2000,4635.6000,4636.6000,4636.8000,1,1,1,1,1,2,1,1,1,1
SF,IF2103,2020-08-25 09:33:13.900,4631.2000,5408,0,115128480.000,0,-,-,-,-,4631.4000,4630.6000,4630.0000,4629.6000,4628.8000,4634.0000,4634.2000,4635.6000,4636.6000,4636.8000,1,1,1,1,1,2,1,1,1,1
SF,IF2103,2020-08-25 09:33:14.400,4631.2000,5408,0,115128480.000,0,-,-,-,-,4630.6000,4630.0000,4629.6000,4628.8000,4628.4000,4634.0000,4634.2000,4635.6000,4636.6000,4636.8000,1,1,1,1,1,1,1,1,1,1
SF,IF2103,2020-08-25 09:33:14.900,4631.2000,5408,0,115128480.000,0,-,-,-,-,4630.6000,4630.0000,4629.6000,4628.8000,4628.4000,4633.8000,4635.6000,4636.6000,4636.8000,4641.4000,1,1,1,1,1,1,1,1,1,3
SF,IF2103,2020-08-25 09:33:15.400,4631.2000,5408,0,115128480.000,0,-,-,-,-,4631.2000,4630.8000,4630.6000,4630.0000,4629.6000,4633.8000,4635.6000,4636.6000,4636.8000,4641.4000,1,1,1,1,1,1,1,1,1,3
SF,IF2103,2020-08-25 09:33:15.900,4631.2000,5408,0,115128480.000,0,-,-,-,-,4631.4000,4631.2000,4630.8000,4630.0000,4629.6000,4635.6000,4636.6000,4636.8000,4641.4000,4643.8000,1,1,1,1,1,1,1,1,3,3
SF,IF2103,2020-08-25 09:33:16.400,4631.2000,5408,0,115128480.000,0,-,-,-,-,4631.8000,4631.4000,4631.2000,4630.8000,4630.0000,4634.4000,4635.2000,4635.4000,4635.6000,4636.6000,2,1,1,1,1,1,3,2,1,1
SF,IF2103,2020-08-25 09:33:16.900,4631.2000,5408,0,115128480.000,0,-,-,-,-,4631.8000,4631.4000,4630.0000,4629.6000,4628.8000,4634.4000,4635.2000,4635.4000,4635.6000,4636.6000,2,1,1,1,1,1,3,2,1,1
SF,IF2103,2020-08-25 09:33:17.900,4631.2000,5408,0,115128480.000,0,-,-,-,-,4631.8000,4631.4000,4630.0000,4629.6000,4628.8000,4634.4000,4635.2000,4635.4000,4635.6000,4636.6000,1,1,1,1,1,1,3,2,1,1
SF,IF2103,2020-08-25 09:33:18.400,4631.2000,5408,0,115128480.000,0,-,-,-,-,4632.2000,4632.0000,4631.8000,4630.0000,4629.6000,4634.4000,4635.2000,4635.4000,4635.6000,4636.6000,1,1,1,1,1,1,3,2,1,1
SF,IF2103,2020-08-25 09:33:18.900,4631.2000,5408,0,115128480.000,0,-,-,-,-,4632.6000,4632.4000,4632.2000,4632.0000,4631.8000,4634.4000,4635.4000,4635.6000,4636.8000,4641.4000,1,2,1,1,1,1,1,1,1,3
SF,IF2103,2020-08-25 09:33:19.400,4634.4000,5407,-1,116518800.000,1,0,1,双平,S,4633.0000,4632.8000,4632.6000,4632.4000,4632.2000,4635.4000,4635.6000,4636.8000,4641.4000,4643.8000,1,1,1,3,1,1,1,1,3,3
SF,IF2103,2020-08-25 09:33:19.900,4634.4000,5407,0,116518800.000,0,-,-,-,-,4633.4000,4633.2000,4632.8000,4632.6000,4632.4000,4635.6000,4636.8000,4641.4000,4643.8000,4648.0000,1,2,1,1,3,1,1,3,3,1
SF,IF2103,2020-08-25 09:33:20.400,4634.4000,5407,0,116518800.000,0,-,-,-,-,4633.4000,4633.2000,4632.8000,4632.6000,4632.4000,4635.6000,4636.8000,4641.4000,4643.8000,4648.0000,1,2,1,1,3,1,1,3,3,1
SF,IF2103,2020-08-25 09:33:20.900,4634.4000,5407,0,116518800.000,0,-,-,-,-,4633.6000,4633.2000,4632.8000,4632.6000,4632.4000,4635.6000,4636.8000,4641.4000,4643.8000,4648.0000,1,1,1,1,3,3,1,3,3,1
SF,IF2103,2020-08-25 09:33:21.400,4634.4000,5407,0,116518800.000,0,-,-,-,-,4633.8000,4633.6000,4633.2000,4632.6000,4632.4000,4635.6000,4636.8000,4641.4000,4643.8000,4648.0000,1,1,1,1,3,3,1,3,3,1
SF,IF2103,2020-08-25 09:33:21.900,4634.4000,5407,0,116518800.000,0,-,-,-,-,4634.6000,4634.4000,4634.2000,4634.0000,4633.8000,4635.6000,4636.8000,4641.4000,4643.8000,4648.0000,1,1,1,1,5,3,1,3,3,1
SF,IF2103,2020-08-25 09:33:22.400,4634.4000,5407,0,116518800.000,0,-,-,-,-,4634.2000,4634.0000,4633.8000,4633.2000,4632.6000,4635.4000,4635.6000,4636.8000,4641.4000,4643.8000,1,1,5,1,1,1,3,1,3,3
SF,IF2103,2020-08-25 09:33:22.900,4634.4000,5407,0,116518800.000,0,-,-,-,-,4634.4000,4633.2000,4632.6000,4632.4000,4632.0000,4635.4000,4635.6000,4636.8000,4641.4000,4643.8000,1,1,1,1,1,1,3,1,3,3
SF,IF2103,2020-08-25 09:33:23.400,4635.6000,5406,-1,119300100.000,2,0,2,多平,S,4634.8000,4634.4000,4633.2000,4632.6000,4632.4000,4635.6000,4636.8000,4641.4000,4643.8000,4648.0000,1,1,1,1,1,2,1,3,3,1
SF,IF2103,2020-08-25 09:33:23.900,4635.6000,5406,0,122081460.000,2,1,1,多换,S,4635.0000,4633.2000,4632.6000,4632.4000,4632.0000,4636.8000,4641.4000,4643.8000,4648.0000,4649.8000,1,1,1,1,1,1,3,3,1,1
SF,IF2103,2020-08-25 09:33:24.400,4636.8000,5405,-1,123472500.000,1,0,1,双平,S,4635.0000,4633.2000,4632.6000,4632.4000,4632.0000,4641.4000,4643.8000,4648.0000,4649.8000,4650.0000,1,1,1,1,1,3,3,1,1,5
SF,IF2103,2020-08-25 09:33:24.900,4636.8000,5405,0,123472500.000,0,-,-,-,-,4635.6000,4635.4000,4635.0000,4633.2000,4632.6000,4639.8000,4640.8000,4641.0000,4641.2000,4641.4000,1,1,1,1,1,1,3,2,3,3
SF,IF2103,2020-08-25 09:33:25.400,4636.8000,5405,0,123472500.000,0,-,-,-,-,4635.8000,4635.6000,4633.2000,4632.6000,4632.4000,4639.2000,4639.4000,4639.6000,4639.8000,4641.0000,1,1,1,1,1,3,1,2,1,1
SF,IF2103,2020-08-25 09:33:25.900,4636.8000,5405,0,123472500.000,0,-,-,-,-,4635.8000,4635.6000,4633.2000,4632.6000,4632.4000,4639.0000,4639.2000,4639.4000,4639.8000,4641.0000,1,1,1,1,1,2,3,1,1,1
SF,IF2103,2020-08-25 09:33:26.400,4636.8000,5405,0,123472500.000,0,-,-,-,-,4633.2000,4632.6000,4632.4000,4632.0000,4628.0000,4638.4000,4639.0000,4639.4000,4639.8000,4641.0000,1,1,1,1,4,3,2,1,1,1
SF,IF2103,2020-08-25 09:33:26.900,4636.8000,5405,0,123472500.000,0,-,-,-,-,4633.4000,4633.2000,4632.6000,4632.4000,4632.0000,4638.2000,4638.4000,4639.4000,4639.8000,4641.0000,2,2,1,1,1,2,3,1,1,1
SF,IF2103,2020-08-25 09:33:27.400,4636.8000,5405,0,123472500.000,0,-,-,-,-,4633.4000,4633.2000,4632.6000,4632.4000,4632.0000,4637.8000,4638.2000,4638.4000,4639.4000,4639.8000,2,2,1,1,1,1,2,2,1,1
SF,IF2103,2020-08-25 09:33:27.900,4636.8000,5405,0,123472500.000,0,-,-,-,-,4633.8000,4633.4000,4633.2000,4632.6000,4632.4000,4637.6000,4637.8000,4638.2000,4638.4000,4639.4000,1,2,2,1,1,1,1,1,2,1
SF,IF2103,2020-08-25 09:33:28.400,4636.8000,5405,0,123472500.000,0,-,-,-,-,4634.0000,4633.8000,4633.4000,4633.2000,4632.6000,4637.6000,4637.8000,4638.4000,4639.4000,4639.8000,1,1,1,2,1,1,1,2,1,1
SF,IF2103,2020-08-25 09:33:28.900,4636.8000,5405,0,123472500.000,0,-,-,-,-,4634.4000,4634.0000,4633.8000,4633.4000,4633.2000,4637.6000,4638.4000,4639.4000,4639.8000,4641.0000,1,1,1,1,2,1,1,1,1,1
SF,IF2103,2020-08-25 09:33:29.400,4637.6000,5404,-1,124863780.000,1,0,1,双平,S,4636.8000,4635.0000,4634.6000,4634.4000,4633.2000,4639.8000,4641.0000,4646.2000,4648.0000,4649.4000,1,1,2,1,2,1,1,3,1,3
SF,IF2103,2020-08-25 09:33:29.900,4637.6000,5404,0,124863780.000,0,-,-,-,-,4635.0000,4634.6000,4634.4000,4633.2000,4632.6000,4639.6000,4639.8000,4641.0000,4646.2000,4648.0000,1,2,1,2,1,1,1,1,3,1
SF,IF2103,2020-08-25 09:33:30.400,4637.6000,5404,0,124863780.000,0,-,-,-,-,4637.4000,4636.8000,4635.6000,4635.2000,4635.0000,4639.8000,4641.0000,4646.2000,4648.0000,4649.4000,1,2,1,2,1,1,1,3,1,3
SF,IF2103,2020-08-25 09:33:30.900,4637.6000,5404,0,124863780.000,0,-,-,-,-,4637.4000,4636.8000,4636.4000,4635.2000,4635.0000,4641.0000,4646.2000,4648.0000,4649.4000,4649.8000,1,3,1,2,1,1,3,1,3,1
SF,IF2103,2020-08-25 09:33:31.400,4637.6000,5404,0,124863780.000,0,-,-,-,-,4639.6000,4638.2000,4637.8000,4637.6000,4636.8000,4640.8000,4641.0000,4646.2000,4648.0000,4649.4000,1,1,1,2,2,1,1,3,1,3
SF,IF2103,2020-08-25 09:33:31.900,4639.4000,5403,-1,126255600.000,1,0,1,双平,S,4638.2000,4637.6000,4636.8000,4636.4000,4636.2000,4640.8000,4646.2000,4648.0000,4649.4000,4649.8000,1,2,2,1,1,1,3,1,3,1
SF,IF2103,2020-08-25 09:33:32.400,4639.4000,5403,0,126255600.000,0,-,-,-,-,4638.4000,4638.2000,4637.6000,4636.8000,4636.4000,4640.8000,4648.0000,4649.4000,4649.8000,4650.0000,1,1,1,2,1,1,1,3,1,6
SF,IF2103,2020-08-25 09:33:32.900,4639.4000,5403,0,126255600.000,0,-,-,-,-,4638.8000,4638.2000,4637.6000,4636.8000,4636.4000,4640.8000,4648.0000,4649.4000,4649.8000,4650.0000,1,1,2,2,1,1,1,3,1,6
SF,IF2103,2020-08-25 09:33:33.400,4639.4000,5403,0,126255600.000,0,-,-,-,-,4639.0000,4637.6000,4636.8000,4636.4000,4635.0000,4640.8000,4648.0000,4649.4000,4649.8000,4650.0000,2,2,2,1,1,1,1,3,1,6
SF,IF2103,2020-08-25 09:33:33.900,4639.4000,5403,0,126255600.000,0,-,-,-,-,4639.0000,4637.6000,4636.8000,4636.4000,4635.0000,4640.8000,4648.0000,4649.4000,4649.8000,4650.0000,2,1,2,1,1,1,1,3,1,6
SF,IF2103,2020-08-25 09:33:34.400,4639.4000,5403,0,126255600.000,0,-,-,-,-,4639.4000,4639.2000,4639.0000,4637.6000,4636.8000,4640.8000,4648.0000,4649.4000,4649.8000,4650.0000,1,3,1,1,2,1,1,3,1,6
SF,IF2103,2020-08-25 09:33:35.400,4640.8000,5402,-1,127647840.000,1,0,1,双平,S,4639.8000,4639.2000,4639.0000,4637.6000,4636.8000,4648.0000,4649.4000,4649.8000,4650.0000,4651.2000,1,1,1,1,2,1,3,1,6,1
SF,IF2103,2020-08-25 09:33:35.900,4640.8000,5402,0,127647840.000,0,-,-,-,-,4639.0000,4636.8000,4635.0000,4633.2000,4628.0000,4643.6000,4643.8000,4644.4000,4645.0000,4645.2000,1,2,1,1,5,1,1,1,3,2
SF,IF2103,2020-08-25 09:33:36.400,4640.8000,5402,0,127647840.000,0,-,-,-,-,4639.0000,4636.8000,4635.0000,4633.2000,4628.0000,4643.0000,4643.4000,4643.6000,4644.4000,4646.4000,1,2,1,1,5,3,2,1,1,1
SF,IF2103,2020-08-25 09:33:36.900,4640.8000,5402,0,127647840.000,0,-,-,-,-,4639.2000,4639.0000,4636.8000,4635.0000,4633.2000,4642.8000,4643.0000,4643.6000,4644.4000,4646.4000,1,1,2,1,1,2,3,1,1,1
SF,IF2103,2020-08-25 09:33:37.400,4640.8000,5402,0,127647840.000,0,-,-,-,-,4640.0000,4639.8000,4639.4000,4639.2000,4639.0000,4643.0000,4643.6000,4644.4000,4647.4000,4647.8000,1,1,1,1,1,1,1,1,1,1
SF,IF2103,2020-08-25 09:33:37.900,4640.8000,5402,0,127647840.000,0,-,-,-,-,4643.0000,4640.6000,4640.2000,4640.0000,4639.8000,4643.6000,4644.4000,4647.4000,4647.8000,4648.0000,1,1,4,1,1,1,1,1,1,1
SF,IF2103,2020-08-25 09:33:38.400,4643.0000,5402,0,129040740.000,1,0,1,多换,S,4640.6000,4640.2000,4640.0000,4639.8000,4639.4000,4643.0000,4643.6000,4644.4000,4647.4000,4647.8000,1,1,1,1,1,1,1,1,1,1
SF,IF2103,2020-08-25 09:33:39.400,4643.0000,5402,0,129040740.000,0,-,-,-,-,4641.0000,4640.6000,4640.2000,4640.0000,4639.8000,4642.6000,4643.0000,4643.6000,4644.4000,4647.4000,1,1,1,1,1,1,1,1,1,1
SF,IF2103,2020-08-25 09:33:39.900,4643.0000,5402,0,129040740.000,0,-,-,-,-,4639.8000,4639.4000,4636.8000,4628.0000,4619.8000,4642.4000,4643.0000,4643.6000,4644.4000,4647.4000,1,1,2,5,1,1,1,1,1,1
SF,IF2103,2020-08-25 09:33:40.400,4643.0000,5402,0,129040740.000,0,-,-,-,-,4639.4000,4636.8000,4628.0000,4619.8000,4616.2000,4642.2000,4642.4000,4643.0000,4643.6000,4644.4000,1,2,5,1,3,1,2,1,1,1
SF,IF2103,2020-08-25 09:33:40.900,4643.0000,5402,0,129040740.000,0,-,-,-,-,4636.8000,4628.0000,4619.8000,4616.2000,4604.6000,4642.0000,4642.2000,4642.4000,4643.0000,4643.6000,2,5,1,3,1,1,1,1,1,1
SF,IF2103,2020-08-25 09:33:41.400,4643.0000,5402,0,129040740.000,0,-,-,-,-,4640.0000,4637.6000,4637.0000,4636.8000,4628.0000,4641.8000,4642.0000,4642.4000,4643.0000,4643.6000,1,1,1,2,5,1,1,1,1,1
SF,IF2103,2020-08-25 09:33:41.900,4643.0000,5402,0,129040740.000,0,-,-,-,-,4637.6000,4637.0000,4636.8000,4628.0000,4619.8000,4642.0000,4642.4000,4643.0000,4643.6000,4644.4000,1,1,2,5,1,1,1,1,1,1
SF,IF2103,2020-08-25 09:33:42.400,4643.0000,5402,0,129040740.000,0,-,-,-,-,4640.4000,4637.8000,4637.6000,4636.8000,4628.0000,4641.8000,4642.0000,4643.0000,4643.6000,4644.4000,1,1,1,2,5,1,1,1,1,1
SF,IF2103,2020-08-25 09:33:42.900,4643.0000,5402,0,129040740.000,0,-,-,-,-,4641.0000,4640.8000,4640.6000,4638.2000,4637.6000,4643.0000,4643.6000,4644.4000,4647.4000,4647.8000,1,1,1,3,1,1,1,1,1,1
SF,IF2103,2020-08-25 09:33:43.400,4643.0000,5402,0,129040740.000,0,-,-,-,-,4641.2000,4641.0000,4637.6000,4636.8000,4628.0000,4647.4000,4647.8000,4648.0000,4649.4000,4649.8000,8,1,1,1,5,1,1,1,3,1
SF,IF2103,2020-08-25 09:33:43.900,4643.0000,5402,0,129040740.000,0,-,-,-,-,4641.8000,4641.4000,4641.2000,4641.0000,4637.6000,4646.8000,4647.0000,4647.2000,4647.4000,4647.8000,1,1,7,1,1,3,1,1,2,1
SF,IF2103,2020-08-25 09:33:44.400,4643.0000,5402,0,129040740.000,0,-,-,-,-,4642.2000,4642.0000,4641.8000,4641.2000,4641.0000,4646.2000,4646.6000,4646.8000,4647.0000,4647.4000,1,3,1,1,1,1,2,3,1,2
SF,IF2103,2020-08-25 09:33:44.900,4643.0000,5402,0,129040740.000,0,-,-,-,-,4642.4000,4642.2000,4642.0000,4641.8000,4637.6000,4645.6000,4645.8000,4646.0000,4646.2000,4646.6000,1,1,1,1,1,3,1,2,1,1
SF,IF2103,2020-08-25 09:33:45.400,4643.0000,5402,0,129040740.000,0,-,-,-,-,4642.4000,4642.2000,4641.8000,4628.0000,4619.8000,4645.4000,4645.6000,4645.8000,4646.0000,4646.2000,1,1,1,5,1,1,3,1,1,1
SF,IF2103,2020-08-25 09:33:45.900,4643.0000,5402,0,129040740.000,0,-,-,-,-,4642.4000,4642.2000,4641.8000,4628.0000,4619.8000,4644.8000,4645.2000,4645.4000,4645.8000,4646.2000,1,1,1,5,1,3,1,1,1,1
SF,IF2103,2020-08-25 09:33:46.400,4642.2000,5400,-2,131826120.000,2,0,2,双平,S,4641.8000,4628.0000,4619.8000,4616.2000,4604.6000,4644.4000,4644.6000,4644.8000,4645.2000,4645.8000,1,5,1,3,1,1,1,3,1,1
SF,IF2103,2020-08-25 09:33:46.900,4642.2000,5400,0,131826120.000,0,-,-,-,-,4641.8000,4628.0000,4619.8000,4616.2000,4604.6000,4644.0000,4644.2000,4644.4000,4645.2000,4645.8000,1,5,1,3,1,3,2,1,1,1
SF,IF2103,2020-08-25 09:33:47.400,4642.2000,5400,0,131826120.000,0,-,-,-,-,4641.8000,4628.0000,4619.8000,4616.2000,4604.6000,4643.8000,4644.0000,4644.2000,4645.8000,4646.2000,1,5,1,3,1,1,3,1,1,1
SF,IF2103,2020-08-25 09:33:47.900,4642.2000,5400,0,131826120.000,0,-,-,-,-,4642.2000,4628.0000,4619.8000,4616.2000,4604.6000,4643.8000,4644.0000,4644.2000,4645.8000,4646.2000,1,5,1,3,1,1,3,1,1,1
SF,IF2103,2020-08-25 09:33:48.400,4642.2000,5400,0,131826120.000,0,-,-,-,-,4642.4000,4642.2000,4628.0000,4619.8000,4616.2000,4644.0000,4644.2000,4645.8000,4646.2000,4646.6000,2,1,5,1,3,2,1,1,1,1
SF,IF2103,2020-08-25 09:33:48.900,4642.2000,5397,-3,136004100.000,3,0,3,双平,S,4642.6000,4628.0000,4619.8000,4616.2000,4604.6000,4643.8000,4644.0000,4644.2000,4645.8000,4646.2000,1,5,1,3,1,1,2,1,1,1
SF,IF2103,2020-08-25 09:33:49.400,4642.6000,5396,-1,137396880.000,1,0,1,双平,S,4628.0000,4619.8000,4616.2000,4604.6000,4602.2000,4643.6000,4643.8000,4644.2000,4645.8000,4646.2000,5,1,3,1,1,3,1,1,1,1
SF,IF2103,2020-08-25 09:33:49.900,4642.6000,5396,0,137396880.000,0,-,-,-,-,4642.8000,4642.4000,4642.2000,4641.2000,4641.0000,4643.4000,4643.6000,4643.8000,4644.2000,4645.8000,5,1,4,4,4,2,3,1,1,1
SF,IF2103,2020-08-25 09:33:50.400,4641.0000,5390,-6,147146040.000,7,0,7,多平,S,4639.4000,4637.8000,4637.6000,4628.6000,4628.2000,4643.4000,4643.6000,4643.8000,4644.2000,4645.8000,1,1,1,1,1,1,2,1,1,1
SF,IF2103,2020-08-25 09:33:50.900,4641.0000,5390,0,147146040.000,0,-,-,-,-,4639.4000,4637.8000,4637.6000,4628.6000,4628.2000,4642.8000,4643.2000,4643.4000,4643.8000,4644.2000,1,1,1,1,1,2,2,1,1,1
SF,IF2103,2020-08-25 09:33:51.400,4641.0000,5390,0,147146040.000,0,-,-,-,-,4637.6000,4628.6000,4628.2000,4628.0000,4619.8000,4642.2000,4642.6000,4642.8000,4643.8000,4645.8000,1,1,1,5,1,1,3,2,1,1
SF,IF2103,2020-08-25 09:33:51.900,4641.0000,5390,0,147146040.000,0,-,-,-,-,4641.0000,4637.8000,4637.6000,4628.6000,4628.0000,4642.0000,4642.2000,4642.6000,4645.8000,4646.2000,1,1,1,1,5,3,1,1,1,1
SF,IF2103,2020-08-25 09:33:52.400,4641.0000,5389,-1,149930640.000,2,0,2,多平,S,4638.2000,4637.8000,4637.6000,4628.6000,4628.0000,4642.2000,4645.8000,4646.2000,4646.6000,4647.0000,3,1,1,1,5,1,1,1,1,1
SF,IF2103,2020-08-25 09:33:52.900,4641.0000,5389,0,149930640.000,0,-,-,-,-,4640.0000,4638.4000,4637.6000,4628.6000,4628.0000,4642.0000,4642.2000,4645.8000,4646.2000,4646.6000,1,1,1,1,5,1,1,1,1,1
SF,IF2103,2020-08-25 09:33:53.400,4641.0000,5389,0,149930640.000,0,-,-,-,-,4639.6000,4638.4000,4637.6000,4628.6000,4628.0000,4642.2000,4645.8000,4646.2000,4646.6000,4647.0000,1,4,1,1,5,1,1,1,1,1
SF,IF2103,2020-08-25 09:33:53.900,4641.0000,5389,0,149930640.000,0,-,-,-,-,4641.0000,4639.8000,4638.4000,4637.6000,4628.6000,4641.8000,4642.2000,4645.8000,4646.2000,4646.6000,1,1,3,1,1,2,1,1,1,1
SF,IF2103,2020-08-25 09:33:54.400,4642.2000,5388,-1,151323300.000,1,0,1,双平,S,4638.4000,4637.6000,4633.6000,4628.6000,4628.0000,4645.8000,4646.2000,4646.6000,4647.0000,4648.0000,3,1,1,1,5,1,1,1,1,1
SF,IF2103,2020-08-25 09:33:54.900,4642.2000,5388,0,151323300.000,0,-,-,-,-,4639.6000,4638.6000,4638.4000,4637.6000,4633.6000,4643.6000,4644.4000,4645.2000,4645.4000,4645.6000,2,3,3,1,1,1,1,3,1,4
SF,IF2103,2020-08-25 09:33:55.400,4642.2000,5388,0,151323300.000,0,-,-,-,-,4639.8000,4639.6000,4639.0000,4638.6000,4638.4000,4643.0000,4643.4000,4643.6000,4644.4000,4645.2000,1,2,1,2,3,2,3,1,1,1
SF,IF2103,2020-08-25 09:33:55.900,4638.6000,5384,-4,156890640.000,4,0,4,双平,S,4640.6000,4638.4000,4637.6000,4633.6000,4628.6000,4642.8000,4643.0000,4643.4000,4643.6000,4644.4000,1,3,1,1,1,2,2,1,1,1
SF,IF2103,2020-08-25 09:33:56.400,4638.6000,5384,0,156890640.000,0,-,-,-,-,4640.6000,4638.4000,4637.6000,4633.6000,4628.6000,4642.4000,4642.6000,4642.8000,4643.4000,4643.6000,1,3,1,1,1,3,1,1,1,1
SF,IF2103,2020-08-25 09:33:56.900,4638.6000,5384,0,156890640.000,0,-,-,-,-,4640.6000,4639.4000,4638.4000,4637.6000,4633.6000,4642.2000,4642.4000,4642.6000,4643.4000,4643.6000,1,1,3,1,1,1,3,1,1,1
SF,IF2103,2020-08-25 09:33:57.400,4638.6000,5384,0,156890640.000,0,-,-,-,-,4641.6000,4640.6000,4639.4000,4638.6000,4638.4000,4642.2000,4642.4000,4642.6000,4643.4000,4643.6000,1,1,1,1,3,1,2,1,1,1
SF,IF2103,2020-08-25 09:33:57.900,4638.6000,5384,0,156890640.000,0,-,-,-,-,4641.6000,4640.6000,4639.4000,4638.6000,4638.4000,4642.2000,4642.6000,4645.2000,4645.4000,4645.8000,1,1,1,1,1,1,1,1,1,1
SF,IF2103,2020-08-25 09:33:58.400,4642.6000,5382,-2,159676080.000,2,0,2,双平,S,4641.6000,4640.6000,4639.4000,4638.6000,4638.4000,4645.2000,4645.4000,4645.8000,4646.2000,4648.0000,1,1,1,1,1,1,1,1,1,1
SF,IF2103,2020-08-25 09:33:58.900,4642.6000,5382,0,159676080.000,0,-,-,-,-,4640.6000,4639.4000,4639.2000,4639.0000,4638.6000,4643.6000,4644.4000,4644.6000,4645.0000,4645.2000,1,2,2,1,1,1,1,2,4,1
SF,IF2103,2020-08-25 09:33:59.400,4642.6000,5382,0,159676080.000,0,-,-,-,-,4640.8000,4640.6000,4640.2000,4639.4000,4639.2000,4643.2000,4644.6000,4645.0000,4645.2000,4645.4000,1,2,1,1,2,2,1,4,1,1
SF,IF2103,2020-08-25 09:33:59.900,4642.6000,5382,0,159676080.000,0,-,-,-,-,4640.8000,4640.6000,4640.2000,4639.4000,4639.2000,4643.2000,4644.6000,4645.0000,4645.2000,4645.4000,1,2,1,1,2,2,1,3,1,1
SF,IF2103,2020-08-25 09:34:00.400,4642.6000,5382,0,159676080.000,0,-,-,-,-,4642.0000,4640.8000,4640.6000,4640.2000,4639.4000,4643.2000,4644.6000,4645.0000,4645.2000,4645.4000,1,1,2,1,1,2,1,3,1,1
SF,IF2103,2020-08-25 09:34:00.900,4642.6000,5382,0,159676080.000,0,-,-,-,-,4640.8000,4640.2000,4639.4000,4639.2000,4639.0000,4643.0000,4643.2000,4644.6000,4645.0000,4645.2000,1,1,1,2,3,1,2,1,3,1
SF,IF2103,2020-08-25 09:34:01.400,4642.6000,5382,0,159676080.000,0,-,-,-,-,4640.8000,4640.2000,4639.4000,4639.2000,4639.0000,4643.0000,4643.2000,4644.6000,4645.0000,4645.2000,1,1,1,2,3,1,2,1,3,1
SF,IF2103,2020-08-25 09:34:01.900,4642.6000,5382,0,159676080.000,0,-,-,-,-,4642.2000,4640.8000,4640.2000,4639.2000,4639.0000,4643.2000,4644.6000,4645.0000,4645.2000,4645.4000,1,1,1,2,3,1,1,3,1,1
SF,IF2103,2020-08-25 09:34:02.400,4643.2000,5381,-1,161069040.000,1,0,1,双平,S,4642.4000,4640.2000,4639.2000,4639.0000,4638.6000,4644.6000,4645.0000,4645.2000,4645.4000,4645.8000,1,1,2,3,1,1,2,1,1,1
SF,IF2103,2020-08-25 09:34:02.900,4643.2000,5381,0,161069040.000,0,-,-,-,-,4642.4000,4639.2000,4639.0000,4638.6000,4628.6000,4644.2000,4645.0000,4645.4000,4645.8000,4648.0000,1,2,3,1,1,1,1,1,1,1
SF,IF2103,2020-08-25 09:34:03.400,4643.2000,5381,0,161069040.000,0,-,-,-,-,4643.6000,4642.4000,4641.6000,4639.2000,4639.0000,4645.8000,4648.0000,4649.8000,4650.0000,4651.2000,1,1,1,2,3,1,1,1,6,1
SF,IF2103,2020-08-25 09:34:03.900,4643.2000,5381,0,161069040.000,0,-,-,-,-,4642.4000,4641.6000,4639.2000,4639.0000,4638.6000,4645.2000,4645.4000,4645.6000,4645.8000,4648.0000,1,1,2,3,1,1,1,1,1,1
SF,IF2103,2020-08-25 09:34:04.400,4643.2000,5381,0,161069040.000,0,-,-,-,-,4642.4000,4641.6000,4639.2000,4639.0000,4638.6000,4645.2000,4645.8000,4648.0000,4649.8000,4650.0000,1,1,2,3,1,1,1,1,1,6
SF,IF2103,2020-08-25 09:34:04.900,4643.2000,5381,0,161069040.000,0,-,-,-,-,4644.2000,4642.4000,4641.6000,4639.2000,4639.0000,4645.0000,4645.2000,4645.8000,4648.0000,4649.8000,1,1,1,2,3,1,1,1,1,1
SF,IF2103,2020-08-25 09:34:05.400,4643.2000,5381,0,161069040.000,0,-,-,-,-,4641.6000,4639.2000,4639.0000,4638.6000,4628.6000,4644.8000,4645.0000,4645.8000,4648.0000,4649.8000,1,2,3,1,1,2,1,1,1,1
SF,IF2103,2020-08-25 09:34:05.900,4643.2000,5381,0,161069040.000,0,-,-,-,-,4641.6000,4639.2000,4639.0000,4638.6000,4628.6000,4644.6000,4644.8000,4645.0000,4645.8000,4648.0000,1,2,3,1,1,1,2,1,1,1
SF,IF2103,2020-08-25 09:34:06.400,4641.6000,5380,-1,162461520.000,1,0,1,双平,S,4639.2000,4639.0000,4638.6000,4628.6000,4628.0000,4644.0000,4644.2000,4644.4000,4644.6000,4645.0000,2,3,1,1,5,1,1,2,1,1
SF,IF2103,2020-08-25 09:34:06.900,4641.6000,5380,0,162461520.000,0,-,-,-,-,4641.6000,4639.4000,4639.0000,4638.6000,4628.6000,4643.4000,4643.6000,4643.8000,4644.0000,4644.2000,1,1,3,1,1,1,1,3,1,1
SF,IF2103,2020-08-25 09:34:07.400,4641.6000,5380,0,162461520.000,0,-,-,-,-,4639.4000,4639.0000,4638.6000,4628.6000,4628.0000,4643.0000,4643.4000,4643.8000,4644.0000,4644.2000,1,3,1,1,5,1,1,2,1,1
SF,IF2103,2020-08-25 09:34:07.900,4641.6000,5380,0,162461520.000,0,-,-,-,-,4639.6000,4639.4000,4639.0000,4638.8000,4638.6000,4642.4000,4642.8000,4643.4000,4643.8000,4644.2000,2,1,3,1,1,1,1,1,1,1
SF,IF2103,2020-08-25 09:34:08.400,4641.6000,5380,0,162461520.000,0,-,-,-,-,4642.0000,4639.8000,4639.0000,4638.8000,4638.6000,4642.4000,4642.8000,4643.4000,4643.8000,4644.2000,1,1,3,1,1,1,1,1,1,1
SF,IF2103,2020-08-25 09:34:08.900,4642.0000,5377,-3,166639440.000,3,0,3,双平,S,4641.4000,4639.8000,4639.0000,4638.8000,4638.6000,4644.2000,4644.4000,4645.0000,4648.0000,4649.8000,1,1,3,1,1,1,1,1,1,1
SF,IF2103,2020-08-25 09:34:09.400,4642.0000,5377,0,166639440.000,0,-,-,-,-,4641.6000,4641.4000,4640.4000,4639.0000,4638.6000,4644.0000,4644.2000,4644.4000,4645.0000,4648.0000,1,1,1,2,1,1,1,1,1,1
SF,IF2103,2020-08-25 09:34:09.900,4641.4000,5376,-1,168031860.000,1,0,1,双平,S,4640.4000,4639.0000,4638.6000,4628.6000,4628.0000,4643.6000,4643.8000,4644.0000,4644.2000,4644.4000,1,2,1,1,5,2,1,1,1,1
SF,IF2103,2020-08-25 09:34:10.400,4641.4000,5376,0,168031860.000,0,-,-,-,-,4640.4000,4639.0000,4638.6000,4628.6000,4628.0000,4643.4000,4644.0000,4644.2000,4644.4000,4645.0000,1,2,1,1,5,4,1,1,1,1
SF,IF2103,2020-08-25 09:34:10.900,4641.4000,5376,0,168031860.000,0,-,-,-,-,4640.4000,4639.0000,4638.6000,4628.6000,4628.0000,4643.0000,4643.4000,4644.0000,4644.2000,4644.4000,1,2,1,1,5,1,4,1,1,1
SF,IF2103,2020-08-25 09:34:11.400,4641.4000,5376,0,168031860.000,0,-,-,-,-,4640.4000,4639.0000,4638.6000,4628.6000,4628.0000,4642.6000,4642.8000,4643.0000,4643.4000,4644.0000,1,2,1,1,5,1,2,1,3,1
SF,IF2103,2020-08-25 09:34:11.900,4641.4000,5376,0,168031860.000,0,-,-,-,-,4628.6000,4628.0000,4619.8000,4616.2000,4604.6000,4642.2000,4642.4000,4642.6000,4642.8000,4643.0000,1,5,1,3,1,2,1,1,1,1
SF,IF2103,2020-08-25 09:34:12.400,4641.4000,5376,0,168031860.000,0,-,-,-,-,4637.6000,4637.2000,4637.0000,4631.4000,4631.0000,4641.8000,4642.0000,4642.6000,4642.8000,4643.0000,1,3,2,1,1,1,3,1,1,1
SF,IF2103,2020-08-25 09:34:12.900,4641.4000,5376,0,168031860.000,0,-,-,-,-,4637.6000,4637.2000,4637.0000,4631.4000,4631.0000,4641.4000,4641.6000,4641.8000,4642.0000,4642.6000,1,3,2,1,1,1,2,1,1,1
SF,IF2103,2020-08-25 09:34:13.400,4641.4000,5376,0,168031860.000,0,-,-,-,-,4638.0000,4637.8000,4637.6000,4637.0000,4629.0000,4641.0000,4641.2000,4641.4000,4641.8000,4642.0000,1,2,1,2,1,1,3,1,1,1
SF,IF2103,2020-08-25 09:34:13.900,4641.4000,5376,0,168031860.000,0,-,-,-,-,4638.2000,4638.0000,4637.8000,4637.6000,4637.0000,4641.0000,4641.2000,4641.4000,4641.8000,4642.0000,1,2,1,1,2,1,3,1,1,1
SF,IF2103,2020-08-25 09:34:14.400,4641.4000,5376,0,168031860.000,0,-,-,-,-,4638.4000,4638.2000,4638.0000,4637.6000,4637.0000,4640.8000,4641.0000,4641.2000,4641.4000,4641.8000,1,1,2,1,2,2,1,2,1,1
SF,IF2103,2020-08-25 09:34:14.900,4641.4000,5376,0,168031860.000,0,-,-,-,-,4638.4000,4638.0000,4637.6000,4637.0000,4633.4000,4640.4000,4640.8000,4641.0000,4641.2000,4641.4000,1,1,1,2,1,2,2,1,2,1
SF,IF2103,2020-08-25 09:34:15.400,4641.4000,5376,0,168031860.000,0,-,-,-,-,4638.0000,4637.6000,4637.0000,4633.4000,4629.0000,4640.2000,4640.8000,4641.0000,4641.2000,4641.4000,1,1,2,1,1,3,1,1,2,1
SF,IF2103,2020-08-25 09:34:15.900,4641.4000,5376,0,168031860.000,0,-,-,-,-,4638.2000,4637.6000,4634.4000,4633.4000,4629.0000,4640.8000,4641.0000,4641.2000,4641.4000,4641.8000,1,1,2,1,1,1,1,1,1,1
SF,IF2103,2020-08-25 09:34:16.400,4641.4000,5376,0,168031860.000,0,-,-,-,-,4638.4000,4638.2000,4637.6000,4634.4000,4633.4000,4640.8000,4641.0000,4641.2000,4641.4000,4641.8000,1,1,1,2,1,1,1,1,1,1
SF,IF2103,2020-08-25 09:34:16.900,4641.4000,5376,0,168031860.000,0,-,-,-,-,4638.4000,4638.2000,4637.6000,4634.4000,4633.4000,4640.4000,4640.8000,4641.0000,4641.2000,4641.4000,1,1,1,2,1,2,1,1,1,1
SF,IF2103,2020-08-25 09:34:17.400,4641.4000,5376,0,168031860.000,0,-,-,-,-,4638.6000,4638.4000,4637.6000,4634.4000,4633.4000,4641.0000,4641.2000,4641.4000,4641.8000,4642.0000,2,1,1,2,1,1,1,1,1,1
SF,IF2103,2020-08-25 09:34:17.900,4641.4000,5376,0,168031860.000,0,-,-,-,-,4638.8000,4638.6000,4637.6000,4634.4000,4633.4000,4641.0000,4641.4000,4641.8000,4642.0000,4642.8000,1,2,1,2,1,1,1,1,1,1
SF,IF2103,2020-08-25 09:34:18.400,4641.4000,5376,0,168031860.000,0,-,-,-,-,4638.8000,4638.6000,4637.6000,4634.4000,4633.4000,4640.6000,4640.8000,4641.0000,4641.4000,4641.8000,1,2,1,2,1,2,1,1,1,1
SF,IF2103,2020-08-25 09:34:18.900,4641.0000,5376,0,169424160.000,1,0,1,多换,S,4638.8000,4638.6000,4637.6000,4634.4000,4633.4000,4640.8000,4641.0000,4641.4000,4641.8000,4642.0000,1,2,1,2,1,1,1,1,1,1
SF,IF2103,2020-08-25 09:34:19.400,4641.0000,5376,0,169424160.000,0,-,-,-,-,4638.8000,4638.6000,4637.6000,4634.4000,4633.4000,4641.0000,4641.4000,4641.8000,4642.0000,4642.8000,1,2,1,2,1,1,1,1,1,1
SF,IF2103,2020-08-25 09:34:19.900,4641.0000,5376,0,169424160.000,0,-,-,-,-,4639.0000,4638.8000,4638.6000,4637.6000,4634.4000,4641.0000,4641.4000,4641.8000,4642.0000,4642.8000,1,1,1,1,2,1,1,1,1,1
SF,IF2103,2020-08-25 09:34:20.400,4642.0000,5374,-2,173601600.000,3,0,3,多平,S,4639.0000,4638.8000,4638.6000,4637.6000,4634.4000,4642.8000,4648.0000,4649.0000,4649.8000,4650.0000,1,1,1,1,2,1,1,3,1,6
SF,IF2103,2020-08-25 09:34:20.900,4642.0000,5374,0,173601600.000,0,-,-,-,-,4639.4000,4639.2000,4639.0000,4638.6000,4637.6000,4642.6000,4648.0000,4649.0000,4649.8000,4650.0000,1,1,1,1,1,1,1,3,1,6
SF,IF2103,2020-08-25 09:34:21.400,4642.0000,5374,0,173601600.000,0,-,-,-,-,4639.6000,4639.4000,4639.2000,4638.6000,4637.6000,4642.4000,4642.6000,4648.0000,4649.0000,4649.8000,1,1,1,1,1,1,1,1,3,1
SF,IF2103,2020-08-25 09:34:21.900,4642.0000,5374,0,173601600.000,0,-,-,-,-,4640.0000,4639.6000,4639.2000,4638.6000,4637.6000,4642.6000,4648.0000,4649.0000,4649.8000,4650.0000,1,1,1,1,1,1,1,3,1,6
SF,IF2103,2020-08-25 09:34:22.400,4642.0000,5374,0,173601600.000,0,-,-,-,-,4640.0000,4639.6000,4639.2000,4638.6000,4637.6000,4642.4000,4648.0000,4649.0000,4649.8000,4650.0000,1,1,1,1,1,1,1,3,1,6
SF,IF2103,2020-08-25 09:34:22.900,4642.0000,5374,0,173601600.000,0,-,-,-,-,4639.6000,4639.2000,4638.6000,4637.6000,4634.4000,4642.0000,4642.4000,4648.0000,4649.0000,4649.8000,1,1,1,1,2,2,1,1,3,1
SF,IF2103,2020-08-25 09:34:23.400,4642.0000,5374,0,173601600.000,0,-,-,-,-,4639.6000,4638.6000,4637.6000,4634.4000,4629.0000,4642.0000,4642.4000,4648.0000,4649.0000,4649.8000,1,1,1,2,1,2,1,1,3,1
SF,IF2103,2020-08-25 09:34:23.900,4642.0000,5374,0,173601600.000,0,-,-,-,-,4639.6000,4638.6000,4637.6000,4634.4000,4629.0000,4648.0000,4649.0000,4649.8000,4650.0000,4651.2000,1,1,1,2,1,1,3,1,6,1
SF,IF2103,2020-08-25 09:34:24.400,4642.0000,5374,0,173601600.000,0,-,-,-,-,4638.6000,4637.6000,4634.4000,4629.0000,4628.6000,4643.6000,4644.4000,4645.2000,4647.8000,4648.0000,1,1,2,1,1,1,1,1,4,1
SF,IF2103,2020-08-25 09:34:24.900,4642.0000,5374,0,173601600.000,0,-,-,-,-,4640.2000,4638.8000,4638.6000,4637.6000,4634.4000,4643.0000,4643.4000,4643.6000,4644.4000,4645.2000,1,1,1,1,2,1,2,1,1,1
SF,IF2103,2020-08-25 09:34:25.400,4642.0000,5374,0,173601600.000,0,-,-,-,-,4640.4000,4638.6000,4638.0000,4637.6000,4634.4000,4643.0000,4643.4000,4645.2000,4647.8000,4648.0000,1,1,1,1,2,1,2,1,1,1
SF,IF2103,2020-08-25 09:34:25.900,4642.0000,5374,0,173601600.000,0,-,-,-,-,4640.4000,4638.6000,4638.0000,4637.6000,4634.4000,4643.0000,4643.4000,4645.2000,4647.8000,4648.0000,1,1,1,1,2,1,2,1,1,1
SF,IF2103,2020-08-25 09:34:26.400,4642.0000,5374,0,173601600.000,0,-,-,-,-,4640.4000,4638.6000,4638.0000,4637.6000,4634.4000,4642.8000,4643.0000,4643.4000,4645.2000,4647.8000,1,1,1,1,2,1,1,1,1,1
SF,IF2103,2020-08-25 09:34:26.900,4642.0000,5374,0,173601600.000,0,-,-,-,-,4640.8000,4640.4000,4638.6000,4638.0000,4637.6000,4642.4000,4643.0000,4643.4000,4645.2000,4647.8000,1,1,1,1,1,2,1,1,1,1
SF,IF2103,2020-08-25 09:34:27.400,4642.0000,5374,0,173601600.000,0,-,-,-,-,4640.4000,4638.6000,4638.0000,4637.6000,4634.4000,4642.2000,4643.0000,4645.2000,4647.8000,4648.0000,1,1,1,1,2,2,1,1,1,1
SF,IF2103,2020-08-25 09:34:27.900,4642.0000,5374,0,173601600.000,0,-,-,-,-,4640.4000,4638.6000,4638.0000,4637.6000,4634.4000,4642.2000,4643.0000,4645.2000,4648.0000,4649.0000,1,1,1,1,2,2,1,1,1,3
SF,IF2103,2020-08-25 09:34:28.400,4642.0000,5374,0,173601600.000,0,-,-,-,-,4640.4000,4638.6000,4638.0000,4637.6000,4634.4000,4642.2000,4645.2000,4648.0000,4649.0000,4649.8000,1,1,1,1,2,2,1,1,3,1
SF,IF2103,2020-08-25 09:34:28.900,4642.0000,5374,0,173601600.000,0,-,-,-,-,4640.6000,4640.4000,4638.6000,4638.0000,4637.6000,4645.2000,4648.0000,4649.0000,4649.8000,4650.0000,1,1,1,1,1,1,1,3,1,6
SF,IF2103,2020-08-25 09:34:29.400,4642.0000,5374,0,173601600.000,0,-,-,-,-,4640.8000,4640.6000,4638.6000,4638.0000,4637.6000,4644.6000,4645.0000,4645.2000,4648.0000,4649.0000,1,1,1,1,1,1,2,1,1,3
SF,IF2103,2020-08-25 09:34:29.900,4642.0000,5374,0,173601600.000,0,-,-,-,-,4640.8000,4640.6000,4638.6000,4638.0000,4637.6000,4644.4000,4644.6000,4645.2000,4648.0000,4649.0000,1,1,1,1,1,2,1,1,1,3
SF,IF2103,2020-08-25 09:34:30.400,4642.0000,5374,0,173601600.000,0,-,-,-,-,4642.0000,4641.2000,4640.8000,4640.6000,4638.0000,4644.4000,4644.6000,4648.0000,4649.0000,4649.8000,1,1,1,1,1,1,1,1,3,1
SF,IF2103,2020-08-25 09:34:30.900,4642.0000,5374,0,173601600.000,0,-,-,-,-,4642.2000,4642.0000,4641.2000,4640.6000,4638.0000,4648.0000,4649.0000,4649.8000,4650.0000,4651.2000,1,1,1,1,1,1,3,1,6,1
