市场代码,合约代码,时间,最新,持仓,增仓,成交额,成交量,开仓,平仓,成交类型,方向,买一价,买二价,买三价,买四价,买五价,卖一价,卖二价,卖三价,卖四价,卖五价,买一量,买二量,买三量,买四量,买五量,卖一量,卖二量,卖三量,卖四量,卖五量
SF,IF2103,2020-10-27 09:29:00.200,4582.8000,24724,0,6874200.000,5.000,-,-,-,-,4581.0000,4580.2000,4579.8000,4579.4000,4579.2000,4585.0000,4587.0000,4589.0000,4590.0000,4594.0000,2,1,1,1,4,2,1,5,5,1
SF,IF2103,2020-10-27 09:30:00.200,4586.2000,24720,-4,19260660.000,9,2,7,多平,S,4585.6000,4585.4000,4585.0000,4584.8000,4581.6000,4590.0000,4594.0000,4596.4000,4598.6000,4599.2000,1,3,7,1,1,5,1,1,1,3
SF,IF2103,2020-10-27 09:30:00.700,4589.8000,24719,-1,23391480.000,3,1,2,多平,S,4589.2000,4589.0000,4586.4000,4586.0000,4585.8000,4589.8000,4596.4000,4598.6000,4599.2000,4600.0000,1,2,1,4,4,1,1,1,3,1
SF,IF2103,2020-10-27 09:30:01.200,4589.8000,24716,-3,27522300.000,3,0,3,双平,S,4586.0000,4585.8000,4585.6000,4585.4000,4585.0000,4596.4000,4599.2000,4600.0000,4603.6000,4605.0000,3,4,1,2,5,1,3,1,2,34
SF,IF2103,2020-10-27 09:30:01.700,4589.0000,24705,-11,55037460.000,20,4,16,多平,S,4586.4000,4585.0000,4584.8000,4583.0000,4581.0000,4589.0000,4589.2000,4589.6000,4589.8000,4590.0000,1,1,1,1,3,1,2,2,1,2
SF,IF2103,2020-10-27 09:30:02.200,4586.4000,24704,-1,56413380.000,1,0,1,双平,S,4586.4000,4585.0000,4583.0000,4581.0000,4580.8000,4588.8000,4589.0000,4589.2000,4589.8000,4590.0000,1,1,1,3,1,5,2,2,2,2
SF,IF2103,2020-10-27 09:30:02.700,4586.4000,24704,0,57789300.000,1,0,1,多换,S,4585.0000,4583.0000,4581.0000,4580.8000,4579.8000,4588.8000,4589.0000,4589.2000,4589.8000,4590.0000,1,1,3,1,1,5,2,2,2,2
SF,IF2103,2020-10-27 09:30:03.200,4588.6000,24703,-1,59165880.000,1,0,1,双平,S,4585.2000,4585.0000,4583.0000,4581.0000,4580.8000,4588.8000,4589.0000,4589.2000,4589.8000,4590.0000,1,1,1,3,1,5,2,2,2,2
SF,IF2103,2020-10-27 09:30:03.700,4588.6000,24703,0,59165880.000,0,-,-,-,-,4585.2000,4585.0000,4583.0000,4581.0000,4580.8000,4588.8000,4589.0000,4589.2000,4589.8000,4590.0000,2,1,1,3,1,2,2,2,2,2
SF,IF2103,2020-10-27 09:30:04.200,4588.6000,24703,0,59165880.000,0,-,-,-,-,4587.0000,4585.6000,4585.2000,4585.0000,4583.0000,4588.2000,4588.8000,4589.8000,4590.0000,4595.2000,2,2,2,1,1,1,2,2,1,5
SF,IF2103,2020-10-27 09:30:04.700,4585.6000,24702,-1,61917720.000,2,0,2,多平,S,4585.6000,4585.2000,4585.0000,4583.0000,4581.0000,4588.0000,4590.0000,4595.2000,4596.0000,4596.2000,1,1,1,1,3,1,1,5,7,2
SF,IF2103,2020-10-27 09:30:05.200,4588.0000,24703,1,64670520.000,2,1,1,空开,S,4586.4000,4585.8000,4585.6000,4585.0000,4583.0000,4587.0000,4595.2000,4596.0000,4596.2000,4605.0000,1,2,2,1,1,2,5,7,2,34
SF,IF2103,2020-10-27 09:30:05.700,4588.0000,24703,0,67423320.000,2,1,1,多换,S,4588.4000,4586.8000,4586.6000,4586.4000,4585.8000,4595.2000,4596.0000,4596.2000,4605.0000,4607.6000,2,1,2,1,1,5,7,2,34,2
SF,IF2103,2020-10-27 09:30:06.200,4588.2000,24703,0,68799780.000,1,0,1,多换,S,4588.6000,4586.8000,4586.6000,4586.4000,4585.8000,4591.2000,4591.4000,4591.6000,4591.8000,4592.0000,1,1,3,1,1,1,1,4,3,4
SF,IF2103,2020-10-27 09:30:06.700,4588.2000,24703,0,68799780.000,0,-,-,-,-,4588.6000,4586.8000,4586.6000,4586.4000,4585.8000,4591.0000,4591.6000,4591.8000,4592.0000,4593.4000,3,1,3,1,1,4,2,2,3,1
SF,IF2103,2020-10-27 09:30:07.200,4588.2000,24703,0,68799780.000,0,-,-,-,-,4588.8000,4588.6000,4586.6000,4586.4000,4585.8000,4590.6000,4591.0000,4591.6000,4591.8000,4592.0000,1,2,2,1,1,2,4,2,2,3
SF,IF2103,2020-10-27 09:30:07.700,4588.2000,24703,0,68799780.000,0,-,-,-,-,4588.8000,4588.6000,4586.6000,4586.4000,4585.8000,4590.0000,4590.4000,4590.6000,4591.0000,4591.6000,1,2,2,1,1,1,1,2,4,2
SF,IF2103,2020-10-27 09:30:08.200,4588.6000,24700,-3,72929580.000,3,0,3,双平,S,4586.6000,4586.4000,4585.8000,4585.0000,4583.0000,4589.8000,4590.0000,4590.6000,4591.0000,4591.6000,1,1,1,1,1,1,3,2,4,2
SF,IF2103,2020-10-27 09:30:08.700,4588.6000,24700,0,72929580.000,0,-,-,-,-,4586.6000,4586.4000,4585.0000,4581.0000,4580.8000,4589.6000,4589.8000,4590.0000,4590.6000,4591.0000,1,1,1,3,1,1,2,1,2,3
SF,IF2103,2020-10-27 09:30:09.200,4588.6000,24700,0,72929580.000,0,-,-,-,-,4588.0000,4586.6000,4586.4000,4585.0000,4581.0000,4589.6000,4589.8000,4590.0000,4590.6000,4591.0000,2,1,1,1,3,2,1,1,2,3
SF,IF2103,2020-10-27 09:30:09.700,4588.0000,24698,-2,75682380.000,2,0,2,双平,S,4586.6000,4585.0000,4581.0000,4580.8000,4579.8000,4589.2000,4589.4000,4589.6000,4589.8000,4590.6000,1,1,3,1,1,1,1,2,1,2
SF,IF2103,2020-10-27 09:30:10.200,4588.0000,24698,0,75682380.000,0,-,-,-,-,4588.0000,4586.6000,4585.0000,4581.0000,4580.8000,4588.8000,4589.0000,4589.2000,4589.8000,4591.0000,1,1,1,3,1,1,5,3,1,3
SF,IF2103,2020-10-27 09:30:10.700,4588.0000,24698,0,77058780.000,1,0,1,多换,S,4586.6000,4585.0000,4581.0000,4580.8000,4579.8000,4587.8000,4589.0000,4589.2000,4589.8000,4591.0000,1,1,3,1,1,2,2,1,1,3
SF,IF2103,2020-10-27 09:30:11.200,4588.0000,24698,0,77058780.000,0,-,-,-,-,4586.8000,4586.6000,4585.0000,4581.0000,4580.8000,4587.6000,4589.0000,4589.8000,4591.0000,4594.8000,1,1,1,3,1,1,2,1,3,2
SF,IF2103,2020-10-27 09:30:11.700,4588.0000,24698,0,77058780.000,0,-,-,-,-,4586.6000,4585.0000,4581.0000,4580.8000,4579.8000,4587.6000,4588.0000,4589.0000,4589.8000,4591.0000,1,1,3,1,1,1,2,2,1,3
SF,IF2103,2020-10-27 09:30:12.200,4588.0000,24698,0,77058780.000,0,-,-,-,-,4581.0000,4580.8000,4579.8000,4575.0000,4574.0000,4587.6000,4588.0000,4589.0000,4589.8000,4591.0000,3,1,1,1,1,1,2,2,1,3
SF,IF2103,2020-10-27 09:30:12.700,4588.0000,24698,0,77058780.000,0,-,-,-,-,4584.8000,4584.4000,4583.8000,4582.6000,4581.4000,4587.4000,4587.6000,4588.0000,4589.0000,4589.8000,2,1,1,2,2,1,1,2,2,1
SF,IF2103,2020-10-27 09:30:13.200,4588.0000,24698,0,77058780.000,0,-,-,-,-,4585.2000,4583.8000,4582.6000,4581.4000,4581.0000,4587.4000,4588.0000,4589.0000,4589.8000,4591.0000,1,3,2,1,4,3,2,1,1,3
SF,IF2103,2020-10-27 09:30:13.700,4588.0000,24698,0,77058780.000,0,-,-,-,-,4585.0000,4583.8000,4582.6000,4581.4000,4581.0000,4587.2000,4587.4000,4588.0000,4589.0000,4589.8000,1,1,1,1,3,1,2,2,1,1
SF,IF2103,2020-10-27 09:30:14.200,4588.0000,24698,0,77058780.000,0,-,-,-,-,4585.2000,4585.0000,4583.8000,4581.4000,4581.0000,4587.0000,4587.2000,4587.4000,4588.0000,4589.0000,4,1,1,1,3,1,1,1,2,1
SF,IF2103,2020-10-27 09:30:14.700,4585.2000,24694,-4,82561020.000,4,0,4,双平,S,4585.0000,4583.8000,4581.4000,4581.0000,4579.8000,4586.8000,4587.0000,4587.4000,4588.0000,4589.0000,1,1,1,3,1,1,2,1,2,1
SF,IF2103,2020-10-27 09:30:15.200,4585.2000,24694,0,82561020.000,0,-,-,-,-,4583.8000,4581.4000,4581.0000,4579.8000,4575.0000,4586.8000,4587.0000,4587.4000,4588.0000,4589.0000,1,1,3,1,1,2,1,1,2,1
SF,IF2103,2020-10-27 09:30:15.700,4585.2000,24694,0,82561020.000,0,-,-,-,-,4583.8000,4581.4000,4581.0000,4579.8000,4575.0000,4586.6000,4586.8000,4587.4000,4588.0000,4589.0000,1,1,3,1,1,2,1,1,2,1
SF,IF2103,2020-10-27 09:30:16.200,4585.2000,24694,0,82561020.000,0,-,-,-,-,4583.8000,4581.4000,4581.0000,4579.8000,4575.0000,4585.0000,4586.4000,4586.6000,4587.4000,4588.0000,1,1,3,1,1,1,2,2,1,2
SF,IF2103,2020-10-27 09:30:16.700,4585.2000,24694,0,82561020.000,0,-,-,-,-,4581.4000,4581.0000,4579.8000,4575.0000,4574.0000,4585.0000,4586.4000,4586.6000,4587.4000,4588.0000,1,3,1,1,1,2,1,4,1,2
SF,IF2103,2020-10-27 09:30:17.200,4585.2000,24694,0,82561020.000,0,-,-,-,-,4583.8000,4582.6000,4581.8000,4581.6000,4581.4000,4584.8000,4585.0000,4586.6000,4587.4000,4588.0000,1,2,2,1,1,1,2,3,1,2
SF,IF2103,2020-10-27 09:30:17.700,4585.2000,24694,0,82561020.000,0,-,-,-,-,4582.6000,4581.8000,4581.6000,4581.4000,4581.0000,4584.8000,4585.0000,4586.6000,4587.0000,4587.4000,1,2,3,1,3,1,1,3,1,1
SF,IF2103,2020-10-27 09:30:18.200,4585.2000,24694,0,82561020.000,0,-,-,-,-,4583.8000,4583.0000,4582.6000,4581.8000,4581.6000,4584.6000,4584.8000,4585.0000,4586.6000,4587.0000,1,1,1,1,2,1,1,1,3,1
SF,IF2103,2020-10-27 09:30:18.700,4585.2000,24694,0,82561020.000,0,-,-,-,-,4584.0000,4583.0000,4582.8000,4582.6000,4581.8000,4584.6000,4585.0000,4586.6000,4587.0000,4587.4000,1,1,3,1,1,1,1,3,1,1
SF,IF2103,2020-10-27 09:30:19.200,4585.2000,24694,0,82561020.000,0,-,-,-,-,4583.0000,4582.8000,4581.8000,4581.4000,4581.0000,4584.6000,4585.0000,4586.6000,4587.0000,4587.4000,1,2,1,1,3,1,1,3,1,1
SF,IF2103,2020-10-27 09:30:19.700,4584.8000,24693,-1,83936460.000,1,0,1,双平,S,4583.2000,4583.0000,4582.8000,4581.8000,4581.4000,4585.0000,4586.6000,4587.0000,4587.4000,4589.0000,1,1,1,1,1,1,3,1,1,1
SF,IF2103,2020-10-27 09:30:20.200,4584.8000,24693,0,83936460.000,0,-,-,-,-,4583.4000,4583.2000,4583.0000,4582.8000,4581.8000,4585.0000,4586.6000,4587.0000,4587.4000,4589.0000,1,1,1,1,1,2,3,1,1,1
SF,IF2103,2020-10-27 09:30:20.700,4584.8000,24692,-1,85311900.000,1,0,1,双平,S,4583.6000,4583.2000,4582.8000,4581.8000,4581.4000,4585.0000,4586.6000,4587.0000,4587.4000,4589.0000,1,1,1,1,1,2,3,1,1,1
SF,IF2103,2020-10-27 09:30:21.200,4584.8000,24692,0,85311900.000,0,-,-,-,-,4583.2000,4582.8000,4581.8000,4581.4000,4581.0000,4585.0000,4586.6000,4587.0000,4587.4000,4589.0000,1,1,1,1,3,2,3,1,1,1
SF,IF2103,2020-10-27 09:30:21.700,4584.8000,24692,0,85311900.000,0,-,-,-,-,4583.4000,4583.2000,4582.8000,4581.8000,4581.4000,4585.0000,4586.6000,4587.0000,4587.4000,4589.0000,1,1,1,1,1,2,3,1,1,1
SF,IF2103,2020-10-27 09:30:22.200,4584.8000,24692,0,85311900.000,0,-,-,-,-,4583.6000,4583.2000,4582.8000,4581.8000,4581.4000,4585.0000,4586.6000,4587.0000,4587.4000,4589.0000,1,1,1,1,1,2,3,1,1,1
SF,IF2103,2020-10-27 09:30:22.700,4584.8000,24692,0,85311900.000,0,-,-,-,-,4583.8000,4583.2000,4582.8000,4581.8000,4581.4000,4585.0000,4586.6000,4587.0000,4587.4000,4589.0000,1,1,1,1,1,1,3,1,1,1
SF,IF2103,2020-10-27 09:30:23.200,4585.0000,24691,-1,86687400.000,1,0,1,双平,S,4583.2000,4582.8000,4581.8000,4581.4000,4581.0000,4586.6000,4587.0000,4587.4000,4589.0000,4590.0000,1,1,1,1,3,3,1,1,1,1
SF,IF2103,2020-10-27 09:30:23.700,4583.6000,24690,-1,88062480.000,1,0,1,双平,S,4583.4000,4583.2000,4583.0000,4582.8000,4581.4000,4586.4000,4586.6000,4587.0000,4587.4000,4589.0000,1,2,1,1,1,1,3,1,1,1
SF,IF2103,2020-10-27 09:30:24.200,4583.6000,24690,0,88062480.000,0,-,-,-,-,4583.8000,4583.6000,4583.4000,4583.0000,4582.8000,4586.4000,4586.6000,4587.0000,4587.4000,4589.0000,1,1,2,1,1,1,2,1,1,1
SF,IF2103,2020-10-27 09:30:24.700,4583.6000,24690,0,88062480.000,0,-,-,-,-,4583.8000,4583.6000,4583.4000,4583.0000,4582.8000,4586.4000,4586.6000,4587.0000,4587.4000,4589.0000,2,1,1,1,1,1,2,1,1,1
SF,IF2103,2020-10-27 09:30:25.200,4583.6000,24690,0,88062480.000,0,-,-,-,-,4584.2000,4583.8000,4583.6000,4583.4000,4583.0000,4586.4000,4586.6000,4587.0000,4587.4000,4589.0000,1,2,1,1,1,1,2,1,1,1
SF,IF2103,2020-10-27 09:30:25.700,4583.6000,24690,0,88062480.000,0,-,-,-,-,4584.2000,4583.8000,4583.6000,4583.4000,4583.0000,4586.4000,4586.6000,4587.0000,4587.4000,4589.0000,2,1,1,1,1,1,2,1,1,1
SF,IF2103,2020-10-27 09:30:26.200,4584.4000,24689,-1,92189700.000,3,1,2,多平,S,4584.4000,4584.2000,4583.8000,4583.6000,4583.4000,4586.6000,4587.0000,4587.4000,4589.0000,4590.0000,1,2,1,1,1,1,1,1,1,1
SF,IF2103,2020-10-27 09:30:26.700,4584.4000,24689,0,92189700.000,0,-,-,-,-,4584.6000,4584.4000,4584.2000,4583.8000,4583.6000,4586.6000,4587.0000,4587.4000,4589.0000,4590.0000,5,4,2,1,1,1,1,1,1,1
SF,IF2103,2020-10-27 09:30:27.200,4584.4000,24689,0,92189700.000,0,-,-,-,-,4584.8000,4584.6000,4584.4000,4584.2000,4583.8000,4586.6000,4587.0000,4587.4000,4589.0000,4590.0000,4,2,2,2,1,1,1,1,1,1
SF,IF2103,2020-10-27 09:30:27.700,4586.6000,24689,0,93565680.000,1,0,1,多换,S,4585.0000,4584.8000,4584.2000,4583.8000,4583.4000,4587.0000,4587.4000,4589.0000,4590.0000,4591.0000,4,4,1,1,1,1,1,1,1,3
SF,IF2103,2020-10-27 09:30:28.200,4586.6000,24689,0,93565680.000,0,-,-,-,-,4585.2000,4585.0000,4584.8000,4584.2000,4583.8000,4587.0000,4587.4000,4589.0000,4590.0000,4591.0000,7,3,1,1,1,1,1,1,1,3
SF,IF2103,2020-10-27 09:30:28.700,4587.4000,24687,-2,96318000.000,2,0,2,双平,S,4585.8000,4585.6000,4585.4000,4585.2000,4585.0000,4589.0000,4590.0000,4591.0000,4593.8000,4595.0000,1,2,1,3,3,1,1,3,1,1
SF,IF2103,2020-10-27 09:30:29.200,4587.4000,24687,0,96318000.000,0,-,-,-,-,4587.0000,4586.0000,4585.8000,4585.6000,4585.0000,4589.0000,4590.0000,4591.0000,4593.8000,4595.0000,1,4,2,2,2,1,1,3,1,1
SF,IF2103,2020-10-27 09:30:29.700,4587.0000,24684,-3,100446420.000,3,0,3,双平,S,4585.4000,4585.0000,4584.8000,4584.2000,4583.4000,4588.8000,4589.0000,4590.0000,4591.0000,4593.8000,1,2,1,1,1,3,1,1,3,1
SF,IF2103,2020-10-27 09:30:30.200,4587.0000,24684,0,100446420.000,0,-,-,-,-,4585.6000,4585.4000,4585.0000,4584.2000,4583.4000,4588.8000,4589.0000,4590.0000,4591.0000,4593.8000,3,1,2,1,1,1,1,1,3,1
SF,IF2103,2020-10-27 09:30:30.700,4587.0000,24684,0,100446420.000,0,-,-,-,-,4585.8000,4585.6000,4585.4000,4585.0000,4584.2000,4588.8000,4589.0000,4590.0000,4591.0000,4593.8000,2,1,1,2,1,1,1,1,3,1
SF,IF2103,2020-10-27 09:30:31.200,4587.0000,24684,0,100446420.000,0,-,-,-,-,4586.2000,4585.8000,4585.6000,4585.4000,4585.0000,4588.8000,4589.0000,4590.0000,4591.0000,4593.8000,1,4,1,1,1,2,1,1,3,1
SF,IF2103,2020-10-27 09:30:31.700,4587.0000,24684,0,100446420.000,0,-,-,-,-,4585.6000,4585.0000,4584.2000,4583.4000,4583.0000,4586.8000,4588.8000,4589.0000,4590.0000,4591.0000,1,1,1,1,1,1,4,1,1,3
SF,IF2103,2020-10-27 09:30:32.200,4587.0000,24684,0,100446420.000,0,-,-,-,-,4585.8000,4585.6000,4585.0000,4584.2000,4583.4000,4586.6000,4586.8000,4588.8000,4589.0000,4590.0000,1,1,1,1,1,1,1,4,1,1
SF,IF2103,2020-10-27 09:30:32.700,4587.0000,24684,0,100446420.000,0,-,-,-,-,4585.6000,4585.0000,4584.2000,4583.4000,4583.0000,4586.6000,4586.8000,4588.8000,4589.0000,4590.0000,1,1,1,1,1,2,1,3,1,1
SF,IF2103,2020-10-27 09:30:33.200,4587.0000,24683,-1,101822520.000,1,0,1,双平,S,4585.6000,4585.0000,4584.2000,4583.4000,4583.0000,4586.6000,4586.8000,4588.8000,4589.0000,4590.0000,1,1,1,1,1,1,1,3,1,1
SF,IF2103,2020-10-27 09:30:33.700,4587.0000,24683,0,101822520.000,0,-,-,-,-,4584.2000,4583.4000,4581.0000,4579.8000,4575.0000,4586.6000,4586.8000,4588.8000,4589.0000,4590.0000,1,1,3,1,1,1,1,3,1,1
SF,IF2103,2020-10-27 09:30:34.200,4587.0000,24683,0,101822520.000,0,-,-,-,-,4585.8000,4585.0000,4584.2000,4583.4000,4581.0000,4586.4000,4586.8000,4588.8000,4589.0000,4590.0000,1,1,1,1,3,1,1,2,1,1
SF,IF2103,2020-10-27 09:30:34.700,4587.0000,24683,0,101822520.000,0,-,-,-,-,4586.4000,4585.8000,4585.0000,4584.2000,4583.4000,4586.8000,4588.8000,4589.0000,4590.0000,4591.0000,1,1,1,1,1,1,2,1,1,3
SF,IF2103,2020-10-27 09:30:35.200,4586.4000,24682,-1,103198440.000,1,0,1,双平,S,4585.0000,4584.2000,4583.4000,4581.0000,4579.8000,4586.8000,4588.8000,4589.0000,4590.0000,4591.0000,1,1,1,3,1,1,2,1,1,3
SF,IF2103,2020-10-27 09:30:35.700,4586.4000,24682,0,103198440.000,0,-,-,-,-,4585.0000,4584.2000,4583.4000,4581.0000,4579.8000,4586.8000,4588.8000,4589.0000,4590.0000,4591.0000,1,1,1,3,1,2,2,1,1,3
SF,IF2103,2020-10-27 09:30:36.200,4586.4000,24682,0,103198440.000,0,-,-,-,-,4585.0000,4584.2000,4583.4000,4581.0000,4579.8000,4586.8000,4588.8000,4589.0000,4590.0000,4591.0000,1,1,1,3,1,1,2,1,1,3
SF,IF2103,2020-10-27 09:30:36.700,4586.4000,24682,0,103198440.000,0,-,-,-,-,4585.0000,4584.2000,4583.4000,4581.0000,4579.8000,4586.8000,4588.8000,4589.0000,4590.0000,4591.0000,1,1,1,3,1,2,2,1,1,3
SF,IF2103,2020-10-27 09:30:37.700,4586.4000,24682,0,103198440.000,0,-,-,-,-,4585.2000,4585.0000,4584.2000,4583.4000,4581.0000,4586.8000,4588.8000,4589.0000,4590.0000,4591.0000,3,1,1,1,3,2,2,1,1,3
SF,IF2103,2020-10-27 09:30:38.200,4586.4000,24682,0,103198440.000,0,-,-,-,-,4585.2000,4585.0000,4584.2000,4583.4000,4581.0000,4586.8000,4588.8000,4589.0000,4590.0000,4591.0000,6,1,1,1,3,2,2,1,1,3
SF,IF2103,2020-10-27 09:30:38.700,4585.4000,24681,-1,105950100.000,2,0,2,多平,S,4585.2000,4585.0000,4584.2000,4583.4000,4581.0000,4588.8000,4589.0000,4590.0000,4591.0000,4593.8000,6,1,1,1,3,2,1,1,3,1
SF,IF2103,2020-10-27 09:30:39.200,4585.4000,24681,0,105950100.000,0,-,-,-,-,4586.0000,4585.6000,4585.4000,4585.2000,4585.0000,4588.0000,4588.2000,4588.6000,4588.8000,4589.0000,2,2,1,1,1,2,1,1,3,1
SF,IF2103,2020-10-27 09:30:39.700,4585.4000,24681,0,105950100.000,0,-,-,-,-,4586.2000,4585.4000,4585.2000,4585.0000,4584.2000,4587.8000,4588.8000,4589.0000,4590.0000,4593.8000,1,1,1,1,1,1,3,2,1,1
SF,IF2103,2020-10-27 09:30:40.200,4587.8000,24681,0,107326440.000,1,0,1,多换,S,4586.4000,4585.4000,4585.2000,4585.0000,4584.2000,4589.0000,4590.0000,4593.8000,4595.0000,4596.0000,2,1,1,1,1,2,1,1,1,3
SF,IF2103,2020-10-27 09:30:40.700,4587.8000,24681,0,107326440.000,0,-,-,-,-,4586.6000,4586.4000,4585.6000,4585.4000,4585.2000,4589.0000,4590.0000,4593.8000,4595.0000,4596.0000,1,1,1,1,1,2,1,1,1,3
SF,IF2103,2020-10-27 09:30:41.200,4587.8000,24681,0,107326440.000,0,-,-,-,-,4586.6000,4586.4000,4585.6000,4585.4000,4585.2000,4588.8000,4589.0000,4590.0000,4593.8000,4595.0000,1,1,1,1,1,1,2,1,1,1
SF,IF2103,2020-10-27 09:30:41.700,4588.6000,24680,-1,108703020.000,1,0,1,双平,S,4587.0000,4586.6000,4585.6000,4585.4000,4585.2000,4589.0000,4590.0000,4593.8000,4595.0000,4596.0000,1,1,1,1,1,2,1,1,1,3
SF,IF2103,2020-10-27 09:30:42.200,4588.6000,24680,0,108703020.000,0,-,-,-,-,4587.2000,4585.6000,4585.4000,4585.2000,4585.0000,4588.8000,4589.0000,4590.0000,4593.8000,4595.0000,1,1,1,1,1,1,1,1,1,1
SF,IF2103,2020-10-27 09:30:42.700,4588.6000,24680,0,108703020.000,0,-,-,-,-,4585.6000,4585.4000,4585.2000,4585.0000,4584.2000,4588.8000,4589.0000,4590.0000,4593.8000,4595.0000,1,1,1,1,1,2,1,1,1,1
SF,IF2103,2020-10-27 09:30:43.200,4588.6000,24680,0,108703020.000,0,-,-,-,-,4587.0000,4586.4000,4585.6000,4585.4000,4585.2000,4588.8000,4589.0000,4590.0000,4593.8000,4595.0000,1,1,1,1,1,1,1,1,1,1
SF,IF2103,2020-10-27 09:30:43.700,4588.6000,24680,0,108703020.000,0,-,-,-,-,4585.6000,4585.4000,4585.2000,4585.0000,4584.2000,4588.6000,4588.8000,4589.0000,4590.0000,4593.8000,1,1,1,1,1,4,5,1,1,1
SF,IF2103,2020-10-27 09:30:44.200,4588.6000,24680,0,108703020.000,0,-,-,-,-,4585.2000,4585.0000,4584.2000,4583.4000,4581.0000,4588.4000,4589.0000,4590.0000,4593.8000,4595.0000,1,1,1,1,3,1,1,1,1,1
SF,IF2103,2020-10-27 09:30:44.700,4588.6000,24679,-1,110079600.000,1,0,1,双平,S,4586.2000,4585.8000,4585.6000,4585.4000,4585.2000,4589.0000,4590.0000,4593.8000,4595.0000,4596.0000,3,1,1,3,1,1,1,1,1,3
SF,IF2103,2020-10-27 09:30:45.200,4588.6000,24679,0,110079600.000,0,-,-,-,-,4586.6000,4586.4000,4586.2000,4585.8000,4585.6000,4589.0000,4590.0000,4593.8000,4595.0000,4596.0000,1,2,3,1,1,1,1,1,1,3
SF,IF2103,2020-10-27 09:30:45.700,4588.6000,24679,0,110079600.000,0,-,-,-,-,4586.8000,4586.6000,4586.4000,4586.2000,4585.8000,4589.0000,4590.0000,4593.8000,4595.0000,4596.0000,1,1,1,3,1,1,1,1,1,3
SF,IF2103,2020-10-27 09:30:46.200,4588.6000,24679,0,110079600.000,0,-,-,-,-,4586.8000,4586.6000,4586.4000,4586.2000,4585.8000,4587.8000,4589.0000,4590.0000,4593.8000,4595.0000,1,1,1,3,1,1,1,1,1,1
SF,IF2103,2020-10-27 09:30:46.700,4587.8000,24678,-1,111455940.000,1,0,1,双平,S,4586.6000,4586.4000,4585.2000,4585.0000,4584.2000,4587.8000,4589.0000,4590.0000,4593.8000,4595.0000,1,1,1,1,1,1,1,1,1,1
SF,IF2103,2020-10-27 09:30:47.200,4586.8000,24678,0,114208080.000,2,1,1,多换,S,4586.8000,4585.0000,4584.2000,4581.0000,4579.8000,4587.8000,4589.0000,4590.0000,4593.8000,4595.0000,2,1,1,3,1,1,1,1,1,1
SF,IF2103,2020-10-27 09:30:47.700,4586.8000,24677,-1,115584120.000,1,0,1,双平,S,4586.6000,4585.0000,4584.2000,4581.0000,4579.8000,4587.8000,4589.0000,4590.0000,4593.8000,4595.0000,1,1,1,3,1,1,1,1,1,1
SF,IF2103,2020-10-27 09:30:48.200,4586.8000,24677,0,115584120.000,0,-,-,-,-,4586.6000,4585.0000,4584.2000,4581.0000,4579.8000,4587.8000,4589.0000,4590.0000,4593.8000,4595.0000,1,1,1,3,1,1,1,1,1,1
SF,IF2103,2020-10-27 09:30:48.700,4586.6000,24676,-1,116960100.000,1,0,1,双平,S,4585.0000,4584.2000,4581.0000,4579.8000,4574.0000,4587.6000,4587.8000,4589.0000,4590.0000,4593.8000,1,1,3,1,1,1,1,1,1,1
SF,IF2103,2020-10-27 09:30:49.200,4586.6000,24676,0,116960100.000,0,-,-,-,-,4585.2000,4585.0000,4584.2000,4581.0000,4579.8000,4587.6000,4589.0000,4590.0000,4593.8000,4595.0000,1,1,1,3,1,1,1,1,1,1
SF,IF2103,2020-10-27 09:30:49.700,4586.6000,24676,0,116960100.000,0,-,-,-,-,4586.0000,4585.2000,4584.2000,4581.0000,4579.8000,4587.6000,4589.0000,4590.0000,4593.8000,4595.0000,1,1,1,3,1,1,1,1,1,1
SF,IF2103,2020-10-27 09:30:50.200,4586.6000,24676,0,116960100.000,0,-,-,-,-,4586.0000,4585.2000,4584.2000,4581.0000,4579.8000,4587.4000,4587.6000,4589.0000,4590.0000,4593.8000,1,1,1,3,1,1,1,1,1,1
SF,IF2103,2020-10-27 09:30:50.700,4586.6000,24676,0,116960100.000,0,-,-,-,-,4586.0000,4585.2000,4584.2000,4581.0000,4579.8000,4587.2000,4587.4000,4589.0000,4590.0000,4593.8000,1,1,1,3,1,1,1,1,1,1
SF,IF2103,2020-10-27 09:30:51.200,4586.6000,24676,0,116960100.000,0,-,-,-,-,4586.0000,4585.2000,4584.2000,4581.0000,4579.8000,4587.2000,4589.0000,4590.0000,4593.8000,4595.0000,1,1,1,3,1,1,1,1,1,1
SF,IF2103,2020-10-27 09:30:52.700,4586.6000,24676,0,116960100.000,0,-,-,-,-,4586.0000,4585.2000,4584.2000,4581.0000,4579.8000,4587.2000,4589.0000,4590.0000,4593.8000,4595.0000,1,1,1,3,1,1,1,1,1,1
SF,IF2103,2020-10-27 09:30:53.200,4587.2000,24675,-1,118336260.000,1,0,1,双平,S,4586.0000,4585.2000,4585.0000,4584.2000,4581.0000,4587.0000,4589.0000,4590.0000,4593.8000,4595.0000,2,1,1,1,3,1,1,1,1,1
SF,IF2103,2020-10-27 09:30:53.700,4587.2000,24675,0,119712420.000,1,0,1,多换,S,4587.0000,4586.2000,4586.0000,4585.2000,4585.0000,4589.0000,4590.0000,4593.8000,4595.0000,4596.0000,1,1,2,1,1,1,1,1,1,3
SF,IF2103,2020-10-27 09:30:54.200,4587.2000,24675,0,119712420.000,0,-,-,-,-,4587.2000,4587.0000,4586.2000,4586.0000,4585.0000,4588.8000,4589.0000,4590.0000,4593.8000,4595.0000,2,2,3,1,1,1,1,1,1,1
SF,IF2103,2020-10-27 09:30:54.700,4587.2000,24675,0,119712420.000,0,-,-,-,-,4587.2000,4587.0000,4586.2000,4586.0000,4585.0000,4588.6000,4589.0000,4590.0000,4593.8000,4595.0000,2,1,3,1,1,1,1,1,1,1
SF,IF2103,2020-10-27 09:30:55.200,4587.2000,24675,0,119712420.000,0,-,-,-,-,4587.2000,4586.2000,4586.0000,4585.0000,4584.2000,4588.4000,4589.0000,4590.0000,4593.8000,4595.0000,1,3,1,1,1,1,1,1,1,1
SF,IF2103,2020-10-27 09:30:55.700,4587.2000,24675,0,119712420.000,0,-,-,-,-,4586.6000,4586.2000,4586.0000,4585.0000,4581.0000,4587.2000,4589.0000,4590.0000,4593.8000,4595.0000,1,3,1,1,3,1,1,1,1,1
SF,IF2103,2020-10-27 09:30:56.200,4587.2000,24674,-1,121088580.000,1,0,1,双平,S,4587.2000,4586.6000,4586.2000,4586.0000,4585.0000,4589.0000,4590.0000,4593.8000,4595.0000,4596.0000,1,1,3,1,1,1,1,1,1,3
SF,IF2103,2020-10-27 09:30:56.700,4588.8000,24673,-1,122465220.000,1,0,1,双平,S,4587.4000,4587.2000,4586.6000,4586.2000,4586.0000,4589.0000,4590.0000,4593.8000,4595.0000,4596.0000,1,1,1,3,1,1,1,1,1,3
SF,IF2103,2020-10-27 09:30:57.200,4588.8000,24673,0,122465220.000,0,-,-,-,-,4587.4000,4587.2000,4586.6000,4586.0000,4585.0000,4589.0000,4590.0000,4593.8000,4595.0000,4596.0000,1,1,1,1,1,1,1,1,1,3
SF,IF2103,2020-10-27 09:30:57.700,4588.8000,24673,0,122465220.000,0,-,-,-,-,4587.4000,4586.6000,4586.0000,4585.0000,4583.8000,4588.8000,4589.0000,4590.0000,4593.8000,4595.0000,2,1,1,1,2,1,1,1,1,1
SF,IF2103,2020-10-27 09:30:58.200,4588.8000,24672,-1,123841860.000,1,0,1,双平,S,4588.4000,4587.4000,4586.6000,4586.0000,4585.0000,4589.0000,4590.0000,4593.8000,4595.0000,4596.0000,1,1,1,1,1,1,1,1,1,3
SF,IF2103,2020-10-27 09:30:58.700,4588.4000,24673,1,125218380.000,1,1,0,双开,S,4587.4000,4586.6000,4586.0000,4585.0000,4583.8000,4588.2000,4589.0000,4590.0000,4593.8000,4595.0000,1,1,1,1,2,1,1,1,1,1
SF,IF2103,2020-10-27 09:30:59.200,4588.4000,24673,0,126594900.000,1,0,1,多换,S,4587.4000,4586.6000,4586.0000,4585.0000,4583.8000,4589.0000,4590.0000,4593.8000,4595.0000,4596.0000,1,1,1,1,2,1,1,1,1,3
SF,IF2103,2020-10-27 09:30:59.700,4588.4000,24673,0,126594900.000,0,-,-,-,-,4586.6000,4586.0000,4585.0000,4583.8000,4581.0000,4588.8000,4589.0000,4590.0000,4593.8000,4595.0000,1,1,1,2,3,1,1,1,1,1
SF,IF2103,2020-10-27 09:31:00.200,4588.4000,24673,0,126594900.000,0,-,-,-,-,4586.8000,4586.6000,4586.0000,4585.0000,4583.8000,4588.8000,4589.0000,4590.0000,4593.8000,4595.0000,1,1,1,1,2,2,1,1,1,1
SF,IF2103,2020-10-27 09:31:00.700,4588.4000,24673,0,126594900.000,0,-,-,-,-,4586.8000,4586.6000,4586.0000,4585.0000,4583.8000,4588.6000,4588.8000,4589.0000,4590.0000,4593.8000,1,1,1,1,2,2,1,1,1,1
SF,IF2103,2020-10-27 09:31:01.200,4588.4000,24673,0,126594900.000,0,-,-,-,-,4587.2000,4586.8000,4586.6000,4586.0000,4585.0000,4588.6000,4588.8000,4589.0000,4590.0000,4593.8000,1,1,1,1,1,2,1,1,1,1
SF,IF2103,2020-10-27 09:31:01.700,4588.4000,24673,0,126594900.000,0,-,-,-,-,4586.8000,4586.6000,4586.0000,4585.0000,4583.8000,4588.6000,4588.8000,4589.0000,4590.0000,4593.8000,1,1,1,2,2,2,1,1,1,1
SF,IF2103,2020-10-27 09:31:02.200,4588.4000,24673,0,126594900.000,0,-,-,-,-,4587.0000,4586.8000,4586.6000,4586.0000,4585.0000,4588.6000,4588.8000,4589.0000,4590.0000,4593.8000,1,1,1,1,2,1,1,1,1,1
SF,IF2103,2020-10-27 09:31:02.700,4588.4000,24673,0,126594900.000,0,-,-,-,-,4587.2000,4586.8000,4586.6000,4586.0000,4585.0000,4588.6000,4588.8000,4589.0000,4590.0000,4593.8000,1,1,1,1,2,1,1,1,1,1
SF,IF2103,2020-10-27 09:31:03.200,4588.4000,24673,0,126594900.000,0,-,-,-,-,4587.4000,4587.2000,4586.8000,4586.6000,4586.0000,4588.4000,4588.8000,4589.0000,4590.0000,4593.8000,2,1,1,1,1,1,1,1,1,1
SF,IF2103,2020-10-27 09:31:03.700,4588.4000,24672,-1,127971420.000,1,0,1,双平,S,4587.4000,4587.2000,4586.8000,4586.6000,4586.0000,4588.8000,4589.0000,4590.0000,4593.8000,4595.0000,3,1,1,1,1,1,1,1,1,1
SF,IF2103,2020-10-27 09:31:04.200,4588.8000,24671,-1,129348060.000,1,0,1,双平,S,4587.6000,4587.4000,4586.8000,4586.6000,4586.0000,4589.0000,4590.0000,4593.8000,4595.0000,4596.0000,2,3,1,1,1,1,1,1,1,3
SF,IF2103,2020-10-27 09:31:04.700,4589.0000,24669,-2,132101460.000,2,0,2,双平,S,4587.8000,4587.6000,4587.4000,4586.8000,4586.6000,4589.0000,4589.8000,4590.0000,4593.8000,4595.0000,4,2,2,1,1,2,1,1,1,1
SF,IF2103,2020-10-27 09:31:05.200,4589.0000,24669,0,132101460.000,0,-,-,-,-,4588.2000,4587.8000,4587.6000,4587.4000,4587.0000,4589.0000,4589.8000,4590.0000,4593.8000,4594.4000,1,4,1,2,1,2,1,1,1,3
SF,IF2103,2020-10-27 09:31:05.700,4589.0000,24669,0,132101460.000,0,-,-,-,-,4587.6000,4587.4000,4587.0000,4586.8000,4586.6000,4589.0000,4589.8000,4590.0000,4593.8000,4594.4000,1,2,1,1,1,2,1,1,1,3
SF,IF2103,2020-10-27 09:31:06.200,4589.0000,24669,0,132101460.000,0,-,-,-,-,4587.6000,4587.4000,4587.0000,4586.8000,4586.6000,4589.0000,4589.8000,4590.0000,4593.8000,4594.4000,1,1,1,1,1,2,1,1,1,3
SF,IF2103,2020-10-27 09:31:06.700,4589.0000,24669,0,132101460.000,0,-,-,-,-,4587.0000,4586.8000,4586.6000,4586.0000,4585.0000,4589.0000,4589.8000,4590.0000,4593.8000,4594.4000,1,1,1,1,2,2,1,1,1,3
SF,IF2103,2020-10-27 09:31:07.200,4589.0000,24669,0,132101460.000,0,-,-,-,-,4587.2000,4587.0000,4586.6000,4586.0000,4585.0000,4588.8000,4589.0000,4589.8000,4590.0000,4593.8000,1,1,1,1,2,3,2,1,1,1
SF,IF2103,2020-10-27 09:31:07.700,4589.0000,24669,0,132101460.000,0,-,-,-,-,4587.2000,4587.0000,4586.6000,4586.0000,4585.0000,4588.8000,4589.0000,4589.8000,4590.0000,4593.8000,1,1,1,1,2,3,2,1,1,1
SF,IF2103,2020-10-27 09:31:08.200,4589.0000,24669,0,132101460.000,0,-,-,-,-,4587.2000,4587.0000,4586.6000,4586.0000,4585.0000,4588.8000,4589.0000,4589.8000,4590.0000,4593.8000,1,1,1,1,2,3,2,1,1,1
SF,IF2103,2020-10-27 09:31:08.700,4589.0000,24669,0,132101460.000,0,-,-,-,-,4587.2000,4587.0000,4586.6000,4586.0000,4585.0000,4588.8000,4589.0000,4589.8000,4590.0000,4593.8000,1,1,1,1,2,2,2,1,1,1
SF,IF2103,2020-10-27 09:31:09.200,4589.0000,24669,0,132101460.000,0,-,-,-,-,4587.4000,4587.2000,4587.0000,4586.6000,4586.0000,4588.8000,4589.0000,4589.8000,4590.0000,4593.8000,1,2,1,1,1,2,2,1,1,1
SF,IF2103,2020-10-27 09:31:09.700,4589.0000,24665,-4,137608140.000,4,0,4,双平,S,4587.6000,4587.4000,4587.2000,4587.0000,4586.6000,4589.8000,4590.0000,4593.8000,4594.4000,4595.0000,2,1,1,1,1,1,1,1,3,1
SF,IF2103,2020-10-27 09:31:10.200,4589.0000,24665,0,137608140.000,0,-,-,-,-,4588.0000,4587.8000,4587.6000,4587.0000,4586.6000,4589.0000,4589.8000,4590.0000,4593.8000,4594.4000,3,2,1,1,1,1,1,1,1,3
SF,IF2103,2020-10-27 09:31:10.700,4589.0000,24665,0,138984840.000,1,0,1,多换,S,4588.2000,4588.0000,4587.6000,4587.0000,4586.6000,4589.8000,4590.0000,4593.8000,4594.4000,4595.0000,3,3,1,1,1,1,1,1,3,1
SF,IF2103,2020-10-27 09:31:11.200,4589.8000,24665,0,140361780.000,1,0,1,多换,S,4589.0000,4588.8000,4588.6000,4588.4000,4588.2000,4590.0000,4593.8000,4594.4000,4595.0000,4596.2000,1,1,2,1,8,1,1,3,1,1
SF,IF2103,2020-10-27 09:31:11.700,4589.8000,24665,0,140361780.000,0,-,-,-,-,4588.8000,4588.2000,4587.6000,4587.0000,4586.6000,4590.0000,4593.8000,4594.4000,4595.0000,4596.2000,3,1,1,1,1,1,1,3,1,1
SF,IF2103,2020-10-27 09:31:12.200,4588.2000,24661,-4,145868160.000,4,0,4,双平,S,4587.6000,4587.0000,4586.6000,4586.0000,4585.2000,4588.0000,4590.0000,4593.8000,4594.4000,4595.0000,1,1,1,1,1,5,1,1,3,1
SF,IF2103,2020-10-27 09:31:12.700,4588.0000,24654,-7,155502960.000,7,0,7,双平,S,4588.2000,4588.0000,4587.6000,4587.0000,4586.6000,4590.0000,4593.8000,4594.4000,4595.0000,4596.2000,1,4,3,1,1,1,1,3,1,1
SF,IF2103,2020-10-27 09:31:13.200,4590.0000,24653,-1,158256960.000,2,0,2,多平,S,4588.2000,4588.0000,4587.0000,4586.6000,4586.0000,4589.8000,4590.0000,4593.8000,4594.4000,4595.0000,1,1,1,1,1,1,1,1,3,1
SF,IF2103,2020-10-27 09:31:13.700,4590.0000,24653,0,158256960.000,0,-,-,-,-,4588.2000,4587.0000,4586.6000,4586.0000,4585.2000,4593.8000,4594.4000,4595.0000,4596.2000,4599.0000,4,1,1,1,1,1,3,1,1,5
SF,IF2103,2020-10-27 09:31:14.200,4590.0000,24653,0,158256960.000,0,-,-,-,-,4588.4000,4588.2000,4587.0000,4586.6000,4586.0000,4590.0000,4590.4000,4590.6000,4591.0000,4591.2000,2,4,1,1,1,4,2,1,2,1
SF,IF2103,2020-10-27 09:31:14.700,4590.0000,24653,0,158256960.000,0,-,-,-,-,4589.8000,4588.4000,4588.2000,4587.0000,4586.6000,4591.2000,4591.4000,4591.6000,4591.8000,4592.0000,3,2,1,1,1,1,1,2,1,1
SF,IF2103,2020-10-27 09:31:15.200,4588.4000,24652,-1,163764300.000,4,1,3,多平,S,4588.4000,4588.2000,4587.0000,4586.6000,4586.0000,4589.8000,4590.4000,4590.6000,4590.8000,4591.0000,1,1,1,1,1,1,4,1,4,1
SF,IF2103,2020-10-27 09:31:15.700,4588.4000,24652,0,163764300.000,0,-,-,-,-,4588.4000,4588.2000,4587.0000,4586.6000,4586.0000,4589.8000,4590.8000,4591.0000,4591.2000,4591.4000,4,1,1,1,1,1,4,1,1,1
SF,IF2103,2020-10-27 09:31:16.200,4588.4000,24652,0,163764300.000,0,-,-,-,-,4588.6000,4588.4000,4588.2000,4587.0000,4586.6000,4589.8000,4590.8000,4591.0000,4591.2000,4591.4000,2,4,1,1,1,1,4,1,1,1
SF,IF2103,2020-10-27 09:31:16.700,4588.4000,24652,0,163764300.000,0,-,-,-,-,4588.8000,4588.6000,4588.2000,4587.0000,4586.6000,4591.0000,4591.2000,4591.4000,4591.6000,4591.8000,1,1,1,1,1,1,1,1,2,1
SF,IF2103,2020-10-27 09:31:17.200,4588.4000,24652,0,163764300.000,0,-,-,-,-,4588.8000,4588.2000,4587.0000,4586.6000,4586.0000,4590.6000,4590.8000,4591.0000,4591.2000,4591.4000,4,1,1,1,1,6,1,2,1,1
SF,IF2103,2020-10-27 09:31:17.700,4588.4000,24652,0,163764300.000,0,-,-,-,-,4588.8000,4588.2000,4587.0000,4586.6000,4586.0000,4590.4000,4590.6000,4590.8000,4591.2000,4591.4000,4,1,1,1,1,5,5,1,1,1
SF,IF2103,2020-10-27 09:31:18.200,4588.4000,24652,0,163764300.000,0,-,-,-,-,4588.8000,4588.2000,4587.0000,4586.6000,4586.0000,4590.2000,4590.4000,4590.6000,4590.8000,4591.2000,3,1,1,1,1,7,4,1,1,1
SF,IF2103,2020-10-27 09:31:18.700,4588.8000,24652,0,167894220.000,3,1,2,多换,S,4588.2000,4587.0000,4586.6000,4586.0000,4585.2000,4589.8000,4590.0000,4590.2000,4590.4000,4590.6000,1,1,1,1,1,1,1,5,3,1
SF,IF2103,2020-10-27 09:31:19.200,4588.8000,24652,0,167894220.000,0,-,-,-,-,4588.2000,4587.0000,4586.6000,4586.0000,4585.2000,4589.6000,4589.8000,4590.0000,4590.2000,4590.4000,1,1,1,1,1,1,2,1,4,3
SF,IF2103,2020-10-27 09:31:19.700,4588.8000,24652,0,167894220.000,0,-,-,-,-,4588.4000,4588.2000,4587.0000,4586.6000,4586.0000,4589.8000,4590.4000,4590.6000,4590.8000,4591.2000,1,1,1,1,1,2,3,1,1,1
SF,IF2103,2020-10-27 09:31:20.200,4588.8000,24652,0,167894220.000,0,-,-,-,-,4588.4000,4588.2000,4587.0000,4586.6000,4586.0000,4589.8000,4590.4000,4590.6000,4590.8000,4591.2000,1,1,1,1,1,1,2,1,1,1
SF,IF2103,2020-10-27 09:31:20.700,4588.8000,24652,0,167894220.000,0,-,-,-,-,4588.6000,4588.4000,4588.2000,4587.0000,4586.6000,4589.8000,4590.4000,4590.6000,4590.8000,4591.2000,1,1,1,1,1,1,2,1,1,1
SF,IF2103,2020-10-27 09:31:21.200,4588.8000,24652,0,167894220.000,0,-,-,-,-,4589.0000,4588.4000,4588.2000,4587.0000,4586.6000,4589.8000,4590.4000,4590.6000,4590.8000,4591.2000,1,1,1,1,1,1,2,1,1,1
SF,IF2103,2020-10-27 09:31:21.700,4588.8000,24652,0,167894220.000,0,-,-,-,-,4589.6000,4589.0000,4588.4000,4588.2000,4587.0000,4589.8000,4590.4000,4590.6000,4590.8000,4591.2000,3,1,1,1,1,1,2,1,1,1
SF,IF2103,2020-10-27 09:31:22.200,4589.6000,24652,0,172024860.000,3,1,2,多换,S,4589.0000,4588.4000,4588.2000,4587.2000,4587.0000,4590.4000,4590.6000,4591.2000,4591.4000,4591.6000,1,1,1,1,1,2,1,1,1,2
SF,IF2103,2020-10-27 09:31:22.700,4589.6000,24652,0,172024860.000,0,-,-,-,-,4589.0000,4588.4000,4588.2000,4587.2000,4587.0000,4590.2000,4590.4000,4590.6000,4591.2000,4591.4000,1,1,1,1,1,2,2,1,1,1
SF,IF2103,2020-10-27 09:31:23.200,4589.6000,24652,0,172024860.000,0,-,-,-,-,4589.8000,4589.0000,4588.4000,4588.2000,4587.2000,4590.2000,4590.4000,4590.6000,4591.2000,4591.4000,1,1,1,1,1,2,2,1,1,1
SF,IF2103,2020-10-27 09:31:23.700,4589.6000,24652,0,173401740.000,1,0,1,多换,S,4589.0000,4588.4000,4588.2000,4587.2000,4587.0000,4590.2000,4590.4000,4590.6000,4591.2000,4591.4000,1,1,1,1,1,2,2,1,1,1
SF,IF2103,2020-10-27 09:31:26.700,4589.6000,24652,0,173401740.000,0,-,-,-,-,4589.0000,4588.4000,4588.2000,4587.2000,4587.0000,4590.4000,4590.6000,4591.2000,4591.4000,4591.6000,1,1,1,1,1,2,1,1,1,2
SF,IF2103,2020-10-27 09:31:27.200,4589.6000,24652,0,173401740.000,0,-,-,-,-,4589.0000,4588.4000,4588.2000,4587.2000,4587.0000,4590.2000,4590.4000,4590.6000,4591.2000,4591.4000,1,1,1,1,1,2,2,1,1,1
SF,IF2103,2020-10-27 09:31:27.700,4589.6000,24652,0,173401740.000,0,-,-,-,-,4589.2000,4589.0000,4588.4000,4588.2000,4587.2000,4590.4000,4590.6000,4591.2000,4591.4000,4591.6000,1,1,1,1,1,2,1,1,1,2
SF,IF2103,2020-10-27 09:31:28.200,4589.6000,24652,0,173401740.000,0,-,-,-,-,4589.4000,4589.2000,4589.0000,4588.2000,4587.2000,4590.4000,4590.6000,4591.2000,4591.4000,4591.6000,1,1,1,1,1,4,1,1,1,2
SF,IF2103,2020-10-27 09:31:28.700,4589.6000,24652,0,173401740.000,0,-,-,-,-,4589.4000,4589.0000,4588.2000,4587.2000,4587.0000,4591.2000,4591.4000,4591.6000,4592.0000,4593.4000,1,1,1,1,1,1,1,2,1,1
SF,IF2103,2020-10-27 09:31:29.200,4589.6000,24652,0,173401740.000,0,-,-,-,-,4589.6000,4589.4000,4589.0000,4588.2000,4587.2000,4590.8000,4591.2000,4591.4000,4591.6000,4592.0000,2,2,1,1,1,2,1,1,2,1
SF,IF2103,2020-10-27 09:31:29.700,4589.6000,24652,0,173401740.000,0,-,-,-,-,4589.6000,4589.4000,4589.0000,4588.2000,4587.2000,4590.0000,4590.8000,4591.2000,4591.4000,4591.6000,1,2,1,1,1,1,2,1,1,2
SF,IF2103,2020-10-27 09:31:30.200,4590.0000,24651,-1,174778740.000,1,0,1,双平,S,4589.4000,4589.0000,4588.2000,4587.2000,4587.0000,4590.8000,4591.2000,4591.4000,4591.6000,4592.0000,2,1,1,1,1,2,1,1,2,1
SF,IF2103,2020-10-27 09:31:30.700,4590.0000,24651,0,174778740.000,0,-,-,-,-,4589.4000,4589.0000,4588.2000,4587.2000,4587.0000,4590.4000,4590.6000,4591.0000,4591.2000,4591.4000,1,1,1,1,1,2,1,1,1,1
SF,IF2103,2020-10-27 09:31:31.200,4590.0000,24651,0,174778740.000,0,-,-,-,-,4589.4000,4589.0000,4588.2000,4587.2000,4587.0000,4590.4000,4590.6000,4591.0000,4591.2000,4591.4000,1,1,1,1,1,4,1,1,1,1
SF,IF2103,2020-10-27 09:31:31.700,4590.0000,24651,0,174778740.000,0,-,-,-,-,4589.4000,4589.0000,4588.2000,4587.2000,4587.0000,4590.0000,4590.4000,4590.6000,4591.0000,4591.2000,1,1,1,1,1,1,4,1,1,1
SF,IF2103,2020-10-27 09:31:32.200,4589.4000,24650,-1,176155560.000,1,0,1,双平,S,4589.0000,4588.2000,4587.2000,4587.0000,4586.8000,4590.4000,4591.0000,4591.2000,4591.4000,4591.6000,1,1,1,1,2,1,1,1,1,2
SF,IF2103,2020-10-27 09:31:32.700,4589.4000,24650,0,176155560.000,0,-,-,-,-,4589.2000,4589.0000,4588.2000,4587.2000,4587.0000,4590.4000,4591.0000,4591.2000,4591.4000,4591.6000,1,1,1,1,1,1,1,1,1,2
SF,IF2103,2020-10-27 09:31:33.200,4589.2000,24649,-1,177532320.000,1,0,1,双平,S,4589.0000,4588.2000,4587.2000,4587.0000,4586.8000,4590.0000,4590.4000,4591.0000,4591.2000,4591.4000,1,1,1,1,2,1,4,1,1,1
SF,IF2103,2020-10-27 09:31:33.700,4589.2000,24649,0,177532320.000,0,-,-,-,-,4589.0000,4588.2000,4587.2000,4587.0000,4586.8000,4590.4000,4591.0000,4591.2000,4591.4000,4591.6000,1,1,1,1,2,1,1,1,1,2
SF,IF2103,2020-10-27 09:31:34.200,4589.2000,24649,0,177532320.000,0,-,-,-,-,4589.0000,4588.2000,4587.2000,4587.0000,4586.8000,4590.0000,4590.2000,4590.4000,4591.0000,4591.2000,1,1,1,1,2,2,2,2,1,1
SF,IF2103,2020-10-27 09:31:34.700,4589.0000,24649,0,178909020.000,1,0,1,多换,S,4588.2000,4587.2000,4587.0000,4586.8000,4586.6000,4590.4000,4591.0000,4591.2000,4591.4000,4591.6000,1,1,1,2,1,2,1,1,1,2
SF,IF2103,2020-10-27 09:31:35.200,4590.2000,24648,-1,180286080.000,1,0,1,双平,S,4588.4000,4588.2000,4587.2000,4587.0000,4586.8000,4590.2000,4590.4000,4591.0000,4591.2000,4591.4000,1,1,1,1,2,2,4,1,1,1
SF,IF2103,2020-10-27 09:31:35.700,4590.2000,24648,0,180286080.000,0,-,-,-,-,4588.4000,4588.2000,4587.2000,4587.0000,4586.8000,4589.8000,4590.0000,4590.2000,4590.4000,4591.0000,1,1,1,1,2,1,3,2,2,1
SF,IF2103,2020-10-27 09:31:36.200,4590.2000,24648,0,180286080.000,0,-,-,-,-,4588.6000,4588.2000,4587.2000,4587.0000,4586.6000,4589.8000,4590.0000,4590.2000,4590.4000,4591.0000,1,1,1,1,1,1,1,1,2,1
SF,IF2103,2020-10-27 09:31:36.700,4590.2000,24648,0,180286080.000,0,-,-,-,-,4588.2000,4587.0000,4586.6000,4586.0000,4585.0000,4589.8000,4590.0000,4590.2000,4590.4000,4591.0000,1,1,1,1,4,1,1,1,2,1
SF,IF2103,2020-10-27 09:31:37.200,4590.2000,24648,0,180286080.000,0,-,-,-,-,4588.4000,4588.2000,4587.0000,4586.6000,4586.0000,4589.6000,4589.8000,4590.0000,4590.2000,4590.4000,1,1,1,1,1,1,1,1,1,2
SF,IF2103,2020-10-27 09:31:37.700,4590.2000,24648,0,180286080.000,0,-,-,-,-,4588.6000,4588.2000,4587.0000,4586.6000,4586.0000,4589.8000,4590.0000,4590.2000,4590.4000,4591.0000,1,1,1,1,1,1,1,1,2,1
SF,IF2103,2020-10-27 09:31:38.200,4590.2000,24648,0,180286080.000,0,-,-,-,-,4588.2000,4587.0000,4586.6000,4586.0000,4585.0000,4589.6000,4589.8000,4590.0000,4590.2000,4590.4000,1,1,1,1,4,2,1,1,1,2
SF,IF2103,2020-10-27 09:31:38.700,4590.2000,24648,0,180286080.000,0,-,-,-,-,4588.2000,4587.0000,4586.6000,4586.0000,4585.0000,4589.8000,4590.0000,4590.2000,4590.4000,4591.0000,1,1,1,1,4,1,1,1,2,1
SF,IF2103,2020-10-27 09:31:39.200,4590.2000,24648,0,180286080.000,0,-,-,-,-,4588.4000,4588.2000,4587.0000,4586.6000,4586.0000,4589.8000,4590.0000,4590.2000,4590.4000,4591.0000,1,1,1,1,1,1,1,1,2,1
SF,IF2103,2020-10-27 09:31:39.700,4590.2000,24648,0,180286080.000,0,-,-,-,-,4588.6000,4588.2000,4587.0000,4586.6000,4586.0000,4589.8000,4590.0000,4590.2000,4590.4000,4591.0000,1,1,1,1,1,1,1,1,2,1
SF,IF2103,2020-10-27 09:31:40.200,4590.2000,24648,0,180286080.000,0,-,-,-,-,4588.8000,4588.2000,4587.0000,4586.6000,4586.0000,4589.8000,4590.0000,4590.2000,4590.4000,4591.0000,1,1,1,1,1,1,1,1,2,1
SF,IF2103,2020-10-27 09:31:40.700,4590.2000,24648,0,180286080.000,0,-,-,-,-,4589.0000,4588.2000,4587.0000,4586.6000,4586.0000,4589.8000,4590.0000,4590.2000,4590.4000,4591.0000,1,1,1,1,1,1,1,1,2,1
SF,IF2103,2020-10-27 09:31:41.200,4590.2000,24648,0,180286080.000,0,-,-,-,-,4588.2000,4587.0000,4586.6000,4586.0000,4585.0000,4589.8000,4590.0000,4590.2000,4590.4000,4591.0000,1,1,1,1,4,1,1,1,2,1
SF,IF2103,2020-10-27 09:31:41.700,4590.2000,24648,0,180286080.000,0,-,-,-,-,4588.4000,4587.0000,4586.6000,4586.0000,4585.0000,4589.8000,4590.0000,4590.2000,4590.4000,4591.0000,1,1,1,1,4,1,1,1,2,1
SF,IF2103,2020-10-27 09:31:42.200,4590.2000,24648,0,180286080.000,0,-,-,-,-,4588.6000,4587.0000,4586.6000,4586.0000,4585.0000,4589.8000,4590.0000,4590.2000,4590.4000,4591.0000,1,1,1,1,4,1,1,1,2,1
SF,IF2103,2020-10-27 09:31:42.700,4590.2000,24648,0,180286080.000,0,-,-,-,-,4587.0000,4586.6000,4586.0000,4585.0000,4584.6000,4589.6000,4589.8000,4590.0000,4590.2000,4590.4000,1,1,1,4,2,2,1,1,1,2
SF,IF2103,2020-10-27 09:31:43.200,4590.2000,24648,0,180286080.000,0,-,-,-,-,4587.2000,4587.0000,4586.6000,4586.0000,4585.0000,4589.4000,4589.8000,4590.0000,4590.4000,4591.0000,2,2,1,1,4,2,1,1,2,1
SF,IF2103,2020-10-27 09:31:43.700,4590.2000,24648,0,180286080.000,0,-,-,-,-,4587.4000,4587.2000,4587.0000,4586.6000,4586.0000,4588.8000,4589.0000,4589.2000,4589.4000,4589.8000,2,2,2,1,1,5,2,3,1,1
SF,IF2103,2020-10-27 09:31:44.200,4590.2000,24648,0,180286080.000,0,-,-,-,-,4587.6000,4587.2000,4587.0000,4586.6000,4586.0000,4589.2000,4589.4000,4589.8000,4590.0000,4591.0000,1,2,2,1,1,1,1,1,1,1
SF,IF2103,2020-10-27 09:31:44.700,4590.2000,24648,0,180286080.000,0,-,-,-,-,4587.8000,4587.2000,4587.0000,4586.6000,4586.0000,4588.6000,4588.8000,4589.0000,4589.2000,4589.8000,1,1,1,1,1,2,3,4,3,1
SF,IF2103,2020-10-27 09:31:45.200,4590.2000,24648,0,181663140.000,1,0,1,多换,S,4587.0000,4586.6000,4586.0000,4585.0000,4581.0000,4587.8000,4588.6000,4588.8000,4589.0000,4589.2000,1,1,1,4,2,1,1,3,3,3
SF,IF2103,2020-10-27 09:31:45.700,4590.2000,24648,0,181663140.000,0,-,-,-,-,4587.2000,4587.0000,4586.6000,4586.0000,4585.0000,4587.8000,4589.0000,4589.2000,4589.8000,4590.0000,1,1,1,1,4,1,2,2,1,1
SF,IF2103,2020-10-27 09:31:46.200,4587.8000,24647,-1,183039480.000,1,0,1,双平,S,4587.8000,4587.4000,4587.0000,4586.6000,4586.0000,4589.0000,4589.2000,4589.8000,4590.0000,4591.0000,1,1,1,1,1,2,2,1,1,1
SF,IF2103,2020-10-27 09:31:46.700,4587.8000,24646,-1,184415820.000,1,0,1,双平,S,4587.0000,4586.6000,4586.0000,4585.0000,4581.0000,4588.2000,4588.8000,4589.0000,4589.2000,4589.8000,1,1,1,4,2,2,3,3,1,1
SF,IF2103,2020-10-27 09:31:47.200,4587.8000,24646,0,184415820.000,0,-,-,-,-,4587.0000,4586.6000,4586.0000,4585.0000,4581.0000,4588.2000,4588.8000,4589.0000,4589.2000,4589.8000,1,1,1,4,2,4,3,3,1,1
SF,IF2103,2020-10-27 09:31:47.700,4587.0000,24645,-1,185791920.000,1,0,1,双平,S,4586.6000,4586.0000,4585.0000,4581.0000,4579.8000,4588.0000,4588.2000,4588.8000,4589.0000,4589.2000,1,1,4,2,1,3,3,3,2,1
SF,IF2103,2020-10-27 09:31:48.200,4586.6000,24644,-1,187167900.000,1,0,1,双平,S,4585.0000,4581.0000,4579.8000,4574.0000,4573.0000,4587.8000,4588.0000,4588.2000,4588.8000,4589.0000,4,2,1,1,1,2,2,3,3,2
SF,IF2103,2020-10-27 09:31:48.700,4586.6000,24644,0,187167900.000,0,-,-,-,-,4585.2000,4585.0000,4581.0000,4579.8000,4574.0000,4587.6000,4587.8000,4588.2000,4588.8000,4589.0000,1,4,2,1,1,1,2,3,3,2
SF,IF2103,2020-10-27 09:31:49.200,4586.6000,24644,0,187167900.000,0,-,-,-,-,4585.2000,4585.0000,4581.0000,4579.8000,4574.0000,4587.0000,4587.2000,4587.6000,4587.8000,4588.2000,1,4,2,1,1,2,2,2,1,3
SF,IF2103,2020-10-27 09:31:49.700,4585.2000,24644,0,189919080.000,2,1,1,多换,S,4585.0000,4581.0000,4579.8000,4574.0000,4573.0000,4586.8000,4587.0000,4587.2000,4587.6000,4587.8000,4,2,1,1,1,2,2,2,1,1
SF,IF2103,2020-10-27 09:31:50.200,4585.2000,24644,0,189919080.000,0,-,-,-,-,4585.2000,4585.0000,4581.0000,4579.8000,4574.0000,4586.4000,4586.6000,4586.8000,4587.2000,4587.6000,2,4,2,1,1,1,1,2,2,1
SF,IF2103,2020-10-27 09:31:50.700,4585.2000,24644,0,189919080.000,0,-,-,-,-,4585.2000,4585.0000,4581.0000,4579.8000,4574.0000,4586.4000,4586.6000,4586.8000,4587.6000,4587.8000,2,4,2,1,1,1,1,1,1,1
SF,IF2103,2020-10-27 09:31:51.200,4585.2000,24644,0,189919080.000,0,-,-,-,-,4585.2000,4585.0000,4581.0000,4579.8000,4574.0000,4586.6000,4586.8000,4587.6000,4587.8000,4588.2000,2,4,2,1,1,1,1,1,1,2
SF,IF2103,2020-10-27 09:31:52.200,4585.2000,24644,0,191294640.000,1,0,1,多换,S,4585.2000,4585.0000,4581.0000,4579.8000,4574.0000,4586.6000,4586.8000,4587.6000,4587.8000,4588.2000,1,4,2,1,1,2,1,1,1,2
SF,IF2103,2020-10-27 09:31:52.700,4585.2000,24644,0,191294640.000,0,-,-,-,-,4585.0000,4581.0000,4579.8000,4574.0000,4573.0000,4586.4000,4586.6000,4586.8000,4587.8000,4588.2000,4,2,1,1,1,3,3,1,1,1
SF,IF2103,2020-10-27 09:31:53.200,4585.2000,24644,0,191294640.000,0,-,-,-,-,4585.0000,4581.0000,4579.8000,4574.0000,4573.0000,4586.4000,4586.6000,4587.8000,4589.0000,4593.4000,4,2,1,1,1,5,2,1,1,1
SF,IF2103,2020-10-27 09:31:53.700,4585.2000,24644,0,191294640.000,0,-,-,-,-,4585.0000,4581.0000,4579.8000,4574.0000,4573.0000,4586.4000,4586.6000,4587.8000,4589.0000,4593.4000,4,2,1,1,1,2,2,1,1,1
SF,IF2103,2020-10-27 09:31:54.700,4585.0000,24645,1,192670140.000,1,1,0,双开,S,4585.0000,4581.0000,4579.8000,4574.0000,4573.0000,4585.2000,4586.4000,4586.6000,4587.8000,4589.0000,3,2,1,1,1,1,2,2,1,1
SF,IF2103,2020-10-27 09:31:55.200,4586.4000,24643,-2,198172620.000,4,1,3,多平,S,4585.2000,4585.0000,4584.8000,4581.0000,4579.8000,4586.4000,4586.6000,4587.8000,4589.0000,4593.4000,2,1,1,2,1,1,2,1,1,1
SF,IF2103,2020-10-27 09:31:55.700,4586.4000,24643,0,199548540.000,1,0,1,多换,S,4585.0000,4584.8000,4581.0000,4579.8000,4574.0000,4586.6000,4587.8000,4589.0000,4593.4000,4593.8000,1,1,2,1,1,2,1,1,1,1
SF,IF2103,2020-10-27 09:31:56.200,4586.4000,24643,0,199548540.000,0,-,-,-,-,4585.2000,4585.0000,4584.8000,4581.0000,4579.8000,4586.6000,4587.8000,4589.0000,4593.4000,4593.8000,2,1,1,2,1,2,1,1,1,1
SF,IF2103,2020-10-27 09:31:56.700,4586.4000,24643,0,199548540.000,0,-,-,-,-,4585.2000,4585.0000,4584.8000,4581.0000,4579.8000,4586.4000,4586.6000,4587.8000,4589.0000,4593.4000,2,2,1,2,1,1,1,1,1,1
SF,IF2103,2020-10-27 09:31:57.200,4586.4000,24643,0,199548540.000,0,-,-,-,-,4585.2000,4585.0000,4584.8000,4581.0000,4579.8000,4586.4000,4586.6000,4587.8000,4589.0000,4593.4000,2,2,1,2,1,2,1,1,1,1
SF,IF2103,2020-10-27 09:31:58.700,4586.4000,24643,0,199548540.000,0,-,-,-,-,4585.0000,4584.8000,4581.0000,4579.8000,4574.0000,4586.4000,4586.6000,4587.8000,4589.0000,4593.4000,2,1,2,1,1,2,1,1,1,1
SF,IF2103,2020-10-27 09:32:01.200,4586.4000,24643,0,199548540.000,0,-,-,-,-,4585.0000,4584.8000,4581.0000,4579.8000,4574.0000,4586.4000,4586.6000,4593.4000,4593.8000,4594.4000,2,1,2,1,1,7,1,1,1,3
SF,IF2103,2020-10-27 09:32:01.700,4586.4000,24643,0,199548540.000,0,-,-,-,-,4585.0000,4584.8000,4581.0000,4579.8000,4574.0000,4586.4000,4586.6000,4593.4000,4593.8000,4594.4000,2,1,2,1,1,2,1,1,1,3
SF,IF2103,2020-10-27 09:32:02.200,4586.4000,24643,0,199548540.000,0,-,-,-,-,4585.0000,4584.8000,4581.0000,4579.8000,4574.0000,4586.0000,4586.4000,4586.6000,4593.4000,4593.8000,2,1,2,1,1,1,6,1,1,1
SF,IF2103,2020-10-27 09:32:02.700,4584.8000,24640,-3,203674980.000,3,0,3,双平,S,4581.0000,4579.8000,4574.0000,4573.0000,4570.0000,4585.8000,4586.0000,4586.4000,4586.6000,4593.4000,2,1,1,1,3,1,1,4,1,1
SF,IF2103,2020-10-27 09:32:03.200,4585.6000,24639,-1,205050660.000,1,0,1,双平,S,4582.8000,4582.6000,4581.4000,4581.2000,4581.0000,4585.6000,4585.8000,4586.0000,4586.4000,4586.6000,2,1,1,3,2,1,2,1,4,1
SF,IF2103,2020-10-27 09:32:03.700,4585.6000,24639,0,205050660.000,0,-,-,-,-,4583.0000,4582.6000,4581.4000,4581.2000,4581.0000,4585.4000,4585.6000,4586.0000,4586.4000,4586.6000,2,1,1,1,2,1,5,1,4,1
SF,IF2103,2020-10-27 09:32:04.200,4585.6000,24639,0,205050660.000,0,-,-,-,-,4583.8000,4583.0000,4582.6000,4581.4000,4581.2000,4585.0000,4585.2000,4585.4000,4585.6000,4586.0000,2,2,1,1,1,1,1,2,3,1
SF,IF2103,2020-10-27 09:32:04.700,4583.8000,24637,-2,207800940.000,2,0,2,双平,S,4583.0000,4582.6000,4581.4000,4581.2000,4581.0000,4584.8000,4585.0000,4585.4000,4585.6000,4586.0000,2,1,1,1,2,1,2,1,2,1
SF,IF2103,2020-10-27 09:32:05.200,4583.8000,24637,0,207800940.000,0,-,-,-,-,4583.0000,4581.2000,4581.0000,4579.8000,4574.0000,4583.8000,4584.4000,4584.6000,4584.8000,4585.0000,1,1,2,1,1,1,1,1,4,1
SF,IF2103,2020-10-27 09:32:05.700,4583.0000,24636,-1,209175840.000,1,0,1,双平,S,4581.2000,4581.0000,4579.8000,4574.0000,4573.0000,4583.4000,4583.6000,4583.8000,4584.8000,4585.4000,1,2,1,1,1,1,1,1,3,1
SF,IF2103,2020-10-27 09:32:06.200,4583.0000,24636,0,209175840.000,0,-,-,-,-,4581.4000,4581.0000,4579.8000,4574.0000,4573.0000,4583.2000,4583.4000,4583.8000,4584.8000,4585.4000,1,2,1,1,1,1,2,1,2,1
SF,IF2103,2020-10-27 09:32:06.700,4583.0000,24636,0,209175840.000,0,-,-,-,-,4581.0000,4579.8000,4574.0000,4573.0000,4570.0000,4583.0000,4583.2000,4583.4000,4583.8000,4584.8000,2,1,1,1,3,2,3,1,1,1
SF,IF2103,2020-10-27 09:32:07.200,4583.0000,24636,0,209175840.000,0,-,-,-,-,4581.0000,4579.8000,4574.0000,4573.0000,4570.0000,4582.8000,4583.0000,4583.2000,4583.4000,4583.8000,2,1,1,1,3,3,4,1,1,1
SF,IF2103,2020-10-27 09:32:07.700,4583.0000,24636,0,209175840.000,0,-,-,-,-,4581.0000,4579.8000,4574.0000,4573.0000,4570.0000,4582.6000,4582.8000,4583.0000,4583.2000,4583.4000,2,1,1,1,3,3,2,1,1,1
SF,IF2103,2020-10-27 09:32:08.200,4583.0000,24636,0,210550740.000,1,0,1,多换,S,4581.0000,4579.8000,4574.0000,4573.0000,4570.0000,4582.4000,4582.6000,4582.8000,4583.2000,4583.4000,2,1,1,1,3,1,4,1,1,1
SF,IF2103,2020-10-27 09:32:08.700,4583.0000,24636,0,210550740.000,0,-,-,-,-,4581.0000,4579.8000,4574.0000,4573.0000,4570.0000,4582.2000,4582.4000,4582.6000,4582.8000,4583.2000,2,1,1,1,3,2,3,2,1,1
SF,IF2103,2020-10-27 09:32:09.200,4581.0000,24636,0,213299340.000,2,1,1,多换,S,4579.8000,4574.0000,4573.0000,4570.0000,4568.0000,4581.8000,4582.0000,4582.4000,4582.6000,4582.8000,1,1,1,3,2,2,3,2,2,1
SF,IF2103,2020-10-27 09:32:09.700,4579.8000,24635,-1,214673280.000,1,0,1,双平,S,4574.0000,4573.0000,4570.0000,4568.0000,4562.0000,4581.6000,4581.8000,4582.4000,4582.6000,4583.0000,1,1,3,2,1,6,3,2,2,1
SF,IF2103,2020-10-27 09:32:10.200,4579.8000,24635,0,214673280.000,0,-,-,-,-,4578.6000,4578.0000,4577.2000,4575.6000,4574.4000,4581.6000,4581.8000,4582.4000,4582.6000,4583.0000,1,1,2,1,1,2,2,2,2,1
SF,IF2103,2020-10-27 09:32:10.700,4579.8000,24635,0,214673280.000,0,-,-,-,-,4578.8000,4577.2000,4575.6000,4574.4000,4574.0000,4581.2000,4581.4000,4581.6000,4581.8000,4582.4000,1,2,1,1,1,1,2,3,2,2
SF,IF2103,2020-10-27 09:32:11.200,4579.8000,24635,0,214673280.000,0,-,-,-,-,4578.8000,4578.6000,4577.2000,4575.6000,4574.4000,4581.0000,4581.2000,4581.4000,4581.6000,4581.8000,1,1,2,1,1,2,2,1,1,2
SF,IF2103,2020-10-27 09:32:11.700,4579.8000,24635,0,214673280.000,0,-,-,-,-,4578.8000,4578.6000,4577.2000,4575.6000,4574.4000,4580.8000,4581.0000,4581.2000,4581.4000,4581.6000,1,1,2,1,1,1,2,1,1,1
SF,IF2103,2020-10-27 09:32:12.200,4579.8000,24635,0,214673280.000,0,-,-,-,-,4579.0000,4578.8000,4578.6000,4577.2000,4575.6000,4580.6000,4580.8000,4581.0000,4581.2000,4581.6000,3,1,1,2,1,2,1,1,1,1
SF,IF2103,2020-10-27 09:32:12.700,4580.8000,24633,-2,217421700.000,2,0,2,双平,S,4579.2000,4579.0000,4578.6000,4577.2000,4575.6000,4581.6000,4581.8000,4582.4000,4582.6000,4583.0000,3,1,1,2,1,1,2,2,3,1
SF,IF2103,2020-10-27 09:32:13.200,4580.8000,24633,0,217421700.000,0,-,-,-,-,4579.6000,4579.4000,4579.2000,4578.6000,4575.6000,4581.8000,4582.4000,4582.6000,4583.0000,4583.2000,2,1,1,1,1,2,2,2,1,1
SF,IF2103,2020-10-27 09:32:13.700,4580.8000,24633,0,217421700.000,0,-,-,-,-,4579.8000,4579.6000,4578.6000,4575.6000,4574.4000,4581.6000,4581.8000,4582.4000,4582.6000,4583.0000,2,2,1,1,1,1,4,2,2,1
SF,IF2103,2020-10-27 09:32:14.200,4580.8000,24633,0,217421700.000,0,-,-,-,-,4580.0000,4579.8000,4579.6000,4578.6000,4575.6000,4581.8000,4582.4000,4582.6000,4583.0000,4583.2000,3,2,2,1,1,3,2,2,1,1
SF,IF2103,2020-10-27 09:32:14.700,4580.8000,24633,0,217421700.000,0,-,-,-,-,4580.0000,4579.8000,4578.6000,4575.6000,4574.4000,4581.6000,4581.8000,4582.4000,4582.6000,4583.0000,1,2,1,1,1,1,4,2,2,1
SF,IF2103,2020-10-27 09:32:15.200,4580.8000,24633,0,217421700.000,0,-,-,-,-,4579.8000,4578.6000,4575.6000,4574.4000,4574.0000,4581.4000,4581.6000,4581.8000,4582.4000,4582.6000,1,1,1,1,1,1,1,4,2,2
SF,IF2103,2020-10-27 09:32:15.700,4579.8000,24632,-1,218795640.000,1,0,1,双平,S,4578.6000,4575.6000,4574.4000,4574.0000,4573.0000,4581.2000,4581.4000,4581.6000,4581.8000,4582.4000,1,1,1,1,1,2,2,1,3,2
SF,IF2103,2020-10-27 09:32:16.200,4579.8000,24632,0,218795640.000,0,-,-,-,-,4578.8000,4578.6000,4575.6000,4574.4000,4574.0000,4580.8000,4581.0000,4581.2000,4581.6000,4581.8000,1,1,1,1,1,2,3,2,1,3
SF,IF2103,2020-10-27 09:32:16.700,4579.8000,24632,0,218795640.000,0,-,-,-,-,4578.8000,4578.6000,4575.6000,4574.4000,4574.0000,4580.6000,4580.8000,4581.2000,4581.6000,4581.8000,1,1,1,1,1,3,3,2,1,3
SF,IF2103,2020-10-27 09:32:17.200,4579.2000,24632,0,220169400.000,1,0,1,多换,S,4578.8000,4578.6000,4575.6000,4574.4000,4574.0000,4580.2000,4580.6000,4581.2000,4581.6000,4581.8000,2,1,1,1,1,1,2,1,1,2
SF,IF2103,2020-10-27 09:32:17.700,4580.2000,24632,0,221543460.000,1,0,1,多换,S,4578.8000,4578.6000,4575.6000,4574.4000,4574.0000,4580.6000,4581.2000,4581.6000,4581.8000,4582.6000,2,1,1,1,1,1,1,1,2,2
SF,IF2103,2020-10-27 09:32:18.200,4580.6000,24631,-1,222917640.000,1,0,1,双平,S,4579.0000,4578.8000,4578.6000,4575.6000,4574.4000,4581.2000,4581.6000,4581.8000,4582.6000,4583.0000,2,2,1,1,1,1,1,2,2,1
SF,IF2103,2020-10-27 09:32:18.700,4580.6000,24631,0,222917640.000,0,-,-,-,-,4579.2000,4578.6000,4575.6000,4574.4000,4574.0000,4581.6000,4581.8000,4582.6000,4583.0000,4583.2000,3,1,1,1,1,1,1,2,1,1
SF,IF2103,2020-10-27 09:32:19.200,4580.6000,24631,0,222917640.000,0,-,-,-,-,4579.6000,4579.4000,4579.2000,4578.6000,4575.6000,4581.6000,4581.8000,4582.6000,4583.0000,4583.2000,1,1,2,1,1,4,1,2,1,1
SF,IF2103,2020-10-27 09:32:19.700,4580.6000,24631,0,222917640.000,0,-,-,-,-,4579.8000,4579.6000,4578.6000,4575.6000,4574.4000,4581.6000,4581.8000,4582.6000,4583.0000,4583.2000,5,1,1,1,1,3,1,2,1,1
SF,IF2103,2020-10-27 09:32:20.200,4580.6000,24631,0,222917640.000,0,-,-,-,-,4580.2000,4579.8000,4579.6000,4578.6000,4575.6000,4581.6000,4581.8000,4582.6000,4583.0000,4583.2000,1,2,1,1,1,3,1,2,1,1
SF,IF2103,2020-10-27 09:32:20.700,4581.8000,24627,-4,229789740.000,5,0,5,多平,S,4580.2000,4579.8000,4579.2000,4578.6000,4575.6000,4582.6000,4583.0000,4583.2000,4589.8000,4593.8000,2,1,1,1,1,2,1,1,1,1
SF,IF2103,2020-10-27 09:32:21.200,4581.8000,24627,0,229789740.000,0,-,-,-,-,4580.6000,4580.4000,4580.2000,4579.2000,4578.6000,4582.4000,4582.6000,4583.0000,4583.2000,4589.8000,1,2,1,1,1,3,3,1,1,1
SF,IF2103,2020-10-27 09:32:21.700,4581.8000,24627,0,229789740.000,0,-,-,-,-,4580.4000,4580.2000,4579.2000,4578.6000,4575.6000,4581.6000,4582.2000,4582.4000,4582.6000,4583.0000,2,1,1,1,1,1,3,3,2,1
SF,IF2103,2020-10-27 09:32:22.200,4581.8000,24627,0,229789740.000,0,-,-,-,-,4580.6000,4580.4000,4579.2000,4578.6000,4574.4000,4582.4000,4582.6000,4583.0000,4583.2000,4589.8000,1,1,1,1,1,3,2,1,1,1
SF,IF2103,2020-10-27 09:32:22.700,4581.8000,24627,0,229789740.000,0,-,-,-,-,4579.2000,4578.6000,4574.4000,4574.0000,4573.0000,4581.6000,4581.8000,4582.0000,4582.2000,4582.4000,1,1,1,1,2,1,1,1,2,3
SF,IF2103,2020-10-27 09:32:23.200,4581.8000,24627,0,229789740.000,0,-,-,-,-,4579.6000,4579.4000,4579.2000,4578.6000,4574.4000,4579.8000,4581.4000,4581.6000,4581.8000,4582.2000,1,1,1,1,1,1,1,1,1,1
SF,IF2103,2020-10-27 09:32:23.700,4579.8000,24626,-1,231163680.000,1,0,1,双平,S,4579.2000,4578.6000,4574.4000,4574.0000,4573.0000,4581.2000,4581.4000,4581.6000,4582.2000,4582.4000,1,1,1,1,2,1,1,1,1,2
SF,IF2103,2020-10-27 09:32:24.200,4579.8000,24626,0,231163680.000,0,-,-,-,-,4579.4000,4579.2000,4578.6000,4578.2000,4574.4000,4581.0000,4581.2000,4581.6000,4582.2000,4582.4000,1,1,1,1,1,4,3,1,1,2
SF,IF2103,2020-10-27 09:32:24.700,4579.8000,24626,0,231163680.000,0,-,-,-,-,4579.4000,4579.2000,4578.6000,4578.2000,4574.4000,4580.8000,4581.0000,4581.2000,4581.6000,4582.6000,1,1,1,1,1,4,3,2,1,2
SF,IF2103,2020-10-27 09:32:25.200,4579.8000,24626,0,231163680.000,0,-,-,-,-,4579.4000,4579.2000,4578.6000,4578.2000,4574.4000,4580.4000,4580.6000,4580.8000,4581.2000,4581.6000,2,1,1,1,1,2,3,3,2,1
SF,IF2103,2020-10-27 09:32:25.700,4579.8000,24626,0,231163680.000,0,-,-,-,-,4579.4000,4579.2000,4578.6000,4578.2000,4574.4000,4580.4000,4580.6000,4580.8000,4581.2000,4581.6000,3,1,1,1,1,2,2,3,2,1
SF,IF2103,2020-10-27 09:32:26.700,4579.8000,24626,0,231163680.000,0,-,-,-,-,4579.4000,4579.2000,4578.6000,4578.2000,4574.4000,4580.4000,4580.6000,4580.8000,4581.2000,4581.6000,3,1,1,1,1,1,2,3,2,1
SF,IF2103,2020-10-27 09:32:27.200,4579.4000,24626,0,232537500.000,1,0,1,多换,S,4579.4000,4579.2000,4578.6000,4578.2000,4574.4000,4580.4000,4580.6000,4580.8000,4581.2000,4581.6000,2,1,1,1,1,1,1,3,2,1
SF,IF2103,2020-10-27 09:32:27.700,4579.4000,24625,-1,236658960.000,3,1,2,多平,S,4579.2000,4578.6000,4578.2000,4574.4000,4574.0000,4580.6000,4581.6000,4582.6000,4583.2000,4589.8000,1,1,1,1,1,1,1,1,1,1
SF,IF2103,2020-10-27 09:32:28.200,4579.4000,24625,0,236658960.000,0,-,-,-,-,4579.2000,4578.6000,4578.2000,4574.4000,4574.0000,4580.2000,4580.6000,4581.6000,4582.6000,4583.2000,1,1,1,1,1,1,1,1,1,1
SF,IF2103,2020-10-27 09:32:29.200,4580.2000,24625,0,238033020.000,1,0,1,多换,S,4579.2000,4578.6000,4578.2000,4574.4000,4574.0000,4579.8000,4580.6000,4581.6000,4582.6000,4583.2000,1,1,1,1,1,1,1,1,1,1
SF,IF2103,2020-10-27 09:32:29.700,4580.2000,24625,0,238033020.000,0,-,-,-,-,4579.2000,4578.2000,4574.4000,4574.0000,4573.0000,4579.8000,4580.6000,4581.6000,4582.6000,4583.2000,1,1,1,1,2,1,1,1,1,1
SF,IF2103,2020-10-27 09:32:30.200,4580.2000,24625,0,238033020.000,0,-,-,-,-,4579.2000,4578.2000,4574.4000,4574.0000,4573.0000,4579.8000,4580.6000,4581.6000,4582.6000,4589.8000,1,1,1,1,2,2,1,1,1,1
SF,IF2103,2020-10-27 09:32:30.700,4579.2000,24625,0,239406780.000,1,0,1,多换,S,4578.2000,4574.4000,4574.0000,4573.0000,4570.0000,4579.8000,4580.6000,4581.6000,4582.6000,4589.8000,1,1,1,2,3,1,1,1,1,1
SF,IF2103,2020-10-27 09:32:31.200,4579.2000,24625,0,239406780.000,0,-,-,-,-,4578.4000,4578.2000,4574.4000,4574.0000,4573.0000,4579.8000,4580.6000,4581.6000,4582.6000,4589.8000,3,1,1,1,2,1,1,1,1,1
SF,IF2103,2020-10-27 09:32:31.700,4579.8000,24624,-1,240780720.000,1,0,1,双平,S,4578.8000,4578.4000,4578.2000,4574.4000,4574.0000,4581.6000,4582.6000,4589.8000,4594.4000,4594.8000,1,2,1,1,1,1,1,1,3,1
SF,IF2103,2020-10-27 09:32:32.200,4579.8000,24625,1,242154660.000,1,1,0,双开,S,4579.8000,4579.0000,4578.8000,4578.2000,4574.4000,4581.2000,4581.6000,4582.6000,4589.8000,4594.4000,1,2,1,1,1,2,1,1,1,3
SF,IF2103,2020-10-27 09:32:32.700,4579.8000,24625,0,242154660.000,0,-,-,-,-,4579.8000,4579.0000,4578.2000,4574.4000,4574.0000,4581.6000,4582.6000,4589.8000,4594.4000,4594.8000,2,2,1,1,1,1,1,1,3,1
SF,IF2103,2020-10-27 09:32:33.200,4579.8000,24625,0,242154660.000,0,-,-,-,-,4580.0000,4579.8000,4579.0000,4578.2000,4574.4000,4581.4000,4581.6000,4582.6000,4589.8000,4594.4000,1,2,2,1,1,1,1,1,1,3
SF,IF2103,2020-10-27 09:32:33.700,4580.0000,24624,-1,244902660.000,2,0,2,多平,S,4579.8000,4579.0000,4578.2000,4574.4000,4574.0000,4581.4000,4581.6000,4582.6000,4589.8000,4594.4000,2,2,1,1,1,1,1,1,1,3
SF,IF2103,2020-10-27 09:32:34.200,4580.0000,24624,0,244902660.000,0,-,-,-,-,4579.8000,4579.0000,4578.2000,4574.4000,4574.0000,4581.2000,4581.4000,4581.6000,4582.6000,4589.8000,1,2,1,1,1,3,1,1,1,1
SF,IF2103,2020-10-27 09:32:34.700,4580.0000,24624,0,244902660.000,0,-,-,-,-,4579.8000,4579.0000,4578.2000,4574.4000,4574.0000,4580.8000,4581.0000,4581.2000,4581.6000,4582.6000,1,2,1,1,1,1,1,4,1,1
SF,IF2103,2020-10-27 09:32:35.200,4579.8000,24624,0,249025020.000,3,1,2,多换,S,4579.0000,4578.2000,4574.4000,4574.0000,4573.0000,4580.8000,4581.0000,4581.2000,4581.6000,4582.6000,2,1,1,1,2,3,1,2,1,1
SF,IF2103,2020-10-27 09:32:35.700,4579.8000,24624,0,249025020.000,0,-,-,-,-,4579.4000,4579.2000,4579.0000,4578.2000,4574.4000,4580.8000,4581.0000,4581.2000,4581.6000,4582.6000,2,1,2,1,1,1,1,2,1,1
SF,IF2103,2020-10-27 09:32:36.200,4579.8000,24624,0,249025020.000,0,-,-,-,-,4579.6000,4579.4000,4579.2000,4579.0000,4578.2000,4581.2000,4581.6000,4582.6000,4589.8000,4594.4000,2,2,1,1,1,1,1,1,1,3
SF,IF2103,2020-10-27 09:32:36.700,4579.8000,24624,0,249025020.000,0,-,-,-,-,4579.6000,4579.0000,4578.2000,4574.4000,4574.0000,4580.8000,4581.2000,4581.6000,4582.6000,4589.8000,1,1,1,1,1,1,2,1,1,1
SF,IF2103,2020-10-27 09:32:37.200,4579.8000,24624,0,249025020.000,0,-,-,-,-,4579.0000,4578.2000,4574.4000,4574.0000,4573.0000,4580.6000,4580.8000,4581.2000,4581.6000,4582.6000,1,1,1,1,2,1,3,2,1,1
SF,IF2103,2020-10-27 09:32:37.700,4579.8000,24624,0,249025020.000,0,-,-,-,-,4579.0000,4578.2000,4574.4000,4574.0000,4573.0000,4580.4000,4580.6000,4580.8000,4581.2000,4581.6000,1,1,1,1,2,2,1,3,2,1
SF,IF2103,2020-10-27 09:32:38.200,4579.8000,24624,0,249025020.000,0,-,-,-,-,4578.2000,4574.4000,4574.0000,4573.0000,4570.0000,4580.4000,4580.6000,4580.8000,4581.2000,4581.6000,1,1,1,2,3,2,1,3,2,1
SF,IF2103,2020-10-27 09:32:38.700,4579.8000,24624,0,249025020.000,0,-,-,-,-,4578.6000,4578.4000,4578.2000,4574.4000,4574.0000,4580.4000,4580.6000,4580.8000,4581.2000,4581.6000,1,2,2,1,1,1,1,3,2,1
SF,IF2103,2020-10-27 09:32:39.200,4580.4000,24623,-1,250399140.000,1,0,1,双平,S,4578.8000,4578.6000,4578.4000,4578.2000,4574.4000,4580.2000,4581.2000,4581.6000,4582.6000,4589.8000,3,2,4,1,1,1,1,1,1,1
SF,IF2103,2020-10-27 09:32:39.700,4580.2000,24622,-1,251773200.000,1,0,1,双平,S,4580.2000,4579.2000,4578.8000,4578.6000,4578.4000,4581.6000,4582.6000,4589.8000,4594.4000,4594.8000,1,2,5,1,1,1,1,1,3,1
SF,IF2103,2020-10-27 09:32:40.200,4580.2000,24622,0,251773200.000,0,-,-,-,-,4580.2000,4579.0000,4578.8000,4578.4000,4578.2000,4581.2000,4581.4000,4581.6000,4582.6000,4589.8000,1,3,3,1,1,1,1,1,1,1
SF,IF2103,2020-10-27 09:32:40.700,4580.2000,24622,0,251773200.000,0,-,-,-,-,4578.8000,4578.4000,4578.2000,4574.4000,4574.0000,4580.8000,4581.2000,4581.4000,4581.6000,4582.6000,1,1,1,1,1,2,2,1,1,1
SF,IF2103,2020-10-27 09:32:41.200,4580.2000,24622,0,251773200.000,0,-,-,-,-,4579.0000,4578.8000,4578.2000,4574.4000,4574.0000,4580.8000,4581.2000,4581.4000,4581.6000,4582.6000,4,2,1,1,1,2,2,1,1,1
SF,IF2103,2020-10-27 09:32:41.700,4580.2000,24622,0,251773200.000,0,-,-,-,-,4579.2000,4579.0000,4578.2000,4574.4000,4574.0000,4581.2000,4581.4000,4581.6000,4582.6000,4589.8000,2,4,1,1,1,1,1,1,1,1
SF,IF2103,2020-10-27 09:32:42.200,4580.2000,24622,0,251773200.000,0,-,-,-,-,4579.4000,4579.2000,4578.2000,4574.4000,4574.0000,4581.4000,4581.6000,4582.6000,4589.8000,4594.4000,5,1,1,1,1,1,1,1,1,3
SF,IF2103,2020-10-27 09:32:42.700,4580.2000,24622,0,251773200.000,0,-,-,-,-,4579.4000,4579.2000,4578.2000,4574.4000,4574.0000,4580.8000,4581.0000,4581.2000,4581.4000,4581.6000,3,1,1,1,1,2,1,2,2,1
SF,IF2103,2020-10-27 09:32:43.200,4580.2000,24622,0,251773200.000,0,-,-,-,-,4579.8000,4579.2000,4578.2000,4574.4000,4574.0000,4581.2000,4581.4000,4582.6000,4589.8000,4594.4000,1,1,1,1,1,1,1,1,1,3
SF,IF2103,2020-10-27 09:32:43.700,4580.2000,24622,0,251773200.000,0,-,-,-,-,4579.2000,4578.2000,4574.4000,4574.0000,4573.0000,4580.8000,4581.0000,4581.2000,4582.6000,4589.8000,1,1,1,1,2,3,1,3,1,1
SF,IF2103,2020-10-27 09:32:44.200,4580.2000,24622,0,251773200.000,0,-,-,-,-,4579.2000,4578.2000,4574.4000,4574.0000,4573.0000,4579.8000,4580.6000,4580.8000,4581.0000,4581.2000,1,1,1,1,2,1,1,2,1,3
SF,IF2103,2020-10-27 09:32:44.700,4580.2000,24622,0,251773200.000,0,-,-,-,-,4578.2000,4574.4000,4574.0000,4573.0000,4570.0000,4579.8000,4580.8000,4581.0000,4581.2000,4582.6000,1,1,1,2,3,1,2,1,3,1
SF,IF2103,2020-10-27 09:32:45.200,4578.4000,24619,-3,255894240.000,3,0,3,双平,S,4578.4000,4578.2000,4574.4000,4574.0000,4573.0000,4581.0000,4581.2000,4582.6000,4589.8000,4594.4000,3,3,1,1,2,1,2,1,1,3
SF,IF2103,2020-10-27 09:32:45.700,4578.4000,24619,0,255894240.000,0,-,-,-,-,4579.8000,4578.6000,4578.4000,4578.2000,4574.4000,4580.4000,4580.8000,4581.0000,4581.2000,4582.6000,2,1,1,1,1,1,2,1,2,1
SF,IF2103,2020-10-27 09:32:46.200,4579.6000,24619,0,258642000.000,2,1,1,多换,S,4578.6000,4578.4000,4578.2000,4574.4000,4574.0000,4580.4000,4580.8000,4581.0000,4581.2000,4582.6000,1,1,1,1,1,1,2,1,2,1
SF,IF2103,2020-10-27 09:32:46.700,4579.6000,24619,0,258642000.000,0,-,-,-,-,4578.6000,4578.4000,4578.2000,4574.4000,4574.0000,4580.2000,4580.4000,4580.8000,4581.2000,4582.6000,1,1,1,1,1,2,2,2,2,1
SF,IF2103,2020-10-27 09:32:47.200,4579.6000,24619,0,258642000.000,0,-,-,-,-,4578.6000,4578.2000,4574.4000,4574.0000,4573.0000,4579.8000,4580.0000,4580.2000,4580.4000,4580.8000,1,1,1,1,2,3,2,2,1,2
SF,IF2103,2020-10-27 09:32:47.700,4579.6000,24619,0,258642000.000,0,-,-,-,-,4578.8000,4578.2000,4574.4000,4574.0000,4573.0000,4579.6000,4579.8000,4580.0000,4580.8000,4581.2000,1,1,1,1,2,1,3,1,2,2
SF,IF2103,2020-10-27 09:32:48.200,4578.8000,24618,-1,260015640.000,1,0,1,双平,S,4578.2000,4574.4000,4574.0000,4573.0000,4570.0000,4579.6000,4579.8000,4580.0000,4580.8000,4581.2000,1,1,1,2,3,1,2,1,2,2
SF,IF2103,2020-10-27 09:32:48.700,4578.8000,24618,0,260015640.000,0,-,-,-,-,4578.2000,4574.4000,4574.0000,4573.0000,4570.0000,4578.8000,4579.6000,4579.8000,4580.0000,4580.8000,1,1,1,2,3,1,1,2,1,2
SF,IF2103,2020-10-27 09:32:49.200,4579.6000,24617,-1,262763160.000,2,0,2,多平,S,4578.2000,4574.4000,4574.0000,4573.0000,4570.0000,4579.8000,4580.0000,4580.8000,4581.2000,4582.6000,1,1,1,2,3,2,1,2,1,1
SF,IF2103,2020-10-27 09:32:49.700,4579.6000,24617,0,262763160.000,0,-,-,-,-,4578.2000,4578.0000,4574.4000,4574.0000,4573.0000,4579.6000,4579.8000,4580.8000,4581.2000,4582.6000,1,1,1,1,2,2,3,2,1,1
SF,IF2103,2020-10-27 09:32:50.200,4578.2000,24617,0,264136620.000,1,0,1,多换,S,4578.0000,4574.4000,4574.0000,4573.0000,4570.0000,4579.6000,4579.8000,4580.8000,4581.2000,4582.6000,1,1,1,2,3,2,3,2,1,1
SF,IF2103,2020-10-27 09:32:50.700,4578.2000,24617,0,264136620.000,0,-,-,-,-,4578.0000,4574.4000,4574.0000,4573.0000,4570.0000,4579.6000,4579.8000,4580.8000,4581.2000,4582.6000,1,1,1,2,3,2,3,2,1,1
SF,IF2103,2020-10-27 09:32:51.200,4578.2000,24617,0,264136620.000,0,-,-,-,-,4578.2000,4578.0000,4574.4000,4574.0000,4573.0000,4579.4000,4579.6000,4579.8000,4580.8000,4581.2000,1,2,1,1,2,1,1,3,2,1
SF,IF2103,2020-10-27 09:32:51.700,4579.4000,24617,0,265510440.000,1,0,1,多换,S,4578.0000,4574.4000,4574.0000,4573.0000,4570.0000,4579.6000,4579.8000,4580.8000,4581.2000,4589.8000,2,1,1,2,3,1,3,2,1,1
SF,IF2103,2020-10-27 09:32:52.200,4579.6000,24616,-1,266884320.000,1,0,1,双平,S,4578.2000,4578.0000,4574.4000,4574.0000,4573.0000,4579.8000,4580.8000,4581.2000,4589.8000,4594.4000,4,2,1,1,2,2,2,1,1,3
SF,IF2103,2020-10-27 09:32:52.700,4579.6000,24616,0,266884320.000,0,-,-,-,-,4578.4000,4578.2000,4578.0000,4574.4000,4574.0000,4579.8000,4580.8000,4581.2000,4589.8000,4594.4000,2,4,2,1,1,2,2,1,1,3
SF,IF2103,2020-10-27 09:32:53.200,4578.6000,24615,-1,268257900.000,1,0,1,双平,S,4578.4000,4578.2000,4578.0000,4574.4000,4574.0000,4579.8000,4580.8000,4581.2000,4589.8000,4594.4000,1,1,2,1,1,3,2,1,1,3
SF,IF2103,2020-10-27 09:32:54.200,4578.4000,24614,-1,269631420.000,1,0,1,双平,S,4578.2000,4578.0000,4574.4000,4574.0000,4573.0000,4579.8000,4580.8000,4581.2000,4589.8000,4594.4000,1,2,1,1,2,3,2,1,1,3
SF,IF2103,2020-10-27 09:32:54.700,4578.4000,24614,0,269631420.000,0,-,-,-,-,4578.4000,4578.2000,4578.0000,4574.4000,4574.0000,4579.6000,4579.8000,4580.8000,4581.2000,4589.8000,1,1,2,1,1,1,3,2,1,1
SF,IF2103,2020-10-27 09:32:55.200,4578.4000,24614,0,269631420.000,0,-,-,-,-,4578.2000,4578.0000,4574.4000,4574.0000,4573.0000,4579.8000,4580.8000,4581.2000,4589.8000,4594.4000,1,2,1,1,2,3,2,1,1,3
SF,IF2103,2020-10-27 09:32:55.700,4578.4000,24614,0,269631420.000,0,-,-,-,-,4578.2000,4578.0000,4574.4000,4574.0000,4573.0000,4579.8000,4580.8000,4581.2000,4589.8000,4594.4000,1,2,1,1,2,2,2,1,1,3
SF,IF2103,2020-10-27 09:32:56.200,4578.4000,24614,0,269631420.000,0,-,-,-,-,4578.2000,4578.0000,4574.4000,4574.0000,4573.0000,4579.6000,4579.8000,4580.8000,4581.2000,4589.8000,1,2,1,1,2,1,3,2,1,1
SF,IF2103,2020-10-27 09:32:56.700,4578.2000,24613,-1,271004880.000,1,0,1,双平,S,4578.0000,4574.4000,4574.0000,4573.0000,4570.0000,4579.6000,4579.8000,4580.8000,4581.2000,4589.8000,2,1,1,2,3,1,3,2,1,1
SF,IF2103,2020-10-27 09:32:57.200,4578.0000,24612,-1,273751680.000,2,0,2,多平,S,4574.4000,4574.0000,4573.0000,4570.0000,4568.0000,4579.4000,4579.6000,4579.8000,4580.8000,4581.2000,1,1,2,3,4,3,1,3,2,1
SF,IF2103,2020-10-27 09:32:57.700,4578.0000,24612,0,273751680.000,0,-,-,-,-,4576.0000,4575.8000,4574.6000,4574.4000,4574.0000,4579.2000,4579.4000,4579.8000,4581.2000,4589.8000,1,2,2,1,1,3,2,3,1,1
SF,IF2103,2020-10-27 09:32:58.200,4578.0000,24612,0,273751680.000,0,-,-,-,-,4576.2000,4576.0000,4575.8000,4574.4000,4574.0000,4578.6000,4579.0000,4579.2000,4579.4000,4579.8000,3,1,2,1,1,1,2,3,1,3
SF,IF2103,2020-10-27 09:32:58.700,4578.2000,24612,0,275125140.000,1,0,1,多换,S,4576.2000,4576.0000,4574.4000,4574.0000,4573.0000,4578.4000,4578.6000,4579.2000,4579.4000,4579.8000,3,1,1,1,2,1,2,3,1,3
SF,IF2103,2020-10-27 09:32:59.200,4578.2000,24612,0,275125140.000,0,-,-,-,-,4576.2000,4574.4000,4574.0000,4573.0000,4570.0000,4578.0000,4578.4000,4578.6000,4579.2000,4579.8000,3,1,1,2,3,1,2,1,3,3
SF,IF2103,2020-10-27 09:32:59.700,4578.2000,24612,0,275125140.000,0,-,-,-,-,4576.4000,4576.2000,4574.4000,4574.0000,4573.0000,4577.8000,4578.4000,4578.6000,4579.2000,4579.8000,1,3,1,1,2,1,2,1,3,3
SF,IF2103,2020-10-27 09:33:00.200,4578.2000,24612,0,275125140.000,0,-,-,-,-,4576.8000,4576.2000,4574.4000,4574.0000,4573.0000,4578.4000,4578.6000,4579.2000,4579.8000,4589.8000,1,3,1,1,2,1,1,3,3,1
SF,IF2103,2020-10-27 09:33:00.700,4578.2000,24612,0,275125140.000,0,-,-,-,-,4576.2000,4574.4000,4574.0000,4573.0000,4570.0000,4578.4000,4578.6000,4579.2000,4579.8000,4589.8000,3,1,3,2,3,1,1,3,3,1
SF,IF2103,2020-10-27 09:33:01.200,4578.2000,24612,0,275125140.000,0,-,-,-,-,4576.2000,4574.4000,4574.0000,4573.0000,4570.0000,4578.4000,4578.6000,4579.2000,4579.8000,4589.8000,3,1,3,2,3,2,1,3,3,1
SF,IF2103,2020-10-27 09:33:01.700,4578.2000,24612,0,275125140.000,0,-,-,-,-,4576.2000,4574.4000,4574.0000,4573.0000,4570.0000,4576.8000,4578.4000,4578.6000,4579.2000,4579.8000,3,1,3,2,3,3,2,1,3,3
SF,IF2103,2020-10-27 09:33:02.200,4576.8000,24609,-3,279244260.000,3,0,3,双平,S,4576.8000,4576.2000,4574.4000,4574.0000,4573.0000,4578.4000,4578.6000,4579.2000,4579.8000,4589.8000,1,2,1,3,2,2,1,3,3,1
SF,IF2103,2020-10-27 09:33:02.700,4576.8000,24609,0,279244260.000,0,-,-,-,-,4577.0000,4576.2000,4574.4000,4574.0000,4573.0000,4578.4000,4578.6000,4579.2000,4579.8000,4589.8000,1,2,1,3,2,1,1,3,3,1
SF,IF2103,2020-10-27 09:33:03.200,4576.8000,24609,0,279244260.000,0,-,-,-,-,4577.0000,4576.2000,4574.4000,4574.0000,4573.0000,4578.2000,4578.4000,4578.6000,4579.2000,4579.8000,1,2,1,3,2,2,2,1,3,3
SF,IF2103,2020-10-27 09:33:03.700,4576.8000,24609,0,279244260.000,0,-,-,-,-,4577.0000,4574.4000,4574.0000,4573.0000,4570.0000,4578.0000,4578.4000,4578.6000,4579.2000,4579.8000,1,1,3,2,3,1,1,1,3,3
SF,IF2103,2020-10-27 09:33:04.200,4576.8000,24609,0,279244260.000,0,-,-,-,-,4577.0000,4574.4000,4574.0000,4573.0000,4570.0000,4578.0000,4578.6000,4579.2000,4579.8000,4589.8000,1,1,3,2,3,1,1,3,3,1
SF,IF2103,2020-10-27 09:33:05.200,4578.0000,24609,0,280617660.000,1,0,1,多换,S,4578.0000,4577.0000,4574.4000,4574.0000,4573.0000,4578.6000,4579.2000,4579.8000,4589.8000,4594.4000,1,1,1,3,2,1,3,3,1,3
SF,IF2103,2020-10-27 09:33:05.700,4577.0000,24609,0,283364160.000,2,1,1,多换,S,4575.2000,4574.4000,4574.0000,4573.0000,4570.0000,4578.6000,4579.2000,4579.8000,4589.8000,4594.4000,1,1,3,2,3,1,3,3,1,3
SF,IF2103,2020-10-27 09:33:06.200,4577.0000,24609,0,283364160.000,0,-,-,-,-,4576.0000,4575.4000,4575.2000,4574.4000,4574.0000,4577.0000,4578.6000,4579.2000,4579.8000,4589.8000,1,3,2,1,3,1,1,3,3,1
SF,IF2103,2020-10-27 09:33:06.700,4577.0000,24608,-1,284737260.000,1,0,1,双平,S,4577.0000,4576.2000,4576.0000,4575.4000,4575.2000,4578.6000,4579.2000,4579.8000,4589.8000,4594.4000,2,1,1,2,2,1,3,3,1,3
SF,IF2103,2020-10-27 09:33:07.200,4577.0000,24608,0,284737260.000,0,-,-,-,-,4575.4000,4575.2000,4574.4000,4574.0000,4573.0000,4578.4000,4578.6000,4579.2000,4579.8000,4589.8000,2,1,1,3,2,1,1,3,3,1
SF,IF2103,2020-10-27 09:33:07.700,4577.0000,24608,0,284737260.000,0,-,-,-,-,4575.6000,4575.4000,4575.2000,4574.4000,4574.0000,4578.0000,4578.2000,4578.4000,4578.6000,4579.2000,1,2,1,1,3,1,1,1,1,3
SF,IF2103,2020-10-27 09:33:08.200,4577.0000,24608,0,284737260.000,0,-,-,-,-,4575.8000,4575.6000,4575.2000,4574.0000,4573.0000,4577.6000,4577.8000,4578.0000,4578.6000,4579.2000,1,1,1,3,2,2,1,2,1,1
SF,IF2103,2020-10-27 09:33:08.700,4577.0000,24608,0,284737260.000,0,-,-,-,-,4576.2000,4575.8000,4575.6000,4575.2000,4574.0000,4577.4000,4577.6000,4577.8000,4578.0000,4578.6000,1,1,1,1,3,2,2,1,1,1
SF,IF2103,2020-10-27 09:33:09.200,4577.2000,24608,0,287483280.000,2,1,1,多换,S,4575.8000,4575.6000,4575.2000,4574.0000,4573.0000,4577.4000,4577.6000,4577.8000,4578.0000,4578.6000,1,1,1,3,2,2,2,1,1,1
SF,IF2103,2020-10-27 09:33:09.700,4577.2000,24608,0,287483280.000,0,-,-,-,-,4576.0000,4575.8000,4575.2000,4574.0000,4573.0000,4577.4000,4577.6000,4577.8000,4578.0000,4578.6000,1,1,1,3,2,2,2,1,1,1
SF,IF2103,2020-10-27 09:33:10.700,4577.2000,24608,0,287483280.000,0,-,-,-,-,4576.0000,4575.8000,4575.2000,4574.0000,4573.0000,4577.2000,4577.4000,4577.6000,4577.8000,4578.0000,1,1,1,3,2,2,1,2,1,1
SF,IF2103,2020-10-27 09:33:11.200,4577.2000,24608,0,287483280.000,0,-,-,-,-,4576.0000,4575.2000,4574.0000,4573.0000,4570.0000,4576.8000,4577.2000,4577.6000,4577.8000,4578.0000,1,1,3,2,3,1,2,2,1,1
SF,IF2103,2020-10-27 09:33:11.700,4577.2000,24608,0,287483280.000,0,-,-,-,-,4576.0000,4575.2000,4574.0000,4573.0000,4570.0000,4577.6000,4577.8000,4578.0000,4578.6000,4579.8000,2,1,3,2,3,2,1,1,1,3
SF,IF2103,2020-10-27 09:33:12.700,4577.2000,24608,0,287483280.000,0,-,-,-,-,4576.2000,4576.0000,4575.2000,4574.0000,4573.0000,4577.8000,4578.6000,4579.8000,4589.8000,4594.4000,2,2,1,3,2,1,1,3,1,3
SF,IF2103,2020-10-27 09:33:13.200,4577.2000,24608,0,287483280.000,0,-,-,-,-,4576.4000,4576.2000,4576.0000,4575.2000,4574.0000,4578.6000,4579.8000,4589.8000,4594.4000,4594.8000,1,2,1,1,3,1,3,1,3,1
SF,IF2103,2020-10-27 09:33:13.700,4577.2000,24608,0,287483280.000,0,-,-,-,-,4576.6000,4576.4000,4576.0000,4575.2000,4574.0000,4578.6000,4579.8000,4589.8000,4594.4000,4594.8000,1,1,1,1,3,3,3,1,3,1
SF,IF2103,2020-10-27 09:33:14.200,4577.2000,24608,0,287483280.000,0,-,-,-,-,4576.8000,4576.6000,4576.0000,4575.2000,4574.0000,4578.4000,4578.6000,4579.8000,4589.8000,4594.4000,1,1,1,1,3,2,2,3,1,3
SF,IF2103,2020-10-27 09:33:14.700,4577.2000,24608,0,287483280.000,0,-,-,-,-,4576.8000,4576.6000,4576.0000,4575.2000,4574.0000,4578.4000,4578.6000,4579.8000,4589.8000,4594.4000,1,1,1,1,3,1,2,3,1,3
SF,IF2103,2020-10-27 09:33:15.200,4577.2000,24608,0,287483280.000,0,-,-,-,-,4577.0000,4576.8000,4576.6000,4576.0000,4575.2000,4578.6000,4579.8000,4589.8000,4594.4000,4594.8000,2,2,1,1,1,2,3,1,3,1
SF,IF2103,2020-10-27 09:33:15.700,4578.6000,24606,-2,290230440.000,2,0,2,双平,S,4577.2000,4576.6000,4576.0000,4575.2000,4574.0000,4579.8000,4589.8000,4594.4000,4594.8000,4595.0000,4,1,1,1,3,3,1,3,1,1
SF,IF2103,2020-10-27 09:33:16.200,4577.4000,24605,-1,291603660.000,1,0,1,双平,S,4577.4000,4577.2000,4576.0000,4575.2000,4574.0000,4579.2000,4579.4000,4579.8000,4589.8000,4594.4000,2,1,1,1,3,4,1,3,1,3
SF,IF2103,2020-10-27 09:33:16.700,4579.2000,24604,-1,292977420.000,1,0,1,双平,S,4577.8000,4577.6000,4577.4000,4576.0000,4575.2000,4579.8000,4589.8000,4594.4000,4594.8000,4595.0000,2,4,2,1,1,2,1,3,1,1
SF,IF2103,2020-10-27 09:33:17.200,4579.2000,24604,0,292977420.000,0,-,-,-,-,4578.0000,4576.0000,4575.2000,4575.0000,4574.0000,4579.4000,4579.8000,4589.8000,4594.4000,4594.8000,7,1,1,1,3,1,3,1,3,1
SF,IF2103,2020-10-27 09:33:17.700,4579.4000,24604,0,294351240.000,1,0,1,多换,S,4578.4000,4578.2000,4578.0000,4576.0000,4575.2000,4579.8000,4589.8000,4590.0000,4594.4000,4594.8000,2,1,3,1,1,2,1,1,3,1
SF,IF2103,2020-10-27 09:33:18.200,4579.8000,24604,0,297099120.000,2,1,1,多换,S,4578.6000,4578.2000,4576.0000,4575.2000,4575.0000,4579.8000,4589.8000,4590.0000,4594.4000,4594.8000,1,1,1,1,3,1,1,1,3,1
SF,IF2103,2020-10-27 09:33:18.700,4579.8000,24604,0,297099120.000,0,-,-,-,-,4578.6000,4578.2000,4576.0000,4575.2000,4575.0000,4589.8000,4590.0000,4594.4000,4594.8000,4595.0000,1,1,1,1,3,1,1,3,1,1
SF,IF2103,2020-10-27 09:33:19.200,4578.8000,24603,-1,298472760.000,1,0,1,双平,S,4578.6000,4576.0000,4575.2000,4575.0000,4574.0000,4580.8000,4581.0000,4581.2000,4581.6000,4581.8000,1,1,1,3,3,2,1,2,1,1
SF,IF2103,2020-10-27 09:33:19.700,4578.8000,24603,0,298472760.000,0,-,-,-,-,4578.8000,4578.6000,4576.0000,4575.2000,4575.0000,4580.6000,4580.8000,4581.0000,4581.6000,4582.2000,1,2,1,1,3,1,2,1,1,1
SF,IF2103,2020-10-27 09:33:20.200,4579.8000,24604,1,299846700.000,1,1,0,双开,S,4578.8000,4578.6000,4576.0000,4575.2000,4575.0000,4580.4000,4580.6000,4580.8000,4581.0000,4581.6000,2,1,1,1,3,2,1,2,1,1
SF,IF2103,2020-10-27 09:33:20.700,4580.8000,24604,0,303969360.000,3,1,2,多换,S,4579.0000,4578.8000,4578.6000,4576.0000,4575.2000,4581.0000,4581.6000,4582.2000,4582.4000,4582.6000,1,2,1,1,1,1,1,1,1,1
SF,IF2103,2020-10-27 09:33:21.200,4580.8000,24604,0,303969360.000,0,-,-,-,-,4579.2000,4579.0000,4576.0000,4575.2000,4575.0000,4580.8000,4581.0000,4581.6000,4582.2000,4582.4000,2,1,1,1,3,1,1,1,1,1
SF,IF2103,2020-10-27 09:33:21.700,4580.8000,24604,0,303969360.000,0,-,-,-,-,4579.2000,4579.0000,4576.0000,4575.2000,4575.0000,4581.0000,4581.6000,4582.2000,4582.4000,4582.6000,2,1,1,1,3,1,1,1,1,1
SF,IF2103,2020-10-27 09:33:22.200,4580.8000,24604,0,305343600.000,1,0,1,多换,S,4579.2000,4576.0000,4575.2000,4575.0000,4574.4000,4581.0000,4581.6000,4582.2000,4582.4000,4582.6000,2,1,1,3,2,1,1,1,1,1
SF,IF2103,2020-10-27 09:33:22.700,4580.8000,24604,0,305343600.000,0,-,-,-,-,4580.8000,4579.2000,4576.0000,4575.2000,4575.0000,4581.0000,4581.2000,4581.6000,4582.2000,4582.4000,1,2,1,1,3,1,1,1,1,1
SF,IF2103,2020-10-27 09:33:23.200,4580.8000,24604,0,306717840.000,1,0,1,多换,S,4579.2000,4576.0000,4575.2000,4575.0000,4574.4000,4580.6000,4581.0000,4581.2000,4581.6000,4582.2000,2,1,1,3,2,1,1,1,1,1
SF,IF2103,2020-10-27 09:33:23.700,4580.8000,24604,0,306717840.000,0,-,-,-,-,4579.6000,4579.2000,4576.0000,4575.2000,4575.0000,4581.0000,4581.2000,4581.6000,4582.2000,4582.6000,1,1,1,1,3,1,1,1,1,1
SF,IF2103,2020-10-27 09:33:24.200,4579.2000,24603,-1,308091600.000,1,0,1,双平,S,4576.0000,4575.2000,4575.0000,4574.4000,4574.0000,4580.6000,4580.8000,4581.0000,4581.2000,4581.6000,1,1,3,2,3,4,1,1,1,1
SF,IF2103,2020-10-27 09:33:24.700,4579.2000,24603,0,308091600.000,0,-,-,-,-,4576.6000,4576.4000,4576.2000,4576.0000,4575.2000,4579.2000,4580.4000,4580.6000,4580.8000,4581.0000,1,1,1,7,1,1,2,4,1,1
SF,IF2103,2020-10-27 09:33:25.200,4579.2000,24602,-1,309465360.000,1,0,1,双平,S,4577.0000,4576.8000,4576.6000,4576.4000,4576.0000,4580.4000,4580.6000,4580.8000,4581.0000,4581.2000,3,2,2,1,6,1,4,1,1,1
SF,IF2103,2020-10-27 09:33:25.700,4579.2000,24602,0,309465360.000,0,-,-,-,-,4577.2000,4577.0000,4576.6000,4576.4000,4576.0000,4580.4000,4580.6000,4580.8000,4581.0000,4581.2000,2,1,1,1,6,1,4,1,1,1
SF,IF2103,2020-10-27 09:33:26.200,4579.2000,24602,0,309465360.000,0,-,-,-,-,4577.4000,4577.2000,4577.0000,4576.6000,4576.4000,4580.4000,4580.6000,4580.8000,4581.0000,4581.2000,1,2,1,1,1,1,4,1,1,1
SF,IF2103,2020-10-27 09:33:26.700,4579.2000,24602,0,309465360.000,0,-,-,-,-,4577.6000,4577.4000,4577.0000,4576.6000,4576.4000,4580.6000,4580.8000,4581.0000,4581.2000,4581.4000,2,1,1,1,1,4,1,1,1,1
SF,IF2103,2020-10-27 09:33:27.200,4579.2000,24602,0,309465360.000,0,-,-,-,-,4577.6000,4577.0000,4576.6000,4576.4000,4576.0000,4580.4000,4580.6000,4580.8000,4581.0000,4581.2000,2,1,1,1,6,1,4,1,1,1
SF,IF2103,2020-10-27 09:33:27.700,4579.2000,24602,0,309465360.000,0,-,-,-,-,4577.6000,4577.0000,4576.6000,4576.4000,4576.0000,4579.2000,4580.4000,4580.6000,4580.8000,4581.0000,2,1,1,1,6,1,2,5,1,1
SF,IF2103,2020-10-27 09:33:28.200,4580.4000,24602,0,312213240.000,2,1,1,多换,S,4577.8000,4577.6000,4577.4000,4577.0000,4576.6000,4580.4000,4580.6000,4580.8000,4581.2000,4581.4000,3,2,1,1,1,1,5,1,1,1
SF,IF2103,2020-10-27 09:33:28.700,4580.4000,24602,0,312213240.000,0,-,-,-,-,4578.0000,4577.4000,4577.0000,4576.6000,4576.4000,4580.4000,4580.6000,4580.8000,4581.2000,4581.4000,2,1,1,1,1,1,5,1,1,1
SF,IF2103,2020-10-27 09:33:29.200,4580.4000,24602,0,312213240.000,0,-,-,-,-,4578.0000,4577.4000,4577.0000,4576.6000,4576.4000,4579.2000,4580.2000,4580.4000,4580.6000,4580.8000,2,1,1,1,1,1,1,1,5,1
SF,IF2103,2020-10-27 09:33:29.700,4580.4000,24602,0,312213240.000,0,-,-,-,-,4578.2000,4578.0000,4577.0000,4576.6000,4576.4000,4580.6000,4580.8000,4581.2000,4581.4000,4582.6000,1,1,1,1,1,5,1,1,1,1
SF,IF2103,2020-10-27 09:33:30.200,4580.4000,24602,0,312213240.000,0,-,-,-,-,4578.4000,4577.0000,4576.6000,4576.4000,4576.0000,4579.2000,4580.4000,4580.6000,4580.8000,4581.2000,2,1,1,2,6,1,2,5,1,1
SF,IF2103,2020-10-27 09:33:30.700,4578.4000,24601,-1,313586760.000,1,0,1,双平,S,4577.0000,4576.6000,4576.4000,4576.0000,4575.2000,4579.2000,4580.4000,4580.6000,4580.8000,4581.2000,1,1,2,6,1,1,2,5,1,1
SF,IF2103,2020-10-27 09:33:31.200,4578.4000,24601,0,313586760.000,0,-,-,-,-,4577.4000,4577.2000,4577.0000,4576.4000,4576.0000,4579.0000,4579.2000,4580.6000,4580.8000,4581.2000,1,2,1,1,6,1,2,5,1,1
SF,IF2103,2020-10-27 09:33:31.700,4577.2000,24600,-1,314959920.000,1,0,1,双平,S,4576.4000,4576.0000,4575.2000,4575.0000,4574.4000,4578.8000,4579.0000,4579.2000,4580.6000,4580.8000,1,2,1,3,2,5,2,1,1,1
SF,IF2103,2020-10-27 09:33:32.200,4577.2000,24600,0,314959920.000,0,-,-,-,-,4576.6000,4576.4000,4576.0000,4575.2000,4575.0000,4578.6000,4579.2000,4580.6000,4580.8000,4581.2000,1,1,2,1,3,3,1,1,1,1
SF,IF2103,2020-10-27 09:33:32.700,4578.6000,24598,-2,317707020.000,2,0,2,双平,S,4577.0000,4576.8000,4576.6000,4576.4000,4576.0000,4580.6000,4580.8000,4581.2000,4581.4000,4588.8000,1,6,2,1,2,1,1,1,1,5
SF,IF2103,2020-10-27 09:33:33.200,4578.6000,24598,0,317707020.000,0,-,-,-,-,4578.0000,4577.6000,4577.2000,4577.0000,4576.8000,4580.6000,4580.8000,4581.2000,4581.4000,4588.8000,1,2,4,2,1,1,1,1,1,5
SF,IF2103,2020-10-27 09:33:33.700,4578.6000,24598,0,317707020.000,0,-,-,-,-,4578.2000,4578.0000,4577.6000,4577.4000,4577.2000,4580.6000,4580.8000,4581.2000,4581.4000,4588.8000,2,2,2,1,4,1,1,1,1,5
SF,IF2103,2020-10-27 09:33:34.200,4578.6000,24598,0,317707020.000,0,-,-,-,-,4578.6000,4578.4000,4578.2000,4578.0000,4577.6000,4580.6000,4580.8000,4581.2000,4581.4000,4588.8000,3,1,2,1,2,1,1,1,1,5
SF,IF2103,2020-10-27 09:33:34.700,4578.6000,24598,0,317707020.000,0,-,-,-,-,4578.8000,4578.6000,4578.0000,4577.6000,4577.2000,4580.6000,4580.8000,4581.2000,4581.4000,4588.8000,7,1,1,2,3,1,1,1,1,5
SF,IF2103,2020-10-27 09:33:35.200,4578.6000,24598,0,317707020.000,0,-,-,-,-,4579.0000,4578.8000,4578.6000,4578.0000,4577.6000,4580.6000,4580.8000,4581.2000,4581.4000,4588.8000,1,6,1,1,2,1,1,1,1,5
SF,IF2103,2020-10-27 09:33:35.700,4580.6000,24598,0,319081200.000,1,0,1,多换,S,4579.2000,4579.0000,4578.8000,4578.6000,4578.0000,4580.8000,4581.2000,4581.4000,4588.8000,4589.6000,4,1,2,1,1,1,1,1,5,2
SF,IF2103,2020-10-27 09:33:36.200,4580.6000,24598,0,319081200.000,0,-,-,-,-,4579.4000,4579.2000,4578.8000,4578.6000,4578.0000,4580.8000,4581.2000,4581.4000,4586.8000,4588.8000,1,2,1,1,1,1,1,1,1,5
SF,IF2103,2020-10-27 09:33:36.700,4580.6000,24598,0,319081200.000,0,-,-,-,-,4579.6000,4579.4000,4578.8000,4578.6000,4578.0000,4580.8000,4581.2000,4581.4000,4586.8000,4588.8000,2,1,1,1,1,1,1,1,1,5
SF,IF2103,2020-10-27 09:33:37.200,4580.6000,24598,0,319081200.000,0,-,-,-,-,4579.8000,4579.6000,4578.8000,4578.6000,4578.0000,4580.8000,4581.0000,4581.2000,4581.4000,4586.8000,1,2,1,1,1,1,1,1,1,1
SF,IF2103,2020-10-27 09:33:37.700,4579.8000,24596,-2,323203680.000,3,0,3,多平,S,4579.8000,4578.8000,4578.6000,4578.0000,4577.6000,4581.2000,4581.4000,4586.8000,4588.8000,4589.6000,1,1,1,1,2,1,1,1,5,2
SF,IF2103,2020-10-27 09:33:38.200,4581.2000,24596,0,324578040.000,1,0,1,多换,S,4580.2000,4580.0000,4579.8000,4578.8000,4578.6000,4581.4000,4586.8000,4588.8000,4589.6000,4589.8000,1,1,4,1,1,1,1,5,2,1
SF,IF2103,2020-10-27 09:33:38.700,4581.4000,24595,-1,325952460.000,1,0,1,双平,S,4580.4000,4580.2000,4578.8000,4578.6000,4578.0000,4586.8000,4588.8000,4589.6000,4589.8000,4590.0000,2,1,1,1,1,1,5,2,1,1
SF,IF2103,2020-10-27 09:33:39.200,4581.4000,24595,0,325952460.000,0,-,-,-,-,4580.6000,4580.4000,4578.6000,4577.2000,4576.4000,4582.8000,4583.4000,4583.6000,4583.8000,4584.0000,2,1,1,1,1,3,1,1,1,3
SF,IF2103,2020-10-27 09:33:39.700,4581.4000,24595,0,325952460.000,0,-,-,-,-,4580.8000,4580.6000,4578.6000,4577.2000,4576.4000,4582.8000,4583.6000,4583.8000,4584.0000,4584.6000,2,4,1,1,1,1,1,1,3,1
SF,IF2103,2020-10-27 09:33:40.200,4581.4000,24595,0,325952460.000,0,-,-,-,-,4581.0000,4580.8000,4578.6000,4577.2000,4576.4000,4582.8000,4583.6000,4584.6000,4584.8000,4586.4000,4,2,1,1,1,1,1,1,2,6
SF,IF2103,2020-10-27 09:33:40.700,4581.4000,24595,0,325952460.000,0,-,-,-,-,4581.2000,4581.0000,4578.6000,4577.2000,4576.4000,4582.8000,4583.6000,4584.8000,4586.4000,4586.6000,2,5,1,1,1,1,1,2,6,4
SF,IF2103,2020-10-27 09:33:41.200,4581.4000,24595,0,325952460.000,0,-,-,-,-,4581.4000,4581.2000,4581.0000,4578.6000,4576.4000,4582.8000,4583.6000,4584.8000,4586.4000,4586.6000,4,2,1,1,1,1,1,2,6,4
SF,IF2103,2020-10-27 09:33:41.700,4581.4000,24595,0,325952460.000,0,-,-,-,-,4581.8000,4581.6000,4581.4000,4581.0000,4578.6000,4584.8000,4586.4000,4586.6000,4586.8000,4588.8000,2,2,2,1,1,1,6,2,1,5
SF,IF2103,2020-10-27 09:33:42.200,4581.4000,24595,0,325952460.000,0,-,-,-,-,4582.0000,4581.6000,4578.6000,4576.4000,4576.0000,4584.4000,4584.6000,4584.8000,4586.4000,4586.6000,3,1,1,1,1,4,1,2,2,1
SF,IF2103,2020-10-27 09:33:42.700,4581.4000,24595,0,325952460.000,0,-,-,-,-,4582.2000,4582.0000,4581.6000,4578.6000,4576.4000,4582.8000,4583.6000,4584.2000,4584.4000,4584.8000,1,5,1,1,1,1,1,1,4,2
SF,IF2103,2020-10-27 09:33:43.200,4582.0000,24593,-2,330076320.000,3,0,3,多平,S,4581.6000,4578.6000,4576.4000,4576.0000,4575.2000,4582.8000,4584.2000,4584.4000,4586.4000,4586.6000,1,1,1,1,1,1,1,4,2,1
SF,IF2103,2020-10-27 09:33:43.700,4582.0000,24593,0,330076320.000,0,-,-,-,-,4581.6000,4578.6000,4576.4000,4576.0000,4575.2000,4582.6000,4582.8000,4584.4000,4586.4000,4586.6000,2,1,1,1,1,1,2,4,2,1
SF,IF2103,2020-10-27 09:33:44.200,4581.6000,24593,0,331450800.000,1,0,1,多换,S,4581.6000,4578.6000,4576.4000,4576.0000,4575.2000,4582.6000,4582.8000,4584.4000,4586.4000,4586.6000,1,1,1,1,1,1,2,4,2,1
SF,IF2103,2020-10-27 09:33:44.700,4581.6000,24593,0,331450800.000,0,-,-,-,-,4581.6000,4578.6000,4576.4000,4576.0000,4575.2000,4582.6000,4582.8000,4584.4000,4586.4000,4586.6000,1,1,1,1,1,1,2,4,2,1
SF,IF2103,2020-10-27 09:33:45.200,4581.6000,24593,0,331450800.000,0,-,-,-,-,4581.6000,4578.6000,4576.4000,4576.0000,4575.2000,4582.4000,4582.6000,4582.8000,4584.4000,4586.4000,1,1,1,1,1,1,1,2,4,2
SF,IF2103,2020-10-27 09:33:45.700,4581.6000,24593,0,332825280.000,1,0,1,多换,S,4578.6000,4576.4000,4576.0000,4575.2000,4575.0000,4582.4000,4582.8000,4584.4000,4586.4000,4586.6000,1,1,1,1,3,1,2,4,2,1
SF,IF2103,2020-10-27 09:33:46.200,4581.6000,24593,0,332825280.000,0,-,-,-,-,4578.8000,4578.6000,4576.4000,4576.0000,4575.2000,4582.2000,4582.4000,4582.8000,4586.4000,4586.6000,2,3,1,1,1,5,2,1,2,1
SF,IF2103,2020-10-27 09:33:46.700,4581.6000,24593,0,332825280.000,0,-,-,-,-,4578.8000,4578.6000,4576.4000,4576.0000,4575.2000,4582.0000,4582.2000,4582.4000,4582.8000,4584.0000,2,3,1,1,1,1,5,1,1,1
SF,IF2103,2020-10-27 09:33:47.200,4581.6000,24593,0,332825280.000,0,-,-,-,-,4578.8000,4578.6000,4576.4000,4576.0000,4575.2000,4581.8000,4582.0000,4582.2000,4582.4000,4582.8000,2,3,1,1,1,1,1,4,1,1
SF,IF2103,2020-10-27 09:33:47.700,4581.6000,24593,0,332825280.000,0,-,-,-,-,4578.8000,4578.6000,4576.4000,4576.0000,4575.2000,4581.8000,4582.2000,4582.4000,4582.8000,4584.0000,2,3,1,1,1,2,4,1,1,1
SF,IF2103,2020-10-27 09:33:48.200,4581.6000,24593,0,332825280.000,0,-,-,-,-,4578.8000,4578.6000,4576.4000,4576.0000,4575.2000,4581.0000,4581.8000,4582.4000,4584.0000,4586.4000,2,2,1,1,1,1,2,1,1,1
SF,IF2103,2020-10-27 09:33:48.700,4581.6000,24593,0,332825280.000,0,-,-,-,-,4579.2000,4578.8000,4578.6000,4576.4000,4576.0000,4581.8000,4582.4000,4584.0000,4586.4000,4586.6000,2,2,2,1,1,1,1,1,1,1
SF,IF2103,2020-10-27 09:33:49.200,4581.6000,24593,0,332825280.000,0,-,-,-,-,4579.4000,4579.2000,4578.6000,4576.4000,4576.0000,4581.8000,4582.4000,4584.0000,4586.4000,4586.6000,2,2,2,1,1,2,1,1,1,1
SF,IF2103,2020-10-27 09:33:49.700,4581.6000,24593,0,332825280.000,0,-,-,-,-,4579.8000,4579.4000,4578.6000,4576.4000,4576.0000,4582.4000,4584.0000,4586.4000,4586.6000,4586.8000,2,2,2,1,1,1,1,1,1,1
SF,IF2103,2020-10-27 09:33:50.200,4581.6000,24593,0,332825280.000,0,-,-,-,-,4580.0000,4578.6000,4576.4000,4576.0000,4575.2000,4582.2000,4582.4000,4584.0000,4586.4000,4586.6000,2,2,1,1,1,1,2,1,1,1
SF,IF2103,2020-10-27 09:33:50.700,4581.6000,24593,0,332825280.000,0,-,-,-,-,4580.0000,4578.6000,4576.4000,4576.0000,4575.2000,4581.0000,4582.2000,4582.4000,4584.0000,4586.4000,1,2,1,1,1,1,3,1,1,1
SF,IF2103,2020-10-27 09:33:51.200,4581.6000,24593,0,332825280.000,0,-,-,-,-,4580.2000,4578.6000,4576.4000,4576.0000,4575.2000,4581.0000,4582.2000,4582.4000,4584.0000,4586.4000,2,2,1,1,1,2,1,1,1,1
SF,IF2103,2020-10-27 09:33:51.700,4581.6000,24593,0,332825280.000,0,-,-,-,-,4580.2000,4578.6000,4576.4000,4576.0000,4575.2000,4581.0000,4582.2000,4582.4000,4584.0000,4586.4000,1,2,1,1,1,2,1,1,1,1
SF,IF2103,2020-10-27 09:33:52.200,4581.6000,24593,0,332825280.000,0,-,-,-,-,4578.6000,4576.4000,4576.0000,4575.2000,4575.0000,4581.0000,4582.2000,4582.4000,4584.0000,4586.4000,2,1,1,1,3,2,1,1,1,1
SF,IF2103,2020-10-27 09:33:52.700,4581.6000,24593,0,332825280.000,0,-,-,-,-,4579.0000,4578.8000,4578.6000,4576.4000,4576.0000,4581.0000,4582.2000,4582.4000,4584.0000,4586.4000,2,2,2,1,1,1,1,1,1,1
SF,IF2103,2020-10-27 09:33:53.200,4581.6000,24593,0,332825280.000,0,-,-,-,-,4579.2000,4578.6000,4576.4000,4576.0000,4575.2000,4581.0000,4582.2000,4582.4000,4584.0000,4586.4000,4,2,1,1,1,2,1,1,1,1
SF,IF2103,2020-10-27 09:33:53.700,4581.6000,24593,0,332825280.000,0,-,-,-,-,4579.2000,4578.6000,4576.4000,4576.0000,4575.2000,4580.8000,4581.0000,4582.4000,4584.0000,4586.4000,4,1,1,1,1,1,2,1,1,1
SF,IF2103,2020-10-27 09:33:54.200,4581.6000,24593,0,332825280.000,0,-,-,-,-,4579.2000,4576.4000,4576.0000,4575.2000,4575.0000,4580.8000,4581.0000,4582.4000,4584.0000,4586.4000,4,1,1,1,3,2,1,1,1,1
SF,IF2103,2020-10-27 09:33:54.700,4581.6000,24593,0,332825280.000,0,-,-,-,-,4579.2000,4576.4000,4576.0000,4575.2000,4575.0000,4580.8000,4581.0000,4582.4000,4586.4000,4586.6000,4,1,1,1,3,2,1,1,1,1
SF,IF2103,2020-10-27 09:33:55.200,4581.6000,24593,0,332825280.000,0,-,-,-,-,4579.2000,4576.4000,4576.0000,4575.2000,4575.0000,4580.8000,4581.0000,4582.4000,4586.4000,4586.6000,4,1,1,1,3,2,2,1,1,1
SF,IF2103,2020-10-27 09:33:56.200,4581.6000,24593,0,332825280.000,0,-,-,-,-,4579.2000,4576.4000,4576.0000,4575.2000,4575.0000,4580.6000,4580.8000,4581.0000,4582.4000,4586.4000,4,1,1,1,3,2,2,2,1,1
SF,IF2103,2020-10-27 09:33:56.700,4581.6000,24593,0,332825280.000,0,-,-,-,-,4579.2000,4576.4000,4576.0000,4575.2000,4575.0000,4580.4000,4580.6000,4580.8000,4581.0000,4582.4000,3,1,1,1,3,1,2,1,1,1
SF,IF2103,2020-10-27 09:33:57.200,4581.6000,24593,0,332825280.000,0,-,-,-,-,4579.2000,4576.4000,4576.0000,4575.2000,4575.0000,4580.4000,4580.6000,4580.8000,4581.0000,4582.4000,2,1,1,1,3,2,2,1,1,1
SF,IF2103,2020-10-27 09:33:57.700,4581.6000,24593,0,332825280.000,0,-,-,-,-,4579.2000,4576.4000,4576.0000,4575.2000,4575.0000,4580.4000,4580.6000,4580.8000,4581.0000,4582.4000,2,1,1,1,3,2,2,1,1,1
SF,IF2103,2020-10-27 09:33:58.200,4581.6000,24593,0,332825280.000,0,-,-,-,-,4579.2000,4576.4000,4576.0000,4575.2000,4575.0000,4580.2000,4580.4000,4580.6000,4580.8000,4581.0000,2,1,1,1,3,1,1,2,1,1
SF,IF2103,2020-10-27 09:33:58.700,4581.6000,24593,0,332825280.000,0,-,-,-,-,4579.2000,4576.4000,4576.0000,4575.2000,4575.0000,4580.2000,4580.4000,4580.6000,4580.8000,4581.0000,2,1,1,1,3,1,1,2,1,1
SF,IF2103,2020-10-27 09:33:59.700,4581.6000,24593,0,332825280.000,0,-,-,-,-,4579.2000,4576.6000,4576.4000,4576.0000,4575.2000,4580.0000,4580.2000,4580.4000,4580.8000,4581.0000,2,1,1,1,1,2,1,1,1,1
SF,IF2103,2020-10-27 09:34:00.200,4579.2000,24591,-2,336947040.000,3,0,3,多平,S,4579.2000,4576.6000,4576.4000,4576.0000,4575.2000,4580.2000,4580.4000,4580.8000,4581.0000,4586.4000,1,1,1,1,1,1,1,1,1,1
SF,IF2103,2020-10-27 09:34:00.700,4579.2000,24591,0,336947040.000,0,-,-,-,-,4579.4000,4576.6000,4576.4000,4576.0000,4575.2000,4580.2000,4580.4000,4580.8000,4581.0000,4586.4000,2,1,1,1,1,1,1,1,1,1
SF,IF2103,2020-10-27 09:34:02.200,4580.2000,24590,-1,338321100.000,1,0,1,双平,S,4579.4000,4576.6000,4576.4000,4576.0000,4575.2000,4580.4000,4580.8000,4581.0000,4581.6000,4586.4000,2,1,1,1,1,1,1,1,1,1
SF,IF2103,2020-10-27 09:34:02.700,4579.4000,24589,-1,341068740.000,2,0,2,多平,S,4576.6000,4576.4000,4576.0000,4575.2000,4575.0000,4580.8000,4581.0000,4581.6000,4586.4000,4586.6000,1,1,1,1,3,1,1,1,1,1
SF,IF2103,2020-10-27 09:34:03.200,4579.4000,24589,0,341068740.000,0,-,-,-,-,4577.6000,4577.2000,4577.0000,4576.8000,4576.6000,4580.8000,4581.0000,4581.6000,4586.4000,4586.6000,3,2,1,3,2,2,1,1,1,1
SF,IF2103,2020-10-27 09:34:03.700,4579.4000,24589,0,341068740.000,0,-,-,-,-,4577.8000,4577.0000,4576.8000,4576.6000,4576.4000,4580.0000,4580.8000,4581.6000,4586.4000,4586.6000,2,1,1,2,1,1,3,1,1,1
SF,IF2103,2020-10-27 09:34:04.200,4579.4000,24589,0,341068740.000,0,-,-,-,-,4577.8000,4576.8000,4576.6000,4576.4000,4576.0000,4579.2000,4579.8000,4580.0000,4580.8000,4581.6000,1,1,2,1,1,1,5,1,2,1
SF,IF2103,2020-10-27 09:34:04.700,4579.4000,24589,0,341068740.000,0,-,-,-,-,4576.6000,4576.4000,4576.0000,4575.2000,4575.0000,4579.2000,4579.8000,4580.0000,4580.8000,4581.6000,2,1,1,1,3,1,5,1,2,1
SF,IF2103,2020-10-27 09:34:05.200,4579.4000,24589,0,341068740.000,0,-,-,-,-,4576.8000,4576.6000,4576.4000,4576.0000,4575.2000,4579.0000,4579.2000,4580.0000,4580.8000,4581.6000,2,1,1,1,1,5,1,1,2,1
SF,IF2103,2020-10-27 09:34:05.700,4579.4000,24589,0,341068740.000,0,-,-,-,-,4576.8000,4576.6000,4576.4000,4576.0000,4575.2000,4579.0000,4579.2000,4580.0000,4580.8000,4581.6000,2,1,1,1,1,5,1,1,1,1
SF,IF2103,2020-10-27 09:34:07.200,4579.4000,24589,0,341068740.000,0,-,-,-,-,4576.8000,4576.6000,4576.4000,4576.0000,4575.2000,4577.4000,4578.6000,4578.8000,4579.0000,4580.0000,2,1,1,1,1,1,1,1,5,1
SF,IF2103,2020-10-27 09:34:07.700,4577.8000,24589,0,342442080.000,1,0,1,多换,S,4576.6000,4576.4000,4576.0000,4575.2000,4575.0000,4578.8000,4579.0000,4580.0000,4580.8000,4586.4000,1,1,1,1,3,1,1,1,1,1
SF,IF2103,2020-10-27 09:34:08.200,4577.8000,24589,0,342442080.000,0,-,-,-,-,4577.0000,4576.8000,4576.6000,4576.4000,4576.0000,4578.8000,4580.0000,4586.4000,4586.8000,4588.8000,2,2,2,1,1,1,1,1,1,5
SF,IF2103,2020-10-27 09:34:08.700,4578.8000,24588,-1,345189360.000,2,0,2,多平,S,4577.4000,4577.2000,4576.8000,4576.6000,4576.4000,4580.0000,4586.4000,4586.8000,4588.8000,4589.6000,2,2,1,2,1,1,1,1,5,2
SF,IF2103,2020-10-27 09:34:09.200,4578.8000,24588,0,345189360.000,0,-,-,-,-,4577.6000,4577.2000,4576.6000,4576.4000,4576.0000,4580.0000,4586.4000,4586.8000,4588.8000,4589.6000,2,2,2,1,1,1,1,1,5,2
SF,IF2103,2020-10-27 09:34:09.700,4578.8000,24588,0,345189360.000,0,-,-,-,-,4578.0000,4577.8000,4577.6000,4577.2000,4576.6000,4580.0000,4586.4000,4586.8000,4588.8000,4589.6000,2,4,2,2,2,1,1,1,5,2
SF,IF2103,2020-10-27 09:34:10.200,4578.8000,24588,0,345189360.000,0,-,-,-,-,4578.2000,4578.0000,4577.8000,4577.2000,4576.6000,4579.8000,4580.0000,4586.4000,4586.8000,4588.8000,3,2,4,2,2,1,1,1,1,5
SF,IF2103,2020-10-27 09:34:10.700,4578.8000,24588,0,345189360.000,0,-,-,-,-,4578.4000,4578.2000,4577.8000,4576.6000,4576.4000,4579.8000,4580.0000,4580.6000,4586.4000,4586.8000,2,2,1,2,1,1,1,1,1,1
SF,IF2103,2020-10-27 09:34:11.200,4578.8000,24588,0,345189360.000,0,-,-,-,-,4578.4000,4578.2000,4577.8000,4576.6000,4576.4000,4579.8000,4580.0000,4580.6000,4586.4000,4586.8000,2,1,1,2,1,1,1,1,1,1
SF,IF2103,2020-10-27 09:34:11.700,4578.8000,24588,0,345189360.000,0,-,-,-,-,4578.2000,4577.8000,4576.6000,4576.4000,4576.0000,4579.6000,4579.8000,4580.0000,4580.6000,4586.4000,1,1,2,1,1,1,1,1,1,1
SF,IF2103,2020-10-27 09:34:12.200,4578.8000,24588,0,345189360.000,0,-,-,-,-,4577.8000,4576.6000,4576.4000,4576.0000,4575.2000,4579.6000,4579.8000,4580.0000,4580.6000,4586.4000,1,2,1,1,1,1,1,1,1,1
SF,IF2103,2020-10-27 09:34:12.700,4578.8000,24588,0,345189360.000,0,-,-,-,-,4577.8000,4576.6000,4576.4000,4576.0000,4575.2000,4579.6000,4579.8000,4580.0000,4580.6000,4586.4000,1,2,1,1,1,1,1,1,1,1
SF,IF2103,2020-10-27 09:34:13.200,4578.8000,24588,0,345189360.000,0,-,-,-,-,4576.6000,4576.4000,4576.0000,4575.2000,4575.0000,4579.6000,4579.8000,4580.0000,4580.6000,4586.4000,2,1,1,1,3,1,1,1,1,1
SF,IF2103,2020-10-27 09:34:13.700,4578.8000,24588,0,345189360.000,0,-,-,-,-,4577.2000,4576.8000,4576.6000,4576.4000,4576.0000,4579.2000,4579.4000,4579.6000,4579.8000,4580.0000,1,2,1,1,1,4,1,2,1,1
SF,IF2103,2020-10-27 09:34:14.200,4578.8000,24588,0,345189360.000,0,-,-,-,-,4577.4000,4577.2000,4576.6000,4576.4000,4576.0000,4579.6000,4579.8000,4580.0000,4580.6000,4586.4000,2,1,1,1,1,2,1,1,1,1
SF,IF2103,2020-10-27 09:34:14.700,4578.8000,24588,0,345189360.000,0,-,-,-,-,4577.4000,4577.2000,4576.6000,4576.4000,4576.0000,4579.6000,4579.8000,4580.0000,4580.6000,4586.4000,2,1,1,1,1,2,1,1,1,1
SF,IF2103,2020-10-27 09:34:15.700,4578.8000,24588,0,345189360.000,0,-,-,-,-,4577.4000,4577.2000,4576.6000,4576.4000,4576.0000,4579.2000,4579.6000,4579.8000,4580.0000,4580.6000,2,1,1,1,1,4,2,1,1,1
SF,IF2103,2020-10-27 09:34:16.200,4578.8000,24588,0,345189360.000,0,-,-,-,-,4577.4000,4577.2000,4576.6000,4576.4000,4576.0000,4579.6000,4579.8000,4580.0000,4580.4000,4586.4000,2,1,1,1,1,2,1,1,1,1
SF,IF2103,2020-10-27 09:34:18.700,4578.8000,24588,0,345189360.000,0,-,-,-,-,4577.8000,4577.6000,4577.4000,4576.6000,4576.4000,4579.6000,4579.8000,4580.0000,4580.4000,4586.4000,1,1,2,1,1,2,1,1,1,1
SF,IF2103,2020-10-27 09:34:19.200,4578.8000,24588,0,345189360.000,0,-,-,-,-,4577.8000,4577.6000,4577.4000,4576.6000,4576.4000,4579.6000,4579.8000,4580.0000,4580.4000,4586.4000,1,1,2,1,1,1,1,1,1,1
SF,IF2103,2020-10-27 09:34:19.700,4578.8000,24588,0,345189360.000,0,-,-,-,-,4577.8000,4577.6000,4577.4000,4576.6000,4576.4000,4579.6000,4579.8000,4580.0000,4580.4000,4586.4000,1,1,2,1,1,2,1,1,1,1
SF,IF2103,2020-10-27 09:34:20.200,4578.8000,24588,0,345189360.000,0,-,-,-,-,4578.0000,4577.8000,4577.6000,4577.4000,4576.6000,4579.6000,4579.8000,4580.0000,4580.4000,4586.4000,1,1,1,1,1,1,1,1,1,1
SF,IF2103,2020-10-27 09:34:20.700,4579.6000,24588,0,346563240.000,1,0,1,多换,S,4578.2000,4578.0000,4577.6000,4577.4000,4576.6000,4579.6000,4580.0000,4580.4000,4586.4000,4586.8000,2,1,1,1,1,1,1,1,1,1
SF,IF2103,2020-10-27 09:34:21.200,4578.6000,24586,-2,349310700.000,2,0,2,双平,S,4578.6000,4578.4000,4578.2000,4577.6000,4577.4000,4580.0000,4580.4000,4586.4000,4586.8000,4589.6000,1,1,1,1,1,1,1,1,1,2
SF,IF2103,2020-10-27 09:34:21.700,4580.0000,24585,-1,350684700.000,1,0,1,双平,S,4579.0000,4578.8000,4578.4000,4577.4000,4576.6000,4586.4000,4586.8000,4589.6000,4589.8000,4590.0000,1,2,1,1,1,1,1,2,1,1
SF,IF2103,2020-10-27 09:34:22.200,4580.0000,24585,0,350684700.000,0,-,-,-,-,4579.2000,4579.0000,4576.6000,4576.4000,4576.0000,4580.8000,4581.8000,4582.2000,4582.4000,4582.6000,2,1,1,1,1,2,1,2,2,2
SF,IF2103,2020-10-27 09:34:22.700,4579.2000,24583,-2,353432220.000,2,0,2,双平,S,4579.0000,4576.6000,4576.4000,4576.0000,4575.2000,4580.6000,4582.2000,4582.4000,4582.6000,4582.8000,1,1,1,1,1,1,2,2,1,3
SF,IF2103,2020-10-27 09:34:23.200,4579.2000,24583,0,353432220.000,0,-,-,-,-,4579.0000,4576.6000,4576.4000,4576.0000,4575.2000,4580.4000,4580.6000,4582.2000,4582.4000,4582.6000,1,1,1,1,1,1,2,2,2,1
SF,IF2103,2020-10-27 09:34:23.700,4579.2000,24583,0,353432220.000,0,-,-,-,-,4579.0000,4576.6000,4576.4000,4576.0000,4575.2000,4580.2000,4582.2000,4582.4000,4582.6000,4582.8000,1,1,1,1,1,1,2,2,1,1
SF,IF2103,2020-10-27 09:34:24.200,4579.2000,24583,0,353432220.000,0,-,-,-,-,4579.0000,4576.6000,4576.4000,4576.0000,4575.2000,4580.2000,4580.8000,4582.2000,4582.4000,4582.6000,1,1,1,1,1,1,5,2,2,1
SF,IF2103,2020-10-27 09:34:24.700,4579.2000,24583,0,353432220.000,0,-,-,-,-,4579.0000,4576.6000,4576.4000,4576.0000,4575.2000,4580.2000,4580.8000,4582.2000,4582.6000,4583.2000,1,1,1,1,1,1,5,1,1,1
SF,IF2103,2020-10-27 09:34:26.200,4579.2000,24583,0,353432220.000,0,-,-,-,-,4576.6000,4576.4000,4576.0000,4575.2000,4575.0000,4580.2000,4580.8000,4582.2000,4582.6000,4583.2000,1,1,1,1,3,1,5,1,1,1
SF,IF2103,2020-10-27 09:34:26.700,4579.2000,24583,0,353432220.000,0,-,-,-,-,4577.0000,4576.8000,4576.6000,4576.4000,4576.0000,4580.2000,4580.8000,4582.2000,4582.6000,4583.2000,1,3,2,1,1,1,5,1,1,1
SF,IF2103,2020-10-27 09:34:27.200,4579.2000,24583,0,353432220.000,0,-,-,-,-,4578.2000,4578.0000,4577.6000,4577.4000,4577.2000,4580.8000,4582.6000,4583.2000,4583.8000,4584.0000,1,4,4,1,2,5,1,1,2,1
SF,IF2103,2020-10-27 09:34:27.700,4578.6000,24582,-1,354805800.000,1,0,1,双平,S,4578.6000,4578.4000,4578.2000,4578.0000,4577.6000,4580.8000,4582.6000,4583.2000,4583.8000,4584.0000,1,2,1,5,4,5,1,1,1,1
SF,IF2103,2020-10-27 09:34:28.200,4578.6000,24582,0,354805800.000,0,-,-,-,-,4579.8000,4579.0000,4578.8000,4578.6000,4578.2000,4580.6000,4580.8000,4586.0000,4586.2000,4586.4000,1,1,2,1,1,1,5,4,1,1
SF,IF2103,2020-10-27 09:34:28.700,4578.6000,24582,0,354805800.000,0,-,-,-,-,4579.8000,4578.8000,4578.6000,4578.2000,4578.0000,4580.6000,4580.8000,4586.0000,4586.2000,4586.4000,1,2,1,1,4,1,5,4,1,1
SF,IF2103,2020-10-27 09:34:29.200,4578.6000,24582,0,354805800.000,0,-,-,-,-,4579.8000,4578.8000,4578.6000,4578.2000,4578.0000,4580.6000,4580.8000,4586.0000,4586.2000,4586.4000,1,2,1,1,1,1,5,4,1,1
SF,IF2103,2020-10-27 09:34:29.700,4579.8000,24581,-1,356179740.000,1,0,1,双平,S,4578.8000,4578.6000,4578.2000,4578.0000,4577.6000,4580.6000,4580.8000,4586.0000,4586.2000,4586.4000,2,1,1,1,2,1,5,4,1,1
