市场代码,合约代码,时间,最新,持仓,增仓,成交额,成交量,开仓,平仓,成交类型,方向,买一价,买二价,买三价,买四价,买五价,卖一价,卖二价,卖三价,卖四价,卖五价,买一量,买二量,买三量,买四量,买五量,卖一量,卖二量,卖三量,卖四量,卖五量
SF,IF2103,2020-08-18 09:29:00.000,4698.8000,4240,0,5638560.000,4.000,-,-,-,-,4691.8000,4691.2000,4690.0000,4685.8000,4683.8000,4704.0000,4705.4000,4706.4000,4707.6000,4714.0000,1,1,1,1,1,1,4,1,1,1
SF,IF2103,2020-08-18 09:30:00.500,4698.8000,4240,0,5638560.000,0,-,-,-,-,4696.0000,4693.8000,4692.0000,4691.8000,4691.2000,4704.0000,4706.4000,4707.6000,4714.0000,4715.0000,2,1,1,1,1,1,1,1,1,10
SF,IF2103,2020-08-18 09:30:01.000,4696.2000,4239,-1,7047420.000,1,0,1,双平,S,4696.0000,4673.4000,4673.0000,4671.2000,4661.0000,4704.8000,4714.0000,4715.0000,4719.0000,4725.0000,2,5,1,1,1,1,1,10,1,6
SF,IF2103,2020-08-18 09:30:01.500,4696.2000,4239,0,7047420.000,0,-,-,-,-,4696.0000,4673.4000,4673.0000,4671.2000,4661.0000,4704.8000,4714.0000,4715.0000,4719.0000,4725.0000,2,5,1,1,1,1,1,10,1,6
SF,IF2103,2020-08-18 09:30:02.000,4696.2000,4239,0,7047420.000,0,-,-,-,-,4696.2000,4696.0000,4673.4000,4673.0000,4671.2000,4704.8000,4714.0000,4715.0000,4725.0000,4730.0000,1,2,5,1,1,1,1,10,6,2
SF,IF2103,2020-08-18 09:30:02.500,4696.2000,4239,0,7047420.000,0,-,-,-,-,4697.2000,4696.2000,4696.0000,4673.4000,4673.0000,4704.8000,4714.0000,4715.0000,4725.0000,4730.0000,1,1,2,5,1,1,1,10,6,2
SF,IF2103,2020-08-18 09:30:03.000,4696.2000,4239,0,7047420.000,0,-,-,-,-,4697.4000,4697.2000,4696.0000,4673.4000,4673.0000,4704.4000,4704.8000,4714.0000,4715.0000,4725.0000,2,1,2,5,1,1,1,1,10,6
SF,IF2103,2020-08-18 09:30:03.500,4696.2000,4239,0,7047420.000,0,-,-,-,-,4697.6000,4697.4000,4697.2000,4696.0000,4673.4000,4704.8000,4714.0000,4715.0000,4725.0000,4730.0000,1,2,1,2,5,1,1,10,6,2
SF,IF2103,2020-08-18 09:30:04.000,4696.2000,4239,0,7047420.000,0,-,-,-,-,4698.8000,4698.4000,4697.8000,4696.0000,4673.4000,4704.8000,4714.0000,4715.0000,4725.0000,4730.0000,1,1,1,2,5,1,1,10,6,2
SF,IF2103,2020-08-18 09:30:04.500,4696.2000,4239,0,7047420.000,0,-,-,-,-,4699.0000,4698.8000,4698.4000,4696.0000,4673.4000,4704.8000,4714.0000,4715.0000,4725.0000,4730.0000,1,1,1,2,5,1,1,10,6,2
SF,IF2103,2020-08-18 09:30:05.000,4696.2000,4239,0,7047420.000,0,-,-,-,-,4699.2000,4699.0000,4698.8000,4696.0000,4673.4000,4704.8000,4714.0000,4715.0000,4725.0000,4730.0000,1,1,1,2,5,1,1,10,6,2
SF,IF2103,2020-08-18 09:30:05.500,4696.2000,4239,0,7047420.000,0,-,-,-,-,4699.4000,4699.2000,4696.0000,4673.4000,4673.0000,4704.8000,4714.0000,4715.0000,4719.0000,4725.0000,1,1,2,5,1,1,1,10,1,6
SF,IF2103,2020-08-18 09:30:06.000,4696.2000,4239,0,7047420.000,0,-,-,-,-,4699.8000,4699.4000,4699.2000,4696.0000,4673.4000,4704.8000,4714.0000,4715.0000,4719.0000,4725.0000,1,1,1,2,5,1,1,10,1,6
SF,IF2103,2020-08-18 09:30:06.500,4696.2000,4239,0,7047420.000,0,-,-,-,-,4700.0000,4699.8000,4699.2000,4696.0000,4673.4000,4704.8000,4714.0000,4715.0000,4719.0000,4725.0000,1,1,1,2,5,1,1,10,1,6
SF,IF2103,2020-08-18 09:30:07.000,4696.2000,4239,0,7047420.000,0,-,-,-,-,4701.4000,4700.0000,4699.8000,4696.0000,4673.4000,4704.8000,4714.0000,4715.0000,4719.0000,4725.0000,1,1,1,2,5,1,1,10,1,6
SF,IF2103,2020-08-18 09:30:07.500,4696.2000,4239,0,7047420.000,0,-,-,-,-,4696.0000,4673.4000,4673.0000,4659.4000,4655.6000,4704.8000,4714.0000,4715.0000,4719.0000,4725.0000,2,5,1,1,5,1,1,10,1,6
SF,IF2103,2020-08-18 09:30:08.000,4696.2000,4239,0,7047420.000,0,-,-,-,-,4696.0000,4673.4000,4673.0000,4659.4000,4655.6000,4704.6000,4704.8000,4714.0000,4715.0000,4719.0000,2,5,1,1,5,1,1,1,10,1
SF,IF2103,2020-08-18 09:30:08.500,4696.2000,4239,0,7047420.000,0,-,-,-,-,4696.0000,4673.4000,4659.4000,4655.6000,4650.0000,4704.6000,4704.8000,4715.0000,4719.0000,4725.0000,2,5,1,5,1,1,1,10,1,6
SF,IF2103,2020-08-18 09:30:09.000,4696.2000,4239,0,7047420.000,0,-,-,-,-,4697.2000,4696.0000,4673.4000,4659.4000,4655.6000,4704.2000,4704.6000,4704.8000,4715.0000,4719.0000,1,2,5,1,5,2,1,1,10,1
SF,IF2103,2020-08-18 09:30:09.500,4696.2000,4239,0,7047420.000,0,-,-,-,-,4697.2000,4696.0000,4673.4000,4659.4000,4655.6000,4704.0000,4704.2000,4704.8000,4715.0000,4719.0000,1,2,5,1,5,1,2,1,10,1
SF,IF2103,2020-08-18 09:30:10.000,4696.2000,4239,0,7047420.000,0,-,-,-,-,4697.2000,4696.0000,4673.4000,4659.4000,4655.6000,4704.0000,4704.8000,4715.0000,4719.0000,4725.0000,1,2,5,1,5,1,1,10,1,6
SF,IF2103,2020-08-18 09:30:10.500,4696.2000,4239,0,7047420.000,0,-,-,-,-,4700.2000,4697.4000,4696.0000,4673.4000,4659.4000,4704.0000,4704.8000,4715.0000,4719.0000,4725.0000,1,1,2,5,1,1,1,10,1,6
SF,IF2103,2020-08-18 09:30:11.000,4704.0000,4238,-1,8458620.000,1,0,1,双平,S,4700.2000,4697.8000,4697.4000,4696.0000,4673.4000,4704.8000,4715.0000,4719.0000,4725.0000,4730.0000,1,2,1,2,5,1,10,1,6,2
SF,IF2103,2020-08-18 09:30:11.500,4704.0000,4238,0,8458620.000,0,-,-,-,-,4700.4000,4700.2000,4697.8000,4697.4000,4696.0000,4704.8000,4715.0000,4719.0000,4725.0000,4730.0000,1,1,2,1,2,1,10,1,6,2
SF,IF2103,2020-08-18 09:30:12.000,4704.0000,4238,0,8458620.000,0,-,-,-,-,4700.4000,4700.2000,4697.8000,4697.4000,4696.0000,4704.8000,4715.0000,4719.0000,4725.0000,4730.0000,1,1,2,1,2,1,10,1,6,2
SF,IF2103,2020-08-18 09:30:12.500,4704.0000,4238,0,8458620.000,0,-,-,-,-,4700.4000,4697.8000,4697.4000,4696.0000,4673.4000,4704.8000,4715.0000,4719.0000,4725.0000,4730.0000,1,2,1,2,5,1,10,1,6,2
SF,IF2103,2020-08-18 09:30:13.000,4704.0000,4238,0,8458620.000,0,-,-,-,-,4700.4000,4697.8000,4697.4000,4696.0000,4673.4000,4704.8000,4715.0000,4719.0000,4725.0000,4730.0000,1,2,1,2,5,1,10,1,6,2
SF,IF2103,2020-08-18 09:30:13.500,4704.0000,4238,0,8458620.000,0,-,-,-,-,4700.4000,4700.0000,4697.8000,4697.4000,4696.0000,4704.8000,4715.0000,4719.0000,4725.0000,4730.0000,1,2,2,1,2,1,10,1,6,2
SF,IF2103,2020-08-18 09:30:14.000,4704.0000,4238,0,8458620.000,0,-,-,-,-,4700.4000,4700.0000,4697.8000,4697.4000,4696.0000,4704.8000,4715.0000,4719.0000,4725.0000,4730.0000,1,2,2,1,2,1,10,1,6,2
SF,IF2103,2020-08-18 09:30:14.500,4704.8000,4237,-1,9870060.000,1,0,1,双平,S,4700.4000,4700.0000,4697.8000,4697.4000,4696.0000,4715.0000,4719.0000,4725.0000,4730.0000,4737.4000,1,2,2,1,2,10,1,6,2,5
SF,IF2103,2020-08-18 09:30:15.000,4704.8000,4237,0,9870060.000,0,-,-,-,-,4700.8000,4700.4000,4700.0000,4697.8000,4697.4000,4712.0000,4715.0000,4719.0000,4725.0000,4730.0000,1,1,2,2,1,1,10,1,6,2
SF,IF2103,2020-08-18 09:30:15.500,4704.8000,4237,0,9870060.000,0,-,-,-,-,4701.0000,4700.8000,4700.0000,4697.4000,4685.2000,4712.0000,4715.0000,4719.0000,4725.0000,4730.0000,1,1,2,1,1,1,10,1,6,2
SF,IF2103,2020-08-18 09:30:16.000,4704.8000,4237,0,9870060.000,0,-,-,-,-,4701.0000,4700.8000,4700.0000,4685.2000,4673.4000,4712.0000,4715.0000,4719.0000,4725.0000,4730.0000,1,1,2,1,5,1,10,1,6,2
SF,IF2103,2020-08-18 09:30:16.500,4704.8000,4237,0,9870060.000,0,-,-,-,-,4701.0000,4700.8000,4700.0000,4685.2000,4673.4000,4711.8000,4712.0000,4715.0000,4719.0000,4725.0000,1,1,2,1,5,1,1,10,1,6
SF,IF2103,2020-08-18 09:30:17.000,4704.8000,4237,0,9870060.000,0,-,-,-,-,4701.0000,4700.8000,4700.0000,4685.2000,4673.4000,4710.6000,4711.8000,4712.0000,4715.0000,4719.0000,1,1,3,1,5,2,1,1,10,1
SF,IF2103,2020-08-18 09:30:17.500,4704.8000,4237,0,9870060.000,0,-,-,-,-,4702.6000,4701.0000,4700.8000,4700.0000,4685.2000,4710.6000,4711.8000,4712.0000,4715.0000,4719.0000,1,1,1,3,1,2,1,1,10,1
SF,IF2103,2020-08-18 09:30:18.000,4704.8000,4237,0,9870060.000,0,-,-,-,-,4702.8000,4702.6000,4700.8000,4700.0000,4685.2000,4710.6000,4712.0000,4715.0000,4719.0000,4725.0000,1,1,1,3,1,2,1,10,1,6
SF,IF2103,2020-08-18 09:30:18.500,4704.8000,4237,0,9870060.000,0,-,-,-,-,4702.8000,4702.6000,4700.8000,4700.0000,4685.2000,4708.2000,4710.6000,4715.0000,4719.0000,4725.0000,1,1,1,3,1,1,2,10,1,6
SF,IF2103,2020-08-18 09:30:19.000,4710.6000,4238,1,11283240.000,1,1,0,双开,S,4702.8000,4702.6000,4700.8000,4700.0000,4685.2000,4710.6000,4715.0000,4719.0000,4725.0000,4730.0000,1,1,1,3,1,1,10,1,6,2
SF,IF2103,2020-08-18 09:30:19.500,4710.6000,4238,0,11283240.000,0,-,-,-,-,4702.8000,4700.0000,4685.2000,4659.4000,4655.6000,4710.4000,4715.0000,4719.0000,4725.0000,4730.0000,1,3,1,1,5,1,10,1,6,2
SF,IF2103,2020-08-18 09:30:20.000,4710.6000,4238,0,12696420.000,1,0,1,多换,S,4702.8000,4700.0000,4685.2000,4659.4000,4655.6000,4715.0000,4719.0000,4725.0000,4730.0000,4737.4000,1,3,1,1,5,10,1,6,2,5
SF,IF2103,2020-08-18 09:30:20.500,4710.6000,4238,0,12696420.000,0,-,-,-,-,4702.8000,4700.0000,4685.2000,4659.4000,4655.6000,4710.0000,4712.0000,4715.0000,4719.0000,4725.0000,1,3,1,1,5,2,1,10,1,6
SF,IF2103,2020-08-18 09:30:22.000,4710.6000,4238,0,12696420.000,0,-,-,-,-,4702.8000,4700.0000,4685.2000,4659.4000,4655.6000,4709.6000,4710.0000,4712.0000,4715.0000,4719.0000,1,3,1,1,5,2,2,1,10,1
SF,IF2103,2020-08-18 09:30:23.000,4710.6000,4238,0,12696420.000,0,-,-,-,-,4702.8000,4700.0000,4685.2000,4659.4000,4655.6000,4708.2000,4709.2000,4709.6000,4710.0000,4715.0000,1,3,1,1,5,1,1,2,2,10
SF,IF2103,2020-08-18 09:30:24.000,4710.0000,4239,1,14109420.000,1,1,0,双开,S,4702.8000,4700.0000,4685.2000,4659.4000,4655.6000,4707.4000,4707.8000,4710.0000,4715.0000,4719.0000,1,3,1,1,5,1,3,1,10,1
SF,IF2103,2020-08-18 09:30:24.500,4710.0000,4239,0,14109420.000,0,-,-,-,-,4702.8000,4700.0000,4685.2000,4659.4000,4655.6000,4707.8000,4710.0000,4715.0000,4719.0000,4725.0000,1,3,1,1,5,3,1,10,1,6
SF,IF2103,2020-08-18 09:30:25.000,4710.0000,4239,0,14109420.000,0,-,-,-,-,4703.0000,4702.8000,4700.0000,4685.2000,4659.4000,4707.8000,4710.0000,4715.0000,4719.0000,4725.0000,1,1,3,1,1,2,1,10,1,6
SF,IF2103,2020-08-18 09:30:25.500,4710.0000,4239,0,14109420.000,0,-,-,-,-,4703.2000,4703.0000,4700.0000,4685.2000,4659.4000,4707.4000,4707.8000,4710.0000,4715.0000,4719.0000,1,1,3,1,1,1,2,1,10,1
SF,IF2103,2020-08-18 09:30:26.000,4710.0000,4239,0,14109420.000,0,-,-,-,-,4703.2000,4700.0000,4685.2000,4659.4000,4652.8000,4710.0000,4715.0000,4719.0000,4725.0000,4730.0000,1,3,1,1,12,1,10,1,6,2
SF,IF2103,2020-08-18 09:30:26.500,4710.0000,4239,0,14109420.000,0,-,-,-,-,4703.2000,4700.0000,4685.2000,4659.4000,4652.8000,4715.0000,4719.0000,4725.0000,4730.0000,4739.6000,1,3,1,1,12,10,1,6,2,1
SF,IF2103,2020-08-18 09:30:27.000,4710.0000,4239,0,14109420.000,0,-,-,-,-,4704.0000,4703.2000,4700.0000,4685.2000,4659.4000,4709.2000,4715.0000,4719.0000,4725.0000,4730.0000,2,1,3,1,1,1,10,1,6,2
SF,IF2103,2020-08-18 09:30:27.500,4710.0000,4239,0,14109420.000,0,-,-,-,-,4704.2000,4704.0000,4700.0000,4685.2000,4659.4000,4712.8000,4714.8000,4715.0000,4719.0000,4725.0000,1,2,3,1,1,1,3,10,1,6
SF,IF2103,2020-08-18 09:30:28.500,4710.0000,4239,0,14109420.000,0,-,-,-,-,4704.2000,4704.0000,4700.0000,4685.2000,4659.4000,4712.0000,4712.4000,4712.8000,4714.8000,4715.0000,1,2,3,1,1,1,1,1,3,10
SF,IF2103,2020-08-18 09:30:29.000,4710.0000,4239,0,14109420.000,0,-,-,-,-,4704.2000,4700.0000,4685.2000,4659.4000,4652.8000,4711.0000,4712.0000,4712.4000,4712.8000,4714.8000,1,3,1,1,12,2,1,1,1,3
SF,IF2103,2020-08-18 09:30:29.500,4710.0000,4239,0,14109420.000,0,-,-,-,-,4704.2000,4700.0000,4685.2000,4659.4000,4652.8000,4710.6000,4710.8000,4711.0000,4712.4000,4712.8000,1,3,1,1,12,1,1,2,1,1
SF,IF2103,2020-08-18 09:30:30.000,4710.0000,4239,0,14109420.000,0,-,-,-,-,4704.2000,4700.0000,4685.2000,4659.4000,4652.8000,4710.0000,4710.2000,4710.6000,4710.8000,4712.8000,1,3,1,1,12,2,2,1,1,1
SF,IF2103,2020-08-18 09:30:30.500,4710.0000,4239,0,14109420.000,0,-,-,-,-,4704.2000,4700.0000,4685.2000,4659.4000,4652.8000,4709.6000,4710.0000,4710.2000,4710.8000,4712.8000,1,3,1,1,12,1,1,2,1,1
SF,IF2103,2020-08-18 09:30:31.000,4710.0000,4239,0,14109420.000,0,-,-,-,-,4704.2000,4700.0000,4685.2000,4659.4000,4652.8000,4709.6000,4710.2000,4710.8000,4712.8000,4715.0000,1,3,1,1,12,1,2,1,1,10
SF,IF2103,2020-08-18 09:30:31.500,4710.0000,4239,0,14109420.000,0,-,-,-,-,4704.2000,4700.0000,4685.2000,4659.4000,4652.8000,4709.4000,4709.6000,4710.8000,4712.8000,4715.0000,1,3,1,1,12,2,1,1,1,10
SF,IF2103,2020-08-18 09:30:32.000,4710.0000,4239,0,14109420.000,0,-,-,-,-,4704.2000,4700.0000,4685.2000,4659.4000,4652.8000,4709.2000,4709.4000,4709.6000,4712.8000,4715.0000,1,3,1,1,12,1,2,1,1,10
SF,IF2103,2020-08-18 09:30:32.500,4709.6000,4239,0,15522300.000,1,0,1,多换,S,4704.2000,4700.0000,4685.2000,4659.4000,4652.8000,4709.4000,4709.6000,4712.8000,4715.0000,4719.0000,1,3,1,1,12,2,1,1,10,1
SF,IF2103,2020-08-18 09:30:34.500,4704.2000,4238,-1,16933560.000,1,0,1,双平,S,4700.0000,4685.2000,4659.4000,4652.8000,4630.2000,4709.0000,4709.2000,4709.4000,4712.8000,4715.0000,3,1,1,12,3,1,2,2,1,10
SF,IF2103,2020-08-18 09:30:35.000,4704.2000,4238,0,16933560.000,0,-,-,-,-,4700.0000,4685.2000,4659.4000,4652.8000,4647.8000,4708.8000,4709.0000,4709.2000,4709.4000,4710.2000,3,1,1,12,1,1,1,2,2,1
SF,IF2103,2020-08-18 09:30:35.500,4704.2000,4238,0,16933560.000,0,-,-,-,-,4700.0000,4685.2000,4659.4000,4652.8000,4647.8000,4708.8000,4709.0000,4709.2000,4710.2000,4715.0000,3,1,1,12,1,3,1,1,1,10
SF,IF2103,2020-08-18 09:30:36.000,4704.2000,4238,0,16933560.000,0,-,-,-,-,4700.0000,4685.2000,4659.4000,4652.8000,4647.8000,4708.0000,4708.2000,4708.8000,4709.0000,4709.2000,3,1,1,12,1,1,2,3,1,1
SF,IF2103,2020-08-18 09:30:36.500,4704.2000,4238,0,16933560.000,0,-,-,-,-,4700.0000,4685.2000,4659.4000,4652.8000,4647.8000,4707.8000,4708.0000,4708.2000,4709.0000,4709.2000,1,1,1,12,1,1,1,4,1,1
SF,IF2103,2020-08-18 09:30:37.000,4704.2000,4238,0,16933560.000,0,-,-,-,-,4700.0000,4685.2000,4659.4000,4652.8000,4647.8000,4707.2000,4707.4000,4707.8000,4708.2000,4709.0000,1,1,1,12,1,1,1,1,3,1
SF,IF2103,2020-08-18 09:30:37.500,4704.2000,4238,0,16933560.000,0,-,-,-,-,4700.0000,4685.2000,4659.4000,4652.8000,4647.8000,4707.0000,4707.2000,4707.4000,4708.2000,4709.0000,1,1,1,12,1,1,1,3,1,1
SF,IF2103,2020-08-18 09:30:38.000,4704.2000,4238,0,16933560.000,0,-,-,-,-,4700.0000,4685.2000,4659.4000,4652.8000,4647.8000,4705.4000,4706.8000,4707.0000,4707.2000,4707.4000,1,1,1,12,1,1,2,1,1,1
SF,IF2103,2020-08-18 09:30:38.500,4704.2000,4238,0,16933560.000,0,-,-,-,-,4700.0000,4685.2000,4659.4000,4652.8000,4647.8000,4705.2000,4705.4000,4706.0000,4706.4000,4706.8000,1,1,1,12,1,1,1,1,1,2
SF,IF2103,2020-08-18 09:30:39.000,4704.2000,4238,0,16933560.000,0,-,-,-,-,4700.2000,4700.0000,4685.2000,4659.4000,4652.8000,4708.2000,4708.4000,4708.6000,4709.0000,4710.2000,2,1,1,1,12,1,2,1,2,1
SF,IF2103,2020-08-18 09:30:39.500,4704.2000,4238,0,16933560.000,0,-,-,-,-,4700.8000,4700.2000,4700.0000,4685.2000,4659.4000,4708.2000,4708.4000,4708.6000,4709.0000,4710.2000,1,2,1,1,1,1,2,1,2,1
SF,IF2103,2020-08-18 09:30:40.000,4704.2000,4238,0,16933560.000,0,-,-,-,-,4703.2000,4701.0000,4700.8000,4700.0000,4685.2000,4708.2000,4708.4000,4708.6000,4710.2000,4715.0000,1,1,1,1,1,1,2,1,1,10
SF,IF2103,2020-08-18 09:30:40.500,4704.2000,4238,0,16933560.000,0,-,-,-,-,4703.4000,4703.2000,4702.2000,4700.0000,4685.2000,4707.8000,4708.2000,4708.4000,4708.6000,4710.2000,1,1,1,1,1,1,1,2,1,1
SF,IF2103,2020-08-18 09:30:41.000,4704.2000,4238,0,16933560.000,0,-,-,-,-,4703.8000,4703.4000,4703.2000,4700.0000,4685.2000,4708.2000,4708.4000,4708.6000,4710.2000,4715.0000,1,1,1,1,1,1,2,1,1,10
SF,IF2103,2020-08-18 09:30:41.500,4704.2000,4238,0,16933560.000,0,-,-,-,-,4704.0000,4703.2000,4700.0000,4685.2000,4659.4000,4707.4000,4708.2000,4708.4000,4708.6000,4710.2000,1,1,1,1,1,1,1,2,1,1
SF,IF2103,2020-08-18 09:30:42.000,4704.2000,4238,0,16933560.000,0,-,-,-,-,4703.2000,4700.0000,4685.2000,4659.4000,4652.8000,4707.4000,4707.6000,4708.2000,4708.4000,4708.6000,1,1,1,1,12,1,1,1,2,1
SF,IF2103,2020-08-18 09:30:42.500,4704.2000,4238,0,16933560.000,0,-,-,-,-,4703.4000,4703.2000,4700.0000,4685.2000,4659.4000,4708.2000,4708.4000,4708.6000,4710.2000,4715.0000,1,1,1,1,1,1,2,1,1,10
SF,IF2103,2020-08-18 09:30:43.500,4704.2000,4238,0,16933560.000,0,-,-,-,-,4703.6000,4703.4000,4703.2000,4700.0000,4685.2000,4708.2000,4708.4000,4708.6000,4710.2000,4715.0000,1,1,1,1,1,1,2,1,1,10
SF,IF2103,2020-08-18 09:30:44.000,4704.2000,4238,0,16933560.000,0,-,-,-,-,4703.8000,4703.6000,4703.2000,4700.0000,4685.2000,4708.4000,4710.2000,4715.0000,4719.0000,4725.0000,1,1,1,1,1,2,1,10,1,6
SF,IF2103,2020-08-18 09:30:44.500,4704.2000,4238,0,16933560.000,0,-,-,-,-,4704.2000,4703.8000,4703.2000,4700.0000,4685.2000,4708.4000,4710.2000,4710.8000,4715.0000,4719.0000,1,1,1,1,1,2,1,1,10,1
SF,IF2103,2020-08-18 09:30:45.000,4704.2000,4238,0,16933560.000,0,-,-,-,-,4704.4000,4704.2000,4703.2000,4700.0000,4685.2000,4708.4000,4710.2000,4710.8000,4715.0000,4719.0000,1,1,1,1,1,2,1,1,10,1
SF,IF2103,2020-08-18 09:30:46.000,4704.2000,4238,0,16933560.000,0,-,-,-,-,4704.4000,4704.2000,4703.2000,4700.0000,4685.2000,4708.2000,4708.4000,4710.2000,4710.8000,4715.0000,1,1,1,1,1,1,2,1,1,10
SF,IF2103,2020-08-18 09:30:46.500,4704.2000,4238,0,16933560.000,0,-,-,-,-,4704.8000,4704.4000,4703.2000,4700.0000,4685.2000,4706.0000,4708.2000,4708.4000,4710.2000,4710.8000,1,2,1,1,1,2,1,2,1,1
SF,IF2103,2020-08-18 09:30:47.000,4704.8000,4237,-1,18345000.000,1,0,1,双平,S,4704.8000,4703.2000,4700.0000,4685.2000,4659.4000,4706.0000,4708.2000,4708.4000,4710.2000,4710.8000,1,1,1,1,1,2,1,2,1,1
SF,IF2103,2020-08-18 09:30:47.500,4704.8000,4237,0,19756440.000,1,0,1,多换,S,4703.2000,4700.0000,4685.2000,4659.4000,4652.8000,4706.0000,4708.2000,4708.4000,4710.2000,4710.8000,1,1,1,1,12,2,1,2,1,1
SF,IF2103,2020-08-18 09:30:48.000,4704.8000,4237,0,19756440.000,0,-,-,-,-,4703.2000,4700.0000,4685.2000,4659.4000,4652.8000,4706.0000,4708.2000,4708.4000,4710.2000,4710.8000,1,1,1,1,12,2,1,2,1,1
SF,IF2103,2020-08-18 09:30:48.500,4703.2000,4237,0,21167400.000,1,0,1,多换,S,4700.0000,4685.2000,4659.4000,4652.8000,4647.8000,4706.0000,4708.2000,4708.4000,4710.2000,4710.8000,1,1,1,12,1,2,1,2,1,1
SF,IF2103,2020-08-18 09:30:49.000,4703.2000,4237,0,21167400.000,0,-,-,-,-,4700.0000,4685.2000,4659.4000,4652.8000,4647.8000,4705.8000,4706.0000,4708.2000,4708.4000,4710.2000,2,1,1,12,1,1,2,1,2,1
SF,IF2103,2020-08-18 09:30:50.000,4703.2000,4237,0,21167400.000,0,-,-,-,-,4701.2000,4700.0000,4685.2000,4659.4000,4652.8000,4705.8000,4706.0000,4708.2000,4708.4000,4710.2000,1,2,1,1,12,1,2,1,2,1
SF,IF2103,2020-08-18 09:30:50.500,4703.2000,4237,0,21167400.000,0,-,-,-,-,4700.0000,4685.2000,4659.4000,4652.8000,4647.8000,4705.8000,4706.0000,4708.2000,4708.4000,4710.2000,2,1,1,12,1,1,2,1,2,1
SF,IF2103,2020-08-18 09:30:51.500,4703.2000,4237,0,21167400.000,0,-,-,-,-,4700.0000,4685.2000,4659.4000,4652.8000,4647.8000,4705.6000,4705.8000,4706.0000,4708.2000,4708.4000,2,1,1,12,1,1,1,2,1,2
SF,IF2103,2020-08-18 09:30:52.000,4703.2000,4237,0,21167400.000,0,-,-,-,-,4700.0000,4685.2000,4659.4000,4652.8000,4647.8000,4705.2000,4705.4000,4705.6000,4706.0000,4708.2000,2,1,1,12,1,1,1,1,2,1
SF,IF2103,2020-08-18 09:30:52.500,4703.2000,4237,0,21167400.000,0,-,-,-,-,4700.0000,4685.2000,4659.4000,4654.0000,4652.8000,4705.0000,4705.2000,4705.6000,4706.0000,4708.2000,2,1,1,5,12,1,1,1,2,1
SF,IF2103,2020-08-18 09:30:53.000,4703.2000,4237,0,21167400.000,0,-,-,-,-,4700.2000,4700.0000,4685.2000,4659.4000,4654.0000,4705.0000,4705.6000,4706.0000,4708.2000,4708.4000,1,2,1,1,5,1,1,2,1,2
SF,IF2103,2020-08-18 09:30:53.500,4703.2000,4237,0,21167400.000,0,-,-,-,-,4700.4000,4700.0000,4685.2000,4659.4000,4654.0000,4705.6000,4706.0000,4708.2000,4708.4000,4710.2000,1,2,1,1,5,1,2,1,2,1
SF,IF2103,2020-08-18 09:30:54.000,4703.2000,4237,0,21167400.000,0,-,-,-,-,4700.4000,4700.0000,4685.2000,4659.4000,4654.0000,4706.0000,4708.2000,4708.4000,4710.2000,4710.8000,1,2,1,1,5,2,1,2,1,1
SF,IF2103,2020-08-18 09:30:55.500,4703.2000,4237,0,21167400.000,0,-,-,-,-,4700.4000,4700.0000,4685.2000,4659.4000,4654.0000,4706.0000,4708.2000,4708.4000,4710.2000,4715.0000,1,2,1,1,5,2,1,2,1,10
SF,IF2103,2020-08-18 09:30:57.000,4703.2000,4237,0,21167400.000,0,-,-,-,-,4700.8000,4700.4000,4700.0000,4685.2000,4659.4000,4706.0000,4708.2000,4708.4000,4710.2000,4715.0000,2,1,2,1,1,2,1,2,1,10
SF,IF2103,2020-08-18 09:30:57.500,4703.2000,4237,0,21167400.000,0,-,-,-,-,4701.0000,4700.8000,4700.0000,4685.2000,4659.4000,4706.0000,4708.2000,4708.4000,4710.2000,4715.0000,1,2,2,1,1,2,1,2,1,10
SF,IF2103,2020-08-18 09:30:58.500,4703.2000,4237,0,21167400.000,0,-,-,-,-,4701.2000,4701.0000,4700.0000,4685.2000,4659.4000,4706.0000,4708.2000,4708.4000,4710.2000,4715.0000,2,1,2,1,1,2,1,2,1,10
SF,IF2103,2020-08-18 09:30:59.000,4703.2000,4237,0,21167400.000,0,-,-,-,-,4701.2000,4700.0000,4685.2000,4659.4000,4654.0000,4705.8000,4706.0000,4708.2000,4708.4000,4710.2000,2,2,1,1,5,1,2,1,2,1
SF,IF2103,2020-08-18 09:31:00.000,4703.2000,4237,0,21167400.000,0,-,-,-,-,4701.2000,4700.0000,4685.2000,4659.4000,4654.0000,4705.8000,4706.0000,4708.2000,4708.4000,4710.2000,2,2,1,1,5,1,2,1,2,1
SF,IF2103,2020-08-18 09:31:00.500,4703.2000,4237,0,21167400.000,0,-,-,-,-,4701.4000,4701.2000,4700.0000,4685.2000,4659.4000,4706.0000,4708.4000,4710.2000,4715.0000,4719.0000,1,2,2,1,1,2,2,1,10,1
SF,IF2103,2020-08-18 09:31:01.000,4703.2000,4237,0,21167400.000,0,-,-,-,-,4701.4000,4701.2000,4700.0000,4685.2000,4654.0000,4706.0000,4708.4000,4710.2000,4715.0000,4719.0000,1,2,2,1,5,2,2,1,10,1
SF,IF2103,2020-08-18 09:31:01.500,4703.2000,4237,0,21167400.000,0,-,-,-,-,4701.6000,4701.4000,4701.2000,4700.0000,4685.0000,4705.8000,4706.0000,4708.4000,4710.2000,4715.0000,1,1,2,2,1,1,2,2,1,10
SF,IF2103,2020-08-18 09:31:02.000,4703.2000,4237,0,21167400.000,0,-,-,-,-,4701.8000,4701.6000,4701.2000,4700.0000,4685.0000,4705.8000,4706.0000,4708.4000,4710.2000,4715.0000,1,1,2,2,1,1,2,2,1,10
SF,IF2103,2020-08-18 09:31:02.500,4703.2000,4237,0,21167400.000,0,-,-,-,-,4701.8000,4701.2000,4700.0000,4685.0000,4654.0000,4705.6000,4705.8000,4706.0000,4708.4000,4710.2000,1,2,2,1,5,1,1,2,2,1
SF,IF2103,2020-08-18 09:31:03.000,4703.2000,4237,0,21167400.000,0,-,-,-,-,4702.0000,4701.8000,4700.0000,4685.0000,4654.0000,4705.4000,4705.6000,4706.0000,4708.4000,4710.2000,1,1,2,1,5,1,1,2,2,1
SF,IF2103,2020-08-18 09:31:03.500,4703.2000,4237,0,21167400.000,0,-,-,-,-,4702.0000,4700.0000,4685.0000,4654.0000,4652.8000,4705.4000,4706.0000,4708.4000,4710.2000,4715.0000,1,2,1,5,12,1,2,2,1,10
SF,IF2103,2020-08-18 09:31:04.500,4705.4000,4236,-1,22579020.000,1,0,1,双平,S,4702.0000,4700.0000,4685.0000,4654.0000,4652.8000,4706.0000,4708.4000,4710.2000,4715.0000,4719.0000,1,2,1,5,12,2,2,1,10,1
SF,IF2103,2020-08-18 09:31:05.000,4705.4000,4236,0,22579020.000,0,-,-,-,-,4702.2000,4702.0000,4700.0000,4685.0000,4654.0000,4705.8000,4706.0000,4708.4000,4710.2000,4715.0000,1,1,2,1,5,1,2,2,1,10
SF,IF2103,2020-08-18 09:31:05.500,4705.4000,4236,0,22579020.000,0,-,-,-,-,4702.8000,4702.2000,4702.0000,4700.0000,4685.0000,4705.8000,4706.0000,4708.4000,4710.2000,4715.0000,1,1,1,2,1,1,2,2,1,10
SF,IF2103,2020-08-18 09:31:06.500,4702.8000,4235,-1,23989860.000,1,0,1,双平,S,4702.2000,4700.0000,4685.0000,4654.0000,4652.8000,4705.8000,4706.0000,4708.4000,4710.2000,4715.0000,1,2,1,5,12,1,2,2,1,10
SF,IF2103,2020-08-18 09:31:07.000,4702.8000,4235,0,23989860.000,0,-,-,-,-,4700.0000,4685.0000,4654.0000,4652.8000,4647.8000,4705.8000,4706.0000,4708.4000,4710.2000,4715.0000,2,1,5,12,1,1,2,2,1,10
SF,IF2103,2020-08-18 09:31:07.500,4702.8000,4235,0,23989860.000,0,-,-,-,-,4700.0000,4685.0000,4654.0000,4652.8000,4647.8000,4705.6000,4705.8000,4706.0000,4708.4000,4710.2000,2,1,5,12,1,2,1,2,2,1
SF,IF2103,2020-08-18 09:31:08.000,4702.8000,4235,0,23989860.000,0,-,-,-,-,4700.2000,4700.0000,4685.0000,4654.0000,4652.8000,4705.4000,4705.6000,4706.0000,4708.4000,4710.2000,1,2,1,5,12,1,3,2,2,1
SF,IF2103,2020-08-18 09:31:08.500,4702.8000,4235,0,23989860.000,0,-,-,-,-,4700.2000,4700.0000,4685.0000,4654.0000,4652.8000,4705.2000,4705.4000,4705.6000,4706.0000,4708.4000,1,2,1,5,12,1,1,2,2,2
SF,IF2103,2020-08-18 09:31:09.000,4702.8000,4235,0,23989860.000,0,-,-,-,-,4700.2000,4700.0000,4685.0000,4654.0000,4652.8000,4704.8000,4705.0000,4705.2000,4705.6000,4706.0000,1,2,1,5,12,1,1,1,2,2
SF,IF2103,2020-08-18 09:31:09.500,4702.8000,4235,0,23989860.000,0,-,-,-,-,4700.2000,4700.0000,4685.0000,4654.0000,4652.8000,4704.6000,4704.8000,4705.6000,4706.0000,4708.4000,1,2,1,5,12,2,1,2,2,2
SF,IF2103,2020-08-18 09:31:10.000,4702.8000,4235,0,23989860.000,0,-,-,-,-,4700.4000,4700.2000,4700.0000,4685.0000,4654.0000,4704.6000,4704.8000,4705.6000,4706.0000,4708.4000,1,1,2,1,5,1,1,2,2,2
SF,IF2103,2020-08-18 09:31:10.500,4702.8000,4235,0,23989860.000,0,-,-,-,-,4700.6000,4700.4000,4700.0000,4685.0000,4654.0000,4705.6000,4706.0000,4708.4000,4710.2000,4715.0000,1,2,2,1,5,2,2,2,1,10
SF,IF2103,2020-08-18 09:31:11.000,4700.8000,4234,-1,25400100.000,1,0,1,双平,S,4700.6000,4700.4000,4700.0000,4685.0000,4654.0000,4705.4000,4705.6000,4706.0000,4708.4000,4710.2000,1,1,2,1,5,2,1,2,2,1
SF,IF2103,2020-08-18 09:31:11.500,4700.8000,4234,0,25400100.000,0,-,-,-,-,4700.8000,4700.6000,4700.4000,4700.0000,4685.0000,4705.4000,4705.6000,4706.0000,4708.4000,4710.2000,1,1,1,2,1,2,1,2,2,1
SF,IF2103,2020-08-18 09:31:12.000,4700.8000,4234,0,25400100.000,0,-,-,-,-,4701.0000,4700.8000,4700.4000,4700.0000,4685.0000,4705.4000,4705.6000,4706.0000,4708.4000,4710.2000,1,1,1,2,1,2,1,2,2,1
SF,IF2103,2020-08-18 09:31:12.500,4700.8000,4234,0,25400100.000,0,-,-,-,-,4701.0000,4700.8000,4700.4000,4700.0000,4685.0000,4705.4000,4705.6000,4706.0000,4708.4000,4710.2000,1,1,1,2,1,2,1,2,2,1
SF,IF2103,2020-08-18 09:31:13.000,4700.8000,4234,0,25400100.000,0,-,-,-,-,4700.0000,4685.0000,4654.0000,4652.8000,4647.8000,4705.4000,4705.6000,4706.0000,4708.4000,4710.2000,2,1,5,12,1,2,1,2,2,1
SF,IF2103,2020-08-18 09:31:13.500,4700.8000,4234,0,25400100.000,0,-,-,-,-,4700.0000,4685.0000,4654.0000,4652.8000,4647.8000,4705.0000,4705.4000,4705.6000,4706.0000,4708.4000,2,1,5,12,1,1,2,1,2,2
SF,IF2103,2020-08-18 09:31:14.000,4700.8000,4234,0,25400100.000,0,-,-,-,-,4700.2000,4700.0000,4685.0000,4654.0000,4652.8000,4704.8000,4705.0000,4705.6000,4706.0000,4708.4000,1,2,1,5,12,2,1,1,2,2
SF,IF2103,2020-08-18 09:31:15.000,4700.8000,4234,0,25400100.000,0,-,-,-,-,4700.4000,4700.2000,4700.0000,4685.0000,4654.0000,4704.8000,4705.6000,4706.0000,4708.4000,4710.2000,1,1,2,1,5,2,1,2,2,1
SF,IF2103,2020-08-18 09:31:15.500,4700.8000,4234,0,25400100.000,0,-,-,-,-,4700.6000,4700.4000,4700.0000,4685.0000,4654.0000,4704.8000,4706.0000,4708.4000,4710.2000,4719.0000,2,1,2,1,5,1,2,2,1,1
SF,IF2103,2020-08-18 09:31:16.000,4704.8000,4233,-1,26811540.000,1,0,1,双平,S,4700.8000,4700.6000,4700.4000,4700.0000,4685.0000,4706.0000,4708.4000,4710.2000,4719.0000,4725.0000,1,2,1,2,1,2,2,1,1,6
SF,IF2103,2020-08-18 09:31:16.500,4704.8000,4233,0,26811540.000,0,-,-,-,-,4701.2000,4701.0000,4700.8000,4700.4000,4700.0000,4705.8000,4706.0000,4708.4000,4710.2000,4719.0000,1,2,1,1,2,1,2,2,1,1
SF,IF2103,2020-08-18 09:31:17.000,4704.8000,4233,0,26811540.000,0,-,-,-,-,4701.4000,4701.2000,4701.0000,4700.4000,4700.0000,4705.8000,4706.0000,4708.4000,4710.2000,4719.0000,2,1,1,1,2,1,2,2,1,1
SF,IF2103,2020-08-18 09:31:17.500,4704.8000,4233,0,26811540.000,0,-,-,-,-,4701.6000,4701.4000,4701.2000,4701.0000,4700.4000,4706.0000,4708.4000,4710.2000,4719.0000,4725.0000,1,2,1,1,1,2,2,1,1,6
SF,IF2103,2020-08-18 09:31:18.000,4704.8000,4233,0,26811540.000,0,-,-,-,-,4701.8000,4701.6000,4701.0000,4700.4000,4700.0000,4706.0000,4708.4000,4710.2000,4719.0000,4725.0000,2,1,1,1,2,2,2,1,1,6
SF,IF2103,2020-08-18 09:31:18.500,4704.8000,4233,0,26811540.000,0,-,-,-,-,4702.0000,4701.8000,4701.6000,4701.0000,4700.4000,4706.0000,4708.4000,4710.2000,4719.0000,4725.0000,1,2,1,1,1,2,2,1,1,6
SF,IF2103,2020-08-18 09:31:19.000,4706.0000,4231,-2,29635140.000,2,0,2,双平,S,4702.2000,4702.0000,4701.8000,4701.6000,4701.0000,4708.4000,4710.2000,4719.0000,4725.0000,4730.0000,1,1,1,1,1,2,1,1,6,2
SF,IF2103,2020-08-18 09:31:19.500,4706.0000,4231,0,29635140.000,0,-,-,-,-,4702.4000,4702.2000,4702.0000,4701.6000,4701.0000,4708.4000,4710.2000,4719.0000,4725.0000,4730.0000,1,1,1,1,1,2,1,1,6,2
SF,IF2103,2020-08-18 09:31:20.000,4706.0000,4231,0,29635140.000,0,-,-,-,-,4702.6000,4702.4000,4702.0000,4701.6000,4701.0000,4708.4000,4710.2000,4719.0000,4725.0000,4730.0000,2,1,1,1,1,2,1,1,6,2
SF,IF2103,2020-08-18 09:31:20.500,4702.8000,4234,3,35278500.000,4,3,1,空开,S,4702.6000,4702.0000,4701.6000,4701.0000,4700.4000,4707.8000,4708.2000,4708.4000,4710.2000,4719.0000,2,1,1,1,1,1,1,2,1,1
SF,IF2103,2020-08-18 09:31:21.000,4702.8000,4234,0,35278500.000,0,-,-,-,-,4702.6000,4702.0000,4701.6000,4701.0000,4700.4000,4705.0000,4707.6000,4708.4000,4710.2000,4719.0000,2,1,1,1,1,1,2,2,1,1
SF,IF2103,2020-08-18 09:31:21.500,4705.0000,4233,-1,36690000.000,1,0,1,双平,S,4702.6000,4702.0000,4701.6000,4701.0000,4700.4000,4707.6000,4708.4000,4710.2000,4719.0000,4725.0000,1,1,1,1,1,1,2,1,1,6
SF,IF2103,2020-08-18 09:31:22.000,4705.0000,4233,0,36690000.000,0,-,-,-,-,4702.8000,4702.6000,4702.0000,4701.6000,4701.0000,4707.4000,4707.6000,4708.4000,4710.2000,4719.0000,1,1,1,1,1,1,1,2,1,1
SF,IF2103,2020-08-18 09:31:22.500,4705.0000,4233,0,36690000.000,0,-,-,-,-,4702.8000,4702.6000,4702.0000,4701.6000,4701.0000,4707.2000,4707.4000,4708.4000,4710.2000,4719.0000,1,1,1,1,1,1,1,2,1,1
SF,IF2103,2020-08-18 09:31:23.000,4705.0000,4233,0,36690000.000,0,-,-,-,-,4702.8000,4702.6000,4702.0000,4701.6000,4701.0000,4707.0000,4707.2000,4708.4000,4710.2000,4719.0000,1,1,1,1,1,1,1,2,1,1
SF,IF2103,2020-08-18 09:31:23.500,4705.0000,4233,0,36690000.000,0,-,-,-,-,4702.8000,4702.6000,4702.0000,4701.6000,4701.0000,4706.8000,4707.0000,4708.4000,4710.2000,4719.0000,1,1,1,1,1,1,1,2,1,1
SF,IF2103,2020-08-18 09:31:24.000,4705.0000,4233,0,36690000.000,0,-,-,-,-,4702.8000,4702.6000,4702.0000,4701.6000,4701.0000,4706.6000,4706.8000,4708.4000,4710.2000,4719.0000,1,1,1,1,1,1,1,2,1,1
SF,IF2103,2020-08-18 09:31:24.500,4705.0000,4233,0,36690000.000,0,-,-,-,-,4702.8000,4702.6000,4702.0000,4701.6000,4701.0000,4706.6000,4706.8000,4708.4000,4710.2000,4719.0000,1,1,1,1,1,1,1,2,1,1
SF,IF2103,2020-08-18 09:31:25.000,4706.8000,4233,0,39514020.000,2,1,1,多换,S,4707.0000,4702.8000,4702.6000,4702.0000,4701.6000,4708.4000,4710.2000,4719.0000,4725.0000,4730.0000,1,1,1,1,1,2,1,1,6,2
SF,IF2103,2020-08-18 09:31:25.500,4706.8000,4233,0,40926060.000,1,0,1,多换,S,4702.6000,4702.0000,4701.6000,4701.0000,4700.0000,4708.4000,4710.2000,4719.0000,4725.0000,4730.0000,1,1,1,1,2,2,1,1,6,2
SF,IF2103,2020-08-18 09:31:26.000,4706.8000,4233,0,40926060.000,0,-,-,-,-,4702.8000,4702.6000,4702.0000,4701.6000,4701.0000,4708.2000,4708.4000,4710.2000,4719.0000,4725.0000,1,1,1,1,1,2,2,1,1,6
SF,IF2103,2020-08-18 09:31:27.500,4706.8000,4233,0,40926060.000,0,-,-,-,-,4702.8000,4702.6000,4702.0000,4701.6000,4701.0000,4707.8000,4708.2000,4708.4000,4710.2000,4719.0000,1,1,1,1,1,1,2,2,1,1
SF,IF2103,2020-08-18 09:31:28.000,4706.8000,4233,0,40926060.000,0,-,-,-,-,4706.6000,4702.8000,4702.6000,4702.0000,4701.6000,4707.6000,4707.8000,4708.4000,4710.2000,4719.0000,1,1,1,1,1,2,1,2,1,1
SF,IF2103,2020-08-18 09:31:28.500,4706.6000,4232,-1,42338040.000,1,0,1,双平,S,4702.8000,4702.6000,4702.0000,4701.6000,4701.0000,4708.4000,4710.2000,4719.0000,4725.0000,4730.0000,1,1,1,1,1,2,1,1,6,2
SF,IF2103,2020-08-18 09:31:29.000,4706.6000,4232,0,42338040.000,0,-,-,-,-,4702.8000,4702.6000,4702.0000,4701.6000,4701.0000,4708.2000,4708.4000,4710.2000,4719.0000,4725.0000,1,1,1,1,1,2,2,1,1,6
SF,IF2103,2020-08-18 09:31:29.500,4706.6000,4232,0,42338040.000,0,-,-,-,-,4703.0000,4702.8000,4702.6000,4702.0000,4701.6000,4708.4000,4710.2000,4719.0000,4725.0000,4730.0000,1,1,1,1,1,2,1,1,6,2
SF,IF2103,2020-08-18 09:31:30.000,4706.6000,4232,0,42338040.000,0,-,-,-,-,4705.0000,4703.2000,4703.0000,4702.6000,4702.0000,4708.4000,4710.2000,4719.0000,4725.0000,4730.0000,1,1,1,1,1,2,1,1,6,2
SF,IF2103,2020-08-18 09:31:30.500,4706.6000,4232,0,42338040.000,0,-,-,-,-,4705.2000,4705.0000,4703.0000,4702.6000,4702.0000,4708.4000,4710.2000,4719.0000,4725.0000,4730.0000,1,1,1,1,1,3,1,1,6,2
SF,IF2103,2020-08-18 09:31:31.000,4706.6000,4232,0,42338040.000,0,-,-,-,-,4705.2000,4705.0000,4703.0000,4702.6000,4702.0000,4708.4000,4710.2000,4719.0000,4725.0000,4730.0000,1,1,1,1,1,3,1,1,6,2
SF,IF2103,2020-08-18 09:31:31.500,4706.6000,4232,0,42338040.000,0,-,-,-,-,4705.2000,4705.0000,4703.0000,4702.6000,4702.0000,4708.4000,4710.2000,4719.0000,4725.0000,4730.0000,1,1,1,1,1,3,1,1,6,2
SF,IF2103,2020-08-18 09:31:32.000,4706.6000,4232,0,42338040.000,0,-,-,-,-,4705.2000,4705.0000,4703.0000,4702.6000,4702.0000,4708.4000,4710.2000,4719.0000,4725.0000,4730.0000,1,1,1,1,1,3,1,1,6,2
SF,IF2103,2020-08-18 09:31:38.000,4706.6000,4232,0,42338040.000,0,-,-,-,-,4705.2000,4705.0000,4703.0000,4702.6000,4702.0000,4708.4000,4708.6000,4710.2000,4719.0000,4725.0000,1,1,1,1,1,3,1,1,1,6
SF,IF2103,2020-08-18 09:31:38.500,4708.4000,4229,-3,46575600.000,3,0,3,双平,S,4705.0000,4703.0000,4702.6000,4702.0000,4701.6000,4708.6000,4710.2000,4719.0000,4725.0000,4730.0000,1,1,1,1,1,1,1,1,6,2
SF,IF2103,2020-08-18 09:31:39.000,4708.4000,4229,0,46575600.000,0,-,-,-,-,4705.2000,4705.0000,4703.0000,4702.6000,4702.0000,4708.6000,4710.2000,4719.0000,4725.0000,4730.0000,1,1,1,1,1,1,1,1,6,2
SF,IF2103,2020-08-18 09:31:39.500,4708.4000,4229,0,46575600.000,0,-,-,-,-,4705.2000,4705.0000,4703.0000,4702.6000,4702.0000,4708.6000,4710.2000,4719.0000,4725.0000,4730.0000,1,1,1,1,1,1,1,1,6,2
SF,IF2103,2020-08-18 09:31:40.000,4708.4000,4229,0,46575600.000,0,-,-,-,-,4705.6000,4705.2000,4705.0000,4703.0000,4702.6000,4708.6000,4710.2000,4719.0000,4725.0000,4730.0000,1,1,1,1,1,1,1,1,6,2
SF,IF2103,2020-08-18 09:31:40.500,4708.6000,4228,-1,47988180.000,1,0,1,双平,S,4705.8000,4705.6000,4705.0000,4703.0000,4702.6000,4710.2000,4719.0000,4725.0000,4730.0000,4748.8000,1,1,1,1,1,1,1,6,2,12
SF,IF2103,2020-08-18 09:31:41.000,4708.6000,4228,0,47988180.000,0,-,-,-,-,4708.6000,4706.0000,4705.8000,4705.6000,4705.0000,4710.0000,4710.2000,4719.0000,4725.0000,4730.0000,1,1,1,1,1,1,1,1,6,2
SF,IF2103,2020-08-18 09:31:42.000,4710.0000,4227,-1,49401180.000,1,0,1,双平,S,4708.6000,4706.0000,4705.8000,4705.6000,4705.0000,4710.2000,4719.0000,4725.0000,4730.0000,4748.8000,2,1,2,1,1,1,1,6,2,12
SF,IF2103,2020-08-18 09:31:42.500,4710.0000,4227,0,49401180.000,0,-,-,-,-,4708.6000,4706.0000,4705.8000,4705.6000,4705.0000,4710.2000,4719.0000,4725.0000,4730.0000,4748.8000,2,1,2,1,1,1,1,6,2,12
SF,IF2103,2020-08-18 09:31:43.000,4710.0000,4227,0,49401180.000,0,-,-,-,-,4708.8000,4708.6000,4706.0000,4705.8000,4705.6000,4710.2000,4719.0000,4725.0000,4730.0000,4748.8000,1,2,1,1,1,1,1,6,2,12
SF,IF2103,2020-08-18 09:31:43.500,4710.0000,4227,0,49401180.000,0,-,-,-,-,4708.8000,4708.6000,4706.0000,4705.8000,4705.6000,4710.2000,4719.0000,4725.0000,4730.0000,4748.8000,1,2,1,1,1,1,1,6,2,12
SF,IF2103,2020-08-18 09:31:44.000,4710.0000,4227,0,49401180.000,0,-,-,-,-,4708.8000,4708.6000,4706.0000,4705.8000,4705.0000,4710.2000,4719.0000,4725.0000,4730.0000,4748.8000,1,2,1,1,1,1,1,6,2,12
SF,IF2103,2020-08-18 09:31:44.500,4710.0000,4227,0,49401180.000,0,-,-,-,-,4708.8000,4708.6000,4706.0000,4705.8000,4705.0000,4710.2000,4719.0000,4725.0000,4730.0000,4748.8000,1,2,1,1,1,1,1,6,2,12
SF,IF2103,2020-08-18 09:31:45.000,4710.2000,4226,-1,50814240.000,1,0,1,双平,S,4708.8000,4708.6000,4706.0000,4705.8000,4705.0000,4719.0000,4725.0000,4730.0000,4748.8000,4760.6000,1,2,1,1,1,1,6,2,12,3
SF,IF2103,2020-08-18 09:31:45.500,4710.2000,4226,0,50814240.000,0,-,-,-,-,4709.0000,4708.8000,4708.6000,4705.8000,4705.0000,4718.8000,4719.0000,4725.0000,4730.0000,4748.8000,1,1,2,1,1,1,1,6,2,12
SF,IF2103,2020-08-18 09:31:46.000,4710.2000,4226,0,50814240.000,0,-,-,-,-,4709.2000,4709.0000,4708.6000,4705.8000,4705.0000,4718.8000,4719.0000,4725.0000,4730.0000,4748.8000,1,1,1,1,1,1,1,6,2,12
SF,IF2103,2020-08-18 09:31:46.500,4710.2000,4226,0,50814240.000,0,-,-,-,-,4709.4000,4709.2000,4708.6000,4705.8000,4705.0000,4718.8000,4719.0000,4725.0000,4730.0000,4748.8000,1,1,1,1,1,1,1,6,2,12
SF,IF2103,2020-08-18 09:31:47.000,4710.2000,4226,0,50814240.000,0,-,-,-,-,4709.6000,4709.4000,4708.6000,4705.8000,4705.0000,4713.4000,4718.8000,4719.0000,4725.0000,4730.0000,1,1,1,1,1,1,1,1,6,2
SF,IF2103,2020-08-18 09:31:47.500,4710.2000,4226,0,50814240.000,0,-,-,-,-,4709.6000,4709.4000,4708.6000,4705.8000,4705.0000,4713.4000,4718.8000,4719.0000,4725.0000,4730.0000,1,1,1,1,1,1,1,1,6,2
SF,IF2103,2020-08-18 09:31:48.000,4710.2000,4226,0,50814240.000,0,-,-,-,-,4709.6000,4709.4000,4708.6000,4705.8000,4705.0000,4718.8000,4719.0000,4725.0000,4730.0000,4748.8000,1,1,1,1,1,1,1,6,2,12
SF,IF2103,2020-08-18 09:31:48.500,4710.2000,4226,0,50814240.000,0,-,-,-,-,4709.8000,4709.6000,4705.8000,4705.0000,4702.6000,4718.8000,4719.0000,4725.0000,4730.0000,4748.8000,1,1,1,1,1,1,1,6,2,12
SF,IF2103,2020-08-18 09:31:49.000,4710.2000,4226,0,50814240.000,0,-,-,-,-,4710.0000,4709.8000,4705.8000,4705.0000,4702.6000,4718.8000,4719.0000,4725.0000,4730.0000,4748.8000,1,1,1,1,1,1,1,6,2,12
SF,IF2103,2020-08-18 09:31:49.500,4710.2000,4226,0,50814240.000,0,-,-,-,-,4710.2000,4710.0000,4705.8000,4702.6000,4702.0000,4712.6000,4718.8000,4719.0000,4725.0000,4730.0000,1,1,1,1,2,1,1,1,6,2
SF,IF2103,2020-08-18 09:31:50.000,4710.2000,4226,0,50814240.000,0,-,-,-,-,4710.4000,4705.8000,4702.6000,4702.0000,4701.6000,4712.6000,4718.6000,4718.8000,4719.0000,4725.0000,1,1,1,2,1,1,1,1,1,6
SF,IF2103,2020-08-18 09:31:50.500,4710.2000,4226,0,50814240.000,0,-,-,-,-,4710.4000,4705.8000,4702.6000,4702.0000,4701.6000,4712.6000,4718.6000,4718.8000,4719.0000,4725.0000,1,1,1,2,1,1,1,1,1,6
SF,IF2103,2020-08-18 09:31:55.000,4710.4000,4225,-1,52227360.000,1,0,1,双平,S,4705.8000,4702.6000,4702.0000,4701.6000,4701.0000,4712.6000,4718.6000,4718.8000,4719.0000,4725.0000,1,1,2,1,1,1,1,1,1,6
SF,IF2103,2020-08-18 09:31:55.500,4710.4000,4225,0,52227360.000,0,-,-,-,-,4706.0000,4705.8000,4702.6000,4702.0000,4701.6000,4712.4000,4712.6000,4718.6000,4719.0000,4725.0000,1,1,1,2,1,2,1,1,1,6
SF,IF2103,2020-08-18 09:31:57.000,4712.4000,4224,-1,53641080.000,1,0,1,双平,S,4710.4000,4706.2000,4706.0000,4705.8000,4702.6000,4712.4000,4712.6000,4718.6000,4719.0000,4725.0000,1,1,1,1,1,1,1,1,1,6
SF,IF2103,2020-08-18 09:31:59.500,4710.2000,4222,-2,57880320.000,3,0,3,多平,S,4706.2000,4706.0000,4705.8000,4702.6000,4702.0000,4712.4000,4712.6000,4718.6000,4719.0000,4725.0000,1,1,1,1,2,1,1,1,1,6
SF,IF2103,2020-08-18 09:32:00.000,4710.2000,4222,0,57880320.000,0,-,-,-,-,4706.4000,4706.2000,4705.8000,4702.6000,4702.0000,4712.4000,4712.6000,4718.6000,4719.0000,4725.0000,1,1,1,1,2,1,1,1,1,6
SF,IF2103,2020-08-18 09:32:00.500,4710.2000,4222,0,57880320.000,0,-,-,-,-,4706.6000,4706.4000,4705.8000,4702.6000,4702.0000,4712.4000,4712.6000,4718.6000,4719.0000,4725.0000,1,1,1,1,2,1,1,1,1,6
SF,IF2103,2020-08-18 09:32:01.000,4710.2000,4222,0,57880320.000,0,-,-,-,-,4707.6000,4706.8000,4706.6000,4705.8000,4702.6000,4712.4000,4712.6000,4718.6000,4719.0000,4725.0000,1,1,1,1,1,1,1,1,1,6
SF,IF2103,2020-08-18 09:32:01.500,4710.2000,4222,0,57880320.000,0,-,-,-,-,4708.2000,4707.8000,4707.6000,4705.8000,4702.6000,4712.6000,4718.6000,4719.0000,4725.0000,4730.0000,1,2,1,1,1,1,1,1,6,2
SF,IF2103,2020-08-18 09:32:02.000,4710.2000,4222,0,57880320.000,0,-,-,-,-,4708.4000,4707.6000,4705.8000,4702.6000,4702.0000,4712.4000,4712.6000,4718.6000,4719.0000,4725.0000,2,1,1,1,2,1,1,1,1,6
SF,IF2103,2020-08-18 09:32:02.500,4710.2000,4222,0,57880320.000,0,-,-,-,-,4708.4000,4708.2000,4705.8000,4702.6000,4702.0000,4712.6000,4718.6000,4719.0000,4725.0000,4730.0000,2,2,1,1,2,1,1,1,6,2
SF,IF2103,2020-08-18 09:32:03.000,4710.2000,4222,0,57880320.000,0,-,-,-,-,4708.6000,4708.4000,4705.8000,4702.6000,4702.0000,4712.2000,4712.4000,4712.6000,4718.6000,4719.0000,1,2,1,1,2,1,1,1,1,1
SF,IF2103,2020-08-18 09:32:03.500,4710.2000,4222,0,57880320.000,0,-,-,-,-,4708.8000,4708.6000,4708.4000,4705.8000,4702.6000,4712.0000,4712.2000,4712.6000,4718.6000,4719.0000,1,1,1,1,1,1,1,1,1,1
SF,IF2103,2020-08-18 09:32:04.000,4710.2000,4222,0,57880320.000,0,-,-,-,-,4708.8000,4705.8000,4702.0000,4700.0000,4690.0000,4712.0000,4712.2000,4712.6000,4718.6000,4719.0000,1,1,1,1,1,1,1,1,1,1
SF,IF2103,2020-08-18 09:32:04.500,4710.2000,4222,0,57880320.000,0,-,-,-,-,4708.8000,4705.8000,4702.0000,4700.0000,4690.0000,4712.0000,4712.2000,4712.6000,4718.6000,4719.0000,1,1,1,1,1,1,1,1,1,1
SF,IF2103,2020-08-18 09:32:06.000,4710.2000,4222,0,57880320.000,0,-,-,-,-,4708.8000,4702.0000,4700.0000,4690.0000,4685.0000,4712.0000,4712.2000,4712.6000,4718.6000,4719.0000,1,1,1,1,1,1,1,1,1,1
SF,IF2103,2020-08-18 09:32:06.500,4710.2000,4222,0,57880320.000,0,-,-,-,-,4708.8000,4702.0000,4700.0000,4690.0000,4685.0000,4712.0000,4712.2000,4712.6000,4718.6000,4719.0000,1,1,1,1,1,1,1,1,1,1
SF,IF2103,2020-08-18 09:32:08.000,4712.2000,4220,-2,60707580.000,2,0,2,双平,S,4708.8000,4702.0000,4700.0000,4690.0000,4685.0000,4712.6000,4718.6000,4719.0000,4725.0000,4730.0000,1,1,1,1,1,1,1,1,6,2
SF,IF2103,2020-08-18 09:32:08.500,4712.2000,4220,0,60707580.000,0,-,-,-,-,4708.8000,4702.0000,4700.0000,4690.0000,4685.0000,4712.6000,4718.6000,4719.0000,4725.0000,4730.0000,1,1,1,1,1,1,1,1,6,2
SF,IF2103,2020-08-18 09:32:09.000,4712.2000,4220,0,60707580.000,0,-,-,-,-,4709.2000,4708.8000,4702.0000,4700.0000,4690.0000,4712.6000,4718.6000,4719.0000,4725.0000,4730.0000,1,1,1,1,1,1,1,1,6,2
SF,IF2103,2020-08-18 09:32:09.500,4712.6000,4219,-1,62121360.000,1,0,1,双平,S,4709.4000,4709.2000,4702.0000,4700.0000,4690.0000,4718.6000,4719.0000,4725.0000,4730.0000,4748.8000,1,1,1,1,1,1,1,6,2,12
SF,IF2103,2020-08-18 09:32:10.000,4712.6000,4219,0,62121360.000,0,-,-,-,-,4709.6000,4709.4000,4709.2000,4702.0000,4700.0000,4718.4000,4718.6000,4719.0000,4725.0000,4730.0000,1,1,1,1,1,1,1,1,6,2
SF,IF2103,2020-08-18 09:32:10.500,4712.6000,4219,0,62121360.000,0,-,-,-,-,4710.0000,4709.8000,4709.6000,4702.0000,4700.0000,4718.4000,4718.6000,4719.0000,4725.0000,4730.0000,2,1,1,1,1,1,1,1,6,2
SF,IF2103,2020-08-18 09:32:11.000,4712.6000,4219,0,62121360.000,0,-,-,-,-,4710.2000,4710.0000,4702.0000,4700.0000,4690.0000,4718.4000,4718.6000,4719.0000,4725.0000,4730.0000,2,2,1,1,1,1,1,1,6,2
SF,IF2103,2020-08-18 09:32:11.500,4712.6000,4219,0,62121360.000,0,-,-,-,-,4710.2000,4702.0000,4700.0000,4690.0000,4685.0000,4718.4000,4718.6000,4719.0000,4725.0000,4730.0000,2,1,1,1,1,1,1,1,6,2
SF,IF2103,2020-08-18 09:32:12.000,4712.6000,4219,0,62121360.000,0,-,-,-,-,4710.8000,4710.2000,4702.0000,4700.0000,4690.0000,4718.4000,4718.6000,4719.0000,4725.0000,4730.0000,2,2,1,1,1,1,1,1,6,2
SF,IF2103,2020-08-18 09:32:12.500,4711.0000,4218,-1,63534660.000,1,0,1,双平,S,4711.0000,4710.8000,4702.0000,4700.0000,4690.0000,4718.4000,4718.6000,4719.0000,4725.0000,4730.0000,1,2,1,1,1,1,1,1,6,2
SF,IF2103,2020-08-18 09:32:13.000,4711.0000,4218,0,63534660.000,0,-,-,-,-,4711.6000,4711.2000,4711.0000,4702.0000,4690.0000,4718.4000,4718.6000,4719.0000,4725.0000,4730.0000,2,1,1,1,1,1,1,1,6,2
SF,IF2103,2020-08-18 09:32:13.500,4711.0000,4218,0,63534660.000,0,-,-,-,-,4711.8000,4711.6000,4702.0000,4690.0000,4685.0000,4718.4000,4718.6000,4719.0000,4725.0000,4730.0000,3,2,1,1,1,1,1,1,6,2
SF,IF2103,2020-08-18 09:32:14.000,4711.0000,4218,0,63534660.000,0,-,-,-,-,4712.0000,4711.8000,4711.6000,4702.0000,4690.0000,4718.4000,4718.6000,4719.0000,4725.0000,4730.0000,2,3,2,1,1,1,1,1,6,2
SF,IF2103,2020-08-18 09:32:14.500,4711.0000,4218,0,63534660.000,0,-,-,-,-,4712.4000,4712.2000,4711.8000,4702.0000,4690.0000,4718.4000,4718.6000,4725.0000,4730.0000,4748.8000,2,2,1,1,1,1,1,6,2,12
SF,IF2103,2020-08-18 09:32:15.000,4711.0000,4218,0,63534660.000,0,-,-,-,-,4712.6000,4702.0000,4690.0000,4685.0000,4660.0000,4718.4000,4718.6000,4725.0000,4730.0000,4748.8000,2,1,1,1,1,1,1,6,2,12
SF,IF2103,2020-08-18 09:32:16.500,4711.0000,4218,0,63534660.000,0,-,-,-,-,4712.6000,4702.0000,4690.0000,4685.0000,4660.0000,4718.0000,4718.4000,4718.6000,4725.0000,4730.0000,2,1,1,1,1,2,1,1,6,2
SF,IF2103,2020-08-18 09:32:17.000,4711.0000,4218,0,63534660.000,0,-,-,-,-,4712.8000,4712.6000,4702.0000,4690.0000,4685.0000,4718.4000,4718.6000,4725.0000,4730.0000,4748.8000,1,2,1,1,1,1,1,6,2,12
SF,IF2103,2020-08-18 09:32:17.500,4711.0000,4218,0,63534660.000,0,-,-,-,-,4713.0000,4712.8000,4712.6000,4702.0000,4690.0000,4718.4000,4718.6000,4725.0000,4730.0000,4748.8000,1,1,1,1,1,1,1,6,2,12
SF,IF2103,2020-08-18 09:32:18.000,4711.0000,4218,0,63534660.000,0,-,-,-,-,4713.0000,4712.8000,4712.6000,4710.0000,4690.0000,4718.4000,4718.6000,4725.0000,4730.0000,4748.8000,1,1,1,1,1,1,1,6,2,12
SF,IF2103,2020-08-18 09:32:18.500,4711.0000,4218,0,63534660.000,0,-,-,-,-,4713.0000,4712.8000,4712.6000,4710.0000,4690.0000,4718.0000,4718.4000,4718.6000,4725.0000,4730.0000,1,1,1,1,1,2,1,1,6,2
SF,IF2103,2020-08-18 09:32:19.000,4711.0000,4218,0,63534660.000,0,-,-,-,-,4713.4000,4713.2000,4713.0000,4712.8000,4712.6000,4718.4000,4718.6000,4725.0000,4730.0000,4748.8000,1,1,1,1,1,1,1,6,2,12
SF,IF2103,2020-08-18 09:32:19.500,4711.0000,4218,0,63534660.000,0,-,-,-,-,4713.6000,4713.4000,4713.2000,4712.8000,4710.0000,4718.2000,4718.6000,4725.0000,4730.0000,4748.8000,3,1,1,1,1,2,1,6,2,12
SF,IF2103,2020-08-18 09:32:20.000,4711.0000,4218,0,63534660.000,0,-,-,-,-,4715.0000,4713.6000,4713.4000,4713.2000,4712.8000,4718.2000,4718.6000,4725.0000,4730.0000,4748.8000,1,3,1,1,1,2,1,6,2,12
SF,IF2103,2020-08-18 09:32:20.500,4711.0000,4218,0,63534660.000,0,-,-,-,-,4715.0000,4713.6000,4713.4000,4713.2000,4712.8000,4718.6000,4725.0000,4730.0000,4748.8000,4750.0000,1,2,1,1,1,1,6,2,12,1
SF,IF2103,2020-08-18 09:32:21.000,4715.0000,4218,0,64949160.000,1,0,1,多换,S,4718.0000,4713.6000,4713.2000,4710.0000,4690.0000,4718.6000,4725.0000,4730.0000,4748.8000,4750.0000,2,2,1,1,1,1,6,2,12,1
SF,IF2103,2020-08-18 09:32:21.500,4718.4000,4216,-2,69195480.000,3,0,3,多平,S,4713.6000,4713.2000,4710.0000,4690.0000,4685.0000,4717.8000,4718.2000,4718.4000,4718.6000,4725.0000,1,1,1,1,1,1,1,2,1,6
SF,IF2103,2020-08-18 09:32:22.000,4718.4000,4216,0,69195480.000,0,-,-,-,-,4713.8000,4713.6000,4710.0000,4690.0000,4685.0000,4717.8000,4718.2000,4718.6000,4725.0000,4730.0000,1,1,1,1,1,1,1,1,6,2
SF,IF2103,2020-08-18 09:32:22.500,4718.4000,4216,0,69195480.000,0,-,-,-,-,4714.0000,4713.8000,4713.6000,4710.0000,4690.0000,4717.8000,4718.2000,4718.6000,4725.0000,4730.0000,1,1,1,1,1,1,1,1,6,2
SF,IF2103,2020-08-18 09:32:23.000,4718.4000,4216,0,69195480.000,0,-,-,-,-,4714.0000,4713.6000,4710.0000,4690.0000,4685.0000,4717.6000,4717.8000,4718.6000,4725.0000,4730.0000,1,1,1,1,1,2,1,1,6,2
SF,IF2103,2020-08-18 09:32:23.500,4718.4000,4216,0,69195480.000,0,-,-,-,-,4714.2000,4714.0000,4713.6000,4710.0000,4690.0000,4717.4000,4717.6000,4717.8000,4718.6000,4725.0000,1,1,1,1,1,1,2,1,1,6
SF,IF2103,2020-08-18 09:32:24.000,4718.4000,4216,0,69195480.000,0,-,-,-,-,4714.2000,4714.0000,4713.6000,4710.0000,4690.0000,4717.8000,4718.6000,4725.0000,4730.0000,4748.8000,1,1,1,1,1,1,1,6,2,12
SF,IF2103,2020-08-18 09:32:24.500,4718.4000,4216,0,69195480.000,0,-,-,-,-,4714.2000,4714.0000,4713.6000,4710.0000,4690.0000,4717.8000,4718.6000,4725.0000,4730.0000,4748.8000,1,1,1,1,1,1,1,6,2,12
SF,IF2103,2020-08-18 09:32:25.000,4718.4000,4216,0,69195480.000,0,-,-,-,-,4714.2000,4714.0000,4713.6000,4710.0000,4690.0000,4717.8000,4718.6000,4725.0000,4730.0000,4748.8000,1,1,1,1,1,1,1,6,2,12
SF,IF2103,2020-08-18 09:32:25.500,4718.0000,4215,-1,70610880.000,1,0,1,双平,S,4714.2000,4714.0000,4713.6000,4710.0000,4690.0000,4718.6000,4725.0000,4730.0000,4748.8000,4750.0000,1,1,1,1,1,1,6,2,12,1
SF,IF2103,2020-08-18 09:32:26.000,4718.0000,4215,0,70610880.000,0,-,-,-,-,4715.0000,4714.8000,4714.4000,4714.2000,4714.0000,4718.6000,4725.0000,4730.0000,4748.8000,4750.0000,1,1,1,1,1,1,6,2,12,1
SF,IF2103,2020-08-18 09:32:26.500,4718.0000,4215,0,70610880.000,0,-,-,-,-,4717.6000,4715.4000,4715.0000,4714.8000,4714.4000,4718.6000,4725.0000,4730.0000,4748.8000,4750.0000,1,1,1,1,2,1,6,2,12,1
SF,IF2103,2020-08-18 09:32:27.000,4718.6000,4214,-1,72026460.000,1,0,1,双平,S,4717.6000,4715.4000,4715.0000,4714.8000,4714.4000,4725.0000,4730.0000,4748.8000,4750.0000,4760.6000,1,2,1,1,2,6,2,12,1,3
SF,IF2103,2020-08-18 09:32:27.500,4718.6000,4214,0,72026460.000,0,-,-,-,-,4717.8000,4717.6000,4715.4000,4715.0000,4714.8000,4725.0000,4730.0000,4748.8000,4750.0000,4760.6000,1,1,2,1,1,6,2,12,1,3
SF,IF2103,2020-08-18 09:32:28.000,4718.6000,4214,0,72026460.000,0,-,-,-,-,4717.8000,4717.6000,4715.4000,4715.0000,4714.0000,4725.0000,4730.0000,4748.8000,4750.0000,4760.6000,1,1,2,1,2,6,2,12,1,3
SF,IF2103,2020-08-18 09:32:29.000,4718.6000,4214,0,72026460.000,0,-,-,-,-,4717.8000,4717.6000,4715.4000,4715.0000,4714.0000,4724.2000,4724.4000,4725.0000,4730.0000,4748.8000,1,1,2,1,2,2,1,6,2,12
SF,IF2103,2020-08-18 09:32:30.000,4718.6000,4214,0,72026460.000,0,-,-,-,-,4718.0000,4717.8000,4717.6000,4715.4000,4715.0000,4724.2000,4724.4000,4725.0000,4730.0000,4748.8000,1,1,1,2,1,2,1,6,2,12
SF,IF2103,2020-08-18 09:32:30.500,4718.6000,4214,0,72026460.000,0,-,-,-,-,4718.2000,4717.6000,4715.4000,4715.0000,4714.0000,4723.6000,4724.2000,4725.0000,4730.0000,4748.8000,1,1,1,1,2,1,2,6,2,12
SF,IF2103,2020-08-18 09:32:31.000,4718.6000,4214,0,72026460.000,0,-,-,-,-,4718.2000,4717.6000,4715.4000,4715.0000,4714.0000,4723.2000,4723.6000,4724.2000,4725.0000,4730.0000,1,1,1,1,1,1,1,2,6,2
SF,IF2103,2020-08-18 09:32:31.500,4718.6000,4214,0,72026460.000,0,-,-,-,-,4718.2000,4717.6000,4715.4000,4715.0000,4714.0000,4723.2000,4723.4000,4723.6000,4725.0000,4730.0000,1,1,1,1,1,1,2,1,6,2
SF,IF2103,2020-08-18 09:32:32.000,4718.6000,4214,0,72026460.000,0,-,-,-,-,4718.2000,4717.6000,4715.4000,4715.0000,4714.0000,4722.8000,4723.0000,4723.2000,4723.6000,4725.0000,1,1,1,1,1,2,1,1,1,6
SF,IF2103,2020-08-18 09:32:33.000,4718.6000,4214,0,72026460.000,0,-,-,-,-,4718.2000,4717.6000,4715.4000,4715.0000,4714.0000,4722.6000,4722.8000,4723.6000,4725.0000,4730.0000,1,1,1,1,1,1,2,1,6,2
SF,IF2103,2020-08-18 09:32:33.500,4718.6000,4214,0,72026460.000,0,-,-,-,-,4718.4000,4718.2000,4717.6000,4715.4000,4715.0000,4722.4000,4722.6000,4722.8000,4723.6000,4725.0000,1,1,1,1,1,1,1,2,1,6
SF,IF2103,2020-08-18 09:32:34.000,4718.6000,4214,0,72026460.000,0,-,-,-,-,4718.4000,4718.2000,4717.6000,4715.4000,4715.0000,4722.4000,4722.8000,4725.0000,4730.0000,4748.8000,1,1,1,1,1,1,2,6,2,12
SF,IF2103,2020-08-18 09:32:34.500,4718.6000,4214,0,72026460.000,0,-,-,-,-,4718.4000,4718.2000,4717.6000,4715.4000,4715.0000,4722.4000,4722.8000,4725.0000,4730.0000,4748.8000,1,1,1,1,1,1,2,6,2,12
SF,IF2103,2020-08-18 09:32:35.000,4718.6000,4214,0,72026460.000,0,-,-,-,-,4718.6000,4718.4000,4718.2000,4715.4000,4715.0000,4722.4000,4722.8000,4725.0000,4730.0000,4748.8000,1,1,1,1,1,1,2,6,2,12
SF,IF2103,2020-08-18 09:32:35.500,4718.6000,4214,0,72026460.000,0,-,-,-,-,4718.6000,4718.4000,4718.2000,4715.4000,4715.0000,4722.4000,4722.8000,4725.0000,4730.0000,4748.8000,1,1,1,1,2,1,2,6,2,12
SF,IF2103,2020-08-18 09:32:36.000,4718.6000,4214,0,72026460.000,0,-,-,-,-,4718.6000,4718.4000,4718.2000,4715.4000,4715.0000,4722.4000,4725.0000,4730.0000,4748.8000,4750.0000,1,1,1,1,2,1,6,2,12,1
SF,IF2103,2020-08-18 09:32:36.500,4718.6000,4214,0,72026460.000,0,-,-,-,-,4718.6000,4718.4000,4718.2000,4715.4000,4715.0000,4721.0000,4722.4000,4725.0000,4730.0000,4748.8000,1,1,1,1,2,2,1,6,2,12
SF,IF2103,2020-08-18 09:32:37.000,4718.6000,4214,0,72026460.000,0,-,-,-,-,4718.4000,4715.4000,4715.0000,4714.0000,4707.2000,4720.8000,4721.0000,4725.0000,4730.0000,4748.8000,1,1,2,1,5,1,2,6,2,12
SF,IF2103,2020-08-18 09:32:37.500,4720.8000,4214,0,73442700.000,1,0,1,多换,S,4715.4000,4715.0000,4714.0000,4707.2000,4690.0000,4721.0000,4725.0000,4730.0000,4748.8000,4750.0000,1,2,1,5,1,2,6,2,12,1
SF,IF2103,2020-08-18 09:32:38.000,4720.8000,4214,0,73442700.000,0,-,-,-,-,4715.6000,4715.0000,4714.0000,4707.2000,4690.0000,4721.0000,4725.0000,4730.0000,4748.8000,4750.0000,2,2,1,5,1,2,6,2,12,1
SF,IF2103,2020-08-18 09:32:38.500,4720.8000,4214,0,73442700.000,0,-,-,-,-,4715.6000,4715.0000,4714.0000,4707.2000,4690.0000,4720.8000,4721.0000,4725.0000,4730.0000,4748.8000,2,2,1,5,1,1,2,6,2,12
SF,IF2103,2020-08-18 09:32:39.000,4720.8000,4215,1,74858940.000,1,1,0,双开,S,4715.6000,4715.0000,4714.0000,4707.2000,4690.0000,4721.0000,4725.0000,4730.0000,4748.8000,4750.0000,2,2,1,5,1,2,6,2,12,1
SF,IF2103,2020-08-18 09:32:39.500,4720.8000,4215,0,74858940.000,0,-,-,-,-,4715.8000,4715.6000,4715.0000,4714.0000,4707.2000,4720.8000,4721.0000,4725.0000,4730.0000,4735.0000,1,2,2,1,5,1,2,6,2,1
SF,IF2103,2020-08-18 09:32:40.000,4720.8000,4215,0,74858940.000,0,-,-,-,-,4716.0000,4715.8000,4715.0000,4714.0000,4707.2000,4721.0000,4725.0000,4730.0000,4735.0000,4748.8000,3,1,2,1,5,2,6,2,1,12
SF,IF2103,2020-08-18 09:32:40.500,4720.8000,4215,0,74858940.000,0,-,-,-,-,4716.0000,4715.8000,4715.0000,4714.0000,4707.2000,4720.8000,4721.0000,4725.0000,4730.0000,4735.0000,3,1,2,1,5,1,2,6,2,1
SF,IF2103,2020-08-18 09:32:41.000,4720.8000,4215,0,74858940.000,0,-,-,-,-,4716.0000,4715.0000,4714.0000,4707.2000,4690.0000,4720.8000,4721.0000,4725.0000,4730.0000,4735.0000,3,2,1,5,1,1,2,6,2,1
SF,IF2103,2020-08-18 09:32:42.500,4720.8000,4215,0,74858940.000,0,-,-,-,-,4716.0000,4715.0000,4714.0000,4707.2000,4690.0000,4720.6000,4720.8000,4721.0000,4725.0000,4730.0000,2,2,1,5,1,1,1,2,6,2
SF,IF2103,2020-08-18 09:32:43.000,4720.8000,4215,0,74858940.000,0,-,-,-,-,4716.0000,4715.0000,4714.0000,4707.2000,4690.0000,4720.4000,4720.6000,4721.0000,4725.0000,4730.0000,1,2,1,5,1,2,1,2,6,2
SF,IF2103,2020-08-18 09:32:44.000,4720.8000,4215,0,74858940.000,0,-,-,-,-,4716.0000,4715.0000,4714.0000,4707.2000,4690.0000,4719.8000,4720.0000,4720.2000,4720.4000,4721.0000,1,2,1,5,1,1,1,2,1,2
SF,IF2103,2020-08-18 09:32:44.500,4720.8000,4215,0,74858940.000,0,-,-,-,-,4716.0000,4715.0000,4714.0000,4707.2000,4690.0000,4719.6000,4719.8000,4720.0000,4720.2000,4721.0000,1,2,1,5,1,1,1,1,2,2
SF,IF2103,2020-08-18 09:32:45.000,4720.8000,4215,0,74858940.000,0,-,-,-,-,4715.0000,4714.0000,4707.2000,4690.0000,4685.0000,4719.6000,4721.0000,4725.0000,4730.0000,4735.0000,2,1,5,1,1,1,2,6,2,1
SF,IF2103,2020-08-18 09:32:45.500,4720.8000,4215,0,74858940.000,0,-,-,-,-,4715.2000,4715.0000,4714.0000,4707.2000,4690.0000,4718.8000,4719.6000,4721.0000,4725.0000,4730.0000,2,2,1,5,1,1,3,2,6,2
SF,IF2103,2020-08-18 09:32:46.000,4720.8000,4215,0,74858940.000,0,-,-,-,-,4715.2000,4715.0000,4714.0000,4707.2000,4690.0000,4718.6000,4718.8000,4719.0000,4721.0000,4725.0000,1,2,1,5,1,1,1,2,2,6
SF,IF2103,2020-08-18 09:32:46.500,4720.8000,4215,0,74858940.000,0,-,-,-,-,4715.2000,4715.0000,4714.0000,4707.2000,4690.0000,4718.6000,4719.0000,4721.0000,4725.0000,4730.0000,1,2,1,5,1,1,2,2,6,2
SF,IF2103,2020-08-18 09:32:47.000,4720.8000,4215,0,74858940.000,0,-,-,-,-,4715.2000,4715.0000,4714.0000,4707.2000,4690.0000,4718.6000,4721.0000,4725.0000,4730.0000,4735.0000,1,2,1,5,1,3,2,6,2,1
SF,IF2103,2020-08-18 09:32:47.500,4721.0000,4216,1,80523960.000,4,2,2,空开,S,4715.2000,4715.0000,4714.0000,4707.2000,4690.0000,4721.0000,4725.0000,4730.0000,4735.0000,4748.8000,1,2,1,5,1,1,6,2,1,12
SF,IF2103,2020-08-18 09:32:48.000,4721.0000,4216,0,80523960.000,0,-,-,-,-,4715.4000,4715.2000,4715.0000,4714.0000,4707.2000,4720.8000,4721.0000,4725.0000,4730.0000,4735.0000,1,1,2,1,5,3,1,6,2,1
SF,IF2103,2020-08-18 09:32:48.500,4721.0000,4216,0,80523960.000,0,-,-,-,-,4715.6000,4715.4000,4715.0000,4714.0000,4707.2000,4720.4000,4720.8000,4721.0000,4725.0000,4730.0000,1,1,2,1,5,1,3,1,6,2
SF,IF2103,2020-08-18 09:32:49.000,4721.0000,4216,0,80523960.000,0,-,-,-,-,4715.8000,4715.6000,4715.0000,4714.0000,4707.2000,4720.2000,4720.4000,4720.8000,4721.0000,4725.0000,1,1,2,1,5,1,1,2,1,6
SF,IF2103,2020-08-18 09:32:49.500,4721.0000,4216,0,80523960.000,0,-,-,-,-,4715.8000,4715.0000,4714.0000,4707.2000,4690.0000,4719.8000,4720.2000,4720.8000,4721.0000,4725.0000,1,2,1,5,1,1,2,2,1,6
SF,IF2103,2020-08-18 09:32:50.000,4715.8000,4216,0,81938700.000,1,0,1,多换,S,4715.0000,4714.0000,4707.2000,4690.0000,4685.0000,4719.6000,4719.8000,4720.2000,4720.8000,4721.0000,2,1,5,1,1,1,1,1,3,1
SF,IF2103,2020-08-18 09:32:50.500,4715.8000,4216,0,81938700.000,0,-,-,-,-,4716.0000,4715.2000,4715.0000,4714.0000,4707.2000,4719.4000,4719.6000,4719.8000,4720.2000,4720.8000,1,1,2,1,5,3,1,1,1,2
SF,IF2103,2020-08-18 09:32:51.000,4715.8000,4216,0,81938700.000,0,-,-,-,-,4716.2000,4716.0000,4715.0000,4714.0000,4707.2000,4719.4000,4719.8000,4720.2000,4720.8000,4721.0000,1,1,2,1,5,2,1,1,1,1
SF,IF2103,2020-08-18 09:32:51.500,4715.8000,4216,0,81938700.000,0,-,-,-,-,4716.2000,4716.0000,4715.0000,4714.0000,4707.2000,4719.4000,4719.8000,4720.8000,4721.0000,4725.0000,1,1,2,1,5,2,1,1,1,6
SF,IF2103,2020-08-18 09:32:52.000,4715.8000,4216,0,81938700.000,0,-,-,-,-,4716.2000,4716.0000,4715.0000,4714.0000,4707.2000,4719.8000,4720.8000,4721.0000,4725.0000,4730.0000,1,1,2,1,5,1,1,1,6,2
SF,IF2103,2020-08-18 09:32:52.500,4715.8000,4216,0,81938700.000,0,-,-,-,-,4716.6000,4716.2000,4716.0000,4715.0000,4714.0000,4719.6000,4720.8000,4721.0000,4725.0000,4730.0000,1,1,1,2,1,1,1,1,6,2
SF,IF2103,2020-08-18 09:32:53.000,4715.8000,4216,0,81938700.000,0,-,-,-,-,4716.8000,4716.6000,4716.0000,4715.0000,4714.0000,4719.6000,4720.8000,4721.0000,4725.0000,4730.0000,1,1,1,2,1,1,1,1,6,2
SF,IF2103,2020-08-18 09:32:54.000,4716.8000,4215,-1,83353740.000,1,0,1,双平,S,4717.0000,4716.0000,4715.0000,4714.0000,4707.2000,4719.6000,4720.8000,4721.0000,4725.0000,4730.0000,2,1,2,1,5,1,1,1,6,2
SF,IF2103,2020-08-18 09:32:54.500,4716.8000,4215,0,83353740.000,0,-,-,-,-,4716.0000,4715.0000,4714.0000,4707.2000,4690.0000,4719.6000,4720.8000,4721.0000,4725.0000,4730.0000,1,2,1,5,1,1,1,1,6,2
SF,IF2103,2020-08-18 09:32:55.000,4716.8000,4215,0,83353740.000,0,-,-,-,-,4716.2000,4716.0000,4715.0000,4714.0000,4707.2000,4719.6000,4720.8000,4721.0000,4725.0000,4730.0000,1,1,2,1,5,1,1,1,6,2
SF,IF2103,2020-08-18 09:32:55.500,4716.8000,4215,0,83353740.000,0,-,-,-,-,4716.0000,4715.0000,4714.0000,4707.2000,4690.0000,4719.6000,4720.8000,4721.0000,4725.0000,4730.0000,1,2,1,5,1,1,1,1,6,2
SF,IF2103,2020-08-18 09:32:56.000,4716.8000,4215,0,83353740.000,0,-,-,-,-,4716.6000,4716.0000,4715.0000,4714.0000,4707.2000,4719.6000,4720.8000,4721.0000,4725.0000,4730.0000,1,1,2,1,5,1,1,1,6,2
SF,IF2103,2020-08-18 09:32:56.500,4716.8000,4215,0,83353740.000,0,-,-,-,-,4716.8000,4716.6000,4716.4000,4716.0000,4715.0000,4719.6000,4720.8000,4721.0000,4725.0000,4730.0000,1,1,1,1,2,1,1,1,6,2
SF,IF2103,2020-08-18 09:32:57.000,4716.8000,4215,0,83353740.000,0,-,-,-,-,4716.6000,4716.4000,4716.0000,4715.0000,4714.0000,4719.6000,4720.8000,4721.0000,4725.0000,4730.0000,1,1,1,2,1,1,1,1,6,2
SF,IF2103,2020-08-18 09:32:57.500,4716.8000,4215,0,83353740.000,0,-,-,-,-,4716.4000,4716.0000,4715.0000,4714.0000,4707.2000,4719.6000,4720.8000,4721.0000,4725.0000,4730.0000,1,1,2,1,5,1,1,1,6,2
SF,IF2103,2020-08-18 09:32:58.000,4716.8000,4215,0,83353740.000,0,-,-,-,-,4716.6000,4716.0000,4715.0000,4714.0000,4707.2000,4719.6000,4720.8000,4721.0000,4725.0000,4730.0000,1,1,2,1,5,1,1,1,6,2
SF,IF2103,2020-08-18 09:32:59.000,4716.8000,4215,0,83353740.000,0,-,-,-,-,4717.0000,4716.6000,4716.0000,4715.0000,4714.0000,4719.6000,4720.8000,4721.0000,4725.0000,4730.0000,1,1,1,2,1,1,1,1,6,2
SF,IF2103,2020-08-18 09:32:59.500,4716.8000,4215,0,83353740.000,0,-,-,-,-,4717.2000,4717.0000,4716.0000,4715.0000,4714.0000,4719.6000,4720.8000,4721.0000,4725.0000,4730.0000,1,1,1,2,1,1,1,1,6,2
SF,IF2103,2020-08-18 09:33:00.000,4716.8000,4215,0,83353740.000,0,-,-,-,-,4717.2000,4717.0000,4716.0000,4715.0000,4714.0000,4719.6000,4720.8000,4721.0000,4725.0000,4730.0000,1,1,1,2,1,1,1,1,6,2
SF,IF2103,2020-08-18 09:33:00.500,4716.8000,4215,0,83353740.000,0,-,-,-,-,4717.0000,4716.0000,4715.0000,4714.0000,4707.2000,4719.6000,4720.8000,4721.0000,4725.0000,4730.0000,1,1,2,1,5,1,1,1,6,2
SF,IF2103,2020-08-18 09:33:01.000,4716.8000,4215,0,83353740.000,0,-,-,-,-,4717.4000,4716.0000,4715.0000,4714.0000,4707.2000,4719.6000,4721.0000,4725.0000,4730.0000,4735.0000,1,2,2,1,5,1,1,6,2,1
SF,IF2103,2020-08-18 09:33:01.500,4717.0000,4215,0,84768840.000,1,0,1,多换,S,4716.0000,4715.0000,4714.0000,4707.2000,4690.0000,4719.4000,4719.6000,4721.0000,4725.0000,4730.0000,2,2,1,5,1,1,1,1,6,2
SF,IF2103,2020-08-18 09:33:02.000,4717.0000,4215,0,84768840.000,0,-,-,-,-,4716.2000,4716.0000,4715.0000,4714.0000,4707.2000,4719.4000,4721.0000,4725.0000,4730.0000,4735.0000,1,2,2,1,5,1,1,6,2,1
SF,IF2103,2020-08-18 09:33:02.500,4717.0000,4215,0,84768840.000,0,-,-,-,-,4716.2000,4716.0000,4715.0000,4714.0000,4707.2000,4719.2000,4719.4000,4725.0000,4730.0000,4735.0000,1,2,2,1,5,1,1,6,2,1
SF,IF2103,2020-08-18 09:33:04.000,4717.0000,4215,0,84768840.000,0,-,-,-,-,4716.2000,4716.0000,4715.0000,4714.0000,4703.4000,4719.2000,4719.4000,4725.0000,4730.0000,4735.0000,1,2,2,1,5,1,1,6,2,1
SF,IF2103,2020-08-18 09:33:05.500,4716.0000,4214,-1,89013300.000,3,1,2,多平,S,4715.0000,4714.0000,4703.4000,4690.0000,4685.0000,4719.2000,4719.4000,4725.0000,4730.0000,4735.0000,2,1,5,1,1,1,1,6,2,1
SF,IF2103,2020-08-18 09:33:06.000,4716.0000,4214,0,89013300.000,0,-,-,-,-,4715.0000,4714.0000,4703.4000,4690.0000,4685.0000,4718.2000,4719.0000,4719.2000,4719.4000,4725.0000,2,1,5,1,1,1,1,1,1,6
SF,IF2103,2020-08-18 09:33:06.500,4716.0000,4214,0,89013300.000,0,-,-,-,-,4715.0000,4714.0000,4713.0000,4703.4000,4690.0000,4718.0000,4718.2000,4719.0000,4719.4000,4725.0000,2,1,1,5,1,1,1,1,1,6
SF,IF2103,2020-08-18 09:33:07.000,4716.0000,4214,0,89013300.000,0,-,-,-,-,4715.0000,4714.0000,4713.0000,4703.4000,4690.0000,4718.0000,4718.2000,4719.0000,4719.4000,4725.0000,2,1,1,5,1,1,1,1,1,6
SF,IF2103,2020-08-18 09:33:09.500,4716.0000,4214,0,89013300.000,0,-,-,-,-,4715.0000,4714.0000,4713.0000,4703.4000,4690.0000,4718.0000,4719.0000,4719.4000,4725.0000,4730.0000,2,1,1,5,1,1,1,1,6,2
SF,IF2103,2020-08-18 09:33:10.000,4716.0000,4214,0,89013300.000,0,-,-,-,-,4715.0000,4714.0000,4713.0000,4703.4000,4690.0000,4718.0000,4719.4000,4725.0000,4730.0000,4735.0000,2,1,1,5,1,1,1,6,2,1
SF,IF2103,2020-08-18 09:33:12.000,4715.0000,4214,0,91842300.000,2,1,1,多换,S,4714.0000,4713.0000,4703.4000,4690.0000,4685.0000,4718.0000,4719.4000,4725.0000,4730.0000,4735.0000,1,1,5,1,1,1,1,6,2,1
SF,IF2103,2020-08-18 09:33:12.500,4715.0000,4214,0,91842300.000,0,-,-,-,-,4714.0000,4713.0000,4703.4000,4690.0000,4685.0000,4717.8000,4718.0000,4719.4000,4725.0000,4730.0000,1,1,5,1,1,1,1,1,6,2
SF,IF2103,2020-08-18 09:33:13.000,4714.0000,4214,0,93256500.000,1,0,1,多换,S,4713.0000,4703.4000,4690.0000,4685.0000,4660.0000,4717.8000,4719.4000,4725.0000,4730.0000,4735.0000,1,5,1,1,1,1,1,6,2,1
SF,IF2103,2020-08-18 09:33:13.500,4714.0000,4214,0,93256500.000,0,-,-,-,-,4713.0000,4703.4000,4690.0000,4685.0000,4660.0000,4717.6000,4717.8000,4719.4000,4725.0000,4730.0000,1,5,1,1,1,2,1,1,6,2
SF,IF2103,2020-08-18 09:33:14.000,4714.0000,4214,0,93256500.000,0,-,-,-,-,4713.0000,4703.4000,4690.0000,4685.0000,4660.0000,4717.6000,4717.8000,4719.4000,4725.0000,4730.0000,1,5,1,1,1,2,1,1,6,2
SF,IF2103,2020-08-18 09:33:14.500,4713.0000,4214,0,94670400.000,1,0,1,多换,S,4703.4000,4690.0000,4685.0000,4660.0000,4654.0000,4713.0000,4717.6000,4717.8000,4719.4000,4725.0000,5,1,1,1,5,1,2,1,1,6
SF,IF2103,2020-08-18 09:33:15.000,4713.0000,4214,0,97498200.000,2,1,1,多换,S,4708.2000,4706.0000,4703.6000,4703.4000,4690.0000,4717.8000,4719.4000,4725.0000,4730.0000,4735.0000,1,1,2,5,1,1,1,6,2,1
SF,IF2103,2020-08-18 09:33:15.500,4713.0000,4214,0,97498200.000,0,-,-,-,-,4708.4000,4708.2000,4703.4000,4690.0000,4685.0000,4716.8000,4717.8000,4725.0000,4730.0000,4735.0000,2,1,5,1,1,1,1,6,2,1
SF,IF2103,2020-08-18 09:33:16.000,4713.0000,4214,0,97498200.000,0,-,-,-,-,4710.2000,4709.4000,4708.6000,4708.4000,4708.2000,4716.6000,4717.8000,4725.0000,4730.0000,4735.0000,1,1,1,2,1,1,1,6,2,1
SF,IF2103,2020-08-18 09:33:16.500,4713.0000,4214,0,97498200.000,0,-,-,-,-,4710.4000,4709.4000,4708.6000,4708.2000,4703.4000,4716.6000,4717.4000,4717.8000,4725.0000,4730.0000,2,1,1,1,5,1,1,1,6,2
SF,IF2103,2020-08-18 09:33:17.000,4713.0000,4214,0,97498200.000,0,-,-,-,-,4710.8000,4710.4000,4708.2000,4703.4000,4690.0000,4716.6000,4717.8000,4725.0000,4730.0000,4735.0000,1,2,1,5,1,1,1,6,2,1
SF,IF2103,2020-08-18 09:33:17.500,4713.0000,4214,0,97498200.000,0,-,-,-,-,4711.0000,4710.8000,4708.2000,4703.4000,4690.0000,4716.6000,4725.0000,4730.0000,4735.0000,4742.0000,2,1,1,5,1,1,6,2,1,1
SF,IF2103,2020-08-18 09:33:18.000,4713.0000,4214,0,97498200.000,0,-,-,-,-,4711.4000,4711.2000,4711.0000,4708.2000,4703.4000,4725.0000,4730.0000,4735.0000,4742.0000,4748.8000,1,1,2,1,5,6,2,1,1,12
SF,IF2103,2020-08-18 09:33:18.500,4713.0000,4214,0,97498200.000,0,-,-,-,-,4712.0000,4711.6000,4711.4000,4708.2000,4703.4000,4724.4000,4724.8000,4725.0000,4730.0000,4735.0000,1,2,1,1,5,1,1,6,2,1
SF,IF2103,2020-08-18 09:33:19.000,4713.0000,4214,0,97498200.000,0,-,-,-,-,4712.2000,4712.0000,4711.4000,4708.2000,4703.4000,4716.8000,4724.4000,4724.8000,4725.0000,4730.0000,2,1,1,1,5,1,1,1,6,2
SF,IF2103,2020-08-18 09:33:19.500,4713.0000,4214,0,97498200.000,0,-,-,-,-,4713.2000,4712.4000,4712.2000,4708.2000,4703.4000,4716.8000,4720.4000,4720.6000,4724.4000,4724.8000,1,2,2,1,5,1,1,1,1,1
SF,IF2103,2020-08-18 09:33:20.000,4716.6000,4214,0,100328160.000,2,1,1,多换,S,4712.2000,4708.2000,4703.4000,4690.0000,4685.0000,4716.8000,4720.4000,4720.6000,4724.4000,4724.8000,2,1,5,1,1,1,1,1,1,1
SF,IF2103,2020-08-18 09:33:20.500,4716.6000,4214,0,100328160.000,0,-,-,-,-,4712.2000,4708.2000,4703.4000,4690.0000,4685.0000,4716.6000,4720.4000,4720.6000,4724.4000,4724.8000,2,1,5,1,1,2,1,1,1,1
SF,IF2103,2020-08-18 09:33:21.000,4716.6000,4214,0,100328160.000,0,-,-,-,-,4712.2000,4708.2000,4703.4000,4690.0000,4685.0000,4716.6000,4720.4000,4720.6000,4724.8000,4725.0000,2,1,5,1,1,2,1,1,1,6
SF,IF2103,2020-08-18 09:33:21.500,4716.6000,4214,0,100328160.000,0,-,-,-,-,4712.2000,4703.4000,4690.0000,4685.0000,4660.0000,4716.2000,4716.4000,4716.6000,4719.6000,4720.4000,2,5,1,1,1,1,1,2,1,1
SF,IF2103,2020-08-18 09:33:22.000,4716.6000,4214,0,100328160.000,0,-,-,-,-,4712.2000,4703.4000,4690.0000,4685.0000,4660.0000,4716.0000,4716.2000,4716.4000,4716.6000,4720.4000,2,5,1,1,1,1,2,1,1,1
SF,IF2103,2020-08-18 09:33:22.500,4716.6000,4214,0,100328160.000,0,-,-,-,-,4712.2000,4703.4000,4690.0000,4685.0000,4660.0000,4715.8000,4716.0000,4716.2000,4719.0000,4720.4000,2,5,1,1,1,1,1,1,1,1
SF,IF2103,2020-08-18 09:33:23.000,4716.6000,4214,0,100328160.000,0,-,-,-,-,4712.2000,4703.4000,4690.0000,4685.0000,4660.0000,4715.6000,4715.8000,4716.2000,4719.0000,4720.4000,1,5,1,1,1,1,1,1,1,1
SF,IF2103,2020-08-18 09:33:23.500,4716.6000,4214,0,100328160.000,0,-,-,-,-,4712.2000,4703.4000,4700.0000,4690.0000,4685.0000,4715.6000,4716.2000,4719.0000,4720.4000,4720.6000,1,5,1,1,1,1,1,1,1,1
SF,IF2103,2020-08-18 09:33:24.000,4716.6000,4214,0,100328160.000,0,-,-,-,-,4712.2000,4703.4000,4700.0000,4690.0000,4685.0000,4716.2000,4720.4000,4720.6000,4725.0000,4730.0000,1,5,1,1,1,1,1,2,6,2
SF,IF2103,2020-08-18 09:33:24.500,4716.6000,4214,0,100328160.000,0,-,-,-,-,4712.2000,4703.4000,4700.0000,4690.0000,4685.0000,4716.0000,4716.2000,4720.4000,4720.6000,4725.0000,1,5,1,1,1,1,1,1,1,6
SF,IF2103,2020-08-18 09:33:25.000,4716.6000,4214,0,100328160.000,0,-,-,-,-,4712.4000,4712.2000,4703.4000,4700.0000,4690.0000,4716.0000,4720.4000,4720.6000,4725.0000,4730.0000,1,1,5,1,1,1,1,1,6,2
SF,IF2103,2020-08-18 09:33:25.500,4716.6000,4214,0,100328160.000,0,-,-,-,-,4712.6000,4712.4000,4703.4000,4700.0000,4690.0000,4720.4000,4720.6000,4725.0000,4730.0000,4735.0000,1,1,5,1,1,1,1,6,2,1
SF,IF2103,2020-08-18 09:33:26.000,4716.6000,4214,0,100328160.000,0,-,-,-,-,4712.8000,4712.6000,4712.4000,4703.4000,4700.0000,4720.2000,4720.4000,4725.0000,4730.0000,4735.0000,1,1,1,5,1,2,1,6,2,1
SF,IF2103,2020-08-18 09:33:26.500,4716.6000,4214,0,100328160.000,0,-,-,-,-,4713.0000,4712.8000,4712.4000,4703.4000,4700.0000,4716.8000,4720.2000,4720.4000,4725.0000,4730.0000,1,1,1,5,1,1,2,2,6,2
SF,IF2103,2020-08-18 09:33:27.000,4716.6000,4214,0,100328160.000,0,-,-,-,-,4713.2000,4713.0000,4712.8000,4703.4000,4700.0000,4716.6000,4716.8000,4719.6000,4720.2000,4722.6000,1,1,1,5,1,2,1,1,1,1
SF,IF2103,2020-08-18 09:33:27.500,4716.6000,4214,0,100328160.000,0,-,-,-,-,4713.4000,4712.8000,4703.4000,4700.0000,4690.0000,4716.0000,4716.6000,4716.8000,4719.6000,4720.2000,1,1,5,1,1,1,2,1,1,1
SF,IF2103,2020-08-18 09:33:28.000,4716.6000,4214,0,100328160.000,0,-,-,-,-,4703.4000,4700.0000,4690.0000,4685.0000,4660.0000,4715.8000,4716.6000,4716.8000,4719.6000,4720.2000,5,1,1,1,1,1,1,1,1,1
SF,IF2103,2020-08-18 09:33:28.500,4716.6000,4214,0,100328160.000,0,-,-,-,-,4708.2000,4703.6000,4703.4000,4700.0000,4690.0000,4715.8000,4716.6000,4719.6000,4720.2000,4725.0000,1,3,5,1,1,2,1,1,1,6
SF,IF2103,2020-08-18 09:33:29.000,4716.6000,4214,0,100328160.000,0,-,-,-,-,4708.4000,4708.2000,4703.6000,4703.4000,4700.0000,4715.8000,4716.6000,4719.6000,4725.0000,4730.0000,2,1,1,5,1,2,1,1,6,2
SF,IF2103,2020-08-18 09:33:29.500,4716.6000,4214,0,100328160.000,0,-,-,-,-,4709.0000,4708.6000,4708.4000,4708.2000,4703.6000,4715.4000,4715.6000,4715.8000,4725.0000,4730.0000,1,1,2,1,1,1,1,2,6,2
SF,IF2103,2020-08-18 09:33:30.000,4716.6000,4214,0,100328160.000,0,-,-,-,-,4709.4000,4709.2000,4709.0000,4708.6000,4708.2000,4715.4000,4715.6000,4715.8000,4725.0000,4730.0000,1,2,1,1,1,1,1,1,6,2
SF,IF2103,2020-08-18 09:33:30.500,4716.6000,4214,0,100328160.000,0,-,-,-,-,4710.0000,4709.6000,4709.4000,4708.6000,4708.2000,4715.4000,4715.6000,4715.8000,4725.0000,4730.0000,1,3,1,1,1,1,1,1,6,2
SF,IF2103,2020-08-18 09:33:31.000,4716.6000,4214,0,100328160.000,0,-,-,-,-,4710.2000,4710.0000,4709.6000,4709.4000,4708.2000,4715.2000,4715.4000,4715.6000,4715.8000,4725.0000,2,1,1,1,1,1,1,1,1,6
SF,IF2103,2020-08-18 09:33:31.500,4716.6000,4214,0,100328160.000,0,-,-,-,-,4711.0000,4710.2000,4703.4000,4700.0000,4690.0000,4715.0000,4715.2000,4715.4000,4715.6000,4715.8000,1,2,5,1,1,1,1,1,1,1
SF,IF2103,2020-08-18 09:33:32.000,4716.6000,4214,0,100328160.000,0,-,-,-,-,4711.2000,4710.2000,4703.4000,4700.0000,4690.0000,4714.6000,4714.8000,4715.8000,4725.0000,4730.0000,1,1,5,1,1,1,1,1,6,2
SF,IF2103,2020-08-18 09:33:32.500,4716.6000,4214,0,100328160.000,0,-,-,-,-,4711.2000,4710.2000,4703.4000,4700.0000,4690.0000,4715.8000,4725.0000,4730.0000,4735.0000,4748.8000,1,1,5,1,1,1,6,2,1,12
SF,IF2103,2020-08-18 09:33:33.000,4716.6000,4214,0,100328160.000,0,-,-,-,-,4711.4000,4711.2000,4703.4000,4700.0000,4690.0000,4715.6000,4715.8000,4725.0000,4730.0000,4735.0000,1,1,5,1,1,1,1,6,2,1
SF,IF2103,2020-08-18 09:33:33.500,4716.6000,4214,0,100328160.000,0,-,-,-,-,4711.8000,4711.6000,4711.4000,4703.4000,4700.0000,4715.6000,4715.8000,4725.0000,4730.0000,4735.0000,1,1,1,5,1,1,1,6,2,1
SF,IF2103,2020-08-18 09:33:34.000,4716.6000,4214,0,100328160.000,0,-,-,-,-,4712.0000,4711.8000,4711.4000,4703.4000,4700.0000,4715.0000,4715.6000,4715.8000,4725.0000,4730.0000,1,1,1,5,1,1,1,1,6,2
SF,IF2103,2020-08-18 09:33:34.500,4716.6000,4214,0,100328160.000,0,-,-,-,-,4712.0000,4711.8000,4703.4000,4700.0000,4690.0000,4715.0000,4715.6000,4715.8000,4725.0000,4730.0000,1,1,5,1,1,1,1,1,6,2
SF,IF2103,2020-08-18 09:33:35.000,4716.6000,4214,0,100328160.000,0,-,-,-,-,4712.0000,4703.4000,4700.0000,4690.0000,4685.0000,4714.8000,4715.0000,4715.8000,4725.0000,4730.0000,1,5,1,1,1,1,1,1,6,2
SF,IF2103,2020-08-18 09:33:37.000,4716.6000,4214,0,100328160.000,0,-,-,-,-,4712.0000,4703.4000,4700.0000,4690.0000,4685.0000,4714.8000,4715.0000,4715.8000,4725.0000,4730.0000,1,5,1,1,1,1,1,1,6,2
SF,IF2103,2020-08-18 09:33:37.500,4716.6000,4214,0,100328160.000,0,-,-,-,-,4712.0000,4703.4000,4700.0000,4690.0000,4685.0000,4715.8000,4725.0000,4730.0000,4735.0000,4743.0000,1,5,1,1,1,1,6,2,1,1
SF,IF2103,2020-08-18 09:33:38.000,4716.6000,4214,0,100328160.000,0,-,-,-,-,4712.0000,4703.4000,4700.0000,4690.0000,4685.0000,4715.6000,4715.8000,4725.0000,4730.0000,4735.0000,1,5,1,1,1,2,1,6,2,1
SF,IF2103,2020-08-18 09:33:40.000,4716.6000,4214,0,100328160.000,0,-,-,-,-,4712.0000,4703.4000,4700.0000,4690.0000,4685.0000,4715.4000,4715.6000,4715.8000,4725.0000,4730.0000,1,5,1,1,1,1,1,1,6,2
SF,IF2103,2020-08-18 09:33:40.500,4716.6000,4214,0,100328160.000,0,-,-,-,-,4712.0000,4703.4000,4700.0000,4690.0000,4685.0000,4715.4000,4715.8000,4725.0000,4730.0000,4735.0000,1,5,1,1,1,1,1,6,2,1
SF,IF2103,2020-08-18 09:33:42.000,4716.6000,4214,0,100328160.000,0,-,-,-,-,4712.0000,4703.4000,4700.0000,4690.0000,4685.0000,4715.2000,4715.4000,4715.8000,4725.0000,4730.0000,1,5,1,1,1,1,1,1,6,2
SF,IF2103,2020-08-18 09:33:43.000,4716.6000,4214,0,100328160.000,0,-,-,-,-,4712.0000,4703.4000,4700.0000,4690.0000,4685.0000,4715.8000,4725.0000,4730.0000,4735.0000,4743.0000,1,5,1,1,1,1,6,2,1,1
SF,IF2103,2020-08-18 09:33:43.500,4716.6000,4214,0,100328160.000,0,-,-,-,-,4712.2000,4712.0000,4703.4000,4700.0000,4690.0000,4715.8000,4725.0000,4730.0000,4735.0000,4743.0000,1,1,5,1,1,1,6,2,1,1
SF,IF2103,2020-08-18 09:33:44.000,4716.6000,4214,0,100328160.000,0,-,-,-,-,4712.4000,4712.2000,4703.4000,4700.0000,4690.0000,4715.8000,4725.0000,4730.0000,4735.0000,4743.0000,1,1,5,1,1,1,6,2,1,1
SF,IF2103,2020-08-18 09:33:44.500,4716.6000,4214,0,100328160.000,0,-,-,-,-,4712.6000,4712.4000,4712.2000,4703.4000,4700.0000,4715.8000,4725.0000,4730.0000,4735.0000,4743.0000,2,1,1,5,1,1,6,2,1,1
SF,IF2103,2020-08-18 09:33:45.000,4715.8000,4214,0,101742900.000,1,0,1,多换,S,4712.6000,4712.2000,4703.4000,4700.0000,4690.0000,4725.0000,4730.0000,4735.0000,4743.0000,4748.8000,2,1,5,1,1,6,2,1,1,12
SF,IF2103,2020-08-18 09:33:45.500,4715.8000,4214,0,101742900.000,0,-,-,-,-,4712.8000,4712.6000,4712.2000,4703.4000,4700.0000,4724.4000,4725.0000,4730.0000,4735.0000,4743.0000,2,2,1,5,1,1,6,2,1,1
SF,IF2103,2020-08-18 09:33:46.000,4715.8000,4214,0,101742900.000,0,-,-,-,-,4713.0000,4712.8000,4712.6000,4703.4000,4700.0000,4724.2000,4725.0000,4730.0000,4735.0000,4743.0000,1,2,2,5,1,1,6,2,1,1
SF,IF2103,2020-08-18 09:33:46.500,4715.8000,4214,0,101742900.000,0,-,-,-,-,4713.2000,4713.0000,4712.6000,4703.4000,4700.0000,4724.2000,4725.0000,4730.0000,4735.0000,4743.0000,2,1,2,5,1,1,6,2,1,1
SF,IF2103,2020-08-18 09:33:47.000,4715.8000,4214,0,101742900.000,0,-,-,-,-,4713.4000,4713.2000,4713.0000,4703.4000,4700.0000,4721.8000,4724.2000,4725.0000,4730.0000,4735.0000,1,2,1,5,1,1,1,6,2,1
SF,IF2103,2020-08-18 09:33:47.500,4715.8000,4214,0,101742900.000,0,-,-,-,-,4713.6000,4713.4000,4713.0000,4703.4000,4700.0000,4721.8000,4722.0000,4722.2000,4725.0000,4730.0000,3,1,1,5,1,1,1,1,6,2
SF,IF2103,2020-08-18 09:33:48.000,4715.8000,4214,0,101742900.000,0,-,-,-,-,4713.6000,4713.4000,4710.0000,4703.4000,4700.0000,4721.6000,4721.8000,4722.0000,4722.2000,4725.0000,3,1,1,5,1,1,1,1,1,6
SF,IF2103,2020-08-18 09:33:48.500,4715.8000,4214,0,101742900.000,0,-,-,-,-,4713.6000,4710.0000,4703.4000,4700.0000,4690.0000,4720.8000,4721.6000,4721.8000,4722.2000,4725.0000,2,1,5,1,1,1,1,1,1,6
SF,IF2103,2020-08-18 09:33:49.000,4715.8000,4214,0,101742900.000,0,-,-,-,-,4713.6000,4710.0000,4703.4000,4700.0000,4690.0000,4718.0000,4720.6000,4720.8000,4721.8000,4722.2000,2,1,5,1,1,1,2,1,1,1
SF,IF2103,2020-08-18 09:33:49.500,4715.8000,4214,0,101742900.000,0,-,-,-,-,4713.8000,4713.6000,4710.0000,4703.4000,4700.0000,4717.8000,4719.8000,4720.4000,4720.6000,4720.8000,1,2,1,5,1,2,1,1,1,1
SF,IF2103,2020-08-18 09:33:50.000,4715.8000,4214,0,101742900.000,0,-,-,-,-,4714.0000,4713.8000,4713.6000,4710.0000,4703.4000,4717.8000,4719.8000,4720.4000,4720.6000,4720.8000,1,1,1,1,5,2,1,1,1,1
SF,IF2103,2020-08-18 09:33:50.500,4715.8000,4214,0,101742900.000,0,-,-,-,-,4714.2000,4714.0000,4713.8000,4713.6000,4710.0000,4717.4000,4717.8000,4719.8000,4720.4000,4720.6000,1,1,1,1,1,1,2,1,1,1
SF,IF2103,2020-08-18 09:33:51.000,4715.8000,4214,0,101742900.000,0,-,-,-,-,4714.4000,4714.2000,4713.8000,4713.6000,4710.0000,4717.8000,4719.8000,4720.4000,4720.8000,4722.2000,1,1,1,1,1,2,1,1,1,1
SF,IF2103,2020-08-18 09:33:51.500,4715.8000,4214,0,101742900.000,0,-,-,-,-,4714.6000,4714.4000,4714.2000,4713.8000,4713.6000,4717.8000,4719.8000,4720.4000,4720.8000,4722.2000,1,1,1,1,1,2,1,1,1,1
SF,IF2103,2020-08-18 09:33:52.000,4715.8000,4214,0,101742900.000,0,-,-,-,-,4714.8000,4714.6000,4714.2000,4713.8000,4713.6000,4717.8000,4719.8000,4720.4000,4720.8000,4722.2000,1,1,1,1,1,1,1,1,1,1
SF,IF2103,2020-08-18 09:33:52.500,4715.8000,4214,0,101742900.000,0,-,-,-,-,4715.0000,4714.8000,4714.6000,4714.2000,4713.8000,4717.8000,4719.8000,4720.4000,4720.8000,4722.2000,1,1,1,1,1,1,1,1,1,1
SF,IF2103,2020-08-18 09:33:53.000,4715.8000,4214,0,101742900.000,0,-,-,-,-,4715.2000,4715.0000,4714.6000,4714.2000,4713.8000,4717.8000,4719.8000,4720.4000,4722.2000,4725.0000,1,1,1,1,1,1,1,1,1,6
SF,IF2103,2020-08-18 09:33:55.000,4715.8000,4214,0,101742900.000,0,-,-,-,-,4715.2000,4715.0000,4714.6000,4714.2000,4713.8000,4717.8000,4719.8000,4720.4000,4722.2000,4725.0000,1,1,1,1,1,1,1,1,1,6
SF,IF2103,2020-08-18 09:33:55.500,4715.2000,4214,0,103157460.000,1,0,1,多换,S,4715.0000,4714.6000,4714.2000,4713.8000,4713.6000,4715.2000,4717.6000,4717.8000,4719.8000,4720.4000,1,1,1,1,1,1,1,1,1,1
SF,IF2103,2020-08-18 09:33:56.000,4715.2000,4214,0,104572020.000,1,0,1,多换,S,4715.0000,4714.6000,4714.2000,4713.8000,4710.0000,4717.6000,4717.8000,4719.8000,4720.4000,4722.2000,1,1,1,1,1,1,1,1,1,1
SF,IF2103,2020-08-18 09:33:56.500,4715.0000,4213,-1,105986520.000,1,0,1,双平,S,4714.6000,4710.0000,4703.4000,4700.0000,4690.0000,4717.6000,4717.8000,4719.8000,4720.0000,4720.4000,1,1,5,1,1,1,1,1,1,1
SF,IF2103,2020-08-18 09:33:57.000,4717.4000,4211,-2,108816960.000,2,0,2,双平,S,4710.0000,4703.4000,4700.0000,4690.0000,4685.0000,4717.6000,4717.8000,4719.8000,4720.0000,4720.4000,1,5,1,1,1,1,1,1,1,1
SF,IF2103,2020-08-18 09:33:57.500,4717.4000,4211,0,108816960.000,0,-,-,-,-,4710.2000,4710.0000,4703.4000,4700.0000,4690.0000,4717.6000,4717.8000,4720.0000,4720.4000,4722.2000,2,1,5,1,1,2,1,1,1,1
SF,IF2103,2020-08-18 09:33:58.000,4717.4000,4211,0,108816960.000,0,-,-,-,-,4710.2000,4710.0000,4703.4000,4700.0000,4690.0000,4717.2000,4717.6000,4717.8000,4720.0000,4720.4000,2,1,5,1,1,1,2,1,1,1
SF,IF2103,2020-08-18 09:33:58.500,4717.4000,4211,0,108816960.000,0,-,-,-,-,4712.0000,4710.2000,4710.0000,4703.4000,4700.0000,4716.8000,4717.0000,4717.2000,4717.6000,4717.8000,1,2,1,5,1,1,1,1,1,1
SF,IF2103,2020-08-18 09:33:59.000,4717.4000,4211,0,108816960.000,0,-,-,-,-,4712.2000,4710.0000,4703.4000,4700.0000,4690.0000,4716.8000,4717.0000,4717.2000,4717.6000,4717.8000,2,1,5,1,1,1,1,1,1,1
SF,IF2103,2020-08-18 09:33:59.500,4717.4000,4211,0,108816960.000,0,-,-,-,-,4712.2000,4710.0000,4703.4000,4700.0000,4690.0000,4716.6000,4716.8000,4717.0000,4717.6000,4717.8000,1,1,5,1,1,2,1,1,1,1
SF,IF2103,2020-08-18 09:34:00.000,4717.4000,4211,0,108816960.000,0,-,-,-,-,4712.2000,4710.0000,4703.4000,4700.0000,4690.0000,4716.2000,4716.6000,4716.8000,4717.6000,4717.8000,1,1,5,1,1,1,2,1,1,1
SF,IF2103,2020-08-18 09:34:00.500,4712.2000,4211,0,110230620.000,1,0,1,多换,S,4712.4000,4710.0000,4703.4000,4700.0000,4690.0000,4716.2000,4716.6000,4716.8000,4717.6000,4717.8000,1,1,5,1,1,1,1,1,1,1
SF,IF2103,2020-08-18 09:34:01.000,4712.2000,4211,0,110230620.000,0,-,-,-,-,4710.2000,4710.0000,4703.4000,4700.0000,4690.0000,4716.0000,4716.2000,4716.6000,4716.8000,4717.6000,1,1,5,1,1,1,1,1,1,1
SF,IF2103,2020-08-18 09:34:01.500,4712.2000,4211,0,110230620.000,0,-,-,-,-,4710.4000,4710.2000,4710.0000,4703.4000,4700.0000,4715.8000,4716.0000,4716.2000,4716.6000,4716.8000,1,1,1,5,1,1,1,1,1,1
SF,IF2103,2020-08-18 09:34:02.000,4712.2000,4211,0,110230620.000,0,-,-,-,-,4710.4000,4710.2000,4710.0000,4703.4000,4700.0000,4715.6000,4715.8000,4716.2000,4716.8000,4717.6000,1,1,1,5,1,2,1,1,1,1
SF,IF2103,2020-08-18 09:34:02.500,4712.2000,4211,0,110230620.000,0,-,-,-,-,4710.6000,4710.4000,4710.0000,4703.4000,4700.0000,4715.4000,4715.6000,4716.2000,4716.8000,4717.6000,1,1,1,5,1,1,2,1,1,1
SF,IF2103,2020-08-18 09:34:03.000,4712.2000,4211,0,110230620.000,0,-,-,-,-,4710.8000,4710.6000,4710.0000,4703.4000,4700.0000,4715.4000,4715.6000,4716.2000,4716.8000,4717.6000,1,1,1,5,1,1,1,1,1,1
SF,IF2103,2020-08-18 09:34:03.500,4712.2000,4211,0,110230620.000,0,-,-,-,-,4710.8000,4710.6000,4710.0000,4703.4000,4700.0000,4715.2000,4715.4000,4716.2000,4716.8000,4717.6000,1,1,1,5,1,1,1,1,1,1
SF,IF2103,2020-08-18 09:34:04.000,4712.2000,4211,0,110230620.000,0,-,-,-,-,4710.8000,4710.6000,4710.0000,4703.4000,4700.0000,4714.4000,4715.0000,4715.2000,4716.2000,4717.6000,1,1,1,5,1,1,1,1,1,1
SF,IF2103,2020-08-18 09:34:04.500,4712.2000,4211,0,110230620.000,0,-,-,-,-,4710.8000,4710.6000,4710.0000,4700.2000,4700.0000,4712.4000,4714.2000,4714.4000,4715.0000,4716.2000,1,1,1,5,1,1,1,1,1,1
SF,IF2103,2020-08-18 09:34:05.000,4710.8000,4210,-1,111643860.000,1,0,1,双平,S,4710.6000,4710.0000,4700.2000,4700.0000,4690.0000,4712.4000,4714.2000,4714.4000,4715.0000,4716.2000,1,1,5,1,1,1,1,1,1,1
SF,IF2103,2020-08-18 09:34:05.500,4710.6000,4209,-1,113057040.000,1,0,1,双平,S,4710.0000,4700.2000,4700.0000,4690.0000,4685.0000,4712.4000,4714.4000,4715.0000,4716.2000,4717.6000,1,5,1,1,1,1,1,1,1,1
SF,IF2103,2020-08-18 09:34:06.000,4710.6000,4209,0,113057040.000,0,-,-,-,-,4710.0000,4700.2000,4700.0000,4690.0000,4685.0000,4712.2000,4712.4000,4714.4000,4715.0000,4716.2000,1,5,1,1,1,1,1,1,1,1
SF,IF2103,2020-08-18 09:34:06.500,4710.0000,4209,0,114470040.000,1,0,1,多换,S,4700.2000,4700.0000,4690.0000,4685.0000,4660.0000,4712.4000,4714.4000,4715.0000,4716.2000,4717.6000,5,1,1,1,2,1,1,1,1,1
SF,IF2103,2020-08-18 09:34:07.000,4710.0000,4209,0,114470040.000,0,-,-,-,-,4704.4000,4700.8000,4700.4000,4700.2000,4700.0000,4712.2000,4712.4000,4714.4000,4716.2000,4717.6000,1,1,1,5,1,1,1,1,1,1
SF,IF2103,2020-08-18 09:34:07.500,4710.0000,4209,0,114470040.000,0,-,-,-,-,4704.6000,4704.4000,4700.8000,4700.2000,4700.0000,4710.0000,4712.2000,4712.4000,4714.4000,4716.2000,1,1,1,5,1,2,1,1,1,1
SF,IF2103,2020-08-18 09:34:08.000,4710.0000,4209,0,114470040.000,0,-,-,-,-,4704.6000,4704.4000,4700.8000,4700.2000,4700.0000,4709.8000,4710.0000,4712.4000,4714.4000,4716.2000,1,1,1,5,1,1,2,1,1,1
SF,IF2103,2020-08-18 09:34:08.500,4710.0000,4209,0,114470040.000,0,-,-,-,-,4704.6000,4704.4000,4700.8000,4700.2000,4700.0000,4709.6000,4709.8000,4710.0000,4712.4000,4714.4000,1,1,1,5,1,1,1,2,1,1
SF,IF2103,2020-08-18 09:34:09.000,4709.8000,4209,0,115882980.000,1,0,1,多换,S,4705.0000,4704.8000,4704.6000,4700.8000,4700.2000,4710.0000,4712.4000,4714.4000,4716.2000,4717.6000,1,1,1,1,5,2,1,1,1,1
SF,IF2103,2020-08-18 09:34:09.500,4709.8000,4209,0,115882980.000,0,-,-,-,-,4705.2000,4705.0000,4700.8000,4700.2000,4700.0000,4710.0000,4712.4000,4714.4000,4716.2000,4717.6000,2,1,1,5,1,2,1,1,1,1
SF,IF2103,2020-08-18 09:34:10.000,4709.8000,4209,0,115882980.000,0,-,-,-,-,4705.2000,4700.8000,4700.2000,4700.0000,4690.0000,4709.8000,4710.0000,4712.4000,4714.4000,4716.2000,2,1,5,1,1,1,2,1,1,1
SF,IF2103,2020-08-18 09:34:11.000,4709.8000,4209,0,115882980.000,0,-,-,-,-,4705.2000,4700.2000,4700.0000,4690.0000,4685.0000,4709.8000,4710.0000,4712.4000,4714.4000,4716.2000,2,5,1,1,1,1,2,1,1,1
SF,IF2103,2020-08-18 09:34:11.500,4709.8000,4209,0,115882980.000,0,-,-,-,-,4705.2000,4700.2000,4700.0000,4690.0000,4685.0000,4709.6000,4709.8000,4710.0000,4712.4000,4714.4000,1,5,1,1,1,1,1,2,1,1
SF,IF2103,2020-08-18 09:34:12.000,4709.8000,4209,0,115882980.000,0,-,-,-,-,4705.2000,4700.0000,4690.0000,4685.0000,4660.0000,4709.4000,4710.0000,4712.4000,4714.4000,4717.6000,1,1,1,1,2,2,2,1,1,1
SF,IF2103,2020-08-18 09:34:12.500,4709.8000,4209,0,115882980.000,0,-,-,-,-,4705.2000,4700.0000,4690.0000,4685.0000,4660.0000,4709.4000,4710.0000,4712.4000,4714.4000,4717.6000,1,1,1,1,2,2,2,1,1,1
SF,IF2103,2020-08-18 09:34:13.000,4705.2000,4209,0,117294540.000,1,0,1,多换,S,4700.0000,4690.0000,4685.0000,4660.0000,4654.0000,4708.8000,4709.2000,4709.4000,4710.0000,4712.4000,1,1,1,2,5,1,1,2,2,1
SF,IF2103,2020-08-18 09:34:13.500,4705.2000,4209,0,117294540.000,0,-,-,-,-,4700.6000,4700.2000,4700.0000,4690.0000,4685.0000,4708.6000,4708.8000,4709.4000,4710.0000,4712.4000,1,1,1,1,1,1,1,1,2,1
SF,IF2103,2020-08-18 09:34:14.000,4705.2000,4209,0,117294540.000,0,-,-,-,-,4700.8000,4700.0000,4690.0000,4685.0000,4660.0000,4708.6000,4708.8000,4709.4000,4717.6000,4720.0000,1,1,1,1,2,1,1,1,1,1
SF,IF2103,2020-08-18 09:34:14.500,4705.2000,4209,0,117294540.000,0,-,-,-,-,4700.8000,4700.0000,4690.0000,4685.0000,4660.0000,4708.4000,4708.6000,4708.8000,4717.6000,4720.0000,1,1,1,1,2,2,1,1,1,1
SF,IF2103,2020-08-18 09:34:15.000,4705.2000,4209,0,117294540.000,0,-,-,-,-,4701.0000,4700.8000,4700.0000,4690.0000,4685.0000,4708.0000,4708.4000,4717.6000,4720.0000,4722.8000,1,1,1,1,1,1,2,1,1,3
SF,IF2103,2020-08-18 09:34:15.500,4705.2000,4209,0,117294540.000,0,-,-,-,-,4701.2000,4701.0000,4700.0000,4690.0000,4685.0000,4706.8000,4708.0000,4708.4000,4717.6000,4720.0000,1,1,1,1,1,1,1,1,1,1
SF,IF2103,2020-08-18 09:34:16.000,4705.2000,4209,0,117294540.000,0,-,-,-,-,4702.0000,4701.4000,4701.2000,4700.0000,4690.0000,4708.0000,4708.4000,4717.6000,4720.0000,4722.8000,1,1,1,1,1,1,1,1,1,3
SF,IF2103,2020-08-18 09:34:16.500,4705.2000,4209,0,117294540.000,0,-,-,-,-,4702.2000,4702.0000,4700.0000,4690.0000,4685.0000,4708.4000,4717.6000,4720.0000,4722.8000,4725.0000,2,1,1,1,1,1,1,1,3,6
SF,IF2103,2020-08-18 09:34:17.000,4705.2000,4209,0,117294540.000,0,-,-,-,-,4702.2000,4702.0000,4700.0000,4690.0000,4685.0000,4708.2000,4708.4000,4717.6000,4720.0000,4722.8000,2,1,1,1,1,1,1,1,1,3
SF,IF2103,2020-08-18 09:34:17.500,4705.2000,4209,0,117294540.000,0,-,-,-,-,4702.2000,4700.0000,4690.0000,4685.0000,4660.0000,4708.2000,4708.4000,4717.6000,4720.0000,4722.8000,2,1,1,1,2,1,1,1,1,3
SF,IF2103,2020-08-18 09:34:18.000,4705.2000,4209,0,117294540.000,0,-,-,-,-,4702.6000,4702.2000,4700.0000,4690.0000,4685.0000,4708.2000,4708.4000,4717.6000,4720.0000,4722.8000,1,2,1,1,1,1,1,1,1,3
SF,IF2103,2020-08-18 09:34:18.500,4705.2000,4209,0,117294540.000,0,-,-,-,-,4702.8000,4700.0000,4690.0000,4685.0000,4660.0000,4708.2000,4708.4000,4717.6000,4720.0000,4722.8000,2,1,1,1,2,1,1,1,1,3
SF,IF2103,2020-08-18 09:34:19.000,4705.2000,4209,0,117294540.000,0,-,-,-,-,4702.8000,4700.0000,4690.0000,4685.0000,4660.0000,4707.8000,4708.2000,4708.4000,4717.6000,4720.0000,2,1,1,1,2,1,1,1,1,1
SF,IF2103,2020-08-18 09:34:19.500,4705.2000,4209,0,117294540.000,0,-,-,-,-,4702.8000,4700.0000,4690.0000,4685.0000,4660.0000,4707.6000,4708.4000,4717.6000,4720.0000,4722.8000,2,1,1,1,2,1,1,1,1,3
SF,IF2103,2020-08-18 09:34:20.000,4705.2000,4209,0,117294540.000,0,-,-,-,-,4704.4000,4702.8000,4700.0000,4690.0000,4685.0000,4707.6000,4708.4000,4717.6000,4720.0000,4722.8000,1,2,1,1,1,1,1,1,1,3
SF,IF2103,2020-08-18 09:34:20.500,4702.8000,4210,1,118705380.000,1,1,0,双开,S,4702.8000,4700.0000,4690.0000,4685.0000,4660.0000,4704.4000,4707.6000,4708.4000,4717.6000,4720.0000,1,1,1,1,2,1,1,1,1,1
SF,IF2103,2020-08-18 09:34:21.000,4704.4000,4210,0,120116700.000,1,0,1,多换,S,4700.0000,4690.0000,4685.0000,4660.0000,4654.0000,4708.4000,4717.6000,4720.0000,4722.8000,4725.0000,1,1,1,2,5,1,1,1,3,6
SF,IF2103,2020-08-18 09:34:21.500,4704.4000,4210,0,120116700.000,0,-,-,-,-,4700.6000,4700.2000,4700.0000,4690.0000,4685.0000,4708.2000,4708.4000,4717.6000,4720.0000,4722.8000,1,1,1,1,1,2,1,1,1,3
SF,IF2103,2020-08-18 09:34:22.000,4704.4000,4210,0,120116700.000,0,-,-,-,-,4705.0000,4700.8000,4700.6000,4700.0000,4690.0000,4708.2000,4708.4000,4717.6000,4720.0000,4722.8000,1,1,1,1,1,2,1,1,1,3
SF,IF2103,2020-08-18 09:34:22.500,4704.4000,4210,0,120116700.000,0,-,-,-,-,4705.2000,4705.0000,4700.0000,4690.0000,4685.0000,4708.2000,4708.4000,4717.6000,4720.0000,4722.8000,1,1,1,1,1,1,1,1,1,3
SF,IF2103,2020-08-18 09:34:23.000,4704.4000,4210,0,120116700.000,0,-,-,-,-,4705.2000,4700.0000,4690.0000,4685.0000,4660.0000,4708.0000,4708.2000,4708.4000,4717.6000,4720.0000,1,1,1,1,2,1,1,1,1,1
SF,IF2103,2020-08-18 09:34:23.500,4704.4000,4210,0,120116700.000,0,-,-,-,-,4700.0000,4690.0000,4685.0000,4660.0000,4654.0000,4708.0000,4708.2000,4708.4000,4717.6000,4720.0000,1,1,1,2,5,1,1,1,1,1
SF,IF2103,2020-08-18 09:34:24.000,4704.4000,4210,0,120116700.000,0,-,-,-,-,4704.2000,4700.6000,4700.2000,4700.0000,4690.0000,4707.8000,4708.0000,4708.2000,4708.4000,4717.6000,1,1,1,1,1,1,1,1,1,1
SF,IF2103,2020-08-18 09:34:24.500,4704.4000,4210,0,120116700.000,0,-,-,-,-,4700.6000,4700.2000,4700.0000,4690.0000,4685.0000,4707.6000,4708.2000,4708.4000,4717.6000,4720.0000,1,1,1,1,1,1,1,1,1,1
SF,IF2103,2020-08-18 09:34:25.000,4704.4000,4210,0,120116700.000,0,-,-,-,-,4703.4000,4700.8000,4700.6000,4700.0000,4690.0000,4707.4000,4707.6000,4708.2000,4708.4000,4717.6000,1,1,1,1,1,1,1,1,1,1
SF,IF2103,2020-08-18 09:34:25.500,4704.4000,4210,0,120116700.000,0,-,-,-,-,4700.8000,4700.6000,4700.0000,4690.0000,4685.0000,4707.2000,4707.4000,4708.2000,4708.4000,4717.6000,1,1,1,1,1,1,1,1,1,1
SF,IF2103,2020-08-18 09:34:26.000,4704.4000,4210,0,120116700.000,0,-,-,-,-,4702.4000,4700.8000,4700.6000,4700.0000,4690.0000,4707.0000,4707.2000,4708.2000,4708.4000,4717.6000,1,1,1,1,1,1,1,1,1,1
SF,IF2103,2020-08-18 09:34:26.500,4704.4000,4210,0,120116700.000,0,-,-,-,-,4702.6000,4702.4000,4700.6000,4700.0000,4690.0000,4707.0000,4708.2000,4708.4000,4717.6000,4720.0000,1,1,1,1,1,1,1,1,1,1
SF,IF2103,2020-08-18 09:34:27.000,4704.4000,4210,0,120116700.000,0,-,-,-,-,4702.6000,4702.4000,4700.6000,4700.0000,4690.0000,4706.6000,4706.8000,4707.0000,4708.2000,4708.4000,1,1,1,1,1,1,1,1,1,1
SF,IF2103,2020-08-18 09:34:27.500,4704.4000,4210,0,120116700.000,0,-,-,-,-,4702.6000,4700.6000,4700.0000,4690.0000,4685.0000,4706.4000,4706.8000,4707.0000,4708.2000,4708.4000,1,1,1,1,1,1,1,1,1,1
SF,IF2103,2020-08-18 09:34:28.000,4704.4000,4210,0,120116700.000,0,-,-,-,-,4703.2000,4702.6000,4700.6000,4700.0000,4690.0000,4706.4000,4706.8000,4707.0000,4708.2000,4708.4000,1,1,1,1,1,1,1,1,1,1
SF,IF2103,2020-08-18 09:34:28.500,4703.2000,4208,-2,122938680.000,2,0,2,双平,S,4700.6000,4700.0000,4690.0000,4685.0000,4660.0000,4700.8000,4706.4000,4706.8000,4707.0000,4708.2000,1,1,1,1,2,8,1,1,1,1
SF,IF2103,2020-08-18 09:34:29.000,4700.8000,4206,-2,134220600.000,8,3,5,多平,S,4700.6000,4700.0000,4690.0000,4685.0000,4660.0000,4706.8000,4707.0000,4708.4000,4717.6000,4720.0000,1,1,1,1,2,1,1,1,1,1
SF,IF2103,2020-08-18 09:34:29.500,4700.8000,4206,0,134220600.000,0,-,-,-,-,4700.8000,4700.6000,4700.0000,4690.0000,4685.0000,4706.6000,4706.8000,4708.4000,4717.6000,4720.0000,1,1,1,1,1,2,1,1,1,1
SF,IF2103,2020-08-18 09:34:30.000,4700.8000,4206,0,134220600.000,0,-,-,-,-,4700.8000,4700.6000,4700.0000,4690.0000,4685.0000,4706.4000,4706.6000,4708.4000,4717.6000,4720.0000,1,1,1,1,1,1,2,1,1,1
SF,IF2103,2020-08-18 09:34:30.500,4700.8000,4206,0,134220600.000,0,-,-,-,-,4701.2000,4700.8000,4700.6000,4700.0000,4690.0000,4706.2000,4706.4000,4708.4000,4717.6000,4720.0000,1,1,1,1,1,1,1,1,1,1
SF,IF2103,2020-08-18 09:34:31.000,4700.8000,4206,0,134220600.000,0,-,-,-,-,4701.4000,4701.2000,4700.6000,4700.0000,4690.0000,4706.2000,4708.4000,4717.6000,4720.0000,4722.8000,1,1,1,1,1,1,1,1,1,3
SF,IF2103,2020-08-18 09:34:31.500,4700.8000,4206,0,134220600.000,0,-,-,-,-,4701.6000,4701.4000,4701.2000,4700.6000,4700.0000,4706.0000,4706.2000,4708.4000,4717.6000,4720.0000,2,1,1,1,1,1,1,1,1,1
SF,IF2103,2020-08-18 09:34:32.000,4700.8000,4206,0,134220600.000,0,-,-,-,-,4701.8000,4701.6000,4700.6000,4700.0000,4690.0000,4705.6000,4705.8000,4706.0000,4708.4000,4717.6000,1,2,1,1,1,1,1,1,1,1
SF,IF2103,2020-08-18 09:34:32.500,4700.8000,4206,0,134220600.000,0,-,-,-,-,4701.8000,4701.6000,4700.6000,4700.0000,4690.0000,4705.4000,4705.6000,4705.8000,4708.4000,4717.6000,1,2,1,1,1,1,1,1,1,1
SF,IF2103,2020-08-18 09:34:33.000,4700.8000,4206,0,134220600.000,0,-,-,-,-,4701.8000,4701.6000,4700.6000,4700.0000,4690.0000,4705.4000,4705.8000,4708.4000,4717.6000,4720.0000,1,2,1,1,1,1,1,1,1,1
SF,IF2103,2020-08-18 09:34:35.000,4705.8000,4205,-1,137043960.000,2,0,2,多平,S,4702.0000,4701.8000,4701.6000,4700.6000,4700.0000,4708.4000,4717.6000,4720.0000,4722.8000,4725.0000,1,1,1,1,1,1,1,1,3,6
SF,IF2103,2020-08-18 09:34:35.500,4705.8000,4205,0,137043960.000,0,-,-,-,-,4702.2000,4702.0000,4701.6000,4700.6000,4700.0000,4708.4000,4720.0000,4722.8000,4725.0000,4730.0000,2,1,1,1,1,1,1,3,6,2
SF,IF2103,2020-08-18 09:34:36.000,4705.8000,4205,0,137043960.000,0,-,-,-,-,4702.2000,4702.0000,4701.6000,4700.6000,4700.0000,4708.2000,4708.4000,4720.0000,4722.8000,4725.0000,2,2,1,1,1,1,1,1,3,6
SF,IF2103,2020-08-18 09:34:36.500,4705.8000,4205,0,137043960.000,0,-,-,-,-,4702.6000,4702.2000,4702.0000,4700.6000,4700.0000,4707.6000,4708.2000,4708.4000,4720.0000,4722.8000,1,2,1,1,1,2,1,1,1,3
SF,IF2103,2020-08-18 09:34:37.000,4705.8000,4205,0,137043960.000,0,-,-,-,-,4704.4000,4702.8000,4702.6000,4702.0000,4700.0000,4707.6000,4708.4000,4720.0000,4722.8000,4725.0000,1,2,1,1,1,2,1,1,3,6
SF,IF2103,2020-08-18 09:34:37.500,4705.8000,4205,0,137043960.000,0,-,-,-,-,4702.8000,4702.6000,4702.0000,4700.0000,4690.0000,4707.4000,4707.6000,4708.4000,4720.0000,4722.8000,2,1,1,1,1,2,2,1,1,3
SF,IF2103,2020-08-18 09:34:38.000,4705.8000,4205,0,137043960.000,0,-,-,-,-,4703.0000,4702.8000,4702.0000,4700.0000,4690.0000,4707.4000,4708.4000,4720.0000,4722.8000,4725.0000,1,2,1,1,1,2,1,1,3,6
SF,IF2103,2020-08-18 09:34:38.500,4705.8000,4205,0,137043960.000,0,-,-,-,-,4703.2000,4703.0000,4702.0000,4700.0000,4690.0000,4707.4000,4708.4000,4720.0000,4722.8000,4725.0000,2,1,1,1,1,1,1,1,3,6
SF,IF2103,2020-08-18 09:34:39.000,4705.8000,4205,0,137043960.000,0,-,-,-,-,4703.2000,4702.0000,4700.0000,4690.0000,4683.0000,4707.4000,4708.4000,4720.0000,4722.8000,4725.0000,2,1,1,1,1,1,1,1,3,6
SF,IF2103,2020-08-18 09:34:39.500,4703.2000,4206,1,138454920.000,1,1,0,双开,S,4703.2000,4702.0000,4700.0000,4690.0000,4683.0000,4707.2000,4707.4000,4708.4000,4720.0000,4722.8000,2,1,1,1,1,1,1,1,1,3
SF,IF2103,2020-08-18 09:34:40.000,4703.2000,4206,0,138454920.000,0,-,-,-,-,4703.2000,4702.0000,4700.0000,4690.0000,4683.0000,4706.6000,4707.0000,4707.2000,4708.4000,4720.0000,2,1,1,1,1,1,1,1,1,1
SF,IF2103,2020-08-18 09:34:40.500,4703.2000,4206,0,138454920.000,0,-,-,-,-,4703.2000,4702.0000,4700.0000,4690.0000,4683.0000,4706.4000,4706.6000,4707.2000,4708.4000,4720.0000,1,1,1,1,1,1,1,1,1,1
SF,IF2103,2020-08-18 09:34:41.500,4703.2000,4206,0,138454920.000,0,-,-,-,-,4703.2000,4702.0000,4700.0000,4690.0000,4683.0000,4705.8000,4706.4000,4707.2000,4708.4000,4720.0000,1,1,1,1,1,1,1,1,1,2
SF,IF2103,2020-08-18 09:34:42.000,4703.4000,4205,-1,141277680.000,2,0,2,多平,S,4703.4000,4702.0000,4700.0000,4690.0000,4683.0000,4707.2000,4708.4000,4720.0000,4722.8000,4725.0000,1,1,1,1,1,1,1,2,3,6
SF,IF2103,2020-08-18 09:34:42.500,4703.4000,4205,0,141277680.000,0,-,-,-,-,4703.6000,4703.4000,4702.0000,4700.0000,4690.0000,4707.2000,4708.4000,4720.0000,4722.8000,4725.0000,1,1,1,1,1,1,1,2,3,6
SF,IF2103,2020-08-18 09:34:43.000,4703.4000,4205,0,141277680.000,0,-,-,-,-,4703.6000,4703.4000,4702.0000,4700.0000,4690.0000,4707.0000,4708.4000,4720.0000,4722.8000,4725.0000,1,1,1,1,1,1,1,2,3,6
SF,IF2103,2020-08-18 09:34:44.500,4703.4000,4205,0,141277680.000,0,-,-,-,-,4704.4000,4703.6000,4703.4000,4702.0000,4700.0000,4707.0000,4708.4000,4720.0000,4722.8000,4725.0000,1,1,1,1,1,1,1,2,3,6
SF,IF2103,2020-08-18 09:34:45.000,4703.4000,4205,0,141277680.000,0,-,-,-,-,4704.4000,4703.4000,4702.0000,4700.0000,4690.0000,4707.0000,4708.4000,4720.0000,4722.8000,4725.0000,1,1,1,1,1,1,1,2,3,6
SF,IF2103,2020-08-18 09:34:45.500,4703.4000,4205,0,141277680.000,0,-,-,-,-,4704.4000,4703.4000,4702.0000,4700.0000,4690.0000,4707.0000,4708.4000,4720.0000,4722.8000,4725.0000,1,1,1,1,1,1,1,2,3,6
SF,IF2103,2020-08-18 09:34:46.000,4703.4000,4205,0,141277680.000,0,-,-,-,-,4705.0000,4703.4000,4702.0000,4700.0000,4690.0000,4707.0000,4708.4000,4720.0000,4722.8000,4725.0000,1,1,1,1,1,1,1,2,3,6
SF,IF2103,2020-08-18 09:34:46.500,4703.4000,4205,0,141277680.000,0,-,-,-,-,4705.0000,4703.4000,4702.0000,4700.0000,4690.0000,4707.0000,4708.4000,4720.0000,4722.8000,4725.0000,1,1,1,2,1,1,1,2,3,6
SF,IF2103,2020-08-18 09:34:47.500,4707.0000,4204,-1,142689780.000,1,0,1,双平,S,4705.0000,4703.4000,4702.0000,4700.0000,4690.0000,4708.4000,4720.0000,4722.8000,4725.0000,4730.0000,1,1,1,2,1,1,2,3,6,2
SF,IF2103,2020-08-18 09:34:48.000,4707.0000,4204,0,142689780.000,0,-,-,-,-,4705.2000,4705.0000,4703.4000,4702.0000,4700.0000,4708.4000,4720.0000,4722.8000,4725.0000,4730.0000,1,1,1,1,2,1,2,3,6,2
SF,IF2103,2020-08-18 09:34:48.500,4708.4000,4203,-1,144102300.000,1,0,1,双平,S,4705.2000,4705.0000,4703.4000,4702.0000,4700.0000,4720.0000,4722.8000,4725.0000,4730.0000,4735.0000,1,1,1,1,2,2,3,6,2,2
SF,IF2103,2020-08-18 09:34:49.000,4708.4000,4203,0,144102300.000,0,-,-,-,-,4705.2000,4705.0000,4703.4000,4702.0000,4700.0000,4719.2000,4719.8000,4720.0000,4722.8000,4725.0000,1,1,1,1,2,1,2,5,3,6
SF,IF2103,2020-08-18 09:34:49.500,4708.4000,4203,0,144102300.000,0,-,-,-,-,4705.2000,4705.0000,4703.4000,4702.0000,4700.0000,4719.0000,4719.2000,4720.0000,4722.8000,4725.0000,1,1,1,1,2,1,1,2,3,6
SF,IF2103,2020-08-18 09:34:50.000,4708.4000,4203,0,144102300.000,0,-,-,-,-,4705.2000,4705.0000,4703.4000,4702.0000,4700.0000,4718.8000,4719.0000,4720.0000,4722.8000,4725.0000,1,1,1,1,2,1,1,2,3,6
SF,IF2103,2020-08-18 09:34:50.500,4708.4000,4203,0,144102300.000,0,-,-,-,-,4705.2000,4705.0000,4702.0000,4700.0000,4690.0000,4710.8000,4715.0000,4716.4000,4718.4000,4718.6000,1,1,1,2,1,1,1,1,1,1
SF,IF2103,2020-08-18 09:34:51.000,4708.4000,4203,0,144102300.000,0,-,-,-,-,4705.2000,4705.0000,4702.0000,4700.0000,4690.0000,4710.6000,4715.0000,4716.4000,4718.4000,4720.0000,1,1,1,2,1,1,1,1,1,2
SF,IF2103,2020-08-18 09:34:51.500,4708.4000,4203,0,144102300.000,0,-,-,-,-,4705.4000,4705.2000,4705.0000,4702.0000,4700.0000,4710.4000,4710.6000,4715.0000,4716.4000,4718.4000,1,1,1,1,2,1,1,1,1,1
SF,IF2103,2020-08-18 09:34:52.000,4708.4000,4203,0,144102300.000,0,-,-,-,-,4705.4000,4705.0000,4702.0000,4700.0000,4690.0000,4710.2000,4710.4000,4715.0000,4716.4000,4720.0000,1,1,1,2,1,1,1,1,1,2
SF,IF2103,2020-08-18 09:34:52.500,4708.4000,4203,0,144102300.000,0,-,-,-,-,4705.6000,4705.4000,4705.0000,4702.0000,4700.0000,4710.2000,4715.0000,4715.8000,4720.0000,4722.8000,1,1,1,1,2,1,1,3,2,3
SF,IF2103,2020-08-18 09:34:53.000,4708.4000,4203,0,144102300.000,0,-,-,-,-,4705.6000,4705.4000,4705.0000,4702.0000,4700.0000,4710.0000,4710.2000,4715.0000,4715.8000,4720.0000,1,1,1,1,2,1,1,1,3,2
SF,IF2103,2020-08-18 09:34:53.500,4708.4000,4203,0,144102300.000,0,-,-,-,-,4705.6000,4705.4000,4705.0000,4702.0000,4700.0000,4709.8000,4710.0000,4715.0000,4715.8000,4720.0000,1,1,1,1,2,1,1,1,3,2
SF,IF2103,2020-08-18 09:34:54.000,4708.4000,4203,0,144102300.000,0,-,-,-,-,4705.6000,4705.4000,4705.0000,4702.0000,4700.0000,4709.8000,4715.0000,4715.8000,4720.0000,4722.8000,1,1,1,1,2,1,1,3,2,3
SF,IF2103,2020-08-18 09:34:54.500,4708.4000,4203,0,144102300.000,0,-,-,-,-,4705.6000,4705.4000,4705.0000,4702.0000,4700.0000,4709.6000,4709.8000,4715.0000,4715.8000,4720.0000,1,1,1,1,2,1,1,1,3,2
SF,IF2103,2020-08-18 09:34:55.000,4708.4000,4203,0,144102300.000,0,-,-,-,-,4706.0000,4705.6000,4705.0000,4702.0000,4700.0000,4709.6000,4709.8000,4715.0000,4715.8000,4720.0000,1,1,1,1,2,1,1,1,3,2
SF,IF2103,2020-08-18 09:34:57.500,4709.6000,4203,0,145515180.000,1,0,1,多换,S,4709.6000,4706.0000,4705.6000,4705.0000,4702.0000,4709.8000,4715.0000,4715.8000,4720.0000,4722.8000,4,1,1,1,1,1,1,3,2,3
SF,IF2103,2020-08-18 09:34:58.000,4709.6000,4203,0,151166700.000,4,2,2,多换,S,4706.0000,4705.6000,4705.0000,4702.0000,4700.0000,4709.6000,4715.0000,4715.8000,4720.0000,4722.8000,1,1,1,1,2,2,1,3,2,3
SF,IF2103,2020-08-18 09:34:58.500,4709.6000,4203,0,151166700.000,0,-,-,-,-,4706.0000,4705.0000,4702.0000,4700.0000,4690.0000,4709.4000,4709.6000,4715.0000,4715.8000,4720.0000,1,1,1,2,1,2,2,1,3,2
SF,IF2103,2020-08-18 09:34:59.000,4709.6000,4203,0,151166700.000,0,-,-,-,-,4706.2000,4706.0000,4705.0000,4702.0000,4700.0000,4709.2000,4709.4000,4715.8000,4720.0000,4722.8000,1,1,1,1,2,1,2,3,2,3
SF,IF2103,2020-08-18 09:34:59.500,4709.6000,4203,0,151166700.000,0,-,-,-,-,4706.2000,4706.0000,4705.0000,4702.0000,4700.0000,4709.2000,4709.4000,4710.0000,4715.8000,4720.0000,1,1,1,1,2,1,2,1,3,2
SF,IF2103,2020-08-18 09:35:00.500,4709.6000,4203,0,151166700.000,0,-,-,-,-,4706.2000,4706.0000,4705.0000,4702.0000,4700.0000,4709.2000,4709.4000,4710.0000,4715.8000,4720.0000,1,1,1,1,1,1,2,1,3,2
SF,IF2103,2020-08-18 09:35:01.000,4705.0000,4202,-1,155401860.000,3,1,2,多平,S,4702.0000,4700.0000,4690.0000,4683.0000,4680.8000,4709.2000,4709.4000,4710.0000,4715.8000,4720.0000,2,1,1,1,1,1,2,1,3,2
SF,IF2103,2020-08-18 09:35:01.500,4705.0000,4202,0,155401860.000,0,-,-,-,-,4702.0000,4700.0000,4690.0000,4683.0000,4680.8000,4708.4000,4709.0000,4709.2000,4709.4000,4710.0000,2,1,1,1,1,1,3,1,1,1
SF,IF2103,2020-08-18 09:35:02.000,4705.0000,4202,0,155401860.000,0,-,-,-,-,4702.0000,4700.0000,4690.0000,4683.0000,4680.8000,4708.2000,4709.0000,4709.2000,4709.4000,4710.0000,2,1,1,1,1,1,2,1,1,1
SF,IF2103,2020-08-18 09:35:02.500,4705.0000,4202,0,155401860.000,0,-,-,-,-,4702.0000,4700.0000,4690.0000,4683.0000,4680.8000,4708.2000,4709.0000,4709.2000,4709.4000,4710.0000,2,1,1,1,1,1,2,1,1,1
SF,IF2103,2020-08-18 09:35:03.000,4705.0000,4202,0,155401860.000,0,-,-,-,-,4702.0000,4700.0000,4690.0000,4683.0000,4680.8000,4708.0000,4708.2000,4709.0000,4709.2000,4709.4000,2,1,1,1,1,1,1,2,1,1
SF,IF2103,2020-08-18 09:35:03.500,4705.0000,4202,0,155401860.000,0,-,-,-,-,4702.0000,4700.0000,4690.0000,4683.0000,4680.8000,4706.8000,4707.8000,4708.0000,4709.0000,4709.2000,2,1,1,1,1,1,1,1,2,1
