市场代码,合约代码,时间,最新,持仓,增仓,成交额,成交量,开仓,平仓,成交类型,方向,买一价,买二价,买三价,买四价,买五价,卖一价,卖二价,卖三价,卖四价,卖五价,买一量,买二量,买三量,买四量,买五量,卖一量,卖二量,卖三量,卖四量,卖五量
SF,IF2103,2020-09-11 09:29:00.000,4440.0000,9347,0,2664000.000,2.000,-,-,-,-,4439.0000,4437.4000,4434.0000,4429.6000,4425.6000,4440.8000,4451.2000,4453.0000,4454.2000,4458.6000,1,1,1,1,1,4,1,1,3,1
SF,IF2103,2020-09-11 09:30:00.500,4440.2000,9346,-1,6660540.000,3,1,2,多平,S,4440.2000,4439.0000,4437.4000,4434.0000,4429.6000,4451.2000,4453.0000,4454.2000,4454.4000,4458.6000,1,1,1,1,1,1,1,4,3,1
SF,IF2103,2020-09-11 09:30:01.000,4440.2000,9346,0,6660540.000,0,-,-,-,-,4440.8000,4440.6000,4440.4000,4439.6000,4439.0000,4447.2000,4447.8000,4449.0000,4449.2000,4449.8000,2,1,2,1,1,1,1,1,1,1
SF,IF2103,2020-09-11 09:30:01.500,4446.6000,9345,-1,7994520.000,1,0,1,双平,S,4442.8000,4442.4000,4442.2000,4441.0000,4440.8000,4446.6000,4449.2000,4450.6000,4451.2000,4453.0000,1,1,1,1,1,1,1,1,1,1
SF,IF2103,2020-09-11 09:30:02.000,4446.6000,9344,-1,9328500.000,1,0,1,双平,S,4443.6000,4443.0000,4442.2000,4440.8000,4440.4000,4446.6000,4449.2000,4450.6000,4453.0000,4454.2000,1,1,1,1,1,1,1,1,1,1
SF,IF2103,2020-09-11 09:30:02.500,4449.2000,9342,-2,11997240.000,2,0,2,双平,S,4446.4000,4443.8000,4443.4000,4442.2000,4440.8000,4450.6000,4453.0000,4454.2000,4454.4000,4458.8000,1,1,1,1,1,1,1,1,3,2
SF,IF2103,2020-09-11 09:30:03.000,4449.2000,9341,-1,14665980.000,2,0,2,多平,S,4446.4000,4443.8000,4443.6000,4442.2000,4440.8000,4449.2000,4449.6000,4453.0000,4454.4000,4458.8000,1,1,1,1,1,1,1,1,3,2
SF,IF2103,2020-09-11 09:30:03.500,4449.2000,9340,-1,16000740.000,1,0,1,双平,S,4446.4000,4443.8000,4443.6000,4442.2000,4440.8000,4449.2000,4449.6000,4454.4000,4458.8000,4459.8000,1,1,1,1,1,1,1,3,2,1
SF,IF2103,2020-09-11 09:30:04.000,4449.2000,9340,0,16000740.000,0,-,-,-,-,4446.4000,4443.8000,4443.6000,4440.0000,4439.0000,4449.2000,4449.6000,4454.4000,4458.8000,4459.8000,1,1,1,5,1,1,1,3,2,1
SF,IF2103,2020-09-11 09:30:04.500,4454.4000,9338,-2,18671820.000,2,0,2,双平,S,4446.4000,4443.8000,4440.0000,4439.0000,4437.4000,4454.4000,4458.8000,4459.8000,4461.6000,4463.0000,2,1,5,1,1,2,2,1,1,1
SF,IF2103,2020-09-11 09:30:05.000,4454.4000,9338,0,18671820.000,0,-,-,-,-,4447.2000,4440.0000,4439.0000,4437.4000,4434.0000,4452.0000,4453.2000,4453.6000,4454.0000,4454.4000,1,5,1,1,1,1,1,1,1,4
SF,IF2103,2020-09-11 09:30:05.500,4454.4000,9338,0,18671820.000,0,-,-,-,-,4447.4000,4447.2000,4446.6000,4440.0000,4439.0000,4452.0000,4454.2000,4454.4000,4458.8000,4459.8000,1,2,1,5,1,1,1,4,2,1
SF,IF2103,2020-09-11 09:30:06.000,4454.4000,9337,-1,20008140.000,1,0,1,双平,S,4448.4000,4447.4000,4447.2000,4440.0000,4439.0000,4453.2000,4453.8000,4454.4000,4458.8000,4459.8000,1,1,2,5,1,1,1,4,2,1
SF,IF2103,2020-09-11 09:30:06.500,4454.4000,9337,0,20008140.000,0,-,-,-,-,4448.4000,4448.0000,4447.2000,4440.0000,4439.0000,4453.2000,4453.8000,4454.4000,4458.8000,4459.8000,1,1,1,5,1,1,1,4,2,1
SF,IF2103,2020-09-11 09:30:07.000,4454.4000,9336,-1,21344460.000,1,0,1,双平,S,4448.4000,4448.0000,4447.2000,4440.0000,4439.0000,4453.2000,4454.4000,4458.8000,4459.8000,4461.6000,1,1,1,5,1,1,4,2,1,1
SF,IF2103,2020-09-11 09:30:07.500,4454.4000,9336,0,21344460.000,0,-,-,-,-,4447.2000,4440.0000,4439.0000,4437.4000,4434.0000,4453.2000,4454.4000,4458.8000,4459.8000,4461.6000,1,5,1,1,1,1,4,2,1,1
SF,IF2103,2020-09-11 09:30:08.000,4454.4000,9335,-1,22680780.000,1,0,1,双平,S,4448.4000,4447.8000,4447.2000,4440.0000,4439.0000,4453.0000,4454.4000,4458.8000,4459.8000,4461.6000,3,1,1,5,1,1,2,2,1,1
SF,IF2103,2020-09-11 09:30:08.500,4453.0000,9334,-1,24016680.000,1,0,1,双平,S,4449.2000,4448.4000,4447.8000,4447.2000,4440.0000,4454.4000,4458.8000,4459.8000,4461.6000,4463.0000,1,2,1,1,5,3,2,1,1,1
SF,IF2103,2020-09-11 09:30:09.000,4454.4000,9333,-1,25353000.000,1,0,1,双平,S,4453.2000,4449.8000,4449.6000,4449.2000,4448.4000,4454.4000,4458.8000,4459.8000,4461.6000,4463.0000,1,1,2,2,1,1,2,1,1,1
SF,IF2103,2020-09-11 09:30:09.500,4453.2000,9333,0,26688960.000,1,0,1,多换,S,4449.8000,4449.6000,4449.2000,4448.4000,4447.2000,4454.0000,4454.2000,4454.4000,4458.8000,4459.8000,1,2,1,1,1,1,1,1,2,1
SF,IF2103,2020-09-11 09:30:10.000,4453.2000,9333,0,26688960.000,0,-,-,-,-,4450.0000,4449.8000,4449.6000,4449.2000,4448.4000,4454.2000,4454.4000,4458.8000,4459.8000,4461.6000,1,1,2,1,1,1,1,2,1,1
SF,IF2103,2020-09-11 09:30:10.500,4453.2000,9333,0,26688960.000,0,-,-,-,-,4450.0000,4449.8000,4449.6000,4449.2000,4448.4000,4454.4000,4458.8000,4459.8000,4461.6000,4463.0000,1,1,2,1,1,1,2,1,1,1
SF,IF2103,2020-09-11 09:30:11.000,4454.2000,9332,-1,28025220.000,1,0,1,双平,S,4450.0000,4449.8000,4449.6000,4449.2000,4448.4000,4454.4000,4455.8000,4458.8000,4459.8000,4461.6000,1,1,2,1,1,1,1,2,1,1
SF,IF2103,2020-09-11 09:30:11.500,4454.2000,9332,0,28025220.000,0,-,-,-,-,4450.0000,4449.2000,4448.4000,4447.2000,4440.0000,4454.4000,4455.8000,4458.8000,4459.8000,4461.6000,2,1,1,1,5,1,1,2,1,1
SF,IF2103,2020-09-11 09:30:12.000,4454.4000,9331,-1,29361540.000,1,0,1,双平,S,4450.0000,4448.4000,4447.2000,4440.0000,4439.0000,4454.0000,4458.8000,4459.8000,4461.6000,4463.0000,1,1,1,5,1,1,2,1,1,1
SF,IF2103,2020-09-11 09:30:12.500,4454.4000,9331,0,29361540.000,0,-,-,-,-,4450.0000,4448.4000,4447.2000,4440.0000,4439.0000,4453.8000,4454.0000,4458.8000,4459.8000,4461.6000,1,1,1,5,1,1,1,2,1,1
SF,IF2103,2020-09-11 09:30:13.000,4454.4000,9331,0,30697860.000,1,0,1,多换,S,4450.6000,4450.0000,4448.4000,4447.2000,4440.0000,4458.8000,4459.8000,4461.6000,4463.0000,4476.6000,1,1,1,1,5,2,1,1,1,1
SF,IF2103,2020-09-11 09:30:13.500,4454.4000,9331,0,30697860.000,0,-,-,-,-,4450.8000,4450.6000,4448.4000,4447.2000,4440.0000,4454.8000,4455.0000,4456.4000,4456.8000,4457.2000,1,1,1,1,5,1,1,1,1,1
SF,IF2103,2020-09-11 09:30:14.000,4454.8000,9330,-1,32034300.000,1,0,1,双平,S,4450.8000,4450.6000,4448.4000,4447.2000,4440.0000,4455.0000,4455.8000,4456.4000,4456.8000,4457.2000,1,1,1,1,5,1,1,1,1,1
SF,IF2103,2020-09-11 09:30:15.000,4455.0000,9329,-1,33370800.000,1,0,1,双平,S,4450.8000,4450.6000,4448.4000,4447.2000,4440.0000,4455.8000,4456.4000,4456.8000,4457.2000,4457.4000,1,1,1,1,5,1,1,1,1,2
SF,IF2103,2020-09-11 09:30:15.500,4455.0000,9329,0,33370800.000,0,-,-,-,-,4450.8000,4450.6000,4447.2000,4440.0000,4439.0000,4454.4000,4454.6000,4455.6000,4456.4000,4456.8000,1,1,1,5,1,1,1,4,1,1
SF,IF2103,2020-09-11 09:30:16.000,4455.0000,9328,-1,34707300.000,1,0,1,双平,S,4450.8000,4450.6000,4440.0000,4439.0000,4437.4000,4454.4000,4455.6000,4456.4000,4456.8000,4457.2000,1,1,5,1,1,1,4,1,1,1
SF,IF2103,2020-09-11 09:30:16.500,4455.0000,9328,0,34707300.000,0,-,-,-,-,4450.8000,4450.6000,4440.0000,4439.0000,4437.4000,4453.6000,4454.2000,4454.4000,4455.6000,4456.4000,1,1,5,1,1,1,1,2,4,1
SF,IF2103,2020-09-11 09:30:17.000,4455.0000,9328,0,36043800.000,1,0,1,多换,S,4450.8000,4450.6000,4440.0000,4439.0000,4437.4000,4453.6000,4454.2000,4454.4000,4455.6000,4456.4000,1,1,5,1,1,1,1,2,2,1
SF,IF2103,2020-09-11 09:30:17.500,4455.0000,9328,0,36043800.000,0,-,-,-,-,4450.8000,4440.0000,4439.0000,4437.4000,4434.0000,4453.2000,4453.6000,4454.2000,4454.4000,4455.6000,1,5,1,1,1,2,1,1,2,2
SF,IF2103,2020-09-11 09:30:18.000,4455.0000,9327,-1,37380300.000,1,0,1,双平,S,4450.8000,4440.0000,4439.0000,4437.4000,4434.0000,4453.2000,4454.4000,4455.0000,4456.4000,4457.2000,1,5,1,1,1,2,2,1,1,1
SF,IF2103,2020-09-11 09:30:18.500,4455.0000,9327,0,37380300.000,0,-,-,-,-,4450.8000,4440.0000,4439.0000,4437.4000,4434.0000,4453.0000,4453.2000,4454.4000,4456.4000,4457.2000,1,5,1,1,1,1,2,1,1,1
SF,IF2103,2020-09-11 09:30:19.000,4450.8000,9325,-2,40052040.000,2,0,2,双平,S,4440.0000,4439.0000,4437.4000,4434.0000,4430.0000,4453.2000,4454.4000,4455.0000,4456.4000,4457.2000,5,1,1,1,4,1,1,1,1,1
SF,IF2103,2020-09-11 09:30:19.500,4450.8000,9325,0,40052040.000,0,-,-,-,-,4450.6000,4449.6000,4449.2000,4448.4000,4447.2000,4453.2000,4454.4000,4454.8000,4455.0000,4456.4000,1,1,1,1,1,1,2,1,1,1
SF,IF2103,2020-09-11 09:30:20.000,4450.8000,9325,0,40052040.000,0,-,-,-,-,4450.6000,4449.6000,4449.2000,4448.4000,4447.8000,4453.2000,4454.4000,4454.8000,4456.4000,4457.2000,1,1,1,1,1,1,2,1,1,1
SF,IF2103,2020-09-11 09:30:20.500,4453.2000,9324,-1,41388000.000,1,0,1,双平,S,4451.4000,4450.6000,4449.2000,4448.4000,4447.2000,4454.4000,4454.8000,4456.4000,4457.2000,4457.4000,1,2,1,1,1,2,1,1,1,1
SF,IF2103,2020-09-11 09:30:21.000,4453.2000,9324,0,41388000.000,0,-,-,-,-,4451.4000,4450.6000,4449.2000,4448.4000,4447.2000,4454.2000,4454.4000,4454.8000,4456.4000,4457.2000,1,2,1,1,1,1,1,1,1,1
SF,IF2103,2020-09-11 09:30:21.500,4453.2000,9324,0,41388000.000,0,-,-,-,-,4452.0000,4451.4000,4451.0000,4450.6000,4448.4000,4454.2000,4454.4000,4456.4000,4457.2000,4457.4000,1,2,1,1,1,1,1,1,1,1
SF,IF2103,2020-09-11 09:30:22.000,4453.2000,9324,0,41388000.000,0,-,-,-,-,4451.6000,4451.4000,4450.6000,4448.4000,4447.2000,4456.4000,4457.2000,4457.4000,4458.8000,4459.0000,1,2,1,1,1,1,1,1,2,1
SF,IF2103,2020-09-11 09:30:22.500,4456.2000,9323,-1,42724860.000,1,0,1,双平,S,4452.0000,4451.4000,4450.6000,4448.4000,4447.2000,4456.2000,4456.4000,4457.2000,4457.4000,4458.8000,1,1,1,1,1,1,1,1,1,2
SF,IF2103,2020-09-11 09:30:23.000,4456.2000,9322,-1,44061720.000,1,0,1,双平,S,4452.0000,4451.4000,4450.6000,4448.4000,4447.2000,4456.4000,4457.2000,4457.4000,4458.8000,4459.0000,1,1,1,1,1,1,1,1,2,1
SF,IF2103,2020-09-11 09:30:23.500,4456.2000,9322,0,44061720.000,0,-,-,-,-,4452.0000,4451.4000,4450.6000,4448.4000,4447.2000,4456.2000,4456.4000,4457.2000,4457.4000,4458.8000,1,1,1,1,1,2,1,1,1,2
SF,IF2103,2020-09-11 09:30:24.000,4456.2000,9322,0,44061720.000,0,-,-,-,-,4451.4000,4450.6000,4448.4000,4447.2000,4446.0000,4455.8000,4456.2000,4456.4000,4457.2000,4457.4000,1,1,1,1,2,1,2,1,1,1
SF,IF2103,2020-09-11 09:30:24.500,4456.2000,9322,0,44061720.000,0,-,-,-,-,4452.0000,4451.4000,4451.0000,4450.6000,4448.4000,4455.8000,4456.2000,4456.4000,4457.2000,4457.4000,1,1,1,1,1,1,2,1,1,1
SF,IF2103,2020-09-11 09:30:25.000,4456.2000,9322,0,44061720.000,0,-,-,-,-,4452.0000,4451.4000,4451.0000,4450.6000,4448.4000,4455.8000,4456.2000,4456.4000,4457.2000,4457.4000,1,2,1,1,1,1,2,1,1,1
SF,IF2103,2020-09-11 09:30:25.500,4456.2000,9322,0,44061720.000,0,-,-,-,-,4452.0000,4451.4000,4451.0000,4450.6000,4448.4000,4455.8000,4456.2000,4456.4000,4457.0000,4457.2000,2,1,1,1,1,2,1,1,1,1
SF,IF2103,2020-09-11 09:30:26.000,4456.2000,9322,0,44061720.000,0,-,-,-,-,4452.0000,4451.4000,4451.0000,4450.6000,4448.4000,4455.8000,4456.2000,4456.4000,4457.0000,4457.2000,2,1,1,1,1,2,1,1,1,1
SF,IF2103,2020-09-11 09:30:26.500,4455.8000,9320,-2,46735200.000,2,0,2,双平,S,4453.2000,4452.2000,4452.0000,4451.0000,4450.6000,4457.0000,4458.8000,4459.0000,4459.8000,4461.6000,1,1,2,1,1,1,2,1,3,1
SF,IF2103,2020-09-11 09:30:27.000,4455.8000,9320,0,46735200.000,0,-,-,-,-,4454.0000,4453.2000,4452.0000,4451.0000,4448.4000,4457.0000,4458.8000,4459.0000,4459.8000,4461.6000,1,2,2,1,1,1,2,1,3,1
SF,IF2103,2020-09-11 09:30:27.500,4455.8000,9320,0,46735200.000,0,-,-,-,-,4454.0000,4453.4000,4453.2000,4452.0000,4451.0000,4458.8000,4459.0000,4459.8000,4461.6000,4463.0000,1,1,3,1,1,2,1,3,1,1
SF,IF2103,2020-09-11 09:30:28.000,4458.8000,9320,0,48072840.000,1,0,1,多换,S,4454.0000,4453.2000,4452.0000,4451.0000,4448.4000,4458.8000,4459.0000,4459.4000,4459.8000,4461.6000,2,2,1,1,1,1,1,1,2,1
SF,IF2103,2020-09-11 09:30:28.500,4458.8000,9320,0,48072840.000,0,-,-,-,-,4454.0000,4453.2000,4452.0000,4451.0000,4448.4000,4458.8000,4459.0000,4459.4000,4459.8000,4461.6000,1,2,1,1,1,1,1,1,2,1
SF,IF2103,2020-09-11 09:30:29.000,4458.8000,9319,-1,49410480.000,1,0,1,双平,S,4454.8000,4454.0000,4453.2000,4451.0000,4448.4000,4458.6000,4458.8000,4459.0000,4459.8000,4461.6000,1,1,1,1,1,1,2,1,2,1
SF,IF2103,2020-09-11 09:30:29.500,4458.8000,9319,0,49410480.000,0,-,-,-,-,4454.0000,4453.2000,4451.0000,4448.4000,4440.0000,4458.4000,4458.6000,4458.8000,4459.0000,4459.8000,1,1,1,1,5,2,1,2,1,2
SF,IF2103,2020-09-11 09:30:30.000,4458.8000,9318,-1,50748120.000,1,0,1,双平,S,4454.0000,4453.2000,4451.0000,4448.4000,4440.0000,4457.6000,4458.4000,4458.8000,4459.0000,4459.8000,1,1,1,1,5,1,2,2,1,2
SF,IF2103,2020-09-11 09:30:30.500,4458.8000,9318,0,50748120.000,0,-,-,-,-,4453.2000,4451.0000,4448.4000,4440.0000,4439.0000,4457.4000,4457.6000,4458.2000,4458.4000,4458.8000,1,1,1,5,1,1,1,2,2,1
SF,IF2103,2020-09-11 09:30:31.000,4458.8000,9317,-1,52085760.000,1,0,1,双平,S,4453.6000,4453.2000,4451.0000,4448.4000,4440.0000,4457.6000,4458.2000,4458.4000,4458.8000,4459.0000,1,1,1,1,5,1,2,2,1,1
SF,IF2103,2020-09-11 09:30:31.500,4458.8000,9317,0,52085760.000,0,-,-,-,-,4451.0000,4448.4000,4440.0000,4439.0000,4437.4000,4457.2000,4457.4000,4457.6000,4458.2000,4458.4000,1,1,5,1,1,1,1,1,2,2
SF,IF2103,2020-09-11 09:30:32.000,4458.8000,9317,0,53423400.000,1,0,1,多换,S,4452.0000,4451.4000,4451.0000,4448.4000,4440.0000,4457.2000,4457.4000,4457.6000,4458.2000,4458.4000,1,1,1,1,5,1,1,1,2,2
SF,IF2103,2020-09-11 09:30:32.500,4458.8000,9317,0,53423400.000,0,-,-,-,-,4451.4000,4451.0000,4448.4000,4440.0000,4439.0000,4456.4000,4456.6000,4456.8000,4457.0000,4457.2000,1,1,1,5,1,1,1,1,2,1
SF,IF2103,2020-09-11 09:30:33.000,4458.8000,9316,-1,54761040.000,1,0,1,双平,S,4452.0000,4451.4000,4451.0000,4448.4000,4440.0000,4455.8000,4456.8000,4457.0000,4457.2000,4457.4000,1,1,1,1,5,1,2,2,1,1
SF,IF2103,2020-09-11 09:30:33.500,4458.8000,9316,0,54761040.000,0,-,-,-,-,4452.0000,4451.4000,4451.0000,4448.4000,4440.0000,4455.8000,4456.4000,4456.8000,4457.0000,4457.2000,1,2,1,1,5,1,1,2,1,1
SF,IF2103,2020-09-11 09:30:34.000,4456.8000,9314,-2,57435720.000,2,0,2,双平,S,4452.0000,4451.4000,4451.0000,4448.4000,4440.0000,4456.4000,4456.8000,4457.0000,4457.2000,4458.4000,1,1,1,1,5,1,1,1,1,1
SF,IF2103,2020-09-11 09:30:34.500,4456.8000,9314,0,57435720.000,0,-,-,-,-,4452.0000,4451.4000,4451.0000,4448.4000,4440.0000,4456.8000,4457.0000,4457.2000,4458.4000,4459.0000,1,1,1,1,5,1,1,1,1,1
SF,IF2103,2020-09-11 09:30:35.000,4456.6000,9312,-2,60108300.000,2,0,2,双平,S,4452.2000,4451.4000,4451.0000,4448.4000,4440.0000,4456.8000,4457.0000,4457.2000,4458.4000,4459.0000,1,1,1,1,5,1,1,1,1,1
SF,IF2103,2020-09-11 09:30:35.500,4456.6000,9312,0,60108300.000,0,-,-,-,-,4451.4000,4451.0000,4448.4000,4440.0000,4439.0000,4456.6000,4456.8000,4457.0000,4457.2000,4459.0000,1,1,1,5,1,2,2,1,1,1
SF,IF2103,2020-09-11 09:30:36.000,4456.6000,9312,0,60108300.000,0,-,-,-,-,4452.0000,4451.4000,4451.0000,4448.4000,4440.0000,4456.6000,4456.8000,4457.0000,4457.2000,4459.0000,1,1,1,1,5,2,2,1,1,1
SF,IF2103,2020-09-11 09:30:36.500,4456.6000,9311,-1,61445280.000,1,0,1,双平,S,4451.4000,4451.0000,4448.4000,4440.0000,4439.0000,4456.0000,4456.2000,4456.4000,4456.6000,4456.8000,1,1,1,5,1,1,2,1,2,1
SF,IF2103,2020-09-11 09:30:37.000,4456.6000,9311,0,62782260.000,1,0,1,多换,S,4451.4000,4451.0000,4440.0000,4439.0000,4437.4000,4456.0000,4456.2000,4456.4000,4456.6000,4456.8000,1,1,5,1,1,3,2,1,2,1
SF,IF2103,2020-09-11 09:30:37.500,4453.2000,9309,-2,66788940.000,3,0,3,多平,S,4440.0000,4439.0000,4437.4000,4434.0000,4430.0000,4454.4000,4455.4000,4455.8000,4456.0000,4456.6000,5,1,1,1,4,1,2,3,2,2
SF,IF2103,2020-09-11 09:30:38.000,4454.2000,9307,-2,69461160.000,2,0,2,双平,S,4448.4000,4447.8000,4447.2000,4446.4000,4446.0000,4454.4000,4455.0000,4455.2000,4455.4000,4455.8000,1,1,1,1,2,1,1,2,2,3
SF,IF2103,2020-09-11 09:30:38.500,4454.2000,9307,0,69461160.000,0,-,-,-,-,4447.2000,4446.4000,4446.2000,4446.0000,4443.6000,4453.0000,4454.4000,4455.0000,4455.2000,4455.4000,1,1,1,2,3,2,2,1,1,1
SF,IF2103,2020-09-11 09:30:39.000,4454.2000,9306,-1,70797420.000,1,0,1,双平,S,4449.2000,4448.4000,4447.8000,4447.2000,4446.4000,4453.0000,4453.2000,4454.4000,4455.0000,4455.2000,1,1,1,1,1,1,1,2,1,1
SF,IF2103,2020-09-11 09:30:39.500,4454.2000,9306,0,70797420.000,0,-,-,-,-,4449.2000,4448.4000,4447.8000,4447.6000,4447.2000,4452.8000,4453.0000,4453.2000,4454.4000,4455.0000,1,1,1,2,1,1,1,1,1,1
SF,IF2103,2020-09-11 09:30:40.000,4454.2000,9305,-1,72133680.000,1,0,1,双平,S,4449.8000,4449.6000,4449.4000,4449.2000,4448.4000,4453.0000,4454.4000,4455.2000,4456.6000,4459.0000,1,1,2,2,1,2,1,1,1,1
SF,IF2103,2020-09-11 09:30:40.500,4454.2000,9305,0,72133680.000,0,-,-,-,-,4450.0000,4449.8000,4449.6000,4449.4000,4449.2000,4452.4000,4453.0000,4454.4000,4455.2000,4456.6000,2,1,1,2,2,1,1,1,1,1
SF,IF2103,2020-09-11 09:30:41.000,4452.6000,9304,-1,74805240.000,2,0,2,多平,S,4450.0000,4449.8000,4449.6000,4449.4000,4449.2000,4454.4000,4455.2000,4456.6000,4457.0000,4459.0000,2,3,1,2,1,1,1,1,1,1
SF,IF2103,2020-09-11 09:30:41.500,4452.6000,9304,0,74805240.000,0,-,-,-,-,4450.2000,4450.0000,4449.8000,4449.6000,4449.4000,4454.4000,4455.2000,4456.6000,4457.0000,4459.0000,2,2,1,1,2,1,1,1,1,1
SF,IF2103,2020-09-11 09:30:42.000,4455.2000,9303,-1,76141800.000,1,0,1,双平,S,4451.2000,4450.6000,4450.2000,4450.0000,4449.8000,4456.6000,4457.0000,4457.6000,4459.0000,4459.8000,1,1,2,2,1,1,1,1,1,1
SF,IF2103,2020-09-11 09:30:42.500,4455.2000,9303,0,76141800.000,0,-,-,-,-,4451.4000,4451.2000,4450.6000,4450.2000,4450.0000,4456.4000,4456.6000,4457.0000,4457.6000,4459.0000,1,1,2,1,2,1,1,1,1,1
SF,IF2103,2020-09-11 09:30:43.000,4455.2000,9302,-1,77478360.000,1,0,1,双平,S,4450.6000,4450.0000,4449.8000,4449.4000,4449.2000,4455.6000,4456.2000,4456.4000,4456.6000,4457.6000,1,2,1,2,1,1,2,1,1,1
SF,IF2103,2020-09-11 09:30:43.500,4455.2000,9302,0,77478360.000,0,-,-,-,-,4451.4000,4451.2000,4450.6000,4450.0000,4449.8000,4455.0000,4455.4000,4455.6000,4456.2000,4456.4000,2,1,1,2,1,1,1,2,2,1
SF,IF2103,2020-09-11 09:30:44.000,4455.2000,9301,-1,78814920.000,1,0,1,双平,S,4452.0000,4451.4000,4451.2000,4450.0000,4449.8000,4454.8000,4455.0000,4456.2000,4456.4000,4456.6000,1,2,1,2,1,1,2,1,1,1
SF,IF2103,2020-09-11 09:30:44.500,4455.2000,9301,0,80151480.000,1,0,1,多换,S,4452.0000,4451.4000,4451.2000,4449.8000,4448.4000,4456.2000,4456.4000,4456.6000,4459.0000,4459.8000,1,2,1,1,1,1,1,1,1,1
SF,IF2103,2020-09-11 09:30:45.000,4455.2000,9300,-1,81488040.000,1,0,1,双平,S,4452.8000,4452.0000,4451.4000,4451.2000,4449.8000,4456.2000,4456.6000,4459.0000,4459.8000,4461.6000,1,2,1,1,1,1,1,1,1,1
SF,IF2103,2020-09-11 09:30:45.500,4455.2000,9300,0,81488040.000,0,-,-,-,-,4455.0000,4453.6000,4453.2000,4452.8000,4452.0000,4456.6000,4459.0000,4459.8000,4461.6000,4463.0000,1,1,1,1,2,1,1,1,1,1
SF,IF2103,2020-09-11 09:30:46.000,4459.0000,9299,-1,82825740.000,1,0,1,双平,S,4455.0000,4453.6000,4453.2000,4452.8000,4452.0000,4459.8000,4460.8000,4461.6000,4463.0000,4476.6000,1,1,1,2,1,1,1,1,1,1
SF,IF2103,2020-09-11 09:30:46.500,4459.0000,9299,0,82825740.000,0,-,-,-,-,4455.0000,4453.6000,4453.2000,4452.8000,4452.0000,4456.4000,4459.8000,4460.8000,4461.6000,4463.0000,2,1,1,1,1,2,1,1,1,1
SF,IF2103,2020-09-11 09:30:47.000,4459.8000,9296,-3,86837520.000,3,0,3,双平,S,4455.0000,4453.6000,4453.2000,4452.8000,4452.0000,4459.2000,4460.8000,4461.6000,4463.0000,4476.6000,1,1,1,1,1,1,1,1,1,1
SF,IF2103,2020-09-11 09:30:47.500,4459.8000,9296,0,86837520.000,0,-,-,-,-,4455.2000,4455.0000,4453.6000,4453.2000,4452.8000,4459.0000,4459.2000,4460.8000,4461.6000,4463.0000,1,1,1,1,1,1,1,1,1,1
SF,IF2103,2020-09-11 09:30:48.000,4455.2000,9296,0,88174080.000,1,0,1,多换,S,4455.0000,4453.6000,4452.8000,4451.2000,4440.0000,4459.0000,4460.8000,4461.6000,4463.0000,4476.6000,1,1,1,1,5,1,1,1,1,1
SF,IF2103,2020-09-11 09:30:48.500,4455.2000,9296,0,88174080.000,0,-,-,-,-,4455.0000,4453.6000,4452.8000,4451.2000,4440.0000,4459.0000,4459.4000,4460.8000,4461.6000,4463.0000,2,1,1,1,5,1,1,1,1,1
SF,IF2103,2020-09-11 09:30:49.000,4459.0000,9295,-1,89511780.000,1,0,1,双平,S,4459.2000,4455.0000,4453.6000,4452.8000,4451.2000,4459.4000,4460.8000,4461.6000,4463.0000,4476.6000,1,2,1,1,1,2,1,1,1,1
SF,IF2103,2020-09-11 09:30:49.500,4459.0000,9294,-1,90849480.000,1,0,1,双平,S,4455.0000,4453.6000,4452.8000,4451.2000,4450.0000,4458.8000,4459.2000,4459.4000,4460.8000,4461.6000,2,1,1,1,5,1,4,2,1,1
SF,IF2103,2020-09-11 09:30:50.000,4459.0000,9293,-1,92187180.000,1,0,1,双平,S,4455.0000,4453.6000,4452.8000,4451.2000,4450.0000,4459.2000,4459.4000,4460.8000,4461.6000,4463.0000,2,1,1,1,5,1,1,1,1,1
SF,IF2103,2020-09-11 09:30:50.500,4459.0000,9292,-1,93524880.000,1,0,1,双平,S,4455.0000,4453.6000,4452.8000,4451.2000,4450.0000,4460.8000,4461.6000,4463.0000,4476.6000,4496.6000,2,1,1,1,5,1,1,1,1,1
SF,IF2103,2020-09-11 09:30:51.000,4459.0000,9292,0,93524880.000,0,-,-,-,-,4455.0000,4453.6000,4452.8000,4451.2000,4450.0000,4459.2000,4460.6000,4460.8000,4461.6000,4463.0000,2,1,1,1,5,1,1,1,1,1
SF,IF2103,2020-09-11 09:30:51.500,4459.0000,9291,-1,94862580.000,1,0,1,双平,S,4455.0000,4453.6000,4452.8000,4451.2000,4450.0000,4459.2000,4460.6000,4460.8000,4461.6000,4462.2000,2,1,1,1,5,1,2,1,1,1
SF,IF2103,2020-09-11 09:30:52.000,4459.0000,9291,0,94862580.000,0,-,-,-,-,4455.0000,4453.6000,4452.8000,4451.2000,4445.0000,4458.8000,4459.2000,4460.6000,4460.8000,4461.6000,1,1,1,1,5,3,2,2,1,1
SF,IF2103,2020-09-11 09:30:52.500,4459.0000,9290,-1,96200280.000,1,0,1,双平,S,4455.0000,4453.6000,4452.8000,4451.2000,4445.0000,4458.8000,4459.0000,4459.2000,4460.6000,4461.6000,1,1,1,1,5,4,1,1,2,1
SF,IF2103,2020-09-11 09:30:53.000,4459.0000,9290,0,96200280.000,0,-,-,-,-,4455.0000,4452.8000,4451.2000,4445.0000,4439.0000,4458.6000,4458.8000,4459.0000,4459.2000,4459.4000,1,1,1,5,1,1,2,1,1,1
SF,IF2103,2020-09-11 09:30:53.500,4459.0000,9289,-1,97537980.000,1,0,1,双平,S,4455.0000,4452.8000,4451.2000,4445.0000,4439.0000,4458.0000,4458.2000,4458.4000,4458.6000,4458.8000,1,1,1,5,1,1,2,1,1,2
SF,IF2103,2020-09-11 09:30:54.000,4459.0000,9289,0,97537980.000,0,-,-,-,-,4455.0000,4452.8000,4451.2000,4445.0000,4439.0000,4457.6000,4458.0000,4458.2000,4458.4000,4458.6000,1,1,1,5,1,1,3,2,1,2
SF,IF2103,2020-09-11 09:30:54.500,4459.0000,9288,-1,98875680.000,1,0,1,双平,S,4455.0000,4452.8000,4451.2000,4445.0000,4439.0000,4457.2000,4458.0000,4458.6000,4458.8000,4460.6000,1,1,1,5,1,1,1,2,1,1
SF,IF2103,2020-09-11 09:30:55.000,4459.0000,9288,0,98875680.000,0,-,-,-,-,4455.0000,4452.8000,4451.2000,4445.0000,4439.0000,4457.0000,4457.2000,4458.6000,4458.8000,4460.6000,1,1,1,5,1,1,1,1,1,1
SF,IF2103,2020-09-11 09:30:55.500,4459.0000,9288,0,100213380.000,1,0,1,多换,S,4455.0000,4452.8000,4451.2000,4445.0000,4439.0000,4457.0000,4457.2000,4458.8000,4460.6000,4461.6000,1,1,1,5,1,1,1,1,1,1
SF,IF2103,2020-09-11 09:30:56.000,4455.0000,9288,0,101549880.000,1,0,1,多换,S,4452.8000,4451.2000,4445.0000,4439.0000,4437.4000,4457.0000,4458.6000,4458.8000,4460.6000,4461.6000,1,1,5,1,1,1,1,1,1,1
SF,IF2103,2020-09-11 09:30:56.500,4455.0000,9288,0,101549880.000,0,-,-,-,-,4455.0000,4454.8000,4454.4000,4454.0000,4453.6000,4458.6000,4458.8000,4460.6000,4461.6000,4463.0000,2,1,1,1,1,1,1,1,1,1
SF,IF2103,2020-09-11 09:30:57.000,4455.0000,9287,-1,102886380.000,1,0,1,双平,S,4455.0000,4454.8000,4454.4000,4454.0000,4453.6000,4458.4000,4458.6000,4458.8000,4460.6000,4461.6000,1,1,1,1,1,1,1,1,1,1
SF,IF2103,2020-09-11 09:30:57.500,4455.0000,9287,0,102886380.000,0,-,-,-,-,4455.0000,4454.8000,4454.4000,4454.0000,4453.6000,4458.6000,4460.6000,4461.6000,4463.0000,4476.6000,1,1,1,1,1,1,1,1,1,1
SF,IF2103,2020-09-11 09:30:58.000,4455.0000,9287,0,102886380.000,0,-,-,-,-,4455.0000,4454.8000,4454.4000,4454.0000,4453.6000,4460.6000,4461.2000,4461.6000,4463.0000,4476.6000,1,1,1,1,1,1,1,1,1,1
SF,IF2103,2020-09-11 09:30:58.500,4455.0000,9287,0,102886380.000,0,-,-,-,-,4455.0000,4454.8000,4454.4000,4454.0000,4453.6000,4460.2000,4460.4000,4460.6000,4461.2000,4461.6000,1,1,1,1,1,1,1,1,1,1
SF,IF2103,2020-09-11 09:30:59.000,4455.0000,9287,0,102886380.000,0,-,-,-,-,4455.4000,4455.0000,4454.8000,4454.4000,4454.0000,4459.6000,4460.2000,4460.4000,4460.6000,4461.6000,1,1,1,1,1,3,1,1,1,1
SF,IF2103,2020-09-11 09:30:59.500,4455.0000,9287,0,102886380.000,0,-,-,-,-,4455.4000,4455.0000,4454.8000,4454.4000,4454.0000,4459.8000,4460.4000,4460.6000,4461.6000,4462.4000,1,1,1,1,1,1,1,1,1,1
SF,IF2103,2020-09-11 09:31:00.000,4459.4000,9287,0,104224200.000,1,0,1,多换,S,4456.4000,4455.4000,4455.0000,4454.8000,4454.4000,4459.6000,4460.6000,4461.6000,4462.0000,4462.4000,1,1,1,1,1,1,1,1,1,1
SF,IF2103,2020-09-11 09:31:00.500,4459.4000,9287,0,104224200.000,0,-,-,-,-,4456.0000,4455.0000,4454.8000,4454.4000,4454.0000,4459.4000,4459.6000,4459.8000,4460.6000,4461.0000,1,1,1,1,1,1,1,1,1,1
SF,IF2103,2020-09-11 09:31:01.000,4459.4000,9287,0,104224200.000,0,-,-,-,-,4456.2000,4456.0000,4455.0000,4454.8000,4454.4000,4458.8000,4459.2000,4459.4000,4460.6000,4461.0000,1,1,1,1,1,1,1,1,1,1
SF,IF2103,2020-09-11 09:31:01.500,4459.4000,9287,0,105562020.000,1,0,1,多换,S,4457.2000,4456.8000,4456.4000,4456.2000,4456.0000,4459.4000,4460.6000,4461.0000,4461.6000,4462.0000,1,2,1,1,1,1,1,1,1,1
SF,IF2103,2020-09-11 09:31:02.000,4459.4000,9287,0,105562020.000,0,-,-,-,-,4457.6000,4457.4000,4457.2000,4456.8000,4456.4000,4459.4000,4460.6000,4461.0000,4461.6000,4462.4000,1,3,1,2,1,1,1,1,1,1
SF,IF2103,2020-09-11 09:31:02.500,4459.4000,9287,0,105562020.000,0,-,-,-,-,4457.8000,4457.4000,4457.2000,4456.8000,4456.4000,4460.6000,4461.6000,4462.4000,4463.0000,4470.0000,1,2,1,2,1,1,1,1,1,1
SF,IF2103,2020-09-11 09:31:03.000,4459.4000,9287,0,105562020.000,0,-,-,-,-,4458.8000,4457.8000,4457.4000,4457.2000,4456.8000,4460.0000,4460.4000,4460.6000,4461.6000,4462.4000,1,1,2,1,2,1,1,1,1,1
SF,IF2103,2020-09-11 09:31:03.500,4458.8000,9287,0,106899660.000,1,0,1,多换,S,4457.8000,4457.4000,4457.2000,4456.8000,4456.4000,4459.6000,4460.0000,4460.4000,4460.6000,4461.6000,1,2,1,2,1,3,1,1,1,1
SF,IF2103,2020-09-11 09:31:04.000,4458.8000,9287,0,106899660.000,0,-,-,-,-,4457.8000,4457.4000,4457.2000,4456.8000,4456.4000,4460.0000,4460.4000,4460.6000,4461.6000,4463.0000,1,2,1,2,1,1,1,1,1,1
SF,IF2103,2020-09-11 09:31:04.500,4457.8000,9286,-1,108237000.000,1,0,1,双平,S,4456.0000,4445.0000,4437.4000,4434.0000,4432.2000,4459.4000,4459.8000,4460.0000,4460.6000,4461.6000,1,5,1,1,1,1,1,1,1,1
SF,IF2103,2020-09-11 09:31:05.000,4456.0000,9285,-1,109573800.000,1,0,1,双平,S,4445.0000,4437.4000,4434.0000,4432.2000,4430.0000,4459.2000,4459.4000,4460.0000,4460.6000,4461.6000,5,1,1,1,4,1,1,1,1,1
SF,IF2103,2020-09-11 09:31:05.500,4456.0000,9285,0,109573800.000,0,-,-,-,-,4455.0000,4454.8000,4454.4000,4454.0000,4453.6000,4457.8000,4459.2000,4459.4000,4460.0000,4460.6000,1,1,1,1,1,2,1,1,1,1
SF,IF2103,2020-09-11 09:31:06.000,4456.0000,9285,0,109573800.000,0,-,-,-,-,4455.0000,4454.8000,4454.4000,4454.0000,4453.6000,4457.6000,4457.8000,4459.0000,4459.2000,4460.0000,1,1,1,2,1,1,2,1,1,1
SF,IF2103,2020-09-11 09:31:06.500,4456.0000,9285,0,109573800.000,0,-,-,-,-,4454.4000,4454.0000,4453.6000,4452.8000,4451.2000,4457.6000,4457.8000,4459.0000,4460.0000,4460.6000,1,1,1,1,1,1,2,2,1,1
SF,IF2103,2020-09-11 09:31:07.000,4456.0000,9285,0,109573800.000,0,-,-,-,-,4455.0000,4454.8000,4454.6000,4454.4000,4454.0000,4457.6000,4457.8000,4459.0000,4459.6000,4460.0000,1,1,1,1,1,1,2,2,1,1
SF,IF2103,2020-09-11 09:31:07.500,4456.0000,9285,0,109573800.000,0,-,-,-,-,4454.6000,4454.4000,4454.0000,4453.6000,4452.8000,4457.6000,4457.8000,4459.0000,4459.6000,4460.0000,1,1,1,1,1,1,2,2,1,1
SF,IF2103,2020-09-11 09:31:08.000,4456.0000,9285,0,109573800.000,0,-,-,-,-,4455.0000,4454.8000,4454.6000,4454.4000,4454.0000,4457.6000,4457.8000,4459.0000,4459.6000,4460.0000,1,1,1,1,1,1,2,1,1,1
SF,IF2103,2020-09-11 09:31:08.500,4456.0000,9285,0,109573800.000,0,-,-,-,-,4454.4000,4454.0000,4453.6000,4452.8000,4451.2000,4457.6000,4457.8000,4459.6000,4460.0000,4460.6000,1,1,1,1,1,2,2,1,1,1
SF,IF2103,2020-09-11 09:31:09.000,4456.0000,9285,0,109573800.000,0,-,-,-,-,4454.8000,4454.4000,4454.0000,4453.6000,4452.8000,4457.6000,4457.8000,4459.6000,4460.0000,4460.6000,1,1,1,1,1,2,2,1,1,1
SF,IF2103,2020-09-11 09:31:09.500,4456.0000,9285,0,109573800.000,0,-,-,-,-,4454.6000,4454.4000,4454.0000,4453.6000,4452.8000,4457.6000,4457.8000,4459.4000,4459.6000,4460.0000,1,1,1,1,1,2,2,1,1,1
SF,IF2103,2020-09-11 09:31:10.000,4456.0000,9285,0,109573800.000,0,-,-,-,-,4454.4000,4454.0000,4453.6000,4452.8000,4451.2000,4457.6000,4457.8000,4459.4000,4459.6000,4460.0000,1,1,1,1,1,1,2,1,1,1
SF,IF2103,2020-09-11 09:31:10.500,4456.0000,9285,0,109573800.000,0,-,-,-,-,4454.4000,4454.0000,4453.6000,4452.8000,4451.2000,4457.4000,4457.6000,4457.8000,4459.4000,4459.6000,1,1,1,1,1,2,1,2,1,1
SF,IF2103,2020-09-11 09:31:11.000,4456.0000,9285,0,109573800.000,0,-,-,-,-,4454.0000,4453.6000,4452.8000,4451.2000,4445.0000,4457.2000,4457.4000,4457.8000,4459.4000,4459.6000,1,1,1,1,5,1,2,2,1,1
SF,IF2103,2020-09-11 09:31:11.500,4456.0000,9285,0,109573800.000,0,-,-,-,-,4454.4000,4454.0000,4453.6000,4452.8000,4451.2000,4457.2000,4457.4000,4457.8000,4458.8000,4459.4000,1,1,1,1,1,1,2,2,1,1
SF,IF2103,2020-09-11 09:31:12.000,4456.0000,9285,0,109573800.000,0,-,-,-,-,4454.8000,4454.6000,4454.4000,4454.0000,4453.6000,4457.2000,4457.8000,4458.8000,4459.4000,4459.6000,1,1,1,1,1,1,2,1,1,1
SF,IF2103,2020-09-11 09:31:12.500,4456.0000,9285,0,109573800.000,0,-,-,-,-,4455.0000,4454.8000,4454.6000,4454.4000,4454.0000,4457.8000,4458.8000,4459.4000,4459.6000,4460.0000,2,1,1,1,1,2,1,1,1,1
SF,IF2103,2020-09-11 09:31:13.000,4456.0000,9285,0,109573800.000,0,-,-,-,-,4455.0000,4454.8000,4454.4000,4454.0000,4453.6000,4457.8000,4458.8000,4459.6000,4460.0000,4461.6000,2,1,1,1,1,2,1,1,1,1
SF,IF2103,2020-09-11 09:31:13.500,4457.8000,9283,-2,112248480.000,2,0,2,双平,S,4457.2000,4456.8000,4456.4000,4455.4000,4455.0000,4458.8000,4460.0000,4461.6000,4462.0000,4462.2000,1,1,1,1,2,1,1,1,1,1
SF,IF2103,2020-09-11 09:31:14.000,4457.8000,9283,0,112248480.000,0,-,-,-,-,4457.2000,4456.8000,4456.4000,4455.4000,4455.0000,4458.6000,4458.8000,4460.0000,4461.6000,4462.0000,1,1,1,1,2,1,1,1,1,1
SF,IF2103,2020-09-11 09:31:14.500,4457.2000,9283,0,113585640.000,1,0,1,多换,S,4457.2000,4456.8000,4456.4000,4454.8000,4454.0000,4458.8000,4460.0000,4461.6000,4462.2000,4463.0000,1,1,1,1,1,1,1,1,1,1
SF,IF2103,2020-09-11 09:31:15.000,4457.2000,9282,-1,114922800.000,1,0,1,双平,S,4456.8000,4456.4000,4454.8000,4454.0000,4453.6000,4458.6000,4458.8000,4460.0000,4461.6000,4462.2000,1,1,1,1,1,1,1,1,1,1
SF,IF2103,2020-09-11 09:31:15.500,4456.8000,9281,-1,116259840.000,1,0,1,双平,S,4456.4000,4454.8000,4454.0000,4453.6000,4445.0000,4458.6000,4458.8000,4460.0000,4461.6000,4462.2000,1,1,1,1,5,1,2,1,1,1
SF,IF2103,2020-09-11 09:31:16.000,4458.6000,9280,-1,117597420.000,1,0,1,双平,S,4456.4000,4454.8000,4454.0000,4453.6000,4445.0000,4458.6000,4458.8000,4460.0000,4461.6000,4462.2000,1,1,1,1,5,1,1,1,1,1
SF,IF2103,2020-09-11 09:31:16.500,4458.6000,9280,0,117597420.000,0,-,-,-,-,4456.6000,4456.4000,4454.8000,4454.0000,4453.6000,4458.6000,4458.8000,4460.0000,4461.6000,4462.2000,1,1,1,1,1,1,1,1,1,1
SF,IF2103,2020-09-11 09:31:17.000,4458.6000,9279,-1,118935000.000,1,0,1,双平,S,4456.6000,4454.8000,4454.0000,4453.6000,4445.0000,4458.8000,4460.0000,4461.6000,4462.2000,4463.0000,1,1,1,1,5,1,1,1,1,1
SF,IF2103,2020-09-11 09:31:17.500,4458.6000,9279,0,118935000.000,0,-,-,-,-,4456.8000,4456.6000,4454.8000,4454.0000,4453.6000,4458.8000,4460.0000,4461.6000,4462.2000,4463.0000,1,2,1,1,1,1,1,1,1,1
SF,IF2103,2020-09-11 09:31:18.000,4458.8000,9278,-1,120272640.000,1,0,1,双平,S,4457.6000,4457.4000,4457.0000,4456.8000,4456.6000,4460.0000,4461.6000,4462.2000,4463.0000,4463.6000,1,2,1,1,1,1,1,1,1,1
SF,IF2103,2020-09-11 09:31:18.500,4458.8000,9278,0,120272640.000,0,-,-,-,-,4456.8000,4445.0000,4437.4000,4434.0000,4432.2000,4459.8000,4460.0000,4461.6000,4462.2000,4463.0000,1,5,1,1,1,1,1,1,1,1
SF,IF2103,2020-09-11 09:31:19.000,4459.6000,9276,-2,122947560.000,2,0,2,双平,S,4445.0000,4437.4000,4434.0000,4432.2000,4430.0000,4459.8000,4460.0000,4461.6000,4462.2000,4463.0000,5,1,1,1,4,1,2,1,1,1
SF,IF2103,2020-09-11 09:31:19.500,4459.8000,9275,-1,124285500.000,1,0,1,双平,S,4454.8000,4454.0000,4453.6000,4452.0000,4451.4000,4459.6000,4459.8000,4460.0000,4461.6000,4462.2000,1,1,1,1,1,1,1,1,1,1
SF,IF2103,2020-09-11 09:31:20.000,4459.8000,9275,0,124285500.000,0,-,-,-,-,4455.0000,4454.8000,4454.6000,4454.0000,4453.6000,4459.0000,4459.4000,4459.6000,4460.0000,4461.6000,1,1,1,1,1,1,2,1,1,1
SF,IF2103,2020-09-11 09:31:20.500,4459.8000,9274,-1,125623440.000,1,0,1,双平,S,4456.4000,4455.6000,4455.0000,4454.8000,4454.0000,4459.0000,4459.2000,4459.4000,4459.6000,4460.0000,1,2,1,2,1,1,1,1,1,1
SF,IF2103,2020-09-11 09:31:21.000,4459.8000,9273,-1,126961380.000,1,0,1,双平,S,4456.6000,4455.6000,4454.8000,4454.0000,4453.6000,4459.0000,4459.6000,4460.0000,4461.6000,4463.0000,1,2,1,1,1,1,1,1,1,1
SF,IF2103,2020-09-11 09:31:21.500,4459.8000,9273,0,126961380.000,0,-,-,-,-,4456.6000,4456.4000,4454.8000,4454.0000,4453.6000,4458.6000,4459.6000,4460.0000,4461.6000,4463.0000,1,1,1,1,1,3,1,1,1,1
SF,IF2103,2020-09-11 09:31:22.000,4459.8000,9272,-1,128299320.000,1,0,1,双平,S,4456.6000,4456.4000,4454.8000,4454.0000,4453.6000,4460.0000,4461.6000,4463.0000,4463.6000,4470.0000,1,1,1,1,1,1,1,1,1,2
SF,IF2103,2020-09-11 09:31:22.500,4460.0000,9271,-1,129637320.000,1,0,1,双平,S,4456.6000,4454.8000,4454.0000,4453.6000,4452.0000,4461.6000,4463.0000,4463.6000,4470.0000,4482.2000,1,1,1,1,1,1,1,1,2,1
SF,IF2103,2020-09-11 09:31:23.000,4460.0000,9271,0,129637320.000,0,-,-,-,-,4456.8000,4456.6000,4454.8000,4454.0000,4453.6000,4460.4000,4461.4000,4461.6000,4463.0000,4463.6000,2,1,1,1,1,1,1,2,1,1
SF,IF2103,2020-09-11 09:31:23.500,4457.0000,9270,-1,130974420.000,1,0,1,双平,S,4456.8000,4454.8000,4454.0000,4453.6000,4452.0000,4460.6000,4461.2000,4461.6000,4463.0000,4463.6000,2,1,1,1,1,1,1,3,1,1
SF,IF2103,2020-09-11 09:31:24.000,4457.0000,9270,0,130974420.000,0,-,-,-,-,4457.0000,4456.8000,4454.8000,4454.0000,4453.6000,4460.0000,4460.4000,4461.2000,4461.6000,4463.0000,1,2,1,1,1,1,3,1,2,1
SF,IF2103,2020-09-11 09:31:24.500,4456.8000,9268,-2,133648560.000,2,0,2,双平,S,4456.8000,4454.8000,4454.0000,4453.6000,4452.0000,4459.8000,4460.0000,4460.2000,4460.4000,4461.2000,1,1,1,1,1,1,1,1,3,1
SF,IF2103,2020-09-11 09:31:25.000,4456.8000,9267,-1,134985600.000,1,0,1,双平,S,4454.8000,4454.0000,4453.6000,4452.0000,4451.4000,4459.2000,4459.8000,4460.0000,4460.2000,4460.4000,1,1,1,1,1,2,1,2,1,1
SF,IF2103,2020-09-11 09:31:25.500,4456.8000,9267,0,134985600.000,0,-,-,-,-,4455.0000,4454.8000,4454.0000,4453.6000,4451.4000,4459.0000,4459.2000,4459.8000,4460.2000,4460.4000,1,1,1,1,1,1,2,1,1,1
SF,IF2103,2020-09-11 09:31:26.000,4456.8000,9267,0,134985600.000,0,-,-,-,-,4455.0000,4454.8000,4454.0000,4453.6000,4451.4000,4458.4000,4458.6000,4459.0000,4459.2000,4460.2000,1,1,1,1,1,1,2,2,2,1
SF,IF2103,2020-09-11 09:31:26.500,4456.8000,9267,0,134985600.000,0,-,-,-,-,4453.6000,4451.4000,4445.0000,4437.4000,4434.0000,4458.2000,4458.4000,4458.6000,4459.0000,4459.2000,1,1,5,1,1,1,1,3,1,3
SF,IF2103,2020-09-11 09:31:27.000,4456.8000,9267,0,134985600.000,0,-,-,-,-,4453.8000,4453.6000,4451.4000,4445.0000,4437.4000,4458.0000,4458.2000,4458.4000,4458.6000,4459.2000,1,1,1,5,1,1,1,2,3,3
SF,IF2103,2020-09-11 09:31:27.500,4456.8000,9267,0,134985600.000,0,-,-,-,-,4453.6000,4445.0000,4437.4000,4434.0000,4432.2000,4457.2000,4457.4000,4457.6000,4457.8000,4458.0000,1,5,1,1,1,1,1,1,1,1
SF,IF2103,2020-09-11 09:31:28.000,4456.8000,9267,0,134985600.000,0,-,-,-,-,4445.0000,4437.4000,4434.0000,4432.2000,4430.0000,4457.0000,4457.2000,4457.4000,4457.6000,4458.0000,5,1,1,1,4,1,1,1,2,2
SF,IF2103,2020-09-11 09:31:28.500,4456.8000,9267,0,134985600.000,0,-,-,-,-,4452.0000,4451.2000,4450.6000,4449.8000,4449.6000,4456.6000,4456.8000,4457.0000,4457.2000,4457.4000,1,1,1,1,1,1,2,1,2,1
SF,IF2103,2020-09-11 09:31:29.000,4456.8000,9267,0,134985600.000,0,-,-,-,-,4452.2000,4452.0000,4451.4000,4451.2000,4450.6000,4456.4000,4456.6000,4456.8000,4457.0000,4457.2000,1,1,1,1,1,2,1,2,1,1
SF,IF2103,2020-09-11 09:31:29.500,4456.8000,9267,0,136322640.000,1,0,1,多换,S,4452.2000,4452.0000,4451.2000,4450.6000,4450.2000,4456.0000,4456.2000,4456.4000,4456.6000,4456.8000,1,1,1,1,1,1,1,2,1,2
SF,IF2103,2020-09-11 09:31:30.000,4456.8000,9267,0,136322640.000,0,-,-,-,-,4455.4000,4452.2000,4452.0000,4451.2000,4450.6000,4455.8000,4456.0000,4456.2000,4456.6000,4456.8000,1,1,1,1,1,1,1,1,1,2
SF,IF2103,2020-09-11 09:31:30.500,4455.4000,9266,-1,137659260.000,1,0,1,双平,S,4452.2000,4452.0000,4451.2000,4450.6000,4449.8000,4455.4000,4456.0000,4456.8000,4457.2000,4459.2000,1,1,1,1,1,4,1,2,1,1
SF,IF2103,2020-09-11 09:31:31.000,4455.4000,9266,0,137659260.000,0,-,-,-,-,4452.2000,4452.0000,4451.2000,4450.6000,4449.8000,4455.4000,4456.0000,4461.6000,4463.0000,4470.0000,1,1,1,1,1,3,1,1,1,2
SF,IF2103,2020-09-11 09:31:31.500,4455.4000,9265,-1,140332500.000,2,0,2,多平,S,4454.0000,4453.6000,4452.8000,4452.2000,4452.0000,4461.6000,4463.0000,4470.0000,4482.2000,4495.0000,1,1,1,1,1,1,1,2,1,1
SF,IF2103,2020-09-11 09:31:32.000,4455.4000,9265,0,140332500.000,0,-,-,-,-,4454.2000,4454.0000,4453.6000,4452.8000,4452.2000,4458.6000,4459.2000,4459.8000,4461.4000,4461.6000,1,1,1,1,1,1,1,1,1,2
SF,IF2103,2020-09-11 09:31:32.500,4455.4000,9265,0,140332500.000,0,-,-,-,-,4454.8000,4454.2000,4454.0000,4453.6000,4451.2000,4457.8000,4458.4000,4458.6000,4459.2000,4459.8000,1,1,1,1,1,1,1,1,2,1
SF,IF2103,2020-09-11 09:31:33.000,4455.4000,9265,0,140332500.000,0,-,-,-,-,4455.0000,4454.8000,4454.2000,4454.0000,4453.6000,4457.6000,4459.2000,4461.6000,4463.0000,4470.0000,1,1,1,1,1,1,2,2,1,2
SF,IF2103,2020-09-11 09:31:33.500,4455.4000,9265,0,140332500.000,0,-,-,-,-,4455.0000,4454.8000,4454.0000,4453.6000,4451.2000,4459.2000,4461.6000,4463.0000,4470.0000,4482.2000,1,1,1,1,1,1,2,1,2,1
SF,IF2103,2020-09-11 09:31:34.000,4455.4000,9265,0,140332500.000,0,-,-,-,-,4455.0000,4454.8000,4454.0000,4453.6000,4451.2000,4458.6000,4459.0000,4459.2000,4461.6000,4463.0000,1,1,1,1,1,1,1,1,2,1
SF,IF2103,2020-09-11 09:31:34.500,4455.4000,9265,0,140332500.000,0,-,-,-,-,4455.0000,4454.0000,4453.6000,4451.2000,4448.4000,4458.4000,4458.6000,4459.2000,4461.6000,4463.0000,1,1,1,1,1,1,1,1,2,1
SF,IF2103,2020-09-11 09:31:35.000,4455.4000,9265,0,140332500.000,0,-,-,-,-,4455.0000,4454.0000,4453.6000,4451.2000,4448.4000,4457.4000,4458.2000,4458.4000,4458.6000,4459.2000,1,1,1,1,1,3,2,1,1,1
SF,IF2103,2020-09-11 09:31:35.500,4455.4000,9265,0,140332500.000,0,-,-,-,-,4455.0000,4454.0000,4453.6000,4451.2000,4448.4000,4457.2000,4457.4000,4458.0000,4458.2000,4458.6000,1,1,1,1,1,1,3,1,2,1
SF,IF2103,2020-09-11 09:31:36.000,4455.4000,9265,0,140332500.000,0,-,-,-,-,4455.2000,4454.0000,4453.6000,4451.2000,4448.4000,4457.4000,4458.0000,4458.2000,4458.6000,4459.2000,1,1,1,1,1,3,1,2,1,1
SF,IF2103,2020-09-11 09:31:36.500,4455.4000,9265,0,140332500.000,0,-,-,-,-,4455.2000,4455.0000,4454.0000,4453.6000,4451.2000,4457.4000,4458.0000,4458.2000,4461.6000,4463.0000,1,1,1,1,1,3,1,2,2,1
SF,IF2103,2020-09-11 09:31:37.000,4457.4000,9264,-1,141669720.000,1,0,1,双平,S,4455.2000,4454.0000,4453.6000,4451.2000,4448.4000,4457.4000,4458.0000,4458.2000,4461.6000,4463.0000,2,1,1,1,1,2,1,1,2,1
SF,IF2103,2020-09-11 09:31:37.500,4458.2000,9264,0,143007180.000,1,0,1,多换,S,4455.2000,4454.0000,4453.6000,4451.2000,4448.4000,4461.6000,4463.0000,4470.0000,4482.2000,4495.0000,2,1,1,1,1,2,1,2,1,1
SF,IF2103,2020-09-11 09:31:38.000,4458.2000,9264,0,143007180.000,0,-,-,-,-,4455.2000,4454.0000,4453.6000,4451.2000,4448.4000,4460.4000,4461.2000,4461.4000,4461.6000,4463.0000,2,1,1,1,1,1,1,1,2,1
SF,IF2103,2020-09-11 09:31:38.500,4460.2000,9263,-1,144345240.000,1,0,1,双平,S,4455.2000,4454.0000,4453.6000,4451.2000,4448.4000,4459.6000,4460.2000,4460.4000,4461.2000,4461.6000,1,1,1,1,1,1,1,1,1,2
SF,IF2103,2020-09-11 09:31:39.000,4460.2000,9262,-1,145683300.000,1,0,1,双平,S,4455.2000,4454.0000,4453.6000,4451.2000,4448.4000,4459.4000,4459.6000,4459.8000,4460.4000,4461.2000,1,1,1,1,1,1,3,2,2,1
SF,IF2103,2020-09-11 09:31:39.500,4460.2000,9262,0,145683300.000,0,-,-,-,-,4455.2000,4454.0000,4453.6000,4451.2000,4448.4000,4459.0000,4459.2000,4459.4000,4459.6000,4460.4000,1,1,1,1,1,2,3,1,1,1
SF,IF2103,2020-09-11 09:31:40.000,4460.2000,9261,-1,147021360.000,1,0,1,双平,S,4455.2000,4454.0000,4453.6000,4451.2000,4448.4000,4458.2000,4458.6000,4458.8000,4459.0000,4459.2000,1,1,1,1,1,1,1,1,3,2
SF,IF2103,2020-09-11 09:31:40.500,4459.4000,9262,1,149697000.000,2,1,1,空开,S,4455.2000,4454.0000,4453.6000,4451.2000,4448.4000,4458.0000,4458.6000,4459.0000,4459.2000,4459.4000,1,1,1,1,1,2,1,1,1,1
SF,IF2103,2020-09-11 09:31:41.000,4459.4000,9262,0,151034820.000,1,0,1,多换,S,4455.2000,4454.0000,4453.6000,4451.2000,4448.4000,4458.0000,4459.0000,4459.4000,4459.6000,4459.8000,1,1,1,1,1,1,1,1,1,1
SF,IF2103,2020-09-11 09:31:41.500,4458.0000,9261,-1,152372220.000,1,0,1,双平,S,4454.0000,4453.6000,4451.2000,4448.4000,4445.0000,4457.2000,4458.0000,4459.0000,4459.2000,4459.4000,1,1,1,1,5,1,1,1,1,1
SF,IF2103,2020-09-11 09:31:42.000,4457.2000,9261,0,153709380.000,1,0,1,多换,S,4454.8000,4454.0000,4453.6000,4451.2000,4448.4000,4457.8000,4458.6000,4459.2000,4459.4000,4459.6000,1,1,1,1,1,1,1,2,1,1
SF,IF2103,2020-09-11 09:31:42.500,4457.2000,9261,0,153709380.000,0,-,-,-,-,4455.0000,4454.8000,4454.0000,4453.6000,4451.2000,4456.2000,4458.6000,4459.0000,4459.2000,4459.4000,1,1,3,1,1,1,1,2,1,1
SF,IF2103,2020-09-11 09:31:43.000,4456.2000,9261,0,155046240.000,1,0,1,多换,S,4454.8000,4454.0000,4453.6000,4451.2000,4448.4000,4459.0000,4459.2000,4459.4000,4459.6000,4461.6000,3,1,1,1,1,1,1,1,3,2
SF,IF2103,2020-09-11 09:31:43.500,4456.2000,9261,0,155046240.000,0,-,-,-,-,4455.0000,4454.8000,4454.0000,4453.6000,4452.6000,4458.8000,4459.2000,4459.4000,4459.6000,4459.8000,2,2,1,1,1,1,1,1,3,1
SF,IF2103,2020-09-11 09:31:44.000,4456.2000,9261,0,155046240.000,0,-,-,-,-,4455.6000,4455.2000,4455.0000,4454.8000,4454.0000,4458.4000,4458.8000,4459.2000,4459.6000,4459.8000,1,1,2,1,1,2,1,1,4,1
SF,IF2103,2020-09-11 09:31:44.500,4456.2000,9261,0,155046240.000,0,-,-,-,-,4455.8000,4455.6000,4455.2000,4455.0000,4454.8000,4458.4000,4459.2000,4459.6000,4459.8000,4461.6000,2,1,1,1,1,2,1,3,1,2
SF,IF2103,2020-09-11 09:31:45.000,4455.8000,9260,-1,156382980.000,1,0,1,双平,S,4455.8000,4455.6000,4455.2000,4454.8000,4454.0000,4458.2000,4458.4000,4459.2000,4459.6000,4459.8000,1,2,1,1,1,1,2,1,3,1
SF,IF2103,2020-09-11 09:31:45.500,4455.8000,9260,0,156382980.000,0,-,-,-,-,4455.8000,4455.6000,4454.8000,4454.0000,4453.6000,4458.2000,4458.4000,4459.6000,4461.6000,4463.0000,1,2,1,1,1,1,2,3,2,1
SF,IF2103,2020-09-11 09:31:46.000,4455.8000,9260,0,156382980.000,0,-,-,-,-,4455.6000,4454.8000,4454.0000,4453.6000,4452.6000,4458.2000,4458.4000,4459.6000,4459.8000,4461.6000,1,1,1,1,1,1,2,1,1,2
SF,IF2103,2020-09-11 09:31:46.500,4455.8000,9260,0,156382980.000,0,-,-,-,-,4455.6000,4454.8000,4454.0000,4453.6000,4452.6000,4458.2000,4459.6000,4459.8000,4461.6000,4463.0000,1,1,1,1,1,1,1,1,2,1
SF,IF2103,2020-09-11 09:31:47.000,4455.6000,9260,0,157719660.000,1,0,1,多换,S,4454.8000,4454.0000,4453.6000,4452.6000,4451.2000,4457.8000,4458.2000,4459.6000,4459.8000,4461.6000,1,1,1,1,1,1,1,1,1,2
SF,IF2103,2020-09-11 09:31:47.500,4455.6000,9260,0,157719660.000,0,-,-,-,-,4454.8000,4454.0000,4453.6000,4452.6000,4451.2000,4457.6000,4457.8000,4459.6000,4459.8000,4461.6000,1,1,1,1,1,2,2,1,1,2
SF,IF2103,2020-09-11 09:31:48.000,4455.6000,9260,0,157719660.000,0,-,-,-,-,4454.8000,4454.0000,4453.6000,4452.6000,4451.2000,4457.6000,4457.8000,4459.2000,4459.8000,4461.6000,1,1,1,1,1,2,2,1,1,2
SF,IF2103,2020-09-11 09:31:48.500,4457.4000,9259,-1,159056880.000,1,0,1,双平,S,4454.8000,4454.0000,4453.6000,4451.2000,4448.4000,4457.4000,4457.6000,4457.8000,4458.6000,4459.2000,2,1,1,1,1,1,2,1,2,1
SF,IF2103,2020-09-11 09:31:49.000,4457.4000,9259,0,159056880.000,0,-,-,-,-,4454.8000,4454.0000,4453.6000,4451.2000,4448.4000,4457.2000,4457.4000,4457.6000,4457.8000,4458.6000,2,1,1,1,1,1,1,1,1,2
SF,IF2103,2020-09-11 09:31:49.500,4454.8000,9258,-1,160393320.000,1,0,1,双平,S,4453.6000,4451.2000,4448.4000,4445.0000,4437.4000,4457.2000,4457.4000,4459.2000,4459.8000,4461.6000,1,1,1,5,1,2,1,1,1,2
SF,IF2103,2020-09-11 09:31:50.000,4454.8000,9258,0,160393320.000,0,-,-,-,-,4453.8000,4453.6000,4451.2000,4448.4000,4445.0000,4456.8000,4457.0000,4457.2000,4457.4000,4459.2000,1,1,1,1,5,2,1,2,1,1
SF,IF2103,2020-09-11 09:31:50.500,4456.6000,9257,-1,161730300.000,1,0,1,双平,S,4454.0000,4453.8000,4453.6000,4451.2000,4448.4000,4456.6000,4456.8000,4457.0000,4457.4000,4459.2000,1,1,2,1,1,1,2,1,1,1
SF,IF2103,2020-09-11 09:31:51.000,4456.6000,9257,0,161730300.000,0,-,-,-,-,4454.2000,4453.8000,4453.6000,4451.2000,4448.4000,4456.6000,4457.4000,4459.2000,4459.8000,4461.6000,1,1,1,1,1,1,1,1,1,2
SF,IF2103,2020-09-11 09:31:51.500,4456.6000,9257,0,161730300.000,0,-,-,-,-,4454.6000,4454.2000,4453.8000,4453.6000,4451.2000,4456.6000,4457.4000,4459.2000,4459.8000,4461.6000,1,1,1,1,1,1,1,1,1,2
SF,IF2103,2020-09-11 09:31:52.000,4456.6000,9257,0,161730300.000,0,-,-,-,-,4454.2000,4453.6000,4451.2000,4448.4000,4445.0000,4456.6000,4457.4000,4459.2000,4459.8000,4461.6000,2,1,1,1,5,1,1,1,1,2
SF,IF2103,2020-09-11 09:31:53.000,4456.6000,9257,0,161730300.000,0,-,-,-,-,4454.2000,4453.6000,4451.2000,4448.4000,4445.0000,4456.6000,4459.2000,4459.8000,4461.6000,4463.0000,1,1,1,1,5,1,1,1,2,1
SF,IF2103,2020-09-11 09:31:53.500,4456.6000,9257,0,161730300.000,0,-,-,-,-,4454.4000,4454.2000,4453.6000,4451.2000,4448.4000,4456.4000,4459.2000,4459.8000,4461.6000,4463.0000,1,1,1,1,1,1,1,1,2,1
SF,IF2103,2020-09-11 09:31:54.000,4456.6000,9257,0,161730300.000,0,-,-,-,-,4454.6000,4454.4000,4453.6000,4451.2000,4448.4000,4456.4000,4459.2000,4461.6000,4463.0000,4470.0000,1,1,1,1,1,1,1,2,1,2
SF,IF2103,2020-09-11 09:31:54.500,4456.6000,9257,0,161730300.000,0,-,-,-,-,4454.6000,4454.4000,4453.6000,4451.2000,4448.4000,4456.4000,4458.0000,4459.2000,4461.6000,4463.0000,1,1,1,1,1,1,1,1,2,1
SF,IF2103,2020-09-11 09:31:55.000,4456.6000,9257,0,161730300.000,0,-,-,-,-,4453.6000,4451.2000,4448.4000,4445.0000,4437.4000,4456.4000,4458.0000,4459.2000,4461.6000,4463.0000,1,1,1,5,1,1,1,1,1,1
SF,IF2103,2020-09-11 09:31:55.500,4456.6000,9257,0,161730300.000,0,-,-,-,-,4454.0000,4453.8000,4453.6000,4451.2000,4448.4000,4456.4000,4458.0000,4459.2000,4461.6000,4463.0000,1,1,1,1,1,1,1,1,1,1
SF,IF2103,2020-09-11 09:31:56.000,4456.6000,9257,0,161730300.000,0,-,-,-,-,4454.2000,4454.0000,4453.6000,4451.2000,4448.4000,4456.4000,4457.8000,4458.0000,4459.2000,4461.6000,1,1,2,1,1,1,1,1,1,1
SF,IF2103,2020-09-11 09:31:56.500,4456.6000,9257,0,161730300.000,0,-,-,-,-,4454.2000,4454.0000,4453.6000,4451.2000,4448.4000,4456.2000,4456.4000,4457.8000,4459.2000,4461.6000,1,2,1,1,1,1,1,1,1,1
SF,IF2103,2020-09-11 09:31:57.000,4456.2000,9257,0,163067160.000,1,0,1,多换,S,4454.2000,4454.0000,4453.6000,4451.2000,4448.4000,4456.4000,4457.8000,4459.2000,4461.6000,4463.0000,2,1,1,1,1,1,1,1,1,1
SF,IF2103,2020-09-11 09:31:57.500,4456.2000,9257,0,163067160.000,0,-,-,-,-,4454.2000,4454.0000,4453.6000,4451.2000,4448.4000,4456.4000,4457.8000,4461.6000,4463.0000,4470.0000,2,1,1,1,1,1,1,1,1,2
SF,IF2103,2020-09-11 09:31:58.000,4456.2000,9257,0,163067160.000,0,-,-,-,-,4454.6000,4454.2000,4454.0000,4453.6000,4451.2000,4456.4000,4457.8000,4459.4000,4463.0000,4470.0000,2,2,1,1,1,1,1,1,1,2
SF,IF2103,2020-09-11 09:31:58.500,4456.2000,9257,0,163067160.000,0,-,-,-,-,4454.8000,4454.6000,4454.2000,4454.0000,4453.6000,4456.4000,4457.8000,4459.4000,4463.0000,4470.0000,1,2,1,1,1,1,1,1,1,2
SF,IF2103,2020-09-11 09:31:59.000,4456.2000,9257,0,163067160.000,0,-,-,-,-,4454.8000,4454.6000,4454.0000,4453.6000,4451.2000,4456.4000,4457.8000,4459.4000,4463.0000,4470.0000,2,2,1,1,1,1,1,1,1,2
SF,IF2103,2020-09-11 09:31:59.500,4456.4000,9257,0,164404080.000,1,0,1,多换,S,4454.8000,4454.0000,4453.6000,4451.2000,4448.4000,4457.8000,4459.4000,4463.0000,4470.0000,4482.2000,1,1,1,1,1,1,1,1,2,1
SF,IF2103,2020-09-11 09:32:00.000,4457.6000,9256,-1,165741360.000,1,0,1,双平,S,4455.0000,4454.8000,4454.0000,4453.6000,4451.2000,4457.8000,4459.4000,4463.0000,4470.0000,4482.2000,1,1,1,1,1,1,1,1,2,1
SF,IF2103,2020-09-11 09:32:00.500,4455.2000,9256,0,167077920.000,1,0,1,多换,S,4455.0000,4454.0000,4453.6000,4451.2000,4448.4000,4457.8000,4459.4000,4463.0000,4470.0000,4482.2000,1,1,1,1,1,1,1,1,2,1
SF,IF2103,2020-09-11 09:32:01.000,4457.8000,9255,-1,168415260.000,1,0,1,双平,S,4456.4000,4455.2000,4455.0000,4454.0000,4453.6000,4459.4000,4463.0000,4470.0000,4482.2000,4495.0000,1,2,1,1,1,1,1,2,1,1
SF,IF2103,2020-09-11 09:32:01.500,4457.8000,9255,0,168415260.000,0,-,-,-,-,4456.6000,4454.0000,4453.6000,4445.0000,4444.0000,4459.2000,4459.4000,4463.0000,4470.0000,4482.2000,1,1,1,5,1,1,1,1,2,1
SF,IF2103,2020-09-11 09:32:02.000,4463.0000,9254,-1,169754160.000,1,0,1,双平,S,4456.6000,4456.4000,4454.0000,4453.6000,4445.0000,4470.0000,4482.2000,4495.0000,4496.6000,4501.8000,1,1,1,1,5,2,1,1,1,12
SF,IF2103,2020-09-11 09:32:02.500,4463.0000,9254,0,169754160.000,0,-,-,-,-,4457.4000,4456.6000,4454.0000,4445.0000,4444.0000,4461.6000,4462.0000,4462.2000,4463.2000,4466.6000,1,2,1,5,1,2,1,2,1,1
SF,IF2103,2020-09-11 09:32:03.000,4463.0000,9253,-1,171093060.000,1,0,1,双平,S,4457.6000,4457.4000,4456.6000,4445.0000,4444.0000,4460.8000,4461.2000,4461.6000,4461.8000,4462.2000,1,1,2,5,1,1,1,2,1,2
SF,IF2103,2020-09-11 09:32:03.500,4463.0000,9253,0,172431960.000,1,0,1,多换,S,4457.6000,4457.4000,4445.0000,4444.0000,4437.4000,4460.8000,4461.2000,4461.8000,4462.2000,4462.8000,1,2,5,1,1,1,1,1,1,1
SF,IF2103,2020-09-11 09:32:04.000,4463.0000,9253,0,172431960.000,0,-,-,-,-,4457.6000,4457.4000,4445.0000,4444.0000,4437.4000,4459.8000,4460.8000,4461.2000,4462.8000,4463.2000,2,1,5,1,1,1,1,1,1,1
SF,IF2103,2020-09-11 09:32:04.500,4459.8000,9253,0,173769900.000,1,0,1,多换,S,4458.4000,4457.6000,4457.4000,4455.0000,4445.0000,4460.0000,4462.8000,4463.2000,4465.6000,4470.0000,1,1,1,1,5,1,1,1,1,2
SF,IF2103,2020-09-11 09:32:05.000,4459.8000,9253,0,173769900.000,0,-,-,-,-,4458.6000,4457.6000,4457.4000,4455.0000,4445.0000,4462.8000,4463.2000,4465.6000,4470.0000,4482.2000,1,1,1,1,5,2,1,1,2,1
SF,IF2103,2020-09-11 09:32:05.500,4458.6000,9252,-1,175107480.000,1,0,1,双平,S,4457.6000,4457.4000,4455.0000,4445.0000,4444.0000,4462.2000,4462.6000,4462.8000,4463.2000,4465.6000,1,1,1,5,1,1,1,3,1,1
SF,IF2103,2020-09-11 09:32:06.000,4462.0000,9251,-1,176446080.000,1,0,1,双平,S,4458.6000,4457.8000,4457.4000,4455.0000,4445.0000,4462.2000,4462.8000,4463.2000,4465.6000,4470.0000,1,1,1,1,5,1,3,1,1,2
SF,IF2103,2020-09-11 09:32:06.500,4462.0000,9251,0,176446080.000,0,-,-,-,-,4458.8000,4458.6000,4458.0000,4457.4000,4455.0000,4461.8000,4462.0000,4462.2000,4462.8000,4463.2000,1,1,1,1,1,1,2,1,2,1
SF,IF2103,2020-09-11 09:32:07.000,4462.0000,9250,-1,177784680.000,1,0,1,双平,S,4458.8000,4458.6000,4457.4000,4445.0000,4444.0000,4462.2000,4462.8000,4463.2000,4465.6000,4470.0000,1,1,1,5,1,1,1,1,1,2
SF,IF2103,2020-09-11 09:32:07.500,4462.0000,9250,0,177784680.000,0,-,-,-,-,4459.2000,4458.8000,4457.4000,4445.0000,4444.0000,4465.6000,4470.0000,4472.8000,4482.2000,4495.0000,1,2,1,5,1,1,2,1,1,1
SF,IF2103,2020-09-11 09:32:08.000,4462.0000,9250,0,177784680.000,0,-,-,-,-,4459.4000,4458.8000,4457.4000,4445.0000,4444.0000,4462.4000,4462.8000,4465.0000,4465.2000,4465.4000,2,1,1,5,1,2,1,3,1,1
SF,IF2103,2020-09-11 09:32:08.500,4462.0000,9250,0,177784680.000,0,-,-,-,-,4459.8000,4459.6000,4459.4000,4457.4000,4445.0000,4462.4000,4462.8000,4465.0000,4465.2000,4465.4000,1,1,1,1,5,2,1,3,1,1
SF,IF2103,2020-09-11 09:32:09.000,4462.0000,9250,0,177784680.000,0,-,-,-,-,4460.0000,4459.8000,4457.4000,4445.0000,4444.0000,4462.2000,4462.4000,4462.8000,4465.0000,4465.2000,1,1,1,5,1,1,2,1,3,1
SF,IF2103,2020-09-11 09:32:09.500,4462.0000,9249,-1,179123280.000,1,0,1,双平,S,4459.8000,4457.4000,4445.0000,4444.0000,4443.0000,4462.2000,4465.6000,4465.8000,4466.2000,4466.6000,2,1,5,1,1,1,1,2,1,1
SF,IF2103,2020-09-11 09:32:10.000,4462.0000,9249,0,179123280.000,0,-,-,-,-,4459.8000,4457.4000,4445.0000,4444.0000,4443.0000,4462.2000,4465.6000,4465.8000,4466.2000,4466.6000,1,1,5,1,1,1,1,2,1,1
SF,IF2103,2020-09-11 09:32:10.500,4462.0000,9249,0,179123280.000,0,-,-,-,-,4457.4000,4445.0000,4444.0000,4443.0000,4437.4000,4461.4000,4462.2000,4465.6000,4465.8000,4466.2000,1,5,1,1,1,1,1,1,2,1
SF,IF2103,2020-09-11 09:32:11.000,4462.0000,9249,0,179123280.000,0,-,-,-,-,4457.4000,4445.0000,4444.0000,4443.0000,4437.4000,4461.2000,4461.4000,4465.6000,4465.8000,4466.2000,1,5,1,1,1,1,1,1,2,1
SF,IF2103,2020-09-11 09:32:11.500,4462.0000,9249,0,179123280.000,0,-,-,-,-,4457.8000,4457.6000,4457.4000,4445.0000,4444.0000,4461.2000,4461.4000,4465.6000,4465.8000,4466.2000,1,1,1,5,1,1,1,1,2,1
SF,IF2103,2020-09-11 09:32:12.000,4462.0000,9249,0,179123280.000,0,-,-,-,-,4458.0000,4457.4000,4445.0000,4444.0000,4443.0000,4460.4000,4461.0000,4461.4000,4465.6000,4465.8000,1,2,5,1,1,1,1,1,1,2
SF,IF2103,2020-09-11 09:32:12.500,4462.0000,9249,0,179123280.000,0,-,-,-,-,4458.0000,4457.8000,4457.4000,4445.0000,4444.0000,4460.2000,4460.4000,4461.0000,4461.4000,4462.8000,1,2,1,5,1,1,1,1,1,1
SF,IF2103,2020-09-11 09:32:13.000,4462.0000,9249,0,179123280.000,0,-,-,-,-,4458.0000,4457.8000,4457.4000,4445.0000,4444.0000,4460.2000,4461.4000,4462.8000,4465.6000,4465.8000,2,1,1,5,1,1,1,1,1,2
SF,IF2103,2020-09-11 09:32:13.500,4462.0000,9249,0,179123280.000,0,-,-,-,-,4458.0000,4457.8000,4457.4000,4445.0000,4444.0000,4460.2000,4461.4000,4462.8000,4466.6000,4466.8000,2,1,1,5,1,1,1,1,1,1
SF,IF2103,2020-09-11 09:32:14.000,4462.0000,9249,0,179123280.000,0,-,-,-,-,4458.2000,4458.0000,4457.4000,4445.0000,4444.0000,4460.2000,4461.4000,4462.8000,4466.6000,4466.8000,1,1,1,5,1,1,1,1,1,1
SF,IF2103,2020-09-11 09:32:14.500,4462.0000,9249,0,179123280.000,0,-,-,-,-,4458.2000,4457.4000,4445.0000,4444.0000,4443.0000,4460.0000,4460.2000,4461.4000,4462.8000,4466.6000,1,1,5,1,1,1,1,1,1,1
SF,IF2103,2020-09-11 09:32:15.000,4458.2000,9248,-1,180460740.000,1,0,1,双平,S,4457.4000,4445.0000,4444.0000,4443.0000,4437.4000,4459.8000,4460.0000,4460.2000,4461.4000,4462.8000,1,5,1,1,1,3,1,1,1,1
SF,IF2103,2020-09-11 09:32:15.500,4457.4000,9247,-1,181797960.000,1,0,1,双平,S,4445.0000,4444.0000,4443.0000,4437.4000,4434.0000,4459.6000,4460.2000,4461.4000,4466.6000,4466.8000,5,1,1,1,1,1,1,1,1,1
SF,IF2103,2020-09-11 09:32:16.000,4457.4000,9246,-1,183135180.000,1,0,1,双平,S,4454.0000,4452.0000,4451.4000,4451.2000,4450.8000,4459.6000,4460.2000,4461.4000,4466.6000,4466.8000,1,2,1,1,3,1,1,1,1,1
SF,IF2103,2020-09-11 09:32:16.500,4457.4000,9246,0,183135180.000,0,-,-,-,-,4456.4000,4455.8000,4454.2000,4454.0000,4452.0000,4459.6000,4460.2000,4461.4000,4466.6000,4466.8000,1,1,1,1,2,1,1,1,1,1
SF,IF2103,2020-09-11 09:32:17.000,4457.4000,9246,0,183135180.000,0,-,-,-,-,4456.4000,4454.2000,4454.0000,4452.4000,4452.0000,4459.2000,4459.6000,4460.2000,4461.4000,4466.6000,1,1,1,1,2,1,2,1,1,1
SF,IF2103,2020-09-11 09:32:17.500,4457.4000,9246,0,183135180.000,0,-,-,-,-,4456.4000,4454.2000,4454.0000,4452.4000,4452.0000,4459.0000,4459.6000,4460.2000,4461.4000,4466.6000,2,1,1,1,2,1,1,1,1,1
SF,IF2103,2020-09-11 09:32:18.000,4457.4000,9246,0,183135180.000,0,-,-,-,-,4456.4000,4454.2000,4454.0000,4452.4000,4452.0000,4459.0000,4459.2000,4460.2000,4461.4000,4466.6000,1,1,1,1,2,1,1,1,1,1
SF,IF2103,2020-09-11 09:32:18.500,4457.4000,9246,0,183135180.000,0,-,-,-,-,4454.2000,4454.0000,4452.4000,4452.0000,4445.0000,4459.0000,4461.4000,4466.6000,4466.8000,4470.0000,1,1,1,2,5,2,1,1,1,3
SF,IF2103,2020-09-11 09:32:19.500,4457.4000,9246,0,183135180.000,0,-,-,-,-,4455.0000,4454.2000,4454.0000,4452.0000,4445.0000,4459.0000,4461.4000,4466.6000,4466.8000,4470.0000,2,1,1,2,5,2,1,1,1,3
SF,IF2103,2020-09-11 09:32:20.000,4457.4000,9246,0,183135180.000,0,-,-,-,-,4455.2000,4455.0000,4454.0000,4452.0000,4445.0000,4459.0000,4461.4000,4466.6000,4466.8000,4470.0000,1,1,1,2,5,2,1,1,1,3
SF,IF2103,2020-09-11 09:32:20.500,4457.4000,9246,0,183135180.000,0,-,-,-,-,4455.2000,4455.0000,4454.0000,4452.0000,4445.0000,4459.0000,4461.0000,4461.4000,4466.6000,4466.8000,1,1,1,2,5,1,1,1,1,1
SF,IF2103,2020-09-11 09:32:21.000,4457.4000,9246,0,183135180.000,0,-,-,-,-,4455.2000,4455.0000,4454.0000,4452.0000,4445.0000,4459.0000,4461.0000,4461.4000,4466.6000,4466.8000,1,1,1,2,5,1,1,1,1,1
SF,IF2103,2020-09-11 09:32:21.500,4457.4000,9246,0,183135180.000,0,-,-,-,-,4455.2000,4455.0000,4454.0000,4452.0000,4445.0000,4459.0000,4461.0000,4461.4000,4466.6000,4466.8000,1,1,1,1,5,2,1,1,1,1
SF,IF2103,2020-09-11 09:32:22.000,4457.4000,9246,0,183135180.000,0,-,-,-,-,4455.0000,4454.0000,4445.0000,4444.0000,4443.0000,4458.6000,4459.0000,4461.0000,4461.4000,4466.6000,1,1,5,1,1,1,2,1,1,1
SF,IF2103,2020-09-11 09:32:22.500,4457.4000,9246,0,183135180.000,0,-,-,-,-,4455.0000,4454.0000,4445.0000,4444.0000,4443.0000,4458.2000,4458.4000,4458.6000,4459.0000,4461.0000,1,1,5,1,1,1,1,2,1,1
SF,IF2103,2020-09-11 09:32:23.000,4457.4000,9246,0,183135180.000,0,-,-,-,-,4455.0000,4454.0000,4445.0000,4444.0000,4443.0000,4458.0000,4458.6000,4461.0000,4461.4000,4466.6000,1,1,5,1,1,1,2,1,1,1
SF,IF2103,2020-09-11 09:32:23.500,4455.0000,9246,0,185808240.000,2,1,1,多换,S,4454.0000,4445.0000,4444.0000,4443.0000,4437.4000,4458.0000,4458.6000,4461.0000,4461.4000,4461.6000,1,5,1,1,1,1,2,1,1,1
SF,IF2103,2020-09-11 09:32:24.000,4455.0000,9246,0,185808240.000,0,-,-,-,-,4454.2000,4454.0000,4445.0000,4444.0000,4443.0000,4458.0000,4458.6000,4459.4000,4461.0000,4461.4000,1,1,5,1,1,2,2,1,1,1
SF,IF2103,2020-09-11 09:32:24.500,4454.4000,9245,-1,187144560.000,1,0,1,双平,S,4454.4000,4454.2000,4454.0000,4445.0000,4444.0000,4458.0000,4458.6000,4459.4000,4461.0000,4461.4000,1,1,1,5,1,1,1,1,1,1
SF,IF2103,2020-09-11 09:32:25.000,4454.4000,9245,0,187144560.000,0,-,-,-,-,4454.6000,4454.2000,4454.0000,4445.0000,4444.0000,4457.0000,4457.4000,4457.8000,4458.6000,4459.4000,1,1,1,5,1,2,1,1,1,1
SF,IF2103,2020-09-11 09:32:25.500,4455.0000,9246,1,189817560.000,2,1,1,空开,S,4454.6000,4454.4000,4454.0000,4445.0000,4444.0000,4455.0000,4457.0000,4457.4000,4457.8000,4458.6000,2,1,2,5,1,1,2,1,1,1
SF,IF2103,2020-09-11 09:32:26.000,4455.0000,9245,-1,192490560.000,2,0,2,多平,S,4454.6000,4454.0000,4445.0000,4444.0000,4443.0000,4457.0000,4457.4000,4457.8000,4461.0000,4461.4000,2,2,5,1,1,2,1,1,1,1
SF,IF2103,2020-09-11 09:32:26.500,4456.8000,9244,-1,193827600.000,1,0,1,双平,S,4454.6000,4454.0000,4445.0000,4444.0000,4443.0000,4457.0000,4457.4000,4457.8000,4461.4000,4461.6000,1,2,5,1,1,2,1,1,1,1
SF,IF2103,2020-09-11 09:32:27.000,4456.8000,9244,0,193827600.000,0,-,-,-,-,4454.8000,4454.0000,4445.0000,4444.0000,4443.0000,4457.0000,4457.4000,4457.8000,4461.4000,4461.6000,2,2,5,1,1,2,1,1,1,1
SF,IF2103,2020-09-11 09:32:27.500,4454.8000,9243,-1,195164040.000,1,0,1,双平,S,4454.0000,4445.0000,4444.0000,4443.0000,4437.4000,4456.8000,4457.0000,4457.4000,4457.8000,4461.4000,2,5,1,1,1,1,2,1,1,1
SF,IF2103,2020-09-11 09:32:28.000,4454.8000,9243,0,195164040.000,0,-,-,-,-,4454.0000,4445.0000,4444.0000,4443.0000,4437.4000,4456.8000,4457.0000,4457.4000,4457.8000,4461.4000,2,5,1,1,1,2,2,1,1,1
SF,IF2103,2020-09-11 09:32:28.500,4454.0000,9241,-2,197836440.000,2,0,2,双平,S,4445.0000,4444.0000,4443.0000,4437.4000,4434.0000,4456.8000,4457.0000,4457.4000,4457.8000,4461.4000,5,1,1,1,1,1,2,1,1,1
SF,IF2103,2020-09-11 09:32:29.000,4454.0000,9241,0,197836440.000,0,-,-,-,-,4451.2000,4450.6000,4449.8000,4449.6000,4449.2000,4456.8000,4461.4000,4461.6000,4466.0000,4470.0000,1,1,1,2,1,1,1,1,1,2
SF,IF2103,2020-09-11 09:32:29.500,4454.0000,9241,0,197836440.000,0,-,-,-,-,4452.2000,4452.0000,4451.4000,4451.2000,4450.6000,4456.8000,4461.4000,4461.6000,4466.0000,4470.0000,1,1,2,1,1,1,1,1,1,2
SF,IF2103,2020-09-11 09:32:30.000,4454.0000,9241,0,197836440.000,0,-,-,-,-,4452.8000,4452.4000,4452.2000,4452.0000,4451.4000,4459.4000,4461.4000,4461.6000,4466.0000,4470.0000,1,1,1,1,1,1,1,1,1,2
SF,IF2103,2020-09-11 09:32:30.500,4454.0000,9241,0,197836440.000,0,-,-,-,-,4453.4000,4453.0000,4452.8000,4452.2000,4452.0000,4459.2000,4459.4000,4461.2000,4461.4000,4461.6000,1,1,1,1,1,2,1,1,1,1
SF,IF2103,2020-09-11 09:32:31.000,4454.0000,9241,0,197836440.000,0,-,-,-,-,4454.6000,4453.6000,4453.4000,4452.2000,4452.0000,4459.2000,4461.2000,4461.4000,4461.6000,4466.0000,1,1,1,1,1,2,1,1,1,1
SF,IF2103,2020-09-11 09:32:31.500,4454.0000,9241,0,197836440.000,0,-,-,-,-,4454.6000,4453.4000,4452.2000,4452.0000,4451.4000,4459.2000,4461.2000,4461.4000,4461.6000,4466.0000,1,1,1,1,1,2,1,1,1,1
SF,IF2103,2020-09-11 09:32:32.000,4454.0000,9241,0,197836440.000,0,-,-,-,-,4455.2000,4454.6000,4453.4000,4452.2000,4452.0000,4459.2000,4461.2000,4461.4000,4461.6000,4466.0000,1,1,1,1,1,2,1,1,1,1
SF,IF2103,2020-09-11 09:32:32.500,4454.0000,9241,0,197836440.000,0,-,-,-,-,4453.4000,4452.0000,4451.4000,4451.2000,4450.6000,4458.8000,4459.2000,4461.2000,4461.4000,4461.6000,1,1,1,1,1,1,2,1,1,1
SF,IF2103,2020-09-11 09:32:33.000,4454.0000,9241,0,197836440.000,0,-,-,-,-,4455.2000,4453.6000,4452.0000,4451.4000,4451.2000,4458.6000,4458.8000,4459.2000,4461.2000,4461.4000,1,2,1,1,1,1,1,1,1,1
SF,IF2103,2020-09-11 09:32:33.500,4454.0000,9241,0,197836440.000,0,-,-,-,-,4453.8000,4453.6000,4451.2000,4450.6000,4449.8000,4458.4000,4458.6000,4458.8000,4459.2000,4461.2000,1,2,1,1,1,1,1,1,1,1
SF,IF2103,2020-09-11 09:32:34.000,4454.0000,9241,0,197836440.000,0,-,-,-,-,4454.0000,4453.8000,4452.0000,4451.2000,4450.6000,4458.2000,4459.2000,4461.2000,4461.4000,4461.6000,2,1,1,1,1,1,1,1,1,1
SF,IF2103,2020-09-11 09:32:34.500,4454.0000,9241,0,197836440.000,0,-,-,-,-,4454.2000,4454.0000,4453.8000,4452.0000,4451.2000,4458.2000,4459.2000,4461.2000,4461.4000,4466.0000,1,2,2,1,1,1,1,1,1,1
SF,IF2103,2020-09-11 09:32:35.000,4454.0000,9241,0,197836440.000,0,-,-,-,-,4454.4000,4454.2000,4454.0000,4453.8000,4452.0000,4458.2000,4459.2000,4461.2000,4461.4000,4466.0000,1,1,1,1,1,1,1,1,1,1
SF,IF2103,2020-09-11 09:32:35.500,4454.0000,9241,0,197836440.000,0,-,-,-,-,4456.4000,4454.6000,4454.4000,4454.2000,4453.8000,4458.2000,4459.2000,4461.2000,4461.4000,4466.0000,1,1,1,2,1,1,1,1,1,1
SF,IF2103,2020-09-11 09:32:36.000,4454.0000,9241,0,197836440.000,0,-,-,-,-,4456.4000,4454.8000,4454.6000,4454.4000,4454.2000,4458.2000,4459.2000,4461.2000,4461.4000,4466.0000,1,1,1,1,1,1,1,1,1,1
SF,IF2103,2020-09-11 09:32:36.500,4454.0000,9241,0,197836440.000,0,-,-,-,-,4454.8000,4454.6000,4454.4000,4454.2000,4452.0000,4458.2000,4459.2000,4461.2000,4461.4000,4466.0000,1,2,1,1,1,2,1,1,1,1
SF,IF2103,2020-09-11 09:32:37.000,4454.0000,9241,0,197836440.000,0,-,-,-,-,4456.4000,4455.0000,4454.8000,4454.6000,4454.2000,4458.2000,4459.2000,4461.2000,4461.4000,4466.0000,1,1,1,2,1,2,1,1,1,1
SF,IF2103,2020-09-11 09:32:37.500,4454.0000,9241,0,197836440.000,0,-,-,-,-,4456.4000,4455.0000,4454.8000,4454.6000,4454.2000,4458.2000,4459.2000,4461.2000,4461.4000,4466.0000,1,1,1,2,1,1,1,1,1,1
SF,IF2103,2020-09-11 09:32:38.000,4454.0000,9241,0,197836440.000,0,-,-,-,-,4454.8000,4454.6000,4454.2000,4452.0000,4450.6000,4458.2000,4459.2000,4461.2000,4461.4000,4466.0000,1,2,1,1,1,1,1,1,1,1
SF,IF2103,2020-09-11 09:32:38.500,4454.0000,9241,0,197836440.000,0,-,-,-,-,4456.4000,4455.0000,4454.8000,4454.6000,4452.0000,4458.2000,4459.2000,4461.2000,4461.4000,4466.0000,2,1,1,2,1,1,1,1,1,1
SF,IF2103,2020-09-11 09:32:39.000,4454.0000,9241,0,197836440.000,0,-,-,-,-,4454.8000,4454.6000,4452.0000,4450.6000,4445.4000,4458.2000,4459.2000,4461.2000,4461.4000,4466.0000,1,2,1,1,3,1,1,1,1,1
SF,IF2103,2020-09-11 09:32:39.500,4454.0000,9241,0,197836440.000,0,-,-,-,-,4455.0000,4454.8000,4454.6000,4452.0000,4450.6000,4458.2000,4459.2000,4461.2000,4461.4000,4466.0000,1,1,2,1,1,2,1,1,1,1
SF,IF2103,2020-09-11 09:32:40.000,4454.4000,9240,-1,199172760.000,1,0,1,双平,S,4454.8000,4454.6000,4452.0000,4450.6000,4445.4000,4458.2000,4459.2000,4461.2000,4461.4000,4461.6000,1,2,1,1,3,2,1,1,1,1
SF,IF2103,2020-09-11 09:32:40.500,4454.4000,9240,0,199172760.000,0,-,-,-,-,4454.8000,4454.6000,4452.0000,4450.6000,4445.4000,4458.2000,4459.2000,4461.2000,4461.4000,4461.6000,1,2,1,1,3,2,1,1,1,1
SF,IF2103,2020-09-11 09:32:41.000,4454.4000,9240,0,199172760.000,0,-,-,-,-,4454.6000,4452.0000,4450.6000,4445.4000,4445.0000,4458.2000,4459.2000,4461.2000,4461.4000,4461.6000,1,1,1,3,5,1,1,1,1,1
SF,IF2103,2020-09-11 09:32:41.500,4454.4000,9240,0,199172760.000,0,-,-,-,-,4455.2000,4454.6000,4452.0000,4450.6000,4445.4000,4458.2000,4459.2000,4461.2000,4461.4000,4461.6000,1,1,1,1,3,1,1,1,1,1
SF,IF2103,2020-09-11 09:32:42.000,4454.4000,9240,0,199172760.000,0,-,-,-,-,4455.2000,4454.6000,4452.0000,4450.6000,4445.4000,4458.2000,4459.2000,4461.2000,4461.4000,4461.6000,1,1,1,1,3,1,1,1,1,1
SF,IF2103,2020-09-11 09:32:43.500,4454.4000,9240,0,199172760.000,0,-,-,-,-,4456.4000,4455.2000,4452.0000,4450.6000,4445.4000,4458.2000,4459.2000,4461.2000,4461.4000,4461.6000,1,1,1,1,3,1,1,1,1,1
SF,IF2103,2020-09-11 09:32:44.000,4454.4000,9240,0,199172760.000,0,-,-,-,-,4452.0000,4450.6000,4445.4000,4445.0000,4444.0000,4459.2000,4461.2000,4461.4000,4461.6000,4466.0000,1,1,3,5,1,1,1,1,1,1
SF,IF2103,2020-09-11 09:32:44.500,4454.4000,9240,0,199172760.000,0,-,-,-,-,4452.2000,4452.0000,4450.6000,4445.4000,4445.0000,4457.8000,4458.2000,4459.0000,4461.2000,4461.4000,1,1,1,3,5,3,1,1,1,1
SF,IF2103,2020-09-11 09:32:45.000,4454.4000,9240,0,199172760.000,0,-,-,-,-,4453.4000,4452.2000,4450.6000,4445.4000,4445.0000,4457.6000,4458.2000,4461.2000,4461.4000,4461.6000,1,1,1,3,5,1,1,1,1,1
SF,IF2103,2020-09-11 09:32:45.500,4454.4000,9240,0,199172760.000,0,-,-,-,-,4453.4000,4452.2000,4450.6000,4445.4000,4445.0000,4457.6000,4461.2000,4461.4000,4461.6000,4466.0000,1,1,1,3,5,2,1,1,1,1
SF,IF2103,2020-09-11 09:32:46.000,4454.4000,9240,0,199172760.000,0,-,-,-,-,4453.6000,4450.6000,4445.4000,4445.0000,4444.0000,4457.4000,4457.6000,4461.2000,4461.4000,4466.0000,1,1,3,5,1,1,2,1,1,1
SF,IF2103,2020-09-11 09:32:46.500,4454.4000,9240,0,199172760.000,0,-,-,-,-,4453.6000,4451.0000,4450.6000,4445.4000,4445.0000,4457.2000,4457.4000,4461.2000,4461.4000,4466.0000,1,1,1,3,5,1,1,1,1,1
SF,IF2103,2020-09-11 09:32:47.000,4454.4000,9240,0,199172760.000,0,-,-,-,-,4453.6000,4451.0000,4450.6000,4445.0000,4444.0000,4457.2000,4457.4000,4461.2000,4461.4000,4466.0000,1,1,1,5,1,1,1,1,1,1
SF,IF2103,2020-09-11 09:32:47.500,4454.4000,9240,0,199172760.000,0,-,-,-,-,4453.6000,4451.0000,4450.6000,4445.0000,4444.0000,4457.2000,4457.4000,4461.2000,4461.4000,4466.0000,2,1,1,5,1,1,1,1,1,1
SF,IF2103,2020-09-11 09:32:48.000,4454.4000,9240,0,199172760.000,0,-,-,-,-,4453.8000,4453.6000,4451.0000,4450.6000,4445.0000,4457.2000,4457.4000,4461.2000,4461.4000,4466.0000,1,2,1,1,5,1,1,1,1,1
SF,IF2103,2020-09-11 09:32:48.500,4457.2000,9239,-1,200509920.000,1,0,1,双平,S,4456.4000,4454.4000,4453.8000,4453.6000,4451.0000,4457.4000,4461.2000,4461.4000,4466.0000,4470.0000,1,1,1,2,1,1,1,1,1,2
SF,IF2103,2020-09-11 09:32:49.000,4457.4000,9239,0,201847140.000,1,0,1,多换,S,4456.4000,4454.4000,4453.8000,4453.6000,4451.0000,4461.2000,4461.4000,4466.0000,4470.0000,4472.8000,1,1,2,1,1,1,1,1,2,1
SF,IF2103,2020-09-11 09:32:49.500,4457.4000,9239,0,201847140.000,0,-,-,-,-,4456.4000,4454.4000,4453.8000,4453.6000,4451.0000,4460.4000,4460.8000,4461.0000,4461.2000,4461.4000,2,1,1,1,1,2,1,1,2,1
SF,IF2103,2020-09-11 09:32:50.000,4457.4000,9239,0,201847140.000,0,-,-,-,-,4456.4000,4454.4000,4453.8000,4453.6000,4451.0000,4460.2000,4460.8000,4461.2000,4461.4000,4466.0000,1,1,1,1,1,1,1,2,1,1
SF,IF2103,2020-09-11 09:32:50.500,4457.4000,9239,0,201847140.000,0,-,-,-,-,4453.8000,4453.6000,4451.0000,4450.6000,4445.0000,4460.2000,4460.4000,4460.8000,4461.2000,4461.4000,1,1,1,1,5,1,1,1,2,1
SF,IF2103,2020-09-11 09:32:51.000,4457.4000,9239,0,201847140.000,0,-,-,-,-,4453.8000,4453.6000,4451.0000,4450.6000,4445.0000,4460.2000,4460.4000,4460.8000,4461.2000,4461.4000,1,1,1,1,5,2,1,1,2,1
SF,IF2103,2020-09-11 09:32:51.500,4457.4000,9239,0,201847140.000,0,-,-,-,-,4456.4000,4453.8000,4453.6000,4451.0000,4450.6000,4459.8000,4460.2000,4460.4000,4460.8000,4461.2000,1,1,1,1,1,1,2,1,1,2
SF,IF2103,2020-09-11 09:32:52.000,4457.4000,9239,0,201847140.000,0,-,-,-,-,4456.4000,4453.8000,4453.6000,4451.0000,4450.6000,4459.6000,4459.8000,4460.4000,4460.8000,4461.2000,1,1,1,1,1,1,1,1,1,2
SF,IF2103,2020-09-11 09:32:52.500,4457.4000,9239,0,201847140.000,0,-,-,-,-,4456.4000,4453.8000,4453.6000,4451.0000,4450.6000,4459.6000,4460.8000,4461.2000,4461.4000,4466.0000,1,1,1,1,1,1,1,2,1,1
SF,IF2103,2020-09-11 09:32:53.000,4457.4000,9239,0,201847140.000,0,-,-,-,-,4456.6000,4456.4000,4453.6000,4451.0000,4445.0000,4459.6000,4460.8000,4461.2000,4461.4000,4463.0000,1,1,1,1,5,1,1,2,1,1
SF,IF2103,2020-09-11 09:32:53.500,4457.4000,9239,0,201847140.000,0,-,-,-,-,4456.6000,4456.4000,4453.6000,4451.0000,4445.0000,4459.6000,4461.2000,4461.4000,4463.0000,4466.0000,1,2,1,1,5,1,2,1,1,1
SF,IF2103,2020-09-11 09:32:54.000,4457.4000,9239,0,201847140.000,0,-,-,-,-,4456.6000,4456.4000,4453.6000,4451.0000,4445.0000,4459.6000,4461.2000,4461.4000,4463.0000,4466.0000,2,1,1,1,5,1,2,1,1,1
SF,IF2103,2020-09-11 09:32:54.500,4457.4000,9239,0,201847140.000,0,-,-,-,-,4456.6000,4456.4000,4453.6000,4451.0000,4445.0000,4459.6000,4461.2000,4461.4000,4463.0000,4466.0000,2,1,1,1,5,1,1,1,1,1
SF,IF2103,2020-09-11 09:32:55.000,4457.4000,9239,0,201847140.000,0,-,-,-,-,4457.0000,4456.6000,4456.4000,4453.6000,4451.0000,4461.2000,4461.4000,4463.0000,4466.0000,4470.0000,1,2,1,1,1,1,1,1,1,2
SF,IF2103,2020-09-11 09:32:55.500,4457.4000,9239,0,201847140.000,0,-,-,-,-,4457.2000,4457.0000,4456.6000,4456.4000,4453.6000,4461.0000,4461.2000,4461.4000,4463.0000,4466.0000,1,1,1,1,1,1,1,1,1,1
SF,IF2103,2020-09-11 09:32:56.000,4457.4000,9239,0,201847140.000,0,-,-,-,-,4457.2000,4457.0000,4456.4000,4453.6000,4451.0000,4461.0000,4461.2000,4461.4000,4463.0000,4466.0000,1,1,1,1,1,1,1,1,1,1
SF,IF2103,2020-09-11 09:32:56.500,4457.4000,9239,0,201847140.000,0,-,-,-,-,4457.6000,4457.2000,4457.0000,4456.4000,4453.6000,4461.0000,4461.2000,4461.4000,4463.0000,4466.0000,1,1,1,1,1,1,1,1,1,1
SF,IF2103,2020-09-11 09:32:57.000,4457.4000,9239,0,201847140.000,0,-,-,-,-,4457.6000,4457.0000,4456.4000,4453.6000,4445.0000,4461.0000,4461.2000,4461.4000,4463.0000,4466.0000,1,1,1,1,5,1,1,1,1,1
SF,IF2103,2020-09-11 09:32:57.500,4457.4000,9239,0,201847140.000,0,-,-,-,-,4457.0000,4456.4000,4453.6000,4445.0000,4444.0000,4461.0000,4461.2000,4461.4000,4463.0000,4466.0000,1,1,1,5,1,2,1,1,1,1
SF,IF2103,2020-09-11 09:32:58.000,4460.8000,9238,-1,203185380.000,1,0,1,双平,S,4456.4000,4454.8000,4453.6000,4445.0000,4444.0000,4461.0000,4461.2000,4461.4000,4463.0000,4466.0000,1,1,1,5,1,2,1,1,1,1
SF,IF2103,2020-09-11 09:32:58.500,4460.8000,9238,0,203185380.000,0,-,-,-,-,4456.6000,4456.4000,4454.8000,4453.6000,4445.0000,4461.0000,4461.2000,4461.4000,4463.0000,4466.0000,1,1,1,1,5,2,1,1,1,1
SF,IF2103,2020-09-11 09:32:59.000,4460.8000,9238,0,204523620.000,1,0,1,多换,S,4456.8000,4456.6000,4456.4000,4454.8000,4453.6000,4460.4000,4460.8000,4461.0000,4461.2000,4461.4000,1,1,1,1,1,1,2,1,1,1
SF,IF2103,2020-09-11 09:32:59.500,4460.8000,9237,-1,205861860.000,1,0,1,双平,S,4457.0000,4456.8000,4456.4000,4453.6000,4451.4000,4460.2000,4460.8000,4461.2000,4461.4000,4463.0000,1,1,1,1,1,1,2,1,1,1
SF,IF2103,2020-09-11 09:33:00.000,4460.8000,9237,0,205861860.000,0,-,-,-,-,4457.0000,4456.8000,4456.4000,4453.6000,4451.4000,4459.6000,4460.2000,4460.6000,4460.8000,4461.2000,1,2,1,1,1,1,1,1,2,1
SF,IF2103,2020-09-11 09:33:00.500,4460.8000,9236,-1,207200100.000,1,0,1,双平,S,4457.0000,4456.8000,4456.4000,4453.6000,4451.4000,4460.2000,4460.8000,4461.2000,4461.4000,4463.0000,2,1,1,1,1,1,1,1,1,1
SF,IF2103,2020-09-11 09:33:01.000,4460.8000,9236,0,207200100.000,0,-,-,-,-,4457.0000,4456.8000,4456.4000,4453.6000,4451.4000,4460.2000,4460.8000,4461.2000,4461.4000,4463.0000,2,1,1,1,1,1,1,1,1,1
SF,IF2103,2020-09-11 09:33:01.500,4460.8000,9235,-1,208538340.000,1,0,1,双平,S,4457.2000,4457.0000,4456.8000,4456.4000,4453.6000,4460.0000,4461.2000,4461.4000,4463.0000,4466.0000,1,2,1,1,1,1,1,1,1,1
SF,IF2103,2020-09-11 09:33:02.000,4461.2000,9233,-2,212552700.000,3,0,3,多平,S,4457.4000,4457.2000,4456.8000,4456.4000,4453.6000,4461.4000,4463.0000,4466.0000,4467.4000,4470.0000,1,1,1,1,1,1,1,1,1,2
SF,IF2103,2020-09-11 09:33:02.500,4461.2000,9232,-1,213891060.000,1,0,1,双平,S,4458.6000,4457.4000,4457.2000,4456.4000,4453.6000,4461.4000,4463.0000,4466.0000,4467.4000,4470.0000,1,1,1,1,1,1,1,1,1,2
SF,IF2103,2020-09-11 09:33:03.000,4461.2000,9232,0,213891060.000,0,-,-,-,-,4458.8000,4456.4000,4453.6000,4445.0000,4444.0000,4461.4000,4463.0000,4466.0000,4467.4000,4470.0000,1,1,1,5,1,1,1,1,1,2
SF,IF2103,2020-09-11 09:33:03.500,4461.2000,9232,0,213891060.000,0,-,-,-,-,4458.8000,4458.6000,4456.4000,4453.6000,4445.0000,4461.4000,4463.0000,4466.0000,4467.4000,4470.0000,1,1,1,1,5,1,1,1,1,2
SF,IF2103,2020-09-11 09:33:04.000,4461.2000,9231,-1,215229420.000,1,0,1,双平,S,4458.8000,4458.6000,4456.4000,4453.6000,4445.0000,4461.4000,4463.0000,4466.0000,4467.4000,4470.0000,1,1,1,1,5,2,2,1,1,2
SF,IF2103,2020-09-11 09:33:04.500,4461.2000,9231,0,215229420.000,0,-,-,-,-,4458.8000,4456.4000,4453.6000,4445.0000,4444.0000,4461.4000,4463.0000,4466.0000,4467.4000,4470.0000,1,1,1,5,1,2,2,1,1,2
SF,IF2103,2020-09-11 09:33:05.000,4461.2000,9231,0,215229420.000,0,-,-,-,-,4458.8000,4456.4000,4453.6000,4445.0000,4444.0000,4461.4000,4462.8000,4463.0000,4466.0000,4467.4000,1,1,1,5,1,2,1,2,1,1
SF,IF2103,2020-09-11 09:33:05.500,4461.2000,9231,0,215229420.000,0,-,-,-,-,4458.8000,4456.4000,4453.6000,4445.0000,4444.0000,4461.4000,4462.8000,4463.0000,4466.0000,4467.4000,1,1,1,5,1,1,1,2,1,1
SF,IF2103,2020-09-11 09:33:06.500,4461.2000,9231,0,215229420.000,0,-,-,-,-,4458.8000,4456.4000,4453.6000,4445.0000,4444.0000,4461.4000,4463.0000,4466.0000,4467.4000,4470.0000,1,1,1,5,1,1,2,1,1,2
SF,IF2103,2020-09-11 09:33:07.000,4461.2000,9231,0,215229420.000,0,-,-,-,-,4458.8000,4456.4000,4453.6000,4445.0000,4444.0000,4461.4000,4463.0000,4466.0000,4467.4000,4470.0000,2,1,1,5,1,1,2,1,1,2
SF,IF2103,2020-09-11 09:33:07.500,4461.2000,9231,0,215229420.000,0,-,-,-,-,4458.8000,4456.4000,4453.6000,4445.0000,4444.0000,4461.4000,4462.8000,4463.0000,4466.0000,4467.4000,2,1,1,5,1,1,1,2,1,1
SF,IF2103,2020-09-11 09:33:08.000,4461.2000,9231,0,215229420.000,0,-,-,-,-,4458.8000,4456.4000,4453.6000,4445.0000,4444.0000,4461.4000,4462.8000,4463.0000,4466.0000,4467.4000,2,1,1,5,1,1,1,1,1,1
SF,IF2103,2020-09-11 09:33:08.500,4461.2000,9231,0,215229420.000,0,-,-,-,-,4458.8000,4456.4000,4453.6000,4445.0000,4444.0000,4461.4000,4463.0000,4466.0000,4467.4000,4470.0000,1,1,1,5,1,1,1,1,1,2
SF,IF2103,2020-09-11 09:33:09.000,4461.2000,9231,0,215229420.000,0,-,-,-,-,4459.0000,4458.8000,4456.4000,4453.6000,4445.0000,4461.4000,4463.0000,4465.4000,4466.0000,4467.4000,1,1,1,1,5,1,1,1,1,1
SF,IF2103,2020-09-11 09:33:09.500,4461.4000,9230,-1,216567840.000,1,0,1,双平,S,4459.0000,4456.4000,4453.6000,4445.0000,4444.0000,4463.0000,4465.4000,4466.0000,4467.4000,4470.0000,1,1,1,5,1,1,1,1,1,2
SF,IF2103,2020-09-11 09:33:10.000,4462.8000,9229,-1,217906680.000,1,0,1,双平,S,4459.2000,4459.0000,4456.4000,4453.6000,4445.0000,4463.0000,4465.4000,4466.0000,4467.4000,4470.0000,1,1,1,1,5,1,1,1,1,2
SF,IF2103,2020-09-11 09:33:10.500,4462.8000,9229,0,217906680.000,0,-,-,-,-,4460.4000,4459.4000,4459.2000,4456.4000,4453.6000,4463.0000,4465.4000,4466.0000,4467.4000,4470.0000,1,1,1,1,1,1,1,1,1,2
SF,IF2103,2020-09-11 09:33:11.000,4462.8000,9229,0,217906680.000,0,-,-,-,-,4460.6000,4460.4000,4459.4000,4459.2000,4456.4000,4461.2000,4463.0000,4465.4000,4466.0000,4467.4000,1,1,1,1,1,1,1,1,1,1
SF,IF2103,2020-09-11 09:33:11.500,4461.2000,9228,-1,219245040.000,1,0,1,双平,S,4460.4000,4459.4000,4456.4000,4455.0000,4453.6000,4463.0000,4465.4000,4466.0000,4467.0000,4467.4000,2,1,1,5,1,1,1,1,1,1
SF,IF2103,2020-09-11 09:33:12.000,4463.0000,9227,-1,220583940.000,1,0,1,双平,S,4461.6000,4460.4000,4459.4000,4455.0000,4453.6000,4465.4000,4466.0000,4467.0000,4467.4000,4470.0000,1,2,1,5,1,1,1,1,1,2
SF,IF2103,2020-09-11 09:33:12.500,4463.0000,9227,0,220583940.000,0,-,-,-,-,4462.2000,4461.8000,4461.6000,4460.6000,4460.4000,4465.2000,4466.0000,4467.0000,4467.4000,4470.0000,1,1,1,1,1,1,1,1,1,2
SF,IF2103,2020-09-11 09:33:13.000,4463.0000,9227,0,220583940.000,0,-,-,-,-,4462.4000,4462.2000,4461.6000,4460.6000,4460.4000,4465.2000,4466.0000,4467.0000,4467.4000,4468.2000,1,1,1,1,1,1,1,1,1,1
SF,IF2103,2020-09-11 09:33:13.500,4463.0000,9227,0,220583940.000,0,-,-,-,-,4462.4000,4462.2000,4461.6000,4460.6000,4455.0000,4466.0000,4467.0000,4467.4000,4468.2000,4470.0000,1,2,1,1,5,1,1,1,1,2
SF,IF2103,2020-09-11 09:33:14.000,4463.0000,9227,0,220583940.000,0,-,-,-,-,4462.4000,4461.6000,4460.6000,4455.0000,4453.6000,4465.0000,4465.8000,4466.0000,4467.0000,4467.4000,1,1,1,5,1,2,1,2,1,1
SF,IF2103,2020-09-11 09:33:14.500,4463.0000,9227,0,220583940.000,0,-,-,-,-,4462.4000,4461.6000,4460.6000,4455.0000,4453.6000,4465.0000,4465.8000,4466.0000,4467.0000,4467.4000,2,1,1,5,1,1,1,1,1,1
SF,IF2103,2020-09-11 09:33:15.000,4463.0000,9227,0,220583940.000,0,-,-,-,-,4462.4000,4461.6000,4455.0000,4453.6000,4444.0000,4465.0000,4465.8000,4466.0000,4467.0000,4467.4000,2,1,5,1,1,1,1,1,1,1
SF,IF2103,2020-09-11 09:33:15.500,4463.0000,9227,0,220583940.000,0,-,-,-,-,4462.4000,4461.6000,4455.0000,4453.6000,4444.0000,4464.8000,4465.0000,4466.0000,4467.0000,4467.4000,1,1,5,1,1,2,1,1,1,1
SF,IF2103,2020-09-11 09:33:16.000,4463.0000,9227,0,220583940.000,0,-,-,-,-,4462.6000,4462.4000,4461.6000,4455.0000,4453.6000,4464.8000,4465.0000,4466.0000,4467.0000,4467.4000,1,1,1,5,1,1,1,1,1,1
SF,IF2103,2020-09-11 09:33:16.500,4463.0000,9227,0,220583940.000,0,-,-,-,-,4462.4000,4461.6000,4455.0000,4453.6000,4444.0000,4464.8000,4465.0000,4466.0000,4467.0000,4467.4000,1,1,5,1,1,1,1,1,1,1
SF,IF2103,2020-09-11 09:33:17.000,4463.0000,9227,0,220583940.000,0,-,-,-,-,4462.4000,4461.6000,4455.0000,4453.6000,4444.0000,4464.6000,4464.8000,4465.0000,4466.0000,4467.0000,1,1,5,1,1,1,1,1,1,1
SF,IF2103,2020-09-11 09:33:17.500,4463.0000,9227,0,220583940.000,0,-,-,-,-,4462.4000,4461.6000,4455.0000,4453.6000,4444.0000,4464.6000,4464.8000,4465.0000,4467.0000,4467.4000,1,1,5,1,1,1,1,1,1,1
SF,IF2103,2020-09-11 09:33:18.000,4464.4000,9227,0,221923260.000,1,0,1,多换,S,4462.4000,4461.6000,4455.0000,4453.6000,4444.0000,4464.6000,4464.8000,4465.0000,4467.0000,4467.4000,1,1,5,1,1,1,1,1,1,1
SF,IF2103,2020-09-11 09:33:18.500,4464.4000,9227,0,221923260.000,0,-,-,-,-,4461.6000,4455.0000,4453.6000,4444.0000,4443.0000,4464.4000,4464.6000,4465.0000,4467.0000,4467.4000,1,5,1,1,1,1,2,1,1,1
SF,IF2103,2020-09-11 09:33:19.000,4464.4000,9227,0,221923260.000,0,-,-,-,-,4455.0000,4453.6000,4444.0000,4443.0000,4437.4000,4464.2000,4464.4000,4464.6000,4465.0000,4467.0000,5,1,1,1,1,1,1,1,1,1
SF,IF2103,2020-09-11 09:33:19.500,4464.4000,9227,0,221923260.000,0,-,-,-,-,4460.4000,4457.6000,4456.8000,4456.4000,4455.2000,4462.8000,4464.0000,4464.2000,4464.4000,4465.0000,1,1,1,1,1,3,2,2,2,1
SF,IF2103,2020-09-11 09:33:20.000,4464.4000,9227,0,221923260.000,0,-,-,-,-,4460.6000,4460.4000,4456.8000,4456.4000,4455.0000,4464.0000,4464.2000,4464.4000,4465.0000,4467.0000,1,1,1,1,5,2,3,1,1,1
SF,IF2103,2020-09-11 09:33:20.500,4460.6000,9226,-1,223261440.000,1,0,1,双平,S,4461.6000,4460.4000,4456.8000,4455.0000,4453.6000,4464.2000,4464.4000,4465.0000,4467.0000,4467.4000,1,1,1,5,1,2,1,1,1,1
SF,IF2103,2020-09-11 09:33:21.000,4460.6000,9226,0,223261440.000,0,-,-,-,-,4460.4000,4456.8000,4455.0000,4453.6000,4444.0000,4463.8000,4464.2000,4464.4000,4465.0000,4467.0000,1,1,5,1,1,1,2,1,1,1
SF,IF2103,2020-09-11 09:33:21.500,4460.6000,9226,0,223261440.000,0,-,-,-,-,4461.6000,4460.6000,4460.4000,4456.8000,4455.0000,4464.0000,4464.2000,4464.4000,4465.0000,4467.0000,1,1,1,1,5,1,1,1,1,1
SF,IF2103,2020-09-11 09:33:22.000,4460.6000,9226,0,223261440.000,0,-,-,-,-,4462.2000,4461.8000,4461.6000,4460.4000,4459.8000,4464.4000,4465.0000,4467.0000,4467.4000,4467.8000,1,1,1,1,1,1,1,1,1,1
SF,IF2103,2020-09-11 09:33:22.500,4460.6000,9226,0,223261440.000,0,-,-,-,-,4462.4000,4462.2000,4461.6000,4460.4000,4459.8000,4464.4000,4465.0000,4467.0000,4467.4000,4467.6000,1,1,1,1,1,1,1,1,1,1
SF,IF2103,2020-09-11 09:33:23.000,4464.4000,9225,-1,224600760.000,1,0,1,双平,S,4462.4000,4462.2000,4461.6000,4459.8000,4456.8000,4465.0000,4467.0000,4467.4000,4467.6000,4468.2000,1,1,1,1,1,1,1,1,1,1
SF,IF2103,2020-09-11 09:33:23.500,4464.4000,9225,0,224600760.000,0,-,-,-,-,4461.6000,4459.8000,4456.8000,4455.0000,4453.6000,4464.8000,4467.0000,4467.4000,4467.6000,4468.2000,1,1,1,5,1,1,1,1,1,1
SF,IF2103,2020-09-11 09:33:24.000,4467.0000,9225,0,225940860.000,1,0,1,多换,S,4462.4000,4462.2000,4461.8000,4461.6000,4459.8000,4467.4000,4467.6000,4468.2000,4470.0000,4472.8000,1,1,1,1,1,1,1,1,2,1
SF,IF2103,2020-09-11 09:33:24.500,4467.0000,9225,0,225940860.000,0,-,-,-,-,4462.6000,4462.4000,4462.2000,4461.6000,4459.8000,4466.4000,4467.2000,4467.4000,4468.2000,4470.0000,1,1,1,1,1,1,2,1,1,2
SF,IF2103,2020-09-11 09:33:25.000,4467.0000,9224,-1,227280960.000,1,0,1,双平,S,4462.2000,4461.6000,4459.8000,4455.0000,4453.6000,4466.0000,4466.2000,4466.4000,4466.6000,4467.2000,1,1,1,5,1,2,1,1,1,1
SF,IF2103,2020-09-11 09:33:25.500,4467.0000,9223,-1,228621060.000,1,0,1,双平,S,4462.4000,4462.2000,4461.6000,4459.8000,4455.0000,4465.6000,4465.8000,4466.0000,4466.4000,4467.2000,1,1,1,1,5,1,1,3,2,1
SF,IF2103,2020-09-11 09:33:26.000,4467.0000,9223,0,228621060.000,0,-,-,-,-,4459.8000,4455.0000,4453.6000,4444.0000,4443.0000,4465.0000,4465.4000,4465.6000,4465.8000,4466.0000,1,5,1,1,1,1,1,1,2,1
SF,IF2103,2020-09-11 09:33:26.500,4467.0000,9222,-1,229961160.000,1,0,1,双平,S,4460.8000,4460.4000,4460.0000,4459.8000,4455.0000,4464.8000,4465.0000,4465.2000,4465.6000,4465.8000,1,2,1,1,5,2,1,2,2,2
SF,IF2103,2020-09-11 09:33:27.000,4467.0000,9222,0,229961160.000,0,-,-,-,-,4461.0000,4460.8000,4460.4000,4455.0000,4453.6000,4464.0000,4464.6000,4464.8000,4465.0000,4465.8000,1,1,2,5,1,2,3,3,3,2
SF,IF2103,2020-09-11 09:33:27.500,4467.0000,9222,0,229961160.000,0,-,-,-,-,4461.0000,4460.8000,4460.4000,4455.0000,4453.6000,4464.0000,4464.4000,4464.6000,4464.8000,4465.0000,1,1,2,5,1,1,1,3,3,1
SF,IF2103,2020-09-11 09:33:28.000,4467.0000,9222,0,231301260.000,1,0,1,多换,S,4461.0000,4460.8000,4460.4000,4455.0000,4453.6000,4463.4000,4464.6000,4464.8000,4465.0000,4465.4000,2,1,2,5,1,1,3,4,1,1
SF,IF2103,2020-09-11 09:33:28.500,4463.4000,9221,-1,232640280.000,1,0,1,双平,S,4461.0000,4460.8000,4460.4000,4455.0000,4453.6000,4463.6000,4464.6000,4464.8000,4465.0000,4465.4000,2,1,2,5,1,1,2,3,1,1
SF,IF2103,2020-09-11 09:33:29.000,4463.6000,9221,0,233979360.000,1,0,1,多换,S,4461.0000,4460.8000,4460.4000,4455.0000,4453.6000,4464.6000,4464.8000,4465.0000,4465.4000,4465.8000,1,1,2,5,1,2,1,1,1,1
SF,IF2103,2020-09-11 09:33:29.500,4463.6000,9221,0,233979360.000,0,-,-,-,-,4461.0000,4460.8000,4460.4000,4455.0000,4453.6000,4464.4000,4464.6000,4464.8000,4465.0000,4465.8000,1,1,2,5,1,1,1,1,1,1
SF,IF2103,2020-09-11 09:33:30.000,4463.6000,9221,0,233979360.000,0,-,-,-,-,4461.6000,4461.0000,4460.4000,4455.0000,4453.6000,4464.4000,4464.6000,4464.8000,4465.0000,4465.2000,1,2,2,5,1,1,1,1,1,1
SF,IF2103,2020-09-11 09:33:30.500,4464.4000,9220,-1,235318680.000,1,0,1,双平,S,4461.8000,4461.6000,4460.4000,4455.0000,4453.6000,4464.2000,4464.8000,4465.0000,4465.2000,4466.0000,1,1,2,5,1,1,1,1,1,2
SF,IF2103,2020-09-11 09:33:31.000,4464.4000,9220,0,235318680.000,0,-,-,-,-,4461.8000,4461.6000,4460.4000,4455.0000,4453.6000,4464.2000,4464.4000,4464.8000,4465.0000,4465.2000,1,1,2,5,1,1,1,1,1,1
SF,IF2103,2020-09-11 09:33:31.500,4464.4000,9220,0,235318680.000,0,-,-,-,-,4461.8000,4461.6000,4460.4000,4455.0000,4453.6000,4464.2000,4464.8000,4465.0000,4465.2000,4465.8000,1,1,2,5,1,1,1,1,1,2
SF,IF2103,2020-09-11 09:33:32.000,4464.4000,9220,0,235318680.000,0,-,-,-,-,4461.8000,4461.6000,4460.4000,4459.6000,4455.0000,4464.2000,4464.8000,4465.0000,4465.2000,4465.8000,1,1,2,1,5,2,1,1,1,2
SF,IF2103,2020-09-11 09:33:32.500,4461.8000,9220,0,236657220.000,1,0,1,多换,S,4461.6000,4460.4000,4459.6000,4455.0000,4453.6000,4461.8000,4464.2000,4464.8000,4465.0000,4465.2000,1,2,1,5,1,1,2,1,1,1
SF,IF2103,2020-09-11 09:33:33.000,4461.8000,9220,0,237995760.000,1,0,1,多换,S,4461.6000,4460.4000,4459.6000,4455.0000,4453.6000,4464.2000,4464.8000,4465.0000,4465.2000,4465.8000,1,2,1,5,1,1,1,1,1,2
SF,IF2103,2020-09-11 09:33:33.500,4461.8000,9220,0,237995760.000,0,-,-,-,-,4461.6000,4460.4000,4459.6000,4455.0000,4453.6000,4464.0000,4464.2000,4464.8000,4465.0000,4465.8000,1,2,1,5,1,1,1,1,1,2
SF,IF2103,2020-09-11 09:33:34.000,4461.8000,9220,0,237995760.000,0,-,-,-,-,4462.0000,4461.6000,4460.4000,4459.6000,4455.0000,4464.0000,4464.2000,4464.8000,4465.0000,4465.8000,1,1,2,1,5,1,1,1,1,2
SF,IF2103,2020-09-11 09:33:34.500,4462.0000,9220,0,239334360.000,1,0,1,多换,S,4461.6000,4460.4000,4459.6000,4455.0000,4453.6000,4463.0000,4463.8000,4464.0000,4464.2000,4464.8000,1,2,1,5,1,3,2,2,1,1
SF,IF2103,2020-09-11 09:33:35.000,4462.0000,9220,0,239334360.000,0,-,-,-,-,4461.6000,4460.4000,4459.6000,4455.0000,4453.6000,4463.8000,4464.0000,4464.2000,4464.8000,4465.0000,1,2,1,5,1,1,1,1,1,1
SF,IF2103,2020-09-11 09:33:35.500,4462.0000,9220,0,239334360.000,0,-,-,-,-,4461.6000,4460.4000,4459.6000,4455.0000,4453.6000,4463.8000,4464.0000,4464.2000,4464.8000,4466.0000,2,2,1,5,1,1,1,1,1,4
SF,IF2103,2020-09-11 09:33:36.000,4462.0000,9220,0,239334360.000,0,-,-,-,-,4462.2000,4461.6000,4460.4000,4459.6000,4455.0000,4463.8000,4464.0000,4464.2000,4464.8000,4466.0000,1,2,1,1,5,1,1,1,1,4
SF,IF2103,2020-09-11 09:33:36.500,4462.0000,9220,0,239334360.000,0,-,-,-,-,4461.6000,4460.4000,4459.6000,4455.0000,4453.6000,4463.6000,4463.8000,4464.2000,4464.8000,4466.0000,1,1,1,5,1,1,1,1,1,4
SF,IF2103,2020-09-11 09:33:37.000,4462.0000,9220,0,239334360.000,0,-,-,-,-,4462.2000,4461.6000,4460.4000,4459.6000,4455.0000,4463.6000,4463.8000,4464.2000,4464.8000,4466.0000,1,1,1,1,5,1,1,1,1,4
SF,IF2103,2020-09-11 09:33:37.500,4462.0000,9220,0,239334360.000,0,-,-,-,-,4461.6000,4460.4000,4459.6000,4455.0000,4453.6000,4463.6000,4463.8000,4464.2000,4464.8000,4466.0000,1,1,1,5,1,1,1,1,1,4
SF,IF2103,2020-09-11 09:33:38.000,4462.0000,9220,0,239334360.000,0,-,-,-,-,4462.2000,4461.6000,4460.4000,4459.6000,4455.0000,4463.4000,4463.6000,4464.2000,4464.8000,4466.0000,1,1,1,1,5,1,1,1,1,4
SF,IF2103,2020-09-11 09:33:38.500,4462.2000,9219,-1,240673020.000,1,0,1,双平,S,4461.6000,4460.4000,4459.6000,4455.0000,4453.6000,4463.4000,4463.6000,4464.2000,4464.8000,4466.0000,1,1,1,5,1,1,1,1,1,4
SF,IF2103,2020-09-11 09:33:39.000,4463.2000,9219,0,242011980.000,1,0,1,多换,S,4461.6000,4460.4000,4459.6000,4455.0000,4453.6000,4463.4000,4464.2000,4464.8000,4466.0000,4466.4000,1,1,1,5,1,1,1,1,4,1
SF,IF2103,2020-09-11 09:33:39.500,4463.2000,9219,0,242011980.000,0,-,-,-,-,4461.6000,4460.4000,4459.6000,4455.0000,4453.6000,4463.4000,4464.2000,4464.8000,4465.8000,4466.0000,1,1,1,5,1,1,1,1,1,4
SF,IF2103,2020-09-11 09:33:40.000,4463.2000,9219,0,242011980.000,0,-,-,-,-,4461.6000,4460.4000,4459.6000,4455.0000,4453.6000,4463.2000,4463.4000,4464.8000,4465.8000,4466.0000,1,1,1,5,1,1,1,1,1,4
SF,IF2103,2020-09-11 09:33:41.000,4463.2000,9219,0,242011980.000,0,-,-,-,-,4461.6000,4460.4000,4459.6000,4455.0000,4453.6000,4463.4000,4465.8000,4466.0000,4466.4000,4466.6000,1,1,1,5,1,1,1,4,1,1
SF,IF2103,2020-09-11 09:33:41.500,4463.4000,9218,-1,243351000.000,1,0,1,双平,S,4461.8000,4461.6000,4460.4000,4459.6000,4455.0000,4465.8000,4466.0000,4466.4000,4466.6000,4466.8000,1,1,1,1,5,1,4,1,1,2
SF,IF2103,2020-09-11 09:33:42.000,4463.4000,9218,0,243351000.000,0,-,-,-,-,4461.8000,4461.6000,4460.4000,4459.6000,4455.0000,4465.6000,4465.8000,4466.0000,4466.4000,4466.6000,1,1,1,1,5,1,1,4,1,1
SF,IF2103,2020-09-11 09:33:42.500,4463.4000,9218,0,243351000.000,0,-,-,-,-,4462.2000,4461.8000,4461.6000,4460.4000,4459.6000,4463.4000,4465.6000,4465.8000,4466.0000,4466.4000,1,1,1,1,1,1,1,1,4,1
SF,IF2103,2020-09-11 09:33:43.000,4463.4000,9218,0,243351000.000,0,-,-,-,-,4461.8000,4461.6000,4460.4000,4459.6000,4455.0000,4463.4000,4465.6000,4465.8000,4466.0000,4466.4000,1,1,1,1,5,1,2,1,4,1
SF,IF2103,2020-09-11 09:33:43.500,4463.4000,9217,-1,244690020.000,1,0,1,双平,S,4462.2000,4461.8000,4461.6000,4460.4000,4459.6000,4465.6000,4465.8000,4466.0000,4466.4000,4466.6000,1,1,1,1,1,2,1,4,1,1
SF,IF2103,2020-09-11 09:33:44.000,4463.4000,9217,0,244690020.000,0,-,-,-,-,4462.4000,4461.6000,4460.4000,4459.6000,4455.0000,4463.4000,4465.6000,4465.8000,4466.0000,4466.4000,1,1,1,1,5,1,1,1,4,1
SF,IF2103,2020-09-11 09:33:44.500,4463.4000,9217,0,244690020.000,0,-,-,-,-,4462.4000,4462.2000,4460.4000,4459.6000,4455.0000,4463.4000,4465.6000,4465.8000,4466.0000,4466.4000,2,1,1,1,5,1,1,1,3,1
SF,IF2103,2020-09-11 09:33:45.000,4462.6000,9216,-1,246028800.000,1,0,1,双平,S,4462.4000,4462.2000,4460.4000,4459.6000,4458.4000,4463.4000,4465.6000,4465.8000,4466.0000,4466.4000,2,1,1,1,3,1,1,1,3,1
SF,IF2103,2020-09-11 09:33:46.000,4462.6000,9216,0,246028800.000,0,-,-,-,-,4463.2000,4462.4000,4462.2000,4459.6000,4458.4000,4463.4000,4463.6000,4465.6000,4466.0000,4466.4000,1,2,1,1,3,1,1,1,2,1
SF,IF2103,2020-09-11 09:33:46.500,4463.4000,9215,-1,247367820.000,1,0,1,双平,S,4463.2000,4462.4000,4462.2000,4459.6000,4458.4000,4463.6000,4465.6000,4466.4000,4466.8000,4467.4000,1,2,1,1,3,1,1,1,1,1
SF,IF2103,2020-09-11 09:33:47.000,4463.6000,9214,-1,248706900.000,1,0,1,双平,S,4463.2000,4462.4000,4462.2000,4459.6000,4458.4000,4466.8000,4467.4000,4470.0000,4472.8000,4482.2000,1,1,1,1,3,1,1,2,1,1
SF,IF2103,2020-09-11 09:33:47.500,4463.6000,9214,0,248706900.000,0,-,-,-,-,4463.6000,4463.4000,4463.2000,4462.2000,4459.6000,4466.6000,4466.8000,4467.4000,4470.0000,4472.8000,1,1,1,1,1,1,1,1,2,1
SF,IF2103,2020-09-11 09:33:48.000,4463.6000,9214,0,248706900.000,0,-,-,-,-,4463.8000,4463.6000,4463.2000,4462.2000,4459.6000,4464.2000,4466.6000,4467.4000,4470.0000,4472.8000,1,1,1,1,1,1,1,1,2,1
SF,IF2103,2020-09-11 09:33:48.500,4464.2000,9213,-1,250046160.000,1,0,1,双平,S,4464.0000,4463.8000,4463.6000,4463.2000,4459.6000,4465.8000,4467.4000,4470.0000,4472.8000,4482.2000,1,1,2,1,1,3,1,2,1,1
SF,IF2103,2020-09-11 09:33:49.000,4464.2000,9213,0,250046160.000,0,-,-,-,-,4464.2000,4464.0000,4463.8000,4463.6000,4463.2000,4464.8000,4465.8000,4467.4000,4470.0000,4470.4000,1,1,1,2,1,1,3,1,2,1
SF,IF2103,2020-09-11 09:33:49.500,4464.8000,9212,-1,251385600.000,1,0,1,双平,S,4464.2000,4464.0000,4463.6000,4463.2000,4459.6000,4465.8000,4467.4000,4470.0000,4470.4000,4472.8000,1,2,1,1,1,3,1,2,1,1
SF,IF2103,2020-09-11 09:33:50.500,4465.8000,9209,-3,255404820.000,3,0,3,双平,S,4464.2000,4464.0000,4463.6000,4463.2000,4459.6000,4464.8000,4467.4000,4470.0000,4470.4000,4472.8000,2,1,1,1,1,1,1,2,1,1
SF,IF2103,2020-09-11 09:33:51.000,4464.8000,9209,0,256744260.000,1,0,1,多换,S,4464.2000,4464.0000,4463.6000,4463.2000,4459.6000,4467.4000,4470.0000,4470.4000,4472.8000,4482.2000,2,1,1,1,1,1,2,1,1,1
SF,IF2103,2020-09-11 09:33:51.500,4464.8000,9209,0,256744260.000,0,-,-,-,-,4464.2000,4464.0000,4463.6000,4463.2000,4459.6000,4467.2000,4467.4000,4470.0000,4470.4000,4472.8000,2,1,1,1,1,1,1,2,1,1
SF,IF2103,2020-09-11 09:33:52.000,4464.8000,9209,0,256744260.000,0,-,-,-,-,4464.2000,4464.0000,4463.6000,4463.2000,4459.6000,4467.2000,4467.4000,4470.0000,4470.4000,4472.8000,2,1,1,1,1,1,1,2,1,1
SF,IF2103,2020-09-11 09:33:52.500,4464.8000,9209,0,256744260.000,0,-,-,-,-,4464.8000,4464.4000,4464.2000,4463.6000,4463.2000,4467.2000,4467.4000,4470.0000,4470.4000,4472.8000,1,2,1,1,1,1,1,2,1,1
SF,IF2103,2020-09-11 09:33:53.000,4464.8000,9209,0,256744260.000,0,-,-,-,-,4466.0000,4465.8000,4465.4000,4464.8000,4464.4000,4467.2000,4467.4000,4470.0000,4470.4000,4472.8000,1,1,1,1,4,1,1,2,1,1
SF,IF2103,2020-09-11 09:33:53.500,4466.0000,9208,-1,258084060.000,1,0,1,双平,S,4465.8000,4465.0000,4464.8000,4464.4000,4464.2000,4467.4000,4470.0000,4470.4000,4472.8000,4482.2000,1,1,1,3,1,1,2,1,1,1
SF,IF2103,2020-09-11 09:33:54.000,4467.2000,9207,-1,259424220.000,1,0,1,双平,S,4464.8000,4464.4000,4464.2000,4463.6000,4462.8000,4467.4000,4470.0000,4472.8000,4482.2000,4495.0000,1,2,1,1,1,1,2,1,1,1
SF,IF2103,2020-09-11 09:33:54.500,4467.2000,9207,0,259424220.000,0,-,-,-,-,4465.8000,4465.0000,4464.4000,4464.2000,4463.6000,4467.4000,4470.0000,4472.8000,4482.2000,4495.0000,1,1,1,1,1,1,2,1,1,1
SF,IF2103,2020-09-11 09:33:55.000,4467.4000,9206,-1,260764440.000,1,0,1,双平,S,4465.8000,4465.0000,4464.4000,4464.2000,4463.6000,4470.0000,4472.8000,4482.2000,4495.0000,4496.6000,2,1,1,1,1,2,1,1,1,1
SF,IF2103,2020-09-11 09:33:55.500,4467.4000,9206,0,260764440.000,0,-,-,-,-,4467.4000,4466.0000,4465.8000,4464.4000,4464.2000,4469.8000,4470.0000,4472.8000,4482.2000,4495.0000,1,1,2,1,1,1,2,1,1,1
SF,IF2103,2020-09-11 09:33:56.000,4469.8000,9204,-2,263445600.000,2,0,2,双平,S,4466.0000,4465.8000,4464.4000,4464.2000,4463.6000,4468.8000,4470.0000,4472.8000,4482.2000,4495.0000,1,2,1,1,1,1,2,1,1,1
SF,IF2103,2020-09-11 09:33:56.500,4469.8000,9204,0,263445600.000,0,-,-,-,-,4466.0000,4465.8000,4464.4000,4464.2000,4463.6000,4470.0000,4471.8000,4472.8000,4482.2000,4495.0000,1,1,1,1,1,2,1,1,1,1
SF,IF2103,2020-09-11 09:33:57.000,4469.8000,9203,-1,264786540.000,1,0,1,双平,S,4466.0000,4465.8000,4464.4000,4464.2000,4463.6000,4469.8000,4470.0000,4471.8000,4472.8000,4495.0000,1,1,1,1,1,2,2,1,1,1
SF,IF2103,2020-09-11 09:33:57.500,4469.8000,9203,0,264786540.000,0,-,-,-,-,4466.0000,4465.8000,4464.4000,4464.2000,4463.6000,4467.2000,4469.8000,4470.0000,4471.8000,4472.8000,1,1,1,1,1,1,2,2,1,1
SF,IF2103,2020-09-11 09:33:58.000,4469.8000,9203,0,264786540.000,0,-,-,-,-,4466.0000,4465.8000,4464.4000,4464.2000,4463.6000,4469.2000,4469.4000,4469.6000,4469.8000,4470.0000,1,1,1,1,1,1,4,1,2,2
SF,IF2103,2020-09-11 09:33:58.500,4469.8000,9202,-1,266127480.000,1,0,1,双平,S,4466.0000,4465.8000,4464.4000,4464.2000,4463.6000,4469.4000,4469.6000,4469.8000,4470.0000,4472.8000,1,1,1,1,1,4,2,2,2,1
SF,IF2103,2020-09-11 09:33:59.000,4469.8000,9202,0,266127480.000,0,-,-,-,-,4466.0000,4465.8000,4464.4000,4464.2000,4463.6000,4469.4000,4469.6000,4469.8000,4470.0000,4472.8000,1,1,1,1,1,3,1,2,2,1
SF,IF2103,2020-09-11 09:33:59.500,4469.8000,9202,0,266127480.000,0,-,-,-,-,4466.0000,4465.8000,4464.4000,4464.2000,4463.6000,4467.8000,4468.8000,4469.2000,4469.4000,4470.0000,1,1,1,1,1,1,2,2,3,2
SF,IF2103,2020-09-11 09:34:00.000,4469.8000,9201,-1,267468420.000,1,0,1,双平,S,4466.0000,4464.4000,4464.2000,4463.6000,4459.6000,4468.8000,4469.2000,4469.4000,4470.0000,4472.8000,1,1,1,1,1,5,6,1,2,1
SF,IF2103,2020-09-11 09:34:00.500,4469.8000,9201,0,267468420.000,0,-,-,-,-,4466.2000,4466.0000,4464.2000,4463.6000,4459.6000,4468.8000,4469.2000,4469.4000,4470.0000,4472.8000,1,1,1,1,1,2,6,1,2,1
SF,IF2103,2020-09-11 09:34:01.000,4469.8000,9200,-1,268809360.000,1,0,1,双平,S,4466.4000,4466.2000,4464.2000,4463.6000,4463.4000,4468.2000,4468.4000,4468.6000,4469.0000,4469.2000,1,1,1,1,1,1,1,2,1,2
SF,IF2103,2020-09-11 09:34:01.500,4468.2000,9200,0,270149820.000,1,0,1,多换,S,4466.8000,4466.2000,4464.2000,4463.6000,4463.4000,4468.4000,4469.0000,4469.2000,4470.0000,4472.8000,1,1,1,1,1,1,1,2,2,1
SF,IF2103,2020-09-11 09:34:02.000,4468.2000,9199,-1,271490280.000,1,0,1,双平,S,4467.0000,4466.8000,4464.2000,4463.4000,4459.6000,4469.0000,4469.2000,4470.0000,4472.8000,4492.4000,2,1,1,1,1,1,1,2,1,1
SF,IF2103,2020-09-11 09:34:02.500,4468.2000,9199,0,271490280.000,0,-,-,-,-,4467.0000,4466.8000,4464.2000,4463.4000,4459.6000,4469.0000,4469.2000,4470.0000,4471.2000,4483.2000,3,2,1,1,1,1,1,2,2,1
SF,IF2103,2020-09-11 09:34:03.000,4467.0000,9198,-1,272830380.000,1,0,1,双平,S,4467.4000,4467.0000,4464.2000,4463.4000,4459.6000,4469.0000,4469.2000,4470.0000,4471.2000,4483.2000,1,1,1,1,1,1,1,2,2,1
SF,IF2103,2020-09-11 09:34:03.500,4467.4000,9198,0,274170600.000,1,0,1,多换,S,4467.0000,4464.2000,4463.4000,4459.6000,4455.0000,4468.8000,4469.0000,4469.2000,4470.0000,4483.2000,1,1,1,1,5,5,1,1,2,1
SF,IF2103,2020-09-11 09:34:04.000,4467.4000,9198,0,274170600.000,0,-,-,-,-,4464.4000,4464.2000,4463.4000,4459.6000,4455.0000,4468.8000,4469.0000,4469.2000,4470.0000,4483.2000,1,1,1,1,5,5,1,1,2,1
SF,IF2103,2020-09-11 09:34:04.500,4467.4000,9198,0,274170600.000,0,-,-,-,-,4465.8000,4464.6000,4464.4000,4464.2000,4463.4000,4467.0000,4468.8000,4469.0000,4469.2000,4470.0000,1,1,1,1,1,2,4,1,1,2
SF,IF2103,2020-09-11 09:34:05.000,4467.4000,9198,0,274170600.000,0,-,-,-,-,4465.2000,4465.0000,4464.6000,4464.4000,4464.2000,4467.0000,4468.2000,4468.6000,4468.8000,4469.0000,1,1,1,1,1,2,2,1,3,1
SF,IF2103,2020-09-11 09:34:05.500,4467.4000,9198,0,274170600.000,0,-,-,-,-,4465.8000,4465.4000,4465.2000,4464.4000,4464.2000,4467.0000,4468.2000,4468.8000,4469.0000,4469.2000,1,1,1,1,1,2,2,3,1,1
SF,IF2103,2020-09-11 09:34:06.000,4467.4000,9198,0,274170600.000,0,-,-,-,-,4465.2000,4464.4000,4464.2000,4463.4000,4459.6000,4467.0000,4468.2000,4468.8000,4469.0000,4469.2000,1,1,1,1,1,2,2,3,1,1
SF,IF2103,2020-09-11 09:34:06.500,4467.4000,9198,0,274170600.000,0,-,-,-,-,4465.8000,4464.4000,4464.2000,4463.4000,4459.6000,4467.0000,4468.8000,4469.0000,4469.2000,4469.6000,1,1,1,1,1,2,3,3,1,1
SF,IF2103,2020-09-11 09:34:07.000,4467.4000,9198,0,274170600.000,0,-,-,-,-,4465.8000,4464.4000,4464.2000,4463.4000,4459.6000,4467.0000,4468.8000,4469.0000,4469.2000,4469.4000,1,1,1,1,1,2,3,3,1,1
SF,IF2103,2020-09-11 09:34:07.500,4466.0000,9198,0,275510400.000,1,0,1,多换,S,4465.8000,4464.2000,4463.4000,4459.6000,4455.0000,4467.0000,4468.8000,4469.0000,4469.2000,4469.4000,1,1,1,1,5,2,3,3,1,1
SF,IF2103,2020-09-11 09:34:08.000,4466.0000,9198,0,275510400.000,0,-,-,-,-,4465.8000,4464.2000,4463.4000,4459.6000,4455.0000,4467.0000,4468.8000,4469.0000,4469.4000,4469.6000,1,1,1,1,5,2,3,3,1,1
SF,IF2103,2020-09-11 09:34:08.500,4467.0000,9198,0,276850500.000,1,0,1,多换,S,4465.8000,4464.2000,4459.6000,4455.0000,4453.6000,4467.0000,4468.8000,4469.0000,4469.4000,4469.6000,1,1,1,5,1,1,3,1,1,1
SF,IF2103,2020-09-11 09:34:09.000,4467.0000,9198,0,276850500.000,0,-,-,-,-,4464.2000,4459.6000,4455.0000,4453.6000,4444.0000,4467.0000,4468.8000,4469.0000,4469.4000,4469.6000,1,1,5,1,1,1,3,1,1,1
SF,IF2103,2020-09-11 09:34:09.500,4467.0000,9198,0,276850500.000,0,-,-,-,-,4464.4000,4464.2000,4459.6000,4455.0000,4453.6000,4467.0000,4468.8000,4469.0000,4469.4000,4469.6000,1,1,1,5,1,1,3,1,1,1
SF,IF2103,2020-09-11 09:34:10.000,4467.0000,9198,0,276850500.000,0,-,-,-,-,4464.8000,4464.4000,4464.2000,4459.6000,4455.0000,4466.8000,4467.0000,4468.8000,4469.0000,4469.4000,1,1,1,1,5,1,2,2,1,1
SF,IF2103,2020-09-11 09:34:10.500,4464.8000,9198,0,278189940.000,1,0,1,多换,S,4464.4000,4464.2000,4459.6000,4455.0000,4453.6000,4466.8000,4467.0000,4468.8000,4469.0000,4469.4000,1,1,1,5,1,1,2,2,1,1
SF,IF2103,2020-09-11 09:34:11.000,4464.4000,9197,-1,279529260.000,1,0,1,双平,S,4459.6000,4455.0000,4453.6000,4444.0000,4443.0000,4464.4000,4466.6000,4466.8000,4467.0000,4468.8000,1,5,1,1,1,1,2,1,1,2
SF,IF2103,2020-09-11 09:34:11.500,4464.4000,9197,0,279529260.000,0,-,-,-,-,4462.2000,4461.6000,4461.4000,4460.8000,4460.4000,4464.4000,4466.4000,4466.6000,4466.8000,4467.0000,1,1,1,1,1,1,1,2,1,1
SF,IF2103,2020-09-11 09:34:12.000,4464.4000,9197,0,279529260.000,0,-,-,-,-,4462.4000,4462.2000,4461.6000,4461.4000,4461.2000,4464.4000,4466.4000,4466.6000,4466.8000,4467.0000,1,1,1,1,1,1,1,2,1,1
SF,IF2103,2020-09-11 09:34:12.500,4464.4000,9197,0,279529260.000,0,-,-,-,-,4462.4000,4462.2000,4461.6000,4461.4000,4461.2000,4464.4000,4466.4000,4466.6000,4466.8000,4468.8000,1,2,1,1,1,1,1,2,1,2
SF,IF2103,2020-09-11 09:34:13.000,4464.4000,9197,0,279529260.000,0,-,-,-,-,4462.6000,4462.4000,4462.2000,4461.6000,4461.2000,4464.4000,4466.4000,4466.8000,4468.8000,4469.0000,1,2,1,1,1,1,1,1,2,1
SF,IF2103,2020-09-11 09:34:13.500,4464.4000,9197,0,279529260.000,0,-,-,-,-,4464.0000,4462.6000,4462.4000,4461.6000,4460.8000,4464.4000,4466.4000,4466.8000,4468.8000,4469.0000,1,1,2,1,1,1,1,1,2,1
SF,IF2103,2020-09-11 09:34:14.000,4464.0000,9197,0,280868460.000,1,0,1,多换,S,4462.6000,4462.4000,4461.6000,4460.8000,4455.0000,4464.4000,4466.4000,4466.8000,4468.8000,4469.0000,1,2,1,1,5,1,1,1,2,1
SF,IF2103,2020-09-11 09:34:14.500,4464.0000,9197,0,280868460.000,0,-,-,-,-,4462.4000,4461.6000,4460.8000,4455.0000,4453.6000,4464.2000,4464.4000,4468.8000,4469.0000,4469.2000,1,1,1,5,1,1,1,2,1,1
SF,IF2103,2020-09-11 09:34:15.000,4464.0000,9197,0,280868460.000,0,-,-,-,-,4461.6000,4460.8000,4455.0000,4453.6000,4444.0000,4462.6000,4464.2000,4464.4000,4468.8000,4469.0000,1,1,5,1,1,1,1,1,2,1
SF,IF2103,2020-09-11 09:34:15.500,4462.6000,9197,0,282207240.000,1,0,1,多换,S,4461.6000,4460.8000,4455.0000,4453.6000,4444.0000,4464.2000,4464.4000,4468.8000,4469.0000,4469.2000,1,1,5,1,1,1,1,2,1,1
SF,IF2103,2020-09-11 09:34:16.000,4462.2000,9196,-1,286223580.000,3,1,2,多平,S,4460.8000,4455.0000,4453.6000,4444.0000,4443.0000,4464.2000,4468.8000,4469.0000,4469.2000,4469.6000,1,5,1,1,1,1,2,1,1,1
SF,IF2103,2020-09-11 09:34:16.500,4462.2000,9196,0,286223580.000,0,-,-,-,-,4461.6000,4461.0000,4460.8000,4455.0000,4453.6000,4463.8000,4464.2000,4468.8000,4469.0000,4469.2000,1,1,1,5,1,1,1,2,1,1
SF,IF2103,2020-09-11 09:34:17.000,4462.2000,9196,0,286223580.000,0,-,-,-,-,4462.0000,4461.6000,4461.4000,4461.0000,4460.8000,4463.6000,4463.8000,4468.8000,4469.0000,4469.2000,1,1,1,1,1,1,1,2,1,1
SF,IF2103,2020-09-11 09:34:17.500,4462.2000,9196,0,286223580.000,0,-,-,-,-,4462.0000,4461.6000,4461.4000,4461.0000,4460.8000,4463.6000,4463.8000,4468.8000,4469.0000,4469.2000,1,1,1,1,1,1,1,2,1,1
SF,IF2103,2020-09-11 09:34:18.000,4462.2000,9196,0,286223580.000,0,-,-,-,-,4462.4000,4462.0000,4461.4000,4461.0000,4460.8000,4463.2000,4463.6000,4468.8000,4469.0000,4470.0000,1,2,1,1,1,1,1,2,1,2
