市场代码,合约代码,时间,最新,持仓,增仓,成交额,成交量,开仓,平仓,成交类型,方向,买一价,买二价,买三价,买四价,买五价,卖一价,卖二价,卖三价,卖四价,卖五价,买一量,买二量,买三量,买四量,买五量,卖一量,卖二量,卖三量,卖四量,卖五量
SF,IF2106,2020-10-20 09:29:00.200,4579.4000,1249,0,0.000,0.000,-,-,-,-,4571.6000,4567.4000,4564.2000,4563.8000,4563.2000,4589.2000,4592.6000,4596.6000,4597.4000,4599.0000,1,1,1,1,1,1,1,3,5,1
SF,IF2106,2020-10-20 09:30:00.200,4579.4000,1249,0,0.000,0,-,-,-,-,4576.0000,4573.4000,4571.6000,4571.4000,4567.4000,4582.6000,4583.8000,4586.8000,4587.8000,4588.6000,1,3,1,1,1,1,3,1,1,1
SF,IF2106,2020-10-20 09:30:00.700,4579.4000,1249,0,0.000,0,-,-,-,-,4576.2000,4576.0000,4571.6000,4571.4000,4567.4000,4582.6000,4583.8000,4586.8000,4587.8000,4588.0000,1,4,1,1,1,1,3,1,1,1
SF,IF2106,2020-10-20 09:30:01.200,4579.4000,1249,0,0.000,0,-,-,-,-,4576.2000,4571.4000,4567.4000,4560.2000,4559.8000,4582.4000,4582.6000,4583.8000,4586.8000,4587.8000,1,1,1,1,6,1,1,3,1,1
SF,IF2106,2020-10-20 09:30:01.700,4579.4000,1249,0,0.000,0,-,-,-,-,4576.2000,4571.4000,4560.2000,4559.8000,4550.0000,4581.2000,4582.4000,4582.6000,4586.8000,4587.8000,1,1,1,6,2,3,1,1,1,1
SF,IF2106,2020-10-20 09:30:02.200,4581.0000,1250,1,1374300.000,1,1,0,双开,S,4576.4000,4576.2000,4571.4000,4559.8000,4550.0000,4582.6000,4586.8000,4587.8000,4588.0000,4588.6000,1,1,1,6,2,1,1,1,1,1
SF,IF2106,2020-10-20 09:30:02.700,4581.0000,1250,0,1374300.000,0,-,-,-,-,4576.6000,4576.4000,4571.4000,4570.0000,4559.8000,4582.6000,4586.8000,4587.8000,4588.0000,4588.6000,1,1,1,5,6,1,1,1,1,1
SF,IF2106,2020-10-20 09:30:03.200,4581.0000,1250,0,1374300.000,0,-,-,-,-,4576.8000,4576.6000,4571.4000,4570.0000,4559.8000,4586.8000,4587.8000,4588.0000,4588.6000,4588.8000,1,1,1,5,6,1,1,1,1,1
SF,IF2106,2020-10-20 09:30:03.700,4581.0000,1250,0,1374300.000,0,-,-,-,-,4577.0000,4576.8000,4571.4000,4570.0000,4559.8000,4583.8000,4584.0000,4584.8000,4587.8000,4588.0000,1,1,1,5,6,2,1,1,1,1
SF,IF2106,2020-10-20 09:30:04.200,4581.0000,1250,0,1374300.000,0,-,-,-,-,4577.2000,4577.0000,4571.4000,4570.0000,4559.8000,4583.8000,4584.0000,4584.8000,4587.8000,4588.0000,1,1,1,5,6,2,2,1,1,1
SF,IF2106,2020-10-20 09:30:04.700,4581.0000,1250,0,1374300.000,0,-,-,-,-,4578.0000,4577.4000,4577.2000,4571.4000,4570.0000,4583.8000,4584.0000,4584.8000,4585.6000,4587.8000,1,1,1,1,5,2,2,1,1,1
SF,IF2106,2020-10-20 09:30:05.200,4578.2000,1252,2,5494680.000,3,2,1,空开,S,4571.4000,4570.0000,4559.8000,4550.0000,4525.6000,4576.4000,4582.6000,4584.0000,4585.6000,4588.0000,1,5,6,2,5,12,1,2,1,1
SF,IF2106,2020-10-20 09:30:05.700,4576.4000,1254,2,10986900.000,4,3,1,空开,S,4576.0000,4571.6000,4571.4000,4570.0000,4559.8000,4576.4000,4582.6000,4584.0000,4585.6000,4588.0000,3,1,1,5,6,8,1,1,1,1
SF,IF2106,2020-10-20 09:30:06.200,4576.4000,1257,3,17851500.000,5,4,1,空开,S,4571.6000,4571.4000,4570.0000,4559.8000,4550.0000,4576.4000,4582.6000,4585.6000,4588.0000,4588.6000,1,1,5,6,2,3,1,1,1,1
SF,IF2106,2020-10-20 09:30:06.700,4576.4000,1258,1,20597340.000,2,1,1,空开,S,4574.8000,4571.6000,4571.4000,4570.0000,4559.8000,4576.4000,4577.0000,4585.6000,4588.0000,4588.6000,1,1,1,5,6,1,1,1,1,1
SF,IF2106,2020-10-20 09:30:07.200,4577.0000,1259,1,23343360.000,2,1,1,空开,S,4575.0000,4574.8000,4571.6000,4571.4000,4570.0000,4577.8000,4585.6000,4588.0000,4588.6000,4596.8000,2,1,1,1,5,1,1,1,1,10
SF,IF2106,2020-10-20 09:30:07.700,4577.8000,1260,1,24716700.000,1,1,0,双开,S,4577.0000,4576.6000,4575.4000,4575.0000,4574.8000,4585.6000,4588.0000,4596.8000,4597.4000,4610.0000,1,1,1,2,1,1,1,10,5,5
SF,IF2106,2020-10-20 09:30:08.200,4577.8000,1260,0,24716700.000,0,-,-,-,-,4577.2000,4577.0000,4576.6000,4576.0000,4575.4000,4583.8000,4584.8000,4585.4000,4585.6000,4588.0000,2,1,1,1,1,2,1,1,1,1
SF,IF2106,2020-10-20 09:30:08.700,4577.8000,1260,0,24716700.000,0,-,-,-,-,4578.2000,4577.6000,4577.4000,4577.2000,4577.0000,4583.6000,4583.8000,4584.8000,4585.6000,4588.0000,1,1,1,2,1,1,3,1,1,1
SF,IF2106,2020-10-20 09:30:09.200,4577.8000,1260,0,24716700.000,0,-,-,-,-,4578.2000,4577.8000,4577.6000,4577.4000,4577.2000,4583.6000,4583.8000,4584.8000,4585.6000,4588.0000,1,2,1,1,2,2,3,1,1,1
SF,IF2106,2020-10-20 09:30:09.700,4577.8000,1260,0,24716700.000,0,-,-,-,-,4577.8000,4577.2000,4577.0000,4571.4000,4570.0000,4583.6000,4583.8000,4584.8000,4585.6000,4587.8000,1,1,1,1,5,2,3,1,1,2
SF,IF2106,2020-10-20 09:30:10.200,4577.8000,1260,0,24716700.000,0,-,-,-,-,4577.8000,4577.2000,4571.4000,4570.0000,4550.0000,4583.6000,4583.8000,4584.8000,4585.6000,4587.8000,1,1,1,5,2,2,3,1,1,2
SF,IF2106,2020-10-20 09:30:10.700,4577.8000,1260,0,24716700.000,0,-,-,-,-,4578.2000,4577.2000,4571.4000,4570.0000,4550.0000,4583.6000,4583.8000,4584.8000,4585.6000,4587.8000,1,1,1,5,2,2,3,1,1,2
SF,IF2106,2020-10-20 09:30:11.200,4577.8000,1260,0,24716700.000,0,-,-,-,-,4578.2000,4571.4000,4570.0000,4550.0000,4518.2000,4583.6000,4583.8000,4584.8000,4585.6000,4587.8000,1,1,5,2,1,2,3,1,1,2
SF,IF2106,2020-10-20 09:30:11.700,4577.8000,1260,0,24716700.000,0,-,-,-,-,4571.4000,4570.0000,4550.0000,4518.2000,4500.0000,4582.6000,4583.6000,4583.8000,4585.6000,4587.8000,1,5,2,1,1,1,2,3,1,2
SF,IF2106,2020-10-20 09:30:12.200,4577.8000,1260,0,24716700.000,0,-,-,-,-,4571.4000,4570.0000,4550.0000,4518.2000,4500.0000,4582.4000,4582.6000,4583.6000,4583.8000,4585.6000,1,5,2,1,1,1,1,1,3,1
SF,IF2106,2020-10-20 09:30:12.700,4577.8000,1260,0,24716700.000,0,-,-,-,-,4573.8000,4573.0000,4571.4000,4570.0000,4550.0000,4582.4000,4583.8000,4585.6000,4587.8000,4588.0000,1,1,1,5,2,2,3,1,2,1
SF,IF2106,2020-10-20 09:30:13.200,4577.8000,1260,0,24716700.000,0,-,-,-,-,4573.8000,4573.2000,4573.0000,4572.6000,4571.4000,4582.4000,4583.8000,4585.6000,4587.8000,4588.0000,1,1,1,1,1,2,3,1,2,1
SF,IF2106,2020-10-20 09:30:13.700,4577.8000,1260,0,24716700.000,0,-,-,-,-,4576.8000,4576.0000,4575.0000,4574.6000,4574.4000,4582.4000,4583.8000,4585.6000,4587.8000,4588.0000,1,1,1,1,1,2,3,1,2,1
SF,IF2106,2020-10-20 09:30:14.200,4577.8000,1260,0,24716700.000,0,-,-,-,-,4577.0000,4576.8000,4576.0000,4575.0000,4574.6000,4581.2000,4582.4000,4583.8000,4585.6000,4587.8000,1,1,1,1,1,2,2,1,1,2
SF,IF2106,2020-10-20 09:30:14.700,4577.8000,1260,0,24716700.000,0,-,-,-,-,4577.0000,4576.8000,4576.0000,4575.0000,4574.6000,4581.2000,4582.4000,4585.6000,4587.6000,4587.8000,1,1,1,1,1,3,2,1,1,2
SF,IF2106,2020-10-20 09:30:15.200,4577.8000,1260,0,24716700.000,0,-,-,-,-,4577.0000,4576.0000,4575.0000,4574.4000,4573.8000,4581.2000,4582.4000,4585.6000,4587.6000,4587.8000,1,1,1,1,1,3,2,1,1,2
SF,IF2106,2020-10-20 09:30:15.700,4577.8000,1260,0,24716700.000,0,-,-,-,-,4574.4000,4573.8000,4571.4000,4570.0000,4518.2000,4581.2000,4582.4000,4585.6000,4587.6000,4587.8000,1,1,1,5,1,3,2,1,1,2
SF,IF2106,2020-10-20 09:30:16.200,4577.8000,1260,0,24716700.000,0,-,-,-,-,4574.6000,4574.4000,4573.8000,4571.4000,4570.0000,4580.4000,4581.0000,4581.2000,4582.4000,4585.6000,1,1,1,1,5,1,1,3,1,1
SF,IF2106,2020-10-20 09:30:16.700,4577.8000,1260,0,24716700.000,0,-,-,-,-,4574.8000,4574.4000,4573.8000,4571.4000,4570.0000,4580.2000,4580.4000,4581.0000,4581.2000,4585.6000,1,1,1,1,5,1,1,1,3,1
SF,IF2106,2020-10-20 09:30:17.200,4577.8000,1260,0,24716700.000,0,-,-,-,-,4575.2000,4574.8000,4571.4000,4570.0000,4518.2000,4580.2000,4580.4000,4581.0000,4581.2000,4585.6000,1,1,1,5,1,1,1,1,3,1
SF,IF2106,2020-10-20 09:30:17.700,4577.8000,1260,0,24716700.000,0,-,-,-,-,4575.4000,4575.2000,4571.4000,4570.0000,4518.2000,4580.2000,4580.4000,4581.0000,4581.2000,4585.6000,1,2,1,5,1,1,1,1,3,1
SF,IF2106,2020-10-20 09:30:18.700,4577.8000,1260,0,24716700.000,0,-,-,-,-,4575.4000,4575.2000,4571.4000,4570.0000,4518.2000,4580.2000,4580.4000,4581.0000,4581.2000,4585.6000,1,1,1,5,1,1,1,1,3,1
SF,IF2106,2020-10-20 09:30:19.700,4577.8000,1260,0,24716700.000,0,-,-,-,-,4575.8000,4575.4000,4571.4000,4570.0000,4518.2000,4580.2000,4580.4000,4581.0000,4581.2000,4585.6000,1,1,1,5,1,1,1,1,3,1
SF,IF2106,2020-10-20 09:30:20.200,4577.8000,1260,0,24716700.000,0,-,-,-,-,4576.0000,4575.8000,4571.4000,4570.0000,4518.2000,4579.8000,4580.2000,4580.4000,4581.2000,4585.6000,1,1,1,5,1,1,1,1,3,1
SF,IF2106,2020-10-20 09:30:20.700,4577.8000,1260,0,24716700.000,0,-,-,-,-,4576.0000,4575.8000,4575.4000,4574.8000,4571.4000,4579.8000,4580.4000,4581.2000,4585.6000,4587.6000,1,1,1,1,1,1,1,3,1,1
SF,IF2106,2020-10-20 09:30:21.200,4577.8000,1260,0,24716700.000,0,-,-,-,-,4576.0000,4575.8000,4575.4000,4574.8000,4571.4000,4580.4000,4581.2000,4585.6000,4587.6000,4587.8000,1,1,1,1,1,1,3,1,1,2
SF,IF2106,2020-10-20 09:30:21.700,4577.8000,1260,0,24716700.000,0,-,-,-,-,4576.2000,4576.0000,4575.4000,4571.4000,4570.0000,4580.4000,4581.2000,4585.6000,4587.6000,4587.8000,1,1,1,1,5,1,3,1,1,2
SF,IF2106,2020-10-20 09:30:22.200,4577.8000,1260,0,24716700.000,0,-,-,-,-,4576.4000,4576.2000,4575.4000,4571.4000,4570.0000,4578.6000,4580.4000,4585.6000,4587.6000,4587.8000,1,1,1,1,5,3,1,1,1,2
SF,IF2106,2020-10-20 09:30:22.700,4576.4000,1261,1,26089620.000,1,1,0,双开,S,4575.4000,4571.4000,4570.0000,4518.2000,4500.0000,4578.6000,4580.4000,4585.6000,4587.6000,4587.8000,1,1,5,1,1,3,1,1,1,2
SF,IF2106,2020-10-20 09:30:23.200,4576.4000,1261,0,26089620.000,0,-,-,-,-,4575.4000,4571.4000,4570.0000,4518.2000,4500.0000,4578.6000,4580.4000,4582.6000,4585.6000,4587.6000,1,1,5,1,1,2,1,1,1,1
SF,IF2106,2020-10-20 09:30:23.700,4576.4000,1261,0,26089620.000,0,-,-,-,-,4575.4000,4571.4000,4565.0000,4518.2000,4500.0000,4578.6000,4580.4000,4582.6000,4585.6000,4587.6000,1,1,5,1,1,2,1,1,1,1
SF,IF2106,2020-10-20 09:30:24.200,4576.4000,1261,0,26089620.000,0,-,-,-,-,4571.4000,4565.0000,4518.2000,4500.0000,4497.2000,4578.6000,4580.4000,4582.6000,4585.6000,4587.6000,1,5,1,1,1,3,1,1,1,1
SF,IF2106,2020-10-20 09:30:24.700,4576.4000,1261,0,26089620.000,0,-,-,-,-,4571.6000,4571.4000,4565.0000,4518.2000,4500.0000,4580.4000,4582.6000,4585.6000,4587.6000,4587.8000,1,1,5,1,1,1,1,1,1,2
SF,IF2106,2020-10-20 09:30:25.200,4576.4000,1261,0,26089620.000,0,-,-,-,-,4571.6000,4571.4000,4565.0000,4518.2000,4500.0000,4578.6000,4580.4000,4582.6000,4585.6000,4587.6000,1,1,5,1,1,2,1,1,1,1
SF,IF2106,2020-10-20 09:30:25.700,4576.4000,1261,0,26089620.000,0,-,-,-,-,4572.8000,4571.6000,4571.4000,4565.0000,4518.2000,4579.4000,4580.4000,4582.6000,4585.6000,4587.6000,1,1,1,5,1,1,1,1,1,1
SF,IF2106,2020-10-20 09:30:26.200,4576.4000,1261,0,26089620.000,0,-,-,-,-,4573.2000,4573.0000,4572.8000,4571.4000,4565.0000,4579.4000,4580.4000,4582.6000,4585.6000,4587.6000,1,1,1,1,5,1,1,1,1,1
SF,IF2106,2020-10-20 09:30:26.700,4576.4000,1261,0,26089620.000,0,-,-,-,-,4573.4000,4573.2000,4572.8000,4571.4000,4565.0000,4579.4000,4580.4000,4582.6000,4585.6000,4587.6000,1,1,1,1,5,1,1,1,1,1
SF,IF2106,2020-10-20 09:30:27.200,4576.4000,1261,0,26089620.000,0,-,-,-,-,4573.8000,4573.4000,4573.2000,4571.4000,4565.0000,4579.4000,4580.4000,4582.6000,4585.6000,4587.6000,1,1,1,1,5,1,1,1,1,1
SF,IF2106,2020-10-20 09:30:27.700,4576.4000,1261,0,26089620.000,0,-,-,-,-,4574.0000,4573.8000,4573.2000,4571.4000,4565.0000,4579.4000,4580.4000,4582.6000,4585.6000,4587.6000,1,1,1,1,5,1,1,1,1,1
SF,IF2106,2020-10-20 09:30:28.200,4576.4000,1261,0,26089620.000,0,-,-,-,-,4574.2000,4574.0000,4573.8000,4571.4000,4565.0000,4579.4000,4580.4000,4582.6000,4585.6000,4587.6000,1,1,1,1,5,1,1,1,1,1
SF,IF2106,2020-10-20 09:30:28.700,4576.4000,1261,0,26089620.000,0,-,-,-,-,4574.6000,4574.4000,4574.2000,4571.4000,4565.0000,4579.4000,4580.4000,4582.6000,4584.8000,4585.6000,1,1,1,1,5,1,1,1,1,1
SF,IF2106,2020-10-20 09:30:29.200,4576.4000,1261,0,26089620.000,0,-,-,-,-,4574.6000,4574.2000,4571.4000,4565.0000,4518.2000,4579.2000,4579.4000,4580.4000,4582.6000,4584.8000,1,1,1,5,1,1,1,1,1,1
SF,IF2106,2020-10-20 09:30:30.700,4576.4000,1261,0,26089620.000,0,-,-,-,-,4574.6000,4574.2000,4571.4000,4565.0000,4518.2000,4579.0000,4579.2000,4580.4000,4582.6000,4584.8000,1,1,1,5,1,1,1,1,1,1
SF,IF2106,2020-10-20 09:30:31.200,4576.4000,1261,0,26089620.000,0,-,-,-,-,4574.6000,4574.2000,4571.4000,4565.0000,4518.2000,4579.2000,4580.4000,4582.6000,4584.8000,4587.8000,1,1,1,5,1,1,1,1,1,2
SF,IF2106,2020-10-20 09:30:31.700,4576.4000,1261,0,26089620.000,0,-,-,-,-,4574.6000,4574.2000,4571.4000,4565.0000,4518.2000,4578.6000,4579.2000,4580.4000,4582.6000,4584.8000,1,1,1,5,1,2,1,1,1,1
SF,IF2106,2020-10-20 09:30:32.200,4576.4000,1261,0,26089620.000,0,-,-,-,-,4574.6000,4574.2000,4571.4000,4565.0000,4518.2000,4578.6000,4579.2000,4580.4000,4582.6000,4584.8000,1,1,1,5,1,3,1,1,1,1
SF,IF2106,2020-10-20 09:30:33.700,4576.4000,1261,0,26089620.000,0,-,-,-,-,4574.6000,4571.4000,4565.0000,4518.2000,4500.0000,4578.6000,4579.2000,4580.4000,4582.6000,4584.8000,1,1,5,1,1,3,1,1,1,1
SF,IF2106,2020-10-20 09:30:34.200,4574.6000,1260,-1,27462000.000,1,0,1,双平,S,4571.4000,4565.0000,4518.2000,4500.0000,4497.2000,4578.6000,4579.2000,4580.4000,4582.6000,4584.8000,1,5,1,1,1,3,1,1,1,1
SF,IF2106,2020-10-20 09:30:34.700,4574.6000,1260,0,27462000.000,0,-,-,-,-,4571.4000,4565.0000,4518.2000,4500.0000,4497.2000,4578.4000,4578.6000,4580.4000,4582.6000,4584.8000,1,5,1,1,1,1,3,1,1,1
SF,IF2106,2020-10-20 09:30:35.200,4574.6000,1260,0,27462000.000,0,-,-,-,-,4571.4000,4565.0000,4518.2000,4500.0000,4497.2000,4578.2000,4578.4000,4578.6000,4580.4000,4582.6000,1,5,1,1,1,1,1,3,1,1
SF,IF2106,2020-10-20 09:30:35.700,4574.6000,1260,0,27462000.000,0,-,-,-,-,4572.8000,4571.4000,4565.0000,4518.2000,4500.0000,4578.0000,4578.2000,4580.4000,4582.6000,4584.8000,1,1,5,1,1,1,1,1,1,1
SF,IF2106,2020-10-20 09:30:36.700,4574.6000,1260,0,27462000.000,0,-,-,-,-,4573.4000,4573.2000,4573.0000,4572.8000,4571.4000,4578.0000,4578.2000,4582.6000,4584.8000,4587.8000,1,1,1,1,1,1,1,1,1,2
SF,IF2106,2020-10-20 09:30:37.200,4574.6000,1260,0,27462000.000,0,-,-,-,-,4573.4000,4573.2000,4573.0000,4572.8000,4571.4000,4578.0000,4582.6000,4584.8000,4587.8000,4588.0000,1,1,1,1,1,1,1,1,2,1
SF,IF2106,2020-10-20 09:30:37.700,4578.0000,1261,1,28835400.000,1,1,0,双开,S,4573.4000,4573.2000,4573.0000,4572.8000,4571.4000,4582.6000,4584.8000,4587.8000,4588.0000,4596.8000,1,1,1,1,1,1,1,2,1,10
SF,IF2106,2020-10-20 09:30:38.200,4578.0000,1261,0,28835400.000,0,-,-,-,-,4573.8000,4573.6000,4573.4000,4573.2000,4573.0000,4580.4000,4581.2000,4582.6000,4584.8000,4587.8000,1,1,1,1,1,1,3,1,1,2
SF,IF2106,2020-10-20 09:30:38.700,4578.0000,1261,0,28835400.000,0,-,-,-,-,4574.0000,4573.8000,4573.4000,4573.0000,4572.8000,4581.2000,4582.6000,4587.8000,4588.0000,4596.8000,2,1,1,1,1,3,1,2,1,10
SF,IF2106,2020-10-20 09:30:39.200,4578.0000,1261,0,28835400.000,0,-,-,-,-,4574.4000,4574.2000,4574.0000,4573.8000,4571.4000,4580.0000,4580.4000,4581.2000,4582.6000,4587.8000,1,1,2,1,1,1,1,3,1,2
SF,IF2106,2020-10-20 09:30:39.700,4578.0000,1261,0,28835400.000,0,-,-,-,-,4574.8000,4574.6000,4574.4000,4574.2000,4574.0000,4580.4000,4581.2000,4587.8000,4588.0000,4596.8000,1,1,1,1,1,1,3,2,1,10
SF,IF2106,2020-10-20 09:30:40.200,4578.0000,1261,0,28835400.000,0,-,-,-,-,4575.0000,4574.8000,4574.4000,4573.8000,4571.4000,4580.4000,4581.2000,4583.6000,4587.8000,4588.0000,2,2,1,1,1,1,3,1,2,1
SF,IF2106,2020-10-20 09:30:40.700,4578.0000,1261,0,28835400.000,0,-,-,-,-,4575.2000,4575.0000,4574.8000,4571.4000,4565.0000,4580.4000,4581.2000,4583.6000,4587.8000,4588.0000,1,2,2,1,5,1,3,1,2,1
SF,IF2106,2020-10-20 09:30:41.200,4578.0000,1261,0,28835400.000,0,-,-,-,-,4575.4000,4575.2000,4575.0000,4574.8000,4571.4000,4580.2000,4580.4000,4581.2000,4583.6000,4587.8000,1,1,1,2,1,1,1,3,1,2
SF,IF2106,2020-10-20 09:30:41.700,4578.0000,1261,0,28835400.000,0,-,-,-,-,4575.6000,4575.4000,4575.2000,4575.0000,4574.8000,4580.2000,4580.4000,4581.2000,4583.6000,4587.8000,1,1,1,1,1,1,1,3,1,2
SF,IF2106,2020-10-20 09:30:43.200,4578.0000,1261,0,28835400.000,0,-,-,-,-,4575.6000,4575.4000,4575.2000,4575.0000,4571.4000,4580.2000,4580.4000,4581.2000,4583.2000,4583.6000,1,1,1,1,1,1,1,3,1,1
SF,IF2106,2020-10-20 09:30:43.700,4578.0000,1261,0,28835400.000,0,-,-,-,-,4575.6000,4575.4000,4575.2000,4575.0000,4571.4000,4580.2000,4580.4000,4581.2000,4583.2000,4583.6000,1,2,1,1,1,1,1,3,1,1
SF,IF2106,2020-10-20 09:30:44.700,4578.0000,1261,0,28835400.000,0,-,-,-,-,4575.6000,4575.4000,4575.2000,4575.0000,4571.4000,4580.2000,4580.4000,4581.2000,4583.2000,4583.6000,1,2,1,1,1,1,1,3,1,1
SF,IF2106,2020-10-20 09:30:45.200,4578.0000,1261,0,28835400.000,0,-,-,-,-,4575.6000,4575.4000,4575.2000,4571.4000,4565.0000,4580.2000,4580.4000,4581.2000,4583.2000,4583.6000,1,2,1,1,5,1,1,3,1,1
SF,IF2106,2020-10-20 09:30:45.700,4578.0000,1261,0,28835400.000,0,-,-,-,-,4575.6000,4575.4000,4575.2000,4571.4000,4565.0000,4579.8000,4580.2000,4580.4000,4581.2000,4583.2000,1,2,1,1,5,1,1,1,3,1
SF,IF2106,2020-10-20 09:30:47.200,4578.0000,1261,0,28835400.000,0,-,-,-,-,4575.6000,4575.4000,4575.2000,4571.4000,4565.0000,4579.4000,4579.8000,4580.4000,4581.2000,4583.2000,1,2,1,1,5,1,1,1,3,1
SF,IF2106,2020-10-20 09:30:47.700,4578.0000,1261,0,28835400.000,0,-,-,-,-,4575.6000,4575.4000,4575.2000,4571.4000,4565.0000,4579.4000,4579.8000,4580.4000,4581.2000,4583.2000,1,1,1,1,5,1,1,1,3,1
SF,IF2106,2020-10-20 09:30:48.700,4578.0000,1261,0,28835400.000,0,-,-,-,-,4575.6000,4575.4000,4575.2000,4571.4000,4565.0000,4578.6000,4579.4000,4579.8000,4580.4000,4581.2000,1,1,1,1,5,2,1,1,1,1
SF,IF2106,2020-10-20 09:30:49.200,4578.0000,1261,0,28835400.000,0,-,-,-,-,4575.6000,4575.4000,4575.2000,4571.4000,4565.0000,4578.6000,4579.4000,4579.8000,4580.4000,4581.2000,1,1,1,1,5,2,1,1,1,1
SF,IF2106,2020-10-20 09:30:49.700,4578.0000,1261,0,28835400.000,0,-,-,-,-,4575.6000,4575.2000,4571.4000,4565.0000,4529.2000,4578.6000,4579.4000,4579.8000,4580.4000,4583.2000,1,1,1,5,6,3,1,1,1,1
SF,IF2106,2020-10-20 09:30:50.200,4578.0000,1261,0,28835400.000,0,-,-,-,-,4575.6000,4575.2000,4571.4000,4565.0000,4529.2000,4578.6000,4579.8000,4580.4000,4583.2000,4587.2000,1,1,1,5,6,3,1,1,1,3
SF,IF2106,2020-10-20 09:30:50.700,4575.6000,1260,-1,30208080.000,1,0,1,双平,S,4575.2000,4571.4000,4565.0000,4529.2000,4518.2000,4578.2000,4578.6000,4579.8000,4583.2000,4587.2000,1,1,5,6,1,1,3,1,1,3
SF,IF2106,2020-10-20 09:30:51.200,4575.6000,1260,0,30208080.000,0,-,-,-,-,4571.4000,4565.0000,4529.2000,4518.2000,4500.0000,4578.2000,4578.6000,4579.8000,4583.2000,4587.2000,1,5,6,1,1,1,3,1,1,3
SF,IF2106,2020-10-20 09:30:51.700,4575.6000,1260,0,30208080.000,0,-,-,-,-,4571.6000,4571.4000,4565.0000,4529.2000,4518.2000,4578.2000,4578.6000,4579.8000,4583.2000,4587.2000,1,1,5,6,1,1,3,1,1,3
SF,IF2106,2020-10-20 09:30:52.200,4575.6000,1260,0,30208080.000,0,-,-,-,-,4571.6000,4571.4000,4565.0000,4529.2000,4518.2000,4577.6000,4578.0000,4578.2000,4578.6000,4579.8000,1,1,5,6,1,1,1,1,3,1
SF,IF2106,2020-10-20 09:30:52.700,4575.6000,1260,0,30208080.000,0,-,-,-,-,4572.4000,4571.6000,4571.4000,4565.0000,4529.2000,4577.6000,4578.0000,4578.2000,4578.6000,4579.8000,1,1,1,5,6,1,1,1,3,1
SF,IF2106,2020-10-20 09:30:53.200,4575.6000,1260,0,30208080.000,0,-,-,-,-,4572.6000,4572.4000,4571.4000,4565.0000,4529.2000,4577.6000,4578.0000,4578.2000,4578.6000,4579.8000,1,1,1,5,6,1,1,1,3,1
SF,IF2106,2020-10-20 09:30:54.200,4575.6000,1260,0,30208080.000,0,-,-,-,-,4572.8000,4572.6000,4572.4000,4571.4000,4565.0000,4577.6000,4578.0000,4578.2000,4578.6000,4579.8000,1,1,1,1,5,1,1,1,3,1
SF,IF2106,2020-10-20 09:30:54.700,4575.6000,1260,0,30208080.000,0,-,-,-,-,4573.0000,4572.8000,4572.4000,4571.4000,4565.0000,4577.6000,4578.0000,4578.2000,4578.6000,4579.2000,1,1,1,1,5,1,1,1,3,2
SF,IF2106,2020-10-20 09:30:58.200,4575.6000,1260,0,30208080.000,0,-,-,-,-,4573.0000,4572.8000,4572.4000,4571.4000,4565.0000,4577.6000,4578.0000,4578.6000,4579.2000,4579.8000,1,1,1,1,5,1,1,3,2,1
SF,IF2106,2020-10-20 09:30:58.700,4575.6000,1260,0,30208080.000,0,-,-,-,-,4573.0000,4572.8000,4572.4000,4571.4000,4565.0000,4577.6000,4578.6000,4579.2000,4579.8000,4583.2000,1,1,1,1,5,1,3,2,1,1
SF,IF2106,2020-10-20 09:30:59.200,4575.6000,1260,0,30208080.000,0,-,-,-,-,4573.4000,4573.0000,4572.4000,4571.4000,4565.0000,4577.6000,4578.6000,4579.2000,4579.8000,4583.2000,1,1,1,1,5,1,3,2,1,1
SF,IF2106,2020-10-20 09:31:00.200,4575.6000,1260,0,30208080.000,0,-,-,-,-,4573.4000,4573.2000,4573.0000,4572.4000,4571.4000,4577.6000,4578.6000,4579.8000,4583.2000,4587.2000,1,1,1,1,1,1,3,1,1,3
SF,IF2106,2020-10-20 09:31:00.700,4575.6000,1260,0,30208080.000,0,-,-,-,-,4573.6000,4573.4000,4573.2000,4573.0000,4572.4000,4577.6000,4578.6000,4579.8000,4583.2000,4587.2000,1,1,1,1,1,1,3,1,1,3
SF,IF2106,2020-10-20 09:31:01.200,4575.6000,1260,0,30208080.000,0,-,-,-,-,4573.6000,4573.4000,4573.2000,4573.0000,4572.4000,4577.4000,4577.6000,4578.6000,4579.8000,4583.2000,1,1,1,1,1,1,1,3,1,1
SF,IF2106,2020-10-20 09:31:01.700,4575.6000,1260,0,30208080.000,0,-,-,-,-,4573.6000,4573.4000,4573.2000,4573.0000,4572.4000,4577.4000,4577.6000,4578.6000,4583.2000,4587.2000,1,1,1,1,1,1,1,3,1,3
SF,IF2106,2020-10-20 09:31:03.200,4573.6000,1259,-1,31580160.000,1,0,1,双平,S,4573.4000,4573.2000,4573.0000,4572.4000,4571.4000,4577.4000,4577.6000,4578.6000,4583.2000,4587.2000,1,1,1,1,1,1,1,3,1,3
SF,IF2106,2020-10-20 09:31:03.700,4573.6000,1259,0,31580160.000,0,-,-,-,-,4573.4000,4573.2000,4573.0000,4572.4000,4571.4000,4577.4000,4578.6000,4583.2000,4587.2000,4588.0000,1,1,1,1,1,1,3,1,3,1
SF,IF2106,2020-10-20 09:31:04.200,4573.6000,1259,0,31580160.000,0,-,-,-,-,4573.2000,4573.0000,4572.4000,4571.4000,4565.0000,4577.4000,4578.6000,4583.2000,4587.2000,4588.0000,1,1,1,1,5,1,3,1,3,1
SF,IF2106,2020-10-20 09:31:04.700,4573.6000,1259,0,31580160.000,0,-,-,-,-,4573.4000,4573.2000,4573.0000,4572.4000,4571.4000,4577.4000,4578.6000,4583.2000,4587.2000,4588.0000,1,1,1,1,1,1,3,1,3,1
SF,IF2106,2020-10-20 09:31:05.200,4573.6000,1259,0,31580160.000,0,-,-,-,-,4573.2000,4573.0000,4572.4000,4571.4000,4565.0000,4577.4000,4578.6000,4583.2000,4587.2000,4588.0000,1,1,1,1,5,1,3,1,3,1
SF,IF2106,2020-10-20 09:31:06.700,4573.6000,1259,0,31580160.000,0,-,-,-,-,4573.0000,4571.4000,4565.0000,4529.2000,4500.0000,4577.4000,4578.6000,4583.2000,4587.2000,4588.0000,1,1,5,6,1,1,3,1,3,1
SF,IF2106,2020-10-20 09:31:08.700,4573.6000,1259,0,31580160.000,0,-,-,-,-,4573.2000,4573.0000,4571.4000,4565.0000,4529.2000,4577.4000,4578.6000,4583.2000,4587.2000,4588.0000,1,1,1,5,6,1,3,1,3,1
SF,IF2106,2020-10-20 09:31:09.200,4573.6000,1259,0,31580160.000,0,-,-,-,-,4573.4000,4573.2000,4573.0000,4571.4000,4565.0000,4577.4000,4578.6000,4583.2000,4587.2000,4588.0000,1,1,1,1,5,1,3,1,3,1
SF,IF2106,2020-10-20 09:31:10.200,4573.6000,1259,0,31580160.000,0,-,-,-,-,4573.4000,4573.2000,4573.0000,4571.4000,4565.0000,4577.2000,4577.4000,4578.6000,4583.2000,4587.2000,1,1,1,1,5,1,1,3,1,3
SF,IF2106,2020-10-20 09:31:10.700,4573.6000,1259,0,31580160.000,0,-,-,-,-,4573.4000,4573.2000,4571.4000,4565.0000,4529.2000,4577.0000,4577.2000,4578.6000,4583.2000,4587.2000,1,1,1,5,6,1,1,3,1,3
SF,IF2106,2020-10-20 09:31:11.200,4573.6000,1259,0,31580160.000,0,-,-,-,-,4573.6000,4573.4000,4571.4000,4565.0000,4529.2000,4577.0000,4577.2000,4578.6000,4583.2000,4587.2000,1,1,1,5,6,1,1,3,1,3
SF,IF2106,2020-10-20 09:31:11.700,4573.6000,1259,0,31580160.000,0,-,-,-,-,4573.8000,4573.6000,4571.4000,4565.0000,4529.2000,4577.0000,4577.2000,4578.6000,4583.2000,4587.2000,1,2,1,5,6,1,1,3,1,3
SF,IF2106,2020-10-20 09:31:12.200,4573.6000,1259,0,31580160.000,0,-,-,-,-,4574.0000,4573.8000,4573.6000,4571.4000,4565.0000,4578.6000,4583.2000,4587.2000,4588.0000,4596.8000,1,1,2,1,5,2,1,3,1,10
SF,IF2106,2020-10-20 09:31:12.700,4573.6000,1259,0,31580160.000,0,-,-,-,-,4574.2000,4574.0000,4573.6000,4571.4000,4565.0000,4578.4000,4583.2000,4587.2000,4588.0000,4596.8000,1,1,2,1,5,1,1,3,1,10
SF,IF2106,2020-10-20 09:31:13.200,4573.6000,1259,0,31580160.000,0,-,-,-,-,4574.2000,4574.0000,4573.6000,4571.4000,4565.0000,4583.2000,4587.2000,4588.0000,4596.8000,4610.0000,1,1,2,1,5,1,3,1,10,5
SF,IF2106,2020-10-20 09:31:13.700,4573.6000,1259,0,31580160.000,0,-,-,-,-,4574.6000,4574.4000,4574.2000,4573.6000,4571.4000,4580.4000,4581.2000,4583.0000,4583.2000,4587.2000,1,3,1,1,1,1,3,1,1,3
SF,IF2106,2020-10-20 09:31:14.200,4573.6000,1259,0,31580160.000,0,-,-,-,-,4574.8000,4574.6000,4574.4000,4573.6000,4571.4000,4580.2000,4580.4000,4581.2000,4583.2000,4587.2000,2,2,2,1,1,1,1,3,1,3
SF,IF2106,2020-10-20 09:31:14.700,4573.6000,1259,0,31580160.000,0,-,-,-,-,4574.8000,4574.6000,4574.4000,4573.6000,4571.4000,4580.2000,4581.2000,4583.2000,4587.2000,4588.0000,2,2,2,1,1,1,3,1,3,1
SF,IF2106,2020-10-20 09:31:15.200,4573.6000,1259,0,31580160.000,0,-,-,-,-,4575.4000,4575.2000,4574.8000,4574.6000,4574.4000,4580.2000,4581.2000,4583.0000,4583.2000,4587.2000,1,1,2,1,1,1,3,2,1,3
SF,IF2106,2020-10-20 09:31:15.700,4573.6000,1259,0,31580160.000,0,-,-,-,-,4575.6000,4575.4000,4575.2000,4574.4000,4573.6000,4579.8000,4580.2000,4581.2000,4583.0000,4583.2000,2,1,1,1,1,1,1,3,2,1
SF,IF2106,2020-10-20 09:31:16.200,4573.6000,1259,0,31580160.000,0,-,-,-,-,4575.6000,4575.4000,4575.2000,4574.4000,4573.6000,4579.6000,4579.8000,4581.2000,4583.0000,4583.2000,1,1,1,1,1,1,1,3,2,1
SF,IF2106,2020-10-20 09:31:16.700,4573.6000,1259,0,31580160.000,0,-,-,-,-,4576.4000,4575.6000,4575.4000,4574.4000,4573.6000,4579.6000,4581.2000,4583.0000,4583.2000,4587.2000,1,1,1,1,1,1,3,2,1,3
SF,IF2106,2020-10-20 09:31:17.200,4573.6000,1259,0,31580160.000,0,-,-,-,-,4576.4000,4575.6000,4575.4000,4574.4000,4574.0000,4579.6000,4581.2000,4583.0000,4583.2000,4587.2000,1,1,1,1,1,1,3,2,1,3
SF,IF2106,2020-10-20 09:31:17.700,4579.6000,1259,0,32954040.000,1,0,1,多换,S,4576.4000,4575.6000,4575.4000,4574.4000,4574.0000,4581.2000,4583.0000,4583.2000,4587.2000,4588.0000,1,1,1,1,1,3,2,1,3,1
SF,IF2106,2020-10-20 09:31:18.200,4579.6000,1259,0,32954040.000,0,-,-,-,-,4576.6000,4576.4000,4575.4000,4574.4000,4574.0000,4581.0000,4581.2000,4583.0000,4587.2000,4588.0000,2,1,1,1,1,1,3,2,3,1
SF,IF2106,2020-10-20 09:31:18.700,4579.6000,1259,0,32954040.000,0,-,-,-,-,4576.6000,4576.4000,4575.4000,4574.0000,4573.6000,4580.4000,4581.0000,4581.2000,4583.0000,4587.2000,2,1,1,1,1,1,1,3,2,3
SF,IF2106,2020-10-20 09:31:19.200,4579.6000,1259,0,32954040.000,0,-,-,-,-,4576.6000,4576.4000,4575.4000,4574.0000,4573.6000,4581.0000,4581.2000,4583.0000,4587.2000,4588.0000,1,1,1,1,1,1,3,2,3,1
SF,IF2106,2020-10-20 09:31:19.700,4579.6000,1259,0,32954040.000,0,-,-,-,-,4576.6000,4576.4000,4575.4000,4575.0000,4574.0000,4581.0000,4581.2000,4583.0000,4587.2000,4588.0000,1,1,1,5,1,1,3,2,3,1
SF,IF2106,2020-10-20 09:31:20.200,4579.6000,1259,0,32954040.000,0,-,-,-,-,4577.0000,4576.6000,4575.4000,4574.0000,4573.6000,4581.2000,4583.0000,4587.2000,4588.0000,4596.8000,1,1,1,1,1,3,2,3,1,10
SF,IF2106,2020-10-20 09:31:20.700,4579.6000,1259,0,32954040.000,0,-,-,-,-,4577.2000,4577.0000,4575.4000,4574.0000,4571.4000,4581.0000,4583.0000,4586.6000,4587.2000,4588.0000,1,1,1,1,1,1,2,2,3,1
SF,IF2106,2020-10-20 09:31:21.200,4579.6000,1259,0,32954040.000,0,-,-,-,-,4577.2000,4577.0000,4575.4000,4574.0000,4571.4000,4583.0000,4586.6000,4587.2000,4588.0000,4596.8000,1,1,1,1,1,2,2,3,1,10
SF,IF2106,2020-10-20 09:31:21.700,4579.6000,1259,0,32954040.000,0,-,-,-,-,4577.4000,4577.2000,4575.4000,4574.0000,4571.4000,4582.6000,4582.8000,4586.0000,4586.6000,4587.2000,1,1,1,1,1,1,1,2,2,3
SF,IF2106,2020-10-20 09:31:22.200,4579.6000,1259,0,32954040.000,0,-,-,-,-,4577.6000,4577.4000,4575.4000,4574.0000,4571.4000,4582.4000,4582.6000,4586.0000,4586.6000,4587.2000,1,1,1,1,1,1,1,2,2,3
SF,IF2106,2020-10-20 09:31:22.700,4579.6000,1259,0,32954040.000,0,-,-,-,-,4577.8000,4577.6000,4575.4000,4574.0000,4571.4000,4582.4000,4582.6000,4586.0000,4586.6000,4587.2000,1,1,1,1,1,1,1,2,2,3
SF,IF2106,2020-10-20 09:31:23.200,4579.6000,1259,0,32954040.000,0,-,-,-,-,4578.0000,4577.8000,4575.4000,4574.0000,4571.4000,4582.4000,4582.6000,4586.0000,4586.6000,4587.2000,1,1,1,1,1,1,1,2,2,3
SF,IF2106,2020-10-20 09:31:24.200,4579.6000,1259,0,32954040.000,0,-,-,-,-,4578.0000,4577.8000,4577.0000,4575.4000,4574.0000,4582.4000,4582.6000,4586.0000,4586.6000,4587.2000,1,1,1,1,1,1,1,2,2,3
SF,IF2106,2020-10-20 09:31:25.200,4579.6000,1259,0,32954040.000,0,-,-,-,-,4578.0000,4577.8000,4577.4000,4577.0000,4575.4000,4582.4000,4582.6000,4586.0000,4586.6000,4587.2000,1,1,1,1,1,1,1,2,2,3
SF,IF2106,2020-10-20 09:31:25.700,4579.6000,1259,0,32954040.000,0,-,-,-,-,4578.0000,4577.8000,4577.4000,4577.0000,4575.4000,4581.2000,4582.4000,4582.6000,4586.0000,4586.6000,1,1,1,1,1,2,1,1,2,2
SF,IF2106,2020-10-20 09:31:26.200,4579.6000,1259,0,32954040.000,0,-,-,-,-,4578.0000,4577.4000,4577.0000,4575.4000,4574.0000,4582.4000,4582.6000,4586.0000,4586.6000,4587.2000,1,1,1,1,1,1,1,2,2,3
SF,IF2106,2020-10-20 09:31:28.200,4579.6000,1259,0,32954040.000,0,-,-,-,-,4578.2000,4578.0000,4577.4000,4577.0000,4575.4000,4582.4000,4582.6000,4586.0000,4586.6000,4587.2000,1,1,1,1,1,1,1,2,2,3
SF,IF2106,2020-10-20 09:31:28.700,4579.6000,1259,0,32954040.000,0,-,-,-,-,4578.2000,4577.4000,4577.0000,4575.4000,4574.0000,4581.2000,4582.4000,4582.6000,4586.0000,4586.6000,1,1,1,1,1,1,1,1,2,2
SF,IF2106,2020-10-20 09:31:29.200,4579.6000,1259,0,32954040.000,0,-,-,-,-,4578.2000,4577.4000,4577.0000,4575.4000,4574.0000,4581.0000,4581.2000,4582.6000,4586.0000,4586.6000,1,1,1,1,1,1,2,1,2,2
SF,IF2106,2020-10-20 09:31:29.700,4579.6000,1259,0,32954040.000,0,-,-,-,-,4578.2000,4577.4000,4577.0000,4575.4000,4574.0000,4581.0000,4581.2000,4582.6000,4586.0000,4586.6000,1,1,1,1,1,1,1,1,2,2
SF,IF2106,2020-10-20 09:31:30.700,4579.6000,1259,0,32954040.000,0,-,-,-,-,4577.4000,4577.0000,4575.4000,4574.0000,4571.4000,4580.4000,4581.0000,4581.2000,4586.0000,4586.6000,1,1,1,1,1,1,1,1,2,2
SF,IF2106,2020-10-20 09:31:31.200,4579.6000,1259,0,32954040.000,0,-,-,-,-,4577.0000,4575.4000,4574.0000,4571.4000,4570.0000,4580.2000,4581.2000,4586.0000,4586.6000,4587.2000,1,1,1,1,5,1,1,2,2,3
SF,IF2106,2020-10-20 09:31:31.700,4579.6000,1259,0,32954040.000,0,-,-,-,-,4577.2000,4577.0000,4575.4000,4574.0000,4571.4000,4580.2000,4581.2000,4586.0000,4586.6000,4587.2000,1,1,1,1,1,1,1,2,2,3
SF,IF2106,2020-10-20 09:31:32.200,4579.6000,1259,0,32954040.000,0,-,-,-,-,4577.2000,4577.0000,4575.4000,4574.0000,4571.4000,4581.2000,4586.0000,4586.6000,4587.2000,4588.0000,1,1,1,1,1,1,2,2,3,1
SF,IF2106,2020-10-20 09:31:32.700,4579.6000,1259,0,32954040.000,0,-,-,-,-,4577.2000,4577.0000,4575.4000,4574.0000,4571.4000,4581.0000,4581.2000,4586.0000,4586.6000,4587.2000,1,1,1,1,1,1,3,2,2,3
SF,IF2106,2020-10-20 09:31:34.200,4579.6000,1259,0,32954040.000,0,-,-,-,-,4577.2000,4577.0000,4575.4000,4574.0000,4571.4000,4580.4000,4581.0000,4581.2000,4586.0000,4586.6000,1,1,1,1,1,1,1,3,2,2
SF,IF2106,2020-10-20 09:31:34.700,4579.6000,1259,0,32954040.000,0,-,-,-,-,4577.0000,4575.4000,4574.0000,4571.4000,4570.0000,4580.2000,4580.4000,4581.2000,4586.0000,4586.6000,1,1,1,1,5,1,1,3,2,2
SF,IF2106,2020-10-20 09:31:35.200,4579.6000,1259,0,32954040.000,0,-,-,-,-,4577.0000,4575.4000,4574.0000,4571.4000,4570.0000,4580.2000,4580.4000,4581.2000,4586.0000,4586.6000,1,1,1,1,5,1,1,3,2,2
SF,IF2106,2020-10-20 09:31:35.700,4579.6000,1259,0,32954040.000,0,-,-,-,-,4577.0000,4575.4000,4571.4000,4570.0000,4529.2000,4580.2000,4580.4000,4581.2000,4586.0000,4586.6000,1,1,1,5,6,1,1,3,2,2
SF,IF2106,2020-10-20 09:31:37.700,4579.6000,1259,0,32954040.000,0,-,-,-,-,4577.0000,4575.4000,4571.4000,4570.0000,4529.2000,4580.2000,4580.4000,4581.2000,4586.0000,4586.6000,1,1,1,5,6,1,1,3,2,2
SF,IF2106,2020-10-20 09:31:44.200,4579.6000,1259,0,32954040.000,0,-,-,-,-,4577.0000,4575.4000,4571.4000,4570.0000,4529.2000,4579.8000,4580.2000,4580.4000,4581.2000,4586.0000,1,1,1,5,6,1,1,1,3,2
SF,IF2106,2020-10-20 09:31:44.700,4579.6000,1259,0,32954040.000,0,-,-,-,-,4577.0000,4575.4000,4571.4000,4570.0000,4529.2000,4579.6000,4579.8000,4580.4000,4581.2000,4586.0000,1,1,1,5,6,1,1,1,3,2
SF,IF2106,2020-10-20 09:31:46.200,4579.6000,1259,0,32954040.000,0,-,-,-,-,4577.0000,4575.4000,4571.4000,4570.0000,4529.2000,4579.6000,4581.2000,4586.0000,4586.6000,4587.2000,1,1,1,5,6,1,3,2,2,3
SF,IF2106,2020-10-20 09:31:46.700,4579.6000,1259,0,32954040.000,0,-,-,-,-,4577.2000,4577.0000,4575.4000,4571.4000,4570.0000,4581.2000,4586.0000,4586.6000,4587.2000,4588.0000,1,1,1,1,5,3,2,2,3,1
SF,IF2106,2020-10-20 09:31:47.200,4579.6000,1259,0,32954040.000,0,-,-,-,-,4577.2000,4577.0000,4575.4000,4571.4000,4570.0000,4581.0000,4581.2000,4586.0000,4586.6000,4587.2000,1,1,1,1,5,1,3,2,2,3
SF,IF2106,2020-10-20 09:31:48.200,4579.6000,1259,0,32954040.000,0,-,-,-,-,4577.2000,4577.0000,4575.4000,4571.4000,4570.0000,4580.4000,4581.0000,4581.2000,4585.6000,4586.6000,1,1,1,1,5,1,1,3,3,2
SF,IF2106,2020-10-20 09:31:48.700,4579.6000,1259,0,32954040.000,0,-,-,-,-,4577.2000,4577.0000,4575.4000,4571.4000,4570.0000,4580.2000,4580.4000,4581.2000,4585.6000,4586.6000,1,1,1,1,5,1,1,3,3,2
SF,IF2106,2020-10-20 09:31:49.200,4579.6000,1259,0,32954040.000,0,-,-,-,-,4577.2000,4577.0000,4575.4000,4571.4000,4570.0000,4580.2000,4581.2000,4585.6000,4586.6000,4587.2000,1,1,1,1,5,1,3,3,2,3
SF,IF2106,2020-10-20 09:31:49.700,4579.6000,1259,0,32954040.000,0,-,-,-,-,4577.2000,4577.0000,4575.4000,4571.4000,4570.0000,4581.2000,4585.6000,4586.6000,4587.2000,4588.0000,1,1,1,1,5,3,3,2,3,1
SF,IF2106,2020-10-20 09:31:50.200,4579.6000,1259,0,32954040.000,0,-,-,-,-,4577.2000,4577.0000,4575.4000,4571.4000,4570.0000,4581.0000,4581.2000,4585.6000,4586.6000,4587.2000,1,1,1,1,5,1,3,3,2,3
SF,IF2106,2020-10-20 09:31:51.200,4579.6000,1259,0,32954040.000,0,-,-,-,-,4577.2000,4577.0000,4575.4000,4571.4000,4570.0000,4580.4000,4581.0000,4581.2000,4585.6000,4586.6000,1,1,1,1,5,1,1,3,3,2
SF,IF2106,2020-10-20 09:31:51.700,4579.6000,1259,0,32954040.000,0,-,-,-,-,4577.0000,4575.4000,4571.4000,4570.0000,4529.2000,4580.2000,4580.4000,4581.2000,4585.6000,4586.6000,1,1,1,5,6,1,1,3,3,2
SF,IF2106,2020-10-20 09:31:55.200,4579.6000,1259,0,32954040.000,0,-,-,-,-,4577.2000,4577.0000,4575.4000,4571.4000,4570.0000,4580.2000,4580.4000,4581.2000,4585.6000,4586.6000,1,1,1,1,5,1,1,3,3,2
SF,IF2106,2020-10-20 09:31:57.700,4579.6000,1259,0,32954040.000,0,-,-,-,-,4577.2000,4577.0000,4575.4000,4571.4000,4570.0000,4578.6000,4580.2000,4580.4000,4581.2000,4585.6000,1,1,1,1,5,2,1,1,1,3
SF,IF2106,2020-10-20 09:31:58.200,4579.6000,1259,0,32954040.000,0,-,-,-,-,4577.2000,4577.0000,4575.4000,4571.4000,4570.0000,4580.2000,4580.4000,4581.2000,4585.6000,4586.6000,1,1,1,1,5,1,1,1,3,2
SF,IF2106,2020-10-20 09:31:58.700,4579.6000,1259,0,32954040.000,0,-,-,-,-,4577.0000,4575.4000,4571.4000,4570.0000,4529.2000,4580.2000,4580.4000,4581.2000,4585.6000,4586.6000,1,1,1,5,6,1,1,1,3,2
SF,IF2106,2020-10-20 09:31:59.700,4579.6000,1259,0,32954040.000,0,-,-,-,-,4577.0000,4575.4000,4571.4000,4570.0000,4529.2000,4579.4000,4580.2000,4580.4000,4581.2000,4585.6000,1,1,1,5,6,1,1,1,1,3
SF,IF2106,2020-10-20 09:32:00.200,4579.6000,1259,0,32954040.000,0,-,-,-,-,4577.0000,4571.4000,4570.0000,4529.2000,4500.0000,4578.6000,4579.2000,4579.4000,4580.4000,4581.2000,1,1,5,6,1,2,1,1,1,1
SF,IF2106,2020-10-20 09:32:00.700,4579.6000,1259,0,32954040.000,0,-,-,-,-,4577.0000,4571.4000,4570.0000,4529.2000,4500.0000,4578.4000,4578.6000,4579.4000,4580.4000,4581.2000,1,1,5,6,1,1,2,1,1,1
SF,IF2106,2020-10-20 09:32:01.200,4579.6000,1259,0,32954040.000,0,-,-,-,-,4577.0000,4571.4000,4570.0000,4529.2000,4500.0000,4578.4000,4578.6000,4579.4000,4580.4000,4581.2000,1,1,5,6,1,1,1,1,1,1
SF,IF2106,2020-10-20 09:32:01.700,4579.6000,1259,0,32954040.000,0,-,-,-,-,4577.0000,4571.4000,4570.0000,4529.2000,4500.0000,4578.4000,4579.4000,4580.4000,4581.2000,4585.6000,1,1,5,6,1,1,1,1,1,3
SF,IF2106,2020-10-20 09:32:02.200,4577.0000,1258,-1,34327140.000,1,0,1,双平,S,4571.4000,4570.0000,4529.2000,4500.0000,4497.2000,4579.4000,4580.4000,4581.2000,4585.6000,4586.6000,1,5,6,1,1,1,1,1,3,2
SF,IF2106,2020-10-20 09:32:02.700,4577.0000,1258,0,34327140.000,0,-,-,-,-,4571.6000,4571.4000,4570.0000,4529.2000,4500.0000,4578.2000,4578.6000,4579.2000,4579.4000,4585.6000,2,1,5,6,1,1,3,1,1,3
SF,IF2106,2020-10-20 09:32:04.200,4577.0000,1258,0,34327140.000,0,-,-,-,-,4572.0000,4571.6000,4571.4000,4570.0000,4529.2000,4578.2000,4578.6000,4579.2000,4579.4000,4585.6000,1,2,1,5,6,1,3,1,1,3
SF,IF2106,2020-10-20 09:32:04.700,4577.0000,1258,0,34327140.000,0,-,-,-,-,4572.2000,4572.0000,4571.4000,4570.0000,4529.2000,4578.2000,4578.6000,4579.4000,4585.6000,4586.6000,2,1,1,5,6,1,3,1,3,2
SF,IF2106,2020-10-20 09:32:05.200,4577.0000,1258,0,34327140.000,0,-,-,-,-,4572.6000,4572.2000,4572.0000,4571.4000,4570.0000,4577.4000,4578.0000,4578.2000,4578.6000,4585.6000,1,2,1,1,5,1,1,1,3,3
SF,IF2106,2020-10-20 09:32:05.700,4577.0000,1258,0,34327140.000,0,-,-,-,-,4573.0000,4572.8000,4572.6000,4572.0000,4571.4000,4577.4000,4578.2000,4578.6000,4585.6000,4586.6000,1,2,1,1,1,1,1,3,3,2
SF,IF2106,2020-10-20 09:32:06.200,4577.0000,1258,0,34327140.000,0,-,-,-,-,4573.6000,4573.2000,4573.0000,4572.8000,4572.0000,4577.4000,4578.2000,4578.6000,4581.0000,4586.6000,1,1,1,1,1,1,1,3,3,2
SF,IF2106,2020-10-20 09:32:06.700,4577.0000,1258,0,34327140.000,0,-,-,-,-,4573.8000,4573.6000,4572.8000,4572.0000,4571.4000,4577.2000,4577.4000,4578.2000,4578.6000,4581.0000,1,1,1,1,1,1,1,1,3,3
SF,IF2106,2020-10-20 09:32:07.700,4577.0000,1258,0,34327140.000,0,-,-,-,-,4573.8000,4572.8000,4572.0000,4571.4000,4570.0000,4576.0000,4577.2000,4577.4000,4578.2000,4578.6000,1,1,1,1,5,2,1,1,1,1
SF,IF2106,2020-10-20 09:32:08.200,4577.0000,1258,0,34327140.000,0,-,-,-,-,4573.8000,4572.0000,4571.4000,4570.0000,4529.2000,4576.0000,4577.2000,4577.4000,4578.2000,4581.0000,1,1,1,5,6,3,1,1,1,3
SF,IF2106,2020-10-20 09:32:08.700,4577.0000,1258,0,34327140.000,0,-,-,-,-,4573.8000,4571.4000,4570.0000,4529.2000,4500.0000,4576.0000,4577.2000,4577.4000,4578.2000,4581.0000,1,1,5,6,1,3,1,1,1,3
SF,IF2106,2020-10-20 09:32:09.200,4577.0000,1258,0,34327140.000,0,-,-,-,-,4571.4000,4565.0000,4529.2000,4500.0000,4497.2000,4575.8000,4576.0000,4577.4000,4581.0000,4586.6000,1,5,6,1,1,1,4,1,3,2
SF,IF2106,2020-10-20 09:32:10.700,4577.0000,1258,0,34327140.000,0,-,-,-,-,4571.6000,4571.4000,4565.0000,4529.2000,4500.0000,4575.8000,4576.0000,4577.4000,4581.0000,4586.6000,1,1,5,6,1,1,4,1,3,2
SF,IF2106,2020-10-20 09:32:11.200,4577.0000,1258,0,34327140.000,0,-,-,-,-,4571.8000,4571.6000,4571.4000,4565.0000,4529.2000,4575.8000,4576.0000,4577.4000,4581.0000,4586.6000,1,1,1,5,6,1,4,1,3,2
SF,IF2106,2020-10-20 09:32:11.700,4577.0000,1258,0,34327140.000,0,-,-,-,-,4571.8000,4571.6000,4571.4000,4565.0000,4529.2000,4575.6000,4575.8000,4576.0000,4581.0000,4586.6000,1,1,1,5,6,1,1,4,3,2
SF,IF2106,2020-10-20 09:32:12.200,4577.0000,1258,0,34327140.000,0,-,-,-,-,4571.8000,4571.6000,4571.4000,4565.0000,4529.2000,4575.4000,4575.6000,4576.0000,4581.0000,4586.6000,1,1,1,5,6,1,1,4,3,2
SF,IF2106,2020-10-20 09:32:12.700,4577.0000,1258,0,34327140.000,0,-,-,-,-,4571.4000,4565.0000,4529.2000,4500.0000,4497.2000,4575.4000,4575.6000,4576.0000,4581.0000,4586.6000,1,5,6,1,1,1,1,4,3,2
SF,IF2106,2020-10-20 09:32:13.200,4577.0000,1258,0,34327140.000,0,-,-,-,-,4571.4000,4565.0000,4529.2000,4500.0000,4497.2000,4575.0000,4575.4000,4575.6000,4576.0000,4579.4000,1,5,6,1,1,1,1,1,4,2
SF,IF2106,2020-10-20 09:32:13.700,4577.0000,1258,0,34327140.000,0,-,-,-,-,4571.4000,4565.0000,4529.2000,4500.0000,4497.2000,4573.4000,4573.8000,4574.8000,4575.0000,4575.6000,1,5,6,1,1,3,1,1,1,1
SF,IF2106,2020-10-20 09:32:14.200,4577.0000,1258,0,34327140.000,0,-,-,-,-,4571.4000,4565.0000,4529.2000,4500.0000,4497.2000,4573.4000,4573.8000,4574.8000,4575.0000,4575.6000,1,5,6,1,1,2,1,1,1,1
SF,IF2106,2020-10-20 09:32:15.200,4577.0000,1258,0,34327140.000,0,-,-,-,-,4571.4000,4565.0000,4529.2000,4500.0000,4497.2000,4573.4000,4573.8000,4574.8000,4575.0000,4575.6000,1,5,6,1,1,3,1,1,1,1
SF,IF2106,2020-10-20 09:32:16.200,4577.0000,1258,0,34327140.000,0,-,-,-,-,4571.4000,4565.0000,4529.2000,4500.0000,4497.2000,4573.4000,4573.8000,4574.8000,4575.0000,4575.6000,1,5,6,1,1,2,1,1,1,1
SF,IF2106,2020-10-20 09:32:16.700,4571.6000,1258,0,35698620.000,1,0,1,多换,S,4571.4000,4565.0000,4529.2000,4500.0000,4497.2000,4574.8000,4575.0000,4575.6000,4579.4000,4581.0000,1,5,6,1,1,1,1,1,2,3
SF,IF2106,2020-10-20 09:32:17.200,4571.6000,1258,0,35698620.000,0,-,-,-,-,4571.4000,4565.0000,4529.2000,4500.0000,4497.2000,4574.8000,4575.6000,4579.4000,4581.0000,4587.2000,1,5,6,1,1,1,1,2,3,3
SF,IF2106,2020-10-20 09:32:17.700,4571.6000,1258,0,35698620.000,0,-,-,-,-,4571.4000,4565.0000,4529.2000,4500.0000,4497.2000,4573.4000,4573.8000,4574.8000,4579.4000,4581.0000,1,5,6,1,1,2,1,1,2,3
SF,IF2106,2020-10-20 09:32:18.200,4571.6000,1258,0,35698620.000,0,-,-,-,-,4571.4000,4565.0000,4529.2000,4500.0000,4497.2000,4573.2000,4573.4000,4573.8000,4579.4000,4581.0000,1,5,6,1,1,1,2,1,2,3
SF,IF2106,2020-10-20 09:32:18.700,4571.4000,1258,0,37070040.000,1,0,1,多换,S,4565.0000,4529.2000,4500.0000,4497.2000,4480.6000,4573.4000,4573.8000,4579.4000,4581.0000,4587.2000,5,6,1,1,1,2,1,2,3,3
SF,IF2106,2020-10-20 09:32:19.200,4571.4000,1258,0,37070040.000,0,-,-,-,-,4565.2000,4565.0000,4529.2000,4500.0000,4497.2000,4579.4000,4581.0000,4587.2000,4588.0000,4588.6000,2,5,6,1,1,2,3,3,1,1
SF,IF2106,2020-10-20 09:32:19.700,4571.4000,1258,0,37070040.000,0,-,-,-,-,4565.2000,4565.0000,4529.2000,4500.0000,4497.2000,4573.4000,4573.8000,4579.2000,4579.4000,4581.0000,2,5,6,1,1,3,1,1,2,3
SF,IF2106,2020-10-20 09:32:20.200,4571.4000,1258,0,37070040.000,0,-,-,-,-,4566.8000,4566.4000,4566.2000,4565.2000,4565.0000,4573.4000,4573.8000,4579.2000,4579.4000,4581.0000,1,1,1,2,5,3,1,1,2,3
SF,IF2106,2020-10-20 09:32:20.700,4571.4000,1258,0,37070040.000,0,-,-,-,-,4567.0000,4566.8000,4566.4000,4566.2000,4565.0000,4573.4000,4579.2000,4579.4000,4581.0000,4587.2000,2,1,1,1,5,1,1,2,3,3
SF,IF2106,2020-10-20 09:32:21.200,4571.4000,1258,0,37070040.000,0,-,-,-,-,4568.2000,4568.0000,4567.6000,4567.4000,4567.0000,4573.4000,4579.2000,4579.4000,4581.0000,4587.2000,1,1,1,1,2,3,1,2,3,3
SF,IF2106,2020-10-20 09:32:21.700,4571.4000,1258,0,37070040.000,0,-,-,-,-,4568.4000,4568.2000,4568.0000,4567.6000,4567.4000,4579.2000,4579.4000,4581.0000,4587.2000,4588.0000,2,1,2,1,1,1,2,3,3,1
SF,IF2106,2020-10-20 09:32:22.200,4571.4000,1258,0,37070040.000,0,-,-,-,-,4568.8000,4568.4000,4568.2000,4568.0000,4567.6000,4576.0000,4578.6000,4579.2000,4579.4000,4581.0000,1,2,1,2,1,4,2,1,2,3
SF,IF2106,2020-10-20 09:32:22.700,4571.4000,1258,0,37070040.000,0,-,-,-,-,4569.2000,4569.0000,4568.8000,4568.0000,4567.6000,4575.8000,4576.0000,4578.6000,4579.4000,4581.0000,1,2,2,2,1,1,4,2,2,3
SF,IF2106,2020-10-20 09:32:23.200,4571.4000,1258,0,37070040.000,0,-,-,-,-,4569.4000,4569.2000,4568.8000,4568.0000,4567.6000,4573.4000,4573.8000,4575.2000,4575.8000,4578.6000,2,1,2,2,1,3,1,1,1,2
SF,IF2106,2020-10-20 09:32:23.700,4571.4000,1258,0,37070040.000,0,-,-,-,-,4569.4000,4569.2000,4568.8000,4568.0000,4567.6000,4573.4000,4575.2000,4578.6000,4579.4000,4581.0000,2,1,1,2,1,2,1,2,2,3
SF,IF2106,2020-10-20 09:32:24.200,4571.4000,1258,0,37070040.000,0,-,-,-,-,4569.4000,4569.2000,4568.0000,4567.6000,4567.4000,4575.2000,4578.6000,4579.4000,4581.0000,4587.2000,2,1,2,1,1,1,2,2,3,3
SF,IF2106,2020-10-20 09:32:24.700,4571.4000,1258,0,37070040.000,0,-,-,-,-,4569.6000,4569.4000,4569.2000,4568.0000,4567.6000,4575.0000,4575.2000,4578.6000,4579.4000,4581.0000,2,1,1,2,1,1,1,2,2,3
SF,IF2106,2020-10-20 09:32:25.200,4571.4000,1258,0,37070040.000,0,-,-,-,-,4569.8000,4569.6000,4568.0000,4567.6000,4567.4000,4573.4000,4573.8000,4575.0000,4575.2000,4578.6000,3,2,2,1,1,3,1,1,1,2
SF,IF2106,2020-10-20 09:32:25.700,4571.4000,1258,0,37070040.000,0,-,-,-,-,4569.8000,4569.6000,4568.0000,4567.6000,4567.4000,4573.4000,4573.8000,4575.0000,4578.6000,4579.4000,3,1,2,1,1,3,1,1,2,2
SF,IF2106,2020-10-20 09:32:26.200,4571.4000,1258,0,37070040.000,0,-,-,-,-,4570.0000,4569.8000,4568.0000,4567.6000,4567.4000,4573.4000,4573.8000,4575.0000,4578.6000,4579.4000,1,3,1,1,1,3,1,1,2,2
SF,IF2106,2020-10-20 09:32:26.700,4571.4000,1258,0,37070040.000,0,-,-,-,-,4570.2000,4570.0000,4569.8000,4568.0000,4567.6000,4573.4000,4573.8000,4575.0000,4578.6000,4579.4000,2,1,1,1,1,3,1,1,2,2
SF,IF2106,2020-10-20 09:32:27.200,4571.4000,1258,0,37070040.000,0,-,-,-,-,4570.2000,4570.0000,4569.8000,4567.6000,4567.4000,4573.4000,4573.8000,4575.0000,4578.6000,4579.4000,2,1,1,1,1,3,1,1,2,2
SF,IF2106,2020-10-20 09:32:27.700,4571.4000,1258,0,37070040.000,0,-,-,-,-,4570.2000,4567.6000,4567.4000,4565.0000,4529.2000,4573.4000,4573.8000,4575.0000,4578.6000,4579.4000,2,1,1,5,6,3,1,1,2,2
SF,IF2106,2020-10-20 09:32:30.200,4571.4000,1258,0,37070040.000,0,-,-,-,-,4570.2000,4567.6000,4567.4000,4565.0000,4529.2000,4573.4000,4573.8000,4575.0000,4578.6000,4579.4000,1,1,1,5,6,3,1,1,2,2
SF,IF2106,2020-10-20 09:32:32.200,4571.4000,1258,0,37070040.000,0,-,-,-,-,4570.2000,4567.4000,4565.0000,4529.2000,4500.0000,4572.8000,4573.4000,4573.8000,4575.0000,4578.6000,1,1,5,6,1,1,3,1,1,2
SF,IF2106,2020-10-20 09:32:32.700,4571.4000,1258,0,37070040.000,0,-,-,-,-,4567.4000,4565.0000,4529.2000,4500.0000,4497.2000,4572.6000,4572.8000,4573.4000,4573.8000,4578.6000,1,5,6,1,1,1,1,3,1,2
SF,IF2106,2020-10-20 09:32:33.200,4571.4000,1258,0,37070040.000,0,-,-,-,-,4567.6000,4567.4000,4565.0000,4529.2000,4500.0000,4572.6000,4572.8000,4573.4000,4573.8000,4578.6000,2,1,5,6,1,1,1,3,1,2
SF,IF2106,2020-10-20 09:32:33.700,4571.4000,1258,0,37070040.000,0,-,-,-,-,4571.0000,4567.8000,4567.6000,4567.4000,4565.0000,4571.6000,4572.6000,4572.8000,4573.4000,4579.4000,1,1,2,1,5,1,1,1,3,2
SF,IF2106,2020-10-20 09:32:34.200,4571.0000,1258,0,38441340.000,1,0,1,多换,S,4567.8000,4567.6000,4567.4000,4565.0000,4529.2000,4572.6000,4572.8000,4573.4000,4575.2000,4581.0000,1,1,1,5,6,1,1,3,2,3
SF,IF2106,2020-10-20 09:32:34.700,4571.0000,1258,0,38441340.000,0,-,-,-,-,4568.0000,4567.8000,4567.4000,4565.0000,4529.2000,4571.6000,4572.6000,4572.8000,4573.4000,4575.2000,2,1,1,5,6,1,1,1,3,2
SF,IF2106,2020-10-20 09:32:35.200,4571.0000,1258,0,38441340.000,0,-,-,-,-,4568.0000,4567.8000,4567.4000,4565.0000,4529.2000,4572.8000,4573.4000,4575.2000,4581.0000,4587.2000,1,1,1,5,6,1,3,2,3,3
SF,IF2106,2020-10-20 09:32:35.700,4571.0000,1258,0,38441340.000,0,-,-,-,-,4568.2000,4568.0000,4567.8000,4567.4000,4565.0000,4571.6000,4572.6000,4572.8000,4573.4000,4575.2000,1,1,1,1,5,1,1,1,3,2
SF,IF2106,2020-10-20 09:32:36.200,4571.0000,1258,0,38441340.000,0,-,-,-,-,4568.4000,4567.8000,4567.4000,4565.0000,4558.6000,4571.6000,4572.6000,4572.8000,4573.4000,4575.2000,1,1,1,5,3,1,1,1,3,2
SF,IF2106,2020-10-20 09:32:36.700,4571.0000,1258,0,38441340.000,0,-,-,-,-,4568.4000,4567.8000,4567.4000,4565.0000,4558.6000,4570.8000,4571.6000,4572.6000,4572.8000,4573.4000,2,1,1,5,3,2,1,1,1,1
SF,IF2106,2020-10-20 09:32:37.200,4571.0000,1258,0,38441340.000,0,-,-,-,-,4568.8000,4568.4000,4567.4000,4560.0000,4558.6000,4571.6000,4572.6000,4572.8000,4573.4000,4575.2000,1,2,1,5,3,1,1,1,1,2
SF,IF2106,2020-10-20 09:32:37.700,4571.0000,1258,0,38441340.000,0,-,-,-,-,4569.0000,4560.0000,4558.6000,4529.2000,4500.0000,4570.8000,4571.6000,4572.6000,4572.8000,4575.2000,1,5,3,6,1,3,1,1,1,2
SF,IF2106,2020-10-20 09:32:38.700,4571.0000,1258,0,38441340.000,0,-,-,-,-,4569.0000,4560.0000,4558.6000,4529.2000,4500.0000,4570.8000,4571.6000,4572.6000,4572.8000,4575.2000,1,5,3,6,1,2,1,1,1,2
SF,IF2106,2020-10-20 09:32:39.700,4571.0000,1258,0,38441340.000,0,-,-,-,-,4569.0000,4560.0000,4558.6000,4529.2000,4500.0000,4570.8000,4571.6000,4572.6000,4572.8000,4575.2000,1,5,3,6,1,2,1,1,1,2
SF,IF2106,2020-10-20 09:32:40.200,4571.0000,1258,0,38441340.000,0,-,-,-,-,4560.0000,4558.6000,4529.2000,4500.0000,4497.2000,4570.8000,4571.6000,4572.6000,4575.2000,4581.0000,5,3,6,1,1,3,1,1,2,3
SF,IF2106,2020-10-20 09:32:40.700,4571.0000,1258,0,38441340.000,0,-,-,-,-,4560.2000,4560.0000,4558.6000,4529.2000,4500.0000,4570.8000,4571.6000,4575.2000,4581.0000,4587.2000,2,5,3,6,1,3,1,2,3,3
SF,IF2106,2020-10-20 09:32:41.700,4571.0000,1258,0,38441340.000,0,-,-,-,-,4564.8000,4563.0000,4560.2000,4560.0000,4558.6000,4570.8000,4571.6000,4575.2000,4581.0000,4587.2000,1,1,2,5,3,3,1,2,3,3
SF,IF2106,2020-10-20 09:32:42.200,4571.0000,1258,0,38441340.000,0,-,-,-,-,4565.0000,4564.8000,4563.0000,4561.6000,4560.0000,4570.8000,4571.6000,4575.2000,4581.0000,4587.2000,2,2,1,1,5,3,1,2,3,3
SF,IF2106,2020-10-20 09:32:42.700,4571.0000,1258,0,38441340.000,0,-,-,-,-,4565.6000,4565.0000,4564.8000,4563.0000,4562.4000,4570.8000,4571.6000,4575.2000,4581.0000,4587.2000,1,2,2,1,1,3,1,2,3,3
SF,IF2106,2020-10-20 09:32:43.200,4571.0000,1258,0,38441340.000,0,-,-,-,-,4565.8000,4565.6000,4564.8000,4563.0000,4562.4000,4570.8000,4571.6000,4575.2000,4581.0000,4587.2000,2,1,1,1,1,3,1,2,3,3
SF,IF2106,2020-10-20 09:32:43.700,4571.0000,1258,0,38441340.000,0,-,-,-,-,4566.4000,4566.2000,4565.8000,4564.8000,4563.0000,4570.6000,4570.8000,4571.6000,4575.2000,4581.0000,1,1,3,1,1,1,3,1,2,3
SF,IF2106,2020-10-20 09:32:44.200,4571.0000,1258,0,38441340.000,0,-,-,-,-,4566.6000,4566.4000,4566.2000,4565.8000,4564.8000,4570.4000,4570.6000,4570.8000,4571.6000,4575.2000,1,1,1,2,1,1,1,3,1,2
SF,IF2106,2020-10-20 09:32:45.700,4571.0000,1258,0,38441340.000,0,-,-,-,-,4566.6000,4566.4000,4565.8000,4564.8000,4563.0000,4570.4000,4570.6000,4570.8000,4571.6000,4575.2000,1,1,2,1,1,1,1,3,1,2
SF,IF2106,2020-10-20 09:32:46.200,4571.0000,1258,0,38441340.000,0,-,-,-,-,4566.6000,4566.4000,4565.8000,4564.8000,4563.0000,4570.2000,4570.4000,4570.8000,4571.6000,4575.2000,1,1,2,1,1,1,1,3,1,2
SF,IF2106,2020-10-20 09:32:46.700,4571.0000,1258,0,38441340.000,0,-,-,-,-,4566.6000,4566.4000,4565.8000,4564.8000,4563.0000,4570.2000,4570.4000,4570.8000,4571.6000,4575.2000,1,1,2,1,1,1,1,3,1,2
SF,IF2106,2020-10-20 09:32:47.200,4571.0000,1258,0,38441340.000,0,-,-,-,-,4566.6000,4566.4000,4565.8000,4564.8000,4563.0000,4569.4000,4570.2000,4570.4000,4570.8000,4575.2000,1,1,2,1,1,1,1,1,3,2
SF,IF2106,2020-10-20 09:32:47.700,4571.0000,1258,0,38441340.000,0,-,-,-,-,4566.6000,4566.4000,4565.8000,4564.8000,4563.0000,4570.4000,4570.8000,4575.2000,4581.0000,4587.2000,1,1,1,1,1,1,3,2,3,3
SF,IF2106,2020-10-20 09:32:48.200,4571.0000,1258,0,38441340.000,0,-,-,-,-,4566.6000,4566.4000,4565.8000,4564.8000,4563.0000,4570.2000,4570.4000,4570.8000,4575.2000,4581.0000,1,1,1,1,1,1,1,3,2,3
SF,IF2106,2020-10-20 09:32:48.700,4571.0000,1258,0,38441340.000,0,-,-,-,-,4566.6000,4566.4000,4565.8000,4564.8000,4563.0000,4570.2000,4570.4000,4570.8000,4575.2000,4575.4000,1,1,1,1,1,1,1,3,2,3
SF,IF2106,2020-10-20 09:32:49.200,4571.0000,1258,0,38441340.000,0,-,-,-,-,4566.6000,4566.4000,4565.8000,4564.8000,4563.0000,4569.4000,4570.2000,4570.4000,4570.8000,4575.2000,1,1,1,1,1,1,1,1,3,2
SF,IF2106,2020-10-20 09:32:49.700,4571.0000,1258,0,38441340.000,0,-,-,-,-,4566.6000,4565.8000,4564.8000,4563.0000,4560.0000,4570.2000,4570.4000,4570.8000,4575.2000,4575.4000,1,1,1,1,5,1,1,3,2,3
SF,IF2106,2020-10-20 09:32:50.200,4571.0000,1258,0,38441340.000,0,-,-,-,-,4566.8000,4566.6000,4564.8000,4563.0000,4560.0000,4570.2000,4570.4000,4570.8000,4575.2000,4575.4000,1,1,1,1,5,1,1,3,2,3
SF,IF2106,2020-10-20 09:32:50.700,4571.0000,1258,0,38441340.000,0,-,-,-,-,4567.0000,4566.8000,4564.8000,4563.0000,4560.0000,4570.2000,4570.4000,4570.8000,4575.2000,4575.4000,1,1,1,1,5,1,1,3,2,3
SF,IF2106,2020-10-20 09:32:51.200,4571.0000,1258,0,38441340.000,0,-,-,-,-,4567.0000,4566.8000,4564.8000,4563.0000,4560.0000,4570.4000,4570.8000,4575.2000,4575.4000,4587.2000,1,1,1,1,5,1,3,2,3,3
SF,IF2106,2020-10-20 09:32:51.700,4571.0000,1258,0,38441340.000,0,-,-,-,-,4567.2000,4567.0000,4566.8000,4564.8000,4563.0000,4570.8000,4575.2000,4575.4000,4587.2000,4588.0000,1,1,1,1,1,3,2,3,3,1
SF,IF2106,2020-10-20 09:32:52.200,4571.0000,1258,0,38441340.000,0,-,-,-,-,4567.4000,4567.2000,4566.8000,4564.8000,4563.0000,4570.8000,4575.2000,4575.4000,4587.2000,4588.0000,1,1,1,1,1,3,2,3,3,1
SF,IF2106,2020-10-20 09:32:52.700,4571.0000,1258,0,38441340.000,0,-,-,-,-,4567.6000,4567.4000,4566.8000,4564.8000,4563.0000,4570.8000,4575.2000,4575.4000,4587.2000,4588.0000,1,1,1,1,1,3,2,3,3,1
SF,IF2106,2020-10-20 09:32:53.200,4571.0000,1258,0,38441340.000,0,-,-,-,-,4567.8000,4566.8000,4564.8000,4563.0000,4560.0000,4570.8000,4575.2000,4575.4000,4587.2000,4588.0000,2,1,1,1,5,3,2,3,3,1
SF,IF2106,2020-10-20 09:32:57.700,4571.0000,1258,0,38441340.000,0,-,-,-,-,4567.8000,4564.8000,4563.0000,4560.0000,4558.6000,4570.8000,4575.2000,4575.4000,4587.2000,4588.0000,2,1,1,5,3,3,2,3,3,1
SF,IF2106,2020-10-20 09:32:58.700,4571.0000,1258,0,38441340.000,0,-,-,-,-,4567.8000,4564.8000,4563.0000,4560.0000,4558.6000,4575.2000,4575.4000,4587.2000,4588.0000,4588.6000,2,1,1,5,3,2,3,3,1,1
SF,IF2106,2020-10-20 09:32:59.200,4571.0000,1258,0,38441340.000,0,-,-,-,-,4568.0000,4567.8000,4565.0000,4564.8000,4560.0000,4570.8000,4571.6000,4573.4000,4575.0000,4575.2000,1,2,1,1,5,2,1,1,1,2
SF,IF2106,2020-10-20 09:32:59.700,4570.8000,1257,-1,39812580.000,1,0,1,双平,S,4568.2000,4565.0000,4564.8000,4560.0000,4558.6000,4573.4000,4575.2000,4575.4000,4577.4000,4587.2000,2,1,1,5,3,1,2,3,1,3
SF,IF2106,2020-10-20 09:33:00.200,4568.4000,1256,-1,41183100.000,1,0,1,双平,S,4568.4000,4568.2000,4565.0000,4564.8000,4560.0000,4573.2000,4573.4000,4575.2000,4575.4000,4577.4000,1,2,1,1,5,1,2,2,3,1
SF,IF2106,2020-10-20 09:33:00.700,4568.4000,1256,0,41183100.000,0,-,-,-,-,4568.6000,4568.4000,4568.2000,4565.0000,4564.8000,4573.2000,4573.4000,4575.2000,4575.4000,4577.4000,2,1,1,1,1,1,2,2,3,1
SF,IF2106,2020-10-20 09:33:01.200,4568.4000,1256,0,41183100.000,0,-,-,-,-,4568.8000,4568.6000,4568.4000,4568.2000,4565.0000,4572.6000,4573.2000,4573.4000,4575.2000,4577.4000,1,1,1,1,1,1,1,2,2,1
SF,IF2106,2020-10-20 09:33:01.700,4568.4000,1256,0,41183100.000,0,-,-,-,-,4569.2000,4568.8000,4565.0000,4564.8000,4560.0000,4572.4000,4572.6000,4573.4000,4575.2000,4577.4000,1,1,1,1,5,1,1,2,2,1
SF,IF2106,2020-10-20 09:33:02.200,4568.4000,1256,0,41183100.000,0,-,-,-,-,4569.8000,4569.4000,4569.2000,4565.0000,4560.0000,4572.4000,4572.6000,4573.4000,4575.2000,4577.4000,1,1,1,1,5,1,1,2,2,1
SF,IF2106,2020-10-20 09:33:02.700,4568.4000,1256,0,41183100.000,0,-,-,-,-,4570.0000,4569.8000,4569.2000,4565.0000,4560.0000,4572.2000,4572.4000,4573.4000,4575.2000,4577.4000,1,1,1,1,5,1,1,2,2,1
SF,IF2106,2020-10-20 09:33:03.200,4568.4000,1256,0,41183100.000,0,-,-,-,-,4570.0000,4569.2000,4565.0000,4560.0000,4558.6000,4572.0000,4572.2000,4573.4000,4575.2000,4577.4000,1,1,1,5,3,1,1,2,2,1
SF,IF2106,2020-10-20 09:33:03.700,4568.4000,1256,0,41183100.000,0,-,-,-,-,4570.0000,4569.2000,4565.0000,4560.0000,4558.6000,4572.0000,4572.2000,4573.4000,4575.2000,4577.4000,1,2,1,5,3,1,1,2,2,1
SF,IF2106,2020-10-20 09:33:04.200,4568.4000,1256,0,41183100.000,0,-,-,-,-,4569.2000,4565.0000,4560.0000,4558.6000,4529.2000,4572.0000,4572.2000,4573.4000,4575.2000,4577.4000,1,1,5,3,6,1,1,2,2,1
SF,IF2106,2020-10-20 09:33:04.700,4568.4000,1256,0,41183100.000,0,-,-,-,-,4569.4000,4569.2000,4565.0000,4560.0000,4558.6000,4572.0000,4572.2000,4573.4000,4575.2000,4577.4000,1,1,1,5,3,1,1,2,2,1
SF,IF2106,2020-10-20 09:33:05.200,4568.4000,1256,0,41183100.000,0,-,-,-,-,4569.4000,4569.2000,4565.0000,4560.0000,4558.6000,4572.0000,4572.2000,4573.4000,4577.4000,4577.8000,1,1,1,5,3,1,1,2,1,3
SF,IF2106,2020-10-20 09:33:05.700,4568.4000,1256,0,41183100.000,0,-,-,-,-,4569.6000,4569.4000,4569.2000,4565.0000,4560.0000,4572.0000,4572.2000,4573.4000,4577.4000,4577.8000,1,1,1,1,5,1,1,2,1,3
SF,IF2106,2020-10-20 09:33:06.200,4568.4000,1256,0,41183100.000,0,-,-,-,-,4569.8000,4569.6000,4569.2000,4565.0000,4560.0000,4572.0000,4573.4000,4577.4000,4577.8000,4587.2000,1,1,1,1,5,1,2,1,3,3
SF,IF2106,2020-10-20 09:33:06.700,4568.4000,1256,0,41183100.000,0,-,-,-,-,4569.8000,4569.2000,4565.0000,4560.0000,4558.6000,4572.0000,4573.4000,4577.4000,4577.8000,4587.2000,1,1,1,5,3,1,2,3,3,3
SF,IF2106,2020-10-20 09:33:07.200,4568.4000,1256,0,41183100.000,0,-,-,-,-,4569.8000,4569.2000,4565.0000,4560.0000,4558.6000,4573.4000,4577.4000,4577.8000,4587.2000,4588.0000,1,1,1,5,3,2,3,3,3,1
SF,IF2106,2020-10-20 09:33:07.700,4568.4000,1256,0,41183100.000,0,-,-,-,-,4570.0000,4569.8000,4569.2000,4565.0000,4560.0000,4573.2000,4573.4000,4577.4000,4577.8000,4587.2000,1,1,1,1,5,1,1,3,3,3
SF,IF2106,2020-10-20 09:33:08.200,4568.4000,1256,0,41183100.000,0,-,-,-,-,4570.2000,4570.0000,4569.2000,4565.0000,4560.0000,4573.2000,4573.4000,4577.4000,4577.8000,4587.2000,1,1,1,1,5,1,1,3,3,3
SF,IF2106,2020-10-20 09:33:08.700,4568.4000,1256,0,41183100.000,0,-,-,-,-,4570.4000,4570.2000,4569.2000,4568.6000,4565.0000,4577.4000,4577.8000,4587.2000,4588.0000,4588.6000,1,1,1,1,1,3,3,3,1,1
SF,IF2106,2020-10-20 09:33:09.200,4568.4000,1256,0,41183100.000,0,-,-,-,-,4570.8000,4570.6000,4570.4000,4569.2000,4568.6000,4576.0000,4577.2000,4577.4000,4577.8000,4587.2000,1,2,1,1,1,3,1,3,3,3
SF,IF2106,2020-10-20 09:33:09.700,4568.4000,1256,0,41183100.000,0,-,-,-,-,4571.0000,4570.8000,4569.2000,4568.6000,4565.0000,4575.6000,4575.8000,4576.0000,4577.4000,4577.8000,3,1,1,1,1,1,1,3,2,3
SF,IF2106,2020-10-20 09:33:10.200,4568.4000,1256,0,41183100.000,0,-,-,-,-,4571.0000,4569.2000,4568.6000,4565.0000,4560.0000,4575.4000,4575.6000,4576.0000,4577.4000,4577.8000,2,1,1,1,5,1,1,3,2,3
SF,IF2106,2020-10-20 09:33:10.700,4568.4000,1256,0,41183100.000,0,-,-,-,-,4571.2000,4571.0000,4569.2000,4568.6000,4565.0000,4575.4000,4575.6000,4576.0000,4577.4000,4577.8000,1,2,1,1,1,1,1,3,2,3
SF,IF2106,2020-10-20 09:33:11.200,4568.4000,1256,0,41183100.000,0,-,-,-,-,4571.4000,4571.2000,4571.0000,4569.2000,4568.6000,4575.4000,4575.6000,4576.0000,4577.4000,4580.4000,1,1,1,1,1,1,1,3,2,3
SF,IF2106,2020-10-20 09:33:12.200,4568.4000,1256,0,41183100.000,0,-,-,-,-,4572.0000,4571.4000,4571.2000,4571.0000,4569.2000,4575.4000,4575.6000,4576.0000,4577.4000,4580.4000,1,1,1,1,1,1,1,3,2,3
SF,IF2106,2020-10-20 09:33:12.700,4568.4000,1256,0,41183100.000,0,-,-,-,-,4572.2000,4572.0000,4571.2000,4571.0000,4570.0000,4575.4000,4575.6000,4576.0000,4577.4000,4580.4000,1,1,1,1,5,1,1,3,2,3
SF,IF2106,2020-10-20 09:33:13.700,4575.4000,1256,0,42555720.000,1,0,1,多换,S,4572.2000,4572.0000,4571.2000,4571.0000,4570.0000,4575.6000,4576.0000,4580.4000,4587.2000,4588.0000,1,1,1,1,5,1,3,3,3,1
SF,IF2106,2020-10-20 09:33:14.200,4575.4000,1256,0,42555720.000,0,-,-,-,-,4572.4000,4572.2000,4572.0000,4571.0000,4570.0000,4575.4000,4576.0000,4580.4000,4587.2000,4588.0000,1,1,1,1,5,1,3,3,3,1
SF,IF2106,2020-10-20 09:33:14.700,4575.4000,1256,0,42555720.000,0,-,-,-,-,4572.6000,4572.4000,4571.0000,4570.0000,4569.2000,4576.0000,4580.4000,4587.2000,4588.0000,4588.6000,1,1,1,5,1,3,3,3,1,1
SF,IF2106,2020-10-20 09:33:15.200,4575.4000,1256,0,42555720.000,0,-,-,-,-,4572.8000,4571.0000,4569.2000,4568.6000,4565.0000,4576.0000,4580.4000,4587.2000,4588.0000,4588.6000,2,1,1,1,6,3,3,3,1,1
SF,IF2106,2020-10-20 09:33:15.700,4575.4000,1256,0,42555720.000,0,-,-,-,-,4572.8000,4571.0000,4569.2000,4568.6000,4565.0000,4575.4000,4575.8000,4576.0000,4580.2000,4580.4000,1,1,1,1,6,1,2,3,2,3
SF,IF2106,2020-10-20 09:33:16.200,4575.4000,1256,0,42555720.000,0,-,-,-,-,4573.0000,4571.0000,4569.2000,4568.6000,4565.0000,4575.2000,4575.4000,4575.8000,4576.0000,4580.2000,1,1,1,1,6,1,1,1,3,2
SF,IF2106,2020-10-20 09:33:16.700,4575.4000,1256,0,42555720.000,0,-,-,-,-,4569.2000,4568.6000,4565.0000,4558.6000,4529.2000,4575.2000,4575.4000,4575.8000,4576.0000,4580.2000,1,1,6,3,6,1,1,1,3,2
SF,IF2106,2020-10-20 09:33:17.200,4575.4000,1256,0,42555720.000,0,-,-,-,-,4569.4000,4569.2000,4568.6000,4565.0000,4558.6000,4575.2000,4575.4000,4576.0000,4580.2000,4580.4000,2,1,1,6,3,1,1,3,2,3
SF,IF2106,2020-10-20 09:33:18.200,4575.4000,1256,0,42555720.000,0,-,-,-,-,4569.4000,4569.2000,4568.6000,4565.0000,4558.6000,4573.4000,4573.8000,4574.6000,4575.2000,4575.4000,2,1,1,6,3,1,1,1,1,1
SF,IF2106,2020-10-20 09:33:18.700,4575.4000,1256,0,42555720.000,0,-,-,-,-,4569.4000,4569.2000,4565.0000,4558.6000,4529.2000,4573.2000,4573.4000,4573.8000,4574.6000,4574.8000,1,1,6,3,6,1,2,1,1,1
SF,IF2106,2020-10-20 09:33:19.200,4575.4000,1256,0,42555720.000,0,-,-,-,-,4569.4000,4569.2000,4565.0000,4558.6000,4529.2000,4573.2000,4573.4000,4573.8000,4574.6000,4574.8000,1,1,6,3,6,1,2,1,1,1
SF,IF2106,2020-10-20 09:33:20.200,4575.4000,1256,0,42555720.000,0,-,-,-,-,4569.4000,4569.2000,4565.0000,4558.6000,4529.2000,4572.8000,4573.2000,4573.4000,4573.8000,4574.6000,1,1,6,3,6,1,1,2,1,1
SF,IF2106,2020-10-20 09:33:20.700,4575.4000,1256,0,42555720.000,0,-,-,-,-,4569.4000,4569.2000,4565.0000,4558.6000,4529.2000,4572.8000,4574.6000,4574.8000,4575.4000,4578.6000,1,1,6,3,6,1,1,1,1,2
SF,IF2106,2020-10-20 09:33:21.200,4575.4000,1256,0,42555720.000,0,-,-,-,-,4569.6000,4569.4000,4569.2000,4565.0000,4558.6000,4572.8000,4574.6000,4574.8000,4575.4000,4578.6000,1,1,1,6,3,1,1,1,1,2
SF,IF2106,2020-10-20 09:33:21.700,4575.4000,1256,0,42555720.000,0,-,-,-,-,4569.8000,4569.6000,4569.2000,4565.0000,4558.6000,4572.8000,4574.6000,4574.8000,4575.4000,4578.6000,1,1,1,6,3,1,1,1,1,2
SF,IF2106,2020-10-20 09:33:22.200,4575.4000,1256,0,42555720.000,0,-,-,-,-,4569.8000,4569.6000,4569.2000,4565.0000,4558.6000,4574.6000,4575.4000,4578.6000,4580.2000,4580.4000,1,1,1,6,3,1,1,2,2,3
SF,IF2106,2020-10-20 09:33:22.700,4575.4000,1256,0,42555720.000,0,-,-,-,-,4570.0000,4569.8000,4569.6000,4569.2000,4565.0000,4574.4000,4574.6000,4575.4000,4578.6000,4580.2000,1,1,1,1,6,1,1,1,2,2
SF,IF2106,2020-10-20 09:33:23.200,4575.4000,1256,0,42555720.000,0,-,-,-,-,4570.2000,4570.0000,4569.6000,4569.2000,4565.0000,4573.4000,4573.8000,4574.4000,4574.6000,4575.4000,1,1,1,1,6,2,1,1,1,1
SF,IF2106,2020-10-20 09:33:23.700,4575.4000,1256,0,42555720.000,0,-,-,-,-,4570.2000,4569.6000,4569.2000,4565.0000,4558.6000,4573.2000,4573.4000,4573.8000,4574.6000,4575.4000,1,1,1,6,3,1,2,1,1,1
SF,IF2106,2020-10-20 09:33:24.200,4575.4000,1256,0,42555720.000,0,-,-,-,-,4569.2000,4565.0000,4558.6000,4529.2000,4500.0000,4573.2000,4573.4000,4573.8000,4574.6000,4575.4000,1,6,3,6,1,1,2,1,1,1
SF,IF2106,2020-10-20 09:33:24.700,4575.4000,1256,0,42555720.000,0,-,-,-,-,4569.4000,4569.2000,4565.0000,4558.6000,4529.2000,4573.2000,4573.4000,4573.8000,4574.6000,4575.4000,1,1,6,3,6,1,2,1,1,1
SF,IF2106,2020-10-20 09:33:25.200,4575.4000,1256,0,42555720.000,0,-,-,-,-,4569.4000,4569.2000,4565.0000,4558.6000,4529.2000,4572.8000,4573.2000,4573.4000,4573.8000,4575.4000,1,1,6,3,6,1,1,2,1,1
SF,IF2106,2020-10-20 09:33:26.200,4575.4000,1256,0,42555720.000,0,-,-,-,-,4569.4000,4569.2000,4565.0000,4558.6000,4529.2000,4572.8000,4573.2000,4573.4000,4573.8000,4575.4000,1,1,6,3,6,1,1,1,1,1
SF,IF2106,2020-10-20 09:33:28.200,4572.8000,1256,0,43927560.000,1,0,1,多换,S,4569.4000,4569.2000,4565.0000,4558.6000,4529.2000,4573.2000,4575.4000,4578.6000,4580.2000,4580.4000,1,1,6,3,6,1,1,2,2,3
SF,IF2106,2020-10-20 09:33:28.700,4572.8000,1256,0,43927560.000,0,-,-,-,-,4569.4000,4569.2000,4565.0000,4558.6000,4529.2000,4575.4000,4578.6000,4580.2000,4580.4000,4587.2000,1,1,6,3,6,1,2,2,3,3
SF,IF2106,2020-10-20 09:33:29.200,4572.8000,1256,0,43927560.000,0,-,-,-,-,4569.6000,4569.4000,4569.2000,4565.0000,4558.6000,4573.4000,4573.8000,4575.2000,4575.4000,4578.6000,2,1,1,6,3,2,1,1,1,2
SF,IF2106,2020-10-20 09:33:29.700,4572.8000,1256,0,43927560.000,0,-,-,-,-,4569.8000,4569.6000,4569.2000,4565.0000,4558.6000,4575.2000,4575.4000,4580.2000,4580.4000,4587.2000,1,1,1,6,3,1,1,2,3,3
SF,IF2106,2020-10-20 09:33:30.200,4572.8000,1256,0,43927560.000,0,-,-,-,-,4570.0000,4569.8000,4569.6000,4569.2000,4565.0000,4575.2000,4575.4000,4580.2000,4580.4000,4587.2000,1,1,1,1,6,1,1,2,3,3
SF,IF2106,2020-10-20 09:33:30.700,4572.8000,1256,0,43927560.000,0,-,-,-,-,4570.2000,4570.0000,4569.6000,4569.2000,4565.0000,4575.2000,4575.4000,4580.2000,4580.4000,4587.2000,1,1,1,1,5,1,1,2,3,3
SF,IF2106,2020-10-20 09:33:31.200,4572.8000,1256,0,43927560.000,0,-,-,-,-,4570.4000,4570.2000,4569.6000,4569.2000,4565.0000,4575.2000,4575.4000,4580.2000,4580.4000,4587.2000,1,1,1,1,5,1,1,2,3,3
SF,IF2106,2020-10-20 09:33:31.700,4572.8000,1256,0,43927560.000,0,-,-,-,-,4570.6000,4570.4000,4569.6000,4569.2000,4565.0000,4575.2000,4575.4000,4580.2000,4580.4000,4587.2000,1,1,1,1,5,1,1,2,3,3
SF,IF2106,2020-10-20 09:33:32.200,4572.8000,1256,0,43927560.000,0,-,-,-,-,4570.8000,4570.6000,4570.4000,4569.6000,4569.2000,4575.2000,4575.4000,4580.2000,4580.4000,4587.2000,1,1,1,1,1,1,1,2,3,3
SF,IF2106,2020-10-20 09:33:32.700,4572.8000,1256,0,43927560.000,0,-,-,-,-,4571.0000,4570.8000,4570.4000,4569.6000,4569.2000,4575.2000,4580.2000,4580.4000,4587.2000,4588.0000,1,1,1,1,1,1,2,3,3,1
SF,IF2106,2020-10-20 09:33:33.200,4572.8000,1256,0,43927560.000,0,-,-,-,-,4571.2000,4571.0000,4570.8000,4570.4000,4569.2000,4575.2000,4580.2000,4580.4000,4587.2000,4588.0000,1,1,1,1,1,1,2,3,3,1
SF,IF2106,2020-10-20 09:33:33.700,4572.8000,1256,0,43927560.000,0,-,-,-,-,4571.4000,4571.2000,4570.8000,4570.4000,4569.2000,4575.2000,4580.2000,4580.4000,4587.2000,4588.0000,1,1,1,1,1,1,2,3,3,1
SF,IF2106,2020-10-20 09:33:35.200,4572.8000,1256,0,43927560.000,0,-,-,-,-,4571.6000,4571.4000,4570.8000,4570.4000,4569.2000,4575.2000,4580.2000,4580.4000,4587.2000,4588.0000,1,1,1,1,1,1,2,3,3,1
SF,IF2106,2020-10-20 09:33:35.700,4572.8000,1256,0,43927560.000,0,-,-,-,-,4571.8000,4571.6000,4570.8000,4570.4000,4569.2000,4575.2000,4580.2000,4580.4000,4587.2000,4588.0000,1,1,1,1,1,1,2,3,3,1
SF,IF2106,2020-10-20 09:33:36.200,4572.8000,1256,0,43927560.000,0,-,-,-,-,4570.8000,4570.4000,4569.2000,4565.0000,4558.6000,4575.2000,4580.2000,4580.4000,4587.2000,4588.0000,1,1,1,5,3,1,2,3,3,1
SF,IF2106,2020-10-20 09:33:36.700,4572.8000,1256,0,43927560.000,0,-,-,-,-,4571.0000,4570.4000,4569.2000,4565.0000,4558.6000,4575.2000,4580.2000,4580.4000,4587.2000,4588.0000,1,1,1,5,3,1,2,3,3,1
SF,IF2106,2020-10-20 09:33:37.700,4572.8000,1256,0,43927560.000,0,-,-,-,-,4571.0000,4570.4000,4569.2000,4565.0000,4558.6000,4573.4000,4573.8000,4575.2000,4580.2000,4580.4000,1,1,1,5,3,1,1,1,2,3
SF,IF2106,2020-10-20 09:33:38.200,4572.8000,1256,0,43927560.000,0,-,-,-,-,4571.0000,4569.2000,4565.0000,4558.6000,4529.2000,4575.2000,4580.2000,4580.4000,4587.2000,4588.0000,1,1,5,3,6,1,2,3,3,1
SF,IF2106,2020-10-20 09:33:38.700,4572.8000,1256,0,43927560.000,0,-,-,-,-,4571.0000,4569.2000,4565.0000,4558.6000,4529.2000,4573.4000,4573.8000,4575.2000,4580.2000,4580.4000,1,1,5,3,6,1,1,1,2,3
SF,IF2106,2020-10-20 09:33:39.200,4572.8000,1256,0,43927560.000,0,-,-,-,-,4571.0000,4569.2000,4565.0000,4558.6000,4529.2000,4575.2000,4580.2000,4580.4000,4587.2000,4588.0000,1,1,5,3,6,1,2,3,3,1
SF,IF2106,2020-10-20 09:33:41.200,4572.8000,1256,0,43927560.000,0,-,-,-,-,4571.2000,4571.0000,4569.2000,4565.0000,4558.6000,4575.2000,4580.2000,4580.4000,4587.2000,4588.0000,1,1,1,5,3,1,2,3,3,1
SF,IF2106,2020-10-20 09:33:41.700,4572.8000,1256,0,43927560.000,0,-,-,-,-,4571.4000,4571.2000,4569.2000,4565.0000,4558.6000,4575.2000,4580.2000,4580.4000,4587.2000,4588.0000,1,1,1,5,3,1,2,3,3,1
SF,IF2106,2020-10-20 09:33:42.200,4572.8000,1256,0,43927560.000,0,-,-,-,-,4571.4000,4569.2000,4565.0000,4558.6000,4529.2000,4575.2000,4580.2000,4580.4000,4587.2000,4588.0000,1,1,5,3,6,1,2,3,3,1
SF,IF2106,2020-10-20 09:33:42.700,4572.8000,1256,0,43927560.000,0,-,-,-,-,4571.6000,4571.4000,4569.2000,4565.0000,4558.6000,4575.2000,4580.2000,4580.4000,4587.2000,4588.0000,1,1,1,5,3,1,2,3,3,1
SF,IF2106,2020-10-20 09:33:43.200,4572.8000,1256,0,43927560.000,0,-,-,-,-,4571.4000,4569.2000,4565.0000,4558.6000,4529.2000,4575.2000,4580.2000,4580.4000,4587.2000,4588.0000,1,1,5,3,6,1,2,3,3,1
SF,IF2106,2020-10-20 09:33:43.700,4572.8000,1256,0,43927560.000,0,-,-,-,-,4571.8000,4571.4000,4569.2000,4565.0000,4558.6000,4575.2000,4579.2000,4580.2000,4580.4000,4587.2000,1,1,1,5,3,1,3,2,3,3
SF,IF2106,2020-10-20 09:33:44.200,4572.8000,1256,0,43927560.000,0,-,-,-,-,4571.8000,4569.2000,4565.0000,4558.6000,4529.2000,4573.4000,4573.8000,4575.2000,4579.2000,4580.2000,1,1,5,3,6,1,1,1,3,2
SF,IF2106,2020-10-20 09:33:46.200,4572.8000,1256,0,43927560.000,0,-,-,-,-,4571.8000,4569.2000,4565.0000,4558.6000,4529.2000,4573.4000,4573.8000,4575.2000,4579.2000,4580.2000,1,1,5,3,6,2,1,1,3,2
SF,IF2106,2020-10-20 09:33:46.700,4572.8000,1256,0,43927560.000,0,-,-,-,-,4571.8000,4569.2000,4565.0000,4558.6000,4529.2000,4573.4000,4573.8000,4575.2000,4579.2000,4580.2000,1,1,5,3,6,1,1,1,3,2
SF,IF2106,2020-10-20 09:33:47.200,4572.8000,1256,0,43927560.000,0,-,-,-,-,4571.8000,4569.2000,4565.0000,4558.6000,4529.2000,4573.2000,4573.4000,4573.8000,4579.2000,4580.2000,1,1,5,3,6,1,2,1,3,2
SF,IF2106,2020-10-20 09:33:47.700,4571.8000,1257,1,45299100.000,1,1,0,双开,S,4569.2000,4565.0000,4558.6000,4529.2000,4500.0000,4573.2000,4573.4000,4573.8000,4579.2000,4580.2000,1,5,3,6,1,1,2,1,3,2
SF,IF2106,2020-10-20 09:33:48.700,4571.8000,1257,0,45299100.000,0,-,-,-,-,4565.0000,4558.6000,4529.2000,4500.0000,4497.2000,4573.2000,4573.4000,4573.8000,4579.2000,4580.2000,5,3,6,1,1,1,2,1,3,2
SF,IF2106,2020-10-20 09:33:49.200,4571.8000,1257,0,45299100.000,0,-,-,-,-,4568.2000,4565.2000,4565.0000,4558.6000,4529.2000,4573.2000,4573.4000,4573.8000,4579.2000,4580.2000,1,2,5,3,6,1,2,1,3,2
SF,IF2106,2020-10-20 09:33:49.700,4571.8000,1257,0,45299100.000,0,-,-,-,-,4568.4000,4568.2000,4565.0000,4558.6000,4529.2000,4573.2000,4573.4000,4573.8000,4579.2000,4580.2000,2,1,5,3,6,1,2,1,3,2
SF,IF2106,2020-10-20 09:33:51.200,4571.8000,1257,0,45299100.000,0,-,-,-,-,4568.8000,4568.4000,4568.2000,4565.0000,4558.6000,4573.2000,4573.4000,4573.8000,4579.2000,4580.2000,1,2,1,5,3,1,2,1,3,2
SF,IF2106,2020-10-20 09:33:51.700,4569.0000,1257,0,46669800.000,1,0,1,多换,S,4568.8000,4568.4000,4568.2000,4565.0000,4558.6000,4573.2000,4573.4000,4573.8000,4579.2000,4580.2000,1,1,1,5,3,1,2,1,3,2
SF,IF2106,2020-10-20 09:33:52.700,4569.0000,1257,0,46669800.000,0,-,-,-,-,4569.6000,4569.4000,4568.4000,4568.2000,4565.0000,4573.2000,4573.4000,4573.8000,4579.2000,4580.2000,1,2,1,1,5,1,2,1,3,2
SF,IF2106,2020-10-20 09:33:53.700,4569.0000,1257,0,46669800.000,0,-,-,-,-,4569.6000,4569.4000,4568.4000,4568.2000,4565.0000,4573.2000,4573.4000,4573.8000,4579.2000,4580.2000,1,2,1,1,5,1,1,1,3,2
SF,IF2106,2020-10-20 09:33:54.700,4569.0000,1257,0,46669800.000,0,-,-,-,-,4569.8000,4569.6000,4569.4000,4568.4000,4568.2000,4573.2000,4573.4000,4573.8000,4579.2000,4580.2000,1,1,1,1,1,1,1,1,3,2
SF,IF2106,2020-10-20 09:33:55.700,4569.0000,1257,0,46669800.000,0,-,-,-,-,4570.0000,4569.8000,4569.6000,4568.4000,4568.2000,4573.2000,4573.4000,4573.8000,4579.2000,4580.2000,1,1,1,1,1,1,1,1,3,2
SF,IF2106,2020-10-20 09:33:56.200,4569.0000,1257,0,46669800.000,0,-,-,-,-,4570.2000,4570.0000,4569.8000,4569.6000,4568.4000,4579.2000,4580.2000,4580.4000,4587.2000,4588.0000,1,1,1,1,1,3,2,3,3,1
SF,IF2106,2020-10-20 09:33:56.700,4569.0000,1257,0,46669800.000,0,-,-,-,-,4570.6000,4570.4000,4570.0000,4569.8000,4568.2000,4576.0000,4578.6000,4579.0000,4579.2000,4580.2000,1,1,1,1,1,3,1,1,3,2
SF,IF2106,2020-10-20 09:33:57.200,4569.0000,1257,0,46669800.000,0,-,-,-,-,4570.8000,4570.6000,4570.0000,4569.8000,4568.2000,4575.8000,4576.0000,4578.6000,4579.2000,4580.2000,1,1,1,1,1,1,3,1,3,2
SF,IF2106,2020-10-20 09:33:57.700,4569.0000,1257,0,46669800.000,0,-,-,-,-,4570.8000,4570.6000,4570.0000,4569.8000,4568.2000,4575.8000,4576.0000,4578.6000,4579.2000,4580.2000,1,1,2,1,1,1,3,1,3,2
SF,IF2106,2020-10-20 09:33:58.200,4569.0000,1257,0,46669800.000,0,-,-,-,-,4571.0000,4570.8000,4570.6000,4570.0000,4569.8000,4575.8000,4576.0000,4578.6000,4579.2000,4580.2000,2,1,1,2,1,1,3,1,3,2
SF,IF2106,2020-10-20 09:33:58.700,4569.0000,1257,0,46669800.000,0,-,-,-,-,4571.2000,4571.0000,4570.0000,4568.2000,4565.0000,4575.6000,4575.8000,4576.0000,4578.6000,4579.2000,1,2,2,1,5,1,1,3,1,3
SF,IF2106,2020-10-20 09:33:59.200,4569.0000,1257,0,46669800.000,0,-,-,-,-,4571.2000,4571.0000,4570.0000,4568.2000,4565.0000,4575.4000,4575.6000,4576.0000,4578.6000,4579.2000,1,2,2,1,5,1,1,3,1,3
SF,IF2106,2020-10-20 09:33:59.700,4569.0000,1257,0,46669800.000,0,-,-,-,-,4571.0000,4570.0000,4568.2000,4565.0000,4558.6000,4575.4000,4576.0000,4578.6000,4579.2000,4580.2000,1,1,1,5,3,1,3,1,3,2
SF,IF2106,2020-10-20 09:34:00.200,4575.4000,1257,0,48042420.000,1,0,1,多换,S,4571.4000,4571.0000,4570.0000,4568.2000,4565.0000,4576.0000,4578.6000,4579.2000,4580.2000,4580.4000,1,1,1,1,5,3,1,3,2,3
SF,IF2106,2020-10-20 09:34:00.700,4575.4000,1257,0,48042420.000,0,-,-,-,-,4571.4000,4571.0000,4570.0000,4568.2000,4565.0000,4573.4000,4573.8000,4575.8000,4576.0000,4578.6000,1,1,1,1,5,1,1,2,1,1
SF,IF2106,2020-10-20 09:34:01.200,4575.4000,1257,0,48042420.000,0,-,-,-,-,4571.6000,4571.4000,4571.0000,4570.0000,4568.2000,4575.8000,4576.0000,4578.6000,4579.2000,4580.2000,1,1,1,1,1,2,1,1,3,2
SF,IF2106,2020-10-20 09:34:01.700,4575.4000,1257,0,48042420.000,0,-,-,-,-,4571.6000,4571.4000,4571.0000,4570.0000,4568.2000,4575.0000,4575.8000,4576.0000,4578.6000,4579.2000,1,1,1,1,1,1,2,1,1,3
SF,IF2106,2020-10-20 09:34:02.200,4575.4000,1257,0,48042420.000,0,-,-,-,-,4571.6000,4571.4000,4571.0000,4570.0000,4568.2000,4574.8000,4575.0000,4576.0000,4578.6000,4579.2000,1,1,1,1,1,1,1,1,1,3
SF,IF2106,2020-10-20 09:34:02.700,4575.4000,1257,0,48042420.000,0,-,-,-,-,4571.6000,4571.4000,4571.0000,4570.0000,4569.6000,4574.8000,4575.0000,4576.0000,4578.6000,4579.2000,1,1,1,1,1,1,1,1,1,3
SF,IF2106,2020-10-20 09:34:03.700,4575.4000,1257,0,48042420.000,0,-,-,-,-,4571.6000,4571.4000,4571.0000,4570.0000,4569.6000,4573.4000,4573.8000,4574.8000,4575.0000,4576.0000,1,1,2,1,1,1,1,1,1,1
SF,IF2106,2020-10-20 09:34:06.200,4575.4000,1257,0,48042420.000,0,-,-,-,-,4571.6000,4571.4000,4571.0000,4570.0000,4568.2000,4573.4000,4573.8000,4574.8000,4575.0000,4578.6000,1,1,2,1,1,2,1,1,1,1
SF,IF2106,2020-10-20 09:34:06.700,4575.4000,1257,0,48042420.000,0,-,-,-,-,4571.0000,4570.0000,4568.2000,4565.0000,4558.6000,4573.2000,4573.4000,4573.8000,4575.0000,4578.6000,2,1,1,5,3,1,2,1,1,1
SF,IF2106,2020-10-20 09:34:07.200,4575.4000,1257,0,48042420.000,0,-,-,-,-,4571.0000,4570.0000,4568.2000,4565.0000,4558.6000,4573.2000,4573.4000,4573.8000,4575.0000,4578.6000,1,1,1,5,3,1,2,1,1,1
SF,IF2106,2020-10-20 09:34:08.700,4575.4000,1257,0,48042420.000,0,-,-,-,-,4571.0000,4568.2000,4565.0000,4558.6000,4529.2000,4573.2000,4573.4000,4573.8000,4575.0000,4578.6000,1,1,5,3,6,1,2,1,1,1
SF,IF2106,2020-10-20 09:34:09.200,4575.4000,1257,0,48042420.000,0,-,-,-,-,4571.0000,4568.2000,4565.0000,4558.6000,4529.2000,4573.4000,4573.8000,4575.0000,4578.6000,4579.2000,1,1,5,3,6,1,1,1,1,3
SF,IF2106,2020-10-20 09:34:09.700,4575.4000,1257,0,48042420.000,0,-,-,-,-,4571.0000,4568.2000,4565.0000,4558.6000,4529.2000,4573.4000,4573.8000,4575.0000,4578.6000,4579.2000,1,1,5,3,6,2,1,1,1,3
SF,IF2106,2020-10-20 09:34:11.200,4573.4000,1258,1,49414440.000,1,1,0,双开,S,4571.0000,4568.2000,4565.0000,4558.6000,4529.2000,4573.4000,4573.8000,4575.0000,4578.6000,4579.2000,1,1,5,3,6,1,1,1,1,3
SF,IF2106,2020-10-20 09:34:11.700,4573.4000,1258,0,49414440.000,0,-,-,-,-,4571.2000,4571.0000,4568.2000,4565.0000,4558.6000,4573.8000,4575.0000,4578.6000,4579.2000,4580.2000,1,1,1,5,3,1,1,1,3,2
SF,IF2106,2020-10-20 09:34:12.200,4573.4000,1258,0,49414440.000,0,-,-,-,-,4574.0000,4571.2000,4571.0000,4568.2000,4565.0000,4578.6000,4579.2000,4580.2000,4580.4000,4581.4000,1,2,1,1,5,1,3,2,3,2
SF,IF2106,2020-10-20 09:34:12.700,4574.0000,1258,0,50786640.000,1,0,1,多换,S,4571.2000,4571.0000,4568.2000,4565.0000,4558.6000,4576.0000,4578.4000,4578.6000,4579.2000,4580.2000,1,1,1,5,3,2,1,1,3,2
SF,IF2106,2020-10-20 09:34:13.200,4574.0000,1258,0,50786640.000,0,-,-,-,-,4571.4000,4571.2000,4571.0000,4565.0000,4558.6000,4575.8000,4576.0000,4578.6000,4579.2000,4580.2000,2,1,1,5,3,1,2,1,3,2
SF,IF2106,2020-10-20 09:34:14.200,4574.0000,1258,0,50786640.000,0,-,-,-,-,4571.8000,4571.6000,4571.4000,4571.2000,4571.0000,4575.8000,4576.0000,4579.2000,4580.2000,4580.4000,1,1,2,1,1,1,2,3,2,3
SF,IF2106,2020-10-20 09:34:14.700,4574.0000,1258,0,50786640.000,0,-,-,-,-,4572.0000,4571.8000,4571.6000,4571.4000,4571.2000,4575.8000,4576.0000,4579.2000,4580.2000,4580.4000,1,1,1,1,1,1,2,3,2,3
SF,IF2106,2020-10-20 09:34:16.700,4574.0000,1258,0,50786640.000,0,-,-,-,-,4572.0000,4571.8000,4571.6000,4571.4000,4571.2000,4575.8000,4576.0000,4579.2000,4580.2000,4580.4000,1,1,2,1,1,1,2,3,2,3
SF,IF2106,2020-10-20 09:34:17.200,4574.0000,1258,0,50786640.000,0,-,-,-,-,4572.0000,4571.8000,4571.6000,4571.4000,4571.2000,4576.0000,4579.2000,4580.2000,4580.4000,4581.4000,1,1,2,1,1,2,3,2,3,2
SF,IF2106,2020-10-20 09:34:18.700,4574.0000,1258,0,50786640.000,0,-,-,-,-,4572.0000,4571.8000,4571.6000,4571.4000,4571.2000,4579.2000,4580.2000,4580.4000,4581.4000,4587.2000,1,1,2,1,1,3,2,3,2,3
SF,IF2106,2020-10-20 09:34:19.200,4574.0000,1258,0,50786640.000,0,-,-,-,-,4572.2000,4572.0000,4571.8000,4571.6000,4571.2000,4578.2000,4578.6000,4579.0000,4579.2000,4580.2000,1,1,1,2,1,1,1,1,3,2
SF,IF2106,2020-10-20 09:34:19.700,4574.0000,1258,0,50786640.000,0,-,-,-,-,4572.4000,4572.2000,4571.6000,4571.2000,4571.0000,4576.0000,4578.0000,4579.2000,4580.2000,4580.4000,1,2,2,1,1,2,1,3,2,3
SF,IF2106,2020-10-20 09:34:20.200,4574.0000,1258,0,50786640.000,0,-,-,-,-,4572.6000,4572.4000,4572.2000,4571.6000,4571.2000,4576.0000,4578.0000,4579.2000,4580.2000,4580.4000,1,1,1,2,1,2,1,3,2,3
SF,IF2106,2020-10-20 09:34:20.700,4574.0000,1258,0,50786640.000,0,-,-,-,-,4572.8000,4572.6000,4572.2000,4571.6000,4571.2000,4578.0000,4579.2000,4580.2000,4580.4000,4587.2000,1,1,1,2,1,1,3,2,3,3
SF,IF2106,2020-10-20 09:34:21.200,4574.0000,1258,0,50786640.000,0,-,-,-,-,4573.0000,4572.8000,4572.6000,4572.2000,4571.6000,4578.0000,4579.2000,4580.2000,4580.4000,4587.2000,1,1,1,1,2,1,3,2,3,3
SF,IF2106,2020-10-20 09:34:21.700,4574.0000,1258,0,50786640.000,0,-,-,-,-,4573.2000,4573.0000,4572.6000,4572.2000,4571.6000,4578.0000,4579.2000,4580.2000,4580.4000,4587.2000,1,1,1,1,2,1,3,2,3,3
SF,IF2106,2020-10-20 09:34:22.200,4574.0000,1258,0,50786640.000,0,-,-,-,-,4573.4000,4573.2000,4572.6000,4572.2000,4571.6000,4578.0000,4579.2000,4580.2000,4580.4000,4587.2000,1,1,1,1,2,1,3,2,3,3
SF,IF2106,2020-10-20 09:34:22.700,4574.0000,1258,0,50786640.000,0,-,-,-,-,4573.6000,4573.4000,4572.6000,4572.2000,4571.6000,4578.0000,4580.2000,4580.4000,4584.2000,4587.2000,1,3,1,1,1,1,2,3,3,3
SF,IF2106,2020-10-20 09:34:23.200,4574.0000,1258,0,50786640.000,0,-,-,-,-,4574.0000,4573.6000,4573.4000,4572.6000,4572.2000,4578.0000,4580.2000,4580.4000,4584.2000,4587.2000,1,1,1,1,1,1,2,3,3,3
SF,IF2106,2020-10-20 09:34:23.700,4574.0000,1258,0,50786640.000,0,-,-,-,-,4573.6000,4573.4000,4572.6000,4572.2000,4571.6000,4578.0000,4580.2000,4580.4000,4584.2000,4587.2000,1,1,1,1,1,1,2,3,3,3
SF,IF2106,2020-10-20 09:34:24.200,4574.0000,1258,0,50786640.000,0,-,-,-,-,4573.6000,4573.4000,4572.2000,4571.6000,4571.2000,4578.0000,4580.2000,4580.4000,4584.2000,4587.2000,1,1,1,1,1,1,2,3,3,3
SF,IF2106,2020-10-20 09:34:24.700,4574.0000,1258,0,50786640.000,0,-,-,-,-,4573.4000,4572.2000,4571.6000,4571.0000,4565.0000,4578.0000,4580.2000,4580.4000,4584.2000,4587.2000,1,1,1,1,5,1,2,3,3,3
SF,IF2106,2020-10-20 09:34:26.200,4574.0000,1258,0,50786640.000,0,-,-,-,-,4573.4000,4571.6000,4571.0000,4565.0000,4558.6000,4577.6000,4578.0000,4580.2000,4580.4000,4584.2000,1,1,1,5,3,1,1,2,3,3
SF,IF2106,2020-10-20 09:34:26.700,4574.0000,1258,0,50786640.000,0,-,-,-,-,4573.6000,4571.6000,4571.0000,4565.0000,4558.6000,4577.4000,4577.6000,4580.2000,4580.4000,4584.2000,1,1,1,5,3,1,1,2,3,3
SF,IF2106,2020-10-20 09:34:28.200,4574.0000,1258,0,50786640.000,0,-,-,-,-,4573.6000,4571.6000,4571.0000,4565.0000,4558.6000,4576.0000,4577.4000,4577.6000,4580.2000,4580.4000,1,1,1,5,3,2,1,1,2,3
SF,IF2106,2020-10-20 09:34:28.700,4575.8000,1257,-1,52159380.000,1,0,1,双平,S,4571.6000,4571.0000,4565.0000,4558.6000,4529.2000,4576.0000,4577.6000,4580.2000,4580.4000,4584.2000,1,1,5,3,6,2,1,2,3,3
SF,IF2106,2020-10-20 09:34:29.200,4575.8000,1257,0,52159380.000,0,-,-,-,-,4571.8000,4571.0000,4565.0000,4558.6000,4529.2000,4576.0000,4577.6000,4580.2000,4580.4000,4584.2000,1,1,5,3,6,2,1,2,3,3
SF,IF2106,2020-10-20 09:34:30.200,4575.8000,1257,0,52159380.000,0,-,-,-,-,4572.4000,4571.8000,4571.0000,4565.0000,4558.6000,4577.6000,4580.2000,4580.4000,4584.2000,4587.2000,1,1,1,5,3,1,2,3,3,3
SF,IF2106,2020-10-20 09:34:30.700,4575.8000,1257,0,52159380.000,0,-,-,-,-,4572.6000,4572.4000,4571.0000,4565.0000,4558.6000,4577.4000,4577.6000,4580.2000,4580.4000,4584.2000,2,1,1,5,3,1,1,2,3,3
SF,IF2106,2020-10-20 09:34:31.200,4575.8000,1257,0,52159380.000,0,-,-,-,-,4573.0000,4572.8000,4572.6000,4571.0000,4565.0000,4577.6000,4580.2000,4580.4000,4584.2000,4587.2000,2,1,2,1,5,1,2,3,3,3
SF,IF2106,2020-10-20 09:34:31.700,4575.8000,1257,0,52159380.000,0,-,-,-,-,4573.2000,4573.0000,4572.8000,4572.6000,4571.0000,4577.4000,4577.6000,4580.2000,4580.4000,4584.2000,1,2,1,1,1,1,1,2,3,3
SF,IF2106,2020-10-20 09:34:32.700,4575.8000,1257,0,52159380.000,0,-,-,-,-,4573.2000,4573.0000,4572.8000,4572.6000,4571.0000,4576.0000,4577.4000,4577.6000,4580.2000,4580.4000,1,1,1,1,1,2,1,1,2,3
SF,IF2106,2020-10-20 09:34:33.200,4575.8000,1257,0,52159380.000,0,-,-,-,-,4573.2000,4571.0000,4565.0000,4558.6000,4529.2000,4575.8000,4577.4000,4577.6000,4580.2000,4580.4000,1,1,5,3,6,1,1,1,2,3
SF,IF2106,2020-10-20 09:34:33.700,4575.8000,1257,0,52159380.000,0,-,-,-,-,4573.2000,4571.0000,4565.0000,4558.6000,4529.2000,4577.2000,4577.4000,4577.6000,4580.2000,4580.4000,1,1,5,3,6,1,1,1,2,3
SF,IF2106,2020-10-20 09:34:34.200,4575.8000,1257,0,52159380.000,0,-,-,-,-,4571.0000,4565.0000,4558.6000,4529.2000,4500.0000,4577.0000,4577.2000,4577.6000,4580.2000,4580.4000,1,5,3,6,1,1,1,1,2,3
SF,IF2106,2020-10-20 09:34:34.700,4575.8000,1257,0,52159380.000,0,-,-,-,-,4571.2000,4571.0000,4565.0000,4558.6000,4529.2000,4576.0000,4577.0000,4577.2000,4577.6000,4580.2000,2,1,5,3,6,2,1,1,1,2
SF,IF2106,2020-10-20 09:34:35.200,4575.8000,1257,0,52159380.000,0,-,-,-,-,4571.2000,4571.0000,4565.0000,4558.6000,4529.2000,4575.8000,4576.0000,4576.6000,4577.0000,4580.2000,2,1,5,3,6,1,2,1,1,2
SF,IF2106,2020-10-20 09:34:35.700,4575.8000,1257,0,52159380.000,0,-,-,-,-,4571.2000,4571.0000,4565.0000,4558.6000,4529.2000,4575.8000,4576.0000,4576.6000,4580.2000,4580.4000,2,1,5,3,6,1,2,1,2,3
SF,IF2106,2020-10-20 09:34:36.700,4575.8000,1257,0,52159380.000,0,-,-,-,-,4571.6000,4571.2000,4571.0000,4565.0000,4558.6000,4575.8000,4576.0000,4576.6000,4580.2000,4580.4000,1,2,1,5,3,1,2,1,2,3
SF,IF2106,2020-10-20 09:34:37.200,4575.8000,1257,0,52159380.000,0,-,-,-,-,4572.0000,4571.8000,4571.6000,4571.2000,4571.0000,4575.6000,4575.8000,4576.0000,4576.6000,4580.2000,1,1,1,1,1,1,1,2,1,2
SF,IF2106,2020-10-20 09:34:37.700,4575.8000,1257,0,52159380.000,0,-,-,-,-,4572.2000,4571.6000,4571.2000,4571.0000,4565.0000,4575.6000,4575.8000,4576.0000,4576.6000,4580.2000,1,1,1,1,5,1,1,2,1,2
SF,IF2106,2020-10-20 09:34:38.200,4575.8000,1257,0,52159380.000,0,-,-,-,-,4572.2000,4571.2000,4571.0000,4565.0000,4558.6000,4575.8000,4576.0000,4576.6000,4578.0000,4580.2000,1,1,1,5,3,1,2,1,2,2
SF,IF2106,2020-10-20 09:34:38.700,4575.8000,1257,0,52159380.000,0,-,-,-,-,4572.2000,4571.2000,4571.0000,4565.0000,4558.6000,4575.6000,4575.8000,4576.0000,4576.6000,4578.0000,1,1,1,5,3,1,1,2,1,2
SF,IF2106,2020-10-20 09:34:39.200,4575.8000,1257,0,52159380.000,0,-,-,-,-,4572.2000,4571.2000,4571.0000,4565.0000,4558.6000,4575.8000,4576.0000,4576.6000,4578.0000,4580.2000,1,1,1,5,3,1,2,1,2,2
SF,IF2106,2020-10-20 09:34:41.200,4575.8000,1257,0,52159380.000,0,-,-,-,-,4573.6000,4572.4000,4572.2000,4571.2000,4571.0000,4575.8000,4576.0000,4576.6000,4578.0000,4580.2000,1,1,1,1,1,1,2,1,2,2
SF,IF2106,2020-10-20 09:34:41.700,4575.8000,1257,0,52159380.000,0,-,-,-,-,4573.6000,4572.4000,4572.2000,4571.2000,4571.0000,4575.6000,4575.8000,4576.0000,4576.6000,4580.2000,1,1,1,1,1,1,1,2,1,2
SF,IF2106,2020-10-20 09:34:45.700,4576.6000,1259,2,59023440.000,5,3,2,空开,S,4573.6000,4572.4000,4572.2000,4571.2000,4571.0000,4580.2000,4580.4000,4584.2000,4587.2000,4588.0000,1,1,1,1,1,2,3,3,3,1
SF,IF2106,2020-10-20 09:34:46.200,4576.6000,1259,0,59023440.000,0,-,-,-,-,4573.8000,4573.6000,4572.4000,4571.0000,4565.0000,4578.6000,4580.0000,4580.2000,4580.4000,4584.2000,2,1,1,1,5,2,1,2,3,3
SF,IF2106,2020-10-20 09:34:46.700,4576.6000,1259,0,59023440.000,0,-,-,-,-,4573.8000,4573.6000,4572.4000,4571.0000,4565.0000,4578.4000,4578.6000,4579.6000,4580.2000,4580.4000,2,1,1,1,5,1,2,2,2,3
SF,IF2106,2020-10-20 09:34:47.200,4576.6000,1259,0,59023440.000,0,-,-,-,-,4573.8000,4573.6000,4572.4000,4571.0000,4565.0000,4577.2000,4578.4000,4578.6000,4579.6000,4580.2000,2,1,1,1,5,1,1,2,2,2
SF,IF2106,2020-10-20 09:34:47.700,4576.6000,1259,0,59023440.000,0,-,-,-,-,4573.8000,4573.6000,4572.4000,4571.0000,4565.0000,4577.0000,4577.2000,4578.4000,4578.6000,4579.6000,1,1,1,1,5,1,1,1,2,2
SF,IF2106,2020-10-20 09:34:49.200,4576.6000,1259,0,59023440.000,0,-,-,-,-,4573.8000,4573.6000,4572.4000,4571.0000,4565.0000,4577.0000,4578.4000,4578.6000,4579.4000,4579.6000,1,1,1,1,5,1,1,2,1,2
SF,IF2106,2020-10-20 09:34:50.700,4576.6000,1259,0,59023440.000,0,-,-,-,-,4573.8000,4573.6000,4572.4000,4571.0000,4565.0000,4576.4000,4576.8000,4577.0000,4578.4000,4578.6000,1,1,1,1,5,2,1,1,1,2
SF,IF2106,2020-10-20 09:34:53.700,4576.6000,1259,0,59023440.000,0,-,-,-,-,4573.8000,4573.6000,4572.4000,4571.0000,4565.0000,4576.4000,4576.8000,4578.4000,4578.6000,4579.4000,1,1,1,1,5,1,1,1,2,1
SF,IF2106,2020-10-20 09:34:54.200,4576.6000,1259,0,59023440.000,0,-,-,-,-,4573.8000,4573.6000,4572.4000,4571.0000,4565.0000,4579.4000,4579.6000,4580.2000,4580.4000,4584.2000,1,1,1,1,5,1,2,2,3,3
SF,IF2106,2020-10-20 09:34:54.700,4576.6000,1259,0,59023440.000,0,-,-,-,-,4574.0000,4573.8000,4573.6000,4572.4000,4571.0000,4577.8000,4579.2000,4579.4000,4580.2000,4580.4000,1,1,1,1,1,1,1,1,2,3
SF,IF2106,2020-10-20 09:34:55.200,4576.6000,1259,0,59023440.000,0,-,-,-,-,4574.2000,4573.6000,4572.4000,4571.0000,4565.0000,4577.8000,4580.2000,4580.4000,4584.2000,4587.2000,1,1,1,1,5,1,2,3,3,3
SF,IF2106,2020-10-20 09:34:55.700,4576.6000,1259,0,59023440.000,0,-,-,-,-,4574.2000,4573.6000,4572.4000,4571.0000,4565.0000,4577.8000,4580.2000,4580.4000,4580.8000,4582.2000,1,1,1,1,5,1,2,3,1,2
SF,IF2106,2020-10-20 09:34:56.200,4576.6000,1259,0,59023440.000,0,-,-,-,-,4574.4000,4574.2000,4573.6000,4572.4000,4571.0000,4577.8000,4580.2000,4580.4000,4580.8000,4582.2000,1,1,1,1,1,1,2,3,1,2
SF,IF2106,2020-10-20 09:34:56.700,4576.6000,1259,0,59023440.000,0,-,-,-,-,4574.6000,4574.4000,4573.6000,4572.4000,4571.0000,4580.2000,4580.8000,4582.2000,4582.6000,4584.2000,1,1,1,1,1,2,1,2,3,3
SF,IF2106,2020-10-20 09:34:57.200,4576.6000,1259,0,59023440.000,0,-,-,-,-,4574.8000,4574.6000,4574.4000,4573.6000,4572.4000,4580.0000,4580.2000,4580.8000,4582.2000,4582.6000,1,1,1,1,1,1,2,1,2,3
SF,IF2106,2020-10-20 09:34:57.700,4576.6000,1259,0,59023440.000,0,-,-,-,-,4575.0000,4574.8000,4574.4000,4573.6000,4572.4000,4580.0000,4580.2000,4580.8000,4582.2000,4582.6000,1,1,1,1,1,1,2,1,2,3
SF,IF2106,2020-10-20 09:34:58.200,4576.6000,1259,0,59023440.000,0,-,-,-,-,4575.2000,4575.0000,4574.4000,4573.6000,4572.4000,4578.8000,4579.6000,4580.2000,4580.8000,4582.2000,1,1,1,1,1,1,1,2,1,2
SF,IF2106,2020-10-20 09:34:58.700,4576.6000,1259,0,59023440.000,0,-,-,-,-,4575.4000,4574.4000,4573.6000,4572.4000,4571.0000,4578.8000,4579.6000,4580.2000,4580.8000,4582.2000,1,1,1,1,1,1,1,2,1,2
SF,IF2106,2020-10-20 09:34:59.200,4576.6000,1259,0,59023440.000,0,-,-,-,-,4575.4000,4573.6000,4572.4000,4571.0000,4565.0000,4578.8000,4579.6000,4580.2000,4580.8000,4582.2000,1,1,1,1,5,1,1,2,1,2
SF,IF2106,2020-10-20 09:34:59.700,4576.6000,1259,0,59023440.000,0,-,-,-,-,4575.6000,4575.4000,4573.6000,4572.4000,4571.0000,4578.8000,4579.6000,4580.2000,4580.8000,4582.2000,1,1,1,1,1,1,1,2,1,2
SF,IF2106,2020-10-20 09:35:00.200,4576.6000,1259,0,59023440.000,0,-,-,-,-,4575.8000,4575.6000,4573.6000,4572.4000,4571.0000,4578.2000,4578.8000,4579.6000,4580.2000,4580.8000,1,1,1,1,1,1,1,1,2,1
SF,IF2106,2020-10-20 09:35:01.700,4576.6000,1259,0,59023440.000,0,-,-,-,-,4575.8000,4575.6000,4573.6000,4571.0000,4565.0000,4578.2000,4578.8000,4579.6000,4580.2000,4580.8000,1,1,1,1,5,1,1,1,2,1
SF,IF2106,2020-10-20 09:35:03.200,4575.8000,1258,-1,60396180.000,1,0,1,双平,S,4575.6000,4573.6000,4571.0000,4565.0000,4558.6000,4578.2000,4578.8000,4579.6000,4580.2000,4580.8000,1,1,1,5,3,1,1,1,2,1
SF,IF2106,2020-10-20 09:35:03.700,4575.8000,1258,0,60396180.000,0,-,-,-,-,4575.8000,4575.6000,4573.6000,4571.0000,4565.0000,4578.2000,4578.8000,4579.6000,4580.2000,4580.8000,1,1,1,1,5,1,1,1,2,1
SF,IF2106,2020-10-20 09:35:04.200,4575.8000,1258,0,60396180.000,0,-,-,-,-,4575.8000,4575.6000,4573.6000,4571.0000,4565.0000,4578.8000,4579.6000,4580.2000,4580.8000,4582.2000,1,1,1,1,5,1,1,2,1,2
SF,IF2106,2020-10-20 09:35:06.700,4578.8000,1258,0,61769820.000,1,0,1,多换,S,4575.8000,4575.6000,4573.6000,4571.0000,4565.0000,4580.2000,4580.8000,4582.2000,4582.6000,4584.2000,1,1,1,1,5,2,1,2,3,3
SF,IF2106,2020-10-20 09:35:07.200,4578.8000,1258,0,61769820.000,0,-,-,-,-,4575.8000,4575.6000,4573.6000,4571.0000,4565.0000,4580.0000,4580.2000,4580.8000,4582.2000,4582.6000,1,1,1,1,5,1,2,1,2,3
SF,IF2106,2020-10-20 09:35:07.700,4578.8000,1258,0,61769820.000,0,-,-,-,-,4575.8000,4575.6000,4573.6000,4571.0000,4565.0000,4580.0000,4580.8000,4582.2000,4582.6000,4584.2000,1,1,1,1,5,1,1,2,3,3
SF,IF2106,2020-10-20 09:35:08.700,4578.8000,1258,0,61769820.000,0,-,-,-,-,4575.8000,4575.6000,4573.6000,4571.0000,4565.0000,4579.2000,4580.0000,4580.8000,4582.2000,4582.6000,1,1,1,1,5,1,1,1,2,3
SF,IF2106,2020-10-20 09:35:09.200,4578.8000,1258,0,61769820.000,0,-,-,-,-,4575.8000,4575.2000,4571.0000,4565.0000,4558.6000,4579.2000,4579.8000,4580.8000,4582.2000,4582.6000,1,1,1,5,3,1,1,1,2,3
SF,IF2106,2020-10-20 09:35:09.700,4578.8000,1258,0,61769820.000,0,-,-,-,-,4575.8000,4575.2000,4571.0000,4565.0000,4558.6000,4579.2000,4579.8000,4580.8000,4582.2000,4582.6000,1,1,1,5,3,1,1,1,2,3
SF,IF2106,2020-10-20 09:35:10.200,4578.8000,1258,0,61769820.000,0,-,-,-,-,4576.0000,4575.8000,4575.2000,4571.0000,4565.0000,4579.0000,4580.8000,4582.2000,4582.6000,4583.6000,1,1,1,1,5,1,1,2,3,2
SF,IF2106,2020-10-20 09:35:10.700,4578.8000,1258,0,61769820.000,0,-,-,-,-,4576.2000,4576.0000,4575.2000,4571.0000,4565.0000,4579.0000,4582.2000,4582.6000,4583.4000,4583.6000,1,1,1,1,5,1,2,3,1,2
SF,IF2106,2020-10-20 09:35:11.200,4578.8000,1258,0,61769820.000,0,-,-,-,-,4576.2000,4576.0000,4575.2000,4571.0000,4565.0000,4582.6000,4583.4000,4583.6000,4584.2000,4587.2000,1,1,1,1,5,3,1,2,3,3
SF,IF2106,2020-10-20 09:35:11.700,4578.8000,1258,0,61769820.000,0,-,-,-,-,4576.4000,4576.2000,4576.0000,4575.2000,4571.0000,4582.4000,4582.6000,4583.4000,4583.6000,4584.2000,1,1,1,1,1,1,4,1,2,3
SF,IF2106,2020-10-20 09:35:12.200,4578.8000,1258,0,61769820.000,0,-,-,-,-,4576.6000,4576.4000,4576.0000,4575.2000,4571.0000,4581.2000,4582.4000,4582.6000,4583.4000,4583.6000,1,1,1,1,1,1,1,4,1,2
SF,IF2106,2020-10-20 09:35:12.700,4578.8000,1258,0,61769820.000,0,-,-,-,-,4576.6000,4576.4000,4576.0000,4575.2000,4571.0000,4581.0000,4582.6000,4583.4000,4583.6000,4584.2000,1,1,1,1,1,1,4,1,2,3
SF,IF2106,2020-10-20 09:35:13.200,4578.8000,1258,0,61769820.000,0,-,-,-,-,4576.6000,4576.4000,4576.0000,4575.2000,4571.0000,4580.6000,4580.8000,4581.0000,4582.6000,4583.4000,1,1,1,1,1,1,1,2,4,1
SF,IF2106,2020-10-20 09:35:13.700,4578.8000,1258,0,61769820.000,0,-,-,-,-,4576.8000,4576.0000,4575.2000,4571.0000,4565.0000,4580.4000,4580.6000,4580.8000,4581.0000,4582.6000,1,1,1,1,5,1,1,1,1,4
SF,IF2106,2020-10-20 09:35:14.200,4576.8000,1259,1,63142860.000,1,1,0,双开,S,4576.0000,4575.2000,4571.0000,4565.0000,4558.6000,4579.6000,4580.2000,4580.4000,4580.6000,4580.8000,1,1,1,5,3,1,1,2,1,1
SF,IF2106,2020-10-20 09:35:14.700,4576.8000,1259,0,63142860.000,0,-,-,-,-,4576.2000,4576.0000,4575.2000,4571.0000,4565.0000,4579.6000,4580.2000,4580.4000,4580.6000,4580.8000,1,1,1,1,5,1,1,1,1,1
SF,IF2106,2020-10-20 09:35:16.200,4576.8000,1259,0,63142860.000,0,-,-,-,-,4576.2000,4576.0000,4575.2000,4571.0000,4565.0000,4579.2000,4579.6000,4580.4000,4580.6000,4580.8000,1,1,1,1,5,1,1,1,1,1
SF,IF2106,2020-10-20 09:35:18.200,4576.8000,1259,0,63142860.000,0,-,-,-,-,4576.2000,4575.2000,4571.0000,4565.0000,4558.6000,4579.2000,4579.6000,4580.4000,4580.6000,4580.8000,1,1,1,5,3,1,1,1,1,1
SF,IF2106,2020-10-20 09:35:18.700,4576.8000,1259,0,63142860.000,0,-,-,-,-,4575.2000,4571.0000,4565.0000,4558.6000,4529.2000,4579.0000,4579.2000,4580.8000,4582.6000,4583.4000,1,1,5,3,6,1,1,1,3,1
SF,IF2106,2020-10-20 09:35:19.200,4576.8000,1259,0,63142860.000,0,-,-,-,-,4575.4000,4575.2000,4571.0000,4565.0000,4558.6000,4578.6000,4578.8000,4579.0000,4579.2000,4580.8000,1,1,1,5,3,1,1,1,1,1
SF,IF2106,2020-10-20 09:35:20.200,4576.8000,1259,0,63142860.000,0,-,-,-,-,4575.6000,4575.4000,4575.2000,4571.0000,4565.0000,4578.6000,4578.8000,4579.0000,4579.2000,4580.8000,1,1,1,1,5,1,1,1,1,1
SF,IF2106,2020-10-20 09:35:20.700,4576.8000,1259,0,63142860.000,0,-,-,-,-,4575.8000,4575.6000,4575.2000,4571.0000,4565.0000,4578.6000,4578.8000,4579.2000,4580.8000,4582.6000,1,1,1,1,5,1,1,1,1,3
SF,IF2106,2020-10-20 09:35:21.200,4576.8000,1259,0,63142860.000,0,-,-,-,-,4576.0000,4575.8000,4575.6000,4571.0000,4565.0000,4578.8000,4579.2000,4580.8000,4582.6000,4583.4000,1,1,1,1,5,1,1,1,3,1
SF,IF2106,2020-10-20 09:35:21.700,4576.8000,1259,0,63142860.000,0,-,-,-,-,4576.2000,4576.0000,4575.6000,4571.0000,4565.0000,4579.2000,4580.8000,4582.6000,4583.4000,4583.6000,1,1,1,1,5,1,1,3,1,2
SF,IF2106,2020-10-20 09:35:22.700,4576.8000,1259,0,63142860.000,0,-,-,-,-,4576.2000,4576.0000,4575.6000,4571.0000,4565.0000,4580.8000,4582.6000,4583.4000,4583.6000,4584.2000,1,1,1,1,5,1,3,1,2,3
SF,IF2106,2020-10-20 09:35:23.200,4576.8000,1259,0,63142860.000,0,-,-,-,-,4576.2000,4576.0000,4575.6000,4571.0000,4565.0000,4580.4000,4580.6000,4580.8000,4582.6000,4583.4000,1,1,1,1,5,1,1,1,3,1
SF,IF2106,2020-10-20 09:35:23.700,4576.8000,1259,0,63142860.000,0,-,-,-,-,4576.2000,4576.0000,4575.6000,4571.0000,4565.0000,4580.2000,4580.8000,4582.6000,4583.4000,4583.6000,1,1,1,1,5,1,1,3,1,2
SF,IF2106,2020-10-20 09:35:26.200,4576.8000,1259,0,63142860.000,0,-,-,-,-,4576.2000,4576.0000,4575.6000,4571.0000,4565.0000,4579.8000,4580.2000,4582.6000,4583.4000,4583.6000,1,1,1,1,5,1,1,3,1,2
SF,IF2106,2020-10-20 09:35:26.700,4576.8000,1259,0,63142860.000,0,-,-,-,-,4576.2000,4576.0000,4575.6000,4571.0000,4565.0000,4582.6000,4583.4000,4583.6000,4584.2000,4586.8000,1,1,1,1,5,3,1,2,3,2
SF,IF2106,2020-10-20 09:35:27.200,4576.8000,1259,0,63142860.000,0,-,-,-,-,4576.4000,4576.2000,4576.0000,4575.6000,4571.0000,4581.2000,4582.4000,4582.6000,4583.4000,4583.6000,1,1,1,1,1,3,1,4,1,2
SF,IF2106,2020-10-20 09:35:27.700,4576.8000,1259,0,63142860.000,0,-,-,-,-,4576.6000,4576.4000,4576.0000,4575.6000,4571.0000,4581.0000,4581.2000,4582.6000,4583.4000,4583.6000,1,1,1,1,1,1,2,4,1,2
SF,IF2106,2020-10-20 09:35:28.700,4576.8000,1259,0,63142860.000,0,-,-,-,-,4576.6000,4576.4000,4576.0000,4575.6000,4571.0000,4580.4000,4581.0000,4581.2000,4582.6000,4583.4000,1,1,1,1,1,1,1,2,4,1
SF,IF2106,2020-10-20 09:35:29.200,4576.8000,1259,0,63142860.000,0,-,-,-,-,4576.6000,4576.0000,4575.6000,4571.0000,4565.0000,4580.2000,4580.4000,4581.2000,4582.6000,4583.4000,1,1,1,1,5,1,1,2,4,1
SF,IF2106,2020-10-20 09:35:29.700,4576.8000,1259,0,63142860.000,0,-,-,-,-,4576.6000,4576.0000,4575.6000,4571.0000,4565.0000,4580.2000,4580.4000,4581.2000,4582.6000,4583.4000,1,1,1,1,5,1,2,1,4,1
SF,IF2106,2020-10-20 09:35:30.200,4576.8000,1259,0,63142860.000,0,-,-,-,-,4576.6000,4576.0000,4575.6000,4571.0000,4565.0000,4580.4000,4581.2000,4582.6000,4583.4000,4583.6000,1,1,1,1,5,1,1,4,1,2
SF,IF2106,2020-10-20 09:35:34.700,4576.8000,1259,0,63142860.000,0,-,-,-,-,4576.6000,4576.0000,4575.6000,4571.0000,4565.0000,4582.6000,4583.4000,4583.6000,4584.2000,4587.2000,1,1,1,1,5,4,1,2,3,3
SF,IF2106,2020-10-20 09:35:35.200,4576.8000,1259,0,63142860.000,0,-,-,-,-,4576.8000,4576.6000,4576.0000,4571.0000,4565.0000,4581.2000,4582.4000,4582.6000,4583.4000,4583.6000,2,1,1,1,5,2,1,4,1,2
SF,IF2106,2020-10-20 09:35:35.700,4576.8000,1259,0,63142860.000,0,-,-,-,-,4577.0000,4576.8000,4576.0000,4571.0000,4565.0000,4581.0000,4581.2000,4582.6000,4583.4000,4583.6000,1,2,1,1,5,1,2,4,1,2
SF,IF2106,2020-10-20 09:35:36.200,4576.8000,1259,0,63142860.000,0,-,-,-,-,4577.0000,4576.8000,4576.0000,4571.0000,4565.0000,4580.4000,4581.0000,4581.2000,4582.2000,4582.6000,1,1,1,1,5,1,1,2,2,3
SF,IF2106,2020-10-20 09:35:36.700,4576.8000,1259,0,63142860.000,0,-,-,-,-,4577.0000,4576.8000,4576.0000,4571.0000,4565.0000,4580.2000,4580.8000,4581.2000,4582.2000,4582.6000,1,1,1,1,5,1,1,2,2,3
SF,IF2106,2020-10-20 09:35:37.700,4576.8000,1259,0,63142860.000,0,-,-,-,-,4577.0000,4576.8000,4576.0000,4571.0000,4565.0000,4579.8000,4580.2000,4581.2000,4582.2000,4582.6000,1,1,1,1,5,2,1,2,2,3
SF,IF2106,2020-10-20 09:35:38.700,4576.8000,1259,0,63142860.000,0,-,-,-,-,4577.0000,4576.8000,4576.0000,4571.0000,4565.0000,4579.6000,4579.8000,4580.2000,4581.2000,4582.6000,1,1,1,1,5,1,2,1,2,3
SF,IF2106,2020-10-20 09:35:40.700,4576.8000,1259,0,63142860.000,0,-,-,-,-,4577.0000,4576.8000,4576.0000,4571.0000,4565.0000,4579.6000,4579.8000,4580.2000,4581.2000,4582.6000,1,1,1,1,5,1,1,1,2,3
SF,IF2106,2020-10-20 09:35:43.200,4576.8000,1259,0,63142860.000,0,-,-,-,-,4577.0000,4576.8000,4576.0000,4571.0000,4565.0000,4579.4000,4579.6000,4580.2000,4581.2000,4582.6000,1,1,1,1,5,1,1,1,2,3
SF,IF2106,2020-10-20 09:35:44.200,4576.8000,1259,0,63142860.000,0,-,-,-,-,4577.0000,4576.8000,4571.0000,4565.0000,4558.6000,4579.4000,4579.6000,4580.2000,4581.2000,4582.6000,2,1,1,5,3,1,1,1,2,3
SF,IF2106,2020-10-20 09:35:44.700,4579.6000,1259,0,67264320.000,3,1,2,多换,S,4580.0000,4577.0000,4576.8000,4571.0000,4565.0000,4580.2000,4581.2000,4582.6000,4583.4000,4583.6000,2,2,1,1,5,1,2,3,1,2
SF,IF2106,2020-10-20 09:35:45.200,4580.0000,1259,0,70012320.000,2,1,1,多换,S,4577.0000,4576.8000,4571.0000,4565.0000,4558.6000,4581.2000,4582.6000,4583.4000,4583.6000,4584.2000,1,1,1,5,3,2,3,1,2,3
SF,IF2106,2020-10-20 09:35:45.700,4580.0000,1259,0,70012320.000,0,-,-,-,-,4577.2000,4577.0000,4576.8000,4571.0000,4565.0000,4581.0000,4581.2000,4582.6000,4583.4000,4583.6000,1,1,1,1,5,1,3,3,1,2
SF,IF2106,2020-10-20 09:35:46.200,4580.0000,1259,0,70012320.000,0,-,-,-,-,4577.2000,4577.0000,4576.8000,4571.0000,4565.0000,4580.4000,4581.2000,4582.6000,4583.4000,4583.6000,1,1,1,1,5,1,3,3,1,2
SF,IF2106,2020-10-20 09:35:46.700,4580.0000,1259,0,70012320.000,0,-,-,-,-,4577.2000,4577.0000,4571.0000,4565.0000,4558.6000,4580.4000,4580.6000,4581.2000,4582.6000,4583.4000,1,1,1,5,3,1,1,2,3,1
SF,IF2106,2020-10-20 09:35:47.700,4580.0000,1259,0,70012320.000,0,-,-,-,-,4577.2000,4577.0000,4571.0000,4565.0000,4529.2000,4580.6000,4581.2000,4582.6000,4583.4000,4584.2000,1,1,1,5,6,1,1,3,1,3
SF,IF2106,2020-10-20 09:35:48.700,4580.0000,1259,0,70012320.000,0,-,-,-,-,4577.2000,4577.0000,4571.0000,4565.0000,4529.2000,4580.4000,4580.6000,4581.2000,4582.6000,4583.4000,1,1,1,5,6,1,1,1,3,1
SF,IF2106,2020-10-20 09:35:49.200,4580.0000,1259,0,70012320.000,0,-,-,-,-,4577.2000,4577.0000,4571.0000,4565.0000,4529.2000,4580.4000,4581.2000,4582.6000,4583.4000,4584.2000,1,1,1,5,6,1,1,3,1,3
SF,IF2106,2020-10-20 09:35:50.700,4580.0000,1259,0,70012320.000,0,-,-,-,-,4577.2000,4577.0000,4571.0000,4565.0000,4529.2000,4580.0000,4580.2000,4580.4000,4581.2000,4582.6000,1,1,1,5,6,1,1,1,1,3
SF,IF2106,2020-10-20 09:35:52.700,4580.0000,1259,0,70012320.000,0,-,-,-,-,4577.2000,4577.0000,4571.0000,4565.0000,4529.2000,4579.8000,4580.0000,4580.2000,4580.4000,4581.2000,1,1,1,5,6,1,1,1,1,1
SF,IF2106,2020-10-20 09:35:53.200,4580.0000,1259,0,74134320.000,3,1,2,多换,S,4580.0000,4577.0000,4571.0000,4565.0000,4529.2000,4580.2000,4580.4000,4581.2000,4583.4000,4588.0000,2,1,1,5,6,1,1,1,1,1
SF,IF2106,2020-10-20 09:35:53.700,4580.0000,1260,1,76882320.000,2,1,1,空开,S,4577.0000,4571.0000,4565.0000,4529.2000,4500.0000,4579.2000,4579.4000,4580.2000,4580.4000,4581.2000,1,1,5,6,1,1,1,1,1,1
SF,IF2106,2020-10-20 09:35:54.200,4579.2000,1259,-1,78256080.000,1,0,1,双平,S,4577.0000,4571.0000,4565.0000,4529.2000,4500.0000,4579.4000,4579.6000,4581.2000,4583.4000,4588.0000,1,1,5,6,1,1,3,1,1,1
SF,IF2106,2020-10-20 09:35:54.700,4579.2000,1259,0,78256080.000,0,-,-,-,-,4577.2000,4577.0000,4571.0000,4565.0000,4529.2000,4579.4000,4579.6000,4581.2000,4588.0000,4588.6000,1,1,1,5,6,1,2,1,1,1
SF,IF2106,2020-10-20 09:35:55.200,4579.4000,1258,-1,79629900.000,1,0,1,双平,S,4577.0000,4571.0000,4565.0000,4529.2000,4500.0000,4579.6000,4580.8000,4581.2000,4588.0000,4588.6000,1,1,5,6,1,1,1,1,1,1
SF,IF2106,2020-10-20 09:35:55.700,4579.4000,1258,0,79629900.000,0,-,-,-,-,4577.2000,4577.0000,4571.0000,4565.0000,4529.2000,4580.8000,4581.2000,4588.0000,4588.6000,4602.0000,1,1,1,5,6,2,1,1,1,1
SF,IF2106,2020-10-20 09:35:56.200,4579.4000,1258,0,79629900.000,0,-,-,-,-,4577.2000,4577.0000,4571.0000,4565.0000,4529.2000,4580.6000,4580.8000,4581.2000,4588.0000,4588.6000,1,1,1,5,6,1,2,1,1,1
SF,IF2106,2020-10-20 09:35:56.700,4579.4000,1258,0,79629900.000,0,-,-,-,-,4577.4000,4577.2000,4577.0000,4571.0000,4565.0000,4580.6000,4580.8000,4588.0000,4588.6000,4602.0000,1,1,1,1,5,1,1,1,1,1
SF,IF2106,2020-10-20 09:35:57.200,4579.4000,1258,0,79629900.000,0,-,-,-,-,4577.6000,4577.4000,4577.0000,4571.0000,4565.0000,4580.6000,4588.0000,4588.6000,4602.0000,4610.0000,2,1,1,1,5,1,1,1,1,5
SF,IF2106,2020-10-20 09:35:57.700,4579.4000,1258,0,79629900.000,0,-,-,-,-,4577.6000,4577.4000,4577.0000,4571.0000,4565.0000,4582.2000,4583.4000,4588.0000,4588.6000,4602.0000,2,1,1,1,5,1,1,1,1,1
SF,IF2106,2020-10-20 09:35:58.200,4579.4000,1258,0,79629900.000,0,-,-,-,-,4578.0000,4577.6000,4577.0000,4571.0000,4565.0000,4582.0000,4582.2000,4583.4000,4588.0000,4588.6000,1,2,1,1,5,1,1,1,1,1
