市场代码,合约代码,时间,最新,持仓,增仓,成交额,成交量,开仓,平仓,成交类型,方向,买一价,买二价,买三价,买四价,买五价,卖一价,卖二价,卖三价,卖四价,卖五价,买一量,买二量,买三量,买四量,买五量,卖一量,卖二量,卖三量,卖四量,卖五量
SF,IF2103,2020-10-20 09:29:00.200,4649.6000,22717,0,5579520.000,4.000,-,-,-,-,4645.4000,4645.0000,4642.0000,4637.6000,4636.6000,4649.8000,4658.2000,4659.0000,4659.4000,4660.2000,1,1,1,1,1,1,1,1,1,4
SF,IF2103,2020-10-20 09:30:00.200,4645.4000,22719,2,8366880.000,2,2,0,双开,S,4645.0000,4642.0000,4637.6000,4636.6000,4636.0000,4648.6000,4648.8000,4649.6000,4649.8000,4658.2000,1,1,1,1,1,1,1,1,1,1
SF,IF2103,2020-10-20 09:30:00.700,4645.4000,22719,0,8366880.000,0,-,-,-,-,4645.2000,4645.0000,4642.0000,4637.6000,4636.6000,4648.2000,4649.6000,4649.8000,4658.2000,4659.0000,1,2,1,1,1,1,4,1,1,1
SF,IF2103,2020-10-20 09:30:01.200,4645.4000,22719,0,8366880.000,0,-,-,-,-,4645.2000,4645.0000,4637.6000,4636.6000,4636.0000,4648.2000,4649.4000,4649.6000,4649.8000,4652.4000,2,1,1,1,1,1,1,1,1,1
SF,IF2103,2020-10-20 09:30:01.700,4645.4000,22719,0,8366880.000,0,-,-,-,-,4645.4000,4645.2000,4645.0000,4636.6000,4636.0000,4647.8000,4648.0000,4648.2000,4649.4000,4649.8000,1,1,1,1,1,1,1,1,1,1
SF,IF2103,2020-10-20 09:30:02.200,4645.6000,22717,-2,11154900.000,2,0,2,双平,S,4645.6000,4645.4000,4645.0000,4636.6000,4636.0000,4647.4000,4648.2000,4649.4000,4649.8000,4652.4000,1,1,1,1,1,1,1,1,1,1
SF,IF2103,2020-10-20 09:30:02.700,4647.4000,22716,-1,12549120.000,1,0,1,双平,S,4645.6000,4645.0000,4636.6000,4636.0000,4635.0000,4648.2000,4649.4000,4649.8000,4652.4000,4658.2000,1,1,1,1,6,1,1,1,1,1
SF,IF2103,2020-10-20 09:30:03.200,4647.4000,22716,0,12549120.000,0,-,-,-,-,4646.4000,4645.6000,4645.0000,4636.6000,4636.0000,4648.2000,4649.4000,4649.8000,4652.4000,4658.2000,1,2,1,1,1,1,1,1,1,1
SF,IF2103,2020-10-20 09:30:03.700,4646.6000,22716,0,13943100.000,1,0,1,多换,S,4646.6000,4646.4000,4645.0000,4636.6000,4636.0000,4649.4000,4649.8000,4652.4000,4658.2000,4660.0000,1,2,1,1,1,1,1,1,1,5
SF,IF2103,2020-10-20 09:30:04.200,4646.6000,22716,0,13943100.000,0,-,-,-,-,4647.8000,4646.8000,4646.6000,4645.0000,4636.6000,4649.4000,4649.8000,4652.4000,4658.2000,4660.0000,1,1,2,1,1,1,1,1,1,5
SF,IF2103,2020-10-20 09:30:04.700,4646.6000,22716,0,13943100.000,0,-,-,-,-,4648.6000,4648.0000,4647.8000,4646.8000,4646.6000,4649.8000,4652.4000,4658.2000,4660.0000,4664.8000,1,1,1,1,1,1,1,1,5,1
SF,IF2103,2020-10-20 09:30:05.200,4646.6000,22716,0,13943100.000,0,-,-,-,-,4648.8000,4647.8000,4646.8000,4646.6000,4645.0000,4649.8000,4652.4000,4658.2000,4660.0000,4664.8000,1,1,1,1,1,1,1,1,5,1
SF,IF2103,2020-10-20 09:30:05.700,4648.8000,22716,0,16731720.000,2,1,1,多换,S,4648.8000,4647.8000,4646.8000,4646.6000,4645.0000,4649.8000,4652.4000,4658.2000,4660.0000,4664.8000,1,1,1,1,1,1,1,1,5,1
SF,IF2103,2020-10-20 09:30:06.200,4649.0000,22714,-2,19521360.000,2,0,2,双平,S,4647.8000,4646.8000,4646.6000,4645.0000,4636.6000,4650.0000,4658.2000,4660.0000,4664.8000,4667.2000,1,1,1,1,1,1,1,5,1,6
SF,IF2103,2020-10-20 09:30:06.700,4650.0000,22714,0,22311360.000,2,1,1,多换,S,4649.2000,4648.4000,4648.2000,4648.0000,4647.8000,4658.2000,4664.8000,4665.0000,4667.2000,4670.0000,2,1,1,1,2,1,1,5,6,1
SF,IF2103,2020-10-20 09:30:07.200,4650.0000,22713,-1,23706360.000,1,0,1,双平,S,4650.0000,4649.8000,4649.6000,4649.4000,4648.2000,4653.0000,4654.0000,4654.4000,4654.6000,4655.2000,2,2,5,3,1,1,1,1,1,2
SF,IF2103,2020-10-20 09:30:07.700,4650.0000,22712,-1,25101360.000,1,0,1,双平,S,4650.2000,4650.0000,4649.8000,4649.6000,4648.2000,4652.8000,4654.0000,4654.4000,4654.6000,4655.2000,1,2,3,5,1,1,1,1,1,2
SF,IF2103,2020-10-20 09:30:08.200,4650.0000,22712,0,25101360.000,0,-,-,-,-,4650.2000,4649.8000,4649.6000,4648.2000,4648.0000,4652.8000,4654.0000,4654.4000,4654.6000,4655.2000,1,3,3,1,1,1,1,1,1,2
SF,IF2103,2020-10-20 09:30:08.700,4648.0000,22714,2,34864740.000,7,4,3,空开,S,4645.0000,4636.6000,4636.0000,4635.0000,4633.0000,4647.8000,4652.2000,4652.8000,4654.0000,4654.4000,6,1,1,1,1,13,1,1,1,1
SF,IF2103,2020-10-20 09:30:09.200,4649.0000,22713,-1,57174540.000,16,7,9,多平,S,4649.6000,4647.8000,4647.4000,4647.2000,4646.4000,4652.2000,4654.0000,4654.6000,4655.2000,4657.8000,1,2,2,1,2,1,1,1,1,8
SF,IF2103,2020-10-20 09:30:09.700,4649.0000,22711,-2,59964120.000,2,0,2,双平,S,4649.0000,4647.8000,4647.2000,4646.4000,4646.2000,4650.8000,4651.2000,4651.6000,4652.0000,4654.0000,1,2,1,1,5,1,1,1,1,1
SF,IF2103,2020-10-20 09:30:10.200,4649.0000,22710,-1,61358820.000,1,0,1,双平,S,4649.0000,4647.8000,4647.2000,4646.4000,4646.2000,4650.6000,4650.8000,4651.2000,4652.0000,4654.0000,1,1,1,1,5,1,1,1,1,1
SF,IF2103,2020-10-20 09:30:10.700,4649.0000,22709,-1,62753520.000,1,0,1,双平,S,4647.8000,4647.2000,4646.4000,4646.2000,4646.0000,4650.6000,4650.8000,4651.2000,4652.0000,4654.0000,1,1,1,5,1,1,1,1,1,1
SF,IF2103,2020-10-20 09:30:11.200,4649.0000,22709,0,62753520.000,0,-,-,-,-,4648.0000,4647.8000,4647.2000,4646.4000,4646.2000,4650.4000,4650.8000,4651.2000,4654.0000,4654.6000,3,2,1,1,5,1,1,1,1,1
SF,IF2103,2020-10-20 09:30:11.700,4649.0000,22709,0,62753520.000,0,-,-,-,-,4648.8000,4648.2000,4647.8000,4647.2000,4646.4000,4650.4000,4650.8000,4651.2000,4654.0000,4654.6000,1,1,1,1,1,1,1,1,1,1
SF,IF2103,2020-10-20 09:30:12.200,4648.8000,22708,-1,64148160.000,1,0,1,双平,S,4647.8000,4647.2000,4646.4000,4646.2000,4646.0000,4650.2000,4650.4000,4650.8000,4651.2000,4654.0000,1,1,1,5,1,1,1,1,1,1
SF,IF2103,2020-10-20 09:30:12.700,4650.0000,22708,0,65543160.000,1,0,1,多换,S,4648.0000,4647.8000,4647.2000,4646.4000,4646.2000,4650.8000,4651.2000,4654.0000,4654.6000,4655.2000,1,2,1,1,5,1,1,1,1,1
SF,IF2103,2020-10-20 09:30:13.200,4650.0000,22708,0,65543160.000,0,-,-,-,-,4648.0000,4647.2000,4646.4000,4646.2000,4646.0000,4650.2000,4650.8000,4651.2000,4654.0000,4654.6000,1,1,1,5,1,1,1,1,1,1
SF,IF2103,2020-10-20 09:30:13.700,4650.0000,22708,0,65543160.000,0,-,-,-,-,4648.8000,4648.0000,4647.2000,4646.4000,4646.2000,4650.0000,4650.2000,4650.8000,4651.2000,4654.0000,1,1,1,1,5,1,1,1,1,1
SF,IF2103,2020-10-20 09:30:14.200,4648.8000,22707,-1,66937800.000,1,0,1,双平,S,4648.0000,4647.2000,4646.4000,4646.2000,4646.0000,4649.6000,4649.8000,4650.0000,4650.2000,4650.8000,1,1,1,5,1,1,1,1,1,1
SF,IF2103,2020-10-20 09:30:14.700,4648.0000,22706,-1,68332200.000,1,0,1,双平,S,4647.2000,4646.4000,4646.2000,4646.0000,4645.4000,4648.6000,4649.4000,4649.6000,4655.2000,4657.8000,1,1,5,1,2,1,2,2,1,8
SF,IF2103,2020-10-20 09:30:15.200,4648.0000,22706,0,68332200.000,0,-,-,-,-,4646.4000,4646.2000,4646.0000,4645.4000,4645.0000,4649.4000,4649.6000,4655.2000,4657.8000,4658.2000,1,3,1,1,1,1,2,1,8,1
SF,IF2103,2020-10-20 09:30:15.700,4648.0000,22706,0,68332200.000,0,-,-,-,-,4647.2000,4646.4000,4646.2000,4646.0000,4645.0000,4648.6000,4649.0000,4649.2000,4649.4000,4649.6000,1,1,3,1,1,1,1,1,1,1
SF,IF2103,2020-10-20 09:30:16.200,4648.0000,22706,0,68332200.000,0,-,-,-,-,4646.2000,4646.0000,4645.0000,4640.0000,4636.6000,4648.4000,4648.6000,4649.0000,4649.2000,4649.6000,1,1,1,5,1,1,2,1,1,1
SF,IF2103,2020-10-20 09:30:16.700,4648.0000,22706,0,68332200.000,0,-,-,-,-,4645.0000,4640.0000,4636.6000,4636.0000,4635.0000,4648.2000,4648.4000,4648.6000,4649.0000,4649.6000,1,5,1,1,1,1,2,1,1,1
SF,IF2103,2020-10-20 09:30:17.200,4648.0000,22706,0,68332200.000,0,-,-,-,-,4645.8000,4645.6000,4645.2000,4645.0000,4640.0000,4648.0000,4648.2000,4648.6000,4649.6000,4655.2000,1,2,1,1,5,1,3,1,1,1
SF,IF2103,2020-10-20 09:30:17.700,4648.0000,22706,0,68332200.000,0,-,-,-,-,4646.0000,4645.2000,4645.0000,4640.0000,4636.6000,4647.8000,4648.0000,4648.6000,4655.2000,4657.8000,1,1,1,5,1,1,3,1,1,8
SF,IF2103,2020-10-20 09:30:18.200,4648.0000,22706,0,68332200.000,0,-,-,-,-,4646.6000,4646.0000,4645.2000,4645.0000,4640.0000,4647.6000,4647.8000,4648.0000,4648.6000,4655.2000,1,3,1,1,5,1,3,1,1,1
SF,IF2103,2020-10-20 09:30:18.700,4646.6000,22705,-1,69726180.000,1,0,1,双平,S,4646.0000,4645.2000,4645.0000,4640.0000,4636.6000,4647.4000,4647.6000,4648.0000,4648.6000,4657.8000,2,1,1,5,1,1,2,1,1,1
SF,IF2103,2020-10-20 09:30:19.200,4646.6000,22705,0,69726180.000,0,-,-,-,-,4646.0000,4645.2000,4645.0000,4640.0000,4636.6000,4647.4000,4647.6000,4648.0000,4648.6000,4649.4000,2,1,1,5,1,1,1,1,1,1
SF,IF2103,2020-10-20 09:30:19.700,4646.6000,22705,0,69726180.000,0,-,-,-,-,4646.0000,4645.2000,4645.0000,4640.0000,4636.6000,4647.4000,4648.0000,4648.6000,4649.4000,4657.8000,2,1,1,5,1,1,1,1,1,1
SF,IF2103,2020-10-20 09:30:20.200,4647.4000,22704,-1,72514620.000,2,0,2,多平,S,4646.0000,4645.2000,4645.0000,4640.0000,4636.6000,4648.0000,4648.6000,4649.4000,4657.8000,4658.2000,2,1,1,5,1,1,1,1,1,1
SF,IF2103,2020-10-20 09:30:20.700,4647.4000,22704,0,72514620.000,0,-,-,-,-,4647.4000,4646.0000,4645.2000,4645.0000,4640.0000,4647.8000,4648.0000,4648.6000,4649.4000,4657.8000,1,2,1,1,5,2,1,1,1,1
SF,IF2103,2020-10-20 09:30:21.200,4647.4000,22704,0,73908840.000,1,0,1,多换,S,4646.2000,4646.0000,4645.2000,4645.0000,4640.0000,4647.2000,4647.8000,4648.0000,4648.6000,4649.4000,1,2,1,1,5,1,1,1,1,1
SF,IF2103,2020-10-20 09:30:21.700,4647.4000,22704,0,73908840.000,0,-,-,-,-,4646.2000,4646.0000,4645.2000,4645.0000,4640.0000,4647.0000,4647.2000,4648.0000,4648.6000,4649.4000,1,2,1,1,5,1,1,1,1,1
SF,IF2103,2020-10-20 09:30:22.200,4646.2000,22703,-1,75302700.000,1,0,1,双平,S,4646.0000,4645.0000,4640.0000,4636.6000,4636.0000,4646.4000,4646.8000,4647.2000,4648.0000,4649.4000,2,1,5,1,1,1,2,1,1,1
SF,IF2103,2020-10-20 09:30:22.700,4646.0000,22701,-2,78090300.000,2,0,2,双平,S,4645.0000,4636.6000,4636.0000,4635.0000,4633.0000,4646.0000,4646.4000,4646.8000,4647.2000,4649.4000,1,1,1,6,1,1,2,1,1,1
SF,IF2103,2020-10-20 09:30:23.200,4645.8000,22701,0,80877540.000,2,1,1,多换,S,4636.6000,4636.0000,4635.0000,4633.0000,4632.0000,4646.0000,4646.2000,4646.8000,4647.2000,4649.4000,1,1,6,1,1,1,2,1,1,1
SF,IF2103,2020-10-20 09:30:23.700,4645.8000,22701,0,82271280.000,1,0,1,多换,S,4644.4000,4644.0000,4643.8000,4643.6000,4643.2000,4646.0000,4646.2000,4646.8000,4647.2000,4649.4000,1,1,2,5,1,1,2,1,1,1
SF,IF2103,2020-10-20 09:30:24.200,4646.0000,22700,-1,83665080.000,1,0,1,双平,S,4645.6000,4644.6000,4644.4000,4644.0000,4643.6000,4646.2000,4646.8000,4647.2000,4649.4000,4657.8000,1,1,1,1,5,2,1,1,1,1
SF,IF2103,2020-10-20 09:30:24.700,4645.6000,22699,-1,85058760.000,1,0,1,双平,S,4644.6000,4644.4000,4644.0000,4643.6000,4641.4000,4646.2000,4646.8000,4647.2000,4649.4000,4657.8000,1,1,1,5,1,2,1,1,1,1
SF,IF2103,2020-10-20 09:30:25.200,4645.6000,22699,0,85058760.000,0,-,-,-,-,4644.8000,4644.4000,4644.0000,4643.6000,4641.4000,4646.2000,4646.8000,4647.2000,4649.4000,4657.8000,1,1,1,5,1,2,1,1,1,1
SF,IF2103,2020-10-20 09:30:25.700,4645.6000,22699,0,85058760.000,0,-,-,-,-,4645.0000,4644.8000,4644.4000,4644.0000,4643.6000,4646.2000,4646.8000,4647.2000,4649.4000,4657.8000,1,1,1,1,5,2,1,1,1,1
SF,IF2103,2020-10-20 09:30:26.200,4645.2000,22697,-2,87846180.000,2,0,2,双平,S,4645.0000,4644.4000,4644.0000,4643.6000,4641.4000,4645.6000,4646.2000,4646.8000,4647.2000,4649.4000,1,1,1,5,1,1,1,1,1,1
SF,IF2103,2020-10-20 09:30:26.700,4646.2000,22697,0,90633720.000,2,1,1,多换,S,4645.2000,4645.0000,4644.4000,4644.0000,4643.6000,4646.8000,4647.2000,4649.4000,4657.8000,4658.2000,1,1,1,1,5,1,1,1,1,1
SF,IF2103,2020-10-20 09:30:27.200,4646.2000,22697,0,90633720.000,0,-,-,-,-,4646.6000,4645.6000,4645.2000,4644.4000,4644.0000,4646.8000,4647.2000,4649.4000,4657.8000,4658.2000,1,1,2,1,1,1,1,1,1,1
SF,IF2103,2020-10-20 09:30:27.700,4646.6000,22697,0,92027700.000,1,0,1,多换,S,4645.6000,4645.2000,4644.4000,4644.0000,4643.6000,4646.8000,4647.2000,4649.4000,4657.8000,4658.2000,1,2,1,1,5,1,1,1,1,1
SF,IF2103,2020-10-20 09:30:28.200,4646.6000,22697,0,92027700.000,0,-,-,-,-,4645.6000,4645.2000,4644.4000,4644.0000,4643.6000,4646.8000,4647.2000,4649.4000,4657.8000,4658.2000,2,1,1,1,5,1,1,1,1,1
SF,IF2103,2020-10-20 09:30:28.700,4646.8000,22696,-1,93421740.000,1,0,1,双平,S,4646.0000,4645.6000,4644.4000,4644.0000,4643.6000,4647.2000,4649.4000,4657.8000,4658.2000,4658.4000,1,2,1,1,5,1,1,1,1,1
SF,IF2103,2020-10-20 09:30:29.700,4646.8000,22696,0,93421740.000,0,-,-,-,-,4646.0000,4645.6000,4644.4000,4644.0000,4643.6000,4647.2000,4649.4000,4657.8000,4658.2000,4658.4000,2,1,1,1,5,1,1,1,1,1
SF,IF2103,2020-10-20 09:30:30.200,4646.8000,22696,0,93421740.000,0,-,-,-,-,4646.0000,4644.4000,4644.0000,4643.6000,4641.4000,4647.2000,4649.4000,4657.8000,4658.2000,4658.4000,2,1,1,5,1,1,1,1,1,1
SF,IF2103,2020-10-20 09:30:30.700,4646.8000,22696,0,93421740.000,0,-,-,-,-,4646.0000,4644.4000,4644.0000,4643.6000,4641.4000,4647.2000,4649.4000,4657.8000,4658.2000,4658.4000,1,1,1,5,1,1,1,1,1,1
SF,IF2103,2020-10-20 09:30:31.200,4646.0000,22694,-2,96209340.000,2,0,2,双平,S,4644.4000,4644.0000,4643.6000,4641.4000,4639.8000,4647.0000,4647.2000,4649.4000,4657.8000,4658.2000,1,1,5,1,1,1,1,1,1,1
SF,IF2103,2020-10-20 09:30:31.700,4647.0000,22694,0,97603440.000,1,0,1,多换,S,4644.6000,4644.4000,4644.0000,4643.6000,4641.4000,4647.2000,4649.4000,4657.8000,4658.2000,4658.4000,1,3,1,5,1,1,1,1,1,1
SF,IF2103,2020-10-20 09:30:32.200,4647.0000,22694,0,97603440.000,0,-,-,-,-,4644.6000,4644.4000,4644.0000,4643.6000,4641.4000,4646.4000,4647.2000,4649.4000,4657.8000,4658.2000,2,3,1,5,1,2,1,1,1,1
SF,IF2103,2020-10-20 09:30:32.700,4647.0000,22694,0,97603440.000,0,-,-,-,-,4644.6000,4644.4000,4644.0000,4643.6000,4641.4000,4646.2000,4646.4000,4647.2000,4649.4000,4657.8000,1,3,1,5,1,1,2,1,1,1
SF,IF2103,2020-10-20 09:30:33.200,4644.6000,22694,0,98996820.000,1,0,1,多换,S,4644.4000,4644.0000,4643.6000,4641.4000,4639.8000,4646.0000,4646.4000,4647.2000,4649.4000,4657.8000,3,1,5,1,1,1,2,1,1,1
SF,IF2103,2020-10-20 09:30:33.700,4644.6000,22694,0,98996820.000,0,-,-,-,-,4644.6000,4644.4000,4644.0000,4643.6000,4641.4000,4645.8000,4646.4000,4647.2000,4649.4000,4657.8000,1,3,1,5,1,1,2,1,1,1
SF,IF2103,2020-10-20 09:30:34.200,4644.6000,22694,0,98996820.000,0,-,-,-,-,4644.6000,4644.4000,4644.0000,4643.6000,4641.4000,4645.6000,4646.4000,4647.2000,4649.4000,4657.8000,1,3,1,5,1,1,2,1,1,1
SF,IF2103,2020-10-20 09:30:34.700,4644.6000,22693,-1,101783880.000,2,0,2,多平,S,4644.4000,4644.0000,4643.6000,4641.4000,4639.8000,4646.4000,4647.2000,4649.4000,4657.8000,4658.2000,3,1,5,1,1,2,1,1,1,1
SF,IF2103,2020-10-20 09:30:35.200,4644.6000,22693,0,101783880.000,0,-,-,-,-,4644.4000,4644.0000,4643.6000,4641.4000,4639.8000,4646.2000,4646.4000,4647.2000,4657.8000,4658.2000,3,1,5,1,1,1,2,1,1,1
SF,IF2103,2020-10-20 09:30:35.700,4644.6000,22693,0,101783880.000,0,-,-,-,-,4644.8000,4644.6000,4644.4000,4644.0000,4643.6000,4646.2000,4647.2000,4657.8000,4658.2000,4658.4000,1,2,3,1,5,1,1,1,1,1
SF,IF2103,2020-10-20 09:30:36.200,4646.2000,22693,0,103177740.000,1,0,1,多换,S,4645.0000,4644.8000,4644.4000,4644.0000,4643.6000,4647.2000,4657.8000,4658.2000,4658.4000,4664.8000,1,2,3,1,5,1,1,1,1,1
SF,IF2103,2020-10-20 09:30:36.700,4646.2000,22693,0,103177740.000,0,-,-,-,-,4645.4000,4645.2000,4645.0000,4644.4000,4644.0000,4647.2000,4657.8000,4658.2000,4658.4000,4664.8000,2,1,1,3,1,1,1,1,1,1
SF,IF2103,2020-10-20 09:30:37.200,4646.2000,22693,0,103177740.000,0,-,-,-,-,4646.0000,4645.8000,4645.6000,4645.4000,4645.2000,4647.2000,4657.8000,4658.2000,4658.4000,4664.8000,1,1,2,2,1,1,1,1,1,1
SF,IF2103,2020-10-20 09:30:37.700,4646.2000,22692,-1,104571600.000,1,0,1,双平,S,4646.0000,4645.8000,4645.4000,4645.2000,4644.4000,4647.2000,4657.8000,4658.2000,4658.4000,4664.8000,2,1,1,1,3,1,1,1,1,1
SF,IF2103,2020-10-20 09:30:38.200,4646.2000,22692,0,104571600.000,0,-,-,-,-,4646.0000,4645.8000,4645.4000,4645.2000,4644.4000,4647.2000,4657.8000,4658.2000,4658.4000,4664.8000,1,1,1,1,3,1,1,1,1,1
SF,IF2103,2020-10-20 09:30:38.700,4647.2000,22691,-1,105965760.000,1,0,1,双平,S,4647.4000,4647.2000,4646.4000,4646.2000,4646.0000,4657.8000,4658.2000,4658.4000,4664.8000,4667.2000,1,1,1,5,2,1,1,1,1,6
SF,IF2103,2020-10-20 09:30:39.200,4647.2000,22691,0,105965760.000,0,-,-,-,-,4647.6000,4647.4000,4645.8000,4645.4000,4644.4000,4648.6000,4648.8000,4649.0000,4649.4000,4649.6000,1,1,1,1,3,1,1,1,1,1
SF,IF2103,2020-10-20 09:30:39.700,4647.4000,22690,-1,108754260.000,2,0,2,多平,S,4645.8000,4644.4000,4638.6000,4636.6000,4636.0000,4647.0000,4648.0000,4648.6000,4648.8000,4651.2000,1,3,2,1,1,1,1,1,1,4
SF,IF2103,2020-10-20 09:30:40.200,4647.4000,22690,0,108754260.000,0,-,-,-,-,4646.0000,4645.8000,4644.4000,4638.6000,4636.6000,4647.0000,4648.0000,4648.6000,4648.8000,4651.2000,1,1,3,2,1,1,1,1,1,2
SF,IF2103,2020-10-20 09:30:40.700,4647.2000,22690,0,110148420.000,1,0,1,多换,S,4646.0000,4644.4000,4638.6000,4636.6000,4636.0000,4648.0000,4648.6000,4648.8000,4651.2000,4651.4000,2,3,2,1,1,1,1,1,2,4
SF,IF2103,2020-10-20 09:30:41.200,4647.2000,22690,0,110148420.000,0,-,-,-,-,4646.0000,4644.4000,4638.6000,4636.6000,4636.0000,4647.8000,4648.0000,4648.6000,4648.8000,4651.2000,1,3,2,1,1,1,1,1,1,2
SF,IF2103,2020-10-20 09:30:41.700,4647.2000,22690,0,110148420.000,0,-,-,-,-,4644.4000,4638.6000,4636.6000,4636.0000,4635.0000,4647.8000,4648.0000,4648.6000,4648.8000,4651.2000,3,2,1,1,6,1,1,1,1,2
SF,IF2103,2020-10-20 09:30:42.200,4647.2000,22690,0,110148420.000,0,-,-,-,-,4644.6000,4644.4000,4638.6000,4636.6000,4636.0000,4647.8000,4648.0000,4648.6000,4648.8000,4651.2000,1,3,2,1,1,1,1,1,1,2
SF,IF2103,2020-10-20 09:30:42.700,4647.2000,22690,0,110148420.000,0,-,-,-,-,4646.0000,4645.0000,4644.6000,4644.4000,4638.6000,4647.8000,4648.0000,4648.6000,4648.8000,4651.2000,1,1,1,3,2,1,1,1,1,2
SF,IF2103,2020-10-20 09:30:43.200,4647.2000,22690,0,110148420.000,0,-,-,-,-,4645.0000,4644.4000,4638.6000,4636.6000,4636.0000,4647.8000,4648.0000,4648.6000,4648.8000,4651.2000,1,3,2,1,1,1,1,1,1,2
SF,IF2103,2020-10-20 09:30:43.700,4647.2000,22690,0,110148420.000,0,-,-,-,-,4645.0000,4644.4000,4638.6000,4636.6000,4636.0000,4647.8000,4648.0000,4648.6000,4648.8000,4651.2000,1,3,2,1,1,1,1,1,1,2
SF,IF2103,2020-10-20 09:30:44.200,4647.2000,22690,0,110148420.000,0,-,-,-,-,4646.0000,4645.0000,4644.4000,4638.6000,4636.6000,4647.8000,4648.0000,4648.6000,4648.8000,4651.2000,1,1,3,2,1,1,1,1,1,2
SF,IF2103,2020-10-20 09:30:44.700,4647.2000,22690,0,110148420.000,0,-,-,-,-,4646.0000,4645.2000,4644.4000,4640.8000,4638.6000,4647.8000,4648.0000,4648.6000,4648.8000,4651.2000,1,1,3,1,2,1,1,1,1,2
SF,IF2103,2020-10-20 09:30:45.200,4647.2000,22690,0,110148420.000,0,-,-,-,-,4645.2000,4644.4000,4640.8000,4638.6000,4636.6000,4648.0000,4648.6000,4648.8000,4651.2000,4651.4000,1,3,1,2,1,1,1,1,2,4
SF,IF2103,2020-10-20 09:30:45.700,4647.2000,22690,0,110148420.000,0,-,-,-,-,4645.2000,4644.4000,4640.8000,4638.6000,4636.6000,4647.8000,4648.0000,4648.6000,4648.8000,4651.2000,1,3,1,2,1,1,1,1,1,2
SF,IF2103,2020-10-20 09:30:46.200,4647.2000,22690,0,110148420.000,0,-,-,-,-,4644.4000,4640.8000,4638.6000,4636.6000,4636.0000,4647.8000,4648.0000,4648.6000,4648.8000,4651.2000,3,1,2,1,1,1,1,1,1,2
SF,IF2103,2020-10-20 09:30:46.700,4647.2000,22690,0,110148420.000,0,-,-,-,-,4644.8000,4644.6000,4644.4000,4640.8000,4638.6000,4647.8000,4648.0000,4648.6000,4648.8000,4651.2000,1,1,1,1,2,2,1,1,1,2
SF,IF2103,2020-10-20 09:30:47.200,4647.2000,22690,0,110148420.000,0,-,-,-,-,4644.8000,4644.6000,4644.4000,4640.8000,4638.6000,4647.8000,4648.0000,4648.6000,4648.8000,4651.2000,3,1,1,1,2,2,1,1,1,2
SF,IF2103,2020-10-20 09:30:47.700,4647.2000,22690,0,110148420.000,0,-,-,-,-,4644.8000,4644.6000,4644.4000,4640.8000,4638.6000,4647.8000,4648.0000,4648.6000,4648.8000,4651.2000,2,1,1,1,2,2,1,1,1,2
SF,IF2103,2020-10-20 09:30:48.700,4647.2000,22690,0,110148420.000,0,-,-,-,-,4644.8000,4644.4000,4640.8000,4638.6000,4636.6000,4647.8000,4648.0000,4648.6000,4648.8000,4651.2000,2,1,1,2,1,2,1,1,1,2
SF,IF2103,2020-10-20 09:30:49.200,4647.2000,22690,0,110148420.000,0,-,-,-,-,4645.0000,4644.8000,4644.4000,4640.8000,4638.6000,4647.8000,4648.0000,4648.6000,4648.8000,4651.2000,1,2,1,1,2,2,1,1,1,2
SF,IF2103,2020-10-20 09:30:49.700,4647.2000,22690,0,110148420.000,0,-,-,-,-,4645.0000,4644.8000,4644.4000,4640.8000,4638.6000,4647.8000,4648.0000,4648.6000,4648.8000,4651.2000,2,2,1,1,2,2,1,1,1,1
SF,IF2103,2020-10-20 09:30:50.200,4647.2000,22690,0,110148420.000,0,-,-,-,-,4644.8000,4644.4000,4640.8000,4638.6000,4636.6000,4646.4000,4647.6000,4647.8000,4648.8000,4651.2000,2,1,1,2,1,2,1,2,1,1
SF,IF2103,2020-10-20 09:30:50.700,4644.8000,22688,-2,112935300.000,2,0,2,双平,S,4640.8000,4638.6000,4636.6000,4636.2000,4636.0000,4646.4000,4647.6000,4647.8000,4648.8000,4651.2000,1,2,1,2,1,3,1,2,1,1
SF,IF2103,2020-10-20 09:30:51.200,4644.8000,22688,0,112935300.000,0,-,-,-,-,4641.6000,4641.4000,4641.2000,4641.0000,4640.8000,4646.2000,4646.4000,4647.6000,4647.8000,4653.0000,1,1,7,6,1,2,3,1,1,1
SF,IF2103,2020-10-20 09:30:51.700,4644.8000,22688,0,112935300.000,0,-,-,-,-,4643.2000,4642.2000,4642.0000,4641.6000,4641.4000,4646.2000,4646.4000,4647.6000,4647.8000,4653.0000,1,1,6,1,1,2,3,1,1,1
SF,IF2103,2020-10-20 09:30:52.700,4644.8000,22688,0,112935300.000,0,-,-,-,-,4643.2000,4642.2000,4642.0000,4641.6000,4641.4000,4646.2000,4646.4000,4647.6000,4647.8000,4653.0000,1,1,1,1,1,2,3,1,1,1
SF,IF2103,2020-10-20 09:30:53.200,4644.8000,22688,0,114328740.000,1,0,1,多换,S,4643.2000,4642.2000,4642.0000,4641.6000,4641.4000,4646.2000,4646.4000,4647.6000,4647.8000,4653.0000,1,1,1,1,1,2,2,1,1,1
SF,IF2103,2020-10-20 09:30:53.700,4644.8000,22688,0,114328740.000,0,-,-,-,-,4643.2000,4642.2000,4642.0000,4641.6000,4641.4000,4646.0000,4646.2000,4646.4000,4647.8000,4653.0000,1,1,1,1,1,1,2,2,1,1
SF,IF2103,2020-10-20 09:30:54.200,4644.8000,22688,0,114328740.000,0,-,-,-,-,4643.2000,4642.2000,4641.6000,4641.4000,4641.0000,4645.6000,4645.8000,4646.2000,4646.4000,4647.8000,1,1,1,1,6,1,2,1,2,1
SF,IF2103,2020-10-20 09:30:54.700,4644.8000,22688,0,114328740.000,0,-,-,-,-,4643.2000,4642.2000,4641.6000,4641.4000,4641.0000,4645.4000,4645.6000,4645.8000,4646.2000,4646.4000,1,1,1,1,6,1,1,1,1,2
SF,IF2103,2020-10-20 09:30:55.700,4644.8000,22688,0,114328740.000,0,-,-,-,-,4643.2000,4642.2000,4641.6000,4641.4000,4641.0000,4645.4000,4645.6000,4645.8000,4646.2000,4646.4000,2,1,1,1,6,1,1,1,1,2
SF,IF2103,2020-10-20 09:30:56.200,4644.8000,22688,0,114328740.000,0,-,-,-,-,4643.2000,4642.2000,4641.6000,4641.4000,4641.0000,4645.4000,4645.6000,4646.2000,4646.4000,4647.8000,1,1,1,1,6,1,1,1,2,1
SF,IF2103,2020-10-20 09:30:56.700,4644.8000,22688,0,114328740.000,0,-,-,-,-,4643.2000,4642.2000,4641.6000,4641.4000,4641.0000,4645.4000,4645.6000,4646.2000,4646.4000,4647.8000,2,1,1,1,6,1,1,1,2,1
SF,IF2103,2020-10-20 09:30:57.200,4644.8000,22688,0,114328740.000,0,-,-,-,-,4643.2000,4642.2000,4641.6000,4641.4000,4641.0000,4645.4000,4645.6000,4646.2000,4646.4000,4647.8000,4,1,1,1,6,1,1,1,2,1
SF,IF2103,2020-10-20 09:30:57.700,4644.8000,22688,0,114328740.000,0,-,-,-,-,4644.0000,4643.6000,4643.4000,4643.2000,4642.2000,4645.4000,4646.2000,4646.4000,4647.2000,4647.8000,1,2,2,3,1,1,1,2,1,1
SF,IF2103,2020-10-20 09:30:58.200,4644.8000,22688,0,114328740.000,0,-,-,-,-,4644.4000,4644.0000,4643.6000,4643.4000,4643.2000,4646.4000,4647.2000,4647.8000,4654.6000,4657.8000,1,2,2,1,3,2,1,1,1,1
SF,IF2103,2020-10-20 09:30:58.700,4644.8000,22688,0,114328740.000,0,-,-,-,-,4644.6000,4644.4000,4644.0000,4643.6000,4643.4000,4646.4000,4647.2000,4647.8000,4654.6000,4657.8000,1,2,1,2,1,2,1,1,1,1
SF,IF2103,2020-10-20 09:30:59.200,4644.8000,22688,0,114328740.000,0,-,-,-,-,4644.6000,4644.4000,4644.0000,4643.6000,4643.2000,4646.4000,4647.2000,4647.8000,4654.6000,4657.8000,1,1,1,2,2,2,1,1,1,1
SF,IF2103,2020-10-20 09:30:59.700,4644.8000,22688,0,114328740.000,0,-,-,-,-,4644.6000,4644.0000,4643.6000,4643.2000,4642.2000,4646.4000,4647.2000,4647.8000,4654.6000,4657.8000,2,1,2,2,1,2,1,1,1,1
SF,IF2103,2020-10-20 09:31:00.200,4644.8000,22688,0,114328740.000,0,-,-,-,-,4644.6000,4644.0000,4643.6000,4643.2000,4642.2000,4646.4000,4647.2000,4647.8000,4654.6000,4657.8000,2,1,2,2,1,2,1,1,1,1
SF,IF2103,2020-10-20 09:31:00.700,4644.8000,22688,0,114328740.000,0,-,-,-,-,4644.8000,4644.6000,4644.0000,4643.6000,4643.2000,4646.2000,4646.4000,4647.2000,4647.8000,4654.6000,1,2,1,2,2,1,2,1,1,1
SF,IF2103,2020-10-20 09:31:01.200,4644.8000,22688,0,114328740.000,0,-,-,-,-,4644.6000,4644.0000,4643.6000,4643.2000,4642.2000,4646.2000,4646.4000,4647.2000,4647.8000,4654.6000,2,1,2,2,1,1,2,1,1,1
SF,IF2103,2020-10-20 09:31:01.700,4644.8000,22688,0,114328740.000,0,-,-,-,-,4644.6000,4644.0000,4643.6000,4643.2000,4642.2000,4646.2000,4646.4000,4647.2000,4647.8000,4654.6000,2,1,2,2,1,1,2,1,1,1
SF,IF2103,2020-10-20 09:31:02.200,4644.8000,22688,0,114328740.000,0,-,-,-,-,4644.6000,4644.0000,4643.6000,4643.2000,4642.2000,4646.2000,4646.4000,4647.2000,4647.8000,4654.6000,2,1,2,2,1,1,2,1,1,1
SF,IF2103,2020-10-20 09:31:02.700,4644.8000,22688,0,114328740.000,0,-,-,-,-,4644.6000,4644.0000,4643.6000,4643.2000,4642.2000,4646.2000,4646.4000,4647.2000,4647.8000,4654.6000,1,1,2,2,1,1,2,1,1,1
SF,IF2103,2020-10-20 09:31:03.200,4644.8000,22688,0,114328740.000,0,-,-,-,-,4644.6000,4644.0000,4643.6000,4643.2000,4642.2000,4646.2000,4646.4000,4647.2000,4647.8000,4654.6000,2,1,2,2,1,2,2,1,1,1
SF,IF2103,2020-10-20 09:31:03.700,4644.8000,22688,0,114328740.000,0,-,-,-,-,4644.6000,4644.0000,4643.6000,4643.2000,4642.2000,4646.2000,4646.4000,4647.2000,4647.8000,4654.6000,2,1,2,2,1,1,2,1,1,1
SF,IF2103,2020-10-20 09:31:04.200,4644.8000,22688,0,114328740.000,0,-,-,-,-,4644.6000,4643.2000,4642.2000,4641.4000,4641.0000,4646.0000,4646.2000,4646.4000,4647.8000,4654.6000,1,2,1,1,1,1,2,2,1,1
SF,IF2103,2020-10-20 09:31:04.700,4644.8000,22688,0,114328740.000,0,-,-,-,-,4644.6000,4643.2000,4641.4000,4641.0000,4640.8000,4645.8000,4646.0000,4646.2000,4646.4000,4647.8000,1,2,1,1,1,1,2,1,2,1
SF,IF2103,2020-10-20 09:31:05.700,4644.6000,22688,0,115722120.000,1,0,1,多换,S,4643.2000,4641.4000,4641.0000,4640.8000,4638.6000,4645.6000,4645.8000,4646.0000,4646.2000,4646.4000,2,1,1,1,2,1,1,1,1,2
SF,IF2103,2020-10-20 09:31:06.200,4644.6000,22688,0,115722120.000,0,-,-,-,-,4643.8000,4643.4000,4643.2000,4641.4000,4641.0000,4645.4000,4645.6000,4646.2000,4646.4000,4647.8000,1,2,2,1,1,2,2,1,2,1
SF,IF2103,2020-10-20 09:31:06.700,4644.6000,22688,0,115722120.000,0,-,-,-,-,4643.4000,4643.2000,4641.4000,4641.0000,4640.8000,4645.4000,4645.6000,4646.2000,4646.4000,4647.8000,1,2,1,1,1,1,2,1,2,1
SF,IF2103,2020-10-20 09:31:07.200,4644.6000,22688,0,115722120.000,0,-,-,-,-,4643.4000,4643.2000,4641.4000,4641.0000,4640.8000,4645.4000,4645.6000,4646.2000,4646.4000,4647.8000,1,2,1,1,1,2,1,1,2,1
SF,IF2103,2020-10-20 09:31:07.700,4644.6000,22688,0,115722120.000,0,-,-,-,-,4643.6000,4643.4000,4643.2000,4641.4000,4641.0000,4645.4000,4645.6000,4646.2000,4646.4000,4647.8000,1,1,2,1,1,1,1,1,2,1
SF,IF2103,2020-10-20 09:31:08.200,4644.6000,22688,0,115722120.000,0,-,-,-,-,4643.4000,4643.2000,4641.4000,4641.0000,4640.8000,4645.4000,4645.6000,4646.2000,4646.4000,4647.8000,1,2,1,1,1,1,1,1,2,1
SF,IF2103,2020-10-20 09:31:08.700,4644.6000,22688,0,115722120.000,0,-,-,-,-,4643.8000,4643.6000,4643.4000,4643.2000,4641.4000,4645.4000,4646.2000,4646.4000,4647.8000,4654.6000,1,1,2,2,1,1,1,2,1,1
SF,IF2103,2020-10-20 09:31:09.200,4644.6000,22688,0,115722120.000,0,-,-,-,-,4643.8000,4643.6000,4643.4000,4643.2000,4641.4000,4645.4000,4646.2000,4646.4000,4647.8000,4654.6000,1,1,2,2,1,1,1,2,1,1
SF,IF2103,2020-10-20 09:31:09.700,4644.6000,22688,0,115722120.000,0,-,-,-,-,4644.0000,4643.8000,4643.4000,4643.2000,4641.4000,4645.4000,4646.4000,4647.8000,4654.6000,4657.8000,1,2,1,2,1,1,2,1,1,1
SF,IF2103,2020-10-20 09:31:10.200,4645.4000,22687,-1,117115740.000,1,0,1,双平,S,4644.0000,4643.8000,4643.4000,4643.2000,4641.4000,4646.4000,4647.8000,4654.6000,4657.8000,4658.2000,2,2,1,2,1,2,1,1,1,1
SF,IF2103,2020-10-20 09:31:10.700,4645.4000,22687,0,117115740.000,0,-,-,-,-,4644.2000,4644.0000,4643.8000,4643.2000,4641.4000,4646.2000,4646.4000,4647.8000,4654.6000,4657.8000,2,2,1,2,1,2,2,1,1,1
SF,IF2103,2020-10-20 09:31:11.200,4645.4000,22687,0,117115740.000,0,-,-,-,-,4644.4000,4644.2000,4644.0000,4643.8000,4643.2000,4646.2000,4646.4000,4647.8000,4649.2000,4654.6000,1,2,1,1,2,1,2,1,1,1
SF,IF2103,2020-10-20 09:31:11.700,4645.4000,22687,0,117115740.000,0,-,-,-,-,4644.4000,4644.2000,4644.0000,4643.8000,4643.2000,4646.4000,4647.8000,4649.2000,4654.6000,4657.8000,2,1,1,1,2,2,1,1,1,1
SF,IF2103,2020-10-20 09:31:12.200,4646.4000,22686,-1,118509660.000,1,0,1,双平,S,4644.6000,4644.4000,4644.0000,4643.8000,4641.4000,4647.8000,4649.2000,4654.6000,4657.8000,4658.2000,1,2,1,1,1,1,1,1,1,1
SF,IF2103,2020-10-20 09:31:12.700,4646.4000,22686,0,118509660.000,0,-,-,-,-,4644.8000,4644.6000,4644.0000,4641.4000,4641.2000,4647.6000,4647.8000,4649.2000,4654.6000,4657.8000,2,4,1,1,1,1,1,1,1,1
SF,IF2103,2020-10-20 09:31:13.200,4646.4000,22686,0,118509660.000,0,-,-,-,-,4645.4000,4645.0000,4644.8000,4644.6000,4644.0000,4647.6000,4647.8000,4649.2000,4654.6000,4657.8000,1,3,3,2,1,1,1,1,1,1
SF,IF2103,2020-10-20 09:31:13.700,4646.4000,22686,0,118509660.000,0,-,-,-,-,4645.6000,4645.4000,4645.2000,4645.0000,4644.8000,4647.6000,4647.8000,4649.2000,4654.6000,4657.8000,2,1,2,1,3,1,1,1,1,1
SF,IF2103,2020-10-20 09:31:14.200,4646.4000,22686,0,118509660.000,0,-,-,-,-,4646.0000,4645.8000,4645.6000,4645.2000,4645.0000,4647.8000,4649.2000,4654.6000,4657.8000,4658.2000,1,1,2,2,1,1,1,1,1,1
SF,IF2103,2020-10-20 09:31:14.700,4646.4000,22686,0,118509660.000,0,-,-,-,-,4646.4000,4646.2000,4646.0000,4645.6000,4645.2000,4647.8000,4649.2000,4654.6000,4657.8000,4658.2000,1,1,2,1,1,1,1,1,1,1
SF,IF2103,2020-10-20 09:31:15.200,4646.4000,22686,0,118509660.000,0,-,-,-,-,4646.6000,4646.0000,4645.6000,4644.8000,4644.6000,4647.8000,4649.2000,4654.6000,4657.8000,4658.2000,1,2,1,3,2,1,1,1,1,1
SF,IF2103,2020-10-20 09:31:15.700,4647.8000,22685,-1,119904000.000,1,0,1,双平,S,4646.8000,4646.6000,4646.0000,4645.6000,4644.8000,4649.2000,4654.6000,4657.8000,4658.2000,4658.4000,1,1,2,1,3,1,1,1,1,1
SF,IF2103,2020-10-20 09:31:16.200,4648.6000,22685,0,121298580.000,1,0,1,多换,S,4647.0000,4646.8000,4646.0000,4644.8000,4644.6000,4649.0000,4649.2000,4654.6000,4657.8000,4658.2000,2,1,1,3,2,1,1,1,1,1
SF,IF2103,2020-10-20 09:31:16.700,4648.6000,22685,0,121298580.000,0,-,-,-,-,4647.2000,4647.0000,4646.0000,4644.8000,4644.6000,4649.0000,4649.2000,4654.6000,4657.8000,4658.2000,1,2,1,2,2,1,1,1,1,1
SF,IF2103,2020-10-20 09:31:17.200,4648.6000,22685,0,121298580.000,0,-,-,-,-,4647.4000,4647.2000,4647.0000,4646.0000,4644.8000,4654.6000,4657.8000,4658.2000,4658.4000,4660.0000,1,2,1,1,2,1,1,1,1,5
SF,IF2103,2020-10-20 09:31:17.700,4647.6000,22685,0,122692860.000,1,0,1,多换,S,4647.4000,4646.0000,4644.8000,4644.6000,4641.2000,4649.8000,4650.8000,4651.2000,4651.4000,4652.8000,1,1,2,2,1,1,1,1,1,1
SF,IF2103,2020-10-20 09:31:18.200,4647.6000,22685,0,122692860.000,0,-,-,-,-,4647.4000,4646.0000,4644.8000,4644.6000,4641.2000,4649.6000,4651.2000,4651.4000,4652.8000,4653.0000,2,1,2,2,1,2,1,1,1,1
SF,IF2103,2020-10-20 09:31:18.700,4647.6000,22685,0,122692860.000,0,-,-,-,-,4647.4000,4646.0000,4644.8000,4644.6000,4641.2000,4649.6000,4651.2000,4651.4000,4654.0000,4654.2000,2,1,2,2,1,2,1,1,1,6
SF,IF2103,2020-10-20 09:31:19.200,4647.6000,22685,0,122692860.000,0,-,-,-,-,4647.4000,4646.0000,4644.8000,4644.6000,4641.2000,4649.6000,4651.2000,4651.4000,4654.0000,4654.2000,2,1,2,2,1,2,1,1,1,1
SF,IF2103,2020-10-20 09:31:19.700,4647.6000,22685,0,122692860.000,0,-,-,-,-,4647.6000,4647.4000,4646.0000,4644.8000,4644.6000,4649.6000,4651.2000,4651.4000,4654.0000,4654.2000,1,2,1,2,2,2,1,1,1,1
SF,IF2103,2020-10-20 09:31:20.200,4649.6000,22686,1,124087740.000,1,1,0,双开,S,4647.8000,4647.6000,4646.0000,4644.8000,4644.6000,4651.2000,4651.4000,4654.0000,4654.2000,4654.6000,2,2,1,2,2,1,1,1,1,1
SF,IF2103,2020-10-20 09:31:20.700,4649.6000,22686,0,124087740.000,0,-,-,-,-,4648.0000,4647.8000,4647.6000,4646.0000,4644.8000,4651.0000,4651.2000,4651.4000,4654.0000,4654.2000,2,2,1,1,1,1,1,1,1,1
SF,IF2103,2020-10-20 09:31:21.200,4649.6000,22686,0,124087740.000,0,-,-,-,-,4648.6000,4648.2000,4648.0000,4647.6000,4646.0000,4651.0000,4651.2000,4651.4000,4654.0000,4654.6000,1,2,2,1,1,1,1,1,1,1
SF,IF2103,2020-10-20 09:31:21.700,4649.6000,22686,0,124087740.000,0,-,-,-,-,4648.8000,4648.6000,4648.0000,4646.0000,4644.8000,4651.0000,4651.4000,4654.0000,4654.6000,4657.8000,2,1,1,1,1,1,1,1,1,1
SF,IF2103,2020-10-20 09:31:22.200,4649.6000,22686,0,124087740.000,0,-,-,-,-,4648.8000,4648.0000,4646.0000,4644.8000,4644.6000,4651.0000,4651.4000,4654.0000,4654.6000,4657.8000,2,1,1,1,2,1,1,2,1,1
SF,IF2103,2020-10-20 09:31:22.700,4649.6000,22686,0,124087740.000,0,-,-,-,-,4649.0000,4648.8000,4648.0000,4646.0000,4644.8000,4651.0000,4651.4000,4654.0000,4654.6000,4657.8000,1,2,1,1,1,1,1,2,1,1
SF,IF2103,2020-10-20 09:31:23.200,4649.6000,22686,0,124087740.000,0,-,-,-,-,4649.2000,4649.0000,4648.0000,4646.0000,4644.8000,4651.0000,4651.4000,4654.0000,4654.6000,4657.8000,2,1,1,1,1,1,1,2,1,1
SF,IF2103,2020-10-20 09:31:23.700,4649.6000,22686,0,124087740.000,0,-,-,-,-,4649.4000,4649.2000,4648.0000,4646.0000,4644.8000,4651.0000,4651.4000,4654.0000,4654.6000,4657.8000,1,2,1,1,1,1,1,2,1,1
SF,IF2103,2020-10-20 09:31:24.200,4649.6000,22686,0,124087740.000,0,-,-,-,-,4649.6000,4649.4000,4649.2000,4648.0000,4646.0000,4651.0000,4651.4000,4654.0000,4654.6000,4657.8000,1,1,1,1,1,1,1,2,1,1
SF,IF2103,2020-10-20 09:31:24.700,4649.6000,22686,0,124087740.000,0,-,-,-,-,4649.6000,4649.4000,4649.2000,4648.0000,4646.0000,4651.4000,4654.0000,4654.6000,4657.8000,4658.2000,1,1,1,1,1,1,2,1,1,1
SF,IF2103,2020-10-20 09:31:25.200,4649.6000,22686,0,124087740.000,0,-,-,-,-,4649.6000,4649.4000,4649.2000,4648.0000,4646.0000,4651.2000,4651.4000,4654.0000,4654.6000,4657.8000,1,1,1,1,1,1,1,2,1,1
SF,IF2103,2020-10-20 09:31:25.700,4649.6000,22686,0,124087740.000,0,-,-,-,-,4649.2000,4648.0000,4646.0000,4644.8000,4644.6000,4651.2000,4651.4000,4654.0000,4654.6000,4657.8000,1,1,1,1,2,1,1,2,1,1
SF,IF2103,2020-10-20 09:31:26.200,4649.6000,22686,0,124087740.000,0,-,-,-,-,4649.4000,4649.2000,4648.0000,4646.0000,4644.8000,4651.2000,4651.4000,4654.0000,4654.6000,4657.8000,1,2,1,1,1,1,1,2,1,1
SF,IF2103,2020-10-20 09:31:27.200,4649.6000,22686,0,124087740.000,0,-,-,-,-,4649.4000,4649.2000,4648.0000,4646.0000,4644.8000,4651.2000,4651.4000,4653.4000,4654.0000,4654.6000,1,2,1,1,1,1,1,1,2,1
SF,IF2103,2020-10-20 09:31:27.700,4649.6000,22686,0,124087740.000,0,-,-,-,-,4649.4000,4649.2000,4648.0000,4646.0000,4644.8000,4651.2000,4651.4000,4653.4000,4654.0000,4654.6000,1,1,1,1,1,1,1,1,2,1
SF,IF2103,2020-10-20 09:31:28.200,4649.6000,22686,0,124087740.000,0,-,-,-,-,4649.4000,4649.2000,4648.0000,4646.0000,4644.8000,4651.2000,4651.4000,4653.4000,4654.0000,4654.6000,2,1,1,1,1,1,1,1,2,1
SF,IF2103,2020-10-20 09:31:28.700,4649.6000,22686,0,124087740.000,0,-,-,-,-,4649.4000,4649.2000,4646.0000,4644.8000,4641.2000,4651.2000,4651.4000,4653.4000,4654.0000,4654.6000,2,1,1,1,1,2,1,1,2,1
SF,IF2103,2020-10-20 09:31:29.200,4649.6000,22686,0,124087740.000,0,-,-,-,-,4649.4000,4649.2000,4646.0000,4644.8000,4641.2000,4651.0000,4651.2000,4651.4000,4653.4000,4654.0000,2,1,1,1,1,1,2,1,1,1
SF,IF2103,2020-10-20 09:31:29.700,4649.4000,22684,-2,126877380.000,2,0,2,双平,S,4649.2000,4646.0000,4644.8000,4641.2000,4641.0000,4650.8000,4651.0000,4651.2000,4651.4000,4653.4000,1,1,1,1,1,1,1,1,1,1
SF,IF2103,2020-10-20 09:31:30.200,4649.2000,22684,0,128272140.000,1,0,1,多换,S,4646.0000,4644.8000,4641.2000,4641.0000,4640.8000,4650.6000,4650.8000,4651.0000,4651.4000,4653.4000,1,1,1,1,1,1,2,1,1,1
SF,IF2103,2020-10-20 09:31:30.700,4649.2000,22684,0,128272140.000,0,-,-,-,-,4647.2000,4646.2000,4646.0000,4644.8000,4641.2000,4648.8000,4650.0000,4650.4000,4650.6000,4651.0000,1,1,1,1,1,1,1,2,1,1
SF,IF2103,2020-10-20 09:31:31.200,4649.2000,22684,0,128272140.000,0,-,-,-,-,4647.4000,4647.2000,4646.0000,4644.8000,4641.2000,4650.4000,4650.6000,4651.0000,4653.4000,4654.6000,1,1,1,1,1,2,1,1,1,1
SF,IF2103,2020-10-20 09:31:31.700,4649.2000,22684,0,128272140.000,0,-,-,-,-,4647.4000,4647.2000,4646.0000,4644.8000,4641.2000,4650.2000,4650.4000,4651.0000,4653.4000,4654.6000,1,1,1,1,1,2,2,1,1,1
SF,IF2103,2020-10-20 09:31:32.200,4649.2000,22684,0,128272140.000,0,-,-,-,-,4647.4000,4647.2000,4646.0000,4644.8000,4641.2000,4650.0000,4650.2000,4651.0000,4653.4000,4654.6000,1,1,1,1,1,2,1,1,1,1
SF,IF2103,2020-10-20 09:31:32.700,4649.2000,22684,0,128272140.000,0,-,-,-,-,4647.4000,4647.2000,4646.0000,4644.8000,4641.2000,4649.8000,4650.0000,4650.2000,4651.0000,4653.4000,1,1,1,1,1,1,2,1,1,1
SF,IF2103,2020-10-20 09:31:33.200,4649.2000,22684,0,128272140.000,0,-,-,-,-,4647.4000,4647.2000,4646.0000,4644.8000,4641.2000,4649.6000,4649.8000,4650.2000,4651.0000,4653.4000,1,1,1,1,1,2,1,1,1,1
SF,IF2103,2020-10-20 09:31:33.700,4649.2000,22684,0,128272140.000,0,-,-,-,-,4647.6000,4647.4000,4647.2000,4646.0000,4644.8000,4649.6000,4650.2000,4651.0000,4653.4000,4654.6000,1,1,1,1,1,1,1,1,1,1
SF,IF2103,2020-10-20 09:31:34.200,4649.2000,22684,0,128272140.000,0,-,-,-,-,4647.6000,4647.4000,4646.0000,4644.8000,4641.2000,4648.8000,4649.4000,4649.6000,4650.2000,4651.0000,3,1,1,1,1,1,1,2,1,1
SF,IF2103,2020-10-20 09:31:34.700,4649.2000,22684,0,128272140.000,0,-,-,-,-,4647.6000,4646.0000,4644.8000,4641.2000,4641.0000,4648.6000,4648.8000,4649.6000,4650.2000,4651.0000,3,1,1,1,1,1,1,2,1,1
SF,IF2103,2020-10-20 09:31:35.200,4649.2000,22684,0,128272140.000,0,-,-,-,-,4647.6000,4646.0000,4644.8000,4641.2000,4641.0000,4648.6000,4648.8000,4649.6000,4650.2000,4651.0000,3,1,1,1,1,1,1,2,1,1
SF,IF2103,2020-10-20 09:31:36.700,4649.2000,22684,0,128272140.000,0,-,-,-,-,4647.6000,4646.0000,4644.8000,4641.2000,4641.0000,4648.6000,4648.8000,4649.6000,4650.2000,4653.4000,3,1,1,1,1,1,1,2,1,1
SF,IF2103,2020-10-20 09:31:37.700,4647.6000,22683,-1,129666420.000,1,0,1,双平,S,4647.6000,4646.0000,4644.8000,4641.2000,4641.0000,4648.6000,4648.8000,4649.6000,4650.2000,4653.4000,2,1,1,1,1,1,1,2,1,1
SF,IF2103,2020-10-20 09:31:38.200,4647.6000,22683,0,129666420.000,0,-,-,-,-,4647.6000,4644.8000,4641.2000,4641.0000,4640.8000,4648.6000,4648.8000,4649.6000,4650.2000,4653.4000,2,1,1,1,1,1,1,2,1,1
SF,IF2103,2020-10-20 09:31:38.700,4647.6000,22683,0,129666420.000,0,-,-,-,-,4647.6000,4644.8000,4641.2000,4641.0000,4640.8000,4648.6000,4648.8000,4649.6000,4650.2000,4653.4000,2,1,1,1,1,1,1,1,1,1
SF,IF2103,2020-10-20 09:31:39.200,4647.6000,22682,-1,131060700.000,1,0,1,双平,S,4647.6000,4644.8000,4643.0000,4641.2000,4641.0000,4648.6000,4648.8000,4649.6000,4650.2000,4653.4000,1,1,1,1,1,1,1,1,1,1
SF,IF2103,2020-10-20 09:31:39.700,4647.6000,22682,0,131060700.000,0,-,-,-,-,4647.6000,4644.8000,4643.0000,4641.2000,4641.0000,4648.6000,4648.8000,4649.6000,4650.2000,4653.4000,1,1,1,1,1,1,1,1,1,1
SF,IF2103,2020-10-20 09:31:41.200,4647.6000,22682,0,132454980.000,1,0,1,多换,S,4644.8000,4643.0000,4641.2000,4641.0000,4640.8000,4648.6000,4648.8000,4649.6000,4650.2000,4653.4000,1,1,1,1,1,1,1,1,1,1
SF,IF2103,2020-10-20 09:31:41.700,4647.6000,22682,0,132454980.000,0,-,-,-,-,4646.0000,4645.2000,4645.0000,4644.8000,4643.0000,4648.4000,4648.6000,4648.8000,4650.2000,4653.4000,1,1,1,3,1,1,1,1,1,1
SF,IF2103,2020-10-20 09:31:42.200,4647.6000,22682,0,132454980.000,0,-,-,-,-,4646.2000,4646.0000,4645.2000,4644.8000,4643.0000,4648.2000,4648.4000,4648.8000,4650.2000,4653.4000,1,2,1,2,1,1,1,1,1,1
SF,IF2103,2020-10-20 09:31:42.700,4647.6000,22682,0,132454980.000,0,-,-,-,-,4646.4000,4646.2000,4646.0000,4645.2000,4644.8000,4648.0000,4648.2000,4648.8000,4650.2000,4653.4000,1,2,1,1,2,1,1,1,1,1
SF,IF2103,2020-10-20 09:31:43.200,4646.6000,22682,0,133848960.000,1,0,1,多换,S,4646.4000,4646.2000,4646.0000,4645.2000,4644.8000,4648.0000,4648.8000,4650.2000,4653.4000,4654.6000,1,1,1,1,2,1,1,1,1,1
SF,IF2103,2020-10-20 09:31:43.700,4646.6000,22682,0,133848960.000,0,-,-,-,-,4646.8000,4646.6000,4646.4000,4646.2000,4646.0000,4647.8000,4648.0000,4648.8000,4650.2000,4653.4000,1,1,1,1,1,1,1,1,1,1
SF,IF2103,2020-10-20 09:31:44.200,4646.6000,22682,0,133848960.000,0,-,-,-,-,4646.8000,4646.6000,4646.4000,4646.2000,4646.0000,4648.8000,4650.2000,4653.4000,4654.6000,4657.8000,1,1,1,1,1,1,1,1,1,1
SF,IF2103,2020-10-20 09:31:44.700,4646.6000,22682,0,133848960.000,0,-,-,-,-,4646.8000,4646.0000,4645.2000,4644.8000,4643.0000,4648.6000,4648.8000,4650.2000,4653.4000,4654.6000,1,1,1,2,1,2,1,1,1,1
SF,IF2103,2020-10-20 09:31:45.200,4646.6000,22682,0,133848960.000,0,-,-,-,-,4646.8000,4646.0000,4645.2000,4644.8000,4643.0000,4648.6000,4648.8000,4650.2000,4653.4000,4654.6000,1,1,1,1,1,2,1,1,1,1
SF,IF2103,2020-10-20 09:31:45.700,4646.6000,22682,0,133848960.000,0,-,-,-,-,4647.2000,4647.0000,4646.8000,4646.0000,4645.2000,4648.6000,4648.8000,4650.2000,4653.4000,4654.6000,1,1,1,1,1,2,1,1,1,1
SF,IF2103,2020-10-20 09:31:46.200,4646.6000,22682,0,133848960.000,0,-,-,-,-,4647.4000,4647.2000,4647.0000,4646.0000,4645.2000,4648.6000,4650.2000,4653.4000,4654.6000,4657.8000,1,2,1,1,1,1,1,1,1,1
SF,IF2103,2020-10-20 09:31:46.700,4646.6000,22682,0,133848960.000,0,-,-,-,-,4647.4000,4647.2000,4647.0000,4646.0000,4645.2000,4648.6000,4650.2000,4653.4000,4654.6000,4657.8000,1,2,1,1,1,1,1,1,1,1
SF,IF2103,2020-10-20 09:31:47.200,4648.6000,22681,-1,135243540.000,1,0,1,双平,S,4647.4000,4647.2000,4647.0000,4646.0000,4645.2000,4650.2000,4653.0000,4653.4000,4654.6000,4657.8000,1,3,1,1,1,1,1,1,1,1
SF,IF2103,2020-10-20 09:31:47.700,4648.6000,22681,0,135243540.000,0,-,-,-,-,4647.6000,4647.4000,4647.2000,4647.0000,4646.0000,4650.0000,4650.2000,4653.0000,4653.4000,4654.6000,1,2,2,1,1,2,1,1,1,1
SF,IF2103,2020-10-20 09:31:48.200,4647.8000,22680,-1,136637880.000,1,0,1,双平,S,4647.6000,4647.2000,4647.0000,4646.0000,4645.2000,4648.8000,4649.8000,4650.0000,4650.2000,4653.0000,2,2,1,1,1,1,1,2,1,1
SF,IF2103,2020-10-20 09:31:48.700,4647.8000,22680,0,136637880.000,0,-,-,-,-,4647.6000,4647.2000,4647.0000,4646.0000,4645.2000,4648.6000,4648.8000,4649.8000,4650.0000,4650.2000,2,2,1,1,1,1,1,1,1,1
SF,IF2103,2020-10-20 09:31:49.200,4648.8000,22678,-2,139427100.000,2,0,2,双平,S,4647.6000,4647.2000,4646.0000,4645.2000,4643.0000,4650.0000,4650.2000,4653.0000,4653.4000,4654.6000,1,2,1,1,1,1,1,1,1,1
SF,IF2103,2020-10-20 09:31:49.700,4647.8000,22677,-1,140821440.000,1,0,1,双平,S,4647.8000,4647.6000,4647.2000,4646.0000,4645.2000,4649.8000,4650.0000,4650.2000,4653.0000,4653.4000,1,3,2,1,1,1,1,1,1,1
SF,IF2103,2020-10-20 09:31:50.200,4647.8000,22677,0,140821440.000,0,-,-,-,-,4647.8000,4647.6000,4647.2000,4646.0000,4645.2000,4649.6000,4649.8000,4650.2000,4653.0000,4653.4000,1,2,2,1,1,1,1,1,1,1
SF,IF2103,2020-10-20 09:31:50.700,4647.8000,22677,0,140821440.000,0,-,-,-,-,4647.6000,4647.2000,4646.0000,4645.2000,4643.0000,4649.4000,4649.6000,4650.2000,4653.0000,4653.4000,2,2,1,1,1,1,1,1,1,1
SF,IF2103,2020-10-20 09:31:51.700,4647.8000,22677,0,140821440.000,0,-,-,-,-,4647.6000,4647.2000,4646.0000,4645.2000,4643.0000,4649.4000,4649.6000,4650.2000,4653.0000,4653.4000,2,2,1,1,1,2,1,1,1,1
SF,IF2103,2020-10-20 09:31:54.200,4647.8000,22677,0,140821440.000,0,-,-,-,-,4647.6000,4647.2000,4646.0000,4645.2000,4643.0000,4649.4000,4649.6000,4650.2000,4653.0000,4653.4000,2,1,1,1,1,2,1,1,1,1
SF,IF2103,2020-10-20 09:31:54.700,4647.8000,22677,0,140821440.000,0,-,-,-,-,4647.6000,4647.2000,4646.0000,4645.2000,4643.0000,4649.4000,4649.6000,4650.2000,4653.0000,4653.4000,2,1,1,1,1,2,1,1,1,1
SF,IF2103,2020-10-20 09:31:56.200,4647.6000,22675,-2,143610000.000,2,0,2,双平,S,4647.2000,4646.0000,4645.2000,4643.0000,4641.4000,4649.2000,4649.4000,4649.6000,4650.2000,4653.0000,1,1,1,1,3,1,2,1,1,1
SF,IF2103,2020-10-20 09:31:56.700,4647.6000,22675,0,143610000.000,0,-,-,-,-,4647.2000,4646.0000,4645.2000,4643.0000,4641.4000,4649.0000,4649.2000,4650.2000,4653.0000,4653.4000,1,1,1,1,3,3,1,1,1,1
SF,IF2103,2020-10-20 09:31:57.200,4647.6000,22675,0,143610000.000,0,-,-,-,-,4647.2000,4646.0000,4645.2000,4643.0000,4641.4000,4649.0000,4649.2000,4653.0000,4653.4000,4654.6000,1,1,1,1,3,3,1,1,1,1
SF,IF2103,2020-10-20 09:31:57.700,4647.6000,22675,0,143610000.000,0,-,-,-,-,4647.2000,4643.0000,4641.4000,4641.2000,4641.0000,4648.2000,4648.8000,4649.0000,4653.0000,4653.4000,1,1,3,1,1,1,1,3,1,1
SF,IF2103,2020-10-20 09:31:58.200,4647.2000,22675,0,145004160.000,1,0,1,多换,S,4643.0000,4641.4000,4641.2000,4641.0000,4640.8000,4647.2000,4648.0000,4648.8000,4649.0000,4653.0000,1,3,1,1,1,1,1,1,2,1
SF,IF2103,2020-10-20 09:31:58.700,4647.0000,22675,0,146398260.000,1,0,1,多换,S,4645.6000,4644.8000,4644.4000,4644.2000,4644.0000,4647.0000,4647.2000,4649.0000,4653.0000,4653.4000,1,1,1,1,2,1,1,1,1,1
SF,IF2103,2020-10-20 09:31:59.200,4647.0000,22675,0,146398260.000,0,-,-,-,-,4646.0000,4645.8000,4645.6000,4644.8000,4644.4000,4647.2000,4649.0000,4653.0000,4653.4000,4654.6000,1,1,1,1,1,1,1,1,1,1
SF,IF2103,2020-10-20 09:31:59.700,4647.0000,22675,0,146398260.000,0,-,-,-,-,4646.2000,4646.0000,4644.8000,4644.4000,4644.2000,4647.2000,4653.0000,4653.4000,4654.6000,4657.8000,1,1,1,1,1,1,1,1,1,1
SF,IF2103,2020-10-20 09:32:00.200,4647.0000,22675,0,146398260.000,0,-,-,-,-,4646.2000,4644.8000,4644.4000,4644.2000,4644.0000,4647.2000,4653.0000,4653.4000,4654.6000,4657.8000,1,1,1,1,2,1,1,1,1,1
SF,IF2103,2020-10-20 09:32:00.700,4646.2000,22674,-1,147792120.000,1,0,1,双平,S,4644.8000,4644.4000,4644.2000,4644.0000,4643.6000,4647.2000,4653.0000,4653.4000,4654.6000,4657.8000,1,1,1,2,5,1,1,1,1,1
SF,IF2103,2020-10-20 09:32:01.200,4646.2000,22674,0,147792120.000,0,-,-,-,-,4645.2000,4645.0000,4644.8000,4644.4000,4644.2000,4647.0000,4647.2000,4653.0000,4653.4000,4654.6000,1,2,2,1,1,1,1,1,1,1
SF,IF2103,2020-10-20 09:32:01.700,4646.2000,22674,0,147792120.000,0,-,-,-,-,4645.4000,4645.2000,4645.0000,4644.4000,4644.2000,4646.8000,4647.0000,4647.2000,4653.0000,4653.4000,1,1,1,1,1,1,1,1,1,1
SF,IF2103,2020-10-20 09:32:02.200,4646.2000,22674,0,147792120.000,0,-,-,-,-,4645.0000,4644.4000,4644.2000,4644.0000,4643.6000,4646.8000,4647.0000,4647.2000,4653.0000,4653.4000,1,1,1,2,5,2,1,1,1,1
SF,IF2103,2020-10-20 09:32:02.700,4646.2000,22674,0,147792120.000,0,-,-,-,-,4645.0000,4644.4000,4644.2000,4644.0000,4643.6000,4646.8000,4647.0000,4647.2000,4653.0000,4653.4000,1,1,1,2,5,2,1,1,1,1
SF,IF2103,2020-10-20 09:32:03.200,4646.2000,22674,0,147792120.000,0,-,-,-,-,4644.4000,4644.2000,4644.0000,4643.6000,4643.4000,4646.8000,4647.0000,4647.2000,4653.0000,4653.4000,1,1,2,5,1,2,1,1,1,1
SF,IF2103,2020-10-20 09:32:03.700,4646.2000,22674,0,147792120.000,0,-,-,-,-,4644.4000,4644.2000,4644.0000,4643.6000,4643.0000,4646.4000,4646.6000,4646.8000,4647.2000,4653.0000,2,1,1,5,1,1,1,2,1,1
SF,IF2103,2020-10-20 09:32:04.200,4646.2000,22674,0,147792120.000,0,-,-,-,-,4644.6000,4644.4000,4643.6000,4643.0000,4641.4000,4646.2000,4646.4000,4647.2000,4653.0000,4653.4000,1,2,1,1,3,2,1,1,1,1
SF,IF2103,2020-10-20 09:32:04.700,4646.2000,22674,0,147792120.000,0,-,-,-,-,4644.4000,4643.6000,4643.0000,4641.4000,4641.2000,4646.2000,4646.4000,4647.2000,4653.0000,4653.4000,2,1,1,3,1,3,1,1,1,1
SF,IF2103,2020-10-20 09:32:05.200,4646.2000,22674,0,147792120.000,0,-,-,-,-,4644.4000,4643.6000,4643.0000,4641.4000,4641.2000,4646.0000,4646.2000,4647.2000,4653.0000,4653.4000,2,1,1,3,1,1,2,1,1,1
SF,IF2103,2020-10-20 09:32:05.700,4646.2000,22674,0,147792120.000,0,-,-,-,-,4644.4000,4643.6000,4643.0000,4641.4000,4641.2000,4645.8000,4646.0000,4646.2000,4647.2000,4653.0000,2,1,1,3,1,2,1,1,1,1
SF,IF2103,2020-10-20 09:32:06.700,4646.2000,22674,0,147792120.000,0,-,-,-,-,4644.4000,4644.2000,4643.6000,4643.0000,4641.4000,4645.4000,4645.6000,4645.8000,4646.2000,4646.8000,2,1,1,1,3,1,1,1,1,1
SF,IF2103,2020-10-20 09:32:07.200,4644.4000,22673,-1,149185440.000,1,0,1,双平,S,4644.4000,4644.2000,4643.0000,4641.4000,4641.2000,4645.2000,4645.6000,4646.2000,4646.8000,4647.2000,1,1,1,3,1,1,1,1,1,1
SF,IF2103,2020-10-20 09:32:07.700,4644.4000,22672,-1,150578760.000,1,0,1,双平,S,4644.2000,4643.0000,4641.4000,4641.2000,4641.0000,4644.4000,4645.6000,4646.2000,4646.8000,4647.2000,1,1,3,1,1,1,1,1,1,1
SF,IF2103,2020-10-20 09:32:08.200,4644.2000,22672,0,151972020.000,1,0,1,多换,S,4643.0000,4641.4000,4641.2000,4641.0000,4640.8000,4644.4000,4645.6000,4646.2000,4646.8000,4647.2000,1,3,1,1,1,1,1,1,1,1
SF,IF2103,2020-10-20 09:32:08.700,4644.2000,22672,0,151972020.000,0,-,-,-,-,4643.2000,4643.0000,4641.4000,4641.2000,4641.0000,4644.4000,4646.2000,4646.8000,4647.2000,4653.0000,1,1,3,1,1,2,1,1,1,1
SF,IF2103,2020-10-20 09:32:09.200,4644.2000,22672,0,151972020.000,0,-,-,-,-,4643.0000,4641.4000,4641.2000,4641.0000,4640.8000,4644.2000,4644.4000,4646.2000,4646.8000,4647.2000,1,3,1,1,1,1,2,1,1,1
SF,IF2103,2020-10-20 09:32:09.700,4643.0000,22672,0,153364920.000,1,0,1,多换,S,4641.4000,4641.2000,4641.0000,4640.8000,4640.0000,4644.2000,4644.4000,4646.2000,4646.8000,4647.2000,3,1,1,1,1,2,1,1,1,1
SF,IF2103,2020-10-20 09:32:10.200,4643.0000,22672,0,153364920.000,0,-,-,-,-,4641.6000,4641.4000,4641.2000,4641.0000,4640.8000,4644.0000,4644.2000,4644.4000,4646.8000,4647.2000,2,3,1,1,1,1,2,1,1,1
SF,IF2103,2020-10-20 09:32:10.700,4643.0000,22672,0,153364920.000,0,-,-,-,-,4641.6000,4641.4000,4641.2000,4641.0000,4640.8000,4643.6000,4643.8000,4644.0000,4644.4000,4644.6000,1,3,1,1,1,1,1,2,1,1
SF,IF2103,2020-10-20 09:32:11.200,4643.0000,22672,0,153364920.000,0,-,-,-,-,4641.6000,4641.4000,4641.2000,4641.0000,4640.8000,4643.4000,4643.6000,4644.4000,4644.6000,4646.8000,1,3,1,1,1,2,2,1,1,1
SF,IF2103,2020-10-20 09:32:11.700,4643.0000,22672,0,153364920.000,0,-,-,-,-,4641.6000,4641.4000,4641.2000,4641.0000,4640.8000,4643.2000,4643.4000,4644.4000,4644.6000,4646.8000,1,3,1,1,1,1,2,1,1,1
SF,IF2103,2020-10-20 09:32:12.200,4643.0000,22672,0,153364920.000,0,-,-,-,-,4641.4000,4641.2000,4640.8000,4640.0000,4638.6000,4643.0000,4643.2000,4643.4000,4644.4000,4644.6000,3,1,1,1,2,2,1,1,1,1
SF,IF2103,2020-10-20 09:32:12.700,4643.0000,22672,0,153364920.000,0,-,-,-,-,4641.4000,4641.2000,4640.8000,4640.0000,4638.6000,4642.8000,4643.0000,4643.4000,4644.4000,4644.6000,3,1,1,1,2,2,1,1,1,1
SF,IF2103,2020-10-20 09:32:13.200,4641.4000,22671,-1,154757340.000,1,0,1,双平,S,4641.4000,4641.2000,4640.8000,4640.0000,4638.6000,4642.4000,4642.6000,4642.8000,4643.4000,4644.4000,2,1,1,1,2,1,1,1,1,1
SF,IF2103,2020-10-20 09:32:13.700,4641.4000,22671,0,154757340.000,0,-,-,-,-,4641.4000,4641.2000,4640.8000,4640.0000,4638.6000,4642.2000,4642.8000,4643.4000,4644.4000,4644.6000,2,1,1,1,2,1,1,1,1,1
SF,IF2103,2020-10-20 09:32:14.200,4641.4000,22669,-2,157542180.000,2,0,2,双平,S,4641.2000,4640.8000,4640.0000,4638.6000,4637.6000,4642.2000,4642.8000,4643.4000,4644.4000,4644.6000,1,1,1,2,2,1,1,1,1,1
SF,IF2103,2020-10-20 09:32:14.700,4641.4000,22669,0,157542180.000,0,-,-,-,-,4641.2000,4640.8000,4640.0000,4638.6000,4637.6000,4642.2000,4642.8000,4643.4000,4644.4000,4644.6000,1,1,1,2,2,1,1,1,1,1
SF,IF2103,2020-10-20 09:32:15.200,4641.4000,22669,0,157542180.000,0,-,-,-,-,4641.2000,4640.8000,4640.0000,4638.6000,4637.6000,4642.2000,4642.8000,4643.4000,4644.4000,4644.6000,1,1,1,2,2,1,1,1,1,1
SF,IF2103,2020-10-20 09:32:15.700,4641.4000,22669,0,157542180.000,0,-,-,-,-,4641.2000,4640.8000,4640.0000,4638.6000,4637.6000,4642.2000,4643.4000,4644.4000,4644.6000,4646.8000,1,1,1,2,2,1,1,1,1,1
SF,IF2103,2020-10-20 09:32:16.200,4641.4000,22669,0,157542180.000,0,-,-,-,-,4641.2000,4640.8000,4640.0000,4637.6000,4636.6000,4643.4000,4644.4000,4644.6000,4646.8000,4647.2000,1,1,1,2,1,1,1,1,1,1
SF,IF2103,2020-10-20 09:32:16.700,4641.4000,22669,0,157542180.000,0,-,-,-,-,4641.4000,4641.2000,4640.8000,4640.0000,4637.6000,4643.0000,4643.2000,4643.4000,4644.4000,4644.6000,1,1,1,1,2,1,2,2,1,1
SF,IF2103,2020-10-20 09:32:17.200,4641.4000,22669,0,157542180.000,0,-,-,-,-,4641.2000,4640.8000,4640.0000,4637.6000,4636.6000,4642.8000,4643.0000,4643.2000,4643.4000,4644.4000,1,1,1,2,1,2,1,1,1,1
SF,IF2103,2020-10-20 09:32:17.700,4641.4000,22669,0,157542180.000,0,-,-,-,-,4641.2000,4640.8000,4640.0000,4637.6000,4636.6000,4642.6000,4642.8000,4643.0000,4643.2000,4643.4000,1,1,1,2,1,1,1,1,1,1
SF,IF2103,2020-10-20 09:32:18.200,4641.4000,22669,0,157542180.000,0,-,-,-,-,4641.2000,4640.8000,4640.0000,4637.6000,4636.6000,4642.4000,4642.6000,4643.0000,4643.2000,4643.4000,1,1,1,2,1,1,1,1,1,1
SF,IF2103,2020-10-20 09:32:18.700,4641.4000,22669,0,157542180.000,0,-,-,-,-,4641.2000,4640.8000,4640.0000,4637.6000,4636.6000,4642.4000,4643.0000,4643.2000,4643.4000,4644.4000,3,1,1,2,1,1,1,1,1,1
SF,IF2103,2020-10-20 09:32:19.200,4641.4000,22669,0,157542180.000,0,-,-,-,-,4641.2000,4640.8000,4640.0000,4637.6000,4636.6000,4642.4000,4643.2000,4643.4000,4644.4000,4644.6000,3,1,1,2,1,1,1,1,1,1
SF,IF2103,2020-10-20 09:32:19.700,4641.4000,22669,0,157542180.000,0,-,-,-,-,4641.4000,4641.2000,4640.8000,4640.0000,4637.6000,4643.2000,4643.4000,4644.4000,4644.6000,4646.4000,1,3,1,1,2,1,1,1,1,1
SF,IF2103,2020-10-20 09:32:20.200,4641.4000,22669,0,157542180.000,0,-,-,-,-,4641.2000,4640.8000,4640.0000,4637.6000,4636.6000,4642.8000,4643.0000,4643.2000,4643.4000,4644.4000,3,1,1,2,1,1,1,1,1,1
SF,IF2103,2020-10-20 09:32:20.700,4641.4000,22669,0,157542180.000,0,-,-,-,-,4642.4000,4641.2000,4640.8000,4640.0000,4637.6000,4642.6000,4643.2000,4643.4000,4644.4000,4644.6000,2,3,1,1,2,2,1,1,1,1
SF,IF2103,2020-10-20 09:32:21.200,4642.4000,22669,0,160327620.000,2,1,1,多换,S,4641.2000,4640.8000,4640.0000,4637.6000,4636.6000,4642.2000,4642.4000,4642.6000,4643.2000,4644.4000,3,1,1,2,1,1,2,1,1,1
SF,IF2103,2020-10-20 09:32:21.700,4642.2000,22668,-1,161720280.000,1,0,1,双平,S,4641.2000,4640.8000,4640.0000,4637.6000,4636.6000,4642.6000,4643.2000,4644.4000,4644.6000,4646.8000,3,1,1,2,1,1,1,1,1,1
SF,IF2103,2020-10-20 09:32:22.200,4642.2000,22668,0,161720280.000,0,-,-,-,-,4641.4000,4641.2000,4640.8000,4640.0000,4637.6000,4642.6000,4644.4000,4644.6000,4646.8000,4647.2000,1,3,1,1,2,1,1,1,1,1
SF,IF2103,2020-10-20 09:32:22.700,4642.2000,22668,0,161720280.000,0,-,-,-,-,4641.4000,4641.2000,4640.8000,4640.0000,4637.6000,4644.4000,4644.6000,4646.8000,4647.2000,4653.4000,1,3,1,1,2,1,1,1,1,1
SF,IF2103,2020-10-20 09:32:23.200,4642.2000,22668,0,161720280.000,0,-,-,-,-,4641.4000,4641.2000,4640.8000,4640.0000,4637.6000,4642.8000,4643.6000,4644.0000,4644.2000,4644.4000,1,3,1,1,2,1,1,2,3,2
SF,IF2103,2020-10-20 09:32:23.700,4642.2000,22668,0,161720280.000,0,-,-,-,-,4641.4000,4641.2000,4640.8000,4640.0000,4637.6000,4643.6000,4644.0000,4644.2000,4644.4000,4644.6000,1,3,1,1,2,1,1,3,1,1
SF,IF2103,2020-10-20 09:32:24.200,4642.2000,22668,0,161720280.000,0,-,-,-,-,4641.4000,4641.2000,4640.8000,4640.0000,4637.6000,4643.4000,4643.6000,4644.0000,4644.4000,4644.6000,2,3,1,1,2,2,1,1,1,1
SF,IF2103,2020-10-20 09:32:24.700,4642.2000,22668,0,161720280.000,0,-,-,-,-,4641.4000,4641.2000,4640.8000,4640.0000,4637.6000,4643.2000,4643.4000,4643.6000,4644.0000,4644.4000,2,3,1,1,2,1,2,1,1,1
SF,IF2103,2020-10-20 09:32:25.200,4642.2000,22668,0,161720280.000,0,-,-,-,-,4641.4000,4641.2000,4640.8000,4640.0000,4637.6000,4643.0000,4643.2000,4643.4000,4643.6000,4644.0000,1,3,1,1,2,1,1,1,1,1
SF,IF2103,2020-10-20 09:32:25.700,4642.2000,22668,0,161720280.000,0,-,-,-,-,4641.2000,4640.8000,4640.0000,4637.6000,4636.6000,4642.8000,4643.0000,4643.4000,4643.6000,4644.0000,3,1,1,2,1,1,1,1,1,1
SF,IF2103,2020-10-20 09:32:26.200,4642.2000,22668,0,161720280.000,0,-,-,-,-,4641.2000,4640.8000,4640.0000,4637.6000,4636.6000,4642.6000,4643.4000,4643.6000,4644.0000,4644.4000,3,1,1,2,1,2,1,1,1,1
SF,IF2103,2020-10-20 09:32:27.200,4642.2000,22668,0,161720280.000,0,-,-,-,-,4641.2000,4640.8000,4640.0000,4637.6000,4636.6000,4642.4000,4642.6000,4643.4000,4643.6000,4644.0000,3,1,1,2,1,1,1,1,1,1
SF,IF2103,2020-10-20 09:32:29.200,4641.2000,22668,0,163112640.000,1,0,1,多换,S,4641.2000,4640.8000,4640.0000,4637.6000,4636.6000,4642.4000,4642.6000,4643.4000,4643.6000,4644.0000,2,1,1,2,1,1,1,1,1,1
SF,IF2103,2020-10-20 09:32:29.700,4641.2000,22666,-2,165897360.000,2,0,2,双平,S,4640.8000,4640.0000,4637.6000,4636.6000,4636.0000,4641.8000,4642.2000,4642.4000,4643.4000,4644.0000,1,1,2,1,3,1,1,1,1,1
SF,IF2103,2020-10-20 09:32:30.200,4641.2000,22666,0,165897360.000,0,-,-,-,-,4640.8000,4640.0000,4637.6000,4636.6000,4636.0000,4642.2000,4642.4000,4643.4000,4644.0000,4644.4000,1,1,2,1,3,1,1,1,1,1
SF,IF2103,2020-10-20 09:32:31.200,4641.2000,22666,0,165897360.000,0,-,-,-,-,4640.8000,4640.0000,4637.6000,4636.6000,4636.0000,4641.8000,4642.2000,4642.4000,4643.4000,4644.0000,1,1,2,1,3,1,1,1,1,1
SF,IF2103,2020-10-20 09:32:31.700,4641.2000,22666,0,165897360.000,0,-,-,-,-,4640.8000,4640.0000,4637.6000,4636.6000,4636.0000,4641.2000,4641.6000,4642.4000,4643.4000,4644.0000,1,1,2,1,3,1,1,1,1,1
SF,IF2103,2020-10-20 09:32:32.200,4641.2000,22666,0,165897360.000,0,-,-,-,-,4640.8000,4640.0000,4637.6000,4636.6000,4636.0000,4641.2000,4641.6000,4642.4000,4643.4000,4644.0000,1,1,2,1,3,1,1,1,1,1
SF,IF2103,2020-10-20 09:32:32.700,4640.8000,22666,0,167289600.000,1,0,1,多换,S,4640.0000,4637.6000,4636.6000,4636.0000,4635.8000,4641.0000,4641.2000,4641.6000,4642.4000,4643.4000,1,2,1,3,1,1,1,1,1,1
SF,IF2103,2020-10-20 09:32:33.200,4640.8000,22666,0,167289600.000,0,-,-,-,-,4640.0000,4637.6000,4636.6000,4636.0000,4635.8000,4641.2000,4641.6000,4642.4000,4643.4000,4644.0000,1,2,1,3,1,1,1,1,1,1
SF,IF2103,2020-10-20 09:32:33.700,4640.8000,22666,0,167289600.000,0,-,-,-,-,4640.0000,4636.6000,4636.0000,4635.8000,4635.0000,4641.0000,4641.2000,4642.4000,4643.4000,4644.0000,1,1,3,1,2,2,1,1,1,1
SF,IF2103,2020-10-20 09:32:34.200,4640.0000,22666,0,168681600.000,1,0,1,多换,S,4636.6000,4636.0000,4635.8000,4635.0000,4633.6000,4639.8000,4641.0000,4641.2000,4642.4000,4643.4000,1,3,1,2,2,1,2,1,1,1
SF,IF2103,2020-10-20 09:32:34.700,4639.8000,22666,0,171465480.000,2,1,1,多换,S,4638.0000,4637.6000,4637.0000,4636.8000,4636.6000,4641.0000,4641.2000,4642.4000,4644.0000,4644.4000,1,3,1,3,2,1,1,1,1,1
SF,IF2103,2020-10-20 09:32:35.200,4639.8000,22666,0,171465480.000,0,-,-,-,-,4638.2000,4638.0000,4637.6000,4637.0000,4636.8000,4640.8000,4641.0000,4641.2000,4642.4000,4644.0000,1,1,3,1,2,1,1,1,1,1
SF,IF2103,2020-10-20 09:32:35.700,4640.6000,22666,0,172857660.000,1,0,1,多换,S,4638.2000,4638.0000,4637.6000,4637.0000,4636.8000,4640.8000,4641.2000,4642.4000,4644.0000,4644.4000,1,1,3,1,2,2,1,1,1,1
SF,IF2103,2020-10-20 09:32:36.200,4640.6000,22666,0,172857660.000,0,-,-,-,-,4638.2000,4638.0000,4637.6000,4637.0000,4636.8000,4640.6000,4640.8000,4641.2000,4642.4000,4644.0000,1,1,3,1,2,1,2,1,1,1
SF,IF2103,2020-10-20 09:32:36.700,4640.6000,22666,0,172857660.000,0,-,-,-,-,4638.6000,4638.4000,4638.2000,4638.0000,4637.0000,4640.4000,4640.6000,4641.2000,4642.4000,4644.0000,1,1,1,1,1,1,2,1,1,1
SF,IF2103,2020-10-20 09:32:37.200,4638.8000,22665,-1,174249300.000,1,0,1,双平,S,4637.0000,4636.8000,4636.6000,4636.0000,4635.8000,4640.2000,4640.4000,4640.6000,4641.2000,4642.4000,1,2,1,1,1,1,1,1,1,1
SF,IF2103,2020-10-20 09:32:37.700,4638.8000,22665,0,174249300.000,0,-,-,-,-,4637.6000,4637.2000,4636.8000,4636.6000,4636.0000,4640.0000,4640.2000,4641.2000,4642.4000,4644.0000,1,4,2,1,1,2,1,1,1,1
SF,IF2103,2020-10-20 09:32:38.200,4638.8000,22665,0,174249300.000,0,-,-,-,-,4637.8000,4636.8000,4636.6000,4636.0000,4635.8000,4639.6000,4639.8000,4640.0000,4641.2000,4642.4000,1,2,1,1,1,1,1,2,1,1
SF,IF2103,2020-10-20 09:32:38.700,4638.8000,22665,0,174249300.000,0,-,-,-,-,4637.8000,4636.8000,4636.6000,4636.0000,4635.8000,4639.6000,4640.0000,4641.2000,4642.4000,4644.0000,3,2,1,1,1,1,2,1,1,1
SF,IF2103,2020-10-20 09:32:39.700,4638.8000,22665,0,174249300.000,0,-,-,-,-,4637.8000,4636.8000,4636.6000,4636.0000,4635.8000,4639.6000,4640.0000,4641.2000,4642.4000,4644.0000,3,2,1,1,1,1,2,1,1,1
SF,IF2103,2020-10-20 09:32:40.200,4638.8000,22665,0,174249300.000,0,-,-,-,-,4637.8000,4636.8000,4636.6000,4636.0000,4635.8000,4639.4000,4639.6000,4640.0000,4641.2000,4642.4000,3,2,1,1,1,1,1,1,1,1
SF,IF2103,2020-10-20 09:32:40.700,4638.8000,22665,0,174249300.000,0,-,-,-,-,4637.8000,4636.8000,4636.6000,4636.0000,4635.8000,4639.2000,4639.4000,4640.0000,4641.2000,4642.4000,2,2,1,1,1,1,2,1,1,1
SF,IF2103,2020-10-20 09:32:41.200,4638.8000,22665,0,174249300.000,0,-,-,-,-,4638.0000,4637.8000,4636.8000,4636.6000,4636.0000,4639.2000,4639.4000,4640.0000,4641.2000,4642.4000,1,2,2,1,1,1,2,1,1,1
SF,IF2103,2020-10-20 09:32:42.700,4638.8000,22665,0,174249300.000,0,-,-,-,-,4638.0000,4637.8000,4636.8000,4636.6000,4636.0000,4639.4000,4640.0000,4641.2000,4642.4000,4644.0000,1,2,2,1,1,1,1,1,1,1
SF,IF2103,2020-10-20 09:32:43.200,4638.8000,22665,0,174249300.000,0,-,-,-,-,4638.0000,4637.8000,4636.8000,4636.6000,4636.0000,4639.4000,4641.2000,4642.4000,4644.0000,4644.4000,1,2,2,1,1,1,1,1,1,1
SF,IF2103,2020-10-20 09:32:43.700,4638.8000,22665,0,174249300.000,0,-,-,-,-,4637.8000,4636.8000,4636.6000,4636.0000,4635.8000,4639.4000,4641.2000,4642.4000,4644.0000,4644.4000,2,2,1,1,1,1,1,1,1,1
SF,IF2103,2020-10-20 09:32:44.200,4638.8000,22665,0,174249300.000,0,-,-,-,-,4638.0000,4637.8000,4636.8000,4636.6000,4636.0000,4639.2000,4639.4000,4641.2000,4642.4000,4644.0000,1,2,2,1,1,1,1,1,1,1
SF,IF2103,2020-10-20 09:32:44.700,4638.8000,22665,0,174249300.000,0,-,-,-,-,4637.8000,4636.6000,4636.0000,4635.8000,4635.0000,4639.0000,4641.2000,4642.4000,4644.0000,4644.4000,2,1,1,1,2,1,1,1,1,1
SF,IF2103,2020-10-20 09:32:45.200,4638.8000,22665,0,174249300.000,0,-,-,-,-,4638.0000,4637.8000,4636.6000,4636.0000,4635.8000,4641.2000,4642.4000,4644.0000,4644.4000,4644.8000,1,2,1,1,1,1,1,1,1,1
SF,IF2103,2020-10-20 09:32:45.700,4638.8000,22665,0,174249300.000,0,-,-,-,-,4638.2000,4638.0000,4637.8000,4636.6000,4636.0000,4639.4000,4640.6000,4641.0000,4641.2000,4642.4000,1,1,2,1,1,1,2,7,2,1
SF,IF2103,2020-10-20 09:32:46.200,4638.8000,22665,0,174249300.000,0,-,-,-,-,4637.8000,4636.6000,4636.0000,4635.8000,4635.0000,4639.2000,4640.6000,4641.0000,4641.2000,4642.4000,2,1,1,1,2,1,2,6,2,1
SF,IF2103,2020-10-20 09:32:46.700,4638.8000,22665,0,174249300.000,0,-,-,-,-,4637.8000,4636.6000,4636.0000,4635.8000,4635.0000,4639.2000,4640.6000,4641.0000,4641.2000,4642.4000,2,1,1,1,2,1,2,6,1,1
SF,IF2103,2020-10-20 09:32:47.200,4638.8000,22665,0,174249300.000,0,-,-,-,-,4637.8000,4636.6000,4636.0000,4635.8000,4635.0000,4639.2000,4640.6000,4641.0000,4641.2000,4642.4000,2,1,1,1,2,2,2,6,1,1
SF,IF2103,2020-10-20 09:32:47.700,4638.8000,22665,0,174249300.000,0,-,-,-,-,4637.8000,4636.6000,4636.0000,4635.8000,4635.0000,4639.2000,4640.6000,4641.0000,4641.2000,4642.4000,2,1,1,1,2,2,2,6,1,1
SF,IF2103,2020-10-20 09:32:48.700,4637.8000,22664,-1,175640640.000,1,0,1,双平,S,4637.8000,4636.6000,4636.0000,4635.8000,4635.0000,4639.2000,4640.6000,4641.0000,4641.2000,4642.4000,1,1,1,1,2,2,2,6,1,1
SF,IF2103,2020-10-20 09:32:49.200,4637.8000,22664,0,175640640.000,0,-,-,-,-,4637.8000,4636.6000,4636.0000,4635.8000,4635.0000,4638.6000,4638.8000,4639.2000,4640.6000,4641.0000,1,1,1,1,2,1,1,2,2,6
SF,IF2103,2020-10-20 09:32:49.700,4637.8000,22664,0,175640640.000,0,-,-,-,-,4637.8000,4636.6000,4636.0000,4635.8000,4635.0000,4639.2000,4640.6000,4641.0000,4641.2000,4642.4000,1,1,1,1,2,2,2,6,1,1
SF,IF2103,2020-10-20 09:32:50.200,4637.8000,22664,0,175640640.000,0,-,-,-,-,4637.8000,4636.6000,4636.0000,4635.8000,4635.0000,4639.2000,4640.6000,4641.0000,4641.2000,4642.4000,1,1,1,1,2,2,2,6,1,1
SF,IF2103,2020-10-20 09:32:50.700,4637.8000,22664,0,175640640.000,0,-,-,-,-,4637.8000,4636.6000,4636.0000,4635.8000,4635.0000,4638.8000,4639.2000,4640.6000,4641.0000,4641.2000,1,1,1,1,2,1,1,2,6,1
SF,IF2103,2020-10-20 09:32:51.700,4637.8000,22664,0,175640640.000,0,-,-,-,-,4637.8000,4636.6000,4636.0000,4635.8000,4635.0000,4638.8000,4639.2000,4640.6000,4641.0000,4641.2000,1,1,1,1,2,1,1,2,6,1
SF,IF2103,2020-10-20 09:32:52.200,4639.2000,22664,0,177032400.000,1,0,1,多换,S,4637.8000,4636.6000,4636.0000,4635.8000,4635.0000,4640.6000,4641.0000,4641.2000,4642.4000,4644.4000,1,1,1,1,2,2,6,1,1,1
SF,IF2103,2020-10-20 09:32:52.700,4639.2000,22664,0,177032400.000,0,-,-,-,-,4638.0000,4637.8000,4636.6000,4636.0000,4635.8000,4639.2000,4640.0000,4640.4000,4640.6000,4641.0000,2,2,1,1,1,1,1,1,1,6
SF,IF2103,2020-10-20 09:32:53.200,4639.2000,22664,0,177032400.000,0,-,-,-,-,4638.0000,4637.8000,4636.6000,4636.0000,4635.8000,4640.6000,4641.0000,4641.2000,4642.4000,4644.4000,2,2,1,1,1,1,1,1,1,1
SF,IF2103,2020-10-20 09:32:53.700,4639.2000,22664,0,177032400.000,0,-,-,-,-,4638.2000,4638.0000,4637.8000,4636.6000,4636.0000,4640.4000,4640.6000,4641.0000,4641.2000,4642.4000,2,2,1,1,1,2,1,1,1,1
SF,IF2103,2020-10-20 09:32:54.200,4639.2000,22664,0,177032400.000,0,-,-,-,-,4638.4000,4638.2000,4636.6000,4636.0000,4635.8000,4640.4000,4641.0000,4641.2000,4642.4000,4644.4000,2,2,1,1,1,2,1,1,1,1
SF,IF2103,2020-10-20 09:32:54.700,4639.2000,22664,0,177032400.000,0,-,-,-,-,4638.6000,4638.4000,4636.6000,4636.0000,4635.8000,4639.4000,4640.2000,4640.4000,4641.0000,4641.2000,1,2,1,1,1,1,3,2,1,1
SF,IF2103,2020-10-20 09:32:55.200,4639.2000,22664,0,177032400.000,0,-,-,-,-,4638.6000,4638.4000,4637.4000,4636.6000,4636.0000,4640.0000,4640.2000,4640.4000,4641.0000,4641.2000,1,2,2,1,1,1,2,2,1,1
SF,IF2103,2020-10-20 09:32:55.700,4638.8000,22663,-1,178424040.000,1,0,1,双平,S,4638.6000,4638.4000,4637.4000,4636.6000,4636.0000,4640.0000,4640.2000,4640.4000,4641.0000,4641.2000,1,1,2,1,1,1,2,2,1,1
SF,IF2103,2020-10-20 09:32:56.200,4638.8000,22663,0,178424040.000,0,-,-,-,-,4638.6000,4638.4000,4637.4000,4636.6000,4636.0000,4639.4000,4639.8000,4640.0000,4640.2000,4640.4000,1,1,2,1,1,1,1,1,2,1
SF,IF2103,2020-10-20 09:32:56.700,4638.8000,22663,0,178424040.000,0,-,-,-,-,4638.6000,4638.4000,4637.4000,4636.6000,4636.0000,4639.8000,4640.0000,4640.2000,4640.4000,4641.0000,1,1,2,1,1,1,1,2,1,1
SF,IF2103,2020-10-20 09:32:57.200,4638.8000,22663,0,178424040.000,0,-,-,-,-,4638.6000,4638.4000,4637.4000,4636.6000,4636.0000,4639.8000,4640.0000,4640.2000,4641.2000,4642.4000,1,1,2,1,1,1,1,2,1,1
SF,IF2103,2020-10-20 09:32:57.700,4638.8000,22663,0,178424040.000,0,-,-,-,-,4638.4000,4637.4000,4636.6000,4636.0000,4635.8000,4639.8000,4640.0000,4640.2000,4641.2000,4642.4000,1,2,1,1,1,1,1,1,1,1
SF,IF2103,2020-10-20 09:32:58.200,4638.8000,22663,0,178424040.000,0,-,-,-,-,4638.8000,4638.6000,4638.4000,4637.4000,4636.6000,4640.0000,4640.2000,4641.2000,4642.4000,4642.6000,1,1,1,2,1,1,1,1,1,1
SF,IF2103,2020-10-20 09:32:58.700,4638.8000,22663,0,178424040.000,0,-,-,-,-,4639.0000,4638.4000,4637.4000,4636.6000,4636.0000,4640.0000,4641.2000,4642.4000,4642.6000,4644.4000,1,1,2,1,1,1,1,1,1,1
SF,IF2103,2020-10-20 09:32:59.200,4638.8000,22663,0,178424040.000,0,-,-,-,-,4639.0000,4638.4000,4637.4000,4636.6000,4636.0000,4640.0000,4641.2000,4642.4000,4642.6000,4644.4000,1,1,2,1,1,1,1,1,1,1
SF,IF2103,2020-10-20 09:32:59.700,4640.0000,22662,-1,179816040.000,1,0,1,双平,S,4639.0000,4638.4000,4637.4000,4636.6000,4636.0000,4641.2000,4642.4000,4642.6000,4644.4000,4644.8000,2,1,2,1,1,1,1,1,1,1
SF,IF2103,2020-10-20 09:33:00.200,4640.0000,22662,0,179816040.000,0,-,-,-,-,4639.4000,4639.2000,4639.0000,4638.4000,4637.4000,4641.2000,4642.4000,4642.6000,4644.8000,4647.2000,1,2,2,1,2,1,1,1,1,1
SF,IF2103,2020-10-20 09:33:00.700,4640.0000,22662,0,179816040.000,0,-,-,-,-,4639.8000,4639.6000,4639.4000,4639.2000,4638.4000,4641.2000,4642.4000,4642.6000,4644.8000,4647.2000,1,1,2,2,1,1,1,1,1,1
SF,IF2103,2020-10-20 09:33:01.200,4640.0000,22662,0,179816040.000,0,-,-,-,-,4640.2000,4640.0000,4639.8000,4639.4000,4639.2000,4641.2000,4642.4000,4642.6000,4644.8000,4647.2000,1,1,2,1,1,1,1,1,1,1
SF,IF2103,2020-10-20 09:33:01.700,4640.0000,22662,0,179816040.000,0,-,-,-,-,4640.0000,4639.8000,4639.4000,4639.2000,4638.4000,4641.2000,4642.4000,4642.6000,4644.8000,4647.2000,1,1,1,1,1,1,1,1,1,1
SF,IF2103,2020-10-20 09:33:02.200,4640.0000,22662,0,179816040.000,0,-,-,-,-,4640.0000,4639.8000,4639.2000,4638.4000,4637.4000,4641.2000,4642.4000,4642.6000,4644.8000,4647.2000,1,1,1,1,2,1,1,1,1,1
SF,IF2103,2020-10-20 09:33:03.200,4640.0000,22662,0,179816040.000,0,-,-,-,-,4640.0000,4639.8000,4639.2000,4638.4000,4638.0000,4641.2000,4642.4000,4642.6000,4644.8000,4647.2000,1,1,1,1,1,1,1,1,1,1
SF,IF2103,2020-10-20 09:33:03.700,4640.0000,22662,0,179816040.000,0,-,-,-,-,4639.2000,4638.4000,4638.0000,4637.4000,4636.6000,4641.0000,4641.2000,4642.4000,4642.6000,4644.8000,1,1,1,2,1,1,1,1,1,1
SF,IF2103,2020-10-20 09:33:04.200,4640.0000,22662,0,179816040.000,0,-,-,-,-,4639.6000,4639.4000,4639.2000,4638.4000,4638.0000,4641.0000,4641.2000,4642.4000,4642.6000,4644.8000,2,1,2,1,1,1,1,1,1,1
SF,IF2103,2020-10-20 09:33:04.700,4641.0000,22661,-1,181208340.000,1,0,1,双平,S,4640.0000,4639.8000,4639.6000,4639.4000,4639.2000,4641.2000,4642.4000,4642.6000,4644.8000,4647.2000,1,3,1,1,1,1,1,1,1,1
SF,IF2103,2020-10-20 09:33:05.200,4641.2000,22661,0,182600700.000,1,0,1,多换,S,4640.2000,4639.8000,4639.4000,4639.2000,4638.4000,4642.0000,4642.4000,4642.6000,4644.8000,4647.2000,1,2,1,1,1,1,1,1,1,1
SF,IF2103,2020-10-20 09:33:05.700,4641.2000,22661,0,182600700.000,0,-,-,-,-,4640.2000,4639.8000,4639.4000,4639.2000,4638.4000,4642.0000,4642.4000,4642.6000,4644.8000,4647.2000,3,1,1,1,1,1,1,1,1,1
SF,IF2103,2020-10-20 09:33:06.200,4641.2000,22661,0,182600700.000,0,-,-,-,-,4640.4000,4640.2000,4639.8000,4639.2000,4638.4000,4642.0000,4642.4000,4642.6000,4644.8000,4647.2000,2,2,1,1,1,1,1,1,1,1
SF,IF2103,2020-10-20 09:33:06.700,4642.0000,22661,0,183993300.000,1,0,1,多换,S,4640.6000,4640.4000,4639.8000,4639.2000,4638.4000,4642.4000,4642.6000,4644.8000,4647.2000,4649.6000,2,1,1,1,1,1,1,1,1,1
SF,IF2103,2020-10-20 09:33:07.200,4642.0000,22661,0,183993300.000,0,-,-,-,-,4641.0000,4640.8000,4640.6000,4639.8000,4639.2000,4642.4000,4642.6000,4644.8000,4647.2000,4649.6000,1,2,2,1,1,1,1,1,1,1
SF,IF2103,2020-10-20 09:33:07.700,4642.4000,22661,0,185386020.000,1,0,1,多换,S,4641.2000,4641.0000,4640.8000,4639.8000,4639.2000,4642.6000,4644.8000,4647.2000,4649.6000,4653.4000,2,1,2,1,1,1,1,1,1,1
SF,IF2103,2020-10-20 09:33:08.200,4642.6000,22660,-1,186778800.000,1,0,1,双平,S,4641.6000,4641.2000,4641.0000,4640.8000,4639.8000,4644.8000,4647.2000,4649.6000,4653.4000,4657.8000,1,2,1,2,1,1,1,1,1,1
SF,IF2103,2020-10-20 09:33:08.700,4642.6000,22660,0,186778800.000,0,-,-,-,-,4641.8000,4641.6000,4641.4000,4640.8000,4639.8000,4644.6000,4644.8000,4647.2000,4649.6000,4653.4000,2,1,1,2,1,1,2,1,1,1
SF,IF2103,2020-10-20 09:33:09.200,4642.6000,22660,0,186778800.000,0,-,-,-,-,4642.0000,4641.8000,4641.4000,4640.8000,4639.8000,4644.8000,4647.2000,4649.6000,4653.4000,4657.8000,1,2,1,2,1,1,1,1,1,1
SF,IF2103,2020-10-20 09:33:09.700,4642.6000,22660,0,186778800.000,0,-,-,-,-,4642.2000,4642.0000,4639.8000,4637.4000,4636.6000,4644.8000,4647.2000,4649.6000,4653.4000,4657.8000,3,1,1,2,1,1,1,1,1,1
SF,IF2103,2020-10-20 09:33:10.200,4642.6000,22660,0,186778800.000,0,-,-,-,-,4642.4000,4642.2000,4639.8000,4637.4000,4636.6000,4644.6000,4644.8000,4647.2000,4649.6000,4653.4000,1,4,1,2,1,1,1,1,1,1
SF,IF2103,2020-10-20 09:33:10.700,4642.6000,22660,0,186778800.000,0,-,-,-,-,4642.6000,4642.4000,4642.2000,4639.8000,4637.4000,4644.8000,4647.2000,4649.6000,4653.4000,4657.8000,2,1,2,1,2,1,1,1,1,1
SF,IF2103,2020-10-20 09:33:11.200,4642.6000,22660,0,186778800.000,0,-,-,-,-,4642.8000,4642.6000,4642.2000,4639.8000,4637.4000,4644.8000,4647.2000,4649.6000,4653.4000,4657.8000,1,2,2,1,2,1,1,1,1,1
SF,IF2103,2020-10-20 09:33:11.700,4642.6000,22659,-1,188171580.000,1,0,1,双平,S,4643.0000,4642.8000,4642.2000,4639.8000,4637.4000,4643.8000,4644.6000,4644.8000,4647.2000,4649.6000,3,1,2,1,2,1,1,1,1,1
SF,IF2103,2020-10-20 09:33:12.200,4643.8000,22658,-1,189564720.000,1,0,1,双平,S,4642.8000,4642.2000,4639.8000,4637.4000,4636.6000,4644.8000,4647.2000,4649.6000,4653.4000,4657.8000,1,2,1,2,1,1,1,1,1,1
SF,IF2103,2020-10-20 09:33:12.700,4643.8000,22658,0,189564720.000,0,-,-,-,-,4643.0000,4642.8000,4642.2000,4639.8000,4637.4000,4644.8000,4647.2000,4649.6000,4653.4000,4657.8000,4,1,2,1,2,1,1,1,1,1
SF,IF2103,2020-10-20 09:33:13.200,4644.8000,22657,-1,190958160.000,1,0,1,双平,S,4643.2000,4643.0000,4642.2000,4639.8000,4637.4000,4647.2000,4649.6000,4653.4000,4657.8000,4658.2000,1,4,2,1,2,1,1,1,1,1
SF,IF2103,2020-10-20 09:33:13.700,4644.8000,22657,0,190958160.000,0,-,-,-,-,4643.4000,4643.0000,4642.2000,4639.8000,4637.4000,4644.8000,4646.2000,4646.4000,4646.6000,4647.0000,2,1,2,1,2,1,1,1,1,1
SF,IF2103,2020-10-20 09:33:14.200,4644.8000,22657,0,190958160.000,0,-,-,-,-,4643.4000,4643.0000,4642.2000,4639.8000,4637.4000,4644.6000,4646.2000,4646.4000,4646.6000,4647.2000,1,1,2,1,2,1,1,1,1,1
SF,IF2103,2020-10-20 09:33:15.200,4643.4000,22657,0,192351180.000,1,0,1,多换,S,4642.2000,4639.8000,4637.4000,4636.6000,4636.0000,4644.6000,4646.2000,4646.4000,4646.6000,4647.2000,2,1,2,1,1,1,1,1,1,1
SF,IF2103,2020-10-20 09:33:15.700,4643.4000,22657,0,192351180.000,0,-,-,-,-,4643.2000,4642.8000,4642.6000,4642.4000,4642.2000,4644.4000,4644.6000,4646.2000,4646.4000,4646.6000,1,1,1,1,2,1,2,1,1,1
SF,IF2103,2020-10-20 09:33:16.200,4643.4000,22657,0,192351180.000,0,-,-,-,-,4642.2000,4639.8000,4637.4000,4636.6000,4636.0000,4644.2000,4644.6000,4646.2000,4646.4000,4646.6000,2,1,2,1,1,1,1,1,1,1
SF,IF2103,2020-10-20 09:33:16.700,4643.4000,22657,0,192351180.000,0,-,-,-,-,4642.4000,4642.2000,4639.8000,4637.4000,4636.6000,4644.2000,4646.2000,4646.4000,4646.6000,4647.2000,3,2,1,2,1,1,1,1,1,1
SF,IF2103,2020-10-20 09:33:17.200,4643.4000,22657,0,192351180.000,0,-,-,-,-,4642.4000,4642.2000,4639.8000,4637.4000,4636.6000,4644.2000,4646.2000,4646.4000,4646.6000,4647.2000,1,1,1,2,1,2,1,1,1,1
SF,IF2103,2020-10-20 09:33:17.700,4642.2000,22656,-1,195136560.000,2,0,2,多平,S,4639.8000,4637.4000,4636.6000,4636.0000,4635.8000,4643.2000,4643.8000,4644.2000,4646.2000,4646.4000,1,2,1,1,1,1,1,2,1,1
SF,IF2103,2020-10-20 09:33:18.200,4642.2000,22656,0,195136560.000,0,-,-,-,-,4640.6000,4640.2000,4640.0000,4639.8000,4637.4000,4643.0000,4643.2000,4646.2000,4646.6000,4647.2000,1,1,1,2,2,2,1,1,1,1
SF,IF2103,2020-10-20 09:33:18.700,4642.2000,22656,0,195136560.000,0,-,-,-,-,4641.0000,4640.2000,4639.8000,4637.4000,4636.6000,4642.6000,4642.8000,4643.0000,4646.2000,4646.6000,1,1,1,2,1,1,1,2,1,1
SF,IF2103,2020-10-20 09:33:19.200,4642.2000,22656,0,195136560.000,0,-,-,-,-,4641.6000,4641.0000,4640.2000,4639.8000,4637.4000,4642.4000,4642.6000,4643.0000,4646.2000,4646.6000,1,1,1,1,2,2,1,1,1,1
SF,IF2103,2020-10-20 09:33:19.700,4641.6000,22655,-1,196529040.000,1,0,1,双平,S,4641.0000,4640.2000,4639.8000,4637.4000,4636.6000,4642.4000,4642.6000,4646.2000,4646.6000,4647.2000,1,1,1,2,1,1,1,1,1,1
SF,IF2103,2020-10-20 09:33:20.200,4641.2000,22654,-1,197921400.000,1,0,1,双平,S,4640.2000,4639.8000,4637.4000,4636.6000,4636.0000,4642.4000,4642.6000,4646.2000,4646.6000,4647.2000,1,1,2,1,1,1,1,1,1,1
SF,IF2103,2020-10-20 09:33:20.700,4641.2000,22654,0,197921400.000,0,-,-,-,-,4640.4000,4640.2000,4639.8000,4637.4000,4636.6000,4642.2000,4642.4000,4646.2000,4646.6000,4647.2000,2,1,1,2,1,1,1,1,1,1
SF,IF2103,2020-10-20 09:33:21.200,4641.2000,22654,0,197921400.000,0,-,-,-,-,4640.4000,4640.2000,4639.8000,4637.4000,4636.6000,4642.0000,4642.2000,4646.2000,4646.6000,4647.2000,2,1,1,2,1,1,2,1,1,1
SF,IF2103,2020-10-20 09:33:21.700,4641.2000,22654,0,197921400.000,0,-,-,-,-,4640.6000,4640.4000,4640.2000,4639.8000,4637.4000,4642.0000,4642.2000,4646.2000,4646.6000,4647.2000,1,1,1,1,2,1,1,1,1,1
SF,IF2103,2020-10-20 09:33:22.200,4642.0000,22653,-1,199314000.000,1,0,1,双平,S,4640.6000,4640.4000,4640.2000,4639.8000,4637.4000,4642.2000,4646.2000,4646.6000,4647.2000,4649.6000,1,1,1,1,2,1,1,1,1,1
SF,IF2103,2020-10-20 09:33:22.700,4642.0000,22653,0,199314000.000,0,-,-,-,-,4640.8000,4640.6000,4640.2000,4639.8000,4637.4000,4642.0000,4642.2000,4646.2000,4646.6000,4647.2000,1,1,1,1,2,1,1,1,1,1
SF,IF2103,2020-10-20 09:33:23.200,4642.0000,22653,0,199314000.000,0,-,-,-,-,4640.8000,4637.4000,4636.6000,4636.0000,4635.8000,4646.2000,4646.6000,4647.2000,4649.6000,4653.4000,2,2,1,1,1,1,1,1,1,1
SF,IF2103,2020-10-20 09:33:23.700,4642.0000,22653,0,199314000.000,0,-,-,-,-,4640.8000,4637.4000,4636.6000,4636.0000,4635.8000,4642.6000,4643.6000,4644.0000,4644.2000,4644.4000,3,2,1,1,1,1,1,1,1,1
SF,IF2103,2020-10-20 09:33:24.200,4642.0000,22653,0,199314000.000,0,-,-,-,-,4640.8000,4637.4000,4636.6000,4636.0000,4635.8000,4642.4000,4642.6000,4644.0000,4644.2000,4644.4000,2,2,1,1,1,1,1,1,1,1
SF,IF2103,2020-10-20 09:33:24.700,4642.0000,22653,0,199314000.000,0,-,-,-,-,4640.8000,4637.4000,4636.6000,4636.0000,4635.8000,4642.2000,4642.4000,4642.6000,4644.2000,4644.4000,2,2,1,1,1,1,1,1,1,1
SF,IF2103,2020-10-20 09:33:25.200,4642.0000,22653,0,199314000.000,0,-,-,-,-,4640.8000,4637.4000,4636.6000,4636.0000,4635.8000,4642.0000,4642.6000,4644.2000,4644.4000,4644.8000,2,2,1,1,1,1,1,1,1,1
SF,IF2103,2020-10-20 09:33:25.700,4642.0000,22653,0,199314000.000,0,-,-,-,-,4640.8000,4637.4000,4636.6000,4636.0000,4635.8000,4642.0000,4642.6000,4644.2000,4644.4000,4644.8000,2,2,1,1,1,1,1,1,1,1
SF,IF2103,2020-10-20 09:33:26.200,4642.0000,22653,0,199314000.000,0,-,-,-,-,4641.0000,4640.8000,4637.4000,4636.6000,4636.0000,4642.6000,4644.2000,4644.4000,4644.8000,4645.6000,1,2,2,1,1,1,1,1,1,1
SF,IF2103,2020-10-20 09:33:26.700,4642.0000,22653,0,199314000.000,0,-,-,-,-,4641.0000,4640.8000,4637.4000,4636.6000,4636.0000,4642.4000,4644.2000,4644.4000,4644.8000,4645.6000,1,2,2,1,1,1,1,1,1,1
SF,IF2103,2020-10-20 09:33:27.700,4642.0000,22653,0,199314000.000,0,-,-,-,-,4642.0000,4641.0000,4640.8000,4637.4000,4636.6000,4642.4000,4644.2000,4644.4000,4644.8000,4645.6000,5,1,2,2,1,1,1,1,1,1
SF,IF2103,2020-10-20 09:33:28.200,4645.6000,22653,0,203493720.000,3,1,2,多换,S,4642.0000,4641.4000,4641.0000,4640.8000,4637.4000,4645.8000,4646.0000,4646.2000,4647.2000,4649.6000,4,1,1,2,2,1,4,3,1,1
SF,IF2103,2020-10-20 09:33:28.700,4645.6000,22653,0,203493720.000,0,-,-,-,-,4642.2000,4642.0000,4640.8000,4637.4000,4636.6000,4643.0000,4644.0000,4644.2000,4644.4000,4645.4000,1,4,2,2,1,1,1,1,1,1
SF,IF2103,2020-10-20 09:33:29.200,4645.6000,22653,0,203493720.000,0,-,-,-,-,4642.0000,4640.8000,4637.4000,4636.6000,4636.0000,4644.2000,4644.4000,4645.4000,4645.6000,4645.8000,4,2,2,1,1,1,1,1,2,2
SF,IF2103,2020-10-20 09:33:29.700,4645.6000,22653,0,203493720.000,0,-,-,-,-,4642.2000,4642.0000,4640.8000,4637.4000,4636.6000,4643.8000,4644.0000,4645.2000,4645.4000,4645.8000,1,4,2,2,1,1,3,1,1,1
SF,IF2103,2020-10-20 09:33:30.200,4645.6000,22653,0,203493720.000,0,-,-,-,-,4642.4000,4642.2000,4642.0000,4640.8000,4637.4000,4643.6000,4644.0000,4645.2000,4645.4000,4645.6000,1,1,4,2,2,1,2,2,1,2
SF,IF2103,2020-10-20 09:33:30.700,4645.6000,22653,0,203493720.000,0,-,-,-,-,4642.6000,4642.0000,4640.8000,4637.4000,4636.6000,4644.0000,4645.2000,4645.6000,4645.8000,4646.0000,1,4,2,2,1,2,2,2,2,1
SF,IF2103,2020-10-20 09:33:31.200,4645.6000,22653,0,203493720.000,0,-,-,-,-,4643.0000,4642.6000,4642.0000,4640.8000,4637.4000,4643.8000,4644.0000,4645.2000,4645.6000,4645.8000,1,1,4,2,2,1,1,2,2,3
SF,IF2103,2020-10-20 09:33:31.700,4645.6000,22653,0,203493720.000,0,-,-,-,-,4643.0000,4642.6000,4642.0000,4640.8000,4637.4000,4643.4000,4643.8000,4645.2000,4645.6000,4645.8000,1,1,4,2,2,1,1,2,2,3
SF,IF2103,2020-10-20 09:33:32.200,4643.4000,22652,-1,204886740.000,1,0,1,双平,S,4643.2000,4643.0000,4642.8000,4642.6000,4642.0000,4645.2000,4645.6000,4645.8000,4646.2000,4647.2000,1,1,1,1,4,2,2,2,2,1
SF,IF2103,2020-10-20 09:33:32.700,4643.4000,22652,0,204886740.000,0,-,-,-,-,4643.4000,4643.2000,4643.0000,4642.8000,4642.0000,4645.0000,4645.8000,4647.2000,4647.6000,4648.4000,2,2,1,1,4,3,2,1,1,2
SF,IF2103,2020-10-20 09:33:33.200,4643.4000,22652,0,204886740.000,0,-,-,-,-,4643.6000,4643.4000,4643.2000,4643.0000,4642.8000,4645.0000,4645.8000,4647.2000,4647.6000,4649.6000,1,1,2,1,1,2,2,1,2,1
SF,IF2103,2020-10-20 09:33:33.700,4643.4000,22652,0,204886740.000,0,-,-,-,-,4643.6000,4643.4000,4643.2000,4643.0000,4642.8000,4644.8000,4645.0000,4645.8000,4647.2000,4647.6000,1,1,2,1,1,1,1,2,1,2
SF,IF2103,2020-10-20 09:33:34.700,4643.4000,22652,0,204886740.000,0,-,-,-,-,4643.4000,4643.2000,4643.0000,4642.8000,4642.0000,4644.8000,4645.0000,4645.8000,4647.2000,4647.6000,1,1,1,1,4,1,1,2,1,2
SF,IF2103,2020-10-20 09:33:35.200,4643.4000,22652,0,204886740.000,0,-,-,-,-,4643.4000,4643.2000,4643.0000,4642.8000,4642.0000,4644.8000,4645.0000,4645.8000,4646.6000,4647.2000,2,1,1,1,4,1,1,2,1,1
SF,IF2103,2020-10-20 09:33:35.700,4643.4000,22652,0,204886740.000,0,-,-,-,-,4643.4000,4643.2000,4643.0000,4642.8000,4642.0000,4644.6000,4644.8000,4645.8000,4646.6000,4647.2000,2,1,1,1,4,1,1,2,1,1
SF,IF2103,2020-10-20 09:33:36.200,4643.4000,22652,0,204886740.000,0,-,-,-,-,4643.2000,4643.0000,4642.8000,4642.0000,4640.8000,4644.4000,4644.6000,4645.8000,4646.6000,4647.2000,1,1,1,4,2,1,1,2,2,1
SF,IF2103,2020-10-20 09:33:36.700,4643.2000,22652,0,206279700.000,1,0,1,多换,S,4643.0000,4642.8000,4642.0000,4640.8000,4638.8000,4644.2000,4644.4000,4645.8000,4646.6000,4647.2000,1,1,4,2,1,1,1,2,2,1
SF,IF2103,2020-10-20 09:33:37.200,4643.2000,22652,0,206279700.000,0,-,-,-,-,4643.0000,4642.8000,4642.0000,4640.8000,4638.8000,4644.0000,4644.2000,4645.8000,4646.4000,4646.6000,1,1,4,2,1,1,1,2,1,2
SF,IF2103,2020-10-20 09:33:37.700,4643.0000,22652,0,207672600.000,1,0,1,多换,S,4642.8000,4642.0000,4640.8000,4638.8000,4637.4000,4643.8000,4644.0000,4645.8000,4646.4000,4646.6000,1,4,2,1,2,1,1,2,1,2
SF,IF2103,2020-10-20 09:33:38.200,4643.0000,22652,0,207672600.000,0,-,-,-,-,4642.0000,4640.8000,4638.8000,4637.4000,4636.6000,4643.8000,4645.8000,4646.4000,4646.6000,4647.2000,4,2,1,2,1,1,2,1,2,1
SF,IF2103,2020-10-20 09:33:38.700,4643.0000,22652,0,207672600.000,0,-,-,-,-,4642.2000,4642.0000,4640.8000,4638.8000,4637.4000,4643.6000,4643.8000,4645.8000,4646.4000,4646.6000,1,4,2,1,2,1,2,2,1,2
SF,IF2103,2020-10-20 09:33:39.200,4643.0000,22652,0,207672600.000,0,-,-,-,-,4642.2000,4642.0000,4638.8000,4637.4000,4636.6000,4643.8000,4645.8000,4646.4000,4646.6000,4647.2000,1,4,1,2,1,1,2,1,2,1
SF,IF2103,2020-10-20 09:33:39.700,4643.0000,22652,0,207672600.000,0,-,-,-,-,4642.4000,4642.2000,4642.0000,4638.8000,4637.4000,4643.8000,4645.8000,4646.4000,4646.6000,4647.2000,1,3,4,1,2,1,1,1,2,1
SF,IF2103,2020-10-20 09:33:40.200,4643.0000,22652,0,207672600.000,0,-,-,-,-,4642.6000,4642.4000,4642.2000,4642.0000,4638.8000,4645.8000,4646.4000,4646.6000,4647.2000,4647.6000,1,1,2,4,1,1,1,2,1,2
SF,IF2103,2020-10-20 09:33:40.700,4643.0000,22652,0,207672600.000,0,-,-,-,-,4642.6000,4642.2000,4642.0000,4638.8000,4637.4000,4645.0000,4645.6000,4645.8000,4646.4000,4646.6000,1,2,4,1,2,1,3,2,1,2
SF,IF2103,2020-10-20 09:33:41.200,4643.0000,22652,0,207672600.000,0,-,-,-,-,4642.6000,4642.2000,4642.0000,4638.8000,4637.4000,4644.6000,4644.8000,4645.0000,4645.8000,4646.4000,1,2,4,1,2,1,3,2,1,1
SF,IF2103,2020-10-20 09:33:41.700,4643.0000,22652,0,207672600.000,0,-,-,-,-,4642.2000,4642.0000,4638.8000,4637.4000,4636.6000,4644.4000,4644.6000,4645.6000,4645.8000,4646.4000,2,4,1,2,1,4,1,1,1,1
SF,IF2103,2020-10-20 09:33:42.200,4643.0000,22652,0,207672600.000,0,-,-,-,-,4642.4000,4642.2000,4642.0000,4638.8000,4637.4000,4644.2000,4644.4000,4645.6000,4645.8000,4646.4000,1,2,4,1,2,1,4,1,1,1
SF,IF2103,2020-10-20 09:33:42.700,4643.0000,22652,0,207672600.000,0,-,-,-,-,4642.4000,4642.2000,4642.0000,4638.8000,4637.4000,4644.0000,4644.2000,4644.4000,4645.6000,4645.8000,1,2,4,1,2,2,1,2,1,1
SF,IF2103,2020-10-20 09:33:43.200,4643.0000,22652,0,207672600.000,0,-,-,-,-,4642.4000,4642.2000,4642.0000,4638.8000,4637.4000,4643.8000,4644.0000,4644.2000,4644.4000,4645.6000,1,2,4,1,2,1,2,1,1,1
SF,IF2103,2020-10-20 09:33:43.700,4643.0000,22652,0,207672600.000,0,-,-,-,-,4643.2000,4642.4000,4642.2000,4642.0000,4638.8000,4643.6000,4643.8000,4644.0000,4644.2000,4644.4000,1,1,2,4,1,1,1,1,1,1
SF,IF2103,2020-10-20 09:33:44.200,4643.0000,22651,-1,209065500.000,1,0,1,双平,S,4642.2000,4642.0000,4638.8000,4637.4000,4636.6000,4643.6000,4644.0000,4644.2000,4645.2000,4645.8000,2,4,1,2,1,1,1,1,1,1
SF,IF2103,2020-10-20 09:33:45.200,4643.0000,22651,0,209065500.000,0,-,-,-,-,4642.2000,4642.0000,4638.8000,4637.4000,4636.6000,4643.4000,4643.6000,4644.2000,4645.2000,4645.8000,2,4,1,2,1,1,1,1,1,1
SF,IF2103,2020-10-20 09:33:45.700,4643.0000,22651,0,209065500.000,0,-,-,-,-,4642.2000,4642.0000,4638.8000,4637.4000,4636.6000,4643.4000,4643.6000,4645.2000,4645.8000,4646.4000,2,4,1,2,1,1,1,1,1,1
SF,IF2103,2020-10-20 09:33:46.200,4643.0000,22651,0,209065500.000,0,-,-,-,-,4642.2000,4642.0000,4638.8000,4637.4000,4636.6000,4643.2000,4643.4000,4645.2000,4645.8000,4646.4000,2,4,1,2,1,1,1,1,1,1
SF,IF2103,2020-10-20 09:33:46.700,4643.0000,22651,0,209065500.000,0,-,-,-,-,4642.2000,4642.0000,4638.8000,4637.4000,4636.6000,4643.2000,4645.2000,4645.8000,4646.6000,4647.2000,2,4,1,2,1,1,1,1,1,1
SF,IF2103,2020-10-20 09:33:47.200,4643.0000,22651,0,209065500.000,0,-,-,-,-,4642.2000,4642.0000,4638.8000,4637.4000,4636.6000,4643.0000,4643.2000,4645.2000,4645.8000,4646.6000,2,4,1,2,1,1,1,1,1,1
SF,IF2103,2020-10-20 09:33:47.700,4642.0000,22649,-2,213243420.000,3,0,3,多平,S,4642.0000,4638.8000,4637.4000,4636.6000,4636.0000,4642.2000,4642.8000,4643.0000,4645.2000,4645.8000,3,1,2,1,1,1,1,2,1,1
SF,IF2103,2020-10-20 09:33:48.200,4642.0000,22649,0,217421220.000,3,1,2,多换,S,4638.8000,4637.4000,4636.6000,4636.0000,4635.8000,4642.0000,4642.2000,4643.0000,4645.2000,4645.8000,1,2,1,1,1,1,1,1,1,1
SF,IF2103,2020-10-20 09:33:48.700,4642.0000,22649,0,217421220.000,0,-,-,-,-,4639.0000,4638.8000,4637.4000,4636.6000,4636.0000,4641.8000,4642.0000,4645.2000,4645.8000,4646.6000,2,1,2,1,1,3,1,1,1,1
SF,IF2103,2020-10-20 09:33:49.200,4639.0000,22649,0,218812920.000,1,0,1,多换,S,4638.8000,4637.4000,4636.6000,4636.0000,4635.8000,4641.8000,4645.2000,4645.8000,4646.6000,4647.2000,1,2,1,1,1,2,1,1,1,1
SF,IF2103,2020-10-20 09:33:49.700,4639.0000,22649,0,218812920.000,0,-,-,-,-,4640.0000,4639.6000,4639.4000,4639.0000,4638.8000,4641.6000,4641.8000,4645.2000,4645.8000,4646.6000,1,2,1,1,2,1,2,1,1,1
SF,IF2103,2020-10-20 09:33:50.200,4641.6000,22647,-2,221597880.000,2,0,2,双平,S,4640.2000,4640.0000,4639.6000,4639.4000,4638.8000,4641.8000,4645.2000,4645.8000,4646.6000,4647.2000,2,1,1,1,2,1,1,1,1,1
SF,IF2103,2020-10-20 09:33:50.700,4641.8000,22647,0,222990420.000,1,0,1,多换,S,4640.4000,4640.2000,4639.6000,4639.4000,4638.8000,4645.2000,4645.8000,4646.6000,4647.2000,4647.6000,1,1,1,1,1,1,1,1,1,2
SF,IF2103,2020-10-20 09:33:51.200,4641.8000,22647,0,222990420.000,0,-,-,-,-,4640.6000,4640.4000,4639.6000,4639.4000,4638.8000,4642.8000,4643.6000,4643.8000,4644.0000,4644.2000,2,1,1,1,1,1,1,1,1,1
SF,IF2103,2020-10-20 09:33:51.700,4641.8000,22647,0,222990420.000,0,-,-,-,-,4640.6000,4640.4000,4639.6000,4639.4000,4638.8000,4642.6000,4642.8000,4643.6000,4644.0000,4644.2000,2,1,1,1,1,1,1,1,1,1
SF,IF2103,2020-10-20 09:33:52.200,4641.8000,22647,0,222990420.000,0,-,-,-,-,4640.8000,4640.6000,4640.4000,4639.6000,4639.4000,4642.6000,4643.6000,4644.0000,4644.2000,4644.4000,1,2,1,1,1,2,1,1,1,1
SF,IF2103,2020-10-20 09:33:52.700,4641.8000,22647,0,222990420.000,0,-,-,-,-,4641.0000,4640.8000,4640.6000,4640.4000,4639.6000,4642.6000,4643.6000,4644.0000,4644.2000,4644.4000,1,1,1,1,1,1,1,1,1,1
SF,IF2103,2020-10-20 09:33:53.200,4641.8000,22647,0,222990420.000,0,-,-,-,-,4641.0000,4640.6000,4640.4000,4639.6000,4639.4000,4642.6000,4644.0000,4644.2000,4644.4000,4644.8000,3,1,1,1,1,1,1,1,1,1
SF,IF2103,2020-10-20 09:33:53.700,4641.8000,22647,0,222990420.000,0,-,-,-,-,4641.2000,4641.0000,4640.6000,4640.4000,4639.4000,4644.2000,4644.4000,4644.8000,4645.0000,4645.2000,1,3,1,1,1,1,1,1,1,1
SF,IF2103,2020-10-20 09:33:54.200,4641.8000,22647,0,222990420.000,0,-,-,-,-,4641.4000,4641.0000,4639.4000,4638.8000,4637.4000,4643.8000,4644.0000,4644.2000,4644.4000,4644.8000,2,2,1,1,2,1,1,2,1,1
SF,IF2103,2020-10-20 09:33:54.700,4641.8000,22647,0,222990420.000,0,-,-,-,-,4641.4000,4641.0000,4639.4000,4638.8000,4637.4000,4643.4000,4643.6000,4644.2000,4644.4000,4644.8000,2,2,1,1,2,1,1,1,1,1
SF,IF2103,2020-10-20 09:33:55.200,4641.8000,22647,0,222990420.000,0,-,-,-,-,4641.6000,4641.4000,4641.0000,4639.4000,4638.8000,4643.2000,4643.4000,4644.2000,4644.4000,4644.8000,1,2,2,1,1,1,1,1,1,1
SF,IF2103,2020-10-20 09:33:55.700,4641.8000,22647,0,222990420.000,0,-,-,-,-,4641.8000,4641.4000,4641.0000,4639.4000,4638.8000,4644.2000,4644.4000,4644.8000,4645.0000,4645.2000,2,1,2,1,1,1,1,1,1,1
SF,IF2103,2020-10-20 09:33:56.200,4641.8000,22647,0,222990420.000,0,-,-,-,-,4642.0000,4641.8000,4641.0000,4639.4000,4638.8000,4643.8000,4644.0000,4645.0000,4645.2000,4645.8000,2,1,2,1,1,1,1,1,1,1
SF,IF2103,2020-10-20 09:33:56.700,4641.8000,22647,0,222990420.000,0,-,-,-,-,4642.2000,4642.0000,4641.0000,4639.4000,4638.8000,4644.0000,4645.8000,4646.6000,4647.2000,4647.6000,2,2,2,1,1,1,1,1,1,2
SF,IF2103,2020-10-20 09:33:57.200,4641.8000,22647,0,222990420.000,0,-,-,-,-,4642.6000,4642.4000,4642.2000,4642.0000,4641.0000,4644.0000,4645.8000,4646.6000,4647.2000,4647.6000,1,1,1,1,2,1,1,1,1,2
SF,IF2103,2020-10-20 09:33:57.700,4642.4000,22646,-1,224383140.000,1,0,1,双平,S,4642.8000,4642.6000,4642.0000,4641.0000,4639.4000,4645.8000,4646.6000,4647.2000,4647.6000,4649.6000,1,1,1,2,1,1,1,1,1,3
SF,IF2103,2020-10-20 09:33:58.200,4642.4000,22646,0,224383140.000,0,-,-,-,-,4643.0000,4642.8000,4641.0000,4639.4000,4638.8000,4645.4000,4645.6000,4645.8000,4646.6000,4647.2000,1,1,2,1,1,1,1,1,1,1
SF,IF2103,2020-10-20 09:33:58.700,4642.4000,22646,0,224383140.000,0,-,-,-,-,4643.2000,4643.0000,4641.0000,4639.4000,4638.8000,4645.0000,4645.2000,4645.8000,4647.2000,4647.6000,1,2,2,1,1,2,1,1,1,1
SF,IF2103,2020-10-20 09:33:59.200,4642.4000,22646,0,224383140.000,0,-,-,-,-,4643.2000,4643.0000,4641.0000,4639.4000,4638.8000,4644.8000,4645.0000,4645.8000,4647.2000,4647.6000,1,1,2,1,1,1,2,1,1,1
SF,IF2103,2020-10-20 09:34:00.200,4642.4000,22646,0,224383140.000,0,-,-,-,-,4643.2000,4643.0000,4641.0000,4639.4000,4638.8000,4644.6000,4644.8000,4645.8000,4647.2000,4647.6000,1,1,2,1,1,2,1,1,1,1
SF,IF2103,2020-10-20 09:34:00.700,4642.4000,22646,0,224383140.000,0,-,-,-,-,4643.0000,4641.0000,4639.4000,4638.8000,4637.4000,4644.2000,4644.4000,4645.8000,4647.2000,4647.6000,1,2,1,1,2,2,2,1,1,1
SF,IF2103,2020-10-20 09:34:01.200,4642.4000,22646,0,224383140.000,0,-,-,-,-,4641.0000,4639.4000,4638.8000,4637.4000,4636.6000,4644.4000,4645.8000,4647.2000,4647.6000,4649.6000,2,1,1,2,1,2,1,1,1,3
SF,IF2103,2020-10-20 09:34:01.700,4642.4000,22646,0,224383140.000,0,-,-,-,-,4642.0000,4641.4000,4641.2000,4641.0000,4638.8000,4644.4000,4645.8000,4647.2000,4647.6000,4649.6000,1,1,5,4,1,2,1,1,1,3
SF,IF2103,2020-10-20 09:34:02.200,4642.4000,22646,0,224383140.000,0,-,-,-,-,4642.6000,4642.2000,4642.0000,4641.4000,4641.2000,4642.8000,4644.4000,4645.8000,4647.2000,4647.6000,1,2,2,1,2,1,1,1,1,1
SF,IF2103,2020-10-20 09:34:02.700,4642.8000,22645,-1,225775980.000,1,0,1,双平,S,4642.8000,4642.6000,4642.2000,4642.0000,4641.2000,4644.4000,4645.8000,4647.2000,4647.6000,4649.6000,1,1,1,2,2,1,1,1,1,3
SF,IF2103,2020-10-20 09:34:03.200,4642.8000,22645,0,225775980.000,0,-,-,-,-,4643.8000,4643.0000,4642.0000,4641.2000,4641.0000,4644.4000,4645.8000,4647.2000,4647.6000,4649.6000,1,1,2,2,3,1,1,1,1,3
SF,IF2103,2020-10-20 09:34:03.700,4643.8000,22645,0,227169120.000,1,0,1,多换,S,4642.0000,4641.0000,4638.8000,4637.4000,4636.6000,4644.4000,4645.8000,4647.2000,4647.6000,4649.6000,2,3,1,2,1,1,1,1,1,3
SF,IF2103,2020-10-20 09:34:04.200,4643.8000,22645,0,227169120.000,0,-,-,-,-,4642.4000,4642.2000,4642.0000,4641.0000,4638.8000,4644.4000,4645.8000,4647.2000,4647.6000,4649.6000,1,2,2,3,1,1,1,1,1,3
SF,IF2103,2020-10-20 09:34:04.700,4643.8000,22645,0,227169120.000,0,-,-,-,-,4642.6000,4642.4000,4642.2000,4642.0000,4641.0000,4644.4000,4645.8000,4647.2000,4647.6000,4649.6000,1,1,1,2,3,1,1,1,1,3
SF,IF2103,2020-10-20 09:34:05.200,4643.8000,22645,0,227169120.000,0,-,-,-,-,4642.6000,4641.0000,4638.8000,4637.4000,4636.6000,4644.0000,4644.4000,4645.8000,4647.2000,4647.6000,1,2,1,2,1,1,1,1,1,1
SF,IF2103,2020-10-20 09:34:05.700,4643.8000,22645,0,227169120.000,0,-,-,-,-,4641.0000,4638.8000,4637.4000,4636.6000,4636.0000,4643.6000,4643.8000,4644.0000,4645.8000,4647.2000,2,1,2,1,1,2,1,1,1,1
SF,IF2103,2020-10-20 09:34:06.200,4643.8000,22645,0,227169120.000,0,-,-,-,-,4641.2000,4641.0000,4638.8000,4637.4000,4636.6000,4643.4000,4644.4000,4645.8000,4647.2000,4647.6000,2,2,1,2,1,2,1,1,1,1
SF,IF2103,2020-10-20 09:34:06.700,4643.8000,22645,0,227169120.000,0,-,-,-,-,4641.2000,4641.0000,4638.8000,4637.4000,4636.6000,4643.2000,4643.4000,4644.4000,4645.8000,4647.2000,2,2,1,2,1,1,1,1,1,1
SF,IF2103,2020-10-20 09:34:07.200,4643.8000,22645,0,227169120.000,0,-,-,-,-,4641.2000,4641.0000,4638.8000,4637.4000,4636.6000,4643.0000,4643.2000,4644.4000,4645.8000,4646.6000,2,2,1,2,1,1,1,1,1,1
SF,IF2103,2020-10-20 09:34:07.700,4643.8000,22645,0,227169120.000,0,-,-,-,-,4641.2000,4641.0000,4638.8000,4637.4000,4636.6000,4643.0000,4644.4000,4645.8000,4646.6000,4647.2000,2,3,1,2,1,2,1,1,1,1
SF,IF2103,2020-10-20 09:34:08.200,4643.8000,22645,0,227169120.000,0,-,-,-,-,4641.2000,4641.0000,4638.8000,4637.4000,4636.6000,4643.0000,4644.4000,4645.8000,4646.6000,4647.2000,2,1,1,2,1,1,1,1,1,1
SF,IF2103,2020-10-20 09:34:08.700,4643.8000,22645,0,227169120.000,0,-,-,-,-,4641.2000,4641.0000,4638.8000,4637.4000,4636.6000,4643.0000,4644.4000,4645.8000,4646.6000,4647.2000,4,1,1,2,1,2,1,1,1,1
SF,IF2103,2020-10-20 09:34:09.200,4643.8000,22645,0,227169120.000,0,-,-,-,-,4641.2000,4641.0000,4638.8000,4637.4000,4636.6000,4644.4000,4645.8000,4646.6000,4647.2000,4647.6000,4,1,1,2,1,1,1,1,1,1
SF,IF2103,2020-10-20 09:34:09.700,4643.8000,22645,0,227169120.000,0,-,-,-,-,4641.2000,4641.0000,4638.8000,4637.4000,4636.6000,4644.2000,4644.4000,4645.8000,4646.6000,4647.2000,4,1,1,2,1,3,2,1,1,1
SF,IF2103,2020-10-20 09:34:10.200,4643.8000,22645,0,227169120.000,0,-,-,-,-,4641.2000,4641.0000,4638.8000,4637.4000,4636.6000,4644.0000,4644.2000,4644.4000,4645.8000,4646.6000,4,1,1,2,1,1,3,1,1,1
SF,IF2103,2020-10-20 09:34:10.700,4644.0000,22646,1,229955460.000,2,1,1,空开,S,4644.0000,4641.2000,4641.0000,4638.8000,4637.4000,4644.2000,4644.4000,4645.8000,4646.6000,4647.2000,3,4,1,1,2,2,1,1,1,1
SF,IF2103,2020-10-20 09:34:11.200,4644.0000,22646,0,234135060.000,3,1,2,多换,S,4641.4000,4641.2000,4641.0000,4638.8000,4637.4000,4644.2000,4644.4000,4645.8000,4646.6000,4647.2000,1,4,1,1,2,3,1,1,1,1
SF,IF2103,2020-10-20 09:34:11.700,4644.0000,22646,0,234135060.000,0,-,-,-,-,4641.6000,4641.4000,4641.2000,4641.0000,4638.8000,4644.2000,4644.4000,4645.8000,4646.6000,4647.2000,4,2,2,1,1,1,1,1,1,1
SF,IF2103,2020-10-20 09:34:12.200,4642.0000,22645,-1,238314240.000,3,1,2,多平,S,4641.8000,4641.6000,4641.2000,4641.0000,4638.8000,4645.8000,4646.6000,4647.2000,4647.6000,4649.6000,2,4,2,1,1,1,1,1,1,3
SF,IF2103,2020-10-20 09:34:12.700,4642.0000,22645,0,238314240.000,0,-,-,-,-,4642.6000,4642.2000,4642.0000,4641.8000,4641.6000,4645.4000,4645.6000,4645.8000,4646.6000,4647.2000,1,2,4,2,2,1,1,1,1,1
SF,IF2103,2020-10-20 09:34:13.200,4642.0000,22645,0,238314240.000,0,-,-,-,-,4643.0000,4642.8000,4642.6000,4642.2000,4642.0000,4645.2000,4645.4000,4647.2000,4647.6000,4649.6000,1,2,1,1,2,1,1,1,1,3
SF,IF2103,2020-10-20 09:34:13.700,4642.0000,22645,0,238314240.000,0,-,-,-,-,4643.2000,4643.0000,4642.2000,4642.0000,4641.8000,4645.4000,4647.2000,4647.6000,4649.6000,4653.4000,2,3,1,2,1,1,1,1,3,1
SF,IF2103,2020-10-20 09:34:14.200,4642.0000,22645,0,238314240.000,0,-,-,-,-,4643.4000,4643.2000,4643.0000,4642.0000,4641.8000,4645.4000,4647.2000,4647.6000,4649.6000,4653.4000,1,2,1,2,1,1,1,1,3,1
SF,IF2103,2020-10-20 09:34:14.700,4642.0000,22645,0,238314240.000,0,-,-,-,-,4643.6000,4643.4000,4643.0000,4642.0000,4641.8000,4645.4000,4647.2000,4647.6000,4649.6000,4653.4000,2,1,1,2,1,1,1,1,3,1
SF,IF2103,2020-10-20 09:34:15.200,4642.0000,22645,0,238314240.000,0,-,-,-,-,4643.8000,4643.6000,4643.0000,4642.0000,4641.8000,4645.4000,4647.2000,4647.6000,4649.6000,4653.4000,1,2,1,2,1,1,1,1,3,1
SF,IF2103,2020-10-20 09:34:15.700,4643.4000,22644,-1,239707260.000,1,0,1,双平,S,4643.8000,4643.6000,4643.0000,4642.0000,4641.8000,4645.2000,4645.4000,4647.2000,4649.4000,4649.6000,1,1,1,2,1,1,1,1,4,3
SF,IF2103,2020-10-20 09:34:16.200,4643.4000,22645,1,241100280.000,1,1,0,双开,S,4643.6000,4643.0000,4642.0000,4641.8000,4641.2000,4645.0000,4645.2000,4645.4000,4647.2000,4649.4000,1,1,2,1,2,1,1,1,1,4
SF,IF2103,2020-10-20 09:34:16.700,4643.4000,22645,0,241100280.000,0,-,-,-,-,4643.8000,4643.6000,4643.0000,4642.0000,4641.8000,4645.4000,4647.2000,4649.4000,4649.6000,4653.4000,1,1,1,2,1,1,1,4,3,1
SF,IF2103,2020-10-20 09:34:17.200,4642.0000,22641,-4,248064420.000,5,0,5,多平,S,4641.8000,4641.2000,4641.0000,4638.8000,4637.4000,4647.2000,4648.2000,4649.4000,4649.6000,4653.4000,1,2,1,1,2,1,2,4,3,1
SF,IF2103,2020-10-20 09:34:17.700,4642.0000,22641,0,248064420.000,0,-,-,-,-,4643.2000,4642.8000,4642.2000,4642.0000,4641.8000,4646.6000,4646.8000,4647.0000,4647.2000,4648.2000,1,2,1,5,1,1,1,1,1,2
SF,IF2103,2020-10-20 09:34:18.200,4642.0000,22641,0,248064420.000,0,-,-,-,-,4643.4000,4643.2000,4643.0000,4642.8000,4642.2000,4646.4000,4646.6000,4646.8000,4647.2000,4648.2000,3,1,1,1,1,1,1,1,1,2
SF,IF2103,2020-10-20 09:34:18.700,4642.0000,22641,0,248064420.000,0,-,-,-,-,4643.4000,4643.0000,4642.8000,4642.2000,4642.0000,4646.4000,4646.6000,4647.2000,4648.2000,4649.4000,3,1,2,1,3,1,1,1,2,4
SF,IF2103,2020-10-20 09:34:19.200,4642.0000,22641,0,248064420.000,0,-,-,-,-,4644.4000,4643.4000,4643.0000,4642.8000,4642.2000,4646.4000,4646.6000,4647.2000,4649.4000,4649.6000,1,3,1,1,1,2,1,1,4,3
SF,IF2103,2020-10-20 09:34:19.700,4642.0000,22641,0,248064420.000,0,-,-,-,-,4644.6000,4643.4000,4643.0000,4642.8000,4642.6000,4646.2000,4646.4000,4646.6000,4647.2000,4649.4000,1,1,2,1,1,2,1,1,1,4
SF,IF2103,2020-10-20 09:34:20.200,4642.0000,22641,0,248064420.000,0,-,-,-,-,4644.6000,4643.4000,4643.0000,4642.8000,4642.6000,4646.0000,4646.6000,4647.2000,4649.4000,4649.6000,1,1,2,1,1,3,1,1,4,3
SF,IF2103,2020-10-20 09:34:20.700,4642.0000,22641,0,248064420.000,0,-,-,-,-,4643.4000,4643.0000,4642.8000,4642.6000,4642.4000,4646.0000,4646.6000,4647.2000,4649.4000,4649.6000,1,2,1,1,2,3,1,1,4,3
SF,IF2103,2020-10-20 09:34:21.200,4642.0000,22641,0,248064420.000,0,-,-,-,-,4643.8000,4643.6000,4643.4000,4643.2000,4643.0000,4646.0000,4646.6000,4647.2000,4649.4000,4649.6000,1,2,1,1,2,1,1,1,4,3
SF,IF2103,2020-10-20 09:34:21.700,4642.0000,22641,0,248064420.000,0,-,-,-,-,4644.4000,4644.2000,4644.0000,4643.8000,4643.4000,4646.0000,4647.2000,4649.4000,4649.6000,4650.0000,1,1,2,1,1,1,1,4,3,5
SF,IF2103,2020-10-20 09:34:22.200,4646.0000,22640,-1,249458220.000,1,0,1,双平,S,4644.6000,4644.4000,4644.2000,4644.0000,4643.8000,4647.2000,4649.4000,4649.6000,4650.0000,4653.4000,1,1,1,1,1,1,4,3,5,1
SF,IF2103,2020-10-20 09:34:22.700,4646.0000,22640,0,249458220.000,0,-,-,-,-,4644.8000,4644.6000,4644.2000,4643.4000,4643.2000,4647.0000,4647.2000,4649.4000,4649.6000,4650.0000,2,1,1,1,1,1,1,4,3,5
SF,IF2103,2020-10-20 09:34:23.200,4646.0000,22640,0,249458220.000,0,-,-,-,-,4646.0000,4645.0000,4644.8000,4644.2000,4643.6000,4647.0000,4647.2000,4649.4000,4649.6000,4650.0000,1,2,1,1,1,2,1,4,3,5
SF,IF2103,2020-10-20 09:34:23.700,4646.0000,22640,0,250852020.000,1,0,1,多换,S,4645.0000,4644.8000,4644.2000,4643.6000,4643.4000,4647.0000,4647.2000,4648.2000,4649.4000,4649.6000,2,1,1,1,1,2,1,1,4,3
SF,IF2103,2020-10-20 09:34:24.200,4646.0000,22640,0,250852020.000,0,-,-,-,-,4645.0000,4644.2000,4643.6000,4643.4000,4643.2000,4646.8000,4647.0000,4647.2000,4648.2000,4649.4000,4,1,1,1,1,3,2,1,1,4
SF,IF2103,2020-10-20 09:34:24.700,4646.0000,22640,0,250852020.000,0,-,-,-,-,4645.0000,4643.6000,4643.4000,4643.2000,4643.0000,4646.6000,4646.8000,4647.2000,4648.2000,4649.4000,2,1,1,1,2,2,3,1,1,4
SF,IF2103,2020-10-20 09:34:25.200,4646.0000,22640,0,250852020.000,0,-,-,-,-,4645.0000,4643.6000,4643.4000,4643.2000,4643.0000,4646.4000,4646.6000,4646.8000,4647.2000,4648.2000,2,1,1,1,2,2,2,1,1,1
SF,IF2103,2020-10-20 09:34:25.700,4646.2000,22639,-1,252245880.000,1,0,1,双平,S,4645.0000,4643.6000,4643.4000,4643.2000,4643.0000,4646.4000,4646.6000,4646.8000,4647.2000,4648.2000,2,1,1,1,2,2,1,1,1,1
SF,IF2103,2020-10-20 09:34:26.200,4646.2000,22639,0,252245880.000,0,-,-,-,-,4645.2000,4645.0000,4643.6000,4643.4000,4643.2000,4646.4000,4646.6000,4646.8000,4647.2000,4648.2000,1,2,1,1,1,2,1,1,1,1
SF,IF2103,2020-10-20 09:34:26.700,4646.2000,22639,0,252245880.000,0,-,-,-,-,4645.2000,4645.0000,4643.6000,4643.4000,4643.2000,4646.2000,4647.2000,4648.2000,4649.4000,4649.6000,1,2,1,1,1,1,1,1,5,4
SF,IF2103,2020-10-20 09:34:27.700,4646.2000,22640,1,253639740.000,1,1,0,双开,S,4647.0000,4645.2000,4645.0000,4643.6000,4643.4000,4647.2000,4648.2000,4649.4000,4649.6000,4650.0000,4,2,2,1,1,1,1,5,4,5
SF,IF2103,2020-10-20 09:34:28.200,4647.0000,22640,0,259215900.000,4,2,2,多换,S,4645.2000,4645.0000,4643.6000,4643.2000,4643.0000,4646.6000,4646.8000,4647.2000,4648.2000,4649.4000,1,2,1,1,2,1,1,1,1,5
SF,IF2103,2020-10-20 09:34:28.700,4647.0000,22640,0,259215900.000,0,-,-,-,-,4645.2000,4645.0000,4643.4000,4643.0000,4642.6000,4646.2000,4646.4000,4646.6000,4647.2000,4648.2000,1,2,1,1,1,2,1,1,1,1
SF,IF2103,2020-10-20 09:34:29.200,4647.0000,22640,0,259215900.000,0,-,-,-,-,4645.2000,4645.0000,4643.4000,4643.0000,4642.6000,4646.4000,4646.8000,4647.0000,4647.2000,4649.4000,1,2,1,1,1,1,1,2,1,5
SF,IF2103,2020-10-20 09:34:29.700,4647.0000,22640,0,259215900.000,0,-,-,-,-,4645.4000,4645.2000,4645.0000,4643.4000,4643.0000,4645.8000,4646.8000,4647.0000,4647.2000,4649.4000,1,1,2,1,1,1,1,2,1,5
SF,IF2103,2020-10-20 09:34:30.200,4645.8000,22639,-1,260609640.000,1,0,1,双平,S,4645.2000,4645.0000,4643.4000,4643.0000,4642.6000,4646.8000,4647.0000,4647.2000,4649.4000,4649.6000,1,2,1,1,1,1,2,1,5,4
