市场代码,合约代码,时间,最新,持仓,增仓,成交额,成交量,开仓,平仓,成交类型,方向,买一价,买二价,买三价,买四价,买五价,卖一价,卖二价,卖三价,卖四价,卖五价,买一量,买二量,买三量,买四量,买五量,卖一量,卖二量,卖三量,卖四量,卖五量
SF,IF2103,2020-08-04 09:29:00.100,4647.8000,1962,0,5577360.000,4.000,-,-,-,-,4647.6000,4647.2000,4644.8000,4641.2000,4640.4000,4661.2000,4662.0000,4668.8000,4673.8000,4674.4000,4,1,1,1,2,1,1,1,1,1
SF,IF2103,2020-08-04 09:30:00.100,4647.8000,1962,0,5577360.000,0,-,-,-,-,4648.2000,4647.6000,4644.8000,4641.2000,4640.4000,4658.6000,4659.8000,4660.2000,4661.0000,4661.2000,1,4,1,1,2,2,1,1,1,1
SF,IF2103,2020-08-04 09:30:00.600,4647.8000,1962,0,5577360.000,0,-,-,-,-,4648.2000,4644.8000,4640.4000,4636.8000,4635.0000,4654.0000,4658.2000,4658.4000,4658.6000,4659.8000,1,1,2,1,1,1,3,4,2,1
SF,IF2103,2020-08-04 09:30:01.100,4647.8000,1962,0,5577360.000,0,-,-,-,-,4648.4000,4648.2000,4640.4000,4636.8000,4635.0000,4653.6000,4654.0000,4658.2000,4658.4000,4658.6000,2,1,2,1,1,2,1,1,1,2
SF,IF2103,2020-08-04 09:30:01.600,4647.8000,1963,1,6971700.000,1,1,0,双开,S,4648.4000,4648.2000,4640.4000,4635.0000,4625.2000,4653.6000,4654.0000,4658.0000,4658.2000,4658.6000,1,1,2,1,1,2,1,1,1,2
SF,IF2103,2020-08-04 09:30:02.100,4648.2000,1963,0,11155080.000,3,1,2,多换,S,4648.8000,4648.4000,4648.2000,4640.4000,4635.0000,4653.6000,4658.0000,4658.2000,4658.6000,4659.8000,1,1,1,2,1,2,1,1,2,1
SF,IF2103,2020-08-04 09:30:02.600,4648.2000,1963,0,11155080.000,0,-,-,-,-,4649.0000,4648.8000,4648.2000,4640.4000,4635.0000,4653.6000,4658.0000,4658.6000,4660.2000,4661.0000,1,1,1,2,1,2,1,2,1,1
SF,IF2103,2020-08-04 09:30:03.100,4648.2000,1963,0,11155080.000,0,-,-,-,-,4651.2000,4649.0000,4648.8000,4648.2000,4640.4000,4653.6000,4658.0000,4661.0000,4662.0000,4683.4000,1,1,1,1,2,2,1,1,1,1
SF,IF2103,2020-08-04 09:30:03.600,4648.2000,1962,-1,12549540.000,1,0,1,双平,S,4649.0000,4648.8000,4648.2000,4640.4000,4635.0000,4653.6000,4658.0000,4661.0000,4662.0000,4683.4000,1,1,1,2,1,2,1,1,1,1
SF,IF2103,2020-08-04 09:30:04.100,4648.2000,1962,0,12549540.000,0,-,-,-,-,4650.8000,4649.0000,4648.8000,4648.2000,4640.4000,4653.6000,4658.0000,4662.0000,4665.6000,4683.4000,1,1,1,2,2,2,1,1,1,1
SF,IF2103,2020-08-04 09:30:04.600,4650.6000,1961,-1,13944720.000,1,0,1,双平,S,4648.2000,4640.4000,4635.0000,4625.2000,4593.6000,4653.6000,4658.0000,4665.6000,4683.4000,4698.0000,2,2,1,1,1,2,1,1,1,2
SF,IF2103,2020-08-04 09:30:05.100,4650.6000,1961,0,13944720.000,0,-,-,-,-,4652.6000,4648.6000,4648.4000,4648.2000,4640.4000,4653.6000,4658.0000,4665.6000,4683.4000,4698.0000,1,1,1,1,2,2,1,1,1,2
SF,IF2103,2020-08-04 09:30:05.600,4650.6000,1961,0,13944720.000,0,-,-,-,-,4648.4000,4648.2000,4636.2000,4635.0000,4625.2000,4653.4000,4653.6000,4658.0000,4665.6000,4683.4000,1,3,1,1,1,1,2,1,1,1
SF,IF2103,2020-08-04 09:30:06.100,4650.6000,1961,0,13944720.000,0,-,-,-,-,4651.2000,4648.4000,4648.2000,4648.0000,4636.2000,4653.0000,4653.4000,4653.6000,4658.0000,4665.6000,1,1,3,1,1,1,1,1,1,1
SF,IF2103,2020-08-04 09:30:06.600,4651.0000,1960,-1,15340020.000,1,0,1,双平,S,4648.2000,4648.0000,4636.2000,4635.0000,4625.2000,4653.0000,4658.0000,4665.6000,4683.4000,4698.0000,3,1,1,1,1,2,1,1,1,2
SF,IF2103,2020-08-04 09:30:07.100,4651.0000,1960,0,15340020.000,0,-,-,-,-,4648.8000,4648.2000,4636.2000,4635.0000,4593.6000,4652.8000,4653.0000,4658.0000,4665.6000,4683.4000,1,2,1,1,1,1,2,1,1,1
SF,IF2103,2020-08-04 09:30:07.600,4651.0000,1960,0,15340020.000,0,-,-,-,-,4648.8000,4648.2000,4636.2000,4635.0000,4593.6000,4652.4000,4652.6000,4652.8000,4658.0000,4665.6000,1,2,1,1,1,1,1,1,1,1
SF,IF2103,2020-08-04 09:30:08.100,4648.8000,1959,-1,16734660.000,1,0,1,双平,S,4648.2000,4636.2000,4635.0000,4593.6000,4547.0000,4652.0000,4652.4000,4658.0000,4665.6000,4683.4000,2,1,1,1,1,1,1,1,1,1
SF,IF2103,2020-08-04 09:30:08.600,4648.8000,1959,0,16734660.000,0,-,-,-,-,4648.2000,4636.2000,4635.0000,4593.6000,4547.0000,4651.6000,4651.8000,4652.0000,4658.0000,4665.6000,2,1,1,1,1,1,1,1,1,1
SF,IF2103,2020-08-04 09:30:09.100,4648.2000,1958,-1,18129120.000,1,0,1,双平,S,4648.2000,4636.2000,4635.0000,4593.6000,4547.0000,4651.6000,4652.0000,4658.0000,4665.6000,4683.4000,1,1,1,1,1,1,1,1,1,1
SF,IF2103,2020-08-04 09:30:09.600,4648.2000,1958,0,19523580.000,1,0,1,多换,S,4636.2000,4635.0000,4593.6000,4547.0000,4540.8000,4651.4000,4651.6000,4658.0000,4665.6000,4683.4000,1,1,1,1,1,2,1,1,1,1
SF,IF2103,2020-08-04 09:30:10.100,4648.2000,1958,0,19523580.000,0,-,-,-,-,4647.8000,4643.8000,4643.6000,4636.6000,4636.4000,4650.8000,4651.0000,4651.2000,4651.4000,4658.0000,1,1,1,2,1,2,2,1,1,1
SF,IF2103,2020-08-04 09:30:10.600,4650.4000,1956,-2,23707380.000,3,0,3,多平,S,4643.6000,4636.6000,4636.2000,4635.0000,4593.6000,4650.4000,4650.8000,4651.0000,4658.0000,4665.6000,1,2,1,1,1,1,2,1,1,1
SF,IF2103,2020-08-04 09:30:11.100,4650.4000,1956,0,23707380.000,0,-,-,-,-,4643.8000,4643.6000,4636.6000,4636.2000,4635.0000,4650.2000,4650.4000,4650.8000,4651.0000,4658.0000,2,1,2,1,1,2,1,2,1,1
SF,IF2103,2020-08-04 09:30:11.600,4650.4000,1956,0,23707380.000,0,-,-,-,-,4643.8000,4643.6000,4636.6000,4636.2000,4635.0000,4649.8000,4650.2000,4650.8000,4658.0000,4665.6000,2,1,2,1,1,1,2,2,1,1
SF,IF2103,2020-08-04 09:30:12.100,4650.4000,1956,0,23707380.000,0,-,-,-,-,4644.4000,4643.8000,4643.6000,4636.6000,4636.2000,4648.2000,4649.6000,4649.8000,4650.2000,4650.8000,1,1,1,2,1,1,1,1,1,2
SF,IF2103,2020-08-04 09:30:12.600,4650.4000,1956,0,23707380.000,0,-,-,-,-,4644.6000,4644.4000,4643.6000,4636.6000,4636.2000,4648.2000,4649.8000,4650.2000,4650.8000,4651.0000,1,1,1,2,1,1,1,1,2,1
SF,IF2103,2020-08-04 09:30:13.100,4650.4000,1956,0,23707380.000,0,-,-,-,-,4644.6000,4644.4000,4636.6000,4636.2000,4635.0000,4648.2000,4649.8000,4650.2000,4653.0000,4658.0000,1,1,2,1,1,1,1,1,1,1
SF,IF2103,2020-08-04 09:30:14.100,4644.6000,1955,-1,25100760.000,1,0,1,双平,S,4644.4000,4636.6000,4636.2000,4635.0000,4593.6000,4648.2000,4649.8000,4650.2000,4653.0000,4658.0000,1,2,1,1,1,1,1,1,1,1
SF,IF2103,2020-08-04 09:30:14.600,4644.6000,1955,0,25100760.000,0,-,-,-,-,4645.0000,4636.6000,4636.2000,4635.0000,4593.6000,4648.0000,4648.2000,4649.8000,4653.0000,4658.0000,1,2,1,1,1,2,1,1,1,1
SF,IF2103,2020-08-04 09:30:15.100,4644.8000,1955,0,26494200.000,1,0,1,多换,S,4636.6000,4636.2000,4635.0000,4593.6000,4547.0000,4648.0000,4648.2000,4649.8000,4653.0000,4658.0000,2,1,1,1,1,2,1,1,1,1
SF,IF2103,2020-08-04 09:30:15.600,4644.8000,1955,0,26494200.000,0,-,-,-,-,4640.8000,4638.4000,4637.0000,4636.8000,4636.6000,4647.8000,4648.0000,4648.2000,4649.8000,4653.0000,1,1,1,1,2,1,1,1,1,1
SF,IF2103,2020-08-04 09:30:16.100,4644.8000,1955,0,26494200.000,0,-,-,-,-,4642.4000,4638.4000,4637.0000,4636.8000,4636.6000,4647.6000,4647.8000,4648.0000,4648.2000,4653.0000,1,1,1,1,2,2,1,1,1,1
SF,IF2103,2020-08-04 09:30:16.600,4647.4000,1955,0,27888420.000,1,0,1,多换,S,4641.2000,4638.4000,4637.0000,4636.8000,4636.6000,4647.6000,4647.8000,4648.0000,4648.2000,4653.0000,1,1,1,1,2,2,1,1,1,1
SF,IF2103,2020-08-04 09:30:17.100,4647.4000,1955,0,27888420.000,0,-,-,-,-,4641.4000,4638.4000,4637.0000,4636.6000,4636.2000,4647.4000,4647.6000,4648.2000,4653.0000,4658.0000,1,1,1,2,1,1,2,1,1,1
SF,IF2103,2020-08-04 09:30:17.600,4647.4000,1955,0,27888420.000,0,-,-,-,-,4641.6000,4638.4000,4637.0000,4636.6000,4636.2000,4646.8000,4647.0000,4647.4000,4648.2000,4653.0000,1,1,1,2,1,1,1,3,1,1
SF,IF2103,2020-08-04 09:30:18.100,4647.4000,1955,0,27888420.000,0,-,-,-,-,4641.6000,4638.4000,4637.0000,4636.6000,4636.2000,4646.4000,4646.6000,4646.8000,4647.2000,4647.4000,1,1,1,2,1,1,1,1,1,3
SF,IF2103,2020-08-04 09:30:18.600,4647.4000,1955,0,27888420.000,0,-,-,-,-,4641.6000,4638.4000,4637.0000,4636.6000,4636.2000,4646.4000,4647.4000,4648.2000,4648.4000,4658.0000,1,1,1,2,1,1,3,1,1,1
SF,IF2103,2020-08-04 09:30:19.100,4647.4000,1955,0,27888420.000,0,-,-,-,-,4641.8000,4641.6000,4638.4000,4637.0000,4636.6000,4646.2000,4646.4000,4647.4000,4648.2000,4649.8000,1,1,1,1,2,2,1,3,1,1
SF,IF2103,2020-08-04 09:30:19.600,4647.4000,1955,0,27888420.000,0,-,-,-,-,4641.8000,4641.6000,4638.4000,4637.0000,4636.6000,4645.8000,4646.2000,4647.4000,4648.2000,4649.8000,1,1,1,1,2,1,2,3,1,1
SF,IF2103,2020-08-04 09:30:20.100,4647.4000,1955,0,27888420.000,0,-,-,-,-,4641.8000,4638.4000,4637.0000,4636.6000,4636.0000,4645.8000,4646.2000,4647.4000,4648.2000,4649.8000,1,1,1,2,1,1,2,3,1,1
SF,IF2103,2020-08-04 09:30:20.600,4647.4000,1955,0,27888420.000,0,-,-,-,-,4641.8000,4638.4000,4637.0000,4636.6000,4636.0000,4645.8000,4646.2000,4647.4000,4648.2000,4649.8000,1,1,1,2,1,1,1,2,1,1
SF,IF2103,2020-08-04 09:30:21.100,4647.4000,1955,0,27888420.000,0,-,-,-,-,4642.0000,4641.8000,4638.4000,4637.0000,4636.6000,4645.8000,4647.4000,4648.2000,4649.8000,4658.0000,1,1,1,1,2,1,2,1,1,1
SF,IF2103,2020-08-04 09:30:21.600,4647.4000,1955,0,27888420.000,0,-,-,-,-,4642.2000,4642.0000,4641.8000,4638.4000,4637.0000,4645.8000,4647.4000,4648.2000,4649.8000,4658.0000,1,1,1,1,1,1,1,1,1,1
SF,IF2103,2020-08-04 09:30:22.100,4647.4000,1955,0,27888420.000,0,-,-,-,-,4642.2000,4641.8000,4638.4000,4637.0000,4636.6000,4648.2000,4658.0000,4665.6000,4670.0000,4683.4000,1,1,1,1,2,1,1,1,6,1
SF,IF2103,2020-08-04 09:30:22.600,4647.4000,1955,0,27888420.000,0,-,-,-,-,4642.8000,4642.4000,4642.2000,4641.8000,4638.4000,4647.8000,4648.0000,4648.2000,4658.0000,4665.6000,1,1,1,1,1,1,1,1,1,1
SF,IF2103,2020-08-04 09:30:23.100,4647.4000,1955,0,27888420.000,0,-,-,-,-,4643.6000,4642.8000,4642.2000,4641.8000,4638.4000,4647.8000,4648.2000,4657.6000,4658.0000,4665.6000,1,1,1,1,1,1,1,1,1,1
SF,IF2103,2020-08-04 09:30:23.600,4647.4000,1955,0,27888420.000,0,-,-,-,-,4643.8000,4642.8000,4641.8000,4638.4000,4637.0000,4648.0000,4648.2000,4657.6000,4658.0000,4665.6000,1,1,1,1,1,3,1,1,1,1
SF,IF2103,2020-08-04 09:30:24.100,4647.4000,1955,0,27888420.000,0,-,-,-,-,4643.8000,4642.8000,4641.8000,4638.4000,4637.0000,4647.8000,4648.0000,4648.2000,4657.6000,4658.0000,1,1,1,1,1,1,3,1,1,1
SF,IF2103,2020-08-04 09:30:24.600,4647.4000,1955,0,27888420.000,0,-,-,-,-,4643.8000,4641.8000,4638.4000,4637.0000,4636.6000,4648.0000,4648.2000,4657.6000,4658.0000,4665.6000,1,1,1,1,2,3,1,1,1,1
SF,IF2103,2020-08-04 09:30:25.100,4647.4000,1955,0,27888420.000,0,-,-,-,-,4643.8000,4641.8000,4638.4000,4637.0000,4636.6000,4647.8000,4648.0000,4648.2000,4657.6000,4658.0000,1,1,1,1,2,1,3,1,1,1
SF,IF2103,2020-08-04 09:30:25.600,4647.4000,1955,0,27888420.000,0,-,-,-,-,4644.0000,4641.8000,4638.4000,4637.0000,4636.6000,4647.6000,4647.8000,4648.0000,4648.2000,4657.6000,1,1,1,1,2,1,1,3,1,1
SF,IF2103,2020-08-04 09:30:26.100,4647.4000,1955,0,27888420.000,0,-,-,-,-,4644.0000,4641.8000,4638.4000,4637.0000,4636.6000,4647.6000,4648.0000,4648.2000,4657.6000,4658.0000,1,1,1,1,2,1,3,1,1,1
SF,IF2103,2020-08-04 09:30:26.600,4647.4000,1955,0,27888420.000,0,-,-,-,-,4641.8000,4638.4000,4637.0000,4636.6000,4636.0000,4647.4000,4647.6000,4648.0000,4648.2000,4657.6000,1,1,1,2,1,1,1,3,1,1
SF,IF2103,2020-08-04 09:30:27.100,4647.4000,1955,0,27888420.000,0,-,-,-,-,4644.4000,4642.0000,4641.8000,4638.4000,4636.6000,4647.4000,4648.0000,4648.2000,4657.6000,4658.0000,1,2,1,1,2,1,3,1,1,1
SF,IF2103,2020-08-04 09:30:27.600,4647.4000,1955,0,27888420.000,0,-,-,-,-,4642.0000,4641.8000,4638.4000,4636.6000,4636.0000,4647.4000,4648.0000,4648.2000,4657.6000,4658.0000,2,1,1,2,1,1,3,1,1,1
SF,IF2103,2020-08-04 09:30:28.100,4647.4000,1955,0,27888420.000,0,-,-,-,-,4642.8000,4642.0000,4641.8000,4638.4000,4636.6000,4648.0000,4648.2000,4657.6000,4658.0000,4665.6000,1,2,1,1,2,3,1,1,1,1
SF,IF2103,2020-08-04 09:30:28.600,4647.4000,1955,0,27888420.000,0,-,-,-,-,4642.8000,4642.0000,4641.8000,4638.4000,4636.6000,4647.8000,4648.0000,4648.2000,4657.6000,4658.0000,2,1,1,1,2,1,3,1,1,1
SF,IF2103,2020-08-04 09:30:29.100,4647.4000,1955,0,27888420.000,0,-,-,-,-,4644.0000,4643.6000,4643.2000,4643.0000,4642.8000,4648.0000,4648.2000,4657.6000,4658.0000,4665.6000,2,1,1,1,2,3,1,1,1,1
SF,IF2103,2020-08-04 09:30:29.600,4647.4000,1955,0,27888420.000,0,-,-,-,-,4643.6000,4643.2000,4643.0000,4642.8000,4638.4000,4648.0000,4648.2000,4657.6000,4658.0000,4665.6000,1,1,1,1,1,3,1,1,1,1
SF,IF2103,2020-08-04 09:30:30.100,4647.4000,1955,0,27888420.000,0,-,-,-,-,4644.4000,4643.8000,4643.6000,4643.0000,4636.6000,4648.0000,4648.2000,4657.6000,4658.0000,4665.6000,1,2,1,1,2,3,1,1,1,1
SF,IF2103,2020-08-04 09:30:30.600,4648.0000,1952,-3,32071620.000,3,0,3,双平,S,4644.4000,4643.8000,4643.6000,4643.0000,4636.6000,4648.2000,4657.6000,4658.0000,4665.6000,4670.0000,1,1,1,1,2,1,1,1,1,6
SF,IF2103,2020-08-04 09:30:31.100,4648.0000,1952,0,32071620.000,0,-,-,-,-,4644.6000,4643.6000,4636.6000,4616.8000,4547.0000,4648.2000,4657.6000,4658.0000,4665.6000,4670.0000,3,1,2,1,1,1,1,1,1,6
SF,IF2103,2020-08-04 09:30:31.600,4648.0000,1951,-1,33466020.000,1,0,1,双平,S,4648.0000,4644.8000,4644.6000,4636.6000,4616.8000,4648.2000,4657.6000,4658.0000,4665.6000,4670.0000,1,1,3,2,1,1,1,1,1,6
SF,IF2103,2020-08-04 09:30:32.100,4648.2000,1950,-1,36254880.000,2,0,2,多平,S,4648.8000,4644.8000,4644.6000,4636.6000,4616.8000,4657.6000,4658.0000,4665.6000,4670.0000,4709.0000,1,1,3,2,1,1,1,1,6,1
SF,IF2103,2020-08-04 09:30:32.600,4648.2000,1949,-1,37649340.000,1,0,1,双平,S,4649.0000,4644.6000,4636.6000,4616.8000,4547.0000,4654.0000,4657.2000,4657.4000,4657.6000,4658.0000,1,1,2,1,1,1,1,2,1,1
SF,IF2103,2020-08-04 09:30:33.100,4648.2000,1949,0,37649340.000,0,-,-,-,-,4644.6000,4636.6000,4616.8000,4547.0000,4540.8000,4647.2000,4653.6000,4654.0000,4657.4000,4657.6000,1,2,1,1,1,1,3,1,1,1
SF,IF2103,2020-08-04 09:30:33.600,4647.2000,1947,-2,40437660.000,2,0,2,双平,S,4646.6000,4644.8000,4636.6000,4616.8000,4547.0000,4647.2000,4653.4000,4653.6000,4654.0000,4657.6000,1,1,2,1,1,1,1,3,1,1
SF,IF2103,2020-08-04 09:30:34.100,4647.2000,1946,-1,41831820.000,1,0,1,双平,S,4645.2000,4644.8000,4636.6000,4616.8000,4547.0000,4653.4000,4653.6000,4654.0000,4657.6000,4658.0000,1,1,2,1,1,1,3,1,1,1
SF,IF2103,2020-08-04 09:30:34.600,4647.2000,1946,0,41831820.000,0,-,-,-,-,4648.4000,4647.6000,4645.4000,4645.2000,4644.8000,4653.0000,4653.2000,4653.6000,4654.0000,4657.6000,2,1,1,1,1,1,1,2,1,1
SF,IF2103,2020-08-04 09:30:35.100,4647.2000,1946,0,41831820.000,0,-,-,-,-,4648.4000,4645.4000,4645.2000,4636.6000,4616.8000,4653.0000,4653.2000,4653.6000,4654.0000,4657.6000,2,1,1,2,1,1,1,2,1,1
SF,IF2103,2020-08-04 09:30:35.600,4647.2000,1946,0,41831820.000,0,-,-,-,-,4636.6000,4616.8000,4547.0000,4540.8000,4536.0000,4652.2000,4652.8000,4653.0000,4653.2000,4653.6000,2,1,1,1,3,1,1,1,1,2
SF,IF2103,2020-08-04 09:30:36.100,4647.2000,1946,0,41831820.000,0,-,-,-,-,4645.2000,4643.6000,4642.0000,4637.0000,4636.6000,4651.8000,4652.0000,4652.6000,4653.2000,4653.6000,1,1,1,1,2,1,1,1,1,2
SF,IF2103,2020-08-04 09:30:36.600,4647.2000,1946,0,41831820.000,0,-,-,-,-,4644.8000,4643.6000,4637.0000,4636.6000,4616.8000,4651.6000,4651.8000,4652.6000,4653.2000,4653.6000,1,1,1,2,1,2,1,1,1,2
SF,IF2103,2020-08-04 09:30:37.100,4647.2000,1946,0,41831820.000,0,-,-,-,-,4647.4000,4646.2000,4646.0000,4643.6000,4637.0000,4651.2000,4651.6000,4652.6000,4653.2000,4653.6000,2,1,1,1,1,1,2,1,1,2
SF,IF2103,2020-08-04 09:30:37.600,4647.2000,1946,0,41831820.000,0,-,-,-,-,4647.4000,4646.0000,4643.6000,4637.0000,4636.6000,4651.2000,4653.2000,4654.0000,4657.6000,4658.0000,2,1,1,1,2,1,1,1,1,1
SF,IF2103,2020-08-04 09:30:38.100,4647.2000,1946,0,41831820.000,0,-,-,-,-,4647.4000,4643.6000,4637.0000,4636.6000,4616.8000,4651.0000,4651.2000,4653.2000,4654.0000,4657.6000,2,1,1,2,1,1,1,1,1,1
SF,IF2103,2020-08-04 09:30:38.600,4647.2000,1946,0,41831820.000,0,-,-,-,-,4647.6000,4643.6000,4637.0000,4636.6000,4616.8000,4651.0000,4651.2000,4653.2000,4654.0000,4657.6000,1,1,1,2,1,2,1,1,1,1
SF,IF2103,2020-08-04 09:30:39.100,4647.2000,1946,0,41831820.000,0,-,-,-,-,4647.6000,4643.6000,4637.0000,4636.6000,4616.8000,4651.0000,4651.2000,4653.2000,4654.0000,4657.6000,2,1,1,2,1,2,1,1,1,1
SF,IF2103,2020-08-04 09:30:39.600,4647.2000,1946,0,41831820.000,0,-,-,-,-,4647.6000,4643.6000,4637.0000,4636.6000,4616.8000,4650.8000,4651.0000,4653.2000,4654.0000,4654.6000,2,1,1,2,1,1,2,1,1,1
SF,IF2103,2020-08-04 09:30:40.100,4647.2000,1946,0,41831820.000,0,-,-,-,-,4647.6000,4643.6000,4637.0000,4636.6000,4616.8000,4650.8000,4651.0000,4653.2000,4654.0000,4654.6000,2,1,1,2,1,1,1,1,1,1
SF,IF2103,2020-08-04 09:30:40.600,4647.2000,1946,0,41831820.000,0,-,-,-,-,4647.6000,4643.6000,4637.0000,4636.6000,4616.8000,4650.6000,4650.8000,4651.0000,4653.2000,4654.0000,1,1,1,2,1,1,1,1,1,1
SF,IF2103,2020-08-04 09:30:41.100,4647.2000,1946,0,41831820.000,0,-,-,-,-,4647.6000,4643.6000,4637.0000,4636.6000,4616.8000,4650.2000,4650.6000,4651.0000,4653.2000,4654.0000,1,1,1,2,1,1,1,1,1,1
SF,IF2103,2020-08-04 09:30:41.600,4647.2000,1946,0,41831820.000,0,-,-,-,-,4643.6000,4637.0000,4636.6000,4616.8000,4547.0000,4650.2000,4651.0000,4653.2000,4654.0000,4654.6000,1,1,2,1,1,1,1,1,1,1
SF,IF2103,2020-08-04 09:30:42.100,4647.2000,1946,0,41831820.000,0,-,-,-,-,4643.8000,4643.6000,4637.0000,4636.6000,4616.8000,4650.0000,4650.2000,4651.0000,4653.2000,4654.0000,2,1,1,2,1,1,1,1,1,1
SF,IF2103,2020-08-04 09:30:42.600,4647.2000,1946,0,41831820.000,0,-,-,-,-,4647.2000,4645.2000,4643.8000,4643.6000,4637.0000,4649.6000,4649.8000,4650.0000,4651.0000,4653.2000,1,1,1,1,1,1,1,1,1,1
SF,IF2103,2020-08-04 09:30:43.100,4647.2000,1946,0,41831820.000,0,-,-,-,-,4645.2000,4643.6000,4637.0000,4636.6000,4616.8000,4649.6000,4651.0000,4653.2000,4654.0000,4654.6000,1,1,1,2,1,1,1,1,1,1
SF,IF2103,2020-08-04 09:30:43.600,4647.2000,1946,0,41831820.000,0,-,-,-,-,4645.2000,4643.6000,4637.0000,4636.6000,4616.8000,4649.4000,4649.6000,4651.0000,4653.2000,4654.0000,1,1,1,2,1,3,1,1,1,1
SF,IF2103,2020-08-04 09:30:44.100,4647.2000,1946,0,41831820.000,0,-,-,-,-,4637.0000,4636.6000,4616.8000,4547.0000,4540.8000,4649.0000,4649.4000,4651.0000,4653.2000,4654.0000,1,2,1,1,1,1,3,1,1,1
SF,IF2103,2020-08-04 09:30:44.600,4647.2000,1946,0,41831820.000,0,-,-,-,-,4640.8000,4638.4000,4637.4000,4637.2000,4637.0000,4648.8000,4649.0000,4649.4000,4651.0000,4653.2000,1,1,1,1,1,1,1,2,1,1
SF,IF2103,2020-08-04 09:30:45.100,4647.2000,1946,0,41831820.000,0,-,-,-,-,4643.2000,4640.8000,4639.2000,4638.4000,4637.4000,4648.4000,4648.6000,4648.8000,4651.0000,4653.2000,1,1,1,1,1,1,1,1,1,1
SF,IF2103,2020-08-04 09:30:45.600,4647.2000,1946,0,41831820.000,0,-,-,-,-,4643.2000,4640.8000,4639.2000,4638.4000,4637.4000,4648.4000,4648.8000,4651.0000,4654.6000,4657.6000,1,1,1,1,1,1,1,1,1,1
SF,IF2103,2020-08-04 09:30:46.100,4647.2000,1946,0,41831820.000,0,-,-,-,-,4644.0000,4643.8000,4643.2000,4640.8000,4639.2000,4648.2000,4648.4000,4648.8000,4654.6000,4657.6000,2,1,1,1,1,1,1,1,1,1
SF,IF2103,2020-08-04 09:30:46.600,4647.2000,1946,0,41831820.000,0,-,-,-,-,4644.0000,4643.8000,4643.2000,4640.8000,4639.2000,4647.6000,4647.8000,4648.2000,4654.6000,4657.6000,2,1,1,1,1,1,1,1,1,1
SF,IF2103,2020-08-04 09:30:47.100,4647.2000,1946,0,41831820.000,0,-,-,-,-,4644.0000,4643.8000,4643.2000,4640.8000,4639.2000,4645.2000,4647.2000,4647.6000,4654.6000,4657.6000,2,1,1,1,1,1,1,1,1,1
SF,IF2103,2020-08-04 09:30:47.600,4646.0000,1945,-1,43225620.000,1,0,1,双平,S,4644.0000,4643.8000,4643.2000,4640.8000,4639.2000,4647.2000,4654.6000,4657.6000,4658.0000,4665.6000,2,1,1,1,1,1,1,1,1,1
SF,IF2103,2020-08-04 09:30:48.100,4646.0000,1945,0,43225620.000,0,-,-,-,-,4644.2000,4644.0000,4640.8000,4639.2000,4638.4000,4647.2000,4654.6000,4657.6000,4658.0000,4665.6000,2,2,1,1,1,1,1,1,1,1
SF,IF2103,2020-08-04 09:30:48.600,4646.0000,1945,0,43225620.000,0,-,-,-,-,4644.2000,4640.8000,4639.2000,4638.4000,4637.4000,4647.2000,4654.6000,4657.6000,4658.0000,4665.6000,2,1,1,1,1,1,1,1,1,1
SF,IF2103,2020-08-04 09:30:49.100,4646.0000,1945,0,43225620.000,0,-,-,-,-,4644.2000,4640.8000,4639.2000,4638.4000,4637.4000,4654.6000,4657.6000,4658.0000,4665.6000,4670.0000,2,1,1,1,1,1,1,1,1,6
SF,IF2103,2020-08-04 09:30:49.600,4646.0000,1945,0,43225620.000,0,-,-,-,-,4644.6000,4644.4000,4644.2000,4640.8000,4638.4000,4654.0000,4654.2000,4654.4000,4654.6000,4657.6000,1,1,2,1,1,1,1,1,1,1
SF,IF2103,2020-08-04 09:30:50.100,4646.0000,1945,0,43225620.000,0,-,-,-,-,4644.8000,4644.6000,4644.2000,4640.8000,4638.4000,4653.6000,4654.0000,4654.6000,4657.6000,4658.0000,1,1,2,1,1,1,1,1,1,1
SF,IF2103,2020-08-04 09:30:50.600,4646.0000,1945,0,43225620.000,0,-,-,-,-,4644.8000,4644.6000,4644.2000,4640.8000,4638.4000,4651.6000,4653.4000,4653.6000,4654.0000,4654.6000,1,1,1,1,1,1,2,1,1,1
SF,IF2103,2020-08-04 09:30:51.100,4646.0000,1945,0,43225620.000,0,-,-,-,-,4644.8000,4644.6000,4644.2000,4640.8000,4638.4000,4650.2000,4650.8000,4651.2000,4653.4000,4654.0000,1,1,1,1,1,1,1,1,1,1
SF,IF2103,2020-08-04 09:30:51.600,4646.0000,1945,0,43225620.000,0,-,-,-,-,4644.8000,4644.2000,4640.8000,4638.4000,4637.4000,4648.8000,4649.8000,4650.0000,4650.2000,4650.8000,1,1,1,1,1,1,1,2,1,1
SF,IF2103,2020-08-04 09:30:52.100,4646.0000,1945,0,43225620.000,0,-,-,-,-,4644.2000,4640.8000,4638.4000,4637.4000,4637.2000,4648.4000,4650.0000,4650.2000,4650.8000,4651.4000,1,1,1,1,1,1,1,1,1,1
SF,IF2103,2020-08-04 09:30:52.600,4646.0000,1945,0,43225620.000,0,-,-,-,-,4644.2000,4640.8000,4638.4000,4637.4000,4637.2000,4648.2000,4648.4000,4650.0000,4650.2000,4650.8000,1,1,1,1,1,1,1,1,1,1
SF,IF2103,2020-08-04 09:30:53.100,4646.0000,1945,0,43225620.000,0,-,-,-,-,4640.8000,4638.4000,4637.4000,4637.2000,4637.0000,4647.8000,4648.2000,4650.0000,4650.2000,4650.8000,1,1,1,1,1,1,1,1,1,1
SF,IF2103,2020-08-04 09:30:53.600,4646.0000,1945,0,43225620.000,0,-,-,-,-,4640.8000,4638.4000,4637.4000,4637.2000,4637.0000,4647.2000,4647.6000,4647.8000,4650.0000,4650.2000,1,1,1,1,1,1,1,1,1,1
SF,IF2103,2020-08-04 09:30:54.100,4646.0000,1945,0,43225620.000,0,-,-,-,-,4643.4000,4641.0000,4638.4000,4637.4000,4637.2000,4646.8000,4647.0000,4647.2000,4650.0000,4650.2000,2,1,1,1,1,1,2,1,1,1
SF,IF2103,2020-08-04 09:30:54.600,4646.0000,1945,0,43225620.000,0,-,-,-,-,4643.4000,4642.2000,4641.4000,4641.0000,4638.4000,4646.8000,4647.2000,4650.0000,4650.2000,4653.4000,2,1,1,1,1,1,1,1,1,1
SF,IF2103,2020-08-04 09:30:55.100,4646.0000,1945,0,43225620.000,0,-,-,-,-,4642.2000,4641.4000,4641.0000,4638.4000,4637.4000,4646.6000,4646.8000,4647.2000,4650.0000,4650.2000,1,1,1,1,1,1,1,1,1,1
SF,IF2103,2020-08-04 09:30:55.600,4646.0000,1945,0,43225620.000,0,-,-,-,-,4641.4000,4638.4000,4637.4000,4637.2000,4637.0000,4646.2000,4646.4000,4646.6000,4647.2000,4650.0000,1,1,1,1,1,1,1,1,1,1
SF,IF2103,2020-08-04 09:30:56.100,4646.0000,1945,0,43225620.000,0,-,-,-,-,4641.8000,4641.4000,4638.4000,4637.4000,4637.2000,4646.2000,4646.6000,4647.2000,4650.0000,4650.2000,2,1,1,1,1,1,1,1,1,1
SF,IF2103,2020-08-04 09:30:56.600,4646.0000,1945,0,43225620.000,0,-,-,-,-,4642.6000,4641.8000,4641.4000,4638.4000,4637.4000,4646.0000,4646.2000,4646.6000,4647.2000,4650.0000,1,2,1,1,1,1,1,1,1,1
SF,IF2103,2020-08-04 09:30:57.100,4646.0000,1945,0,43225620.000,0,-,-,-,-,4641.4000,4638.4000,4637.4000,4637.2000,4637.0000,4645.6000,4646.0000,4646.6000,4650.0000,4650.2000,1,1,1,1,1,1,2,1,1,1
SF,IF2103,2020-08-04 09:30:57.600,4646.0000,1945,0,43225620.000,0,-,-,-,-,4641.4000,4638.4000,4637.4000,4637.2000,4637.0000,4645.6000,4646.0000,4646.6000,4650.0000,4653.4000,1,1,1,1,1,1,1,1,1,1
SF,IF2103,2020-08-04 09:30:58.100,4646.0000,1945,0,43225620.000,0,-,-,-,-,4641.4000,4638.4000,4637.4000,4637.2000,4637.0000,4645.4000,4645.6000,4646.0000,4648.6000,4650.0000,1,1,1,1,1,1,1,1,1,1
SF,IF2103,2020-08-04 09:30:58.600,4646.0000,1945,0,43225620.000,0,-,-,-,-,4642.0000,4641.6000,4641.4000,4638.4000,4637.4000,4645.0000,4645.4000,4646.0000,4648.6000,4650.0000,1,1,1,1,1,1,1,1,1,1
SF,IF2103,2020-08-04 09:30:59.100,4645.6000,1944,-1,44619300.000,1,0,1,双平,S,4642.0000,4641.4000,4637.4000,4637.2000,4637.0000,4645.0000,4646.0000,4648.6000,4650.0000,4653.4000,1,1,1,1,1,1,1,1,1,1
SF,IF2103,2020-08-04 09:30:59.600,4645.6000,1944,0,44619300.000,0,-,-,-,-,4642.0000,4641.4000,4637.4000,4637.2000,4637.0000,4644.8000,4645.0000,4646.0000,4648.6000,4650.0000,1,1,1,1,1,1,1,1,1,1
SF,IF2103,2020-08-04 09:31:00.100,4645.6000,1944,0,44619300.000,0,-,-,-,-,4643.2000,4642.0000,4641.4000,4637.4000,4637.2000,4644.8000,4645.0000,4646.0000,4648.6000,4650.0000,2,1,1,1,1,1,1,1,1,1
SF,IF2103,2020-08-04 09:31:00.600,4645.6000,1944,0,44619300.000,0,-,-,-,-,4641.4000,4637.4000,4637.2000,4637.0000,4616.8000,4644.8000,4645.0000,4648.6000,4650.0000,4653.4000,1,1,1,1,1,1,1,1,1,1
SF,IF2103,2020-08-04 09:31:01.100,4645.0000,1943,-1,46012800.000,1,0,1,双平,S,4641.4000,4637.4000,4637.2000,4637.0000,4616.8000,4645.0000,4648.6000,4650.0000,4653.4000,4654.6000,1,1,1,1,1,1,1,1,1,1
SF,IF2103,2020-08-04 09:31:02.100,4645.0000,1943,0,46012800.000,0,-,-,-,-,4641.4000,4637.4000,4637.2000,4637.0000,4616.8000,4648.6000,4650.0000,4653.4000,4654.6000,4657.6000,1,1,1,1,1,1,1,1,1,1
SF,IF2103,2020-08-04 09:31:02.600,4645.0000,1943,0,46012800.000,0,-,-,-,-,4641.8000,4641.4000,4637.4000,4637.2000,4637.0000,4648.2000,4648.4000,4648.6000,4650.0000,4653.4000,1,1,1,1,1,1,1,1,1,1
SF,IF2103,2020-08-04 09:31:03.100,4645.0000,1943,0,46012800.000,0,-,-,-,-,4641.8000,4637.4000,4637.2000,4637.0000,4616.8000,4648.0000,4648.2000,4648.4000,4648.6000,4650.0000,1,1,1,1,1,1,1,1,1,1
SF,IF2103,2020-08-04 09:31:03.600,4645.0000,1943,0,46012800.000,0,-,-,-,-,4641.8000,4637.4000,4637.2000,4637.0000,4616.8000,4644.2000,4646.2000,4647.6000,4648.0000,4648.4000,1,1,1,1,1,1,1,1,1,1
SF,IF2103,2020-08-04 09:31:04.100,4644.2000,1942,-1,47406060.000,1,0,1,双平,S,4637.4000,4637.2000,4637.0000,4616.8000,4547.0000,4646.2000,4647.0000,4647.6000,4648.0000,4648.4000,1,1,1,1,1,1,1,1,1,1
SF,IF2103,2020-08-04 09:31:04.600,4644.2000,1942,0,47406060.000,0,-,-,-,-,4640.6000,4638.4000,4637.8000,4637.6000,4637.4000,4645.8000,4646.2000,4648.4000,4648.6000,4650.0000,1,1,1,1,1,1,1,1,1,1
SF,IF2103,2020-08-04 09:31:05.100,4644.2000,1942,0,47406060.000,0,-,-,-,-,4640.6000,4638.4000,4637.8000,4637.6000,4637.4000,4645.8000,4648.4000,4648.6000,4654.6000,4657.6000,1,1,1,1,1,1,1,1,1,1
SF,IF2103,2020-08-04 09:31:05.600,4644.2000,1942,0,47406060.000,0,-,-,-,-,4642.8000,4642.0000,4641.2000,4640.8000,4640.6000,4648.4000,4648.6000,4654.6000,4657.6000,4658.0000,2,1,1,2,1,1,1,1,1,1
SF,IF2103,2020-08-04 09:31:06.100,4644.2000,1942,0,47406060.000,0,-,-,-,-,4642.0000,4641.2000,4640.8000,4640.6000,4638.4000,4648.4000,4648.6000,4654.6000,4657.6000,4658.0000,1,1,2,1,1,1,1,1,1,1
SF,IF2103,2020-08-04 09:31:06.600,4644.2000,1942,0,47406060.000,0,-,-,-,-,4645.8000,4643.2000,4642.4000,4642.2000,4642.0000,4647.6000,4648.4000,4648.6000,4654.6000,4657.6000,1,2,1,1,1,2,1,1,1,1
SF,IF2103,2020-08-04 09:31:07.100,4647.6000,1940,-2,51588360.000,3,0,3,多平,S,4642.4000,4642.2000,4642.0000,4641.2000,4638.4000,4648.4000,4648.6000,4654.6000,4657.6000,4658.0000,2,1,1,1,1,1,1,1,1,1
SF,IF2103,2020-08-04 09:31:07.600,4643.4000,1939,-1,52981380.000,1,0,1,双平,S,4642.6000,4642.4000,4642.0000,4641.2000,4638.4000,4648.4000,4648.6000,4654.6000,4657.6000,4658.0000,1,1,1,1,1,1,1,1,1,1
SF,IF2103,2020-08-04 09:31:08.100,4643.4000,1939,0,52981380.000,0,-,-,-,-,4643.6000,4643.0000,4642.6000,4638.4000,4637.4000,4648.4000,4648.6000,4654.6000,4657.6000,4658.0000,1,1,1,1,1,1,1,1,1,1
SF,IF2103,2020-08-04 09:31:08.600,4643.4000,1939,0,52981380.000,0,-,-,-,-,4643.6000,4643.0000,4642.6000,4638.4000,4637.4000,4648.4000,4648.6000,4654.6000,4657.6000,4658.0000,1,2,1,1,1,1,1,1,1,1
SF,IF2103,2020-08-04 09:31:09.100,4643.4000,1939,0,52981380.000,0,-,-,-,-,4644.0000,4643.6000,4643.0000,4642.6000,4638.4000,4648.2000,4648.4000,4648.6000,4654.6000,4657.6000,1,1,2,1,1,1,1,1,1,1
SF,IF2103,2020-08-04 09:31:09.600,4643.4000,1939,0,52981380.000,0,-,-,-,-,4644.0000,4643.6000,4642.6000,4638.4000,4637.4000,4647.8000,4648.2000,4648.6000,4654.6000,4657.6000,2,1,1,1,1,1,1,1,1,1
SF,IF2103,2020-08-04 09:31:10.100,4643.4000,1939,0,52981380.000,0,-,-,-,-,4644.0000,4643.6000,4638.4000,4637.4000,4637.2000,4648.2000,4648.6000,4651.2000,4654.6000,4657.6000,2,1,1,1,1,1,1,1,1,1
SF,IF2103,2020-08-04 09:31:10.600,4643.4000,1939,0,52981380.000,0,-,-,-,-,4645.0000,4644.0000,4643.6000,4638.4000,4637.4000,4648.6000,4651.2000,4654.6000,4657.6000,4658.0000,1,2,1,1,1,1,1,1,1,1
SF,IF2103,2020-08-04 09:31:11.100,4643.4000,1939,0,52981380.000,0,-,-,-,-,4645.0000,4644.8000,4644.0000,4643.6000,4638.4000,4648.6000,4651.2000,4654.6000,4657.6000,4658.0000,1,1,2,1,1,1,1,1,1,1
SF,IF2103,2020-08-04 09:31:11.600,4648.6000,1938,-1,54375960.000,1,0,1,双平,S,4645.2000,4645.0000,4644.8000,4644.0000,4643.6000,4651.2000,4654.6000,4657.6000,4658.0000,4670.0000,1,1,1,1,1,1,1,1,1,6
SF,IF2103,2020-08-04 09:31:12.100,4648.6000,1938,0,54375960.000,0,-,-,-,-,4645.4000,4645.2000,4645.0000,4644.8000,4644.0000,4651.2000,4654.6000,4657.6000,4658.0000,4670.0000,3,1,1,1,1,1,1,1,1,6
SF,IF2103,2020-08-04 09:31:12.600,4648.6000,1938,0,54375960.000,0,-,-,-,-,4645.8000,4645.4000,4644.8000,4644.0000,4643.6000,4651.2000,4654.6000,4657.6000,4658.0000,4670.0000,1,3,1,1,1,1,1,1,1,6
SF,IF2103,2020-08-04 09:31:13.100,4648.6000,1938,0,54375960.000,0,-,-,-,-,4646.2000,4646.0000,4645.8000,4645.4000,4644.8000,4651.2000,4654.6000,4657.6000,4658.0000,4670.0000,1,1,1,2,1,1,1,1,1,6
SF,IF2103,2020-08-04 09:31:13.600,4648.6000,1938,0,54375960.000,0,-,-,-,-,4646.8000,4646.6000,4646.4000,4646.2000,4646.0000,4651.2000,4654.6000,4657.6000,4658.0000,4670.0000,1,1,1,1,1,1,1,1,1,6
SF,IF2103,2020-08-04 09:31:14.100,4648.6000,1938,0,54375960.000,0,-,-,-,-,4647.2000,4646.8000,4646.4000,4646.0000,4645.4000,4651.2000,4654.6000,4657.6000,4658.0000,4670.0000,2,1,1,1,2,1,1,1,1,6
SF,IF2103,2020-08-04 09:31:14.600,4648.6000,1938,0,54375960.000,0,-,-,-,-,4647.2000,4646.8000,4646.4000,4645.4000,4644.8000,4651.2000,4654.6000,4657.6000,4658.0000,4670.0000,2,1,1,2,1,1,1,1,1,6
SF,IF2103,2020-08-04 09:31:15.100,4648.6000,1938,0,54375960.000,0,-,-,-,-,4647.8000,4647.2000,4646.4000,4645.4000,4644.8000,4651.2000,4654.6000,4657.6000,4658.0000,4670.0000,1,2,1,2,1,1,1,1,1,6
SF,IF2103,2020-08-04 09:31:15.600,4648.6000,1938,0,54375960.000,0,-,-,-,-,4648.2000,4647.8000,4647.2000,4646.4000,4645.4000,4651.2000,4654.6000,4657.6000,4658.0000,4670.0000,1,1,1,1,2,1,1,1,1,6
SF,IF2103,2020-08-04 09:31:16.100,4648.6000,1938,0,54375960.000,0,-,-,-,-,4648.2000,4647.2000,4646.4000,4645.4000,4644.8000,4651.2000,4654.6000,4657.6000,4658.0000,4670.0000,1,1,1,1,1,1,1,1,1,6
SF,IF2103,2020-08-04 09:31:16.600,4648.6000,1938,0,54375960.000,0,-,-,-,-,4648.2000,4647.2000,4645.4000,4644.8000,4637.2000,4651.2000,4654.6000,4657.6000,4658.0000,4670.0000,1,1,1,1,1,1,1,1,1,6
SF,IF2103,2020-08-04 09:31:17.100,4648.6000,1938,0,54375960.000,0,-,-,-,-,4648.2000,4647.2000,4644.8000,4637.2000,4616.8000,4651.2000,4654.6000,4657.6000,4658.0000,4670.0000,1,1,1,1,1,1,1,1,1,6
SF,IF2103,2020-08-04 09:31:18.100,4648.6000,1938,0,54375960.000,0,-,-,-,-,4647.2000,4644.8000,4637.2000,4616.8000,4547.0000,4651.2000,4654.6000,4657.6000,4658.0000,4670.0000,1,1,1,1,1,1,1,1,1,6
SF,IF2103,2020-08-04 09:31:18.600,4648.6000,1938,0,54375960.000,0,-,-,-,-,4647.4000,4644.8000,4637.2000,4616.8000,4547.0000,4650.8000,4651.2000,4654.6000,4657.6000,4658.0000,1,1,1,1,1,1,1,1,1,1
SF,IF2103,2020-08-04 09:31:19.600,4648.6000,1938,0,54375960.000,0,-,-,-,-,4644.8000,4637.2000,4616.8000,4547.0000,4540.8000,4651.2000,4654.6000,4657.6000,4658.0000,4670.0000,1,1,1,1,1,1,1,1,1,6
SF,IF2103,2020-08-04 09:31:20.100,4648.6000,1938,0,54375960.000,0,-,-,-,-,4645.0000,4644.8000,4637.2000,4616.8000,4547.0000,4651.0000,4651.2000,4654.6000,4657.6000,4658.0000,1,1,1,1,1,1,1,1,1,1
SF,IF2103,2020-08-04 09:31:20.600,4648.6000,1938,0,54375960.000,0,-,-,-,-,4646.0000,4645.0000,4644.8000,4637.2000,4616.8000,4650.6000,4651.0000,4651.2000,4654.6000,4657.6000,1,1,1,1,1,1,1,1,1,1
SF,IF2103,2020-08-04 09:31:21.100,4648.6000,1938,0,54375960.000,0,-,-,-,-,4644.8000,4637.2000,4616.8000,4547.0000,4540.8000,4650.6000,4651.0000,4651.2000,4654.6000,4657.6000,1,1,1,1,1,1,1,1,1,1
SF,IF2103,2020-08-04 09:31:21.600,4648.6000,1938,0,54375960.000,0,-,-,-,-,4644.8000,4637.2000,4616.8000,4547.0000,4540.8000,4650.2000,4650.4000,4650.6000,4651.2000,4654.6000,1,1,1,1,1,1,1,1,1,1
SF,IF2103,2020-08-04 09:31:22.100,4648.6000,1938,0,54375960.000,0,-,-,-,-,4645.8000,4644.8000,4637.2000,4616.8000,4547.0000,4650.2000,4650.4000,4650.6000,4651.2000,4654.6000,1,1,1,1,1,1,1,1,1,1
SF,IF2103,2020-08-04 09:31:22.600,4648.6000,1938,0,54375960.000,0,-,-,-,-,4646.0000,4645.8000,4644.8000,4637.2000,4616.8000,4650.2000,4650.6000,4651.2000,4654.6000,4657.6000,1,1,1,1,1,1,1,1,1,1
SF,IF2103,2020-08-04 09:31:23.100,4647.2000,1937,-1,55770120.000,1,0,1,双平,S,4646.0000,4644.8000,4637.2000,4616.8000,4547.0000,4650.2000,4651.2000,4654.6000,4657.6000,4658.0000,2,1,1,1,1,1,1,1,1,1
SF,IF2103,2020-08-04 09:31:24.600,4647.2000,1937,0,55770120.000,0,-,-,-,-,4646.0000,4644.8000,4637.2000,4616.8000,4547.0000,4650.2000,4651.2000,4654.6000,4657.6000,4658.0000,1,1,1,1,1,1,1,1,1,1
SF,IF2103,2020-08-04 09:31:27.600,4647.2000,1937,0,55770120.000,0,-,-,-,-,4646.6000,4646.0000,4644.8000,4637.2000,4616.8000,4650.2000,4651.2000,4654.6000,4657.6000,4658.0000,1,1,1,1,1,1,1,1,1,1
SF,IF2103,2020-08-04 09:31:28.100,4647.2000,1937,0,55770120.000,0,-,-,-,-,4646.6000,4646.0000,4644.8000,4637.2000,4616.8000,4650.2000,4651.2000,4654.6000,4657.6000,4658.0000,1,1,1,1,1,1,1,1,1,1
SF,IF2103,2020-08-04 09:31:28.600,4650.2000,1937,0,57165180.000,1,0,1,多换,S,4646.8000,4646.6000,4646.0000,4644.8000,4637.2000,4651.2000,4654.6000,4657.6000,4658.0000,4670.0000,1,1,1,1,1,1,1,1,1,6
SF,IF2103,2020-08-04 09:31:29.100,4650.2000,1937,0,57165180.000,0,-,-,-,-,4647.2000,4646.8000,4646.6000,4644.8000,4637.2000,4651.2000,4654.6000,4657.6000,4658.0000,4670.0000,1,1,1,1,1,1,1,1,1,6
SF,IF2103,2020-08-04 09:31:30.100,4650.2000,1937,0,57165180.000,0,-,-,-,-,4647.6000,4647.2000,4644.8000,4637.2000,4616.8000,4651.2000,4654.6000,4657.6000,4658.0000,4670.0000,1,1,1,1,1,1,1,1,1,6
SF,IF2103,2020-08-04 09:31:30.600,4650.2000,1937,0,57165180.000,0,-,-,-,-,4647.6000,4647.2000,4644.8000,4637.2000,4616.8000,4651.0000,4651.2000,4654.6000,4657.6000,4658.0000,1,1,1,1,1,1,2,1,1,1
SF,IF2103,2020-08-04 09:31:31.600,4650.2000,1937,0,57165180.000,0,-,-,-,-,4644.8000,4637.2000,4616.8000,4547.0000,4540.8000,4651.0000,4651.2000,4654.6000,4657.6000,4658.0000,1,1,1,1,1,1,2,1,1,1
SF,IF2103,2020-08-04 09:31:32.100,4650.2000,1937,0,57165180.000,0,-,-,-,-,4645.0000,4644.8000,4637.2000,4616.8000,4547.0000,4651.2000,4654.6000,4657.6000,4658.0000,4670.0000,1,1,1,1,1,2,1,1,1,6
SF,IF2103,2020-08-04 09:31:33.100,4650.2000,1937,0,57165180.000,0,-,-,-,-,4645.6000,4645.0000,4644.8000,4637.2000,4616.8000,4651.2000,4654.6000,4657.6000,4658.0000,4670.0000,1,1,1,1,1,2,1,1,1,6
SF,IF2103,2020-08-04 09:31:33.600,4650.2000,1937,0,57165180.000,0,-,-,-,-,4646.0000,4645.0000,4637.2000,4620.0000,4616.8000,4651.0000,4651.2000,4654.6000,4657.6000,4658.0000,1,1,1,1,1,1,2,1,1,1
SF,IF2103,2020-08-04 09:31:34.600,4650.2000,1937,0,57165180.000,0,-,-,-,-,4646.6000,4646.4000,4646.0000,4645.0000,4637.2000,4650.6000,4651.0000,4651.2000,4654.6000,4657.6000,1,1,1,1,1,1,1,2,1,1
SF,IF2103,2020-08-04 09:31:35.100,4646.4000,1936,-1,59953080.000,2,0,2,多平,S,4637.2000,4620.0000,4616.8000,4547.0000,4540.8000,4650.4000,4651.0000,4651.2000,4654.6000,4657.6000,1,1,1,1,1,1,1,2,1,1
SF,IF2103,2020-08-04 09:31:35.600,4646.4000,1936,0,59953080.000,0,-,-,-,-,4645.0000,4642.2000,4638.4000,4637.6000,4620.0000,4650.2000,4650.4000,4651.0000,4651.2000,4654.6000,1,1,1,2,1,1,1,1,2,1
SF,IF2103,2020-08-04 09:31:36.100,4646.4000,1936,0,59953080.000,0,-,-,-,-,4645.0000,4638.4000,4637.6000,4620.0000,4616.8000,4648.8000,4650.4000,4651.0000,4651.2000,4654.6000,1,1,2,1,1,1,1,1,2,1
SF,IF2103,2020-08-04 09:31:36.600,4645.0000,1936,0,61346580.000,1,0,1,多换,S,4638.4000,4637.6000,4620.0000,4616.8000,4547.0000,4648.4000,4648.8000,4649.0000,4650.4000,4651.0000,1,2,1,1,1,1,1,1,1,1
SF,IF2103,2020-08-04 09:31:37.100,4645.0000,1936,0,61346580.000,0,-,-,-,-,4639.6000,4638.4000,4637.6000,4620.0000,4616.8000,4648.0000,4648.2000,4648.4000,4648.8000,4650.4000,1,1,2,1,1,1,1,2,1,1
SF,IF2103,2020-08-04 09:31:37.600,4645.0000,1936,0,61346580.000,0,-,-,-,-,4638.4000,4637.6000,4620.0000,4616.8000,4547.0000,4647.0000,4647.8000,4648.0000,4648.4000,4648.8000,1,2,1,1,1,1,1,1,1,1
SF,IF2103,2020-08-04 09:31:38.100,4645.0000,1936,0,61346580.000,0,-,-,-,-,4640.4000,4639.2000,4638.4000,4637.6000,4620.0000,4646.8000,4647.0000,4648.0000,4648.8000,4650.4000,1,1,1,2,1,1,2,1,1,1
SF,IF2103,2020-08-04 09:31:38.600,4645.0000,1936,0,61346580.000,0,-,-,-,-,4640.4000,4639.4000,4639.2000,4638.4000,4637.6000,4646.8000,4647.0000,4648.0000,4648.8000,4650.4000,1,1,1,1,2,1,1,1,1,1
SF,IF2103,2020-08-04 09:31:39.100,4645.0000,1936,0,61346580.000,0,-,-,-,-,4640.4000,4639.4000,4639.2000,4638.4000,4637.6000,4646.4000,4646.8000,4647.0000,4648.0000,4648.8000,1,1,1,1,2,1,1,1,1,1
SF,IF2103,2020-08-04 09:31:39.600,4645.0000,1936,0,61346580.000,0,-,-,-,-,4640.4000,4639.4000,4637.6000,4620.0000,4616.8000,4645.8000,4646.2000,4647.0000,4648.0000,4648.8000,1,1,2,1,1,1,1,1,1,1
SF,IF2103,2020-08-04 09:31:40.100,4645.0000,1936,0,61346580.000,0,-,-,-,-,4637.6000,4620.0000,4616.8000,4547.0000,4540.8000,4645.8000,4646.2000,4647.0000,4648.0000,4648.8000,2,1,1,1,1,1,1,1,1,1
SF,IF2103,2020-08-04 09:31:40.600,4645.0000,1936,0,61346580.000,0,-,-,-,-,4620.0000,4616.8000,4547.0000,4540.8000,4536.0000,4644.8000,4645.6000,4648.0000,4648.8000,4650.4000,1,1,1,1,3,1,2,1,1,1
SF,IF2103,2020-08-04 09:31:41.100,4645.0000,1936,0,61346580.000,0,-,-,-,-,4635.2000,4633.2000,4620.4000,4620.2000,4620.0000,4642.8000,4644.6000,4644.8000,4645.6000,4648.8000,1,1,4,1,1,1,2,1,1,1
SF,IF2103,2020-08-04 09:31:41.600,4645.0000,1936,0,61346580.000,0,-,-,-,-,4635.2000,4633.2000,4620.4000,4620.2000,4620.0000,4642.6000,4642.8000,4644.6000,4644.8000,4645.6000,1,1,4,1,1,1,1,1,1,1
SF,IF2103,2020-08-04 09:31:42.100,4645.0000,1936,0,61346580.000,0,-,-,-,-,4636.4000,4633.2000,4620.4000,4620.2000,4620.0000,4642.6000,4644.8000,4645.6000,4650.4000,4651.0000,1,1,4,1,1,1,1,1,1,1
SF,IF2103,2020-08-04 09:31:42.600,4645.0000,1936,0,61346580.000,0,-,-,-,-,4635.2000,4633.2000,4620.4000,4620.2000,4620.0000,4642.6000,4650.4000,4651.0000,4651.2000,4654.6000,1,1,4,1,1,1,1,1,2,1
SF,IF2103,2020-08-04 09:31:43.600,4645.0000,1936,0,61346580.000,0,-,-,-,-,4635.6000,4635.2000,4633.2000,4620.4000,4620.2000,4642.6000,4650.4000,4651.0000,4651.2000,4654.6000,1,1,1,4,1,1,1,1,2,1
SF,IF2103,2020-08-04 09:31:44.100,4645.0000,1936,0,61346580.000,0,-,-,-,-,4636.4000,4635.6000,4635.2000,4633.2000,4620.4000,4642.6000,4650.4000,4651.0000,4651.2000,4654.6000,1,1,1,1,4,1,1,1,2,1
SF,IF2103,2020-08-04 09:31:44.600,4636.4000,1936,0,62737500.000,1,0,1,多换,S,4635.6000,4635.2000,4633.2000,4620.4000,4620.2000,4642.6000,4650.4000,4651.0000,4651.2000,4654.6000,1,1,1,4,1,1,1,1,2,1
SF,IF2103,2020-08-04 09:31:45.100,4636.4000,1936,0,62737500.000,0,-,-,-,-,4637.2000,4636.0000,4633.2000,4620.4000,4620.2000,4642.6000,4650.4000,4651.0000,4651.2000,4654.6000,2,1,1,4,1,1,1,1,2,1
SF,IF2103,2020-08-04 09:31:45.600,4636.4000,1936,0,62737500.000,0,-,-,-,-,4636.6000,4636.0000,4633.2000,4620.4000,4620.2000,4642.4000,4642.6000,4650.4000,4651.0000,4651.2000,1,1,1,4,1,1,1,1,1,1
SF,IF2103,2020-08-04 09:31:46.100,4636.4000,1936,0,62737500.000,0,-,-,-,-,4636.8000,4636.6000,4636.0000,4633.2000,4620.4000,4642.4000,4642.6000,4650.4000,4651.0000,4651.2000,1,1,1,1,4,1,1,1,1,1
SF,IF2103,2020-08-04 09:31:47.100,4636.4000,1936,0,62737500.000,0,-,-,-,-,4637.2000,4636.8000,4636.6000,4636.0000,4633.2000,4642.0000,4642.4000,4642.6000,4650.4000,4651.0000,1,1,1,1,1,1,1,1,1,1
SF,IF2103,2020-08-04 09:31:47.600,4636.4000,1936,0,62737500.000,0,-,-,-,-,4637.6000,4637.4000,4637.2000,4637.0000,4636.0000,4642.0000,4642.4000,4642.6000,4650.4000,4651.2000,1,1,2,1,1,1,1,1,1,1
SF,IF2103,2020-08-04 09:31:48.100,4636.4000,1936,0,62737500.000,0,-,-,-,-,4637.6000,4637.4000,4637.2000,4637.0000,4636.0000,4642.4000,4642.6000,4650.4000,4651.2000,4654.6000,1,1,2,1,1,1,1,1,1,1
SF,IF2103,2020-08-04 09:31:48.600,4636.4000,1936,0,62737500.000,0,-,-,-,-,4638.0000,4637.6000,4637.4000,4637.2000,4637.0000,4642.4000,4642.6000,4651.2000,4654.6000,4658.0000,1,1,1,1,1,1,1,1,1,1
SF,IF2103,2020-08-04 09:31:49.100,4642.6000,1934,-2,65523000.000,2,0,2,双平,S,4638.2000,4638.0000,4637.6000,4637.0000,4636.0000,4651.2000,4654.6000,4658.0000,4670.0000,4709.0000,1,2,1,1,1,1,1,1,6,1
SF,IF2103,2020-08-04 09:31:49.600,4642.6000,1934,0,65523000.000,0,-,-,-,-,4638.4000,4638.2000,4638.0000,4637.6000,4637.0000,4648.8000,4651.2000,4654.6000,4658.0000,4670.0000,3,2,2,1,1,1,1,1,1,6
SF,IF2103,2020-08-04 09:31:50.100,4642.6000,1934,0,65523000.000,0,-,-,-,-,4638.4000,4638.2000,4638.0000,4637.0000,4620.4000,4648.8000,4651.2000,4654.6000,4658.0000,4670.0000,3,2,2,1,4,1,1,1,1,6
SF,IF2103,2020-08-04 09:31:50.600,4642.6000,1934,0,65523000.000,0,-,-,-,-,4639.2000,4638.8000,4638.4000,4638.2000,4638.0000,4647.2000,4648.2000,4648.6000,4648.8000,4651.2000,1,1,2,1,1,1,1,1,1,1
SF,IF2103,2020-08-04 09:31:51.100,4642.6000,1934,0,65523000.000,0,-,-,-,-,4639.4000,4639.2000,4639.0000,4638.8000,4638.4000,4646.0000,4647.2000,4648.2000,4648.6000,4648.8000,1,1,1,1,1,1,1,1,1,1
SF,IF2103,2020-08-04 09:31:51.600,4642.6000,1934,0,65523000.000,0,-,-,-,-,4639.4000,4639.2000,4639.0000,4638.4000,4638.2000,4645.8000,4646.0000,4646.4000,4646.8000,4648.6000,2,1,1,1,1,2,1,1,1,1
SF,IF2103,2020-08-04 09:31:52.100,4642.6000,1934,0,65523000.000,0,-,-,-,-,4639.4000,4638.4000,4638.2000,4638.0000,4637.0000,4645.2000,4645.6000,4645.8000,4646.0000,4648.6000,2,1,1,1,1,1,1,2,1,1
SF,IF2103,2020-08-04 09:31:52.600,4642.6000,1934,0,65523000.000,0,-,-,-,-,4639.4000,4638.4000,4638.2000,4638.0000,4637.0000,4645.2000,4645.6000,4645.8000,4646.0000,4648.6000,2,1,1,1,1,1,1,1,1,1
SF,IF2103,2020-08-04 09:31:53.100,4642.6000,1934,0,65523000.000,0,-,-,-,-,4639.4000,4638.4000,4638.2000,4638.0000,4637.0000,4645.2000,4645.8000,4646.0000,4648.6000,4648.8000,2,1,1,1,1,1,1,1,1,1
SF,IF2103,2020-08-04 09:31:53.600,4642.6000,1934,0,65523000.000,0,-,-,-,-,4639.4000,4638.4000,4638.2000,4638.0000,4637.0000,4645.0000,4645.2000,4645.8000,4646.0000,4648.6000,2,1,1,1,1,1,1,1,1,1
SF,IF2103,2020-08-04 09:31:54.100,4642.6000,1934,0,65523000.000,0,-,-,-,-,4639.4000,4638.4000,4638.2000,4638.0000,4637.0000,4645.8000,4646.0000,4648.6000,4648.8000,4651.2000,2,1,1,1,1,1,1,1,1,1
SF,IF2103,2020-08-04 09:31:54.600,4642.6000,1934,0,65523000.000,0,-,-,-,-,4640.0000,4639.4000,4638.4000,4638.2000,4638.0000,4645.8000,4646.0000,4648.6000,4648.8000,4651.2000,1,2,1,1,1,1,1,1,1,1
SF,IF2103,2020-08-04 09:31:55.100,4642.6000,1934,0,65523000.000,0,-,-,-,-,4640.2000,4640.0000,4638.4000,4638.2000,4638.0000,4645.2000,4645.6000,4645.8000,4646.0000,4648.6000,1,1,1,1,1,1,1,1,1,1
SF,IF2103,2020-08-04 09:31:55.600,4642.6000,1934,0,65523000.000,0,-,-,-,-,4640.6000,4640.4000,4640.0000,4638.4000,4638.2000,4645.6000,4645.8000,4646.0000,4648.8000,4651.2000,1,1,1,1,1,1,1,1,1,1
SF,IF2103,2020-08-04 09:31:56.100,4642.6000,1934,0,65523000.000,0,-,-,-,-,4640.6000,4640.0000,4638.4000,4638.2000,4638.0000,4645.8000,4646.0000,4648.8000,4651.2000,4654.6000,1,1,1,1,1,1,1,1,1,1
SF,IF2103,2020-08-04 09:31:56.600,4642.6000,1934,0,65523000.000,0,-,-,-,-,4640.8000,4640.6000,4640.0000,4638.4000,4638.2000,4645.8000,4646.0000,4648.8000,4651.2000,4654.6000,1,1,1,1,1,1,1,2,1,1
SF,IF2103,2020-08-04 09:31:57.100,4642.6000,1934,0,65523000.000,0,-,-,-,-,4640.8000,4640.6000,4640.0000,4638.4000,4638.2000,4645.6000,4645.8000,4646.0000,4648.8000,4651.2000,1,1,1,1,1,1,1,1,2,1
SF,IF2103,2020-08-04 09:31:57.600,4642.6000,1934,0,65523000.000,0,-,-,-,-,4640.8000,4640.6000,4640.0000,4638.2000,4638.0000,4645.6000,4645.8000,4646.0000,4648.8000,4651.2000,1,1,1,1,1,1,1,1,2,1
SF,IF2103,2020-08-04 09:31:58.100,4642.6000,1934,0,65523000.000,0,-,-,-,-,4640.8000,4640.6000,4640.0000,4638.2000,4638.0000,4645.8000,4646.0000,4648.8000,4651.2000,4654.6000,1,1,1,1,1,1,1,2,1,1
SF,IF2103,2020-08-04 09:31:58.600,4642.6000,1934,0,65523000.000,0,-,-,-,-,4640.8000,4640.6000,4640.0000,4638.2000,4638.0000,4645.8000,4646.0000,4648.8000,4651.2000,4654.6000,1,1,1,1,1,1,1,2,1,1
SF,IF2103,2020-08-04 09:31:59.100,4642.6000,1934,0,65523000.000,0,-,-,-,-,4640.8000,4640.6000,4640.0000,4638.2000,4638.0000,4645.6000,4646.0000,4648.8000,4651.2000,4654.6000,1,1,1,1,1,1,1,2,1,1
SF,IF2103,2020-08-04 09:31:59.600,4642.6000,1934,0,65523000.000,0,-,-,-,-,4641.0000,4640.8000,4640.0000,4638.2000,4638.0000,4646.0000,4648.8000,4651.2000,4654.6000,4658.0000,1,1,1,1,1,1,2,1,1,1
SF,IF2103,2020-08-04 09:32:00.100,4642.6000,1934,0,65523000.000,0,-,-,-,-,4641.4000,4641.0000,4640.8000,4640.0000,4638.2000,4646.0000,4648.8000,4651.2000,4654.6000,4658.0000,1,2,1,1,1,1,2,1,1,1
SF,IF2103,2020-08-04 09:32:00.600,4642.6000,1934,0,65523000.000,0,-,-,-,-,4641.8000,4641.6000,4641.4000,4641.2000,4641.0000,4646.0000,4648.8000,4651.2000,4654.6000,4658.0000,1,1,1,1,1,2,2,1,1,1
SF,IF2103,2020-08-04 09:32:01.100,4642.6000,1934,0,65523000.000,0,-,-,-,-,4642.2000,4641.8000,4641.4000,4641.2000,4641.0000,4646.0000,4648.8000,4651.2000,4651.4000,4654.6000,1,2,1,1,1,2,1,1,1,1
SF,IF2103,2020-08-04 09:32:01.600,4646.0000,1933,-1,66916800.000,1,0,1,双平,S,4642.6000,4642.4000,4642.2000,4642.0000,4641.4000,4646.0000,4651.2000,4651.4000,4654.6000,4658.0000,1,1,1,1,1,1,1,1,1,1
SF,IF2103,2020-08-04 09:32:02.100,4646.0000,1932,-1,68310600.000,1,0,1,双平,S,4643.0000,4642.6000,4642.4000,4642.0000,4641.4000,4651.2000,4651.4000,4654.6000,4658.0000,4661.0000,1,2,1,1,1,1,1,1,1,6
SF,IF2103,2020-08-04 09:32:02.600,4646.0000,1932,0,68310600.000,0,-,-,-,-,4643.4000,4643.2000,4643.0000,4642.4000,4642.0000,4651.2000,4651.4000,4654.6000,4658.0000,4661.0000,1,1,1,1,1,1,1,1,1,6
SF,IF2103,2020-08-04 09:32:03.100,4646.0000,1932,0,68310600.000,0,-,-,-,-,4643.8000,4643.6000,4643.4000,4642.0000,4641.4000,4650.0000,4651.0000,4651.2000,4654.6000,4658.0000,1,1,1,1,1,1,1,1,1,1
SF,IF2103,2020-08-04 09:32:03.600,4646.0000,1932,0,68310600.000,0,-,-,-,-,4644.0000,4643.8000,4643.6000,4642.0000,4641.4000,4649.6000,4650.0000,4651.0000,4651.2000,4654.6000,2,1,1,1,1,2,1,1,1,1
SF,IF2103,2020-08-04 09:32:04.100,4646.0000,1932,0,68310600.000,0,-,-,-,-,4644.2000,4644.0000,4642.0000,4641.4000,4640.0000,4649.6000,4650.0000,4651.0000,4651.2000,4654.6000,1,2,1,1,1,3,1,1,1,1
SF,IF2103,2020-08-04 09:32:04.600,4646.0000,1932,0,68310600.000,0,-,-,-,-,4644.2000,4644.0000,4642.0000,4641.4000,4640.0000,4648.6000,4648.8000,4649.0000,4649.6000,4651.2000,1,1,1,1,1,1,1,1,2,1
SF,IF2103,2020-08-04 09:32:05.100,4646.0000,1932,0,68310600.000,0,-,-,-,-,4644.4000,4644.0000,4642.0000,4641.4000,4640.0000,4648.4000,4648.6000,4649.0000,4649.6000,4651.2000,1,1,1,1,1,1,1,1,1,1
SF,IF2103,2020-08-04 09:32:05.600,4646.0000,1932,0,68310600.000,0,-,-,-,-,4644.0000,4642.0000,4640.0000,4638.2000,4638.0000,4648.4000,4648.6000,4649.0000,4649.6000,4651.2000,1,1,1,1,1,2,1,1,1,1
SF,IF2103,2020-08-04 09:32:06.100,4646.0000,1932,0,68310600.000,0,-,-,-,-,4644.0000,4642.0000,4640.0000,4638.2000,4638.0000,4648.2000,4648.4000,4648.6000,4649.6000,4651.2000,1,1,1,1,1,1,2,1,1,1
SF,IF2103,2020-08-04 09:32:06.600,4646.0000,1932,0,68310600.000,0,-,-,-,-,4644.2000,4644.0000,4642.0000,4638.2000,4638.0000,4648.0000,4648.2000,4649.6000,4651.2000,4654.6000,3,1,1,1,1,1,1,1,1,1
SF,IF2103,2020-08-04 09:32:07.100,4646.0000,1932,0,68310600.000,0,-,-,-,-,4644.4000,4644.2000,4642.0000,4638.2000,4638.0000,4649.6000,4651.2000,4654.6000,4658.0000,4661.0000,1,3,1,1,1,1,1,1,1,6
SF,IF2103,2020-08-04 09:32:07.600,4646.0000,1932,0,68310600.000,0,-,-,-,-,4644.8000,4644.6000,4644.4000,4642.0000,4638.2000,4649.4000,4649.6000,4651.0000,4651.2000,4654.6000,1,1,1,1,1,2,1,1,1,1
SF,IF2103,2020-08-04 09:32:08.100,4646.0000,1932,0,68310600.000,0,-,-,-,-,4644.8000,4644.4000,4642.0000,4638.2000,4638.0000,4649.2000,4649.4000,4649.6000,4651.0000,4651.2000,1,1,1,1,1,1,2,1,1,1
SF,IF2103,2020-08-04 09:32:08.600,4646.0000,1932,0,68310600.000,0,-,-,-,-,4644.8000,4644.4000,4642.0000,4638.2000,4638.0000,4649.0000,4649.2000,4649.4000,4649.6000,4651.0000,1,1,1,1,1,2,1,1,1,1
SF,IF2103,2020-08-04 09:32:09.100,4646.0000,1932,0,68310600.000,0,-,-,-,-,4644.4000,4642.0000,4638.2000,4638.0000,4621.2000,4648.8000,4649.0000,4649.4000,4649.6000,4651.0000,1,1,1,1,1,1,2,1,1,1
SF,IF2103,2020-08-04 09:32:09.600,4646.0000,1932,0,68310600.000,0,-,-,-,-,4642.0000,4638.2000,4638.0000,4621.2000,4620.4000,4648.6000,4648.8000,4649.0000,4649.4000,4649.6000,1,1,1,1,1,3,2,1,1,1
SF,IF2103,2020-08-04 09:32:10.100,4646.0000,1932,0,68310600.000,0,-,-,-,-,4642.4000,4638.2000,4638.0000,4621.2000,4620.4000,4648.0000,4648.4000,4648.6000,4648.8000,4649.0000,2,1,1,1,1,1,1,3,2,1
SF,IF2103,2020-08-04 09:32:10.600,4646.0000,1932,0,68310600.000,0,-,-,-,-,4638.2000,4638.0000,4621.2000,4620.4000,4620.2000,4647.8000,4648.0000,4648.2000,4648.4000,4648.6000,1,1,1,1,1,1,1,2,1,1
SF,IF2103,2020-08-04 09:32:11.100,4646.0000,1932,0,68310600.000,0,-,-,-,-,4638.6000,4638.4000,4638.0000,4621.2000,4620.2000,4647.4000,4647.6000,4647.8000,4648.0000,4648.2000,4,2,1,1,1,1,2,1,1,1
SF,IF2103,2020-08-04 09:32:11.600,4646.0000,1932,0,68310600.000,0,-,-,-,-,4638.8000,4638.6000,4638.4000,4638.0000,4621.2000,4647.2000,4647.4000,4648.0000,4648.6000,4648.8000,1,5,1,1,1,2,1,1,1,1
SF,IF2103,2020-08-04 09:32:12.100,4646.0000,1932,0,68310600.000,0,-,-,-,-,4639.2000,4639.0000,4638.8000,4638.6000,4638.4000,4645.8000,4646.0000,4647.0000,4647.2000,4648.6000,3,1,1,1,1,1,1,2,2,1
SF,IF2103,2020-08-04 09:32:12.600,4646.0000,1932,0,68310600.000,0,-,-,-,-,4639.4000,4639.2000,4639.0000,4638.6000,4638.4000,4645.6000,4645.8000,4646.0000,4647.0000,4647.2000,1,3,1,1,1,1,1,1,2,1
SF,IF2103,2020-08-04 09:32:13.100,4646.0000,1932,0,68310600.000,0,-,-,-,-,4639.8000,4639.4000,4639.2000,4638.6000,4638.0000,4645.4000,4645.6000,4645.8000,4646.0000,4647.0000,2,1,1,1,1,2,1,1,1,2
SF,IF2103,2020-08-04 09:32:13.600,4646.0000,1932,0,68310600.000,0,-,-,-,-,4640.0000,4639.8000,4639.2000,4638.6000,4638.0000,4645.0000,4645.4000,4645.6000,4645.8000,4647.0000,1,2,1,1,1,1,2,1,1,1
SF,IF2103,2020-08-04 09:32:14.100,4646.0000,1932,0,68310600.000,0,-,-,-,-,4639.8000,4639.2000,4638.6000,4621.2000,4620.2000,4644.8000,4645.0000,4645.6000,4645.8000,4647.0000,2,1,1,1,1,1,1,1,1,1
SF,IF2103,2020-08-04 09:32:14.600,4646.0000,1932,0,68310600.000,0,-,-,-,-,4640.2000,4640.0000,4639.8000,4639.2000,4638.6000,4644.8000,4645.6000,4645.8000,4647.0000,4648.8000,1,1,1,1,1,2,1,1,1,1
SF,IF2103,2020-08-04 09:32:15.100,4646.0000,1932,0,68310600.000,0,-,-,-,-,4640.4000,4639.2000,4638.6000,4621.2000,4620.2000,4644.8000,4645.8000,4648.8000,4651.2000,4654.6000,1,1,1,1,1,1,1,1,1,1
SF,IF2103,2020-08-04 09:32:15.600,4646.0000,1932,0,68310600.000,0,-,-,-,-,4639.2000,4638.6000,4621.2000,4620.2000,4620.0000,4644.4000,4644.6000,4644.8000,4645.0000,4645.8000,1,1,1,1,1,1,1,1,1,1
SF,IF2103,2020-08-04 09:32:16.100,4646.0000,1932,0,68310600.000,0,-,-,-,-,4638.6000,4621.2000,4620.2000,4620.0000,4616.8000,4644.2000,4644.4000,4644.6000,4645.0000,4645.8000,1,1,1,1,1,1,1,1,1,1
SF,IF2103,2020-08-04 09:32:16.600,4646.0000,1932,0,68310600.000,0,-,-,-,-,4621.2000,4620.2000,4620.0000,4616.8000,4588.0000,4644.2000,4644.6000,4645.8000,4648.8000,4651.2000,1,1,1,1,1,1,1,1,1,1
SF,IF2103,2020-08-04 09:32:17.100,4646.0000,1932,0,68310600.000,0,-,-,-,-,4635.6000,4633.2000,4621.6000,4621.4000,4621.2000,4643.6000,4643.8000,4644.0000,4644.2000,4644.6000,1,1,4,2,1,2,1,3,1,1
SF,IF2103,2020-08-04 09:32:17.600,4646.0000,1932,0,68310600.000,0,-,-,-,-,4636.0000,4635.8000,4635.6000,4633.2000,4623.2000,4643.4000,4643.6000,4644.0000,4645.8000,4651.2000,2,2,1,1,1,1,1,3,1,1
SF,IF2103,2020-08-04 09:32:18.100,4646.0000,1932,0,68310600.000,0,-,-,-,-,4636.2000,4636.0000,4635.6000,4633.2000,4621.6000,4643.4000,4643.6000,4644.0000,4645.8000,4651.2000,2,2,1,1,2,1,1,2,1,1
SF,IF2103,2020-08-04 09:32:18.600,4646.0000,1932,0,68310600.000,0,-,-,-,-,4636.6000,4636.4000,4636.2000,4635.6000,4633.2000,4643.4000,4643.6000,4644.0000,4645.8000,4651.2000,3,1,2,1,1,1,1,2,1,1
SF,IF2103,2020-08-04 09:32:19.100,4646.0000,1932,0,68310600.000,0,-,-,-,-,4640.0000,4636.8000,4636.6000,4636.4000,4635.6000,4643.6000,4644.0000,4645.8000,4651.2000,4654.6000,1,2,3,1,1,1,2,1,1,1
SF,IF2103,2020-08-04 09:32:19.600,4646.0000,1932,0,68310600.000,0,-,-,-,-,4640.0000,4636.8000,4636.6000,4636.4000,4635.6000,4643.4000,4643.6000,4644.0000,4645.8000,4651.2000,1,3,3,1,1,1,1,1,1,1
SF,IF2103,2020-08-04 09:32:20.100,4646.0000,1932,0,68310600.000,0,-,-,-,-,4640.0000,4636.8000,4636.6000,4636.4000,4633.0000,4643.4000,4645.8000,4651.2000,4654.6000,4658.0000,1,3,3,1,2,1,1,1,1,1
SF,IF2103,2020-08-04 09:32:20.600,4646.0000,1932,0,68310600.000,0,-,-,-,-,4640.2000,4640.0000,4636.8000,4636.6000,4636.4000,4643.4000,4651.2000,4654.6000,4658.0000,4661.0000,1,1,2,2,1,1,1,1,1,6
SF,IF2103,2020-08-04 09:32:21.100,4646.0000,1932,0,68310600.000,0,-,-,-,-,4640.2000,4640.0000,4636.8000,4636.6000,4636.4000,4651.2000,4654.6000,4658.0000,4661.0000,4709.0000,1,1,2,2,1,1,1,1,6,1
SF,IF2103,2020-08-04 09:32:21.600,4646.0000,1932,0,68310600.000,0,-,-,-,-,4640.4000,4640.0000,4636.8000,4636.6000,4633.0000,4648.8000,4651.0000,4651.2000,4654.6000,4658.0000,1,1,1,2,2,1,3,1,1,1
SF,IF2103,2020-08-04 09:32:22.100,4646.0000,1932,0,68310600.000,0,-,-,-,-,4640.4000,4640.0000,4636.8000,4633.0000,4627.4000,4646.0000,4648.6000,4648.8000,4650.4000,4651.0000,3,1,1,2,1,1,1,1,1,2
SF,IF2103,2020-08-04 09:32:22.600,4646.0000,1932,0,68310600.000,0,-,-,-,-,4640.6000,4640.4000,4640.0000,4636.8000,4633.0000,4645.8000,4646.0000,4646.4000,4648.8000,4651.0000,2,3,1,1,2,1,2,1,1,2
SF,IF2103,2020-08-04 09:32:23.100,4646.0000,1932,0,68310600.000,0,-,-,-,-,4641.0000,4640.6000,4640.4000,4640.0000,4636.8000,4644.8000,4646.0000,4646.4000,4648.8000,4651.0000,2,2,1,1,1,1,2,1,1,1
SF,IF2103,2020-08-04 09:32:23.600,4646.0000,1932,0,68310600.000,0,-,-,-,-,4641.2000,4641.0000,4640.8000,4640.6000,4640.0000,4646.0000,4646.4000,4648.8000,4651.2000,4654.6000,2,2,1,1,1,1,1,1,1,1
SF,IF2103,2020-08-04 09:32:24.100,4646.0000,1932,0,68310600.000,0,-,-,-,-,4641.6000,4641.4000,4641.2000,4640.0000,4636.8000,4645.8000,4646.4000,4648.8000,4651.2000,4654.6000,1,1,2,1,1,1,1,1,1,1
SF,IF2103,2020-08-04 09:32:24.600,4646.0000,1932,0,68310600.000,0,-,-,-,-,4641.8000,4641.6000,4641.4000,4640.0000,4636.8000,4645.6000,4646.4000,4648.8000,4651.2000,4654.6000,1,1,1,1,1,1,1,1,1,1
SF,IF2103,2020-08-04 09:32:25.100,4646.0000,1932,0,68310600.000,0,-,-,-,-,4641.8000,4641.6000,4641.4000,4640.0000,4636.8000,4645.6000,4646.4000,4648.8000,4651.2000,4654.6000,1,1,1,1,1,1,1,1,1,1
SF,IF2103,2020-08-04 09:32:25.600,4641.6000,1933,1,69703080.000,1,1,0,双开,S,4641.4000,4640.0000,4636.8000,4633.0000,4621.6000,4645.4000,4645.6000,4646.4000,4648.8000,4651.2000,1,1,1,2,1,1,1,1,1,1
SF,IF2103,2020-08-04 09:32:26.100,4641.6000,1933,0,69703080.000,0,-,-,-,-,4640.0000,4636.8000,4633.0000,4621.6000,4621.2000,4645.2000,4645.4000,4645.6000,4646.4000,4648.8000,1,1,2,1,1,1,1,1,1,1
SF,IF2103,2020-08-04 09:32:26.600,4641.6000,1933,0,69703080.000,0,-,-,-,-,4640.0000,4636.8000,4633.0000,4621.6000,4621.2000,4645.0000,4645.2000,4645.6000,4646.4000,4648.8000,1,1,2,1,1,2,1,1,1,1
SF,IF2103,2020-08-04 09:32:27.100,4641.6000,1933,0,69703080.000,0,-,-,-,-,4640.0000,4636.8000,4633.0000,4621.6000,4621.2000,4645.0000,4645.2000,4645.6000,4646.4000,4648.8000,1,1,2,1,1,3,1,1,1,1
SF,IF2103,2020-08-04 09:32:28.600,4641.6000,1933,0,69703080.000,0,-,-,-,-,4640.0000,4636.8000,4633.0000,4621.6000,4621.2000,4645.0000,4645.2000,4645.6000,4646.4000,4648.8000,1,1,2,1,1,3,1,1,1,1
SF,IF2103,2020-08-04 09:32:30.100,4641.6000,1933,0,69703080.000,0,-,-,-,-,4640.0000,4636.8000,4633.0000,4621.6000,4621.2000,4644.0000,4645.0000,4645.2000,4645.6000,4646.4000,1,1,2,1,1,1,3,1,1,1
SF,IF2103,2020-08-04 09:32:30.600,4641.6000,1933,0,69703080.000,0,-,-,-,-,4640.0000,4636.8000,4633.0000,4621.6000,4621.2000,4643.6000,4643.8000,4644.0000,4645.2000,4645.6000,1,1,2,1,1,1,1,1,1,1
SF,IF2103,2020-08-04 09:32:31.100,4641.6000,1933,0,69703080.000,0,-,-,-,-,4640.0000,4636.8000,4633.0000,4621.6000,4621.2000,4643.4000,4643.6000,4643.8000,4645.2000,4645.6000,1,1,2,1,1,1,1,1,1,1
SF,IF2103,2020-08-04 09:32:31.600,4641.6000,1933,0,69703080.000,0,-,-,-,-,4640.0000,4636.8000,4633.0000,4621.6000,4621.2000,4643.0000,4643.4000,4645.2000,4645.6000,4646.4000,1,1,2,1,1,1,1,1,1,1
SF,IF2103,2020-08-04 09:32:32.100,4641.6000,1933,0,69703080.000,0,-,-,-,-,4640.0000,4636.8000,4633.0000,4621.6000,4621.2000,4642.8000,4643.0000,4643.2000,4645.2000,4645.6000,1,1,2,1,1,1,1,1,1,1
SF,IF2103,2020-08-04 09:32:32.600,4641.6000,1933,0,69703080.000,0,-,-,-,-,4640.0000,4636.8000,4633.0000,4621.6000,4621.2000,4642.4000,4642.8000,4645.2000,4645.6000,4646.4000,1,1,2,1,1,1,1,1,1,1
SF,IF2103,2020-08-04 09:32:35.100,4640.0000,1933,0,71095080.000,1,0,1,多换,S,4636.8000,4633.0000,4621.6000,4621.2000,4620.2000,4642.4000,4642.8000,4645.2000,4645.6000,4646.4000,1,2,1,1,1,1,1,1,1,1
SF,IF2103,2020-08-04 09:32:35.600,4640.0000,1933,0,71095080.000,0,-,-,-,-,4637.0000,4633.0000,4621.6000,4621.2000,4620.2000,4640.0000,4642.2000,4642.4000,4645.2000,4645.6000,1,2,1,1,1,1,1,1,1,1
SF,IF2103,2020-08-04 09:32:36.100,4640.0000,1933,0,71095080.000,0,-,-,-,-,4637.2000,4637.0000,4633.0000,4621.6000,4621.2000,4640.0000,4642.2000,4642.4000,4645.2000,4645.6000,1,1,2,1,1,1,2,1,1,1
SF,IF2103,2020-08-04 09:32:36.600,4640.0000,1933,0,71095080.000,0,-,-,-,-,4637.4000,4637.2000,4633.0000,4621.6000,4621.2000,4640.0000,4642.2000,4642.4000,4642.8000,4645.2000,1,1,2,1,1,1,1,1,1,1
SF,IF2103,2020-08-04 09:32:37.100,4640.0000,1933,0,71095080.000,0,-,-,-,-,4637.4000,4637.2000,4633.0000,4621.6000,4621.2000,4640.0000,4642.2000,4642.4000,4642.8000,4645.2000,1,1,2,1,1,1,1,1,1,1
SF,IF2103,2020-08-04 09:32:37.600,4640.0000,1933,0,71095080.000,0,-,-,-,-,4637.4000,4633.0000,4621.6000,4621.2000,4620.2000,4640.0000,4642.2000,4642.4000,4642.8000,4645.2000,1,2,1,1,1,1,1,1,1,1
SF,IF2103,2020-08-04 09:32:39.600,4640.0000,1933,0,71095080.000,0,-,-,-,-,4637.4000,4633.0000,4621.6000,4621.2000,4620.2000,4639.8000,4640.0000,4642.2000,4642.8000,4645.2000,1,2,1,1,1,1,1,1,1,1
SF,IF2103,2020-08-04 09:32:40.100,4640.0000,1933,0,71095080.000,0,-,-,-,-,4633.0000,4621.6000,4621.2000,4620.2000,4620.0000,4639.6000,4639.8000,4640.0000,4642.8000,4645.2000,2,1,1,1,1,1,1,1,1,1
SF,IF2103,2020-08-04 09:32:40.600,4640.0000,1933,0,71095080.000,0,-,-,-,-,4633.8000,4633.4000,4633.2000,4633.0000,4621.6000,4639.2000,4639.4000,4640.0000,4642.8000,4645.2000,1,1,2,2,1,1,1,1,1,1
SF,IF2103,2020-08-04 09:32:41.100,4640.0000,1933,0,71095080.000,0,-,-,-,-,4634.0000,4633.4000,4633.2000,4633.0000,4621.6000,4639.0000,4639.2000,4639.4000,4640.0000,4642.8000,1,2,1,2,1,1,1,1,1,1
SF,IF2103,2020-08-04 09:32:41.600,4640.0000,1933,0,71095080.000,0,-,-,-,-,4634.0000,4633.4000,4633.2000,4633.0000,4621.6000,4638.6000,4639.0000,4639.4000,4640.0000,4642.8000,1,1,1,2,1,1,1,1,1,1
SF,IF2103,2020-08-04 09:32:42.100,4640.0000,1933,0,71095080.000,0,-,-,-,-,4634.4000,4634.0000,4633.4000,4621.6000,4621.2000,4638.4000,4638.6000,4639.4000,4640.0000,4642.8000,1,1,1,1,1,1,1,1,1,1
SF,IF2103,2020-08-04 09:32:42.600,4640.0000,1933,0,71095080.000,0,-,-,-,-,4634.4000,4633.4000,4621.6000,4621.2000,4620.2000,4638.0000,4638.4000,4640.0000,4642.8000,4645.2000,1,1,1,1,1,1,2,1,1,1
SF,IF2103,2020-08-04 09:32:43.100,4640.0000,1933,0,71095080.000,0,-,-,-,-,4633.4000,4621.6000,4621.2000,4620.2000,4620.0000,4637.8000,4638.0000,4640.0000,4642.8000,4645.2000,1,1,1,1,1,1,1,1,1,1
SF,IF2103,2020-08-04 09:32:43.600,4640.0000,1933,0,71095080.000,0,-,-,-,-,4633.6000,4621.6000,4621.2000,4620.2000,4620.0000,4637.4000,4637.8000,4640.0000,4642.8000,4645.2000,1,1,1,1,1,1,1,1,1,1
SF,IF2103,2020-08-04 09:32:44.100,4640.0000,1933,0,71095080.000,0,-,-,-,-,4633.6000,4621.6000,4621.2000,4620.2000,4620.0000,4637.4000,4637.8000,4640.0000,4642.8000,4651.2000,2,1,1,1,1,1,1,1,1,1
SF,IF2103,2020-08-04 09:32:45.600,4637.4000,1933,0,72486300.000,1,0,1,多换,S,4633.6000,4621.6000,4621.2000,4620.2000,4620.0000,4637.8000,4640.0000,4642.8000,4651.2000,4654.6000,3,1,1,1,1,1,1,1,1,1
SF,IF2103,2020-08-04 09:32:46.100,4637.4000,1933,0,72486300.000,0,-,-,-,-,4633.6000,4621.6000,4621.2000,4620.2000,4620.0000,4640.0000,4642.8000,4651.2000,4654.6000,4658.0000,2,1,1,1,1,1,1,1,1,1
SF,IF2103,2020-08-04 09:32:46.600,4637.4000,1933,0,72486300.000,0,-,-,-,-,4633.6000,4621.6000,4621.2000,4620.2000,4620.0000,4639.8000,4640.0000,4642.8000,4651.2000,4654.6000,2,1,1,1,1,3,1,1,1,1
SF,IF2103,2020-08-04 09:32:47.100,4637.4000,1933,0,72486300.000,0,-,-,-,-,4633.6000,4621.6000,4621.2000,4620.2000,4620.0000,4639.6000,4639.8000,4640.0000,4642.8000,4651.2000,2,1,1,1,1,1,3,1,1,1
SF,IF2103,2020-08-04 09:32:47.600,4637.4000,1933,0,72486300.000,0,-,-,-,-,4633.6000,4621.6000,4621.2000,4620.2000,4620.0000,4639.2000,4639.4000,4639.6000,4639.8000,4640.0000,1,1,1,1,1,1,2,1,1,1
SF,IF2103,2020-08-04 09:32:48.100,4637.4000,1933,0,72486300.000,0,-,-,-,-,4633.6000,4621.6000,4621.2000,4620.2000,4620.0000,4639.0000,4639.4000,4639.6000,4639.8000,4640.0000,1,1,1,1,1,1,1,1,1,1
SF,IF2103,2020-08-04 09:32:48.600,4637.4000,1933,0,72486300.000,0,-,-,-,-,4633.8000,4633.6000,4621.6000,4621.2000,4620.2000,4639.0000,4639.4000,4640.0000,4642.8000,4651.2000,1,1,1,1,1,1,1,1,1,1
SF,IF2103,2020-08-04 09:32:49.100,4637.4000,1933,0,72486300.000,0,-,-,-,-,4634.0000,4633.8000,4621.6000,4621.2000,4620.2000,4639.0000,4640.0000,4642.8000,4651.2000,4654.6000,1,1,1,1,1,1,1,1,1,1
SF,IF2103,2020-08-04 09:32:49.600,4637.4000,1933,0,72486300.000,0,-,-,-,-,4634.2000,4634.0000,4621.6000,4621.2000,4620.2000,4640.0000,4642.8000,4651.2000,4654.6000,4658.0000,2,1,1,1,1,1,1,1,1,1
SF,IF2103,2020-08-04 09:32:50.100,4637.4000,1933,0,72486300.000,0,-,-,-,-,4634.4000,4634.2000,4634.0000,4621.6000,4621.2000,4640.0000,4642.8000,4651.2000,4654.6000,4658.0000,2,3,1,1,1,1,1,1,1,1
SF,IF2103,2020-08-04 09:32:50.600,4637.4000,1933,0,72486300.000,0,-,-,-,-,4634.6000,4634.4000,4634.2000,4634.0000,4621.6000,4640.0000,4642.8000,4651.2000,4654.6000,4658.0000,2,2,1,1,1,1,1,1,1,1
SF,IF2103,2020-08-04 09:32:51.100,4637.4000,1933,0,72486300.000,0,-,-,-,-,4635.0000,4634.8000,4634.6000,4634.4000,4634.2000,4640.0000,4642.8000,4651.2000,4654.6000,4658.0000,1,1,3,2,1,1,1,1,1,1
SF,IF2103,2020-08-04 09:32:51.600,4637.4000,1933,0,72486300.000,0,-,-,-,-,4636.8000,4635.4000,4635.2000,4635.0000,4634.8000,4640.0000,4642.8000,4651.2000,4654.6000,4658.0000,1,2,1,2,1,1,1,1,1,1
SF,IF2103,2020-08-04 09:32:52.100,4637.4000,1933,0,72486300.000,0,-,-,-,-,4637.0000,4635.4000,4635.0000,4634.8000,4634.4000,4640.0000,4642.8000,4651.2000,4654.6000,4658.0000,1,2,1,1,2,1,1,1,1,1
SF,IF2103,2020-08-04 09:32:52.600,4637.4000,1933,0,72486300.000,0,-,-,-,-,4637.0000,4635.4000,4635.0000,4634.8000,4634.4000,4640.0000,4642.8000,4651.2000,4654.6000,4658.0000,2,2,1,1,1,1,1,1,1,1
SF,IF2103,2020-08-04 09:32:53.100,4637.4000,1933,0,72486300.000,0,-,-,-,-,4637.0000,4635.4000,4635.0000,4634.4000,4621.6000,4639.8000,4640.0000,4642.8000,4651.2000,4654.6000,2,2,1,1,1,1,1,1,1,1
SF,IF2103,2020-08-04 09:32:54.600,4637.4000,1933,0,72486300.000,0,-,-,-,-,4637.0000,4635.4000,4635.0000,4634.4000,4621.6000,4639.8000,4640.0000,4642.8000,4651.2000,4654.6000,1,2,1,1,1,1,1,1,1,1
SF,IF2103,2020-08-04 09:32:55.100,4637.4000,1933,0,72486300.000,0,-,-,-,-,4635.4000,4635.0000,4634.4000,4621.6000,4621.2000,4639.6000,4639.8000,4640.0000,4642.8000,4651.2000,2,1,1,1,1,1,1,1,1,1
SF,IF2103,2020-08-04 09:32:55.600,4637.4000,1933,0,72486300.000,0,-,-,-,-,4635.6000,4635.4000,4635.0000,4621.6000,4621.2000,4640.0000,4642.8000,4651.2000,4654.6000,4658.0000,1,2,1,1,1,1,1,1,1,1
SF,IF2103,2020-08-04 09:32:56.100,4637.4000,1933,0,72486300.000,0,-,-,-,-,4635.8000,4635.6000,4635.4000,4635.0000,4621.6000,4640.0000,4642.8000,4651.2000,4654.6000,4658.0000,1,1,2,1,1,1,1,1,1,1
SF,IF2103,2020-08-04 09:32:56.600,4637.4000,1933,0,72486300.000,0,-,-,-,-,4636.0000,4635.8000,4635.0000,4621.6000,4621.2000,4640.0000,4642.8000,4651.2000,4654.6000,4658.0000,2,3,1,1,1,1,1,1,1,1
SF,IF2103,2020-08-04 09:32:57.100,4637.4000,1933,0,72486300.000,0,-,-,-,-,4636.2000,4636.0000,4635.8000,4635.0000,4621.6000,4640.0000,4642.8000,4651.2000,4654.6000,4658.0000,1,2,2,1,1,1,1,1,1,1
SF,IF2103,2020-08-04 09:32:57.600,4637.4000,1933,0,72486300.000,0,-,-,-,-,4636.4000,4636.2000,4636.0000,4635.0000,4621.6000,4640.0000,4651.2000,4654.6000,4658.0000,4661.0000,1,2,1,1,1,1,1,1,1,6
SF,IF2103,2020-08-04 09:32:58.100,4637.4000,1933,0,72486300.000,0,-,-,-,-,4636.4000,4636.2000,4635.0000,4621.6000,4621.2000,4640.0000,4651.2000,4654.6000,4658.0000,4661.0000,2,2,1,1,1,1,1,1,1,6
SF,IF2103,2020-08-04 09:32:59.600,4637.4000,1933,0,72486300.000,0,-,-,-,-,4636.4000,4635.0000,4621.6000,4621.2000,4620.2000,4640.0000,4651.2000,4654.6000,4658.0000,4661.0000,2,1,1,1,1,1,1,1,1,6
SF,IF2103,2020-08-04 09:33:00.100,4637.4000,1933,0,72486300.000,0,-,-,-,-,4635.0000,4621.6000,4621.2000,4620.2000,4620.0000,4639.8000,4640.0000,4651.2000,4654.6000,4658.0000,1,1,1,1,1,1,1,1,1,1
SF,IF2103,2020-08-04 09:33:00.600,4637.4000,1933,0,72486300.000,0,-,-,-,-,4635.2000,4635.0000,4621.6000,4621.2000,4620.2000,4640.0000,4651.2000,4654.6000,4658.0000,4661.0000,3,1,1,1,1,1,1,1,1,6
SF,IF2103,2020-08-04 09:33:01.100,4637.4000,1933,0,72486300.000,0,-,-,-,-,4635.2000,4635.0000,4621.6000,4621.2000,4620.2000,4640.0000,4640.2000,4651.2000,4654.6000,4658.0000,4,1,1,1,1,1,1,1,1,1
SF,IF2103,2020-08-04 09:33:01.600,4637.4000,1933,0,72486300.000,0,-,-,-,-,4635.4000,4635.2000,4635.0000,4621.6000,4621.2000,4640.0000,4640.2000,4651.2000,4654.6000,4658.0000,2,4,1,1,1,1,1,1,1,1
SF,IF2103,2020-08-04 09:33:02.100,4637.4000,1933,0,72486300.000,0,-,-,-,-,4636.0000,4635.8000,4635.6000,4635.4000,4635.2000,4640.0000,4640.2000,4651.2000,4654.6000,4658.0000,1,2,2,2,1,1,1,1,1,1
SF,IF2103,2020-08-04 09:33:02.600,4637.4000,1933,0,72486300.000,0,-,-,-,-,4636.4000,4636.2000,4636.0000,4635.6000,4635.2000,4640.0000,4640.2000,4651.2000,4654.6000,4658.0000,3,1,1,1,1,1,1,1,1,1
SF,IF2103,2020-08-04 09:33:03.100,4637.4000,1933,0,72486300.000,0,-,-,-,-,4636.6000,4636.4000,4636.0000,4635.6000,4635.2000,4640.0000,4640.2000,4651.2000,4654.6000,4658.0000,2,4,1,1,1,1,1,1,1,1
SF,IF2103,2020-08-04 09:33:03.600,4640.2000,1931,-2,75270360.000,2,0,2,双平,S,4637.0000,4636.8000,4636.6000,4636.0000,4635.6000,4651.2000,4654.6000,4658.0000,4661.0000,4698.8000,3,1,2,1,1,1,1,1,6,1
SF,IF2103,2020-08-04 09:33:04.100,4640.2000,1931,0,75270360.000,0,-,-,-,-,4637.4000,4637.2000,4637.0000,4636.8000,4636.6000,4648.8000,4651.0000,4651.2000,4654.6000,4658.0000,1,2,4,1,1,1,3,1,1,1
SF,IF2103,2020-08-04 09:33:04.600,4640.2000,1931,0,75270360.000,0,-,-,-,-,4638.0000,4637.8000,4637.6000,4637.4000,4637.2000,4648.6000,4648.8000,4650.2000,4651.2000,4654.6000,1,3,2,1,1,1,1,1,1,1
SF,IF2103,2020-08-04 09:33:05.100,4640.2000,1931,0,75270360.000,0,-,-,-,-,4638.4000,4638.2000,4638.0000,4637.2000,4636.8000,4645.2000,4648.6000,4648.8000,4651.2000,4654.6000,3,4,1,1,1,1,1,1,1,1
SF,IF2103,2020-08-04 09:33:05.600,4640.2000,1931,0,75270360.000,0,-,-,-,-,4638.6000,4638.4000,4638.2000,4638.0000,4637.2000,4645.0000,4647.8000,4648.8000,4651.2000,4654.6000,2,4,2,1,1,1,1,1,1,1
SF,IF2103,2020-08-04 09:33:06.100,4640.2000,1931,0,75270360.000,0,-,-,-,-,4639.0000,4638.8000,4638.6000,4638.2000,4637.2000,4645.0000,4648.8000,4651.2000,4654.6000,4658.0000,3,1,3,1,1,1,1,1,1,1
SF,IF2103,2020-08-04 09:33:06.600,4640.2000,1931,0,75270360.000,0,-,-,-,-,4639.2000,4639.0000,4638.8000,4637.2000,4635.0000,4644.8000,4645.0000,4648.8000,4651.2000,4654.6000,3,3,2,1,1,1,1,1,1,1
SF,IF2103,2020-08-04 09:33:07.100,4640.2000,1931,0,75270360.000,0,-,-,-,-,4639.6000,4639.4000,4639.2000,4638.8000,4637.2000,4644.6000,4644.8000,4648.8000,4651.2000,4654.6000,3,1,3,2,1,1,1,1,1,1
SF,IF2103,2020-08-04 09:33:07.600,4640.2000,1931,0,75270360.000,0,-,-,-,-,4639.8000,4639.6000,4639.4000,4639.2000,4638.8000,4648.8000,4651.2000,4654.6000,4658.0000,4661.0000,2,3,1,1,1,1,1,1,1,6
SF,IF2103,2020-08-04 09:33:08.100,4640.2000,1931,0,75270360.000,0,-,-,-,-,4640.2000,4640.0000,4639.8000,4639.4000,4638.8000,4648.6000,4648.8000,4651.2000,4654.6000,4658.0000,3,2,4,1,1,1,1,1,1,1
SF,IF2103,2020-08-04 09:33:08.600,4640.2000,1931,0,75270360.000,0,-,-,-,-,4640.6000,4640.4000,4640.2000,4640.0000,4639.8000,4648.4000,4648.6000,4648.8000,4651.2000,4654.6000,1,2,3,1,1,1,1,1,1,1
SF,IF2103,2020-08-04 09:33:09.100,4640.2000,1931,0,75270360.000,0,-,-,-,-,4641.0000,4640.8000,4640.6000,4640.0000,4639.8000,4648.2000,4648.4000,4648.8000,4651.2000,4654.6000,4,2,2,1,1,1,1,1,1,1
SF,IF2103,2020-08-04 09:33:09.600,4640.2000,1931,0,75270360.000,0,-,-,-,-,4641.4000,4641.2000,4641.0000,4640.0000,4639.8000,4648.2000,4648.8000,4651.2000,4654.6000,4658.0000,1,3,4,1,1,1,1,1,1,1
SF,IF2103,2020-08-04 09:33:10.100,4640.2000,1931,0,75270360.000,0,-,-,-,-,4641.8000,4641.6000,4641.4000,4641.2000,4641.0000,4647.8000,4648.2000,4648.8000,4651.2000,4654.6000,3,2,1,1,1,1,1,1,1,1
SF,IF2103,2020-08-04 09:33:10.600,4640.2000,1931,0,75270360.000,0,-,-,-,-,4641.8000,4641.4000,4641.0000,4639.8000,4638.8000,4647.6000,4647.8000,4648.8000,4651.2000,4654.6000,3,1,1,1,1,2,1,1,1,1
SF,IF2103,2020-08-04 09:33:11.100,4640.2000,1931,0,75270360.000,0,-,-,-,-,4641.8000,4641.4000,4641.0000,4639.8000,4638.8000,4647.6000,4648.8000,4651.2000,4654.6000,4658.0000,3,1,1,1,1,2,1,1,1,1
SF,IF2103,2020-08-04 09:33:11.600,4640.2000,1931,0,75270360.000,0,-,-,-,-,4641.8000,4641.4000,4641.0000,4638.8000,4621.2000,4647.2000,4647.6000,4648.8000,4651.2000,4654.6000,3,1,1,1,1,1,2,1,1,1
SF,IF2103,2020-08-04 09:33:12.100,4640.2000,1931,0,75270360.000,0,-,-,-,-,4641.8000,4641.4000,4638.8000,4621.2000,4620.2000,4647.0000,4647.2000,4647.6000,4648.8000,4651.2000,2,1,1,1,1,2,1,1,1,1
SF,IF2103,2020-08-04 09:33:12.600,4641.8000,1930,-1,76662900.000,1,0,1,双平,S,4641.8000,4641.4000,4638.8000,4621.2000,4620.2000,4647.0000,4647.6000,4648.8000,4651.2000,4654.6000,1,1,1,1,1,1,1,1,1,1
SF,IF2103,2020-08-04 09:33:13.100,4641.8000,1930,0,76662900.000,0,-,-,-,-,4641.4000,4638.8000,4621.2000,4620.2000,4620.0000,4646.4000,4646.8000,4647.0000,4647.6000,4648.8000,1,1,1,1,1,1,1,1,1,1
SF,IF2103,2020-08-04 09:33:13.600,4641.8000,1930,0,76662900.000,0,-,-,-,-,4621.2000,4620.2000,4620.0000,4588.0000,4547.0000,4646.2000,4646.4000,4647.0000,4647.6000,4648.8000,1,1,1,1,1,1,2,1,1,1
SF,IF2103,2020-08-04 09:33:14.100,4641.8000,1930,0,76662900.000,0,-,-,-,-,4638.4000,4636.4000,4624.4000,4621.6000,4621.4000,4646.0000,4646.2000,4646.4000,4648.8000,4651.2000,1,1,3,3,3,2,1,1,1,1
SF,IF2103,2020-08-04 09:33:14.600,4641.8000,1930,0,76662900.000,0,-,-,-,-,4638.8000,4638.6000,4638.4000,4623.4000,4621.4000,4645.8000,4646.0000,4646.4000,4648.8000,4651.2000,3,2,1,1,2,1,1,1,1,1
SF,IF2103,2020-08-04 09:33:15.100,4641.8000,1930,0,76662900.000,0,-,-,-,-,4639.4000,4639.0000,4638.8000,4638.4000,4621.4000,4646.4000,4648.8000,4651.2000,4654.6000,4658.0000,1,2,3,1,2,1,1,1,1,1
SF,IF2103,2020-08-04 09:33:15.600,4641.8000,1930,0,76662900.000,0,-,-,-,-,4639.8000,4639.6000,4639.4000,4639.2000,4639.0000,4646.4000,4648.8000,4651.2000,4654.6000,4658.0000,3,5,1,1,1,1,1,1,1,1
SF,IF2103,2020-08-04 09:33:16.100,4641.8000,1930,0,76662900.000,0,-,-,-,-,4640.0000,4639.8000,4639.6000,4639.4000,4639.0000,4646.2000,4648.8000,4651.2000,4654.6000,4658.0000,2,3,1,1,1,1,1,1,1,1
SF,IF2103,2020-08-04 09:33:16.600,4641.8000,1930,0,76662900.000,0,-,-,-,-,4640.4000,4640.2000,4640.0000,4639.4000,4638.4000,4646.2000,4648.8000,4651.2000,4654.6000,4658.0000,3,1,2,1,1,1,1,1,1,1
SF,IF2103,2020-08-04 09:33:17.100,4641.8000,1930,0,76662900.000,0,-,-,-,-,4640.6000,4640.4000,4639.4000,4638.4000,4621.4000,4646.0000,4646.2000,4648.8000,4651.2000,4654.6000,2,3,1,1,1,2,1,1,1,1
SF,IF2103,2020-08-04 09:33:17.600,4641.8000,1930,0,76662900.000,0,-,-,-,-,4641.0000,4640.6000,4640.4000,4639.4000,4638.4000,4646.0000,4648.8000,4651.2000,4654.6000,4658.0000,2,3,1,1,1,2,1,1,1,1
SF,IF2103,2020-08-04 09:33:18.100,4641.8000,1930,0,76662900.000,0,-,-,-,-,4641.2000,4641.0000,4640.6000,4640.4000,4639.4000,4645.8000,4646.0000,4648.8000,4651.2000,4654.6000,1,2,1,1,1,1,1,1,1,1
SF,IF2103,2020-08-04 09:33:18.600,4641.8000,1930,0,76662900.000,0,-,-,-,-,4641.6000,4641.4000,4641.2000,4640.4000,4639.4000,4645.6000,4645.8000,4648.8000,4651.2000,4654.6000,1,1,1,1,1,2,1,1,1,1
SF,IF2103,2020-08-04 09:33:19.100,4641.8000,1930,0,76662900.000,0,-,-,-,-,4641.8000,4641.6000,4641.4000,4640.4000,4639.4000,4645.6000,4648.8000,4651.2000,4654.6000,4658.0000,1,1,1,1,1,1,1,1,1,1
SF,IF2103,2020-08-04 09:33:19.600,4641.8000,1930,0,76662900.000,0,-,-,-,-,4642.2000,4641.8000,4641.4000,4640.4000,4639.4000,4645.4000,4645.6000,4648.8000,4651.2000,4654.6000,1,1,1,1,1,2,1,1,1,1
SF,IF2103,2020-08-04 09:33:20.100,4641.8000,1930,0,76662900.000,0,-,-,-,-,4642.4000,4642.2000,4641.4000,4640.4000,4639.4000,4645.4000,4648.8000,4651.2000,4654.6000,4658.0000,1,1,1,1,1,1,1,1,1,1
SF,IF2103,2020-08-04 09:33:20.600,4641.8000,1930,0,76662900.000,0,-,-,-,-,4642.6000,4642.4000,4641.4000,4640.4000,4639.4000,4645.4000,4648.8000,4651.2000,4654.6000,4658.0000,1,1,1,1,1,1,1,1,1,1
SF,IF2103,2020-08-04 09:33:21.100,4641.8000,1930,0,76662900.000,0,-,-,-,-,4642.8000,4642.6000,4641.4000,4640.4000,4639.4000,4645.4000,4648.8000,4651.2000,4654.6000,4658.0000,1,1,1,1,1,1,1,1,1,1
SF,IF2103,2020-08-04 09:33:21.600,4642.6000,1929,-1,79448520.000,2,0,2,多平,S,4641.4000,4640.4000,4639.4000,4638.4000,4621.2000,4645.4000,4648.8000,4651.2000,4654.6000,4658.0000,1,1,1,1,1,1,1,1,1,1
SF,IF2103,2020-08-04 09:33:22.100,4642.6000,1929,0,79448520.000,0,-,-,-,-,4641.4000,4640.4000,4639.4000,4621.2000,4620.2000,4645.2000,4645.4000,4648.8000,4651.2000,4654.6000,1,1,1,1,1,1,1,1,1,1
SF,IF2103,2020-08-04 09:33:22.600,4642.6000,1929,0,79448520.000,0,-,-,-,-,4640.4000,4621.2000,4620.2000,4620.0000,4588.0000,4645.2000,4648.8000,4651.2000,4654.6000,4658.0000,1,1,1,1,1,1,1,1,1,1
SF,IF2103,2020-08-04 09:33:23.100,4642.6000,1929,0,79448520.000,0,-,-,-,-,4621.2000,4620.2000,4620.0000,4588.0000,4547.0000,4644.8000,4645.2000,4648.8000,4651.2000,4654.6000,1,1,1,1,1,1,1,1,1,1
SF,IF2103,2020-08-04 09:33:23.600,4642.6000,1929,0,79448520.000,0,-,-,-,-,4637.6000,4633.2000,4621.6000,4621.4000,4621.2000,4644.6000,4644.8000,4648.8000,4651.2000,4654.6000,1,1,2,3,1,1,1,1,1,1
SF,IF2103,2020-08-04 09:33:24.100,4642.6000,1929,0,79448520.000,0,-,-,-,-,4638.4000,4638.0000,4637.8000,4623.2000,4621.4000,4648.8000,4651.2000,4654.6000,4658.0000,4658.2000,1,2,2,1,2,1,1,1,1,2
SF,IF2103,2020-08-04 09:33:24.600,4642.6000,1929,0,79448520.000,0,-,-,-,-,4639.6000,4638.8000,4638.6000,4638.4000,4637.6000,4648.4000,4648.6000,4648.8000,4651.2000,4654.6000,1,3,2,2,1,2,1,1,1,1
SF,IF2103,2020-08-04 09:33:25.100,4642.6000,1929,0,79448520.000,0,-,-,-,-,4640.0000,4639.8000,4639.6000,4639.0000,4638.8000,4648.2000,4648.4000,4648.8000,4651.2000,4654.6000,1,2,1,1,2,1,3,1,1,1
SF,IF2103,2020-08-04 09:33:25.600,4642.6000,1929,0,79448520.000,0,-,-,-,-,4640.2000,4640.0000,4639.6000,4638.8000,4638.4000,4647.8000,4648.2000,4648.4000,4648.8000,4651.2000,3,1,1,1,2,1,1,1,1,1
SF,IF2103,2020-08-04 09:33:26.100,4642.6000,1929,0,79448520.000,0,-,-,-,-,4641.0000,4640.6000,4640.4000,4640.2000,4640.0000,4647.6000,4647.8000,4648.4000,4648.8000,4651.2000,1,2,1,3,1,1,2,1,1,1
SF,IF2103,2020-08-04 09:33:26.600,4642.6000,1929,0,79448520.000,0,-,-,-,-,4641.4000,4641.2000,4641.0000,4640.6000,4640.0000,4648.4000,4648.8000,4651.2000,4654.6000,4658.0000,1,3,1,1,1,1,1,1,1,1
SF,IF2103,2020-08-04 09:33:27.100,4642.6000,1929,0,79448520.000,0,-,-,-,-,4641.6000,4641.4000,4641.0000,4640.0000,4639.6000,4647.4000,4648.2000,4648.8000,4651.2000,4654.6000,3,2,1,1,1,1,1,1,1,1
SF,IF2103,2020-08-04 09:33:27.600,4642.6000,1929,0,79448520.000,0,-,-,-,-,4642.0000,4641.6000,4641.0000,4640.0000,4639.6000,4647.4000,4648.8000,4651.2000,4654.6000,4658.0000,1,3,1,1,1,1,1,1,1,1
SF,IF2103,2020-08-04 09:33:28.100,4642.6000,1929,0,79448520.000,0,-,-,-,-,4642.2000,4642.0000,4641.6000,4641.0000,4640.0000,4647.4000,4648.8000,4651.2000,4654.6000,4658.0000,1,2,2,1,1,1,1,1,1,1
SF,IF2103,2020-08-04 09:33:28.600,4642.6000,1929,0,79448520.000,0,-,-,-,-,4642.6000,4642.2000,4641.6000,4641.0000,4640.0000,4647.2000,4651.2000,4654.6000,4658.0000,4658.2000,1,1,2,1,1,1,1,1,1,2
SF,IF2103,2020-08-04 09:33:29.100,4642.6000,1929,0,79448520.000,0,-,-,-,-,4642.8000,4642.6000,4642.4000,4641.6000,4641.0000,4647.0000,4647.2000,4651.2000,4654.6000,4658.0000,1,1,1,1,1,1,2,1,1,1
SF,IF2103,2020-08-04 09:33:29.600,4642.6000,1929,0,79448520.000,0,-,-,-,-,4642.6000,4641.6000,4641.0000,4639.6000,4638.4000,4646.8000,4647.0000,4647.2000,4651.2000,4654.6000,1,1,1,1,3,1,1,1,1,1
SF,IF2103,2020-08-04 09:33:30.100,4642.6000,1929,0,79448520.000,0,-,-,-,-,4641.6000,4639.6000,4638.4000,4636.6000,4621.4000,4646.6000,4646.8000,4647.2000,4651.2000,4654.6000,1,1,3,1,1,2,1,1,1,1
SF,IF2103,2020-08-04 09:33:30.600,4642.6000,1929,0,79448520.000,0,-,-,-,-,4639.6000,4638.4000,4636.6000,4621.4000,4621.2000,4646.6000,4646.8000,4647.2000,4651.2000,4654.6000,1,3,1,1,1,2,1,1,1,1
SF,IF2103,2020-08-04 09:33:31.100,4642.6000,1929,0,79448520.000,0,-,-,-,-,4640.0000,4639.8000,4639.6000,4638.4000,4636.6000,4646.4000,4646.6000,4646.8000,4647.2000,4651.2000,1,1,1,2,1,2,2,1,1,1
SF,IF2103,2020-08-04 09:33:31.600,4642.6000,1929,0,79448520.000,0,-,-,-,-,4640.2000,4640.0000,4639.6000,4638.4000,4636.6000,4645.6000,4646.2000,4646.4000,4646.8000,4647.2000,1,1,1,1,1,1,1,2,1,1
SF,IF2103,2020-08-04 09:33:32.100,4642.6000,1929,0,79448520.000,0,-,-,-,-,4640.2000,4640.0000,4638.4000,4636.6000,4621.2000,4645.4000,4645.6000,4646.0000,4646.4000,4646.8000,1,1,1,1,1,1,1,1,2,1
SF,IF2103,2020-08-04 09:33:32.600,4642.6000,1929,0,79448520.000,0,-,-,-,-,4640.2000,4638.4000,4636.6000,4621.2000,4620.2000,4645.4000,4645.6000,4646.4000,4646.8000,4647.2000,1,1,1,1,1,2,1,1,1,1
SF,IF2103,2020-08-04 09:33:33.100,4642.6000,1929,0,79448520.000,0,-,-,-,-,4640.4000,4640.2000,4638.4000,4636.6000,4621.2000,4645.2000,4645.4000,4645.6000,4646.4000,4646.8000,1,1,1,1,1,1,2,1,1,1
SF,IF2103,2020-08-04 09:33:33.600,4642.6000,1929,0,79448520.000,0,-,-,-,-,4640.6000,4640.4000,4638.4000,4636.6000,4621.2000,4645.4000,4651.2000,4654.6000,4658.0000,4658.2000,2,1,1,1,1,1,1,1,1,2
SF,IF2103,2020-08-04 09:33:34.100,4642.6000,1929,0,79448520.000,0,-,-,-,-,4640.8000,4640.6000,4638.4000,4636.6000,4621.2000,4651.2000,4654.6000,4658.0000,4658.2000,4661.0000,1,2,1,1,1,1,1,1,2,6
SF,IF2103,2020-08-04 09:33:34.600,4642.6000,1929,0,79448520.000,0,-,-,-,-,4641.0000,4640.8000,4640.6000,4638.4000,4621.2000,4648.8000,4650.8000,4651.0000,4651.2000,4654.6000,3,1,1,1,1,1,2,1,1,1
SF,IF2103,2020-08-04 09:33:35.100,4642.6000,1929,0,79448520.000,0,-,-,-,-,4641.4000,4641.2000,4641.0000,4638.4000,4621.2000,4648.4000,4648.6000,4648.8000,4650.6000,4650.8000,1,1,3,1,1,1,1,1,1,1
SF,IF2103,2020-08-04 09:33:35.600,4642.6000,1929,0,79448520.000,0,-,-,-,-,4641.6000,4641.4000,4641.2000,4638.4000,4621.2000,4648.2000,4648.4000,4648.8000,4650.8000,4651.2000,2,1,1,1,1,1,1,1,1,1
SF,IF2103,2020-08-04 09:33:36.100,4642.6000,1929,0,79448520.000,0,-,-,-,-,4641.8000,4641.6000,4641.4000,4641.2000,4638.4000,4647.8000,4648.0000,4648.2000,4648.8000,4650.8000,1,1,1,1,1,1,2,1,1,1
SF,IF2103,2020-08-04 09:33:36.600,4642.6000,1929,0,79448520.000,0,-,-,-,-,4641.4000,4638.4000,4621.2000,4620.2000,4620.0000,4647.6000,4647.8000,4648.8000,4650.8000,4651.2000,1,1,1,1,1,3,1,1,1,1
SF,IF2103,2020-08-04 09:33:37.100,4642.6000,1929,0,79448520.000,0,-,-,-,-,4638.4000,4621.2000,4620.2000,4620.0000,4613.2000,4647.2000,4647.4000,4647.6000,4648.8000,4651.2000,1,1,1,1,3,1,2,3,1,1
SF,IF2103,2020-08-04 09:33:37.600,4642.6000,1929,0,79448520.000,0,-,-,-,-,4638.8000,4638.6000,4621.2000,4620.2000,4620.0000,4646.8000,4647.0000,4647.2000,4647.4000,4647.6000,1,1,1,1,1,1,2,1,1,1
SF,IF2103,2020-08-04 09:33:38.100,4642.6000,1929,0,79448520.000,0,-,-,-,-,4639.0000,4638.8000,4638.6000,4621.2000,4620.2000,4646.4000,4646.6000,4646.8000,4647.6000,4648.8000,2,1,1,1,1,1,1,2,1,1
SF,IF2103,2020-08-04 09:33:38.600,4642.6000,1929,0,79448520.000,0,-,-,-,-,4639.0000,4621.2000,4620.2000,4620.0000,4613.2000,4646.0000,4646.2000,4646.4000,4647.6000,4648.8000,2,1,1,1,3,1,1,1,1,1
SF,IF2103,2020-08-04 09:33:39.100,4642.6000,1929,0,79448520.000,0,-,-,-,-,4639.4000,4639.0000,4621.2000,4620.2000,4620.0000,4645.6000,4645.8000,4646.0000,4647.6000,4648.8000,1,2,1,1,1,1,1,2,1,1
SF,IF2103,2020-08-04 09:33:39.600,4642.6000,1929,0,79448520.000,0,-,-,-,-,4639.6000,4639.4000,4621.2000,4620.2000,4620.0000,4645.6000,4646.0000,4648.8000,4651.2000,4654.6000,3,1,1,1,1,1,1,1,1,1
SF,IF2103,2020-08-04 09:33:40.100,4642.6000,1929,0,79448520.000,0,-,-,-,-,4639.6000,4621.2000,4620.2000,4620.0000,4613.2000,4645.6000,4646.0000,4648.8000,4651.2000,4654.6000,3,1,1,1,3,1,1,1,1,1
SF,IF2103,2020-08-04 09:33:40.600,4642.6000,1929,0,79448520.000,0,-,-,-,-,4640.2000,4639.8000,4639.6000,4621.2000,4620.2000,4646.0000,4651.2000,4654.6000,4658.0000,4658.2000,1,1,3,1,1,1,1,1,1,2
SF,IF2103,2020-08-04 09:33:41.100,4642.6000,1929,0,79448520.000,0,-,-,-,-,4641.0000,4640.6000,4640.4000,4640.2000,4639.8000,4651.2000,4654.6000,4658.0000,4658.2000,4661.0000,1,1,3,1,1,1,1,1,2,6
SF,IF2103,2020-08-04 09:33:41.600,4642.6000,1929,0,79448520.000,0,-,-,-,-,4641.4000,4641.2000,4641.0000,4640.4000,4639.8000,4650.8000,4651.0000,4651.2000,4654.6000,4658.0000,1,2,1,1,1,2,1,1,1,1
SF,IF2103,2020-08-04 09:33:42.100,4642.6000,1929,0,79448520.000,0,-,-,-,-,4643.6000,4641.6000,4641.4000,4641.2000,4641.0000,4650.6000,4650.8000,4651.2000,4654.6000,4658.0000,1,2,2,2,1,1,3,1,1,1
SF,IF2103,2020-08-04 09:33:42.600,4642.6000,1929,0,79448520.000,0,-,-,-,-,4643.8000,4641.4000,4641.2000,4641.0000,4640.4000,4650.2000,4650.6000,4651.2000,4654.6000,4658.0000,1,1,2,1,1,2,1,1,1,1
SF,IF2103,2020-08-04 09:33:43.100,4642.6000,1929,0,79448520.000,0,-,-,-,-,4643.8000,4641.4000,4641.2000,4641.0000,4640.4000,4650.0000,4650.2000,4651.2000,4654.6000,4658.0000,1,1,2,1,1,1,3,1,1,1
SF,IF2103,2020-08-04 09:33:43.600,4642.6000,1929,0,79448520.000,0,-,-,-,-,4644.0000,4643.8000,4641.4000,4641.2000,4641.0000,4649.6000,4650.0000,4650.2000,4651.2000,4654.6000,1,1,1,1,1,1,1,1,1,1
SF,IF2103,2020-08-04 09:33:44.100,4642.6000,1929,0,79448520.000,0,-,-,-,-,4641.4000,4641.2000,4641.0000,4637.2000,4621.2000,4649.4000,4649.6000,4649.8000,4651.2000,4654.6000,1,1,1,1,1,2,2,1,1,1
SF,IF2103,2020-08-04 09:33:44.600,4642.6000,1929,0,79448520.000,0,-,-,-,-,4641.6000,4641.4000,4641.2000,4641.0000,4637.2000,4649.0000,4649.2000,4649.4000,4651.2000,4654.6000,1,1,1,1,1,1,1,3,1,1
SF,IF2103,2020-08-04 09:33:45.100,4642.6000,1929,0,79448520.000,0,-,-,-,-,4642.0000,4641.8000,4641.6000,4641.4000,4641.2000,4648.8000,4649.0000,4649.4000,4651.2000,4654.6000,1,1,2,1,1,3,2,1,1,1
SF,IF2103,2020-08-04 09:33:45.600,4642.6000,1929,0,79448520.000,0,-,-,-,-,4642.2000,4642.0000,4641.8000,4641.4000,4641.2000,4648.4000,4648.8000,4651.2000,4654.6000,4658.0000,1,1,1,1,1,1,4,1,1,1
SF,IF2103,2020-08-04 09:33:46.100,4642.6000,1929,0,79448520.000,0,-,-,-,-,4642.2000,4642.0000,4641.8000,4641.4000,4641.2000,4648.2000,4648.4000,4648.8000,4651.2000,4654.6000,1,1,1,1,1,2,2,1,1,1
SF,IF2103,2020-08-04 09:33:46.600,4642.6000,1929,0,79448520.000,0,-,-,-,-,4642.2000,4642.0000,4641.8000,4641.4000,4641.2000,4647.6000,4647.8000,4648.2000,4651.2000,4654.6000,1,1,1,1,1,3,1,3,1,1
SF,IF2103,2020-08-04 09:33:47.100,4642.6000,1929,0,79448520.000,0,-,-,-,-,4642.4000,4642.2000,4641.8000,4641.4000,4641.2000,4647.2000,4647.4000,4647.6000,4647.8000,4648.2000,1,1,1,1,1,1,1,3,1,2
SF,IF2103,2020-08-04 09:33:47.600,4642.6000,1929,0,79448520.000,0,-,-,-,-,4642.6000,4642.4000,4641.8000,4641.4000,4641.2000,4647.2000,4647.6000,4648.2000,4651.2000,4654.6000,2,1,1,1,1,1,3,2,1,1
SF,IF2103,2020-08-04 09:33:48.100,4642.6000,1929,0,79448520.000,0,-,-,-,-,4642.6000,4641.4000,4641.2000,4641.0000,4637.2000,4647.2000,4647.6000,4648.2000,4651.2000,4654.6000,3,1,1,1,1,1,3,1,1,1
SF,IF2103,2020-08-04 09:33:48.600,4642.6000,1929,0,79448520.000,0,-,-,-,-,4643.0000,4642.8000,4642.6000,4641.4000,4641.2000,4647.6000,4648.2000,4651.2000,4654.6000,4658.0000,1,1,2,1,1,3,1,1,1,1
SF,IF2103,2020-08-04 09:33:49.100,4642.6000,1929,0,79448520.000,0,-,-,-,-,4643.2000,4643.0000,4642.6000,4641.4000,4641.2000,4647.6000,4648.2000,4651.2000,4654.6000,4658.0000,1,1,1,1,1,3,1,1,1,1
SF,IF2103,2020-08-04 09:33:49.600,4642.6000,1929,0,79448520.000,0,-,-,-,-,4643.2000,4643.0000,4642.6000,4641.4000,4641.2000,4647.4000,4647.6000,4648.2000,4651.2000,4654.6000,2,1,1,1,1,1,3,1,1,1
SF,IF2103,2020-08-04 09:33:50.100,4642.6000,1929,0,79448520.000,0,-,-,-,-,4643.2000,4642.6000,4641.4000,4641.2000,4641.0000,4647.4000,4647.6000,4648.2000,4651.2000,4654.6000,1,1,1,1,1,1,3,1,1,1
SF,IF2103,2020-08-04 09:33:50.600,4642.6000,1929,0,79448520.000,0,-,-,-,-,4642.6000,4641.4000,4641.2000,4641.0000,4637.2000,4647.2000,4647.4000,4647.6000,4648.2000,4651.2000,1,1,1,1,1,2,1,3,1,1
SF,IF2103,2020-08-04 09:33:51.100,4642.6000,1929,0,79448520.000,0,-,-,-,-,4642.6000,4641.4000,4641.2000,4641.0000,4637.2000,4647.0000,4647.2000,4647.6000,4648.2000,4651.2000,1,1,1,1,1,2,2,3,1,1
SF,IF2103,2020-08-04 09:33:51.600,4642.6000,1929,0,79448520.000,0,-,-,-,-,4641.4000,4641.2000,4637.2000,4621.2000,4620.2000,4646.8000,4647.0000,4647.2000,4647.6000,4648.2000,1,1,1,1,1,1,2,1,3,1
SF,IF2103,2020-08-04 09:33:52.100,4642.6000,1929,0,79448520.000,0,-,-,-,-,4641.6000,4637.2000,4621.2000,4620.2000,4620.0000,4646.4000,4646.6000,4646.8000,4647.2000,4647.6000,1,1,1,1,1,1,1,2,1,3
SF,IF2103,2020-08-04 09:33:52.600,4642.6000,1929,0,79448520.000,0,-,-,-,-,4641.8000,4641.6000,4637.2000,4621.2000,4620.2000,4646.2000,4646.4000,4646.8000,4647.0000,4647.6000,1,3,1,1,1,1,1,1,1,3
SF,IF2103,2020-08-04 09:33:53.100,4642.6000,1929,0,79448520.000,0,-,-,-,-,4642.0000,4641.8000,4637.2000,4621.2000,4620.2000,4646.4000,4647.0000,4647.6000,4648.2000,4651.2000,1,1,1,1,1,1,1,3,1,1
SF,IF2103,2020-08-04 09:33:53.600,4642.6000,1929,0,79448520.000,0,-,-,-,-,4642.2000,4642.0000,4641.8000,4637.2000,4621.2000,4646.4000,4647.0000,4647.6000,4648.2000,4651.2000,1,3,1,1,1,1,1,3,1,1
SF,IF2103,2020-08-04 09:33:54.100,4642.6000,1929,0,79448520.000,0,-,-,-,-,4642.4000,4642.2000,4641.8000,4637.2000,4621.2000,4646.2000,4646.4000,4647.0000,4647.6000,4648.2000,1,1,1,1,1,1,1,1,3,1
SF,IF2103,2020-08-04 09:33:54.600,4642.6000,1929,0,79448520.000,0,-,-,-,-,4642.4000,4642.2000,4637.2000,4621.2000,4620.2000,4646.0000,4646.2000,4647.0000,4647.6000,4648.2000,1,1,1,1,1,1,1,1,3,1
SF,IF2103,2020-08-04 09:33:55.100,4642.6000,1929,0,79448520.000,0,-,-,-,-,4642.2000,4637.2000,4621.2000,4620.2000,4620.0000,4645.8000,4646.0000,4647.0000,4647.6000,4648.2000,1,1,1,1,1,1,1,1,3,1
SF,IF2103,2020-08-04 09:33:55.600,4642.6000,1929,0,79448520.000,0,-,-,-,-,4642.2000,4637.2000,4621.2000,4620.2000,4620.0000,4642.4000,4645.4000,4645.8000,4647.0000,4647.6000,1,1,1,1,1,1,1,1,1,3
SF,IF2103,2020-08-04 09:33:56.100,4642.4000,1928,-1,82233900.000,2,0,2,多平,S,4637.2000,4621.2000,4620.2000,4620.0000,4613.2000,4645.4000,4645.6000,4645.8000,4647.0000,4647.6000,1,1,1,1,3,1,2,1,1,3
SF,IF2103,2020-08-04 09:33:56.600,4642.4000,1928,0,82233900.000,0,-,-,-,-,4638.4000,4638.0000,4637.4000,4637.2000,4621.2000,4642.2000,4645.0000,4645.2000,4645.4000,4647.0000,1,1,2,1,1,1,1,2,1,1
SF,IF2103,2020-08-04 09:33:57.100,4642.4000,1928,0,82233900.000,0,-,-,-,-,4638.6000,4638.4000,4638.0000,4637.6000,4637.2000,4642.2000,4645.0000,4645.2000,4645.4000,4647.0000,3,1,1,1,1,1,2,1,1,1
SF,IF2103,2020-08-04 09:33:57.600,4642.4000,1928,0,82233900.000,0,-,-,-,-,4638.6000,4637.2000,4621.2000,4620.2000,4620.0000,4642.2000,4645.0000,4645.2000,4645.4000,4647.0000,2,1,1,1,1,1,1,1,1,1
SF,IF2103,2020-08-04 09:33:58.100,4642.4000,1928,0,82233900.000,0,-,-,-,-,4638.8000,4638.6000,4637.2000,4621.2000,4620.2000,4642.0000,4642.2000,4645.0000,4645.2000,4645.4000,1,2,1,1,1,1,1,1,1,1
SF,IF2103,2020-08-04 09:33:58.600,4638.8000,1928,0,83625540.000,1,0,1,多换,S,4638.6000,4637.2000,4621.2000,4620.2000,4620.0000,4642.0000,4642.2000,4645.0000,4645.2000,4645.4000,1,1,1,1,1,1,1,1,1,1
SF,IF2103,2020-08-04 09:33:59.100,4638.8000,1928,0,83625540.000,0,-,-,-,-,4639.0000,4638.6000,4637.2000,4621.2000,4620.2000,4642.0000,4642.2000,4645.0000,4645.2000,4645.4000,1,1,1,1,1,1,1,1,1,1
SF,IF2103,2020-08-04 09:33:59.600,4638.8000,1928,0,83625540.000,0,-,-,-,-,4639.2000,4639.0000,4637.2000,4621.2000,4620.2000,4642.2000,4645.0000,4645.4000,4647.0000,4647.6000,1,1,1,1,1,1,1,1,1,3
SF,IF2103,2020-08-04 09:34:00.100,4638.8000,1928,0,83625540.000,0,-,-,-,-,4639.6000,4639.2000,4637.2000,4621.2000,4620.2000,4642.2000,4645.0000,4645.4000,4647.0000,4647.6000,1,1,1,1,1,1,1,1,1,3
SF,IF2103,2020-08-04 09:34:00.600,4639.2000,1928,0,85017300.000,1,0,1,多换,S,4639.6000,4637.2000,4621.2000,4620.2000,4620.0000,4642.2000,4645.0000,4645.4000,4647.0000,4647.6000,1,1,1,1,1,1,1,1,1,3
SF,IF2103,2020-08-04 09:34:01.100,4639.2000,1928,0,85017300.000,0,-,-,-,-,4639.8000,4639.6000,4637.2000,4621.2000,4620.2000,4642.0000,4642.2000,4645.0000,4645.4000,4647.0000,1,1,1,1,1,1,1,1,1,1
SF,IF2103,2020-08-04 09:34:01.600,4639.6000,1929,1,86409180.000,1,1,0,双开,S,4640.2000,4639.8000,4637.2000,4621.2000,4620.2000,4641.8000,4642.0000,4642.2000,4645.0000,4645.4000,1,1,1,1,1,1,1,1,1,1
SF,IF2103,2020-08-04 09:34:02.100,4639.6000,1929,0,86409180.000,0,-,-,-,-,4637.2000,4621.2000,4620.2000,4620.0000,4613.2000,4641.6000,4641.8000,4642.2000,4645.0000,4645.4000,1,1,1,1,3,1,1,1,1,1
SF,IF2103,2020-08-04 09:34:02.600,4639.6000,1929,0,86409180.000,0,-,-,-,-,4640.0000,4637.4000,4637.2000,4621.2000,4620.2000,4640.2000,4641.6000,4642.2000,4645.0000,4645.4000,1,1,1,1,1,1,1,1,1,1
SF,IF2103,2020-08-04 09:34:03.100,4640.2000,1929,0,89193240.000,2,1,1,多换,S,4637.2000,4621.2000,4620.2000,4620.0000,4613.2000,4641.6000,4642.2000,4645.0000,4645.4000,4647.0000,1,1,1,1,3,1,1,1,1,1
SF,IF2103,2020-08-04 09:34:03.600,4640.2000,1929,0,89193240.000,0,-,-,-,-,4637.4000,4637.2000,4621.2000,4620.2000,4620.0000,4641.6000,4642.2000,4645.0000,4645.4000,4647.0000,3,1,1,1,1,1,1,1,1,1
SF,IF2103,2020-08-04 09:34:04.100,4638.4000,1929,0,90584760.000,1,0,1,多换,S,4638.0000,4637.4000,4637.2000,4621.2000,4620.2000,4641.6000,4642.2000,4645.0000,4645.4000,4647.0000,1,4,1,1,1,1,1,1,1,1
SF,IF2103,2020-08-04 09:34:04.600,4638.4000,1929,0,90584760.000,0,-,-,-,-,4638.0000,4637.2000,4621.2000,4620.2000,4620.0000,4641.4000,4641.6000,4642.2000,4645.0000,4645.4000,1,1,1,1,1,1,1,1,1,1
SF,IF2103,2020-08-04 09:34:05.100,4638.4000,1929,0,90584760.000,0,-,-,-,-,4638.2000,4638.0000,4637.2000,4621.2000,4620.2000,4641.2000,4641.4000,4642.2000,4645.0000,4645.4000,1,1,1,1,1,1,1,1,1,1
SF,IF2103,2020-08-04 09:34:05.600,4638.4000,1929,0,90584760.000,0,-,-,-,-,4638.8000,4638.2000,4637.2000,4621.2000,4620.2000,4641.2000,4641.4000,4642.2000,4645.0000,4645.4000,1,1,1,1,1,1,1,1,1,1
SF,IF2103,2020-08-04 09:34:06.100,4638.4000,1930,1,91976280.000,1,1,0,双开,S,4637.2000,4621.2000,4620.2000,4620.0000,4613.2000,4641.2000,4641.4000,4642.2000,4645.0000,4645.4000,1,1,1,1,3,1,1,1,1,1
SF,IF2103,2020-08-04 09:34:06.600,4641.2000,1929,-1,93368640.000,1,0,1,双平,S,4640.2000,4639.0000,4637.4000,4637.2000,4621.2000,4642.2000,4645.0000,4645.4000,4647.0000,4647.6000,1,1,2,1,1,1,1,1,1,3
SF,IF2103,2020-08-04 09:34:07.100,4640.2000,1930,1,94760700.000,1,1,0,双开,S,4637.4000,4637.2000,4621.2000,4620.2000,4620.0000,4642.2000,4645.0000,4645.4000,4647.0000,4647.6000,2,1,1,1,1,1,1,1,1,3
SF,IF2103,2020-08-04 09:34:07.600,4642.2000,1930,0,96153360.000,1,0,1,多换,S,4640.4000,4638.6000,4637.6000,4637.4000,4637.2000,4645.0000,4645.4000,4647.0000,4647.6000,4651.2000,1,2,1,2,1,1,1,1,3,1
SF,IF2103,2020-08-04 09:34:08.100,4642.2000,1930,0,96153360.000,0,-,-,-,-,4640.4000,4638.6000,4638.0000,4637.6000,4637.4000,4643.6000,4644.6000,4644.8000,4645.0000,4647.0000,1,2,3,1,2,1,1,1,1,1
SF,IF2103,2020-08-04 09:34:08.600,4642.2000,1930,0,96153360.000,0,-,-,-,-,4640.6000,4640.4000,4638.6000,4638.0000,4637.6000,4644.6000,4644.8000,4645.0000,4647.0000,4647.6000,1,1,3,4,1,1,2,1,1,3
SF,IF2103,2020-08-04 09:34:09.100,4640.6000,1930,0,97545540.000,1,0,1,多换,S,4638.6000,4638.0000,4637.6000,4637.2000,4621.2000,4644.4000,4644.6000,4645.0000,4647.0000,4647.6000,3,4,1,1,1,1,1,1,1,3
SF,IF2103,2020-08-04 09:34:09.600,4640.6000,1930,0,97545540.000,0,-,-,-,-,4641.0000,4640.8000,4639.6000,4638.8000,4638.6000,4643.6000,4644.0000,4644.4000,4645.0000,4647.0000,2,1,1,2,3,1,2,1,1,1
SF,IF2103,2020-08-04 09:34:10.100,4640.2000,1930,0,98937600.000,1,0,1,多换,S,4639.6000,4638.6000,4637.6000,4637.2000,4621.2000,4643.4000,4643.6000,4644.0000,4645.0000,4647.0000,1,3,1,1,1,2,1,1,1,1
SF,IF2103,2020-08-04 09:34:10.600,4640.2000,1930,0,98937600.000,0,-,-,-,-,4639.8000,4638.6000,4637.6000,4637.2000,4621.2000,4643.4000,4643.6000,4645.0000,4647.0000,4647.6000,1,2,1,1,1,3,1,1,1,3
SF,IF2103,2020-08-04 09:34:11.100,4639.8000,1930,0,100329540.000,1,0,1,多换,S,4638.6000,4638.0000,4637.6000,4637.2000,4621.2000,4643.4000,4643.6000,4645.0000,4647.0000,4647.6000,2,1,1,3,1,2,1,1,1,3
SF,IF2103,2020-08-04 09:34:11.600,4639.8000,1930,0,100329540.000,0,-,-,-,-,4638.8000,4638.6000,4638.0000,4637.6000,4637.2000,4643.4000,4643.6000,4645.0000,4647.0000,4647.6000,2,1,1,1,3,2,1,1,1,3
SF,IF2103,2020-08-04 09:34:12.100,4639.2000,1931,1,101721300.000,1,1,0,双开,S,4638.8000,4638.6000,4637.6000,4637.2000,4621.2000,4643.4000,4643.6000,4645.0000,4647.0000,4647.6000,2,1,1,3,1,2,1,1,1,3
SF,IF2103,2020-08-04 09:34:12.600,4643.4000,1931,0,103114320.000,1,0,1,多换,S,4639.2000,4638.8000,4638.6000,4637.6000,4637.2000,4643.4000,4643.6000,4645.0000,4647.0000,4647.6000,2,2,1,1,1,1,1,1,1,3
SF,IF2103,2020-08-04 09:34:13.100,4643.4000,1931,0,103114320.000,0,-,-,-,-,4640.0000,4639.6000,4639.4000,4639.2000,4638.8000,4645.0000,4647.0000,4647.6000,4651.2000,4654.6000,1,1,4,2,2,1,1,3,1,1
SF,IF2103,2020-08-04 09:34:13.600,4643.4000,1931,0,103114320.000,0,-,-,-,-,4640.8000,4640.2000,4640.0000,4639.4000,4639.2000,4644.8000,4647.0000,4647.6000,4651.2000,4654.6000,2,1,1,2,3,1,1,3,1,1
SF,IF2103,2020-08-04 09:34:14.100,4643.4000,1931,0,103114320.000,0,-,-,-,-,4641.0000,4640.8000,4640.6000,4640.0000,4639.4000,4644.8000,4647.0000,4647.6000,4651.2000,4654.6000,1,2,2,1,2,1,1,3,1,1
SF,IF2103,2020-08-04 09:34:14.600,4643.4000,1931,0,103114320.000,0,-,-,-,-,4641.0000,4640.8000,4640.6000,4640.0000,4639.4000,4644.6000,4644.8000,4647.0000,4647.6000,4651.2000,1,2,2,1,2,1,1,1,3,1
SF,IF2103,2020-08-04 09:34:15.100,4643.4000,1931,0,103114320.000,0,-,-,-,-,4641.6000,4640.8000,4640.6000,4639.4000,4639.2000,4644.4000,4644.6000,4644.8000,4647.0000,4647.6000,1,1,2,2,1,2,1,1,1,3
SF,IF2103,2020-08-04 09:34:15.600,4641.6000,1931,0,104506800.000,1,0,1,多换,S,4640.8000,4637.2000,4621.2000,4620.2000,4620.0000,4644.2000,4644.4000,4647.0000,4647.6000,4651.2000,1,1,1,1,1,2,2,1,3,1
SF,IF2103,2020-08-04 09:34:16.100,4640.8000,1931,0,105899040.000,1,0,1,多换,S,4637.2000,4621.2000,4620.2000,4620.0000,4613.2000,4641.6000,4643.6000,4644.0000,4644.2000,4644.4000,1,1,1,1,3,1,1,1,1,1
SF,IF2103,2020-08-04 09:34:16.600,4641.6000,1931,0,107291520.000,1,0,1,多换,S,4637.4000,4637.2000,4621.2000,4620.2000,4620.0000,4643.0000,4643.4000,4643.6000,4644.0000,4644.2000,1,1,1,1,1,1,1,1,1,1
SF,IF2103,2020-08-04 09:34:17.100,4641.6000,1931,0,107291520.000,0,-,-,-,-,4637.6000,4637.4000,4637.2000,4621.2000,4620.2000,4642.6000,4643.6000,4644.0000,4647.0000,4647.6000,1,1,1,1,1,1,1,1,1,3
SF,IF2103,2020-08-04 09:34:17.600,4641.6000,1931,0,107291520.000,0,-,-,-,-,4638.6000,4637.8000,4637.6000,4637.4000,4637.2000,4642.6000,4644.0000,4647.0000,4647.6000,4651.2000,2,1,2,1,1,1,1,1,3,1
SF,IF2103,2020-08-04 09:34:18.100,4641.6000,1931,0,107291520.000,0,-,-,-,-,4638.8000,4638.6000,4638.2000,4637.8000,4637.6000,4644.0000,4647.0000,4647.6000,4651.2000,4654.6000,1,2,1,1,1,1,1,3,1,1
SF,IF2103,2020-08-04 09:34:18.600,4641.6000,1931,0,107291520.000,0,-,-,-,-,4640.0000,4639.2000,4639.0000,4638.8000,4638.6000,4643.8000,4647.0000,4647.6000,4651.2000,4654.6000,1,2,1,1,1,1,1,3,1,1
SF,IF2103,2020-08-04 09:34:19.100,4641.6000,1931,0,107291520.000,0,-,-,-,-,4640.2000,4639.2000,4639.0000,4638.8000,4638.6000,4643.8000,4647.0000,4647.6000,4651.2000,4654.6000,1,2,1,1,1,1,1,3,1,1
SF,IF2103,2020-08-04 09:34:19.600,4641.6000,1931,0,107291520.000,0,-,-,-,-,4640.2000,4639.2000,4639.0000,4638.8000,4638.6000,4647.0000,4647.6000,4651.2000,4654.6000,4658.0000,1,2,1,1,1,1,3,1,1,1
SF,IF2103,2020-08-04 09:34:20.100,4641.6000,1931,0,107291520.000,0,-,-,-,-,4640.8000,4640.4000,4639.2000,4639.0000,4638.8000,4646.6000,4646.8000,4647.0000,4647.6000,4651.2000,1,1,2,1,1,2,1,1,3,1
SF,IF2103,2020-08-04 09:34:20.600,4641.6000,1931,0,107291520.000,0,-,-,-,-,4641.0000,4639.2000,4639.0000,4638.8000,4637.2000,4643.8000,4646.4000,4646.6000,4647.0000,4647.6000,1,2,1,1,1,1,1,2,1,3
SF,IF2103,2020-08-04 09:34:21.100,4641.6000,1931,0,107291520.000,0,-,-,-,-,4638.8000,4637.2000,4621.2000,4620.2000,4620.0000,4643.6000,4643.8000,4645.2000,4646.6000,4647.0000,1,1,1,1,1,3,1,1,1,1
SF,IF2103,2020-08-04 09:34:21.600,4641.6000,1931,0,107291520.000,0,-,-,-,-,4639.0000,4638.8000,4637.4000,4637.2000,4621.2000,4641.0000,4643.6000,4645.2000,4646.6000,4647.0000,1,1,1,1,1,1,3,1,1,1
SF,IF2103,2020-08-04 09:34:22.100,4641.6000,1931,0,107291520.000,0,-,-,-,-,4639.0000,4638.8000,4637.4000,4637.2000,4621.2000,4641.0000,4642.8000,4643.6000,4645.2000,4646.6000,1,2,1,1,1,1,1,3,1,1
SF,IF2103,2020-08-04 09:34:22.600,4639.2000,1931,0,108683280.000,1,0,1,多换,S,4639.0000,4638.8000,4637.4000,4637.2000,4621.2000,4641.0000,4642.8000,4643.6000,4645.2000,4646.6000,1,1,1,1,1,1,1,2,1,1
SF,IF2103,2020-08-04 09:34:23.100,4639.2000,1931,0,108683280.000,0,-,-,-,-,4639.0000,4638.8000,4637.4000,4637.2000,4621.2000,4641.0000,4643.6000,4645.2000,4646.6000,4647.0000,1,1,1,1,1,1,2,1,1,1
SF,IF2103,2020-08-04 09:34:23.600,4639.2000,1931,0,108683280.000,0,-,-,-,-,4639.2000,4639.0000,4637.2000,4621.2000,4620.2000,4641.0000,4643.6000,4645.2000,4646.6000,4647.0000,1,1,1,1,1,1,2,1,1,1
SF,IF2103,2020-08-04 09:34:24.100,4641.0000,1931,0,110075580.000,1,0,1,多换,S,4639.4000,4639.2000,4637.2000,4621.2000,4620.2000,4643.6000,4645.2000,4646.6000,4647.0000,4647.6000,1,1,1,1,1,1,1,1,1,3
SF,IF2103,2020-08-04 09:34:24.600,4641.0000,1931,0,110075580.000,0,-,-,-,-,4639.8000,4639.6000,4639.4000,4637.2000,4621.2000,4643.4000,4643.6000,4645.2000,4646.6000,4647.0000,2,1,1,1,1,1,1,1,1,1
SF,IF2103,2020-08-04 09:34:25.100,4641.0000,1931,0,110075580.000,0,-,-,-,-,4640.4000,4640.0000,4639.8000,4639.6000,4637.2000,4643.4000,4643.6000,4645.2000,4646.6000,4647.0000,1,1,2,1,1,1,1,1,1,1
SF,IF2103,2020-08-04 09:34:25.600,4641.0000,1931,0,110075580.000,0,-,-,-,-,4639.8000,4639.6000,4637.2000,4621.2000,4620.2000,4643.2000,4643.4000,4645.2000,4646.6000,4647.0000,2,1,1,1,1,1,1,1,1,1
SF,IF2103,2020-08-04 09:34:26.100,4641.0000,1931,0,110075580.000,0,-,-,-,-,4637.2000,4621.2000,4620.2000,4620.0000,4613.2000,4643.0000,4643.2000,4645.2000,4646.6000,4647.0000,1,1,1,1,3,3,1,1,1,1
SF,IF2103,2020-08-04 09:34:26.600,4641.0000,1931,0,110075580.000,0,-,-,-,-,4637.2000,4636.6000,4621.2000,4620.2000,4620.0000,4639.8000,4642.6000,4642.8000,4643.0000,4645.2000,1,2,1,1,1,1,1,2,3,1
SF,IF2103,2020-08-04 09:34:27.100,4641.0000,1931,0,110075580.000,0,-,-,-,-,4637.4000,4637.2000,4636.6000,4621.2000,4620.2000,4639.8000,4642.6000,4642.8000,4643.0000,4647.0000,1,2,2,1,1,1,1,2,2,1
SF,IF2103,2020-08-04 09:34:27.600,4637.4000,1931,0,114250080.000,3,1,2,多换,S,4637.2000,4636.6000,4621.2000,4620.2000,4620.0000,4642.6000,4642.8000,4647.0000,4647.6000,4651.2000,2,2,1,1,1,1,2,1,3,1
SF,IF2103,2020-08-04 09:34:28.100,4637.4000,1931,0,114250080.000,0,-,-,-,-,4637.4000,4637.2000,4636.6000,4621.2000,4620.2000,4642.4000,4642.6000,4642.8000,4647.0000,4647.6000,1,1,2,1,1,2,1,1,1,3
SF,IF2103,2020-08-04 09:34:28.600,4637.4000,1931,0,114250080.000,0,-,-,-,-,4637.4000,4637.2000,4636.6000,4621.2000,4620.2000,4642.0000,4642.4000,4642.8000,4647.0000,4647.6000,1,1,2,1,1,1,2,1,1,3
SF,IF2103,2020-08-04 09:34:29.100,4637.4000,1931,0,114250080.000,0,-,-,-,-,4638.0000,4637.8000,4637.4000,4637.2000,4636.6000,4641.8000,4642.0000,4642.4000,4642.8000,4647.0000,1,2,1,1,1,1,1,1,1,1
SF,IF2103,2020-08-04 09:34:29.600,4637.4000,1931,0,114250080.000,0,-,-,-,-,4638.0000,4637.8000,4637.6000,4637.4000,4637.2000,4641.8000,4642.0000,4642.4000,4647.0000,4647.6000,2,2,1,1,1,1,1,1,1,3
SF,IF2103,2020-08-04 09:34:30.100,4637.4000,1931,0,114250080.000,0,-,-,-,-,4638.4000,4638.0000,4637.6000,4637.4000,4637.2000,4641.8000,4642.0000,4642.4000,4647.0000,4647.6000,2,2,1,1,1,1,1,1,1,3
SF,IF2103,2020-08-04 09:34:32.100,4637.4000,1931,0,114250080.000,0,-,-,-,-,4638.0000,4637.2000,4636.6000,4620.2000,4620.0000,4641.8000,4642.0000,4642.4000,4647.0000,4647.6000,2,1,1,1,1,1,1,1,1,3
SF,IF2103,2020-08-04 09:34:32.600,4637.4000,1931,0,114250080.000,0,-,-,-,-,4638.0000,4637.2000,4636.6000,4620.2000,4620.0000,4641.6000,4641.8000,4642.0000,4642.4000,4647.0000,1,1,1,1,1,1,1,1,1,1
SF,IF2103,2020-08-04 09:34:33.100,4637.4000,1931,0,114250080.000,0,-,-,-,-,4638.0000,4637.2000,4636.8000,4636.6000,4620.2000,4641.4000,4641.6000,4642.0000,4642.4000,4647.0000,1,1,2,1,1,1,1,1,1,1
