市场代码,合约代码,时间,最新,持仓,增仓,成交额,成交量,开仓,平仓,成交类型,方向,买一价,买二价,买三价,买四价,买五价,卖一价,卖二价,卖三价,卖四价,卖五价,买一量,买二量,买三量,买四量,买五量,卖一量,卖二量,卖三量,卖四量,卖五量
SF,IF2103,2020-08-31 09:29:00.100,4761.0000,6675,0,8569800.000,6.000,-,-,-,-,4760.8000,4760.2000,4755.8000,4755.0000,4754.0000,4763.0000,4765.8000,4775.8000,4780.6000,4783.4000,1,1,1,1,4,1,1,1,1,1
SF,IF2103,2020-08-31 09:30:00.100,4760.2000,6679,4,15710280.000,5,4,1,空开,S,4755.0000,4754.0000,4751.6000,4750.0000,4749.6000,4760.2000,4760.4000,4760.6000,4760.8000,4763.0000,1,4,1,10,1,1,3,2,2,1
SF,IF2103,2020-08-31 09:30:00.600,4760.8000,6677,-2,18566760.000,2,0,2,双平,S,4756.0000,4755.4000,4755.0000,4752.0000,4750.0000,4765.8000,4783.4000,4784.6000,4785.2000,4799.4000,1,1,4,3,10,1,1,1,1,1
SF,IF2103,2020-08-31 09:30:01.100,4760.8000,6677,0,21423240.000,2,1,1,多换,S,4760.4000,4760.2000,4760.0000,4758.0000,4757.6000,4762.2000,4765.8000,4784.6000,4785.2000,4799.4000,1,2,1,1,1,1,1,1,1,1
SF,IF2103,2020-08-31 09:30:01.600,4760.8000,6677,0,21423240.000,0,-,-,-,-,4761.0000,4760.6000,4760.4000,4760.0000,4758.0000,4762.0000,4765.8000,4784.6000,4785.2000,4799.4000,1,5,2,1,1,1,1,1,1,1
SF,IF2103,2020-08-31 09:30:02.100,4760.8000,6677,0,21423240.000,0,-,-,-,-,4761.4000,4761.2000,4761.0000,4760.6000,4760.4000,4762.0000,4765.8000,4784.6000,4799.4000,4800.0000,1,4,1,3,3,1,1,1,1,5
SF,IF2103,2020-08-31 09:30:02.600,4762.0000,6676,-1,22851840.000,1,0,1,双平,S,4762.4000,4761.8000,4761.6000,4761.4000,4761.2000,4765.8000,4784.6000,4799.4000,4800.0000,4800.8000,2,1,3,1,1,1,1,1,5,1
SF,IF2103,2020-08-31 09:30:03.100,4762.4000,6675,-1,25709280.000,2,0,2,多平,S,4764.4000,4763.0000,4762.6000,4761.8000,4761.6000,4765.6000,4765.8000,4784.6000,4799.4000,4800.0000,2,1,3,3,1,1,1,1,1,5
SF,IF2103,2020-08-31 09:30:03.600,4762.4000,6675,0,25709280.000,0,-,-,-,-,4764.6000,4764.4000,4763.0000,4762.6000,4761.8000,4765.8000,4784.6000,4799.4000,4800.0000,4800.8000,2,2,1,1,1,1,1,1,5,1
SF,IF2103,2020-08-31 09:30:04.100,4764.8000,6674,-1,28568460.000,2,0,2,多平,S,4764.6000,4764.4000,4763.0000,4762.6000,4761.8000,4784.6000,4799.4000,4800.0000,4800.8000,4801.0000,2,2,1,1,1,1,1,5,1,2
SF,IF2103,2020-08-31 09:30:04.600,4764.8000,6675,1,29997900.000,1,1,0,双开,S,4765.2000,4765.0000,4764.6000,4764.4000,4763.0000,4768.4000,4769.0000,4771.8000,4773.4000,4773.6000,2,1,2,2,1,1,1,1,1,2
SF,IF2103,2020-08-31 09:30:05.100,4764.8000,6675,0,29997900.000,0,-,-,-,-,4766.6000,4765.8000,4765.4000,4765.2000,4765.0000,4768.2000,4773.4000,4773.6000,4774.0000,4783.4000,2,3,5,1,1,1,1,1,1,1
SF,IF2103,2020-08-31 09:30:05.600,4768.2000,6675,0,31428360.000,1,0,1,多换,S,4767.2000,4767.0000,4766.8000,4766.6000,4765.8000,4773.4000,4773.6000,4774.0000,4784.2000,4784.6000,2,1,3,2,5,1,1,1,1,1
SF,IF2103,2020-08-31 09:30:06.100,4768.2000,6675,0,31428360.000,0,-,-,-,-,4769.4000,4767.4000,4767.0000,4766.8000,4765.8000,4770.4000,4772.8000,4773.0000,4773.4000,4773.6000,2,4,1,1,4,1,1,1,1,1
SF,IF2103,2020-08-31 09:30:06.600,4770.4000,6674,-1,34290600.000,2,0,2,多平,S,4769.6000,4769.4000,4767.6000,4767.4000,4767.0000,4772.8000,4773.0000,4773.4000,4784.6000,4799.4000,2,2,2,2,1,1,1,1,1,1
SF,IF2103,2020-08-31 09:30:07.100,4772.6000,6675,1,50038380.000,11,6,5,空开,S,4770.4000,4769.8000,4769.4000,4767.4000,4767.0000,4772.2000,4772.8000,4773.0000,4773.4000,4784.6000,1,1,2,1,1,1,1,1,1,1
SF,IF2103,2020-08-31 09:30:07.600,4772.2000,6675,0,51470040.000,1,0,1,多换,S,4770.4000,4769.8000,4767.4000,4767.0000,4766.8000,4772.8000,4773.0000,4773.4000,4784.6000,4799.4000,1,1,1,1,1,1,1,1,1,1
SF,IF2103,2020-08-31 09:30:08.100,4772.8000,6676,1,52901880.000,1,1,0,双开,S,4770.6000,4770.4000,4767.4000,4767.0000,4766.8000,4773.0000,4773.4000,4784.6000,4799.4000,4800.0000,1,2,1,1,1,1,1,1,1,5
SF,IF2103,2020-08-31 09:30:08.600,4772.8000,6676,0,52901880.000,0,-,-,-,-,4772.8000,4770.6000,4770.4000,4767.4000,4767.0000,4773.4000,4784.6000,4799.4000,4800.0000,4800.8000,1,1,2,1,1,1,1,1,5,1
SF,IF2103,2020-08-31 09:30:09.100,4772.8000,6676,0,54333720.000,1,0,1,多换,S,4770.6000,4770.4000,4767.4000,4767.0000,4766.8000,4773.4000,4784.6000,4799.4000,4800.0000,4800.8000,1,2,1,1,1,1,1,1,5,1
SF,IF2103,2020-08-31 09:30:09.600,4772.8000,6676,0,54333720.000,0,-,-,-,-,4770.6000,4770.4000,4767.4000,4767.0000,4766.8000,4773.0000,4773.4000,4784.6000,4799.4000,4800.0000,1,2,1,1,1,1,1,1,1,5
SF,IF2103,2020-08-31 09:30:10.100,4773.0000,6675,-1,55765620.000,1,0,1,双平,S,4770.6000,4770.4000,4767.4000,4767.0000,4766.8000,4773.4000,4784.6000,4799.4000,4800.0000,4800.8000,1,2,1,1,1,1,1,1,5,1
SF,IF2103,2020-08-31 09:30:10.600,4773.4000,6674,-1,57197640.000,1,0,1,双平,S,4773.4000,4773.0000,4770.8000,4770.6000,4770.4000,4784.6000,4799.4000,4800.0000,4800.8000,4801.0000,2,1,2,1,2,1,1,5,1,2
SF,IF2103,2020-08-31 09:30:11.100,4773.4000,6674,0,61493700.000,3,1,2,多换,S,4773.0000,4771.0000,4770.8000,4770.4000,4767.4000,4773.4000,4774.2000,4774.6000,4776.6000,4777.0000,1,1,2,2,1,1,1,1,1,1
SF,IF2103,2020-08-31 09:30:11.600,4774.6000,6672,-2,65790360.000,3,0,3,多平,S,4773.0000,4771.0000,4770.8000,4770.4000,4767.4000,4776.6000,4777.0000,4778.4000,4778.8000,4779.2000,1,1,1,2,1,1,1,1,1,1
SF,IF2103,2020-08-31 09:30:12.100,4773.0000,6672,0,67222260.000,1,0,1,多换,S,4773.2000,4770.4000,4767.4000,4767.0000,4766.8000,4776.6000,4777.0000,4778.4000,4778.8000,4779.2000,1,2,1,1,1,1,1,1,1,1
SF,IF2103,2020-08-31 09:30:12.600,4773.0000,6672,0,67222260.000,0,-,-,-,-,4773.6000,4773.2000,4770.4000,4767.4000,4767.0000,4776.6000,4777.0000,4778.4000,4778.8000,4779.2000,2,1,2,1,1,1,1,1,1,1
SF,IF2103,2020-08-31 09:30:13.100,4773.0000,6672,0,67222260.000,0,-,-,-,-,4773.8000,4773.6000,4770.4000,4767.4000,4767.0000,4776.6000,4777.0000,4778.4000,4778.8000,4779.2000,1,2,2,1,1,1,1,1,1,1
SF,IF2103,2020-08-31 09:30:13.600,4776.4000,6673,1,70087140.000,2,1,1,空开,S,4776.6000,4774.0000,4773.6000,4770.4000,4767.4000,4778.4000,4778.8000,4779.2000,4780.6000,4784.6000,2,1,2,2,1,1,1,1,1,1
SF,IF2103,2020-08-31 09:30:14.100,4776.6000,6671,-2,72953040.000,2,0,2,双平,S,4775.2000,4774.0000,4770.4000,4767.4000,4767.0000,4776.6000,4777.0000,4778.2000,4778.4000,4778.8000,2,1,2,1,1,1,1,2,1,1
SF,IF2103,2020-08-31 09:30:14.600,4776.6000,6671,0,72953040.000,0,-,-,-,-,4775.2000,4774.0000,4770.4000,4767.4000,4767.0000,4777.0000,4778.2000,4778.4000,4778.8000,4779.2000,2,1,2,1,1,1,2,1,1,1
SF,IF2103,2020-08-31 09:30:15.100,4775.2000,6669,-2,75818160.000,2,0,2,双平,S,4774.0000,4770.4000,4767.4000,4767.0000,4765.8000,4776.6000,4777.0000,4778.4000,4778.8000,4779.2000,1,2,1,1,2,2,1,1,1,1
SF,IF2103,2020-08-31 09:30:15.600,4776.4000,6669,0,77251080.000,1,0,1,多换,S,4774.0000,4770.4000,4767.4000,4767.0000,4765.8000,4776.6000,4777.0000,4778.4000,4778.8000,4779.2000,1,2,1,1,2,2,1,1,1,1
SF,IF2103,2020-08-31 09:30:16.100,4774.0000,6669,0,78683280.000,1,0,1,多换,S,4770.4000,4767.4000,4767.0000,4765.8000,4765.0000,4773.8000,4776.4000,4776.6000,4778.4000,4778.8000,2,1,1,2,1,1,1,2,1,1
SF,IF2103,2020-08-31 09:30:16.600,4774.0000,6669,0,78683280.000,0,-,-,-,-,4771.0000,4770.4000,4767.4000,4767.0000,4765.8000,4773.6000,4773.8000,4776.6000,4778.4000,4778.8000,3,2,1,1,2,1,2,2,1,1
SF,IF2103,2020-08-31 09:30:17.100,4773.6000,6669,0,80115360.000,1,0,1,多换,S,4771.2000,4771.0000,4770.4000,4767.4000,4767.0000,4773.6000,4773.8000,4776.6000,4778.4000,4778.8000,1,3,2,1,1,1,1,2,1,1
SF,IF2103,2020-08-31 09:30:17.600,4773.8000,6670,1,82979580.000,2,1,1,空开,S,4771.4000,4771.2000,4771.0000,4770.4000,4767.4000,4776.0000,4776.6000,4778.4000,4778.8000,4779.2000,1,1,2,2,1,1,2,1,1,1
SF,IF2103,2020-08-31 09:30:18.100,4773.8000,6670,0,82979580.000,0,-,-,-,-,4771.6000,4771.4000,4771.0000,4770.4000,4767.4000,4776.0000,4776.6000,4778.4000,4778.8000,4779.2000,1,1,2,2,1,1,2,1,1,1
SF,IF2103,2020-08-31 09:30:18.600,4773.8000,6670,0,82979580.000,0,-,-,-,-,4771.8000,4771.6000,4771.0000,4770.4000,4767.4000,4776.0000,4776.6000,4778.4000,4778.8000,4779.2000,1,1,2,2,1,1,2,1,1,1
SF,IF2103,2020-08-31 09:30:19.100,4773.8000,6670,0,82979580.000,0,-,-,-,-,4772.0000,4771.8000,4771.0000,4770.4000,4767.4000,4776.6000,4778.4000,4778.8000,4779.2000,4784.6000,2,1,1,2,1,2,1,1,1,1
SF,IF2103,2020-08-31 09:30:19.600,4773.8000,6670,0,82979580.000,0,-,-,-,-,4772.4000,4772.2000,4772.0000,4771.0000,4770.4000,4776.6000,4778.4000,4778.8000,4779.2000,4784.6000,1,1,2,1,2,2,1,1,1,1
SF,IF2103,2020-08-31 09:30:20.100,4773.8000,6670,0,82979580.000,0,-,-,-,-,4772.6000,4772.4000,4772.2000,4772.0000,4771.0000,4776.6000,4778.4000,4778.8000,4779.2000,4784.6000,1,1,1,1,1,2,1,1,1,1
SF,IF2103,2020-08-31 09:30:20.600,4773.8000,6670,0,82979580.000,0,-,-,-,-,4772.6000,4772.4000,4772.2000,4772.0000,4771.0000,4776.6000,4778.4000,4778.8000,4784.6000,4799.4000,1,1,1,1,1,2,1,1,1,1
SF,IF2103,2020-08-31 09:30:21.100,4776.6000,6671,1,85845540.000,2,1,1,空开,S,4776.6000,4773.6000,4772.8000,4772.6000,4772.2000,4778.4000,4778.8000,4784.6000,4799.4000,4800.0000,3,2,1,1,1,1,1,1,1,5
SF,IF2103,2020-08-31 09:30:21.600,4776.6000,6671,0,90144480.000,3,1,2,多换,S,4773.6000,4772.6000,4772.0000,4771.0000,4770.4000,4777.0000,4778.4000,4778.8000,4784.6000,4799.4000,2,1,1,1,2,1,1,1,1,1
SF,IF2103,2020-08-31 09:30:22.100,4776.6000,6672,1,94443420.000,3,2,1,空开,S,4773.8000,4773.6000,4772.0000,4771.0000,4770.4000,4777.0000,4778.4000,4778.8000,4784.6000,4799.4000,1,2,1,1,2,1,1,1,1,1
SF,IF2103,2020-08-31 09:30:22.600,4776.6000,6672,0,94443420.000,0,-,-,-,-,4774.0000,4773.8000,4773.6000,4772.0000,4771.0000,4777.0000,4778.4000,4778.8000,4784.6000,4799.4000,1,1,2,1,1,1,1,1,1,1
SF,IF2103,2020-08-31 09:30:23.100,4776.6000,6672,0,94443420.000,0,-,-,-,-,4774.4000,4774.2000,4774.0000,4772.0000,4771.0000,4775.8000,4777.0000,4778.4000,4778.8000,4784.6000,2,1,1,1,1,1,1,1,1,1
SF,IF2103,2020-08-31 09:30:23.600,4777.0000,6671,-1,97309260.000,2,0,2,多平,S,4776.2000,4774.4000,4774.0000,4772.0000,4771.0000,4778.4000,4778.8000,4784.6000,4799.4000,4800.0000,1,2,1,1,1,1,1,1,1,5
SF,IF2103,2020-08-31 09:30:24.100,4777.0000,6671,0,97309260.000,0,-,-,-,-,4776.2000,4774.4000,4772.0000,4771.0000,4770.4000,4776.6000,4778.4000,4778.8000,4784.6000,4799.4000,1,2,1,1,2,1,1,1,1,1
SF,IF2103,2020-08-31 09:30:24.600,4776.8000,6670,-1,98742300.000,1,0,1,双平,S,4777.0000,4772.0000,4771.0000,4770.4000,4767.4000,4778.4000,4778.8000,4784.6000,4799.4000,4800.0000,1,1,1,2,1,1,1,1,1,5
SF,IF2103,2020-08-31 09:30:25.600,4777.0000,6669,-1,100175400.000,1,0,1,双平,S,4772.0000,4771.0000,4770.4000,4767.4000,4767.0000,4778.4000,4778.8000,4784.6000,4799.4000,4800.0000,1,1,2,1,1,1,1,1,1,5
SF,IF2103,2020-08-31 09:30:26.100,4778.4000,6668,-1,101608920.000,1,0,1,双平,S,4778.4000,4774.0000,4773.6000,4772.8000,4772.6000,4778.8000,4784.6000,4799.4000,4800.0000,4800.8000,1,1,1,1,4,1,1,1,5,1
SF,IF2103,2020-08-31 09:30:26.600,4778.8000,6668,0,104476080.000,2,1,1,多换,S,4773.6000,4772.8000,4772.6000,4772.2000,4772.0000,4784.6000,4799.4000,4800.0000,4800.8000,4801.0000,1,1,4,3,1,1,1,5,1,2
SF,IF2103,2020-08-31 09:30:27.100,4778.8000,6668,0,104476080.000,0,-,-,-,-,4774.2000,4774.0000,4773.8000,4773.6000,4772.8000,4779.4000,4784.4000,4784.6000,4799.4000,4800.0000,5,1,2,2,1,1,1,1,1,5
SF,IF2103,2020-08-31 09:30:27.600,4778.8000,6668,0,104476080.000,0,-,-,-,-,4774.6000,4774.4000,4774.2000,4774.0000,4773.8000,4784.4000,4784.6000,4799.4000,4800.0000,4800.8000,1,1,5,1,1,1,1,1,5,1
SF,IF2103,2020-08-31 09:30:28.100,4777.0000,6667,-1,105909180.000,1,0,1,双平,S,4777.0000,4775.2000,4775.0000,4774.8000,4774.6000,4782.4000,4784.4000,4784.6000,4799.4000,4800.0000,1,2,1,1,1,1,1,1,1,5
SF,IF2103,2020-08-31 09:30:28.600,4777.0000,6667,0,105909180.000,0,-,-,-,-,4777.6000,4777.4000,4777.2000,4777.0000,4775.0000,4782.4000,4784.6000,4785.6000,4799.4000,4800.0000,2,1,2,1,1,1,1,1,1,5
SF,IF2103,2020-08-31 09:30:29.100,4777.0000,6667,0,105909180.000,0,-,-,-,-,4778.4000,4778.0000,4777.8000,4777.6000,4775.0000,4784.6000,4785.6000,4799.4000,4800.0000,4800.8000,1,1,3,2,1,1,1,1,5,1
SF,IF2103,2020-08-31 09:30:29.600,4777.0000,6667,0,105909180.000,0,-,-,-,-,4779.6000,4778.8000,4778.6000,4778.0000,4777.8000,4784.6000,4793.6000,4799.4000,4800.0000,4800.8000,1,1,3,1,1,1,1,1,5,1
SF,IF2103,2020-08-31 09:30:30.100,4777.0000,6667,0,105909180.000,0,-,-,-,-,4782.4000,4779.8000,4779.6000,4778.8000,4778.6000,4784.6000,4793.6000,4799.4000,4800.0000,4800.8000,1,1,1,1,3,1,1,1,5,1
SF,IF2103,2020-08-31 09:30:30.600,4782.4000,6667,0,107343900.000,1,0,1,多换,S,4780.6000,4779.8000,4778.6000,4778.0000,4777.6000,4782.0000,4782.2000,4783.6000,4784.4000,4784.6000,1,1,2,1,1,1,3,1,1,1
SF,IF2103,2020-08-31 09:30:31.100,4780.6000,6666,-1,108778080.000,1,0,1,双平,S,4779.8000,4778.0000,4777.6000,4775.0000,4774.6000,4784.4000,4784.6000,4793.6000,4799.4000,4800.0000,1,1,1,1,1,1,1,1,1,5
SF,IF2103,2020-08-31 09:30:31.600,4780.6000,6666,0,108778080.000,0,-,-,-,-,4779.8000,4778.0000,4777.6000,4775.0000,4774.6000,4784.4000,4784.6000,4793.6000,4799.4000,4800.0000,1,1,1,1,1,1,1,1,1,5
SF,IF2103,2020-08-31 09:30:32.100,4780.6000,6666,0,108778080.000,0,-,-,-,-,4780.0000,4779.8000,4778.0000,4777.6000,4775.0000,4784.6000,4793.6000,4799.4000,4800.0000,4800.8000,1,1,1,1,1,1,1,1,5,1
SF,IF2103,2020-08-31 09:30:32.600,4780.6000,6666,0,108778080.000,0,-,-,-,-,4784.4000,4780.4000,4780.2000,4780.0000,4775.0000,4793.4000,4793.6000,4799.4000,4800.0000,4800.8000,1,1,4,1,1,1,1,1,5,1
SF,IF2103,2020-08-31 09:30:33.100,4784.4000,6665,-1,110213400.000,1,0,1,双平,S,4784.6000,4784.4000,4780.4000,4780.2000,4780.0000,4788.8000,4793.4000,4793.6000,4799.4000,4800.0000,1,1,1,3,1,1,1,1,1,5
SF,IF2103,2020-08-31 09:30:33.600,4784.4000,6665,0,111648720.000,1,0,1,多换,S,4784.6000,4784.4000,4780.4000,4780.2000,4780.0000,4785.6000,4788.4000,4788.6000,4793.2000,4793.4000,2,1,1,3,1,1,1,1,3,1
SF,IF2103,2020-08-31 09:30:34.100,4784.4000,6665,0,111648720.000,0,-,-,-,-,4784.6000,4784.4000,4780.4000,4780.2000,4780.0000,4785.6000,4788.4000,4788.6000,4791.0000,4793.4000,2,1,1,3,1,1,1,1,1,1
SF,IF2103,2020-08-31 09:30:34.600,4784.6000,6665,0,114519480.000,2,1,1,多换,S,4784.4000,4780.4000,4780.2000,4780.0000,4775.0000,4785.6000,4788.4000,4788.6000,4791.0000,4793.4000,1,1,3,1,1,1,1,1,1,1
SF,IF2103,2020-08-31 09:30:35.100,4784.4000,6665,0,115954800.000,1,0,1,多换,S,4780.4000,4780.2000,4780.0000,4775.0000,4774.6000,4785.6000,4788.4000,4788.6000,4791.0000,4793.4000,1,3,1,1,1,1,1,1,1,1
SF,IF2103,2020-08-31 09:30:35.600,4784.4000,6665,0,115954800.000,0,-,-,-,-,4781.0000,4780.4000,4780.2000,4775.0000,4774.6000,4784.2000,4785.4000,4785.6000,4791.0000,4793.4000,3,1,1,1,1,1,1,1,1,1
SF,IF2103,2020-08-31 09:30:36.100,4784.4000,6665,0,115954800.000,0,-,-,-,-,4781.4000,4781.2000,4781.0000,4780.2000,4775.0000,4784.0000,4784.8000,4785.4000,4791.0000,4792.0000,1,2,3,1,1,1,1,1,1,1
SF,IF2103,2020-08-31 09:30:36.600,4784.4000,6665,0,115954800.000,0,-,-,-,-,4782.0000,4781.8000,4781.6000,4781.4000,4781.2000,4784.0000,4791.0000,4792.0000,4793.4000,4799.4000,1,1,1,1,2,1,1,1,1,1
SF,IF2103,2020-08-31 09:30:37.100,4784.0000,6665,0,117390000.000,1,0,1,多换,S,4782.6000,4782.2000,4782.0000,4781.8000,4781.2000,4791.0000,4792.0000,4793.4000,4799.4000,4800.0000,2,1,1,1,2,1,1,1,1,5
SF,IF2103,2020-08-31 09:30:37.600,4784.0000,6665,0,117390000.000,0,-,-,-,-,4783.2000,4782.6000,4782.2000,4780.2000,4775.0000,4790.8000,4791.0000,4792.0000,4793.4000,4799.4000,2,2,1,1,1,1,1,1,1,1
SF,IF2103,2020-08-31 09:30:38.100,4784.0000,6665,0,117390000.000,0,-,-,-,-,4783.8000,4783.4000,4783.2000,4782.2000,4775.0000,4788.0000,4790.8000,4791.0000,4792.0000,4793.4000,2,2,2,1,1,1,1,1,1,1
SF,IF2103,2020-08-31 09:30:38.600,4784.0000,6665,0,117390000.000,0,-,-,-,-,4784.4000,4784.2000,4783.8000,4783.4000,4782.2000,4787.0000,4787.8000,4788.0000,4791.0000,4792.0000,2,1,2,2,1,1,1,1,1,1
SF,IF2103,2020-08-31 09:30:39.100,4787.0000,6664,-1,118826100.000,1,0,1,双平,S,4784.6000,4784.4000,4784.2000,4783.8000,4783.4000,4788.0000,4792.0000,4793.4000,4799.4000,4800.0000,2,2,1,1,2,1,1,1,1,5
SF,IF2103,2020-08-31 09:30:39.600,4784.6000,6665,1,120261480.000,1,1,0,双开,S,4785.2000,4784.8000,4784.6000,4783.4000,4782.2000,4786.0000,4787.8000,4792.0000,4793.4000,4799.4000,1,2,1,1,1,1,1,1,1,1
SF,IF2103,2020-08-31 09:30:40.100,4785.4000,6662,-3,124568520.000,3,0,3,双平,S,4787.0000,4785.6000,4785.4000,4785.2000,4783.4000,4787.8000,4793.4000,4799.4000,4800.0000,4800.8000,1,2,1,1,1,1,1,1,5,1
SF,IF2103,2020-08-31 09:30:40.600,4787.2000,6658,-4,131749500.000,5,0,5,多平,S,4787.0000,4786.0000,4785.6000,4785.4000,4785.2000,4793.4000,4799.4000,4800.0000,4800.8000,4801.0000,1,1,2,1,1,1,1,5,1,2
SF,IF2103,2020-08-31 09:30:41.100,4787.2000,6659,1,133185660.000,1,1,0,双开,S,4787.8000,4787.0000,4786.0000,4785.6000,4785.4000,4790.0000,4793.2000,4793.4000,4799.4000,4800.0000,2,1,1,2,1,1,2,1,1,5
SF,IF2103,2020-08-31 09:30:41.600,4787.2000,6659,0,133185660.000,0,-,-,-,-,4787.8000,4787.0000,4786.0000,4785.6000,4785.4000,4793.2000,4793.4000,4799.4000,4800.0000,4800.8000,2,1,1,2,1,2,1,1,5,1
SF,IF2103,2020-08-31 09:30:42.100,4787.8000,6659,0,136058340.000,2,1,1,多换,S,4787.0000,4786.0000,4785.6000,4785.4000,4785.2000,4793.2000,4793.4000,4800.0000,4800.8000,4801.0000,1,1,2,1,1,2,1,5,1,2
SF,IF2103,2020-08-31 09:30:42.600,4787.8000,6659,0,136058340.000,0,-,-,-,-,4787.0000,4786.0000,4785.6000,4785.4000,4785.2000,4790.0000,4793.2000,4793.4000,4800.0000,4800.8000,1,1,2,1,1,1,1,1,5,1
SF,IF2103,2020-08-31 09:30:43.100,4787.8000,6659,0,136058340.000,0,-,-,-,-,4787.0000,4786.0000,4785.6000,4785.4000,4785.2000,4789.8000,4790.0000,4791.2000,4793.4000,4800.0000,1,1,2,1,1,1,1,1,1,5
SF,IF2103,2020-08-31 09:30:43.600,4787.8000,6659,0,136058340.000,0,-,-,-,-,4787.2000,4787.0000,4786.0000,4785.6000,4785.4000,4789.8000,4790.0000,4791.2000,4793.4000,4800.0000,1,1,1,2,1,1,1,1,1,5
SF,IF2103,2020-08-31 09:30:44.100,4788.6000,6659,0,137494920.000,1,0,1,多换,S,4787.2000,4787.0000,4786.0000,4785.6000,4785.4000,4789.8000,4790.0000,4798.4000,4800.0000,4800.8000,1,1,1,2,1,1,1,1,5,1
SF,IF2103,2020-08-31 09:30:44.600,4788.6000,6659,0,137494920.000,0,-,-,-,-,4787.0000,4785.6000,4785.4000,4783.4000,4782.2000,4789.8000,4798.4000,4800.0000,4800.8000,4801.0000,1,2,1,1,1,1,1,5,1,2
SF,IF2103,2020-08-31 09:30:45.600,4788.6000,6659,0,137494920.000,0,-,-,-,-,4787.2000,4787.0000,4785.6000,4785.4000,4783.4000,4789.8000,4798.4000,4800.0000,4800.8000,4801.0000,2,1,1,1,1,1,1,5,1,2
SF,IF2103,2020-08-31 09:30:46.100,4788.6000,6659,0,137494920.000,0,-,-,-,-,4787.6000,4787.2000,4787.0000,4785.4000,4783.4000,4789.8000,4798.4000,4800.0000,4800.8000,4801.0000,3,2,1,1,1,1,1,5,1,2
SF,IF2103,2020-08-31 09:30:46.600,4789.8000,6659,0,138931860.000,1,0,1,多换,S,4788.0000,4787.8000,4787.6000,4787.0000,4783.4000,4789.6000,4798.4000,4800.0000,4800.8000,4801.0000,2,1,3,1,1,1,1,5,1,2
SF,IF2103,2020-08-31 09:30:47.100,4789.6000,6658,-1,140368740.000,1,0,1,双平,S,4788.2000,4788.0000,4787.8000,4787.6000,4787.0000,4798.4000,4800.0000,4800.8000,4801.0000,4801.6000,1,2,1,2,1,1,5,1,2,1
SF,IF2103,2020-08-31 09:30:47.600,4789.6000,6658,0,140368740.000,0,-,-,-,-,4789.8000,4789.6000,4788.8000,4788.4000,4788.2000,4797.4000,4798.2000,4798.4000,4800.0000,4800.8000,1,2,2,2,1,3,1,1,5,1
SF,IF2103,2020-08-31 09:30:48.100,4789.6000,6658,0,140368740.000,0,-,-,-,-,4790.0000,4789.8000,4789.6000,4788.8000,4788.4000,4797.4000,4798.2000,4798.4000,4800.0000,4800.8000,1,1,2,2,1,3,1,1,5,1
SF,IF2103,2020-08-31 09:30:48.600,4789.6000,6658,0,140368740.000,0,-,-,-,-,4790.6000,4790.0000,4789.8000,4789.6000,4788.8000,4797.4000,4798.4000,4800.0000,4800.8000,4801.0000,1,1,1,2,1,3,1,5,1,2
SF,IF2103,2020-08-31 09:30:49.100,4789.6000,6658,0,140368740.000,0,-,-,-,-,4790.8000,4790.6000,4789.8000,4789.6000,4788.2000,4797.4000,4798.4000,4800.0000,4800.8000,4801.0000,1,1,1,2,1,3,1,5,1,2
SF,IF2103,2020-08-31 09:30:49.600,4789.6000,6658,0,140368740.000,0,-,-,-,-,4790.8000,4790.6000,4789.8000,4789.6000,4788.2000,4795.6000,4797.2000,4797.4000,4798.4000,4800.0000,1,1,1,2,1,1,1,3,1,5
SF,IF2103,2020-08-31 09:30:50.100,4790.6000,6656,-2,143243100.000,2,0,2,双平,S,4789.8000,4789.6000,4788.2000,4787.0000,4783.4000,4795.4000,4795.6000,4797.4000,4798.4000,4800.0000,1,2,1,2,1,1,1,3,1,5
SF,IF2103,2020-08-31 09:30:50.600,4790.0000,6655,-1,144680100.000,1,0,1,双平,S,4789.8000,4789.6000,4788.2000,4787.0000,4783.4000,4790.6000,4794.6000,4795.4000,4795.6000,4797.4000,1,2,1,2,1,1,1,1,1,3
SF,IF2103,2020-08-31 09:30:51.100,4790.6000,6655,0,146117280.000,1,0,1,多换,S,4789.8000,4789.6000,4788.2000,4787.0000,4783.4000,4793.8000,4794.6000,4795.4000,4798.4000,4800.0000,1,2,1,2,1,1,1,1,1,5
SF,IF2103,2020-08-31 09:30:51.600,4790.6000,6655,0,146117280.000,0,-,-,-,-,4790.0000,4789.8000,4789.6000,4788.2000,4787.0000,4793.8000,4794.6000,4798.4000,4800.0000,4800.8000,2,1,2,1,2,1,1,1,5,1
SF,IF2103,2020-08-31 09:30:52.100,4790.6000,6655,0,146117280.000,0,-,-,-,-,4790.4000,4790.2000,4790.0000,4789.8000,4789.6000,4793.8000,4794.6000,4798.4000,4800.0000,4800.8000,1,1,2,1,2,1,1,1,5,1
SF,IF2103,2020-08-31 09:30:52.600,4790.6000,6655,0,146117280.000,0,-,-,-,-,4790.8000,4790.6000,4790.4000,4790.2000,4789.8000,4794.6000,4798.4000,4800.0000,4800.8000,4801.0000,1,1,1,1,1,1,1,5,1,2
SF,IF2103,2020-08-31 09:30:53.100,4790.6000,6654,-1,147554460.000,1,0,1,双平,S,4793.8000,4791.0000,4790.4000,4790.2000,4789.8000,4794.4000,4794.6000,4798.4000,4800.0000,4800.8000,2,1,1,1,1,1,1,1,5,1
SF,IF2103,2020-08-31 09:30:53.600,4793.8000,6652,-2,150430740.000,2,0,2,双平,S,4791.0000,4789.8000,4787.0000,4783.4000,4782.2000,4793.8000,4794.4000,4794.6000,4798.4000,4800.0000,1,1,2,1,1,1,1,1,1,5
SF,IF2103,2020-08-31 09:30:54.100,4793.8000,6652,0,150430740.000,0,-,-,-,-,4791.0000,4789.8000,4787.0000,4783.4000,4782.2000,4793.4000,4793.6000,4793.8000,4794.4000,4798.4000,1,1,2,1,1,1,1,2,1,1
SF,IF2103,2020-08-31 09:30:54.600,4791.0000,6652,0,151868040.000,1,0,1,多换,S,4789.8000,4787.0000,4783.4000,4782.2000,4775.0000,4793.0000,4793.2000,4793.4000,4793.6000,4793.8000,1,2,1,1,1,1,2,1,1,2
SF,IF2103,2020-08-31 09:30:55.100,4791.0000,6652,0,151868040.000,0,-,-,-,-,4789.8000,4787.0000,4783.4000,4782.2000,4775.0000,4792.8000,4793.0000,4793.2000,4793.4000,4793.6000,1,2,1,1,1,1,1,1,1,1
SF,IF2103,2020-08-31 09:30:55.600,4789.8000,6652,0,153304980.000,1,0,1,多换,S,4787.0000,4783.4000,4782.2000,4775.0000,4774.6000,4792.8000,4793.0000,4793.2000,4793.6000,4793.8000,2,1,1,1,1,1,1,1,1,1
SF,IF2103,2020-08-31 09:30:56.100,4789.8000,6652,0,153304980.000,0,-,-,-,-,4787.6000,4787.4000,4787.0000,4783.4000,4782.2000,4792.2000,4792.8000,4793.0000,4793.2000,4793.8000,3,1,2,1,1,1,1,1,1,1
SF,IF2103,2020-08-31 09:30:56.600,4792.0000,6653,1,154742580.000,1,1,0,双开,S,4788.2000,4787.6000,4787.4000,4787.0000,4782.2000,4792.6000,4793.0000,4793.2000,4793.6000,4793.8000,1,3,1,2,1,1,1,1,1,1
SF,IF2103,2020-08-31 09:30:57.100,4792.0000,6653,0,154742580.000,0,-,-,-,-,4788.6000,4788.4000,4788.2000,4787.6000,4787.4000,4792.4000,4792.6000,4793.0000,4793.2000,4793.6000,1,1,1,1,1,3,1,1,1,1
SF,IF2103,2020-08-31 09:30:57.600,4792.0000,6653,0,154742580.000,0,-,-,-,-,4788.6000,4788.2000,4787.6000,4787.4000,4787.0000,4792.0000,4792.4000,4793.0000,4793.2000,4793.6000,1,1,1,1,2,1,3,1,1,1
SF,IF2103,2020-08-31 09:30:58.100,4792.0000,6653,0,154742580.000,0,-,-,-,-,4787.4000,4787.0000,4782.2000,4775.0000,4771.8000,4791.4000,4791.8000,4792.0000,4792.4000,4793.2000,1,2,1,1,1,1,1,1,2,1
SF,IF2103,2020-08-31 09:30:58.600,4792.0000,6653,0,154742580.000,0,-,-,-,-,4787.6000,4787.0000,4782.2000,4775.0000,4771.8000,4791.2000,4791.4000,4791.6000,4792.0000,4792.4000,1,2,1,1,1,1,1,1,1,2
SF,IF2103,2020-08-31 09:30:59.100,4792.0000,6653,0,154742580.000,0,-,-,-,-,4787.0000,4782.2000,4775.0000,4771.8000,4770.4000,4791.2000,4791.4000,4791.6000,4792.4000,4793.2000,2,1,1,1,1,1,1,1,2,1
SF,IF2103,2020-08-31 09:30:59.600,4792.0000,6653,0,154742580.000,0,-,-,-,-,4787.2000,4787.0000,4782.2000,4775.0000,4771.8000,4791.0000,4791.2000,4791.4000,4791.6000,4792.4000,1,2,1,1,1,2,1,1,1,1
SF,IF2103,2020-08-31 09:31:00.100,4792.0000,6653,0,154742580.000,0,-,-,-,-,4787.2000,4787.0000,4782.2000,4775.0000,4771.8000,4790.8000,4791.0000,4791.4000,4791.6000,4792.4000,1,2,1,1,1,1,1,1,1,1
SF,IF2103,2020-08-31 09:31:00.600,4792.0000,6653,0,154742580.000,0,-,-,-,-,4788.6000,4787.2000,4787.0000,4782.2000,4775.0000,4790.8000,4791.0000,4791.4000,4791.6000,4792.4000,1,1,2,1,1,1,1,1,1,1
SF,IF2103,2020-08-31 09:31:01.100,4791.2000,6654,1,156179940.000,1,1,0,双开,S,4788.6000,4787.2000,4787.0000,4782.2000,4775.0000,4791.0000,4791.4000,4792.4000,4793.2000,4793.8000,1,1,2,1,1,1,2,1,1,1
SF,IF2103,2020-08-31 09:31:01.600,4791.2000,6654,0,156179940.000,0,-,-,-,-,4788.8000,4787.2000,4787.0000,4782.2000,4775.0000,4791.0000,4792.4000,4793.2000,4793.8000,4795.0000,2,1,1,1,1,1,1,1,1,1
SF,IF2103,2020-08-31 09:31:02.100,4788.8000,6652,-2,159053520.000,2,0,2,双平,S,4788.8000,4787.2000,4787.0000,4783.6000,4782.2000,4792.4000,4793.2000,4793.8000,4795.0000,4795.2000,1,1,1,1,2,1,1,1,1,1
SF,IF2103,2020-08-31 09:31:02.600,4788.8000,6652,0,159053520.000,0,-,-,-,-,4788.8000,4787.2000,4787.0000,4783.6000,4782.2000,4792.2000,4792.4000,4793.2000,4793.8000,4795.0000,1,1,1,1,2,1,1,1,1,1
SF,IF2103,2020-08-31 09:31:03.100,4788.8000,6652,0,159053520.000,0,-,-,-,-,4788.8000,4787.2000,4787.0000,4783.6000,4782.2000,4792.0000,4792.2000,4792.4000,4793.2000,4793.8000,1,1,1,1,2,1,1,1,1,1
SF,IF2103,2020-08-31 09:31:03.600,4791.4000,6651,-1,160490940.000,1,0,1,双平,S,4788.8000,4787.2000,4787.0000,4783.6000,4782.2000,4792.0000,4792.4000,4793.2000,4793.8000,4795.0000,1,1,1,1,2,1,1,1,1,1
SF,IF2103,2020-08-31 09:31:04.100,4788.8000,6651,0,161927580.000,1,0,1,多换,S,4787.2000,4787.0000,4783.6000,4782.2000,4775.0000,4791.8000,4792.0000,4792.4000,4793.2000,4793.8000,1,1,1,2,1,2,6,1,1,1
SF,IF2103,2020-08-31 09:31:04.600,4788.8000,6651,0,161927580.000,0,-,-,-,-,4787.4000,4787.0000,4783.6000,4782.2000,4775.0000,4791.6000,4791.8000,4792.0000,4792.4000,4793.2000,1,1,1,2,1,1,1,6,1,1
SF,IF2103,2020-08-31 09:31:05.100,4788.8000,6651,0,161927580.000,0,-,-,-,-,4787.4000,4787.0000,4783.6000,4782.2000,4775.0000,4791.4000,4791.6000,4792.0000,4792.4000,4793.2000,1,1,1,2,1,1,1,6,1,1
SF,IF2103,2020-08-31 09:31:05.600,4788.8000,6651,0,161927580.000,0,-,-,-,-,4787.0000,4783.6000,4782.2000,4775.0000,4771.8000,4791.2000,4791.4000,4791.6000,4792.0000,4792.4000,1,1,2,1,1,3,1,1,6,1
SF,IF2103,2020-08-31 09:31:06.100,4788.8000,6651,0,161927580.000,0,-,-,-,-,4787.0000,4783.6000,4782.2000,4775.0000,4771.8000,4790.0000,4791.2000,4791.4000,4791.6000,4792.0000,1,1,2,1,1,1,3,1,1,5
SF,IF2103,2020-08-31 09:31:06.600,4788.8000,6651,0,161927580.000,0,-,-,-,-,4787.0000,4783.6000,4782.2000,4775.0000,4771.8000,4789.8000,4790.0000,4791.2000,4791.4000,4791.6000,1,1,2,1,1,1,1,1,1,1
SF,IF2103,2020-08-31 09:31:07.100,4787.0000,6651,0,164799840.000,2,1,1,多换,S,4783.6000,4782.2000,4775.0000,4771.8000,4770.4000,4787.0000,4789.6000,4791.2000,4791.6000,4792.0000,1,2,1,1,1,1,2,1,1,5
SF,IF2103,2020-08-31 09:31:07.600,4787.0000,6648,-3,170544240.000,4,0,4,多平,S,4784.2000,4783.8000,4783.6000,4782.2000,4775.0000,4789.6000,4791.2000,4791.6000,4792.0000,4792.4000,5,2,1,1,1,1,1,1,5,1
SF,IF2103,2020-08-31 09:31:08.100,4787.0000,6648,0,170544240.000,0,-,-,-,-,4784.4000,4784.2000,4783.8000,4783.6000,4782.2000,4789.6000,4791.2000,4791.6000,4792.0000,4792.4000,1,5,1,1,1,1,1,1,5,1
SF,IF2103,2020-08-31 09:31:08.600,4787.0000,6648,0,170544240.000,0,-,-,-,-,4785.0000,4784.6000,4784.4000,4784.2000,4783.8000,4789.6000,4791.2000,4791.6000,4792.0000,4795.0000,5,1,1,1,1,1,1,1,5,1
SF,IF2103,2020-08-31 09:31:09.100,4787.0000,6648,0,170544240.000,0,-,-,-,-,4785.4000,4785.2000,4785.0000,4784.6000,4784.2000,4789.6000,4791.2000,4791.6000,4792.0000,4795.0000,1,1,5,1,1,1,1,1,5,1
SF,IF2103,2020-08-31 09:31:09.600,4786.0000,6647,-1,171980040.000,1,0,1,双平,S,4786.0000,4785.8000,4785.6000,4785.4000,4785.0000,4789.6000,4791.2000,4791.6000,4792.0000,4795.0000,1,1,1,1,2,1,1,1,5,1
SF,IF2103,2020-08-31 09:31:10.100,4786.0000,6647,0,171980040.000,0,-,-,-,-,4786.2000,4785.8000,4785.0000,4784.6000,4784.2000,4789.4000,4789.6000,4791.2000,4791.6000,4792.0000,1,1,2,1,1,1,1,1,1,5
SF,IF2103,2020-08-31 09:31:10.600,4785.8000,6646,-1,174851640.000,2,0,2,多平,S,4785.0000,4784.2000,4783.6000,4782.2000,4771.8000,4789.2000,4789.4000,4791.2000,4791.6000,4792.0000,1,1,1,1,1,1,2,1,1,5
SF,IF2103,2020-08-31 09:31:11.100,4785.8000,6646,0,174851640.000,0,-,-,-,-,4785.0000,4784.2000,4783.6000,4782.2000,4771.8000,4789.0000,4789.2000,4789.4000,4791.2000,4791.6000,1,1,1,1,1,2,1,2,1,1
SF,IF2103,2020-08-31 09:31:11.600,4785.8000,6646,0,174851640.000,0,-,-,-,-,4784.2000,4783.6000,4782.2000,4771.8000,4770.4000,4788.8000,4789.0000,4789.4000,4791.2000,4791.6000,1,1,1,1,1,2,2,2,1,1
SF,IF2103,2020-08-31 09:31:12.100,4785.8000,6646,0,174851640.000,0,-,-,-,-,4784.4000,4783.6000,4782.2000,4771.8000,4770.4000,4788.2000,4788.8000,4789.0000,4789.4000,4791.2000,1,1,1,1,1,1,2,1,2,1
SF,IF2103,2020-08-31 09:31:12.600,4785.8000,6646,0,174851640.000,0,-,-,-,-,4784.6000,4784.4000,4783.6000,4782.2000,4771.8000,4788.0000,4788.2000,4788.8000,4789.0000,4789.4000,1,1,1,1,1,2,1,1,1,1
SF,IF2103,2020-08-31 09:31:13.100,4785.8000,6646,0,174851640.000,0,-,-,-,-,4784.4000,4783.6000,4782.2000,4771.8000,4770.4000,4788.0000,4788.2000,4788.8000,4789.0000,4791.2000,1,1,1,1,1,2,1,1,1,1
SF,IF2103,2020-08-31 09:31:13.600,4785.8000,6646,0,174851640.000,0,-,-,-,-,4783.6000,4782.2000,4771.8000,4770.4000,4763.0000,4787.8000,4788.0000,4788.2000,4788.8000,4789.0000,1,1,1,1,2,1,2,1,1,1
SF,IF2103,2020-08-31 09:31:14.100,4785.8000,6646,0,174851640.000,0,-,-,-,-,4783.6000,4782.2000,4771.8000,4770.4000,4763.0000,4787.6000,4787.8000,4788.2000,4788.8000,4789.0000,1,1,1,1,2,1,1,1,1,1
SF,IF2103,2020-08-31 09:31:14.600,4785.8000,6646,0,174851640.000,0,-,-,-,-,4783.6000,4782.2000,4771.8000,4770.4000,4763.0000,4787.2000,4787.4000,4787.6000,4787.8000,4788.2000,1,1,1,1,2,1,1,1,1,1
SF,IF2103,2020-08-31 09:31:15.100,4785.8000,6646,0,174851640.000,0,-,-,-,-,4783.6000,4782.2000,4771.8000,4770.4000,4763.0000,4786.6000,4787.0000,4787.2000,4787.8000,4789.0000,1,1,1,1,2,1,1,1,1,1
SF,IF2103,2020-08-31 09:31:15.600,4785.8000,6646,0,174851640.000,0,-,-,-,-,4783.6000,4782.2000,4771.8000,4770.4000,4763.0000,4786.4000,4786.6000,4787.2000,4787.8000,4789.0000,1,1,1,1,2,2,1,1,1,1
SF,IF2103,2020-08-31 09:31:16.100,4785.8000,6646,0,174851640.000,0,-,-,-,-,4783.6000,4782.2000,4771.8000,4770.4000,4763.0000,4786.4000,4786.6000,4787.8000,4791.2000,4791.6000,1,1,1,1,2,2,1,1,1,1
SF,IF2103,2020-08-31 09:31:16.600,4786.4000,6645,-1,176287560.000,1,0,1,双平,S,4783.6000,4782.2000,4771.8000,4770.4000,4763.0000,4786.4000,4786.6000,4787.8000,4791.2000,4792.0000,1,1,1,1,2,1,1,1,1,5
SF,IF2103,2020-08-31 09:31:17.100,4786.4000,6645,0,176287560.000,0,-,-,-,-,4783.6000,4782.2000,4771.8000,4770.4000,4763.0000,4785.4000,4786.4000,4786.6000,4787.8000,4792.0000,1,1,1,1,2,1,1,1,1,5
SF,IF2103,2020-08-31 09:31:17.600,4786.4000,6645,0,176287560.000,0,-,-,-,-,4783.6000,4782.2000,4771.8000,4770.4000,4763.0000,4786.4000,4786.6000,4787.8000,4792.0000,4795.0000,1,1,1,1,2,1,1,1,5,1
SF,IF2103,2020-08-31 09:31:18.100,4786.4000,6645,0,176287560.000,0,-,-,-,-,4783.6000,4782.2000,4771.8000,4770.4000,4763.0000,4786.4000,4786.6000,4787.8000,4792.0000,4795.0000,1,1,1,1,2,1,1,1,5,1
SF,IF2103,2020-08-31 09:31:18.600,4783.6000,6645,0,177722640.000,1,0,1,多换,S,4782.2000,4771.8000,4770.4000,4763.0000,4761.8000,4785.8000,4786.2000,4786.4000,4786.6000,4792.0000,1,1,1,2,1,1,1,1,1,5
SF,IF2103,2020-08-31 09:31:19.100,4782.2000,6645,0,179157300.000,1,0,1,多换,S,4771.8000,4770.4000,4763.0000,4761.8000,4755.0000,4783.2000,4785.6000,4785.8000,4786.2000,4786.6000,1,1,2,1,3,1,1,1,1,1
SF,IF2103,2020-08-31 09:31:19.600,4782.2000,6645,0,179157300.000,0,-,-,-,-,4778.4000,4776.6000,4774.0000,4773.6000,4772.8000,4783.0000,4783.2000,4785.8000,4786.2000,4786.6000,4,2,1,2,1,1,1,1,1,1
SF,IF2103,2020-08-31 09:31:20.100,4782.2000,6645,0,179157300.000,0,-,-,-,-,4779.0000,4778.6000,4778.4000,4776.6000,4776.0000,4783.0000,4783.2000,4785.8000,4786.2000,4786.6000,3,1,4,2,2,1,1,1,1,1
SF,IF2103,2020-08-31 09:31:20.600,4782.2000,6645,0,179157300.000,0,-,-,-,-,4779.4000,4779.0000,4778.6000,4774.0000,4773.6000,4782.2000,4783.0000,4783.2000,4785.8000,4786.2000,1,3,1,1,2,1,1,1,1,1
SF,IF2103,2020-08-31 09:31:21.100,4782.2000,6645,0,179157300.000,0,-,-,-,-,4780.0000,4779.8000,4779.4000,4779.0000,4778.6000,4782.0000,4782.2000,4783.2000,4785.8000,4786.2000,1,1,1,1,1,2,1,1,1,1
SF,IF2103,2020-08-31 09:31:21.600,4779.8000,6645,0,182025240.000,2,1,1,多换,S,4779.4000,4779.0000,4778.6000,4774.0000,4773.6000,4781.8000,4782.0000,4782.2000,4783.2000,4785.8000,1,1,1,1,2,1,2,1,1,1
SF,IF2103,2020-08-31 09:31:22.100,4779.8000,6645,0,182025240.000,0,-,-,-,-,4779.4000,4778.6000,4774.0000,4773.6000,4772.8000,4781.6000,4781.8000,4782.0000,4782.2000,4783.2000,1,1,1,2,1,2,1,1,1,1
SF,IF2103,2020-08-31 09:31:22.600,4779.8000,6645,0,182025240.000,0,-,-,-,-,4774.0000,4773.6000,4772.8000,4771.8000,4770.4000,4781.6000,4781.8000,4783.2000,4785.8000,4786.2000,1,2,1,1,1,2,1,1,1,1
SF,IF2103,2020-08-31 09:31:23.100,4779.8000,6645,0,182025240.000,0,-,-,-,-,4774.6000,4774.2000,4774.0000,4773.6000,4772.8000,4781.2000,4781.6000,4783.2000,4785.8000,4786.2000,1,1,1,2,1,1,1,1,1,1
SF,IF2103,2020-08-31 09:31:23.600,4779.8000,6645,0,182025240.000,0,-,-,-,-,4775.0000,4774.8000,4774.6000,4774.2000,4774.0000,4781.0000,4783.2000,4785.8000,4786.2000,4786.6000,4,2,1,1,1,1,1,1,1,1
SF,IF2103,2020-08-31 09:31:24.100,4779.8000,6645,0,182025240.000,0,-,-,-,-,4776.6000,4775.4000,4775.0000,4774.6000,4774.2000,4781.0000,4783.2000,4785.8000,4786.2000,4786.6000,1,1,4,1,1,2,1,1,1,1
SF,IF2103,2020-08-31 09:31:24.600,4779.8000,6645,0,182025240.000,0,-,-,-,-,4777.0000,4775.0000,4774.6000,4774.2000,4773.6000,4780.8000,4781.0000,4783.2000,4785.8000,4786.2000,1,4,1,1,2,1,2,1,1,1
SF,IF2103,2020-08-31 09:31:25.100,4775.0000,6639,-6,190620840.000,6,0,6,双平,S,4774.6000,4774.2000,4773.6000,4772.8000,4771.8000,4775.0000,4780.6000,4780.8000,4781.0000,4783.2000,1,1,2,1,1,9,2,1,1,1
SF,IF2103,2020-08-31 09:31:25.600,4774.8000,6629,-10,204945780.000,10,0,10,双平,S,4775.0000,4774.6000,4774.2000,4773.6000,4772.8000,4780.6000,4780.8000,4785.8000,4786.2000,4786.6000,1,1,1,2,1,2,1,1,1,1
SF,IF2103,2020-08-31 09:31:26.100,4774.8000,6629,0,204945780.000,0,-,-,-,-,4775.4000,4774.6000,4774.2000,4773.6000,4772.8000,4780.4000,4780.6000,4785.8000,4786.2000,4786.6000,1,1,1,1,1,1,2,1,1,1
SF,IF2103,2020-08-31 09:31:26.600,4774.8000,6629,0,204945780.000,0,-,-,-,-,4775.8000,4775.4000,4774.6000,4773.8000,4773.6000,4778.8000,4780.2000,4780.4000,4780.6000,4786.2000,1,1,1,2,1,1,1,1,1,1
SF,IF2103,2020-08-31 09:31:27.100,4778.6000,6629,0,206379360.000,1,0,1,多换,S,4776.2000,4775.8000,4775.4000,4775.0000,4773.8000,4778.6000,4778.8000,4780.6000,4786.2000,4786.6000,1,1,1,1,2,1,1,1,1,1
SF,IF2103,2020-08-31 09:31:27.600,4778.6000,6629,0,206379360.000,0,-,-,-,-,4776.2000,4775.8000,4775.0000,4773.8000,4773.6000,4778.6000,4778.8000,4780.6000,4786.2000,4786.6000,2,1,1,2,1,1,1,1,1,1
SF,IF2103,2020-08-31 09:31:28.100,4778.6000,6629,0,206379360.000,0,-,-,-,-,4776.2000,4775.8000,4775.0000,4773.8000,4773.6000,4778.6000,4780.6000,4786.2000,4786.6000,4792.0000,2,1,1,2,2,1,1,1,1,5
SF,IF2103,2020-08-31 09:31:28.600,4778.6000,6629,0,207812940.000,1,0,1,多换,S,4776.8000,4776.4000,4776.2000,4775.8000,4775.0000,4780.6000,4786.2000,4786.6000,4792.0000,4795.0000,1,2,1,1,1,1,1,1,5,1
SF,IF2103,2020-08-31 09:31:29.100,4778.6000,6629,0,207812940.000,0,-,-,-,-,4777.4000,4777.0000,4776.8000,4776.4000,4776.2000,4780.6000,4786.2000,4786.6000,4792.0000,4795.0000,1,2,1,1,1,1,1,1,5,1
SF,IF2103,2020-08-31 09:31:29.600,4778.6000,6629,0,207812940.000,0,-,-,-,-,4777.8000,4777.6000,4777.4000,4776.8000,4776.4000,4780.6000,4786.2000,4786.6000,4792.0000,4795.0000,1,1,1,1,1,1,1,1,5,1
SF,IF2103,2020-08-31 09:31:30.100,4778.6000,6629,0,207812940.000,0,-,-,-,-,4778.0000,4777.8000,4777.4000,4776.4000,4775.0000,4780.6000,4786.2000,4786.6000,4792.0000,4795.0000,1,1,1,1,1,1,1,1,5,1
SF,IF2103,2020-08-31 09:31:30.600,4778.6000,6629,0,207812940.000,0,-,-,-,-,4778.0000,4777.8000,4777.4000,4776.8000,4776.4000,4780.6000,4786.2000,4786.6000,4792.0000,4795.0000,1,1,1,1,1,1,1,1,5,1
SF,IF2103,2020-08-31 09:31:31.600,4778.6000,6629,0,207812940.000,0,-,-,-,-,4778.0000,4777.8000,4777.4000,4776.8000,4776.4000,4780.6000,4786.2000,4786.6000,4792.0000,4795.0000,1,1,1,1,1,1,1,1,5,1
SF,IF2103,2020-08-31 09:31:32.100,4780.6000,6629,0,209247120.000,1,0,1,多换,S,4778.2000,4778.0000,4777.8000,4777.4000,4776.8000,4786.2000,4786.6000,4792.0000,4795.0000,4796.8000,1,1,1,1,1,1,1,5,1,1
SF,IF2103,2020-08-31 09:31:32.600,4780.6000,6629,0,209247120.000,0,-,-,-,-,4778.4000,4778.2000,4777.8000,4777.4000,4776.8000,4785.6000,4785.8000,4786.2000,4786.6000,4792.0000,1,1,1,1,1,1,1,1,1,5
SF,IF2103,2020-08-31 09:31:33.100,4780.6000,6629,0,209247120.000,0,-,-,-,-,4778.4000,4778.2000,4777.8000,4777.4000,4776.8000,4785.0000,4785.4000,4785.6000,4785.8000,4786.2000,2,1,1,1,1,2,1,1,1,1
SF,IF2103,2020-08-31 09:31:33.600,4780.6000,6629,0,209247120.000,0,-,-,-,-,4779.0000,4778.4000,4778.2000,4777.8000,4776.8000,4783.4000,4784.4000,4784.6000,4785.0000,4785.4000,1,2,1,1,1,1,1,1,2,1
SF,IF2103,2020-08-31 09:31:34.100,4780.6000,6629,0,209247120.000,0,-,-,-,-,4779.6000,4779.4000,4779.2000,4779.0000,4778.2000,4783.4000,4784.4000,4784.6000,4785.0000,4785.4000,1,1,2,1,1,1,1,1,2,1
SF,IF2103,2020-08-31 09:31:34.600,4780.6000,6629,0,209247120.000,0,-,-,-,-,4779.8000,4779.6000,4779.4000,4779.0000,4778.2000,4784.4000,4785.0000,4785.4000,4785.8000,4792.0000,2,1,2,1,1,1,2,1,1,5
SF,IF2103,2020-08-31 09:31:35.100,4780.6000,6629,0,209247120.000,0,-,-,-,-,4780.4000,4779.8000,4779.4000,4779.0000,4775.0000,4784.2000,4784.4000,4785.0000,4785.4000,4785.8000,1,2,1,1,1,2,1,2,1,1
SF,IF2103,2020-08-31 09:31:35.600,4780.6000,6629,0,209247120.000,0,-,-,-,-,4780.6000,4780.4000,4779.4000,4779.0000,4775.0000,4783.6000,4784.2000,4785.0000,4785.4000,4785.8000,2,1,1,1,1,2,2,1,1,1
SF,IF2103,2020-08-31 09:31:36.100,4780.6000,6629,0,209247120.000,0,-,-,-,-,4780.6000,4780.4000,4779.4000,4779.0000,4776.8000,4783.4000,4783.6000,4784.2000,4785.0000,4785.4000,2,1,1,1,1,1,3,1,1,1
SF,IF2103,2020-08-31 09:31:36.600,4780.6000,6629,0,209247120.000,0,-,-,-,-,4780.6000,4779.4000,4779.0000,4776.8000,4776.6000,4783.0000,4783.4000,4783.6000,4784.2000,4785.0000,1,1,1,1,1,2,1,1,1,1
SF,IF2103,2020-08-31 09:31:37.100,4780.6000,6629,0,210681300.000,1,0,1,多换,S,4779.4000,4776.8000,4775.0000,4773.8000,4773.6000,4782.8000,4783.0000,4783.6000,4785.0000,4785.4000,1,1,1,2,2,2,2,1,1,1
SF,IF2103,2020-08-31 09:31:37.600,4782.6000,6628,-1,212116080.000,1,0,1,双平,S,4776.8000,4775.0000,4773.8000,4773.6000,4771.8000,4782.2000,4782.6000,4782.8000,4783.6000,4785.0000,1,1,2,2,1,2,1,2,1,1
SF,IF2103,2020-08-31 09:31:38.100,4782.6000,6628,0,212116080.000,0,-,-,-,-,4777.4000,4777.0000,4776.8000,4775.0000,4773.8000,4782.0000,4782.2000,4782.6000,4783.6000,4785.0000,1,1,1,1,2,2,3,1,1,1
SF,IF2103,2020-08-31 09:31:38.600,4782.6000,6628,0,212116080.000,0,-,-,-,-,4778.4000,4777.8000,4777.6000,4777.4000,4776.8000,4781.8000,4782.2000,4782.6000,4785.0000,4785.4000,2,1,3,1,1,1,2,1,1,1
SF,IF2103,2020-08-31 09:31:39.100,4782.6000,6628,0,212116080.000,0,-,-,-,-,4778.6000,4778.4000,4778.0000,4777.8000,4777.6000,4781.8000,4782.2000,4785.0000,4785.4000,4792.0000,2,2,1,1,1,1,2,1,1,5
SF,IF2103,2020-08-31 09:31:39.600,4782.6000,6628,0,212116080.000,0,-,-,-,-,4778.6000,4778.0000,4777.8000,4777.6000,4777.4000,4781.6000,4781.8000,4782.2000,4785.0000,4785.4000,2,1,1,1,1,1,1,1,1,1
SF,IF2103,2020-08-31 09:31:40.100,4782.6000,6628,0,212116080.000,0,-,-,-,-,4779.2000,4779.0000,4778.6000,4778.0000,4777.8000,4781.6000,4781.8000,4785.0000,4785.4000,4792.0000,2,1,2,1,1,1,1,1,1,5
SF,IF2103,2020-08-31 09:31:40.600,4781.8000,6627,-1,214985100.000,2,0,2,多平,S,4781.6000,4779.4000,4779.0000,4778.6000,4778.0000,4785.0000,4785.4000,4792.0000,4795.0000,4796.8000,3,3,1,1,1,1,1,5,1,1
SF,IF2103,2020-08-31 09:31:41.100,4781.8000,6627,0,214985100.000,0,-,-,-,-,4781.8000,4781.6000,4779.6000,4779.4000,4779.0000,4784.4000,4784.8000,4785.0000,4785.4000,4792.0000,2,3,1,2,1,2,1,1,1,5
SF,IF2103,2020-08-31 09:31:41.600,4781.8000,6627,0,214985100.000,0,-,-,-,-,4781.8000,4781.6000,4779.6000,4779.4000,4779.0000,4784.2000,4784.4000,4785.0000,4785.4000,4792.0000,2,3,1,2,1,1,2,1,1,5
SF,IF2103,2020-08-31 09:31:42.100,4781.8000,6627,0,214985100.000,0,-,-,-,-,4781.8000,4781.6000,4779.6000,4779.4000,4779.0000,4784.0000,4784.2000,4785.0000,4785.4000,4792.0000,2,3,1,2,1,3,1,1,1,5
SF,IF2103,2020-08-31 09:31:42.600,4781.8000,6627,0,214985100.000,0,-,-,-,-,4781.8000,4781.6000,4779.6000,4779.4000,4779.0000,4783.8000,4784.0000,4785.0000,4785.4000,4792.0000,2,3,1,1,1,1,2,1,1,5
SF,IF2103,2020-08-31 09:31:43.600,4781.8000,6627,0,214985100.000,0,-,-,-,-,4781.8000,4781.6000,4779.4000,4779.0000,4775.0000,4783.6000,4783.8000,4784.0000,4785.0000,4785.4000,2,3,1,1,1,2,1,1,1,1
SF,IF2103,2020-08-31 09:31:44.100,4781.6000,6626,-1,222157620.000,5,2,3,多平,S,4779.4000,4779.0000,4775.0000,4773.8000,4773.6000,4783.4000,4783.6000,4784.0000,4785.0000,4785.4000,1,1,1,2,2,1,2,1,1,1
SF,IF2103,2020-08-31 09:31:44.600,4783.4000,6625,-1,225027600.000,2,0,2,多平,S,4779.6000,4779.4000,4779.0000,4775.0000,4773.8000,4783.0000,4785.0000,4785.4000,4792.0000,4795.0000,2,1,1,1,2,2,1,1,5,1
SF,IF2103,2020-08-31 09:31:45.100,4783.4000,6625,0,225027600.000,0,-,-,-,-,4779.6000,4779.4000,4779.0000,4775.0000,4773.8000,4782.8000,4783.0000,4785.0000,4785.4000,4792.0000,2,1,1,1,2,1,2,1,1,5
SF,IF2103,2020-08-31 09:31:45.600,4783.4000,6625,0,225027600.000,0,-,-,-,-,4779.6000,4779.4000,4779.0000,4775.0000,4773.8000,4781.8000,4782.8000,4783.0000,4785.0000,4785.4000,2,1,1,1,2,2,1,2,1,1
SF,IF2103,2020-08-31 09:31:46.100,4782.2000,6623,-2,227897220.000,2,0,2,双平,S,4780.8000,4779.6000,4779.4000,4779.0000,4775.0000,4782.8000,4783.0000,4785.0000,4785.4000,4792.0000,2,2,1,1,1,1,2,1,1,5
SF,IF2103,2020-08-31 09:31:46.600,4782.2000,6623,0,227897220.000,0,-,-,-,-,4780.8000,4780.2000,4779.6000,4779.4000,4779.0000,4782.8000,4783.0000,4785.0000,4785.4000,4792.0000,2,5,2,1,1,1,2,1,1,5
SF,IF2103,2020-08-31 09:31:47.100,4782.2000,6623,0,227897220.000,0,-,-,-,-,4780.8000,4780.2000,4779.6000,4779.4000,4779.0000,4782.8000,4783.0000,4785.0000,4785.4000,4792.0000,2,5,2,1,1,1,1,1,1,5
SF,IF2103,2020-08-31 09:31:47.600,4782.8000,6623,0,229332060.000,1,0,1,多换,S,4780.8000,4780.2000,4779.6000,4779.4000,4779.0000,4783.0000,4785.0000,4785.4000,4792.0000,4795.0000,2,5,2,1,1,1,1,1,5,1
SF,IF2103,2020-08-31 09:31:48.100,4782.8000,6623,0,229332060.000,0,-,-,-,-,4782.8000,4781.0000,4780.8000,4780.2000,4779.6000,4785.0000,4785.4000,4792.0000,4795.0000,4796.8000,1,2,2,5,1,1,1,5,1,1
SF,IF2103,2020-08-31 09:31:48.600,4782.8000,6622,-1,230766900.000,1,0,1,双平,S,4781.0000,4780.8000,4780.2000,4779.6000,4779.4000,4784.4000,4784.8000,4785.0000,4785.4000,4792.0000,2,2,5,1,1,2,1,1,1,5
SF,IF2103,2020-08-31 09:31:49.100,4782.8000,6622,0,230766900.000,0,-,-,-,-,4781.2000,4781.0000,4780.8000,4780.2000,4779.4000,4784.2000,4784.4000,4785.0000,4785.4000,4792.0000,1,2,2,5,1,2,2,1,1,5
SF,IF2103,2020-08-31 09:31:49.600,4782.8000,6622,0,230766900.000,0,-,-,-,-,4781.4000,4781.2000,4781.0000,4780.8000,4780.2000,4783.6000,4783.8000,4784.2000,4785.0000,4785.4000,1,1,1,2,5,1,1,1,1,1
SF,IF2103,2020-08-31 09:31:50.100,4783.6000,6621,-1,232201980.000,1,0,1,双平,S,4781.4000,4781.2000,4781.0000,4780.8000,4780.2000,4783.8000,4784.2000,4785.0000,4785.4000,4792.0000,1,1,1,2,5,1,1,1,1,5
SF,IF2103,2020-08-31 09:31:50.600,4783.6000,6621,0,232201980.000,0,-,-,-,-,4781.6000,4781.4000,4781.0000,4780.8000,4780.2000,4785.0000,4785.4000,4792.0000,4795.0000,4796.8000,1,1,1,2,5,1,1,5,1,1
SF,IF2103,2020-08-31 09:31:51.100,4783.6000,6621,0,232201980.000,0,-,-,-,-,4781.8000,4781.6000,4781.0000,4780.8000,4780.2000,4784.4000,4784.8000,4785.0000,4785.4000,4792.0000,1,1,1,2,5,1,1,1,1,5
SF,IF2103,2020-08-31 09:31:51.600,4783.6000,6621,0,232201980.000,0,-,-,-,-,4782.0000,4781.8000,4780.8000,4780.2000,4779.4000,4784.2000,4784.4000,4785.0000,4785.4000,4792.0000,1,1,2,5,1,3,1,1,1,5
SF,IF2103,2020-08-31 09:31:52.100,4782.0000,6620,-1,235071240.000,2,0,2,多平,S,4780.8000,4780.2000,4779.4000,4779.0000,4775.0000,4783.6000,4784.2000,4785.0000,4785.4000,4792.0000,2,5,1,1,1,1,3,1,1,5
SF,IF2103,2020-08-31 09:31:52.600,4781.0000,6619,-1,236505540.000,1,0,1,双平,S,4780.8000,4780.2000,4779.4000,4779.0000,4775.0000,4783.4000,4783.6000,4784.2000,4785.0000,4785.4000,2,5,1,1,1,2,1,2,1,1
SF,IF2103,2020-08-31 09:31:53.100,4783.4000,6614,-5,243680400.000,5,0,5,双平,S,4780.8000,4780.2000,4779.4000,4779.0000,4775.0000,4783.0000,4783.4000,4784.2000,4785.0000,4785.4000,2,5,1,1,1,1,1,2,1,1
SF,IF2103,2020-08-31 09:31:53.600,4783.4000,6614,0,243680400.000,0,-,-,-,-,4781.0000,4780.8000,4780.2000,4779.4000,4779.0000,4782.8000,4783.0000,4783.4000,4784.2000,4785.0000,1,2,5,1,1,1,1,1,2,1
SF,IF2103,2020-08-31 09:31:54.100,4783.4000,6614,0,243680400.000,0,-,-,-,-,4781.0000,4780.8000,4780.2000,4779.0000,4775.0000,4782.8000,4783.0000,4783.4000,4784.2000,4785.0000,1,2,5,1,1,1,1,1,2,1
SF,IF2103,2020-08-31 09:31:54.600,4781.0000,6613,-1,245114700.000,1,0,1,双平,S,4780.8000,4780.2000,4775.0000,4773.8000,4773.6000,4782.6000,4782.8000,4783.4000,4784.2000,4785.0000,2,5,1,2,2,1,1,1,2,1
SF,IF2103,2020-08-31 09:31:55.100,4780.8000,6611,-2,247983180.000,2,0,2,双平,S,4780.2000,4775.0000,4773.8000,4773.6000,4773.4000,4781.8000,4782.4000,4782.6000,4783.4000,4784.2000,5,1,2,2,1,1,1,1,1,2
SF,IF2103,2020-08-31 09:31:55.600,4780.8000,6611,0,247983180.000,0,-,-,-,-,4780.2000,4775.0000,4773.8000,4773.6000,4773.4000,4781.6000,4782.6000,4783.4000,4784.2000,4785.0000,5,1,2,2,1,1,1,1,2,1
SF,IF2103,2020-08-31 09:31:56.100,4780.2000,6613,2,255153480.000,5,3,2,空开,S,4775.0000,4773.8000,4773.6000,4773.4000,4771.8000,4781.6000,4782.6000,4783.4000,4784.2000,4785.0000,1,2,2,1,1,1,1,1,2,1
SF,IF2103,2020-08-31 09:31:56.600,4780.2000,6613,0,255153480.000,0,-,-,-,-,4776.0000,4775.6000,4775.4000,4775.2000,4775.0000,4781.2000,4781.4000,4781.6000,4784.2000,4785.0000,2,1,1,2,1,1,1,1,1,1
SF,IF2103,2020-08-31 09:31:57.100,4780.2000,6613,0,255153480.000,0,-,-,-,-,4776.2000,4776.0000,4775.8000,4775.4000,4775.2000,4781.0000,4784.2000,4785.0000,4785.4000,4792.0000,2,2,2,1,1,2,1,1,1,5
SF,IF2103,2020-08-31 09:31:57.600,4780.2000,6613,0,255153480.000,0,-,-,-,-,4776.6000,4776.2000,4776.0000,4775.4000,4775.2000,4781.0000,4784.2000,4785.0000,4785.4000,4792.0000,1,2,2,1,1,1,1,1,1,5
SF,IF2103,2020-08-31 09:31:58.100,4781.0000,6613,0,256587780.000,1,0,1,多换,S,4777.6000,4777.0000,4776.8000,4776.6000,4776.2000,4784.2000,4785.0000,4785.4000,4792.0000,4796.8000,2,2,3,2,1,1,1,1,5,1
SF,IF2103,2020-08-31 09:31:58.600,4781.0000,6613,0,256587780.000,0,-,-,-,-,4781.0000,4777.8000,4777.6000,4777.0000,4776.8000,4783.6000,4784.0000,4784.2000,4785.0000,4785.4000,1,3,2,2,1,1,1,1,1,1
SF,IF2103,2020-08-31 09:31:59.100,4783.4000,6612,-1,259457100.000,2,0,2,多平,S,4781.2000,4778.6000,4777.8000,4777.0000,4776.6000,4783.4000,4783.6000,4784.2000,4785.0000,4785.4000,1,2,2,2,1,1,1,1,1,1
SF,IF2103,2020-08-31 09:31:59.600,4781.2000,6612,0,260891460.000,1,0,1,多换,S,4778.6000,4777.8000,4777.0000,4776.6000,4775.0000,4783.4000,4783.6000,4784.2000,4785.0000,4785.4000,2,2,2,1,1,1,1,1,1,1
SF,IF2103,2020-08-31 09:32:00.100,4781.2000,6612,0,260891460.000,0,-,-,-,-,4779.0000,4778.8000,4778.6000,4777.8000,4777.0000,4783.2000,4783.4000,4783.6000,4784.2000,4785.0000,1,2,2,1,2,1,1,1,1,1
SF,IF2103,2020-08-31 09:32:00.600,4781.2000,6612,0,260891460.000,0,-,-,-,-,4779.4000,4779.2000,4779.0000,4778.6000,4777.0000,4783.0000,4783.2000,4783.6000,4784.2000,4785.0000,1,2,1,2,2,1,1,1,1,1
SF,IF2103,2020-08-31 09:32:01.100,4781.2000,6612,0,260891460.000,0,-,-,-,-,4779.6000,4779.4000,4779.0000,4778.6000,4777.0000,4783.0000,4783.2000,4783.6000,4784.2000,4785.0000,2,1,1,2,2,1,1,1,1,1
SF,IF2103,2020-08-31 09:32:01.600,4783.0000,6611,-1,262326360.000,1,0,1,双平,S,4780.2000,4779.8000,4779.6000,4779.4000,4779.0000,4785.0000,4785.4000,4792.0000,4796.8000,4800.0000,1,1,2,1,1,1,1,5,1,6
SF,IF2103,2020-08-31 09:32:02.100,4784.8000,6610,-1,263761800.000,1,0,1,双平,S,4785.0000,4780.6000,4780.4000,4780.2000,4779.8000,4792.0000,4796.8000,4800.0000,4801.0000,4811.2000,2,1,2,2,3,5,1,6,2,1
SF,IF2103,2020-08-31 09:32:02.600,4784.8000,6610,0,263761800.000,0,-,-,-,-,4785.2000,4785.0000,4781.0000,4780.6000,4780.2000,4787.0000,4790.8000,4791.4000,4791.8000,4792.0000,2,2,2,1,1,1,1,2,3,5
SF,IF2103,2020-08-31 09:32:03.100,4785.2000,6609,-1,265197360.000,1,0,1,双平,S,4785.0000,4781.0000,4780.6000,4780.2000,4779.8000,4786.4000,4786.6000,4790.8000,4791.8000,4792.0000,2,2,1,1,1,1,2,1,2,5
SF,IF2103,2020-08-31 09:32:03.600,4785.0000,6609,0,266632860.000,1,0,1,多换,S,4785.0000,4781.0000,4780.6000,4780.2000,4779.8000,4786.2000,4786.4000,4786.6000,4790.8000,4791.8000,1,2,1,1,1,1,1,2,1,1
SF,IF2103,2020-08-31 09:32:04.100,4785.0000,6608,-1,268068360.000,1,0,1,双平,S,4781.0000,4780.6000,4780.2000,4779.4000,4777.6000,4785.6000,4786.0000,4786.6000,4790.8000,4791.8000,2,1,1,1,1,1,1,1,1,1
SF,IF2103,2020-08-31 09:32:04.600,4785.0000,6608,0,268068360.000,0,-,-,-,-,4781.2000,4781.0000,4780.6000,4780.2000,4779.4000,4785.4000,4786.0000,4786.6000,4790.8000,4791.8000,3,2,1,1,1,1,1,1,1,1
SF,IF2103,2020-08-31 09:32:05.100,4785.4000,6607,-1,269503980.000,1,0,1,双平,S,4781.8000,4781.2000,4781.0000,4780.6000,4779.4000,4786.6000,4790.8000,4791.8000,4792.0000,4796.8000,1,3,2,1,1,1,1,1,5,1
SF,IF2103,2020-08-31 09:32:05.600,4785.4000,6607,0,269503980.000,0,-,-,-,-,4782.2000,4782.0000,4781.8000,4781.2000,4781.0000,4790.8000,4791.8000,4792.0000,4796.8000,4800.0000,1,2,1,1,2,1,1,5,1,6
SF,IF2103,2020-08-31 09:32:06.100,4785.4000,6607,0,269503980.000,0,-,-,-,-,4782.6000,4782.4000,4782.2000,4781.8000,4781.2000,4790.2000,4790.6000,4790.8000,4792.0000,4796.8000,1,2,1,1,1,1,2,1,5,1
SF,IF2103,2020-08-31 09:32:06.600,4785.4000,6607,0,269503980.000,0,-,-,-,-,4782.8000,4782.6000,4782.2000,4781.8000,4781.2000,4789.6000,4789.8000,4790.0000,4790.2000,4790.6000,4,1,1,1,1,1,1,1,1,1
SF,IF2103,2020-08-31 09:32:07.100,4789.4000,6607,0,272377500.000,2,1,1,多换,S,4783.4000,4782.8000,4782.6000,4782.2000,4781.0000,4789.4000,4789.6000,4789.8000,4790.2000,4792.0000,2,4,1,1,1,1,1,1,1,5
SF,IF2103,2020-08-31 09:32:07.600,4784.0000,6605,-2,275249520.000,2,0,2,双平,S,4783.8000,4783.6000,4783.4000,4782.8000,4782.6000,4788.4000,4788.8000,4789.8000,4790.2000,4792.0000,1,2,2,2,1,1,1,1,1,5
SF,IF2103,2020-08-31 09:32:08.100,4784.0000,6605,0,275249520.000,0,-,-,-,-,4784.4000,4784.2000,4784.0000,4783.8000,4783.4000,4788.4000,4788.8000,4789.8000,4790.2000,4792.0000,2,1,2,1,1,1,1,1,1,5
SF,IF2103,2020-08-31 09:32:08.600,4788.4000,6604,-1,276686040.000,1,0,1,双平,S,4785.0000,4784.6000,4784.4000,4784.2000,4783.8000,4789.8000,4790.2000,4792.0000,4796.8000,4800.0000,1,2,2,1,1,1,1,5,1,6
SF,IF2103,2020-08-31 09:32:09.100,4788.4000,6604,0,276686040.000,0,-,-,-,-,4785.6000,4785.4000,4785.2000,4785.0000,4784.2000,4789.2000,4789.6000,4789.8000,4792.0000,4796.8000,1,1,2,1,1,1,1,1,5,1
SF,IF2103,2020-08-31 09:32:09.600,4788.4000,6604,0,276686040.000,0,-,-,-,-,4785.8000,4785.6000,4785.0000,4783.8000,4777.6000,4789.2000,4789.6000,4789.8000,4792.0000,4796.8000,3,1,1,1,1,1,1,1,5,1
SF,IF2103,2020-08-31 09:32:10.100,4789.2000,6603,-1,278122800.000,1,0,1,双平,S,4786.4000,4785.8000,4785.0000,4783.8000,4777.6000,4789.6000,4789.8000,4792.0000,4796.8000,4800.0000,1,3,1,1,1,1,1,5,1,6
SF,IF2103,2020-08-31 09:32:10.600,4789.6000,6603,0,279559680.000,1,0,1,多换,S,4786.6000,4786.4000,4785.8000,4785.0000,4783.8000,4792.0000,4796.8000,4800.0000,4801.0000,4811.2000,2,1,1,1,1,5,1,6,2,1
SF,IF2103,2020-08-31 09:32:11.100,4792.0000,6604,1,282434820.000,2,1,1,空开,S,4787.2000,4786.8000,4786.6000,4785.8000,4785.2000,4791.4000,4792.0000,4796.8000,4800.0000,4801.0000,1,3,2,1,1,1,4,1,6,2
SF,IF2103,2020-08-31 09:32:11.600,4791.4000,6604,0,283872240.000,1,0,1,多换,S,4787.4000,4787.2000,4786.8000,4785.2000,4785.0000,4789.8000,4791.4000,4792.0000,4796.8000,4800.0000,3,1,3,1,1,1,1,4,1,6
SF,IF2103,2020-08-31 09:32:12.100,4790.8000,6604,0,285309480.000,1,0,1,多换,S,4788.0000,4787.8000,4787.6000,4787.4000,4786.8000,4792.0000,4796.8000,4800.0000,4801.0000,4811.2000,1,2,3,2,2,4,1,6,2,1
SF,IF2103,2020-08-31 09:32:12.600,4792.0000,6604,0,291059880.000,4,2,2,多换,S,4788.6000,4788.2000,4788.0000,4787.8000,4787.6000,4796.8000,4800.0000,4801.0000,4811.2000,4820.0000,1,2,1,1,3,1,6,2,1,12
SF,IF2103,2020-08-31 09:32:13.100,4792.0000,6604,0,291059880.000,0,-,-,-,-,4789.6000,4789.2000,4788.8000,4788.6000,4788.2000,4793.6000,4796.2000,4796.6000,4796.8000,4800.0000,1,1,2,1,1,2,1,1,1,6
SF,IF2103,2020-08-31 09:32:13.600,4792.0000,6604,0,291059880.000,0,-,-,-,-,4790.2000,4789.8000,4789.6000,4788.6000,4787.8000,4793.6000,4796.2000,4796.6000,4796.8000,4800.0000,1,3,1,1,1,2,1,1,1,6
SF,IF2103,2020-08-31 09:32:14.100,4792.0000,6604,0,291059880.000,0,-,-,-,-,4790.4000,4790.2000,4789.8000,4789.6000,4788.6000,4796.2000,4796.6000,4796.8000,4800.0000,4801.0000,2,1,1,1,1,1,1,1,6,2
SF,IF2103,2020-08-31 09:32:14.600,4792.0000,6604,0,291059880.000,0,-,-,-,-,4791.0000,4790.4000,4789.8000,4789.6000,4788.6000,4795.8000,4796.2000,4796.6000,4796.8000,4800.0000,1,2,1,1,1,1,1,1,1,6
SF,IF2103,2020-08-31 09:32:15.100,4792.0000,6604,0,291059880.000,0,-,-,-,-,4791.2000,4789.8000,4789.6000,4788.6000,4787.8000,4793.0000,4793.4000,4795.6000,4795.8000,4796.2000,1,1,1,1,1,2,1,2,1,1
SF,IF2103,2020-08-31 09:32:15.600,4791.2000,6603,-1,292497240.000,1,0,1,双平,S,4789.6000,4788.6000,4787.8000,4787.6000,4777.6000,4793.0000,4795.6000,4795.8000,4796.2000,4796.6000,1,1,1,1,1,2,2,1,1,1
SF,IF2103,2020-08-31 09:32:16.100,4791.2000,6603,0,292497240.000,0,-,-,-,-,4789.8000,4787.8000,4787.6000,4777.6000,4775.0000,4792.8000,4793.0000,4795.8000,4796.2000,4796.6000,1,1,1,1,1,1,2,1,1,1
SF,IF2103,2020-08-31 09:32:16.600,4792.8000,6603,0,293935080.000,1,0,1,多换,S,4794.8000,4790.0000,4789.8000,4787.8000,4787.6000,4795.8000,4796.2000,4796.6000,4796.8000,4800.0000,1,1,1,1,1,1,1,1,1,6
SF,IF2103,2020-08-31 09:32:17.100,4794.8000,6602,-1,295373520.000,1,0,1,双平,S,4790.0000,4789.8000,4787.6000,4777.6000,4775.0000,4792.4000,4792.6000,4794.8000,4795.8000,4796.2000,1,1,1,1,1,1,2,1,1,1
SF,IF2103,2020-08-31 09:32:17.600,4792.4000,6601,-1,296811240.000,1,0,1,双平,S,4790.0000,4787.6000,4777.6000,4775.0000,4773.8000,4794.0000,4794.8000,4795.8000,4796.2000,4796.6000,1,1,1,1,2,1,1,1,1,1
SF,IF2103,2020-08-31 09:32:18.100,4790.4000,6601,0,298248360.000,1,0,1,多换,S,4790.2000,4790.0000,4787.6000,4777.6000,4775.0000,4793.8000,4794.0000,4794.8000,4795.8000,4796.2000,1,1,1,1,1,1,1,2,1,1
SF,IF2103,2020-08-31 09:32:18.600,4790.4000,6601,0,298248360.000,0,-,-,-,-,4790.4000,4790.2000,4787.6000,4777.6000,4775.0000,4792.6000,4793.8000,4794.0000,4794.8000,4795.8000,1,1,1,1,1,2,1,1,2,1
SF,IF2103,2020-08-31 09:32:19.100,4790.4000,6601,0,298248360.000,0,-,-,-,-,4790.6000,4790.4000,4787.6000,4777.6000,4775.0000,4793.0000,4793.8000,4794.0000,4794.8000,4795.8000,1,1,1,1,1,1,1,1,2,1
SF,IF2103,2020-08-31 09:32:19.600,4790.4000,6601,0,298248360.000,0,-,-,-,-,4790.8000,4790.6000,4787.6000,4777.6000,4775.0000,4794.0000,4794.8000,4795.8000,4796.2000,4796.6000,1,1,1,1,1,1,2,1,1,1
SF,IF2103,2020-08-31 09:32:20.100,4790.4000,6601,0,298248360.000,0,-,-,-,-,4792.6000,4791.2000,4791.0000,4790.8000,4787.6000,4794.0000,4794.8000,4795.8000,4796.2000,4796.6000,1,2,1,1,1,1,2,1,1,1
SF,IF2103,2020-08-31 09:32:20.600,4792.6000,6601,0,299686140.000,1,0,1,多换,S,4792.8000,4790.8000,4787.6000,4777.6000,4775.0000,4793.6000,4794.0000,4794.8000,4795.8000,4796.2000,1,1,1,1,1,1,1,1,1,1
SF,IF2103,2020-08-31 09:32:21.100,4792.8000,6600,-1,302561760.000,2,0,2,多平,S,4790.8000,4787.6000,4777.6000,4775.0000,4773.8000,4793.6000,4794.0000,4795.8000,4796.2000,4796.6000,1,1,1,1,2,1,1,1,1,1
SF,IF2103,2020-08-31 09:32:21.600,4793.2000,6599,-1,303999720.000,1,0,1,双平,S,4791.0000,4790.8000,4787.6000,4777.6000,4775.0000,4793.2000,4793.4000,4794.0000,4795.8000,4796.2000,1,1,1,1,1,1,1,1,1,1
SF,IF2103,2020-08-31 09:32:22.100,4791.0000,6598,-1,305437020.000,1,0,1,双平,S,4790.8000,4777.6000,4775.0000,4773.8000,4773.6000,4792.8000,4793.0000,4793.2000,4795.8000,4796.6000,1,1,1,2,1,2,2,2,1,1
SF,IF2103,2020-08-31 09:32:22.600,4791.0000,6598,0,305437020.000,0,-,-,-,-,4790.8000,4777.6000,4775.0000,4773.8000,4773.6000,4792.6000,4792.8000,4793.0000,4793.2000,4795.8000,1,1,1,2,1,1,2,1,1,1
SF,IF2103,2020-08-31 09:32:23.100,4790.8000,6598,0,306874260.000,1,0,1,多换,S,4777.6000,4775.0000,4773.8000,4773.6000,4770.4000,4792.4000,4792.8000,4793.0000,4795.8000,4796.6000,1,1,2,1,1,1,1,1,1,1
SF,IF2103,2020-08-31 09:32:23.600,4790.8000,6598,0,306874260.000,0,-,-,-,-,4786.2000,4784.4000,4784.2000,4784.0000,4783.8000,4792.2000,4792.4000,4793.0000,4795.8000,4796.6000,2,2,1,4,1,3,1,1,1,1
SF,IF2103,2020-08-31 09:32:24.100,4790.8000,6598,0,306874260.000,0,-,-,-,-,4786.8000,4786.6000,4786.4000,4784.2000,4784.0000,4792.0000,4792.2000,4792.4000,4793.0000,4793.8000,1,3,1,1,1,1,2,1,1,1
SF,IF2103,2020-08-31 09:32:24.600,4790.8000,6598,0,306874260.000,0,-,-,-,-,4787.0000,4786.8000,4786.6000,4782.8000,4779.2000,4791.4000,4791.8000,4792.0000,4792.4000,4793.8000,2,1,1,1,1,1,3,1,1,1
SF,IF2103,2020-08-31 09:32:25.100,4790.8000,6598,0,306874260.000,0,-,-,-,-,4787.6000,4787.0000,4786.6000,4782.8000,4779.2000,4791.2000,4791.4000,4791.8000,4793.8000,4795.8000,1,2,1,1,1,1,1,2,1,1
SF,IF2103,2020-08-31 09:32:25.600,4790.8000,6598,0,306874260.000,0,-,-,-,-,4787.8000,4787.6000,4786.6000,4782.8000,4779.2000,4791.2000,4791.4000,4795.8000,4796.8000,4798.0000,2,1,1,1,1,1,1,1,1,1
SF,IF2103,2020-08-31 09:32:26.100,4790.8000,6598,0,306874260.000,0,-,-,-,-,4788.4000,4787.8000,4786.6000,4782.8000,4779.2000,4791.2000,4795.8000,4796.8000,4798.0000,4800.0000,1,2,1,1,1,1,1,1,1,6
SF,IF2103,2020-08-31 09:32:26.600,4790.8000,6598,0,306874260.000,0,-,-,-,-,4790.6000,4788.6000,4788.4000,4786.6000,4782.8000,4791.0000,4791.2000,4795.8000,4796.8000,4798.0000,1,2,1,1,1,2,1,1,1,1
SF,IF2103,2020-08-31 09:32:27.100,4791.0000,6593,-5,315497760.000,6,0,6,多平,S,4788.6000,4788.4000,4786.6000,4782.8000,4779.2000,4795.8000,4796.8000,4798.0000,4800.0000,4801.0000,1,1,1,1,1,1,1,1,6,2
SF,IF2103,2020-08-31 09:32:27.600,4791.0000,6593,0,315497760.000,0,-,-,-,-,4788.8000,4786.6000,4782.8000,4779.2000,4778.2000,4795.6000,4795.8000,4796.8000,4798.0000,4800.0000,1,1,1,1,1,3,1,1,1,6
SF,IF2103,2020-08-31 09:32:28.100,4791.0000,6593,0,315497760.000,0,-,-,-,-,4788.8000,4782.8000,4779.2000,4778.2000,4777.8000,4791.0000,4795.0000,4795.6000,4795.8000,4796.8000,1,1,1,1,2,2,1,3,1,1
SF,IF2103,2020-08-31 09:32:28.600,4788.8000,6593,0,316934400.000,1,0,1,多换,S,4782.8000,4779.2000,4778.2000,4777.8000,4777.6000,4790.8000,4791.0000,4795.0000,4795.6000,4795.8000,1,1,1,2,1,2,2,1,2,1
SF,IF2103,2020-08-31 09:32:29.100,4788.8000,6593,0,316934400.000,0,-,-,-,-,4785.0000,4783.4000,4783.0000,4782.8000,4777.8000,4790.2000,4790.6000,4790.8000,4795.6000,4795.8000,2,2,2,1,2,1,1,2,1,1
SF,IF2103,2020-08-31 09:32:29.600,4788.8000,6593,0,316934400.000,0,-,-,-,-,4785.8000,4785.6000,4785.2000,4783.4000,4783.0000,4789.8000,4790.0000,4790.2000,4790.8000,4795.6000,1,1,1,1,1,3,2,1,1,1
SF,IF2103,2020-08-31 09:32:30.100,4786.0000,6593,0,318370200.000,1,0,1,多换,S,4785.6000,4783.4000,4783.0000,4777.8000,4777.6000,4789.4000,4789.6000,4789.8000,4790.2000,4790.8000,1,1,1,1,1,1,2,1,1,1
SF,IF2103,2020-08-31 09:32:30.600,4786.0000,6593,0,318370200.000,0,-,-,-,-,4785.6000,4783.4000,4783.0000,4777.8000,4777.6000,4788.4000,4789.2000,4789.4000,4789.8000,4790.2000,1,1,1,1,1,2,2,1,1,1
SF,IF2103,2020-08-31 09:32:31.100,4786.0000,6593,0,318370200.000,0,-,-,-,-,4786.0000,4783.4000,4783.0000,4777.8000,4777.6000,4788.2000,4789.4000,4790.2000,4790.8000,4795.6000,1,1,1,1,1,3,1,1,1,1
SF,IF2103,2020-08-31 09:32:31.600,4786.0000,6593,0,319806000.000,1,0,1,多换,S,4783.4000,4783.0000,4777.8000,4777.6000,4775.0000,4787.4000,4788.2000,4789.4000,4790.2000,4790.8000,1,1,1,1,1,2,3,1,1,1
SF,IF2103,2020-08-31 09:32:32.100,4783.6000,6592,-1,321241080.000,1,0,1,双平,S,4784.0000,4783.6000,4783.4000,4783.0000,4777.8000,4787.2000,4787.4000,4788.2000,4789.4000,4790.2000,1,1,1,1,1,2,2,1,1,1
SF,IF2103,2020-08-31 09:32:32.600,4783.6000,6592,0,321241080.000,0,-,-,-,-,4784.4000,4784.2000,4784.0000,4783.4000,4783.0000,4787.2000,4787.4000,4788.2000,4789.4000,4790.2000,1,1,1,1,1,2,2,1,1,1
SF,IF2103,2020-08-31 09:32:33.100,4783.6000,6592,0,321241080.000,0,-,-,-,-,4784.6000,4784.4000,4783.4000,4783.0000,4777.8000,4787.2000,4788.2000,4789.4000,4790.2000,4795.6000,1,1,1,1,1,2,1,1,1,1
SF,IF2103,2020-08-31 09:32:33.600,4787.2000,6592,0,322677240.000,1,0,1,多换,S,4784.8000,4784.6000,4784.4000,4783.4000,4783.0000,4788.2000,4789.4000,4790.2000,4795.6000,4796.8000,1,1,1,1,1,1,1,1,1,1
SF,IF2103,2020-08-31 09:32:34.100,4787.2000,6591,-1,324113400.000,1,0,1,双平,S,4785.0000,4784.8000,4784.6000,4784.4000,4783.4000,4787.0000,4788.0000,4788.2000,4789.4000,4790.2000,1,1,1,1,1,1,1,1,1,1
SF,IF2103,2020-08-31 09:32:34.600,4787.2000,6591,0,324113400.000,0,-,-,-,-,4784.8000,4784.6000,4783.4000,4783.0000,4777.8000,4786.8000,4787.0000,4788.2000,4789.4000,4790.2000,1,1,1,1,1,1,1,1,1,1
SF,IF2103,2020-08-31 09:32:35.100,4784.8000,6591,0,325548840.000,1,0,1,多换,S,4777.8000,4777.6000,4775.0000,4773.8000,4773.6000,4786.8000,4787.0000,4788.2000,4789.4000,4790.2000,1,1,1,2,1,1,1,1,1,1
SF,IF2103,2020-08-31 09:32:35.600,4786.6000,6591,0,326984820.000,1,0,1,多换,S,4778.8000,4778.4000,4778.2000,4778.0000,4777.8000,4785.0000,4786.6000,4786.8000,4787.0000,4789.4000,1,2,1,2,1,1,2,1,1,1
SF,IF2103,2020-08-31 09:32:36.100,4786.6000,6591,0,326984820.000,0,-,-,-,-,4780.0000,4779.4000,4779.0000,4778.8000,4778.4000,4784.8000,4785.0000,4786.6000,4789.4000,4790.2000,2,2,2,1,1,2,1,1,1,1
SF,IF2103,2020-08-31 09:32:36.600,4786.6000,6591,0,326984820.000,0,-,-,-,-,4780.6000,4780.4000,4780.2000,4779.4000,4778.8000,4784.8000,4785.0000,4786.6000,4789.4000,4790.2000,2,2,2,1,1,2,1,1,1,1
SF,IF2103,2020-08-31 09:32:37.100,4786.6000,6591,0,326984820.000,0,-,-,-,-,4782.0000,4781.0000,4780.8000,4780.6000,4780.4000,4784.8000,4785.0000,4786.6000,4789.4000,4790.2000,1,1,3,2,2,2,1,1,1,1
SF,IF2103,2020-08-31 09:32:37.600,4784.8000,6590,-1,329855700.000,2,0,2,多平,S,4782.4000,4782.2000,4782.0000,4781.0000,4780.8000,4785.0000,4786.6000,4789.4000,4790.2000,4795.6000,1,2,1,2,2,1,1,1,1,1
SF,IF2103,2020-08-31 09:32:38.100,4785.0000,6589,-1,331291200.000,1,0,1,双平,S,4783.0000,4782.6000,4782.4000,4782.0000,4781.0000,4789.4000,4790.2000,4795.6000,4796.8000,4798.0000,1,4,2,1,1,1,1,1,1,1
SF,IF2103,2020-08-31 09:32:38.600,4785.0000,6589,0,331291200.000,0,-,-,-,-,4783.4000,4783.2000,4783.0000,4782.6000,4782.0000,4788.6000,4789.2000,4789.4000,4790.2000,4795.6000,1,2,1,2,1,1,1,1,1,1
SF,IF2103,2020-08-31 09:32:39.100,4785.0000,6589,0,331291200.000,0,-,-,-,-,4784.0000,4783.6000,4783.4000,4782.6000,4782.0000,4788.2000,4788.4000,4789.4000,4790.2000,4795.6000,1,3,1,1,1,1,1,1,1,1
SF,IF2103,2020-08-31 09:32:39.600,4785.0000,6589,0,331291200.000,0,-,-,-,-,4784.2000,4784.0000,4783.6000,4783.4000,4782.6000,4787.6000,4788.0000,4788.2000,4789.4000,4790.2000,2,1,1,1,1,1,1,1,1,1
SF,IF2103,2020-08-31 09:32:40.100,4785.0000,6589,0,331291200.000,0,-,-,-,-,4784.8000,4784.6000,4784.4000,4784.2000,4783.6000,4787.4000,4787.6000,4788.2000,4789.4000,4790.2000,1,1,1,2,1,1,1,1,1,1
SF,IF2103,2020-08-31 09:32:40.600,4785.0000,6589,0,331291200.000,0,-,-,-,-,4785.0000,4784.8000,4784.6000,4784.4000,4783.6000,4787.4000,4787.6000,4788.2000,4789.4000,4790.2000,2,1,1,1,1,1,1,1,1,1
SF,IF2103,2020-08-31 09:32:41.100,4787.4000,6588,-1,332727420.000,1,0,1,双平,S,4785.4000,4785.2000,4785.0000,4784.6000,4784.4000,4789.4000,4790.2000,4795.6000,4796.8000,4798.0000,1,1,2,1,1,1,1,1,1,1
SF,IF2103,2020-08-31 09:32:41.600,4787.4000,6588,0,332727420.000,0,-,-,-,-,4785.6000,4785.4000,4784.6000,4784.4000,4783.6000,4789.2000,4790.2000,4795.6000,4796.8000,4798.0000,2,1,1,1,1,1,1,1,1,1
SF,IF2103,2020-08-31 09:32:42.100,4787.4000,6588,0,332727420.000,0,-,-,-,-,4786.2000,4785.8000,4785.6000,4784.4000,4783.6000,4795.6000,4796.8000,4798.0000,4799.0000,4800.0000,1,1,3,1,1,1,1,1,1,6
SF,IF2103,2020-08-31 09:32:42.600,4787.4000,6588,0,332727420.000,0,-,-,-,-,4786.4000,4786.2000,4785.8000,4785.6000,4784.4000,4790.0000,4795.0000,4795.4000,4795.6000,4796.8000,2,1,1,1,1,1,1,2,1,1
SF,IF2103,2020-08-31 09:32:43.100,4787.4000,6588,0,332727420.000,0,-,-,-,-,4787.0000,4786.6000,4786.4000,4785.8000,4785.6000,4790.0000,4795.0000,4795.4000,4796.8000,4798.0000,1,1,2,1,1,1,1,2,1,1
SF,IF2103,2020-08-31 09:32:43.600,4787.4000,6588,0,332727420.000,0,-,-,-,-,4787.6000,4787.2000,4787.0000,4786.6000,4785.8000,4790.0000,4795.0000,4795.4000,4796.8000,4798.0000,1,3,1,1,1,1,1,1,1,1
SF,IF2103,2020-08-31 09:32:44.100,4787.4000,6588,0,332727420.000,0,-,-,-,-,4787.8000,4787.2000,4787.0000,4786.6000,4785.8000,4795.0000,4795.4000,4796.8000,4798.0000,4799.0000,2,1,1,1,1,1,1,1,1,1
SF,IF2103,2020-08-31 09:32:44.600,4787.4000,6588,0,332727420.000,0,-,-,-,-,4787.8000,4787.0000,4786.6000,4785.8000,4785.6000,4794.6000,4794.8000,4795.0000,4796.8000,4798.0000,1,1,1,1,1,1,3,1,1,1
SF,IF2103,2020-08-31 09:32:45.100,4787.4000,6588,0,332727420.000,0,-,-,-,-,4787.8000,4787.0000,4786.6000,4785.8000,4785.6000,4791.2000,4794.2000,4794.4000,4794.6000,4794.8000,1,1,1,1,1,1,1,2,1,1
SF,IF2103,2020-08-31 09:32:45.600,4787.4000,6588,0,332727420.000,0,-,-,-,-,4787.8000,4787.0000,4786.6000,4785.8000,4785.6000,4791.0000,4794.6000,4794.8000,4795.0000,4796.8000,1,1,1,1,1,3,1,1,1,1
SF,IF2103,2020-08-31 09:32:46.100,4787.4000,6588,0,332727420.000,0,-,-,-,-,4787.8000,4785.8000,4785.6000,4781.0000,4780.6000,4791.0000,4794.6000,4794.8000,4795.0000,4796.8000,1,1,1,1,1,3,1,1,1,1
SF,IF2103,2020-08-31 09:32:46.600,4787.4000,6588,0,332727420.000,0,-,-,-,-,4787.8000,4785.8000,4785.6000,4781.0000,4780.6000,4788.4000,4790.8000,4791.0000,4794.6000,4794.8000,1,1,1,1,1,1,2,3,1,1
SF,IF2103,2020-08-31 09:32:47.100,4787.8000,6587,-1,334163760.000,1,0,1,双平,S,4785.6000,4781.0000,4780.6000,4778.2000,4777.6000,4788.4000,4790.8000,4791.0000,4794.6000,4794.8000,1,1,1,1,1,1,2,3,1,1
SF,IF2103,2020-08-31 09:32:47.600,4788.4000,6586,-1,337036800.000,2,0,2,多平,S,4788.4000,4786.2000,4786.0000,4785.8000,4785.6000,4790.8000,4791.0000,4794.6000,4795.0000,4796.8000,1,1,2,2,1,1,1,1,1,1
SF,IF2103,2020-08-31 09:32:48.100,4788.4000,6586,0,337036800.000,0,-,-,-,-,4788.6000,4786.2000,4785.8000,4785.6000,4781.0000,4790.6000,4791.0000,4794.6000,4795.0000,4796.8000,1,1,1,1,1,1,1,1,1,1
SF,IF2103,2020-08-31 09:32:48.600,4790.6000,6585,-1,339910560.000,2,0,2,多平,S,4786.2000,4785.8000,4785.6000,4781.0000,4780.6000,4791.0000,4794.6000,4795.0000,4796.8000,4798.0000,1,1,1,1,1,1,1,1,1,1
SF,IF2103,2020-08-31 09:32:49.100,4790.6000,6585,0,339910560.000,0,-,-,-,-,4786.4000,4786.2000,4785.8000,4785.6000,4781.0000,4790.8000,4794.6000,4795.0000,4796.8000,4798.0000,3,1,1,1,1,1,1,1,1,1
SF,IF2103,2020-08-31 09:32:49.600,4790.6000,6585,0,339910560.000,0,-,-,-,-,4787.0000,4786.6000,4786.4000,4785.8000,4785.6000,4790.8000,4794.6000,4795.0000,4796.8000,4798.0000,1,1,3,1,1,1,1,1,1,1
SF,IF2103,2020-08-31 09:32:50.100,4790.6000,6585,0,339910560.000,0,-,-,-,-,4787.2000,4787.0000,4786.6000,4786.4000,4785.8000,4790.8000,4794.6000,4795.0000,4796.8000,4798.0000,2,1,1,1,1,1,1,1,1,1
SF,IF2103,2020-08-31 09:32:50.600,4790.6000,6585,0,339910560.000,0,-,-,-,-,4787.6000,4787.2000,4786.6000,4785.8000,4785.6000,4790.8000,4794.6000,4795.0000,4796.8000,4798.0000,2,2,1,1,1,1,1,1,1,1
SF,IF2103,2020-08-31 09:32:51.100,4790.6000,6585,0,339910560.000,0,-,-,-,-,4787.8000,4786.6000,4785.8000,4785.6000,4781.0000,4790.6000,4790.8000,4794.6000,4795.0000,4796.8000,2,1,1,1,1,1,1,1,1,1
SF,IF2103,2020-08-31 09:32:51.600,4790.6000,6585,0,339910560.000,0,-,-,-,-,4786.6000,4785.6000,4781.0000,4780.6000,4778.2000,4790.4000,4790.6000,4794.6000,4795.0000,4796.8000,1,1,1,1,1,2,1,1,1,1
SF,IF2103,2020-08-31 09:32:52.100,4790.6000,6585,0,339910560.000,0,-,-,-,-,4786.8000,4785.6000,4781.0000,4780.6000,4778.2000,4789.8000,4790.2000,4790.4000,4790.6000,4796.8000,1,1,1,1,1,1,2,2,1,1
SF,IF2103,2020-08-31 09:32:52.600,4790.6000,6586,1,341347740.000,1,1,0,双开,S,4785.6000,4781.0000,4780.6000,4778.2000,4777.6000,4789.6000,4789.8000,4790.2000,4790.6000,4796.8000,1,1,1,1,1,2,1,2,1,1
SF,IF2103,2020-08-31 09:32:53.100,4790.6000,6586,0,341347740.000,0,-,-,-,-,4785.8000,4785.6000,4781.0000,4780.6000,4778.2000,4789.6000,4789.8000,4790.2000,4796.8000,4798.0000,1,1,1,1,1,2,1,2,1,1
SF,IF2103,2020-08-31 09:32:53.600,4790.6000,6586,0,341347740.000,0,-,-,-,-,4785.8000,4785.6000,4781.0000,4780.6000,4778.2000,4789.4000,4789.6000,4789.8000,4790.2000,4796.8000,1,1,1,1,1,1,2,1,2,1
SF,IF2103,2020-08-31 09:32:54.100,4785.8000,6586,0,342783480.000,1,0,1,多换,S,4785.6000,4781.0000,4780.6000,4778.2000,4777.6000,4789.2000,4789.4000,4789.8000,4790.2000,4796.8000,1,1,1,1,1,2,1,1,2,1
SF,IF2103,2020-08-31 09:32:54.600,4785.8000,6586,0,342783480.000,0,-,-,-,-,4785.8000,4785.6000,4781.0000,4780.6000,4778.2000,4789.2000,4789.4000,4789.8000,4790.2000,4796.8000,1,1,1,1,1,2,1,1,2,1
SF,IF2103,2020-08-31 09:32:55.100,4785.8000,6586,0,342783480.000,0,-,-,-,-,4785.8000,4785.6000,4781.0000,4780.6000,4778.2000,4789.2000,4789.8000,4790.2000,4796.8000,4798.0000,1,1,1,1,1,2,1,2,1,1
SF,IF2103,2020-08-31 09:32:55.600,4785.8000,6586,0,342783480.000,0,-,-,-,-,4787.6000,4785.8000,4785.6000,4781.0000,4780.6000,4789.2000,4789.8000,4790.2000,4796.8000,4798.0000,1,1,1,1,1,2,1,1,1,1
SF,IF2103,2020-08-31 09:32:56.100,4787.6000,6587,1,344219760.000,1,1,0,双开,S,4786.4000,4785.8000,4785.6000,4781.0000,4780.6000,4789.2000,4789.8000,4790.2000,4796.8000,4798.0000,1,1,1,1,1,1,1,1,1,1
SF,IF2103,2020-08-31 09:32:56.600,4787.6000,6587,0,344219760.000,0,-,-,-,-,4786.6000,4785.6000,4781.0000,4780.6000,4778.2000,4788.4000,4789.0000,4789.2000,4789.8000,4790.2000,1,1,1,1,1,3,1,1,1,1
SF,IF2103,2020-08-31 09:32:57.100,4788.4000,6587,0,348529320.000,3,1,2,多换,S,4786.8000,4786.6000,4785.6000,4781.0000,4780.6000,4789.2000,4789.8000,4790.2000,4796.8000,4798.0000,2,1,1,1,1,1,1,1,1,1
SF,IF2103,2020-08-31 09:32:57.600,4788.4000,6587,0,348529320.000,0,-,-,-,-,4787.0000,4786.8000,4785.6000,4781.0000,4780.6000,4789.2000,4789.8000,4796.8000,4798.0000,4799.0000,2,2,1,1,1,1,1,1,1,1
SF,IF2103,2020-08-31 09:32:58.100,4788.4000,6587,0,348529320.000,0,-,-,-,-,4787.0000,4786.8000,4785.6000,4781.0000,4780.6000,4789.2000,4796.8000,4798.0000,4799.0000,4800.0000,2,2,1,1,1,1,1,1,1,6
SF,IF2103,2020-08-31 09:32:59.100,4788.4000,6587,0,348529320.000,0,-,-,-,-,4787.0000,4785.6000,4781.0000,4780.6000,4778.2000,4789.2000,4796.8000,4798.0000,4799.0000,4800.0000,2,1,1,1,1,1,1,1,1,6
SF,IF2103,2020-08-31 09:32:59.600,4788.4000,6587,0,348529320.000,0,-,-,-,-,4787.0000,4785.6000,4781.0000,4780.6000,4778.2000,4789.2000,4796.8000,4798.0000,4799.0000,4800.0000,1,1,1,1,1,1,1,1,1,6
SF,IF2103,2020-08-31 09:33:00.100,4787.0000,6587,0,349965420.000,1,0,1,多换,S,4785.6000,4781.0000,4780.6000,4778.2000,4777.6000,4796.8000,4798.0000,4799.0000,4800.0000,4801.0000,1,1,1,1,1,1,1,1,6,2
SF,IF2103,2020-08-31 09:33:00.600,4787.0000,6587,0,349965420.000,0,-,-,-,-,4785.8000,4785.6000,4781.0000,4780.6000,4778.2000,4790.8000,4796.2000,4796.6000,4796.8000,4798.0000,1,1,1,1,1,1,1,4,1,1
SF,IF2103,2020-08-31 09:33:01.100,4787.0000,6587,0,349965420.000,0,-,-,-,-,4785.8000,4785.6000,4781.0000,4780.6000,4778.2000,4790.2000,4790.6000,4790.8000,4796.2000,4796.6000,1,1,1,1,1,1,2,1,1,1
SF,IF2103,2020-08-31 09:33:01.600,4787.0000,6587,0,349965420.000,0,-,-,-,-,4786.6000,4786.0000,4785.8000,4785.6000,4781.0000,4789.8000,4790.0000,4790.2000,4790.8000,4796.8000,1,1,1,1,1,1,2,1,1,1
SF,IF2103,2020-08-31 09:33:02.100,4789.6000,6586,-1,351402300.000,1,0,1,双平,S,4787.0000,4786.8000,4786.6000,4786.0000,4785.6000,4789.6000,4789.8000,4790.2000,4796.8000,4798.0000,1,1,1,1,1,1,1,1,1,1
SF,IF2103,2020-08-31 09:33:02.600,4789.6000,6586,0,352839180.000,1,0,1,多换,S,4787.2000,4787.0000,4786.6000,4786.0000,4785.6000,4796.8000,4798.0000,4799.0000,4800.0000,4801.0000,1,2,1,1,1,1,1,1,6,2
SF,IF2103,2020-08-31 09:33:03.100,4789.6000,6586,0,352839180.000,0,-,-,-,-,4787.6000,4787.2000,4786.0000,4785.6000,4781.0000,4796.2000,4796.6000,4796.8000,4798.0000,4799.0000,1,1,1,1,1,1,4,1,1,1
SF,IF2103,2020-08-31 09:33:03.600,4789.6000,6586,0,352839180.000,0,-,-,-,-,4787.8000,4787.6000,4785.6000,4781.0000,4780.6000,4790.8000,4796.0000,4796.2000,4796.6000,4796.8000,1,1,1,1,1,1,2,1,1,1
SF,IF2103,2020-08-31 09:33:04.100,4787.8000,6585,-1,354275520.000,1,0,1,双平,S,4788.8000,4785.6000,4781.0000,4780.6000,4778.2000,4790.6000,4790.8000,4793.8000,4796.2000,4796.6000,2,1,1,1,1,3,1,1,1,1
SF,IF2103,2020-08-31 09:33:04.600,4788.6000,6585,0,357148680.000,2,1,1,多换,S,4785.6000,4781.0000,4780.6000,4778.2000,4777.6000,4788.4000,4788.8000,4790.2000,4790.6000,4790.8000,1,1,1,1,1,2,1,1,1,1
SF,IF2103,2020-08-31 09:33:05.100,4788.6000,6585,0,357148680.000,0,-,-,-,-,4786.0000,4785.6000,4781.0000,4780.6000,4778.2000,4788.2000,4788.4000,4788.8000,4790.2000,4790.6000,1,1,1,1,1,3,2,1,1,1
SF,IF2103,2020-08-31 09:33:05.600,4786.0000,6584,-1,358584480.000,1,0,1,双平,S,4785.6000,4781.0000,4780.6000,4778.2000,4777.6000,4788.2000,4788.4000,4788.8000,4790.2000,4790.6000,1,1,1,1,1,3,2,1,1,1
SF,IF2103,2020-08-31 09:33:06.100,4785.6000,6585,1,360020160.000,1,1,0,双开,S,4781.0000,4780.6000,4778.2000,4777.6000,4775.0000,4788.2000,4788.4000,4788.8000,4790.2000,4790.6000,1,1,1,1,1,3,2,1,1,1
SF,IF2103,2020-08-31 09:33:06.600,4785.6000,6585,0,360020160.000,0,-,-,-,-,4781.6000,4781.4000,4781.2000,4781.0000,4780.6000,4788.2000,4788.4000,4788.8000,4790.2000,4790.8000,1,1,2,1,1,3,2,1,1,1
SF,IF2103,2020-08-31 09:33:07.100,4785.6000,6585,0,360020160.000,0,-,-,-,-,4782.2000,4781.8000,4781.6000,4781.4000,4781.2000,4788.2000,4788.4000,4788.8000,4790.2000,4790.8000,2,2,1,1,1,2,2,1,1,1
SF,IF2103,2020-08-31 09:33:07.600,4785.6000,6585,0,360020160.000,0,-,-,-,-,4782.8000,4782.6000,4782.4000,4782.2000,4781.8000,4788.2000,4788.4000,4788.8000,4790.2000,4790.8000,1,1,3,2,1,2,2,1,1,1
SF,IF2103,2020-08-31 09:33:08.100,4785.6000,6585,0,360020160.000,0,-,-,-,-,4783.4000,4783.0000,4782.8000,4782.6000,4782.4000,4788.2000,4788.4000,4788.8000,4790.2000,4790.8000,2,2,1,1,2,2,2,1,1,1
SF,IF2103,2020-08-31 09:33:08.600,4785.6000,6585,0,360020160.000,0,-,-,-,-,4784.0000,4783.6000,4783.4000,4783.0000,4782.6000,4788.2000,4788.4000,4788.8000,4790.2000,4790.8000,2,2,2,1,1,2,2,1,1,1
SF,IF2103,2020-08-31 09:33:09.100,4785.6000,6585,0,360020160.000,0,-,-,-,-,4784.6000,4784.2000,4784.0000,4783.6000,4783.4000,4788.2000,4788.4000,4788.8000,4790.2000,4790.8000,1,1,2,1,1,2,2,1,1,1
SF,IF2103,2020-08-31 09:33:09.600,4785.6000,6585,0,360020160.000,0,-,-,-,-,4784.8000,4784.6000,4784.0000,4783.6000,4783.4000,4788.2000,4788.4000,4788.8000,4790.2000,4790.8000,2,1,1,1,1,2,2,1,1,1
SF,IF2103,2020-08-31 09:33:10.100,4785.6000,6585,0,360020160.000,0,-,-,-,-,4785.2000,4784.8000,4783.6000,4783.4000,4783.0000,4788.2000,4788.4000,4788.8000,4790.2000,4790.8000,1,2,1,1,1,2,2,1,1,1
SF,IF2103,2020-08-31 09:33:10.600,4785.6000,6585,0,360020160.000,0,-,-,-,-,4785.4000,4785.2000,4784.8000,4783.6000,4783.4000,4788.2000,4788.4000,4788.8000,4790.2000,4790.8000,1,1,2,1,1,2,2,1,1,1
SF,IF2103,2020-08-31 09:33:11.100,4785.6000,6585,0,360020160.000,0,-,-,-,-,4785.6000,4785.4000,4785.2000,4784.8000,4783.6000,4788.2000,4788.4000,4788.8000,4790.2000,4790.8000,1,1,1,1,1,2,2,1,1,1
SF,IF2103,2020-08-31 09:33:11.600,4785.6000,6585,0,360020160.000,0,-,-,-,-,4785.8000,4785.4000,4785.2000,4784.8000,4783.6000,4788.2000,4788.4000,4788.8000,4790.2000,4790.8000,1,1,1,1,2,1,2,1,1,1
SF,IF2103,2020-08-31 09:33:12.100,4785.6000,6585,0,360020160.000,0,-,-,-,-,4785.8000,4785.4000,4785.2000,4784.8000,4783.6000,4788.2000,4788.4000,4788.8000,4790.2000,4790.8000,1,1,1,1,2,1,2,1,1,1
SF,IF2103,2020-08-31 09:33:12.600,4785.6000,6585,0,360020160.000,0,-,-,-,-,4785.8000,4785.4000,4785.2000,4784.8000,4783.6000,4788.2000,4788.4000,4788.8000,4790.2000,4790.8000,1,1,1,1,2,1,2,1,1,1
SF,IF2103,2020-08-31 09:33:13.100,4785.6000,6585,0,360020160.000,0,-,-,-,-,4785.8000,4785.2000,4784.8000,4783.6000,4783.4000,4788.2000,4788.4000,4788.8000,4790.2000,4790.8000,1,1,1,2,1,1,2,1,1,1
SF,IF2103,2020-08-31 09:33:13.600,4788.2000,6584,-1,361456620.000,1,0,1,双平,S,4785.8000,4785.2000,4784.8000,4783.6000,4783.4000,4788.4000,4788.8000,4790.2000,4790.8000,4793.8000,1,1,1,2,1,2,1,1,1,1
SF,IF2103,2020-08-31 09:33:14.100,4788.2000,6584,0,361456620.000,0,-,-,-,-,4786.0000,4785.2000,4784.8000,4783.6000,4783.4000,4787.8000,4788.2000,4788.4000,4788.8000,4790.2000,1,1,1,2,1,1,2,2,1,1
SF,IF2103,2020-08-31 09:33:14.600,4788.2000,6584,0,361456620.000,0,-,-,-,-,4786.0000,4785.2000,4784.8000,4783.6000,4783.4000,4787.6000,4787.8000,4788.2000,4788.4000,4788.8000,1,1,1,2,1,1,1,1,2,1
SF,IF2103,2020-08-31 09:33:15.100,4788.2000,6584,0,361456620.000,0,-,-,-,-,4786.0000,4785.2000,4784.8000,4783.6000,4783.4000,4787.6000,4788.4000,4788.8000,4790.2000,4790.8000,1,1,1,2,1,1,2,1,1,1
SF,IF2103,2020-08-31 09:33:15.600,4787.6000,6583,-1,362892900.000,1,0,1,双平,S,4786.2000,4786.0000,4785.2000,4784.8000,4783.6000,4788.4000,4788.8000,4790.2000,4790.8000,4793.8000,1,1,1,1,2,2,1,1,1,1
SF,IF2103,2020-08-31 09:33:16.100,4787.6000,6583,0,362892900.000,0,-,-,-,-,4786.4000,4786.2000,4785.2000,4784.8000,4783.6000,4788.4000,4788.8000,4790.2000,4790.8000,4793.8000,1,1,1,1,2,2,1,1,1,1
SF,IF2103,2020-08-31 09:33:16.600,4787.6000,6583,0,362892900.000,0,-,-,-,-,4786.4000,4785.2000,4784.8000,4783.6000,4783.4000,4788.4000,4788.8000,4790.2000,4790.8000,4793.8000,1,1,1,2,1,2,1,1,1,1
SF,IF2103,2020-08-31 09:33:18.600,4786.4000,6583,0,364328820.000,1,0,1,多换,S,4785.2000,4784.8000,4783.6000,4783.4000,4783.0000,4788.4000,4788.8000,4790.2000,4790.8000,4793.8000,1,1,2,1,1,2,1,1,1,1
SF,IF2103,2020-08-31 09:33:19.100,4786.4000,6583,0,364328820.000,0,-,-,-,-,4785.6000,4785.4000,4785.2000,4783.6000,4783.4000,4788.2000,4788.4000,4788.8000,4790.2000,4790.8000,1,1,1,2,1,2,2,1,1,1
SF,IF2103,2020-08-31 09:33:19.600,4786.4000,6583,0,364328820.000,0,-,-,-,-,4785.8000,4785.6000,4785.2000,4783.6000,4783.4000,4788.0000,4788.2000,4788.4000,4788.8000,4790.2000,1,1,1,2,1,1,2,2,1,1
SF,IF2103,2020-08-31 09:33:20.100,4786.4000,6583,0,364328820.000,0,-,-,-,-,4785.8000,4785.6000,4785.2000,4783.6000,4783.4000,4787.8000,4788.0000,4788.2000,4788.4000,4788.8000,1,1,1,2,1,1,1,1,2,1
SF,IF2103,2020-08-31 09:33:20.600,4786.4000,6583,0,364328820.000,0,-,-,-,-,4785.8000,4785.6000,4785.2000,4783.6000,4783.4000,4787.8000,4788.0000,4788.2000,4788.4000,4788.8000,1,1,1,1,1,1,1,1,2,1
SF,IF2103,2020-08-31 09:33:21.600,4786.4000,6583,0,364328820.000,0,-,-,-,-,4785.8000,4785.6000,4785.2000,4783.6000,4783.4000,4787.8000,4788.2000,4788.4000,4788.8000,4790.2000,1,1,1,1,1,1,1,2,1,1
SF,IF2103,2020-08-31 09:33:22.600,4786.4000,6583,0,364328820.000,0,-,-,-,-,4785.8000,4785.6000,4785.2000,4783.6000,4783.4000,4787.8000,4788.2000,4788.4000,4788.8000,4790.2000,1,1,1,1,1,1,1,2,1,1
SF,IF2103,2020-08-31 09:33:24.100,4787.8000,6582,-1,365765160.000,1,0,1,双平,S,4785.8000,4785.6000,4785.2000,4783.6000,4783.4000,4788.2000,4788.4000,4788.8000,4790.2000,4790.8000,1,1,1,1,1,1,2,1,1,1
SF,IF2103,2020-08-31 09:33:24.600,4787.8000,6582,0,365765160.000,0,-,-,-,-,4785.8000,4785.6000,4785.2000,4783.6000,4783.4000,4788.0000,4788.2000,4788.4000,4788.8000,4790.2000,1,1,1,1,1,1,1,2,1,1
SF,IF2103,2020-08-31 09:33:25.100,4787.8000,6582,0,365765160.000,0,-,-,-,-,4785.8000,4785.2000,4783.6000,4783.4000,4783.0000,4788.2000,4788.4000,4788.8000,4790.2000,4790.8000,1,1,1,1,1,1,2,1,1,1
SF,IF2103,2020-08-31 09:33:25.600,4787.8000,6582,0,365765160.000,0,-,-,-,-,4786.0000,4785.8000,4785.2000,4783.6000,4783.4000,4788.4000,4788.8000,4790.2000,4790.8000,4793.8000,1,1,1,1,1,2,1,1,1,1
SF,IF2103,2020-08-31 09:33:26.100,4787.8000,6582,0,365765160.000,0,-,-,-,-,4786.2000,4786.0000,4785.2000,4783.6000,4783.4000,4788.0000,4788.4000,4788.8000,4790.2000,4790.8000,1,1,1,1,1,1,2,1,1,1
SF,IF2103,2020-08-31 09:33:26.600,4786.0000,6581,-1,368636820.000,2,0,2,多平,S,4785.2000,4783.6000,4783.4000,4783.0000,4782.6000,4787.8000,4788.0000,4788.4000,4788.8000,4790.2000,1,1,1,1,1,1,2,2,1,1
SF,IF2103,2020-08-31 09:33:27.100,4786.0000,6581,0,368636820.000,0,-,-,-,-,4783.6000,4783.4000,4783.0000,4782.6000,4782.2000,4787.6000,4787.8000,4788.0000,4788.4000,4788.8000,1,1,1,1,1,2,1,1,2,1
SF,IF2103,2020-08-31 09:33:27.600,4786.0000,6581,0,368636820.000,0,-,-,-,-,4784.2000,4783.8000,4783.6000,4783.4000,4783.0000,4787.6000,4787.8000,4788.0000,4788.4000,4788.8000,2,1,1,1,1,2,1,1,2,1
SF,IF2103,2020-08-31 09:33:28.100,4786.0000,6581,0,368636820.000,0,-,-,-,-,4783.6000,4783.4000,4783.0000,4782.6000,4782.2000,4787.4000,4787.6000,4787.8000,4788.0000,4788.4000,1,1,1,1,1,2,2,1,1,2
SF,IF2103,2020-08-31 09:33:28.600,4786.0000,6581,0,368636820.000,0,-,-,-,-,4783.6000,4782.6000,4782.2000,4777.6000,4775.0000,4787.0000,4787.2000,4787.4000,4787.8000,4788.0000,1,1,1,1,1,1,2,2,1,1
SF,IF2103,2020-08-31 09:33:29.100,4786.0000,6581,0,368636820.000,0,-,-,-,-,4783.6000,4777.6000,4775.0000,4773.8000,4773.6000,4786.4000,4786.8000,4787.0000,4787.4000,4787.8000,1,1,1,2,1,1,2,1,2,1
SF,IF2103,2020-08-31 09:33:29.600,4783.6000,6581,0,370071900.000,1,0,1,多换,S,4777.6000,4775.0000,4773.8000,4773.6000,4770.4000,4786.0000,4786.2000,4786.4000,4787.0000,4787.4000,1,1,2,1,1,1,2,1,1,2
SF,IF2103,2020-08-31 09:33:30.100,4783.6000,6581,0,370071900.000,0,-,-,-,-,4778.8000,4778.2000,4777.8000,4777.6000,4775.0000,4785.8000,4786.4000,4787.0000,4787.4000,4787.8000,1,3,2,1,1,2,1,1,2,1
SF,IF2103,2020-08-31 09:33:30.600,4783.6000,6581,0,370071900.000,0,-,-,-,-,4779.4000,4779.0000,4778.8000,4778.2000,4777.6000,4785.8000,4786.4000,4787.0000,4788.0000,4788.4000,2,2,1,4,1,2,1,1,1,2
SF,IF2103,2020-08-31 09:33:31.100,4783.6000,6581,0,370071900.000,0,-,-,-,-,4780.0000,4779.8000,4779.6000,4779.4000,4779.0000,4785.8000,4787.0000,4788.0000,4788.4000,4788.8000,2,1,1,2,1,2,1,1,2,1
SF,IF2103,2020-08-31 09:33:31.600,4783.6000,6581,0,370071900.000,0,-,-,-,-,4780.6000,4780.2000,4780.0000,4779.8000,4779.4000,4785.8000,4787.0000,4788.0000,4788.4000,4788.8000,2,4,2,1,1,2,1,1,2,1
SF,IF2103,2020-08-31 09:33:32.100,4783.6000,6581,0,370071900.000,0,-,-,-,-,4781.2000,4780.8000,4780.6000,4780.2000,4780.0000,4785.4000,4785.8000,4787.0000,4788.4000,4788.8000,1,1,2,3,1,1,2,1,2,1
SF,IF2103,2020-08-31 09:33:32.600,4783.6000,6581,0,370071900.000,0,-,-,-,-,4781.8000,4781.4000,4781.2000,4780.6000,4780.2000,4785.2000,4785.4000,4787.0000,4788.4000,4788.8000,2,3,1,1,1,2,1,1,2,1
SF,IF2103,2020-08-31 09:33:33.100,4783.6000,6581,0,370071900.000,0,-,-,-,-,4782.4000,4782.0000,4781.8000,4781.4000,4780.6000,4785.2000,4785.4000,4787.0000,4788.4000,4788.8000,1,2,2,2,1,2,1,1,2,1
SF,IF2103,2020-08-31 09:33:33.600,4783.6000,6581,0,370071900.000,0,-,-,-,-,4782.8000,4782.6000,4782.4000,4782.0000,4781.8000,4785.2000,4787.0000,4788.4000,4788.8000,4790.8000,1,1,1,1,1,2,1,2,1,1
SF,IF2103,2020-08-31 09:33:34.100,4783.6000,6581,0,370071900.000,0,-,-,-,-,4782.4000,4781.8000,4781.4000,4780.6000,4780.2000,4784.8000,4785.2000,4786.6000,4787.0000,4788.4000,1,1,2,1,1,1,2,1,1,2
SF,IF2103,2020-08-31 09:33:34.600,4784.4000,6580,-1,371507220.000,1,0,1,双平,S,4781.4000,4780.6000,4779.4000,4778.8000,4777.6000,4784.6000,4786.6000,4787.0000,4788.4000,4788.8000,1,1,1,1,1,2,1,1,2,1
SF,IF2103,2020-08-31 09:33:35.100,4784.4000,6580,0,371507220.000,0,-,-,-,-,4781.6000,4781.4000,4780.6000,4779.4000,4778.8000,4784.6000,4786.6000,4787.0000,4788.4000,4788.8000,2,1,1,1,1,2,1,1,2,1
SF,IF2103,2020-08-31 09:33:35.600,4784.4000,6580,0,371507220.000,0,-,-,-,-,4781.6000,4780.6000,4779.4000,4778.8000,4777.6000,4784.0000,4784.4000,4784.6000,4786.6000,4787.0000,1,1,1,1,1,1,1,2,1,1
SF,IF2103,2020-08-31 09:33:36.100,4784.4000,6580,0,371507220.000,0,-,-,-,-,4779.4000,4777.6000,4775.0000,4773.8000,4773.6000,4783.8000,4784.0000,4784.4000,4786.6000,4787.0000,1,1,1,2,1,2,1,1,1,1
SF,IF2103,2020-08-31 09:33:36.600,4784.4000,6580,0,371507220.000,0,-,-,-,-,4780.0000,4779.6000,4779.4000,4777.6000,4775.0000,4783.8000,4784.0000,4784.4000,4786.6000,4787.0000,2,1,1,1,1,2,1,1,1,1
SF,IF2103,2020-08-31 09:33:37.100,4784.4000,6580,0,371507220.000,0,-,-,-,-,4780.2000,4780.0000,4779.4000,4777.6000,4775.0000,4783.8000,4784.0000,4786.6000,4787.0000,4788.4000,2,2,1,1,1,2,1,1,1,2
SF,IF2103,2020-08-31 09:33:37.600,4784.4000,6580,0,371507220.000,0,-,-,-,-,4780.8000,4780.2000,4779.4000,4777.6000,4775.0000,4783.8000,4784.0000,4786.6000,4787.0000,4788.4000,2,2,1,1,1,2,1,1,1,2
SF,IF2103,2020-08-31 09:33:38.100,4784.4000,6580,0,371507220.000,0,-,-,-,-,4781.0000,4780.8000,4780.2000,4779.4000,4777.6000,4783.8000,4784.0000,4786.6000,4787.0000,4788.4000,1,2,1,1,1,2,1,1,1,2
SF,IF2103,2020-08-31 09:33:38.600,4784.4000,6580,0,371507220.000,0,-,-,-,-,4781.0000,4780.8000,4780.2000,4779.4000,4777.6000,4783.4000,4783.8000,4786.6000,4787.0000,4788.4000,1,2,1,1,1,1,2,1,1,2
SF,IF2103,2020-08-31 09:33:39.100,4784.4000,6580,0,371507220.000,0,-,-,-,-,4781.0000,4780.8000,4780.2000,4779.4000,4777.6000,4783.2000,4783.4000,4786.6000,4787.0000,4788.4000,1,2,1,1,1,2,1,1,1,2
SF,IF2103,2020-08-31 09:33:39.600,4784.4000,6580,0,371507220.000,0,-,-,-,-,4781.0000,4780.8000,4780.2000,4779.4000,4777.6000,4783.2000,4783.4000,4786.6000,4787.0000,4788.4000,1,2,1,1,1,1,1,1,1,2
SF,IF2103,2020-08-31 09:33:40.100,4784.4000,6580,0,371507220.000,0,-,-,-,-,4780.8000,4780.2000,4779.4000,4777.6000,4775.0000,4783.0000,4783.2000,4783.4000,4786.6000,4787.0000,1,1,1,1,1,1,1,1,1,1
SF,IF2103,2020-08-31 09:33:40.600,4784.4000,6580,0,371507220.000,0,-,-,-,-,4781.0000,4780.8000,4780.2000,4779.4000,4777.6000,4783.0000,4783.2000,4783.4000,4786.6000,4787.0000,1,1,1,1,1,1,1,1,1,1
SF,IF2103,2020-08-31 09:33:41.100,4784.4000,6580,0,371507220.000,0,-,-,-,-,4781.0000,4780.8000,4779.4000,4777.6000,4775.0000,4783.0000,4783.2000,4786.6000,4787.0000,4788.4000,1,1,1,1,1,1,1,1,1,2
SF,IF2103,2020-08-31 09:33:41.600,4781.4000,6578,-2,375811500.000,3,0,3,多平,S,4781.2000,4781.0000,4779.4000,4777.6000,4775.0000,4786.6000,4787.0000,4788.4000,4793.4000,4796.2000,3,1,1,1,1,1,1,2,1,1
SF,IF2103,2020-08-31 09:33:42.100,4781.4000,6578,0,375811500.000,0,-,-,-,-,4781.4000,4781.2000,4779.4000,4777.6000,4775.0000,4786.4000,4786.6000,4787.0000,4788.4000,4793.4000,1,3,1,1,1,2,1,1,2,1
SF,IF2103,2020-08-31 09:33:42.600,4781.4000,6578,0,375811500.000,0,-,-,-,-,4782.0000,4781.4000,4781.2000,4779.4000,4777.6000,4785.8000,4786.4000,4786.6000,4787.0000,4788.4000,1,1,2,1,1,1,2,1,1,2
SF,IF2103,2020-08-31 09:33:43.100,4781.4000,6578,0,375811500.000,0,-,-,-,-,4782.2000,4782.0000,4781.2000,4779.4000,4777.6000,4785.6000,4785.8000,4786.6000,4787.0000,4788.4000,1,1,2,1,1,2,2,1,1,2
SF,IF2103,2020-08-31 09:33:43.600,4782.0000,6577,-1,377246100.000,1,0,1,双平,S,4782.0000,4781.2000,4779.4000,4777.6000,4775.0000,4785.6000,4785.8000,4786.6000,4787.0000,4788.4000,1,2,1,1,1,2,3,1,1,2
SF,IF2103,2020-08-31 09:33:44.100,4782.0000,6577,0,377246100.000,0,-,-,-,-,4782.2000,4781.2000,4779.4000,4777.6000,4775.0000,4785.4000,4785.6000,4785.8000,4786.6000,4787.0000,1,2,1,1,1,1,2,2,1,1
SF,IF2103,2020-08-31 09:33:44.600,4782.0000,6577,0,377246100.000,0,-,-,-,-,4782.6000,4782.2000,4781.2000,4779.4000,4777.6000,4785.2000,4785.4000,4785.8000,4786.6000,4787.0000,1,1,2,1,1,2,1,2,1,1
SF,IF2103,2020-08-31 09:33:45.100,4785.2000,6576,-1,378681660.000,1,0,1,双平,S,4782.8000,4782.6000,4779.4000,4777.6000,4775.0000,4785.2000,4785.8000,4786.6000,4787.0000,4788.4000,1,2,1,1,1,1,2,1,1,2
SF,IF2103,2020-08-31 09:33:45.600,4785.2000,6576,0,380117220.000,1,0,1,多换,S,4783.2000,4783.0000,4782.8000,4779.4000,4777.6000,4786.6000,4788.4000,4793.4000,4796.2000,4796.8000,2,3,2,1,1,1,2,1,1,1
SF,IF2103,2020-08-31 09:33:46.100,4785.2000,6576,0,380117220.000,0,-,-,-,-,4783.4000,4783.2000,4783.0000,4782.8000,4779.4000,4786.4000,4786.6000,4788.4000,4793.4000,4796.2000,3,2,2,1,1,1,1,2,1,1
SF,IF2103,2020-08-31 09:33:46.600,4785.2000,6576,0,380117220.000,0,-,-,-,-,4783.4000,4783.2000,4783.0000,4782.8000,4779.4000,4786.2000,4786.4000,4786.6000,4788.4000,4796.2000,2,2,1,1,1,2,1,1,2,1
SF,IF2103,2020-08-31 09:33:47.100,4785.2000,6576,0,380117220.000,0,-,-,-,-,4783.4000,4783.2000,4783.0000,4782.8000,4779.4000,4786.0000,4786.2000,4786.6000,4788.4000,4796.2000,2,2,1,1,1,1,2,1,2,1
SF,IF2103,2020-08-31 09:33:47.600,4785.2000,6576,0,380117220.000,0,-,-,-,-,4783.6000,4783.4000,4783.0000,4782.8000,4779.4000,4785.6000,4786.2000,4786.6000,4788.4000,4796.2000,2,2,1,1,1,1,2,1,2,1
SF,IF2103,2020-08-31 09:33:48.100,4785.2000,6576,0,380117220.000,0,-,-,-,-,4783.8000,4783.6000,4783.4000,4783.0000,4782.8000,4785.6000,4786.2000,4786.6000,4788.4000,4796.2000,1,2,1,1,1,1,2,1,2,1
SF,IF2103,2020-08-31 09:33:48.600,4785.2000,6576,0,380117220.000,0,-,-,-,-,4783.8000,4783.6000,4783.4000,4783.0000,4782.8000,4784.2000,4785.6000,4786.6000,4788.4000,4796.2000,1,2,1,1,1,1,1,1,2,1
SF,IF2103,2020-08-31 09:33:49.100,4783.8000,6575,-1,382987620.000,2,0,2,多平,S,4782.8000,4779.4000,4777.6000,4775.0000,4773.8000,4785.6000,4786.6000,4788.4000,4796.2000,4796.8000,1,1,1,1,2,1,1,2,1,1
SF,IF2103,2020-08-31 09:33:49.600,4783.8000,6575,0,382987620.000,0,-,-,-,-,4783.0000,4779.4000,4777.6000,4775.0000,4773.8000,4785.4000,4785.6000,4786.6000,4796.2000,4796.8000,1,1,1,1,2,2,1,1,1,1
SF,IF2103,2020-08-31 09:33:50.100,4783.0000,6575,0,384422520.000,1,0,1,多换,S,4779.4000,4777.6000,4775.0000,4773.8000,4773.6000,4785.0000,4785.4000,4785.6000,4786.6000,4796.8000,1,1,1,2,1,1,2,1,1,1
SF,IF2103,2020-08-31 09:33:50.600,4783.0000,6575,0,384422520.000,0,-,-,-,-,4780.0000,4779.8000,4779.6000,4779.4000,4777.6000,4784.8000,4785.0000,4785.4000,4785.6000,4786.6000,1,1,1,1,1,2,1,1,1,1
SF,IF2103,2020-08-31 09:33:51.100,4783.0000,6575,0,384422520.000,0,-,-,-,-,4780.2000,4780.0000,4779.8000,4779.4000,4777.6000,4784.8000,4785.0000,4785.6000,4786.6000,4796.8000,2,1,1,1,1,2,1,1,1,1
SF,IF2103,2020-08-31 09:33:51.600,4783.0000,6575,0,384422520.000,0,-,-,-,-,4780.8000,4780.6000,4780.4000,4780.2000,4779.8000,4784.8000,4785.0000,4785.6000,4786.6000,4796.8000,1,1,2,2,1,2,1,1,1,1
SF,IF2103,2020-08-31 09:33:52.100,4783.0000,6575,0,384422520.000,0,-,-,-,-,4781.2000,4781.0000,4780.8000,4780.6000,4780.4000,4784.8000,4786.6000,4796.8000,4798.0000,4799.0000,1,3,1,1,2,2,1,1,1,1
SF,IF2103,2020-08-31 09:33:52.600,4783.0000,6575,0,384422520.000,0,-,-,-,-,4781.8000,4781.4000,4781.2000,4781.0000,4780.6000,4786.6000,4796.8000,4798.0000,4799.0000,4800.0000,2,5,1,2,1,1,1,1,1,6
SF,IF2103,2020-08-31 09:33:53.100,4783.0000,6575,0,384422520.000,0,-,-,-,-,4782.0000,4781.8000,4781.4000,4781.2000,4780.6000,4786.4000,4786.6000,4796.8000,4798.0000,4799.0000,4,2,3,1,1,1,1,1,1,1
SF,IF2103,2020-08-31 09:33:53.600,4783.0000,6575,0,384422520.000,0,-,-,-,-,4782.6000,4782.0000,4781.8000,4781.4000,4781.2000,4786.4000,4786.6000,4796.8000,4798.0000,4799.0000,1,4,1,3,1,1,1,1,1,1
SF,IF2103,2020-08-31 09:33:54.100,4783.0000,6575,0,384422520.000,0,-,-,-,-,4782.8000,4782.6000,4782.0000,4781.8000,4781.4000,4786.4000,4786.6000,4796.8000,4798.0000,4799.0000,2,1,2,1,1,1,1,1,1,1
SF,IF2103,2020-08-31 09:33:54.600,4782.8000,6574,-1,385857360.000,1,0,1,双平,S,4782.0000,4781.8000,4781.4000,4780.6000,4779.4000,4785.8000,4786.2000,4786.4000,4786.6000,4796.8000,2,1,1,1,1,1,2,1,1,1
SF,IF2103,2020-08-31 09:33:55.100,4782.8000,6574,0,385857360.000,0,-,-,-,-,4782.0000,4780.6000,4779.4000,4777.6000,4775.0000,4785.6000,4785.8000,4786.2000,4786.6000,4796.8000,2,1,1,1,1,2,1,1,1,1
SF,IF2103,2020-08-31 09:33:55.600,4782.8000,6574,0,385857360.000,0,-,-,-,-,4779.4000,4777.6000,4775.0000,4773.8000,4773.6000,4785.0000,4785.4000,4785.6000,4785.8000,4786.2000,1,1,1,2,1,1,1,2,2,1
SF,IF2103,2020-08-31 09:33:56.100,4782.8000,6574,0,385857360.000,0,-,-,-,-,4780.0000,4779.6000,4779.4000,4777.6000,4775.0000,4784.8000,4785.0000,4785.4000,4785.8000,4786.2000,1,1,1,1,1,2,1,1,2,1
SF,IF2103,2020-08-31 09:33:56.600,4782.8000,6574,0,385857360.000,0,-,-,-,-,4780.2000,4780.0000,4779.4000,4777.6000,4775.0000,4783.8000,4784.8000,4785.0000,4785.4000,4785.8000,2,1,1,1,1,1,2,1,1,1
SF,IF2103,2020-08-31 09:33:57.100,4782.8000,6574,0,385857360.000,0,-,-,-,-,4780.8000,4780.4000,4780.2000,4779.4000,4777.6000,4783.6000,4783.8000,4785.0000,4785.4000,4785.8000,1,2,2,1,1,2,1,1,1,1
SF,IF2103,2020-08-31 09:33:57.600,4783.6000,6573,-1,387292440.000,1,0,1,双平,S,4780.8000,4780.4000,4780.2000,4779.4000,4777.6000,4783.6000,4785.0000,4785.4000,4785.8000,4786.6000,1,2,2,1,1,1,1,1,1,1
SF,IF2103,2020-08-31 09:33:58.100,4783.6000,6573,0,387292440.000,0,-,-,-,-,4781.0000,4780.4000,4780.2000,4779.4000,4777.6000,4783.4000,4783.6000,4785.0000,4785.4000,4785.8000,1,2,1,1,1,1,1,1,1,1
SF,IF2103,2020-08-31 09:33:58.600,4783.6000,6573,0,387292440.000,0,-,-,-,-,4779.4000,4777.6000,4775.0000,4773.8000,4773.6000,4783.2000,4783.4000,4785.0000,4785.4000,4785.8000,1,1,1,2,1,3,1,1,1,1
SF,IF2103,2020-08-31 09:33:59.100,4783.6000,6573,0,387292440.000,0,-,-,-,-,4779.6000,4777.6000,4775.0000,4773.8000,4773.6000,4782.8000,4783.0000,4783.2000,4785.0000,4785.4000,2,1,1,2,1,1,1,3,1,1
SF,IF2103,2020-08-31 09:33:59.600,4783.6000,6573,0,387292440.000,0,-,-,-,-,4779.6000,4777.6000,4775.0000,4773.8000,4773.6000,4782.6000,4782.8000,4783.2000,4785.0000,4785.4000,2,1,1,2,1,2,1,1,1,1
SF,IF2103,2020-08-31 09:34:00.100,4783.6000,6573,0,387292440.000,0,-,-,-,-,4779.6000,4777.6000,4775.0000,4773.8000,4773.6000,4782.6000,4782.8000,4785.0000,4785.4000,4785.8000,1,1,1,2,1,2,2,1,1,1
SF,IF2103,2020-08-31 09:34:00.600,4783.6000,6573,0,387292440.000,0,-,-,-,-,4779.8000,4779.6000,4777.6000,4775.0000,4773.8000,4782.0000,4782.6000,4782.8000,4785.0000,4785.4000,1,1,1,1,2,1,2,1,1,1
SF,IF2103,2020-08-31 09:34:01.100,4783.6000,6573,0,387292440.000,0,-,-,-,-,4780.0000,4779.8000,4777.6000,4775.0000,4773.8000,4782.0000,4782.6000,4782.8000,4785.0000,4785.4000,1,1,1,1,2,1,2,1,1,1
SF,IF2103,2020-08-31 09:34:01.600,4782.0000,6572,-1,388727040.000,1,0,1,双平,S,4780.2000,4780.0000,4779.8000,4777.6000,4775.0000,4782.8000,4785.0000,4785.4000,4785.8000,4786.6000,1,1,1,1,1,1,1,1,1,1
SF,IF2103,2020-08-31 09:34:02.100,4782.0000,6572,0,388727040.000,0,-,-,-,-,4780.8000,4780.4000,4780.2000,4777.6000,4775.0000,4782.8000,4785.0000,4785.4000,4785.8000,4786.6000,1,3,2,1,1,4,1,1,1,1
SF,IF2103,2020-08-31 09:34:02.600,4782.8000,6568,-4,394466400.000,4,0,4,双平,S,4781.0000,4780.8000,4780.4000,4777.6000,4775.0000,4785.0000,4785.4000,4785.8000,4786.6000,4796.8000,3,1,4,1,1,1,1,1,1,1
SF,IF2103,2020-08-31 09:34:03.100,4782.8000,6568,0,394466400.000,0,-,-,-,-,4781.6000,4781.2000,4781.0000,4780.4000,4777.6000,4784.8000,4785.0000,4785.4000,4785.8000,4786.6000,1,1,3,3,1,1,1,1,1,1
SF,IF2103,2020-08-31 09:34:03.600,4782.8000,6568,0,394466400.000,0,-,-,-,-,4781.8000,4781.0000,4780.4000,4777.6000,4775.0000,4784.8000,4785.0000,4785.4000,4785.8000,4786.6000,1,1,1,1,1,1,1,1,1,1
SF,IF2103,2020-08-31 09:34:05.100,4781.8000,6569,1,395900940.000,1,1,0,双开,S,4781.0000,4780.4000,4777.6000,4775.0000,4773.8000,4784.2000,4784.6000,4784.8000,4785.0000,4785.4000,1,1,1,1,2,1,2,1,1,1
SF,IF2103,2020-08-31 09:34:05.600,4781.8000,6569,0,395900940.000,0,-,-,-,-,4781.0000,4780.4000,4777.6000,4775.0000,4773.8000,4784.0000,4784.2000,4784.6000,4785.0000,4785.4000,1,1,1,1,2,2,1,1,1,1
SF,IF2103,2020-08-31 09:34:06.100,4781.8000,6569,0,395900940.000,0,-,-,-,-,4781.4000,4781.0000,4777.6000,4775.0000,4773.8000,4784.0000,4784.2000,4784.6000,4785.0000,4785.4000,1,1,1,1,2,2,1,1,1,1
SF,IF2103,2020-08-31 09:34:06.600,4781.8000,6569,0,395900940.000,0,-,-,-,-,4781.6000,4781.4000,4777.6000,4775.0000,4773.8000,4784.0000,4785.0000,4785.4000,4786.6000,4796.8000,1,1,1,1,2,2,1,1,1,1
SF,IF2103,2020-08-31 09:34:07.100,4781.8000,6569,0,395900940.000,0,-,-,-,-,4782.0000,4781.8000,4781.6000,4777.6000,4775.0000,4784.0000,4786.6000,4796.8000,4798.0000,4799.0000,3,3,1,1,1,1,1,1,1,1
SF,IF2103,2020-08-31 09:34:07.600,4784.0000,6569,0,397336140.000,1,0,1,多换,S,4782.2000,4782.0000,4781.8000,4777.6000,4775.0000,4786.6000,4796.8000,4798.0000,4799.0000,4800.0000,3,1,3,1,1,1,1,1,1,6
SF,IF2103,2020-08-31 09:34:08.100,4784.0000,6569,0,397336140.000,0,-,-,-,-,4785.6000,4784.0000,4782.8000,4782.6000,4782.4000,4786.4000,4786.6000,4796.8000,4798.0000,4799.0000,1,1,1,1,1,1,1,1,1,1
SF,IF2103,2020-08-31 09:34:08.600,4785.6000,6568,-1,400207500.000,2,0,2,多平,S,4782.8000,4782.4000,4782.2000,4777.6000,4775.0000,4786.4000,4786.6000,4796.8000,4798.0000,4799.0000,1,1,1,1,1,2,1,1,1,1
SF,IF2103,2020-08-31 09:34:09.100,4785.6000,6568,0,400207500.000,0,-,-,-,-,4783.0000,4782.8000,4777.6000,4775.0000,4773.8000,4785.4000,4786.2000,4786.4000,4786.6000,4796.8000,2,1,1,1,2,1,1,2,1,1
SF,IF2103,2020-08-31 09:34:09.600,4785.6000,6568,0,400207500.000,0,-,-,-,-,4783.0000,4777.6000,4775.0000,4773.8000,4773.6000,4785.2000,4785.4000,4786.4000,4786.6000,4796.8000,2,1,1,2,1,1,1,2,1,1
SF,IF2103,2020-08-31 09:34:10.100,4785.6000,6567,-1,401643180.000,1,0,1,双平,S,4783.4000,4783.0000,4777.6000,4775.0000,4773.8000,4785.4000,4786.6000,4796.8000,4798.0000,4799.0000,2,1,1,1,2,1,1,1,1,1
SF,IF2103,2020-08-31 09:34:10.600,4785.6000,6567,0,401643180.000,0,-,-,-,-,4783.0000,4777.6000,4775.0000,4773.8000,4773.6000,4785.2000,4785.4000,4786.6000,4796.8000,4798.0000,1,1,1,2,1,1,1,1,1,1
SF,IF2103,2020-08-31 09:34:11.100,4783.6000,6567,0,403078260.000,1,0,1,多换,S,4783.2000,4783.0000,4777.6000,4775.0000,4773.8000,4785.0000,4785.4000,4786.6000,4796.8000,4798.0000,1,1,1,1,2,1,1,1,1,1
SF,IF2103,2020-08-31 09:34:11.600,4783.6000,6567,0,403078260.000,0,-,-,-,-,4783.4000,4783.2000,4783.0000,4777.6000,4775.0000,4785.0000,4785.4000,4786.6000,4796.8000,4798.0000,1,1,1,1,1,1,1,1,1,1
SF,IF2103,2020-08-31 09:34:12.100,4785.4000,6565,-2,405949380.000,2,0,2,双平,S,4783.6000,4783.4000,4783.0000,4777.6000,4775.0000,4786.6000,4796.8000,4798.0000,4799.0000,4800.0000,2,1,1,1,1,1,1,1,1,6
SF,IF2103,2020-08-31 09:34:12.600,4785.4000,6565,0,405949380.000,0,-,-,-,-,4784.2000,4783.8000,4783.6000,4783.4000,4777.6000,4786.6000,4796.8000,4798.0000,4799.0000,4800.0000,1,2,2,1,1,1,1,1,1,6
SF,IF2103,2020-08-31 09:34:13.100,4785.4000,6565,0,405949380.000,0,-,-,-,-,4784.4000,4784.2000,4783.8000,4783.4000,4777.6000,4786.6000,4796.8000,4798.0000,4799.0000,4800.0000,2,1,1,1,1,1,1,1,1,6
SF,IF2103,2020-08-31 09:34:13.600,4785.4000,6565,0,405949380.000,0,-,-,-,-,4784.4000,4784.2000,4783.8000,4783.4000,4777.6000,4786.2000,4786.4000,4786.6000,4796.8000,4798.0000,2,1,1,1,1,1,1,1,1,1
SF,IF2103,2020-08-31 09:34:14.100,4784.4000,6565,0,408820560.000,2,1,1,多换,S,4783.8000,4783.4000,4777.6000,4775.0000,4773.8000,4786.6000,4788.2000,4796.8000,4798.0000,4799.0000,1,1,1,1,2,1,1,1,1,1
SF,IF2103,2020-08-31 09:34:14.600,4784.4000,6565,0,410255880.000,1,0,1,多换,S,4784.0000,4777.6000,4775.0000,4773.8000,4773.6000,4786.4000,4786.6000,4788.2000,4796.8000,4798.0000,1,1,1,2,1,2,1,1,1,1
SF,IF2103,2020-08-31 09:34:15.600,4784.0000,6564,-1,411691080.000,1,0,1,双平,S,4777.6000,4775.0000,4773.8000,4773.6000,4770.4000,4786.4000,4786.6000,4788.2000,4796.8000,4798.0000,1,1,2,1,1,2,1,1,1,1
SF,IF2103,2020-08-31 09:34:16.100,4784.0000,6564,0,411691080.000,0,-,-,-,-,4778.8000,4778.2000,4777.8000,4777.6000,4775.0000,4786.4000,4786.6000,4788.2000,4796.8000,4798.0000,1,1,3,1,1,2,1,1,1,1
SF,IF2103,2020-08-31 09:34:16.600,4784.0000,6564,0,411691080.000,0,-,-,-,-,4779.4000,4779.2000,4779.0000,4778.8000,4778.4000,4786.4000,4786.6000,4788.2000,4796.8000,4798.0000,2,2,4,1,1,1,1,1,1,1
SF,IF2103,2020-08-31 09:34:17.100,4784.0000,6564,0,411691080.000,0,-,-,-,-,4781.0000,4780.6000,4779.8000,4779.6000,4779.4000,4786.4000,4786.6000,4788.2000,4796.8000,4798.0000,1,2,1,4,2,1,1,1,1,1
SF,IF2103,2020-08-31 09:34:17.600,4784.0000,6564,0,411691080.000,0,-,-,-,-,4781.6000,4781.4000,4781.2000,4781.0000,4779.6000,4786.4000,4786.6000,4788.2000,4796.8000,4798.0000,1,1,3,1,2,1,1,1,1,1
SF,IF2103,2020-08-31 09:34:18.100,4784.0000,6564,0,411691080.000,0,-,-,-,-,4781.8000,4781.6000,4781.4000,4781.2000,4781.0000,4786.4000,4786.6000,4788.2000,4796.8000,4798.0000,3,1,1,1,1,1,1,1,1,1
SF,IF2103,2020-08-31 09:34:18.600,4784.0000,6564,0,411691080.000,0,-,-,-,-,4782.4000,4782.2000,4781.8000,4781.4000,4781.2000,4786.4000,4786.6000,4788.2000,4796.8000,4798.0000,1,1,3,1,1,1,1,1,1,1
SF,IF2103,2020-08-31 09:34:19.100,4784.0000,6564,0,411691080.000,0,-,-,-,-,4782.6000,4782.4000,4782.2000,4781.8000,4781.4000,4786.4000,4786.6000,4788.2000,4796.8000,4798.0000,3,1,1,1,1,1,1,1,1,1
SF,IF2103,2020-08-31 09:34:19.600,4784.0000,6564,0,411691080.000,0,-,-,-,-,4783.2000,4783.0000,4782.6000,4782.2000,4781.8000,4785.0000,4786.4000,4786.6000,4788.2000,4796.8000,1,1,3,1,1,1,1,1,1,1
SF,IF2103,2020-08-31 09:34:20.100,4784.8000,6563,-1,413126520.000,1,0,1,双平,S,4783.2000,4783.0000,4782.6000,4782.2000,4781.8000,4785.0000,4786.6000,4788.2000,4796.8000,4798.0000,1,1,3,1,1,1,1,1,1,1
SF,IF2103,2020-08-31 09:34:20.600,4784.8000,6563,0,413126520.000,0,-,-,-,-,4783.2000,4782.6000,4782.2000,4781.8000,4781.4000,4784.8000,4785.0000,4786.6000,4788.2000,4796.8000,1,3,1,1,1,1,1,1,1,1
