市场代码,合约代码,时间,最新,持仓,增仓,成交额,成交量,开仓,平仓,成交类型,方向,买一价,买二价,买三价,买四价,买五价,卖一价,卖二价,卖三价,卖四价,卖五价,买一量,买二量,买三量,买四量,买五量,卖一量,卖二量,卖三量,卖四量,卖五量
SF,IF2103,2020-08-06 09:29:00.200,4634.4000,2350,0,1390320.000,1.000,-,-,-,-,4628.8000,4622.2000,4621.2000,4621.0000,4620.0000,4635.0000,4641.8000,4645.8000,4650.0000,4650.8000,1,4,1,1,1,10,1,1,1,4
SF,IF2103,2020-08-06 09:30:00.200,4637.4000,2350,0,18079080.000,12,6,6,多换,S,4637.4000,4636.2000,4635.8000,4635.4000,4635.2000,4645.8000,4650.0000,4650.8000,4657.4000,4659.0000,1,2,1,2,1,1,1,4,1,1
SF,IF2103,2020-08-06 09:30:00.700,4640.2000,2350,0,20862360.000,2,1,1,多换,S,4638.4000,4637.6000,4637.4000,4636.4000,4636.2000,4650.0000,4659.0000,4659.4000,4665.2000,4666.0000,1,1,2,1,2,1,1,2,1,1
SF,IF2103,2020-08-06 09:30:01.200,4649.6000,2350,0,22257240.000,1,0,1,多换,S,4640.4000,4638.8000,4638.6000,4638.4000,4637.8000,4649.8000,4650.0000,4659.0000,4665.2000,4666.0000,1,1,1,1,1,1,1,1,1,1
SF,IF2103,2020-08-06 09:30:01.700,4640.6000,2350,0,23649420.000,1,0,1,多换,S,4640.4000,4638.8000,4638.4000,4637.8000,4636.4000,4649.6000,4649.8000,4650.0000,4659.0000,4665.2000,1,1,1,1,1,1,1,1,1,1
SF,IF2103,2020-08-06 09:30:02.200,4640.6000,2350,0,23649420.000,0,-,-,-,-,4640.8000,4640.4000,4638.8000,4638.4000,4636.4000,4649.4000,4650.0000,4659.0000,4665.2000,4666.0000,1,1,1,1,1,11,1,1,1,1
SF,IF2103,2020-08-06 09:30:02.700,4640.6000,2350,0,23649420.000,0,-,-,-,-,4640.8000,4640.4000,4638.8000,4638.4000,4636.4000,4649.4000,4650.0000,4659.0000,4665.2000,4666.0000,1,1,1,1,1,11,1,1,1,1
SF,IF2103,2020-08-06 09:30:03.200,4640.6000,2350,0,23649420.000,0,-,-,-,-,4640.4000,4638.8000,4635.4000,4630.8000,4599.0000,4648.8000,4649.4000,4659.0000,4665.2000,4666.0000,1,1,2,1,1,2,12,1,1,1
SF,IF2103,2020-08-06 09:30:03.700,4640.6000,2350,0,23649420.000,0,-,-,-,-,4638.8000,4635.4000,4630.8000,4599.0000,4589.8000,4647.4000,4648.6000,4648.8000,4649.4000,4659.0000,1,2,1,1,2,1,11,2,1,1
SF,IF2103,2020-08-06 09:30:04.200,4640.6000,2350,0,23649420.000,0,-,-,-,-,4639.0000,4635.4000,4630.8000,4599.0000,4589.8000,4643.6000,4647.2000,4647.4000,4647.8000,4648.8000,1,2,1,1,2,1,11,1,1,1
SF,IF2103,2020-08-06 09:30:04.700,4640.6000,2350,0,23649420.000,0,-,-,-,-,4635.4000,4630.8000,4599.0000,4589.8000,4585.2000,4643.4000,4643.6000,4646.6000,4647.2000,4647.8000,2,1,1,2,1,10,1,1,1,1
SF,IF2103,2020-08-06 09:30:05.200,4640.6000,2350,0,23649420.000,0,-,-,-,-,4638.2000,4635.8000,4635.4000,4599.0000,4589.8000,4643.2000,4643.4000,4643.6000,4646.6000,4659.0000,1,1,2,1,2,1,10,1,1,1
SF,IF2103,2020-08-06 09:30:05.700,4640.6000,2350,0,23649420.000,0,-,-,-,-,4635.8000,4635.4000,4599.0000,4589.8000,4585.2000,4643.0000,4643.2000,4643.6000,4646.6000,4659.0000,1,2,1,2,1,10,1,1,1,1
SF,IF2103,2020-08-06 09:30:06.200,4640.6000,2350,0,23649420.000,0,-,-,-,-,4636.6000,4635.8000,4635.4000,4599.0000,4589.8000,4641.2000,4642.8000,4643.0000,4643.6000,4659.0000,1,1,2,1,2,2,1,10,1,1
SF,IF2103,2020-08-06 09:30:06.700,4640.6000,2350,0,23649420.000,0,-,-,-,-,4636.6000,4635.8000,4635.4000,4599.0000,4589.8000,4641.0000,4641.2000,4642.8000,4643.6000,4659.0000,1,1,2,1,2,10,2,1,1,1
SF,IF2103,2020-08-06 09:30:07.200,4640.6000,2350,0,23649420.000,0,-,-,-,-,4635.8000,4635.4000,4599.0000,4589.8000,4585.2000,4640.0000,4641.0000,4641.2000,4642.8000,4643.6000,1,2,1,2,1,1,10,2,1,1
SF,IF2103,2020-08-06 09:30:07.700,4640.6000,2350,0,23649420.000,0,-,-,-,-,4635.4000,4599.0000,4589.8000,4585.2000,4555.2000,4639.8000,4640.0000,4641.2000,4642.8000,4643.6000,2,1,2,1,1,10,1,2,1,1
SF,IF2103,2020-08-06 09:30:08.200,4640.6000,2350,0,23649420.000,0,-,-,-,-,4636.4000,4635.4000,4599.0000,4589.8000,4585.2000,4639.8000,4642.8000,4643.6000,4659.0000,4665.2000,1,2,1,2,1,10,1,1,1,1
SF,IF2103,2020-08-06 09:30:08.700,4636.4000,2349,-1,25040340.000,1,0,1,双平,S,4635.4000,4599.0000,4589.8000,4585.2000,4555.2000,4639.8000,4642.8000,4643.6000,4659.0000,4665.2000,2,1,2,1,1,10,1,1,1,1
SF,IF2103,2020-08-06 09:30:09.200,4635.4000,2347,-2,27821580.000,2,0,2,双平,S,4599.0000,4589.8000,4585.2000,4555.2000,4546.0000,4639.0000,4639.8000,4642.8000,4643.6000,4659.0000,1,2,1,1,1,1,10,1,1,1
SF,IF2103,2020-08-06 09:30:09.700,4635.4000,2347,0,27821580.000,0,-,-,-,-,4628.0000,4627.4000,4625.0000,4618.8000,4609.8000,4638.8000,4639.0000,4643.6000,4659.0000,4665.2000,1,1,1,1,3,11,1,1,1,1
SF,IF2103,2020-08-06 09:30:10.200,4635.4000,2347,0,27821580.000,0,-,-,-,-,4628.4000,4628.0000,4627.4000,4625.0000,4618.8000,4637.6000,4638.8000,4639.0000,4643.6000,4659.0000,1,1,1,1,1,2,11,1,1,1
SF,IF2103,2020-08-06 09:30:10.700,4635.4000,2347,0,27821580.000,0,-,-,-,-,4629.2000,4628.6000,4628.4000,4628.0000,4627.4000,4637.4000,4637.6000,4638.2000,4639.0000,4643.6000,1,1,1,1,1,11,2,1,1,1
SF,IF2103,2020-08-06 09:30:11.200,4635.4000,2347,0,27821580.000,0,-,-,-,-,4629.6000,4629.2000,4628.6000,4628.0000,4627.4000,4637.4000,4638.2000,4643.6000,4659.0000,4665.2000,1,1,1,1,1,11,1,1,1,1
SF,IF2103,2020-08-06 09:30:11.700,4635.4000,2347,0,27821580.000,0,-,-,-,-,4630.4000,4629.6000,4629.2000,4628.6000,4628.0000,4636.8000,4637.4000,4643.6000,4659.0000,4665.2000,1,1,1,1,1,1,11,1,1,1
SF,IF2103,2020-08-06 09:30:12.200,4635.4000,2347,0,27821580.000,0,-,-,-,-,4630.8000,4630.4000,4628.6000,4628.0000,4624.8000,4636.6000,4643.6000,4659.0000,4665.2000,4666.0000,1,1,1,1,1,11,1,1,1,1
SF,IF2103,2020-08-06 09:30:12.700,4635.4000,2347,0,27821580.000,0,-,-,-,-,4633.2000,4631.8000,4631.0000,4630.8000,4628.6000,4636.6000,4643.6000,4659.0000,4665.2000,4666.0000,1,1,1,1,1,11,1,1,1,1
SF,IF2103,2020-08-06 09:30:13.200,4636.6000,2346,-1,30603540.000,2,0,2,多平,S,4633.2000,4631.8000,4631.0000,4630.8000,4630.4000,4636.4000,4636.6000,4643.6000,4659.0000,4665.2000,1,1,1,1,1,3,6,1,1,1
SF,IF2103,2020-08-06 09:30:13.700,4636.4000,2346,0,43121820.000,9,4,5,多换,S,4633.4000,4633.2000,4631.0000,4630.4000,4628.6000,4643.6000,4659.0000,4665.2000,4666.0000,4668.0000,2,1,1,1,1,1,1,1,1,1
SF,IF2103,2020-08-06 09:30:14.200,4643.6000,2346,0,44514900.000,1,0,1,多换,S,4638.4000,4633.6000,4633.4000,4631.0000,4630.4000,4659.0000,4665.2000,4666.0000,4668.0000,4695.2000,1,1,2,1,1,1,1,1,1,1
SF,IF2103,2020-08-06 09:30:14.700,4643.6000,2346,0,44514900.000,0,-,-,-,-,4638.6000,4638.4000,4633.4000,4631.0000,4630.4000,4649.4000,4651.4000,4657.2000,4658.8000,4659.0000,1,1,1,1,1,1,1,3,2,1
SF,IF2103,2020-08-06 09:30:15.200,4643.6000,2346,0,44514900.000,0,-,-,-,-,4638.6000,4638.4000,4633.4000,4631.0000,4630.4000,4649.2000,4649.4000,4657.2000,4658.8000,4659.0000,1,1,1,1,1,1,1,3,1,1
SF,IF2103,2020-08-06 09:30:15.700,4643.6000,2346,0,44514900.000,0,-,-,-,-,4638.6000,4638.4000,4634.6000,4633.4000,4631.0000,4644.6000,4648.0000,4649.0000,4649.2000,4649.4000,1,1,1,1,1,1,1,1,1,1
SF,IF2103,2020-08-06 09:30:16.200,4643.6000,2346,0,44514900.000,0,-,-,-,-,4638.6000,4638.4000,4634.6000,4633.4000,4631.0000,4644.6000,4647.0000,4648.0000,4649.0000,4649.4000,1,1,1,1,1,1,1,1,1,1
SF,IF2103,2020-08-06 09:30:16.700,4643.6000,2346,0,44514900.000,0,-,-,-,-,4638.8000,4638.6000,4638.4000,4634.6000,4633.4000,4644.6000,4648.0000,4649.4000,4659.0000,4665.2000,1,2,1,1,1,1,1,1,1,1
SF,IF2103,2020-08-06 09:30:17.200,4643.6000,2346,0,44514900.000,0,-,-,-,-,4639.0000,4638.8000,4638.4000,4634.6000,4633.4000,4648.0000,4649.4000,4659.0000,4665.2000,4666.0000,1,2,1,1,1,1,1,1,1,1
SF,IF2103,2020-08-06 09:30:17.700,4643.6000,2346,0,44514900.000,0,-,-,-,-,4639.0000,4638.4000,4634.6000,4634.4000,4633.4000,4647.8000,4648.0000,4659.0000,4665.2000,4666.0000,2,1,1,1,1,1,1,1,1,1
SF,IF2103,2020-08-06 09:30:18.200,4643.6000,2346,0,44514900.000,0,-,-,-,-,4639.0000,4638.4000,4635.4000,4634.6000,4633.4000,4646.6000,4647.8000,4648.0000,4659.0000,4665.2000,2,1,2,1,1,1,1,1,1,1
SF,IF2103,2020-08-06 09:30:18.700,4643.6000,2346,0,44514900.000,0,-,-,-,-,4639.2000,4639.0000,4638.4000,4635.4000,4634.6000,4647.8000,4648.0000,4659.0000,4665.2000,4666.0000,1,2,1,2,1,1,1,1,1,1
SF,IF2103,2020-08-06 09:30:19.200,4643.6000,2346,0,44514900.000,0,-,-,-,-,4639.4000,4639.2000,4638.4000,4637.4000,4635.4000,4645.4000,4647.8000,4648.0000,4659.0000,4665.2000,1,2,1,1,2,2,1,1,1,1
SF,IF2103,2020-08-06 09:30:19.700,4643.6000,2346,0,44514900.000,0,-,-,-,-,4639.4000,4639.2000,4638.4000,4637.4000,4635.4000,4645.4000,4648.0000,4659.0000,4665.2000,4666.0000,2,1,1,1,2,2,1,1,1,1
SF,IF2103,2020-08-06 09:30:20.200,4643.6000,2346,0,44514900.000,0,-,-,-,-,4639.4000,4639.2000,4638.4000,4637.4000,4635.4000,4645.4000,4648.0000,4659.0000,4665.2000,4666.0000,2,1,1,1,2,2,1,1,1,1
SF,IF2103,2020-08-06 09:30:20.700,4643.6000,2346,0,44514900.000,0,-,-,-,-,4639.6000,4639.4000,4639.2000,4638.4000,4637.4000,4645.4000,4648.0000,4659.0000,4665.2000,4666.0000,1,2,1,1,1,2,1,1,1,1
SF,IF2103,2020-08-06 09:30:21.200,4643.6000,2346,0,44514900.000,0,-,-,-,-,4639.8000,4639.6000,4639.2000,4638.4000,4637.4000,4645.4000,4648.0000,4659.0000,4665.2000,4666.0000,1,3,1,1,1,2,1,1,1,1
SF,IF2103,2020-08-06 09:30:21.700,4643.6000,2346,0,44514900.000,0,-,-,-,-,4639.8000,4639.6000,4639.2000,4638.4000,4637.4000,4645.4000,4648.0000,4659.0000,4665.2000,4666.0000,2,2,1,1,1,2,1,1,1,1
SF,IF2103,2020-08-06 09:30:22.200,4643.6000,2346,0,44514900.000,0,-,-,-,-,4639.8000,4639.6000,4638.4000,4637.4000,4635.4000,4645.4000,4648.0000,4659.0000,4665.2000,4666.0000,2,2,1,1,1,2,1,1,1,1
SF,IF2103,2020-08-06 09:30:22.700,4643.6000,2346,0,44514900.000,0,-,-,-,-,4639.8000,4639.6000,4638.4000,4637.4000,4635.4000,4645.4000,4648.0000,4659.0000,4665.2000,4666.0000,2,1,1,1,1,2,1,1,1,1
SF,IF2103,2020-08-06 09:30:23.200,4643.6000,2346,0,44514900.000,0,-,-,-,-,4639.8000,4639.6000,4638.4000,4637.4000,4635.4000,4645.2000,4645.4000,4648.0000,4659.0000,4665.2000,2,1,1,1,1,1,2,1,1,1
SF,IF2103,2020-08-06 09:30:23.700,4643.6000,2346,0,44514900.000,0,-,-,-,-,4639.8000,4639.6000,4638.4000,4637.4000,4635.4000,4645.2000,4645.4000,4648.0000,4659.0000,4665.2000,2,1,1,1,1,1,2,1,1,1
SF,IF2103,2020-08-06 09:30:24.200,4643.6000,2346,0,44514900.000,0,-,-,-,-,4639.8000,4639.6000,4638.4000,4637.4000,4635.4000,4645.2000,4645.4000,4648.0000,4659.0000,4665.2000,2,1,1,1,1,1,2,1,1,1
SF,IF2103,2020-08-06 09:30:24.700,4643.6000,2346,0,44514900.000,0,-,-,-,-,4639.8000,4639.6000,4638.4000,4637.4000,4635.4000,4645.0000,4645.2000,4645.4000,4648.0000,4659.0000,1,1,1,1,1,1,1,2,1,1
SF,IF2103,2020-08-06 09:30:25.200,4643.6000,2346,0,44514900.000,0,-,-,-,-,4639.8000,4639.6000,4637.4000,4635.4000,4633.4000,4644.8000,4645.0000,4645.2000,4645.4000,4648.0000,1,1,1,1,1,1,1,1,2,1
SF,IF2103,2020-08-06 09:30:25.700,4643.6000,2346,0,44514900.000,0,-,-,-,-,4639.8000,4639.6000,4637.4000,4635.4000,4633.4000,4644.8000,4645.0000,4645.4000,4659.0000,4665.2000,1,1,1,1,1,1,1,2,1,1
SF,IF2103,2020-08-06 09:30:26.200,4643.6000,2346,0,44514900.000,0,-,-,-,-,4639.8000,4639.6000,4637.4000,4635.4000,4633.4000,4644.8000,4645.0000,4645.4000,4659.0000,4665.2000,1,1,1,1,1,1,1,2,1,1
SF,IF2103,2020-08-06 09:30:26.700,4643.6000,2346,0,44514900.000,0,-,-,-,-,4640.0000,4639.8000,4639.6000,4637.4000,4635.4000,4659.0000,4665.2000,4666.0000,4668.0000,4695.2000,1,1,1,1,1,1,1,1,1,1
SF,IF2103,2020-08-06 09:30:27.200,4640.2000,2346,0,45906960.000,1,0,1,多换,S,4640.0000,4639.6000,4637.4000,4635.4000,4633.4000,4647.6000,4652.8000,4657.8000,4658.8000,4659.0000,2,1,1,1,1,1,1,3,4,1
SF,IF2103,2020-08-06 09:30:27.700,4640.2000,2346,0,45906960.000,0,-,-,-,-,4640.0000,4639.6000,4637.4000,4635.4000,4633.4000,4647.4000,4647.6000,4652.8000,4657.8000,4658.8000,2,1,1,1,1,1,1,1,3,1
SF,IF2103,2020-08-06 09:30:28.200,4640.2000,2346,0,45906960.000,0,-,-,-,-,4640.0000,4639.6000,4637.4000,4635.4000,4633.4000,4647.2000,4647.4000,4647.6000,4657.8000,4658.8000,1,1,1,1,1,2,1,1,3,1
SF,IF2103,2020-08-06 09:30:28.700,4640.2000,2346,0,45906960.000,0,-,-,-,-,4640.6000,4640.0000,4639.6000,4637.4000,4635.4000,4647.0000,4647.2000,4647.6000,4657.8000,4658.8000,1,1,1,1,1,1,2,1,3,1
SF,IF2103,2020-08-06 09:30:29.200,4640.2000,2346,0,45906960.000,0,-,-,-,-,4640.6000,4640.0000,4639.6000,4637.4000,4635.4000,4647.0000,4647.2000,4647.6000,4658.8000,4659.0000,2,1,1,1,1,1,2,1,1,1
SF,IF2103,2020-08-06 09:30:29.700,4640.2000,2346,0,45906960.000,0,-,-,-,-,4640.6000,4640.0000,4639.6000,4637.4000,4635.4000,4647.0000,4647.2000,4647.6000,4658.8000,4659.0000,2,1,1,1,1,1,2,1,1,1
SF,IF2103,2020-08-06 09:30:30.200,4640.2000,2346,0,45906960.000,0,-,-,-,-,4641.2000,4640.8000,4640.6000,4639.6000,4637.4000,4647.0000,4647.2000,4658.8000,4659.0000,4665.2000,1,1,1,1,1,1,1,1,1,1
SF,IF2103,2020-08-06 09:30:30.700,4640.2000,2346,0,45906960.000,0,-,-,-,-,4641.4000,4641.2000,4640.6000,4639.6000,4637.4000,4646.8000,4647.0000,4647.2000,4658.8000,4659.0000,1,2,1,1,1,1,1,1,1,1
SF,IF2103,2020-08-06 09:30:31.200,4640.2000,2346,0,45906960.000,0,-,-,-,-,4641.4000,4641.2000,4639.6000,4637.4000,4635.4000,4646.6000,4646.8000,4647.2000,4658.8000,4659.0000,2,1,1,1,1,1,1,1,1,1
SF,IF2103,2020-08-06 09:30:31.700,4640.2000,2346,0,45906960.000,0,-,-,-,-,4641.4000,4639.6000,4637.4000,4635.4000,4604.0000,4646.6000,4646.8000,4647.2000,4658.8000,4659.0000,2,1,1,1,6,1,1,1,1,1
SF,IF2103,2020-08-06 09:30:32.200,4640.2000,2346,0,45906960.000,0,-,-,-,-,4641.4000,4637.4000,4635.4000,4604.0000,4599.4000,4646.4000,4646.6000,4646.8000,4658.8000,4659.0000,2,1,1,6,1,1,1,1,1,1
SF,IF2103,2020-08-06 09:30:32.700,4640.2000,2346,0,45906960.000,0,-,-,-,-,4641.4000,4637.4000,4635.4000,4604.0000,4599.4000,4646.4000,4646.6000,4646.8000,4658.8000,4659.0000,2,1,1,6,1,1,1,1,1,1
SF,IF2103,2020-08-06 09:30:33.200,4640.2000,2346,0,45906960.000,0,-,-,-,-,4641.4000,4637.4000,4635.4000,4604.0000,4599.4000,4645.8000,4646.4000,4646.6000,4646.8000,4658.8000,2,1,1,6,1,1,1,1,1,1
SF,IF2103,2020-08-06 09:30:33.700,4640.2000,2346,0,45906960.000,0,-,-,-,-,4641.4000,4637.4000,4635.4000,4604.0000,4599.4000,4645.8000,4646.4000,4646.6000,4646.8000,4658.8000,2,1,1,6,1,1,1,1,1,1
SF,IF2103,2020-08-06 09:30:34.200,4640.2000,2346,0,45906960.000,0,-,-,-,-,4641.4000,4637.4000,4635.4000,4604.0000,4599.4000,4645.8000,4646.4000,4646.6000,4646.8000,4658.8000,2,1,1,6,1,1,1,1,1,1
SF,IF2103,2020-08-06 09:30:34.700,4640.2000,2346,0,45906960.000,0,-,-,-,-,4641.4000,4637.4000,4635.4000,4604.0000,4599.4000,4645.8000,4646.4000,4646.6000,4658.8000,4659.0000,2,1,1,6,1,1,1,1,1,1
SF,IF2103,2020-08-06 09:30:35.200,4640.2000,2346,0,45906960.000,0,-,-,-,-,4641.4000,4637.4000,4636.0000,4635.4000,4604.0000,4645.8000,4646.6000,4648.2000,4658.8000,4659.0000,2,1,1,1,6,1,1,1,1,1
SF,IF2103,2020-08-06 09:30:35.700,4640.2000,2346,0,45906960.000,0,-,-,-,-,4643.0000,4641.4000,4637.4000,4636.0000,4635.4000,4645.8000,4646.6000,4648.2000,4658.8000,4665.2000,1,2,1,1,1,1,1,1,1,1
SF,IF2103,2020-08-06 09:30:36.200,4643.0000,2345,-1,48692760.000,2,0,2,多平,S,4641.4000,4637.4000,4636.0000,4635.4000,4604.0000,4645.6000,4645.8000,4648.2000,4658.8000,4665.2000,1,1,1,1,6,1,1,1,1,1
SF,IF2103,2020-08-06 09:30:37.700,4643.0000,2345,0,48692760.000,0,-,-,-,-,4641.4000,4637.4000,4636.0000,4635.4000,4604.0000,4645.4000,4645.6000,4648.2000,4658.8000,4665.2000,1,1,1,1,6,1,1,1,1,1
SF,IF2103,2020-08-06 09:30:38.200,4643.0000,2345,0,48692760.000,0,-,-,-,-,4641.4000,4637.4000,4636.0000,4635.4000,4604.0000,4645.2000,4645.4000,4645.6000,4648.2000,4648.4000,1,1,1,1,6,1,1,1,1,1
SF,IF2103,2020-08-06 09:30:38.700,4643.0000,2345,0,48692760.000,0,-,-,-,-,4641.4000,4637.4000,4636.0000,4635.4000,4604.0000,4645.2000,4645.4000,4645.6000,4648.2000,4648.4000,1,1,1,1,6,1,1,1,1,1
SF,IF2103,2020-08-06 09:30:39.200,4643.0000,2345,0,48692760.000,0,-,-,-,-,4641.4000,4637.4000,4636.0000,4635.4000,4604.0000,4645.2000,4645.4000,4645.6000,4648.2000,4648.4000,1,1,1,1,6,1,1,1,1,1
SF,IF2103,2020-08-06 09:30:39.700,4643.0000,2345,0,48692760.000,0,-,-,-,-,4637.4000,4636.0000,4635.4000,4604.0000,4599.4000,4645.2000,4645.4000,4645.6000,4648.2000,4648.4000,1,1,1,6,1,1,1,1,1,1
SF,IF2103,2020-08-06 09:30:40.200,4643.0000,2345,0,48692760.000,0,-,-,-,-,4638.4000,4637.8000,4637.6000,4637.4000,4636.0000,4645.0000,4645.2000,4645.6000,4648.2000,4648.4000,1,2,1,1,1,1,1,1,1,1
SF,IF2103,2020-08-06 09:30:40.700,4643.0000,2345,0,48692760.000,0,-,-,-,-,4638.8000,4638.4000,4637.8000,4637.4000,4636.0000,4644.2000,4645.0000,4645.2000,4648.2000,4648.4000,1,1,1,1,1,1,1,1,1,1
SF,IF2103,2020-08-06 09:30:41.200,4643.0000,2345,0,48692760.000,0,-,-,-,-,4638.8000,4638.4000,4637.8000,4637.4000,4635.4000,4644.0000,4644.2000,4648.2000,4648.4000,4648.6000,1,1,1,1,1,1,1,1,1,1
SF,IF2103,2020-08-06 09:30:41.700,4643.0000,2345,0,48692760.000,0,-,-,-,-,4638.8000,4638.4000,4637.8000,4637.4000,4635.4000,4644.0000,4644.2000,4648.2000,4648.4000,4648.6000,1,1,1,1,1,1,1,1,1,1
SF,IF2103,2020-08-06 09:30:42.200,4643.0000,2345,0,48692760.000,0,-,-,-,-,4638.8000,4638.4000,4637.8000,4635.4000,4604.0000,4644.0000,4644.2000,4648.2000,4648.4000,4648.6000,1,1,1,1,6,1,1,1,1,1
SF,IF2103,2020-08-06 09:30:42.700,4643.0000,2345,0,48692760.000,0,-,-,-,-,4638.8000,4638.4000,4637.8000,4635.4000,4604.0000,4643.4000,4643.8000,4644.0000,4648.2000,4648.4000,1,1,1,1,6,1,1,1,1,1
SF,IF2103,2020-08-06 09:30:43.200,4643.0000,2345,0,48692760.000,0,-,-,-,-,4638.8000,4637.8000,4635.4000,4604.0000,4599.2000,4643.4000,4643.8000,4644.0000,4648.2000,4648.4000,1,1,1,6,5,1,1,1,1,1
SF,IF2103,2020-08-06 09:30:43.700,4643.0000,2345,0,48692760.000,0,-,-,-,-,4637.8000,4635.4000,4604.0000,4599.2000,4599.0000,4643.4000,4643.8000,4644.0000,4648.2000,4648.4000,1,1,6,5,1,1,1,1,1,1
SF,IF2103,2020-08-06 09:30:44.200,4643.0000,2345,0,48692760.000,0,-,-,-,-,4635.4000,4604.0000,4599.2000,4599.0000,4585.2000,4643.2000,4643.4000,4643.8000,4648.2000,4648.4000,1,6,5,1,1,2,1,1,1,1
SF,IF2103,2020-08-06 09:30:44.700,4643.0000,2345,0,48692760.000,0,-,-,-,-,4635.8000,4635.6000,4635.4000,4604.0000,4599.2000,4643.2000,4643.4000,4648.2000,4648.4000,4648.6000,1,1,2,6,5,2,1,1,1,1
SF,IF2103,2020-08-06 09:30:45.200,4643.0000,2345,0,48692760.000,0,-,-,-,-,4636.0000,4635.8000,4635.4000,4604.0000,4599.2000,4642.4000,4643.2000,4648.2000,4648.4000,4648.6000,1,1,2,6,5,1,2,1,1,1
SF,IF2103,2020-08-06 09:30:45.700,4643.0000,2345,0,48692760.000,0,-,-,-,-,4636.2000,4636.0000,4635.8000,4635.4000,4604.0000,4642.2000,4642.4000,4648.2000,4648.4000,4648.6000,1,1,1,2,6,1,1,1,1,1
SF,IF2103,2020-08-06 09:30:46.200,4643.0000,2345,0,48692760.000,0,-,-,-,-,4636.2000,4635.8000,4635.4000,4604.0000,4599.2000,4642.2000,4642.4000,4648.2000,4648.4000,4648.6000,1,1,2,6,5,1,1,1,1,1
SF,IF2103,2020-08-06 09:30:46.700,4643.0000,2345,0,48692760.000,0,-,-,-,-,4635.8000,4635.4000,4604.0000,4599.2000,4599.0000,4641.8000,4642.2000,4648.2000,4648.4000,4648.6000,1,2,6,5,1,1,1,1,1,1
SF,IF2103,2020-08-06 09:30:47.200,4643.0000,2345,0,48692760.000,0,-,-,-,-,4635.4000,4604.0000,4599.2000,4599.0000,4585.2000,4641.6000,4641.8000,4648.2000,4648.4000,4648.6000,2,6,5,1,1,1,2,1,1,1
SF,IF2103,2020-08-06 09:30:47.700,4643.0000,2345,0,48692760.000,0,-,-,-,-,4635.4000,4604.0000,4599.2000,4599.0000,4585.2000,4641.4000,4641.6000,4641.8000,4648.2000,4648.4000,2,6,5,1,1,2,1,2,1,1
SF,IF2103,2020-08-06 09:30:48.200,4635.4000,2344,-1,51474000.000,2,0,2,多平,S,4604.0000,4599.2000,4599.0000,4585.2000,4555.2000,4640.6000,4641.2000,4641.4000,4641.8000,4648.2000,6,2,1,1,1,1,1,2,1,1
SF,IF2103,2020-08-06 09:30:48.700,4635.4000,2344,0,51474000.000,0,-,-,-,-,4628.0000,4624.6000,4617.0000,4612.6000,4604.4000,4640.4000,4640.6000,4641.4000,4641.8000,4648.2000,1,1,1,3,2,2,1,1,1,1
SF,IF2103,2020-08-06 09:30:49.200,4635.4000,2344,0,51474000.000,0,-,-,-,-,4633.2000,4628.4000,4628.2000,4617.0000,4604.4000,4640.2000,4640.4000,4640.6000,4641.8000,4648.2000,1,1,1,1,1,1,2,1,1,1
SF,IF2103,2020-08-06 09:30:49.700,4633.2000,2343,-1,52863960.000,1,0,1,双平,S,4630.2000,4628.4000,4617.0000,4604.4000,4604.2000,4638.4000,4638.8000,4640.0000,4640.2000,4641.8000,1,1,1,1,1,1,2,2,1,1
SF,IF2103,2020-08-06 09:30:50.200,4633.2000,2343,0,52863960.000,0,-,-,-,-,4630.4000,4630.2000,4628.4000,4617.0000,4604.4000,4638.2000,4638.4000,4638.8000,4640.2000,4641.8000,1,1,1,1,1,2,1,2,1,1
SF,IF2103,2020-08-06 09:30:50.700,4633.2000,2343,0,52863960.000,0,-,-,-,-,4630.2000,4628.4000,4604.4000,4604.2000,4599.2000,4638.0000,4638.2000,4638.4000,4638.8000,4648.2000,1,1,1,1,1,1,2,1,2,1
SF,IF2103,2020-08-06 09:30:51.200,4633.2000,2343,0,52863960.000,0,-,-,-,-,4630.2000,4628.4000,4604.4000,4604.2000,4599.2000,4637.8000,4638.0000,4638.4000,4638.8000,4640.2000,1,1,1,1,1,2,1,1,2,1
SF,IF2103,2020-08-06 09:30:51.700,4633.2000,2343,0,52863960.000,0,-,-,-,-,4628.4000,4604.4000,4604.2000,4599.2000,4599.0000,4637.6000,4637.8000,4638.0000,4638.4000,4638.8000,1,1,1,1,1,1,2,1,1,2
SF,IF2103,2020-08-06 09:30:52.200,4633.2000,2343,0,52863960.000,0,-,-,-,-,4628.6000,4604.4000,4604.2000,4599.2000,4599.0000,4637.4000,4637.6000,4638.0000,4638.4000,4640.2000,1,1,1,1,1,2,1,1,1,1
SF,IF2103,2020-08-06 09:30:52.700,4633.2000,2343,0,52863960.000,0,-,-,-,-,4629.2000,4604.4000,4604.2000,4599.2000,4599.0000,4637.4000,4637.6000,4638.4000,4640.2000,4648.2000,1,1,1,1,1,2,1,1,1,1
SF,IF2103,2020-08-06 09:30:53.200,4633.2000,2343,0,52863960.000,0,-,-,-,-,4629.2000,4628.8000,4604.4000,4604.2000,4599.2000,4636.6000,4637.4000,4637.6000,4638.4000,4640.2000,1,1,1,1,1,1,2,1,1,1
SF,IF2103,2020-08-06 09:30:53.700,4633.2000,2343,0,52863960.000,0,-,-,-,-,4604.4000,4604.2000,4599.2000,4599.0000,4585.2000,4636.4000,4636.6000,4636.8000,4637.6000,4638.4000,1,1,1,1,1,2,1,1,1,1
SF,IF2103,2020-08-06 09:30:54.200,4633.2000,2343,0,52863960.000,0,-,-,-,-,4622.8000,4621.8000,4615.2000,4604.8000,4604.6000,4636.4000,4636.6000,4636.8000,4638.4000,4640.2000,1,1,1,1,2,2,1,1,1,1
SF,IF2103,2020-08-06 09:30:54.700,4633.2000,2343,0,52863960.000,0,-,-,-,-,4627.6000,4623.2000,4622.8000,4615.2000,4604.6000,4635.4000,4636.4000,4636.8000,4638.4000,4640.2000,1,1,1,1,1,1,2,1,1,1
SF,IF2103,2020-08-06 09:30:55.200,4633.2000,2343,0,52863960.000,0,-,-,-,-,4627.6000,4623.2000,4622.8000,4604.4000,4599.2000,4635.0000,4635.2000,4635.4000,4638.4000,4640.2000,1,1,1,1,1,1,3,1,1,1
SF,IF2103,2020-08-06 09:30:55.700,4633.2000,2343,0,52863960.000,0,-,-,-,-,4623.2000,4622.8000,4604.4000,4599.2000,4599.0000,4634.8000,4635.0000,4635.2000,4635.4000,4638.4000,1,1,1,1,1,1,1,1,1,1
SF,IF2103,2020-08-06 09:30:56.200,4633.2000,2343,0,52863960.000,0,-,-,-,-,4626.2000,4623.2000,4622.8000,4604.4000,4599.2000,4634.6000,4634.8000,4635.0000,4635.4000,4638.4000,1,1,1,1,1,1,1,1,1,1
SF,IF2103,2020-08-06 09:30:56.700,4633.2000,2343,0,52863960.000,0,-,-,-,-,4626.2000,4623.2000,4622.8000,4604.4000,4599.2000,4634.4000,4635.0000,4635.4000,4638.4000,4640.2000,2,1,1,1,1,2,1,1,1,1
SF,IF2103,2020-08-06 09:30:57.200,4633.2000,2343,0,52863960.000,0,-,-,-,-,4626.2000,4623.2000,4622.8000,4604.4000,4599.2000,4634.4000,4635.0000,4635.4000,4638.4000,4640.2000,2,1,1,1,1,2,1,1,1,1
SF,IF2103,2020-08-06 09:30:57.700,4633.2000,2343,0,52863960.000,0,-,-,-,-,4626.2000,4623.2000,4622.8000,4604.4000,4599.2000,4634.4000,4635.0000,4638.4000,4640.2000,4648.2000,2,1,1,1,1,2,1,1,1,1
SF,IF2103,2020-08-06 09:30:58.200,4633.2000,2343,0,52863960.000,0,-,-,-,-,4627.0000,4626.2000,4623.2000,4622.8000,4604.4000,4634.4000,4638.4000,4640.2000,4648.2000,4648.4000,1,2,1,1,1,1,1,1,1,1
SF,IF2103,2020-08-06 09:30:58.700,4633.2000,2343,0,52863960.000,0,-,-,-,-,4627.2000,4627.0000,4626.2000,4623.2000,4622.8000,4634.4000,4638.4000,4640.2000,4648.2000,4648.4000,1,2,1,1,1,1,1,1,1,1
SF,IF2103,2020-08-06 09:30:59.200,4634.4000,2342,-1,54254280.000,1,0,1,双平,S,4628.0000,4627.4000,4627.2000,4627.0000,4623.2000,4638.4000,4640.2000,4648.2000,4648.4000,4648.6000,1,1,2,2,1,1,1,1,1,1
SF,IF2103,2020-08-06 09:30:59.700,4634.4000,2342,0,54254280.000,0,-,-,-,-,4628.2000,4628.0000,4627.2000,4627.0000,4623.2000,4638.4000,4640.2000,4648.2000,4648.4000,4648.6000,2,1,2,2,1,1,1,1,1,1
SF,IF2103,2020-08-06 09:31:00.200,4634.4000,2342,0,54254280.000,0,-,-,-,-,4629.0000,4628.4000,4628.2000,4628.0000,4627.0000,4640.2000,4648.2000,4648.4000,4648.6000,4648.8000,1,1,2,1,1,1,1,1,1,1
SF,IF2103,2020-08-06 09:31:00.700,4634.4000,2342,0,54254280.000,0,-,-,-,-,4629.2000,4629.0000,4628.0000,4604.4000,4599.2000,4638.4000,4640.0000,4640.2000,4648.2000,4648.4000,2,1,1,1,1,1,2,1,1,1
SF,IF2103,2020-08-06 09:31:01.200,4634.4000,2342,0,54254280.000,0,-,-,-,-,4629.2000,4629.0000,4628.0000,4604.4000,4599.2000,4638.2000,4638.4000,4640.0000,4640.2000,4648.2000,1,1,1,1,1,1,1,1,1,1
SF,IF2103,2020-08-06 09:31:01.700,4634.4000,2342,0,54254280.000,0,-,-,-,-,4629.2000,4629.0000,4628.0000,4604.4000,4599.2000,4638.0000,4638.2000,4638.4000,4640.0000,4640.2000,1,1,1,1,1,2,1,1,1,1
SF,IF2103,2020-08-06 09:31:02.200,4634.4000,2342,0,54254280.000,0,-,-,-,-,4629.2000,4629.0000,4604.4000,4599.2000,4599.0000,4637.8000,4638.0000,4638.4000,4640.0000,4640.2000,1,1,1,1,1,1,2,1,1,1
SF,IF2103,2020-08-06 09:31:02.700,4634.4000,2342,0,54254280.000,0,-,-,-,-,4604.4000,4599.2000,4599.0000,4578.0000,4546.0000,4637.6000,4637.8000,4638.0000,4638.4000,4640.0000,1,1,1,1,1,1,1,1,1,1
SF,IF2103,2020-08-06 09:31:03.200,4634.4000,2342,0,54254280.000,0,-,-,-,-,4622.8000,4622.4000,4621.4000,4615.2000,4604.8000,4637.4000,4637.6000,4638.0000,4638.4000,4640.0000,1,1,1,1,1,2,1,1,1,1
SF,IF2103,2020-08-06 09:31:03.700,4634.4000,2342,0,54254280.000,0,-,-,-,-,4623.2000,4623.0000,4622.8000,4622.4000,4621.4000,4637.2000,4637.4000,4638.0000,4638.4000,4640.2000,2,1,1,1,1,1,2,1,1,1
SF,IF2103,2020-08-06 09:31:04.200,4634.4000,2342,0,54254280.000,0,-,-,-,-,4623.4000,4623.2000,4622.8000,4622.4000,4621.4000,4637.0000,4637.2000,4638.0000,4638.4000,4640.2000,1,2,1,1,1,3,1,1,1,1
SF,IF2103,2020-08-06 09:31:04.700,4634.4000,2342,0,54254280.000,0,-,-,-,-,4625.8000,4623.8000,4623.4000,4623.2000,4622.8000,4636.8000,4637.0000,4638.4000,4640.2000,4648.2000,1,1,1,1,1,1,3,1,1,1
SF,IF2103,2020-08-06 09:31:05.200,4634.4000,2342,0,54254280.000,0,-,-,-,-,4626.0000,4625.8000,4625.2000,4623.8000,4623.2000,4636.6000,4636.8000,4637.0000,4638.4000,4640.2000,2,1,1,1,1,1,1,1,1,1
SF,IF2103,2020-08-06 09:31:05.700,4634.4000,2342,0,54254280.000,0,-,-,-,-,4627.6000,4626.0000,4625.8000,4625.2000,4623.8000,4636.4000,4636.6000,4637.0000,4638.4000,4640.2000,1,1,1,1,1,2,2,1,1,1
SF,IF2103,2020-08-06 09:31:06.200,4634.4000,2342,0,54254280.000,0,-,-,-,-,4627.6000,4626.0000,4625.8000,4623.8000,4623.2000,4636.2000,4636.4000,4636.6000,4638.4000,4640.2000,1,1,1,1,1,1,1,1,1,1
SF,IF2103,2020-08-06 09:31:06.700,4634.4000,2342,0,54254280.000,0,-,-,-,-,4627.8000,4627.6000,4623.8000,4623.2000,4622.8000,4636.0000,4636.2000,4636.6000,4638.4000,4640.2000,2,1,1,1,1,1,1,1,1,1
SF,IF2103,2020-08-06 09:31:07.200,4634.4000,2342,0,54254280.000,0,-,-,-,-,4628.0000,4627.8000,4627.6000,4623.8000,4623.2000,4635.8000,4636.0000,4638.4000,4640.2000,4648.2000,1,2,1,1,1,1,1,1,1,1
SF,IF2103,2020-08-06 09:31:07.700,4634.4000,2342,0,54254280.000,0,-,-,-,-,4628.8000,4628.2000,4628.0000,4627.8000,4623.8000,4638.4000,4640.2000,4648.2000,4648.4000,4648.6000,1,2,1,1,1,1,1,1,1,1
SF,IF2103,2020-08-06 09:31:08.200,4634.4000,2342,0,54254280.000,0,-,-,-,-,4629.0000,4628.8000,4628.0000,4627.8000,4623.8000,4638.2000,4638.4000,4640.2000,4648.2000,4648.4000,3,1,1,1,1,1,1,1,1,1
SF,IF2103,2020-08-06 09:31:08.700,4634.4000,2342,0,54254280.000,0,-,-,-,-,4629.0000,4628.8000,4628.0000,4623.8000,4623.2000,4638.4000,4640.2000,4648.2000,4648.4000,4648.6000,3,1,1,1,1,1,1,1,1,1
SF,IF2103,2020-08-06 09:31:09.200,4634.4000,2342,0,54254280.000,0,-,-,-,-,4629.2000,4629.0000,4628.8000,4628.0000,4623.2000,4640.2000,4648.2000,4648.4000,4648.6000,4648.8000,1,2,1,1,1,1,1,1,1,1
SF,IF2103,2020-08-06 09:31:09.700,4634.4000,2342,0,54254280.000,0,-,-,-,-,4630.8000,4629.4000,4629.2000,4628.0000,4623.2000,4640.0000,4640.2000,4648.2000,4648.4000,4648.6000,1,2,1,1,1,1,1,1,1,1
SF,IF2103,2020-08-06 09:31:10.200,4634.4000,2342,0,54254280.000,0,-,-,-,-,4631.0000,4630.8000,4628.0000,4623.2000,4604.6000,4640.0000,4640.2000,4648.2000,4648.4000,4648.6000,3,1,1,1,1,1,1,1,1,1
SF,IF2103,2020-08-06 09:31:10.700,4634.4000,2342,0,54254280.000,0,-,-,-,-,4631.0000,4630.8000,4628.0000,4623.2000,4604.6000,4640.2000,4648.2000,4648.4000,4648.6000,4648.8000,3,1,1,1,1,1,1,1,1,1
SF,IF2103,2020-08-06 09:31:11.200,4634.4000,2342,0,54254280.000,0,-,-,-,-,4632.6000,4631.2000,4631.0000,4628.0000,4623.2000,4640.2000,4648.2000,4648.4000,4648.6000,4648.8000,1,1,3,1,1,1,1,1,1,1
SF,IF2103,2020-08-06 09:31:11.700,4634.4000,2342,0,54254280.000,0,-,-,-,-,4632.8000,4632.6000,4631.2000,4631.0000,4628.0000,4640.0000,4640.2000,4648.2000,4648.4000,4648.6000,2,1,1,1,1,1,1,1,1,1
SF,IF2103,2020-08-06 09:31:12.200,4634.4000,2342,0,54254280.000,0,-,-,-,-,4632.8000,4632.6000,4631.2000,4631.0000,4628.0000,4640.0000,4640.2000,4648.2000,4648.4000,4648.6000,2,1,1,1,1,1,1,1,1,1
SF,IF2103,2020-08-06 09:31:12.700,4634.4000,2342,0,54254280.000,0,-,-,-,-,4632.8000,4632.6000,4631.0000,4628.0000,4623.2000,4639.8000,4640.0000,4640.2000,4648.2000,4648.4000,1,1,1,1,1,1,1,1,1,1
SF,IF2103,2020-08-06 09:31:13.200,4634.4000,2342,0,54254280.000,0,-,-,-,-,4632.6000,4631.0000,4628.0000,4623.2000,4604.6000,4639.6000,4639.8000,4640.2000,4648.2000,4648.4000,1,1,1,1,1,2,1,1,1,1
SF,IF2103,2020-08-06 09:31:13.700,4634.4000,2342,0,54254280.000,0,-,-,-,-,4632.6000,4631.0000,4628.0000,4623.2000,4604.6000,4639.4000,4639.6000,4639.8000,4640.2000,4648.2000,1,1,1,1,1,1,2,1,1,1
SF,IF2103,2020-08-06 09:31:14.200,4634.4000,2342,0,54254280.000,0,-,-,-,-,4632.6000,4631.0000,4628.0000,4623.2000,4604.6000,4639.2000,4639.4000,4639.8000,4640.2000,4648.2000,1,1,1,1,1,2,1,1,1,1
SF,IF2103,2020-08-06 09:31:14.700,4634.4000,2342,0,54254280.000,0,-,-,-,-,4631.0000,4628.0000,4623.2000,4604.6000,4599.2000,4639.2000,4639.4000,4640.2000,4648.2000,4648.4000,1,1,1,1,1,2,1,1,1,1
SF,IF2103,2020-08-06 09:31:15.200,4634.4000,2342,0,54254280.000,0,-,-,-,-,4632.4000,4631.2000,4631.0000,4628.0000,4623.2000,4640.2000,4648.2000,4648.4000,4648.6000,4648.8000,1,3,1,1,1,1,1,1,1,1
SF,IF2103,2020-08-06 09:31:15.700,4634.4000,2342,0,54254280.000,0,-,-,-,-,4632.6000,4632.4000,4631.2000,4631.0000,4628.0000,4640.2000,4648.2000,4648.4000,4648.6000,4648.8000,2,1,1,1,1,1,1,1,1,1
SF,IF2103,2020-08-06 09:31:16.200,4634.4000,2342,0,54254280.000,0,-,-,-,-,4632.8000,4632.6000,4632.4000,4628.0000,4623.2000,4640.2000,4648.2000,4648.4000,4648.6000,4648.8000,2,2,1,1,1,1,1,1,1,1
SF,IF2103,2020-08-06 09:31:16.700,4634.4000,2342,0,54254280.000,0,-,-,-,-,4633.4000,4633.0000,4632.8000,4628.0000,4623.2000,4640.2000,4648.2000,4648.4000,4648.6000,4648.8000,1,2,2,1,1,1,1,1,1,1
SF,IF2103,2020-08-06 09:31:17.200,4634.4000,2342,0,54254280.000,0,-,-,-,-,4633.6000,4633.4000,4632.8000,4623.2000,4604.6000,4640.2000,4648.2000,4648.4000,4648.6000,4648.8000,3,1,1,1,1,1,1,1,1,1
SF,IF2103,2020-08-06 09:31:17.700,4634.4000,2342,0,54254280.000,0,-,-,-,-,4633.6000,4633.4000,4623.2000,4604.6000,4599.2000,4640.0000,4640.2000,4648.2000,4648.4000,4648.6000,3,1,1,1,1,1,1,1,1,1
SF,IF2103,2020-08-06 09:31:18.200,4634.4000,2342,0,54254280.000,0,-,-,-,-,4633.6000,4633.4000,4623.2000,4604.6000,4599.2000,4640.2000,4648.2000,4648.4000,4648.6000,4648.8000,3,1,1,1,1,1,1,1,1,1
SF,IF2103,2020-08-06 09:31:18.700,4634.4000,2342,0,54254280.000,0,-,-,-,-,4635.0000,4633.6000,4623.2000,4604.6000,4599.2000,4640.2000,4648.2000,4648.4000,4648.6000,4648.8000,1,3,1,1,1,1,1,1,1,1
SF,IF2103,2020-08-06 09:31:19.200,4634.4000,2342,0,54254280.000,0,-,-,-,-,4635.2000,4635.0000,4633.6000,4623.2000,4604.6000,4640.2000,4648.2000,4648.4000,4648.6000,4648.8000,1,1,2,1,1,1,1,1,1,1
SF,IF2103,2020-08-06 09:31:19.700,4640.2000,2342,0,55646340.000,1,0,1,多换,S,4635.4000,4635.2000,4635.0000,4633.6000,4623.2000,4648.2000,4648.4000,4648.6000,4648.8000,4649.0000,2,1,1,1,1,1,1,1,1,1
SF,IF2103,2020-08-06 09:31:20.200,4640.2000,2342,0,55646340.000,0,-,-,-,-,4635.6000,4635.4000,4635.0000,4623.2000,4604.6000,4648.0000,4648.2000,4648.4000,4648.6000,4648.8000,1,2,1,1,1,2,1,1,1,1
SF,IF2103,2020-08-06 09:31:20.700,4640.2000,2342,0,55646340.000,0,-,-,-,-,4636.0000,4635.6000,4635.4000,4635.0000,4623.2000,4648.0000,4648.2000,4648.4000,4648.6000,4648.8000,1,1,1,1,1,2,1,1,1,1
SF,IF2103,2020-08-06 09:31:21.200,4640.2000,2342,0,55646340.000,0,-,-,-,-,4636.0000,4635.4000,4635.0000,4623.2000,4604.6000,4640.0000,4647.8000,4648.0000,4648.2000,4648.4000,1,1,1,1,1,5,2,2,1,1
SF,IF2103,2020-08-06 09:31:21.700,4640.2000,2342,0,55646340.000,0,-,-,-,-,4636.2000,4636.0000,4635.4000,4635.0000,4623.2000,4640.0000,4647.8000,4648.0000,4648.2000,4648.4000,1,1,1,1,1,5,2,1,1,1
SF,IF2103,2020-08-06 09:31:22.200,4640.2000,2342,0,55646340.000,0,-,-,-,-,4636.2000,4636.0000,4635.0000,4623.2000,4604.6000,4640.0000,4647.8000,4648.0000,4648.2000,4648.4000,1,1,1,1,1,5,2,1,1,1
SF,IF2103,2020-08-06 09:31:22.700,4640.2000,2342,0,55646340.000,0,-,-,-,-,4636.2000,4636.0000,4623.2000,4604.6000,4599.2000,4639.8000,4640.0000,4647.8000,4648.0000,4648.2000,1,1,1,1,1,1,5,2,1,1
SF,IF2103,2020-08-06 09:31:23.200,4640.2000,2342,0,55646340.000,0,-,-,-,-,4636.0000,4623.2000,4604.6000,4599.2000,4599.0000,4639.6000,4639.8000,4640.0000,4647.8000,4648.2000,1,1,1,1,1,1,1,5,2,1
SF,IF2103,2020-08-06 09:31:23.700,4640.2000,2342,0,55646340.000,0,-,-,-,-,4623.2000,4604.6000,4599.2000,4599.0000,4578.0000,4639.8000,4640.0000,4647.8000,4648.2000,4648.4000,1,1,1,1,1,1,5,2,1,1
SF,IF2103,2020-08-06 09:31:24.200,4640.2000,2342,0,55646340.000,0,-,-,-,-,4633.2000,4628.0000,4624.4000,4623.6000,4623.4000,4639.6000,4639.8000,4640.0000,4647.8000,4648.2000,1,1,3,1,1,2,1,5,1,1
SF,IF2103,2020-08-06 09:31:24.700,4640.2000,2342,0,55646340.000,0,-,-,-,-,4633.2000,4628.0000,4623.6000,4623.4000,4623.2000,4639.6000,4639.8000,4640.0000,4647.8000,4648.2000,1,1,1,1,1,2,1,5,1,1
SF,IF2103,2020-08-06 09:31:25.200,4640.2000,2342,0,55646340.000,0,-,-,-,-,4628.0000,4623.6000,4623.4000,4623.2000,4604.6000,4639.6000,4639.8000,4640.0000,4647.8000,4648.2000,1,1,1,1,1,2,1,5,1,1
SF,IF2103,2020-08-06 09:31:25.700,4640.2000,2342,0,55646340.000,0,-,-,-,-,4633.4000,4628.4000,4628.2000,4604.6000,4599.2000,4639.6000,4639.8000,4640.0000,4648.2000,4648.4000,1,2,1,1,1,2,1,5,1,1
SF,IF2103,2020-08-06 09:31:26.200,4640.2000,2342,0,55646340.000,0,-,-,-,-,4628.4000,4628.2000,4604.6000,4599.2000,4599.0000,4639.6000,4640.0000,4648.2000,4648.4000,4648.6000,2,1,1,1,1,2,5,1,1,1
SF,IF2103,2020-08-06 09:31:26.700,4640.2000,2342,0,55646340.000,0,-,-,-,-,4628.6000,4628.4000,4604.6000,4599.2000,4599.0000,4639.6000,4640.0000,4648.2000,4648.4000,4648.6000,2,2,1,1,1,1,5,1,1,1
SF,IF2103,2020-08-06 09:31:27.200,4640.2000,2342,0,55646340.000,0,-,-,-,-,4629.0000,4628.8000,4628.6000,4604.6000,4599.2000,4639.4000,4640.0000,4648.2000,4648.4000,4648.6000,1,2,2,1,1,1,5,1,1,1
SF,IF2103,2020-08-06 09:31:27.700,4640.2000,2342,0,55646340.000,0,-,-,-,-,4631.6000,4629.4000,4629.2000,4629.0000,4628.6000,4639.4000,4640.0000,4648.2000,4648.4000,4648.6000,1,1,3,1,1,1,5,1,1,1
SF,IF2103,2020-08-06 09:31:28.200,4640.2000,2342,0,55646340.000,0,-,-,-,-,4633.2000,4631.8000,4631.6000,4630.4000,4629.4000,4639.2000,4639.4000,4640.0000,4648.2000,4648.4000,1,1,1,1,1,1,1,5,1,1
SF,IF2103,2020-08-06 09:31:28.700,4640.2000,2342,0,55646340.000,0,-,-,-,-,4631.8000,4631.6000,4630.4000,4629.4000,4629.2000,4639.0000,4639.2000,4640.0000,4648.2000,4648.4000,1,1,1,1,1,2,1,5,1,1
SF,IF2103,2020-08-06 09:31:29.200,4640.2000,2342,0,55646340.000,0,-,-,-,-,4631.8000,4631.6000,4629.4000,4629.2000,4604.6000,4638.6000,4638.8000,4639.0000,4640.0000,4648.2000,1,1,1,1,1,1,1,2,5,1
SF,IF2103,2020-08-06 09:31:29.700,4640.2000,2342,0,55646340.000,0,-,-,-,-,4631.8000,4631.6000,4629.4000,4604.6000,4599.2000,4638.4000,4638.6000,4639.0000,4640.0000,4648.2000,1,1,1,1,1,3,1,1,5,1
SF,IF2103,2020-08-06 09:31:30.200,4640.2000,2342,0,55646340.000,0,-,-,-,-,4631.6000,4629.4000,4604.6000,4599.2000,4599.0000,4638.4000,4638.6000,4640.0000,4648.2000,4648.4000,1,1,1,1,1,3,1,5,1,1
SF,IF2103,2020-08-06 09:31:30.700,4640.2000,2342,0,55646340.000,0,-,-,-,-,4629.4000,4604.6000,4599.2000,4599.0000,4578.0000,4638.4000,4638.6000,4640.0000,4648.2000,4648.4000,1,1,1,1,1,4,1,5,1,1
SF,IF2103,2020-08-06 09:31:31.200,4640.2000,2342,0,55646340.000,0,-,-,-,-,4630.2000,4604.6000,4599.2000,4599.0000,4578.0000,4637.0000,4638.4000,4640.0000,4648.2000,4648.4000,1,1,1,1,1,1,3,5,1,1
SF,IF2103,2020-08-06 09:31:31.700,4640.2000,2342,0,55646340.000,0,-,-,-,-,4630.2000,4604.6000,4599.2000,4599.0000,4578.0000,4636.8000,4637.0000,4638.4000,4640.0000,4648.2000,1,1,1,1,1,3,1,1,5,1
SF,IF2103,2020-08-06 09:31:32.200,4640.2000,2342,0,55646340.000,0,-,-,-,-,4630.2000,4604.6000,4599.2000,4599.0000,4578.0000,4636.8000,4637.0000,4638.4000,4640.0000,4648.2000,1,1,1,1,1,3,1,1,5,1
SF,IF2103,2020-08-06 09:31:32.700,4640.2000,2342,0,55646340.000,0,-,-,-,-,4630.2000,4604.6000,4599.2000,4599.0000,4578.0000,4636.8000,4637.0000,4638.4000,4640.0000,4648.2000,1,1,1,1,1,2,1,1,5,1
SF,IF2103,2020-08-06 09:31:33.200,4640.2000,2342,0,55646340.000,0,-,-,-,-,4604.6000,4599.2000,4599.0000,4578.0000,4546.0000,4636.8000,4637.0000,4638.4000,4640.0000,4648.2000,1,1,1,1,1,2,1,1,5,1
SF,IF2103,2020-08-06 09:31:33.700,4640.2000,2342,0,55646340.000,0,-,-,-,-,4628.0000,4623.2000,4620.6000,4605.0000,4604.8000,4636.8000,4637.0000,4638.4000,4640.0000,4648.2000,1,1,1,2,2,2,1,1,5,1
SF,IF2103,2020-08-06 09:31:34.200,4636.8000,2341,-1,57037380.000,1,0,1,双平,S,4628.4000,4628.2000,4628.0000,4623.2000,4620.6000,4636.8000,4637.0000,4638.4000,4640.0000,4648.2000,1,1,1,1,1,2,1,1,5,1
SF,IF2103,2020-08-06 09:31:34.700,4636.8000,2341,0,57037380.000,0,-,-,-,-,4628.6000,4628.4000,4628.0000,4620.6000,4605.0000,4636.6000,4636.8000,4637.0000,4638.4000,4640.0000,1,1,1,1,2,1,2,1,1,5
SF,IF2103,2020-08-06 09:31:35.200,4636.8000,2341,0,57037380.000,0,-,-,-,-,4629.8000,4628.6000,4628.4000,4628.0000,4605.0000,4636.4000,4636.6000,4637.0000,4638.4000,4640.0000,1,1,1,1,2,2,1,1,1,5
SF,IF2103,2020-08-06 09:31:35.700,4636.8000,2341,0,57037380.000,0,-,-,-,-,4630.0000,4629.8000,4628.4000,4628.0000,4605.0000,4636.4000,4636.6000,4637.0000,4638.4000,4640.0000,2,1,1,1,2,2,1,1,1,5
SF,IF2103,2020-08-06 09:31:36.200,4636.8000,2341,0,57037380.000,0,-,-,-,-,4630.6000,4630.0000,4629.8000,4628.4000,4628.0000,4636.2000,4636.4000,4636.6000,4637.0000,4638.4000,1,1,1,1,1,1,2,1,1,1
SF,IF2103,2020-08-06 09:31:36.700,4636.8000,2341,0,57037380.000,0,-,-,-,-,4630.8000,4630.6000,4629.8000,4628.4000,4628.0000,4636.0000,4636.2000,4636.4000,4636.6000,4637.0000,1,1,1,1,1,1,1,1,1,1
SF,IF2103,2020-08-06 09:31:37.200,4636.8000,2341,0,57037380.000,0,-,-,-,-,4631.4000,4631.2000,4630.8000,4628.4000,4628.0000,4636.0000,4636.2000,4636.4000,4636.6000,4638.4000,1,1,1,1,1,2,1,1,1,1
SF,IF2103,2020-08-06 09:31:37.700,4636.8000,2341,0,57037380.000,0,-,-,-,-,4631.4000,4631.2000,4628.4000,4628.0000,4605.0000,4635.8000,4636.0000,4636.2000,4636.6000,4638.4000,1,1,1,1,2,1,1,1,1,1
SF,IF2103,2020-08-06 09:31:38.200,4631.4000,2340,-1,58426800.000,1,0,1,双平,S,4628.4000,4628.0000,4605.0000,4604.6000,4599.2000,4636.0000,4636.2000,4636.6000,4638.4000,4640.0000,1,1,2,1,1,1,1,1,1,5
SF,IF2103,2020-08-06 09:31:38.700,4631.4000,2340,0,58426800.000,0,-,-,-,-,4628.4000,4628.0000,4605.0000,4604.6000,4599.2000,4635.8000,4636.0000,4636.2000,4636.6000,4638.4000,1,1,2,1,1,3,1,1,1,1
SF,IF2103,2020-08-06 09:31:39.200,4631.4000,2340,0,58426800.000,0,-,-,-,-,4628.4000,4628.0000,4605.0000,4604.6000,4599.2000,4635.8000,4636.0000,4636.2000,4638.4000,4640.0000,1,1,2,1,1,3,1,1,1,5
SF,IF2103,2020-08-06 09:31:39.700,4631.4000,2340,0,58426800.000,0,-,-,-,-,4628.4000,4628.0000,4605.0000,4604.6000,4599.2000,4635.8000,4636.0000,4638.4000,4640.0000,4648.2000,1,1,2,1,1,3,1,1,5,1
SF,IF2103,2020-08-06 09:31:40.200,4631.4000,2340,0,58426800.000,0,-,-,-,-,4628.4000,4628.0000,4605.0000,4604.6000,4599.2000,4635.8000,4636.0000,4638.4000,4640.0000,4648.2000,1,1,2,1,1,2,1,1,5,1
SF,IF2103,2020-08-06 09:31:40.700,4631.4000,2340,0,58426800.000,0,-,-,-,-,4628.6000,4628.4000,4628.0000,4605.0000,4604.6000,4635.6000,4635.8000,4636.0000,4638.4000,4640.0000,1,1,1,2,1,1,2,1,1,5
SF,IF2103,2020-08-06 09:31:41.200,4631.4000,2340,0,58426800.000,0,-,-,-,-,4628.8000,4628.6000,4628.4000,4628.0000,4605.0000,4635.4000,4635.6000,4636.0000,4638.4000,4640.0000,1,1,1,1,2,1,1,1,1,5
SF,IF2103,2020-08-06 09:31:41.700,4631.4000,2340,0,58426800.000,0,-,-,-,-,4629.2000,4629.0000,4628.8000,4628.0000,4605.0000,4635.4000,4635.6000,4636.0000,4638.4000,4640.0000,1,1,1,1,2,1,1,1,1,5
SF,IF2103,2020-08-06 09:31:42.200,4631.4000,2340,0,58426800.000,0,-,-,-,-,4629.4000,4629.2000,4629.0000,4628.0000,4605.0000,4635.2000,4635.4000,4635.6000,4636.0000,4638.4000,1,1,1,1,2,1,1,1,1,1
SF,IF2103,2020-08-06 09:31:42.700,4631.4000,2340,0,58426800.000,0,-,-,-,-,4629.6000,4629.4000,4629.2000,4628.0000,4605.0000,4635.0000,4635.2000,4635.6000,4636.0000,4638.4000,1,1,1,1,2,1,1,1,1,1
SF,IF2103,2020-08-06 09:31:43.200,4631.4000,2340,0,58426800.000,0,-,-,-,-,4629.8000,4629.6000,4629.2000,4628.0000,4605.0000,4634.8000,4635.0000,4635.2000,4635.6000,4636.0000,1,1,1,1,2,1,1,1,1,1
SF,IF2103,2020-08-06 09:31:43.700,4631.4000,2340,0,58426800.000,0,-,-,-,-,4629.8000,4629.2000,4628.6000,4628.0000,4605.0000,4634.6000,4634.8000,4635.2000,4635.6000,4636.0000,1,1,1,1,2,1,1,1,1,1
SF,IF2103,2020-08-06 09:31:44.200,4631.4000,2340,0,58426800.000,0,-,-,-,-,4628.6000,4628.0000,4605.0000,4604.6000,4599.2000,4634.6000,4634.8000,4635.2000,4635.6000,4636.0000,1,1,2,1,1,1,1,1,1,1
SF,IF2103,2020-08-06 09:31:44.700,4631.4000,2340,0,58426800.000,0,-,-,-,-,4628.8000,4628.6000,4628.0000,4605.0000,4604.6000,4634.6000,4634.8000,4635.2000,4635.6000,4636.0000,1,1,1,2,1,1,1,1,1,1
SF,IF2103,2020-08-06 09:31:45.200,4631.4000,2340,0,58426800.000,0,-,-,-,-,4628.8000,4628.6000,4605.0000,4604.6000,4599.2000,4634.6000,4634.8000,4635.2000,4635.6000,4636.0000,1,1,2,1,1,1,1,1,1,1
SF,IF2103,2020-08-06 09:31:45.700,4631.4000,2340,0,58426800.000,0,-,-,-,-,4605.0000,4604.6000,4599.2000,4599.0000,4578.0000,4634.4000,4634.6000,4634.8000,4635.2000,4635.6000,2,1,1,1,1,1,2,1,1,1
SF,IF2103,2020-08-06 09:31:46.200,4631.4000,2340,0,58426800.000,0,-,-,-,-,4622.8000,4620.0000,4617.0000,4611.6000,4605.2000,4634.2000,4634.4000,4634.6000,4634.8000,4635.2000,1,1,1,3,1,1,1,1,1,1
SF,IF2103,2020-08-06 09:31:46.700,4634.0000,2339,-1,59817000.000,1,0,1,双平,S,4624.2000,4623.0000,4622.8000,4617.0000,4611.6000,4634.0000,4634.2000,4634.6000,4634.8000,4635.2000,1,1,1,1,3,1,1,1,1,1
SF,IF2103,2020-08-06 09:31:47.200,4634.0000,2339,0,59817000.000,0,-,-,-,-,4624.4000,4624.2000,4622.8000,4617.0000,4605.0000,4633.8000,4634.0000,4634.6000,4634.8000,4635.2000,1,1,1,1,2,1,1,1,1,1
SF,IF2103,2020-08-06 09:31:47.700,4634.0000,2339,0,59817000.000,0,-,-,-,-,4624.4000,4624.2000,4622.8000,4617.0000,4605.0000,4633.4000,4633.6000,4633.8000,4634.6000,4634.8000,1,1,1,1,2,1,1,1,1,1
SF,IF2103,2020-08-06 09:31:48.200,4634.0000,2339,0,59817000.000,0,-,-,-,-,4624.4000,4624.2000,4622.8000,4617.0000,4605.0000,4633.2000,4633.4000,4634.6000,4634.8000,4635.2000,1,1,1,1,2,2,1,1,1,1
SF,IF2103,2020-08-06 09:31:48.700,4634.0000,2339,0,59817000.000,0,-,-,-,-,4624.4000,4624.2000,4622.8000,4617.0000,4605.0000,4633.2000,4633.4000,4634.6000,4634.8000,4635.2000,1,1,1,1,2,2,1,1,1,1
SF,IF2103,2020-08-06 09:31:49.200,4634.0000,2339,0,59817000.000,0,-,-,-,-,4624.4000,4624.2000,4622.8000,4617.0000,4605.0000,4633.2000,4633.4000,4634.6000,4634.8000,4640.0000,1,1,1,1,2,2,1,1,1,5
SF,IF2103,2020-08-06 09:31:49.700,4634.0000,2339,0,59817000.000,0,-,-,-,-,4624.4000,4624.2000,4622.8000,4617.0000,4605.0000,4633.0000,4633.2000,4633.4000,4634.6000,4640.0000,1,1,1,1,2,1,2,1,1,5
SF,IF2103,2020-08-06 09:31:50.200,4634.0000,2339,0,59817000.000,0,-,-,-,-,4624.6000,4622.8000,4605.0000,4599.2000,4599.0000,4632.8000,4633.0000,4634.6000,4640.0000,4648.2000,1,1,2,1,1,3,1,1,5,1
SF,IF2103,2020-08-06 09:31:50.700,4634.0000,2339,0,59817000.000,0,-,-,-,-,4624.6000,4622.8000,4605.0000,4599.2000,4599.0000,4632.6000,4632.8000,4634.6000,4640.0000,4648.2000,1,1,2,1,1,1,3,1,5,1
SF,IF2103,2020-08-06 09:31:51.200,4634.0000,2339,0,59817000.000,0,-,-,-,-,4624.6000,4622.8000,4605.0000,4599.2000,4599.0000,4632.4000,4632.6000,4632.8000,4634.6000,4640.0000,1,1,2,1,1,2,1,1,1,5
SF,IF2103,2020-08-06 09:31:51.700,4634.0000,2339,0,59817000.000,0,-,-,-,-,4624.6000,4622.8000,4605.0000,4599.2000,4599.0000,4631.4000,4632.2000,4632.4000,4632.8000,4634.6000,1,1,2,1,1,1,1,2,1,1
SF,IF2103,2020-08-06 09:31:52.200,4634.0000,2339,0,59817000.000,0,-,-,-,-,4622.8000,4605.0000,4599.2000,4599.0000,4578.0000,4631.2000,4632.2000,4632.8000,4634.6000,4640.0000,1,2,1,1,1,2,1,1,1,5
SF,IF2103,2020-08-06 09:31:52.700,4634.0000,2339,0,59817000.000,0,-,-,-,-,4623.0000,4622.8000,4605.0000,4599.2000,4599.0000,4631.2000,4632.2000,4632.8000,4634.6000,4640.0000,1,1,2,1,1,2,1,1,1,5
SF,IF2103,2020-08-06 09:31:53.200,4634.0000,2339,0,59817000.000,0,-,-,-,-,4623.2000,4623.0000,4622.8000,4605.0000,4599.2000,4630.6000,4631.2000,4634.6000,4640.0000,4648.2000,1,2,1,2,1,1,2,1,5,1
SF,IF2103,2020-08-06 09:31:53.700,4634.0000,2339,0,59817000.000,0,-,-,-,-,4623.4000,4623.2000,4623.0000,4622.8000,4605.0000,4630.4000,4630.6000,4631.2000,4634.6000,4640.0000,1,1,1,1,2,1,1,1,1,5
SF,IF2103,2020-08-06 09:31:54.200,4634.0000,2339,0,59817000.000,0,-,-,-,-,4623.6000,4623.4000,4623.2000,4623.0000,4622.8000,4630.4000,4634.6000,4640.0000,4648.2000,4648.4000,1,1,1,1,1,1,1,5,1,1
SF,IF2103,2020-08-06 09:31:54.700,4634.0000,2339,0,59817000.000,0,-,-,-,-,4623.8000,4623.6000,4623.2000,4623.0000,4622.8000,4634.6000,4640.0000,4648.2000,4648.4000,4648.6000,2,1,1,1,1,1,5,1,1,1
SF,IF2103,2020-08-06 09:31:55.200,4634.0000,2339,0,59817000.000,0,-,-,-,-,4625.0000,4624.0000,4623.8000,4623.6000,4622.8000,4634.4000,4634.6000,4640.0000,4648.2000,4648.4000,1,1,2,1,1,2,1,5,1,1
SF,IF2103,2020-08-06 09:31:55.700,4634.0000,2339,0,59817000.000,0,-,-,-,-,4625.2000,4625.0000,4624.0000,4623.6000,4622.8000,4634.4000,4634.6000,4640.0000,4648.2000,4648.4000,2,1,1,1,1,2,1,5,1,1
SF,IF2103,2020-08-06 09:31:56.200,4634.0000,2339,0,59817000.000,0,-,-,-,-,4625.2000,4625.0000,4624.0000,4622.8000,4605.0000,4632.6000,4634.2000,4634.4000,4634.6000,4640.0000,2,1,1,1,2,1,1,2,1,5
SF,IF2103,2020-08-06 09:31:56.700,4634.0000,2339,0,59817000.000,0,-,-,-,-,4625.4000,4625.2000,4625.0000,4622.8000,4605.0000,4632.4000,4632.6000,4634.2000,4634.6000,4640.0000,1,2,1,1,2,1,1,1,1,5
SF,IF2103,2020-08-06 09:31:57.200,4625.4000,2339,0,61204620.000,1,0,1,多换,S,4625.0000,4622.8000,4605.0000,4599.2000,4599.0000,4632.2000,4632.4000,4634.2000,4634.6000,4640.0000,1,1,2,1,1,1,1,1,1,5
SF,IF2103,2020-08-06 09:31:57.700,4625.4000,2339,0,61204620.000,0,-,-,-,-,4625.0000,4622.8000,4605.0000,4599.2000,4599.0000,4632.0000,4632.2000,4634.2000,4634.6000,4640.0000,1,1,2,1,1,2,1,1,1,5
SF,IF2103,2020-08-06 09:31:58.200,4625.4000,2339,0,61204620.000,0,-,-,-,-,4625.0000,4622.8000,4605.0000,4599.2000,4599.0000,4631.8000,4632.0000,4634.2000,4634.6000,4640.0000,1,1,2,1,1,1,2,1,1,5
SF,IF2103,2020-08-06 09:31:58.700,4625.4000,2339,0,61204620.000,0,-,-,-,-,4625.2000,4625.0000,4622.8000,4605.0000,4599.2000,4631.6000,4631.8000,4634.2000,4634.6000,4640.0000,2,1,1,2,1,1,1,1,1,5
SF,IF2103,2020-08-06 09:31:59.200,4625.4000,2339,0,61204620.000,0,-,-,-,-,4625.2000,4625.0000,4622.8000,4605.0000,4599.2000,4631.4000,4634.2000,4634.6000,4640.0000,4648.2000,2,1,1,2,1,1,1,1,5,1
SF,IF2103,2020-08-06 09:31:59.700,4625.4000,2339,0,61204620.000,0,-,-,-,-,4626.0000,4625.2000,4622.8000,4605.0000,4599.2000,4631.4000,4634.2000,4634.6000,4640.0000,4648.2000,1,2,1,2,1,1,1,1,5,1
SF,IF2103,2020-08-06 09:32:00.200,4625.4000,2339,0,61204620.000,0,-,-,-,-,4626.2000,4626.0000,4625.6000,4625.2000,4622.8000,4634.2000,4634.6000,4640.0000,4648.2000,4648.4000,3,1,1,1,1,1,1,5,1,1
SF,IF2103,2020-08-06 09:32:00.700,4625.4000,2339,0,61204620.000,0,-,-,-,-,4626.2000,4626.0000,4625.6000,4622.8000,4605.0000,4634.0000,4634.2000,4640.0000,4648.2000,4648.4000,3,1,1,1,2,1,2,5,1,1
SF,IF2103,2020-08-06 09:32:01.200,4625.4000,2339,0,61204620.000,0,-,-,-,-,4626.8000,4626.2000,4626.0000,4622.8000,4605.0000,4634.2000,4640.0000,4648.2000,4648.4000,4648.6000,1,2,1,1,2,1,5,1,1,1
SF,IF2103,2020-08-06 09:32:01.700,4625.4000,2339,0,61204620.000,0,-,-,-,-,4628.0000,4627.0000,4626.8000,4605.0000,4599.2000,4634.2000,4640.0000,4648.2000,4648.4000,4648.6000,1,3,1,2,1,1,5,1,1,1
SF,IF2103,2020-08-06 09:32:02.200,4625.4000,2339,0,61204620.000,0,-,-,-,-,4628.4000,4628.2000,4628.0000,4627.0000,4605.0000,4634.2000,4640.0000,4648.2000,4648.4000,4648.6000,1,2,1,1,2,1,5,1,1,1
SF,IF2103,2020-08-06 09:32:02.700,4625.4000,2339,0,61204620.000,0,-,-,-,-,4628.6000,4628.4000,4628.0000,4627.0000,4605.0000,4634.2000,4640.0000,4648.2000,4648.4000,4648.6000,2,1,1,1,2,1,5,1,1,1
SF,IF2103,2020-08-06 09:32:03.200,4625.4000,2339,0,61204620.000,0,-,-,-,-,4629.4000,4628.6000,4628.0000,4605.0000,4599.2000,4634.0000,4634.2000,4640.0000,4648.2000,4648.4000,2,2,1,2,1,1,1,5,1,1
SF,IF2103,2020-08-06 09:32:03.700,4625.4000,2339,0,61204620.000,0,-,-,-,-,4629.4000,4628.6000,4628.0000,4605.0000,4599.2000,4633.8000,4634.0000,4634.2000,4640.0000,4648.2000,1,2,1,2,1,1,1,1,5,1
SF,IF2103,2020-08-06 09:32:04.200,4625.4000,2339,0,61204620.000,0,-,-,-,-,4629.4000,4605.0000,4599.2000,4599.0000,4578.0000,4633.8000,4634.0000,4634.2000,4640.0000,4648.2000,1,2,1,1,1,1,1,1,5,1
SF,IF2103,2020-08-06 09:32:04.700,4625.4000,2339,0,61204620.000,0,-,-,-,-,4605.0000,4599.2000,4599.0000,4578.0000,4546.0000,4633.6000,4633.8000,4634.0000,4634.2000,4640.0000,2,1,1,1,1,1,1,1,1,5
SF,IF2103,2020-08-06 09:32:05.200,4625.4000,2339,0,61204620.000,0,-,-,-,-,4626.8000,4622.8000,4621.6000,4618.8000,4611.6000,4633.4000,4633.6000,4634.0000,4634.2000,4640.0000,1,1,1,1,3,2,1,1,1,5
SF,IF2103,2020-08-06 09:32:05.700,4625.4000,2339,0,61204620.000,0,-,-,-,-,4627.0000,4626.8000,4622.8000,4605.2000,4605.0000,4633.4000,4633.6000,4634.0000,4634.2000,4640.0000,1,1,1,1,2,2,1,1,1,5
SF,IF2103,2020-08-06 09:32:06.200,4625.4000,2339,0,61204620.000,0,-,-,-,-,4626.8000,4622.8000,4605.2000,4605.0000,4599.2000,4633.4000,4633.6000,4634.0000,4634.2000,4640.0000,1,1,1,2,1,2,1,1,1,5
SF,IF2103,2020-08-06 09:32:06.700,4625.4000,2339,0,61204620.000,0,-,-,-,-,4626.8000,4622.8000,4605.2000,4605.0000,4599.2000,4633.4000,4633.6000,4634.2000,4640.0000,4648.2000,1,1,1,2,1,2,1,1,5,1
SF,IF2103,2020-08-06 09:32:07.200,4625.4000,2339,0,61204620.000,0,-,-,-,-,4627.0000,4626.8000,4622.8000,4605.2000,4605.0000,4633.4000,4634.2000,4640.0000,4648.2000,4648.4000,1,1,1,1,2,2,1,5,1,1
SF,IF2103,2020-08-06 09:32:07.700,4625.4000,2339,0,61204620.000,0,-,-,-,-,4627.2000,4627.0000,4626.8000,4622.8000,4605.2000,4633.4000,4634.2000,4640.0000,4648.2000,4648.4000,1,1,1,1,1,2,1,5,1,1
SF,IF2103,2020-08-06 09:32:08.200,4625.4000,2339,0,61204620.000,0,-,-,-,-,4627.4000,4627.2000,4626.8000,4622.8000,4605.2000,4633.4000,4634.2000,4640.0000,4648.2000,4648.4000,1,1,1,1,1,1,1,5,1,1
SF,IF2103,2020-08-06 09:32:08.700,4625.4000,2339,0,61204620.000,0,-,-,-,-,4627.6000,4627.4000,4627.2000,4626.8000,4622.8000,4633.4000,4634.2000,4640.0000,4648.2000,4648.4000,1,1,1,1,1,1,1,5,1,1
SF,IF2103,2020-08-06 09:32:09.200,4625.4000,2339,0,61204620.000,0,-,-,-,-,4628.0000,4627.8000,4627.6000,4627.2000,4626.8000,4634.2000,4640.0000,4648.2000,4648.4000,4648.6000,1,2,1,1,1,1,5,1,1,1
SF,IF2103,2020-08-06 09:32:09.700,4625.4000,2339,0,61204620.000,0,-,-,-,-,4628.2000,4627.6000,4626.8000,4605.2000,4605.0000,4634.0000,4634.2000,4640.0000,4648.2000,4648.4000,2,1,1,1,2,2,1,5,1,1
SF,IF2103,2020-08-06 09:32:10.200,4625.4000,2339,0,61204620.000,0,-,-,-,-,4628.6000,4628.2000,4605.2000,4605.0000,4599.2000,4634.0000,4634.2000,4640.0000,4648.2000,4648.4000,1,2,1,2,1,2,1,5,1,1
SF,IF2103,2020-08-06 09:32:10.700,4625.4000,2339,0,61204620.000,0,-,-,-,-,4628.8000,4628.6000,4605.2000,4605.0000,4599.2000,4634.0000,4634.2000,4640.0000,4648.2000,4648.4000,1,1,1,2,1,2,1,5,1,1
SF,IF2103,2020-08-06 09:32:11.200,4625.4000,2339,0,61204620.000,0,-,-,-,-,4628.8000,4628.6000,4605.2000,4605.0000,4599.2000,4634.0000,4634.2000,4640.0000,4648.2000,4648.4000,1,1,1,2,1,2,1,5,1,1
SF,IF2103,2020-08-06 09:32:12.200,4625.4000,2339,0,61204620.000,0,-,-,-,-,4628.8000,4628.6000,4625.8000,4605.2000,4605.0000,4634.0000,4634.2000,4640.0000,4648.2000,4648.4000,1,1,1,1,2,1,1,5,1,1
SF,IF2103,2020-08-06 09:32:12.700,4625.4000,2339,0,61204620.000,0,-,-,-,-,4629.0000,4628.8000,4625.8000,4605.2000,4605.0000,4634.0000,4634.2000,4640.0000,4648.2000,4648.4000,1,1,1,1,2,1,1,5,1,1
SF,IF2103,2020-08-06 09:32:18.200,4625.4000,2339,0,61204620.000,0,-,-,-,-,4629.0000,4628.8000,4625.8000,4605.2000,4605.0000,4633.6000,4634.0000,4634.2000,4640.0000,4648.2000,1,1,1,1,2,1,1,1,5,1
SF,IF2103,2020-08-06 09:32:18.700,4625.4000,2339,0,61204620.000,0,-,-,-,-,4625.8000,4605.2000,4605.0000,4599.2000,4599.0000,4633.4000,4633.6000,4640.0000,4648.2000,4648.4000,1,1,2,1,1,3,2,5,1,1
SF,IF2103,2020-08-06 09:32:19.200,4625.4000,2339,0,61204620.000,0,-,-,-,-,4626.0000,4625.8000,4605.2000,4605.0000,4599.2000,4633.4000,4633.6000,4640.0000,4648.2000,4648.4000,2,1,1,2,1,2,2,5,1,1
SF,IF2103,2020-08-06 09:32:19.700,4625.4000,2339,0,61204620.000,0,-,-,-,-,4628.0000,4626.2000,4626.0000,4625.8000,4605.2000,4633.4000,4633.6000,4640.0000,4648.2000,4648.4000,2,1,2,1,1,1,1,5,1,1
SF,IF2103,2020-08-06 09:32:20.200,4625.4000,2339,0,61204620.000,0,-,-,-,-,4628.2000,4628.0000,4626.2000,4625.8000,4605.2000,4633.6000,4640.0000,4648.2000,4648.4000,4648.6000,2,1,1,1,1,1,5,1,1,1
SF,IF2103,2020-08-06 09:32:20.700,4625.4000,2339,0,61204620.000,0,-,-,-,-,4628.4000,4628.2000,4628.0000,4626.6000,4605.2000,4633.6000,4640.0000,4648.2000,4648.4000,4648.6000,1,2,1,1,1,1,5,1,1,1
SF,IF2103,2020-08-06 09:32:21.200,4625.4000,2339,0,61204620.000,0,-,-,-,-,4628.4000,4628.2000,4628.0000,4626.6000,4605.2000,4633.4000,4633.6000,4640.0000,4648.2000,4648.4000,1,2,1,1,1,1,1,5,1,1
SF,IF2103,2020-08-06 09:32:21.700,4625.4000,2339,0,61204620.000,0,-,-,-,-,4628.2000,4628.0000,4626.6000,4605.2000,4605.0000,4633.2000,4633.4000,4633.6000,4640.0000,4648.2000,1,1,1,1,2,1,2,1,5,1
SF,IF2103,2020-08-06 09:32:22.200,4625.4000,2339,0,61204620.000,0,-,-,-,-,4628.0000,4626.6000,4605.2000,4605.0000,4599.2000,4633.0000,4633.2000,4633.4000,4633.6000,4640.0000,1,1,1,2,1,1,1,2,1,5
SF,IF2103,2020-08-06 09:32:22.700,4625.4000,2339,0,61204620.000,0,-,-,-,-,4628.0000,4626.6000,4605.2000,4605.0000,4599.2000,4632.8000,4633.0000,4633.2000,4633.4000,4633.6000,1,1,1,2,1,1,1,1,2,1
SF,IF2103,2020-08-06 09:32:23.200,4625.4000,2339,0,61204620.000,0,-,-,-,-,4626.6000,4605.2000,4605.0000,4599.2000,4599.0000,4632.6000,4632.8000,4633.2000,4633.4000,4633.6000,1,1,2,1,1,1,1,1,2,1
SF,IF2103,2020-08-06 09:32:23.700,4625.4000,2339,0,61204620.000,0,-,-,-,-,4626.8000,4626.6000,4605.2000,4605.0000,4599.2000,4632.4000,4632.8000,4633.4000,4633.6000,4640.0000,1,1,1,2,1,1,1,2,1,5
SF,IF2103,2020-08-06 09:32:24.200,4625.4000,2339,0,61204620.000,0,-,-,-,-,4627.0000,4626.8000,4626.6000,4605.2000,4605.0000,4632.4000,4633.4000,4633.6000,4640.0000,4648.2000,2,1,1,1,2,1,2,1,5,1
SF,IF2103,2020-08-06 09:32:24.700,4625.4000,2339,0,61204620.000,0,-,-,-,-,4627.2000,4627.0000,4626.6000,4605.2000,4605.0000,4632.4000,4633.4000,4633.6000,4640.0000,4648.2000,1,2,1,1,2,1,2,1,5,1
SF,IF2103,2020-08-06 09:32:25.200,4625.4000,2339,0,61204620.000,0,-,-,-,-,4627.4000,4627.2000,4627.0000,4626.6000,4605.2000,4632.4000,4633.4000,4633.6000,4640.0000,4648.2000,1,1,2,1,1,1,2,1,5,1
SF,IF2103,2020-08-06 09:32:25.700,4626.4000,2339,0,62592540.000,1,0,1,多换,S,4627.6000,4627.4000,4627.0000,4626.6000,4605.2000,4633.4000,4633.6000,4640.0000,4648.2000,4648.4000,1,1,2,1,1,1,1,5,1,1
SF,IF2103,2020-08-06 09:32:26.200,4626.4000,2339,0,62592540.000,0,-,-,-,-,4628.4000,4627.8000,4627.6000,4627.4000,4627.0000,4633.2000,4633.4000,4633.6000,4640.0000,4648.2000,1,1,2,1,1,1,1,1,5,1
SF,IF2103,2020-08-06 09:32:26.700,4626.4000,2339,0,62592540.000,0,-,-,-,-,4628.4000,4627.8000,4627.6000,4627.4000,4605.2000,4633.0000,4633.2000,4633.4000,4633.6000,4640.0000,1,1,2,1,1,1,1,1,1,5
SF,IF2103,2020-08-06 09:32:27.200,4626.4000,2339,0,62592540.000,0,-,-,-,-,4628.4000,4627.8000,4627.6000,4605.2000,4605.0000,4632.8000,4633.0000,4633.2000,4633.4000,4633.6000,1,1,1,1,2,1,1,1,1,1
SF,IF2103,2020-08-06 09:32:27.700,4626.4000,2339,0,62592540.000,0,-,-,-,-,4627.8000,4627.6000,4605.2000,4605.0000,4599.2000,4632.6000,4632.8000,4633.2000,4633.4000,4633.6000,1,1,1,2,1,1,1,1,1,1
SF,IF2103,2020-08-06 09:32:28.200,4626.4000,2339,0,62592540.000,0,-,-,-,-,4627.6000,4605.2000,4605.0000,4599.2000,4599.0000,4632.6000,4632.8000,4633.2000,4633.4000,4633.6000,1,1,2,1,1,1,1,1,1,1
SF,IF2103,2020-08-06 09:32:28.700,4626.4000,2339,0,62592540.000,0,-,-,-,-,4627.6000,4605.2000,4605.0000,4599.2000,4599.0000,4632.6000,4633.2000,4633.4000,4633.6000,4640.0000,1,1,2,1,1,1,1,1,1,5
SF,IF2103,2020-08-06 09:32:29.200,4626.4000,2339,0,62592540.000,0,-,-,-,-,4627.8000,4627.6000,4605.2000,4605.0000,4599.2000,4633.2000,4633.4000,4633.6000,4640.0000,4648.2000,1,1,1,2,1,1,1,1,5,1
SF,IF2103,2020-08-06 09:32:29.700,4626.4000,2339,0,62592540.000,0,-,-,-,-,4628.0000,4627.8000,4627.6000,4605.2000,4605.0000,4633.0000,4633.2000,4633.4000,4633.6000,4640.0000,1,1,1,1,2,1,1,1,1,5
SF,IF2103,2020-08-06 09:32:30.700,4626.4000,2339,0,62592540.000,0,-,-,-,-,4628.0000,4627.8000,4605.2000,4605.0000,4599.2000,4633.0000,4633.2000,4633.4000,4633.6000,4640.0000,2,1,1,2,1,1,1,1,1,5
SF,IF2103,2020-08-06 09:32:31.200,4626.4000,2339,0,62592540.000,0,-,-,-,-,4628.0000,4605.2000,4605.0000,4599.2000,4599.0000,4633.0000,4633.2000,4633.4000,4633.6000,4640.0000,2,1,2,1,1,1,1,1,1,5
SF,IF2103,2020-08-06 09:32:32.700,4626.4000,2339,0,62592540.000,0,-,-,-,-,4628.0000,4625.0000,4605.2000,4605.0000,4599.2000,4633.0000,4633.2000,4633.4000,4633.6000,4640.0000,2,1,1,2,1,1,1,1,1,5
SF,IF2103,2020-08-06 09:32:33.700,4626.4000,2339,0,62592540.000,0,-,-,-,-,4628.8000,4628.0000,4625.0000,4605.2000,4605.0000,4633.0000,4633.2000,4633.4000,4633.6000,4640.0000,1,2,1,1,2,1,1,1,1,5
SF,IF2103,2020-08-06 09:32:34.200,4626.4000,2339,0,62592540.000,0,-,-,-,-,4628.0000,4625.0000,4605.2000,4605.0000,4599.2000,4632.8000,4633.0000,4633.2000,4633.4000,4640.0000,1,1,1,2,1,1,2,1,1,5
SF,IF2103,2020-08-06 09:32:34.700,4626.4000,2339,0,62592540.000,0,-,-,-,-,4628.0000,4625.0000,4605.2000,4605.0000,4599.2000,4632.6000,4632.8000,4633.0000,4633.2000,4633.4000,1,1,1,2,1,1,1,1,1,1
SF,IF2103,2020-08-06 09:32:36.200,4626.4000,2339,0,62592540.000,0,-,-,-,-,4628.6000,4628.0000,4625.0000,4605.2000,4605.0000,4632.6000,4633.0000,4633.2000,4633.4000,4640.0000,1,1,1,1,2,1,1,1,1,5
SF,IF2103,2020-08-06 09:32:37.200,4626.4000,2339,0,62592540.000,0,-,-,-,-,4628.6000,4625.0000,4605.2000,4605.0000,4599.2000,4632.6000,4633.0000,4633.2000,4633.4000,4640.0000,1,1,1,2,1,1,1,1,1,5
SF,IF2103,2020-08-06 09:32:37.700,4626.4000,2339,0,62592540.000,0,-,-,-,-,4625.0000,4605.2000,4605.0000,4599.2000,4599.0000,4632.6000,4633.0000,4633.2000,4633.4000,4640.0000,1,1,2,1,1,1,1,1,1,5
SF,IF2103,2020-08-06 09:32:38.200,4626.4000,2339,0,62592540.000,0,-,-,-,-,4625.2000,4625.0000,4605.2000,4605.0000,4599.2000,4632.4000,4633.0000,4633.2000,4633.4000,4640.0000,2,1,1,2,1,1,1,1,1,5
SF,IF2103,2020-08-06 09:32:38.700,4626.4000,2339,0,62592540.000,0,-,-,-,-,4627.8000,4625.2000,4625.0000,4605.2000,4605.0000,4632.4000,4633.0000,4633.2000,4633.4000,4640.0000,1,2,1,1,2,1,1,1,1,5
SF,IF2103,2020-08-06 09:32:39.200,4626.4000,2339,0,62592540.000,0,-,-,-,-,4627.8000,4625.2000,4625.0000,4605.2000,4605.0000,4632.2000,4633.0000,4633.2000,4633.4000,4640.0000,1,1,1,1,2,1,1,1,1,5
SF,IF2103,2020-08-06 09:32:39.700,4626.4000,2339,0,62592540.000,0,-,-,-,-,4628.0000,4627.8000,4625.2000,4625.0000,4605.2000,4632.2000,4633.0000,4633.2000,4633.4000,4640.0000,1,1,1,1,1,1,1,1,1,5
SF,IF2103,2020-08-06 09:32:41.200,4626.4000,2339,0,62592540.000,0,-,-,-,-,4628.4000,4628.0000,4627.8000,4625.2000,4625.0000,4632.2000,4633.0000,4633.2000,4633.4000,4640.0000,1,1,1,1,1,1,1,1,1,5
SF,IF2103,2020-08-06 09:32:41.700,4626.4000,2339,0,62592540.000,0,-,-,-,-,4628.6000,4628.4000,4628.0000,4627.8000,4625.0000,4633.0000,4633.2000,4633.4000,4640.0000,4648.2000,1,1,1,1,1,1,1,1,5,1
SF,IF2103,2020-08-06 09:32:42.200,4626.4000,2339,0,62592540.000,0,-,-,-,-,4629.0000,4628.6000,4628.4000,4627.8000,4625.0000,4633.0000,4633.2000,4633.4000,4640.0000,4648.2000,1,1,1,1,1,1,1,1,5,1
SF,IF2103,2020-08-06 09:32:42.700,4626.4000,2339,0,62592540.000,0,-,-,-,-,4629.0000,4628.6000,4628.4000,4625.0000,4605.2000,4633.0000,4633.2000,4633.4000,4640.0000,4648.2000,1,2,1,1,1,1,1,1,5,1
SF,IF2103,2020-08-06 09:32:43.200,4626.4000,2339,0,62592540.000,0,-,-,-,-,4629.0000,4628.4000,4625.0000,4605.2000,4605.0000,4632.8000,4633.0000,4633.2000,4633.4000,4640.0000,2,1,1,1,2,1,1,1,1,5
SF,IF2103,2020-08-06 09:32:43.700,4626.4000,2339,0,62592540.000,0,-,-,-,-,4629.4000,4629.0000,4625.0000,4605.2000,4605.0000,4632.8000,4633.0000,4633.2000,4633.4000,4640.0000,1,2,1,1,2,1,1,1,1,5
SF,IF2103,2020-08-06 09:32:44.700,4626.4000,2339,0,62592540.000,0,-,-,-,-,4629.4000,4625.0000,4605.2000,4605.0000,4599.2000,4632.8000,4633.0000,4633.2000,4633.4000,4640.0000,1,1,1,2,1,1,1,1,1,5
SF,IF2103,2020-08-06 09:32:45.200,4626.4000,2339,0,62592540.000,0,-,-,-,-,4625.0000,4605.2000,4605.0000,4599.2000,4599.0000,4632.6000,4632.8000,4633.0000,4633.2000,4633.4000,1,1,2,1,1,1,1,1,1,1
SF,IF2103,2020-08-06 09:32:45.700,4626.4000,2339,0,62592540.000,0,-,-,-,-,4625.2000,4625.0000,4605.2000,4605.0000,4599.2000,4632.4000,4632.6000,4633.0000,4633.2000,4633.4000,1,1,1,2,1,2,1,1,1,1
SF,IF2103,2020-08-06 09:32:46.200,4626.4000,2339,0,62592540.000,0,-,-,-,-,4625.2000,4625.0000,4605.2000,4605.0000,4599.2000,4632.4000,4633.0000,4633.2000,4633.4000,4640.0000,1,1,1,2,1,2,1,1,1,5
SF,IF2103,2020-08-06 09:32:46.700,4626.4000,2339,0,62592540.000,0,-,-,-,-,4626.2000,4625.2000,4625.0000,4605.2000,4605.0000,4632.4000,4633.0000,4633.2000,4633.4000,4640.0000,1,1,1,1,2,2,1,1,1,5
SF,IF2103,2020-08-06 09:32:47.200,4626.4000,2339,0,62592540.000,0,-,-,-,-,4626.2000,4625.0000,4605.2000,4605.0000,4599.2000,4632.2000,4632.4000,4633.0000,4633.2000,4633.4000,1,1,1,2,1,1,2,1,1,1
SF,IF2103,2020-08-06 09:32:47.700,4626.4000,2339,0,62592540.000,0,-,-,-,-,4626.2000,4625.0000,4605.2000,4605.0000,4599.2000,4632.0000,4632.2000,4633.0000,4633.2000,4633.4000,1,1,1,2,1,2,1,1,1,1
SF,IF2103,2020-08-06 09:32:48.200,4626.4000,2339,0,62592540.000,0,-,-,-,-,4626.2000,4625.0000,4605.2000,4605.0000,4599.2000,4632.0000,4632.2000,4633.0000,4633.2000,4633.4000,1,1,1,2,1,2,1,1,1,1
SF,IF2103,2020-08-06 09:32:48.700,4626.4000,2339,0,62592540.000,0,-,-,-,-,4626.2000,4625.0000,4605.2000,4605.0000,4599.2000,4631.6000,4631.8000,4632.0000,4632.2000,4633.2000,1,1,1,2,1,1,1,3,1,1
SF,IF2103,2020-08-06 09:32:49.200,4626.4000,2339,0,62592540.000,0,-,-,-,-,4625.0000,4605.2000,4605.0000,4599.2000,4599.0000,4631.4000,4631.6000,4631.8000,4632.0000,4632.2000,1,1,2,1,1,2,1,1,1,1
SF,IF2103,2020-08-06 09:32:49.700,4626.4000,2339,0,62592540.000,0,-,-,-,-,4625.2000,4625.0000,4605.2000,4605.0000,4599.2000,4631.4000,4631.6000,4631.8000,4632.0000,4633.2000,1,1,1,2,1,2,1,1,1,1
SF,IF2103,2020-08-06 09:32:50.200,4626.4000,2339,0,62592540.000,0,-,-,-,-,4625.2000,4625.0000,4605.2000,4605.0000,4599.2000,4631.4000,4631.6000,4632.0000,4633.2000,4633.4000,1,1,1,2,1,2,1,1,1,1
SF,IF2103,2020-08-06 09:32:50.700,4626.4000,2339,0,62592540.000,0,-,-,-,-,4625.0000,4605.2000,4605.0000,4599.2000,4599.0000,4631.2000,4631.4000,4631.6000,4632.0000,4633.2000,1,1,2,1,1,1,2,1,1,1
SF,IF2103,2020-08-06 09:32:51.200,4626.4000,2339,0,62592540.000,0,-,-,-,-,4626.0000,4625.2000,4625.0000,4605.2000,4605.0000,4631.0000,4631.2000,4631.6000,4632.0000,4633.2000,1,1,1,1,2,2,1,1,1,1
SF,IF2103,2020-08-06 09:32:51.700,4626.4000,2339,0,62592540.000,0,-,-,-,-,4626.2000,4626.0000,4625.0000,4605.2000,4605.0000,4631.0000,4631.2000,4631.6000,4632.0000,4633.2000,1,1,1,1,2,2,1,1,1,1
SF,IF2103,2020-08-06 09:32:52.200,4626.4000,2339,0,62592540.000,0,-,-,-,-,4626.8000,4626.6000,4626.2000,4625.0000,4605.2000,4632.0000,4633.2000,4633.4000,4640.0000,4648.2000,1,1,1,1,1,1,1,1,5,1
SF,IF2103,2020-08-06 09:32:52.700,4626.4000,2339,0,62592540.000,0,-,-,-,-,4626.8000,4626.6000,4625.0000,4605.2000,4605.0000,4631.8000,4632.0000,4633.2000,4633.4000,4640.0000,1,1,1,1,2,1,1,1,1,5
SF,IF2103,2020-08-06 09:32:53.200,4626.4000,2339,0,62592540.000,0,-,-,-,-,4627.2000,4626.8000,4625.0000,4605.2000,4605.0000,4631.8000,4632.0000,4633.2000,4640.0000,4648.2000,1,1,1,1,2,1,2,1,5,1
SF,IF2103,2020-08-06 09:32:53.700,4626.4000,2339,0,62592540.000,0,-,-,-,-,4627.2000,4625.0000,4605.2000,4605.0000,4599.2000,4631.6000,4631.8000,4632.0000,4633.2000,4640.0000,1,1,1,2,1,1,1,2,1,5
SF,IF2103,2020-08-06 09:32:54.200,4627.2000,2338,-1,63980700.000,1,0,1,双平,S,4625.0000,4605.2000,4605.0000,4599.2000,4599.0000,4631.6000,4632.0000,4633.2000,4640.0000,4648.2000,1,1,2,1,1,1,2,1,5,1
SF,IF2103,2020-08-06 09:32:54.700,4627.2000,2338,0,63980700.000,0,-,-,-,-,4625.0000,4605.2000,4605.0000,4599.2000,4599.0000,4631.4000,4631.6000,4632.0000,4633.2000,4640.0000,1,1,2,1,1,2,1,2,1,5
SF,IF2103,2020-08-06 09:32:55.200,4627.2000,2338,0,63980700.000,0,-,-,-,-,4625.0000,4605.2000,4605.0000,4599.2000,4599.0000,4628.0000,4631.2000,4631.4000,4631.6000,4632.0000,1,1,2,1,1,1,1,2,1,2
SF,IF2103,2020-08-06 09:32:55.700,4627.2000,2338,0,63980700.000,0,-,-,-,-,4625.0000,4605.2000,4605.0000,4599.2000,4599.0000,4627.8000,4628.0000,4631.2000,4631.4000,4631.6000,1,1,2,1,1,1,1,1,1,1
SF,IF2103,2020-08-06 09:32:56.200,4627.2000,2338,0,63980700.000,0,-,-,-,-,4625.0000,4605.2000,4605.0000,4599.2000,4599.0000,4627.8000,4628.0000,4631.2000,4631.4000,4631.6000,1,1,2,1,1,1,1,1,1,1
SF,IF2103,2020-08-06 09:32:56.700,4627.2000,2338,0,63980700.000,0,-,-,-,-,4625.0000,4605.2000,4605.0000,4599.2000,4599.0000,4627.8000,4631.2000,4631.4000,4631.6000,4632.0000,1,1,2,1,1,1,1,1,1,2
SF,IF2103,2020-08-06 09:32:57.200,4627.2000,2338,0,63980700.000,0,-,-,-,-,4625.2000,4625.0000,4605.2000,4605.0000,4599.2000,4631.2000,4631.4000,4632.0000,4640.0000,4648.2000,1,1,1,2,1,1,1,2,5,1
SF,IF2103,2020-08-06 09:32:57.700,4627.2000,2338,0,63980700.000,0,-,-,-,-,4625.2000,4625.0000,4605.2000,4605.0000,4599.2000,4631.0000,4631.2000,4632.0000,4640.0000,4648.2000,1,1,1,2,1,1,1,2,5,1
SF,IF2103,2020-08-06 09:32:58.200,4627.2000,2338,0,63980700.000,0,-,-,-,-,4625.2000,4625.0000,4605.2000,4605.0000,4599.2000,4631.0000,4632.0000,4640.0000,4648.2000,4648.4000,1,1,1,2,1,1,2,5,1,1
SF,IF2103,2020-08-06 09:32:58.700,4627.2000,2338,0,63980700.000,0,-,-,-,-,4625.4000,4625.2000,4625.0000,4605.2000,4605.0000,4632.0000,4640.0000,4648.2000,4648.4000,4648.6000,1,1,1,1,2,2,5,1,1,1
SF,IF2103,2020-08-06 09:32:59.200,4627.2000,2338,0,63980700.000,0,-,-,-,-,4625.6000,4625.4000,4625.0000,4605.2000,4605.0000,4632.0000,4640.0000,4648.2000,4648.4000,4648.6000,1,1,1,1,2,2,5,1,1,1
SF,IF2103,2020-08-06 09:32:59.700,4627.2000,2338,0,63980700.000,0,-,-,-,-,4625.8000,4625.6000,4625.0000,4605.2000,4605.0000,4631.8000,4632.0000,4640.0000,4648.2000,4648.4000,2,1,1,1,2,2,2,5,1,1
SF,IF2103,2020-08-06 09:33:00.200,4627.2000,2338,0,63980700.000,0,-,-,-,-,4625.8000,4625.0000,4605.2000,4605.0000,4599.2000,4631.8000,4632.0000,4640.0000,4648.2000,4648.4000,1,1,1,2,1,2,2,5,1,1
SF,IF2103,2020-08-06 09:33:00.700,4627.2000,2338,0,63980700.000,0,-,-,-,-,4625.0000,4605.2000,4605.0000,4599.2000,4599.0000,4628.0000,4631.6000,4631.8000,4632.0000,4640.0000,1,1,2,1,1,1,1,2,2,5
SF,IF2103,2020-08-06 09:33:01.200,4627.2000,2338,0,63980700.000,0,-,-,-,-,4626.0000,4625.0000,4605.2000,4605.0000,4599.2000,4627.8000,4628.0000,4631.6000,4631.8000,4632.0000,1,1,1,2,1,1,1,1,2,2
SF,IF2103,2020-08-06 09:33:01.700,4627.2000,2338,0,63980700.000,0,-,-,-,-,4626.0000,4625.0000,4605.2000,4605.0000,4599.2000,4627.8000,4628.0000,4631.6000,4631.8000,4632.0000,1,1,1,2,1,1,1,1,2,2
SF,IF2103,2020-08-06 09:33:02.200,4627.2000,2338,0,63980700.000,0,-,-,-,-,4625.0000,4605.2000,4605.0000,4599.2000,4599.0000,4627.8000,4628.0000,4631.6000,4631.8000,4632.0000,1,1,2,1,1,1,1,1,2,2
SF,IF2103,2020-08-06 09:33:02.700,4627.2000,2338,0,63980700.000,0,-,-,-,-,4625.2000,4625.0000,4605.2000,4605.0000,4599.2000,4627.8000,4628.0000,4631.6000,4631.8000,4632.0000,1,1,1,2,1,1,1,1,2,2
SF,IF2103,2020-08-06 09:33:05.200,4627.2000,2338,0,63980700.000,0,-,-,-,-,4625.2000,4625.0000,4605.0000,4599.2000,4599.0000,4627.8000,4631.6000,4631.8000,4632.0000,4640.0000,1,1,2,1,1,1,1,2,2,5
SF,IF2103,2020-08-06 09:33:05.700,4627.2000,2338,0,63980700.000,0,-,-,-,-,4626.2000,4625.2000,4625.0000,4605.0000,4599.2000,4627.8000,4631.8000,4632.0000,4640.0000,4648.2000,1,1,1,2,1,2,1,1,5,1
SF,IF2103,2020-08-06 09:33:06.200,4627.8000,2337,-1,65369040.000,1,0,1,双平,S,4626.2000,4625.0000,4605.0000,4599.2000,4599.0000,4632.0000,4640.0000,4648.2000,4648.4000,4648.6000,1,1,2,1,1,1,5,1,1,1
SF,IF2103,2020-08-06 09:33:06.700,4627.8000,2337,0,65369040.000,0,-,-,-,-,4626.4000,4626.2000,4625.0000,4605.0000,4599.2000,4631.8000,4632.0000,4640.0000,4648.2000,4648.4000,1,1,1,2,1,2,1,5,1,1
SF,IF2103,2020-08-06 09:33:07.200,4627.8000,2337,0,65369040.000,0,-,-,-,-,4626.6000,4626.4000,4626.2000,4625.0000,4605.0000,4631.8000,4632.0000,4640.0000,4648.2000,4648.4000,1,1,1,1,2,2,1,5,1,1
SF,IF2103,2020-08-06 09:33:07.700,4627.8000,2337,0,65369040.000,0,-,-,-,-,4626.6000,4626.4000,4626.2000,4625.0000,4605.0000,4631.8000,4632.0000,4640.0000,4648.2000,4648.4000,1,1,1,1,2,1,1,5,1,1
SF,IF2103,2020-08-06 09:33:08.200,4627.8000,2337,0,65369040.000,0,-,-,-,-,4626.4000,4626.2000,4625.0000,4605.0000,4599.2000,4628.0000,4631.6000,4631.8000,4632.0000,4640.0000,1,1,1,2,1,1,1,1,1,5
SF,IF2103,2020-08-06 09:33:08.700,4627.8000,2337,0,65369040.000,0,-,-,-,-,4626.2000,4625.0000,4605.0000,4599.2000,4599.0000,4628.0000,4631.6000,4631.8000,4632.0000,4640.0000,1,1,2,1,1,1,2,1,1,5
SF,IF2103,2020-08-06 09:33:09.200,4626.2000,2337,0,66756900.000,1,0,1,多换,S,4625.0000,4605.0000,4599.2000,4599.0000,4578.0000,4628.0000,4631.6000,4632.0000,4640.0000,4648.2000,1,2,1,1,1,1,2,1,5,1
SF,IF2103,2020-08-06 09:33:09.700,4626.2000,2337,0,66756900.000,0,-,-,-,-,4625.0000,4605.0000,4599.2000,4599.0000,4578.0000,4627.8000,4628.0000,4631.6000,4632.0000,4640.0000,1,2,1,1,1,2,1,2,1,5
SF,IF2103,2020-08-06 09:33:10.200,4626.2000,2337,0,66756900.000,0,-,-,-,-,4625.0000,4605.0000,4599.2000,4599.0000,4578.0000,4627.8000,4628.0000,4631.6000,4632.0000,4640.0000,1,2,1,1,1,2,1,2,1,5
SF,IF2103,2020-08-06 09:33:10.700,4625.0000,2337,0,68144400.000,1,0,1,多换,S,4605.0000,4599.2000,4599.0000,4578.0000,4546.0000,4627.8000,4628.0000,4631.6000,4632.0000,4640.0000,2,1,1,1,1,2,1,2,1,5
SF,IF2103,2020-08-06 09:33:11.200,4625.0000,2337,0,68144400.000,0,-,-,-,-,4616.8000,4613.4000,4608.0000,4605.2000,4605.0000,4627.6000,4627.8000,4628.0000,4631.6000,4632.0000,1,1,3,1,2,1,2,1,1,1
SF,IF2103,2020-08-06 09:33:11.700,4625.0000,2337,0,68144400.000,0,-,-,-,-,4617.0000,4616.8000,4608.0000,4605.0000,4599.2000,4627.4000,4627.6000,4627.8000,4628.0000,4631.6000,1,1,3,2,1,1,1,1,1,1
SF,IF2103,2020-08-06 09:33:12.200,4625.0000,2337,0,68144400.000,0,-,-,-,-,4621.0000,4617.2000,4617.0000,4608.0000,4605.0000,4627.4000,4627.8000,4628.0000,4631.6000,4632.0000,1,1,1,3,2,1,1,1,1,1
SF,IF2103,2020-08-06 09:33:12.700,4625.0000,2337,0,68144400.000,0,-,-,-,-,4621.2000,4621.0000,4605.0000,4599.2000,4599.0000,4627.4000,4627.8000,4628.0000,4631.6000,4632.0000,2,1,2,1,1,1,1,1,1,1
SF,IF2103,2020-08-06 09:33:13.700,4625.0000,2337,0,68144400.000,0,-,-,-,-,4622.2000,4621.6000,4621.2000,4605.0000,4599.2000,4627.4000,4627.8000,4628.0000,4631.6000,4632.0000,1,1,2,2,1,1,1,1,1,1
SF,IF2103,2020-08-06 09:33:14.200,4625.0000,2337,0,68144400.000,0,-,-,-,-,4622.4000,4622.2000,4621.6000,4621.2000,4605.0000,4627.4000,4627.8000,4628.0000,4630.0000,4640.0000,1,1,1,1,2,1,1,1,1,5
SF,IF2103,2020-08-06 09:33:14.700,4625.0000,2337,0,68144400.000,0,-,-,-,-,4623.6000,4622.4000,4621.6000,4621.2000,4605.0000,4627.4000,4628.0000,4630.0000,4640.0000,4648.2000,1,1,1,1,2,1,1,1,5,1
SF,IF2103,2020-08-06 09:33:16.200,4623.6000,2336,-1,69531480.000,1,0,1,双平,S,4622.4000,4621.6000,4621.2000,4605.0000,4599.2000,4627.4000,4628.0000,4630.0000,4640.0000,4648.2000,1,1,1,2,1,1,1,1,5,1
SF,IF2103,2020-08-06 09:33:16.700,4623.6000,2336,0,69531480.000,0,-,-,-,-,4605.0000,4599.2000,4599.0000,4597.0000,4578.0000,4627.2000,4627.4000,4628.0000,4630.0000,4640.0000,2,1,1,3,1,1,1,1,1,5
SF,IF2103,2020-08-06 09:33:17.200,4623.6000,2336,0,69531480.000,0,-,-,-,-,4616.2000,4613.4000,4608.0000,4605.2000,4605.0000,4627.0000,4627.2000,4627.4000,4628.0000,4630.0000,1,1,3,1,2,2,1,1,1,1
SF,IF2103,2020-08-06 09:33:17.700,4623.6000,2336,0,69531480.000,0,-,-,-,-,4616.4000,4608.0000,4605.0000,4599.2000,4599.0000,4626.8000,4627.0000,4627.4000,4628.0000,4630.0000,2,3,1,1,1,1,2,1,1,1
SF,IF2103,2020-08-06 09:33:18.200,4623.6000,2336,0,69531480.000,0,-,-,-,-,4616.4000,4608.0000,4605.0000,4599.2000,4599.0000,4626.6000,4626.8000,4627.0000,4627.4000,4628.0000,2,3,1,1,1,1,1,1,1,1
SF,IF2103,2020-08-06 09:33:18.700,4623.6000,2336,0,69531480.000,0,-,-,-,-,4616.4000,4608.0000,4605.0000,4599.2000,4599.0000,4626.4000,4626.6000,4627.0000,4627.4000,4628.0000,1,3,1,1,1,2,1,1,1,1
SF,IF2103,2020-08-06 09:33:19.200,4623.6000,2336,0,69531480.000,0,-,-,-,-,4618.0000,4617.6000,4616.4000,4609.8000,4608.0000,4626.2000,4626.4000,4627.0000,4627.4000,4628.0000,1,2,1,1,3,1,2,1,1,1
SF,IF2103,2020-08-06 09:33:19.700,4623.6000,2336,0,69531480.000,0,-,-,-,-,4618.8000,4618.0000,4617.6000,4609.8000,4605.0000,4622.8000,4626.0000,4626.2000,4626.4000,4627.0000,1,1,2,1,1,1,1,1,1,1
SF,IF2103,2020-08-06 09:33:20.200,4623.6000,2336,0,69531480.000,0,-,-,-,-,4619.0000,4618.0000,4617.6000,4609.8000,4605.0000,4622.8000,4626.0000,4626.2000,4626.4000,4627.0000,1,1,2,1,1,1,1,1,1,1
SF,IF2103,2020-08-06 09:33:20.700,4623.6000,2336,0,69531480.000,0,-,-,-,-,4619.0000,4618.0000,4617.6000,4609.8000,4605.0000,4622.8000,4626.2000,4626.4000,4627.0000,4627.4000,1,1,2,1,1,1,1,1,1,1
SF,IF2103,2020-08-06 09:33:21.200,4623.6000,2336,0,69531480.000,0,-,-,-,-,4619.0000,4609.8000,4605.0000,4599.2000,4599.0000,4626.2000,4626.4000,4627.0000,4627.4000,4630.0000,1,1,1,1,1,1,1,1,1,1
SF,IF2103,2020-08-06 09:33:21.700,4623.6000,2336,0,69531480.000,0,-,-,-,-,4609.8000,4605.0000,4599.2000,4599.0000,4578.0000,4626.0000,4626.2000,4626.4000,4627.0000,4627.4000,1,1,1,1,1,1,1,1,1,1
SF,IF2103,2020-08-06 09:33:22.200,4623.6000,2336,0,69531480.000,0,-,-,-,-,4613.8000,4610.2000,4610.0000,4609.8000,4599.2000,4625.8000,4626.4000,4627.0000,4627.4000,4630.0000,1,2,1,2,1,1,1,1,1,1
SF,IF2103,2020-08-06 09:33:22.700,4623.6000,2336,0,69531480.000,0,-,-,-,-,4619.0000,4614.2000,4614.0000,4613.8000,4610.2000,4625.8000,4626.4000,4627.0000,4627.4000,4630.0000,1,1,1,1,1,1,1,1,1,1
SF,IF2103,2020-08-06 09:33:23.200,4623.6000,2336,0,69531480.000,0,-,-,-,-,4619.2000,4619.0000,4615.0000,4614.2000,4610.2000,4625.8000,4626.4000,4627.0000,4627.4000,4630.0000,1,1,1,1,1,1,1,1,1,1
SF,IF2103,2020-08-06 09:33:23.700,4623.6000,2336,0,69531480.000,0,-,-,-,-,4619.4000,4619.2000,4619.0000,4615.0000,4614.2000,4625.2000,4626.4000,4627.4000,4630.0000,4640.0000,1,1,1,1,1,1,1,1,1,5
SF,IF2103,2020-08-06 09:33:24.200,4625.2000,2335,-1,70919040.000,1,0,1,双平,S,4619.4000,4619.0000,4615.0000,4614.2000,4610.2000,4627.4000,4630.0000,4640.0000,4648.2000,4648.4000,1,1,1,1,1,1,1,5,1,1
SF,IF2103,2020-08-06 09:33:24.700,4625.2000,2335,0,70919040.000,0,-,-,-,-,4619.8000,4619.6000,4619.4000,4615.0000,4614.2000,4630.0000,4640.0000,4648.2000,4648.4000,4648.6000,1,1,1,1,1,1,5,1,1,1
SF,IF2103,2020-08-06 09:33:25.200,4625.2000,2335,0,70919040.000,0,-,-,-,-,4620.6000,4620.0000,4619.8000,4615.0000,4614.2000,4628.0000,4629.8000,4630.0000,4640.0000,4648.2000,1,2,1,1,1,1,2,1,5,1
SF,IF2103,2020-08-06 09:33:25.700,4625.2000,2335,0,70919040.000,0,-,-,-,-,4621.2000,4620.8000,4620.6000,4615.0000,4614.2000,4627.8000,4628.0000,4629.8000,4630.0000,4640.0000,1,2,1,1,1,1,1,1,1,5
SF,IF2103,2020-08-06 09:33:26.200,4625.2000,2335,0,70919040.000,0,-,-,-,-,4621.4000,4621.2000,4615.0000,4614.2000,4610.2000,4627.8000,4628.0000,4629.8000,4630.0000,4640.0000,1,1,1,1,1,1,1,1,1,5
SF,IF2103,2020-08-06 09:33:26.700,4625.2000,2335,0,70919040.000,0,-,-,-,-,4621.4000,4621.2000,4615.0000,4614.2000,4610.2000,4627.6000,4627.8000,4628.0000,4629.8000,4630.0000,1,1,1,1,1,1,1,1,1,1
SF,IF2103,2020-08-06 09:33:27.200,4625.2000,2335,0,70919040.000,0,-,-,-,-,4621.2000,4615.0000,4614.2000,4610.2000,4609.8000,4627.4000,4627.6000,4628.0000,4629.8000,4630.0000,1,1,1,1,1,2,1,1,1,1
SF,IF2103,2020-08-06 09:33:27.700,4625.2000,2335,0,70919040.000,0,-,-,-,-,4621.2000,4615.0000,4614.2000,4610.2000,4609.8000,4627.2000,4627.4000,4627.6000,4628.0000,4629.8000,1,1,1,1,1,1,2,1,1,1
SF,IF2103,2020-08-06 09:33:28.200,4625.2000,2335,0,70919040.000,0,-,-,-,-,4621.2000,4615.0000,4614.2000,4610.2000,4609.8000,4627.0000,4627.2000,4627.6000,4628.0000,4629.8000,1,1,1,1,1,2,1,1,1,1
SF,IF2103,2020-08-06 09:33:28.700,4625.2000,2335,0,70919040.000,0,-,-,-,-,4621.4000,4621.2000,4614.2000,4610.2000,4609.8000,4627.0000,4627.2000,4627.6000,4628.0000,4630.0000,1,1,1,1,1,2,1,1,1,1
SF,IF2103,2020-08-06 09:33:29.200,4625.2000,2335,0,70919040.000,0,-,-,-,-,4621.4000,4614.2000,4610.2000,4609.8000,4599.2000,4627.0000,4627.2000,4628.0000,4630.0000,4640.0000,1,1,1,1,1,2,1,1,1,5
SF,IF2103,2020-08-06 09:33:29.700,4625.2000,2335,0,70919040.000,0,-,-,-,-,4621.6000,4621.4000,4614.2000,4610.2000,4609.8000,4627.0000,4628.0000,4630.0000,4640.0000,4648.2000,1,1,1,1,1,1,1,1,5,1
SF,IF2103,2020-08-06 09:33:30.200,4625.2000,2335,0,70919040.000,0,-,-,-,-,4621.8000,4621.6000,4621.4000,4614.2000,4610.2000,4627.0000,4628.0000,4630.0000,4640.0000,4648.2000,1,1,1,1,1,1,1,1,5,1
SF,IF2103,2020-08-06 09:33:30.700,4625.2000,2335,0,70919040.000,0,-,-,-,-,4622.0000,4621.8000,4621.6000,4621.4000,4614.2000,4625.0000,4627.0000,4628.0000,4640.0000,4648.2000,1,1,1,1,1,1,1,1,5,1
SF,IF2103,2020-08-06 09:33:31.200,4625.2000,2335,0,72306600.000,1,0,1,多换,S,4622.0000,4621.6000,4614.2000,4610.2000,4609.8000,4627.0000,4628.0000,4640.0000,4648.2000,4648.4000,1,1,1,1,1,1,1,5,1,1
SF,IF2103,2020-08-06 09:33:31.700,4625.2000,2335,0,72306600.000,0,-,-,-,-,4622.2000,4622.0000,4621.6000,4614.2000,4610.2000,4627.0000,4628.0000,4640.0000,4648.2000,4648.4000,1,1,1,1,1,1,1,5,1,1
SF,IF2103,2020-08-06 09:33:32.200,4625.2000,2335,0,72306600.000,0,-,-,-,-,4622.2000,4622.0000,4621.6000,4614.2000,4610.2000,4627.0000,4628.0000,4640.0000,4648.2000,4648.4000,1,1,1,1,1,1,1,5,1,1
SF,IF2103,2020-08-06 09:33:32.700,4625.2000,2335,0,72306600.000,0,-,-,-,-,4622.2000,4622.0000,4621.6000,4614.2000,4610.2000,4627.0000,4628.0000,4640.0000,4648.2000,4648.4000,1,1,1,1,1,1,1,5,1,1
SF,IF2103,2020-08-06 09:33:33.200,4625.2000,2335,0,72306600.000,0,-,-,-,-,4622.2000,4622.0000,4621.6000,4614.2000,4610.2000,4627.0000,4628.0000,4640.0000,4648.2000,4648.4000,1,1,1,1,1,1,1,5,1,1
SF,IF2103,2020-08-06 09:33:33.700,4625.2000,2335,0,72306600.000,0,-,-,-,-,4622.2000,4622.0000,4621.6000,4614.2000,4610.2000,4627.0000,4628.0000,4640.0000,4648.2000,4648.4000,1,1,1,1,1,1,1,5,1,1
SF,IF2103,2020-08-06 09:33:34.200,4625.2000,2335,0,72306600.000,0,-,-,-,-,4622.2000,4622.0000,4614.2000,4610.2000,4609.8000,4627.0000,4628.0000,4640.0000,4648.2000,4648.4000,1,1,1,1,1,1,1,5,1,1
SF,IF2103,2020-08-06 09:33:34.700,4625.2000,2335,0,72306600.000,0,-,-,-,-,4614.2000,4610.2000,4609.8000,4599.0000,4578.0000,4626.8000,4627.0000,4628.0000,4640.0000,4648.2000,1,1,1,1,1,2,1,1,5,1
SF,IF2103,2020-08-06 09:33:35.200,4625.2000,2335,0,72306600.000,0,-,-,-,-,4616.8000,4614.6000,4614.4000,4614.2000,4609.8000,4626.6000,4626.8000,4627.0000,4628.0000,4640.0000,1,1,1,1,1,1,1,1,1,5
SF,IF2103,2020-08-06 09:33:35.700,4625.2000,2335,0,72306600.000,0,-,-,-,-,4621.6000,4617.2000,4617.0000,4616.8000,4609.8000,4626.6000,4627.0000,4628.0000,4640.0000,4648.2000,1,2,2,1,1,1,1,1,5,1
SF,IF2103,2020-08-06 09:33:36.200,4625.2000,2335,0,72306600.000,0,-,-,-,-,4621.6000,4617.2000,4617.0000,4616.8000,4609.8000,4626.4000,4626.6000,4627.0000,4628.0000,4640.0000,1,2,2,1,1,1,1,1,1,5
SF,IF2103,2020-08-06 09:33:36.700,4625.2000,2335,0,72306600.000,0,-,-,-,-,4621.8000,4621.6000,4617.2000,4617.0000,4616.8000,4626.4000,4626.6000,4627.0000,4628.0000,4640.0000,1,1,2,2,1,1,1,1,1,5
SF,IF2103,2020-08-06 09:33:37.200,4625.2000,2335,0,72306600.000,0,-,-,-,-,4622.0000,4621.8000,4621.6000,4617.2000,4617.0000,4627.0000,4628.0000,4640.0000,4648.2000,4648.4000,2,1,1,2,1,1,1,5,1,1
SF,IF2103,2020-08-06 09:33:37.700,4625.2000,2335,0,72306600.000,0,-,-,-,-,4622.2000,4622.0000,4621.8000,4621.6000,4617.2000,4627.0000,4628.0000,4640.0000,4648.2000,4648.4000,1,2,1,1,1,1,1,5,1,1
SF,IF2103,2020-08-06 09:33:38.200,4625.2000,2335,0,72306600.000,0,-,-,-,-,4622.4000,4622.2000,4622.0000,4621.8000,4621.6000,4627.0000,4628.0000,4640.0000,4648.2000,4648.4000,1,1,1,1,1,1,1,5,1,1
SF,IF2103,2020-08-06 09:33:38.700,4627.0000,2334,-1,73694700.000,1,0,1,双平,S,4624.4000,4622.8000,4622.0000,4621.8000,4617.2000,4628.0000,4640.0000,4648.2000,4648.4000,4648.6000,1,1,1,1,1,1,5,1,1,1
SF,IF2103,2020-08-06 09:33:39.200,4628.0000,2333,-1,75083100.000,1,0,1,双平,S,4624.8000,4624.6000,4624.4000,4622.0000,4621.8000,4640.0000,4648.2000,4648.4000,4648.6000,4648.8000,1,1,1,1,1,5,1,1,1,1
SF,IF2103,2020-08-06 09:33:39.700,4628.0000,2333,0,75083100.000,0,-,-,-,-,4625.0000,4624.8000,4624.4000,4622.0000,4621.8000,4639.8000,4640.0000,4648.2000,4648.4000,4648.6000,1,1,1,1,1,3,5,1,1,1
SF,IF2103,2020-08-06 09:33:40.200,4628.0000,2333,0,75083100.000,0,-,-,-,-,4625.4000,4625.0000,4624.4000,4622.0000,4621.8000,4638.4000,4639.8000,4640.0000,4648.2000,4648.4000,1,1,1,1,1,1,3,5,1,1
SF,IF2103,2020-08-06 09:33:40.700,4628.0000,2333,0,75083100.000,0,-,-,-,-,4625.8000,4625.6000,4625.4000,4622.0000,4621.8000,4638.2000,4638.4000,4639.8000,4640.0000,4648.2000,1,3,1,1,1,3,1,1,5,1
SF,IF2103,2020-08-06 09:33:41.200,4628.0000,2333,0,75083100.000,0,-,-,-,-,4626.2000,4626.0000,4625.8000,4625.6000,4622.0000,4638.2000,4638.4000,4639.8000,4640.0000,4648.2000,1,2,1,1,1,3,1,1,5,1
SF,IF2103,2020-08-06 09:33:41.700,4628.0000,2333,0,75083100.000,0,-,-,-,-,4626.6000,4626.4000,4626.2000,4625.6000,4622.0000,4637.8000,4638.2000,4638.4000,4639.8000,4640.0000,1,2,1,1,1,1,3,1,1,5
SF,IF2103,2020-08-06 09:33:42.200,4628.0000,2333,0,75083100.000,0,-,-,-,-,4627.0000,4626.8000,4626.6000,4625.6000,4621.8000,4637.6000,4638.2000,4638.4000,4639.8000,4640.0000,1,1,1,1,1,2,1,1,1,5
SF,IF2103,2020-08-06 09:33:42.700,4637.4000,2333,0,77864940.000,2,1,1,多换,S,4627.0000,4626.6000,4625.6000,4621.8000,4617.0000,4635.6000,4637.4000,4637.6000,4638.2000,4638.4000,1,1,1,1,1,1,1,2,1,1
SF,IF2103,2020-08-06 09:33:43.200,4637.4000,2333,0,77864940.000,0,-,-,-,-,4627.4000,4627.0000,4626.6000,4621.8000,4617.0000,4635.4000,4635.6000,4636.6000,4638.2000,4638.4000,1,1,1,1,1,3,1,1,1,1
SF,IF2103,2020-08-06 09:33:43.700,4637.4000,2333,0,77864940.000,0,-,-,-,-,4627.4000,4627.0000,4626.6000,4621.8000,4617.0000,4635.2000,4635.4000,4635.6000,4638.2000,4638.4000,1,1,1,1,1,2,4,1,1,1
SF,IF2103,2020-08-06 09:33:44.200,4637.4000,2333,0,77864940.000,0,-,-,-,-,4627.4000,4627.0000,4626.6000,4621.8000,4617.0000,4633.2000,4633.8000,4635.0000,4635.2000,4635.6000,1,1,1,1,1,1,2,2,1,1
SF,IF2103,2020-08-06 09:33:44.700,4637.4000,2333,0,77864940.000,0,-,-,-,-,4627.4000,4627.0000,4626.6000,4621.8000,4617.0000,4633.0000,4633.2000,4633.8000,4634.0000,4635.6000,1,1,1,1,1,2,1,2,2,1
SF,IF2103,2020-08-06 09:33:45.200,4637.4000,2333,0,77864940.000,0,-,-,-,-,4627.6000,4627.0000,4626.6000,4621.8000,4617.0000,4633.0000,4635.6000,4635.8000,4636.4000,4638.2000,1,1,1,1,1,2,1,1,1,1
SF,IF2103,2020-08-06 09:33:45.700,4637.4000,2333,0,77864940.000,0,-,-,-,-,4628.0000,4627.6000,4626.6000,4621.8000,4617.0000,4633.0000,4635.8000,4636.4000,4638.2000,4638.4000,1,1,1,1,1,1,1,1,1,1
SF,IF2103,2020-08-06 09:33:46.200,4637.4000,2333,0,77864940.000,0,-,-,-,-,4628.2000,4628.0000,4626.6000,4621.8000,4617.0000,4635.8000,4636.2000,4636.4000,4636.6000,4638.2000,1,1,1,1,1,1,1,1,2,1
SF,IF2103,2020-08-06 09:33:46.700,4637.4000,2333,0,77864940.000,0,-,-,-,-,4629.0000,4628.6000,4628.4000,4628.2000,4626.6000,4635.6000,4636.2000,4636.6000,4638.2000,4638.4000,1,1,1,2,1,1,1,2,1,1
SF,IF2103,2020-08-06 09:33:47.200,4637.4000,2333,0,77864940.000,0,-,-,-,-,4629.4000,4629.2000,4629.0000,4628.2000,4626.6000,4635.6000,4636.6000,4638.2000,4638.4000,4640.0000,1,1,1,2,1,1,2,1,1,5
SF,IF2103,2020-08-06 09:33:47.700,4637.4000,2333,0,77864940.000,0,-,-,-,-,4629.6000,4629.4000,4629.0000,4628.2000,4626.6000,4635.6000,4638.2000,4638.4000,4640.0000,4648.2000,1,1,2,1,1,1,1,1,5,1
SF,IF2103,2020-08-06 09:33:48.200,4637.4000,2333,0,77864940.000,0,-,-,-,-,4630.0000,4629.6000,4629.0000,4626.6000,4621.8000,4635.6000,4638.2000,4638.4000,4640.0000,4648.2000,1,1,2,1,1,1,1,1,5,1
SF,IF2103,2020-08-06 09:33:48.700,4637.4000,2333,0,77864940.000,0,-,-,-,-,4630.0000,4629.0000,4626.6000,4621.8000,4609.8000,4635.4000,4635.6000,4638.2000,4638.4000,4640.0000,1,2,1,1,1,1,1,1,1,5
SF,IF2103,2020-08-06 09:33:49.200,4637.4000,2333,0,77864940.000,0,-,-,-,-,4630.4000,4626.6000,4609.8000,4599.0000,4578.0000,4635.2000,4635.4000,4638.2000,4638.4000,4640.0000,1,1,1,1,1,1,1,1,1,5
SF,IF2103,2020-08-06 09:33:49.700,4630.4000,2332,-1,79254060.000,1,0,1,双平,S,4626.6000,4609.8000,4599.0000,4578.0000,4546.0000,4635.2000,4635.4000,4638.2000,4638.4000,4640.0000,1,1,1,1,1,1,1,1,1,5
SF,IF2103,2020-08-06 09:33:50.200,4630.4000,2332,0,79254060.000,0,-,-,-,-,4609.8000,4599.0000,4578.0000,4546.0000,4540.4000,4635.0000,4635.2000,4638.2000,4638.4000,4640.0000,1,1,1,1,1,3,1,1,1,5
SF,IF2103,2020-08-06 09:33:50.700,4630.4000,2332,0,79254060.000,0,-,-,-,-,4622.8000,4620.4000,4617.0000,4610.2000,4610.0000,4634.4000,4634.8000,4635.0000,4638.2000,4638.4000,1,1,1,2,3,1,1,3,1,1
SF,IF2103,2020-08-06 09:33:51.200,4630.4000,2332,0,79254060.000,0,-,-,-,-,4623.2000,4623.0000,4622.8000,4620.4000,4617.0000,4633.6000,4634.2000,4634.4000,4634.8000,4638.2000,1,1,1,1,1,1,2,1,1,1
SF,IF2103,2020-08-06 09:33:51.700,4630.4000,2332,0,79254060.000,0,-,-,-,-,4624.8000,4623.4000,4623.2000,4622.8000,4617.0000,4632.8000,4633.4000,4633.6000,4634.4000,4638.2000,1,1,1,1,1,1,2,1,1,1
SF,IF2103,2020-08-06 09:33:52.200,4630.4000,2332,0,79254060.000,0,-,-,-,-,4625.0000,4624.8000,4622.8000,4610.2000,4610.0000,4632.2000,4632.6000,4632.8000,4634.4000,4638.2000,3,1,1,1,2,1,1,1,1,1
SF,IF2103,2020-08-06 09:33:52.700,4630.4000,2332,0,79254060.000,0,-,-,-,-,4625.6000,4625.0000,4624.8000,4622.8000,4610.2000,4632.0000,4634.4000,4638.2000,4638.4000,4640.0000,1,3,1,1,1,1,1,1,1,5
SF,IF2103,2020-08-06 09:33:53.200,4630.4000,2332,0,79254060.000,0,-,-,-,-,4626.6000,4626.0000,4625.8000,4625.6000,4624.8000,4632.0000,4634.4000,4638.2000,4638.4000,4640.0000,1,1,1,1,1,1,1,1,1,5
SF,IF2103,2020-08-06 09:33:53.700,4630.4000,2332,0,79254060.000,0,-,-,-,-,4627.0000,4626.8000,4626.6000,4622.8000,4610.2000,4632.0000,4634.4000,4638.2000,4638.4000,4640.0000,1,1,2,1,1,1,1,1,1,5
SF,IF2103,2020-08-06 09:33:54.200,4630.4000,2332,0,79254060.000,0,-,-,-,-,4627.2000,4627.0000,4626.8000,4626.6000,4622.8000,4631.8000,4632.0000,4634.4000,4638.2000,4638.4000,1,1,1,2,1,1,1,1,1,1
SF,IF2103,2020-08-06 09:33:54.700,4630.4000,2332,0,79254060.000,0,-,-,-,-,4627.4000,4627.2000,4626.8000,4626.6000,4622.8000,4631.8000,4638.2000,4638.4000,4640.0000,4648.2000,1,1,1,2,1,1,1,1,5,1
SF,IF2103,2020-08-06 09:33:55.200,4630.4000,2332,0,79254060.000,0,-,-,-,-,4628.2000,4627.4000,4627.2000,4626.8000,4622.8000,4631.6000,4631.8000,4638.2000,4638.4000,4640.0000,1,1,2,1,1,1,1,1,1,5
SF,IF2103,2020-08-06 09:33:55.700,4630.4000,2332,0,79254060.000,0,-,-,-,-,4627.4000,4627.2000,4622.8000,4610.2000,4610.0000,4631.4000,4631.6000,4638.2000,4638.4000,4640.0000,1,1,1,1,1,1,1,1,1,5
SF,IF2103,2020-08-06 09:33:56.200,4630.4000,2332,0,79254060.000,0,-,-,-,-,4622.8000,4610.2000,4610.0000,4609.8000,4599.0000,4631.4000,4631.6000,4638.2000,4638.4000,4640.0000,1,1,1,1,1,1,1,1,1,5
SF,IF2103,2020-08-06 09:33:56.700,4630.4000,2332,0,79254060.000,0,-,-,-,-,4623.2000,4623.0000,4622.8000,4610.0000,4609.8000,4631.2000,4631.4000,4638.2000,4638.4000,4640.0000,2,1,1,1,1,1,1,1,1,5
SF,IF2103,2020-08-06 09:33:57.200,4630.4000,2332,0,79254060.000,0,-,-,-,-,4625.0000,4623.4000,4623.2000,4622.8000,4610.0000,4631.0000,4631.2000,4638.2000,4638.4000,4640.0000,1,1,2,1,1,2,1,1,1,5
SF,IF2103,2020-08-06 09:33:57.700,4630.4000,2332,0,79254060.000,0,-,-,-,-,4625.0000,4623.2000,4622.8000,4610.0000,4609.8000,4630.8000,4631.0000,4638.2000,4638.4000,4640.0000,1,2,1,1,1,1,2,1,1,5
SF,IF2103,2020-08-06 09:33:58.200,4630.4000,2332,0,79254060.000,0,-,-,-,-,4625.0000,4623.2000,4622.8000,4610.0000,4609.8000,4630.6000,4630.8000,4631.0000,4638.2000,4638.4000,1,2,1,1,1,1,1,1,1,1
SF,IF2103,2020-08-06 09:33:58.700,4630.4000,2332,0,79254060.000,0,-,-,-,-,4625.2000,4623.2000,4622.8000,4610.0000,4609.8000,4630.4000,4630.6000,4638.2000,4638.4000,4640.0000,2,2,1,1,1,1,1,1,1,5
SF,IF2103,2020-08-06 09:33:59.200,4630.4000,2332,0,79254060.000,0,-,-,-,-,4625.8000,4625.2000,4623.2000,4622.8000,4610.0000,4630.4000,4638.2000,4638.4000,4640.0000,4648.2000,1,2,2,1,1,1,1,1,5,1
SF,IF2103,2020-08-06 09:33:59.700,4630.4000,2332,0,79254060.000,0,-,-,-,-,4626.2000,4625.8000,4625.2000,4623.2000,4622.8000,4638.2000,4638.4000,4640.0000,4648.2000,4648.4000,1,1,1,1,1,1,1,5,1,1
SF,IF2103,2020-08-06 09:34:00.200,4630.4000,2332,0,79254060.000,0,-,-,-,-,4626.4000,4626.2000,4625.2000,4623.2000,4622.8000,4638.0000,4638.2000,4638.4000,4640.0000,4648.2000,3,1,1,1,1,2,1,1,5,1
SF,IF2103,2020-08-06 09:34:00.700,4630.4000,2332,0,79254060.000,0,-,-,-,-,4627.4000,4626.8000,4626.6000,4626.4000,4625.2000,4638.0000,4638.2000,4638.4000,4640.0000,4648.2000,1,1,1,3,1,2,1,1,5,1
SF,IF2103,2020-08-06 09:34:01.200,4630.4000,2332,0,79254060.000,0,-,-,-,-,4628.0000,4627.8000,4627.6000,4627.4000,4626.6000,4635.8000,4638.0000,4638.2000,4638.4000,4640.0000,1,1,2,2,1,1,2,1,1,5
SF,IF2103,2020-08-06 09:34:01.700,4630.4000,2332,0,79254060.000,0,-,-,-,-,4628.4000,4628.2000,4628.0000,4627.6000,4627.4000,4635.6000,4635.8000,4638.2000,4638.4000,4640.0000,2,2,1,1,1,1,1,1,1,5
SF,IF2103,2020-08-06 09:34:02.200,4630.4000,2332,0,79254060.000,0,-,-,-,-,4628.4000,4628.2000,4627.6000,4627.4000,4626.4000,4635.4000,4635.6000,4635.8000,4638.2000,4638.4000,2,1,1,1,1,1,1,1,1,1
SF,IF2103,2020-08-06 09:34:02.700,4630.4000,2332,0,79254060.000,0,-,-,-,-,4628.4000,4628.2000,4623.2000,4610.0000,4599.0000,4635.2000,4635.4000,4635.8000,4638.2000,4638.4000,2,1,1,1,1,1,1,1,1,1
SF,IF2103,2020-08-06 09:34:03.200,4630.4000,2332,0,79254060.000,0,-,-,-,-,4628.2000,4623.2000,4610.0000,4599.0000,4578.0000,4635.0000,4635.2000,4635.8000,4638.2000,4638.4000,1,1,1,1,1,2,1,1,1,1
SF,IF2103,2020-08-06 09:34:03.700,4630.4000,2332,0,79254060.000,0,-,-,-,-,4623.4000,4623.2000,4610.0000,4599.0000,4578.0000,4634.8000,4635.0000,4635.8000,4638.2000,4638.4000,1,1,1,1,1,1,2,1,1,1
SF,IF2103,2020-08-06 09:34:04.200,4630.4000,2332,0,79254060.000,0,-,-,-,-,4623.8000,4623.6000,4623.4000,4610.0000,4599.0000,4634.6000,4635.0000,4635.8000,4638.2000,4638.4000,1,2,1,1,1,2,1,1,1,1
SF,IF2103,2020-08-06 09:34:04.700,4630.4000,2332,0,79254060.000,0,-,-,-,-,4624.0000,4623.8000,4623.4000,4610.0000,4599.0000,4634.0000,4634.6000,4638.2000,4638.4000,4640.0000,2,1,1,1,1,1,2,1,1,5
SF,IF2103,2020-08-06 09:34:05.200,4630.4000,2332,0,79254060.000,0,-,-,-,-,4624.4000,4624.2000,4624.0000,4623.4000,4610.0000,4634.0000,4634.6000,4638.2000,4638.4000,4640.0000,1,1,2,1,1,1,1,1,1,5
SF,IF2103,2020-08-06 09:34:05.700,4630.4000,2332,0,79254060.000,0,-,-,-,-,4624.6000,4624.4000,4623.4000,4610.0000,4599.0000,4634.0000,4638.2000,4638.4000,4640.0000,4648.2000,4,1,1,1,1,1,1,1,5,1
SF,IF2103,2020-08-06 09:34:06.200,4630.4000,2332,0,79254060.000,0,-,-,-,-,4625.0000,4624.6000,4623.4000,4610.0000,4599.0000,4633.8000,4638.2000,4638.4000,4640.0000,4648.2000,1,4,1,1,1,1,1,1,5,1
SF,IF2103,2020-08-06 09:34:06.700,4630.4000,2332,0,79254060.000,0,-,-,-,-,4628.0000,4626.4000,4625.2000,4625.0000,4624.6000,4638.2000,4638.4000,4640.0000,4648.2000,4648.4000,1,1,4,1,1,1,1,5,1,1
SF,IF2103,2020-08-06 09:34:07.200,4630.4000,2332,0,79254060.000,0,-,-,-,-,4628.2000,4628.0000,4626.4000,4625.2000,4625.0000,4638.0000,4638.2000,4638.4000,4640.0000,4648.2000,1,1,1,3,1,2,1,1,5,1
SF,IF2103,2020-08-06 09:34:07.700,4630.4000,2332,0,79254060.000,0,-,-,-,-,4628.4000,4628.2000,4628.0000,4626.4000,4625.2000,4638.0000,4638.2000,4638.4000,4640.0000,4648.2000,1,1,1,1,2,2,1,1,5,1
SF,IF2103,2020-08-06 09:34:08.200,4630.4000,2332,0,79254060.000,0,-,-,-,-,4629.4000,4628.6000,4628.4000,4628.0000,4626.4000,4636.0000,4638.0000,4638.2000,4640.0000,4648.2000,1,2,2,1,1,1,1,1,5,1
SF,IF2103,2020-08-06 09:34:08.700,4630.4000,2332,0,79254060.000,0,-,-,-,-,4629.6000,4629.4000,4628.6000,4628.4000,4628.0000,4638.0000,4638.2000,4640.0000,4648.2000,4648.4000,2,1,1,1,1,1,1,5,1,1
SF,IF2103,2020-08-06 09:34:09.200,4630.4000,2332,0,79254060.000,0,-,-,-,-,4629.6000,4629.4000,4628.6000,4628.0000,4626.4000,4638.0000,4638.2000,4640.0000,4648.2000,4648.4000,2,1,1,1,1,1,1,5,1,1
SF,IF2103,2020-08-06 09:34:09.700,4630.4000,2332,0,79254060.000,0,-,-,-,-,4629.6000,4629.4000,4628.6000,4628.0000,4626.4000,4638.0000,4638.2000,4640.0000,4648.2000,4648.4000,3,1,1,1,1,1,1,5,1,1
SF,IF2103,2020-08-06 09:34:10.200,4630.4000,2332,0,79254060.000,0,-,-,-,-,4629.6000,4629.4000,4628.6000,4628.0000,4626.4000,4637.0000,4637.8000,4638.0000,4638.2000,4640.0000,3,1,1,1,1,1,1,1,1,5
SF,IF2103,2020-08-06 09:34:10.700,4630.4000,2332,0,79254060.000,0,-,-,-,-,4629.6000,4628.6000,4628.0000,4626.4000,4625.2000,4636.8000,4637.0000,4637.8000,4638.2000,4640.0000,3,1,1,1,1,2,1,1,1,5
SF,IF2103,2020-08-06 09:34:11.200,4630.4000,2332,0,79254060.000,0,-,-,-,-,4629.6000,4628.6000,4628.0000,4626.4000,4625.2000,4636.8000,4637.0000,4637.8000,4638.2000,4640.0000,2,1,1,1,1,2,1,1,1,5
SF,IF2103,2020-08-06 09:34:11.700,4630.4000,2332,0,79254060.000,0,-,-,-,-,4629.6000,4628.6000,4625.2000,4610.0000,4599.0000,4636.8000,4637.0000,4637.8000,4638.2000,4640.0000,2,1,1,1,1,2,1,1,1,5
SF,IF2103,2020-08-06 09:34:12.200,4630.4000,2332,0,79254060.000,0,-,-,-,-,4629.6000,4628.6000,4625.2000,4610.0000,4599.0000,4635.6000,4636.6000,4636.8000,4640.0000,4648.2000,2,1,1,1,1,2,1,2,5,1
SF,IF2103,2020-08-06 09:34:12.700,4630.4000,2332,0,79254060.000,0,-,-,-,-,4629.6000,4628.6000,4625.2000,4610.0000,4599.0000,4635.0000,4635.4000,4635.6000,4636.6000,4636.8000,1,1,1,1,1,1,2,2,1,1
SF,IF2103,2020-08-06 09:34:13.200,4630.4000,2332,0,79254060.000,0,-,-,-,-,4628.6000,4625.2000,4610.0000,4599.0000,4578.0000,4634.8000,4635.0000,4635.4000,4635.6000,4636.6000,1,1,1,1,1,2,1,1,2,1
SF,IF2103,2020-08-06 09:34:13.700,4630.4000,2332,0,79254060.000,0,-,-,-,-,4628.8000,4625.2000,4610.0000,4599.0000,4578.0000,4634.6000,4634.8000,4635.0000,4635.4000,4635.6000,1,1,1,1,1,1,2,1,1,2
SF,IF2103,2020-08-06 09:34:14.200,4630.4000,2332,0,79254060.000,0,-,-,-,-,4629.0000,4628.8000,4625.2000,4610.0000,4599.0000,4634.6000,4635.6000,4636.6000,4640.0000,4648.2000,1,1,1,1,1,1,1,1,5,1
SF,IF2103,2020-08-06 09:34:14.700,4630.4000,2332,0,79254060.000,0,-,-,-,-,4629.2000,4629.0000,4628.8000,4625.2000,4610.0000,4636.6000,4640.0000,4648.2000,4648.4000,4648.6000,2,1,1,1,1,1,5,1,1,1
SF,IF2103,2020-08-06 09:34:15.200,4630.4000,2332,0,79254060.000,0,-,-,-,-,4629.4000,4629.2000,4628.8000,4625.2000,4610.0000,4636.4000,4636.6000,4640.0000,4648.2000,4648.4000,1,2,1,1,1,1,1,5,1,1
SF,IF2103,2020-08-06 09:34:15.700,4630.4000,2332,0,79254060.000,0,-,-,-,-,4630.4000,4629.6000,4629.4000,4629.2000,4625.2000,4636.4000,4636.6000,4640.0000,4648.2000,4648.4000,1,1,1,2,1,1,1,5,1,1
SF,IF2103,2020-08-06 09:34:16.200,4630.4000,2332,0,79254060.000,0,-,-,-,-,4630.6000,4630.4000,4629.6000,4629.2000,4625.2000,4636.2000,4636.4000,4636.6000,4640.0000,4648.2000,1,2,1,1,1,1,1,1,5,1
SF,IF2103,2020-08-06 09:34:16.700,4630.4000,2332,0,79254060.000,0,-,-,-,-,4630.6000,4630.4000,4625.2000,4610.0000,4599.0000,4636.0000,4636.2000,4640.0000,4648.2000,4648.4000,1,1,1,1,1,1,1,5,1,1
SF,IF2103,2020-08-06 09:34:17.200,4630.4000,2332,0,79254060.000,0,-,-,-,-,4630.6000,4630.4000,4625.2000,4610.0000,4599.0000,4635.8000,4636.0000,4636.2000,4640.0000,4648.2000,1,1,1,1,1,1,1,1,5,1
SF,IF2103,2020-08-06 09:34:17.700,4630.6000,2331,-1,80643240.000,1,0,1,双平,S,4630.4000,4625.2000,4610.0000,4599.0000,4578.0000,4635.8000,4636.2000,4640.0000,4648.2000,4648.4000,1,1,1,1,1,1,1,5,1,1
SF,IF2103,2020-08-06 09:34:18.200,4630.6000,2331,0,80643240.000,0,-,-,-,-,4630.4000,4625.2000,4610.0000,4599.0000,4578.0000,4635.6000,4635.8000,4636.2000,4640.0000,4648.2000,1,1,1,1,1,2,1,1,5,1
SF,IF2103,2020-08-06 09:34:18.700,4630.6000,2331,0,80643240.000,0,-,-,-,-,4630.4000,4625.2000,4610.0000,4599.0000,4578.0000,4635.4000,4635.6000,4635.8000,4636.2000,4640.0000,1,1,1,1,1,2,2,1,1,5
SF,IF2103,2020-08-06 09:34:19.200,4630.4000,2330,-1,82032360.000,1,0,1,双平,S,4625.2000,4610.0000,4599.0000,4578.0000,4546.0000,4635.4000,4635.6000,4635.8000,4636.2000,4640.0000,1,1,1,1,1,2,1,1,1,5
SF,IF2103,2020-08-06 09:34:19.700,4630.4000,2330,0,82032360.000,0,-,-,-,-,4625.4000,4610.0000,4599.0000,4578.0000,4546.0000,4635.2000,4635.4000,4635.8000,4640.0000,4648.2000,1,1,1,1,1,2,2,1,5,1
SF,IF2103,2020-08-06 09:34:20.200,4630.4000,2330,0,82032360.000,0,-,-,-,-,4625.4000,4610.0000,4599.0000,4578.0000,4546.0000,4635.0000,4635.2000,4635.4000,4640.0000,4648.2000,1,1,1,1,1,1,2,2,5,1
SF,IF2103,2020-08-06 09:34:20.700,4630.4000,2330,0,82032360.000,0,-,-,-,-,4625.4000,4610.0000,4599.0000,4578.0000,4546.0000,4633.6000,4634.8000,4635.0000,4640.0000,4648.2000,1,1,1,1,1,1,1,1,5,1
SF,IF2103,2020-08-06 09:34:21.200,4633.4000,2330,0,83422380.000,1,0,1,多换,S,4625.6000,4610.0000,4599.0000,4578.0000,4546.0000,4633.6000,4640.0000,4648.2000,4648.4000,4648.6000,2,1,1,1,1,1,5,1,1,1
SF,IF2103,2020-08-06 09:34:21.700,4633.6000,2329,-1,84812460.000,1,0,1,双平,S,4628.0000,4626.6000,4626.2000,4625.6000,4610.0000,4640.0000,4648.2000,4648.4000,4648.6000,4648.8000,1,1,1,2,1,5,1,1,1,1
SF,IF2103,2020-08-06 09:34:22.200,4633.6000,2329,0,84812460.000,0,-,-,-,-,4628.2000,4628.0000,4626.6000,4626.2000,4625.6000,4637.8000,4638.4000,4639.8000,4640.0000,4648.2000,3,1,1,1,1,1,1,3,5,1
SF,IF2103,2020-08-06 09:34:22.700,4633.6000,2329,0,84812460.000,0,-,-,-,-,4629.0000,4628.2000,4628.0000,4626.2000,4610.0000,4637.6000,4638.4000,4640.0000,4648.2000,4648.4000,1,3,1,1,1,1,1,5,1,1
SF,IF2103,2020-08-06 09:34:23.200,4633.6000,2329,0,84812460.000,0,-,-,-,-,4629.2000,4629.0000,4628.4000,4628.0000,4610.0000,4636.2000,4637.4000,4637.6000,4638.4000,4640.0000,2,1,1,1,1,1,1,1,1,5
SF,IF2103,2020-08-06 09:34:23.700,4633.6000,2329,0,84812460.000,0,-,-,-,-,4629.2000,4629.0000,4628.0000,4610.0000,4599.0000,4636.0000,4636.2000,4637.4000,4638.4000,4640.0000,2,2,1,1,1,1,2,1,1,5
SF,IF2103,2020-08-06 09:34:24.200,4633.6000,2329,0,84812460.000,0,-,-,-,-,4635.2000,4629.2000,4629.0000,4628.0000,4610.0000,4635.8000,4636.0000,4636.2000,4637.4000,4638.4000,2,1,2,1,1,1,1,2,1,1
SF,IF2103,2020-08-06 09:34:24.700,4635.2000,2329,0,87593580.000,2,1,1,多换,S,4629.4000,4629.0000,4628.0000,4610.0000,4599.0000,4635.8000,4636.2000,4637.4000,4638.4000,4640.0000,1,1,1,1,1,1,2,1,1,5
SF,IF2103,2020-08-06 09:34:25.200,4635.2000,2329,0,87593580.000,0,-,-,-,-,4629.6000,4629.4000,4629.0000,4610.0000,4599.0000,4635.6000,4635.8000,4636.2000,4638.4000,4640.0000,1,1,1,1,1,2,1,1,1,5
SF,IF2103,2020-08-06 09:34:25.700,4635.2000,2329,0,87593580.000,0,-,-,-,-,4629.6000,4629.4000,4629.0000,4610.0000,4603.6000,4635.2000,4635.6000,4638.4000,4640.0000,4648.2000,1,1,1,1,1,1,2,1,5,1
SF,IF2103,2020-08-06 09:34:26.200,4635.2000,2329,0,87593580.000,0,-,-,-,-,4630.0000,4629.4000,4629.0000,4610.0000,4603.6000,4635.0000,4638.4000,4640.0000,4648.2000,4648.4000,1,1,1,1,1,2,1,5,1,1
SF,IF2103,2020-08-06 09:34:26.700,4635.2000,2329,0,87593580.000,0,-,-,-,-,4630.2000,4629.4000,4629.0000,4610.0000,4603.6000,4635.0000,4638.4000,4640.0000,4643.8000,4648.2000,1,1,1,1,1,1,1,5,1,1
SF,IF2103,2020-08-06 09:34:27.200,4635.2000,2329,0,87593580.000,0,-,-,-,-,4630.4000,4630.2000,4629.4000,4629.0000,4610.0000,4640.0000,4643.8000,4648.2000,4648.4000,4648.6000,1,1,1,1,1,5,1,1,1,1
SF,IF2103,2020-08-06 09:34:27.700,4635.2000,2329,0,87593580.000,0,-,-,-,-,4630.6000,4630.4000,4629.4000,4629.0000,4610.0000,4639.8000,4640.0000,4643.8000,4648.2000,4648.4000,2,1,1,1,1,3,5,1,1,1
SF,IF2103,2020-08-06 09:34:28.200,4635.2000,2329,0,87593580.000,0,-,-,-,-,4630.8000,4630.6000,4630.4000,4629.4000,4629.0000,4637.8000,4639.8000,4640.0000,4643.8000,4648.2000,1,2,1,1,1,1,3,5,1,1
SF,IF2103,2020-08-06 09:34:28.700,4635.2000,2329,0,87593580.000,0,-,-,-,-,4631.0000,4630.8000,4630.4000,4629.0000,4610.0000,4637.8000,4639.8000,4640.0000,4643.8000,4648.2000,2,2,1,1,1,1,2,5,1,1
SF,IF2103,2020-08-06 09:34:29.200,4635.2000,2329,0,87593580.000,0,-,-,-,-,4631.0000,4630.8000,4629.0000,4610.0000,4603.6000,4637.8000,4639.8000,4640.0000,4643.8000,4648.2000,2,2,1,1,1,1,2,5,1,1
SF,IF2103,2020-08-06 09:34:29.700,4635.2000,2329,0,87593580.000,0,-,-,-,-,4631.0000,4630.8000,4629.0000,4610.0000,4603.6000,4637.6000,4637.8000,4639.8000,4640.0000,4643.8000,2,1,1,1,1,1,1,1,5,1
