市场代码,合约代码,时间,最新,持仓,增仓,成交额,成交量,开仓,平仓,成交类型,方向,买一价,买二价,买三价,买四价,买五价,卖一价,卖二价,卖三价,卖四价,卖五价,买一量,买二量,买三量,买四量,买五量,卖一量,卖二量,卖三量,卖四量,卖五量
SF,IF2103,2020-10-21 09:29:00.300,4682.0000,22750,0,2809200.000,2.000,-,-,-,-,4682.0000,4680.0000,4679.6000,4679.0000,4678.4000,4684.0000,4685.6000,4687.0000,4691.6000,4695.6000,2,1,1,1,1,1,1,5,1,1
SF,IF2103,2020-10-21 09:30:00.300,4687.0000,22747,-3,12650580.000,7,2,5,多平,S,4686.0000,4685.2000,4685.0000,4684.8000,4684.6000,4691.6000,4695.6000,4696.8000,4698.0000,4698.2000,3,1,2,2,1,1,1,1,3,1
SF,IF2103,2020-10-21 09:30:00.800,4691.4000,22747,0,14058000.000,1,0,1,多换,S,4686.4000,4686.2000,4686.0000,4685.2000,4685.0000,4691.4000,4698.0000,4698.2000,4699.2000,4699.6000,5,3,3,1,2,2,3,1,3,9
SF,IF2103,2020-10-21 09:30:01.300,4688.2000,22746,-1,15464460.000,1,0,1,双平,S,4686.6000,4686.4000,4686.2000,4686.0000,4685.2000,4690.0000,4690.4000,4690.8000,4691.2000,4691.4000,2,4,2,3,1,1,4,2,2,1
SF,IF2103,2020-10-21 09:30:01.800,4690.0000,22745,-1,18278460.000,2,0,2,多平,S,4690.0000,4689.2000,4689.0000,4688.6000,4687.0000,4691.2000,4698.0000,4698.2000,4699.2000,4699.6000,1,1,1,2,3,1,3,1,3,9
SF,IF2103,2020-10-21 09:30:02.300,4691.2000,22744,-1,19685820.000,1,0,1,双平,S,4691.2000,4691.0000,4690.2000,4690.0000,4689.0000,4698.0000,4698.2000,4699.2000,4699.6000,4710.0000,1,1,1,2,1,3,1,3,9,2
SF,IF2103,2020-10-21 09:30:02.800,4691.2000,22744,0,19685820.000,0,-,-,-,-,4691.2000,4691.0000,4690.2000,4687.0000,4686.6000,4691.8000,4692.0000,4692.4000,4692.6000,4692.8000,2,1,1,7,1,1,1,2,1,3
SF,IF2103,2020-10-21 09:30:03.300,4692.0000,22742,-2,22500960.000,2,0,2,双平,S,4691.2000,4690.2000,4687.0000,4686.6000,4686.2000,4692.6000,4692.8000,4693.0000,4695.4000,4695.6000,2,1,7,1,1,1,2,3,2,1
SF,IF2103,2020-10-21 09:30:03.800,4692.0000,22742,0,22500960.000,0,-,-,-,-,4692.0000,4691.2000,4690.2000,4687.0000,4686.6000,4692.4000,4692.6000,4692.8000,4693.0000,4695.4000,1,1,1,7,1,3,1,2,3,2
SF,IF2103,2020-10-21 09:30:04.300,4692.0000,22742,0,22500960.000,0,-,-,-,-,4692.0000,4691.2000,4690.2000,4687.0000,4686.6000,4692.4000,4692.6000,4692.8000,4693.0000,4695.4000,1,1,1,7,1,2,1,2,3,2
SF,IF2103,2020-10-21 09:30:04.800,4692.6000,22741,-1,26724000.000,3,1,2,多平,S,4691.2000,4690.2000,4687.0000,4686.6000,4686.2000,4692.8000,4693.0000,4695.4000,4695.6000,4697.6000,1,1,7,1,1,2,3,2,1,7
SF,IF2103,2020-10-21 09:30:05.300,4692.6000,22741,0,26724000.000,0,-,-,-,-,4691.2000,4690.2000,4687.0000,4686.6000,4686.2000,4692.2000,4693.0000,4693.6000,4695.4000,4697.6000,1,1,7,1,1,1,2,1,1,7
SF,IF2103,2020-10-21 09:30:05.800,4692.6000,22741,0,26724000.000,0,-,-,-,-,4691.2000,4690.2000,4687.0000,4686.6000,4686.2000,4692.2000,4693.0000,4693.6000,4695.4000,4697.6000,1,1,7,1,1,1,2,1,1,6
SF,IF2103,2020-10-21 09:30:06.300,4692.2000,22740,-1,29539320.000,2,0,2,多平,S,4691.2000,4690.2000,4687.0000,4686.6000,4686.2000,4693.0000,4693.6000,4695.4000,4697.6000,4697.8000,1,1,7,1,1,1,1,1,6,1
SF,IF2103,2020-10-21 09:30:06.800,4692.2000,22740,0,29539320.000,0,-,-,-,-,4691.2000,4690.2000,4687.0000,4686.6000,4686.2000,4692.0000,4693.0000,4693.6000,4695.4000,4697.6000,1,1,7,1,1,1,2,1,1,6
SF,IF2103,2020-10-21 09:30:07.300,4691.2000,22739,-1,30946680.000,1,0,1,双平,S,4687.0000,4686.6000,4686.2000,4684.4000,4684.0000,4692.0000,4693.0000,4693.6000,4695.4000,4697.6000,7,1,1,4,2,1,2,1,1,6
SF,IF2103,2020-10-21 09:30:07.800,4691.2000,22739,0,30946680.000,0,-,-,-,-,4690.6000,4690.4000,4689.6000,4688.6000,4688.2000,4692.0000,4693.0000,4693.6000,4695.4000,4697.6000,1,1,2,2,1,1,2,1,1,6
SF,IF2103,2020-10-21 09:30:08.300,4691.2000,22739,0,30946680.000,0,-,-,-,-,4689.6000,4688.6000,4687.4000,4687.2000,4687.0000,4692.0000,4693.0000,4693.6000,4695.4000,4697.6000,1,2,1,1,7,1,2,1,1,6
SF,IF2103,2020-10-21 09:30:08.800,4692.0000,22739,0,32354280.000,1,0,1,多换,S,4690.4000,4690.0000,4689.8000,4689.6000,4688.6000,4692.0000,4693.0000,4693.6000,4695.4000,4697.6000,2,1,1,1,2,3,2,1,1,6
SF,IF2103,2020-10-21 09:30:09.300,4690.4000,22738,-1,35168520.000,2,0,2,多平,S,4689.8000,4688.6000,4687.4000,4687.0000,4686.6000,4692.0000,4693.0000,4693.6000,4695.4000,4696.0000,1,2,1,7,1,3,2,1,1,2
SF,IF2103,2020-10-21 09:30:09.800,4690.4000,22738,0,35168520.000,0,-,-,-,-,4688.6000,4687.4000,4687.0000,4686.6000,4686.2000,4691.2000,4691.4000,4691.8000,4692.0000,4693.0000,2,1,7,1,1,1,1,5,2,2
SF,IF2103,2020-10-21 09:30:10.300,4688.6000,22737,-1,36575100.000,1,0,1,双平,S,4688.6000,4687.4000,4687.0000,4686.6000,4686.2000,4690.4000,4691.0000,4691.2000,4691.4000,4691.8000,1,1,4,1,1,2,1,2,1,1
SF,IF2103,2020-10-21 09:30:10.800,4686.6000,22735,-2,39387660.000,2,0,2,双平,S,4686.2000,4686.0000,4684.4000,4684.0000,4682.0000,4690.0000,4690.2000,4690.4000,4691.0000,4691.2000,1,1,4,2,2,1,3,3,1,1
SF,IF2103,2020-10-21 09:30:11.300,4686.6000,22735,0,39387660.000,0,-,-,-,-,4686.4000,4686.2000,4686.0000,4684.4000,4684.0000,4687.8000,4688.0000,4688.6000,4688.8000,4689.4000,1,1,1,4,2,2,1,3,2,1
SF,IF2103,2020-10-21 09:30:11.800,4687.6000,22734,-1,42199860.000,2,0,2,多平,S,4686.2000,4684.4000,4684.0000,4682.0000,4680.0000,4687.8000,4688.0000,4688.6000,4688.8000,4689.4000,1,4,2,2,6,2,1,3,2,1
SF,IF2103,2020-10-21 09:30:12.300,4687.8000,22733,-1,45012060.000,2,0,2,多平,S,4684.4000,4684.0000,4682.0000,4680.0000,4679.0000,4687.8000,4688.0000,4688.6000,4689.4000,4689.8000,4,1,2,6,1,2,1,3,1,1
SF,IF2103,2020-10-21 09:30:12.800,4687.8000,22733,0,45012060.000,0,-,-,-,-,4685.2000,4684.8000,4684.4000,4684.0000,4682.0000,4687.6000,4687.8000,4688.0000,4688.6000,4689.4000,1,3,4,1,2,1,2,1,3,1
SF,IF2103,2020-10-21 09:30:13.300,4687.8000,22733,0,45012060.000,0,-,-,-,-,4684.4000,4684.0000,4682.0000,4680.0000,4679.0000,4687.2000,4687.6000,4687.8000,4688.0000,4688.6000,4,1,2,6,1,1,3,2,1,2
SF,IF2103,2020-10-21 09:30:13.800,4684.4000,22732,-1,46417380.000,1,0,1,双平,S,4684.4000,4684.0000,4682.0000,4680.0000,4679.0000,4686.4000,4686.8000,4687.0000,4687.2000,4687.8000,3,1,2,6,1,1,1,1,2,2
SF,IF2103,2020-10-21 09:30:14.300,4684.4000,22732,0,47822700.000,1,0,1,多换,S,4684.4000,4684.0000,4682.0000,4680.0000,4679.0000,4686.2000,4686.4000,4686.8000,4687.2000,4687.8000,2,1,2,1,1,2,1,1,2,2
SF,IF2103,2020-10-21 09:30:14.800,4684.4000,22732,0,49228020.000,1,0,1,多换,S,4684.6000,4684.4000,4684.0000,4682.0000,4680.0000,4686.2000,4686.8000,4687.2000,4687.8000,4688.6000,1,1,1,2,1,1,1,1,2,1
SF,IF2103,2020-10-21 09:30:15.300,4684.4000,22732,0,49228020.000,0,-,-,-,-,4684.4000,4684.0000,4682.0000,4680.0000,4679.0000,4686.2000,4686.8000,4687.2000,4687.8000,4688.6000,1,1,2,1,1,1,1,1,2,1
SF,IF2103,2020-10-21 09:30:15.800,4684.4000,22732,0,50633340.000,1,0,1,多换,S,4684.0000,4682.0000,4680.0000,4679.0000,4678.4000,4686.2000,4686.8000,4687.2000,4687.8000,4688.6000,1,4,1,1,1,1,1,1,2,1
SF,IF2103,2020-10-21 09:30:16.300,4684.4000,22732,0,50633340.000,0,-,-,-,-,4684.0000,4682.0000,4680.0000,4679.0000,4678.4000,4685.8000,4686.2000,4686.8000,4687.8000,4688.6000,1,4,1,1,1,1,1,1,2,1
SF,IF2103,2020-10-21 09:30:16.800,4684.0000,22732,0,52038540.000,1,0,1,多换,S,4682.0000,4680.0000,4679.0000,4678.4000,4677.6000,4685.6000,4685.8000,4686.0000,4686.2000,4686.8000,4,1,1,1,1,3,1,1,1,1
SF,IF2103,2020-10-21 09:30:17.300,4684.0000,22732,0,52038540.000,0,-,-,-,-,4682.6000,4682.4000,4682.0000,4680.0000,4679.0000,4685.4000,4685.6000,4685.8000,4686.0000,4686.8000,1,5,4,1,1,1,3,1,1,1
SF,IF2103,2020-10-21 09:30:17.800,4684.0000,22732,0,52038540.000,0,-,-,-,-,4682.6000,4682.4000,4682.0000,4680.0000,4679.0000,4684.8000,4685.2000,4685.4000,4685.6000,4685.8000,1,2,4,1,1,1,2,1,1,1
SF,IF2103,2020-10-21 09:30:18.300,4684.0000,22732,0,52038540.000,0,-,-,-,-,4683.6000,4682.4000,4682.0000,4680.0000,4679.0000,4684.6000,4684.8000,4685.2000,4685.6000,4685.8000,2,2,4,1,1,3,1,2,1,1
SF,IF2103,2020-10-21 09:30:18.800,4683.6000,22732,0,54848700.000,2,1,1,多换,S,4682.4000,4682.0000,4680.0000,4679.0000,4678.4000,4684.6000,4684.8000,4685.2000,4685.6000,4685.8000,2,4,1,1,1,2,1,2,1,1
SF,IF2103,2020-10-21 09:30:19.300,4683.6000,22732,0,54848700.000,0,-,-,-,-,4682.4000,4682.0000,4680.0000,4679.0000,4678.4000,4684.4000,4684.8000,4685.2000,4685.6000,4686.0000,1,4,1,1,1,2,1,2,1,1
SF,IF2103,2020-10-21 09:30:19.800,4683.6000,22732,0,54848700.000,0,-,-,-,-,4682.0000,4680.0000,4679.0000,4678.4000,4677.6000,4683.4000,4684.2000,4684.4000,4684.8000,4685.2000,4,1,1,1,1,2,1,3,1,2
SF,IF2103,2020-10-21 09:30:20.300,4683.6000,22732,0,54848700.000,0,-,-,-,-,4682.2000,4682.0000,4680.0000,4679.0000,4678.4000,4684.4000,4684.8000,4685.2000,4685.6000,4686.0000,1,4,1,1,1,1,1,2,1,1
SF,IF2103,2020-10-21 09:30:20.800,4683.6000,22732,0,54848700.000,0,-,-,-,-,4682.0000,4680.0000,4679.0000,4678.4000,4675.6000,4684.4000,4684.8000,4685.2000,4685.6000,4686.0000,4,1,1,1,1,1,1,2,1,1
SF,IF2103,2020-10-21 09:30:21.300,4682.0000,22733,1,56253300.000,1,1,0,双开,S,4682.0000,4680.0000,4679.0000,4678.4000,4675.6000,4682.4000,4684.2000,4684.4000,4684.8000,4685.2000,3,1,1,1,1,1,1,3,1,2
SF,IF2103,2020-10-21 09:30:21.800,4682.4000,22732,-1,57658020.000,1,0,1,双平,S,4682.0000,4680.0000,4679.0000,4678.4000,4675.6000,4684.4000,4684.8000,4685.2000,4685.6000,4686.0000,3,1,1,1,1,1,1,2,1,1
SF,IF2103,2020-10-21 09:30:22.300,4682.4000,22732,0,57658020.000,0,-,-,-,-,4682.2000,4682.0000,4680.0000,4679.0000,4678.4000,4682.4000,4683.0000,4684.2000,4684.4000,4684.8000,1,3,1,1,1,1,1,2,2,1
SF,IF2103,2020-10-21 09:30:22.800,4682.4000,22732,0,59062740.000,1,0,1,多换,S,4682.4000,4682.2000,4682.0000,4680.0000,4679.0000,4684.4000,4684.8000,4685.2000,4685.6000,4686.0000,1,1,3,1,1,2,1,2,1,1
SF,IF2103,2020-10-21 09:30:23.300,4682.4000,22732,0,59062740.000,0,-,-,-,-,4682.4000,4682.2000,4682.0000,4680.0000,4679.0000,4684.2000,4684.4000,4684.8000,4685.2000,4685.6000,2,1,3,1,1,2,2,1,2,1
SF,IF2103,2020-10-21 09:30:23.800,4682.4000,22732,0,59062740.000,0,-,-,-,-,4682.4000,4682.2000,4682.0000,4680.0000,4679.0000,4684.8000,4685.2000,4685.6000,4686.0000,4693.2000,2,1,3,1,1,1,2,1,1,1
SF,IF2103,2020-10-21 09:30:24.300,4682.4000,22732,0,59062740.000,0,-,-,-,-,4682.6000,4682.4000,4682.2000,4682.0000,4680.0000,4684.2000,4684.8000,4685.2000,4685.6000,4686.0000,1,1,1,3,1,2,1,2,1,1
SF,IF2103,2020-10-21 09:30:24.800,4684.8000,22730,-2,63278700.000,3,0,3,多平,S,4684.2000,4683.0000,4682.6000,4682.4000,4682.2000,4685.2000,4685.6000,4686.0000,4693.2000,4693.6000,1,1,2,1,1,2,1,1,1,1
SF,IF2103,2020-10-21 09:30:25.300,4685.2000,22729,-1,67495080.000,3,1,2,多平,S,4684.2000,4683.0000,4682.6000,4682.4000,4682.2000,4685.6000,4686.0000,4693.2000,4693.6000,4696.0000,1,1,1,1,1,1,1,1,1,2
SF,IF2103,2020-10-21 09:30:25.800,4685.2000,22729,0,67495080.000,0,-,-,-,-,4684.2000,4683.0000,4682.6000,4682.4000,4682.2000,4693.2000,4693.6000,4696.0000,4697.8000,4699.0000,1,1,1,1,1,1,1,2,1,5
SF,IF2103,2020-10-21 09:30:26.300,4685.2000,22729,0,67495080.000,0,-,-,-,-,4684.4000,4683.0000,4682.4000,4682.2000,4682.0000,4685.8000,4687.2000,4687.8000,4688.0000,4688.2000,1,1,1,1,4,1,2,2,1,1
SF,IF2103,2020-10-21 09:30:26.800,4685.2000,22729,0,67495080.000,0,-,-,-,-,4684.4000,4683.0000,4682.4000,4682.2000,4682.0000,4685.8000,4687.2000,4687.8000,4688.0000,4688.2000,1,1,1,1,4,1,2,1,1,1
SF,IF2103,2020-10-21 09:30:27.300,4685.2000,22729,0,67495080.000,0,-,-,-,-,4684.4000,4683.0000,4682.4000,4682.2000,4682.0000,4685.8000,4687.2000,4687.8000,4688.0000,4688.2000,1,1,1,1,4,2,1,1,1,1
SF,IF2103,2020-10-21 09:30:27.800,4685.2000,22729,0,67495080.000,0,-,-,-,-,4684.4000,4683.0000,4682.4000,4682.2000,4682.0000,4685.0000,4685.8000,4687.2000,4687.8000,4688.0000,1,1,1,1,4,1,2,1,1,1
SF,IF2103,2020-10-21 09:30:28.300,4684.4000,22728,-1,68900400.000,1,0,1,双平,S,4683.0000,4682.4000,4682.2000,4682.0000,4680.0000,4685.0000,4685.8000,4687.2000,4687.8000,4688.0000,1,1,1,4,1,1,2,1,1,1
SF,IF2103,2020-10-21 09:30:28.800,4684.4000,22728,0,68900400.000,0,-,-,-,-,4682.4000,4682.2000,4682.0000,4680.0000,4679.0000,4684.8000,4685.0000,4685.8000,4687.2000,4687.8000,1,1,3,1,1,1,2,2,1,1
SF,IF2103,2020-10-21 09:30:29.300,4684.4000,22728,0,68900400.000,0,-,-,-,-,4682.6000,4682.4000,4682.2000,4682.0000,4680.0000,4684.8000,4685.0000,4685.8000,4687.2000,4687.8000,1,2,1,3,1,1,1,2,1,1
SF,IF2103,2020-10-21 09:30:29.800,4684.8000,22728,0,71711280.000,2,1,1,多换,S,4682.8000,4682.6000,4682.4000,4682.2000,4682.0000,4685.0000,4685.8000,4687.2000,4687.8000,4688.0000,1,1,2,1,3,1,2,1,1,1
SF,IF2103,2020-10-21 09:30:30.300,4684.8000,22728,0,71711280.000,0,-,-,-,-,4682.8000,4682.6000,4682.4000,4682.2000,4682.0000,4684.4000,4684.8000,4685.0000,4685.8000,4687.2000,1,1,2,1,3,1,1,1,1,1
SF,IF2103,2020-10-21 09:30:30.800,4684.8000,22728,0,71711280.000,0,-,-,-,-,4682.8000,4682.4000,4682.2000,4682.0000,4680.0000,4684.4000,4684.8000,4685.0000,4685.8000,4687.2000,1,1,1,3,1,1,1,1,1,1
SF,IF2103,2020-10-21 09:30:31.300,4684.8000,22728,0,71711280.000,0,-,-,-,-,4682.8000,4682.4000,4682.2000,4682.0000,4680.0000,4684.4000,4684.8000,4685.0000,4685.8000,4687.2000,1,1,1,3,1,1,1,1,1,1
SF,IF2103,2020-10-21 09:30:32.300,4684.8000,22728,0,71711280.000,0,-,-,-,-,4682.8000,4682.4000,4682.2000,4682.0000,4680.0000,4684.4000,4684.8000,4685.0000,4687.2000,4687.8000,1,1,1,3,1,2,1,1,1,1
SF,IF2103,2020-10-21 09:30:32.800,4682.4000,22727,-1,74520840.000,2,0,2,多平,S,4682.0000,4680.0000,4679.0000,4678.4000,4675.6000,4684.2000,4684.4000,4684.8000,4685.0000,4687.2000,3,1,1,1,1,1,2,1,1,1
SF,IF2103,2020-10-21 09:30:33.300,4682.0000,22727,0,75925440.000,1,0,1,多换,S,4682.0000,4680.0000,4679.0000,4678.4000,4675.6000,4683.0000,4683.6000,4684.0000,4684.4000,4684.8000,2,1,1,1,1,1,1,1,1,1
SF,IF2103,2020-10-21 09:30:33.800,4678.4000,22727,0,82945860.000,5,2,3,多换,S,4675.6000,4675.0000,4670.0000,4666.0000,4662.0000,4683.0000,4683.6000,4684.0000,4684.8000,4685.0000,1,6,5,7,1,2,1,1,1,1
SF,IF2103,2020-10-21 09:30:34.300,4678.4000,22727,0,82945860.000,0,-,-,-,-,4678.4000,4678.2000,4677.6000,4677.4000,4677.2000,4682.4000,4682.8000,4683.0000,4684.8000,4685.0000,2,1,1,4,1,2,1,2,1,1
SF,IF2103,2020-10-21 09:30:34.800,4678.4000,22727,0,82945860.000,0,-,-,-,-,4678.8000,4678.4000,4678.2000,4677.6000,4677.4000,4681.6000,4681.8000,4682.0000,4682.2000,4682.4000,1,2,1,1,4,1,1,1,1,1
SF,IF2103,2020-10-21 09:30:35.300,4678.4000,22727,0,82945860.000,0,-,-,-,-,4678.8000,4678.4000,4678.2000,4677.6000,4677.4000,4681.4000,4681.6000,4681.8000,4682.0000,4682.4000,1,2,1,1,4,1,2,1,1,1
SF,IF2103,2020-10-21 09:30:35.800,4678.4000,22727,0,82945860.000,0,-,-,-,-,4678.4000,4678.2000,4677.6000,4677.4000,4677.2000,4681.4000,4681.6000,4681.8000,4682.0000,4682.4000,2,1,1,4,1,1,1,1,1,1
SF,IF2103,2020-10-21 09:30:36.300,4678.4000,22727,0,82945860.000,0,-,-,-,-,4679.8000,4678.8000,4678.4000,4678.2000,4677.6000,4681.4000,4681.6000,4681.8000,4682.0000,4682.4000,1,2,2,1,1,1,1,1,1,1
SF,IF2103,2020-10-21 09:30:36.800,4678.4000,22727,0,82945860.000,0,-,-,-,-,4678.4000,4678.2000,4677.6000,4677.4000,4677.2000,4678.8000,4681.4000,4681.6000,4681.8000,4682.0000,2,1,1,4,1,1,1,1,1,1
SF,IF2103,2020-10-21 09:30:37.300,4678.8000,22726,-1,84349500.000,1,0,1,双平,S,4678.8000,4678.4000,4678.2000,4677.6000,4677.4000,4681.4000,4681.6000,4681.8000,4682.0000,4682.4000,1,2,1,1,4,1,1,1,1,1
SF,IF2103,2020-10-21 09:30:37.800,4678.8000,22726,0,84349500.000,0,-,-,-,-,4677.6000,4677.4000,4677.2000,4676.8000,4676.6000,4680.2000,4680.6000,4681.0000,4681.2000,4681.4000,1,4,1,1,1,1,1,1,1,1
SF,IF2103,2020-10-21 09:30:38.300,4678.8000,22726,0,84349500.000,0,-,-,-,-,4677.4000,4676.8000,4676.2000,4675.8000,4675.2000,4680.0000,4680.2000,4680.6000,4680.8000,4681.0000,1,1,2,1,1,1,1,1,1,1
SF,IF2103,2020-10-21 09:30:38.800,4678.8000,22726,0,84349500.000,0,-,-,-,-,4677.4000,4676.8000,4676.2000,4675.8000,4675.2000,4680.0000,4680.2000,4680.6000,4680.8000,4681.0000,1,1,1,1,1,1,1,1,1,1
SF,IF2103,2020-10-21 09:30:39.300,4678.8000,22726,0,84349500.000,0,-,-,-,-,4676.2000,4675.2000,4675.0000,4673.4000,4673.2000,4679.8000,4680.0000,4680.2000,4680.6000,4680.8000,1,1,1,1,2,1,1,1,1,1
SF,IF2103,2020-10-21 09:30:39.800,4678.8000,22726,0,84349500.000,0,-,-,-,-,4676.4000,4676.2000,4675.0000,4673.4000,4673.2000,4679.2000,4679.6000,4680.2000,4680.6000,4680.8000,1,1,1,1,2,1,1,1,1,1
SF,IF2103,2020-10-21 09:30:40.300,4678.8000,22726,0,84349500.000,0,-,-,-,-,4676.8000,4676.4000,4675.0000,4673.4000,4673.2000,4678.8000,4679.0000,4680.6000,4680.8000,4681.8000,1,1,1,1,2,1,2,1,1,1
SF,IF2103,2020-10-21 09:30:40.800,4678.8000,22726,0,84349500.000,0,-,-,-,-,4676.8000,4676.4000,4675.0000,4673.4000,4673.2000,4678.4000,4678.6000,4678.8000,4680.6000,4680.8000,1,1,1,1,2,1,3,2,1,1
SF,IF2103,2020-10-21 09:30:41.300,4678.8000,22726,0,87156780.000,2,1,1,多换,S,4676.4000,4675.0000,4673.2000,4672.4000,4670.0000,4678.6000,4678.8000,4680.6000,4680.8000,4684.0000,1,1,2,1,5,2,2,1,1,1
SF,IF2103,2020-10-21 09:30:41.800,4678.8000,22726,0,87156780.000,0,-,-,-,-,4676.4000,4675.0000,4673.2000,4672.4000,4670.0000,4678.6000,4678.8000,4680.6000,4680.8000,4684.0000,1,2,2,1,5,1,2,1,1,1
SF,IF2103,2020-10-21 09:30:42.300,4678.8000,22726,0,87156780.000,0,-,-,-,-,4676.4000,4675.0000,4673.2000,4672.4000,4670.0000,4678.6000,4678.8000,4680.6000,4680.8000,4684.0000,1,2,2,1,5,1,2,1,1,1
SF,IF2103,2020-10-21 09:30:43.300,4678.8000,22726,0,87156780.000,0,-,-,-,-,4675.2000,4675.0000,4673.2000,4672.4000,4670.0000,4678.4000,4678.6000,4678.8000,4680.6000,4680.8000,1,2,2,1,5,1,1,2,1,1
SF,IF2103,2020-10-21 09:30:43.800,4678.4000,22725,-1,88560300.000,1,0,1,双平,S,4676.0000,4675.6000,4675.4000,4675.2000,4675.0000,4676.8000,4678.4000,4678.8000,4680.6000,4680.8000,1,2,1,3,2,1,1,2,1,1
SF,IF2103,2020-10-21 09:30:44.300,4676.8000,22724,-1,89963340.000,1,0,1,双平,S,4676.0000,4675.2000,4675.0000,4673.2000,4673.0000,4678.4000,4678.8000,4680.6000,4680.8000,4684.0000,1,3,2,2,1,1,2,1,1,1
SF,IF2103,2020-10-21 09:30:44.800,4676.8000,22724,0,89963340.000,0,-,-,-,-,4676.2000,4676.0000,4675.2000,4675.0000,4673.2000,4678.4000,4678.8000,4680.6000,4680.8000,4684.0000,1,2,3,2,2,1,2,1,1,1
SF,IF2103,2020-10-21 09:30:45.300,4678.4000,22723,-1,91366860.000,1,0,1,双平,S,4676.6000,4676.2000,4676.0000,4675.2000,4675.0000,4678.8000,4680.6000,4680.8000,4684.0000,4685.0000,1,2,1,3,2,2,1,1,1,1
SF,IF2103,2020-10-21 09:30:45.800,4678.4000,22723,0,91366860.000,0,-,-,-,-,4676.8000,4676.0000,4675.2000,4675.0000,4673.2000,4678.8000,4680.6000,4680.8000,4684.0000,4685.0000,1,1,3,2,2,2,1,1,1,1
SF,IF2103,2020-10-21 09:30:46.300,4678.8000,22722,-1,92770500.000,1,0,1,双平,S,4677.2000,4677.0000,4676.8000,4676.0000,4675.2000,4680.6000,4680.8000,4684.0000,4685.0000,4692.6000,1,1,2,1,3,1,1,1,1,1
SF,IF2103,2020-10-21 09:30:46.800,4680.2000,22721,-1,94174560.000,1,0,1,双平,S,4677.4000,4677.2000,4676.0000,4675.2000,4675.0000,4680.6000,4680.8000,4684.0000,4685.0000,4692.6000,4,3,1,2,2,1,1,1,1,1
SF,IF2103,2020-10-21 09:30:47.300,4680.2000,22721,0,94174560.000,0,-,-,-,-,4677.6000,4677.4000,4677.2000,4676.0000,4675.2000,4680.0000,4680.8000,4684.0000,4685.0000,4692.6000,2,6,2,1,1,1,1,1,1,1
SF,IF2103,2020-10-21 09:30:47.800,4680.2000,22721,0,94174560.000,0,-,-,-,-,4677.8000,4677.6000,4677.4000,4677.2000,4676.0000,4680.8000,4684.0000,4685.0000,4692.6000,4693.0000,3,1,5,2,1,1,1,1,1,3
SF,IF2103,2020-10-21 09:30:48.300,4680.2000,22721,0,94174560.000,0,-,-,-,-,4678.4000,4678.0000,4677.8000,4677.6000,4677.4000,4680.8000,4684.0000,4685.0000,4692.6000,4693.0000,3,1,2,1,5,1,1,1,1,3
SF,IF2103,2020-10-21 09:30:48.800,4680.2000,22721,0,94174560.000,0,-,-,-,-,4678.6000,4677.8000,4677.6000,4677.4000,4677.2000,4680.6000,4680.8000,4684.0000,4685.0000,4692.6000,1,1,1,5,2,1,1,1,1,1
SF,IF2103,2020-10-21 09:30:49.300,4680.2000,22721,0,94174560.000,0,-,-,-,-,4678.6000,4677.8000,4677.4000,4677.2000,4676.0000,4680.4000,4680.6000,4680.8000,4684.0000,4685.0000,2,1,3,2,1,1,1,1,1,1
SF,IF2103,2020-10-21 09:30:49.800,4678.6000,22720,-1,95578140.000,1,0,1,双平,S,4678.6000,4677.4000,4677.2000,4675.2000,4675.0000,4680.2000,4680.6000,4680.8000,4684.0000,4685.0000,1,3,2,1,2,1,1,1,1,1
SF,IF2103,2020-10-21 09:30:50.300,4678.6000,22720,0,95578140.000,0,-,-,-,-,4678.6000,4677.4000,4677.2000,4675.2000,4675.0000,4680.0000,4680.2000,4680.6000,4680.8000,4684.0000,1,3,2,1,2,1,1,1,1,1
SF,IF2103,2020-10-21 09:30:50.800,4678.6000,22720,0,95578140.000,0,-,-,-,-,4678.6000,4677.2000,4675.2000,4675.0000,4673.2000,4679.8000,4680.6000,4680.8000,4684.0000,4685.0000,1,1,1,3,2,1,1,1,1,1
SF,IF2103,2020-10-21 09:30:51.300,4678.6000,22720,0,95578140.000,0,-,-,-,-,4678.6000,4677.2000,4675.2000,4675.0000,4673.2000,4680.6000,4680.8000,4684.0000,4685.0000,4692.6000,1,1,1,3,2,1,1,1,1,1
SF,IF2103,2020-10-21 09:30:51.800,4678.6000,22720,0,95578140.000,0,-,-,-,-,4678.8000,4678.6000,4677.2000,4675.2000,4675.0000,4680.4000,4680.8000,4684.0000,4685.0000,4692.6000,1,1,1,1,4,1,1,1,1,1
SF,IF2103,2020-10-21 09:30:52.300,4678.6000,22720,0,95578140.000,0,-,-,-,-,4678.8000,4677.2000,4675.2000,4675.0000,4673.2000,4680.0000,4680.8000,4684.0000,4685.0000,4692.6000,1,1,1,4,2,1,1,1,1,1
SF,IF2103,2020-10-21 09:30:52.800,4678.6000,22720,0,95578140.000,0,-,-,-,-,4677.2000,4675.2000,4675.0000,4673.2000,4673.0000,4680.8000,4684.0000,4685.0000,4692.6000,4693.0000,1,1,4,2,1,1,1,1,1,3
SF,IF2103,2020-10-21 09:30:53.300,4678.6000,22720,0,95578140.000,0,-,-,-,-,4678.8000,4678.6000,4677.2000,4675.2000,4675.0000,4680.6000,4680.8000,4684.0000,4685.0000,4692.6000,1,1,1,1,4,1,1,1,1,1
SF,IF2103,2020-10-21 09:30:53.800,4678.6000,22720,0,95578140.000,0,-,-,-,-,4678.8000,4678.6000,4675.2000,4675.0000,4673.2000,4680.4000,4680.6000,4680.8000,4684.0000,4685.0000,1,2,1,4,2,2,1,1,1,1
SF,IF2103,2020-10-21 09:30:54.300,4678.6000,22720,0,95578140.000,0,-,-,-,-,4678.8000,4678.6000,4675.2000,4675.0000,4673.2000,4680.4000,4680.6000,4680.8000,4684.0000,4685.0000,1,2,1,4,2,3,1,1,1,1
SF,IF2103,2020-10-21 09:30:54.800,4678.6000,22720,0,95578140.000,0,-,-,-,-,4678.8000,4678.6000,4678.0000,4675.2000,4675.0000,4680.4000,4680.6000,4680.8000,4684.0000,4685.0000,1,2,1,1,4,3,1,1,1,1
SF,IF2103,2020-10-21 09:30:55.300,4678.6000,22720,0,95578140.000,0,-,-,-,-,4678.8000,4678.6000,4678.0000,4675.2000,4675.0000,4680.4000,4680.6000,4684.0000,4685.0000,4692.6000,1,2,1,1,4,3,1,1,1,1
SF,IF2103,2020-10-21 09:30:55.800,4680.6000,22719,-1,98386440.000,2,0,2,多平,S,4680.6000,4678.8000,4678.6000,4678.0000,4675.2000,4684.0000,4685.0000,4692.6000,4693.0000,4693.2000,2,1,2,1,1,1,1,1,3,1
SF,IF2103,2020-10-21 09:30:56.300,4681.8000,22719,0,105408060.000,5,2,3,多换,S,4678.6000,4678.0000,4675.0000,4673.2000,4672.4000,4682.2000,4682.4000,4682.6000,4683.0000,4683.2000,2,1,4,2,1,1,2,3,2,1
SF,IF2103,2020-10-21 09:30:56.800,4681.8000,22719,0,105408060.000,0,-,-,-,-,4678.8000,4678.6000,4678.0000,4675.0000,4673.2000,4681.8000,4682.0000,4682.2000,4682.4000,4682.6000,2,2,1,4,2,1,1,1,1,2
SF,IF2103,2020-10-21 09:30:57.300,4681.8000,22719,0,105408060.000,0,-,-,-,-,4679.2000,4678.8000,4678.6000,4678.0000,4675.0000,4681.6000,4681.8000,4682.2000,4682.6000,4683.0000,1,2,1,1,4,2,1,1,1,1
SF,IF2103,2020-10-21 09:30:57.800,4681.8000,22719,0,105408060.000,0,-,-,-,-,4679.2000,4678.8000,4678.6000,4678.0000,4675.0000,4681.6000,4681.8000,4682.2000,4682.6000,4683.0000,2,1,1,1,4,1,1,1,1,1
SF,IF2103,2020-10-21 09:30:58.300,4681.8000,22719,0,105408060.000,0,-,-,-,-,4679.2000,4678.8000,4678.6000,4678.0000,4675.0000,4681.4000,4681.6000,4681.8000,4682.2000,4682.6000,1,1,1,1,4,1,1,1,1,1
SF,IF2103,2020-10-21 09:30:58.800,4681.8000,22719,0,105408060.000,0,-,-,-,-,4679.4000,4679.2000,4678.8000,4678.0000,4675.0000,4681.2000,4681.4000,4681.8000,4682.2000,4682.6000,1,2,1,1,4,1,1,1,1,1
SF,IF2103,2020-10-21 09:30:59.300,4681.8000,22719,0,105408060.000,0,-,-,-,-,4679.6000,4679.4000,4679.2000,4678.8000,4678.0000,4681.0000,4681.2000,4681.8000,4682.2000,4682.6000,1,2,1,1,1,1,1,1,1,1
SF,IF2103,2020-10-21 09:30:59.800,4681.8000,22719,0,106812600.000,1,0,1,多换,S,4679.8000,4679.6000,4679.4000,4679.2000,4678.8000,4681.2000,4682.2000,4683.0000,4683.2000,4683.4000,1,1,1,1,1,1,1,1,1,2
SF,IF2103,2020-10-21 09:31:00.300,4681.8000,22719,0,106812600.000,0,-,-,-,-,4680.0000,4679.8000,4679.4000,4679.2000,4678.8000,4682.2000,4683.0000,4683.2000,4683.4000,4683.6000,1,1,1,1,1,1,1,1,2,1
SF,IF2103,2020-10-21 09:31:00.800,4681.8000,22719,0,106812600.000,0,-,-,-,-,4680.0000,4679.4000,4679.2000,4678.8000,4678.0000,4682.0000,4682.2000,4683.0000,4683.2000,4683.4000,1,1,1,1,1,1,1,1,1,2
SF,IF2103,2020-10-21 09:31:01.300,4681.8000,22719,0,106812600.000,0,-,-,-,-,4680.2000,4679.4000,4679.2000,4678.8000,4678.0000,4681.6000,4681.8000,4682.0000,4682.2000,4683.0000,1,1,1,1,1,1,1,1,1,1
SF,IF2103,2020-10-21 09:31:01.800,4681.8000,22719,0,106812600.000,0,-,-,-,-,4679.4000,4679.2000,4678.8000,4678.0000,4675.0000,4681.4000,4681.6000,4682.0000,4682.2000,4683.0000,1,1,1,1,4,1,1,1,1,1
SF,IF2103,2020-10-21 09:31:02.300,4681.8000,22719,0,106812600.000,0,-,-,-,-,4679.6000,4679.4000,4678.8000,4678.0000,4675.0000,4681.2000,4681.4000,4681.6000,4681.8000,4682.2000,1,1,1,1,4,1,1,1,1,1
SF,IF2103,2020-10-21 09:31:02.800,4679.4000,22718,-1,109620300.000,2,0,2,多平,S,4678.8000,4678.0000,4675.0000,4673.2000,4672.4000,4680.8000,4681.0000,4681.2000,4681.6000,4681.8000,1,1,4,2,1,1,3,1,2,1
SF,IF2103,2020-10-21 09:31:03.300,4679.4000,22718,0,109620300.000,0,-,-,-,-,4678.0000,4675.0000,4673.2000,4672.4000,4671.2000,4680.4000,4680.6000,4680.8000,4681.6000,4682.2000,1,4,2,1,2,1,4,2,2,1
SF,IF2103,2020-10-21 09:31:03.800,4679.4000,22718,0,109620300.000,0,-,-,-,-,4678.2000,4678.0000,4675.0000,4673.2000,4672.4000,4680.0000,4680.2000,4680.6000,4680.8000,4681.6000,2,1,4,2,1,1,2,1,2,2
SF,IF2103,2020-10-21 09:31:04.300,4678.2000,22717,-1,111023760.000,1,0,1,双平,S,4678.0000,4675.0000,4673.2000,4672.4000,4670.0000,4679.8000,4680.0000,4680.2000,4680.6000,4680.8000,1,4,2,1,5,2,1,1,1,2
SF,IF2103,2020-10-21 09:31:05.300,4678.2000,22717,0,111023760.000,0,-,-,-,-,4678.0000,4675.0000,4673.2000,4672.4000,4670.0000,4679.8000,4680.0000,4680.2000,4680.6000,4680.8000,2,4,2,1,5,1,1,1,1,2
SF,IF2103,2020-10-21 09:31:05.800,4678.2000,22717,0,111023760.000,0,-,-,-,-,4678.2000,4678.0000,4675.0000,4673.2000,4672.4000,4679.8000,4680.2000,4680.8000,4681.6000,4682.2000,1,2,4,2,1,1,1,1,2,1
SF,IF2103,2020-10-21 09:31:06.300,4678.2000,22717,0,111023760.000,0,-,-,-,-,4678.0000,4675.0000,4673.2000,4672.4000,4670.0000,4679.8000,4680.2000,4680.8000,4681.0000,4681.6000,2,4,2,1,5,1,1,1,1,2
SF,IF2103,2020-10-21 09:31:06.800,4678.2000,22717,0,111023760.000,0,-,-,-,-,4678.4000,4678.0000,4675.0000,4673.2000,4672.4000,4679.8000,4680.2000,4680.8000,4681.0000,4681.6000,1,2,4,2,1,1,1,2,1,2
SF,IF2103,2020-10-21 09:31:07.800,4678.2000,22717,0,111023760.000,0,-,-,-,-,4678.0000,4675.0000,4673.2000,4672.4000,4670.0000,4679.8000,4680.2000,4680.8000,4681.0000,4681.6000,2,4,2,1,5,1,1,2,1,2
SF,IF2103,2020-10-21 09:31:08.800,4678.2000,22717,0,111023760.000,0,-,-,-,-,4678.2000,4678.0000,4675.0000,4673.2000,4672.4000,4678.4000,4679.8000,4680.2000,4680.8000,4681.0000,1,1,4,2,1,1,1,1,1,1
SF,IF2103,2020-10-21 09:31:09.300,4678.2000,22715,-2,113830740.000,2,0,2,双平,S,4678.0000,4675.0000,4673.2000,4672.4000,4670.0000,4680.2000,4680.8000,4681.0000,4681.6000,4682.0000,1,4,2,1,5,1,1,1,2,1
SF,IF2103,2020-10-21 09:31:09.800,4678.2000,22715,0,113830740.000,0,-,-,-,-,4678.0000,4675.0000,4673.2000,4672.4000,4670.0000,4679.8000,4680.0000,4680.2000,4680.8000,4681.0000,1,4,2,1,5,1,1,2,1,1
SF,IF2103,2020-10-21 09:31:10.300,4678.2000,22715,0,113830740.000,0,-,-,-,-,4678.0000,4675.0000,4673.2000,4672.4000,4670.0000,4679.6000,4680.2000,4680.8000,4681.0000,4681.6000,1,4,2,1,5,3,2,1,1,1
SF,IF2103,2020-10-21 09:31:10.800,4678.2000,22715,0,113830740.000,0,-,-,-,-,4678.0000,4675.0000,4673.2000,4672.4000,4670.0000,4679.6000,4680.2000,4680.8000,4681.0000,4681.6000,1,4,2,1,5,3,2,1,1,1
SF,IF2103,2020-10-21 09:31:11.300,4678.2000,22715,0,113830740.000,0,-,-,-,-,4678.0000,4675.0000,4673.2000,4672.4000,4670.0000,4679.4000,4679.6000,4680.2000,4680.8000,4681.0000,1,4,2,1,5,1,2,2,1,1
SF,IF2103,2020-10-21 09:31:11.800,4678.2000,22715,0,113830740.000,0,-,-,-,-,4678.0000,4675.0000,4673.2000,4672.4000,4670.0000,4679.2000,4679.4000,4680.2000,4680.8000,4681.0000,1,4,2,1,5,1,1,2,1,1
SF,IF2103,2020-10-21 09:31:12.300,4678.2000,22715,0,113830740.000,0,-,-,-,-,4678.0000,4675.0000,4673.2000,4672.4000,4670.4000,4679.2000,4679.4000,4680.2000,4680.8000,4681.0000,1,4,2,1,1,1,1,2,1,1
SF,IF2103,2020-10-21 09:31:12.800,4678.2000,22715,0,113830740.000,0,-,-,-,-,4678.0000,4675.0000,4673.2000,4672.4000,4670.4000,4680.2000,4680.8000,4681.0000,4681.6000,4682.0000,2,4,2,1,1,1,1,1,1,1
SF,IF2103,2020-10-21 09:31:13.300,4678.2000,22715,0,113830740.000,0,-,-,-,-,4678.2000,4678.0000,4675.0000,4673.2000,4672.4000,4680.0000,4680.2000,4680.8000,4681.0000,4681.6000,2,1,4,2,1,3,1,1,1,1
SF,IF2103,2020-10-21 09:31:13.800,4678.2000,22715,0,113830740.000,0,-,-,-,-,4678.4000,4678.2000,4678.0000,4675.0000,4673.2000,4679.8000,4680.0000,4680.8000,4681.0000,4681.6000,1,3,1,4,2,1,2,1,1,1
SF,IF2103,2020-10-21 09:31:14.800,4678.2000,22715,0,113830740.000,0,-,-,-,-,4678.4000,4678.2000,4678.0000,4675.0000,4673.2000,4680.0000,4680.8000,4681.0000,4681.6000,4682.0000,1,2,1,4,2,2,1,1,1,1
SF,IF2103,2020-10-21 09:31:16.300,4680.0000,22714,-1,115234740.000,1,0,1,双平,S,4678.4000,4678.2000,4678.0000,4675.0000,4673.2000,4680.0000,4680.8000,4681.0000,4681.6000,4682.0000,1,2,1,4,2,1,1,1,1,1
SF,IF2103,2020-10-21 09:31:16.800,4680.0000,22714,0,115234740.000,0,-,-,-,-,4678.6000,4678.4000,4678.2000,4678.0000,4675.0000,4679.8000,4680.0000,4680.8000,4681.0000,4681.6000,1,1,1,1,4,1,1,1,1,1
SF,IF2103,2020-10-21 09:31:17.300,4680.0000,22714,0,115234740.000,0,-,-,-,-,4678.6000,4678.4000,4678.2000,4678.0000,4675.0000,4679.8000,4680.0000,4680.8000,4681.0000,4681.6000,1,1,1,1,4,1,1,1,1,1
SF,IF2103,2020-10-21 09:31:18.800,4680.0000,22714,0,115234740.000,0,-,-,-,-,4678.6000,4678.4000,4678.2000,4678.0000,4675.0000,4679.6000,4679.8000,4680.0000,4681.0000,4681.6000,1,1,1,1,4,1,1,1,1,1
SF,IF2103,2020-10-21 09:31:19.300,4680.0000,22714,0,115234740.000,0,-,-,-,-,4678.6000,4678.2000,4678.0000,4675.0000,4673.2000,4679.6000,4679.8000,4680.0000,4681.0000,4681.6000,1,1,1,3,2,1,1,1,1,1
SF,IF2103,2020-10-21 09:31:19.800,4679.4000,22713,-1,118042140.000,2,0,2,多平,S,4678.2000,4678.0000,4675.0000,4673.2000,4672.4000,4679.6000,4681.0000,4681.6000,4682.0000,4682.2000,1,1,3,2,1,1,1,1,1,1
SF,IF2103,2020-10-21 09:31:20.300,4679.4000,22713,0,118042140.000,0,-,-,-,-,4678.0000,4675.0000,4672.4000,4671.4000,4670.4000,4679.4000,4679.6000,4681.0000,4682.0000,4682.2000,1,3,1,1,1,2,1,1,1,1
SF,IF2103,2020-10-21 09:31:21.800,4678.0000,22713,0,119445540.000,1,0,1,多换,S,4675.0000,4672.4000,4671.4000,4670.4000,4670.0000,4679.4000,4679.6000,4680.0000,4682.0000,4682.2000,3,1,1,1,5,3,1,1,1,1
SF,IF2103,2020-10-21 09:31:22.300,4678.0000,22713,0,119445540.000,0,-,-,-,-,4676.0000,4675.2000,4675.0000,4672.4000,4671.4000,4679.2000,4679.4000,4679.6000,4680.0000,4682.0000,1,5,4,1,1,1,4,1,1,1
SF,IF2103,2020-10-21 09:31:22.800,4678.0000,22713,0,119445540.000,0,-,-,-,-,4676.2000,4676.0000,4675.2000,4675.0000,4672.4000,4679.0000,4679.2000,4679.4000,4679.6000,4680.0000,1,1,4,4,1,1,1,3,1,1
SF,IF2103,2020-10-21 09:31:23.300,4678.0000,22713,0,119445540.000,0,-,-,-,-,4676.2000,4676.0000,4675.2000,4675.0000,4672.4000,4678.8000,4679.0000,4679.4000,4679.6000,4680.0000,1,1,2,4,1,1,1,2,1,1
SF,IF2103,2020-10-21 09:31:23.800,4678.0000,22713,0,119445540.000,0,-,-,-,-,4676.2000,4676.0000,4675.2000,4675.0000,4672.4000,4678.6000,4678.8000,4679.2000,4679.4000,4680.0000,1,1,2,4,1,2,1,1,2,1
SF,IF2103,2020-10-21 09:31:24.300,4678.0000,22713,0,119445540.000,0,-,-,-,-,4676.2000,4676.0000,4675.2000,4675.0000,4672.4000,4678.4000,4678.6000,4679.2000,4679.4000,4680.0000,2,1,2,4,1,1,1,1,1,1
SF,IF2103,2020-10-21 09:31:24.800,4678.6000,22712,-1,122252640.000,2,0,2,多平,S,4676.4000,4676.2000,4676.0000,4675.2000,4675.0000,4679.2000,4679.4000,4680.0000,4682.0000,4682.2000,1,2,1,2,4,1,1,1,1,1
SF,IF2103,2020-10-21 09:31:25.300,4678.6000,22712,0,122252640.000,0,-,-,-,-,4676.6000,4676.4000,4676.0000,4675.2000,4675.0000,4679.2000,4679.4000,4680.0000,4682.0000,4682.2000,1,1,1,2,4,1,1,1,1,1
SF,IF2103,2020-10-21 09:31:25.800,4678.6000,22712,0,122252640.000,0,-,-,-,-,4676.8000,4676.6000,4676.0000,4675.2000,4675.0000,4679.2000,4679.4000,4680.0000,4682.0000,4682.2000,1,2,1,2,4,1,1,1,1,1
SF,IF2103,2020-10-21 09:31:26.300,4678.6000,22712,0,122252640.000,0,-,-,-,-,4677.0000,4676.8000,4676.0000,4675.2000,4675.0000,4679.2000,4679.4000,4680.0000,4682.0000,4682.2000,1,2,1,2,4,1,1,1,1,1
SF,IF2103,2020-10-21 09:31:26.800,4678.6000,22712,0,122252640.000,0,-,-,-,-,4677.2000,4677.0000,4676.0000,4675.2000,4675.0000,4679.0000,4679.2000,4679.4000,4680.0000,4682.2000,1,1,1,2,4,2,1,1,1,1
SF,IF2103,2020-10-21 09:31:27.300,4678.6000,22712,0,122252640.000,0,-,-,-,-,4677.4000,4677.2000,4676.0000,4675.2000,4675.0000,4679.0000,4679.2000,4679.4000,4680.0000,4682.2000,1,1,2,2,4,2,1,1,1,1
SF,IF2103,2020-10-21 09:31:27.800,4678.6000,22712,0,122252640.000,0,-,-,-,-,4677.4000,4677.2000,4676.0000,4675.2000,4675.0000,4679.0000,4679.2000,4679.4000,4680.0000,4682.2000,2,1,2,2,4,1,1,1,1,1
SF,IF2103,2020-10-21 09:31:28.300,4678.6000,22712,0,122252640.000,0,-,-,-,-,4677.4000,4677.2000,4676.0000,4675.2000,4675.0000,4678.8000,4679.0000,4679.2000,4680.0000,4682.2000,2,1,2,2,4,2,1,1,1,1
SF,IF2103,2020-10-21 09:31:28.800,4678.6000,22712,0,122252640.000,0,-,-,-,-,4677.4000,4677.2000,4676.0000,4675.2000,4675.0000,4678.8000,4679.0000,4679.2000,4680.0000,4682.2000,2,1,2,2,4,2,1,1,1,1
SF,IF2103,2020-10-21 09:31:30.300,4678.6000,22712,0,122252640.000,0,-,-,-,-,4677.4000,4677.2000,4676.0000,4675.0000,4672.4000,4678.8000,4679.0000,4680.0000,4682.2000,4682.8000,2,1,2,4,1,2,2,1,1,1
SF,IF2103,2020-10-21 09:31:30.800,4677.4000,22710,-2,125059080.000,2,0,2,双平,S,4677.2000,4676.0000,4675.0000,4672.4000,4671.4000,4678.6000,4678.8000,4679.0000,4680.0000,4682.2000,1,2,3,1,1,1,2,1,1,1
SF,IF2103,2020-10-21 09:31:31.300,4677.4000,22710,0,125059080.000,0,-,-,-,-,4676.0000,4675.0000,4672.4000,4671.4000,4670.4000,4678.4000,4678.6000,4678.8000,4679.0000,4680.0000,3,3,1,1,1,1,1,1,1,1
SF,IF2103,2020-10-21 09:31:31.800,4677.4000,22710,0,125059080.000,0,-,-,-,-,4676.2000,4676.0000,4675.0000,4672.4000,4671.4000,4678.6000,4678.8000,4679.0000,4680.0000,4682.2000,3,3,3,1,1,1,1,1,1,1
SF,IF2103,2020-10-21 09:31:32.300,4677.4000,22710,0,125059080.000,0,-,-,-,-,4677.0000,4676.4000,4676.2000,4676.0000,4675.0000,4678.8000,4679.0000,4680.0000,4682.2000,4682.8000,1,1,3,3,3,1,1,1,1,1
SF,IF2103,2020-10-21 09:31:32.800,4677.4000,22710,0,125059080.000,0,-,-,-,-,4677.6000,4677.0000,4676.4000,4676.2000,4676.0000,4679.0000,4680.0000,4682.2000,4682.8000,4683.0000,1,2,1,2,3,1,1,1,1,1
SF,IF2103,2020-10-21 09:31:33.300,4677.4000,22710,0,125059080.000,0,-,-,-,-,4677.6000,4677.0000,4676.4000,4676.2000,4676.0000,4679.0000,4680.0000,4682.2000,4682.8000,4683.0000,1,1,1,2,3,1,1,1,1,1
SF,IF2103,2020-10-21 09:31:35.300,4677.4000,22710,0,125059080.000,0,-,-,-,-,4677.6000,4677.0000,4676.4000,4676.2000,4676.0000,4679.0000,4680.0000,4682.2000,4682.8000,4683.0000,1,1,1,2,3,2,1,1,1,1
SF,IF2103,2020-10-21 09:31:35.800,4677.6000,22709,-1,126462360.000,1,0,1,双平,S,4677.0000,4676.4000,4676.2000,4676.0000,4675.0000,4678.8000,4679.0000,4680.0000,4682.2000,4682.8000,1,1,2,3,3,2,2,1,1,1
SF,IF2103,2020-10-21 09:31:36.300,4677.6000,22709,0,126462360.000,0,-,-,-,-,4677.0000,4676.4000,4676.2000,4676.0000,4675.0000,4678.6000,4678.8000,4679.0000,4680.0000,4682.2000,1,1,2,3,2,2,2,2,1,1
SF,IF2103,2020-10-21 09:31:36.800,4677.6000,22709,0,126462360.000,0,-,-,-,-,4677.2000,4677.0000,4676.4000,4676.2000,4676.0000,4678.8000,4679.0000,4680.0000,4682.2000,4682.8000,1,1,1,2,3,2,2,1,1,1
SF,IF2103,2020-10-21 09:31:37.300,4677.6000,22709,0,126462360.000,0,-,-,-,-,4677.0000,4676.4000,4676.2000,4676.0000,4675.0000,4678.6000,4678.8000,4679.0000,4680.0000,4682.2000,1,1,2,3,2,1,3,2,1,1
SF,IF2103,2020-10-21 09:31:37.800,4677.6000,22709,0,126462360.000,0,-,-,-,-,4677.0000,4676.4000,4676.2000,4676.0000,4675.0000,4678.4000,4678.6000,4678.8000,4679.0000,4680.0000,1,1,2,3,2,1,1,1,2,1
SF,IF2103,2020-10-21 09:31:38.300,4677.6000,22709,0,126462360.000,0,-,-,-,-,4677.0000,4676.4000,4676.2000,4676.0000,4675.0000,4678.2000,4678.4000,4678.6000,4678.8000,4679.0000,1,1,2,3,2,2,1,1,1,2
SF,IF2103,2020-10-21 09:31:38.800,4677.6000,22709,0,126462360.000,0,-,-,-,-,4677.0000,4676.4000,4676.2000,4676.0000,4675.0000,4678.0000,4678.2000,4678.4000,4678.6000,4678.8000,1,1,2,3,2,1,2,1,1,1
SF,IF2103,2020-10-21 09:31:39.300,4677.6000,22709,0,126462360.000,0,-,-,-,-,4677.0000,4676.4000,4676.2000,4676.0000,4675.0000,4678.0000,4678.2000,4678.4000,4678.6000,4678.8000,1,1,2,3,3,3,2,1,1,1
SF,IF2103,2020-10-21 09:31:39.800,4677.0000,22709,0,127865460.000,1,0,1,多换,S,4676.4000,4676.2000,4676.0000,4675.0000,4672.4000,4678.0000,4678.2000,4678.4000,4678.6000,4679.0000,1,2,3,3,1,3,2,1,1,1
SF,IF2103,2020-10-21 09:31:40.300,4677.0000,22709,0,127865460.000,0,-,-,-,-,4676.4000,4676.2000,4676.0000,4675.0000,4672.4000,4677.8000,4678.0000,4678.4000,4679.0000,4680.0000,1,2,3,3,1,1,3,1,1,1
SF,IF2103,2020-10-21 09:31:40.800,4677.0000,22709,0,127865460.000,0,-,-,-,-,4676.4000,4676.2000,4676.0000,4675.0000,4672.4000,4677.6000,4677.8000,4678.0000,4678.4000,4679.0000,1,2,3,3,1,1,3,3,1,1
SF,IF2103,2020-10-21 09:31:41.300,4677.0000,22709,0,127865460.000,0,-,-,-,-,4676.4000,4676.2000,4676.0000,4675.0000,4672.4000,4677.0000,4677.6000,4677.8000,4678.0000,4679.0000,1,1,3,3,1,1,2,2,3,1
SF,IF2103,2020-10-21 09:31:42.800,4677.0000,22709,0,127865460.000,0,-,-,-,-,4676.4000,4676.2000,4676.0000,4675.0000,4672.4000,4677.0000,4677.6000,4677.8000,4678.0000,4679.0000,1,1,3,3,1,1,1,2,3,1
SF,IF2103,2020-10-21 09:31:43.300,4677.0000,22708,-1,129268560.000,1,0,1,双平,S,4676.4000,4676.2000,4676.0000,4675.0000,4672.4000,4677.6000,4677.8000,4678.0000,4679.0000,4680.0000,1,1,3,3,1,1,2,3,1,1
SF,IF2103,2020-10-21 09:31:43.800,4677.0000,22708,0,129268560.000,0,-,-,-,-,4676.6000,4676.4000,4676.2000,4676.0000,4675.0000,4678.0000,4679.0000,4680.0000,4682.8000,4683.0000,1,1,1,3,3,2,1,1,1,1
SF,IF2103,2020-10-21 09:31:44.300,4677.0000,22708,0,129268560.000,0,-,-,-,-,4676.6000,4676.4000,4676.2000,4676.0000,4675.0000,4678.0000,4679.0000,4680.0000,4682.8000,4683.0000,1,1,1,3,3,2,1,1,1,1
SF,IF2103,2020-10-21 09:31:45.300,4677.0000,22708,0,129268560.000,0,-,-,-,-,4677.0000,4676.6000,4676.4000,4676.2000,4676.0000,4678.0000,4679.0000,4680.0000,4682.8000,4683.0000,1,1,1,1,3,2,1,1,1,1
SF,IF2103,2020-10-21 09:31:47.300,4677.0000,22708,0,130671660.000,1,0,1,多换,S,4676.6000,4676.4000,4676.2000,4676.0000,4675.0000,4678.0000,4679.0000,4680.0000,4682.8000,4683.0000,1,1,1,3,3,2,1,1,1,1
SF,IF2103,2020-10-21 09:31:48.800,4676.6000,22707,-1,132074640.000,1,0,1,双平,S,4676.4000,4676.2000,4676.0000,4675.0000,4672.4000,4678.0000,4678.2000,4680.0000,4682.8000,4683.0000,1,1,3,3,1,2,1,1,1,1
SF,IF2103,2020-10-21 09:31:49.300,4676.6000,22707,0,132074640.000,0,-,-,-,-,4676.4000,4676.2000,4676.0000,4675.0000,4672.4000,4677.8000,4678.0000,4678.2000,4680.0000,4682.8000,1,1,3,3,1,2,2,1,1,1
SF,IF2103,2020-10-21 09:31:49.800,4676.6000,22707,0,132074640.000,0,-,-,-,-,4676.4000,4676.2000,4676.0000,4675.0000,4672.4000,4677.8000,4678.0000,4678.2000,4680.0000,4682.8000,1,1,3,3,1,1,2,1,1,1
SF,IF2103,2020-10-21 09:31:51.300,4676.6000,22707,0,132074640.000,0,-,-,-,-,4676.4000,4676.2000,4676.0000,4675.0000,4672.4000,4677.6000,4677.8000,4678.0000,4678.2000,4680.0000,1,1,3,3,1,1,1,2,1,1
SF,IF2103,2020-10-21 09:31:51.800,4676.6000,22707,0,132074640.000,0,-,-,-,-,4676.4000,4676.2000,4676.0000,4675.0000,4672.4000,4677.4000,4677.6000,4678.0000,4678.2000,4680.0000,1,1,3,3,1,1,2,2,1,1
SF,IF2103,2020-10-21 09:31:52.300,4677.2000,22707,0,133477800.000,1,0,1,多换,S,4676.4000,4676.2000,4676.0000,4675.0000,4672.4000,4677.6000,4678.0000,4678.2000,4680.0000,4682.8000,1,1,3,3,1,2,2,1,1,1
SF,IF2103,2020-10-21 09:31:52.800,4676.2000,22705,-2,136283580.000,2,0,2,双平,S,4676.0000,4675.0000,4672.4000,4671.4000,4670.4000,4677.6000,4678.0000,4678.2000,4680.0000,4682.8000,2,3,1,1,1,2,2,1,1,1
SF,IF2103,2020-10-21 09:31:53.300,4676.2000,22705,0,136283580.000,0,-,-,-,-,4676.0000,4675.0000,4672.4000,4671.4000,4670.4000,4677.0000,4677.4000,4677.6000,4678.0000,4678.2000,2,3,1,1,1,1,1,2,2,1
SF,IF2103,2020-10-21 09:31:53.800,4676.0000,22705,0,139089180.000,2,1,1,多换,S,4675.0000,4672.4000,4671.4000,4670.4000,4670.0000,4677.0000,4677.4000,4677.6000,4678.0000,4678.2000,3,1,1,1,5,2,2,1,2,1
SF,IF2103,2020-10-21 09:31:54.300,4676.0000,22705,0,139089180.000,0,-,-,-,-,4675.2000,4675.0000,4672.4000,4671.4000,4670.4000,4676.8000,4677.0000,4677.4000,4678.0000,4678.2000,1,2,1,1,1,3,2,1,2,1
SF,IF2103,2020-10-21 09:31:54.800,4675.2000,22704,-1,140491740.000,1,0,1,双平,S,4675.0000,4671.4000,4670.4000,4666.0000,4665.8000,4676.0000,4676.6000,4676.8000,4677.0000,4678.0000,2,1,1,2,11,1,1,2,2,2
SF,IF2103,2020-10-21 09:31:55.300,4675.0000,22704,0,143296740.000,2,1,1,多换,S,4671.4000,4670.4000,4666.8000,4666.0000,4665.8000,4676.0000,4676.6000,4676.8000,4677.0000,4678.0000,1,1,3,2,11,1,2,1,1,2
SF,IF2103,2020-10-21 09:31:55.800,4675.0000,22704,0,143296740.000,0,-,-,-,-,4672.8000,4672.2000,4672.0000,4671.8000,4671.4000,4675.2000,4675.8000,4676.0000,4676.6000,4676.8000,1,2,1,6,1,1,1,1,1,1
SF,IF2103,2020-10-21 09:31:56.300,4673.0000,22703,-1,144698640.000,1,0,1,双平,S,4672.8000,4672.2000,4672.0000,4671.8000,4671.4000,4675.0000,4675.2000,4676.6000,4676.8000,4677.0000,1,1,1,5,1,1,1,1,1,1
SF,IF2103,2020-10-21 09:31:56.800,4673.0000,22703,0,144698640.000,0,-,-,-,-,4672.8000,4672.2000,4672.0000,4671.8000,4671.4000,4675.0000,4676.6000,4676.8000,4677.0000,4677.8000,1,1,1,5,1,2,1,1,1,1
SF,IF2103,2020-10-21 09:31:57.300,4673.0000,22703,0,144698640.000,0,-,-,-,-,4672.4000,4671.8000,4671.4000,4670.4000,4666.8000,4675.0000,4676.6000,4676.8000,4677.0000,4677.8000,1,2,1,1,3,2,1,1,1,1
SF,IF2103,2020-10-21 09:31:57.800,4673.0000,22703,0,144698640.000,0,-,-,-,-,4672.0000,4671.4000,4670.4000,4666.8000,4666.0000,4675.0000,4676.8000,4677.0000,4677.8000,4678.0000,1,1,1,3,2,2,1,1,1,2
SF,IF2103,2020-10-21 09:31:58.300,4673.0000,22703,0,144698640.000,0,-,-,-,-,4671.4000,4670.4000,4666.8000,4666.0000,4665.8000,4674.8000,4675.0000,4676.8000,4677.0000,4677.8000,1,1,3,2,11,1,2,1,1,1
SF,IF2103,2020-10-21 09:31:58.800,4673.0000,22703,0,144698640.000,0,-,-,-,-,4671.4000,4670.4000,4666.8000,4666.0000,4665.8000,4674.4000,4674.6000,4674.8000,4677.0000,4677.8000,1,1,3,2,11,1,2,2,1,1
SF,IF2103,2020-10-21 09:31:59.300,4673.0000,22703,0,144698640.000,0,-,-,-,-,4671.4000,4670.4000,4666.8000,4666.0000,4665.8000,4673.6000,4673.8000,4674.0000,4674.2000,4674.4000,1,1,3,2,11,1,1,2,2,1
SF,IF2103,2020-10-21 09:31:59.800,4671.4000,22703,0,146100060.000,1,0,1,多换,S,4670.4000,4666.8000,4666.0000,4665.8000,4662.0000,4673.2000,4673.4000,4673.6000,4674.2000,4677.8000,1,3,2,11,1,2,4,2,1,1
SF,IF2103,2020-10-21 09:32:00.300,4671.4000,22703,0,146100060.000,0,-,-,-,-,4670.6000,4670.4000,4666.8000,4666.0000,4665.8000,4673.0000,4673.2000,4673.6000,4674.2000,4677.8000,1,1,3,2,11,4,2,1,1,1
SF,IF2103,2020-10-21 09:32:00.800,4671.4000,22703,0,146100060.000,0,-,-,-,-,4670.4000,4666.8000,4666.0000,4665.8000,4662.0000,4672.6000,4672.8000,4673.0000,4673.2000,4673.6000,1,3,2,11,1,3,3,2,2,1
SF,IF2103,2020-10-21 09:32:01.300,4670.4000,22702,-1,147501180.000,1,0,1,双平,S,4666.8000,4666.0000,4665.8000,4662.0000,4660.0000,4672.0000,4672.2000,4672.4000,4672.6000,4672.8000,3,2,11,1,5,1,4,2,2,1
SF,IF2103,2020-10-21 09:32:01.800,4670.4000,22702,0,147501180.000,0,-,-,-,-,4667.6000,4667.4000,4667.2000,4667.0000,4666.8000,4671.6000,4671.8000,4672.0000,4672.2000,4672.6000,3,3,1,3,3,1,1,2,2,2
SF,IF2103,2020-10-21 09:32:02.300,4670.4000,22702,0,147501180.000,0,-,-,-,-,4667.6000,4667.4000,4666.8000,4666.0000,4665.8000,4671.0000,4671.2000,4671.4000,4671.6000,4672.0000,1,2,3,2,11,1,2,2,1,1
SF,IF2103,2020-10-21 09:32:02.800,4670.4000,22702,0,147501180.000,0,-,-,-,-,4668.4000,4667.6000,4667.4000,4666.0000,4665.8000,4670.4000,4670.6000,4670.8000,4671.0000,4672.2000,1,1,2,2,11,4,2,3,2,2
SF,IF2103,2020-10-21 09:32:03.300,4668.4000,22702,0,148901700.000,1,0,1,多换,S,4667.6000,4667.4000,4666.0000,4665.8000,4662.0000,4670.2000,4670.4000,4670.6000,4670.8000,4672.2000,1,2,2,11,1,3,2,1,2,2
SF,IF2103,2020-10-21 09:32:03.800,4667.6000,22701,-1,150301980.000,1,0,1,双平,S,4669.0000,4667.4000,4666.0000,4662.0000,4660.6000,4670.0000,4670.2000,4670.4000,4670.6000,4670.8000,1,2,2,1,11,1,2,2,1,2
SF,IF2103,2020-10-21 09:32:04.300,4667.6000,22701,0,150301980.000,0,-,-,-,-,4669.0000,4667.4000,4666.0000,4662.0000,4660.6000,4670.0000,4670.4000,4670.6000,4670.8000,4672.2000,1,1,2,1,11,1,2,1,2,2
SF,IF2103,2020-10-21 09:32:04.800,4670.0000,22700,-1,151702980.000,1,0,1,双平,S,4669.0000,4667.4000,4666.0000,4662.0000,4660.6000,4670.4000,4670.8000,4672.2000,4673.2000,4676.8000,1,1,2,1,11,2,2,2,1,1
SF,IF2103,2020-10-21 09:32:05.300,4670.0000,22700,0,151702980.000,0,-,-,-,-,4669.4000,4669.2000,4669.0000,4667.4000,4666.0000,4670.4000,4672.2000,4673.2000,4676.8000,4677.8000,1,1,1,1,2,1,2,1,1,1
SF,IF2103,2020-10-21 09:32:05.800,4670.4000,22699,-1,153104100.000,1,0,1,双平,S,4669.4000,4669.0000,4667.4000,4666.0000,4662.0000,4672.2000,4673.2000,4676.8000,4677.8000,4679.8000,1,1,1,2,1,2,1,1,1,3
SF,IF2103,2020-10-21 09:32:06.300,4670.4000,22699,0,153104100.000,0,-,-,-,-,4669.6000,4669.0000,4667.4000,4666.0000,4662.0000,4671.6000,4671.8000,4672.0000,4672.2000,4673.2000,1,1,1,3,1,1,3,3,3,1
SF,IF2103,2020-10-21 09:32:06.800,4669.6000,22698,-1,154504980.000,1,0,1,双平,S,4669.0000,4667.4000,4666.0000,4662.0000,4660.6000,4670.6000,4671.0000,4671.4000,4671.6000,4671.8000,1,1,3,1,11,2,1,4,1,2
SF,IF2103,2020-10-21 09:32:07.300,4669.6000,22698,0,154504980.000,0,-,-,-,-,4669.0000,4667.4000,4666.0000,4662.0000,4660.6000,4671.0000,4671.4000,4671.6000,4671.8000,4672.0000,1,1,3,1,11,1,2,1,1,2
SF,IF2103,2020-10-21 09:32:07.800,4669.0000,22698,0,155905680.000,1,0,1,多换,S,4667.4000,4666.0000,4662.0000,4660.6000,4660.0000,4670.6000,4670.8000,4671.4000,4671.6000,4671.8000,1,3,1,11,5,1,4,1,1,1
SF,IF2103,2020-10-21 09:32:08.300,4669.0000,22698,0,155905680.000,0,-,-,-,-,4667.4000,4666.0000,4662.0000,4660.6000,4660.0000,4670.4000,4670.6000,4670.8000,4671.4000,4671.6000,1,3,1,11,5,2,2,1,1,1
SF,IF2103,2020-10-21 09:32:08.800,4669.0000,22698,0,155905680.000,0,-,-,-,-,4667.4000,4666.0000,4662.0000,4660.6000,4660.0000,4670.0000,4670.2000,4670.4000,4670.6000,4670.8000,1,3,1,11,5,1,1,1,2,1
SF,IF2103,2020-10-21 09:32:09.300,4669.0000,22698,0,155905680.000,0,-,-,-,-,4667.4000,4666.0000,4662.0000,4660.6000,4660.0000,4669.8000,4670.2000,4670.6000,4670.8000,4671.6000,2,3,1,11,5,1,1,2,1,1
SF,IF2103,2020-10-21 09:32:09.800,4669.0000,22698,0,155905680.000,0,-,-,-,-,4667.8000,4667.4000,4666.0000,4662.0000,4660.6000,4668.4000,4669.8000,4670.2000,4670.6000,4670.8000,2,1,3,1,11,1,1,1,1,1
SF,IF2103,2020-10-21 09:32:10.300,4668.6000,22698,0,157306260.000,1,0,1,多换,S,4667.8000,4667.4000,4666.0000,4662.0000,4660.6000,4669.8000,4670.6000,4670.8000,4671.6000,4671.8000,1,1,3,1,11,1,1,1,1,1
SF,IF2103,2020-10-21 09:32:10.800,4668.6000,22698,0,157306260.000,0,-,-,-,-,4668.0000,4667.8000,4667.4000,4666.0000,4662.0000,4669.8000,4670.6000,4670.8000,4671.6000,4671.8000,3,2,1,3,1,1,1,1,1,1
SF,IF2103,2020-10-21 09:32:11.300,4668.6000,22698,0,157306260.000,0,-,-,-,-,4668.0000,4667.8000,4667.4000,4666.0000,4662.0000,4669.8000,4670.6000,4670.8000,4671.6000,4671.8000,3,1,1,3,1,1,1,1,1,1
SF,IF2103,2020-10-21 09:32:11.800,4669.8000,22697,-1,158707200.000,1,0,1,双平,S,4668.2000,4668.0000,4667.4000,4666.0000,4662.0000,4670.6000,4670.8000,4671.6000,4671.8000,4672.0000,1,2,1,3,1,1,1,1,1,2
SF,IF2103,2020-10-21 09:32:12.300,4669.8000,22697,0,158707200.000,0,-,-,-,-,4668.6000,4668.4000,4668.2000,4667.4000,4666.0000,4670.6000,4670.8000,4671.6000,4671.8000,4672.0000,2,1,1,1,3,1,1,1,1,2
SF,IF2103,2020-10-21 09:32:12.800,4669.8000,22697,0,158707200.000,0,-,-,-,-,4668.8000,4668.6000,4667.4000,4666.0000,4662.0000,4670.8000,4671.8000,4672.0000,4672.2000,4676.8000,4,1,1,3,1,1,1,2,3,1
SF,IF2103,2020-10-21 09:32:13.300,4670.8000,22696,-1,160108440.000,1,0,1,双平,S,4669.0000,4668.8000,4668.6000,4667.4000,4666.0000,4676.8000,4677.8000,4679.8000,4680.0000,4682.8000,2,2,1,1,3,1,1,3,1,1
SF,IF2103,2020-10-21 09:32:13.800,4670.8000,22696,0,160108440.000,0,-,-,-,-,4669.2000,4669.0000,4668.6000,4667.4000,4666.0000,4672.6000,4672.8000,4673.0000,4673.2000,4673.6000,2,1,1,1,3,1,2,1,1,1
SF,IF2103,2020-10-21 09:32:14.300,4670.8000,22696,0,160108440.000,0,-,-,-,-,4669.4000,4669.2000,4668.6000,4667.4000,4666.0000,4672.0000,4672.8000,4673.2000,4673.6000,4674.6000,1,2,1,1,3,1,2,1,1,2
SF,IF2103,2020-10-21 09:32:14.800,4670.8000,22696,0,160108440.000,0,-,-,-,-,4669.6000,4669.4000,4669.2000,4667.4000,4666.0000,4672.8000,4673.2000,4673.6000,4674.6000,4674.8000,1,1,1,1,2,1,1,1,2,4
SF,IF2103,2020-10-21 09:32:15.300,4670.8000,22696,0,160108440.000,0,-,-,-,-,4669.6000,4669.2000,4667.4000,4666.0000,4662.0000,4672.6000,4674.6000,4674.8000,4676.2000,4676.4000,4,1,1,2,1,1,2,4,1,10
SF,IF2103,2020-10-21 09:32:15.800,4670.8000,22696,0,160108440.000,0,-,-,-,-,4670.0000,4669.6000,4669.2000,4667.4000,4666.0000,4672.4000,4672.6000,4674.6000,4674.8000,4676.2000,1,1,1,1,2,1,1,2,4,1
SF,IF2103,2020-10-21 09:32:16.300,4670.8000,22696,0,160108440.000,0,-,-,-,-,4670.4000,4670.2000,4670.0000,4667.4000,4666.0000,4672.0000,4672.4000,4674.6000,4674.8000,4675.4000,1,1,1,1,2,1,1,1,4,1
SF,IF2103,2020-10-21 09:32:16.800,4670.8000,22696,0,160108440.000,0,-,-,-,-,4670.4000,4670.2000,4670.0000,4667.4000,4666.0000,4672.0000,4672.4000,4674.6000,4674.8000,4675.4000,1,1,1,1,2,1,1,1,4,1
SF,IF2103,2020-10-21 09:32:17.300,4670.8000,22696,0,160108440.000,0,-,-,-,-,4670.6000,4670.4000,4670.2000,4670.0000,4667.4000,4672.4000,4674.6000,4674.8000,4675.4000,4676.2000,1,1,1,1,1,1,1,4,1,1
SF,IF2103,2020-10-21 09:32:17.800,4670.8000,22696,0,160108440.000,0,-,-,-,-,4670.6000,4670.2000,4670.0000,4667.4000,4666.0000,4672.2000,4672.4000,4674.6000,4674.8000,4675.4000,1,1,1,1,2,1,1,1,4,1
SF,IF2103,2020-10-21 09:32:18.300,4670.8000,22696,0,160108440.000,0,-,-,-,-,4670.6000,4670.2000,4670.0000,4667.4000,4666.0000,4672.0000,4672.4000,4674.6000,4674.8000,4675.4000,1,1,1,1,2,1,1,1,4,1
SF,IF2103,2020-10-21 09:32:20.800,4672.0000,22695,-1,161510040.000,1,0,1,双平,S,4670.6000,4670.2000,4670.0000,4667.4000,4666.0000,4672.4000,4674.6000,4674.8000,4675.4000,4676.2000,1,1,1,1,2,1,1,4,1,1
SF,IF2103,2020-10-21 09:32:21.300,4672.4000,22694,-1,162911760.000,1,0,1,双平,S,4671.0000,4670.8000,4670.6000,4670.0000,4667.4000,4674.6000,4674.8000,4675.4000,4676.2000,4676.4000,2,2,1,1,1,1,4,1,1,6
SF,IF2103,2020-10-21 09:32:21.800,4672.4000,22694,0,162911760.000,0,-,-,-,-,4671.2000,4671.0000,4667.4000,4666.0000,4665.0000,4674.0000,4674.6000,4674.8000,4675.4000,4676.2000,2,1,1,2,5,1,1,4,1,1
SF,IF2103,2020-10-21 09:32:22.300,4672.4000,22694,0,162911760.000,0,-,-,-,-,4671.2000,4671.0000,4667.4000,4666.0000,4665.0000,4673.6000,4674.6000,4674.8000,4675.4000,4676.2000,2,1,1,2,5,1,1,4,1,1
SF,IF2103,2020-10-21 09:32:22.800,4672.4000,22694,0,162911760.000,0,-,-,-,-,4671.6000,4671.2000,4671.0000,4667.4000,4666.0000,4674.8000,4675.4000,4676.2000,4676.4000,4676.6000,2,2,1,1,2,1,1,1,1,2
SF,IF2103,2020-10-21 09:32:23.300,4672.4000,22694,0,162911760.000,0,-,-,-,-,4672.2000,4671.8000,4671.0000,4666.0000,4665.0000,4674.4000,4674.8000,4675.4000,4676.2000,4676.4000,1,2,1,2,5,1,1,1,1,1
SF,IF2103,2020-10-21 09:32:23.800,4672.4000,22694,0,162911760.000,0,-,-,-,-,4672.4000,4672.2000,4671.0000,4666.0000,4665.0000,4674.2000,4674.8000,4675.4000,4676.2000,4676.6000,1,2,1,2,5,1,1,1,1,2
SF,IF2103,2020-10-21 09:32:24.300,4672.4000,22694,0,162911760.000,0,-,-,-,-,4672.4000,4672.2000,4671.0000,4666.0000,4665.0000,4674.0000,4674.8000,4675.4000,4676.2000,4676.6000,1,2,1,2,5,3,1,1,1,2
SF,IF2103,2020-10-21 09:32:24.800,4672.4000,22694,0,162911760.000,0,-,-,-,-,4672.4000,4672.2000,4671.0000,4666.0000,4665.0000,4673.8000,4674.0000,4674.8000,4675.0000,4675.4000,2,1,1,2,5,1,2,1,1,1
SF,IF2103,2020-10-21 09:32:25.300,4672.4000,22694,0,162911760.000,0,-,-,-,-,4672.4000,4672.2000,4671.0000,4666.0000,4665.0000,4673.8000,4674.8000,4675.0000,4675.4000,4676.2000,1,1,1,2,5,1,1,1,1,1
SF,IF2103,2020-10-21 09:32:25.800,4672.4000,22693,-1,164313480.000,1,0,1,双平,S,4671.0000,4666.0000,4665.0000,4662.0000,4660.0000,4673.6000,4674.8000,4675.0000,4675.4000,4676.2000,1,2,5,1,5,3,1,1,1,1
SF,IF2103,2020-10-21 09:32:26.300,4673.4000,22692,-1,165715500.000,1,0,1,双平,S,4671.2000,4671.0000,4666.0000,4665.0000,4662.0000,4673.4000,4674.8000,4675.0000,4675.4000,4676.2000,2,2,2,5,1,1,1,1,1,1
SF,IF2103,2020-10-21 09:32:26.800,4673.4000,22692,0,165715500.000,0,-,-,-,-,4671.6000,4671.4000,4671.2000,4671.0000,4666.0000,4674.8000,4675.0000,4675.4000,4676.2000,4676.6000,2,1,2,1,2,1,1,1,1,2
SF,IF2103,2020-10-21 09:32:27.300,4673.4000,22692,0,165715500.000,0,-,-,-,-,4671.8000,4671.2000,4666.0000,4665.0000,4662.0000,4674.2000,4674.6000,4674.8000,4675.0000,4675.4000,3,1,2,5,1,1,1,1,1,1
SF,IF2103,2020-10-21 09:32:27.800,4673.4000,22692,0,165715500.000,0,-,-,-,-,4672.2000,4672.0000,4671.8000,4671.2000,4666.0000,4673.6000,4674.6000,4674.8000,4675.0000,4675.4000,2,1,2,1,2,1,1,1,1,1
SF,IF2103,2020-10-21 09:32:28.300,4673.4000,22692,0,165715500.000,0,-,-,-,-,4672.4000,4672.2000,4672.0000,4671.8000,4671.2000,4674.6000,4674.8000,4675.0000,4675.4000,4676.6000,1,2,1,2,1,1,1,1,1,2
SF,IF2103,2020-10-21 09:32:28.800,4673.4000,22692,0,165715500.000,0,-,-,-,-,4673.2000,4672.6000,4671.2000,4666.0000,4665.0000,4674.0000,4674.6000,4674.8000,4675.0000,4675.4000,1,1,1,2,5,1,2,1,1,1
SF,IF2103,2020-10-21 09:32:29.300,4673.4000,22692,0,165715500.000,0,-,-,-,-,4671.2000,4666.0000,4665.0000,4662.0000,4660.0000,4673.8000,4674.6000,4674.8000,4675.0000,4676.6000,1,2,5,1,5,1,2,1,1,2
SF,IF2103,2020-10-21 09:32:29.800,4673.4000,22692,0,165715500.000,0,-,-,-,-,4671.4000,4671.2000,4666.0000,4665.0000,4662.0000,4673.4000,4674.6000,4674.8000,4675.0000,4676.6000,1,2,2,5,1,1,2,1,1,2
SF,IF2103,2020-10-21 09:32:30.300,4673.4000,22692,0,165715500.000,0,-,-,-,-,4671.6000,4671.4000,4671.2000,4666.0000,4665.0000,4674.6000,4674.8000,4675.0000,4676.6000,4676.8000,5,2,1,2,5,2,1,1,2,1
SF,IF2103,2020-10-21 09:32:30.800,4673.4000,22692,0,165715500.000,0,-,-,-,-,4671.8000,4671.6000,4671.2000,4666.0000,4665.0000,4674.0000,4674.6000,4674.8000,4675.0000,4676.6000,1,3,1,2,5,1,2,1,1,2
SF,IF2103,2020-10-21 09:32:31.300,4673.4000,22692,0,165715500.000,0,-,-,-,-,4671.8000,4671.6000,4671.2000,4666.0000,4665.0000,4673.6000,4674.0000,4674.6000,4674.8000,4675.0000,1,3,1,2,5,1,1,2,1,1
SF,IF2103,2020-10-21 09:32:31.800,4673.4000,22692,0,165715500.000,0,-,-,-,-,4672.2000,4672.0000,4671.8000,4671.6000,4671.2000,4673.4000,4674.0000,4674.6000,4674.8000,4675.0000,1,1,1,2,1,1,1,2,1,1
SF,IF2103,2020-10-21 09:32:32.300,4673.4000,22692,0,165715500.000,0,-,-,-,-,4672.2000,4671.8000,4671.2000,4666.0000,4665.0000,4673.4000,4674.0000,4674.6000,4674.8000,4675.0000,1,1,1,2,5,1,1,2,1,1
SF,IF2103,2020-10-21 09:32:32.800,4673.4000,22692,0,165715500.000,0,-,-,-,-,4671.8000,4671.2000,4666.0000,4665.0000,4662.0000,4673.2000,4673.4000,4674.0000,4674.4000,4674.6000,2,1,2,5,1,2,1,1,1,2
SF,IF2103,2020-10-21 09:32:33.300,4673.4000,22692,0,165715500.000,0,-,-,-,-,4672.2000,4671.8000,4671.2000,4666.0000,4665.0000,4673.0000,4674.4000,4674.6000,4674.8000,4675.0000,1,1,1,2,5,1,1,1,1,1
SF,IF2103,2020-10-21 09:32:33.800,4673.4000,22692,0,165715500.000,0,-,-,-,-,4672.2000,4671.8000,4671.2000,4666.0000,4665.0000,4674.4000,4674.6000,4674.8000,4675.0000,4676.6000,1,1,1,2,5,1,1,1,1,2
SF,IF2103,2020-10-21 09:32:34.300,4673.4000,22692,0,165715500.000,0,-,-,-,-,4672.4000,4672.2000,4671.8000,4671.2000,4666.0000,4673.8000,4674.4000,4674.6000,4674.8000,4675.0000,1,1,1,1,2,2,2,1,1,1
SF,IF2103,2020-10-21 09:32:34.800,4673.4000,22692,0,165715500.000,0,-,-,-,-,4672.2000,4671.8000,4671.2000,4666.0000,4665.0000,4673.2000,4673.6000,4673.8000,4674.4000,4674.6000,1,1,1,2,5,1,1,1,2,1
SF,IF2103,2020-10-21 09:32:35.300,4673.4000,22691,-1,167117520.000,1,0,1,双平,S,4672.2000,4671.8000,4671.2000,4666.0000,4665.0000,4673.8000,4674.4000,4674.6000,4674.8000,4675.0000,1,1,1,2,5,1,2,1,1,1
SF,IF2103,2020-10-21 09:32:35.800,4673.4000,22691,0,167117520.000,0,-,-,-,-,4672.2000,4671.8000,4671.2000,4666.0000,4665.0000,4673.6000,4673.8000,4674.4000,4674.6000,4674.8000,1,1,1,2,5,1,1,2,1,1
SF,IF2103,2020-10-21 09:32:36.300,4673.4000,22691,0,167117520.000,0,-,-,-,-,4672.2000,4671.8000,4671.2000,4666.0000,4665.0000,4673.6000,4673.8000,4674.4000,4674.6000,4674.8000,1,1,1,2,5,1,1,2,1,1
SF,IF2103,2020-10-21 09:32:36.800,4673.4000,22691,0,167117520.000,0,-,-,-,-,4672.2000,4671.8000,4671.2000,4666.0000,4665.0000,4673.4000,4673.6000,4673.8000,4674.4000,4674.6000,1,1,1,2,5,1,1,1,2,1
SF,IF2103,2020-10-21 09:32:37.300,4672.2000,22690,-1,168519180.000,1,0,1,双平,S,4671.8000,4671.2000,4666.0000,4665.0000,4662.0000,4673.2000,4673.4000,4673.8000,4674.4000,4674.6000,1,1,2,5,1,1,1,1,1,1
SF,IF2103,2020-10-21 09:32:37.800,4672.2000,22690,0,168519180.000,0,-,-,-,-,4671.8000,4671.2000,4666.0000,4665.0000,4662.0000,4672.8000,4673.0000,4673.2000,4673.4000,4673.8000,1,1,2,5,1,1,2,3,1,1
SF,IF2103,2020-10-21 09:32:38.300,4671.8000,22690,0,169920720.000,1,0,1,多换,S,4666.0000,4665.0000,4662.0000,4660.0000,4657.2000,4672.8000,4673.0000,4673.2000,4673.4000,4673.8000,2,5,1,5,3,1,1,3,1,1
SF,IF2103,2020-10-21 09:32:38.800,4671.8000,22690,0,169920720.000,0,-,-,-,-,4669.0000,4668.8000,4668.6000,4668.4000,4668.2000,4672.4000,4672.6000,4673.0000,4673.2000,4673.4000,2,1,1,2,2,1,1,1,1,1
SF,IF2103,2020-10-21 09:32:39.300,4671.8000,22690,0,169920720.000,0,-,-,-,-,4669.2000,4669.0000,4668.8000,4668.6000,4668.4000,4673.0000,4673.2000,4673.4000,4673.8000,4674.4000,2,2,1,1,2,1,1,1,1,1
SF,IF2103,2020-10-21 09:32:39.800,4671.8000,22690,0,169920720.000,0,-,-,-,-,4669.6000,4669.2000,4669.0000,4668.8000,4668.6000,4673.2000,4673.8000,4674.4000,4674.8000,4675.0000,2,3,2,1,1,1,1,1,1,1
SF,IF2103,2020-10-21 09:32:40.300,4671.8000,22690,0,169920720.000,0,-,-,-,-,4670.6000,4670.4000,4669.8000,4669.6000,4669.2000,4673.8000,4674.4000,4674.8000,4675.0000,4676.6000,1,1,3,3,1,1,1,1,1,2
SF,IF2103,2020-10-21 09:32:40.800,4671.8000,22690,0,169920720.000,0,-,-,-,-,4671.0000,4670.8000,4670.6000,4670.4000,4669.8000,4674.4000,4674.8000,4675.0000,4676.6000,4676.8000,1,1,3,1,1,1,1,1,2,1
SF,IF2103,2020-10-21 09:32:41.300,4671.8000,22690,0,169920720.000,0,-,-,-,-,4671.2000,4671.0000,4670.6000,4670.4000,4669.8000,4674.4000,4674.8000,4675.0000,4676.6000,4676.8000,1,1,2,1,1,1,1,1,2,1
SF,IF2103,2020-10-21 09:32:41.800,4671.8000,22690,0,169920720.000,0,-,-,-,-,4671.8000,4671.6000,4671.2000,4670.6000,4669.8000,4674.4000,4674.8000,4675.0000,4676.6000,4676.8000,2,2,2,1,1,1,1,1,2,1
SF,IF2103,2020-10-21 09:32:42.300,4671.8000,22690,0,169920720.000,0,-,-,-,-,4672.0000,4670.6000,4669.8000,4669.6000,4669.0000,4674.4000,4674.8000,4675.0000,4676.6000,4676.8000,1,1,1,3,1,1,1,1,2,1
SF,IF2103,2020-10-21 09:32:42.800,4671.8000,22690,0,169920720.000,0,-,-,-,-,4672.4000,4672.0000,4670.6000,4669.8000,4669.6000,4674.2000,4674.4000,4674.8000,4675.0000,4676.6000,2,2,1,1,5,1,1,1,1,2
SF,IF2103,2020-10-21 09:32:43.300,4671.8000,22690,0,169920720.000,0,-,-,-,-,4672.6000,4672.0000,4670.6000,4669.8000,4669.6000,4674.2000,4674.4000,4674.8000,4675.0000,4676.6000,2,1,1,1,5,1,1,1,1,2
SF,IF2103,2020-10-21 09:32:43.800,4671.8000,22690,0,169920720.000,0,-,-,-,-,4672.6000,4672.0000,4670.6000,4669.8000,4669.6000,4674.2000,4674.4000,4674.8000,4675.0000,4676.6000,2,1,1,1,5,1,1,1,1,2
SF,IF2103,2020-10-21 09:32:44.300,4672.8000,22689,-1,172724820.000,2,0,2,多平,S,4672.6000,4672.0000,4670.6000,4669.8000,4669.6000,4674.4000,4674.8000,4675.0000,4676.6000,4676.8000,1,1,1,1,5,1,1,1,2,1
SF,IF2103,2020-10-21 09:32:44.800,4672.8000,22689,0,172724820.000,0,-,-,-,-,4672.8000,4672.0000,4670.6000,4669.8000,4669.6000,4674.4000,4674.8000,4675.0000,4676.6000,4676.8000,1,1,1,1,5,1,1,1,2,1
SF,IF2103,2020-10-21 09:32:45.300,4672.8000,22689,0,172724820.000,0,-,-,-,-,4673.0000,4672.0000,4670.6000,4669.8000,4669.6000,4674.4000,4674.8000,4675.0000,4676.6000,4676.8000,3,1,1,1,5,1,1,1,2,1
SF,IF2103,2020-10-21 09:32:45.800,4674.4000,22688,-1,174127140.000,1,0,1,双平,S,4673.4000,4673.2000,4673.0000,4672.0000,4670.6000,4674.8000,4675.0000,4676.6000,4676.8000,4679.8000,2,1,1,1,1,1,1,2,1,3
SF,IF2103,2020-10-21 09:32:46.300,4674.4000,22688,0,174127140.000,0,-,-,-,-,4673.6000,4673.4000,4673.2000,4672.0000,4670.6000,4675.0000,4676.8000,4679.8000,4680.0000,4682.8000,1,2,1,1,1,1,1,3,1,1
SF,IF2103,2020-10-21 09:32:46.800,4674.4000,22688,0,174127140.000,0,-,-,-,-,4673.2000,4672.0000,4670.6000,4669.8000,4669.6000,4675.0000,4676.8000,4679.8000,4680.0000,4682.8000,1,1,1,1,3,2,1,3,1,1
SF,IF2103,2020-10-21 09:32:47.300,4674.4000,22688,0,174127140.000,0,-,-,-,-,4672.0000,4670.6000,4669.8000,4669.6000,4669.0000,4674.8000,4675.0000,4676.8000,4679.8000,4680.0000,1,1,1,3,1,1,2,1,3,1
SF,IF2103,2020-10-21 09:32:47.800,4674.4000,22688,0,174127140.000,0,-,-,-,-,4672.0000,4670.6000,4669.8000,4669.6000,4669.0000,4674.6000,4674.8000,4675.0000,4676.8000,4679.8000,1,1,1,3,1,1,2,1,1,3
SF,IF2103,2020-10-21 09:32:48.300,4674.4000,22688,0,174127140.000,0,-,-,-,-,4672.0000,4669.8000,4669.6000,4669.0000,4666.4000,4674.4000,4674.6000,4674.8000,4675.0000,4676.8000,1,1,3,1,6,1,2,1,1,1
SF,IF2103,2020-10-21 09:32:48.800,4674.4000,22688,0,174127140.000,0,-,-,-,-,4672.0000,4669.8000,4669.6000,4669.0000,4666.4000,4674.4000,4674.6000,4674.8000,4675.0000,4676.8000,1,1,3,1,6,2,1,1,1,1
SF,IF2103,2020-10-21 09:32:49.300,4674.4000,22688,0,174127140.000,0,-,-,-,-,4672.0000,4669.8000,4669.6000,4669.0000,4666.4000,4674.4000,4674.6000,4674.8000,4675.0000,4676.8000,1,1,3,1,6,1,1,1,1,1
SF,IF2103,2020-10-21 09:32:49.800,4674.4000,22688,0,174127140.000,0,-,-,-,-,4672.0000,4669.8000,4669.6000,4669.0000,4666.4000,4674.4000,4674.6000,4674.8000,4675.0000,4676.8000,1,1,3,1,6,2,1,1,1,1
SF,IF2103,2020-10-21 09:32:50.300,4674.4000,22688,0,174127140.000,0,-,-,-,-,4672.0000,4671.0000,4669.8000,4669.6000,4669.0000,4674.4000,4674.6000,4674.8000,4675.0000,4676.8000,1,1,1,3,1,2,1,1,1,1
SF,IF2103,2020-10-21 09:32:50.800,4674.4000,22688,0,175529460.000,1,0,1,多换,S,4672.0000,4671.0000,4669.8000,4669.6000,4669.0000,4674.4000,4674.6000,4674.8000,4675.0000,4676.8000,1,1,1,3,1,1,1,1,1,1
SF,IF2103,2020-10-21 09:32:51.800,4674.4000,22688,0,175529460.000,0,-,-,-,-,4672.0000,4671.0000,4669.8000,4669.6000,4669.0000,4674.2000,4674.4000,4674.6000,4674.8000,4675.0000,1,1,1,2,1,2,1,1,1,1
SF,IF2103,2020-10-21 09:32:52.300,4674.4000,22688,0,175529460.000,0,-,-,-,-,4672.2000,4672.0000,4671.0000,4669.6000,4669.0000,4673.8000,4674.0000,4674.2000,4674.6000,4674.8000,1,1,1,2,1,1,1,1,1,1
SF,IF2103,2020-10-21 09:32:52.800,4674.4000,22688,0,175529460.000,0,-,-,-,-,4672.2000,4672.0000,4671.0000,4669.0000,4666.4000,4673.6000,4673.8000,4674.0000,4674.2000,4674.6000,1,1,1,1,6,1,2,1,1,1
SF,IF2103,2020-10-21 09:32:53.300,4674.4000,22688,0,175529460.000,0,-,-,-,-,4672.2000,4672.0000,4671.0000,4669.0000,4666.4000,4673.6000,4673.8000,4674.0000,4674.2000,4674.6000,1,1,1,1,6,2,1,2,1,1
SF,IF2103,2020-10-21 09:32:53.800,4674.4000,22688,0,175529460.000,0,-,-,-,-,4672.0000,4671.0000,4669.0000,4666.4000,4666.2000,4673.6000,4673.8000,4674.0000,4674.2000,4674.6000,1,1,1,6,3,2,1,2,1,1
SF,IF2103,2020-10-21 09:32:54.300,4674.4000,22688,0,175529460.000,0,-,-,-,-,4672.0000,4671.0000,4669.0000,4666.4000,4666.2000,4673.6000,4673.8000,4674.0000,4674.2000,4674.6000,1,1,1,6,3,2,1,1,1,1
SF,IF2103,2020-10-21 09:32:54.800,4674.4000,22688,0,175529460.000,0,-,-,-,-,4672.2000,4672.0000,4671.0000,4669.0000,4666.4000,4673.8000,4674.0000,4674.6000,4674.8000,4675.0000,1,1,1,1,6,1,1,1,1,1
SF,IF2103,2020-10-21 09:32:55.300,4674.4000,22688,0,175529460.000,0,-,-,-,-,4672.2000,4672.0000,4671.0000,4669.0000,4666.4000,4674.0000,4674.6000,4674.8000,4675.0000,4676.8000,3,1,1,1,6,1,1,1,1,1
SF,IF2103,2020-10-21 09:32:55.800,4674.4000,22688,0,175529460.000,0,-,-,-,-,4673.6000,4672.4000,4672.2000,4672.0000,4671.0000,4674.6000,4674.8000,4675.0000,4676.8000,4679.8000,1,1,3,1,1,1,1,1,1,3
SF,IF2103,2020-10-21 09:32:56.300,4674.4000,22688,0,175529460.000,0,-,-,-,-,4673.6000,4672.2000,4672.0000,4671.0000,4669.0000,4674.8000,4675.0000,4676.8000,4679.8000,4680.0000,1,1,1,1,1,1,1,1,3,1
SF,IF2103,2020-10-21 09:32:56.800,4674.4000,22688,0,175529460.000,0,-,-,-,-,4673.6000,4672.2000,4672.0000,4671.0000,4669.0000,4674.6000,4674.8000,4675.0000,4676.8000,4679.8000,1,1,1,1,1,1,1,1,1,3
SF,IF2103,2020-10-21 09:32:57.300,4674.4000,22688,0,175529460.000,0,-,-,-,-,4673.6000,4672.2000,4672.0000,4671.0000,4669.0000,4674.6000,4674.8000,4675.0000,4676.8000,4679.8000,1,1,1,1,1,2,1,1,1,3
SF,IF2103,2020-10-21 09:32:58.300,4673.6000,22688,0,176931540.000,1,0,1,多换,S,4672.2000,4672.0000,4671.0000,4669.0000,4666.4000,4674.4000,4674.6000,4674.8000,4675.0000,4676.8000,1,1,1,1,6,1,2,1,1,1
SF,IF2103,2020-10-21 09:32:58.800,4673.6000,22688,0,176931540.000,0,-,-,-,-,4672.4000,4671.0000,4669.0000,4666.4000,4666.2000,4674.2000,4674.4000,4674.6000,4674.8000,4675.0000,1,1,1,6,3,1,1,1,1,1
SF,IF2103,2020-10-21 09:32:59.300,4672.4000,22687,-1,178333260.000,1,0,1,双平,S,4671.0000,4669.0000,4666.4000,4666.2000,4666.0000,4673.2000,4673.6000,4673.8000,4674.0000,4674.2000,1,1,6,3,2,1,1,3,2,2
SF,IF2103,2020-10-21 09:32:59.800,4672.4000,22687,0,178333260.000,0,-,-,-,-,4671.0000,4669.0000,4666.4000,4666.2000,4666.0000,4672.8000,4673.0000,4673.2000,4673.6000,4673.8000,1,1,6,2,2,2,3,2,1,3
SF,IF2103,2020-10-21 09:33:00.300,4672.4000,22687,0,178333260.000,0,-,-,-,-,4671.0000,4666.4000,4666.2000,4666.0000,4665.0000,4672.6000,4672.8000,4673.0000,4673.2000,4673.6000,1,6,2,2,5,3,3,2,1,1
SF,IF2103,2020-10-21 09:33:00.800,4672.4000,22687,0,178333260.000,0,-,-,-,-,4671.2000,4671.0000,4666.4000,4666.2000,4666.0000,4672.4000,4672.8000,4673.0000,4673.2000,4673.6000,1,1,6,2,2,1,1,2,1,1
SF,IF2103,2020-10-21 09:33:01.300,4671.0000,22686,-1,181135920.000,2,0,2,多平,S,4666.4000,4666.2000,4666.0000,4665.0000,4662.0000,4672.4000,4672.8000,4673.0000,4673.2000,4673.6000,6,2,2,5,1,1,1,2,1,1
SF,IF2103,2020-10-21 09:33:01.800,4671.0000,22686,0,181135920.000,0,-,-,-,-,4668.4000,4668.2000,4668.0000,4667.8000,4667.6000,4672.2000,4672.4000,4672.8000,4673.0000,4673.2000,1,2,1,1,2,2,1,1,1,1
SF,IF2103,2020-10-21 09:33:02.300,4671.0000,22686,0,181135920.000,0,-,-,-,-,4668.6000,4668.0000,4667.8000,4667.6000,4667.4000,4672.0000,4672.2000,4672.8000,4673.0000,4673.2000,1,1,1,2,1,1,2,1,1,1
SF,IF2103,2020-10-21 09:33:02.800,4671.0000,22686,0,181135920.000,0,-,-,-,-,4668.6000,4668.0000,4667.8000,4667.6000,4667.4000,4671.8000,4672.0000,4672.2000,4672.8000,4673.0000,1,1,1,2,1,2,1,1,1,1
SF,IF2103,2020-10-21 09:33:03.300,4671.0000,22686,0,181135920.000,0,-,-,-,-,4667.8000,4667.6000,4667.2000,4667.0000,4666.6000,4671.4000,4671.6000,4671.8000,4672.2000,4672.8000,1,2,1,4,1,1,1,3,1,1
SF,IF2103,2020-10-21 09:33:03.800,4671.0000,22686,0,181135920.000,0,-,-,-,-,4668.0000,4667.8000,4667.0000,4666.6000,4666.4000,4671.2000,4671.4000,4671.8000,4672.2000,4672.8000,1,1,1,1,2,1,2,1,1,1
SF,IF2103,2020-10-21 09:33:04.300,4671.0000,22686,0,181135920.000,0,-,-,-,-,4668.0000,4667.8000,4666.6000,4666.4000,4666.2000,4671.0000,4671.2000,4671.4000,4671.8000,4672.2000,1,1,1,2,3,1,2,1,1,1
SF,IF2103,2020-10-21 09:33:04.800,4671.0000,22686,0,181135920.000,0,-,-,-,-,4668.0000,4667.8000,4666.6000,4666.4000,4666.2000,4670.8000,4671.0000,4671.4000,4671.8000,4672.2000,1,1,1,2,3,1,2,1,1,1
SF,IF2103,2020-10-21 09:33:05.300,4671.0000,22686,0,181135920.000,0,-,-,-,-,4667.8000,4666.6000,4666.4000,4666.2000,4666.0000,4670.6000,4670.8000,4671.4000,4671.8000,4672.2000,1,1,2,3,2,1,2,1,1,1
SF,IF2103,2020-10-21 09:33:05.800,4671.0000,22686,0,181135920.000,0,-,-,-,-,4668.0000,4667.8000,4666.6000,4666.4000,4666.2000,4670.4000,4670.6000,4671.4000,4671.8000,4672.2000,1,1,1,2,3,1,2,1,1,1
SF,IF2103,2020-10-21 09:33:06.300,4671.0000,22686,0,181135920.000,0,-,-,-,-,4668.4000,4667.8000,4666.6000,4666.4000,4666.2000,4670.2000,4670.4000,4671.4000,4671.8000,4672.2000,2,1,1,2,3,1,2,1,1,1
SF,IF2103,2020-10-21 09:33:06.800,4671.0000,22686,0,181135920.000,0,-,-,-,-,4668.6000,4668.4000,4667.8000,4666.6000,4666.4000,4670.2000,4670.4000,4671.4000,4671.8000,4672.2000,1,2,1,1,2,2,1,1,1,1
SF,IF2103,2020-10-21 09:33:07.300,4671.0000,22686,0,181135920.000,0,-,-,-,-,4667.8000,4666.6000,4666.4000,4666.2000,4666.0000,4670.2000,4670.4000,4671.4000,4671.8000,4672.2000,1,1,2,3,2,2,1,1,1,1
SF,IF2103,2020-10-21 09:33:07.800,4671.0000,22686,0,181135920.000,0,-,-,-,-,4668.2000,4668.0000,4667.8000,4666.6000,4666.4000,4670.2000,4671.4000,4671.8000,4672.2000,4672.8000,2,2,1,1,2,1,1,1,1,1
SF,IF2103,2020-10-21 09:33:08.300,4671.0000,22686,0,181135920.000,0,-,-,-,-,4668.4000,4668.0000,4667.8000,4666.6000,4666.4000,4671.8000,4672.2000,4672.8000,4676.8000,4679.8000,5,1,1,1,2,1,1,1,1,3
SF,IF2103,2020-10-21 09:33:08.800,4671.0000,22686,0,181135920.000,0,-,-,-,-,4668.4000,4668.0000,4667.8000,4666.6000,4666.4000,4671.6000,4672.2000,4672.8000,4676.8000,4679.8000,5,1,1,1,2,2,1,1,1,3
SF,IF2103,2020-10-21 09:33:09.300,4671.0000,22686,0,181135920.000,0,-,-,-,-,4668.4000,4668.0000,4667.8000,4666.6000,4666.4000,4671.4000,4671.6000,4672.2000,4672.8000,4676.8000,2,1,1,1,2,1,2,1,1,1
SF,IF2103,2020-10-21 09:33:09.800,4671.0000,22686,0,181135920.000,0,-,-,-,-,4668.4000,4668.0000,4667.8000,4666.6000,4666.4000,4671.2000,4671.6000,4672.2000,4672.8000,4676.8000,2,1,1,1,2,1,1,1,1,1
SF,IF2103,2020-10-21 09:33:10.300,4671.0000,22686,0,181135920.000,0,-,-,-,-,4668.4000,4668.0000,4667.8000,4666.6000,4666.4000,4671.2000,4671.6000,4672.2000,4672.8000,4676.8000,2,1,1,1,2,1,1,1,1,1
SF,IF2103,2020-10-21 09:33:10.800,4671.0000,22686,0,181135920.000,0,-,-,-,-,4668.4000,4668.0000,4667.8000,4666.6000,4666.4000,4671.2000,4671.6000,4672.2000,4672.8000,4676.8000,3,1,1,1,2,1,1,1,1,1
SF,IF2103,2020-10-21 09:33:11.300,4671.2000,22685,-1,182537280.000,1,0,1,双平,S,4668.4000,4668.0000,4667.8000,4666.6000,4666.4000,4671.6000,4672.8000,4676.8000,4679.8000,4680.0000,3,1,1,1,2,1,1,1,3,1
SF,IF2103,2020-10-21 09:33:11.800,4671.2000,22685,0,182537280.000,0,-,-,-,-,4668.4000,4668.0000,4667.8000,4666.6000,4666.4000,4671.4000,4672.8000,4676.8000,4679.8000,4680.0000,3,1,1,1,2,1,1,1,3,1
SF,IF2103,2020-10-21 09:33:12.300,4671.2000,22685,0,182537280.000,0,-,-,-,-,4669.0000,4668.8000,4668.6000,4668.4000,4668.0000,4672.8000,4676.8000,4679.8000,4680.0000,4682.8000,3,1,2,3,1,1,1,3,1,1
SF,IF2103,2020-10-21 09:33:12.800,4671.2000,22685,0,182537280.000,0,-,-,-,-,4669.2000,4669.0000,4668.8000,4668.6000,4668.4000,4676.8000,4679.8000,4680.0000,4682.8000,4683.0000,2,3,1,2,1,1,3,1,1,1
SF,IF2103,2020-10-21 09:33:13.300,4669.4000,22686,1,185339040.000,2,1,1,空开,S,4669.2000,4669.0000,4668.8000,4668.6000,4668.4000,4673.2000,4673.6000,4674.6000,4674.8000,4675.0000,3,3,1,2,1,1,1,2,3,4
SF,IF2103,2020-10-21 09:33:13.800,4669.4000,22686,0,185339040.000,0,-,-,-,-,4669.6000,4669.2000,4669.0000,4668.8000,4668.6000,4673.0000,4673.6000,4674.6000,4674.8000,4675.0000,2,3,3,1,2,3,1,2,3,4
SF,IF2103,2020-10-21 09:33:14.300,4669.4000,22686,0,185339040.000,0,-,-,-,-,4669.8000,4669.0000,4668.8000,4668.4000,4668.0000,4672.8000,4673.0000,4673.6000,4674.6000,4674.8000,2,3,1,1,1,2,2,1,2,3
SF,IF2103,2020-10-21 09:33:14.800,4669.4000,22686,0,185339040.000,0,-,-,-,-,4669.8000,4669.0000,4668.8000,4668.4000,4668.0000,4672.6000,4673.0000,4673.6000,4674.6000,4674.8000,2,3,1,1,1,4,1,1,2,3
SF,IF2103,2020-10-21 09:33:15.300,4669.4000,22686,0,185339040.000,0,-,-,-,-,4669.8000,4669.0000,4668.8000,4668.4000,4668.0000,4672.4000,4672.6000,4673.0000,4673.6000,4674.6000,2,3,1,1,1,1,2,1,1,2
SF,IF2103,2020-10-21 09:33:15.800,4672.2000,22686,0,186740700.000,1,0,1,多换,S,4669.8000,4669.0000,4668.8000,4668.4000,4668.0000,4672.2000,4672.4000,4672.6000,4673.0000,4673.6000,2,3,1,1,1,1,2,1,1,1
SF,IF2103,2020-10-21 09:33:16.300,4672.2000,22686,0,186740700.000,0,-,-,-,-,4669.8000,4669.0000,4668.4000,4668.0000,4667.8000,4672.0000,4672.2000,4672.4000,4672.6000,4673.6000,2,1,1,1,1,2,2,1,1,1
SF,IF2103,2020-10-21 09:33:16.800,4672.2000,22686,0,186740700.000,0,-,-,-,-,4669.8000,4669.0000,4668.4000,4668.0000,4667.8000,4672.0000,4672.2000,4672.4000,4672.6000,4673.6000,2,1,1,1,1,2,1,1,1,1
SF,IF2103,2020-10-21 09:33:17.300,4672.2000,22686,0,186740700.000,0,-,-,-,-,4670.2000,4669.8000,4669.0000,4668.4000,4668.0000,4671.8000,4672.0000,4672.2000,4672.4000,4672.6000,1,1,1,1,1,2,2,1,1,1
SF,IF2103,2020-10-21 09:33:17.800,4672.2000,22686,0,186740700.000,0,-,-,-,-,4670.4000,4669.0000,4668.4000,4668.0000,4667.8000,4671.8000,4672.0000,4672.2000,4672.4000,4672.6000,3,1,1,1,1,2,1,1,1,1
SF,IF2103,2020-10-21 09:33:18.300,4672.2000,22686,0,186740700.000,0,-,-,-,-,4670.4000,4668.4000,4668.0000,4667.8000,4666.2000,4671.8000,4672.0000,4672.2000,4672.4000,4672.6000,1,1,1,1,2,1,1,1,1,1
SF,IF2103,2020-10-21 09:33:18.800,4670.4000,22685,-1,188141820.000,1,0,1,双平,S,4668.0000,4667.8000,4666.2000,4666.0000,4665.0000,4671.6000,4671.8000,4672.2000,4672.4000,4672.6000,1,1,2,2,5,1,1,1,1,1
SF,IF2103,2020-10-21 09:33:19.300,4670.4000,22685,0,188141820.000,0,-,-,-,-,4668.2000,4668.0000,4667.8000,4666.2000,4666.0000,4671.4000,4671.6000,4672.2000,4673.6000,4674.8000,1,1,1,2,2,3,3,1,1,2
SF,IF2103,2020-10-21 09:33:19.800,4670.4000,22685,0,188141820.000,0,-,-,-,-,4668.2000,4668.0000,4667.8000,4666.2000,4666.0000,4671.2000,4671.4000,4671.6000,4672.2000,4673.6000,1,1,1,2,2,3,3,1,1,1
SF,IF2103,2020-10-21 09:33:20.300,4670.4000,22685,0,188141820.000,0,-,-,-,-,4668.2000,4668.0000,4667.8000,4666.2000,4666.0000,4671.0000,4671.2000,4671.4000,4671.6000,4672.2000,1,1,1,2,2,2,2,2,1,1
SF,IF2103,2020-10-21 09:33:20.800,4670.4000,22685,0,188141820.000,0,-,-,-,-,4668.2000,4668.0000,4667.8000,4666.2000,4666.0000,4670.8000,4671.0000,4671.2000,4671.6000,4672.2000,1,1,1,2,2,3,2,1,1,1
SF,IF2103,2020-10-21 09:33:21.300,4670.4000,22685,0,188141820.000,0,-,-,-,-,4668.2000,4668.0000,4667.8000,4666.2000,4666.0000,4670.6000,4670.8000,4671.2000,4671.6000,4672.2000,1,1,1,2,2,2,3,1,1,1
SF,IF2103,2020-10-21 09:33:21.800,4670.4000,22685,0,188141820.000,0,-,-,-,-,4668.2000,4668.0000,4667.8000,4666.2000,4666.0000,4670.4000,4670.6000,4670.8000,4671.2000,4671.6000,1,1,1,2,2,1,1,2,1,1
SF,IF2103,2020-10-21 09:33:22.300,4670.4000,22685,0,188141820.000,0,-,-,-,-,4668.2000,4668.0000,4667.8000,4666.2000,4666.0000,4670.2000,4670.4000,4670.8000,4671.2000,4671.6000,1,1,1,2,2,1,2,2,1,1
SF,IF2103,2020-10-21 09:33:22.800,4670.4000,22685,0,188141820.000,0,-,-,-,-,4668.6000,4668.4000,4668.2000,4668.0000,4667.8000,4670.0000,4670.2000,4670.8000,4671.2000,4671.6000,1,2,1,1,1,1,2,2,1,1
SF,IF2103,2020-10-21 09:33:23.300,4670.4000,22685,0,188141820.000,0,-,-,-,-,4669.0000,4668.8000,4668.0000,4667.8000,4666.2000,4670.2000,4671.2000,4671.6000,4672.2000,4675.0000,2,2,1,1,2,2,1,1,1,2
SF,IF2103,2020-10-21 09:33:23.800,4670.2000,22683,-2,190943940.000,2,0,2,双平,S,4668.8000,4668.0000,4667.8000,4666.2000,4666.0000,4671.2000,4671.6000,4672.2000,4675.0000,4676.2000,1,1,1,2,2,1,1,1,2,1
SF,IF2103,2020-10-21 09:33:24.300,4670.2000,22683,0,190943940.000,0,-,-,-,-,4669.0000,4668.8000,4668.0000,4667.8000,4666.2000,4671.0000,4671.2000,4672.2000,4675.0000,4676.2000,1,1,1,1,2,1,2,1,2,1
SF,IF2103,2020-10-21 09:33:24.800,4670.2000,22683,0,190943940.000,0,-,-,-,-,4669.2000,4669.0000,4668.2000,4668.0000,4667.8000,4671.0000,4671.2000,4672.2000,4675.0000,4676.2000,1,1,1,1,1,2,1,1,2,1
SF,IF2103,2020-10-21 09:33:25.300,4670.2000,22683,0,190943940.000,0,-,-,-,-,4669.6000,4669.2000,4669.0000,4668.2000,4668.0000,4671.0000,4671.2000,4672.2000,4675.0000,4676.2000,1,1,1,1,1,1,1,1,2,1
SF,IF2103,2020-10-21 09:33:25.800,4670.2000,22683,0,190943940.000,0,-,-,-,-,4669.8000,4669.6000,4669.0000,4668.2000,4668.0000,4671.2000,4672.2000,4675.0000,4676.2000,4676.4000,1,1,1,1,1,1,1,2,1,7
SF,IF2103,2020-10-21 09:33:26.300,4670.2000,22683,0,190943940.000,0,-,-,-,-,4669.8000,4669.6000,4669.0000,4668.2000,4668.0000,4672.2000,4675.0000,4676.2000,4676.4000,4676.6000,2,1,1,1,1,1,2,1,7,2
SF,IF2103,2020-10-21 09:33:26.800,4670.2000,22683,0,190943940.000,0,-,-,-,-,4670.2000,4670.0000,4669.8000,4668.2000,4668.0000,4672.0000,4675.0000,4676.2000,4676.4000,4676.6000,2,1,2,1,1,1,2,1,7,2
SF,IF2103,2020-10-21 09:33:27.300,4670.2000,22683,0,190943940.000,0,-,-,-,-,4670.4000,4670.2000,4670.0000,4668.2000,4668.0000,4672.0000,4675.0000,4676.2000,4676.4000,4676.6000,2,2,1,1,1,1,2,1,7,2
SF,IF2103,2020-10-21 09:33:27.800,4672.0000,22682,-1,192345540.000,1,0,1,双平,S,4670.6000,4670.4000,4670.0000,4668.2000,4668.0000,4675.0000,4676.2000,4676.4000,4676.6000,4676.8000,2,2,1,1,1,2,1,7,2,1
SF,IF2103,2020-10-21 09:33:28.300,4672.0000,22682,0,192345540.000,0,-,-,-,-,4670.8000,4668.2000,4668.0000,4667.8000,4666.2000,4673.2000,4673.6000,4674.2000,4674.4000,4674.6000,3,1,1,1,2,1,1,1,2,5
SF,IF2103,2020-10-21 09:33:28.800,4672.0000,22682,0,192345540.000,0,-,-,-,-,4671.2000,4671.0000,4670.8000,4668.2000,4668.0000,4674.2000,4674.4000,4674.6000,4674.8000,4675.0000,2,1,2,1,1,1,2,3,3,3
SF,IF2103,2020-10-21 09:33:29.300,4672.0000,22682,0,192345540.000,0,-,-,-,-,4671.4000,4670.0000,4668.2000,4668.0000,4667.8000,4674.0000,4674.2000,4674.6000,4674.8000,4675.0000,3,5,1,1,1,2,1,1,3,2
SF,IF2103,2020-10-21 09:33:29.800,4672.0000,22682,0,192345540.000,0,-,-,-,-,4671.6000,4671.4000,4670.0000,4668.2000,4668.0000,4673.8000,4674.2000,4674.6000,4674.8000,4675.0000,1,2,5,1,1,3,1,1,3,2
SF,IF2103,2020-10-21 09:33:30.300,4672.0000,22682,0,192345540.000,0,-,-,-,-,4672.0000,4671.8000,4671.6000,4670.0000,4668.2000,4673.8000,4674.2000,4674.6000,4674.8000,4675.0000,1,2,1,5,1,3,1,1,3,2
SF,IF2103,2020-10-21 09:33:30.800,4672.0000,22682,0,192345540.000,0,-,-,-,-,4672.2000,4672.0000,4671.8000,4670.0000,4668.2000,4673.6000,4673.8000,4674.2000,4674.6000,4674.8000,1,1,1,6,1,2,2,1,1,3
SF,IF2103,2020-10-21 09:33:31.300,4672.0000,22682,0,192345540.000,0,-,-,-,-,4672.2000,4672.0000,4671.8000,4670.0000,4668.2000,4673.6000,4674.2000,4674.6000,4674.8000,4675.0000,1,1,1,6,1,1,1,1,3,2
SF,IF2103,2020-10-21 09:33:31.800,4672.0000,22682,0,192345540.000,0,-,-,-,-,4672.6000,4672.4000,4672.2000,4671.8000,4670.0000,4674.2000,4675.0000,4676.8000,4679.8000,4680.0000,2,1,2,1,6,1,2,1,3,1
SF,IF2103,2020-10-21 09:33:32.300,4672.0000,22682,0,192345540.000,0,-,-,-,-,4672.8000,4672.4000,4671.8000,4670.0000,4668.2000,4675.0000,4676.8000,4679.8000,4680.0000,4682.8000,4,1,1,6,1,1,1,3,1,1
SF,IF2103,2020-10-21 09:33:32.800,4672.0000,22682,0,192345540.000,0,-,-,-,-,4673.0000,4672.8000,4672.4000,4670.0000,4668.2000,4674.8000,4675.0000,4676.8000,4679.8000,4680.0000,2,3,1,6,1,1,1,1,3,1
SF,IF2103,2020-10-21 09:33:33.300,4672.0000,22682,0,192345540.000,0,-,-,-,-,4673.2000,4673.0000,4672.4000,4670.0000,4668.2000,4673.6000,4674.6000,4674.8000,4675.0000,4676.8000,1,1,1,6,1,1,5,4,1,1
SF,IF2103,2020-10-21 09:33:33.800,4673.2000,22681,-1,193747500.000,1,0,1,双平,S,4672.4000,4670.0000,4668.2000,4668.0000,4666.2000,4674.6000,4675.0000,4676.8000,4679.8000,4680.0000,1,6,1,1,2,1,1,1,3,1
SF,IF2103,2020-10-21 09:33:34.300,4673.2000,22681,0,193747500.000,0,-,-,-,-,4672.8000,4672.6000,4672.4000,4670.0000,4668.2000,4675.0000,4676.8000,4679.8000,4680.0000,4682.8000,1,2,2,6,1,1,1,3,1,1
SF,IF2103,2020-10-21 09:33:34.800,4673.2000,22681,0,193747500.000,0,-,-,-,-,4673.0000,4672.8000,4672.4000,4670.0000,4668.2000,4675.0000,4676.8000,4679.8000,4680.0000,4682.8000,2,1,1,6,1,1,1,3,1,1
SF,IF2103,2020-10-21 09:33:35.300,4673.2000,22681,0,193747500.000,0,-,-,-,-,4673.2000,4673.0000,4672.4000,4670.0000,4668.2000,4674.8000,4675.0000,4676.8000,4679.8000,4680.0000,1,2,1,6,1,3,1,1,3,1
SF,IF2103,2020-10-21 09:33:35.800,4673.2000,22681,0,193747500.000,0,-,-,-,-,4673.4000,4673.2000,4673.0000,4672.4000,4670.0000,4674.8000,4675.0000,4676.8000,4679.8000,4680.0000,1,1,1,1,6,2,1,1,3,1
SF,IF2103,2020-10-21 09:33:36.300,4673.2000,22681,0,193747500.000,0,-,-,-,-,4673.4000,4673.2000,4673.0000,4672.4000,4670.0000,4675.0000,4676.8000,4679.8000,4680.0000,4682.8000,1,1,1,1,6,1,1,3,1,1
SF,IF2103,2020-10-21 09:33:36.800,4673.2000,22681,0,193747500.000,0,-,-,-,-,4673.4000,4673.2000,4673.0000,4672.4000,4670.0000,4674.8000,4675.0000,4676.8000,4679.8000,4680.0000,1,1,1,1,6,1,1,1,3,1
SF,IF2103,2020-10-21 09:33:37.300,4673.2000,22681,0,193747500.000,0,-,-,-,-,4673.8000,4673.4000,4673.2000,4673.0000,4672.4000,4675.0000,4676.8000,4679.8000,4680.0000,4682.8000,1,1,1,1,1,1,1,3,1,1
SF,IF2103,2020-10-21 09:33:37.800,4673.2000,22681,0,193747500.000,0,-,-,-,-,4673.4000,4673.0000,4672.4000,4670.0000,4668.2000,4675.0000,4676.8000,4679.8000,4680.0000,4682.8000,1,1,1,6,1,1,1,3,1,1
SF,IF2103,2020-10-21 09:33:38.300,4673.2000,22681,0,193747500.000,0,-,-,-,-,4673.4000,4673.0000,4672.4000,4670.0000,4668.2000,4675.0000,4676.8000,4679.8000,4680.0000,4682.8000,1,1,1,6,1,2,1,3,1,1
SF,IF2103,2020-10-21 09:33:38.800,4673.2000,22681,0,193747500.000,0,-,-,-,-,4673.4000,4673.0000,4672.4000,4670.0000,4668.2000,4674.8000,4675.0000,4676.8000,4679.8000,4680.0000,1,1,1,6,1,1,2,1,3,1
SF,IF2103,2020-10-21 09:33:40.300,4673.2000,22681,0,193747500.000,0,-,-,-,-,4673.4000,4673.0000,4672.4000,4670.0000,4668.2000,4674.8000,4675.0000,4676.8000,4679.8000,4680.0000,1,1,1,6,1,1,1,1,3,1
SF,IF2103,2020-10-21 09:33:40.800,4673.2000,22681,0,193747500.000,0,-,-,-,-,4673.0000,4672.4000,4670.0000,4668.2000,4668.0000,4674.8000,4675.0000,4676.8000,4679.8000,4680.0000,1,1,6,1,1,1,1,1,3,1
SF,IF2103,2020-10-21 09:33:41.300,4673.2000,22681,0,193747500.000,0,-,-,-,-,4673.0000,4672.4000,4670.0000,4668.2000,4668.0000,4674.4000,4674.6000,4674.8000,4675.0000,4676.8000,1,1,6,1,1,1,4,4,1,1
SF,IF2103,2020-10-21 09:33:41.800,4673.0000,22680,-1,195149400.000,1,0,1,双平,S,4672.4000,4670.0000,4668.2000,4668.0000,4666.2000,4674.2000,4674.4000,4674.6000,4674.8000,4675.0000,1,6,1,1,2,1,1,1,1,1
SF,IF2103,2020-10-21 09:33:42.300,4673.0000,22680,0,195149400.000,0,-,-,-,-,4672.4000,4670.0000,4668.2000,4668.0000,4666.2000,4674.2000,4674.4000,4674.6000,4675.0000,4676.8000,1,6,1,1,2,2,1,1,1,1
SF,IF2103,2020-10-21 09:33:42.800,4672.4000,22679,-1,196551120.000,1,0,1,双平,S,4670.0000,4668.2000,4668.0000,4666.2000,4666.0000,4674.0000,4674.2000,4674.4000,4674.6000,4675.0000,6,1,1,2,2,3,2,1,1,1
SF,IF2103,2020-10-21 09:33:43.300,4672.4000,22679,0,196551120.000,0,-,-,-,-,4670.2000,4670.0000,4668.2000,4668.0000,4666.2000,4673.6000,4673.8000,4674.6000,4675.0000,4676.8000,1,6,1,1,2,2,3,1,1,1
SF,IF2103,2020-10-21 09:33:43.800,4672.4000,22679,0,196551120.000,0,-,-,-,-,4670.2000,4670.0000,4668.2000,4668.0000,4666.2000,4673.4000,4673.6000,4673.8000,4674.6000,4675.0000,1,6,1,1,2,5,1,1,1,1
SF,IF2103,2020-10-21 09:33:44.300,4673.2000,22679,0,197953080.000,1,0,1,多换,S,4670.2000,4670.0000,4668.2000,4668.0000,4666.2000,4673.4000,4673.6000,4673.8000,4674.6000,4675.0000,1,6,1,1,2,4,1,1,1,1
SF,IF2103,2020-10-21 09:33:44.800,4673.2000,22679,0,197953080.000,0,-,-,-,-,4670.2000,4670.0000,4668.2000,4668.0000,4666.2000,4673.2000,4673.4000,4673.6000,4673.8000,4674.6000,1,6,1,1,2,1,4,1,1,1
SF,IF2103,2020-10-21 09:33:45.300,4673.2000,22679,0,197953080.000,0,-,-,-,-,4670.2000,4670.0000,4668.2000,4668.0000,4666.2000,4672.8000,4673.0000,4673.6000,4673.8000,4674.6000,2,6,1,1,2,1,2,1,1,1
SF,IF2103,2020-10-21 09:33:45.800,4673.2000,22679,0,197953080.000,0,-,-,-,-,4670.4000,4670.2000,4670.0000,4668.2000,4668.0000,4672.8000,4673.6000,4673.8000,4674.6000,4675.0000,1,1,6,1,1,1,1,1,1,1
SF,IF2103,2020-10-21 09:33:46.300,4673.2000,22679,0,197953080.000,0,-,-,-,-,4670.8000,4670.6000,4670.4000,4670.0000,4668.2000,4673.6000,4673.8000,4674.6000,4675.0000,4676.8000,2,3,6,6,1,1,1,1,1,1
SF,IF2103,2020-10-21 09:33:46.800,4673.2000,22679,0,197953080.000,0,-,-,-,-,4671.0000,4670.6000,4670.4000,4670.0000,4668.2000,4673.8000,4674.6000,4675.0000,4676.8000,4679.8000,3,2,4,6,1,1,1,1,1,3
SF,IF2103,2020-10-21 09:33:47.300,4673.2000,22679,0,197953080.000,0,-,-,-,-,4671.2000,4671.0000,4670.6000,4670.4000,4670.0000,4673.6000,4674.6000,4675.0000,4676.8000,4679.8000,1,2,2,4,6,1,1,1,1,3
SF,IF2103,2020-10-21 09:33:47.800,4673.2000,22679,0,197953080.000,0,-,-,-,-,4671.6000,4671.4000,4671.2000,4670.6000,4670.4000,4674.6000,4675.0000,4676.8000,4679.8000,4680.0000,2,2,1,2,4,1,1,1,3,1
SF,IF2103,2020-10-21 09:33:48.300,4673.2000,22679,0,197953080.000,0,-,-,-,-,4672.0000,4671.8000,4671.6000,4670.6000,4670.4000,4674.6000,4674.8000,4675.0000,4676.8000,4679.8000,5,2,2,2,4,1,1,1,1,3
SF,IF2103,2020-10-21 09:33:48.800,4673.2000,22679,0,197953080.000,0,-,-,-,-,4672.2000,4672.0000,4671.6000,4670.6000,4670.4000,4674.0000,4674.6000,4674.8000,4675.0000,4676.8000,2,5,2,2,4,1,1,1,1,1
SF,IF2103,2020-10-21 09:33:49.300,4673.2000,22679,0,197953080.000,0,-,-,-,-,4672.4000,4672.2000,4672.0000,4670.6000,4670.4000,4673.8000,4674.0000,4674.6000,4674.8000,4675.0000,2,2,5,2,4,1,1,1,1,1
SF,IF2103,2020-10-21 09:33:49.800,4673.2000,22679,0,197953080.000,0,-,-,-,-,4672.6000,4672.4000,4672.2000,4672.0000,4670.6000,4674.0000,4674.6000,4674.8000,4675.0000,4676.8000,1,2,1,5,2,1,1,1,1,1
SF,IF2103,2020-10-21 09:33:50.300,4673.2000,22679,0,197953080.000,0,-,-,-,-,4673.0000,4672.6000,4672.2000,4672.0000,4670.6000,4674.6000,4674.8000,4675.0000,4676.8000,4679.8000,1,2,1,5,2,1,1,1,1,3
SF,IF2103,2020-10-21 09:33:50.800,4673.2000,22679,0,197953080.000,0,-,-,-,-,4673.2000,4673.0000,4672.2000,4672.0000,4670.6000,4675.0000,4676.8000,4679.8000,4680.0000,4682.8000,3,1,1,5,2,1,1,3,1,1
SF,IF2103,2020-10-21 09:33:51.300,4674.8000,22678,-1,199355520.000,1,0,1,双平,S,4673.4000,4673.2000,4672.2000,4672.0000,4670.6000,4675.0000,4676.8000,4679.8000,4680.0000,4682.8000,1,1,1,5,2,1,1,3,1,1
SF,IF2103,2020-10-21 09:33:51.800,4674.8000,22678,0,199355520.000,0,-,-,-,-,4673.6000,4673.4000,4672.2000,4672.0000,4670.6000,4675.0000,4676.8000,4679.8000,4680.0000,4682.8000,1,1,1,5,2,1,1,3,1,1
SF,IF2103,2020-10-21 09:33:52.300,4674.8000,22678,0,199355520.000,0,-,-,-,-,4673.6000,4672.2000,4672.0000,4670.6000,4670.4000,4674.8000,4675.0000,4676.8000,4679.8000,4680.0000,2,1,5,2,2,2,1,1,3,1
SF,IF2103,2020-10-21 09:33:52.800,4674.8000,22678,0,199355520.000,0,-,-,-,-,4673.6000,4672.2000,4672.0000,4670.6000,4670.4000,4674.8000,4675.0000,4676.8000,4679.8000,4680.0000,2,1,5,2,2,1,1,1,3,1
SF,IF2103,2020-10-21 09:33:53.800,4674.8000,22678,0,199355520.000,0,-,-,-,-,4673.6000,4672.2000,4672.0000,4670.6000,4670.4000,4674.4000,4675.0000,4676.8000,4679.8000,4680.0000,2,1,5,2,2,1,1,1,3,1
SF,IF2103,2020-10-21 09:33:55.300,4674.8000,22678,0,199355520.000,0,-,-,-,-,4673.6000,4672.2000,4672.0000,4670.6000,4670.4000,4674.4000,4675.0000,4676.8000,4679.8000,4680.0000,2,1,5,2,2,1,1,1,3,1
SF,IF2103,2020-10-21 09:33:55.800,4674.4000,22677,-1,200757840.000,1,0,1,双平,S,4673.6000,4672.2000,4672.0000,4670.6000,4670.4000,4675.0000,4676.8000,4679.8000,4680.0000,4682.8000,2,1,5,2,2,1,1,3,1,1
SF,IF2103,2020-10-21 09:33:56.300,4674.4000,22677,0,200757840.000,0,-,-,-,-,4673.6000,4672.2000,4672.0000,4670.6000,4670.4000,4674.8000,4675.0000,4676.8000,4679.8000,4680.0000,2,1,5,2,2,1,1,1,3,1
SF,IF2103,2020-10-21 09:33:56.800,4674.4000,22677,0,200757840.000,0,-,-,-,-,4673.6000,4672.2000,4672.0000,4670.6000,4670.4000,4674.6000,4674.8000,4675.0000,4676.8000,4679.8000,1,1,5,2,2,2,1,1,1,3
SF,IF2103,2020-10-21 09:33:57.300,4673.6000,22676,-1,202159920.000,1,0,1,双平,S,4672.2000,4672.0000,4670.6000,4670.4000,4670.0000,4674.4000,4674.6000,4675.0000,4676.8000,4679.8000,1,5,2,2,6,2,2,1,1,3
SF,IF2103,2020-10-21 09:33:57.800,4673.6000,22676,0,202159920.000,0,-,-,-,-,4672.4000,4672.0000,4670.6000,4670.4000,4670.0000,4674.2000,4674.4000,4674.6000,4675.0000,4676.8000,1,5,2,2,6,1,2,2,1,1
SF,IF2103,2020-10-21 09:33:58.300,4673.6000,22676,0,202159920.000,0,-,-,-,-,4672.0000,4670.6000,4670.0000,4669.2000,4668.2000,4674.0000,4674.2000,4674.4000,4674.6000,4675.0000,5,1,6,1,1,2,3,2,1,1
SF,IF2103,2020-10-21 09:33:58.800,4672.0000,22676,0,204963120.000,2,1,1,多换,S,4672.0000,4670.0000,4669.2000,4668.2000,4668.0000,4673.8000,4674.0000,4674.2000,4674.4000,4674.6000,3,6,1,1,1,5,2,1,2,1
SF,IF2103,2020-10-21 09:33:59.300,4672.0000,22676,0,206364720.000,1,0,1,多换,S,4672.0000,4670.0000,4669.2000,4668.2000,4668.0000,4673.0000,4673.6000,4673.8000,4674.4000,4674.6000,2,6,1,1,1,1,3,4,2,1
SF,IF2103,2020-10-21 09:33:59.800,4672.0000,22676,0,207766320.000,1,0,1,多换,S,4672.0000,4670.0000,4669.2000,4668.2000,4668.0000,4673.6000,4673.8000,4674.4000,4674.6000,4675.0000,1,6,1,1,1,5,2,2,1,1
SF,IF2103,2020-10-21 09:34:00.300,4672.0000,22676,0,207766320.000,0,-,-,-,-,4672.0000,4670.0000,4669.2000,4668.2000,4668.0000,4672.8000,4673.6000,4673.8000,4674.4000,4674.6000,1,6,1,1,1,1,3,2,2,1
SF,IF2103,2020-10-21 09:34:00.800,4672.0000,22676,0,207766320.000,0,-,-,-,-,4672.0000,4670.0000,4669.2000,4668.2000,4668.0000,4673.6000,4673.8000,4674.4000,4674.6000,4675.0000,1,6,1,1,1,1,2,2,1,1
SF,IF2103,2020-10-21 09:34:01.300,4672.0000,22676,0,207766320.000,0,-,-,-,-,4672.0000,4670.0000,4669.2000,4668.2000,4668.0000,4673.2000,4673.4000,4673.6000,4673.8000,4674.4000,1,6,1,1,1,1,2,2,2,2
SF,IF2103,2020-10-21 09:34:01.800,4672.0000,22676,0,207766320.000,0,-,-,-,-,4672.0000,4670.0000,4669.2000,4668.2000,4668.0000,4673.0000,4673.2000,4673.6000,4673.8000,4674.4000,1,6,1,1,1,2,1,1,2,2
SF,IF2103,2020-10-21 09:34:02.300,4672.0000,22676,0,207766320.000,0,-,-,-,-,4672.0000,4670.0000,4669.2000,4668.2000,4668.0000,4672.8000,4673.0000,4673.2000,4673.6000,4673.8000,1,6,1,1,1,1,1,1,1,2
SF,IF2103,2020-10-21 09:34:02.800,4672.0000,22676,0,209167920.000,1,0,1,多换,S,4670.0000,4669.2000,4668.2000,4668.0000,4666.2000,4672.4000,4672.6000,4672.8000,4673.2000,4673.6000,6,1,1,1,2,1,3,1,1,1
SF,IF2103,2020-10-21 09:34:03.300,4672.0000,22676,0,209167920.000,0,-,-,-,-,4670.4000,4670.2000,4670.0000,4669.2000,4668.2000,4672.2000,4672.6000,4672.8000,4673.2000,4673.6000,2,1,6,1,1,1,2,1,1,1
SF,IF2103,2020-10-21 09:34:03.800,4672.0000,22676,0,209167920.000,0,-,-,-,-,4670.6000,4670.0000,4669.2000,4668.2000,4668.0000,4671.8000,4672.0000,4672.2000,4672.6000,4673.6000,2,6,1,1,1,1,1,3,1,1
SF,IF2103,2020-10-21 09:34:04.300,4671.8000,22676,0,210569460.000,1,0,1,多换,S,4670.8000,4670.6000,4670.0000,4669.2000,4668.2000,4672.0000,4672.2000,4672.6000,4673.6000,4673.8000,2,1,6,1,1,1,1,1,1,1
SF,IF2103,2020-10-21 09:34:04.800,4672.0000,22675,-1,211971060.000,1,0,1,双平,S,4671.0000,4670.8000,4670.0000,4669.2000,4668.2000,4672.6000,4673.6000,4673.8000,4674.4000,4676.8000,1,2,6,1,1,1,1,1,2,1
SF,IF2103,2020-10-21 09:34:05.300,4672.0000,22675,0,211971060.000,0,-,-,-,-,4671.2000,4671.0000,4670.0000,4669.2000,4668.2000,4672.6000,4673.6000,4673.8000,4674.4000,4676.8000,2,2,6,1,1,1,1,1,2,1
SF,IF2103,2020-10-21 09:34:05.800,4672.0000,22675,0,211971060.000,0,-,-,-,-,4671.2000,4671.0000,4670.0000,4669.2000,4668.2000,4672.6000,4673.6000,4673.8000,4674.4000,4676.8000,2,2,6,1,1,1,1,1,2,1
SF,IF2103,2020-10-21 09:34:06.300,4672.0000,22675,0,211971060.000,0,-,-,-,-,4671.2000,4671.0000,4670.0000,4669.2000,4668.2000,4672.4000,4672.6000,4673.6000,4673.8000,4674.4000,2,1,6,1,1,1,1,1,1,2
SF,IF2103,2020-10-21 09:34:06.800,4672.0000,22675,0,211971060.000,0,-,-,-,-,4671.4000,4670.0000,4669.2000,4668.2000,4668.0000,4672.4000,4672.6000,4673.6000,4673.8000,4674.4000,1,6,1,1,1,1,1,1,1,2
SF,IF2103,2020-10-21 09:34:07.800,4672.0000,22675,0,211971060.000,0,-,-,-,-,4671.4000,4670.0000,4669.2000,4668.2000,4668.0000,4672.4000,4673.6000,4673.8000,4674.4000,4676.8000,1,6,1,1,1,1,1,1,2,1
SF,IF2103,2020-10-21 09:34:08.300,4672.0000,22675,0,211971060.000,0,-,-,-,-,4671.4000,4670.0000,4669.2000,4668.2000,4668.0000,4672.0000,4672.4000,4673.6000,4674.4000,4676.8000,1,6,1,1,1,1,1,1,2,1
SF,IF2103,2020-10-21 09:34:08.800,4672.0000,22675,0,211971060.000,0,-,-,-,-,4671.4000,4670.0000,4669.2000,4668.2000,4668.0000,4672.0000,4672.2000,4672.4000,4673.6000,4674.4000,1,6,1,1,1,1,1,1,1,2
SF,IF2103,2020-10-21 09:34:09.800,4672.0000,22674,-1,213372660.000,1,0,1,双平,S,4671.4000,4670.0000,4669.2000,4668.2000,4668.0000,4672.4000,4673.6000,4674.4000,4676.8000,4679.8000,1,6,1,1,1,1,1,2,1,3
SF,IF2103,2020-10-21 09:34:10.300,4672.0000,22674,0,213372660.000,0,-,-,-,-,4671.4000,4670.0000,4669.2000,4668.2000,4668.0000,4673.6000,4674.4000,4676.8000,4679.8000,4680.0000,1,6,1,1,1,1,2,1,3,1
SF,IF2103,2020-10-21 09:34:10.800,4672.0000,22674,0,213372660.000,0,-,-,-,-,4671.6000,4670.0000,4669.2000,4668.2000,4668.0000,4673.0000,4673.4000,4673.6000,4674.4000,4676.8000,2,6,1,1,1,1,1,1,2,1
SF,IF2103,2020-10-21 09:34:11.300,4672.0000,22674,0,213372660.000,0,-,-,-,-,4672.0000,4671.8000,4671.6000,4670.0000,4669.2000,4673.0000,4674.4000,4676.8000,4679.8000,4680.0000,1,2,1,6,1,1,2,1,3,1
SF,IF2103,2020-10-21 09:34:11.800,4673.0000,22673,-1,214774560.000,1,0,1,双平,S,4672.2000,4672.0000,4671.8000,4670.0000,4669.2000,4674.4000,4676.8000,4679.8000,4680.0000,4682.8000,1,2,1,6,1,2,1,3,1,1
SF,IF2103,2020-10-21 09:34:12.300,4673.0000,22673,0,214774560.000,0,-,-,-,-,4672.4000,4672.2000,4672.0000,4670.0000,4669.2000,4674.2000,4674.4000,4676.8000,4679.8000,4680.0000,1,2,5,6,1,2,2,1,3,1
SF,IF2103,2020-10-21 09:34:12.800,4673.0000,22673,0,214774560.000,0,-,-,-,-,4672.4000,4672.2000,4672.0000,4670.0000,4669.2000,4674.0000,4674.2000,4674.4000,4676.8000,4679.8000,2,1,5,6,1,2,1,2,1,3
SF,IF2103,2020-10-21 09:34:13.300,4673.0000,22673,0,214774560.000,0,-,-,-,-,4672.4000,4672.2000,4672.0000,4670.0000,4669.2000,4673.6000,4673.8000,4674.0000,4674.4000,4676.8000,2,1,5,1,1,1,1,2,2,1
SF,IF2103,2020-10-21 09:34:13.800,4673.0000,22673,0,214774560.000,0,-,-,-,-,4672.4000,4672.2000,4672.0000,4670.0000,4669.2000,4673.6000,4673.8000,4674.4000,4676.8000,4679.8000,1,1,5,1,1,1,1,2,1,3
SF,IF2103,2020-10-21 09:34:14.800,4673.0000,22673,0,214774560.000,0,-,-,-,-,4672.4000,4672.2000,4672.0000,4670.0000,4669.2000,4673.8000,4674.4000,4676.8000,4679.8000,4680.0000,1,1,5,1,1,1,2,1,3,1
SF,IF2103,2020-10-21 09:34:15.300,4673.0000,22673,0,214774560.000,0,-,-,-,-,4673.6000,4672.8000,4672.4000,4672.2000,4672.0000,4673.8000,4674.4000,4676.8000,4679.8000,4680.0000,1,1,1,1,5,1,2,1,3,1
SF,IF2103,2020-10-21 09:34:15.800,4673.6000,22673,0,216176640.000,1,0,1,多换,S,4672.4000,4672.2000,4672.0000,4670.0000,4669.2000,4673.6000,4673.8000,4674.4000,4676.8000,4679.8000,1,1,5,1,1,1,2,2,1,3
SF,IF2103,2020-10-21 09:34:16.300,4673.6000,22673,0,216176640.000,0,-,-,-,-,4672.2000,4672.0000,4670.0000,4669.2000,4668.2000,4673.6000,4673.8000,4674.4000,4676.8000,4679.8000,1,5,1,1,1,1,1,2,1,3
SF,IF2103,2020-10-21 09:34:16.800,4673.6000,22673,0,216176640.000,0,-,-,-,-,4672.6000,4672.2000,4672.0000,4670.0000,4669.2000,4673.6000,4673.8000,4674.4000,4676.8000,4679.8000,1,1,5,1,1,1,1,2,1,3
SF,IF2103,2020-10-21 09:34:17.300,4673.6000,22673,0,216176640.000,0,-,-,-,-,4672.2000,4672.0000,4670.0000,4669.2000,4668.2000,4673.6000,4673.8000,4674.4000,4676.8000,4679.8000,1,5,1,1,1,1,1,2,1,3
SF,IF2103,2020-10-21 09:34:17.800,4673.6000,22673,0,216176640.000,0,-,-,-,-,4672.4000,4672.2000,4672.0000,4670.0000,4669.2000,4673.6000,4673.8000,4674.4000,4676.8000,4679.8000,1,1,5,1,1,1,1,2,1,3
SF,IF2103,2020-10-21 09:34:18.800,4673.6000,22673,0,216176640.000,0,-,-,-,-,4672.4000,4672.2000,4672.0000,4670.0000,4669.2000,4673.6000,4673.8000,4674.4000,4676.8000,4679.8000,2,1,5,1,1,1,1,2,1,3
SF,IF2103,2020-10-21 09:34:19.300,4673.6000,22673,0,216176640.000,0,-,-,-,-,4672.4000,4672.2000,4672.0000,4670.0000,4669.2000,4673.4000,4673.6000,4673.8000,4674.4000,4676.8000,2,1,5,1,1,1,1,1,2,1
SF,IF2103,2020-10-21 09:34:19.800,4673.6000,22673,0,216176640.000,0,-,-,-,-,4672.4000,4672.0000,4670.0000,4669.2000,4668.2000,4673.4000,4673.6000,4673.8000,4674.4000,4676.8000,2,5,1,1,1,1,1,1,2,1
SF,IF2103,2020-10-21 09:34:20.800,4672.4000,22671,-2,218980080.000,2,0,2,双平,S,4672.0000,4670.0000,4669.2000,4668.2000,4668.0000,4673.4000,4673.6000,4673.8000,4674.4000,4676.8000,5,1,1,1,1,1,1,1,2,1
SF,IF2103,2020-10-21 09:34:21.300,4672.4000,22671,0,218980080.000,0,-,-,-,-,4672.0000,4670.0000,4669.2000,4668.2000,4668.0000,4673.2000,4673.4000,4673.6000,4674.4000,4676.8000,5,1,1,1,1,1,1,1,2,1
SF,IF2103,2020-10-21 09:34:22.300,4672.4000,22671,0,218980080.000,0,-,-,-,-,4672.0000,4670.0000,4669.2000,4668.2000,4668.0000,4672.8000,4673.2000,4673.4000,4674.4000,4676.8000,5,1,1,1,1,1,1,1,2,1
SF,IF2103,2020-10-21 09:34:24.300,4672.4000,22671,0,218980080.000,0,-,-,-,-,4672.0000,4670.0000,4668.2000,4668.0000,4667.6000,4673.2000,4674.4000,4676.8000,4679.8000,4680.0000,5,1,1,1,5,1,2,1,3,1
SF,IF2103,2020-10-21 09:34:25.300,4672.4000,22671,0,218980080.000,0,-,-,-,-,4672.0000,4671.8000,4670.0000,4668.2000,4668.0000,4673.2000,4674.4000,4676.8000,4679.8000,4680.0000,5,1,1,1,1,2,2,1,3,1
SF,IF2103,2020-10-21 09:34:25.800,4672.4000,22671,0,218980080.000,0,-,-,-,-,4672.0000,4671.8000,4670.0000,4668.2000,4668.0000,4672.8000,4673.2000,4674.4000,4676.8000,4679.8000,5,1,1,1,1,1,2,2,1,3
SF,IF2103,2020-10-21 09:34:26.800,4672.8000,22670,-1,220381920.000,1,0,1,双平,S,4672.0000,4671.8000,4670.0000,4668.2000,4668.0000,4673.2000,4674.4000,4676.8000,4679.8000,4680.0000,5,1,1,1,1,2,2,1,3,1
SF,IF2103,2020-10-21 09:34:27.300,4672.8000,22670,0,220381920.000,0,-,-,-,-,4672.2000,4672.0000,4671.8000,4670.0000,4668.2000,4674.4000,4676.8000,4679.8000,4680.0000,4682.8000,2,5,1,1,1,2,1,3,1,1
SF,IF2103,2020-10-21 09:34:27.800,4672.8000,22670,0,220381920.000,0,-,-,-,-,4672.4000,4672.2000,4672.0000,4671.8000,4670.0000,4674.2000,4674.4000,4676.8000,4679.8000,4680.0000,1,1,5,1,1,3,2,1,3,1
SF,IF2103,2020-10-21 09:34:28.300,4674.2000,22668,-2,223186440.000,2,0,2,双平,S,4672.6000,4672.4000,4672.0000,4671.8000,4670.0000,4674.2000,4674.4000,4676.8000,4679.8000,4680.0000,1,1,5,1,1,1,2,1,3,1
SF,IF2103,2020-10-21 09:34:28.800,4674.2000,22668,0,223186440.000,0,-,-,-,-,4672.8000,4672.6000,4672.0000,4671.8000,4670.0000,4676.8000,4679.8000,4680.0000,4682.8000,4683.0000,2,2,5,1,1,1,3,1,1,1
SF,IF2103,2020-10-21 09:34:29.300,4674.2000,22668,0,223186440.000,0,-,-,-,-,4673.0000,4672.0000,4671.8000,4670.0000,4668.2000,4673.6000,4674.2000,4674.4000,4674.6000,4674.8000,2,5,1,1,1,1,1,2,1,3
SF,IF2103,2020-10-21 09:34:29.800,4673.8000,22667,-1,224588580.000,1,0,1,双平,S,4673.0000,4672.0000,4671.8000,4670.0000,4668.2000,4674.8000,4675.0000,4675.2000,4676.0000,4676.2000,1,5,1,1,1,3,3,2,1,3
SF,IF2103,2020-10-21 09:34:30.300,4673.8000,22667,0,224588580.000,0,-,-,-,-,4673.0000,4672.0000,4671.8000,4670.0000,4668.2000,4674.6000,4674.8000,4675.0000,4675.2000,4676.0000,2,5,1,1,1,3,3,3,2,1
SF,IF2103,2020-10-21 09:34:31.300,4673.8000,22667,0,224588580.000,0,-,-,-,-,4673.0000,4672.0000,4671.8000,4670.0000,4668.2000,4674.4000,4674.6000,4674.8000,4675.0000,4675.2000,2,5,1,1,1,1,3,3,3,2
SF,IF2103,2020-10-21 09:34:31.800,4673.8000,22667,0,224588580.000,0,-,-,-,-,4673.0000,4672.0000,4671.8000,4670.0000,4668.2000,4674.4000,4674.6000,4674.8000,4675.0000,4675.2000,2,5,1,1,1,1,2,2,2,2
SF,IF2103,2020-10-21 09:34:32.300,4673.8000,22667,0,224588580.000,0,-,-,-,-,4673.0000,4672.0000,4671.8000,4670.0000,4668.2000,4674.4000,4674.6000,4674.8000,4675.0000,4675.2000,2,5,1,1,1,1,1,2,2,2
SF,IF2103,2020-10-21 09:34:32.800,4673.8000,22667,0,224588580.000,0,-,-,-,-,4673.4000,4673.0000,4672.0000,4671.8000,4670.0000,4674.6000,4674.8000,4675.0000,4675.2000,4676.0000,1,2,5,1,1,1,2,2,2,1
SF,IF2103,2020-10-21 09:34:33.300,4673.8000,22667,0,224588580.000,0,-,-,-,-,4673.6000,4673.4000,4673.0000,4672.0000,4671.8000,4674.6000,4674.8000,4675.0000,4675.2000,4676.0000,1,1,1,5,1,1,2,2,2,1
SF,IF2103,2020-10-21 09:34:33.800,4673.8000,22667,0,224588580.000,0,-,-,-,-,4673.6000,4672.0000,4671.8000,4670.0000,4668.2000,4674.0000,4674.2000,4674.4000,4674.6000,4674.8000,1,5,1,1,1,1,2,1,3,2
SF,IF2103,2020-10-21 09:34:34.300,4673.6000,22665,-2,227392860.000,2,0,2,双平,S,4672.0000,4671.8000,4670.0000,4668.2000,4668.0000,4674.6000,4674.8000,4675.0000,4675.2000,4676.2000,5,1,1,1,1,1,1,2,2,3
SF,IF2103,2020-10-21 09:34:34.800,4673.6000,22665,0,227392860.000,0,-,-,-,-,4672.2000,4672.0000,4671.8000,4670.0000,4668.2000,4674.6000,4674.8000,4675.0000,4675.2000,4676.2000,3,5,1,1,1,1,1,2,2,3
SF,IF2103,2020-10-21 09:34:35.300,4673.6000,22665,0,227392860.000,0,-,-,-,-,4672.6000,4672.4000,4672.2000,4672.0000,4671.8000,4674.4000,4674.6000,4675.0000,4675.2000,4676.2000,2,1,2,5,1,2,1,2,2,3
SF,IF2103,2020-10-21 09:34:35.800,4673.6000,22665,0,227392860.000,0,-,-,-,-,4672.8000,4672.6000,4672.2000,4672.0000,4671.8000,4674.4000,4674.6000,4675.0000,4675.2000,4676.2000,3,2,1,5,1,2,1,2,2,3
SF,IF2103,2020-10-21 09:34:36.300,4673.6000,22665,0,227392860.000,0,-,-,-,-,4673.0000,4672.8000,4672.2000,4672.0000,4671.8000,4674.4000,4674.6000,4675.0000,4675.2000,4676.2000,3,2,1,5,1,1,1,2,2,3
SF,IF2103,2020-10-21 09:34:36.800,4673.6000,22665,0,227392860.000,0,-,-,-,-,4673.2000,4673.0000,4672.2000,4672.0000,4671.8000,4674.6000,4675.2000,4676.2000,4676.4000,4676.6000,1,3,1,5,1,1,2,3,5,3
SF,IF2103,2020-10-21 09:34:37.300,4673.6000,22665,0,227392860.000,0,-,-,-,-,4673.2000,4673.0000,4672.2000,4672.0000,4671.8000,4674.6000,4675.2000,4676.2000,4676.4000,4676.6000,1,3,1,5,1,1,2,3,5,3
