市场代码,合约代码,时间,最新,持仓,增仓,成交额,成交量,开仓,平仓,成交类型,方向,买一价,买二价,买三价,买四价,买五价,卖一价,卖二价,卖三价,卖四价,卖五价,买一量,买二量,买三量,买四量,买五量,卖一量,卖二量,卖三量,卖四量,卖五量
SF,IF2106,2020-10-30 09:29:00.000,4638.4000,3737,0,2783040.000,2.000,-,-,-,-,4629.0000,4616.0000,4613.0000,4610.2000,4605.4000,4638.4000,4638.6000,4642.6000,4649.8000,4654.0000,1,1,1,1,3,1,3,1,1,1
SF,IF2106,2020-10-30 09:30:00.500,4638.4000,3737,0,2783040.000,0,-,-,-,-,4629.0000,4620.2000,4616.0000,4614.0000,4613.0000,4635.4000,4635.8000,4638.2000,4649.8000,4654.0000,1,1,1,2,1,3,4,1,1,1
SF,IF2106,2020-10-30 09:30:01.000,4638.4000,3737,0,2783040.000,0,-,-,-,-,4631.6000,4629.2000,4629.0000,4620.2000,4616.0000,4635.4000,4635.8000,4638.2000,4649.8000,4654.0000,1,1,1,1,1,2,3,1,1,1
SF,IF2106,2020-10-30 09:30:01.500,4638.4000,3737,0,2783040.000,0,-,-,-,-,4631.8000,4629.0000,4620.2000,4614.0000,4602.8000,4638.2000,4649.8000,4654.0000,4663.4000,4679.0000,1,1,1,2,1,1,1,1,1,1
SF,IF2106,2020-10-30 09:30:02.000,4638.2000,3737,0,4174500.000,1,0,1,多换,S,4632.2000,4631.8000,4629.0000,4620.2000,4614.0000,4637.6000,4638.2000,4649.8000,4654.0000,4663.4000,1,1,1,1,2,2,1,1,1,1
SF,IF2106,2020-10-30 09:30:02.500,4632.2000,3735,-2,6953820.000,2,0,2,双平,S,4620.2000,4614.0000,4602.8000,4576.6000,4576.0000,4635.4000,4635.8000,4638.2000,4649.8000,4654.0000,1,2,1,2,1,2,3,1,1,1
SF,IF2106,2020-10-30 09:30:03.000,4632.2000,3735,0,6953820.000,0,-,-,-,-,4626.6000,4625.4000,4624.4000,4620.4000,4620.2000,4635.4000,4635.8000,4638.2000,4649.8000,4654.0000,1,2,1,1,1,2,3,1,1,1
SF,IF2106,2020-10-30 09:30:03.500,4632.2000,3735,0,6953820.000,0,-,-,-,-,4626.6000,4620.2000,4614.0000,4602.8000,4576.6000,4631.0000,4633.2000,4638.2000,4643.2000,4654.0000,1,1,2,1,2,2,3,1,1,1
SF,IF2106,2020-10-30 09:30:04.000,4631.0000,3733,-2,9732420.000,2,0,2,双平,S,4626.6000,4620.2000,4614.0000,4602.8000,4576.6000,4633.2000,4638.2000,4643.2000,4654.0000,4663.4000,3,1,2,1,2,3,1,1,1,1
SF,IF2106,2020-10-30 09:30:04.500,4631.0000,3733,0,9732420.000,0,-,-,-,-,4626.6000,4620.2000,4614.0000,4602.8000,4576.6000,4638.2000,4643.2000,4654.0000,4663.4000,4679.0000,2,1,2,1,2,1,1,1,1,1
SF,IF2106,2020-10-30 09:30:05.000,4631.0000,3733,0,9732420.000,0,-,-,-,-,4628.8000,4620.2000,4614.0000,4602.8000,4576.6000,4635.8000,4638.2000,4643.2000,4654.0000,4663.4000,2,1,2,1,2,2,1,1,1,1
SF,IF2106,2020-10-30 09:30:05.500,4631.0000,3733,0,9732420.000,0,-,-,-,-,4628.8000,4628.0000,4620.2000,4602.8000,4576.6000,4635.8000,4638.2000,4643.2000,4654.0000,4663.4000,3,1,1,1,2,4,1,1,1,1
SF,IF2106,2020-10-30 09:30:06.000,4631.0000,3733,0,9732420.000,0,-,-,-,-,4629.0000,4628.8000,4628.0000,4620.2000,4602.8000,4633.2000,4635.8000,4638.2000,4642.0000,4643.2000,1,1,1,1,1,2,2,1,1,1
SF,IF2106,2020-10-30 09:30:06.500,4631.0000,3733,0,9732420.000,0,-,-,-,-,4629.0000,4620.2000,4602.8000,4576.6000,4576.0000,4633.2000,4638.2000,4642.0000,4643.2000,4654.0000,1,1,1,2,1,4,1,1,1,1
SF,IF2106,2020-10-30 09:30:07.000,4629.0000,3732,-1,11121120.000,1,0,1,双平,S,4620.2000,4602.8000,4576.6000,4576.0000,4551.0000,4630.6000,4633.0000,4633.2000,4638.2000,4642.0000,1,1,2,1,1,1,1,3,1,1
SF,IF2106,2020-10-30 09:30:07.500,4629.0000,3732,0,11121120.000,0,-,-,-,-,4626.6000,4624.4000,4622.8000,4620.4000,4620.2000,4630.4000,4630.6000,4633.2000,4638.2000,4642.0000,2,1,3,1,2,1,2,1,1,1
SF,IF2106,2020-10-30 09:30:08.500,4629.0000,3732,0,11121120.000,0,-,-,-,-,4626.6000,4622.8000,4620.4000,4620.2000,4602.8000,4630.4000,4633.2000,4638.2000,4642.0000,4643.2000,3,3,1,1,1,1,1,1,1,1
SF,IF2106,2020-10-30 09:30:09.000,4630.4000,3731,-1,12510240.000,1,0,1,双平,S,4623.2000,4622.8000,4620.4000,4620.2000,4602.8000,4633.2000,4638.2000,4642.0000,4643.2000,4654.0000,1,2,1,1,1,1,1,1,1,1
SF,IF2106,2020-10-30 09:30:09.500,4630.4000,3731,0,12510240.000,0,-,-,-,-,4626.6000,4623.2000,4622.8000,4620.4000,4620.2000,4633.0000,4633.2000,4638.2000,4642.0000,4643.2000,3,1,2,1,1,1,3,1,1,1
SF,IF2106,2020-10-30 09:30:10.500,4630.4000,3731,0,12510240.000,0,-,-,-,-,4628.8000,4626.6000,4623.2000,4620.4000,4620.2000,4633.0000,4633.2000,4638.2000,4642.0000,4643.2000,2,1,1,1,1,1,2,1,1,1
SF,IF2106,2020-10-30 09:30:11.000,4630.4000,3731,0,12510240.000,0,-,-,-,-,4628.8000,4623.2000,4620.4000,4620.2000,4602.8000,4633.0000,4638.2000,4642.0000,4643.2000,4654.0000,3,1,1,1,1,1,1,1,1,1
SF,IF2106,2020-10-30 09:30:11.500,4630.4000,3731,0,12510240.000,0,-,-,-,-,4629.0000,4628.8000,4623.2000,4620.4000,4620.2000,4638.2000,4642.0000,4643.2000,4654.0000,4663.4000,1,2,1,1,1,1,1,1,1,1
SF,IF2106,2020-10-30 09:30:12.000,4630.4000,3731,0,12510240.000,0,-,-,-,-,4629.2000,4629.0000,4628.8000,4623.2000,4620.4000,4633.2000,4635.8000,4638.2000,4642.0000,4643.2000,1,1,2,1,1,1,2,1,1,1
SF,IF2106,2020-10-30 09:30:12.500,4630.4000,3731,0,12510240.000,0,-,-,-,-,4629.4000,4629.2000,4628.8000,4623.2000,4620.4000,4635.8000,4638.2000,4642.0000,4643.2000,4654.0000,1,1,2,1,1,2,1,1,1,1
SF,IF2106,2020-10-30 09:30:13.000,4630.4000,3731,0,12510240.000,0,-,-,-,-,4629.4000,4629.2000,4628.8000,4623.2000,4620.4000,4635.8000,4638.2000,4642.0000,4643.2000,4654.0000,1,1,2,1,1,3,1,1,1,1
SF,IF2106,2020-10-30 09:30:14.000,4630.4000,3731,0,12510240.000,0,-,-,-,-,4629.8000,4629.4000,4629.2000,4628.8000,4620.4000,4635.8000,4638.2000,4642.0000,4643.2000,4654.0000,1,1,1,2,1,3,1,1,1,1
SF,IF2106,2020-10-30 09:30:14.500,4630.4000,3731,0,12510240.000,0,-,-,-,-,4630.0000,4629.8000,4629.2000,4628.8000,4620.4000,4635.8000,4638.2000,4642.0000,4643.2000,4654.0000,1,1,1,2,1,3,1,1,1,1
SF,IF2106,2020-10-30 09:30:15.000,4630.4000,3731,0,12510240.000,0,-,-,-,-,4630.0000,4629.2000,4628.8000,4620.4000,4620.2000,4635.8000,4638.2000,4642.0000,4643.2000,4654.0000,1,1,2,1,1,3,1,1,1,1
SF,IF2106,2020-10-30 09:30:16.000,4630.4000,3731,0,12510240.000,0,-,-,-,-,4631.0000,4630.0000,4629.2000,4620.4000,4620.2000,4635.8000,4638.2000,4642.0000,4643.2000,4654.0000,2,1,1,1,1,3,1,1,1,1
SF,IF2106,2020-10-30 09:30:16.500,4630.4000,3731,0,12510240.000,0,-,-,-,-,4631.2000,4631.0000,4629.2000,4620.4000,4620.2000,4635.8000,4638.2000,4642.0000,4643.2000,4654.0000,1,3,1,1,1,2,1,1,1,1
SF,IF2106,2020-10-30 09:30:17.000,4630.4000,3731,0,12510240.000,0,-,-,-,-,4631.2000,4631.0000,4629.2000,4620.4000,4620.2000,4635.8000,4638.2000,4642.0000,4643.2000,4654.0000,1,3,1,1,1,1,1,1,1,1
SF,IF2106,2020-10-30 09:30:17.500,4630.4000,3731,0,12510240.000,0,-,-,-,-,4631.4000,4631.2000,4631.0000,4629.2000,4620.4000,4638.2000,4642.0000,4643.2000,4654.0000,4663.4000,1,1,3,1,1,1,1,1,1,1
SF,IF2106,2020-10-30 09:30:18.000,4630.4000,3731,0,12510240.000,0,-,-,-,-,4631.6000,4631.4000,4631.0000,4629.2000,4620.4000,4638.2000,4642.0000,4643.2000,4654.0000,4663.4000,1,1,3,1,1,1,1,1,1,1
SF,IF2106,2020-10-30 09:30:18.500,4635.4000,3732,1,13900860.000,1,1,0,双开,S,4631.6000,4631.4000,4631.0000,4620.4000,4620.2000,4638.2000,4642.0000,4643.2000,4654.0000,4663.4000,1,1,3,1,1,1,1,1,1,1
SF,IF2106,2020-10-30 09:30:19.000,4635.4000,3732,0,13900860.000,0,-,-,-,-,4631.6000,4631.4000,4631.0000,4620.4000,4620.2000,4638.0000,4638.2000,4642.0000,4643.2000,4654.0000,1,1,3,1,1,1,1,1,1,1
SF,IF2106,2020-10-30 09:30:19.500,4635.4000,3732,0,13900860.000,0,-,-,-,-,4631.8000,4631.6000,4631.0000,4620.4000,4620.2000,4638.0000,4638.2000,4642.0000,4643.2000,4654.0000,1,1,3,1,1,1,1,1,1,1
SF,IF2106,2020-10-30 09:30:20.000,4635.4000,3732,0,13900860.000,0,-,-,-,-,4631.8000,4631.0000,4620.4000,4620.2000,4602.8000,4635.8000,4637.8000,4638.0000,4638.2000,4642.0000,1,3,1,1,1,1,1,1,1,1
SF,IF2106,2020-10-30 09:30:20.500,4635.4000,3732,0,13900860.000,0,-,-,-,-,4632.0000,4631.8000,4631.0000,4620.4000,4620.2000,4635.8000,4638.0000,4638.2000,4642.0000,4647.0000,1,1,3,1,1,1,1,1,1,1
SF,IF2106,2020-10-30 09:30:21.500,4635.4000,3732,0,13900860.000,0,-,-,-,-,4632.0000,4631.8000,4631.0000,4620.4000,4620.2000,4635.8000,4638.0000,4638.2000,4642.0000,4647.0000,1,1,3,1,1,2,1,1,1,1
SF,IF2106,2020-10-30 09:30:22.000,4635.4000,3732,0,13900860.000,0,-,-,-,-,4631.0000,4620.4000,4620.2000,4602.8000,4576.6000,4635.6000,4635.8000,4638.2000,4642.0000,4647.0000,3,1,1,1,2,1,2,1,1,1
SF,IF2106,2020-10-30 09:30:22.500,4635.4000,3732,0,13900860.000,0,-,-,-,-,4631.0000,4620.4000,4620.2000,4602.8000,4576.6000,4635.4000,4635.6000,4635.8000,4638.2000,4642.0000,3,1,1,1,2,1,1,2,1,1
SF,IF2106,2020-10-30 09:30:23.000,4635.4000,3732,0,15291480.000,1,0,1,多换,S,4631.2000,4620.4000,4620.2000,4602.8000,4576.6000,4635.4000,4635.8000,4638.2000,4642.0000,4647.0000,1,1,1,1,2,1,2,1,1,1
SF,IF2106,2020-10-30 09:30:24.500,4635.4000,3732,0,15291480.000,0,-,-,-,-,4631.4000,4631.2000,4620.4000,4620.2000,4602.8000,4635.4000,4635.8000,4638.2000,4642.0000,4647.0000,1,1,1,1,1,1,2,1,1,1
SF,IF2106,2020-10-30 09:30:25.000,4635.4000,3732,0,15291480.000,0,-,-,-,-,4631.6000,4620.4000,4620.2000,4602.8000,4576.6000,4635.4000,4635.8000,4638.2000,4642.0000,4647.0000,1,1,1,1,2,1,2,1,1,1
SF,IF2106,2020-10-30 09:30:28.500,4635.4000,3732,0,15291480.000,0,-,-,-,-,4631.6000,4620.4000,4620.2000,4602.8000,4576.6000,4634.8000,4635.4000,4635.8000,4638.2000,4642.0000,1,1,1,1,2,1,1,2,1,1
SF,IF2106,2020-10-30 09:30:33.000,4635.4000,3732,0,15291480.000,0,-,-,-,-,4631.6000,4620.4000,4620.2000,4602.8000,4576.6000,4634.8000,4635.4000,4635.8000,4638.2000,4647.0000,1,1,1,1,2,1,1,2,1,1
SF,IF2106,2020-10-30 09:30:33.500,4634.8000,3732,0,16681920.000,1,0,1,多换,S,4634.8000,4631.6000,4620.4000,4620.2000,4602.8000,4635.4000,4635.8000,4638.2000,4647.0000,4654.0000,14,1,1,1,1,1,2,1,1,1
SF,IF2106,2020-10-30 09:30:34.000,4634.8000,3726,-6,25024560.000,6,0,6,双平,S,4634.8000,4631.6000,4620.4000,4620.2000,4602.8000,4635.4000,4635.8000,4638.2000,4647.0000,4654.0000,8,1,1,1,1,1,2,1,1,1
SF,IF2106,2020-10-30 09:30:34.500,4634.8000,3722,-4,30586320.000,4,0,4,双平,S,4634.8000,4631.6000,4620.4000,4620.2000,4602.8000,4635.4000,4635.8000,4638.2000,4647.0000,4654.0000,4,1,1,1,1,1,2,1,1,1
SF,IF2106,2020-10-30 09:30:35.000,4634.8000,3722,0,31976760.000,1,0,1,多换,S,4634.8000,4631.6000,4620.4000,4620.2000,4602.8000,4635.4000,4635.8000,4638.2000,4647.0000,4654.0000,3,1,1,1,1,1,2,1,1,1
SF,IF2106,2020-10-30 09:30:35.500,4634.8000,3721,-1,33367200.000,1,0,1,双平,S,4634.8000,4631.6000,4620.4000,4620.2000,4602.8000,4635.4000,4635.8000,4638.2000,4647.0000,4654.0000,2,1,1,1,1,1,2,1,1,1
SF,IF2106,2020-10-30 09:30:36.000,4634.8000,3721,0,33367200.000,0,-,-,-,-,4634.8000,4631.6000,4630.0000,4620.4000,4620.2000,4635.4000,4635.8000,4638.2000,4647.0000,4654.0000,2,1,1,1,1,1,2,1,1,1
SF,IF2106,2020-10-30 09:30:36.500,4634.8000,3719,-2,36148260.000,2,0,2,双平,S,4634.8000,4631.6000,4630.0000,4620.4000,4620.2000,4635.8000,4638.2000,4647.0000,4654.0000,4663.4000,1,1,1,1,1,2,1,1,1,1
SF,IF2106,2020-10-30 09:30:37.000,4634.8000,3719,0,36148260.000,0,-,-,-,-,4634.8000,4631.6000,4630.0000,4620.4000,4620.2000,4635.8000,4638.2000,4647.0000,4654.0000,4663.4000,1,1,1,1,1,3,1,1,1,1
SF,IF2106,2020-10-30 09:30:37.500,4634.8000,3719,0,37538700.000,1,0,1,多换,S,4634.8000,4631.6000,4630.0000,4620.4000,4620.2000,4635.8000,4638.2000,4647.0000,4654.0000,4663.4000,1,1,1,1,1,3,1,1,1,1
SF,IF2106,2020-10-30 09:30:38.000,4634.8000,3719,0,37538700.000,0,-,-,-,-,4634.8000,4631.6000,4630.0000,4620.4000,4620.2000,4635.8000,4638.2000,4647.0000,4654.0000,4663.4000,1,1,1,1,1,2,1,1,1,1
SF,IF2106,2020-10-30 09:30:38.500,4635.8000,3718,-1,40320180.000,2,0,2,多平,S,4634.8000,4631.6000,4630.0000,4620.2000,4602.8000,4638.2000,4647.0000,4654.0000,4663.4000,4679.0000,1,1,1,1,1,1,1,1,1,1
SF,IF2106,2020-10-30 09:30:39.000,4635.8000,3718,0,40320180.000,0,-,-,-,-,4635.0000,4634.8000,4630.0000,4620.2000,4602.8000,4638.2000,4647.0000,4654.0000,4663.4000,4679.0000,1,1,1,1,1,1,1,1,1,1
SF,IF2106,2020-10-30 09:30:42.500,4635.8000,3718,0,40320180.000,0,-,-,-,-,4635.8000,4635.0000,4634.8000,4630.0000,4620.2000,4638.2000,4647.0000,4654.0000,4663.4000,4679.0000,1,1,1,1,1,1,1,1,1,1
SF,IF2106,2020-10-30 09:30:43.000,4635.8000,3718,0,40320180.000,0,-,-,-,-,4636.0000,4635.8000,4635.0000,4634.8000,4630.0000,4638.2000,4647.0000,4654.0000,4663.4000,4679.0000,1,1,1,1,1,1,1,1,1,1
SF,IF2106,2020-10-30 09:30:44.000,4635.8000,3718,0,40320180.000,0,-,-,-,-,4636.0000,4635.8000,4635.4000,4635.0000,4634.8000,4638.2000,4647.0000,4654.0000,4663.4000,4679.0000,1,1,4,1,1,1,1,1,1,1
SF,IF2106,2020-10-30 09:30:46.000,4638.2000,3717,-1,41711640.000,1,0,1,双平,S,4636.0000,4635.8000,4635.4000,4635.0000,4634.8000,4647.0000,4654.0000,4663.4000,4679.0000,4681.2000,1,1,4,1,1,1,1,1,1,7
SF,IF2106,2020-10-30 09:30:46.500,4638.2000,3717,0,41711640.000,0,-,-,-,-,4638.2000,4636.2000,4636.0000,4635.8000,4635.4000,4638.4000,4646.2000,4646.8000,4647.0000,4654.0000,1,1,1,1,4,1,1,1,1,1
SF,IF2106,2020-10-30 09:30:47.000,4638.4000,3716,-1,43103160.000,1,0,1,双平,S,4638.2000,4636.0000,4635.8000,4635.4000,4634.8000,4646.8000,4647.0000,4654.0000,4663.4000,4679.0000,1,1,1,4,1,1,1,1,1,1
SF,IF2106,2020-10-30 09:30:47.500,4638.4000,3716,0,43103160.000,0,-,-,-,-,4638.4000,4638.2000,4635.8000,4635.4000,4634.8000,4645.8000,4646.8000,4647.0000,4654.0000,4663.4000,2,1,1,4,1,1,1,1,1,1
SF,IF2106,2020-10-30 09:30:48.000,4638.4000,3716,0,43103160.000,0,-,-,-,-,4638.4000,4638.2000,4635.8000,4635.4000,4634.8000,4646.8000,4647.0000,4654.0000,4663.4000,4679.0000,2,1,1,4,1,1,1,1,1,1
SF,IF2106,2020-10-30 09:30:48.500,4638.4000,3716,0,43103160.000,0,-,-,-,-,4638.4000,4638.2000,4635.8000,4635.4000,4634.8000,4644.6000,4647.0000,4654.0000,4663.4000,4679.0000,2,1,1,4,1,2,1,1,1,1
SF,IF2106,2020-10-30 09:30:49.000,4638.4000,3716,0,43103160.000,0,-,-,-,-,4638.4000,4638.2000,4635.8000,4635.4000,4634.8000,4644.6000,4647.0000,4654.0000,4663.4000,4679.0000,2,1,1,4,1,2,1,1,1,1
SF,IF2106,2020-10-30 09:30:49.500,4638.4000,3716,0,43103160.000,0,-,-,-,-,4638.4000,4638.2000,4635.8000,4635.4000,4634.8000,4643.8000,4644.6000,4647.0000,4654.0000,4663.4000,2,1,1,4,1,1,1,1,1,1
SF,IF2106,2020-10-30 09:30:50.000,4638.4000,3716,0,43103160.000,0,-,-,-,-,4638.4000,4638.2000,4635.8000,4635.4000,4634.8000,4643.0000,4643.8000,4644.6000,4647.0000,4654.0000,2,1,1,4,1,1,1,1,1,1
SF,IF2106,2020-10-30 09:30:51.000,4638.4000,3716,0,43103160.000,0,-,-,-,-,4638.4000,4638.2000,4635.8000,4635.4000,4634.8000,4641.2000,4642.4000,4643.0000,4644.6000,4647.0000,2,1,1,4,1,1,1,1,1,1
SF,IF2106,2020-10-30 09:30:51.500,4638.4000,3716,0,43103160.000,0,-,-,-,-,4638.4000,4638.2000,4635.8000,4635.4000,4634.8000,4641.2000,4642.4000,4642.6000,4643.0000,4644.6000,2,1,1,4,1,1,1,1,1,1
SF,IF2106,2020-10-30 09:30:52.000,4638.4000,3716,0,44494680.000,1,0,1,多换,S,4638.4000,4638.2000,4635.8000,4635.4000,4634.8000,4641.2000,4642.4000,4642.6000,4643.0000,4644.6000,1,1,1,4,1,1,1,1,1,1
SF,IF2106,2020-10-30 09:30:53.000,4638.4000,3716,0,44494680.000,0,-,-,-,-,4638.4000,4638.2000,4635.8000,4635.4000,4634.8000,4641.2000,4642.4000,4642.6000,4644.6000,4647.0000,1,1,1,4,1,1,1,1,1,1
SF,IF2106,2020-10-30 09:30:55.000,4638.4000,3716,0,44494680.000,0,-,-,-,-,4638.4000,4635.8000,4635.4000,4634.8000,4630.0000,4641.2000,4642.4000,4642.6000,4644.6000,4647.0000,1,1,4,1,1,1,1,1,1,1
SF,IF2106,2020-10-30 09:30:55.500,4641.2000,3714,-2,47278560.000,2,0,2,双平,S,4635.8000,4635.4000,4634.8000,4630.0000,4620.2000,4640.8000,4642.4000,4644.6000,4645.0000,4647.0000,1,4,1,1,1,1,1,1,5,1
SF,IF2106,2020-10-30 09:30:56.000,4641.2000,3714,0,47278560.000,0,-,-,-,-,4635.8000,4635.4000,4634.8000,4630.0000,4620.2000,4640.6000,4640.8000,4642.4000,4644.6000,4645.0000,1,4,1,1,1,1,1,1,1,5
SF,IF2106,2020-10-30 09:30:57.000,4641.2000,3714,0,47278560.000,0,-,-,-,-,4635.8000,4635.4000,4634.8000,4630.0000,4620.2000,4640.0000,4640.6000,4644.6000,4645.0000,4647.0000,1,4,1,1,1,2,1,1,5,1
SF,IF2106,2020-10-30 09:30:57.500,4641.2000,3714,0,47278560.000,0,-,-,-,-,4636.6000,4635.8000,4635.4000,4634.8000,4630.0000,4639.8000,4640.0000,4644.6000,4645.0000,4647.0000,1,1,4,1,1,1,2,1,5,1
SF,IF2106,2020-10-30 09:30:58.000,4641.2000,3714,0,47278560.000,0,-,-,-,-,4636.6000,4635.8000,4635.4000,4634.8000,4630.0000,4639.6000,4639.8000,4640.0000,4644.6000,4645.0000,1,1,4,1,1,1,1,2,1,5
SF,IF2106,2020-10-30 09:30:58.500,4641.2000,3714,0,47278560.000,0,-,-,-,-,4636.8000,4636.6000,4635.8000,4635.4000,4634.8000,4639.6000,4640.0000,4644.6000,4645.0000,4647.0000,1,1,1,4,1,1,1,1,5,1
SF,IF2106,2020-10-30 09:30:59.000,4641.2000,3714,0,47278560.000,0,-,-,-,-,4636.8000,4636.6000,4635.8000,4635.4000,4634.8000,4639.6000,4644.6000,4645.0000,4647.0000,4654.0000,1,1,1,4,1,1,1,5,1,1
SF,IF2106,2020-10-30 09:30:59.500,4641.2000,3714,0,47278560.000,0,-,-,-,-,4636.8000,4636.6000,4635.8000,4635.4000,4634.8000,4639.4000,4639.6000,4644.6000,4645.0000,4647.0000,1,1,1,4,1,2,1,1,5,1
SF,IF2106,2020-10-30 09:31:00.000,4636.8000,3714,0,48669600.000,1,0,1,多换,S,4636.6000,4635.8000,4635.4000,4634.8000,4630.0000,4639.4000,4644.6000,4645.0000,4647.0000,4654.0000,1,1,4,1,1,2,1,5,1,1
SF,IF2106,2020-10-30 09:31:00.500,4636.8000,3714,0,48669600.000,0,-,-,-,-,4636.6000,4635.8000,4635.4000,4634.8000,4630.0000,4639.4000,4644.6000,4645.0000,4647.0000,4654.0000,2,1,4,1,1,2,1,5,1,1
SF,IF2106,2020-10-30 09:31:01.000,4636.8000,3714,0,48669600.000,0,-,-,-,-,4636.8000,4636.6000,4635.8000,4635.4000,4634.8000,4639.2000,4639.4000,4640.6000,4644.6000,4645.0000,1,2,1,4,1,1,2,1,1,5
SF,IF2106,2020-10-30 09:31:01.500,4636.8000,3714,0,48669600.000,0,-,-,-,-,4636.8000,4636.6000,4635.8000,4635.4000,4634.8000,4639.2000,4639.4000,4640.6000,4644.6000,4645.0000,1,1,1,4,1,1,2,1,1,5
SF,IF2106,2020-10-30 09:31:02.000,4636.8000,3714,0,48669600.000,0,-,-,-,-,4637.0000,4636.8000,4636.6000,4635.8000,4635.4000,4639.2000,4639.4000,4644.6000,4645.0000,4647.0000,1,1,1,1,4,1,2,1,5,1
SF,IF2106,2020-10-30 09:31:02.500,4636.8000,3714,0,48669600.000,0,-,-,-,-,4637.0000,4636.6000,4635.8000,4635.4000,4634.8000,4639.2000,4639.4000,4644.6000,4645.0000,4647.0000,1,1,1,4,1,1,2,1,5,1
SF,IF2106,2020-10-30 09:31:03.000,4636.6000,3713,-1,51451620.000,2,0,2,多平,S,4635.8000,4635.4000,4634.8000,4630.0000,4625.0000,4639.2000,4644.6000,4645.0000,4647.0000,4654.0000,1,4,1,1,5,1,1,5,1,1
SF,IF2106,2020-10-30 09:31:03.500,4636.6000,3713,0,51451620.000,0,-,-,-,-,4636.0000,4635.8000,4635.4000,4634.8000,4630.0000,4639.0000,4639.2000,4644.6000,4645.0000,4647.0000,1,1,4,1,1,1,1,1,5,1
SF,IF2106,2020-10-30 09:31:04.000,4636.6000,3713,0,51451620.000,0,-,-,-,-,4636.0000,4635.8000,4635.4000,4634.8000,4630.0000,4638.8000,4639.0000,4644.6000,4645.0000,4647.0000,1,1,4,1,1,1,1,1,5,1
SF,IF2106,2020-10-30 09:31:05.000,4636.6000,3713,0,51451620.000,0,-,-,-,-,4636.0000,4635.8000,4635.4000,4634.8000,4630.0000,4638.8000,4639.0000,4644.6000,4645.0000,4647.0000,1,1,4,1,1,1,1,1,5,1
SF,IF2106,2020-10-30 09:31:06.500,4636.6000,3713,0,51451620.000,0,-,-,-,-,4636.0000,4635.8000,4635.4000,4634.8000,4630.0000,4638.8000,4639.0000,4644.6000,4645.0000,4647.0000,2,1,4,1,1,1,1,1,5,1
SF,IF2106,2020-10-30 09:31:08.000,4636.6000,3713,0,51451620.000,0,-,-,-,-,4636.0000,4635.8000,4635.4000,4630.0000,4620.0000,4638.8000,4639.0000,4644.6000,4645.0000,4647.0000,1,1,4,1,5,1,1,1,5,1
SF,IF2106,2020-10-30 09:31:09.500,4636.6000,3713,0,51451620.000,0,-,-,-,-,4636.0000,4635.4000,4630.0000,4620.0000,4605.2000,4638.8000,4639.0000,4644.6000,4645.0000,4647.0000,1,4,1,5,1,1,1,1,5,1
SF,IF2106,2020-10-30 09:31:10.000,4636.6000,3713,0,51451620.000,0,-,-,-,-,4635.4000,4630.0000,4620.0000,4605.2000,4602.8000,4638.8000,4639.0000,4644.6000,4645.0000,4647.0000,4,1,5,1,1,1,1,1,5,1
SF,IF2106,2020-10-30 09:31:10.500,4636.6000,3713,0,51451620.000,0,-,-,-,-,4635.6000,4635.4000,4630.0000,4620.0000,4605.2000,4638.6000,4638.8000,4644.6000,4645.0000,4647.0000,1,4,1,5,1,1,1,1,5,1
SF,IF2106,2020-10-30 09:31:11.000,4636.6000,3713,0,51451620.000,0,-,-,-,-,4635.6000,4635.4000,4630.0000,4620.0000,4605.2000,4638.4000,4638.6000,4644.6000,4645.0000,4647.0000,1,4,1,5,1,1,1,1,5,1
SF,IF2106,2020-10-30 09:31:11.500,4636.6000,3713,0,51451620.000,0,-,-,-,-,4635.6000,4635.4000,4630.0000,4620.0000,4605.2000,4638.2000,4638.4000,4638.6000,4644.6000,4645.0000,1,4,1,5,1,1,1,1,1,5
SF,IF2106,2020-10-30 09:31:12.000,4636.6000,3713,0,51451620.000,0,-,-,-,-,4635.4000,4630.0000,4620.0000,4605.2000,4602.8000,4638.0000,4638.6000,4644.6000,4645.0000,4647.0000,4,1,5,1,1,2,1,1,5,1
SF,IF2106,2020-10-30 09:31:12.500,4636.6000,3713,0,51451620.000,0,-,-,-,-,4635.6000,4635.4000,4630.0000,4620.0000,4605.2000,4638.0000,4638.6000,4644.6000,4645.0000,4647.0000,1,4,1,5,1,2,1,1,5,1
SF,IF2106,2020-10-30 09:31:15.500,4636.6000,3713,0,51451620.000,0,-,-,-,-,4635.6000,4635.4000,4630.0000,4620.0000,4605.2000,4638.0000,4638.6000,4644.6000,4645.0000,4647.0000,1,4,2,5,1,2,1,1,5,1
SF,IF2106,2020-10-30 09:31:16.000,4636.6000,3713,0,51451620.000,0,-,-,-,-,4635.6000,4635.4000,4630.0000,4620.0000,4605.2000,4638.0000,4638.6000,4644.6000,4645.0000,4647.0000,2,4,2,5,1,2,1,1,5,1
SF,IF2106,2020-10-30 09:31:16.500,4636.6000,3713,0,51451620.000,0,-,-,-,-,4635.6000,4635.4000,4630.0000,4620.0000,4605.2000,4638.0000,4638.6000,4644.6000,4645.0000,4647.0000,2,4,2,5,1,1,1,1,5,1
SF,IF2106,2020-10-30 09:31:17.000,4638.0000,3712,-1,52843020.000,1,0,1,双平,S,4635.6000,4635.4000,4630.0000,4620.0000,4605.2000,4638.6000,4644.6000,4645.0000,4647.0000,4654.0000,1,4,2,5,1,1,1,5,1,1
SF,IF2106,2020-10-30 09:31:17.500,4638.0000,3712,0,52843020.000,0,-,-,-,-,4635.6000,4635.4000,4630.0000,4620.0000,4605.2000,4638.4000,4638.6000,4644.6000,4645.0000,4647.0000,1,4,2,5,1,1,1,1,5,1
SF,IF2106,2020-10-30 09:31:21.500,4638.4000,3712,0,54234540.000,1,0,1,多换,S,4635.6000,4635.4000,4630.0000,4620.0000,4605.2000,4638.0000,4638.6000,4644.6000,4645.0000,4647.0000,1,4,2,5,1,1,1,1,5,1
SF,IF2106,2020-10-30 09:31:22.000,4638.4000,3712,0,54234540.000,0,-,-,-,-,4635.6000,4635.4000,4630.0000,4620.0000,4605.2000,4637.8000,4638.0000,4638.6000,4644.6000,4645.0000,1,4,2,5,1,1,1,1,1,5
SF,IF2106,2020-10-30 09:31:23.000,4637.8000,3711,-1,55625880.000,1,0,1,双平,S,4635.6000,4635.4000,4630.0000,4620.0000,4605.2000,4636.0000,4638.0000,4638.6000,4644.6000,4645.0000,1,4,2,5,1,1,1,1,1,5
SF,IF2106,2020-10-30 09:31:23.500,4636.0000,3711,0,57016680.000,1,0,1,多换,S,4635.4000,4630.0000,4620.0000,4605.2000,4602.8000,4638.0000,4638.6000,4644.6000,4645.0000,4647.0000,4,2,5,1,1,1,1,1,5,1
SF,IF2106,2020-10-30 09:31:24.000,4636.0000,3711,0,57016680.000,0,-,-,-,-,4635.6000,4635.4000,4630.0000,4620.0000,4605.2000,4637.8000,4638.0000,4638.6000,4644.6000,4645.0000,1,4,2,5,1,1,1,1,1,5
SF,IF2106,2020-10-30 09:31:24.500,4635.6000,3710,-1,58407360.000,1,0,1,双平,S,4635.4000,4630.0000,4620.0000,4605.2000,4602.8000,4637.8000,4638.0000,4638.6000,4644.6000,4645.0000,4,2,5,1,1,1,1,1,1,5
SF,IF2106,2020-10-30 09:31:25.000,4635.6000,3710,0,58407360.000,0,-,-,-,-,4635.6000,4635.4000,4630.0000,4620.0000,4605.2000,4637.8000,4638.0000,4638.6000,4644.6000,4645.0000,1,4,2,5,1,1,1,1,1,5
SF,IF2106,2020-10-30 09:31:25.500,4635.6000,3709,-1,59798040.000,1,0,1,双平,S,4635.4000,4630.0000,4620.0000,4605.2000,4602.8000,4637.8000,4638.0000,4638.6000,4644.6000,4645.0000,4,2,5,1,1,1,1,1,1,5
SF,IF2106,2020-10-30 09:31:26.000,4635.6000,3709,0,59798040.000,0,-,-,-,-,4635.6000,4635.4000,4630.0000,4626.4000,4620.0000,4637.8000,4638.0000,4638.6000,4644.6000,4645.0000,1,4,1,1,5,1,1,1,1,5
SF,IF2106,2020-10-30 09:31:26.500,4635.6000,3709,0,59798040.000,0,-,-,-,-,4635.6000,4635.4000,4630.0000,4626.4000,4620.0000,4637.6000,4637.8000,4638.0000,4638.6000,4644.6000,1,4,1,1,5,1,1,1,1,1
SF,IF2106,2020-10-30 09:31:27.000,4635.4000,3704,-5,66751200.000,5,0,5,双平,S,4630.0000,4626.4000,4620.0000,4605.2000,4602.8000,4635.4000,4637.4000,4637.6000,4638.0000,4638.6000,1,1,5,1,1,1,1,1,1,1
SF,IF2106,2020-10-30 09:31:27.500,4635.4000,3704,0,66751200.000,0,-,-,-,-,4631.0000,4630.6000,4630.2000,4630.0000,4626.4000,4635.2000,4635.4000,4636.2000,4638.0000,4644.6000,2,3,2,1,1,2,1,1,1,1
SF,IF2106,2020-10-30 09:31:28.000,4635.4000,3701,-3,70923060.000,3,0,3,双平,S,4631.2000,4631.0000,4630.6000,4630.2000,4630.0000,4636.2000,4638.0000,4644.6000,4645.0000,4647.0000,2,3,3,1,1,1,1,1,5,1
SF,IF2106,2020-10-30 09:31:28.500,4635.4000,3701,0,70923060.000,0,-,-,-,-,4633.2000,4631.2000,4631.0000,4630.6000,4630.2000,4636.0000,4636.2000,4638.0000,4644.6000,4645.0000,1,2,3,2,1,1,1,1,1,5
SF,IF2106,2020-10-30 09:31:29.000,4635.4000,3701,0,70923060.000,0,-,-,-,-,4633.4000,4632.6000,4631.2000,4631.0000,4630.6000,4636.0000,4636.2000,4638.0000,4644.6000,4645.0000,1,1,1,3,2,1,1,1,1,5
SF,IF2106,2020-10-30 09:31:29.500,4635.4000,3701,0,70923060.000,0,-,-,-,-,4633.4000,4632.6000,4631.2000,4631.0000,4630.6000,4636.0000,4636.2000,4638.0000,4644.6000,4645.0000,1,1,1,3,2,1,1,1,1,5
SF,IF2106,2020-10-30 09:31:30.000,4635.4000,3701,0,70923060.000,0,-,-,-,-,4633.6000,4633.4000,4631.2000,4631.0000,4630.6000,4636.0000,4636.2000,4638.0000,4644.6000,4645.0000,1,1,1,3,2,1,1,1,1,5
SF,IF2106,2020-10-30 09:31:30.500,4635.4000,3701,0,70923060.000,0,-,-,-,-,4633.8000,4633.6000,4631.2000,4631.0000,4630.6000,4636.0000,4636.2000,4638.0000,4644.6000,4645.0000,1,1,1,2,2,1,1,1,1,5
SF,IF2106,2020-10-30 09:31:31.000,4636.0000,3700,-1,72313860.000,1,0,1,双平,S,4633.8000,4631.2000,4631.0000,4630.6000,4630.0000,4636.2000,4638.0000,4644.6000,4645.0000,4647.0000,1,1,2,2,1,1,1,1,5,1
SF,IF2106,2020-10-30 09:31:31.500,4636.0000,3700,0,72313860.000,0,-,-,-,-,4633.8000,4631.2000,4631.0000,4630.6000,4630.0000,4636.0000,4636.2000,4638.0000,4644.6000,4645.0000,1,1,2,2,1,1,1,1,1,5
SF,IF2106,2020-10-30 09:31:32.000,4636.0000,3700,0,72313860.000,0,-,-,-,-,4633.8000,4631.2000,4631.0000,4630.6000,4630.0000,4636.0000,4636.2000,4638.0000,4644.6000,4645.0000,1,1,1,2,1,1,1,1,1,5
SF,IF2106,2020-10-30 09:31:33.000,4636.0000,3700,0,72313860.000,0,-,-,-,-,4633.8000,4631.2000,4631.0000,4630.6000,4630.0000,4636.0000,4636.2000,4638.0000,4644.6000,4645.0000,1,1,1,2,1,1,1,1,1,5
SF,IF2106,2020-10-30 09:31:35.500,4633.8000,3699,-1,73704000.000,1,0,1,双平,S,4631.2000,4631.0000,4630.6000,4630.0000,4629.2000,4633.8000,4636.0000,4636.2000,4638.0000,4644.6000,1,1,2,1,1,4,1,1,1,1
SF,IF2106,2020-10-30 09:31:36.000,4633.8000,3695,-4,79264560.000,4,0,4,双平,S,4631.4000,4631.2000,4631.0000,4630.6000,4630.0000,4636.0000,4636.2000,4638.0000,4644.6000,4645.0000,1,2,1,2,1,1,1,1,1,5
SF,IF2106,2020-10-30 09:31:36.500,4633.8000,3695,0,79264560.000,0,-,-,-,-,4631.6000,4631.4000,4631.2000,4631.0000,4630.6000,4636.0000,4636.2000,4638.0000,4644.6000,4645.0000,1,1,1,1,2,1,1,1,1,5
SF,IF2106,2020-10-30 09:31:37.000,4633.8000,3695,0,79264560.000,0,-,-,-,-,4632.0000,4631.8000,4631.6000,4631.0000,4630.6000,4635.2000,4635.8000,4636.0000,4636.2000,4638.0000,1,1,1,1,2,1,1,1,1,1
SF,IF2106,2020-10-30 09:31:37.500,4633.8000,3695,0,79264560.000,0,-,-,-,-,4632.2000,4632.0000,4631.0000,4630.6000,4630.0000,4635.0000,4635.2000,4635.8000,4636.2000,4638.0000,2,1,1,2,1,1,1,1,1,1
SF,IF2106,2020-10-30 09:31:38.000,4633.8000,3695,0,79264560.000,0,-,-,-,-,4632.2000,4632.0000,4630.6000,4630.0000,4620.0000,4635.0000,4635.2000,4635.8000,4636.2000,4638.0000,2,1,2,1,5,2,1,1,1,1
SF,IF2106,2020-10-30 09:31:39.000,4635.0000,3694,-1,80655060.000,1,0,1,双平,S,4632.2000,4632.0000,4630.6000,4630.0000,4620.0000,4635.2000,4635.8000,4636.2000,4638.0000,4644.6000,2,1,2,1,5,1,1,1,1,1
SF,IF2106,2020-10-30 09:31:39.500,4635.0000,3693,-1,82045560.000,1,0,1,双平,S,4632.2000,4632.0000,4630.6000,4630.0000,4620.0000,4635.2000,4635.8000,4636.2000,4638.0000,4644.6000,2,1,2,1,5,1,1,1,1,1
SF,IF2106,2020-10-30 09:31:40.000,4635.2000,3693,0,83436120.000,1,0,1,多换,S,4632.4000,4632.2000,4632.0000,4630.6000,4630.0000,4635.8000,4636.2000,4638.0000,4644.6000,4645.0000,1,2,1,2,1,1,1,1,1,5
SF,IF2106,2020-10-30 09:31:40.500,4635.2000,3693,0,83436120.000,0,-,-,-,-,4632.6000,4632.4000,4632.0000,4630.6000,4630.0000,4635.6000,4636.2000,4638.0000,4644.6000,4645.0000,2,1,1,2,1,1,1,1,1,5
SF,IF2106,2020-10-30 09:31:41.000,4635.2000,3693,0,83436120.000,0,-,-,-,-,4632.6000,4632.4000,4632.0000,4630.6000,4630.0000,4636.2000,4638.0000,4644.6000,4645.0000,4647.0000,2,1,1,2,1,1,1,1,5,1
SF,IF2106,2020-10-30 09:31:41.500,4635.2000,3693,0,83436120.000,0,-,-,-,-,4633.2000,4632.8000,4632.6000,4632.4000,4630.6000,4636.2000,4638.0000,4644.6000,4645.0000,4647.0000,2,1,2,1,1,1,1,1,5,1
SF,IF2106,2020-10-30 09:31:42.000,4636.2000,3692,-1,84826980.000,1,0,1,双平,S,4633.4000,4632.8000,4632.4000,4630.6000,4630.0000,4638.0000,4644.6000,4645.0000,4647.0000,4654.0000,2,1,1,1,1,1,1,5,1,1
SF,IF2106,2020-10-30 09:31:42.500,4636.2000,3692,0,84826980.000,0,-,-,-,-,4633.4000,4632.8000,4630.6000,4630.0000,4629.2000,4637.8000,4638.0000,4644.6000,4645.0000,4647.0000,2,1,1,1,1,1,1,1,5,1
SF,IF2106,2020-10-30 09:31:43.000,4636.2000,3692,0,84826980.000,0,-,-,-,-,4633.4000,4630.6000,4630.0000,4629.2000,4620.0000,4637.8000,4638.0000,4644.6000,4645.0000,4647.0000,2,1,1,1,5,1,1,1,5,1
SF,IF2106,2020-10-30 09:31:43.500,4636.2000,3692,0,84826980.000,0,-,-,-,-,4633.4000,4630.6000,4630.0000,4629.2000,4620.0000,4637.6000,4637.8000,4638.0000,4644.6000,4645.0000,2,1,1,1,5,1,1,1,1,5
SF,IF2106,2020-10-30 09:31:44.000,4636.2000,3692,0,84826980.000,0,-,-,-,-,4633.4000,4630.6000,4630.0000,4629.2000,4620.0000,4637.4000,4637.6000,4638.0000,4644.6000,4645.0000,2,1,1,1,5,1,1,1,1,5
SF,IF2106,2020-10-30 09:31:48.000,4636.2000,3692,0,84826980.000,0,-,-,-,-,4633.4000,4630.6000,4630.0000,4629.2000,4620.0000,4637.2000,4637.4000,4637.6000,4644.6000,4645.0000,2,1,1,1,5,1,1,1,1,5
SF,IF2106,2020-10-30 09:31:48.500,4636.2000,3692,0,84826980.000,0,-,-,-,-,4633.4000,4630.6000,4630.0000,4629.2000,4620.0000,4636.4000,4637.0000,4637.2000,4637.6000,4644.6000,2,1,1,1,5,1,1,1,1,1
SF,IF2106,2020-10-30 09:31:49.000,4636.2000,3692,0,84826980.000,0,-,-,-,-,4633.4000,4630.6000,4630.0000,4629.2000,4620.0000,4636.2000,4636.4000,4637.2000,4637.6000,4644.6000,2,1,1,1,5,1,1,1,1,1
SF,IF2106,2020-10-30 09:31:50.000,4633.4000,3691,-1,87607020.000,2,0,2,多平,S,4630.6000,4630.0000,4629.2000,4620.0000,4605.2000,4633.4000,4636.2000,4636.4000,4637.2000,4637.6000,1,1,1,5,1,3,1,1,1,1
SF,IF2106,2020-10-30 09:31:50.500,4633.4000,3688,-3,91777080.000,3,0,3,双平,S,4630.8000,4630.6000,4630.0000,4629.2000,4620.0000,4636.2000,4636.4000,4637.2000,4644.6000,4645.0000,1,4,1,1,5,1,1,1,1,5
SF,IF2106,2020-10-30 09:31:51.000,4633.4000,3688,0,91777080.000,0,-,-,-,-,4630.8000,4630.6000,4630.0000,4620.0000,4605.2000,4636.0000,4636.2000,4636.4000,4637.2000,4644.6000,1,4,1,5,1,1,1,1,1,1
SF,IF2106,2020-10-30 09:31:51.500,4633.4000,3688,0,91777080.000,0,-,-,-,-,4630.8000,4630.6000,4630.0000,4620.0000,4605.2000,4635.8000,4636.0000,4637.2000,4644.6000,4645.0000,1,4,1,5,1,1,1,1,1,5
SF,IF2106,2020-10-30 09:31:52.000,4633.4000,3688,0,91777080.000,0,-,-,-,-,4630.8000,4630.6000,4630.0000,4620.0000,4605.2000,4635.4000,4635.6000,4635.8000,4637.2000,4644.6000,1,4,1,5,1,1,1,1,1,1
SF,IF2106,2020-10-30 09:31:52.500,4633.4000,3688,0,91777080.000,0,-,-,-,-,4630.8000,4630.6000,4630.0000,4620.0000,4605.2000,4635.2000,4635.4000,4644.6000,4645.0000,4647.0000,1,4,1,5,1,2,1,1,5,1
SF,IF2106,2020-10-30 09:31:53.000,4633.4000,3688,0,91777080.000,0,-,-,-,-,4631.2000,4630.8000,4630.6000,4630.0000,4620.0000,4635.2000,4635.4000,4644.6000,4645.0000,4647.0000,1,1,1,1,5,2,1,1,5,1
SF,IF2106,2020-10-30 09:31:53.500,4633.4000,3688,0,91777080.000,0,-,-,-,-,4631.4000,4631.2000,4630.6000,4630.0000,4620.0000,4635.2000,4635.4000,4644.6000,4645.0000,4647.0000,1,2,1,1,5,2,1,1,5,1
SF,IF2106,2020-10-30 09:31:54.000,4631.2000,3685,-3,95945220.000,3,0,3,双平,S,4630.6000,4630.0000,4620.0000,4605.2000,4602.8000,4630.8000,4635.2000,4635.4000,4644.6000,4645.0000,1,1,5,1,1,2,2,1,1,5
SF,IF2106,2020-10-30 09:31:54.500,4630.8000,3683,-2,98723700.000,2,0,2,双平,S,4631.0000,4630.6000,4630.0000,4620.0000,4605.2000,4635.2000,4635.4000,4644.6000,4645.0000,4647.0000,1,4,1,5,1,2,1,1,5,1
SF,IF2106,2020-10-30 09:31:55.000,4630.8000,3683,0,98723700.000,0,-,-,-,-,4631.4000,4631.2000,4631.0000,4630.6000,4630.0000,4635.2000,4644.6000,4645.0000,4647.0000,4654.0000,1,1,1,4,1,2,1,5,1,1
SF,IF2106,2020-10-30 09:31:55.500,4630.8000,3683,0,98723700.000,0,-,-,-,-,4631.6000,4631.4000,4631.0000,4630.6000,4630.0000,4635.2000,4644.6000,4645.0000,4647.0000,4654.0000,1,2,1,4,1,2,1,5,1,1
SF,IF2106,2020-10-30 09:31:56.000,4630.8000,3683,0,98723700.000,0,-,-,-,-,4631.6000,4631.4000,4630.6000,4630.0000,4620.0000,4635.2000,4644.6000,4645.0000,4647.0000,4654.0000,1,2,4,1,5,2,1,5,1,1
SF,IF2106,2020-10-30 09:31:56.500,4630.8000,3683,0,98723700.000,0,-,-,-,-,4632.2000,4631.6000,4630.6000,4630.0000,4620.0000,4635.2000,4644.6000,4645.0000,4647.0000,4654.0000,1,1,4,1,5,2,1,5,1,1
SF,IF2106,2020-10-30 09:31:57.000,4630.8000,3683,0,98723700.000,0,-,-,-,-,4632.4000,4632.2000,4630.6000,4630.0000,4620.0000,4635.2000,4644.6000,4645.0000,4647.0000,4654.0000,1,1,4,1,5,2,1,5,1,1
SF,IF2106,2020-10-30 09:31:57.500,4630.8000,3683,0,98723700.000,0,-,-,-,-,4632.4000,4630.6000,4630.0000,4620.0000,4605.2000,4635.2000,4644.6000,4645.0000,4647.0000,4654.0000,1,1,1,5,1,2,1,5,1,1
SF,IF2106,2020-10-30 09:31:58.500,4630.8000,3683,0,98723700.000,0,-,-,-,-,4632.4000,4630.6000,4630.0000,4620.0000,4605.2000,4635.2000,4644.6000,4645.0000,4647.0000,4654.0000,1,1,1,5,1,2,1,5,1,1
SF,IF2106,2020-10-30 09:31:59.500,4630.8000,3683,0,98723700.000,0,-,-,-,-,4632.4000,4630.6000,4630.0000,4620.0000,4605.2000,4635.2000,4644.6000,4645.0000,4647.0000,4654.0000,2,1,1,5,1,2,1,5,1,1
SF,IF2106,2020-10-30 09:32:00.500,4630.8000,3683,0,98723700.000,0,-,-,-,-,4632.4000,4630.6000,4630.0000,4620.0000,4605.2000,4635.2000,4637.0000,4644.6000,4645.0000,4647.0000,2,1,1,5,1,2,1,1,5,1
SF,IF2106,2020-10-30 09:32:01.000,4632.4000,3681,-2,101503140.000,2,0,2,双平,S,4630.0000,4622.4000,4620.0000,4605.2000,4602.8000,4635.2000,4637.0000,4644.6000,4645.0000,4647.0000,1,3,5,1,1,2,1,1,5,1
SF,IF2106,2020-10-30 09:32:01.500,4632.4000,3681,0,101503140.000,0,-,-,-,-,4630.2000,4630.0000,4622.4000,4620.0000,4605.2000,4635.2000,4637.0000,4644.6000,4645.0000,4647.0000,1,1,3,5,1,2,1,1,5,1
SF,IF2106,2020-10-30 09:32:02.000,4632.4000,3681,0,101503140.000,0,-,-,-,-,4630.2000,4630.0000,4622.4000,4615.0000,4605.2000,4635.2000,4637.0000,4644.6000,4645.0000,4647.0000,1,1,3,5,1,2,1,1,5,1
SF,IF2106,2020-10-30 09:32:03.000,4632.4000,3681,0,101503140.000,0,-,-,-,-,4630.2000,4630.0000,4622.4000,4615.0000,4605.2000,4634.8000,4635.2000,4637.0000,4645.0000,4647.0000,1,1,3,5,1,1,2,1,5,1
SF,IF2106,2020-10-30 09:32:03.500,4632.4000,3681,0,101503140.000,0,-,-,-,-,4630.2000,4630.0000,4622.4000,4615.0000,4605.2000,4634.6000,4634.8000,4637.0000,4645.0000,4647.0000,1,1,3,5,1,2,1,1,5,1
SF,IF2106,2020-10-30 09:32:04.500,4630.2000,3680,-1,102892200.000,1,0,1,双平,S,4630.0000,4622.4000,4615.0000,4605.2000,4602.8000,4634.6000,4634.8000,4637.0000,4645.0000,4647.0000,1,3,5,1,1,2,1,1,5,1
SF,IF2106,2020-10-30 09:32:05.000,4630.0000,3679,-1,104281200.000,1,0,1,双平,S,4622.4000,4615.0000,4605.2000,4602.8000,4585.2000,4634.6000,4634.8000,4637.0000,4645.0000,4647.0000,3,5,1,1,7,2,1,1,5,1
SF,IF2106,2020-10-30 09:32:05.500,4630.0000,3679,0,104281200.000,0,-,-,-,-,4625.4000,4624.4000,4622.8000,4622.6000,4622.4000,4632.8000,4634.6000,4634.8000,4635.0000,4637.0000,2,2,1,1,3,1,2,1,5,1
SF,IF2106,2020-10-30 09:32:06.000,4630.0000,3679,0,104281200.000,0,-,-,-,-,4625.6000,4622.8000,4622.4000,4615.0000,4605.2000,4632.6000,4632.8000,4634.8000,4635.0000,4637.0000,1,1,3,5,1,2,1,1,5,1
SF,IF2106,2020-10-30 09:32:07.500,4630.0000,3679,0,104281200.000,0,-,-,-,-,4625.6000,4622.4000,4615.0000,4605.2000,4602.8000,4632.0000,4632.6000,4634.8000,4635.0000,4637.0000,1,3,5,1,1,1,2,1,5,1
SF,IF2106,2020-10-30 09:32:08.000,4630.0000,3679,0,104281200.000,0,-,-,-,-,4625.6000,4622.4000,4610.0000,4605.2000,4602.8000,4631.4000,4631.8000,4632.0000,4634.8000,4635.0000,1,3,5,1,1,1,2,1,1,5
SF,IF2106,2020-10-30 09:32:08.500,4625.6000,3678,-1,105668880.000,1,0,1,双平,S,4622.4000,4610.0000,4605.2000,4602.8000,4585.2000,4625.6000,4631.2000,4631.4000,4632.0000,4634.8000,3,5,1,1,7,1,2,1,1,1
SF,IF2106,2020-10-30 09:32:09.000,4625.6000,3677,-1,108444240.000,2,0,2,多平,S,4622.6000,4622.4000,4610.0000,4605.2000,4602.8000,4625.4000,4631.4000,4632.0000,4633.8000,4634.8000,1,3,5,1,1,1,1,1,1,1
SF,IF2106,2020-10-30 09:32:09.500,4625.4000,3676,-1,109831860.000,1,0,1,双平,S,4622.8000,4622.6000,4622.4000,4610.0000,4605.2000,4631.4000,4632.0000,4633.8000,4634.8000,4635.0000,2,1,3,5,1,1,1,1,1,5
SF,IF2106,2020-10-30 09:32:10.000,4625.4000,3676,0,109831860.000,0,-,-,-,-,4623.0000,4622.8000,4622.4000,4610.0000,4605.2000,4631.2000,4631.4000,4632.0000,4634.8000,4635.0000,2,3,3,5,1,1,1,1,1,5
SF,IF2106,2020-10-30 09:32:10.500,4625.4000,3676,0,109831860.000,0,-,-,-,-,4623.0000,4622.8000,4622.4000,4610.0000,4605.2000,4631.2000,4632.0000,4634.8000,4635.0000,4647.0000,2,3,3,5,1,1,1,1,5,1
SF,IF2106,2020-10-30 09:32:11.000,4625.4000,3676,0,109831860.000,0,-,-,-,-,4625.4000,4624.4000,4623.0000,4622.4000,4610.0000,4631.2000,4632.0000,4634.8000,4635.0000,4647.0000,3,2,2,3,5,1,1,1,5,1
SF,IF2106,2020-10-30 09:32:11.500,4625.4000,3676,0,109831860.000,0,-,-,-,-,4625.6000,4625.4000,4624.4000,4622.4000,4610.0000,4631.2000,4632.0000,4634.8000,4635.0000,4647.0000,2,3,2,3,5,1,1,1,5,1
SF,IF2106,2020-10-30 09:32:13.500,4625.4000,3676,0,109831860.000,0,-,-,-,-,4625.6000,4624.4000,4622.4000,4610.0000,4605.2000,4631.2000,4632.0000,4634.8000,4635.0000,4647.0000,2,1,3,5,1,1,1,1,5,1
SF,IF2106,2020-10-30 09:32:14.000,4625.4000,3676,0,109831860.000,0,-,-,-,-,4625.6000,4624.4000,4622.4000,4610.0000,4605.2000,4631.0000,4631.2000,4632.0000,4634.8000,4635.0000,1,1,3,5,1,1,1,1,1,5
SF,IF2106,2020-10-30 09:32:14.500,4625.4000,3676,0,109831860.000,0,-,-,-,-,4626.2000,4625.6000,4624.4000,4622.4000,4610.0000,4630.8000,4631.0000,4632.0000,4634.8000,4640.0000,1,1,1,3,5,1,1,1,1,5
SF,IF2106,2020-10-30 09:32:15.000,4625.4000,3676,0,109831860.000,0,-,-,-,-,4626.4000,4626.2000,4624.4000,4622.4000,4610.0000,4630.6000,4630.8000,4632.0000,4634.8000,4640.0000,1,1,1,3,5,1,1,1,1,5
SF,IF2106,2020-10-30 09:32:15.500,4625.6000,3676,0,111219540.000,1,0,1,多换,S,4626.2000,4624.4000,4622.4000,4610.0000,4605.2000,4630.4000,4630.6000,4632.0000,4634.8000,4640.0000,1,1,3,5,1,1,1,1,1,5
SF,IF2106,2020-10-30 09:32:16.000,4625.6000,3676,0,111219540.000,0,-,-,-,-,4626.4000,4624.8000,4624.4000,4622.4000,4610.0000,4630.2000,4630.4000,4632.0000,4634.8000,4640.0000,1,1,1,3,5,1,1,1,1,5
SF,IF2106,2020-10-30 09:32:16.500,4630.0000,3675,-1,112608540.000,1,0,1,双平,S,4626.6000,4626.4000,4624.8000,4622.4000,4610.0000,4630.2000,4632.0000,4634.8000,4640.0000,4647.0000,2,1,1,3,5,1,1,1,5,1
SF,IF2106,2020-10-30 09:32:17.000,4630.0000,3675,0,112608540.000,0,-,-,-,-,4626.8000,4626.6000,4622.4000,4610.0000,4605.2000,4630.0000,4630.2000,4632.0000,4634.8000,4640.0000,1,1,3,5,1,1,1,1,1,5
SF,IF2106,2020-10-30 09:32:17.500,4630.0000,3675,0,112608540.000,0,-,-,-,-,4627.4000,4627.0000,4622.4000,4610.0000,4605.2000,4630.0000,4632.0000,4634.8000,4640.0000,4647.0000,1,2,3,5,1,1,1,1,5,1
SF,IF2106,2020-10-30 09:32:18.500,4630.0000,3675,0,112608540.000,0,-,-,-,-,4627.0000,4622.4000,4610.0000,4605.2000,4602.8000,4629.8000,4630.0000,4632.0000,4640.0000,4647.0000,1,3,5,1,1,1,1,1,5,1
SF,IF2106,2020-10-30 09:32:19.000,4630.0000,3675,0,112608540.000,0,-,-,-,-,4627.2000,4622.4000,4610.0000,4608.0000,4605.2000,4629.6000,4629.8000,4632.0000,4640.0000,4647.0000,1,3,5,1,1,1,1,1,5,1
SF,IF2106,2020-10-30 09:32:19.500,4629.6000,3674,-1,113997420.000,1,0,1,双平,S,4627.2000,4622.4000,4610.0000,4608.0000,4605.2000,4632.0000,4640.0000,4647.0000,4654.0000,4663.4000,1,3,5,1,1,1,5,1,1,1
SF,IF2106,2020-10-30 09:32:20.000,4629.6000,3674,0,113997420.000,0,-,-,-,-,4627.4000,4627.2000,4622.4000,4610.0000,4608.0000,4631.8000,4632.0000,4640.0000,4647.0000,4654.0000,1,1,3,5,1,1,1,5,1,1
SF,IF2106,2020-10-30 09:32:20.500,4629.6000,3674,0,113997420.000,0,-,-,-,-,4627.6000,4627.4000,4622.4000,4610.0000,4608.0000,4631.8000,4632.0000,4640.0000,4647.0000,4654.0000,1,1,3,5,1,1,1,5,1,1
SF,IF2106,2020-10-30 09:32:21.000,4629.6000,3674,0,113997420.000,0,-,-,-,-,4627.6000,4622.4000,4610.0000,4608.0000,4605.2000,4631.6000,4631.8000,4632.0000,4640.0000,4647.0000,1,3,5,1,1,1,1,1,5,1
SF,IF2106,2020-10-30 09:32:21.500,4629.6000,3674,0,113997420.000,0,-,-,-,-,4628.2000,4627.6000,4622.4000,4610.0000,4608.0000,4631.4000,4631.6000,4632.0000,4640.0000,4647.0000,1,1,3,5,1,2,1,1,5,1
SF,IF2106,2020-10-30 09:32:22.000,4629.6000,3674,0,113997420.000,0,-,-,-,-,4627.6000,4622.4000,4610.0000,4608.0000,4605.2000,4631.2000,4631.4000,4632.0000,4640.0000,4647.0000,1,3,5,1,1,1,2,1,5,1
SF,IF2106,2020-10-30 09:32:22.500,4629.6000,3674,0,113997420.000,0,-,-,-,-,4627.6000,4622.4000,4610.0000,4608.0000,4605.2000,4631.0000,4631.2000,4631.4000,4632.0000,4640.0000,1,3,5,1,1,1,1,1,1,5
SF,IF2106,2020-10-30 09:32:23.000,4629.6000,3674,0,113997420.000,0,-,-,-,-,4627.6000,4622.4000,4610.0000,4608.0000,4605.2000,4630.8000,4631.0000,4631.4000,4632.0000,4640.0000,1,3,5,1,1,1,1,1,1,5
SF,IF2106,2020-10-30 09:32:23.500,4629.6000,3674,0,113997420.000,0,-,-,-,-,4627.6000,4622.4000,4615.2000,4610.0000,4608.0000,4630.6000,4630.8000,4631.4000,4632.0000,4640.0000,1,3,3,5,1,1,1,1,1,5
SF,IF2106,2020-10-30 09:32:24.000,4629.6000,3674,0,113997420.000,0,-,-,-,-,4627.8000,4627.6000,4622.4000,4615.2000,4610.0000,4630.6000,4631.4000,4632.0000,4640.0000,4647.0000,1,1,3,3,5,1,1,1,5,1
SF,IF2106,2020-10-30 09:32:24.500,4629.6000,3674,0,113997420.000,0,-,-,-,-,4628.0000,4627.8000,4622.4000,4615.2000,4610.0000,4630.6000,4631.4000,4632.0000,4640.0000,4647.0000,1,1,3,3,5,1,1,1,5,1
SF,IF2106,2020-10-30 09:32:25.000,4630.6000,3673,-1,115386600.000,1,0,1,双平,S,4628.0000,4627.8000,4622.4000,4615.2000,4610.0000,4631.4000,4632.0000,4640.0000,4647.0000,4654.0000,1,1,3,3,5,1,1,5,1,1
SF,IF2106,2020-10-30 09:32:25.500,4630.6000,3673,0,115386600.000,0,-,-,-,-,4628.2000,4628.0000,4622.4000,4615.2000,4610.0000,4631.2000,4631.4000,4632.0000,4640.0000,4647.0000,1,1,3,3,5,1,1,1,5,1
SF,IF2106,2020-10-30 09:32:26.000,4630.6000,3673,0,115386600.000,0,-,-,-,-,4628.4000,4628.2000,4622.4000,4615.2000,4610.0000,4631.2000,4632.0000,4640.0000,4647.0000,4654.0000,1,1,3,3,5,1,1,5,1,1
SF,IF2106,2020-10-30 09:32:28.500,4631.2000,3673,0,116775960.000,1,0,1,多换,S,4628.4000,4628.2000,4625.2000,4622.4000,4615.2000,4632.0000,4640.0000,4647.0000,4654.0000,4663.4000,1,1,1,3,3,1,5,1,1,1
SF,IF2106,2020-10-30 09:32:29.000,4631.2000,3673,0,116775960.000,0,-,-,-,-,4628.8000,4628.6000,4628.4000,4625.2000,4622.4000,4631.8000,4632.0000,4640.0000,4647.0000,4654.0000,1,1,2,1,3,1,1,5,1,1
SF,IF2106,2020-10-30 09:32:29.500,4631.2000,3673,0,116775960.000,0,-,-,-,-,4629.0000,4628.8000,4628.4000,4622.4000,4615.2000,4631.8000,4632.0000,4640.0000,4647.0000,4654.0000,2,1,1,3,3,1,1,5,1,1
SF,IF2106,2020-10-30 09:32:30.000,4631.2000,3673,0,116775960.000,0,-,-,-,-,4629.0000,4628.8000,4622.4000,4615.2000,4610.0000,4631.8000,4632.0000,4640.0000,4647.0000,4654.0000,3,1,3,3,5,1,1,5,1,1
SF,IF2106,2020-10-30 09:32:31.000,4631.2000,3673,0,116775960.000,0,-,-,-,-,4629.0000,4622.4000,4615.2000,4610.0000,4608.0000,4631.8000,4632.0000,4640.0000,4647.0000,4654.0000,2,3,3,5,1,1,1,5,1,1
SF,IF2106,2020-10-30 09:32:41.000,4631.2000,3673,0,116775960.000,0,-,-,-,-,4629.6000,4629.0000,4622.4000,4615.2000,4610.0000,4631.8000,4632.0000,4640.0000,4647.0000,4654.0000,1,2,3,3,5,1,1,5,1,1
SF,IF2106,2020-10-30 09:32:41.500,4631.2000,3673,0,116775960.000,0,-,-,-,-,4629.8000,4629.6000,4629.0000,4622.4000,4615.2000,4631.8000,4632.0000,4640.0000,4647.0000,4654.0000,1,1,1,3,3,1,1,5,1,1
SF,IF2106,2020-10-30 09:32:43.500,4631.2000,3673,0,116775960.000,0,-,-,-,-,4629.8000,4629.0000,4622.4000,4615.2000,4610.0000,4631.8000,4632.0000,4640.0000,4647.0000,4654.0000,1,1,3,3,5,1,1,5,1,1
SF,IF2106,2020-10-30 09:32:44.000,4631.2000,3673,0,116775960.000,0,-,-,-,-,4629.8000,4622.4000,4615.2000,4610.0000,4608.0000,4631.8000,4632.0000,4640.0000,4647.0000,4654.0000,1,3,3,5,1,1,1,5,1,1
SF,IF2106,2020-10-30 09:32:44.500,4629.8000,3672,-1,118164900.000,1,0,1,双平,S,4622.4000,4615.2000,4610.0000,4608.0000,4605.2000,4631.8000,4632.0000,4640.0000,4647.0000,4654.0000,3,3,5,1,1,2,1,5,1,1
SF,IF2106,2020-10-30 09:32:45.000,4629.8000,3672,0,118164900.000,0,-,-,-,-,4626.2000,4625.4000,4624.4000,4622.6000,4622.4000,4631.8000,4632.0000,4640.0000,4647.0000,4654.0000,1,3,3,2,3,2,1,5,1,1
SF,IF2106,2020-10-30 09:32:45.500,4629.8000,3672,0,118164900.000,0,-,-,-,-,4626.4000,4626.2000,4625.4000,4624.4000,4622.4000,4631.8000,4632.0000,4640.0000,4647.0000,4654.0000,2,1,3,3,3,1,1,5,1,1
SF,IF2106,2020-10-30 09:32:46.000,4629.8000,3672,0,118164900.000,0,-,-,-,-,4628.6000,4627.4000,4626.4000,4626.2000,4625.4000,4631.8000,4632.0000,4640.0000,4647.0000,4654.0000,1,1,2,1,3,1,1,5,1,1
SF,IF2106,2020-10-30 09:32:46.500,4629.8000,3672,0,118164900.000,0,-,-,-,-,4628.8000,4628.6000,4627.4000,4625.4000,4624.4000,4631.6000,4631.8000,4632.0000,4640.0000,4647.0000,1,1,1,3,3,1,1,1,5,1
SF,IF2106,2020-10-30 09:32:47.000,4629.8000,3672,0,118164900.000,0,-,-,-,-,4628.8000,4625.4000,4624.4000,4622.4000,4615.2000,4631.4000,4631.6000,4632.0000,4640.0000,4647.0000,1,3,3,3,3,1,1,1,5,1
SF,IF2106,2020-10-30 09:32:47.500,4629.8000,3672,0,118164900.000,0,-,-,-,-,4628.8000,4625.4000,4624.4000,4622.4000,4615.2000,4631.4000,4631.6000,4632.0000,4640.0000,4647.0000,3,3,3,3,3,1,1,1,5,1
SF,IF2106,2020-10-30 09:32:48.500,4629.8000,3672,0,118164900.000,0,-,-,-,-,4628.8000,4625.4000,4624.4000,4622.4000,4615.2000,4631.4000,4631.6000,4632.0000,4640.0000,4647.0000,3,3,2,3,3,1,1,1,5,1
SF,IF2106,2020-10-30 09:32:49.000,4631.4000,3671,-1,119554320.000,1,0,1,双平,S,4629.2000,4628.8000,4625.4000,4624.4000,4622.4000,4631.6000,4632.0000,4640.0000,4647.0000,4654.0000,1,3,2,2,3,1,1,5,1,1
SF,IF2106,2020-10-30 09:32:49.500,4631.4000,3671,0,119554320.000,0,-,-,-,-,4629.4000,4629.2000,4628.8000,4625.4000,4624.4000,4632.0000,4640.0000,4647.0000,4654.0000,4663.4000,1,1,3,1,1,1,5,1,1,1
SF,IF2106,2020-10-30 09:32:50.000,4632.0000,3670,-1,120943920.000,1,0,1,双平,S,4629.4000,4628.8000,4622.4000,4615.2000,4610.0000,4638.8000,4640.0000,4647.0000,4654.0000,4663.4000,1,3,3,3,5,1,5,1,1,1
SF,IF2106,2020-10-30 09:32:50.500,4632.0000,3670,0,120943920.000,0,-,-,-,-,4630.2000,4629.6000,4629.4000,4628.8000,4622.4000,4638.6000,4638.8000,4640.0000,4647.0000,4654.0000,1,1,1,2,3,1,1,5,1,1
SF,IF2106,2020-10-30 09:32:51.000,4632.0000,3670,0,120943920.000,0,-,-,-,-,4630.4000,4630.2000,4628.8000,4622.4000,4615.2000,4638.4000,4638.6000,4638.8000,4640.0000,4647.0000,2,1,2,3,3,1,1,1,5,1
SF,IF2106,2020-10-30 09:32:51.500,4632.0000,3670,0,120943920.000,0,-,-,-,-,4630.4000,4630.2000,4628.8000,4622.4000,4615.2000,4638.2000,4638.4000,4638.8000,4640.0000,4647.0000,2,1,2,3,3,1,2,1,5,1
SF,IF2106,2020-10-30 09:32:52.000,4632.0000,3670,0,120943920.000,0,-,-,-,-,4630.4000,4630.2000,4628.8000,4622.4000,4615.2000,4636.6000,4638.0000,4638.2000,4638.4000,4638.8000,2,1,2,3,3,1,1,1,2,1
SF,IF2106,2020-10-30 09:32:52.500,4632.0000,3670,0,120943920.000,0,-,-,-,-,4630.4000,4628.8000,4622.4000,4615.2000,4610.0000,4636.4000,4636.6000,4637.0000,4638.0000,4638.4000,1,2,3,3,5,3,1,1,1,2
SF,IF2106,2020-10-30 09:32:53.000,4632.0000,3670,0,120943920.000,0,-,-,-,-,4630.4000,4628.8000,4622.4000,4615.2000,4610.0000,4636.0000,4636.4000,4636.6000,4637.0000,4638.0000,1,2,3,3,5,1,3,1,1,1
SF,IF2106,2020-10-30 09:32:53.500,4632.0000,3670,0,120943920.000,0,-,-,-,-,4630.4000,4628.8000,4622.4000,4615.2000,4610.0000,4635.2000,4635.8000,4636.0000,4636.4000,4638.0000,1,2,3,3,5,1,3,1,1,1
SF,IF2106,2020-10-30 09:32:54.000,4632.0000,3670,0,120943920.000,0,-,-,-,-,4630.4000,4628.8000,4622.4000,4615.2000,4610.0000,4635.0000,4635.2000,4635.8000,4636.0000,4636.4000,1,2,3,3,5,4,1,1,1,1
SF,IF2106,2020-10-30 09:32:54.500,4632.0000,3670,0,120943920.000,0,-,-,-,-,4630.4000,4628.8000,4622.4000,4615.2000,4610.0000,4635.0000,4635.2000,4635.8000,4636.0000,4636.4000,1,2,3,3,5,4,1,1,1,1
SF,IF2106,2020-10-30 09:32:55.000,4632.0000,3670,0,120943920.000,0,-,-,-,-,4630.4000,4628.8000,4622.4000,4615.2000,4610.0000,4634.8000,4635.0000,4635.2000,4635.8000,4636.0000,1,2,3,3,5,1,4,1,1,1
SF,IF2106,2020-10-30 09:32:55.500,4632.0000,3670,0,120943920.000,0,-,-,-,-,4630.4000,4628.8000,4622.4000,4615.2000,4610.0000,4634.4000,4634.6000,4634.8000,4635.0000,4635.8000,1,2,3,3,5,1,3,1,2,1
SF,IF2106,2020-10-30 09:32:56.000,4632.0000,3670,0,120943920.000,0,-,-,-,-,4630.4000,4628.8000,4622.4000,4615.2000,4610.0000,4634.2000,4634.4000,4634.6000,4634.8000,4635.0000,1,2,3,3,5,3,2,1,1,2
SF,IF2106,2020-10-30 09:32:56.500,4632.0000,3670,0,120943920.000,0,-,-,-,-,4630.4000,4628.8000,4622.4000,4615.2000,4610.0000,4634.2000,4634.4000,4634.6000,4635.0000,4636.0000,1,2,3,3,5,3,1,1,2,1
SF,IF2106,2020-10-30 09:32:57.000,4632.0000,3670,0,120943920.000,0,-,-,-,-,4630.6000,4630.4000,4628.8000,4622.4000,4615.2000,4634.2000,4634.6000,4635.0000,4636.0000,4638.8000,1,1,2,3,3,2,1,2,1,1
SF,IF2106,2020-10-30 09:32:57.500,4632.0000,3670,0,120943920.000,0,-,-,-,-,4630.8000,4630.6000,4628.8000,4622.4000,4615.2000,4634.2000,4634.6000,4635.0000,4636.0000,4638.8000,1,1,2,3,3,2,1,2,1,1
SF,IF2106,2020-10-30 09:32:58.000,4632.0000,3670,0,120943920.000,0,-,-,-,-,4630.8000,4628.8000,4622.4000,4615.2000,4610.0000,4634.0000,4634.2000,4634.6000,4635.0000,4636.0000,1,2,3,3,5,1,2,1,2,1
SF,IF2106,2020-10-30 09:32:58.500,4632.0000,3670,0,120943920.000,0,-,-,-,-,4630.8000,4628.8000,4622.4000,4615.2000,4610.0000,4633.8000,4634.0000,4634.2000,4634.6000,4635.0000,1,2,3,3,5,2,1,1,1,1
SF,IF2106,2020-10-30 09:32:59.000,4632.0000,3670,0,120943920.000,0,-,-,-,-,4631.0000,4630.8000,4628.8000,4622.4000,4615.2000,4633.8000,4634.2000,4634.6000,4635.0000,4636.0000,1,2,1,3,3,2,1,1,1,1
SF,IF2106,2020-10-30 09:32:59.500,4632.0000,3670,0,120943920.000,0,-,-,-,-,4631.2000,4631.0000,4630.8000,4628.8000,4622.4000,4633.8000,4634.2000,4634.6000,4635.0000,4636.0000,1,1,1,1,3,2,1,1,1,1
SF,IF2106,2020-10-30 09:33:01.000,4632.0000,3670,0,120943920.000,0,-,-,-,-,4631.2000,4631.0000,4628.6000,4622.4000,4615.2000,4633.8000,4634.2000,4634.6000,4635.0000,4636.0000,1,1,1,3,3,2,1,1,1,1
SF,IF2106,2020-10-30 09:33:01.500,4631.2000,3670,0,122333280.000,1,0,1,多换,S,4631.0000,4628.6000,4622.4000,4615.2000,4610.0000,4633.8000,4634.2000,4634.6000,4635.0000,4636.0000,1,1,3,3,5,2,1,1,1,1
SF,IF2106,2020-10-30 09:33:02.000,4631.0000,3670,0,125111880.000,2,1,1,多换,S,4628.6000,4622.4000,4615.2000,4610.0000,4608.0000,4633.6000,4633.8000,4634.2000,4634.6000,4635.0000,1,3,3,5,1,1,2,1,1,1
SF,IF2106,2020-10-30 09:33:02.500,4631.0000,3670,0,125111880.000,0,-,-,-,-,4628.8000,4628.6000,4622.4000,4615.2000,4610.0000,4633.4000,4633.6000,4633.8000,4634.2000,4635.0000,1,1,3,3,5,3,1,1,1,1
SF,IF2106,2020-10-30 09:33:03.000,4631.0000,3670,0,125111880.000,0,-,-,-,-,4628.8000,4628.6000,4622.4000,4615.2000,4612.0000,4633.4000,4633.8000,4634.2000,4635.0000,4636.0000,1,1,3,3,2,3,1,1,1,1
SF,IF2106,2020-10-30 09:33:03.500,4631.0000,3670,0,125111880.000,0,-,-,-,-,4628.8000,4628.6000,4622.4000,4615.2000,4612.0000,4633.4000,4633.8000,4634.2000,4636.0000,4638.8000,1,1,3,3,2,3,1,1,1,1
SF,IF2106,2020-10-30 09:33:05.000,4631.0000,3670,0,125111880.000,0,-,-,-,-,4628.8000,4628.6000,4622.4000,4615.2000,4612.0000,4633.4000,4633.8000,4634.2000,4636.0000,4638.8000,2,1,3,3,2,3,1,1,1,1
SF,IF2106,2020-10-30 09:33:05.500,4631.0000,3670,0,125111880.000,0,-,-,-,-,4628.8000,4628.6000,4622.4000,4615.2000,4612.0000,4633.4000,4633.8000,4634.2000,4636.0000,4638.8000,3,1,3,3,2,3,1,1,1,1
SF,IF2106,2020-10-30 09:33:06.500,4631.0000,3670,0,125111880.000,0,-,-,-,-,4628.8000,4628.6000,4622.4000,4615.2000,4612.0000,4633.4000,4633.8000,4634.2000,4636.0000,4638.8000,3,1,3,3,2,3,1,1,1,1
SF,IF2106,2020-10-30 09:33:07.000,4631.0000,3670,0,125111880.000,0,-,-,-,-,4629.2000,4628.8000,4628.6000,4622.4000,4615.2000,4633.4000,4633.8000,4634.2000,4636.0000,4638.8000,1,3,1,3,3,3,1,1,1,1
SF,IF2106,2020-10-30 09:33:07.500,4631.0000,3670,0,125111880.000,0,-,-,-,-,4629.4000,4629.2000,4628.8000,4628.6000,4622.4000,4633.4000,4633.8000,4634.2000,4636.0000,4638.8000,1,2,2,1,3,3,1,1,1,1
SF,IF2106,2020-10-30 09:33:08.000,4631.0000,3670,0,125111880.000,0,-,-,-,-,4630.2000,4629.4000,4629.2000,4628.8000,4628.6000,4633.4000,4633.8000,4634.2000,4636.0000,4638.8000,1,1,1,2,1,3,1,1,1,1
SF,IF2106,2020-10-30 09:33:08.500,4631.0000,3670,0,125111880.000,0,-,-,-,-,4630.4000,4630.2000,4629.2000,4628.8000,4628.6000,4633.4000,4633.8000,4634.2000,4636.0000,4638.8000,1,1,1,2,1,3,1,1,1,1
SF,IF2106,2020-10-30 09:33:09.500,4631.0000,3670,0,125111880.000,0,-,-,-,-,4631.0000,4630.4000,4629.2000,4628.8000,4628.6000,4633.4000,4633.8000,4634.2000,4636.0000,4638.8000,1,1,1,2,1,3,1,1,1,1
SF,IF2106,2020-10-30 09:33:10.000,4631.0000,3670,0,125111880.000,0,-,-,-,-,4631.0000,4630.4000,4629.2000,4628.8000,4628.6000,4633.4000,4633.8000,4634.2000,4636.0000,4638.8000,1,1,1,1,1,2,1,1,1,1
SF,IF2106,2020-10-30 09:33:10.500,4631.0000,3670,0,125111880.000,0,-,-,-,-,4631.2000,4631.0000,4629.2000,4628.8000,4628.6000,4633.4000,4633.8000,4634.2000,4636.0000,4638.8000,1,1,1,1,1,2,1,1,1,1
SF,IF2106,2020-10-30 09:33:12.500,4631.0000,3670,0,125111880.000,0,-,-,-,-,4631.2000,4631.0000,4629.2000,4628.8000,4628.6000,4633.4000,4633.8000,4634.2000,4636.0000,4638.8000,2,1,1,1,1,2,1,1,1,1
SF,IF2106,2020-10-30 09:33:13.000,4633.4000,3670,0,126501900.000,1,0,1,多换,S,4631.2000,4631.0000,4629.2000,4628.8000,4628.6000,4633.4000,4633.8000,4634.2000,4636.0000,4638.8000,2,1,1,1,1,1,1,1,1,1
SF,IF2106,2020-10-30 09:33:13.500,4633.4000,3670,0,126501900.000,0,-,-,-,-,4631.6000,4631.2000,4629.2000,4628.8000,4628.6000,4633.2000,4633.4000,4633.8000,4636.0000,4638.8000,1,2,1,1,1,1,1,1,1,1
SF,IF2106,2020-10-30 09:33:14.000,4633.4000,3670,0,126501900.000,0,-,-,-,-,4631.6000,4631.2000,4629.2000,4628.8000,4622.4000,4633.0000,4633.2000,4633.8000,4636.0000,4638.8000,1,2,1,1,3,1,1,1,1,1
SF,IF2106,2020-10-30 09:33:14.500,4633.4000,3670,0,126501900.000,0,-,-,-,-,4631.6000,4631.2000,4629.2000,4628.8000,4622.4000,4632.8000,4633.0000,4633.2000,4636.0000,4638.8000,1,2,1,1,3,1,1,1,1,1
SF,IF2106,2020-10-30 09:33:15.000,4633.4000,3670,0,126501900.000,0,-,-,-,-,4631.6000,4631.2000,4629.2000,4628.8000,4622.4000,4632.6000,4632.8000,4633.2000,4636.0000,4638.8000,1,2,1,1,3,1,1,1,1,1
SF,IF2106,2020-10-30 09:33:15.500,4632.8000,3667,-3,130671300.000,3,0,3,双平,S,4631.6000,4631.2000,4629.2000,4628.8000,4622.4000,4636.0000,4638.8000,4640.0000,4647.0000,4654.0000,2,2,1,1,3,1,1,5,1,1
SF,IF2106,2020-10-30 09:33:16.000,4632.8000,3667,0,130671300.000,0,-,-,-,-,4631.8000,4631.6000,4631.2000,4629.2000,4622.4000,4635.2000,4635.8000,4636.0000,4638.8000,4640.0000,1,3,1,1,3,1,2,1,1,5
SF,IF2106,2020-10-30 09:33:16.500,4632.8000,3667,0,130671300.000,0,-,-,-,-,4631.8000,4631.6000,4631.2000,4629.2000,4622.4000,4634.8000,4635.0000,4635.2000,4636.0000,4638.8000,1,2,1,1,3,1,2,1,1,1
SF,IF2106,2020-10-30 09:33:17.000,4632.8000,3667,0,130671300.000,0,-,-,-,-,4632.0000,4631.8000,4631.6000,4631.2000,4629.2000,4634.6000,4634.8000,4635.2000,4636.0000,4638.8000,2,1,1,1,1,2,1,1,1,1
SF,IF2106,2020-10-30 09:33:17.500,4632.8000,3667,0,130671300.000,0,-,-,-,-,4632.2000,4632.0000,4631.6000,4631.2000,4629.2000,4634.6000,4635.2000,4636.0000,4638.8000,4640.0000,1,2,1,1,1,2,1,1,1,5
SF,IF2106,2020-10-30 09:33:18.000,4632.8000,3667,0,130671300.000,0,-,-,-,-,4632.2000,4632.0000,4631.6000,4631.2000,4629.2000,4634.6000,4635.2000,4636.0000,4638.8000,4640.0000,1,2,1,1,1,1,1,1,1,5
SF,IF2106,2020-10-30 09:33:18.500,4632.8000,3667,0,130671300.000,0,-,-,-,-,4632.6000,4632.2000,4632.0000,4631.6000,4631.2000,4634.6000,4635.2000,4638.8000,4640.0000,4647.0000,1,1,1,1,1,2,1,1,5,1
SF,IF2106,2020-10-30 09:33:19.000,4632.8000,3667,0,130671300.000,0,-,-,-,-,4632.8000,4632.6000,4632.0000,4631.6000,4631.2000,4634.6000,4638.2000,4638.8000,4640.0000,4647.0000,1,1,1,1,1,2,1,1,5,1
SF,IF2106,2020-10-30 09:33:19.500,4632.8000,3667,0,130671300.000,0,-,-,-,-,4632.8000,4632.6000,4632.0000,4631.6000,4631.2000,4634.6000,4638.2000,4638.8000,4640.0000,4647.0000,1,1,1,1,1,1,1,1,5,1
SF,IF2106,2020-10-30 09:33:21.500,4632.8000,3667,0,130671300.000,0,-,-,-,-,4632.8000,4632.0000,4631.6000,4631.2000,4622.4000,4634.6000,4638.2000,4638.8000,4640.0000,4647.0000,1,1,1,1,3,1,1,1,5,1
SF,IF2106,2020-10-30 09:33:22.000,4632.8000,3667,0,130671300.000,0,-,-,-,-,4632.8000,4632.0000,4631.6000,4631.2000,4622.4000,4638.2000,4638.8000,4640.0000,4647.0000,4654.0000,1,1,1,1,3,1,1,5,1,1
SF,IF2106,2020-10-30 09:33:22.500,4632.8000,3667,0,130671300.000,0,-,-,-,-,4633.0000,4632.8000,4632.0000,4631.6000,4631.2000,4638.0000,4638.2000,4638.8000,4640.0000,4647.0000,2,1,1,1,1,3,1,1,5,1
SF,IF2106,2020-10-30 09:33:23.000,4632.8000,3667,0,130671300.000,0,-,-,-,-,4633.2000,4633.0000,4632.0000,4631.6000,4631.2000,4638.0000,4638.2000,4638.8000,4640.0000,4647.0000,1,2,1,1,1,3,1,1,5,1
SF,IF2106,2020-10-30 09:33:23.500,4632.8000,3667,0,130671300.000,0,-,-,-,-,4633.4000,4633.2000,4633.0000,4632.0000,4631.6000,4637.0000,4638.0000,4638.2000,4638.8000,4640.0000,1,1,2,1,1,1,2,1,1,5
SF,IF2106,2020-10-30 09:33:24.000,4632.8000,3667,0,130671300.000,0,-,-,-,-,4633.8000,4633.6000,4633.4000,4633.0000,4632.0000,4636.8000,4637.0000,4638.2000,4638.8000,4640.0000,1,1,1,1,1,2,1,1,1,5
SF,IF2106,2020-10-30 09:33:24.500,4632.8000,3667,0,130671300.000,0,-,-,-,-,4634.0000,4633.8000,4633.4000,4633.0000,4632.0000,4636.8000,4637.0000,4638.2000,4638.8000,4640.0000,1,1,1,1,1,2,1,1,1,5
SF,IF2106,2020-10-30 09:33:25.000,4632.8000,3667,0,130671300.000,0,-,-,-,-,4634.0000,4633.8000,4633.4000,4633.0000,4632.0000,4636.8000,4637.0000,4638.8000,4640.0000,4647.0000,1,1,1,1,1,2,1,1,5,1
SF,IF2106,2020-10-30 09:33:26.000,4632.8000,3667,0,130671300.000,0,-,-,-,-,4634.0000,4633.8000,4633.0000,4632.0000,4631.6000,4636.8000,4637.0000,4638.8000,4640.0000,4647.0000,1,1,1,1,1,2,1,1,5,1
SF,IF2106,2020-10-30 09:33:26.500,4632.8000,3667,0,130671300.000,0,-,-,-,-,4634.0000,4633.8000,4632.0000,4631.6000,4622.4000,4636.6000,4636.8000,4637.0000,4638.8000,4640.0000,1,1,1,1,3,1,2,1,1,5
SF,IF2106,2020-10-30 09:33:27.000,4632.8000,3667,0,130671300.000,0,-,-,-,-,4634.0000,4633.8000,4632.0000,4622.4000,4621.0000,4636.4000,4636.6000,4636.8000,4637.0000,4638.8000,2,1,1,3,2,1,1,1,1,1
SF,IF2106,2020-10-30 09:33:27.500,4634.0000,3667,0,132061500.000,1,0,1,多换,S,4634.0000,4633.8000,4632.0000,4622.4000,4621.0000,4636.4000,4636.6000,4636.8000,4637.0000,4638.8000,1,1,1,3,2,1,1,1,1,1
SF,IF2106,2020-10-30 09:33:28.000,4634.0000,3667,0,132061500.000,0,-,-,-,-,4634.2000,4634.0000,4632.0000,4622.4000,4621.0000,4636.4000,4636.6000,4636.8000,4638.8000,4640.0000,1,1,1,3,2,1,1,1,1,5
SF,IF2106,2020-10-30 09:33:28.500,4634.0000,3667,0,132061500.000,0,-,-,-,-,4634.6000,4634.2000,4634.0000,4632.0000,4622.4000,4636.2000,4636.4000,4636.8000,4638.8000,4640.0000,1,1,1,1,3,1,1,1,1,5
SF,IF2106,2020-10-30 09:33:29.000,4634.0000,3667,0,132061500.000,0,-,-,-,-,4634.6000,4634.2000,4634.0000,4632.0000,4622.4000,4636.0000,4638.8000,4640.0000,4647.0000,4654.0000,1,1,1,1,3,1,1,5,1,1
SF,IF2106,2020-10-30 09:33:29.500,4636.0000,3666,-1,133452300.000,1,0,1,双平,S,4634.8000,4634.6000,4634.0000,4632.0000,4622.4000,4638.8000,4640.0000,4647.0000,4654.0000,4663.4000,1,2,1,1,3,1,5,1,1,1
SF,IF2106,2020-10-30 09:33:30.000,4636.0000,3666,0,133452300.000,0,-,-,-,-,4635.4000,4634.8000,4634.6000,4634.0000,4632.0000,4638.0000,4638.6000,4638.8000,4640.0000,4647.0000,1,1,1,1,1,1,2,1,5,1
SF,IF2106,2020-10-30 09:33:30.500,4636.0000,3666,0,133452300.000,0,-,-,-,-,4635.6000,4635.4000,4634.0000,4632.0000,4622.4000,4637.8000,4638.0000,4638.6000,4638.8000,4640.0000,1,1,1,1,3,1,1,1,1,5
SF,IF2106,2020-10-30 09:33:31.000,4636.0000,3666,0,133452300.000,0,-,-,-,-,4635.6000,4635.4000,4634.0000,4632.0000,4622.4000,4637.8000,4638.0000,4638.6000,4638.8000,4645.0000,1,1,1,1,3,1,1,1,1,5
SF,IF2106,2020-10-30 09:33:31.500,4636.0000,3666,0,133452300.000,0,-,-,-,-,4636.4000,4635.6000,4634.0000,4632.0000,4622.4000,4637.8000,4638.0000,4638.6000,4638.8000,4645.0000,1,1,1,1,3,1,1,1,1,5
SF,IF2106,2020-10-30 09:33:32.000,4637.8000,3665,-1,134843640.000,1,0,1,双平,S,4636.6000,4636.4000,4634.0000,4632.0000,4622.4000,4638.0000,4638.8000,4645.0000,4647.0000,4654.0000,1,1,1,1,3,1,1,5,1,1
SF,IF2106,2020-10-30 09:33:32.500,4637.8000,3665,0,134843640.000,0,-,-,-,-,4636.6000,4636.4000,4634.0000,4632.0000,4622.4000,4638.8000,4645.0000,4647.0000,4654.0000,4663.4000,1,1,1,1,3,1,5,1,1,1
SF,IF2106,2020-10-30 09:33:33.000,4637.8000,3665,0,134843640.000,0,-,-,-,-,4637.2000,4636.6000,4634.0000,4632.0000,4622.4000,4638.8000,4645.0000,4647.0000,4654.0000,4663.4000,1,1,1,1,3,1,5,1,1,1
SF,IF2106,2020-10-30 09:33:33.500,4637.8000,3665,0,134843640.000,0,-,-,-,-,4637.4000,4637.2000,4634.0000,4632.0000,4622.4000,4638.8000,4645.0000,4647.0000,4654.0000,4663.4000,1,1,1,1,3,1,5,1,1,1
SF,IF2106,2020-10-30 09:33:34.500,4637.8000,3665,0,134843640.000,0,-,-,-,-,4637.4000,4637.2000,4634.0000,4632.0000,4622.4000,4638.8000,4640.8000,4645.0000,4647.0000,4654.0000,1,1,1,1,3,1,1,5,1,1
SF,IF2106,2020-10-30 09:33:35.500,4637.8000,3665,0,134843640.000,0,-,-,-,-,4638.0000,4637.4000,4634.0000,4632.0000,4622.4000,4638.8000,4640.8000,4645.0000,4647.0000,4654.0000,1,1,1,1,3,1,1,5,1,1
SF,IF2106,2020-10-30 09:33:36.000,4638.8000,3665,0,136235280.000,1,0,1,多换,S,4638.8000,4638.2000,4638.0000,4634.0000,4632.0000,4640.8000,4645.0000,4647.0000,4654.0000,4663.4000,1,1,1,1,1,1,5,1,1,1
SF,IF2106,2020-10-30 09:33:36.500,4638.8000,3664,-1,137626920.000,1,0,1,双平,S,4638.2000,4638.0000,4634.0000,4632.0000,4622.4000,4640.6000,4640.8000,4645.0000,4647.0000,4654.0000,1,1,1,1,3,1,2,5,1,1
SF,IF2106,2020-10-30 09:33:37.000,4638.2000,3663,-1,139018380.000,1,0,1,双平,S,4638.0000,4634.0000,4632.0000,4622.4000,4621.0000,4640.4000,4640.6000,4640.8000,4645.0000,4647.0000,1,1,1,3,2,1,1,1,5,1
SF,IF2106,2020-10-30 09:33:37.500,4638.2000,3663,0,139018380.000,0,-,-,-,-,4638.0000,4634.0000,4632.0000,4622.4000,4621.0000,4640.2000,4640.4000,4640.8000,4645.0000,4647.0000,1,1,1,3,2,2,1,1,5,1
SF,IF2106,2020-10-30 09:33:38.000,4638.0000,3663,0,140409780.000,1,0,1,多换,S,4632.0000,4622.4000,4621.0000,4615.2000,4612.0000,4639.8000,4640.2000,4640.8000,4645.0000,4647.0000,1,3,2,3,2,1,2,1,5,1
SF,IF2106,2020-10-30 09:33:38.500,4638.0000,3663,0,140409780.000,0,-,-,-,-,4632.2000,4632.0000,4622.4000,4621.0000,4615.2000,4639.6000,4639.8000,4640.2000,4645.0000,4647.0000,1,1,3,2,3,2,1,1,5,1
SF,IF2106,2020-10-30 09:33:39.000,4638.0000,3663,0,140409780.000,0,-,-,-,-,4632.4000,4632.2000,4632.0000,4622.4000,4621.0000,4639.0000,4639.6000,4640.2000,4645.0000,4647.0000,1,1,1,3,2,1,2,1,5,1
SF,IF2106,2020-10-30 09:33:39.500,4638.0000,3663,0,140409780.000,0,-,-,-,-,4632.8000,4632.6000,4632.4000,4632.0000,4622.4000,4638.8000,4639.0000,4640.2000,4645.0000,4647.0000,1,2,1,1,3,2,1,1,5,1
SF,IF2106,2020-10-30 09:33:40.000,4638.0000,3663,0,140409780.000,0,-,-,-,-,4633.2000,4633.0000,4632.8000,4632.6000,4632.4000,4638.6000,4638.8000,4640.2000,4645.0000,4647.0000,2,2,1,1,1,1,2,1,5,1
SF,IF2106,2020-10-30 09:33:40.500,4638.0000,3663,0,140409780.000,0,-,-,-,-,4633.4000,4633.0000,4632.8000,4632.4000,4632.0000,4638.4000,4638.6000,4645.0000,4647.0000,4654.0000,2,1,1,1,1,4,1,5,1,1
SF,IF2106,2020-10-30 09:33:41.500,4638.0000,3663,0,140409780.000,0,-,-,-,-,4637.4000,4633.4000,4633.0000,4632.4000,4632.0000,4638.2000,4638.4000,4645.0000,4647.0000,4654.0000,1,3,1,1,1,1,4,5,1,1
SF,IF2106,2020-10-30 09:33:42.000,4637.4000,3662,-1,141801000.000,1,0,1,双平,S,4633.4000,4633.0000,4632.4000,4632.0000,4622.4000,4638.0000,4638.2000,4638.4000,4645.0000,4647.0000,3,1,1,1,3,1,1,2,5,1
SF,IF2106,2020-10-30 09:33:42.500,4637.4000,3662,0,141801000.000,0,-,-,-,-,4633.4000,4633.0000,4632.4000,4632.0000,4622.4000,4637.8000,4638.0000,4638.2000,4638.4000,4645.0000,3,1,1,1,3,1,1,1,2,5
SF,IF2106,2020-10-30 09:33:43.000,4637.4000,3662,0,141801000.000,0,-,-,-,-,4633.4000,4633.0000,4632.4000,4632.0000,4622.4000,4637.6000,4637.8000,4638.4000,4645.0000,4647.0000,3,1,1,1,3,1,2,2,5,1
SF,IF2106,2020-10-30 09:33:43.500,4637.4000,3663,1,143192220.000,1,1,0,双开,S,4633.4000,4633.0000,4632.4000,4632.0000,4622.4000,4637.6000,4637.8000,4641.4000,4645.0000,4647.0000,3,1,1,1,3,1,1,2,5,1
SF,IF2106,2020-10-30 09:33:44.000,4637.4000,3663,0,143192220.000,0,-,-,-,-,4633.6000,4633.4000,4633.0000,4632.4000,4632.0000,4637.6000,4641.4000,4645.0000,4647.0000,4654.0000,1,3,1,1,1,1,2,5,1,1
SF,IF2106,2020-10-30 09:33:44.500,4637.6000,3662,-1,144583500.000,1,0,1,双平,S,4633.8000,4633.6000,4633.4000,4633.0000,4632.4000,4645.0000,4647.0000,4654.0000,4663.4000,4679.0000,3,1,2,1,1,5,1,1,1,1
SF,IF2106,2020-10-30 09:33:45.000,4637.6000,3662,0,144583500.000,0,-,-,-,-,4634.0000,4633.8000,4633.4000,4633.0000,4632.4000,4644.8000,4645.0000,4647.0000,4654.0000,4663.4000,1,3,2,1,1,1,5,1,1,1
SF,IF2106,2020-10-30 09:33:45.500,4644.8000,3662,0,145976940.000,1,0,1,多换,S,4634.2000,4634.0000,4633.8000,4633.4000,4633.0000,4645.0000,4647.0000,4654.0000,4663.4000,4679.0000,2,1,2,2,1,5,1,1,1,1
SF,IF2106,2020-10-30 09:33:46.000,4644.8000,3662,0,145976940.000,0,-,-,-,-,4635.8000,4634.4000,4634.2000,4633.8000,4633.4000,4643.2000,4644.8000,4645.0000,4647.0000,4654.0000,1,1,2,2,2,2,1,5,1,1
SF,IF2106,2020-10-30 09:33:46.500,4644.8000,3662,0,145976940.000,0,-,-,-,-,4636.0000,4635.8000,4635.0000,4634.2000,4633.8000,4643.0000,4643.2000,4643.4000,4644.2000,4645.0000,3,1,2,1,2,1,3,1,1,5
SF,IF2106,2020-10-30 09:33:47.000,4644.8000,3662,0,145976940.000,0,-,-,-,-,4636.6000,4636.0000,4635.0000,4634.4000,4634.2000,4642.6000,4642.8000,4643.0000,4643.2000,4643.4000,1,3,2,1,1,1,1,1,3,1
SF,IF2106,2020-10-30 09:33:47.500,4644.8000,3662,0,145976940.000,0,-,-,-,-,4636.8000,4636.6000,4636.0000,4635.0000,4634.4000,4642.0000,4642.4000,4642.6000,4643.0000,4643.2000,3,1,1,1,1,1,1,3,1,1
SF,IF2106,2020-10-30 09:33:48.000,4644.8000,3662,0,145976940.000,0,-,-,-,-,4636.8000,4636.6000,4636.0000,4635.0000,4634.4000,4641.8000,4642.0000,4642.4000,4642.6000,4643.0000,3,1,1,1,1,1,1,1,3,1
SF,IF2106,2020-10-30 09:33:48.500,4642.0000,3661,-1,147369540.000,1,0,1,双平,S,4636.8000,4636.0000,4635.0000,4634.4000,4634.2000,4641.4000,4641.6000,4641.8000,4642.4000,4642.6000,3,1,1,1,1,1,2,2,1,1
SF,IF2106,2020-10-30 09:33:49.000,4642.0000,3661,0,147369540.000,0,-,-,-,-,4636.8000,4636.0000,4635.0000,4634.4000,4634.2000,4641.8000,4642.4000,4642.6000,4643.2000,4643.4000,3,1,1,1,1,1,1,1,1,1
SF,IF2106,2020-10-30 09:33:49.500,4642.0000,3661,0,147369540.000,0,-,-,-,-,4636.8000,4636.0000,4635.0000,4634.4000,4634.2000,4641.6000,4641.8000,4642.4000,4643.2000,4643.6000,3,1,1,1,1,1,1,1,1,2
SF,IF2106,2020-10-30 09:33:50.000,4642.0000,3661,0,147369540.000,0,-,-,-,-,4636.8000,4636.0000,4635.0000,4634.4000,4634.2000,4641.4000,4641.6000,4641.8000,4642.4000,4643.2000,3,1,1,1,1,1,2,1,1,1
SF,IF2106,2020-10-30 09:33:50.500,4642.0000,3661,0,147369540.000,0,-,-,-,-,4637.0000,4636.8000,4636.0000,4635.0000,4634.2000,4641.4000,4641.6000,4642.4000,4643.2000,4643.6000,1,3,1,1,1,1,1,1,1,2
SF,IF2106,2020-10-30 09:33:51.000,4642.0000,3661,0,147369540.000,0,-,-,-,-,4637.2000,4637.0000,4636.8000,4636.0000,4635.0000,4641.2000,4641.4000,4641.6000,4642.4000,4643.0000,2,1,1,1,1,4,1,1,1,1
SF,IF2106,2020-10-30 09:33:51.500,4642.0000,3661,0,147369540.000,0,-,-,-,-,4637.2000,4637.0000,4636.8000,4636.0000,4634.2000,4641.2000,4641.4000,4641.6000,4642.4000,4643.0000,1,1,1,1,1,4,1,1,1,1
SF,IF2106,2020-10-30 09:33:52.000,4642.0000,3661,0,147369540.000,0,-,-,-,-,4637.2000,4636.8000,4636.0000,4634.2000,4622.4000,4640.6000,4641.0000,4641.2000,4641.6000,4642.4000,1,1,1,1,3,1,1,3,1,1
SF,IF2106,2020-10-30 09:33:52.500,4642.0000,3661,0,147369540.000,0,-,-,-,-,4637.2000,4636.0000,4634.2000,4622.4000,4621.0000,4640.4000,4640.6000,4641.0000,4641.2000,4641.6000,1,1,1,3,2,1,1,1,1,1
SF,IF2106,2020-10-30 09:33:53.000,4642.0000,3661,0,147369540.000,0,-,-,-,-,4637.2000,4636.0000,4634.2000,4622.4000,4621.0000,4640.2000,4640.4000,4640.6000,4641.2000,4641.6000,1,1,1,3,2,1,2,1,1,1
SF,IF2106,2020-10-30 09:33:53.500,4642.0000,3661,0,147369540.000,0,-,-,-,-,4637.2000,4636.0000,4634.2000,4622.4000,4621.0000,4640.0000,4640.2000,4640.4000,4641.2000,4641.6000,1,1,1,3,2,2,1,1,1,1
SF,IF2106,2020-10-30 09:33:54.000,4642.0000,3661,0,147369540.000,0,-,-,-,-,4637.2000,4636.0000,4634.2000,4622.4000,4621.0000,4640.0000,4641.6000,4643.2000,4643.6000,4644.0000,1,1,1,3,2,2,1,1,2,1
SF,IF2106,2020-10-30 09:33:54.500,4642.0000,3661,0,147369540.000,0,-,-,-,-,4637.2000,4636.0000,4634.2000,4622.4000,4621.0000,4639.8000,4640.0000,4643.2000,4643.6000,4644.2000,1,1,1,3,2,1,3,1,2,2
SF,IF2106,2020-10-30 09:33:55.000,4642.0000,3661,0,147369540.000,0,-,-,-,-,4637.2000,4636.0000,4634.2000,4622.4000,4621.0000,4639.8000,4640.0000,4643.2000,4643.6000,4645.0000,1,1,1,3,2,1,3,1,2,5
SF,IF2106,2020-10-30 09:33:55.500,4642.0000,3661,0,147369540.000,0,-,-,-,-,4637.4000,4637.2000,4636.0000,4634.2000,4622.4000,4639.8000,4640.0000,4643.2000,4643.6000,4645.0000,1,1,1,1,3,1,2,1,2,5
SF,IF2106,2020-10-30 09:33:56.000,4642.0000,3661,0,147369540.000,0,-,-,-,-,4637.6000,4637.4000,4636.0000,4634.2000,4622.4000,4639.8000,4640.0000,4643.2000,4643.6000,4645.0000,1,1,1,1,3,1,1,1,2,5
SF,IF2106,2020-10-30 09:33:56.500,4642.0000,3661,0,147369540.000,0,-,-,-,-,4637.6000,4636.0000,4634.2000,4622.4000,4621.0000,4639.8000,4643.2000,4643.6000,4645.0000,4647.0000,1,1,1,3,2,2,1,2,5,1
SF,IF2106,2020-10-30 09:33:57.000,4642.0000,3661,0,147369540.000,0,-,-,-,-,4637.6000,4636.0000,4634.2000,4622.4000,4621.0000,4639.8000,4643.2000,4643.6000,4645.0000,4647.0000,1,1,1,3,2,1,1,2,5,1
SF,IF2106,2020-10-30 09:33:57.500,4639.8000,3661,0,148761480.000,1,0,1,多换,S,4637.6000,4636.0000,4634.2000,4622.4000,4621.0000,4643.2000,4643.6000,4645.0000,4647.0000,4654.0000,1,1,1,3,2,1,1,5,1,1
SF,IF2106,2020-10-30 09:33:58.000,4639.8000,3661,0,148761480.000,0,-,-,-,-,4637.8000,4637.6000,4636.0000,4634.2000,4622.4000,4643.0000,4643.2000,4643.6000,4645.0000,4647.0000,1,1,1,1,3,2,1,1,5,1
SF,IF2106,2020-10-30 09:33:58.500,4639.8000,3661,0,148761480.000,0,-,-,-,-,4638.0000,4637.8000,4636.0000,4634.2000,4622.4000,4643.0000,4643.2000,4643.6000,4645.0000,4647.0000,1,1,1,1,3,2,1,1,5,1
SF,IF2106,2020-10-30 09:33:59.000,4639.8000,3661,0,148761480.000,0,-,-,-,-,4638.0000,4636.0000,4634.2000,4622.4000,4621.0000,4642.4000,4642.6000,4642.8000,4643.0000,4643.2000,1,1,1,3,2,1,1,1,2,1
SF,IF2106,2020-10-30 09:33:59.500,4639.8000,3661,0,148761480.000,0,-,-,-,-,4638.2000,4638.0000,4636.0000,4634.2000,4622.4000,4642.2000,4642.4000,4642.6000,4643.0000,4643.2000,1,1,1,1,3,1,1,1,1,1
SF,IF2106,2020-10-30 09:34:00.000,4639.8000,3661,0,148761480.000,0,-,-,-,-,4638.4000,4638.2000,4636.0000,4634.2000,4622.4000,4642.2000,4642.4000,4642.6000,4643.0000,4643.2000,1,1,1,1,3,1,1,1,1,1
SF,IF2106,2020-10-30 09:34:00.500,4639.8000,3661,0,148761480.000,0,-,-,-,-,4638.4000,4638.2000,4636.0000,4634.2000,4622.4000,4642.0000,4642.2000,4642.4000,4642.6000,4643.0000,1,1,1,1,3,1,1,1,1,1
SF,IF2106,2020-10-30 09:34:01.000,4639.8000,3661,0,148761480.000,0,-,-,-,-,4638.4000,4636.0000,4634.2000,4622.4000,4621.0000,4641.8000,4642.0000,4642.4000,4642.6000,4643.0000,1,1,1,3,2,1,1,1,1,1
SF,IF2106,2020-10-30 09:34:01.500,4639.8000,3661,0,148761480.000,0,-,-,-,-,4638.4000,4636.0000,4634.2000,4622.4000,4621.0000,4641.6000,4641.8000,4642.4000,4642.6000,4643.0000,1,1,1,3,2,1,1,1,1,1
SF,IF2106,2020-10-30 09:34:02.000,4639.8000,3661,0,148761480.000,0,-,-,-,-,4638.4000,4636.0000,4634.2000,4622.4000,4621.0000,4641.4000,4641.6000,4642.4000,4642.6000,4643.0000,1,1,1,3,2,2,1,1,1,1
SF,IF2106,2020-10-30 09:34:02.500,4638.4000,3660,-1,150153000.000,1,0,1,双平,S,4636.0000,4634.2000,4622.4000,4622.0000,4621.0000,4641.0000,4641.4000,4642.4000,4642.6000,4643.0000,1,1,3,1,2,1,2,1,1,1
SF,IF2106,2020-10-30 09:34:03.000,4638.4000,3660,0,150153000.000,0,-,-,-,-,4636.2000,4636.0000,4634.2000,4622.4000,4622.0000,4640.8000,4641.0000,4642.4000,4642.6000,4643.0000,1,1,1,3,1,1,1,1,1,1
SF,IF2106,2020-10-30 09:34:03.500,4638.4000,3660,0,150153000.000,0,-,-,-,-,4636.4000,4636.2000,4636.0000,4634.2000,4622.4000,4640.6000,4640.8000,4641.0000,4642.4000,4642.6000,1,1,1,1,3,1,1,1,1,1
SF,IF2106,2020-10-30 09:34:04.000,4638.4000,3660,0,150153000.000,0,-,-,-,-,4637.2000,4636.6000,4636.0000,4634.2000,4622.4000,4640.2000,4640.4000,4640.6000,4642.6000,4643.0000,1,1,1,1,3,1,1,1,1,1
SF,IF2106,2020-10-30 09:34:04.500,4637.2000,3658,-2,152935380.000,2,0,2,双平,S,4634.2000,4622.4000,4622.0000,4621.0000,4615.2000,4640.0000,4640.2000,4640.4000,4642.6000,4643.0000,1,3,1,2,3,1,1,1,1,1
SF,IF2106,2020-10-30 09:34:05.000,4637.2000,3658,0,152935380.000,0,-,-,-,-,4634.4000,4634.2000,4622.4000,4622.0000,4621.0000,4640.0000,4640.2000,4640.4000,4642.6000,4643.0000,1,1,3,1,2,1,1,1,1,1
SF,IF2106,2020-10-30 09:34:05.500,4637.2000,3658,0,152935380.000,0,-,-,-,-,4634.6000,4634.4000,4634.2000,4622.4000,4622.0000,4639.4000,4639.8000,4640.0000,4642.6000,4643.0000,1,1,1,3,1,1,1,1,1,1
SF,IF2106,2020-10-30 09:34:06.000,4637.2000,3658,0,152935380.000,0,-,-,-,-,4634.6000,4634.2000,4622.4000,4622.0000,4621.0000,4639.2000,4639.4000,4639.6000,4642.6000,4643.0000,1,1,3,1,2,1,1,1,1,1
SF,IF2106,2020-10-30 09:34:06.500,4637.2000,3658,0,152935380.000,0,-,-,-,-,4634.8000,4634.6000,4634.2000,4622.4000,4622.0000,4639.2000,4639.4000,4639.6000,4642.6000,4643.0000,1,1,1,3,1,1,1,1,1,1
SF,IF2106,2020-10-30 09:34:07.000,4637.2000,3658,0,152935380.000,0,-,-,-,-,4635.0000,4634.8000,4634.2000,4622.4000,4622.0000,4639.0000,4639.2000,4639.6000,4642.6000,4643.0000,1,1,1,3,1,2,1,1,1,1
SF,IF2106,2020-10-30 09:34:07.500,4637.2000,3658,0,152935380.000,0,-,-,-,-,4635.0000,4634.2000,4622.4000,4622.0000,4621.0000,4638.8000,4639.0000,4639.6000,4642.6000,4643.2000,2,1,3,1,2,1,2,1,1,1
SF,IF2106,2020-10-30 09:34:08.000,4637.2000,3658,0,152935380.000,0,-,-,-,-,4635.2000,4635.0000,4622.4000,4622.0000,4621.0000,4638.8000,4639.0000,4639.6000,4642.6000,4643.2000,1,2,3,1,2,1,1,1,1,1
SF,IF2106,2020-10-30 09:34:08.500,4637.2000,3658,0,152935380.000,0,-,-,-,-,4635.4000,4635.2000,4622.4000,4622.0000,4621.0000,4638.6000,4638.8000,4642.6000,4643.2000,4645.0000,1,1,3,1,2,2,1,1,1,5
SF,IF2106,2020-10-30 09:34:09.000,4637.2000,3658,0,152935380.000,0,-,-,-,-,4635.4000,4622.4000,4622.0000,4621.0000,4615.2000,4638.4000,4638.6000,4642.6000,4643.2000,4645.0000,1,3,1,2,3,1,2,1,1,5
SF,IF2106,2020-10-30 09:34:09.500,4637.2000,3658,0,152935380.000,0,-,-,-,-,4635.6000,4635.4000,4622.4000,4622.0000,4621.0000,4638.4000,4638.6000,4642.6000,4643.2000,4645.0000,1,1,3,1,2,1,1,1,1,5
SF,IF2106,2020-10-30 09:34:10.000,4637.2000,3658,0,152935380.000,0,-,-,-,-,4635.6000,4622.4000,4622.0000,4621.0000,4615.2000,4638.2000,4638.4000,4642.6000,4643.2000,4645.0000,1,3,1,2,3,1,1,1,1,5
SF,IF2106,2020-10-30 09:34:12.500,4637.2000,3658,0,152935380.000,0,-,-,-,-,4635.8000,4635.6000,4622.4000,4622.0000,4621.0000,4638.2000,4638.4000,4642.6000,4643.2000,4643.8000,1,1,3,1,2,1,1,1,1,3
SF,IF2106,2020-10-30 09:34:13.000,4637.2000,3658,0,152935380.000,0,-,-,-,-,4635.8000,4622.4000,4622.0000,4621.0000,4615.2000,4638.2000,4638.4000,4642.6000,4643.2000,4643.8000,1,3,1,2,3,2,1,1,1,3
SF,IF2106,2020-10-30 09:34:13.500,4637.2000,3658,0,152935380.000,0,-,-,-,-,4622.4000,4622.0000,4621.0000,4615.2000,4612.0000,4638.2000,4638.4000,4642.6000,4643.2000,4643.8000,3,1,2,3,2,2,1,1,1,3
SF,IF2106,2020-10-30 09:34:14.000,4637.2000,3658,0,152935380.000,0,-,-,-,-,4630.6000,4628.8000,4622.6000,4622.4000,4622.0000,4638.0000,4638.2000,4642.6000,4643.2000,4643.8000,3,3,3,3,1,1,2,1,1,3
SF,IF2106,2020-10-30 09:34:14.500,4637.2000,3658,0,152935380.000,0,-,-,-,-,4630.8000,4630.6000,4628.8000,4622.6000,4622.4000,4638.0000,4638.2000,4642.6000,4643.2000,4643.8000,1,3,3,1,3,1,1,1,1,3
SF,IF2106,2020-10-30 09:34:15.000,4637.2000,3658,0,152935380.000,0,-,-,-,-,4632.0000,4631.0000,4630.8000,4630.6000,4628.8000,4638.0000,4638.2000,4642.6000,4643.2000,4643.8000,1,1,2,3,3,1,1,1,1,3
SF,IF2106,2020-10-30 09:34:15.500,4637.2000,3658,0,152935380.000,0,-,-,-,-,4632.2000,4632.0000,4630.8000,4630.6000,4628.8000,4637.8000,4638.0000,4638.2000,4642.6000,4643.2000,1,1,1,3,3,2,1,1,1,1
SF,IF2106,2020-10-30 09:34:16.000,4637.2000,3658,0,152935380.000,0,-,-,-,-,4633.0000,4632.4000,4632.2000,4632.0000,4630.8000,4637.6000,4637.8000,4642.6000,4643.2000,4643.8000,1,1,2,1,1,1,2,1,1,3
SF,IF2106,2020-10-30 09:34:16.500,4637.6000,3659,1,154326660.000,1,1,0,双开,S,4633.2000,4633.0000,4632.2000,4632.0000,4630.8000,4637.8000,4642.6000,4643.2000,4643.8000,4645.0000,2,1,1,1,1,1,1,1,3,5
SF,IF2106,2020-10-30 09:34:17.000,4637.6000,3659,0,154326660.000,0,-,-,-,-,4633.4000,4633.2000,4633.0000,4632.2000,4632.0000,4637.0000,4642.6000,4643.2000,4643.8000,4645.0000,1,4,1,1,1,1,1,1,3,5
SF,IF2106,2020-10-30 09:34:17.500,4637.6000,3659,0,154326660.000,0,-,-,-,-,4634.8000,4633.8000,4633.6000,4633.4000,4633.2000,4636.8000,4637.0000,4642.6000,4643.2000,4643.8000,1,1,1,1,2,1,1,1,1,3
SF,IF2106,2020-10-30 09:34:18.000,4637.6000,3659,0,154326660.000,0,-,-,-,-,4634.8000,4633.8000,4633.6000,4633.2000,4632.2000,4636.8000,4637.0000,4642.6000,4643.2000,4643.8000,1,1,1,2,1,1,1,1,1,3
SF,IF2106,2020-10-30 09:34:18.500,4636.8000,3658,-1,155717700.000,1,0,1,双平,S,4635.0000,4634.8000,4633.6000,4633.2000,4632.2000,4642.6000,4643.2000,4643.8000,4645.0000,4647.0000,2,1,1,2,1,1,1,3,5,1
SF,IF2106,2020-10-30 09:34:19.000,4636.8000,3658,0,155717700.000,0,-,-,-,-,4635.2000,4635.0000,4634.8000,4633.2000,4632.2000,4642.6000,4643.2000,4643.8000,4645.0000,4647.0000,1,2,1,2,1,2,1,3,5,1
SF,IF2106,2020-10-30 09:34:19.500,4636.8000,3658,0,155717700.000,0,-,-,-,-,4635.2000,4634.8000,4633.2000,4632.2000,4632.0000,4642.6000,4643.2000,4643.8000,4645.0000,4647.0000,1,1,2,1,1,2,1,3,5,1
SF,IF2106,2020-10-30 09:34:20.000,4636.8000,3658,0,155717700.000,0,-,-,-,-,4635.4000,4635.2000,4634.8000,4633.2000,4632.2000,4642.6000,4643.2000,4643.8000,4645.0000,4647.0000,2,1,1,2,1,2,1,3,5,1
SF,IF2106,2020-10-30 09:34:20.500,4636.8000,3658,0,155717700.000,0,-,-,-,-,4635.6000,4635.4000,4634.8000,4633.2000,4632.2000,4642.6000,4643.2000,4643.8000,4645.0000,4647.0000,1,2,1,2,1,2,1,3,5,1
SF,IF2106,2020-10-30 09:34:21.000,4636.8000,3658,0,155717700.000,0,-,-,-,-,4635.6000,4634.8000,4633.2000,4632.2000,4632.0000,4642.0000,4642.6000,4643.2000,4643.8000,4645.0000,1,1,2,1,1,1,1,1,3,5
SF,IF2106,2020-10-30 09:34:21.500,4636.8000,3658,0,155717700.000,0,-,-,-,-,4635.8000,4635.6000,4634.8000,4633.2000,4632.2000,4642.0000,4642.6000,4643.2000,4643.8000,4645.0000,2,1,1,2,1,1,1,1,3,5
SF,IF2106,2020-10-30 09:34:22.000,4636.8000,3658,0,155717700.000,0,-,-,-,-,4636.0000,4635.8000,4634.8000,4633.2000,4632.2000,4641.0000,4642.0000,4642.6000,4643.2000,4643.8000,1,2,1,2,1,1,2,1,1,3
SF,IF2106,2020-10-30 09:34:22.500,4636.8000,3658,0,155717700.000,0,-,-,-,-,4636.0000,4634.8000,4633.2000,4632.2000,4632.0000,4641.0000,4642.0000,4642.6000,4643.2000,4643.8000,1,1,2,1,1,1,2,1,1,3
SF,IF2106,2020-10-30 09:34:23.000,4636.8000,3658,0,155717700.000,0,-,-,-,-,4636.2000,4636.0000,4634.8000,4633.2000,4632.2000,4641.0000,4642.0000,4642.6000,4643.2000,4643.8000,2,1,1,2,1,1,2,1,1,3
SF,IF2106,2020-10-30 09:34:23.500,4636.8000,3658,0,155717700.000,0,-,-,-,-,4636.4000,4636.2000,4634.8000,4633.2000,4632.2000,4641.0000,4642.0000,4642.6000,4643.2000,4643.8000,1,2,1,2,1,1,2,1,1,3
SF,IF2106,2020-10-30 09:34:24.000,4636.8000,3658,0,155717700.000,0,-,-,-,-,4636.4000,4634.8000,4633.2000,4632.2000,4632.0000,4641.0000,4642.0000,4642.6000,4643.2000,4643.8000,1,1,2,1,1,1,2,1,1,3
SF,IF2106,2020-10-30 09:34:24.500,4636.8000,3658,0,155717700.000,0,-,-,-,-,4636.6000,4636.4000,4634.8000,4633.2000,4632.2000,4640.6000,4641.0000,4642.0000,4642.6000,4643.2000,2,1,1,2,1,1,1,2,1,1
SF,IF2106,2020-10-30 09:34:25.000,4640.6000,3658,0,157109880.000,1,0,1,多换,S,4636.8000,4636.6000,4634.8000,4633.2000,4632.2000,4641.0000,4642.0000,4642.6000,4643.2000,4643.8000,1,1,1,2,1,1,2,1,1,3
SF,IF2106,2020-10-30 09:34:25.500,4640.6000,3658,0,157109880.000,0,-,-,-,-,4636.8000,4634.8000,4633.2000,4632.2000,4632.0000,4641.0000,4642.0000,4642.6000,4643.2000,4643.8000,2,1,2,1,1,1,2,1,1,3
SF,IF2106,2020-10-30 09:34:26.000,4640.6000,3658,0,157109880.000,0,-,-,-,-,4637.0000,4636.8000,4634.8000,4633.2000,4632.2000,4641.0000,4642.0000,4642.6000,4643.2000,4643.8000,1,2,1,1,1,1,2,1,1,3
SF,IF2106,2020-10-30 09:34:26.500,4640.6000,3658,0,157109880.000,0,-,-,-,-,4637.2000,4637.0000,4634.8000,4633.2000,4632.2000,4641.0000,4642.0000,4642.6000,4643.2000,4643.8000,2,1,1,1,1,1,2,1,1,3
SF,IF2106,2020-10-30 09:34:27.000,4637.2000,3659,1,158501040.000,1,1,0,双开,S,4637.2000,4634.8000,4633.2000,4632.2000,4632.0000,4640.8000,4641.0000,4642.0000,4642.6000,4643.2000,1,1,1,1,1,1,1,2,1,1
SF,IF2106,2020-10-30 09:34:27.500,4637.2000,3659,0,158501040.000,0,-,-,-,-,4637.4000,4637.2000,4634.8000,4633.2000,4632.2000,4639.0000,4640.8000,4641.0000,4642.0000,4642.6000,1,1,1,1,1,5,1,1,1,1
SF,IF2106,2020-10-30 09:34:28.000,4637.2000,3659,0,158501040.000,0,-,-,-,-,4637.4000,4637.2000,4634.8000,4633.2000,4632.2000,4639.0000,4640.6000,4640.8000,4642.6000,4643.2000,2,1,1,1,1,5,1,1,1,1
SF,IF2106,2020-10-30 09:34:28.500,4639.0000,3659,0,159892740.000,1,0,1,多换,S,4637.4000,4637.2000,4634.8000,4633.2000,4632.2000,4639.0000,4640.6000,4642.6000,4643.2000,4643.8000,2,1,1,1,1,4,1,1,1,3
SF,IF2106,2020-10-30 09:34:29.500,4639.0000,3659,0,159892740.000,0,-,-,-,-,4637.4000,4637.2000,4634.8000,4633.2000,4632.2000,4639.0000,4642.6000,4643.2000,4643.8000,4645.0000,2,1,1,1,1,4,1,1,3,5
SF,IF2106,2020-10-30 09:34:30.000,4637.4000,3657,-2,162675180.000,2,0,2,双平,S,4634.8000,4633.2000,4632.2000,4632.0000,4630.0000,4639.0000,4642.6000,4643.2000,4643.8000,4645.0000,1,1,1,1,1,4,1,1,3,5
SF,IF2106,2020-10-30 09:34:30.500,4637.4000,3657,0,162675180.000,0,-,-,-,-,4634.8000,4633.2000,4632.2000,4632.0000,4630.0000,4638.8000,4639.0000,4642.6000,4643.2000,4643.8000,1,1,1,1,1,1,4,1,1,3
SF,IF2106,2020-10-30 09:34:31.000,4637.4000,3657,0,162675180.000,0,-,-,-,-,4634.8000,4633.2000,4632.2000,4632.0000,4630.0000,4638.8000,4639.0000,4642.6000,4643.2000,4643.8000,1,1,1,1,1,1,4,1,1,3
SF,IF2106,2020-10-30 09:34:32.000,4637.4000,3657,0,162675180.000,0,-,-,-,-,4634.8000,4633.2000,4632.2000,4632.0000,4630.0000,4638.6000,4638.8000,4639.0000,4642.6000,4643.2000,1,1,1,1,1,1,1,4,1,1
SF,IF2106,2020-10-30 09:34:32.500,4637.4000,3657,0,162675180.000,0,-,-,-,-,4634.8000,4633.2000,4632.2000,4632.0000,4630.0000,4638.4000,4638.6000,4639.0000,4642.6000,4643.2000,1,1,1,1,1,1,1,4,1,1
SF,IF2106,2020-10-30 09:34:33.500,4637.4000,3657,0,162675180.000,0,-,-,-,-,4634.8000,4633.2000,4632.2000,4632.0000,4630.0000,4638.4000,4639.0000,4642.6000,4643.2000,4643.8000,1,1,1,1,1,1,4,1,1,3
SF,IF2106,2020-10-30 09:34:36.000,4638.4000,3658,1,164066700.000,1,1,0,双开,S,4635.0000,4634.8000,4633.2000,4632.2000,4632.0000,4639.0000,4642.6000,4643.2000,4643.8000,4645.0000,1,1,1,1,1,4,1,1,3,5
SF,IF2106,2020-10-30 09:34:37.000,4639.0000,3658,0,165458400.000,1,0,1,多换,S,4635.0000,4634.8000,4633.2000,4632.2000,4632.0000,4638.6000,4639.0000,4642.6000,4643.2000,4643.8000,1,1,1,1,1,1,3,1,1,3
SF,IF2106,2020-10-30 09:34:38.000,4639.0000,3658,0,165458400.000,0,-,-,-,-,4635.0000,4634.8000,4633.2000,4632.2000,4632.0000,4638.4000,4638.6000,4639.0000,4642.6000,4643.2000,1,1,1,1,1,1,1,3,1,1
SF,IF2106,2020-10-30 09:34:38.500,4639.0000,3658,0,165458400.000,0,-,-,-,-,4635.2000,4635.0000,4634.8000,4633.2000,4632.2000,4638.4000,4638.6000,4639.0000,4642.6000,4643.2000,1,1,1,1,1,2,1,3,1,1
SF,IF2106,2020-10-30 09:34:39.000,4639.0000,3658,0,165458400.000,0,-,-,-,-,4635.4000,4635.2000,4634.8000,4633.2000,4632.2000,4638.0000,4638.4000,4639.0000,4642.6000,4643.2000,1,1,1,1,1,2,1,3,1,1
SF,IF2106,2020-10-30 09:34:39.500,4639.0000,3658,0,165458400.000,0,-,-,-,-,4635.4000,4635.2000,4634.8000,4633.2000,4632.2000,4638.0000,4638.4000,4639.0000,4642.6000,4643.2000,1,1,1,1,1,1,1,3,1,1
SF,IF2106,2020-10-30 09:34:40.000,4639.0000,3658,0,165458400.000,0,-,-,-,-,4635.6000,4635.4000,4634.8000,4633.2000,4632.2000,4638.0000,4639.0000,4642.6000,4643.2000,4643.8000,1,1,1,1,1,1,3,1,1,3
SF,IF2106,2020-10-30 09:34:41.000,4639.0000,3658,0,165458400.000,0,-,-,-,-,4635.6000,4635.4000,4634.8000,4633.2000,4633.0000,4639.0000,4642.6000,4643.2000,4643.8000,4645.0000,1,1,1,1,5,3,1,1,3,5
SF,IF2106,2020-10-30 09:34:41.500,4639.0000,3658,0,165458400.000,0,-,-,-,-,4635.8000,4635.6000,4634.8000,4633.2000,4633.0000,4639.0000,4642.6000,4643.2000,4643.8000,4645.0000,1,1,1,1,5,3,1,1,3,5
SF,IF2106,2020-10-30 09:34:42.000,4639.0000,3658,0,165458400.000,0,-,-,-,-,4635.8000,4635.6000,4634.8000,4633.2000,4633.0000,4638.6000,4639.0000,4642.6000,4643.2000,4643.8000,1,1,1,1,5,2,3,1,1,3
SF,IF2106,2020-10-30 09:34:42.500,4639.0000,3658,0,165458400.000,0,-,-,-,-,4635.8000,4635.6000,4634.8000,4633.0000,4632.2000,4638.6000,4639.0000,4642.6000,4643.2000,4643.8000,1,1,1,5,1,2,3,1,1,3
SF,IF2106,2020-10-30 09:34:43.000,4639.0000,3658,0,165458400.000,0,-,-,-,-,4635.8000,4635.6000,4634.8000,4633.0000,4632.2000,4638.0000,4638.6000,4639.0000,4642.6000,4643.2000,1,1,1,5,1,2,1,3,1,1
SF,IF2106,2020-10-30 09:34:43.500,4639.0000,3658,0,165458400.000,0,-,-,-,-,4635.6000,4634.8000,4633.0000,4632.0000,4630.0000,4638.0000,4638.6000,4639.0000,4642.6000,4643.2000,1,1,5,1,1,2,1,3,1,1
SF,IF2106,2020-10-30 09:34:44.000,4639.0000,3658,0,165458400.000,0,-,-,-,-,4635.0000,4634.8000,4633.0000,4632.0000,4630.0000,4638.0000,4638.6000,4639.0000,4642.6000,4643.2000,1,1,5,1,1,2,1,3,1,1
SF,IF2106,2020-10-30 09:34:44.500,4639.0000,3658,0,165458400.000,0,-,-,-,-,4635.2000,4635.0000,4634.8000,4633.0000,4632.0000,4638.0000,4638.6000,4639.0000,4642.6000,4643.2000,1,1,1,5,1,2,1,3,1,1
SF,IF2106,2020-10-30 09:34:46.000,4639.0000,3658,0,165458400.000,0,-,-,-,-,4635.2000,4635.0000,4634.8000,4633.0000,4632.0000,4637.8000,4638.0000,4638.6000,4639.0000,4642.6000,1,1,1,5,1,1,2,1,3,1
SF,IF2106,2020-10-30 09:34:46.500,4639.0000,3658,0,165458400.000,0,-,-,-,-,4635.2000,4635.0000,4634.8000,4633.0000,4630.0000,4637.8000,4638.0000,4638.6000,4639.0000,4642.6000,1,1,1,5,1,1,2,1,3,1
SF,IF2106,2020-10-30 09:34:47.000,4639.0000,3658,0,165458400.000,0,-,-,-,-,4635.2000,4635.0000,4634.8000,4633.0000,4630.0000,4637.8000,4638.6000,4639.0000,4642.6000,4643.2000,1,1,1,5,1,1,1,3,1,1
SF,IF2106,2020-10-30 09:34:47.500,4639.0000,3658,0,165458400.000,0,-,-,-,-,4635.2000,4635.0000,4634.8000,4633.0000,4630.0000,4637.6000,4637.8000,4638.6000,4639.0000,4642.6000,1,1,1,5,1,2,1,1,3,1
SF,IF2106,2020-10-30 09:34:48.000,4637.8000,3657,-1,166849740.000,1,0,1,双平,S,4635.0000,4634.8000,4633.0000,4630.0000,4627.2000,4637.6000,4637.8000,4638.6000,4639.0000,4642.6000,1,1,5,1,3,1,1,1,3,1
SF,IF2106,2020-10-30 09:34:48.500,4637.8000,3657,0,166849740.000,0,-,-,-,-,4635.0000,4634.8000,4633.0000,4630.0000,4627.2000,4637.8000,4638.6000,4639.0000,4642.6000,4643.2000,1,1,5,1,3,1,1,3,1,1
SF,IF2106,2020-10-30 09:34:49.000,4637.8000,3657,0,166849740.000,0,-,-,-,-,4635.2000,4635.0000,4634.8000,4633.0000,4630.0000,4637.8000,4638.6000,4639.0000,4642.6000,4643.2000,1,1,1,5,1,1,1,3,1,1
SF,IF2106,2020-10-30 09:34:50.000,4635.2000,3656,-1,168240300.000,1,0,1,双平,S,4635.0000,4634.8000,4633.0000,4630.0000,4627.2000,4637.8000,4638.6000,4639.0000,4642.6000,4643.2000,1,1,5,1,3,1,1,3,1,1
SF,IF2106,2020-10-30 09:34:50.500,4635.0000,3655,-1,169630800.000,1,0,1,双平,S,4634.8000,4633.0000,4630.0000,4627.2000,4622.6000,4637.8000,4638.6000,4639.0000,4642.6000,4643.2000,1,5,1,3,1,1,1,3,1,1
SF,IF2106,2020-10-30 09:34:51.000,4635.0000,3655,0,169630800.000,0,-,-,-,-,4635.0000,4634.8000,4633.0000,4630.0000,4627.2000,4637.8000,4638.6000,4639.0000,4642.6000,4643.2000,1,1,5,1,3,1,1,3,1,1
SF,IF2106,2020-10-30 09:34:51.500,4635.0000,3655,0,169630800.000,0,-,-,-,-,4635.0000,4634.8000,4633.0000,4630.0000,4627.2000,4637.2000,4637.6000,4637.8000,4638.6000,4639.0000,1,1,5,1,3,2,1,1,1,3
SF,IF2106,2020-10-30 09:34:52.000,4635.0000,3655,0,169630800.000,0,-,-,-,-,4634.8000,4633.0000,4630.0000,4627.2000,4622.6000,4637.2000,4637.6000,4637.8000,4638.6000,4639.0000,1,5,1,3,1,2,1,1,1,3
SF,IF2106,2020-10-30 09:34:52.500,4635.0000,3655,0,169630800.000,0,-,-,-,-,4634.8000,4633.0000,4630.0000,4627.2000,4622.6000,4637.2000,4638.6000,4639.0000,4642.6000,4643.2000,1,5,1,3,1,2,1,3,1,1
SF,IF2106,2020-10-30 09:34:53.000,4635.0000,3655,0,169630800.000,0,-,-,-,-,4634.8000,4633.0000,4630.0000,4627.2000,4622.6000,4637.0000,4637.2000,4638.6000,4639.0000,4642.6000,1,5,1,3,1,1,2,1,3,1
SF,IF2106,2020-10-30 09:34:53.500,4635.0000,3655,0,169630800.000,0,-,-,-,-,4634.8000,4633.0000,4630.0000,4627.2000,4622.6000,4636.8000,4637.0000,4637.2000,4638.6000,4639.0000,1,5,1,3,1,1,1,1,1,3
SF,IF2106,2020-10-30 09:34:54.000,4634.8000,3655,0,171021240.000,1,0,1,多换,S,4633.0000,4630.0000,4627.2000,4622.6000,4622.4000,4636.8000,4637.0000,4637.2000,4638.6000,4639.0000,5,1,3,1,3,1,1,1,1,3
SF,IF2106,2020-10-30 09:34:54.500,4634.8000,3655,0,171021240.000,0,-,-,-,-,4633.2000,4633.0000,4630.0000,4627.2000,4622.6000,4636.4000,4636.8000,4637.0000,4638.6000,4639.0000,1,5,1,3,1,1,2,1,1,3
SF,IF2106,2020-10-30 09:34:55.000,4634.8000,3655,0,171021240.000,0,-,-,-,-,4633.2000,4633.0000,4630.0000,4627.2000,4622.6000,4636.4000,4636.8000,4637.0000,4639.0000,4642.6000,1,5,1,3,1,2,1,1,3,1
SF,IF2106,2020-10-30 09:34:55.500,4634.8000,3655,0,171021240.000,0,-,-,-,-,4633.2000,4633.0000,4630.0000,4627.2000,4622.6000,4636.2000,4636.4000,4639.0000,4642.6000,4643.2000,1,5,1,3,1,1,2,3,1,1
SF,IF2106,2020-10-30 09:34:56.500,4633.2000,3656,1,172411200.000,1,1,0,双开,S,4633.0000,4630.0000,4627.2000,4622.6000,4622.4000,4639.0000,4642.6000,4643.2000,4643.8000,4644.0000,5,1,3,1,3,3,1,1,3,1
SF,IF2106,2020-10-30 09:34:57.000,4633.2000,3656,0,172411200.000,0,-,-,-,-,4633.2000,4633.0000,4630.0000,4627.2000,4622.6000,4638.6000,4639.0000,4642.6000,4643.2000,4643.8000,1,5,1,3,1,1,4,1,1,3
SF,IF2106,2020-10-30 09:34:57.500,4633.2000,3656,0,172411200.000,0,-,-,-,-,4633.2000,4633.0000,4630.0000,4627.2000,4622.6000,4638.0000,4638.6000,4639.0000,4642.6000,4643.2000,1,5,1,3,1,1,1,4,1,1
SF,IF2106,2020-10-30 09:34:58.000,4633.2000,3656,0,172411200.000,0,-,-,-,-,4633.0000,4630.0000,4627.2000,4622.6000,4622.4000,4637.0000,4637.8000,4638.0000,4639.0000,4642.6000,5,1,3,1,3,2,2,1,3,1
SF,IF2106,2020-10-30 09:34:58.500,4633.2000,3656,0,172411200.000,0,-,-,-,-,4633.2000,4633.0000,4630.0000,4627.2000,4622.6000,4636.8000,4637.8000,4638.0000,4639.0000,4642.6000,1,5,1,3,1,1,1,1,3,1
SF,IF2106,2020-10-30 09:34:59.000,4633.2000,3656,0,172411200.000,0,-,-,-,-,4633.2000,4633.0000,4630.0000,4627.2000,4622.6000,4636.2000,4636.8000,4639.0000,4642.6000,4643.8000,1,5,1,3,1,1,1,3,1,3
SF,IF2106,2020-10-30 09:34:59.500,4633.2000,3656,0,172411200.000,0,-,-,-,-,4633.4000,4633.2000,4633.0000,4630.0000,4627.2000,4636.2000,4639.0000,4642.6000,4643.8000,4644.0000,1,1,5,1,3,1,3,1,3,1
SF,IF2106,2020-10-30 09:35:00.000,4633.2000,3656,0,172411200.000,0,-,-,-,-,4633.6000,4633.4000,4633.0000,4630.0000,4627.2000,4636.2000,4639.0000,4642.6000,4643.8000,4644.0000,1,1,5,1,3,1,3,1,3,1
SF,IF2106,2020-10-30 09:35:00.500,4633.2000,3656,0,172411200.000,0,-,-,-,-,4633.8000,4633.4000,4633.0000,4630.0000,4627.2000,4636.2000,4639.0000,4642.6000,4643.8000,4644.0000,1,1,5,1,3,1,3,1,3,1
SF,IF2106,2020-10-30 09:35:01.000,4633.2000,3656,0,172411200.000,0,-,-,-,-,4633.8000,4633.4000,4633.0000,4630.0000,4627.2000,4636.2000,4639.0000,4642.6000,4643.8000,4644.0000,1,1,5,1,3,2,3,1,3,1
SF,IF2106,2020-10-30 09:35:01.500,4633.2000,3656,0,172411200.000,0,-,-,-,-,4633.4000,4633.0000,4630.0000,4627.2000,4622.6000,4636.2000,4639.0000,4642.6000,4643.8000,4644.0000,1,5,1,3,1,2,3,1,3,1
SF,IF2106,2020-10-30 09:35:02.000,4633.2000,3656,0,172411200.000,0,-,-,-,-,4633.0000,4630.0000,4627.2000,4622.6000,4622.4000,4633.2000,4636.2000,4639.0000,4642.6000,4643.8000,5,1,3,1,3,2,2,3,1,3
SF,IF2106,2020-10-30 09:35:02.500,4636.0000,3657,1,176581920.000,3,2,1,空开,S,4633.0000,4630.0000,4627.2000,4622.6000,4622.4000,4636.2000,4639.0000,4642.6000,4643.8000,4644.0000,5,1,3,1,3,1,3,1,3,1
SF,IF2106,2020-10-30 09:35:03.000,4636.0000,3657,0,176581920.000,0,-,-,-,-,4633.0000,4630.0000,4627.2000,4622.6000,4622.4000,4636.0000,4636.2000,4639.0000,4642.6000,4643.8000,5,1,3,1,3,1,2,3,1,3
SF,IF2106,2020-10-30 09:35:03.500,4636.0000,3658,1,177972720.000,1,1,0,双开,S,4633.2000,4633.0000,4630.0000,4627.2000,4622.6000,4635.6000,4636.0000,4636.2000,4639.0000,4642.6000,1,5,1,3,1,1,1,1,3,1
SF,IF2106,2020-10-30 09:35:04.000,4636.0000,3658,0,179363520.000,1,0,1,多换,S,4633.0000,4630.0000,4627.2000,4622.6000,4622.4000,4636.0000,4636.2000,4639.0000,4642.6000,4643.8000,5,1,3,1,3,1,1,3,1,3
SF,IF2106,2020-10-30 09:35:04.500,4636.0000,3658,0,179363520.000,0,-,-,-,-,4633.4000,4633.2000,4633.0000,4630.0000,4627.2000,4636.0000,4636.2000,4639.0000,4642.6000,4643.8000,1,1,5,1,3,1,1,3,1,3
SF,IF2106,2020-10-30 09:35:05.000,4636.0000,3657,-1,180754320.000,1,0,1,双平,S,4633.4000,4633.2000,4633.0000,4630.0000,4627.2000,4639.0000,4642.6000,4643.8000,4644.0000,4645.0000,1,1,5,1,3,3,1,3,1,5
SF,IF2106,2020-10-30 09:35:05.500,4636.0000,3657,0,180754320.000,0,-,-,-,-,4634.0000,4633.8000,4633.6000,4633.0000,4630.0000,4639.0000,4642.6000,4643.8000,4644.0000,4645.0000,1,1,1,5,1,3,1,3,1,5
SF,IF2106,2020-10-30 09:35:06.000,4636.0000,3657,0,180754320.000,0,-,-,-,-,4634.2000,4634.0000,4633.8000,4633.0000,4630.0000,4638.8000,4639.0000,4642.6000,4643.8000,4644.0000,1,1,1,5,1,1,3,1,3,1
SF,IF2106,2020-10-30 09:35:07.000,4636.0000,3657,0,180754320.000,0,-,-,-,-,4634.4000,4634.2000,4634.0000,4633.8000,4633.0000,4637.8000,4638.8000,4639.0000,4642.6000,4643.8000,1,1,1,1,5,1,1,3,1,3
SF,IF2106,2020-10-30 09:35:07.500,4636.0000,3657,0,180754320.000,0,-,-,-,-,4634.6000,4634.0000,4633.0000,4630.0000,4627.2000,4637.8000,4639.0000,4642.6000,4643.8000,4644.0000,1,1,5,1,3,1,3,1,3,1
SF,IF2106,2020-10-30 09:35:08.000,4636.0000,3657,0,180754320.000,0,-,-,-,-,4634.6000,4634.0000,4633.0000,4630.0000,4627.2000,4639.0000,4642.6000,4643.8000,4644.0000,4645.0000,1,1,5,1,3,3,1,3,1,5
SF,IF2106,2020-10-30 09:35:08.500,4636.0000,3657,0,180754320.000,0,-,-,-,-,4634.6000,4634.0000,4633.0000,4630.0000,4627.2000,4638.8000,4639.0000,4642.6000,4643.8000,4644.0000,1,1,5,1,3,1,3,1,3,1
SF,IF2106,2020-10-30 09:35:09.000,4636.0000,3657,0,180754320.000,0,-,-,-,-,4635.0000,4634.6000,4634.0000,4633.0000,4630.0000,4638.8000,4639.0000,4641.2000,4642.6000,4643.8000,1,1,1,5,1,1,3,1,1,3
SF,IF2106,2020-10-30 09:35:09.500,4636.0000,3657,0,180754320.000,0,-,-,-,-,4635.2000,4635.0000,4634.0000,4633.0000,4630.0000,4638.8000,4639.0000,4641.2000,4642.6000,4643.8000,1,1,1,5,1,1,3,1,1,3
SF,IF2106,2020-10-30 09:35:10.000,4636.0000,3657,0,180754320.000,0,-,-,-,-,4635.2000,4633.0000,4630.0000,4627.2000,4622.6000,4638.8000,4639.0000,4641.2000,4642.6000,4643.8000,1,5,1,3,1,1,3,1,1,3
SF,IF2106,2020-10-30 09:35:10.500,4635.2000,3657,0,182144880.000,1,0,1,多换,S,4633.0000,4630.0000,4627.2000,4622.6000,4622.4000,4638.4000,4638.6000,4638.8000,4639.0000,4641.2000,5,1,3,1,3,2,1,1,3,1
SF,IF2106,2020-10-30 09:35:11.000,4635.2000,3657,0,182144880.000,0,-,-,-,-,4633.0000,4630.0000,4627.2000,4622.6000,4622.4000,4638.2000,4638.4000,4638.8000,4639.0000,4641.2000,5,1,3,1,3,1,2,1,3,1
SF,IF2106,2020-10-30 09:35:12.000,4635.2000,3657,0,182144880.000,0,-,-,-,-,4633.0000,4630.0000,4627.2000,4622.6000,4622.4000,4637.6000,4637.8000,4638.2000,4638.8000,4639.0000,5,1,3,1,3,2,1,1,1,3
SF,IF2106,2020-10-30 09:35:12.500,4635.2000,3657,0,182144880.000,0,-,-,-,-,4633.0000,4630.0000,4627.2000,4622.6000,4622.4000,4637.4000,4637.6000,4637.8000,4638.8000,4639.0000,5,1,3,1,3,1,2,1,1,3
SF,IF2106,2020-10-30 09:35:13.000,4635.2000,3657,0,182144880.000,0,-,-,-,-,4633.6000,4633.0000,4630.0000,4627.2000,4622.6000,4637.4000,4637.6000,4637.8000,4638.8000,4639.0000,1,5,1,3,1,1,2,1,1,3
SF,IF2106,2020-10-30 09:35:13.500,4635.2000,3657,0,182144880.000,0,-,-,-,-,4633.6000,4633.0000,4630.0000,4627.2000,4622.6000,4636.6000,4637.4000,4638.8000,4639.0000,4641.2000,1,5,1,3,1,2,1,1,3,1
SF,IF2106,2020-10-30 09:35:14.000,4635.2000,3657,0,182144880.000,0,-,-,-,-,4633.6000,4633.0000,4630.0000,4627.2000,4622.6000,4636.4000,4636.6000,4638.8000,4639.0000,4641.2000,1,5,1,3,1,1,2,1,3,1
SF,IF2106,2020-10-30 09:35:14.500,4635.2000,3657,0,182144880.000,0,-,-,-,-,4633.0000,4630.0000,4627.2000,4622.6000,4622.4000,4636.4000,4636.6000,4638.8000,4639.0000,4641.2000,5,1,3,1,3,1,2,1,3,1
SF,IF2106,2020-10-30 09:35:15.000,4635.2000,3657,0,182144880.000,0,-,-,-,-,4633.0000,4630.0000,4627.2000,4622.6000,4622.4000,4636.4000,4636.6000,4638.8000,4639.0000,4642.6000,5,1,3,1,3,1,2,1,3,1
SF,IF2106,2020-10-30 09:35:16.000,4636.4000,3658,1,183535800.000,1,1,0,双开,S,4633.2000,4633.0000,4630.0000,4627.2000,4622.6000,4636.6000,4638.8000,4639.0000,4642.6000,4643.8000,1,5,1,3,1,2,1,3,1,3
SF,IF2106,2020-10-30 09:35:16.500,4636.4000,3658,0,183535800.000,0,-,-,-,-,4633.2000,4633.0000,4627.2000,4622.6000,4622.4000,4636.6000,4638.8000,4639.0000,4642.6000,4643.8000,1,5,3,1,3,2,1,3,1,3
SF,IF2106,2020-10-30 09:35:17.000,4636.4000,3658,0,183535800.000,0,-,-,-,-,4633.2000,4633.0000,4627.2000,4622.6000,4622.4000,4634.8000,4638.8000,4639.0000,4642.6000,4643.8000,1,5,3,1,3,2,1,3,1,3
SF,IF2106,2020-10-30 09:35:17.500,4636.4000,3658,0,183535800.000,0,-,-,-,-,4633.0000,4627.2000,4622.6000,4622.4000,4622.0000,4634.8000,4638.8000,4639.0000,4642.6000,4643.8000,5,3,1,3,1,2,1,3,1,3
SF,IF2106,2020-10-30 09:35:18.000,4636.4000,3658,0,183535800.000,0,-,-,-,-,4633.0000,4627.2000,4622.4000,4622.0000,4621.0000,4634.8000,4638.8000,4639.0000,4642.6000,4643.8000,5,3,3,1,2,2,1,3,1,3
SF,IF2106,2020-10-30 09:35:19.000,4633.0000,3658,0,184925700.000,1,0,1,多换,S,4633.0000,4627.2000,4622.4000,4622.0000,4621.0000,4638.8000,4639.0000,4642.6000,4643.8000,4644.0000,4,3,3,1,2,1,3,1,3,1
SF,IF2106,2020-10-30 09:35:19.500,4633.0000,3660,2,189095400.000,3,2,1,空开,S,4633.0000,4627.2000,4622.4000,4622.0000,4621.0000,4638.6000,4638.8000,4639.0000,4642.6000,4643.8000,2,3,3,1,2,1,1,3,1,3
SF,IF2106,2020-10-30 09:35:20.000,4633.0000,3661,1,191875200.000,2,1,1,空开,S,4627.2000,4622.4000,4622.0000,4621.0000,4615.2000,4638.6000,4638.8000,4639.0000,4642.6000,4643.8000,3,3,1,2,3,1,1,3,1,3
SF,IF2106,2020-10-30 09:35:20.500,4633.0000,3661,0,191875200.000,0,-,-,-,-,4627.2000,4622.4000,4622.0000,4621.0000,4615.2000,4637.4000,4638.0000,4638.6000,4638.8000,4639.0000,3,3,1,2,3,1,1,1,1,3
SF,IF2106,2020-10-30 09:35:21.000,4633.0000,3661,0,191875200.000,0,-,-,-,-,4627.2000,4622.4000,4622.0000,4621.0000,4615.2000,4637.2000,4637.4000,4637.6000,4638.0000,4638.8000,3,3,1,2,3,1,1,1,1,1
SF,IF2106,2020-10-30 09:35:21.500,4633.0000,3661,0,191875200.000,0,-,-,-,-,4627.2000,4622.4000,4622.0000,4621.0000,4615.2000,4632.4000,4635.0000,4635.2000,4637.2000,4637.4000,3,3,1,2,3,2,5,1,1,1
SF,IF2106,2020-10-30 09:35:22.000,4633.0000,3661,0,191875200.000,0,-,-,-,-,4628.0000,4627.2000,4622.4000,4622.0000,4621.0000,4632.2000,4632.4000,4635.0000,4635.2000,4635.4000,1,3,3,1,2,1,2,5,1,1
SF,IF2106,2020-10-30 09:35:22.500,4633.0000,3661,0,191875200.000,0,-,-,-,-,4628.0000,4623.2000,4622.4000,4622.0000,4621.0000,4630.6000,4632.2000,4635.0000,4635.2000,4635.4000,1,3,3,1,2,2,1,5,1,1
SF,IF2106,2020-10-30 09:35:23.000,4632.2000,3662,1,196043220.000,3,2,1,空开,S,4628.0000,4623.2000,4622.4000,4622.0000,4621.0000,4635.0000,4635.2000,4638.0000,4639.0000,4642.6000,1,3,3,1,2,5,1,1,3,1
SF,IF2106,2020-10-30 09:35:23.500,4632.2000,3662,0,196043220.000,0,-,-,-,-,4628.4000,4628.2000,4628.0000,4623.2000,4622.4000,4638.0000,4639.0000,4640.0000,4642.6000,4643.8000,1,3,1,3,3,1,3,5,1,3
SF,IF2106,2020-10-30 09:35:24.000,4632.2000,3662,0,196043220.000,0,-,-,-,-,4628.6000,4628.4000,4628.2000,4628.0000,4623.2000,4638.0000,4639.0000,4640.0000,4642.6000,4643.8000,3,1,1,1,3,1,3,5,1,3
SF,IF2106,2020-10-30 09:35:24.500,4632.2000,3662,0,196043220.000,0,-,-,-,-,4628.8000,4628.6000,4628.2000,4628.0000,4623.2000,4635.6000,4638.0000,4639.0000,4640.0000,4642.6000,1,2,1,1,3,1,1,3,5,1
SF,IF2106,2020-10-30 09:35:25.000,4632.2000,3662,0,196043220.000,0,-,-,-,-,4630.4000,4629.6000,4629.4000,4629.0000,4628.8000,4635.6000,4638.0000,4639.0000,4640.0000,4642.6000,1,1,2,1,1,1,1,3,5,1
SF,IF2106,2020-10-30 09:35:25.500,4632.2000,3662,0,196043220.000,0,-,-,-,-,4630.6000,4630.4000,4629.6000,4629.4000,4628.2000,4635.6000,4638.0000,4639.0000,4640.0000,4642.6000,2,1,1,2,1,1,1,3,5,1
SF,IF2106,2020-10-30 09:35:26.000,4632.2000,3662,0,196043220.000,0,-,-,-,-,4630.8000,4630.6000,4629.6000,4629.4000,4628.2000,4638.0000,4639.0000,4640.0000,4642.6000,4643.8000,1,1,1,2,1,1,3,5,1,3
SF,IF2106,2020-10-30 09:35:26.500,4632.2000,3662,0,196043220.000,0,-,-,-,-,4631.0000,4630.8000,4629.4000,4623.2000,4622.4000,4637.2000,4638.0000,4639.0000,4640.0000,4642.6000,1,1,2,3,3,1,1,3,5,1
SF,IF2106,2020-10-30 09:35:27.000,4632.2000,3662,0,196043220.000,0,-,-,-,-,4631.2000,4631.0000,4629.4000,4623.2000,4622.4000,4637.0000,4637.2000,4638.0000,4639.0000,4640.0000,1,1,2,3,3,1,1,1,3,5
SF,IF2106,2020-10-30 09:35:27.500,4632.2000,3662,0,196043220.000,0,-,-,-,-,4631.4000,4631.2000,4629.4000,4623.2000,4622.4000,4636.4000,4637.0000,4637.2000,4638.0000,4639.0000,1,1,2,3,3,1,2,1,1,3
SF,IF2106,2020-10-30 09:35:28.000,4632.2000,3662,0,196043220.000,0,-,-,-,-,4631.4000,4631.2000,4629.4000,4623.2000,4622.4000,4636.0000,4637.0000,4638.0000,4639.0000,4640.0000,1,1,2,3,3,1,2,1,3,5
