市场代码,合约代码,时间,最新,持仓,增仓,成交额,成交量,开仓,平仓,成交类型,方向,买一价,买二价,买三价,买四价,买五价,卖一价,卖二价,卖三价,卖四价,卖五价,买一量,买二量,买三量,买四量,买五量,卖一量,卖二量,卖三量,卖四量,卖五量
SF,IF2103,2020-07-21 09:29:00.200,4567.6000,641,0,0.000,0.000,-,-,-,-,4581.2000,4580.0000,4579.6000,4574.2000,4565.0000,4597.2000,4601.2000,4607.0000,4609.2000,4628.0000,2,4,1,1,5,2,1,1,4,5
SF,IF2103,2020-07-21 09:30:00.200,4567.6000,641,0,0.000,0,-,-,-,-,4582.4000,4581.4000,4581.2000,4580.0000,4579.6000,4593.8000,4594.8000,4597.2000,4607.0000,4609.2000,1,1,1,4,1,1,1,2,1,4
SF,IF2103,2020-07-21 09:30:00.700,4567.6000,641,0,0.000,0,-,-,-,-,4582.6000,4582.4000,4579.6000,4574.2000,4565.0000,4593.6000,4607.0000,4628.0000,4697.0000,4747.2000,4,1,1,1,5,1,1,5,1,1
SF,IF2103,2020-07-21 09:30:01.200,4567.6000,641,0,0.000,0,-,-,-,-,4589.2000,4587.8000,4582.8000,4582.6000,4582.4000,4593.6000,4607.0000,4697.0000,4747.2000,4774.0000,1,2,2,4,1,1,1,1,1,3
SF,IF2103,2020-07-21 09:30:01.700,4567.6000,641,0,0.000,0,-,-,-,-,4589.4000,4589.2000,4587.8000,4582.6000,4582.4000,4593.6000,4697.0000,4703.0000,4747.2000,4774.0000,1,1,2,2,1,1,1,1,1,3
SF,IF2103,2020-07-21 09:30:02.200,4593.6000,641,0,1378080.000,1,0,1,多换,S,4593.6000,4590.8000,4589.6000,4589.4000,4587.8000,4697.0000,4703.0000,4747.2000,4774.0000,4786.4000,1,1,1,1,2,1,1,1,3,1
SF,IF2103,2020-07-21 09:30:02.700,4593.6000,641,0,1378080.000,0,-,-,-,-,4593.8000,4593.6000,4589.6000,4587.8000,4561.4000,4598.2000,4602.0000,4602.4000,4660.8000,4696.8000,1,1,1,2,1,1,1,1,12,4
SF,IF2103,2020-07-21 09:30:03.200,4598.2000,641,0,2757540.000,1,0,1,多换,S,4593.8000,4593.6000,4589.6000,4587.8000,4561.4000,4598.0000,4602.0000,4660.8000,4696.8000,4697.0000,1,1,1,2,1,2,1,12,2,1
SF,IF2103,2020-07-21 09:30:03.700,4598.2000,641,0,2757540.000,0,-,-,-,-,4593.6000,4589.6000,4587.8000,4561.4000,4560.4000,4598.0000,4602.0000,4660.8000,4696.8000,4697.0000,1,1,2,1,2,2,1,12,2,1
SF,IF2103,2020-07-21 09:30:04.200,4598.2000,641,0,2757540.000,0,-,-,-,-,4593.6000,4561.4000,4560.4000,4500.0000,4484.4000,4597.6000,4598.0000,4602.0000,4660.8000,4696.8000,1,1,2,1,1,1,2,1,12,2
SF,IF2103,2020-07-21 09:30:04.700,4593.6000,642,1,4135620.000,1,1,0,双开,S,4561.4000,4560.4000,4500.0000,4484.4000,4483.0000,4597.4000,4597.6000,4602.0000,4660.8000,4696.8000,1,2,1,1,3,2,1,1,12,2
SF,IF2103,2020-07-21 09:30:05.200,4593.6000,642,0,4135620.000,0,-,-,-,-,4585.6000,4581.2000,4563.8000,4563.4000,4561.6000,4596.8000,4597.4000,4597.6000,4660.8000,4696.8000,1,1,1,1,4,1,2,1,12,2
SF,IF2103,2020-07-21 09:30:05.700,4593.6000,642,0,4135620.000,0,-,-,-,-,4585.8000,4585.6000,4581.2000,4563.8000,4563.4000,4595.8000,4596.6000,4596.8000,4660.8000,4696.8000,1,1,1,1,1,1,2,1,12,2
SF,IF2103,2020-07-21 09:30:06.200,4593.6000,642,0,4135620.000,0,-,-,-,-,4585.8000,4585.6000,4581.2000,4561.6000,4561.4000,4595.6000,4595.8000,4596.8000,4660.8000,4696.8000,1,1,1,1,1,2,1,1,12,2
SF,IF2103,2020-07-21 09:30:06.700,4593.6000,642,0,4135620.000,0,-,-,-,-,4586.0000,4585.8000,4581.2000,4561.6000,4561.4000,4595.6000,4595.8000,4596.8000,4660.8000,4696.8000,1,1,1,1,1,2,1,1,12,2
SF,IF2103,2020-07-21 09:30:07.200,4593.6000,642,0,4135620.000,0,-,-,-,-,4586.2000,4586.0000,4581.2000,4561.6000,4561.4000,4595.6000,4595.8000,4596.8000,4660.8000,4696.8000,1,1,1,1,1,2,1,1,12,2
SF,IF2103,2020-07-21 09:30:07.700,4593.6000,642,0,4135620.000,0,-,-,-,-,4587.0000,4586.2000,4581.2000,4561.6000,4561.4000,4595.0000,4595.6000,4596.8000,4660.8000,4696.8000,1,1,1,1,1,1,2,1,12,2
SF,IF2103,2020-07-21 09:30:08.200,4593.6000,642,0,4135620.000,0,-,-,-,-,4587.2000,4581.2000,4561.6000,4561.4000,4560.4000,4594.8000,4595.0000,4596.8000,4660.8000,4696.8000,1,1,1,1,2,1,1,1,12,2
SF,IF2103,2020-07-21 09:30:08.700,4593.6000,642,0,4135620.000,0,-,-,-,-,4587.2000,4561.6000,4561.4000,4560.4000,4500.0000,4594.6000,4594.8000,4595.0000,4660.8000,4696.8000,1,1,1,2,1,1,1,1,12,2
SF,IF2103,2020-07-21 09:30:09.200,4593.6000,642,0,4135620.000,0,-,-,-,-,4587.2000,4561.6000,4561.4000,4560.4000,4500.0000,4594.4000,4595.0000,4660.8000,4696.8000,4697.0000,1,1,1,2,1,2,1,12,2,1
SF,IF2103,2020-07-21 09:30:09.700,4593.6000,642,0,4135620.000,0,-,-,-,-,4587.2000,4561.6000,4561.4000,4560.4000,4500.0000,4594.4000,4595.0000,4660.8000,4696.8000,4697.0000,1,1,1,2,1,1,1,12,2,1
SF,IF2103,2020-07-21 09:30:10.200,4593.6000,642,0,4135620.000,0,-,-,-,-,4587.2000,4561.6000,4561.4000,4500.0000,4484.4000,4593.6000,4594.4000,4660.8000,4696.8000,4697.0000,1,1,1,1,1,1,1,12,2,1
SF,IF2103,2020-07-21 09:30:10.700,4593.6000,642,0,4135620.000,0,-,-,-,-,4587.2000,4561.6000,4561.4000,4500.0000,4484.4000,4593.4000,4593.6000,4660.8000,4696.8000,4697.0000,1,1,1,1,1,2,1,12,2,1
SF,IF2103,2020-07-21 09:30:11.200,4593.6000,642,0,4135620.000,0,-,-,-,-,4587.2000,4561.6000,4561.4000,4500.0000,4484.4000,4593.4000,4593.6000,4660.8000,4696.8000,4697.0000,1,1,1,1,1,1,1,12,2,1
SF,IF2103,2020-07-21 09:30:11.700,4593.6000,642,0,5513700.000,1,0,1,多换,S,4587.2000,4561.6000,4561.4000,4500.0000,4484.4000,4593.6000,4660.8000,4696.8000,4697.0000,4703.0000,1,1,1,1,1,1,12,2,1,1
SF,IF2103,2020-07-21 09:30:12.200,4593.6000,642,0,5513700.000,0,-,-,-,-,4587.2000,4561.6000,4561.4000,4500.0000,4484.4000,4593.4000,4593.6000,4660.8000,4696.8000,4697.0000,1,1,1,1,1,1,1,12,2,1
SF,IF2103,2020-07-21 09:30:13.200,4593.6000,642,0,5513700.000,0,-,-,-,-,4587.2000,4561.6000,4561.4000,4500.0000,4484.4000,4593.4000,4660.8000,4696.8000,4697.0000,4703.0000,1,1,1,1,1,1,12,2,1,1
SF,IF2103,2020-07-21 09:30:14.200,4593.6000,642,0,5513700.000,0,-,-,-,-,4587.2000,4561.6000,4561.4000,4500.0000,4484.4000,4593.0000,4593.4000,4660.8000,4696.8000,4697.0000,1,1,1,1,1,1,1,12,2,1
SF,IF2103,2020-07-21 09:30:14.700,4593.6000,642,0,5513700.000,0,-,-,-,-,4587.2000,4561.6000,4561.4000,4500.0000,4484.4000,4592.8000,4593.0000,4660.8000,4696.8000,4697.0000,1,1,1,1,1,2,1,12,2,1
SF,IF2103,2020-07-21 09:30:15.200,4593.6000,642,0,5513700.000,0,-,-,-,-,4587.2000,4561.6000,4561.4000,4500.0000,4484.4000,4592.8000,4593.0000,4660.8000,4696.8000,4697.0000,1,1,1,1,1,2,1,12,2,1
SF,IF2103,2020-07-21 09:30:15.700,4593.6000,642,0,5513700.000,0,-,-,-,-,4587.2000,4561.6000,4561.4000,4500.0000,4484.4000,4591.8000,4592.8000,4660.8000,4696.8000,4697.0000,1,1,1,1,1,1,2,12,2,1
SF,IF2103,2020-07-21 09:30:16.200,4593.6000,642,0,5513700.000,0,-,-,-,-,4587.2000,4561.6000,4561.4000,4500.0000,4484.4000,4591.6000,4591.8000,4660.8000,4696.8000,4697.0000,1,1,1,1,1,2,1,12,2,1
SF,IF2103,2020-07-21 09:30:16.700,4593.6000,642,0,5513700.000,0,-,-,-,-,4587.2000,4561.6000,4561.4000,4500.0000,4484.4000,4591.6000,4591.8000,4660.8000,4696.8000,4697.0000,1,1,1,1,1,2,1,12,2,1
SF,IF2103,2020-07-21 09:30:17.200,4593.6000,642,0,5513700.000,0,-,-,-,-,4587.2000,4561.6000,4561.4000,4500.0000,4484.4000,4591.6000,4591.8000,4660.8000,4696.8000,4697.0000,1,1,1,1,1,2,1,12,2,1
SF,IF2103,2020-07-21 09:30:17.700,4593.6000,642,0,5513700.000,0,-,-,-,-,4561.6000,4561.4000,4500.0000,4484.4000,4483.0000,4591.4000,4591.6000,4660.8000,4696.8000,4697.0000,1,1,1,1,3,1,2,12,2,1
SF,IF2103,2020-07-21 09:30:18.200,4593.6000,642,0,5513700.000,0,-,-,-,-,4582.2000,4581.2000,4561.8000,4561.6000,4561.4000,4591.2000,4591.4000,4660.8000,4696.8000,4697.0000,1,1,2,1,1,2,1,12,2,1
SF,IF2103,2020-07-21 09:30:18.700,4593.6000,642,0,5513700.000,0,-,-,-,-,4582.4000,4581.2000,4561.6000,4561.4000,4500.0000,4591.2000,4591.4000,4660.8000,4696.8000,4697.0000,1,1,1,1,1,2,1,12,2,1
SF,IF2103,2020-07-21 09:30:19.200,4593.6000,642,0,5513700.000,0,-,-,-,-,4582.4000,4561.6000,4561.4000,4500.0000,4484.4000,4590.2000,4591.2000,4660.8000,4696.8000,4697.0000,1,1,1,1,1,1,2,12,2,1
SF,IF2103,2020-07-21 09:30:19.700,4593.6000,642,0,5513700.000,0,-,-,-,-,4582.4000,4561.6000,4561.4000,4500.0000,4484.4000,4590.0000,4590.2000,4660.8000,4696.8000,4697.0000,1,1,1,1,1,2,1,12,2,1
SF,IF2103,2020-07-21 09:30:20.700,4593.6000,642,0,5513700.000,0,-,-,-,-,4582.4000,4561.6000,4561.4000,4500.0000,4484.4000,4589.6000,4590.0000,4660.8000,4696.8000,4697.0000,1,1,1,1,1,1,2,12,2,1
SF,IF2103,2020-07-21 09:30:21.200,4593.6000,642,0,5513700.000,0,-,-,-,-,4583.2000,4582.4000,4561.6000,4561.4000,4500.0000,4589.4000,4589.6000,4660.8000,4696.8000,4697.0000,1,1,1,1,1,2,1,12,2,1
SF,IF2103,2020-07-21 09:30:21.700,4593.6000,642,0,5513700.000,0,-,-,-,-,4593.0000,4583.4000,4583.2000,4561.6000,4561.4000,4660.8000,4696.8000,4697.0000,4703.0000,4747.2000,1,1,1,1,1,12,2,1,1,1
SF,IF2103,2020-07-21 09:30:22.200,4593.0000,643,1,8269500.000,2,1,1,空开,S,4583.2000,4561.6000,4561.4000,4500.0000,4484.4000,4596.8000,4633.4000,4660.6000,4660.8000,4697.0000,1,1,1,1,1,1,3,3,12,1
SF,IF2103,2020-07-21 09:30:22.700,4596.8000,643,0,9648540.000,1,0,1,多换,S,4586.4000,4583.4000,4583.2000,4561.6000,4561.4000,4596.6000,4660.6000,4660.8000,4697.0000,4703.0000,1,1,1,1,1,2,1,12,1,1
SF,IF2103,2020-07-21 09:30:23.200,4596.8000,643,0,9648540.000,0,-,-,-,-,4586.6000,4583.2000,4561.6000,4561.4000,4500.0000,4596.4000,4596.6000,4660.6000,4660.8000,4697.0000,1,1,1,1,1,1,3,1,12,1
SF,IF2103,2020-07-21 09:30:23.700,4596.8000,643,0,9648540.000,0,-,-,-,-,4586.6000,4583.2000,4561.6000,4561.4000,4500.0000,4596.0000,4596.2000,4596.4000,4660.6000,4660.8000,1,1,1,1,1,1,2,1,1,12
SF,IF2103,2020-07-21 09:30:24.200,4596.8000,643,0,9648540.000,0,-,-,-,-,4586.6000,4583.2000,4561.6000,4561.4000,4500.0000,4595.4000,4595.6000,4595.8000,4596.0000,4596.4000,1,1,1,1,1,1,1,2,1,1
SF,IF2103,2020-07-21 09:30:24.700,4596.8000,643,0,9648540.000,0,-,-,-,-,4586.6000,4583.2000,4561.6000,4561.4000,4500.0000,4594.8000,4595.2000,4595.6000,4596.0000,4596.4000,1,1,1,1,1,1,3,1,1,1
SF,IF2103,2020-07-21 09:30:25.200,4596.8000,643,0,9648540.000,0,-,-,-,-,4586.6000,4583.2000,4561.6000,4561.4000,4500.0000,4594.6000,4594.8000,4595.0000,4596.4000,4597.8000,1,1,1,1,1,2,1,1,1,1
SF,IF2103,2020-07-21 09:30:25.700,4596.8000,643,0,9648540.000,0,-,-,-,-,4586.6000,4561.6000,4561.4000,4500.0000,4484.4000,4594.6000,4594.8000,4596.4000,4597.8000,4598.0000,1,1,1,1,1,2,2,1,1,1
SF,IF2103,2020-07-21 09:30:26.200,4596.8000,643,0,9648540.000,0,-,-,-,-,4587.2000,4586.6000,4561.6000,4561.4000,4500.0000,4594.2000,4594.6000,4594.8000,4596.4000,4598.0000,1,1,1,1,1,1,2,1,1,1
SF,IF2103,2020-07-21 09:30:26.700,4596.8000,643,0,9648540.000,0,-,-,-,-,4587.4000,4587.2000,4561.6000,4561.4000,4500.0000,4594.0000,4594.2000,4596.2000,4598.0000,4660.6000,1,1,1,1,1,2,1,1,1,1
SF,IF2103,2020-07-21 09:30:27.200,4596.8000,643,0,9648540.000,0,-,-,-,-,4587.4000,4587.2000,4561.6000,4561.4000,4500.0000,4594.0000,4594.2000,4595.8000,4596.2000,4598.0000,1,1,1,1,1,2,1,1,1,1
SF,IF2103,2020-07-21 09:30:27.700,4596.8000,643,0,9648540.000,0,-,-,-,-,4587.4000,4561.6000,4561.4000,4500.0000,4484.4000,4594.0000,4594.2000,4595.8000,4596.2000,4596.4000,1,1,1,1,1,2,1,1,1,1
SF,IF2103,2020-07-21 09:30:28.200,4596.8000,643,0,9648540.000,0,-,-,-,-,4587.4000,4561.6000,4561.4000,4500.0000,4484.4000,4593.2000,4593.4000,4593.8000,4594.0000,4595.8000,1,1,1,1,1,1,1,1,2,1
SF,IF2103,2020-07-21 09:30:28.700,4596.8000,643,0,9648540.000,0,-,-,-,-,4561.6000,4561.4000,4500.0000,4484.4000,4483.0000,4593.0000,4593.2000,4593.4000,4593.8000,4596.2000,1,1,1,1,3,2,1,1,1,1
SF,IF2103,2020-07-21 09:30:29.200,4596.8000,643,0,9648540.000,0,-,-,-,-,4586.4000,4581.8000,4561.8000,4561.6000,4561.4000,4592.8000,4593.0000,4593.2000,4593.4000,4593.8000,1,1,2,1,1,2,2,1,1,1
SF,IF2103,2020-07-21 09:30:29.700,4596.8000,643,0,9648540.000,0,-,-,-,-,4586.6000,4561.6000,4561.4000,4500.0000,4484.4000,4592.6000,4592.8000,4593.2000,4593.4000,4593.8000,1,1,1,1,1,2,3,1,1,2
SF,IF2103,2020-07-21 09:30:30.200,4596.8000,643,0,9648540.000,0,-,-,-,-,4561.6000,4561.4000,4500.0000,4484.4000,4483.0000,4592.0000,4592.6000,4592.8000,4593.2000,4593.4000,1,1,1,1,3,1,2,2,1,1
SF,IF2103,2020-07-21 09:30:30.700,4596.8000,643,0,9648540.000,0,-,-,-,-,4581.2000,4579.4000,4561.8000,4561.6000,4561.4000,4591.8000,4592.0000,4592.8000,4593.2000,4593.8000,1,1,2,1,1,2,2,1,1,2
SF,IF2103,2020-07-21 09:30:31.200,4596.8000,643,0,9648540.000,0,-,-,-,-,4581.4000,4581.2000,4561.6000,4561.4000,4500.0000,4590.8000,4591.8000,4592.0000,4592.8000,4593.2000,1,1,1,1,1,1,2,2,1,1
SF,IF2103,2020-07-21 09:30:31.700,4596.8000,643,0,9648540.000,0,-,-,-,-,4581.4000,4581.2000,4561.6000,4561.4000,4500.0000,4590.6000,4590.8000,4591.6000,4591.8000,4592.0000,1,1,1,1,1,2,1,1,1,2
SF,IF2103,2020-07-21 09:30:32.200,4596.8000,643,0,9648540.000,0,-,-,-,-,4581.6000,4581.4000,4581.2000,4561.6000,4561.4000,4590.4000,4590.6000,4591.4000,4591.6000,4593.2000,1,1,1,1,1,2,2,1,1,1
SF,IF2103,2020-07-21 09:30:32.700,4596.8000,643,0,9648540.000,0,-,-,-,-,4581.8000,4581.2000,4561.6000,4561.4000,4500.0000,4589.8000,4590.2000,4590.4000,4591.4000,4591.6000,1,1,1,1,1,2,3,2,1,1
SF,IF2103,2020-07-21 09:30:33.200,4596.8000,643,0,9648540.000,0,-,-,-,-,4581.8000,4581.2000,4568.8000,4561.6000,4561.4000,4589.6000,4589.8000,4590.2000,4590.4000,4591.4000,1,1,1,1,1,2,2,1,2,1
SF,IF2103,2020-07-21 09:30:33.700,4596.8000,643,0,9648540.000,0,-,-,-,-,4581.8000,4581.2000,4568.8000,4564.0000,4561.6000,4589.6000,4589.8000,4590.2000,4590.4000,4591.4000,1,1,1,8,1,2,2,1,2,1
SF,IF2103,2020-07-21 09:30:34.200,4596.8000,643,0,9648540.000,0,-,-,-,-,4581.8000,4581.2000,4568.8000,4564.0000,4561.6000,4587.2000,4588.8000,4589.6000,4589.8000,4590.2000,1,1,1,8,1,1,1,2,1,1
SF,IF2103,2020-07-21 09:30:34.700,4596.8000,643,0,9648540.000,0,-,-,-,-,4581.8000,4581.2000,4568.8000,4564.0000,4561.6000,4587.0000,4587.2000,4588.8000,4589.8000,4590.2000,1,1,1,8,1,2,1,1,1,1
SF,IF2103,2020-07-21 09:30:35.200,4596.8000,643,0,9648540.000,0,-,-,-,-,4581.8000,4581.2000,4568.8000,4564.0000,4561.6000,4587.0000,4588.8000,4590.4000,4591.4000,4593.2000,1,1,1,8,1,2,1,2,1,1
SF,IF2103,2020-07-21 09:30:35.700,4596.8000,643,0,9648540.000,0,-,-,-,-,4581.8000,4581.2000,4568.8000,4564.0000,4561.6000,4587.0000,4590.4000,4591.4000,4593.2000,4595.4000,1,1,1,8,1,1,2,1,1,1
SF,IF2103,2020-07-21 09:30:36.200,4596.8000,643,0,9648540.000,0,-,-,-,-,4581.8000,4581.2000,4568.8000,4564.0000,4561.6000,4586.8000,4587.0000,4590.4000,4591.4000,4593.2000,1,1,1,8,1,1,1,2,1,1
SF,IF2103,2020-07-21 09:30:36.700,4596.8000,643,0,9648540.000,0,-,-,-,-,4581.8000,4581.2000,4568.8000,4564.0000,4561.6000,4586.6000,4586.8000,4590.4000,4591.4000,4593.2000,1,1,1,8,1,1,1,2,1,1
SF,IF2103,2020-07-21 09:30:37.200,4596.8000,643,0,9648540.000,0,-,-,-,-,4581.8000,4581.2000,4568.8000,4564.0000,4561.6000,4586.6000,4590.4000,4591.4000,4593.2000,4595.4000,1,1,1,8,1,1,2,1,1,1
SF,IF2103,2020-07-21 09:30:37.700,4596.8000,643,0,9648540.000,0,-,-,-,-,4581.8000,4573.0000,4568.8000,4564.0000,4561.6000,4586.4000,4586.6000,4590.4000,4591.4000,4593.2000,1,1,1,8,1,1,1,2,1,1
SF,IF2103,2020-07-21 09:30:38.200,4581.8000,643,0,11023080.000,1,0,1,多换,S,4573.0000,4568.8000,4564.0000,4561.6000,4500.0000,4586.2000,4586.4000,4590.4000,4593.2000,4595.4000,1,1,8,1,1,1,1,2,1,1
SF,IF2103,2020-07-21 09:30:38.700,4581.8000,643,0,11023080.000,0,-,-,-,-,4576.0000,4575.6000,4573.2000,4573.0000,4568.8000,4585.6000,4586.0000,4586.2000,4590.4000,4593.2000,1,1,2,1,1,1,1,1,2,1
SF,IF2103,2020-07-21 09:30:39.200,4581.8000,643,0,11023080.000,0,-,-,-,-,4576.2000,4576.0000,4575.6000,4573.0000,4568.8000,4585.4000,4585.6000,4590.4000,4593.2000,4595.4000,2,1,1,1,1,2,1,2,1,1
SF,IF2103,2020-07-21 09:30:40.200,4581.8000,643,0,11023080.000,0,-,-,-,-,4576.2000,4576.0000,4573.0000,4568.8000,4564.0000,4585.4000,4585.6000,4590.4000,4593.2000,4595.4000,2,1,1,1,8,2,1,2,1,1
SF,IF2103,2020-07-21 09:30:40.700,4581.8000,643,0,11023080.000,0,-,-,-,-,4576.2000,4576.0000,4573.0000,4568.8000,4564.0000,4584.8000,4585.4000,4590.4000,4593.2000,4595.4000,2,1,1,1,8,1,2,2,1,1
SF,IF2103,2020-07-21 09:30:41.200,4581.8000,643,0,11023080.000,0,-,-,-,-,4576.2000,4576.0000,4573.0000,4568.8000,4564.0000,4584.6000,4584.8000,4590.4000,4593.2000,4595.4000,2,1,1,1,8,2,1,2,1,1
SF,IF2103,2020-07-21 09:30:41.700,4581.8000,643,0,11023080.000,0,-,-,-,-,4576.2000,4576.0000,4568.8000,4564.0000,4561.6000,4584.2000,4584.6000,4590.4000,4593.2000,4595.4000,2,1,1,8,1,1,2,2,1,1
SF,IF2103,2020-07-21 09:30:42.200,4581.8000,643,0,11023080.000,0,-,-,-,-,4576.2000,4576.0000,4568.8000,4564.0000,4561.6000,4584.0000,4584.2000,4590.4000,4593.2000,4595.4000,2,1,1,8,1,2,1,2,1,1
SF,IF2103,2020-07-21 09:30:42.700,4581.8000,643,0,11023080.000,0,-,-,-,-,4576.2000,4576.0000,4568.8000,4564.0000,4561.6000,4584.0000,4590.4000,4593.2000,4595.4000,4660.6000,2,1,1,8,1,2,2,1,1,1
SF,IF2103,2020-07-21 09:30:43.200,4581.8000,643,0,11023080.000,0,-,-,-,-,4576.2000,4576.0000,4568.8000,4564.0000,4561.6000,4584.0000,4590.4000,4593.2000,4595.4000,4660.6000,2,1,1,8,1,2,2,1,1,1
SF,IF2103,2020-07-21 09:30:43.700,4581.8000,643,0,11023080.000,0,-,-,-,-,4576.2000,4576.0000,4568.8000,4564.0000,4561.6000,4584.0000,4590.4000,4593.2000,4595.4000,4660.6000,2,1,1,8,1,2,2,1,1,1
SF,IF2103,2020-07-21 09:30:44.200,4581.8000,643,0,11023080.000,0,-,-,-,-,4576.2000,4576.0000,4568.8000,4564.0000,4561.6000,4584.0000,4590.4000,4593.2000,4595.4000,4660.6000,2,1,1,8,1,2,2,1,1,1
SF,IF2103,2020-07-21 09:30:44.700,4581.8000,643,0,11023080.000,0,-,-,-,-,4576.2000,4576.0000,4568.8000,4564.0000,4561.6000,4584.0000,4590.4000,4595.4000,4660.6000,4660.8000,2,1,1,8,1,2,2,1,1,12
SF,IF2103,2020-07-21 09:30:45.200,4581.8000,643,0,11023080.000,0,-,-,-,-,4576.2000,4576.0000,4568.8000,4564.0000,4561.6000,4584.0000,4590.4000,4595.4000,4660.6000,4660.8000,2,1,1,8,1,2,2,1,1,12
SF,IF2103,2020-07-21 09:30:45.700,4581.8000,643,0,11023080.000,0,-,-,-,-,4576.2000,4576.0000,4568.8000,4564.0000,4561.6000,4583.6000,4584.0000,4590.4000,4595.4000,4660.6000,2,1,1,8,1,1,2,2,1,1
SF,IF2103,2020-07-21 09:30:46.200,4581.8000,643,0,11023080.000,0,-,-,-,-,4576.2000,4568.8000,4564.0000,4561.6000,4500.0000,4583.4000,4590.4000,4595.4000,4660.6000,4660.8000,2,1,8,1,1,2,2,1,1,12
SF,IF2103,2020-07-21 09:30:46.700,4581.8000,643,0,11023080.000,0,-,-,-,-,4577.2000,4576.2000,4568.8000,4564.0000,4561.6000,4583.4000,4590.4000,4595.4000,4660.6000,4660.8000,1,2,1,8,1,2,2,1,1,12
SF,IF2103,2020-07-21 09:30:47.200,4581.8000,643,0,11023080.000,0,-,-,-,-,4577.4000,4577.2000,4568.8000,4564.0000,4561.6000,4583.4000,4590.4000,4595.4000,4660.6000,4660.8000,1,1,1,8,1,2,2,1,1,12
SF,IF2103,2020-07-21 09:30:47.700,4581.8000,643,0,11023080.000,0,-,-,-,-,4577.4000,4568.8000,4564.0000,4561.6000,4500.0000,4583.0000,4583.4000,4590.4000,4595.4000,4660.6000,1,1,8,1,1,1,2,2,1,1
SF,IF2103,2020-07-21 09:30:48.200,4581.8000,643,0,11023080.000,0,-,-,-,-,4568.8000,4564.0000,4561.6000,4500.0000,4484.4000,4582.8000,4583.0000,4590.4000,4595.4000,4660.6000,1,8,1,1,1,2,1,2,1,1
SF,IF2103,2020-07-21 09:30:48.700,4581.8000,643,0,11023080.000,0,-,-,-,-,4576.0000,4569.0000,4568.8000,4564.0000,4561.6000,4582.8000,4583.0000,4590.4000,4595.4000,4660.6000,1,2,1,8,1,2,1,2,1,1
SF,IF2103,2020-07-21 09:30:49.200,4581.8000,643,0,11023080.000,0,-,-,-,-,4576.2000,4564.0000,4561.6000,4500.0000,4484.4000,4582.8000,4583.0000,4590.4000,4595.4000,4660.6000,1,8,1,1,1,2,1,2,1,1
SF,IF2103,2020-07-21 09:30:49.700,4581.8000,643,0,11023080.000,0,-,-,-,-,4576.2000,4564.0000,4561.6000,4500.0000,4484.4000,4582.4000,4582.8000,4590.4000,4595.4000,4660.6000,1,8,1,1,1,1,2,2,1,1
SF,IF2103,2020-07-21 09:30:50.200,4581.8000,643,0,11023080.000,0,-,-,-,-,4564.0000,4561.6000,4500.0000,4484.4000,4483.0000,4582.2000,4582.4000,4590.4000,4595.4000,4660.6000,8,1,1,1,3,2,1,2,1,1
SF,IF2103,2020-07-21 09:30:50.700,4581.8000,643,0,11023080.000,0,-,-,-,-,4570.8000,4564.2000,4564.0000,4561.6000,4500.0000,4582.2000,4582.4000,4590.4000,4595.4000,4660.6000,1,2,8,1,1,2,1,2,1,1
SF,IF2103,2020-07-21 09:30:51.200,4581.8000,643,0,11023080.000,0,-,-,-,-,4571.0000,4570.8000,4564.0000,4561.6000,4500.0000,4582.2000,4582.4000,4590.4000,4595.4000,4660.6000,2,1,8,1,1,2,1,2,1,1
SF,IF2103,2020-07-21 09:30:51.700,4581.8000,643,0,11023080.000,0,-,-,-,-,4576.0000,4573.0000,4571.0000,4564.0000,4561.6000,4581.8000,4582.2000,4590.4000,4595.4000,4660.6000,1,1,2,8,1,1,2,2,1,1
SF,IF2103,2020-07-21 09:30:52.200,4581.8000,643,0,11023080.000,0,-,-,-,-,4576.2000,4573.0000,4564.0000,4561.6000,4500.0000,4580.8000,4581.6000,4581.8000,4590.4000,4595.4000,1,1,8,1,1,1,2,1,2,1
SF,IF2103,2020-07-21 09:30:52.700,4581.8000,643,0,11023080.000,0,-,-,-,-,4573.0000,4564.0000,4561.6000,4500.0000,4484.4000,4580.6000,4580.8000,4581.8000,4590.4000,4595.4000,1,8,1,1,1,1,1,1,2,1
SF,IF2103,2020-07-21 09:30:53.200,4581.8000,643,0,11023080.000,0,-,-,-,-,4573.2000,4573.0000,4564.0000,4561.6000,4500.0000,4580.6000,4580.8000,4581.8000,4590.4000,4595.4000,2,1,8,1,1,1,1,1,2,1
SF,IF2103,2020-07-21 09:30:53.700,4581.8000,643,0,11023080.000,0,-,-,-,-,4573.2000,4573.0000,4564.0000,4561.6000,4500.0000,4580.6000,4580.8000,4581.8000,4590.4000,4595.4000,1,1,8,1,1,1,1,1,2,1
SF,IF2103,2020-07-21 09:30:54.200,4581.8000,643,0,11023080.000,0,-,-,-,-,4573.2000,4573.0000,4561.6000,4554.4000,4500.0000,4580.6000,4581.8000,4590.4000,4595.4000,4660.6000,1,1,1,8,1,1,1,2,1,1
SF,IF2103,2020-07-21 09:30:54.700,4581.8000,643,0,11023080.000,0,-,-,-,-,4576.0000,4574.2000,4573.2000,4561.6000,4554.4000,4580.6000,4590.4000,4595.4000,4660.6000,4660.8000,1,1,1,1,8,1,2,1,1,12
SF,IF2103,2020-07-21 09:30:55.200,4581.8000,643,0,11023080.000,0,-,-,-,-,4576.2000,4576.0000,4574.2000,4561.6000,4554.4000,4580.6000,4590.4000,4595.4000,4660.6000,4660.8000,1,1,1,1,8,1,2,1,1,12
SF,IF2103,2020-07-21 09:30:55.700,4581.8000,643,0,11023080.000,0,-,-,-,-,4576.2000,4576.0000,4574.2000,4561.6000,4554.4000,4590.4000,4595.4000,4660.6000,4660.8000,4697.0000,1,1,1,1,8,2,1,1,12,1
SF,IF2103,2020-07-21 09:30:56.200,4581.8000,643,0,11023080.000,0,-,-,-,-,4576.2000,4576.0000,4574.2000,4561.6000,4554.4000,4583.0000,4590.2000,4590.4000,4660.6000,4660.8000,1,1,1,1,8,1,1,2,1,12
SF,IF2103,2020-07-21 09:30:56.700,4581.8000,643,0,11023080.000,0,-,-,-,-,4577.0000,4576.2000,4576.0000,4561.6000,4554.4000,4582.8000,4590.4000,4660.6000,4660.8000,4697.0000,1,1,1,1,8,1,2,1,12,1
SF,IF2103,2020-07-21 09:30:57.200,4581.8000,643,0,11023080.000,0,-,-,-,-,4577.2000,4577.0000,4576.0000,4561.6000,4554.4000,4582.8000,4590.4000,4660.6000,4660.8000,4697.0000,1,1,1,1,8,1,2,1,12,1
SF,IF2103,2020-07-21 09:30:57.700,4581.8000,643,0,11023080.000,0,-,-,-,-,4583.0000,4577.2000,4577.0000,4576.0000,4561.6000,4590.4000,4660.6000,4660.8000,4697.0000,4703.0000,1,1,1,1,1,2,1,12,1,1
SF,IF2103,2020-07-21 09:30:58.200,4582.8000,643,0,12397920.000,1,0,1,多换,S,4578.0000,4577.2000,4576.0000,4561.6000,4554.4000,4585.4000,4590.2000,4590.4000,4660.6000,4660.8000,1,1,1,1,8,1,1,2,1,12
SF,IF2103,2020-07-21 09:30:58.700,4582.8000,643,0,12397920.000,0,-,-,-,-,4578.2000,4578.0000,4576.0000,4561.6000,4554.4000,4585.2000,4590.4000,4660.6000,4660.8000,4697.0000,1,1,1,1,8,1,2,1,12,1
SF,IF2103,2020-07-21 09:30:59.200,4582.8000,643,0,12397920.000,0,-,-,-,-,4578.2000,4578.0000,4576.0000,4561.6000,4554.4000,4585.2000,4590.4000,4660.6000,4660.8000,4697.0000,1,1,1,1,8,1,2,1,12,1
SF,IF2103,2020-07-21 09:30:59.700,4582.8000,643,0,12397920.000,0,-,-,-,-,4578.2000,4578.0000,4576.0000,4561.6000,4554.4000,4585.2000,4590.4000,4660.6000,4660.8000,4697.0000,1,1,1,1,8,1,2,1,12,1
SF,IF2103,2020-07-21 09:31:00.200,4582.8000,643,0,12397920.000,0,-,-,-,-,4578.2000,4578.0000,4576.0000,4561.6000,4554.4000,4585.2000,4590.4000,4660.6000,4660.8000,4697.0000,1,1,1,1,8,1,2,1,12,1
SF,IF2103,2020-07-21 09:31:00.700,4582.8000,643,0,12397920.000,0,-,-,-,-,4578.2000,4578.0000,4576.0000,4561.6000,4554.4000,4584.6000,4585.2000,4590.4000,4660.6000,4660.8000,1,1,1,1,8,1,1,2,1,12
SF,IF2103,2020-07-21 09:31:01.200,4582.8000,643,0,12397920.000,0,-,-,-,-,4578.2000,4576.0000,4561.6000,4554.4000,4500.0000,4584.4000,4584.6000,4590.4000,4660.6000,4660.8000,1,1,1,8,1,1,1,2,1,12
SF,IF2103,2020-07-21 09:31:01.700,4582.8000,643,0,12397920.000,0,-,-,-,-,4578.2000,4576.0000,4561.6000,4554.4000,4500.0000,4583.0000,4584.4000,4590.4000,4660.6000,4660.8000,1,1,1,8,1,1,1,2,1,12
SF,IF2103,2020-07-21 09:31:02.200,4582.8000,643,0,12397920.000,0,-,-,-,-,4578.2000,4576.0000,4561.6000,4554.4000,4500.0000,4582.8000,4583.0000,4590.4000,4660.6000,4660.8000,1,1,1,8,1,1,1,2,1,12
SF,IF2103,2020-07-21 09:31:02.700,4582.8000,643,0,12397920.000,0,-,-,-,-,4578.2000,4576.0000,4561.6000,4554.4000,4500.0000,4582.6000,4582.8000,4590.4000,4660.6000,4697.0000,1,1,1,8,1,1,1,2,1,1
SF,IF2103,2020-07-21 09:31:03.200,4582.8000,643,0,12397920.000,0,-,-,-,-,4578.2000,4576.0000,4561.6000,4554.4000,4500.0000,4582.4000,4590.4000,4660.6000,4697.0000,4703.0000,1,1,1,8,1,1,2,1,1,1
SF,IF2103,2020-07-21 09:31:03.700,4582.8000,643,0,12397920.000,0,-,-,-,-,4578.2000,4576.0000,4561.6000,4554.4000,4500.0000,4582.4000,4590.4000,4660.6000,4697.0000,4703.0000,1,1,1,8,1,1,2,1,1,1
SF,IF2103,2020-07-21 09:31:04.200,4582.8000,643,0,12397920.000,0,-,-,-,-,4578.2000,4576.0000,4561.6000,4554.4000,4500.0000,4582.4000,4590.4000,4660.6000,4697.0000,4703.0000,1,1,1,8,1,1,2,1,1,1
SF,IF2103,2020-07-21 09:31:04.700,4582.8000,643,0,12397920.000,0,-,-,-,-,4578.2000,4576.0000,4561.6000,4554.4000,4500.0000,4582.4000,4590.4000,4660.6000,4697.0000,4703.0000,1,1,1,8,1,1,2,1,1,1
SF,IF2103,2020-07-21 09:31:05.200,4582.8000,643,0,12397920.000,0,-,-,-,-,4578.2000,4576.0000,4561.6000,4554.4000,4500.0000,4582.4000,4590.4000,4660.6000,4697.0000,4703.0000,1,1,1,8,1,1,2,1,1,1
SF,IF2103,2020-07-21 09:31:05.700,4582.8000,643,0,12397920.000,0,-,-,-,-,4578.2000,4576.0000,4561.6000,4554.4000,4500.0000,4582.4000,4590.4000,4660.6000,4697.0000,4703.0000,1,1,1,8,1,1,2,1,1,1
SF,IF2103,2020-07-21 09:31:06.200,4582.8000,643,0,12397920.000,0,-,-,-,-,4578.2000,4576.0000,4561.6000,4554.4000,4500.0000,4582.4000,4590.4000,4660.6000,4697.0000,4703.0000,1,1,1,8,1,1,2,1,1,1
SF,IF2103,2020-07-21 09:31:06.700,4582.8000,643,0,12397920.000,0,-,-,-,-,4578.2000,4576.0000,4561.6000,4554.4000,4500.0000,4582.4000,4590.4000,4660.6000,4697.0000,4703.0000,1,1,1,8,1,1,2,1,1,1
SF,IF2103,2020-07-21 09:31:07.200,4582.8000,643,0,12397920.000,0,-,-,-,-,4578.2000,4576.0000,4561.6000,4554.4000,4500.0000,4582.4000,4590.4000,4660.6000,4697.0000,4703.0000,1,1,1,8,1,1,2,1,1,1
SF,IF2103,2020-07-21 09:31:07.700,4582.8000,643,0,12397920.000,0,-,-,-,-,4578.2000,4576.0000,4561.6000,4554.4000,4500.0000,4590.4000,4660.6000,4697.0000,4703.0000,4747.2000,1,1,1,8,1,2,1,1,1,1
SF,IF2103,2020-07-21 09:31:08.200,4582.8000,643,0,12397920.000,0,-,-,-,-,4578.2000,4576.0000,4561.6000,4554.4000,4500.0000,4585.8000,4590.2000,4590.4000,4660.6000,4697.0000,1,1,1,8,1,1,1,2,1,1
SF,IF2103,2020-07-21 09:31:08.700,4582.8000,643,0,12397920.000,0,-,-,-,-,4578.2000,4576.0000,4561.6000,4554.4000,4500.0000,4585.6000,4590.4000,4660.6000,4697.0000,4703.0000,1,1,1,8,1,1,2,1,1,1
SF,IF2103,2020-07-21 09:31:09.200,4582.8000,643,0,12397920.000,0,-,-,-,-,4578.2000,4576.0000,4561.6000,4554.4000,4500.0000,4585.6000,4590.4000,4660.6000,4697.0000,4703.0000,1,1,1,8,1,1,2,1,1,1
SF,IF2103,2020-07-21 09:31:09.700,4582.8000,643,0,12397920.000,0,-,-,-,-,4578.2000,4576.0000,4561.6000,4554.4000,4500.0000,4585.6000,4590.4000,4660.6000,4697.0000,4703.0000,1,1,1,8,1,1,2,1,1,1
SF,IF2103,2020-07-21 09:31:10.200,4582.8000,643,0,12397920.000,0,-,-,-,-,4578.2000,4576.0000,4561.6000,4554.4000,4500.0000,4585.6000,4590.4000,4660.6000,4697.0000,4703.0000,1,1,1,8,1,1,2,1,1,1
SF,IF2103,2020-07-21 09:31:10.700,4582.8000,643,0,12397920.000,0,-,-,-,-,4578.2000,4576.0000,4561.6000,4554.4000,4500.0000,4585.6000,4590.4000,4660.6000,4697.0000,4703.0000,1,1,1,8,1,1,2,1,1,1
SF,IF2103,2020-07-21 09:31:11.200,4582.8000,643,0,12397920.000,0,-,-,-,-,4578.2000,4576.0000,4561.6000,4554.4000,4500.0000,4585.6000,4590.4000,4660.6000,4697.0000,4703.0000,1,1,1,8,1,1,2,1,1,1
SF,IF2103,2020-07-21 09:31:11.700,4582.8000,643,0,12397920.000,0,-,-,-,-,4581.2000,4578.2000,4561.6000,4554.4000,4500.0000,4585.6000,4590.4000,4660.6000,4697.0000,4703.0000,1,1,1,8,1,1,2,1,1,1
SF,IF2103,2020-07-21 09:31:12.200,4582.8000,643,0,12397920.000,0,-,-,-,-,4581.4000,4581.2000,4561.6000,4554.4000,4500.0000,4585.6000,4590.4000,4660.6000,4697.0000,4703.0000,1,1,1,8,1,1,2,1,1,1
SF,IF2103,2020-07-21 09:31:12.700,4582.8000,643,0,12397920.000,0,-,-,-,-,4581.4000,4581.2000,4561.6000,4554.4000,4500.0000,4585.6000,4590.4000,4660.6000,4697.0000,4703.0000,1,1,1,8,1,1,2,1,1,1
SF,IF2103,2020-07-21 09:31:13.200,4582.8000,643,0,12397920.000,0,-,-,-,-,4581.4000,4581.2000,4561.6000,4554.4000,4500.0000,4585.6000,4590.4000,4660.6000,4697.0000,4703.0000,1,1,1,8,1,1,2,1,1,1
SF,IF2103,2020-07-21 09:31:13.700,4582.8000,643,0,12397920.000,0,-,-,-,-,4581.4000,4581.2000,4561.6000,4554.4000,4500.0000,4585.6000,4590.4000,4660.6000,4697.0000,4703.0000,1,1,1,8,1,1,2,1,1,1
SF,IF2103,2020-07-21 09:31:14.200,4582.8000,643,0,12397920.000,0,-,-,-,-,4581.4000,4581.2000,4561.6000,4554.4000,4500.0000,4585.6000,4590.4000,4660.6000,4697.0000,4703.0000,1,1,1,8,1,1,2,1,1,1
SF,IF2103,2020-07-21 09:31:14.700,4582.8000,643,0,12397920.000,0,-,-,-,-,4581.4000,4581.2000,4561.6000,4554.4000,4500.0000,4590.4000,4660.6000,4697.0000,4703.0000,4747.2000,1,1,1,8,1,2,1,1,1,1
SF,IF2103,2020-07-21 09:31:15.200,4582.8000,643,0,12397920.000,0,-,-,-,-,4581.4000,4581.2000,4561.6000,4554.4000,4500.0000,4588.8000,4590.2000,4590.4000,4660.6000,4697.0000,1,1,1,8,1,1,1,2,1,1
SF,IF2103,2020-07-21 09:31:15.700,4582.8000,643,0,12397920.000,0,-,-,-,-,4581.4000,4581.2000,4561.6000,4554.4000,4500.0000,4588.6000,4588.8000,4590.4000,4660.6000,4697.0000,1,1,1,8,1,1,1,2,1,1
SF,IF2103,2020-07-21 09:31:16.200,4582.8000,643,0,12397920.000,0,-,-,-,-,4581.4000,4581.2000,4561.6000,4554.4000,4500.0000,4588.6000,4590.4000,4660.6000,4697.0000,4703.0000,1,1,1,8,1,1,2,1,1,1
SF,IF2103,2020-07-21 09:31:16.700,4582.8000,643,0,12397920.000,0,-,-,-,-,4581.4000,4581.2000,4561.6000,4554.4000,4500.0000,4588.6000,4590.4000,4660.6000,4697.0000,4703.0000,1,1,1,8,1,1,2,1,1,1
SF,IF2103,2020-07-21 09:31:17.200,4582.8000,643,0,12397920.000,0,-,-,-,-,4581.4000,4581.2000,4561.6000,4554.4000,4500.0000,4588.6000,4590.4000,4660.6000,4697.0000,4703.0000,1,1,1,8,1,1,2,1,1,1
SF,IF2103,2020-07-21 09:31:17.700,4582.8000,643,0,12397920.000,0,-,-,-,-,4581.4000,4581.2000,4561.6000,4554.4000,4500.0000,4588.6000,4590.4000,4660.6000,4697.0000,4703.0000,1,1,1,8,1,1,2,1,1,1
SF,IF2103,2020-07-21 09:31:18.200,4582.8000,643,0,12397920.000,0,-,-,-,-,4581.4000,4581.2000,4561.6000,4554.4000,4500.0000,4588.6000,4590.4000,4660.6000,4697.0000,4703.0000,1,1,1,8,1,1,2,1,1,1
SF,IF2103,2020-07-21 09:31:18.700,4582.8000,643,0,12397920.000,0,-,-,-,-,4581.4000,4581.2000,4561.6000,4554.4000,4500.0000,4588.6000,4590.4000,4660.6000,4697.0000,4703.0000,1,1,1,8,1,1,2,1,1,1
SF,IF2103,2020-07-21 09:31:19.200,4582.8000,643,0,12397920.000,0,-,-,-,-,4581.4000,4581.2000,4561.6000,4554.4000,4500.0000,4588.6000,4590.4000,4660.6000,4697.0000,4703.0000,1,1,1,8,1,1,2,1,1,1
SF,IF2103,2020-07-21 09:31:19.700,4582.8000,643,0,12397920.000,0,-,-,-,-,4581.4000,4581.2000,4561.6000,4554.4000,4500.0000,4588.6000,4590.4000,4660.6000,4697.0000,4703.0000,1,1,1,8,1,1,2,1,1,1
SF,IF2103,2020-07-21 09:31:20.200,4582.8000,643,0,12397920.000,0,-,-,-,-,4582.2000,4581.4000,4581.2000,4561.6000,4554.4000,4588.6000,4590.4000,4660.6000,4697.0000,4703.0000,1,1,1,1,8,1,2,1,1,1
SF,IF2103,2020-07-21 09:31:20.700,4582.8000,643,0,12397920.000,0,-,-,-,-,4582.4000,4582.2000,4581.2000,4561.6000,4554.4000,4588.6000,4590.4000,4660.6000,4697.0000,4703.0000,1,1,1,1,8,1,2,1,1,1
SF,IF2103,2020-07-21 09:31:21.200,4582.8000,643,0,12397920.000,0,-,-,-,-,4582.4000,4582.2000,4581.2000,4561.6000,4554.4000,4588.6000,4590.4000,4660.6000,4697.0000,4703.0000,1,1,1,1,8,1,2,1,1,1
SF,IF2103,2020-07-21 09:31:21.700,4582.8000,643,0,12397920.000,0,-,-,-,-,4583.0000,4582.4000,4581.2000,4561.6000,4554.4000,4588.6000,4590.4000,4660.6000,4697.0000,4703.0000,1,1,1,1,8,1,2,1,1,1
SF,IF2103,2020-07-21 09:31:22.200,4582.8000,643,0,12397920.000,0,-,-,-,-,4583.2000,4583.0000,4581.2000,4561.6000,4554.4000,4588.6000,4590.4000,4697.0000,4703.0000,4747.2000,1,1,1,1,8,1,2,1,1,1
SF,IF2103,2020-07-21 09:31:22.700,4582.8000,643,0,12397920.000,0,-,-,-,-,4586.4000,4583.2000,4561.6000,4554.4000,4500.0000,4588.6000,4590.4000,4697.0000,4703.0000,4747.2000,1,1,1,8,1,1,2,1,1,1
SF,IF2103,2020-07-21 09:31:23.200,4586.4000,642,-1,15149760.000,2,0,2,多平,S,4583.2000,4561.6000,4554.4000,4500.0000,4484.4000,4588.6000,4590.4000,4697.0000,4703.0000,4747.2000,1,1,8,1,1,1,2,1,1,1
SF,IF2103,2020-07-21 09:31:23.700,4586.4000,642,0,15149760.000,0,-,-,-,-,4583.2000,4561.6000,4554.4000,4500.0000,4484.4000,4588.6000,4590.4000,4697.0000,4703.0000,4747.2000,1,1,8,1,1,1,2,1,1,1
SF,IF2103,2020-07-21 09:31:24.200,4586.4000,642,0,15149760.000,0,-,-,-,-,4583.2000,4561.6000,4554.4000,4500.0000,4484.4000,4588.6000,4590.4000,4697.0000,4703.0000,4747.2000,1,1,8,1,1,1,2,1,1,1
SF,IF2103,2020-07-21 09:31:26.700,4586.4000,642,0,15149760.000,0,-,-,-,-,4583.2000,4561.6000,4554.4000,4500.0000,4484.4000,4588.4000,4588.6000,4590.4000,4697.0000,4703.0000,1,1,8,1,1,1,1,2,1,1
SF,IF2103,2020-07-21 09:31:27.200,4586.4000,642,0,15149760.000,0,-,-,-,-,4583.2000,4561.6000,4554.4000,4500.0000,4484.4000,4588.2000,4588.4000,4590.4000,4697.0000,4703.0000,1,1,8,1,1,1,1,2,1,1
SF,IF2103,2020-07-21 09:31:27.700,4586.4000,642,0,15149760.000,0,-,-,-,-,4561.6000,4554.4000,4500.0000,4484.4000,4483.0000,4588.2000,4588.4000,4590.4000,4697.0000,4703.0000,1,8,1,1,3,1,1,2,1,1
SF,IF2103,2020-07-21 09:31:28.200,4586.4000,642,0,15149760.000,0,-,-,-,-,4581.2000,4561.8000,4561.6000,4554.4000,4500.0000,4588.0000,4588.2000,4590.4000,4697.0000,4703.0000,1,2,1,8,1,1,1,2,1,1
SF,IF2103,2020-07-21 09:31:28.700,4586.4000,642,0,15149760.000,0,-,-,-,-,4581.4000,4581.2000,4561.8000,4561.6000,4554.4000,4587.8000,4588.0000,4590.4000,4697.0000,4703.0000,1,1,1,1,8,1,1,2,1,1
SF,IF2103,2020-07-21 09:31:29.200,4586.4000,642,0,15149760.000,0,-,-,-,-,4581.4000,4581.2000,4561.8000,4561.6000,4554.4000,4587.8000,4588.0000,4590.4000,4697.0000,4703.0000,1,1,1,1,8,1,1,2,1,1
SF,IF2103,2020-07-21 09:31:29.700,4586.4000,642,0,15149760.000,0,-,-,-,-,4581.4000,4581.2000,4561.8000,4561.6000,4554.4000,4587.8000,4588.0000,4590.4000,4697.0000,4703.0000,1,1,1,1,8,1,1,2,1,1
SF,IF2103,2020-07-21 09:31:30.200,4586.4000,642,0,15149760.000,0,-,-,-,-,4581.4000,4581.2000,4561.6000,4554.4000,4500.0000,4587.8000,4588.0000,4590.4000,4697.0000,4703.0000,1,1,1,8,1,1,1,2,1,1
SF,IF2103,2020-07-21 09:31:30.700,4586.4000,642,0,15149760.000,0,-,-,-,-,4581.4000,4581.2000,4561.6000,4554.4000,4500.0000,4587.4000,4587.8000,4590.4000,4697.0000,4703.0000,1,1,1,8,1,1,2,2,1,1
SF,IF2103,2020-07-21 09:31:31.200,4586.4000,642,0,15149760.000,0,-,-,-,-,4581.4000,4581.2000,4561.6000,4554.4000,4500.0000,4587.2000,4587.4000,4587.8000,4590.4000,4697.0000,1,1,1,8,1,1,1,1,2,1
SF,IF2103,2020-07-21 09:31:31.700,4586.4000,642,0,15149760.000,0,-,-,-,-,4581.4000,4581.2000,4561.6000,4554.4000,4500.0000,4587.2000,4587.4000,4587.8000,4590.4000,4697.0000,1,1,1,8,1,1,1,1,2,1
SF,IF2103,2020-07-21 09:31:32.200,4586.4000,642,0,15149760.000,0,-,-,-,-,4561.6000,4554.4000,4500.0000,4484.4000,4483.0000,4586.8000,4587.2000,4587.8000,4590.4000,4697.0000,1,8,1,1,3,1,1,1,2,1
SF,IF2103,2020-07-21 09:31:32.700,4586.4000,642,0,15149760.000,0,-,-,-,-,4581.2000,4561.8000,4561.6000,4554.4000,4500.0000,4586.6000,4586.8000,4587.8000,4590.4000,4697.0000,1,1,1,8,1,1,1,1,2,1
SF,IF2103,2020-07-21 09:31:33.200,4581.2000,642,0,16524120.000,1,0,1,多换,S,4583.0000,4561.8000,4561.6000,4554.4000,4500.0000,4585.8000,4586.4000,4586.6000,4587.8000,4590.4000,1,1,1,8,1,1,1,1,1,2
SF,IF2103,2020-07-21 09:31:33.700,4583.0000,642,0,17899020.000,1,0,1,多换,S,4561.8000,4561.6000,4554.4000,4500.0000,4484.4000,4585.2000,4585.8000,4586.4000,4587.8000,4590.4000,1,1,8,1,1,1,1,1,1,2
SF,IF2103,2020-07-21 09:31:34.200,4583.0000,642,0,17899020.000,0,-,-,-,-,4570.8000,4561.8000,4561.6000,4554.4000,4500.0000,4584.8000,4585.0000,4586.4000,4587.8000,4590.4000,1,1,1,8,1,1,1,1,1,2
SF,IF2103,2020-07-21 09:31:34.700,4583.0000,642,0,17899020.000,0,-,-,-,-,4571.0000,4570.8000,4561.6000,4554.4000,4500.0000,4584.6000,4584.8000,4586.4000,4587.8000,4590.4000,1,1,1,8,1,1,1,1,1,2
SF,IF2103,2020-07-21 09:31:35.200,4583.0000,642,0,17899020.000,0,-,-,-,-,4574.0000,4571.0000,4570.8000,4561.6000,4554.4000,4583.8000,4584.6000,4586.4000,4587.8000,4590.4000,1,1,1,1,8,1,1,1,1,2
SF,IF2103,2020-07-21 09:31:35.700,4583.0000,642,0,17899020.000,0,-,-,-,-,4574.2000,4574.0000,4570.8000,4561.6000,4554.4000,4583.6000,4583.8000,4586.4000,4587.8000,4590.4000,1,1,1,1,8,1,1,1,1,2
SF,IF2103,2020-07-21 09:31:36.200,4583.0000,642,0,17899020.000,0,-,-,-,-,4574.2000,4574.0000,4570.8000,4561.6000,4554.4000,4583.2000,4583.6000,4583.8000,4586.4000,4587.8000,1,1,1,1,8,2,1,1,1,1
SF,IF2103,2020-07-21 09:31:36.700,4583.0000,642,0,17899020.000,0,-,-,-,-,4575.6000,4574.2000,4561.6000,4554.4000,4500.0000,4583.0000,4583.2000,4583.8000,4586.4000,4587.8000,1,1,1,8,1,2,2,1,1,1
SF,IF2103,2020-07-21 09:31:37.200,4583.0000,642,0,17899020.000,0,-,-,-,-,4575.8000,4575.6000,4561.6000,4554.4000,4500.0000,4583.0000,4583.2000,4586.4000,4587.8000,4590.4000,1,1,1,8,1,2,2,1,1,2
SF,IF2103,2020-07-21 09:31:37.700,4583.0000,642,0,17899020.000,0,-,-,-,-,4575.8000,4575.6000,4561.6000,4558.8000,4554.4000,4583.0000,4583.2000,4586.4000,4587.8000,4590.4000,1,1,1,1,8,1,2,1,1,2
SF,IF2103,2020-07-21 09:31:38.200,4583.0000,642,0,17899020.000,0,-,-,-,-,4575.8000,4561.6000,4558.8000,4554.4000,4500.0000,4583.0000,4586.4000,4587.8000,4590.4000,4697.0000,1,1,1,8,1,1,1,1,2,1
SF,IF2103,2020-07-21 09:31:39.700,4583.0000,642,0,17899020.000,0,-,-,-,-,4575.8000,4561.6000,4558.8000,4554.4000,4500.0000,4582.8000,4583.0000,4586.4000,4587.8000,4590.4000,1,1,1,8,1,1,1,1,1,2
SF,IF2103,2020-07-21 09:31:40.200,4583.0000,642,0,17899020.000,0,-,-,-,-,4561.6000,4558.8000,4554.4000,4500.0000,4484.4000,4582.6000,4582.8000,4586.4000,4587.8000,4590.4000,1,1,8,1,1,1,1,1,1,2
SF,IF2103,2020-07-21 09:31:40.700,4583.0000,642,0,17899020.000,0,-,-,-,-,4565.6000,4561.8000,4561.6000,4558.8000,4554.4000,4582.6000,4582.8000,4586.4000,4587.8000,4590.4000,1,1,1,1,8,1,1,1,1,2
SF,IF2103,2020-07-21 09:31:41.200,4583.0000,642,0,17899020.000,0,-,-,-,-,4565.8000,4565.6000,4561.6000,4558.8000,4554.4000,4582.0000,4582.6000,4586.4000,4587.8000,4590.4000,1,1,1,1,8,1,1,1,1,2
SF,IF2103,2020-07-21 09:31:41.700,4583.0000,642,0,17899020.000,0,-,-,-,-,4565.8000,4565.6000,4561.6000,4558.8000,4554.4000,4581.8000,4582.0000,4586.4000,4587.8000,4590.4000,1,1,1,1,8,1,1,1,1,2
SF,IF2103,2020-07-21 09:31:42.200,4583.0000,642,0,17899020.000,0,-,-,-,-,4570.2000,4569.6000,4565.8000,4565.6000,4561.6000,4581.8000,4582.8000,4586.4000,4587.8000,4590.4000,1,1,1,1,1,1,1,1,1,2
SF,IF2103,2020-07-21 09:31:42.700,4583.0000,642,0,17899020.000,0,-,-,-,-,4570.8000,4570.4000,4570.2000,4569.6000,4569.0000,4581.8000,4582.8000,4586.4000,4587.8000,4590.4000,1,1,1,1,2,1,1,1,1,2
SF,IF2103,2020-07-21 09:31:43.200,4583.0000,642,0,17899020.000,0,-,-,-,-,4571.2000,4571.0000,4570.2000,4569.0000,4561.6000,4581.8000,4582.8000,4586.4000,4587.8000,4590.4000,1,1,1,2,1,1,1,1,1,2
SF,IF2103,2020-07-21 09:31:43.700,4583.0000,642,0,17899020.000,0,-,-,-,-,4573.4000,4571.4000,4571.2000,4570.2000,4569.0000,4581.8000,4582.8000,4586.4000,4587.8000,4590.4000,2,1,1,1,2,1,1,1,1,2
SF,IF2103,2020-07-21 09:31:44.200,4583.0000,642,0,17899020.000,0,-,-,-,-,4573.6000,4573.4000,4571.2000,4570.2000,4569.0000,4581.8000,4586.4000,4587.8000,4590.4000,4697.0000,1,2,1,1,2,1,1,1,2,1
SF,IF2103,2020-07-21 09:31:44.700,4583.0000,642,0,17899020.000,0,-,-,-,-,4573.6000,4573.4000,4570.2000,4569.0000,4561.6000,4581.8000,4586.4000,4587.8000,4590.4000,4697.0000,1,2,1,2,1,1,1,1,2,1
SF,IF2103,2020-07-21 09:31:45.200,4583.0000,642,0,17899020.000,0,-,-,-,-,4573.6000,4573.4000,4570.2000,4569.0000,4561.6000,4581.8000,4586.4000,4587.8000,4590.4000,4697.0000,1,2,1,2,1,1,1,1,2,1
SF,IF2103,2020-07-21 09:31:45.700,4583.0000,642,0,17899020.000,0,-,-,-,-,4573.6000,4573.4000,4569.0000,4561.6000,4558.8000,4581.8000,4586.4000,4590.4000,4697.0000,4703.0000,1,2,2,1,1,2,1,2,1,1
SF,IF2103,2020-07-21 09:31:46.200,4583.0000,642,0,17899020.000,0,-,-,-,-,4573.6000,4573.4000,4569.0000,4561.6000,4558.8000,4581.8000,4586.4000,4590.4000,4697.0000,4703.0000,1,2,2,1,1,2,1,2,1,1
SF,IF2103,2020-07-21 09:31:46.700,4583.0000,642,0,17899020.000,0,-,-,-,-,4573.6000,4573.4000,4569.8000,4569.0000,4561.6000,4581.8000,4586.4000,4590.4000,4697.0000,4703.0000,1,2,1,2,1,2,1,2,1,1
SF,IF2103,2020-07-21 09:31:47.200,4583.0000,642,0,17899020.000,0,-,-,-,-,4573.6000,4573.4000,4569.8000,4569.0000,4561.6000,4581.8000,4586.4000,4590.4000,4697.0000,4703.0000,1,2,1,2,1,2,1,2,1,1
SF,IF2103,2020-07-21 09:31:47.700,4583.0000,642,0,17899020.000,0,-,-,-,-,4573.6000,4573.4000,4569.8000,4569.0000,4561.6000,4581.8000,4586.4000,4590.4000,4697.0000,4703.0000,1,2,1,2,1,2,1,2,1,1
SF,IF2103,2020-07-21 09:31:48.200,4583.0000,642,0,17899020.000,0,-,-,-,-,4573.6000,4569.0000,4561.6000,4558.8000,4554.4000,4581.8000,4586.4000,4590.4000,4697.0000,4703.0000,1,2,1,1,8,2,1,2,1,1
SF,IF2103,2020-07-21 09:31:48.700,4583.0000,642,0,17899020.000,0,-,-,-,-,4573.6000,4569.0000,4561.6000,4558.8000,4554.4000,4581.8000,4586.4000,4590.4000,4697.0000,4703.0000,1,2,1,1,8,2,1,2,1,1
SF,IF2103,2020-07-21 09:31:49.200,4583.0000,642,0,17899020.000,0,-,-,-,-,4573.6000,4569.0000,4561.6000,4558.8000,4554.4000,4581.8000,4586.4000,4590.4000,4697.0000,4703.0000,1,2,1,1,8,2,1,2,1,1
SF,IF2103,2020-07-21 09:31:49.700,4583.0000,642,0,17899020.000,0,-,-,-,-,4573.6000,4569.0000,4561.6000,4558.8000,4554.4000,4581.8000,4586.4000,4590.4000,4697.0000,4703.0000,1,2,1,1,8,2,1,2,1,1
SF,IF2103,2020-07-21 09:31:50.200,4583.0000,642,0,17899020.000,0,-,-,-,-,4573.6000,4569.0000,4561.6000,4558.8000,4554.4000,4581.8000,4586.4000,4590.4000,4697.0000,4703.0000,1,2,1,1,8,2,1,2,1,1
SF,IF2103,2020-07-21 09:31:50.700,4583.0000,642,0,17899020.000,0,-,-,-,-,4573.6000,4569.0000,4561.6000,4558.8000,4554.4000,4581.8000,4586.4000,4590.4000,4697.0000,4703.0000,1,2,1,1,8,2,1,2,1,1
SF,IF2103,2020-07-21 09:31:51.200,4583.0000,642,0,17899020.000,0,-,-,-,-,4573.6000,4569.0000,4561.6000,4558.8000,4554.4000,4581.8000,4586.4000,4590.4000,4697.0000,4703.0000,1,2,1,1,8,2,1,2,1,1
SF,IF2103,2020-07-21 09:31:51.700,4583.0000,642,0,17899020.000,0,-,-,-,-,4573.6000,4569.0000,4561.6000,4558.8000,4554.4000,4581.8000,4586.4000,4590.4000,4697.0000,4703.0000,1,2,1,1,8,2,1,2,1,1
SF,IF2103,2020-07-21 09:31:52.200,4583.0000,642,0,17899020.000,0,-,-,-,-,4573.6000,4569.0000,4561.6000,4558.8000,4554.4000,4581.8000,4586.4000,4590.4000,4697.0000,4703.0000,1,2,1,1,8,2,1,2,1,1
SF,IF2103,2020-07-21 09:31:52.700,4583.0000,642,0,17899020.000,0,-,-,-,-,4573.6000,4569.0000,4561.6000,4558.8000,4554.4000,4581.8000,4586.4000,4590.4000,4697.0000,4703.0000,1,2,1,1,8,2,1,2,1,1
SF,IF2103,2020-07-21 09:31:53.200,4583.0000,642,0,17899020.000,0,-,-,-,-,4573.6000,4569.0000,4561.6000,4558.8000,4554.4000,4581.8000,4586.4000,4590.4000,4697.0000,4703.0000,1,2,1,1,8,2,1,2,1,1
SF,IF2103,2020-07-21 09:31:53.700,4583.0000,642,0,17899020.000,0,-,-,-,-,4573.6000,4569.0000,4561.6000,4558.8000,4554.4000,4581.6000,4581.8000,4586.4000,4590.4000,4697.0000,1,2,1,1,8,1,2,1,2,1
SF,IF2103,2020-07-21 09:31:54.200,4583.0000,642,0,17899020.000,0,-,-,-,-,4573.6000,4569.0000,4564.4000,4561.6000,4558.8000,4581.4000,4581.6000,4581.8000,4586.4000,4590.4000,1,2,1,1,1,1,1,1,1,2
SF,IF2103,2020-07-21 09:31:54.700,4583.0000,642,0,17899020.000,0,-,-,-,-,4573.6000,4569.0000,4561.6000,4558.8000,4554.4000,4581.4000,4581.6000,4581.8000,4586.4000,4590.4000,1,2,1,1,8,1,1,1,1,2
SF,IF2103,2020-07-21 09:31:55.200,4583.0000,642,0,17899020.000,0,-,-,-,-,4573.6000,4569.0000,4561.6000,4558.8000,4554.4000,4581.4000,4581.6000,4581.8000,4586.4000,4590.4000,1,2,1,1,8,1,1,1,1,2
SF,IF2103,2020-07-21 09:31:55.700,4583.0000,642,0,17899020.000,0,-,-,-,-,4573.6000,4569.0000,4561.6000,4558.8000,4554.4000,4581.4000,4581.6000,4581.8000,4586.4000,4590.4000,1,2,1,1,8,1,1,1,1,2
SF,IF2103,2020-07-21 09:31:56.200,4583.0000,642,0,17899020.000,0,-,-,-,-,4573.6000,4569.0000,4561.6000,4558.8000,4554.4000,4581.4000,4581.6000,4581.8000,4586.4000,4590.4000,1,2,1,1,8,1,1,1,1,2
SF,IF2103,2020-07-21 09:31:57.700,4583.0000,642,0,17899020.000,0,-,-,-,-,4573.6000,4569.0000,4561.6000,4558.8000,4554.4000,4581.4000,4581.8000,4586.4000,4590.4000,4697.0000,1,2,1,1,8,1,1,1,2,1
SF,IF2103,2020-07-21 09:31:58.200,4583.0000,642,0,17899020.000,0,-,-,-,-,4573.6000,4569.0000,4561.6000,4558.8000,4554.4000,4581.4000,4581.8000,4586.4000,4590.4000,4697.0000,1,2,1,1,8,1,1,1,2,1
SF,IF2103,2020-07-21 09:31:58.700,4583.0000,642,0,17899020.000,0,-,-,-,-,4573.6000,4569.0000,4561.6000,4558.8000,4554.4000,4581.4000,4581.8000,4586.4000,4590.4000,4697.0000,1,2,1,1,8,1,1,1,2,1
SF,IF2103,2020-07-21 09:31:59.200,4583.0000,642,0,17899020.000,0,-,-,-,-,4573.6000,4569.0000,4561.6000,4558.8000,4554.4000,4581.4000,4581.8000,4586.4000,4590.4000,4697.0000,1,2,1,1,8,1,1,1,2,1
SF,IF2103,2020-07-21 09:31:59.700,4583.0000,642,0,17899020.000,0,-,-,-,-,4573.6000,4569.0000,4561.6000,4558.8000,4554.4000,4581.4000,4581.8000,4586.4000,4590.4000,4697.0000,1,2,1,1,8,1,1,1,2,1
SF,IF2103,2020-07-21 09:32:00.200,4583.0000,642,0,17899020.000,0,-,-,-,-,4573.6000,4569.0000,4561.6000,4558.8000,4554.4000,4581.4000,4581.8000,4586.4000,4590.4000,4697.0000,1,2,1,1,8,1,1,1,2,1
SF,IF2103,2020-07-21 09:32:00.700,4583.0000,642,0,17899020.000,0,-,-,-,-,4573.6000,4569.0000,4561.6000,4558.8000,4554.4000,4581.4000,4586.4000,4590.4000,4697.0000,4703.0000,1,2,1,1,8,2,1,2,1,1
SF,IF2103,2020-07-21 09:32:01.200,4583.0000,642,0,17899020.000,0,-,-,-,-,4573.6000,4569.0000,4561.6000,4558.8000,4554.4000,4581.4000,4586.4000,4590.4000,4697.0000,4703.0000,1,2,1,1,8,2,1,2,1,1
SF,IF2103,2020-07-21 09:32:01.700,4583.0000,642,0,17899020.000,0,-,-,-,-,4573.6000,4569.0000,4561.6000,4558.8000,4554.4000,4581.4000,4586.4000,4590.4000,4697.0000,4703.0000,1,2,1,1,8,2,1,2,1,1
SF,IF2103,2020-07-21 09:32:02.200,4583.0000,642,0,17899020.000,0,-,-,-,-,4573.6000,4569.0000,4561.6000,4558.8000,4554.4000,4581.4000,4586.4000,4590.4000,4697.0000,4703.0000,1,2,1,1,8,2,1,2,1,1
SF,IF2103,2020-07-21 09:32:02.700,4583.0000,642,0,17899020.000,0,-,-,-,-,4573.6000,4569.0000,4561.6000,4558.8000,4554.4000,4581.0000,4581.4000,4586.4000,4590.4000,4697.0000,1,2,1,1,8,1,2,1,2,1
SF,IF2103,2020-07-21 09:32:03.200,4583.0000,642,0,17899020.000,0,-,-,-,-,4573.6000,4569.0000,4561.6000,4558.8000,4554.4000,4580.8000,4581.0000,4581.4000,4586.4000,4590.4000,1,2,1,1,8,1,1,1,1,2
SF,IF2103,2020-07-21 09:32:03.700,4583.0000,642,0,17899020.000,0,-,-,-,-,4574.8000,4573.6000,4561.6000,4558.8000,4554.4000,4580.8000,4581.0000,4581.4000,4586.4000,4590.4000,1,1,1,1,8,1,1,1,1,2
SF,IF2103,2020-07-21 09:32:04.200,4583.0000,642,0,17899020.000,0,-,-,-,-,4575.0000,4574.8000,4561.6000,4558.8000,4554.4000,4580.8000,4581.4000,4586.4000,4590.4000,4697.0000,1,1,1,1,8,1,1,1,2,1
SF,IF2103,2020-07-21 09:32:04.700,4583.0000,642,0,17899020.000,0,-,-,-,-,4575.0000,4574.8000,4561.6000,4558.8000,4554.4000,4580.8000,4581.4000,4586.4000,4590.4000,4697.0000,1,1,1,1,8,1,1,1,2,1
SF,IF2103,2020-07-21 09:32:05.200,4583.0000,642,0,17899020.000,0,-,-,-,-,4575.0000,4574.8000,4561.6000,4558.8000,4554.4000,4580.8000,4581.4000,4586.4000,4590.4000,4697.0000,1,1,1,1,8,1,1,1,2,1
SF,IF2103,2020-07-21 09:32:05.700,4583.0000,642,0,17899020.000,0,-,-,-,-,4575.0000,4561.6000,4558.8000,4554.4000,4500.0000,4580.8000,4581.4000,4586.4000,4590.4000,4697.0000,1,1,1,8,1,1,1,1,2,1
SF,IF2103,2020-07-21 09:32:06.200,4583.0000,642,0,17899020.000,0,-,-,-,-,4575.6000,4575.0000,4561.6000,4558.8000,4554.4000,4580.8000,4581.4000,4586.4000,4590.4000,4697.0000,1,1,1,1,8,1,1,1,2,1
SF,IF2103,2020-07-21 09:32:06.700,4583.0000,642,0,17899020.000,0,-,-,-,-,4575.8000,4575.6000,4563.0000,4561.6000,4558.8000,4581.4000,4586.4000,4590.4000,4703.0000,4747.2000,1,1,1,1,1,1,1,2,1,1
SF,IF2103,2020-07-21 09:32:07.200,4583.0000,642,0,17899020.000,0,-,-,-,-,4575.8000,4575.6000,4561.6000,4558.8000,4554.4000,4581.2000,4581.4000,4590.4000,4703.0000,4747.2000,1,1,1,1,8,1,1,2,1,1
SF,IF2103,2020-07-21 09:32:08.200,4583.0000,642,0,17899020.000,0,-,-,-,-,4576.0000,4575.8000,4575.6000,4561.6000,4558.8000,4581.2000,4581.4000,4590.4000,4703.0000,4747.2000,1,1,1,1,1,1,1,2,1,1
SF,IF2103,2020-07-21 09:32:08.700,4583.0000,642,0,17899020.000,0,-,-,-,-,4576.2000,4575.6000,4561.6000,4558.8000,4554.4000,4581.4000,4590.4000,4703.0000,4747.2000,4774.0000,1,1,1,1,8,1,2,1,1,3
SF,IF2103,2020-07-21 09:32:09.200,4583.0000,642,0,17899020.000,0,-,-,-,-,4576.2000,4575.6000,4561.6000,4558.8000,4554.4000,4581.2000,4581.4000,4590.4000,4703.0000,4747.2000,1,1,1,1,8,1,1,2,1,1
SF,IF2103,2020-07-21 09:32:11.200,4583.0000,642,0,17899020.000,0,-,-,-,-,4577.4000,4576.2000,4575.6000,4561.6000,4558.8000,4581.2000,4581.4000,4590.4000,4703.0000,4747.2000,1,1,1,1,1,1,1,2,1,1
SF,IF2103,2020-07-21 09:32:11.700,4583.0000,642,0,17899020.000,0,-,-,-,-,4577.6000,4577.4000,4575.6000,4561.6000,4558.8000,4581.2000,4581.4000,4590.4000,4703.0000,4747.2000,1,1,1,1,1,1,1,2,1,1
SF,IF2103,2020-07-21 09:32:12.200,4583.0000,642,0,17899020.000,0,-,-,-,-,4578.4000,4578.0000,4577.6000,4575.6000,4561.6000,4581.2000,4581.4000,4590.4000,4703.0000,4747.2000,1,1,1,1,1,1,1,2,1,1
SF,IF2103,2020-07-21 09:32:12.700,4583.0000,642,0,17899020.000,0,-,-,-,-,4578.6000,4578.4000,4578.0000,4575.6000,4561.6000,4581.4000,4590.4000,4703.0000,4747.2000,4774.0000,1,1,1,1,1,1,2,1,1,3
SF,IF2103,2020-07-21 09:32:13.200,4581.4000,641,-1,19273440.000,1,0,1,双平,S,4578.6000,4578.4000,4575.6000,4561.6000,4559.8000,4581.2000,4590.4000,4703.0000,4747.2000,4774.0000,1,1,1,1,1,1,2,1,1,3
SF,IF2103,2020-07-21 09:32:13.700,4581.2000,640,-1,20647800.000,1,0,1,双平,S,4578.6000,4578.4000,4575.6000,4561.6000,4559.8000,4590.4000,4703.0000,4747.2000,4774.0000,4781.4000,1,1,1,1,1,2,1,1,3,20
SF,IF2103,2020-07-21 09:32:14.200,4581.2000,640,0,20647800.000,0,-,-,-,-,4578.6000,4578.4000,4575.6000,4561.6000,4558.8000,4590.2000,4590.4000,4703.0000,4747.2000,4774.0000,1,1,1,1,1,1,2,1,1,3
SF,IF2103,2020-07-21 09:32:14.700,4581.2000,640,0,20647800.000,0,-,-,-,-,4578.6000,4575.6000,4561.6000,4558.8000,4554.4000,4590.2000,4590.4000,4703.0000,4747.2000,4774.0000,1,1,1,1,8,1,2,1,1,3
SF,IF2103,2020-07-21 09:32:15.200,4581.2000,640,0,20647800.000,0,-,-,-,-,4578.6000,4575.6000,4561.6000,4558.8000,4554.4000,4590.2000,4590.4000,4703.0000,4747.2000,4774.0000,1,1,1,1,8,1,2,1,1,3
SF,IF2103,2020-07-21 09:32:15.700,4581.2000,640,0,20647800.000,0,-,-,-,-,4578.6000,4575.6000,4561.6000,4558.8000,4554.4000,4590.2000,4590.4000,4703.0000,4747.2000,4774.0000,1,1,1,1,8,1,2,1,1,3
SF,IF2103,2020-07-21 09:32:16.200,4581.2000,640,0,20647800.000,0,-,-,-,-,4578.6000,4575.6000,4561.6000,4558.8000,4554.4000,4588.4000,4589.6000,4590.2000,4590.4000,4703.0000,1,1,1,1,8,1,1,1,2,1
SF,IF2103,2020-07-21 09:32:16.700,4581.2000,640,0,20647800.000,0,-,-,-,-,4578.6000,4575.6000,4561.6000,4558.8000,4554.4000,4586.4000,4588.2000,4588.4000,4588.6000,4589.6000,1,1,1,1,8,1,1,1,1,1
SF,IF2103,2020-07-21 09:32:17.200,4581.2000,640,0,20647800.000,0,-,-,-,-,4578.6000,4575.6000,4561.6000,4558.8000,4554.4000,4586.2000,4587.0000,4588.6000,4589.6000,4590.4000,1,1,1,1,8,1,1,1,1,2
SF,IF2103,2020-07-21 09:32:17.700,4581.2000,640,0,20647800.000,0,-,-,-,-,4578.6000,4575.6000,4561.6000,4558.8000,4554.4000,4586.2000,4588.6000,4589.6000,4590.4000,4703.0000,1,1,1,1,8,1,1,1,2,1
SF,IF2103,2020-07-21 09:32:20.700,4581.2000,640,0,20647800.000,0,-,-,-,-,4578.6000,4575.6000,4561.6000,4558.8000,4554.4000,4586.0000,4586.2000,4588.6000,4589.6000,4590.4000,1,1,1,1,8,1,1,1,1,2
SF,IF2103,2020-07-21 09:32:21.200,4581.2000,640,0,20647800.000,0,-,-,-,-,4575.6000,4561.6000,4558.8000,4554.4000,4500.0000,4585.8000,4586.0000,4588.6000,4589.6000,4590.4000,1,1,1,8,1,1,1,1,1,2
SF,IF2103,2020-07-21 09:32:21.700,4581.2000,640,0,20647800.000,0,-,-,-,-,4575.8000,4575.6000,4561.6000,4558.8000,4554.4000,4585.8000,4586.0000,4588.6000,4589.6000,4590.4000,1,1,1,1,8,1,1,1,1,2
SF,IF2103,2020-07-21 09:32:22.200,4581.2000,640,0,20647800.000,0,-,-,-,-,4575.8000,4561.6000,4558.8000,4554.4000,4500.0000,4585.8000,4586.0000,4588.6000,4589.6000,4590.4000,1,1,1,8,1,1,1,1,1,2
SF,IF2103,2020-07-21 09:32:22.700,4581.2000,640,0,20647800.000,0,-,-,-,-,4575.8000,4561.6000,4558.8000,4554.4000,4500.0000,4584.0000,4585.6000,4585.8000,4589.6000,4590.4000,1,1,1,8,1,1,1,1,1,2
SF,IF2103,2020-07-21 09:32:23.200,4581.2000,640,0,20647800.000,0,-,-,-,-,4575.8000,4561.6000,4558.8000,4554.4000,4500.0000,4583.8000,4584.0000,4585.6000,4589.6000,4590.4000,1,1,1,8,1,1,1,1,1,2
SF,IF2103,2020-07-21 09:32:23.700,4581.2000,640,0,20647800.000,0,-,-,-,-,4561.6000,4558.8000,4554.4000,4500.0000,4484.4000,4583.8000,4584.0000,4585.6000,4589.6000,4590.4000,1,1,8,1,1,1,1,1,1,2
SF,IF2103,2020-07-21 09:32:24.200,4581.2000,640,0,20647800.000,0,-,-,-,-,4572.4000,4570.8000,4561.8000,4561.6000,4558.8000,4583.8000,4584.0000,4585.6000,4589.6000,4590.4000,1,1,1,1,1,1,1,1,1,2
SF,IF2103,2020-07-21 09:32:24.700,4581.2000,640,0,20647800.000,0,-,-,-,-,4572.6000,4570.8000,4561.6000,4558.8000,4554.4000,4583.8000,4584.0000,4585.6000,4590.4000,4703.0000,1,1,1,1,8,1,1,1,2,1
SF,IF2103,2020-07-21 09:32:25.200,4581.2000,640,0,20647800.000,0,-,-,-,-,4572.6000,4570.8000,4561.6000,4558.8000,4554.4000,4583.8000,4584.0000,4585.6000,4590.4000,4703.0000,1,1,1,1,8,1,1,1,2,1
SF,IF2103,2020-07-21 09:32:25.700,4581.2000,640,0,20647800.000,0,-,-,-,-,4572.6000,4570.8000,4561.6000,4558.8000,4554.4000,4583.8000,4584.0000,4585.6000,4590.4000,4703.0000,1,1,1,1,8,1,1,1,2,1
SF,IF2103,2020-07-21 09:32:26.200,4581.2000,640,0,20647800.000,0,-,-,-,-,4572.6000,4570.8000,4561.6000,4558.8000,4554.4000,4583.4000,4583.8000,4584.0000,4585.6000,4590.4000,1,1,1,1,8,1,1,1,1,2
SF,IF2103,2020-07-21 09:32:26.700,4581.2000,640,0,20647800.000,0,-,-,-,-,4572.6000,4570.8000,4561.6000,4558.8000,4554.4000,4583.2000,4583.4000,4584.0000,4585.6000,4590.4000,1,1,1,1,8,1,1,1,1,2
SF,IF2103,2020-07-21 09:32:27.200,4581.2000,640,0,20647800.000,0,-,-,-,-,4572.6000,4570.8000,4561.6000,4558.8000,4554.4000,4581.0000,4583.2000,4583.4000,4584.0000,4585.6000,1,1,1,1,8,1,1,1,1,1
SF,IF2103,2020-07-21 09:32:27.700,4581.2000,640,0,20647800.000,0,-,-,-,-,4572.6000,4561.6000,4558.8000,4554.4000,4500.0000,4580.8000,4581.0000,4583.4000,4584.0000,4585.6000,1,1,1,8,1,1,1,1,1,1
SF,IF2103,2020-07-21 09:32:28.200,4581.2000,640,0,20647800.000,0,-,-,-,-,4572.6000,4561.6000,4558.8000,4554.4000,4500.0000,4580.8000,4581.0000,4583.4000,4584.0000,4585.6000,1,1,1,8,1,1,1,1,1,1
SF,IF2103,2020-07-21 09:32:28.700,4581.2000,640,0,20647800.000,0,-,-,-,-,4572.6000,4561.6000,4558.8000,4554.4000,4500.0000,4580.8000,4581.0000,4583.4000,4585.6000,4590.4000,1,1,1,8,1,1,1,1,1,2
SF,IF2103,2020-07-21 09:32:29.200,4581.2000,640,0,20647800.000,0,-,-,-,-,4572.6000,4561.6000,4558.8000,4554.4000,4500.0000,4580.8000,4581.0000,4583.4000,4585.6000,4590.4000,1,1,1,8,1,1,1,1,1,2
SF,IF2103,2020-07-21 09:32:29.700,4581.2000,640,0,20647800.000,0,-,-,-,-,4572.6000,4561.6000,4558.8000,4554.4000,4500.0000,4580.8000,4581.0000,4583.4000,4585.6000,4590.4000,1,1,1,8,1,1,1,1,1,2
SF,IF2103,2020-07-21 09:32:30.200,4581.2000,640,0,20647800.000,0,-,-,-,-,4572.6000,4561.6000,4558.8000,4500.0000,4484.4000,4580.8000,4583.4000,4585.6000,4590.4000,4703.0000,1,1,1,1,1,1,1,1,2,1
SF,IF2103,2020-07-21 09:32:30.700,4581.2000,640,0,20647800.000,0,-,-,-,-,4573.8000,4572.6000,4561.6000,4558.8000,4500.0000,4580.4000,4580.8000,4583.4000,4585.6000,4590.4000,1,1,1,1,1,2,2,1,1,2
SF,IF2103,2020-07-21 09:32:31.200,4581.2000,640,0,20647800.000,0,-,-,-,-,4574.0000,4573.8000,4561.6000,4558.8000,4500.0000,4580.2000,4580.4000,4580.8000,4583.4000,4585.6000,1,1,1,1,1,1,2,1,1,1
SF,IF2103,2020-07-21 09:32:31.700,4581.2000,640,0,20647800.000,0,-,-,-,-,4574.0000,4573.8000,4561.6000,4558.8000,4500.0000,4580.2000,4580.4000,4580.8000,4583.4000,4585.6000,1,1,1,1,1,1,2,1,1,1
SF,IF2103,2020-07-21 09:32:32.200,4581.2000,640,0,20647800.000,0,-,-,-,-,4574.0000,4573.8000,4561.6000,4558.8000,4500.0000,4580.2000,4580.4000,4580.8000,4583.4000,4585.6000,1,1,1,1,1,1,2,1,1,1
SF,IF2103,2020-07-21 09:32:32.700,4581.2000,640,0,20647800.000,0,-,-,-,-,4576.0000,4574.0000,4561.6000,4558.8000,4500.0000,4580.2000,4580.8000,4585.6000,4590.4000,4703.0000,1,1,1,1,1,1,1,1,2,1
SF,IF2103,2020-07-21 09:32:33.200,4581.2000,640,0,20647800.000,0,-,-,-,-,4576.2000,4576.0000,4561.6000,4558.8000,4500.0000,4580.2000,4580.8000,4585.6000,4590.4000,4703.0000,1,1,1,1,1,1,1,1,2,1
SF,IF2103,2020-07-21 09:32:36.700,4581.2000,640,0,20647800.000,0,-,-,-,-,4576.2000,4576.0000,4561.6000,4558.8000,4500.0000,4580.2000,4580.8000,4585.6000,4590.4000,4703.0000,1,1,1,1,1,1,1,1,2,1
SF,IF2103,2020-07-21 09:32:37.200,4581.2000,640,0,20647800.000,0,-,-,-,-,4576.6000,4576.2000,4561.6000,4558.8000,4500.0000,4580.8000,4590.4000,4703.0000,4747.2000,4774.0000,1,1,1,1,1,1,2,1,1,3
SF,IF2103,2020-07-21 09:32:37.700,4581.2000,640,0,20647800.000,0,-,-,-,-,4576.8000,4576.6000,4561.6000,4558.8000,4500.0000,4580.8000,4590.4000,4703.0000,4747.2000,4774.0000,1,1,1,1,1,1,2,1,1,3
SF,IF2103,2020-07-21 09:32:38.200,4581.2000,640,0,20647800.000,0,-,-,-,-,4576.8000,4576.6000,4561.6000,4558.8000,4500.0000,4580.8000,4590.4000,4703.0000,4747.2000,4774.0000,1,1,1,1,1,1,2,1,1,3
SF,IF2103,2020-07-21 09:32:38.700,4581.2000,640,0,20647800.000,0,-,-,-,-,4576.8000,4576.6000,4561.6000,4558.8000,4500.0000,4580.8000,4590.4000,4703.0000,4747.2000,4774.0000,1,1,1,1,1,1,2,1,1,3
SF,IF2103,2020-07-21 09:32:39.700,4581.2000,640,0,20647800.000,0,-,-,-,-,4576.8000,4576.6000,4561.6000,4558.8000,4500.0000,4580.8000,4590.4000,4703.0000,4747.2000,4774.0000,1,1,1,1,1,1,2,1,1,3
SF,IF2103,2020-07-21 09:32:40.200,4581.2000,640,0,20647800.000,0,-,-,-,-,4577.2000,4576.8000,4561.6000,4558.8000,4500.0000,4580.8000,4590.4000,4703.0000,4747.2000,4774.0000,1,1,1,1,1,1,2,1,1,3
SF,IF2103,2020-07-21 09:32:40.700,4581.2000,640,0,20647800.000,0,-,-,-,-,4577.6000,4577.4000,4561.6000,4558.8000,4500.0000,4580.8000,4590.4000,4703.0000,4747.2000,4774.0000,1,1,1,1,1,1,2,1,1,3
SF,IF2103,2020-07-21 09:32:41.200,4581.2000,640,0,20647800.000,0,-,-,-,-,4577.8000,4577.6000,4561.6000,4558.8000,4500.0000,4580.8000,4590.4000,4703.0000,4747.2000,4774.0000,1,1,1,1,1,1,2,1,1,3
SF,IF2103,2020-07-21 09:32:41.700,4581.2000,640,0,20647800.000,0,-,-,-,-,4577.8000,4577.6000,4561.6000,4558.8000,4500.0000,4580.8000,4590.4000,4703.0000,4747.2000,4774.0000,1,1,1,1,1,1,2,1,1,3
SF,IF2103,2020-07-21 09:32:42.200,4581.2000,640,0,20647800.000,0,-,-,-,-,4577.8000,4577.6000,4561.6000,4558.8000,4500.0000,4580.8000,4590.4000,4703.0000,4747.2000,4774.0000,1,1,1,1,1,1,2,1,1,3
SF,IF2103,2020-07-21 09:32:42.700,4578.0000,639,-1,22021200.000,1,0,1,双平,S,4577.8000,4561.6000,4558.8000,4500.0000,4484.4000,4580.8000,4590.4000,4703.0000,4747.2000,4774.0000,1,1,1,1,1,1,2,1,1,3
SF,IF2103,2020-07-21 09:32:43.200,4578.0000,639,0,22021200.000,0,-,-,-,-,4577.8000,4561.6000,4558.8000,4500.0000,4484.4000,4580.6000,4580.8000,4590.4000,4703.0000,4747.2000,1,1,1,1,1,1,1,2,1,1
SF,IF2103,2020-07-21 09:32:43.700,4578.0000,639,0,22021200.000,0,-,-,-,-,4561.6000,4558.8000,4500.0000,4484.4000,4483.0000,4580.6000,4580.8000,4590.4000,4703.0000,4747.2000,1,1,1,1,3,1,1,2,1,1
SF,IF2103,2020-07-21 09:32:44.200,4578.0000,639,0,22021200.000,0,-,-,-,-,4573.6000,4570.8000,4562.2000,4561.8000,4561.6000,4580.6000,4580.8000,4590.4000,4703.0000,4747.2000,1,1,3,1,1,1,1,2,1,1
SF,IF2103,2020-07-21 09:32:44.700,4578.0000,639,0,22021200.000,0,-,-,-,-,4573.8000,4570.8000,4561.6000,4558.8000,4500.0000,4580.6000,4580.8000,4590.4000,4703.0000,4747.2000,1,1,1,1,1,1,1,2,1,1
SF,IF2103,2020-07-21 09:32:45.200,4578.0000,639,0,22021200.000,0,-,-,-,-,4573.8000,4570.8000,4561.6000,4558.8000,4500.0000,4580.6000,4580.8000,4590.4000,4703.0000,4747.2000,1,1,1,1,1,1,1,2,1,1
SF,IF2103,2020-07-21 09:32:45.700,4578.0000,639,0,22021200.000,0,-,-,-,-,4573.8000,4570.8000,4561.6000,4558.8000,4500.0000,4580.6000,4590.4000,4703.0000,4747.2000,4774.0000,1,1,1,1,1,2,2,1,1,3
SF,IF2103,2020-07-21 09:32:46.200,4578.0000,639,0,22021200.000,0,-,-,-,-,4573.8000,4570.8000,4567.4000,4561.6000,4558.8000,4580.6000,4590.4000,4703.0000,4747.2000,4774.0000,1,1,1,1,1,2,2,1,1,3
SF,IF2103,2020-07-21 09:32:48.700,4578.0000,639,0,22021200.000,0,-,-,-,-,4574.4000,4573.8000,4570.8000,4567.4000,4561.6000,4580.6000,4590.4000,4703.0000,4747.2000,4774.0000,1,1,1,1,1,2,2,1,1,3
SF,IF2103,2020-07-21 09:32:49.200,4578.0000,639,0,22021200.000,0,-,-,-,-,4574.6000,4574.4000,4570.8000,4567.4000,4561.6000,4580.6000,4590.4000,4703.0000,4747.2000,4774.0000,1,1,1,1,1,1,2,1,1,3
SF,IF2103,2020-07-21 09:32:49.700,4578.0000,639,0,22021200.000,0,-,-,-,-,4574.8000,4574.6000,4570.8000,4567.4000,4561.6000,4580.4000,4580.6000,4590.4000,4703.0000,4747.2000,1,1,1,1,1,1,1,2,1,1
SF,IF2103,2020-07-21 09:32:50.200,4578.0000,639,0,22021200.000,0,-,-,-,-,4575.0000,4574.8000,4570.8000,4567.4000,4561.6000,4580.6000,4590.4000,4703.0000,4747.2000,4774.0000,1,1,1,1,1,1,2,1,1,3
SF,IF2103,2020-07-21 09:32:50.700,4578.0000,639,0,22021200.000,0,-,-,-,-,4575.8000,4575.0000,4570.8000,4567.4000,4561.6000,4580.4000,4580.6000,4590.4000,4703.0000,4747.2000,1,1,1,1,1,1,1,2,1,1
SF,IF2103,2020-07-21 09:32:51.200,4578.0000,639,0,22021200.000,0,-,-,-,-,4576.0000,4575.8000,4570.8000,4567.4000,4561.6000,4580.6000,4590.4000,4703.0000,4747.2000,4774.0000,1,1,1,1,1,1,2,1,1,3
SF,IF2103,2020-07-21 09:32:51.700,4578.0000,639,0,22021200.000,0,-,-,-,-,4576.0000,4575.8000,4570.8000,4567.4000,4561.6000,4580.4000,4580.6000,4590.4000,4703.0000,4747.2000,1,1,1,1,1,1,1,2,1,1
SF,IF2103,2020-07-21 09:32:52.200,4578.0000,639,0,22021200.000,0,-,-,-,-,4576.0000,4575.8000,4570.8000,4567.4000,4561.6000,4580.6000,4590.4000,4703.0000,4747.2000,4774.0000,1,1,1,1,1,1,2,1,1,3
SF,IF2103,2020-07-21 09:32:52.700,4578.0000,639,0,22021200.000,0,-,-,-,-,4576.0000,4575.8000,4570.8000,4567.4000,4561.6000,4580.4000,4580.6000,4590.4000,4703.0000,4747.2000,1,1,1,1,1,1,1,2,1,1
SF,IF2103,2020-07-21 09:32:53.200,4578.0000,639,0,22021200.000,0,-,-,-,-,4576.0000,4575.8000,4570.8000,4567.4000,4561.6000,4580.6000,4590.4000,4703.0000,4747.2000,4774.0000,1,1,1,1,1,1,2,1,1,3
SF,IF2103,2020-07-21 09:32:53.700,4578.0000,639,0,22021200.000,0,-,-,-,-,4576.0000,4575.8000,4570.8000,4567.4000,4561.6000,4580.4000,4580.6000,4590.4000,4703.0000,4747.2000,1,1,1,1,1,1,1,2,1,1
SF,IF2103,2020-07-21 09:32:54.200,4578.0000,639,0,22021200.000,0,-,-,-,-,4576.0000,4575.8000,4570.8000,4567.4000,4561.6000,4580.6000,4590.4000,4703.0000,4747.2000,4774.0000,1,1,1,1,1,1,2,1,1,3
SF,IF2103,2020-07-21 09:32:54.700,4578.0000,639,0,22021200.000,0,-,-,-,-,4576.0000,4570.8000,4567.4000,4561.6000,4558.8000,4580.4000,4580.6000,4590.4000,4703.0000,4747.2000,1,1,1,1,1,1,1,2,1,1
SF,IF2103,2020-07-21 09:32:55.200,4578.0000,639,0,22021200.000,0,-,-,-,-,4576.0000,4570.8000,4567.4000,4561.6000,4558.8000,4580.4000,4580.6000,4590.4000,4703.0000,4747.2000,1,1,1,1,1,1,1,2,1,1
SF,IF2103,2020-07-21 09:32:55.700,4578.0000,639,0,22021200.000,0,-,-,-,-,4576.0000,4570.8000,4567.4000,4561.6000,4558.8000,4580.4000,4580.6000,4590.4000,4703.0000,4747.2000,1,1,1,1,1,1,1,2,1,1
SF,IF2103,2020-07-21 09:32:56.200,4578.0000,639,0,22021200.000,0,-,-,-,-,4576.0000,4570.8000,4567.4000,4561.6000,4558.8000,4580.6000,4590.4000,4703.0000,4747.2000,4774.0000,1,1,1,1,1,1,2,1,1,3
SF,IF2103,2020-07-21 09:32:56.700,4578.0000,639,0,22021200.000,0,-,-,-,-,4576.0000,4570.8000,4567.4000,4561.6000,4558.8000,4580.4000,4580.6000,4590.4000,4703.0000,4747.2000,1,1,1,1,1,1,1,2,1,1
SF,IF2103,2020-07-21 09:32:57.200,4578.0000,639,0,22021200.000,0,-,-,-,-,4576.0000,4570.8000,4567.4000,4561.6000,4558.8000,4580.6000,4590.4000,4703.0000,4747.2000,4774.0000,1,1,1,1,1,1,2,1,1,3
SF,IF2103,2020-07-21 09:32:57.700,4578.0000,639,0,22021200.000,0,-,-,-,-,4576.0000,4570.8000,4567.4000,4561.6000,4558.8000,4580.4000,4580.6000,4590.4000,4703.0000,4747.2000,1,1,1,1,1,1,1,2,1,1
SF,IF2103,2020-07-21 09:32:58.200,4578.0000,639,0,22021200.000,0,-,-,-,-,4576.0000,4570.8000,4567.4000,4561.6000,4558.8000,4580.4000,4580.6000,4590.4000,4703.0000,4747.2000,1,1,1,1,1,1,1,2,1,1
SF,IF2103,2020-07-21 09:32:58.700,4578.0000,639,0,22021200.000,0,-,-,-,-,4576.0000,4570.8000,4567.4000,4561.6000,4558.8000,4580.6000,4590.4000,4703.0000,4747.2000,4774.0000,1,1,1,1,1,1,2,1,1,3
SF,IF2103,2020-07-21 09:32:59.200,4578.0000,639,0,22021200.000,0,-,-,-,-,4576.0000,4570.8000,4567.4000,4561.6000,4558.8000,4580.4000,4580.6000,4590.4000,4703.0000,4747.2000,1,1,1,1,1,1,1,2,1,1
SF,IF2103,2020-07-21 09:32:59.700,4578.0000,639,0,22021200.000,0,-,-,-,-,4576.0000,4570.8000,4567.4000,4561.6000,4558.8000,4580.4000,4580.6000,4590.4000,4703.0000,4747.2000,1,1,1,1,1,1,1,2,1,1
SF,IF2103,2020-07-21 09:33:00.200,4578.0000,639,0,22021200.000,0,-,-,-,-,4576.0000,4570.8000,4567.4000,4561.6000,4558.8000,4580.2000,4580.4000,4580.6000,4590.4000,4703.0000,1,1,1,1,1,1,1,1,2,1
SF,IF2103,2020-07-21 09:33:00.700,4578.0000,639,0,22021200.000,0,-,-,-,-,4576.0000,4570.8000,4567.4000,4561.6000,4558.8000,4580.0000,4580.2000,4590.4000,4703.0000,4747.2000,1,1,1,1,1,1,2,2,1,1
SF,IF2103,2020-07-21 09:33:01.200,4578.0000,639,0,22021200.000,0,-,-,-,-,4576.0000,4570.8000,4567.4000,4561.6000,4558.8000,4580.0000,4580.2000,4590.4000,4703.0000,4747.2000,1,1,1,1,1,1,1,2,1,1
SF,IF2103,2020-07-21 09:33:01.700,4578.0000,639,0,22021200.000,0,-,-,-,-,4576.0000,4570.8000,4567.4000,4561.6000,4558.8000,4579.8000,4580.2000,4588.0000,4590.4000,4703.0000,1,1,1,1,1,1,1,2,2,1
SF,IF2103,2020-07-21 09:33:02.200,4578.0000,639,0,22021200.000,0,-,-,-,-,4576.0000,4570.8000,4567.4000,4561.6000,4558.8000,4580.2000,4588.0000,4590.4000,4703.0000,4747.2000,1,1,1,1,1,1,2,2,1,1
SF,IF2103,2020-07-21 09:33:02.700,4578.0000,639,0,22021200.000,0,-,-,-,-,4576.0000,4570.8000,4567.4000,4561.6000,4558.8000,4580.2000,4588.0000,4590.4000,4703.0000,4747.2000,1,1,1,1,1,1,2,2,1,1
SF,IF2103,2020-07-21 09:33:03.200,4578.0000,639,0,22021200.000,0,-,-,-,-,4576.0000,4570.8000,4567.4000,4561.6000,4558.8000,4580.0000,4580.2000,4588.0000,4590.4000,4703.0000,1,1,1,1,1,2,1,2,2,1
SF,IF2103,2020-07-21 09:33:03.700,4578.0000,639,0,22021200.000,0,-,-,-,-,4576.0000,4570.8000,4567.4000,4561.6000,4558.8000,4579.8000,4580.2000,4588.0000,4590.4000,4703.0000,1,1,1,1,1,1,1,2,2,1
SF,IF2103,2020-07-21 09:33:04.200,4578.0000,639,0,22021200.000,0,-,-,-,-,4576.0000,4570.8000,4567.4000,4561.6000,4558.8000,4580.2000,4588.0000,4590.4000,4703.0000,4747.2000,1,1,1,1,1,1,2,2,1,1
SF,IF2103,2020-07-21 09:33:04.700,4578.0000,639,0,22021200.000,0,-,-,-,-,4576.0000,4570.8000,4567.4000,4561.6000,4558.8000,4580.2000,4588.0000,4590.4000,4703.0000,4747.2000,1,1,1,1,1,1,2,2,1,1
SF,IF2103,2020-07-21 09:33:05.200,4578.0000,639,0,22021200.000,0,-,-,-,-,4576.0000,4570.8000,4567.4000,4561.6000,4558.8000,4580.2000,4588.0000,4590.4000,4703.0000,4747.2000,1,1,1,1,1,1,2,2,1,1
SF,IF2103,2020-07-21 09:33:05.700,4578.0000,639,0,22021200.000,0,-,-,-,-,4576.0000,4570.8000,4567.4000,4561.6000,4558.8000,4580.2000,4588.0000,4590.4000,4703.0000,4747.2000,1,1,1,1,1,1,2,2,1,1
SF,IF2103,2020-07-21 09:33:06.200,4578.0000,639,0,22021200.000,0,-,-,-,-,4576.0000,4570.8000,4567.4000,4561.6000,4558.8000,4580.2000,4588.0000,4590.4000,4703.0000,4747.2000,1,1,1,1,1,1,2,2,1,1
SF,IF2103,2020-07-21 09:33:06.700,4578.0000,639,0,22021200.000,0,-,-,-,-,4576.0000,4570.8000,4567.4000,4561.6000,4558.8000,4580.2000,4588.0000,4590.4000,4703.0000,4747.2000,1,1,1,1,1,1,2,2,1,1
SF,IF2103,2020-07-21 09:33:07.200,4578.0000,639,0,22021200.000,0,-,-,-,-,4576.0000,4570.8000,4567.4000,4561.6000,4558.8000,4580.2000,4588.0000,4590.4000,4703.0000,4747.2000,1,1,1,1,1,1,2,2,1,1
SF,IF2103,2020-07-21 09:33:07.700,4578.0000,639,0,22021200.000,0,-,-,-,-,4576.0000,4570.8000,4567.4000,4561.6000,4558.8000,4580.2000,4588.0000,4590.4000,4703.0000,4747.2000,1,1,1,1,1,1,2,2,1,1
SF,IF2103,2020-07-21 09:33:08.200,4578.0000,639,0,22021200.000,0,-,-,-,-,4576.0000,4570.8000,4567.4000,4561.6000,4558.8000,4580.0000,4580.2000,4588.0000,4590.4000,4703.0000,1,1,1,1,1,1,1,2,2,1
SF,IF2103,2020-07-21 09:33:08.700,4578.0000,639,0,22021200.000,0,-,-,-,-,4576.4000,4576.0000,4575.8000,4570.8000,4567.4000,4580.0000,4580.2000,4588.0000,4590.4000,4703.0000,1,1,2,1,1,1,1,2,2,1
SF,IF2103,2020-07-21 09:33:09.200,4578.0000,639,0,22021200.000,0,-,-,-,-,4576.6000,4576.4000,4575.8000,4570.8000,4567.4000,4580.2000,4588.0000,4590.4000,4703.0000,4747.2000,1,1,2,1,1,1,2,2,1,1
SF,IF2103,2020-07-21 09:33:11.700,4578.0000,639,0,22021200.000,0,-,-,-,-,4576.6000,4576.4000,4575.8000,4570.8000,4567.4000,4580.2000,4588.0000,4703.0000,4747.2000,4774.0000,1,1,2,1,1,1,2,1,1,3
SF,IF2103,2020-07-21 09:33:12.200,4578.0000,639,0,22021200.000,0,-,-,-,-,4577.2000,4576.6000,4576.4000,4575.8000,4570.8000,4580.0000,4580.2000,4588.0000,4703.0000,4747.2000,1,1,1,2,1,1,1,2,1,1
SF,IF2103,2020-07-21 09:33:12.700,4578.0000,639,0,22021200.000,0,-,-,-,-,4577.4000,4577.2000,4575.8000,4570.8000,4567.4000,4580.2000,4588.0000,4703.0000,4747.2000,4774.0000,1,1,2,1,1,1,2,1,1,3
SF,IF2103,2020-07-21 09:33:13.200,4578.0000,639,0,22021200.000,0,-,-,-,-,4577.4000,4577.2000,4575.8000,4570.8000,4567.4000,4579.8000,4580.0000,4580.2000,4588.0000,4703.0000,1,1,2,1,1,1,1,1,2,1
SF,IF2103,2020-07-21 09:33:13.700,4578.0000,639,0,22021200.000,0,-,-,-,-,4575.8000,4570.8000,4567.4000,4561.6000,4558.8000,4579.6000,4579.8000,4580.2000,4588.0000,4703.0000,2,1,1,1,1,1,1,1,2,1
SF,IF2103,2020-07-21 09:33:14.200,4578.0000,639,0,22021200.000,0,-,-,-,-,4576.4000,4576.0000,4575.8000,4570.8000,4567.4000,4579.4000,4579.6000,4580.2000,4588.0000,4703.0000,1,2,2,1,1,1,1,1,2,1
SF,IF2103,2020-07-21 09:33:14.700,4578.0000,639,0,22021200.000,0,-,-,-,-,4576.6000,4575.8000,4570.8000,4567.4000,4561.6000,4579.0000,4579.2000,4579.4000,4580.2000,4588.0000,1,2,1,1,1,1,1,1,1,2
SF,IF2103,2020-07-21 09:33:15.200,4578.0000,639,0,22021200.000,0,-,-,-,-,4575.8000,4570.8000,4567.4000,4561.6000,4558.8000,4578.8000,4580.2000,4588.0000,4703.0000,4747.2000,2,1,1,1,1,3,1,2,1,1
SF,IF2103,2020-07-21 09:33:15.700,4578.0000,639,0,22021200.000,0,-,-,-,-,4576.0000,4575.8000,4570.8000,4567.4000,4561.6000,4578.4000,4578.8000,4588.0000,4703.0000,4747.2000,1,2,1,1,1,1,2,2,1,1
SF,IF2103,2020-07-21 09:33:16.200,4578.0000,639,0,22021200.000,0,-,-,-,-,4576.0000,4575.8000,4570.8000,4567.4000,4561.6000,4578.2000,4578.8000,4588.0000,4703.0000,4747.2000,1,2,1,1,1,2,1,2,1,1
SF,IF2103,2020-07-21 09:33:16.700,4578.0000,639,0,22021200.000,0,-,-,-,-,4576.0000,4575.8000,4570.8000,4567.4000,4561.6000,4578.8000,4588.0000,4703.0000,4747.2000,4774.0000,1,2,1,1,1,1,2,1,1,3
SF,IF2103,2020-07-21 09:33:17.200,4578.0000,639,0,22021200.000,0,-,-,-,-,4576.0000,4575.8000,4570.8000,4567.4000,4561.6000,4578.6000,4578.8000,4588.0000,4703.0000,4747.2000,1,2,1,1,1,1,1,2,1,1
SF,IF2103,2020-07-21 09:33:19.200,4578.8000,639,0,24768420.000,2,1,1,多换,S,4576.0000,4575.8000,4570.8000,4567.4000,4561.6000,4588.0000,4703.0000,4747.2000,4774.0000,4781.4000,1,2,1,1,1,2,1,1,3,20
SF,IF2103,2020-07-21 09:33:19.700,4578.8000,639,0,24768420.000,0,-,-,-,-,4576.0000,4575.8000,4570.8000,4567.4000,4561.6000,4586.4000,4587.8000,4588.0000,4703.0000,4747.2000,1,2,1,1,1,1,1,2,1,1
SF,IF2103,2020-07-21 09:33:20.200,4578.8000,639,0,24768420.000,0,-,-,-,-,4576.0000,4575.8000,4570.8000,4567.4000,4561.6000,4581.0000,4586.2000,4586.4000,4588.0000,4703.0000,1,2,1,1,1,1,1,1,2,1
SF,IF2103,2020-07-21 09:33:20.700,4578.8000,639,0,24768420.000,0,-,-,-,-,4576.0000,4575.8000,4570.8000,4567.4000,4561.6000,4580.8000,4581.0000,4588.0000,4703.0000,4747.2000,1,2,1,1,1,1,1,2,1,1
SF,IF2103,2020-07-21 09:33:21.200,4578.8000,639,0,24768420.000,0,-,-,-,-,4576.2000,4576.0000,4575.8000,4570.8000,4567.4000,4580.8000,4588.0000,4703.0000,4747.2000,4774.0000,1,1,2,1,1,1,2,1,1,3
SF,IF2103,2020-07-21 09:33:21.700,4578.8000,639,0,24768420.000,0,-,-,-,-,4576.4000,4576.2000,4575.8000,4570.8000,4567.4000,4580.8000,4588.0000,4703.0000,4747.2000,4774.0000,1,1,2,1,1,1,2,1,1,3
SF,IF2103,2020-07-21 09:33:22.200,4578.8000,639,0,24768420.000,0,-,-,-,-,4576.6000,4576.4000,4575.8000,4570.8000,4567.4000,4580.8000,4588.0000,4703.0000,4747.2000,4774.0000,1,1,2,1,1,1,2,1,1,3
SF,IF2103,2020-07-21 09:33:22.700,4578.8000,639,0,24768420.000,0,-,-,-,-,4576.8000,4576.6000,4575.8000,4570.8000,4567.4000,4580.8000,4588.0000,4703.0000,4747.2000,4774.0000,1,1,2,1,1,1,2,1,1,3
SF,IF2103,2020-07-21 09:33:23.200,4578.8000,639,0,24768420.000,0,-,-,-,-,4576.8000,4575.8000,4570.8000,4567.4000,4561.6000,4580.8000,4588.0000,4703.0000,4747.2000,4774.0000,1,2,1,1,1,1,2,1,1,3
SF,IF2103,2020-07-21 09:33:24.200,4578.8000,639,0,24768420.000,0,-,-,-,-,4577.2000,4577.0000,4576.8000,4575.8000,4570.8000,4580.8000,4588.0000,4703.0000,4747.2000,4774.0000,1,1,1,2,1,1,2,1,1,3
SF,IF2103,2020-07-21 09:33:24.700,4578.8000,639,0,24768420.000,0,-,-,-,-,4577.4000,4577.2000,4577.0000,4575.8000,4570.8000,4588.0000,4703.0000,4747.2000,4774.0000,4781.4000,1,1,1,2,1,2,1,1,3,20
SF,IF2103,2020-07-21 09:33:25.200,4578.8000,639,0,24768420.000,0,-,-,-,-,4577.8000,4577.4000,4575.8000,4570.8000,4567.4000,4583.0000,4587.8000,4588.0000,4703.0000,4747.2000,1,1,2,1,1,1,1,2,1,1
SF,IF2103,2020-07-21 09:33:25.700,4578.8000,639,0,24768420.000,0,-,-,-,-,4578.0000,4577.8000,4575.8000,4570.8000,4567.4000,4582.8000,4583.0000,4588.0000,4703.0000,4747.2000,1,1,2,1,1,1,1,2,1,1
SF,IF2103,2020-07-21 09:33:26.200,4578.8000,639,0,24768420.000,0,-,-,-,-,4578.0000,4577.8000,4575.8000,4570.8000,4567.4000,4582.8000,4588.0000,4703.0000,4747.2000,4774.0000,1,1,2,1,1,1,2,1,1,3
SF,IF2103,2020-07-21 09:33:26.700,4578.8000,639,0,24768420.000,0,-,-,-,-,4578.2000,4578.0000,4575.8000,4570.8000,4567.4000,4582.8000,4588.0000,4703.0000,4747.2000,4774.0000,1,1,2,1,1,1,2,1,1,3
SF,IF2103,2020-07-21 09:33:27.200,4578.8000,639,0,24768420.000,0,-,-,-,-,4578.4000,4578.2000,4575.8000,4570.8000,4567.4000,4582.8000,4588.0000,4703.0000,4747.2000,4774.0000,1,1,2,1,1,1,2,1,1,3
SF,IF2103,2020-07-21 09:33:27.700,4578.8000,639,0,24768420.000,0,-,-,-,-,4578.8000,4578.4000,4575.8000,4570.8000,4567.4000,4582.8000,4588.0000,4703.0000,4747.2000,4774.0000,1,1,2,1,1,1,2,1,1,3
SF,IF2103,2020-07-21 09:33:28.200,4578.8000,639,0,24768420.000,0,-,-,-,-,4579.0000,4578.8000,4575.8000,4567.4000,4558.8000,4588.0000,4703.0000,4747.2000,4774.0000,4781.4000,1,1,2,1,1,2,1,1,3,20
SF,IF2103,2020-07-21 09:33:28.700,4578.8000,639,0,24768420.000,0,-,-,-,-,4579.2000,4579.0000,4575.8000,4567.4000,4558.8000,4583.6000,4587.8000,4588.0000,4703.0000,4747.2000,1,1,2,1,1,1,1,2,1,1
SF,IF2103,2020-07-21 09:33:29.200,4578.8000,639,0,24768420.000,0,-,-,-,-,4579.4000,4579.2000,4575.8000,4567.4000,4558.8000,4583.4000,4587.4000,4588.0000,4703.0000,4747.2000,1,1,2,1,1,1,1,2,1,1
SF,IF2103,2020-07-21 09:33:29.700,4578.8000,639,0,24768420.000,0,-,-,-,-,4579.6000,4579.4000,4575.8000,4567.4000,4558.8000,4583.4000,4587.4000,4588.0000,4703.0000,4747.2000,1,1,2,1,1,1,1,2,1,1
SF,IF2103,2020-07-21 09:33:30.200,4578.8000,639,0,24768420.000,0,-,-,-,-,4579.8000,4579.6000,4575.8000,4567.4000,4558.8000,4583.4000,4587.4000,4588.0000,4703.0000,4747.2000,1,1,2,1,1,1,1,2,1,1
SF,IF2103,2020-07-21 09:33:30.700,4578.8000,639,0,24768420.000,0,-,-,-,-,4579.8000,4579.6000,4575.8000,4567.4000,4558.8000,4583.4000,4587.4000,4588.0000,4703.0000,4747.2000,1,1,2,1,1,1,1,2,1,1
SF,IF2103,2020-07-21 09:33:31.200,4578.8000,639,0,24768420.000,0,-,-,-,-,4579.8000,4579.6000,4575.8000,4567.4000,4558.8000,4587.4000,4588.0000,4703.0000,4747.2000,4774.0000,1,1,2,1,1,1,2,1,1,3
SF,IF2103,2020-07-21 09:33:31.700,4578.8000,639,0,24768420.000,0,-,-,-,-,4580.2000,4579.8000,4575.8000,4567.4000,4558.8000,4584.8000,4587.2000,4587.4000,4588.0000,4703.0000,1,1,2,1,1,1,1,1,2,1
SF,IF2103,2020-07-21 09:33:32.200,4578.8000,639,0,24768420.000,0,-,-,-,-,4580.4000,4580.2000,4575.8000,4567.4000,4558.8000,4584.6000,4584.8000,4587.4000,4588.0000,4703.0000,1,1,2,1,1,1,1,1,2,1
SF,IF2103,2020-07-21 09:33:32.700,4578.8000,639,0,24768420.000,0,-,-,-,-,4580.6000,4580.4000,4575.8000,4567.4000,4558.8000,4587.4000,4588.0000,4703.0000,4747.2000,4774.0000,1,1,2,1,1,1,2,1,1,3
SF,IF2103,2020-07-21 09:33:33.200,4578.8000,639,0,24768420.000,0,-,-,-,-,4580.8000,4580.6000,4575.8000,4567.4000,4558.8000,4587.2000,4587.4000,4588.0000,4703.0000,4747.2000,1,1,2,1,1,1,1,2,1,1
SF,IF2103,2020-07-21 09:33:33.700,4578.8000,639,0,24768420.000,0,-,-,-,-,4581.6000,4580.8000,4575.8000,4567.4000,4558.8000,4586.2000,4587.2000,4588.0000,4703.0000,4747.2000,1,1,2,1,1,1,1,2,1,1
SF,IF2103,2020-07-21 09:33:34.200,4578.8000,639,0,24768420.000,0,-,-,-,-,4581.8000,4581.6000,4575.8000,4567.4000,4558.8000,4586.0000,4588.0000,4703.0000,4747.2000,4774.0000,1,1,2,1,1,1,2,1,1,3
SF,IF2103,2020-07-21 09:33:34.700,4578.8000,639,0,24768420.000,0,-,-,-,-,4582.2000,4581.8000,4575.8000,4567.4000,4558.8000,4586.0000,4588.0000,4703.0000,4747.2000,4774.0000,1,1,2,1,1,1,2,1,1,3
SF,IF2103,2020-07-21 09:33:35.200,4578.8000,639,0,24768420.000,0,-,-,-,-,4582.4000,4582.2000,4575.8000,4567.4000,4558.8000,4586.0000,4588.0000,4703.0000,4747.2000,4774.0000,1,1,2,1,1,1,2,1,1,3
SF,IF2103,2020-07-21 09:33:36.200,4578.8000,639,0,24768420.000,0,-,-,-,-,4582.6000,4582.4000,4575.8000,4567.4000,4558.8000,4586.0000,4588.0000,4703.0000,4747.2000,4774.0000,1,1,2,1,1,1,2,1,1,3
SF,IF2103,2020-07-21 09:33:36.700,4578.8000,639,0,24768420.000,0,-,-,-,-,4582.8000,4582.6000,4578.2000,4575.8000,4558.8000,4588.0000,4703.0000,4747.2000,4774.0000,4781.4000,1,1,1,2,1,2,1,1,3,20
SF,IF2103,2020-07-21 09:33:37.200,4578.8000,639,0,24768420.000,0,-,-,-,-,4583.2000,4582.8000,4578.2000,4575.8000,4558.8000,4587.8000,4588.0000,4703.0000,4747.2000,4774.0000,1,1,1,2,1,1,2,1,1,3
SF,IF2103,2020-07-21 09:33:37.700,4578.8000,639,0,24768420.000,0,-,-,-,-,4583.4000,4583.2000,4578.2000,4575.8000,4558.8000,4588.0000,4703.0000,4747.2000,4774.0000,4781.4000,1,1,1,2,1,2,1,1,3,20
SF,IF2103,2020-07-21 09:33:38.200,4578.8000,639,0,24768420.000,0,-,-,-,-,4583.6000,4583.4000,4578.2000,4575.8000,4558.8000,4587.8000,4588.0000,4703.0000,4747.2000,4774.0000,1,1,1,2,1,1,2,1,1,3
SF,IF2103,2020-07-21 09:33:38.700,4578.8000,639,0,24768420.000,0,-,-,-,-,4583.8000,4583.6000,4578.2000,4575.8000,4558.8000,4588.0000,4703.0000,4747.2000,4774.0000,4781.4000,1,1,1,2,1,2,1,1,3,20
SF,IF2103,2020-07-21 09:33:39.200,4578.8000,639,0,24768420.000,0,-,-,-,-,4584.2000,4583.8000,4578.2000,4575.8000,4558.8000,4587.8000,4588.0000,4703.0000,4747.2000,4774.0000,1,1,1,2,1,1,2,1,1,3
SF,IF2103,2020-07-21 09:33:39.700,4578.8000,639,0,24768420.000,0,-,-,-,-,4584.4000,4584.2000,4578.2000,4575.8000,4558.8000,4588.0000,4703.0000,4747.2000,4774.0000,4781.4000,1,1,1,2,1,2,1,1,3,20
SF,IF2103,2020-07-21 09:33:40.200,4578.8000,639,0,24768420.000,0,-,-,-,-,4584.6000,4584.4000,4581.8000,4575.8000,4558.8000,4587.8000,4588.0000,4703.0000,4747.2000,4774.0000,1,1,1,2,1,1,2,1,1,3
SF,IF2103,2020-07-21 09:33:40.700,4578.8000,639,0,24768420.000,0,-,-,-,-,4584.8000,4581.8000,4575.8000,4558.8000,4500.0000,4588.0000,4703.0000,4747.2000,4774.0000,4781.4000,1,1,2,1,1,2,1,1,3,20
SF,IF2103,2020-07-21 09:33:41.200,4578.8000,639,0,24768420.000,0,-,-,-,-,4584.8000,4581.8000,4575.8000,4558.8000,4500.0000,4587.8000,4588.0000,4703.0000,4747.2000,4774.0000,1,1,2,1,1,1,2,1,1,3
SF,IF2103,2020-07-21 09:33:41.700,4578.8000,639,0,24768420.000,0,-,-,-,-,4584.8000,4581.8000,4575.8000,4558.8000,4500.0000,4588.0000,4703.0000,4747.2000,4774.0000,4781.4000,1,1,2,1,1,2,1,1,3,20
SF,IF2103,2020-07-21 09:33:42.200,4578.8000,639,0,24768420.000,0,-,-,-,-,4584.8000,4581.8000,4575.8000,4558.8000,4500.0000,4588.0000,4703.0000,4747.2000,4774.0000,4781.4000,1,1,2,1,1,2,1,1,3,20
SF,IF2103,2020-07-21 09:33:42.700,4578.8000,639,0,24768420.000,0,-,-,-,-,4584.8000,4581.8000,4575.8000,4558.8000,4500.0000,4588.0000,4703.0000,4747.2000,4774.0000,4781.4000,1,1,2,1,1,2,1,1,3,20
SF,IF2103,2020-07-21 09:33:43.200,4578.8000,639,0,24768420.000,0,-,-,-,-,4584.8000,4581.8000,4575.8000,4558.8000,4500.0000,4588.0000,4703.0000,4747.2000,4774.0000,4781.4000,1,1,2,1,1,2,1,1,3,20
SF,IF2103,2020-07-21 09:33:43.700,4578.8000,639,0,24768420.000,0,-,-,-,-,4584.8000,4581.8000,4575.8000,4558.8000,4500.0000,4587.6000,4588.0000,4703.0000,4747.2000,4774.0000,1,1,2,1,1,1,2,1,1,3
SF,IF2103,2020-07-21 09:33:44.200,4584.8000,637,-2,27519300.000,2,0,2,双平,S,4581.8000,4575.8000,4558.8000,4500.0000,4484.4000,4587.4000,4588.0000,4703.0000,4747.2000,4774.0000,1,2,1,1,1,2,2,1,1,3
SF,IF2103,2020-07-21 09:33:44.700,4584.8000,637,0,27519300.000,0,-,-,-,-,4582.0000,4581.8000,4575.8000,4558.8000,4500.0000,4587.0000,4587.4000,4588.0000,4703.0000,4747.2000,1,1,2,1,1,1,1,2,1,1
SF,IF2103,2020-07-21 09:33:45.200,4584.8000,637,0,27519300.000,0,-,-,-,-,4582.0000,4575.8000,4558.8000,4500.0000,4484.4000,4586.8000,4587.0000,4588.0000,4703.0000,4747.2000,1,2,1,1,1,1,1,2,1,1
SF,IF2103,2020-07-21 09:33:45.700,4584.8000,637,0,27519300.000,0,-,-,-,-,4582.0000,4575.8000,4558.8000,4500.0000,4484.4000,4586.8000,4588.0000,4703.0000,4747.2000,4774.0000,1,2,1,1,1,1,2,1,1,3
SF,IF2103,2020-07-21 09:33:46.700,4584.8000,637,0,27519300.000,0,-,-,-,-,4583.2000,4582.0000,4575.8000,4558.8000,4500.0000,4586.8000,4588.0000,4703.0000,4747.2000,4774.0000,1,1,2,1,1,1,2,1,1,3
SF,IF2103,2020-07-21 09:33:47.200,4584.8000,637,0,27519300.000,0,-,-,-,-,4583.6000,4583.4000,4583.2000,4575.8000,4558.8000,4588.0000,4703.0000,4747.2000,4774.0000,4781.4000,1,1,1,2,1,2,1,1,3,20
SF,IF2103,2020-07-21 09:33:47.700,4584.8000,637,0,27519300.000,0,-,-,-,-,4583.8000,4575.8000,4558.8000,4500.0000,4484.4000,4587.8000,4588.0000,4703.0000,4747.2000,4774.0000,2,2,1,1,1,1,2,1,1,3
SF,IF2103,2020-07-21 09:33:48.200,4584.8000,637,0,27519300.000,0,-,-,-,-,4584.2000,4583.8000,4575.8000,4558.8000,4500.0000,4588.0000,4703.0000,4747.2000,4774.0000,4781.4000,1,2,2,1,1,2,1,1,3,20
SF,IF2103,2020-07-21 09:33:48.700,4584.8000,637,0,27519300.000,0,-,-,-,-,4585.4000,4585.0000,4584.6000,4584.4000,4575.8000,4587.8000,4588.0000,4703.0000,4747.2000,4774.0000,1,1,1,1,2,1,2,1,1,3
SF,IF2103,2020-07-21 09:33:49.200,4584.8000,637,0,27519300.000,0,-,-,-,-,4585.6000,4585.0000,4575.8000,4558.8000,4500.0000,4588.0000,4703.0000,4747.2000,4774.0000,4781.4000,1,1,2,1,1,2,1,1,3,20
SF,IF2103,2020-07-21 09:33:49.700,4584.8000,637,0,27519300.000,0,-,-,-,-,4585.6000,4585.0000,4575.8000,4558.8000,4500.0000,4587.8000,4588.0000,4703.0000,4747.2000,4774.0000,1,1,2,1,1,1,2,1,1,3
SF,IF2103,2020-07-21 09:33:52.700,4584.8000,637,0,27519300.000,0,-,-,-,-,4585.6000,4575.8000,4558.8000,4500.0000,4484.4000,4587.8000,4588.0000,4703.0000,4747.2000,4774.0000,1,2,1,1,1,1,2,1,1,3
SF,IF2103,2020-07-21 09:33:53.200,4584.8000,637,0,27519300.000,0,-,-,-,-,4575.8000,4558.8000,4500.0000,4484.4000,4483.0000,4587.4000,4587.8000,4588.0000,4703.0000,4747.2000,2,1,1,1,3,1,1,2,1,1
SF,IF2103,2020-07-21 09:33:53.700,4584.8000,637,0,27519300.000,0,-,-,-,-,4583.6000,4576.0000,4575.8000,4558.8000,4500.0000,4587.2000,4588.0000,4703.0000,4747.2000,4774.0000,1,2,2,1,1,1,2,1,1,3
SF,IF2103,2020-07-21 09:33:54.200,4584.8000,637,0,27519300.000,0,-,-,-,-,4583.8000,4576.0000,4575.8000,4558.8000,4500.0000,4587.2000,4588.0000,4703.0000,4747.2000,4774.0000,1,1,2,1,1,1,2,1,1,3
SF,IF2103,2020-07-21 09:33:57.200,4584.8000,637,0,27519300.000,0,-,-,-,-,4583.8000,4575.8000,4558.8000,4500.0000,4484.4000,4587.2000,4588.0000,4703.0000,4747.2000,4774.0000,1,2,1,1,1,1,2,1,1,3
SF,IF2103,2020-07-21 09:33:58.200,4584.8000,637,0,27519300.000,0,-,-,-,-,4584.2000,4583.8000,4575.8000,4558.8000,4500.0000,4587.2000,4588.0000,4703.0000,4747.2000,4774.0000,1,1,2,1,1,1,2,1,1,3
SF,IF2103,2020-07-21 09:33:58.700,4584.8000,637,0,27519300.000,0,-,-,-,-,4584.6000,4584.4000,4584.2000,4575.8000,4558.8000,4588.0000,4703.0000,4747.2000,4774.0000,4781.4000,1,1,1,2,1,2,1,1,3,20
SF,IF2103,2020-07-21 09:33:59.200,4584.8000,637,0,27519300.000,0,-,-,-,-,4584.8000,4584.6000,4584.2000,4575.8000,4558.8000,4587.8000,4588.0000,4703.0000,4747.2000,4774.0000,1,1,1,2,1,1,2,1,1,3
SF,IF2103,2020-07-21 09:33:59.700,4584.8000,637,0,27519300.000,0,-,-,-,-,4585.0000,4584.8000,4584.6000,4575.8000,4558.8000,4587.8000,4588.0000,4703.0000,4747.2000,4774.0000,1,1,1,2,1,1,2,1,1,3
SF,IF2103,2020-07-21 09:34:00.200,4584.8000,637,0,27519300.000,0,-,-,-,-,4585.2000,4585.0000,4584.6000,4575.8000,4558.8000,4588.0000,4703.0000,4747.2000,4774.0000,4781.4000,2,1,1,2,1,2,1,1,3,20
SF,IF2103,2020-07-21 09:34:00.700,4584.8000,637,0,27519300.000,0,-,-,-,-,4585.8000,4585.4000,4585.2000,4575.8000,4558.8000,4588.0000,4703.0000,4747.2000,4774.0000,4781.4000,1,1,2,2,1,2,1,1,3,20
SF,IF2103,2020-07-21 09:34:01.200,4584.8000,637,0,27519300.000,0,-,-,-,-,4586.0000,4585.8000,4585.4000,4575.8000,4558.8000,4588.0000,4703.0000,4747.2000,4774.0000,4781.4000,1,1,1,2,1,2,1,1,3,20
SF,IF2103,2020-07-21 09:34:02.200,4588.0000,637,0,30272100.000,2,1,1,多换,S,4586.2000,4586.0000,4585.8000,4575.8000,4558.8000,4703.0000,4747.2000,4774.0000,4781.4000,4786.4000,2,1,1,2,1,1,1,3,20,1
SF,IF2103,2020-07-21 09:34:02.700,4588.0000,637,0,30272100.000,0,-,-,-,-,4586.4000,4586.2000,4585.8000,4575.8000,4558.8000,4596.8000,4600.4000,4659.4000,4674.2000,4702.8000,1,1,1,2,1,1,1,12,1,3
SF,IF2103,2020-07-21 09:34:03.200,4588.0000,637,0,30272100.000,0,-,-,-,-,4586.8000,4586.4000,4585.8000,4575.8000,4558.8000,4596.6000,4596.8000,4659.4000,4674.2000,4702.8000,1,1,1,2,1,1,1,12,1,2
SF,IF2103,2020-07-21 09:34:03.700,4588.0000,637,0,30272100.000,0,-,-,-,-,4587.2000,4587.0000,4575.8000,4558.8000,4500.0000,4596.4000,4596.6000,4659.4000,4674.2000,4702.8000,1,1,2,1,1,2,1,12,1,2
SF,IF2103,2020-07-21 09:34:04.200,4588.0000,637,0,30272100.000,0,-,-,-,-,4587.4000,4587.2000,4575.8000,4558.8000,4500.0000,4595.6000,4596.2000,4659.4000,4674.2000,4702.8000,1,1,2,1,1,1,1,12,1,2
SF,IF2103,2020-07-21 09:34:04.700,4588.0000,637,0,30272100.000,0,-,-,-,-,4587.4000,4575.8000,4558.8000,4500.0000,4484.4000,4595.4000,4595.6000,4659.4000,4674.2000,4702.8000,1,2,1,1,1,1,1,12,1,2
SF,IF2103,2020-07-21 09:34:05.700,4588.0000,637,0,30272100.000,0,-,-,-,-,4587.4000,4575.8000,4558.8000,4500.0000,4484.4000,4595.4000,4595.6000,4659.4000,4702.8000,4703.0000,1,2,1,1,1,1,1,12,2,1
SF,IF2103,2020-07-21 09:34:09.700,4588.0000,637,0,30272100.000,0,-,-,-,-,4587.8000,4587.4000,4575.8000,4558.8000,4500.0000,4595.4000,4595.6000,4659.4000,4702.8000,4703.0000,1,1,2,1,1,1,1,12,2,1
SF,IF2103,2020-07-21 09:34:10.200,4588.0000,637,0,30272100.000,0,-,-,-,-,4588.0000,4587.8000,4575.8000,4558.8000,4500.0000,4595.4000,4595.6000,4659.4000,4702.8000,4703.0000,1,1,2,1,1,1,1,12,2,1
SF,IF2103,2020-07-21 09:34:10.700,4588.0000,637,0,30272100.000,0,-,-,-,-,4588.8000,4588.0000,4575.8000,4558.8000,4500.0000,4595.4000,4659.4000,4702.8000,4703.0000,4746.8000,1,1,2,1,1,1,12,2,1,1
SF,IF2103,2020-07-21 09:34:11.200,4588.0000,637,0,30272100.000,0,-,-,-,-,4589.0000,4588.8000,4575.8000,4558.8000,4500.0000,4595.4000,4659.4000,4702.8000,4703.0000,4746.8000,1,1,2,1,1,1,12,2,1,1
SF,IF2103,2020-07-21 09:34:11.700,4588.0000,637,0,30272100.000,0,-,-,-,-,4589.0000,4575.8000,4558.8000,4500.0000,4484.4000,4595.4000,4659.4000,4702.8000,4703.0000,4746.8000,1,2,1,1,1,1,12,2,1,1
SF,IF2103,2020-07-21 09:34:12.700,4595.4000,637,0,31650720.000,1,0,1,多换,S,4589.0000,4575.8000,4558.8000,4500.0000,4484.4000,4659.4000,4702.8000,4703.0000,4746.8000,4774.0000,1,2,1,1,1,12,2,1,1,3
SF,IF2103,2020-07-21 09:34:13.200,4595.4000,637,0,31650720.000,0,-,-,-,-,4589.0000,4575.8000,4558.8000,4500.0000,4484.4000,4602.0000,4603.4000,4634.8000,4650.4000,4659.2000,1,2,1,1,1,1,1,3,1,2
SF,IF2103,2020-07-21 09:34:13.700,4595.4000,637,0,31650720.000,0,-,-,-,-,4589.0000,4575.8000,4558.8000,4500.0000,4484.4000,4601.8000,4602.0000,4603.4000,4650.4000,4659.2000,1,2,1,1,1,1,1,1,1,1
SF,IF2103,2020-07-21 09:34:14.200,4595.4000,637,0,31650720.000,0,-,-,-,-,4589.0000,4575.8000,4558.8000,4500.0000,4484.4000,4601.6000,4601.8000,4602.0000,4650.4000,4659.2000,1,2,1,1,1,2,1,1,1,1
SF,IF2103,2020-07-21 09:34:14.700,4595.4000,637,0,31650720.000,0,-,-,-,-,4589.0000,4575.8000,4558.8000,4500.0000,4484.4000,4598.0000,4599.6000,4601.4000,4601.6000,4602.0000,1,2,1,1,1,1,1,1,2,1
SF,IF2103,2020-07-21 09:34:15.200,4595.4000,637,0,31650720.000,0,-,-,-,-,4589.0000,4575.8000,4558.8000,4500.0000,4484.4000,4597.8000,4598.0000,4599.6000,4602.0000,4650.4000,1,2,1,1,1,1,1,1,1,1
SF,IF2103,2020-07-21 09:34:15.700,4595.4000,637,0,31650720.000,0,-,-,-,-,4575.8000,4558.8000,4500.0000,4484.4000,4483.0000,4596.4000,4597.4000,4597.8000,4598.0000,4599.6000,2,1,1,1,3,1,1,1,1,1
SF,IF2103,2020-07-21 09:34:16.200,4595.4000,637,0,31650720.000,0,-,-,-,-,4586.4000,4581.2000,4576.6000,4576.0000,4575.8000,4595.8000,4596.2000,4596.4000,4597.4000,4602.0000,1,1,1,1,2,1,1,1,2,1
SF,IF2103,2020-07-21 09:34:16.700,4595.4000,637,0,31650720.000,0,-,-,-,-,4586.6000,4586.4000,4581.2000,4575.8000,4558.8000,4595.6000,4595.8000,4596.4000,4597.4000,4602.0000,1,1,1,2,1,1,1,1,1,1
SF,IF2103,2020-07-21 09:34:17.200,4595.4000,637,0,31650720.000,0,-,-,-,-,4587.0000,4586.6000,4581.2000,4575.8000,4558.8000,4594.8000,4595.2000,4595.4000,4595.6000,4595.8000,1,1,1,2,1,1,2,1,1,1
SF,IF2103,2020-07-21 09:34:17.700,4595.4000,637,0,31650720.000,0,-,-,-,-,4587.2000,4581.2000,4575.8000,4558.8000,4500.0000,4594.6000,4594.8000,4595.2000,4595.8000,4659.2000,1,1,2,1,1,1,1,2,1,1
SF,IF2103,2020-07-21 09:34:18.200,4595.4000,637,0,31650720.000,0,-,-,-,-,4587.2000,4581.2000,4575.8000,4558.8000,4500.0000,4594.4000,4594.6000,4594.8000,4595.2000,4595.8000,1,1,2,1,1,1,1,1,2,1
SF,IF2103,2020-07-21 09:34:18.700,4595.4000,637,0,31650720.000,0,-,-,-,-,4587.2000,4581.2000,4575.8000,4558.8000,4500.0000,4594.2000,4594.4000,4595.2000,4595.8000,4659.2000,1,1,2,1,1,1,1,2,1,1
SF,IF2103,2020-07-21 09:34:19.200,4595.4000,637,0,31650720.000,0,-,-,-,-,4587.2000,4581.2000,4575.8000,4558.8000,4500.0000,4594.2000,4594.4000,4595.2000,4595.8000,4659.2000,1,1,2,1,1,1,1,2,1,1
SF,IF2103,2020-07-21 09:34:19.700,4595.4000,637,0,31650720.000,0,-,-,-,-,4587.2000,4581.2000,4575.8000,4558.8000,4500.0000,4594.0000,4594.2000,4595.2000,4595.8000,4659.2000,1,1,2,1,1,1,1,1,1,1
SF,IF2103,2020-07-21 09:34:20.200,4595.4000,637,0,31650720.000,0,-,-,-,-,4587.2000,4581.2000,4575.8000,4558.8000,4500.0000,4593.8000,4594.0000,4595.8000,4659.2000,4703.0000,1,1,2,1,1,2,1,1,1,1
SF,IF2103,2020-07-21 09:34:21.200,4595.4000,637,0,31650720.000,0,-,-,-,-,4587.2000,4581.2000,4575.8000,4558.8000,4500.0000,4593.8000,4594.0000,4659.2000,4703.0000,4746.8000,1,1,2,1,1,2,1,1,1,1
SF,IF2103,2020-07-21 09:34:21.700,4595.4000,637,0,31650720.000,0,-,-,-,-,4587.2000,4581.2000,4575.8000,4558.8000,4500.0000,4593.8000,4594.0000,4659.2000,4703.0000,4746.8000,1,1,2,1,1,1,1,1,1,1
SF,IF2103,2020-07-21 09:34:22.200,4595.4000,637,0,31650720.000,0,-,-,-,-,4587.2000,4581.2000,4575.8000,4558.8000,4500.0000,4593.0000,4593.6000,4593.8000,4594.0000,4659.2000,1,1,2,1,1,1,1,1,1,1
SF,IF2103,2020-07-21 09:34:22.700,4595.4000,637,0,31650720.000,0,-,-,-,-,4587.2000,4581.2000,4575.8000,4558.8000,4500.0000,4592.8000,4593.0000,4594.0000,4659.2000,4703.0000,1,1,2,1,1,2,1,1,1,1
SF,IF2103,2020-07-21 09:34:23.700,4595.4000,637,0,31650720.000,0,-,-,-,-,4587.2000,4581.2000,4581.0000,4575.8000,4558.8000,4592.8000,4594.0000,4659.2000,4703.0000,4746.8000,1,1,4,2,1,2,1,1,1,1
SF,IF2103,2020-07-21 09:34:24.200,4595.4000,637,0,31650720.000,0,-,-,-,-,4587.4000,4587.2000,4581.2000,4581.0000,4575.8000,4592.8000,4659.2000,4703.0000,4746.8000,4774.0000,1,1,1,4,2,1,1,1,1,3
SF,IF2103,2020-07-21 09:34:24.700,4595.4000,637,0,31650720.000,0,-,-,-,-,4588.4000,4587.6000,4587.4000,4581.2000,4581.0000,4592.8000,4659.2000,4703.0000,4746.8000,4774.0000,1,1,1,1,4,1,1,1,1,3
SF,IF2103,2020-07-21 09:34:25.200,4595.4000,637,0,31650720.000,0,-,-,-,-,4588.6000,4581.2000,4581.0000,4575.8000,4558.8000,4592.6000,4592.8000,4659.2000,4703.0000,4746.8000,1,1,4,2,1,1,1,1,1,1
SF,IF2103,2020-07-21 09:34:25.700,4595.4000,637,0,31650720.000,0,-,-,-,-,4589.0000,4588.6000,4581.2000,4581.0000,4575.8000,4592.4000,4659.2000,4703.0000,4746.8000,4774.0000,1,1,1,4,2,1,1,1,1,3
SF,IF2103,2020-07-21 09:34:26.200,4595.4000,637,0,31650720.000,0,-,-,-,-,4589.4000,4589.2000,4581.2000,4581.0000,4575.8000,4659.2000,4703.0000,4746.8000,4774.0000,4781.4000,1,1,1,4,2,1,1,1,3,20
SF,IF2103,2020-07-21 09:34:26.700,4595.4000,637,0,31650720.000,0,-,-,-,-,4589.6000,4581.2000,4581.0000,4575.8000,4558.8000,4601.2000,4602.0000,4633.8000,4659.0000,4659.2000,1,1,4,2,1,2,1,3,3,1
SF,IF2103,2020-07-21 09:34:27.200,4595.4000,637,0,31650720.000,0,-,-,-,-,4589.6000,4581.2000,4581.0000,4575.8000,4558.8000,4601.0000,4601.2000,4602.0000,4659.0000,4659.2000,1,1,4,2,1,2,2,1,1,1
SF,IF2103,2020-07-21 09:34:27.700,4595.4000,637,0,31650720.000,0,-,-,-,-,4589.6000,4581.2000,4581.0000,4575.8000,4558.8000,4597.6000,4601.0000,4602.0000,4659.0000,4659.2000,1,1,4,2,1,1,2,1,1,1
SF,IF2103,2020-07-21 09:34:28.200,4595.4000,637,0,31650720.000,0,-,-,-,-,4589.6000,4581.2000,4581.0000,4575.8000,4558.8000,4596.8000,4597.4000,4597.6000,4659.0000,4659.2000,1,1,4,2,1,1,3,1,1,1
SF,IF2103,2020-07-21 09:34:28.700,4595.4000,637,0,31650720.000,0,-,-,-,-,4589.6000,4581.2000,4581.0000,4575.8000,4558.8000,4596.6000,4596.8000,4597.6000,4659.0000,4659.2000,1,1,4,2,1,2,1,1,1,1
SF,IF2103,2020-07-21 09:34:29.200,4595.4000,637,0,31650720.000,0,-,-,-,-,4589.6000,4581.2000,4581.0000,4575.8000,4558.8000,4596.4000,4596.6000,4596.8000,4597.6000,4659.0000,1,1,4,2,1,2,2,1,1,1
SF,IF2103,2020-07-21 09:34:29.700,4595.4000,637,0,31650720.000,0,-,-,-,-,4589.6000,4581.2000,4581.0000,4575.8000,4558.8000,4595.6000,4596.2000,4596.4000,4596.8000,4659.0000,1,1,4,2,1,1,3,2,1,1
SF,IF2103,2020-07-21 09:34:30.200,4595.4000,637,0,31650720.000,0,-,-,-,-,4589.6000,4581.2000,4581.0000,4575.8000,4558.8000,4595.4000,4595.6000,4596.2000,4596.4000,4596.8000,1,1,4,2,1,2,1,1,2,1
SF,IF2103,2020-07-21 09:34:30.700,4595.4000,637,0,31650720.000,0,-,-,-,-,4589.8000,4589.6000,4581.2000,4581.0000,4575.8000,4595.4000,4595.6000,4596.2000,4596.4000,4659.0000,1,1,1,4,2,2,1,1,2,1
SF,IF2103,2020-07-21 09:34:31.200,4595.4000,637,0,31650720.000,0,-,-,-,-,4590.0000,4589.8000,4581.2000,4581.0000,4575.8000,4595.4000,4595.6000,4596.4000,4659.0000,4659.2000,1,1,1,4,2,2,1,2,1,1
SF,IF2103,2020-07-21 09:34:31.700,4595.4000,637,0,31650720.000,0,-,-,-,-,4590.0000,4581.2000,4581.0000,4575.8000,4558.8000,4595.4000,4595.6000,4596.4000,4659.0000,4659.2000,1,1,4,2,1,2,1,2,1,1
SF,IF2103,2020-07-21 09:34:32.200,4595.4000,637,0,31650720.000,0,-,-,-,-,4590.2000,4590.0000,4581.2000,4581.0000,4575.8000,4595.4000,4595.6000,4596.4000,4659.0000,4659.2000,1,1,1,4,2,2,1,2,1,1
SF,IF2103,2020-07-21 09:34:32.700,4595.4000,637,0,31650720.000,0,-,-,-,-,4590.4000,4581.2000,4581.0000,4575.8000,4558.8000,4595.4000,4595.6000,4596.4000,4659.0000,4659.2000,1,1,4,2,1,2,1,2,1,1
SF,IF2103,2020-07-21 09:34:33.200,4595.4000,637,0,31650720.000,0,-,-,-,-,4590.4000,4581.2000,4581.0000,4575.8000,4558.8000,4595.4000,4596.4000,4659.0000,4659.2000,4703.0000,1,1,4,2,1,2,2,1,1,1
SF,IF2103,2020-07-21 09:34:34.200,4595.4000,637,0,31650720.000,0,-,-,-,-,4590.4000,4581.2000,4581.0000,4575.8000,4558.8000,4594.8000,4595.4000,4596.4000,4659.0000,4659.2000,1,1,4,2,1,1,2,2,1,1
SF,IF2103,2020-07-21 09:34:34.700,4595.4000,637,0,31650720.000,0,-,-,-,-,4590.4000,4581.2000,4581.0000,4575.8000,4558.8000,4594.6000,4594.8000,4596.4000,4659.0000,4659.2000,1,1,4,2,1,2,1,2,1,1
SF,IF2103,2020-07-21 09:34:35.700,4595.4000,637,0,31650720.000,0,-,-,-,-,4590.4000,4581.2000,4581.0000,4575.8000,4558.8000,4594.6000,4594.8000,4596.4000,4659.0000,4659.2000,1,1,4,2,1,1,1,2,1,1
SF,IF2103,2020-07-21 09:34:36.200,4595.4000,637,0,31650720.000,0,-,-,-,-,4590.4000,4581.2000,4581.0000,4575.8000,4558.8000,4596.4000,4659.0000,4659.2000,4703.0000,4746.8000,1,1,4,2,1,2,1,1,1,1
SF,IF2103,2020-07-21 09:34:36.700,4595.4000,637,0,31650720.000,0,-,-,-,-,4590.4000,4581.2000,4581.0000,4575.8000,4558.8000,4596.2000,4596.4000,4617.8000,4659.0000,4659.2000,1,1,4,2,1,1,2,4,1,1
SF,IF2103,2020-07-21 09:34:38.700,4595.4000,637,0,31650720.000,0,-,-,-,-,4590.4000,4581.2000,4581.0000,4575.8000,4558.8000,4596.0000,4596.2000,4596.4000,4617.8000,4659.0000,1,1,4,2,1,1,1,2,4,1
SF,IF2103,2020-07-21 09:34:39.200,4595.4000,637,0,31650720.000,0,-,-,-,-,4590.4000,4581.2000,4581.0000,4575.8000,4558.8000,4595.8000,4596.0000,4596.4000,4617.8000,4659.0000,1,1,4,2,1,1,1,2,4,1
SF,IF2103,2020-07-21 09:34:39.700,4595.4000,637,0,31650720.000,0,-,-,-,-,4590.4000,4581.2000,4581.0000,4558.8000,4500.0000,4595.6000,4595.8000,4596.0000,4596.4000,4617.8000,1,1,4,1,1,1,1,1,2,4
SF,IF2103,2020-07-21 09:34:40.200,4595.4000,637,0,31650720.000,0,-,-,-,-,4581.2000,4581.0000,4558.8000,4500.0000,4484.4000,4594.8000,4595.4000,4595.6000,4596.4000,4617.8000,1,4,1,1,1,1,1,1,2,4
SF,IF2103,2020-07-21 09:34:40.700,4595.4000,637,0,31650720.000,0,-,-,-,-,4581.4000,4581.2000,4581.0000,4558.8000,4500.0000,4594.6000,4594.8000,4596.4000,4617.8000,4659.0000,2,1,4,1,1,1,1,2,4,1
SF,IF2103,2020-07-21 09:34:41.200,4595.4000,637,0,31650720.000,0,-,-,-,-,4581.4000,4581.2000,4581.0000,4558.8000,4500.0000,4594.4000,4594.6000,4594.8000,4596.4000,4617.8000,2,1,4,1,1,1,1,1,2,4
SF,IF2103,2020-07-21 09:34:41.700,4595.4000,637,0,31650720.000,0,-,-,-,-,4581.4000,4581.2000,4581.0000,4558.8000,4500.0000,4594.2000,4594.4000,4594.8000,4596.4000,4617.8000,2,1,4,1,1,1,1,1,2,4
SF,IF2103,2020-07-21 09:34:42.200,4595.4000,637,0,31650720.000,0,-,-,-,-,4581.4000,4581.2000,4581.0000,4558.8000,4500.0000,4594.2000,4594.8000,4596.4000,4617.8000,4659.0000,2,1,4,1,1,1,1,2,4,1
SF,IF2103,2020-07-21 09:34:42.700,4595.4000,637,0,31650720.000,0,-,-,-,-,4584.0000,4583.0000,4581.4000,4581.2000,4581.0000,4594.0000,4594.2000,4594.8000,4596.4000,4617.8000,1,1,2,1,4,1,1,1,2,4
SF,IF2103,2020-07-21 09:34:43.200,4595.4000,637,0,31650720.000,0,-,-,-,-,4584.2000,4584.0000,4583.0000,4581.2000,4581.0000,4593.6000,4593.8000,4594.0000,4594.8000,4596.4000,2,1,1,1,4,1,1,1,1,2
SF,IF2103,2020-07-21 09:34:43.700,4595.4000,637,0,31650720.000,0,-,-,-,-,4584.2000,4584.0000,4583.0000,4581.2000,4581.0000,4593.4000,4593.6000,4594.8000,4596.4000,4617.8000,2,1,1,1,4,2,1,1,2,4
SF,IF2103,2020-07-21 09:34:44.200,4595.4000,637,0,31650720.000,0,-,-,-,-,4586.4000,4584.2000,4583.0000,4581.2000,4581.0000,4593.4000,4593.6000,4594.8000,4596.4000,4617.8000,1,2,1,1,4,2,1,1,2,4
SF,IF2103,2020-07-21 09:34:44.700,4595.4000,637,0,31650720.000,0,-,-,-,-,4586.6000,4586.4000,4583.0000,4581.2000,4581.0000,4593.4000,4593.6000,4596.4000,4617.8000,4659.0000,1,1,1,1,4,2,1,2,4,1
SF,IF2103,2020-07-21 09:34:45.200,4595.4000,637,0,31650720.000,0,-,-,-,-,4587.2000,4586.6000,4586.4000,4583.0000,4581.2000,4593.4000,4596.4000,4617.8000,4659.0000,4659.2000,1,1,1,1,1,2,2,4,1,1
SF,IF2103,2020-07-21 09:34:45.700,4595.4000,637,0,31650720.000,0,-,-,-,-,4587.4000,4587.2000,4586.4000,4583.0000,4581.2000,4593.4000,4596.4000,4617.8000,4659.0000,4659.2000,1,1,1,1,1,2,2,4,1,1
SF,IF2103,2020-07-21 09:34:47.200,4595.4000,637,0,31650720.000,0,-,-,-,-,4587.4000,4586.4000,4583.0000,4581.2000,4581.0000,4593.4000,4596.4000,4617.8000,4659.0000,4659.2000,1,1,1,1,4,2,2,4,1,1
SF,IF2103,2020-07-21 09:34:49.200,4595.4000,637,0,31650720.000,0,-,-,-,-,4587.4000,4583.0000,4581.2000,4581.0000,4558.8000,4592.8000,4593.4000,4596.4000,4617.8000,4659.0000,1,1,1,4,1,1,2,2,4,1
SF,IF2103,2020-07-21 09:34:49.700,4595.4000,637,0,31650720.000,0,-,-,-,-,4587.4000,4583.0000,4581.2000,4581.0000,4558.8000,4592.6000,4592.8000,4593.2000,4596.4000,4617.8000,1,1,1,4,1,1,1,2,2,4
SF,IF2103,2020-07-21 09:34:52.200,4595.4000,637,0,31650720.000,0,-,-,-,-,4587.4000,4583.0000,4581.2000,4581.0000,4558.8000,4592.6000,4592.8000,4593.2000,4617.8000,4659.0000,1,1,1,4,1,1,1,2,4,1
SF,IF2103,2020-07-21 09:34:52.700,4595.4000,637,0,31650720.000,0,-,-,-,-,4587.4000,4583.0000,4581.2000,4581.0000,4558.8000,4592.8000,4593.2000,4617.8000,4659.0000,4659.2000,1,1,1,4,1,1,2,4,1,1
SF,IF2103,2020-07-21 09:34:53.200,4595.4000,637,0,31650720.000,0,-,-,-,-,4587.4000,4583.0000,4581.2000,4581.0000,4558.8000,4592.4000,4593.2000,4617.8000,4659.0000,4659.2000,1,1,1,4,1,1,2,4,1,1
SF,IF2103,2020-07-21 09:34:53.700,4595.4000,637,0,31650720.000,0,-,-,-,-,4587.4000,4583.0000,4581.2000,4581.0000,4558.8000,4593.2000,4617.8000,4659.0000,4659.2000,4703.0000,1,1,1,4,1,2,4,1,1,1
SF,IF2103,2020-07-21 09:34:54.200,4595.4000,637,0,31650720.000,0,-,-,-,-,4587.4000,4583.0000,4581.2000,4581.0000,4558.8000,4593.0000,4593.2000,4617.8000,4659.0000,4659.2000,1,1,1,4,1,1,2,4,1,1
SF,IF2103,2020-07-21 09:34:54.700,4595.4000,637,0,31650720.000,0,-,-,-,-,4588.0000,4587.4000,4583.0000,4581.2000,4581.0000,4593.0000,4593.2000,4617.8000,4659.0000,4659.2000,1,1,1,1,4,1,2,4,1,1
SF,IF2103,2020-07-21 09:34:55.200,4595.4000,637,0,31650720.000,0,-,-,-,-,4588.2000,4588.0000,4583.0000,4581.2000,4581.0000,4593.0000,4593.2000,4617.8000,4659.0000,4659.2000,1,1,1,1,4,1,2,4,1,1
SF,IF2103,2020-07-21 09:34:55.700,4595.4000,637,0,31650720.000,0,-,-,-,-,4588.2000,4588.0000,4583.0000,4581.2000,4581.0000,4593.2000,4617.8000,4659.0000,4659.2000,4703.0000,1,1,1,1,4,2,4,1,1,1
