市场代码,合约代码,时间,最新,持仓,增仓,成交额,成交量,开仓,平仓,成交类型,方向,买一价,买二价,买三价,买四价,买五价,卖一价,卖二价,卖三价,卖四价,卖五价,买一量,买二量,买三量,买四量,买五量,卖一量,卖二量,卖三量,卖四量,卖五量
SF,IF2103,2020-09-29 09:29:00.400,4518.0000,15386,0,10843200.000,8.000,-,-,-,-,4507.0000,4505.6000,4505.0000,4503.0000,4502.0000,4520.0000,4522.4000,4523.0000,4523.8000,4525.0000,1,1,2,1,5,3,1,10,1,5
SF,IF2103,2020-09-29 09:30:00.400,4518.0000,15386,0,10843200.000,0,-,-,-,-,4512.6000,4511.0000,4510.8000,4510.0000,4508.4000,4515.8000,4516.4000,4516.6000,4516.8000,4518.0000,2,1,1,1,1,2,1,1,3,1
SF,IF2103,2020-09-29 09:30:00.900,4512.8000,15385,-1,12197040.000,1,0,1,双平,S,4512.8000,4511.0000,4510.8000,4509.6000,4509.0000,4515.4000,4516.8000,4518.0000,4518.8000,4520.0000,1,2,2,1,1,1,3,1,2,3
SF,IF2103,2020-09-29 09:30:01.400,4512.8000,15385,0,12197040.000,0,-,-,-,-,4514.8000,4513.6000,4513.2000,4512.8000,4510.8000,4516.8000,4518.0000,4520.0000,4523.0000,4523.8000,2,4,1,1,1,3,1,3,10,1
SF,IF2103,2020-09-29 09:30:01.900,4512.8000,15385,0,12197040.000,0,-,-,-,-,4515.0000,4513.6000,4513.2000,4510.8000,4509.6000,4516.8000,4518.0000,4520.0000,4523.0000,4523.8000,2,4,1,1,1,3,1,3,10,1
SF,IF2103,2020-09-29 09:30:02.400,4515.0000,15381,-4,17614980.000,4,0,4,双平,S,4515.0000,4513.6000,4513.2000,4509.6000,4508.2000,4516.6000,4516.8000,4518.0000,4520.0000,4523.0000,3,4,1,1,1,1,3,1,3,10
SF,IF2103,2020-09-29 09:30:02.900,4516.6000,15380,-1,18969960.000,1,0,1,双平,S,4515.0000,4513.6000,4513.2000,4512.8000,4509.6000,4516.8000,4518.0000,4520.0000,4523.0000,4523.8000,2,3,1,1,1,3,1,3,10,1
SF,IF2103,2020-09-29 09:30:03.400,4516.6000,15380,0,18969960.000,0,-,-,-,-,4515.0000,4513.6000,4513.2000,4512.8000,4509.6000,4516.8000,4518.0000,4520.0000,4520.2000,4523.0000,2,3,1,1,1,3,1,3,1,10
SF,IF2103,2020-09-29 09:30:03.900,4516.6000,15380,0,18969960.000,0,-,-,-,-,4513.6000,4513.2000,4509.6000,4507.2000,4505.6000,4516.6000,4516.8000,4518.0000,4520.0000,4520.2000,3,1,1,1,1,2,3,1,3,1
SF,IF2103,2020-09-29 09:30:04.400,4516.6000,15379,-1,20324940.000,1,0,1,双平,S,4514.0000,4513.8000,4513.6000,4509.6000,4507.2000,4516.6000,4516.8000,4518.0000,4520.0000,4520.2000,1,2,3,1,1,1,3,1,4,1
SF,IF2103,2020-09-29 09:30:04.900,4516.8000,15376,-3,24390060.000,3,0,3,双平,S,4514.2000,4514.0000,4513.6000,4509.6000,4507.2000,4520.0000,4520.2000,4523.0000,4523.8000,4525.0000,2,1,3,1,1,4,1,10,1,1
SF,IF2103,2020-09-29 09:30:05.400,4516.8000,15376,0,24390060.000,0,-,-,-,-,4514.6000,4514.4000,4514.2000,4513.6000,4509.6000,4518.6000,4519.2000,4519.4000,4519.8000,4520.0000,1,1,2,3,1,2,1,1,1,4
SF,IF2103,2020-09-29 09:30:05.900,4516.8000,15376,0,24390060.000,0,-,-,-,-,4514.8000,4514.6000,4514.4000,4513.6000,4509.6000,4518.2000,4518.4000,4519.4000,4520.0000,4520.2000,2,1,1,3,1,1,1,1,4,1
SF,IF2103,2020-09-29 09:30:06.400,4520.0000,15377,1,29812740.000,4,2,2,空开,S,4515.4000,4514.8000,4514.4000,4513.6000,4509.6000,4520.0000,4520.2000,4523.0000,4523.8000,4525.0000,2,2,1,3,1,3,1,10,1,1
SF,IF2103,2020-09-29 09:30:06.900,4516.6000,15376,-1,31167720.000,1,0,1,双平,S,4516.4000,4516.2000,4515.6000,4515.4000,4513.6000,4518.8000,4519.8000,4520.0000,4520.2000,4523.0000,1,1,2,2,1,1,1,4,1,10
SF,IF2103,2020-09-29 09:30:07.400,4518.8000,15375,-1,33879000.000,2,0,2,多平,S,4518.8000,4516.6000,4516.4000,4516.2000,4515.4000,4519.8000,4520.0000,4520.2000,4523.0000,4523.8000,1,4,1,1,1,1,3,1,10,1
SF,IF2103,2020-09-29 09:30:07.900,4518.8000,15375,0,35234640.000,1,0,1,多换,S,4518.2000,4516.6000,4516.4000,4516.2000,4515.4000,4518.4000,4519.8000,4520.0000,4520.2000,4523.0000,5,2,1,1,1,1,1,3,1,10
SF,IF2103,2020-09-29 09:30:08.400,4518.4000,15374,-1,36590160.000,1,0,1,双平,S,4518.2000,4516.6000,4516.4000,4516.2000,4515.4000,4519.8000,4520.0000,4520.2000,4523.0000,4523.8000,5,1,1,1,1,1,3,1,10,1
SF,IF2103,2020-09-29 09:30:09.900,4518.2000,15374,0,40656540.000,3,1,2,多换,S,4518.2000,4516.6000,4516.4000,4516.2000,4515.4000,4518.8000,4519.8000,4520.0000,4520.2000,4523.0000,2,1,1,1,1,1,1,3,1,10
SF,IF2103,2020-09-29 09:30:10.400,4516.6000,15373,-1,44722440.000,3,1,2,多平,S,4516.4000,4516.2000,4515.4000,4513.6000,4509.6000,4518.8000,4519.8000,4520.0000,4520.2000,4523.0000,1,1,1,1,1,2,1,3,1,10
SF,IF2103,2020-09-29 09:30:10.900,4516.6000,15373,0,44722440.000,0,-,-,-,-,4516.6000,4515.4000,4513.6000,4509.6000,4505.6000,4518.6000,4518.8000,4520.0000,4520.2000,4523.0000,2,1,1,1,1,2,2,4,1,10
SF,IF2103,2020-09-29 09:30:11.400,4516.6000,15372,-1,46077420.000,1,0,1,双平,S,4513.6000,4509.6000,4505.6000,4505.0000,4503.0000,4518.4000,4518.6000,4518.8000,4520.0000,4520.2000,1,1,1,2,1,2,2,2,4,1
SF,IF2103,2020-09-29 09:30:11.900,4516.6000,15372,0,46077420.000,0,-,-,-,-,4514.2000,4514.0000,4513.8000,4513.6000,4509.6000,4518.2000,4518.4000,4518.8000,4520.0000,4520.2000,1,2,1,4,1,2,1,2,4,1
SF,IF2103,2020-09-29 09:30:12.400,4518.0000,15372,0,47432820.000,1,0,1,多换,S,4514.4000,4514.2000,4514.0000,4513.6000,4509.6000,4518.0000,4518.2000,4518.4000,4518.8000,4520.0000,2,1,2,4,1,1,2,1,2,4
SF,IF2103,2020-09-29 09:30:12.900,4518.0000,15372,0,47432820.000,0,-,-,-,-,4515.0000,4514.4000,4514.0000,4513.6000,4509.6000,4516.6000,4517.8000,4518.0000,4518.4000,4518.8000,1,2,2,4,1,1,2,2,1,1
SF,IF2103,2020-09-29 09:30:13.400,4518.0000,15372,0,47432820.000,0,-,-,-,-,4515.2000,4515.0000,4514.4000,4514.0000,4509.6000,4516.6000,4517.8000,4518.0000,4518.4000,4518.8000,1,1,1,2,1,1,2,1,1,1
SF,IF2103,2020-09-29 09:30:13.900,4516.8000,15371,-1,48787860.000,1,0,1,双平,S,4515.2000,4515.0000,4514.4000,4514.0000,4505.6000,4517.8000,4518.0000,4518.4000,4518.8000,4520.0000,1,1,1,2,1,1,1,1,1,3
SF,IF2103,2020-09-29 09:30:14.400,4516.8000,15371,0,48787860.000,0,-,-,-,-,4515.4000,4515.2000,4514.0000,4505.6000,4505.0000,4517.6000,4517.8000,4518.0000,4518.4000,4518.8000,1,1,1,1,2,1,2,1,1,1
SF,IF2103,2020-09-29 09:30:14.900,4516.8000,15371,0,48787860.000,0,-,-,-,-,4515.6000,4515.4000,4505.6000,4505.0000,4503.0000,4517.6000,4517.8000,4518.0000,4518.4000,4518.8000,1,1,1,2,1,2,1,1,1,1
SF,IF2103,2020-09-29 09:30:15.400,4516.8000,15371,0,48787860.000,0,-,-,-,-,4515.8000,4515.6000,4505.6000,4505.0000,4503.0000,4516.6000,4517.4000,4517.6000,4517.8000,4518.0000,1,1,1,2,1,1,1,2,1,1
SF,IF2103,2020-09-29 09:30:15.900,4515.8000,15370,-1,50142600.000,1,0,1,双平,S,4505.6000,4505.0000,4503.0000,4502.0000,4501.2000,4516.6000,4517.4000,4517.6000,4517.8000,4518.0000,1,2,1,5,1,1,1,2,1,1
SF,IF2103,2020-09-29 09:30:16.400,4515.8000,15370,0,50142600.000,0,-,-,-,-,4513.6000,4511.0000,4510.8000,4508.4000,4507.4000,4516.4000,4516.6000,4517.4000,4517.8000,4518.0000,1,2,2,1,4,2,2,1,1,1
SF,IF2103,2020-09-29 09:30:16.900,4515.8000,15370,0,50142600.000,0,-,-,-,-,4515.0000,4513.8000,4511.0000,4510.8000,4508.4000,4516.0000,4516.2000,4516.4000,4516.6000,4517.4000,2,1,2,1,1,2,1,3,1,1
SF,IF2103,2020-09-29 09:30:17.400,4515.0000,15368,-2,52851600.000,2,0,2,双平,S,4513.8000,4511.0000,4510.8000,4508.4000,4506.2000,4516.0000,4516.2000,4516.4000,4516.6000,4517.4000,1,2,1,1,3,3,1,1,1,1
SF,IF2103,2020-09-29 09:30:17.900,4515.8000,15368,0,59625300.000,5,2,3,多换,S,4514.0000,4513.8000,4511.0000,4510.8000,4508.4000,4515.8000,4516.0000,4516.6000,4517.4000,4518.0000,1,1,2,1,1,1,3,1,1,1
SF,IF2103,2020-09-29 09:30:18.400,4515.8000,15367,-1,62334780.000,2,0,2,多平,S,4514.2000,4514.0000,4511.0000,4510.8000,4508.4000,4516.6000,4517.4000,4518.0000,4518.4000,4518.8000,1,1,2,1,1,1,1,1,1,1
SF,IF2103,2020-09-29 09:30:18.900,4515.8000,15367,0,62334780.000,0,-,-,-,-,4514.4000,4514.2000,4511.0000,4510.8000,4508.4000,4515.8000,4516.6000,4517.4000,4518.0000,4518.4000,1,2,2,1,1,2,1,1,1,1
SF,IF2103,2020-09-29 09:30:19.400,4515.8000,15365,-2,65044260.000,2,0,2,双平,S,4514.6000,4514.4000,4511.0000,4510.8000,4508.4000,4516.6000,4517.4000,4518.0000,4518.4000,4518.8000,1,1,2,1,1,1,1,1,1,1
SF,IF2103,2020-09-29 09:30:19.900,4515.8000,15365,0,65044260.000,0,-,-,-,-,4514.8000,4514.6000,4511.0000,4510.8000,4508.4000,4516.6000,4517.4000,4518.0000,4518.4000,4518.8000,1,1,2,1,1,1,1,1,1,1
SF,IF2103,2020-09-29 09:30:20.400,4515.8000,15365,0,65044260.000,0,-,-,-,-,4515.0000,4514.8000,4511.0000,4510.8000,4508.4000,4516.6000,4517.4000,4518.0000,4518.4000,4518.8000,1,2,2,1,1,1,1,1,1,1
SF,IF2103,2020-09-29 09:30:20.900,4515.0000,15364,-1,66398760.000,1,0,1,双平,S,4514.8000,4511.0000,4510.8000,4508.4000,4506.2000,4516.4000,4516.6000,4517.4000,4518.0000,4518.4000,1,2,1,1,3,1,1,1,1,1
SF,IF2103,2020-09-29 09:30:21.400,4515.0000,15364,0,66398760.000,0,-,-,-,-,4514.8000,4511.0000,4510.8000,4508.4000,4506.2000,4516.2000,4516.4000,4516.6000,4517.4000,4518.0000,1,2,1,1,3,1,1,1,1,1
SF,IF2103,2020-09-29 09:30:21.900,4515.0000,15364,0,66398760.000,0,-,-,-,-,4511.0000,4510.8000,4508.4000,4506.2000,4505.8000,4516.2000,4516.4000,4516.6000,4517.4000,4518.0000,2,1,1,3,1,1,1,1,1,1
SF,IF2103,2020-09-29 09:30:22.400,4515.0000,15364,0,66398760.000,0,-,-,-,-,4513.6000,4512.0000,4511.6000,4511.4000,4511.2000,4514.8000,4516.0000,4516.2000,4516.4000,4516.6000,1,1,2,1,3,1,2,1,1,1
SF,IF2103,2020-09-29 09:30:22.900,4514.8000,15363,-1,67753200.000,1,0,1,双平,S,4513.8000,4513.6000,4512.0000,4511.6000,4511.4000,4516.0000,4516.6000,4517.4000,4518.0000,4518.4000,2,4,1,2,1,2,1,1,1,1
SF,IF2103,2020-09-29 09:30:23.400,4516.0000,15362,-1,69108000.000,1,0,1,双平,S,4514.2000,4514.0000,4513.8000,4513.6000,4512.0000,4516.0000,4516.6000,4517.4000,4518.0000,4518.4000,1,4,2,3,1,1,1,1,1,1
SF,IF2103,2020-09-29 09:30:23.900,4516.0000,15361,-1,70462800.000,1,0,1,双平,S,4514.4000,4514.2000,4514.0000,4513.8000,4513.6000,4516.6000,4518.0000,4518.4000,4518.8000,4520.0000,1,2,3,1,3,1,1,1,1,1
SF,IF2103,2020-09-29 09:30:24.400,4516.0000,15361,0,70462800.000,0,-,-,-,-,4514.6000,4514.4000,4514.0000,4513.8000,4513.6000,4518.0000,4518.4000,4518.8000,4520.0000,4520.2000,2,2,2,1,3,1,1,1,1,2
SF,IF2103,2020-09-29 09:30:24.900,4516.0000,15361,0,70462800.000,0,-,-,-,-,4514.8000,4514.6000,4514.0000,4513.8000,4513.6000,4516.6000,4517.8000,4518.0000,4518.4000,4518.8000,2,2,2,1,3,1,1,1,1,1
SF,IF2103,2020-09-29 09:30:25.400,4516.6000,15360,-1,71817780.000,1,0,1,双平,S,4515.0000,4514.8000,4514.6000,4513.6000,4512.0000,4518.0000,4518.4000,4518.8000,4520.0000,4520.2000,2,3,2,3,1,1,1,1,1,2
SF,IF2103,2020-09-29 09:30:25.900,4516.6000,15360,0,71817780.000,0,-,-,-,-,4515.2000,4515.0000,4514.8000,4513.6000,4512.0000,4517.8000,4518.0000,4518.4000,4518.8000,4520.0000,3,3,1,3,1,1,1,1,1,1
SF,IF2103,2020-09-29 09:30:26.400,4516.6000,15360,0,71817780.000,0,-,-,-,-,4515.2000,4515.0000,4514.8000,4513.6000,4511.6000,4517.8000,4518.0000,4518.4000,4518.8000,4520.0000,3,3,1,3,2,1,1,1,1,1
SF,IF2103,2020-09-29 09:30:26.900,4518.0000,15359,-1,74528520.000,2,0,2,多平,S,4515.6000,4515.4000,4515.2000,4515.0000,4514.8000,4518.4000,4518.8000,4520.0000,4520.2000,4523.0000,1,1,3,2,1,1,1,1,2,10
SF,IF2103,2020-09-29 09:30:27.400,4518.0000,15359,0,74528520.000,0,-,-,-,-,4518.0000,4515.8000,4515.6000,4515.2000,4515.0000,4518.4000,4518.8000,4520.0000,4520.2000,4523.0000,1,4,2,1,2,1,1,1,2,10
SF,IF2103,2020-09-29 09:30:27.900,4518.4000,15358,-1,77239440.000,2,0,2,多平,S,4515.8000,4515.6000,4515.2000,4515.0000,4513.6000,4518.8000,4520.0000,4520.2000,4523.0000,4523.8000,4,2,1,1,3,1,1,2,10,1
SF,IF2103,2020-09-29 09:30:28.400,4518.4000,15358,0,77239440.000,0,-,-,-,-,4518.4000,4516.0000,4515.8000,4515.6000,4515.2000,4518.8000,4520.0000,4520.2000,4523.0000,4523.8000,5,3,4,1,1,1,1,2,10,1
SF,IF2103,2020-09-29 09:30:28.900,4518.8000,15357,-1,78595080.000,1,0,1,双平,S,4518.8000,4518.4000,4516.0000,4515.8000,4515.2000,4520.0000,4520.2000,4523.0000,4523.8000,4525.0000,1,5,2,4,1,1,2,10,1,1
SF,IF2103,2020-09-29 09:30:29.400,4518.8000,15356,-1,79950720.000,1,0,1,双平,S,4518.4000,4517.8000,4516.0000,4515.8000,4515.2000,4519.8000,4520.0000,4520.2000,4523.0000,4523.8000,5,2,2,4,1,1,1,2,10,1
SF,IF2103,2020-09-29 09:30:29.900,4518.8000,15356,0,79950720.000,0,-,-,-,-,4518.4000,4517.8000,4516.0000,4515.8000,4515.2000,4519.0000,4519.6000,4519.8000,4520.0000,4520.2000,5,2,2,4,1,1,1,1,1,2
SF,IF2103,2020-09-29 09:30:30.400,4518.8000,15356,0,79950720.000,0,-,-,-,-,4518.4000,4517.8000,4516.0000,4515.8000,4515.2000,4519.0000,4519.6000,4519.8000,4520.0000,4520.2000,5,2,1,4,1,1,1,1,1,2
SF,IF2103,2020-09-29 09:30:30.900,4520.0000,15355,-1,86730240.000,5,2,3,多平,S,4520.0000,4518.4000,4517.8000,4516.0000,4515.8000,4520.2000,4523.0000,4523.8000,4525.0000,4526.0000,1,5,2,1,3,2,10,1,1,1
SF,IF2103,2020-09-29 09:30:31.400,4520.0000,15355,0,88086240.000,1,0,1,多换,S,4518.4000,4517.8000,4516.0000,4515.8000,4515.2000,4520.2000,4523.0000,4523.8000,4525.0000,4526.0000,5,2,1,3,1,2,10,1,1,1
SF,IF2103,2020-09-29 09:30:31.900,4520.0000,15355,0,88086240.000,0,-,-,-,-,4518.6000,4518.4000,4517.8000,4516.0000,4515.8000,4520.2000,4523.0000,4525.0000,4526.0000,4527.8000,1,5,2,1,2,2,10,1,1,1
SF,IF2103,2020-09-29 09:30:32.400,4520.0000,15355,0,88086240.000,0,-,-,-,-,4518.6000,4518.4000,4517.8000,4516.0000,4515.8000,4520.2000,4522.2000,4523.0000,4525.0000,4526.0000,1,5,2,1,2,2,1,10,1,1
SF,IF2103,2020-09-29 09:30:32.900,4520.0000,15355,0,88086240.000,0,-,-,-,-,4518.6000,4518.4000,4517.8000,4516.0000,4515.8000,4519.0000,4520.2000,4522.2000,4523.0000,4525.0000,1,5,2,1,2,1,2,1,10,1
SF,IF2103,2020-09-29 09:30:33.400,4519.0000,15354,-1,89441940.000,1,0,1,双平,S,4518.4000,4517.8000,4516.0000,4515.8000,4515.2000,4520.2000,4522.2000,4523.0000,4525.0000,4526.0000,5,2,1,2,1,2,1,10,1,1
SF,IF2103,2020-09-29 09:30:33.900,4519.0000,15354,0,89441940.000,0,-,-,-,-,4518.6000,4518.4000,4517.8000,4516.0000,4515.8000,4520.2000,4522.2000,4523.0000,4525.0000,4526.0000,1,5,2,1,2,2,1,10,1,1
SF,IF2103,2020-09-29 09:30:34.400,4520.2000,15351,-3,93510120.000,3,0,3,双平,S,4518.6000,4518.4000,4517.8000,4516.0000,4515.8000,4522.2000,4523.0000,4525.0000,4526.0000,4527.8000,1,5,2,1,2,1,10,1,1,1
SF,IF2103,2020-09-29 09:30:34.900,4520.2000,15351,0,93510120.000,0,-,-,-,-,4518.8000,4518.6000,4518.4000,4517.8000,4516.0000,4522.0000,4522.2000,4523.0000,4525.0000,4526.0000,2,1,5,2,1,1,1,10,1,1
SF,IF2103,2020-09-29 09:30:35.400,4520.2000,15351,0,93510120.000,0,-,-,-,-,4519.0000,4518.8000,4518.4000,4517.8000,4516.0000,4522.2000,4523.0000,4525.0000,4526.0000,4527.8000,2,2,5,2,1,1,10,1,1,1
SF,IF2103,2020-09-29 09:30:35.900,4520.2000,15351,0,93510120.000,0,-,-,-,-,4519.2000,4519.0000,4518.4000,4517.8000,4516.0000,4520.2000,4522.2000,4523.0000,4525.0000,4526.0000,2,1,5,2,1,1,1,10,1,1
SF,IF2103,2020-09-29 09:30:36.400,4520.2000,15350,-1,94866180.000,1,0,1,双平,S,4520.2000,4519.4000,4519.0000,4518.4000,4517.8000,4522.2000,4523.0000,4525.0000,4526.0000,4527.8000,1,1,1,5,2,1,10,1,1,1
SF,IF2103,2020-09-29 09:30:36.900,4520.2000,15348,-2,97578300.000,2,0,2,双平,S,4518.4000,4517.8000,4516.0000,4515.8000,4515.2000,4522.0000,4522.2000,4523.0000,4525.0000,4526.0000,5,2,1,1,1,2,1,10,1,1
SF,IF2103,2020-09-29 09:30:37.400,4520.2000,15348,0,97578300.000,0,-,-,-,-,4518.6000,4518.4000,4517.8000,4516.0000,4515.8000,4522.0000,4522.2000,4523.0000,4525.0000,4526.0000,1,5,2,1,1,3,1,10,1,1
SF,IF2103,2020-09-29 09:30:37.900,4520.2000,15348,0,97578300.000,0,-,-,-,-,4518.8000,4518.6000,4518.4000,4517.8000,4516.0000,4522.0000,4522.2000,4523.0000,4525.0000,4526.0000,1,1,5,2,1,3,1,10,1,1
SF,IF2103,2020-09-29 09:30:38.400,4519.0000,15347,-1,98934000.000,1,0,1,双平,S,4518.8000,4518.4000,4517.8000,4516.0000,4515.8000,4522.0000,4522.2000,4522.4000,4523.0000,4525.0000,2,5,2,1,1,3,1,1,10,1
SF,IF2103,2020-09-29 09:30:38.900,4519.0000,15347,0,98934000.000,0,-,-,-,-,4519.0000,4518.8000,4518.4000,4517.8000,4516.0000,4522.0000,4522.2000,4522.4000,4523.0000,4525.0000,1,2,5,2,1,3,1,1,10,1
SF,IF2103,2020-09-29 09:30:39.400,4519.0000,15347,0,98934000.000,0,-,-,-,-,4519.0000,4518.8000,4518.4000,4517.8000,4516.0000,4522.0000,4522.2000,4522.4000,4523.0000,4525.0000,2,1,5,2,1,4,1,1,10,1
SF,IF2103,2020-09-29 09:30:39.900,4519.0000,15347,0,98934000.000,0,-,-,-,-,4519.0000,4518.8000,4518.4000,4517.8000,4516.0000,4522.0000,4522.2000,4522.4000,4523.0000,4525.0000,1,1,5,2,1,4,1,1,10,1
SF,IF2103,2020-09-29 09:30:40.400,4519.0000,15347,0,98934000.000,0,-,-,-,-,4519.0000,4518.8000,4518.4000,4517.8000,4516.0000,4522.0000,4522.2000,4522.4000,4523.0000,4525.0000,2,1,5,2,1,4,1,1,10,1
SF,IF2103,2020-09-29 09:30:40.900,4519.0000,15347,0,98934000.000,0,-,-,-,-,4519.0000,4518.8000,4518.4000,4517.8000,4516.0000,4521.8000,4522.0000,4522.2000,4522.4000,4523.0000,1,1,5,2,1,1,4,1,1,10
SF,IF2103,2020-09-29 09:30:41.400,4519.0000,15347,0,98934000.000,0,-,-,-,-,4519.0000,4518.8000,4518.4000,4517.8000,4516.0000,4521.0000,4521.6000,4521.8000,4522.0000,4522.2000,3,1,5,2,1,1,2,1,2,1
SF,IF2103,2020-09-29 09:30:41.900,4519.0000,15347,0,98934000.000,0,-,-,-,-,4519.2000,4519.0000,4518.8000,4518.4000,4517.8000,4520.8000,4521.0000,4521.6000,4521.8000,4522.0000,1,2,1,5,2,1,1,1,2,2
SF,IF2103,2020-09-29 09:30:42.400,4519.0000,15347,0,98934000.000,0,-,-,-,-,4519.2000,4519.0000,4518.8000,4518.4000,4517.8000,4520.6000,4520.8000,4521.0000,4521.8000,4522.0000,1,1,1,5,2,1,1,1,2,2
SF,IF2103,2020-09-29 09:30:43.400,4519.0000,15347,0,98934000.000,0,-,-,-,-,4519.2000,4519.0000,4518.8000,4518.4000,4517.8000,4520.6000,4520.8000,4521.0000,4521.8000,4522.0000,1,1,1,5,2,1,1,1,1,2
SF,IF2103,2020-09-29 09:30:43.900,4519.0000,15346,-1,101645400.000,2,0,2,多平,S,4518.8000,4518.4000,4517.8000,4516.0000,4515.8000,4519.0000,4520.6000,4520.8000,4521.0000,4521.8000,1,5,2,1,1,1,1,1,1,2
SF,IF2103,2020-09-29 09:30:44.400,4519.0000,15345,-1,103001100.000,1,0,1,双平,S,4518.8000,4518.4000,4517.8000,4516.0000,4515.8000,4520.6000,4520.8000,4521.0000,4521.8000,4522.0000,1,5,2,1,1,1,1,1,2,2
SF,IF2103,2020-09-29 09:30:44.900,4520.6000,15344,-1,104357280.000,1,0,1,双平,S,4518.8000,4518.4000,4517.8000,4516.0000,4515.8000,4520.6000,4520.8000,4521.0000,4521.8000,4522.0000,1,5,2,1,1,1,1,1,3,2
SF,IF2103,2020-09-29 09:30:45.400,4518.8000,15343,-1,105712920.000,1,0,1,双平,S,4518.4000,4517.8000,4516.0000,4515.8000,4515.2000,4520.4000,4520.6000,4520.8000,4521.0000,4521.8000,5,2,1,1,1,1,1,1,1,3
SF,IF2103,2020-09-29 09:30:45.900,4518.8000,15343,0,105712920.000,0,-,-,-,-,4518.4000,4517.8000,4516.0000,4515.8000,4513.6000,4520.2000,4520.4000,4521.0000,4521.8000,4522.0000,5,2,1,1,1,1,2,1,3,2
SF,IF2103,2020-09-29 09:30:46.400,4518.8000,15343,0,105712920.000,0,-,-,-,-,4518.4000,4517.8000,4516.0000,4515.8000,4513.6000,4520.2000,4520.4000,4521.0000,4521.8000,4522.0000,5,2,1,1,1,1,2,1,3,2
SF,IF2103,2020-09-29 09:30:46.900,4518.8000,15343,0,105712920.000,0,-,-,-,-,4518.6000,4518.4000,4517.8000,4516.0000,4515.8000,4520.2000,4520.4000,4521.0000,4521.8000,4522.0000,1,5,2,1,1,2,1,1,3,2
SF,IF2103,2020-09-29 09:30:47.900,4518.8000,15343,0,105712920.000,0,-,-,-,-,4518.6000,4518.4000,4517.8000,4516.0000,4515.8000,4520.2000,4520.4000,4521.0000,4521.8000,4522.0000,1,5,2,1,1,1,1,1,3,2
SF,IF2103,2020-09-29 09:30:50.400,4518.8000,15343,0,105712920.000,0,-,-,-,-,4518.6000,4518.4000,4517.8000,4516.0000,4515.8000,4519.2000,4520.2000,4520.4000,4521.0000,4521.8000,1,5,2,1,1,1,1,1,1,3
SF,IF2103,2020-09-29 09:30:50.900,4518.6000,15342,-1,108424260.000,2,0,2,多平,S,4518.4000,4517.8000,4516.0000,4515.8000,4513.6000,4520.2000,4520.4000,4521.0000,4521.8000,4522.0000,5,2,1,1,1,1,1,1,3,1
SF,IF2103,2020-09-29 09:30:51.400,4518.6000,15342,0,108424260.000,0,-,-,-,-,4518.4000,4517.8000,4516.0000,4515.8000,4513.6000,4520.0000,4520.2000,4521.0000,4521.8000,4522.0000,5,2,1,1,1,1,2,1,3,1
SF,IF2103,2020-09-29 09:30:52.400,4518.4000,15342,0,112490820.000,3,1,2,多换,S,4518.4000,4517.8000,4516.0000,4515.8000,4513.6000,4520.0000,4520.2000,4521.0000,4521.8000,4522.0000,2,2,1,1,1,1,2,1,3,1
SF,IF2103,2020-09-29 09:30:52.900,4518.4000,15344,2,115201860.000,2,2,0,双开,S,4517.8000,4516.0000,4515.8000,4513.6000,4511.6000,4518.4000,4520.0000,4520.2000,4521.0000,4521.8000,2,1,1,1,2,3,2,1,1,3
SF,IF2103,2020-09-29 09:30:53.400,4517.8000,15344,0,117912540.000,2,1,1,多换,S,4516.0000,4515.8000,4513.6000,4511.6000,4511.4000,4518.4000,4520.0000,4520.2000,4521.0000,4521.8000,1,1,1,2,1,3,2,1,1,3
SF,IF2103,2020-09-29 09:30:53.900,4517.8000,15344,0,117912540.000,0,-,-,-,-,4516.4000,4516.2000,4515.8000,4513.6000,4511.6000,4518.2000,4518.4000,4521.0000,4521.8000,4522.0000,1,1,1,1,2,3,3,1,3,1
SF,IF2103,2020-09-29 09:30:54.400,4517.8000,15344,0,117912540.000,0,-,-,-,-,4516.2000,4515.8000,4513.6000,4511.6000,4511.4000,4518.2000,4518.4000,4520.0000,4521.0000,4521.8000,1,1,1,2,1,3,3,1,1,3
SF,IF2103,2020-09-29 09:30:54.900,4517.8000,15344,0,117912540.000,0,-,-,-,-,4516.2000,4515.8000,4513.6000,4511.6000,4511.4000,4518.2000,4518.4000,4520.0000,4521.0000,4521.8000,1,1,1,2,1,2,3,1,1,3
SF,IF2103,2020-09-29 09:30:55.400,4517.8000,15344,0,117912540.000,0,-,-,-,-,4516.4000,4516.2000,4515.8000,4513.6000,4511.6000,4518.2000,4518.4000,4520.0000,4521.0000,4521.8000,1,2,1,1,2,2,3,1,1,3
SF,IF2103,2020-09-29 09:30:56.400,4517.8000,15344,0,117912540.000,0,-,-,-,-,4516.2000,4515.8000,4513.6000,4511.6000,4511.4000,4516.4000,4518.2000,4518.4000,4520.0000,4521.0000,2,1,1,2,1,1,2,3,1,1
SF,IF2103,2020-09-29 09:30:56.900,4516.4000,15343,-1,119267460.000,1,0,1,双平,S,4516.4000,4516.2000,4515.8000,4513.6000,4511.6000,4518.2000,4518.4000,4520.0000,4521.0000,4521.8000,1,1,1,1,2,1,3,1,1,3
SF,IF2103,2020-09-29 09:30:57.400,4516.4000,15343,0,119267460.000,0,-,-,-,-,4515.8000,4513.6000,4511.6000,4511.4000,4510.0000,4518.0000,4518.2000,4518.4000,4520.0000,4521.0000,1,1,2,1,1,1,1,3,2,1
SF,IF2103,2020-09-29 09:30:57.900,4516.4000,15343,0,119267460.000,0,-,-,-,-,4515.8000,4511.6000,4511.4000,4510.0000,4506.2000,4517.8000,4518.0000,4518.4000,4520.0000,4521.0000,1,2,1,1,1,1,2,3,2,1
SF,IF2103,2020-09-29 09:30:58.400,4516.4000,15343,0,119267460.000,0,-,-,-,-,4511.6000,4511.4000,4510.0000,4506.2000,4505.8000,4517.6000,4517.8000,4518.4000,4520.0000,4521.0000,2,1,1,1,1,1,2,3,2,1
SF,IF2103,2020-09-29 09:30:58.900,4517.4000,15343,0,120622680.000,1,0,1,多换,S,4513.6000,4512.6000,4512.2000,4512.0000,4511.8000,4517.6000,4517.8000,4518.4000,4520.0000,4521.0000,3,1,2,1,3,1,1,3,2,1
SF,IF2103,2020-09-29 09:30:59.400,4517.4000,15343,0,120622680.000,0,-,-,-,-,4516.4000,4514.6000,4514.4000,4514.2000,4513.8000,4517.4000,4517.6000,4517.8000,4518.4000,4520.0000,1,4,4,2,3,1,1,1,3,2
SF,IF2103,2020-09-29 09:30:59.900,4516.4000,15342,-1,123332880.000,2,0,2,多平,S,4514.6000,4514.4000,4514.2000,4513.8000,4513.6000,4517.8000,4518.4000,4520.0000,4521.0000,4521.8000,4,3,2,3,3,1,3,2,1,3
SF,IF2103,2020-09-29 09:31:00.400,4516.4000,15342,0,123332880.000,0,-,-,-,-,4515.4000,4515.2000,4514.8000,4514.4000,4514.2000,4517.6000,4517.8000,4518.4000,4520.0000,4521.0000,2,1,2,3,2,2,1,3,2,1
SF,IF2103,2020-09-29 09:31:00.900,4517.4000,15341,-1,124688100.000,1,0,1,双平,S,4515.6000,4515.4000,4515.2000,4514.4000,4514.2000,4517.6000,4517.8000,4518.4000,4519.0000,4520.0000,5,1,1,3,2,2,1,3,10,2
SF,IF2103,2020-09-29 09:31:01.400,4517.4000,15341,0,124688100.000,0,-,-,-,-,4515.8000,4515.6000,4515.4000,4515.2000,4514.4000,4517.6000,4517.8000,4518.4000,4519.0000,4520.0000,3,5,1,1,3,2,1,3,10,2
SF,IF2103,2020-09-29 09:31:01.900,4517.6000,15340,-1,126043380.000,1,0,1,双平,S,4516.0000,4515.8000,4515.6000,4515.2000,4514.4000,4517.8000,4518.4000,4519.0000,4520.0000,4521.0000,3,2,4,1,3,1,3,10,2,1
SF,IF2103,2020-09-29 09:31:02.400,4517.6000,15340,0,126043380.000,0,-,-,-,-,4516.2000,4516.0000,4515.2000,4514.2000,4513.8000,4517.8000,4518.4000,4519.0000,4520.0000,4521.0000,1,2,1,2,1,1,3,10,2,1
SF,IF2103,2020-09-29 09:31:02.900,4517.6000,15340,0,126043380.000,0,-,-,-,-,4516.4000,4516.2000,4516.0000,4515.2000,4514.2000,4517.8000,4518.4000,4519.0000,4519.4000,4520.0000,1,1,1,1,2,1,3,10,10,2
SF,IF2103,2020-09-29 09:31:03.900,4517.6000,15340,0,126043380.000,0,-,-,-,-,4516.8000,4516.4000,4516.0000,4514.2000,4513.8000,4517.8000,4518.4000,4519.0000,4519.4000,4520.0000,1,1,1,2,1,1,3,10,10,2
SF,IF2103,2020-09-29 09:31:04.400,4516.4000,15339,-1,128753340.000,2,0,2,多平,S,4516.0000,4514.2000,4513.8000,4512.0000,4511.4000,4517.8000,4518.4000,4519.0000,4519.4000,4520.0000,1,2,1,1,1,1,3,10,10,2
SF,IF2103,2020-09-29 09:31:04.900,4516.4000,15339,0,128753340.000,0,-,-,-,-,4516.0000,4514.2000,4513.8000,4512.0000,4511.4000,4517.6000,4517.8000,4518.4000,4519.0000,4519.4000,1,1,1,1,1,1,2,3,10,10
SF,IF2103,2020-09-29 09:31:05.400,4516.4000,15339,0,128753340.000,0,-,-,-,-,4516.0000,4514.2000,4513.8000,4512.0000,4511.4000,4517.6000,4517.8000,4518.4000,4519.0000,4519.4000,1,1,1,1,1,1,2,3,10,10
SF,IF2103,2020-09-29 09:31:06.900,4517.6000,15338,-1,130108620.000,1,0,1,双平,S,4516.0000,4514.2000,4513.8000,4512.0000,4511.4000,4517.8000,4518.4000,4519.0000,4519.4000,4519.8000,1,1,1,1,1,1,3,10,10,5
SF,IF2103,2020-09-29 09:31:07.400,4517.6000,15338,0,130108620.000,0,-,-,-,-,4516.2000,4516.0000,4514.2000,4513.8000,4512.0000,4517.8000,4518.4000,4519.0000,4519.4000,4519.8000,2,1,1,1,1,1,3,10,10,5
SF,IF2103,2020-09-29 09:31:07.900,4517.8000,15337,-1,131463960.000,1,0,1,双平,S,4516.2000,4516.0000,4514.2000,4513.8000,4512.0000,4518.4000,4519.0000,4519.4000,4519.8000,4520.0000,2,2,1,1,1,3,10,10,5,3
SF,IF2103,2020-09-29 09:31:08.400,4517.8000,15337,0,131463960.000,0,-,-,-,-,4516.6000,4516.4000,4516.2000,4516.0000,4514.2000,4518.4000,4519.0000,4519.4000,4519.8000,4520.0000,1,3,2,1,1,3,10,10,5,3
SF,IF2103,2020-09-29 09:31:08.900,4518.4000,15337,0,135530520.000,3,1,2,多换,S,4516.8000,4516.6000,4516.4000,4516.2000,4516.0000,4517.2000,4519.0000,4519.4000,4519.8000,4520.0000,3,2,2,1,1,1,10,10,5,3
SF,IF2103,2020-09-29 09:31:09.400,4517.2000,15336,-1,136885680.000,1,0,1,双平,S,4517.2000,4516.8000,4516.6000,4516.4000,4516.2000,4519.0000,4519.4000,4519.8000,4520.0000,4520.6000,1,2,2,1,1,10,10,5,3,1
SF,IF2103,2020-09-29 09:31:09.900,4517.2000,15336,0,136885680.000,0,-,-,-,-,4517.4000,4517.2000,4516.8000,4516.6000,4516.4000,4519.0000,4519.4000,4519.8000,4520.0000,4520.6000,1,1,2,1,1,10,10,5,3,1
SF,IF2103,2020-09-29 09:31:10.400,4517.2000,15336,0,136885680.000,0,-,-,-,-,4517.4000,4517.2000,4516.8000,4516.6000,4516.2000,4519.0000,4519.4000,4519.8000,4520.0000,4520.6000,1,1,2,1,1,10,10,5,3,1
SF,IF2103,2020-09-29 09:31:10.900,4517.2000,15336,0,136885680.000,0,-,-,-,-,4517.4000,4517.2000,4516.8000,4516.2000,4516.0000,4519.0000,4519.4000,4519.8000,4520.0000,4520.6000,1,1,2,1,1,10,10,5,3,1
SF,IF2103,2020-09-29 09:31:11.900,4517.2000,15336,0,136885680.000,0,-,-,-,-,4517.4000,4517.2000,4516.8000,4516.2000,4516.0000,4519.0000,4519.4000,4519.8000,4520.0000,4520.6000,2,1,2,1,1,10,10,5,3,1
SF,IF2103,2020-09-29 09:31:12.400,4519.0000,15336,0,146375580.000,7,3,4,多换,S,4517.8000,4517.4000,4517.2000,4516.2000,4516.0000,4519.0000,4519.4000,4519.8000,4520.0000,4520.6000,2,2,1,1,1,3,10,5,3,1
SF,IF2103,2020-09-29 09:31:12.900,4519.0000,15336,0,150442680.000,3,1,2,多换,S,4517.8000,4517.6000,4517.4000,4516.2000,4516.0000,4519.4000,4519.8000,4520.0000,4520.6000,4521.0000,2,1,1,1,1,10,5,3,1,1
SF,IF2103,2020-09-29 09:31:13.400,4519.4000,15336,0,153154320.000,2,1,1,多换,S,4518.0000,4517.8000,4517.6000,4516.2000,4516.0000,4519.4000,4519.8000,4520.0000,4520.6000,4521.0000,2,2,1,1,1,8,5,3,1,1
SF,IF2103,2020-09-29 09:31:13.900,4519.4000,15336,0,153154320.000,0,-,-,-,-,4518.2000,4518.0000,4517.6000,4516.2000,4513.8000,4519.4000,4519.8000,4520.0000,4520.6000,4521.0000,3,2,1,1,1,8,5,3,1,1
SF,IF2103,2020-09-29 09:31:14.400,4518.2000,15335,-1,154509780.000,1,0,1,双平,S,4518.2000,4518.0000,4517.6000,4516.2000,4513.8000,4519.4000,4519.8000,4520.0000,4520.6000,4521.0000,2,2,1,1,1,8,5,3,1,1
SF,IF2103,2020-09-29 09:31:14.900,4518.2000,15335,0,154509780.000,0,-,-,-,-,4518.0000,4517.6000,4516.2000,4513.8000,4511.4000,4519.2000,4519.4000,4519.8000,4520.0000,4520.6000,2,1,1,1,1,1,8,5,3,1
SF,IF2103,2020-09-29 09:31:15.400,4519.2000,15335,0,155865540.000,1,0,1,多换,S,4518.0000,4513.8000,4511.4000,4510.0000,4503.0000,4519.4000,4519.8000,4520.0000,4520.6000,4521.0000,1,1,1,1,1,8,5,3,1,1
SF,IF2103,2020-09-29 09:31:15.900,4519.2000,15335,0,155865540.000,0,-,-,-,-,4518.0000,4513.8000,4511.4000,4510.0000,4503.0000,4519.2000,4519.4000,4519.8000,4520.0000,4520.6000,1,1,1,1,1,1,8,5,3,1
SF,IF2103,2020-09-29 09:31:16.400,4518.0000,15334,-1,157220940.000,1,0,1,双平,S,4513.8000,4511.4000,4510.0000,4503.0000,4502.0000,4519.2000,4519.4000,4519.8000,4520.0000,4520.6000,1,1,1,1,5,1,8,5,3,1
SF,IF2103,2020-09-29 09:31:16.900,4518.0000,15334,0,157220940.000,0,-,-,-,-,4518.2000,4518.0000,4516.6000,4516.4000,4516.2000,4519.2000,4519.4000,4519.8000,4520.0000,4520.6000,1,1,1,1,2,1,8,5,3,1
SF,IF2103,2020-09-29 09:31:17.400,4518.2000,15333,-1,158576400.000,1,0,1,双平,S,4518.0000,4516.6000,4516.4000,4516.2000,4515.2000,4519.2000,4519.4000,4519.8000,4520.0000,4520.6000,1,1,2,2,1,1,8,5,3,1
SF,IF2103,2020-09-29 09:31:17.900,4518.0000,15333,0,159931800.000,1,0,1,多换,S,4518.2000,4516.6000,4516.4000,4516.2000,4515.2000,4519.4000,4519.8000,4520.0000,4520.6000,4521.0000,1,1,2,2,1,8,5,3,1,1
SF,IF2103,2020-09-29 09:31:18.400,4518.2000,15332,-1,161287260.000,1,0,1,双平,S,4516.6000,4516.4000,4516.2000,4515.2000,4515.0000,4519.4000,4519.8000,4520.0000,4520.6000,4521.0000,1,2,2,1,1,8,5,3,1,1
SF,IF2103,2020-09-29 09:31:18.900,4518.2000,15332,0,161287260.000,0,-,-,-,-,4517.2000,4516.8000,4516.6000,4516.4000,4516.2000,4519.2000,4519.4000,4519.8000,4520.0000,4520.6000,1,4,1,2,1,1,8,5,3,1
SF,IF2103,2020-09-29 09:31:19.400,4517.4000,15331,-1,162642480.000,1,0,1,双平,S,4516.8000,4516.4000,4516.0000,4515.2000,4515.0000,4519.0000,4519.2000,4519.4000,4519.8000,4520.0000,1,1,1,1,1,1,2,8,5,3
SF,IF2103,2020-09-29 09:31:19.900,4516.8000,15330,-1,163997520.000,1,0,1,双平,S,4516.4000,4516.0000,4515.2000,4514.4000,4514.2000,4518.8000,4519.0000,4519.4000,4519.8000,4520.0000,1,1,1,1,1,2,2,8,5,3
SF,IF2103,2020-09-29 09:31:20.400,4516.8000,15330,0,163997520.000,0,-,-,-,-,4516.0000,4515.2000,4514.4000,4514.2000,4513.8000,4518.6000,4518.8000,4519.0000,4519.4000,4519.8000,1,1,1,1,1,1,2,1,8,5
SF,IF2103,2020-09-29 09:31:20.900,4516.8000,15330,0,163997520.000,0,-,-,-,-,4516.0000,4514.4000,4514.2000,4513.8000,4511.4000,4518.4000,4518.6000,4519.0000,4519.4000,4519.8000,1,1,1,1,1,2,1,1,8,5
SF,IF2103,2020-09-29 09:31:21.400,4516.8000,15330,0,163997520.000,0,-,-,-,-,4516.2000,4516.0000,4514.4000,4514.2000,4513.8000,4518.2000,4518.4000,4519.0000,4519.4000,4519.8000,1,1,1,1,1,1,3,1,8,5
SF,IF2103,2020-09-29 09:31:21.900,4516.8000,15330,0,163997520.000,0,-,-,-,-,4516.2000,4516.0000,4514.4000,4514.2000,4513.8000,4518.0000,4518.2000,4519.0000,4519.4000,4519.8000,1,1,1,1,1,2,2,1,8,5
SF,IF2103,2020-09-29 09:31:22.400,4516.8000,15330,0,163997520.000,0,-,-,-,-,4516.2000,4516.0000,4514.4000,4514.2000,4513.8000,4517.8000,4518.0000,4518.2000,4519.0000,4519.4000,1,1,1,1,1,1,2,1,1,8
SF,IF2103,2020-09-29 09:31:22.900,4516.8000,15330,0,163997520.000,0,-,-,-,-,4516.2000,4516.0000,4514.8000,4514.4000,4514.2000,4517.6000,4517.8000,4518.0000,4518.2000,4519.0000,1,1,1,1,1,1,1,1,1,1
SF,IF2103,2020-09-29 09:31:23.400,4516.8000,15330,0,163997520.000,0,-,-,-,-,4516.2000,4516.0000,4514.8000,4514.4000,4514.2000,4517.6000,4518.0000,4519.0000,4519.4000,4519.8000,1,1,1,1,1,2,1,1,8,5
SF,IF2103,2020-09-29 09:31:25.400,4516.0000,15329,-1,166707180.000,2,0,2,多平,S,4514.8000,4514.4000,4514.2000,4513.8000,4511.4000,4517.6000,4518.0000,4519.0000,4519.4000,4519.8000,1,1,1,1,1,2,1,1,8,5
SF,IF2103,2020-09-29 09:31:25.900,4516.0000,15329,0,166707180.000,0,-,-,-,-,4515.0000,4514.8000,4513.8000,4511.4000,4503.0000,4517.4000,4517.6000,4519.0000,4519.4000,4519.8000,3,1,1,1,1,1,2,1,8,5
SF,IF2103,2020-09-29 09:31:26.400,4516.0000,15329,0,166707180.000,0,-,-,-,-,4514.8000,4513.8000,4511.4000,4503.0000,4502.0000,4517.2000,4517.4000,4519.0000,4519.4000,4519.8000,1,1,1,1,5,1,2,1,8,5
SF,IF2103,2020-09-29 09:31:26.900,4516.0000,15329,0,166707180.000,0,-,-,-,-,4514.8000,4513.8000,4511.4000,4503.0000,4502.0000,4517.0000,4517.2000,4519.0000,4519.4000,4519.8000,1,1,1,1,5,1,1,1,8,5
SF,IF2103,2020-09-29 09:31:27.400,4516.0000,15329,0,166707180.000,0,-,-,-,-,4513.8000,4511.4000,4503.0000,4502.0000,4501.2000,4516.8000,4517.0000,4519.0000,4519.4000,4519.8000,1,1,1,5,1,1,2,1,8,5
SF,IF2103,2020-09-29 09:31:27.900,4516.0000,15329,0,166707180.000,0,-,-,-,-,4514.2000,4514.0000,4513.8000,4511.4000,4503.0000,4516.8000,4519.0000,4519.4000,4519.8000,4520.0000,1,4,1,1,1,1,1,8,5,3
SF,IF2103,2020-09-29 09:31:28.400,4516.8000,15328,-1,168062220.000,1,0,1,双平,S,4514.4000,4514.2000,4514.0000,4513.8000,4511.4000,4516.8000,4519.0000,4519.4000,4519.8000,4520.0000,3,1,1,1,1,1,1,8,5,3
SF,IF2103,2020-09-29 09:31:28.900,4516.8000,15328,0,168062220.000,0,-,-,-,-,4514.6000,4514.4000,4513.8000,4511.4000,4503.0000,4516.8000,4519.0000,4519.4000,4519.8000,4520.0000,2,3,1,1,1,1,1,8,5,3
SF,IF2103,2020-09-29 09:31:29.400,4516.8000,15328,0,168062220.000,0,-,-,-,-,4514.8000,4514.6000,4514.4000,4513.8000,4511.4000,4516.6000,4516.8000,4519.0000,4519.4000,4519.8000,2,1,1,1,1,1,1,1,8,5
SF,IF2103,2020-09-29 09:31:29.900,4514.8000,15327,-1,169416660.000,1,0,1,双平,S,4514.8000,4514.4000,4511.4000,4503.0000,4502.0000,4516.6000,4519.0000,4519.4000,4519.8000,4520.0000,1,1,1,1,5,2,1,8,5,3
SF,IF2103,2020-09-29 09:31:30.400,4514.8000,15326,-1,170771100.000,1,0,1,双平,S,4511.4000,4503.0000,4502.0000,4501.2000,4501.0000,4516.4000,4516.6000,4519.0000,4519.4000,4519.8000,1,1,5,1,1,1,2,1,8,5
SF,IF2103,2020-09-29 09:31:30.900,4514.8000,15326,0,170771100.000,0,-,-,-,-,4512.2000,4512.0000,4511.8000,4511.6000,4511.4000,4516.2000,4516.4000,4519.0000,4519.4000,4519.8000,1,3,1,1,1,2,1,1,8,5
SF,IF2103,2020-09-29 09:31:31.400,4514.8000,15326,0,170771100.000,0,-,-,-,-,4512.8000,4512.4000,4512.2000,4512.0000,4511.8000,4516.2000,4519.0000,4519.4000,4519.8000,4520.0000,2,2,2,1,1,2,1,8,5,3
SF,IF2103,2020-09-29 09:31:31.900,4514.8000,15326,0,170771100.000,0,-,-,-,-,4513.0000,4512.8000,4512.4000,4512.2000,4512.0000,4516.2000,4517.0000,4519.0000,4519.4000,4519.8000,3,2,1,1,1,2,1,1,8,5
SF,IF2103,2020-09-29 09:31:32.400,4514.8000,15326,0,170771100.000,0,-,-,-,-,4513.6000,4513.2000,4513.0000,4512.4000,4512.2000,4516.2000,4517.0000,4519.0000,4519.4000,4519.8000,3,4,2,1,1,1,1,1,8,5
SF,IF2103,2020-09-29 09:31:32.900,4514.8000,15326,0,170771100.000,0,-,-,-,-,4513.8000,4513.6000,4513.2000,4513.0000,4512.2000,4516.2000,4517.0000,4519.0000,4519.4000,4519.8000,4,5,3,1,1,1,1,1,8,5
SF,IF2103,2020-09-29 09:31:33.400,4516.2000,15325,-1,172125960.000,1,0,1,双平,S,4514.2000,4514.0000,4513.8000,4513.6000,4513.2000,4517.0000,4519.0000,4519.4000,4519.8000,4520.0000,2,2,4,3,1,1,1,8,5,3
SF,IF2103,2020-09-29 09:31:33.900,4516.2000,15325,0,172125960.000,0,-,-,-,-,4514.4000,4514.2000,4513.8000,4513.6000,4513.2000,4516.8000,4517.0000,4519.0000,4519.4000,4519.8000,2,2,3,1,1,1,1,1,8,5
SF,IF2103,2020-09-29 09:31:34.400,4516.2000,15325,0,172125960.000,0,-,-,-,-,4514.6000,4514.4000,4514.2000,4513.8000,4513.6000,4516.8000,4517.0000,4519.0000,4519.4000,4519.8000,1,2,2,3,1,1,1,1,8,5
SF,IF2103,2020-09-29 09:31:34.900,4516.2000,15325,0,172125960.000,0,-,-,-,-,4514.8000,4514.6000,4514.2000,4513.8000,4513.2000,4516.8000,4517.0000,4519.0000,4519.4000,4519.8000,2,1,1,3,1,1,1,1,8,5
SF,IF2103,2020-09-29 09:31:35.400,4516.2000,15325,0,172125960.000,0,-,-,-,-,4514.8000,4513.8000,4513.2000,4513.0000,4512.2000,4516.6000,4516.8000,4517.0000,4519.0000,4519.4000,2,3,1,1,1,1,1,1,1,8
SF,IF2103,2020-09-29 09:31:36.400,4516.6000,15325,0,173480940.000,1,0,1,多换,S,4514.8000,4513.8000,4513.2000,4513.0000,4512.2000,4516.8000,4517.0000,4519.0000,4519.4000,4519.8000,2,3,1,1,1,1,1,1,8,5
SF,IF2103,2020-09-29 09:31:36.900,4516.6000,15325,0,173480940.000,0,-,-,-,-,4515.0000,4514.8000,4513.8000,4513.2000,4513.0000,4516.4000,4517.0000,4519.0000,4519.4000,4519.8000,2,2,3,1,1,1,1,1,8,5
SF,IF2103,2020-09-29 09:31:37.400,4516.6000,15324,-1,174835920.000,1,0,1,双平,S,4515.2000,4515.0000,4514.8000,4513.8000,4513.2000,4517.0000,4519.0000,4519.4000,4519.8000,4520.0000,1,1,1,2,1,1,1,8,5,3
SF,IF2103,2020-09-29 09:31:37.900,4516.6000,15324,0,174835920.000,0,-,-,-,-,4515.2000,4515.0000,4514.8000,4513.8000,4513.2000,4516.8000,4517.0000,4519.0000,4519.4000,4519.8000,1,1,1,2,1,4,1,1,8,5
SF,IF2103,2020-09-29 09:31:39.400,4516.6000,15324,0,174835920.000,0,-,-,-,-,4515.2000,4514.8000,4513.8000,4513.2000,4513.0000,4516.8000,4517.0000,4519.0000,4519.4000,4519.8000,1,1,2,1,1,4,1,1,8,5
SF,IF2103,2020-09-29 09:31:39.900,4515.4000,15323,-1,176190540.000,1,0,1,双平,S,4514.8000,4513.8000,4513.2000,4513.0000,4512.2000,4516.6000,4516.8000,4517.0000,4519.0000,4519.4000,1,1,1,1,1,3,4,1,1,8
SF,IF2103,2020-09-29 09:31:40.400,4514.8000,15323,0,177544980.000,1,0,1,多换,S,4513.8000,4513.2000,4513.0000,4512.2000,4512.0000,4516.6000,4516.8000,4517.0000,4519.0000,4519.4000,1,1,1,1,1,3,4,1,1,8
SF,IF2103,2020-09-29 09:31:40.900,4514.8000,15323,0,177544980.000,0,-,-,-,-,4514.0000,4513.8000,4513.2000,4513.0000,4512.2000,4516.4000,4516.6000,4516.8000,4517.0000,4519.0000,1,2,1,1,1,1,3,4,1,1
SF,IF2103,2020-09-29 09:31:41.400,4514.8000,15323,0,177544980.000,0,-,-,-,-,4514.0000,4513.8000,4513.2000,4513.0000,4512.2000,4516.2000,4516.4000,4516.6000,4516.8000,4517.0000,2,1,1,1,1,2,2,2,4,1
SF,IF2103,2020-09-29 09:31:41.900,4514.8000,15323,0,177544980.000,0,-,-,-,-,4514.0000,4513.8000,4513.2000,4513.0000,4512.2000,4516.0000,4516.2000,4516.4000,4516.6000,4516.8000,2,1,1,1,1,1,2,1,2,4
SF,IF2103,2020-09-29 09:31:42.400,4514.8000,15323,0,177544980.000,0,-,-,-,-,4514.0000,4513.8000,4513.2000,4513.0000,4512.2000,4515.8000,4516.0000,4516.2000,4516.6000,4516.8000,1,1,1,1,1,1,2,1,2,4
SF,IF2103,2020-09-29 09:31:42.900,4514.8000,15323,0,177544980.000,0,-,-,-,-,4514.0000,4513.8000,4513.2000,4513.0000,4512.2000,4515.8000,4516.0000,4516.2000,4516.6000,4516.8000,1,1,1,1,1,2,2,1,2,4
SF,IF2103,2020-09-29 09:31:43.400,4514.8000,15323,0,177544980.000,0,-,-,-,-,4514.0000,4513.8000,4513.2000,4513.0000,4512.2000,4515.8000,4516.0000,4516.2000,4516.8000,4517.0000,1,1,1,1,1,2,2,1,4,1
SF,IF2103,2020-09-29 09:31:43.900,4513.8000,15322,-1,178899120.000,1,0,1,双平,S,4513.2000,4512.2000,4512.0000,4511.8000,4503.0000,4515.6000,4515.8000,4516.0000,4516.2000,4516.8000,1,1,1,1,1,1,2,2,1,4
SF,IF2103,2020-09-29 09:31:44.400,4513.8000,15322,0,178899120.000,0,-,-,-,-,4513.4000,4513.2000,4512.2000,4512.0000,4511.8000,4515.4000,4515.6000,4516.0000,4516.2000,4516.8000,2,1,1,1,1,2,2,1,1,4
SF,IF2103,2020-09-29 09:31:44.900,4513.8000,15322,0,178899120.000,0,-,-,-,-,4513.4000,4513.2000,4512.2000,4512.0000,4511.8000,4515.2000,4515.4000,4515.6000,4516.0000,4516.2000,2,1,1,1,1,1,2,1,1,1
SF,IF2103,2020-09-29 09:31:45.400,4513.8000,15322,0,178899120.000,0,-,-,-,-,4513.4000,4513.2000,4512.2000,4512.0000,4511.8000,4515.4000,4515.6000,4516.0000,4516.2000,4516.8000,1,1,1,1,1,2,1,1,1,4
SF,IF2103,2020-09-29 09:31:45.900,4513.8000,15322,0,178899120.000,0,-,-,-,-,4513.4000,4513.2000,4512.2000,4512.0000,4511.8000,4515.2000,4515.4000,4515.6000,4516.2000,4516.8000,1,1,1,1,1,1,2,1,1,4
SF,IF2103,2020-09-29 09:31:46.400,4513.8000,15322,0,178899120.000,0,-,-,-,-,4513.4000,4512.2000,4512.0000,4511.8000,4503.0000,4515.0000,4515.2000,4515.4000,4515.6000,4516.2000,1,1,1,1,1,1,1,1,1,1
SF,IF2103,2020-09-29 09:31:46.900,4513.8000,15322,0,178899120.000,0,-,-,-,-,4513.4000,4512.2000,4512.0000,4511.8000,4503.0000,4515.0000,4515.4000,4515.6000,4516.2000,4516.8000,1,1,1,1,1,1,1,1,1,4
SF,IF2103,2020-09-29 09:31:48.400,4513.4000,15321,-1,180253140.000,1,0,1,双平,S,4511.8000,4503.0000,4502.0000,4501.2000,4501.0000,4513.4000,4515.0000,4515.4000,4515.6000,4516.2000,1,1,5,1,1,5,1,1,1,1
SF,IF2103,2020-09-29 09:31:48.900,4513.4000,15320,-1,181607160.000,1,0,1,双平,S,4512.0000,4511.8000,4503.0000,4502.0000,4501.2000,4513.4000,4515.0000,4515.4000,4516.2000,4516.8000,2,1,1,5,1,4,1,1,1,4
SF,IF2103,2020-09-29 09:31:49.400,4513.4000,15320,0,181607160.000,0,-,-,-,-,4512.0000,4503.0000,4502.0000,4501.2000,4501.0000,4513.2000,4513.4000,4515.0000,4515.4000,4516.8000,2,1,5,1,1,1,4,1,1,4
SF,IF2103,2020-09-29 09:31:49.900,4512.0000,15319,-1,184314360.000,2,0,2,多平,S,4503.0000,4502.0000,4501.2000,4501.0000,4500.0000,4513.2000,4513.4000,4515.0000,4515.4000,4516.8000,1,5,1,1,1,1,4,1,1,4
SF,IF2103,2020-09-29 09:31:50.400,4512.0000,15319,0,184314360.000,0,-,-,-,-,4510.8000,4510.0000,4508.8000,4508.4000,4506.6000,4513.0000,4513.2000,4513.4000,4515.0000,4516.8000,2,1,1,3,1,2,1,4,1,4
SF,IF2103,2020-09-29 09:31:50.900,4512.0000,15319,0,184314360.000,0,-,-,-,-,4511.4000,4510.8000,4510.0000,4508.8000,4508.4000,4512.8000,4513.0000,4513.4000,4515.0000,4517.0000,1,1,1,1,3,1,2,4,1,1
SF,IF2103,2020-09-29 09:31:51.400,4512.0000,15319,0,184314360.000,0,-,-,-,-,4511.4000,4510.0000,4508.8000,4508.4000,4506.6000,4512.8000,4513.0000,4513.4000,4515.0000,4517.0000,1,1,1,3,1,5,2,4,1,1
SF,IF2103,2020-09-29 09:31:51.900,4511.4000,15319,0,185667780.000,1,0,1,多换,S,4510.0000,4508.8000,4508.4000,4506.6000,4503.6000,4512.0000,4512.8000,4513.0000,4513.4000,4515.0000,1,1,3,1,2,1,5,1,4,1
SF,IF2103,2020-09-29 09:31:52.400,4511.4000,15319,0,185667780.000,0,-,-,-,-,4510.8000,4510.6000,4510.4000,4510.2000,4510.0000,4511.8000,4512.0000,4512.8000,4513.4000,4515.0000,1,1,1,1,2,1,1,5,4,1
SF,IF2103,2020-09-29 09:31:52.900,4512.0000,15318,-1,188374920.000,2,0,2,多平,S,4511.0000,4510.8000,4510.6000,4510.4000,4510.2000,4512.8000,4513.4000,4515.0000,4517.0000,4517.8000,1,3,1,1,1,5,4,1,1,1
SF,IF2103,2020-09-29 09:31:53.400,4512.0000,15318,0,188374920.000,0,-,-,-,-,4511.2000,4511.0000,4510.8000,4510.2000,4510.0000,4512.8000,4513.4000,4515.0000,4517.0000,4517.8000,2,3,2,1,1,5,4,1,1,1
SF,IF2103,2020-09-29 09:31:53.900,4512.0000,15318,0,188374920.000,0,-,-,-,-,4511.2000,4511.0000,4510.8000,4510.2000,4510.0000,4512.8000,4513.4000,4515.0000,4517.0000,4517.8000,2,2,2,1,1,5,4,1,1,1
SF,IF2103,2020-09-29 09:31:55.900,4512.0000,15318,0,188374920.000,0,-,-,-,-,4511.4000,4511.2000,4511.0000,4510.8000,4510.2000,4512.6000,4512.8000,4513.4000,4515.0000,4517.0000,1,1,1,2,1,4,1,4,1,1
SF,IF2103,2020-09-29 09:31:56.900,4512.8000,15317,-1,195143880.000,5,2,3,多平,S,4511.6000,4511.4000,4511.0000,4510.8000,4510.2000,4513.4000,4515.0000,4517.0000,4517.8000,4519.0000,3,1,1,2,1,4,1,1,1,1
SF,IF2103,2020-09-29 09:31:57.400,4512.8000,15317,0,195143880.000,0,-,-,-,-,4511.8000,4511.6000,4511.0000,4510.8000,4510.0000,4513.4000,4515.0000,4517.0000,4517.8000,4519.0000,2,3,1,2,1,4,1,1,1,1
SF,IF2103,2020-09-29 09:31:57.900,4512.8000,15317,0,195143880.000,0,-,-,-,-,4512.2000,4512.0000,4511.8000,4511.6000,4511.0000,4513.4000,4515.0000,4517.0000,4517.8000,4519.0000,2,2,2,1,1,4,1,1,1,1
SF,IF2103,2020-09-29 09:31:58.400,4512.8000,15317,0,195143880.000,0,-,-,-,-,4512.2000,4512.0000,4511.8000,4511.6000,4511.0000,4513.4000,4515.0000,4517.0000,4517.8000,4519.0000,1,1,2,1,1,4,1,1,1,1
SF,IF2103,2020-09-29 09:31:58.900,4512.8000,15317,0,195143880.000,0,-,-,-,-,4512.2000,4512.0000,4511.8000,4511.6000,4511.0000,4513.4000,4515.0000,4517.0000,4517.8000,4519.0000,2,1,2,1,1,4,1,1,1,1
SF,IF2103,2020-09-29 09:31:59.400,4512.8000,15317,0,195143880.000,0,-,-,-,-,4512.2000,4512.0000,4511.8000,4511.0000,4510.8000,4513.4000,4515.0000,4517.0000,4517.8000,4519.0000,1,1,1,1,2,4,1,1,1,1
SF,IF2103,2020-09-29 09:31:59.900,4512.8000,15317,0,195143880.000,0,-,-,-,-,4512.4000,4512.2000,4512.0000,4511.0000,4510.8000,4513.4000,4515.0000,4517.0000,4517.8000,4519.0000,1,1,1,1,2,4,1,1,1,1
SF,IF2103,2020-09-29 09:32:00.900,4513.4000,15316,-1,196497900.000,1,0,1,双平,S,4512.4000,4512.2000,4512.0000,4511.0000,4510.8000,4513.4000,4515.0000,4517.0000,4517.8000,4519.0000,1,1,1,1,2,3,1,1,1,1
SF,IF2103,2020-09-29 09:32:01.400,4513.4000,15313,-3,200559960.000,3,0,3,双平,S,4512.6000,4512.4000,4511.0000,4510.8000,4508.4000,4515.0000,4517.0000,4517.8000,4519.0000,4519.4000,2,1,1,2,1,1,1,1,1,8
SF,IF2103,2020-09-29 09:32:01.900,4513.4000,15313,0,200559960.000,0,-,-,-,-,4512.8000,4512.6000,4511.0000,4510.8000,4508.4000,4514.8000,4515.0000,4517.0000,4517.8000,4519.0000,3,2,1,2,1,1,1,1,1,1
SF,IF2103,2020-09-29 09:32:02.400,4513.4000,15313,0,200559960.000,0,-,-,-,-,4512.8000,4512.6000,4511.0000,4510.8000,4508.4000,4514.8000,4515.0000,4517.0000,4517.8000,4519.0000,2,2,1,2,1,1,1,1,1,1
SF,IF2103,2020-09-29 09:32:02.900,4513.4000,15313,0,200559960.000,0,-,-,-,-,4512.8000,4512.6000,4511.0000,4510.8000,4508.4000,4514.6000,4514.8000,4515.0000,4517.0000,4517.8000,2,2,1,2,1,1,2,1,1,1
SF,IF2103,2020-09-29 09:32:03.400,4512.8000,15312,-1,203267640.000,2,0,2,多平,S,4511.0000,4510.8000,4508.4000,4503.4000,4503.0000,4514.4000,4514.6000,4515.0000,4517.0000,4517.8000,1,2,1,1,1,1,2,1,1,1
SF,IF2103,2020-09-29 09:32:03.900,4512.8000,15312,0,203267640.000,0,-,-,-,-,4511.6000,4511.4000,4511.2000,4511.0000,4510.8000,4514.2000,4514.4000,4514.6000,4515.0000,4517.0000,2,1,1,2,2,2,1,1,1,1
SF,IF2103,2020-09-29 09:32:04.400,4512.8000,15312,0,203267640.000,0,-,-,-,-,4512.2000,4512.0000,4511.8000,4511.6000,4511.4000,4514.0000,4514.2000,4515.0000,4517.0000,4517.8000,1,1,2,2,1,1,2,1,1,1
SF,IF2103,2020-09-29 09:32:04.900,4512.8000,15312,0,203267640.000,0,-,-,-,-,4512.6000,4512.2000,4512.0000,4511.8000,4511.4000,4514.0000,4514.2000,4515.0000,4517.0000,4517.8000,2,1,1,2,1,1,1,1,1,1
SF,IF2103,2020-09-29 09:32:05.400,4514.0000,15311,-1,204621840.000,1,0,1,双平,S,4512.6000,4512.2000,4512.0000,4511.8000,4511.4000,4514.2000,4515.0000,4517.0000,4517.8000,4519.0000,2,1,1,1,1,1,1,1,1,1
SF,IF2103,2020-09-29 09:32:05.900,4514.0000,15311,0,204621840.000,0,-,-,-,-,4512.8000,4512.6000,4512.2000,4512.0000,4511.4000,4514.2000,4515.0000,4517.0000,4517.8000,4519.0000,2,2,1,1,1,1,1,1,1,1
SF,IF2103,2020-09-29 09:32:06.400,4514.0000,15311,0,204621840.000,0,-,-,-,-,4513.2000,4512.8000,4512.2000,4512.0000,4511.4000,4515.0000,4517.0000,4517.8000,4519.0000,4519.4000,2,2,1,1,1,1,1,1,1,8
SF,IF2103,2020-09-29 09:32:06.900,4514.0000,15311,0,204621840.000,0,-,-,-,-,4513.6000,4513.4000,4513.2000,4512.2000,4512.0000,4515.0000,4517.0000,4517.8000,4519.0000,4519.4000,1,1,2,1,1,1,1,1,1,8
SF,IF2103,2020-09-29 09:32:07.400,4514.0000,15311,0,204621840.000,0,-,-,-,-,4513.4000,4513.2000,4512.2000,4512.0000,4511.4000,4515.0000,4517.0000,4517.8000,4519.0000,4519.4000,1,2,1,1,1,1,1,1,1,8
SF,IF2103,2020-09-29 09:32:08.400,4514.0000,15311,0,204621840.000,0,-,-,-,-,4513.6000,4513.4000,4513.2000,4512.2000,4512.0000,4515.0000,4517.0000,4517.8000,4519.0000,4519.4000,1,1,2,1,3,1,1,1,1,8
SF,IF2103,2020-09-29 09:32:08.900,4514.0000,15311,0,204621840.000,0,-,-,-,-,4513.4000,4513.2000,4512.2000,4512.0000,4511.4000,4515.0000,4517.0000,4517.8000,4519.0000,4519.4000,1,1,1,3,1,1,1,1,1,8
SF,IF2103,2020-09-29 09:32:09.400,4514.0000,15311,0,204621840.000,0,-,-,-,-,4513.4000,4512.2000,4512.0000,4511.4000,4511.0000,4515.0000,4517.0000,4517.8000,4519.0000,4519.4000,1,1,3,1,2,1,1,1,1,8
SF,IF2103,2020-09-29 09:32:09.900,4514.0000,15311,0,204621840.000,0,-,-,-,-,4513.4000,4512.2000,4512.0000,4511.4000,4511.0000,4515.0000,4517.0000,4517.8000,4519.0000,4519.4000,1,1,3,1,2,1,1,1,1,8
SF,IF2103,2020-09-29 09:32:10.400,4514.0000,15311,0,204621840.000,0,-,-,-,-,4513.6000,4513.4000,4512.2000,4512.0000,4511.4000,4515.0000,4517.0000,4517.8000,4519.0000,4519.4000,2,1,1,3,1,1,1,1,1,8
SF,IF2103,2020-09-29 09:32:10.900,4514.0000,15311,0,204621840.000,0,-,-,-,-,4513.4000,4512.2000,4512.0000,4511.4000,4511.0000,4515.0000,4517.0000,4517.8000,4519.0000,4519.4000,1,1,3,1,2,1,1,1,1,8
SF,IF2103,2020-09-29 09:32:11.400,4514.0000,15311,0,204621840.000,0,-,-,-,-,4513.6000,4513.4000,4512.2000,4512.0000,4511.4000,4515.0000,4517.0000,4517.8000,4519.0000,4519.4000,1,1,1,3,1,1,1,1,1,8
SF,IF2103,2020-09-29 09:32:12.400,4514.0000,15311,0,204621840.000,0,-,-,-,-,4513.4000,4512.2000,4512.0000,4511.4000,4511.0000,4515.0000,4517.0000,4517.8000,4519.0000,4519.4000,1,1,3,1,2,1,1,1,1,8
SF,IF2103,2020-09-29 09:32:12.900,4514.8000,15309,-2,207330300.000,2,0,2,双平,S,4512.2000,4512.0000,4511.4000,4511.0000,4510.8000,4514.8000,4515.0000,4517.0000,4517.8000,4519.0000,1,3,1,2,1,1,1,1,1,1
SF,IF2103,2020-09-29 09:32:13.400,4514.8000,15309,0,207330300.000,0,-,-,-,-,4512.4000,4511.4000,4511.0000,4510.8000,4503.0000,4514.6000,4514.8000,4515.0000,4517.0000,4517.8000,1,1,2,1,1,2,2,1,1,1
SF,IF2103,2020-09-29 09:32:13.900,4514.8000,15309,0,207330300.000,0,-,-,-,-,4512.4000,4511.4000,4511.0000,4510.8000,4503.0000,4514.6000,4514.8000,4515.0000,4517.0000,4517.8000,1,1,2,1,1,3,1,1,1,1
SF,IF2103,2020-09-29 09:32:14.400,4514.8000,15309,0,207330300.000,0,-,-,-,-,4512.4000,4511.4000,4511.0000,4510.8000,4503.0000,4514.6000,4515.0000,4517.0000,4517.8000,4519.0000,2,1,2,1,1,3,1,1,1,1
SF,IF2103,2020-09-29 09:32:14.900,4514.8000,15309,0,207330300.000,0,-,-,-,-,4512.4000,4511.4000,4511.0000,4510.8000,4503.0000,4514.4000,4514.6000,4515.0000,4517.0000,4517.8000,1,1,2,1,1,1,2,1,1,1
SF,IF2103,2020-09-29 09:32:15.400,4514.8000,15309,0,207330300.000,0,-,-,-,-,4512.4000,4511.4000,4511.0000,4510.8000,4503.0000,4514.2000,4514.4000,4515.0000,4517.0000,4517.8000,2,1,2,1,1,2,1,1,1,1
SF,IF2103,2020-09-29 09:32:15.900,4514.8000,15309,0,207330300.000,0,-,-,-,-,4512.6000,4512.4000,4511.4000,4511.0000,4510.8000,4514.2000,4514.4000,4515.0000,4517.0000,4517.8000,1,1,1,2,1,2,1,1,1,1
SF,IF2103,2020-09-29 09:32:16.900,4514.8000,15309,0,207330300.000,0,-,-,-,-,4512.6000,4512.4000,4511.4000,4511.0000,4510.8000,4514.2000,4515.0000,4517.0000,4517.8000,4519.0000,1,1,1,2,1,2,1,1,1,1
SF,IF2103,2020-09-29 09:32:17.400,4514.8000,15309,0,207330300.000,0,-,-,-,-,4512.8000,4512.6000,4511.4000,4511.0000,4510.8000,4514.2000,4515.0000,4515.2000,4517.0000,4517.8000,1,1,1,2,1,2,1,1,1,1
SF,IF2103,2020-09-29 09:32:17.900,4512.8000,15308,-1,208684140.000,1,0,1,双平,S,4512.6000,4511.4000,4511.0000,4510.8000,4503.0000,4514.2000,4515.0000,4515.2000,4517.0000,4517.8000,1,1,2,1,1,1,1,1,1,1
SF,IF2103,2020-09-29 09:32:18.400,4512.8000,15308,0,208684140.000,0,-,-,-,-,4511.4000,4511.0000,4510.8000,4503.0000,4502.0000,4514.2000,4515.0000,4515.2000,4517.0000,4517.8000,1,2,1,1,5,1,1,1,1,1
SF,IF2103,2020-09-29 09:32:18.900,4512.8000,15308,0,208684140.000,0,-,-,-,-,4512.2000,4512.0000,4511.6000,4511.4000,4511.0000,4514.0000,4514.2000,4515.0000,4515.2000,4517.0000,1,3,2,2,2,1,1,1,1,1
SF,IF2103,2020-09-29 09:32:19.400,4512.8000,15308,0,208684140.000,0,-,-,-,-,4512.6000,4512.4000,4512.2000,4512.0000,4511.6000,4514.0000,4514.2000,4515.0000,4515.2000,4517.0000,1,2,2,1,1,1,1,1,1,1
SF,IF2103,2020-09-29 09:32:19.900,4512.8000,15308,0,208684140.000,0,-,-,-,-,4512.6000,4512.4000,4512.2000,4512.0000,4511.6000,4514.2000,4515.0000,4515.2000,4517.0000,4517.8000,1,3,2,1,1,1,1,1,1,1
SF,IF2103,2020-09-29 09:32:20.400,4512.8000,15308,0,208684140.000,0,-,-,-,-,4512.6000,4512.4000,4512.2000,4512.0000,4511.6000,4514.0000,4514.2000,4515.0000,4515.2000,4517.8000,1,3,2,1,1,1,1,1,1,1
SF,IF2103,2020-09-29 09:32:20.900,4512.8000,15308,0,208684140.000,0,-,-,-,-,4512.6000,4512.4000,4512.2000,4512.0000,4511.4000,4514.0000,4514.2000,4515.0000,4515.2000,4517.8000,1,3,2,1,1,1,1,1,1,1
SF,IF2103,2020-09-29 09:32:21.400,4512.8000,15308,0,208684140.000,0,-,-,-,-,4512.8000,4512.6000,4512.4000,4512.2000,4512.0000,4514.0000,4514.2000,4515.0000,4515.2000,4517.8000,1,1,2,1,1,1,1,1,1,1
SF,IF2103,2020-09-29 09:32:24.400,4514.0000,15308,0,210038340.000,1,0,1,多换,S,4513.0000,4512.8000,4512.4000,4512.2000,4512.0000,4514.2000,4515.0000,4515.2000,4517.8000,4519.0000,1,2,2,1,1,1,1,1,1,1
SF,IF2103,2020-09-29 09:32:24.900,4514.0000,15308,0,210038340.000,0,-,-,-,-,4513.2000,4513.0000,4512.8000,4512.4000,4512.2000,4514.2000,4515.0000,4515.2000,4517.8000,4519.0000,1,1,2,2,1,1,1,1,1,1
SF,IF2103,2020-09-29 09:32:27.900,4513.0000,15307,-1,212746200.000,2,0,2,多平,S,4512.4000,4512.2000,4512.0000,4511.4000,4511.0000,4514.2000,4515.0000,4515.2000,4517.8000,4519.0000,2,1,1,1,2,1,1,1,1,1
SF,IF2103,2020-09-29 09:32:28.400,4513.0000,15307,0,212746200.000,0,-,-,-,-,4512.2000,4512.0000,4511.4000,4511.0000,4510.8000,4514.0000,4514.2000,4515.0000,4515.2000,4517.8000,1,1,1,2,1,1,1,1,1,1
SF,IF2103,2020-09-29 09:32:28.900,4513.0000,15307,0,212746200.000,0,-,-,-,-,4511.4000,4511.0000,4510.8000,4503.0000,4502.0000,4513.8000,4514.0000,4515.0000,4515.2000,4517.8000,1,2,1,1,5,1,2,1,1,1
SF,IF2103,2020-09-29 09:32:29.400,4513.0000,15307,0,212746200.000,0,-,-,-,-,4511.0000,4510.8000,4503.0000,4502.0000,4501.0000,4513.6000,4513.8000,4514.0000,4515.0000,4515.2000,2,1,1,5,1,1,2,2,1,1
SF,IF2103,2020-09-29 09:32:29.900,4513.0000,15307,0,212746200.000,0,-,-,-,-,4511.2000,4511.0000,4510.8000,4503.0000,4502.0000,4513.4000,4513.6000,4514.0000,4515.0000,4515.2000,2,2,1,1,5,1,2,2,1,1
SF,IF2103,2020-09-29 09:32:30.400,4513.0000,15307,0,212746200.000,0,-,-,-,-,4511.2000,4511.0000,4510.8000,4503.0000,4502.0000,4513.2000,4513.4000,4514.0000,4515.0000,4515.2000,2,2,1,1,5,1,2,2,1,1
SF,IF2103,2020-09-29 09:32:30.900,4513.0000,15307,0,212746200.000,0,-,-,-,-,4511.2000,4511.0000,4510.8000,4503.0000,4502.0000,4513.0000,4513.2000,4514.0000,4515.0000,4515.2000,1,2,1,1,5,1,2,2,1,1
SF,IF2103,2020-09-29 09:32:31.400,4513.0000,15307,0,212746200.000,0,-,-,-,-,4511.0000,4510.8000,4503.0000,4502.0000,4501.0000,4512.8000,4513.0000,4513.2000,4514.0000,4515.0000,1,1,1,5,1,1,3,1,1,1
SF,IF2103,2020-09-29 09:32:31.900,4510.8000,15305,-2,215452740.000,2,0,2,双平,S,4503.0000,4502.0000,4501.0000,4500.0000,4495.0000,4512.6000,4512.8000,4513.0000,4513.2000,4514.0000,1,5,1,1,1,1,2,1,1,1
SF,IF2103,2020-09-29 09:32:32.400,4510.8000,15305,0,215452740.000,0,-,-,-,-,4508.8000,4508.4000,4508.0000,4507.8000,4507.2000,4512.4000,4512.6000,4512.8000,4513.0000,4514.0000,2,2,1,1,1,1,1,1,1,1
SF,IF2103,2020-09-29 09:32:32.900,4510.8000,15305,0,215452740.000,0,-,-,-,-,4509.4000,4509.0000,4508.8000,4508.4000,4508.0000,4512.2000,4512.4000,4512.8000,4513.0000,4514.0000,1,2,2,2,1,1,2,1,1,1
SF,IF2103,2020-09-29 09:32:33.400,4510.8000,15305,0,215452740.000,0,-,-,-,-,4509.6000,4509.4000,4509.0000,4508.8000,4508.4000,4512.0000,4512.2000,4512.8000,4514.0000,4515.0000,1,1,1,2,2,1,1,1,1,1
SF,IF2103,2020-09-29 09:32:33.900,4510.8000,15305,0,215452740.000,0,-,-,-,-,4510.0000,4509.6000,4509.0000,4508.8000,4508.4000,4511.8000,4512.0000,4512.8000,4515.0000,4515.2000,2,1,1,1,2,1,2,1,1,1
SF,IF2103,2020-09-29 09:32:34.400,4510.8000,15305,0,215452740.000,0,-,-,-,-,4510.8000,4510.0000,4509.6000,4509.0000,4508.8000,4511.8000,4512.0000,4515.0000,4515.2000,4517.8000,1,2,1,1,1,1,1,1,1,1
SF,IF2103,2020-09-29 09:32:34.900,4511.8000,15304,-1,216806280.000,1,0,1,双平,S,4510.0000,4509.6000,4509.0000,4508.8000,4508.4000,4515.0000,4515.2000,4517.8000,4519.0000,4519.4000,2,1,1,1,2,1,1,1,1,8
SF,IF2103,2020-09-29 09:32:35.400,4511.8000,15304,0,216806280.000,0,-,-,-,-,4510.8000,4510.2000,4510.0000,4509.0000,4508.8000,4513.6000,4513.8000,4514.8000,4515.0000,4515.2000,1,1,2,1,1,1,1,3,3,1
SF,IF2103,2020-09-29 09:32:35.900,4511.8000,15304,0,216806280.000,0,-,-,-,-,4510.2000,4510.0000,4509.0000,4508.8000,4508.4000,4513.4000,4513.6000,4513.8000,4514.8000,4515.0000,1,2,1,1,2,2,2,1,1,2
SF,IF2103,2020-09-29 09:32:36.400,4511.8000,15304,0,216806280.000,0,-,-,-,-,4510.4000,4510.2000,4510.0000,4509.0000,4508.8000,4513.2000,4513.4000,4513.6000,4514.8000,4515.0000,1,1,1,1,1,1,2,1,1,2
SF,IF2103,2020-09-29 09:32:36.900,4511.8000,15304,0,216806280.000,0,-,-,-,-,4510.6000,4510.4000,4510.0000,4509.0000,4508.8000,4513.0000,4513.2000,4513.6000,4514.8000,4515.0000,1,1,1,1,1,2,1,1,1,2
SF,IF2103,2020-09-29 09:32:37.400,4511.8000,15304,0,216806280.000,0,-,-,-,-,4510.0000,4509.0000,4508.8000,4508.4000,4507.2000,4512.4000,4512.8000,4513.0000,4513.6000,4514.8000,1,1,1,2,1,1,2,2,1,1
SF,IF2103,2020-09-29 09:32:37.900,4511.8000,15304,0,216806280.000,0,-,-,-,-,4509.0000,4508.8000,4508.4000,4507.2000,4503.4000,4512.2000,4512.4000,4512.8000,4513.6000,4514.8000,1,1,2,1,1,2,2,1,1,1
SF,IF2103,2020-09-29 09:32:38.400,4511.8000,15304,0,216806280.000,0,-,-,-,-,4509.2000,4508.8000,4508.4000,4507.2000,4503.4000,4512.0000,4512.2000,4512.4000,4512.8000,4513.6000,2,1,2,1,1,1,2,1,1,1
SF,IF2103,2020-09-29 09:32:38.900,4509.2000,15303,-1,218159040.000,1,0,1,双平,S,4509.2000,4508.8000,4508.4000,4507.2000,4503.4000,4511.8000,4512.0000,4512.4000,4512.8000,4513.6000,1,1,2,1,1,3,1,1,1,2
SF,IF2103,2020-09-29 09:32:39.400,4509.2000,15303,0,218159040.000,0,-,-,-,-,4508.8000,4508.4000,4507.2000,4503.4000,4503.0000,4511.0000,4511.6000,4511.8000,4512.8000,4513.6000,1,3,1,1,1,1,1,3,1,2
SF,IF2103,2020-09-29 09:32:39.900,4509.2000,15303,0,218159040.000,0,-,-,-,-,4508.4000,4507.2000,4503.4000,4503.0000,4502.0000,4510.8000,4511.0000,4511.8000,4512.8000,4513.6000,2,1,1,1,5,2,3,1,1,1
SF,IF2103,2020-09-29 09:32:40.400,4509.2000,15303,0,218159040.000,0,-,-,-,-,4508.4000,4503.4000,4503.0000,4502.0000,4501.0000,4510.6000,4510.8000,4511.0000,4511.8000,4512.8000,2,1,1,5,1,1,2,2,1,1
SF,IF2103,2020-09-29 09:32:40.900,4509.2000,15303,0,218159040.000,0,-,-,-,-,4508.4000,4503.4000,4503.0000,4502.0000,4501.0000,4510.4000,4510.6000,4511.0000,4511.8000,4512.8000,1,1,1,5,1,2,1,2,1,1
SF,IF2103,2020-09-29 09:32:41.400,4509.2000,15303,0,218159040.000,0,-,-,-,-,4508.4000,4503.4000,4503.0000,4502.0000,4501.0000,4510.4000,4511.0000,4511.8000,4512.8000,4513.6000,2,1,1,5,1,2,2,1,1,1
SF,IF2103,2020-09-29 09:32:41.900,4510.4000,15302,-1,220865280.000,2,0,2,多平,S,4508.8000,4508.6000,4508.4000,4503.4000,4503.0000,4511.0000,4511.8000,4513.6000,4515.0000,4515.2000,1,5,3,1,1,1,1,1,2,1
SF,IF2103,2020-09-29 09:32:42.400,4510.4000,15302,0,220865280.000,0,-,-,-,-,4510.0000,4509.0000,4508.8000,4508.6000,4508.4000,4510.8000,4511.0000,4513.6000,4515.0000,4515.2000,5,1,1,3,3,1,1,1,2,1
SF,IF2103,2020-09-29 09:32:42.900,4511.0000,15302,0,223571820.000,2,1,1,多换,S,4510.0000,4509.2000,4509.0000,4508.8000,4508.4000,4513.6000,4515.0000,4515.2000,4517.8000,4519.0000,5,1,1,1,3,1,2,1,1,1
SF,IF2103,2020-09-29 09:32:43.400,4511.0000,15302,0,223571820.000,0,-,-,-,-,4510.2000,4510.0000,4509.2000,4509.0000,4508.8000,4512.2000,4513.4000,4513.6000,4515.0000,4515.2000,2,5,1,1,1,1,1,3,2,1
SF,IF2103,2020-09-29 09:32:43.900,4511.0000,15302,0,223571820.000,0,-,-,-,-,4510.2000,4510.0000,4509.2000,4509.0000,4508.8000,4512.2000,4513.6000,4515.0000,4515.2000,4517.8000,1,5,1,1,1,2,2,2,1,1
SF,IF2103,2020-09-29 09:32:44.400,4511.0000,15302,0,223571820.000,0,-,-,-,-,4510.2000,4510.0000,4509.0000,4508.8000,4508.4000,4512.0000,4512.2000,4513.6000,4515.0000,4515.2000,1,5,1,1,3,1,2,2,2,1
SF,IF2103,2020-09-29 09:32:44.900,4510.2000,15302,0,224924880.000,1,0,1,多换,S,4510.0000,4508.8000,4508.4000,4503.4000,4503.0000,4511.0000,4511.8000,4512.0000,4512.2000,4513.6000,5,1,3,1,1,1,1,2,1,1
SF,IF2103,2020-09-29 09:32:45.400,4510.0000,15302,0,227630880.000,2,1,1,多换,S,4510.0000,4508.4000,4503.4000,4503.0000,4502.0000,4511.0000,4511.8000,4512.0000,4513.6000,4515.0000,3,2,1,1,5,1,1,3,1,2
SF,IF2103,2020-09-29 09:32:45.900,4510.0000,15302,0,231689880.000,3,1,2,多换,S,4508.4000,4503.4000,4503.0000,4502.0000,4501.0000,4510.8000,4511.0000,4511.8000,4512.0000,4513.6000,2,1,1,5,1,3,1,1,3,1
SF,IF2103,2020-09-29 09:32:46.400,4508.6000,15301,-1,233042460.000,1,0,1,双平,S,4508.4000,4503.4000,4503.0000,4502.0000,4501.0000,4510.6000,4510.8000,4511.0000,4511.8000,4512.0000,2,1,1,5,1,2,3,1,1,1
SF,IF2103,2020-09-29 09:32:46.900,4508.6000,15301,0,233042460.000,0,-,-,-,-,4508.4000,4503.4000,4503.0000,4502.0000,4501.0000,4510.4000,4510.6000,4510.8000,4511.0000,4511.8000,2,1,1,5,1,1,2,3,1,1
SF,IF2103,2020-09-29 09:32:47.400,4508.6000,15301,0,233042460.000,0,-,-,-,-,4508.4000,4503.4000,4503.0000,4502.0000,4501.0000,4510.2000,4510.4000,4510.8000,4511.0000,4511.8000,1,1,1,5,1,1,2,3,1,1
SF,IF2103,2020-09-29 09:32:47.900,4508.6000,15301,0,233042460.000,0,-,-,-,-,4508.4000,4503.4000,4503.0000,4502.0000,4501.0000,4510.2000,4510.4000,4510.8000,4511.0000,4511.8000,1,1,1,5,1,1,1,3,1,1
SF,IF2103,2020-09-29 09:32:48.400,4508.6000,15301,0,233042460.000,0,-,-,-,-,4508.4000,4503.4000,4503.0000,4502.0000,4501.0000,4510.0000,4510.2000,4510.8000,4511.0000,4511.8000,1,1,1,5,1,1,2,3,1,1
SF,IF2103,2020-09-29 09:32:49.400,4508.4000,15300,-1,234394980.000,1,0,1,双平,S,4503.4000,4503.0000,4502.0000,4501.0000,4500.0000,4510.0000,4510.2000,4510.8000,4511.0000,4511.8000,1,1,5,1,1,1,1,3,1,1
SF,IF2103,2020-09-29 09:32:49.900,4508.4000,15300,0,234394980.000,0,-,-,-,-,4508.4000,4508.0000,4507.8000,4506.6000,4505.8000,4509.8000,4510.0000,4510.8000,4511.0000,4511.8000,1,1,1,1,1,2,1,3,1,1
SF,IF2103,2020-09-29 09:32:50.400,4508.4000,15300,0,234394980.000,0,-,-,-,-,4507.8000,4505.8000,4505.6000,4505.4000,4504.0000,4509.8000,4510.8000,4511.0000,4511.8000,4512.0000,1,1,1,1,1,1,3,1,1,1
SF,IF2103,2020-09-29 09:32:50.900,4508.4000,15300,0,234394980.000,0,-,-,-,-,4505.8000,4505.6000,4505.4000,4504.0000,4503.4000,4509.6000,4509.8000,4510.8000,4511.0000,4511.8000,1,1,1,1,1,2,2,3,1,1
SF,IF2103,2020-09-29 09:32:51.400,4508.4000,15300,0,234394980.000,0,-,-,-,-,4507.0000,4506.4000,4505.8000,4505.6000,4505.4000,4509.6000,4509.8000,4510.8000,4511.0000,4512.0000,1,1,1,1,1,2,1,3,1,1
SF,IF2103,2020-09-29 09:32:51.900,4508.4000,15300,0,234394980.000,0,-,-,-,-,4507.0000,4506.4000,4505.8000,4505.6000,4505.4000,4509.4000,4509.6000,4509.8000,4510.8000,4511.0000,1,1,1,1,1,2,2,1,3,1
SF,IF2103,2020-09-29 09:32:52.400,4508.4000,15300,0,234394980.000,0,-,-,-,-,4507.0000,4506.4000,4505.8000,4505.6000,4505.4000,4509.2000,4509.4000,4509.8000,4510.8000,4511.0000,1,1,1,1,1,2,1,1,3,1
SF,IF2103,2020-09-29 09:32:52.900,4508.4000,15300,0,234394980.000,0,-,-,-,-,4506.4000,4505.8000,4505.6000,4505.4000,4503.4000,4509.0000,4509.2000,4509.8000,4510.8000,4511.0000,1,1,1,1,1,1,2,1,3,1
SF,IF2103,2020-09-29 09:32:53.400,4508.4000,15300,0,234394980.000,0,-,-,-,-,4506.4000,4505.8000,4505.6000,4505.4000,4503.4000,4508.8000,4509.0000,4509.8000,4510.8000,4511.0000,1,1,1,1,1,1,2,1,3,1
SF,IF2103,2020-09-29 09:32:53.900,4508.4000,15300,0,234394980.000,0,-,-,-,-,4506.4000,4505.8000,4505.6000,4503.4000,4503.0000,4508.8000,4509.8000,4510.8000,4511.0000,4512.0000,1,1,1,1,1,1,1,3,1,1
SF,IF2103,2020-09-29 09:32:54.400,4508.4000,15300,0,234394980.000,0,-,-,-,-,4506.4000,4505.8000,4505.6000,4503.4000,4503.0000,4508.6000,4508.8000,4509.8000,4510.8000,4511.0000,1,1,1,1,1,1,1,1,3,1
SF,IF2103,2020-09-29 09:32:54.900,4508.4000,15300,0,234394980.000,0,-,-,-,-,4506.4000,4505.8000,4505.6000,4503.4000,4503.0000,4508.4000,4508.6000,4509.8000,4510.8000,4511.0000,1,1,1,1,1,1,1,1,3,1
SF,IF2103,2020-09-29 09:32:55.400,4508.4000,15300,0,234394980.000,0,-,-,-,-,4506.4000,4505.8000,4505.6000,4503.4000,4503.0000,4508.4000,4509.8000,4510.8000,4511.0000,4512.0000,1,1,1,1,1,1,1,1,1,1
SF,IF2103,2020-09-29 09:32:55.900,4506.4000,15300,0,235746900.000,1,0,1,多换,S,4505.8000,4505.6000,4503.4000,4503.0000,4502.0000,4508.2000,4508.4000,4509.8000,4510.8000,4511.0000,1,1,1,1,5,1,1,1,1,1
SF,IF2103,2020-09-29 09:32:56.400,4506.4000,15300,0,235746900.000,0,-,-,-,-,4506.4000,4506.2000,4506.0000,4505.8000,4505.6000,4508.0000,4508.2000,4510.8000,4511.0000,4513.6000,1,1,1,1,1,1,1,1,1,1
SF,IF2103,2020-09-29 09:32:56.900,4508.2000,15299,-1,238451760.000,2,0,2,多平,S,4506.4000,4506.2000,4506.0000,4505.8000,4505.6000,4510.8000,4511.0000,4513.6000,4515.2000,4517.8000,1,1,1,1,1,1,1,1,1,1
SF,IF2103,2020-09-29 09:32:57.400,4508.2000,15299,0,238451760.000,0,-,-,-,-,4507.0000,4506.8000,4506.6000,4506.4000,4506.0000,4509.8000,4510.6000,4510.8000,4511.0000,4513.6000,1,1,3,1,1,1,1,1,1,1
SF,IF2103,2020-09-29 09:32:57.900,4508.2000,15299,0,238451760.000,0,-,-,-,-,4507.2000,4507.0000,4506.8000,4506.6000,4506.0000,4508.2000,4510.6000,4510.8000,4511.0000,4513.6000,1,1,1,3,1,1,1,1,1,1
SF,IF2103,2020-09-29 09:32:58.400,4508.2000,15298,-1,239804220.000,1,0,1,双平,S,4508.2000,4507.4000,4506.8000,4506.6000,4506.0000,4510.8000,4511.0000,4513.6000,4515.2000,4517.8000,1,1,1,3,1,1,1,1,1,1
SF,IF2103,2020-09-29 09:32:58.900,4508.2000,15298,0,239804220.000,0,-,-,-,-,4508.4000,4508.2000,4507.4000,4506.8000,4506.6000,4510.4000,4510.6000,4510.8000,4511.0000,4513.6000,1,1,1,1,2,1,1,1,1,1
SF,IF2103,2020-09-29 09:32:59.400,4508.2000,15298,0,239804220.000,0,-,-,-,-,4508.4000,4508.2000,4507.4000,4506.8000,4506.6000,4510.4000,4510.6000,4510.8000,4511.0000,4513.6000,1,1,1,1,2,2,1,1,1,1
SF,IF2103,2020-09-29 09:32:59.900,4508.2000,15298,0,239804220.000,0,-,-,-,-,4508.4000,4507.4000,4506.8000,4506.6000,4505.8000,4510.4000,4510.6000,4510.8000,4511.0000,4513.6000,1,1,1,2,1,2,1,1,1,1
SF,IF2103,2020-09-29 09:33:00.400,4510.2000,15298,0,241157280.000,1,0,1,多换,S,4508.4000,4506.8000,4506.6000,4505.8000,4505.6000,4510.4000,4510.6000,4510.8000,4511.0000,4513.6000,1,1,2,1,1,2,1,1,1,1
SF,IF2103,2020-09-29 09:33:01.400,4510.2000,15298,0,241157280.000,0,-,-,-,-,4508.4000,4506.8000,4506.6000,4505.8000,4505.6000,4510.4000,4510.6000,4510.8000,4511.0000,4513.6000,1,1,2,1,1,1,1,1,1,1
SF,IF2103,2020-09-29 09:33:01.900,4510.2000,15298,0,241157280.000,0,-,-,-,-,4508.4000,4506.8000,4505.8000,4505.6000,4503.0000,4510.2000,4510.4000,4510.6000,4510.8000,4511.0000,1,1,1,1,1,1,2,1,1,1
SF,IF2103,2020-09-29 09:33:02.400,4508.4000,15298,0,242509800.000,1,0,1,多换,S,4506.8000,4505.8000,4505.6000,4503.0000,4502.0000,4510.2000,4510.4000,4510.6000,4510.8000,4511.0000,1,1,1,1,5,1,2,1,1,1
SF,IF2103,2020-09-29 09:33:02.900,4508.4000,15298,0,242509800.000,0,-,-,-,-,4508.0000,4507.8000,4507.2000,4507.0000,4505.8000,4510.2000,4510.4000,4510.8000,4511.0000,4513.6000,1,1,1,3,1,1,1,1,1,1
SF,IF2103,2020-09-29 09:33:03.400,4508.4000,15298,0,242509800.000,0,-,-,-,-,4508.2000,4508.0000,4507.8000,4507.2000,4507.0000,4510.4000,4510.8000,4511.0000,4513.6000,4515.2000,1,1,1,1,1,1,1,1,1,1
SF,IF2103,2020-09-29 09:33:03.900,4508.4000,15298,0,242509800.000,0,-,-,-,-,4508.2000,4508.0000,4507.8000,4507.2000,4505.8000,4510.4000,4510.8000,4511.0000,4513.6000,4515.2000,2,1,1,1,1,1,1,1,1,1
SF,IF2103,2020-09-29 09:33:04.400,4508.4000,15298,0,242509800.000,0,-,-,-,-,4508.2000,4508.0000,4507.8000,4507.2000,4505.8000,4510.4000,4510.8000,4511.0000,4513.6000,4515.2000,2,1,1,1,1,1,1,1,1,1
SF,IF2103,2020-09-29 09:33:04.900,4508.4000,15298,0,242509800.000,0,-,-,-,-,4508.4000,4508.2000,4507.8000,4507.2000,4505.8000,4510.4000,4510.8000,4511.0000,4513.6000,4515.2000,1,1,1,1,1,1,1,1,1,1
SF,IF2103,2020-09-29 09:33:05.400,4508.4000,15298,0,242509800.000,0,-,-,-,-,4508.6000,4508.4000,4507.8000,4507.2000,4505.8000,4510.4000,4510.8000,4511.0000,4513.6000,4515.2000,1,1,1,1,1,1,1,1,1,1
SF,IF2103,2020-09-29 09:33:05.900,4508.4000,15298,0,242509800.000,0,-,-,-,-,4508.6000,4508.4000,4507.8000,4507.2000,4505.8000,4510.8000,4511.0000,4513.6000,4515.2000,4517.8000,1,1,1,1,1,1,1,1,1,1
SF,IF2103,2020-09-29 09:33:06.400,4508.4000,15298,0,242509800.000,0,-,-,-,-,4508.6000,4508.4000,4507.8000,4507.2000,4507.0000,4510.8000,4511.0000,4513.6000,4515.2000,4517.8000,1,1,1,1,5,1,1,1,1,1
SF,IF2103,2020-09-29 09:33:06.900,4508.4000,15298,0,242509800.000,0,-,-,-,-,4508.6000,4508.4000,4507.8000,4507.2000,4507.0000,4511.0000,4513.6000,4515.2000,4517.8000,4519.0000,1,1,1,1,5,1,1,1,1,1
SF,IF2103,2020-09-29 09:33:07.400,4508.4000,15298,0,242509800.000,0,-,-,-,-,4508.8000,4508.6000,4507.8000,4507.2000,4507.0000,4511.0000,4513.6000,4515.2000,4517.8000,4519.0000,2,1,1,1,5,2,1,1,1,1
SF,IF2103,2020-09-29 09:33:07.900,4508.4000,15298,0,242509800.000,0,-,-,-,-,4509.0000,4508.8000,4507.8000,4507.2000,4507.0000,4513.6000,4515.2000,4517.8000,4519.0000,4519.4000,1,4,1,1,5,1,1,1,1,8
SF,IF2103,2020-09-29 09:33:08.400,4508.4000,15298,0,242509800.000,0,-,-,-,-,4509.2000,4509.0000,4508.8000,4507.8000,4507.2000,4512.0000,4513.6000,4515.2000,4517.8000,4519.0000,1,1,4,1,1,1,4,1,1,1
SF,IF2103,2020-09-29 09:33:08.900,4508.4000,15298,0,242509800.000,0,-,-,-,-,4509.4000,4509.2000,4508.8000,4507.8000,4507.2000,4512.0000,4513.6000,4515.2000,4517.8000,4519.0000,2,1,1,1,1,2,3,1,1,1
SF,IF2103,2020-09-29 09:33:09.400,4508.4000,15298,0,242509800.000,0,-,-,-,-,4509.4000,4508.8000,4507.8000,4507.2000,4507.0000,4511.0000,4512.0000,4513.6000,4515.2000,4517.8000,1,1,1,1,6,1,1,2,1,1
SF,IF2103,2020-09-29 09:33:09.900,4508.4000,15298,0,242509800.000,0,-,-,-,-,4509.4000,4508.8000,4507.8000,4507.2000,4507.0000,4512.0000,4513.6000,4515.2000,4517.8000,4519.0000,1,1,1,1,6,1,2,1,1,1
SF,IF2103,2020-09-29 09:33:10.900,4508.4000,15298,0,242509800.000,0,-,-,-,-,4509.4000,4507.8000,4507.2000,4507.0000,4506.0000,4510.8000,4511.0000,4512.0000,4513.6000,4515.2000,1,1,1,6,1,1,1,1,2,1
SF,IF2103,2020-09-29 09:33:11.400,4508.4000,15298,0,242509800.000,0,-,-,-,-,4509.6000,4507.8000,4507.2000,4507.0000,4506.0000,4511.8000,4512.0000,4513.6000,4515.2000,4517.8000,1,1,1,6,1,1,1,1,1,1
SF,IF2103,2020-09-29 09:33:11.900,4508.4000,15298,0,242509800.000,0,-,-,-,-,4509.6000,4507.8000,4507.2000,4507.0000,4506.0000,4511.0000,4511.6000,4511.8000,4512.0000,4513.6000,1,1,1,6,1,1,1,1,1,1
SF,IF2103,2020-09-29 09:33:12.400,4508.4000,15298,0,242509800.000,0,-,-,-,-,4507.8000,4507.2000,4507.0000,4506.0000,4505.0000,4511.0000,4511.6000,4511.8000,4513.6000,4515.2000,1,1,6,1,1,1,1,1,1,1
SF,IF2103,2020-09-29 09:33:12.900,4508.4000,15298,0,242509800.000,0,-,-,-,-,4508.8000,4508.6000,4508.4000,4508.2000,4508.0000,4510.8000,4513.6000,4515.2000,4517.8000,4519.0000,1,1,3,1,3,1,1,1,1,1
SF,IF2103,2020-09-29 09:33:13.400,4508.4000,15298,0,242509800.000,0,-,-,-,-,4509.2000,4508.8000,4508.6000,4508.4000,4508.2000,4510.8000,4513.6000,4515.2000,4517.8000,4519.0000,1,2,1,2,1,2,1,1,1,1
SF,IF2103,2020-09-29 09:33:13.900,4510.8000,15298,0,245216280.000,2,1,1,多换,S,4509.2000,4508.8000,4508.6000,4508.4000,4508.2000,4513.6000,4515.2000,4517.8000,4519.0000,4519.4000,1,2,1,2,1,1,1,1,1,8
SF,IF2103,2020-09-29 09:33:14.400,4512.6000,15297,-1,246570060.000,1,0,1,双平,S,4509.4000,4509.2000,4508.8000,4508.6000,4508.4000,4513.6000,4515.2000,4517.8000,4519.0000,4519.4000,2,2,2,1,2,2,1,1,1,8
SF,IF2103,2020-09-29 09:33:14.900,4509.6000,15295,-2,249276000.000,2,0,2,双平,S,4510.0000,4509.6000,4509.4000,4508.8000,4508.4000,4513.4000,4513.6000,4515.2000,4517.8000,4519.0000,1,1,2,2,2,1,2,1,1,1
SF,IF2103,2020-09-29 09:33:15.400,4509.6000,15295,0,249276000.000,0,-,-,-,-,4510.8000,4510.2000,4510.0000,4509.8000,4509.4000,4512.8000,4513.4000,4513.6000,4515.2000,4517.8000,1,3,3,1,1,1,1,2,1,1
SF,IF2103,2020-09-29 09:33:15.900,4509.6000,15295,0,249276000.000,0,-,-,-,-,4511.0000,4510.2000,4510.0000,4509.8000,4509.4000,4512.8000,4513.6000,4515.2000,4517.8000,4519.0000,1,2,1,1,1,1,2,1,1,1
SF,IF2103,2020-09-29 09:33:16.400,4509.6000,15295,0,249276000.000,0,-,-,-,-,4511.0000,4510.2000,4510.0000,4509.8000,4509.4000,4512.8000,4513.6000,4515.2000,4517.8000,4519.0000,2,2,1,1,1,1,2,1,1,1
SF,IF2103,2020-09-29 09:33:16.900,4509.6000,15295,0,249276000.000,0,-,-,-,-,4511.0000,4510.2000,4510.0000,4509.8000,4509.4000,4513.6000,4515.2000,4517.8000,4519.0000,4519.4000,1,2,1,1,1,2,1,1,1,8
SF,IF2103,2020-09-29 09:33:17.400,4509.6000,15295,0,249276000.000,0,-,-,-,-,4511.0000,4510.2000,4510.0000,4509.8000,4509.4000,4513.4000,4513.6000,4515.2000,4517.8000,4519.0000,1,2,1,1,1,2,2,1,1,1
SF,IF2103,2020-09-29 09:33:17.900,4509.6000,15295,0,249276000.000,0,-,-,-,-,4511.0000,4510.2000,4510.0000,4509.8000,4509.4000,4513.2000,4513.4000,4513.6000,4515.2000,4517.8000,1,2,1,1,1,1,1,2,1,1
SF,IF2103,2020-09-29 09:33:18.400,4509.6000,15295,0,249276000.000,0,-,-,-,-,4511.0000,4510.2000,4510.0000,4509.8000,4508.8000,4513.2000,4513.4000,4513.6000,4515.2000,4517.8000,1,2,1,1,1,1,1,2,1,1
SF,IF2103,2020-09-29 09:33:18.900,4509.6000,15295,0,249276000.000,0,-,-,-,-,4511.0000,4510.2000,4510.0000,4508.8000,4508.6000,4513.4000,4513.6000,4515.2000,4517.8000,4519.0000,1,2,1,1,1,1,2,1,1,1
SF,IF2103,2020-09-29 09:33:19.400,4509.6000,15295,0,249276000.000,0,-,-,-,-,4511.0000,4510.2000,4510.0000,4508.8000,4508.6000,4513.4000,4513.6000,4515.2000,4517.8000,4519.0000,2,2,1,1,1,1,2,1,1,1
SF,IF2103,2020-09-29 09:33:20.900,4509.6000,15295,0,249276000.000,0,-,-,-,-,4511.2000,4511.0000,4510.2000,4510.0000,4508.8000,4513.4000,4513.6000,4515.2000,4517.8000,4519.0000,1,2,2,1,1,1,2,1,1,1
SF,IF2103,2020-09-29 09:33:21.400,4509.6000,15295,0,249276000.000,0,-,-,-,-,4511.4000,4511.2000,4510.2000,4510.0000,4508.8000,4513.4000,4513.6000,4513.8000,4515.2000,4517.8000,1,1,2,1,1,1,2,1,1,1
SF,IF2103,2020-09-29 09:33:21.900,4509.6000,15295,0,249276000.000,0,-,-,-,-,4511.4000,4511.2000,4510.2000,4510.0000,4508.8000,4513.4000,4513.6000,4513.8000,4515.2000,4517.8000,2,1,2,1,1,1,2,1,1,1
SF,IF2103,2020-09-29 09:33:22.400,4509.6000,15295,0,249276000.000,0,-,-,-,-,4511.4000,4511.2000,4510.2000,4510.0000,4508.8000,4513.4000,4513.6000,4513.8000,4515.2000,4517.8000,1,1,2,1,1,1,2,1,1,1
SF,IF2103,2020-09-29 09:33:22.900,4509.6000,15295,0,249276000.000,0,-,-,-,-,4511.4000,4510.2000,4510.0000,4508.8000,4508.6000,4513.4000,4513.6000,4513.8000,4515.2000,4517.8000,1,2,1,1,1,2,2,1,1,1
SF,IF2103,2020-09-29 09:33:23.400,4509.6000,15295,0,249276000.000,0,-,-,-,-,4511.4000,4510.2000,4510.0000,4508.8000,4508.6000,4512.6000,4513.4000,4513.6000,4513.8000,4515.2000,1,2,1,1,1,1,2,2,1,1
SF,IF2103,2020-09-29 09:33:23.900,4511.4000,15295,0,250629420.000,1,0,1,多换,S,4510.2000,4510.0000,4508.8000,4508.6000,4508.4000,4512.6000,4513.4000,4513.6000,4513.8000,4515.2000,2,1,1,1,2,1,2,2,1,1
SF,IF2103,2020-09-29 09:33:24.400,4511.4000,15295,0,250629420.000,0,-,-,-,-,4510.4000,4510.2000,4508.8000,4508.6000,4508.4000,4512.6000,4513.4000,4513.6000,4513.8000,4515.2000,3,2,1,1,2,2,1,2,1,1
SF,IF2103,2020-09-29 09:33:24.900,4511.4000,15295,0,250629420.000,0,-,-,-,-,4510.4000,4510.2000,4508.8000,4508.6000,4508.4000,4512.6000,4513.4000,4513.6000,4513.8000,4515.2000,2,1,1,1,2,2,1,2,1,1
SF,IF2103,2020-09-29 09:33:25.400,4511.4000,15295,0,250629420.000,0,-,-,-,-,4510.4000,4508.8000,4508.6000,4508.4000,4508.2000,4512.4000,4512.6000,4513.4000,4513.6000,4513.8000,1,1,1,2,1,2,2,1,2,1
SF,IF2103,2020-09-29 09:33:25.900,4511.4000,15295,0,250629420.000,0,-,-,-,-,4508.8000,4508.6000,4508.4000,4508.2000,4507.0000,4512.2000,4512.4000,4512.6000,4513.6000,4513.8000,1,1,2,1,6,2,2,1,2,1
SF,IF2103,2020-09-29 09:33:26.400,4511.4000,15295,0,250629420.000,0,-,-,-,-,4509.4000,4509.2000,4509.0000,4508.8000,4508.6000,4512.0000,4512.2000,4512.4000,4512.6000,4513.6000,1,1,1,1,1,1,2,2,1,2
SF,IF2103,2020-09-29 09:33:26.900,4511.4000,15295,0,250629420.000,0,-,-,-,-,4509.4000,4509.2000,4509.0000,4508.6000,4508.4000,4511.8000,4512.0000,4512.4000,4512.6000,4513.6000,1,1,1,1,1,1,2,2,1,2
SF,IF2103,2020-09-29 09:33:27.400,4511.4000,15295,0,250629420.000,0,-,-,-,-,4509.4000,4509.2000,4509.0000,4508.6000,4508.4000,4511.8000,4512.0000,4512.4000,4512.6000,4513.6000,1,1,1,1,1,2,1,2,1,2
SF,IF2103,2020-09-29 09:33:27.900,4511.4000,15295,0,250629420.000,0,-,-,-,-,4509.4000,4509.2000,4509.0000,4508.6000,4508.4000,4511.8000,4512.0000,4512.6000,4513.6000,4513.8000,1,1,1,1,1,1,1,1,2,1
SF,IF2103,2020-09-29 09:33:28.400,4511.4000,15295,0,250629420.000,0,-,-,-,-,4509.4000,4509.2000,4509.0000,4508.6000,4508.4000,4511.8000,4512.6000,4513.6000,4513.8000,4515.2000,2,1,1,1,1,1,1,2,1,1
SF,IF2103,2020-09-29 09:33:28.900,4511.4000,15295,0,250629420.000,0,-,-,-,-,4509.4000,4509.2000,4509.0000,4508.6000,4508.4000,4511.0000,4511.8000,4512.6000,4513.6000,4513.8000,1,1,1,1,1,1,1,1,1,1
SF,IF2103,2020-09-29 09:33:29.400,4511.4000,15295,0,250629420.000,0,-,-,-,-,4508.6000,4508.4000,4508.2000,4507.0000,4506.0000,4510.8000,4511.0000,4511.8000,4512.6000,4513.6000,1,1,1,6,1,1,1,1,1,1
SF,IF2103,2020-09-29 09:33:29.900,4511.4000,15295,0,250629420.000,0,-,-,-,-,4508.6000,4508.2000,4507.0000,4506.0000,4503.0000,4510.6000,4510.8000,4511.0000,4512.6000,4513.6000,1,1,6,1,1,2,2,1,1,1
SF,IF2103,2020-09-29 09:33:30.400,4508.6000,15295,0,251982000.000,1,0,1,多换,S,4507.0000,4506.0000,4503.0000,4502.0000,4501.0000,4510.4000,4510.6000,4510.8000,4511.0000,4512.6000,6,1,1,5,1,1,2,1,1,1
SF,IF2103,2020-09-29 09:33:30.900,4508.6000,15295,0,251982000.000,0,-,-,-,-,4507.6000,4507.4000,4507.2000,4507.0000,4506.0000,4510.2000,4510.6000,4510.8000,4511.0000,4512.6000,1,1,2,6,1,1,1,1,1,1
SF,IF2103,2020-09-29 09:33:31.400,4508.6000,15295,0,251982000.000,0,-,-,-,-,4507.8000,4507.6000,4507.4000,4507.2000,4507.0000,4510.2000,4510.8000,4511.0000,4512.6000,4513.6000,1,2,1,1,6,1,1,1,1,1
SF,IF2103,2020-09-29 09:33:31.900,4508.6000,15295,0,251982000.000,0,-,-,-,-,4508.4000,4508.2000,4507.8000,4507.4000,4507.0000,4510.2000,4510.8000,4511.0000,4512.6000,4513.6000,1,1,2,1,6,1,1,1,1,1
SF,IF2103,2020-09-29 09:33:32.400,4508.6000,15295,0,251982000.000,0,-,-,-,-,4508.6000,4508.4000,4508.2000,4507.8000,4507.4000,4510.2000,4510.8000,4511.0000,4512.6000,4513.6000,1,2,1,1,1,1,1,1,1,1
SF,IF2103,2020-09-29 09:33:32.900,4508.6000,15295,0,251982000.000,0,-,-,-,-,4508.8000,4508.6000,4508.4000,4508.2000,4507.8000,4510.2000,4510.8000,4511.0000,4512.0000,4512.6000,1,1,1,1,1,1,1,1,1,1
SF,IF2103,2020-09-29 09:33:33.400,4508.6000,15295,0,251982000.000,0,-,-,-,-,4508.8000,4508.6000,4508.4000,4508.2000,4507.8000,4510.8000,4511.0000,4512.0000,4512.6000,4513.6000,1,1,1,1,1,1,1,1,1,1
SF,IF2103,2020-09-29 09:33:33.900,4508.6000,15295,0,251982000.000,0,-,-,-,-,4508.8000,4508.6000,4508.2000,4507.4000,4507.0000,4510.6000,4510.8000,4511.0000,4512.0000,4512.6000,1,1,1,1,6,1,1,1,1,1
SF,IF2103,2020-09-29 09:33:34.400,4510.6000,15295,0,253335180.000,1,0,1,多换,S,4508.8000,4508.2000,4507.4000,4507.0000,4506.0000,4510.6000,4510.8000,4511.0000,4512.0000,4512.6000,1,1,1,6,1,1,1,1,1,1
SF,IF2103,2020-09-29 09:33:34.900,4510.6000,15295,0,253335180.000,0,-,-,-,-,4508.2000,4507.4000,4507.0000,4506.0000,4503.0000,4510.6000,4510.8000,4511.0000,4512.0000,4512.6000,1,1,6,1,1,1,1,1,1,1
SF,IF2103,2020-09-29 09:33:35.400,4510.6000,15295,0,253335180.000,0,-,-,-,-,4508.6000,4508.4000,4508.2000,4507.4000,4507.0000,4510.8000,4511.0000,4512.0000,4512.6000,4513.6000,1,1,1,1,6,1,1,1,1,1
SF,IF2103,2020-09-29 09:33:35.900,4510.6000,15295,0,253335180.000,0,-,-,-,-,4508.8000,4508.6000,4508.2000,4507.4000,4507.0000,4510.8000,4511.0000,4512.0000,4512.6000,4513.6000,1,2,1,1,6,1,1,1,1,1
SF,IF2103,2020-09-29 09:33:36.400,4510.6000,15295,0,253335180.000,0,-,-,-,-,4509.0000,4508.8000,4508.2000,4507.4000,4507.0000,4510.8000,4511.0000,4512.0000,4512.6000,4513.6000,1,1,1,1,6,1,1,1,1,1
SF,IF2103,2020-09-29 09:33:37.400,4510.6000,15295,0,253335180.000,0,-,-,-,-,4509.0000,4508.8000,4508.2000,4507.4000,4507.0000,4511.0000,4512.0000,4512.6000,4513.6000,4513.8000,1,1,1,1,6,1,1,1,1,1
SF,IF2103,2020-09-29 09:33:37.900,4510.6000,15295,0,253335180.000,0,-,-,-,-,4509.2000,4507.4000,4507.0000,4506.0000,4503.0000,4511.0000,4512.0000,4512.6000,4513.6000,4513.8000,2,1,6,1,1,1,1,1,1,1
SF,IF2103,2020-09-29 09:33:38.400,4510.6000,15295,0,253335180.000,0,-,-,-,-,4509.4000,4509.2000,4507.4000,4507.0000,4506.0000,4511.0000,4512.0000,4512.6000,4513.6000,4513.8000,2,1,1,6,1,1,1,1,1,1
SF,IF2103,2020-09-29 09:33:38.900,4510.6000,15295,0,253335180.000,0,-,-,-,-,4509.6000,4509.4000,4509.2000,4507.4000,4507.0000,4512.0000,4512.6000,4513.6000,4513.8000,4514.0000,1,2,2,1,6,1,1,1,1,1
SF,IF2103,2020-09-29 09:33:39.400,4510.6000,15295,0,253335180.000,0,-,-,-,-,4509.8000,4509.6000,4509.2000,4507.4000,4507.0000,4512.0000,4512.6000,4513.6000,4513.8000,4514.0000,2,2,1,1,6,1,1,1,1,1
SF,IF2103,2020-09-29 09:33:39.900,4510.6000,15295,0,253335180.000,0,-,-,-,-,4510.0000,4509.8000,4509.6000,4509.2000,4507.4000,4512.0000,4512.6000,4513.6000,4513.8000,4514.0000,1,2,1,1,1,1,1,1,1,1
SF,IF2103,2020-09-29 09:33:40.400,4510.6000,15295,0,253335180.000,0,-,-,-,-,4510.2000,4510.0000,4509.8000,4509.6000,4509.2000,4512.0000,4512.6000,4513.6000,4513.8000,4514.0000,1,1,1,1,1,1,1,1,1,1
SF,IF2103,2020-09-29 09:33:41.900,4510.6000,15295,0,253335180.000,0,-,-,-,-,4510.2000,4509.8000,4509.6000,4509.2000,4507.4000,4512.0000,4512.6000,4513.6000,4513.8000,4514.0000,1,1,1,1,1,1,1,1,1,1
SF,IF2103,2020-09-29 09:33:42.400,4510.6000,15295,0,253335180.000,0,-,-,-,-,4510.2000,4509.8000,4509.2000,4507.4000,4507.0000,4512.0000,4512.6000,4513.6000,4513.8000,4514.0000,1,1,1,1,6,1,1,1,1,1
SF,IF2103,2020-09-29 09:33:42.900,4510.6000,15295,0,253335180.000,0,-,-,-,-,4510.2000,4509.8000,4509.2000,4507.4000,4507.0000,4511.0000,4512.0000,4512.6000,4513.6000,4513.8000,1,1,1,1,6,1,2,1,1,1
SF,IF2103,2020-09-29 09:33:43.400,4510.6000,15295,0,253335180.000,0,-,-,-,-,4510.0000,4509.8000,4509.2000,4507.4000,4507.0000,4511.0000,4512.0000,4512.6000,4513.6000,4513.8000,1,1,1,1,6,1,2,1,1,1
SF,IF2103,2020-09-29 09:33:43.900,4510.6000,15295,0,253335180.000,0,-,-,-,-,4510.0000,4509.2000,4507.4000,4507.0000,4506.0000,4512.0000,4512.6000,4513.6000,4513.8000,4514.0000,1,1,1,6,1,1,1,1,1,1
SF,IF2103,2020-09-29 09:33:44.400,4510.6000,15295,0,253335180.000,0,-,-,-,-,4510.2000,4510.0000,4509.2000,4507.4000,4507.0000,4511.0000,4511.8000,4512.0000,4512.4000,4512.6000,1,1,1,1,6,1,1,2,1,1
SF,IF2103,2020-09-29 09:33:44.900,4510.6000,15295,0,253335180.000,0,-,-,-,-,4510.0000,4509.2000,4507.4000,4507.0000,4506.0000,4511.8000,4512.0000,4512.4000,4512.6000,4513.6000,1,1,1,6,1,1,2,1,1,1
SF,IF2103,2020-09-29 09:33:45.400,4510.6000,15295,0,253335180.000,0,-,-,-,-,4510.0000,4509.2000,4507.4000,4507.0000,4506.0000,4511.8000,4512.0000,4512.4000,4512.6000,4513.6000,1,1,1,6,1,1,1,1,1,1
SF,IF2103,2020-09-29 09:33:46.900,4510.6000,15295,0,253335180.000,0,-,-,-,-,4510.0000,4509.2000,4507.4000,4507.0000,4506.0000,4512.0000,4512.4000,4512.6000,4513.6000,4513.8000,2,1,1,6,1,1,1,1,1,1
SF,IF2103,2020-09-29 09:33:47.400,4510.6000,15295,0,253335180.000,0,-,-,-,-,4510.2000,4510.0000,4509.2000,4507.4000,4507.0000,4512.0000,4512.4000,4512.6000,4513.6000,4513.8000,1,1,1,1,6,1,1,1,1,1
SF,IF2103,2020-09-29 09:33:48.900,4510.6000,15295,0,253335180.000,0,-,-,-,-,4510.4000,4510.2000,4510.0000,4509.2000,4507.4000,4512.0000,4512.4000,4512.6000,4513.6000,4513.8000,1,1,1,1,1,2,1,1,1,1
SF,IF2103,2020-09-29 09:33:49.900,4510.6000,15295,0,253335180.000,0,-,-,-,-,4510.4000,4510.2000,4510.0000,4509.2000,4507.4000,4512.0000,4512.4000,4512.6000,4513.6000,4513.8000,1,1,1,1,1,1,1,1,1,1
SF,IF2103,2020-09-29 09:33:50.400,4510.6000,15295,0,253335180.000,0,-,-,-,-,4510.6000,4510.4000,4510.2000,4510.0000,4509.2000,4512.0000,4512.4000,4512.6000,4513.6000,4513.8000,1,1,1,1,1,1,1,1,1,1
SF,IF2103,2020-09-29 09:33:51.400,4512.0000,15294,-1,254688780.000,1,0,1,双平,S,4510.6000,4510.4000,4510.2000,4510.0000,4509.2000,4512.4000,4512.6000,4513.6000,4513.8000,4514.0000,1,1,1,1,1,1,1,1,1,1
SF,IF2103,2020-09-29 09:33:51.900,4512.0000,15294,0,254688780.000,0,-,-,-,-,4510.8000,4510.6000,4510.2000,4510.0000,4509.2000,4512.4000,4512.6000,4513.6000,4513.8000,4514.0000,1,1,1,1,1,1,1,1,1,1
SF,IF2103,2020-09-29 09:33:52.400,4512.0000,15294,0,254688780.000,0,-,-,-,-,4510.8000,4510.2000,4510.0000,4509.2000,4507.4000,4512.4000,4512.6000,4513.6000,4513.8000,4514.0000,1,1,1,1,1,1,1,1,1,1
SF,IF2103,2020-09-29 09:33:52.900,4512.0000,15294,0,254688780.000,0,-,-,-,-,4510.8000,4510.2000,4510.0000,4509.2000,4507.4000,4512.4000,4512.6000,4513.6000,4513.8000,4514.0000,1,1,1,1,1,1,1,1,1,1
SF,IF2103,2020-09-29 09:33:53.900,4512.0000,15294,0,254688780.000,0,-,-,-,-,4510.2000,4510.0000,4509.2000,4507.4000,4507.0000,4512.4000,4512.6000,4513.6000,4513.8000,4514.0000,1,1,1,1,6,1,1,1,1,1
SF,IF2103,2020-09-29 09:33:54.400,4512.0000,15294,0,254688780.000,0,-,-,-,-,4510.2000,4510.0000,4509.2000,4507.4000,4507.0000,4512.4000,4512.6000,4513.6000,4513.8000,4514.0000,2,1,1,1,6,1,1,1,1,1
SF,IF2103,2020-09-29 09:33:55.400,4512.0000,15294,0,254688780.000,0,-,-,-,-,4510.2000,4510.0000,4509.2000,4507.4000,4507.0000,4512.4000,4512.6000,4513.6000,4513.8000,4514.0000,2,1,1,1,6,1,1,1,1,1
SF,IF2103,2020-09-29 09:33:55.900,4512.0000,15294,0,254688780.000,0,-,-,-,-,4510.4000,4510.2000,4510.0000,4509.2000,4507.4000,4512.4000,4512.6000,4513.6000,4513.8000,4514.0000,2,2,1,1,1,1,1,1,1,1
SF,IF2103,2020-09-29 09:33:56.400,4512.0000,15294,0,254688780.000,0,-,-,-,-,4510.6000,4510.4000,4510.0000,4509.2000,4507.4000,4512.4000,4512.6000,4513.6000,4513.8000,4514.0000,2,2,1,1,1,1,1,1,1,1
SF,IF2103,2020-09-29 09:33:56.900,4512.0000,15294,0,254688780.000,0,-,-,-,-,4510.6000,4510.4000,4510.0000,4509.2000,4507.4000,4512.4000,4512.6000,4513.6000,4513.8000,4514.0000,1,1,1,1,1,1,1,1,1,1
SF,IF2103,2020-09-29 09:33:57.400,4512.0000,15294,0,254688780.000,0,-,-,-,-,4510.8000,4510.6000,4510.0000,4509.2000,4507.4000,4512.4000,4512.6000,4513.6000,4513.8000,4514.0000,1,1,1,1,1,1,1,1,1,1
SF,IF2103,2020-09-29 09:33:58.900,4510.6000,15293,-1,257395200.000,2,0,2,多平,S,4510.0000,4509.2000,4507.4000,4507.0000,4506.0000,4512.2000,4512.4000,4512.6000,4513.6000,4513.8000,1,1,1,6,1,1,2,1,1,1
SF,IF2103,2020-09-29 09:33:59.400,4510.6000,15293,0,257395200.000,0,-,-,-,-,4510.0000,4509.2000,4507.4000,4507.0000,4506.0000,4511.0000,4511.6000,4512.0000,4512.2000,4512.4000,1,1,1,6,1,1,1,1,2,1
SF,IF2103,2020-09-29 09:33:59.900,4510.6000,15293,0,257395200.000,0,-,-,-,-,4510.0000,4509.2000,4507.4000,4507.0000,4506.0000,4511.6000,4512.0000,4512.2000,4512.4000,4512.6000,1,1,1,6,1,1,1,1,1,1
SF,IF2103,2020-09-29 09:34:00.900,4510.6000,15293,0,257395200.000,0,-,-,-,-,4510.0000,4509.2000,4507.4000,4507.0000,4506.0000,4511.2000,4512.0000,4512.4000,4512.6000,4513.6000,1,1,1,6,1,1,1,1,1,1
SF,IF2103,2020-09-29 09:34:01.400,4510.6000,15293,0,257395200.000,0,-,-,-,-,4510.2000,4510.0000,4509.2000,4507.4000,4507.0000,4511.2000,4512.0000,4512.4000,4512.6000,4513.6000,2,1,1,1,6,1,1,1,1,1
SF,IF2103,2020-09-29 09:34:01.900,4510.6000,15293,0,257395200.000,0,-,-,-,-,4510.2000,4510.0000,4509.2000,4507.4000,4507.0000,4511.0000,4512.0000,4512.4000,4512.6000,4513.6000,2,1,1,1,6,1,1,1,1,1
SF,IF2103,2020-09-29 09:34:02.400,4510.6000,15293,0,257395200.000,0,-,-,-,-,4510.2000,4510.0000,4509.2000,4507.4000,4507.0000,4511.0000,4512.0000,4512.4000,4512.6000,4513.6000,1,1,1,1,6,1,1,1,1,1
SF,IF2103,2020-09-29 09:34:02.900,4510.6000,15293,0,257395200.000,0,-,-,-,-,4510.2000,4510.0000,4509.2000,4507.4000,4507.0000,4511.0000,4511.8000,4512.0000,4512.4000,4512.6000,1,1,1,1,6,1,1,1,1,1
SF,IF2103,2020-09-29 09:34:03.400,4510.6000,15293,0,257395200.000,0,-,-,-,-,4510.2000,4510.0000,4509.2000,4507.4000,4507.0000,4510.8000,4511.0000,4511.8000,4512.0000,4512.4000,1,1,1,1,6,1,1,1,1,1
SF,IF2103,2020-09-29 09:34:03.900,4510.6000,15293,0,257395200.000,0,-,-,-,-,4510.2000,4510.0000,4509.2000,4507.4000,4507.0000,4510.8000,4511.0000,4511.8000,4512.0000,4512.4000,1,1,1,1,6,1,1,1,1,1
SF,IF2103,2020-09-29 09:34:04.900,4510.2000,15292,-1,258748260.000,1,0,1,双平,S,4510.0000,4509.2000,4507.4000,4507.0000,4506.4000,4510.8000,4511.0000,4511.8000,4512.0000,4512.4000,1,1,1,6,2,1,1,1,1,1
SF,IF2103,2020-09-29 09:34:05.400,4510.2000,15292,0,258748260.000,0,-,-,-,-,4510.0000,4509.2000,4507.4000,4507.0000,4506.4000,4511.0000,4511.8000,4512.0000,4512.4000,4512.6000,1,1,1,6,2,1,1,1,1,1
SF,IF2103,2020-09-29 09:34:06.400,4510.2000,15292,0,258748260.000,0,-,-,-,-,4510.0000,4509.2000,4507.4000,4507.0000,4506.4000,4510.8000,4511.0000,4511.8000,4512.0000,4512.4000,1,1,1,6,2,1,1,1,1,1
SF,IF2103,2020-09-29 09:34:06.900,4510.2000,15292,0,258748260.000,0,-,-,-,-,4510.0000,4509.2000,4507.4000,4507.0000,4506.4000,4511.0000,4511.8000,4512.0000,4512.4000,4512.6000,1,1,1,6,2,1,1,1,1,1
SF,IF2103,2020-09-29 09:34:07.400,4510.2000,15292,0,258748260.000,0,-,-,-,-,4510.0000,4509.2000,4507.4000,4507.0000,4506.0000,4511.0000,4511.8000,4512.0000,4512.4000,4512.6000,1,1,1,6,1,1,1,1,1,1
SF,IF2103,2020-09-29 09:34:07.900,4510.2000,15292,0,258748260.000,0,-,-,-,-,4510.0000,4509.2000,4507.4000,4507.0000,4506.0000,4510.8000,4511.0000,4511.8000,4512.0000,4512.4000,1,1,1,6,1,1,1,1,1,1
SF,IF2103,2020-09-29 09:34:08.400,4510.0000,15292,0,260101260.000,1,0,1,多换,S,4507.4000,4507.0000,4506.0000,4505.6000,4503.6000,4510.2000,4510.8000,4511.0000,4511.8000,4512.0000,1,6,1,1,1,1,2,1,1,1
SF,IF2103,2020-09-29 09:34:08.900,4510.0000,15292,0,260101260.000,0,-,-,-,-,4508.4000,4507.8000,4507.6000,4507.4000,4507.0000,4510.0000,4510.2000,4510.8000,4511.0000,4511.8000,1,1,2,2,6,2,1,1,1,1
SF,IF2103,2020-09-29 09:34:09.900,4510.0000,15292,0,260101260.000,0,-,-,-,-,4508.4000,4507.8000,4507.6000,4507.4000,4507.0000,4510.0000,4510.2000,4510.8000,4511.0000,4511.8000,2,1,2,2,6,2,1,1,1,1
SF,IF2103,2020-09-29 09:34:10.400,4510.0000,15292,0,260101260.000,0,-,-,-,-,4508.4000,4507.6000,4507.4000,4507.0000,4506.0000,4510.0000,4510.2000,4510.8000,4511.0000,4511.8000,1,1,1,6,1,2,1,1,1,1
SF,IF2103,2020-09-29 09:34:11.400,4510.0000,15292,0,260101260.000,0,-,-,-,-,4508.4000,4507.6000,4507.4000,4507.0000,4506.0000,4510.0000,4510.2000,4510.8000,4511.0000,4511.8000,1,1,1,5,1,2,1,1,1,1
SF,IF2103,2020-09-29 09:34:11.900,4510.0000,15292,0,260101260.000,0,-,-,-,-,4508.4000,4507.6000,4507.0000,4506.0000,4505.6000,4510.0000,4510.2000,4510.8000,4511.0000,4511.8000,1,1,5,1,1,2,1,1,1,1
SF,IF2103,2020-09-29 09:34:12.400,4510.0000,15292,0,260101260.000,0,-,-,-,-,4507.6000,4507.0000,4506.0000,4505.6000,4503.6000,4510.0000,4510.2000,4510.8000,4511.0000,4511.8000,1,5,1,1,1,2,1,1,1,1
SF,IF2103,2020-09-29 09:34:12.900,4510.0000,15292,0,260101260.000,0,-,-,-,-,4507.8000,4507.0000,4506.0000,4505.6000,4503.6000,4509.8000,4510.0000,4510.2000,4510.8000,4511.0000,1,5,1,1,1,1,2,1,1,1
SF,IF2103,2020-09-29 09:34:13.400,4510.0000,15292,0,260101260.000,0,-,-,-,-,4507.0000,4506.0000,4505.6000,4503.6000,4503.0000,4509.6000,4509.8000,4510.2000,4510.8000,4511.0000,5,1,1,1,1,2,1,1,1,1
SF,IF2103,2020-09-29 09:34:13.900,4510.0000,15292,0,260101260.000,0,-,-,-,-,4507.2000,4507.0000,4506.0000,4505.6000,4503.6000,4509.4000,4509.6000,4510.2000,4510.8000,4511.0000,2,5,1,1,1,1,2,1,1,1
SF,IF2103,2020-09-29 09:34:14.400,4509.6000,15291,-1,261454140.000,1,0,1,双平,S,4507.2000,4507.0000,4505.6000,4503.6000,4503.0000,4509.2000,4509.4000,4510.2000,4510.8000,4511.0000,2,5,1,1,1,1,1,1,1,1
SF,IF2103,2020-09-29 09:34:14.900,4509.6000,15291,0,261454140.000,0,-,-,-,-,4507.2000,4507.0000,4505.6000,4503.6000,4503.0000,4509.0000,4509.2000,4510.2000,4510.8000,4511.0000,1,5,1,1,1,1,2,1,1,1
SF,IF2103,2020-09-29 09:34:15.400,4509.6000,15291,0,261454140.000,0,-,-,-,-,4507.2000,4507.0000,4505.6000,4503.6000,4503.0000,4509.0000,4509.2000,4510.2000,4510.8000,4511.0000,1,5,1,1,1,1,2,1,1,1
SF,IF2103,2020-09-29 09:34:15.900,4509.6000,15291,0,261454140.000,0,-,-,-,-,4507.2000,4507.0000,4505.6000,4503.6000,4503.0000,4509.0000,4509.2000,4510.2000,4510.8000,4511.0000,1,5,1,1,1,1,1,1,1,1
SF,IF2103,2020-09-29 09:34:17.400,4509.6000,15291,0,261454140.000,0,-,-,-,-,4507.2000,4507.0000,4505.6000,4503.6000,4503.0000,4509.0000,4509.2000,4510.2000,4510.8000,4511.0000,2,5,1,1,1,1,1,1,1,1
SF,IF2103,2020-09-29 09:34:17.900,4509.2000,15290,-1,264159600.000,2,0,2,多平,S,4507.4000,4507.2000,4507.0000,4505.6000,4503.6000,4510.2000,4510.8000,4511.0000,4511.8000,4512.0000,2,2,5,1,1,1,1,1,1,1
SF,IF2103,2020-09-29 09:34:18.400,4509.2000,15290,0,264159600.000,0,-,-,-,-,4507.6000,4507.4000,4507.0000,4505.6000,4503.6000,4510.2000,4510.8000,4511.0000,4511.8000,4512.0000,4,2,5,1,1,1,1,1,1,1
SF,IF2103,2020-09-29 09:34:18.900,4509.2000,15290,0,264159600.000,0,-,-,-,-,4508.0000,4507.8000,4507.6000,4507.4000,4507.0000,4510.2000,4510.8000,4511.0000,4511.8000,4512.0000,1,3,3,1,5,1,1,1,1,1
SF,IF2103,2020-09-29 09:34:19.400,4509.2000,15290,0,264159600.000,0,-,-,-,-,4508.2000,4508.0000,4507.8000,4507.6000,4507.4000,4510.2000,4510.8000,4511.0000,4511.8000,4512.0000,2,2,2,1,1,1,1,1,1,1
SF,IF2103,2020-09-29 09:34:19.900,4509.2000,15290,0,264159600.000,0,-,-,-,-,4508.4000,4508.2000,4508.0000,4507.8000,4507.6000,4510.2000,4510.8000,4511.0000,4511.8000,4512.0000,2,2,1,2,1,1,1,1,1,1
SF,IF2103,2020-09-29 09:34:20.400,4509.2000,15290,0,264159600.000,0,-,-,-,-,4508.6000,4508.2000,4507.6000,4507.0000,4505.6000,4510.2000,4510.8000,4511.0000,4511.8000,4512.0000,1,1,1,5,1,1,1,1,1,1
SF,IF2103,2020-09-29 09:34:20.900,4509.2000,15290,0,264159600.000,0,-,-,-,-,4508.6000,4508.2000,4507.6000,4507.0000,4505.6000,4510.0000,4510.2000,4510.8000,4511.0000,4511.8000,1,1,1,5,1,1,1,1,1,1
SF,IF2103,2020-09-29 09:34:21.400,4509.2000,15290,0,264159600.000,0,-,-,-,-,4508.6000,4508.2000,4507.0000,4505.6000,4503.6000,4510.0000,4510.2000,4510.8000,4511.0000,4511.8000,1,1,5,1,1,1,1,1,1,1
SF,IF2103,2020-09-29 09:34:23.900,4509.2000,15290,0,264159600.000,0,-,-,-,-,4508.6000,4508.2000,4507.0000,4505.6000,4503.6000,4510.0000,4510.2000,4510.8000,4511.0000,4511.8000,1,1,5,1,1,1,1,1,1,1
SF,IF2103,2020-09-29 09:34:25.900,4508.6000,15289,-1,265512180.000,1,0,1,双平,S,4508.2000,4507.0000,4505.6000,4503.6000,4503.0000,4509.8000,4510.0000,4510.2000,4510.8000,4511.0000,1,5,1,1,1,1,1,1,1,1
SF,IF2103,2020-09-29 09:34:26.400,4508.6000,15289,0,265512180.000,0,-,-,-,-,4508.2000,4507.0000,4505.6000,4503.6000,4503.0000,4508.4000,4509.6000,4509.8000,4510.0000,4510.2000,1,5,1,1,1,1,2,2,1,1
SF,IF2103,2020-09-29 09:34:26.900,4508.2000,15289,0,266864640.000,1,0,1,多换,S,4507.0000,4505.6000,4503.6000,4503.0000,4502.0000,4508.4000,4509.6000,4509.8000,4510.0000,4510.2000,5,1,1,1,5,1,1,2,1,1
SF,IF2103,2020-09-29 09:34:27.900,4508.2000,15289,0,266864640.000,0,-,-,-,-,4507.2000,4507.0000,4505.6000,4503.6000,4503.0000,4508.4000,4509.6000,4509.8000,4510.0000,4510.2000,1,5,1,1,1,1,1,2,1,1
SF,IF2103,2020-09-29 09:34:28.400,4508.2000,15289,0,266864640.000,0,-,-,-,-,4507.2000,4507.0000,4505.6000,4503.6000,4503.0000,4508.4000,4509.6000,4509.8000,4510.2000,4510.8000,1,5,1,1,1,1,1,2,1,1
SF,IF2103,2020-09-29 09:34:28.900,4508.2000,15289,0,266864640.000,0,-,-,-,-,4507.0000,4505.6000,4503.6000,4503.0000,4502.0000,4508.4000,4509.6000,4509.8000,4510.2000,4510.8000,5,1,1,1,5,1,1,1,1,1
SF,IF2103,2020-09-29 09:34:30.900,4508.2000,15289,0,266864640.000,0,-,-,-,-,4507.0000,4505.6000,4503.6000,4503.0000,4502.0000,4508.4000,4509.6000,4509.8000,4510.2000,4511.8000,5,1,1,1,5,1,1,1,1,1
SF,IF2103,2020-09-29 09:34:31.400,4508.2000,15289,0,266864640.000,0,-,-,-,-,4507.0000,4505.6000,4503.6000,4503.0000,4502.0000,4508.0000,4508.4000,4509.6000,4509.8000,4510.2000,5,1,1,1,5,1,1,1,1,1
SF,IF2103,2020-09-29 09:34:31.900,4508.2000,15289,0,266864640.000,0,-,-,-,-,4507.0000,4505.6000,4503.6000,4503.0000,4502.0000,4508.0000,4508.4000,4509.6000,4510.2000,4511.8000,5,1,1,1,5,1,1,1,1,1
SF,IF2103,2020-09-29 09:34:32.400,4508.2000,15289,0,266864640.000,0,-,-,-,-,4507.0000,4505.6000,4503.6000,4503.0000,4502.0000,4508.4000,4509.6000,4510.2000,4511.8000,4512.0000,5,1,1,1,5,1,1,1,1,1
SF,IF2103,2020-09-29 09:34:34.400,4508.4000,15288,-1,268217160.000,1,0,1,双平,S,4507.0000,4505.6000,4503.6000,4503.0000,4502.0000,4509.6000,4510.2000,4511.8000,4512.0000,4512.4000,5,1,1,1,5,1,1,1,1,1
SF,IF2103,2020-09-29 09:34:34.900,4508.4000,15288,0,268217160.000,0,-,-,-,-,4507.2000,4507.0000,4503.6000,4503.0000,4502.0000,4508.8000,4509.4000,4509.6000,4510.2000,4511.8000,2,5,1,1,5,1,2,2,1,1
SF,IF2103,2020-09-29 09:34:35.400,4508.4000,15288,0,268217160.000,0,-,-,-,-,4507.2000,4507.0000,4503.6000,4503.0000,4502.0000,4508.8000,4509.4000,4509.6000,4510.2000,4511.8000,2,5,1,1,5,1,2,1,1,1
SF,IF2103,2020-09-29 09:34:35.900,4507.2000,15287,-1,269569320.000,1,0,1,双平,S,4507.4000,4507.2000,4507.0000,4503.6000,4503.0000,4508.8000,4509.4000,4510.2000,4511.8000,4512.0000,1,1,5,1,1,1,2,1,1,1
SF,IF2103,2020-09-29 09:34:36.400,4508.8000,15286,-1,270921960.000,1,0,1,双平,S,4507.4000,4507.2000,4507.0000,4503.6000,4503.0000,4509.4000,4510.2000,4511.8000,4512.0000,4512.4000,1,1,5,1,1,2,1,1,1,1
SF,IF2103,2020-09-29 09:34:36.900,4508.8000,15286,0,270921960.000,0,-,-,-,-,4507.6000,4507.4000,4507.2000,4507.0000,4503.6000,4509.4000,4510.2000,4511.8000,4512.0000,4512.4000,1,2,1,5,1,2,1,1,1,1
SF,IF2103,2020-09-29 09:34:37.400,4508.8000,15286,0,270921960.000,0,-,-,-,-,4507.8000,4507.6000,4507.4000,4507.2000,4507.0000,4509.4000,4510.2000,4511.8000,4512.0000,4512.4000,1,2,1,1,5,2,1,1,1,1
SF,IF2103,2020-09-29 09:34:37.900,4508.8000,15286,0,270921960.000,0,-,-,-,-,4507.8000,4507.6000,4507.4000,4507.2000,4507.0000,4509.4000,4510.2000,4511.8000,4512.0000,4512.4000,2,1,1,1,5,2,1,1,1,1
SF,IF2103,2020-09-29 09:34:38.400,4508.8000,15286,0,270921960.000,0,-,-,-,-,4507.8000,4507.6000,4507.2000,4507.0000,4503.6000,4509.4000,4510.2000,4511.8000,4512.0000,4512.4000,1,1,1,5,1,2,1,1,1,1
SF,IF2103,2020-09-29 09:34:38.900,4508.8000,15286,0,270921960.000,0,-,-,-,-,4507.8000,4507.2000,4507.0000,4503.6000,4503.0000,4509.4000,4510.2000,4511.8000,4512.0000,4512.4000,1,1,5,1,1,2,1,1,1,1
SF,IF2103,2020-09-29 09:34:39.400,4508.8000,15286,0,270921960.000,0,-,-,-,-,4507.2000,4507.0000,4503.6000,4503.0000,4502.0000,4509.4000,4510.2000,4511.8000,4512.0000,4512.4000,1,5,1,1,5,2,1,1,1,1
SF,IF2103,2020-09-29 09:34:39.900,4508.8000,15286,0,270921960.000,0,-,-,-,-,4507.4000,4507.2000,4507.0000,4503.6000,4503.0000,4509.4000,4510.2000,4511.8000,4512.0000,4512.4000,1,2,5,1,1,2,1,1,1,1
SF,IF2103,2020-09-29 09:34:40.400,4508.8000,15286,0,270921960.000,0,-,-,-,-,4507.4000,4507.2000,4507.0000,4503.6000,4503.0000,4509.0000,4509.4000,4510.2000,4511.8000,4512.0000,2,1,5,1,1,1,2,1,1,1
SF,IF2103,2020-09-29 09:34:40.900,4508.8000,15286,0,270921960.000,0,-,-,-,-,4507.4000,4507.2000,4507.0000,4503.6000,4503.0000,4508.8000,4509.0000,4509.4000,4510.2000,4511.8000,1,1,5,1,1,1,1,1,1,1
SF,IF2103,2020-09-29 09:34:42.400,4508.8000,15286,0,270921960.000,0,-,-,-,-,4507.2000,4507.0000,4503.6000,4503.0000,4502.4000,4508.8000,4509.0000,4509.4000,4510.2000,4511.8000,1,5,1,1,5,1,1,1,1,1
SF,IF2103,2020-09-29 09:34:42.900,4508.8000,15286,0,270921960.000,0,-,-,-,-,4507.2000,4507.0000,4503.6000,4503.0000,4502.4000,4508.6000,4508.8000,4509.4000,4510.2000,4511.8000,1,5,1,1,5,1,1,1,1,1
SF,IF2103,2020-09-29 09:34:43.400,4508.8000,15286,0,270921960.000,0,-,-,-,-,4507.2000,4507.0000,4503.6000,4503.0000,4502.4000,4508.4000,4508.6000,4509.4000,4510.2000,4511.8000,1,5,1,1,5,1,1,1,1,1
SF,IF2103,2020-09-29 09:34:43.900,4508.6000,15284,-2,273627060.000,2,0,2,双平,S,4507.4000,4507.2000,4507.0000,4503.6000,4503.0000,4509.4000,4510.2000,4511.8000,4512.0000,4512.4000,1,1,5,1,1,1,1,1,1,1
SF,IF2103,2020-09-29 09:34:44.400,4508.6000,15284,0,273627060.000,0,-,-,-,-,4507.6000,4507.4000,4507.2000,4507.0000,4503.6000,4509.4000,4510.2000,4511.8000,4512.0000,4512.4000,1,2,1,5,1,1,1,1,1,1
SF,IF2103,2020-09-29 09:34:44.900,4509.4000,15284,0,274979880.000,1,0,1,多换,S,4507.8000,4507.6000,4507.4000,4507.2000,4507.0000,4510.2000,4511.8000,4512.0000,4512.4000,4512.6000,3,2,1,1,5,1,1,1,1,1
SF,IF2103,2020-09-29 09:34:45.400,4509.4000,15284,0,274979880.000,0,-,-,-,-,4508.0000,4507.8000,4507.4000,4507.2000,4507.0000,4510.0000,4510.2000,4511.8000,4512.0000,4512.4000,3,3,1,1,5,1,1,1,1,1
SF,IF2103,2020-09-29 09:34:45.900,4509.4000,15284,0,274979880.000,0,-,-,-,-,4508.2000,4508.0000,4507.8000,4507.2000,4507.0000,4510.0000,4510.2000,4511.8000,4512.0000,4512.4000,1,3,3,1,5,1,1,1,1,1
SF,IF2103,2020-09-29 09:34:46.400,4509.4000,15284,0,274979880.000,0,-,-,-,-,4508.0000,4507.8000,4507.2000,4507.0000,4503.6000,4510.0000,4510.2000,4511.8000,4512.0000,4512.4000,2,1,1,5,1,1,1,1,1,1
SF,IF2103,2020-09-29 09:34:46.900,4509.4000,15284,0,274979880.000,0,-,-,-,-,4508.2000,4508.0000,4507.8000,4507.2000,4507.0000,4510.0000,4510.2000,4511.8000,4512.0000,4512.4000,1,2,1,1,5,2,1,1,1,1
SF,IF2103,2020-09-29 09:34:47.400,4509.4000,15284,0,274979880.000,0,-,-,-,-,4508.4000,4508.2000,4508.0000,4507.8000,4507.2000,4509.6000,4510.2000,4511.8000,4512.0000,4512.4000,2,1,1,1,1,1,1,1,1,1
SF,IF2103,2020-09-29 09:34:47.900,4509.6000,15284,0,276332760.000,1,0,1,多换,S,4508.6000,4508.4000,4508.2000,4508.0000,4507.2000,4510.2000,4511.8000,4512.0000,4512.4000,4512.6000,1,4,1,1,1,1,1,1,1,1
SF,IF2103,2020-09-29 09:34:48.400,4510.2000,15283,-1,277685820.000,1,0,1,双平,S,4508.8000,4508.6000,4508.4000,4508.0000,4507.2000,4511.8000,4512.0000,4512.4000,4512.6000,4513.6000,1,1,3,1,1,1,1,1,1,1
SF,IF2103,2020-09-29 09:34:48.900,4510.2000,15283,0,277685820.000,0,-,-,-,-,4509.2000,4509.0000,4508.8000,4508.6000,4508.4000,4511.6000,4511.8000,4512.0000,4512.4000,4512.6000,1,1,3,1,3,1,1,1,1,1
SF,IF2103,2020-09-29 09:34:49.400,4510.2000,15283,0,277685820.000,0,-,-,-,-,4509.4000,4509.2000,4508.6000,4508.4000,4507.2000,4511.6000,4511.8000,4512.0000,4512.4000,4512.6000,2,1,1,3,1,1,1,1,1,1
SF,IF2103,2020-09-29 09:34:49.900,4510.2000,15283,0,277685820.000,0,-,-,-,-,4509.4000,4509.2000,4508.6000,4508.4000,4507.2000,4511.6000,4511.8000,4512.0000,4512.4000,4512.6000,2,1,1,2,1,2,1,1,1,1
SF,IF2103,2020-09-29 09:34:50.400,4511.6000,15282,-1,279039300.000,1,0,1,双平,S,4509.4000,4509.2000,4508.6000,4507.2000,4507.0000,4511.6000,4511.8000,4512.0000,4512.4000,4512.6000,2,1,1,1,5,1,1,1,1,1
SF,IF2103,2020-09-29 09:34:50.900,4511.6000,15282,0,279039300.000,0,-,-,-,-,4509.4000,4509.2000,4507.2000,4507.0000,4503.6000,4510.8000,4511.4000,4511.6000,4511.8000,4512.0000,2,1,1,5,1,1,1,1,1,1
SF,IF2103,2020-09-29 09:34:51.400,4509.4000,15281,-1,280392120.000,1,0,1,双平,S,4509.2000,4507.2000,4507.0000,4503.6000,4503.0000,4510.8000,4511.4000,4511.6000,4511.8000,4512.0000,1,1,5,1,1,1,1,1,1,1
SF,IF2103,2020-09-29 09:34:51.900,4509.4000,15281,0,280392120.000,0,-,-,-,-,4509.2000,4507.2000,4507.0000,4503.6000,4503.0000,4510.6000,4510.8000,4511.8000,4512.0000,4512.4000,1,1,5,1,1,2,1,1,1,1
SF,IF2103,2020-09-29 09:34:52.400,4509.2000,15280,-1,281744880.000,1,0,1,双平,S,4507.2000,4507.0000,4503.6000,4503.0000,4502.4000,4510.6000,4510.8000,4511.8000,4512.0000,4512.4000,1,5,1,1,5,2,1,1,1,1
