市场代码,合约代码,时间,最新,持仓,增仓,成交额,成交量,开仓,平仓,成交类型,方向,买一价,买二价,买三价,买四价,买五价,卖一价,卖二价,卖三价,卖四价,卖五价,买一量,买二量,买三量,买四量,买五量,卖一量,卖二量,卖三量,卖四量,卖五量
SF,IF2103,2020-08-10 09:29:00.400,4553.8000,2535,0,2732280.000,2.000,-,-,-,-,4546.6000,4540.6000,4539.6000,4537.4000,4525.8000,4554.0000,4559.2000,4563.2000,4564.0000,4568.0000,1,1,4,1,1,1,1,1,2,5
SF,IF2103,2020-08-10 09:30:00.400,4554.0000,2535,0,4098480.000,1,0,1,多换,S,4540.6000,4525.8000,4521.2000,4518.2000,4516.2000,4546.6000,4552.4000,4563.2000,4564.0000,4568.0000,1,1,1,1,1,2,1,1,1,1
SF,IF2103,2020-08-10 09:30:00.900,4546.6000,2535,0,5462460.000,1,0,1,多换,S,4541.2000,4525.8000,4521.2000,4518.2000,4514.2000,4546.6000,4552.4000,4563.2000,4564.0000,4576.2000,1,1,1,1,1,1,1,1,1,1
SF,IF2103,2020-08-10 09:30:01.400,4546.6000,2535,0,5462460.000,0,-,-,-,-,4541.2000,4525.8000,4521.2000,4518.2000,4514.2000,4545.8000,4546.6000,4553.0000,4563.2000,4564.0000,1,1,1,1,1,1,1,1,1,1
SF,IF2103,2020-08-10 09:30:01.900,4546.6000,2535,0,5462460.000,0,-,-,-,-,4541.2000,4525.8000,4521.2000,4518.2000,4502.2000,4545.8000,4546.6000,4563.2000,4564.0000,4576.2000,1,1,1,1,4,1,1,1,1,1
SF,IF2103,2020-08-10 09:30:02.400,4546.6000,2535,0,5462460.000,0,-,-,-,-,4541.2000,4521.2000,4518.2000,4502.2000,4496.0000,4545.8000,4546.6000,4552.0000,4563.2000,4564.0000,1,1,1,4,1,1,1,1,1,1
SF,IF2103,2020-08-10 09:30:02.900,4541.2000,2534,-1,6824820.000,1,0,1,双平,S,4521.2000,4518.2000,4502.2000,4496.0000,4484.0000,4541.2000,4545.8000,4546.6000,4552.0000,4563.2000,1,1,4,1,1,1,1,1,1,1
SF,IF2103,2020-08-10 09:30:03.400,4541.2000,2532,-2,9549540.000,2,0,2,双平,S,4534.4000,4525.8000,4523.8000,4521.4000,4521.2000,4545.8000,4546.6000,4552.0000,4563.2000,4564.0000,1,1,3,1,1,1,1,1,1,1
SF,IF2103,2020-08-10 09:30:03.900,4541.2000,2532,0,9549540.000,0,-,-,-,-,4538.0000,4534.6000,4534.4000,4525.8000,4523.8000,4545.8000,4546.6000,4552.0000,4563.2000,4564.0000,1,1,1,1,3,1,1,1,1,1
SF,IF2103,2020-08-10 09:30:04.400,4541.2000,2532,0,9549540.000,0,-,-,-,-,4538.2000,4538.0000,4534.4000,4525.8000,4521.2000,4545.8000,4546.6000,4552.0000,4563.2000,4564.0000,1,1,1,1,1,1,1,1,1,1
SF,IF2103,2020-08-10 09:30:04.900,4541.2000,2532,0,9549540.000,0,-,-,-,-,4538.2000,4534.4000,4525.8000,4521.2000,4518.2000,4545.8000,4546.6000,4552.0000,4563.2000,4564.0000,1,1,1,1,1,1,1,1,1,1
SF,IF2103,2020-08-10 09:30:05.400,4541.2000,2532,0,9549540.000,0,-,-,-,-,4538.2000,4534.4000,4525.8000,4521.2000,4518.2000,4545.8000,4546.6000,4552.0000,4563.2000,4564.0000,1,1,1,1,1,1,1,1,1,1
SF,IF2103,2020-08-10 09:30:05.900,4541.2000,2532,0,9549540.000,0,-,-,-,-,4538.2000,4534.4000,4525.8000,4521.2000,4518.2000,4545.8000,4546.6000,4552.0000,4563.2000,4576.2000,1,1,1,1,1,1,1,1,1,1
SF,IF2103,2020-08-10 09:30:06.400,4538.2000,2532,0,10911000.000,1,0,1,多换,S,4534.4000,4525.8000,4521.2000,4518.2000,4502.2000,4544.8000,4545.6000,4545.8000,4546.6000,4552.0000,1,1,1,1,4,1,2,1,1,1
SF,IF2103,2020-08-10 09:30:06.900,4538.2000,2532,0,10911000.000,0,-,-,-,-,4525.8000,4521.2000,4518.2000,4502.2000,4496.0000,4544.6000,4544.8000,4545.6000,4545.8000,4546.6000,1,1,1,4,1,1,1,2,1,1
SF,IF2103,2020-08-10 09:30:07.400,4538.2000,2532,0,10911000.000,0,-,-,-,-,4534.4000,4525.8000,4521.2000,4518.2000,4502.2000,4544.6000,4545.6000,4545.8000,4546.6000,4552.0000,1,1,1,1,4,1,1,1,1,1
SF,IF2103,2020-08-10 09:30:07.900,4538.2000,2532,0,10911000.000,0,-,-,-,-,4535.0000,4534.4000,4525.8000,4521.2000,4518.2000,4544.6000,4545.6000,4545.8000,4546.6000,4552.0000,1,1,1,1,1,1,1,1,1,1
SF,IF2103,2020-08-10 09:30:08.900,4538.2000,2532,0,10911000.000,0,-,-,-,-,4536.0000,4534.4000,4525.8000,4521.2000,4518.2000,4544.6000,4545.6000,4545.8000,4546.6000,4552.0000,1,1,1,1,1,1,1,1,1,1
SF,IF2103,2020-08-10 09:30:09.400,4538.2000,2532,0,10911000.000,0,-,-,-,-,4538.0000,4536.2000,4534.4000,4525.8000,4521.2000,4545.6000,4545.8000,4546.6000,4552.0000,4563.2000,1,1,1,1,1,1,1,1,1,1
SF,IF2103,2020-08-10 09:30:09.900,4538.2000,2532,0,10911000.000,0,-,-,-,-,4538.2000,4538.0000,4534.4000,4525.8000,4521.2000,4545.6000,4545.8000,4546.6000,4552.0000,4563.2000,1,1,1,1,1,1,1,1,1,1
SF,IF2103,2020-08-10 09:30:10.400,4538.2000,2532,0,10911000.000,0,-,-,-,-,4534.4000,4525.8000,4521.2000,4518.2000,4502.2000,4545.4000,4545.6000,4545.8000,4546.6000,4563.2000,1,1,1,1,4,1,1,1,1,1
SF,IF2103,2020-08-10 09:30:10.900,4538.2000,2532,0,10911000.000,0,-,-,-,-,4534.4000,4525.8000,4521.2000,4518.2000,4502.2000,4545.2000,4545.4000,4545.6000,4545.8000,4546.6000,1,1,1,1,4,1,1,1,1,1
SF,IF2103,2020-08-10 09:30:11.400,4538.2000,2533,1,12272460.000,1,1,0,双开,S,4534.4000,4525.8000,4521.2000,4518.2000,4502.2000,4545.0000,4545.2000,4545.8000,4546.6000,4563.2000,1,1,1,1,4,1,1,1,1,1
SF,IF2103,2020-08-10 09:30:11.900,4538.2000,2533,0,12272460.000,0,-,-,-,-,4535.6000,4534.6000,4534.4000,4521.2000,4518.2000,4545.8000,4546.6000,4563.2000,4576.2000,4587.2000,1,1,1,1,1,1,1,1,1,4
SF,IF2103,2020-08-10 09:30:12.400,4538.2000,2533,0,12272460.000,0,-,-,-,-,4537.0000,4535.8000,4534.4000,4521.2000,4518.2000,4545.2000,4545.8000,4546.6000,4563.2000,4576.2000,2,1,1,1,1,1,1,1,1,1
SF,IF2103,2020-08-10 09:30:12.900,4538.2000,2533,0,12272460.000,0,-,-,-,-,4537.2000,4537.0000,4534.4000,4521.2000,4518.2000,4545.2000,4545.8000,4546.6000,4563.2000,4576.2000,2,2,1,1,1,1,1,1,1,1
SF,IF2103,2020-08-10 09:30:13.400,4538.2000,2533,0,12272460.000,0,-,-,-,-,4537.2000,4537.0000,4534.4000,4521.2000,4518.2000,4545.8000,4546.6000,4553.4000,4563.2000,4576.2000,2,2,1,1,1,1,1,1,1,1
SF,IF2103,2020-08-10 09:30:13.900,4538.2000,2533,0,12272460.000,0,-,-,-,-,4538.4000,4537.2000,4534.4000,4518.2000,4502.2000,4545.8000,4546.6000,4563.2000,4576.2000,4587.2000,2,1,1,1,4,1,1,1,1,4
SF,IF2103,2020-08-10 09:30:14.400,4538.2000,2533,0,12272460.000,0,-,-,-,-,4538.6000,4538.4000,4534.4000,4518.2000,4502.2000,4545.8000,4546.6000,4557.6000,4563.2000,4576.2000,1,2,1,1,4,1,1,1,1,1
SF,IF2103,2020-08-10 09:30:14.900,4538.2000,2533,0,12272460.000,0,-,-,-,-,4538.6000,4538.4000,4534.4000,4518.2000,4502.2000,4545.6000,4545.8000,4546.6000,4557.6000,4563.2000,1,2,1,1,4,2,1,1,1,1
SF,IF2103,2020-08-10 09:30:15.400,4538.2000,2533,0,12272460.000,0,-,-,-,-,4538.8000,4538.6000,4534.4000,4518.2000,4502.2000,4545.6000,4545.8000,4546.6000,4557.6000,4563.2000,1,1,1,1,4,1,1,1,1,1
SF,IF2103,2020-08-10 09:30:15.900,4538.2000,2533,0,12272460.000,0,-,-,-,-,4539.0000,4538.8000,4534.4000,4518.2000,4502.2000,4545.8000,4546.6000,4557.6000,4563.2000,4576.2000,1,1,1,1,4,1,1,1,1,1
SF,IF2103,2020-08-10 09:30:16.400,4538.2000,2533,0,12272460.000,0,-,-,-,-,4540.0000,4539.6000,4539.0000,4534.4000,4518.2000,4545.8000,4546.6000,4557.6000,4563.2000,4576.2000,2,1,1,1,1,1,1,1,1,1
SF,IF2103,2020-08-10 09:30:16.900,4538.2000,2533,0,12272460.000,0,-,-,-,-,4540.2000,4540.0000,4539.6000,4539.4000,4539.0000,4545.6000,4545.8000,4546.6000,4557.6000,4563.2000,1,3,1,1,1,1,1,1,1,1
SF,IF2103,2020-08-10 09:30:17.400,4538.2000,2533,0,12272460.000,0,-,-,-,-,4540.8000,4540.2000,4540.0000,4539.6000,4539.0000,4545.8000,4546.6000,4557.6000,4563.2000,4576.2000,1,2,2,1,1,1,1,1,1,1
SF,IF2103,2020-08-10 09:30:17.900,4538.2000,2533,0,12272460.000,0,-,-,-,-,4540.8000,4540.2000,4540.0000,4539.6000,4539.0000,4545.8000,4546.6000,4557.6000,4563.2000,4576.2000,2,1,2,1,1,1,1,1,1,1
SF,IF2103,2020-08-10 09:30:18.400,4538.2000,2533,0,12272460.000,0,-,-,-,-,4540.8000,4540.2000,4540.0000,4539.6000,4539.0000,4545.8000,4546.6000,4557.6000,4563.2000,4576.2000,2,1,2,1,1,1,1,1,1,1
SF,IF2103,2020-08-10 09:30:18.900,4538.2000,2533,0,12272460.000,0,-,-,-,-,4542.2000,4541.0000,4540.8000,4539.6000,4539.0000,4545.8000,4546.6000,4557.6000,4563.2000,4576.2000,2,1,2,1,1,1,1,1,1,1
SF,IF2103,2020-08-10 09:30:19.400,4538.2000,2533,0,12272460.000,0,-,-,-,-,4542.2000,4541.0000,4540.8000,4539.6000,4518.2000,4545.8000,4546.6000,4557.6000,4563.2000,4576.2000,1,1,1,1,1,1,1,1,1,1
SF,IF2103,2020-08-10 09:30:19.900,4538.2000,2533,0,12272460.000,0,-,-,-,-,4542.2000,4541.0000,4518.2000,4496.0000,4481.0000,4545.8000,4546.6000,4561.4000,4576.2000,4606.2000,1,1,1,1,1,1,1,1,1,1
SF,IF2103,2020-08-10 09:30:20.400,4542.2000,2532,-1,13635120.000,1,0,1,双平,S,4518.2000,4496.0000,4481.0000,4472.4000,4466.0000,4545.4000,4545.8000,4546.6000,4561.4000,4576.2000,1,1,1,1,1,1,1,1,1,1
SF,IF2103,2020-08-10 09:30:20.900,4542.2000,2532,0,13635120.000,0,-,-,-,-,4534.4000,4525.8000,4518.4000,4518.2000,4496.0000,4545.2000,4545.8000,4546.6000,4561.4000,4576.2000,1,1,2,1,1,1,1,1,1,1
SF,IF2103,2020-08-10 09:30:21.400,4542.2000,2532,0,13635120.000,0,-,-,-,-,4534.6000,4534.4000,4534.0000,4525.8000,4518.4000,4545.0000,4545.2000,4545.8000,4546.6000,4561.4000,1,1,1,1,1,1,2,1,1,1
SF,IF2103,2020-08-10 09:30:21.900,4542.2000,2532,0,13635120.000,0,-,-,-,-,4536.0000,4534.6000,4534.4000,4525.8000,4518.4000,4544.4000,4544.8000,4545.0000,4545.8000,4546.6000,1,1,1,1,1,1,1,1,1,1
SF,IF2103,2020-08-10 09:30:22.400,4542.2000,2532,0,13635120.000,0,-,-,-,-,4536.2000,4536.0000,4534.4000,4525.8000,4518.4000,4544.4000,4545.8000,4546.6000,4561.4000,4576.2000,2,1,1,1,1,1,1,1,1,1
SF,IF2103,2020-08-10 09:30:22.900,4542.2000,2532,0,13635120.000,0,-,-,-,-,4536.2000,4536.0000,4534.4000,4525.8000,4518.4000,4544.4000,4545.8000,4546.6000,4561.4000,4576.2000,2,1,1,1,1,1,1,1,1,1
SF,IF2103,2020-08-10 09:30:23.400,4542.2000,2532,0,13635120.000,0,-,-,-,-,4537.2000,4536.4000,4536.2000,4534.4000,4525.8000,4544.4000,4545.8000,4546.6000,4561.4000,4576.2000,1,1,2,1,1,1,1,1,1,1
SF,IF2103,2020-08-10 09:30:23.900,4542.2000,2532,0,13635120.000,0,-,-,-,-,4537.4000,4537.2000,4536.4000,4534.4000,4525.8000,4544.4000,4545.8000,4546.6000,4561.4000,4576.2000,2,1,1,1,1,1,1,1,1,1
SF,IF2103,2020-08-10 09:30:24.400,4542.2000,2532,0,13635120.000,0,-,-,-,-,4537.4000,4537.2000,4536.4000,4534.4000,4525.8000,4544.4000,4545.8000,4546.6000,4561.4000,4576.2000,2,1,1,1,1,1,1,1,1,1
SF,IF2103,2020-08-10 09:30:24.900,4542.2000,2532,0,13635120.000,0,-,-,-,-,4538.8000,4538.2000,4537.4000,4536.4000,4534.4000,4544.4000,4545.8000,4546.6000,4561.4000,4576.2000,1,1,2,1,1,1,1,1,1,1
SF,IF2103,2020-08-10 09:30:25.400,4542.2000,2532,0,13635120.000,0,-,-,-,-,4539.0000,4538.8000,4538.2000,4537.4000,4536.4000,4545.8000,4546.6000,4561.4000,4576.2000,4606.2000,1,1,1,1,1,1,1,1,1,1
SF,IF2103,2020-08-10 09:30:25.900,4542.2000,2532,0,13635120.000,0,-,-,-,-,4539.2000,4539.0000,4538.8000,4538.2000,4536.4000,4545.8000,4546.6000,4561.4000,4576.2000,4606.2000,1,1,1,1,1,1,1,1,1,1
SF,IF2103,2020-08-10 09:30:26.400,4542.2000,2532,0,13635120.000,0,-,-,-,-,4539.4000,4539.2000,4538.2000,4536.4000,4534.4000,4545.8000,4546.6000,4561.4000,4576.2000,4606.2000,1,1,1,1,1,1,1,1,1,1
SF,IF2103,2020-08-10 09:30:26.900,4542.2000,2532,0,13635120.000,0,-,-,-,-,4540.4000,4539.4000,4539.2000,4538.2000,4536.4000,4545.8000,4546.6000,4561.4000,4576.2000,4606.2000,1,1,1,1,1,1,1,1,1,1
SF,IF2103,2020-08-10 09:30:27.400,4542.2000,2532,0,13635120.000,0,-,-,-,-,4540.6000,4540.4000,4540.2000,4539.2000,4536.4000,4545.8000,4546.6000,4561.4000,4576.2000,4606.2000,1,1,1,1,1,1,1,1,1,1
SF,IF2103,2020-08-10 09:30:27.900,4542.2000,2532,0,13635120.000,0,-,-,-,-,4540.6000,4540.4000,4540.2000,4539.2000,4536.4000,4545.8000,4546.6000,4561.4000,4576.2000,4606.2000,1,1,1,1,1,1,1,1,1,1
SF,IF2103,2020-08-10 09:30:28.400,4542.2000,2532,0,13635120.000,0,-,-,-,-,4540.6000,4540.2000,4536.4000,4534.4000,4518.4000,4545.8000,4546.6000,4561.4000,4576.2000,4606.2000,1,1,1,1,1,1,1,1,1,1
SF,IF2103,2020-08-10 09:30:28.900,4542.2000,2532,0,13635120.000,0,-,-,-,-,4540.6000,4536.4000,4534.4000,4518.4000,4518.2000,4545.8000,4546.6000,4561.4000,4576.2000,4606.2000,1,1,1,1,1,1,1,1,1,1
SF,IF2103,2020-08-10 09:30:29.400,4542.2000,2532,0,13635120.000,0,-,-,-,-,4540.6000,4536.4000,4534.4000,4518.4000,4518.2000,4545.8000,4546.6000,4561.4000,4576.2000,4606.2000,1,1,1,1,1,1,1,1,1,1
SF,IF2103,2020-08-10 09:30:29.900,4540.8000,2531,-1,14997360.000,1,0,1,双平,S,4540.6000,4536.4000,4534.4000,4518.4000,4518.2000,4545.8000,4546.6000,4561.4000,4576.2000,4606.2000,1,1,1,1,1,1,1,1,1,1
SF,IF2103,2020-08-10 09:30:30.400,4540.8000,2531,0,14997360.000,0,-,-,-,-,4540.6000,4536.4000,4534.4000,4518.4000,4518.2000,4545.8000,4546.6000,4561.4000,4576.2000,4606.2000,1,1,1,1,1,1,1,1,1,1
SF,IF2103,2020-08-10 09:30:30.900,4540.8000,2531,0,14997360.000,0,-,-,-,-,4540.6000,4536.4000,4518.4000,4518.2000,4496.0000,4545.8000,4546.6000,4561.4000,4576.2000,4606.2000,1,1,1,1,1,1,1,1,1,1
SF,IF2103,2020-08-10 09:30:31.400,4540.8000,2531,0,14997360.000,0,-,-,-,-,4540.6000,4536.4000,4518.4000,4518.2000,4496.0000,4545.8000,4546.6000,4561.4000,4576.2000,4606.2000,1,1,1,1,1,1,1,1,1,1
SF,IF2103,2020-08-10 09:30:31.900,4540.8000,2531,0,16359600.000,1,0,1,多换,S,4540.6000,4536.4000,4518.4000,4518.2000,4496.0000,4545.8000,4546.6000,4561.4000,4576.2000,4606.2000,1,1,1,1,1,1,1,1,1,1
SF,IF2103,2020-08-10 09:30:32.400,4545.8000,2531,0,17723340.000,1,0,1,多换,S,4540.6000,4536.4000,4518.4000,4518.2000,4496.0000,4546.6000,4561.4000,4576.2000,4606.2000,4636.2000,1,1,1,1,1,1,1,1,1,1
SF,IF2103,2020-08-10 09:30:32.900,4545.8000,2531,0,17723340.000,0,-,-,-,-,4540.6000,4536.4000,4518.4000,4518.2000,4496.0000,4546.6000,4561.4000,4576.2000,4606.2000,4636.2000,1,1,1,1,1,1,1,1,1,1
SF,IF2103,2020-08-10 09:30:33.400,4545.8000,2531,0,17723340.000,0,-,-,-,-,4540.6000,4536.4000,4518.4000,4518.2000,4496.0000,4546.6000,4561.4000,4576.2000,4606.2000,4636.2000,1,1,1,1,1,1,1,1,1,1
SF,IF2103,2020-08-10 09:30:33.900,4545.8000,2531,0,17723340.000,0,-,-,-,-,4540.6000,4536.4000,4518.4000,4518.2000,4496.0000,4546.6000,4561.4000,4576.2000,4606.2000,4636.2000,1,1,1,1,1,1,1,1,1,1
SF,IF2103,2020-08-10 09:30:34.400,4545.8000,2531,0,17723340.000,0,-,-,-,-,4540.6000,4536.4000,4518.4000,4518.2000,4496.0000,4546.6000,4561.4000,4576.2000,4606.2000,4636.2000,1,1,1,1,1,1,1,1,1,1
SF,IF2103,2020-08-10 09:30:34.900,4545.8000,2531,0,17723340.000,0,-,-,-,-,4542.4000,4541.4000,4540.6000,4536.4000,4518.4000,4546.6000,4561.4000,4576.2000,4606.2000,4636.2000,1,1,1,1,1,1,1,1,1,1
SF,IF2103,2020-08-10 09:30:35.400,4545.8000,2531,0,17723340.000,0,-,-,-,-,4542.6000,4542.4000,4536.4000,4518.4000,4518.2000,4546.6000,4561.4000,4576.2000,4606.2000,4636.2000,1,1,1,1,1,1,1,1,1,1
SF,IF2103,2020-08-10 09:30:35.900,4545.8000,2531,0,17723340.000,0,-,-,-,-,4542.6000,4536.4000,4518.4000,4518.2000,4496.0000,4546.6000,4561.4000,4576.2000,4606.2000,4636.2000,1,1,1,1,1,1,1,1,1,1
SF,IF2103,2020-08-10 09:30:36.400,4545.8000,2531,0,17723340.000,0,-,-,-,-,4542.6000,4536.4000,4518.4000,4518.2000,4496.0000,4546.6000,4561.4000,4576.2000,4606.2000,4636.2000,1,1,1,1,1,1,1,1,1,1
SF,IF2103,2020-08-10 09:30:36.900,4545.8000,2531,0,17723340.000,0,-,-,-,-,4542.6000,4536.4000,4518.4000,4518.2000,4496.0000,4546.6000,4561.4000,4576.2000,4606.2000,4636.2000,1,1,1,1,1,1,1,1,1,1
SF,IF2103,2020-08-10 09:30:37.400,4542.8000,2530,-1,19086180.000,1,0,1,双平,S,4542.6000,4536.4000,4518.4000,4518.2000,4496.0000,4546.6000,4561.4000,4576.2000,4606.2000,4636.2000,1,1,1,1,1,1,1,1,1,1
SF,IF2103,2020-08-10 09:30:37.900,4546.6000,2530,0,20450160.000,1,0,1,多换,S,4542.6000,4536.4000,4518.4000,4518.2000,4496.0000,4561.4000,4576.2000,4606.2000,4636.2000,4647.4000,1,1,1,1,1,1,1,1,1,1
SF,IF2103,2020-08-10 09:30:38.400,4546.6000,2530,0,20450160.000,0,-,-,-,-,4542.8000,4542.6000,4536.4000,4518.4000,4518.2000,4555.2000,4556.2000,4560.8000,4561.2000,4561.4000,1,1,1,1,1,1,1,2,2,1
SF,IF2103,2020-08-10 09:30:38.900,4546.6000,2530,0,20450160.000,0,-,-,-,-,4543.0000,4542.8000,4536.4000,4518.4000,4518.2000,4554.6000,4555.0000,4555.2000,4556.2000,4560.8000,1,1,1,1,1,1,2,1,1,1
SF,IF2103,2020-08-10 09:30:39.400,4546.6000,2530,0,20450160.000,0,-,-,-,-,4543.2000,4543.0000,4536.4000,4518.4000,4518.2000,4552.4000,4554.6000,4555.0000,4555.2000,4560.8000,1,1,1,1,1,1,1,2,1,1
SF,IF2103,2020-08-10 09:30:39.900,4546.6000,2530,0,20450160.000,0,-,-,-,-,4543.4000,4543.2000,4536.4000,4518.4000,4518.2000,4560.8000,4561.4000,4576.2000,4606.2000,4636.2000,1,1,1,1,1,1,1,1,1,1
SF,IF2103,2020-08-10 09:30:40.400,4546.6000,2530,0,20450160.000,0,-,-,-,-,4543.6000,4543.4000,4536.4000,4518.4000,4518.2000,4555.2000,4556.2000,4560.2000,4560.6000,4560.8000,1,1,1,1,1,1,1,1,1,1
SF,IF2103,2020-08-10 09:30:40.900,4546.6000,2530,0,20450160.000,0,-,-,-,-,4543.8000,4543.6000,4536.4000,4518.4000,4518.2000,4555.2000,4556.2000,4560.2000,4560.8000,4561.4000,1,1,1,1,1,1,1,1,1,1
SF,IF2103,2020-08-10 09:30:41.400,4546.6000,2530,0,20450160.000,0,-,-,-,-,4544.8000,4544.0000,4543.8000,4536.4000,4518.4000,4556.2000,4560.2000,4560.8000,4561.4000,4576.2000,2,1,1,1,1,1,1,1,1,1
SF,IF2103,2020-08-10 09:30:41.900,4546.6000,2530,0,20450160.000,0,-,-,-,-,4545.0000,4544.8000,4518.4000,4518.2000,4496.0000,4560.2000,4560.8000,4561.4000,4576.2000,4606.2000,2,1,1,1,1,1,1,1,1,1
SF,IF2103,2020-08-10 09:30:42.400,4556.2000,2529,-1,21817020.000,1,0,1,双平,S,4545.0000,4544.8000,4518.4000,4518.2000,4496.0000,4559.6000,4560.0000,4560.2000,4561.4000,4576.2000,2,1,1,1,1,1,3,1,1,1
SF,IF2103,2020-08-10 09:30:42.900,4556.2000,2529,0,21817020.000,0,-,-,-,-,4547.6000,4546.0000,4545.4000,4545.0000,4544.8000,4559.0000,4559.4000,4559.6000,4560.0000,4561.4000,1,1,1,2,1,1,2,1,3,1
SF,IF2103,2020-08-10 09:30:43.400,4556.2000,2529,0,21817020.000,0,-,-,-,-,4547.8000,4547.6000,4546.0000,4545.4000,4544.8000,4558.8000,4559.0000,4559.4000,4560.0000,4561.4000,2,1,1,1,1,3,1,2,3,1
SF,IF2103,2020-08-10 09:30:43.900,4556.2000,2529,0,21817020.000,0,-,-,-,-,4548.6000,4547.8000,4547.6000,4545.4000,4544.8000,4558.2000,4558.8000,4559.4000,4560.0000,4561.4000,1,2,1,1,1,1,3,2,2,1
SF,IF2103,2020-08-10 09:30:44.400,4556.2000,2529,0,21817020.000,0,-,-,-,-,4548.8000,4548.6000,4548.4000,4547.6000,4545.4000,4558.2000,4558.8000,4559.4000,4560.0000,4561.4000,2,1,1,1,1,1,3,2,2,1
SF,IF2103,2020-08-10 09:30:44.900,4556.2000,2529,0,21817020.000,0,-,-,-,-,4548.8000,4548.4000,4545.4000,4544.8000,4518.4000,4558.0000,4558.2000,4558.8000,4559.4000,4560.0000,2,1,1,1,1,1,1,3,2,2
SF,IF2103,2020-08-10 09:30:45.400,4556.2000,2529,0,21817020.000,0,-,-,-,-,4548.8000,4548.4000,4545.4000,4544.8000,4543.8000,4557.4000,4557.8000,4558.0000,4558.8000,4559.4000,1,1,1,1,1,1,1,1,3,2
SF,IF2103,2020-08-10 09:30:45.900,4556.2000,2529,0,21817020.000,0,-,-,-,-,4545.4000,4544.8000,4543.8000,4518.4000,4518.2000,4556.8000,4557.2000,4557.4000,4557.8000,4558.0000,1,1,1,1,1,1,2,1,3,1
SF,IF2103,2020-08-10 09:30:46.400,4556.2000,2529,0,21817020.000,0,-,-,-,-,4543.8000,4518.4000,4518.2000,4496.0000,4481.0000,4555.2000,4556.2000,4556.6000,4556.8000,4557.2000,1,1,1,1,1,1,1,3,1,1
SF,IF2103,2020-08-10 09:30:46.900,4556.2000,2529,0,21817020.000,0,-,-,-,-,4544.8000,4543.8000,4518.4000,4518.2000,4496.0000,4554.6000,4555.0000,4555.2000,4556.6000,4556.8000,1,1,1,1,1,2,2,1,1,1
SF,IF2103,2020-08-10 09:30:47.400,4556.2000,2529,0,21817020.000,0,-,-,-,-,4518.4000,4518.2000,4496.0000,4481.0000,4472.4000,4554.0000,4554.4000,4554.6000,4555.0000,4555.2000,1,1,1,1,1,1,3,2,1,1
SF,IF2103,2020-08-10 09:30:47.900,4556.2000,2529,0,21817020.000,0,-,-,-,-,4544.8000,4539.6000,4538.4000,4518.6000,4518.4000,4553.4000,4553.8000,4554.0000,4554.4000,4555.0000,1,1,1,1,1,3,2,1,2,1
SF,IF2103,2020-08-10 09:30:48.400,4556.2000,2529,0,21817020.000,0,-,-,-,-,4539.6000,4538.4000,4518.6000,4518.4000,4518.2000,4553.2000,4553.4000,4553.8000,4554.4000,4555.0000,1,1,1,1,1,2,3,1,2,1
SF,IF2103,2020-08-10 09:30:48.900,4556.2000,2529,0,21817020.000,0,-,-,-,-,4541.0000,4539.8000,4539.6000,4518.6000,4518.4000,4552.0000,4552.6000,4553.2000,4553.4000,4553.8000,1,1,1,1,1,1,2,2,1,1
SF,IF2103,2020-08-10 09:30:49.400,4556.2000,2529,0,21817020.000,0,-,-,-,-,4540.8000,4539.8000,4518.6000,4518.4000,4518.2000,4550.0000,4551.4000,4551.8000,4553.2000,4553.4000,1,1,1,1,1,1,2,2,1,1
SF,IF2103,2020-08-10 09:30:49.900,4556.2000,2529,0,21817020.000,0,-,-,-,-,4542.8000,4541.0000,4540.8000,4518.6000,4518.4000,4549.4000,4549.8000,4550.0000,4551.8000,4553.4000,1,1,1,1,1,1,2,1,1,1
SF,IF2103,2020-08-10 09:30:50.400,4556.2000,2529,0,21817020.000,0,-,-,-,-,4542.8000,4541.0000,4540.8000,4518.6000,4518.4000,4549.2000,4549.4000,4549.8000,4550.0000,4553.4000,1,1,1,1,1,1,1,1,1,1
SF,IF2103,2020-08-10 09:30:50.900,4556.2000,2529,0,21817020.000,0,-,-,-,-,4541.0000,4518.6000,4518.4000,4518.2000,4496.0000,4548.6000,4549.0000,4549.2000,4550.0000,4553.4000,1,1,1,1,1,1,1,2,1,1
SF,IF2103,2020-08-10 09:30:51.400,4556.2000,2529,0,21817020.000,0,-,-,-,-,4518.6000,4518.4000,4518.2000,4496.0000,4481.0000,4548.0000,4548.4000,4548.6000,4549.0000,4550.0000,1,1,1,1,1,1,1,1,1,1
SF,IF2103,2020-08-10 09:30:51.900,4556.2000,2529,0,21817020.000,0,-,-,-,-,4541.0000,4536.4000,4534.4000,4518.6000,4518.4000,4547.4000,4547.8000,4548.0000,4549.0000,4550.0000,1,1,1,1,1,1,1,1,1,1
SF,IF2103,2020-08-10 09:30:52.400,4556.2000,2529,0,21817020.000,0,-,-,-,-,4541.0000,4534.4000,4518.4000,4518.2000,4496.0000,4546.8000,4547.4000,4547.8000,4549.0000,4550.0000,1,1,1,1,1,1,1,1,1,1
SF,IF2103,2020-08-10 09:30:52.900,4541.0000,2528,-1,23179320.000,1,0,1,双平,S,4534.4000,4518.4000,4518.2000,4496.0000,4481.0000,4546.2000,4546.8000,4547.8000,4549.0000,4550.0000,1,1,1,1,1,1,1,1,1,1
SF,IF2103,2020-08-10 09:30:53.400,4541.0000,2528,0,23179320.000,0,-,-,-,-,4534.6000,4534.4000,4518.4000,4518.2000,4496.0000,4545.6000,4546.0000,4546.2000,4549.0000,4550.0000,1,1,1,1,1,1,1,1,1,1
SF,IF2103,2020-08-10 09:30:53.900,4541.0000,2528,0,23179320.000,0,-,-,-,-,4534.6000,4534.4000,4518.4000,4518.2000,4496.0000,4545.0000,4545.4000,4545.6000,4550.0000,4561.4000,1,1,1,1,1,1,1,1,1,1
SF,IF2103,2020-08-10 09:30:54.400,4541.0000,2528,0,23179320.000,0,-,-,-,-,4534.8000,4534.6000,4534.4000,4518.4000,4518.2000,4544.4000,4544.8000,4545.0000,4550.0000,4561.4000,1,1,1,1,1,1,1,1,1,1
SF,IF2103,2020-08-10 09:30:54.900,4541.0000,2528,0,23179320.000,0,-,-,-,-,4534.8000,4534.6000,4534.4000,4518.4000,4518.2000,4543.8000,4544.2000,4544.4000,4550.0000,4561.4000,1,1,1,1,1,1,1,1,1,1
SF,IF2103,2020-08-10 09:30:55.400,4541.0000,2528,0,23179320.000,0,-,-,-,-,4534.8000,4534.4000,4518.4000,4518.2000,4496.0000,4543.2000,4543.6000,4543.8000,4550.0000,4561.4000,1,1,1,1,1,1,1,1,1,1
SF,IF2103,2020-08-10 09:30:55.900,4541.0000,2528,0,23179320.000,0,-,-,-,-,4534.8000,4534.4000,4518.4000,4518.2000,4496.0000,4542.6000,4543.0000,4543.2000,4550.0000,4561.4000,1,1,1,1,1,1,1,1,1,1
SF,IF2103,2020-08-10 09:30:56.400,4541.0000,2528,0,23179320.000,0,-,-,-,-,4534.8000,4534.4000,4518.4000,4518.2000,4496.0000,4542.4000,4542.6000,4550.0000,4561.4000,4576.2000,1,1,1,1,1,2,1,1,1,1
SF,IF2103,2020-08-10 09:30:56.900,4534.8000,2528,0,24539760.000,1,0,1,多换,S,4534.4000,4518.4000,4518.2000,4496.0000,4481.0000,4534.8000,4541.8000,4542.4000,4550.0000,4561.4000,1,1,1,1,1,1,1,2,1,1
SF,IF2103,2020-08-10 09:30:57.400,4534.8000,2527,-1,25900200.000,1,0,1,双平,S,4534.4000,4518.4000,4518.2000,4496.0000,4481.0000,4541.8000,4542.4000,4550.0000,4561.4000,4576.2000,1,1,1,1,1,1,2,1,1,1
SF,IF2103,2020-08-10 09:30:57.900,4534.8000,2527,0,25900200.000,0,-,-,-,-,4534.4000,4518.4000,4518.2000,4496.0000,4481.0000,4541.6000,4541.8000,4550.0000,4561.4000,4576.2000,1,1,1,1,1,2,1,1,1,1
SF,IF2103,2020-08-10 09:30:58.400,4534.8000,2527,0,25900200.000,0,-,-,-,-,4536.0000,4534.4000,4518.4000,4518.2000,4496.0000,4541.0000,4541.6000,4550.0000,4561.4000,4576.2000,1,1,1,1,1,1,2,1,1,1
SF,IF2103,2020-08-10 09:30:58.900,4534.8000,2527,0,25900200.000,0,-,-,-,-,4536.0000,4535.6000,4535.2000,4535.0000,4534.4000,4541.0000,4541.6000,4550.0000,4561.4000,4576.2000,1,1,1,1,1,1,1,1,1,1
SF,IF2103,2020-08-10 09:30:59.400,4534.8000,2527,0,25900200.000,0,-,-,-,-,4536.0000,4535.6000,4535.2000,4534.4000,4518.4000,4541.0000,4550.0000,4561.4000,4576.2000,4606.2000,1,1,1,1,1,1,1,1,1,1
SF,IF2103,2020-08-10 09:30:59.900,4534.8000,2527,0,25900200.000,0,-,-,-,-,4536.8000,4536.6000,4536.0000,4535.2000,4534.4000,4550.0000,4576.2000,4589.6000,4606.2000,4636.2000,1,1,1,1,1,1,1,1,1,1
SF,IF2103,2020-08-10 09:31:00.400,4534.8000,2527,0,25900200.000,0,-,-,-,-,4537.0000,4536.8000,4536.6000,4536.0000,4535.2000,4549.4000,4550.0000,4576.2000,4589.6000,4606.2000,1,1,1,1,1,2,1,1,1,1
SF,IF2103,2020-08-10 09:31:00.900,4534.8000,2527,0,25900200.000,0,-,-,-,-,4538.8000,4537.8000,4537.0000,4536.8000,4536.6000,4549.4000,4550.0000,4589.6000,4647.4000,4659.2000,1,1,1,1,1,2,1,1,1,1
SF,IF2103,2020-08-10 09:31:01.400,4534.8000,2527,0,25900200.000,0,-,-,-,-,4539.0000,4538.8000,4538.2000,4538.0000,4537.8000,4549.2000,4549.4000,4550.0000,4589.6000,4647.4000,2,1,1,1,1,1,2,1,1,1
SF,IF2103,2020-08-10 09:31:01.900,4534.8000,2527,0,25900200.000,0,-,-,-,-,4539.8000,4539.0000,4538.8000,4538.2000,4537.8000,4548.6000,4549.2000,4550.0000,4589.6000,4647.4000,1,2,1,1,1,2,1,1,1,1
SF,IF2103,2020-08-10 09:31:02.400,4534.8000,2527,0,25900200.000,0,-,-,-,-,4540.0000,4539.8000,4538.8000,4538.2000,4537.8000,4548.4000,4548.6000,4550.0000,4589.6000,4647.4000,2,1,1,1,1,2,2,1,1,1
SF,IF2103,2020-08-10 09:31:02.900,4534.8000,2527,0,25900200.000,0,-,-,-,-,4540.0000,4538.2000,4537.8000,4537.6000,4535.2000,4547.8000,4548.4000,4550.0000,4589.6000,4647.4000,2,1,1,1,1,2,2,1,1,1
SF,IF2103,2020-08-10 09:31:03.400,4534.8000,2527,0,25900200.000,0,-,-,-,-,4540.0000,4538.2000,4537.8000,4537.6000,4535.2000,4547.6000,4547.8000,4548.4000,4550.0000,4589.6000,1,1,1,1,1,2,2,1,1,1
SF,IF2103,2020-08-10 09:31:03.900,4534.8000,2527,0,25900200.000,0,-,-,-,-,4540.0000,4538.2000,4537.8000,4537.6000,4535.2000,4547.0000,4547.4000,4547.6000,4548.4000,4550.0000,1,1,1,1,1,2,1,2,1,1
SF,IF2103,2020-08-10 09:31:04.400,4534.8000,2527,0,25900200.000,0,-,-,-,-,4538.2000,4537.6000,4536.2000,4535.2000,4534.4000,4546.8000,4547.0000,4547.4000,4548.4000,4550.0000,1,1,1,1,1,2,2,1,1,1
SF,IF2103,2020-08-10 09:31:04.900,4534.8000,2527,0,25900200.000,0,-,-,-,-,4540.6000,4538.4000,4536.2000,4534.4000,4518.4000,4546.2000,4546.8000,4547.4000,4548.4000,4550.0000,1,1,1,1,1,2,2,1,1,1
SF,IF2103,2020-08-10 09:31:05.400,4540.4000,2527,0,27262320.000,1,0,1,多换,S,4538.4000,4536.2000,4535.4000,4534.4000,4518.4000,4546.0000,4546.2000,4546.8000,4547.4000,4548.4000,1,1,1,1,1,2,2,1,1,1
SF,IF2103,2020-08-10 09:31:05.900,4540.4000,2527,0,27262320.000,0,-,-,-,-,4538.4000,4536.2000,4535.4000,4534.4000,4518.4000,4545.4000,4545.8000,4546.0000,4547.4000,4550.0000,1,1,1,1,1,2,1,2,1,1
SF,IF2103,2020-08-10 09:31:06.400,4540.4000,2527,0,27262320.000,0,-,-,-,-,4538.6000,4538.4000,4536.2000,4535.4000,4534.4000,4545.2000,4545.4000,4546.0000,4547.4000,4550.0000,1,1,1,1,1,1,2,1,1,1
SF,IF2103,2020-08-10 09:31:06.900,4540.4000,2527,0,27262320.000,0,-,-,-,-,4539.0000,4538.8000,4538.6000,4536.2000,4536.0000,4544.6000,4545.2000,4546.0000,4547.4000,4550.0000,1,1,1,1,1,2,1,1,1,1
SF,IF2103,2020-08-10 09:31:07.400,4540.4000,2527,0,27262320.000,0,-,-,-,-,4539.4000,4539.2000,4536.2000,4534.4000,4518.4000,4544.4000,4544.6000,4546.0000,4550.0000,4589.6000,1,1,1,1,1,1,2,1,1,1
SF,IF2103,2020-08-10 09:31:07.900,4540.4000,2527,0,27262320.000,0,-,-,-,-,4539.6000,4539.4000,4536.2000,4534.4000,4518.4000,4543.8000,4544.4000,4544.6000,4546.0000,4550.0000,1,1,1,1,1,1,1,1,1,1
SF,IF2103,2020-08-10 09:31:08.400,4540.4000,2527,0,27262320.000,0,-,-,-,-,4539.6000,4536.2000,4534.4000,4518.4000,4518.2000,4543.8000,4544.6000,4546.0000,4550.0000,4589.6000,1,1,1,1,1,1,1,1,1,1
SF,IF2103,2020-08-10 09:31:09.400,4540.4000,2527,0,27262320.000,0,-,-,-,-,4539.6000,4536.2000,4534.4000,4518.4000,4518.2000,4543.6000,4543.8000,4544.6000,4546.0000,4550.0000,1,1,1,1,1,1,1,1,1,1
SF,IF2103,2020-08-10 09:31:09.900,4540.4000,2527,0,27262320.000,0,-,-,-,-,4539.6000,4536.2000,4534.4000,4518.4000,4518.2000,4543.0000,4543.4000,4543.6000,4544.6000,4546.0000,1,2,1,1,1,1,1,1,1,1
SF,IF2103,2020-08-10 09:31:10.400,4539.6000,2526,-1,28624200.000,1,0,1,双平,S,4536.2000,4534.4000,4518.4000,4518.2000,4481.0000,4542.8000,4543.0000,4543.2000,4543.6000,4546.0000,2,1,1,1,1,1,1,1,1,1
SF,IF2103,2020-08-10 09:31:10.900,4539.6000,2526,0,28624200.000,0,-,-,-,-,4536.4000,4536.2000,4534.4000,4518.4000,4518.2000,4542.2000,4542.6000,4542.8000,4543.6000,4546.0000,1,2,1,1,1,1,2,2,1,1
SF,IF2103,2020-08-10 09:31:11.400,4539.6000,2526,0,28624200.000,0,-,-,-,-,4536.4000,4536.2000,4534.4000,4518.4000,4518.2000,4542.0000,4542.2000,4542.6000,4543.6000,4546.0000,1,1,1,1,1,2,1,2,1,1
SF,IF2103,2020-08-10 09:31:11.900,4539.6000,2526,0,28624200.000,0,-,-,-,-,4536.4000,4536.2000,4534.4000,4518.4000,4518.2000,4541.4000,4542.0000,4542.6000,4543.6000,4546.0000,1,1,1,1,1,1,2,2,1,1
SF,IF2103,2020-08-10 09:31:12.400,4539.6000,2526,0,28624200.000,0,-,-,-,-,4536.2000,4518.4000,4518.2000,4509.6000,4481.0000,4541.2000,4541.4000,4542.6000,4543.6000,4546.0000,1,1,1,1,1,3,1,2,1,1
SF,IF2103,2020-08-10 09:31:12.900,4536.2000,2525,-1,29985060.000,1,0,1,双平,S,4518.4000,4518.2000,4509.6000,4481.0000,4472.4000,4540.6000,4541.2000,4542.6000,4546.0000,4569.6000,1,1,1,1,1,1,2,2,1,1
SF,IF2103,2020-08-10 09:31:13.400,4536.2000,2525,0,29985060.000,0,-,-,-,-,4531.8000,4529.2000,4525.8000,4520.4000,4518.6000,4540.0000,4540.4000,4540.6000,4541.2000,4546.0000,1,1,1,3,1,1,2,1,1,1
SF,IF2103,2020-08-10 09:31:13.900,4536.2000,2525,0,29985060.000,0,-,-,-,-,4532.0000,4531.8000,4529.2000,4525.8000,4520.4000,4539.4000,4539.8000,4540.0000,4541.2000,4546.0000,1,1,1,1,3,1,2,1,1,1
SF,IF2103,2020-08-10 09:31:14.400,4536.2000,2525,0,29985060.000,0,-,-,-,-,4535.8000,4532.0000,4529.2000,4525.8000,4518.4000,4538.8000,4539.2000,4539.4000,4541.2000,4546.0000,2,1,1,1,1,1,2,1,1,1
SF,IF2103,2020-08-10 09:31:14.900,4536.2000,2525,0,29985060.000,0,-,-,-,-,4532.0000,4529.2000,4525.8000,4518.4000,4518.2000,4538.2000,4538.6000,4538.8000,4541.2000,4546.0000,1,1,1,1,1,1,1,1,1,1
SF,IF2103,2020-08-10 09:31:15.400,4536.2000,2525,0,29985060.000,0,-,-,-,-,4532.0000,4529.2000,4518.4000,4518.2000,4509.6000,4538.2000,4538.8000,4541.2000,4569.6000,4588.8000,1,1,1,1,1,1,1,1,1,1
SF,IF2103,2020-08-10 09:31:15.900,4536.2000,2525,0,29985060.000,0,-,-,-,-,4533.8000,4532.0000,4529.2000,4518.4000,4518.2000,4538.0000,4538.2000,4541.2000,4569.6000,4588.8000,1,1,1,1,1,2,1,1,1,1
SF,IF2103,2020-08-10 09:31:16.400,4536.2000,2525,0,29985060.000,0,-,-,-,-,4534.0000,4533.8000,4529.2000,4518.4000,4518.2000,4537.4000,4537.8000,4538.0000,4541.2000,4569.6000,1,1,1,1,1,1,1,2,1,1
SF,IF2103,2020-08-10 09:31:16.900,4536.2000,2525,0,29985060.000,0,-,-,-,-,4534.0000,4533.8000,4529.2000,4518.4000,4518.2000,4537.2000,4537.4000,4537.8000,4538.0000,4541.2000,1,1,1,1,1,1,1,1,1,1
SF,IF2103,2020-08-10 09:31:17.400,4534.0000,2524,-1,31345260.000,1,0,1,双平,S,4533.8000,4529.2000,4518.4000,4518.2000,4509.6000,4536.6000,4537.2000,4537.8000,4538.0000,4541.2000,1,1,1,1,1,1,1,1,1,1
SF,IF2103,2020-08-10 09:31:17.900,4534.0000,2524,0,31345260.000,0,-,-,-,-,4529.2000,4518.4000,4518.2000,4509.6000,4481.0000,4536.6000,4537.8000,4538.0000,4541.2000,4569.6000,1,1,1,1,1,1,1,1,1,1
SF,IF2103,2020-08-10 09:31:18.400,4534.0000,2524,0,31345260.000,0,-,-,-,-,4529.4000,4518.4000,4518.2000,4509.6000,4481.0000,4536.4000,4536.6000,4537.8000,4538.0000,4541.2000,1,1,1,1,1,2,1,1,1,1
SF,IF2103,2020-08-10 09:31:18.900,4534.0000,2524,0,31345260.000,0,-,-,-,-,4531.0000,4529.4000,4518.4000,4518.2000,4509.6000,4535.8000,4536.2000,4536.4000,4537.8000,4541.2000,1,1,1,1,1,1,1,3,1,1
SF,IF2103,2020-08-10 09:31:19.400,4534.0000,2524,0,31345260.000,0,-,-,-,-,4531.0000,4518.4000,4518.2000,4509.6000,4481.0000,4535.6000,4535.8000,4536.2000,4537.8000,4541.2000,1,1,1,1,1,2,1,1,1,1
SF,IF2103,2020-08-10 09:31:19.900,4534.0000,2524,0,31345260.000,0,-,-,-,-,4518.4000,4518.2000,4509.6000,4481.0000,4472.4000,4535.0000,4535.4000,4535.6000,4536.2000,4537.8000,1,1,1,1,1,1,1,2,1,1
SF,IF2103,2020-08-10 09:31:20.400,4534.0000,2524,0,31345260.000,0,-,-,-,-,4524.0000,4523.6000,4522.0000,4518.6000,4518.4000,4534.4000,4534.8000,4535.0000,4535.4000,4536.2000,1,1,1,1,1,1,2,1,1,1
SF,IF2103,2020-08-10 09:31:20.900,4534.0000,2524,0,31345260.000,0,-,-,-,-,4524.2000,4524.0000,4522.0000,4518.4000,4518.2000,4533.8000,4534.2000,4534.4000,4535.4000,4536.2000,1,2,1,1,1,1,2,1,1,1
SF,IF2103,2020-08-10 09:31:21.400,4534.0000,2524,0,31345260.000,0,-,-,-,-,4524.2000,4524.0000,4522.0000,4518.4000,4518.2000,4533.6000,4533.8000,4534.4000,4535.4000,4536.2000,1,2,1,1,1,2,1,1,1,1
SF,IF2103,2020-08-10 09:31:21.900,4534.0000,2524,0,31345260.000,0,-,-,-,-,4528.0000,4527.4000,4525.8000,4525.2000,4524.2000,4533.0000,4533.6000,4534.4000,4535.4000,4541.2000,2,1,1,1,1,1,2,1,1,1
SF,IF2103,2020-08-10 09:31:22.400,4534.0000,2524,0,31345260.000,0,-,-,-,-,4528.2000,4527.4000,4525.2000,4524.0000,4519.8000,4532.8000,4533.0000,4534.4000,4535.4000,4541.2000,1,1,1,1,1,1,1,1,1,1
SF,IF2103,2020-08-10 09:31:22.900,4534.0000,2524,0,31345260.000,0,-,-,-,-,4528.2000,4527.4000,4525.2000,4524.0000,4519.8000,4532.2000,4532.8000,4534.4000,4535.4000,4541.2000,1,1,1,1,1,1,1,1,1,1
SF,IF2103,2020-08-10 09:31:23.400,4534.0000,2524,0,31345260.000,0,-,-,-,-,4528.2000,4527.4000,4525.2000,4524.0000,4519.8000,4532.0000,4532.2000,4534.4000,4535.4000,4541.2000,1,1,1,1,1,1,1,1,1,1
SF,IF2103,2020-08-10 09:31:23.900,4534.0000,2524,0,31345260.000,0,-,-,-,-,4527.4000,4525.2000,4524.0000,4519.8000,4518.4000,4532.0000,4532.2000,4534.4000,4535.4000,4541.2000,1,1,1,1,1,1,1,1,1,1
SF,IF2103,2020-08-10 09:31:24.400,4534.0000,2524,0,31345260.000,0,-,-,-,-,4527.6000,4524.0000,4519.8000,4518.4000,4518.2000,4531.8000,4532.0000,4534.4000,4535.4000,4541.2000,1,1,1,1,1,2,1,1,1,1
SF,IF2103,2020-08-10 09:31:24.900,4534.0000,2524,0,31345260.000,0,-,-,-,-,4524.0000,4519.8000,4518.4000,4518.2000,4481.0000,4531.6000,4531.8000,4534.4000,4535.4000,4541.2000,2,1,1,1,1,1,2,1,1,1
SF,IF2103,2020-08-10 09:31:25.400,4534.0000,2524,0,31345260.000,0,-,-,-,-,4524.2000,4524.0000,4519.8000,4518.4000,4518.2000,4531.0000,4531.4000,4531.6000,4531.8000,4534.4000,1,2,1,1,1,1,2,1,1,1
SF,IF2103,2020-08-10 09:31:25.900,4524.2000,2523,-1,32702520.000,1,0,1,双平,S,4524.0000,4519.8000,4518.4000,4518.2000,4498.8000,4530.8000,4531.0000,4531.4000,4531.8000,4534.4000,2,1,1,1,1,2,1,1,1,1
SF,IF2103,2020-08-10 09:31:26.400,4524.2000,2523,0,32702520.000,0,-,-,-,-,4524.2000,4524.0000,4522.6000,4519.8000,4518.2000,4530.2000,4530.6000,4530.8000,4531.4000,4531.8000,1,2,1,1,1,1,1,2,1,1
SF,IF2103,2020-08-10 09:31:26.900,4524.2000,2523,0,32702520.000,0,-,-,-,-,4524.8000,4524.2000,4524.0000,4522.6000,4519.8000,4530.0000,4530.2000,4530.6000,4530.8000,4531.4000,1,1,1,1,1,1,1,1,1,1
SF,IF2103,2020-08-10 09:31:27.400,4524.2000,2523,0,32702520.000,0,-,-,-,-,4525.8000,4524.8000,4524.0000,4522.6000,4519.8000,4529.4000,4530.0000,4530.6000,4531.4000,4531.8000,2,1,1,1,1,1,1,1,1,1
SF,IF2103,2020-08-10 09:31:27.900,4524.2000,2523,0,32702520.000,0,-,-,-,-,4524.8000,4524.0000,4519.8000,4518.2000,4498.8000,4529.2000,4529.4000,4530.6000,4531.4000,4531.8000,1,1,1,1,1,1,1,1,1,1
SF,IF2103,2020-08-10 09:31:28.400,4524.2000,2523,0,32702520.000,0,-,-,-,-,4526.2000,4525.0000,4524.0000,4519.8000,4518.2000,4528.6000,4529.2000,4530.6000,4531.4000,4534.4000,1,1,1,1,1,1,1,1,1,1
SF,IF2103,2020-08-10 09:31:28.900,4528.6000,2522,-1,34061100.000,1,0,1,双平,S,4526.2000,4525.0000,4524.0000,4519.8000,4518.2000,4528.4000,4530.6000,4531.4000,4534.4000,4535.4000,1,1,1,1,1,1,1,1,1,1
SF,IF2103,2020-08-10 09:31:29.400,4528.6000,2521,-1,35419680.000,1,0,1,双平,S,4526.4000,4526.2000,4524.0000,4519.8000,4518.2000,4530.6000,4534.4000,4535.4000,4541.2000,4558.8000,1,1,1,1,1,1,1,1,1,1
SF,IF2103,2020-08-10 09:31:29.900,4528.6000,2521,0,35419680.000,0,-,-,-,-,4526.6000,4524.0000,4521.0000,4519.8000,4518.2000,4530.4000,4530.6000,4535.4000,4541.2000,4558.8000,1,1,2,1,1,2,1,1,1,1
SF,IF2103,2020-08-10 09:31:30.400,4528.6000,2521,0,35419680.000,0,-,-,-,-,4521.0000,4519.8000,4518.2000,4498.8000,4481.0000,4530.2000,4530.4000,4530.6000,4535.4000,4541.2000,2,1,1,1,1,1,2,1,1,1
SF,IF2103,2020-08-10 09:31:30.900,4528.6000,2521,0,35419680.000,0,-,-,-,-,4521.4000,4521.2000,4521.0000,4518.2000,4498.8000,4529.6000,4530.0000,4530.2000,4530.6000,4535.4000,1,1,2,1,1,1,2,2,1,1
SF,IF2103,2020-08-10 09:31:31.400,4528.6000,2521,0,35419680.000,0,-,-,-,-,4525.8000,4524.0000,4523.2000,4522.0000,4521.6000,4529.4000,4529.6000,4530.2000,4530.6000,4535.4000,1,1,1,1,2,2,1,1,1,1
SF,IF2103,2020-08-10 09:31:31.900,4528.6000,2521,0,35419680.000,0,-,-,-,-,4526.0000,4524.0000,4523.2000,4521.6000,4521.0000,4529.4000,4529.6000,4530.2000,4530.6000,4535.4000,1,1,1,1,2,1,1,1,1,1
SF,IF2103,2020-08-10 09:31:32.400,4528.6000,2521,0,35419680.000,0,-,-,-,-,4526.0000,4524.0000,4523.2000,4521.6000,4521.0000,4529.6000,4530.2000,4530.6000,4535.4000,4541.2000,1,1,1,1,2,1,1,1,1,1
SF,IF2103,2020-08-10 09:31:32.900,4528.6000,2521,0,35419680.000,0,-,-,-,-,4526.0000,4524.0000,4523.2000,4521.6000,4521.0000,4530.2000,4530.6000,4541.2000,4558.8000,4588.8000,1,1,1,1,2,1,1,1,1,1
SF,IF2103,2020-08-10 09:31:33.400,4530.2000,2520,-1,36778740.000,1,0,1,双平,S,4526.6000,4526.0000,4524.0000,4521.6000,4521.0000,4530.6000,4558.8000,4588.8000,4589.6000,4647.4000,2,1,1,1,2,1,1,1,1,1
SF,IF2103,2020-08-10 09:31:33.900,4530.2000,2520,0,36778740.000,0,-,-,-,-,4526.8000,4526.6000,4524.0000,4521.6000,4521.0000,4558.8000,4588.8000,4589.6000,4647.4000,4659.2000,1,2,1,1,2,1,1,1,1,1
SF,IF2103,2020-08-10 09:31:34.400,4530.2000,2520,0,36778740.000,0,-,-,-,-,4527.4000,4527.0000,4526.8000,4526.6000,4524.0000,4539.6000,4544.8000,4550.4000,4558.2000,4558.6000,1,1,1,1,1,1,1,1,1,4
SF,IF2103,2020-08-10 09:31:34.900,4530.2000,2520,0,36778740.000,0,-,-,-,-,4528.2000,4527.6000,4527.4000,4524.0000,4521.6000,4537.6000,4539.0000,4539.4000,4539.6000,4544.8000,1,2,1,1,1,1,1,4,1,1
SF,IF2103,2020-08-10 09:31:35.400,4530.2000,2520,0,36778740.000,0,-,-,-,-,4528.4000,4528.2000,4527.4000,4524.0000,4521.6000,4537.0000,4537.4000,4537.6000,4539.4000,4539.6000,2,1,1,1,1,1,1,1,3,1
SF,IF2103,2020-08-10 09:31:35.900,4530.2000,2520,0,36778740.000,0,-,-,-,-,4528.4000,4528.2000,4527.4000,4524.0000,4521.6000,4536.8000,4537.0000,4537.6000,4539.4000,4539.6000,2,1,1,1,1,2,1,1,1,1
SF,IF2103,2020-08-10 09:31:36.400,4530.2000,2520,0,36778740.000,0,-,-,-,-,4528.4000,4524.0000,4521.6000,4521.0000,4518.2000,4536.2000,4536.8000,4539.4000,4539.6000,4544.8000,2,1,1,2,1,1,2,1,1,1
SF,IF2103,2020-08-10 09:31:36.900,4530.2000,2520,0,36778740.000,0,-,-,-,-,4528.4000,4524.0000,4521.6000,4521.0000,4518.2000,4536.0000,4536.2000,4536.8000,4539.4000,4539.6000,2,1,1,2,1,2,1,1,1,1
SF,IF2103,2020-08-10 09:31:37.400,4530.2000,2520,0,36778740.000,0,-,-,-,-,4528.4000,4524.0000,4521.6000,4521.0000,4518.2000,4535.4000,4536.0000,4536.8000,4539.4000,4539.6000,2,1,1,2,1,1,2,1,1,1
SF,IF2103,2020-08-10 09:31:37.900,4530.2000,2520,0,36778740.000,0,-,-,-,-,4528.4000,4524.0000,4521.6000,4521.0000,4518.2000,4535.2000,4535.4000,4536.0000,4536.8000,4539.4000,1,1,1,2,1,1,1,1,1,1
SF,IF2103,2020-08-10 09:31:38.400,4530.2000,2520,0,36778740.000,0,-,-,-,-,4528.4000,4524.0000,4521.6000,4521.0000,4518.2000,4534.6000,4535.0000,4535.2000,4536.0000,4536.8000,1,1,1,2,1,1,1,1,1,1
SF,IF2103,2020-08-10 09:31:38.900,4530.2000,2520,0,36778740.000,0,-,-,-,-,4528.6000,4528.4000,4524.0000,4521.6000,4521.0000,4534.4000,4534.6000,4535.0000,4536.0000,4536.8000,1,1,1,1,2,1,1,1,1,1
SF,IF2103,2020-08-10 09:31:39.400,4530.2000,2520,0,36778740.000,0,-,-,-,-,4528.6000,4524.0000,4521.6000,4521.0000,4518.2000,4534.2000,4534.4000,4535.0000,4536.0000,4539.6000,1,1,1,2,1,1,1,1,1,1
SF,IF2103,2020-08-10 09:31:39.900,4530.2000,2520,0,36778740.000,0,-,-,-,-,4528.6000,4524.0000,4521.6000,4521.0000,4518.2000,4534.0000,4534.2000,4535.0000,4536.0000,4539.6000,1,1,1,2,1,2,1,1,1,1
SF,IF2103,2020-08-10 09:31:40.400,4530.2000,2520,0,36778740.000,0,-,-,-,-,4528.6000,4524.0000,4521.6000,4521.0000,4518.2000,4534.0000,4534.2000,4535.0000,4539.6000,4558.6000,1,1,1,2,1,2,1,1,1,2
SF,IF2103,2020-08-10 09:31:40.900,4530.2000,2520,0,36778740.000,0,-,-,-,-,4528.6000,4524.0000,4521.6000,4521.0000,4518.2000,4534.0000,4535.0000,4539.6000,4558.6000,4558.8000,1,1,1,2,1,1,1,1,2,1
SF,IF2103,2020-08-10 09:31:41.400,4530.2000,2520,0,36778740.000,0,-,-,-,-,4528.6000,4524.0000,4521.6000,4521.0000,4518.2000,4534.0000,4539.6000,4558.6000,4558.8000,4588.8000,1,1,1,2,1,1,1,2,1,1
SF,IF2103,2020-08-10 09:31:41.900,4530.2000,2520,0,36778740.000,0,-,-,-,-,4529.6000,4528.6000,4524.0000,4521.6000,4521.0000,4534.0000,4539.6000,4558.6000,4558.8000,4588.8000,1,1,1,1,2,1,1,2,1,1
SF,IF2103,2020-08-10 09:31:42.400,4530.2000,2520,0,36778740.000,0,-,-,-,-,4529.6000,4528.6000,4524.0000,4521.6000,4521.0000,4533.8000,4534.0000,4539.6000,4558.6000,4558.8000,1,1,1,1,2,1,1,1,2,1
SF,IF2103,2020-08-10 09:31:42.900,4529.6000,2519,-1,38137620.000,1,0,1,双平,S,4524.0000,4521.6000,4521.0000,4518.2000,4498.8000,4533.6000,4533.8000,4539.6000,4558.6000,4558.8000,1,1,2,1,1,1,1,1,2,1
SF,IF2103,2020-08-10 09:31:43.400,4529.6000,2519,0,38137620.000,0,-,-,-,-,4524.6000,4524.2000,4521.6000,4521.0000,4518.2000,4533.4000,4533.6000,4533.8000,4558.6000,4558.8000,1,1,1,2,1,2,1,1,2,1
SF,IF2103,2020-08-10 09:31:43.900,4529.6000,2519,0,38137620.000,0,-,-,-,-,4524.8000,4524.6000,4521.6000,4518.2000,4498.8000,4533.2000,4533.4000,4558.6000,4558.8000,4588.8000,1,1,1,1,1,1,2,2,1,1
SF,IF2103,2020-08-10 09:31:44.400,4529.6000,2519,0,38137620.000,0,-,-,-,-,4524.8000,4524.6000,4521.6000,4518.2000,4498.8000,4533.0000,4533.2000,4533.4000,4558.6000,4558.8000,1,1,1,1,1,3,1,1,2,1
SF,IF2103,2020-08-10 09:31:44.900,4529.6000,2519,0,38137620.000,0,-,-,-,-,4521.6000,4518.2000,4498.8000,4481.0000,4472.4000,4532.8000,4533.0000,4558.6000,4558.8000,4588.8000,1,1,1,1,1,1,3,2,1,1
SF,IF2103,2020-08-10 09:31:45.400,4529.6000,2519,0,38137620.000,0,-,-,-,-,4522.0000,4521.8000,4521.6000,4518.2000,4515.4000,4532.2000,4532.6000,4532.8000,4533.0000,4558.6000,1,1,1,1,2,1,1,1,1,2
SF,IF2103,2020-08-10 09:31:45.900,4529.6000,2519,0,38137620.000,0,-,-,-,-,4522.2000,4522.0000,4518.2000,4515.4000,4498.8000,4532.0000,4532.2000,4532.6000,4533.0000,4558.6000,1,1,1,2,1,2,1,1,1,2
SF,IF2103,2020-08-10 09:31:46.400,4529.6000,2519,0,38137620.000,0,-,-,-,-,4522.2000,4522.0000,4518.2000,4515.4000,4498.8000,4531.4000,4531.8000,4532.0000,4532.6000,4558.6000,1,1,1,2,1,1,1,4,1,2
SF,IF2103,2020-08-10 09:31:46.900,4529.6000,2519,0,38137620.000,0,-,-,-,-,4522.2000,4518.2000,4515.4000,4498.8000,4481.0000,4529.2000,4531.2000,4531.4000,4531.8000,4532.0000,1,1,2,1,1,1,3,1,1,2
SF,IF2103,2020-08-10 09:31:47.400,4529.6000,2519,0,38137620.000,0,-,-,-,-,4518.2000,4515.4000,4498.8000,4481.0000,4472.4000,4528.8000,4529.0000,4529.2000,4531.8000,4558.6000,1,2,1,1,1,1,2,1,1,2
SF,IF2103,2020-08-10 09:31:47.900,4529.6000,2519,0,38137620.000,0,-,-,-,-,4518.8000,4518.4000,4518.2000,4515.4000,4498.8000,4528.6000,4528.8000,4529.2000,4531.8000,4558.6000,1,1,1,2,1,2,2,1,1,2
SF,IF2103,2020-08-10 09:31:48.400,4529.6000,2519,0,38137620.000,0,-,-,-,-,4519.0000,4518.8000,4518.2000,4515.4000,4498.8000,4527.8000,4528.0000,4528.4000,4528.6000,4529.2000,1,1,1,2,1,1,1,1,2,1
SF,IF2103,2020-08-10 09:31:48.900,4529.6000,2519,0,38137620.000,0,-,-,-,-,4519.4000,4519.2000,4519.0000,4518.2000,4515.4000,4527.6000,4528.0000,4528.4000,4529.2000,4558.6000,1,1,1,1,2,1,1,1,1,2
SF,IF2103,2020-08-10 09:31:49.400,4529.6000,2519,0,38137620.000,0,-,-,-,-,4519.6000,4519.4000,4518.2000,4498.8000,4481.0000,4527.6000,4528.0000,4558.6000,4558.8000,4588.8000,2,1,1,1,1,1,1,2,1,1
SF,IF2103,2020-08-10 09:31:49.900,4529.6000,2519,0,38137620.000,0,-,-,-,-,4520.4000,4520.2000,4519.6000,4518.2000,4498.8000,4558.6000,4558.8000,4588.8000,4589.6000,4647.4000,1,1,2,1,1,2,1,1,1,1
SF,IF2103,2020-08-10 09:31:50.400,4529.6000,2519,0,38137620.000,0,-,-,-,-,4521.0000,4520.6000,4520.4000,4518.2000,4498.8000,4529.2000,4537.2000,4546.2000,4549.0000,4558.0000,1,2,1,1,1,1,1,1,3,1
SF,IF2103,2020-08-10 09:31:50.900,4529.6000,2519,0,38137620.000,0,-,-,-,-,4521.6000,4521.2000,4521.0000,4518.2000,4498.8000,4529.0000,4529.2000,4537.2000,4546.2000,4558.0000,1,2,1,1,1,1,1,1,1,1
SF,IF2103,2020-08-10 09:31:51.400,4529.6000,2519,0,38137620.000,0,-,-,-,-,4522.2000,4521.8000,4521.6000,4518.2000,4498.8000,4528.0000,4529.0000,4529.2000,4537.2000,4543.4000,1,1,1,1,1,1,1,1,1,1
SF,IF2103,2020-08-10 09:31:51.900,4529.6000,2519,0,38137620.000,0,-,-,-,-,4522.2000,4521.8000,4521.6000,4518.2000,4498.8000,4527.8000,4528.0000,4529.2000,4537.2000,4543.4000,1,1,1,1,1,1,1,1,1,1
SF,IF2103,2020-08-10 09:31:52.400,4529.6000,2519,0,38137620.000,0,-,-,-,-,4522.2000,4518.2000,4498.8000,4481.0000,4472.4000,4527.8000,4528.0000,4529.2000,4537.2000,4543.4000,1,1,1,1,1,1,1,1,1,1
SF,IF2103,2020-08-10 09:31:52.900,4529.6000,2519,0,38137620.000,0,-,-,-,-,4518.2000,4498.8000,4481.0000,4472.4000,4447.0000,4527.8000,4528.0000,4529.2000,4537.2000,4543.4000,1,1,1,1,1,1,1,1,1,1
SF,IF2103,2020-08-10 09:31:53.400,4529.6000,2519,0,38137620.000,0,-,-,-,-,4518.8000,4518.4000,4518.2000,4498.8000,4481.0000,4527.0000,4527.6000,4527.8000,4529.2000,4537.2000,1,1,1,1,1,1,2,1,1,1
SF,IF2103,2020-08-10 09:31:53.900,4529.6000,2519,0,38137620.000,0,-,-,-,-,4519.0000,4518.8000,4518.2000,4498.8000,4481.0000,4526.8000,4527.0000,4527.6000,4529.2000,4537.2000,1,1,1,1,1,2,1,1,1,1
SF,IF2103,2020-08-10 09:31:54.400,4529.6000,2519,0,38137620.000,0,-,-,-,-,4519.0000,4518.8000,4518.2000,4498.8000,4481.0000,4526.8000,4527.0000,4527.6000,4529.2000,4537.2000,1,1,1,1,1,2,1,1,1,1
SF,IF2103,2020-08-10 09:31:54.900,4529.6000,2519,0,38137620.000,0,-,-,-,-,4519.2000,4519.0000,4518.2000,4498.8000,4481.0000,4526.8000,4527.0000,4527.6000,4529.2000,4537.2000,2,1,1,1,1,2,1,1,1,1
SF,IF2103,2020-08-10 09:31:55.400,4529.6000,2519,0,38137620.000,0,-,-,-,-,4519.4000,4519.2000,4518.2000,4498.8000,4481.0000,4526.8000,4527.6000,4529.2000,4537.2000,4543.4000,1,2,1,1,1,2,1,1,1,1
SF,IF2103,2020-08-10 09:31:55.900,4529.6000,2519,0,38137620.000,0,-,-,-,-,4519.8000,4519.4000,4519.2000,4518.2000,4498.8000,4526.8000,4527.6000,4529.2000,4537.2000,4543.4000,1,1,1,1,1,2,1,1,1,1
SF,IF2103,2020-08-10 09:31:56.400,4529.6000,2519,0,38137620.000,0,-,-,-,-,4520.0000,4519.8000,4519.2000,4518.2000,4498.8000,4526.8000,4529.2000,4537.2000,4543.4000,4558.2000,2,1,1,1,1,1,1,1,1,3
SF,IF2103,2020-08-10 09:31:56.900,4529.6000,2519,0,38137620.000,0,-,-,-,-,4520.6000,4520.0000,4519.2000,4518.2000,4512.6000,4529.2000,4537.2000,4543.4000,4558.2000,4558.6000,1,2,1,1,2,1,1,1,3,2
SF,IF2103,2020-08-10 09:31:57.400,4529.6000,2519,0,38137620.000,0,-,-,-,-,4520.8000,4520.6000,4519.2000,4518.2000,4512.6000,4529.0000,4529.2000,4537.2000,4543.4000,4558.2000,2,1,1,1,2,1,1,1,1,3
SF,IF2103,2020-08-10 09:31:57.900,4529.6000,2519,0,38137620.000,0,-,-,-,-,4521.4000,4520.8000,4518.2000,4512.6000,4498.8000,4529.0000,4537.2000,4543.4000,4558.2000,4558.6000,1,2,1,2,1,1,1,1,3,2
SF,IF2103,2020-08-10 09:31:58.400,4529.6000,2519,0,38137620.000,0,-,-,-,-,4521.6000,4521.4000,4518.2000,4512.6000,4498.8000,4529.0000,4558.2000,4558.6000,4558.8000,4588.8000,2,1,1,2,1,1,3,2,1,1
SF,IF2103,2020-08-10 09:31:58.900,4529.6000,2519,0,38137620.000,0,-,-,-,-,4522.2000,4521.8000,4521.6000,4518.2000,4512.6000,4529.0000,4558.2000,4558.6000,4558.8000,4588.8000,1,1,2,1,2,1,3,2,1,1
SF,IF2103,2020-08-10 09:31:59.400,4529.6000,2519,0,38137620.000,0,-,-,-,-,4522.4000,4522.2000,4521.8000,4518.2000,4512.6000,4529.0000,4558.2000,4558.6000,4558.8000,4588.8000,2,1,1,1,2,1,3,2,1,1
SF,IF2103,2020-08-10 09:31:59.900,4529.6000,2519,0,38137620.000,0,-,-,-,-,4523.0000,4522.4000,4521.8000,4518.2000,4512.6000,4529.0000,4558.2000,4558.6000,4558.8000,4588.8000,1,2,1,1,2,1,3,2,1,1
SF,IF2103,2020-08-10 09:32:00.400,4529.6000,2519,0,38137620.000,0,-,-,-,-,4523.2000,4523.0000,4522.4000,4521.8000,4518.2000,4558.6000,4558.8000,4588.8000,4589.6000,4647.4000,1,1,1,1,1,2,1,1,1,1
SF,IF2103,2020-08-10 09:32:00.900,4529.6000,2519,0,38137620.000,0,-,-,-,-,4523.8000,4523.4000,4523.2000,4521.8000,4518.2000,4534.4000,4537.2000,4548.6000,4550.8000,4558.0000,1,1,1,1,1,1,1,1,3,4
SF,IF2103,2020-08-10 09:32:01.400,4529.6000,2519,0,38137620.000,0,-,-,-,-,4524.0000,4523.8000,4521.8000,4518.2000,4512.6000,4534.2000,4534.4000,4548.6000,4558.0000,4558.6000,1,1,1,1,2,3,1,1,4,3
SF,IF2103,2020-08-10 09:32:01.900,4529.6000,2519,0,38137620.000,0,-,-,-,-,4524.6000,4524.2000,4524.0000,4521.8000,4518.2000,4534.0000,4534.2000,4534.4000,4534.6000,4548.6000,1,1,1,1,1,1,3,1,1,1
SF,IF2103,2020-08-10 09:32:02.400,4529.6000,2519,0,38137620.000,0,-,-,-,-,4524.8000,4524.6000,4518.2000,4512.6000,4498.8000,4532.6000,4533.8000,4534.0000,4534.2000,4534.4000,2,1,1,2,1,1,3,1,2,1
SF,IF2103,2020-08-10 09:32:02.900,4529.6000,2519,0,38137620.000,0,-,-,-,-,4525.2000,4524.8000,4518.2000,4498.8000,4481.0000,4532.4000,4532.6000,4533.8000,4534.0000,4534.2000,1,2,1,1,1,2,1,2,1,2
SF,IF2103,2020-08-10 09:32:03.400,4529.6000,2519,0,38137620.000,0,-,-,-,-,4525.4000,4525.2000,4518.2000,4498.8000,4481.0000,4532.4000,4532.6000,4533.8000,4534.2000,4534.4000,2,1,1,1,1,2,1,2,2,1
SF,IF2103,2020-08-10 09:32:03.900,4529.6000,2519,0,38137620.000,0,-,-,-,-,4525.4000,4525.2000,4518.2000,4498.8000,4481.0000,4532.4000,4532.6000,4534.2000,4534.4000,4558.0000,2,1,1,1,1,1,1,2,1,4
SF,IF2103,2020-08-10 09:32:04.400,4529.6000,2519,0,38137620.000,0,-,-,-,-,4525.4000,4525.2000,4518.2000,4498.8000,4481.0000,4532.4000,4532.6000,4534.4000,4558.0000,4558.6000,2,1,1,1,1,1,1,1,4,3
SF,IF2103,2020-08-10 09:32:05.400,4529.6000,2519,0,38137620.000,0,-,-,-,-,4525.6000,4525.4000,4518.2000,4498.8000,4481.0000,4532.4000,4532.6000,4534.4000,4558.0000,4558.6000,2,2,1,1,1,1,1,1,4,3
SF,IF2103,2020-08-10 09:32:05.900,4529.6000,2519,0,38137620.000,0,-,-,-,-,4525.8000,4525.6000,4518.2000,4498.8000,4481.0000,4532.4000,4532.6000,4534.4000,4558.0000,4558.6000,2,2,1,1,1,1,1,1,4,3
SF,IF2103,2020-08-10 09:32:06.400,4529.6000,2519,0,38137620.000,0,-,-,-,-,4526.4000,4525.8000,4525.6000,4518.2000,4498.8000,4532.6000,4558.0000,4558.6000,4558.8000,4588.8000,1,2,1,1,1,1,4,3,1,1
SF,IF2103,2020-08-10 09:32:06.900,4532.6000,2518,-1,39497400.000,1,0,1,双平,S,4526.4000,4525.8000,4525.6000,4518.2000,4498.8000,4533.6000,4558.0000,4558.6000,4558.8000,4588.8000,1,1,1,1,1,1,1,3,1,1
SF,IF2103,2020-08-10 09:32:07.400,4532.6000,2518,0,39497400.000,0,-,-,-,-,4526.6000,4526.4000,4525.6000,4518.2000,4498.8000,4533.6000,4558.0000,4558.6000,4558.8000,4588.8000,2,1,1,1,1,1,1,3,1,1
SF,IF2103,2020-08-10 09:32:07.900,4532.6000,2518,0,39497400.000,0,-,-,-,-,4527.2000,4526.6000,4525.6000,4518.2000,4498.8000,4533.6000,4558.0000,4558.6000,4558.8000,4588.8000,1,2,1,1,1,1,1,3,1,1
SF,IF2103,2020-08-10 09:32:08.400,4533.6000,2517,-1,40857480.000,1,0,1,双平,S,4527.4000,4527.2000,4526.6000,4525.6000,4518.2000,4558.0000,4558.6000,4558.8000,4588.8000,4589.6000,1,1,1,1,1,1,3,1,1,1
SF,IF2103,2020-08-10 09:32:08.900,4533.6000,2517,0,40857480.000,0,-,-,-,-,4528.0000,4527.6000,4527.4000,4525.6000,4518.2000,4539.6000,4541.4000,4548.6000,4552.6000,4556.4000,1,1,1,1,1,1,1,1,3,1
SF,IF2103,2020-08-10 09:32:09.400,4533.6000,2517,0,40857480.000,0,-,-,-,-,4528.2000,4528.0000,4525.6000,4518.2000,4508.0000,4539.4000,4539.6000,4557.8000,4558.0000,4558.6000,2,1,1,1,1,2,1,1,1,2
SF,IF2103,2020-08-10 09:32:09.900,4533.6000,2517,0,40857480.000,0,-,-,-,-,4528.8000,4528.2000,4525.6000,4518.2000,4508.0000,4539.4000,4539.6000,4557.8000,4558.0000,4558.6000,1,2,1,1,1,1,1,1,1,2
SF,IF2103,2020-08-10 09:32:10.400,4533.6000,2517,0,40857480.000,0,-,-,-,-,4529.0000,4528.8000,4525.6000,4518.2000,4508.0000,4539.4000,4539.6000,4543.6000,4557.8000,4558.0000,2,1,1,1,1,1,1,1,1,1
SF,IF2103,2020-08-10 09:32:10.900,4533.6000,2517,0,40857480.000,0,-,-,-,-,4529.6000,4529.0000,4518.2000,4508.0000,4498.8000,4539.4000,4539.6000,4543.6000,4557.8000,4558.0000,1,2,1,1,1,1,1,1,1,1
SF,IF2103,2020-08-10 09:32:11.400,4533.6000,2517,0,40857480.000,0,-,-,-,-,4529.8000,4529.6000,4518.2000,4508.0000,4498.8000,4539.4000,4539.6000,4543.6000,4557.8000,4558.0000,3,1,1,1,1,1,1,1,1,1
SF,IF2103,2020-08-10 09:32:11.900,4533.6000,2517,0,40857480.000,0,-,-,-,-,4530.4000,4529.8000,4518.2000,4508.0000,4498.8000,4539.4000,4539.6000,4543.6000,4557.8000,4558.0000,1,3,1,1,1,1,1,1,1,1
SF,IF2103,2020-08-10 09:32:12.400,4533.6000,2517,0,40857480.000,0,-,-,-,-,4530.6000,4530.4000,4529.8000,4518.2000,4508.0000,4538.6000,4539.4000,4539.6000,4543.6000,4557.8000,2,1,1,1,1,1,1,1,1,1
SF,IF2103,2020-08-10 09:32:12.900,4533.6000,2517,0,40857480.000,0,-,-,-,-,4531.2000,4530.6000,4529.8000,4518.2000,4508.0000,4538.4000,4543.6000,4558.0000,4558.6000,4558.8000,1,2,1,1,1,1,1,1,2,1
SF,IF2103,2020-08-10 09:32:13.400,4533.6000,2517,0,40857480.000,0,-,-,-,-,4531.4000,4531.2000,4529.8000,4518.2000,4508.0000,4543.6000,4558.0000,4558.6000,4558.8000,4588.8000,3,1,1,1,1,1,1,2,1,1
SF,IF2103,2020-08-10 09:32:13.900,4533.6000,2517,0,40857480.000,0,-,-,-,-,4532.0000,4531.4000,4518.2000,4508.0000,4498.8000,4543.4000,4543.6000,4558.0000,4558.6000,4558.8000,1,3,1,1,1,3,1,1,2,1
SF,IF2103,2020-08-10 09:32:14.400,4533.6000,2517,0,40857480.000,0,-,-,-,-,4532.2000,4532.0000,4531.4000,4518.2000,4508.0000,4543.2000,4543.4000,4543.6000,4558.0000,4558.6000,1,1,1,1,1,1,3,1,1,2
SF,IF2103,2020-08-10 09:32:14.900,4533.6000,2517,0,40857480.000,0,-,-,-,-,4532.8000,4532.2000,4531.4000,4518.2000,4508.0000,4543.0000,4543.2000,4543.4000,4545.8000,4558.0000,1,1,1,1,1,2,1,2,1,1
SF,IF2103,2020-08-10 09:32:15.400,4533.6000,2517,0,40857480.000,0,-,-,-,-,4533.0000,4532.8000,4518.2000,4508.0000,4498.8000,4541.8000,4542.8000,4543.0000,4543.4000,4545.8000,1,1,1,1,1,1,3,2,2,1
SF,IF2103,2020-08-10 09:32:15.900,4533.6000,2517,0,40857480.000,0,-,-,-,-,4533.4000,4533.0000,4518.2000,4508.0000,4498.8000,4541.6000,4541.8000,4542.8000,4543.0000,4543.4000,1,1,1,1,1,2,2,2,1,2
SF,IF2103,2020-08-10 09:32:16.400,4533.6000,2517,0,40857480.000,0,-,-,-,-,4518.2000,4508.0000,4498.8000,4481.0000,4472.4000,4541.4000,4541.6000,4541.8000,4543.0000,4543.4000,1,1,1,1,1,1,3,2,1,2
SF,IF2103,2020-08-10 09:32:16.900,4533.6000,2517,0,40857480.000,0,-,-,-,-,4529.2000,4527.0000,4525.8000,4518.8000,4518.4000,4540.8000,4541.0000,4541.2000,4541.4000,4541.8000,1,1,1,4,1,1,2,2,1,1
SF,IF2103,2020-08-10 09:32:17.400,4533.6000,2517,0,40857480.000,0,-,-,-,-,4529.8000,4529.4000,4525.8000,4518.2000,4508.0000,4539.6000,4540.6000,4540.8000,4541.0000,4541.2000,1,1,1,1,1,1,4,1,2,2
SF,IF2103,2020-08-10 09:32:17.900,4533.6000,2517,0,40857480.000,0,-,-,-,-,4530.0000,4529.8000,4525.8000,4524.6000,4518.2000,4539.4000,4540.2000,4540.8000,4541.8000,4558.6000,1,2,1,1,1,2,1,1,1,1
SF,IF2103,2020-08-10 09:32:18.400,4533.6000,2517,0,40857480.000,0,-,-,-,-,4530.6000,4530.0000,4525.8000,4524.6000,4518.2000,4539.4000,4540.8000,4541.8000,4543.4000,4558.6000,1,1,1,1,1,2,1,1,1,1
SF,IF2103,2020-08-10 09:32:18.900,4533.6000,2517,0,40857480.000,0,-,-,-,-,4530.8000,4530.6000,4524.6000,4518.2000,4508.0000,4539.4000,4540.8000,4541.8000,4543.4000,4558.6000,1,1,1,1,1,2,1,1,1,1
SF,IF2103,2020-08-10 09:32:19.400,4533.6000,2517,0,40857480.000,0,-,-,-,-,4532.8000,4531.4000,4531.0000,4530.8000,4524.6000,4539.4000,4541.8000,4543.4000,4558.6000,4558.8000,1,1,2,1,1,1,1,1,1,1
SF,IF2103,2020-08-10 09:32:19.900,4533.6000,2517,0,40857480.000,0,-,-,-,-,4533.4000,4533.0000,4532.8000,4531.0000,4524.6000,4541.8000,4543.4000,4558.6000,4558.8000,4588.8000,1,2,1,1,1,1,1,1,1,1
SF,IF2103,2020-08-10 09:32:20.400,4533.6000,2517,0,40857480.000,0,-,-,-,-,4533.6000,4533.4000,4531.0000,4524.6000,4518.2000,4541.6000,4541.8000,4546.6000,4558.6000,4558.8000,2,1,1,1,1,1,1,1,1,1
SF,IF2103,2020-08-10 09:32:20.900,4533.6000,2517,0,40857480.000,0,-,-,-,-,4534.2000,4533.8000,4533.6000,4531.0000,4524.6000,4541.6000,4541.8000,4546.6000,4558.6000,4558.8000,1,1,2,1,1,1,1,1,1,1
SF,IF2103,2020-08-10 09:32:21.400,4533.6000,2517,0,40857480.000,0,-,-,-,-,4534.4000,4534.2000,4533.8000,4531.0000,4525.2000,4541.6000,4541.8000,4546.6000,4558.6000,4558.8000,2,1,1,1,1,1,1,1,1,1
SF,IF2103,2020-08-10 09:32:21.900,4533.6000,2517,0,40857480.000,0,-,-,-,-,4535.0000,4534.6000,4534.4000,4531.0000,4525.2000,4541.6000,4541.8000,4546.6000,4558.6000,4558.8000,1,1,2,1,1,1,1,1,1,1
SF,IF2103,2020-08-10 09:32:22.400,4533.6000,2517,0,40857480.000,0,-,-,-,-,4535.4000,4535.2000,4535.0000,4531.0000,4525.2000,4541.6000,4541.8000,4546.6000,4558.6000,4558.8000,1,2,1,1,1,1,1,1,1,1
SF,IF2103,2020-08-10 09:32:22.900,4533.6000,2517,0,40857480.000,0,-,-,-,-,4536.0000,4535.6000,4535.2000,4531.0000,4525.2000,4541.6000,4541.8000,4546.6000,4558.6000,4558.8000,1,1,1,1,1,1,1,1,1,1
SF,IF2103,2020-08-10 09:32:23.400,4533.6000,2517,0,40857480.000,0,-,-,-,-,4536.2000,4536.0000,4535.2000,4531.0000,4525.2000,4541.6000,4541.8000,4546.6000,4558.6000,4558.8000,1,1,1,1,1,1,1,1,1,1
SF,IF2103,2020-08-10 09:32:23.900,4533.6000,2517,0,40857480.000,0,-,-,-,-,4536.8000,4536.2000,4535.2000,4531.0000,4525.2000,4541.8000,4546.6000,4558.6000,4558.8000,4588.8000,1,1,1,1,1,1,1,1,1,1
SF,IF2103,2020-08-10 09:32:24.400,4533.6000,2517,0,40857480.000,0,-,-,-,-,4537.0000,4536.8000,4535.2000,4531.0000,4525.2000,4541.8000,4546.6000,4558.6000,4588.8000,4647.4000,1,1,1,1,1,1,1,1,1,1
SF,IF2103,2020-08-10 09:32:24.900,4536.0000,2517,0,42218280.000,1,0,1,多换,S,4537.0000,4535.2000,4531.0000,4525.2000,4518.2000,4541.8000,4546.6000,4558.6000,4569.2000,4588.8000,1,1,1,1,1,1,1,1,1,1
SF,IF2103,2020-08-10 09:32:25.400,4541.8000,2516,-1,43580820.000,1,0,1,双平,S,4537.0000,4535.2000,4531.0000,4525.2000,4518.2000,4546.6000,4558.6000,4569.2000,4588.8000,4647.4000,1,1,1,1,1,1,1,1,1,1
SF,IF2103,2020-08-10 09:32:25.900,4541.8000,2516,0,43580820.000,0,-,-,-,-,4537.2000,4537.0000,4531.0000,4518.2000,4509.2000,4546.4000,4546.6000,4558.6000,4569.2000,4588.8000,1,1,1,1,1,1,1,1,1,1
SF,IF2103,2020-08-10 09:32:26.400,4541.8000,2516,0,43580820.000,0,-,-,-,-,4537.4000,4537.2000,4531.0000,4518.2000,4509.2000,4546.4000,4546.6000,4558.6000,4569.2000,4588.8000,1,1,1,1,1,1,1,1,1,1
SF,IF2103,2020-08-10 09:32:26.900,4541.8000,2516,0,43580820.000,0,-,-,-,-,4538.2000,4537.6000,4537.4000,4531.0000,4518.2000,4546.4000,4546.6000,4558.6000,4569.2000,4588.8000,1,1,1,1,1,1,1,1,1,1
SF,IF2103,2020-08-10 09:32:27.400,4541.8000,2516,0,43580820.000,0,-,-,-,-,4538.8000,4538.4000,4538.2000,4531.0000,4518.2000,4546.4000,4549.8000,4558.6000,4569.2000,4588.8000,1,2,1,1,1,1,1,1,1,1
SF,IF2103,2020-08-10 09:32:27.900,4541.8000,2516,0,43580820.000,0,-,-,-,-,4539.0000,4538.8000,4531.0000,4518.2000,4509.2000,4546.4000,4549.8000,4558.6000,4569.2000,4588.8000,2,1,1,1,1,1,1,1,1,1
SF,IF2103,2020-08-10 09:32:28.400,4541.8000,2516,0,43580820.000,0,-,-,-,-,4539.0000,4531.0000,4518.2000,4509.2000,4508.0000,4546.4000,4549.8000,4558.6000,4569.2000,4588.8000,2,1,1,1,1,1,1,1,1,1
SF,IF2103,2020-08-10 09:32:28.900,4541.8000,2516,0,43580820.000,0,-,-,-,-,4539.0000,4518.2000,4509.2000,4508.0000,4481.0000,4546.4000,4549.8000,4558.6000,4569.2000,4588.8000,2,1,1,1,1,1,1,1,1,1
SF,IF2103,2020-08-10 09:32:29.400,4541.8000,2516,0,43580820.000,0,-,-,-,-,4539.2000,4539.0000,4518.2000,4509.2000,4508.0000,4546.4000,4549.8000,4558.6000,4569.2000,4588.8000,1,2,1,1,1,1,1,1,1,1
SF,IF2103,2020-08-10 09:32:29.900,4541.8000,2516,0,43580820.000,0,-,-,-,-,4539.4000,4539.2000,4518.2000,4509.2000,4508.0000,4546.4000,4549.8000,4558.6000,4569.2000,4588.8000,2,1,1,1,1,1,1,1,1,1
SF,IF2103,2020-08-10 09:32:30.400,4541.8000,2516,0,43580820.000,0,-,-,-,-,4539.4000,4518.2000,4509.2000,4508.0000,4481.0000,4546.4000,4549.8000,4558.6000,4569.2000,4588.8000,2,1,1,1,1,1,1,1,1,1
SF,IF2103,2020-08-10 09:32:30.900,4541.8000,2516,0,43580820.000,0,-,-,-,-,4518.2000,4509.2000,4508.0000,4481.0000,4472.4000,4546.2000,4546.4000,4549.8000,4558.6000,4569.2000,1,1,1,1,1,3,1,1,1,1
SF,IF2103,2020-08-10 09:32:31.400,4541.8000,2516,0,43580820.000,0,-,-,-,-,4534.2000,4529.6000,4529.2000,4518.4000,4518.2000,4545.8000,4546.0000,4546.2000,4549.8000,4558.6000,1,1,1,2,1,1,1,3,1,1
SF,IF2103,2020-08-10 09:32:31.900,4541.8000,2516,0,43580820.000,0,-,-,-,-,4534.4000,4529.6000,4529.2000,4518.4000,4518.2000,4544.8000,4545.2000,4545.6000,4545.8000,4546.2000,1,1,1,1,1,1,1,2,1,1
SF,IF2103,2020-08-10 09:32:32.400,4541.8000,2516,0,43580820.000,0,-,-,-,-,4534.4000,4529.6000,4529.2000,4518.4000,4518.2000,4544.2000,4544.6000,4544.8000,4545.6000,4546.2000,1,1,1,1,1,2,2,1,1,1
SF,IF2103,2020-08-10 09:32:32.900,4541.8000,2516,0,43580820.000,0,-,-,-,-,4529.6000,4529.2000,4518.4000,4518.2000,4509.2000,4544.0000,4544.2000,4544.8000,4545.6000,4549.8000,1,1,1,1,1,2,2,1,1,1
SF,IF2103,2020-08-10 09:32:33.400,4541.8000,2516,0,43580820.000,0,-,-,-,-,4534.6000,4530.6000,4529.8000,4529.6000,4529.2000,4543.4000,4544.0000,4544.8000,4545.6000,4549.8000,1,1,2,1,1,2,4,1,1,1
SF,IF2103,2020-08-10 09:32:33.900,4541.8000,2516,0,43580820.000,0,-,-,-,-,4534.8000,4530.6000,4530.0000,4529.8000,4529.2000,4543.2000,4543.4000,4544.8000,4549.8000,4558.6000,1,1,1,1,1,2,2,1,1,1
SF,IF2103,2020-08-10 09:32:34.400,4541.8000,2516,0,43580820.000,0,-,-,-,-,4534.8000,4530.0000,4529.8000,4529.2000,4528.4000,4542.6000,4543.2000,4544.8000,4549.8000,4558.6000,1,1,1,1,1,2,2,1,1,1
SF,IF2103,2020-08-10 09:32:34.900,4541.8000,2516,0,43580820.000,0,-,-,-,-,4534.8000,4530.0000,4529.8000,4529.2000,4528.4000,4542.4000,4542.6000,4544.8000,4549.8000,4558.6000,1,1,1,1,1,2,2,1,1,1
SF,IF2103,2020-08-10 09:32:35.400,4541.8000,2516,0,43580820.000,0,-,-,-,-,4535.0000,4534.8000,4530.0000,4529.8000,4529.2000,4541.8000,4542.4000,4544.8000,4549.8000,4558.6000,1,1,1,1,1,1,1,1,1,1
SF,IF2103,2020-08-10 09:32:35.900,4541.8000,2516,0,43580820.000,0,-,-,-,-,4535.2000,4535.0000,4530.0000,4529.8000,4528.4000,4549.8000,4558.6000,4569.2000,4588.8000,4647.4000,1,1,1,1,1,1,1,1,1,1
SF,IF2103,2020-08-10 09:32:36.400,4541.8000,2516,0,43580820.000,0,-,-,-,-,4535.6000,4535.4000,4535.2000,4530.0000,4529.8000,4549.2000,4549.6000,4549.8000,4558.6000,4569.2000,1,1,1,1,1,2,2,1,1,1
SF,IF2103,2020-08-10 09:32:36.900,4541.8000,2516,0,43580820.000,0,-,-,-,-,4536.6000,4535.8000,4535.6000,4530.0000,4529.8000,4549.0000,4549.2000,4549.6000,4549.8000,4558.6000,1,2,1,1,1,2,2,1,1,1
SF,IF2103,2020-08-10 09:32:37.400,4541.8000,2516,0,43580820.000,0,-,-,-,-,4536.8000,4535.6000,4530.0000,4529.8000,4528.4000,4548.4000,4549.0000,4549.6000,4549.8000,4558.6000,2,1,1,1,1,2,2,1,1,1
SF,IF2103,2020-08-10 09:32:37.900,4541.8000,2516,0,43580820.000,0,-,-,-,-,4536.8000,4535.6000,4530.0000,4529.8000,4528.4000,4548.2000,4548.4000,4549.0000,4549.6000,4549.8000,2,1,1,1,1,2,2,1,1,1
SF,IF2103,2020-08-10 09:32:38.400,4541.8000,2516,0,43580820.000,0,-,-,-,-,4537.4000,4536.8000,4530.0000,4528.4000,4518.4000,4544.8000,4547.6000,4548.0000,4548.2000,4549.0000,2,1,1,1,1,1,2,9,2,1
SF,IF2103,2020-08-10 09:32:38.900,4541.8000,2516,0,43580820.000,0,-,-,-,-,4530.0000,4528.4000,4518.4000,4518.2000,4509.2000,4544.2000,4544.6000,4544.8000,4549.8000,4558.6000,1,1,1,1,1,2,2,1,1,1
SF,IF2103,2020-08-10 09:32:39.400,4541.8000,2516,0,43580820.000,0,-,-,-,-,4530.6000,4530.2000,4530.0000,4528.4000,4518.4000,4544.0000,4544.2000,4544.8000,4549.8000,4558.6000,1,1,1,1,1,3,2,1,1,1
SF,IF2103,2020-08-10 09:32:39.900,4541.8000,2516,0,43580820.000,0,-,-,-,-,4530.8000,4530.6000,4530.0000,4518.4000,4518.2000,4543.4000,4544.0000,4544.8000,4549.8000,4558.6000,1,1,1,1,1,2,3,1,1,1
SF,IF2103,2020-08-10 09:32:40.400,4541.8000,2516,0,43580820.000,0,-,-,-,-,4534.6000,4530.8000,4530.0000,4518.4000,4518.2000,4543.2000,4543.4000,4543.8000,4544.8000,4549.8000,1,1,1,1,1,3,2,2,1,1
SF,IF2103,2020-08-10 09:32:40.900,4541.8000,2516,0,43580820.000,0,-,-,-,-,4530.8000,4530.0000,4518.4000,4518.2000,4509.2000,4542.6000,4543.0000,4543.2000,4543.8000,4544.8000,1,1,1,1,1,2,1,3,2,1
SF,IF2103,2020-08-10 09:32:41.400,4541.8000,2516,0,43580820.000,0,-,-,-,-,4530.8000,4530.0000,4518.4000,4518.2000,4509.2000,4542.4000,4542.6000,4543.0000,4543.2000,4543.8000,1,1,1,1,1,2,2,1,1,2
SF,IF2103,2020-08-10 09:32:41.900,4541.8000,2516,0,43580820.000,0,-,-,-,-,4530.8000,4530.0000,4518.4000,4518.2000,4509.2000,4541.8000,4542.4000,4543.2000,4543.8000,4544.8000,1,1,1,1,1,2,3,1,2,1
SF,IF2103,2020-08-10 09:32:42.400,4541.8000,2516,0,43580820.000,0,-,-,-,-,4532.8000,4530.8000,4530.0000,4518.4000,4518.2000,4541.6000,4541.8000,4542.4000,4543.2000,4544.8000,1,1,1,1,1,2,2,1,1,1
SF,IF2103,2020-08-10 09:32:42.900,4541.8000,2516,0,43580820.000,0,-,-,-,-,4533.0000,4532.8000,4530.0000,4518.4000,4518.2000,4541.0000,4541.6000,4542.4000,4543.2000,4544.8000,1,1,1,1,1,2,2,1,1,1
SF,IF2103,2020-08-10 09:32:43.400,4541.8000,2516,0,43580820.000,0,-,-,-,-,4533.2000,4533.0000,4530.0000,4518.4000,4518.2000,4540.8000,4541.0000,4544.8000,4549.8000,4558.6000,1,1,1,1,1,2,2,1,1,1
SF,IF2103,2020-08-10 09:32:43.900,4541.8000,2516,0,43580820.000,0,-,-,-,-,4533.4000,4533.2000,4530.0000,4518.4000,4518.2000,4540.2000,4540.6000,4540.8000,4544.8000,4549.8000,2,1,1,1,1,1,1,1,1,1
SF,IF2103,2020-08-10 09:32:44.400,4541.8000,2516,0,43580820.000,0,-,-,-,-,4533.4000,4530.0000,4518.4000,4518.2000,4509.2000,4540.0000,4540.2000,4544.8000,4549.8000,4558.6000,2,1,1,1,1,1,1,1,1,1
SF,IF2103,2020-08-10 09:32:44.900,4541.8000,2516,0,43580820.000,0,-,-,-,-,4533.6000,4533.4000,4530.0000,4518.4000,4518.2000,4539.4000,4540.0000,4544.8000,4549.8000,4558.6000,1,2,1,1,1,1,1,1,1,1
SF,IF2103,2020-08-10 09:32:45.400,4541.8000,2516,0,43580820.000,0,-,-,-,-,4533.8000,4533.6000,4530.0000,4518.4000,4518.2000,4539.2000,4539.4000,4544.8000,4549.8000,4558.6000,1,1,1,1,1,1,1,1,1,1
SF,IF2103,2020-08-10 09:32:45.900,4541.8000,2516,0,43580820.000,0,-,-,-,-,4533.6000,4530.0000,4518.4000,4518.2000,4509.2000,4538.6000,4539.0000,4539.2000,4544.8000,4549.8000,1,1,1,1,1,1,1,1,1,1
SF,IF2103,2020-08-10 09:32:46.400,4541.8000,2516,0,43580820.000,0,-,-,-,-,4530.0000,4518.4000,4518.2000,4509.2000,4508.0000,4538.4000,4538.6000,4539.0000,4544.8000,4549.8000,1,1,1,1,1,2,1,1,1,1
SF,IF2103,2020-08-10 09:32:46.900,4541.8000,2516,0,43580820.000,0,-,-,-,-,4530.2000,4530.0000,4518.4000,4518.2000,4509.2000,4537.8000,4538.2000,4538.4000,4549.8000,4558.6000,1,1,1,1,1,1,2,2,1,1
SF,IF2103,2020-08-10 09:32:47.400,4541.8000,2516,0,43580820.000,0,-,-,-,-,4530.2000,4530.0000,4518.4000,4518.2000,4509.2000,4537.6000,4537.8000,4538.2000,4538.4000,4549.8000,1,1,1,1,1,1,1,1,1,1
SF,IF2103,2020-08-10 09:32:47.900,4541.8000,2516,0,43580820.000,0,-,-,-,-,4530.2000,4530.0000,4518.4000,4518.2000,4509.2000,4537.0000,4537.6000,4538.4000,4549.8000,4558.6000,1,1,1,1,1,1,1,1,1,1
SF,IF2103,2020-08-10 09:32:48.400,4541.8000,2516,0,43580820.000,0,-,-,-,-,4530.2000,4530.0000,4518.4000,4518.2000,4509.2000,4536.8000,4537.0000,4549.8000,4558.6000,4569.2000,1,1,1,1,1,1,1,1,1,1
SF,IF2103,2020-08-10 09:32:48.900,4541.8000,2516,0,43580820.000,0,-,-,-,-,4531.2000,4530.4000,4530.2000,4530.0000,4518.4000,4536.8000,4549.8000,4558.6000,4569.2000,4588.8000,1,1,1,1,1,1,1,1,1,1
SF,IF2103,2020-08-10 09:32:49.400,4541.8000,2516,0,43580820.000,0,-,-,-,-,4531.4000,4530.4000,4530.0000,4518.4000,4518.2000,4549.8000,4558.6000,4569.2000,4588.8000,4647.4000,1,1,1,1,1,1,1,1,1,1
SF,IF2103,2020-08-10 09:32:49.900,4541.8000,2516,0,43580820.000,0,-,-,-,-,4531.4000,4530.4000,4530.0000,4518.4000,4518.2000,4544.8000,4548.6000,4549.2000,4549.6000,4549.8000,1,1,1,1,1,1,1,2,4,1
SF,IF2103,2020-08-10 09:32:50.400,4541.8000,2516,0,43580820.000,0,-,-,-,-,4531.6000,4531.4000,4530.0000,4518.4000,4518.2000,4544.2000,4544.6000,4544.8000,4548.6000,4549.8000,1,1,1,1,1,2,4,1,1,1
SF,IF2103,2020-08-10 09:32:50.900,4541.8000,2516,0,43580820.000,0,-,-,-,-,4531.8000,4531.6000,4530.0000,4518.4000,4518.2000,4544.0000,4544.2000,4544.6000,4544.8000,4548.6000,1,1,1,1,1,3,2,3,1,1
SF,IF2103,2020-08-10 09:32:51.400,4541.8000,2516,0,43580820.000,0,-,-,-,-,4531.8000,4530.0000,4518.4000,4518.2000,4509.2000,4543.4000,4543.8000,4544.0000,4544.6000,4544.8000,1,1,1,1,1,2,2,3,2,1
SF,IF2103,2020-08-10 09:32:51.900,4541.8000,2516,0,43580820.000,0,-,-,-,-,4531.8000,4530.0000,4518.4000,4518.2000,4509.2000,4542.6000,4543.2000,4543.4000,4543.8000,4544.0000,1,1,1,1,1,1,4,2,1,2
SF,IF2103,2020-08-10 09:32:52.400,4541.8000,2516,0,43580820.000,0,-,-,-,-,4530.0000,4518.4000,4518.2000,4509.2000,4508.0000,4542.0000,4542.4000,4542.6000,4543.2000,4543.8000,1,1,1,1,1,2,5,1,2,1
SF,IF2103,2020-08-10 09:32:52.900,4541.8000,2516,0,43580820.000,0,-,-,-,-,4530.2000,4530.0000,4518.4000,4518.2000,4509.2000,4539.6000,4541.8000,4542.0000,4542.4000,4542.6000,1,1,1,1,1,1,4,2,3,1
SF,IF2103,2020-08-10 09:32:53.400,4541.8000,2516,0,43580820.000,0,-,-,-,-,4530.2000,4530.0000,4518.4000,4518.2000,4509.2000,4539.0000,4539.4000,4539.6000,4542.4000,4548.6000,1,1,1,1,1,2,2,1,1,1
SF,IF2103,2020-08-10 09:32:53.900,4541.8000,2516,0,43580820.000,0,-,-,-,-,4530.2000,4530.0000,4518.4000,4518.2000,4509.2000,4538.8000,4539.0000,4549.8000,4558.6000,4569.2000,1,1,1,1,1,2,2,1,1,1
SF,IF2103,2020-08-10 09:32:54.400,4541.8000,2516,0,43580820.000,0,-,-,-,-,4530.2000,4530.0000,4518.4000,4518.2000,4509.2000,4538.2000,4538.8000,4549.8000,4558.6000,4569.2000,1,1,1,1,1,2,2,1,1,1
SF,IF2103,2020-08-10 09:32:54.900,4541.8000,2516,0,43580820.000,0,-,-,-,-,4530.4000,4530.2000,4530.0000,4518.4000,4518.2000,4538.0000,4538.2000,4549.8000,4558.6000,4569.2000,1,1,1,1,1,2,2,1,1,1
SF,IF2103,2020-08-10 09:32:55.400,4541.8000,2516,0,43580820.000,0,-,-,-,-,4530.6000,4530.4000,4530.0000,4518.4000,4518.2000,4537.4000,4538.0000,4538.2000,4549.8000,4558.6000,1,1,1,1,1,1,1,1,1,1
SF,IF2103,2020-08-10 09:32:55.900,4541.8000,2516,0,43580820.000,0,-,-,-,-,4532.6000,4530.6000,4530.4000,4530.0000,4518.4000,4537.2000,4537.4000,4549.8000,4558.6000,4569.2000,1,1,1,1,1,1,1,1,1,1
SF,IF2103,2020-08-10 09:32:56.400,4541.8000,2516,0,43580820.000,0,-,-,-,-,4534.2000,4532.8000,4532.6000,4530.4000,4530.0000,4549.8000,4558.6000,4569.2000,4588.8000,4647.4000,1,1,1,1,1,1,1,1,1,1
SF,IF2103,2020-08-10 09:32:56.900,4541.8000,2516,0,43580820.000,0,-,-,-,-,4534.4000,4532.6000,4530.4000,4530.0000,4528.6000,4544.8000,4548.6000,4549.2000,4549.6000,4549.8000,2,1,1,1,1,1,1,2,3,1
SF,IF2103,2020-08-10 09:32:57.400,4541.8000,2516,0,43580820.000,0,-,-,-,-,4534.4000,4532.6000,4530.0000,4528.6000,4518.4000,4544.2000,4544.6000,4544.8000,4548.6000,4549.8000,2,1,1,1,1,2,1,1,1,1
SF,IF2103,2020-08-10 09:32:57.900,4541.8000,2516,0,43580820.000,0,-,-,-,-,4534.4000,4532.6000,4530.0000,4528.6000,4518.4000,4544.0000,4544.2000,4544.8000,4548.6000,4549.8000,2,1,1,1,1,1,2,1,1,1
SF,IF2103,2020-08-10 09:32:58.400,4541.8000,2516,0,43580820.000,0,-,-,-,-,4534.4000,4532.6000,4530.0000,4528.6000,4518.4000,4543.4000,4543.8000,4544.0000,4544.8000,4548.6000,1,1,1,1,1,2,1,3,1,1
SF,IF2103,2020-08-10 09:32:58.900,4541.8000,2516,0,43580820.000,0,-,-,-,-,4530.0000,4528.6000,4518.4000,4518.2000,4509.2000,4543.2000,4543.4000,4543.8000,4544.0000,4544.8000,1,1,1,1,1,4,2,1,2,1
SF,IF2103,2020-08-10 09:32:59.400,4541.8000,2516,0,43580820.000,0,-,-,-,-,4530.2000,4530.0000,4528.6000,4518.4000,4518.2000,4539.6000,4542.6000,4543.0000,4543.2000,4544.0000,1,1,1,1,1,1,2,1,4,2
SF,IF2103,2020-08-10 09:32:59.900,4541.8000,2516,0,43580820.000,0,-,-,-,-,4530.2000,4530.0000,4528.6000,4518.4000,4518.2000,4539.0000,4539.4000,4539.6000,4543.0000,4548.6000,1,1,1,1,1,2,2,1,1,1
SF,IF2103,2020-08-10 09:33:00.400,4541.8000,2516,0,43580820.000,0,-,-,-,-,4530.4000,4530.2000,4530.0000,4528.6000,4518.4000,4538.8000,4539.0000,4539.6000,4543.0000,4548.6000,1,1,1,1,1,3,2,1,1,1
SF,IF2103,2020-08-10 09:33:00.900,4541.8000,2516,0,43580820.000,0,-,-,-,-,4530.6000,4530.4000,4530.0000,4528.6000,4518.4000,4538.2000,4538.8000,4539.6000,4543.0000,4548.6000,1,1,1,1,1,2,3,1,1,1
SF,IF2103,2020-08-10 09:33:01.400,4541.8000,2516,0,43580820.000,0,-,-,-,-,4530.6000,4530.4000,4530.0000,4528.6000,4518.4000,4538.0000,4538.2000,4538.8000,4539.6000,4543.0000,1,1,1,1,1,2,2,1,1,1
SF,IF2103,2020-08-10 09:33:01.900,4541.8000,2516,0,43580820.000,0,-,-,-,-,4530.6000,4530.4000,4530.0000,4528.6000,4518.4000,4537.4000,4538.0000,4539.6000,4543.0000,4549.8000,1,1,1,1,1,2,2,1,1,1
SF,IF2103,2020-08-10 09:33:02.400,4541.8000,2516,0,43580820.000,0,-,-,-,-,4530.6000,4530.4000,4530.0000,4528.6000,4518.4000,4537.2000,4537.4000,4549.8000,4558.6000,4569.2000,1,1,1,1,1,2,2,1,1,1
SF,IF2103,2020-08-10 09:33:02.900,4541.8000,2516,0,43580820.000,0,-,-,-,-,4530.8000,4530.6000,4530.4000,4530.0000,4528.6000,4536.6000,4549.8000,4558.6000,4569.2000,4588.8000,1,1,1,1,1,1,1,1,1,1
SF,IF2103,2020-08-10 09:33:03.400,4541.8000,2516,0,43580820.000,0,-,-,-,-,4531.0000,4530.4000,4530.0000,4528.6000,4518.4000,4549.8000,4558.6000,4569.2000,4588.8000,4647.4000,1,1,1,1,1,1,1,1,1,1
SF,IF2103,2020-08-10 09:33:03.900,4541.8000,2516,0,43580820.000,0,-,-,-,-,4531.2000,4531.0000,4530.4000,4530.0000,4528.6000,4544.8000,4548.6000,4549.2000,4549.6000,4549.8000,2,1,1,1,1,1,1,2,3,1
SF,IF2103,2020-08-10 09:33:04.400,4541.8000,2516,0,43580820.000,0,-,-,-,-,4531.2000,4530.4000,4530.0000,4528.6000,4518.4000,4544.2000,4544.6000,4544.8000,4548.6000,4549.8000,2,1,1,1,1,2,3,1,1,1
SF,IF2103,2020-08-10 09:33:04.900,4541.8000,2516,0,43580820.000,0,-,-,-,-,4531.2000,4530.4000,4530.0000,4528.6000,4518.4000,4544.0000,4544.2000,4544.8000,4548.6000,4549.8000,2,1,1,1,1,2,2,1,1,1
SF,IF2103,2020-08-10 09:33:05.400,4541.8000,2516,0,43580820.000,0,-,-,-,-,4533.6000,4533.0000,4531.2000,4530.4000,4530.0000,4543.4000,4543.8000,4544.0000,4549.8000,4558.6000,1,1,2,1,1,1,1,2,1,1
SF,IF2103,2020-08-10 09:33:05.900,4541.8000,2516,0,43580820.000,0,-,-,-,-,4533.8000,4533.0000,4532.4000,4530.4000,4530.0000,4543.2000,4543.4000,4543.8000,4544.0000,4549.8000,2,1,1,1,1,2,1,1,1,1
SF,IF2103,2020-08-10 09:33:06.400,4541.8000,2516,0,43580820.000,0,-,-,-,-,4533.8000,4533.0000,4530.4000,4530.0000,4528.6000,4542.6000,4543.0000,4543.2000,4544.0000,4549.8000,2,1,1,1,1,1,1,2,1,1
SF,IF2103,2020-08-10 09:33:06.900,4541.8000,2516,0,43580820.000,0,-,-,-,-,4533.8000,4530.4000,4530.0000,4528.6000,4518.4000,4542.4000,4542.6000,4543.0000,4543.2000,4544.0000,2,1,1,1,1,2,1,1,1,1
SF,IF2103,2020-08-10 09:33:07.400,4541.8000,2516,0,43580820.000,0,-,-,-,-,4533.8000,4530.4000,4530.0000,4528.6000,4518.4000,4541.8000,4542.2000,4542.4000,4543.2000,4544.0000,2,1,1,1,1,1,1,2,1,1
SF,IF2103,2020-08-10 09:33:07.900,4541.8000,2516,0,43580820.000,0,-,-,-,-,4530.4000,4530.0000,4528.6000,4518.4000,4518.2000,4541.4000,4541.6000,4541.8000,4542.4000,4543.2000,1,1,1,1,1,1,2,1,1,1
SF,IF2103,2020-08-10 09:33:08.400,4541.8000,2516,0,43580820.000,0,-,-,-,-,4530.6000,4530.4000,4530.0000,4528.6000,4518.4000,4540.8000,4541.2000,4541.4000,4542.4000,4543.2000,1,1,1,1,1,1,3,1,1,1
SF,IF2103,2020-08-10 09:33:08.900,4541.8000,2516,0,43580820.000,0,-,-,-,-,4531.6000,4530.6000,4530.4000,4530.0000,4528.6000,4540.2000,4540.6000,4540.8000,4541.2000,4542.4000,1,1,1,1,1,1,2,1,1,1
SF,IF2103,2020-08-10 09:33:09.400,4541.8000,2516,0,43580820.000,0,-,-,-,-,4531.8000,4530.4000,4530.0000,4528.6000,4518.4000,4539.6000,4540.0000,4540.2000,4541.2000,4542.4000,1,1,1,1,1,1,3,1,1,1
SF,IF2103,2020-08-10 09:33:09.900,4541.8000,2516,0,43580820.000,0,-,-,-,-,4531.8000,4530.4000,4530.0000,4528.6000,4518.4000,4539.2000,4539.4000,4539.6000,4540.0000,4541.2000,1,1,1,1,1,1,2,2,1,1
SF,IF2103,2020-08-10 09:33:10.400,4541.8000,2516,0,43580820.000,0,-,-,-,-,4531.8000,4530.4000,4530.0000,4528.6000,4518.4000,4538.6000,4539.0000,4539.2000,4539.6000,4540.0000,1,1,1,1,1,1,3,1,1,1
SF,IF2103,2020-08-10 09:33:10.900,4541.8000,2516,0,43580820.000,0,-,-,-,-,4532.0000,4531.8000,4530.4000,4530.0000,4528.6000,4538.4000,4538.6000,4539.0000,4539.2000,4540.0000,1,1,1,1,1,1,1,1,1,1
SF,IF2103,2020-08-10 09:33:11.400,4541.8000,2516,0,43580820.000,0,-,-,-,-,4532.2000,4532.0000,4530.4000,4530.0000,4528.6000,4538.6000,4539.0000,4540.0000,4541.2000,4542.4000,1,1,1,1,1,1,1,1,1,1
SF,IF2103,2020-08-10 09:33:11.900,4541.8000,2516,0,43580820.000,0,-,-,-,-,4532.2000,4532.0000,4530.4000,4530.0000,4528.6000,4539.0000,4540.0000,4541.2000,4549.8000,4558.6000,1,1,1,1,1,1,1,1,1,1
SF,IF2103,2020-08-10 09:33:12.400,4541.8000,2516,0,43580820.000,0,-,-,-,-,4532.4000,4532.2000,4530.4000,4530.0000,4528.6000,4539.0000,4540.0000,4549.8000,4558.6000,4569.2000,1,1,1,1,1,1,1,1,1,1
SF,IF2103,2020-08-10 09:33:12.900,4541.8000,2516,0,43580820.000,0,-,-,-,-,4532.6000,4532.4000,4530.4000,4530.0000,4528.6000,4539.0000,4549.8000,4558.6000,4569.2000,4588.8000,1,1,1,1,1,1,1,1,1,1
SF,IF2103,2020-08-10 09:33:13.400,4541.8000,2516,0,43580820.000,0,-,-,-,-,4532.6000,4532.4000,4530.4000,4530.0000,4528.6000,4549.8000,4558.6000,4569.2000,4588.8000,4647.4000,1,1,1,1,1,1,1,1,1,1
SF,IF2103,2020-08-10 09:33:13.900,4541.8000,2516,0,43580820.000,0,-,-,-,-,4532.8000,4532.6000,4530.4000,4530.0000,4528.6000,4544.8000,4548.6000,4549.2000,4549.6000,4549.8000,1,1,1,1,1,1,1,2,2,1
SF,IF2103,2020-08-10 09:33:14.400,4541.8000,2516,0,43580820.000,0,-,-,-,-,4534.4000,4533.0000,4532.8000,4530.4000,4530.0000,4544.2000,4544.6000,4544.8000,4548.6000,4549.2000,1,2,1,1,1,1,1,1,1,1
SF,IF2103,2020-08-10 09:33:14.900,4541.8000,2516,0,43580820.000,0,-,-,-,-,4535.0000,4534.6000,4534.4000,4533.0000,4530.4000,4544.0000,4544.2000,4544.8000,4549.2000,4549.8000,2,2,1,1,1,1,1,1,1,1
SF,IF2103,2020-08-10 09:33:15.400,4541.8000,2516,0,43580820.000,0,-,-,-,-,4535.2000,4533.0000,4530.4000,4530.0000,4528.6000,4543.4000,4544.0000,4549.2000,4549.8000,4558.6000,2,1,1,1,1,1,1,1,1,1
SF,IF2103,2020-08-10 09:33:15.900,4541.8000,2516,0,43580820.000,0,-,-,-,-,4535.2000,4533.0000,4530.4000,4530.0000,4528.6000,4543.2000,4549.2000,4549.8000,4558.6000,4569.2000,2,1,1,1,1,1,1,1,1,1
SF,IF2103,2020-08-10 09:33:16.400,4541.8000,2516,0,43580820.000,0,-,-,-,-,4535.2000,4533.0000,4530.4000,4530.0000,4528.6000,4549.2000,4549.8000,4558.6000,4569.2000,4588.8000,2,1,1,1,1,1,1,1,1,1
SF,IF2103,2020-08-10 09:33:16.900,4541.8000,2516,0,43580820.000,0,-,-,-,-,4535.2000,4530.4000,4530.0000,4528.6000,4518.4000,4548.6000,4549.0000,4549.2000,4549.8000,4558.6000,2,1,1,1,1,1,2,1,1,1
SF,IF2103,2020-08-10 09:33:17.400,4541.8000,2516,0,43580820.000,0,-,-,-,-,4535.4000,4535.2000,4530.4000,4530.0000,4528.6000,4548.2000,4548.4000,4548.6000,4549.0000,4549.8000,1,2,1,1,1,1,2,1,1,1
SF,IF2103,2020-08-10 09:33:17.900,4541.8000,2516,0,43580820.000,0,-,-,-,-,4540.0000,4535.6000,4535.4000,4530.4000,4530.0000,4547.6000,4548.0000,4548.2000,4549.0000,4549.8000,1,3,1,1,1,1,1,1,1,1
SF,IF2103,2020-08-10 09:33:18.400,4541.8000,2516,0,43580820.000,0,-,-,-,-,4540.2000,4537.2000,4535.6000,4530.4000,4530.0000,4547.4000,4547.6000,4549.8000,4558.6000,4569.2000,2,1,1,1,1,1,1,1,1,1
SF,IF2103,2020-08-10 09:33:18.900,4541.8000,2516,0,43580820.000,0,-,-,-,-,4541.4000,4540.2000,4535.6000,4530.4000,4530.0000,4547.4000,4547.6000,4549.8000,4558.6000,4569.2000,2,2,1,1,1,1,1,1,1,1
SF,IF2103,2020-08-10 09:33:19.400,4541.8000,2516,0,43580820.000,0,-,-,-,-,4541.6000,4540.2000,4535.6000,4530.4000,4530.0000,4547.4000,4549.8000,4558.6000,4569.2000,4588.8000,1,1,1,1,1,1,1,1,1,1
SF,IF2103,2020-08-10 09:33:22.900,4541.8000,2516,0,43580820.000,0,-,-,-,-,4541.6000,4540.2000,4535.6000,4530.4000,4530.0000,4547.2000,4547.4000,4549.8000,4558.6000,4569.2000,1,1,1,1,1,1,1,1,1,1
SF,IF2103,2020-08-10 09:33:23.400,4541.8000,2516,0,43580820.000,0,-,-,-,-,4530.4000,4530.0000,4528.6000,4518.4000,4518.2000,4547.0000,4547.2000,4549.8000,4558.6000,4569.2000,1,1,1,1,1,1,1,1,1,1
SF,IF2103,2020-08-10 09:33:23.900,4541.8000,2516,0,43580820.000,0,-,-,-,-,4534.4000,4533.8000,4530.6000,4530.4000,4530.0000,4546.4000,4546.8000,4547.0000,4549.8000,4558.6000,1,1,1,1,1,1,2,1,1,1
SF,IF2103,2020-08-10 09:33:24.400,4541.8000,2516,0,43580820.000,0,-,-,-,-,4534.6000,4534.4000,4530.4000,4530.0000,4528.6000,4546.2000,4546.4000,4547.0000,4549.8000,4558.6000,1,1,1,1,1,2,1,1,1,1
SF,IF2103,2020-08-10 09:33:24.900,4541.8000,2516,0,43580820.000,0,-,-,-,-,4534.6000,4534.4000,4530.4000,4530.0000,4528.6000,4545.6000,4546.2000,4549.8000,4558.6000,4569.2000,1,2,1,1,1,1,2,1,1,1
SF,IF2103,2020-08-10 09:33:25.400,4541.8000,2516,0,43580820.000,0,-,-,-,-,4535.2000,4534.6000,4534.4000,4530.4000,4530.0000,4545.4000,4545.6000,4549.8000,4558.6000,4569.2000,1,1,2,1,1,2,1,1,1,1
SF,IF2103,2020-08-10 09:33:25.900,4541.8000,2516,0,43580820.000,0,-,-,-,-,4536.2000,4535.4000,4535.2000,4534.8000,4534.4000,4545.4000,4545.6000,4549.8000,4558.6000,4569.2000,1,2,1,1,1,2,1,1,1,1
SF,IF2103,2020-08-10 09:33:26.400,4541.8000,2516,0,43580820.000,0,-,-,-,-,4536.4000,4536.2000,4535.4000,4535.2000,4534.8000,4545.4000,4549.8000,4558.6000,4569.2000,4588.8000,1,1,1,1,1,2,1,1,1,1
SF,IF2103,2020-08-10 09:33:27.900,4541.8000,2516,0,43580820.000,0,-,-,-,-,4536.4000,4535.4000,4535.2000,4534.8000,4534.4000,4545.4000,4549.8000,4558.6000,4569.2000,4588.8000,1,1,1,1,1,2,1,1,1,1
SF,IF2103,2020-08-10 09:33:28.400,4541.8000,2516,0,43580820.000,0,-,-,-,-,4537.6000,4536.6000,4536.4000,4535.4000,4535.2000,4549.8000,4558.6000,4569.2000,4588.8000,4647.4000,1,2,1,1,1,1,1,1,1,1
SF,IF2103,2020-08-10 09:33:28.900,4541.8000,2516,0,43580820.000,0,-,-,-,-,4539.6000,4537.8000,4537.6000,4536.8000,4536.6000,4549.6000,4549.8000,4558.6000,4569.2000,4588.8000,1,2,1,1,1,1,1,1,1,1
SF,IF2103,2020-08-10 09:33:29.400,4541.8000,2516,0,43580820.000,0,-,-,-,-,4539.8000,4538.2000,4537.6000,4535.4000,4535.2000,4549.6000,4549.8000,4558.6000,4569.2000,4588.8000,2,1,1,1,1,1,1,1,1,1
SF,IF2103,2020-08-10 09:33:29.900,4541.8000,2516,0,43580820.000,0,-,-,-,-,4543.8000,4539.8000,4538.2000,4537.6000,4535.2000,4549.4000,4549.6000,4549.8000,4558.6000,4569.2000,1,1,1,1,1,1,1,1,1,1
SF,IF2103,2020-08-10 09:33:30.400,4541.8000,2516,0,43580820.000,0,-,-,-,-,4538.2000,4537.6000,4535.2000,4530.4000,4530.0000,4549.2000,4549.8000,4558.6000,4569.2000,4588.8000,1,1,1,1,1,1,1,1,1,1
SF,IF2103,2020-08-10 09:33:30.900,4541.8000,2516,0,43580820.000,0,-,-,-,-,4538.4000,4538.2000,4535.2000,4530.4000,4530.0000,4549.0000,4549.2000,4549.8000,4558.6000,4569.2000,1,1,1,1,1,2,1,1,1,1
SF,IF2103,2020-08-10 09:33:31.400,4541.8000,2516,0,43580820.000,0,-,-,-,-,4538.4000,4538.2000,4535.2000,4530.4000,4530.0000,4548.8000,4549.0000,4549.2000,4549.8000,4558.6000,1,1,1,1,1,1,2,1,1,1
SF,IF2103,2020-08-10 09:33:31.900,4541.8000,2516,0,43580820.000,0,-,-,-,-,4541.8000,4538.6000,4538.4000,4538.2000,4535.2000,4548.6000,4548.8000,4549.2000,4549.8000,4558.6000,2,1,1,1,1,2,1,1,1,1
SF,IF2103,2020-08-10 09:33:32.400,4541.8000,2516,0,43580820.000,0,-,-,-,-,4538.6000,4538.4000,4538.2000,4535.2000,4530.4000,4548.0000,4548.4000,4548.6000,4549.2000,4549.8000,1,1,1,1,1,1,1,2,1,1
SF,IF2103,2020-08-10 09:33:32.900,4541.8000,2516,0,43580820.000,0,-,-,-,-,4538.8000,4538.6000,4538.2000,4535.2000,4530.4000,4547.8000,4548.0000,4548.4000,4549.2000,4549.8000,1,1,1,1,1,2,1,1,1,1
SF,IF2103,2020-08-10 09:33:33.400,4541.8000,2516,0,43580820.000,0,-,-,-,-,4541.8000,4538.8000,4538.6000,4538.2000,4535.2000,4547.6000,4547.8000,4548.4000,4549.8000,4558.6000,2,1,1,1,1,1,2,1,1,1
SF,IF2103,2020-08-10 09:33:33.900,4541.8000,2516,0,43580820.000,0,-,-,-,-,4542.0000,4538.2000,4535.2000,4530.4000,4530.0000,4547.4000,4547.6000,4548.4000,4549.8000,4558.6000,1,1,1,1,1,1,1,1,1,1
SF,IF2103,2020-08-10 09:33:34.400,4541.8000,2516,0,43580820.000,0,-,-,-,-,4542.0000,4538.2000,4535.2000,4530.4000,4530.0000,4547.4000,4548.4000,4549.8000,4558.6000,4569.2000,1,1,1,1,1,1,1,1,1,1
SF,IF2103,2020-08-10 09:33:34.900,4541.8000,2516,0,43580820.000,0,-,-,-,-,4542.0000,4538.2000,4535.2000,4530.4000,4530.0000,4547.4000,4554.4000,4558.6000,4569.2000,4588.8000,1,1,1,1,1,1,1,1,1,1
SF,IF2103,2020-08-10 09:33:35.400,4541.8000,2516,0,43580820.000,0,-,-,-,-,4543.0000,4542.0000,4538.2000,4535.2000,4530.4000,4554.4000,4558.6000,4569.2000,4588.8000,4647.4000,1,1,1,1,1,1,1,1,1,1
SF,IF2103,2020-08-10 09:33:35.900,4541.8000,2516,0,43580820.000,0,-,-,-,-,4543.2000,4538.2000,4535.2000,4530.4000,4530.0000,4553.8000,4554.2000,4554.4000,4558.6000,4569.2000,1,1,1,1,1,2,4,1,1,1
SF,IF2103,2020-08-10 09:33:36.400,4541.8000,2516,0,43580820.000,0,-,-,-,-,4538.2000,4535.2000,4530.4000,4530.0000,4528.6000,4553.6000,4553.8000,4554.2000,4554.4000,4558.6000,1,1,1,1,1,4,2,2,1,1
SF,IF2103,2020-08-10 09:33:36.900,4541.8000,2516,0,43580820.000,0,-,-,-,-,4538.4000,4538.2000,4535.2000,4530.4000,4530.0000,4552.4000,4553.0000,4553.6000,4554.2000,4554.4000,1,1,1,1,1,1,2,4,2,1
SF,IF2103,2020-08-10 09:33:37.400,4541.8000,2516,0,43580820.000,0,-,-,-,-,4538.4000,4538.2000,4535.2000,4530.4000,4530.0000,4550.0000,4551.8000,4552.2000,4553.6000,4554.2000,1,1,1,1,1,1,2,3,2,2
SF,IF2103,2020-08-10 09:33:37.900,4541.8000,2516,0,43580820.000,0,-,-,-,-,4538.6000,4538.4000,4535.2000,4530.4000,4530.0000,4549.4000,4549.8000,4550.0000,4551.8000,4554.4000,1,1,1,1,1,1,2,1,1,1
SF,IF2103,2020-08-10 09:33:38.400,4541.8000,2516,0,43580820.000,0,-,-,-,-,4541.8000,4538.8000,4535.2000,4534.6000,4530.4000,4549.2000,4549.4000,4551.8000,4554.4000,4558.6000,2,1,1,2,1,3,1,1,1,1
SF,IF2103,2020-08-10 09:33:38.900,4541.8000,2516,0,43580820.000,0,-,-,-,-,4542.0000,4535.2000,4534.6000,4530.4000,4530.0000,4548.6000,4549.2000,4551.8000,4554.4000,4558.6000,1,1,2,1,1,1,3,1,1,1
SF,IF2103,2020-08-10 09:33:39.400,4541.8000,2516,0,43580820.000,0,-,-,-,-,4542.0000,4535.2000,4534.6000,4530.4000,4530.0000,4548.4000,4548.6000,4549.2000,4551.8000,4554.4000,1,1,2,1,1,2,1,1,1,1
SF,IF2103,2020-08-10 09:33:39.900,4541.8000,2516,0,43580820.000,0,-,-,-,-,4542.0000,4535.2000,4534.6000,4530.4000,4530.0000,4547.8000,4548.4000,4551.8000,4554.4000,4558.6000,1,1,2,1,1,1,2,1,1,1
SF,IF2103,2020-08-10 09:33:40.400,4541.8000,2516,0,43580820.000,0,-,-,-,-,4542.0000,4535.2000,4534.6000,4530.4000,4530.0000,4547.6000,4547.8000,4548.4000,4551.8000,4554.4000,1,1,2,1,1,1,1,1,1,1
SF,IF2103,2020-08-10 09:33:40.900,4541.8000,2516,0,43580820.000,0,-,-,-,-,4542.2000,4542.0000,4535.2000,4534.6000,4530.4000,4547.6000,4547.8000,4548.4000,4551.8000,4554.4000,1,1,1,2,1,1,1,1,1,1
SF,IF2103,2020-08-10 09:33:41.400,4541.8000,2516,0,43580820.000,0,-,-,-,-,4542.4000,4542.2000,4535.2000,4534.6000,4530.4000,4547.6000,4551.8000,4554.4000,4558.6000,4563.0000,1,1,1,2,1,1,1,1,1,3
SF,IF2103,2020-08-10 09:33:41.900,4541.8000,2516,0,43580820.000,0,-,-,-,-,4542.4000,4542.2000,4535.2000,4534.6000,4530.4000,4551.8000,4554.4000,4558.6000,4563.0000,4569.2000,1,1,1,2,1,1,1,1,3,1
SF,IF2103,2020-08-10 09:33:42.400,4541.8000,2516,0,43580820.000,0,-,-,-,-,4542.6000,4542.4000,4535.2000,4534.6000,4530.4000,4551.2000,4551.6000,4551.8000,4554.4000,4558.6000,1,1,1,2,1,1,1,1,1,1
SF,IF2103,2020-08-10 09:33:42.900,4541.8000,2516,0,43580820.000,0,-,-,-,-,4542.8000,4542.6000,4535.2000,4534.6000,4530.4000,4551.0000,4551.2000,4551.8000,4554.4000,4558.6000,1,1,1,2,1,1,1,1,1,1
SF,IF2103,2020-08-10 09:33:43.400,4541.8000,2516,0,43580820.000,0,-,-,-,-,4543.6000,4543.0000,4542.8000,4535.2000,4534.6000,4550.4000,4550.8000,4551.0000,4551.8000,4554.4000,1,1,1,1,2,1,1,1,1,1
SF,IF2103,2020-08-10 09:33:43.900,4541.8000,2516,0,43580820.000,0,-,-,-,-,4543.8000,4543.6000,4535.2000,4534.6000,4530.4000,4550.2000,4550.4000,4550.8000,4551.8000,4554.4000,2,1,1,2,1,1,1,1,1,1
SF,IF2103,2020-08-10 09:33:44.400,4541.8000,2516,0,43580820.000,0,-,-,-,-,4543.8000,4535.2000,4534.6000,4530.4000,4530.0000,4549.6000,4550.0000,4550.2000,4550.8000,4551.8000,1,1,2,1,1,1,2,2,1,1
SF,IF2103,2020-08-10 09:33:44.900,4541.8000,2516,0,43580820.000,0,-,-,-,-,4535.2000,4534.6000,4530.4000,4530.0000,4528.6000,4549.4000,4549.6000,4550.0000,4550.2000,4550.8000,1,2,1,1,1,1,1,3,1,1
SF,IF2103,2020-08-10 09:33:45.400,4541.8000,2516,0,43580820.000,0,-,-,-,-,4537.4000,4535.4000,4535.2000,4534.6000,4530.4000,4548.8000,4549.2000,4549.4000,4550.0000,4550.2000,1,1,1,2,1,1,1,3,2,1
SF,IF2103,2020-08-10 09:33:45.900,4541.8000,2516,0,43580820.000,0,-,-,-,-,4537.6000,4535.2000,4534.6000,4530.4000,4530.0000,4548.2000,4548.6000,4548.8000,4549.4000,4550.0000,1,1,2,1,1,1,4,1,1,2
SF,IF2103,2020-08-10 09:33:46.400,4541.8000,2516,0,43580820.000,0,-,-,-,-,4537.6000,4535.2000,4534.6000,4530.4000,4530.0000,4547.6000,4548.0000,4548.2000,4548.6000,4549.4000,1,1,2,1,1,1,3,1,2,1
SF,IF2103,2020-08-10 09:33:46.900,4541.8000,2516,0,43580820.000,0,-,-,-,-,4539.2000,4537.6000,4535.2000,4534.6000,4530.4000,4547.0000,4547.4000,4547.6000,4548.0000,4548.6000,1,1,1,2,1,1,4,1,1,2
SF,IF2103,2020-08-10 09:33:47.400,4541.8000,2516,0,43580820.000,0,-,-,-,-,4539.4000,4539.2000,4535.2000,4530.4000,4530.0000,4546.4000,4546.8000,4547.0000,4547.4000,4548.0000,1,1,1,1,1,1,2,1,2,1
SF,IF2103,2020-08-10 09:33:47.900,4541.8000,2516,0,43580820.000,0,-,-,-,-,4539.2000,4535.2000,4530.4000,4530.0000,4528.6000,4544.8000,4545.8000,4546.2000,4546.4000,4546.8000,1,1,1,1,1,1,1,4,1,2
SF,IF2103,2020-08-10 09:33:48.400,4541.8000,2516,0,43580820.000,0,-,-,-,-,4539.2000,4535.2000,4530.4000,4530.0000,4528.6000,4544.2000,4544.6000,4544.8000,4546.2000,4547.4000,1,1,1,1,1,1,2,1,3,1
SF,IF2103,2020-08-10 09:33:48.900,4541.8000,2516,0,43580820.000,0,-,-,-,-,4539.4000,4539.2000,4535.2000,4530.4000,4530.0000,4544.0000,4544.2000,4544.6000,4546.2000,4547.4000,1,1,1,1,1,1,1,1,2,1
SF,IF2103,2020-08-10 09:33:49.400,4541.8000,2516,0,43580820.000,0,-,-,-,-,4539.4000,4539.2000,4535.2000,4530.4000,4530.0000,4543.4000,4544.0000,4546.2000,4547.4000,4548.6000,1,1,1,1,1,1,1,2,1,1
SF,IF2103,2020-08-10 09:33:49.900,4541.8000,2516,0,43580820.000,0,-,-,-,-,4539.4000,4539.2000,4535.2000,4530.4000,4530.0000,4546.2000,4547.4000,4548.6000,4554.4000,4558.6000,1,1,1,1,1,2,1,1,1,1
SF,IF2103,2020-08-10 09:33:50.400,4541.8000,2516,0,43580820.000,0,-,-,-,-,4539.6000,4539.4000,4539.2000,4535.2000,4530.4000,4545.6000,4546.0000,4546.2000,4547.4000,4554.4000,1,1,1,1,1,1,1,1,1,1
SF,IF2103,2020-08-10 09:33:50.900,4541.8000,2516,0,43580820.000,0,-,-,-,-,4539.8000,4539.2000,4535.2000,4530.4000,4530.0000,4545.4000,4545.6000,4546.2000,4547.4000,4554.4000,1,1,1,1,1,1,1,1,1,1
SF,IF2103,2020-08-10 09:33:51.400,4541.8000,2516,0,43580820.000,0,-,-,-,-,4539.8000,4539.2000,4535.2000,4530.4000,4530.0000,4544.8000,4545.2000,4545.4000,4546.2000,4547.4000,1,1,1,1,1,1,1,1,1,1
SF,IF2103,2020-08-10 09:33:51.900,4541.8000,2516,0,43580820.000,0,-,-,-,-,4539.2000,4535.2000,4530.4000,4530.0000,4529.4000,4544.6000,4544.8000,4545.2000,4546.2000,4547.4000,1,1,1,1,2,1,1,1,1,1
SF,IF2103,2020-08-10 09:33:52.400,4541.8000,2516,0,43580820.000,0,-,-,-,-,4539.2000,4535.2000,4530.4000,4530.0000,4529.4000,4544.0000,4544.4000,4544.6000,4545.2000,4546.2000,1,1,1,1,2,1,1,1,1,1
SF,IF2103,2020-08-10 09:33:52.900,4539.2000,2516,0,44942580.000,1,0,1,多换,S,4535.2000,4530.4000,4530.0000,4529.4000,4528.6000,4543.8000,4544.0000,4544.4000,4545.2000,4546.2000,1,1,1,2,1,2,1,1,1,1
SF,IF2103,2020-08-10 09:33:53.400,4539.2000,2516,0,44942580.000,0,-,-,-,-,4535.4000,4535.2000,4530.4000,4530.0000,4529.4000,4543.2000,4543.6000,4543.8000,4544.4000,4545.2000,1,1,1,1,2,1,2,2,1,1
SF,IF2103,2020-08-10 09:33:53.900,4539.2000,2516,0,44942580.000,0,-,-,-,-,4535.4000,4535.2000,4530.4000,4530.0000,4529.4000,4543.0000,4543.2000,4543.6000,4544.4000,4545.2000,1,1,1,1,2,3,1,1,1,1
SF,IF2103,2020-08-10 09:33:54.400,4539.2000,2516,0,44942580.000,0,-,-,-,-,4535.6000,4535.4000,4535.2000,4530.4000,4530.0000,4542.4000,4542.8000,4543.0000,4543.6000,4544.4000,1,1,1,1,1,1,1,2,1,1
SF,IF2103,2020-08-10 09:33:54.900,4539.2000,2516,0,44942580.000,0,-,-,-,-,4539.2000,4536.4000,4535.8000,4535.6000,4535.2000,4542.2000,4542.4000,4542.8000,4543.0000,4543.6000,1,2,1,1,1,1,1,1,1,1
SF,IF2103,2020-08-10 09:33:55.400,4539.2000,2516,0,44942580.000,0,-,-,-,-,4539.4000,4539.2000,4535.6000,4535.2000,4530.4000,4541.8000,4542.8000,4543.6000,4544.4000,4546.2000,1,1,1,1,1,1,1,1,1,1
SF,IF2103,2020-08-10 09:33:55.900,4539.2000,2516,0,44942580.000,0,-,-,-,-,4539.2000,4535.6000,4535.2000,4530.4000,4530.0000,4542.8000,4543.6000,4546.2000,4547.4000,4554.4000,1,1,1,1,1,1,1,1,1,1
SF,IF2103,2020-08-10 09:33:56.400,4539.2000,2516,0,44942580.000,0,-,-,-,-,4539.4000,4539.2000,4535.6000,4535.2000,4530.4000,4542.8000,4543.6000,4546.2000,4547.4000,4554.4000,1,1,1,1,1,1,1,1,1,1
SF,IF2103,2020-08-10 09:33:56.900,4539.2000,2516,0,44942580.000,0,-,-,-,-,4539.4000,4539.2000,4535.2000,4530.4000,4530.0000,4542.8000,4543.6000,4546.2000,4547.4000,4554.4000,1,1,1,1,1,1,1,1,1,1
SF,IF2103,2020-08-10 09:33:57.900,4539.2000,2516,0,44942580.000,0,-,-,-,-,4539.4000,4539.2000,4530.4000,4530.0000,4529.4000,4542.8000,4543.6000,4546.2000,4547.4000,4554.4000,1,1,1,1,2,1,1,1,1,1
SF,IF2103,2020-08-10 09:33:58.400,4539.2000,2516,0,44942580.000,0,-,-,-,-,4539.2000,4530.4000,4530.0000,4529.4000,4528.6000,4542.6000,4542.8000,4543.6000,4546.2000,4547.4000,1,1,1,2,1,2,1,1,1,1
SF,IF2103,2020-08-10 09:33:58.900,4539.2000,2516,0,44942580.000,0,-,-,-,-,4539.2000,4530.4000,4530.0000,4529.4000,4528.6000,4542.4000,4542.6000,4542.8000,4543.6000,4546.2000,1,1,1,2,1,1,2,1,1,1
SF,IF2103,2020-08-10 09:33:59.400,4539.2000,2516,0,44942580.000,0,-,-,-,-,4539.2000,4530.4000,4530.0000,4529.4000,4528.6000,4541.8000,4542.2000,4542.4000,4542.8000,4543.6000,1,1,1,2,1,1,1,1,1,1
SF,IF2103,2020-08-10 09:33:59.900,4539.2000,2516,0,44942580.000,0,-,-,-,-,4539.2000,4530.4000,4530.0000,4529.4000,4528.6000,4541.6000,4541.8000,4542.4000,4542.8000,4543.6000,1,1,1,2,1,2,1,1,1,1
SF,IF2103,2020-08-10 09:34:00.400,4539.2000,2516,0,44942580.000,0,-,-,-,-,4539.2000,4530.4000,4530.0000,4529.4000,4528.6000,4541.0000,4541.6000,4542.4000,4542.8000,4543.6000,1,1,1,2,1,1,2,1,1,1
SF,IF2103,2020-08-10 09:34:00.900,4541.0000,2515,-1,46304880.000,1,0,1,双平,S,4539.4000,4539.2000,4530.4000,4530.0000,4529.4000,4541.6000,4542.8000,4543.6000,4546.2000,4547.4000,1,1,1,1,2,1,1,1,1,1
SF,IF2103,2020-08-10 09:34:01.400,4541.0000,2515,0,46304880.000,0,-,-,-,-,4539.2000,4530.4000,4530.0000,4529.4000,4528.6000,4542.8000,4543.6000,4546.2000,4547.4000,4554.4000,1,1,1,2,1,1,1,1,1,1
SF,IF2103,2020-08-10 09:34:01.900,4541.0000,2515,0,46304880.000,0,-,-,-,-,4539.4000,4539.2000,4530.4000,4530.0000,4528.6000,4542.8000,4543.6000,4546.2000,4547.4000,4554.4000,1,1,1,1,1,1,1,1,1,1
SF,IF2103,2020-08-10 09:34:06.400,4542.8000,2516,1,47667720.000,1,1,0,双开,S,4539.4000,4539.2000,4530.4000,4530.0000,4528.6000,4543.6000,4546.2000,4547.4000,4554.4000,4558.6000,1,1,1,1,1,1,1,1,1,1
SF,IF2103,2020-08-10 09:34:06.900,4543.6000,2517,1,49030800.000,1,1,0,双开,S,4539.2000,4530.4000,4530.0000,4528.6000,4518.4000,4546.2000,4547.4000,4554.4000,4558.6000,4563.0000,1,1,1,1,1,1,1,1,1,3
SF,IF2103,2020-08-10 09:34:07.400,4543.6000,2517,0,49030800.000,0,-,-,-,-,4539.6000,4539.4000,4539.2000,4530.4000,4530.0000,4546.0000,4546.2000,4554.4000,4558.6000,4563.0000,3,2,1,1,1,1,1,1,1,3
SF,IF2103,2020-08-10 09:34:07.900,4543.6000,2517,0,49030800.000,0,-,-,-,-,4539.8000,4539.6000,4539.4000,4539.2000,4530.4000,4546.2000,4554.4000,4558.6000,4563.0000,4569.2000,2,3,1,1,1,1,1,1,3,1
SF,IF2103,2020-08-10 09:34:08.400,4543.6000,2517,0,49030800.000,0,-,-,-,-,4540.4000,4539.8000,4539.6000,4539.4000,4539.2000,4554.4000,4558.6000,4563.0000,4569.2000,4588.8000,1,2,2,1,1,1,1,3,1,1
SF,IF2103,2020-08-10 09:34:08.900,4543.6000,2517,0,49030800.000,0,-,-,-,-,4545.4000,4541.6000,4541.0000,4540.6000,4540.4000,4553.8000,4554.2000,4554.4000,4563.0000,4569.2000,2,1,1,2,1,1,3,1,3,1
SF,IF2103,2020-08-10 09:34:09.400,4543.6000,2517,0,49030800.000,0,-,-,-,-,4545.6000,4542.4000,4541.8000,4541.6000,4540.4000,4553.6000,4553.8000,4554.2000,4554.4000,4563.0000,3,1,1,1,1,1,1,2,1,3
SF,IF2103,2020-08-10 09:34:09.900,4543.6000,2517,0,49030800.000,0,-,-,-,-,4545.6000,4542.4000,4541.8000,4541.6000,4540.4000,4553.2000,4553.6000,4554.4000,4563.0000,4569.2000,3,1,1,1,1,1,1,1,3,1
SF,IF2103,2020-08-10 09:34:10.400,4543.6000,2517,0,49030800.000,0,-,-,-,-,4545.6000,4542.4000,4541.6000,4540.4000,4539.8000,4553.0000,4554.4000,4563.0000,4569.2000,4588.8000,3,1,1,1,1,1,1,3,1,1
SF,IF2103,2020-08-10 09:34:10.900,4543.6000,2517,0,49030800.000,0,-,-,-,-,4546.0000,4545.6000,4541.6000,4539.8000,4539.6000,4553.0000,4559.4000,4563.0000,4569.2000,4588.8000,1,2,1,1,1,1,1,3,1,1
SF,IF2103,2020-08-10 09:34:11.400,4543.6000,2517,0,49030800.000,0,-,-,-,-,4546.2000,4546.0000,4541.6000,4539.8000,4539.6000,4553.0000,4559.4000,4563.0000,4569.2000,4588.8000,2,1,1,1,1,1,1,3,1,1
SF,IF2103,2020-08-10 09:34:11.900,4543.6000,2517,0,49030800.000,0,-,-,-,-,4546.6000,4546.4000,4546.2000,4541.6000,4539.8000,4553.0000,4559.4000,4563.0000,4569.2000,4588.8000,1,1,2,1,1,1,1,3,1,1
SF,IF2103,2020-08-10 09:34:12.400,4543.6000,2517,0,49030800.000,0,-,-,-,-,4546.8000,4546.6000,4546.4000,4546.2000,4541.6000,4553.0000,4559.4000,4563.0000,4588.8000,4647.4000,2,1,1,1,1,1,1,3,1,1
SF,IF2103,2020-08-10 09:34:12.900,4543.6000,2517,0,49030800.000,0,-,-,-,-,4547.4000,4547.0000,4546.8000,4546.4000,4546.2000,4553.0000,4559.4000,4563.0000,4579.2000,4588.8000,1,1,1,1,1,1,1,3,1,1
SF,IF2103,2020-08-10 09:34:13.400,4543.6000,2517,0,49030800.000,0,-,-,-,-,4547.6000,4547.4000,4547.0000,4546.4000,4546.2000,4553.0000,4559.4000,4563.0000,4579.2000,4588.8000,1,1,1,1,1,1,1,3,1,1
SF,IF2103,2020-08-10 09:34:13.900,4543.6000,2517,0,49030800.000,0,-,-,-,-,4548.2000,4547.8000,4547.6000,4547.0000,4546.4000,4559.4000,4563.0000,4579.2000,4588.8000,4647.4000,1,1,1,1,1,1,3,1,1,1
SF,IF2103,2020-08-10 09:34:14.400,4543.6000,2517,0,49030800.000,0,-,-,-,-,4548.4000,4548.2000,4547.8000,4547.0000,4546.4000,4558.8000,4559.2000,4559.4000,4563.0000,4579.2000,2,1,1,1,1,1,2,1,3,1
SF,IF2103,2020-08-10 09:34:14.900,4543.6000,2517,0,49030800.000,0,-,-,-,-,4549.0000,4548.4000,4547.8000,4547.0000,4541.6000,4558.6000,4558.8000,4559.2000,4559.4000,4563.0000,1,2,1,1,1,2,1,1,1,3
SF,IF2103,2020-08-10 09:34:15.400,4543.6000,2517,0,49030800.000,0,-,-,-,-,4549.2000,4547.8000,4547.0000,4539.8000,4539.2000,4558.6000,4559.2000,4559.4000,4563.0000,4579.2000,2,1,1,1,1,2,1,1,3,1
SF,IF2103,2020-08-10 09:34:15.900,4543.6000,2517,0,49030800.000,0,-,-,-,-,4549.6000,4549.2000,4547.8000,4547.0000,4539.8000,4558.6000,4559.2000,4559.4000,4563.0000,4579.2000,1,2,1,1,1,2,1,1,3,1
SF,IF2103,2020-08-10 09:34:16.400,4543.6000,2517,0,49030800.000,0,-,-,-,-,4550.6000,4549.8000,4547.8000,4547.0000,4539.8000,4558.6000,4559.2000,4559.4000,4563.0000,4579.2000,1,3,1,1,1,2,1,1,3,1
SF,IF2103,2020-08-10 09:34:16.900,4543.6000,2517,0,49030800.000,0,-,-,-,-,4550.8000,4550.6000,4549.8000,4547.8000,4547.0000,4558.6000,4559.2000,4559.4000,4563.0000,4579.2000,2,1,1,1,1,2,1,1,3,1
SF,IF2103,2020-08-10 09:34:17.400,4543.6000,2517,0,49030800.000,0,-,-,-,-,4550.8000,4549.8000,4547.8000,4547.0000,4539.8000,4558.6000,4559.2000,4563.0000,4564.4000,4579.2000,2,1,1,1,1,1,1,3,1,1
SF,IF2103,2020-08-10 09:34:17.900,4543.6000,2517,0,49030800.000,0,-,-,-,-,4550.8000,4547.8000,4547.0000,4539.8000,4539.2000,4558.4000,4558.6000,4559.2000,4563.0000,4564.4000,2,1,1,1,1,1,1,1,3,1
SF,IF2103,2020-08-10 09:34:18.400,4543.6000,2517,0,49030800.000,0,-,-,-,-,4550.8000,4547.8000,4539.8000,4539.2000,4536.4000,4558.2000,4558.4000,4559.2000,4563.0000,4564.4000,1,1,1,1,1,2,1,1,3,1
SF,IF2103,2020-08-10 09:34:18.900,4543.6000,2517,0,49030800.000,0,-,-,-,-,4539.8000,4539.2000,4536.4000,4530.0000,4528.6000,4558.0000,4558.2000,4558.4000,4559.2000,4563.0000,1,1,1,1,1,2,2,1,1,3
SF,IF2103,2020-08-10 09:34:19.400,4543.6000,2517,0,49030800.000,0,-,-,-,-,4545.4000,4544.8000,4541.0000,4540.0000,4539.8000,4557.8000,4558.0000,4558.4000,4559.2000,4563.0000,1,1,1,1,1,2,2,1,1,3
SF,IF2103,2020-08-10 09:34:19.900,4543.6000,2517,0,49030800.000,0,-,-,-,-,4545.6000,4541.0000,4539.8000,4539.2000,4530.0000,4555.2000,4557.6000,4557.8000,4558.0000,4558.4000,1,1,1,1,1,1,2,2,2,1
SF,IF2103,2020-08-10 09:34:20.400,4543.6000,2517,0,49030800.000,0,-,-,-,-,4545.6000,4541.0000,4539.8000,4539.2000,4530.0000,4555.0000,4555.2000,4556.2000,4563.0000,4564.4000,1,1,1,1,1,2,1,1,3,1
SF,IF2103,2020-08-10 09:34:20.900,4543.6000,2517,0,49030800.000,0,-,-,-,-,4545.6000,4541.0000,4539.8000,4539.2000,4530.0000,4555.0000,4555.2000,4563.0000,4564.4000,4579.2000,1,1,1,1,1,3,1,3,1,1
SF,IF2103,2020-08-10 09:34:21.400,4543.6000,2517,0,49030800.000,0,-,-,-,-,4545.8000,4545.6000,4541.0000,4539.8000,4539.2000,4555.0000,4563.0000,4564.4000,4579.2000,4588.8000,1,1,1,1,1,2,3,1,1,1
SF,IF2103,2020-08-10 09:34:21.900,4543.6000,2517,0,49030800.000,0,-,-,-,-,4546.0000,4545.8000,4541.0000,4539.8000,4539.2000,4555.0000,4563.0000,4564.4000,4579.2000,4588.8000,1,1,1,1,1,2,3,1,1,1
SF,IF2103,2020-08-10 09:34:22.400,4543.6000,2517,0,49030800.000,0,-,-,-,-,4546.2000,4546.0000,4545.8000,4541.0000,4539.8000,4555.0000,4563.0000,4564.4000,4579.2000,4588.8000,2,1,1,1,1,1,3,1,1,1
SF,IF2103,2020-08-10 09:34:22.900,4543.6000,2517,0,49030800.000,0,-,-,-,-,4546.4000,4546.2000,4545.8000,4541.0000,4539.8000,4555.0000,4563.0000,4564.4000,4579.2000,4588.8000,1,2,1,1,1,1,3,1,1,1
SF,IF2103,2020-08-10 09:34:23.400,4543.6000,2517,0,49030800.000,0,-,-,-,-,4547.2000,4546.6000,4546.4000,4546.2000,4545.8000,4555.0000,4563.0000,4564.4000,4579.2000,4588.8000,1,2,1,1,1,1,3,1,1,1
SF,IF2103,2020-08-10 09:34:23.900,4543.6000,2517,0,49030800.000,0,-,-,-,-,4547.8000,4547.4000,4546.6000,4546.2000,4545.8000,4563.0000,4564.4000,4579.2000,4588.8000,4647.4000,1,3,1,1,1,3,1,1,1,1
SF,IF2103,2020-08-10 09:34:24.400,4543.6000,2517,0,49030800.000,0,-,-,-,-,4548.0000,4547.4000,4546.6000,4546.2000,4545.8000,4560.0000,4560.4000,4562.8000,4563.0000,4564.4000,3,1,1,1,1,1,1,2,3,1
SF,IF2103,2020-08-10 09:34:24.900,4543.6000,2517,0,49030800.000,0,-,-,-,-,4548.2000,4548.0000,4546.6000,4546.2000,4541.0000,4559.8000,4560.4000,4563.0000,4564.4000,4579.2000,1,3,1,1,1,2,1,3,1,1
