市场代码,合约代码,时间,最新,持仓,增仓,成交额,成交量,开仓,平仓,成交类型,方向,买一价,买二价,买三价,买四价,买五价,卖一价,卖二价,卖三价,卖四价,卖五价,买一量,买二量,买三量,买四量,买五量,卖一量,卖二量,卖三量,卖四量,卖五量
SF,IF2103,2020-08-24 09:29:00.300,4616.8000,4647,0,5540160.000,4.000,-,-,-,-,4616.6000,4613.4000,4611.2000,4609.2000,4607.4000,4620.0000,4630.0000,4633.0000,4635.8000,4638.0000,1,2,2,1,4,1,1,1,4,1
SF,IF2103,2020-08-24 09:30:00.300,4616.8000,4647,0,5540160.000,0,-,-,-,-,4616.6000,4613.4000,4611.2000,4601.6000,4590.6000,4617.0000,4620.4000,4630.0000,4634.4000,4638.0000,1,2,2,1,1,2,1,1,3,1
SF,IF2103,2020-08-24 09:30:00.800,4616.6000,4648,1,6925140.000,1,1,0,双开,S,4611.2000,4601.6000,4590.6000,4590.0000,4588.0000,4620.4000,4630.0000,4634.4000,4638.0000,4639.2000,1,1,1,5,6,1,1,3,1,2
SF,IF2103,2020-08-24 09:30:01.300,4616.6000,4648,0,6925140.000,0,-,-,-,-,4616.8000,4614.0000,4613.2000,4611.4000,4611.2000,4620.4000,4630.0000,4634.4000,4638.0000,4639.2000,1,2,2,2,1,1,1,3,1,2
SF,IF2103,2020-08-24 09:30:01.800,4616.8000,4647,-1,9695220.000,2,0,2,多平,S,4613.2000,4611.4000,4611.2000,4601.6000,4590.6000,4619.6000,4620.2000,4620.4000,4634.4000,4638.0000,2,1,1,1,1,2,3,1,3,1
SF,IF2103,2020-08-24 09:30:02.300,4616.8000,4647,0,9695220.000,0,-,-,-,-,4615.6000,4613.2000,4601.6000,4590.6000,4588.0000,4619.4000,4620.4000,4634.4000,4638.0000,4639.2000,2,2,1,1,1,1,1,3,1,2
SF,IF2103,2020-08-24 09:30:02.800,4617.0000,4647,0,11080320.000,1,0,1,多换,S,4601.6000,4590.6000,4588.0000,4580.0000,4570.0000,4617.0000,4619.2000,4619.4000,4620.4000,4634.4000,1,1,1,5,1,3,1,3,1,3
SF,IF2103,2020-08-24 09:30:03.300,4616.8000,4647,0,13849620.000,2,1,1,多换,S,4614.2000,4613.2000,4612.2000,4604.2000,4603.8000,4620.4000,4634.4000,4638.0000,4646.0000,4650.0000,1,2,1,1,1,1,3,1,8,5
SF,IF2103,2020-08-24 09:30:03.800,4614.4000,4647,0,15233940.000,1,0,1,多换,S,4613.2000,4604.2000,4603.8000,4601.8000,4601.6000,4619.6000,4620.2000,4620.4000,4634.4000,4638.0000,2,1,1,1,1,2,3,1,3,1
SF,IF2103,2020-08-24 09:30:04.300,4614.4000,4647,0,15233940.000,0,-,-,-,-,4614.2000,4613.4000,4613.2000,4601.8000,4601.6000,4619.4000,4619.6000,4620.0000,4620.2000,4620.4000,1,2,2,1,1,1,2,1,1,1
SF,IF2103,2020-08-24 09:30:04.800,4614.4000,4647,0,15233940.000,0,-,-,-,-,4613.4000,4613.2000,4601.8000,4601.6000,4590.6000,4619.2000,4619.4000,4619.6000,4620.0000,4620.2000,2,2,1,1,1,1,1,2,1,1
SF,IF2103,2020-08-24 09:30:05.300,4614.4000,4647,0,15233940.000,0,-,-,-,-,4614.4000,4613.4000,4613.2000,4601.8000,4601.6000,4619.0000,4619.2000,4620.0000,4620.2000,4620.4000,1,1,2,1,1,1,2,1,1,1
SF,IF2103,2020-08-24 09:30:05.800,4614.4000,4647,0,15233940.000,0,-,-,-,-,4613.4000,4613.2000,4601.8000,4601.6000,4590.6000,4618.6000,4619.0000,4619.2000,4620.0000,4620.2000,1,1,1,1,1,2,1,1,1,1
SF,IF2103,2020-08-24 09:30:06.300,4614.4000,4647,0,15233940.000,0,-,-,-,-,4613.4000,4613.2000,4601.8000,4601.6000,4590.6000,4618.4000,4619.2000,4620.0000,4620.2000,4620.4000,1,1,1,1,1,2,1,1,1,1
SF,IF2103,2020-08-24 09:30:06.800,4614.4000,4647,0,15233940.000,0,-,-,-,-,4613.2000,4601.8000,4601.6000,4590.6000,4588.0000,4615.0000,4617.0000,4618.4000,4619.2000,4620.0000,1,1,1,1,1,1,3,3,1,1
SF,IF2103,2020-08-24 09:30:07.300,4613.2000,4646,-1,16617900.000,1,0,1,双平,S,4601.8000,4601.6000,4590.6000,4588.0000,4580.0000,4615.0000,4617.0000,4618.4000,4619.2000,4620.0000,1,1,1,1,5,1,3,3,1,1
SF,IF2103,2020-08-24 09:30:07.800,4613.2000,4646,0,16617900.000,0,-,-,-,-,4610.8000,4609.4000,4608.8000,4602.8000,4602.4000,4614.8000,4615.0000,4617.0000,4618.4000,4619.2000,1,2,1,1,1,1,1,1,1,1
SF,IF2103,2020-08-24 09:30:08.300,4613.2000,4646,0,16617900.000,0,-,-,-,-,4610.8000,4609.4000,4602.8000,4602.4000,4602.0000,4614.6000,4614.8000,4615.0000,4617.0000,4618.4000,1,2,1,1,1,1,1,1,1,1
SF,IF2103,2020-08-24 09:30:08.800,4613.2000,4646,0,16617900.000,0,-,-,-,-,4610.8000,4609.4000,4602.4000,4602.0000,4601.8000,4614.4000,4614.6000,4615.0000,4617.0000,4618.4000,1,2,1,1,1,1,1,1,1,1
SF,IF2103,2020-08-24 09:30:09.300,4613.2000,4646,0,16617900.000,0,-,-,-,-,4609.4000,4602.0000,4601.6000,4590.6000,4588.0000,4614.4000,4615.0000,4617.0000,4618.4000,4619.2000,1,1,1,1,1,1,1,1,1,1
SF,IF2103,2020-08-24 09:30:09.800,4613.2000,4646,0,16617900.000,0,-,-,-,-,4609.4000,4602.0000,4601.6000,4590.6000,4588.0000,4613.8000,4614.2000,4614.4000,4615.0000,4617.0000,1,1,1,1,1,2,1,1,1,1
SF,IF2103,2020-08-24 09:30:10.300,4613.2000,4646,0,16617900.000,0,-,-,-,-,4609.4000,4601.6000,4590.6000,4588.0000,4580.0000,4613.6000,4615.0000,4617.0000,4618.4000,4619.2000,1,1,1,1,5,1,1,1,1,1
SF,IF2103,2020-08-24 09:30:10.800,4613.2000,4646,0,16617900.000,0,-,-,-,-,4609.4000,4601.6000,4590.6000,4588.0000,4580.0000,4613.4000,4613.6000,4615.0000,4617.0000,4618.4000,1,1,1,1,5,1,1,1,1,1
SF,IF2103,2020-08-24 09:30:11.300,4613.2000,4646,0,16617900.000,0,-,-,-,-,4609.4000,4601.6000,4588.0000,4580.0000,4570.0000,4613.2000,4613.4000,4615.0000,4617.0000,4618.4000,1,1,1,5,1,2,1,1,1,1
SF,IF2103,2020-08-24 09:30:11.800,4613.2000,4646,0,16617900.000,0,-,-,-,-,4609.4000,4588.0000,4580.0000,4570.0000,4566.2000,4613.2000,4615.0000,4617.0000,4618.4000,4619.2000,1,1,5,1,5,2,1,1,1,1
SF,IF2103,2020-08-24 09:30:12.300,4613.2000,4646,0,16617900.000,0,-,-,-,-,4588.0000,4580.0000,4570.0000,4566.2000,4565.4000,4613.0000,4613.2000,4615.0000,4617.0000,4618.4000,1,5,1,5,1,1,1,1,1,1
SF,IF2103,2020-08-24 09:30:12.800,4613.2000,4646,0,16617900.000,0,-,-,-,-,4609.0000,4606.8000,4605.6000,4602.0000,4601.6000,4612.8000,4613.0000,4615.0000,4617.0000,4618.4000,1,1,2,1,1,1,1,1,1,1
SF,IF2103,2020-08-24 09:30:13.300,4612.6000,4644,-2,19384380.000,2,0,2,双平,S,4609.4000,4609.2000,4588.2000,4588.0000,4580.0000,4612.0000,4612.8000,4615.0000,4617.0000,4618.4000,2,1,2,1,5,1,1,1,1,1
SF,IF2103,2020-08-24 09:30:13.800,4609.2000,4642,-2,22149960.000,2,0,2,双平,S,4588.2000,4588.0000,4580.0000,4570.0000,4566.2000,4611.8000,4612.0000,4612.8000,4615.0000,4617.0000,2,1,5,1,5,1,1,1,1,1
SF,IF2103,2020-08-24 09:30:14.300,4609.2000,4642,0,22149960.000,0,-,-,-,-,4606.6000,4605.6000,4599.4000,4599.0000,4596.0000,4611.6000,4611.8000,4612.0000,4615.0000,4617.0000,1,1,1,1,1,1,1,1,1,1
SF,IF2103,2020-08-24 09:30:14.800,4609.2000,4642,0,22149960.000,0,-,-,-,-,4605.6000,4599.0000,4588.4000,4588.2000,4588.0000,4611.6000,4611.8000,4612.0000,4615.0000,4617.0000,1,1,1,1,1,1,1,1,1,1
SF,IF2103,2020-08-24 09:30:15.300,4609.2000,4642,0,22149960.000,0,-,-,-,-,4605.8000,4605.6000,4588.4000,4588.2000,4588.0000,4611.6000,4612.0000,4615.0000,4617.0000,4618.4000,1,1,1,1,1,1,1,1,1,1
SF,IF2103,2020-08-24 09:30:15.800,4609.2000,4642,0,22149960.000,0,-,-,-,-,4609.4000,4606.2000,4605.8000,4593.6000,4588.4000,4611.6000,4612.0000,4615.0000,4617.0000,4618.4000,1,1,1,1,1,1,1,1,1,1
SF,IF2103,2020-08-24 09:30:16.300,4609.2000,4641,-1,23532720.000,1,0,1,双平,S,4606.6000,4606.2000,4605.8000,4593.6000,4588.4000,4612.0000,4615.0000,4618.4000,4619.2000,4620.0000,1,1,1,1,1,1,1,1,1,1
SF,IF2103,2020-08-24 09:30:16.800,4609.2000,4641,0,23532720.000,0,-,-,-,-,4606.6000,4606.2000,4593.6000,4588.4000,4588.2000,4611.8000,4612.0000,4615.0000,4618.4000,4619.2000,1,1,1,1,1,1,1,1,1,1
SF,IF2103,2020-08-24 09:30:17.300,4609.2000,4641,0,23532720.000,0,-,-,-,-,4607.8000,4606.8000,4606.6000,4606.2000,4593.6000,4611.8000,4612.0000,4613.8000,4615.0000,4618.4000,1,2,1,1,1,1,1,1,1,1
SF,IF2103,2020-08-24 09:30:17.800,4609.2000,4641,0,23532720.000,0,-,-,-,-,4606.8000,4606.6000,4606.2000,4593.6000,4588.2000,4611.6000,4611.8000,4612.0000,4613.8000,4615.0000,2,1,1,1,1,1,1,1,1,1
SF,IF2103,2020-08-24 09:30:18.300,4609.2000,4641,0,23532720.000,0,-,-,-,-,4606.8000,4606.6000,4606.2000,4593.6000,4588.2000,4611.4000,4611.6000,4612.0000,4613.8000,4615.0000,2,1,1,1,1,1,1,1,1,1
SF,IF2103,2020-08-24 09:30:18.800,4609.2000,4641,0,23532720.000,0,-,-,-,-,4607.2000,4606.8000,4606.6000,4593.6000,4588.2000,4611.4000,4611.6000,4612.0000,4613.8000,4615.0000,1,2,1,1,1,1,1,1,1,1
SF,IF2103,2020-08-24 09:30:19.300,4609.2000,4641,0,23532720.000,0,-,-,-,-,4607.2000,4606.8000,4606.6000,4593.6000,4588.2000,4611.4000,4612.0000,4613.8000,4615.0000,4618.4000,1,2,1,1,1,1,1,1,1,1
SF,IF2103,2020-08-24 09:30:19.800,4609.2000,4641,0,23532720.000,0,-,-,-,-,4607.4000,4607.2000,4606.8000,4593.6000,4588.2000,4611.2000,4611.4000,4612.0000,4613.8000,4615.0000,1,1,1,1,1,1,1,1,1,1
SF,IF2103,2020-08-24 09:30:20.300,4609.2000,4641,0,23532720.000,0,-,-,-,-,4607.4000,4607.2000,4606.8000,4593.6000,4588.2000,4611.0000,4611.2000,4612.0000,4613.8000,4615.0000,1,1,1,1,1,1,1,1,1,1
SF,IF2103,2020-08-24 09:30:20.800,4609.2000,4641,0,23532720.000,0,-,-,-,-,4608.0000,4607.4000,4593.6000,4588.2000,4588.0000,4611.0000,4611.2000,4612.0000,4613.8000,4615.0000,1,1,1,1,1,1,1,1,1,1
SF,IF2103,2020-08-24 09:30:21.300,4609.2000,4641,0,23532720.000,0,-,-,-,-,4608.0000,4607.4000,4593.6000,4588.2000,4588.0000,4610.8000,4611.0000,4612.0000,4613.8000,4615.0000,1,1,1,1,1,1,1,1,1,1
SF,IF2103,2020-08-24 09:30:21.800,4609.2000,4641,0,23532720.000,0,-,-,-,-,4608.0000,4607.4000,4593.6000,4588.2000,4588.0000,4609.0000,4610.8000,4611.0000,4612.0000,4613.8000,1,1,1,1,1,1,1,1,1,1
SF,IF2103,2020-08-24 09:30:22.300,4609.2000,4639,-2,26298180.000,2,0,2,双平,S,4608.2000,4608.0000,4593.6000,4588.2000,4588.0000,4611.0000,4612.0000,4613.8000,4615.0000,4618.4000,2,1,1,1,1,1,1,1,1,1
SF,IF2103,2020-08-24 09:30:22.800,4609.2000,4639,0,26298180.000,0,-,-,-,-,4608.2000,4608.0000,4593.6000,4588.2000,4588.0000,4612.0000,4613.8000,4615.0000,4618.4000,4619.2000,2,1,1,1,1,1,1,1,1,1
SF,IF2103,2020-08-24 09:30:23.300,4609.2000,4639,0,26298180.000,0,-,-,-,-,4608.4000,4608.2000,4593.6000,4588.2000,4588.0000,4611.8000,4612.0000,4613.8000,4615.0000,4618.4000,2,1,1,1,1,1,1,1,1,1
SF,IF2103,2020-08-24 09:30:23.800,4609.2000,4639,0,26298180.000,0,-,-,-,-,4608.4000,4593.6000,4588.2000,4588.0000,4580.0000,4611.8000,4612.0000,4613.8000,4615.0000,4618.4000,2,1,1,1,5,1,1,1,1,1
SF,IF2103,2020-08-24 09:30:24.300,4609.2000,4639,0,26298180.000,0,-,-,-,-,4608.4000,4593.6000,4588.2000,4588.0000,4580.0000,4611.6000,4611.8000,4612.0000,4613.8000,4615.0000,2,1,1,1,5,1,1,1,1,1
SF,IF2103,2020-08-24 09:30:25.300,4611.6000,4638,-1,27681660.000,1,0,1,双平,S,4609.2000,4608.6000,4608.4000,4593.6000,4588.2000,4611.8000,4612.0000,4613.8000,4615.0000,4618.4000,1,2,2,1,1,1,1,1,1,1
SF,IF2103,2020-08-24 09:30:25.800,4611.6000,4638,0,27681660.000,0,-,-,-,-,4609.4000,4609.2000,4609.0000,4608.6000,4593.6000,4612.0000,4613.8000,4615.0000,4618.4000,4619.2000,2,1,2,2,1,1,1,1,1,1
SF,IF2103,2020-08-24 09:30:26.300,4610.6000,4636,-2,30448440.000,2,0,2,双平,S,4609.8000,4609.4000,4609.2000,4609.0000,4608.6000,4613.8000,4615.0000,4618.4000,4619.2000,4620.0000,1,1,1,1,2,1,1,1,1,1
SF,IF2103,2020-08-24 09:30:26.800,4610.6000,4636,0,30448440.000,0,-,-,-,-,4610.0000,4609.8000,4609.4000,4608.6000,4588.2000,4613.6000,4613.8000,4615.0000,4618.4000,4619.2000,1,4,1,2,1,1,1,1,1,1
SF,IF2103,2020-08-24 09:30:27.300,4613.6000,4636,0,31832520.000,1,0,1,多换,S,4610.4000,4610.2000,4610.0000,4609.4000,4608.6000,4613.8000,4615.0000,4619.2000,4620.0000,4620.2000,1,1,1,1,2,1,1,1,1,1
SF,IF2103,2020-08-24 09:30:27.800,4613.6000,4636,0,31832520.000,0,-,-,-,-,4612.0000,4610.6000,4610.4000,4609.4000,4588.2000,4613.8000,4615.0000,4620.0000,4620.2000,4620.4000,1,2,2,1,1,1,1,1,1,1
SF,IF2103,2020-08-24 09:30:28.300,4613.8000,4635,-1,33216660.000,1,0,1,双平,S,4612.2000,4611.0000,4610.6000,4610.4000,4588.2000,4615.0000,4620.0000,4620.2000,4620.4000,4634.4000,1,1,2,1,1,1,1,1,1,3
SF,IF2103,2020-08-24 09:30:28.800,4615.0000,4634,-1,34601160.000,1,0,1,双平,S,4612.2000,4610.6000,4588.2000,4588.0000,4580.0000,4620.0000,4620.4000,4634.4000,4638.0000,4646.0000,1,1,1,1,5,1,1,3,1,8
SF,IF2103,2020-08-24 09:30:29.300,4615.0000,4634,0,34601160.000,0,-,-,-,-,4613.8000,4612.6000,4612.4000,4612.2000,4588.2000,4619.8000,4620.0000,4620.4000,4634.4000,4638.0000,1,1,1,1,1,1,1,1,3,1
SF,IF2103,2020-08-24 09:30:29.800,4615.0000,4634,0,34601160.000,0,-,-,-,-,4614.0000,4613.8000,4612.6000,4612.2000,4588.2000,4619.8000,4620.0000,4620.4000,4634.4000,4638.0000,1,1,1,1,1,1,1,1,3,1
SF,IF2103,2020-08-24 09:30:30.300,4615.0000,4634,0,34601160.000,0,-,-,-,-,4614.0000,4613.8000,4612.6000,4612.2000,4588.2000,4619.0000,4619.8000,4620.0000,4620.4000,4634.4000,1,1,1,1,1,2,1,1,1,3
SF,IF2103,2020-08-24 09:30:30.800,4615.0000,4634,0,34601160.000,0,-,-,-,-,4614.2000,4614.0000,4613.8000,4612.6000,4588.2000,4617.0000,4620.0000,4620.4000,4634.4000,4638.0000,1,1,1,1,1,1,1,1,3,1
SF,IF2103,2020-08-24 09:30:31.300,4614.4000,4633,-1,35985480.000,1,0,1,双平,S,4614.2000,4614.0000,4613.8000,4612.6000,4588.2000,4620.0000,4620.4000,4634.4000,4638.0000,4646.0000,1,1,1,1,1,1,1,3,1,8
SF,IF2103,2020-08-24 09:30:31.800,4614.4000,4633,0,35985480.000,0,-,-,-,-,4614.4000,4614.2000,4613.8000,4612.6000,4588.2000,4620.0000,4620.4000,4634.4000,4638.0000,4646.0000,1,1,1,1,1,1,1,3,1,8
SF,IF2103,2020-08-24 09:30:32.300,4614.4000,4633,0,35985480.000,0,-,-,-,-,4614.6000,4614.4000,4614.2000,4613.8000,4612.6000,4619.8000,4620.0000,4620.4000,4634.4000,4638.0000,2,1,1,1,1,1,3,1,3,1
SF,IF2103,2020-08-24 09:30:32.800,4614.4000,4633,0,35985480.000,0,-,-,-,-,4614.8000,4614.6000,4614.2000,4613.8000,4588.2000,4619.8000,4620.0000,4620.4000,4634.4000,4638.0000,2,2,1,1,1,1,1,1,3,1
SF,IF2103,2020-08-24 09:30:33.300,4614.4000,4633,0,35985480.000,0,-,-,-,-,4615.0000,4614.8000,4613.8000,4588.2000,4588.0000,4619.6000,4619.8000,4620.0000,4620.4000,4634.4000,1,1,1,1,1,1,1,1,1,3
SF,IF2103,2020-08-24 09:30:33.800,4614.4000,4633,0,35985480.000,0,-,-,-,-,4615.4000,4615.2000,4615.0000,4614.8000,4613.8000,4619.6000,4619.8000,4620.0000,4620.4000,4634.4000,1,2,1,1,1,1,1,1,1,3
SF,IF2103,2020-08-24 09:30:34.800,4614.4000,4633,0,35985480.000,0,-,-,-,-,4615.6000,4615.0000,4614.8000,4613.8000,4588.2000,4619.6000,4619.8000,4620.0000,4620.4000,4634.4000,2,1,1,1,1,1,1,1,1,3
SF,IF2103,2020-08-24 09:30:35.300,4614.4000,4633,0,35985480.000,0,-,-,-,-,4615.0000,4614.8000,4613.8000,4588.2000,4588.0000,4619.4000,4619.6000,4619.8000,4620.0000,4620.4000,1,1,1,1,1,2,1,1,1,1
SF,IF2103,2020-08-24 09:30:35.800,4614.4000,4633,0,35985480.000,0,-,-,-,-,4615.2000,4614.8000,4613.8000,4588.2000,4588.0000,4619.2000,4620.0000,4620.4000,4634.4000,4638.0000,1,1,1,1,1,1,1,1,3,1
SF,IF2103,2020-08-24 09:30:36.300,4614.4000,4633,0,35985480.000,0,-,-,-,-,4615.2000,4613.8000,4588.2000,4588.0000,4580.0000,4619.2000,4619.4000,4620.0000,4620.4000,4634.4000,1,1,1,1,5,1,2,1,1,3
SF,IF2103,2020-08-24 09:30:36.800,4614.4000,4633,0,35985480.000,0,-,-,-,-,4615.2000,4613.8000,4588.2000,4588.0000,4580.0000,4619.0000,4619.2000,4620.0000,4620.4000,4634.4000,1,1,1,1,5,1,1,1,1,3
SF,IF2103,2020-08-24 09:30:37.300,4614.4000,4633,0,35985480.000,0,-,-,-,-,4615.2000,4613.8000,4588.2000,4588.0000,4580.0000,4618.8000,4619.0000,4620.0000,4620.4000,4634.4000,1,1,1,1,5,1,1,1,1,3
SF,IF2103,2020-08-24 09:30:37.800,4614.4000,4633,0,35985480.000,0,-,-,-,-,4615.2000,4613.8000,4588.2000,4588.0000,4580.0000,4618.8000,4619.0000,4620.0000,4620.4000,4634.4000,1,1,1,1,5,1,1,1,1,3
SF,IF2103,2020-08-24 09:30:38.300,4615.2000,4632,-1,37370040.000,1,0,1,双平,S,4613.8000,4588.2000,4588.0000,4580.0000,4570.0000,4618.8000,4619.0000,4620.0000,4620.4000,4634.4000,1,1,1,5,1,1,1,1,1,3
SF,IF2103,2020-08-24 09:30:39.300,4615.2000,4632,0,37370040.000,0,-,-,-,-,4614.4000,4613.8000,4588.2000,4588.0000,4580.0000,4618.8000,4620.0000,4620.4000,4634.4000,4638.0000,1,1,1,1,5,1,1,1,3,1
SF,IF2103,2020-08-24 09:30:39.800,4615.2000,4632,0,37370040.000,0,-,-,-,-,4614.4000,4613.8000,4588.2000,4588.0000,4580.0000,4618.8000,4620.0000,4620.4000,4634.4000,4638.0000,1,1,1,1,5,1,1,1,3,1
SF,IF2103,2020-08-24 09:30:40.300,4615.2000,4632,0,37370040.000,0,-,-,-,-,4614.4000,4613.8000,4588.2000,4588.0000,4580.0000,4618.6000,4618.8000,4620.0000,4620.4000,4634.4000,1,1,1,1,5,1,1,1,1,3
SF,IF2103,2020-08-24 09:30:40.800,4615.2000,4632,0,37370040.000,0,-,-,-,-,4614.8000,4614.4000,4613.8000,4588.2000,4588.0000,4618.4000,4618.6000,4620.0000,4620.4000,4622.4000,1,1,1,1,1,1,1,1,1,1
SF,IF2103,2020-08-24 09:30:41.300,4618.4000,4632,0,38755560.000,1,0,1,多换,S,4615.0000,4614.8000,4614.4000,4613.8000,4588.2000,4618.6000,4620.0000,4620.4000,4622.4000,4634.4000,1,1,1,1,1,1,1,1,1,3
SF,IF2103,2020-08-24 09:30:41.800,4618.4000,4632,0,38755560.000,0,-,-,-,-,4617.2000,4615.0000,4614.8000,4613.8000,4588.2000,4619.0000,4620.0000,4620.4000,4622.4000,4634.4000,2,2,1,1,1,1,1,1,1,3
SF,IF2103,2020-08-24 09:30:42.300,4618.4000,4631,-1,40141080.000,1,0,1,双平,S,4617.2000,4615.6000,4615.0000,4613.8000,4588.2000,4619.0000,4620.0000,4620.4000,4622.4000,4634.4000,2,1,2,1,1,1,1,1,1,3
SF,IF2103,2020-08-24 09:30:42.800,4618.4000,4631,0,40141080.000,0,-,-,-,-,4615.6000,4615.0000,4613.8000,4588.2000,4588.0000,4619.0000,4620.0000,4620.4000,4622.4000,4634.4000,1,2,1,1,1,1,1,1,1,3
SF,IF2103,2020-08-24 09:30:43.300,4619.0000,4630,-1,41526780.000,1,0,1,双平,S,4615.8000,4615.6000,4615.0000,4613.8000,4588.2000,4620.0000,4620.4000,4622.4000,4634.4000,4638.0000,1,1,1,1,1,1,1,1,3,1
SF,IF2103,2020-08-24 09:30:43.800,4619.0000,4630,0,41526780.000,0,-,-,-,-,4616.4000,4615.8000,4615.6000,4613.8000,4588.2000,4620.0000,4620.4000,4622.4000,4634.4000,4638.0000,1,1,1,1,1,1,1,1,3,1
SF,IF2103,2020-08-24 09:30:44.300,4619.0000,4630,0,41526780.000,0,-,-,-,-,4616.6000,4616.4000,4615.6000,4613.8000,4588.2000,4620.0000,4620.4000,4622.4000,4634.4000,4638.0000,1,1,1,1,1,1,1,1,3,1
SF,IF2103,2020-08-24 09:30:45.300,4619.0000,4630,0,41526780.000,0,-,-,-,-,4617.0000,4616.6000,4615.6000,4613.8000,4588.2000,4620.0000,4620.4000,4622.4000,4634.4000,4638.0000,1,1,1,1,1,1,1,1,3,1
SF,IF2103,2020-08-24 09:30:45.800,4619.0000,4630,0,41526780.000,0,-,-,-,-,4617.0000,4616.6000,4615.6000,4613.8000,4588.2000,4619.8000,4620.0000,4620.4000,4622.4000,4634.4000,1,1,1,1,1,1,1,1,1,3
SF,IF2103,2020-08-24 09:30:46.300,4619.0000,4630,0,41526780.000,0,-,-,-,-,4617.0000,4616.6000,4613.8000,4588.2000,4588.0000,4619.8000,4620.0000,4620.4000,4622.4000,4634.4000,1,1,1,1,1,1,1,1,1,3
SF,IF2103,2020-08-24 09:30:47.800,4619.0000,4630,0,41526780.000,0,-,-,-,-,4616.6000,4613.8000,4588.2000,4588.0000,4580.0000,4619.8000,4620.0000,4620.4000,4622.4000,4634.4000,1,1,1,1,5,1,1,1,1,3
SF,IF2103,2020-08-24 09:30:48.300,4619.0000,4630,0,41526780.000,0,-,-,-,-,4616.6000,4613.8000,4588.2000,4588.0000,4580.0000,4619.8000,4620.0000,4620.4000,4622.4000,4634.4000,1,1,1,1,5,1,1,1,1,3
SF,IF2103,2020-08-24 09:30:50.800,4619.0000,4630,0,41526780.000,0,-,-,-,-,4617.0000,4616.6000,4613.8000,4588.2000,4588.0000,4619.8000,4620.0000,4620.4000,4622.4000,4634.4000,1,1,1,1,1,1,1,1,1,3
SF,IF2103,2020-08-24 09:30:51.300,4619.0000,4630,0,41526780.000,0,-,-,-,-,4617.0000,4616.6000,4613.8000,4611.6000,4588.2000,4619.8000,4620.0000,4620.4000,4622.4000,4634.4000,1,1,1,1,1,1,1,1,1,3
SF,IF2103,2020-08-24 09:30:51.800,4616.6000,4630,0,44296860.000,2,1,1,多换,S,4613.8000,4611.6000,4588.2000,4588.0000,4580.0000,4618.0000,4619.8000,4620.0000,4620.4000,4622.4000,1,1,1,1,5,1,3,1,1,1
SF,IF2103,2020-08-24 09:30:52.300,4616.6000,4630,0,44296860.000,0,-,-,-,-,4613.8000,4611.6000,4588.2000,4588.0000,4580.0000,4617.8000,4619.8000,4620.0000,4620.4000,4622.4000,1,1,1,1,5,1,3,1,1,1
SF,IF2103,2020-08-24 09:30:52.800,4616.6000,4630,0,44296860.000,0,-,-,-,-,4613.8000,4611.6000,4588.2000,4588.0000,4580.0000,4617.8000,4619.8000,4620.0000,4620.4000,4622.4000,1,1,1,1,5,1,1,1,1,1
SF,IF2103,2020-08-24 09:30:53.300,4616.6000,4630,0,44296860.000,0,-,-,-,-,4613.8000,4611.6000,4588.2000,4588.0000,4580.0000,4616.2000,4617.8000,4619.8000,4620.0000,4620.4000,1,1,1,1,5,4,1,1,1,1
SF,IF2103,2020-08-24 09:30:53.800,4613.8000,4630,0,45681000.000,1,0,1,多换,S,4611.6000,4588.2000,4588.0000,4580.0000,4570.0000,4616.2000,4617.8000,4619.8000,4620.0000,4620.4000,1,1,1,5,1,4,1,1,1,1
SF,IF2103,2020-08-24 09:30:54.300,4613.8000,4630,0,45681000.000,0,-,-,-,-,4611.6000,4588.2000,4588.0000,4580.0000,4570.0000,4616.0000,4616.2000,4620.0000,4620.4000,4622.4000,1,1,1,5,1,2,4,1,1,1
SF,IF2103,2020-08-24 09:30:55.300,4613.8000,4630,0,45681000.000,0,-,-,-,-,4612.2000,4612.0000,4611.6000,4588.2000,4588.0000,4616.0000,4616.2000,4620.0000,4620.4000,4622.4000,1,1,1,1,1,2,4,1,1,1
SF,IF2103,2020-08-24 09:30:55.800,4612.2000,4629,-1,47064660.000,1,0,1,双平,S,4611.6000,4588.2000,4588.0000,4580.0000,4570.0000,4616.0000,4616.2000,4620.0000,4620.4000,4622.4000,1,1,1,5,1,2,4,1,1,1
SF,IF2103,2020-08-24 09:30:56.300,4611.6000,4628,-1,48448140.000,1,0,1,双平,S,4588.2000,4588.0000,4580.0000,4570.0000,4565.4000,4616.0000,4616.2000,4620.0000,4620.4000,4622.4000,1,1,5,1,1,2,4,1,1,1
SF,IF2103,2020-08-24 09:30:56.800,4611.6000,4628,0,48448140.000,0,-,-,-,-,4605.0000,4604.6000,4601.6000,4595.0000,4588.4000,4616.0000,4616.2000,4620.0000,4620.4000,4622.4000,1,1,1,3,1,1,4,1,1,1
SF,IF2103,2020-08-24 09:30:57.300,4611.6000,4628,0,48448140.000,0,-,-,-,-,4605.0000,4604.6000,4601.6000,4595.0000,4588.4000,4615.8000,4616.0000,4616.2000,4620.0000,4620.4000,1,1,1,3,1,1,3,4,1,1
SF,IF2103,2020-08-24 09:30:57.800,4611.6000,4628,0,48448140.000,0,-,-,-,-,4605.0000,4604.6000,4601.6000,4595.0000,4588.4000,4614.8000,4615.6000,4615.8000,4616.0000,4616.2000,1,1,1,3,1,1,1,1,2,4
SF,IF2103,2020-08-24 09:30:58.300,4611.6000,4628,0,48448140.000,0,-,-,-,-,4605.0000,4604.6000,4601.6000,4595.0000,4588.4000,4614.6000,4614.8000,4615.4000,4615.8000,4616.0000,1,1,1,3,1,1,1,1,1,2
SF,IF2103,2020-08-24 09:30:58.800,4611.6000,4628,0,48448140.000,0,-,-,-,-,4608.6000,4604.6000,4595.0000,4588.4000,4588.2000,4614.6000,4614.8000,4615.8000,4616.2000,4620.0000,1,1,3,1,1,1,1,1,4,1
SF,IF2103,2020-08-24 09:30:59.300,4611.6000,4628,0,48448140.000,0,-,-,-,-,4608.6000,4605.6000,4588.4000,4588.2000,4588.0000,4614.6000,4614.8000,4615.8000,4616.2000,4620.0000,1,1,1,1,1,1,1,1,4,1
SF,IF2103,2020-08-24 09:30:59.800,4611.6000,4628,0,48448140.000,0,-,-,-,-,4608.6000,4605.6000,4588.2000,4588.0000,4580.0000,4614.6000,4614.8000,4615.8000,4616.2000,4620.0000,1,1,1,1,5,1,1,1,4,1
SF,IF2103,2020-08-24 09:31:00.300,4611.6000,4628,0,48448140.000,0,-,-,-,-,4608.6000,4605.6000,4588.2000,4588.0000,4580.0000,4614.6000,4614.8000,4615.8000,4620.0000,4620.4000,1,1,1,1,5,1,1,1,1,1
SF,IF2103,2020-08-24 09:31:00.800,4611.6000,4628,0,48448140.000,0,-,-,-,-,4605.6000,4588.2000,4580.0000,4570.0000,4565.4000,4614.6000,4614.8000,4615.8000,4620.0000,4620.4000,1,1,5,1,1,1,1,1,1,1
SF,IF2103,2020-08-24 09:31:01.300,4611.6000,4628,0,48448140.000,0,-,-,-,-,4607.2000,4605.6000,4605.0000,4588.2000,4580.0000,4613.2000,4614.4000,4614.6000,4614.8000,4615.8000,1,1,1,1,5,2,2,1,1,1
SF,IF2103,2020-08-24 09:31:01.800,4611.6000,4628,0,48448140.000,0,-,-,-,-,4605.6000,4605.0000,4588.2000,4580.0000,4570.0000,4613.0000,4613.2000,4620.0000,4620.4000,4622.4000,1,1,1,5,1,2,2,1,1,1
SF,IF2103,2020-08-24 09:31:02.300,4611.6000,4628,0,48448140.000,0,-,-,-,-,4605.6000,4605.0000,4588.2000,4580.0000,4570.0000,4613.0000,4613.2000,4620.0000,4620.4000,4622.4000,1,1,1,5,1,2,4,1,1,1
SF,IF2103,2020-08-24 09:31:02.800,4611.6000,4628,0,48448140.000,0,-,-,-,-,4612.6000,4605.6000,4605.0000,4588.2000,4580.0000,4613.0000,4613.2000,4620.0000,4620.4000,4622.4000,1,1,1,1,5,1,2,1,1,1
SF,IF2103,2020-08-24 09:31:03.300,4611.6000,4627,-1,49831620.000,1,0,1,双平,S,4605.0000,4588.2000,4580.0000,4570.0000,4565.4000,4610.8000,4611.0000,4612.6000,4612.8000,4613.2000,1,1,5,1,1,1,1,2,2,2
SF,IF2103,2020-08-24 09:31:03.800,4611.6000,4627,0,49831620.000,0,-,-,-,-,4605.0000,4588.2000,4580.0000,4570.0000,4565.4000,4610.6000,4610.8000,4612.6000,4613.2000,4620.0000,1,1,5,1,1,1,1,2,2,1
SF,IF2103,2020-08-24 09:31:04.300,4611.6000,4627,0,49831620.000,0,-,-,-,-,4605.4000,4605.0000,4588.2000,4580.0000,4570.0000,4610.6000,4610.8000,4612.6000,4613.2000,4620.0000,1,1,1,5,1,1,1,2,2,1
SF,IF2103,2020-08-24 09:31:04.800,4611.6000,4627,0,49831620.000,0,-,-,-,-,4605.4000,4605.0000,4588.2000,4580.0000,4570.0000,4610.4000,4610.6000,4610.8000,4612.6000,4613.2000,1,1,1,5,1,1,1,1,2,2
SF,IF2103,2020-08-24 09:31:05.300,4611.6000,4627,0,49831620.000,0,-,-,-,-,4605.0000,4600.0000,4588.2000,4580.0000,4570.0000,4610.2000,4610.4000,4610.8000,4612.6000,4613.2000,1,5,1,5,1,1,1,1,2,2
SF,IF2103,2020-08-24 09:31:05.800,4611.6000,4627,0,49831620.000,0,-,-,-,-,4605.0000,4600.0000,4588.2000,4580.0000,4570.0000,4610.2000,4610.4000,4610.8000,4612.6000,4613.2000,1,5,1,5,1,1,1,1,2,2
SF,IF2103,2020-08-24 09:31:06.300,4611.6000,4627,0,49831620.000,0,-,-,-,-,4605.0000,4600.0000,4588.2000,4580.0000,4570.0000,4609.4000,4610.2000,4610.4000,4610.8000,4612.6000,1,5,1,5,1,2,1,1,1,2
SF,IF2103,2020-08-24 09:31:06.800,4611.6000,4627,0,49831620.000,0,-,-,-,-,4605.0000,4600.0000,4588.2000,4580.0000,4570.0000,4605.4000,4609.2000,4609.4000,4610.4000,4610.8000,1,5,1,5,1,1,1,2,1,1
SF,IF2103,2020-08-24 09:31:07.300,4605.0000,4627,0,51213120.000,1,0,1,多换,S,4600.0000,4588.2000,4580.0000,4570.0000,4565.4000,4605.4000,4609.2000,4609.4000,4610.4000,4610.8000,5,1,5,1,1,1,1,2,1,1
SF,IF2103,2020-08-24 09:31:07.800,4605.0000,4627,0,51213120.000,0,-,-,-,-,4600.0000,4588.2000,4580.0000,4570.0000,4565.4000,4605.2000,4605.4000,4609.4000,4610.4000,4610.8000,5,1,5,1,1,1,1,2,1,1
SF,IF2103,2020-08-24 09:31:08.300,4600.0000,4627,0,52593120.000,1,0,1,多换,S,4600.0000,4588.2000,4580.0000,4570.0000,4565.4000,4603.0000,4605.2000,4605.4000,4609.4000,4610.4000,4,1,5,1,1,2,1,1,2,1
SF,IF2103,2020-08-24 09:31:08.800,4603.0000,4629,2,55354920.000,2,2,0,双开,S,4603.0000,4600.2000,4600.0000,4588.2000,4580.0000,4605.2000,4605.4000,4609.4000,4610.4000,4610.8000,1,2,4,1,5,1,1,2,1,1
SF,IF2103,2020-08-24 09:31:09.300,4603.0000,4629,0,55354920.000,0,-,-,-,-,4601.0000,4600.2000,4600.0000,4588.2000,4580.0000,4605.4000,4609.4000,4610.4000,4610.8000,4612.6000,2,2,4,1,5,1,2,1,1,1
SF,IF2103,2020-08-24 09:31:09.800,4603.0000,4629,0,55354920.000,0,-,-,-,-,4601.0000,4600.2000,4600.0000,4588.2000,4580.0000,4605.2000,4605.4000,4609.4000,4610.4000,4610.8000,2,3,4,1,5,1,1,2,1,1
SF,IF2103,2020-08-24 09:31:10.800,4603.0000,4629,0,55354920.000,0,-,-,-,-,4600.2000,4600.0000,4588.2000,4580.0000,4570.0000,4605.2000,4605.4000,4609.4000,4610.4000,4610.8000,1,4,1,5,1,1,1,2,1,1
SF,IF2103,2020-08-24 09:31:11.300,4603.0000,4629,0,55354920.000,0,-,-,-,-,4600.2000,4600.0000,4588.2000,4580.0000,4570.0000,4605.2000,4605.4000,4609.4000,4610.4000,4610.8000,1,4,1,5,1,1,1,2,1,1
SF,IF2103,2020-08-24 09:31:11.800,4603.0000,4629,0,55354920.000,0,-,-,-,-,4600.2000,4600.0000,4588.2000,4580.0000,4570.0000,4605.2000,4605.4000,4609.4000,4610.4000,4610.8000,1,4,1,5,1,1,1,2,1,1
SF,IF2103,2020-08-24 09:31:12.300,4603.0000,4629,0,55354920.000,0,-,-,-,-,4600.0000,4588.2000,4580.0000,4570.0000,4565.4000,4605.2000,4605.4000,4610.4000,4610.8000,4612.6000,4,1,5,1,1,1,1,1,1,1
SF,IF2103,2020-08-24 09:31:12.800,4603.0000,4629,0,55354920.000,0,-,-,-,-,4600.0000,4588.2000,4580.0000,4570.0000,4565.4000,4605.2000,4605.4000,4610.4000,4610.8000,4612.6000,4,1,5,1,1,1,1,1,1,1
SF,IF2103,2020-08-24 09:31:13.300,4603.0000,4629,0,55354920.000,0,-,-,-,-,4600.0000,4588.2000,4580.0000,4570.0000,4565.4000,4605.2000,4605.4000,4610.4000,4610.8000,4620.0000,4,1,5,1,1,1,1,1,1,1
SF,IF2103,2020-08-24 09:31:13.800,4603.0000,4629,0,55354920.000,0,-,-,-,-,4600.2000,4600.0000,4588.2000,4580.0000,4570.0000,4605.2000,4605.4000,4610.4000,4610.8000,4620.0000,1,4,1,5,1,1,1,1,1,1
SF,IF2103,2020-08-24 09:31:15.800,4603.0000,4629,0,55354920.000,0,-,-,-,-,4600.2000,4600.0000,4588.2000,4580.0000,4570.0000,4605.2000,4605.4000,4610.4000,4610.8000,4620.0000,1,4,1,5,1,1,1,1,1,1
SF,IF2103,2020-08-24 09:31:16.300,4603.0000,4629,0,55354920.000,0,-,-,-,-,4600.0000,4588.2000,4580.0000,4570.0000,4565.4000,4605.2000,4605.4000,4610.4000,4610.8000,4620.0000,4,1,5,1,1,1,1,1,1,1
SF,IF2103,2020-08-24 09:31:16.800,4603.0000,4629,0,55354920.000,0,-,-,-,-,4601.2000,4600.0000,4588.2000,4580.0000,4570.0000,4605.2000,4605.4000,4610.4000,4610.8000,4620.0000,1,4,1,5,1,1,1,1,1,1
SF,IF2103,2020-08-24 09:31:17.300,4603.0000,4629,0,55354920.000,0,-,-,-,-,4601.2000,4600.2000,4600.0000,4588.2000,4580.0000,4605.0000,4605.2000,4605.4000,4610.4000,4610.8000,1,1,4,1,5,2,1,1,1,1
SF,IF2103,2020-08-24 09:31:17.800,4601.2000,4628,-1,56735280.000,1,0,1,双平,S,4600.2000,4600.0000,4588.2000,4580.0000,4570.0000,4601.2000,4604.8000,4605.0000,4605.4000,4610.8000,1,4,1,5,1,1,1,1,1,1
SF,IF2103,2020-08-24 09:31:18.300,4601.2000,4627,-1,58115640.000,1,0,1,双平,S,4601.2000,4600.4000,4600.2000,4600.0000,4588.2000,4604.8000,4605.4000,4610.8000,4620.0000,4620.4000,2,1,1,4,1,1,1,1,1,1
SF,IF2103,2020-08-24 09:31:18.800,4601.2000,4627,0,58115640.000,0,-,-,-,-,4601.2000,4600.4000,4600.2000,4600.0000,4588.2000,4604.6000,4604.8000,4605.4000,4610.8000,4620.0000,1,1,1,4,1,2,1,1,1,1
SF,IF2103,2020-08-24 09:31:19.300,4601.2000,4627,0,58115640.000,0,-,-,-,-,4601.2000,4600.4000,4600.2000,4600.0000,4588.2000,4604.4000,4604.6000,4605.4000,4610.8000,4620.0000,1,1,1,4,1,1,2,1,1,1
SF,IF2103,2020-08-24 09:31:19.800,4601.2000,4627,0,58115640.000,0,-,-,-,-,4601.2000,4600.4000,4600.2000,4600.0000,4588.2000,4604.2000,4604.4000,4605.4000,4610.8000,4620.0000,1,1,1,4,1,1,1,1,1,1
SF,IF2103,2020-08-24 09:31:20.300,4601.2000,4627,0,58115640.000,0,-,-,-,-,4601.4000,4601.2000,4600.2000,4600.0000,4588.2000,4604.2000,4604.4000,4605.4000,4610.8000,4620.0000,1,1,1,4,1,1,1,1,1,1
SF,IF2103,2020-08-24 09:31:20.800,4601.2000,4627,0,58115640.000,0,-,-,-,-,4601.4000,4601.2000,4600.2000,4600.0000,4588.2000,4604.2000,4604.4000,4605.4000,4610.8000,4620.0000,2,1,1,5,1,1,1,1,1,1
SF,IF2103,2020-08-24 09:31:22.300,4601.2000,4627,0,58115640.000,0,-,-,-,-,4601.4000,4601.2000,4600.2000,4600.0000,4588.2000,4604.2000,4604.4000,4605.4000,4610.8000,4620.0000,1,1,1,5,1,1,1,1,1,1
SF,IF2103,2020-08-24 09:31:22.800,4601.2000,4627,0,58115640.000,0,-,-,-,-,4601.2000,4600.2000,4600.0000,4588.2000,4580.0000,4604.0000,4604.2000,4604.4000,4605.4000,4610.8000,1,1,5,1,5,1,1,1,1,1
SF,IF2103,2020-08-24 09:31:23.300,4601.2000,4627,0,58115640.000,0,-,-,-,-,4601.2000,4600.2000,4600.0000,4588.2000,4580.0000,4603.8000,4604.0000,4604.4000,4605.4000,4610.8000,1,1,5,1,5,1,1,1,1,1
SF,IF2103,2020-08-24 09:31:23.800,4601.2000,4626,-1,59496000.000,1,0,1,双平,S,4600.2000,4600.0000,4588.2000,4580.0000,4570.0000,4603.8000,4604.0000,4604.4000,4605.4000,4610.8000,1,4,1,5,1,1,1,1,1,1
SF,IF2103,2020-08-24 09:31:24.300,4601.2000,4626,0,59496000.000,0,-,-,-,-,4600.2000,4600.0000,4588.2000,4580.0000,4570.0000,4603.6000,4603.8000,4604.0000,4605.4000,4610.8000,1,4,1,5,1,1,1,1,1,1
SF,IF2103,2020-08-24 09:31:24.800,4601.2000,4626,0,59496000.000,0,-,-,-,-,4600.2000,4600.0000,4588.2000,4580.0000,4570.0000,4603.4000,4603.6000,4604.0000,4610.8000,4620.0000,1,4,1,5,1,1,1,1,1,1
SF,IF2103,2020-08-24 09:31:25.300,4601.2000,4626,0,59496000.000,0,-,-,-,-,4600.2000,4600.0000,4588.2000,4580.0000,4570.0000,4603.4000,4603.6000,4604.0000,4610.8000,4620.0000,1,4,1,5,1,1,1,1,1,1
SF,IF2103,2020-08-24 09:31:26.800,4601.2000,4626,0,59496000.000,0,-,-,-,-,4600.2000,4600.0000,4588.2000,4580.0000,4570.0000,4601.8000,4603.4000,4603.6000,4604.0000,4610.8000,1,4,1,5,1,2,1,1,1,1
SF,IF2103,2020-08-24 09:31:27.300,4601.2000,4626,0,59496000.000,0,-,-,-,-,4600.2000,4600.0000,4588.2000,4580.0000,4570.0000,4603.4000,4603.6000,4604.2000,4610.8000,4620.0000,1,4,1,5,1,1,1,3,1,1
SF,IF2103,2020-08-24 09:31:27.800,4600.2000,4625,-1,60876060.000,1,0,1,双平,S,4600.0000,4588.2000,4580.0000,4570.0000,4565.4000,4601.4000,4601.8000,4603.2000,4603.4000,4603.6000,4,1,5,1,1,1,2,1,1,1
SF,IF2103,2020-08-24 09:31:28.300,4600.2000,4625,0,60876060.000,0,-,-,-,-,4600.2000,4600.0000,4588.2000,4580.0000,4570.0000,4603.2000,4603.4000,4603.6000,4604.2000,4610.8000,1,5,1,5,1,1,1,1,3,1
SF,IF2103,2020-08-24 09:31:28.800,4600.2000,4625,0,60876060.000,0,-,-,-,-,4600.6000,4600.2000,4600.0000,4588.2000,4580.0000,4603.0000,4604.2000,4610.8000,4620.0000,4620.4000,1,1,5,1,5,1,3,1,1,1
SF,IF2103,2020-08-24 09:31:29.300,4600.2000,4625,0,60876060.000,0,-,-,-,-,4600.8000,4600.6000,4600.2000,4600.0000,4588.2000,4604.2000,4610.8000,4620.0000,4620.4000,4622.4000,1,1,1,5,1,3,1,1,1,1
SF,IF2103,2020-08-24 09:31:29.800,4600.2000,4625,0,60876060.000,0,-,-,-,-,4601.2000,4601.0000,4600.8000,4600.2000,4600.0000,4604.2000,4610.8000,4620.0000,4620.4000,4622.4000,1,1,1,1,5,3,1,1,1,1
SF,IF2103,2020-08-24 09:31:30.300,4600.2000,4625,0,60876060.000,0,-,-,-,-,4601.4000,4601.2000,4601.0000,4600.2000,4600.0000,4604.2000,4610.8000,4620.0000,4620.4000,4622.4000,1,1,1,1,5,3,1,1,1,1
SF,IF2103,2020-08-24 09:31:30.800,4600.2000,4625,0,60876060.000,0,-,-,-,-,4602.0000,4601.4000,4601.0000,4600.2000,4600.0000,4604.2000,4610.8000,4620.0000,4620.4000,4622.4000,1,1,1,1,5,3,1,1,1,1
SF,IF2103,2020-08-24 09:31:31.300,4600.2000,4625,0,60876060.000,0,-,-,-,-,4602.0000,4601.4000,4601.0000,4600.2000,4600.0000,4602.8000,4604.0000,4604.2000,4610.8000,4620.0000,1,1,1,1,5,1,1,3,1,1
SF,IF2103,2020-08-24 09:31:31.800,4601.8000,4624,-1,62256600.000,1,0,1,双平,S,4600.2000,4600.0000,4588.2000,4580.0000,4570.0000,4604.0000,4604.2000,4610.8000,4620.0000,4620.4000,1,5,1,5,1,1,3,1,1,1
SF,IF2103,2020-08-24 09:31:32.300,4601.8000,4624,0,62256600.000,0,-,-,-,-,4600.2000,4600.0000,4588.2000,4580.0000,4570.0000,4603.8000,4604.0000,4604.2000,4610.8000,4620.0000,1,5,1,5,1,2,1,3,1,1
SF,IF2103,2020-08-24 09:31:32.800,4601.8000,4624,0,62256600.000,0,-,-,-,-,4600.2000,4600.0000,4588.2000,4580.0000,4570.0000,4601.8000,4603.8000,4604.0000,4604.2000,4610.8000,1,5,1,5,1,1,2,1,3,1
SF,IF2103,2020-08-24 09:31:33.300,4601.8000,4624,0,62256600.000,0,-,-,-,-,4600.2000,4600.0000,4588.2000,4580.0000,4570.0000,4601.6000,4601.8000,4603.8000,4604.2000,4610.8000,1,5,1,5,1,1,2,1,3,1
SF,IF2103,2020-08-24 09:31:33.800,4601.8000,4624,0,62256600.000,0,-,-,-,-,4600.2000,4600.0000,4588.2000,4580.0000,4570.0000,4601.6000,4603.8000,4604.2000,4610.8000,4620.0000,1,5,1,5,1,1,1,3,1,1
SF,IF2103,2020-08-24 09:31:34.300,4601.8000,4624,0,62256600.000,0,-,-,-,-,4600.2000,4600.0000,4588.2000,4580.0000,4570.0000,4600.8000,4601.6000,4603.8000,4604.2000,4610.8000,1,5,1,5,1,1,1,1,3,1
SF,IF2103,2020-08-24 09:31:34.800,4601.8000,4622,-2,65017680.000,2,0,2,双平,S,4600.2000,4600.0000,4588.2000,4580.0000,4570.0000,4603.8000,4604.2000,4610.8000,4620.0000,4620.4000,1,5,1,5,1,1,3,1,1,1
SF,IF2103,2020-08-24 09:31:35.300,4601.8000,4622,0,65017680.000,0,-,-,-,-,4600.4000,4600.2000,4600.0000,4588.2000,4580.0000,4603.8000,4604.2000,4610.8000,4620.0000,4620.4000,1,1,5,1,5,1,3,1,1,1
SF,IF2103,2020-08-24 09:31:36.300,4601.8000,4622,0,65017680.000,0,-,-,-,-,4600.4000,4600.2000,4600.0000,4588.2000,4580.0000,4601.8000,4603.6000,4603.8000,4604.2000,4610.8000,1,1,5,1,5,2,1,1,3,1
SF,IF2103,2020-08-24 09:31:36.800,4601.8000,4620,-2,67778760.000,2,0,2,双平,S,4600.4000,4600.2000,4600.0000,4588.2000,4580.0000,4603.6000,4603.8000,4604.2000,4610.8000,4620.0000,1,1,5,1,5,1,1,3,1,1
SF,IF2103,2020-08-24 09:31:43.800,4601.8000,4620,0,67778760.000,0,-,-,-,-,4600.4000,4600.2000,4600.0000,4588.2000,4580.0000,4603.6000,4603.8000,4604.2000,4610.8000,4620.0000,1,1,5,1,5,1,1,3,1,1
SF,IF2103,2020-08-24 09:31:44.300,4601.8000,4620,0,67778760.000,0,-,-,-,-,4601.8000,4600.2000,4600.0000,4588.2000,4580.0000,4603.8000,4604.2000,4610.8000,4620.0000,4620.4000,1,1,5,1,5,1,3,1,1,1
SF,IF2103,2020-08-24 09:31:44.800,4601.8000,4620,0,67778760.000,0,-,-,-,-,4601.8000,4600.0000,4588.2000,4580.0000,4570.0000,4604.2000,4610.8000,4620.0000,4620.4000,4622.4000,1,5,1,5,1,3,1,1,1,1
SF,IF2103,2020-08-24 09:31:45.300,4601.8000,4620,0,67778760.000,0,-,-,-,-,4602.0000,4601.8000,4600.0000,4588.2000,4580.0000,4604.0000,4604.2000,4610.8000,4620.0000,4620.4000,1,1,5,1,5,1,3,1,1,1
SF,IF2103,2020-08-24 09:31:46.800,4601.8000,4620,0,67778760.000,0,-,-,-,-,4602.0000,4601.8000,4600.0000,4588.2000,4580.0000,4604.2000,4610.8000,4620.0000,4620.4000,4622.4000,1,1,4,1,5,3,1,1,1,1
SF,IF2103,2020-08-24 09:31:48.300,4601.8000,4620,0,67778760.000,0,-,-,-,-,4602.0000,4600.0000,4588.2000,4580.0000,4570.0000,4604.2000,4610.8000,4620.0000,4620.4000,4622.4000,1,4,1,5,1,3,1,1,1,1
SF,IF2103,2020-08-24 09:31:48.800,4601.8000,4620,0,67778760.000,0,-,-,-,-,4600.0000,4588.2000,4580.0000,4570.0000,4565.4000,4604.0000,4604.2000,4610.8000,4620.0000,4620.4000,4,1,5,1,1,1,3,1,1,1
SF,IF2103,2020-08-24 09:31:49.300,4601.8000,4620,0,67778760.000,0,-,-,-,-,4600.2000,4600.0000,4588.2000,4580.0000,4570.0000,4603.8000,4604.0000,4604.2000,4610.8000,4620.0000,1,4,1,5,1,2,1,3,1,1
SF,IF2103,2020-08-24 09:31:50.300,4601.8000,4620,0,67778760.000,0,-,-,-,-,4600.2000,4600.0000,4588.2000,4580.0000,4570.0000,4603.8000,4604.2000,4610.8000,4620.0000,4620.4000,1,4,1,5,1,2,3,1,1,1
SF,IF2103,2020-08-24 09:31:51.800,4600.2000,4619,-1,69158820.000,1,0,1,双平,S,4600.0000,4588.2000,4580.0000,4570.0000,4565.4000,4603.8000,4604.2000,4610.8000,4620.0000,4620.4000,4,1,5,1,1,2,3,1,1,1
SF,IF2103,2020-08-24 09:31:52.300,4600.2000,4619,0,69158820.000,0,-,-,-,-,4600.0000,4588.2000,4580.0000,4570.0000,4565.4000,4603.6000,4603.8000,4604.2000,4610.8000,4620.0000,4,1,5,1,1,1,2,3,1,1
SF,IF2103,2020-08-24 09:31:52.800,4600.2000,4619,0,69158820.000,0,-,-,-,-,4600.0000,4588.2000,4580.0000,4570.0000,4565.4000,4603.4000,4603.6000,4604.2000,4610.8000,4620.0000,4,1,5,1,1,2,1,3,1,1
SF,IF2103,2020-08-24 09:31:53.300,4600.2000,4619,0,69158820.000,0,-,-,-,-,4600.2000,4600.0000,4588.2000,4580.0000,4570.0000,4603.4000,4604.2000,4610.8000,4620.0000,4620.4000,1,4,1,5,1,1,3,1,1,1
SF,IF2103,2020-08-24 09:31:53.800,4600.2000,4619,0,69158820.000,0,-,-,-,-,4600.4000,4600.2000,4600.0000,4588.2000,4570.0000,4604.2000,4610.8000,4620.0000,4620.4000,4622.4000,2,1,4,1,1,3,1,1,1,1
SF,IF2103,2020-08-24 09:31:54.300,4600.2000,4619,0,69158820.000,0,-,-,-,-,4600.6000,4600.4000,4600.0000,4588.2000,4570.0000,4604.2000,4610.8000,4620.0000,4620.4000,4622.4000,1,2,4,1,1,3,1,1,1,1
SF,IF2103,2020-08-24 09:31:54.800,4600.2000,4619,0,69158820.000,0,-,-,-,-,4600.8000,4600.6000,4600.4000,4600.0000,4588.2000,4604.2000,4610.8000,4620.0000,4620.4000,4622.4000,1,1,1,4,1,3,1,1,1,1
SF,IF2103,2020-08-24 09:31:55.300,4600.2000,4619,0,69158820.000,0,-,-,-,-,4601.0000,4600.8000,4600.0000,4588.2000,4570.0000,4604.2000,4610.8000,4620.0000,4620.4000,4622.4000,2,1,4,1,1,3,1,1,1,1
SF,IF2103,2020-08-24 09:31:55.800,4600.2000,4619,0,69158820.000,0,-,-,-,-,4601.0000,4600.8000,4600.0000,4599.0000,4588.2000,4604.0000,4604.2000,4610.8000,4620.0000,4620.4000,2,1,4,1,1,1,3,1,1,1
SF,IF2103,2020-08-24 09:31:56.300,4600.2000,4619,0,69158820.000,0,-,-,-,-,4601.0000,4600.0000,4599.0000,4588.2000,4570.0000,4603.8000,4604.0000,4604.2000,4610.8000,4620.0000,1,4,1,1,1,1,1,3,1,1
SF,IF2103,2020-08-24 09:31:56.800,4600.2000,4619,0,69158820.000,0,-,-,-,-,4600.8000,4600.0000,4599.0000,4588.2000,4570.0000,4603.8000,4604.0000,4604.2000,4610.8000,4620.0000,2,4,1,1,1,1,1,3,1,1
SF,IF2103,2020-08-24 09:31:57.300,4600.2000,4619,0,69158820.000,0,-,-,-,-,4600.8000,4600.0000,4599.0000,4588.2000,4570.0000,4603.8000,4604.2000,4610.8000,4620.0000,4620.4000,2,4,1,1,1,1,3,1,1,1
SF,IF2103,2020-08-24 09:31:58.300,4600.2000,4619,0,69158820.000,0,-,-,-,-,4601.8000,4600.8000,4600.0000,4599.0000,4588.2000,4603.8000,4604.2000,4610.8000,4620.0000,4620.4000,1,2,4,1,1,1,3,1,1,1
SF,IF2103,2020-08-24 09:31:58.800,4600.2000,4619,0,69158820.000,0,-,-,-,-,4600.8000,4600.0000,4599.0000,4588.2000,4570.0000,4603.6000,4603.8000,4604.2000,4610.8000,4620.0000,2,4,1,1,1,1,1,3,1,1
SF,IF2103,2020-08-24 09:31:59.300,4600.2000,4619,0,69158820.000,0,-,-,-,-,4601.0000,4600.8000,4600.0000,4599.0000,4588.2000,4603.6000,4604.2000,4610.8000,4620.0000,4620.4000,1,2,4,1,1,1,3,1,1,1
SF,IF2103,2020-08-24 09:31:59.800,4600.2000,4619,0,69158820.000,0,-,-,-,-,4600.8000,4600.0000,4599.0000,4588.2000,4570.0000,4603.6000,4604.2000,4610.8000,4620.0000,4620.4000,2,4,1,1,1,1,3,1,1,1
SF,IF2103,2020-08-24 09:32:00.300,4600.2000,4619,0,69158820.000,0,-,-,-,-,4600.8000,4600.0000,4599.0000,4588.2000,4570.0000,4603.4000,4603.6000,4604.2000,4610.8000,4620.0000,2,4,1,1,1,1,1,3,1,1
SF,IF2103,2020-08-24 09:32:00.800,4600.8000,4619,0,71919300.000,2,1,1,多换,S,4600.0000,4599.0000,4588.2000,4570.0000,4565.4000,4603.4000,4603.6000,4604.2000,4610.8000,4620.0000,4,1,1,1,1,1,1,3,1,1
SF,IF2103,2020-08-24 09:32:01.300,4600.0000,4619,0,73299300.000,1,0,1,多换,S,4600.0000,4599.0000,4588.2000,4570.0000,4565.4000,4603.2000,4603.6000,4604.2000,4610.8000,4620.0000,3,1,1,1,1,1,1,3,1,1
SF,IF2103,2020-08-24 09:32:01.800,4600.0000,4619,0,77439300.000,3,1,2,多换,S,4599.0000,4588.2000,4570.0000,4565.4000,4565.2000,4603.0000,4603.2000,4603.6000,4604.2000,4610.8000,1,1,1,1,1,1,1,1,3,1
SF,IF2103,2020-08-24 09:32:02.300,4600.0000,4619,0,77439300.000,0,-,-,-,-,4599.0000,4588.2000,4570.0000,4565.4000,4565.2000,4602.8000,4603.0000,4603.6000,4604.2000,4610.8000,1,1,1,1,1,4,1,1,3,1
SF,IF2103,2020-08-24 09:32:02.800,4600.0000,4619,0,77439300.000,0,-,-,-,-,4599.0000,4570.0000,4565.4000,4565.2000,4565.0000,4602.6000,4602.8000,4604.2000,4610.8000,4620.0000,1,1,1,1,1,1,1,3,1,1
SF,IF2103,2020-08-24 09:32:03.300,4600.0000,4619,0,77439300.000,0,-,-,-,-,4599.0000,4570.0000,4565.4000,4565.2000,4565.0000,4601.6000,4602.4000,4602.6000,4604.2000,4610.8000,1,1,1,1,1,3,1,1,3,1
SF,IF2103,2020-08-24 09:32:03.800,4600.0000,4619,0,77439300.000,0,-,-,-,-,4600.0000,4599.0000,4570.0000,4565.4000,4565.2000,4601.4000,4602.4000,4604.2000,4610.8000,4620.0000,1,1,1,1,1,1,1,3,1,1
SF,IF2103,2020-08-24 09:32:04.300,4600.0000,4619,0,78819300.000,1,0,1,多换,S,4599.0000,4570.0000,4565.4000,4565.2000,4565.0000,4601.0000,4601.4000,4604.2000,4610.8000,4620.0000,1,1,1,1,1,1,1,3,1,1
SF,IF2103,2020-08-24 09:32:04.800,4599.0000,4619,0,80199000.000,1,0,1,多换,S,4570.0000,4565.4000,4565.2000,4565.0000,4564.0000,4600.8000,4604.2000,4610.8000,4620.0000,4620.4000,1,1,1,1,12,2,3,1,1,1
SF,IF2103,2020-08-24 09:32:05.300,4599.0000,4619,0,80199000.000,0,-,-,-,-,4594.2000,4588.0000,4587.6000,4584.6000,4578.2000,4600.6000,4600.8000,4604.2000,4610.8000,4620.0000,1,1,1,1,3,1,1,3,1,1
SF,IF2103,2020-08-24 09:32:05.800,4599.0000,4619,0,80199000.000,0,-,-,-,-,4594.4000,4594.2000,4587.6000,4571.2000,4570.8000,4600.4000,4600.6000,4604.2000,4610.8000,4620.0000,1,1,1,6,4,1,1,3,1,1
SF,IF2103,2020-08-24 09:32:06.300,4599.0000,4619,0,80199000.000,0,-,-,-,-,4594.4000,4594.2000,4571.2000,4570.8000,4570.2000,4600.2000,4600.4000,4604.2000,4610.8000,4620.0000,1,1,6,4,6,2,1,3,1,1
SF,IF2103,2020-08-24 09:32:06.800,4599.0000,4619,0,80199000.000,0,-,-,-,-,4594.4000,4594.2000,4570.2000,4570.0000,4565.4000,4600.0000,4600.2000,4604.2000,4610.8000,4620.0000,1,1,3,1,1,1,2,3,1,1
SF,IF2103,2020-08-24 09:32:07.300,4599.0000,4619,0,80199000.000,0,-,-,-,-,4594.2000,4570.2000,4570.0000,4565.4000,4565.2000,4599.8000,4600.0000,4600.2000,4604.2000,4610.8000,1,3,1,1,1,1,1,1,3,1
SF,IF2103,2020-08-24 09:32:07.800,4599.0000,4619,0,80199000.000,0,-,-,-,-,4594.2000,4570.2000,4570.0000,4565.4000,4565.2000,4599.4000,4599.6000,4599.8000,4600.2000,4604.2000,1,3,1,1,1,3,1,1,1,3
SF,IF2103,2020-08-24 09:32:08.300,4599.0000,4619,0,80199000.000,0,-,-,-,-,4594.2000,4570.2000,4570.0000,4565.4000,4565.2000,4599.2000,4604.2000,4610.8000,4620.0000,4620.4000,1,3,1,1,1,2,3,1,1,1
SF,IF2103,2020-08-24 09:32:08.800,4599.0000,4619,0,80199000.000,0,-,-,-,-,4570.2000,4570.0000,4565.4000,4565.2000,4565.0000,4592.2000,4598.6000,4599.0000,4599.2000,4604.2000,3,1,1,1,1,2,3,1,2,3
SF,IF2103,2020-08-24 09:32:09.300,4592.2000,4622,3,85709640.000,4,3,1,空开,S,4593.8000,4592.2000,4590.4000,4585.6000,4585.2000,4599.0000,4604.2000,4610.8000,4620.0000,4620.4000,1,1,1,1,1,1,3,1,1,1
SF,IF2103,2020-08-24 09:32:09.800,4593.8000,4621,-1,88465920.000,2,0,2,多平,S,4593.0000,4590.4000,4585.2000,4570.2000,4570.0000,4598.2000,4598.8000,4599.0000,4604.2000,4610.8000,1,1,1,3,1,3,2,1,3,1
SF,IF2103,2020-08-24 09:32:10.300,4593.8000,4621,0,88465920.000,0,-,-,-,-,4593.2000,4590.4000,4570.2000,4570.0000,4565.4000,4598.0000,4598.2000,4604.2000,4610.8000,4620.0000,1,1,3,1,1,3,4,3,1,1
SF,IF2103,2020-08-24 09:32:10.800,4593.8000,4621,0,88465920.000,0,-,-,-,-,4593.8000,4590.4000,4586.8000,4570.2000,4570.0000,4597.4000,4598.0000,4604.2000,4610.8000,4620.0000,1,1,2,3,1,1,2,3,1,1
SF,IF2103,2020-08-24 09:32:11.300,4593.8000,4620,-1,89844060.000,1,0,1,双平,S,4590.4000,4586.8000,4570.2000,4570.0000,4565.4000,4597.2000,4597.4000,4598.0000,4604.2000,4610.8000,1,2,3,1,1,2,1,1,3,1
SF,IF2103,2020-08-24 09:32:11.800,4593.8000,4620,0,89844060.000,0,-,-,-,-,4590.6000,4590.4000,4586.8000,4570.2000,4570.0000,4597.2000,4597.4000,4604.2000,4610.8000,4620.0000,1,1,2,3,1,2,1,3,1,1
SF,IF2103,2020-08-24 09:32:12.300,4593.8000,4620,0,89844060.000,0,-,-,-,-,4590.8000,4590.6000,4590.4000,4586.8000,4570.2000,4597.2000,4597.4000,4604.2000,4610.8000,4620.0000,1,1,1,2,3,1,1,3,1,1
SF,IF2103,2020-08-24 09:32:12.800,4593.8000,4620,0,89844060.000,0,-,-,-,-,4591.0000,4590.8000,4590.4000,4586.8000,4570.2000,4597.2000,4597.4000,4604.2000,4610.8000,4620.0000,1,1,1,2,3,1,1,3,1,1
SF,IF2103,2020-08-24 09:32:13.300,4593.8000,4620,0,89844060.000,0,-,-,-,-,4591.0000,4590.4000,4587.0000,4570.2000,4570.0000,4597.0000,4597.2000,4597.4000,4604.2000,4610.8000,1,1,1,3,1,1,1,1,3,1
SF,IF2103,2020-08-24 09:32:13.800,4593.8000,4620,0,89844060.000,0,-,-,-,-,4590.4000,4587.0000,4570.2000,4570.0000,4565.4000,4596.0000,4596.8000,4597.0000,4604.2000,4610.8000,1,1,3,1,1,3,1,1,3,1
SF,IF2103,2020-08-24 09:32:14.300,4593.8000,4620,0,89844060.000,0,-,-,-,-,4590.4000,4570.2000,4570.0000,4565.4000,4565.2000,4595.8000,4596.0000,4604.2000,4610.8000,4620.0000,1,3,1,1,1,2,3,3,1,1
SF,IF2103,2020-08-24 09:32:14.800,4593.8000,4620,0,89844060.000,0,-,-,-,-,4570.2000,4570.0000,4565.4000,4565.2000,4565.0000,4595.6000,4595.8000,4604.2000,4610.8000,4620.0000,3,1,1,1,1,1,2,3,1,1
SF,IF2103,2020-08-24 09:32:15.300,4593.8000,4620,0,89844060.000,0,-,-,-,-,4586.6000,4579.8000,4579.4000,4576.4000,4570.4000,4594.6000,4595.4000,4595.6000,4604.2000,4610.8000,1,1,1,1,1,3,2,1,3,1
SF,IF2103,2020-08-24 09:32:15.800,4593.8000,4620,0,89844060.000,0,-,-,-,-,4586.8000,4586.6000,4579.8000,4579.4000,4576.4000,4594.2000,4594.4000,4594.6000,4604.2000,4610.8000,1,1,1,1,1,1,2,3,3,1
SF,IF2103,2020-08-24 09:32:16.300,4593.8000,4620,0,89844060.000,0,-,-,-,-,4586.8000,4586.6000,4579.8000,4579.4000,4576.4000,4594.0000,4594.2000,4594.6000,4604.2000,4610.8000,1,1,1,1,1,2,1,3,3,1
SF,IF2103,2020-08-24 09:32:16.800,4593.8000,4620,0,89844060.000,0,-,-,-,-,4586.8000,4586.6000,4579.8000,4579.4000,4576.4000,4594.0000,4604.2000,4610.8000,4620.0000,4620.4000,1,1,1,1,1,1,3,1,1,1
SF,IF2103,2020-08-24 09:32:17.300,4593.8000,4620,0,89844060.000,0,-,-,-,-,4586.8000,4586.6000,4570.2000,4570.0000,4565.4000,4594.0000,4604.2000,4610.8000,4620.0000,4620.4000,1,1,2,1,1,1,3,1,1,1
SF,IF2103,2020-08-24 09:32:17.800,4593.8000,4620,0,89844060.000,0,-,-,-,-,4586.8000,4586.6000,4570.2000,4570.0000,4565.4000,4594.0000,4604.2000,4610.8000,4620.0000,4620.4000,1,1,2,1,1,1,3,1,1,1
SF,IF2103,2020-08-24 09:32:18.300,4593.8000,4620,0,89844060.000,0,-,-,-,-,4590.4000,4587.0000,4586.8000,4570.2000,4570.0000,4604.2000,4610.8000,4620.0000,4620.4000,4622.4000,1,1,1,2,1,3,1,1,1,1
SF,IF2103,2020-08-24 09:32:18.800,4593.8000,4620,0,89844060.000,0,-,-,-,-,4590.6000,4570.2000,4570.0000,4565.4000,4565.2000,4596.2000,4598.0000,4598.6000,4604.0000,4604.2000,2,2,1,1,1,3,2,2,3,3
SF,IF2103,2020-08-24 09:32:19.300,4593.8000,4620,0,89844060.000,0,-,-,-,-,4590.6000,4570.2000,4570.0000,4565.4000,4565.2000,4596.0000,4598.0000,4604.0000,4604.2000,4610.8000,1,2,1,1,1,1,2,4,3,1
SF,IF2103,2020-08-24 09:32:19.800,4593.8000,4620,0,89844060.000,0,-,-,-,-,4590.6000,4570.2000,4570.0000,4565.4000,4565.2000,4596.0000,4598.0000,4604.0000,4604.2000,4610.8000,1,2,1,1,1,1,2,3,3,1
SF,IF2103,2020-08-24 09:32:20.300,4593.8000,4620,0,89844060.000,0,-,-,-,-,4590.8000,4590.6000,4570.2000,4570.0000,4565.4000,4596.0000,4598.0000,4604.0000,4604.2000,4610.8000,1,1,2,1,1,1,2,3,3,1
SF,IF2103,2020-08-24 09:32:20.800,4593.8000,4620,0,89844060.000,0,-,-,-,-,4591.0000,4590.8000,4570.2000,4570.0000,4565.4000,4596.0000,4598.0000,4604.0000,4604.2000,4610.8000,1,1,2,1,1,1,2,3,3,1
SF,IF2103,2020-08-24 09:32:21.300,4593.8000,4620,0,89844060.000,0,-,-,-,-,4591.2000,4591.0000,4570.2000,4570.0000,4565.4000,4596.0000,4598.0000,4604.0000,4604.2000,4610.8000,1,1,2,1,1,1,2,3,3,1
SF,IF2103,2020-08-24 09:32:21.800,4593.8000,4620,0,89844060.000,0,-,-,-,-,4591.4000,4591.2000,4570.2000,4570.0000,4565.4000,4595.6000,4596.0000,4598.0000,4604.0000,4604.2000,1,1,2,1,1,1,1,2,2,3
SF,IF2103,2020-08-24 09:32:22.300,4593.8000,4620,0,89844060.000,0,-,-,-,-,4591.6000,4591.4000,4570.2000,4570.0000,4565.4000,4595.4000,4595.6000,4598.0000,4604.0000,4604.2000,1,1,2,1,1,1,1,2,2,3
SF,IF2103,2020-08-24 09:32:22.800,4593.8000,4620,0,89844060.000,0,-,-,-,-,4591.8000,4591.6000,4570.2000,4570.0000,4565.4000,4595.2000,4595.4000,4595.6000,4598.0000,4604.0000,1,1,2,1,1,3,1,1,2,2
SF,IF2103,2020-08-24 09:32:23.300,4593.8000,4620,0,89844060.000,0,-,-,-,-,4592.0000,4591.8000,4570.2000,4570.0000,4565.4000,4595.4000,4595.6000,4598.0000,4604.0000,4604.2000,1,1,2,1,1,1,1,2,2,3
SF,IF2103,2020-08-24 09:32:23.800,4593.8000,4620,0,89844060.000,0,-,-,-,-,4592.2000,4592.0000,4570.2000,4570.0000,4565.4000,4595.4000,4595.6000,4598.0000,4604.0000,4604.2000,1,1,2,1,1,1,1,2,2,3
SF,IF2103,2020-08-24 09:32:24.300,4593.8000,4620,0,89844060.000,0,-,-,-,-,4592.2000,4570.2000,4570.0000,4565.4000,4565.2000,4595.4000,4598.0000,4604.0000,4604.2000,4610.8000,1,2,1,1,1,1,2,2,3,1
SF,IF2103,2020-08-24 09:32:27.300,4593.8000,4620,0,89844060.000,0,-,-,-,-,4592.2000,4570.2000,4570.0000,4565.4000,4565.2000,4594.6000,4595.4000,4598.0000,4604.0000,4604.2000,1,2,1,1,1,2,1,2,2,3
SF,IF2103,2020-08-24 09:32:27.800,4594.6000,4618,-2,92600820.000,2,0,2,双平,S,4592.6000,4570.2000,4570.0000,4565.4000,4565.2000,4595.4000,4598.0000,4604.0000,4604.2000,4610.8000,1,2,1,1,1,1,2,2,3,1
SF,IF2103,2020-08-24 09:32:28.300,4595.4000,4617,-1,93979440.000,1,0,1,双平,S,4592.8000,4592.6000,4570.2000,4570.0000,4565.4000,4598.0000,4604.0000,4604.2000,4610.8000,4620.0000,1,1,2,1,1,2,2,3,1,1
SF,IF2103,2020-08-24 09:32:28.800,4595.4000,4617,0,93979440.000,0,-,-,-,-,4593.0000,4592.8000,4570.2000,4570.0000,4565.4000,4598.0000,4604.0000,4604.2000,4610.8000,4620.0000,1,1,2,1,1,1,2,3,1,1
SF,IF2103,2020-08-24 09:32:29.300,4595.4000,4617,0,93979440.000,0,-,-,-,-,4593.2000,4593.0000,4570.2000,4570.0000,4565.4000,4604.0000,4604.2000,4610.8000,4620.0000,4620.4000,1,1,2,1,1,2,3,1,1,1
SF,IF2103,2020-08-24 09:32:29.800,4595.4000,4617,0,93979440.000,0,-,-,-,-,4594.2000,4593.4000,4593.2000,4570.2000,4570.0000,4601.8000,4603.8000,4604.0000,4604.2000,4610.8000,1,1,1,2,1,2,1,2,3,1
SF,IF2103,2020-08-24 09:32:30.300,4595.4000,4617,0,93979440.000,0,-,-,-,-,4594.4000,4594.2000,4570.2000,4570.0000,4565.4000,4599.8000,4600.8000,4601.6000,4601.8000,4604.0000,2,1,2,1,1,3,3,2,2,2
SF,IF2103,2020-08-24 09:32:30.800,4595.4000,4617,0,93979440.000,0,-,-,-,-,4594.4000,4594.2000,4570.2000,4570.0000,4565.4000,4599.8000,4600.8000,4601.6000,4601.8000,4604.0000,2,2,2,1,1,3,3,2,2,2
SF,IF2103,2020-08-24 09:32:31.300,4595.4000,4617,0,93979440.000,0,-,-,-,-,4594.4000,4594.2000,4570.2000,4570.0000,4565.4000,4599.6000,4599.8000,4600.8000,4601.6000,4601.8000,2,1,2,1,1,1,3,3,1,2
SF,IF2103,2020-08-24 09:32:31.800,4595.4000,4617,0,93979440.000,0,-,-,-,-,4594.4000,4570.2000,4570.0000,4565.4000,4565.2000,4599.4000,4599.6000,4601.6000,4601.8000,4604.0000,2,2,1,1,1,1,1,1,2,2
SF,IF2103,2020-08-24 09:32:32.300,4595.4000,4617,0,93979440.000,0,-,-,-,-,4570.2000,4570.0000,4565.4000,4565.2000,4565.0000,4597.8000,4598.8000,4599.2000,4599.4000,4601.6000,2,1,1,1,1,3,3,2,1,1
SF,IF2103,2020-08-24 09:32:32.800,4595.4000,4617,0,93979440.000,0,-,-,-,-,4590.4000,4584.6000,4584.2000,4581.2000,4570.4000,4597.6000,4601.6000,4601.8000,4604.0000,4604.2000,2,1,1,1,2,2,1,2,2,3
SF,IF2103,2020-08-24 09:32:33.300,4595.4000,4617,0,93979440.000,0,-,-,-,-,4590.6000,4590.4000,4570.4000,4570.2000,4570.0000,4597.6000,4601.6000,4601.8000,4604.0000,4604.2000,1,2,1,2,1,2,1,2,2,3
SF,IF2103,2020-08-24 09:32:33.800,4595.4000,4617,0,93979440.000,0,-,-,-,-,4590.6000,4590.4000,4570.4000,4570.2000,4570.0000,4597.6000,4601.6000,4601.8000,4604.0000,4604.2000,1,2,1,2,1,1,1,2,2,3
SF,IF2103,2020-08-24 09:32:34.300,4595.4000,4617,0,93979440.000,0,-,-,-,-,4590.6000,4590.4000,4570.4000,4570.2000,4570.0000,4597.6000,4601.6000,4601.8000,4604.0000,4604.2000,1,2,1,2,1,1,1,2,2,3
SF,IF2103,2020-08-24 09:32:34.800,4595.4000,4617,0,93979440.000,0,-,-,-,-,4597.6000,4594.2000,4590.8000,4590.6000,4590.4000,4601.6000,4601.8000,4604.0000,4604.2000,4610.8000,1,1,1,1,1,1,2,2,3,1
SF,IF2103,2020-08-24 09:32:35.300,4597.6000,4617,0,96738000.000,2,1,1,多换,S,4590.6000,4590.4000,4570.4000,4570.2000,4570.0000,4600.8000,4601.4000,4601.6000,4601.8000,4604.0000,1,1,1,2,1,3,2,1,2,2
SF,IF2103,2020-08-24 09:32:35.800,4597.6000,4617,0,96738000.000,0,-,-,-,-,4594.2000,4590.6000,4570.4000,4570.2000,4570.0000,4600.6000,4600.8000,4601.6000,4601.8000,4604.0000,2,1,1,2,1,2,3,1,2,2
SF,IF2103,2020-08-24 09:32:36.300,4597.6000,4617,0,96738000.000,0,-,-,-,-,4594.4000,4594.2000,4570.4000,4570.2000,4570.0000,4600.2000,4600.6000,4600.8000,4601.6000,4601.8000,1,2,1,2,1,1,2,3,1,2
SF,IF2103,2020-08-24 09:32:36.800,4597.6000,4617,0,96738000.000,0,-,-,-,-,4594.4000,4594.2000,4570.4000,4570.2000,4570.0000,4596.8000,4600.0000,4600.2000,4601.6000,4601.8000,2,2,1,2,1,3,2,3,1,2
SF,IF2103,2020-08-24 09:32:37.300,4597.6000,4617,0,96738000.000,0,-,-,-,-,4594.8000,4594.4000,4594.2000,4570.4000,4570.2000,4600.0000,4601.6000,4601.8000,4604.0000,4604.2000,1,1,2,1,2,2,1,2,2,3
SF,IF2103,2020-08-24 09:32:37.800,4597.6000,4617,0,96738000.000,0,-,-,-,-,4595.0000,4594.2000,4570.4000,4570.2000,4570.0000,4596.4000,4599.2000,4599.8000,4600.0000,4601.6000,1,1,1,2,1,1,3,1,2,1
SF,IF2103,2020-08-24 09:32:38.300,4596.6000,4618,1,98116980.000,1,1,0,双开,S,4595.0000,4594.2000,4570.4000,4570.2000,4570.0000,4599.8000,4600.0000,4601.6000,4601.8000,4604.0000,1,1,1,2,1,1,2,1,2,2
SF,IF2103,2020-08-24 09:32:38.800,4596.6000,4618,0,98116980.000,0,-,-,-,-,4595.4000,4595.0000,4570.4000,4570.2000,4570.0000,4599.6000,4599.8000,4601.6000,4601.8000,4604.0000,1,1,1,2,1,2,1,1,2,2
SF,IF2103,2020-08-24 09:32:39.300,4596.6000,4618,0,98116980.000,0,-,-,-,-,4595.6000,4570.4000,4570.2000,4570.0000,4565.4000,4598.0000,4599.0000,4599.6000,4601.6000,4601.8000,1,1,2,1,1,3,3,2,1,2
SF,IF2103,2020-08-24 09:32:39.800,4596.6000,4618,0,98116980.000,0,-,-,-,-,4595.6000,4570.4000,4570.2000,4570.0000,4565.4000,4599.6000,4601.6000,4601.8000,4604.0000,4604.2000,1,1,2,1,1,1,1,2,2,3
SF,IF2103,2020-08-24 09:32:40.300,4596.6000,4618,0,98116980.000,0,-,-,-,-,4596.0000,4595.6000,4570.4000,4570.2000,4570.0000,4599.6000,4601.6000,4601.8000,4604.0000,4604.2000,2,1,1,2,1,1,1,2,2,3
SF,IF2103,2020-08-24 09:32:40.800,4596.6000,4618,0,98116980.000,0,-,-,-,-,4596.2000,4570.4000,4570.2000,4570.0000,4565.4000,4599.6000,4601.8000,4604.0000,4604.2000,4610.8000,1,1,2,1,1,1,2,2,3,1
SF,IF2103,2020-08-24 09:32:41.800,4596.6000,4618,0,98116980.000,0,-,-,-,-,4596.2000,4570.4000,4570.2000,4570.0000,4565.4000,4599.6000,4599.8000,4601.8000,4604.0000,4604.2000,1,1,2,1,1,1,1,2,2,3
SF,IF2103,2020-08-24 09:32:42.300,4596.6000,4618,0,98116980.000,0,-,-,-,-,4596.2000,4570.4000,4570.2000,4570.0000,4565.4000,4599.6000,4599.8000,4601.8000,4604.0000,4604.2000,1,1,2,1,1,1,1,1,2,3
SF,IF2103,2020-08-24 09:32:42.800,4599.6000,4618,0,99496860.000,1,0,1,多换,S,4596.4000,4570.4000,4570.2000,4570.0000,4565.4000,4599.8000,4604.0000,4604.2000,4610.8000,4620.0000,1,1,2,1,1,1,2,3,1,1
SF,IF2103,2020-08-24 09:32:43.300,4599.6000,4618,0,99496860.000,0,-,-,-,-,4596.6000,4596.4000,4570.4000,4570.2000,4570.0000,4599.8000,4604.0000,4604.2000,4610.8000,4613.4000,1,1,1,2,1,1,2,3,1,2
SF,IF2103,2020-08-24 09:32:43.800,4599.6000,4618,0,99496860.000,0,-,-,-,-,4599.6000,4596.6000,4596.4000,4570.4000,4570.2000,4599.8000,4604.0000,4604.2000,4610.8000,4613.4000,5,1,1,1,2,1,2,3,1,2
SF,IF2103,2020-08-24 09:32:44.300,4599.8000,4617,-1,100876800.000,1,0,1,双平,S,4599.6000,4596.6000,4596.4000,4570.4000,4570.2000,4604.0000,4604.2000,4610.8000,4613.4000,4620.0000,5,1,1,1,2,2,3,1,2,1
SF,IF2103,2020-08-24 09:32:44.800,4599.6000,4617,0,107776200.000,5,2,3,多换,S,4599.8000,4570.4000,4570.2000,4570.0000,4565.4000,4602.2000,4603.2000,4603.8000,4604.2000,4610.8000,2,1,2,1,1,3,3,1,3,1
SF,IF2103,2020-08-24 09:32:45.300,4599.6000,4617,0,107776200.000,0,-,-,-,-,4570.4000,4570.2000,4570.0000,4565.4000,4565.2000,4602.0000,4602.2000,4603.2000,4604.2000,4610.8000,1,2,1,1,1,1,3,3,3,1
SF,IF2103,2020-08-24 09:32:45.800,4599.6000,4617,0,107776200.000,0,-,-,-,-,4594.2000,4589.0000,4588.6000,4585.6000,4570.6000,4602.0000,4604.2000,4610.8000,4613.4000,4620.0000,1,1,1,1,5,1,3,1,2,1
SF,IF2103,2020-08-24 09:32:46.300,4599.6000,4617,0,107776200.000,0,-,-,-,-,4598.0000,4594.4000,4589.0000,4588.6000,4585.6000,4602.0000,4604.2000,4610.8000,4613.4000,4620.0000,1,2,1,1,1,1,3,1,2,1
SF,IF2103,2020-08-24 09:32:46.800,4598.2000,4617,0,109155660.000,1,0,1,多换,S,4598.2000,4598.0000,4594.6000,4588.6000,4570.6000,4601.6000,4601.8000,4602.0000,4604.2000,4610.8000,1,1,1,1,3,1,1,1,3,1
SF,IF2103,2020-08-24 09:32:47.300,4598.2000,4617,0,109155660.000,0,-,-,-,-,4598.2000,4598.0000,4595.2000,4570.6000,4570.4000,4601.4000,4601.6000,4602.0000,4604.2000,4610.8000,1,1,1,3,1,1,1,1,3,1
SF,IF2103,2020-08-24 09:32:47.800,4598.2000,4617,0,109155660.000,0,-,-,-,-,4598.2000,4598.0000,4595.2000,4570.6000,4570.4000,4601.4000,4601.6000,4602.0000,4604.2000,4605.0000,1,1,1,3,1,1,1,1,3,1
SF,IF2103,2020-08-24 09:32:48.300,4598.2000,4617,0,109155660.000,0,-,-,-,-,4598.2000,4598.0000,4595.2000,4570.6000,4570.4000,4601.4000,4604.2000,4605.0000,4610.8000,4613.4000,1,1,1,3,1,1,3,1,1,2
SF,IF2103,2020-08-24 09:32:48.800,4598.2000,4617,0,109155660.000,0,-,-,-,-,4598.2000,4598.0000,4570.6000,4570.4000,4570.2000,4601.4000,4604.2000,4605.0000,4610.8000,4613.4000,1,1,3,1,2,1,3,1,1,2
SF,IF2103,2020-08-24 09:32:49.800,4598.2000,4617,0,109155660.000,0,-,-,-,-,4598.2000,4570.6000,4570.4000,4570.2000,4570.0000,4601.4000,4604.2000,4605.0000,4610.8000,4613.4000,1,3,1,2,1,1,3,1,1,2
SF,IF2103,2020-08-24 09:32:51.300,4598.2000,4617,0,109155660.000,0,-,-,-,-,4598.2000,4570.6000,4570.4000,4570.2000,4570.0000,4601.2000,4601.4000,4604.2000,4605.0000,4610.8000,1,3,1,2,1,1,1,3,1,1
SF,IF2103,2020-08-24 09:32:51.800,4598.2000,4617,0,109155660.000,0,-,-,-,-,4570.6000,4570.4000,4570.2000,4570.0000,4565.4000,4601.0000,4601.2000,4601.4000,4604.2000,4605.0000,3,1,2,1,1,1,1,1,3,1
SF,IF2103,2020-08-24 09:32:52.300,4598.2000,4617,0,109155660.000,0,-,-,-,-,4594.2000,4589.2000,4578.4000,4570.8000,4570.6000,4600.8000,4601.0000,4601.2000,4604.2000,4605.0000,1,1,3,1,3,1,1,1,3,1
SF,IF2103,2020-08-24 09:32:52.800,4598.2000,4617,0,109155660.000,0,-,-,-,-,4594.4000,4594.2000,4589.2000,4570.8000,4570.6000,4600.6000,4600.8000,4604.2000,4605.0000,4610.8000,1,1,1,1,3,1,1,3,1,1
SF,IF2103,2020-08-24 09:32:53.300,4598.2000,4617,0,109155660.000,0,-,-,-,-,4594.4000,4594.2000,4589.2000,4570.8000,4570.6000,4600.4000,4604.2000,4605.0000,4610.8000,4613.4000,1,1,1,1,3,1,3,1,1,2
SF,IF2103,2020-08-24 09:32:54.800,4598.2000,4617,0,109155660.000,0,-,-,-,-,4594.4000,4594.2000,4589.2000,4570.8000,4570.6000,4600.4000,4604.2000,4605.0000,4610.8000,4613.4000,1,1,1,1,3,1,3,1,1,2
SF,IF2103,2020-08-24 09:32:55.300,4598.2000,4617,0,109155660.000,0,-,-,-,-,4594.4000,4594.2000,4570.8000,4570.6000,4570.2000,4600.2000,4600.4000,4604.2000,4605.0000,4610.8000,1,1,1,3,2,1,1,3,1,1
SF,IF2103,2020-08-24 09:32:55.800,4598.2000,4617,0,109155660.000,0,-,-,-,-,4594.4000,4594.2000,4570.8000,4570.6000,4570.2000,4600.0000,4600.2000,4604.2000,4605.0000,4610.8000,1,1,1,3,2,1,1,3,1,1
SF,IF2103,2020-08-24 09:32:56.300,4598.2000,4617,0,109155660.000,0,-,-,-,-,4594.4000,4594.2000,4570.8000,4570.6000,4570.2000,4599.8000,4600.0000,4604.2000,4605.0000,4610.8000,1,1,1,3,2,1,1,3,1,1
SF,IF2103,2020-08-24 09:32:56.800,4598.2000,4617,0,109155660.000,0,-,-,-,-,4594.4000,4594.2000,4570.8000,4570.6000,4570.2000,4599.6000,4599.8000,4604.2000,4605.0000,4610.8000,1,1,1,3,2,1,1,3,1,1
SF,IF2103,2020-08-24 09:32:57.300,4598.2000,4617,0,109155660.000,0,-,-,-,-,4594.4000,4594.2000,4570.8000,4570.6000,4570.2000,4599.4000,4599.6000,4604.2000,4605.0000,4610.8000,1,1,1,3,2,1,1,3,1,1
SF,IF2103,2020-08-24 09:32:57.800,4598.2000,4617,0,109155660.000,0,-,-,-,-,4594.4000,4594.2000,4570.8000,4570.6000,4570.2000,4599.2000,4599.4000,4604.2000,4605.0000,4610.8000,1,1,1,3,2,1,1,3,1,1
SF,IF2103,2020-08-24 09:32:58.300,4598.2000,4617,0,109155660.000,0,-,-,-,-,4594.4000,4594.2000,4570.8000,4570.6000,4570.2000,4599.0000,4599.2000,4604.2000,4605.0000,4610.8000,1,1,1,3,2,1,1,3,1,1
SF,IF2103,2020-08-24 09:32:58.800,4598.2000,4617,0,109155660.000,0,-,-,-,-,4594.4000,4594.2000,4570.8000,4570.6000,4570.2000,4598.8000,4604.2000,4605.0000,4610.8000,4613.4000,1,1,1,3,2,1,3,1,1,2
SF,IF2103,2020-08-24 09:33:00.300,4598.2000,4617,0,109155660.000,0,-,-,-,-,4594.4000,4594.2000,4570.8000,4570.2000,4570.0000,4598.8000,4604.2000,4605.0000,4610.8000,4613.4000,1,1,1,2,1,1,3,1,1,2
SF,IF2103,2020-08-24 09:33:02.300,4598.2000,4617,0,109155660.000,0,-,-,-,-,4594.4000,4570.8000,4570.2000,4570.0000,4565.4000,4598.8000,4604.2000,4605.0000,4610.8000,4613.4000,1,1,2,1,1,1,3,1,1,2
SF,IF2103,2020-08-24 09:33:02.800,4598.2000,4617,0,109155660.000,0,-,-,-,-,4570.8000,4570.2000,4570.0000,4565.4000,4565.2000,4598.6000,4598.8000,4604.2000,4605.0000,4610.8000,1,2,1,1,1,1,1,3,1,1
SF,IF2103,2020-08-24 09:33:03.300,4598.2000,4617,0,109155660.000,0,-,-,-,-,4586.6000,4586.2000,4583.2000,4571.0000,4570.8000,4598.4000,4598.6000,4604.2000,4605.0000,4610.8000,1,1,1,4,1,1,1,3,1,1
SF,IF2103,2020-08-24 09:33:03.800,4598.2000,4617,0,109155660.000,0,-,-,-,-,4586.8000,4586.2000,4571.0000,4570.8000,4570.2000,4598.2000,4598.4000,4604.2000,4605.0000,4610.8000,1,1,3,1,2,1,1,3,1,1
SF,IF2103,2020-08-24 09:33:04.300,4598.2000,4617,0,109155660.000,0,-,-,-,-,4586.8000,4586.2000,4570.8000,4570.2000,4570.0000,4598.0000,4598.2000,4604.2000,4605.0000,4610.8000,1,1,1,1,1,2,1,3,1,1
SF,IF2103,2020-08-24 09:33:04.800,4598.2000,4617,0,109155660.000,0,-,-,-,-,4594.4000,4587.0000,4586.8000,4586.2000,4570.2000,4597.6000,4597.8000,4598.0000,4604.2000,4605.0000,1,1,1,1,1,1,2,1,3,1
SF,IF2103,2020-08-24 09:33:05.300,4594.4000,4617,0,110533980.000,1,0,1,多换,S,4587.0000,4586.8000,4570.2000,4570.0000,4565.4000,4596.8000,4597.8000,4598.0000,4604.2000,4605.0000,1,1,1,1,1,1,1,1,3,1
SF,IF2103,2020-08-24 09:33:05.800,4594.4000,4617,0,110533980.000,0,-,-,-,-,4587.2000,4587.0000,4570.2000,4570.0000,4565.4000,4596.6000,4596.8000,4604.2000,4605.0000,4610.8000,1,1,1,1,1,2,1,3,1,1
SF,IF2103,2020-08-24 09:33:06.300,4594.4000,4617,0,110533980.000,0,-,-,-,-,4590.4000,4587.2000,4587.0000,4570.2000,4570.0000,4596.6000,4596.8000,4604.2000,4605.0000,4610.8000,1,1,1,1,1,2,1,3,1,1
SF,IF2103,2020-08-24 09:33:06.800,4594.4000,4617,0,110533980.000,0,-,-,-,-,4590.6000,4590.4000,4587.0000,4570.2000,4570.0000,4596.6000,4604.2000,4605.0000,4610.8000,4613.4000,1,1,1,1,1,2,3,1,1,2
SF,IF2103,2020-08-24 09:33:07.300,4594.4000,4617,0,110533980.000,0,-,-,-,-,4590.6000,4590.4000,4587.0000,4570.2000,4570.0000,4596.6000,4604.2000,4605.0000,4610.8000,4613.4000,1,1,1,1,1,1,3,1,1,2
SF,IF2103,2020-08-24 09:33:07.800,4594.4000,4617,0,110533980.000,0,-,-,-,-,4594.2000,4590.6000,4587.0000,4570.2000,4570.0000,4596.6000,4604.2000,4605.0000,4610.8000,4613.4000,1,1,1,1,1,1,3,1,1,2
SF,IF2103,2020-08-24 09:33:08.300,4594.4000,4617,0,110533980.000,0,-,-,-,-,4594.2000,4590.6000,4587.0000,4570.2000,4570.0000,4604.2000,4605.0000,4610.8000,4613.4000,4616.6000,2,1,1,1,1,3,1,1,2,1
SF,IF2103,2020-08-24 09:33:08.800,4594.4000,4617,0,110533980.000,0,-,-,-,-,4594.2000,4590.6000,4587.0000,4570.2000,4570.0000,4601.8000,4604.0000,4604.2000,4605.0000,4610.8000,2,1,1,1,1,2,4,3,1,1
SF,IF2103,2020-08-24 09:33:09.300,4594.4000,4617,0,110533980.000,0,-,-,-,-,4594.4000,4594.2000,4587.0000,4570.2000,4570.0000,4601.6000,4601.8000,4604.0000,4604.2000,4605.0000,1,2,1,1,1,2,2,3,3,1
SF,IF2103,2020-08-24 09:33:09.800,4594.4000,4617,0,110533980.000,0,-,-,-,-,4594.4000,4594.2000,4587.0000,4570.2000,4570.0000,4601.6000,4601.8000,4604.0000,4604.2000,4605.0000,1,2,1,1,1,2,2,3,3,1
SF,IF2103,2020-08-24 09:33:10.300,4594.4000,4617,0,110533980.000,0,-,-,-,-,4594.4000,4594.2000,4587.0000,4570.2000,4570.0000,4600.6000,4601.6000,4601.8000,4604.0000,4604.2000,1,2,1,1,1,3,2,2,3,3
SF,IF2103,2020-08-24 09:33:10.800,4594.4000,4617,0,110533980.000,0,-,-,-,-,4594.6000,4594.4000,4594.2000,4587.0000,4570.2000,4600.4000,4600.6000,4601.8000,4604.0000,4604.2000,2,1,2,1,1,2,3,2,3,3
SF,IF2103,2020-08-24 09:33:11.300,4594.4000,4617,0,110533980.000,0,-,-,-,-,4594.8000,4594.6000,4594.2000,4587.0000,4570.2000,4600.4000,4601.8000,4604.0000,4604.2000,4605.0000,1,2,2,1,1,2,2,3,3,1
SF,IF2103,2020-08-24 09:33:11.800,4594.4000,4617,0,110533980.000,0,-,-,-,-,4594.8000,4594.6000,4594.2000,4587.0000,4570.2000,4600.4000,4601.8000,4604.0000,4604.2000,4605.0000,1,2,2,1,1,2,2,3,3,1
SF,IF2103,2020-08-24 09:33:12.300,4594.4000,4617,0,110533980.000,0,-,-,-,-,4594.8000,4594.6000,4594.2000,4587.0000,4570.2000,4599.6000,4600.4000,4601.8000,4604.0000,4604.2000,1,2,2,1,1,1,2,2,3,3
SF,IF2103,2020-08-24 09:33:12.800,4594.4000,4617,0,110533980.000,0,-,-,-,-,4595.2000,4594.8000,4594.6000,4594.2000,4587.0000,4599.4000,4599.6000,4601.8000,4604.0000,4604.2000,1,1,2,2,1,2,1,2,3,3
SF,IF2103,2020-08-24 09:33:13.300,4594.4000,4617,0,110533980.000,0,-,-,-,-,4595.4000,4594.6000,4594.2000,4587.0000,4570.2000,4599.4000,4599.6000,4601.8000,4604.0000,4604.2000,1,2,2,1,1,1,1,2,3,3
SF,IF2103,2020-08-24 09:33:13.800,4594.4000,4617,0,110533980.000,0,-,-,-,-,4595.4000,4594.2000,4587.0000,4570.2000,4570.0000,4599.0000,4599.2000,4599.4000,4599.6000,4601.8000,1,2,1,1,1,1,1,1,1,2
SF,IF2103,2020-08-24 09:33:14.300,4594.4000,4617,0,110533980.000,0,-,-,-,-,4595.4000,4594.2000,4587.0000,4570.2000,4570.0000,4598.8000,4599.0000,4599.2000,4601.8000,4604.0000,1,2,1,1,1,1,1,1,2,3
SF,IF2103,2020-08-24 09:33:14.800,4594.4000,4617,0,110533980.000,0,-,-,-,-,4595.4000,4594.2000,4587.0000,4570.2000,4570.0000,4598.8000,4599.0000,4601.8000,4604.0000,4604.2000,1,2,1,1,1,1,1,2,3,3
SF,IF2103,2020-08-24 09:33:15.800,4594.4000,4617,0,110533980.000,0,-,-,-,-,4595.4000,4594.2000,4587.0000,4570.2000,4570.0000,4598.8000,4601.8000,4604.0000,4604.2000,4605.0000,1,2,1,1,1,1,2,3,3,1
SF,IF2103,2020-08-24 09:33:16.300,4594.4000,4617,0,110533980.000,0,-,-,-,-,4595.4000,4594.2000,4587.0000,4570.2000,4570.0000,4598.8000,4601.8000,4604.0000,4604.2000,4610.8000,1,2,1,1,1,1,2,3,3,1
SF,IF2103,2020-08-24 09:33:17.800,4594.4000,4617,0,110533980.000,0,-,-,-,-,4595.4000,4594.2000,4587.0000,4570.2000,4570.0000,4598.6000,4598.8000,4601.8000,4604.0000,4604.2000,1,2,1,1,1,1,1,2,3,3
SF,IF2103,2020-08-24 09:33:18.300,4594.4000,4617,0,110533980.000,0,-,-,-,-,4594.2000,4587.0000,4570.2000,4570.0000,4565.4000,4598.4000,4598.6000,4598.8000,4601.8000,4604.0000,2,1,1,1,1,1,1,1,2,3
SF,IF2103,2020-08-24 09:33:18.800,4594.4000,4617,0,110533980.000,0,-,-,-,-,4594.2000,4587.0000,4570.2000,4570.0000,4565.4000,4598.2000,4598.4000,4598.6000,4601.8000,4604.0000,1,1,1,1,1,1,1,1,2,3
SF,IF2103,2020-08-24 09:33:19.300,4594.4000,4617,0,110533980.000,0,-,-,-,-,4594.2000,4587.0000,4570.2000,4570.0000,4565.4000,4598.0000,4598.2000,4601.8000,4604.0000,4604.2000,2,1,1,1,1,1,1,2,3,3
SF,IF2103,2020-08-24 09:33:19.800,4594.4000,4617,0,110533980.000,0,-,-,-,-,4594.2000,4587.0000,4570.2000,4570.0000,4565.4000,4597.8000,4598.0000,4601.8000,4604.0000,4604.2000,1,1,1,1,1,1,1,2,3,3
SF,IF2103,2020-08-24 09:33:20.300,4594.4000,4617,0,110533980.000,0,-,-,-,-,4594.4000,4594.2000,4587.0000,4570.2000,4570.0000,4597.8000,4598.0000,4601.8000,4604.0000,4604.2000,1,2,1,1,1,1,1,2,3,3
SF,IF2103,2020-08-24 09:33:20.800,4594.4000,4617,0,110533980.000,0,-,-,-,-,4594.4000,4594.2000,4587.0000,4570.2000,4570.0000,4597.8000,4601.8000,4604.0000,4604.2000,4610.8000,1,1,1,1,1,1,2,3,3,1
SF,IF2103,2020-08-24 09:33:22.800,4594.4000,4617,0,110533980.000,0,-,-,-,-,4595.0000,4594.4000,4594.2000,4587.0000,4570.2000,4597.8000,4601.8000,4604.0000,4604.2000,4610.8000,1,1,1,1,1,1,2,3,3,1
SF,IF2103,2020-08-24 09:33:23.300,4594.4000,4617,0,110533980.000,0,-,-,-,-,4595.0000,4594.8000,4594.4000,4594.2000,4587.0000,4597.6000,4601.8000,4604.0000,4604.2000,4610.8000,1,2,1,1,1,1,2,3,3,1
SF,IF2103,2020-08-24 09:33:23.800,4594.4000,4617,0,110533980.000,0,-,-,-,-,4595.2000,4595.0000,4594.8000,4594.2000,4587.0000,4597.6000,4601.8000,4604.0000,4604.2000,4610.8000,1,1,2,1,1,1,2,3,3,1
SF,IF2103,2020-08-24 09:33:24.300,4594.4000,4617,0,110533980.000,0,-,-,-,-,4595.2000,4595.0000,4594.8000,4594.2000,4587.0000,4601.8000,4604.0000,4604.2000,4610.8000,4613.4000,1,1,2,1,1,2,3,3,1,2
SF,IF2103,2020-08-24 09:33:24.800,4594.4000,4617,0,110533980.000,0,-,-,-,-,4595.0000,4594.8000,4594.2000,4587.0000,4570.2000,4601.6000,4601.8000,4604.0000,4604.2000,4610.8000,1,2,1,1,1,4,2,3,3,1
SF,IF2103,2020-08-24 09:33:25.300,4594.4000,4617,0,110533980.000,0,-,-,-,-,4595.2000,4594.8000,4594.2000,4587.0000,4570.2000,4599.2000,4600.2000,4601.6000,4601.8000,4604.0000,1,2,1,1,1,3,3,4,2,3
SF,IF2103,2020-08-24 09:33:25.800,4594.4000,4617,0,110533980.000,0,-,-,-,-,4595.2000,4594.8000,4594.2000,4587.0000,4570.2000,4599.0000,4599.2000,4599.6000,4600.2000,4601.6000,1,2,1,1,1,1,3,1,3,1
SF,IF2103,2020-08-24 09:33:26.300,4594.4000,4617,0,110533980.000,0,-,-,-,-,4595.2000,4594.8000,4594.2000,4587.0000,4570.2000,4598.6000,4599.0000,4599.2000,4600.2000,4601.6000,1,2,1,1,1,1,1,3,3,1
SF,IF2103,2020-08-24 09:33:26.800,4594.4000,4617,0,110533980.000,0,-,-,-,-,4595.2000,4594.8000,4594.2000,4587.0000,4570.2000,4598.4000,4598.6000,4601.6000,4601.8000,4604.0000,1,2,1,1,1,1,1,1,2,3
SF,IF2103,2020-08-24 09:33:30.800,4594.4000,4617,0,110533980.000,0,-,-,-,-,4595.2000,4594.8000,4594.2000,4587.0000,4570.2000,4597.6000,4598.4000,4598.6000,4601.6000,4601.8000,1,2,1,1,1,3,1,1,1,2
SF,IF2103,2020-08-24 09:33:31.300,4594.4000,4617,0,110533980.000,0,-,-,-,-,4595.2000,4594.8000,4594.2000,4587.0000,4570.2000,4598.4000,4598.6000,4601.6000,4601.8000,4604.0000,1,2,1,1,1,1,1,1,2,3
SF,IF2103,2020-08-24 09:33:31.800,4594.4000,4617,0,110533980.000,0,-,-,-,-,4595.2000,4594.8000,4594.2000,4587.0000,4570.2000,4597.8000,4598.2000,4598.4000,4598.6000,4601.6000,1,2,1,1,1,3,1,1,1,1
SF,IF2103,2020-08-24 09:33:32.300,4594.4000,4617,0,110533980.000,0,-,-,-,-,4595.2000,4594.8000,4594.2000,4587.0000,4570.2000,4597.2000,4597.8000,4598.2000,4598.4000,4601.6000,1,2,1,1,1,1,3,1,1,1
SF,IF2103,2020-08-24 09:33:32.800,4594.4000,4617,0,110533980.000,0,-,-,-,-,4595.2000,4594.8000,4594.2000,4587.0000,4570.2000,4597.2000,4597.8000,4598.4000,4601.6000,4601.8000,1,2,1,1,1,1,3,1,1,2
SF,IF2103,2020-08-24 09:33:34.300,4595.2000,4616,-1,111912540.000,1,0,1,双平,S,4594.8000,4594.2000,4587.0000,4570.2000,4570.0000,4597.2000,4597.8000,4598.4000,4601.6000,4601.8000,2,1,1,1,1,1,3,1,1,2
SF,IF2103,2020-08-24 09:33:34.800,4595.2000,4616,0,111912540.000,0,-,-,-,-,4594.8000,4594.2000,4587.0000,4570.2000,4570.0000,4597.0000,4597.2000,4598.4000,4601.8000,4604.0000,2,1,1,1,1,2,1,1,2,3
SF,IF2103,2020-08-24 09:33:35.300,4594.8000,4616,0,114669420.000,2,1,1,多换,S,4587.0000,4570.2000,4570.0000,4565.4000,4565.2000,4597.0000,4597.2000,4598.4000,4601.8000,4604.0000,1,1,1,1,1,2,1,1,2,3
SF,IF2103,2020-08-24 09:33:35.800,4594.8000,4616,0,114669420.000,0,-,-,-,-,4590.4000,4587.2000,4587.0000,4570.2000,4570.0000,4596.6000,4596.8000,4597.0000,4597.2000,4601.8000,2,1,1,1,1,3,1,1,1,2
SF,IF2103,2020-08-24 09:33:36.300,4594.8000,4616,0,114669420.000,0,-,-,-,-,4590.6000,4590.4000,4570.2000,4570.0000,4565.4000,4594.6000,4596.4000,4596.6000,4601.8000,4604.0000,1,2,1,1,1,1,2,3,1,3
SF,IF2103,2020-08-24 09:33:36.800,4594.8000,4616,0,114669420.000,0,-,-,-,-,4590.6000,4590.4000,4570.2000,4570.0000,4565.4000,4594.4000,4594.6000,4596.4000,4604.0000,4604.2000,1,2,1,1,1,1,1,1,3,3
SF,IF2103,2020-08-24 09:33:37.800,4594.8000,4616,0,114669420.000,0,-,-,-,-,4590.6000,4590.4000,4570.2000,4570.0000,4565.4000,4594.4000,4596.4000,4604.0000,4604.2000,4610.8000,1,2,1,1,1,1,1,3,3,1
SF,IF2103,2020-08-24 09:33:38.300,4594.8000,4616,0,114669420.000,0,-,-,-,-,4590.4000,4570.2000,4570.0000,4565.4000,4565.2000,4594.2000,4594.4000,4604.0000,4604.2000,4610.8000,2,1,1,1,1,1,1,3,3,1
SF,IF2103,2020-08-24 09:33:38.800,4594.8000,4616,0,114669420.000,0,-,-,-,-,4590.4000,4570.2000,4570.0000,4565.4000,4565.2000,4594.0000,4594.2000,4604.0000,4604.2000,4610.8000,2,1,1,1,1,2,1,3,3,1
SF,IF2103,2020-08-24 09:33:39.300,4594.8000,4616,0,114669420.000,0,-,-,-,-,4590.4000,4570.2000,4570.0000,4565.4000,4565.2000,4593.8000,4594.0000,4604.0000,4604.2000,4610.8000,1,1,1,1,1,1,2,3,3,1
SF,IF2103,2020-08-24 09:33:39.800,4594.8000,4616,0,114669420.000,0,-,-,-,-,4590.4000,4570.2000,4570.0000,4565.4000,4565.2000,4593.6000,4593.8000,4594.0000,4604.0000,4604.2000,1,1,1,1,1,1,1,1,3,3
SF,IF2103,2020-08-24 09:33:40.300,4594.8000,4616,0,114669420.000,0,-,-,-,-,4590.4000,4570.2000,4570.0000,4565.4000,4565.2000,4593.4000,4593.6000,4594.0000,4604.0000,4604.2000,1,1,1,1,1,1,1,1,3,3
SF,IF2103,2020-08-24 09:33:40.800,4594.8000,4616,0,114669420.000,0,-,-,-,-,4590.4000,4570.2000,4570.0000,4565.4000,4565.2000,4593.4000,4593.6000,4604.0000,4604.2000,4610.8000,1,1,1,1,1,1,1,3,3,1
SF,IF2103,2020-08-24 09:33:42.800,4593.4000,4615,-1,116047440.000,1,0,1,双平,S,4590.4000,4570.2000,4570.0000,4565.4000,4565.2000,4593.6000,4604.0000,4604.2000,4610.8000,4613.4000,1,1,1,1,1,1,3,3,1,2
SF,IF2103,2020-08-24 09:33:43.300,4593.6000,4615,0,117425520.000,1,0,1,多换,S,4590.6000,4590.4000,4570.2000,4570.0000,4565.4000,4604.0000,4604.2000,4610.8000,4613.4000,4616.6000,1,1,1,1,1,3,3,1,2,1
SF,IF2103,2020-08-24 09:33:43.800,4593.6000,4615,0,117425520.000,0,-,-,-,-,4590.8000,4590.6000,4590.4000,4570.2000,4570.0000,4598.0000,4601.8000,4603.8000,4604.0000,4604.2000,1,1,1,1,1,1,1,2,3,3
SF,IF2103,2020-08-24 09:33:44.300,4593.6000,4615,0,117425520.000,0,-,-,-,-,4591.0000,4590.8000,4590.4000,4570.2000,4570.0000,4597.8000,4601.8000,4603.8000,4604.0000,4604.2000,1,1,1,1,1,1,1,1,3,3
SF,IF2103,2020-08-24 09:33:44.800,4593.6000,4615,0,117425520.000,0,-,-,-,-,4591.2000,4591.0000,4590.4000,4570.2000,4570.0000,4597.6000,4597.8000,4601.8000,4603.8000,4604.0000,1,1,1,1,1,1,1,1,1,3
SF,IF2103,2020-08-24 09:33:45.300,4593.6000,4615,0,117425520.000,0,-,-,-,-,4591.4000,4591.2000,4590.4000,4570.2000,4570.0000,4597.0000,4597.4000,4597.6000,4601.8000,4603.8000,1,1,1,1,1,3,1,1,1,1
SF,IF2103,2020-08-24 09:33:45.800,4593.6000,4615,0,117425520.000,0,-,-,-,-,4591.6000,4591.4000,4590.4000,4570.2000,4570.0000,4596.0000,4596.8000,4601.8000,4603.8000,4604.0000,1,1,1,1,1,1,1,1,1,3
SF,IF2103,2020-08-24 09:33:46.300,4593.6000,4615,0,117425520.000,0,-,-,-,-,4591.8000,4591.6000,4590.4000,4570.2000,4570.0000,4595.4000,4595.8000,4601.8000,4603.8000,4604.0000,1,1,1,1,1,2,1,1,1,3
SF,IF2103,2020-08-24 09:33:46.800,4593.6000,4615,0,117425520.000,0,-,-,-,-,4592.0000,4590.4000,4570.2000,4570.0000,4565.4000,4595.0000,4595.2000,4595.4000,4595.6000,4603.8000,1,1,1,1,1,1,2,2,1,1
SF,IF2103,2020-08-24 09:33:47.300,4593.6000,4615,0,117425520.000,0,-,-,-,-,4592.0000,4590.4000,4570.2000,4570.0000,4565.4000,4594.8000,4595.0000,4595.2000,4603.8000,4604.0000,1,1,1,1,1,1,1,1,1,3
SF,IF2103,2020-08-24 09:33:47.800,4593.6000,4615,0,117425520.000,0,-,-,-,-,4590.4000,4570.2000,4570.0000,4565.4000,4565.2000,4594.8000,4595.0000,4595.2000,4603.8000,4604.0000,1,1,1,1,1,1,1,1,1,3
SF,IF2103,2020-08-24 09:33:48.300,4593.6000,4615,0,117425520.000,0,-,-,-,-,4590.6000,4590.4000,4570.2000,4570.0000,4565.4000,4594.6000,4594.8000,4595.0000,4603.8000,4604.0000,1,1,1,1,1,1,1,1,1,3
SF,IF2103,2020-08-24 09:33:48.800,4593.6000,4615,0,117425520.000,0,-,-,-,-,4590.8000,4590.6000,4590.4000,4570.2000,4570.0000,4593.4000,4603.8000,4604.0000,4604.2000,4610.8000,1,1,1,1,1,1,1,3,3,1
SF,IF2103,2020-08-24 09:33:49.300,4593.4000,4615,0,118803540.000,1,0,1,多换,S,4590.4000,4570.2000,4570.0000,4565.4000,4565.2000,4603.8000,4604.0000,4604.2000,4610.8000,4613.4000,1,1,1,1,1,1,3,3,1,2
SF,IF2103,2020-08-24 09:33:49.800,4593.4000,4615,0,118803540.000,0,-,-,-,-,4590.6000,4590.4000,4570.2000,4570.0000,4565.4000,4601.8000,4603.6000,4603.8000,4604.0000,4604.2000,2,1,1,1,1,2,1,1,3,3
SF,IF2103,2020-08-24 09:33:50.300,4593.4000,4615,0,118803540.000,0,-,-,-,-,4590.6000,4590.4000,4570.2000,4570.0000,4565.4000,4598.4000,4600.8000,4601.6000,4601.8000,4603.8000,2,1,1,1,1,3,2,1,2,1
SF,IF2103,2020-08-24 09:33:50.800,4593.4000,4615,0,118803540.000,0,-,-,-,-,4594.2000,4590.6000,4570.2000,4570.0000,4565.4000,4598.2000,4601.6000,4601.8000,4603.8000,4604.0000,1,1,1,1,1,2,1,2,1,3
SF,IF2103,2020-08-24 09:33:51.300,4593.4000,4615,0,118803540.000,0,-,-,-,-,4594.2000,4590.6000,4570.2000,4570.0000,4565.4000,4598.2000,4601.6000,4601.8000,4603.8000,4604.0000,1,1,1,1,1,2,1,2,1,3
SF,IF2103,2020-08-24 09:33:51.800,4594.2000,4615,0,120181800.000,1,0,1,多换,S,4590.6000,4570.2000,4570.0000,4565.4000,4565.2000,4598.0000,4598.2000,4601.6000,4601.8000,4603.8000,1,1,1,1,1,2,2,1,1,1
SF,IF2103,2020-08-24 09:33:52.300,4594.2000,4615,0,120181800.000,0,-,-,-,-,4590.6000,4570.2000,4570.0000,4565.4000,4565.2000,4596.8000,4597.8000,4598.0000,4601.6000,4601.8000,1,1,1,1,1,3,2,2,1,1
SF,IF2103,2020-08-24 09:33:52.800,4594.2000,4615,0,120181800.000,0,-,-,-,-,4590.6000,4570.2000,4570.0000,4565.4000,4565.2000,4596.6000,4598.0000,4601.6000,4601.8000,4603.8000,1,1,1,1,1,2,1,1,1,1
SF,IF2103,2020-08-24 09:33:54.300,4594.2000,4615,0,120181800.000,0,-,-,-,-,4590.6000,4570.2000,4570.0000,4565.4000,4565.2000,4596.6000,4601.8000,4603.8000,4604.0000,4604.2000,1,1,1,1,1,2,1,1,3,3
SF,IF2103,2020-08-24 09:33:54.800,4594.2000,4615,0,120181800.000,0,-,-,-,-,4590.8000,4590.6000,4570.2000,4570.0000,4565.4000,4601.8000,4603.8000,4604.0000,4604.2000,4610.8000,1,1,1,1,1,1,1,3,3,1
SF,IF2103,2020-08-24 09:33:55.300,4594.2000,4615,0,120181800.000,0,-,-,-,-,4591.0000,4590.8000,4570.2000,4570.0000,4565.4000,4601.6000,4601.8000,4603.8000,4604.0000,4604.2000,1,1,1,1,1,1,2,1,3,3
SF,IF2103,2020-08-24 09:33:55.800,4594.2000,4615,0,120181800.000,0,-,-,-,-,4591.6000,4591.2000,4591.0000,4570.2000,4570.0000,4598.0000,4601.6000,4601.8000,4603.8000,4604.0000,1,1,1,1,1,1,1,1,1,3
SF,IF2103,2020-08-24 09:33:56.300,4594.2000,4615,0,120181800.000,0,-,-,-,-,4591.8000,4591.6000,4570.2000,4570.0000,4565.4000,4598.0000,4601.6000,4601.8000,4603.8000,4604.0000,2,1,1,1,1,1,1,1,1,3
SF,IF2103,2020-08-24 09:33:56.800,4594.2000,4615,0,120181800.000,0,-,-,-,-,4591.8000,4591.6000,4570.2000,4570.0000,4565.4000,4597.8000,4598.0000,4601.8000,4603.8000,4604.0000,2,1,1,1,1,1,1,1,1,3
SF,IF2103,2020-08-24 09:33:57.300,4594.2000,4615,0,120181800.000,0,-,-,-,-,4592.2000,4591.8000,4570.2000,4570.0000,4565.4000,4597.8000,4598.0000,4601.8000,4603.8000,4604.0000,1,2,1,1,1,1,1,1,1,3
SF,IF2103,2020-08-24 09:33:57.800,4594.2000,4615,0,120181800.000,0,-,-,-,-,4592.4000,4592.2000,4570.2000,4570.0000,4565.4000,4597.8000,4598.0000,4601.8000,4603.8000,4604.0000,3,1,1,1,1,1,1,1,1,3
SF,IF2103,2020-08-24 09:33:58.300,4594.2000,4615,0,120181800.000,0,-,-,-,-,4592.8000,4592.4000,4591.6000,4570.2000,4570.0000,4597.6000,4597.8000,4598.0000,4601.8000,4603.8000,1,2,2,1,1,1,1,1,1,1
SF,IF2103,2020-08-24 09:33:58.800,4594.2000,4615,0,120181800.000,0,-,-,-,-,4593.0000,4592.8000,4592.4000,4591.6000,4570.2000,4597.4000,4597.6000,4598.0000,4601.8000,4603.8000,1,1,1,2,1,2,1,1,1,1
SF,IF2103,2020-08-24 09:33:59.300,4594.2000,4615,0,120181800.000,0,-,-,-,-,4593.0000,4592.8000,4591.6000,4570.2000,4570.0000,4597.2000,4597.4000,4598.0000,4601.8000,4603.8000,1,1,2,1,1,1,2,1,1,1
SF,IF2103,2020-08-24 09:33:59.800,4594.2000,4615,0,120181800.000,0,-,-,-,-,4593.0000,4592.8000,4591.6000,4570.2000,4570.0000,4597.2000,4597.4000,4598.0000,4601.8000,4603.8000,1,1,2,1,1,1,1,1,1,1
SF,IF2103,2020-08-24 09:34:00.300,4594.2000,4615,0,120181800.000,0,-,-,-,-,4593.0000,4592.8000,4591.6000,4570.2000,4570.0000,4597.2000,4598.0000,4601.8000,4603.8000,4604.0000,1,1,2,1,1,1,1,1,1,3
SF,IF2103,2020-08-24 09:34:00.800,4594.2000,4615,0,120181800.000,0,-,-,-,-,4593.2000,4593.0000,4592.8000,4591.6000,4570.2000,4597.2000,4598.0000,4601.8000,4603.8000,4604.0000,1,1,1,2,1,1,1,1,1,3
SF,IF2103,2020-08-24 09:34:01.300,4594.2000,4615,0,120181800.000,0,-,-,-,-,4593.6000,4593.4000,4593.2000,4591.6000,4570.2000,4601.8000,4603.8000,4604.0000,4604.2000,4610.8000,1,4,1,2,1,1,1,3,3,1
SF,IF2103,2020-08-24 09:34:01.800,4594.2000,4615,0,120181800.000,0,-,-,-,-,4593.8000,4593.4000,4593.2000,4591.6000,4570.2000,4599.8000,4601.6000,4601.8000,4603.8000,4604.0000,2,2,1,2,1,3,1,2,1,3
SF,IF2103,2020-08-24 09:34:02.300,4594.2000,4615,0,120181800.000,0,-,-,-,-,4594.0000,4593.8000,4593.4000,4591.6000,4570.2000,4601.6000,4601.8000,4603.8000,4604.0000,4604.2000,1,2,2,2,1,1,1,1,3,3
SF,IF2103,2020-08-24 09:34:02.800,4594.2000,4615,0,120181800.000,0,-,-,-,-,4594.2000,4594.0000,4593.4000,4591.6000,4589.4000,4601.6000,4601.8000,4603.8000,4604.0000,4604.2000,3,1,2,2,1,1,1,1,3,3
SF,IF2103,2020-08-24 09:34:03.300,4594.2000,4615,0,120181800.000,0,-,-,-,-,4594.4000,4594.2000,4594.0000,4591.6000,4589.4000,4601.6000,4601.8000,4604.0000,4604.2000,4610.8000,2,3,1,2,1,1,1,2,3,1
SF,IF2103,2020-08-24 09:34:03.800,4594.2000,4615,0,120181800.000,0,-,-,-,-,4594.6000,4594.4000,4594.2000,4594.0000,4591.6000,4601.6000,4601.8000,4604.0000,4604.2000,4610.8000,2,2,1,1,2,1,1,2,3,1
SF,IF2103,2020-08-24 09:34:04.300,4594.2000,4615,0,120181800.000,0,-,-,-,-,4594.6000,4594.4000,4594.2000,4594.0000,4591.6000,4601.6000,4601.8000,4604.2000,4610.8000,4613.4000,2,2,1,1,2,1,1,3,1,2
SF,IF2103,2020-08-24 09:34:05.800,4594.2000,4615,0,120181800.000,0,-,-,-,-,4594.8000,4594.6000,4594.4000,4594.2000,4594.0000,4601.6000,4601.8000,4604.2000,4610.8000,4613.4000,1,2,1,1,1,1,1,3,1,2
SF,IF2103,2020-08-24 09:34:06.300,4594.2000,4615,0,120181800.000,0,-,-,-,-,4595.0000,4594.8000,4594.4000,4594.2000,4594.0000,4601.4000,4601.6000,4601.8000,4604.2000,4610.8000,1,1,1,1,1,1,1,1,3,1
SF,IF2103,2020-08-24 09:34:06.800,4594.2000,4615,0,120181800.000,0,-,-,-,-,4595.2000,4595.0000,4594.8000,4594.2000,4591.6000,4601.2000,4601.4000,4601.8000,4604.2000,4610.8000,1,1,1,1,2,1,1,1,3,1
SF,IF2103,2020-08-24 09:34:07.300,4594.2000,4615,0,120181800.000,0,-,-,-,-,4595.4000,4595.2000,4594.8000,4594.2000,4591.6000,4601.0000,4601.2000,4601.8000,4604.2000,4610.8000,1,1,1,1,2,1,1,1,3,1
SF,IF2103,2020-08-24 09:34:07.800,4594.2000,4615,0,120181800.000,0,-,-,-,-,4595.4000,4595.2000,4594.8000,4594.2000,4591.6000,4600.8000,4601.0000,4601.8000,4604.2000,4610.8000,1,1,1,1,2,1,1,1,3,1
SF,IF2103,2020-08-24 09:34:08.300,4594.2000,4615,0,120181800.000,0,-,-,-,-,4595.4000,4595.2000,4594.2000,4591.6000,4589.4000,4600.6000,4601.8000,4604.2000,4610.8000,4613.4000,2,1,1,2,1,1,1,3,1,2
SF,IF2103,2020-08-24 09:34:08.800,4594.2000,4615,0,120181800.000,0,-,-,-,-,4595.6000,4595.4000,4591.6000,4589.4000,4570.2000,4600.6000,4601.8000,4604.2000,4610.8000,4613.4000,1,2,2,1,1,1,1,3,1,2
SF,IF2103,2020-08-24 09:34:09.300,4594.2000,4615,0,120181800.000,0,-,-,-,-,4595.8000,4595.6000,4595.4000,4591.6000,4589.4000,4600.6000,4601.8000,4604.2000,4610.8000,4613.4000,1,1,1,2,1,1,1,3,1,2
SF,IF2103,2020-08-24 09:34:09.800,4594.2000,4615,0,120181800.000,0,-,-,-,-,4595.8000,4595.6000,4595.4000,4591.6000,4589.4000,4600.6000,4601.8000,4604.2000,4610.8000,4613.4000,1,1,1,2,1,1,1,3,1,2
SF,IF2103,2020-08-24 09:34:10.800,4594.2000,4615,0,120181800.000,0,-,-,-,-,4595.8000,4595.6000,4591.6000,4589.4000,4570.2000,4600.6000,4601.8000,4604.2000,4610.8000,4613.4000,2,1,2,1,1,1,1,3,1,2
SF,IF2103,2020-08-24 09:34:11.300,4594.2000,4615,0,120181800.000,0,-,-,-,-,4596.0000,4595.8000,4591.6000,4589.4000,4570.2000,4600.6000,4601.8000,4604.2000,4610.8000,4613.4000,1,2,2,1,1,1,1,3,1,2
SF,IF2103,2020-08-24 09:34:11.800,4594.2000,4615,0,120181800.000,0,-,-,-,-,4596.2000,4596.0000,4595.8000,4591.6000,4589.4000,4600.6000,4601.8000,4604.2000,4610.8000,4613.4000,1,1,1,2,1,1,1,3,1,2
SF,IF2103,2020-08-24 09:34:12.300,4594.2000,4615,0,120181800.000,0,-,-,-,-,4596.2000,4596.0000,4595.8000,4591.6000,4589.4000,4600.6000,4601.8000,4604.2000,4610.8000,4613.4000,1,1,1,2,1,1,1,3,1,2
SF,IF2103,2020-08-24 09:34:12.800,4594.2000,4615,0,120181800.000,0,-,-,-,-,4596.2000,4596.0000,4595.8000,4591.6000,4589.4000,4600.6000,4601.8000,4604.2000,4610.8000,4613.4000,1,1,1,2,1,1,1,3,1,2
SF,IF2103,2020-08-24 09:34:13.300,4594.2000,4615,0,120181800.000,0,-,-,-,-,4596.4000,4596.2000,4596.0000,4591.6000,4589.4000,4600.6000,4601.8000,4604.2000,4610.8000,4613.4000,1,1,1,2,1,1,1,3,1,2
SF,IF2103,2020-08-24 09:34:13.800,4594.2000,4615,0,120181800.000,0,-,-,-,-,4596.6000,4596.4000,4591.6000,4589.4000,4570.2000,4600.6000,4601.8000,4604.2000,4610.8000,4613.4000,2,1,2,1,1,1,1,3,1,2
SF,IF2103,2020-08-24 09:34:14.300,4594.2000,4615,0,120181800.000,0,-,-,-,-,4596.6000,4596.4000,4591.6000,4589.4000,4570.2000,4600.4000,4600.6000,4601.8000,4604.2000,4610.8000,2,1,2,1,1,2,1,1,3,1
SF,IF2103,2020-08-24 09:34:14.800,4594.2000,4615,0,120181800.000,0,-,-,-,-,4596.6000,4596.4000,4591.6000,4589.4000,4570.2000,4600.2000,4600.4000,4601.8000,4604.2000,4610.8000,1,1,2,1,1,1,2,1,3,1
SF,IF2103,2020-08-24 09:34:15.300,4594.2000,4615,0,120181800.000,0,-,-,-,-,4596.6000,4596.4000,4591.6000,4589.4000,4570.2000,4600.0000,4600.2000,4600.4000,4601.8000,4604.2000,1,1,2,1,1,1,1,1,1,3
SF,IF2103,2020-08-24 09:34:15.800,4594.2000,4615,0,120181800.000,0,-,-,-,-,4596.6000,4591.6000,4589.4000,4570.2000,4570.0000,4599.8000,4600.0000,4600.4000,4601.8000,4604.2000,1,2,1,1,1,1,1,1,1,3
SF,IF2103,2020-08-24 09:34:16.300,4594.2000,4615,0,120181800.000,0,-,-,-,-,4591.6000,4589.4000,4570.2000,4570.0000,4565.4000,4599.6000,4599.8000,4601.8000,4604.2000,4610.8000,2,1,1,1,1,1,1,1,3,1
SF,IF2103,2020-08-24 09:34:16.800,4594.2000,4615,0,120181800.000,0,-,-,-,-,4594.2000,4591.8000,4591.6000,4589.4000,4570.2000,4599.4000,4601.8000,4604.2000,4610.8000,4613.4000,1,4,2,1,1,1,1,3,1,2
SF,IF2103,2020-08-24 09:34:17.300,4594.2000,4615,0,120181800.000,0,-,-,-,-,4594.4000,4594.2000,4591.8000,4591.6000,4589.4000,4599.4000,4601.8000,4604.2000,4610.8000,4613.4000,1,1,3,2,1,1,1,3,1,2
SF,IF2103,2020-08-24 09:34:17.800,4594.2000,4615,0,120181800.000,0,-,-,-,-,4595.0000,4594.4000,4594.2000,4591.8000,4591.6000,4599.4000,4601.8000,4604.2000,4610.8000,4613.4000,2,1,1,3,2,1,1,3,1,2
SF,IF2103,2020-08-24 09:34:18.300,4594.2000,4615,0,120181800.000,0,-,-,-,-,4595.2000,4595.0000,4594.2000,4591.8000,4591.6000,4599.4000,4601.8000,4604.2000,4610.8000,4613.4000,1,2,1,3,2,1,1,3,1,2
SF,IF2103,2020-08-24 09:34:18.800,4594.2000,4615,0,120181800.000,0,-,-,-,-,4595.4000,4595.2000,4595.0000,4594.2000,4591.6000,4599.4000,4601.8000,4604.2000,4610.8000,4613.4000,2,2,2,1,2,1,1,3,1,2
SF,IF2103,2020-08-24 09:34:19.300,4594.2000,4615,0,120181800.000,0,-,-,-,-,4595.6000,4595.4000,4595.2000,4595.0000,4594.2000,4599.4000,4601.8000,4604.2000,4610.8000,4613.4000,1,2,1,2,1,1,1,3,1,2
SF,IF2103,2020-08-24 09:34:19.800,4594.2000,4615,0,120181800.000,0,-,-,-,-,4595.6000,4595.4000,4595.2000,4595.0000,4594.2000,4599.4000,4601.8000,4604.2000,4610.8000,4613.4000,1,2,1,2,1,1,1,3,1,2
SF,IF2103,2020-08-24 09:34:20.300,4594.2000,4615,0,120181800.000,0,-,-,-,-,4595.8000,4595.6000,4595.4000,4595.2000,4595.0000,4601.8000,4604.2000,4610.8000,4613.4000,4616.6000,1,1,2,1,2,1,3,1,2,1
SF,IF2103,2020-08-24 09:34:20.800,4594.2000,4615,0,120181800.000,0,-,-,-,-,4596.0000,4595.8000,4595.4000,4595.2000,4594.2000,4601.6000,4601.8000,4604.2000,4610.8000,4613.4000,2,1,2,1,1,1,1,3,1,2
SF,IF2103,2020-08-24 09:34:21.300,4594.2000,4615,0,120181800.000,0,-,-,-,-,4596.2000,4596.0000,4595.2000,4594.2000,4593.0000,4601.6000,4601.8000,4604.2000,4610.8000,4613.4000,3,2,1,1,2,1,1,3,1,2
SF,IF2103,2020-08-24 09:34:21.800,4594.2000,4615,0,120181800.000,0,-,-,-,-,4596.4000,4596.2000,4596.0000,4595.2000,4594.2000,4601.6000,4601.8000,4604.2000,4610.8000,4613.4000,1,3,1,1,1,1,1,3,1,2
SF,IF2103,2020-08-24 09:34:22.300,4594.2000,4615,0,120181800.000,0,-,-,-,-,4596.6000,4596.4000,4596.2000,4596.0000,4595.2000,4601.6000,4601.8000,4604.2000,4610.8000,4613.4000,1,1,2,1,1,1,1,3,1,2
SF,IF2103,2020-08-24 09:34:22.800,4594.2000,4615,0,120181800.000,0,-,-,-,-,4596.8000,4596.6000,4596.2000,4596.0000,4595.2000,4601.6000,4601.8000,4604.2000,4610.8000,4613.4000,1,1,2,1,1,1,1,3,1,2
SF,IF2103,2020-08-24 09:34:23.300,4594.2000,4615,0,120181800.000,0,-,-,-,-,4597.0000,4596.8000,4596.2000,4595.2000,4594.2000,4601.6000,4601.8000,4604.2000,4610.8000,4613.4000,1,1,2,1,1,1,1,3,1,2
SF,IF2103,2020-08-24 09:34:23.800,4594.2000,4615,0,120181800.000,0,-,-,-,-,4597.2000,4597.0000,4594.2000,4591.6000,4589.4000,4601.8000,4604.2000,4610.8000,4613.4000,4616.6000,1,1,1,2,1,1,3,1,2,1
SF,IF2103,2020-08-24 09:34:24.300,4594.2000,4615,0,120181800.000,0,-,-,-,-,4597.4000,4597.2000,4594.2000,4591.6000,4589.4000,4601.8000,4604.2000,4610.8000,4613.4000,4616.6000,1,1,1,2,1,1,3,1,2,1
SF,IF2103,2020-08-24 09:34:24.800,4594.2000,4615,0,120181800.000,0,-,-,-,-,4597.6000,4597.4000,4594.2000,4591.6000,4589.4000,4601.8000,4604.2000,4610.8000,4613.4000,4616.6000,1,3,1,2,1,1,3,1,2,1
SF,IF2103,2020-08-24 09:34:25.300,4594.2000,4615,0,120181800.000,0,-,-,-,-,4597.8000,4597.6000,4597.4000,4594.2000,4591.6000,4601.8000,4604.2000,4610.8000,4613.4000,4616.6000,1,1,2,1,2,1,3,1,2,1
SF,IF2103,2020-08-24 09:34:25.800,4594.2000,4615,0,120181800.000,0,-,-,-,-,4598.0000,4597.8000,4597.4000,4591.6000,4589.4000,4604.2000,4610.8000,4613.4000,4616.6000,4620.0000,2,1,2,2,1,3,1,2,1,1
SF,IF2103,2020-08-24 09:34:26.300,4594.2000,4615,0,120181800.000,0,-,-,-,-,4598.2000,4598.0000,4597.4000,4596.6000,4591.6000,4604.0000,4604.2000,4610.8000,4613.4000,4616.6000,1,2,2,1,2,1,3,1,2,1
SF,IF2103,2020-08-24 09:34:26.800,4594.2000,4615,0,120181800.000,0,-,-,-,-,4598.4000,4598.2000,4598.0000,4597.4000,4596.6000,4601.8000,4604.0000,4604.2000,4610.8000,4613.4000,1,1,1,2,1,1,1,3,1,2
SF,IF2103,2020-08-24 09:34:27.300,4594.2000,4615,0,120181800.000,0,-,-,-,-,4598.6000,4598.4000,4598.0000,4596.6000,4591.6000,4604.2000,4610.8000,4613.4000,4616.6000,4620.0000,3,1,1,1,2,3,1,2,1,1
SF,IF2103,2020-08-24 09:34:27.800,4594.2000,4615,0,120181800.000,0,-,-,-,-,4598.8000,4598.6000,4598.0000,4596.6000,4591.6000,4604.0000,4604.2000,4610.8000,4613.4000,4616.6000,1,3,1,1,2,2,3,1,2,1
SF,IF2103,2020-08-24 09:34:28.300,4594.2000,4615,0,120181800.000,0,-,-,-,-,4599.0000,4598.8000,4598.6000,4598.0000,4596.6000,4604.0000,4604.2000,4610.8000,4613.4000,4616.6000,1,1,2,1,1,2,3,1,2,1
SF,IF2103,2020-08-24 09:34:28.800,4594.2000,4615,0,120181800.000,0,-,-,-,-,4598.8000,4598.6000,4598.0000,4596.6000,4591.6000,4603.8000,4604.0000,4604.2000,4610.8000,4613.4000,1,2,1,1,2,1,2,3,1,2
SF,IF2103,2020-08-24 09:34:29.300,4594.2000,4615,0,120181800.000,0,-,-,-,-,4598.6000,4596.6000,4591.6000,4589.4000,4570.2000,4601.8000,4603.6000,4603.8000,4604.2000,4610.8000,2,1,2,1,1,1,1,1,3,1
SF,IF2103,2020-08-24 09:34:29.800,4594.2000,4615,0,120181800.000,0,-,-,-,-,4596.6000,4591.6000,4589.4000,4570.2000,4570.0000,4601.6000,4601.8000,4603.8000,4604.2000,4610.8000,1,2,1,1,1,1,1,1,3,1
SF,IF2103,2020-08-24 09:34:30.300,4594.2000,4615,0,120181800.000,0,-,-,-,-,4596.8000,4596.6000,4591.6000,4589.4000,4570.2000,4601.4000,4601.6000,4601.8000,4604.2000,4610.8000,1,1,2,1,1,1,1,1,3,1
SF,IF2103,2020-08-24 09:34:30.800,4594.2000,4615,0,120181800.000,0,-,-,-,-,4596.8000,4596.6000,4591.6000,4589.4000,4570.2000,4601.2000,4601.4000,4601.8000,4604.2000,4610.8000,1,1,2,1,1,1,1,1,3,1
SF,IF2103,2020-08-24 09:34:31.300,4594.2000,4615,0,120181800.000,0,-,-,-,-,4596.8000,4596.6000,4591.6000,4589.4000,4570.2000,4601.0000,4601.2000,4601.8000,4604.2000,4610.8000,1,1,2,1,1,1,1,1,3,1
SF,IF2103,2020-08-24 09:34:33.300,4594.2000,4615,0,120181800.000,0,-,-,-,-,4596.8000,4596.6000,4591.6000,4589.4000,4570.2000,4601.0000,4601.2000,4601.8000,4604.2000,4610.8000,3,1,2,1,1,1,1,1,3,1
SF,IF2103,2020-08-24 09:34:33.800,4594.2000,4615,0,120181800.000,0,-,-,-,-,4597.0000,4596.8000,4596.6000,4591.6000,4589.4000,4601.8000,4604.2000,4610.8000,4613.4000,4616.6000,1,3,1,2,1,1,3,1,2,1
SF,IF2103,2020-08-24 09:34:34.300,4594.2000,4615,0,120181800.000,0,-,-,-,-,4597.2000,4597.0000,4596.8000,4596.6000,4591.6000,4601.8000,4604.2000,4610.8000,4613.4000,4616.6000,1,1,2,1,2,1,3,1,2,1
SF,IF2103,2020-08-24 09:34:34.800,4594.2000,4615,0,120181800.000,0,-,-,-,-,4597.4000,4597.2000,4596.8000,4596.6000,4591.6000,4601.8000,4604.2000,4610.8000,4613.4000,4616.6000,1,1,2,1,2,1,3,1,2,1
SF,IF2103,2020-08-24 09:34:35.300,4594.2000,4615,0,120181800.000,0,-,-,-,-,4598.0000,4597.6000,4597.4000,4596.6000,4591.6000,4604.2000,4610.8000,4613.4000,4616.6000,4620.0000,1,3,1,1,2,3,1,2,1,1
SF,IF2103,2020-08-24 09:34:35.800,4594.2000,4615,0,120181800.000,0,-,-,-,-,4598.2000,4598.0000,4597.8000,4597.6000,4596.6000,4604.0000,4604.2000,4610.8000,4613.4000,4616.6000,2,1,2,2,1,1,3,1,2,1
SF,IF2103,2020-08-24 09:34:36.300,4594.2000,4615,0,120181800.000,0,-,-,-,-,4598.2000,4598.0000,4597.8000,4597.6000,4596.6000,4603.6000,4604.0000,4604.2000,4610.8000,4613.4000,2,1,2,2,1,3,1,3,1,2
SF,IF2103,2020-08-24 09:34:36.800,4594.2000,4615,0,120181800.000,0,-,-,-,-,4598.2000,4598.0000,4597.8000,4597.6000,4596.6000,4601.8000,4603.4000,4604.2000,4610.8000,4613.4000,2,1,2,2,1,1,1,3,1,2
SF,IF2103,2020-08-24 09:34:37.300,4594.2000,4615,0,120181800.000,0,-,-,-,-,4598.2000,4597.6000,4596.6000,4591.6000,4589.4000,4601.8000,4603.4000,4604.2000,4610.8000,4613.4000,2,2,1,2,1,1,1,3,1,2
SF,IF2103,2020-08-24 09:34:38.300,4594.2000,4615,0,120181800.000,0,-,-,-,-,4598.2000,4597.6000,4596.6000,4591.6000,4589.4000,4601.8000,4603.4000,4604.2000,4610.8000,4613.4000,2,1,1,2,1,1,1,3,1,2
SF,IF2103,2020-08-24 09:34:38.800,4594.2000,4615,0,120181800.000,0,-,-,-,-,4598.2000,4596.6000,4591.6000,4589.4000,4570.2000,4601.6000,4601.8000,4604.2000,4610.8000,4613.4000,1,1,2,1,1,2,1,3,1,2
SF,IF2103,2020-08-24 09:34:41.300,4601.6000,4615,0,121562280.000,1,0,1,多换,S,4598.4000,4598.2000,4596.6000,4591.6000,4589.4000,4601.6000,4604.2000,4610.8000,4613.4000,4616.6000,1,3,1,2,1,1,3,1,2,1
SF,IF2103,2020-08-24 09:34:41.800,4601.6000,4615,0,121562280.000,0,-,-,-,-,4598.6000,4598.4000,4598.2000,4596.6000,4591.6000,4604.2000,4610.8000,4613.4000,4616.6000,4620.0000,1,1,2,1,2,3,1,2,1,1
SF,IF2103,2020-08-24 09:34:42.300,4601.6000,4615,0,121562280.000,0,-,-,-,-,4598.8000,4598.6000,4598.2000,4596.6000,4591.6000,4604.2000,4610.8000,4613.4000,4616.6000,4620.0000,2,1,2,1,2,3,1,2,1,1
SF,IF2103,2020-08-24 09:34:42.800,4601.6000,4615,0,121562280.000,0,-,-,-,-,4599.0000,4598.8000,4598.2000,4596.6000,4591.6000,4604.2000,4610.8000,4613.4000,4616.6000,4620.0000,1,2,2,1,2,3,1,2,1,1
SF,IF2103,2020-08-24 09:34:43.300,4601.6000,4615,0,121562280.000,0,-,-,-,-,4599.2000,4599.0000,4598.8000,4598.2000,4596.6000,4604.2000,4610.8000,4613.4000,4616.6000,4620.0000,1,1,1,1,1,3,1,2,1,1
SF,IF2103,2020-08-24 09:34:43.800,4601.6000,4615,0,121562280.000,0,-,-,-,-,4599.4000,4599.2000,4598.8000,4598.2000,4596.6000,4604.0000,4604.2000,4610.8000,4613.4000,4616.6000,1,1,1,1,1,1,3,1,2,1
SF,IF2103,2020-08-24 09:34:44.300,4601.6000,4615,0,121562280.000,0,-,-,-,-,4599.6000,4599.4000,4598.2000,4596.6000,4591.6000,4603.8000,4604.0000,4604.2000,4610.8000,4613.4000,1,2,1,1,2,1,1,3,1,2
SF,IF2103,2020-08-24 09:34:44.800,4601.6000,4615,0,121562280.000,0,-,-,-,-,4599.6000,4599.4000,4598.2000,4596.6000,4591.6000,4601.8000,4603.6000,4603.8000,4604.2000,4610.8000,1,1,1,1,2,1,1,1,3,1
SF,IF2103,2020-08-24 09:34:45.300,4601.6000,4615,0,121562280.000,0,-,-,-,-,4599.4000,4596.6000,4591.6000,4589.4000,4570.2000,4601.8000,4603.6000,4603.8000,4604.0000,4604.2000,1,1,2,1,1,1,1,1,1,3
SF,IF2103,2020-08-24 09:34:45.800,4601.6000,4615,0,121562280.000,0,-,-,-,-,4596.6000,4591.6000,4589.4000,4570.2000,4570.0000,4601.8000,4603.6000,4603.8000,4604.0000,4604.2000,1,2,1,1,1,1,1,1,1,3
SF,IF2103,2020-08-24 09:34:46.300,4596.8000,4616,1,122941320.000,1,1,0,双开,S,4598.0000,4596.8000,4596.6000,4591.6000,4589.4000,4601.6000,4601.8000,4603.6000,4604.0000,4604.2000,1,1,1,2,1,1,1,1,1,3
SF,IF2103,2020-08-24 09:34:46.800,4601.6000,4617,1,124321800.000,1,1,0,双开,S,4598.2000,4598.0000,4596.6000,4591.6000,4589.4000,4601.4000,4601.8000,4603.6000,4604.0000,4604.2000,2,1,1,2,1,1,1,1,1,3
SF,IF2103,2020-08-24 09:34:47.300,4598.2000,4617,0,125701260.000,1,0,1,多换,S,4598.2000,4598.0000,4596.6000,4591.6000,4589.4000,4601.4000,4601.8000,4603.6000,4604.0000,4604.2000,1,1,1,2,1,1,1,1,1,3
SF,IF2103,2020-08-24 09:34:47.800,4598.2000,4618,1,127080720.000,1,1,0,双开,S,4598.0000,4596.6000,4591.6000,4589.4000,4570.2000,4601.4000,4601.8000,4603.6000,4604.0000,4604.2000,1,1,2,1,1,1,1,1,1,3
SF,IF2103,2020-08-24 09:34:48.300,4596.6000,4620,2,129839100.000,2,2,0,双开,S,4591.6000,4589.4000,4570.2000,4570.0000,4568.2000,4601.2000,4601.4000,4601.8000,4603.6000,4604.0000,2,1,1,1,1,1,1,1,1,1
SF,IF2103,2020-08-24 09:34:48.800,4591.8000,4620,0,132594900.000,2,1,1,多换,S,4591.8000,4591.6000,4589.4000,4570.2000,4570.0000,4601.2000,4601.4000,4601.8000,4604.0000,4604.2000,3,2,1,1,1,1,1,1,1,3
SF,IF2103,2020-08-24 09:34:49.300,4591.8000,4620,0,132594900.000,0,-,-,-,-,4598.2000,4592.0000,4591.8000,4591.6000,4589.4000,4600.8000,4601.0000,4601.2000,4604.0000,4604.2000,1,2,3,2,1,1,1,1,1,3
SF,IF2103,2020-08-24 09:34:49.800,4591.8000,4620,0,133972440.000,1,0,1,多换,S,4596.0000,4594.0000,4592.0000,4591.8000,4591.6000,4600.6000,4600.8000,4604.0000,4604.2000,4610.8000,1,2,2,3,2,1,1,1,3,1
SF,IF2103,2020-08-24 09:34:50.300,4591.8000,4620,0,133972440.000,0,-,-,-,-,4596.2000,4596.0000,4594.0000,4592.0000,4591.8000,4600.6000,4600.8000,4604.0000,4604.2000,4610.8000,2,1,2,1,3,1,1,1,3,1
SF,IF2103,2020-08-24 09:34:50.800,4591.8000,4620,0,133972440.000,0,-,-,-,-,4596.8000,4596.2000,4596.0000,4592.0000,4591.8000,4600.6000,4604.0000,4604.2000,4610.8000,4613.4000,2,1,1,1,3,1,1,3,1,2
SF,IF2103,2020-08-24 09:34:51.300,4591.8000,4620,0,133972440.000,0,-,-,-,-,4597.4000,4597.2000,4597.0000,4596.8000,4596.6000,4600.6000,4604.0000,4604.2000,4610.8000,4613.4000,1,1,5,2,2,1,1,3,1,2
SF,IF2103,2020-08-24 09:34:51.800,4591.8000,4620,0,133972440.000,0,-,-,-,-,4597.4000,4597.2000,4597.0000,4596.8000,4596.6000,4600.6000,4604.0000,4604.2000,4610.8000,4613.4000,1,1,4,2,2,1,1,3,1,2
SF,IF2103,2020-08-24 09:34:52.300,4591.8000,4620,0,133972440.000,0,-,-,-,-,4597.8000,4597.2000,4597.0000,4596.6000,4593.8000,4600.6000,4604.0000,4604.2000,4610.8000,4613.4000,2,1,4,2,1,1,1,3,1,2
SF,IF2103,2020-08-24 09:34:52.800,4591.8000,4620,0,133972440.000,0,-,-,-,-,4597.8000,4597.0000,4596.6000,4593.8000,4593.4000,4600.6000,4604.0000,4604.2000,4610.8000,4616.6000,2,4,2,1,1,1,1,3,1,1
SF,IF2103,2020-08-24 09:34:53.300,4591.8000,4620,0,133972440.000,0,-,-,-,-,4597.8000,4597.0000,4596.6000,4594.4000,4593.8000,4600.6000,4604.0000,4604.2000,4610.8000,4616.6000,2,4,2,2,1,1,1,3,1,1
SF,IF2103,2020-08-24 09:34:53.800,4591.8000,4620,0,133972440.000,0,-,-,-,-,4598.2000,4597.0000,4596.6000,4595.4000,4594.4000,4600.6000,4604.0000,4604.2000,4610.8000,4616.6000,1,2,1,1,2,1,1,3,1,1
SF,IF2103,2020-08-24 09:34:54.300,4591.8000,4620,0,133972440.000,0,-,-,-,-,4598.2000,4597.0000,4596.6000,4595.4000,4594.4000,4600.6000,4604.0000,4604.2000,4610.8000,4616.6000,1,1,1,1,2,1,1,3,1,1
SF,IF2103,2020-08-24 09:34:54.800,4591.8000,4620,0,133972440.000,0,-,-,-,-,4598.2000,4597.0000,4596.6000,4595.4000,4594.4000,4600.6000,4604.0000,4604.2000,4610.8000,4616.6000,1,1,1,3,2,1,1,3,1,1
SF,IF2103,2020-08-24 09:34:55.300,4591.8000,4620,0,133972440.000,0,-,-,-,-,4598.2000,4597.0000,4596.6000,4595.6000,4595.4000,4600.6000,4604.0000,4604.2000,4610.8000,4616.6000,1,1,1,1,3,1,1,3,1,1
SF,IF2103,2020-08-24 09:34:55.800,4591.8000,4620,0,133972440.000,0,-,-,-,-,4597.0000,4596.6000,4595.6000,4595.4000,4594.4000,4600.6000,4604.0000,4604.2000,4610.8000,4616.6000,1,1,1,3,2,1,1,3,1,1
SF,IF2103,2020-08-24 09:34:56.300,4591.8000,4620,0,133972440.000,0,-,-,-,-,4597.2000,4597.0000,4596.6000,4595.4000,4594.4000,4600.6000,4604.0000,4604.2000,4610.8000,4616.6000,2,1,1,3,2,1,1,3,1,1
SF,IF2103,2020-08-24 09:34:56.800,4591.8000,4620,0,133972440.000,0,-,-,-,-,4597.4000,4597.2000,4596.6000,4595.4000,4594.4000,4600.6000,4604.0000,4604.2000,4610.8000,4616.6000,1,2,1,3,2,1,1,3,1,1
SF,IF2103,2020-08-24 09:34:58.300,4591.8000,4620,0,133972440.000,0,-,-,-,-,4597.6000,4597.4000,4597.2000,4596.6000,4595.4000,4600.6000,4604.0000,4604.2000,4610.8000,4616.6000,1,1,1,1,3,1,1,3,1,1
SF,IF2103,2020-08-24 09:34:58.800,4591.8000,4620,0,133972440.000,0,-,-,-,-,4597.8000,4597.6000,4597.4000,4596.6000,4595.4000,4600.6000,4604.0000,4604.2000,4610.8000,4616.6000,1,2,1,1,3,1,1,3,1,1
SF,IF2103,2020-08-24 09:34:59.300,4591.8000,4620,0,133972440.000,0,-,-,-,-,4597.8000,4597.6000,4597.4000,4596.6000,4595.4000,4600.6000,4604.0000,4604.2000,4610.8000,4616.6000,1,1,1,1,3,1,1,3,1,1
SF,IF2103,2020-08-24 09:35:00.300,4591.8000,4620,0,133972440.000,0,-,-,-,-,4597.8000,4597.6000,4597.4000,4596.6000,4595.4000,4600.6000,4604.0000,4604.2000,4610.8000,4616.6000,1,1,1,1,3,1,1,3,1,1
