市场代码,合约代码,时间,最新,持仓,增仓,成交额,成交量,开仓,平仓,成交类型,方向,买一价,买二价,买三价,买四价,买五价,卖一价,卖二价,卖三价,卖四价,卖五价,买一量,买二量,买三量,买四量,买五量,卖一量,卖二量,卖三量,卖四量,卖五量
SF,IF2106,2020-10-21 09:29:00.300,4598.4000,1649,0,0.000,0.000,-,-,-,-,4610.4000,4610.0000,4604.0000,4601.8000,4601.0000,4621.8000,4623.4000,4631.6000,4632.8000,4638.6000,1,3,1,1,3,1,1,1,1,3
SF,IF2106,2020-10-21 09:30:00.300,4598.4000,1649,0,0.000,0,-,-,-,-,4615.6000,4615.0000,4610.4000,4610.0000,4604.0000,4620.6000,4621.8000,4623.4000,4630.4000,4631.6000,1,2,1,3,1,1,1,1,3,1
SF,IF2106,2020-10-21 09:30:00.800,4598.4000,1649,0,0.000,0,-,-,-,-,4610.0000,4604.0000,4601.8000,4600.0000,4598.6000,4630.4000,4631.6000,4643.6000,4655.0000,4658.4000,3,1,1,10,1,3,1,1,2,1
SF,IF2106,2020-10-21 09:30:01.300,4598.4000,1649,0,0.000,0,-,-,-,-,4616.2000,4612.4000,4610.0000,4604.4000,4604.0000,4622.8000,4630.4000,4643.6000,4655.0000,4658.4000,1,2,3,1,1,2,3,1,2,1
SF,IF2106,2020-10-21 09:30:01.800,4598.4000,1649,0,0.000,0,-,-,-,-,4617.6000,4616.2000,4610.0000,4604.4000,4604.0000,4622.8000,4630.4000,4643.6000,4655.0000,4671.2000,1,1,3,1,1,1,3,1,2,3
SF,IF2106,2020-10-21 09:30:02.300,4598.4000,1649,0,0.000,0,-,-,-,-,4616.2000,4610.0000,4604.4000,4601.8000,4600.0000,4622.2000,4622.8000,4630.4000,4643.6000,4655.0000,1,3,1,1,10,1,2,3,1,2
SF,IF2106,2020-10-21 09:30:03.300,4598.4000,1649,0,0.000,0,-,-,-,-,4617.8000,4616.2000,4610.0000,4604.4000,4601.8000,4622.2000,4622.8000,4630.4000,4643.6000,4645.0000,1,1,8,1,1,1,2,3,1,5
SF,IF2106,2020-10-21 09:30:03.800,4598.4000,1649,0,0.000,0,-,-,-,-,4618.0000,4616.2000,4610.0000,4604.4000,4601.8000,4622.2000,4622.8000,4630.4000,4643.6000,4645.0000,1,1,8,1,1,1,2,3,1,5
SF,IF2106,2020-10-21 09:30:04.300,4598.4000,1649,0,0.000,0,-,-,-,-,4618.0000,4616.2000,4610.0000,4604.4000,4601.8000,4622.2000,4622.8000,4630.4000,4643.6000,4645.0000,1,1,8,1,1,1,2,3,1,5
SF,IF2106,2020-10-21 09:30:05.300,4598.4000,1649,0,0.000,0,-,-,-,-,4618.0000,4616.2000,4610.0000,4604.4000,4601.8000,4630.4000,4643.6000,4645.0000,4655.0000,4671.2000,1,1,8,1,1,3,1,5,2,3
SF,IF2106,2020-10-21 09:30:05.800,4598.4000,1649,0,0.000,0,-,-,-,-,4618.0000,4616.2000,4610.0000,4604.4000,4601.8000,4622.2000,4622.8000,4625.4000,4630.4000,4643.6000,1,1,8,1,1,1,1,1,3,1
SF,IF2106,2020-10-21 09:30:06.300,4598.4000,1649,0,0.000,0,-,-,-,-,4618.0000,4616.2000,4610.0000,4601.8000,4600.0000,4625.4000,4630.4000,4643.6000,4645.0000,4655.0000,1,1,8,1,10,1,3,1,5,2
SF,IF2106,2020-10-21 09:30:06.800,4598.4000,1649,0,0.000,0,-,-,-,-,4618.0000,4616.2000,4610.0000,4601.8000,4600.0000,4624.4000,4625.4000,4630.4000,4643.6000,4645.0000,1,1,8,1,10,1,2,3,1,5
SF,IF2106,2020-10-21 09:30:07.300,4598.4000,1649,0,0.000,0,-,-,-,-,4618.0000,4616.2000,4610.0000,4601.8000,4600.0000,4623.0000,4624.4000,4625.4000,4630.4000,4643.6000,1,1,8,1,10,1,1,2,3,1
SF,IF2106,2020-10-21 09:30:07.800,4598.4000,1649,0,0.000,0,-,-,-,-,4618.0000,4616.2000,4610.0000,4601.8000,4600.0000,4624.4000,4625.4000,4630.4000,4643.6000,4645.0000,1,1,8,1,10,1,2,3,1,5
SF,IF2106,2020-10-21 09:30:08.300,4598.4000,1649,0,0.000,0,-,-,-,-,4618.0000,4616.2000,4610.0000,4601.8000,4600.0000,4622.4000,4624.4000,4625.4000,4630.4000,4643.6000,1,1,8,1,10,1,1,2,3,1
SF,IF2106,2020-10-21 09:30:08.800,4598.4000,1649,0,0.000,0,-,-,-,-,4618.0000,4616.2000,4610.0000,4601.8000,4600.0000,4622.2000,4622.4000,4625.4000,4630.4000,4643.6000,1,1,8,1,10,1,1,1,3,1
SF,IF2106,2020-10-21 09:30:09.300,4598.4000,1649,0,0.000,0,-,-,-,-,4618.0000,4616.2000,4610.0000,4601.8000,4600.0000,4622.2000,4622.4000,4630.4000,4643.6000,4645.0000,1,1,8,1,10,1,1,3,1,5
SF,IF2106,2020-10-21 09:30:09.800,4598.4000,1649,0,0.000,0,-,-,-,-,4616.2000,4610.0000,4601.8000,4600.0000,4595.0000,4618.0000,4622.0000,4622.2000,4622.4000,4630.4000,1,8,1,10,2,1,1,1,1,3
SF,IF2106,2020-10-21 09:30:10.300,4618.0000,1649,0,1385400.000,1,0,1,多换,S,4610.0000,4601.8000,4600.0000,4595.0000,4580.0000,4622.0000,4622.2000,4622.4000,4630.4000,4643.6000,8,1,10,2,1,1,1,1,3,1
SF,IF2106,2020-10-21 09:30:10.800,4615.6000,1648,-1,2770080.000,1,0,1,双平,S,4613.4000,4612.4000,4610.0000,4601.8000,4600.0000,4620.0000,4620.2000,4622.0000,4622.4000,4630.4000,1,2,8,1,10,1,1,1,1,3
SF,IF2106,2020-10-21 09:30:11.300,4615.6000,1648,0,2770080.000,0,-,-,-,-,4612.4000,4610.0000,4601.8000,4600.0000,4595.0000,4619.8000,4620.0000,4620.2000,4622.4000,4630.4000,2,8,1,10,2,1,1,1,1,3
SF,IF2106,2020-10-21 09:30:11.800,4615.6000,1648,0,2770080.000,0,-,-,-,-,4613.4000,4612.4000,4610.0000,4601.8000,4600.0000,4619.8000,4620.0000,4620.2000,4622.4000,4630.4000,1,2,8,1,10,1,1,1,1,3
SF,IF2106,2020-10-21 09:30:12.300,4615.6000,1648,0,2770080.000,0,-,-,-,-,4612.4000,4610.0000,4601.8000,4600.0000,4595.0000,4617.8000,4619.8000,4620.2000,4622.4000,4630.4000,2,8,1,10,2,1,1,1,1,3
SF,IF2106,2020-10-21 09:30:12.800,4615.6000,1648,0,2770080.000,0,-,-,-,-,4612.4000,4610.0000,4601.8000,4600.0000,4595.0000,4617.6000,4617.8000,4618.8000,4622.4000,4643.6000,2,8,1,10,2,2,1,1,1,1
SF,IF2106,2020-10-21 09:30:13.300,4615.6000,1648,0,2770080.000,0,-,-,-,-,4610.0000,4601.8000,4600.0000,4595.0000,4580.0000,4617.6000,4617.8000,4618.8000,4622.4000,4643.6000,8,1,10,2,1,3,2,1,1,1
SF,IF2106,2020-10-21 09:30:13.800,4615.6000,1648,0,2770080.000,0,-,-,-,-,4611.2000,4610.0000,4601.8000,4600.0000,4595.0000,4616.8000,4617.0000,4617.6000,4617.8000,4643.6000,1,8,1,10,2,1,1,3,2,1
SF,IF2106,2020-10-21 09:30:14.300,4615.6000,1648,0,2770080.000,0,-,-,-,-,4610.0000,4605.0000,4601.8000,4600.0000,4595.0000,4616.6000,4616.8000,4617.0000,4617.6000,4617.8000,3,5,1,10,2,1,1,1,2,2
SF,IF2106,2020-10-21 09:30:14.800,4615.6000,1648,0,2770080.000,0,-,-,-,-,4611.2000,4610.0000,4605.0000,4601.8000,4600.0000,4616.6000,4616.8000,4617.0000,4617.6000,4617.8000,1,3,5,1,10,1,1,1,1,1
SF,IF2106,2020-10-21 09:30:15.300,4615.6000,1648,0,2770080.000,0,-,-,-,-,4611.2000,4610.0000,4605.0000,4601.8000,4600.0000,4616.6000,4617.0000,4617.6000,4617.8000,4619.8000,1,3,5,1,10,1,1,1,1,1
SF,IF2106,2020-10-21 09:30:15.800,4615.6000,1648,0,2770080.000,0,-,-,-,-,4611.2000,4610.0000,4605.0000,4601.8000,4600.0000,4616.2000,4616.6000,4617.0000,4617.6000,4617.8000,1,3,5,1,10,1,1,1,1,1
SF,IF2106,2020-10-21 09:30:16.300,4615.6000,1648,0,2770080.000,0,-,-,-,-,4611.2000,4610.0000,4605.0000,4601.8000,4600.0000,4615.6000,4616.0000,4616.2000,4617.0000,4617.6000,1,3,5,1,10,1,1,1,1,1
SF,IF2106,2020-10-21 09:30:16.800,4615.6000,1648,0,2770080.000,0,-,-,-,-,4610.0000,4605.0000,4601.8000,4600.0000,4595.0000,4615.4000,4615.6000,4616.2000,4617.0000,4617.6000,3,5,1,10,2,1,1,1,1,1
SF,IF2106,2020-10-21 09:30:17.300,4615.6000,1648,0,2770080.000,0,-,-,-,-,4610.0000,4605.0000,4601.8000,4600.0000,4595.0000,4614.8000,4615.4000,4616.2000,4617.6000,4621.6000,3,5,1,10,2,1,1,1,1,3
SF,IF2106,2020-10-21 09:30:17.800,4615.6000,1648,0,2770080.000,0,-,-,-,-,4610.0000,4605.0000,4601.8000,4600.0000,4595.0000,4614.6000,4614.8000,4617.6000,4621.6000,4645.0000,3,5,1,10,2,1,1,1,3,5
SF,IF2106,2020-10-21 09:30:18.300,4615.6000,1648,0,2770080.000,0,-,-,-,-,4610.0000,4605.0000,4601.8000,4600.0000,4595.0000,4614.2000,4614.6000,4614.8000,4621.6000,4645.0000,3,5,1,10,2,1,1,1,3,5
SF,IF2106,2020-10-21 09:30:18.800,4615.6000,1648,0,2770080.000,0,-,-,-,-,4610.0000,4605.0000,4601.8000,4600.0000,4595.0000,4614.0000,4614.8000,4621.6000,4645.0000,4655.0000,3,5,1,10,2,1,1,3,5,2
SF,IF2106,2020-10-21 09:30:19.300,4615.6000,1648,0,2770080.000,0,-,-,-,-,4610.0000,4605.0000,4604.4000,4601.8000,4600.0000,4614.0000,4614.8000,4621.6000,4645.0000,4655.0000,3,5,2,1,10,1,1,3,5,2
SF,IF2106,2020-10-21 09:30:20.300,4615.6000,1648,0,2770080.000,0,-,-,-,-,4610.0000,4604.4000,4601.8000,4600.0000,4595.0000,4614.0000,4614.8000,4621.6000,4645.0000,4655.0000,3,2,1,15,2,1,1,3,5,2
SF,IF2106,2020-10-21 09:30:21.300,4615.6000,1648,0,2770080.000,0,-,-,-,-,4610.0000,4604.4000,4601.8000,4600.0000,4595.0000,4614.0000,4621.6000,4645.0000,4655.0000,4671.2000,3,2,1,15,2,1,3,5,2,3
SF,IF2106,2020-10-21 09:30:21.800,4615.6000,1648,0,2770080.000,0,-,-,-,-,4610.0000,4604.4000,4601.8000,4600.0000,4595.0000,4613.4000,4614.0000,4621.6000,4645.0000,4655.0000,3,2,1,15,2,2,1,3,5,2
SF,IF2106,2020-10-21 09:30:22.300,4614.0000,1648,0,4154280.000,1,0,1,多换,S,4610.2000,4610.0000,4604.4000,4601.8000,4600.0000,4613.4000,4621.6000,4645.0000,4655.0000,4671.2000,1,3,2,1,15,1,3,5,2,3
SF,IF2106,2020-10-21 09:30:23.800,4613.4000,1647,-1,5538300.000,1,0,1,双平,S,4610.2000,4610.0000,4604.4000,4601.8000,4600.0000,4621.6000,4645.0000,4655.0000,4671.2000,4678.4000,1,3,2,1,15,3,5,2,3,1
SF,IF2106,2020-10-21 09:30:24.300,4613.4000,1647,0,5538300.000,0,-,-,-,-,4610.2000,4610.0000,4604.4000,4601.8000,4600.0000,4615.0000,4615.6000,4617.6000,4621.6000,4645.0000,2,3,2,1,15,1,1,1,3,5
SF,IF2106,2020-10-21 09:30:24.800,4613.4000,1647,0,5538300.000,0,-,-,-,-,4610.2000,4610.0000,4604.4000,4601.8000,4600.0000,4615.6000,4617.6000,4621.6000,4645.0000,4655.0000,2,3,2,1,15,1,1,3,5,2
SF,IF2106,2020-10-21 09:30:25.800,4613.4000,1647,0,5538300.000,0,-,-,-,-,4611.2000,4610.2000,4610.0000,4604.4000,4601.8000,4617.6000,4621.6000,4645.0000,4655.0000,4671.2000,1,2,3,2,1,1,3,5,2,3
SF,IF2106,2020-10-21 09:30:26.300,4613.4000,1647,0,5538300.000,0,-,-,-,-,4611.4000,4611.2000,4610.2000,4610.0000,4604.4000,4617.6000,4621.6000,4645.0000,4655.0000,4671.2000,1,1,1,3,2,2,3,5,2,3
SF,IF2106,2020-10-21 09:30:27.300,4613.4000,1647,0,5538300.000,0,-,-,-,-,4611.4000,4610.2000,4610.0000,4604.4000,4601.8000,4615.6000,4617.6000,4621.6000,4645.0000,4655.0000,1,1,3,2,1,1,2,3,5,2
SF,IF2106,2020-10-21 09:30:27.800,4613.4000,1647,0,5538300.000,0,-,-,-,-,4611.4000,4610.2000,4610.0000,4604.4000,4601.8000,4615.6000,4617.6000,4621.6000,4645.0000,4655.0000,1,1,3,2,1,1,2,3,5,2
SF,IF2106,2020-10-21 09:30:28.800,4613.4000,1647,0,5538300.000,0,-,-,-,-,4611.4000,4610.2000,4610.0000,4604.4000,4601.8000,4615.4000,4615.6000,4617.6000,4621.6000,4645.0000,1,1,3,2,1,1,1,2,3,5
SF,IF2106,2020-10-21 09:30:29.800,4613.4000,1647,0,5538300.000,0,-,-,-,-,4611.4000,4610.2000,4610.0000,4604.4000,4601.8000,4615.0000,4615.4000,4615.6000,4617.6000,4621.6000,1,1,3,2,1,1,1,1,1,3
SF,IF2106,2020-10-21 09:30:30.800,4613.4000,1647,0,5538300.000,0,-,-,-,-,4611.4000,4610.2000,4610.0000,4604.4000,4601.8000,4615.0000,4615.4000,4615.6000,4621.6000,4645.0000,1,1,3,2,1,2,1,1,3,5
SF,IF2106,2020-10-21 09:30:31.300,4613.4000,1647,0,5538300.000,0,-,-,-,-,4611.4000,4610.2000,4610.0000,4604.4000,4601.8000,4615.0000,4615.4000,4615.6000,4621.6000,4645.0000,1,1,3,2,1,1,1,1,3,5
SF,IF2106,2020-10-21 09:30:31.800,4613.4000,1647,0,5538300.000,0,-,-,-,-,4611.4000,4610.2000,4610.0000,4604.4000,4601.8000,4613.8000,4615.0000,4615.4000,4615.6000,4621.6000,1,1,3,2,1,1,2,1,1,3
SF,IF2106,2020-10-21 09:30:32.300,4613.4000,1647,0,5538300.000,0,-,-,-,-,4610.2000,4610.0000,4604.4000,4601.8000,4600.0000,4613.8000,4614.2000,4615.0000,4615.6000,4621.6000,1,3,2,1,15,1,1,2,1,3
SF,IF2106,2020-10-21 09:30:32.800,4613.4000,1647,0,5538300.000,0,-,-,-,-,4610.4000,4610.2000,4610.0000,4604.4000,4601.8000,4613.8000,4614.2000,4615.0000,4615.6000,4621.6000,1,1,3,2,1,1,1,2,1,3
SF,IF2106,2020-10-21 09:30:33.300,4610.4000,1646,-1,6921420.000,1,0,1,双平,S,4610.0000,4604.4000,4601.8000,4600.0000,4595.0000,4613.4000,4613.6000,4613.8000,4614.2000,4615.0000,3,2,1,15,2,1,1,1,1,2
SF,IF2106,2020-10-21 09:30:33.800,4610.4000,1646,0,6921420.000,0,-,-,-,-,4610.0000,4604.4000,4601.8000,4600.0000,4595.0000,4613.2000,4613.4000,4613.8000,4614.2000,4615.0000,3,2,1,15,2,1,1,1,1,2
SF,IF2106,2020-10-21 09:30:34.300,4610.0000,1646,0,9687420.000,2,1,1,多换,S,4610.0000,4604.4000,4601.8000,4600.0000,4595.0000,4612.4000,4612.8000,4613.2000,4613.4000,4613.8000,1,2,1,15,2,1,1,1,1,1
SF,IF2106,2020-10-21 09:30:34.800,4610.0000,1646,0,11070420.000,1,0,1,多换,S,4604.4000,4601.8000,4600.0000,4595.0000,4580.0000,4612.4000,4612.8000,4613.2000,4613.4000,4613.8000,2,1,15,2,1,2,1,1,1,1
SF,IF2106,2020-10-21 09:30:35.300,4610.0000,1646,0,11070420.000,0,-,-,-,-,4606.8000,4604.6000,4604.4000,4601.8000,4600.0000,4611.2000,4612.2000,4612.4000,4612.8000,4613.8000,1,3,2,1,15,1,1,2,1,1
SF,IF2106,2020-10-21 09:30:35.800,4610.0000,1646,0,11070420.000,0,-,-,-,-,4607.0000,4606.8000,4604.6000,4604.4000,4601.8000,4611.0000,4612.4000,4612.8000,4613.8000,4614.2000,1,1,2,2,1,1,2,1,1,1
SF,IF2106,2020-10-21 09:30:36.300,4610.0000,1646,0,11070420.000,0,-,-,-,-,4607.0000,4606.8000,4604.6000,4604.4000,4601.8000,4611.0000,4612.4000,4614.2000,4621.6000,4645.0000,1,1,2,2,1,1,2,1,3,5
SF,IF2106,2020-10-21 09:30:36.800,4610.0000,1646,0,11070420.000,0,-,-,-,-,4607.0000,4606.8000,4604.6000,4604.4000,4601.8000,4611.0000,4612.4000,4614.2000,4621.6000,4645.0000,1,1,2,2,1,1,2,1,3,5
SF,IF2106,2020-10-21 09:30:37.300,4610.0000,1646,0,11070420.000,0,-,-,-,-,4607.0000,4604.6000,4604.4000,4601.8000,4600.0000,4611.0000,4612.4000,4614.2000,4621.6000,4645.0000,1,2,2,1,15,1,2,1,3,5
SF,IF2106,2020-10-21 09:30:37.800,4610.0000,1646,0,11070420.000,0,-,-,-,-,4604.6000,4601.8000,4600.0000,4580.0000,4519.2000,4610.2000,4611.0000,4612.4000,4621.6000,4645.0000,2,3,15,1,1,1,1,2,3,5
SF,IF2106,2020-10-21 09:30:38.300,4610.0000,1646,0,11070420.000,0,-,-,-,-,4604.6000,4601.8000,4600.0000,4580.0000,4519.2000,4610.0000,4610.2000,4612.4000,4621.6000,4645.0000,2,3,15,1,1,1,1,2,3,5
SF,IF2106,2020-10-21 09:30:38.800,4610.0000,1646,0,11070420.000,0,-,-,-,-,4604.6000,4601.8000,4600.0000,4580.0000,4519.2000,4610.0000,4610.2000,4612.4000,4621.6000,4645.0000,3,3,15,1,1,1,1,2,3,5
SF,IF2106,2020-10-21 09:30:39.300,4610.0000,1646,0,11070420.000,0,-,-,-,-,4604.6000,4601.8000,4600.0000,4580.0000,4519.2000,4609.8000,4610.0000,4610.2000,4612.4000,4621.6000,1,3,15,1,1,1,2,1,1,3
SF,IF2106,2020-10-21 09:30:39.800,4610.0000,1646,0,11070420.000,0,-,-,-,-,4601.8000,4600.0000,4580.0000,4559.2000,4519.2000,4609.6000,4609.8000,4610.0000,4610.2000,4621.6000,3,15,1,6,1,1,2,1,1,3
SF,IF2106,2020-10-21 09:30:40.300,4610.0000,1646,0,11070420.000,0,-,-,-,-,4602.4000,4602.0000,4601.8000,4600.0000,4580.0000,4609.0000,4609.4000,4609.6000,4609.8000,4610.0000,1,2,3,15,1,1,1,1,2,1
SF,IF2106,2020-10-21 09:30:40.800,4610.0000,1646,0,11070420.000,0,-,-,-,-,4602.4000,4602.0000,4601.8000,4600.0000,4580.0000,4608.8000,4609.0000,4609.4000,4609.8000,4610.0000,1,2,3,15,1,1,1,1,2,1
SF,IF2106,2020-10-21 09:30:41.300,4610.0000,1646,0,11070420.000,0,-,-,-,-,4602.4000,4602.0000,4601.8000,4600.0000,4580.0000,4608.8000,4609.0000,4609.4000,4609.8000,4610.0000,1,2,1,15,1,1,1,1,2,1
SF,IF2106,2020-10-21 09:30:41.800,4610.0000,1646,0,11070420.000,0,-,-,-,-,4602.4000,4602.0000,4601.8000,4600.0000,4580.0000,4608.2000,4608.6000,4608.8000,4609.0000,4609.4000,1,2,1,15,1,1,2,2,1,1
SF,IF2106,2020-10-21 09:30:42.300,4610.0000,1646,0,11070420.000,0,-,-,-,-,4602.4000,4602.0000,4601.8000,4600.0000,4580.0000,4608.0000,4608.2000,4608.6000,4608.8000,4609.0000,1,2,1,15,1,1,1,1,1,1
SF,IF2106,2020-10-21 09:30:42.800,4610.0000,1646,0,11070420.000,0,-,-,-,-,4602.8000,4602.4000,4602.0000,4601.8000,4600.0000,4607.4000,4608.0000,4608.2000,4608.6000,4608.8000,1,1,2,1,15,1,1,1,1,1
SF,IF2106,2020-10-21 09:30:43.300,4610.0000,1646,0,11070420.000,0,-,-,-,-,4602.8000,4602.6000,4602.4000,4602.0000,4601.8000,4607.2000,4608.6000,4608.8000,4609.0000,4609.4000,1,1,1,2,1,1,1,1,1,1
SF,IF2106,2020-10-21 09:30:43.800,4610.0000,1646,0,11070420.000,0,-,-,-,-,4602.6000,4602.4000,4602.0000,4601.8000,4600.0000,4607.2000,4608.6000,4608.8000,4609.0000,4609.4000,1,1,2,1,15,1,1,1,1,1
SF,IF2106,2020-10-21 09:30:44.800,4610.0000,1646,0,11070420.000,0,-,-,-,-,4602.6000,4602.4000,4602.0000,4601.8000,4600.0000,4607.2000,4609.0000,4609.4000,4609.8000,4621.6000,1,1,2,1,15,1,1,1,2,3
SF,IF2106,2020-10-21 09:30:45.300,4610.0000,1646,0,11070420.000,0,-,-,-,-,4602.8000,4602.6000,4602.4000,4602.0000,4601.8000,4609.0000,4609.4000,4609.8000,4621.6000,4645.0000,1,1,1,2,1,1,1,2,3,5
SF,IF2106,2020-10-21 09:30:45.800,4610.0000,1646,0,11070420.000,0,-,-,-,-,4602.8000,4602.6000,4602.4000,4602.0000,4601.8000,4609.0000,4609.4000,4609.8000,4621.6000,4645.0000,2,1,1,2,1,2,1,2,3,5
SF,IF2106,2020-10-21 09:30:46.300,4610.0000,1646,0,11070420.000,0,-,-,-,-,4604.6000,4602.8000,4602.6000,4602.0000,4601.8000,4608.4000,4609.0000,4609.4000,4609.8000,4621.6000,1,2,1,2,1,1,1,1,1,3
SF,IF2106,2020-10-21 09:30:46.800,4610.0000,1646,0,11070420.000,0,-,-,-,-,4604.6000,4602.8000,4602.6000,4601.8000,4600.0000,4608.2000,4609.0000,4609.4000,4621.6000,4645.0000,3,1,1,1,15,1,1,1,3,5
SF,IF2106,2020-10-21 09:30:47.300,4610.0000,1646,0,11070420.000,0,-,-,-,-,4604.6000,4602.8000,4602.6000,4601.8000,4600.0000,4608.2000,4609.0000,4621.6000,4645.0000,4655.2000,3,1,1,1,15,1,1,3,5,6
SF,IF2106,2020-10-21 09:30:47.800,4610.0000,1646,0,11070420.000,0,-,-,-,-,4604.8000,4604.6000,4602.8000,4602.6000,4601.8000,4621.6000,4645.0000,4655.2000,4671.2000,4678.4000,1,3,1,1,1,3,5,6,3,1
SF,IF2106,2020-10-21 09:30:48.300,4610.0000,1646,0,11070420.000,0,-,-,-,-,4605.0000,4604.8000,4604.6000,4602.8000,4601.8000,4611.2000,4612.4000,4621.6000,4645.0000,4655.2000,1,1,3,1,1,1,2,3,5,6
SF,IF2106,2020-10-21 09:30:48.800,4610.0000,1646,0,11070420.000,0,-,-,-,-,4605.2000,4605.0000,4604.6000,4602.8000,4601.8000,4611.2000,4612.4000,4621.6000,4645.0000,4655.2000,1,1,3,1,1,1,2,3,5,6
SF,IF2106,2020-10-21 09:30:50.300,4610.0000,1646,0,11070420.000,0,-,-,-,-,4605.2000,4604.6000,4602.8000,4601.8000,4600.0000,4609.8000,4611.2000,4612.4000,4621.6000,4645.0000,1,3,1,1,15,1,1,1,3,5
SF,IF2106,2020-10-21 09:30:50.800,4610.0000,1646,0,11070420.000,0,-,-,-,-,4604.6000,4602.8000,4601.8000,4600.0000,4580.0000,4609.6000,4609.8000,4611.2000,4612.4000,4621.6000,1,1,1,15,1,1,2,1,1,3
SF,IF2106,2020-10-21 09:30:51.800,4610.0000,1646,0,11070420.000,0,-,-,-,-,4604.6000,4602.8000,4601.8000,4600.0000,4580.0000,4609.6000,4609.8000,4611.2000,4612.4000,4621.6000,3,1,1,15,1,1,1,1,1,3
SF,IF2106,2020-10-21 09:30:52.300,4610.0000,1646,0,11070420.000,0,-,-,-,-,4604.8000,4604.6000,4602.8000,4601.8000,4600.0000,4609.8000,4611.2000,4612.4000,4621.6000,4645.0000,1,3,1,1,15,1,1,1,3,5
SF,IF2106,2020-10-21 09:30:53.300,4610.0000,1646,0,11070420.000,0,-,-,-,-,4604.8000,4604.6000,4602.8000,4601.8000,4600.0000,4609.8000,4611.2000,4612.4000,4615.4000,4621.6000,1,2,1,1,15,2,1,1,1,3
SF,IF2106,2020-10-21 09:30:53.800,4610.0000,1646,0,11070420.000,0,-,-,-,-,4604.6000,4602.8000,4601.8000,4600.0000,4580.0000,4609.6000,4611.2000,4612.4000,4615.4000,4621.6000,2,1,1,15,1,1,1,1,1,3
SF,IF2106,2020-10-21 09:30:54.300,4610.0000,1646,0,11070420.000,0,-,-,-,-,4604.6000,4602.8000,4601.8000,4600.0000,4580.0000,4609.6000,4611.2000,4612.4000,4615.4000,4616.6000,2,1,1,15,1,1,1,1,1,3
SF,IF2106,2020-10-21 09:30:55.300,4610.0000,1646,0,11070420.000,0,-,-,-,-,4607.0000,4604.6000,4602.8000,4601.8000,4600.0000,4609.6000,4611.2000,4612.4000,4615.4000,4616.6000,1,3,1,1,15,1,1,1,1,3
SF,IF2106,2020-10-21 09:30:55.800,4610.0000,1646,0,11070420.000,0,-,-,-,-,4607.0000,4604.6000,4602.8000,4601.8000,4600.0000,4609.6000,4611.2000,4612.4000,4616.6000,4645.0000,1,3,1,1,15,1,1,1,3,5
SF,IF2106,2020-10-21 09:30:56.300,4610.0000,1646,0,11070420.000,0,-,-,-,-,4607.0000,4604.6000,4604.0000,4602.8000,4601.8000,4609.6000,4611.2000,4612.4000,4616.6000,4645.0000,1,3,1,1,1,1,1,1,3,5
SF,IF2106,2020-10-21 09:30:59.800,4610.0000,1646,0,11070420.000,0,-,-,-,-,4607.0000,4604.6000,4604.0000,4602.8000,4601.8000,4609.6000,4612.4000,4616.6000,4645.0000,4655.2000,1,3,1,1,1,1,1,3,5,6
SF,IF2106,2020-10-21 09:31:00.800,4610.0000,1646,0,11070420.000,0,-,-,-,-,4607.0000,4604.6000,4604.0000,4602.8000,4601.8000,4609.6000,4612.4000,4616.6000,4645.0000,4655.2000,1,2,1,1,1,1,1,3,5,6
SF,IF2106,2020-10-21 09:31:03.300,4607.0000,1646,0,12452520.000,1,0,1,多换,S,4604.0000,4602.8000,4601.8000,4600.0000,4580.0000,4609.6000,4616.6000,4645.0000,4655.2000,4678.4000,1,1,1,15,1,2,3,5,6,1
SF,IF2106,2020-10-21 09:31:03.800,4607.0000,1646,0,12452520.000,0,-,-,-,-,4604.2000,4604.0000,4602.8000,4601.8000,4600.0000,4609.4000,4609.6000,4616.6000,4645.0000,4655.2000,1,1,1,1,15,1,2,3,5,6
SF,IF2106,2020-10-21 09:31:04.300,4607.0000,1646,0,12452520.000,0,-,-,-,-,4604.2000,4604.0000,4602.8000,4601.8000,4600.0000,4609.0000,4609.2000,4609.4000,4609.6000,4616.6000,1,1,1,1,15,1,1,1,1,3
SF,IF2106,2020-10-21 09:31:04.800,4607.0000,1646,0,12452520.000,0,-,-,-,-,4604.6000,4604.2000,4604.0000,4601.8000,4600.0000,4608.6000,4608.8000,4609.6000,4645.0000,4655.2000,1,1,1,1,15,1,2,1,5,6
SF,IF2106,2020-10-21 09:31:05.300,4607.0000,1646,0,12452520.000,0,-,-,-,-,4604.8000,4604.6000,4601.8000,4600.0000,4580.0000,4608.4000,4645.0000,4655.2000,4678.4000,4698.0000,1,3,1,15,1,1,5,6,1,12
SF,IF2106,2020-10-21 09:31:05.800,4607.0000,1646,0,12452520.000,0,-,-,-,-,4604.8000,4604.6000,4601.8000,4600.0000,4580.0000,4608.4000,4611.0000,4645.0000,4655.2000,4678.4000,1,3,1,15,1,1,1,5,6,1
SF,IF2106,2020-10-21 09:31:06.300,4607.0000,1646,0,12452520.000,0,-,-,-,-,4604.8000,4604.6000,4601.8000,4600.0000,4599.2000,4608.4000,4611.0000,4645.0000,4655.2000,4678.4000,1,2,1,15,2,1,1,5,6,1
SF,IF2106,2020-10-21 09:31:07.300,4607.0000,1646,0,12452520.000,0,-,-,-,-,4604.8000,4604.6000,4601.8000,4600.0000,4599.2000,4608.4000,4611.0000,4645.0000,4655.2000,4678.4000,2,2,1,15,2,1,1,5,6,1
SF,IF2106,2020-10-21 09:31:08.300,4607.0000,1646,0,12452520.000,0,-,-,-,-,4604.8000,4604.6000,4601.8000,4600.0000,4599.2000,4608.4000,4611.0000,4645.0000,4655.2000,4678.4000,2,1,1,15,2,1,1,5,6,1
SF,IF2106,2020-10-21 09:31:09.800,4607.0000,1646,0,12452520.000,0,-,-,-,-,4604.8000,4601.8000,4600.0000,4599.2000,4580.0000,4607.0000,4608.4000,4611.0000,4645.0000,4655.2000,2,1,15,2,1,1,1,1,5,6
SF,IF2106,2020-10-21 09:31:11.300,4607.0000,1646,0,12452520.000,0,-,-,-,-,4604.8000,4601.8000,4600.0000,4599.2000,4580.0000,4607.0000,4608.4000,4611.0000,4645.0000,4655.2000,1,1,15,2,1,1,1,1,5,6
SF,IF2106,2020-10-21 09:31:14.300,4607.0000,1646,0,12452520.000,0,-,-,-,-,4604.8000,4601.8000,4600.0000,4599.2000,4580.0000,4607.0000,4608.4000,4615.0000,4645.0000,4655.2000,1,1,15,2,1,1,1,3,5,6
SF,IF2106,2020-10-21 09:31:14.800,4607.0000,1646,0,12452520.000,0,-,-,-,-,4604.8000,4601.8000,4600.0000,4599.2000,4580.0000,4607.0000,4615.0000,4645.0000,4655.2000,4678.4000,1,1,15,2,1,1,3,5,6,1
SF,IF2106,2020-10-21 09:31:15.300,4607.0000,1645,-1,13834620.000,1,0,1,双平,S,4604.8000,4601.8000,4600.0000,4599.2000,4580.0000,4615.0000,4645.0000,4655.2000,4678.4000,4698.0000,1,1,15,2,1,3,5,6,1,12
SF,IF2106,2020-10-21 09:31:15.800,4607.0000,1645,0,13834620.000,0,-,-,-,-,4604.8000,4601.8000,4600.0000,4599.2000,4580.0000,4609.8000,4611.2000,4614.8000,4615.0000,4645.0000,1,1,15,2,1,2,1,2,3,5
SF,IF2106,2020-10-21 09:31:16.300,4607.0000,1645,0,13834620.000,0,-,-,-,-,4604.8000,4601.8000,4600.0000,4599.2000,4580.0000,4609.6000,4609.8000,4611.2000,4615.0000,4645.0000,1,1,15,2,1,2,2,1,3,5
SF,IF2106,2020-10-21 09:31:16.800,4607.0000,1645,0,13834620.000,0,-,-,-,-,4601.8000,4600.0000,4599.2000,4580.0000,4559.2000,4609.0000,4609.6000,4609.8000,4615.0000,4645.0000,1,15,2,1,6,1,2,2,3,5
SF,IF2106,2020-10-21 09:31:17.300,4607.0000,1645,0,13834620.000,0,-,-,-,-,4602.4000,4602.0000,4601.8000,4600.0000,4599.2000,4608.8000,4609.0000,4609.8000,4615.0000,4645.0000,1,3,1,15,2,2,1,2,3,5
SF,IF2106,2020-10-21 09:31:17.800,4607.0000,1645,0,13834620.000,0,-,-,-,-,4602.6000,4602.4000,4602.0000,4601.8000,4600.0000,4608.8000,4609.8000,4615.0000,4645.0000,4655.2000,1,1,2,1,15,2,2,3,5,6
SF,IF2106,2020-10-21 09:31:18.300,4607.0000,1645,0,13834620.000,0,-,-,-,-,4605.0000,4602.8000,4602.6000,4602.4000,4602.0000,4608.8000,4609.8000,4615.0000,4645.0000,4655.2000,1,1,1,1,2,1,2,3,5,6
SF,IF2106,2020-10-21 09:31:18.800,4607.0000,1645,0,13834620.000,0,-,-,-,-,4605.2000,4605.0000,4602.6000,4602.4000,4602.0000,4608.8000,4609.8000,4615.0000,4645.0000,4655.2000,1,1,1,1,2,1,2,3,5,6
SF,IF2106,2020-10-21 09:31:19.800,4607.0000,1645,0,13834620.000,0,-,-,-,-,4605.2000,4605.0000,4602.6000,4602.4000,4602.0000,4608.6000,4608.8000,4609.8000,4615.0000,4645.0000,1,1,1,1,2,1,1,2,3,5
SF,IF2106,2020-10-21 09:31:20.300,4607.0000,1645,0,13834620.000,0,-,-,-,-,4605.2000,4605.0000,4602.6000,4602.4000,4602.0000,4608.2000,4608.4000,4608.6000,4609.8000,4615.0000,1,1,1,1,2,1,1,1,2,3
SF,IF2106,2020-10-21 09:31:20.800,4607.0000,1645,0,13834620.000,0,-,-,-,-,4605.2000,4605.0000,4602.6000,4602.4000,4602.0000,4608.0000,4608.2000,4608.6000,4609.8000,4615.0000,1,1,1,1,2,1,1,1,2,3
SF,IF2106,2020-10-21 09:31:21.300,4607.0000,1645,0,13834620.000,0,-,-,-,-,4605.2000,4605.0000,4602.6000,4602.4000,4602.0000,4608.0000,4608.6000,4609.8000,4615.0000,4645.0000,1,1,1,1,2,1,1,2,3,5
SF,IF2106,2020-10-21 09:31:21.800,4607.0000,1645,0,13834620.000,0,-,-,-,-,4602.6000,4602.4000,4602.0000,4601.8000,4600.0000,4608.0000,4608.6000,4609.8000,4615.0000,4645.0000,1,1,2,1,15,1,1,2,3,5
SF,IF2106,2020-10-21 09:31:22.300,4607.0000,1645,0,13834620.000,0,-,-,-,-,4602.6000,4602.4000,4602.0000,4601.8000,4600.0000,4607.8000,4608.0000,4608.6000,4609.8000,4615.0000,1,1,2,1,15,1,1,1,2,3
SF,IF2106,2020-10-21 09:31:22.800,4607.0000,1645,0,13834620.000,0,-,-,-,-,4602.6000,4602.4000,4602.0000,4601.8000,4600.0000,4607.6000,4607.8000,4608.6000,4609.8000,4615.0000,1,1,2,1,15,1,1,1,2,3
SF,IF2106,2020-10-21 09:31:23.300,4607.0000,1645,0,13834620.000,0,-,-,-,-,4602.6000,4602.4000,4602.0000,4601.8000,4600.0000,4607.4000,4607.6000,4608.6000,4609.8000,4615.0000,1,1,2,1,15,1,1,1,2,3
SF,IF2106,2020-10-21 09:31:23.800,4607.0000,1645,0,13834620.000,0,-,-,-,-,4602.6000,4602.4000,4602.0000,4601.8000,4600.0000,4607.2000,4607.4000,4608.6000,4609.8000,4615.0000,1,1,2,1,15,1,1,1,2,3
SF,IF2106,2020-10-21 09:31:24.300,4607.0000,1645,0,13834620.000,0,-,-,-,-,4602.6000,4602.4000,4602.0000,4601.8000,4600.0000,4607.0000,4607.2000,4608.6000,4609.8000,4615.0000,1,1,2,1,15,1,1,1,2,3
SF,IF2106,2020-10-21 09:31:26.300,4607.0000,1645,0,13834620.000,0,-,-,-,-,4602.8000,4602.6000,4602.4000,4602.0000,4601.8000,4607.0000,4607.2000,4608.6000,4609.8000,4615.0000,1,1,1,2,1,1,1,1,2,3
SF,IF2106,2020-10-21 09:31:26.800,4607.0000,1645,0,13834620.000,0,-,-,-,-,4603.0000,4602.8000,4602.4000,4602.0000,4601.8000,4606.8000,4607.0000,4608.6000,4609.8000,4615.0000,1,1,1,2,1,1,1,1,2,3
SF,IF2106,2020-10-21 09:31:27.300,4607.0000,1645,0,13834620.000,0,-,-,-,-,4603.0000,4602.8000,4602.4000,4602.0000,4601.8000,4606.6000,4606.8000,4608.6000,4609.8000,4615.0000,1,1,1,2,1,1,1,1,2,3
SF,IF2106,2020-10-21 09:31:29.800,4607.0000,1645,0,13834620.000,0,-,-,-,-,4603.2000,4603.0000,4602.8000,4602.4000,4602.0000,4606.6000,4606.8000,4608.6000,4609.8000,4615.0000,1,1,1,1,2,1,1,1,2,3
SF,IF2106,2020-10-21 09:31:30.300,4607.0000,1645,0,13834620.000,0,-,-,-,-,4603.4000,4603.2000,4602.8000,4602.4000,4602.0000,4606.4000,4606.6000,4608.6000,4609.8000,4615.0000,1,1,1,1,2,1,1,1,2,3
SF,IF2106,2020-10-21 09:31:30.800,4607.0000,1645,0,13834620.000,0,-,-,-,-,4603.6000,4603.4000,4602.8000,4602.4000,4602.0000,4606.2000,4606.4000,4608.6000,4609.8000,4615.0000,1,1,1,1,2,1,1,1,2,3
SF,IF2106,2020-10-21 09:31:31.300,4607.0000,1645,0,13834620.000,0,-,-,-,-,4603.4000,4602.8000,4602.4000,4602.0000,4601.8000,4606.2000,4606.4000,4608.6000,4609.8000,4615.0000,1,1,1,2,1,1,1,1,2,3
SF,IF2106,2020-10-21 09:31:33.300,4607.0000,1645,0,13834620.000,0,-,-,-,-,4603.6000,4603.4000,4602.8000,4602.4000,4602.0000,4606.2000,4606.4000,4608.6000,4609.8000,4615.0000,1,1,1,1,2,1,1,1,2,3
SF,IF2106,2020-10-21 09:31:33.800,4607.0000,1645,0,13834620.000,0,-,-,-,-,4603.8000,4602.8000,4602.4000,4602.0000,4601.8000,4606.4000,4608.6000,4609.8000,4615.0000,4645.0000,2,1,1,2,1,1,1,2,3,5
SF,IF2106,2020-10-21 09:31:36.300,4607.0000,1645,0,13834620.000,0,-,-,-,-,4603.8000,4602.8000,4602.4000,4602.0000,4601.8000,4606.4000,4608.6000,4609.8000,4615.0000,4645.0000,1,1,1,2,1,1,1,2,3,5
SF,IF2106,2020-10-21 09:31:36.800,4607.0000,1645,0,13834620.000,0,-,-,-,-,4602.8000,4602.4000,4602.0000,4601.8000,4600.0000,4606.4000,4608.6000,4609.8000,4615.0000,4645.0000,1,1,2,1,15,1,1,2,3,5
SF,IF2106,2020-10-21 09:31:37.300,4607.0000,1645,0,13834620.000,0,-,-,-,-,4603.0000,4602.8000,4602.4000,4602.0000,4601.8000,4606.4000,4608.6000,4609.8000,4615.0000,4645.0000,3,1,1,2,1,1,1,2,3,5
SF,IF2106,2020-10-21 09:31:39.800,4607.0000,1645,0,13834620.000,0,-,-,-,-,4603.0000,4602.8000,4602.4000,4602.0000,4601.8000,4606.4000,4608.6000,4609.8000,4615.0000,4645.0000,3,1,1,2,1,1,1,2,3,5
SF,IF2106,2020-10-21 09:31:40.300,4607.0000,1645,0,13834620.000,0,-,-,-,-,4603.0000,4602.8000,4602.4000,4602.0000,4601.8000,4606.4000,4608.6000,4609.8000,4615.0000,4645.0000,2,1,1,1,1,1,1,1,3,5
SF,IF2106,2020-10-21 09:31:40.800,4607.0000,1645,0,13834620.000,0,-,-,-,-,4603.0000,4601.8000,4600.0000,4599.2000,4580.0000,4606.4000,4608.6000,4609.8000,4615.0000,4645.0000,1,1,15,2,1,1,1,1,3,5
SF,IF2106,2020-10-21 09:31:41.300,4607.0000,1645,0,13834620.000,0,-,-,-,-,4601.8000,4600.0000,4599.2000,4580.0000,4559.2000,4606.2000,4606.4000,4608.6000,4615.0000,4645.0000,1,15,2,1,6,1,1,1,3,5
SF,IF2106,2020-10-21 09:31:41.800,4607.0000,1645,0,13834620.000,0,-,-,-,-,4602.0000,4601.8000,4600.0000,4599.2000,4580.0000,4606.0000,4606.2000,4608.6000,4615.0000,4645.0000,2,1,15,2,1,1,1,1,3,5
SF,IF2106,2020-10-21 09:31:42.300,4607.0000,1645,0,13834620.000,0,-,-,-,-,4602.0000,4601.8000,4600.0000,4599.2000,4580.0000,4605.8000,4606.0000,4608.6000,4615.0000,4645.0000,2,1,15,2,1,1,1,1,3,5
SF,IF2106,2020-10-21 09:31:42.800,4607.0000,1645,0,13834620.000,0,-,-,-,-,4602.0000,4601.8000,4600.0000,4599.2000,4580.0000,4605.6000,4605.8000,4608.6000,4615.0000,4645.0000,2,1,15,2,1,1,1,1,3,5
SF,IF2106,2020-10-21 09:31:43.300,4607.0000,1645,0,13834620.000,0,-,-,-,-,4602.4000,4602.0000,4601.8000,4600.0000,4599.2000,4605.4000,4605.6000,4608.6000,4615.0000,4645.0000,1,2,1,15,2,1,1,1,3,5
SF,IF2106,2020-10-21 09:31:43.800,4607.0000,1645,0,13834620.000,0,-,-,-,-,4602.6000,4602.4000,4602.0000,4601.8000,4600.0000,4605.4000,4608.6000,4615.0000,4645.0000,4655.2000,1,1,1,1,15,1,1,3,5,6
SF,IF2106,2020-10-21 09:31:44.300,4607.0000,1645,0,13834620.000,0,-,-,-,-,4602.6000,4602.4000,4602.0000,4601.8000,4600.0000,4605.4000,4608.6000,4615.0000,4645.0000,4655.2000,1,1,1,1,15,1,1,3,5,6
SF,IF2106,2020-10-21 09:31:44.800,4607.0000,1645,0,13834620.000,0,-,-,-,-,4602.6000,4602.4000,4602.2000,4602.0000,4601.8000,4605.4000,4608.6000,4615.0000,4645.0000,4655.2000,1,1,1,1,1,1,1,3,5,6
SF,IF2106,2020-10-21 09:31:48.300,4607.0000,1645,0,13834620.000,0,-,-,-,-,4602.6000,4602.4000,4602.2000,4602.0000,4601.8000,4605.4000,4608.6000,4615.0000,4645.0000,4655.2000,1,1,1,1,1,1,1,3,5,6
SF,IF2106,2020-10-21 09:31:49.300,4607.0000,1645,0,13834620.000,0,-,-,-,-,4602.6000,4602.2000,4601.8000,4600.0000,4595.6000,4605.4000,4608.6000,4615.0000,4645.0000,4655.2000,1,1,1,10,2,1,1,3,5,6
SF,IF2106,2020-10-21 09:31:49.800,4602.6000,1645,0,15215400.000,1,0,1,多换,S,4602.2000,4601.8000,4600.0000,4595.6000,4595.0000,4605.4000,4608.6000,4615.0000,4645.0000,4655.2000,1,1,10,2,5,1,1,3,5,6
SF,IF2106,2020-10-21 09:31:50.300,4602.6000,1645,0,15215400.000,0,-,-,-,-,4602.2000,4601.8000,4600.0000,4595.6000,4595.0000,4605.2000,4605.4000,4608.6000,4615.0000,4645.0000,1,1,10,2,5,1,1,1,3,5
SF,IF2106,2020-10-21 09:31:50.800,4602.6000,1645,0,15215400.000,0,-,-,-,-,4602.4000,4602.2000,4601.8000,4600.0000,4595.6000,4605.2000,4608.6000,4615.0000,4645.0000,4655.2000,1,1,1,10,2,1,1,3,5,6
SF,IF2106,2020-10-21 09:31:52.300,4602.6000,1645,0,15215400.000,0,-,-,-,-,4602.4000,4602.2000,4601.8000,4600.0000,4595.6000,4605.2000,4608.6000,4615.0000,4645.0000,4655.2000,1,1,1,10,2,1,1,3,5,6
SF,IF2106,2020-10-21 09:31:52.800,4602.6000,1645,0,15215400.000,0,-,-,-,-,4602.2000,4601.8000,4600.0000,4595.6000,4595.0000,4605.2000,4608.6000,4615.0000,4645.0000,4655.2000,1,1,10,2,5,1,1,3,5,6
SF,IF2106,2020-10-21 09:31:53.300,4602.6000,1645,0,15215400.000,0,-,-,-,-,4601.8000,4600.0000,4595.6000,4595.0000,4580.0000,4604.6000,4605.0000,4605.2000,4608.6000,4615.0000,1,10,2,5,1,1,1,1,1,3
SF,IF2106,2020-10-21 09:31:53.800,4602.6000,1645,0,15215400.000,0,-,-,-,-,4601.8000,4600.0000,4595.6000,4595.0000,4580.0000,4604.4000,4604.6000,4605.0000,4608.6000,4615.0000,1,10,2,5,1,1,1,1,1,3
SF,IF2106,2020-10-21 09:31:54.800,4602.6000,1645,0,15215400.000,0,-,-,-,-,4601.8000,4600.0000,4595.0000,4580.0000,4559.2000,4604.4000,4604.6000,4605.0000,4608.6000,4615.0000,1,10,5,1,6,1,1,1,1,3
SF,IF2106,2020-10-21 09:31:55.800,4602.6000,1645,0,15215400.000,0,-,-,-,-,4601.8000,4600.0000,4595.0000,4580.0000,4559.2000,4604.0000,4604.4000,4604.6000,4605.0000,4615.0000,1,10,5,1,6,1,1,1,1,3
SF,IF2106,2020-10-21 09:31:56.300,4601.8000,1645,0,16595940.000,1,0,1,多换,S,4600.0000,4595.0000,4580.0000,4559.2000,4519.2000,4605.0000,4615.0000,4645.0000,4655.2000,4678.4000,10,5,1,6,1,1,3,5,6,1
SF,IF2106,2020-10-21 09:31:56.800,4601.8000,1645,0,16595940.000,0,-,-,-,-,4600.2000,4600.0000,4595.0000,4580.0000,4559.2000,4604.6000,4604.8000,4605.0000,4615.0000,4645.0000,2,10,5,1,6,1,1,1,3,5
SF,IF2106,2020-10-21 09:31:57.300,4601.8000,1645,0,16595940.000,0,-,-,-,-,4600.0000,4595.0000,4580.0000,4559.2000,4519.2000,4604.4000,4604.6000,4615.0000,4645.0000,4655.2000,10,5,1,6,1,2,2,3,5,6
SF,IF2106,2020-10-21 09:31:57.800,4601.8000,1645,0,16595940.000,0,-,-,-,-,4600.0000,4595.0000,4580.0000,4559.2000,4519.2000,4604.0000,4604.4000,4604.6000,4615.0000,4645.0000,10,5,1,6,1,1,2,2,3,5
SF,IF2106,2020-10-21 09:31:58.300,4600.0000,1645,0,17975940.000,1,0,1,多换,S,4600.0000,4595.0000,4580.0000,4559.2000,4519.2000,4603.8000,4604.0000,4604.6000,4615.0000,4645.0000,9,5,1,6,1,1,1,2,3,5
SF,IF2106,2020-10-21 09:31:58.800,4600.0000,1645,0,17975940.000,0,-,-,-,-,4600.0000,4590.0000,4580.0000,4559.2000,4519.2000,4603.6000,4603.8000,4604.0000,4604.6000,4615.0000,9,5,1,6,1,1,1,1,2,3
SF,IF2106,2020-10-21 09:31:59.300,4600.0000,1645,0,19355940.000,1,0,1,多换,S,4600.0000,4590.0000,4580.0000,4559.2000,4519.2000,4602.4000,4603.4000,4604.0000,4604.6000,4615.0000,8,5,1,6,1,1,1,1,1,3
SF,IF2106,2020-10-21 09:31:59.800,4600.0000,1645,0,19355940.000,0,-,-,-,-,4600.0000,4590.0000,4580.0000,4559.2000,4519.2000,4602.2000,4602.4000,4603.4000,4604.0000,4604.6000,8,5,1,6,1,1,1,1,1,1
SF,IF2106,2020-10-21 09:32:00.300,4600.0000,1645,0,19355940.000,0,-,-,-,-,4600.0000,4590.0000,4580.0000,4559.2000,4519.2000,4602.0000,4602.2000,4602.4000,4603.4000,4604.0000,8,5,1,6,1,1,1,1,1,1
SF,IF2106,2020-10-21 09:32:00.800,4600.0000,1645,0,24875940.000,4,2,2,多换,S,4600.0000,4590.0000,4580.0000,4559.2000,4519.2000,4601.8000,4602.0000,4602.4000,4603.4000,4604.0000,4,5,1,6,1,1,2,1,1,1
SF,IF2106,2020-10-21 09:32:01.300,4600.0000,1645,0,30395940.000,4,2,2,多换,S,4590.0000,4580.0000,4559.2000,4519.2000,4516.6000,4602.0000,4602.4000,4603.4000,4604.0000,4615.0000,5,1,6,1,1,2,1,1,1,3
SF,IF2106,2020-10-21 09:32:01.800,4600.0000,1645,0,30395940.000,0,-,-,-,-,4595.8000,4594.2000,4590.2000,4590.0000,4580.0000,4601.8000,4602.0000,4602.4000,4604.0000,4615.0000,1,2,1,5,1,2,2,1,1,3
SF,IF2106,2020-10-21 09:32:02.300,4600.0000,1645,0,30395940.000,0,-,-,-,-,4596.0000,4594.2000,4590.0000,4580.0000,4559.2000,4599.2000,4600.2000,4601.2000,4601.6000,4601.8000,1,1,5,1,6,1,1,1,1,2
SF,IF2106,2020-10-21 09:32:02.800,4600.0000,1645,0,30395940.000,0,-,-,-,-,4596.0000,4590.0000,4580.0000,4559.2000,4519.2000,4599.0000,4599.2000,4600.2000,4601.2000,4601.6000,1,5,1,6,1,1,1,1,1,1
SF,IF2106,2020-10-21 09:32:03.800,4600.0000,1645,0,30395940.000,0,-,-,-,-,4596.0000,4590.0000,4580.0000,4559.2000,4519.2000,4599.0000,4600.2000,4601.2000,4601.6000,4601.8000,1,5,1,6,1,1,1,1,1,1
SF,IF2106,2020-10-21 09:32:04.300,4600.0000,1645,0,30395940.000,0,-,-,-,-,4596.0000,4590.0000,4580.0000,4559.2000,4519.2000,4599.0000,4600.2000,4601.2000,4601.6000,4615.0000,1,5,1,6,1,1,1,1,1,3
SF,IF2106,2020-10-21 09:32:04.800,4599.0000,1645,0,31775640.000,1,0,1,多换,S,4596.2000,4590.0000,4580.0000,4559.2000,4519.2000,4600.2000,4601.2000,4615.0000,4645.0000,4655.2000,1,5,1,6,1,1,1,3,5,6
SF,IF2106,2020-10-21 09:32:05.300,4599.0000,1645,0,31775640.000,0,-,-,-,-,4596.4000,4596.2000,4590.0000,4580.0000,4559.2000,4601.2000,4615.0000,4645.0000,4655.2000,4678.4000,1,1,5,1,6,1,3,5,6,1
SF,IF2106,2020-10-21 09:32:05.800,4599.0000,1645,0,31775640.000,0,-,-,-,-,4596.6000,4596.4000,4590.0000,4580.0000,4559.2000,4600.2000,4601.2000,4615.0000,4645.0000,4655.2000,1,1,5,1,6,1,1,3,5,6
SF,IF2106,2020-10-21 09:32:06.300,4599.0000,1645,0,31775640.000,0,-,-,-,-,4596.8000,4596.6000,4590.0000,4580.0000,4559.2000,4600.2000,4601.2000,4615.0000,4645.0000,4655.2000,1,1,5,1,6,1,1,3,5,6
SF,IF2106,2020-10-21 09:32:06.800,4599.0000,1645,0,31775640.000,0,-,-,-,-,4597.0000,4596.8000,4590.0000,4580.0000,4559.2000,4599.4000,4600.2000,4615.0000,4645.0000,4655.2000,1,1,5,1,6,1,1,3,5,6
SF,IF2106,2020-10-21 09:32:07.300,4599.0000,1645,0,31775640.000,0,-,-,-,-,4597.2000,4590.0000,4580.0000,4559.2000,4519.2000,4600.2000,4615.0000,4645.0000,4655.2000,4678.4000,1,5,1,6,1,1,3,5,6,1
SF,IF2106,2020-10-21 09:32:07.800,4599.0000,1645,0,31775640.000,0,-,-,-,-,4597.4000,4597.2000,4590.0000,4580.0000,4559.2000,4600.2000,4615.0000,4645.0000,4655.2000,4678.4000,1,1,5,1,6,1,3,5,6,1
SF,IF2106,2020-10-21 09:32:08.300,4599.0000,1645,0,31775640.000,0,-,-,-,-,4597.6000,4597.4000,4594.4000,4590.0000,4580.0000,4600.2000,4615.0000,4645.0000,4655.2000,4678.4000,1,1,1,5,1,1,3,5,6,1
SF,IF2106,2020-10-21 09:32:09.300,4599.0000,1645,0,31775640.000,0,-,-,-,-,4597.6000,4597.4000,4594.4000,4590.0000,4580.0000,4600.0000,4600.2000,4615.0000,4645.0000,4655.2000,1,1,1,5,1,1,1,3,5,6
SF,IF2106,2020-10-21 09:32:09.800,4600.0000,1644,-1,33155640.000,1,0,1,双平,S,4597.4000,4594.4000,4590.0000,4580.0000,4559.2000,4600.2000,4615.0000,4645.0000,4655.2000,4678.4000,1,1,5,1,6,1,3,5,6,1
SF,IF2106,2020-10-21 09:32:10.300,4600.0000,1644,0,33155640.000,0,-,-,-,-,4597.6000,4597.4000,4594.4000,4590.0000,4580.0000,4600.0000,4600.2000,4615.0000,4645.0000,4655.2000,1,1,1,5,1,1,1,3,5,6
SF,IF2106,2020-10-21 09:32:11.300,4600.0000,1644,0,33155640.000,0,-,-,-,-,4597.6000,4597.4000,4590.0000,4580.0000,4559.2000,4600.0000,4600.2000,4615.0000,4645.0000,4655.2000,1,1,5,1,6,1,1,3,5,6
SF,IF2106,2020-10-21 09:32:12.800,4600.0000,1644,0,33155640.000,0,-,-,-,-,4597.6000,4597.4000,4590.0000,4580.0000,4559.2000,4600.2000,4615.0000,4645.0000,4655.2000,4678.4000,1,1,5,1,6,1,3,5,6,1
SF,IF2106,2020-10-21 09:32:13.300,4600.2000,1643,-1,34535700.000,1,0,1,双平,S,4598.0000,4597.4000,4590.0000,4580.0000,4559.2000,4615.0000,4645.0000,4655.2000,4678.4000,4698.0000,1,1,5,1,6,3,5,6,1,12
SF,IF2106,2020-10-21 09:32:13.800,4600.2000,1643,0,34535700.000,0,-,-,-,-,4598.2000,4598.0000,4590.0000,4580.0000,4559.2000,4602.0000,4614.8000,4615.0000,4645.0000,4655.2000,2,1,5,1,6,2,2,3,5,6
SF,IF2106,2020-10-21 09:32:14.300,4600.2000,1643,0,34535700.000,0,-,-,-,-,4598.2000,4598.0000,4590.0000,4580.0000,4559.2000,4602.0000,4614.8000,4615.0000,4620.0000,4655.2000,2,1,5,1,6,2,2,3,5,6
SF,IF2106,2020-10-21 09:32:14.800,4600.2000,1643,0,34535700.000,0,-,-,-,-,4598.2000,4598.0000,4590.0000,4580.0000,4559.2000,4602.0000,4614.8000,4615.0000,4625.0000,4655.2000,2,1,5,1,6,1,2,3,5,6
SF,IF2106,2020-10-21 09:32:15.300,4600.2000,1643,0,34535700.000,0,-,-,-,-,4600.2000,4598.2000,4590.0000,4580.0000,4559.2000,4614.8000,4615.0000,4625.0000,4655.2000,4678.4000,1,2,5,1,6,2,3,5,6,1
SF,IF2106,2020-10-21 09:32:15.800,4600.2000,1643,0,34535700.000,0,-,-,-,-,4600.4000,4590.0000,4580.0000,4559.2000,4519.2000,4604.6000,4609.8000,4614.4000,4614.8000,4615.0000,2,5,1,6,1,2,1,1,2,3
SF,IF2106,2020-10-21 09:32:16.300,4600.2000,1643,0,34535700.000,0,-,-,-,-,4600.4000,4590.0000,4580.0000,4559.2000,4519.2000,4602.0000,4604.4000,4604.8000,4605.2000,4609.8000,1,5,1,6,1,2,1,1,1,1
SF,IF2106,2020-10-21 09:32:16.800,4600.2000,1643,0,34535700.000,0,-,-,-,-,4590.0000,4580.0000,4559.2000,4519.2000,4516.6000,4601.8000,4602.0000,4605.2000,4609.8000,4614.8000,5,1,6,1,1,1,2,1,1,1
SF,IF2106,2020-10-21 09:32:17.300,4600.2000,1643,0,34535700.000,0,-,-,-,-,4598.0000,4594.2000,4590.6000,4590.2000,4590.0000,4601.8000,4602.0000,4603.6000,4605.2000,4609.8000,1,2,1,2,5,1,1,1,1,1
SF,IF2106,2020-10-21 09:32:17.800,4600.2000,1643,0,34535700.000,0,-,-,-,-,4598.2000,4598.0000,4594.2000,4590.6000,4590.0000,4602.0000,4603.6000,4605.2000,4609.8000,4614.8000,2,1,2,1,5,1,1,1,1,1
SF,IF2106,2020-10-21 09:32:18.800,4600.2000,1643,0,34535700.000,0,-,-,-,-,4598.2000,4598.0000,4594.2000,4590.6000,4590.0000,4602.0000,4603.6000,4605.2000,4609.8000,4614.8000,2,1,2,1,5,2,1,1,1,1
SF,IF2106,2020-10-21 09:32:19.300,4600.2000,1643,0,34535700.000,0,-,-,-,-,4598.2000,4598.0000,4594.2000,4590.6000,4590.0000,4602.0000,4603.6000,4605.2000,4609.8000,4614.8000,2,1,1,1,5,1,1,1,1,1
SF,IF2106,2020-10-21 09:32:19.800,4600.2000,1643,0,34535700.000,0,-,-,-,-,4598.2000,4598.0000,4594.2000,4590.6000,4590.0000,4602.0000,4603.6000,4605.2000,4609.8000,4614.8000,2,1,1,1,5,2,1,1,1,1
SF,IF2106,2020-10-21 09:32:20.300,4600.2000,1643,0,34535700.000,0,-,-,-,-,4598.2000,4598.0000,4594.2000,4590.6000,4590.0000,4603.6000,4605.2000,4609.8000,4614.8000,4625.0000,2,1,1,1,5,1,1,1,1,5
SF,IF2106,2020-10-21 09:32:20.800,4600.2000,1643,0,34535700.000,0,-,-,-,-,4598.2000,4598.0000,4594.2000,4590.6000,4590.0000,4602.0000,4603.4000,4603.6000,4605.2000,4609.8000,2,1,1,1,5,1,1,1,1,1
SF,IF2106,2020-10-21 09:32:21.300,4600.2000,1643,0,34535700.000,0,-,-,-,-,4598.2000,4598.0000,4590.6000,4590.0000,4587.2000,4603.4000,4603.6000,4605.2000,4609.8000,4614.8000,2,1,1,5,1,1,1,1,1,1
SF,IF2106,2020-10-21 09:32:21.800,4600.2000,1643,0,34535700.000,0,-,-,-,-,4600.2000,4598.2000,4590.0000,4587.2000,4580.0000,4605.2000,4609.8000,4614.8000,4625.0000,4655.2000,1,2,5,1,1,1,1,1,5,6
SF,IF2106,2020-10-21 09:32:22.300,4600.2000,1643,0,34535700.000,0,-,-,-,-,4600.4000,4600.2000,4590.0000,4587.2000,4580.0000,4604.6000,4605.0000,4605.2000,4614.8000,4625.0000,2,2,5,1,1,2,1,1,1,5
SF,IF2106,2020-10-21 09:32:22.800,4600.2000,1643,0,34535700.000,0,-,-,-,-,4600.4000,4600.2000,4590.0000,4587.2000,4580.0000,4604.4000,4604.6000,4605.2000,4614.8000,4625.0000,2,2,5,1,1,1,1,1,1,5
SF,IF2106,2020-10-21 09:32:25.300,4600.2000,1643,0,34535700.000,0,-,-,-,-,4600.4000,4600.2000,4590.0000,4587.2000,4580.0000,4603.6000,4604.4000,4604.6000,4605.2000,4614.8000,2,2,5,1,1,1,1,1,1,1
SF,IF2106,2020-10-21 09:32:25.800,4600.2000,1643,0,34535700.000,0,-,-,-,-,4600.4000,4600.2000,4590.0000,4587.2000,4580.0000,4603.4000,4603.6000,4604.6000,4605.2000,4614.8000,1,2,5,1,1,1,1,1,1,1
SF,IF2106,2020-10-21 09:32:26.300,4600.2000,1643,0,34535700.000,0,-,-,-,-,4600.4000,4600.2000,4590.0000,4587.2000,4580.0000,4603.4000,4603.6000,4604.6000,4605.2000,4614.4000,1,2,5,1,1,1,1,1,1,12
SF,IF2106,2020-10-21 09:32:27.300,4600.2000,1643,0,34535700.000,0,-,-,-,-,4600.4000,4600.2000,4590.0000,4587.2000,4580.0000,4603.4000,4604.6000,4605.2000,4614.4000,4614.8000,1,2,5,1,1,1,1,1,12,1
SF,IF2106,2020-10-21 09:32:28.800,4603.4000,1643,0,35916720.000,1,0,1,多换,S,4600.4000,4600.2000,4590.0000,4587.2000,4580.0000,4604.6000,4605.2000,4614.4000,4614.8000,4625.0000,1,2,5,1,1,1,1,12,1,5
SF,IF2106,2020-10-21 09:32:29.300,4603.4000,1643,0,35916720.000,0,-,-,-,-,4600.6000,4600.4000,4600.2000,4590.0000,4587.2000,4604.4000,4604.6000,4605.2000,4614.4000,4614.8000,1,1,2,5,1,2,2,1,12,1
SF,IF2106,2020-10-21 09:32:29.800,4603.4000,1643,0,35916720.000,0,-,-,-,-,4600.8000,4600.6000,4600.2000,4590.0000,4587.2000,4603.6000,4604.4000,4604.6000,4614.4000,4614.8000,1,1,2,5,1,1,2,2,12,1
SF,IF2106,2020-10-21 09:32:30.300,4603.4000,1643,0,35916720.000,0,-,-,-,-,4601.0000,4600.8000,4600.2000,4590.0000,4587.2000,4603.6000,4604.4000,4604.6000,4614.4000,4614.8000,1,1,2,5,1,1,2,2,12,1
SF,IF2106,2020-10-21 09:32:31.300,4603.4000,1643,0,35916720.000,0,-,-,-,-,4601.0000,4600.8000,4600.2000,4590.0000,4587.2000,4603.4000,4603.6000,4604.4000,4604.6000,4614.4000,1,1,2,5,1,1,1,1,2,12
SF,IF2106,2020-10-21 09:32:32.300,4603.4000,1643,0,35916720.000,0,-,-,-,-,4601.0000,4600.8000,4600.2000,4590.0000,4587.2000,4603.0000,4603.4000,4604.4000,4604.6000,4614.4000,1,1,2,5,1,1,1,1,2,12
SF,IF2106,2020-10-21 09:32:32.800,4603.4000,1643,0,35916720.000,0,-,-,-,-,4600.2000,4590.0000,4587.2000,4580.0000,4559.2000,4602.8000,4603.0000,4603.4000,4604.6000,4614.4000,1,5,1,1,6,1,1,1,2,12
SF,IF2106,2020-10-21 09:32:33.300,4603.4000,1643,0,35916720.000,0,-,-,-,-,4600.4000,4600.2000,4590.0000,4587.2000,4580.0000,4603.0000,4604.6000,4614.4000,4614.8000,4625.0000,1,1,5,1,1,1,2,12,1,5
SF,IF2106,2020-10-21 09:32:33.800,4603.4000,1643,0,35916720.000,0,-,-,-,-,4600.4000,4600.2000,4590.0000,4587.2000,4580.0000,4602.4000,4603.0000,4604.6000,4614.4000,4614.8000,1,1,5,1,1,1,2,2,12,1
SF,IF2106,2020-10-21 09:32:34.300,4603.4000,1643,0,35916720.000,0,-,-,-,-,4590.0000,4587.2000,4580.0000,4559.2000,4519.2000,4602.4000,4603.0000,4604.6000,4614.4000,4614.8000,5,1,1,6,1,1,2,2,12,1
SF,IF2106,2020-10-21 09:32:34.800,4603.4000,1643,0,35916720.000,0,-,-,-,-,4600.2000,4596.8000,4592.6000,4590.2000,4590.0000,4602.4000,4603.0000,4604.6000,4614.4000,4614.8000,1,2,1,2,5,1,2,2,12,1
SF,IF2106,2020-10-21 09:32:35.300,4603.4000,1643,0,35916720.000,0,-,-,-,-,4596.8000,4592.6000,4590.2000,4590.0000,4587.2000,4602.0000,4602.4000,4603.0000,4604.6000,4614.4000,2,1,2,5,1,1,1,1,2,12
SF,IF2106,2020-10-21 09:32:35.800,4603.4000,1643,0,35916720.000,0,-,-,-,-,4598.0000,4597.0000,4596.8000,4592.6000,4590.0000,4602.0000,4602.4000,4604.6000,4614.4000,4614.8000,1,2,2,1,5,1,1,2,12,1
SF,IF2106,2020-10-21 09:32:36.300,4603.4000,1643,0,35916720.000,0,-,-,-,-,4598.2000,4598.0000,4596.8000,4592.6000,4590.0000,4602.0000,4602.4000,4604.6000,4614.4000,4614.8000,2,1,2,1,5,1,1,2,12,1
SF,IF2106,2020-10-21 09:32:36.800,4603.4000,1643,0,35916720.000,0,-,-,-,-,4598.2000,4598.0000,4596.8000,4592.6000,4590.0000,4602.0000,4604.6000,4614.4000,4614.8000,4625.0000,2,1,2,1,5,1,2,12,1,5
SF,IF2106,2020-10-21 09:32:37.800,4603.4000,1643,0,35916720.000,0,-,-,-,-,4598.2000,4598.0000,4590.0000,4587.2000,4580.0000,4601.2000,4601.8000,4602.0000,4604.6000,4614.4000,2,1,5,1,1,1,1,2,1,12
SF,IF2106,2020-10-21 09:32:38.800,4603.4000,1643,0,35916720.000,0,-,-,-,-,4598.2000,4598.0000,4590.0000,4587.2000,4580.0000,4601.2000,4601.8000,4602.0000,4604.6000,4614.4000,2,1,5,1,1,1,1,1,1,12
SF,IF2106,2020-10-21 09:32:39.300,4603.4000,1643,0,35916720.000,0,-,-,-,-,4598.2000,4598.0000,4590.0000,4587.2000,4580.0000,4601.8000,4602.0000,4604.6000,4614.4000,4614.8000,2,1,5,1,1,1,1,1,12,1
SF,IF2106,2020-10-21 09:32:39.800,4603.4000,1643,0,35916720.000,0,-,-,-,-,4600.2000,4598.2000,4590.0000,4587.2000,4580.0000,4601.8000,4602.0000,4604.6000,4614.4000,4614.8000,1,2,5,1,1,1,1,1,12,1
SF,IF2106,2020-10-21 09:32:40.300,4603.4000,1643,0,35916720.000,0,-,-,-,-,4600.4000,4600.2000,4598.2000,4590.0000,4587.2000,4603.4000,4604.6000,4614.4000,4614.8000,4625.0000,1,1,1,5,1,1,1,12,1,5
SF,IF2106,2020-10-21 09:32:40.800,4603.4000,1643,0,35916720.000,0,-,-,-,-,4600.6000,4600.4000,4600.2000,4590.0000,4587.2000,4603.4000,4604.6000,4614.4000,4614.8000,4625.0000,1,1,1,5,1,1,1,12,1,5
SF,IF2106,2020-10-21 09:32:41.300,4603.4000,1643,0,35916720.000,0,-,-,-,-,4600.8000,4600.6000,4600.2000,4590.0000,4587.2000,4603.4000,4604.6000,4614.4000,4614.8000,4625.0000,1,1,1,5,1,1,1,12,1,5
SF,IF2106,2020-10-21 09:32:41.800,4603.4000,1643,0,35916720.000,0,-,-,-,-,4600.8000,4600.6000,4600.2000,4590.0000,4587.2000,4603.4000,4614.4000,4614.8000,4625.0000,4655.2000,1,1,1,5,1,1,12,1,5,6
SF,IF2106,2020-10-21 09:32:42.300,4603.4000,1643,0,35916720.000,0,-,-,-,-,4600.8000,4600.6000,4600.2000,4590.0000,4587.2000,4605.0000,4614.4000,4614.8000,4625.0000,4655.2000,1,1,1,5,1,1,12,1,5,6
SF,IF2106,2020-10-21 09:32:42.800,4603.4000,1643,0,35916720.000,0,-,-,-,-,4601.0000,4600.8000,4600.2000,4590.0000,4587.2000,4604.6000,4604.8000,4605.0000,4614.4000,4614.8000,1,1,1,5,1,2,1,1,12,1
SF,IF2106,2020-10-21 09:32:43.300,4603.4000,1643,0,35916720.000,0,-,-,-,-,4601.2000,4601.0000,4600.2000,4590.0000,4587.2000,4604.4000,4604.6000,4605.0000,4614.4000,4614.8000,1,1,1,5,1,1,2,1,12,1
SF,IF2106,2020-10-21 09:32:43.800,4603.4000,1643,0,35916720.000,0,-,-,-,-,4601.4000,4601.2000,4600.2000,4590.0000,4587.2000,4604.0000,4604.4000,4604.6000,4614.4000,4614.8000,1,1,1,5,1,1,1,2,12,1
SF,IF2106,2020-10-21 09:32:44.300,4603.4000,1643,0,35916720.000,0,-,-,-,-,4601.6000,4601.4000,4600.2000,4590.0000,4587.2000,4604.0000,4604.6000,4614.4000,4614.8000,4625.0000,1,1,1,5,1,1,2,12,1,5
SF,IF2106,2020-10-21 09:32:44.800,4603.4000,1643,0,35916720.000,0,-,-,-,-,4601.6000,4601.4000,4600.2000,4590.0000,4587.2000,4604.0000,4604.6000,4614.4000,4614.8000,4625.0000,1,1,1,5,1,1,1,12,1,5
SF,IF2106,2020-10-21 09:32:45.300,4604.0000,1642,-1,37297920.000,1,0,1,双平,S,4601.4000,4600.2000,4590.0000,4587.2000,4580.0000,4605.2000,4614.4000,4614.8000,4625.0000,4655.2000,1,1,5,1,1,1,12,1,5,6
SF,IF2106,2020-10-21 09:32:45.800,4604.0000,1642,0,37297920.000,0,-,-,-,-,4602.4000,4601.6000,4601.4000,4590.0000,4587.2000,4614.4000,4614.8000,4625.0000,4655.2000,4678.4000,1,1,1,5,1,12,1,5,6,1
SF,IF2106,2020-10-21 09:32:46.300,4604.0000,1642,0,37297920.000,0,-,-,-,-,4602.6000,4602.4000,4596.4000,4590.0000,4587.2000,4607.2000,4614.2000,4614.4000,4614.8000,4625.0000,2,1,3,5,1,2,1,12,1,5
SF,IF2106,2020-10-21 09:32:46.800,4604.0000,1642,0,37297920.000,0,-,-,-,-,4602.6000,4602.4000,4596.4000,4590.0000,4587.2000,4607.0000,4607.2000,4614.4000,4614.8000,4625.0000,1,1,3,5,1,1,2,12,1,5
SF,IF2106,2020-10-21 09:32:47.300,4604.0000,1642,0,37297920.000,0,-,-,-,-,4602.6000,4596.4000,4590.0000,4587.2000,4580.0000,4606.2000,4607.0000,4607.2000,4614.4000,4614.8000,1,3,5,1,1,1,1,2,12,1
SF,IF2106,2020-10-21 09:32:47.800,4602.6000,1642,0,38678700.000,1,0,1,多换,S,4596.4000,4590.0000,4587.2000,4580.0000,4559.2000,4604.6000,4606.0000,4606.2000,4606.6000,4614.4000,3,5,1,1,6,2,2,1,1,12
SF,IF2106,2020-10-21 09:32:48.300,4602.6000,1642,0,38678700.000,0,-,-,-,-,4600.2000,4596.8000,4596.6000,4596.4000,4590.0000,4604.4000,4604.6000,4606.0000,4606.2000,4606.6000,1,2,1,3,5,1,2,1,1,1
SF,IF2106,2020-10-21 09:32:48.800,4602.6000,1642,0,38678700.000,0,-,-,-,-,4600.4000,4600.2000,4596.8000,4596.4000,4590.0000,4604.4000,4604.6000,4606.0000,4606.6000,4614.4000,1,1,2,3,5,1,2,1,1,12
SF,IF2106,2020-10-21 09:32:49.300,4602.6000,1642,0,38678700.000,0,-,-,-,-,4600.4000,4600.2000,4596.8000,4596.4000,4591.0000,4603.4000,4604.4000,4604.6000,4606.0000,4614.4000,1,1,2,3,1,2,1,2,1,12
SF,IF2106,2020-10-21 09:32:49.800,4602.6000,1642,0,38678700.000,0,-,-,-,-,4600.4000,4600.2000,4596.8000,4596.4000,4591.0000,4603.2000,4603.4000,4604.6000,4606.0000,4614.4000,1,1,2,3,1,1,2,2,1,12
SF,IF2106,2020-10-21 09:32:50.300,4602.6000,1642,0,38678700.000,0,-,-,-,-,4600.4000,4600.2000,4600.0000,4596.8000,4596.4000,4603.2000,4603.4000,4604.6000,4614.4000,4614.8000,1,1,2,2,3,1,2,2,12,1
SF,IF2106,2020-10-21 09:32:50.800,4603.2000,1643,1,40059660.000,1,1,0,双开,S,4600.4000,4600.2000,4600.0000,4596.8000,4596.4000,4603.4000,4604.6000,4614.4000,4614.8000,4625.0000,1,1,2,2,3,2,2,12,1,5
SF,IF2106,2020-10-21 09:32:51.300,4603.2000,1643,0,40059660.000,0,-,-,-,-,4600.6000,4600.4000,4600.2000,4600.0000,4596.8000,4603.4000,4604.6000,4614.4000,4614.8000,4625.0000,1,1,1,2,2,2,2,12,1,5
SF,IF2106,2020-10-21 09:32:51.800,4603.2000,1643,0,40059660.000,0,-,-,-,-,4600.8000,4600.6000,4600.2000,4600.0000,4596.8000,4603.2000,4603.4000,4604.6000,4614.4000,4614.8000,1,1,1,2,2,1,2,2,12,1
SF,IF2106,2020-10-21 09:32:52.300,4603.2000,1643,0,40059660.000,0,-,-,-,-,4600.8000,4600.6000,4600.2000,4600.0000,4596.8000,4603.2000,4603.4000,4604.6000,4614.4000,4614.8000,1,1,1,2,2,1,2,2,12,1
SF,IF2106,2020-10-21 09:32:52.800,4603.2000,1643,0,40059660.000,0,-,-,-,-,4600.8000,4600.6000,4600.2000,4600.0000,4596.8000,4603.0000,4603.2000,4603.4000,4604.6000,4614.4000,1,1,1,2,2,1,1,1,2,12
SF,IF2106,2020-10-21 09:32:53.300,4603.2000,1643,0,40059660.000,0,-,-,-,-,4600.8000,4600.2000,4600.0000,4596.8000,4594.0000,4602.6000,4603.0000,4603.2000,4603.4000,4604.6000,1,1,2,2,3,1,1,1,1,2
SF,IF2106,2020-10-21 09:32:53.800,4603.2000,1643,0,40059660.000,0,-,-,-,-,4600.8000,4600.0000,4596.8000,4594.0000,4591.0000,4602.4000,4602.6000,4603.0000,4603.4000,4604.6000,1,2,2,3,1,1,1,1,1,2
SF,IF2106,2020-10-21 09:32:54.300,4603.2000,1643,0,40059660.000,0,-,-,-,-,4600.8000,4600.0000,4596.8000,4594.0000,4591.0000,4602.4000,4602.6000,4603.4000,4604.6000,4614.4000,1,2,2,3,1,1,2,1,2,12
SF,IF2106,2020-10-21 09:32:54.800,4603.2000,1643,0,40059660.000,0,-,-,-,-,4600.8000,4600.0000,4596.8000,4594.0000,4591.0000,4602.4000,4604.6000,4614.4000,4614.8000,4625.0000,1,2,2,3,1,1,2,12,1,5
SF,IF2106,2020-10-21 09:32:55.300,4602.4000,1642,-1,41440380.000,1,0,1,双平,S,4600.0000,4596.8000,4594.0000,4591.0000,4590.0000,4604.6000,4614.4000,4614.8000,4625.0000,4655.2000,2,2,3,1,5,2,12,1,5,6
SF,IF2106,2020-10-21 09:32:55.800,4602.4000,1642,0,41440380.000,0,-,-,-,-,4600.2000,4600.0000,4596.8000,4594.0000,4591.0000,4604.4000,4604.6000,4614.4000,4614.8000,4625.0000,3,2,2,3,1,1,2,12,1,5
SF,IF2106,2020-10-21 09:32:56.300,4602.4000,1642,0,41440380.000,0,-,-,-,-,4600.2000,4600.0000,4596.8000,4594.0000,4591.0000,4603.6000,4604.4000,4604.6000,4614.4000,4614.8000,3,2,2,3,1,1,1,2,12,1
SF,IF2106,2020-10-21 09:32:56.800,4602.4000,1642,0,41440380.000,0,-,-,-,-,4600.2000,4600.0000,4596.8000,4594.0000,4591.0000,4604.4000,4604.6000,4614.4000,4614.8000,4625.0000,3,2,2,3,1,1,1,12,1,5
SF,IF2106,2020-10-21 09:32:57.300,4602.4000,1642,0,41440380.000,0,-,-,-,-,4600.2000,4600.0000,4596.8000,4594.0000,4591.0000,4604.2000,4604.4000,4604.6000,4614.4000,4614.8000,3,2,2,3,1,1,1,1,12,1
SF,IF2106,2020-10-21 09:32:57.800,4602.4000,1642,0,41440380.000,0,-,-,-,-,4600.2000,4600.0000,4596.8000,4594.0000,4591.0000,4603.2000,4604.0000,4604.2000,4614.4000,4614.8000,3,2,2,3,1,1,1,1,12,1
SF,IF2106,2020-10-21 09:32:58.300,4602.4000,1642,0,41440380.000,0,-,-,-,-,4600.2000,4600.0000,4596.8000,4594.0000,4591.0000,4603.2000,4604.0000,4614.4000,4614.8000,4625.0000,3,2,2,3,1,1,1,12,1,5
SF,IF2106,2020-10-21 09:32:58.800,4602.4000,1642,0,41440380.000,0,-,-,-,-,4600.2000,4600.0000,4596.8000,4594.0000,4591.0000,4603.0000,4603.2000,4614.4000,4614.8000,4625.0000,2,2,2,3,1,1,1,12,1,5
SF,IF2106,2020-10-21 09:32:59.300,4602.4000,1642,0,41440380.000,0,-,-,-,-,4600.2000,4600.0000,4596.8000,4594.0000,4591.0000,4603.0000,4603.2000,4614.4000,4614.8000,4625.0000,1,2,2,3,1,1,1,12,1,5
SF,IF2106,2020-10-21 09:32:59.800,4602.4000,1642,0,41440380.000,0,-,-,-,-,4600.2000,4600.0000,4594.0000,4591.0000,4590.0000,4602.0000,4602.4000,4603.0000,4603.2000,4614.4000,1,2,3,1,5,1,1,1,1,12
SF,IF2106,2020-10-21 09:33:00.300,4602.4000,1642,0,41440380.000,0,-,-,-,-,4600.0000,4594.0000,4591.0000,4590.0000,4587.2000,4601.8000,4602.0000,4602.4000,4603.2000,4614.4000,2,3,1,5,1,2,2,1,1,12
SF,IF2106,2020-10-21 09:33:00.800,4602.4000,1642,0,41440380.000,0,-,-,-,-,4600.0000,4594.0000,4591.0000,4590.0000,4587.2000,4601.8000,4602.4000,4603.2000,4614.4000,4614.8000,2,3,1,5,1,2,1,1,12,1
SF,IF2106,2020-10-21 09:33:01.300,4602.4000,1642,0,41440380.000,0,-,-,-,-,4600.0000,4594.0000,4591.0000,4590.0000,4587.2000,4601.8000,4602.4000,4614.4000,4614.8000,4625.0000,2,3,1,5,1,1,1,12,1,5
SF,IF2106,2020-10-21 09:33:02.300,4600.0000,1642,0,42820380.000,1,0,1,多换,S,4600.0000,4594.0000,4591.0000,4590.0000,4587.2000,4601.2000,4601.8000,4614.4000,4614.8000,4625.0000,1,3,1,5,1,1,1,12,1,5
SF,IF2106,2020-10-21 09:33:02.800,4600.0000,1642,0,44200380.000,1,0,1,多换,S,4594.0000,4591.0000,4590.0000,4580.0000,4559.2000,4601.2000,4614.4000,4614.8000,4625.0000,4655.2000,3,1,5,1,6,1,12,1,5,6
SF,IF2106,2020-10-21 09:33:03.300,4600.0000,1642,0,44200380.000,0,-,-,-,-,4598.0000,4594.2000,4594.0000,4591.0000,4590.0000,4601.0000,4601.2000,4614.4000,4614.8000,4625.0000,1,4,3,1,5,1,1,12,1,5
SF,IF2106,2020-10-21 09:33:03.800,4600.0000,1642,0,44200380.000,0,-,-,-,-,4598.2000,4594.2000,4591.0000,4590.0000,4580.0000,4599.8000,4601.0000,4601.2000,4614.4000,4614.8000,1,3,1,5,1,1,1,1,12,1
SF,IF2106,2020-10-21 09:33:04.300,4600.0000,1642,0,44200380.000,0,-,-,-,-,4594.2000,4591.0000,4590.0000,4589.6000,4580.0000,4599.8000,4601.0000,4601.2000,4614.4000,4614.8000,3,1,5,3,1,1,1,1,12,1
SF,IF2106,2020-10-21 09:33:04.800,4600.0000,1642,0,44200380.000,0,-,-,-,-,4595.8000,4594.4000,4594.2000,4591.0000,4590.0000,4599.8000,4601.2000,4614.4000,4614.8000,4625.0000,1,1,3,1,5,1,1,12,1,5
SF,IF2106,2020-10-21 09:33:05.300,4600.0000,1642,0,44200380.000,0,-,-,-,-,4596.0000,4595.8000,4594.2000,4591.0000,4590.0000,4601.2000,4614.4000,4614.8000,4625.0000,4655.2000,2,1,2,1,5,1,12,1,5,6
SF,IF2106,2020-10-21 09:33:05.800,4600.0000,1642,0,44200380.000,0,-,-,-,-,4596.0000,4595.8000,4594.2000,4591.0000,4590.0000,4601.0000,4601.2000,4614.4000,4614.8000,4625.0000,2,1,2,1,5,1,1,12,1,5
SF,IF2106,2020-10-21 09:33:06.800,4600.0000,1642,0,44200380.000,0,-,-,-,-,4596.0000,4595.8000,4594.2000,4591.0000,4590.0000,4599.8000,4601.0000,4601.2000,4614.4000,4614.8000,2,1,2,1,5,1,1,1,12,1
SF,IF2106,2020-10-21 09:33:07.800,4600.0000,1642,0,44200380.000,0,-,-,-,-,4598.0000,4596.0000,4594.2000,4591.0000,4590.0000,4601.0000,4601.2000,4614.4000,4614.8000,4625.0000,1,2,2,1,5,1,1,12,1,5
SF,IF2106,2020-10-21 09:33:08.300,4600.0000,1642,0,44200380.000,0,-,-,-,-,4598.2000,4598.0000,4596.0000,4594.2000,4591.0000,4601.0000,4601.2000,4614.4000,4614.8000,4625.0000,1,1,1,2,1,1,1,12,1,5
SF,IF2106,2020-10-21 09:33:09.300,4600.0000,1642,0,44200380.000,0,-,-,-,-,4598.2000,4596.2000,4596.0000,4594.2000,4591.0000,4601.0000,4601.2000,4614.4000,4614.8000,4625.0000,1,1,1,2,1,1,1,12,1,5
SF,IF2106,2020-10-21 09:33:10.800,4600.0000,1642,0,44200380.000,0,-,-,-,-,4598.2000,4596.2000,4596.0000,4594.2000,4591.0000,4601.0000,4602.2000,4614.4000,4614.8000,4625.0000,1,1,1,2,1,1,1,12,1,5
SF,IF2106,2020-10-21 09:33:11.300,4600.0000,1642,0,44200380.000,0,-,-,-,-,4598.4000,4598.2000,4596.2000,4594.2000,4591.0000,4601.0000,4602.2000,4614.4000,4614.8000,4625.0000,1,1,1,2,1,1,1,12,1,5
SF,IF2106,2020-10-21 09:33:11.800,4600.0000,1642,0,44200380.000,0,-,-,-,-,4598.4000,4598.2000,4596.2000,4594.2000,4591.0000,4604.2000,4614.4000,4614.8000,4625.0000,4655.2000,1,1,1,2,1,1,12,1,5,6
SF,IF2106,2020-10-21 09:33:12.300,4600.0000,1642,0,44200380.000,0,-,-,-,-,4598.6000,4598.4000,4596.2000,4591.0000,4590.0000,4604.0000,4604.2000,4614.4000,4614.8000,4625.0000,1,1,1,1,5,1,1,12,1,5
SF,IF2106,2020-10-21 09:33:12.800,4600.0000,1642,0,44200380.000,0,-,-,-,-,4598.8000,4598.6000,4596.2000,4591.0000,4590.0000,4604.0000,4604.2000,4614.4000,4614.8000,4625.0000,1,1,1,1,5,1,1,12,1,5
SF,IF2106,2020-10-21 09:33:13.300,4600.0000,1642,0,44200380.000,0,-,-,-,-,4599.0000,4598.8000,4596.2000,4591.0000,4590.0000,4604.0000,4604.2000,4614.4000,4614.8000,4625.0000,1,1,1,1,5,1,1,12,1,5
SF,IF2106,2020-10-21 09:33:13.800,4600.0000,1642,0,44200380.000,0,-,-,-,-,4600.2000,4599.2000,4599.0000,4596.2000,4591.0000,4603.6000,4604.0000,4614.4000,4614.8000,4625.0000,1,1,1,1,1,1,1,12,1,5
SF,IF2106,2020-10-21 09:33:14.300,4600.0000,1642,0,44200380.000,0,-,-,-,-,4600.4000,4596.2000,4591.0000,4590.0000,4589.6000,4603.4000,4603.6000,4614.4000,4614.8000,4625.0000,1,1,1,5,3,1,1,12,1,5
SF,IF2106,2020-10-21 09:33:15.300,4600.0000,1642,0,44200380.000,0,-,-,-,-,4600.4000,4596.2000,4591.0000,4590.0000,4589.6000,4602.6000,4603.0000,4603.4000,4614.4000,4614.8000,1,1,1,5,3,1,1,1,12,1
SF,IF2106,2020-10-21 09:33:15.800,4600.0000,1642,0,44200380.000,0,-,-,-,-,4596.2000,4591.0000,4590.0000,4589.6000,4588.0000,4602.4000,4602.6000,4603.0000,4614.4000,4614.8000,1,1,5,3,1,1,1,1,12,1
SF,IF2106,2020-10-21 09:33:16.300,4600.0000,1642,0,44200380.000,0,-,-,-,-,4598.0000,4596.4000,4596.2000,4591.0000,4590.0000,4602.4000,4602.6000,4603.0000,4614.4000,4614.8000,1,2,1,1,5,1,1,1,12,1
SF,IF2106,2020-10-21 09:33:16.800,4600.0000,1642,0,44200380.000,0,-,-,-,-,4598.2000,4598.0000,4596.2000,4591.0000,4590.0000,4602.2000,4602.4000,4602.6000,4614.4000,4614.8000,2,1,1,1,5,1,1,1,12,1
SF,IF2106,2020-10-21 09:33:17.300,4600.0000,1642,0,44200380.000,0,-,-,-,-,4598.2000,4598.0000,4596.2000,4591.0000,4590.0000,4602.0000,4602.2000,4602.6000,4614.4000,4614.8000,2,1,1,1,5,1,1,1,12,1
SF,IF2106,2020-10-21 09:33:18.300,4600.0000,1642,0,44200380.000,0,-,-,-,-,4598.2000,4598.0000,4596.2000,4591.0000,4590.0000,4602.0000,4602.2000,4602.6000,4614.4000,4614.8000,2,1,1,1,5,3,1,1,12,1
SF,IF2106,2020-10-21 09:33:18.800,4600.0000,1642,0,44200380.000,0,-,-,-,-,4598.2000,4598.0000,4596.2000,4591.0000,4590.0000,4601.8000,4602.0000,4602.6000,4614.4000,4614.8000,1,1,1,1,5,1,3,1,12,1
SF,IF2106,2020-10-21 09:33:19.300,4600.0000,1642,0,44200380.000,0,-,-,-,-,4598.2000,4598.0000,4596.2000,4591.0000,4590.0000,4601.6000,4601.8000,4602.0000,4602.6000,4614.4000,1,1,1,1,5,1,1,2,1,12
SF,IF2106,2020-10-21 09:33:20.800,4600.0000,1642,0,44200380.000,0,-,-,-,-,4598.2000,4596.2000,4591.0000,4590.0000,4589.6000,4601.2000,4601.6000,4602.0000,4602.6000,4614.4000,1,1,1,5,3,1,1,2,1,12
SF,IF2106,2020-10-21 09:33:21.300,4600.0000,1642,0,44200380.000,0,-,-,-,-,4598.2000,4598.0000,4596.2000,4591.0000,4590.0000,4601.0000,4601.2000,4602.0000,4602.6000,4614.4000,1,2,1,1,5,1,1,2,1,12
SF,IF2106,2020-10-21 09:33:21.800,4600.0000,1642,0,44200380.000,0,-,-,-,-,4598.2000,4598.0000,4596.2000,4591.0000,4590.0000,4600.6000,4601.0000,4602.0000,4602.6000,4614.4000,1,2,1,1,5,1,1,2,1,12
SF,IF2106,2020-10-21 09:33:22.300,4600.0000,1642,0,44200380.000,0,-,-,-,-,4598.0000,4596.2000,4591.0000,4590.0000,4589.6000,4600.6000,4601.0000,4602.0000,4602.6000,4614.4000,2,1,1,5,3,1,1,2,1,12
SF,IF2106,2020-10-21 09:33:22.800,4600.0000,1642,0,44200380.000,0,-,-,-,-,4598.0000,4596.2000,4591.0000,4590.0000,4589.6000,4601.0000,4602.0000,4602.6000,4614.4000,4614.8000,3,1,1,5,3,1,2,1,12,1
SF,IF2106,2020-10-21 09:33:23.300,4600.0000,1642,0,44200380.000,0,-,-,-,-,4598.2000,4598.0000,4596.2000,4591.0000,4590.0000,4601.0000,4602.0000,4602.6000,4614.4000,4614.8000,2,3,1,1,5,1,2,1,12,1
SF,IF2106,2020-10-21 09:33:23.800,4600.0000,1642,0,44200380.000,0,-,-,-,-,4598.2000,4598.0000,4596.2000,4591.0000,4590.0000,4601.0000,4602.0000,4602.6000,4614.4000,4614.8000,2,2,1,1,5,1,2,1,12,1
SF,IF2106,2020-10-21 09:33:24.300,4600.0000,1642,0,44200380.000,0,-,-,-,-,4598.2000,4598.0000,4596.2000,4591.0000,4590.0000,4601.0000,4602.0000,4614.4000,4614.8000,4625.0000,2,2,1,1,5,1,2,12,1,5
SF,IF2106,2020-10-21 09:33:25.300,4600.0000,1642,0,44200380.000,0,-,-,-,-,4598.2000,4598.0000,4591.0000,4590.0000,4589.6000,4601.0000,4602.0000,4614.4000,4614.8000,4625.0000,2,2,1,5,3,1,2,12,1,5
SF,IF2106,2020-10-21 09:33:25.800,4600.0000,1642,0,44200380.000,0,-,-,-,-,4598.2000,4598.0000,4591.0000,4590.0000,4589.6000,4602.0000,4614.4000,4614.8000,4625.0000,4655.2000,2,2,1,5,3,2,12,1,5,6
SF,IF2106,2020-10-21 09:33:26.300,4600.0000,1642,0,44200380.000,0,-,-,-,-,4598.2000,4598.0000,4591.0000,4590.0000,4589.6000,4602.0000,4614.4000,4614.8000,4625.0000,4655.2000,2,2,1,5,3,1,12,1,5,6
SF,IF2106,2020-10-21 09:33:26.800,4600.0000,1642,0,44200380.000,0,-,-,-,-,4598.2000,4598.0000,4591.0000,4590.0000,4589.6000,4614.4000,4614.8000,4625.0000,4655.2000,4678.4000,2,2,1,5,3,12,1,5,6,1
SF,IF2106,2020-10-21 09:33:27.300,4600.0000,1642,0,44200380.000,0,-,-,-,-,4598.2000,4598.0000,4591.0000,4590.0000,4589.6000,4604.6000,4613.8000,4614.2000,4614.4000,4614.8000,2,2,1,5,3,2,1,1,12,1
SF,IF2106,2020-10-21 09:33:27.800,4600.0000,1642,0,44200380.000,0,-,-,-,-,4598.2000,4598.0000,4591.0000,4590.0000,4589.6000,4604.4000,4604.6000,4605.6000,4613.8000,4614.4000,2,2,1,5,3,1,2,1,1,12
SF,IF2106,2020-10-21 09:33:28.300,4600.0000,1642,0,44200380.000,0,-,-,-,-,4598.2000,4598.0000,4591.0000,4590.0000,4589.6000,4604.4000,4604.6000,4605.6000,4614.4000,4614.8000,2,2,1,5,3,1,2,1,12,1
SF,IF2106,2020-10-21 09:33:28.800,4600.0000,1642,0,44200380.000,0,-,-,-,-,4600.2000,4598.2000,4598.0000,4591.0000,4590.0000,4603.6000,4604.4000,4604.6000,4605.6000,4614.4000,1,2,2,1,5,1,1,2,1,12
SF,IF2106,2020-10-21 09:33:29.300,4600.0000,1642,0,44200380.000,0,-,-,-,-,4600.4000,4600.2000,4598.0000,4591.0000,4590.0000,4603.6000,4604.4000,4604.6000,4605.6000,4614.4000,2,1,2,1,5,1,1,2,1,12
SF,IF2106,2020-10-21 09:33:29.800,4600.0000,1642,0,44200380.000,0,-,-,-,-,4600.4000,4600.2000,4598.0000,4591.0000,4590.0000,4603.4000,4604.6000,4605.6000,4614.4000,4614.8000,2,1,2,1,5,1,2,1,12,1
SF,IF2106,2020-10-21 09:33:30.300,4600.0000,1642,0,44200380.000,0,-,-,-,-,4600.4000,4600.2000,4598.0000,4591.0000,4590.0000,4603.4000,4604.6000,4605.6000,4614.4000,4614.8000,1,1,2,1,5,1,2,1,12,1
SF,IF2106,2020-10-21 09:33:30.800,4600.0000,1642,0,44200380.000,0,-,-,-,-,4600.6000,4600.4000,4600.2000,4598.0000,4591.0000,4603.4000,4604.6000,4605.6000,4614.4000,4614.8000,1,1,1,2,1,1,2,1,12,1
SF,IF2106,2020-10-21 09:33:32.300,4600.0000,1642,0,44200380.000,0,-,-,-,-,4600.6000,4600.4000,4600.2000,4598.0000,4591.0000,4603.4000,4614.4000,4614.8000,4625.0000,4655.2000,1,1,1,2,1,1,12,1,5,6
SF,IF2106,2020-10-21 09:33:32.800,4600.0000,1642,0,44200380.000,0,-,-,-,-,4600.6000,4600.4000,4600.2000,4598.0000,4591.0000,4607.0000,4614.4000,4614.8000,4625.0000,4655.2000,1,1,1,2,1,1,12,1,5,6
SF,IF2106,2020-10-21 09:33:33.300,4600.0000,1642,0,44200380.000,0,-,-,-,-,4600.8000,4600.2000,4598.0000,4591.0000,4590.0000,4604.6000,4606.8000,4607.0000,4614.4000,4614.8000,1,1,2,1,5,2,1,1,12,1
SF,IF2106,2020-10-21 09:33:33.800,4600.0000,1642,0,44200380.000,0,-,-,-,-,4601.0000,4600.8000,4600.2000,4598.0000,4591.0000,4604.4000,4607.0000,4614.4000,4614.8000,4625.0000,1,1,1,2,1,1,1,12,1,5
SF,IF2106,2020-10-21 09:33:34.300,4600.0000,1642,0,44200380.000,0,-,-,-,-,4601.2000,4601.0000,4600.2000,4598.0000,4591.0000,4604.4000,4607.0000,4614.4000,4614.8000,4625.0000,1,1,1,2,1,1,1,12,1,5
SF,IF2106,2020-10-21 09:33:34.800,4600.0000,1642,0,44200380.000,0,-,-,-,-,4601.4000,4601.2000,4600.2000,4598.0000,4591.0000,4604.4000,4607.0000,4614.4000,4614.8000,4625.0000,1,1,1,2,1,1,1,12,1,5
SF,IF2106,2020-10-21 09:33:35.300,4600.0000,1642,0,44200380.000,0,-,-,-,-,4601.6000,4601.4000,4600.2000,4598.0000,4591.0000,4604.4000,4607.0000,4614.4000,4614.8000,4625.0000,1,1,1,2,1,1,1,12,1,5
SF,IF2106,2020-10-21 09:33:35.800,4600.0000,1642,0,44200380.000,0,-,-,-,-,4602.4000,4601.8000,4601.6000,4598.0000,4591.0000,4604.4000,4607.0000,4614.4000,4614.8000,4625.0000,1,1,1,2,1,1,1,12,1,5
SF,IF2106,2020-10-21 09:33:36.300,4600.0000,1642,0,44200380.000,0,-,-,-,-,4602.4000,4601.8000,4601.6000,4598.0000,4591.0000,4607.0000,4614.4000,4614.8000,4625.0000,4655.2000,1,1,1,2,1,1,12,1,5,6
SF,IF2106,2020-10-21 09:33:36.800,4600.0000,1642,0,44200380.000,0,-,-,-,-,4602.6000,4602.4000,4598.0000,4591.0000,4590.0000,4606.8000,4607.0000,4614.4000,4614.8000,4625.0000,1,1,2,1,5,1,1,12,1,5
SF,IF2106,2020-10-21 09:33:37.300,4600.0000,1642,0,44200380.000,0,-,-,-,-,4602.6000,4602.4000,4598.0000,4591.0000,4590.0000,4605.8000,4606.8000,4607.0000,4614.4000,4614.8000,1,1,2,1,5,1,1,1,12,1
SF,IF2106,2020-10-21 09:33:37.800,4600.0000,1642,0,44200380.000,0,-,-,-,-,4602.6000,4602.4000,4598.0000,4591.0000,4590.0000,4605.6000,4605.8000,4606.0000,4614.4000,4614.8000,1,1,2,1,5,1,1,1,12,1
SF,IF2106,2020-10-21 09:33:38.300,4600.0000,1642,0,44200380.000,0,-,-,-,-,4602.6000,4598.0000,4591.0000,4590.0000,4589.6000,4605.4000,4605.6000,4605.8000,4614.4000,4614.8000,1,2,1,5,3,1,1,1,12,1
SF,IF2106,2020-10-21 09:33:38.800,4600.0000,1642,0,44200380.000,0,-,-,-,-,4602.6000,4598.0000,4591.0000,4590.0000,4589.6000,4605.2000,4605.4000,4605.8000,4614.4000,4614.8000,1,2,1,5,3,1,1,1,12,1
SF,IF2106,2020-10-21 09:33:39.300,4600.0000,1642,0,44200380.000,0,-,-,-,-,4602.6000,4598.0000,4591.0000,4590.0000,4589.6000,4605.2000,4605.4000,4614.4000,4614.8000,4625.0000,1,2,1,5,3,1,1,12,1,5
SF,IF2106,2020-10-21 09:33:39.800,4600.0000,1642,0,44200380.000,0,-,-,-,-,4602.6000,4598.0000,4591.0000,4590.0000,4589.6000,4604.6000,4604.8000,4605.2000,4614.4000,4614.8000,1,2,1,5,3,1,1,1,12,1
SF,IF2106,2020-10-21 09:33:40.300,4600.0000,1642,0,44200380.000,0,-,-,-,-,4598.0000,4591.0000,4590.0000,4589.6000,4588.0000,4604.4000,4604.6000,4604.8000,4614.4000,4614.8000,2,1,5,3,1,2,1,1,12,1
SF,IF2106,2020-10-21 09:33:40.800,4600.0000,1642,0,44200380.000,0,-,-,-,-,4600.2000,4598.2000,4598.0000,4591.0000,4590.0000,4604.4000,4604.6000,4604.8000,4614.4000,4614.8000,1,2,2,1,5,1,1,1,12,1
SF,IF2106,2020-10-21 09:33:41.300,4600.0000,1642,0,44200380.000,0,-,-,-,-,4600.4000,4600.2000,4598.0000,4591.0000,4590.0000,4604.2000,4604.4000,4604.6000,4604.8000,4614.4000,2,1,2,1,5,1,1,1,1,12
SF,IF2106,2020-10-21 09:33:42.800,4600.0000,1642,0,44200380.000,0,-,-,-,-,4600.4000,4600.2000,4598.0000,4591.0000,4590.0000,4603.2000,4604.2000,4604.4000,4604.6000,4604.8000,2,1,2,1,5,1,1,1,1,1
SF,IF2106,2020-10-21 09:33:43.300,4600.0000,1642,0,44200380.000,0,-,-,-,-,4600.4000,4600.2000,4598.0000,4591.0000,4590.0000,4603.0000,4603.2000,4604.4000,4604.6000,4604.8000,1,1,2,1,5,1,1,1,1,1
SF,IF2106,2020-10-21 09:33:43.800,4600.0000,1642,0,44200380.000,0,-,-,-,-,4600.4000,4600.0000,4591.0000,4590.0000,4589.6000,4603.0000,4603.2000,4604.4000,4604.6000,4604.8000,1,2,1,5,3,1,1,1,1,1
SF,IF2106,2020-10-21 09:33:44.300,4600.0000,1642,0,44200380.000,0,-,-,-,-,4600.4000,4600.0000,4591.0000,4590.0000,4589.6000,4603.0000,4604.4000,4604.8000,4614.4000,4614.8000,1,2,1,5,3,1,1,1,12,1
SF,IF2106,2020-10-21 09:33:44.800,4600.0000,1642,0,44200380.000,0,-,-,-,-,4600.4000,4600.0000,4591.0000,4590.0000,4589.6000,4602.8000,4603.0000,4604.4000,4614.4000,4614.8000,1,2,1,5,3,1,1,1,12,1
SF,IF2106,2020-10-21 09:33:45.300,4600.0000,1642,0,44200380.000,0,-,-,-,-,4600.0000,4591.0000,4590.0000,4589.6000,4588.0000,4602.8000,4603.0000,4604.4000,4614.4000,4614.8000,2,1,5,3,1,1,1,1,12,1
SF,IF2106,2020-10-21 09:33:45.800,4600.0000,1642,0,44200380.000,0,-,-,-,-,4600.2000,4600.0000,4591.0000,4590.0000,4589.6000,4602.8000,4603.0000,4604.4000,4614.4000,4614.8000,2,2,1,5,3,1,1,1,12,1
SF,IF2106,2020-10-21 09:33:46.300,4600.0000,1642,0,44200380.000,0,-,-,-,-,4600.2000,4600.0000,4591.0000,4590.0000,4589.6000,4614.4000,4614.8000,4625.0000,4655.2000,4678.4000,2,2,1,5,3,12,1,5,6,1
SF,IF2106,2020-10-21 09:33:46.800,4600.0000,1642,0,44200380.000,0,-,-,-,-,4600.4000,4600.2000,4600.0000,4591.0000,4590.0000,4604.6000,4614.2000,4614.4000,4614.8000,4625.0000,1,2,2,1,5,2,1,12,1,5
SF,IF2106,2020-10-21 09:33:47.300,4600.0000,1642,0,44200380.000,0,-,-,-,-,4600.6000,4600.4000,4600.2000,4600.0000,4591.0000,4604.4000,4604.6000,4614.4000,4614.8000,4625.0000,1,1,1,2,1,1,2,12,1,5
SF,IF2106,2020-10-21 09:33:47.800,4600.0000,1642,0,44200380.000,0,-,-,-,-,4600.8000,4600.6000,4600.2000,4600.0000,4591.0000,4604.4000,4604.6000,4605.2000,4614.4000,4614.8000,1,1,1,2,1,1,2,1,12,1
SF,IF2106,2020-10-21 09:33:48.300,4600.0000,1642,0,44200380.000,0,-,-,-,-,4601.0000,4600.8000,4600.2000,4600.0000,4591.0000,4604.4000,4604.6000,4605.2000,4614.4000,4614.8000,1,1,1,2,1,1,2,1,12,1
SF,IF2106,2020-10-21 09:33:48.800,4600.0000,1642,0,44200380.000,0,-,-,-,-,4601.2000,4601.0000,4600.2000,4600.0000,4591.0000,4604.4000,4604.6000,4605.2000,4614.4000,4614.8000,1,1,1,2,1,1,2,1,12,1
SF,IF2106,2020-10-21 09:33:49.300,4600.0000,1642,0,44200380.000,0,-,-,-,-,4601.4000,4601.2000,4600.2000,4600.0000,4591.0000,4603.8000,4604.4000,4604.6000,4605.2000,4614.4000,1,1,1,3,1,1,1,2,1,12
SF,IF2106,2020-10-21 09:33:49.800,4600.0000,1642,0,44200380.000,0,-,-,-,-,4601.4000,4601.2000,4600.2000,4600.0000,4591.0000,4603.8000,4604.6000,4605.2000,4614.4000,4614.8000,1,1,1,3,1,1,2,1,12,1
SF,IF2106,2020-10-21 09:33:50.300,4600.0000,1642,0,44200380.000,0,-,-,-,-,4601.4000,4601.2000,4600.2000,4600.0000,4591.0000,4603.8000,4604.6000,4605.2000,4614.4000,4614.8000,1,1,1,3,1,1,1,1,12,1
SF,IF2106,2020-10-21 09:33:50.800,4603.8000,1641,-1,45581520.000,1,0,1,双平,S,4601.4000,4601.2000,4600.2000,4600.0000,4591.0000,4614.4000,4614.8000,4625.0000,4655.2000,4678.4000,1,1,1,3,1,12,1,5,6,1
SF,IF2106,2020-10-21 09:33:51.300,4603.8000,1641,0,45581520.000,0,-,-,-,-,4601.6000,4601.4000,4600.2000,4600.0000,4591.0000,4607.2000,4614.2000,4614.4000,4614.8000,4625.0000,1,1,1,3,1,2,1,12,1,5
SF,IF2106,2020-10-21 09:33:51.800,4603.8000,1641,0,45581520.000,0,-,-,-,-,4601.8000,4601.6000,4600.2000,4600.0000,4591.0000,4607.0000,4607.2000,4609.4000,4614.4000,4614.8000,1,1,1,3,1,1,2,1,12,1
SF,IF2106,2020-10-21 09:33:52.300,4603.8000,1641,0,45581520.000,0,-,-,-,-,4602.0000,4601.8000,4600.2000,4600.0000,4591.0000,4607.0000,4607.2000,4609.4000,4614.4000,4614.8000,1,1,1,3,1,1,2,1,12,1
SF,IF2106,2020-10-21 09:33:52.800,4603.8000,1641,0,45581520.000,0,-,-,-,-,4602.2000,4602.0000,4600.2000,4600.0000,4591.0000,4604.6000,4606.2000,4606.6000,4607.0000,4614.4000,1,1,1,3,1,1,1,1,1,12
SF,IF2106,2020-10-21 09:33:53.300,4603.8000,1641,0,45581520.000,0,-,-,-,-,4602.2000,4602.0000,4600.2000,4600.0000,4591.0000,4604.6000,4606.2000,4606.6000,4607.0000,4614.4000,1,1,1,3,1,2,1,1,1,12
SF,IF2106,2020-10-21 09:33:53.800,4603.8000,1641,0,45581520.000,0,-,-,-,-,4602.2000,4602.0000,4600.2000,4600.0000,4591.0000,4604.4000,4606.2000,4606.6000,4607.0000,4614.4000,1,1,1,3,1,1,1,1,1,12
SF,IF2106,2020-10-21 09:33:54.300,4603.8000,1641,0,45581520.000,0,-,-,-,-,4602.2000,4600.2000,4600.0000,4591.0000,4590.0000,4604.4000,4606.2000,4606.6000,4607.0000,4614.4000,1,1,3,1,5,1,1,1,1,12
SF,IF2106,2020-10-21 09:33:55.800,4603.8000,1641,0,45581520.000,0,-,-,-,-,4602.4000,4602.2000,4600.0000,4591.0000,4590.0000,4604.4000,4606.2000,4606.6000,4607.0000,4614.4000,1,1,3,1,5,1,1,1,1,12
SF,IF2106,2020-10-21 09:33:56.300,4603.8000,1641,0,45581520.000,0,-,-,-,-,4602.2000,4600.0000,4591.0000,4590.0000,4589.6000,4604.4000,4606.2000,4606.6000,4607.0000,4614.4000,1,3,1,5,3,1,1,1,1,12
SF,IF2106,2020-10-21 09:33:56.800,4603.8000,1641,0,45581520.000,0,-,-,-,-,4600.0000,4591.0000,4590.0000,4589.6000,4588.0000,4604.2000,4604.4000,4606.2000,4606.6000,4614.4000,3,1,5,3,1,1,1,1,1,12
SF,IF2106,2020-10-21 09:33:57.300,4603.8000,1641,0,45581520.000,0,-,-,-,-,4600.2000,4600.0000,4591.0000,4590.0000,4589.6000,4604.2000,4604.4000,4606.6000,4614.4000,4614.8000,3,3,1,5,3,2,1,1,12,1
SF,IF2106,2020-10-21 09:33:58.300,4603.8000,1641,0,45581520.000,0,-,-,-,-,4600.2000,4600.0000,4591.0000,4590.0000,4589.6000,4604.2000,4604.4000,4614.4000,4614.8000,4625.0000,3,3,1,5,3,2,1,12,1,5
SF,IF2106,2020-10-21 09:33:58.800,4603.8000,1641,0,45581520.000,0,-,-,-,-,4600.2000,4600.0000,4591.0000,4590.0000,4589.6000,4603.6000,4604.2000,4604.4000,4614.4000,4614.8000,2,3,1,5,3,1,1,1,12,1
SF,IF2106,2020-10-21 09:33:59.300,4603.8000,1641,0,45581520.000,0,-,-,-,-,4600.2000,4600.0000,4591.0000,4590.0000,4589.6000,4603.4000,4603.6000,4604.4000,4614.4000,4614.8000,1,3,1,5,3,1,1,1,12,1
SF,IF2106,2020-10-21 09:33:59.800,4603.8000,1641,0,45581520.000,0,-,-,-,-,4600.2000,4600.0000,4591.0000,4590.0000,4589.6000,4603.4000,4603.6000,4604.4000,4614.4000,4614.8000,2,3,1,5,3,1,1,1,12,1
SF,IF2106,2020-10-21 09:34:00.800,4603.8000,1641,0,45581520.000,0,-,-,-,-,4600.2000,4600.0000,4591.0000,4590.0000,4589.6000,4603.4000,4603.6000,4614.4000,4614.8000,4625.0000,2,4,1,5,3,1,1,12,1,5
SF,IF2106,2020-10-21 09:34:01.300,4603.8000,1641,0,45581520.000,0,-,-,-,-,4600.2000,4600.0000,4591.0000,4590.0000,4589.6000,4603.4000,4603.6000,4614.4000,4614.8000,4625.0000,1,4,1,5,3,1,1,12,1,5
SF,IF2106,2020-10-21 09:34:02.300,4603.8000,1641,0,45581520.000,0,-,-,-,-,4600.2000,4600.0000,4591.0000,4590.0000,4589.6000,4603.4000,4603.6000,4614.4000,4614.8000,4625.0000,2,4,1,5,3,1,1,12,1,5
SF,IF2106,2020-10-21 09:34:02.800,4603.8000,1641,0,45581520.000,0,-,-,-,-,4600.2000,4600.0000,4591.0000,4590.0000,4589.6000,4603.2000,4603.4000,4603.6000,4614.4000,4614.8000,1,4,1,5,3,1,2,1,12,1
SF,IF2106,2020-10-21 09:34:03.300,4603.8000,1641,0,45581520.000,0,-,-,-,-,4600.2000,4600.0000,4591.0000,4590.0000,4589.6000,4602.0000,4602.6000,4603.0000,4603.2000,4603.4000,1,4,1,5,3,2,1,1,1,1
SF,IF2106,2020-10-21 09:34:03.800,4603.8000,1641,0,45581520.000,0,-,-,-,-,4600.0000,4591.0000,4590.0000,4589.6000,4588.0000,4602.0000,4602.6000,4603.0000,4603.2000,4603.4000,4,1,5,3,1,2,1,1,1,1
SF,IF2106,2020-10-21 09:34:04.300,4603.8000,1641,0,45581520.000,0,-,-,-,-,4600.0000,4591.0000,4590.0000,4589.6000,4588.0000,4601.8000,4602.6000,4603.0000,4603.4000,4614.4000,4,1,5,3,1,1,1,1,1,12
SF,IF2106,2020-10-21 09:34:04.800,4603.8000,1641,0,45581520.000,0,-,-,-,-,4600.0000,4591.0000,4590.0000,4589.6000,4588.0000,4602.4000,4602.6000,4603.0000,4614.4000,4614.8000,4,1,5,3,1,1,1,1,12,1
SF,IF2106,2020-10-21 09:34:05.300,4603.8000,1641,0,45581520.000,0,-,-,-,-,4600.2000,4600.0000,4591.0000,4590.0000,4589.6000,4602.4000,4603.0000,4614.4000,4614.8000,4625.0000,1,4,1,5,3,1,1,12,1,5
SF,IF2106,2020-10-21 09:34:05.800,4603.8000,1641,0,45581520.000,0,-,-,-,-,4600.2000,4600.0000,4591.0000,4590.0000,4589.6000,4602.8000,4603.0000,4614.4000,4614.8000,4625.0000,1,4,1,5,3,1,1,12,1,5
SF,IF2106,2020-10-21 09:34:06.300,4603.8000,1641,0,45581520.000,0,-,-,-,-,4600.0000,4591.0000,4590.0000,4589.6000,4588.0000,4602.6000,4602.8000,4614.4000,4614.8000,4625.0000,4,1,5,3,1,1,1,12,1,5
SF,IF2106,2020-10-21 09:34:06.800,4603.8000,1641,0,45581520.000,0,-,-,-,-,4600.2000,4600.0000,4591.0000,4590.0000,4589.6000,4602.6000,4602.8000,4614.4000,4614.8000,4625.0000,1,4,1,5,3,1,1,12,1,5
SF,IF2106,2020-10-21 09:34:07.300,4603.8000,1641,0,45581520.000,0,-,-,-,-,4600.0000,4591.0000,4590.0000,4589.6000,4588.0000,4602.6000,4602.8000,4614.4000,4614.8000,4625.0000,4,1,5,3,1,1,1,12,1,5
SF,IF2106,2020-10-21 09:34:10.300,4603.8000,1641,0,45581520.000,0,-,-,-,-,4600.2000,4600.0000,4591.0000,4590.0000,4589.6000,4602.6000,4602.8000,4614.4000,4614.8000,4625.0000,1,4,1,5,3,1,1,12,1,5
SF,IF2106,2020-10-21 09:34:10.800,4603.8000,1641,0,45581520.000,0,-,-,-,-,4600.4000,4600.2000,4600.0000,4591.0000,4590.0000,4602.8000,4614.4000,4614.8000,4625.0000,4655.2000,1,1,4,1,5,1,12,1,5,6
SF,IF2106,2020-10-21 09:34:11.300,4603.8000,1641,0,45581520.000,0,-,-,-,-,4600.4000,4600.2000,4600.0000,4591.0000,4590.0000,4602.4000,4614.2000,4614.4000,4614.8000,4625.0000,1,1,4,1,5,1,1,12,1,5
SF,IF2106,2020-10-21 09:34:11.800,4602.4000,1640,-1,46962240.000,1,0,1,双平,S,4600.4000,4600.2000,4600.0000,4591.0000,4590.0000,4614.2000,4614.4000,4614.8000,4625.0000,4655.2000,1,1,4,1,5,1,12,1,5,6
SF,IF2106,2020-10-21 09:34:12.300,4602.4000,1640,0,46962240.000,0,-,-,-,-,4600.6000,4600.4000,4600.2000,4600.0000,4591.0000,4604.6000,4614.0000,4614.2000,4614.4000,4614.8000,1,1,1,4,1,2,1,1,12,1
SF,IF2106,2020-10-21 09:34:12.800,4602.4000,1640,0,46962240.000,0,-,-,-,-,4600.8000,4600.6000,4600.2000,4600.0000,4591.0000,4604.4000,4604.6000,4614.2000,4614.4000,4614.8000,1,1,1,4,1,1,2,1,12,1
SF,IF2106,2020-10-21 09:34:13.300,4602.4000,1640,0,46962240.000,0,-,-,-,-,4601.0000,4600.8000,4600.2000,4600.0000,4591.0000,4604.4000,4604.6000,4614.2000,4614.4000,4614.8000,1,1,1,4,1,1,2,1,12,1
SF,IF2106,2020-10-21 09:34:13.800,4602.4000,1640,0,46962240.000,0,-,-,-,-,4601.2000,4601.0000,4600.2000,4600.0000,4591.0000,4604.4000,4604.6000,4614.2000,4614.4000,4614.8000,1,1,1,4,1,1,2,1,12,1
SF,IF2106,2020-10-21 09:34:14.300,4602.4000,1640,0,46962240.000,0,-,-,-,-,4601.4000,4601.2000,4600.2000,4600.0000,4591.0000,4604.4000,4604.6000,4614.2000,4614.4000,4614.8000,1,1,1,4,1,1,2,1,12,1
SF,IF2106,2020-10-21 09:34:14.800,4602.4000,1640,0,46962240.000,0,-,-,-,-,4601.6000,4601.4000,4600.2000,4600.0000,4591.0000,4604.4000,4604.6000,4614.2000,4614.4000,4614.8000,1,1,1,4,1,1,2,1,12,1
SF,IF2106,2020-10-21 09:34:15.300,4602.4000,1640,0,46962240.000,0,-,-,-,-,4601.6000,4601.4000,4600.2000,4600.0000,4591.0000,4604.4000,4604.6000,4614.4000,4614.8000,4625.0000,1,1,1,4,1,1,2,12,1,5
SF,IF2106,2020-10-21 09:34:17.300,4602.4000,1640,0,46962240.000,0,-,-,-,-,4601.6000,4601.4000,4600.2000,4600.0000,4591.0000,4604.2000,4604.4000,4604.6000,4614.4000,4614.8000,1,1,1,4,1,1,1,2,12,1
SF,IF2106,2020-10-21 09:34:17.800,4602.4000,1640,0,46962240.000,0,-,-,-,-,4601.4000,4600.2000,4600.0000,4591.0000,4590.0000,4604.0000,4604.2000,4604.6000,4614.4000,4614.8000,1,1,4,1,5,1,1,2,12,1
SF,IF2106,2020-10-21 09:34:18.800,4602.4000,1640,0,46962240.000,0,-,-,-,-,4601.4000,4600.2000,4600.0000,4591.0000,4590.0000,4603.8000,4604.0000,4604.6000,4614.4000,4614.8000,1,1,4,1,5,1,1,2,12,1
SF,IF2106,2020-10-21 09:34:19.300,4602.4000,1640,0,46962240.000,0,-,-,-,-,4600.2000,4600.0000,4591.0000,4590.0000,4589.6000,4603.6000,4603.8000,4604.6000,4614.4000,4614.8000,1,4,1,5,3,1,1,2,12,1
SF,IF2106,2020-10-21 09:34:19.800,4602.4000,1640,0,46962240.000,0,-,-,-,-,4600.4000,4600.2000,4600.0000,4591.0000,4590.0000,4603.6000,4603.8000,4604.6000,4614.4000,4614.8000,2,1,4,1,5,1,1,2,12,1
SF,IF2106,2020-10-21 09:34:20.300,4602.4000,1640,0,46962240.000,0,-,-,-,-,4600.4000,4600.2000,4600.0000,4591.0000,4590.0000,4603.4000,4603.6000,4604.6000,4614.4000,4614.8000,2,1,4,1,5,1,1,2,12,1
SF,IF2106,2020-10-21 09:34:20.800,4602.4000,1640,0,46962240.000,0,-,-,-,-,4600.4000,4600.2000,4600.0000,4591.0000,4590.0000,4603.2000,4603.4000,4604.6000,4614.4000,4614.8000,2,1,4,1,5,1,1,2,12,1
SF,IF2106,2020-10-21 09:34:21.800,4602.4000,1640,0,46962240.000,0,-,-,-,-,4600.4000,4600.0000,4591.0000,4590.0000,4589.6000,4603.2000,4603.4000,4604.6000,4614.4000,4614.8000,2,4,1,5,3,1,1,2,12,1
SF,IF2106,2020-10-21 09:34:22.300,4602.4000,1640,0,46962240.000,0,-,-,-,-,4600.4000,4600.0000,4591.0000,4590.0000,4589.6000,4602.8000,4603.2000,4604.6000,4614.4000,4614.8000,1,4,1,5,3,1,1,2,12,1
SF,IF2106,2020-10-21 09:34:22.800,4602.4000,1640,0,46962240.000,0,-,-,-,-,4600.0000,4591.0000,4590.0000,4589.6000,4588.0000,4602.8000,4603.2000,4604.6000,4614.4000,4614.8000,4,1,5,3,1,1,1,2,12,1
SF,IF2106,2020-10-21 09:34:23.300,4602.4000,1640,0,46962240.000,0,-,-,-,-,4600.0000,4591.0000,4590.0000,4589.6000,4588.0000,4602.6000,4602.8000,4604.6000,4614.4000,4614.8000,4,1,5,3,1,1,1,2,12,1
SF,IF2106,2020-10-21 09:34:25.300,4602.4000,1640,0,46962240.000,0,-,-,-,-,4600.0000,4591.0000,4590.0000,4589.6000,4588.0000,4602.4000,4602.6000,4604.6000,4614.4000,4614.8000,4,1,5,3,1,1,1,2,12,1
SF,IF2106,2020-10-21 09:34:27.300,4602.4000,1640,0,46962240.000,0,-,-,-,-,4600.2000,4600.0000,4591.0000,4590.0000,4589.6000,4602.6000,4603.2000,4604.6000,4614.4000,4614.8000,1,4,1,5,3,1,1,2,12,1
SF,IF2106,2020-10-21 09:34:27.800,4602.4000,1640,0,46962240.000,0,-,-,-,-,4600.2000,4600.0000,4591.0000,4590.0000,4589.6000,4603.2000,4604.6000,4614.4000,4614.8000,4625.0000,1,4,1,5,3,1,2,12,1,5
SF,IF2106,2020-10-21 09:34:28.300,4602.4000,1640,0,46962240.000,0,-,-,-,-,4600.4000,4600.2000,4600.0000,4591.0000,4590.0000,4604.6000,4614.4000,4614.8000,4625.0000,4655.2000,2,1,4,1,5,2,12,1,5,6
SF,IF2106,2020-10-21 09:34:28.800,4602.4000,1640,0,46962240.000,0,-,-,-,-,4600.4000,4600.2000,4600.0000,4591.0000,4590.0000,4604.4000,4604.6000,4614.4000,4614.8000,4625.0000,2,1,4,1,5,1,2,12,1,5
SF,IF2106,2020-10-21 09:34:32.800,4602.4000,1640,0,46962240.000,0,-,-,-,-,4600.4000,4600.2000,4600.0000,4591.0000,4590.0000,4604.4000,4604.6000,4614.4000,4614.8000,4625.0000,2,1,4,1,5,1,2,12,1,5
SF,IF2106,2020-10-21 09:34:34.300,4602.4000,1640,0,46962240.000,0,-,-,-,-,4600.4000,4600.2000,4600.0000,4591.0000,4590.0000,4604.4000,4604.6000,4614.4000,4614.8000,4625.0000,2,1,4,1,5,1,1,12,1,5
SF,IF2106,2020-10-21 09:34:35.300,4602.4000,1640,0,46962240.000,0,-,-,-,-,4600.4000,4600.2000,4600.0000,4591.0000,4590.0000,4604.4000,4614.4000,4614.8000,4625.0000,4649.8000,2,1,4,1,5,1,12,1,5,1
SF,IF2106,2020-10-21 09:34:35.800,4602.4000,1640,0,46962240.000,0,-,-,-,-,4600.4000,4600.2000,4600.0000,4591.0000,4590.0000,4614.4000,4614.8000,4625.0000,4649.8000,4655.2000,2,1,4,1,5,12,1,5,1,6
SF,IF2106,2020-10-21 09:34:36.300,4602.4000,1640,0,46962240.000,0,-,-,-,-,4600.4000,4600.2000,4600.0000,4591.0000,4590.0000,4607.2000,4614.2000,4614.4000,4614.8000,4625.0000,2,1,4,1,5,2,1,12,1,5
SF,IF2106,2020-10-21 09:34:36.800,4602.4000,1640,0,46962240.000,0,-,-,-,-,4600.4000,4600.2000,4600.0000,4591.0000,4590.0000,4606.6000,4607.0000,4607.2000,4614.4000,4614.8000,2,1,4,1,5,1,1,2,12,1
SF,IF2106,2020-10-21 09:34:37.300,4602.4000,1640,0,46962240.000,0,-,-,-,-,4600.4000,4600.2000,4600.0000,4591.0000,4590.0000,4606.4000,4606.6000,4607.2000,4614.4000,4614.8000,2,1,4,1,5,1,1,2,12,1
SF,IF2106,2020-10-21 09:34:37.800,4602.4000,1640,0,46962240.000,0,-,-,-,-,4602.4000,4600.4000,4600.0000,4591.0000,4590.0000,4606.4000,4606.6000,4607.2000,4614.4000,4614.8000,1,2,4,1,5,1,1,2,12,1
SF,IF2106,2020-10-21 09:34:38.300,4602.4000,1640,0,46962240.000,0,-,-,-,-,4602.6000,4602.4000,4600.4000,4600.0000,4591.0000,4606.2000,4606.4000,4607.2000,4614.4000,4614.8000,1,1,1,4,1,1,1,2,12,1
SF,IF2106,2020-10-21 09:34:38.800,4602.4000,1640,0,46962240.000,0,-,-,-,-,4602.6000,4602.4000,4600.4000,4600.0000,4591.0000,4606.0000,4606.2000,4607.2000,4614.4000,4614.8000,1,1,1,4,1,1,1,2,12,1
SF,IF2106,2020-10-21 09:34:39.300,4602.4000,1640,0,46962240.000,0,-,-,-,-,4602.6000,4600.4000,4600.0000,4591.0000,4590.0000,4606.0000,4606.2000,4607.2000,4614.4000,4614.8000,1,1,4,1,5,1,1,2,12,1
SF,IF2106,2020-10-21 09:34:39.800,4602.4000,1640,0,46962240.000,0,-,-,-,-,4602.6000,4600.4000,4600.0000,4591.0000,4590.0000,4605.6000,4606.0000,4607.2000,4614.4000,4614.8000,1,1,4,1,5,1,1,2,12,1
SF,IF2106,2020-10-21 09:34:40.300,4602.4000,1640,0,46962240.000,0,-,-,-,-,4602.6000,4600.4000,4600.0000,4591.0000,4590.0000,4605.4000,4605.6000,4607.2000,4614.4000,4614.8000,1,1,4,1,5,1,1,2,12,1
SF,IF2106,2020-10-21 09:34:40.800,4602.4000,1640,0,46962240.000,0,-,-,-,-,4602.6000,4600.4000,4600.0000,4591.0000,4590.0000,4605.4000,4607.2000,4614.4000,4614.8000,4625.0000,1,1,4,1,5,1,2,12,1,5
SF,IF2106,2020-10-21 09:34:41.300,4602.4000,1640,0,46962240.000,0,-,-,-,-,4602.6000,4600.4000,4600.0000,4591.0000,4590.0000,4605.2000,4605.4000,4607.2000,4614.4000,4614.8000,1,1,4,1,5,1,1,2,12,1
SF,IF2106,2020-10-21 09:34:41.800,4602.4000,1640,0,46962240.000,0,-,-,-,-,4602.6000,4600.4000,4600.0000,4591.0000,4590.0000,4605.0000,4605.2000,4607.2000,4614.4000,4614.8000,1,1,4,1,5,1,1,2,12,1
SF,IF2106,2020-10-21 09:34:42.300,4604.6000,1640,0,48343620.000,1,0,1,多换,S,4600.4000,4600.0000,4591.0000,4590.0000,4589.6000,4604.6000,4605.0000,4605.2000,4614.4000,4614.8000,1,4,1,5,3,1,1,1,12,1
SF,IF2106,2020-10-21 09:34:42.800,4604.6000,1640,0,48343620.000,0,-,-,-,-,4600.6000,4600.4000,4600.0000,4591.0000,4590.0000,4604.6000,4604.8000,4605.0000,4614.4000,4614.8000,1,1,4,1,5,1,1,1,12,1
SF,IF2106,2020-10-21 09:34:43.300,4604.6000,1640,0,48343620.000,0,-,-,-,-,4600.8000,4600.6000,4600.0000,4591.0000,4590.0000,4604.2000,4605.0000,4614.4000,4614.8000,4625.0000,1,1,4,1,5,1,1,12,1,5
SF,IF2106,2020-10-21 09:34:43.800,4604.6000,1640,0,48343620.000,0,-,-,-,-,4601.0000,4600.8000,4600.0000,4591.0000,4590.0000,4604.2000,4605.0000,4614.4000,4614.8000,4625.0000,1,1,4,1,5,1,1,12,1,5
SF,IF2106,2020-10-21 09:34:44.300,4604.6000,1640,0,48343620.000,0,-,-,-,-,4602.0000,4601.2000,4601.0000,4600.0000,4591.0000,4604.2000,4605.0000,4614.4000,4614.8000,4625.0000,1,1,1,4,1,1,1,12,1,5
SF,IF2106,2020-10-21 09:34:44.800,4604.6000,1640,0,48343620.000,0,-,-,-,-,4602.0000,4601.2000,4601.0000,4600.0000,4591.0000,4605.0000,4605.4000,4614.4000,4614.8000,4625.0000,1,1,1,4,1,1,1,12,1,5
SF,IF2106,2020-10-21 09:34:45.300,4604.6000,1640,0,48343620.000,0,-,-,-,-,4602.2000,4602.0000,4601.2000,4600.0000,4591.0000,4605.0000,4605.4000,4614.4000,4614.8000,4625.0000,1,1,1,4,1,1,1,12,1,5
SF,IF2106,2020-10-21 09:34:47.300,4604.6000,1640,0,48343620.000,0,-,-,-,-,4602.4000,4602.2000,4602.0000,4601.2000,4600.0000,4605.0000,4614.8000,4625.0000,4649.8000,4655.2000,1,1,1,1,4,1,1,5,1,6
SF,IF2106,2020-10-21 09:34:47.800,4604.6000,1640,0,48343620.000,0,-,-,-,-,4602.6000,4602.4000,4602.2000,4602.0000,4600.0000,4614.8000,4625.0000,4649.8000,4655.2000,4674.8000,1,1,1,1,4,1,5,1,6,1
SF,IF2106,2020-10-21 09:34:48.300,4604.6000,1640,0,48343620.000,0,-,-,-,-,4602.8000,4602.6000,4602.4000,4602.0000,4600.0000,4607.2000,4614.6000,4614.8000,4625.0000,4649.8000,1,1,1,1,4,1,1,1,5,1
SF,IF2106,2020-10-21 09:34:48.800,4604.6000,1640,0,48343620.000,0,-,-,-,-,4603.0000,4602.8000,4602.4000,4602.0000,4600.0000,4607.0000,4607.2000,4608.4000,4614.8000,4625.0000,1,1,1,1,4,1,1,1,1,5
SF,IF2106,2020-10-21 09:34:49.300,4604.6000,1640,0,48343620.000,0,-,-,-,-,4603.2000,4602.4000,4602.0000,4600.0000,4591.0000,4607.0000,4607.2000,4608.4000,4614.8000,4625.0000,1,1,1,4,1,1,1,1,1,5
SF,IF2106,2020-10-21 09:34:49.800,4604.6000,1640,0,48343620.000,0,-,-,-,-,4603.2000,4602.4000,4602.0000,4600.0000,4591.0000,4606.6000,4607.0000,4607.2000,4614.8000,4625.0000,1,1,1,4,1,1,1,1,1,5
SF,IF2106,2020-10-21 09:34:50.300,4604.6000,1640,0,48343620.000,0,-,-,-,-,4603.2000,4602.4000,4602.0000,4600.0000,4591.0000,4606.4000,4606.6000,4607.2000,4614.8000,4625.0000,1,1,1,4,1,1,1,1,1,5
SF,IF2106,2020-10-21 09:34:50.800,4604.6000,1640,0,48343620.000,0,-,-,-,-,4603.2000,4602.4000,4602.0000,4600.0000,4591.0000,4606.2000,4606.4000,4607.2000,4614.8000,4625.0000,1,1,1,4,1,1,1,1,1,5
SF,IF2106,2020-10-21 09:34:51.300,4604.6000,1640,0,48343620.000,0,-,-,-,-,4603.2000,4602.4000,4602.0000,4600.0000,4591.0000,4606.0000,4606.2000,4607.2000,4614.8000,4625.0000,1,1,1,4,1,1,1,1,1,5
SF,IF2106,2020-10-21 09:34:51.800,4604.6000,1640,0,48343620.000,0,-,-,-,-,4603.2000,4602.4000,4602.0000,4600.0000,4591.0000,4606.0000,4607.2000,4614.8000,4625.0000,4649.8000,1,1,1,4,1,1,1,1,5,1
SF,IF2106,2020-10-21 09:34:52.300,4604.6000,1640,0,48343620.000,0,-,-,-,-,4603.2000,4602.4000,4602.0000,4600.0000,4591.0000,4605.6000,4606.0000,4607.2000,4614.8000,4625.0000,1,1,1,4,1,1,1,1,1,5
SF,IF2106,2020-10-21 09:34:52.800,4604.6000,1640,0,48343620.000,0,-,-,-,-,4602.4000,4602.0000,4600.0000,4591.0000,4590.0000,4605.6000,4606.0000,4607.2000,4614.8000,4625.0000,1,1,4,1,5,1,1,1,1,5
SF,IF2106,2020-10-21 09:34:53.300,4604.6000,1640,0,48343620.000,0,-,-,-,-,4602.6000,4602.4000,4602.0000,4600.0000,4591.0000,4605.6000,4606.0000,4607.2000,4614.8000,4625.0000,2,1,1,4,1,1,1,1,1,5
SF,IF2106,2020-10-21 09:34:56.300,4604.6000,1640,0,48343620.000,0,-,-,-,-,4602.6000,4602.4000,4602.0000,4600.0000,4591.0000,4605.6000,4606.0000,4607.2000,4614.8000,4625.0000,2,1,1,4,1,1,1,1,1,5
SF,IF2106,2020-10-21 09:34:57.800,4604.6000,1640,0,48343620.000,0,-,-,-,-,4602.6000,4602.0000,4600.0000,4591.0000,4590.0000,4605.6000,4606.0000,4607.2000,4614.8000,4625.0000,2,1,4,1,5,1,1,1,1,5
SF,IF2106,2020-10-21 09:34:58.300,4604.6000,1640,0,48343620.000,0,-,-,-,-,4602.6000,4602.0000,4600.0000,4591.0000,4590.0000,4605.4000,4605.6000,4607.2000,4614.8000,4625.0000,2,1,4,1,5,1,1,1,1,5
SF,IF2106,2020-10-21 09:34:59.300,4604.6000,1640,0,48343620.000,0,-,-,-,-,4602.6000,4602.0000,4600.0000,4591.0000,4590.0000,4605.2000,4605.4000,4607.2000,4614.8000,4625.0000,2,1,5,1,5,1,1,1,1,5
SF,IF2106,2020-10-21 09:34:59.800,4604.6000,1640,0,48343620.000,0,-,-,-,-,4602.6000,4602.0000,4600.0000,4591.0000,4590.0000,4605.0000,4605.2000,4607.2000,4614.8000,4625.0000,2,1,5,1,5,1,1,1,1,5
SF,IF2106,2020-10-21 09:35:00.300,4604.6000,1640,0,48343620.000,0,-,-,-,-,4602.6000,4602.0000,4600.0000,4591.0000,4590.0000,4605.0000,4605.2000,4607.2000,4614.8000,4625.0000,1,1,5,1,5,1,1,1,1,5
SF,IF2106,2020-10-21 09:35:00.800,4605.0000,1640,0,49725120.000,1,0,1,多换,S,4602.6000,4602.0000,4600.0000,4591.0000,4590.0000,4604.8000,4607.2000,4614.8000,4625.0000,4648.8000,1,1,5,1,5,1,1,1,5,12
SF,IF2106,2020-10-21 09:35:01.300,4605.0000,1640,0,49725120.000,0,-,-,-,-,4602.8000,4602.6000,4600.0000,4591.0000,4590.0000,4604.8000,4607.2000,4614.8000,4625.0000,4648.8000,2,1,5,1,5,2,1,1,5,12
SF,IF2106,2020-10-21 09:35:01.800,4605.0000,1640,0,49725120.000,0,-,-,-,-,4602.8000,4600.0000,4591.0000,4590.0000,4589.6000,4604.6000,4604.8000,4614.8000,4625.0000,4648.8000,2,5,1,5,3,1,2,1,5,12
SF,IF2106,2020-10-21 09:35:02.300,4602.8000,1640,0,52486800.000,2,1,1,多换,S,4600.0000,4591.0000,4590.0000,4588.0000,4580.0000,4604.4000,4604.6000,4604.8000,4614.8000,4625.0000,5,1,5,1,1,2,1,1,1,5
SF,IF2106,2020-10-21 09:35:02.800,4602.8000,1640,0,52486800.000,0,-,-,-,-,4600.2000,4600.0000,4591.0000,4590.0000,4588.0000,4604.4000,4604.6000,4604.8000,4614.8000,4625.0000,2,5,1,5,1,2,1,1,1,5
SF,IF2106,2020-10-21 09:35:03.300,4602.8000,1640,0,52486800.000,0,-,-,-,-,4600.2000,4600.0000,4591.0000,4590.0000,4588.0000,4604.6000,4614.8000,4625.0000,4648.8000,4649.8000,3,5,1,5,1,1,1,5,12,1
SF,IF2106,2020-10-21 09:35:03.800,4602.8000,1640,0,52486800.000,0,-,-,-,-,4600.2000,4600.0000,4591.0000,4590.0000,4588.0000,4604.6000,4614.8000,4625.0000,4648.8000,4649.8000,2,5,1,5,1,1,1,5,12,1
SF,IF2106,2020-10-21 09:35:04.300,4602.8000,1640,0,52486800.000,0,-,-,-,-,4600.2000,4600.0000,4591.0000,4590.0000,4588.0000,4604.6000,4614.8000,4625.0000,4648.8000,4649.8000,3,5,1,5,1,1,1,5,12,1
SF,IF2106,2020-10-21 09:35:05.300,4602.8000,1640,0,52486800.000,0,-,-,-,-,4600.2000,4600.0000,4591.0000,4590.0000,4588.0000,4614.8000,4625.0000,4648.8000,4649.8000,4655.2000,3,5,1,5,1,1,5,12,1,6
SF,IF2106,2020-10-21 09:35:05.800,4602.8000,1640,0,52486800.000,0,-,-,-,-,4600.2000,4600.0000,4591.0000,4590.0000,4588.0000,4607.2000,4614.6000,4614.8000,4625.0000,4648.8000,3,5,1,5,1,1,4,1,5,12
SF,IF2106,2020-10-21 09:35:06.300,4602.8000,1640,0,52486800.000,0,-,-,-,-,4600.2000,4600.0000,4591.0000,4590.0000,4588.0000,4604.6000,4607.0000,4607.6000,4614.6000,4614.8000,2,5,1,5,1,1,1,1,3,1
SF,IF2106,2020-10-21 09:35:06.800,4602.8000,1640,0,52486800.000,0,-,-,-,-,4600.2000,4600.0000,4591.0000,4590.0000,4588.0000,4604.4000,4604.6000,4606.4000,4614.6000,4614.8000,2,5,1,5,1,1,1,1,3,1
SF,IF2106,2020-10-21 09:35:07.800,4602.8000,1640,0,52486800.000,0,-,-,-,-,4600.2000,4600.0000,4591.0000,4590.0000,4588.0000,4604.4000,4604.6000,4614.6000,4614.8000,4625.0000,3,5,1,5,1,1,1,3,1,5
SF,IF2106,2020-10-21 09:35:08.300,4602.8000,1640,0,52486800.000,0,-,-,-,-,4600.2000,4600.0000,4591.0000,4590.0000,4588.0000,4603.8000,4604.2000,4604.4000,4604.6000,4614.6000,1,5,1,5,1,1,1,1,1,3
SF,IF2106,2020-10-21 09:35:08.800,4602.8000,1640,0,52486800.000,0,-,-,-,-,4600.2000,4600.0000,4591.0000,4590.0000,4588.0000,4603.6000,4603.8000,4604.2000,4604.6000,4614.6000,1,5,1,5,1,1,1,1,1,3
SF,IF2106,2020-10-21 09:35:09.300,4602.8000,1640,0,52486800.000,0,-,-,-,-,4600.2000,4600.0000,4591.0000,4590.0000,4588.0000,4602.0000,4603.6000,4604.2000,4614.6000,4614.8000,1,5,1,5,1,1,1,1,3,1
SF,IF2106,2020-10-21 09:35:09.800,4602.8000,1640,0,52486800.000,0,-,-,-,-,4600.0000,4591.0000,4590.0000,4588.0000,4580.0000,4603.2000,4603.6000,4604.2000,4614.6000,4614.8000,5,1,5,1,1,1,1,1,3,1
SF,IF2106,2020-10-21 09:35:10.300,4602.8000,1640,0,52486800.000,0,-,-,-,-,4600.2000,4600.0000,4591.0000,4590.0000,4588.0000,4603.0000,4603.2000,4604.2000,4614.6000,4614.8000,1,5,1,5,1,1,1,1,3,1
SF,IF2106,2020-10-21 09:35:10.800,4602.8000,1640,0,52486800.000,0,-,-,-,-,4600.2000,4600.0000,4591.0000,4590.0000,4588.0000,4602.0000,4602.8000,4603.0000,4603.2000,4614.6000,1,5,1,5,1,1,1,1,1,3
SF,IF2106,2020-10-21 09:35:11.300,4602.8000,1640,0,52486800.000,0,-,-,-,-,4600.0000,4591.0000,4590.0000,4588.0000,4580.0000,4601.8000,4602.0000,4602.8000,4614.6000,4614.8000,5,1,5,1,1,1,1,1,3,1
SF,IF2106,2020-10-21 09:35:11.800,4600.0000,1640,0,53866800.000,1,0,1,多换,S,4600.0000,4591.0000,4590.0000,4588.0000,4580.0000,4602.0000,4602.8000,4614.6000,4614.8000,4625.0000,4,1,5,1,1,1,1,3,1,5
SF,IF2106,2020-10-21 09:35:12.300,4600.0000,1640,0,53866800.000,0,-,-,-,-,4600.0000,4591.0000,4590.0000,4588.0000,4580.0000,4601.8000,4602.0000,4602.8000,4614.6000,4614.8000,4,1,5,1,1,1,1,1,3,1
SF,IF2106,2020-10-21 09:35:13.300,4600.0000,1640,0,53866800.000,0,-,-,-,-,4600.0000,4591.0000,4590.0000,4588.0000,4580.0000,4601.6000,4601.8000,4602.0000,4614.6000,4614.8000,4,1,5,1,1,1,1,1,3,1
SF,IF2106,2020-10-21 09:35:14.800,4600.0000,1640,0,53866800.000,0,-,-,-,-,4600.0000,4591.0000,4588.0000,4585.0000,4580.0000,4601.6000,4601.8000,4602.0000,4614.6000,4614.8000,4,1,1,5,1,1,1,1,3,1
SF,IF2106,2020-10-21 09:35:15.300,4600.0000,1640,0,55246800.000,1,0,1,多换,S,4600.0000,4591.0000,4588.0000,4585.0000,4580.0000,4601.6000,4601.8000,4614.6000,4614.8000,4625.0000,3,1,1,5,1,1,1,3,1,5
SF,IF2106,2020-10-21 09:35:16.800,4600.0000,1640,0,58006800.000,2,1,1,多换,S,4600.0000,4591.0000,4588.0000,4585.0000,4580.0000,4601.6000,4601.8000,4614.6000,4614.8000,4625.0000,1,1,1,5,1,1,1,3,1,5
SF,IF2106,2020-10-21 09:35:17.300,4600.0000,1640,0,59386800.000,1,0,1,多换,S,4591.0000,4588.0000,4585.0000,4580.0000,4559.2000,4601.6000,4614.6000,4614.8000,4625.0000,4648.8000,1,1,5,1,6,1,3,1,5,12
SF,IF2106,2020-10-21 09:35:17.800,4600.0000,1640,0,59386800.000,0,-,-,-,-,4595.8000,4594.2000,4591.2000,4591.0000,4588.0000,4601.6000,4614.6000,4614.8000,4625.0000,4648.8000,1,2,2,1,1,1,3,1,5,12
SF,IF2106,2020-10-21 09:35:18.300,4600.0000,1640,0,59386800.000,0,-,-,-,-,4596.0000,4594.2000,4591.0000,4588.0000,4585.0000,4601.4000,4601.6000,4614.6000,4614.8000,4625.0000,2,2,1,1,5,1,1,3,1,5
SF,IF2106,2020-10-21 09:35:18.800,4600.0000,1640,0,59386800.000,0,-,-,-,-,4596.0000,4594.2000,4591.0000,4588.0000,4585.0000,4601.2000,4614.6000,4614.8000,4625.0000,4648.8000,3,2,1,1,5,1,3,1,5,12
SF,IF2106,2020-10-21 09:35:21.800,4600.0000,1640,0,59386800.000,0,-,-,-,-,4596.8000,4596.0000,4591.0000,4588.0000,4585.0000,4601.2000,4614.6000,4614.8000,4625.0000,4648.8000,2,3,1,1,5,1,3,1,5,12
SF,IF2106,2020-10-21 09:35:22.300,4601.2000,1639,-1,60767160.000,1,0,1,双平,S,4597.0000,4596.8000,4596.0000,4591.0000,4588.0000,4614.6000,4614.8000,4625.0000,4648.8000,4649.8000,1,2,1,1,1,3,1,5,12,1
SF,IF2106,2020-10-21 09:35:22.800,4601.2000,1639,0,60767160.000,0,-,-,-,-,4597.2000,4597.0000,4596.8000,4596.0000,4591.0000,4612.4000,4614.4000,4614.6000,4614.8000,4625.0000,1,1,2,1,1,1,1,3,1,5
SF,IF2106,2020-10-21 09:35:23.300,4601.2000,1639,0,60767160.000,0,-,-,-,-,4597.4000,4597.2000,4596.8000,4596.0000,4591.0000,4612.2000,4612.4000,4614.6000,4614.8000,4625.0000,1,1,2,1,1,3,1,3,1,5
SF,IF2106,2020-10-21 09:35:23.800,4601.2000,1639,0,60767160.000,0,-,-,-,-,4597.6000,4597.4000,4596.0000,4591.0000,4588.0000,4612.2000,4614.6000,4614.8000,4625.0000,4648.8000,1,1,1,1,1,3,3,1,5,12
SF,IF2106,2020-10-21 09:35:24.300,4601.2000,1639,0,60767160.000,0,-,-,-,-,4597.8000,4597.6000,4596.0000,4591.0000,4588.0000,4606.2000,4607.2000,4608.6000,4611.0000,4612.2000,1,1,1,1,1,1,1,1,1,3
SF,IF2106,2020-10-21 09:35:24.800,4601.2000,1639,0,60767160.000,0,-,-,-,-,4598.0000,4597.8000,4596.0000,4591.0000,4588.0000,4605.4000,4606.0000,4606.2000,4607.0000,4607.2000,1,1,1,1,1,1,1,1,1,1
SF,IF2106,2020-10-21 09:35:25.300,4601.2000,1639,0,60767160.000,0,-,-,-,-,4598.2000,4598.0000,4596.0000,4591.0000,4588.0000,4604.8000,4605.2000,4605.4000,4605.6000,4607.0000,1,1,1,1,1,1,1,1,1,1
SF,IF2106,2020-10-21 09:35:25.800,4601.2000,1639,0,60767160.000,0,-,-,-,-,4598.4000,4598.2000,4596.0000,4591.0000,4588.0000,4604.8000,4605.4000,4605.6000,4607.0000,4608.2000,1,1,1,1,1,1,1,1,1,1
SF,IF2106,2020-10-21 09:35:26.300,4601.2000,1639,0,60767160.000,0,-,-,-,-,4598.6000,4598.4000,4596.0000,4591.0000,4588.0000,4604.8000,4605.4000,4605.6000,4607.0000,4608.4000,1,1,1,1,1,1,1,1,1,1
SF,IF2106,2020-10-21 09:35:26.800,4601.2000,1639,0,60767160.000,0,-,-,-,-,4598.8000,4598.6000,4596.0000,4591.0000,4588.0000,4605.4000,4605.6000,4607.0000,4608.4000,4608.6000,1,1,1,1,1,1,1,1,1,1
SF,IF2106,2020-10-21 09:35:27.300,4601.2000,1639,0,60767160.000,0,-,-,-,-,4599.0000,4598.8000,4596.0000,4591.0000,4588.0000,4604.4000,4605.4000,4607.0000,4608.2000,4608.4000,1,1,1,1,1,1,1,1,1,1
SF,IF2106,2020-10-21 09:35:27.800,4601.2000,1639,0,60767160.000,0,-,-,-,-,4599.2000,4599.0000,4596.0000,4591.0000,4588.0000,4605.4000,4607.0000,4608.2000,4608.4000,4610.6000,1,1,1,1,1,1,1,1,1,1
SF,IF2106,2020-10-21 09:35:28.300,4601.2000,1639,0,60767160.000,0,-,-,-,-,4599.4000,4599.2000,4596.0000,4591.0000,4588.0000,4605.2000,4605.4000,4607.0000,4607.4000,4608.2000,1,1,1,1,1,1,1,1,1,1
SF,IF2106,2020-10-21 09:35:28.800,4601.2000,1639,0,60767160.000,0,-,-,-,-,4599.6000,4599.4000,4596.0000,4591.0000,4588.0000,4604.6000,4605.2000,4605.4000,4607.0000,4607.4000,1,1,1,1,1,1,1,1,1,1
SF,IF2106,2020-10-21 09:35:29.300,4601.2000,1639,0,60767160.000,0,-,-,-,-,4599.8000,4599.6000,4596.0000,4591.0000,4588.0000,4604.6000,4605.4000,4607.0000,4607.4000,4608.4000,1,1,1,1,1,1,1,1,1,1
SF,IF2106,2020-10-21 09:35:29.800,4601.2000,1639,0,60767160.000,0,-,-,-,-,4600.0000,4599.8000,4596.0000,4591.0000,4588.0000,4604.4000,4604.6000,4605.4000,4607.0000,4607.4000,1,1,1,1,1,1,1,1,1,1
SF,IF2106,2020-10-21 09:35:30.300,4601.2000,1639,0,60767160.000,0,-,-,-,-,4600.2000,4600.0000,4596.0000,4591.0000,4588.0000,4604.4000,4604.6000,4605.4000,4607.0000,4607.4000,1,1,1,1,1,1,1,1,1,1
SF,IF2106,2020-10-21 09:35:30.800,4601.2000,1639,0,60767160.000,0,-,-,-,-,4600.4000,4600.2000,4596.0000,4591.0000,4588.0000,4604.0000,4604.4000,4605.4000,4607.0000,4607.4000,1,1,1,1,1,1,1,1,1,1
SF,IF2106,2020-10-21 09:35:31.300,4601.2000,1639,0,60767160.000,0,-,-,-,-,4600.6000,4600.4000,4596.0000,4591.0000,4588.0000,4604.0000,4604.4000,4605.4000,4607.0000,4607.4000,1,1,1,1,1,1,1,1,1,1
SF,IF2106,2020-10-21 09:35:31.800,4601.2000,1639,0,60767160.000,0,-,-,-,-,4600.8000,4600.6000,4596.0000,4591.0000,4588.0000,4604.0000,4604.4000,4605.4000,4607.0000,4607.4000,1,1,1,1,1,1,1,1,1,1
SF,IF2106,2020-10-21 09:35:32.300,4601.2000,1639,0,60767160.000,0,-,-,-,-,4601.0000,4600.8000,4596.0000,4591.0000,4588.0000,4604.0000,4604.4000,4605.4000,4607.0000,4607.4000,1,1,1,1,1,1,1,1,1,1
