市场代码,合约代码,时间,最新,持仓,增仓,成交额,成交量,开仓,平仓,成交类型,方向,买一价,买二价,买三价,买四价,买五价,卖一价,卖二价,卖三价,卖四价,卖五价,买一量,买二量,买三量,买四量,买五量,卖一量,卖二量,卖三量,卖四量,卖五量
SF,IF2103,2020-09-21 09:29:00.300,4658.2000,13028,0,1397460.000,1.000,-,-,-,-,4658.0000,4650.0000,4647.8000,4643.0000,4641.8000,4659.0000,4666.0000,4668.0000,4669.0000,4670.6000,1,3,1,2,4,1,1,5,1,4
SF,IF2103,2020-09-21 09:30:00.300,4655.6000,13030,2,9780240.000,6,4,2,空开,S,4650.0000,4647.8000,4643.0000,4641.8000,4641.6000,4656.0000,4656.4000,4656.8000,4657.0000,4657.2000,1,1,2,2,1,1,1,1,2,1
SF,IF2103,2020-09-21 09:30:00.800,4655.6000,13029,-1,11176920.000,1,0,1,双平,S,4650.0000,4647.8000,4643.0000,4641.8000,4641.6000,4654.8000,4655.2000,4655.8000,4656.0000,4656.4000,2,1,2,2,1,2,1,1,1,1
SF,IF2103,2020-09-21 09:30:01.300,4650.2000,13028,-1,12571980.000,1,0,1,双平,S,4650.2000,4650.0000,4647.8000,4643.0000,4641.8000,4654.6000,4655.2000,4655.8000,4656.0000,4656.4000,2,2,1,2,2,1,1,1,1,1
SF,IF2103,2020-09-21 09:30:01.800,4650.2000,13027,-1,13967040.000,1,0,1,双平,S,4650.4000,4650.2000,4650.0000,4643.0000,4641.8000,4654.6000,4655.2000,4655.8000,4656.0000,4656.4000,1,2,1,2,2,1,1,1,1,1
SF,IF2103,2020-09-21 09:30:02.300,4650.2000,13027,0,13967040.000,0,-,-,-,-,4650.6000,4650.4000,4650.0000,4646.2000,4643.0000,4653.2000,4654.6000,4655.2000,4655.8000,4656.0000,2,1,1,1,2,2,1,1,1,1
SF,IF2103,2020-09-21 09:30:02.800,4650.8000,13024,-3,22341960.000,6,1,5,多平,S,4650.8000,4650.6000,4650.0000,4646.2000,4643.0000,4655.8000,4656.0000,4659.0000,4660.2000,4660.4000,1,1,1,1,3,1,1,1,2,2
SF,IF2103,2020-09-21 09:30:03.300,4650.8000,13023,-1,23737200.000,1,0,1,双平,S,4651.0000,4650.0000,4646.2000,4643.0000,4641.6000,4655.4000,4655.8000,4656.0000,4659.0000,4660.2000,3,1,1,3,1,1,1,1,1,2
SF,IF2103,2020-09-21 09:30:03.800,4654.8000,13023,0,25133640.000,1,0,1,多换,S,4651.0000,4650.0000,4646.2000,4643.0000,4641.6000,4654.8000,4655.0000,4655.4000,4655.8000,4656.0000,3,1,1,3,1,1,1,2,1,1
SF,IF2103,2020-09-21 09:30:04.300,4651.2000,13022,-1,26529000.000,1,0,1,双平,S,4651.0000,4650.0000,4643.0000,4641.6000,4640.0000,4654.2000,4655.0000,4655.4000,4656.0000,4659.0000,3,1,2,1,1,1,1,1,1,1
SF,IF2103,2020-09-21 09:30:04.800,4651.2000,13022,0,26529000.000,0,-,-,-,-,4651.2000,4651.0000,4650.0000,4643.0000,4641.6000,4653.8000,4654.2000,4655.0000,4656.0000,4659.0000,1,3,1,2,1,1,1,1,1,1
SF,IF2103,2020-09-21 09:30:05.300,4651.2000,13021,-1,27924360.000,1,0,1,双平,S,4651.6000,4651.4000,4650.0000,4643.0000,4641.6000,4653.4000,4653.6000,4653.8000,4654.2000,4656.0000,1,2,1,2,1,1,1,1,1,1
SF,IF2103,2020-09-21 09:30:05.800,4651.6000,13020,-1,29319840.000,1,0,1,双平,S,4651.8000,4651.6000,4650.0000,4643.0000,4641.6000,4653.4000,4653.8000,4654.2000,4656.0000,4659.0000,2,1,1,2,1,1,1,1,1,1
SF,IF2103,2020-09-21 09:30:06.300,4653.4000,13019,-1,30715860.000,1,0,1,双平,S,4651.8000,4650.0000,4643.0000,4641.6000,4640.0000,4653.8000,4654.2000,4656.0000,4659.0000,4660.0000,1,1,2,1,1,1,1,1,1,1
SF,IF2103,2020-09-21 09:30:06.800,4653.4000,13022,3,34903920.000,3,3,0,双开,S,4651.8000,4650.0000,4643.0000,4641.6000,4640.0000,4653.2000,4653.8000,4654.2000,4655.0000,4656.0000,1,1,2,1,1,1,1,1,1,1
SF,IF2103,2020-09-21 09:30:07.300,4653.4000,13022,0,34903920.000,0,-,-,-,-,4651.8000,4650.0000,4643.0000,4641.6000,4640.0000,4653.2000,4653.8000,4654.2000,4655.0000,4656.0000,2,1,2,1,1,1,1,1,1,1
SF,IF2103,2020-09-21 09:30:07.800,4653.4000,13022,0,34903920.000,0,-,-,-,-,4651.8000,4650.0000,4643.0000,4641.6000,4640.0000,4653.0000,4653.2000,4653.8000,4654.2000,4655.0000,2,1,2,1,1,4,1,1,1,1
SF,IF2103,2020-09-21 09:30:08.300,4653.0000,13022,0,40487520.000,4,2,2,多换,S,4651.8000,4650.0000,4643.0000,4641.6000,4640.0000,4653.2000,4653.8000,4654.2000,4655.0000,4656.0000,1,1,2,1,1,1,1,1,1,1
SF,IF2103,2020-09-21 09:30:08.800,4653.2000,13023,1,41883480.000,1,1,0,双开,S,4651.8000,4650.0000,4643.0000,4641.6000,4640.0000,4653.2000,4653.8000,4654.2000,4655.0000,4656.0000,1,1,2,1,1,1,1,1,1,1
SF,IF2103,2020-09-21 09:30:09.300,4651.8000,13023,0,43279020.000,1,0,1,多换,S,4650.0000,4643.0000,4641.6000,4640.0000,4639.0000,4653.8000,4654.2000,4655.0000,4656.0000,4659.0000,1,2,1,1,12,1,1,1,1,1
SF,IF2103,2020-09-21 09:30:09.800,4651.8000,13023,0,43279020.000,0,-,-,-,-,4650.0000,4643.0000,4641.6000,4640.0000,4639.0000,4653.6000,4653.8000,4654.2000,4655.0000,4656.0000,1,2,1,1,12,1,1,1,1,1
SF,IF2103,2020-09-21 09:30:10.300,4650.0000,13023,0,44674020.000,1,0,1,多换,S,4650.0000,4643.0000,4641.6000,4640.0000,4639.0000,4653.6000,4653.8000,4654.2000,4655.0000,4656.0000,1,2,1,1,12,1,1,1,1,1
SF,IF2103,2020-09-21 09:30:10.800,4650.0000,13022,-1,46069020.000,1,0,1,双平,S,4650.2000,4643.0000,4641.6000,4640.0000,4639.0000,4653.2000,4653.6000,4653.8000,4654.2000,4655.0000,1,2,1,1,12,1,1,1,1,1
SF,IF2103,2020-09-21 09:30:11.300,4650.0000,13021,-1,47464020.000,1,0,1,双平,S,4643.0000,4641.6000,4640.0000,4639.0000,4635.0000,4652.6000,4653.0000,4653.2000,4653.8000,4655.0000,2,1,1,12,1,1,1,1,1,1
SF,IF2103,2020-09-21 09:30:11.800,4650.0000,13021,0,47464020.000,0,-,-,-,-,4650.0000,4646.4000,4646.0000,4645.2000,4644.0000,4652.2000,4652.4000,4652.6000,4653.2000,4655.0000,1,2,1,1,3,1,1,1,1,1
SF,IF2103,2020-09-21 09:30:12.300,4650.0000,13021,0,47464020.000,0,-,-,-,-,4650.0000,4646.4000,4646.0000,4645.2000,4644.0000,4652.2000,4652.4000,4652.6000,4653.2000,4655.0000,3,1,1,1,3,1,1,1,1,1
SF,IF2103,2020-09-21 09:30:12.800,4650.0000,13021,0,47464020.000,0,-,-,-,-,4650.0000,4646.4000,4646.0000,4645.2000,4644.0000,4652.0000,4652.2000,4652.4000,4652.6000,4653.2000,3,1,1,1,3,1,1,1,1,1
SF,IF2103,2020-09-21 09:30:13.800,4650.0000,13021,0,47464020.000,0,-,-,-,-,4650.4000,4650.0000,4646.4000,4646.0000,4645.2000,4652.0000,4652.2000,4652.4000,4652.6000,4653.2000,1,3,1,1,1,1,1,1,1,1
SF,IF2103,2020-09-21 09:30:14.300,4652.2000,13020,-1,48859680.000,1,0,1,双平,S,4650.4000,4650.0000,4646.4000,4646.0000,4645.2000,4652.6000,4653.2000,4655.0000,4656.0000,4659.0000,1,3,1,1,1,1,1,1,1,1
SF,IF2103,2020-09-21 09:30:14.800,4652.6000,13020,0,50255460.000,1,0,1,多换,S,4650.4000,4650.0000,4645.2000,4644.0000,4643.6000,4652.4000,4653.2000,4655.0000,4656.0000,4659.0000,1,3,1,3,2,4,1,1,1,1
SF,IF2103,2020-09-21 09:30:15.300,4652.6000,13020,0,50255460.000,0,-,-,-,-,4650.4000,4650.0000,4645.2000,4644.0000,4643.6000,4652.4000,4653.2000,4655.0000,4656.0000,4659.0000,1,3,1,3,2,4,1,1,1,1
SF,IF2103,2020-09-21 09:30:15.800,4652.6000,13020,0,50255460.000,0,-,-,-,-,4650.6000,4650.0000,4645.2000,4644.0000,4643.6000,4652.2000,4652.4000,4653.2000,4655.0000,4656.0000,1,3,1,3,2,4,4,1,1,1
SF,IF2103,2020-09-21 09:30:16.300,4650.6000,13019,-1,51650640.000,1,0,1,双平,S,4650.0000,4645.2000,4644.0000,4643.6000,4643.4000,4652.2000,4652.4000,4653.2000,4655.0000,4656.0000,3,1,3,2,1,4,4,1,1,1
SF,IF2103,2020-09-21 09:30:16.800,4650.6000,13019,0,51650640.000,0,-,-,-,-,4650.0000,4645.2000,4644.0000,4643.6000,4643.4000,4650.4000,4650.6000,4652.2000,4652.4000,4653.2000,3,1,3,2,1,3,1,4,4,1
SF,IF2103,2020-09-21 09:30:17.300,4650.0000,13015,-4,58626000.000,5,0,5,多平,S,4650.0000,4645.2000,4644.0000,4643.6000,4643.4000,4650.6000,4652.2000,4652.4000,4653.2000,4655.0000,1,1,3,2,1,1,4,4,1,1
SF,IF2103,2020-09-21 09:30:18.300,4650.0000,13014,-1,60021000.000,1,0,1,双平,S,4645.2000,4644.0000,4643.6000,4643.4000,4643.0000,4650.6000,4652.2000,4652.4000,4653.2000,4655.0000,1,3,2,1,3,2,4,4,1,1
SF,IF2103,2020-09-21 09:30:18.800,4650.0000,13014,0,60021000.000,0,-,-,-,-,4645.8000,4645.4000,4645.2000,4644.0000,4643.4000,4650.4000,4650.6000,4652.4000,4653.2000,4655.0000,4,1,1,3,1,5,1,4,1,1
SF,IF2103,2020-09-21 09:30:19.300,4650.0000,13014,0,60021000.000,0,-,-,-,-,4646.4000,4646.0000,4645.8000,4645.4000,4645.2000,4650.4000,4650.6000,4652.4000,4653.2000,4655.0000,2,1,3,1,1,5,1,4,1,1
SF,IF2103,2020-09-21 09:30:19.800,4650.0000,13014,0,60021000.000,0,-,-,-,-,4647.0000,4646.8000,4646.6000,4646.4000,4645.8000,4650.4000,4650.6000,4652.4000,4653.2000,4655.0000,1,1,1,1,2,5,1,4,1,1
SF,IF2103,2020-09-21 09:30:20.300,4650.0000,13014,0,60021000.000,0,-,-,-,-,4647.6000,4647.4000,4646.8000,4646.6000,4645.8000,4650.2000,4650.4000,4650.6000,4652.4000,4653.2000,1,1,1,1,2,4,5,1,4,1
SF,IF2103,2020-09-21 09:30:20.800,4650.0000,13014,0,61416000.000,1,0,1,多换,S,4647.8000,4647.4000,4646.8000,4646.6000,4645.8000,4650.0000,4650.2000,4650.4000,4650.6000,4652.4000,1,1,1,1,2,1,4,4,1,4
SF,IF2103,2020-09-21 09:30:21.300,4650.0000,13014,0,61416000.000,0,-,-,-,-,4647.4000,4646.6000,4645.8000,4645.2000,4644.0000,4649.8000,4650.0000,4650.2000,4650.4000,4650.6000,1,1,1,1,3,1,2,4,4,1
SF,IF2103,2020-09-21 09:30:21.800,4650.0000,13014,0,61416000.000,0,-,-,-,-,4648.2000,4646.6000,4645.8000,4645.2000,4644.0000,4649.8000,4650.0000,4650.2000,4650.4000,4650.6000,1,1,1,1,3,1,2,4,4,1
SF,IF2103,2020-09-21 09:30:22.300,4650.0000,13014,0,65601000.000,3,1,2,多换,S,4645.8000,4644.0000,4643.0000,4641.4000,4640.0000,4649.6000,4649.8000,4650.0000,4650.2000,4650.6000,1,3,3,1,1,4,1,2,4,1
SF,IF2103,2020-09-21 09:30:22.800,4650.0000,13014,0,65601000.000,0,-,-,-,-,4647.0000,4646.4000,4645.8000,4644.0000,4643.0000,4649.4000,4649.6000,4649.8000,4650.0000,4650.2000,1,1,1,3,3,2,4,1,2,4
SF,IF2103,2020-09-21 09:30:23.300,4650.0000,13014,0,65601000.000,0,-,-,-,-,4647.0000,4646.8000,4646.4000,4644.0000,4643.0000,4649.2000,4649.4000,4649.6000,4650.0000,4650.6000,1,1,1,3,3,5,2,4,2,1
SF,IF2103,2020-09-21 09:30:23.800,4650.0000,13014,0,65601000.000,0,-,-,-,-,4647.0000,4646.8000,4646.4000,4644.0000,4643.0000,4649.2000,4649.4000,4649.6000,4650.0000,4650.6000,1,1,1,3,3,5,1,4,2,1
SF,IF2103,2020-09-21 09:30:24.300,4649.2000,13013,-1,69785280.000,3,1,2,多平,S,4647.4000,4647.0000,4646.8000,4644.0000,4643.0000,4649.0000,4649.2000,4649.4000,4649.6000,4650.0000,1,1,1,3,3,1,2,1,4,2
SF,IF2103,2020-09-21 09:30:24.800,4649.2000,13013,0,72574740.000,2,1,1,多换,S,4647.6000,4646.8000,4644.0000,4643.0000,4641.4000,4649.2000,4649.6000,4650.0000,4650.6000,4652.4000,2,1,3,3,1,1,4,2,1,4
SF,IF2103,2020-09-21 09:30:25.300,4649.2000,13013,0,73969500.000,1,0,1,多换,S,4648.0000,4647.6000,4646.8000,4644.0000,4643.0000,4649.6000,4650.0000,4650.6000,4652.4000,4653.2000,1,1,1,3,3,4,2,1,4,1
SF,IF2103,2020-09-21 09:30:25.800,4649.2000,13013,0,73969500.000,0,-,-,-,-,4648.4000,4644.0000,4643.0000,4641.4000,4640.0000,4649.6000,4650.0000,4652.4000,4653.2000,4655.0000,2,3,3,1,1,4,2,4,1,1
SF,IF2103,2020-09-21 09:30:26.300,4649.6000,13013,0,76759260.000,2,1,1,多换,S,4648.6000,4648.4000,4644.0000,4643.0000,4641.4000,4649.6000,4650.0000,4652.4000,4653.2000,4655.0000,2,1,3,3,1,2,2,4,1,1
SF,IF2103,2020-09-21 09:30:26.800,4649.6000,13015,2,79549020.000,2,2,0,双开,S,4644.0000,4643.0000,4641.4000,4640.0000,4639.0000,4650.0000,4652.4000,4653.2000,4655.0000,4656.0000,3,3,1,1,12,2,4,1,1,1
SF,IF2103,2020-09-21 09:30:27.300,4649.6000,13015,0,79549020.000,0,-,-,-,-,4647.6000,4645.2000,4644.6000,4644.2000,4644.0000,4650.0000,4652.4000,4653.2000,4655.0000,4656.0000,1,1,3,2,4,2,4,1,1,1
SF,IF2103,2020-09-21 09:30:27.800,4648.0000,13014,-1,80943420.000,1,0,1,双平,S,4648.0000,4645.2000,4644.6000,4644.2000,4644.0000,4650.0000,4652.4000,4653.2000,4655.0000,4656.0000,1,1,2,2,4,2,4,1,1,1
SF,IF2103,2020-09-21 09:30:28.300,4648.0000,13014,0,80943420.000,0,-,-,-,-,4648.4000,4648.2000,4648.0000,4647.0000,4645.2000,4650.0000,4652.4000,4653.2000,4655.0000,4656.0000,2,1,1,2,1,2,4,1,1,1
SF,IF2103,2020-09-21 09:30:28.800,4648.0000,13014,0,80943420.000,0,-,-,-,-,4649.0000,4648.6000,4648.2000,4647.0000,4645.2000,4649.8000,4650.0000,4652.4000,4653.2000,4655.0000,2,1,2,2,1,1,2,4,1,1
SF,IF2103,2020-09-21 09:30:29.300,4649.8000,13013,-1,82338360.000,1,0,1,双平,S,4649.0000,4648.6000,4648.2000,4647.0000,4645.2000,4650.0000,4652.4000,4653.2000,4655.0000,4656.0000,2,1,2,2,1,1,4,1,1,1
SF,IF2103,2020-09-21 09:30:29.800,4650.0000,13012,-1,83733360.000,1,0,1,双平,S,4649.6000,4649.4000,4649.0000,4648.2000,4647.0000,4652.4000,4653.2000,4655.0000,4656.0000,4659.0000,1,2,2,2,2,4,1,1,1,1
SF,IF2103,2020-09-21 09:30:30.300,4650.0000,13012,0,83733360.000,0,-,-,-,-,4649.8000,4649.6000,4649.4000,4649.2000,4649.0000,4652.4000,4653.2000,4655.0000,4656.0000,4659.0000,1,2,2,1,2,4,1,1,1,1
SF,IF2103,2020-09-21 09:30:30.800,4650.0000,13012,0,83733360.000,0,-,-,-,-,4649.8000,4649.6000,4649.4000,4649.2000,4649.0000,4652.4000,4653.2000,4655.0000,4656.0000,4659.0000,1,2,2,1,2,4,1,1,1,1
SF,IF2103,2020-09-21 09:30:31.300,4652.4000,13012,0,86524800.000,2,1,1,多换,S,4650.4000,4650.0000,4649.8000,4649.6000,4649.4000,4652.4000,4653.2000,4655.0000,4656.0000,4659.0000,1,1,2,1,2,2,1,1,1,1
SF,IF2103,2020-09-21 09:30:31.800,4652.4000,13012,0,86524800.000,0,-,-,-,-,4650.4000,4650.0000,4649.8000,4649.6000,4649.0000,4652.2000,4652.4000,4653.2000,4655.0000,4656.0000,1,1,1,1,2,4,2,1,1,1
SF,IF2103,2020-09-21 09:30:32.300,4650.4000,13012,0,87919920.000,1,0,1,多换,S,4650.6000,4650.4000,4650.0000,4649.8000,4649.0000,4652.2000,4652.4000,4653.2000,4655.0000,4656.0000,1,1,1,1,2,4,2,1,1,1
SF,IF2103,2020-09-21 09:30:32.800,4650.4000,13011,-1,89315040.000,1,0,1,双平,S,4650.0000,4649.8000,4649.0000,4648.0000,4647.0000,4652.2000,4652.4000,4653.2000,4655.0000,4656.0000,1,1,2,2,2,4,2,1,1,1
SF,IF2103,2020-09-21 09:30:33.300,4650.4000,13011,0,89315040.000,0,-,-,-,-,4651.0000,4650.0000,4649.8000,4649.0000,4648.0000,4652.2000,4652.4000,4653.2000,4655.0000,4656.0000,2,2,1,2,2,4,2,1,1,1
SF,IF2103,2020-09-21 09:30:33.800,4651.2000,13010,-1,92106000.000,2,0,2,多平,S,4649.8000,4649.0000,4648.0000,4647.0000,4645.2000,4652.0000,4652.2000,4652.4000,4653.2000,4655.0000,1,2,2,2,1,1,4,2,1,1
SF,IF2103,2020-09-21 09:30:34.300,4651.2000,13010,0,92106000.000,0,-,-,-,-,4651.4000,4649.8000,4649.0000,4648.0000,4647.0000,4652.0000,4652.2000,4652.4000,4653.2000,4655.0000,2,1,2,2,2,1,4,2,1,1
SF,IF2103,2020-09-21 09:30:34.800,4649.8000,13007,-3,96291780.000,3,0,3,双平,S,4648.0000,4647.0000,4645.2000,4645.0000,4644.6000,4651.4000,4651.8000,4652.0000,4652.2000,4653.2000,2,2,1,1,2,1,2,1,4,1
SF,IF2103,2020-09-21 09:30:35.300,4649.8000,13007,0,96291780.000,0,-,-,-,-,4648.4000,4648.0000,4647.0000,4645.2000,4645.0000,4651.2000,4651.4000,4651.8000,4652.0000,4653.2000,2,2,2,1,1,5,2,2,1,1
SF,IF2103,2020-09-21 09:30:35.800,4648.4000,13007,0,97686300.000,1,0,1,多换,S,4650.0000,4648.0000,4647.0000,4645.2000,4645.0000,4651.0000,4651.2000,4653.2000,4655.0000,4656.0000,2,2,2,1,1,3,5,1,1,1
SF,IF2103,2020-09-21 09:30:36.300,4650.0000,13005,-2,100476300.000,2,0,2,双平,S,4648.4000,4648.0000,4647.0000,4645.2000,4645.0000,4650.0000,4650.8000,4651.0000,4651.2000,4653.2000,1,2,2,1,1,2,1,2,4,1
SF,IF2103,2020-09-21 09:30:36.800,4650.0000,13006,1,103265820.000,2,1,1,空开,S,4648.0000,4647.0000,4645.2000,4645.0000,4644.2000,4648.4000,4650.8000,4651.0000,4651.2000,4653.2000,2,2,1,1,1,1,1,2,4,1
SF,IF2103,2020-09-21 09:30:37.300,4648.2000,13005,-1,107449260.000,3,1,2,多平,S,4648.2000,4648.0000,4647.0000,4645.2000,4645.0000,4650.8000,4651.0000,4651.2000,4653.2000,4655.0000,1,2,2,1,1,1,2,4,1,1
SF,IF2103,2020-09-21 09:30:37.800,4648.2000,13005,0,107449260.000,0,-,-,-,-,4648.0000,4647.0000,4645.2000,4645.0000,4644.2000,4648.2000,4650.6000,4650.8000,4651.2000,4651.8000,2,2,1,1,1,1,1,1,4,1
SF,IF2103,2020-09-21 09:30:38.300,4648.0000,13005,0,110238120.000,2,1,1,多换,S,4648.0000,4647.0000,4645.2000,4645.0000,4644.2000,4650.6000,4651.8000,4653.2000,4653.4000,4655.0000,1,2,1,1,1,7,1,1,2,1
SF,IF2103,2020-09-21 09:30:38.800,4648.0000,13005,0,110238120.000,0,-,-,-,-,4649.4000,4648.2000,4648.0000,4647.0000,4645.2000,4650.4000,4650.6000,4651.8000,4653.2000,4653.4000,2,2,1,2,1,1,5,1,1,2
SF,IF2103,2020-09-21 09:30:39.300,4650.4000,13005,0,111633240.000,1,0,1,多换,S,4649.4000,4648.4000,4648.2000,4648.0000,4647.0000,4650.4000,4650.6000,4651.8000,4653.2000,4653.4000,2,1,2,1,2,1,4,1,1,2
SF,IF2103,2020-09-21 09:30:39.800,4649.4000,13005,0,115818000.000,3,1,2,多换,S,4648.4000,4648.2000,4648.0000,4647.8000,4647.0000,4650.6000,4651.8000,4653.2000,4653.4000,4655.0000,1,2,2,1,2,4,1,1,2,1
SF,IF2103,2020-09-21 09:30:40.300,4648.8000,13005,0,117212640.000,1,0,1,多换,S,4649.0000,4648.4000,4648.2000,4648.0000,4647.8000,4650.6000,4651.8000,4653.2000,4653.4000,4655.0000,1,2,1,2,1,4,1,1,2,1
SF,IF2103,2020-09-21 09:30:40.800,4649.0000,13005,0,120002520.000,2,1,1,多换,S,4648.4000,4648.2000,4648.0000,4647.8000,4647.0000,4650.2000,4650.4000,4651.8000,4653.2000,4653.4000,2,2,1,1,2,1,3,1,1,2
SF,IF2103,2020-09-21 09:30:41.300,4648.4000,13005,0,121397040.000,1,0,1,多换,S,4648.2000,4648.0000,4647.8000,4645.2000,4645.0000,4648.4000,4650.2000,4650.4000,4651.8000,4653.2000,2,1,1,1,2,1,3,3,1,1
SF,IF2103,2020-09-21 09:30:41.800,4648.2000,13004,-1,126975060.000,4,1,3,多平,S,4648.2000,4648.0000,4645.2000,4645.0000,4644.2000,4650.2000,4650.4000,4650.6000,4651.8000,4653.2000,2,1,1,2,1,3,3,1,1,1
SF,IF2103,2020-09-21 09:30:42.300,4648.0000,13002,-2,131158380.000,3,0,3,多平,S,4645.2000,4645.0000,4644.2000,4644.0000,4643.0000,4648.2000,4650.0000,4650.2000,4650.6000,4651.8000,1,2,1,3,2,4,2,2,1,1
SF,IF2103,2020-09-21 09:30:42.800,4648.2000,13002,0,138130080.000,5,2,3,多换,S,4645.8000,4645.4000,4645.2000,4645.0000,4644.0000,4648.2000,4650.0000,4650.2000,4650.6000,4651.8000,1,1,1,2,3,1,1,2,1,1
SF,IF2103,2020-09-21 09:30:43.300,4648.2000,13002,0,138130080.000,0,-,-,-,-,4646.2000,4645.8000,4645.4000,4645.2000,4645.0000,4648.2000,4650.0000,4650.2000,4650.6000,4651.8000,1,1,1,1,2,2,1,2,1,1
SF,IF2103,2020-09-21 09:30:43.800,4648.2000,13001,-1,143706600.000,4,1,3,多平,S,4645.8000,4645.4000,4645.2000,4645.0000,4644.2000,4648.0000,4650.2000,4650.6000,4651.8000,4653.2000,1,1,1,2,1,4,2,1,1,1
SF,IF2103,2020-09-21 09:30:44.300,4648.0000,13003,2,149284320.000,4,3,1,空开,S,4645.8000,4645.4000,4645.2000,4645.0000,4644.2000,4650.2000,4650.6000,4651.8000,4653.2000,4653.4000,1,1,1,2,1,1,1,1,1,2
SF,IF2103,2020-09-21 09:30:44.800,4648.0000,13003,0,149284320.000,0,-,-,-,-,4648.2000,4645.8000,4645.4000,4645.0000,4644.2000,4650.0000,4650.2000,4650.6000,4651.8000,4653.2000,2,2,1,2,1,1,1,1,1,1
SF,IF2103,2020-09-21 09:30:45.300,4648.2000,13003,0,152073240.000,2,1,1,多换,S,4646.4000,4646.2000,4645.8000,4645.4000,4645.0000,4648.2000,4649.2000,4650.2000,4650.6000,4651.8000,1,1,1,1,2,1,1,1,1,1
SF,IF2103,2020-09-21 09:30:45.800,4648.2000,13003,0,152073240.000,0,-,-,-,-,4646.4000,4646.2000,4645.8000,4645.4000,4645.0000,4648.2000,4649.2000,4650.2000,4650.6000,4651.8000,2,1,1,1,2,1,1,1,1,1
SF,IF2103,2020-09-21 09:30:46.300,4646.4000,13003,0,154861080.000,2,1,1,多换,S,4645.8000,4645.4000,4645.0000,4644.2000,4644.0000,4650.2000,4650.6000,4651.8000,4653.2000,4653.4000,1,1,2,1,3,1,1,1,1,2
SF,IF2103,2020-09-21 09:30:46.800,4646.4000,13003,0,154861080.000,0,-,-,-,-,4645.8000,4645.4000,4645.0000,4644.0000,4643.0000,4646.4000,4649.8000,4650.0000,4650.2000,4650.6000,1,1,2,3,2,1,1,2,2,1
SF,IF2103,2020-09-21 09:30:47.300,4646.2000,13003,0,157648860.000,2,1,1,多换,S,4645.0000,4644.0000,4643.0000,4641.4000,4640.0000,4649.8000,4650.0000,4650.2000,4650.6000,4651.8000,2,3,2,1,1,1,2,2,1,1
SF,IF2103,2020-09-21 09:30:47.800,4646.2000,13003,0,157648860.000,0,-,-,-,-,4645.0000,4644.0000,4643.0000,4641.4000,4640.0000,4649.6000,4649.8000,4650.0000,4650.2000,4650.6000,2,3,2,1,1,1,1,1,2,1
SF,IF2103,2020-09-21 09:30:48.300,4645.0000,13003,0,160435860.000,2,1,1,多换,S,4644.0000,4643.0000,4641.6000,4641.4000,4640.0000,4645.0000,4649.0000,4649.6000,4649.8000,4650.0000,3,2,1,1,1,3,1,2,1,1
SF,IF2103,2020-09-21 09:30:48.800,4645.0000,13000,-3,164616360.000,3,0,3,双平,S,4647.0000,4644.6000,4644.2000,4644.0000,4643.0000,4649.6000,4649.8000,4650.2000,4650.6000,4651.8000,2,2,1,4,2,1,1,1,1,1
SF,IF2103,2020-09-21 09:30:49.300,4647.0000,12997,-3,168798660.000,3,0,3,双平,S,4644.6000,4644.2000,4644.0000,4643.0000,4641.6000,4647.0000,4649.6000,4649.8000,4650.2000,4650.6000,2,1,4,2,1,1,1,1,1,1
SF,IF2103,2020-09-21 09:30:49.800,4647.0000,12997,0,168798660.000,0,-,-,-,-,4645.0000,4644.6000,4644.4000,4644.2000,4644.0000,4649.6000,4649.8000,4650.2000,4650.6000,4651.8000,2,2,1,1,4,1,1,1,1,1
SF,IF2103,2020-09-21 09:30:50.300,4647.0000,12997,0,168798660.000,0,-,-,-,-,4645.2000,4645.0000,4644.6000,4644.4000,4644.2000,4649.6000,4649.8000,4650.2000,4650.6000,4651.8000,1,2,2,1,1,1,1,2,1,1
SF,IF2103,2020-09-21 09:30:50.800,4647.0000,12997,0,168798660.000,0,-,-,-,-,4645.8000,4645.6000,4645.4000,4645.2000,4645.0000,4649.4000,4649.8000,4650.2000,4650.6000,4651.8000,1,1,3,1,3,1,2,2,1,1
SF,IF2103,2020-09-21 09:30:51.300,4646.0000,12997,0,170192460.000,1,0,1,多换,S,4645.8000,4645.6000,4645.4000,4645.2000,4645.0000,4649.2000,4649.4000,4649.8000,4650.2000,4650.6000,1,3,2,1,2,1,2,2,2,1
SF,IF2103,2020-09-21 09:30:51.800,4645.8000,12997,0,171586200.000,1,0,1,多换,S,4645.6000,4645.4000,4645.2000,4645.0000,4644.6000,4648.6000,4649.2000,4649.4000,4649.8000,4650.2000,3,2,1,2,2,1,2,1,2,2
SF,IF2103,2020-09-21 09:30:52.300,4645.6000,12997,0,177162600.000,4,2,2,多换,S,4645.6000,4645.0000,4644.6000,4644.0000,4643.0000,4648.4000,4648.6000,4649.4000,4649.8000,4650.2000,1,1,1,4,2,1,2,1,2,2
SF,IF2103,2020-09-21 09:30:52.800,4645.6000,12997,0,178556280.000,1,0,1,多换,S,4645.0000,4644.6000,4644.0000,4643.0000,4641.4000,4648.0000,4648.4000,4649.4000,4649.8000,4650.2000,1,1,4,2,1,1,2,1,2,2
SF,IF2103,2020-09-21 09:30:53.300,4645.0000,12997,0,179949780.000,1,0,1,多换,S,4644.6000,4644.0000,4643.0000,4641.4000,4640.0000,4647.8000,4648.0000,4649.4000,4649.8000,4650.2000,1,3,2,1,1,1,2,1,2,2
SF,IF2103,2020-09-21 09:30:53.800,4645.0000,12997,0,179949780.000,0,-,-,-,-,4644.6000,4644.0000,4643.0000,4641.4000,4640.0000,4647.6000,4647.8000,4649.4000,4649.8000,4650.2000,1,3,2,1,1,1,2,1,2,2
SF,IF2103,2020-09-21 09:30:54.300,4644.6000,12997,0,181343160.000,1,0,1,多换,S,4644.0000,4643.0000,4641.4000,4640.6000,4640.0000,4647.4000,4647.6000,4649.4000,4649.8000,4650.2000,3,2,1,1,1,1,2,1,2,2
SF,IF2103,2020-09-21 09:30:54.800,4644.0000,12997,0,185523600.000,3,1,2,多换,S,4644.0000,4643.0000,4641.6000,4641.4000,4640.8000,4647.0000,4647.4000,4649.4000,4649.8000,4650.2000,1,2,1,1,1,1,2,1,2,2
SF,IF2103,2020-09-21 09:30:55.300,4644.0000,12997,0,186916800.000,1,0,1,多换,S,4643.0000,4641.6000,4641.4000,4640.8000,4640.6000,4646.8000,4647.0000,4649.4000,4649.8000,4650.2000,2,1,1,1,1,2,1,1,2,2
SF,IF2103,2020-09-21 09:30:55.800,4646.4000,12998,1,189703620.000,2,1,1,空开,S,4643.0000,4641.4000,4640.8000,4640.6000,4639.0000,4646.8000,4647.0000,4649.4000,4649.8000,4650.2000,1,1,1,1,12,1,1,1,2,2
SF,IF2103,2020-09-21 09:30:56.300,4646.4000,12998,0,189703620.000,0,-,-,-,-,4645.0000,4643.4000,4643.0000,4641.4000,4640.8000,4646.8000,4649.4000,4649.8000,4650.2000,4650.6000,1,2,1,1,1,1,1,2,2,1
SF,IF2103,2020-09-21 09:30:56.800,4645.0000,12998,0,191097120.000,1,0,1,多换,S,4643.4000,4643.0000,4641.4000,4640.8000,4640.6000,4645.0000,4649.4000,4649.8000,4650.2000,4650.6000,2,1,1,1,1,1,1,2,2,1
SF,IF2103,2020-09-21 09:30:57.300,4645.0000,12998,0,192490620.000,1,0,1,多换,S,4643.4000,4643.0000,4641.4000,4640.8000,4639.0000,4649.8000,4650.2000,4650.6000,4651.8000,4653.2000,2,1,1,1,12,2,2,1,1,1
SF,IF2103,2020-09-21 09:30:57.800,4645.0000,12998,0,192490620.000,0,-,-,-,-,4643.6000,4643.4000,4643.0000,4641.4000,4640.8000,4649.6000,4649.8000,4650.2000,4650.6000,4651.8000,1,2,1,1,1,3,2,2,1,1
SF,IF2103,2020-09-21 09:30:58.300,4645.0000,12998,0,192490620.000,0,-,-,-,-,4644.0000,4643.6000,4643.4000,4643.0000,4641.4000,4649.0000,4649.6000,4649.8000,4650.2000,4650.6000,1,1,1,1,1,1,3,2,2,1
SF,IF2103,2020-09-21 09:30:58.800,4645.0000,12998,0,192490620.000,0,-,-,-,-,4644.0000,4643.6000,4643.4000,4643.0000,4641.4000,4648.6000,4648.8000,4649.0000,4649.6000,4649.8000,1,1,1,1,1,1,1,2,1,2
SF,IF2103,2020-09-21 09:30:59.300,4645.0000,12998,0,192490620.000,0,-,-,-,-,4644.2000,4644.0000,4643.4000,4643.0000,4641.4000,4647.8000,4648.2000,4648.4000,4648.6000,4649.0000,1,1,1,1,1,1,1,1,2,1
SF,IF2103,2020-09-21 09:30:59.800,4644.2000,12998,0,193883880.000,1,0,1,多换,S,4643.0000,4641.4000,4641.0000,4640.8000,4639.0000,4647.4000,4647.6000,4647.8000,4648.2000,4648.6000,1,1,1,1,12,1,1,2,1,1
SF,IF2103,2020-09-21 09:31:00.300,4646.6000,13000,2,196671840.000,2,2,0,双开,S,4645.0000,4643.0000,4641.4000,4640.8000,4639.0000,4647.2000,4647.4000,4647.8000,4648.2000,4648.6000,1,1,1,1,12,1,2,1,1,1
SF,IF2103,2020-09-21 09:31:00.800,4645.0000,12999,-1,198065340.000,1,0,1,双平,S,4643.4000,4643.0000,4641.4000,4640.8000,4639.0000,4647.2000,4647.4000,4647.8000,4648.2000,4648.6000,1,1,1,1,12,2,1,1,1,1
SF,IF2103,2020-09-21 09:31:01.300,4643.6000,12999,0,199458420.000,1,0,1,多换,S,4643.4000,4643.0000,4641.4000,4640.8000,4639.0000,4646.8000,4647.2000,4647.4000,4647.8000,4648.2000,1,1,1,1,12,1,2,1,1,1
SF,IF2103,2020-09-21 09:31:01.800,4643.6000,12999,0,199458420.000,0,-,-,-,-,4643.6000,4643.4000,4643.0000,4641.4000,4640.8000,4645.0000,4646.6000,4646.8000,4647.4000,4647.8000,1,1,1,1,1,4,2,1,1,1
SF,IF2103,2020-09-21 09:31:02.300,4645.0000,12999,0,200851920.000,1,0,1,多换,S,4643.6000,4643.4000,4643.0000,4641.4000,4640.8000,4645.0000,4646.6000,4647.4000,4647.8000,4648.2000,1,1,1,1,1,3,1,1,1,1
SF,IF2103,2020-09-21 09:31:02.800,4645.0000,12999,0,205032420.000,3,1,2,多换,S,4643.8000,4643.6000,4643.0000,4641.4000,4639.0000,4646.6000,4647.8000,4648.2000,4648.6000,4649.8000,1,1,1,1,12,1,1,1,1,1
SF,IF2103,2020-09-21 09:31:03.300,4645.0000,12999,0,205032420.000,0,-,-,-,-,4644.0000,4643.8000,4643.0000,4641.4000,4639.0000,4646.4000,4646.6000,4647.8000,4648.2000,4648.6000,1,1,1,1,12,1,2,1,1,1
SF,IF2103,2020-09-21 09:31:03.800,4646.4000,13000,1,207820200.000,2,1,1,空开,S,4643.0000,4641.4000,4639.0000,4631.0000,4630.0000,4646.4000,4646.6000,4647.8000,4648.2000,4648.6000,1,1,12,1,1,1,1,1,1,1
SF,IF2103,2020-09-21 09:31:04.300,4643.2000,13000,0,209213160.000,1,0,1,多换,S,4644.2000,4643.0000,4641.4000,4639.0000,4631.0000,4646.2000,4646.4000,4647.8000,4648.2000,4648.6000,2,1,1,12,1,3,1,1,1,1
SF,IF2103,2020-09-21 09:31:04.800,4643.2000,13000,0,209213160.000,0,-,-,-,-,4644.2000,4643.4000,4643.0000,4641.4000,4639.0000,4646.2000,4647.8000,4648.2000,4648.6000,4649.8000,2,1,1,1,12,2,1,1,1,1
SF,IF2103,2020-09-21 09:31:05.300,4646.0000,12999,-1,210606960.000,1,0,1,双平,S,4644.2000,4643.4000,4643.2000,4643.0000,4641.4000,4646.2000,4647.8000,4648.2000,4648.6000,4649.8000,2,1,2,1,1,2,1,1,1,1
SF,IF2103,2020-09-21 09:31:05.800,4646.0000,12999,0,210606960.000,0,-,-,-,-,4643.4000,4643.2000,4643.0000,4641.4000,4639.0000,4646.2000,4647.8000,4648.2000,4648.6000,4649.8000,1,2,1,1,12,2,1,1,1,1
SF,IF2103,2020-09-21 09:31:06.300,4646.0000,12999,0,210606960.000,0,-,-,-,-,4643.4000,4643.2000,4643.0000,4641.4000,4639.0000,4646.0000,4646.2000,4647.8000,4648.2000,4648.6000,1,2,2,1,12,2,1,1,1,1
SF,IF2103,2020-09-21 09:31:06.800,4643.4000,12998,-1,211999980.000,1,0,1,双平,S,4643.2000,4643.0000,4641.4000,4639.0000,4631.0000,4645.8000,4646.0000,4647.8000,4648.2000,4648.6000,2,2,1,12,1,2,2,1,1,1
SF,IF2103,2020-09-21 09:31:07.300,4643.4000,12998,0,211999980.000,0,-,-,-,-,4643.2000,4643.0000,4641.4000,4639.0000,4636.6000,4645.6000,4645.8000,4647.8000,4648.2000,4648.6000,2,3,1,12,1,2,2,1,1,1
SF,IF2103,2020-09-21 09:31:07.800,4643.2000,12996,-2,214785900.000,2,0,2,双平,S,4643.0000,4641.4000,4639.0000,4636.6000,4631.0000,4645.4000,4645.6000,4645.8000,4647.8000,4648.2000,2,1,12,1,1,1,2,1,1,1
SF,IF2103,2020-09-21 09:31:08.300,4645.0000,12996,0,216179400.000,1,0,1,多换,S,4643.0000,4641.4000,4639.0000,4636.6000,4631.0000,4645.4000,4645.6000,4645.8000,4647.8000,4648.6000,2,1,12,1,1,2,1,1,1,1
SF,IF2103,2020-09-21 09:31:08.800,4643.0000,12995,-1,218965200.000,2,0,2,多平,S,4641.4000,4639.0000,4636.6000,4631.0000,4624.0000,4643.0000,4645.4000,4645.6000,4645.8000,4647.8000,1,12,1,1,1,20,2,1,1,1
SF,IF2103,2020-09-21 09:31:09.300,4641.4000,12994,-1,221750100.000,2,0,2,多平,S,4640.4000,4639.0000,4631.0000,4624.0000,4622.0000,4643.0000,4645.4000,4645.6000,4647.8000,4648.6000,1,12,1,1,1,20,1,1,1,1
SF,IF2103,2020-09-21 09:31:09.800,4641.4000,12994,0,221750100.000,0,-,-,-,-,4640.8000,4640.6000,4640.4000,4639.0000,4631.0000,4642.8000,4643.0000,4644.4000,4645.4000,4647.8000,1,3,2,12,1,1,20,1,1,1
SF,IF2103,2020-09-21 09:31:10.300,4641.4000,12994,0,221750100.000,0,-,-,-,-,4642.0000,4641.4000,4641.0000,4640.8000,4640.4000,4643.0000,4644.4000,4645.4000,4647.8000,4648.6000,2,1,2,1,1,20,1,1,1,1
SF,IF2103,2020-09-21 09:31:10.800,4641.4000,12994,0,221750100.000,0,-,-,-,-,4642.2000,4642.0000,4641.4000,4641.0000,4640.4000,4643.0000,4645.4000,4647.8000,4648.6000,4649.8000,1,2,1,2,1,20,1,1,1,1
SF,IF2103,2020-09-21 09:31:11.300,4641.4000,12994,0,221750100.000,0,-,-,-,-,4642.0000,4641.4000,4641.0000,4640.4000,4639.0000,4642.8000,4643.0000,4647.8000,4648.6000,4649.8000,2,1,1,1,12,2,20,1,1,1
SF,IF2103,2020-09-21 09:31:11.800,4641.8000,12992,-2,224535180.000,2,0,2,双平,S,4641.0000,4640.4000,4639.0000,4637.2000,4632.0000,4642.8000,4643.0000,4647.8000,4648.6000,4649.8000,1,1,12,1,1,2,20,1,1,1
SF,IF2103,2020-09-21 09:31:12.300,4641.8000,12992,0,224535180.000,0,-,-,-,-,4642.0000,4641.0000,4640.4000,4639.0000,4637.2000,4642.4000,4642.8000,4643.0000,4647.8000,4648.6000,2,1,1,12,1,1,2,20,1,1
SF,IF2103,2020-09-21 09:31:12.800,4642.4000,12992,0,225927900.000,1,0,1,多换,S,4642.0000,4640.4000,4639.0000,4637.2000,4632.0000,4642.8000,4643.0000,4647.8000,4648.6000,4649.8000,2,1,12,1,1,1,20,1,1,1
SF,IF2103,2020-09-21 09:31:13.300,4642.8000,12991,-1,227320740.000,1,0,1,双平,S,4642.0000,4640.4000,4639.0000,4637.2000,4632.0000,4643.0000,4647.8000,4648.6000,4649.8000,4650.2000,2,1,12,1,1,20,1,1,1,1
SF,IF2103,2020-09-21 09:31:13.800,4643.0000,12980,-11,242642640.000,11,0,11,双平,S,4642.2000,4640.4000,4639.0000,4637.2000,4635.2000,4643.0000,4647.8000,4648.6000,4649.8000,4650.2000,1,1,12,1,3,9,1,1,1,1
SF,IF2103,2020-09-21 09:31:14.300,4643.0000,12971,-9,255178740.000,9,0,9,双平,S,4643.0000,4642.2000,4640.4000,4639.0000,4637.2000,4647.8000,4648.6000,4649.8000,4650.2000,4650.6000,2,1,1,12,1,1,1,1,1,1
SF,IF2103,2020-09-21 09:31:14.800,4643.0000,12971,0,255178740.000,0,-,-,-,-,4643.0000,4640.4000,4639.0000,4637.2000,4635.2000,4647.4000,4647.6000,4647.8000,4648.6000,4649.8000,2,1,12,1,3,1,2,1,1,1
SF,IF2103,2020-09-21 09:31:15.300,4643.0000,12971,0,255178740.000,0,-,-,-,-,4643.0000,4640.4000,4639.0000,4637.2000,4636.4000,4647.2000,4647.4000,4647.8000,4648.6000,4649.8000,2,1,12,1,1,3,2,1,1,1
SF,IF2103,2020-09-21 09:31:15.800,4643.0000,12971,0,255178740.000,0,-,-,-,-,4643.0000,4640.4000,4639.0000,4637.2000,4636.4000,4647.0000,4647.2000,4647.4000,4647.8000,4649.8000,2,1,12,1,1,2,3,1,1,1
SF,IF2103,2020-09-21 09:31:16.300,4643.0000,12969,-2,257964540.000,2,0,2,双平,S,4640.4000,4639.0000,4637.2000,4635.2000,4632.0000,4646.8000,4647.0000,4647.2000,4647.4000,4647.8000,1,12,1,3,1,2,2,1,1,1
SF,IF2103,2020-09-21 09:31:16.800,4643.0000,12969,0,257964540.000,0,-,-,-,-,4641.8000,4641.0000,4640.6000,4640.4000,4639.0000,4645.8000,4646.6000,4646.8000,4647.0000,4647.4000,1,1,3,1,12,1,1,2,1,1
SF,IF2103,2020-09-21 09:31:17.300,4643.0000,12969,0,257964540.000,0,-,-,-,-,4642.2000,4642.0000,4640.6000,4640.4000,4639.0000,4645.6000,4645.8000,4647.0000,4647.4000,4647.8000,1,2,1,1,12,3,1,1,1,1
SF,IF2103,2020-09-21 09:31:17.800,4643.0000,12969,0,257964540.000,0,-,-,-,-,4642.4000,4642.2000,4642.0000,4640.6000,4640.4000,4645.6000,4645.8000,4647.0000,4647.4000,4647.8000,1,2,1,1,1,4,1,1,1,1
SF,IF2103,2020-09-21 09:31:18.300,4643.0000,12969,0,257964540.000,0,-,-,-,-,4642.4000,4642.2000,4642.0000,4641.8000,4640.6000,4645.6000,4645.8000,4647.0000,4647.4000,4647.8000,2,1,1,1,1,3,1,1,1,1
SF,IF2103,2020-09-21 09:31:18.800,4643.0000,12969,0,257964540.000,0,-,-,-,-,4642.4000,4642.2000,4642.0000,4641.8000,4640.6000,4645.4000,4645.6000,4645.8000,4647.0000,4647.4000,1,1,1,1,1,1,3,1,1,1
SF,IF2103,2020-09-21 09:31:19.300,4642.2000,12969,0,259357200.000,1,0,1,多换,S,4642.0000,4640.4000,4639.0000,4635.2000,4631.0000,4645.0000,4645.2000,4645.4000,4645.6000,4645.8000,1,1,12,3,1,1,2,1,1,1
SF,IF2103,2020-09-21 09:31:19.800,4642.0000,12968,-1,260749800.000,1,0,1,双平,S,4640.4000,4639.0000,4635.2000,4631.0000,4624.0000,4642.0000,4644.2000,4644.8000,4645.0000,4645.4000,1,12,3,1,1,1,1,2,2,1
SF,IF2103,2020-09-21 09:31:20.300,4640.4000,12967,-1,262141920.000,1,0,1,双平,S,4639.0000,4637.8000,4635.2000,4631.0000,4624.0000,4642.0000,4643.4000,4644.2000,4644.8000,4645.0000,12,1,3,1,1,1,1,1,2,1
SF,IF2103,2020-09-21 09:31:20.800,4640.4000,12967,0,262141920.000,0,-,-,-,-,4639.8000,4639.2000,4639.0000,4637.8000,4635.2000,4641.8000,4642.0000,4644.2000,4644.8000,4645.0000,1,1,12,1,3,1,1,1,1,1
SF,IF2103,2020-09-21 09:31:21.300,4640.4000,12967,0,262141920.000,0,-,-,-,-,4640.0000,4639.2000,4639.0000,4637.8000,4635.2000,4641.8000,4644.2000,4644.8000,4645.0000,4645.4000,1,1,12,1,3,1,1,1,1,1
SF,IF2103,2020-09-21 09:31:21.800,4640.4000,12967,0,262141920.000,0,-,-,-,-,4640.2000,4640.0000,4639.0000,4637.8000,4635.2000,4644.8000,4645.0000,4645.4000,4645.6000,4647.0000,1,1,12,1,3,1,1,1,1,1
SF,IF2103,2020-09-21 09:31:22.300,4640.4000,12967,0,262141920.000,0,-,-,-,-,4640.2000,4640.0000,4639.0000,4637.8000,4635.2000,4644.2000,4644.6000,4644.8000,4645.0000,4645.4000,1,1,12,1,3,1,2,1,1,1
SF,IF2103,2020-09-21 09:31:22.800,4640.4000,12967,0,262141920.000,0,-,-,-,-,4640.2000,4640.0000,4639.0000,4637.8000,4635.2000,4643.0000,4644.0000,4644.2000,4645.0000,4645.6000,2,1,12,1,3,1,2,1,1,1
SF,IF2103,2020-09-21 09:31:23.300,4642.8000,12966,-1,263534760.000,1,0,1,双平,S,4640.6000,4640.4000,4640.2000,4640.0000,4639.0000,4645.0000,4645.6000,4647.0000,4647.8000,4649.8000,1,1,1,1,12,1,1,1,1,1
SF,IF2103,2020-09-21 09:31:23.800,4642.8000,12966,0,263534760.000,0,-,-,-,-,4641.0000,4640.8000,4640.6000,4640.2000,4640.0000,4644.8000,4645.0000,4645.6000,4647.0000,4647.8000,1,2,1,1,1,1,1,1,1,1
SF,IF2103,2020-09-21 09:31:24.300,4642.8000,12966,0,263534760.000,0,-,-,-,-,4641.0000,4640.0000,4639.0000,4635.2000,4631.0000,4644.6000,4644.8000,4645.0000,4645.6000,4647.0000,1,1,12,3,1,1,1,1,1,1
SF,IF2103,2020-09-21 09:31:24.800,4642.8000,12966,0,263534760.000,0,-,-,-,-,4641.2000,4641.0000,4640.0000,4639.0000,4635.2000,4644.0000,4644.4000,4644.6000,4645.0000,4645.6000,1,1,1,12,3,1,2,1,1,1
SF,IF2103,2020-09-21 09:31:25.300,4642.8000,12966,0,263534760.000,0,-,-,-,-,4641.2000,4640.0000,4639.0000,4635.2000,4631.0000,4643.8000,4644.0000,4644.4000,4645.0000,4645.6000,2,1,12,3,1,2,1,1,1,1
SF,IF2103,2020-09-21 09:31:25.800,4643.6000,12965,-1,264927840.000,1,0,1,双平,S,4641.4000,4641.2000,4640.0000,4639.0000,4635.2000,4643.8000,4645.0000,4645.6000,4647.0000,4647.8000,2,1,1,12,3,2,1,1,1,1
SF,IF2103,2020-09-21 09:31:26.300,4643.8000,12964,-1,266320980.000,1,0,1,双平,S,4641.6000,4641.2000,4640.0000,4639.0000,4635.2000,4643.4000,4643.8000,4645.0000,4645.6000,4647.0000,2,1,1,12,3,1,1,1,1,1
SF,IF2103,2020-09-21 09:31:26.800,4643.8000,12964,0,266320980.000,0,-,-,-,-,4641.6000,4640.0000,4639.0000,4635.2000,4631.0000,4643.4000,4643.8000,4645.0000,4645.6000,4647.0000,2,1,12,3,1,1,1,1,1,1
SF,IF2103,2020-09-21 09:31:27.300,4643.8000,12964,0,266320980.000,0,-,-,-,-,4641.8000,4641.6000,4640.0000,4639.0000,4635.2000,4643.4000,4643.8000,4645.0000,4645.6000,4647.0000,2,1,1,12,3,1,1,1,1,1
SF,IF2103,2020-09-21 09:31:27.800,4643.8000,12964,0,266320980.000,0,-,-,-,-,4641.8000,4641.6000,4640.0000,4639.0000,4635.2000,4643.8000,4645.6000,4647.0000,4647.8000,4649.8000,2,1,1,12,3,1,1,1,1,1
SF,IF2103,2020-09-21 09:31:28.300,4643.8000,12964,0,266320980.000,0,-,-,-,-,4642.0000,4641.8000,4640.0000,4639.0000,4635.2000,4645.6000,4647.0000,4647.8000,4649.8000,4650.2000,1,1,1,12,3,1,1,1,1,1
SF,IF2103,2020-09-21 09:31:28.800,4643.8000,12964,0,266320980.000,0,-,-,-,-,4642.2000,4641.8000,4640.0000,4639.0000,4635.2000,4645.4000,4645.6000,4647.0000,4647.8000,4649.8000,1,1,1,12,3,2,1,1,1,1
SF,IF2103,2020-09-21 09:31:29.300,4643.8000,12964,0,266320980.000,0,-,-,-,-,4642.2000,4641.8000,4640.0000,4639.0000,4635.2000,4644.4000,4645.4000,4645.6000,4647.0000,4647.8000,2,1,1,12,3,1,2,1,1,1
SF,IF2103,2020-09-21 09:31:29.800,4643.8000,12964,0,266320980.000,0,-,-,-,-,4642.2000,4641.8000,4640.0000,4639.0000,4635.2000,4644.2000,4644.4000,4645.4000,4645.6000,4647.0000,2,1,1,12,3,1,1,1,1,1
SF,IF2103,2020-09-21 09:31:30.300,4643.8000,12964,0,266320980.000,0,-,-,-,-,4641.8000,4640.0000,4639.0000,4635.2000,4631.0000,4644.2000,4644.4000,4645.4000,4645.6000,4647.0000,1,1,12,3,1,1,1,1,1,1
SF,IF2103,2020-09-21 09:31:30.800,4643.8000,12964,0,266320980.000,0,-,-,-,-,4640.0000,4639.0000,4635.2000,4631.0000,4624.0000,4643.8000,4644.2000,4645.4000,4645.6000,4647.0000,1,12,3,1,1,1,1,1,1,1
SF,IF2103,2020-09-21 09:31:31.300,4643.8000,12964,0,266320980.000,0,-,-,-,-,4640.6000,4640.2000,4640.0000,4639.0000,4635.2000,4643.8000,4644.2000,4645.6000,4647.0000,4649.8000,1,4,2,12,3,1,1,1,1,1
SF,IF2103,2020-09-21 09:31:31.800,4643.8000,12964,0,266320980.000,0,-,-,-,-,4641.0000,4640.8000,4640.6000,4640.2000,4640.0000,4643.8000,4644.2000,4645.6000,4647.0000,4649.8000,1,2,1,1,2,1,1,1,1,1
SF,IF2103,2020-09-21 09:31:32.300,4643.8000,12964,0,266320980.000,0,-,-,-,-,4642.0000,4641.2000,4641.0000,4640.8000,4640.6000,4643.6000,4643.8000,4645.6000,4647.0000,4649.8000,1,2,2,1,1,1,1,1,1,1
SF,IF2103,2020-09-21 09:31:32.800,4643.6000,12963,-1,267714060.000,1,0,1,双平,S,4642.0000,4641.4000,4641.2000,4641.0000,4640.6000,4643.8000,4645.6000,4647.0000,4649.8000,4650.6000,1,1,2,3,1,1,1,1,1,1
SF,IF2103,2020-09-21 09:31:33.300,4643.6000,12963,0,267714060.000,0,-,-,-,-,4642.2000,4642.0000,4641.4000,4641.2000,4641.0000,4645.6000,4647.0000,4649.8000,4650.6000,4651.8000,1,1,1,1,2,1,1,1,1,1
SF,IF2103,2020-09-21 09:31:33.800,4643.6000,12963,0,267714060.000,0,-,-,-,-,4642.4000,4642.2000,4642.0000,4641.0000,4640.6000,4645.4000,4645.6000,4647.0000,4649.8000,4650.6000,1,1,1,1,1,1,1,1,1,1
SF,IF2103,2020-09-21 09:31:34.300,4643.6000,12963,0,267714060.000,0,-,-,-,-,4642.6000,4642.4000,4642.0000,4641.0000,4640.6000,4645.4000,4645.6000,4647.0000,4649.8000,4650.6000,1,1,1,1,1,1,1,1,1,1
SF,IF2103,2020-09-21 09:31:34.800,4643.6000,12963,0,267714060.000,0,-,-,-,-,4642.8000,4642.0000,4641.0000,4640.6000,4640.2000,4645.2000,4645.4000,4645.6000,4647.0000,4649.8000,1,1,1,1,1,1,1,1,1,1
SF,IF2103,2020-09-21 09:31:35.300,4643.6000,12963,0,267714060.000,0,-,-,-,-,4642.8000,4642.0000,4641.0000,4640.6000,4640.2000,4645.0000,4645.2000,4645.6000,4647.0000,4649.8000,1,1,1,1,1,1,1,1,1,1
SF,IF2103,2020-09-21 09:31:37.300,4642.8000,12962,-1,269106900.000,1,0,1,双平,S,4642.0000,4641.0000,4640.6000,4640.2000,4640.0000,4645.0000,4645.2000,4645.6000,4647.0000,4649.8000,1,1,1,1,1,2,1,1,1,1
SF,IF2103,2020-09-21 09:31:37.800,4642.8000,12962,0,269106900.000,0,-,-,-,-,4642.0000,4641.0000,4640.2000,4640.0000,4639.0000,4644.8000,4645.0000,4645.2000,4645.6000,4647.0000,1,1,1,1,12,1,2,1,1,1
SF,IF2103,2020-09-21 09:31:38.300,4642.8000,12962,0,269106900.000,0,-,-,-,-,4642.0000,4641.0000,4640.2000,4640.0000,4639.0000,4644.6000,4644.8000,4645.2000,4645.6000,4647.0000,1,1,1,1,12,1,2,1,1,1
SF,IF2103,2020-09-21 09:31:38.800,4642.8000,12962,0,269106900.000,0,-,-,-,-,4642.0000,4641.0000,4640.2000,4640.0000,4639.0000,4644.4000,4644.6000,4645.2000,4645.6000,4647.0000,1,1,1,1,12,1,2,1,1,1
SF,IF2103,2020-09-21 09:31:39.300,4642.8000,12962,0,269106900.000,0,-,-,-,-,4642.0000,4641.0000,4640.2000,4640.0000,4639.0000,4644.2000,4644.4000,4645.2000,4645.6000,4647.0000,1,1,1,1,12,1,2,1,1,1
SF,IF2103,2020-09-21 09:31:39.800,4642.8000,12962,0,269106900.000,0,-,-,-,-,4644.0000,4642.0000,4641.0000,4640.2000,4640.0000,4644.2000,4644.4000,4645.2000,4645.6000,4647.0000,1,1,1,1,1,2,1,1,1,1
SF,IF2103,2020-09-21 09:31:40.300,4644.0000,12962,0,270500100.000,1,0,1,多换,S,4642.0000,4640.8000,4640.2000,4640.0000,4639.0000,4644.0000,4644.2000,4645.2000,4645.6000,4647.0000,1,1,1,1,12,2,1,1,1,1
SF,IF2103,2020-09-21 09:31:40.800,4644.0000,12962,0,270500100.000,0,-,-,-,-,4642.0000,4640.2000,4640.0000,4639.0000,4638.0000,4644.0000,4644.2000,4645.6000,4647.0000,4649.8000,1,1,1,12,1,2,1,1,1,1
SF,IF2103,2020-09-21 09:31:41.300,4644.0000,12962,0,270500100.000,0,-,-,-,-,4642.2000,4642.0000,4640.2000,4640.0000,4639.0000,4644.0000,4645.6000,4647.0000,4649.8000,4650.6000,1,1,1,1,12,2,1,1,1,1
SF,IF2103,2020-09-21 09:31:42.300,4644.0000,12962,0,270500100.000,0,-,-,-,-,4642.2000,4642.0000,4640.2000,4640.0000,4639.0000,4643.8000,4644.0000,4645.6000,4647.0000,4649.8000,1,1,1,1,12,1,2,1,1,1
SF,IF2103,2020-09-21 09:31:42.800,4643.8000,12961,-1,271893240.000,1,0,1,双平,S,4642.2000,4642.0000,4640.2000,4640.0000,4639.0000,4644.0000,4645.6000,4647.0000,4649.8000,4650.6000,1,1,1,1,12,2,1,1,1,1
SF,IF2103,2020-09-21 09:31:43.300,4644.0000,12961,0,273286440.000,1,0,1,多换,S,4642.4000,4642.2000,4642.0000,4640.2000,4640.0000,4645.6000,4647.0000,4649.8000,4650.6000,4651.8000,1,2,1,1,1,1,1,1,1,1
SF,IF2103,2020-09-21 09:31:43.800,4644.0000,12961,0,273286440.000,0,-,-,-,-,4642.6000,4642.4000,4642.0000,4640.2000,4640.0000,4645.6000,4647.0000,4649.8000,4650.6000,4651.8000,2,1,1,1,1,1,1,1,1,1
SF,IF2103,2020-09-21 09:31:44.300,4644.0000,12961,0,273286440.000,0,-,-,-,-,4642.6000,4642.0000,4640.2000,4640.0000,4639.0000,4645.4000,4645.6000,4647.0000,4649.8000,4650.6000,2,1,1,1,12,1,2,1,1,1
SF,IF2103,2020-09-21 09:31:44.800,4644.0000,12961,0,273286440.000,0,-,-,-,-,4642.6000,4642.0000,4640.2000,4640.0000,4639.0000,4645.6000,4647.0000,4649.8000,4650.6000,4651.8000,2,1,1,1,12,1,1,1,1,1
SF,IF2103,2020-09-21 09:31:45.300,4644.0000,12961,0,273286440.000,0,-,-,-,-,4642.6000,4642.0000,4640.2000,4640.0000,4639.0000,4645.4000,4645.6000,4647.0000,4649.8000,4650.6000,2,1,1,1,12,1,2,1,1,1
SF,IF2103,2020-09-21 09:31:45.800,4644.0000,12961,0,273286440.000,0,-,-,-,-,4642.6000,4642.0000,4640.2000,4640.0000,4639.0000,4645.2000,4645.4000,4645.6000,4647.0000,4649.8000,1,1,1,1,12,1,1,2,1,1
SF,IF2103,2020-09-21 09:31:46.300,4644.0000,12961,0,273286440.000,0,-,-,-,-,4642.6000,4642.0000,4640.2000,4640.0000,4639.0000,4644.8000,4645.0000,4645.2000,4645.6000,4647.0000,1,1,1,1,12,1,1,2,1,1
SF,IF2103,2020-09-21 09:31:46.800,4644.0000,12961,0,273286440.000,0,-,-,-,-,4642.0000,4640.2000,4640.0000,4639.0000,4638.0000,4644.6000,4644.8000,4645.2000,4645.6000,4647.0000,1,1,1,12,1,1,1,2,1,1
SF,IF2103,2020-09-21 09:31:47.300,4644.0000,12961,0,273286440.000,0,-,-,-,-,4642.0000,4640.2000,4640.0000,4639.0000,4638.0000,4644.4000,4644.6000,4644.8000,4645.2000,4645.6000,1,1,1,12,1,2,1,1,1,1
SF,IF2103,2020-09-21 09:31:47.800,4644.0000,12961,0,273286440.000,0,-,-,-,-,4642.0000,4640.2000,4640.0000,4639.0000,4638.0000,4644.2000,4644.4000,4644.8000,4645.6000,4647.0000,1,1,1,12,1,2,2,1,1,1
SF,IF2103,2020-09-21 09:31:48.300,4644.0000,12961,0,274679640.000,1,0,1,多换,S,4640.2000,4640.0000,4639.0000,4638.0000,4635.2000,4644.2000,4644.4000,4644.8000,4645.6000,4647.0000,1,1,12,1,3,2,2,1,1,1
SF,IF2103,2020-09-21 09:31:48.800,4644.0000,12961,0,274679640.000,0,-,-,-,-,4640.6000,4640.4000,4640.2000,4640.0000,4639.0000,4644.0000,4644.2000,4644.8000,4645.6000,4647.0000,2,1,1,1,12,1,1,1,1,1
SF,IF2103,2020-09-21 09:31:49.300,4644.0000,12961,0,274679640.000,0,-,-,-,-,4641.0000,4640.8000,4640.6000,4640.2000,4640.0000,4643.8000,4644.0000,4644.8000,4645.6000,4647.0000,1,1,2,1,1,1,1,1,1,1
SF,IF2103,2020-09-21 09:31:49.800,4644.0000,12961,0,274679640.000,0,-,-,-,-,4641.2000,4641.0000,4640.6000,4640.2000,4640.0000,4643.6000,4643.8000,4644.8000,4645.6000,4647.0000,1,1,2,1,1,1,2,1,1,1
SF,IF2103,2020-09-21 09:31:50.300,4641.4000,12961,0,276072060.000,1,0,1,多换,S,4641.2000,4641.0000,4640.6000,4640.2000,4640.0000,4643.6000,4643.8000,4644.8000,4645.6000,4647.0000,1,1,2,1,1,1,1,1,1,1
SF,IF2103,2020-09-21 09:31:50.800,4641.4000,12961,0,276072060.000,0,-,-,-,-,4641.2000,4641.0000,4640.6000,4640.2000,4640.0000,4643.6000,4644.8000,4645.6000,4647.0000,4649.8000,1,1,2,1,1,1,1,1,1,1
SF,IF2103,2020-09-21 09:31:51.300,4641.4000,12961,0,276072060.000,0,-,-,-,-,4641.4000,4641.2000,4641.0000,4640.6000,4640.2000,4643.6000,4644.8000,4645.6000,4647.0000,4649.8000,1,1,1,2,1,1,1,1,1,1
SF,IF2103,2020-09-21 09:31:51.800,4641.4000,12961,0,276072060.000,0,-,-,-,-,4641.6000,4641.4000,4641.0000,4640.6000,4640.2000,4643.6000,4644.8000,4645.6000,4647.0000,4649.8000,1,2,1,2,1,1,1,1,1,1
SF,IF2103,2020-09-21 09:31:52.300,4643.6000,12960,-1,277465140.000,1,0,1,双平,S,4641.8000,4641.6000,4641.4000,4641.0000,4640.6000,4644.8000,4645.6000,4647.0000,4649.8000,4650.6000,2,2,1,1,1,1,1,1,1,1
SF,IF2103,2020-09-21 09:31:52.800,4643.6000,12960,0,277465140.000,0,-,-,-,-,4642.0000,4641.8000,4641.0000,4640.6000,4640.0000,4644.6000,4644.8000,4645.6000,4647.0000,4649.8000,2,2,1,1,1,1,1,1,1,1
SF,IF2103,2020-09-21 09:31:53.300,4643.6000,12960,0,277465140.000,0,-,-,-,-,4643.6000,4642.0000,4641.8000,4641.0000,4640.6000,4644.6000,4644.8000,4645.6000,4647.0000,4649.8000,1,2,2,1,1,1,1,1,1,1
SF,IF2103,2020-09-21 09:31:53.800,4643.6000,12961,1,278858220.000,1,1,0,双开,S,4642.0000,4641.8000,4641.0000,4640.6000,4640.0000,4644.6000,4644.8000,4645.6000,4647.0000,4649.8000,1,1,1,1,1,2,1,1,1,2
SF,IF2103,2020-09-21 09:31:54.300,4643.6000,12961,0,278858220.000,0,-,-,-,-,4642.0000,4641.8000,4641.0000,4640.6000,4640.0000,4644.6000,4644.8000,4645.6000,4647.0000,4649.8000,1,1,1,1,1,1,1,1,1,2
SF,IF2103,2020-09-21 09:31:54.800,4643.6000,12961,0,278858220.000,0,-,-,-,-,4642.4000,4642.2000,4642.0000,4641.8000,4641.0000,4644.6000,4644.8000,4645.6000,4647.0000,4649.8000,1,2,1,1,1,1,1,1,1,2
SF,IF2103,2020-09-21 09:31:55.300,4643.6000,12961,0,278858220.000,0,-,-,-,-,4642.6000,4642.4000,4642.2000,4642.0000,4641.8000,4644.8000,4645.6000,4647.0000,4649.8000,4650.6000,1,2,1,1,1,1,1,1,2,1
SF,IF2103,2020-09-21 09:31:55.800,4643.6000,12961,0,278858220.000,0,-,-,-,-,4642.6000,4642.4000,4642.2000,4642.0000,4641.8000,4644.8000,4645.6000,4647.0000,4649.8000,4650.6000,2,1,1,1,1,1,1,1,2,1
SF,IF2103,2020-09-21 09:31:56.300,4643.6000,12961,0,278858220.000,0,-,-,-,-,4642.8000,4642.6000,4642.4000,4642.0000,4641.8000,4644.8000,4645.6000,4647.0000,4649.8000,4650.6000,1,2,1,1,1,1,1,1,2,1
SF,IF2103,2020-09-21 09:31:57.800,4644.8000,12960,-1,280251660.000,1,0,1,双平,S,4642.6000,4642.4000,4642.0000,4641.8000,4641.4000,4645.6000,4647.0000,4649.8000,4650.6000,4651.8000,1,1,1,1,1,1,1,2,1,1
SF,IF2103,2020-09-21 09:31:58.300,4644.8000,12960,0,280251660.000,0,-,-,-,-,4644.8000,4642.8000,4642.6000,4642.4000,4641.8000,4645.4000,4645.6000,4647.0000,4649.8000,4650.6000,1,1,1,1,1,2,2,1,2,1
SF,IF2103,2020-09-21 09:31:58.800,4644.8000,12960,0,281645100.000,1,0,1,多换,S,4642.8000,4642.6000,4642.4000,4641.8000,4641.4000,4644.8000,4645.4000,4645.6000,4647.0000,4649.8000,1,1,1,1,1,1,1,2,1,2
SF,IF2103,2020-09-21 09:31:59.300,4644.8000,12960,0,281645100.000,0,-,-,-,-,4643.0000,4642.6000,4642.4000,4641.8000,4641.4000,4644.8000,4645.6000,4647.0000,4649.8000,4650.6000,1,1,1,1,1,1,2,1,2,1
SF,IF2103,2020-09-21 09:31:59.800,4644.8000,12960,0,281645100.000,0,-,-,-,-,4643.2000,4643.0000,4642.6000,4642.4000,4641.8000,4644.8000,4645.6000,4647.0000,4649.8000,4650.6000,1,1,1,1,1,1,1,1,2,1
SF,IF2103,2020-09-21 09:32:00.300,4644.8000,12960,0,281645100.000,0,-,-,-,-,4643.2000,4642.6000,4642.4000,4641.8000,4641.4000,4644.8000,4645.6000,4647.0000,4649.8000,4650.6000,1,1,1,1,1,1,1,1,2,1
SF,IF2103,2020-09-21 09:32:00.800,4644.8000,12960,0,281645100.000,0,-,-,-,-,4642.6000,4642.4000,4641.8000,4641.4000,4641.0000,4644.6000,4644.8000,4645.6000,4647.0000,4649.8000,1,1,1,1,1,1,2,1,1,2
SF,IF2103,2020-09-21 09:32:01.300,4644.8000,12960,0,281645100.000,0,-,-,-,-,4642.8000,4642.6000,4642.4000,4641.8000,4641.4000,4644.8000,4645.6000,4647.0000,4649.8000,4650.6000,2,1,1,1,1,1,1,1,2,1
SF,IF2103,2020-09-21 09:32:01.800,4644.8000,12960,0,281645100.000,0,-,-,-,-,4642.8000,4642.6000,4642.4000,4641.8000,4641.4000,4644.6000,4644.8000,4645.6000,4647.0000,4649.8000,1,1,1,1,1,2,2,1,1,2
SF,IF2103,2020-09-21 09:32:02.300,4644.8000,12960,0,281645100.000,0,-,-,-,-,4643.2000,4642.6000,4642.4000,4641.8000,4641.0000,4644.4000,4644.6000,4644.8000,4645.6000,4647.0000,3,1,1,1,1,2,2,1,1,1
SF,IF2103,2020-09-21 09:32:02.800,4643.2000,12960,0,285823980.000,3,1,2,多换,S,4642.6000,4642.4000,4641.8000,4641.0000,4640.6000,4644.2000,4644.4000,4644.6000,4644.8000,4645.6000,1,1,1,1,1,1,1,1,1,1
SF,IF2103,2020-09-21 09:32:03.300,4643.2000,12960,0,285823980.000,0,-,-,-,-,4642.6000,4642.4000,4641.0000,4640.6000,4640.0000,4644.0000,4644.2000,4644.6000,4644.8000,4645.6000,1,1,1,1,1,2,1,1,1,1
SF,IF2103,2020-09-21 09:32:03.800,4643.2000,12960,0,285823980.000,0,-,-,-,-,4642.6000,4642.4000,4641.0000,4640.6000,4640.0000,4644.0000,4644.8000,4645.6000,4647.0000,4649.8000,1,1,1,1,1,1,1,1,1,2
SF,IF2103,2020-09-21 09:32:04.300,4643.2000,12960,0,285823980.000,0,-,-,-,-,4642.8000,4642.6000,4642.4000,4641.0000,4640.6000,4644.0000,4644.8000,4645.6000,4647.0000,4649.8000,1,1,1,1,1,1,1,1,1,2
SF,IF2103,2020-09-21 09:32:04.800,4643.2000,12960,0,285823980.000,0,-,-,-,-,4642.8000,4642.6000,4642.4000,4641.0000,4640.6000,4644.8000,4645.6000,4647.0000,4649.8000,4650.6000,1,1,1,1,1,1,1,1,2,1
SF,IF2103,2020-09-21 09:32:05.300,4643.2000,12960,0,285823980.000,0,-,-,-,-,4644.0000,4642.8000,4642.6000,4642.4000,4641.0000,4644.6000,4644.8000,4645.6000,4647.0000,4649.8000,1,1,1,1,1,1,2,1,1,2
SF,IF2103,2020-09-21 09:32:05.800,4644.0000,12960,0,287217180.000,1,0,1,多换,S,4642.6000,4642.4000,4641.0000,4640.6000,4640.0000,4644.4000,4644.8000,4645.6000,4647.0000,4649.8000,1,1,1,1,1,1,2,1,1,2
SF,IF2103,2020-09-21 09:32:06.800,4642.4000,12960,0,290002680.000,2,1,1,多换,S,4641.0000,4640.6000,4640.0000,4639.0000,4638.0000,4644.0000,4644.4000,4644.8000,4645.6000,4647.0000,1,1,1,12,1,1,2,1,1,1
SF,IF2103,2020-09-21 09:32:07.300,4641.0000,12959,-1,295572840.000,4,1,3,多平,S,4640.0000,4639.0000,4638.0000,4635.2000,4631.0000,4643.8000,4644.0000,4644.8000,4645.6000,4647.0000,1,12,1,3,1,1,1,1,1,1
SF,IF2103,2020-09-21 09:32:07.800,4641.0000,12959,0,295572840.000,0,-,-,-,-,4640.2000,4640.0000,4639.0000,4638.0000,4635.2000,4643.6000,4643.8000,4644.8000,4645.6000,4647.0000,2,2,12,1,3,3,2,1,1,1
SF,IF2103,2020-09-21 09:32:08.300,4641.0000,12959,0,295572840.000,0,-,-,-,-,4640.2000,4640.0000,4639.0000,4638.0000,4635.2000,4643.4000,4643.6000,4644.8000,4645.6000,4647.0000,2,2,12,1,3,2,3,1,1,1
SF,IF2103,2020-09-21 09:32:08.800,4641.0000,12959,0,295572840.000,0,-,-,-,-,4640.2000,4640.0000,4639.0000,4638.0000,4635.2000,4643.2000,4643.4000,4643.6000,4644.8000,4645.6000,2,2,12,1,3,1,2,2,1,1
SF,IF2103,2020-09-21 09:32:09.300,4641.0000,12959,0,295572840.000,0,-,-,-,-,4640.2000,4640.0000,4639.0000,4638.0000,4635.2000,4643.0000,4643.2000,4643.6000,4644.8000,4645.6000,1,2,12,1,3,1,2,1,1,1
SF,IF2103,2020-09-21 09:32:09.800,4641.0000,12959,0,295572840.000,0,-,-,-,-,4640.4000,4640.2000,4640.0000,4639.0000,4638.0000,4643.0000,4643.2000,4644.8000,4645.6000,4647.0000,1,1,2,12,1,1,1,1,1,1
SF,IF2103,2020-09-21 09:32:10.300,4641.0000,12959,0,295572840.000,0,-,-,-,-,4640.6000,4640.4000,4640.0000,4639.0000,4638.0000,4643.0000,4644.8000,4645.6000,4647.0000,4649.8000,1,1,2,12,1,1,1,1,1,2
SF,IF2103,2020-09-21 09:32:10.800,4641.0000,12959,0,295572840.000,0,-,-,-,-,4640.6000,4640.4000,4640.0000,4639.0000,4638.0000,4642.6000,4644.8000,4645.6000,4647.0000,4649.8000,1,1,2,12,1,1,1,1,1,2
SF,IF2103,2020-09-21 09:32:11.300,4641.0000,12959,0,295572840.000,0,-,-,-,-,4640.8000,4640.6000,4640.4000,4640.0000,4639.0000,4642.6000,4644.8000,4645.6000,4647.0000,4649.8000,2,1,1,2,12,1,1,1,1,2
SF,IF2103,2020-09-21 09:32:11.800,4641.0000,12959,0,295572840.000,0,-,-,-,-,4640.8000,4640.6000,4640.0000,4639.0000,4638.0000,4642.2000,4642.6000,4644.8000,4645.6000,4647.0000,1,1,2,12,1,1,1,1,1,1
SF,IF2103,2020-09-21 09:32:12.300,4641.8000,12958,-1,296965380.000,1,0,1,双平,S,4641.0000,4640.6000,4640.0000,4639.0000,4638.0000,4643.8000,4644.8000,4645.6000,4647.0000,4649.8000,1,1,2,12,1,1,1,1,1,2
SF,IF2103,2020-09-21 09:32:12.800,4641.8000,12958,0,296965380.000,0,-,-,-,-,4641.2000,4641.0000,4640.6000,4640.0000,4639.0000,4643.6000,4644.8000,4645.6000,4647.0000,4649.8000,1,2,1,2,12,1,1,1,1,2
SF,IF2103,2020-09-21 09:32:13.800,4641.6000,12957,-1,299750940.000,2,0,2,多平,S,4641.6000,4641.4000,4641.2000,4641.0000,4640.6000,4644.8000,4645.6000,4647.0000,4649.8000,4650.6000,1,1,2,1,1,1,1,1,2,1
SF,IF2103,2020-09-21 09:32:14.300,4641.6000,12957,0,299750940.000,0,-,-,-,-,4641.8000,4641.4000,4641.2000,4641.0000,4640.0000,4644.8000,4645.6000,4647.0000,4649.8000,4650.6000,3,1,1,2,2,1,1,1,2,1
SF,IF2103,2020-09-21 09:32:14.800,4641.6000,12957,0,299750940.000,0,-,-,-,-,4642.0000,4641.8000,4641.4000,4641.0000,4640.0000,4644.6000,4644.8000,4645.6000,4647.0000,4649.8000,1,3,1,1,2,2,1,1,1,2
SF,IF2103,2020-09-21 09:32:15.300,4641.6000,12957,0,299750940.000,0,-,-,-,-,4642.2000,4642.0000,4641.8000,4641.0000,4640.0000,4644.6000,4644.8000,4645.6000,4647.0000,4649.8000,2,1,1,1,2,2,1,1,1,2
SF,IF2103,2020-09-21 09:32:15.800,4641.6000,12957,0,299750940.000,0,-,-,-,-,4642.2000,4641.8000,4641.0000,4640.0000,4639.0000,4644.2000,4644.6000,4644.8000,4645.6000,4647.0000,2,1,1,2,12,1,2,1,1,1
SF,IF2103,2020-09-21 09:32:16.300,4641.6000,12957,0,299750940.000,0,-,-,-,-,4642.2000,4641.0000,4640.0000,4639.0000,4638.0000,4644.0000,4644.2000,4644.6000,4644.8000,4645.6000,1,1,2,12,1,2,1,2,1,1
SF,IF2103,2020-09-21 09:32:16.800,4641.6000,12957,0,299750940.000,0,-,-,-,-,4642.2000,4641.0000,4640.0000,4639.0000,4638.0000,4644.0000,4644.6000,4644.8000,4645.6000,4647.0000,1,1,2,12,1,2,2,1,1,1
SF,IF2103,2020-09-21 09:32:17.300,4642.2000,12956,-1,301143600.000,1,0,1,双平,S,4641.0000,4640.0000,4639.0000,4638.0000,4635.2000,4643.6000,4644.0000,4644.6000,4644.8000,4645.6000,1,2,12,1,3,1,1,2,1,1
SF,IF2103,2020-09-21 09:32:17.800,4642.2000,12956,0,301143600.000,0,-,-,-,-,4641.2000,4641.0000,4640.0000,4639.0000,4638.0000,4643.4000,4643.6000,4644.0000,4644.6000,4644.8000,1,1,2,12,1,2,1,1,2,1
SF,IF2103,2020-09-21 09:32:18.300,4642.2000,12956,0,301143600.000,0,-,-,-,-,4641.2000,4641.0000,4640.0000,4639.0000,4638.0000,4643.0000,4643.4000,4644.0000,4644.8000,4645.6000,1,1,2,12,1,1,2,1,1,1
SF,IF2103,2020-09-21 09:32:18.800,4642.2000,12956,0,301143600.000,0,-,-,-,-,4641.2000,4641.0000,4640.0000,4639.0000,4638.0000,4643.0000,4643.4000,4644.0000,4644.8000,4645.6000,1,1,2,12,1,2,2,1,1,1
SF,IF2103,2020-09-21 09:32:19.300,4642.2000,12956,0,301143600.000,0,-,-,-,-,4641.2000,4641.0000,4640.0000,4639.0000,4638.0000,4643.4000,4644.8000,4645.6000,4647.0000,4649.8000,1,1,2,12,1,1,1,1,1,2
SF,IF2103,2020-09-21 09:32:19.800,4642.2000,12956,0,301143600.000,0,-,-,-,-,4641.2000,4641.0000,4640.0000,4639.0000,4638.0000,4643.4000,4644.8000,4645.6000,4647.0000,4649.8000,1,1,2,12,1,1,1,1,1,2
SF,IF2103,2020-09-21 09:32:20.300,4642.2000,12956,0,301143600.000,0,-,-,-,-,4641.6000,4641.2000,4641.0000,4640.0000,4639.0000,4643.4000,4644.8000,4645.6000,4647.0000,4649.8000,1,2,1,2,12,1,1,1,1,2
SF,IF2103,2020-09-21 09:32:20.800,4642.2000,12956,0,301143600.000,0,-,-,-,-,4643.4000,4641.6000,4641.2000,4641.0000,4640.0000,4644.8000,4645.6000,4647.0000,4649.8000,4650.6000,1,1,1,1,2,1,1,1,2,1
SF,IF2103,2020-09-21 09:32:21.300,4643.4000,12956,0,302536620.000,1,0,1,多换,S,4641.0000,4640.0000,4639.0000,4638.0000,4635.2000,4643.4000,4644.4000,4644.6000,4644.8000,4645.6000,1,2,12,1,3,1,1,1,2,1
SF,IF2103,2020-09-21 09:32:21.800,4643.4000,12956,0,302536620.000,0,-,-,-,-,4641.4000,4641.2000,4641.0000,4640.0000,4639.0000,4644.6000,4644.8000,4645.6000,4647.0000,4649.8000,1,1,1,2,12,1,1,1,1,2
SF,IF2103,2020-09-21 09:32:22.300,4643.4000,12956,0,302536620.000,0,-,-,-,-,4641.6000,4641.0000,4640.0000,4639.0000,4638.0000,4644.2000,4644.4000,4644.6000,4644.8000,4645.6000,2,1,2,12,1,1,1,1,1,1
SF,IF2103,2020-09-21 09:32:22.800,4643.4000,12956,0,302536620.000,0,-,-,-,-,4641.6000,4641.0000,4640.0000,4639.0000,4638.0000,4644.0000,4644.2000,4644.4000,4644.6000,4644.8000,2,1,2,12,1,1,1,1,1,1
SF,IF2103,2020-09-21 09:32:23.300,4643.4000,12956,0,302536620.000,0,-,-,-,-,4641.8000,4641.6000,4641.0000,4640.0000,4639.0000,4643.6000,4644.0000,4644.2000,4644.4000,4644.6000,1,2,1,2,12,1,1,1,1,1
SF,IF2103,2020-09-21 09:32:23.800,4643.4000,12956,0,302536620.000,0,-,-,-,-,4641.8000,4641.6000,4641.0000,4640.0000,4639.0000,4644.4000,4644.8000,4645.6000,4647.0000,4649.8000,1,1,1,2,12,1,1,2,1,2
SF,IF2103,2020-09-21 09:32:24.300,4643.4000,12956,0,302536620.000,0,-,-,-,-,4642.0000,4641.0000,4640.0000,4639.0000,4638.0000,4644.2000,4644.4000,4644.8000,4645.6000,4647.0000,1,1,2,12,1,1,1,1,2,1
SF,IF2103,2020-09-21 09:32:24.800,4642.0000,12957,1,305321880.000,2,1,1,空开,S,4642.0000,4641.0000,4640.0000,4639.0000,4638.0000,4643.8000,4644.0000,4644.2000,4644.8000,4645.6000,1,1,2,12,1,1,1,1,1,1
SF,IF2103,2020-09-21 09:32:25.300,4642.0000,12957,0,305321880.000,0,-,-,-,-,4641.0000,4640.0000,4639.0000,4638.0000,4635.2000,4643.6000,4644.0000,4644.2000,4644.8000,4645.6000,1,2,12,1,3,1,1,1,1,1
SF,IF2103,2020-09-21 09:32:25.800,4642.0000,12957,0,305321880.000,0,-,-,-,-,4641.2000,4641.0000,4640.0000,4639.0000,4638.0000,4643.4000,4643.6000,4644.0000,4644.8000,4645.6000,1,2,2,12,1,1,1,1,1,1
SF,IF2103,2020-09-21 09:32:26.300,4643.4000,12956,-1,306714900.000,1,0,1,双平,S,4641.8000,4641.6000,4641.4000,4641.2000,4641.0000,4644.0000,4644.8000,4645.6000,4647.0000,4649.8000,1,1,1,2,1,1,1,1,1,2
SF,IF2103,2020-09-21 09:32:26.800,4643.4000,12956,0,306714900.000,0,-,-,-,-,4641.8000,4641.4000,4641.2000,4641.0000,4640.0000,4644.8000,4645.6000,4646.4000,4647.0000,4649.8000,1,1,2,1,2,1,1,1,1,2
SF,IF2103,2020-09-21 09:32:27.300,4643.4000,12956,0,306714900.000,0,-,-,-,-,4642.0000,4641.8000,4641.2000,4641.0000,4640.0000,4644.0000,4644.6000,4644.8000,4645.6000,4646.4000,1,1,2,1,2,3,2,1,1,1
SF,IF2103,2020-09-21 09:32:27.800,4643.4000,12956,0,306714900.000,0,-,-,-,-,4641.8000,4641.2000,4641.0000,4640.0000,4639.0000,4643.8000,4644.0000,4644.6000,4644.8000,4645.6000,1,1,1,2,12,1,3,1,1,1
SF,IF2103,2020-09-21 09:32:28.300,4643.4000,12956,0,306714900.000,0,-,-,-,-,4642.0000,4641.0000,4640.0000,4639.0000,4638.0000,4643.6000,4643.8000,4644.0000,4644.6000,4644.8000,1,1,2,12,1,1,2,3,1,1
SF,IF2103,2020-09-21 09:32:28.800,4643.4000,12956,0,306714900.000,0,-,-,-,-,4642.0000,4641.0000,4640.0000,4639.0000,4638.0000,4643.6000,4643.8000,4644.0000,4644.6000,4644.8000,1,1,2,12,1,1,2,3,1,1
SF,IF2103,2020-09-21 09:32:29.300,4643.4000,12956,0,306714900.000,0,-,-,-,-,4642.2000,4642.0000,4641.0000,4640.0000,4639.0000,4643.8000,4644.0000,4644.8000,4645.6000,4646.4000,1,1,1,2,12,1,3,1,1,1
SF,IF2103,2020-09-21 09:32:29.800,4643.8000,12957,1,308108040.000,1,1,0,双开,S,4643.8000,4642.4000,4642.0000,4641.0000,4640.0000,4644.0000,4644.8000,4645.6000,4646.4000,4647.0000,1,1,1,1,2,3,1,1,1,1
SF,IF2103,2020-09-21 09:32:30.300,4643.8000,12957,0,309501180.000,1,0,1,多换,S,4642.0000,4641.0000,4640.0000,4639.0000,4638.0000,4643.6000,4644.0000,4644.8000,4645.6000,4647.0000,1,1,2,12,1,2,3,1,1,1
SF,IF2103,2020-09-21 09:32:30.800,4642.2000,12956,-1,310893840.000,1,0,1,双平,S,4641.0000,4640.0000,4639.0000,4638.0000,4635.2000,4643.4000,4643.6000,4644.0000,4644.8000,4645.6000,1,2,12,1,3,3,2,3,1,1
SF,IF2103,2020-09-21 09:32:31.300,4642.2000,12956,0,310893840.000,0,-,-,-,-,4641.0000,4640.0000,4639.0000,4638.0000,4635.2000,4643.4000,4643.6000,4644.8000,4645.6000,4647.0000,1,2,12,1,3,2,2,1,1,1
SF,IF2103,2020-09-21 09:32:31.800,4641.0000,12956,0,312286140.000,1,0,1,多换,S,4640.0000,4639.0000,4638.0000,4635.2000,4631.0000,4643.0000,4643.2000,4643.4000,4643.6000,4644.8000,2,12,1,3,1,2,1,2,2,1
SF,IF2103,2020-09-21 09:32:32.300,4641.0000,12956,0,312286140.000,0,-,-,-,-,4640.2000,4640.0000,4639.0000,4638.0000,4635.2000,4642.8000,4643.2000,4643.4000,4643.6000,4644.8000,1,2,12,1,3,4,1,1,2,1
SF,IF2103,2020-09-21 09:32:32.800,4641.0000,12956,0,312286140.000,0,-,-,-,-,4640.2000,4640.0000,4639.0000,4638.0000,4635.2000,4642.8000,4643.2000,4643.6000,4644.8000,4645.6000,1,2,12,1,3,4,1,2,1,1
SF,IF2103,2020-09-21 09:32:33.300,4641.0000,12956,0,312286140.000,0,-,-,-,-,4640.2000,4640.0000,4639.0000,4638.0000,4635.2000,4642.8000,4643.6000,4644.8000,4645.6000,4647.0000,1,2,12,1,3,2,2,1,1,1
SF,IF2103,2020-09-21 09:32:33.800,4641.0000,12956,0,312286140.000,0,-,-,-,-,4640.4000,4640.2000,4640.0000,4639.0000,4638.0000,4642.8000,4643.6000,4644.8000,4645.6000,4647.0000,1,1,2,12,1,2,2,1,1,1
SF,IF2103,2020-09-21 09:32:34.300,4641.0000,12956,0,312286140.000,0,-,-,-,-,4640.4000,4640.2000,4640.0000,4639.0000,4638.0000,4642.4000,4642.8000,4643.6000,4644.8000,4645.6000,1,1,2,12,1,2,2,2,1,1
SF,IF2103,2020-09-21 09:32:34.800,4640.4000,12956,0,313678260.000,1,0,1,多换,S,4640.2000,4640.0000,4639.0000,4638.0000,4635.2000,4642.2000,4643.6000,4644.8000,4645.6000,4647.0000,1,2,12,1,3,4,2,1,1,1
SF,IF2103,2020-09-21 09:32:35.300,4640.4000,12956,0,313678260.000,0,-,-,-,-,4640.4000,4640.0000,4639.0000,4638.0000,4635.2000,4642.0000,4642.2000,4643.6000,4644.8000,4645.6000,2,2,12,1,3,1,1,2,1,1
SF,IF2103,2020-09-21 09:32:35.800,4640.4000,12956,0,315070380.000,1,0,1,多换,S,4640.4000,4640.0000,4639.0000,4638.0000,4634.4000,4641.8000,4642.0000,4643.6000,4644.8000,4645.6000,1,2,12,1,1,3,2,2,1,1
SF,IF2103,2020-09-21 09:32:36.300,4640.4000,12956,0,315070380.000,0,-,-,-,-,4640.0000,4639.0000,4638.0000,4634.4000,4631.0000,4641.4000,4641.6000,4642.0000,4643.6000,4644.8000,2,12,1,1,1,2,3,1,2,1
SF,IF2103,2020-09-21 09:32:36.800,4640.0000,12954,-2,317854380.000,2,0,2,双平,S,4639.0000,4638.0000,4634.4000,4631.0000,4628.2000,4641.4000,4641.6000,4643.0000,4643.4000,4643.6000,12,1,1,1,1,2,3,1,1,2
SF,IF2103,2020-09-21 09:32:37.300,4640.0000,12954,0,317854380.000,0,-,-,-,-,4639.0000,4638.0000,4634.4000,4631.0000,4628.2000,4641.2000,4641.4000,4641.6000,4643.0000,4643.4000,12,1,1,1,1,4,2,2,1,1
SF,IF2103,2020-09-21 09:32:37.800,4640.0000,12954,0,317854380.000,0,-,-,-,-,4639.0000,4638.0000,4634.4000,4631.0000,4628.2000,4641.0000,4641.2000,4641.6000,4643.0000,4643.4000,12,1,1,1,1,1,3,2,1,1
SF,IF2103,2020-09-21 09:32:38.300,4639.0000,12954,0,322029480.000,3,1,2,多换,S,4639.0000,4638.0000,4634.4000,4631.0000,4628.2000,4640.8000,4641.0000,4641.2000,4641.6000,4643.0000,9,1,1,1,1,2,1,2,2,1
SF,IF2103,2020-09-21 09:32:38.800,4639.0000,12954,0,327596280.000,4,2,2,多换,S,4639.0000,4638.0000,4634.4000,4631.0000,4628.2000,4640.4000,4640.6000,4641.2000,4641.6000,4643.0000,5,1,1,1,1,2,7,2,2,1
SF,IF2103,2020-09-21 09:32:39.300,4639.0000,12954,0,334554780.000,5,2,3,多换,S,4638.0000,4634.4000,4631.0000,4628.2000,4622.0000,4639.0000,4640.0000,4640.2000,4640.6000,4641.2000,1,1,1,1,1,1,3,1,4,2
SF,IF2103,2020-09-21 09:32:39.800,4639.0000,12954,0,334554780.000,0,-,-,-,-,4638.0000,4634.4000,4631.0000,4628.2000,4622.0000,4638.8000,4639.0000,4640.0000,4640.6000,4641.2000,1,1,1,1,1,1,2,1,4,2
SF,IF2103,2020-09-21 09:32:40.300,4639.0000,12954,0,334554780.000,0,-,-,-,-,4638.0000,4634.4000,4631.0000,4628.2000,4622.0000,4638.8000,4639.0000,4640.0000,4640.6000,4641.2000,1,1,1,1,1,1,2,1,4,2
SF,IF2103,2020-09-21 09:32:40.800,4628.2000,12955,1,340114260.000,4,2,2,空开,S,4622.0000,4615.2000,4611.2000,4611.0000,4606.0000,4638.8000,4639.0000,4640.0000,4640.6000,4641.2000,1,1,1,1,1,2,1,1,4,2
SF,IF2103,2020-09-21 09:32:41.300,4628.2000,12955,0,340114260.000,0,-,-,-,-,4634.4000,4633.6000,4632.6000,4632.2000,4631.2000,4638.6000,4638.8000,4639.0000,4640.6000,4641.2000,1,1,1,1,3,2,1,1,4,2
SF,IF2103,2020-09-21 09:32:41.800,4628.2000,12955,0,340114260.000,0,-,-,-,-,4634.6000,4633.6000,4632.6000,4632.2000,4631.2000,4638.6000,4638.8000,4639.0000,4640.6000,4641.8000,2,1,1,1,3,1,1,1,4,1
SF,IF2103,2020-09-21 09:32:42.300,4628.2000,12955,0,341502720.000,1,0,1,多换,S,4634.6000,4634.4000,4633.6000,4632.6000,4632.2000,4638.8000,4639.0000,4639.4000,4640.6000,4641.8000,2,1,1,1,1,1,1,1,4,1
SF,IF2103,2020-09-21 09:32:42.800,4628.2000,12955,0,341502720.000,0,-,-,-,-,4634.6000,4633.6000,4632.6000,4632.4000,4632.2000,4638.8000,4639.0000,4639.4000,4640.6000,4641.8000,2,1,1,1,1,2,1,1,4,1
SF,IF2103,2020-09-21 09:32:43.300,4628.2000,12955,0,341502720.000,0,-,-,-,-,4635.0000,4634.6000,4634.4000,4633.6000,4632.6000,4638.6000,4638.8000,4639.0000,4640.6000,4641.8000,1,2,1,1,1,1,1,1,2,1
SF,IF2103,2020-09-21 09:32:43.800,4628.2000,12955,0,341502720.000,0,-,-,-,-,4636.0000,4635.4000,4635.2000,4635.0000,4634.8000,4638.4000,4638.6000,4639.0000,4641.8000,4645.6000,1,1,2,1,1,2,2,1,1,1
SF,IF2103,2020-09-21 09:32:44.300,4628.2000,12955,0,341502720.000,0,-,-,-,-,4636.4000,4636.0000,4635.4000,4635.2000,4635.0000,4638.0000,4638.2000,4638.4000,4638.6000,4639.0000,1,1,1,2,1,2,2,2,1,1
SF,IF2103,2020-09-21 09:32:44.800,4628.2000,12954,-1,342891180.000,1,0,1,双平,S,4636.0000,4635.2000,4635.0000,4634.8000,4634.4000,4637.8000,4638.2000,4638.4000,4639.0000,4641.8000,2,2,1,2,4,3,2,2,1,2
SF,IF2103,2020-09-21 09:32:45.300,4628.2000,12954,0,342891180.000,0,-,-,-,-,4636.6000,4636.2000,4635.2000,4635.0000,4634.4000,4637.4000,4637.6000,4638.2000,4638.4000,4639.0000,1,1,1,1,2,2,1,1,2,1
SF,IF2103,2020-09-21 09:32:45.800,4628.2000,12954,0,342891180.000,0,-,-,-,-,4636.2000,4635.2000,4635.0000,4634.4000,4633.6000,4637.2000,4637.6000,4639.0000,4641.8000,4645.6000,2,2,1,2,3,1,1,1,2,1
SF,IF2103,2020-09-21 09:32:46.300,4637.6000,12953,-1,345673620.000,2,0,2,多平,S,4636.2000,4635.2000,4635.0000,4634.4000,4633.6000,4637.2000,4639.0000,4641.8000,4645.6000,4647.0000,2,1,1,2,3,2,1,2,1,1
SF,IF2103,2020-09-21 09:32:46.800,4637.2000,12953,0,348455940.000,2,1,1,多换,S,4636.4000,4635.2000,4635.0000,4634.4000,4633.6000,4639.0000,4641.8000,4645.6000,4647.0000,4649.8000,1,1,1,2,3,1,2,1,1,2
SF,IF2103,2020-09-21 09:32:47.300,4637.2000,12953,0,348455940.000,0,-,-,-,-,4636.6000,4636.4000,4635.2000,4635.0000,4634.4000,4639.0000,4641.8000,4645.6000,4647.0000,4649.8000,3,1,1,1,2,1,2,1,1,2
SF,IF2103,2020-09-21 09:32:47.800,4638.6000,12952,-1,349847520.000,1,0,1,双平,S,4636.8000,4636.6000,4635.0000,4634.4000,4633.6000,4638.6000,4639.0000,4641.8000,4645.6000,4647.0000,1,3,1,2,2,1,1,2,1,1
SF,IF2103,2020-09-21 09:32:48.300,4638.6000,12951,-1,351239100.000,1,0,1,双平,S,4637.2000,4637.0000,4636.8000,4636.6000,4635.0000,4639.0000,4641.8000,4645.6000,4647.0000,4649.8000,2,1,1,1,1,1,2,1,1,2
SF,IF2103,2020-09-21 09:32:48.800,4639.0000,12950,-1,352630800.000,1,0,1,双平,S,4637.4000,4637.2000,4636.6000,4635.0000,4634.4000,4641.8000,4645.6000,4647.0000,4649.8000,4651.8000,2,2,1,1,2,2,1,1,2,1
SF,IF2103,2020-09-21 09:32:49.300,4639.0000,12950,0,352630800.000,0,-,-,-,-,4637.6000,4637.4000,4635.0000,4634.4000,4633.6000,4641.2000,4641.6000,4641.8000,4645.6000,4647.0000,1,2,1,2,2,1,2,2,1,1
SF,IF2103,2020-09-21 09:32:49.800,4639.0000,12950,0,352630800.000,0,-,-,-,-,4637.8000,4637.6000,4635.0000,4634.4000,4634.0000,4640.6000,4641.0000,4641.2000,4641.6000,4644.0000,1,1,1,2,1,1,2,1,1,1
SF,IF2103,2020-09-21 09:32:50.300,4639.0000,12950,0,352630800.000,0,-,-,-,-,4638.0000,4637.8000,4635.0000,4634.4000,4634.0000,4640.0000,4640.2000,4640.4000,4640.6000,4641.0000,1,1,1,2,1,1,1,1,1,1
SF,IF2103,2020-09-21 09:32:50.800,4639.0000,12950,0,352630800.000,0,-,-,-,-,4635.0000,4634.4000,4634.0000,4633.6000,4633.4000,4639.8000,4640.0000,4640.2000,4641.0000,4641.6000,1,2,1,2,1,2,1,1,1,1
SF,IF2103,2020-09-21 09:32:51.300,4639.0000,12950,0,352630800.000,0,-,-,-,-,4635.4000,4635.2000,4635.0000,4634.4000,4634.0000,4639.6000,4639.8000,4640.2000,4641.0000,4644.0000,1,3,1,2,1,2,1,1,1,1
SF,IF2103,2020-09-21 09:32:51.800,4639.0000,12950,0,352630800.000,0,-,-,-,-,4636.2000,4635.8000,4635.6000,4635.4000,4635.2000,4639.2000,4639.6000,4640.2000,4641.0000,4642.6000,2,1,2,1,1,1,1,1,1,1
SF,IF2103,2020-09-21 09:32:52.300,4639.0000,12950,0,352630800.000,0,-,-,-,-,4636.4000,4636.2000,4635.8000,4635.4000,4635.2000,4639.2000,4639.6000,4640.2000,4641.0000,4642.6000,3,2,1,1,1,1,1,1,1,1
SF,IF2103,2020-09-21 09:32:52.800,4639.2000,12949,-1,354022560.000,1,0,1,双平,S,4636.4000,4635.8000,4635.4000,4635.2000,4635.0000,4641.0000,4642.6000,4644.0000,4645.6000,4647.0000,3,1,1,1,1,1,1,1,1,1
SF,IF2103,2020-09-21 09:32:53.300,4639.2000,12949,0,354022560.000,0,-,-,-,-,4637.0000,4636.4000,4635.8000,4635.2000,4635.0000,4640.6000,4642.6000,4644.0000,4645.6000,4647.0000,1,3,1,1,1,1,1,1,1,1
SF,IF2103,2020-09-21 09:32:53.800,4640.6000,12948,-1,355414740.000,1,0,1,双平,S,4637.4000,4637.2000,4637.0000,4636.8000,4636.4000,4642.6000,4644.0000,4645.6000,4647.0000,4649.8000,1,1,2,2,1,1,1,1,1,1
SF,IF2103,2020-09-21 09:32:54.300,4640.6000,12948,0,355414740.000,0,-,-,-,-,4637.8000,4637.6000,4637.4000,4637.0000,4636.8000,4642.4000,4642.6000,4644.0000,4645.6000,4647.0000,2,2,2,1,2,1,1,1,1,1
SF,IF2103,2020-09-21 09:32:54.800,4640.6000,12948,0,355414740.000,0,-,-,-,-,4638.0000,4637.4000,4637.0000,4636.8000,4636.4000,4641.6000,4642.2000,4642.4000,4644.0000,4645.6000,2,1,1,2,1,1,1,1,1,1
SF,IF2103,2020-09-21 09:32:55.300,4640.6000,12948,0,355414740.000,0,-,-,-,-,4638.0000,4637.4000,4637.0000,4635.0000,4634.4000,4641.4000,4641.6000,4642.2000,4644.0000,4645.6000,1,1,1,1,2,1,2,1,1,1
SF,IF2103,2020-09-21 09:32:55.800,4640.6000,12948,0,355414740.000,0,-,-,-,-,4638.6000,4638.0000,4637.0000,4635.0000,4634.4000,4641.4000,4641.6000,4642.2000,4644.0000,4645.6000,1,1,1,1,2,2,1,1,1,1
SF,IF2103,2020-09-21 09:32:56.300,4638.6000,12946,-2,358197960.000,2,0,2,双平,S,4635.0000,4634.4000,4633.4000,4632.6000,4632.2000,4641.0000,4641.2000,4641.4000,4641.6000,4642.2000,1,2,1,1,3,1,2,2,1,1
SF,IF2103,2020-09-21 09:32:56.800,4638.6000,12946,0,358197960.000,0,-,-,-,-,4635.4000,4635.2000,4635.0000,4634.4000,4633.4000,4640.8000,4641.0000,4641.2000,4641.4000,4643.6000,1,1,1,2,1,2,1,2,1,1
SF,IF2103,2020-09-21 09:32:57.300,4638.6000,12946,0,358197960.000,0,-,-,-,-,4635.8000,4635.6000,4635.4000,4635.0000,4634.4000,4640.2000,4640.8000,4641.0000,4643.6000,4644.0000,1,4,1,1,2,2,3,1,1,1
SF,IF2103,2020-09-21 09:32:57.800,4638.6000,12946,0,358197960.000,0,-,-,-,-,4636.2000,4636.0000,4635.8000,4635.6000,4635.4000,4640.0000,4640.2000,4640.8000,4641.0000,4643.6000,1,1,2,3,1,1,1,1,1,1
SF,IF2103,2020-09-21 09:32:58.300,4638.6000,12946,0,358197960.000,0,-,-,-,-,4636.4000,4636.2000,4635.8000,4635.6000,4635.4000,4640.0000,4640.2000,4640.8000,4641.0000,4643.6000,2,2,1,1,1,1,1,1,1,1
SF,IF2103,2020-09-21 09:32:58.800,4638.6000,12946,0,358197960.000,0,-,-,-,-,4636.6000,4636.4000,4636.2000,4635.8000,4635.4000,4640.0000,4640.8000,4641.0000,4643.6000,4644.0000,1,2,1,1,1,1,1,1,1,1
SF,IF2103,2020-09-21 09:32:59.300,4638.6000,12946,0,358197960.000,0,-,-,-,-,4637.0000,4636.8000,4636.6000,4636.4000,4636.2000,4640.0000,4640.8000,4643.6000,4644.0000,4645.6000,1,2,1,1,1,2,1,1,1,1
SF,IF2103,2020-09-21 09:32:59.800,4638.6000,12946,0,358197960.000,0,-,-,-,-,4637.2000,4637.0000,4636.8000,4636.4000,4636.2000,4639.6000,4640.0000,4640.8000,4643.6000,4645.6000,1,2,2,1,1,1,2,1,1,1
SF,IF2103,2020-09-21 09:33:00.300,4638.6000,12946,0,358197960.000,0,-,-,-,-,4637.6000,4637.2000,4637.0000,4636.8000,4636.2000,4640.0000,4640.8000,4643.6000,4645.6000,4647.0000,2,1,2,1,1,2,1,1,1,1
SF,IF2103,2020-09-21 09:33:00.800,4638.6000,12946,0,358197960.000,0,-,-,-,-,4637.2000,4637.0000,4636.2000,4635.8000,4635.0000,4639.8000,4640.0000,4640.8000,4643.6000,4645.6000,1,1,1,1,1,2,1,1,1,1
SF,IF2103,2020-09-21 09:33:01.300,4638.6000,12946,0,358197960.000,0,-,-,-,-,4637.2000,4636.2000,4635.8000,4635.0000,4633.8000,4639.6000,4639.8000,4640.0000,4643.6000,4645.6000,1,1,1,1,1,1,2,1,1,1
SF,IF2103,2020-09-21 09:33:01.800,4638.6000,12946,0,358197960.000,0,-,-,-,-,4636.2000,4635.8000,4635.0000,4633.8000,4633.4000,4639.4000,4639.6000,4639.8000,4640.0000,4643.6000,1,1,1,1,1,1,2,1,1,1
SF,IF2103,2020-09-21 09:33:02.300,4638.6000,12946,0,358197960.000,0,-,-,-,-,4636.4000,4636.2000,4635.8000,4635.0000,4633.8000,4639.2000,4639.4000,4640.0000,4643.6000,4645.6000,2,1,1,1,1,1,1,1,1,1
SF,IF2103,2020-09-21 09:33:02.800,4639.2000,12945,-1,359589720.000,1,0,1,双平,S,4636.6000,4636.4000,4636.2000,4635.8000,4635.0000,4640.0000,4643.6000,4645.6000,4647.0000,4649.8000,2,2,1,1,1,1,1,1,1,1
SF,IF2103,2020-09-21 09:33:03.300,4640.0000,12945,0,360981720.000,1,0,1,多换,S,4637.0000,4636.8000,4636.6000,4636.4000,4636.2000,4643.6000,4645.6000,4647.0000,4649.8000,4651.8000,1,5,1,1,1,1,1,1,1,1
SF,IF2103,2020-09-21 09:33:03.800,4640.0000,12945,0,360981720.000,0,-,-,-,-,4637.4000,4637.2000,4637.0000,4636.8000,4636.4000,4643.4000,4643.6000,4645.6000,4647.0000,4649.8000,1,2,1,4,1,2,1,1,1,1
SF,IF2103,2020-09-21 09:33:04.300,4640.0000,12945,0,360981720.000,0,-,-,-,-,4637.8000,4637.6000,4637.4000,4637.0000,4636.8000,4643.0000,4643.2000,4643.4000,4643.6000,4645.6000,1,2,1,1,4,1,1,2,1,1
SF,IF2103,2020-09-21 09:33:04.800,4640.0000,12945,0,360981720.000,0,-,-,-,-,4638.0000,4637.8000,4637.4000,4637.0000,4635.0000,4642.6000,4642.8000,4643.0000,4643.2000,4643.4000,1,1,1,1,1,1,2,2,1,1
SF,IF2103,2020-09-21 09:33:05.300,4637.4000,12944,-1,363764340.000,2,0,2,多平,S,4637.0000,4635.4000,4635.0000,4633.8000,4633.4000,4642.0000,4642.2000,4642.4000,4642.6000,4642.8000,1,1,1,1,1,1,1,2,2,1
SF,IF2103,2020-09-21 09:33:05.800,4637.4000,12944,0,363764340.000,0,-,-,-,-,4637.0000,4635.4000,4635.0000,4633.8000,4633.4000,4641.8000,4642.0000,4642.2000,4642.4000,4642.6000,1,1,1,1,1,4,4,1,1,1
SF,IF2103,2020-09-21 09:33:06.300,4637.4000,12944,0,363764340.000,0,-,-,-,-,4637.0000,4635.4000,4635.0000,4633.8000,4633.4000,4640.8000,4641.0000,4641.2000,4641.6000,4641.8000,1,1,1,1,1,2,1,1,2,4
SF,IF2103,2020-09-21 09:33:06.800,4637.4000,12944,0,363764340.000,0,-,-,-,-,4637.2000,4637.0000,4635.4000,4635.0000,4633.8000,4640.2000,4640.6000,4640.8000,4641.0000,4641.6000,1,1,1,1,1,1,3,2,1,2
SF,IF2103,2020-09-21 09:33:07.300,4637.4000,12944,0,363764340.000,0,-,-,-,-,4637.2000,4637.0000,4635.4000,4635.0000,4633.8000,4640.0000,4640.2000,4640.4000,4640.6000,4640.8000,1,1,1,1,1,1,2,1,2,2
SF,IF2103,2020-09-21 09:33:07.800,4637.4000,12944,0,363764340.000,0,-,-,-,-,4637.2000,4637.0000,4635.4000,4635.0000,4633.8000,4639.8000,4640.0000,4640.2000,4640.4000,4641.0000,1,1,1,1,1,1,1,2,1,1
SF,IF2103,2020-09-21 09:33:08.300,4637.4000,12944,0,363764340.000,0,-,-,-,-,4637.2000,4637.0000,4635.4000,4635.0000,4633.8000,4639.6000,4639.8000,4640.4000,4641.0000,4641.8000,1,1,1,1,1,1,2,1,1,1
SF,IF2103,2020-09-21 09:33:08.800,4637.4000,12944,0,363764340.000,0,-,-,-,-,4637.6000,4637.2000,4637.0000,4635.4000,4635.0000,4639.4000,4639.6000,4639.8000,4640.4000,4641.0000,2,1,1,1,1,2,2,1,1,1
SF,IF2103,2020-09-21 09:33:09.300,4637.4000,12942,-2,366546780.000,2,0,2,双平,S,4637.0000,4635.4000,4635.0000,4633.8000,4633.4000,4639.0000,4639.2000,4639.4000,4639.8000,4640.4000,1,1,1,1,1,1,1,2,1,1
SF,IF2103,2020-09-21 09:33:09.800,4637.4000,12942,0,366546780.000,0,-,-,-,-,4637.0000,4635.4000,4635.0000,4633.8000,4633.4000,4638.8000,4639.0000,4639.4000,4639.8000,4640.4000,1,1,1,1,1,2,1,2,1,1
SF,IF2103,2020-09-21 09:33:10.300,4637.4000,12942,0,366546780.000,0,-,-,-,-,4637.0000,4635.4000,4635.0000,4633.8000,4632.6000,4638.6000,4638.8000,4639.0000,4639.4000,4639.8000,1,1,1,1,1,2,2,1,1,1
SF,IF2103,2020-09-21 09:33:10.800,4637.4000,12942,0,366546780.000,0,-,-,-,-,4637.0000,4635.4000,4635.0000,4633.8000,4632.6000,4638.6000,4639.8000,4640.0000,4641.8000,4642.2000,1,1,1,1,1,1,1,1,1,1
SF,IF2103,2020-09-21 09:33:11.300,4637.4000,12942,0,366546780.000,0,-,-,-,-,4637.0000,4635.4000,4635.0000,4633.8000,4632.6000,4638.6000,4639.8000,4640.0000,4641.8000,4642.2000,1,1,1,1,1,1,1,1,1,1
SF,IF2103,2020-09-21 09:33:12.800,4637.4000,12942,0,366546780.000,0,-,-,-,-,4637.0000,4635.4000,4635.0000,4633.8000,4632.6000,4638.6000,4639.8000,4640.0000,4641.8000,4642.2000,1,1,1,1,1,2,1,1,1,1
SF,IF2103,2020-09-21 09:33:13.300,4637.4000,12942,0,366546780.000,0,-,-,-,-,4637.0000,4635.4000,4635.0000,4632.6000,4632.2000,4638.6000,4639.8000,4640.0000,4641.8000,4642.2000,1,1,1,1,3,2,1,1,1,1
SF,IF2103,2020-09-21 09:33:13.800,4637.4000,12942,0,366546780.000,0,-,-,-,-,4637.0000,4635.4000,4635.0000,4632.6000,4632.2000,4638.4000,4638.6000,4639.8000,4640.0000,4641.8000,1,1,1,1,3,1,2,1,1,1
SF,IF2103,2020-09-21 09:33:14.300,4637.4000,12942,0,366546780.000,0,-,-,-,-,4637.0000,4635.4000,4635.0000,4632.6000,4632.2000,4638.2000,4638.4000,4638.6000,4639.8000,4640.0000,1,1,1,1,3,1,1,2,1,1
SF,IF2103,2020-09-21 09:33:14.800,4637.4000,12942,0,366546780.000,0,-,-,-,-,4637.0000,4635.4000,4635.0000,4632.6000,4632.2000,4638.0000,4638.2000,4638.6000,4639.8000,4640.0000,1,1,1,1,3,1,1,1,1,1
SF,IF2103,2020-09-21 09:33:15.300,4637.4000,12942,0,366546780.000,0,-,-,-,-,4637.0000,4635.4000,4635.0000,4632.6000,4632.2000,4637.8000,4638.0000,4638.2000,4638.6000,4639.8000,1,1,1,1,3,1,1,1,1,1
SF,IF2103,2020-09-21 09:33:16.300,4637.0000,12941,-1,367937880.000,1,0,1,双平,S,4635.4000,4635.0000,4632.6000,4632.2000,4631.6000,4637.6000,4637.8000,4638.0000,4638.2000,4638.6000,1,1,1,3,1,1,2,1,1,1
SF,IF2103,2020-09-21 09:33:16.800,4637.0000,12941,0,367937880.000,0,-,-,-,-,4635.4000,4635.0000,4632.6000,4632.2000,4631.6000,4637.2000,4637.4000,4637.6000,4637.8000,4638.2000,1,1,1,3,1,1,2,1,2,1
SF,IF2103,2020-09-21 09:33:17.300,4637.0000,12941,0,367937880.000,0,-,-,-,-,4635.4000,4635.0000,4632.6000,4632.2000,4631.6000,4637.0000,4637.2000,4637.4000,4637.6000,4637.8000,1,1,1,1,1,1,2,1,1,1
SF,IF2103,2020-09-21 09:33:17.800,4635.4000,12941,0,369328500.000,1,0,1,多换,S,4635.0000,4632.6000,4632.2000,4631.6000,4631.4000,4636.8000,4637.0000,4637.4000,4637.6000,4637.8000,1,1,1,1,1,4,2,1,1,1
SF,IF2103,2020-09-21 09:33:18.300,4635.4000,12941,0,369328500.000,0,-,-,-,-,4635.0000,4631.6000,4631.2000,4631.0000,4630.4000,4636.6000,4636.8000,4637.4000,4637.6000,4637.8000,1,1,2,3,1,2,4,1,1,1
SF,IF2103,2020-09-21 09:33:18.800,4635.0000,12940,-1,370719000.000,1,0,1,双平,S,4631.6000,4631.2000,4631.0000,4630.4000,4630.0000,4636.4000,4636.6000,4636.8000,4637.4000,4637.6000,1,2,3,1,1,3,2,1,1,1
SF,IF2103,2020-09-21 09:33:19.300,4635.0000,12940,0,370719000.000,0,-,-,-,-,4634.4000,4633.6000,4632.2000,4632.0000,4631.8000,4636.2000,4636.4000,4636.6000,4636.8000,4637.4000,2,2,2,1,1,2,1,1,1,1
SF,IF2103,2020-09-21 09:33:19.800,4636.0000,12939,-1,372109800.000,1,0,1,双平,S,4632.2000,4632.0000,4631.8000,4631.2000,4630.4000,4636.0000,4636.4000,4636.8000,4637.4000,4637.6000,2,1,1,2,1,4,1,1,1,1
SF,IF2103,2020-09-21 09:33:20.300,4636.0000,12934,-5,379063800.000,5,0,5,双平,S,4634.6000,4632.6000,4632.4000,4632.2000,4632.0000,4636.8000,4637.4000,4637.6000,4637.8000,4640.0000,2,1,3,2,1,1,1,1,1,1
SF,IF2103,2020-09-21 09:33:20.800,4636.8000,12934,0,380454840.000,1,0,1,多换,S,4634.8000,4634.6000,4632.6000,4632.4000,4632.2000,4637.4000,4637.6000,4640.0000,4641.8000,4642.2000,2,2,1,1,2,1,1,1,1,1
SF,IF2103,2020-09-21 09:33:21.300,4636.8000,12934,0,380454840.000,0,-,-,-,-,4635.0000,4634.8000,4632.6000,4632.2000,4632.0000,4637.2000,4640.0000,4641.8000,4642.2000,4642.6000,1,2,1,2,1,1,1,1,1,1
SF,IF2103,2020-09-21 09:33:21.800,4636.8000,12934,0,380454840.000,0,-,-,-,-,4635.2000,4635.0000,4632.6000,4632.2000,4632.0000,4637.2000,4641.8000,4642.2000,4642.6000,4643.0000,2,2,1,2,1,1,1,1,1,2
SF,IF2103,2020-09-21 09:33:22.300,4637.2000,12934,0,381846000.000,1,0,1,多换,S,4637.2000,4635.2000,4635.0000,4632.6000,4632.2000,4641.8000,4642.2000,4642.6000,4643.0000,4645.6000,1,2,1,1,2,1,1,1,2,1
SF,IF2103,2020-09-21 09:33:22.800,4637.2000,12932,-2,384628320.000,2,0,2,双平,S,4632.6000,4632.2000,4630.8000,4630.4000,4630.0000,4641.2000,4641.6000,4641.8000,4642.2000,4642.6000,1,2,3,1,1,1,1,2,1,1
SF,IF2103,2020-09-21 09:33:23.300,4637.2000,12932,0,384628320.000,0,-,-,-,-,4633.6000,4633.0000,4632.8000,4632.6000,4632.2000,4640.2000,4640.6000,4640.8000,4641.0000,4641.2000,2,1,2,1,2,2,2,1,2,1
SF,IF2103,2020-09-21 09:33:23.800,4637.2000,12932,0,384628320.000,0,-,-,-,-,4634.4000,4633.8000,4633.6000,4633.0000,4632.6000,4639.6000,4640.0000,4640.6000,4640.8000,4641.0000,2,3,1,1,1,1,2,2,1,1
SF,IF2103,2020-09-21 09:33:24.300,4637.2000,12932,0,384628320.000,0,-,-,-,-,4634.6000,4634.4000,4633.8000,4633.6000,4632.6000,4639.0000,4639.4000,4639.6000,4640.0000,4640.6000,4,2,1,1,1,3,2,1,1,2
SF,IF2103,2020-09-21 09:33:24.800,4637.2000,12932,0,384628320.000,0,-,-,-,-,4634.6000,4633.8000,4633.6000,4632.6000,4632.2000,4638.4000,4638.8000,4639.0000,4639.4000,4640.6000,4,1,1,1,1,1,1,3,1,2
SF,IF2103,2020-09-21 09:33:25.300,4638.4000,12931,-1,386019840.000,1,0,1,双平,S,4635.4000,4634.8000,4634.6000,4634.4000,4633.8000,4639.0000,4639.4000,4640.6000,4641.8000,4643.0000,2,1,3,1,1,2,1,2,1,2
SF,IF2103,2020-09-21 09:33:25.800,4638.4000,12931,0,386019840.000,0,-,-,-,-,4635.6000,4635.4000,4634.6000,4634.4000,4633.8000,4638.8000,4640.6000,4641.8000,4643.0000,4645.6000,5,2,2,1,1,1,2,1,2,1
SF,IF2103,2020-09-21 09:33:26.300,4638.4000,12931,0,386019840.000,0,-,-,-,-,4636.2000,4635.8000,4635.6000,4634.6000,4634.4000,4638.8000,4640.6000,4641.0000,4641.8000,4643.0000,1,1,5,1,1,1,1,2,1,2
SF,IF2103,2020-09-21 09:33:26.800,4638.4000,12931,0,386019840.000,0,-,-,-,-,4636.4000,4635.6000,4634.4000,4633.8000,4633.0000,4638.8000,4640.6000,4641.0000,4641.8000,4642.0000,1,2,1,1,1,1,1,2,1,1
SF,IF2103,2020-09-21 09:33:27.300,4638.4000,12930,-1,387411360.000,1,0,1,双平,S,4636.4000,4633.8000,4633.0000,4632.6000,4632.2000,4638.4000,4638.8000,4640.6000,4641.0000,4641.8000,1,1,1,1,1,1,1,1,2,1
SF,IF2103,2020-09-21 09:33:27.800,4638.4000,12930,0,387411360.000,0,-,-,-,-,4633.8000,4633.0000,4632.6000,4632.2000,4630.8000,4638.2000,4640.6000,4641.8000,4642.0000,4643.0000,1,1,1,1,3,3,1,1,1,2
SF,IF2103,2020-09-21 09:33:28.300,4638.4000,12930,0,387411360.000,0,-,-,-,-,4634.4000,4634.2000,4634.0000,4633.8000,4633.0000,4638.2000,4640.6000,4641.8000,4642.0000,4643.0000,1,3,2,1,1,2,1,1,1,2
SF,IF2103,2020-09-21 09:33:28.800,4634.6000,12930,0,388801740.000,1,0,1,多换,S,4634.6000,4634.4000,4634.2000,4633.8000,4633.0000,4638.0000,4640.6000,4641.8000,4642.0000,4643.0000,3,2,1,1,1,1,1,1,1,2
SF,IF2103,2020-09-21 09:33:29.300,4634.6000,12930,0,388801740.000,0,-,-,-,-,4634.6000,4634.4000,4634.2000,4633.8000,4633.0000,4637.8000,4638.0000,4640.6000,4641.8000,4642.0000,3,1,1,1,1,1,1,1,1,1
SF,IF2103,2020-09-21 09:33:29.800,4634.6000,12930,0,388801740.000,0,-,-,-,-,4634.6000,4634.4000,4634.2000,4633.8000,4633.0000,4637.6000,4637.8000,4639.4000,4640.6000,4641.8000,2,1,1,1,1,1,1,1,1,1
SF,IF2103,2020-09-21 09:33:30.300,4634.6000,12930,0,388801740.000,0,-,-,-,-,4634.8000,4634.6000,4634.4000,4634.2000,4633.8000,4637.4000,4637.6000,4639.4000,4640.6000,4641.8000,1,2,1,1,1,1,2,1,1,1
SF,IF2103,2020-09-21 09:33:30.800,4634.6000,12930,0,388801740.000,0,-,-,-,-,4634.8000,4634.6000,4634.2000,4633.8000,4633.0000,4637.2000,4637.4000,4637.6000,4639.4000,4640.6000,1,1,1,1,1,1,1,1,1,1
SF,IF2103,2020-09-21 09:33:31.300,4634.6000,12930,0,388801740.000,0,-,-,-,-,4635.2000,4634.6000,4634.2000,4633.8000,4633.0000,4637.0000,4637.2000,4639.4000,4640.6000,4641.8000,1,1,1,1,1,1,1,1,1,1
SF,IF2103,2020-09-21 09:33:31.800,4634.6000,12930,0,388801740.000,0,-,-,-,-,4634.6000,4634.2000,4633.8000,4633.0000,4632.6000,4637.0000,4639.4000,4640.6000,4641.8000,4642.0000,1,1,1,1,1,2,1,1,1,1
SF,IF2103,2020-09-21 09:33:32.300,4634.6000,12930,0,388801740.000,0,-,-,-,-,4635.0000,4634.6000,4634.2000,4633.8000,4633.0000,4637.0000,4639.4000,4640.6000,4641.8000,4642.0000,1,1,1,1,1,2,1,1,1,1
SF,IF2103,2020-09-21 09:33:32.800,4634.6000,12930,0,388801740.000,0,-,-,-,-,4634.6000,4633.8000,4633.0000,4632.6000,4632.2000,4636.8000,4637.0000,4639.4000,4640.6000,4641.8000,1,1,1,1,1,1,1,1,1,1
SF,IF2103,2020-09-21 09:33:33.300,4634.6000,12930,0,388801740.000,0,-,-,-,-,4633.8000,4633.0000,4632.6000,4632.2000,4630.8000,4636.6000,4636.8000,4637.8000,4640.6000,4641.8000,1,1,1,1,3,1,1,1,1,1
SF,IF2103,2020-09-21 09:33:33.800,4634.6000,12930,0,388801740.000,0,-,-,-,-,4634.0000,4633.8000,4633.0000,4632.6000,4632.2000,4636.4000,4636.6000,4637.8000,4640.6000,4641.8000,1,1,1,1,1,1,1,1,1,1
SF,IF2103,2020-09-21 09:33:34.300,4634.6000,12930,0,388801740.000,0,-,-,-,-,4634.4000,4634.0000,4633.0000,4632.2000,4630.8000,4636.0000,4636.2000,4636.4000,4637.8000,4640.6000,1,1,1,1,3,1,1,2,1,1
SF,IF2103,2020-09-21 09:33:34.800,4634.4000,12930,0,390192060.000,1,0,1,多换,S,4633.0000,4630.8000,4630.4000,4630.2000,4630.0000,4635.8000,4636.0000,4637.8000,4640.6000,4641.8000,1,3,1,1,1,2,2,1,1,1
SF,IF2103,2020-09-21 09:33:35.300,4634.4000,12930,0,390192060.000,0,-,-,-,-,4633.0000,4630.8000,4630.4000,4630.2000,4630.0000,4635.6000,4635.8000,4637.8000,4640.6000,4641.8000,1,3,1,1,1,2,1,1,1,1
SF,IF2103,2020-09-21 09:33:35.800,4634.4000,12930,0,390192060.000,0,-,-,-,-,4633.2000,4633.0000,4630.2000,4630.0000,4629.2000,4635.6000,4637.8000,4640.6000,4641.8000,4642.0000,1,2,1,1,8,2,1,1,1,1
SF,IF2103,2020-09-21 09:33:36.300,4634.4000,12930,0,390192060.000,0,-,-,-,-,4633.4000,4633.2000,4633.0000,4630.2000,4630.0000,4635.6000,4637.8000,4640.6000,4641.8000,4642.0000,1,2,1,1,1,1,1,1,1,1
SF,IF2103,2020-09-21 09:33:36.800,4635.6000,12929,-1,391582740.000,1,0,1,双平,S,4633.8000,4633.6000,4633.4000,4633.2000,4633.0000,4637.8000,4640.6000,4641.8000,4642.0000,4643.0000,1,1,2,1,1,1,1,1,1,2
SF,IF2103,2020-09-21 09:33:37.300,4635.6000,12929,0,391582740.000,0,-,-,-,-,4634.0000,4633.8000,4633.6000,4633.2000,4633.0000,4637.6000,4637.8000,4640.6000,4641.8000,4642.0000,1,1,1,1,1,2,1,1,1,1
SF,IF2103,2020-09-21 09:33:37.800,4635.6000,12929,0,391582740.000,0,-,-,-,-,4633.8000,4633.6000,4633.2000,4633.0000,4632.8000,4637.6000,4640.6000,4641.8000,4642.0000,4643.0000,1,1,1,1,1,2,1,1,1,2
SF,IF2103,2020-09-21 09:33:38.300,4635.6000,12929,0,391582740.000,0,-,-,-,-,4633.8000,4633.6000,4633.2000,4633.0000,4632.8000,4637.4000,4637.6000,4640.6000,4641.8000,4642.0000,1,1,1,1,1,1,2,1,1,1
SF,IF2103,2020-09-21 09:33:38.800,4635.6000,12929,0,391582740.000,0,-,-,-,-,4633.8000,4633.6000,4633.2000,4633.0000,4632.8000,4637.2000,4637.4000,4640.6000,4641.8000,4642.0000,1,1,1,1,1,2,1,1,1,1
SF,IF2103,2020-09-21 09:33:39.300,4635.6000,12929,0,391582740.000,0,-,-,-,-,4633.8000,4633.6000,4633.2000,4633.0000,4632.8000,4637.2000,4640.6000,4641.8000,4642.0000,4643.0000,1,1,1,1,1,3,1,1,1,2
SF,IF2103,2020-09-21 09:33:39.800,4635.6000,12929,0,391582740.000,0,-,-,-,-,4634.0000,4633.8000,4633.6000,4633.2000,4633.0000,4636.6000,4637.2000,4640.6000,4641.8000,4642.0000,1,1,1,1,1,1,2,1,1,1
SF,IF2103,2020-09-21 09:33:40.300,4635.6000,12929,0,391582740.000,0,-,-,-,-,4634.0000,4633.8000,4633.6000,4633.0000,4632.8000,4636.4000,4636.6000,4637.2000,4640.6000,4641.8000,1,1,1,1,1,1,1,1,1,1
SF,IF2103,2020-09-21 09:33:40.800,4636.0000,12929,0,392973540.000,1,0,1,多换,S,4634.0000,4633.8000,4633.0000,4632.8000,4630.2000,4636.0000,4636.4000,4636.6000,4637.2000,4640.6000,1,1,1,1,1,1,1,1,1,1
SF,IF2103,2020-09-21 09:33:41.300,4636.0000,12929,0,392973540.000,0,-,-,-,-,4633.8000,4633.0000,4632.8000,4630.2000,4630.0000,4636.4000,4637.2000,4640.6000,4641.8000,4642.0000,1,1,1,1,1,1,1,1,1,1
SF,IF2103,2020-09-21 09:33:41.800,4636.0000,12929,0,392973540.000,0,-,-,-,-,4634.0000,4633.8000,4633.0000,4632.8000,4630.2000,4636.4000,4637.2000,4640.6000,4641.8000,4642.0000,1,1,1,1,1,1,1,1,1,1
SF,IF2103,2020-09-21 09:33:42.300,4636.0000,12929,0,392973540.000,0,-,-,-,-,4634.0000,4633.8000,4633.0000,4632.8000,4630.2000,4636.0000,4636.4000,4640.6000,4641.8000,4642.0000,1,1,1,1,1,1,2,1,1,1
SF,IF2103,2020-09-21 09:33:42.800,4636.0000,12929,0,392973540.000,0,-,-,-,-,4633.8000,4633.0000,4632.8000,4630.2000,4630.0000,4635.8000,4640.6000,4641.8000,4642.0000,4643.0000,1,1,1,1,11,2,1,1,1,2
SF,IF2103,2020-09-21 09:33:43.300,4636.0000,12929,0,392973540.000,0,-,-,-,-,4633.8000,4633.0000,4632.8000,4630.2000,4630.0000,4635.6000,4635.8000,4640.6000,4641.8000,4642.0000,1,1,1,1,11,2,1,1,1,1
SF,IF2103,2020-09-21 09:33:43.800,4636.0000,12929,0,392973540.000,0,-,-,-,-,4633.0000,4632.8000,4630.2000,4630.0000,4629.2000,4633.8000,4635.4000,4635.6000,4640.6000,4641.8000,1,1,1,11,1,2,2,2,1,1
SF,IF2103,2020-09-21 09:33:44.300,4633.8000,12929,0,395753820.000,2,1,1,多换,S,4633.0000,4632.8000,4630.2000,4630.0000,4629.2000,4635.4000,4635.6000,4640.6000,4641.8000,4642.0000,1,1,1,11,1,1,1,1,1,1
SF,IF2103,2020-09-21 09:33:44.800,4633.8000,12929,0,395753820.000,0,-,-,-,-,4633.0000,4632.8000,4630.2000,4630.0000,4629.2000,4635.0000,4635.4000,4635.6000,4640.6000,4641.8000,1,1,1,11,1,1,1,1,1,1
SF,IF2103,2020-09-21 09:33:45.300,4635.4000,12928,-1,397144440.000,1,0,1,双平,S,4633.2000,4633.0000,4632.8000,4630.2000,4630.0000,4635.6000,4640.6000,4641.8000,4642.0000,4643.0000,3,2,1,1,11,1,1,1,1,2
SF,IF2103,2020-09-21 09:33:45.800,4635.6000,12928,0,398535120.000,1,0,1,多换,S,4633.8000,4633.6000,4633.4000,4633.2000,4633.0000,4636.8000,4640.6000,4641.8000,4643.0000,4645.6000,1,1,1,2,1,1,1,1,2,1
SF,IF2103,2020-09-21 09:33:46.300,4636.8000,12928,0,399926160.000,1,0,1,多换,S,4634.0000,4633.8000,4633.2000,4633.0000,4632.8000,4640.6000,4641.8000,4643.0000,4645.6000,4647.8000,3,2,1,1,1,1,1,2,1,1
SF,IF2103,2020-09-21 09:33:46.800,4636.8000,12928,0,399926160.000,0,-,-,-,-,4634.2000,4634.0000,4633.8000,4633.0000,4632.8000,4640.2000,4640.4000,4640.6000,4643.0000,4645.6000,1,3,1,1,1,1,2,1,2,1
SF,IF2103,2020-09-21 09:33:47.300,4634.6000,12929,1,401316540.000,1,1,0,双开,S,4634.4000,4634.2000,4633.8000,4633.0000,4632.8000,4639.6000,4640.0000,4640.2000,4640.4000,4640.6000,2,1,1,1,1,1,2,1,1,1
SF,IF2103,2020-09-21 09:33:47.800,4634.6000,12929,0,401316540.000,0,-,-,-,-,4634.4000,4634.2000,4633.8000,4633.0000,4632.8000,4638.8000,4639.0000,4639.4000,4639.6000,4640.0000,1,1,1,1,1,2,1,2,2,1
SF,IF2103,2020-09-21 09:33:48.300,4634.6000,12929,0,401316540.000,0,-,-,-,-,4634.6000,4634.4000,4634.2000,4633.8000,4633.0000,4638.2000,4638.6000,4638.8000,4639.0000,4639.4000,1,1,1,1,1,1,3,2,1,2
SF,IF2103,2020-09-21 09:33:48.800,4634.6000,12929,0,401316540.000,0,-,-,-,-,4634.8000,4634.2000,4633.8000,4633.0000,4632.8000,4638.0000,4638.2000,4638.6000,4638.8000,4639.0000,1,1,1,1,1,1,1,2,2,1
SF,IF2103,2020-09-21 09:33:49.300,4634.6000,12929,0,401316540.000,0,-,-,-,-,4635.0000,4634.8000,4634.2000,4633.8000,4633.0000,4637.4000,4637.8000,4638.0000,4638.6000,4639.0000,1,2,1,1,1,2,2,1,1,1
SF,IF2103,2020-09-21 09:33:49.800,4634.6000,12929,0,401316540.000,0,-,-,-,-,4635.0000,4634.8000,4634.2000,4633.8000,4633.0000,4637.0000,4637.8000,4638.6000,4639.0000,4639.4000,1,2,1,1,1,2,1,1,1,1
SF,IF2103,2020-09-21 09:33:50.300,4634.6000,12929,0,401316540.000,0,-,-,-,-,4635.2000,4635.0000,4634.8000,4634.2000,4633.8000,4637.0000,4639.4000,4640.4000,4643.0000,4645.6000,1,2,1,1,1,1,1,1,2,1
SF,IF2103,2020-09-21 09:33:50.800,4637.0000,12929,0,402707640.000,1,0,1,多换,S,4635.2000,4635.0000,4634.8000,4634.2000,4633.8000,4639.4000,4640.4000,4643.0000,4645.6000,4647.8000,1,1,1,1,1,1,1,2,1,1
SF,IF2103,2020-09-21 09:33:51.300,4637.0000,12929,0,402707640.000,0,-,-,-,-,4635.4000,4634.2000,4633.8000,4633.0000,4632.8000,4638.2000,4638.8000,4639.0000,4639.2000,4639.4000,1,1,1,1,1,1,1,1,2,2
SF,IF2103,2020-09-21 09:33:51.800,4637.0000,12929,0,402707640.000,0,-,-,-,-,4635.4000,4634.2000,4633.8000,4633.0000,4632.8000,4637.6000,4638.0000,4638.2000,4639.0000,4639.2000,1,1,1,1,1,1,1,2,1,1
SF,IF2103,2020-09-21 09:33:52.300,4637.0000,12929,0,402707640.000,0,-,-,-,-,4633.8000,4633.0000,4632.8000,4630.2000,4630.0000,4637.2000,4637.4000,4637.6000,4638.2000,4639.0000,1,1,1,1,11,1,2,2,1,1
SF,IF2103,2020-09-21 09:33:52.800,4637.0000,12929,0,402707640.000,0,-,-,-,-,4634.0000,4633.8000,4633.0000,4632.8000,4630.2000,4637.0000,4637.4000,4637.6000,4639.0000,4639.4000,1,1,1,1,1,5,1,1,2,1
SF,IF2103,2020-09-21 09:33:53.300,4637.0000,12929,0,402707640.000,0,-,-,-,-,4634.2000,4634.0000,4633.8000,4633.0000,4632.8000,4637.0000,4639.0000,4639.2000,4639.4000,4640.4000,2,1,1,1,1,4,2,1,1,1
SF,IF2103,2020-09-21 09:33:53.800,4637.0000,12929,0,402707640.000,0,-,-,-,-,4634.4000,4634.2000,4633.8000,4633.0000,4632.8000,4636.4000,4637.0000,4639.0000,4639.2000,4639.4000,2,2,1,1,1,1,2,2,1,1
SF,IF2103,2020-09-21 09:33:54.300,4636.4000,12928,-1,404098560.000,1,0,1,双平,S,4634.6000,4634.4000,4634.2000,4633.8000,4633.0000,4637.0000,4639.0000,4639.2000,4639.4000,4640.4000,2,1,2,1,1,2,2,1,1,1
SF,IF2103,2020-09-21 09:33:54.800,4636.4000,12928,0,404098560.000,0,-,-,-,-,4634.6000,4634.4000,4633.8000,4633.0000,4632.8000,4636.6000,4636.8000,4637.0000,4639.0000,4639.2000,1,1,1,1,1,1,1,2,2,1
SF,IF2103,2020-09-21 09:33:55.300,4636.4000,12928,0,404098560.000,0,-,-,-,-,4634.8000,4633.8000,4633.0000,4632.8000,4630.2000,4637.0000,4639.0000,4639.2000,4639.4000,4640.4000,1,1,1,1,1,2,2,1,1,1
SF,IF2103,2020-09-21 09:33:55.800,4636.4000,12928,0,404098560.000,0,-,-,-,-,4633.8000,4633.0000,4632.8000,4630.2000,4630.0000,4636.8000,4637.0000,4639.0000,4639.2000,4639.4000,1,1,1,1,11,2,2,2,1,1
SF,IF2103,2020-09-21 09:33:56.300,4636.4000,12928,0,404098560.000,0,-,-,-,-,4634.0000,4633.8000,4633.0000,4632.8000,4630.2000,4636.6000,4636.8000,4637.0000,4639.0000,4639.2000,1,1,1,1,1,2,2,1,2,1
SF,IF2103,2020-09-21 09:33:56.800,4636.4000,12928,0,404098560.000,0,-,-,-,-,4633.8000,4633.0000,4632.8000,4630.2000,4630.0000,4636.4000,4636.6000,4636.8000,4637.0000,4639.0000,1,1,1,1,11,1,1,1,1,2
SF,IF2103,2020-09-21 09:33:57.300,4636.4000,12928,0,404098560.000,0,-,-,-,-,4633.0000,4632.8000,4630.2000,4630.0000,4629.2000,4636.2000,4636.4000,4636.8000,4637.0000,4639.0000,1,1,1,11,1,1,2,1,1,1
SF,IF2103,2020-09-21 09:33:57.800,4636.4000,12928,0,404098560.000,0,-,-,-,-,4633.2000,4633.0000,4632.8000,4630.2000,4630.0000,4636.0000,4636.2000,4636.4000,4637.0000,4639.0000,2,2,1,1,11,1,1,1,1,1
SF,IF2103,2020-09-21 09:33:58.300,4636.4000,12928,0,404098560.000,0,-,-,-,-,4634.8000,4633.2000,4633.0000,4632.8000,4630.2000,4635.6000,4635.8000,4636.0000,4636.4000,4637.0000,1,2,1,1,1,1,1,1,1,1
SF,IF2103,2020-09-21 09:33:58.800,4634.8000,12927,-1,405489000.000,1,0,1,双平,S,4633.0000,4632.8000,4630.2000,4630.0000,4629.6000,4635.4000,4635.6000,4636.4000,4637.0000,4637.8000,1,1,1,11,1,2,1,1,1,1
SF,IF2103,2020-09-21 09:33:59.300,4634.8000,12927,0,405489000.000,0,-,-,-,-,4633.4000,4633.2000,4633.0000,4632.8000,4630.2000,4635.4000,4636.2000,4636.4000,4637.0000,4637.8000,1,1,1,1,1,2,1,1,1,1
SF,IF2103,2020-09-21 09:33:59.800,4634.8000,12927,0,405489000.000,0,-,-,-,-,4633.0000,4632.8000,4630.2000,4630.0000,4629.6000,4635.2000,4635.4000,4636.4000,4637.0000,4637.8000,1,1,1,11,1,2,2,1,1,1
SF,IF2103,2020-09-21 09:34:00.300,4634.8000,12927,0,405489000.000,0,-,-,-,-,4633.0000,4632.8000,4630.2000,4630.0000,4629.6000,4635.0000,4635.2000,4637.0000,4637.8000,4638.6000,1,1,1,11,1,1,4,1,1,1
SF,IF2103,2020-09-21 09:34:00.800,4634.8000,12927,0,405489000.000,0,-,-,-,-,4633.2000,4633.0000,4632.8000,4630.2000,4630.0000,4634.8000,4635.0000,4635.2000,4637.0000,4637.8000,1,1,1,1,11,1,1,3,1,1
SF,IF2103,2020-09-21 09:34:01.300,4633.0000,12926,-1,408268860.000,2,0,2,多平,S,4632.8000,4630.2000,4630.0000,4629.6000,4629.2000,4634.6000,4635.2000,4637.0000,4637.8000,4638.6000,1,1,11,1,1,2,3,1,1,1
SF,IF2103,2020-09-21 09:34:01.800,4632.8000,12926,0,409658700.000,1,0,1,多换,S,4630.2000,4630.0000,4629.6000,4629.2000,4628.8000,4634.6000,4635.2000,4635.8000,4637.0000,4637.8000,1,11,1,1,3,2,2,1,1,1
SF,IF2103,2020-09-21 09:34:02.300,4632.8000,12926,0,409658700.000,0,-,-,-,-,4631.2000,4630.6000,4630.4000,4630.2000,4630.0000,4634.6000,4635.2000,4635.8000,4637.0000,4637.8000,1,1,3,2,11,1,1,1,1,1
SF,IF2103,2020-09-21 09:34:02.800,4632.8000,12926,0,409658700.000,0,-,-,-,-,4631.4000,4631.2000,4630.6000,4630.4000,4630.2000,4635.2000,4635.8000,4637.0000,4638.6000,4639.0000,2,1,1,1,1,1,1,1,1,1
SF,IF2103,2020-09-21 09:34:03.300,4632.8000,12926,0,409658700.000,0,-,-,-,-,4634.8000,4631.4000,4631.2000,4630.6000,4630.4000,4635.0000,4635.2000,4635.8000,4637.0000,4638.6000,1,2,1,1,1,1,1,1,1,1
SF,IF2103,2020-09-21 09:34:03.800,4634.8000,12924,-2,413830020.000,3,0,3,多平,S,4630.6000,4630.2000,4630.0000,4629.6000,4628.6000,4635.2000,4635.8000,4637.0000,4638.6000,4639.0000,1,1,11,1,3,1,1,1,1,1
SF,IF2103,2020-09-21 09:34:04.300,4634.8000,12924,0,413830020.000,0,-,-,-,-,4630.8000,4630.6000,4630.2000,4630.0000,4629.6000,4634.2000,4634.6000,4635.0000,4635.2000,4635.8000,1,1,1,11,1,1,1,3,2,1
SF,IF2103,2020-09-21 09:34:04.800,4634.8000,12924,0,413830020.000,0,-,-,-,-,4631.0000,4630.8000,4630.6000,4630.2000,4630.0000,4634.0000,4634.2000,4634.6000,4635.2000,4635.8000,1,1,1,1,11,2,1,1,1,1
SF,IF2103,2020-09-21 09:34:05.300,4634.8000,12923,-1,415220460.000,1,0,1,双平,S,4631.0000,4630.6000,4630.2000,4630.0000,4628.6000,4634.0000,4634.2000,4634.6000,4635.2000,4635.8000,1,1,1,11,3,2,1,1,1,1
SF,IF2103,2020-09-21 09:34:05.800,4634.8000,12923,0,415220460.000,0,-,-,-,-,4631.0000,4630.6000,4630.2000,4630.0000,4628.6000,4633.8000,4634.0000,4634.2000,4635.2000,4635.8000,1,1,1,11,3,1,2,1,1,1
SF,IF2103,2020-09-21 09:34:06.300,4634.8000,12923,0,415220460.000,0,-,-,-,-,4630.6000,4630.2000,4630.0000,4628.6000,4625.2000,4633.6000,4633.8000,4634.2000,4635.2000,4635.8000,1,1,11,3,2,2,1,2,1,1
SF,IF2103,2020-09-21 09:34:06.800,4634.8000,12923,0,415220460.000,0,-,-,-,-,4630.2000,4630.0000,4628.6000,4625.2000,4625.0000,4633.2000,4633.6000,4633.8000,4634.2000,4635.2000,1,11,3,2,1,1,3,1,1,1
SF,IF2103,2020-09-21 09:34:07.300,4634.8000,12923,0,415220460.000,0,-,-,-,-,4630.2000,4630.0000,4625.2000,4625.0000,4622.4000,4631.2000,4633.0000,4633.2000,4633.6000,4633.8000,1,11,2,1,1,1,2,1,1,1
SF,IF2103,2020-09-21 09:34:07.800,4631.2000,12922,-1,416609820.000,1,0,1,双平,S,4630.2000,4630.0000,4625.2000,4625.0000,4624.0000,4632.6000,4633.0000,4633.6000,4633.8000,4634.0000,1,11,2,1,3,1,2,1,1,1
SF,IF2103,2020-09-21 09:34:08.300,4631.2000,12922,0,416609820.000,0,-,-,-,-,4630.2000,4630.0000,4625.2000,4625.0000,4624.0000,4632.2000,4632.4000,4632.6000,4633.0000,4633.6000,1,11,2,1,3,1,2,1,2,1
SF,IF2103,2020-09-21 09:34:08.800,4631.2000,12922,0,416609820.000,0,-,-,-,-,4630.2000,4630.0000,4625.0000,4624.0000,4623.0000,4632.0000,4632.4000,4632.6000,4633.0000,4633.6000,1,11,1,3,2,2,1,1,2,1
SF,IF2103,2020-09-21 09:34:09.300,4631.2000,12922,0,416609820.000,0,-,-,-,-,4630.2000,4630.0000,4625.0000,4624.0000,4623.0000,4631.6000,4631.8000,4632.0000,4632.6000,4633.0000,1,11,1,3,2,1,1,1,1,2
SF,IF2103,2020-09-21 09:34:09.800,4631.8000,12922,0,419388840.000,2,1,1,多换,S,4630.4000,4630.2000,4630.0000,4624.0000,4623.0000,4633.0000,4633.6000,4633.8000,4634.0000,4635.2000,1,2,11,3,2,2,1,1,1,1
SF,IF2103,2020-09-21 09:34:10.300,4630.6000,12922,0,420778020.000,1,0,1,多换,S,4630.4000,4630.2000,4630.0000,4624.0000,4623.0000,4633.0000,4633.6000,4633.8000,4634.0000,4635.2000,2,1,11,3,2,2,1,1,1,1
SF,IF2103,2020-09-21 09:34:10.800,4630.6000,12922,0,420778020.000,0,-,-,-,-,4630.4000,4630.2000,4630.0000,4624.0000,4623.0000,4632.8000,4633.0000,4633.8000,4635.2000,4635.8000,1,1,11,3,2,1,1,1,1,1
SF,IF2103,2020-09-21 09:34:11.300,4632.4000,12921,-1,422167740.000,1,0,1,双平,S,4630.8000,4630.2000,4630.0000,4624.0000,4623.0000,4632.6000,4632.8000,4633.0000,4635.2000,4637.0000,2,1,11,3,2,4,1,1,1,1
SF,IF2103,2020-09-21 09:34:11.800,4630.8000,12921,0,424946220.000,2,1,1,多换,S,4630.2000,4630.0000,4624.0000,4623.0000,4622.4000,4632.2000,4632.4000,4632.6000,4633.0000,4635.0000,1,11,3,2,1,3,2,3,1,1
SF,IF2103,2020-09-21 09:34:12.300,4630.0000,12920,-1,433280280.000,6,2,4,多平,S,4630.0000,4624.0000,4623.0000,4622.4000,4622.2000,4631.8000,4632.0000,4632.2000,4632.4000,4632.6000,6,3,2,1,1,1,3,1,2,2
SF,IF2103,2020-09-21 09:34:12.800,4630.0000,12920,0,436058820.000,2,1,1,多换,S,4630.0000,4624.0000,4623.0000,4622.4000,4622.2000,4631.4000,4631.6000,4632.0000,4632.2000,4632.4000,5,3,2,1,1,2,1,1,1,2
SF,IF2103,2020-09-21 09:34:13.300,4630.0000,12920,0,436058820.000,0,-,-,-,-,4630.0000,4624.0000,4622.4000,4622.2000,4622.0000,4631.6000,4632.0000,4632.4000,4632.6000,4633.0000,5,3,1,1,1,1,2,2,2,1
SF,IF2103,2020-09-21 09:34:13.800,4630.0000,12920,0,437447820.000,1,0,1,多换,S,4630.0000,4624.0000,4622.4000,4622.2000,4622.0000,4631.4000,4632.0000,4632.4000,4632.6000,4633.0000,4,3,1,1,1,3,1,2,2,1
SF,IF2103,2020-09-21 09:34:14.300,4630.0000,12920,0,440225820.000,2,1,1,多换,S,4630.0000,4624.0000,4622.4000,4622.2000,4622.0000,4631.0000,4631.4000,4632.0000,4632.4000,4633.0000,2,3,1,1,1,2,1,1,2,1
SF,IF2103,2020-09-21 09:34:14.800,4630.0000,12919,-1,441614820.000,1,0,1,双平,S,4630.0000,4624.0000,4622.4000,4622.2000,4622.0000,4630.8000,4631.4000,4632.0000,4632.4000,4633.0000,2,3,1,1,1,3,1,1,2,1
SF,IF2103,2020-09-21 09:34:15.300,4630.0000,12919,0,444392820.000,2,1,1,多换,S,4624.0000,4622.4000,4622.2000,4622.0000,4621.8000,4630.6000,4630.8000,4631.4000,4632.4000,4633.0000,3,1,1,1,7,1,2,1,2,1
SF,IF2103,2020-09-21 09:34:15.800,4630.0000,12919,0,445781820.000,1,0,1,多换,S,4627.6000,4624.8000,4624.6000,4624.2000,4624.0000,4630.2000,4630.4000,4630.8000,4631.4000,4632.4000,1,1,1,5,3,3,1,2,1,2
SF,IF2103,2020-09-21 09:34:16.300,4630.0000,12919,0,445781820.000,0,-,-,-,-,4627.6000,4624.8000,4624.6000,4624.2000,4624.0000,4630.0000,4630.2000,4630.8000,4631.4000,4631.6000,1,1,1,5,3,3,2,2,1,1
SF,IF2103,2020-09-21 09:34:16.800,4630.0000,12919,0,445781820.000,0,-,-,-,-,4624.6000,4624.2000,4622.4000,4622.2000,4622.0000,4629.6000,4630.0000,4630.8000,4631.4000,4631.6000,1,5,1,1,1,3,2,2,1,1
SF,IF2103,2020-09-21 09:34:17.300,4630.0000,12919,0,445781820.000,0,-,-,-,-,4626.6000,4625.0000,4624.8000,4624.6000,4624.2000,4629.4000,4629.6000,4630.0000,4631.6000,4633.6000,1,1,1,1,1,3,2,1,1,1
SF,IF2103,2020-09-21 09:34:17.800,4630.0000,12919,0,445781820.000,0,-,-,-,-,4626.8000,4626.6000,4625.0000,4624.6000,4624.2000,4629.0000,4629.2000,4629.4000,4629.6000,4630.0000,1,1,1,1,1,1,2,2,2,1
SF,IF2103,2020-09-21 09:34:18.300,4630.0000,12919,0,445781820.000,0,-,-,-,-,4626.8000,4626.6000,4625.0000,4624.6000,4624.2000,4628.6000,4629.0000,4629.2000,4629.4000,4630.0000,2,1,1,1,1,2,1,2,2,1
