市场代码,合约代码,时间,最新,持仓,增仓,成交额,成交量,开仓,平仓,成交类型,方向,买一价,买二价,买三价,买四价,买五价,卖一价,卖二价,卖三价,卖四价,卖五价,买一量,买二量,买三量,买四量,买五量,卖一量,卖二量,卖三量,卖四量,卖五量
SF,IF2103,2020-10-19 09:29:00.100,4719.2000,22174,0,21236400.000,15.000,-,-,-,-,4719.0000,4718.8000,4718.0000,4717.8000,4716.6000,4729.0000,4732.0000,4737.8000,4739.8000,4740.8000,2,1,1,1,1,1,5,4,1,1
SF,IF2103,2020-10-19 09:30:00.100,4729.0000,22170,-4,32588820.000,8,2,6,多平,S,4729.0000,4728.8000,4725.8000,4721.0000,4720.0000,4730.2000,4732.0000,4737.8000,4739.8000,4740.8000,4,1,2,1,1,1,2,4,1,1
SF,IF2103,2020-10-19 09:30:00.600,4730.0000,22164,-6,43940040.000,8,1,7,多平,S,4730.2000,4729.4000,4729.0000,4725.8000,4720.0000,4732.0000,4740.8000,4747.2000,4747.6000,4754.0000,3,3,2,2,1,2,1,3,6,10
SF,IF2103,2020-10-19 09:30:01.100,4732.6000,22159,-5,51038700.000,5,0,5,双平,S,4732.0000,4731.6000,4730.6000,4730.4000,4730.2000,4740.8000,4747.2000,4747.6000,4754.0000,4758.0000,3,3,5,4,3,1,3,6,10,5
SF,IF2103,2020-10-19 09:30:01.600,4732.2000,22157,-2,55297680.000,3,0,3,多平,S,4732.2000,4732.0000,4730.6000,4730.4000,4730.2000,4735.8000,4737.6000,4738.8000,4739.8000,4740.4000,4,6,1,5,3,3,3,2,2,2
SF,IF2103,2020-10-19 09:30:02.100,4732.4000,22155,-2,58138080.000,2,0,2,双平,S,4732.4000,4732.2000,4732.0000,4730.6000,4730.4000,4739.4000,4747.6000,4750.0000,4754.0000,4758.0000,1,6,6,1,3,1,6,1,10,5
SF,IF2103,2020-10-19 09:30:02.600,4732.4000,22155,0,58138080.000,0,-,-,-,-,4732.8000,4732.6000,4732.4000,4732.2000,4732.0000,4733.8000,4738.8000,4739.0000,4739.4000,4747.6000,4,2,1,1,4,1,2,1,1,6
SF,IF2103,2020-10-19 09:30:03.100,4733.8000,22153,-2,62398500.000,3,0,3,多平,S,4735.6000,4733.8000,4733.2000,4732.6000,4732.2000,4737.6000,4738.8000,4739.0000,4739.4000,4747.6000,3,1,3,1,1,2,2,2,2,6
SF,IF2103,2020-10-19 09:30:03.600,4735.4000,22150,-3,68080980.000,4,0,4,多平,S,4733.8000,4733.2000,4732.6000,4732.2000,4732.0000,4735.6000,4736.4000,4737.4000,4737.6000,4738.8000,1,2,1,1,1,3,1,1,3,2
SF,IF2103,2020-10-19 09:30:04.100,4735.4000,22150,0,69501600.000,1,0,1,多换,S,4734.6000,4733.2000,4732.8000,4732.6000,4732.2000,4735.6000,4735.8000,4737.4000,4737.6000,4738.8000,1,2,1,1,1,3,4,1,3,2
SF,IF2103,2020-10-19 09:30:04.600,4735.6000,22150,0,70922280.000,1,0,1,多换,S,4735.4000,4734.6000,4733.4000,4732.8000,4732.6000,4735.6000,4737.4000,4738.8000,4747.6000,4750.0000,5,1,1,1,1,2,1,2,6,1
SF,IF2103,2020-10-19 09:30:05.100,4735.6000,22149,-1,75184260.000,3,1,2,多平,S,4735.6000,4735.4000,4734.6000,4733.4000,4732.8000,4737.4000,4738.8000,4747.6000,4750.0000,4754.0000,1,4,1,1,1,1,2,6,1,10
SF,IF2103,2020-10-19 09:30:05.600,4735.6000,22150,1,76604940.000,1,1,0,双开,S,4735.4000,4734.6000,4734.4000,4732.8000,4732.2000,4737.2000,4737.4000,4738.8000,4747.6000,4750.0000,4,1,1,1,1,1,1,2,6,1
SF,IF2103,2020-10-19 09:30:06.100,4735.6000,22150,0,79446300.000,2,1,1,多换,S,4736.0000,4735.6000,4735.4000,4734.6000,4734.0000,4737.4000,4747.6000,4750.0000,4754.0000,4760.8000,2,1,4,1,1,1,6,1,10,1
SF,IF2103,2020-10-19 09:30:06.600,4735.6000,22150,0,79446300.000,0,-,-,-,-,4735.4000,4734.6000,4732.8000,4732.2000,4730.6000,4737.4000,4747.6000,4750.0000,4754.0000,4760.8000,4,1,1,1,1,1,6,1,10,1
SF,IF2103,2020-10-19 09:30:07.100,4737.0000,22149,-1,85130700.000,4,1,3,多平,S,4735.6000,4735.4000,4734.6000,4732.2000,4730.6000,4737.0000,4737.2000,4737.4000,4747.6000,4750.0000,3,4,2,1,1,3,1,1,6,1
SF,IF2103,2020-10-19 09:30:07.600,4735.6000,22148,-1,86551380.000,1,0,1,双平,S,4735.6000,4735.4000,4734.6000,4732.2000,4730.6000,4736.0000,4737.0000,4737.2000,4747.6000,4750.0000,1,4,2,1,1,1,7,1,6,1
SF,IF2103,2020-10-19 09:30:08.100,4737.0000,22148,0,95077380.000,6,3,3,多换,S,4735.6000,4735.4000,4734.6000,4732.2000,4730.6000,4737.0000,4737.2000,4747.6000,4750.0000,4754.0000,1,4,1,1,1,2,1,6,1,8
SF,IF2103,2020-10-19 09:30:08.600,4736.0000,22147,-1,96498180.000,1,0,1,双平,S,4736.0000,4735.6000,4735.4000,4735.2000,4734.6000,4736.8000,4737.0000,4737.2000,4747.6000,4750.0000,1,1,4,1,1,1,2,1,6,1
SF,IF2103,2020-10-19 09:30:09.100,4737.0000,22146,-1,103602480.000,5,2,3,多平,S,4736.0000,4735.6000,4735.4000,4734.6000,4732.2000,4737.0000,4747.6000,4750.0000,4754.0000,4760.8000,1,1,4,1,1,1,6,1,8,1
SF,IF2103,2020-10-19 09:30:09.600,4737.0000,22146,0,105023580.000,1,0,1,多换,S,4736.0000,4735.8000,4735.6000,4735.4000,4734.6000,4747.6000,4750.0000,4754.0000,4760.8000,4780.0000,1,1,1,4,1,6,1,8,1,1
SF,IF2103,2020-10-19 09:30:10.100,4735.8000,22144,-2,109286640.000,3,0,3,多平,S,4735.4000,4734.6000,4732.2000,4730.6000,4730.4000,4739.8000,4740.4000,4740.6000,4741.0000,4741.2000,4,1,1,1,3,3,3,1,2,1
SF,IF2103,2020-10-19 09:30:10.600,4739.6000,22143,-1,110708520.000,1,0,1,双平,S,4737.2000,4736.8000,4736.0000,4735.6000,4735.4000,4739.0000,4739.2000,4740.4000,4741.0000,4741.2000,1,1,1,1,4,3,3,1,2,1
SF,IF2103,2020-10-19 09:30:11.100,4737.4000,22142,-1,114973320.000,3,1,2,多平,S,4737.2000,4736.8000,4736.0000,4735.8000,4735.6000,4738.8000,4739.0000,4739.2000,4741.0000,4741.2000,1,1,1,2,1,1,1,3,2,1
SF,IF2103,2020-10-19 09:30:11.600,4737.4000,22142,0,114973320.000,0,-,-,-,-,4738.0000,4737.2000,4736.8000,4735.8000,4735.6000,4739.0000,4739.2000,4740.0000,4741.0000,4741.2000,1,2,2,2,1,1,3,1,2,1
SF,IF2103,2020-10-19 09:30:12.100,4739.0000,22141,-1,116395020.000,1,0,1,双平,S,4738.0000,4737.2000,4736.8000,4735.8000,4735.6000,4739.2000,4740.0000,4741.8000,4747.2000,4747.6000,1,3,2,2,1,3,1,1,6,6
SF,IF2103,2020-10-19 09:30:12.600,4739.0000,22141,0,116395020.000,0,-,-,-,-,4739.8000,4738.2000,4738.0000,4737.2000,4736.8000,4740.0000,4747.2000,4747.6000,4750.0000,4760.8000,1,1,2,1,2,1,4,6,1,1
SF,IF2103,2020-10-19 09:30:13.100,4738.0000,22139,-2,120659580.000,3,0,3,多平,S,4738.0000,4737.2000,4737.0000,4736.8000,4736.6000,4739.4000,4739.8000,4740.0000,4746.4000,4747.2000,1,1,1,2,1,2,1,1,3,4
SF,IF2103,2020-10-19 09:30:13.600,4738.0000,22139,0,120659580.000,0,-,-,-,-,4738.0000,4737.2000,4737.0000,4736.8000,4736.6000,4739.2000,4740.0000,4746.4000,4747.2000,4750.0000,1,1,1,2,1,1,2,3,4,1
SF,IF2103,2020-10-19 09:30:14.100,4738.0000,22139,0,120659580.000,0,-,-,-,-,4738.0000,4737.2000,4737.0000,4736.8000,4736.6000,4739.0000,4740.0000,4746.4000,4747.2000,4750.0000,1,1,1,2,1,1,2,3,4,1
SF,IF2103,2020-10-19 09:30:14.600,4738.0000,22138,-1,129187980.000,6,2,4,多平,S,4737.2000,4737.0000,4736.8000,4736.6000,4735.8000,4738.0000,4740.0000,4746.4000,4747.2000,4750.0000,1,1,2,1,2,1,1,3,4,1
SF,IF2103,2020-10-19 09:30:15.100,4738.0000,22138,0,130609380.000,1,0,1,多换,S,4739.2000,4738.0000,4737.8000,4737.6000,4737.2000,4740.0000,4742.4000,4746.4000,4747.2000,4750.0000,1,2,1,1,1,1,1,3,4,1
SF,IF2103,2020-10-19 09:30:15.600,4737.8000,22137,-1,133452120.000,2,0,2,多平,S,4737.6000,4737.2000,4737.0000,4736.8000,4735.8000,4739.8000,4740.0000,4742.4000,4746.4000,4747.2000,1,1,1,2,2,1,1,1,3,4
SF,IF2103,2020-10-19 09:30:16.100,4737.8000,22137,0,133452120.000,0,-,-,-,-,4738.0000,4737.8000,4737.2000,4737.0000,4736.8000,4740.0000,4742.4000,4746.4000,4747.2000,4750.0000,1,1,1,1,2,1,1,3,4,1
SF,IF2103,2020-10-19 09:30:16.600,4737.8000,22137,0,137716140.000,3,1,2,多换,S,4738.0000,4737.8000,4737.2000,4737.0000,4736.8000,4739.8000,4740.0000,4742.4000,4746.4000,4747.2000,3,2,1,1,2,1,1,1,3,4
SF,IF2103,2020-10-19 09:30:17.100,4737.8000,22137,0,137716140.000,0,-,-,-,-,4738.4000,4738.0000,4737.8000,4737.6000,4737.2000,4739.8000,4740.0000,4742.4000,4746.4000,4747.2000,2,1,2,1,1,1,2,1,3,4
SF,IF2103,2020-10-19 09:30:17.600,4738.4000,22136,-1,139137660.000,1,0,1,双平,S,4738.4000,4738.0000,4737.8000,4737.6000,4737.2000,4739.6000,4740.0000,4742.4000,4746.4000,4747.2000,1,1,2,1,1,1,2,1,3,4
SF,IF2103,2020-10-19 09:30:18.100,4738.4000,22136,0,139137660.000,0,-,-,-,-,4738.4000,4738.0000,4737.8000,4737.6000,4737.2000,4739.8000,4740.0000,4742.4000,4746.4000,4747.2000,1,1,2,1,1,1,1,1,3,4
SF,IF2103,2020-10-19 09:30:18.600,4739.6000,22136,0,144824100.000,4,2,2,多换,S,4738.0000,4737.8000,4737.6000,4737.2000,4737.0000,4739.8000,4740.0000,4742.4000,4746.4000,4747.2000,1,2,1,1,1,1,1,1,3,4
SF,IF2103,2020-10-19 09:30:19.100,4738.8000,22135,-1,149089680.000,3,1,2,多平,S,4738.2000,4738.0000,4737.8000,4737.6000,4737.2000,4742.4000,4746.4000,4747.2000,4750.0000,4760.8000,1,1,2,1,1,1,3,4,1,1
SF,IF2103,2020-10-19 09:30:19.600,4738.8000,22135,0,149089680.000,0,-,-,-,-,4739.8000,4738.2000,4738.0000,4737.8000,4737.6000,4742.2000,4742.4000,4746.4000,4747.2000,4750.0000,1,1,2,2,1,1,1,3,4,1
SF,IF2103,2020-10-19 09:30:20.100,4739.8000,22135,0,150511620.000,1,0,1,多换,S,4738.2000,4738.0000,4737.8000,4737.6000,4737.2000,4740.8000,4742.2000,4742.4000,4742.6000,4746.4000,1,1,1,1,1,2,1,4,1,3
SF,IF2103,2020-10-19 09:30:20.600,4739.8000,22135,0,150511620.000,0,-,-,-,-,4738.4000,4738.2000,4738.0000,4737.8000,4737.6000,4740.6000,4742.2000,4742.4000,4742.6000,4746.4000,1,1,1,1,1,1,1,4,1,3
SF,IF2103,2020-10-19 09:30:21.100,4739.8000,22135,0,150511620.000,0,-,-,-,-,4738.4000,4738.0000,4737.8000,4737.6000,4737.2000,4740.6000,4742.4000,4742.6000,4746.4000,4747.2000,1,1,1,1,1,1,4,1,3,4
SF,IF2103,2020-10-19 09:30:21.600,4739.8000,22135,0,150511620.000,0,-,-,-,-,4738.4000,4738.0000,4737.8000,4737.6000,4737.2000,4740.6000,4742.4000,4742.6000,4746.4000,4747.2000,1,1,1,1,1,2,4,1,3,4
SF,IF2103,2020-10-19 09:30:22.100,4740.6000,22135,0,156199860.000,4,2,2,多换,S,4740.8000,4738.4000,4738.0000,4737.8000,4737.6000,4742.4000,4742.6000,4746.4000,4747.2000,4750.0000,5,1,1,1,1,4,1,3,4,1
SF,IF2103,2020-10-19 09:30:22.600,4740.8000,22135,0,163311060.000,5,2,3,多换,S,4738.0000,4737.8000,4737.6000,4737.2000,4735.4000,4738.4000,4740.2000,4740.6000,4740.8000,4741.0000,1,1,1,1,4,1,2,1,1,2
SF,IF2103,2020-10-19 09:30:23.100,4738.4000,22134,-1,164732580.000,1,0,1,双平,S,4738.0000,4737.8000,4737.6000,4737.2000,4735.4000,4740.8000,4741.0000,4741.2000,4741.8000,4742.4000,1,1,1,1,4,2,2,1,1,1
SF,IF2103,2020-10-19 09:30:23.600,4738.4000,22134,0,164732580.000,0,-,-,-,-,4738.0000,4737.8000,4737.6000,4737.2000,4735.4000,4740.6000,4740.8000,4741.2000,4741.8000,4742.4000,1,1,1,1,4,1,2,1,1,1
SF,IF2103,2020-10-19 09:30:24.100,4738.4000,22134,0,164732580.000,0,-,-,-,-,4738.4000,4737.6000,4737.2000,4735.4000,4732.2000,4738.8000,4740.6000,4740.8000,4742.4000,4742.6000,1,1,1,4,1,1,2,2,1,1
SF,IF2103,2020-10-19 09:30:24.600,4738.4000,22134,0,166154100.000,1,0,1,多换,S,4737.6000,4737.2000,4735.4000,4732.2000,4730.6000,4738.4000,4740.6000,4740.8000,4742.4000,4742.6000,1,1,4,1,1,1,1,2,1,1
SF,IF2103,2020-10-19 09:30:25.100,4738.2000,22135,1,168996840.000,2,1,1,空开,S,4737.2000,4735.4000,4732.2000,4730.6000,4730.2000,4738.4000,4740.6000,4740.8000,4742.4000,4742.6000,1,4,1,1,3,1,1,2,1,1
SF,IF2103,2020-10-19 09:30:26.100,4737.2000,22135,0,170418000.000,1,0,1,多换,S,4735.4000,4732.2000,4730.6000,4730.2000,4729.2000,4738.4000,4740.6000,4740.8000,4742.4000,4742.6000,4,1,1,3,2,1,1,2,1,1
SF,IF2103,2020-10-19 09:30:26.600,4737.2000,22135,0,170418000.000,0,-,-,-,-,4735.4000,4732.2000,4730.6000,4730.2000,4729.2000,4738.2000,4738.4000,4740.8000,4742.4000,4742.6000,4,1,1,3,2,1,1,2,1,1
SF,IF2103,2020-10-19 09:30:27.100,4738.2000,22135,0,171839460.000,1,0,1,多换,S,4738.0000,4735.8000,4735.6000,4735.4000,4732.2000,4738.4000,4740.8000,4742.4000,4742.6000,4746.4000,1,1,1,4,1,1,2,1,1,3
SF,IF2103,2020-10-19 09:30:27.600,4738.0000,22135,0,177525180.000,4,2,2,多换,S,4738.2000,4738.0000,4735.8000,4735.6000,4735.4000,4740.8000,4742.4000,4742.6000,4746.4000,4747.2000,1,1,1,4,4,2,1,1,3,4
SF,IF2103,2020-10-19 09:30:28.100,4738.0000,22135,0,177525180.000,0,-,-,-,-,4738.4000,4738.2000,4738.0000,4735.8000,4735.6000,4739.6000,4740.4000,4740.8000,4742.4000,4742.6000,1,1,1,1,3,1,1,2,1,1
SF,IF2103,2020-10-19 09:30:28.600,4738.0000,22135,0,177525180.000,0,-,-,-,-,4738.0000,4735.8000,4735.4000,4732.2000,4730.6000,4740.4000,4740.8000,4742.4000,4742.6000,4746.4000,1,1,4,1,1,1,2,1,1,3
SF,IF2103,2020-10-19 09:30:29.100,4738.0000,22135,0,177525180.000,0,-,-,-,-,4738.2000,4735.8000,4735.4000,4732.2000,4730.6000,4738.4000,4738.6000,4740.4000,4740.8000,4742.4000,1,1,4,1,1,2,3,1,2,1
SF,IF2103,2020-10-19 09:30:29.600,4738.0000,22134,-1,178946580.000,1,0,1,双平,S,4735.8000,4735.4000,4732.2000,4730.6000,4729.2000,4738.2000,4738.4000,4738.6000,4739.8000,4740.2000,1,4,1,1,2,1,2,3,1,7
SF,IF2103,2020-10-19 09:30:30.100,4738.0000,22134,0,178946580.000,0,-,-,-,-,4735.4000,4732.2000,4730.6000,4729.2000,4723.0000,4738.0000,4738.6000,4739.8000,4740.4000,4740.8000,4,1,1,2,1,1,3,1,1,2
SF,IF2103,2020-10-19 09:30:30.600,4738.0000,22134,0,178946580.000,0,-,-,-,-,4735.4000,4732.2000,4730.6000,4729.2000,4723.0000,4738.0000,4738.6000,4739.0000,4739.8000,4740.8000,4,1,1,2,1,1,3,1,1,2
SF,IF2103,2020-10-19 09:30:31.100,4738.0000,22134,0,178946580.000,0,-,-,-,-,4735.8000,4735.6000,4735.4000,4735.0000,4732.2000,4738.0000,4738.6000,4739.0000,4740.8000,4742.4000,1,3,4,1,1,1,3,1,2,1
SF,IF2103,2020-10-19 09:30:31.600,4738.0000,22134,0,178946580.000,0,-,-,-,-,4735.8000,4735.6000,4735.4000,4735.0000,4732.2000,4738.0000,4738.6000,4739.0000,4740.8000,4742.4000,1,3,4,1,1,1,3,1,2,1
SF,IF2103,2020-10-19 09:30:32.100,4738.0000,22133,-1,180367980.000,1,0,1,双平,S,4736.8000,4736.0000,4735.8000,4735.4000,4735.0000,4738.6000,4739.0000,4740.8000,4742.4000,4742.6000,2,4,2,4,1,3,1,2,1,1
SF,IF2103,2020-10-19 09:30:32.600,4738.6000,22133,0,183211140.000,2,1,1,多换,S,4738.0000,4737.0000,4736.0000,4735.8000,4735.4000,4738.6000,4739.0000,4740.8000,4742.4000,4742.6000,1,1,5,2,4,1,1,2,1,1
SF,IF2103,2020-10-19 09:30:33.100,4738.6000,22132,-1,186054300.000,2,0,2,多平,S,4738.2000,4738.0000,4737.0000,4736.0000,4735.8000,4739.0000,4740.0000,4740.8000,4742.4000,4742.6000,1,1,1,5,1,1,2,2,1,1
SF,IF2103,2020-10-19 09:30:33.600,4738.6000,22132,0,186054300.000,0,-,-,-,-,4738.4000,4738.0000,4736.0000,4735.8000,4735.4000,4739.0000,4740.0000,4740.8000,4742.4000,4742.6000,1,2,4,1,4,1,2,1,1,1
SF,IF2103,2020-10-19 09:30:34.100,4738.4000,22132,0,188897520.000,2,1,1,多换,S,4738.0000,4736.0000,4735.8000,4735.4000,4735.0000,4738.2000,4740.0000,4740.8000,4742.4000,4742.6000,1,2,1,4,1,1,2,1,1,1
SF,IF2103,2020-10-19 09:30:34.600,4738.4000,22132,0,188897520.000,0,-,-,-,-,4738.0000,4736.0000,4735.8000,4735.4000,4735.0000,4740.0000,4740.8000,4742.4000,4742.6000,4742.8000,1,2,1,4,1,2,1,1,1,1
SF,IF2103,2020-10-19 09:30:35.100,4738.0000,22131,-1,190318920.000,1,0,1,双平,S,4738.2000,4736.0000,4735.8000,4735.4000,4735.0000,4739.8000,4740.0000,4740.8000,4742.4000,4742.6000,1,1,1,4,1,5,2,1,1,1
SF,IF2103,2020-10-19 09:30:35.600,4738.2000,22130,-1,191740380.000,1,0,1,双平,S,4738.0000,4736.0000,4735.8000,4735.4000,4735.0000,4738.2000,4739.8000,4740.0000,4740.8000,4742.4000,1,1,1,4,1,1,5,2,1,1
SF,IF2103,2020-10-19 09:30:36.100,4738.2000,22130,0,191740380.000,0,-,-,-,-,4738.0000,4736.0000,4735.8000,4735.4000,4735.0000,4738.2000,4739.6000,4739.8000,4740.0000,4740.8000,1,1,1,4,1,1,1,4,2,1
SF,IF2103,2020-10-19 09:30:36.600,4738.0000,22129,-1,193161780.000,1,0,1,双平,S,4736.0000,4735.8000,4735.4000,4735.0000,4732.2000,4738.2000,4739.8000,4740.0000,4740.8000,4742.4000,1,1,4,1,1,1,4,2,1,1
SF,IF2103,2020-10-19 09:30:37.100,4738.2000,22128,-1,194583240.000,1,0,1,双平,S,4737.4000,4736.2000,4736.0000,4735.8000,4735.4000,4738.0000,4739.8000,4740.0000,4740.8000,4742.4000,2,1,1,1,4,1,4,2,1,1
SF,IF2103,2020-10-19 09:30:37.600,4738.0000,22129,1,198847380.000,3,2,1,空开,S,4737.4000,4736.2000,4736.0000,4735.8000,4735.4000,4738.0000,4739.8000,4740.0000,4740.8000,4742.4000,2,5,1,1,4,3,4,2,1,1
SF,IF2103,2020-10-19 09:30:38.100,4738.0000,22129,0,203111580.000,3,1,2,多换,S,4738.6000,4737.6000,4737.4000,4736.2000,4736.0000,4739.8000,4740.0000,4740.8000,4742.4000,4742.6000,1,1,2,5,1,4,2,1,1,1
SF,IF2103,2020-10-19 09:30:38.600,4738.6000,22128,-1,204533160.000,1,0,1,双平,S,4737.6000,4736.2000,4736.0000,4735.8000,4735.4000,4739.6000,4739.8000,4740.0000,4740.8000,4742.4000,1,5,1,1,4,1,4,2,1,1
SF,IF2103,2020-10-19 09:30:39.100,4737.6000,22127,-1,205954440.000,1,0,1,双平,S,4736.2000,4736.0000,4735.8000,4735.4000,4735.0000,4739.4000,4739.6000,4739.8000,4740.0000,4740.8000,2,1,1,4,1,2,1,4,2,1
SF,IF2103,2020-10-19 09:30:39.600,4737.6000,22127,0,205954440.000,0,-,-,-,-,4738.0000,4736.0000,4735.8000,4735.4000,4735.0000,4739.4000,4739.6000,4739.8000,4740.0000,4740.8000,1,1,1,4,1,1,1,4,2,1
SF,IF2103,2020-10-19 09:30:40.100,4737.8000,22127,0,207375780.000,1,0,1,多换,S,4736.0000,4735.8000,4735.4000,4735.0000,4732.2000,4738.8000,4739.2000,4739.8000,4740.0000,4740.8000,1,1,4,1,1,1,1,4,2,1
SF,IF2103,2020-10-19 09:30:40.600,4737.8000,22127,0,207375780.000,0,-,-,-,-,4736.0000,4735.8000,4735.4000,4735.0000,4732.2000,4738.6000,4739.8000,4740.0000,4740.8000,4742.4000,1,1,4,1,1,1,4,2,1,1
SF,IF2103,2020-10-19 09:30:41.100,4738.6000,22127,0,208797360.000,1,0,1,多换,S,4738.8000,4737.4000,4736.2000,4736.0000,4735.8000,4739.8000,4740.0000,4740.8000,4742.4000,4742.6000,2,2,1,1,1,4,2,1,1,1
SF,IF2103,2020-10-19 09:30:41.600,4738.8000,22127,0,211640640.000,2,1,1,多换,S,4736.2000,4736.0000,4735.8000,4735.4000,4735.0000,4739.6000,4739.8000,4740.0000,4740.8000,4742.4000,3,1,1,4,1,1,4,3,1,1
SF,IF2103,2020-10-19 09:30:42.100,4738.8000,22127,0,211640640.000,0,-,-,-,-,4736.4000,4736.2000,4736.0000,4735.8000,4735.4000,4738.2000,4739.8000,4740.0000,4740.8000,4742.4000,1,1,1,1,4,1,4,3,1,1
SF,IF2103,2020-10-19 09:30:42.600,4738.4000,22126,-1,213062160.000,1,0,1,双平,S,4737.4000,4736.4000,4736.2000,4736.0000,4735.8000,4739.6000,4739.8000,4740.0000,4740.8000,4742.4000,2,1,1,1,1,1,4,8,1,1
SF,IF2103,2020-10-19 09:30:43.100,4738.4000,22126,0,213062160.000,0,-,-,-,-,4737.6000,4736.4000,4736.0000,4735.8000,4735.4000,4739.6000,4739.8000,4740.0000,4740.8000,4742.4000,1,1,1,1,4,1,4,8,1,1
SF,IF2103,2020-10-19 09:30:43.600,4738.4000,22126,0,213062160.000,0,-,-,-,-,4737.6000,4736.4000,4736.0000,4735.8000,4735.4000,4738.4000,4739.4000,4739.8000,4740.0000,4740.8000,1,1,1,1,4,5,1,4,8,1
SF,IF2103,2020-10-19 09:30:44.100,4738.4000,22124,-2,215905200.000,2,0,2,双平,S,4736.4000,4736.0000,4735.8000,4735.4000,4735.0000,4738.4000,4739.8000,4740.0000,4740.8000,4742.4000,1,1,1,4,1,3,4,8,1,1
SF,IF2103,2020-10-19 09:30:44.600,4738.4000,22121,-3,220169760.000,3,0,3,双平,S,4738.6000,4737.8000,4737.6000,4736.8000,4736.6000,4739.8000,4740.0000,4740.8000,4742.4000,4742.6000,1,1,2,2,1,4,8,1,1,1
SF,IF2103,2020-10-19 09:30:45.100,4738.4000,22121,0,220169760.000,0,-,-,-,-,4738.6000,4737.8000,4736.8000,4736.6000,4736.0000,4739.6000,4739.8000,4740.0000,4740.8000,4742.4000,1,1,2,1,1,1,4,8,1,1
SF,IF2103,2020-10-19 09:30:45.600,4738.6000,22120,-1,221591340.000,1,0,1,双平,S,4737.8000,4736.6000,4736.0000,4735.8000,4735.4000,4738.6000,4739.8000,4740.0000,4740.8000,4742.4000,1,1,1,1,4,1,4,8,1,1
SF,IF2103,2020-10-19 09:30:46.100,4737.8000,22119,-1,223012680.000,1,0,1,双平,S,4736.6000,4736.0000,4735.8000,4735.4000,4735.0000,4738.6000,4739.8000,4740.0000,4740.8000,4742.4000,1,1,1,4,1,1,4,8,1,1
SF,IF2103,2020-10-19 09:30:46.600,4738.6000,22119,0,224434260.000,1,0,1,多换,S,4737.8000,4736.6000,4736.0000,4735.8000,4735.4000,4739.8000,4740.0000,4740.8000,4742.4000,4742.6000,2,1,1,1,4,4,8,1,1,1
SF,IF2103,2020-10-19 09:30:47.100,4738.6000,22119,0,224434260.000,0,-,-,-,-,4738.8000,4738.0000,4736.8000,4736.0000,4735.8000,4739.6000,4739.8000,4740.0000,4740.8000,4742.4000,1,1,1,1,1,1,4,8,1,1
SF,IF2103,2020-10-19 09:30:47.600,4738.6000,22118,-1,225855840.000,1,0,1,双平,S,4738.0000,4736.8000,4736.0000,4735.8000,4735.4000,4739.4000,4739.6000,4739.8000,4740.0000,4740.8000,1,1,1,1,4,1,1,4,8,1
SF,IF2103,2020-10-19 09:30:48.100,4738.0000,22117,-1,227277240.000,1,0,1,双平,S,4736.8000,4736.0000,4735.8000,4735.4000,4735.0000,4739.2000,4739.4000,4739.6000,4740.0000,4740.8000,1,1,1,4,1,1,4,1,8,1
SF,IF2103,2020-10-19 09:30:48.600,4738.0000,22117,0,227277240.000,0,-,-,-,-,4737.0000,4736.8000,4736.0000,4735.8000,4735.4000,4739.4000,4739.6000,4740.0000,4740.8000,4742.4000,1,1,1,1,4,4,1,8,1,1
SF,IF2103,2020-10-19 09:30:49.100,4738.0000,22117,0,227277240.000,0,-,-,-,-,4737.0000,4736.8000,4736.0000,4735.8000,4735.4000,4739.4000,4740.0000,4740.8000,4742.4000,4742.6000,1,1,1,1,4,4,8,1,1,1
SF,IF2103,2020-10-19 09:30:49.600,4738.0000,22117,0,227277240.000,0,-,-,-,-,4737.0000,4736.0000,4735.8000,4735.4000,4735.0000,4739.4000,4740.0000,4740.8000,4742.4000,4742.6000,1,1,1,4,1,4,8,1,1,1
SF,IF2103,2020-10-19 09:30:50.100,4738.0000,22117,0,227277240.000,0,-,-,-,-,4737.2000,4737.0000,4736.0000,4735.8000,4735.4000,4739.4000,4740.0000,4740.8000,4742.4000,4742.6000,1,1,1,1,4,4,8,1,1,1
SF,IF2103,2020-10-19 09:30:50.600,4738.0000,22117,0,227277240.000,0,-,-,-,-,4737.4000,4737.2000,4736.0000,4735.8000,4735.4000,4739.2000,4739.4000,4740.0000,4740.8000,4742.4000,1,1,1,1,4,1,4,8,1,1
SF,IF2103,2020-10-19 09:30:51.100,4737.2000,22115,-2,230119620.000,2,0,2,双平,S,4736.0000,4735.8000,4735.4000,4735.0000,4732.2000,4739.0000,4739.2000,4739.4000,4739.6000,4740.0000,1,1,4,1,1,1,1,4,1,8
SF,IF2103,2020-10-19 09:30:51.600,4737.2000,22115,0,230119620.000,0,-,-,-,-,4738.0000,4737.6000,4736.2000,4736.0000,4735.8000,4738.8000,4739.4000,4739.6000,4740.0000,4740.8000,1,2,2,1,1,1,4,1,8,1
SF,IF2103,2020-10-19 09:30:52.100,4737.4000,22115,0,231540840.000,1,0,1,多换,S,4736.2000,4736.0000,4735.8000,4735.4000,4735.0000,4739.4000,4739.6000,4740.0000,4740.8000,4742.4000,3,1,1,4,1,4,1,8,1,1
SF,IF2103,2020-10-19 09:30:52.600,4737.4000,22115,0,231540840.000,0,-,-,-,-,4736.2000,4736.0000,4735.8000,4735.4000,4735.0000,4739.2000,4739.4000,4739.6000,4740.0000,4740.8000,3,1,1,4,1,1,4,1,8,1
SF,IF2103,2020-10-19 09:30:53.100,4738.0000,22114,-1,232962240.000,1,0,1,双平,S,4738.0000,4736.2000,4736.0000,4735.8000,4735.4000,4739.2000,4739.4000,4739.6000,4740.0000,4740.8000,1,3,1,1,4,1,4,1,8,1
SF,IF2103,2020-10-19 09:30:53.600,4738.0000,22114,0,232962240.000,0,-,-,-,-,4736.2000,4736.0000,4735.8000,4735.4000,4735.0000,4739.0000,4739.2000,4739.4000,4739.6000,4740.0000,1,1,1,4,1,1,1,4,1,8
SF,IF2103,2020-10-19 09:30:54.100,4738.0000,22114,0,232962240.000,0,-,-,-,-,4736.0000,4735.8000,4735.4000,4735.0000,4732.2000,4738.8000,4739.2000,4739.4000,4739.6000,4740.0000,1,1,4,1,1,1,1,4,1,8
SF,IF2103,2020-10-19 09:30:54.600,4738.0000,22114,0,232962240.000,0,-,-,-,-,4736.4000,4736.0000,4735.8000,4735.4000,4735.0000,4738.6000,4738.8000,4739.0000,4739.6000,4740.0000,1,1,1,4,1,4,1,1,1,8
SF,IF2103,2020-10-19 09:30:55.100,4738.0000,22114,0,232962240.000,0,-,-,-,-,4736.0000,4735.8000,4735.4000,4735.0000,4732.2000,4738.4000,4738.6000,4738.8000,4739.6000,4740.0000,1,1,4,1,1,1,4,1,1,8
SF,IF2103,2020-10-19 09:30:55.600,4738.6000,22112,-2,235805340.000,2,0,2,双平,S,4737.4000,4736.6000,4736.2000,4736.0000,4735.8000,4738.6000,4739.6000,4740.0000,4740.8000,4742.4000,1,2,1,1,1,3,1,8,1,1
SF,IF2103,2020-10-19 09:30:56.100,4738.6000,22112,0,235805340.000,0,-,-,-,-,4736.2000,4736.0000,4735.8000,4735.4000,4735.0000,4738.0000,4738.4000,4738.6000,4739.6000,4740.0000,1,1,1,4,1,1,1,3,1,8
SF,IF2103,2020-10-19 09:30:57.100,4738.6000,22112,0,235805340.000,0,-,-,-,-,4736.2000,4736.0000,4735.8000,4735.4000,4735.0000,4738.0000,4738.4000,4738.6000,4739.6000,4740.0000,1,1,1,4,1,4,1,3,1,8
SF,IF2103,2020-10-19 09:30:57.600,4738.6000,22111,-1,237226920.000,1,0,1,双平,S,4737.0000,4736.2000,4736.0000,4735.8000,4735.4000,4738.0000,4738.6000,4739.6000,4740.0000,4740.8000,1,1,1,1,4,4,3,1,8,1
SF,IF2103,2020-10-19 09:30:58.100,4738.6000,22111,0,237226920.000,0,-,-,-,-,4736.4000,4736.2000,4736.0000,4735.8000,4735.4000,4737.8000,4738.0000,4738.6000,4739.0000,4739.6000,1,1,1,1,4,1,3,3,1,1
SF,IF2103,2020-10-19 09:30:58.600,4737.2000,22112,1,238648080.000,1,1,0,双开,S,4736.2000,4736.0000,4735.8000,4735.4000,4735.0000,4737.8000,4738.0000,4738.6000,4739.0000,4739.6000,1,1,1,4,1,1,3,3,1,1
SF,IF2103,2020-10-19 09:30:59.100,4737.0000,22111,-1,240069180.000,1,0,1,双平,S,4736.2000,4736.0000,4735.8000,4735.4000,4735.0000,4737.8000,4738.0000,4738.6000,4739.0000,4739.6000,1,1,1,4,1,1,3,3,1,1
SF,IF2103,2020-10-19 09:30:59.600,4737.0000,22111,0,240069180.000,0,-,-,-,-,4736.2000,4736.0000,4735.8000,4735.4000,4735.0000,4737.6000,4737.8000,4738.0000,4738.6000,4739.0000,1,1,1,4,1,1,1,3,3,1
SF,IF2103,2020-10-19 09:31:00.100,4737.0000,22111,0,240069180.000,0,-,-,-,-,4736.0000,4735.8000,4735.4000,4735.0000,4732.2000,4737.4000,4737.8000,4738.0000,4738.6000,4739.0000,1,1,4,1,1,1,1,3,3,1
SF,IF2103,2020-10-19 09:31:00.600,4737.0000,22111,0,240069180.000,0,-,-,-,-,4736.0000,4735.8000,4735.4000,4735.0000,4732.2000,4737.6000,4738.0000,4738.6000,4739.0000,4739.6000,1,1,4,1,1,1,3,3,1,1
SF,IF2103,2020-10-19 09:31:01.100,4737.0000,22111,0,240069180.000,0,-,-,-,-,4736.4000,4736.2000,4736.0000,4735.8000,4735.4000,4738.0000,4738.6000,4739.0000,4739.6000,4739.8000,2,1,1,1,4,3,3,1,1,1
SF,IF2103,2020-10-19 09:31:01.600,4738.0000,22111,0,244333380.000,3,1,2,多换,S,4737.6000,4736.6000,4736.4000,4736.0000,4735.8000,4738.6000,4739.0000,4739.6000,4739.8000,4740.0000,2,1,2,1,1,3,1,1,1,7
SF,IF2103,2020-10-19 09:31:02.100,4738.6000,22109,-2,248598120.000,3,0,3,多平,S,4737.6000,4736.6000,4736.4000,4736.0000,4735.8000,4739.0000,4739.6000,4739.8000,4740.0000,4740.8000,2,1,2,1,1,1,1,1,7,1
SF,IF2103,2020-10-19 09:31:02.600,4738.6000,22109,0,248598120.000,0,-,-,-,-,4737.6000,4736.6000,4736.4000,4736.0000,4735.8000,4739.0000,4739.6000,4739.8000,4740.0000,4740.8000,1,1,2,1,1,1,1,1,7,1
SF,IF2103,2020-10-19 09:31:03.100,4738.6000,22109,0,248598120.000,0,-,-,-,-,4737.6000,4736.6000,4736.4000,4736.0000,4735.8000,4738.0000,4738.8000,4739.0000,4739.6000,4739.8000,1,1,2,1,1,1,1,1,1,1
SF,IF2103,2020-10-19 09:31:03.600,4738.0000,22107,-2,255705120.000,5,1,4,多平,S,4737.8000,4737.6000,4736.4000,4736.0000,4735.8000,4738.8000,4739.0000,4739.6000,4739.8000,4740.0000,1,1,2,1,1,1,1,1,1,7
SF,IF2103,2020-10-19 09:31:04.100,4738.0000,22107,0,255705120.000,0,-,-,-,-,4738.4000,4738.0000,4737.8000,4737.6000,4736.4000,4738.8000,4739.0000,4739.6000,4740.0000,4740.8000,1,1,1,1,2,1,1,1,7,1
SF,IF2103,2020-10-19 09:31:04.600,4738.4000,22106,-1,257126640.000,1,0,1,双平,S,4737.8000,4737.6000,4736.4000,4736.0000,4735.8000,4739.0000,4739.6000,4740.0000,4740.8000,4742.6000,1,1,2,1,1,1,1,7,1,1
SF,IF2103,2020-10-19 09:31:05.100,4738.4000,22106,0,257126640.000,0,-,-,-,-,4737.8000,4737.6000,4736.4000,4736.0000,4735.8000,4738.8000,4739.0000,4739.6000,4740.0000,4740.8000,1,1,2,1,1,2,1,1,7,1
SF,IF2103,2020-10-19 09:31:05.600,4737.6000,22105,-1,259969260.000,2,0,2,多平,S,4736.4000,4736.0000,4735.8000,4735.4000,4735.0000,4737.6000,4738.8000,4739.0000,4739.6000,4740.0000,2,1,1,4,1,9,2,2,1,7
SF,IF2103,2020-10-19 09:31:06.100,4737.6000,22102,-3,264233100.000,3,0,3,双平,S,4737.0000,4736.4000,4736.0000,4735.8000,4735.4000,4737.6000,4738.8000,4739.0000,4739.6000,4740.0000,1,2,1,1,4,6,1,2,1,7
SF,IF2103,2020-10-19 09:31:06.600,4737.6000,22099,-3,268496940.000,3,0,3,双平,S,4737.2000,4736.0000,4735.8000,4735.4000,4735.0000,4737.6000,4738.8000,4739.0000,4739.6000,4740.0000,2,1,1,4,1,3,1,2,1,7
SF,IF2103,2020-10-19 09:31:07.100,4737.6000,22097,-2,272760780.000,3,0,3,多平,S,4737.6000,4737.4000,4737.2000,4736.0000,4735.8000,4739.0000,4739.6000,4740.0000,4740.8000,4742.6000,2,1,2,1,1,2,1,7,1,1
SF,IF2103,2020-10-19 09:31:07.600,4737.6000,22097,0,272760780.000,0,-,-,-,-,4738.4000,4737.6000,4737.2000,4736.0000,4735.8000,4738.8000,4739.0000,4739.6000,4740.0000,4740.8000,1,2,2,1,1,2,2,1,7,1
SF,IF2103,2020-10-19 09:31:08.100,4738.4000,22096,-1,274182300.000,1,0,1,双平,S,4737.6000,4737.2000,4736.0000,4735.8000,4735.4000,4738.8000,4739.0000,4739.6000,4740.0000,4740.8000,1,2,1,1,4,2,1,1,7,1
SF,IF2103,2020-10-19 09:31:08.600,4738.8000,22095,-1,275603940.000,1,0,1,双平,S,4738.8000,4737.6000,4737.4000,4737.2000,4736.0000,4739.0000,4739.6000,4740.0000,4740.8000,4742.6000,2,1,1,2,1,1,1,7,1,1
SF,IF2103,2020-10-19 09:31:09.100,4738.8000,22094,-1,279868920.000,3,1,2,多平,S,4738.8000,4737.6000,4737.4000,4737.2000,4736.0000,4739.6000,4740.0000,4740.8000,4742.8000,4746.8000,1,1,1,2,1,1,7,2,1,1
SF,IF2103,2020-10-19 09:31:09.600,4738.8000,22093,-1,281290560.000,1,0,1,双平,S,4737.6000,4737.2000,4736.0000,4735.8000,4735.4000,4739.4000,4739.6000,4740.0000,4740.8000,4742.8000,1,2,2,1,4,1,1,7,2,1
SF,IF2103,2020-10-19 09:31:10.100,4738.8000,22093,0,281290560.000,0,-,-,-,-,4737.8000,4737.6000,4737.2000,4736.0000,4735.8000,4739.2000,4739.6000,4740.0000,4740.8000,4742.8000,1,1,2,2,1,1,1,7,2,1
SF,IF2103,2020-10-19 09:31:10.600,4738.8000,22093,0,281290560.000,0,-,-,-,-,4737.8000,4737.6000,4737.2000,4736.0000,4735.8000,4739.6000,4740.0000,4740.8000,4742.8000,4746.8000,1,1,2,2,1,1,7,2,1,1
SF,IF2103,2020-10-19 09:31:11.100,4738.0000,22093,0,285555000.000,3,1,2,多换,S,4738.2000,4737.8000,4737.2000,4736.0000,4735.8000,4739.6000,4740.0000,4740.8000,4742.8000,4746.8000,1,1,2,2,1,1,7,2,1,1
SF,IF2103,2020-10-19 09:31:11.600,4739.6000,22093,0,286976880.000,1,0,1,多换,S,4738.4000,4738.2000,4738.0000,4736.0000,4735.8000,4740.0000,4740.8000,4742.8000,4746.8000,4747.2000,1,1,2,2,1,7,1,1,1,7
SF,IF2103,2020-10-19 09:31:12.100,4739.6000,22093,0,286976880.000,0,-,-,-,-,4739.6000,4738.8000,4738.4000,4738.0000,4736.0000,4739.8000,4740.0000,4740.8000,4742.8000,4746.8000,2,1,1,2,2,1,7,1,1,1
SF,IF2103,2020-10-19 09:31:12.600,4739.6000,22092,-1,291242520.000,3,1,2,多平,S,4738.8000,4738.4000,4736.0000,4735.4000,4735.0000,4740.0000,4740.8000,4742.8000,4746.8000,4747.2000,1,1,2,4,1,7,1,1,1,7
SF,IF2103,2020-10-19 09:31:13.100,4739.6000,22092,0,291242520.000,0,-,-,-,-,4738.4000,4738.2000,4736.0000,4735.4000,4735.0000,4738.8000,4739.8000,4740.0000,4740.8000,4742.8000,1,1,2,4,1,7,5,7,1,1
SF,IF2103,2020-10-19 09:31:13.600,4738.8000,22089,-3,295507320.000,3,0,3,双平,S,4736.0000,4735.4000,4735.0000,4732.2000,4729.2000,4738.8000,4739.8000,4740.0000,4740.8000,4742.8000,2,4,1,1,2,5,5,7,1,1
SF,IF2103,2020-10-19 09:31:14.100,4738.8000,22088,-1,296928960.000,1,0,1,双平,S,4738.2000,4737.8000,4736.8000,4736.4000,4736.2000,4738.8000,4739.8000,4740.0000,4740.8000,4742.8000,1,1,3,2,3,5,5,7,1,1
SF,IF2103,2020-10-19 09:31:14.600,4738.8000,22088,0,298350600.000,1,0,1,多换,S,4737.0000,4736.8000,4736.4000,4736.2000,4736.0000,4738.6000,4738.8000,4739.8000,4740.0000,4740.8000,1,3,2,4,2,2,5,4,7,1
SF,IF2103,2020-10-19 09:31:15.100,4737.2000,22089,1,302614200.000,3,2,1,空开,S,4736.8000,4736.2000,4736.0000,4735.4000,4735.0000,4738.6000,4738.8000,4739.8000,4740.0000,4740.8000,3,2,2,4,1,2,5,4,7,1
SF,IF2103,2020-10-19 09:31:15.600,4737.2000,22089,0,302614200.000,0,-,-,-,-,4737.2000,4736.8000,4736.2000,4736.0000,4735.4000,4738.4000,4738.6000,4738.8000,4739.8000,4740.0000,1,3,2,2,4,1,2,5,4,7
SF,IF2103,2020-10-19 09:31:16.100,4737.2000,22089,0,302614200.000,0,-,-,-,-,4737.2000,4737.0000,4736.8000,4736.2000,4736.0000,4738.2000,4738.4000,4738.6000,4738.8000,4739.8000,1,1,3,2,2,1,1,1,5,4
SF,IF2103,2020-10-19 09:31:16.600,4737.2000,22089,0,302614200.000,0,-,-,-,-,4737.2000,4736.8000,4736.2000,4736.0000,4735.4000,4738.0000,4738.4000,4738.8000,4739.8000,4740.0000,1,3,2,2,4,2,1,5,4,7
SF,IF2103,2020-10-19 09:31:17.100,4738.0000,22089,0,304035600.000,1,0,1,多换,S,4737.6000,4737.2000,4736.8000,4736.2000,4736.0000,4738.0000,4738.2000,4738.8000,4739.8000,4740.0000,1,1,3,2,2,1,1,5,4,7
SF,IF2103,2020-10-19 09:31:17.600,4738.2000,22088,-1,305457060.000,1,0,1,双平,S,4737.2000,4736.8000,4736.2000,4736.0000,4735.4000,4738.8000,4739.8000,4740.0000,4740.2000,4740.8000,1,3,2,2,4,5,4,7,1,1
SF,IF2103,2020-10-19 09:31:18.100,4738.2000,22088,0,305457060.000,0,-,-,-,-,4737.2000,4736.8000,4736.2000,4736.0000,4735.4000,4738.6000,4738.8000,4739.8000,4740.0000,4740.2000,1,3,2,2,4,1,5,4,7,1
SF,IF2103,2020-10-19 09:31:18.600,4738.2000,22088,0,305457060.000,0,-,-,-,-,4736.2000,4736.0000,4735.4000,4735.0000,4732.2000,4738.4000,4738.8000,4739.8000,4740.0000,4740.8000,2,2,4,1,1,2,5,4,7,1
SF,IF2103,2020-10-19 09:31:19.100,4738.2000,22088,0,305457060.000,0,-,-,-,-,4737.2000,4736.4000,4736.2000,4736.0000,4735.4000,4738.4000,4738.8000,4739.8000,4740.0000,4740.8000,1,1,1,2,4,1,5,4,7,1
SF,IF2103,2020-10-19 09:31:19.600,4738.2000,22088,0,305457060.000,0,-,-,-,-,4736.2000,4736.0000,4735.4000,4735.0000,4732.2000,4738.2000,4738.4000,4738.8000,4739.8000,4740.0000,1,2,4,1,1,2,1,5,4,7
SF,IF2103,2020-10-19 09:31:20.100,4736.2000,22087,-1,306877920.000,1,0,1,双平,S,4736.0000,4735.4000,4735.0000,4732.2000,4729.2000,4738.0000,4738.2000,4738.8000,4739.8000,4740.0000,2,4,1,1,2,2,2,5,4,7
SF,IF2103,2020-10-19 09:31:20.600,4736.2000,22087,0,306877920.000,0,-,-,-,-,4736.0000,4735.4000,4735.0000,4732.2000,4729.2000,4737.8000,4738.0000,4738.2000,4738.8000,4739.8000,1,4,1,1,2,1,2,1,5,4
SF,IF2103,2020-10-19 09:31:21.100,4736.0000,22086,-1,308298720.000,1,0,1,双平,S,4735.4000,4735.0000,4732.2000,4729.2000,4725.0000,4737.6000,4737.8000,4738.0000,4738.8000,4739.8000,4,1,1,2,1,2,1,1,5,4
SF,IF2103,2020-10-19 09:31:21.600,4735.4000,22086,0,309719340.000,1,0,1,多换,S,4735.4000,4735.0000,4732.2000,4729.2000,4725.0000,4737.4000,4737.6000,4737.8000,4738.8000,4739.8000,3,1,1,2,1,1,1,1,7,4
SF,IF2103,2020-10-19 09:31:22.100,4735.4000,22085,-1,313981200.000,3,1,2,多平,S,4735.0000,4732.2000,4729.2000,4725.0000,4723.0000,4737.2000,4737.4000,4738.8000,4739.8000,4740.0000,1,1,2,1,1,2,2,7,4,8
SF,IF2103,2020-10-19 09:31:22.600,4735.4000,22085,0,313981200.000,0,-,-,-,-,4735.0000,4732.2000,4729.2000,4725.0000,4723.0000,4735.4000,4737.0000,4737.2000,4737.4000,4738.8000,1,1,2,1,1,2,1,1,1,7
SF,IF2103,2020-10-19 09:31:23.100,4735.4000,22084,-1,315401820.000,1,0,1,双平,S,4735.0000,4732.2000,4729.2000,4725.0000,4723.0000,4735.4000,4737.0000,4737.2000,4738.2000,4738.8000,1,1,2,1,1,1,2,1,1,7
SF,IF2103,2020-10-19 09:31:23.600,4735.4000,22083,-1,316822440.000,1,0,1,双平,S,4735.8000,4735.4000,4735.0000,4732.2000,4729.2000,4737.0000,4737.2000,4738.2000,4738.8000,4739.8000,1,1,1,1,2,2,1,1,7,4
SF,IF2103,2020-10-19 09:31:24.100,4735.4000,22083,0,316822440.000,0,-,-,-,-,4735.8000,4735.4000,4735.0000,4732.2000,4729.2000,4736.8000,4737.0000,4738.2000,4738.8000,4739.8000,1,2,1,1,2,2,1,1,10,4
SF,IF2103,2020-10-19 09:31:25.100,4735.4000,22083,0,316822440.000,0,-,-,-,-,4736.0000,4735.8000,4735.0000,4732.2000,4729.2000,4736.8000,4737.0000,4738.2000,4738.8000,4739.8000,1,1,1,1,2,2,1,1,10,4
SF,IF2103,2020-10-19 09:31:25.600,4735.4000,22082,-1,318243060.000,1,0,1,双平,S,4735.8000,4735.0000,4732.2000,4729.2000,4725.0000,4736.8000,4737.0000,4738.2000,4738.8000,4739.8000,1,1,1,2,1,2,1,1,10,4
SF,IF2103,2020-10-19 09:31:26.100,4735.8000,22081,-1,319663800.000,1,0,1,双平,S,4735.0000,4732.2000,4729.2000,4725.0000,4723.0000,4735.8000,4736.8000,4737.0000,4738.2000,4738.8000,1,1,2,1,1,5,2,1,1,10
SF,IF2103,2020-10-19 09:31:26.600,4736.8000,22077,-4,328188540.000,6,1,5,多平,S,4737.0000,4735.0000,4732.2000,4729.2000,4725.0000,4738.2000,4738.8000,4739.8000,4740.0000,4740.8000,3,1,1,2,1,1,10,4,7,1
SF,IF2103,2020-10-19 09:31:27.100,4737.0000,22077,0,332451840.000,3,1,2,多换,S,4736.6000,4735.0000,4732.2000,4729.2000,4725.0000,4738.0000,4738.2000,4738.8000,4739.8000,4740.0000,1,1,1,2,1,2,1,10,4,7
SF,IF2103,2020-10-19 09:31:27.600,4736.6000,22076,-1,333872820.000,1,0,1,双平,S,4735.0000,4732.2000,4729.2000,4725.0000,4723.0000,4738.0000,4738.2000,4738.8000,4740.0000,4740.8000,1,1,2,1,1,5,2,10,7,1
SF,IF2103,2020-10-19 09:31:28.100,4737.0000,22076,0,335293920.000,1,0,1,多换,S,4735.2000,4735.0000,4732.2000,4729.2000,4725.0000,4737.8000,4738.0000,4738.2000,4738.8000,4740.0000,1,1,1,2,1,1,4,2,10,7
SF,IF2103,2020-10-19 09:31:28.600,4737.0000,22076,0,335293920.000,0,-,-,-,-,4736.0000,4735.4000,4735.2000,4735.0000,4732.2000,4737.8000,4738.0000,4738.2000,4738.8000,4740.0000,1,2,1,1,1,2,4,1,10,7
SF,IF2103,2020-10-19 09:31:29.100,4736.0000,22077,1,338135580.000,2,1,1,空开,S,4735.0000,4732.2000,4729.2000,4725.0000,4723.0000,4736.0000,4737.6000,4737.8000,4738.0000,4738.2000,1,1,2,1,1,1,1,1,4,1
SF,IF2103,2020-10-19 09:31:29.600,4736.0000,22077,0,339556380.000,1,0,1,多换,S,4736.2000,4735.2000,4735.0000,4732.2000,4729.2000,4737.8000,4738.0000,4738.2000,4738.8000,4740.0000,1,1,1,1,2,1,4,1,10,7
SF,IF2103,2020-10-19 09:31:30.100,4736.0000,22077,0,339556380.000,0,-,-,-,-,4736.4000,4736.2000,4735.0000,4732.2000,4729.2000,4737.6000,4738.0000,4738.2000,4738.8000,4740.0000,1,1,2,1,2,1,4,1,10,7
SF,IF2103,2020-10-19 09:31:30.600,4736.0000,22077,0,339556380.000,0,-,-,-,-,4736.2000,4735.0000,4732.2000,4729.2000,4725.0000,4737.4000,4738.0000,4738.2000,4738.8000,4740.0000,1,2,1,2,1,1,4,1,10,7
SF,IF2103,2020-10-19 09:31:31.100,4736.2000,22076,-1,342398040.000,2,0,2,多平,S,4735.0000,4732.2000,4729.2000,4725.0000,4723.0000,4736.2000,4737.2000,4738.0000,4738.2000,4738.8000,2,1,2,1,1,2,1,4,1,10
SF,IF2103,2020-10-19 09:31:31.600,4736.2000,22076,0,345239760.000,2,1,1,多换,S,4736.8000,4735.8000,4735.2000,4735.0000,4732.2000,4737.6000,4738.0000,4738.8000,4740.0000,4740.8000,1,1,4,2,1,1,4,10,7,1
SF,IF2103,2020-10-19 09:31:32.100,4736.2000,22076,0,345239760.000,0,-,-,-,-,4736.8000,4735.2000,4735.0000,4732.2000,4729.2000,4737.4000,4737.6000,4738.0000,4738.8000,4740.0000,1,5,2,1,2,1,1,4,10,7
SF,IF2103,2020-10-19 09:31:32.600,4736.8000,22075,-1,346660800.000,1,0,1,双平,S,4735.2000,4735.0000,4732.2000,4729.2000,4725.0000,4737.2000,4737.6000,4738.0000,4738.8000,4739.0000,5,1,1,2,1,2,1,4,10,1
SF,IF2103,2020-10-19 09:31:33.100,4735.2000,22075,0,350922540.000,3,1,2,多换,S,4735.2000,4735.0000,4732.2000,4729.2000,4725.0000,4737.0000,4737.2000,4737.6000,4738.0000,4738.8000,2,1,1,2,1,1,2,1,4,11
SF,IF2103,2020-10-19 09:31:33.600,4735.2000,22075,0,350922540.000,0,-,-,-,-,4735.0000,4732.2000,4729.2000,4725.0000,4723.0000,4736.8000,4737.0000,4737.6000,4738.0000,4738.8000,1,1,2,1,1,2,2,1,4,11
SF,IF2103,2020-10-19 09:31:34.100,4735.0000,22075,0,352343040.000,1,0,1,多换,S,4732.2000,4729.2000,4725.0000,4723.0000,4719.0000,4736.8000,4737.0000,4737.6000,4738.0000,4738.8000,1,2,1,1,3,1,2,1,4,11
SF,IF2103,2020-10-19 09:31:34.600,4735.0000,22075,0,352343040.000,0,-,-,-,-,4734.4000,4734.0000,4733.0000,4732.4000,4732.2000,4736.6000,4737.6000,4738.8000,4739.0000,4740.0000,1,3,6,3,1,7,1,11,1,7
SF,IF2103,2020-10-19 09:31:35.100,4735.0000,22075,0,352343040.000,0,-,-,-,-,4734.0000,4733.6000,4733.0000,4732.4000,4732.2000,4736.6000,4737.6000,4738.8000,4739.0000,4740.0000,3,1,6,3,1,7,1,11,1,7
SF,IF2103,2020-10-19 09:31:35.600,4735.0000,22075,0,352343040.000,0,-,-,-,-,4735.4000,4733.6000,4732.4000,4732.2000,4729.2000,4736.4000,4736.6000,4737.6000,4738.8000,4739.0000,1,1,3,1,2,1,6,1,11,1
SF,IF2103,2020-10-19 09:31:36.100,4735.2000,22074,-1,353763600.000,1,0,1,双平,S,4732.4000,4732.2000,4729.2000,4725.0000,4723.0000,4734.4000,4736.2000,4736.4000,4736.6000,4738.8000,2,1,2,1,1,4,1,2,4,11
SF,IF2103,2020-10-19 09:31:36.600,4734.4000,22069,-5,360865200.000,5,0,5,双平,S,4735.2000,4734.0000,4733.4000,4732.4000,4732.2000,4736.4000,4736.6000,4738.8000,4739.0000,4740.0000,1,1,3,2,1,2,4,11,1,7
SF,IF2103,2020-10-19 09:31:37.100,4734.4000,22069,0,360865200.000,0,-,-,-,-,4735.2000,4733.6000,4733.4000,4733.0000,4732.6000,4736.2000,4736.4000,4736.6000,4737.0000,4738.8000,1,1,3,1,1,2,1,4,1,11
SF,IF2103,2020-10-19 09:31:37.600,4734.4000,22069,0,360865200.000,0,-,-,-,-,4735.2000,4733.6000,4733.4000,4733.0000,4732.6000,4736.2000,4736.4000,4736.6000,4737.0000,4738.8000,1,1,3,1,1,2,1,4,1,11
SF,IF2103,2020-10-19 09:31:38.100,4734.4000,22069,0,360865200.000,0,-,-,-,-,4735.2000,4733.6000,4733.4000,4733.0000,4732.6000,4736.2000,4736.4000,4736.6000,4736.8000,4737.0000,1,1,3,1,1,2,1,4,1,1
SF,IF2103,2020-10-19 09:31:38.600,4736.2000,22069,0,362286060.000,1,0,1,多换,S,4733.6000,4733.4000,4733.0000,4732.6000,4732.4000,4736.2000,4736.4000,4736.6000,4736.8000,4737.0000,1,4,1,1,2,1,1,4,1,1
SF,IF2103,2020-10-19 09:31:39.100,4736.2000,22069,0,362286060.000,0,-,-,-,-,4735.0000,4733.8000,4733.6000,4733.4000,4733.0000,4736.4000,4736.6000,4736.8000,4737.0000,4738.8000,1,2,2,1,1,1,4,1,1,11
SF,IF2103,2020-10-19 09:31:39.600,4736.2000,22069,0,362286060.000,0,-,-,-,-,4734.0000,4733.8000,4733.6000,4733.4000,4733.0000,4736.2000,4736.4000,4736.6000,4736.8000,4737.0000,3,2,2,1,1,1,1,4,1,1
SF,IF2103,2020-10-19 09:31:40.100,4736.2000,22069,0,362286060.000,0,-,-,-,-,4736.2000,4734.2000,4734.0000,4733.6000,4733.4000,4736.4000,4736.6000,4736.8000,4737.0000,4738.8000,1,3,3,2,1,1,4,1,1,11
SF,IF2103,2020-10-19 09:31:40.600,4734.2000,22067,-2,365127180.000,2,0,2,双平,S,4734.6000,4734.2000,4734.0000,4733.4000,4732.4000,4736.4000,4736.6000,4736.8000,4737.0000,4738.8000,1,2,3,1,1,1,4,3,1,11
SF,IF2103,2020-10-19 09:31:41.100,4734.2000,22067,0,365127180.000,0,-,-,-,-,4734.8000,4734.6000,4734.2000,4734.0000,4733.4000,4736.2000,4736.4000,4736.6000,4736.8000,4737.0000,1,1,1,3,1,1,1,4,3,1
SF,IF2103,2020-10-19 09:31:41.600,4736.4000,22067,0,369389820.000,3,1,2,多换,S,4734.8000,4734.6000,4734.2000,4734.0000,4733.4000,4736.6000,4736.8000,4737.0000,4738.8000,4739.0000,1,1,1,3,1,4,3,1,11,1
SF,IF2103,2020-10-19 09:31:42.100,4734.6000,22064,-3,373651020.000,3,0,3,双平,S,4734.2000,4734.0000,4733.4000,4732.4000,4732.2000,4734.6000,4736.4000,4736.6000,4736.8000,4737.0000,1,3,1,1,1,6,1,4,3,1
SF,IF2103,2020-10-19 09:31:42.600,4734.6000,22059,-5,380752920.000,5,0,5,双平,S,4734.2000,4734.0000,4733.4000,4732.4000,4732.2000,4734.6000,4736.4000,4736.6000,4736.8000,4737.0000,1,3,1,1,1,1,1,4,3,1
SF,IF2103,2020-10-19 09:31:43.100,4734.6000,22057,-2,383593680.000,2,0,2,双平,S,4734.6000,4734.4000,4734.0000,4733.4000,4732.4000,4736.4000,4736.6000,4736.8000,4737.0000,4738.8000,3,1,3,1,1,1,4,3,1,11
SF,IF2103,2020-10-19 09:31:43.600,4734.6000,22057,0,383593680.000,0,-,-,-,-,4735.0000,4734.6000,4734.0000,4733.4000,4732.4000,4736.2000,4736.4000,4736.6000,4736.8000,4737.0000,1,2,3,1,1,1,1,4,3,1
SF,IF2103,2020-10-19 09:31:44.100,4734.6000,22057,0,383593680.000,0,-,-,-,-,4735.0000,4734.0000,4733.4000,4732.4000,4732.2000,4736.2000,4736.4000,4736.6000,4736.8000,4737.0000,1,3,1,1,1,1,1,5,3,1
SF,IF2103,2020-10-19 09:31:44.600,4734.6000,22057,0,383593680.000,0,-,-,-,-,4735.0000,4734.0000,4733.4000,4732.4000,4732.2000,4736.0000,4736.2000,4736.6000,4736.8000,4737.0000,1,3,1,1,1,1,1,5,3,1
SF,IF2103,2020-10-19 09:31:45.100,4735.0000,22056,-1,385014180.000,1,0,1,双平,S,4733.4000,4732.4000,4732.2000,4729.2000,4725.0000,4735.0000,4735.8000,4736.0000,4736.6000,4736.8000,1,1,1,2,1,1,1,1,5,3
SF,IF2103,2020-10-19 09:31:45.600,4735.0000,22056,0,385014180.000,0,-,-,-,-,4733.6000,4733.4000,4732.4000,4732.2000,4729.2000,4735.0000,4735.8000,4736.0000,4736.6000,4736.8000,2,1,1,1,2,1,1,1,5,3
SF,IF2103,2020-10-19 09:31:47.100,4735.0000,22056,0,385014180.000,0,-,-,-,-,4733.6000,4733.4000,4732.4000,4732.2000,4729.2000,4735.0000,4735.8000,4736.0000,4736.6000,4736.8000,1,1,1,1,2,1,1,1,5,3
SF,IF2103,2020-10-19 09:31:47.600,4735.0000,22056,0,385014180.000,0,-,-,-,-,4733.6000,4733.4000,4732.4000,4732.2000,4729.2000,4734.8000,4735.0000,4735.8000,4736.6000,4736.8000,1,1,1,1,2,1,1,1,5,3
SF,IF2103,2020-10-19 09:31:48.100,4735.0000,22056,0,385014180.000,0,-,-,-,-,4733.4000,4732.4000,4732.2000,4729.2000,4725.0000,4734.8000,4735.0000,4735.8000,4736.6000,4736.8000,1,1,1,2,1,1,1,1,5,3
SF,IF2103,2020-10-19 09:31:48.600,4735.0000,22056,0,385014180.000,0,-,-,-,-,4734.0000,4733.4000,4732.4000,4732.2000,4729.2000,4734.6000,4734.8000,4735.0000,4736.6000,4736.8000,1,1,1,1,2,1,1,1,5,3
SF,IF2103,2020-10-19 09:31:49.100,4734.0000,22055,-1,386434380.000,1,0,1,双平,S,4733.4000,4732.2000,4729.2000,4725.0000,4719.0000,4734.6000,4734.8000,4735.0000,4736.6000,4736.8000,1,1,2,1,3,1,1,1,5,3
SF,IF2103,2020-10-19 09:31:49.600,4734.4000,22055,0,389274720.000,2,1,1,多换,S,4732.2000,4729.2000,4725.0000,4719.0000,4718.0000,4734.6000,4734.8000,4735.0000,4736.6000,4736.8000,1,2,1,3,1,1,2,1,5,3
SF,IF2103,2020-10-19 09:31:50.100,4732.2000,22056,1,390694380.000,1,1,0,双开,S,4729.2000,4725.0000,4719.0000,4718.0000,4715.0000,4734.4000,4734.6000,4734.8000,4735.0000,4736.6000,2,1,3,1,1,5,1,2,1,1
SF,IF2103,2020-10-19 09:31:50.600,4732.2000,22056,0,390694380.000,0,-,-,-,-,4731.2000,4730.2000,4729.4000,4729.2000,4725.0000,4732.2000,4734.2000,4734.4000,4734.8000,4736.6000,3,3,4,2,1,1,1,5,2,1
SF,IF2103,2020-10-19 09:31:51.100,4734.4000,22055,-1,394954620.000,3,1,2,多平,S,4731.2000,4730.2000,4729.4000,4729.2000,4725.0000,4734.4000,4734.8000,4736.6000,4736.8000,4737.0000,3,3,4,2,1,4,2,1,3,1
SF,IF2103,2020-10-19 09:31:51.600,4734.4000,22055,0,394954620.000,0,-,-,-,-,4731.4000,4729.4000,4729.2000,4725.0000,4719.0000,4732.2000,4734.2000,4734.4000,4734.8000,4736.6000,1,3,2,1,3,3,2,4,2,1
SF,IF2103,2020-10-19 09:31:52.100,4731.6000,22054,-1,399213240.000,3,1,2,多平,S,4729.4000,4729.2000,4725.0000,4719.0000,4718.0000,4731.4000,4732.2000,4734.0000,4734.4000,4734.8000,3,2,1,3,1,1,2,2,4,1
SF,IF2103,2020-10-19 09:31:52.600,4731.4000,22054,0,400632660.000,1,0,1,多换,S,4731.4000,4730.6000,4729.6000,4729.4000,4729.2000,4732.2000,4734.0000,4734.4000,4734.8000,4736.6000,2,3,6,3,2,2,2,4,1,1
SF,IF2103,2020-10-19 09:31:53.100,4731.4000,22054,0,400632660.000,0,-,-,-,-,4731.6000,4731.4000,4730.6000,4729.8000,4729.6000,4732.2000,4734.0000,4734.4000,4734.8000,4736.6000,1,2,3,1,5,2,2,4,1,1
SF,IF2103,2020-10-19 09:31:53.600,4731.4000,22054,0,400632660.000,0,-,-,-,-,4731.6000,4731.4000,4730.6000,4729.8000,4729.6000,4732.2000,4734.0000,4734.4000,4734.8000,4736.6000,1,1,3,1,5,2,2,4,1,1
SF,IF2103,2020-10-19 09:31:54.100,4731.6000,22053,-1,402052140.000,1,0,1,双平,S,4730.6000,4729.6000,4729.4000,4729.2000,4725.0000,4732.2000,4734.0000,4734.4000,4734.8000,4736.6000,3,5,2,2,1,2,2,4,1,1
SF,IF2103,2020-10-19 09:31:54.600,4730.6000,22051,-2,404890500.000,2,0,2,双平,S,4730.6000,4729.6000,4729.4000,4729.2000,4725.0000,4732.2000,4734.0000,4734.4000,4734.8000,4736.6000,1,5,2,2,1,2,2,4,1,1
SF,IF2103,2020-10-19 09:31:55.100,4730.6000,22051,0,404890500.000,0,-,-,-,-,4730.6000,4729.6000,4729.4000,4729.2000,4725.0000,4732.2000,4734.0000,4734.4000,4734.8000,4736.6000,3,2,2,2,1,2,2,4,1,1
SF,IF2103,2020-10-19 09:31:55.600,4730.6000,22051,0,404890500.000,0,-,-,-,-,4730.6000,4729.6000,4729.4000,4729.2000,4725.0000,4732.0000,4732.2000,4734.0000,4734.4000,4734.8000,4,2,2,2,1,1,2,2,4,1
SF,IF2103,2020-10-19 09:31:56.100,4730.6000,22051,0,404890500.000,0,-,-,-,-,4730.6000,4729.6000,4729.4000,4729.2000,4725.0000,4732.0000,4732.2000,4733.0000,4734.0000,4734.4000,4,2,2,2,1,1,2,3,2,4
SF,IF2103,2020-10-19 09:31:56.600,4730.6000,22051,0,404890500.000,0,-,-,-,-,4730.8000,4730.6000,4729.6000,4729.4000,4729.2000,4732.0000,4732.2000,4733.0000,4734.0000,4734.4000,1,4,2,2,2,1,2,3,2,4
SF,IF2103,2020-10-19 09:31:57.100,4730.6000,22051,0,404890500.000,0,-,-,-,-,4730.8000,4730.6000,4729.6000,4729.4000,4729.2000,4732.2000,4733.0000,4734.0000,4734.4000,4734.8000,1,4,2,2,2,2,3,2,4,1
SF,IF2103,2020-10-19 09:31:57.600,4730.6000,22051,0,404890500.000,0,-,-,-,-,4731.0000,4730.8000,4730.6000,4729.6000,4729.4000,4732.2000,4733.0000,4734.0000,4734.4000,4734.8000,1,1,4,1,2,2,3,2,4,1
SF,IF2103,2020-10-19 09:31:58.100,4730.6000,22051,0,404890500.000,0,-,-,-,-,4731.2000,4731.0000,4730.8000,4730.6000,4729.6000,4732.2000,4733.0000,4734.4000,4734.8000,4736.6000,2,1,1,2,1,2,3,4,1,1
SF,IF2103,2020-10-19 09:31:58.600,4730.6000,22051,0,404890500.000,0,-,-,-,-,4731.2000,4731.0000,4730.6000,4729.6000,4729.4000,4732.2000,4733.0000,4734.4000,4734.8000,4736.6000,2,3,1,1,2,2,3,4,1,1
SF,IF2103,2020-10-19 09:31:59.100,4730.6000,22051,0,404890500.000,0,-,-,-,-,4731.4000,4731.2000,4731.0000,4730.6000,4729.6000,4732.2000,4733.0000,4734.4000,4734.8000,4736.6000,1,2,1,1,1,2,3,4,1,1
SF,IF2103,2020-10-19 09:31:59.600,4731.2000,22050,-1,406309860.000,1,0,1,双平,S,4731.2000,4731.0000,4730.6000,4729.4000,4729.2000,4732.0000,4732.2000,4733.0000,4734.4000,4734.8000,2,1,1,2,2,1,2,3,4,1
SF,IF2103,2020-10-19 09:32:00.100,4731.2000,22050,0,406309860.000,0,-,-,-,-,4731.2000,4731.0000,4730.6000,4729.4000,4729.2000,4732.0000,4732.2000,4733.0000,4734.4000,4734.8000,1,1,1,2,2,1,2,3,4,1
SF,IF2103,2020-10-19 09:32:00.600,4732.0000,22049,-1,407729460.000,1,0,1,双平,S,4732.0000,4731.0000,4729.4000,4729.2000,4719.0000,4732.2000,4733.0000,4734.4000,4734.8000,4736.6000,1,1,2,2,3,2,3,4,1,1
SF,IF2103,2020-10-19 09:32:01.100,4732.2000,22047,-2,410568720.000,2,0,2,双平,S,4731.0000,4729.4000,4729.2000,4719.0000,4718.0000,4732.2000,4733.0000,4734.4000,4734.8000,4736.6000,1,2,2,3,1,1,3,4,1,1
SF,IF2103,2020-10-19 09:32:01.600,4732.2000,22047,0,410568720.000,0,-,-,-,-,4729.4000,4729.2000,4719.0000,4718.0000,4715.0000,4732.2000,4733.0000,4734.4000,4734.8000,4736.6000,2,2,3,1,1,1,3,4,1,1
SF,IF2103,2020-10-19 09:32:02.100,4732.2000,22047,0,410568720.000,0,-,-,-,-,4731.0000,4730.8000,4729.6000,4729.4000,4729.2000,4732.0000,4732.2000,4733.0000,4734.4000,4734.8000,1,1,1,3,2,2,1,3,4,1
SF,IF2103,2020-10-19 09:32:02.600,4732.2000,22047,0,410568720.000,0,-,-,-,-,4731.0000,4729.6000,4729.4000,4729.2000,4719.0000,4732.0000,4732.2000,4733.0000,4734.4000,4734.8000,1,1,3,2,3,1,1,3,4,1
SF,IF2103,2020-10-19 09:32:03.100,4732.2000,22045,-2,413407980.000,2,0,2,双平,S,4731.2000,4731.0000,4729.4000,4729.2000,4719.0000,4733.0000,4734.4000,4734.8000,4736.6000,4736.8000,1,1,3,2,3,3,4,1,1,3
SF,IF2103,2020-10-19 09:32:03.600,4731.2000,22045,0,416247180.000,2,1,1,多换,S,4731.0000,4729.4000,4729.2000,4719.0000,4718.0000,4732.8000,4733.0000,4734.4000,4734.8000,4736.6000,1,2,2,3,1,2,3,4,1,1
SF,IF2103,2020-10-19 09:32:04.100,4731.2000,22045,0,416247180.000,0,-,-,-,-,4729.4000,4729.2000,4719.0000,4718.0000,4715.0000,4732.6000,4732.8000,4733.0000,4734.4000,4734.8000,2,2,3,1,1,1,1,3,4,1
SF,IF2103,2020-10-19 09:32:04.600,4731.2000,22045,0,416247180.000,0,-,-,-,-,4729.6000,4729.4000,4729.2000,4719.0000,4718.0000,4732.4000,4733.0000,4734.4000,4734.8000,4736.6000,2,3,2,3,1,1,3,4,1,1
SF,IF2103,2020-10-19 09:32:05.100,4731.2000,22045,0,416247180.000,0,-,-,-,-,4730.4000,4729.8000,4729.6000,4729.4000,4729.2000,4732.2000,4732.4000,4733.0000,4734.4000,4734.8000,3,2,2,3,2,2,1,3,4,1
SF,IF2103,2020-10-19 09:32:05.600,4731.2000,22045,0,416247180.000,0,-,-,-,-,4730.4000,4729.8000,4729.6000,4729.4000,4729.2000,4732.0000,4732.2000,4733.0000,4734.4000,4734.8000,3,1,2,3,2,1,2,3,4,1
SF,IF2103,2020-10-19 09:32:06.100,4731.8000,22046,1,417666720.000,1,1,0,双开,S,4730.4000,4729.8000,4729.6000,4729.2000,4719.0000,4732.0000,4733.0000,4734.4000,4734.8000,4736.6000,3,1,2,2,3,1,3,4,1,1
SF,IF2103,2020-10-19 09:32:06.600,4731.8000,22046,0,417666720.000,0,-,-,-,-,4729.8000,4729.6000,4729.2000,4719.0000,4718.0000,4731.8000,4732.0000,4733.0000,4734.4000,4734.8000,1,2,2,3,1,2,1,3,4,1
SF,IF2103,2020-10-19 09:32:07.100,4731.8000,22046,0,417666720.000,0,-,-,-,-,4730.6000,4730.0000,4729.2000,4719.0000,4718.0000,4731.6000,4731.8000,4733.0000,4734.4000,4734.8000,4,4,2,3,1,1,2,3,4,1
SF,IF2103,2020-10-19 09:32:07.600,4731.8000,22046,0,417666720.000,0,-,-,-,-,4730.6000,4730.0000,4729.8000,4729.2000,4719.0000,4731.6000,4731.8000,4733.0000,4734.4000,4734.8000,4,2,1,2,3,1,2,3,4,1
SF,IF2103,2020-10-19 09:32:08.100,4731.8000,22046,0,417666720.000,0,-,-,-,-,4730.6000,4730.0000,4729.8000,4729.2000,4719.0000,4731.8000,4733.0000,4734.4000,4734.8000,4736.6000,4,2,1,2,3,2,3,4,1,1
SF,IF2103,2020-10-19 09:32:08.600,4731.8000,22046,0,417666720.000,0,-,-,-,-,4730.6000,4730.0000,4729.8000,4719.0000,4718.0000,4731.6000,4731.8000,4733.0000,4734.4000,4734.8000,1,1,1,3,1,1,2,3,4,1
SF,IF2103,2020-10-19 09:32:09.100,4731.8000,22046,0,417666720.000,0,-,-,-,-,4730.6000,4730.0000,4729.8000,4719.0000,4718.0000,4731.8000,4733.0000,4734.4000,4734.8000,4736.6000,1,1,1,3,1,2,3,4,1,1
SF,IF2103,2020-10-19 09:32:09.600,4730.6000,22046,0,420505380.000,2,1,1,多换,S,4730.0000,4729.8000,4719.0000,4718.0000,4715.0000,4731.8000,4733.0000,4734.4000,4734.8000,4736.6000,1,1,3,1,1,2,3,4,1,1
SF,IF2103,2020-10-19 09:32:10.100,4730.6000,22046,0,420505380.000,0,-,-,-,-,4730.0000,4719.0000,4718.0000,4715.0000,4713.0000,4731.6000,4731.8000,4733.0000,4734.4000,4734.8000,1,3,1,1,1,1,2,3,4,1
SF,IF2103,2020-10-19 09:32:10.600,4730.6000,22046,0,420505380.000,0,-,-,-,-,4730.4000,4730.2000,4730.0000,4719.0000,4718.0000,4731.6000,4733.0000,4734.4000,4734.8000,4736.6000,1,6,2,3,1,1,3,4,1,1
SF,IF2103,2020-10-19 09:32:11.100,4731.4000,22045,-1,421924800.000,1,0,1,双平,S,4730.2000,4730.0000,4719.0000,4718.0000,4715.0000,4731.4000,4731.6000,4733.0000,4734.4000,4734.8000,1,2,3,1,1,1,1,3,4,1
SF,IF2103,2020-10-19 09:32:11.600,4731.4000,22044,-1,423344220.000,1,0,1,双平,S,4731.0000,4730.8000,4730.0000,4719.0000,4718.0000,4731.2000,4731.4000,4733.0000,4734.4000,4734.8000,3,1,1,3,1,1,1,3,4,1
SF,IF2103,2020-10-19 09:32:12.100,4731.4000,22044,0,423344220.000,0,-,-,-,-,4730.0000,4719.0000,4718.0000,4715.0000,4713.0000,4731.2000,4731.4000,4731.8000,4733.0000,4734.4000,1,3,1,1,1,1,1,2,3,4
SF,IF2103,2020-10-19 09:32:12.600,4731.2000,22043,-1,424763580.000,1,0,1,双平,S,4730.4000,4730.0000,4719.0000,4718.0000,4715.0000,4731.2000,4731.8000,4733.0000,4734.4000,4734.8000,3,1,3,1,1,1,2,3,4,1
SF,IF2103,2020-10-19 09:32:13.100,4731.2000,22042,-1,426182940.000,1,0,1,双平,S,4719.0000,4718.0000,4715.0000,4713.0000,4702.0000,4731.8000,4732.0000,4733.0000,4734.4000,4734.8000,3,1,1,1,1,2,1,3,4,1
SF,IF2103,2020-10-19 09:32:13.600,4731.2000,22042,0,426182940.000,0,-,-,-,-,4729.4000,4729.2000,4729.0000,4728.8000,4728.6000,4731.6000,4731.8000,4732.0000,4733.0000,4734.4000,3,1,1,3,1,1,2,1,3,4
SF,IF2103,2020-10-19 09:32:14.100,4731.2000,22042,0,426182940.000,0,-,-,-,-,4729.6000,4729.4000,4728.8000,4728.6000,4720.6000,4731.4000,4731.6000,4731.8000,4732.0000,4733.0000,1,3,3,1,3,7,1,2,1,3
SF,IF2103,2020-10-19 09:32:14.600,4731.2000,22042,0,426182940.000,0,-,-,-,-,4730.0000,4729.4000,4728.8000,4728.6000,4720.6000,4731.2000,4731.4000,4731.8000,4732.0000,4733.0000,1,4,3,1,3,1,1,2,1,3
SF,IF2103,2020-10-19 09:32:15.100,4731.2000,22042,0,426182940.000,0,-,-,-,-,4730.0000,4729.8000,4729.4000,4728.8000,4723.4000,4731.2000,4731.8000,4732.0000,4733.0000,4734.4000,1,1,4,3,1,1,2,1,3,4
SF,IF2103,2020-10-19 09:32:15.600,4731.2000,22042,0,426182940.000,0,-,-,-,-,4729.8000,4729.4000,4728.8000,4723.4000,4720.6000,4731.2000,4731.8000,4732.0000,4733.0000,4734.4000,1,4,3,1,3,1,2,1,3,4
SF,IF2103,2020-10-19 09:32:16.100,4729.8000,22041,-1,427601880.000,1,0,1,双平,S,4729.4000,4728.8000,4723.4000,4720.6000,4719.2000,4731.2000,4731.8000,4732.0000,4733.0000,4734.4000,4,3,1,3,3,1,2,1,3,4
SF,IF2103,2020-10-19 09:32:16.600,4729.4000,22040,-1,429020700.000,1,0,1,双平,S,4729.4000,4728.8000,4723.4000,4720.6000,4719.2000,4731.0000,4731.2000,4731.8000,4732.0000,4733.0000,2,3,1,3,3,2,1,2,1,3
SF,IF2103,2020-10-19 09:32:17.100,4730.8000,22040,0,430439940.000,1,0,1,多换,S,4723.4000,4720.6000,4719.2000,4719.0000,4718.0000,4731.0000,4731.8000,4732.0000,4733.0000,4734.4000,1,3,3,3,1,2,2,1,3,4
SF,IF2103,2020-10-19 09:32:17.600,4730.8000,22040,0,430439940.000,0,-,-,-,-,4728.0000,4727.8000,4727.6000,4723.6000,4723.4000,4730.8000,4731.0000,4731.8000,4732.0000,4733.0000,1,1,1,4,1,2,2,2,1,3
SF,IF2103,2020-10-19 09:32:18.100,4730.8000,22040,0,430439940.000,0,-,-,-,-,4727.8000,4727.2000,4726.4000,4723.6000,4723.4000,4730.8000,4731.0000,4731.8000,4732.0000,4733.0000,3,3,1,3,1,2,2,2,1,3
SF,IF2103,2020-10-19 09:32:18.600,4728.0000,22039,-1,431858340.000,1,0,1,双平,S,4728.0000,4726.4000,4723.6000,4723.4000,4719.2000,4730.8000,4731.0000,4731.8000,4732.0000,4733.0000,1,1,2,1,3,2,2,2,1,3
SF,IF2103,2020-10-19 09:32:19.100,4728.0000,22039,0,433276740.000,1,0,1,多换,S,4723.6000,4723.4000,4719.2000,4719.0000,4718.0000,4729.4000,4730.6000,4730.8000,4731.0000,4731.8000,2,1,2,3,1,1,1,1,2,2
SF,IF2103,2020-10-19 09:32:19.600,4728.0000,22039,0,433276740.000,0,-,-,-,-,4726.8000,4726.2000,4723.8000,4723.6000,4723.4000,4729.2000,4730.4000,4730.6000,4731.0000,4731.8000,3,6,1,2,1,2,1,5,2,2
SF,IF2103,2020-10-19 09:32:20.100,4728.0000,22039,0,433276740.000,0,-,-,-,-,4726.8000,4726.2000,4723.8000,4723.6000,4723.4000,4729.0000,4729.2000,4730.6000,4731.0000,4731.8000,3,6,1,2,1,2,2,4,2,2
SF,IF2103,2020-10-19 09:32:20.600,4728.0000,22039,0,433276740.000,0,-,-,-,-,4726.8000,4726.2000,4723.8000,4723.6000,4723.4000,4728.8000,4729.0000,4730.6000,4731.0000,4731.8000,3,6,1,2,1,2,2,4,2,2
SF,IF2103,2020-10-19 09:32:21.100,4728.0000,22039,0,433276740.000,0,-,-,-,-,4726.8000,4726.2000,4723.8000,4723.6000,4723.4000,4728.6000,4728.8000,4729.0000,4730.6000,4731.0000,3,6,1,2,1,1,2,2,4,2
SF,IF2103,2020-10-19 09:32:21.600,4726.8000,22037,-2,436112820.000,2,0,2,双平,S,4723.4000,4719.2000,4719.0000,4718.0000,4715.0000,4726.8000,4727.6000,4728.8000,4729.0000,4730.6000,1,2,3,1,1,1,1,1,2,4
SF,IF2103,2020-10-19 09:32:22.100,4725.4000,22033,-4,443201880.000,5,0,5,多平,S,4725.4000,4723.6000,4723.4000,4719.2000,4719.0000,4726.6000,4726.8000,4729.0000,4731.0000,4731.8000,2,3,1,2,3,1,1,2,2,2
SF,IF2103,2020-10-19 09:32:22.600,4725.4000,22033,0,443201880.000,0,-,-,-,-,4726.6000,4725.8000,4725.6000,4725.4000,4725.2000,4729.0000,4731.0000,4731.8000,4732.0000,4733.0000,1,3,1,2,3,2,2,2,1,3
SF,IF2103,2020-10-19 09:32:23.100,4726.8000,22032,-1,444619920.000,1,0,1,双平,S,4726.8000,4726.6000,4725.8000,4725.6000,4725.4000,4728.8000,4729.0000,4731.8000,4732.0000,4733.0000,1,1,3,2,3,1,2,2,1,3
SF,IF2103,2020-10-19 09:32:23.600,4726.8000,22032,0,447456000.000,2,1,1,多换,S,4727.0000,4726.8000,4726.6000,4725.6000,4723.6000,4728.8000,4729.0000,4732.0000,4733.0000,4736.6000,1,1,1,1,1,1,2,1,3,1
SF,IF2103,2020-10-19 09:32:24.100,4726.8000,22032,0,447456000.000,0,-,-,-,-,4727.2000,4727.0000,4726.8000,4725.6000,4723.6000,4728.8000,4732.0000,4733.0000,4736.6000,4736.8000,1,3,2,1,1,1,1,3,1,2
SF,IF2103,2020-10-19 09:32:24.600,4726.8000,22032,0,448874040.000,1,0,1,多换,S,4727.2000,4727.0000,4726.8000,4725.6000,4723.6000,4728.6000,4728.8000,4732.0000,4733.0000,4736.6000,1,1,1,1,1,2,1,1,3,1
SF,IF2103,2020-10-19 09:32:25.100,4726.8000,22032,0,448874040.000,0,-,-,-,-,4727.2000,4726.8000,4723.6000,4719.2000,4719.0000,4728.6000,4728.8000,4732.0000,4733.0000,4736.6000,2,1,1,2,3,1,1,1,3,1
SF,IF2103,2020-10-19 09:32:25.600,4726.8000,22032,0,448874040.000,0,-,-,-,-,4727.2000,4726.8000,4723.6000,4719.2000,4719.0000,4728.4000,4728.6000,4732.0000,4733.0000,4736.6000,2,1,1,2,3,1,1,1,3,1
SF,IF2103,2020-10-19 09:32:26.100,4726.8000,22032,0,448874040.000,0,-,-,-,-,4727.2000,4726.8000,4723.6000,4719.2000,4719.0000,4728.2000,4728.4000,4728.6000,4732.0000,4733.0000,2,1,1,2,3,1,1,1,1,3
SF,IF2103,2020-10-19 09:32:26.600,4727.0000,22032,0,451710240.000,2,1,1,多换,S,4723.6000,4719.2000,4719.0000,4718.0000,4715.0000,4727.2000,4728.2000,4728.6000,4732.0000,4733.0000,1,2,3,1,2,1,1,1,1,3
SF,IF2103,2020-10-19 09:32:27.100,4727.0000,22031,-1,453128340.000,1,0,1,双平,S,4726.2000,4726.0000,4725.4000,4725.2000,4723.8000,4727.2000,4728.6000,4732.0000,4733.0000,4736.6000,1,4,2,1,2,1,1,1,3,1
SF,IF2103,2020-10-19 09:32:27.600,4727.0000,22031,0,453128340.000,0,-,-,-,-,4726.0000,4725.4000,4725.2000,4723.8000,4723.6000,4726.8000,4727.2000,4732.0000,4733.0000,4736.6000,3,2,1,4,2,1,1,1,3,1
SF,IF2103,2020-10-19 09:32:28.100,4727.2000,22029,-2,455964600.000,2,0,2,双平,S,4727.0000,4726.8000,4726.2000,4726.0000,4725.4000,4732.0000,4733.0000,4736.6000,4736.8000,4737.6000,1,1,1,3,2,1,3,1,2,3
SF,IF2103,2020-10-19 09:32:28.600,4727.0000,22028,-1,458800860.000,2,0,2,多平,S,4726.8000,4726.2000,4726.0000,4725.4000,4725.2000,4727.0000,4729.2000,4729.4000,4730.0000,4730.4000,1,1,3,2,1,3,1,1,1,1
SF,IF2103,2020-10-19 09:32:29.100,4727.0000,22025,-3,463055160.000,3,0,3,双平,S,4727.0000,4726.2000,4726.0000,4725.4000,4725.2000,4730.0000,4730.4000,4730.6000,4730.8000,4731.8000,1,1,3,2,1,1,1,1,3,3
SF,IF2103,2020-10-19 09:32:29.600,4727.0000,22025,0,463055160.000,0,-,-,-,-,4727.4000,4727.0000,4726.2000,4726.0000,4725.4000,4729.8000,4730.6000,4730.8000,4732.0000,4733.0000,1,2,1,3,2,2,1,3,4,3
SF,IF2103,2020-10-19 09:32:30.100,4727.0000,22025,0,463055160.000,0,-,-,-,-,4727.4000,4727.0000,4726.2000,4726.0000,4725.4000,4729.4000,4729.8000,4730.0000,4730.6000,4732.0000,1,1,1,3,2,2,2,2,1,4
SF,IF2103,2020-10-19 09:32:30.600,4727.4000,22025,0,464473380.000,1,0,1,多换,S,4726.2000,4726.0000,4725.4000,4725.2000,4723.8000,4728.4000,4729.2000,4729.4000,4729.6000,4730.0000,1,3,2,1,2,1,6,1,1,1
SF,IF2103,2020-10-19 09:32:31.100,4727.4000,22025,0,464473380.000,0,-,-,-,-,4726.0000,4725.4000,4725.2000,4723.8000,4723.6000,4728.2000,4729.2000,4729.4000,4730.0000,4732.0000,3,2,1,2,1,2,2,1,1,1
SF,IF2103,2020-10-19 09:32:31.600,4726.0000,22022,-3,468726780.000,3,0,3,双平,S,4723.8000,4723.6000,4719.2000,4719.0000,4718.0000,4727.8000,4728.2000,4728.4000,4729.4000,4732.0000,2,1,2,3,1,5,2,1,1,1
SF,IF2103,2020-10-19 09:32:32.100,4726.0000,22022,0,468726780.000,0,-,-,-,-,4724.0000,4723.8000,4719.2000,4719.0000,4718.0000,4727.4000,4727.6000,4727.8000,4728.0000,4729.4000,1,1,2,3,1,1,2,4,1,1
SF,IF2103,2020-10-19 09:32:32.600,4726.0000,22022,0,468726780.000,0,-,-,-,-,4724.0000,4721.0000,4719.2000,4719.0000,4718.0000,4727.0000,4727.2000,4727.4000,4727.6000,4727.8000,1,1,2,3,1,1,2,1,1,2
SF,IF2103,2020-10-19 09:32:33.100,4726.0000,22022,0,468726780.000,0,-,-,-,-,4724.2000,4724.0000,4721.0000,4719.2000,4719.0000,4726.8000,4727.0000,4727.4000,4727.8000,4729.4000,2,1,1,2,3,2,1,2,2,1
SF,IF2103,2020-10-19 09:32:33.600,4726.0000,22022,0,468726780.000,0,-,-,-,-,4724.4000,4724.2000,4721.0000,4719.2000,4719.0000,4726.8000,4727.0000,4727.4000,4727.8000,4729.4000,2,3,1,2,3,1,2,1,2,1
SF,IF2103,2020-10-19 09:32:34.100,4726.8000,22022,0,470144820.000,1,0,1,多换,S,4724.8000,4724.4000,4724.2000,4721.0000,4719.2000,4727.0000,4727.4000,4729.4000,4732.0000,4733.0000,2,2,3,1,2,1,1,1,1,3
SF,IF2103,2020-10-19 09:32:34.600,4727.0000,22021,-1,472980960.000,2,0,2,多平,S,4727.0000,4725.0000,4724.6000,4721.0000,4719.2000,4732.0000,4733.0000,4736.6000,4736.8000,4737.6000,1,3,3,1,2,1,3,1,2,3
SF,IF2103,2020-10-19 09:32:35.100,4727.0000,22021,0,472980960.000,0,-,-,-,-,4727.2000,4727.0000,4725.8000,4725.2000,4725.0000,4728.6000,4729.0000,4729.2000,4729.6000,4730.0000,2,2,2,3,5,1,2,2,1,1
SF,IF2103,2020-10-19 09:32:35.600,4727.0000,22021,0,472980960.000,0,-,-,-,-,4727.0000,4725.8000,4725.2000,4725.0000,4724.6000,4730.0000,4730.4000,4730.6000,4731.8000,4732.0000,2,3,3,4,2,1,1,1,2,4
SF,IF2103,2020-10-19 09:32:36.100,4727.0000,22020,-1,474399060.000,1,0,1,双平,S,4727.0000,4725.8000,4725.2000,4725.0000,4724.6000,4729.8000,4730.0000,4730.4000,4730.6000,4732.0000,1,3,3,4,2,2,1,1,1,4
SF,IF2103,2020-10-19 09:32:36.600,4727.0000,22020,0,474399060.000,0,-,-,-,-,4727.0000,4725.8000,4725.2000,4725.0000,4724.6000,4729.2000,4729.4000,4729.8000,4730.0000,4730.4000,1,3,3,3,2,1,1,2,2,1
SF,IF2103,2020-10-19 09:32:37.100,4727.0000,22019,-1,475817160.000,1,0,1,双平,S,4725.8000,4724.6000,4721.0000,4720.0000,4719.2000,4728.0000,4729.0000,4729.2000,4729.4000,4729.6000,1,2,1,1,2,1,2,1,1,1
SF,IF2103,2020-10-19 09:32:37.600,4727.0000,22019,0,475817160.000,0,-,-,-,-,4721.0000,4720.0000,4719.2000,4719.0000,4718.0000,4727.0000,4727.8000,4728.6000,4729.0000,4729.2000,1,1,2,3,1,2,2,1,1,2
SF,IF2103,2020-10-19 09:32:38.100,4727.0000,22019,0,475817160.000,0,-,-,-,-,4724.8000,4724.6000,4724.0000,4721.2000,4721.0000,4726.8000,4727.0000,4729.0000,4729.2000,4729.4000,1,1,1,4,1,1,2,1,1,1
SF,IF2103,2020-10-19 09:32:38.600,4726.8000,22018,-1,477235200.000,1,0,1,双平,S,4725.0000,4724.8000,4724.2000,4724.0000,4721.0000,4727.0000,4729.0000,4730.0000,4732.0000,4733.0000,1,2,2,1,2,2,1,1,1,3
SF,IF2103,2020-10-19 09:32:39.100,4726.8000,22018,0,477235200.000,0,-,-,-,-,4725.2000,4725.0000,4724.8000,4724.2000,4724.0000,4727.0000,4729.0000,4730.0000,4732.0000,4733.0000,1,2,3,2,1,2,1,1,1,3
SF,IF2103,2020-10-19 09:32:39.600,4727.0000,22018,0,478653300.000,1,0,1,多换,S,4725.2000,4725.0000,4724.8000,4724.2000,4724.0000,4727.0000,4729.0000,4730.0000,4732.0000,4733.0000,1,3,2,2,1,1,1,1,1,3
SF,IF2103,2020-10-19 09:32:40.100,4727.0000,22018,0,478653300.000,0,-,-,-,-,4725.2000,4725.0000,4721.0000,4720.0000,4719.0000,4727.0000,4729.0000,4730.0000,4732.0000,4733.0000,2,1,1,2,3,1,1,1,1,3
SF,IF2103,2020-10-19 09:32:40.600,4727.0000,22018,0,478653300.000,0,-,-,-,-,4725.6000,4725.4000,4725.2000,4725.0000,4721.0000,4726.8000,4727.0000,4729.0000,4730.0000,4732.0000,2,1,1,1,1,1,1,1,1,1
SF,IF2103,2020-10-19 09:32:41.100,4727.0000,22018,0,478653300.000,0,-,-,-,-,4725.6000,4725.4000,4721.0000,4720.0000,4719.0000,4726.8000,4727.0000,4729.0000,4730.0000,4732.0000,2,1,1,2,3,1,1,1,1,1
SF,IF2103,2020-10-19 09:32:41.600,4727.0000,22018,0,480071400.000,1,0,1,多换,S,4725.6000,4721.0000,4720.0000,4719.0000,4718.0000,4727.0000,4729.0000,4730.0000,4732.0000,4733.0000,2,1,2,3,1,1,1,1,1,3
SF,IF2103,2020-10-19 09:32:42.100,4727.0000,22018,0,480071400.000,0,-,-,-,-,4721.0000,4720.0000,4719.0000,4718.0000,4715.0000,4727.0000,4729.0000,4730.0000,4732.0000,4733.0000,1,2,3,1,2,1,1,1,1,3
SF,IF2103,2020-10-19 09:32:42.600,4727.0000,22018,0,480071400.000,0,-,-,-,-,4725.6000,4724.8000,4724.0000,4721.2000,4721.0000,4727.0000,4729.0000,4730.0000,4732.0000,4733.0000,1,1,1,4,1,1,1,1,1,3
SF,IF2103,2020-10-19 09:32:43.100,4727.0000,22018,0,480071400.000,0,-,-,-,-,4721.2000,4721.0000,4720.0000,4719.0000,4718.0000,4726.8000,4727.0000,4729.0000,4730.0000,4732.0000,3,2,2,3,1,1,1,1,1,1
SF,IF2103,2020-10-19 09:32:43.600,4727.0000,22018,0,480071400.000,0,-,-,-,-,4724.8000,4724.2000,4724.0000,4721.4000,4721.2000,4727.0000,4729.0000,4730.0000,4732.0000,4733.0000,2,5,1,1,3,1,1,1,1,3
SF,IF2103,2020-10-19 09:32:44.100,4727.0000,22018,0,480071400.000,0,-,-,-,-,4725.0000,4724.8000,4724.2000,4724.0000,4721.4000,4726.8000,4727.0000,4729.0000,4730.0000,4732.0000,1,2,5,1,1,2,1,1,2,1
SF,IF2103,2020-10-19 09:32:44.600,4726.8000,22019,1,481489440.000,1,1,0,双开,S,4725.2000,4725.0000,4724.8000,4724.2000,4724.0000,4726.8000,4727.0000,4729.0000,4730.0000,4732.0000,1,2,2,5,1,1,1,1,2,1
SF,IF2103,2020-10-19 09:32:45.100,4726.8000,22019,0,481489440.000,0,-,-,-,-,4726.0000,4725.2000,4725.0000,4724.8000,4721.2000,4726.8000,4727.0000,4729.0000,4730.0000,4732.0000,1,2,2,2,1,1,1,1,2,1
SF,IF2103,2020-10-19 09:32:45.600,4726.8000,22020,1,482907480.000,1,1,0,双开,S,4725.2000,4725.0000,4724.8000,4721.2000,4721.0000,4727.0000,4729.0000,4730.0000,4730.8000,4732.0000,2,2,2,1,1,1,1,2,2,1
SF,IF2103,2020-10-19 09:32:46.600,4726.8000,22020,0,482907480.000,0,-,-,-,-,4725.2000,4725.0000,4721.2000,4721.0000,4720.0000,4726.0000,4727.0000,4729.0000,4730.0000,4730.8000,1,1,1,1,2,1,1,1,2,2
SF,IF2103,2020-10-19 09:32:47.100,4726.0000,22019,-1,484325280.000,1,0,1,双平,S,4721.2000,4721.0000,4720.0000,4719.0000,4718.0000,4726.0000,4727.0000,4729.0000,4730.0000,4730.8000,1,1,2,3,1,1,2,1,2,2
SF,IF2103,2020-10-19 09:32:47.600,4726.0000,22019,0,488578680.000,3,1,2,多换,S,4724.8000,4724.4000,4724.2000,4723.8000,4723.6000,4725.2000,4726.0000,4727.0000,4729.0000,4730.0000,1,2,1,2,1,1,1,1,1,2
SF,IF2103,2020-10-19 09:32:48.100,4726.0000,22019,0,488578680.000,0,-,-,-,-,4723.0000,4721.4000,4721.2000,4721.0000,4720.0000,4725.2000,4726.0000,4727.0000,4729.0000,4730.0000,3,4,1,1,2,1,1,1,1,1
SF,IF2103,2020-10-19 09:32:48.600,4726.0000,22019,0,488578680.000,0,-,-,-,-,4724.6000,4724.0000,4723.2000,4723.0000,4721.4000,4725.2000,4726.0000,4727.0000,4729.0000,4730.0000,1,1,4,3,2,1,1,1,1,1
SF,IF2103,2020-10-19 09:32:49.100,4726.0000,22019,0,488578680.000,0,-,-,-,-,4724.8000,4724.6000,4723.2000,4723.0000,4721.4000,4725.2000,4727.0000,4729.0000,4730.0000,4730.8000,1,1,3,3,2,2,1,1,1,2
SF,IF2103,2020-10-19 09:32:49.600,4725.2000,22018,-1,489996240.000,1,0,1,双平,S,4724.8000,4723.2000,4721.4000,4721.2000,4721.0000,4725.2000,4727.0000,4729.0000,4730.0000,4730.8000,1,2,2,1,1,1,1,1,1,2
SF,IF2103,2020-10-19 09:32:50.100,4724.8000,22017,-1,492831240.000,2,0,2,多平,S,4723.2000,4721.4000,4721.2000,4721.0000,4720.0000,4727.0000,4729.0000,4730.0000,4730.8000,4732.0000,2,2,1,1,1,1,1,1,2,1
SF,IF2103,2020-10-19 09:32:50.600,4724.8000,22017,0,492831240.000,0,-,-,-,-,4724.4000,4723.8000,4723.6000,4723.4000,4723.2000,4726.8000,4727.0000,4729.0000,4730.0000,4730.8000,2,3,1,1,2,1,1,1,1,2
SF,IF2103,2020-10-19 09:32:51.100,4724.8000,22017,0,492831240.000,0,-,-,-,-,4724.6000,4723.4000,4723.2000,4721.4000,4721.2000,4724.8000,4726.8000,4727.0000,4729.0000,4730.0000,1,1,1,2,1,2,1,1,1,1
SF,IF2103,2020-10-19 09:32:51.600,4724.6000,22016,-1,497083500.000,3,1,2,多平,S,4724.8000,4723.4000,4723.2000,4721.4000,4721.2000,4726.8000,4727.0000,4729.0000,4730.0000,4730.8000,1,1,1,2,1,1,1,1,1,2
SF,IF2103,2020-10-19 09:32:52.100,4724.6000,22015,-1,498500880.000,1,0,1,双平,S,4723.2000,4721.4000,4721.2000,4721.0000,4720.0000,4724.4000,4726.6000,4726.8000,4727.0000,4729.0000,1,2,1,1,1,3,1,1,1,1
SF,IF2103,2020-10-19 09:32:52.600,4724.4000,22014,-1,499918200.000,1,0,1,双平,S,4723.6000,4723.4000,4721.4000,4721.2000,4721.0000,4724.4000,4726.6000,4726.8000,4727.0000,4729.0000,2,1,2,1,1,2,1,1,1,1
SF,IF2103,2020-10-19 09:32:53.100,4724.4000,22014,0,499918200.000,0,-,-,-,-,4723.4000,4721.4000,4721.2000,4721.0000,4720.0000,4724.4000,4724.8000,4726.6000,4726.8000,4727.0000,1,2,1,1,1,2,2,1,1,1
SF,IF2103,2020-10-19 09:32:53.600,4724.4000,22014,0,499918200.000,0,-,-,-,-,4721.4000,4721.2000,4721.0000,4720.0000,4719.0000,4724.4000,4724.8000,4726.6000,4726.8000,4727.0000,2,1,1,1,3,2,2,1,1,1
SF,IF2103,2020-10-19 09:32:54.100,4724.4000,22014,0,499918200.000,0,-,-,-,-,4721.8000,4721.6000,4721.4000,4721.2000,4721.0000,4724.2000,4724.4000,4724.8000,4726.8000,4727.0000,2,3,2,1,1,1,2,2,1,1
SF,IF2103,2020-10-19 09:32:54.600,4724.4000,22014,0,499918200.000,0,-,-,-,-,4722.0000,4721.8000,4721.6000,4721.4000,4721.2000,4724.2000,4724.4000,4724.8000,4726.8000,4727.0000,3,2,3,3,1,1,2,2,1,1
SF,IF2103,2020-10-19 09:32:55.100,4724.4000,22014,0,499918200.000,0,-,-,-,-,4722.0000,4721.8000,4721.6000,4721.4000,4721.2000,4724.2000,4724.4000,4724.8000,4726.8000,4727.0000,3,2,2,3,1,1,2,2,1,1
SF,IF2103,2020-10-19 09:32:55.600,4724.4000,22014,0,499918200.000,0,-,-,-,-,4722.0000,4721.6000,4721.4000,4721.2000,4720.0000,4723.0000,4724.2000,4724.4000,4724.8000,4726.8000,3,2,2,1,1,1,1,2,2,1
SF,IF2103,2020-10-19 09:32:56.100,4724.4000,22014,0,502752420.000,2,1,1,多换,S,4724.0000,4723.0000,4722.8000,4722.2000,4722.0000,4724.4000,4724.8000,4726.8000,4727.0000,4729.0000,1,3,1,1,2,1,2,1,1,1
SF,IF2103,2020-10-19 09:32:56.600,4724.0000,22014,0,504169620.000,1,0,1,多换,S,4723.0000,4722.2000,4722.0000,4721.6000,4721.4000,4724.4000,4724.8000,4726.8000,4727.0000,4729.0000,1,1,3,2,2,1,2,1,1,1
SF,IF2103,2020-10-19 09:32:57.100,4724.0000,22014,0,504169620.000,0,-,-,-,-,4723.0000,4722.2000,4722.0000,4721.6000,4721.4000,4724.2000,4724.4000,4724.8000,4727.0000,4729.0000,1,1,2,2,2,1,1,2,1,1
SF,IF2103,2020-10-19 09:32:57.600,4724.4000,22013,-1,507004200.000,2,0,2,多平,S,4723.2000,4723.0000,4722.0000,4721.6000,4721.4000,4724.8000,4727.0000,4729.0000,4730.0000,4730.8000,3,2,2,2,2,2,1,1,1,2
SF,IF2103,2020-10-19 09:32:58.100,4724.4000,22013,0,507004200.000,0,-,-,-,-,4723.2000,4723.0000,4722.0000,4721.6000,4721.4000,4724.8000,4727.0000,4729.0000,4730.0000,4730.8000,2,2,2,2,2,2,1,1,1,2
SF,IF2103,2020-10-19 09:32:58.600,4724.4000,22013,0,507004200.000,0,-,-,-,-,4723.4000,4723.0000,4722.0000,4721.6000,4721.4000,4724.4000,4724.8000,4727.0000,4729.0000,4730.0000,2,1,2,2,2,1,2,1,1,1
SF,IF2103,2020-10-19 09:32:59.100,4724.4000,22014,1,508421520.000,1,1,0,双开,S,4723.4000,4723.0000,4722.0000,4721.6000,4720.0000,4724.8000,4727.0000,4729.0000,4730.0000,4730.8000,2,1,2,2,1,2,1,1,1,2
SF,IF2103,2020-10-19 09:33:00.600,4724.4000,22014,0,508421520.000,0,-,-,-,-,4723.8000,4723.4000,4723.0000,4722.0000,4721.6000,4724.8000,4727.0000,4729.0000,4730.0000,4730.8000,1,2,1,2,2,2,1,1,1,2
SF,IF2103,2020-10-19 09:33:01.100,4724.8000,22013,-1,511256400.000,2,0,2,多平,S,4725.0000,4724.2000,4724.0000,4723.8000,4723.6000,4727.0000,4729.0000,4730.0000,4730.8000,4732.0000,1,1,2,1,2,1,1,1,2,1
SF,IF2103,2020-10-19 09:33:01.600,4724.8000,22013,0,511256400.000,0,-,-,-,-,4725.2000,4725.0000,4724.8000,4724.0000,4723.8000,4727.0000,4729.0000,4730.0000,4730.8000,4732.0000,2,1,1,1,2,1,1,1,2,1
SF,IF2103,2020-10-19 09:33:02.100,4724.8000,22013,0,511256400.000,0,-,-,-,-,4725.2000,4725.0000,4724.0000,4723.8000,4723.6000,4727.0000,4729.0000,4730.0000,4730.8000,4732.0000,2,1,1,1,2,1,1,1,2,1
SF,IF2103,2020-10-19 09:33:02.600,4724.8000,22013,0,511256400.000,0,-,-,-,-,4725.6000,4725.4000,4725.2000,4724.0000,4723.6000,4727.0000,4730.0000,4730.8000,4732.0000,4733.0000,1,1,2,1,2,1,1,2,1,3
SF,IF2103,2020-10-19 09:33:03.100,4727.0000,22014,1,512674500.000,1,1,0,双开,S,4725.8000,4725.6000,4725.4000,4725.2000,4724.0000,4730.0000,4730.8000,4732.0000,4733.0000,4736.6000,1,1,1,1,1,1,2,1,3,1
SF,IF2103,2020-10-19 09:33:03.600,4727.0000,22014,0,512674500.000,0,-,-,-,-,4726.0000,4725.8000,4725.6000,4723.0000,4721.6000,4728.0000,4729.2000,4729.8000,4730.0000,4730.8000,2,1,1,1,1,1,3,1,3,2
SF,IF2103,2020-10-19 09:33:04.100,4727.0000,22014,0,512674500.000,0,-,-,-,-,4726.0000,4723.0000,4722.6000,4721.6000,4720.0000,4727.8000,4728.0000,4730.0000,4730.8000,4732.0000,1,1,1,1,1,1,1,2,2,1
SF,IF2103,2020-10-19 09:33:04.600,4727.0000,22014,0,512674500.000,0,-,-,-,-,4726.2000,4726.0000,4723.0000,4722.6000,4721.6000,4727.8000,4728.0000,4730.0000,4730.8000,4732.0000,1,1,1,1,1,1,1,2,2,1
SF,IF2103,2020-10-19 09:33:05.100,4727.6000,22011,-3,516929340.000,3,0,3,双平,S,4726.2000,4726.0000,4723.0000,4722.6000,4721.6000,4727.8000,4728.0000,4730.0000,4730.8000,4732.0000,1,1,1,1,1,1,1,2,2,1
SF,IF2103,2020-10-19 09:33:05.600,4727.6000,22011,0,516929340.000,0,-,-,-,-,4726.2000,4726.0000,4723.0000,4722.6000,4721.6000,4727.8000,4728.0000,4730.0000,4730.8000,4732.0000,1,1,1,1,1,1,1,2,2,1
SF,IF2103,2020-10-19 09:33:06.100,4727.6000,22011,0,516929340.000,0,-,-,-,-,4727.8000,4726.4000,4726.2000,4726.0000,4723.0000,4728.0000,4730.0000,4730.8000,4732.0000,4733.0000,3,1,1,1,1,1,2,2,1,3
SF,IF2103,2020-10-19 09:33:06.600,4727.8000,22012,1,521184360.000,3,2,1,空开,S,4726.2000,4726.0000,4722.6000,4721.6000,4720.0000,4728.0000,4730.0000,4730.8000,4732.0000,4733.0000,1,1,1,1,1,1,2,2,1,3
SF,IF2103,2020-10-19 09:33:07.100,4727.8000,22012,0,521184360.000,0,-,-,-,-,4726.2000,4726.0000,4722.6000,4721.6000,4720.0000,4727.4000,4727.8000,4728.0000,4730.0000,4730.8000,1,1,1,1,1,3,2,1,1,2
SF,IF2103,2020-10-19 09:33:07.600,4727.4000,22012,0,522602580.000,1,0,1,多换,S,4726.4000,4726.2000,4722.6000,4721.6000,4720.0000,4727.4000,4727.8000,4728.0000,4730.0000,4730.8000,1,1,1,1,1,2,1,1,1,2
SF,IF2103,2020-10-19 09:33:08.100,4726.4000,22012,0,524020500.000,1,0,1,多换,S,4722.6000,4721.6000,4720.0000,4719.6000,4719.0000,4727.4000,4727.8000,4728.0000,4730.0000,4730.8000,1,1,1,1,3,2,1,1,1,2
SF,IF2103,2020-10-19 09:33:08.600,4726.4000,22012,0,524020500.000,0,-,-,-,-,4723.0000,4722.8000,4722.6000,4721.6000,4720.0000,4727.4000,4730.0000,4730.8000,4732.0000,4733.0000,1,3,1,1,1,3,1,2,1,3
SF,IF2103,2020-10-19 09:33:09.100,4726.4000,22012,0,524020500.000,0,-,-,-,-,4724.2000,4723.6000,4723.4000,4723.2000,4723.0000,4727.2000,4727.4000,4730.0000,4730.8000,4732.0000,2,3,1,4,1,1,3,1,2,1
SF,IF2103,2020-10-19 09:33:09.600,4726.4000,22012,0,524020500.000,0,-,-,-,-,4724.4000,4723.2000,4723.0000,4722.8000,4722.6000,4727.0000,4727.2000,4727.4000,4730.0000,4730.8000,1,3,1,1,1,1,1,3,1,2
SF,IF2103,2020-10-19 09:33:10.100,4726.8000,22011,-1,525438540.000,1,0,1,双平,S,4724.6000,4723.2000,4723.0000,4722.8000,4722.6000,4727.0000,4727.4000,4730.0000,4730.8000,4732.0000,2,1,1,1,1,1,3,1,2,1
SF,IF2103,2020-10-19 09:33:10.600,4726.8000,22011,0,525438540.000,0,-,-,-,-,4724.8000,4723.2000,4723.0000,4722.8000,4722.6000,4727.0000,4727.4000,4730.0000,4730.8000,4732.0000,1,1,1,1,1,1,3,1,2,1
SF,IF2103,2020-10-19 09:33:11.100,4724.8000,22011,0,526855980.000,1,0,1,多换,S,4723.2000,4722.8000,4722.6000,4721.6000,4720.0000,4726.4000,4726.8000,4727.0000,4727.4000,4730.0000,1,1,1,1,1,1,4,1,3,1
SF,IF2103,2020-10-19 09:33:11.600,4723.4000,22010,-1,528273000.000,1,0,1,双平,S,4723.2000,4722.8000,4722.6000,4721.6000,4720.0000,4726.2000,4726.4000,4726.8000,4727.4000,4730.0000,1,1,1,1,1,2,1,4,2,1
SF,IF2103,2020-10-19 09:33:12.100,4723.4000,22010,0,528273000.000,0,-,-,-,-,4723.6000,4723.2000,4722.6000,4721.6000,4720.0000,4726.2000,4726.4000,4726.8000,4727.4000,4730.0000,2,1,1,1,1,2,1,4,2,1
SF,IF2103,2020-10-19 09:33:12.600,4726.2000,22009,-1,532525740.000,3,1,2,多平,S,4722.6000,4721.6000,4720.0000,4719.6000,4719.0000,4726.2000,4726.4000,4726.8000,4727.4000,4730.0000,1,1,1,1,3,1,1,4,2,1
SF,IF2103,2020-10-19 09:33:13.100,4726.2000,22009,0,532525740.000,0,-,-,-,-,4723.8000,4723.0000,4722.8000,4722.6000,4721.6000,4726.2000,4727.4000,4730.0000,4730.8000,4732.0000,1,1,2,1,1,2,2,1,2,1
SF,IF2103,2020-10-19 09:33:13.600,4726.2000,22009,0,532525740.000,0,-,-,-,-,4724.0000,4723.8000,4723.0000,4722.8000,4722.6000,4726.0000,4726.2000,4727.4000,4730.0000,4730.8000,1,1,1,1,1,1,2,2,1,2
SF,IF2103,2020-10-19 09:33:14.100,4726.2000,22009,0,533943600.000,1,0,1,多换,S,4724.0000,4723.8000,4723.0000,4722.8000,4722.6000,4725.8000,4726.2000,4727.4000,4730.0000,4730.8000,1,1,1,1,1,1,1,2,1,2
SF,IF2103,2020-10-19 09:33:14.600,4726.2000,22009,0,533943600.000,0,-,-,-,-,4724.0000,4723.0000,4722.8000,4722.6000,4721.6000,4726.2000,4727.4000,4730.0000,4730.8000,4732.0000,1,1,1,1,1,1,2,1,2,1
SF,IF2103,2020-10-19 09:33:15.100,4726.2000,22009,0,533943600.000,0,-,-,-,-,4724.2000,4724.0000,4723.0000,4722.8000,4722.6000,4726.2000,4727.4000,4730.0000,4730.8000,4732.0000,1,2,1,1,1,1,2,1,2,1
SF,IF2103,2020-10-19 09:33:15.600,4726.2000,22009,0,533943600.000,0,-,-,-,-,4724.4000,4724.2000,4724.0000,4723.0000,4722.8000,4726.2000,4727.4000,4730.0000,4730.8000,4732.0000,1,1,1,1,1,1,2,1,2,1
SF,IF2103,2020-10-19 09:33:16.100,4726.2000,22009,0,533943600.000,0,-,-,-,-,4724.4000,4724.2000,4723.0000,4722.8000,4722.6000,4726.2000,4727.4000,4730.0000,4730.8000,4732.0000,2,2,1,1,1,1,2,1,2,1
SF,IF2103,2020-10-19 09:33:16.600,4726.2000,22009,0,533943600.000,0,-,-,-,-,4724.4000,4724.2000,4723.0000,4722.8000,4722.6000,4726.2000,4727.4000,4730.0000,4730.8000,4732.0000,3,1,1,1,1,1,2,1,2,1
SF,IF2103,2020-10-19 09:33:17.100,4726.2000,22009,0,533943600.000,0,-,-,-,-,4724.8000,4724.6000,4724.4000,4724.2000,4722.8000,4726.2000,4727.4000,4730.0000,4730.8000,4732.0000,1,1,3,1,1,1,2,1,2,1
SF,IF2103,2020-10-19 09:33:17.600,4726.2000,22009,0,535361460.000,1,0,1,多换,S,4726.4000,4726.2000,4725.6000,4725.4000,4725.0000,4727.4000,4730.0000,4730.8000,4732.0000,4733.0000,1,1,2,1,4,2,1,2,1,3
SF,IF2103,2020-10-19 09:33:18.100,4726.2000,22009,0,535361460.000,0,-,-,-,-,4726.4000,4725.0000,4724.8000,4724.6000,4724.2000,4727.4000,4730.0000,4730.8000,4732.0000,4733.0000,1,1,2,2,1,2,1,2,1,3
SF,IF2103,2020-10-19 09:33:18.600,4726.2000,22009,0,535361460.000,0,-,-,-,-,4726.4000,4726.2000,4725.0000,4724.8000,4724.6000,4727.4000,4730.0000,4730.8000,4732.0000,4733.0000,2,1,1,1,2,2,1,2,1,3
SF,IF2103,2020-10-19 09:33:19.100,4726.2000,22009,0,535361460.000,0,-,-,-,-,4726.6000,4726.4000,4726.2000,4725.0000,4724.8000,4727.4000,4730.0000,4730.8000,4732.0000,4733.0000,1,2,1,1,1,2,1,2,1,3
SF,IF2103,2020-10-19 09:33:19.600,4727.4000,22009,0,538197900.000,2,1,1,多换,S,4726.6000,4726.4000,4726.2000,4725.0000,4724.8000,4730.0000,4730.8000,4732.0000,4733.0000,4736.6000,1,1,1,1,1,1,2,1,3,1
SF,IF2103,2020-10-19 09:33:20.100,4727.4000,22009,0,538197900.000,0,-,-,-,-,4727.4000,4726.4000,4726.2000,4725.0000,4724.8000,4729.2000,4729.8000,4730.0000,4730.8000,4732.0000,1,1,1,1,1,1,2,2,2,1
SF,IF2103,2020-10-19 09:33:20.600,4725.0000,22007,-2,543869460.000,4,1,3,多平,S,4724.8000,4724.6000,4722.8000,4722.6000,4721.6000,4725.0000,4729.0000,4729.2000,4729.8000,4730.0000,1,1,1,1,1,2,1,1,1,2
SF,IF2103,2020-10-19 09:33:21.100,4725.0000,22005,-2,546704460.000,2,0,2,双平,S,4726.4000,4725.4000,4725.2000,4725.0000,4724.8000,4729.0000,4729.2000,4729.8000,4730.0000,4730.8000,1,5,1,6,1,1,2,1,2,2
SF,IF2103,2020-10-19 09:33:21.600,4726.4000,22005,0,548122380.000,1,0,1,多换,S,4725.0000,4724.6000,4722.8000,4722.6000,4721.6000,4728.8000,4729.0000,4729.2000,4730.0000,4730.8000,1,1,1,1,1,2,1,2,2,2
SF,IF2103,2020-10-19 09:33:22.100,4726.4000,22005,0,548122380.000,0,-,-,-,-,4725.0000,4722.8000,4722.6000,4721.6000,4720.0000,4727.8000,4728.6000,4728.8000,4729.0000,4729.2000,1,1,1,1,2,1,2,2,1,1
SF,IF2103,2020-10-19 09:33:22.600,4726.4000,22005,0,548122380.000,0,-,-,-,-,4725.2000,4722.8000,4722.6000,4721.6000,4720.0000,4727.6000,4728.6000,4728.8000,4729.2000,4730.0000,1,1,1,1,2,2,2,1,1,1
SF,IF2103,2020-10-19 09:33:23.100,4725.2000,22004,-1,549539940.000,1,0,1,双平,S,4722.8000,4722.6000,4721.6000,4720.0000,4719.6000,4727.6000,4727.8000,4728.6000,4729.2000,4730.0000,1,1,1,2,1,2,2,1,1,1
SF,IF2103,2020-10-19 09:33:23.600,4725.2000,22004,0,549539940.000,0,-,-,-,-,4724.6000,4724.0000,4723.8000,4723.2000,4723.0000,4727.4000,4727.6000,4728.6000,4729.2000,4730.0000,2,2,1,1,3,1,2,1,1,1
SF,IF2103,2020-10-19 09:33:24.100,4725.2000,22004,0,549539940.000,0,-,-,-,-,4724.8000,4724.6000,4724.0000,4723.8000,4723.2000,4727.2000,4727.4000,4728.6000,4730.0000,4730.8000,1,2,2,1,1,2,1,1,1,2
SF,IF2103,2020-10-19 09:33:24.600,4725.2000,22004,0,549539940.000,0,-,-,-,-,4724.8000,4724.6000,4723.2000,4723.0000,4722.8000,4727.2000,4727.4000,4728.6000,4730.0000,4730.8000,1,1,1,3,1,1,1,1,1,2
SF,IF2103,2020-10-19 09:33:25.100,4725.2000,22004,0,549539940.000,0,-,-,-,-,4725.4000,4725.0000,4724.8000,4724.6000,4723.2000,4727.2000,4728.6000,4730.0000,4730.8000,4732.0000,2,1,1,1,1,1,1,1,2,1
SF,IF2103,2020-10-19 09:33:25.600,4725.2000,22004,0,549539940.000,0,-,-,-,-,4725.6000,4725.4000,4725.2000,4725.0000,4723.2000,4727.2000,4730.0000,4730.8000,4732.0000,4733.0000,1,2,1,1,1,2,1,2,1,3
SF,IF2103,2020-10-19 09:33:26.100,4725.2000,22004,0,549539940.000,0,-,-,-,-,4725.6000,4725.4000,4725.2000,4725.0000,4723.2000,4727.2000,4730.0000,4730.8000,4732.0000,4733.0000,1,2,1,1,1,1,1,2,1,3
SF,IF2103,2020-10-19 09:33:26.600,4725.2000,22004,0,549539940.000,0,-,-,-,-,4725.6000,4725.4000,4725.2000,4725.0000,4723.2000,4727.2000,4730.0000,4730.8000,4732.0000,4733.0000,2,2,1,1,1,1,1,2,1,3
SF,IF2103,2020-10-19 09:33:27.600,4725.2000,22004,0,549539940.000,0,-,-,-,-,4725.6000,4725.4000,4725.2000,4723.2000,4723.0000,4727.2000,4730.0000,4730.8000,4732.0000,4733.0000,2,2,1,1,2,1,1,2,1,3
SF,IF2103,2020-10-19 09:33:28.100,4725.2000,22004,0,549539940.000,0,-,-,-,-,4725.6000,4725.4000,4725.2000,4723.2000,4723.0000,4727.2000,4730.0000,4730.8000,4732.0000,4733.0000,2,2,1,1,2,1,1,2,1,3
SF,IF2103,2020-10-19 09:33:28.600,4725.2000,22000,-4,558046260.000,6,1,5,多平,S,4723.2000,4723.0000,4722.8000,4722.6000,4721.6000,4730.0000,4730.8000,4732.0000,4733.0000,4736.6000,1,2,1,1,1,1,2,1,3,1
SF,IF2103,2020-10-19 09:33:29.100,4725.2000,22000,0,558046260.000,0,-,-,-,-,4725.4000,4724.8000,4724.6000,4723.4000,4723.2000,4729.2000,4729.4000,4729.6000,4729.8000,4730.0000,1,3,1,3,1,1,3,2,1,4
SF,IF2103,2020-10-19 09:33:29.600,4725.2000,22000,0,558046260.000,0,-,-,-,-,4725.6000,4725.4000,4724.8000,4724.6000,4723.4000,4729.0000,4729.2000,4729.4000,4730.0000,4730.8000,2,1,3,1,1,1,1,3,3,2
SF,IF2103,2020-10-19 09:33:30.100,4725.2000,22000,0,558046260.000,0,-,-,-,-,4725.6000,4725.4000,4724.8000,4724.6000,4723.4000,4729.0000,4729.2000,4729.4000,4730.0000,4730.8000,2,2,3,1,1,1,1,3,2,2
SF,IF2103,2020-10-19 09:33:30.600,4725.2000,22000,0,558046260.000,0,-,-,-,-,4725.8000,4725.6000,4725.4000,4725.0000,4724.8000,4729.0000,4729.2000,4729.4000,4730.0000,4730.8000,1,2,1,5,3,1,1,1,2,2
SF,IF2103,2020-10-19 09:33:31.100,4725.2000,22000,0,558046260.000,0,-,-,-,-,4726.0000,4725.4000,4725.0000,4724.8000,4724.6000,4728.6000,4729.0000,4729.2000,4729.4000,4730.0000,1,1,5,3,1,1,1,1,1,2
SF,IF2103,2020-10-19 09:33:31.600,4725.2000,22000,0,558046260.000,0,-,-,-,-,4726.0000,4725.4000,4725.0000,4724.8000,4724.6000,4728.4000,4729.0000,4729.2000,4729.4000,4730.0000,1,1,5,3,1,1,1,1,1,2
SF,IF2103,2020-10-19 09:33:32.100,4725.2000,22000,0,558046260.000,0,-,-,-,-,4726.0000,4725.4000,4725.0000,4724.8000,4724.6000,4728.4000,4728.6000,4729.2000,4729.4000,4730.0000,1,1,5,3,1,1,1,1,1,2
SF,IF2103,2020-10-19 09:33:32.600,4725.2000,22000,0,558046260.000,0,-,-,-,-,4726.0000,4725.6000,4725.0000,4723.4000,4723.2000,4727.2000,4727.8000,4728.2000,4728.4000,4729.4000,1,3,5,1,1,3,2,1,2,1
SF,IF2103,2020-10-19 09:33:33.100,4725.2000,22000,0,558046260.000,0,-,-,-,-,4725.6000,4725.0000,4723.4000,4723.2000,4723.0000,4727.0000,4727.8000,4728.2000,4728.4000,4729.4000,3,5,1,1,2,1,2,1,1,1
SF,IF2103,2020-10-19 09:33:34.100,4725.6000,22000,0,562299300.000,3,1,2,多换,S,4725.0000,4723.4000,4723.2000,4723.0000,4722.8000,4727.0000,4727.8000,4728.2000,4729.4000,4730.0000,5,1,1,2,1,2,2,1,1,1
SF,IF2103,2020-10-19 09:33:34.600,4725.6000,22000,0,562299300.000,0,-,-,-,-,4725.2000,4725.0000,4723.4000,4723.2000,4723.0000,4726.4000,4726.8000,4727.0000,4727.8000,4728.2000,1,5,1,1,2,1,2,2,1,1
SF,IF2103,2020-10-19 09:33:35.100,4725.6000,22000,0,562299300.000,0,-,-,-,-,4725.0000,4723.4000,4723.2000,4722.8000,4722.6000,4726.2000,4727.0000,4727.8000,4728.2000,4730.0000,5,1,1,1,2,1,1,1,1,1
SF,IF2103,2020-10-19 09:33:36.100,4725.6000,22000,0,562299300.000,0,-,-,-,-,4725.0000,4723.4000,4722.6000,4721.6000,4720.0000,4726.2000,4726.4000,4727.8000,4728.2000,4730.0000,5,1,2,1,2,2,1,1,1,1
SF,IF2103,2020-10-19 09:33:36.600,4725.0000,22000,0,566551800.000,3,1,2,多换,S,4725.0000,4723.4000,4722.6000,4721.6000,4720.0000,4726.2000,4726.4000,4727.8000,4728.2000,4730.0000,2,1,2,1,2,2,1,1,1,1
SF,IF2103,2020-10-19 09:33:37.100,4725.0000,22000,0,569386800.000,2,1,1,多换,S,4722.6000,4721.6000,4720.0000,4719.6000,4719.0000,4725.8000,4726.2000,4726.4000,4727.8000,4728.2000,2,1,2,1,3,1,1,1,1,1
SF,IF2103,2020-10-19 09:33:37.600,4725.0000,22000,0,569386800.000,0,-,-,-,-,4723.0000,4722.8000,4722.6000,4721.6000,4720.0000,4725.6000,4727.8000,4730.0000,4730.8000,4732.0000,1,5,2,1,2,1,1,1,2,1
SF,IF2103,2020-10-19 09:33:38.100,4725.0000,22000,0,569386800.000,0,-,-,-,-,4723.2000,4723.0000,4722.8000,4722.6000,4721.6000,4725.6000,4727.8000,4730.0000,4730.8000,4732.0000,2,1,4,2,1,1,1,1,2,1
SF,IF2103,2020-10-19 09:33:38.600,4725.6000,21999,-1,572222160.000,2,0,2,多平,S,4723.6000,4723.2000,4723.0000,4722.8000,4722.6000,4727.8000,4730.0000,4730.8000,4732.0000,4733.0000,1,6,1,2,2,1,1,2,1,3
SF,IF2103,2020-10-19 09:33:39.100,4725.6000,21999,0,572222160.000,0,-,-,-,-,4724.6000,4723.8000,4723.4000,4723.2000,4722.8000,4727.6000,4727.8000,4730.0000,4730.8000,4732.0000,1,3,1,1,2,1,2,1,2,1
SF,IF2103,2020-10-19 09:33:39.600,4725.6000,21999,0,572222160.000,0,-,-,-,-,4724.8000,4723.6000,4723.2000,4722.8000,4722.6000,4727.6000,4727.8000,4730.0000,4730.8000,4732.0000,2,1,1,2,2,1,2,1,2,1
SF,IF2103,2020-10-19 09:33:40.100,4725.6000,21999,0,572222160.000,0,-,-,-,-,4724.8000,4724.6000,4723.2000,4722.8000,4722.6000,4727.6000,4727.8000,4730.0000,4730.8000,4732.0000,2,1,1,2,2,1,1,1,2,1
SF,IF2103,2020-10-19 09:33:40.600,4725.0000,21998,-1,573639660.000,1,0,1,双平,S,4724.8000,4723.2000,4722.8000,4722.6000,4721.6000,4727.6000,4727.8000,4730.0000,4730.8000,4732.0000,2,1,2,2,1,1,1,1,2,1
SF,IF2103,2020-10-19 09:33:42.100,4725.0000,21998,0,573639660.000,0,-,-,-,-,4724.8000,4723.2000,4722.8000,4722.6000,4721.6000,4727.6000,4730.0000,4730.8000,4732.0000,4733.0000,2,1,2,2,1,1,1,2,1,3
SF,IF2103,2020-10-19 09:33:44.100,4725.0000,21998,0,573639660.000,0,-,-,-,-,4725.0000,4724.8000,4723.2000,4722.8000,4722.6000,4727.6000,4730.0000,4730.8000,4732.0000,4733.0000,1,2,1,2,2,1,1,2,1,3
SF,IF2103,2020-10-19 09:33:44.600,4725.0000,21998,0,573639660.000,0,-,-,-,-,4725.2000,4725.0000,4723.2000,4722.8000,4722.6000,4727.6000,4730.0000,4730.8000,4732.0000,4733.0000,2,1,1,2,2,1,1,2,1,3
SF,IF2103,2020-10-19 09:33:45.100,4725.0000,21998,0,573639660.000,0,-,-,-,-,4725.2000,4725.0000,4723.2000,4722.8000,4722.6000,4730.0000,4730.8000,4732.0000,4733.0000,4736.6000,2,1,1,2,2,1,2,1,3,1
SF,IF2103,2020-10-19 09:33:45.600,4725.0000,21998,0,573639660.000,0,-,-,-,-,4725.2000,4725.0000,4723.2000,4722.8000,4722.6000,4728.6000,4729.2000,4729.4000,4729.8000,4730.0000,2,1,1,2,2,1,1,3,2,3
SF,IF2103,2020-10-19 09:33:46.100,4725.0000,21998,0,573639660.000,0,-,-,-,-,4725.2000,4725.0000,4723.2000,4722.8000,4722.6000,4728.4000,4728.6000,4729.2000,4729.4000,4729.8000,2,1,1,2,2,1,1,1,3,2
SF,IF2103,2020-10-19 09:33:46.600,4725.0000,21998,0,573639660.000,0,-,-,-,-,4725.2000,4725.0000,4723.2000,4722.8000,4722.6000,4728.4000,4729.2000,4729.4000,4729.8000,4730.0000,2,1,1,2,2,1,1,3,1,2
SF,IF2103,2020-10-19 09:33:48.100,4725.0000,21998,0,573639660.000,0,-,-,-,-,4725.2000,4725.0000,4723.2000,4722.8000,4722.6000,4728.4000,4729.2000,4729.4000,4729.8000,4730.0000,2,1,1,2,2,1,1,3,1,2
SF,IF2103,2020-10-19 09:33:48.600,4725.0000,21998,0,573639660.000,0,-,-,-,-,4725.4000,4725.2000,4723.2000,4722.8000,4722.6000,4728.4000,4729.2000,4729.4000,4729.8000,4730.0000,3,2,1,2,2,1,1,3,1,2
SF,IF2103,2020-10-19 09:33:49.100,4725.0000,21998,0,573639660.000,0,-,-,-,-,4725.6000,4725.4000,4723.2000,4722.8000,4722.6000,4728.4000,4729.2000,4729.4000,4729.8000,4730.0000,3,3,1,2,2,1,1,3,1,2
SF,IF2103,2020-10-19 09:33:49.600,4725.0000,21998,0,573639660.000,0,-,-,-,-,4725.6000,4723.2000,4722.8000,4722.6000,4721.6000,4728.4000,4729.2000,4729.4000,4729.8000,4730.0000,3,1,2,2,1,2,1,3,1,2
SF,IF2103,2020-10-19 09:33:50.100,4725.0000,21998,0,573639660.000,0,-,-,-,-,4725.8000,4725.6000,4723.2000,4722.8000,4722.6000,4728.4000,4729.2000,4729.4000,4729.8000,4730.0000,1,3,1,2,2,1,1,1,1,2
SF,IF2103,2020-10-19 09:33:50.600,4725.0000,21998,0,573639660.000,0,-,-,-,-,4726.0000,4725.8000,4725.6000,4723.2000,4722.8000,4728.4000,4729.2000,4729.4000,4729.8000,4730.0000,2,1,1,1,2,1,1,1,1,2
SF,IF2103,2020-10-19 09:33:51.100,4725.0000,21998,0,573639660.000,0,-,-,-,-,4726.0000,4725.8000,4725.6000,4723.2000,4722.8000,4728.4000,4729.2000,4729.4000,4729.8000,4730.0000,2,1,1,1,2,1,1,1,1,2
SF,IF2103,2020-10-19 09:33:51.600,4728.4000,21997,-1,575058180.000,1,0,1,双平,S,4728.4000,4726.0000,4725.8000,4725.6000,4723.2000,4729.2000,4729.4000,4729.8000,4730.0000,4730.8000,1,2,1,1,1,1,1,1,2,2
SF,IF2103,2020-10-19 09:33:52.100,4728.4000,21996,-1,576476700.000,1,0,1,双平,S,4726.4000,4726.2000,4726.0000,4725.6000,4725.0000,4729.8000,4730.0000,4730.8000,4732.0000,4733.0000,2,1,2,1,5,1,2,2,1,3
SF,IF2103,2020-10-19 09:33:52.600,4728.4000,21996,0,576476700.000,0,-,-,-,-,4726.6000,4726.4000,4726.2000,4725.6000,4725.0000,4730.0000,4730.8000,4732.0000,4733.0000,4736.6000,2,2,1,1,5,2,2,1,3,1
SF,IF2103,2020-10-19 09:33:53.100,4728.4000,21996,0,576476700.000,0,-,-,-,-,4726.8000,4726.6000,4725.0000,4723.2000,4722.8000,4730.0000,4730.8000,4732.0000,4733.0000,4736.6000,2,4,5,1,2,2,2,1,3,1
SF,IF2103,2020-10-19 09:33:53.600,4728.4000,21996,0,576476700.000,0,-,-,-,-,4727.4000,4727.0000,4726.8000,4726.6000,4725.0000,4730.0000,4730.8000,4732.0000,4733.0000,4736.6000,2,4,2,2,5,1,2,1,3,1
SF,IF2103,2020-10-19 09:33:54.100,4728.4000,21996,0,576476700.000,0,-,-,-,-,4727.8000,4727.6000,4727.4000,4727.0000,4726.6000,4730.0000,4730.8000,4732.0000,4733.0000,4736.6000,1,3,2,2,2,1,2,1,3,1
SF,IF2103,2020-10-19 09:33:54.600,4728.4000,21996,0,576476700.000,0,-,-,-,-,4728.0000,4727.8000,4727.6000,4727.4000,4727.0000,4730.0000,4730.8000,4732.0000,4733.0000,4736.6000,2,2,2,1,2,1,2,1,3,1
SF,IF2103,2020-10-19 09:33:55.100,4730.0000,21995,-1,577895700.000,1,0,1,双平,S,4728.2000,4728.0000,4727.6000,4727.0000,4726.6000,4730.8000,4732.0000,4733.0000,4736.6000,4736.8000,2,5,2,2,2,2,1,3,1,2
SF,IF2103,2020-10-19 09:33:55.600,4730.0000,21995,0,577895700.000,0,-,-,-,-,4728.4000,4728.2000,4727.6000,4726.6000,4725.0000,4730.0000,4730.4000,4730.6000,4730.8000,4732.0000,2,2,1,2,5,2,1,1,2,1
SF,IF2103,2020-10-19 09:33:56.100,4730.0000,21995,0,577895700.000,0,-,-,-,-,4728.4000,4728.2000,4727.6000,4726.6000,4725.0000,4730.6000,4730.8000,4732.0000,4733.0000,4736.6000,2,2,1,2,5,1,2,1,3,1
SF,IF2103,2020-10-19 09:33:56.600,4730.0000,21995,0,577895700.000,0,-,-,-,-,4728.4000,4727.6000,4726.6000,4725.0000,4722.6000,4730.8000,4732.0000,4733.0000,4736.6000,4736.8000,2,1,2,5,2,2,1,3,1,2
SF,IF2103,2020-10-19 09:33:57.100,4730.0000,21995,0,577895700.000,0,-,-,-,-,4728.6000,4728.4000,4726.6000,4725.0000,4722.6000,4730.8000,4732.0000,4733.0000,4736.6000,4736.8000,1,2,2,5,2,2,1,3,1,2
SF,IF2103,2020-10-19 09:33:57.600,4730.0000,21995,0,577895700.000,0,-,-,-,-,4728.8000,4728.6000,4725.0000,4722.6000,4721.6000,4730.6000,4730.8000,4732.0000,4733.0000,4736.6000,2,1,5,2,1,3,2,1,3,1
SF,IF2103,2020-10-19 09:33:58.100,4730.0000,21995,0,577895700.000,0,-,-,-,-,4728.8000,4725.0000,4722.6000,4721.6000,4720.0000,4729.8000,4730.0000,4730.4000,4730.6000,4730.8000,1,5,2,1,2,3,1,2,3,2
SF,IF2103,2020-10-19 09:33:58.600,4728.8000,21995,0,579314340.000,1,0,1,多换,S,4725.0000,4722.6000,4721.6000,4720.0000,4719.6000,4729.6000,4729.8000,4730.0000,4730.4000,4730.6000,5,2,1,2,1,1,3,1,3,1
SF,IF2103,2020-10-19 09:33:59.100,4729.4000,21994,-1,580733160.000,1,0,1,双平,S,4728.6000,4728.2000,4728.0000,4727.8000,4727.2000,4729.6000,4729.8000,4730.0000,4730.4000,4730.6000,4,2,6,1,1,2,3,1,2,1
SF,IF2103,2020-10-19 09:33:59.600,4728.6000,21991,-3,584988900.000,3,0,3,双平,S,4725.4000,4725.2000,4725.0000,4722.6000,4721.6000,4729.6000,4729.8000,4730.0000,4730.4000,4730.6000,1,4,5,2,1,1,3,1,2,1
SF,IF2103,2020-10-19 09:34:00.100,4728.6000,21991,0,584988900.000,0,-,-,-,-,4726.4000,4726.0000,4725.8000,4725.6000,4725.4000,4729.6000,4729.8000,4730.0000,4730.4000,4730.6000,1,1,3,4,1,1,3,1,2,1
SF,IF2103,2020-10-19 09:34:00.600,4728.6000,21991,0,584988900.000,0,-,-,-,-,4726.8000,4726.6000,4726.4000,4725.6000,4725.2000,4729.8000,4730.0000,4730.4000,4730.6000,4730.8000,1,5,1,1,2,3,1,2,1,2
SF,IF2103,2020-10-19 09:34:01.100,4729.8000,21992,1,586407840.000,1,1,0,双开,S,4727.0000,4726.8000,4726.6000,4726.4000,4725.6000,4729.8000,4730.4000,4730.8000,4732.0000,4733.0000,3,1,4,1,1,2,1,2,1,3
SF,IF2103,2020-10-19 09:34:01.600,4729.8000,21993,1,589245720.000,2,1,1,空开,S,4729.8000,4729.6000,4728.6000,4728.2000,4728.0000,4730.4000,4730.8000,4732.0000,4733.0000,4736.6000,1,2,1,2,3,1,2,1,3,1
SF,IF2103,2020-10-19 09:34:02.100,4730.4000,21992,-1,590664840.000,1,0,1,双平,S,4729.6000,4728.6000,4728.2000,4728.0000,4727.8000,4730.8000,4732.0000,4733.0000,4736.6000,4736.8000,2,1,2,3,1,2,1,3,1,2
SF,IF2103,2020-10-19 09:34:02.600,4730.4000,21992,0,590664840.000,0,-,-,-,-,4729.8000,4729.6000,4728.6000,4728.0000,4727.8000,4730.8000,4732.0000,4733.0000,4736.6000,4736.8000,1,2,1,3,1,2,1,3,1,2
SF,IF2103,2020-10-19 09:34:03.100,4730.4000,21992,0,590664840.000,0,-,-,-,-,4729.8000,4729.6000,4727.4000,4727.2000,4727.0000,4730.8000,4732.0000,4733.0000,4736.6000,4736.8000,1,2,1,1,4,2,1,3,1,2
SF,IF2103,2020-10-19 09:34:03.600,4730.4000,21992,0,590664840.000,0,-,-,-,-,4729.8000,4729.6000,4727.4000,4727.2000,4727.0000,4730.8000,4732.0000,4733.0000,4736.6000,4736.8000,1,2,1,1,4,2,1,3,1,2
SF,IF2103,2020-10-19 09:34:04.600,4730.8000,21990,-2,593503320.000,2,0,2,双平,S,4729.8000,4729.6000,4727.4000,4727.2000,4727.0000,4732.0000,4733.0000,4736.6000,4736.8000,4737.0000,1,2,1,1,4,1,3,1,2,1
SF,IF2103,2020-10-19 09:34:05.100,4730.8000,21990,0,593503320.000,0,-,-,-,-,4730.0000,4729.8000,4729.6000,4727.4000,4727.0000,4732.0000,4733.0000,4736.6000,4736.8000,4737.0000,1,1,2,1,3,3,3,1,2,1
SF,IF2103,2020-10-19 09:34:05.600,4730.8000,21990,0,593503320.000,0,-,-,-,-,4730.2000,4730.0000,4729.6000,4727.4000,4727.0000,4732.0000,4733.0000,4736.6000,4736.8000,4737.0000,1,1,2,1,3,1,3,1,2,1
SF,IF2103,2020-10-19 09:34:06.100,4730.4000,21988,-2,596342040.000,2,0,2,双平,S,4730.2000,4730.0000,4729.6000,4727.4000,4727.0000,4733.0000,4736.6000,4736.8000,4737.0000,4738.8000,1,1,2,2,3,3,1,2,1,5
SF,IF2103,2020-10-19 09:34:06.600,4730.4000,21988,0,596342040.000,0,-,-,-,-,4730.6000,4730.4000,4730.2000,4730.0000,4729.6000,4733.0000,4736.6000,4736.8000,4737.0000,4738.8000,1,1,1,1,2,3,1,2,1,5
SF,IF2103,2020-10-19 09:34:07.100,4733.0000,21989,1,597761940.000,1,1,0,双开,S,4730.8000,4730.6000,4730.2000,4730.0000,4729.6000,4733.0000,4736.6000,4736.8000,4737.0000,4738.8000,2,1,1,1,2,2,1,2,1,5
SF,IF2103,2020-10-19 09:34:07.600,4733.0000,21989,0,597761940.000,0,-,-,-,-,4730.8000,4730.6000,4730.0000,4729.6000,4727.4000,4733.0000,4736.6000,4736.8000,4737.0000,4738.8000,3,1,1,2,2,2,1,2,1,5
SF,IF2103,2020-10-19 09:34:08.100,4733.0000,21989,0,597761940.000,0,-,-,-,-,4730.8000,4730.6000,4730.0000,4729.6000,4727.4000,4733.0000,4736.6000,4736.8000,4737.0000,4738.8000,2,1,1,2,2,2,1,2,1,5
SF,IF2103,2020-10-19 09:34:08.600,4733.0000,21989,0,597761940.000,0,-,-,-,-,4730.8000,4730.6000,4730.0000,4729.6000,4727.4000,4733.0000,4736.6000,4736.8000,4737.0000,4738.8000,2,1,1,2,2,2,1,2,1,5
SF,IF2103,2020-10-19 09:34:09.100,4733.0000,21989,0,599181840.000,1,0,1,多换,S,4731.2000,4731.0000,4730.8000,4730.6000,4730.2000,4733.0000,4736.6000,4736.8000,4737.0000,4738.8000,1,1,1,1,1,1,1,2,1,5
SF,IF2103,2020-10-19 09:34:09.600,4733.0000,21990,1,600601740.000,1,1,0,双开,S,4733.4000,4731.4000,4731.2000,4731.0000,4730.8000,4736.6000,4736.8000,4737.0000,4738.8000,4739.0000,1,1,1,1,2,1,2,1,5,1
SF,IF2103,2020-10-19 09:34:10.100,4733.4000,21989,-1,603441780.000,2,0,2,多平,S,4733.0000,4731.0000,4730.2000,4730.0000,4729.6000,4734.4000,4734.6000,4734.8000,4735.0000,4735.8000,1,1,1,1,2,1,5,1,1,3
SF,IF2103,2020-10-19 09:34:10.600,4733.0000,21989,0,604861680.000,1,0,1,多换,S,4730.2000,4730.0000,4729.6000,4727.4000,4727.0000,4734.4000,4734.6000,4734.8000,4735.8000,4736.2000,1,1,2,1,3,1,3,1,3,7
SF,IF2103,2020-10-19 09:34:11.100,4733.0000,21989,0,604861680.000,0,-,-,-,-,4730.8000,4730.4000,4730.2000,4730.0000,4729.6000,4734.0000,4734.2000,4734.4000,4734.6000,4734.8000,1,3,1,1,2,1,2,2,3,1
SF,IF2103,2020-10-19 09:34:11.600,4733.0000,21989,0,604861680.000,0,-,-,-,-,4731.0000,4730.8000,4730.4000,4730.2000,4730.0000,4734.0000,4734.4000,4734.6000,4734.8000,4736.4000,2,1,2,1,1,1,1,3,1,1
SF,IF2103,2020-10-19 09:34:12.100,4733.0000,21989,0,604861680.000,0,-,-,-,-,4731.0000,4730.4000,4730.2000,4730.0000,4729.6000,4732.8000,4734.4000,4734.6000,4734.8000,4736.4000,2,1,1,1,2,3,1,3,1,1
SF,IF2103,2020-10-19 09:34:12.600,4732.8000,21989,0,609121200.000,3,1,2,多换,S,4731.4000,4731.0000,4730.4000,4730.2000,4730.0000,4734.4000,4734.6000,4734.8000,4736.4000,4736.6000,1,1,1,1,1,1,1,1,1,2
SF,IF2103,2020-10-19 09:34:13.100,4732.8000,21989,0,609121200.000,0,-,-,-,-,4731.6000,4731.4000,4730.4000,4730.2000,4730.0000,4734.2000,4734.4000,4734.6000,4734.8000,4736.4000,2,1,1,1,1,1,1,1,1,1
SF,IF2103,2020-10-19 09:34:13.600,4732.8000,21989,0,609121200.000,0,-,-,-,-,4731.6000,4730.4000,4730.2000,4730.0000,4729.6000,4734.2000,4734.4000,4734.6000,4734.8000,4736.4000,2,1,1,1,2,1,1,1,1,1
SF,IF2103,2020-10-19 09:34:14.100,4732.8000,21989,0,609121200.000,0,-,-,-,-,4731.6000,4730.2000,4730.0000,4729.6000,4727.4000,4734.2000,4734.4000,4734.6000,4734.8000,4736.4000,2,1,1,2,1,2,1,1,1,1
SF,IF2103,2020-10-19 09:34:14.600,4731.6000,21989,0,611960160.000,2,1,1,多换,S,4730.2000,4730.0000,4729.6000,4727.4000,4727.0000,4731.2000,4733.4000,4734.0000,4734.2000,4734.4000,1,1,2,1,3,2,1,2,2,1
SF,IF2103,2020-10-19 09:34:15.100,4731.2000,21989,0,614798880.000,2,1,1,多换,S,4730.2000,4730.0000,4729.6000,4727.4000,4727.0000,4733.4000,4734.0000,4734.2000,4734.4000,4734.6000,1,1,2,1,3,1,2,2,1,1
SF,IF2103,2020-10-19 09:34:15.600,4731.2000,21989,0,614798880.000,0,-,-,-,-,4730.4000,4730.2000,4730.0000,4729.6000,4727.4000,4731.4000,4733.2000,4733.4000,4734.0000,4734.2000,1,1,1,2,1,1,2,1,1,1
SF,IF2103,2020-10-19 09:34:16.100,4731.2000,21989,0,614798880.000,0,-,-,-,-,4730.4000,4730.2000,4730.0000,4729.6000,4727.4000,4731.4000,4733.2000,4733.4000,4734.0000,4734.6000,1,1,1,2,1,1,2,1,1,1
SF,IF2103,2020-10-19 09:34:16.600,4731.4000,21989,0,616218300.000,1,0,1,多换,S,4730.4000,4730.2000,4730.0000,4729.6000,4727.4000,4733.2000,4733.4000,4734.0000,4734.6000,4736.4000,1,1,1,2,1,2,1,1,1,1
SF,IF2103,2020-10-19 09:34:17.100,4731.4000,21989,0,616218300.000,0,-,-,-,-,4730.4000,4730.2000,4730.0000,4729.6000,4727.4000,4733.2000,4733.4000,4734.0000,4734.6000,4736.4000,1,1,1,2,1,2,2,1,1,1
SF,IF2103,2020-10-19 09:34:17.600,4731.4000,21989,0,616218300.000,0,-,-,-,-,4730.4000,4730.2000,4730.0000,4729.6000,4727.4000,4733.0000,4733.2000,4733.4000,4734.0000,4734.6000,1,1,1,2,1,1,2,1,1,1
SF,IF2103,2020-10-19 09:34:18.100,4731.4000,21989,0,616218300.000,0,-,-,-,-,4730.4000,4730.2000,4730.0000,4729.6000,4727.4000,4732.8000,4733.0000,4733.4000,4734.0000,4734.6000,1,1,1,2,1,2,1,1,1,1
SF,IF2103,2020-10-19 09:34:18.600,4731.4000,21989,0,616218300.000,0,-,-,-,-,4730.4000,4730.2000,4730.0000,4729.6000,4727.4000,4732.2000,4732.6000,4732.8000,4733.0000,4733.4000,1,1,1,2,1,1,3,2,1,1
SF,IF2103,2020-10-19 09:34:19.100,4731.4000,21989,0,616218300.000,0,-,-,-,-,4730.8000,4730.4000,4730.2000,4730.0000,4729.6000,4732.0000,4732.2000,4732.6000,4732.8000,4734.6000,1,1,1,1,2,2,2,4,1,1
SF,IF2103,2020-10-19 09:34:19.600,4731.4000,21989,0,616218300.000,0,-,-,-,-,4730.8000,4730.4000,4730.2000,4730.0000,4729.6000,4732.0000,4732.2000,4732.6000,4732.8000,4734.6000,1,1,1,1,2,1,1,3,1,1
SF,IF2103,2020-10-19 09:34:20.100,4731.4000,21989,0,616218300.000,0,-,-,-,-,4730.8000,4730.4000,4730.2000,4730.0000,4729.6000,4732.0000,4732.2000,4732.6000,4732.8000,4734.6000,1,1,1,1,2,1,1,3,1,1
SF,IF2103,2020-10-19 09:34:21.100,4732.0000,21989,0,617637900.000,1,0,1,多换,S,4730.8000,4730.4000,4730.2000,4730.0000,4727.4000,4732.2000,4732.6000,4732.8000,4734.6000,4736.4000,1,1,1,1,1,1,3,1,1,1
SF,IF2103,2020-10-19 09:34:22.100,4732.0000,21989,0,619057500.000,1,0,1,多换,S,4732.0000,4730.8000,4730.4000,4730.2000,4730.0000,4732.2000,4732.6000,4732.8000,4734.6000,4736.4000,1,1,1,1,1,1,3,1,1,1
