市场代码,合约代码,时间,最新,持仓,增仓,成交额,成交量,开仓,平仓,成交类型,方向,买一价,买二价,买三价,买四价,买五价,卖一价,卖二价,卖三价,卖四价,卖五价,买一量,买二量,买三量,买四量,买五量,卖一量,卖二量,卖三量,卖四量,卖五量
SF,IF2103,2020-09-15 09:29:00.100,4495.6000,10130,0,1348680.000,1.000,-,-,-,-,4484.2000,4482.4000,4481.6000,4480.8000,4480.6000,4499.6000,4500.0000,4504.0000,4507.0000,4508.4000,1,1,1,1,1,2,1,2,4,1
SF,IF2103,2020-09-15 09:30:00.100,4495.6000,10130,0,1348680.000,0,-,-,-,-,4490.4000,4488.2000,4484.2000,4482.4000,4481.6000,4491.8000,4496.4000,4496.6000,4498.6000,4499.6000,1,2,1,1,1,2,1,1,2,2
SF,IF2103,2020-09-15 09:30:00.600,4490.6000,10129,-1,2695860.000,1,0,1,双平,S,4490.4000,4481.6000,4480.8000,4479.0000,4477.0000,4491.4000,4491.8000,4496.4000,4496.6000,4498.6000,1,1,1,1,2,1,2,1,1,2
SF,IF2103,2020-09-15 09:30:01.100,4490.6000,10129,0,2695860.000,0,-,-,-,-,4481.6000,4479.0000,4477.0000,4476.4000,4470.0000,4491.6000,4496.4000,4496.6000,4498.6000,4499.6000,1,1,1,2,1,2,1,1,2,2
SF,IF2103,2020-09-15 09:30:01.600,4490.6000,10129,0,2695860.000,0,-,-,-,-,4490.0000,4488.4000,4487.6000,4486.0000,4484.0000,4491.4000,4491.6000,4496.4000,4496.6000,4498.6000,2,2,1,2,1,1,2,1,1,2
SF,IF2103,2020-09-15 09:30:02.100,4491.4000,10128,-1,4043280.000,1,0,1,双平,S,4488.4000,4486.0000,4483.6000,4481.8000,4481.6000,4491.6000,4496.4000,4496.6000,4498.6000,4499.4000,1,2,4,2,1,2,1,1,2,1
SF,IF2103,2020-09-15 09:30:02.600,4491.4000,10128,0,4043280.000,0,-,-,-,-,4488.6000,4488.4000,4486.0000,4483.6000,4481.6000,4491.2000,4491.4000,4491.6000,4496.4000,4496.6000,2,3,2,4,1,1,1,2,1,1
SF,IF2103,2020-09-15 09:30:03.100,4491.4000,10128,0,4043280.000,0,-,-,-,-,4488.6000,4483.6000,4481.6000,4479.0000,4476.4000,4491.6000,4496.4000,4496.6000,4498.6000,4499.0000,2,4,1,1,2,2,1,1,2,1
SF,IF2103,2020-09-15 09:30:03.600,4491.4000,10128,0,4043280.000,0,-,-,-,-,4490.2000,4488.6000,4488.4000,4483.6000,4476.4000,4491.6000,4496.4000,4496.6000,4498.6000,4499.0000,2,2,1,3,2,2,1,1,2,1
SF,IF2103,2020-09-15 09:30:04.100,4491.4000,10128,0,4043280.000,0,-,-,-,-,4488.6000,4483.6000,4470.0000,4451.4000,4451.0000,4491.6000,4496.4000,4496.6000,4498.6000,4499.0000,2,3,1,1,1,2,1,1,2,1
SF,IF2103,2020-09-15 09:30:04.600,4491.6000,10128,0,6738240.000,2,1,1,多换,S,4490.4000,4488.6000,4488.4000,4483.6000,4451.4000,4496.4000,4498.6000,4499.0000,4499.4000,4499.6000,2,2,1,3,1,1,2,1,1,2
SF,IF2103,2020-09-15 09:30:05.100,4490.6000,10128,0,9432600.000,2,1,1,多换,S,4483.6000,4451.4000,4451.0000,4435.0000,4400.0000,4488.6000,4493.8000,4494.0000,4494.8000,4495.4000,3,1,1,1,1,8,2,1,2,1
SF,IF2103,2020-09-15 09:30:05.600,4488.6000,10135,7,21551820.000,9,8,1,空开,S,4489.4000,4488.6000,4487.0000,4485.6000,4484.6000,4494.0000,4494.8000,4495.4000,4496.4000,4498.6000,1,2,2,1,1,1,1,1,1,2
SF,IF2103,2020-09-15 09:30:06.100,4488.6000,10135,0,21551820.000,0,-,-,-,-,4489.6000,4489.4000,4488.6000,4487.0000,4485.6000,4492.8000,4493.4000,4493.8000,4494.0000,4494.8000,1,1,1,2,1,1,2,1,1,1
SF,IF2103,2020-09-15 09:30:06.600,4488.6000,10135,0,21551820.000,0,-,-,-,-,4489.6000,4489.4000,4488.6000,4487.0000,4485.6000,4492.6000,4492.8000,4493.4000,4494.0000,4494.8000,1,1,1,2,1,1,1,2,1,1
SF,IF2103,2020-09-15 09:30:07.100,4488.6000,10135,0,21551820.000,0,-,-,-,-,4490.6000,4489.8000,4489.6000,4489.4000,4488.6000,4492.6000,4494.0000,4494.8000,4495.4000,4496.4000,1,1,1,1,1,1,1,1,1,1
SF,IF2103,2020-09-15 09:30:07.600,4488.6000,10135,0,21551820.000,0,-,-,-,-,4489.8000,4489.6000,4489.4000,4488.6000,4488.2000,4492.6000,4494.0000,4494.8000,4495.4000,4496.4000,1,1,1,1,1,1,1,1,1,1
SF,IF2103,2020-09-15 09:30:08.100,4488.6000,10135,0,21551820.000,0,-,-,-,-,4490.0000,4489.8000,4488.6000,4488.2000,4451.0000,4492.6000,4494.0000,4494.8000,4495.4000,4498.6000,1,1,2,1,1,1,1,1,1,2
SF,IF2103,2020-09-15 09:30:08.600,4488.6000,10135,0,21551820.000,0,-,-,-,-,4490.0000,4488.6000,4488.2000,4451.0000,4435.0000,4492.6000,4494.0000,4494.8000,4495.4000,4498.6000,1,1,1,1,1,1,1,1,1,2
SF,IF2103,2020-09-15 09:30:09.100,4488.6000,10135,0,21551820.000,0,-,-,-,-,4490.0000,4488.6000,4488.2000,4486.8000,4451.0000,4492.4000,4492.6000,4494.0000,4494.8000,4495.4000,1,1,1,2,1,1,1,1,1,1
SF,IF2103,2020-09-15 09:30:09.600,4488.6000,10135,0,21551820.000,0,-,-,-,-,4490.0000,4488.6000,4488.2000,4486.8000,4451.0000,4492.2000,4492.4000,4494.0000,4494.8000,4495.4000,1,1,1,2,1,1,1,1,1,1
SF,IF2103,2020-09-15 09:30:10.100,4490.0000,10134,-1,22898820.000,1,0,1,双平,S,4488.6000,4488.2000,4486.8000,4451.0000,4443.2000,4491.2000,4491.4000,4492.2000,4492.4000,4495.4000,1,1,2,1,12,1,1,1,1,1
SF,IF2103,2020-09-15 09:30:10.600,4490.0000,10134,0,22898820.000,0,-,-,-,-,4488.6000,4488.2000,4486.8000,4451.0000,4443.2000,4491.0000,4491.2000,4491.4000,4492.4000,4499.0000,2,1,2,1,12,2,1,1,1,1
SF,IF2103,2020-09-15 09:30:11.100,4488.6000,10134,0,24245400.000,1,0,1,多换,S,4488.6000,4486.8000,4451.0000,4443.2000,4435.0000,4490.8000,4491.0000,4491.2000,4491.4000,4492.4000,1,2,1,12,1,2,2,1,1,1
SF,IF2103,2020-09-15 09:30:11.600,4488.6000,10133,-1,25591980.000,1,0,1,双平,S,4486.8000,4451.0000,4443.2000,4435.0000,4400.0000,4490.8000,4491.0000,4491.2000,4491.4000,4492.4000,2,1,12,1,1,2,1,1,1,1
SF,IF2103,2020-09-15 09:30:12.100,4486.8000,10131,-2,28284060.000,2,0,2,双平,S,4487.0000,4451.0000,4443.2000,4435.0000,4400.0000,4490.6000,4490.8000,4491.2000,4491.4000,4492.4000,1,1,12,1,1,2,4,1,1,1
SF,IF2103,2020-09-15 09:30:12.600,4486.8000,10131,0,28284060.000,0,-,-,-,-,4487.0000,4451.0000,4443.2000,4435.0000,4400.0000,4490.6000,4491.2000,4491.4000,4492.4000,4499.0000,1,1,12,1,1,2,1,1,1,1
SF,IF2103,2020-09-15 09:30:13.100,4486.8000,10131,0,28284060.000,0,-,-,-,-,4451.0000,4443.2000,4435.0000,4400.0000,4383.2000,4490.6000,4491.2000,4491.4000,4492.4000,4499.0000,1,12,1,1,1,4,1,1,1,1
SF,IF2103,2020-09-15 09:30:13.600,4486.8000,10131,0,28284060.000,0,-,-,-,-,4486.8000,4486.2000,4484.6000,4484.0000,4483.6000,4489.4000,4490.6000,4491.2000,4491.4000,4492.4000,1,1,1,1,1,1,2,1,1,1
SF,IF2103,2020-09-15 09:30:14.100,4486.2000,10129,-2,30975960.000,2,0,2,双平,S,4485.2000,4484.6000,4484.0000,4483.6000,4482.8000,4489.2000,4489.4000,4491.2000,4491.4000,4492.4000,5,1,1,1,4,2,1,1,1,1
SF,IF2103,2020-09-15 09:30:14.600,4486.2000,10129,0,30975960.000,0,-,-,-,-,4486.2000,4484.6000,4484.0000,4483.6000,4482.8000,4489.2000,4489.4000,4491.2000,4491.4000,4492.4000,1,1,1,1,1,2,1,1,1,1
SF,IF2103,2020-09-15 09:30:15.100,4486.2000,10128,-1,32321820.000,1,0,1,双平,S,4484.6000,4484.0000,4483.6000,4482.8000,4482.4000,4489.2000,4489.4000,4491.2000,4491.4000,4492.4000,1,1,1,1,1,2,1,1,1,1
SF,IF2103,2020-09-15 09:30:15.600,4486.2000,10128,0,32321820.000,0,-,-,-,-,4484.8000,4484.6000,4484.0000,4483.6000,4482.8000,4488.4000,4489.2000,4489.4000,4491.4000,4492.4000,1,1,1,1,1,1,2,1,1,1
SF,IF2103,2020-09-15 09:30:16.100,4484.8000,10127,-1,33667260.000,1,0,1,双平,S,4484.6000,4484.0000,4483.6000,4482.8000,4482.4000,4488.2000,4488.4000,4491.4000,4492.4000,4496.0000,1,1,1,1,1,2,1,1,1,2
SF,IF2103,2020-09-15 09:30:16.600,4484.8000,10127,0,33667260.000,0,-,-,-,-,4482.8000,4482.4000,4480.2000,4479.2000,4476.8000,4488.2000,4488.4000,4491.4000,4492.4000,4496.0000,1,1,1,1,1,2,1,1,1,2
SF,IF2103,2020-09-15 09:30:17.100,4484.8000,10127,0,33667260.000,0,-,-,-,-,4482.8000,4482.4000,4480.2000,4479.2000,4476.8000,4488.0000,4488.2000,4488.4000,4491.4000,4492.4000,1,1,1,1,1,1,2,1,1,1
SF,IF2103,2020-09-15 09:30:17.600,4484.8000,10127,0,33667260.000,0,-,-,-,-,4484.0000,4483.6000,4482.8000,4482.4000,4480.2000,4487.8000,4488.0000,4488.4000,4491.4000,4492.4000,1,1,1,1,1,2,1,1,1,1
SF,IF2103,2020-09-15 09:30:18.100,4484.8000,10127,0,33667260.000,0,-,-,-,-,4483.4000,4482.8000,4482.4000,4480.2000,4479.2000,4487.8000,4488.4000,4491.4000,4492.4000,4496.0000,1,1,1,1,1,2,1,1,1,2
SF,IF2103,2020-09-15 09:30:18.600,4484.8000,10127,0,33667260.000,0,-,-,-,-,4482.8000,4482.4000,4480.2000,4479.2000,4476.8000,4487.8000,4488.4000,4491.4000,4492.4000,4496.0000,1,1,1,1,1,2,1,1,1,2
SF,IF2103,2020-09-15 09:30:19.100,4484.8000,10127,0,33667260.000,0,-,-,-,-,4484.0000,4483.6000,4482.8000,4482.4000,4480.2000,4487.8000,4491.4000,4492.4000,4496.0000,4499.0000,1,1,1,1,1,2,1,1,2,1
SF,IF2103,2020-09-15 09:30:19.600,4484.8000,10127,0,33667260.000,0,-,-,-,-,4484.6000,4484.0000,4483.8000,4483.6000,4482.8000,4487.8000,4491.4000,4492.4000,4496.0000,4499.0000,1,1,2,1,1,2,1,1,2,1
SF,IF2103,2020-09-15 09:30:20.100,4484.8000,10127,0,33667260.000,0,-,-,-,-,4484.6000,4484.0000,4483.8000,4483.6000,4482.8000,4487.8000,4491.4000,4492.4000,4496.0000,4499.0000,1,1,2,1,1,2,1,1,2,1
SF,IF2103,2020-09-15 09:30:20.600,4484.8000,10127,0,33667260.000,0,-,-,-,-,4484.8000,4484.6000,4484.0000,4483.6000,4482.8000,4487.8000,4491.4000,4492.4000,4496.0000,4499.0000,1,1,1,1,1,1,1,1,2,1
SF,IF2103,2020-09-15 09:30:21.100,4487.8000,10126,-1,35013600.000,1,0,1,双平,S,4484.8000,4484.6000,4484.0000,4483.6000,4482.8000,4491.4000,4492.4000,4496.0000,4499.0000,4499.4000,1,1,1,1,1,1,1,2,1,1
SF,IF2103,2020-09-15 09:30:21.600,4487.8000,10126,0,35013600.000,0,-,-,-,-,4484.8000,4484.6000,4484.0000,4483.6000,4482.8000,4490.6000,4491.2000,4491.4000,4492.4000,4494.6000,1,1,1,1,1,2,3,1,1,3
SF,IF2103,2020-09-15 09:30:22.100,4490.4000,10125,-1,36360720.000,1,0,1,双平,S,4484.8000,4484.6000,4484.0000,4483.6000,4482.8000,4491.2000,4491.4000,4492.4000,4494.6000,4496.0000,1,1,1,1,1,2,1,1,3,2
SF,IF2103,2020-09-15 09:30:22.600,4490.4000,10125,0,36360720.000,0,-,-,-,-,4484.8000,4484.6000,4484.0000,4483.6000,4482.8000,4490.8000,4491.0000,4491.2000,4491.4000,4492.4000,1,1,1,1,1,2,1,1,1,1
SF,IF2103,2020-09-15 09:30:23.100,4491.2000,10124,-1,37708080.000,1,0,1,双平,S,4485.6000,4484.8000,4484.6000,4484.0000,4483.6000,4491.4000,4492.4000,4494.6000,4496.0000,4499.0000,1,1,1,1,1,1,1,3,2,1
SF,IF2103,2020-09-15 09:30:23.600,4491.2000,10123,-1,39055440.000,1,0,1,双平,S,4485.8000,4485.6000,4484.6000,4484.0000,4483.6000,4490.8000,4491.0000,4491.2000,4491.4000,4492.4000,1,1,1,1,1,1,1,1,1,1
SF,IF2103,2020-09-15 09:30:24.100,4491.4000,10121,-2,41750220.000,2,0,2,双平,S,4485.8000,4485.6000,4485.0000,4484.6000,4484.0000,4492.4000,4494.6000,4496.0000,4499.0000,4499.4000,1,1,1,1,1,1,3,2,1,1
SF,IF2103,2020-09-15 09:30:24.600,4491.4000,10121,0,41750220.000,0,-,-,-,-,4486.6000,4486.0000,4485.8000,4485.6000,4484.6000,4491.0000,4491.6000,4492.2000,4492.4000,4494.6000,1,1,1,1,1,1,1,1,2,3
SF,IF2103,2020-09-15 09:30:25.100,4491.0000,10119,-2,44444820.000,2,0,2,双平,S,4486.8000,4486.6000,4486.0000,4485.6000,4484.6000,4491.6000,4492.4000,4494.6000,4496.0000,4499.0000,1,1,1,1,1,1,2,3,2,1
SF,IF2103,2020-09-15 09:30:25.600,4491.0000,10119,0,44444820.000,0,-,-,-,-,4486.8000,4486.0000,4485.6000,4484.6000,4484.0000,4491.4000,4491.6000,4492.4000,4494.6000,4496.0000,1,1,1,1,1,1,1,2,3,2
SF,IF2103,2020-09-15 09:30:26.100,4491.6000,10117,-2,47139720.000,2,0,2,双平,S,4486.8000,4485.6000,4484.6000,4483.6000,4482.4000,4491.0000,4492.4000,4494.6000,4496.0000,4499.0000,1,1,1,1,1,2,2,3,2,1
SF,IF2103,2020-09-15 09:30:26.600,4491.6000,10117,0,47139720.000,0,-,-,-,-,4488.0000,4487.8000,4486.8000,4485.6000,4483.6000,4491.0000,4492.4000,4494.6000,4496.0000,4499.0000,1,1,1,1,1,2,2,3,2,1
SF,IF2103,2020-09-15 09:30:27.100,4491.0000,10116,-1,48487020.000,1,0,1,双平,S,4488.2000,4485.6000,4483.6000,4482.4000,4476.8000,4492.4000,4494.6000,4496.0000,4499.0000,4499.4000,1,1,1,1,1,2,3,2,1,1
SF,IF2103,2020-09-15 09:30:27.600,4491.0000,10116,0,48487020.000,0,-,-,-,-,4488.2000,4485.6000,4483.6000,4482.4000,4476.8000,4492.2000,4492.4000,4494.6000,4496.0000,4499.0000,1,1,1,1,1,1,2,3,2,1
SF,IF2103,2020-09-15 09:30:28.100,4492.2000,10114,-2,51182280.000,2,0,2,双平,S,4488.2000,4485.6000,4483.6000,4482.4000,4476.8000,4492.4000,4494.0000,4494.6000,4496.0000,4499.0000,1,1,1,1,1,2,1,3,2,1
SF,IF2103,2020-09-15 09:30:28.600,4492.2000,10114,0,51182280.000,0,-,-,-,-,4488.2000,4485.6000,4484.8000,4483.6000,4482.4000,4492.0000,4492.4000,4494.0000,4494.6000,4496.0000,1,1,2,1,1,1,2,1,3,2
SF,IF2103,2020-09-15 09:30:29.100,4492.0000,10114,0,52529880.000,1,0,1,多换,S,4488.2000,4485.6000,4484.8000,4483.6000,4482.4000,4492.4000,4494.0000,4494.6000,4496.0000,4499.0000,1,1,2,1,1,2,1,3,2,1
SF,IF2103,2020-09-15 09:30:29.600,4492.0000,10114,0,52529880.000,0,-,-,-,-,4488.2000,4485.6000,4484.8000,4483.6000,4482.4000,4491.6000,4492.4000,4494.0000,4496.0000,4499.0000,1,1,2,1,1,2,2,1,2,1
SF,IF2103,2020-09-15 09:30:30.100,4491.6000,10114,0,53877360.000,1,0,1,多换,S,4488.2000,4485.6000,4484.8000,4483.6000,4482.4000,4492.2000,4492.4000,4494.0000,4496.0000,4499.0000,1,1,2,1,1,1,2,1,2,1
SF,IF2103,2020-09-15 09:30:30.600,4491.6000,10114,0,53877360.000,0,-,-,-,-,4488.2000,4485.6000,4484.8000,4483.6000,4482.4000,4492.2000,4492.4000,4496.0000,4499.0000,4499.4000,1,1,2,1,1,1,2,2,1,1
SF,IF2103,2020-09-15 09:30:31.100,4491.8000,10113,-1,55224900.000,1,0,1,双平,S,4488.2000,4485.6000,4484.8000,4483.6000,4482.4000,4492.2000,4492.4000,4496.0000,4499.0000,4499.4000,1,1,2,1,1,1,2,2,1,1
SF,IF2103,2020-09-15 09:30:31.600,4491.8000,10113,0,55224900.000,0,-,-,-,-,4488.6000,4488.2000,4485.6000,4484.8000,4483.6000,4491.8000,4492.2000,4492.4000,4496.0000,4499.0000,1,1,1,2,1,1,1,2,2,1
SF,IF2103,2020-09-15 09:30:32.100,4491.8000,10113,0,55224900.000,0,-,-,-,-,4488.6000,4485.6000,4484.8000,4483.6000,4482.4000,4491.6000,4492.2000,4492.4000,4496.0000,4499.0000,2,1,2,1,1,2,1,2,2,1
SF,IF2103,2020-09-15 09:30:32.600,4491.8000,10113,0,55224900.000,0,-,-,-,-,4488.6000,4485.6000,4484.8000,4483.6000,4482.4000,4491.4000,4491.6000,4492.2000,4492.4000,4496.0000,1,1,2,1,1,4,2,1,2,2
SF,IF2103,2020-09-15 09:30:33.100,4488.6000,10112,-1,56571480.000,1,0,1,双平,S,4485.6000,4484.8000,4482.4000,4476.8000,4451.2000,4490.2000,4491.0000,4491.2000,4491.4000,4492.2000,1,2,1,1,2,2,1,1,4,1
SF,IF2103,2020-09-15 09:30:33.600,4488.6000,10112,0,56571480.000,0,-,-,-,-,4485.6000,4484.8000,4482.4000,4476.8000,4451.2000,4490.0000,4490.2000,4490.8000,4491.0000,4491.2000,1,2,1,1,2,1,2,1,2,1
SF,IF2103,2020-09-15 09:30:34.100,4488.6000,10112,0,56571480.000,0,-,-,-,-,4486.4000,4485.6000,4484.8000,4482.4000,4476.8000,4489.0000,4490.0000,4490.2000,4490.8000,4491.0000,1,1,2,1,1,1,2,2,1,2
SF,IF2103,2020-09-15 09:30:34.600,4488.6000,10112,0,56571480.000,0,-,-,-,-,4486.4000,4485.6000,4484.8000,4482.4000,4476.8000,4488.8000,4489.0000,4490.2000,4490.8000,4491.0000,1,1,2,1,1,1,1,2,1,2
SF,IF2103,2020-09-15 09:30:35.100,4488.6000,10112,0,56571480.000,0,-,-,-,-,4486.6000,4486.4000,4485.6000,4484.8000,4482.4000,4488.8000,4489.0000,4490.2000,4490.8000,4491.0000,1,2,1,2,1,1,1,2,1,2
SF,IF2103,2020-09-15 09:30:35.600,4488.6000,10112,0,56571480.000,0,-,-,-,-,4486.6000,4486.4000,4485.6000,4484.8000,4482.4000,4488.8000,4489.0000,4490.8000,4491.0000,4491.2000,1,1,1,2,1,1,1,1,1,1
SF,IF2103,2020-09-15 09:30:36.100,4488.6000,10112,0,56571480.000,0,-,-,-,-,4486.8000,4486.6000,4485.6000,4484.8000,4482.4000,4488.8000,4489.0000,4490.8000,4491.0000,4491.2000,1,1,1,2,1,1,1,1,1,1
SF,IF2103,2020-09-15 09:30:36.600,4488.6000,10112,0,56571480.000,0,-,-,-,-,4486.8000,4485.6000,4484.8000,4482.4000,4480.0000,4488.8000,4489.0000,4490.8000,4491.0000,4491.2000,1,1,2,1,1,1,1,1,1,1
SF,IF2103,2020-09-15 09:30:37.100,4486.8000,10111,-1,57917520.000,1,0,1,双平,S,4484.8000,4484.4000,4482.4000,4480.0000,4476.8000,4488.6000,4488.8000,4490.8000,4491.0000,4491.2000,2,1,1,1,1,1,1,1,1,1
SF,IF2103,2020-09-15 09:30:37.600,4486.8000,10111,0,57917520.000,0,-,-,-,-,4484.8000,4484.4000,4482.4000,4480.0000,4476.8000,4487.6000,4488.4000,4488.6000,4490.8000,4491.0000,2,1,1,1,1,1,1,1,1,1
SF,IF2103,2020-09-15 09:30:38.100,4486.8000,10111,0,57917520.000,0,-,-,-,-,4484.8000,4480.0000,4476.8000,4451.2000,4451.0000,4487.4000,4487.6000,4488.0000,4488.6000,4490.8000,2,1,1,2,1,1,1,1,1,1
SF,IF2103,2020-09-15 09:30:38.600,4486.8000,10111,0,57917520.000,0,-,-,-,-,4484.8000,4480.0000,4476.8000,4451.2000,4451.0000,4487.4000,4487.6000,4488.0000,4488.6000,4490.8000,2,1,1,2,1,1,1,1,1,1
SF,IF2103,2020-09-15 09:30:39.100,4486.8000,10111,0,57917520.000,0,-,-,-,-,4484.8000,4480.0000,4476.8000,4451.2000,4451.0000,4487.0000,4487.4000,4487.6000,4488.6000,4490.8000,2,1,1,2,1,1,1,1,1,1
SF,IF2103,2020-09-15 09:30:39.600,4486.8000,10111,0,57917520.000,0,-,-,-,-,4484.8000,4483.0000,4480.0000,4476.8000,4451.2000,4487.4000,4487.6000,4488.6000,4490.8000,4491.0000,2,1,1,1,2,1,1,1,1,1
SF,IF2103,2020-09-15 09:30:40.100,4486.8000,10111,0,57917520.000,0,-,-,-,-,4485.0000,4484.8000,4483.0000,4480.0000,4476.8000,4487.6000,4488.6000,4490.8000,4491.0000,4491.2000,1,2,1,1,1,1,1,1,1,1
SF,IF2103,2020-09-15 09:30:40.600,4486.8000,10111,0,57917520.000,0,-,-,-,-,4485.0000,4484.8000,4480.0000,4476.8000,4451.2000,4487.6000,4488.6000,4490.8000,4491.0000,4491.2000,1,2,1,1,2,1,1,1,1,1
SF,IF2103,2020-09-15 09:30:41.100,4486.8000,10111,0,57917520.000,0,-,-,-,-,4485.0000,4484.8000,4480.0000,4476.8000,4451.2000,4487.4000,4487.6000,4488.6000,4490.8000,4491.0000,1,2,1,1,2,1,1,1,1,1
SF,IF2103,2020-09-15 09:30:41.600,4485.0000,10111,0,59263020.000,1,0,1,多换,S,4484.8000,4480.0000,4476.8000,4451.2000,4451.0000,4487.2000,4487.6000,4488.6000,4490.8000,4491.0000,2,1,1,2,1,1,1,1,1,1
SF,IF2103,2020-09-15 09:30:42.100,4485.0000,10111,0,59263020.000,0,-,-,-,-,4484.8000,4480.0000,4476.8000,4451.2000,4451.0000,4487.2000,4487.6000,4488.6000,4490.8000,4491.0000,2,1,1,2,1,2,1,1,1,1
SF,IF2103,2020-09-15 09:30:42.600,4485.0000,10111,0,59263020.000,0,-,-,-,-,4484.8000,4480.0000,4476.8000,4451.2000,4451.0000,4487.2000,4487.6000,4488.6000,4490.8000,4491.0000,2,1,1,2,1,2,1,1,1,1
SF,IF2103,2020-09-15 09:30:43.100,4485.0000,10111,0,59263020.000,0,-,-,-,-,4485.0000,4484.8000,4480.0000,4476.8000,4451.2000,4487.0000,4487.2000,4487.6000,4488.6000,4490.8000,1,2,1,1,2,1,2,1,1,1
SF,IF2103,2020-09-15 09:30:43.600,4485.0000,10111,0,59263020.000,0,-,-,-,-,4485.0000,4484.8000,4480.0000,4476.8000,4451.2000,4487.0000,4487.2000,4487.6000,4488.6000,4490.8000,1,2,1,1,2,1,1,1,1,1
SF,IF2103,2020-09-15 09:30:44.100,4485.0000,10111,0,59263020.000,0,-,-,-,-,4485.0000,4484.8000,4480.0000,4476.8000,4451.2000,4486.8000,4487.0000,4487.2000,4487.6000,4488.6000,1,2,1,1,2,1,1,1,1,1
SF,IF2103,2020-09-15 09:30:45.100,4485.0000,10111,0,59263020.000,0,-,-,-,-,4485.0000,4484.8000,4480.0000,4476.8000,4451.2000,4487.0000,4487.2000,4487.6000,4488.6000,4490.8000,1,2,1,1,2,1,1,1,1,1
SF,IF2103,2020-09-15 09:30:45.600,4485.0000,10111,0,59263020.000,0,-,-,-,-,4485.0000,4484.8000,4480.0000,4476.8000,4451.2000,4487.2000,4487.6000,4488.6000,4490.8000,4491.0000,1,2,1,1,2,1,1,1,1,1
SF,IF2103,2020-09-15 09:30:46.100,4485.0000,10111,0,59263020.000,0,-,-,-,-,4485.0000,4484.8000,4481.0000,4480.0000,4476.8000,4487.2000,4487.6000,4488.6000,4490.8000,4491.0000,1,2,1,1,1,1,1,1,1,1
SF,IF2103,2020-09-15 09:30:47.100,4485.0000,10111,0,59263020.000,0,-,-,-,-,4486.4000,4485.0000,4484.8000,4480.0000,4476.8000,4487.2000,4487.6000,4488.6000,4490.8000,4491.0000,1,1,2,1,1,1,1,1,1,1
SF,IF2103,2020-09-15 09:30:47.600,4487.2000,10110,-1,60609180.000,1,0,1,双平,S,4486.4000,4485.2000,4485.0000,4484.8000,4480.0000,4488.6000,4490.8000,4491.0000,4491.2000,4491.4000,1,1,1,2,1,1,1,1,1,2
SF,IF2103,2020-09-15 09:30:48.100,4487.2000,10110,0,60609180.000,0,-,-,-,-,4486.4000,4485.2000,4485.0000,4484.8000,4480.0000,4488.6000,4490.8000,4491.0000,4491.2000,4491.4000,1,1,1,2,1,1,1,1,1,2
SF,IF2103,2020-09-15 09:30:49.100,4487.2000,10110,0,60609180.000,0,-,-,-,-,4486.4000,4485.0000,4484.8000,4480.0000,4451.2000,4488.6000,4491.0000,4491.2000,4491.4000,4492.2000,1,1,2,1,2,1,1,1,2,2
SF,IF2103,2020-09-15 09:30:49.600,4487.2000,10110,0,60609180.000,0,-,-,-,-,4486.6000,4486.4000,4485.0000,4484.8000,4480.0000,4488.6000,4491.2000,4491.4000,4492.2000,4493.0000,1,1,1,2,1,1,1,2,2,2
SF,IF2103,2020-09-15 09:30:50.100,4487.2000,10110,0,60609180.000,0,-,-,-,-,4486.6000,4486.4000,4485.0000,4484.8000,4480.0000,4488.6000,4491.2000,4491.4000,4492.2000,4493.0000,1,1,1,2,1,1,1,2,2,2
SF,IF2103,2020-09-15 09:30:51.100,4487.2000,10110,0,60609180.000,0,-,-,-,-,4486.6000,4486.4000,4485.0000,4484.8000,4480.0000,4488.6000,4489.6000,4491.2000,4491.4000,4492.2000,1,1,1,2,1,1,1,1,2,2
SF,IF2103,2020-09-15 09:30:51.600,4487.2000,10110,0,60609180.000,0,-,-,-,-,4486.8000,4486.6000,4486.4000,4484.8000,4480.0000,4488.6000,4489.6000,4491.2000,4491.4000,4492.2000,1,1,1,2,1,1,1,1,2,2
SF,IF2103,2020-09-15 09:30:52.100,4487.2000,10110,0,60609180.000,0,-,-,-,-,4486.8000,4486.6000,4486.4000,4484.8000,4480.0000,4489.6000,4491.2000,4491.4000,4492.2000,4493.0000,1,1,1,2,1,1,1,2,2,2
SF,IF2103,2020-09-15 09:30:52.600,4487.2000,10110,0,60609180.000,0,-,-,-,-,4487.0000,4486.6000,4486.4000,4484.8000,4480.0000,4489.6000,4491.2000,4491.4000,4492.2000,4493.0000,1,1,1,2,1,1,1,2,2,2
SF,IF2103,2020-09-15 09:30:53.100,4487.2000,10110,0,60609180.000,0,-,-,-,-,4487.0000,4486.4000,4484.8000,4480.0000,4451.2000,4489.6000,4491.2000,4491.4000,4492.2000,4493.0000,2,1,2,1,2,1,1,2,2,2
SF,IF2103,2020-09-15 09:30:53.600,4487.2000,10110,0,60609180.000,0,-,-,-,-,4487.2000,4487.0000,4486.4000,4484.8000,4480.0000,4489.4000,4489.6000,4491.2000,4491.4000,4492.2000,2,1,1,2,1,1,1,1,2,2
SF,IF2103,2020-09-15 09:30:54.100,4489.4000,10109,-1,61956000.000,1,0,1,双平,S,4487.2000,4487.0000,4486.4000,4484.8000,4480.0000,4489.6000,4491.2000,4491.4000,4492.2000,4493.0000,2,1,1,2,1,1,1,2,1,2
SF,IF2103,2020-09-15 09:30:54.600,4489.4000,10109,0,61956000.000,0,-,-,-,-,4487.8000,4487.4000,4487.2000,4486.4000,4484.8000,4489.6000,4491.2000,4491.4000,4492.2000,4493.0000,1,2,2,1,2,1,1,2,1,2
SF,IF2103,2020-09-15 09:30:55.100,4489.4000,10109,0,61956000.000,0,-,-,-,-,4487.8000,4487.4000,4487.2000,4486.4000,4484.8000,4489.6000,4491.2000,4491.4000,4492.2000,4493.0000,1,3,1,1,2,1,1,2,1,2
SF,IF2103,2020-09-15 09:30:55.600,4489.4000,10109,0,61956000.000,0,-,-,-,-,4487.4000,4487.2000,4486.4000,4484.8000,4480.0000,4489.6000,4491.2000,4491.4000,4492.2000,4493.0000,2,1,1,2,1,1,1,2,1,2
SF,IF2103,2020-09-15 09:30:57.100,4489.4000,10109,0,61956000.000,0,-,-,-,-,4487.4000,4486.4000,4484.8000,4480.0000,4451.2000,4489.6000,4491.2000,4491.4000,4492.2000,4493.0000,2,1,2,1,2,1,1,2,1,2
SF,IF2103,2020-09-15 09:30:57.600,4489.4000,10109,0,61956000.000,0,-,-,-,-,4487.4000,4486.4000,4484.8000,4480.0000,4451.2000,4489.6000,4491.2000,4491.4000,4492.2000,4493.0000,2,1,2,1,2,1,1,2,1,2
SF,IF2103,2020-09-15 09:30:58.600,4489.4000,10109,0,61956000.000,0,-,-,-,-,4487.4000,4486.4000,4484.8000,4480.0000,4451.2000,4489.6000,4491.2000,4491.4000,4492.2000,4493.0000,1,1,2,1,2,1,1,2,1,2
SF,IF2103,2020-09-15 09:30:59.100,4489.4000,10109,0,61956000.000,0,-,-,-,-,4487.4000,4486.4000,4484.8000,4480.0000,4451.2000,4489.4000,4489.6000,4491.4000,4492.2000,4493.0000,1,1,2,1,2,1,1,2,1,2
SF,IF2103,2020-09-15 09:31:01.100,4489.4000,10109,0,61956000.000,0,-,-,-,-,4487.4000,4486.4000,4484.8000,4480.0000,4451.2000,4489.4000,4489.6000,4491.4000,4492.2000,4493.0000,1,1,2,1,2,1,1,2,1,2
SF,IF2103,2020-09-15 09:31:01.600,4489.4000,10109,0,61956000.000,0,-,-,-,-,4487.4000,4486.4000,4484.8000,4480.0000,4451.2000,4489.4000,4489.6000,4491.4000,4492.2000,4493.0000,1,1,2,1,2,1,1,2,1,2
SF,IF2103,2020-09-15 09:31:02.100,4489.4000,10109,0,61956000.000,0,-,-,-,-,4487.4000,4486.4000,4484.8000,4480.0000,4451.2000,4489.4000,4489.6000,4491.4000,4492.2000,4493.0000,1,1,2,1,2,1,1,2,1,2
SF,IF2103,2020-09-15 09:31:02.600,4489.4000,10109,0,61956000.000,0,-,-,-,-,4487.4000,4486.4000,4484.8000,4480.0000,4451.2000,4489.4000,4489.6000,4491.4000,4492.2000,4493.0000,1,1,2,1,2,1,1,2,1,2
SF,IF2103,2020-09-15 09:31:03.600,4489.4000,10108,-1,63302820.000,1,0,1,双平,S,4487.4000,4486.4000,4484.8000,4480.0000,4451.2000,4489.6000,4491.4000,4492.2000,4493.0000,4494.0000,1,1,2,1,2,1,2,1,2,1
SF,IF2103,2020-09-15 09:31:04.600,4489.4000,10108,0,63302820.000,0,-,-,-,-,4487.4000,4486.4000,4484.8000,4480.0000,4451.2000,4489.6000,4491.4000,4492.2000,4493.0000,4494.0000,1,1,2,1,2,1,2,1,2,1
SF,IF2103,2020-09-15 09:31:05.100,4489.4000,10108,0,63302820.000,0,-,-,-,-,4487.4000,4486.4000,4484.8000,4480.0000,4451.2000,4489.6000,4491.4000,4492.2000,4493.0000,4494.0000,1,1,2,1,2,1,2,1,2,1
SF,IF2103,2020-09-15 09:31:05.600,4489.4000,10108,0,63302820.000,0,-,-,-,-,4487.4000,4486.4000,4484.8000,4480.0000,4451.2000,4489.6000,4491.4000,4492.2000,4493.0000,4494.0000,1,1,2,1,2,1,2,1,2,1
SF,IF2103,2020-09-15 09:31:06.100,4489.4000,10108,0,63302820.000,0,-,-,-,-,4487.4000,4486.4000,4484.8000,4480.0000,4451.2000,4489.6000,4491.4000,4492.2000,4493.0000,4494.0000,1,1,2,1,2,1,2,1,2,1
SF,IF2103,2020-09-15 09:31:06.600,4489.4000,10108,0,63302820.000,0,-,-,-,-,4487.4000,4486.4000,4484.8000,4484.0000,4480.0000,4489.6000,4491.4000,4492.2000,4493.0000,4494.0000,1,1,2,1,1,1,2,1,2,1
SF,IF2103,2020-09-15 09:31:08.100,4489.4000,10108,0,63302820.000,0,-,-,-,-,4487.4000,4486.4000,4484.8000,4484.0000,4480.0000,4489.4000,4489.6000,4491.4000,4492.2000,4493.0000,1,1,2,1,1,1,1,2,1,2
SF,IF2103,2020-09-15 09:31:08.600,4489.4000,10108,0,63302820.000,0,-,-,-,-,4487.4000,4486.4000,4484.8000,4484.0000,4480.0000,4487.6000,4489.4000,4489.6000,4491.4000,4492.2000,1,1,2,1,1,1,2,1,2,1
SF,IF2103,2020-09-15 09:31:09.100,4487.6000,10107,-1,67341660.000,3,1,2,多平,S,4486.4000,4484.8000,4484.0000,4480.0000,4451.2000,4489.4000,4489.6000,4491.4000,4492.2000,4493.0000,1,2,1,1,2,2,1,2,1,2
SF,IF2103,2020-09-15 09:31:09.600,4487.6000,10107,0,67341660.000,0,-,-,-,-,4486.6000,4486.4000,4484.8000,4484.0000,4480.0000,4489.4000,4489.6000,4491.4000,4492.2000,4493.0000,1,1,2,1,1,1,1,2,1,2
SF,IF2103,2020-09-15 09:31:10.600,4487.6000,10107,0,67341660.000,0,-,-,-,-,4486.6000,4486.4000,4484.8000,4484.0000,4480.0000,4489.4000,4489.6000,4491.4000,4491.8000,4492.2000,1,1,2,1,1,1,1,2,1,1
SF,IF2103,2020-09-15 09:31:11.600,4486.6000,10107,0,68687640.000,1,0,1,多换,S,4486.4000,4484.8000,4484.0000,4480.0000,4451.2000,4486.6000,4489.4000,4489.6000,4491.4000,4491.8000,1,2,1,1,2,1,1,1,2,1
SF,IF2103,2020-09-15 09:31:12.100,4486.6000,10107,0,70033620.000,1,0,1,多换,S,4486.4000,4484.8000,4484.0000,4480.0000,4451.2000,4489.4000,4489.6000,4491.4000,4491.8000,4492.2000,1,2,1,1,2,1,1,2,1,1
SF,IF2103,2020-09-15 09:31:12.600,4486.6000,10107,0,70033620.000,0,-,-,-,-,4486.6000,4486.4000,4484.8000,4484.0000,4480.0000,4489.2000,4489.4000,4489.6000,4491.4000,4491.8000,1,1,2,1,1,1,1,1,2,1
SF,IF2103,2020-09-15 09:31:13.100,4486.6000,10107,0,70033620.000,0,-,-,-,-,4486.6000,4486.4000,4484.8000,4484.0000,4480.0000,4488.0000,4489.0000,4489.2000,4489.4000,4489.6000,1,1,2,1,1,1,1,1,1,1
SF,IF2103,2020-09-15 09:31:13.600,4486.6000,10107,0,70033620.000,0,-,-,-,-,4486.4000,4484.8000,4484.0000,4480.0000,4451.2000,4489.0000,4489.2000,4489.4000,4489.6000,4491.4000,1,2,1,1,2,1,1,1,1,2
SF,IF2103,2020-09-15 09:31:14.100,4486.6000,10107,0,70033620.000,0,-,-,-,-,4487.2000,4486.4000,4484.8000,4484.0000,4480.0000,4488.8000,4489.0000,4489.4000,4489.6000,4491.4000,1,1,2,1,1,2,1,1,1,2
SF,IF2103,2020-09-15 09:31:14.600,4486.6000,10107,0,70033620.000,0,-,-,-,-,4487.2000,4486.4000,4484.8000,4484.0000,4480.0000,4488.0000,4488.8000,4489.0000,4489.4000,4489.6000,1,1,2,1,1,1,1,1,1,1
SF,IF2103,2020-09-15 09:31:15.100,4487.2000,10106,-1,71379780.000,1,0,1,双平,S,4486.4000,4484.8000,4484.0000,4480.0000,4451.2000,4488.0000,4488.8000,4489.0000,4489.4000,4489.6000,1,2,1,1,1,1,1,1,1,1
SF,IF2103,2020-09-15 09:31:15.600,4487.2000,10106,0,71379780.000,0,-,-,-,-,4486.4000,4484.8000,4484.0000,4480.0000,4451.2000,4488.0000,4488.8000,4489.4000,4489.6000,4491.4000,1,2,1,1,1,1,1,1,1,2
SF,IF2103,2020-09-15 09:31:16.100,4487.2000,10106,0,71379780.000,0,-,-,-,-,4486.4000,4484.8000,4484.0000,4480.0000,4451.2000,4487.8000,4488.0000,4489.4000,4489.6000,4491.4000,1,2,1,1,1,1,1,1,1,2
SF,IF2103,2020-09-15 09:31:16.600,4487.2000,10106,0,71379780.000,0,-,-,-,-,4486.4000,4484.8000,4484.0000,4480.0000,4451.2000,4487.8000,4488.0000,4489.4000,4489.6000,4491.4000,1,2,1,1,1,1,1,1,1,2
SF,IF2103,2020-09-15 09:31:17.100,4487.2000,10106,0,71379780.000,0,-,-,-,-,4486.4000,4484.8000,4484.0000,4480.0000,4451.2000,4487.8000,4488.0000,4489.4000,4489.6000,4491.4000,1,2,1,1,1,1,1,1,1,2
SF,IF2103,2020-09-15 09:31:17.600,4487.6000,10105,-1,72726060.000,1,0,1,双平,S,4486.4000,4484.8000,4484.0000,4480.0000,4451.2000,4487.8000,4488.0000,4489.4000,4489.6000,4491.4000,1,2,1,1,1,1,1,1,1,2
SF,IF2103,2020-09-15 09:31:18.100,4487.6000,10105,0,72726060.000,0,-,-,-,-,4486.4000,4484.8000,4484.0000,4480.0000,4451.2000,4488.0000,4489.4000,4489.6000,4491.4000,4492.2000,1,2,1,1,1,1,1,1,2,1
SF,IF2103,2020-09-15 09:31:18.600,4487.6000,10105,0,72726060.000,0,-,-,-,-,4486.4000,4484.8000,4484.0000,4480.0000,4451.2000,4489.4000,4489.6000,4491.4000,4492.2000,4493.0000,1,2,1,1,1,1,1,2,1,2
SF,IF2103,2020-09-15 09:31:19.100,4487.6000,10105,0,72726060.000,0,-,-,-,-,4486.4000,4484.8000,4484.0000,4480.0000,4451.2000,4489.2000,4489.4000,4489.6000,4491.4000,4492.2000,1,2,1,1,1,2,1,1,2,1
SF,IF2103,2020-09-15 09:31:19.600,4487.6000,10105,0,72726060.000,0,-,-,-,-,4486.4000,4484.8000,4484.0000,4480.0000,4451.2000,4488.0000,4489.2000,4489.4000,4489.6000,4491.4000,1,2,1,1,1,1,2,1,1,2
SF,IF2103,2020-09-15 09:31:20.100,4487.6000,10105,0,72726060.000,0,-,-,-,-,4486.4000,4484.8000,4484.0000,4480.0000,4451.2000,4489.2000,4489.4000,4489.6000,4491.4000,4492.2000,1,2,1,1,1,2,1,1,2,1
SF,IF2103,2020-09-15 09:31:20.600,4487.6000,10105,0,72726060.000,0,-,-,-,-,4486.4000,4484.8000,4484.0000,4480.0000,4451.2000,4489.0000,4489.2000,4489.4000,4489.6000,4491.4000,1,2,1,1,1,1,2,1,1,2
SF,IF2103,2020-09-15 09:31:21.100,4487.6000,10105,0,72726060.000,0,-,-,-,-,4486.6000,4486.4000,4484.8000,4484.0000,4480.0000,4488.8000,4489.0000,4489.4000,4489.6000,4491.4000,2,1,2,1,1,1,1,1,1,2
SF,IF2103,2020-09-15 09:31:23.100,4487.6000,10105,0,72726060.000,0,-,-,-,-,4486.6000,4486.4000,4484.8000,4484.0000,4480.0000,4488.0000,4488.8000,4489.0000,4489.4000,4489.6000,2,1,2,1,1,1,1,1,1,1
SF,IF2103,2020-09-15 09:31:23.600,4487.6000,10105,0,72726060.000,0,-,-,-,-,4486.8000,4486.6000,4486.4000,4484.8000,4484.0000,4488.8000,4489.0000,4489.4000,4489.6000,4491.4000,1,1,1,2,1,1,1,1,1,2
SF,IF2103,2020-09-15 09:31:24.100,4487.6000,10105,0,72726060.000,0,-,-,-,-,4487.0000,4486.8000,4486.4000,4484.8000,4484.0000,4488.8000,4489.0000,4489.4000,4489.6000,4491.4000,1,1,1,2,1,1,1,1,1,2
SF,IF2103,2020-09-15 09:31:24.600,4487.6000,10105,0,72726060.000,0,-,-,-,-,4487.0000,4486.8000,4486.4000,4484.8000,4484.0000,4489.0000,4489.4000,4489.6000,4491.4000,4492.2000,1,1,1,2,1,1,1,1,2,1
SF,IF2103,2020-09-15 09:31:25.600,4487.6000,10105,0,72726060.000,0,-,-,-,-,4487.4000,4487.0000,4486.8000,4486.4000,4484.8000,4489.0000,4489.4000,4489.6000,4491.4000,4492.2000,1,1,1,1,2,1,1,1,2,1
SF,IF2103,2020-09-15 09:31:26.100,4487.6000,10105,0,72726060.000,0,-,-,-,-,4487.6000,4487.4000,4486.8000,4486.4000,4484.8000,4489.0000,4489.4000,4489.6000,4491.4000,4492.2000,1,2,1,1,2,1,1,1,2,1
SF,IF2103,2020-09-15 09:31:26.600,4489.0000,10104,-1,74072760.000,1,0,1,双平,S,4487.6000,4487.4000,4486.8000,4486.4000,4484.8000,4489.4000,4489.6000,4491.4000,4492.2000,4493.0000,1,2,1,1,2,1,1,2,1,2
SF,IF2103,2020-09-15 09:31:27.100,4489.0000,10104,0,74072760.000,0,-,-,-,-,4487.6000,4487.4000,4486.8000,4486.4000,4484.8000,4489.4000,4489.6000,4491.4000,4492.2000,4493.0000,1,1,1,1,2,1,1,2,1,2
SF,IF2103,2020-09-15 09:31:27.600,4489.0000,10104,0,74072760.000,0,-,-,-,-,4487.6000,4487.4000,4486.8000,4486.4000,4484.8000,4489.4000,4489.6000,4491.4000,4492.2000,4493.0000,1,1,1,1,2,1,1,2,1,2
SF,IF2103,2020-09-15 09:31:28.600,4489.0000,10104,0,74072760.000,0,-,-,-,-,4487.6000,4487.4000,4486.4000,4484.8000,4480.0000,4489.4000,4489.6000,4491.4000,4492.2000,4493.0000,1,1,1,2,1,1,1,2,1,2
SF,IF2103,2020-09-15 09:31:29.100,4489.0000,10104,0,74072760.000,0,-,-,-,-,4487.4000,4486.4000,4484.8000,4480.0000,4451.2000,4489.2000,4489.4000,4489.6000,4491.4000,4492.2000,1,1,2,1,1,1,1,1,2,1
SF,IF2103,2020-09-15 09:31:29.600,4489.0000,10104,0,74072760.000,0,-,-,-,-,4487.4000,4486.4000,4484.8000,4480.0000,4451.2000,4489.2000,4489.4000,4489.6000,4491.4000,4492.2000,1,1,2,1,1,1,1,1,2,1
SF,IF2103,2020-09-15 09:31:30.100,4489.0000,10104,0,74072760.000,0,-,-,-,-,4487.4000,4486.4000,4484.8000,4480.0000,4451.2000,4489.2000,4489.4000,4489.6000,4491.4000,4492.2000,1,1,2,1,1,1,1,1,2,1
SF,IF2103,2020-09-15 09:31:30.600,4489.0000,10104,0,74072760.000,0,-,-,-,-,4487.4000,4486.4000,4484.8000,4480.0000,4451.2000,4489.2000,4489.4000,4489.6000,4491.4000,4492.2000,1,1,2,1,1,1,1,1,2,1
SF,IF2103,2020-09-15 09:31:32.600,4487.4000,10104,0,75418980.000,1,0,1,多换,S,4486.4000,4484.8000,4480.0000,4451.2000,4451.0000,4489.2000,4489.4000,4489.6000,4491.4000,4492.2000,1,2,1,1,1,1,1,1,2,1
SF,IF2103,2020-09-15 09:31:33.100,4487.4000,10104,0,75418980.000,0,-,-,-,-,4486.6000,4486.4000,4484.8000,4480.0000,4451.2000,4489.0000,4489.2000,4489.4000,4489.6000,4491.4000,1,1,2,1,1,1,1,1,1,2
SF,IF2103,2020-09-15 09:31:33.600,4487.4000,10104,0,75418980.000,0,-,-,-,-,4486.4000,4484.8000,4480.0000,4451.2000,4451.0000,4488.8000,4489.0000,4489.4000,4489.6000,4491.4000,1,2,1,1,1,1,1,1,1,2
SF,IF2103,2020-09-15 09:31:34.100,4487.4000,10104,0,75418980.000,0,-,-,-,-,4486.4000,4484.8000,4480.0000,4451.2000,4451.0000,4488.6000,4488.8000,4489.4000,4489.6000,4491.4000,1,2,1,1,1,1,1,1,1,2
SF,IF2103,2020-09-15 09:31:34.600,4487.4000,10104,0,75418980.000,0,-,-,-,-,4486.4000,4484.8000,4480.0000,4451.2000,4451.0000,4488.4000,4488.6000,4489.4000,4489.6000,4491.4000,1,2,1,1,1,1,1,1,1,2
SF,IF2103,2020-09-15 09:31:35.100,4487.4000,10104,0,75418980.000,0,-,-,-,-,4486.4000,4484.8000,4480.0000,4462.6000,4451.2000,4488.4000,4488.6000,4489.4000,4489.6000,4491.4000,1,2,1,1,1,1,1,1,1,2
SF,IF2103,2020-09-15 09:31:35.600,4487.4000,10104,0,75418980.000,0,-,-,-,-,4486.6000,4486.4000,4484.8000,4480.0000,4462.6000,4488.4000,4488.6000,4489.4000,4489.6000,4491.4000,2,1,2,1,1,1,1,1,1,2
SF,IF2103,2020-09-15 09:31:37.100,4487.4000,10104,0,75418980.000,0,-,-,-,-,4487.0000,4486.6000,4486.4000,4484.8000,4480.0000,4488.4000,4488.6000,4489.4000,4489.6000,4491.4000,1,3,1,2,1,1,1,1,1,2
SF,IF2103,2020-09-15 09:31:37.600,4487.4000,10104,0,75418980.000,0,-,-,-,-,4487.0000,4486.6000,4486.4000,4484.8000,4480.0000,4489.4000,4489.6000,4491.4000,4492.2000,4493.0000,1,3,1,2,1,1,1,2,1,2
SF,IF2103,2020-09-15 09:31:38.100,4487.4000,10104,0,75418980.000,0,-,-,-,-,4487.2000,4487.0000,4486.6000,4486.4000,4484.8000,4489.4000,4489.6000,4491.4000,4492.2000,4493.0000,2,1,1,1,2,1,1,2,1,2
SF,IF2103,2020-09-15 09:31:39.100,4487.4000,10104,0,75418980.000,0,-,-,-,-,4487.2000,4486.6000,4486.4000,4484.8000,4480.0000,4489.4000,4489.6000,4491.4000,4492.2000,4493.0000,2,1,1,2,1,1,1,2,1,2
SF,IF2103,2020-09-15 09:31:39.600,4487.4000,10104,0,75418980.000,0,-,-,-,-,4487.2000,4486.6000,4486.4000,4484.8000,4480.0000,4489.2000,4489.4000,4489.6000,4491.4000,4492.2000,1,1,1,2,1,1,1,1,2,1
SF,IF2103,2020-09-15 09:31:40.100,4487.2000,10103,-1,76765140.000,1,0,1,双平,S,4486.6000,4486.4000,4484.8000,4480.0000,4462.6000,4489.0000,4489.2000,4489.4000,4489.6000,4491.4000,1,1,2,1,1,3,1,1,1,2
SF,IF2103,2020-09-15 09:31:40.600,4487.2000,10103,0,76765140.000,0,-,-,-,-,4486.6000,4486.4000,4484.8000,4480.0000,4462.6000,4488.8000,4489.0000,4489.4000,4489.6000,4491.4000,1,1,2,1,1,2,3,1,1,2
SF,IF2103,2020-09-15 09:31:41.100,4487.2000,10103,0,76765140.000,0,-,-,-,-,4486.6000,4486.4000,4484.8000,4480.0000,4462.6000,4488.8000,4489.0000,4489.4000,4489.6000,4491.4000,2,1,2,1,1,2,3,1,1,2
SF,IF2103,2020-09-15 09:31:41.600,4487.2000,10103,0,76765140.000,0,-,-,-,-,4486.6000,4486.4000,4484.8000,4480.0000,4462.6000,4488.0000,4488.8000,4489.0000,4489.4000,4489.6000,2,1,2,1,1,1,2,3,1,1
SF,IF2103,2020-09-15 09:31:42.100,4487.2000,10103,0,76765140.000,0,-,-,-,-,4486.6000,4486.4000,4484.8000,4480.0000,4462.6000,4488.8000,4489.0000,4489.4000,4489.6000,4491.4000,2,1,2,1,1,2,3,1,1,2
SF,IF2103,2020-09-15 09:31:44.100,4487.2000,10103,0,76765140.000,0,-,-,-,-,4486.6000,4486.4000,4485.2000,4484.8000,4480.0000,4488.8000,4489.0000,4489.4000,4489.6000,4491.4000,2,1,1,2,1,2,3,1,1,2
SF,IF2103,2020-09-15 09:31:45.100,4487.2000,10103,0,76765140.000,0,-,-,-,-,4486.6000,4486.4000,4485.2000,4484.8000,4480.0000,4488.0000,4488.8000,4489.0000,4489.4000,4489.6000,2,1,1,2,1,1,2,3,1,1
SF,IF2103,2020-09-15 09:31:45.600,4487.2000,10103,0,76765140.000,0,-,-,-,-,4486.6000,4486.4000,4485.2000,4484.8000,4480.0000,4488.8000,4489.0000,4489.4000,4489.6000,4491.4000,2,1,1,2,1,2,3,1,1,2
SF,IF2103,2020-09-15 09:31:47.100,4487.2000,10103,0,76765140.000,0,-,-,-,-,4486.8000,4486.6000,4486.4000,4485.2000,4484.8000,4488.8000,4489.0000,4489.4000,4489.6000,4491.4000,1,2,1,1,2,2,3,1,1,2
SF,IF2103,2020-09-15 09:31:47.600,4487.2000,10103,0,76765140.000,0,-,-,-,-,4487.0000,4486.8000,4486.6000,4486.4000,4484.8000,4488.8000,4489.0000,4489.4000,4489.6000,4491.4000,1,1,2,1,2,1,3,1,1,2
SF,IF2103,2020-09-15 09:31:48.100,4487.2000,10103,0,76765140.000,0,-,-,-,-,4487.0000,4486.8000,4486.6000,4486.4000,4484.8000,4489.0000,4489.4000,4489.6000,4491.4000,4492.2000,2,1,2,1,2,3,1,1,2,1
SF,IF2103,2020-09-15 09:31:48.600,4487.2000,10103,0,76765140.000,0,-,-,-,-,4487.0000,4486.6000,4486.4000,4484.8000,4480.0000,4489.0000,4489.4000,4489.6000,4491.4000,4492.2000,2,2,1,2,1,3,1,1,2,1
SF,IF2103,2020-09-15 09:31:50.100,4487.2000,10103,0,76765140.000,0,-,-,-,-,4487.6000,4487.0000,4486.6000,4486.4000,4484.8000,4489.0000,4489.4000,4489.6000,4491.4000,4492.2000,1,2,2,1,2,3,1,1,2,1
SF,IF2103,2020-09-15 09:31:51.100,4487.2000,10103,0,76765140.000,0,-,-,-,-,4487.0000,4486.6000,4486.4000,4484.8000,4480.0000,4489.0000,4489.4000,4489.6000,4491.4000,4492.2000,2,2,1,2,1,3,1,1,2,1
SF,IF2103,2020-09-15 09:31:51.600,4487.2000,10103,0,76765140.000,0,-,-,-,-,4487.0000,4486.6000,4486.4000,4484.8000,4480.0000,4487.6000,4489.0000,4489.4000,4489.6000,4491.4000,2,2,1,2,1,1,3,1,1,2
SF,IF2103,2020-09-15 09:31:52.100,4487.6000,10102,-1,78111420.000,1,0,1,双平,S,4487.0000,4486.6000,4486.4000,4484.8000,4480.0000,4489.0000,4489.4000,4489.6000,4491.4000,4492.2000,2,2,1,2,1,3,1,1,2,1
SF,IF2103,2020-09-15 09:31:52.600,4487.6000,10102,0,78111420.000,0,-,-,-,-,4486.6000,4486.4000,4484.8000,4480.0000,4462.6000,4488.8000,4489.0000,4489.4000,4489.6000,4491.4000,2,1,2,1,1,1,3,1,1,2
SF,IF2103,2020-09-15 09:31:54.100,4486.6000,10103,1,80803380.000,2,1,1,空开,S,4486.8000,4486.4000,4484.8000,4480.0000,4462.6000,4488.8000,4489.0000,4489.4000,4489.6000,4491.4000,1,1,2,1,1,1,3,1,1,2
SF,IF2103,2020-09-15 09:31:54.600,4486.8000,10102,-1,82149420.000,1,0,1,双平,S,4486.4000,4484.8000,4480.0000,4462.6000,4451.2000,4486.6000,4488.8000,4489.0000,4489.4000,4489.6000,1,2,1,1,1,1,1,3,1,1
SF,IF2103,2020-09-15 09:31:55.100,4486.6000,10101,-1,84841320.000,2,0,2,多平,S,4484.8000,4480.0000,4462.6000,4451.2000,4451.0000,4488.8000,4489.0000,4489.4000,4489.6000,4491.4000,2,1,1,1,1,1,3,1,1,2
SF,IF2103,2020-09-15 09:31:55.600,4485.6000,10101,0,86187000.000,1,0,1,多换,S,4485.4000,4485.0000,4484.8000,4480.0000,4462.6000,4488.6000,4488.8000,4489.0000,4489.4000,4489.6000,1,1,2,1,1,1,1,3,1,1
SF,IF2103,2020-09-15 09:31:56.100,4485.6000,10101,0,86187000.000,0,-,-,-,-,4486.4000,4485.6000,4485.4000,4484.8000,4480.0000,4488.4000,4488.6000,4489.0000,4489.4000,4489.6000,1,2,1,2,1,1,1,3,1,1
SF,IF2103,2020-09-15 09:31:56.600,4485.6000,10101,0,86187000.000,0,-,-,-,-,4486.4000,4486.0000,4485.6000,4485.4000,4484.8000,4488.4000,4488.6000,4489.0000,4489.4000,4489.6000,1,1,2,1,2,1,1,3,1,1
SF,IF2103,2020-09-15 09:31:57.100,4485.6000,10101,0,86187000.000,0,-,-,-,-,4486.4000,4486.0000,4485.6000,4484.8000,4480.0000,4488.4000,4488.6000,4489.4000,4489.6000,4491.4000,1,1,2,2,1,1,1,1,1,2
SF,IF2103,2020-09-15 09:31:57.600,4485.6000,10101,0,86187000.000,0,-,-,-,-,4486.4000,4486.0000,4485.6000,4484.8000,4480.0000,4488.2000,4488.4000,4488.6000,4489.4000,4489.6000,1,1,2,2,1,4,1,1,1,1
SF,IF2103,2020-09-15 09:31:58.600,4485.6000,10101,0,86187000.000,0,-,-,-,-,4486.6000,4485.6000,4484.8000,4480.0000,4462.6000,4488.2000,4488.4000,4488.6000,4489.4000,4489.6000,1,2,2,1,1,4,1,1,1,1
SF,IF2103,2020-09-15 09:31:59.100,4485.6000,10101,0,86187000.000,0,-,-,-,-,4485.6000,4484.8000,4480.0000,4462.6000,4451.2000,4488.2000,4488.4000,4488.6000,4489.4000,4489.6000,2,2,1,1,1,4,1,1,1,1
SF,IF2103,2020-09-15 09:31:59.600,4485.6000,10101,0,86187000.000,0,-,-,-,-,4485.6000,4484.8000,4480.0000,4462.6000,4451.2000,4488.0000,4488.2000,4488.4000,4489.4000,4489.6000,2,2,1,1,1,1,4,1,1,1
SF,IF2103,2020-09-15 09:32:00.600,4485.6000,10101,0,86187000.000,0,-,-,-,-,4485.6000,4484.8000,4480.0000,4462.6000,4451.2000,4488.0000,4488.2000,4488.4000,4489.4000,4489.6000,1,2,1,1,1,1,4,1,1,1
SF,IF2103,2020-09-15 09:32:01.100,4485.6000,10101,0,86187000.000,0,-,-,-,-,4486.0000,4485.8000,4485.6000,4484.8000,4480.0000,4487.8000,4488.0000,4488.2000,4489.4000,4489.6000,1,1,1,2,1,1,1,4,1,1
SF,IF2103,2020-09-15 09:32:02.600,4485.6000,10101,0,86187000.000,0,-,-,-,-,4485.6000,4484.8000,4480.0000,4462.6000,4451.2000,4486.4000,4487.8000,4488.0000,4489.4000,4489.6000,1,2,1,1,1,1,1,1,1,1
SF,IF2103,2020-09-15 09:32:03.100,4485.6000,10101,0,86187000.000,0,-,-,-,-,4485.6000,4484.8000,4480.0000,4462.6000,4451.2000,4486.2000,4486.4000,4487.8000,4488.0000,4489.4000,1,2,1,1,1,4,1,1,1,1
SF,IF2103,2020-09-15 09:32:03.600,4485.6000,10100,-1,87532680.000,1,0,1,双平,S,4484.8000,4480.0000,4462.6000,4451.2000,4451.0000,4486.2000,4486.4000,4487.8000,4488.0000,4489.4000,2,1,1,1,1,4,1,1,1,1
SF,IF2103,2020-09-15 09:32:04.100,4486.2000,10100,0,92916120.000,4,2,2,多换,S,4485.0000,4484.8000,4480.0000,4462.6000,4451.2000,4486.4000,4487.8000,4488.0000,4489.4000,4489.6000,2,2,1,1,1,1,1,1,1,1
SF,IF2103,2020-09-15 09:32:04.600,4486.4000,10099,-1,94262040.000,1,0,1,双平,S,4485.2000,4485.0000,4484.8000,4480.0000,4462.6000,4487.8000,4488.0000,4489.4000,4489.6000,4491.4000,2,2,2,1,1,1,1,1,1,2
SF,IF2103,2020-09-15 09:32:05.100,4486.4000,10099,0,94262040.000,0,-,-,-,-,4485.4000,4485.2000,4485.0000,4484.8000,4480.0000,4487.6000,4487.8000,4489.4000,4489.6000,4491.4000,2,3,2,2,1,1,1,1,1,2
SF,IF2103,2020-09-15 09:32:05.600,4486.4000,10099,0,94262040.000,0,-,-,-,-,4485.4000,4485.2000,4485.0000,4484.8000,4480.0000,4487.6000,4487.8000,4489.4000,4489.6000,4491.4000,2,3,2,2,1,1,1,1,1,2
SF,IF2103,2020-09-15 09:32:06.100,4486.4000,10099,0,94262040.000,0,-,-,-,-,4485.8000,4485.4000,4485.2000,4485.0000,4484.8000,4487.4000,4487.6000,4489.4000,4489.6000,4491.4000,1,2,2,2,2,1,1,1,1,2
SF,IF2103,2020-09-15 09:32:06.600,4486.4000,10099,0,94262040.000,0,-,-,-,-,4485.4000,4485.2000,4485.0000,4484.8000,4480.0000,4487.4000,4489.4000,4489.6000,4491.4000,4492.2000,2,2,2,2,1,1,1,1,2,1
SF,IF2103,2020-09-15 09:32:07.100,4486.4000,10099,0,94262040.000,0,-,-,-,-,4486.0000,4485.4000,4485.2000,4485.0000,4484.8000,4487.4000,4489.4000,4489.6000,4491.4000,4492.2000,1,1,2,2,2,1,1,1,2,1
SF,IF2103,2020-09-15 09:32:08.100,4486.4000,10099,0,94262040.000,0,-,-,-,-,4486.2000,4486.0000,4485.4000,4485.2000,4485.0000,4487.4000,4489.4000,4489.6000,4491.4000,4492.2000,1,1,1,2,2,1,1,1,2,1
SF,IF2103,2020-09-15 09:32:08.600,4487.4000,10098,-1,95608260.000,1,0,1,双平,S,4486.2000,4486.0000,4485.4000,4485.2000,4485.0000,4489.4000,4489.6000,4491.4000,4492.2000,4493.0000,1,1,1,1,2,1,1,2,1,2
SF,IF2103,2020-09-15 09:32:09.100,4487.4000,10098,0,95608260.000,0,-,-,-,-,4486.4000,4486.2000,4486.0000,4485.4000,4484.8000,4489.2000,4489.4000,4489.6000,4491.4000,4492.2000,1,1,1,1,2,2,1,1,2,1
SF,IF2103,2020-09-15 09:32:10.100,4487.4000,10098,0,95608260.000,0,-,-,-,-,4486.6000,4486.4000,4486.2000,4485.4000,4484.8000,4489.2000,4489.4000,4489.6000,4491.4000,4492.2000,1,1,1,1,2,2,1,1,2,1
SF,IF2103,2020-09-15 09:32:10.600,4487.4000,10098,0,95608260.000,0,-,-,-,-,4486.8000,4486.6000,4485.4000,4484.8000,4480.0000,4489.2000,4489.4000,4489.6000,4491.4000,4492.2000,2,1,1,2,1,2,1,1,2,1
SF,IF2103,2020-09-15 09:32:11.100,4487.4000,10098,0,95608260.000,0,-,-,-,-,4486.8000,4486.6000,4484.8000,4480.0000,4462.6000,4489.2000,4489.4000,4489.6000,4491.4000,4492.2000,2,2,2,1,1,2,1,1,2,1
SF,IF2103,2020-09-15 09:32:11.600,4487.4000,10098,0,95608260.000,0,-,-,-,-,4486.8000,4486.6000,4484.8000,4480.0000,4462.6000,4489.2000,4489.4000,4489.6000,4491.4000,4492.2000,1,2,2,1,1,2,1,1,2,1
SF,IF2103,2020-09-15 09:32:12.100,4487.4000,10098,0,95608260.000,0,-,-,-,-,4486.8000,4486.6000,4484.8000,4462.6000,4451.2000,4489.2000,4489.4000,4489.6000,4491.4000,4492.2000,1,1,2,1,1,2,1,1,2,1
SF,IF2103,2020-09-15 09:32:12.600,4489.0000,10098,0,96954960.000,1,0,1,多换,S,4486.6000,4485.0000,4484.8000,4462.6000,4451.2000,4489.0000,4489.2000,4489.4000,4489.6000,4491.4000,1,1,2,1,1,2,2,1,1,2
SF,IF2103,2020-09-15 09:32:13.100,4486.6000,10098,0,98300940.000,1,0,1,多换,S,4485.0000,4484.8000,4462.6000,4451.2000,4451.0000,4488.8000,4489.0000,4489.4000,4489.6000,4491.4000,1,2,1,1,1,2,2,1,1,2
SF,IF2103,2020-09-15 09:32:13.600,4486.6000,10098,0,98300940.000,0,-,-,-,-,4485.0000,4484.8000,4462.6000,4451.2000,4451.0000,4488.4000,4488.8000,4489.0000,4489.4000,4489.6000,1,2,1,1,1,1,2,1,1,1
SF,IF2103,2020-09-15 09:32:14.100,4486.6000,10098,0,98300940.000,0,-,-,-,-,4485.8000,4485.6000,4485.2000,4485.0000,4484.8000,4488.2000,4489.0000,4489.4000,4489.6000,4491.4000,1,1,1,1,2,2,1,1,1,2
SF,IF2103,2020-09-15 09:32:14.600,4486.6000,10098,0,98300940.000,0,-,-,-,-,4486.0000,4485.8000,4485.6000,4485.0000,4484.8000,4488.0000,4488.2000,4489.0000,4489.4000,4489.6000,1,1,1,1,2,1,2,1,1,1
SF,IF2103,2020-09-15 09:32:15.100,4488.2000,10097,-1,99647400.000,1,0,1,双平,S,4486.0000,4485.6000,4485.0000,4484.8000,4462.6000,4488.2000,4489.0000,4489.4000,4489.6000,4491.4000,1,1,1,2,1,1,1,1,1,2
SF,IF2103,2020-09-15 09:32:15.600,4488.2000,10097,0,99647400.000,0,-,-,-,-,4486.0000,4485.0000,4484.8000,4462.6000,4451.2000,4488.2000,4489.0000,4489.4000,4489.6000,4491.4000,1,1,2,1,1,1,1,1,1,2
SF,IF2103,2020-09-15 09:32:16.600,4488.2000,10097,0,99647400.000,0,-,-,-,-,4486.0000,4485.6000,4485.0000,4484.8000,4462.6000,4488.2000,4489.0000,4489.4000,4489.6000,4491.4000,1,1,1,2,1,1,1,1,1,2
SF,IF2103,2020-09-15 09:32:18.600,4488.2000,10097,0,99647400.000,0,-,-,-,-,4486.2000,4486.0000,4485.6000,4485.0000,4484.8000,4488.2000,4489.0000,4489.4000,4489.6000,4491.4000,1,1,1,1,2,1,1,1,1,2
SF,IF2103,2020-09-15 09:32:19.100,4488.2000,10097,0,99647400.000,0,-,-,-,-,4486.4000,4486.2000,4485.6000,4485.0000,4484.8000,4488.2000,4489.0000,4489.4000,4489.6000,4491.4000,2,1,1,1,2,1,1,1,1,2
SF,IF2103,2020-09-15 09:32:19.600,4488.2000,10097,0,99647400.000,0,-,-,-,-,4486.4000,4485.6000,4485.0000,4484.8000,4475.0000,4489.0000,4489.4000,4489.6000,4491.4000,4492.2000,2,1,1,2,1,1,1,1,2,1
SF,IF2103,2020-09-15 09:32:20.100,4488.2000,10097,0,99647400.000,0,-,-,-,-,4486.4000,4485.6000,4485.0000,4484.8000,4475.0000,4488.4000,4488.8000,4489.0000,4489.4000,4489.6000,2,1,1,2,1,1,2,1,1,1
SF,IF2103,2020-09-15 09:32:20.600,4488.2000,10097,0,99647400.000,0,-,-,-,-,4486.4000,4485.6000,4485.0000,4484.8000,4475.0000,4488.4000,4488.8000,4489.0000,4489.4000,4489.6000,1,1,1,2,1,1,2,1,1,1
SF,IF2103,2020-09-15 09:32:21.100,4488.2000,10097,0,99647400.000,0,-,-,-,-,4486.4000,4485.6000,4485.0000,4484.8000,4475.0000,4488.4000,4488.8000,4489.0000,4489.2000,4489.4000,1,1,1,2,1,1,2,1,1,1
SF,IF2103,2020-09-15 09:32:21.600,4488.2000,10097,0,99647400.000,0,-,-,-,-,4486.6000,4486.4000,4485.6000,4485.0000,4484.8000,4488.4000,4488.8000,4489.0000,4489.2000,4489.4000,1,1,1,1,2,1,2,1,1,1
SF,IF2103,2020-09-15 09:32:22.600,4488.2000,10097,0,99647400.000,0,-,-,-,-,4486.4000,4485.6000,4485.0000,4484.8000,4475.0000,4488.8000,4489.0000,4489.2000,4489.4000,4489.6000,1,1,1,2,1,2,1,1,1,1
SF,IF2103,2020-09-15 09:32:23.100,4488.2000,10097,0,99647400.000,0,-,-,-,-,4486.4000,4485.6000,4485.0000,4484.8000,4475.0000,4488.8000,4489.0000,4489.2000,4489.4000,4489.6000,1,1,1,2,1,1,1,1,1,1
SF,IF2103,2020-09-15 09:32:23.600,4488.2000,10097,0,99647400.000,0,-,-,-,-,4486.4000,4485.6000,4485.0000,4484.8000,4475.0000,4488.4000,4488.8000,4489.0000,4489.2000,4489.4000,1,1,1,2,1,1,1,1,1,1
SF,IF2103,2020-09-15 09:32:24.100,4488.2000,10097,0,99647400.000,0,-,-,-,-,4486.4000,4485.6000,4485.0000,4484.8000,4478.0000,4488.4000,4488.8000,4489.0000,4489.2000,4489.4000,2,1,1,2,1,1,1,1,1,1
SF,IF2103,2020-09-15 09:32:25.100,4488.2000,10097,0,99647400.000,0,-,-,-,-,4486.4000,4485.6000,4485.0000,4484.8000,4478.0000,4488.8000,4489.0000,4489.2000,4489.4000,4489.6000,2,1,1,2,1,1,1,1,1,1
SF,IF2103,2020-09-15 09:32:25.600,4488.2000,10097,0,99647400.000,0,-,-,-,-,4487.0000,4486.6000,4486.4000,4485.6000,4485.0000,4488.8000,4489.0000,4489.2000,4489.4000,4489.6000,1,1,2,1,1,1,1,1,1,1
SF,IF2103,2020-09-15 09:32:26.100,4488.2000,10097,0,99647400.000,0,-,-,-,-,4487.0000,4486.8000,4486.6000,4486.4000,4485.6000,4489.0000,4489.2000,4489.4000,4489.6000,4491.4000,1,1,1,2,1,1,1,1,1,2
SF,IF2103,2020-09-15 09:32:26.600,4488.2000,10097,0,99647400.000,0,-,-,-,-,4487.0000,4486.8000,4486.6000,4486.4000,4485.6000,4489.0000,4489.2000,4489.4000,4489.6000,4491.4000,1,1,1,1,1,1,1,1,1,2
SF,IF2103,2020-09-15 09:32:27.100,4488.2000,10097,0,99647400.000,0,-,-,-,-,4487.0000,4486.6000,4486.4000,4485.6000,4485.0000,4488.4000,4489.0000,4489.2000,4489.4000,4489.6000,1,1,1,1,1,1,1,1,1,1
SF,IF2103,2020-09-15 09:32:27.600,4488.2000,10097,0,99647400.000,0,-,-,-,-,4487.0000,4486.6000,4486.4000,4485.6000,4485.0000,4489.0000,4489.2000,4489.4000,4489.6000,4491.4000,1,1,1,1,1,1,1,1,1,2
SF,IF2103,2020-09-15 09:32:28.100,4488.2000,10097,0,99647400.000,0,-,-,-,-,4487.2000,4487.0000,4485.6000,4485.0000,4484.8000,4489.0000,4489.2000,4489.4000,4489.6000,4491.4000,1,1,1,1,2,1,1,1,1,2
SF,IF2103,2020-09-15 09:32:29.100,4489.0000,10097,0,100994100.000,1,0,1,多换,S,4487.2000,4487.0000,4485.6000,4485.0000,4484.8000,4489.2000,4489.4000,4489.6000,4491.4000,4492.2000,1,1,1,1,2,1,1,1,2,1
SF,IF2103,2020-09-15 09:32:30.100,4487.0000,10096,-1,103686360.000,2,0,2,多平,S,4485.6000,4485.0000,4484.8000,4478.0000,4475.0000,4488.4000,4489.2000,4489.4000,4489.6000,4491.4000,1,1,2,1,1,1,1,1,1,2
SF,IF2103,2020-09-15 09:32:30.600,4487.0000,10096,0,103686360.000,0,-,-,-,-,4486.4000,4485.8000,4485.6000,4485.0000,4484.8000,4488.2000,4488.4000,4489.2000,4489.4000,4489.6000,1,1,1,1,2,2,1,1,1,1
SF,IF2103,2020-09-15 09:32:31.100,4487.0000,10096,0,103686360.000,0,-,-,-,-,4486.4000,4485.8000,4485.6000,4485.0000,4484.8000,4488.2000,4489.2000,4489.4000,4489.6000,4491.4000,1,1,1,1,2,1,1,1,1,2
SF,IF2103,2020-09-15 09:32:31.600,4487.0000,10096,0,103686360.000,0,-,-,-,-,4486.4000,4485.8000,4485.6000,4485.0000,4484.8000,4487.8000,4488.0000,4488.2000,4489.2000,4489.4000,1,1,1,1,2,1,1,1,1,1
SF,IF2103,2020-09-15 09:32:32.100,4487.0000,10096,0,103686360.000,0,-,-,-,-,4486.4000,4485.8000,4485.6000,4485.0000,4484.8000,4487.8000,4488.2000,4489.2000,4489.4000,4489.6000,1,1,1,1,2,1,1,1,1,1
SF,IF2103,2020-09-15 09:32:33.100,4487.0000,10096,0,103686360.000,0,-,-,-,-,4486.4000,4485.8000,4485.6000,4485.0000,4484.8000,4488.2000,4489.2000,4489.4000,4489.6000,4491.4000,1,1,1,1,2,1,1,1,1,2
SF,IF2103,2020-09-15 09:32:33.600,4487.0000,10096,0,103686360.000,0,-,-,-,-,4486.4000,4485.8000,4485.6000,4485.0000,4484.8000,4488.0000,4488.2000,4489.2000,4489.4000,4489.6000,1,1,1,1,2,1,1,1,1,1
SF,IF2103,2020-09-15 09:32:34.600,4486.4000,10095,-1,105032280.000,1,0,1,双平,S,4485.8000,4485.6000,4485.0000,4484.8000,4478.0000,4488.0000,4488.2000,4489.2000,4489.4000,4489.6000,1,1,1,2,1,1,1,1,1,1
SF,IF2103,2020-09-15 09:32:35.100,4485.8000,10094,-1,106378020.000,1,0,1,双平,S,4485.6000,4485.0000,4484.8000,4478.0000,4475.0000,4488.2000,4489.2000,4489.4000,4489.6000,4491.4000,1,1,2,1,1,1,1,1,1,2
SF,IF2103,2020-09-15 09:32:35.600,4485.8000,10094,0,106378020.000,0,-,-,-,-,4485.6000,4485.0000,4484.8000,4478.0000,4475.0000,4488.0000,4488.2000,4489.2000,4489.4000,4489.6000,1,1,2,1,1,3,1,1,1,1
SF,IF2103,2020-09-15 09:32:36.100,4485.6000,10094,0,107723700.000,1,0,1,多换,S,4485.0000,4484.8000,4478.0000,4475.0000,4465.0000,4487.8000,4488.0000,4489.4000,4489.6000,4491.4000,1,2,1,1,1,2,3,1,1,2
SF,IF2103,2020-09-15 09:32:36.600,4487.6000,10094,0,109069980.000,1,0,1,多换,S,4485.0000,4484.8000,4478.0000,4475.0000,4465.0000,4487.8000,4488.0000,4489.4000,4489.6000,4491.4000,1,2,1,1,1,2,2,1,1,2
SF,IF2103,2020-09-15 09:32:37.100,4487.6000,10094,0,109069980.000,0,-,-,-,-,4485.0000,4484.8000,4478.0000,4475.0000,4465.0000,4487.0000,4487.4000,4487.6000,4487.8000,4488.0000,1,2,1,1,1,1,1,1,2,2
SF,IF2103,2020-09-15 09:32:37.600,4487.6000,10094,0,109069980.000,0,-,-,-,-,4485.0000,4484.8000,4478.0000,4475.0000,4465.0000,4486.8000,4487.0000,4487.4000,4487.6000,4488.0000,1,2,1,1,1,1,1,1,1,2
SF,IF2103,2020-09-15 09:32:38.100,4487.6000,10094,0,109069980.000,0,-,-,-,-,4485.0000,4484.8000,4478.0000,4475.0000,4465.0000,4486.8000,4487.6000,4488.0000,4489.4000,4489.6000,1,2,1,1,1,2,1,2,1,1
SF,IF2103,2020-09-15 09:32:38.600,4487.6000,10094,0,109069980.000,0,-,-,-,-,4485.0000,4484.8000,4478.0000,4475.0000,4465.0000,4486.6000,4486.8000,4487.6000,4488.0000,4489.4000,1,2,1,1,1,3,2,1,2,1
SF,IF2103,2020-09-15 09:32:39.100,4484.8000,10094,0,113106360.000,3,1,2,多换,S,4478.0000,4475.0000,4465.0000,4462.6000,4451.2000,4486.4000,4486.6000,4487.6000,4488.0000,4489.4000,1,1,1,1,1,1,4,1,2,1
SF,IF2103,2020-09-15 09:32:39.600,4484.8000,10094,0,113106360.000,0,-,-,-,-,4482.6000,4482.4000,4481.2000,4480.2000,4480.0000,4486.2000,4486.4000,4486.6000,4488.0000,4489.4000,1,1,1,1,1,1,1,3,1,1
SF,IF2103,2020-09-15 09:32:40.100,4484.8000,10094,0,113106360.000,0,-,-,-,-,4482.8000,4482.6000,4482.4000,4481.2000,4480.2000,4485.0000,4486.0000,4486.2000,4488.0000,4489.4000,2,1,1,1,1,1,1,1,1,1
SF,IF2103,2020-09-15 09:32:40.600,4484.8000,10094,0,113106360.000,0,-,-,-,-,4483.0000,4482.8000,4482.6000,4482.4000,4481.2000,4484.8000,4485.0000,4486.0000,4486.2000,4488.0000,1,2,1,1,1,3,1,1,1,1
SF,IF2103,2020-09-15 09:32:41.600,4484.8000,10094,0,113106360.000,0,-,-,-,-,4483.0000,4482.8000,4482.6000,4482.4000,4481.2000,4484.6000,4484.8000,4485.0000,4486.0000,4486.2000,1,1,1,1,1,1,3,1,1,1
SF,IF2103,2020-09-15 09:32:42.100,4483.0000,10095,1,114451260.000,1,1,0,双开,S,4482.8000,4482.6000,4482.4000,4481.2000,4480.2000,4484.6000,4484.8000,4485.0000,4486.0000,4486.2000,1,1,1,1,1,1,3,1,1,1
SF,IF2103,2020-09-15 09:32:42.600,4483.0000,10095,0,114451260.000,0,-,-,-,-,4483.2000,4482.6000,4482.4000,4481.2000,4480.2000,4484.6000,4484.8000,4485.0000,4486.0000,4486.2000,1,1,1,1,1,1,3,1,1,1
SF,IF2103,2020-09-15 09:32:44.100,4485.0000,10094,-1,121178460.000,5,2,3,多平,S,4483.2000,4482.6000,4482.4000,4481.2000,4480.2000,4486.0000,4486.2000,4488.0000,4489.4000,4489.6000,1,1,1,1,1,1,1,1,1,1
SF,IF2103,2020-09-15 09:32:44.600,4485.0000,10094,0,121178460.000,0,-,-,-,-,4483.6000,4483.2000,4482.6000,4482.4000,4481.2000,4485.8000,4486.0000,4488.0000,4489.4000,4489.6000,1,2,1,1,1,1,1,1,1,1
SF,IF2103,2020-09-15 09:32:45.100,4485.0000,10094,0,121178460.000,0,-,-,-,-,4483.6000,4483.2000,4482.6000,4482.4000,4481.2000,4485.6000,4485.8000,4488.0000,4489.4000,4489.6000,1,2,1,1,1,1,1,1,1,1
SF,IF2103,2020-09-15 09:32:46.100,4485.0000,10094,0,121178460.000,0,-,-,-,-,4483.6000,4483.2000,4482.6000,4482.4000,4481.2000,4485.6000,4485.8000,4488.0000,4489.4000,4489.6000,1,1,1,1,1,1,1,1,1,1
SF,IF2103,2020-09-15 09:32:47.100,4485.0000,10094,0,121178460.000,0,-,-,-,-,4483.6000,4483.2000,4482.6000,4482.4000,4481.2000,4485.4000,4485.6000,4485.8000,4488.0000,4489.6000,1,1,1,1,1,1,1,1,1,1
SF,IF2103,2020-09-15 09:32:47.600,4485.0000,10094,0,121178460.000,0,-,-,-,-,4483.6000,4483.2000,4482.6000,4482.4000,4481.2000,4485.2000,4485.4000,4485.8000,4488.0000,4489.6000,1,1,1,1,1,1,1,1,1,1
SF,IF2103,2020-09-15 09:32:48.600,4483.6000,10093,-1,122523540.000,1,0,1,双平,S,4483.2000,4482.6000,4482.4000,4481.2000,4480.2000,4485.2000,4485.4000,4485.8000,4488.0000,4489.6000,1,1,1,1,1,1,1,1,1,1
SF,IF2103,2020-09-15 09:32:49.600,4483.6000,10093,0,122523540.000,0,-,-,-,-,4482.6000,4482.4000,4481.2000,4480.2000,4480.0000,4485.0000,4485.2000,4485.4000,4485.8000,4488.0000,1,1,1,1,1,1,1,1,1,1
SF,IF2103,2020-09-15 09:32:50.100,4483.6000,10093,0,122523540.000,0,-,-,-,-,4482.6000,4482.4000,4481.2000,4480.2000,4480.0000,4484.8000,4485.4000,4488.0000,4489.6000,4491.4000,1,1,1,1,1,2,1,1,1,2
SF,IF2103,2020-09-15 09:32:50.600,4483.6000,10093,0,122523540.000,0,-,-,-,-,4482.8000,4482.6000,4482.4000,4481.2000,4480.2000,4484.8000,4485.4000,4488.0000,4489.6000,4491.4000,1,1,1,1,1,2,1,1,1,2
SF,IF2103,2020-09-15 09:32:51.100,4483.6000,10093,0,122523540.000,0,-,-,-,-,4482.8000,4482.6000,4482.4000,4481.2000,4480.2000,4483.6000,4484.8000,4485.4000,4488.0000,4489.6000,2,1,1,1,1,1,2,1,1,1
SF,IF2103,2020-09-15 09:32:51.600,4483.0000,10092,-1,126558960.000,3,1,2,多平,S,4482.8000,4481.2000,4480.2000,4478.0000,4475.0000,4484.8000,4485.4000,4488.0000,4489.6000,4491.4000,1,1,1,1,1,1,1,1,1,2
SF,IF2103,2020-09-15 09:32:52.100,4483.0000,10092,0,126558960.000,0,-,-,-,-,4483.0000,4481.2000,4480.2000,4478.0000,4475.0000,4484.8000,4485.4000,4488.0000,4489.6000,4491.4000,1,1,1,1,1,1,1,1,1,2
SF,IF2103,2020-09-15 09:32:52.600,4483.0000,10092,0,127903860.000,1,0,1,多换,S,4481.2000,4480.2000,4478.0000,4475.0000,4465.0000,4484.8000,4485.4000,4488.0000,4489.6000,4491.4000,1,1,1,1,1,1,1,1,1,2
SF,IF2103,2020-09-15 09:32:53.100,4483.0000,10092,0,127903860.000,0,-,-,-,-,4483.4000,4482.4000,4481.4000,4481.2000,4480.2000,4484.8000,4485.4000,4488.0000,4489.6000,4491.4000,1,1,3,1,1,1,1,1,1,2
SF,IF2103,2020-09-15 09:32:53.600,4483.0000,10092,0,127903860.000,0,-,-,-,-,4483.4000,4481.4000,4481.2000,4480.2000,4478.0000,4484.8000,4485.4000,4488.0000,4489.6000,4491.4000,1,3,1,1,1,1,1,1,1,2
SF,IF2103,2020-09-15 09:32:54.600,4483.0000,10092,0,127903860.000,0,-,-,-,-,4483.4000,4483.0000,4481.4000,4481.2000,4480.2000,4484.8000,4485.4000,4488.0000,4489.6000,4491.4000,1,1,3,1,1,1,1,1,1,2
SF,IF2103,2020-09-15 09:32:58.100,4483.0000,10092,0,127903860.000,0,-,-,-,-,4483.4000,4483.0000,4481.4000,4481.2000,4480.2000,4484.8000,4485.4000,4488.0000,4489.6000,4491.4000,1,1,3,1,1,1,1,1,1,2
SF,IF2103,2020-09-15 09:32:58.600,4483.0000,10092,0,127903860.000,0,-,-,-,-,4483.4000,4481.4000,4481.2000,4480.2000,4480.0000,4484.8000,4485.4000,4488.0000,4489.6000,4491.4000,2,3,1,1,1,1,1,1,1,2
SF,IF2103,2020-09-15 09:32:59.100,4483.0000,10092,0,127903860.000,0,-,-,-,-,4483.4000,4481.4000,4481.2000,4480.2000,4480.0000,4484.8000,4485.4000,4486.2000,4488.0000,4489.6000,1,3,1,1,1,1,1,1,1,1
SF,IF2103,2020-09-15 09:32:59.600,4483.0000,10092,0,127903860.000,0,-,-,-,-,4483.4000,4481.4000,4481.2000,4480.2000,4480.0000,4484.8000,4485.4000,4486.2000,4488.0000,4489.6000,1,3,1,1,1,1,1,1,1,1
SF,IF2103,2020-09-15 09:33:00.100,4483.0000,10092,0,127903860.000,0,-,-,-,-,4483.6000,4483.4000,4481.4000,4481.2000,4480.2000,4484.8000,4485.4000,4486.2000,4488.0000,4489.6000,1,1,3,1,1,1,1,1,1,1
SF,IF2103,2020-09-15 09:33:00.600,4483.0000,10092,0,127903860.000,0,-,-,-,-,4481.4000,4481.2000,4480.2000,4480.0000,4478.0000,4484.8000,4485.4000,4486.2000,4488.0000,4489.6000,3,1,1,1,1,1,1,1,1,1
SF,IF2103,2020-09-15 09:33:01.100,4483.0000,10092,0,127903860.000,0,-,-,-,-,4482.4000,4481.4000,4481.2000,4480.2000,4480.0000,4484.8000,4485.4000,4486.2000,4488.0000,4489.6000,1,3,1,1,1,1,1,1,1,1
SF,IF2103,2020-09-15 09:33:01.600,4483.0000,10092,0,127903860.000,0,-,-,-,-,4482.6000,4482.4000,4482.2000,4481.4000,4481.2000,4484.8000,4485.4000,4486.2000,4488.0000,4489.6000,1,1,1,2,1,1,1,1,1,1
SF,IF2103,2020-09-15 09:33:02.100,4483.0000,10092,0,127903860.000,0,-,-,-,-,4482.8000,4482.6000,4482.4000,4481.4000,4481.2000,4484.8000,4485.4000,4486.2000,4488.0000,4489.6000,1,2,1,1,1,1,1,1,1,1
SF,IF2103,2020-09-15 09:33:03.100,4483.0000,10092,0,127903860.000,0,-,-,-,-,4483.2000,4483.0000,4482.8000,4482.6000,4482.4000,4484.8000,4485.4000,4486.2000,4488.0000,4489.6000,1,1,1,1,1,1,1,1,1,1
SF,IF2103,2020-09-15 09:33:03.600,4483.0000,10092,0,127903860.000,0,-,-,-,-,4483.2000,4482.8000,4482.6000,4482.4000,4481.4000,4484.8000,4485.4000,4486.2000,4488.0000,4489.6000,1,1,1,1,1,1,1,1,1,1
SF,IF2103,2020-09-15 09:33:04.100,4482.8000,10091,-1,130593600.000,2,0,2,多平,S,4482.6000,4482.4000,4481.4000,4481.2000,4480.2000,4482.8000,4484.8000,4485.4000,4486.2000,4488.0000,1,1,1,1,1,2,1,1,1,1
SF,IF2103,2020-09-15 09:33:04.600,4482.8000,10089,-2,133283280.000,2,0,2,双平,S,4482.8000,4482.4000,4481.4000,4481.2000,4480.2000,4484.8000,4485.4000,4486.2000,4488.0000,4489.6000,1,1,1,1,1,1,1,1,1,1
SF,IF2103,2020-09-15 09:33:05.100,4482.8000,10089,0,133283280.000,0,-,-,-,-,4482.8000,4482.4000,4481.4000,4481.2000,4480.2000,4484.8000,4485.4000,4486.2000,4488.0000,4489.6000,2,1,1,1,1,1,1,1,1,1
SF,IF2103,2020-09-15 09:33:05.600,4484.8000,10088,-1,134628720.000,1,0,1,双平,S,4482.8000,4482.4000,4481.4000,4481.2000,4480.2000,4485.4000,4486.2000,4488.0000,4489.6000,4491.4000,2,1,1,1,1,1,1,1,1,2
SF,IF2103,2020-09-15 09:33:06.100,4484.8000,10088,0,134628720.000,0,-,-,-,-,4483.0000,4482.8000,4482.4000,4481.2000,4480.2000,4485.4000,4486.2000,4488.0000,4489.6000,4491.4000,3,2,1,1,1,1,1,1,1,2
SF,IF2103,2020-09-15 09:33:06.600,4484.8000,10088,0,134628720.000,0,-,-,-,-,4484.0000,4483.0000,4482.8000,4482.4000,4481.2000,4485.4000,4486.2000,4488.0000,4489.6000,4491.4000,1,4,1,1,1,1,1,1,1,2
SF,IF2103,2020-09-15 09:33:07.100,4484.8000,10088,0,134628720.000,0,-,-,-,-,4483.4000,4483.0000,4482.8000,4482.4000,4481.2000,4485.4000,4486.2000,4488.0000,4489.6000,4491.4000,2,3,1,1,1,1,1,1,1,2
SF,IF2103,2020-09-15 09:33:07.600,4484.8000,10088,0,134628720.000,0,-,-,-,-,4483.6000,4483.4000,4483.0000,4482.8000,4482.4000,4485.4000,4486.2000,4488.0000,4489.6000,4491.4000,1,2,1,1,1,1,1,1,1,2
SF,IF2103,2020-09-15 09:33:08.100,4485.4000,10087,-1,135974340.000,1,0,1,双平,S,4484.0000,4483.8000,4483.6000,4483.0000,4482.8000,4486.2000,4488.0000,4489.6000,4491.4000,4492.2000,1,1,2,1,1,1,1,1,2,1
SF,IF2103,2020-09-15 09:33:08.600,4485.4000,10087,0,135974340.000,0,-,-,-,-,4484.2000,4484.0000,4483.8000,4483.0000,4482.8000,4488.0000,4489.6000,4491.4000,4492.2000,4495.0000,1,1,2,1,1,1,1,2,1,1
SF,IF2103,2020-09-15 09:33:09.100,4485.4000,10087,0,135974340.000,0,-,-,-,-,4484.8000,4484.6000,4484.4000,4484.2000,4484.0000,4487.8000,4488.0000,4489.6000,4491.4000,4492.2000,3,1,1,1,1,2,1,1,2,1
SF,IF2103,2020-09-15 09:33:09.600,4485.4000,10087,0,135974340.000,0,-,-,-,-,4485.0000,4484.8000,4484.6000,4483.8000,4482.8000,4487.8000,4489.6000,4491.4000,4492.2000,4495.0000,4,3,1,2,1,2,1,2,1,1
SF,IF2103,2020-09-15 09:33:10.100,4485.4000,10087,0,135974340.000,0,-,-,-,-,4485.4000,4485.0000,4484.8000,4484.6000,4483.8000,4489.6000,4491.4000,4492.2000,4495.0000,4495.8000,1,4,3,1,2,1,2,1,1,3
SF,IF2103,2020-09-15 09:33:10.600,4485.4000,10087,0,135974340.000,0,-,-,-,-,4485.6000,4485.4000,4485.0000,4484.8000,4484.6000,4488.8000,4489.0000,4489.4000,4489.6000,4491.4000,2,2,2,3,1,1,1,1,1,2
SF,IF2103,2020-09-15 09:33:11.100,4485.4000,10087,0,135974340.000,0,-,-,-,-,4485.8000,4485.6000,4485.4000,4485.0000,4484.8000,4488.6000,4488.8000,4489.6000,4491.4000,4492.2000,1,2,2,2,3,1,1,1,2,1
SF,IF2103,2020-09-15 09:33:11.600,4485.4000,10087,0,135974340.000,0,-,-,-,-,4486.0000,4485.8000,4485.4000,4485.0000,4484.8000,4488.6000,4488.8000,4489.6000,4491.4000,4492.2000,2,1,1,2,3,1,1,1,2,1
SF,IF2103,2020-09-15 09:33:12.100,4485.4000,10087,0,135974340.000,0,-,-,-,-,4486.0000,4485.8000,4485.4000,4484.8000,4484.6000,4488.6000,4488.8000,4489.6000,4491.4000,4492.2000,2,1,1,3,1,1,1,1,2,1
SF,IF2103,2020-09-15 09:33:12.600,4485.4000,10087,0,135974340.000,0,-,-,-,-,4486.0000,4484.8000,4484.6000,4483.8000,4482.8000,4488.6000,4488.8000,4489.6000,4491.4000,4492.2000,2,3,1,1,1,1,1,1,2,1
SF,IF2103,2020-09-15 09:33:13.100,4485.4000,10087,0,135974340.000,0,-,-,-,-,4486.4000,4486.2000,4486.0000,4484.8000,4484.6000,4488.6000,4488.8000,4489.6000,4491.4000,4492.2000,1,1,2,3,1,1,1,1,2,1
SF,IF2103,2020-09-15 09:33:14.100,4485.4000,10087,0,135974340.000,0,-,-,-,-,4486.4000,4486.0000,4484.8000,4484.6000,4483.8000,4488.6000,4488.8000,4489.6000,4491.4000,4492.2000,1,2,3,1,1,1,1,1,2,1
SF,IF2103,2020-09-15 09:33:15.100,4486.4000,10086,-1,137320260.000,1,0,1,双平,S,4486.0000,4484.8000,4484.6000,4483.8000,4482.8000,4486.4000,4488.6000,4488.8000,4489.6000,4491.4000,2,3,1,1,1,19,1,1,1,2
SF,IF2103,2020-09-15 09:33:15.600,4486.4000,10067,-19,162892740.000,19,0,19,双平,S,4486.0000,4484.8000,4484.6000,4483.8000,4482.4000,4488.6000,4489.6000,4491.4000,4492.2000,4495.0000,1,3,1,1,1,1,1,2,1,1
SF,IF2103,2020-09-15 09:33:16.100,4486.4000,10067,0,162892740.000,0,-,-,-,-,4486.2000,4486.0000,4484.8000,4484.6000,4483.8000,4488.6000,4489.6000,4491.4000,4492.2000,4495.0000,1,1,3,1,1,1,1,2,1,1
SF,IF2103,2020-09-15 09:33:16.600,4486.4000,10067,0,162892740.000,0,-,-,-,-,4486.2000,4486.0000,4484.6000,4482.4000,4480.0000,4488.6000,4489.6000,4491.4000,4492.2000,4495.0000,1,1,1,1,1,1,1,2,1,1
SF,IF2103,2020-09-15 09:33:17.100,4486.4000,10067,0,162892740.000,0,-,-,-,-,4486.4000,4486.2000,4486.0000,4484.6000,4482.4000,4488.4000,4488.6000,4489.6000,4491.4000,4492.2000,1,1,1,1,1,1,1,1,2,1
SF,IF2103,2020-09-15 09:33:17.600,4486.0000,10065,-2,166930320.000,3,0,3,多平,S,4484.6000,4482.4000,4480.0000,4478.0000,4475.0000,4488.2000,4488.4000,4489.6000,4491.4000,4492.2000,1,1,1,1,1,1,2,1,2,1
SF,IF2103,2020-09-15 09:33:18.100,4486.0000,10065,0,166930320.000,0,-,-,-,-,4484.8000,4484.6000,4482.4000,4480.0000,4478.0000,4488.2000,4488.4000,4489.6000,4491.4000,4492.2000,2,1,1,1,1,1,2,1,2,1
SF,IF2103,2020-09-15 09:33:18.600,4486.0000,10065,0,166930320.000,0,-,-,-,-,4484.8000,4484.6000,4482.4000,4480.0000,4478.0000,4488.0000,4488.2000,4488.4000,4489.6000,4491.4000,2,1,1,1,1,2,1,1,1,2
SF,IF2103,2020-09-15 09:33:19.100,4486.0000,10065,0,166930320.000,0,-,-,-,-,4484.8000,4484.6000,4482.4000,4480.0000,4478.0000,4487.8000,4488.0000,4488.4000,4489.6000,4491.4000,2,1,1,1,1,1,2,1,1,2
SF,IF2103,2020-09-15 09:33:19.600,4486.0000,10065,0,166930320.000,0,-,-,-,-,4484.8000,4484.6000,4482.4000,4480.0000,4478.0000,4487.6000,4487.8000,4488.0000,4488.4000,4489.6000,2,1,1,1,1,1,1,1,1,1
SF,IF2103,2020-09-15 09:33:20.100,4486.0000,10065,0,166930320.000,0,-,-,-,-,4484.8000,4484.6000,4482.4000,4480.0000,4478.0000,4487.4000,4487.6000,4488.0000,4488.4000,4489.6000,1,1,1,1,1,1,1,1,1,1
SF,IF2103,2020-09-15 09:33:21.600,4486.0000,10065,0,166930320.000,0,-,-,-,-,4484.8000,4484.6000,4482.4000,4480.0000,4478.0000,4487.2000,4487.4000,4488.0000,4488.4000,4489.6000,1,1,1,1,1,1,1,1,1,1
SF,IF2103,2020-09-15 09:33:22.100,4486.0000,10065,0,166930320.000,0,-,-,-,-,4484.8000,4482.4000,4480.0000,4478.0000,4475.0000,4487.0000,4487.2000,4488.0000,4489.6000,4491.4000,1,1,1,1,1,2,1,1,1,2
SF,IF2103,2020-09-15 09:33:23.100,4486.0000,10065,0,166930320.000,0,-,-,-,-,4484.8000,4482.4000,4480.0000,4478.0000,4475.0000,4487.0000,4487.2000,4488.0000,4489.6000,4491.4000,1,1,1,1,1,1,1,1,1,2
SF,IF2103,2020-09-15 09:33:23.600,4487.2000,10066,1,169622580.000,2,1,1,空开,S,4487.2000,4484.8000,4482.4000,4480.0000,4478.0000,4488.0000,4489.6000,4491.4000,4492.2000,4495.0000,1,1,1,1,1,1,1,2,1,1
SF,IF2103,2020-09-15 09:33:24.100,4487.2000,10067,1,170968740.000,1,1,0,双开,S,4484.8000,4482.4000,4480.0000,4478.0000,4475.0000,4488.0000,4489.6000,4491.4000,4492.2000,4495.0000,1,1,1,1,1,1,1,2,1,1
SF,IF2103,2020-09-15 09:33:24.600,4487.2000,10067,0,170968740.000,0,-,-,-,-,4485.0000,4484.8000,4482.4000,4480.0000,4478.0000,4487.8000,4488.0000,4489.6000,4491.4000,4492.2000,1,1,1,1,1,2,2,1,2,1
SF,IF2103,2020-09-15 09:33:25.100,4487.2000,10067,0,170968740.000,0,-,-,-,-,4485.2000,4485.0000,4482.4000,4480.0000,4478.0000,4487.4000,4487.6000,4487.8000,4488.0000,4489.6000,1,1,1,1,1,1,1,2,2,1
SF,IF2103,2020-09-15 09:33:25.600,4487.2000,10067,0,170968740.000,0,-,-,-,-,4485.2000,4485.0000,4482.4000,4480.0000,4478.0000,4487.2000,4487.4000,4487.6000,4487.8000,4488.0000,1,1,1,1,1,1,1,1,1,2
SF,IF2103,2020-09-15 09:33:26.100,4487.2000,10067,0,170968740.000,0,-,-,-,-,4485.0000,4482.4000,4480.0000,4478.0000,4475.0000,4487.2000,4487.4000,4487.6000,4488.0000,4489.6000,1,1,1,1,1,1,1,1,2,1
SF,IF2103,2020-09-15 09:33:26.600,4487.2000,10067,0,170968740.000,0,-,-,-,-,4482.4000,4480.0000,4478.0000,4475.0000,4465.0000,4487.2000,4487.6000,4488.0000,4489.6000,4491.4000,1,1,1,1,1,2,1,2,1,2
SF,IF2103,2020-09-15 09:33:27.100,4487.2000,10067,0,170968740.000,0,-,-,-,-,4484.0000,4483.4000,4482.6000,4482.4000,4480.0000,4486.8000,4487.0000,4487.2000,4488.0000,4489.6000,1,1,1,1,1,1,2,1,2,1
SF,IF2103,2020-09-15 09:33:27.600,4487.2000,10067,0,170968740.000,0,-,-,-,-,4484.2000,4484.0000,4483.4000,4482.4000,4480.0000,4486.6000,4486.8000,4487.0000,4488.0000,4489.6000,1,1,1,1,1,2,1,1,2,1
SF,IF2103,2020-09-15 09:33:28.100,4487.2000,10067,0,170968740.000,0,-,-,-,-,4484.2000,4484.0000,4483.4000,4482.4000,4480.0000,4486.6000,4486.8000,4488.0000,4489.6000,4491.4000,1,1,1,1,1,2,1,2,1,2
SF,IF2103,2020-09-15 09:33:28.600,4487.2000,10067,0,170968740.000,0,-,-,-,-,4484.2000,4484.0000,4483.4000,4482.4000,4480.0000,4486.6000,4486.8000,4488.0000,4489.6000,4491.4000,1,1,1,1,1,3,1,2,1,2
SF,IF2103,2020-09-15 09:33:29.100,4487.2000,10067,0,170968740.000,0,-,-,-,-,4484.6000,4484.4000,4484.2000,4484.0000,4483.4000,4486.6000,4488.0000,4489.6000,4491.4000,4492.2000,1,1,1,1,1,2,2,1,2,1
SF,IF2103,2020-09-15 09:33:29.600,4487.2000,10067,0,170968740.000,0,-,-,-,-,4484.8000,4484.6000,4484.4000,4484.0000,4482.4000,4488.0000,4489.6000,4491.4000,4492.2000,4495.0000,2,1,1,1,1,1,1,2,1,1
SF,IF2103,2020-09-15 09:33:30.100,4487.2000,10067,0,170968740.000,0,-,-,-,-,4485.0000,4484.8000,4484.6000,4484.0000,4482.4000,4487.8000,4488.0000,4489.6000,4491.4000,4492.2000,1,2,1,1,1,1,1,1,2,1
SF,IF2103,2020-09-15 09:33:30.600,4487.2000,10067,0,170968740.000,0,-,-,-,-,4485.2000,4485.0000,4484.8000,4484.6000,4484.0000,4487.8000,4488.0000,4489.6000,4491.4000,4492.2000,1,1,1,1,1,1,1,1,2,1
SF,IF2103,2020-09-15 09:33:31.100,4487.2000,10067,0,170968740.000,0,-,-,-,-,4485.4000,4485.2000,4484.8000,4484.6000,4484.0000,4487.8000,4488.0000,4489.6000,4491.4000,4492.2000,1,1,1,1,1,1,1,1,2,1
SF,IF2103,2020-09-15 09:33:35.100,4487.2000,10067,0,170968740.000,0,-,-,-,-,4485.4000,4485.2000,4484.8000,4484.6000,4484.0000,4487.8000,4489.6000,4491.4000,4492.2000,4495.0000,1,1,1,1,1,1,1,2,1,1
SF,IF2103,2020-09-15 09:33:35.600,4487.2000,10067,0,170968740.000,0,-,-,-,-,4485.6000,4485.4000,4484.8000,4484.6000,4484.0000,4487.8000,4489.6000,4491.4000,4492.2000,4495.0000,1,1,1,1,1,1,1,2,1,1
SF,IF2103,2020-09-15 09:33:36.100,4487.8000,10067,0,172315080.000,1,0,1,多换,S,4487.8000,4485.6000,4485.4000,4484.8000,4484.6000,4489.6000,4491.4000,4492.2000,4495.0000,4495.8000,2,1,1,1,1,1,2,1,1,3
SF,IF2103,2020-09-15 09:33:36.600,4487.8000,10067,0,175007760.000,2,1,1,多换,S,4485.6000,4485.4000,4484.6000,4484.0000,4482.4000,4489.0000,4489.4000,4489.6000,4491.4000,4492.2000,1,1,1,1,1,1,1,1,2,1
SF,IF2103,2020-09-15 09:33:37.100,4487.8000,10067,0,175007760.000,0,-,-,-,-,4485.8000,4485.6000,4484.6000,4484.0000,4482.4000,4488.8000,4489.0000,4489.6000,4491.4000,4492.2000,1,1,1,1,1,1,1,1,2,1
SF,IF2103,2020-09-15 09:33:37.600,4487.8000,10067,0,175007760.000,0,-,-,-,-,4486.0000,4485.8000,4484.6000,4484.0000,4482.4000,4488.8000,4489.0000,4489.6000,4491.4000,4492.2000,1,2,1,1,1,1,1,1,2,1
SF,IF2103,2020-09-15 09:33:38.100,4487.8000,10067,0,175007760.000,0,-,-,-,-,4486.0000,4484.6000,4484.0000,4482.4000,4480.0000,4488.6000,4489.0000,4489.6000,4491.4000,4492.2000,2,1,1,1,1,1,1,1,2,1
SF,IF2103,2020-09-15 09:33:38.600,4487.8000,10067,0,175007760.000,0,-,-,-,-,4486.0000,4484.6000,4484.0000,4482.4000,4480.0000,4488.6000,4489.0000,4489.6000,4491.4000,4492.2000,1,1,1,1,1,1,1,1,2,1
SF,IF2103,2020-09-15 09:33:40.100,4487.8000,10067,0,175007760.000,0,-,-,-,-,4486.0000,4484.6000,4484.0000,4482.4000,4480.0000,4488.6000,4489.0000,4489.6000,4491.4000,4492.2000,1,1,1,1,1,2,1,1,2,1
SF,IF2103,2020-09-15 09:33:40.600,4487.8000,10067,0,175007760.000,0,-,-,-,-,4486.2000,4486.0000,4484.6000,4484.0000,4482.4000,4488.4000,4489.0000,4489.6000,4491.4000,4492.2000,1,1,1,1,1,1,1,1,2,1
SF,IF2103,2020-09-15 09:33:41.100,4487.8000,10067,0,175007760.000,0,-,-,-,-,4486.4000,4486.2000,4484.6000,4484.0000,4482.4000,4488.4000,4489.0000,4489.6000,4491.4000,4492.2000,1,1,1,1,1,1,1,1,2,1
SF,IF2103,2020-09-15 09:33:41.600,4487.8000,10067,0,175007760.000,0,-,-,-,-,4486.4000,4486.2000,4484.6000,4484.0000,4482.4000,4488.2000,4488.4000,4489.0000,4489.6000,4491.4000,1,1,1,1,1,1,2,1,1,2
SF,IF2103,2020-09-15 09:33:42.100,4487.8000,10067,0,175007760.000,0,-,-,-,-,4486.4000,4486.2000,4484.6000,4484.0000,4482.4000,4488.2000,4488.4000,4489.0000,4489.6000,4491.4000,1,1,1,1,1,2,1,1,1,2
SF,IF2103,2020-09-15 09:33:42.600,4486.2000,10065,-2,177699540.000,2,0,2,双平,S,4484.6000,4484.0000,4482.4000,4480.0000,4478.0000,4488.0000,4488.2000,4488.4000,4489.0000,4489.6000,1,1,1,1,1,4,2,1,1,1
SF,IF2103,2020-09-15 09:33:43.100,4486.2000,10065,0,177699540.000,0,-,-,-,-,4487.0000,4484.8000,4484.0000,4482.4000,4480.0000,4487.8000,4488.0000,4488.4000,4489.6000,4491.4000,1,1,1,1,1,2,3,1,1,2
SF,IF2103,2020-09-15 09:33:43.600,4487.0000,10065,0,179045640.000,1,0,1,多换,S,4484.8000,4484.0000,4482.4000,4480.0000,4478.0000,4487.0000,4487.6000,4487.8000,4488.0000,4488.4000,1,1,1,1,1,1,1,1,3,1
SF,IF2103,2020-09-15 09:33:44.100,4487.0000,10065,0,179045640.000,0,-,-,-,-,4484.8000,4484.0000,4482.4000,4480.0000,4478.0000,4487.0000,4487.6000,4487.8000,4488.0000,4488.4000,1,1,1,1,1,1,1,1,3,1
SF,IF2103,2020-09-15 09:33:44.600,4487.0000,10065,0,179045640.000,0,-,-,-,-,4484.8000,4484.0000,4482.4000,4480.0000,4478.0000,4487.0000,4487.8000,4488.0000,4488.4000,4489.6000,1,1,1,1,1,2,1,3,1,1
SF,IF2103,2020-09-15 09:33:45.100,4487.0000,10065,0,179045640.000,0,-,-,-,-,4484.8000,4484.0000,4482.4000,4480.0000,4478.0000,4487.0000,4487.8000,4488.4000,4489.6000,4491.4000,1,1,1,1,1,2,1,1,1,2
SF,IF2103,2020-09-15 09:33:45.600,4487.0000,10065,0,179045640.000,0,-,-,-,-,4484.8000,4484.0000,4482.4000,4480.0000,4478.0000,4487.0000,4487.8000,4488.4000,4489.6000,4491.4000,1,1,1,1,1,1,1,1,1,2
SF,IF2103,2020-09-15 09:33:46.100,4487.0000,10065,0,179045640.000,0,-,-,-,-,4484.8000,4484.0000,4482.4000,4480.0000,4478.0000,4486.8000,4487.0000,4487.8000,4488.4000,4489.6000,1,1,1,1,1,3,1,1,1,1
SF,IF2103,2020-09-15 09:33:47.100,4487.0000,10065,0,179045640.000,0,-,-,-,-,4484.8000,4484.0000,4482.4000,4480.0000,4478.0000,4486.6000,4486.8000,4487.0000,4487.8000,4488.4000,1,1,1,1,1,1,3,1,1,1
SF,IF2103,2020-09-15 09:33:47.600,4487.0000,10065,0,179045640.000,0,-,-,-,-,4484.8000,4484.0000,4482.4000,4480.0000,4478.0000,4486.4000,4486.6000,4486.8000,4487.0000,4487.8000,1,1,1,1,1,1,1,3,1,1
SF,IF2103,2020-09-15 09:33:48.100,4487.0000,10065,0,179045640.000,0,-,-,-,-,4484.8000,4484.0000,4482.4000,4480.0000,4478.0000,4486.4000,4486.8000,4487.0000,4487.8000,4488.4000,1,1,1,1,1,1,3,1,1,1
SF,IF2103,2020-09-15 09:33:48.600,4487.0000,10065,0,179045640.000,0,-,-,-,-,4484.8000,4484.0000,4482.4000,4480.0000,4478.0000,4486.4000,4486.8000,4487.0000,4487.8000,4488.4000,1,1,1,1,1,1,3,1,1,1
SF,IF2103,2020-09-15 09:33:49.100,4487.0000,10065,0,179045640.000,0,-,-,-,-,4484.8000,4484.0000,4482.4000,4480.0000,4478.0000,4486.4000,4486.8000,4487.0000,4487.8000,4488.4000,2,1,1,1,1,1,3,1,1,1
SF,IF2103,2020-09-15 09:33:49.600,4486.4000,10064,-1,180391560.000,1,0,1,双平,S,4484.8000,4484.0000,4482.4000,4480.0000,4478.0000,4486.8000,4487.0000,4487.8000,4488.4000,4489.6000,2,1,1,1,1,3,1,1,1,1
SF,IF2103,2020-09-15 09:33:51.100,4484.8000,10064,0,181737000.000,1,0,1,多换,S,4484.0000,4482.4000,4480.0000,4478.0000,4475.0000,4484.8000,4486.8000,4487.0000,4487.8000,4488.4000,1,1,1,1,1,1,3,1,1,1
SF,IF2103,2020-09-15 09:33:51.600,4484.8000,10064,0,183082440.000,1,0,1,多换,S,4484.2000,4484.0000,4482.4000,4480.0000,4478.0000,4486.8000,4487.0000,4487.8000,4488.4000,4489.6000,1,1,1,1,1,3,1,1,1,1
SF,IF2103,2020-09-15 09:33:52.100,4484.8000,10064,0,183082440.000,0,-,-,-,-,4484.0000,4482.4000,4480.0000,4478.0000,4475.0000,4486.6000,4486.8000,4487.0000,4488.4000,4489.6000,1,1,1,1,1,2,3,1,1,1
SF,IF2103,2020-09-15 09:33:52.600,4484.8000,10064,0,183082440.000,0,-,-,-,-,4484.0000,4482.4000,4480.0000,4478.0000,4475.0000,4486.6000,4486.8000,4487.0000,4488.4000,4489.6000,2,1,1,1,1,2,3,1,1,1
SF,IF2103,2020-09-15 09:33:53.100,4484.8000,10064,0,183082440.000,0,-,-,-,-,4484.0000,4482.4000,4480.0000,4478.0000,4475.0000,4486.4000,4486.6000,4486.8000,4487.0000,4488.4000,2,1,1,1,1,1,2,3,1,1
SF,IF2103,2020-09-15 09:33:53.600,4484.8000,10064,0,183082440.000,0,-,-,-,-,4484.6000,4484.0000,4482.4000,4480.0000,4478.0000,4486.2000,4486.4000,4486.8000,4487.0000,4488.4000,1,2,1,1,1,2,1,3,1,1
SF,IF2103,2020-09-15 09:33:54.100,4484.8000,10064,0,183082440.000,0,-,-,-,-,4484.2000,4484.0000,4482.4000,4480.0000,4478.0000,4486.2000,4486.4000,4486.8000,4487.0000,4488.4000,1,1,1,1,1,1,1,3,1,1
SF,IF2103,2020-09-15 09:33:54.600,4484.8000,10064,0,183082440.000,0,-,-,-,-,4484.0000,4482.4000,4480.0000,4478.0000,4475.0000,4486.2000,4486.4000,4486.8000,4487.0000,4488.4000,1,1,1,1,1,1,1,3,1,1
SF,IF2103,2020-09-15 09:33:55.100,4484.8000,10064,0,183082440.000,0,-,-,-,-,4484.0000,4482.4000,4480.0000,4478.0000,4475.0000,4486.2000,4486.4000,4487.0000,4488.4000,4489.6000,1,1,1,1,1,1,1,1,1,1
SF,IF2103,2020-09-15 09:33:55.600,4484.8000,10064,0,183082440.000,0,-,-,-,-,4484.0000,4482.4000,4480.0000,4478.0000,4475.0000,4486.2000,4486.4000,4487.0000,4488.4000,4489.6000,2,1,1,1,1,1,1,1,1,1
SF,IF2103,2020-09-15 09:33:56.100,4484.8000,10064,0,183082440.000,0,-,-,-,-,4484.2000,4484.0000,4482.4000,4480.0000,4478.0000,4486.0000,4486.2000,4487.0000,4488.4000,4489.6000,1,2,1,1,1,3,1,1,1,1
SF,IF2103,2020-09-15 09:33:56.600,4484.8000,10064,0,183082440.000,0,-,-,-,-,4484.2000,4484.0000,4482.4000,4480.0000,4478.0000,4485.8000,4486.0000,4487.0000,4488.4000,4489.6000,1,2,1,1,1,1,3,1,1,1
SF,IF2103,2020-09-15 09:33:57.100,4484.8000,10064,0,183082440.000,0,-,-,-,-,4484.6000,4484.2000,4484.0000,4482.4000,4480.0000,4485.8000,4486.0000,4487.0000,4488.4000,4489.6000,1,1,2,1,1,1,3,1,1,1
SF,IF2103,2020-09-15 09:33:57.600,4484.2000,10065,1,184427700.000,1,1,0,双开,S,4484.0000,4482.4000,4480.0000,4478.0000,4475.0000,4484.2000,4485.8000,4486.0000,4487.0000,4488.4000,1,1,1,1,1,1,1,3,1,1
SF,IF2103,2020-09-15 09:33:58.100,4484.0000,10065,0,187118160.000,2,1,1,多换,S,4482.4000,4480.0000,4478.0000,4475.0000,4470.0000,4485.8000,4486.0000,4487.0000,4488.4000,4489.6000,1,1,1,1,7,1,3,1,1,1
SF,IF2103,2020-09-15 09:33:58.600,4484.0000,10065,0,187118160.000,0,-,-,-,-,4483.4000,4483.0000,4482.6000,4482.4000,4480.0000,4485.6000,4485.8000,4486.0000,4487.0000,4488.4000,1,1,1,1,1,1,1,3,1,1
SF,IF2103,2020-09-15 09:33:59.100,4484.0000,10065,0,187118160.000,0,-,-,-,-,4483.4000,4483.0000,4482.6000,4482.4000,4480.0000,4484.6000,4485.4000,4485.6000,4486.0000,4487.0000,1,1,1,1,1,1,1,1,3,1
SF,IF2103,2020-09-15 09:33:59.600,4484.6000,10064,-1,188463540.000,1,0,1,双平,S,4484.6000,4483.4000,4483.0000,4482.6000,4482.4000,4485.4000,4485.6000,4486.0000,4487.0000,4488.4000,1,1,1,1,1,1,1,3,1,1
SF,IF2103,2020-09-15 09:34:00.100,4484.6000,10064,0,188463540.000,0,-,-,-,-,4484.6000,4483.4000,4483.0000,4482.6000,4482.4000,4485.4000,4487.0000,4488.4000,4489.6000,4491.4000,1,1,1,1,1,1,1,1,1,2
SF,IF2103,2020-09-15 09:34:00.600,4484.6000,10064,0,188463540.000,0,-,-,-,-,4484.6000,4483.4000,4483.0000,4482.6000,4482.4000,4485.4000,4487.0000,4488.4000,4489.6000,4491.4000,1,1,1,1,1,1,1,1,1,2
SF,IF2103,2020-09-15 09:34:01.100,4485.4000,10063,-1,189809160.000,1,0,1,双平,S,4484.6000,4483.4000,4483.0000,4482.6000,4482.4000,4487.0000,4488.4000,4489.6000,4491.4000,4492.2000,1,1,1,1,1,1,1,1,2,1
SF,IF2103,2020-09-15 09:34:01.600,4485.4000,10063,0,189809160.000,0,-,-,-,-,4483.4000,4483.0000,4482.6000,4482.4000,4480.0000,4486.8000,4487.0000,4488.4000,4489.6000,4491.4000,1,1,1,1,1,5,1,1,1,2
SF,IF2103,2020-09-15 09:34:02.100,4485.4000,10063,0,189809160.000,0,-,-,-,-,4484.6000,4484.0000,4483.6000,4483.4000,4483.0000,4486.8000,4487.0000,4488.4000,4489.6000,4491.4000,1,1,1,1,1,5,1,1,1,2
SF,IF2103,2020-09-15 09:34:02.600,4485.4000,10063,0,189809160.000,0,-,-,-,-,4484.6000,4484.0000,4483.6000,4483.4000,4482.4000,4486.8000,4487.0000,4488.4000,4489.6000,4491.4000,1,1,1,1,1,5,1,1,1,2
SF,IF2103,2020-09-15 09:34:03.100,4485.4000,10063,0,189809160.000,0,-,-,-,-,4484.6000,4484.0000,4483.6000,4483.4000,4482.4000,4486.8000,4487.0000,4488.4000,4489.6000,4491.4000,1,1,1,1,1,5,1,1,1,2
SF,IF2103,2020-09-15 09:34:03.600,4485.4000,10063,0,189809160.000,0,-,-,-,-,4484.0000,4483.6000,4483.4000,4482.4000,4480.0000,4486.8000,4487.0000,4488.4000,4489.6000,4491.4000,1,1,1,1,1,5,1,1,1,2
SF,IF2103,2020-09-15 09:34:04.100,4485.4000,10063,0,189809160.000,0,-,-,-,-,4484.2000,4484.0000,4483.4000,4482.4000,4480.0000,4486.8000,4487.0000,4488.4000,4489.6000,4491.4000,1,1,1,1,1,5,1,1,1,2
SF,IF2103,2020-09-15 09:34:04.600,4485.4000,10063,0,189809160.000,0,-,-,-,-,4484.2000,4483.4000,4482.4000,4480.0000,4478.0000,4486.8000,4487.0000,4488.4000,4489.6000,4491.4000,1,1,1,1,1,5,1,1,1,2
SF,IF2103,2020-09-15 09:34:05.100,4485.4000,10063,0,189809160.000,0,-,-,-,-,4484.6000,4484.2000,4483.4000,4482.4000,4480.0000,4486.6000,4486.8000,4487.0000,4488.4000,4489.6000,1,2,1,1,1,1,5,1,1,1
SF,IF2103,2020-09-15 09:34:05.600,4485.4000,10063,0,189809160.000,0,-,-,-,-,4484.2000,4483.4000,4482.4000,4480.0000,4478.0000,4486.6000,4486.8000,4487.0000,4488.4000,4489.6000,2,1,1,1,1,1,5,1,1,1
SF,IF2103,2020-09-15 09:34:06.100,4485.4000,10063,0,189809160.000,0,-,-,-,-,4484.6000,4484.4000,4484.2000,4483.4000,4482.4000,4486.4000,4486.8000,4487.0000,4488.4000,4489.6000,1,1,2,1,1,1,4,1,1,1
SF,IF2103,2020-09-15 09:34:06.600,4485.4000,10063,0,189809160.000,0,-,-,-,-,4484.4000,4484.2000,4483.4000,4482.4000,4480.0000,4486.8000,4487.0000,4488.4000,4489.6000,4491.4000,1,1,1,1,1,4,1,1,1,2
SF,IF2103,2020-09-15 09:34:07.100,4485.4000,10063,0,189809160.000,0,-,-,-,-,4484.2000,4483.4000,4482.4000,4480.0000,4478.0000,4486.6000,4486.8000,4487.0000,4488.4000,4489.6000,1,1,1,1,1,1,4,1,1,1
SF,IF2103,2020-09-15 09:34:07.600,4485.4000,10063,0,189809160.000,0,-,-,-,-,4484.6000,4484.4000,4484.2000,4483.4000,4482.4000,4486.6000,4486.8000,4487.0000,4488.4000,4489.6000,1,1,2,1,1,1,4,1,1,1
SF,IF2103,2020-09-15 09:34:08.100,4485.4000,10063,0,189809160.000,0,-,-,-,-,4484.6000,4484.2000,4483.4000,4482.4000,4480.0000,4486.6000,4486.8000,4487.0000,4488.4000,4489.6000,1,1,1,1,1,1,4,1,1,1
SF,IF2103,2020-09-15 09:34:08.600,4485.4000,10063,0,189809160.000,0,-,-,-,-,4484.6000,4484.4000,4484.2000,4483.4000,4482.4000,4486.6000,4486.8000,4487.0000,4488.4000,4489.6000,1,1,1,1,1,1,4,1,1,1
SF,IF2103,2020-09-15 09:34:09.600,4485.4000,10063,0,189809160.000,0,-,-,-,-,4484.6000,4484.2000,4483.4000,4482.4000,4480.0000,4486.6000,4486.8000,4487.0000,4488.4000,4489.6000,1,1,1,1,1,2,4,1,1,1
SF,IF2103,2020-09-15 09:34:10.100,4485.4000,10063,0,189809160.000,0,-,-,-,-,4484.6000,4484.2000,4483.4000,4482.4000,4480.0000,4486.6000,4486.8000,4487.0000,4488.4000,4489.6000,1,1,1,1,1,2,4,1,1,1
SF,IF2103,2020-09-15 09:34:10.600,4485.4000,10063,0,189809160.000,0,-,-,-,-,4484.6000,4484.2000,4483.4000,4482.4000,4480.0000,4486.6000,4486.8000,4487.0000,4488.4000,4489.6000,1,1,1,1,1,1,4,1,1,1
SF,IF2103,2020-09-15 09:34:14.100,4485.4000,10063,0,189809160.000,0,-,-,-,-,4484.6000,4484.2000,4483.4000,4482.4000,4480.0000,4486.6000,4486.8000,4487.0000,4488.4000,4489.6000,2,1,1,1,1,1,4,1,1,1
SF,IF2103,2020-09-15 09:34:14.600,4486.8000,10062,-1,192501180.000,2,0,2,多平,S,4484.8000,4484.6000,4483.4000,4482.4000,4480.0000,4486.8000,4487.0000,4488.4000,4489.6000,4491.4000,1,2,1,1,1,2,1,1,1,2
SF,IF2103,2020-09-15 09:34:15.100,4486.8000,10062,0,192501180.000,0,-,-,-,-,4484.8000,4484.6000,4482.4000,4480.0000,4478.6000,4486.8000,4488.4000,4489.6000,4491.4000,4492.2000,1,2,1,1,1,2,1,1,2,1
SF,IF2103,2020-09-15 09:34:15.600,4486.8000,10062,0,192501180.000,0,-,-,-,-,4485.0000,4484.8000,4484.6000,4482.4000,4480.0000,4486.8000,4488.4000,4489.6000,4491.4000,4492.2000,1,2,1,1,1,2,1,1,2,1
SF,IF2103,2020-09-15 09:34:16.100,4486.8000,10062,0,195193260.000,2,1,1,多换,S,4485.2000,4485.0000,4484.6000,4482.4000,4480.0000,4488.4000,4489.6000,4491.4000,4492.2000,4495.0000,1,2,1,1,1,1,1,2,1,1
SF,IF2103,2020-09-15 09:34:16.600,4486.8000,10062,0,195193260.000,0,-,-,-,-,4485.4000,4485.2000,4485.0000,4484.6000,4482.4000,4488.2000,4488.4000,4489.6000,4491.4000,4492.2000,1,1,1,1,1,1,1,1,2,1
SF,IF2103,2020-09-15 09:34:17.100,4486.8000,10062,0,195193260.000,0,-,-,-,-,4485.6000,4485.4000,4485.0000,4484.6000,4482.4000,4488.2000,4488.4000,4489.6000,4491.4000,4492.2000,1,1,1,1,1,1,1,1,2,1
SF,IF2103,2020-09-15 09:34:17.600,4486.8000,10062,0,195193260.000,0,-,-,-,-,4485.8000,4485.6000,4485.0000,4484.6000,4482.4000,4488.2000,4488.4000,4491.4000,4492.2000,4495.0000,1,1,1,1,1,1,1,2,1,1
SF,IF2103,2020-09-15 09:34:18.100,4486.8000,10062,0,195193260.000,0,-,-,-,-,4486.0000,4485.8000,4485.0000,4484.6000,4482.4000,4488.2000,4488.4000,4491.4000,4492.2000,4495.0000,1,1,1,1,1,2,1,2,1,1
SF,IF2103,2020-09-15 09:34:19.600,4486.8000,10062,0,195193260.000,0,-,-,-,-,4486.0000,4485.8000,4485.0000,4484.6000,4482.4000,4488.2000,4488.4000,4491.4000,4492.2000,4495.0000,1,1,1,1,1,1,1,2,1,1
SF,IF2103,2020-09-15 09:34:22.600,4486.8000,10062,0,195193260.000,0,-,-,-,-,4486.0000,4485.8000,4485.0000,4484.6000,4482.4000,4488.2000,4488.4000,4491.4000,4492.2000,4495.0000,1,1,1,1,1,1,1,2,1,1
SF,IF2103,2020-09-15 09:34:23.600,4486.8000,10062,0,195193260.000,0,-,-,-,-,4486.0000,4485.8000,4485.0000,4484.6000,4482.4000,4488.2000,4491.4000,4492.2000,4495.0000,4495.8000,1,1,1,1,1,1,2,1,1,3
SF,IF2103,2020-09-15 09:34:25.600,4486.8000,10062,0,195193260.000,0,-,-,-,-,4486.0000,4485.8000,4485.0000,4484.6000,4482.4000,4488.2000,4491.4000,4492.2000,4495.0000,4495.8000,1,1,1,1,1,1,2,1,1,3
SF,IF2103,2020-09-15 09:34:26.100,4486.8000,10062,0,195193260.000,0,-,-,-,-,4486.0000,4485.0000,4484.6000,4482.4000,4480.0000,4488.2000,4491.4000,4492.2000,4495.0000,4495.8000,1,1,1,1,1,2,2,1,1,3
SF,IF2103,2020-09-15 09:34:32.100,4486.0000,10061,-1,196539060.000,1,0,1,双平,S,4485.0000,4484.6000,4482.4000,4480.0000,4478.6000,4488.0000,4488.2000,4491.4000,4492.2000,4495.0000,1,1,1,1,1,1,2,2,1,1
SF,IF2103,2020-09-15 09:34:32.600,4486.0000,10061,0,196539060.000,0,-,-,-,-,4485.2000,4485.0000,4484.6000,4482.4000,4480.0000,4487.8000,4488.0000,4491.4000,4492.2000,4495.0000,1,1,1,1,1,2,2,2,1,1
SF,IF2103,2020-09-15 09:34:33.100,4486.0000,10061,0,196539060.000,0,-,-,-,-,4485.0000,4484.6000,4482.4000,4480.0000,4478.6000,4487.6000,4487.8000,4491.4000,4492.2000,4495.0000,1,1,1,1,1,2,2,2,1,1
SF,IF2103,2020-09-15 09:34:33.600,4485.0000,10060,-1,197884560.000,1,0,1,双平,S,4485.4000,4484.6000,4482.4000,4480.0000,4478.6000,4487.4000,4487.6000,4491.4000,4492.2000,4495.0000,1,1,1,1,1,2,2,2,1,1
SF,IF2103,2020-09-15 09:34:34.100,4485.4000,10060,0,199230180.000,1,0,1,多换,S,4484.6000,4482.4000,4480.0000,4478.6000,4478.0000,4486.8000,4487.2000,4487.4000,4487.6000,4491.4000,1,1,1,1,1,1,1,3,1,2
SF,IF2103,2020-09-15 09:34:34.600,4485.4000,10060,0,199230180.000,0,-,-,-,-,4484.6000,4482.4000,4480.0000,4478.6000,4478.0000,4486.6000,4486.8000,4487.4000,4487.6000,4491.4000,1,1,1,1,1,1,2,2,1,2
SF,IF2103,2020-09-15 09:34:35.100,4485.4000,10060,0,199230180.000,0,-,-,-,-,4484.6000,4482.4000,4480.0000,4478.6000,4478.0000,4486.6000,4486.8000,4487.4000,4487.6000,4491.4000,1,1,1,1,1,1,2,2,1,2
SF,IF2103,2020-09-15 09:34:35.600,4485.4000,10060,0,199230180.000,0,-,-,-,-,4484.6000,4482.4000,4480.0000,4478.6000,4478.0000,4486.6000,4486.8000,4487.4000,4487.6000,4491.4000,1,1,1,1,1,3,1,1,1,2
SF,IF2103,2020-09-15 09:34:36.100,4485.4000,10060,0,199230180.000,0,-,-,-,-,4484.6000,4482.4000,4480.0000,4478.6000,4478.0000,4486.6000,4486.8000,4487.4000,4487.6000,4489.8000,1,1,1,1,1,3,1,1,1,2
SF,IF2103,2020-09-15 09:34:36.600,4485.4000,10060,0,199230180.000,0,-,-,-,-,4484.6000,4482.4000,4480.0000,4478.6000,4478.0000,4486.4000,4486.6000,4486.8000,4487.4000,4487.6000,1,1,1,1,1,2,1,1,1,1
SF,IF2103,2020-09-15 09:34:37.100,4485.4000,10060,0,199230180.000,0,-,-,-,-,4484.6000,4482.4000,4480.0000,4478.6000,4478.0000,4486.2000,4486.4000,4486.8000,4487.4000,4487.6000,1,1,1,1,1,1,1,1,1,1
SF,IF2103,2020-09-15 09:34:37.600,4485.4000,10060,0,199230180.000,0,-,-,-,-,4484.6000,4482.4000,4480.0000,4478.6000,4478.0000,4486.2000,4486.4000,4487.4000,4487.6000,4489.8000,1,1,1,1,1,1,1,1,1,2
SF,IF2103,2020-09-15 09:34:38.100,4485.4000,10060,0,199230180.000,0,-,-,-,-,4484.6000,4482.4000,4480.0000,4478.6000,4478.0000,4486.2000,4487.4000,4487.6000,4489.8000,4491.4000,1,1,1,1,1,1,1,1,2,2
SF,IF2103,2020-09-15 09:34:40.100,4485.4000,10060,0,199230180.000,0,-,-,-,-,4484.6000,4482.4000,4480.0000,4478.6000,4478.0000,4486.2000,4487.4000,4487.6000,4489.8000,4491.4000,2,1,1,1,1,1,1,1,2,2
SF,IF2103,2020-09-15 09:34:40.600,4485.4000,10060,0,199230180.000,0,-,-,-,-,4484.6000,4482.4000,4480.0000,4478.6000,4478.0000,4486.2000,4487.4000,4487.6000,4489.8000,4491.4000,2,1,1,1,1,1,1,1,2,2
SF,IF2103,2020-09-15 09:34:41.100,4485.4000,10060,0,199230180.000,0,-,-,-,-,4484.6000,4482.4000,4480.0000,4478.6000,4478.0000,4486.2000,4487.4000,4487.6000,4489.8000,4491.4000,1,1,1,1,1,1,1,1,2,2
SF,IF2103,2020-09-15 09:34:41.600,4485.4000,10060,0,199230180.000,0,-,-,-,-,4484.6000,4482.4000,4480.0000,4478.6000,4478.0000,4486.2000,4487.4000,4487.6000,4489.8000,4491.4000,1,1,1,1,1,2,1,1,2,2
SF,IF2103,2020-09-15 09:34:42.100,4485.4000,10060,0,199230180.000,0,-,-,-,-,4484.6000,4482.4000,4480.0000,4478.6000,4478.0000,4486.2000,4487.4000,4487.6000,4489.8000,4491.4000,1,1,1,1,1,1,1,1,2,2
SF,IF2103,2020-09-15 09:34:43.100,4485.4000,10060,0,199230180.000,0,-,-,-,-,4484.6000,4482.4000,4480.0000,4478.6000,4478.0000,4486.2000,4487.4000,4487.6000,4489.8000,4491.4000,2,1,1,1,1,1,1,1,2,2
SF,IF2103,2020-09-15 09:34:49.100,4485.4000,10060,0,199230180.000,0,-,-,-,-,4484.6000,4482.4000,4480.0000,4478.6000,4478.0000,4486.2000,4487.4000,4487.6000,4489.8000,4491.4000,1,1,1,1,1,1,1,1,2,2
SF,IF2103,2020-09-15 09:34:50.100,4485.4000,10060,0,199230180.000,0,-,-,-,-,4482.4000,4480.0000,4478.6000,4478.0000,4475.0000,4486.2000,4487.4000,4487.6000,4489.8000,4491.4000,1,1,1,1,1,1,1,1,2,2
SF,IF2103,2020-09-15 09:34:50.600,4485.4000,10060,0,199230180.000,0,-,-,-,-,4483.2000,4482.6000,4482.4000,4480.0000,4478.6000,4486.0000,4486.2000,4489.8000,4491.4000,4492.2000,1,1,1,1,1,2,1,2,2,1
SF,IF2103,2020-09-15 09:34:51.100,4485.4000,10060,0,199230180.000,0,-,-,-,-,4483.2000,4482.6000,4482.4000,4480.0000,4478.6000,4485.8000,4486.0000,4489.8000,4491.4000,4492.2000,1,1,1,1,1,2,2,2,2,1
SF,IF2103,2020-09-15 09:34:51.600,4485.4000,10060,0,199230180.000,0,-,-,-,-,4482.6000,4482.4000,4480.0000,4478.6000,4478.0000,4485.6000,4485.8000,4489.8000,4491.4000,4492.2000,1,1,1,1,1,2,2,2,2,1
SF,IF2103,2020-09-15 09:34:52.100,4485.4000,10060,0,199230180.000,0,-,-,-,-,4482.6000,4482.4000,4480.0000,4478.6000,4478.0000,4485.4000,4485.6000,4485.8000,4489.8000,4491.4000,1,1,1,1,1,2,2,1,2,2
SF,IF2103,2020-09-15 09:34:52.600,4485.4000,10060,0,199230180.000,0,-,-,-,-,4482.4000,4480.0000,4478.6000,4478.0000,4475.0000,4485.2000,4485.4000,4485.6000,4485.8000,4489.8000,1,1,1,1,1,1,2,1,1,2
SF,IF2103,2020-09-15 09:34:53.100,4485.4000,10060,0,199230180.000,0,-,-,-,-,4482.4000,4480.0000,4478.6000,4478.0000,4475.0000,4485.0000,4485.2000,4485.4000,4485.6000,4489.8000,1,1,1,1,1,1,1,1,1,2
SF,IF2103,2020-09-15 09:34:53.600,4485.4000,10060,0,199230180.000,0,-,-,-,-,4482.4000,4480.0000,4478.6000,4478.0000,4475.0000,4484.8000,4485.0000,4485.6000,4489.8000,4491.4000,1,1,1,1,1,1,1,1,2,2
SF,IF2103,2020-09-15 09:34:54.100,4485.4000,10060,0,199230180.000,0,-,-,-,-,4482.4000,4480.0000,4478.6000,4478.0000,4475.0000,4484.6000,4484.8000,4489.8000,4491.4000,4492.2000,2,1,1,1,1,1,1,2,2,1
SF,IF2103,2020-09-15 09:34:54.600,4485.4000,10060,0,199230180.000,0,-,-,-,-,4482.4000,4480.0000,4478.6000,4478.0000,4475.0000,4484.6000,4484.8000,4489.8000,4491.4000,4492.2000,1,1,1,1,1,1,1,2,2,1
SF,IF2103,2020-09-15 09:34:55.100,4485.4000,10060,0,199230180.000,0,-,-,-,-,4482.4000,4480.0000,4478.6000,4478.0000,4475.0000,4484.4000,4484.6000,4484.8000,4489.8000,4491.4000,2,1,1,1,1,1,1,1,2,2
SF,IF2103,2020-09-15 09:34:55.600,4485.4000,10060,0,199230180.000,0,-,-,-,-,4482.4000,4480.0000,4478.6000,4478.0000,4475.0000,4484.2000,4484.4000,4484.8000,4489.8000,4491.4000,1,1,1,1,1,1,1,1,2,2
SF,IF2103,2020-09-15 09:34:56.100,4485.4000,10060,0,199230180.000,0,-,-,-,-,4482.4000,4480.0000,4478.6000,4478.0000,4475.0000,4484.2000,4484.4000,4484.8000,4489.8000,4491.4000,1,1,1,1,1,2,1,1,2,2
SF,IF2103,2020-09-15 09:34:56.600,4485.4000,10060,0,199230180.000,0,-,-,-,-,4482.4000,4480.0000,4478.6000,4478.0000,4475.0000,4484.2000,4484.8000,4489.8000,4491.4000,4492.2000,1,1,1,1,1,1,1,2,2,1
SF,IF2103,2020-09-15 09:34:57.100,4482.4000,10059,-1,200574900.000,1,0,1,双平,S,4480.0000,4478.6000,4478.0000,4475.0000,4470.0000,4483.6000,4484.2000,4484.8000,4489.8000,4491.4000,1,1,1,1,12,1,2,1,2,2
SF,IF2103,2020-09-15 09:34:57.600,4482.4000,10059,0,200574900.000,0,-,-,-,-,4481.2000,4480.0000,4478.6000,4478.0000,4475.0000,4483.4000,4483.6000,4489.8000,4491.4000,4492.2000,1,1,1,1,1,2,2,2,2,1
SF,IF2103,2020-09-15 09:34:58.100,4482.4000,10059,0,200574900.000,0,-,-,-,-,4481.2000,4480.0000,4478.6000,4478.0000,4475.0000,4483.2000,4483.4000,4489.8000,4491.4000,4492.2000,1,1,1,1,1,2,2,2,2,1
SF,IF2103,2020-09-15 09:34:58.600,4482.4000,10059,0,200574900.000,0,-,-,-,-,4481.2000,4480.0000,4478.6000,4478.0000,4475.0000,4483.0000,4483.2000,4483.4000,4489.8000,4491.4000,1,1,1,1,1,2,1,2,2,2
SF,IF2103,2020-09-15 09:34:59.100,4482.4000,10059,0,200574900.000,0,-,-,-,-,4481.2000,4480.0000,4478.6000,4478.0000,4475.0000,4483.2000,4483.4000,4489.8000,4491.4000,4492.2000,1,1,1,1,1,1,2,2,2,1
SF,IF2103,2020-09-15 09:34:59.600,4482.4000,10059,0,200574900.000,0,-,-,-,-,4481.2000,4480.0000,4478.6000,4478.0000,4475.0000,4483.4000,4489.8000,4491.4000,4492.2000,4495.0000,2,1,1,1,1,2,2,2,1,1
SF,IF2103,2020-09-15 09:35:00.100,4483.4000,10058,-1,201919920.000,1,0,1,双平,S,4481.2000,4480.0000,4478.6000,4478.0000,4475.0000,4483.4000,4489.8000,4491.4000,4492.2000,4495.0000,2,1,1,1,1,1,2,2,1,1
SF,IF2103,2020-09-15 09:35:00.600,4483.4000,10058,0,201919920.000,0,-,-,-,-,4481.4000,4481.2000,4480.0000,4478.6000,4478.0000,4483.4000,4489.8000,4491.4000,4492.2000,4495.0000,1,1,1,1,1,1,2,2,1,1
SF,IF2103,2020-09-15 09:35:01.100,4483.4000,10058,0,201919920.000,0,-,-,-,-,4481.4000,4481.2000,4480.0000,4478.6000,4478.0000,4489.8000,4491.4000,4492.2000,4495.0000,4495.8000,2,1,1,1,1,2,2,1,1,3
SF,IF2103,2020-09-15 09:35:01.600,4483.4000,10058,0,201919920.000,0,-,-,-,-,4481.6000,4481.4000,4481.2000,4480.0000,4478.6000,4486.2000,4487.2000,4487.6000,4487.8000,4488.0000,1,1,1,1,1,1,1,1,1,1
SF,IF2103,2020-09-15 09:35:02.100,4483.4000,10058,0,201919920.000,0,-,-,-,-,4481.6000,4481.2000,4480.0000,4478.6000,4478.0000,4485.8000,4486.0000,4486.2000,4487.2000,4487.6000,1,1,1,1,1,1,1,2,1,1
SF,IF2103,2020-09-15 09:35:02.600,4483.4000,10058,0,201919920.000,0,-,-,-,-,4481.6000,4481.2000,4480.0000,4478.6000,4478.0000,4485.6000,4485.8000,4487.6000,4487.8000,4488.0000,1,1,1,1,1,2,2,1,1,1
SF,IF2103,2020-09-15 09:35:03.100,4483.4000,10058,0,201919920.000,0,-,-,-,-,4481.6000,4481.2000,4480.0000,4478.6000,4478.0000,4484.0000,4484.2000,4485.4000,4485.6000,4487.6000,1,1,1,1,1,1,1,2,2,1
SF,IF2103,2020-09-15 09:35:03.600,4483.4000,10058,0,201919920.000,0,-,-,-,-,4481.6000,4481.2000,4480.0000,4478.6000,4478.0000,4483.8000,4484.0000,4484.2000,4484.8000,4485.4000,1,1,1,1,1,1,2,1,1,1
SF,IF2103,2020-09-15 09:35:04.100,4483.4000,10058,0,201919920.000,0,-,-,-,-,4482.6000,4481.6000,4481.2000,4480.0000,4478.6000,4483.8000,4484.0000,4484.2000,4484.8000,4485.4000,1,1,1,1,1,2,1,1,1,1
SF,IF2103,2020-09-15 09:35:04.600,4482.6000,10057,-1,203264700.000,1,0,1,双平,S,4481.6000,4481.2000,4480.0000,4478.6000,4478.0000,4483.6000,4483.8000,4484.2000,4485.4000,4485.6000,1,1,1,1,1,1,1,1,1,1
SF,IF2103,2020-09-15 09:35:05.100,4482.6000,10057,0,203264700.000,0,-,-,-,-,4481.6000,4481.2000,4480.0000,4478.6000,4478.0000,4483.4000,4483.6000,4484.2000,4485.4000,4485.6000,2,1,1,1,1,1,1,1,1,1
SF,IF2103,2020-09-15 09:35:05.600,4483.6000,10056,-1,205954800.000,2,0,2,多平,S,4481.6000,4481.2000,4480.0000,4478.6000,4478.0000,4484.2000,4485.6000,4487.6000,4487.8000,4488.0000,1,1,1,1,1,1,1,1,1,1
SF,IF2103,2020-09-15 09:35:06.100,4483.6000,10056,0,205954800.000,0,-,-,-,-,4481.8000,4481.6000,4481.2000,4480.0000,4478.6000,4487.6000,4487.8000,4488.0000,4489.8000,4491.4000,3,1,1,1,1,1,1,1,2,2
SF,IF2103,2020-09-15 09:35:06.600,4483.6000,10056,0,205954800.000,0,-,-,-,-,4481.8000,4481.2000,4480.0000,4478.6000,4478.0000,4485.6000,4486.4000,4487.4000,4487.6000,4487.8000,3,1,1,1,1,2,1,3,1,1
SF,IF2103,2020-09-15 09:35:07.100,4483.6000,10056,0,205954800.000,0,-,-,-,-,4482.0000,4481.8000,4481.2000,4480.0000,4478.6000,4485.4000,4485.6000,4486.4000,4487.4000,4487.6000,1,3,1,1,1,1,1,1,1,1
SF,IF2103,2020-09-15 09:35:07.600,4483.6000,10056,0,205954800.000,0,-,-,-,-,4482.2000,4482.0000,4481.8000,4481.2000,4480.0000,4485.4000,4485.6000,4486.4000,4487.4000,4487.6000,2,1,1,1,1,1,1,1,1,1
SF,IF2103,2020-09-15 09:35:08.100,4483.6000,10056,0,205954800.000,0,-,-,-,-,4482.2000,4481.8000,4481.2000,4480.0000,4478.6000,4485.4000,4485.6000,4486.4000,4487.4000,4487.6000,2,1,1,1,1,1,1,1,1,1
SF,IF2103,2020-09-15 09:35:08.600,4483.6000,10056,0,205954800.000,0,-,-,-,-,4482.2000,4481.8000,4481.2000,4480.0000,4478.6000,4485.4000,4485.6000,4486.4000,4487.4000,4487.6000,2,1,1,1,1,2,1,1,1,1
SF,IF2103,2020-09-15 09:35:09.100,4483.6000,10056,0,205954800.000,0,-,-,-,-,4482.2000,4481.8000,4481.2000,4480.0000,4478.6000,4485.0000,4485.4000,4486.4000,4487.4000,4487.6000,2,1,1,1,1,3,2,1,1,1
SF,IF2103,2020-09-15 09:35:09.600,4483.6000,10056,0,205954800.000,0,-,-,-,-,4482.2000,4481.2000,4480.0000,4478.6000,4478.0000,4484.6000,4484.8000,4485.0000,4487.0000,4487.4000,2,1,1,1,1,1,2,3,1,1
SF,IF2103,2020-09-15 09:35:10.100,4483.6000,10056,0,205954800.000,0,-,-,-,-,4482.2000,4481.2000,4480.0000,4478.6000,4478.0000,4484.4000,4484.6000,4484.8000,4487.0000,4487.4000,2,1,1,1,1,1,1,1,1,1
SF,IF2103,2020-09-15 09:35:10.600,4483.6000,10056,0,205954800.000,0,-,-,-,-,4482.2000,4481.2000,4480.0000,4478.6000,4478.0000,4484.4000,4484.6000,4487.0000,4487.4000,4487.6000,1,1,1,1,1,2,1,1,1,1
SF,IF2103,2020-09-15 09:35:11.100,4483.6000,10056,0,205954800.000,0,-,-,-,-,4482.2000,4481.2000,4480.0000,4478.6000,4478.0000,4484.2000,4484.4000,4487.0000,4487.4000,4487.6000,1,1,1,1,1,3,2,1,1,1
SF,IF2103,2020-09-15 09:35:11.600,4483.6000,10056,0,205954800.000,0,-,-,-,-,4482.2000,4481.2000,4480.0000,4478.6000,4478.0000,4484.2000,4484.4000,4487.0000,4487.4000,4487.6000,1,1,1,1,1,3,1,1,1,1
SF,IF2103,2020-09-15 09:35:12.100,4483.6000,10056,0,205954800.000,0,-,-,-,-,4482.2000,4481.2000,4480.0000,4478.6000,4478.0000,4484.0000,4484.2000,4484.4000,4487.0000,4487.4000,1,1,1,1,1,1,3,1,1,1
SF,IF2103,2020-09-15 09:35:12.600,4483.6000,10056,0,205954800.000,0,-,-,-,-,4481.2000,4480.0000,4478.6000,4478.0000,4475.0000,4484.0000,4484.2000,4484.4000,4487.0000,4487.4000,1,1,1,1,1,1,3,1,1,1
SF,IF2103,2020-09-15 09:35:13.100,4483.6000,10056,0,205954800.000,0,-,-,-,-,4481.4000,4481.2000,4480.0000,4478.6000,4478.0000,4483.8000,4484.0000,4484.2000,4487.0000,4487.4000,2,1,1,1,1,1,1,3,1,1
SF,IF2103,2020-09-15 09:35:15.100,4483.6000,10056,0,205954800.000,0,-,-,-,-,4481.4000,4481.2000,4480.0000,4478.6000,4478.0000,4483.8000,4484.0000,4487.0000,4487.4000,4487.6000,2,1,1,1,1,1,1,1,1,1
SF,IF2103,2020-09-15 09:35:16.100,4483.6000,10056,0,205954800.000,0,-,-,-,-,4481.4000,4481.2000,4480.0000,4478.6000,4478.0000,4483.6000,4483.8000,4484.0000,4487.0000,4487.4000,2,1,1,1,1,1,2,1,1,1
SF,IF2103,2020-09-15 09:35:16.600,4483.6000,10056,0,207299880.000,1,0,1,多换,S,4481.4000,4481.2000,4480.0000,4478.6000,4478.0000,4483.4000,4483.8000,4487.0000,4487.4000,4487.6000,2,1,1,1,1,3,2,1,1,1
SF,IF2103,2020-09-15 09:35:17.100,4481.4000,10056,0,209988720.000,2,1,1,多换,S,4481.2000,4480.0000,4478.6000,4478.0000,4475.0000,4483.2000,4483.4000,4483.8000,4487.0000,4487.4000,1,1,1,1,1,1,3,1,1,1
SF,IF2103,2020-09-15 09:35:17.600,4481.4000,10056,0,209988720.000,0,-,-,-,-,4481.2000,4480.0000,4478.6000,4478.0000,4475.0000,4483.0000,4483.2000,4483.4000,4487.0000,4487.4000,1,1,1,1,1,1,1,3,1,1
SF,IF2103,2020-09-15 09:35:18.100,4481.4000,10056,0,209988720.000,0,-,-,-,-,4481.2000,4480.0000,4478.6000,4478.0000,4475.0000,4483.0000,4483.4000,4487.0000,4487.4000,4487.6000,1,1,1,1,1,2,3,1,1,1
SF,IF2103,2020-09-15 09:35:18.600,4481.4000,10056,0,209988720.000,0,-,-,-,-,4481.2000,4480.0000,4478.6000,4478.0000,4475.0000,4483.0000,4483.4000,4487.0000,4487.4000,4487.6000,1,1,1,1,1,1,3,1,1,1
SF,IF2103,2020-09-15 09:35:19.600,4481.2000,10055,-1,211333080.000,1,0,1,双平,S,4480.0000,4478.6000,4478.0000,4475.0000,4470.0000,4483.0000,4483.4000,4487.0000,4487.4000,4487.6000,1,1,1,1,12,1,3,1,1,1
SF,IF2103,2020-09-15 09:35:20.100,4481.2000,10055,0,211333080.000,0,-,-,-,-,4480.0000,4478.6000,4478.0000,4475.0000,4470.0000,4482.8000,4483.0000,4483.4000,4487.0000,4487.4000,1,1,1,1,12,2,1,3,1,1
SF,IF2103,2020-09-15 09:35:20.600,4481.2000,10055,0,211333080.000,0,-,-,-,-,4480.0000,4478.6000,4478.0000,4475.0000,4470.0000,4482.6000,4482.8000,4483.4000,4487.0000,4487.4000,2,1,1,1,12,1,2,3,1,1
